{"id": "gen9randombattle-2540726474", "format": "[Gen 9] Random Battle", "players": ["lexjo12345", "Arxz"], "log": "|j|☆lexjo12345\n|j|☆Arxz\n|t:|1771246424\n|gametype|singles\n|player|p1|lexjo12345|liko|2081\n|player|p2|Arxz|hoopster|2152\n|gen|9\n|tier|[Gen 9] Random Battle\n|rated|\n|rule|Species Clause: Limit one of each Pokémon\n|rule|HP Percentage Mod: HP is shown in percentages\n|rule|Sleep Clause Mod: Limit one foe put to sleep\n|rule|Illusion Level Mod: Illusion disguises the Pokémon's true level\n|\n|t:|1771246424\n|teamsize|p1|6\n|teamsize|p2|6\n|start\n|switch|p1a: Espeon|Espeon, L84, F|246/246\n|switch|p2a: Chimecho|Chimecho, L93, F|290/290\n|turn|1\n|inactive|Battle timer is ON: inactive players will automatically lose when time's up. (requested by Arxz)\n|\n|t:|1771246443\n|switch|p1a: Dusknoir|Dusknoir, L89, F|225/225\n|-item|p2a: Chimecho|Leftovers|[from] ability: Frisk|[of] p1a: Dusknoir\n|switch|p2a: Tsareena|Tsareena, L87, F|267/267\n|\n|upkeep\n|turn|2\n|\n|t:|1771246451\n|switch|p2a: Pelipper|Pelipper, L86, M|243/243\n|-weather|RainDance|[from] ability: Drizzle|[of] p2a: Pelipper\n|move|p1a: Dusknoir|Leech Life|p2a: Pelipper\n|-resisted|p2a: Pelipper\n|-damage|p2a: Pelipper|203/243\n|-damage|p1a: Dusknoir|203/225|[from] item: Life Orb\n|\n|-weather|RainDance|[upkeep]\n|upkeep\n|turn|3\n|inactive|lexjo12345 has 120 seconds left.\n|inactive|lexjo12345 has 90 seconds left.\n|inactive|lexjo12345 has 60 seconds left.\n|\n|t:|1771246559\n|move|p2a: Pelipper|Hydro Pump|p1a: Dusknoir\n|-damage|p1a: Dusknoir|71/225\n|move|p1a: Dusknoir|Poltergeist|p2a: Pelipper\n|-activate|p2a: Pelipper|move: Poltergeist|Heavy-Duty Boots\n|-damage|p2a: Pelipper|54/243\n|-damage|p1a: Dusknoir|49/225|[from] item: Life Orb\n|\n|-weather|RainDance|[upkeep]\n|upkeep\n|turn|4\n|\n|t:|1771246586\n|move|p1a: Dusknoir|Shadow Sneak|p2a: Pelipper\n|-damage|p2a: Pelipper|0 fnt\n|faint|p2a: Pelipper\n|-damage|p1a: Dusknoir|27/225|[from] item: Life Orb\n|\n|-weather|RainDance|[upkeep]\n|upkeep\n|\n|t:|1771246590\n|switch|p2a: Tsareena|Tsareena, L87, F|267/267\n|turn|5\n|\n|t:|1771246596\n|move|p2a: Tsareena|Knock Off|p1a: Dusknoir\n|-supereffective|p1a: Dusknoir\n|-damage|p1a: Dusknoir|0 fnt\n|-enditem|p1a: Dusknoir|Life Orb|[from] move: Knock Off|[of] p2a: Tsareena\n|faint|p1a: Dusknoir\n|\n|-weather|RainDance|[upkeep]\n|upkeep\n|\n|t:|1771246599\n|switch|p1a: Vespiquen|Vespiquen, L99, F|299/299\n|-ability|p1a: Vespiquen|Pressure\n|turn|6\n|\n|t:|1771246610\n|switch|p2a: Chimecho|Chimecho, L93, F|290/290\n|move|p1a: Vespiquen|Toxic Spikes|p2a: Chimecho\n|-sidestart|p2: Arxz|move: Toxic Spikes\n|\n|-weather|none\n|upkeep\n|turn|7\n|\n|t:|1771246621\n|switch|p1a: Bronzong|Bronzong, L88|261/261\n|move|p2a: Chimecho|Psychic Noise|p1a: Bronzong\n|-resisted|p1a: Bronzong\n|-damage|p1a: Bronzong|244/261\n|-start|p1a: Bronzong|move: Heal Block\n|\n|upkeep\n|turn|8\n|\n|t:|1771246625\n|switch|p2a: Tsareena|Tsareena, L87, F|267/267\n|move|p1a: Bronzong|Iron Defense|p1a: Bronzong\n|-boost|p1a: Bronzong|def|2\n|\n|-end|p1a: Bronzong|move: Heal Block\n|upkeep\n|turn|9\n|\n|t:|1771246630\n|move|p2a: Tsareena|Knock Off|p1a: Bronzong\n|-supereffective|p1a: Bronzong\n|-damage|p1a: Bronzong|182/261\n|-enditem|p1a: Bronzong|Leftovers|[from] move: Knock Off|[of] p2a: Tsareena\n|move|p1a: Bronzong|Body Press|p2a: Tsareena\n|-damage|p2a: Tsareena|138/267\n|\n|upkeep\n|turn|10\n|\n|t:|1771246634\n|move|p2a: Tsareena|Rapid Spin|p1a: Bronzong\n|-resisted|p1a: Bronzong\n|-damage|p1a: Bronzong|173/261\n|-boost|p2a: Tsareena|spe|1\n|-sideend|p2: Arxz|Toxic Spikes|[from] move: Rapid Spin|[of] p2a: Tsareena\n|move|p1a: Bronzong|Body Press|p2a: Tsareena\n|-damage|p2a: Tsareena|12/267\n|\n|upkeep\n|turn|11\n|\n|t:|1771246638\n|move|p2a: Tsareena|Synthesis|p2a: Tsareena\n|-heal|p2a: Tsareena|145/267\n|move|p1a: Bronzong|Body Press|p2a: Tsareena\n|-damage|p2a: Tsareena|24/267\n|\n|upkeep\n|turn|12\n|\n|t:|1771246642\n|switch|p2a: Golurk|Golurk, L87|297/297\n|move|p1a: Bronzong|Iron Defense|p1a: Bronzong\n|-boost|p1a: Bronzong|def|2\n|\n|upkeep\n|turn|13\n|\n|t:|1771246647\n|move|p2a: Golurk|Dynamic Punch|p1a: Bronzong\n|-damage|p1a: Bronzong|139/261\n|-start|p1a: Bronzong|confusion\n|-activate|p1a: Bronzong|confusion\n|-damage|p1a: Bronzong|130/261|[from] confusion\n|\n|upkeep\n|turn|14\n|\n|t:|1771246653\n|move|p2a: Golurk|Dynamic Punch|p1a: Bronzong\n|-damage|p1a: Bronzong|91/261\n|-activate|p1a: Bronzong|confusion\n|-damage|p1a: Bronzong|83/261|[from] confusion\n|\n|upkeep\n|turn|15\n|\n|t:|1771246659\n|move|p2a: Golurk|Dynamic Punch|p1a: Bronzong\n|-damage|p1a: Bronzong|50/261\n|-activate|p1a: Bronzong|confusion\n|move|p1a: Bronzong|Psychic Noise|p2a: Golurk\n|-damage|p2a: Golurk|215/297\n|-start|p2a: Golurk|move: Heal Block\n|\n|upkeep\n|turn|16\n|\n|t:|1771246661\n|move|p2a: Golurk|Dynamic Punch|p1a: Bronzong\n|-damage|p1a: Bronzong|16/261\n|-end|p1a: Bronzong|confusion\n|move|p1a: Bronzong|Iron Head|p2a: Golurk\n|-damage|p2a: Golurk|116/297\n|\n|-end|p2a: Golurk|move: Heal Block\n|upkeep\n|turn|17\n|\n|t:|1771246664\n|move|p2a: Golurk|Dynamic Punch|p1a: Bronzong\n|-crit|p1a: Bronzong\n|-damage|p1a: Bronzong|0 fnt\n|faint|p1a: Bronzong\n|\n|upkeep\n|\n|t:|1771246670\n|switch|p1a: Espeon|Espeon, L84, F|246/246\n|turn|18\n|\n|t:|1771246677\n|switch|p2a: Tsareena|Tsareena, L87, F|24/267\n|move|p1a: Espeon|Shadow Ball|p2a: Tsareena\n|-damage|p2a: Tsareena|0 fnt\n|faint|p2a: Tsareena\n|-damage|p1a: Espeon|222/246|[from] item: Life Orb\n|\n|upkeep\n|\n|t:|1771246698\n|switch|p2a: Passimian|Passimian, L83, M|302/302\n|turn|19\n|\n|t:|1771246703\n|move|p1a: Espeon|Psychic|p2a: Passimian\n|-supereffective|p2a: Passimian\n|-damage|p2a: Passimian|0 fnt\n|faint|p2a: Passimian\n|-damage|p1a: Espeon|198/246|[from] item: Life Orb\n|\n|upkeep\n|\n|t:|1771246705\n|switch|p2a: Flapple|Flapple, L88, M|266/266\n|turn|20\n|\n|t:|1771246713\n|move|p1a: Espeon|Alluring Voice|p2a: Flapple\n|-supereffective|p2a: Flapple\n|-damage|p2a: Flapple|45/266\n|-damage|p1a: Espeon|174/246|[from] item: Life Orb\n|move|p2a: Flapple|Dragon Dance|p2a: Flapple\n|-boost|p2a: Flapple|atk|1\n|-boost|p2a: Flapple|spe|1\n|\n|upkeep\n|turn|21\n|\n|t:|1771246716\n|move|p2a: Flapple|Grav Apple|p1a: Espeon\n|-crit|p1a: Espeon\n|-damage|p1a: Espeon|0 fnt\n|faint|p1a: Espeon\n|\n|upkeep\n|\n|t:|1771246718\n|switch|p1a: Vespiquen|Vespiquen, L99, F|299/299\n|-ability|p1a: Vespiquen|Pressure\n|turn|22\n|\n|t:|1771246724\n|-terastallize|p2a: Flapple|Fire\n|move|p2a: Flapple|Tera Blast|p1a: Vespiquen|[anim] Tera Blast Fire\n|-supereffective|p1a: Vespiquen\n|-damage|p1a: Vespiquen|0 fnt\n|faint|p1a: Vespiquen\n|\n|upkeep\n|\n|t:|1771246735\n|switch|p1a: Arceus|Arceus-Fairy, L69|280/280\n|turn|23\n|\n|t:|1771246740\n|move|p2a: Flapple|Grav Apple|p1a: Arceus\n|-damage|p1a: Arceus|48/280\n|-unboost|p1a: Arceus|def|1\n|move|p1a: Arceus|Earth Power|p2a: Flapple\n|-supereffective|p2a: Flapple\n|-damage|p2a: Flapple|0 fnt\n|faint|p2a: Flapple\n|\n|upkeep\n|\n|t:|1771246747\n|switch|p2a: Golurk|Golurk, L87|116/297\n|turn|24\n|\n|t:|1771246750\n|move|p1a: Arceus|Judgment|p2a: Golurk\n|-damage|p2a: Golurk|17/297\n|move|p2a: Golurk|Poltergeist|p1a: Arceus\n|-activate|p1a: Arceus|move: Poltergeist|Pixie Plate\n|-damage|p1a: Arceus|0 fnt\n|faint|p1a: Arceus\n|\n|upkeep\n|\n|t:|1771246751\n|switch|p1a: Crabominable|Crabominable, L90, F|321/321\n|turn|25\n|\n|t:|1771246756\n|move|p2a: Golurk|Poltergeist|p1a: Crabominable\n|-activate|p1a: Crabominable|move: Poltergeist|Choice Band\n|-damage|p1a: Crabominable|72/321\n|move|p1a: Crabominable|Ice Hammer|p2a: Golurk\n|-supereffective|p2a: Golurk\n|-damage|p2a: Golurk|0 fnt\n|-unboost|p1a: Crabominable|spe|1\n|faint|p2a: Golurk\n|\n|upkeep\n|\n|t:|1771246762\n|switch|p2a: Chimecho|Chimecho, L93, F|290/290\n|turn|26\n|\n|t:|1771246767\n|move|p2a: Chimecho|Psychic Noise|p1a: Crabominable\n|-supereffective|p1a: Crabominable\n|-damage|p1a: Crabominable|0 fnt\n|faint|p1a: Crabominable\n|\n|win|Arxz\n|raw|lexjo12345's rating: 2081 &rarr; <strong>2065</strong><br />(-16 for losing)\n|raw|Arxz's rating: 2152 &rarr; <strong>2168</strong><br />(+16 for winning)\n", "inputlog": ">version 686819e5e19f8a7fd2345cfc5a08a5085efa2cc3\n>start {\"formatid\":\"gen9randombattle\",\"seed\":\"sodium,22195755345054012657941ddd041593\",\"rated\":\"Rated battle\"}\n>player p1 {\"name\":\"lexjo12345\",\"avatar\":\"liko\",\"rating\":2081,\"seed\":\"sodium,89a68a12b876cf87bd2d48f24e1e1285\"}\n>player p2 {\"name\":\"Arxz\",\"avatar\":\"hoopster\",\"rating\":2152,\"seed\":\"sodium,4ee0b8109d6b58ae797af5ed5bb7af18\"}\n>p1 switch 6\n>p2 switch 3\n>p1 move leechlife\n>p2 switch 5\n>p1 move poltergeist\n>p2 move hydropump\n>p1 move shadowsneak\n>p2 move knockoff\n>p2 switch 5\n>p1 move painsplit\n>p2 move knockoff\n>p1 switch 4\n>p1 move toxicspikes\n>p2 switch 3\n>p1 switch 3\n>p2 move psychicnoise\n>p1 move irondefense\n>p2 switch 3\n>p1 move bodypress\n>p2 move knockoff\n>p1 move bodypress\n>p2 move rapidspin\n>p1 move bodypress\n>p2 move synthesis\n>p1 move irondefense\n>p2 switch 4\n>p1 move irondefense\n>p2 move dynamicpunch\n>p1 move psychicnoise\n>p2 move dynamicpunch\n>p1 move psychicnoise\n>p2 move dynamicpunch\n>p1 move ironhead\n>p2 move dynamicpunch\n>p1 move ironhead\n>p2 move dynamicpunch\n>p1 switch 6\n>p1 move shadowball\n>p2 switch 4\n>p2 switch 6\n>p1 move psychic\n>p2 move gunkshot\n>p2 switch 2\n>p1 move alluringvoice\n>p2 move dragondance\n>p1 move alluringvoice\n>p2 move gravapple\n>p1 switch 3\n>p1 move hurricane\n>p2 move terablast terastallize\n>p1 switch 5\n>p1 move earthpower\n>p2 move gravapple\n>p2 switch 4\n>p1 move judgment\n>p2 move poltergeist\n>p1 switch 2\n>p1 move icehammer\n>p2 move poltergeist\n>p2 switch 3\n>p1 move icehammer\n>p2 move psychicnoise", "uploadtime": 1771246773, "views": 7, "formatid": "gen9randombattle", "rating": 2065, "private": 0, "password": null}