{"id": "gen9randombattle-2540303132", "format": "[Gen 9] Random Battle", "players": ["Neptune Hamster", "mapss"], "log": "|j|☆Neptune Hamster\n|j|☆mapss\n|t:|1771186534\n|gametype|singles\n|player|p1|Neptune Hamster|1|2166\n|player|p2|mapss|rocketgruntf|2087\n|gen|9\n|tier|[Gen 9] Random Battle\n|rated|\n|rule|Species Clause: Limit one of each Pokémon\n|rule|HP Percentage Mod: HP is shown in percentages\n|rule|Sleep Clause Mod: Limit one foe put to sleep\n|rule|Illusion Level Mod: Illusion disguises the Pokémon's true level\n|\n|t:|1771186534\n|teamsize|p1|6\n|teamsize|p2|6\n|start\n|switch|p1a: Garganacl|Garganacl, L80, M|291/291\n|switch|p2a: Chesnaught|Chesnaught, L84, F|285/285\n|turn|1\n|inactive|Battle timer is ON: inactive players will automatically lose when time's up. (requested by mapss)\n|\n|t:|1771186542\n|switch|p1a: Mimikyu|Mimikyu, L79, F|216/216\n|move|p2a: Chesnaught|Wood Hammer|p1a: Mimikyu\n|-activate|p1a: Mimikyu|ability: Disguise\n|-damage|p1a: Mimikyu|216/216\n|detailschange|p1a: Mimikyu|Mimikyu-Busted, L79, F\n|-damage|p1a: Mimikyu|189/216|[from] pokemon: Mimikyu-Busted\n|\n|upkeep\n|turn|2\n|\n|t:|1771186550\n|switch|p2a: Revavroom|Revavroom, L79, M|256/256\n|move|p1a: Mimikyu|Play Rough|p2a: Revavroom\n|-resisted|p2a: Revavroom\n|-damage|p2a: Revavroom|229/256\n|-damage|p1a: Mimikyu|168/216|[from] item: Life Orb\n|\n|upkeep\n|turn|3\n|\n|t:|1771186556\n|switch|p1a: Palossand|Palossand, L89, M|296/296\n|move|p2a: Revavroom|Iron Head|p1a: Palossand\n|-damage|p1a: Palossand|206/296\n|-damage|p2a: Revavroom|204/256|[from] item: Life Orb\n|\n|-heal|p1a: Palossand|224/296|[from] item: Leftovers\n|upkeep\n|turn|4\n|\n|t:|1771186561\n|switch|p2a: Chesnaught|Chesnaught, L84, F|285/285\n|move|p1a: Palossand|Sludge Bomb|p2a: Chesnaught\n|-immune|p2a: Chesnaught|[from] ability: Bulletproof\n|\n|-heal|p1a: Palossand|242/296|[from] item: Leftovers\n|upkeep\n|turn|5\n|\n|t:|1771186572\n|switch|p1a: Mimikyu|Mimikyu-Busted, L79, F|168/216\n|move|p2a: Chesnaught|Knock Off|p1a: Mimikyu\n|-damage|p1a: Mimikyu|83/216\n|-enditem|p1a: Mimikyu|Life Orb|[from] move: Knock Off|[of] p2a: Chesnaught\n|\n|upkeep\n|turn|6\n|\n|t:|1771186580\n|switch|p2a: Revavroom|Revavroom, L79, M|204/256\n|move|p1a: Mimikyu|Play Rough|p2a: Revavroom\n|-resisted|p2a: Revavroom\n|-damage|p2a: Revavroom|185/256\n|\n|upkeep\n|turn|7\n|\n|t:|1771186590\n|move|p1a: Mimikyu|Shadow Claw|p2a: Revavroom\n|-crit|p2a: Revavroom\n|-damage|p2a: Revavroom|86/256\n|move|p2a: Revavroom|Gunk Shot|p1a: Mimikyu\n|-damage|p1a: Mimikyu|0 fnt\n|faint|p1a: Mimikyu\n|-damage|p2a: Revavroom|61/256|[from] item: Life Orb\n|\n|upkeep\n|\n|t:|1771186599\n|switch|p1a: Meowscarada|Meowscarada, L78, F|247/247\n|turn|8\n|\n|t:|1771186604\n|move|p1a: Meowscarada|Toxic Spikes|p2a: Revavroom\n|-start|p1a: Meowscarada|typechange|Poison|[from] ability: Protean\n|-sidestart|p2: mapss|move: Toxic Spikes\n|move|p2a: Revavroom|Iron Head|p1a: Meowscarada\n|-damage|p1a: Meowscarada|113/247\n|-damage|p2a: Revavroom|36/256|[from] item: Life Orb\n|\n|upkeep\n|turn|9\n|\n|t:|1771186612\n|switch|p2a: Pikachu|Pikachu-Original, L93, M|216/216\n|-status|p2a: Pikachu|psn\n|move|p1a: Meowscarada|Knock Off|p2a: Pikachu\n|-damage|p2a: Pikachu|122/216 psn\n|-enditem|p2a: Pikachu|Light Ball|[from] move: Knock Off|[of] p1a: Meowscarada\n|\n|-damage|p2a: Pikachu|95/216 psn|[from] psn\n|upkeep\n|turn|10\n|\n|t:|1771186618\n|switch|p1a: Palossand|Palossand, L89, M|242/296\n|move|p2a: Pikachu|Fake Out|p1a: Palossand\n|-immune|p1a: Palossand\n|\n|-heal|p1a: Palossand|260/296|[from] item: Leftovers\n|-damage|p2a: Pikachu|68/216 psn|[from] psn\n|upkeep\n|turn|11\n|\n|t:|1771186627\n|switch|p2a: Revavroom|Revavroom, L79, M|36/256\n|-sideend|p2: mapss|move: Toxic Spikes|[of] p2a: Revavroom\n|move|p1a: Palossand|Shore Up|p1a: Palossand\n|-heal|p1a: Palossand|296/296\n|\n|upkeep\n|turn|12\n|\n|t:|1771186633\n|switch|p2a: Chesnaught|Chesnaught, L84, F|285/285\n|move|p1a: Palossand|Earth Power|p2a: Chesnaught\n|-resisted|p2a: Chesnaught\n|-damage|p2a: Chesnaught|219/285\n|-unboost|p2a: Chesnaught|spd|1\n|\n|-heal|p2a: Chesnaught|236/285|[from] item: Leftovers\n|upkeep\n|turn|13\n|\n|t:|1771186639\n|switch|p1a: Meowscarada|Meowscarada, L78, F|113/247\n|move|p2a: Chesnaught|Knock Off|p1a: Meowscarada\n|-resisted|p1a: Meowscarada\n|-damage|p1a: Meowscarada|64/247\n|-enditem|p1a: Meowscarada|Heavy-Duty Boots|[from] move: Knock Off|[of] p2a: Chesnaught\n|\n|-heal|p2a: Chesnaught|253/285|[from] item: Leftovers\n|upkeep\n|turn|14\n|\n|t:|1771186645\n|move|p1a: Meowscarada|Toxic Spikes|p2a: Chesnaught\n|-start|p1a: Meowscarada|typechange|Poison|[from] ability: Protean\n|-sidestart|p2: mapss|move: Toxic Spikes\n|move|p2a: Chesnaught|Body Press|p1a: Meowscarada\n|-resisted|p1a: Meowscarada\n|-damage|p1a: Meowscarada|0 fnt\n|faint|p1a: Meowscarada\n|\n|-heal|p2a: Chesnaught|270/285|[from] item: Leftovers\n|upkeep\n|\n|t:|1771186649\n|switch|p1a: Mew|Mew, L82|298/298\n|turn|15\n|\n|t:|1771186654\n|switch|p2a: Revavroom|Revavroom, L79, M|36/256\n|-sideend|p2: mapss|move: Toxic Spikes|[of] p2a: Revavroom\n|move|p1a: Mew|Fire Blast|p2a: Revavroom\n|-supereffective|p2a: Revavroom\n|-damage|p2a: Revavroom|0 fnt\n|faint|p2a: Revavroom\n|-damage|p1a: Mew|269/298|[from] item: Life Orb\n|\n|upkeep\n|\n|t:|1771186656\n|switch|p2a: Pikachu|Pikachu-Original, L93, M|68/216 psn\n|turn|16\n|\n|t:|1771186661\n|switch|p1a: Palossand|Palossand, L89, M|296/296\n|move|p2a: Pikachu|Volt Tackle|p1a: Palossand\n|-immune|p1a: Palossand\n|\n|-damage|p2a: Pikachu|41/216 psn|[from] psn\n|upkeep\n|turn|17\n|\n|t:|1771186667\n|switch|p2a: Chesnaught|Chesnaught, L84, F|270/285\n|move|p1a: Palossand|Shore Up|p1a: Palossand\n|-fail|p1a: Palossand|heal\n|\n|-heal|p2a: Chesnaught|285/285|[from] item: Leftovers\n|upkeep\n|turn|18\n|\n|t:|1771186675\n|move|p2a: Chesnaught|Knock Off|p1a: Palossand\n|-supereffective|p1a: Palossand\n|-damage|p1a: Palossand|168/296\n|-enditem|p1a: Palossand|Leftovers|[from] move: Knock Off|[of] p2a: Chesnaught\n|move|p1a: Palossand|Shore Up|p1a: Palossand\n|-heal|p1a: Palossand|296/296\n|\n|upkeep\n|turn|19\n|\n|t:|1771186684\n|move|p2a: Chesnaught|Wood Hammer|p1a: Palossand\n|-supereffective|p1a: Palossand\n|-damage|p1a: Palossand|62/296\n|-damage|p2a: Chesnaught|208/285|[from] Recoil\n|move|p1a: Palossand|Earth Power|p2a: Chesnaught\n|-resisted|p2a: Chesnaught\n|-damage|p2a: Chesnaught|152/285\n|\n|-heal|p2a: Chesnaught|169/285|[from] item: Leftovers\n|upkeep\n|turn|20\n|inactive|Neptune Hamster has 120 seconds left.\n|\n|t:|1771186727\n|move|p2a: Chesnaught|Knock Off|p1a: Palossand\n|-supereffective|p1a: Palossand\n|-damage|p1a: Palossand|0 fnt\n|faint|p1a: Palossand\n|\n|-heal|p2a: Chesnaught|186/285|[from] item: Leftovers\n|upkeep\n|\n|t:|1771186730\n|switch|p1a: Mew|Mew, L82|269/298\n|turn|21\n|\n|t:|1771186733\n|switch|p2a: Pikachu|Pikachu-Original, L93, M|41/216 psn\n|move|p1a: Mew|Fire Blast|p2a: Pikachu\n|-damage|p2a: Pikachu|0 fnt\n|faint|p2a: Pikachu\n|-damage|p1a: Mew|240/298|[from] item: Life Orb\n|\n|upkeep\n|\n|t:|1771186740\n|switch|p2a: Lilligant|Lilligant, L86, F|261/261\n|turn|22\n|\n|t:|1771186748\n|-terastallize|p1a: Mew|Fire\n|move|p1a: Mew|Fire Blast|p2a: Lilligant\n|-supereffective|p2a: Lilligant\n|-damage|p2a: Lilligant|0 fnt\n|faint|p2a: Lilligant\n|-damage|p1a: Mew|211/298|[from] item: Life Orb\n|\n|upkeep\n|\n|t:|1771186754\n|switch|p2a: Minior|Minior-Violet, L79|224/224\n|-formechange|p2a: Minior|Minior-Meteor||[from] ability: Shields Down\n|turn|23\n|\n|t:|1771186761\n|switch|p1a: Garganacl|Garganacl, L80, M|291/291\n|move|p2a: Minior|Shell Smash|p2a: Minior\n|-unboost|p2a: Minior|def|1\n|-unboost|p2a: Minior|spd|1\n|-boost|p2a: Minior|atk|2\n|-boost|p2a: Minior|spa|2\n|-boost|p2a: Minior|spe|2\n|-enditem|p2a: Minior|White Herb\n|-clearnegativeboost|p2a: Minior|[silent]\n|\n|upkeep\n|turn|24\n|\n|t:|1771186768\n|move|p2a: Minior|Earthquake|p1a: Garganacl\n|-supereffective|p1a: Garganacl\n|-damage|p1a: Garganacl|155/291\n|move|p1a: Garganacl|Salt Cure|p2a: Minior\n|-supereffective|p2a: Minior\n|-damage|p2a: Minior|144/224\n|-start|p2a: Minior|Salt Cure\n|\n|-heal|p1a: Garganacl|173/291|[from] item: Leftovers\n|-damage|p2a: Minior|116/224|[from] Salt Cure\n|upkeep\n|turn|25\n|\n|t:|1771186776\n|move|p2a: Minior|Earthquake|p1a: Garganacl\n|-supereffective|p1a: Garganacl\n|-damage|p1a: Garganacl|37/291\n|move|p1a: Garganacl|Salt Cure|p2a: Minior\n|-supereffective|p2a: Minior\n|-damage|p2a: Minior|38/224\n|\n|-heal|p1a: Garganacl|55/291|[from] item: Leftovers\n|-damage|p2a: Minior|10/224|[from] Salt Cure\n|-formechange|p2a: Minior|Minior-Violet||[from] ability: Shields Down\n|upkeep\n|turn|26\n|\n|t:|1771186782\n|move|p1a: Garganacl|Protect|p1a: Garganacl\n|-singleturn|p1a: Garganacl|Protect\n|move|p2a: Minior|Power Gem|p1a: Garganacl\n|-activate|p1a: Garganacl|move: Protect\n|\n|-heal|p1a: Garganacl|73/291|[from] item: Leftovers\n|-damage|p2a: Minior|0 fnt|[from] Salt Cure\n|faint|p2a: Minior\n|upkeep\n|\n|t:|1771186793\n|switch|p2a: Chesnaught|Chesnaught, L84, F|186/285\n|turn|27\n|\n|t:|1771186797\n|move|p2a: Chesnaught|Wood Hammer|p1a: Garganacl\n|-supereffective|p1a: Garganacl\n|-damage|p1a: Garganacl|0 fnt\n|faint|p1a: Garganacl\n|-damage|p2a: Chesnaught|162/285|[from] Recoil\n|\n|-heal|p2a: Chesnaught|179/285|[from] item: Leftovers\n|upkeep\n|\n|t:|1771186801\n|switch|p1a: Mew|Mew, L82, tera:Fire|211/298\n|turn|28\n|\n|t:|1771186808\n|-terastallize|p2a: Chesnaught|Water\n|move|p1a: Mew|Fire Blast|p2a: Chesnaught\n|-resisted|p2a: Chesnaught\n|-damage|p2a: Chesnaught|93/285\n|-damage|p1a: Mew|182/298|[from] item: Life Orb\n|move|p2a: Chesnaught|Synthesis|p2a: Chesnaught\n|-heal|p2a: Chesnaught|235/285\n|\n|-heal|p2a: Chesnaught|252/285|[from] item: Leftovers\n|upkeep\n|turn|29\n|\n|t:|1771186815\n|move|p1a: Mew|Nasty Plot|p1a: Mew\n|-boost|p1a: Mew|spa|2\n|move|p2a: Chesnaught|Synthesis|p2a: Chesnaught\n|-heal|p2a: Chesnaught|285/285\n|\n|upkeep\n|turn|30\n|\n|t:|1771186819\n|move|p1a: Mew|Psyshock|p2a: Chesnaught\n|-damage|p2a: Chesnaught|128/285\n|-damage|p1a: Mew|153/298|[from] item: Life Orb\n|move|p2a: Chesnaught|Knock Off|p1a: Mew\n|-crit|p1a: Mew\n|-damage|p1a: Mew|55/298\n|-enditem|p1a: Mew|Life Orb|[from] move: Knock Off|[of] p2a: Chesnaught\n|\n|-heal|p2a: Chesnaught|145/285|[from] item: Leftovers\n|upkeep\n|turn|31\n|\n|t:|1771186825\n|move|p1a: Mew|Psyshock|p2a: Chesnaught\n|-damage|p2a: Chesnaught|18/285\n|move|p2a: Chesnaught|Synthesis|p2a: Chesnaught\n|-heal|p2a: Chesnaught|160/285\n|\n|-heal|p2a: Chesnaught|177/285|[from] item: Leftovers\n|upkeep\n|turn|32\n|\n|t:|1771186830\n|move|p1a: Mew|Dark Pulse|p2a: Chesnaught\n|-damage|p2a: Chesnaught|64/285\n|move|p2a: Chesnaught|Body Press|p1a: Mew\n|-damage|p1a: Mew|0 fnt\n|faint|p1a: Mew\n|\n|-heal|p2a: Chesnaught|81/285|[from] item: Leftovers\n|upkeep\n|\n|t:|1771186834\n|switch|p1a: Regieleki|Regieleki, L79|256/256\n|turn|33\n|\n|t:|1771186838\n|move|p1a: Regieleki|Thunderbolt|p2a: Chesnaught\n|-supereffective|p2a: Chesnaught\n|-damage|p2a: Chesnaught|0 fnt\n|faint|p2a: Chesnaught\n|\n|upkeep\n|\n|t:|1771186840\n|switch|p2a: Polteageist|Polteageist-Antique, L78|222/222\n|turn|34\n|\n|t:|1771186848\n|move|p1a: Regieleki|Thunderbolt|p2a: Polteageist\n|-damage|p2a: Polteageist|104/222\n|move|p2a: Polteageist|Shadow Ball|p1a: Regieleki\n|-damage|p1a: Regieleki|108/256\n|-unboost|p1a: Regieleki|spd|1\n|\n|upkeep\n|turn|35\n|\n|t:|1771186853\n|move|p1a: Regieleki|Thunderbolt|p2a: Polteageist\n|-damage|p2a: Polteageist|0 fnt\n|faint|p2a: Polteageist\n|\n|win|Neptune Hamster\n|raw|Neptune Hamster's rating: 2166 &rarr; <strong>2182</strong><br />(+16 for winning)\n|raw|mapss's rating: 2087 &rarr; <strong>2071</strong><br />(-16 for losing)\n|l|☆mapss\n|player|p2|\n", "inputlog": ">version 686819e5e19f8a7fd2345cfc5a08a5085efa2cc3\n>start {\"formatid\":\"gen9randombattle\",\"seed\":\"sodium,f31e206938658004093f7b23434a40f9\",\"rated\":\"Rated battle\"}\n>player p1 {\"name\":\"Neptune Hamster\",\"avatar\":\"1\",\"rating\":2166,\"seed\":\"sodium,60c137420109bd30f2ebecfa4e5031c8\"}\n>player p2 {\"name\":\"mapss\",\"avatar\":\"rocketgruntf\",\"rating\":2087,\"seed\":\"sodium,eab028c7233d302c22e279febe30340f\"}\n>p1 switch 2\n>p2 move woodhammer\n>p1 move playrough\n>p2 switch 2\n>p1 switch 4\n>p2 move ironhead\n>p1 move sludgebomb\n>p2 switch 2\n>p1 switch 4\n>p2 move knockoff\n>p1 move playrough\n>p2 switch 2\n>p1 move shadowclaw\n>p2 move gunkshot\n>p1 switch 5\n>p1 move toxicspikes\n>p2 move ironhead\n>p1 move knockoff\n>p2 switch 5\n>p1 switch 4\n>p2 move fakeout\n>p1 move shoreup\n>p2 switch 5\n>p1 move earthpower\n>p2 switch 2\n>p1 switch 4\n>p2 move knockoff\n>p1 move toxicspikes\n>p2 move bodypress\n>p1 switch 6\n>p1 move fireblast\n>p2 switch 2\n>p2 switch 5\n>p1 switch 4\n>p2 move volttackle\n>p1 move shoreup\n>p2 switch 2\n>p1 move shoreup\n>p2 move knockoff\n>p1 move earthpower\n>p2 move woodhammer\n>p1 move shoreup\n>p2 move knockoff\n>p1 switch 4\n>p1 move fireblast\n>p2 switch 2\n>p2 switch 3\n>p1 move fireblast terastallize\n>p2 move quiverdance\n>p2 switch 4\n>p1 switch 2\n>p2 move shellsmash\n>p1 move saltcure\n>p2 move earthquake\n>p1 move saltcure\n>p2 move earthquake\n>p1 move protect\n>p2 move powergem\n>p2 switch 2\n>p1 move stealthrock\n>p2 move woodhammer\n>p1 switch 2\n>p1 move fireblast\n>p2 move synthesis terastallize\n>p1 move nastyplot\n>p2 move synthesis\n>p1 move psyshock\n>p2 move knockoff\n>p1 move psyshock\n>p2 move synthesis\n>p1 move darkpulse\n>p2 move bodypress\n>p1 switch 3\n>p1 move thunderbolt\n>p2 move woodhammer\n>p2 switch 6\n>p1 move thunderbolt\n>p2 move shadowball\n>p1 move thunderbolt\n>p2 move shadowball", "uploadtime": 1771186857, "views": 10, "formatid": "gen9randombattle", "rating": 2071, "private": 0, "password": null}