{"id": "gen9randombattle-2540612150", "format": "[Gen 9] Random Battle", "players": ["wwwbbbddd", "TangrowthGrotto"], "log": "|j|☆wwwbbbddd\n|j|☆TangrowthGrotto\n|t:|1771227140\n|gametype|singles\n|player|p1|wwwbbbddd|pokekid|1598\n|player|p2|TangrowthGrotto|brycenman|1590\n|gen|9\n|tier|[Gen 9] Random Battle\n|rated|\n|rule|Species Clause: Limit one of each Pokémon\n|rule|HP Percentage Mod: HP is shown in percentages\n|rule|Sleep Clause Mod: Limit one foe put to sleep\n|rule|Illusion Level Mod: Illusion disguises the Pokémon's true level\n|\n|t:|1771227140\n|teamsize|p1|6\n|teamsize|p2|6\n|start\n|switch|p1a: Hariyama|Hariyama, L87, F|392/392\n|switch|p2a: Farigiraf|Farigiraf, L91, F|366/366\n|turn|1\n|inactive|Battle timer is ON: inactive players will automatically lose when time's up. (requested by wwwbbbddd)\n|\n|t:|1771227158\n|switch|p1a: Lokix|Lokix, L82, M|251/251\n|move|p2a: Farigiraf|Psychic Noise|p1a: Lokix\n|-immune|p1a: Lokix\n|\n|upkeep\n|turn|2\n|\n|t:|1771227164\n|move|p2a: Farigiraf|Protect|p2a: Farigiraf\n|-singleturn|p2a: Farigiraf|Protect\n|move|p1a: Lokix|First Impression|p2a: Farigiraf\n|-activate|p2a: Farigiraf|move: Protect\n|\n|upkeep\n|turn|3\n|\n|t:|1771227176\n|switch|p2a: Comfey|Comfey, L85, F|225/225\n|move|p1a: Lokix|Knock Off|p2a: Comfey\n|-resisted|p2a: Comfey\n|-damage|p2a: Comfey|121/225\n|-enditem|p2a: Comfey|Leftovers|[from] move: Knock Off|[of] p1a: Lokix\n|\n|upkeep\n|turn|4\n|\n|t:|1771227191\n|switch|p1a: Entei|Entei, L78|307/307\n|move|p2a: Comfey|Draining Kiss|p1a: Entei\n|-resisted|p1a: Entei\n|-damage|p1a: Entei|279/307\n|-heal|p2a: Comfey|142/225|[from] drain|[of] p1a: Entei\n|\n|upkeep\n|turn|5\n|\n|t:|1771227202\n|switch|p2a: Farigiraf|Farigiraf, L91, F|366/366\n|move|p1a: Entei|Flare Blitz|p2a: Farigiraf\n|-damage|p2a: Farigiraf|167/366\n|-damage|p1a: Entei|213/307|[from] Recoil\n|\n|-heal|p2a: Farigiraf|189/366|[from] item: Leftovers\n|upkeep\n|turn|6\n|\n|t:|1771227208\n|move|p1a: Entei|Flare Blitz|p2a: Farigiraf\n|-damage|p2a: Farigiraf|0 fnt\n|faint|p2a: Farigiraf\n|-damage|p1a: Entei|151/307|[from] Recoil\n|\n|upkeep\n|\n|t:|1771227218\n|switch|p2a: Kommo-o|Kommo-o, L78, F|245/245\n|turn|7\n|\n|t:|1771227226\n|switch|p1a: Volbeat|Volbeat, L90, M|263/263\n|move|p2a: Kommo-o|Swords Dance|p2a: Kommo-o\n|-boost|p2a: Kommo-o|atk|2\n|\n|upkeep\n|turn|8\n|\n|t:|1771227231\n|switch|p2a: Copperajah|Copperajah, L86, M|350/350\n|move|p1a: Volbeat|Encore||[still]\n|-fail|p1a: Volbeat\n|\n|upkeep\n|turn|9\n|\n|t:|1771227249\n|switch|p1a: Palossand|Palossand, L89, F|296/296\n|move|p2a: Copperajah|Stealth Rock|p1a: Palossand\n|-sidestart|p1: wwwbbbddd|move: Stealth Rock\n|\n|upkeep\n|turn|10\n|\n|t:|1771227257\n|switch|p2a: Rillaboom|Rillaboom, L79, F|288/288\n|-fieldstart|move: Grassy Terrain|[from] ability: Grassy Surge|[of] p2a: Rillaboom\n|move|p1a: Palossand|Earth Power|p2a: Rillaboom\n|-resisted|p2a: Rillaboom\n|-damage|p2a: Rillaboom|218/288\n|\n|-heal|p2a: Rillaboom|236/288|[from] Grassy Terrain\n|upkeep\n|turn|11\n|inactive|wwwbbbddd has 120 seconds left.\n|\n|t:|1771227301\n|switch|p1a: Eternatus|Eternatus, L69|308/308\n|-damage|p1a: Eternatus|270/308|[from] Stealth Rock\n|-ability|p1a: Eternatus|Pressure\n|move|p2a: Rillaboom|Knock Off|p1a: Eternatus\n|-damage|p1a: Eternatus|152/308\n|-enditem|p1a: Eternatus|Leftovers|[from] move: Knock Off|[of] p2a: Rillaboom\n|\n|-heal|p1a: Eternatus|171/308|[from] Grassy Terrain\n|-heal|p2a: Rillaboom|254/288|[from] Grassy Terrain\n|upkeep\n|turn|12\n|\n|t:|1771227314\n|switch|p2a: Copperajah|Copperajah, L86, M|350/350\n|move|p1a: Eternatus|Flamethrower|p2a: Copperajah\n|-supereffective|p2a: Copperajah\n|-damage|p2a: Copperajah|220/350\n|\n|-heal|p1a: Eternatus|190/308|[from] Grassy Terrain\n|-heal|p2a: Copperajah|241/350|[from] Grassy Terrain\n|upkeep\n|turn|13\n|\n|t:|1771227329\n|move|p1a: Eternatus|Toxic Spikes|p2a: Copperajah\n|-sidestart|p2: TangrowthGrotto|move: Toxic Spikes\n|move|p2a: Copperajah|Earthquake|p1a: Eternatus\n|-supereffective|p1a: Eternatus\n|-damage|p1a: Eternatus|44/308\n|-damage|p2a: Copperajah|206/350|[from] item: Life Orb\n|\n|-heal|p1a: Eternatus|63/308|[from] Grassy Terrain\n|-heal|p2a: Copperajah|227/350|[from] Grassy Terrain\n|upkeep\n|turn|14\n|\n|t:|1771227340\n|move|p1a: Eternatus|Flamethrower|p2a: Copperajah\n|-supereffective|p2a: Copperajah\n|-damage|p2a: Copperajah|95/350\n|move|p2a: Copperajah|Iron Head|p1a: Eternatus\n|-damage|p1a: Eternatus|0 fnt\n|faint|p1a: Eternatus\n|\n|-heal|p2a: Copperajah|116/350|[from] Grassy Terrain\n|-fieldend|move: Grassy Terrain\n|upkeep\n|\n|t:|1771227353\n|switch|p1a: Palossand|Palossand, L89, F|296/296\n|-damage|p1a: Palossand|278/296|[from] Stealth Rock\n|turn|15\n|\n|t:|1771227355\n|switch|p2a: Rillaboom|Rillaboom, L79, F|254/288\n|-status|p2a: Rillaboom|psn\n|-fieldstart|move: Grassy Terrain|[from] ability: Grassy Surge|[of] p2a: Rillaboom\n|move|p1a: Palossand|Shadow Ball|p2a: Rillaboom\n|-damage|p2a: Rillaboom|139/288 psn\n|\n|-heal|p2a: Rillaboom|157/288 psn|[from] Grassy Terrain\n|-heal|p1a: Palossand|296/296|[from] Grassy Terrain\n|-damage|p2a: Rillaboom|121/288 psn|[from] psn\n|upkeep\n|turn|16\n|inactive|wwwbbbddd has 120 seconds left.\n|\n|t:|1771227375\n|move|p2a: Rillaboom|U-turn|p1a: Palossand\n|-resisted|p1a: Palossand\n|-damage|p1a: Palossand|264/296\n|\n|t:|1771227379\n|switch|p2a: Copperajah|Copperajah, L86, M|116/350|[from] U-turn\n|move|p1a: Palossand|Shadow Ball|p2a: Copperajah\n|-damage|p2a: Copperajah|11/350\n|\n|-heal|p1a: Palossand|282/296|[from] Grassy Terrain\n|-heal|p1a: Palossand|296/296|[from] item: Leftovers\n|-heal|p2a: Copperajah|32/350|[from] Grassy Terrain\n|upkeep\n|turn|17\n|inactive|wwwbbbddd has 120 seconds left.\n|\n|t:|1771227390\n|move|p1a: Palossand|Shadow Ball|p2a: Copperajah\n|-damage|p2a: Copperajah|0 fnt\n|faint|p2a: Copperajah\n|\n|upkeep\n|\n|t:|1771227393\n|switch|p2a: Rillaboom|Rillaboom, L79, F|121/288 psn\n|turn|18\n|\n|t:|1771227406\n|move|p2a: Rillaboom|Wood Hammer|p1a: Palossand\n|-supereffective|p1a: Palossand\n|-damage|p1a: Palossand|0 fnt\n|faint|p1a: Palossand\n|-damage|p2a: Rillaboom|23/288 psn|[from] Recoil\n|\n|-heal|p2a: Rillaboom|41/288 psn|[from] Grassy Terrain\n|-damage|p2a: Rillaboom|5/288 psn|[from] psn\n|upkeep\n|inactive|wwwbbbddd has 120 seconds left.\n|\n|t:|1771227421\n|switch|p1a: Entei|Entei, L78|151/307\n|-damage|p1a: Entei|75/307|[from] Stealth Rock\n|turn|19\n|\n|t:|1771227429\n|move|p1a: Entei|Extreme Speed|p2a: Rillaboom\n|-damage|p2a: Rillaboom|0 fnt\n|faint|p2a: Rillaboom\n|\n|-heal|p1a: Entei|94/307|[from] Grassy Terrain\n|-fieldend|move: Grassy Terrain\n|upkeep\n|\n|t:|1771227434\n|switch|p2a: Kommo-o|Kommo-o, L78, F|245/245\n|-status|p2a: Kommo-o|psn\n|turn|20\n|\n|t:|1771227440\n|-terastallize|p1a: Entei|Normal\n|move|p1a: Entei|Extreme Speed|p2a: Kommo-o\n|-damage|p2a: Kommo-o|143/245 psn\n|move|p2a: Kommo-o|Scale Shot|p1a: Entei\n|-damage|p1a: Entei|64/307\n|-damage|p1a: Entei|36/307\n|-damage|p1a: Entei|6/307\n|-damage|p1a: Entei|0 fnt\n|faint|p1a: Entei\n|-hitcount|p1: Entei|4\n|-unboost|p2a: Kommo-o|def|1\n|-boost|p2a: Kommo-o|spe|1\n|\n|-damage|p2a: Kommo-o|113/245 psn|[from] psn\n|upkeep\n|\n|t:|1771227453\n|switch|p1a: Lokix|Lokix, L82, M|251/251\n|-damage|p1a: Lokix|189/251|[from] Stealth Rock\n|turn|21\n|\n|t:|1771227456\n|move|p1a: Lokix|First Impression|p2a: Kommo-o\n|-resisted|p2a: Kommo-o\n|-damage|p2a: Kommo-o|0 fnt\n|faint|p2a: Kommo-o\n|\n|upkeep\n|\n|t:|1771227460\n|switch|p2a: Comfey|Comfey, L85, F|142/225\n|-status|p2a: Comfey|psn\n|turn|22\n|inactive|wwwbbbddd has 120 seconds left.\n|\n|t:|1771227491\n|switch|p1a: Volbeat|Volbeat, L90, M|263/263\n|move|p2a: Comfey|Draining Kiss|p1a: Volbeat\n|-damage|p1a: Volbeat|218/263\n|-heal|p2a: Comfey|176/225 psn|[from] drain|[of] p1a: Volbeat\n|\n|-damage|p2a: Comfey|148/225 psn|[from] psn\n|upkeep\n|turn|23\n|inactive|wwwbbbddd has 120 seconds left.\n|\n|t:|1771227507\n|move|p2a: Comfey|Draining Kiss|p1a: Volbeat\n|-damage|p1a: Volbeat|175/263\n|-heal|p2a: Comfey|180/225 psn|[from] drain|[of] p1a: Volbeat\n|move|p1a: Volbeat|U-turn|p2a: Comfey\n|-resisted|p2a: Comfey\n|-damage|p2a: Comfey|144/225 psn\n|\n|t:|1771227517\n|switch|p1a: Lokix|Lokix, L82, M|189/251|[from] U-turn\n|-damage|p1a: Lokix|127/251|[from] Stealth Rock\n|\n|-damage|p2a: Comfey|116/225 psn|[from] psn\n|upkeep\n|turn|24\n|\n|t:|1771227521\n|move|p2a: Comfey|Draining Kiss|p1a: Lokix\n|-supereffective|p1a: Lokix\n|-damage|p1a: Lokix|0 fnt\n|-heal|p2a: Comfey|211/225 psn|[from] drain|[of] p1a: Lokix\n|faint|p1a: Lokix\n|\n|-damage|p2a: Comfey|183/225 psn|[from] psn\n|upkeep\n|\n|t:|1771227524\n|switch|p1a: Hariyama|Hariyama, L87, F|392/392\n|-damage|p1a: Hariyama|368/392|[from] Stealth Rock\n|turn|25\n|\n|t:|1771227529\n|move|p2a: Comfey|Draining Kiss|p1a: Hariyama\n|-supereffective|p1a: Hariyama\n|-damage|p1a: Hariyama|290/392\n|-heal|p2a: Comfey|225/225 psn|[from] drain|[of] p1a: Hariyama\n|move|p1a: Hariyama|Heavy Slam|p2a: Comfey\n|-supereffective|p2a: Comfey\n|-damage|p2a: Comfey|33/225 psn\n|\n|-damage|p2a: Comfey|5/225 psn|[from] psn\n|upkeep\n|turn|26\n|\n|t:|1771227542\n|switch|p1a: Volbeat|Volbeat, L90, M|175/263\n|move|p2a: Comfey|Draining Kiss|p1a: Volbeat\n|-damage|p1a: Volbeat|129/263\n|-heal|p2a: Comfey|40/225 psn|[from] drain|[of] p1a: Volbeat\n|\n|-damage|p2a: Comfey|12/225 psn|[from] psn\n|upkeep\n|turn|27\n|inactive|wwwbbbddd has 120 seconds left.\n|\n|t:|1771227593\n|move|p2a: Comfey|Draining Kiss|p1a: Volbeat\n|-damage|p1a: Volbeat|86/263\n|-heal|p2a: Comfey|44/225 psn|[from] drain|[of] p1a: Volbeat\n|move|p1a: Volbeat|Roost|p1a: Volbeat\n|-heal|p1a: Volbeat|218/263\n|-singleturn|p1a: Volbeat|move: Roost\n|\n|-damage|p2a: Comfey|16/225 psn|[from] psn\n|upkeep\n|turn|28\n|\n|t:|1771227600\n|move|p2a: Comfey|Draining Kiss|p1a: Volbeat\n|-damage|p1a: Volbeat|169/263\n|-heal|p2a: Comfey|53/225 psn|[from] drain|[of] p1a: Volbeat\n|move|p1a: Volbeat|Roost|p1a: Volbeat\n|-heal|p1a: Volbeat|263/263\n|-singleturn|p1a: Volbeat|move: Roost\n|\n|-damage|p2a: Comfey|25/225 psn|[from] psn\n|upkeep\n|turn|29\n|\n|t:|1771227602\n|move|p2a: Comfey|Draining Kiss|p1a: Volbeat\n|-damage|p1a: Volbeat|214/263\n|-heal|p2a: Comfey|62/225 psn|[from] drain|[of] p1a: Volbeat\n|move|p1a: Volbeat|U-turn|p2a: Comfey\n|-resisted|p2a: Comfey\n|-damage|p2a: Comfey|25/225 psn\n|\n|t:|1771227604\n|switch|p1a: Hariyama|Hariyama, L87, F|290/392|[from] U-turn\n|-damage|p1a: Hariyama|266/392|[from] Stealth Rock\n|\n|-damage|p2a: Comfey|0 fnt|[from] psn\n|faint|p2a: Comfey\n|upkeep\n|\n|t:|1771227607\n|switch|p2a: Iron Valiant|Iron Valiant, L78|244/244\n|-status|p2a: Iron Valiant|psn\n|turn|30\n|\n|t:|1771227626\n|switch|p1a: Volbeat|Volbeat, L90, M|214/263\n|-terastallize|p2a: Iron Valiant|Steel\n|move|p2a: Iron Valiant|Moonblast|p1a: Volbeat\n|-damage|p1a: Volbeat|93/263\n|-unboost|p1a: Volbeat|spa|1\n|-damage|p2a: Iron Valiant|220/244 psn|[from] item: Life Orb\n|\n|-damage|p2a: Iron Valiant|190/244 psn|[from] psn\n|upkeep\n|turn|31\n|\n|t:|1771227635\n|move|p1a: Volbeat|Roost|p1a: Volbeat\n|-heal|p1a: Volbeat|225/263\n|-singleturn|p1a: Volbeat|move: Roost\n|move|p2a: Iron Valiant|Moonblast|p1a: Volbeat\n|-damage|p1a: Volbeat|85/263\n|-unboost|p1a: Volbeat|spa|1\n|-damage|p2a: Iron Valiant|166/244 psn|[from] item: Life Orb\n|\n|-damage|p2a: Iron Valiant|136/244 psn|[from] psn\n|upkeep\n|turn|32\n|\n|t:|1771227642\n|move|p1a: Volbeat|Roost|p1a: Volbeat\n|-heal|p1a: Volbeat|217/263\n|-singleturn|p1a: Volbeat|move: Roost\n|move|p2a: Iron Valiant|Moonblast|p1a: Volbeat\n|-damage|p1a: Volbeat|92/263\n|-damage|p2a: Iron Valiant|112/244 psn|[from] item: Life Orb\n|\n|-damage|p2a: Iron Valiant|82/244 psn|[from] psn\n|upkeep\n|turn|33\n|\n|t:|1771227644\n|move|p1a: Volbeat|Roost|p1a: Volbeat\n|-heal|p1a: Volbeat|224/263\n|-singleturn|p1a: Volbeat|move: Roost\n|move|p2a: Iron Valiant|Moonblast|p1a: Volbeat\n|-damage|p1a: Volbeat|99/263\n|-damage|p2a: Iron Valiant|58/244 psn|[from] item: Life Orb\n|\n|-damage|p2a: Iron Valiant|28/244 psn|[from] psn\n|upkeep\n|turn|34\n|\n|t:|1771227649\n|move|p1a: Volbeat|Roost|p1a: Volbeat\n|-heal|p1a: Volbeat|231/263\n|-singleturn|p1a: Volbeat|move: Roost\n|move|p2a: Iron Valiant|Moonblast|p1a: Volbeat\n|-damage|p1a: Volbeat|97/263\n|-damage|p2a: Iron Valiant|4/244 psn|[from] item: Life Orb\n|\n|-damage|p2a: Iron Valiant|0 fnt|[from] psn\n|faint|p2a: Iron Valiant\n|-end|p2a: Iron Valiant|Quark Drive|[silent]\n|\n|win|wwwbbbddd\n|raw|wwwbbbddd's rating: 1598 &rarr; <strong>1618</strong><br />(+20 for winning)\n|raw|TangrowthGrotto's rating: 1590 &rarr; <strong>1570</strong><br />(-20 for losing)\n|l|☆TangrowthGrotto\n|player|p2|\n", "inputlog": ">version 686819e5e19f8a7fd2345cfc5a08a5085efa2cc3\n>start {\"formatid\":\"gen9randombattle\",\"seed\":\"sodium,d02cc70fe44699ffab56234c0208893a\",\"rated\":\"Rated battle\"}\n>player p1 {\"name\":\"wwwbbbddd\",\"avatar\":\"pokekid\",\"rating\":1598,\"seed\":\"sodium,4e7bf2a7d375bf05539f01493fc77afe\"}\n>player p2 {\"name\":\"TangrowthGrotto\",\"avatar\":\"brycenman\",\"rating\":1590,\"seed\":\"sodium,2e5f0f149ef3c8e65fddc8074415962d\"}\n>p1 switch 5\n>p2 move psychicnoise\n>p1 move firstimpression\n>p2 move protect\n>p1 move knockoff\n>p2 switch 5\n>p1 switch 3\n>p2 move drainingkiss\n>p1 move flareblitz\n>p2 switch 5\n>p1 move flareblitz\n>p2 move wish\n>p2 switch 2\n>p1 switch 6\n>p2 move swordsdance\n>p1 move encore\n>p2 switch 6\n>p1 switch 2\n>p2 move stealthrock\n>p1 move earthpower\n>p2 switch 3\n>p1 switch 4\n>p2 move knockoff\n>p1 move flamethrower\n>p2 switch 3\n>p1 move toxicspikes\n>p2 move earthquake\n>p1 move flamethrower\n>p2 move ironhead\n>p1 switch 4\n>p1 move shadowball\n>p2 switch 3\n>p1 move shadowball\n>p2 move uturn\n>p2 switch 3\n>p1 move shadowball\n>p2 move ironhead\n>p2 switch 3\n>p1 move shadowball\n>p2 move woodhammer\n>p1 switch 6\n>p1 move extremespeed\n>p2 move woodhammer\n>p2 switch 6\n>p1 move extremespeed terastallize\n>p2 move scaleshot\n>p1 switch 3\n>p1 move firstimpression\n>p2 move closecombat\n>p2 switch 5\n>p1 switch 2\n>p2 move drainingkiss\n>p1 move uturn\n>p2 move drainingkiss\n>p1 switch 2\n>p1 move firstimpression\n>p2 move drainingkiss\n>p1 switch 5\n>p1 move heavyslam\n>p2 move drainingkiss\n>p1 switch 2\n>p2 move drainingkiss\n>p1 move roost\n>p2 move drainingkiss\n>p1 move roost\n>p2 move drainingkiss\n>p1 move uturn\n>p2 move drainingkiss\n>p1 switch 2\n>p2 switch 4\n>p1 switch 2\n>p2 move moonblast terastallize\n>p1 move roost\n>p2 move moonblast\n>p1 move roost\n>p2 move moonblast\n>p1 move roost\n>p2 move moonblast\n>p1 move roost\n>p2 move moonblast", "uploadtime": 1771227665, "views": 14, "formatid": "gen9randombattle", "rating": 1570, "private": 0, "password": null}