{"id": "gen9randombattle-2540665041", "format": "[Gen 9] Random Battle", "players": ["Basileiaaa", "M4teo010101"], "log": "|j|☆Basileiaaa\n|j|☆M4teo010101\n|t:|1771236674\n|gametype|singles\n|player|p1|Basileiaaa|lady-gen4|1624\n|player|p2|M4teo010101|sycamore-masters|1619\n|gen|9\n|tier|[Gen 9] Random Battle\n|rated|\n|rule|Species Clause: Limit one of each Pokémon\n|rule|HP Percentage Mod: HP is shown in percentages\n|rule|Sleep Clause Mod: Limit one foe put to sleep\n|rule|Illusion Level Mod: Illusion disguises the Pokémon's true level\n|\n|t:|1771236674\n|teamsize|p1|6\n|teamsize|p2|6\n|start\n|switch|p1a: Magnezone|Magnezone, L85|258/258\n|switch|p2a: Typhlosion|Typhlosion-Hisui, L83, F|257/257\n|turn|1\n|inactive|Battle timer is ON: inactive players will automatically lose when time's up. (requested by Basileiaaa)\n|c|☆M4teo010101|hf\n|inactive|M4teo010101 also wants the timer to be on.\n|\n|t:|1771236698\n|-terastallize|p1a: Magnezone|Water\n|move|p2a: Typhlosion|Fire Blast|p1a: Magnezone\n|-resisted|p1a: Magnezone\n|-damage|p1a: Magnezone|211/258\n|move|p1a: Magnezone|Discharge|p2a: Typhlosion\n|-damage|p2a: Typhlosion|146/257\n|\n|upkeep\n|turn|2\n|\n|t:|1771236708\n|move|p2a: Typhlosion|Calm Mind|p2a: Typhlosion\n|-boost|p2a: Typhlosion|spa|1\n|-boost|p2a: Typhlosion|spd|1\n|move|p1a: Magnezone|Discharge|p2a: Typhlosion\n|-damage|p2a: Typhlosion|67/257\n|-status|p2a: Typhlosion|par\n|\n|upkeep\n|turn|3\n|\n|t:|1771236715\n|switch|p2a: Virizion|Virizion, L82|283/283\n|move|p1a: Magnezone|Discharge|p2a: Virizion\n|-resisted|p2a: Virizion\n|-damage|p2a: Virizion|238/283\n|\n|upkeep\n|turn|4\n|\n|t:|1771236728\n|switch|p1a: Gengar|Gengar, L81, M|230/230\n|move|p2a: Virizion|Leaf Blade|p1a: Gengar\n|-resisted|p1a: Gengar\n|-damage|p1a: Gengar|160/230\n|-start|p2a: Virizion|Disable|Leaf Blade|[from] ability: Cursed Body|[of] p1a: Gengar\n|-damage|p2a: Virizion|210/283|[from] item: Life Orb\n|\n|upkeep\n|turn|5\n|\n|t:|1771236740\n|switch|p2a: Typhlosion|Typhlosion-Hisui, L83, F|67/257 par\n|move|p1a: Gengar|Sludge Wave|p2a: Typhlosion\n|-resisted|p2a: Typhlosion\n|-damage|p2a: Typhlosion|0 fnt\n|faint|p2a: Typhlosion\n|-damage|p1a: Gengar|137/230|[from] item: Life Orb\n|\n|upkeep\n|\n|t:|1771236741\n|switch|p2a: Minior|Minior-Violet, L79|224/224\n|-formechange|p2a: Minior|Minior-Meteor||[from] ability: Shields Down\n|turn|6\n|\n|t:|1771236761\n|move|p1a: Gengar|Will-O-Wisp|p2a: Minior\n|-immune|p2a: Minior|[from] ability: Shields Down\n|move|p2a: Minior|Shell Smash|p2a: Minior\n|-unboost|p2a: Minior|def|1\n|-unboost|p2a: Minior|spd|1\n|-boost|p2a: Minior|atk|2\n|-boost|p2a: Minior|spa|2\n|-boost|p2a: Minior|spe|2\n|-enditem|p2a: Minior|White Herb\n|-clearnegativeboost|p2a: Minior|[silent]\n|\n|upkeep\n|turn|7\n|\n|t:|1771236773\n|move|p2a: Minior|Acrobatics|p1a: Gengar\n|-damage|p1a: Gengar|0 fnt\n|faint|p1a: Gengar\n|\n|upkeep\n|\n|t:|1771236780\n|switch|p1a: Magnezone|Magnezone, L85, tera:Water|211/258\n|turn|8\n|\n|t:|1771236784\n|move|p2a: Minior|Acrobatics|p1a: Magnezone\n|-damage|p1a: Magnezone|102/258\n|move|p1a: Magnezone|Discharge|p2a: Minior\n|-supereffective|p2a: Minior\n|-damage|p2a: Minior|20/224\n|\n|-formechange|p2a: Minior|Minior-Violet||[from] ability: Shields Down\n|upkeep\n|turn|9\n|\n|t:|1771236792\n|move|p2a: Minior|Acrobatics|p1a: Magnezone\n|-damage|p1a: Magnezone|0 fnt\n|faint|p1a: Magnezone\n|\n|upkeep\n|\n|t:|1771236806\n|switch|p1a: Lokix|Lokix, L82, M|251/251\n|turn|10\n|\n|t:|1771236810\n|move|p1a: Lokix|First Impression|p2a: Minior\n|-resisted|p2a: Minior\n|-damage|p2a: Minior|0 fnt\n|faint|p2a: Minior\n|\n|upkeep\n|\n|t:|1771236811\n|switch|p2a: Volcanion|Volcanion, L79|256/256\n|turn|11\n|\n|t:|1771236821\n|move|p1a: Lokix|U-turn|p2a: Volcanion\n|-resisted|p2a: Volcanion\n|-damage|p2a: Volcanion|190/256\n|\n|t:|1771236836\n|switch|p1a: Wugtrio|Wugtrio, L91, F|212/212|[from] U-turn\n|move|p2a: Volcanion|Flamethrower|p1a: Wugtrio\n|-resisted|p1a: Wugtrio\n|-damage|p1a: Wugtrio|149/212\n|\n|upkeep\n|turn|12\n|\n|t:|1771236844\n|move|p1a: Wugtrio|Stomping Tantrum|p2a: Volcanion\n|-supereffective|p2a: Volcanion\n|-damage|p2a: Volcanion|42/256\n|move|p2a: Volcanion|Sludge Bomb|p1a: Wugtrio\n|-damage|p1a: Wugtrio|68/212\n|\n|upkeep\n|turn|13\n|\n|t:|1771236851\n|switch|p2a: Zarude|Zarude-Dada, L77|288/288\n|move|p1a: Wugtrio|Stomping Tantrum|p2a: Zarude\n|-resisted|p2a: Zarude\n|-damage|p2a: Zarude|239/288\n|\n|upkeep\n|turn|14\n|\n|t:|1771236860\n|switch|p1a: Lokix|Lokix, L82, M|251/251\n|move|p2a: Zarude|Knock Off|p1a: Lokix\n|-resisted|p1a: Lokix\n|-damage|p1a: Lokix|191/251\n|-enditem|p1a: Lokix|Silver Powder|[from] move: Knock Off|[of] p2a: Zarude\n|\n|upkeep\n|turn|15\n|\n|t:|1771236867\n|switch|p2a: Virizion|Virizion, L82|210/283\n|move|p1a: Lokix|First Impression|p2a: Virizion\n|-damage|p2a: Virizion|95/283\n|\n|upkeep\n|turn|16\n|\n|t:|1771236878\n|switch|p1a: Thundurus|Thundurus-Therian, L80, M|258/258\n|move|p2a: Virizion|Stone Edge|p1a: Thundurus\n|-supereffective|p1a: Thundurus\n|-damage|p1a: Thundurus|53/258\n|-damage|p2a: Virizion|67/283|[from] item: Life Orb\n|\n|upkeep\n|turn|17\n|\n|t:|1771236887\n|move|p2a: Virizion|Close Combat|p1a: Thundurus\n|-resisted|p1a: Thundurus\n|-crit|p1a: Thundurus\n|-damage|p1a: Thundurus|0 fnt\n|-unboost|p2a: Virizion|def|1\n|-unboost|p2a: Virizion|spd|1\n|faint|p1a: Thundurus\n|-damage|p2a: Virizion|39/283|[from] item: Life Orb\n|\n|upkeep\n|\n|t:|1771236895\n|switch|p1a: Lokix|Lokix, L82, M|191/251\n|turn|18\n|\n|t:|1771236898\n|move|p1a: Lokix|First Impression|p2a: Virizion\n|-damage|p2a: Virizion|0 fnt\n|faint|p2a: Virizion\n|\n|upkeep\n|\n|t:|1771236900\n|switch|p2a: Maushold|Maushold-Four, L76|238/238\n|turn|19\n|\n|t:|1771236907\n|move|p2a: Maushold|Population Bomb|p1a: Lokix\n|-damage|p1a: Lokix|163/251\n|-damage|p1a: Lokix|136/251\n|-damage|p1a: Lokix|109/251\n|-damage|p1a: Lokix|85/251\n|-damage|p1a: Lokix|60/251\n|-damage|p1a: Lokix|33/251\n|-damage|p1a: Lokix|9/251\n|-damage|p1a: Lokix|0 fnt\n|faint|p1a: Lokix\n|-hitcount|p1: Lokix|8\n|\n|upkeep\n|\n|t:|1771236925\n|switch|p1a: Wugtrio|Wugtrio, L91, F|68/212\n|turn|20\n|\n|t:|1771236937\n|switch|p2a: Zarude|Zarude-Dada, L77|239/288\n|move|p1a: Wugtrio|Throat Chop|p2a: Zarude\n|-resisted|p2a: Zarude\n|-damage|p2a: Zarude|190/288\n|-start|p2a: Zarude|Throat Chop|[silent]\n|\n|upkeep\n|turn|21\n|\n|t:|1771236943\n|move|p2a: Zarude|Knock Off|p1a: Wugtrio\n|-damage|p1a: Wugtrio|0 fnt\n|-ability|p1a: Wugtrio|Gooey\n|-unboost|p2a: Zarude|spe|1\n|-enditem|p1a: Wugtrio|Choice Band|[from] move: Knock Off|[of] p2a: Zarude\n|faint|p1a: Wugtrio\n|\n|-end|p2a: Zarude|Throat Chop|[silent]\n|upkeep\n|\n|t:|1771236950\n|switch|p1a: Cyclizar|Cyclizar, L83, F|252/252\n|turn|22\n|\n|t:|1771236965\n|move|p1a: Cyclizar|Rapid Spin|p2a: Zarude\n|-damage|p2a: Zarude|144/288\n|-boost|p1a: Cyclizar|spe|1\n|move|p2a: Zarude|Knock Off|p1a: Cyclizar\n|-damage|p1a: Cyclizar|119/252\n|-enditem|p1a: Cyclizar|Heavy-Duty Boots|[from] move: Knock Off|[of] p2a: Zarude\n|\n|upkeep\n|turn|23\n|\n|t:|1771236973\n|move|p1a: Cyclizar|Draco Meteor|p2a: Zarude\n|-damage|p2a: Zarude|23/288\n|-unboost|p1a: Cyclizar|spa|2\n|move|p2a: Zarude|Knock Off|p1a: Cyclizar\n|-damage|p1a: Cyclizar|29/252\n|\n|upkeep\n|turn|24\n|\n|t:|1771236980\n|move|p1a: Cyclizar|Rapid Spin|p2a: Zarude\n|-damage|p2a: Zarude|0 fnt\n|-boost|p1a: Cyclizar|spe|1\n|faint|p2a: Zarude\n|\n|upkeep\n|\n|t:|1771236982\n|switch|p2a: Maushold|Maushold-Four, L76|238/238\n|turn|25\n|\n|t:|1771236989\n|move|p1a: Cyclizar|Draco Meteor|p2a: Maushold\n|-damage|p2a: Maushold|163/238\n|-unboost|p1a: Cyclizar|spa|2\n|move|p2a: Maushold|Bite|p1a: Cyclizar\n|-damage|p1a: Cyclizar|0 fnt\n|faint|p1a: Cyclizar\n|\n|win|M4teo010101\n|raw|Basileiaaa's rating: 1624 &rarr; <strong>1604</strong><br />(-20 for losing)\n|raw|M4teo010101's rating: 1619 &rarr; <strong>1639</strong><br />(+20 for winning)\n|c|☆M4teo010101|gg\n", "inputlog": ">version 686819e5e19f8a7fd2345cfc5a08a5085efa2cc3\n>start {\"formatid\":\"gen9randombattle\",\"seed\":\"sodium,d28a776d5e816ea3bb9817edece8b1ba\",\"rated\":\"Rated battle\"}\n>player p1 {\"name\":\"Basileiaaa\",\"avatar\":\"lady-gen4\",\"rating\":1624,\"seed\":\"sodium,795b3c2d4da6999f3489ada0bdae49fd\"}\n>player p2 {\"name\":\"M4teo010101\",\"avatar\":\"sycamore-masters\",\"rating\":1619,\"seed\":\"sodium,5807c2cfb77617becb31ce227be07633\"}\n>chat ☆M4teo010101|hf\n>p1 move discharge terastallize\n>p2 move fireblast\n>p1 move discharge\n>p2 move calmmind\n>p1 move discharge\n>p2 switch 5\n>p1 switch 5\n>p2 move leafblade\n>p1 move sludgewave\n>p2 switch 5\n>p2 switch 4\n>p1 move willowisp\n>p2 move shellsmash\n>p1 move shadowball\n>p2 move acrobatics\n>p1 switch 5\n>p1 move discharge\n>p2 move acrobatics\n>p1 move discharge\n>p2 move acrobatics\n>p1 switch 4\n>p1 move firstimpression\n>p2 move acrobatics\n>p2 switch 6\n>p1 move uturn\n>p2 move flamethrower\n>p1 switch 6\n>p1 move stompingtantrum\n>p2 move sludgebomb\n>p1 move stompingtantrum\n>p2 switch 2\n>p1 switch 6\n>p2 move knockoff\n>p1 move firstimpression\n>p2 switch 5\n>p1 switch 2\n>p2 move stoneedge\n>p1 move sludgewave\n>p2 move closecombat\n>p1 switch 2\n>p1 move firstimpression\n>p2 move stoneedge\n>p2 switch 3\n>p1 move knockoff\n>p2 move populationbomb\n>p1 switch 6\n>p1 move throatchop\n>p2 switch 5\n>p1 move throatchop\n>p2 move knockoff\n>p1 switch 3\n>p1 move rapidspin\n>p2 move knockoff\n>p1 move dracometeor\n>p2 move knockoff\n>p1 move rapidspin\n>p2 move knockoff\n>p2 switch 5\n>p1 move dracometeor\n>p2 move bite", "uploadtime": 1771236990, "views": 15, "formatid": "gen9randombattle", "rating": 1604, "private": 0, "password": null}