{"id": "gen9randombattle-2540044676", "format": "[Gen 9] Random Battle", "players": ["prettyboibiba", "LULRed"], "log": "|j|☆prettyboibiba\n|j|☆LULRed\n|t:|1771151405\n|gametype|singles\n|player|p1|prettyboibiba|shadowtriad|1800\n|player|p2|LULRed|hilda|1742\n|gen|9\n|tier|[Gen 9] Random Battle\n|rated|\n|rule|Species Clause: Limit one of each Pokémon\n|rule|HP Percentage Mod: HP is shown in percentages\n|rule|Sleep Clause Mod: Limit one foe put to sleep\n|rule|Illusion Level Mod: Illusion disguises the Pokémon's true level\n|\n|t:|1771151405\n|teamsize|p1|6\n|teamsize|p2|6\n|start\n|switch|p1a: Dipplin|Dipplin, L88, F|284/284\n|switch|p2a: Polteageist|Polteageist-Antique, L78|222/222\n|turn|1\n|inactive|Battle timer is ON: inactive players will automatically lose when time's up. (requested by LULRed)\n|inactive|LULRed has 120 seconds left.\n|\n|t:|1771151443\n|move|p2a: Polteageist|Shell Smash|p2a: Polteageist\n|-unboost|p2a: Polteageist|def|1\n|-unboost|p2a: Polteageist|spd|1\n|-boost|p2a: Polteageist|atk|2\n|-boost|p2a: Polteageist|spa|2\n|-boost|p2a: Polteageist|spe|2\n|-enditem|p2a: Polteageist|White Herb\n|-clearnegativeboost|p2a: Polteageist|[silent]\n|move|p1a: Dipplin|Dragon Tail|p2a: Polteageist\n|-damage|p2a: Polteageist|146/222\n|drag|p2a: Arceus|Arceus-Water, L71|288/288\n|\n|upkeep\n|turn|2\n|\n|t:|1771151455\n|move|p2a: Arceus|Ice Beam|p1a: Dipplin\n|-supereffective|p1a: Dipplin\n|-damage|p1a: Dipplin|132/284\n|move|p1a: Dipplin|Giga Drain|p2a: Arceus\n|-supereffective|p2a: Arceus\n|-damage|p2a: Arceus|142/288\n|-heal|p1a: Dipplin|205/284|[from] drain|[of] p2a: Arceus\n|\n|upkeep\n|turn|3\n|\n|t:|1771151476\n|-terastallize|p2a: Arceus|Steel\n|move|p2a: Arceus|Recover|p2a: Arceus\n|-heal|p2a: Arceus|286/288\n|move|p1a: Dipplin|Giga Drain|p2a: Arceus\n|-resisted|p2a: Arceus\n|-damage|p2a: Arceus|250/288\n|-heal|p1a: Dipplin|223/284|[from] drain|[of] p2a: Arceus\n|\n|upkeep\n|turn|4\n|\n|t:|1771151481\n|switch|p1a: Grumpig|Grumpig, L92, F|297/297\n|move|p2a: Arceus|Ice Beam|p1a: Grumpig\n|-damage|p1a: Grumpig|276/297\n|\n|-heal|p1a: Grumpig|294/297|[from] item: Leftovers\n|upkeep\n|turn|5\n|\n|t:|1771151496\n|switch|p2a: Trevenant|Trevenant, L89, F|296/296\n|move|p1a: Grumpig|Nasty Plot|p1a: Grumpig\n|-boost|p1a: Grumpig|spa|2\n|\n|-heal|p1a: Grumpig|297/297|[from] item: Leftovers\n|upkeep\n|turn|6\n|\n|t:|1771151505\n|move|p1a: Grumpig|Shadow Ball|p2a: Trevenant\n|-supereffective|p2a: Trevenant\n|-damage|p2a: Trevenant|38/296\n|-enditem|p2a: Trevenant|Sitrus Berry|[eat]\n|-heal|p2a: Trevenant|112/296|[from] item: Sitrus Berry\n|move|p2a: Trevenant|Poltergeist|p1a: Grumpig\n|-activate|p1a: Grumpig|move: Poltergeist|Leftovers\n|-supereffective|p1a: Grumpig\n|-damage|p1a: Grumpig|0 fnt\n|faint|p1a: Grumpig\n|\n|-item|p2a: Trevenant|Sitrus Berry|[from] ability: Harvest\n|upkeep\n|-enditem|p2a: Trevenant|Sitrus Berry|[eat]\n|-heal|p2a: Trevenant|186/296|[from] item: Sitrus Berry\n|\n|t:|1771151513\n|switch|p1a: Mabosstiff|Mabosstiff, L86, F|278/278\n|turn|7\n|\n|t:|1771151519\n|move|p2a: Trevenant|Protect|p2a: Trevenant\n|-singleturn|p2a: Trevenant|Protect\n|move|p1a: Mabosstiff|Crunch|p2a: Trevenant\n|-activate|p2a: Trevenant|move: Protect\n|\n|-item|p2a: Trevenant|Sitrus Berry|[from] ability: Harvest\n|upkeep\n|turn|8\n|\n|t:|1771151538\n|move|p1a: Mabosstiff|Crunch|p2a: Trevenant\n|-supereffective|p2a: Trevenant\n|-damage|p2a: Trevenant|0 fnt\n|faint|p2a: Trevenant\n|\n|upkeep\n|\n|t:|1771151546\n|switch|p2a: Iron Hands|Iron Hands, L79|373/373\n|turn|9\n|\n|t:|1771151551\n|switch|p1a: Pachirisu|Pachirisu, L96, F|271/271\n|move|p2a: Iron Hands|Close Combat|p1a: Pachirisu\n|-damage|p1a: Pachirisu|120/271\n|-unboost|p2a: Iron Hands|def|1\n|-unboost|p2a: Iron Hands|spd|1\n|\n|upkeep\n|turn|10\n|\n|t:|1771151562\n|-end|p2a: Iron Hands|Quark Drive|[silent]\n|switch|p2a: Grumpig|Grumpig, L92, M|297/297\n|move|p1a: Pachirisu|U-turn|p2a: Grumpig\n|-supereffective|p2a: Grumpig\n|-damage|p2a: Grumpig|217/297\n|\n|t:|1771151572\n|switch|p1a: Mabosstiff|Mabosstiff, L86, F|278/278|[from] U-turn\n|\n|-heal|p2a: Grumpig|235/297|[from] item: Leftovers\n|upkeep\n|turn|11\n|inactive|LULRed has 120 seconds left.\n|\n|t:|1771151608\n|switch|p2a: Magcargo|Magcargo, L95, M|268/268\n|move|p1a: Mabosstiff|Crunch|p2a: Magcargo\n|-damage|p2a: Magcargo|51/268\n|-status|p1a: Mabosstiff|brn|[from] ability: Flame Body|[of] p2a: Magcargo\n|\n|-damage|p1a: Mabosstiff|261/278 brn|[from] brn\n|upkeep\n|turn|12\n|inactive|LULRed has 120 seconds left.\n|\n|t:|1771151616\n|move|p1a: Mabosstiff|Crunch|p2a: Magcargo\n|-damage|p2a: Magcargo|0 fnt\n|faint|p2a: Magcargo\n|\n|-damage|p1a: Mabosstiff|244/278 brn|[from] brn\n|upkeep\n|\n|t:|1771151617\n|switch|p2a: Iron Hands|Iron Hands, L79|373/373\n|turn|13\n|\n|t:|1771151621\n|switch|p1a: Flamigo|Flamigo, L82, F|269/269\n|move|p2a: Iron Hands|Close Combat|p1a: Flamigo\n|-resisted|p1a: Flamigo\n|-damage|p1a: Flamigo|176/269\n|-unboost|p2a: Iron Hands|def|1\n|-unboost|p2a: Iron Hands|spd|1\n|\n|upkeep\n|turn|14\n|\n|t:|1771151633\n|-end|p2a: Iron Hands|Quark Drive|[silent]\n|switch|p2a: Grumpig|Grumpig, L92, M|235/297\n|move|p1a: Flamigo|Brave Bird|p2a: Grumpig\n|-damage|p2a: Grumpig|39/297\n|-damage|p1a: Flamigo|111/269|[from] Recoil\n|-damage|p1a: Flamigo|85/269|[from] item: Life Orb\n|\n|-heal|p2a: Grumpig|57/297|[from] item: Leftovers\n|upkeep\n|turn|15\n|\n|t:|1771151640\n|switch|p1a: Pachirisu|Pachirisu, L96, F|120/271\n|move|p2a: Grumpig|Shadow Ball|p1a: Pachirisu\n|-damage|p1a: Pachirisu|82/271\n|\n|-heal|p2a: Grumpig|75/297|[from] item: Leftovers\n|upkeep\n|turn|16\n|\n|t:|1771151647\n|move|p1a: Pachirisu|U-turn|p2a: Grumpig\n|-supereffective|p2a: Grumpig\n|-damage|p2a: Grumpig|0 fnt\n|faint|p2a: Grumpig\n|\n|t:|1771151667\n|switch|p1a: Flamigo|Flamigo, L82, F|85/269|[from] U-turn\n|\n|upkeep\n|\n|t:|1771151687\n|switch|p2a: Polteageist|Polteageist-Antique, L78|146/222\n|turn|17\n|\n|t:|1771151694\n|move|p1a: Flamigo|Brave Bird|p2a: Polteageist\n|-damage|p2a: Polteageist|0 fnt\n|-start|p1a: Flamigo|Disable|Brave Bird|[from] ability: Cursed Body|[of] p2a: Polteageist\n|faint|p2a: Polteageist\n|-damage|p1a: Flamigo|37/269|[from] Recoil\n|-damage|p1a: Flamigo|11/269|[from] item: Life Orb\n|\n|upkeep\n|\n|t:|1771151714\n|switch|p2a: Arceus|Arceus-Water, L71, tera:Steel|250/288\n|turn|18\n|\n|t:|1771151730\n|switch|p1a: Mabosstiff|Mabosstiff, L86, F|244/278 brn\n|move|p2a: Arceus|Ice Beam|p1a: Mabosstiff\n|-damage|p1a: Mabosstiff|182/278 brn\n|\n|-damage|p1a: Mabosstiff|165/278 brn|[from] brn\n|upkeep\n|turn|19\n|\n|t:|1771151739\n|move|p2a: Arceus|Judgment|p1a: Mabosstiff\n|-damage|p1a: Mabosstiff|45/278 brn\n|move|p1a: Mabosstiff|Crunch|p2a: Arceus\n|-damage|p2a: Arceus|183/288\n|\n|-damage|p1a: Mabosstiff|28/278 brn|[from] brn\n|upkeep\n|turn|20\n|\n|t:|1771151745\n|move|p2a: Arceus|Recover|p2a: Arceus\n|-heal|p2a: Arceus|288/288\n|move|p1a: Mabosstiff|Crunch|p2a: Arceus\n|-damage|p2a: Arceus|213/288\n|\n|-damage|p1a: Mabosstiff|11/278 brn|[from] brn\n|upkeep\n|turn|21\n|\n|t:|1771151751\n|move|p2a: Arceus|Judgment|p1a: Mabosstiff\n|-damage|p1a: Mabosstiff|0 fnt\n|faint|p1a: Mabosstiff\n|\n|upkeep\n|\n|t:|1771151760\n|switch|p1a: Electrode|Electrode, L92|260/260\n|turn|22\n|\n|t:|1771151770\n|move|p1a: Electrode|Taunt|p2a: Arceus\n|-start|p2a: Arceus|move: Taunt\n|move|p2a: Arceus|Judgment|p1a: Electrode\n|-damage|p1a: Electrode|143/260\n|\n|upkeep\n|turn|23\n|\n|t:|1771151781\n|-terastallize|p1a: Electrode|Electric\n|move|p1a: Electrode|Thunderbolt|p2a: Arceus\n|-damage|p2a: Arceus|93/288\n|move|p2a: Arceus|Judgment|p1a: Electrode\n|-damage|p1a: Electrode|40/260\n|\n|upkeep\n|turn|24\n|\n|t:|1771151788\n|switch|p2a: Iron Hands|Iron Hands, L79|373/373\n|move|p1a: Electrode|Thunderbolt|p2a: Iron Hands\n|-resisted|p2a: Iron Hands\n|-damage|p2a: Iron Hands|322/373\n|\n|upkeep\n|turn|25\n|\n|t:|1771151792\n|move|p1a: Electrode|Volt Switch|p2a: Iron Hands\n|-resisted|p2a: Iron Hands\n|-damage|p2a: Iron Hands|280/373\n|\n|t:|1771151800\n|switch|p1a: Flamigo|Flamigo, L82, F|11/269|[from] Volt Switch\n|move|p2a: Iron Hands|Heavy Slam|p1a: Flamigo\n|-damage|p1a: Flamigo|0 fnt\n|faint|p1a: Flamigo\n|\n|upkeep\n|\n|t:|1771151808\n|switch|p1a: Dipplin|Dipplin, L88, F|223/284\n|turn|26\n|\n|t:|1771151813\n|move|p2a: Iron Hands|Volt Switch|p1a: Dipplin\n|-resisted|p1a: Dipplin\n|-damage|p1a: Dipplin|216/284\n|\n|t:|1771151815\n|-end|p2a: Iron Hands|Quark Drive|[silent]\n|switch|p2a: Arceus|Arceus-Water, L71, tera:Steel|93/288|[from] Volt Switch\n|move|p1a: Dipplin|Dragon Tail|p2a: Arceus\n|-resisted|p2a: Arceus\n|-damage|p2a: Arceus|64/288\n|drag|p2a: Iron Hands|Iron Hands, L79|280/373\n|\n|upkeep\n|turn|27\n|\n|t:|1771151830\n|move|p2a: Iron Hands|Close Combat|p1a: Dipplin\n|-damage|p1a: Dipplin|132/284\n|-unboost|p2a: Iron Hands|def|1\n|-unboost|p2a: Iron Hands|spd|1\n|move|p1a: Dipplin|Dragon Pulse|p2a: Iron Hands\n|-damage|p2a: Iron Hands|159/373\n|\n|upkeep\n|turn|28\n|\n|t:|1771151838\n|move|p2a: Iron Hands|Volt Switch|p1a: Dipplin\n|-resisted|p1a: Dipplin\n|-damage|p1a: Dipplin|125/284\n|\n|t:|1771151841\n|-end|p2a: Iron Hands|Quark Drive|[silent]\n|switch|p2a: Arceus|Arceus-Water, L71, tera:Steel|64/288|[from] Volt Switch\n|move|p1a: Dipplin|Recover|p1a: Dipplin\n|-heal|p1a: Dipplin|267/284\n|\n|upkeep\n|turn|29\n|\n|t:|1771151844\n|move|p2a: Arceus|Recover|p2a: Arceus\n|-heal|p2a: Arceus|208/288\n|move|p1a: Dipplin|Dragon Tail|p2a: Arceus\n|-resisted|p2a: Arceus\n|-damage|p2a: Arceus|178/288\n|drag|p2a: Iron Hands|Iron Hands, L79|159/373\n|\n|upkeep\n|turn|30\n|\n|t:|1771151849\n|move|p2a: Iron Hands|Close Combat|p1a: Dipplin\n|-damage|p1a: Dipplin|183/284\n|-unboost|p2a: Iron Hands|def|1\n|-unboost|p2a: Iron Hands|spd|1\n|move|p1a: Dipplin|Dragon Tail|p2a: Iron Hands\n|-damage|p2a: Iron Hands|77/373\n|-end|p2a: Iron Hands|Quark Drive|[silent]\n|drag|p2a: Arceus|Arceus-Water, L71, tera:Steel|178/288\n|\n|upkeep\n|turn|31\n|\n|t:|1771151854\n|move|p2a: Arceus|Ice Beam|p1a: Dipplin\n|-supereffective|p1a: Dipplin\n|-damage|p1a: Dipplin|19/284\n|-status|p1a: Dipplin|frz\n|-curestatus|p1a: Dipplin|frz|[msg]\n|move|p1a: Dipplin|Recover|p1a: Dipplin\n|-heal|p1a: Dipplin|161/284\n|\n|upkeep\n|turn|32\n|\n|t:|1771151870\n|switch|p1a: Electrode|Electrode, L92, tera:Electric|40/260\n|move|p2a: Arceus|Ice Beam|p1a: Electrode\n|-damage|p1a: Electrode|0 fnt\n|faint|p1a: Electrode\n|\n|upkeep\n|\n|t:|1771151871\n|switch|p1a: Pachirisu|Pachirisu, L96, F|82/271\n|turn|33\n|\n|t:|1771151877\n|move|p1a: Pachirisu|Nuzzle|p2a: Arceus\n|-damage|p2a: Arceus|163/288\n|-status|p2a: Arceus|par\n|move|p2a: Arceus|Judgment|p1a: Pachirisu\n|-damage|p1a: Pachirisu|18/271\n|\n|upkeep\n|turn|34\n|\n|t:|1771151883\n|move|p1a: Pachirisu|Super Fang|p2a: Arceus\n|-damage|p2a: Arceus|82/288 par\n|cant|p2a: Arceus|par\n|\n|upkeep\n|turn|35\n|\n|t:|1771151886\n|move|p1a: Pachirisu|Thunderbolt|p2a: Arceus\n|-damage|p2a: Arceus|21/288 par\n|move|p2a: Arceus|Recover|p2a: Arceus\n|-heal|p2a: Arceus|165/288 par\n|\n|upkeep\n|turn|36\n|\n|t:|1771151891\n|move|p1a: Pachirisu|Super Fang|p2a: Arceus\n|-damage|p2a: Arceus|83/288 par\n|move|p2a: Arceus|Recover|p2a: Arceus\n|-heal|p2a: Arceus|227/288 par\n|\n|upkeep\n|turn|37\n|\n|t:|1771151895\n|move|p1a: Pachirisu|Super Fang|p2a: Arceus\n|-damage|p2a: Arceus|114/288 par\n|move|p2a: Arceus|Ice Beam|p1a: Pachirisu\n|-damage|p1a: Pachirisu|0 fnt\n|faint|p1a: Pachirisu\n|\n|upkeep\n|\n|t:|1771151898\n|switch|p1a: Dipplin|Dipplin, L88, F|161/284\n|turn|38\n|\n|t:|1771151902\n|move|p1a: Dipplin|Recover|p1a: Dipplin\n|-heal|p1a: Dipplin|284/284\n|cant|p2a: Arceus|par\n|\n|upkeep\n|turn|39\n|\n|t:|1771151908\n|move|p1a: Dipplin|Dragon Pulse|p2a: Arceus\n|-resisted|p2a: Arceus\n|-damage|p2a: Arceus|65/288 par\n|move|p2a: Arceus|Recover|p2a: Arceus\n|-heal|p2a: Arceus|209/288 par\n|\n|upkeep\n|turn|40\n|\n|t:|1771151918\n|move|p1a: Dipplin|Dragon Pulse|p2a: Arceus\n|-resisted|p2a: Arceus\n|-damage|p2a: Arceus|165/288 par\n|cant|p2a: Arceus|par\n|\n|upkeep\n|turn|41\n|\n|t:|1771151927\n|move|p1a: Dipplin|Dragon Pulse|p2a: Arceus\n|-resisted|p2a: Arceus\n|-damage|p2a: Arceus|119/288 par\n|cant|p2a: Arceus|par\n|\n|upkeep\n|turn|42\n|\n|t:|1771151934\n|move|p1a: Dipplin|Dragon Pulse|p2a: Arceus\n|-resisted|p2a: Arceus\n|-damage|p2a: Arceus|71/288 par\n|move|p2a: Arceus|Recover|p2a: Arceus\n|-heal|p2a: Arceus|215/288 par\n|\n|upkeep\n|turn|43\n|\n|t:|1771151936\n|move|p1a: Dipplin|Dragon Pulse|p2a: Arceus\n|-resisted|p2a: Arceus\n|-damage|p2a: Arceus|172/288 par\n|move|p2a: Arceus|Ice Beam|p1a: Dipplin\n|-supereffective|p1a: Dipplin\n|-damage|p1a: Dipplin|116/284\n|-status|p1a: Dipplin|frz\n|\n|upkeep\n|turn|44\n|\n|t:|1771151940\n|-curestatus|p1a: Dipplin|frz|[msg]\n|move|p1a: Dipplin|Recover|p1a: Dipplin\n|-heal|p1a: Dipplin|258/284\n|move|p2a: Arceus|Ice Beam|p1a: Dipplin\n|-supereffective|p1a: Dipplin\n|-damage|p1a: Dipplin|114/284\n|-status|p1a: Dipplin|frz\n|\n|upkeep\n|turn|45\n|c|☆LULRed|What the fuck\n|c|☆prettyboibiba|bro\n|\n|t:|1771151951\n|cant|p1a: Dipplin|frz\n|move|p2a: Arceus|Ice Beam|p1a: Dipplin\n|-supereffective|p1a: Dipplin\n|-damage|p1a: Dipplin|0 fnt\n|faint|p1a: Dipplin\n|\n|win|LULRed\n|raw|prettyboibiba's rating: 1800 &rarr; <strong>1777</strong><br />(-23 for losing)\n|raw|LULRed's rating: 1742 &rarr; <strong>1765</strong><br />(+23 for winning)\n|c|☆prettyboibiba|tf\n|c|☆LULRed|Gg\n|c|☆prettyboibiba|gg i guess\n", "inputlog": ">version 686819e5e19f8a7fd2345cfc5a08a5085efa2cc3\n>start {\"formatid\":\"gen9randombattle\",\"seed\":\"sodium,4bf2ed151cdcb94368b10dec1124ea4b\",\"rated\":\"Rated battle\"}\n>player p1 {\"name\":\"prettyboibiba\",\"avatar\":\"shadowtriad\",\"rating\":1800,\"seed\":\"sodium,98749be7dd326aff2624f7b3c541b08a\"}\n>player p2 {\"name\":\"LULRed\",\"avatar\":\"hilda\",\"rating\":1742,\"seed\":\"sodium,295e49362714936bd09fc36fafed8868\"}\n>p1 move dragontail\n>p2 move shellsmash\n>p1 move gigadrain\n>p2 move icebeam\n>p1 move gigadrain\n>p2 move recover terastallize\n>p1 switch 3\n>p2 move icebeam\n>p1 move nastyplot\n>p2 switch 4\n>p1 move shadowball\n>p2 move poltergeist\n>p1 switch 5\n>p1 move crunch\n>p2 move protect\n>p1 move crunch\n>p2 move drainpunch\n>p2 switch 2\n>p1 switch 4\n>p2 move closecombat\n>p1 move uturn\n>p2 switch 3\n>p1 switch 4\n>p1 move crunch\n>p2 switch 5\n>p1 move crunch\n>p2 move recover\n>p2 switch 3\n>p1 switch 2\n>p2 move closecombat\n>p1 move bravebird\n>p2 switch 5\n>p1 switch 4\n>p2 move shadowball\n>p1 move uturn\n>p2 move psyshock\n>p1 switch 4\n>p2 switch 6\n>p1 move bravebird\n>p2 move shellsmash\n>p2 switch 4\n>p1 switch 2\n>p2 move icebeam\n>p1 move crunch\n>p2 move judgment\n>p1 move crunch\n>p2 move recover\n>p1 move crunch\n>p2 move judgment\n>p1 switch 6\n>p1 move taunt\n>p2 move judgment\n>p1 move thunderbolt terastallize\n>p2 move judgment\n>p1 move thunderbolt\n>p2 switch 5\n>p1 move voltswitch\n>p2 move heavyslam\n>p1 switch 2\n>p1 switch 3\n>p1 move dragontail\n>p2 move voltswitch\n>p2 switch 5\n>p1 move dragonpulse\n>p2 move closecombat\n>p1 move recover\n>p2 move voltswitch\n>p2 switch 5\n>p1 move dragontail\n>p2 move recover\n>p1 move dragontail\n>p2 move closecombat\n>p1 move recover\n>p2 move icebeam\n>p1 switch 2\n>p2 move icebeam\n>p1 switch 4\n>p1 move nuzzle\n>p2 move judgment\n>p1 move superfang\n>p2 move recover\n>p1 move thunderbolt\n>p2 move recover\n>p1 move superfang\n>p2 move recover\n>p1 move superfang\n>p2 move icebeam\n>p1 switch 2\n>p1 move recover\n>p2 move recover\n>p1 move dragonpulse\n>p2 move recover\n>p1 move dragonpulse\n>p2 move icebeam\n>p1 move dragonpulse\n>p2 move recover\n>p1 move dragonpulse\n>p2 move recover\n>p1 move dragonpulse\n>p2 move icebeam\n>p1 move recover\n>p2 move icebeam\n>chat ☆LULRed|What the fuck\n>chat ☆prettyboibiba|bro\n>p1 move recover\n>p2 move icebeam", "uploadtime": 1771151968, "views": 14, "formatid": "gen9randombattle", "rating": 1765, "private": 0, "password": null}