{"id": "gen9randombattle-2539981458", "format": "[Gen 9] Random Battle", "players": ["annadeneko", "incineroared"], "log": "|j|☆annadeneko\n|j|☆incineroared\n|t:|1771137837\n|gametype|singles\n|player|p1|annadeneko|valerie|1594\n|player|p2|incineroared|grimsley|1607\n|gen|9\n|tier|[Gen 9] Random Battle\n|rated|\n|rule|Species Clause: Limit one of each Pokémon\n|rule|HP Percentage Mod: HP is shown in percentages\n|rule|Sleep Clause Mod: Limit one foe put to sleep\n|rule|Illusion Level Mod: Illusion disguises the Pokémon's true level\n|\n|t:|1771137837\n|teamsize|p1|6\n|teamsize|p2|6\n|start\n|switch|p1a: Gliscor|Gliscor, L76, M|239/239\n|switch|p2a: Baxcalibur|Baxcalibur, L75, M|296/296\n|turn|1\n|\n|t:|1771137861\n|switch|p2a: Ursaring|Ursaring, L84, F|288/288\n|move|p1a: Gliscor|Protect||[still]\n|-fail|p1a: Gliscor\n|\n|-status|p1a: Gliscor|tox|[from] item: Toxic Orb\n|-status|p2a: Ursaring|tox|[from] item: Toxic Orb\n|upkeep\n|turn|2\n|\n|t:|1771137879\n|switch|p1a: Deoxys|Deoxys-Defense, L84|221/221\n|-ability|p1a: Deoxys|Pressure\n|move|p2a: Ursaring|Facade|p1a: Deoxys\n|-damage|p1a: Deoxys|110/221\n|-damage|p2a: Ursaring|240/288 tox|[from] item: Rocky Helmet|[of] p1a: Deoxys\n|\n|-damage|p2a: Ursaring|222/288 tox|[from] psn\n|upkeep\n|turn|3\n|inactive|Battle timer is ON: inactive players will automatically lose when time's up. (requested by incineroared)\n|\n|t:|1771137893\n|move|p2a: Ursaring|Facade|p1a: Deoxys\n|-damage|p1a: Deoxys|4/221\n|-damage|p2a: Ursaring|174/288 tox|[from] item: Rocky Helmet|[of] p1a: Deoxys\n|move|p1a: Deoxys|Recover|p1a: Deoxys\n|-heal|p1a: Deoxys|115/221\n|\n|-damage|p2a: Ursaring|138/288 tox|[from] psn\n|upkeep\n|turn|4\n|inactive|incineroared has 120 seconds left.\n|\n|t:|1771137928\n|switch|p2a: Gumshoos|Gumshoos, L95, M|321/321\n|move|p1a: Deoxys|Recover|p1a: Deoxys\n|-heal|p1a: Deoxys|221/221\n|\n|upkeep\n|turn|5\n|inactive|incineroared has 120 seconds left.\n|\n|t:|1771137938\n|move|p2a: Gumshoos|Double-Edge|p1a: Deoxys\n|-damage|p1a: Deoxys|59/221\n|-damage|p2a: Gumshoos|268/321|[from] item: Rocky Helmet|[of] p1a: Deoxys\n|-damage|p2a: Gumshoos|215/321|[from] Recoil\n|move|p1a: Deoxys|Teleport|p1a: Deoxys\n|\n|t:|1771137945\n|switch|p1a: Zangoose|Zangoose, L85, F|263/263|[from] Teleport\n|\n|-status|p1a: Zangoose|tox|[from] item: Toxic Orb\n|upkeep\n|turn|6\n|\n|t:|1771137957\n|move|p1a: Zangoose|Facade|p2a: Gumshoos\n|-damage|p2a: Gumshoos|0 fnt\n|faint|p2a: Gumshoos\n|\n|-damage|p1a: Zangoose|247/263 tox|[from] psn\n|upkeep\n|\n|t:|1771137961\n|switch|p2a: Ursaring|Ursaring, L84, F|138/288 tox\n|turn|7\n|\n|t:|1771137970\n|switch|p1a: Deoxys|Deoxys-Defense, L84|59/221\n|-ability|p1a: Deoxys|Pressure\n|move|p2a: Ursaring|Facade|p1a: Deoxys\n|-damage|p1a: Deoxys|0 fnt\n|-damage|p2a: Ursaring|90/288 tox|[from] item: Rocky Helmet|[of] p1a: Deoxys\n|faint|p1a: Deoxys\n|\n|-damage|p2a: Ursaring|72/288 tox|[from] psn\n|upkeep\n|\n|t:|1771137994\n|switch|p1a: Dunsparce|Dunsparce, L86, M|312/312\n|turn|8\n|\n|t:|1771138008\n|switch|p2a: Galvantula|Galvantula, L82, F|249/249\n|move|p1a: Dunsparce|Coil|p1a: Dunsparce\n|-boost|p1a: Dunsparce|atk|1\n|-boost|p1a: Dunsparce|def|1\n|-boost|p1a: Dunsparce|accuracy|1\n|\n|upkeep\n|turn|9\n|\n|t:|1771138021\n|move|p2a: Galvantula|Sticky Web|p1a: Dunsparce\n|-sidestart|p1: annadeneko|move: Sticky Web\n|move|p1a: Dunsparce|Body Slam|p2a: Galvantula\n|-damage|p2a: Galvantula|95/249\n|\n|upkeep\n|turn|10\n|\n|t:|1771138027\n|move|p2a: Galvantula|Thunder|p1a: Dunsparce\n|-damage|p1a: Dunsparce|230/312\n|move|p1a: Dunsparce|Body Slam|p2a: Galvantula\n|-damage|p2a: Galvantula|0 fnt\n|faint|p2a: Galvantula\n|\n|upkeep\n|\n|t:|1771138035\n|switch|p2a: Sunflora|Sunflora, F|312/312\n|turn|11\n|\n|t:|1771138044\n|move|p1a: Dunsparce|Body Slam|p2a: Sunflora\n|-damage|p2a: Sunflora|173/312\n|move|p2a: Sunflora|Leaf Storm|p1a: Dunsparce\n|-damage|p1a: Dunsparce|0 fnt\n|-unboost|p2a: Sunflora|spa|2\n|faint|p1a: Dunsparce\n|\n|upkeep\n|\n|t:|1771138060\n|switch|p1a: Zangoose|Zangoose, L85, F|247/263 tox\n|-activate|p1a: Zangoose|move: Sticky Web\n|-unboost|p1a: Zangoose|spe|1\n|turn|12\n|\n|t:|1771138070\n|switch|p2a: Ursaring|Ursaring, L84, F|72/288 tox\n|move|p1a: Zangoose|Facade|p2a: Ursaring\n|-damage|p2a: Ursaring|0 fnt\n|faint|p2a: Ursaring\n|\n|-damage|p1a: Zangoose|231/263 tox|[from] psn\n|upkeep\n|\n|t:|1771138090\n|switch|p2a: Sunflora|Sunflora, F|173/312\n|turn|13\n|\n|t:|1771138098\n|move|p1a: Zangoose|Facade|p2a: Sunflora\n|-damage|p2a: Sunflora|0 fnt\n|faint|p2a: Sunflora\n|\n|-damage|p1a: Zangoose|199/263 tox|[from] psn\n|upkeep\n|inactive|incineroared has 120 seconds left.\n|\n|t:|1771138117\n|switch|p2a: Veluza|Veluza, L85, M|292/292\n|turn|14\n|inactive|incineroared has 120 seconds left.\n|\n|t:|1771138127\n|move|p2a: Veluza|Aqua Cutter|p1a: Zangoose\n|-crit|p1a: Zangoose\n|-damage|p1a: Zangoose|0 fnt\n|faint|p1a: Zangoose\n|\n|upkeep\n|\n|t:|1771138139\n|switch|p1a: Gliscor|Gliscor, L76, M|239/239 tox\n|turn|15\n|\n|t:|1771138147\n|-terastallize|p1a: Gliscor|Water\n|move|p1a: Gliscor|Knock Off|p2a: Veluza\n|-supereffective|p2a: Veluza\n|-damage|p2a: Veluza|172/292\n|-enditem|p2a: Veluza|Sitrus Berry|[from] move: Knock Off|[of] p1a: Gliscor\n|move|p2a: Veluza|Fillet Away|p2a: Veluza\n|-boost|p2a: Veluza|atk|2\n|-boost|p2a: Veluza|spa|2\n|-boost|p2a: Veluza|spe|2\n|-damage|p2a: Veluza|26/292\n|\n|upkeep\n|turn|16\n|\n|t:|1771138162\n|move|p2a: Veluza|Psycho Cut|p1a: Gliscor\n|-damage|p1a: Gliscor|38/239 tox\n|move|p1a: Gliscor|Earthquake|p2a: Veluza\n|-damage|p2a: Veluza|0 fnt\n|faint|p2a: Veluza\n|\n|-heal|p1a: Gliscor|67/239 tox|[from] ability: Poison Heal\n|upkeep\n|\n|t:|1771138165\n|switch|p2a: Baxcalibur|Baxcalibur, L75, M|296/296\n|turn|17\n|\n|t:|1771138173\n|move|p1a: Gliscor|Knock Off|p2a: Baxcalibur\n|-damage|p2a: Baxcalibur|236/296\n|-enditem|p2a: Baxcalibur|Heavy-Duty Boots|[from] move: Knock Off|[of] p1a: Gliscor\n|move|p2a: Baxcalibur|Dragon Dance|p2a: Baxcalibur\n|-boost|p2a: Baxcalibur|atk|1\n|-boost|p2a: Baxcalibur|spe|1\n|\n|-heal|p1a: Gliscor|96/239 tox|[from] ability: Poison Heal\n|upkeep\n|turn|18\n|\n|t:|1771138192\n|move|p2a: Baxcalibur|Glaive Rush|p1a: Gliscor\n|-damage|p1a: Gliscor|0 fnt\n|-singlemove|p2a: Baxcalibur|Glaive Rush|[silent]\n|faint|p1a: Gliscor\n|\n|upkeep\n|\n|t:|1771138198\n|switch|p1a: Scream Tail|Scream Tail, L84|330/330\n|-activate|p1a: Scream Tail|move: Sticky Web\n|-unboost|p1a: Scream Tail|spe|1\n|turn|19\n|\n|t:|1771138211\n|-terastallize|p2a: Baxcalibur|Ground\n|move|p2a: Baxcalibur|Earthquake|p1a: Scream Tail\n|-damage|p1a: Scream Tail|162/330\n|move|p1a: Scream Tail|Dazzling Gleam|p2a: Baxcalibur\n|-crit|p2a: Baxcalibur\n|-damage|p2a: Baxcalibur|136/296\n|\n|-heal|p1a: Scream Tail|182/330|[from] item: Leftovers\n|upkeep\n|turn|20\n|\n|t:|1771138227\n|move|p2a: Baxcalibur|Dragon Dance|p2a: Baxcalibur\n|-boost|p2a: Baxcalibur|atk|1\n|-boost|p2a: Baxcalibur|spe|1\n|move|p1a: Scream Tail|Wish|p1a: Scream Tail\n|\n|-heal|p1a: Scream Tail|202/330|[from] item: Leftovers\n|upkeep\n|turn|21\n|\n|t:|1771138234\n|move|p1a: Scream Tail|Protect|p1a: Scream Tail\n|-singleturn|p1a: Scream Tail|Protect\n|move|p2a: Baxcalibur|Dragon Dance|p2a: Baxcalibur\n|-boost|p2a: Baxcalibur|atk|1\n|-boost|p2a: Baxcalibur|spe|1\n|\n|-heal|p1a: Scream Tail|330/330|[from] move: Wish|[wisher] Scream Tail\n|upkeep\n|turn|22\n|\n|t:|1771138244\n|move|p2a: Baxcalibur|Dragon Dance|p2a: Baxcalibur\n|-boost|p2a: Baxcalibur|atk|1\n|-boost|p2a: Baxcalibur|spe|1\n|move|p1a: Scream Tail|Encore|p2a: Baxcalibur\n|-start|p2a: Baxcalibur|Encore\n|\n|upkeep\n|turn|23\n|-message|incineroared forfeited.\n|\n|win|annadeneko\n|raw|annadeneko's rating: 1594 &rarr; <strong>1615</strong><br />(+21 for winning)\n|raw|incineroared's rating: 1607 &rarr; <strong>1586</strong><br />(-21 for losing)\n|l|☆incineroared\n|player|p2|\n", "inputlog": ">version 686819e5e19f8a7fd2345cfc5a08a5085efa2cc3\n>start {\"formatid\":\"gen9randombattle\",\"seed\":\"sodium,10d4a29b1ada297522b01f506c40bc06\",\"rated\":\"Rated battle\"}\n>player p1 {\"name\":\"annadeneko\",\"avatar\":\"valerie\",\"rating\":1594,\"seed\":\"sodium,ab53c2abf1a20d781235203461a544ab\"}\n>player p2 {\"name\":\"incineroared\",\"avatar\":\"grimsley\",\"rating\":1607,\"seed\":\"sodium,c51ba8d21701e7dac2281ff6f22d553b\"}\n>p1 move protect\n>p2 switch 2\n>p1 switch 5\n>p2 move facade\n>p1 move recover\n>p2 move facade\n>p1 move recover\n>p2 switch 6\n>p1 move teleport\n>p2 move doubleedge\n>p1 switch 3\n>p1 move facade\n>p2 move doubleedge\n>p2 switch 6\n>p1 switch 3\n>p2 move facade\n>p1 switch 4\n>p1 move coil\n>p2 switch 3\n>p1 move bodyslam\n>p2 move stickyweb\n>p1 move bodyslam\n>p2 move thunder\n>p2 switch 4\n>p1 move bodyslam\n>p2 move leafstorm\n>p1 switch 3\n>p1 move facade\n>p2 switch 3\n>p2 switch 3\n>p1 move facade\n>p2 move leafstorm\n>p2 switch 5\n>p1 move facade\n>p2 move aquacutter\n>p1 switch 5\n>p1 move knockoff terastallize\n>p2 move filletaway\n>p1 move earthquake\n>p2 move psychocut\n>p2 switch 2\n>p1 move knockoff\n>p2 move dragondance\n>p1 move toxic\n>p2 move glaiverush\n>p1 switch 6\n>p1 move dazzlinggleam\n>p2 move earthquake terastallize\n>p1 move wish\n>p2 move dragondance\n>p1 move protect\n>p2 move dragondance\n>p1 move encore\n>p2 move dragondance\n>forcelose p2", "uploadtime": 1771138602, "views": 17, "formatid": "gen9randombattle", "rating": 1586, "private": 0, "password": null}