{"id": "gen9randombattle-2540520365", "format": "[Gen 9] Random Battle", "players": ["delabhigap", "AnonymousBW"], "log": "|j|☆delabhigap\n|j|☆AnonymousBW\n|t:|1771212408\n|gametype|singles\n|player|p1|delabhigap|102|1631\n|player|p2|AnonymousBW|lucas|1652\n|gen|9\n|tier|[Gen 9] Random Battle\n|rated|\n|rule|Species Clause: Limit one of each Pokémon\n|rule|HP Percentage Mod: HP is shown in percentages\n|rule|Sleep Clause Mod: Limit one foe put to sleep\n|rule|Illusion Level Mod: Illusion disguises the Pokémon's true level\n|\n|t:|1771212408\n|teamsize|p1|6\n|teamsize|p2|6\n|start\n|switch|p1a: Kingdra|Kingdra, L84, M|263/263\n|switch|p2a: Yanmega|Yanmega, L82, F|275/275\n|turn|1\n|inactive|Battle timer is ON: inactive players will automatically lose when time's up. (requested by delabhigap)\n|\n|t:|1771212421\n|move|p2a: Yanmega|Bug Buzz|p1a: Kingdra\n|-damage|p1a: Kingdra|161/263\n|move|p1a: Kingdra|Dragon Dance|p1a: Kingdra\n|-boost|p1a: Kingdra|atk|1\n|-boost|p1a: Kingdra|spe|1\n|\n|-ability|p2a: Yanmega|Speed Boost|boost\n|-boost|p2a: Yanmega|spe|1\n|upkeep\n|turn|2\n|\n|t:|1771212428\n|move|p2a: Yanmega|Bug Buzz|p1a: Kingdra\n|-damage|p1a: Kingdra|65/263\n|move|p1a: Kingdra|Wave Crash|p2a: Yanmega\n|-damage|p2a: Yanmega|67/275\n|-damage|p1a: Kingdra|0 fnt|[from] Recoil\n|faint|p1a: Kingdra\n|\n|-ability|p2a: Yanmega|Speed Boost|boost\n|-boost|p2a: Yanmega|spe|1\n|upkeep\n|\n|t:|1771212439\n|switch|p1a: Komala|Komala, L89, M|260/260\n|-ability|p1a: Komala|Comatose\n|turn|3\n|\n|t:|1771212444\n|move|p2a: Yanmega|Protect|p2a: Yanmega\n|-singleturn|p2a: Yanmega|Protect\n|move|p1a: Komala|Body Slam|p2a: Yanmega\n|-activate|p2a: Yanmega|move: Protect\n|\n|-ability|p2a: Yanmega|Speed Boost|boost\n|-boost|p2a: Yanmega|spe|1\n|upkeep\n|turn|4\n|\n|t:|1771212452\n|switch|p2a: Sableye|Sableye, L88, M|231/231\n|move|p1a: Komala|Body Slam|p2a: Sableye\n|-immune|p2a: Sableye\n|\n|upkeep\n|turn|5\n|\n|t:|1771212460\n|switch|p1a: Scizor|Scizor, L79, M|240/240\n|move|p2a: Sableye|Thunder Wave|p1a: Scizor\n|-status|p1a: Scizor|par\n|\n|upkeep\n|turn|6\n|\n|t:|1771212465\n|move|p2a: Sableye|Knock Off|p1a: Scizor\n|-damage|p1a: Scizor|153/240 par\n|-enditem|p1a: Scizor|Choice Band|[from] move: Knock Off|[of] p2a: Sableye\n|move|p1a: Scizor|U-turn|p2a: Sableye\n|-damage|p2a: Sableye|140/231\n|inactive|delabhigap has 120 seconds left.\n|\n|t:|1771212508\n|switch|p1a: Komala|Komala, L89, M|260/260|[from] U-turn\n|-ability|p1a: Komala|Comatose\n|\n|-heal|p2a: Sableye|154/231|[from] item: Leftovers\n|upkeep\n|turn|7\n|inactive|delabhigap has 120 seconds left.\n|\n|t:|1771212523\n|move|p2a: Sableye|Recover|p2a: Sableye\n|-heal|p2a: Sableye|231/231\n|move|p1a: Komala|Knock Off|p2a: Sableye\n|-damage|p2a: Sableye|134/231\n|-enditem|p2a: Sableye|Leftovers|[from] move: Knock Off|[of] p1a: Komala\n|\n|upkeep\n|turn|8\n|\n|t:|1771212532\n|switch|p1a: Scizor|Scizor, L79, M|153/240 par\n|move|p2a: Sableye|Knock Off|p1a: Scizor\n|-damage|p1a: Scizor|92/240 par\n|\n|upkeep\n|turn|9\n|\n|t:|1771212542\n|move|p2a: Sableye|Knock Off|p1a: Scizor\n|-damage|p1a: Scizor|34/240 par\n|move|p1a: Scizor|U-turn|p2a: Sableye\n|-damage|p2a: Sableye|46/231\n|\n|t:|1771212556\n|switch|p1a: Hoopa|Hoopa, L85|275/275|[from] U-turn\n|\n|upkeep\n|turn|10\n|\n|t:|1771212564\n|move|p2a: Sableye|Thunder Wave|p1a: Hoopa|[miss]\n|-miss|p2a: Sableye|p1a: Hoopa\n|move|p1a: Hoopa|Shadow Ball|p2a: Sableye\n|-damage|p2a: Sableye|0 fnt\n|faint|p2a: Sableye\n|-damage|p1a: Hoopa|248/275|[from] item: Life Orb\n|\n|upkeep\n|\n|t:|1771212575\n|switch|p2a: Yanmega|Yanmega, L82, F|67/275\n|turn|11\n|\n|t:|1771212580\n|move|p2a: Yanmega|Bug Buzz|p1a: Hoopa\n|-damage|p1a: Hoopa|172/275\n|move|p1a: Hoopa|Shadow Ball|p2a: Yanmega\n|-damage|p2a: Yanmega|0 fnt\n|faint|p2a: Yanmega\n|-damage|p1a: Hoopa|145/275|[from] item: Life Orb\n|\n|upkeep\n|\n|t:|1771212592\n|switch|p2a: Feraligatr|Feraligatr, L79, M|264/264\n|turn|12\n|\n|t:|1771212601\n|move|p2a: Feraligatr|Dragon Dance|p2a: Feraligatr\n|-boost|p2a: Feraligatr|atk|1\n|-boost|p2a: Feraligatr|spe|1\n|move|p1a: Hoopa|Psychic|p2a: Feraligatr\n|-damage|p2a: Feraligatr|44/264\n|-damage|p1a: Hoopa|118/275|[from] item: Life Orb\n|\n|upkeep\n|turn|13\n|\n|t:|1771212611\n|move|p2a: Feraligatr|Liquidation|p1a: Hoopa\n|-damage|p1a: Hoopa|0 fnt\n|faint|p1a: Hoopa\n|\n|upkeep\n|\n|t:|1771212628\n|switch|p1a: Ceruledge|Ceruledge, L78, M|245/245\n|turn|14\n|\n|t:|1771212632\n|switch|p2a: Porygon-Z|Porygon-Z, L83|277/277\n|-ability|p2a: Porygon-Z|Download|boost\n|-boost|p2a: Porygon-Z|atk|1\n|-terastallize|p1a: Ceruledge|Ghost\n|move|p1a: Ceruledge|Shadow Sneak|p2a: Porygon-Z\n|-immune|p2a: Porygon-Z\n|\n|upkeep\n|turn|15\n|\n|t:|1771212641\n|switch|p1a: Komala|Komala, L89, M|260/260\n|-ability|p1a: Komala|Comatose\n|move|p2a: Porygon-Z|Trick|p1a: Komala\n|-activate|p2a: Porygon-Z|move: Trick|[of] p1a: Komala\n|-item|p1a: Komala|Choice Scarf|[from] move: Trick\n|-item|p2a: Porygon-Z|Choice Scarf|[from] move: Trick\n|\n|upkeep\n|turn|16\n|\n|t:|1771212669\n|move|p2a: Porygon-Z|Thunderbolt|p1a: Komala\n|-damage|p1a: Komala|187/260\n|move|p1a: Komala|Body Slam|p2a: Porygon-Z\n|-damage|p2a: Porygon-Z|133/277\n|\n|upkeep\n|turn|17\n|inactive|delabhigap has 120 seconds left.\n|\n|t:|1771212691\n|move|p2a: Porygon-Z|Thunderbolt|p1a: Komala\n|-damage|p1a: Komala|108/260\n|move|p1a: Komala|Body Slam|p2a: Porygon-Z\n|-damage|p2a: Porygon-Z|0 fnt\n|faint|p2a: Porygon-Z\n|\n|upkeep\n|\n|t:|1771212697\n|switch|p2a: Lunala|Lunala, L70|308/308\n|turn|18\n|\n|t:|1771212704\n|switch|p1a: Scizor|Scizor, L79, M|34/240 par\n|move|p2a: Lunala|Moongeist Beam|p1a: Scizor\n|-damage|p1a: Scizor|0 fnt\n|faint|p1a: Scizor\n|\n|upkeep\n|inactive|delabhigap has 120 seconds left.\n|\n|t:|1771212715\n|switch|p1a: Komala|Komala, L89, M|108/260\n|-ability|p1a: Komala|Comatose\n|turn|19\n|\n|t:|1771212721\n|-terastallize|p2a: Lunala|Fairy\n|move|p1a: Komala|Knock Off|p2a: Lunala\n|-resisted|p2a: Lunala\n|-damage|p2a: Lunala|283/308\n|-enditem|p2a: Lunala|Leftovers|[from] move: Knock Off|[of] p1a: Komala\n|move|p2a: Lunala|Calm Mind|p2a: Lunala\n|-boost|p2a: Lunala|spa|1\n|-boost|p2a: Lunala|spd|1\n|\n|upkeep\n|turn|20\n|\n|t:|1771212734\n|switch|p1a: Ceruledge|Ceruledge, L78, M, tera:Ghost|245/245\n|move|p2a: Lunala|Moonlight|p2a: Lunala\n|-heal|p2a: Lunala|308/308\n|\n|upkeep\n|turn|21\n|\n|t:|1771212741\n|switch|p1a: Komala|Komala, L89, M|108/260\n|-ability|p1a: Komala|Comatose\n|move|p2a: Lunala|Moongeist Beam|p1a: Komala\n|-immune|p1a: Komala\n|\n|upkeep\n|turn|22\n|\n|t:|1771212749\n|move|p1a: Komala|Body Slam|p2a: Lunala\n|-damage|p2a: Lunala|240/308\n|move|p2a: Lunala|Psyshock|p1a: Komala\n|-damage|p1a: Komala|0 fnt\n|faint|p1a: Komala\n|\n|upkeep\n|\n|t:|1771212754\n|switch|p1a: Corviknight|Corviknight, L80, F|288/288\n|turn|23\n|\n|t:|1771212762\n|move|p2a: Lunala|Moonlight|p2a: Lunala\n|-heal|p2a: Lunala|308/308\n|move|p1a: Corviknight|Brave Bird|p2a: Lunala\n|-damage|p2a: Lunala|247/308\n|-damage|p1a: Corviknight|268/288|[from] Recoil\n|\n|upkeep\n|turn|24\n|\n|t:|1771212770\n|move|p2a: Lunala|Moongeist Beam|p1a: Corviknight\n|-damage|p1a: Corviknight|105/288\n|move|p1a: Corviknight|Brave Bird|p2a: Lunala\n|-damage|p2a: Lunala|124/308\n|-damage|p1a: Corviknight|64/288|[from] Recoil\n|\n|upkeep\n|turn|25\n|\n|t:|1771212777\n|move|p2a: Lunala|Moonlight|p2a: Lunala\n|-heal|p2a: Lunala|278/308\n|move|p1a: Corviknight|Brave Bird|p2a: Lunala\n|-damage|p2a: Lunala|146/308\n|-damage|p1a: Corviknight|20/288|[from] Recoil\n|\n|upkeep\n|turn|26\n|\n|t:|1771212788\n|move|p2a: Lunala|Moonlight|p2a: Lunala\n|-heal|p2a: Lunala|300/308\n|move|p1a: Corviknight|Brave Bird|p2a: Lunala\n|-damage|p2a: Lunala|171/308\n|-damage|p1a: Corviknight|0 fnt|[from] Recoil\n|faint|p1a: Corviknight\n|\n|upkeep\n|\n|t:|1771212791\n|switch|p1a: Ceruledge|Ceruledge, L78, M, tera:Ghost|245/245\n|turn|27\n|\n|t:|1771212800\n|move|p1a: Ceruledge|Bitter Blade|p2a: Lunala\n|-damage|p2a: Lunala|56/308\n|move|p2a: Lunala|Moongeist Beam|p1a: Ceruledge\n|-supereffective|p1a: Ceruledge\n|-damage|p1a: Ceruledge|0 fnt\n|faint|p1a: Ceruledge\n|\n|win|AnonymousBW\n|raw|delabhigap's rating: 1631 &rarr; <strong>1612</strong><br />(-19 for losing)\n|raw|AnonymousBW's rating: 1652 &rarr; <strong>1671</strong><br />(+19 for winning)\n|c|☆AnonymousBW|gg\n|l|☆delabhigap\n|player|p1|\n", "inputlog": ">version 686819e5e19f8a7fd2345cfc5a08a5085efa2cc3\n>start {\"formatid\":\"gen9randombattle\",\"seed\":\"sodium,377f251048f01dc009fc2d3b5a8509c2\",\"rated\":\"Rated battle\"}\n>player p1 {\"name\":\"delabhigap\",\"avatar\":\"102\",\"rating\":1631,\"seed\":\"sodium,a7a0fc78f7941add2ad25162c573eca6\"}\n>player p2 {\"name\":\"AnonymousBW\",\"avatar\":\"lucas\",\"rating\":1652,\"seed\":\"sodium,8f59eff90ce2a20a37f90f0feb41dbc9\"}\n>p1 move dragondance\n>p2 move bugbuzz\n>p1 move wavecrash\n>p2 move bugbuzz\n>p1 switch 6\n>p1 move bodyslam\n>p2 move protect\n>p1 move bodyslam\n>p2 switch 6\n>p1 switch 2\n>p2 move thunderwave\n>p1 move uturn\n>p2 move knockoff\n>p1 switch 2\n>p1 move knockoff\n>p2 move recover\n>p1 switch 2\n>p2 move knockoff\n>p1 move uturn\n>p2 move knockoff\n>p1 switch 4\n>p1 move shadowball\n>p2 move thunderwave\n>p2 switch 6\n>p1 move shadowball\n>p2 move bugbuzz\n>p2 switch 4\n>p1 move psychic\n>p2 move dragondance\n>p1 move psychic\n>p2 move liquidation\n>p1 switch 5\n>p1 move shadowsneak terastallize\n>p2 switch 2\n>p1 switch 2\n>p2 move trick\n>p1 move bodyslam\n>p2 move thunderbolt\n>p1 move bodyslam\n>p2 move thunderbolt\n>p2 switch 5\n>p1 switch 4\n>p2 move moongeistbeam\n>p1 switch 4\n>p1 move knockoff\n>p2 move calmmind terastallize\n>p1 switch 2\n>p2 move moonlight\n>p1 switch 2\n>p2 move moongeistbeam\n>p1 move bodyslam\n>p2 move psyshock\n>p1 switch 3\n>p1 move bravebird\n>p2 move moonlight\n>p1 move bravebird\n>p2 move moongeistbeam\n>p1 move bravebird\n>p2 move moonlight\n>p1 move bravebird\n>p2 move moonlight\n>p1 switch 2\n>p1 move bitterblade\n>p2 move moongeistbeam", "uploadtime": 1771212811, "views": 13, "formatid": "gen9randombattle", "rating": 1612, "private": 0, "password": null}