{"id": "gen9randombattle-2540301687", "format": "[Gen 9] Random Battle", "players": ["F1ish", "Michielleus"], "log": "|badge|p1|bronze|gen9randombattle|100-8\n|uhtml|medal-msg|<div class=\"broadcast-blue\">Curious what those medals under the avatar are? PS now has Ladder Seasons! For more information, check out the <a href=\"https://www.smogon.com/forums/threads/3740067/\">thread on Smogon.</a></div>\n|badge|p2|silver|gen9randombattle|30-8\n|uhtml|medal-msg|<div class=\"broadcast-blue\">Curious what those medals under the avatar are? PS now has Ladder Seasons! For more information, check out the <a href=\"https://www.smogon.com/forums/threads/3740067/\">thread on Smogon.</a></div>\n|j|‽F1ish\n|j|☆Michielleus\n|t:|1771186375\n|gametype|singles\n|player|p1|F1ish|102|2320\n|player|p2|Michielleus|#michielleus|2403\n|gen|9\n|tier|[Gen 9] Random Battle\n|rated|\n|rule|Species Clause: Limit one of each Pokémon\n|rule|HP Percentage Mod: HP is shown in percentages\n|rule|Sleep Clause Mod: Limit one foe put to sleep\n|rule|Illusion Level Mod: Illusion disguises the Pokémon's true level\n|\n|t:|1771186375\n|teamsize|p1|6\n|teamsize|p2|6\n|start\n|switch|p1a: Darkrai|Darkrai, L77|234/234\n|switch|p2a: Dugtrio|Dugtrio, L84, F|196/196\n|turn|1\n|inactive|Battle timer is ON: inactive players will automatically lose when time's up. (requested by Michielleus)\n|inactive|F1ish also wants the timer to be on.\n|\n|t:|1771186382\n|move|p2a: Dugtrio|Swords Dance|p2a: Dugtrio\n|-boost|p2a: Dugtrio|atk|2\n|move|p1a: Darkrai|Dark Pulse|p2a: Dugtrio\n|-damage|p2a: Dugtrio|90/196\n|\n|upkeep\n|turn|2\n|\n|t:|1771186384\n|move|p2a: Dugtrio|Earthquake|p1a: Darkrai\n|-damage|p1a: Darkrai|0 fnt\n|faint|p1a: Darkrai\n|\n|upkeep\n|\n|t:|1771186388\n|switch|p1a: Barraskewda|Barraskewda, L81, F|231/231\n|turn|3\n|\n|t:|1771186393\n|move|p2a: Dugtrio|Sucker Punch|p1a: Barraskewda\n|-damage|p1a: Barraskewda|93/231\n|move|p1a: Barraskewda|Flip Turn|p2a: Dugtrio\n|-supereffective|p2a: Dugtrio\n|-damage|p2a: Dugtrio|0 fnt\n|faint|p2a: Dugtrio\n|\n|t:|1771186399\n|switch|p1a: Sandy Shocks|Sandy Shocks, L80|267/267|[from] Flip Turn\n|\n|upkeep\n|\n|t:|1771186405\n|switch|p2a: Mudsdale|Mudsdale, L83, M|302/302\n|turn|4\n|\n|t:|1771186411\n|move|p1a: Sandy Shocks|Earth Power|p2a: Mudsdale\n|-damage|p2a: Mudsdale|197/302\n|-ability|p2a: Mudsdale|Stamina|boost\n|-boost|p2a: Mudsdale|def|1\n|move|p2a: Mudsdale|Stealth Rock|p1a: Sandy Shocks\n|-sidestart|p1: F1ish|move: Stealth Rock\n|\n|-heal|p2a: Mudsdale|215/302|[from] item: Leftovers\n|upkeep\n|turn|5\n|\n|t:|1771186414\n|move|p1a: Sandy Shocks|Earth Power|p2a: Mudsdale\n|-damage|p2a: Mudsdale|110/302\n|-ability|p2a: Mudsdale|Stamina|boost\n|-boost|p2a: Mudsdale|def|1\n|move|p2a: Mudsdale|Heavy Slam|p1a: Sandy Shocks\n|-resisted|p1a: Sandy Shocks\n|-crit|p1a: Sandy Shocks\n|-damage|p1a: Sandy Shocks|191/267\n|\n|-heal|p2a: Mudsdale|128/302|[from] item: Leftovers\n|upkeep\n|turn|6\n|\n|t:|1771186418\n|move|p1a: Sandy Shocks|Earth Power|p2a: Mudsdale\n|-damage|p2a: Mudsdale|28/302\n|-ability|p2a: Mudsdale|Stamina|boost\n|-boost|p2a: Mudsdale|def|1\n|move|p2a: Mudsdale|Earthquake|p1a: Sandy Shocks\n|-supereffective|p1a: Sandy Shocks\n|-damage|p1a: Sandy Shocks|0 fnt\n|faint|p1a: Sandy Shocks\n|-end|p1a: Sandy Shocks|Protosynthesis|[silent]\n|\n|-heal|p2a: Mudsdale|46/302|[from] item: Leftovers\n|upkeep\n|\n|t:|1771186423\n|switch|p1a: Barraskewda|Barraskewda, L81, F|93/231\n|-damage|p1a: Barraskewda|65/231|[from] Stealth Rock\n|turn|7\n|\n|t:|1771186428\n|switch|p2a: Bellossom|Bellossom, L84, M|263/263\n|move|p1a: Barraskewda|Waterfall|p2a: Bellossom\n|-resisted|p2a: Bellossom\n|-damage|p2a: Bellossom|200/263\n|\n|-heal|p2a: Bellossom|216/263|[from] item: Leftovers\n|upkeep\n|turn|8\n|\n|t:|1771186431\n|switch|p1a: Okidogi|Okidogi, L77, M|262/262\n|-damage|p1a: Okidogi|246/262|[from] Stealth Rock\n|move|p2a: Bellossom|Sludge Bomb|p1a: Okidogi\n|-resisted|p1a: Okidogi\n|-damage|p1a: Okidogi|212/262\n|\n|-heal|p1a: Okidogi|228/262|[from] item: Leftovers\n|-heal|p2a: Bellossom|232/263|[from] item: Leftovers\n|upkeep\n|turn|9\n|j| MidnightBeasts\n|\n|t:|1771186438\n|switch|p2a: Mudsdale|Mudsdale, L83, M|46/302\n|move|p1a: Okidogi|Knock Off|p2a: Mudsdale\n|-damage|p2a: Mudsdale|0 fnt\n|-enditem|p2a: Mudsdale|Leftovers|[from] move: Knock Off|[of] p1a: Okidogi\n|faint|p2a: Mudsdale\n|\n|-heal|p1a: Okidogi|244/262|[from] item: Leftovers\n|upkeep\n|\n|t:|1771186442\n|switch|p2a: Politoed|Politoed, L88, F|302/302\n|-weather|RainDance|[from] ability: Drizzle|[of] p2a: Politoed\n|turn|10\n|\n|t:|1771186448\n|move|p2a: Politoed|Weather Ball|p1a: Okidogi\n|-damage|p1a: Okidogi|0 fnt\n|faint|p1a: Okidogi\n|\n|-weather|RainDance|[upkeep]\n|upkeep\n|\n|t:|1771186455\n|switch|p1a: Barraskewda|Barraskewda, L81, F|65/231\n|-damage|p1a: Barraskewda|37/231|[from] Stealth Rock\n|turn|11\n|\n|t:|1771186460\n|switch|p2a: Bellossom|Bellossom, L84, M|232/263\n|move|p1a: Barraskewda|Close Combat|p2a: Bellossom\n|-damage|p2a: Bellossom|100/263\n|-unboost|p1a: Barraskewda|def|1\n|-unboost|p1a: Barraskewda|spd|1\n|\n|-weather|RainDance|[upkeep]\n|-heal|p2a: Bellossom|116/263|[from] item: Leftovers\n|upkeep\n|turn|12\n|\n|t:|1771186466\n|switch|p2a: Sylveon|Sylveon, L85, M|300/300\n|move|p1a: Barraskewda|Close Combat|p2a: Sylveon\n|-resisted|p2a: Sylveon\n|-damage|p2a: Sylveon|209/300\n|-unboost|p1a: Barraskewda|def|1\n|-unboost|p1a: Barraskewda|spd|1\n|\n|-weather|RainDance|[upkeep]\n|-heal|p2a: Sylveon|227/300|[from] item: Leftovers\n|upkeep\n|turn|13\n|\n|t:|1771186469\n|move|p1a: Barraskewda|Close Combat|p2a: Sylveon\n|-resisted|p2a: Sylveon\n|-damage|p2a: Sylveon|132/300\n|-unboost|p1a: Barraskewda|def|1\n|-unboost|p1a: Barraskewda|spd|1\n|move|p2a: Sylveon|Wish|p2a: Sylveon\n|\n|-weather|RainDance|[upkeep]\n|-heal|p2a: Sylveon|150/300|[from] item: Leftovers\n|upkeep\n|turn|14\n|\n|t:|1771186473\n|switch|p1a: Mew|Mew, L82|298/298\n|-damage|p1a: Mew|261/298|[from] Stealth Rock\n|move|p2a: Sylveon|Calm Mind|p2a: Sylveon\n|-boost|p2a: Sylveon|spa|1\n|-boost|p2a: Sylveon|spd|1\n|\n|-weather|none\n|-heal|p2a: Sylveon|300/300|[from] move: Wish|[wisher] Sylveon\n|upkeep\n|turn|15\n|\n|t:|1771186481\n|move|p1a: Mew|Nasty Plot|p1a: Mew\n|-boost|p1a: Mew|spa|2\n|move|p2a: Sylveon|Hyper Voice|p1a: Mew\n|-damage|p1a: Mew|84/298\n|\n|upkeep\n|turn|16\n|\n|t:|1771186484\n|move|p1a: Mew|Psychic|p2a: Sylveon\n|-damage|p2a: Sylveon|191/300\n|-damage|p1a: Mew|55/298|[from] item: Life Orb\n|move|p2a: Sylveon|Hyper Voice|p1a: Mew\n|-crit|p1a: Mew\n|-damage|p1a: Mew|0 fnt\n|faint|p1a: Mew\n|\n|-heal|p2a: Sylveon|209/300|[from] item: Leftovers\n|upkeep\n|\n|t:|1771186486\n|switch|p1a: Barraskewda|Barraskewda, L81, F|37/231\n|-damage|p1a: Barraskewda|9/231|[from] Stealth Rock\n|turn|17\n|\n|t:|1771186489\n|move|p2a: Sylveon|Protect|p2a: Sylveon\n|-singleturn|p2a: Sylveon|Protect\n|move|p1a: Barraskewda|Waterfall|p2a: Sylveon\n|-activate|p2a: Sylveon|move: Protect\n|\n|-heal|p2a: Sylveon|227/300|[from] item: Leftovers\n|upkeep\n|turn|18\n|\n|t:|1771186494\n|move|p1a: Barraskewda|Waterfall|p2a: Sylveon\n|-damage|p2a: Sylveon|55/300\n|move|p2a: Sylveon|Hyper Voice|p1a: Barraskewda\n|-damage|p1a: Barraskewda|0 fnt\n|faint|p1a: Barraskewda\n|\n|-heal|p2a: Sylveon|73/300|[from] item: Leftovers\n|upkeep\n|\n|t:|1771186496\n|switch|p1a: Deoxys|Deoxys-Attack, L72|191/191\n|-damage|p1a: Deoxys|168/191|[from] Stealth Rock\n|-ability|p1a: Deoxys|Pressure\n|turn|19\n|\n|t:|1771186503\n|move|p2a: Sylveon|Protect|p2a: Sylveon\n|-singleturn|p2a: Sylveon|Protect\n|move|p1a: Deoxys|Psycho Boost|p2a: Sylveon\n|-activate|p2a: Sylveon|move: Protect\n|\n|-heal|p2a: Sylveon|91/300|[from] item: Leftovers\n|upkeep\n|turn|20\n|\n|t:|1771186511\n|move|p2a: Sylveon|Protect||[still]\n|-fail|p2a: Sylveon\n|move|p1a: Deoxys|Ice Beam|p2a: Sylveon\n|-damage|p2a: Sylveon|38/300\n|-damage|p1a: Deoxys|149/191|[from] item: Life Orb\n|\n|-heal|p2a: Sylveon|56/300|[from] item: Leftovers\n|upkeep\n|turn|21\n|\n|t:|1771186518\n|move|p2a: Sylveon|Protect|p2a: Sylveon\n|-singleturn|p2a: Sylveon|Protect\n|move|p1a: Deoxys|Knock Off|p2a: Sylveon\n|-activate|p2a: Sylveon|move: Protect\n|\n|-heal|p2a: Sylveon|74/300|[from] item: Leftovers\n|upkeep\n|turn|22\n|\n|t:|1771186524\n|move|p1a: Deoxys|Superpower|p2a: Sylveon\n|-resisted|p2a: Sylveon\n|-damage|p2a: Sylveon|0 fnt\n|-unboost|p1a: Deoxys|atk|1\n|-unboost|p1a: Deoxys|def|1\n|faint|p2a: Sylveon\n|-damage|p1a: Deoxys|130/191|[from] item: Life Orb\n|\n|upkeep\n|\n|t:|1771186537\n|switch|p2a: Politoed|Politoed, L88, F|302/302\n|-weather|RainDance|[from] ability: Drizzle|[of] p2a: Politoed\n|turn|23\n|\n|t:|1771186540\n|-terastallize|p1a: Deoxys|Psychic\n|move|p1a: Deoxys|Psycho Boost|p2a: Politoed|[miss]\n|-miss|p1a: Deoxys|p2a: Politoed\n|move|p2a: Politoed|Weather Ball|p1a: Deoxys\n|-damage|p1a: Deoxys|0 fnt\n|faint|p1a: Deoxys\n|\n|win|Michielleus\n|raw|F1ish's rating: 2320 &rarr; <strong>2305</strong><br />(-15 for losing)\n|raw|Michielleus's rating: 2403 &rarr; <strong>2418</strong><br />(+15 for winning)\n", "inputlog": ">version 686819e5e19f8a7fd2345cfc5a08a5085efa2cc3\n>start {\"formatid\":\"gen9randombattle\",\"seed\":\"sodium,c9284393e6f46ea54e47564d83b1e2bf\",\"rated\":\"Rated battle\"}\n>player p1 {\"name\":\"F1ish\",\"avatar\":\"102\",\"rating\":2320,\"seed\":\"sodium,6e3647c9990a88569af9dfa30799a4f3\"}\n>player p2 {\"name\":\"Michielleus\",\"avatar\":\"#michielleus\",\"rating\":2403,\"seed\":\"sodium,c9ba3ee249a0237147b5a3024657e546\"}\n>p1 move darkpulse\n>p2 move swordsdance\n>p1 move darkpulse\n>p2 move earthquake\n>p1 switch 4\n>p1 move flipturn\n>p2 move suckerpunch\n>p1 switch 2\n>p2 switch 5\n>p1 move earthpower\n>p2 move stealthrock\n>p1 move earthpower\n>p2 move heavyslam\n>p1 move earthpower\n>p2 move earthquake\n>p1 switch 2\n>p1 move waterfall\n>p2 switch 2\n>p1 switch 5\n>p2 move sludgebomb\n>p1 move knockoff\n>p2 switch 2\n>p2 switch 4\n>p1 move gunkshot\n>p2 move weatherball\n>p1 switch 5\n>p1 move closecombat\n>p2 switch 2\n>p1 move closecombat\n>p2 switch 6\n>p1 move closecombat\n>p2 move wish\n>p1 switch 6\n>p2 move calmmind\n>p1 move nastyplot\n>p2 move hypervoice\n>p1 move psychic\n>p2 move hypervoice\n>p1 switch 6\n>p1 move waterfall\n>p2 move protect\n>p1 move waterfall\n>p2 move hypervoice\n>p1 switch 3\n>p1 move psychoboost\n>p2 move protect\n>p1 move icebeam\n>p2 move protect\n>p1 move knockoff\n>p2 move protect\n>p1 move superpower\n>p2 move hypervoice\n>p2 switch 2\n>p1 move psychoboost terastallize\n>p2 move weatherball", "uploadtime": 1771186542, "views": 18, "formatid": "gen9randombattle", "rating": 2305, "private": 0, "password": null}