{"id": "gen9randombattle-2540056540", "format": "[Gen 9] Random Battle", "players": ["jaded masquerade", "Mewcastle United"], "log": "|j|☆jaded masquerade\n|j|☆Mewcastle United\n|t:|1771153801\n|gametype|singles\n|player|p1|jaded masquerade|clerk|1479\n|player|p2|Mewcastle United|lance-masters2|1541\n|gen|9\n|tier|[Gen 9] Random Battle\n|rated|\n|rule|Species Clause: Limit one of each Pokémon\n|rule|HP Percentage Mod: HP is shown in percentages\n|rule|Sleep Clause Mod: Limit one foe put to sleep\n|rule|Illusion Level Mod: Illusion disguises the Pokémon's true level\n|\n|t:|1771153801\n|teamsize|p1|6\n|teamsize|p2|6\n|start\n|switch|p1a: Flamigo|Flamigo, L82, F|269/269\n|switch|p2a: Arceus|Arceus-Fire, L72|291/291\n|turn|1\n|inactive|Battle timer is ON: inactive players will automatically lose when time's up. (requested by Mewcastle United)\n|\n|t:|1771153817\n|switch|p1a: Whiscash|Whiscash, L88, M|337/337\n|move|p2a: Arceus|Dragon Dance|p2a: Arceus\n|-boost|p2a: Arceus|atk|1\n|-boost|p2a: Arceus|spe|1\n|\n|upkeep\n|turn|2\n|inactive|jaded masquerade has 120 seconds left.\n|\n|t:|1771153849\n|move|p2a: Arceus|Dragon Dance|p2a: Arceus\n|-boost|p2a: Arceus|atk|1\n|-boost|p2a: Arceus|spe|1\n|move|p1a: Whiscash|Earthquake|p2a: Arceus\n|-supereffective|p2a: Arceus\n|-damage|p2a: Arceus|39/291\n|-damage|p1a: Whiscash|304/337|[from] item: Life Orb\n|\n|upkeep\n|turn|3\n|\n|t:|1771153866\n|move|p2a: Arceus|Earthquake|p1a: Whiscash\n|-crit|p1a: Whiscash\n|-damage|p1a: Whiscash|110/337\n|move|p1a: Whiscash|Liquidation|p2a: Arceus\n|-supereffective|p2a: Arceus\n|-damage|p2a: Arceus|0 fnt\n|faint|p2a: Arceus\n|-damage|p1a: Whiscash|77/337|[from] item: Life Orb\n|\n|upkeep\n|\n|t:|1771153871\n|switch|p2a: Comfey|Comfey, L85, F|225/225\n|turn|4\n|inactive|jaded masquerade has 120 seconds left.\n|\n|t:|1771153909\n|move|p2a: Comfey|Calm Mind|p2a: Comfey\n|-boost|p2a: Comfey|spa|1\n|-boost|p2a: Comfey|spd|1\n|move|p1a: Whiscash|Earthquake|p2a: Comfey\n|-damage|p2a: Comfey|103/225\n|-damage|p1a: Whiscash|44/337|[from] item: Life Orb\n|\n|-heal|p2a: Comfey|117/225|[from] item: Leftovers\n|upkeep\n|turn|5\n|\n|t:|1771153915\n|move|p2a: Comfey|Calm Mind|p2a: Comfey\n|-boost|p2a: Comfey|spa|1\n|-boost|p2a: Comfey|spd|1\n|move|p1a: Whiscash|Earthquake|p2a: Comfey\n|-damage|p2a: Comfey|0 fnt\n|faint|p2a: Comfey\n|-damage|p1a: Whiscash|11/337|[from] item: Life Orb\n|\n|upkeep\n|\n|t:|1771153919\n|switch|p2a: Volcarona|Volcarona, L77, M|257/257\n|turn|6\n|\n|t:|1771153924\n|move|p2a: Volcarona|Fiery Dance|p1a: Whiscash\n|-resisted|p1a: Whiscash\n|-damage|p1a: Whiscash|0 fnt\n|faint|p1a: Whiscash\n|\n|upkeep\n|\n|t:|1771153927\n|switch|p1a: Sudowoodo|Sudowoodo, L94, F|284/284\n|turn|7\n|\n|t:|1771153929\n|move|p2a: Volcarona|Giga Drain|p1a: Sudowoodo\n|-supereffective|p1a: Sudowoodo\n|-damage|p1a: Sudowoodo|150/284\n|move|p1a: Sudowoodo|Head Smash|p2a: Volcarona\n|-supereffective|p2a: Volcarona\n|-damage|p2a: Volcarona|0 fnt\n|-status|p1a: Sudowoodo|brn|[from] ability: Flame Body|[of] p2a: Volcarona\n|faint|p2a: Volcarona\n|\n|-heal|p1a: Sudowoodo|167/284 brn|[from] item: Leftovers\n|-damage|p1a: Sudowoodo|150/284 brn|[from] brn\n|upkeep\n|\n|t:|1771153936\n|switch|p2a: Golduck|Golduck, L90, F|290/290\n|-ability|p2a: Golduck|Cloud Nine\n|turn|8\n|\n|t:|1771153949\n|move|p2a: Golduck|Hydro Pump|p1a: Sudowoodo\n|-supereffective|p1a: Sudowoodo\n|-damage|p1a: Sudowoodo|0 fnt\n|faint|p1a: Sudowoodo\n|\n|upkeep\n|\n|t:|1771153951\n|switch|p1a: Jolteon|Jolteon, L84, F|246/246\n|turn|9\n|\n|t:|1771153966\n|move|p1a: Jolteon|Calm Mind|p1a: Jolteon\n|-boost|p1a: Jolteon|spa|1\n|-boost|p1a: Jolteon|spd|1\n|move|p2a: Golduck|Hydro Pump|p1a: Jolteon\n|-damage|p1a: Jolteon|129/246\n|\n|upkeep\n|turn|10\n|\n|t:|1771153970\n|switch|p2a: Luxray|Luxray, L88, F|284/284\n|-ability|p2a: Luxray|Intimidate|boost\n|-unboost|p1a: Jolteon|atk|1\n|move|p1a: Jolteon|Thunderbolt|p2a: Luxray\n|-resisted|p2a: Luxray\n|-damage|p2a: Luxray|210/284\n|-damage|p1a: Jolteon|105/246|[from] item: Life Orb\n|\n|upkeep\n|turn|11\n|\n|t:|1771153978\n|move|p1a: Jolteon|Alluring Voice|p2a: Luxray\n|-damage|p2a: Luxray|127/284\n|-damage|p1a: Jolteon|81/246|[from] item: Life Orb\n|move|p2a: Luxray|Play Rough|p1a: Jolteon|[miss]\n|-miss|p2a: Luxray|p1a: Jolteon\n|\n|upkeep\n|turn|12\n|\n|t:|1771153984\n|move|p1a: Jolteon|Shadow Ball|p2a: Luxray\n|-damage|p2a: Luxray|43/284\n|-damage|p1a: Jolteon|57/246|[from] item: Life Orb\n|move|p2a: Luxray|Play Rough|p1a: Jolteon\n|-damage|p1a: Jolteon|0 fnt\n|faint|p1a: Jolteon\n|\n|upkeep\n|\n|t:|1771153993\n|switch|p1a: Chien-Pao|Chien-Pao, L72|234/234\n|-ability|p1a: Chien-Pao|Sword of Ruin\n|turn|13\n|\n|t:|1771154000\n|move|p1a: Chien-Pao|Throat Chop|p2a: Luxray\n|-damage|p2a: Luxray|0 fnt\n|faint|p2a: Luxray\n|\n|upkeep\n|\n|t:|1771154003\n|switch|p2a: Golduck|Golduck, L90, F|290/290\n|-ability|p2a: Golduck|Cloud Nine\n|turn|14\n|\n|t:|1771154016\n|move|p1a: Chien-Pao|Throat Chop|p2a: Golduck\n|-damage|p2a: Golduck|196/290\n|-start|p2a: Golduck|Throat Chop|[silent]\n|move|p2a: Golduck|Hydro Pump|p1a: Chien-Pao\n|-damage|p1a: Chien-Pao|0 fnt\n|faint|p1a: Chien-Pao\n|\n|upkeep\n|\n|t:|1771154021\n|switch|p1a: Baxcalibur|Baxcalibur, L75, F|295/295\n|turn|15\n|\n|t:|1771154027\n|switch|p2a: Glimmora|Glimmora, L75, M|248/248\n|-item|p2a: Glimmora|Air Balloon\n|-terastallize|p1a: Baxcalibur|Dragon\n|move|p1a: Baxcalibur|Scale Shot|p2a: Glimmora\n|-damage|p2a: Glimmora|206/248\n|-activate|p2a: Glimmora|ability: Toxic Debris\n|-sidestart|p1: jaded masquerade|move: Toxic Spikes\n|-enditem|p2a: Glimmora|Air Balloon\n|-damage|p2a: Glimmora|158/248\n|-activate|p2a: Glimmora|ability: Toxic Debris\n|-sidestart|p1: jaded masquerade|move: Toxic Spikes\n|-damage|p2a: Glimmora|114/248\n|-damage|p2a: Glimmora|66/248\n|-hitcount|p2a: Glimmora|4\n|-unboost|p1a: Baxcalibur|def|1\n|-boost|p1a: Baxcalibur|spe|1\n|\n|upkeep\n|turn|16\n|-message|Mewcastle United forfeited.\n|\n|win|jaded masquerade\n|raw|jaded masquerade's rating: 1479 &rarr; <strong>1503</strong><br />(+24 for winning)\n|raw|Mewcastle United's rating: 1541 &rarr; <strong>1517</strong><br />(-24 for losing)\n|l|☆Mewcastle United\n|player|p2|\n", "inputlog": ">version 686819e5e19f8a7fd2345cfc5a08a5085efa2cc3\n>start {\"formatid\":\"gen9randombattle\",\"seed\":\"sodium,891f72bd1d6e74c597248c41cc134220\",\"rated\":\"Rated battle\"}\n>player p1 {\"name\":\"jaded masquerade\",\"avatar\":\"clerk\",\"rating\":1479,\"seed\":\"sodium,fa771728e050d773671c4818271a21ab\"}\n>player p2 {\"name\":\"Mewcastle United\",\"avatar\":\"lance-masters2\",\"rating\":1541,\"seed\":\"sodium,678e8b67f65fca729e9b10be8b58f56c\"}\n>p1 switch 4\n>p2 move dragondance\n>p1 move earthquake\n>p2 move dragondance\n>p1 move liquidation\n>p2 move earthquake\n>p2 switch 3\n>p1 move earthquake\n>p2 move calmmind\n>p1 move earthquake\n>p2 move calmmind\n>p2 switch 4\n>p1 move stoneedge\n>p2 move fierydance\n>p1 switch 5\n>p1 move headsmash\n>p2 move gigadrain\n>p2 switch 2\n>p1 move woodhammer\n>p2 move hydropump\n>p1 switch 6\n>p1 move calmmind\n>p2 move hydropump\n>p1 move thunderbolt\n>p2 switch 6\n>p1 move alluringvoice\n>p2 move playrough\n>p1 move shadowball\n>p2 move playrough\n>p1 switch 2\n>p1 move throatchop\n>p2 move playrough\n>p2 switch 6\n>p1 move throatchop\n>p2 move hydropump\n>p1 switch 3\n>p1 move scaleshot terastallize\n>p2 switch 5\n>forcelose p2", "uploadtime": 1771154034, "views": 12, "formatid": "gen9randombattle", "rating": 1503, "private": 0, "password": null}