{"id": "gen9randombattle-2540258993", "format": "[Gen 9] Random Battle", "players": ["EmeraldBee", "sev04"], "log": "|j|☆EmeraldBee\n|j|☆sev04\n|t:|1771181710\n|gametype|singles\n|player|p1|EmeraldBee|nate|1592\n|player|p2|sev04|101|1583\n|gen|9\n|tier|[Gen 9] Random Battle\n|rated|\n|rule|Species Clause: Limit one of each Pokémon\n|rule|HP Percentage Mod: HP is shown in percentages\n|rule|Sleep Clause Mod: Limit one foe put to sleep\n|rule|Illusion Level Mod: Illusion disguises the Pokémon's true level\n|\n|t:|1771181710\n|teamsize|p1|6\n|teamsize|p2|6\n|start\n|switch|p1a: Lycanroc|Lycanroc, L86, M|269/269\n|switch|p2a: Cobalion|Cobalion, L80|277/277\n|turn|1\n|inactive|Battle timer is ON: inactive players will automatically lose when time's up. (requested by EmeraldBee)\n|inactive|EmeraldBee has 120 seconds left.\n|\n|t:|1771181748\n|switch|p1a: Reuniclus|Reuniclus, L88, M|337/337\n|move|p2a: Cobalion|Close Combat|p1a: Reuniclus\n|-resisted|p1a: Reuniclus\n|-damage|p1a: Reuniclus|259/337\n|-unboost|p2a: Cobalion|def|1\n|-unboost|p2a: Cobalion|spd|1\n|-damage|p2a: Cobalion|250/277|[from] item: Life Orb\n|\n|upkeep\n|turn|2\n|\n|t:|1771181758\n|switch|p2a: Bruxish|Bruxish, L85, M|254/254\n|move|p1a: Reuniclus|Psychic|p2a: Bruxish\n|-resisted|p2a: Bruxish\n|-damage|p2a: Bruxish|153/254\n|\n|upkeep\n|turn|3\n|inactive|EmeraldBee has 120 seconds left.\n|\n|t:|1771181804\n|move|p2a: Bruxish|Crunch|p1a: Reuniclus\n|-supereffective|p1a: Reuniclus\n|-damage|p1a: Reuniclus|75/337\n|move|p1a: Reuniclus|Psychic|p2a: Bruxish\n|-resisted|p2a: Bruxish\n|-damage|p2a: Bruxish|54/254\n|-unboost|p2a: Bruxish|spd|1\n|\n|upkeep\n|turn|4\n|\n|t:|1771181812\n|move|p2a: Bruxish|Crunch|p1a: Reuniclus\n|-supereffective|p1a: Reuniclus\n|-damage|p1a: Reuniclus|0 fnt\n|faint|p1a: Reuniclus\n|\n|upkeep\n|\n|t:|1771181814\n|switch|p1a: Serperior|Serperior, L79, F|248/248\n|turn|5\n|\n|t:|1771181819\n|move|p2a: Bruxish|Crunch|p1a: Serperior\n|-damage|p1a: Serperior|146/248\n|move|p1a: Serperior|Leaf Storm|p2a: Bruxish\n|-supereffective|p2a: Bruxish\n|-damage|p2a: Bruxish|0 fnt\n|-boost|p1a: Serperior|spa|2\n|faint|p2a: Bruxish\n|-damage|p1a: Serperior|122/248|[from] item: Life Orb\n|\n|upkeep\n|\n|t:|1771181839\n|switch|p2a: Ariados|Ariados, L95, F|287/287\n|turn|6\n|\n|t:|1771181844\n|switch|p1a: Ditto|Ditto, L87|225/225\n|-transform|p1a: Ditto|p2a: Ariados|[from] ability: Imposter\n|move|p2a: Ariados|Megahorn|p1a: Ditto\n|-resisted|p1a: Ditto\n|-damage|p1a: Ditto|150/225\n|\n|upkeep\n|turn|7\n|\n|t:|1771181851\n|move|p1a: Ditto|Sticky Web|p2a: Ariados\n|-sidestart|p2: sev04|move: Sticky Web\n|move|p2a: Ariados|Sticky Web|p1a: Ditto\n|-sidestart|p1: EmeraldBee|move: Sticky Web\n|\n|upkeep\n|turn|8\n|\n|t:|1771181859\n|switch|p1a: Lycanroc|Lycanroc, L86, M|269/269\n|-activate|p1a: Lycanroc|move: Sticky Web\n|-unboost|p1a: Lycanroc|spe|1\n|switch|p2a: Kingdra|Kingdra, L84, M|263/263\n|-activate|p2a: Kingdra|move: Sticky Web\n|-unboost|p2a: Kingdra|spe|1\n|\n|upkeep\n|turn|9\n|\n|t:|1771181876\n|move|p1a: Lycanroc|Taunt|p2a: Kingdra\n|-start|p2a: Kingdra|move: Taunt\n|cant|p2a: Kingdra|move: Taunt|Dragon Dance\n|\n|upkeep\n|turn|10\n|\n|t:|1771181882\n|switch|p1a: Lapras|Lapras, L87, F|367/367\n|-activate|p1a: Lapras|move: Sticky Web\n|-unboost|p1a: Lapras|spe|1\n|move|p2a: Kingdra|Waterfall|p1a: Lapras\n|-immune|p1a: Lapras|[from] ability: Water Absorb\n|\n|upkeep\n|turn|11\n|\n|t:|1771181894\n|switch|p2a: Ariados|Ariados, L95, F|287/287\n|move|p1a: Lapras|Freeze-Dry|p2a: Ariados\n|-damage|p2a: Ariados|173/287\n|\n|upkeep\n|turn|12\n|\n|t:|1771181901\n|move|p2a: Ariados|Knock Off|p1a: Lapras\n|-damage|p1a: Lapras|285/367\n|-enditem|p1a: Lapras|Choice Specs|[from] move: Knock Off|[of] p2a: Ariados\n|move|p1a: Lapras|Freeze-Dry|p2a: Ariados\n|-damage|p2a: Ariados|95/287\n|\n|upkeep\n|turn|13\n|\n|t:|1771181910\n|move|p2a: Ariados|Poison Jab|p1a: Lapras\n|-damage|p1a: Lapras|185/367\n|move|p1a: Lapras|Sparkling Aria|p2a: Ariados\n|-damage|p2a: Ariados|0 fnt\n|faint|p2a: Ariados\n|\n|upkeep\n|\n|t:|1771181918\n|switch|p2a: Kingdra|Kingdra, L84, M|263/263\n|-activate|p2a: Kingdra|move: Sticky Web\n|-unboost|p2a: Kingdra|spe|1\n|turn|14\n|\n|t:|1771181929\n|switch|p2a: Stonjourner|Stonjourner, L91, M|330/330\n|-activate|p2a: Stonjourner|move: Sticky Web\n|-unboost|p2a: Stonjourner|spe|1\n|move|p1a: Lapras|Freeze-Dry|p2a: Stonjourner\n|-damage|p2a: Stonjourner|164/330\n|\n|upkeep\n|turn|15\n|\n|t:|1771181943\n|switch|p1a: Lycanroc|Lycanroc, L86, M|269/269\n|-activate|p1a: Lycanroc|move: Sticky Web\n|-unboost|p1a: Lycanroc|spe|1\n|move|p2a: Stonjourner|Earthquake|p1a: Lycanroc\n|-supereffective|p1a: Lycanroc\n|-damage|p1a: Lycanroc|0 fnt\n|faint|p1a: Lycanroc\n|-damage|p2a: Stonjourner|131/330|[from] item: Life Orb\n|\n|upkeep\n|\n|t:|1771181952\n|switch|p1a: Serperior|Serperior, L79, F|122/248\n|-activate|p1a: Serperior|move: Sticky Web\n|-boost|p1a: Serperior|spe|1\n|turn|16\n|\n|t:|1771181960\n|-terastallize|p2a: Stonjourner|Fire\n|move|p1a: Serperior|Leaf Storm|p2a: Stonjourner\n|-resisted|p2a: Stonjourner\n|-damage|p2a: Stonjourner|0 fnt\n|-boost|p1a: Serperior|spa|2\n|faint|p2a: Stonjourner\n|-damage|p1a: Serperior|98/248|[from] item: Life Orb\n|\n|upkeep\n|-message|sev04 forfeited.\n|\n|win|EmeraldBee\n|raw|EmeraldBee's rating: 1592 &rarr; <strong>1611</strong><br />(+19 for winning)\n|raw|sev04's rating: 1583 &rarr; <strong>1564</strong><br />(-19 for losing)\n|l|☆sev04\n|player|p2|\n", "inputlog": ">version 686819e5e19f8a7fd2345cfc5a08a5085efa2cc3\n>start {\"formatid\":\"gen9randombattle\",\"seed\":\"sodium,b7d40b75561b01167d64b27aab67e690\",\"rated\":\"Rated battle\"}\n>player p1 {\"name\":\"EmeraldBee\",\"avatar\":\"nate\",\"rating\":1592,\"seed\":\"sodium,f194cc2c9a7e30f82f452e1545aa2f83\"}\n>player p2 {\"name\":\"sev04\",\"avatar\":\"101\",\"rating\":1583,\"seed\":\"sodium,3e42e5b78f99dae7afd5cdd46a793ca8\"}\n>p1 switch 6\n>p2 move closecombat\n>p1 move psychic\n>p2 switch 5\n>p1 move psychic\n>p2 move crunch\n>p1 move psychic\n>p2 move crunch\n>p1 switch 4\n>p1 move leafstorm\n>p2 move crunch\n>p2 switch 3\n>p1 switch 2\n>p2 move megahorn\n>p1 move stickyweb\n>p2 move stickyweb\n>p1 switch 6\n>p2 switch 6\n>p1 move taunt\n>p2 move dragondance\n>p1 switch 5\n>p2 move waterfall\n>p1 move freezedry\n>p2 switch 6\n>p1 move freezedry\n>p2 move knockoff\n>p1 move sparklingaria\n>p2 move poisonjab\n>p2 switch 6\n>p1 move freezedry\n>p2 switch 2\n>p1 switch 5\n>p2 move earthquake\n>p1 switch 2\n>p1 move leafstorm\n>p2 move heatcrash terastallize\n>forcelose p2", "uploadtime": 1771181970, "views": 8, "formatid": "gen9randombattle", "rating": 1564, "private": 0, "password": null}