{"id": "gen9randombattle-2540112614", "format": "[Gen 9] Random Battle", "players": ["Praksisan", "mezooki"], "log": "|j|‽Praksisan\n|j|☆mezooki\n|t:|1771163755\n|gametype|singles\n|player|p1|Praksisan|1|1584\n|player|p2|mezooki|lady|1618\n|gen|9\n|tier|[Gen 9] Random Battle\n|rated|\n|rule|Species Clause: Limit one of each Pokémon\n|rule|HP Percentage Mod: HP is shown in percentages\n|rule|Sleep Clause Mod: Limit one foe put to sleep\n|rule|Illusion Level Mod: Illusion disguises the Pokémon's true level\n|\n|t:|1771163755\n|teamsize|p1|6\n|teamsize|p2|6\n|start\n|switch|p1a: Kricketune|Kricketune, L99, F|311/311\n|switch|p2a: Klawf|Klawf, L90, M|272/272\n|turn|1\n|inactive|Battle timer is ON: inactive players will automatically lose when time's up. (requested by mezooki)\n|\n|t:|1771163765\n|move|p2a: Klawf|Stone Edge|p1a: Kricketune|[miss]\n|-miss|p2a: Klawf|p1a: Kricketune\n|move|p1a: Kricketune|Sticky Web|p2a: Klawf\n|-sidestart|p2: mezooki|move: Sticky Web\n|\n|upkeep\n|turn|2\n|\n|t:|1771163771\n|switch|p1a: Archaludon|Archaludon, L78, F|268/268\n|move|p2a: Klawf|Stone Edge|p1a: Archaludon\n|-resisted|p1a: Archaludon\n|-crit|p1a: Archaludon\n|-damage|p1a: Archaludon|190/268\n|-ability|p1a: Archaludon|Stamina|boost\n|-boost|p1a: Archaludon|def|1\n|\n|upkeep\n|turn|3\n|\n|t:|1771163786\n|move|p2a: Klawf|Swords Dance|p2a: Klawf\n|-boost|p2a: Klawf|atk|2\n|move|p1a: Archaludon|Swords Dance|p1a: Archaludon\n|-boost|p1a: Archaludon|atk|2\n|\n|upkeep\n|turn|4\n|\n|t:|1771163790\n|move|p2a: Klawf|High Horsepower|p1a: Archaludon\n|-supereffective|p1a: Archaludon\n|-damage|p1a: Archaludon|0 fnt\n|faint|p1a: Archaludon\n|\n|upkeep\n|\n|t:|1771163795\n|switch|p1a: Klawf|Klawf, L90, F|272/272\n|turn|5\n|\n|t:|1771163801\n|move|p1a: Klawf|Swords Dance|p1a: Klawf\n|-boost|p1a: Klawf|atk|2\n|move|p2a: Klawf|Crabhammer|p1a: Klawf\n|-supereffective|p1a: Klawf\n|-damage|p1a: Klawf|0 fnt\n|faint|p1a: Klawf\n|\n|upkeep\n|\n|t:|1771163804\n|switch|p1a: Raging Bolt|Raging Bolt, L78|323/323\n|turn|6\n|\n|t:|1771163809\n|move|p2a: Klawf|High Horsepower|p1a: Raging Bolt\n|-supereffective|p1a: Raging Bolt\n|-damage|p1a: Raging Bolt|0 fnt\n|faint|p1a: Raging Bolt\n|-end|p1a: Raging Bolt|Protosynthesis|[silent]\n|\n|upkeep\n|\n|t:|1771163812\n|switch|p1a: Hoopa|Hoopa-Unbound, L80|259/259\n|turn|7\n|\n|t:|1771163816\n|move|p2a: Klawf|Stone Edge|p1a: Hoopa\n|-damage|p1a: Hoopa|0 fnt\n|faint|p1a: Hoopa\n|\n|upkeep\n|\n|t:|1771163819\n|switch|p1a: Enamorus|Enamorus-Therian, L83, F|259/259\n|turn|8\n|\n|t:|1771163822\n|move|p2a: Klawf|Stone Edge|p1a: Enamorus\n|-supereffective|p1a: Enamorus\n|-damage|p1a: Enamorus|0 fnt\n|faint|p1a: Enamorus\n|\n|upkeep\n|\n|t:|1771163826\n|switch|p1a: Kricketune|Kricketune, L99, F|311/311\n|turn|9\n|\n|t:|1771163830\n|move|p2a: Klawf|Stone Edge|p1a: Kricketune\n|-supereffective|p1a: Kricketune\n|-crit|p1a: Kricketune\n|-enditem|p1a: Kricketune|Focus Sash\n|-damage|p1a: Kricketune|1/311\n|move|p1a: Kricketune|Knock Off|p2a: Klawf\n|-damage|p2a: Klawf|209/272\n|-enditem|p2a: Klawf|Expert Belt|[from] move: Knock Off|[of] p1a: Kricketune\n|\n|upkeep\n|turn|10\n|\n|t:|1771163834\n|move|p2a: Klawf|Crabhammer|p1a: Kricketune\n|-damage|p1a: Kricketune|0 fnt\n|faint|p1a: Kricketune\n|\n|win|mezooki\n|raw|Praksisan's rating: 1584 &rarr; <strong>1566</strong><br />(-18 for losing)\n|raw|mezooki's rating: 1618 &rarr; <strong>1636</strong><br />(+18 for winning)\n", "inputlog": ">version 686819e5e19f8a7fd2345cfc5a08a5085efa2cc3\n>start {\"formatid\":\"gen9randombattle\",\"seed\":\"sodium,d3eee76c421f10bf55454ecba54628d5\",\"rated\":\"Rated battle\"}\n>player p1 {\"name\":\"Praksisan\",\"avatar\":\"1\",\"rating\":1584,\"seed\":\"sodium,c8718949d403b0735a487893ea96ed7f\"}\n>player p2 {\"name\":\"mezooki\",\"avatar\":\"lady\",\"rating\":1618,\"seed\":\"sodium,77790935279f5077661cc4d86107f3b7\"}\n>p1 move stickyweb\n>p2 move stoneedge\n>p1 switch 3\n>p2 move stoneedge\n>p1 move swordsdance\n>p2 move swordsdance\n>p1 move ironhead\n>p2 move highhorsepower\n>p1 switch 4\n>p1 move swordsdance\n>p2 move crabhammer\n>p1 switch 2\n>p1 move dracometeor\n>p2 move highhorsepower\n>p1 switch 5\n>p1 move focusblast\n>p2 move stoneedge\n>p1 switch 6\n>p1 move earthpower\n>p2 move stoneedge\n>p1 switch 3\n>p1 move knockoff\n>p2 move stoneedge\n>p1 move pounce\n>p2 move crabhammer", "uploadtime": 1771163839, "views": 14, "formatid": "gen9randombattle", "rating": 1566, "private": 0, "password": null}