{"id": "gen9randombattle-2540292272", "format": "[Gen 9] Random Battle", "players": ["touhou ost", "Micael Lopes"], "log": "|j|☆touhou ost\n|j|☆Micael Lopes\n|t:|1771185366\n|gametype|singles\n|player|p1|touhou ost|101|1784\n|player|p2|Micael Lopes|benga|1754\n|gen|9\n|tier|[Gen 9] Random Battle\n|rated|\n|rule|Species Clause: Limit one of each Pokémon\n|rule|HP Percentage Mod: HP is shown in percentages\n|rule|Sleep Clause Mod: Limit one foe put to sleep\n|rule|Illusion Level Mod: Illusion disguises the Pokémon's true level\n|\n|t:|1771185366\n|teamsize|p1|6\n|teamsize|p2|6\n|start\n|switch|p1a: Giratina|Giratina-Origin, L72|335/335\n|switch|p2a: Walking Wake|Walking Wake, L79|286/286\n|turn|1\n|inactive|Battle timer is ON: inactive players will automatically lose when time's up. (requested by Micael Lopes)\n|inactive|touhou ost also wants the timer to be on.\n|inactive|touhou ost has 120 seconds left.\n|inactive|Micael Lopes has 120 seconds left.\n|inactive|Micael Lopes has 90 seconds left.\n|inactive|Micael Lopes has 60 seconds left.\n|\n|t:|1771185468\n|switch|p1a: Pyroar|Pyroar, L88, F|295/295\n|-ability|p1a: Pyroar|Unnerve\n|move|p2a: Walking Wake|Draco Meteor|p1a: Pyroar\n|-damage|p1a: Pyroar|28/295\n|-unboost|p2a: Walking Wake|spa|2\n|\n|upkeep\n|turn|2\n|\n|t:|1771185491\n|-end|p2a: Walking Wake|Protosynthesis|[silent]\n|switch|p2a: Probopass|Probopass, L91, F|257/257\n|move|p1a: Pyroar|Hyper Voice|p2a: Probopass\n|-resisted|p2a: Probopass\n|-damage|p2a: Probopass|239/257\n|\n|-heal|p2a: Probopass|255/257|[from] item: Leftovers\n|upkeep\n|turn|3\n|inactive|Micael Lopes has 120 seconds left.\n|inactive|touhou ost has 120 seconds left.\n|\n|t:|1771185529\n|move|p1a: Pyroar|Will-O-Wisp|p2a: Probopass\n|-status|p2a: Probopass|brn\n|move|p2a: Probopass|Power Gem|p1a: Pyroar\n|-supereffective|p1a: Pyroar\n|-damage|p1a: Pyroar|0 fnt\n|faint|p1a: Pyroar\n|\n|-heal|p2a: Probopass|257/257 brn|[from] item: Leftovers\n|-damage|p2a: Probopass|241/257 brn|[from] brn\n|upkeep\n|inactive|touhou ost has 90 seconds left.\n|\n|t:|1771185559\n|switch|p1a: Abomasnow|Abomasnow, L84, F|287/287\n|-weather|Snowscape|[from] ability: Snow Warning|[of] p1a: Abomasnow\n|turn|4\n|inactive|Micael Lopes has 120 seconds left.\n|\n|t:|1771185586\n|move|p1a: Abomasnow|Aurora Veil|p1a: Abomasnow\n|-sidestart|p1: touhou ost|move: Aurora Veil\n|move|p2a: Probopass|Iron Defense|p2a: Probopass\n|-boost|p2a: Probopass|def|2\n|\n|-weather|Snowscape|[upkeep]\n|-heal|p2a: Probopass|257/257 brn|[from] item: Leftovers\n|-damage|p2a: Probopass|241/257 brn|[from] brn\n|upkeep\n|turn|5\n|inactive|touhou ost has 90 seconds left.\n|\n|t:|1771185624\n|switch|p1a: Annihilape|Annihilape, L76, F|292/292\n|move|p2a: Probopass|Body Press|p1a: Annihilape\n|-immune|p1a: Annihilape\n|\n|-weather|Snowscape|[upkeep]\n|-heal|p2a: Probopass|257/257 brn|[from] item: Leftovers\n|-damage|p2a: Probopass|241/257 brn|[from] brn\n|upkeep\n|turn|6\n|\n|t:|1771185634\n|switch|p2a: Glalie|Glalie, L96, M|309/309\n|move|p1a: Annihilape|Bulk Up|p1a: Annihilape\n|-boost|p1a: Annihilape|atk|1\n|-boost|p1a: Annihilape|def|1\n|\n|-weather|Snowscape|[upkeep]\n|upkeep\n|turn|7\n|\n|t:|1771185641\n|move|p2a: Glalie|Spikes|p1a: Annihilape\n|-sidestart|p1: touhou ost|Spikes\n|move|p1a: Annihilape|Drain Punch|p2a: Glalie\n|-supereffective|p2a: Glalie\n|-damage|p2a: Glalie|169/309\n|\n|-weather|Snowscape|[upkeep]\n|upkeep\n|turn|8\n|\n|t:|1771185646\n|move|p2a: Glalie|Disable|p1a: Annihilape\n|-start|p1a: Annihilape|Disable|Drain Punch\n|cant|p1a: Annihilape|Disable|Drain Punch\n|\n|-weather|none\n|upkeep\n|turn|9\n|\n|t:|1771185656\n|move|p2a: Glalie|Spikes|p1a: Annihilape\n|-sidestart|p1: touhou ost|Spikes\n|move|p1a: Annihilape|Gunk Shot|p2a: Glalie|[miss]\n|-miss|p1a: Annihilape|p2a: Glalie\n|\n|upkeep\n|turn|10\n|\n|t:|1771185669\n|move|p2a: Glalie|Spikes|p1a: Annihilape\n|-sidestart|p1: touhou ost|Spikes\n|move|p1a: Annihilape|Gunk Shot|p2a: Glalie\n|-damage|p2a: Glalie|53/309\n|\n|upkeep\n|turn|11\n|\n|t:|1771185680\n|switch|p2a: Exeggutor|Exeggutor-Alola, L89, F|314/314\n|move|p1a: Annihilape|Rage Fist|p2a: Exeggutor\n|-damage|p2a: Exeggutor|236/314\n|\n|-end|p1a: Annihilape|Disable\n|-sideend|p1: touhou ost|move: Aurora Veil\n|upkeep\n|turn|12\n|\n|t:|1771185703\n|move|p1a: Annihilape|Gunk Shot|p2a: Exeggutor\n|-supereffective|p2a: Exeggutor\n|-damage|p2a: Exeggutor|0 fnt\n|faint|p2a: Exeggutor\n|\n|upkeep\n|\n|t:|1771185709\n|switch|p2a: Walking Wake|Walking Wake, L79|286/286\n|turn|13\n|\n|t:|1771185717\n|move|p2a: Walking Wake|Draco Meteor|p1a: Annihilape|[miss]\n|-miss|p2a: Walking Wake|p1a: Annihilape\n|move|p1a: Annihilape|Drain Punch|p2a: Walking Wake\n|-damage|p2a: Walking Wake|172/286\n|\n|upkeep\n|turn|14\n|inactive|touhou ost has 120 seconds left.\n|\n|t:|1771185729\n|switch|p1a: Enamorus|Enamorus-Therian, L83, F|259/259\n|move|p2a: Walking Wake|Draco Meteor|p1a: Enamorus\n|-immune|p1a: Enamorus\n|\n|upkeep\n|turn|15\n|\n|t:|1771185733\n|-end|p2a: Walking Wake|Protosynthesis|[silent]\n|switch|p2a: Volcarona|Volcarona, L77, M|257/257\n|move|p1a: Enamorus|Agility|p1a: Enamorus\n|-boost|p1a: Enamorus|spe|2\n|\n|upkeep\n|turn|16\n|inactive|touhou ost has 120 seconds left.\n|\n|t:|1771185770\n|switch|p1a: Probopass|Probopass, L91, F|257/257\n|-damage|p1a: Probopass|193/257|[from] Spikes\n|move|p2a: Volcarona|Quiver Dance|p2a: Volcarona\n|-boost|p2a: Volcarona|spa|1\n|-boost|p2a: Volcarona|spd|1\n|-boost|p2a: Volcarona|spe|1\n|\n|-heal|p1a: Probopass|209/257|[from] item: Leftovers\n|upkeep\n|turn|17\n|\n|t:|1771185780\n|move|p2a: Volcarona|Fiery Dance|p1a: Probopass\n|-damage|p1a: Probopass|125/257\n|-boost|p2a: Volcarona|spa|1\n|move|p1a: Probopass|Power Gem|p2a: Volcarona\n|-supereffective|p2a: Volcarona\n|-damage|p2a: Volcarona|41/257\n|\n|-heal|p1a: Probopass|141/257|[from] item: Leftovers\n|upkeep\n|turn|18\n|\n|t:|1771185788\n|-terastallize|p2a: Volcarona|Fire\n|move|p2a: Volcarona|Fiery Dance|p1a: Probopass\n|-damage|p1a: Probopass|0 fnt\n|-boost|p2a: Volcarona|spa|1\n|faint|p1a: Probopass\n|\n|upkeep\n|\n|t:|1771185799\n|switch|p1a: Enamorus|Enamorus-Therian, L83, F|259/259\n|turn|19\n|\n|t:|1771185809\n|move|p2a: Volcarona|Morning Sun|p2a: Volcarona\n|-heal|p2a: Volcarona|169/257\n|move|p1a: Enamorus|Earth Power|p2a: Volcarona\n|-supereffective|p2a: Volcarona\n|-damage|p2a: Volcarona|57/257\n|\n|upkeep\n|turn|20\n|\n|t:|1771185813\n|move|p2a: Volcarona|Morning Sun|p2a: Volcarona\n|-heal|p2a: Volcarona|185/257\n|move|p1a: Enamorus|Earth Power|p2a: Volcarona\n|-supereffective|p2a: Volcarona\n|-damage|p2a: Volcarona|83/257\n|\n|upkeep\n|turn|21\n|\n|t:|1771185817\n|-terastallize|p1a: Enamorus|Ground\n|move|p2a: Volcarona|Morning Sun|p2a: Volcarona\n|-heal|p2a: Volcarona|211/257\n|move|p1a: Enamorus|Earth Power|p2a: Volcarona\n|-supereffective|p2a: Volcarona\n|-damage|p2a: Volcarona|61/257\n|\n|upkeep\n|turn|22\n|\n|t:|1771185821\n|move|p2a: Volcarona|Giga Drain|p1a: Enamorus\n|-supereffective|p1a: Enamorus\n|-damage|p1a: Enamorus|0 fnt\n|-heal|p2a: Volcarona|191/257|[from] drain|[of] p1a: Enamorus\n|faint|p1a: Enamorus\n|\n|upkeep\n|-message|touhou ost forfeited.\n|\n|win|Micael Lopes\n|raw|touhou ost's rating: 1784 &rarr; <strong>1761</strong><br />(-23 for losing)\n|raw|Micael Lopes's rating: 1731 &rarr; <strong>1754</strong><br />(+23 for winning)\n|l|☆touhou ost\n|player|p1|\n|c|☆Micael Lopes|**__Sexy game.__**\n", "inputlog": ">version 686819e5e19f8a7fd2345cfc5a08a5085efa2cc3\n>start {\"formatid\":\"gen9randombattle\",\"seed\":\"sodium,f325e28a45ac11509daeae16f0b0b0c8\",\"rated\":\"Rated battle\"}\n>player p1 {\"name\":\"touhou ost\",\"avatar\":\"101\",\"rating\":1784,\"seed\":\"sodium,6b34ebf8f6a3a1ba4cf812c43afede67\"}\n>player p2 {\"name\":\"Micael Lopes\",\"avatar\":\"benga\",\"rating\":1754,\"seed\":\"sodium,b463182ecf9a89fbb9b80cf5856cd75d\"}\n>p1 switch 5\n>p2 move dracometeor\n>p1 move hypervoice\n>p2 switch 6\n>p1 move willowisp\n>p2 move powergem\n>p1 switch 2\n>p1 move auroraveil\n>p2 move irondefense\n>p1 switch 6\n>p2 move bodypress\n>p1 move bulkup\n>p2 switch 4\n>p1 move drainpunch\n>p2 move spikes\n>p1 move drainpunch\n>p2 move disable\n>p1 move gunkshot\n>p2 move spikes\n>p1 move gunkshot\n>p2 move spikes\n>p1 move ragefist\n>p2 switch 5\n>p1 move gunkshot\n>p2 move sleeppowder\n>p2 switch 6\n>p1 move drainpunch\n>p2 move dracometeor\n>p1 switch 4\n>p2 move dracometeor\n>p1 move agility\n>p2 switch 2\n>p1 switch 3\n>p2 move quiverdance\n>p1 move powergem\n>p2 move fierydance\n>p1 move powergem\n>p2 move fierydance terastallize\n>p1 switch 3\n>p1 move earthpower\n>p2 move morningsun\n>p1 move earthpower\n>p2 move morningsun\n>p1 move earthpower terastallize\n>p2 move morningsun\n>p1 move earthpower\n>p2 move gigadrain\n>forcelose p1", "uploadtime": 1771185852, "views": 8, "formatid": "gen9randombattle", "rating": 1754, "private": 0, "password": null}