{"id": "gen9randombattle-2540418530", "format": "[Gen 9] Random Battle", "players": ["ArminZjajo", "mikhail95"], "log": "|j|☆ArminZjajo\n|j|☆mikhail95\n|t:|1771199620\n|gametype|singles\n|player|p1|ArminZjajo|101|1819\n|player|p2|mikhail95|266|1844\n|gen|9\n|tier|[Gen 9] Random Battle\n|rated|\n|rule|Species Clause: Limit one of each Pokémon\n|rule|HP Percentage Mod: HP is shown in percentages\n|rule|Sleep Clause Mod: Limit one foe put to sleep\n|rule|Illusion Level Mod: Illusion disguises the Pokémon's true level\n|\n|t:|1771199620\n|teamsize|p1|6\n|teamsize|p2|6\n|start\n|switch|p1a: Hitmontop|Hitmontop, L88, M|231/231\n|switch|p2a: Dragapult|Dragapult, L77, F|262/262\n|-ability|p1a: Hitmontop|Intimidate|boost\n|-unboost|p2a: Dragapult|atk|1\n|turn|1\n|\n|t:|1771199633\n|move|p1a: Hitmontop|Sucker Punch|p2a: Dragapult\n|-supereffective|p2a: Dragapult\n|-crit|p2a: Dragapult\n|-damage|p2a: Dragapult|46/262\n|move|p2a: Dragapult|U-turn|p1a: Hitmontop\n|-resisted|p1a: Hitmontop\n|-damage|p1a: Hitmontop|216/231\n|\n|t:|1771199716\n|switch|p2a: Great Tusk|Great Tusk, L77|304/304|[from] U-turn\n|\n|upkeep\n|turn|2\n|\n|t:|1771199758\n|switch|p1a: Granbull|Granbull, L88, F|302/302\n|-ability|p1a: Granbull|Intimidate|boost\n|-unboost|p2a: Great Tusk|atk|1\n|move|p2a: Great Tusk|Bulk Up|p2a: Great Tusk\n|-boost|p2a: Great Tusk|atk|1\n|-boost|p2a: Great Tusk|def|1\n|\n|upkeep\n|turn|3\n|\n|t:|1771199784\n|move|p2a: Great Tusk|Bulk Up|p2a: Great Tusk\n|-boost|p2a: Great Tusk|atk|1\n|-boost|p2a: Great Tusk|def|1\n|move|p1a: Granbull|Roar|p2a: Great Tusk\n|-end|p2a: Great Tusk|Protosynthesis|[silent]\n|drag|p2a: Mamoswine|Mamoswine, L81, F|311/311\n|\n|upkeep\n|turn|4\n|\n|t:|1771199796\n|move|p2a: Mamoswine|Earthquake|p1a: Granbull\n|-damage|p1a: Granbull|106/302\n|move|p1a: Granbull|Play Rough|p2a: Mamoswine|[miss]\n|-miss|p1a: Granbull|p2a: Mamoswine\n|\n|-heal|p1a: Granbull|124/302|[from] item: Leftovers\n|upkeep\n|turn|5\n|\n|t:|1771199806\n|switch|p1a: Forretress|Forretress, L84, F|263/263\n|move|p2a: Mamoswine|Earthquake|p1a: Forretress\n|-damage|p1a: Forretress|136/263\n|\n|-heal|p1a: Forretress|152/263|[from] item: Leftovers\n|upkeep\n|turn|6\n|\n|t:|1771199812\n|move|p2a: Mamoswine|Earthquake|p1a: Forretress\n|-damage|p1a: Forretress|16/263\n|move|p1a: Forretress|Stealth Rock|p2a: Mamoswine\n|-sidestart|p2: mikhail95|move: Stealth Rock\n|\n|-heal|p1a: Forretress|32/263|[from] item: Leftovers\n|upkeep\n|turn|7\n|\n|t:|1771199818\n|move|p2a: Mamoswine|Earthquake|p1a: Forretress\n|-damage|p1a: Forretress|0 fnt\n|faint|p1a: Forretress\n|\n|upkeep\n|\n|t:|1771199823\n|switch|p1a: Granbull|Granbull, L88, F|124/302\n|-ability|p1a: Granbull|Intimidate|boost\n|-unboost|p2a: Mamoswine|atk|1\n|turn|8\n|\n|t:|1771199826\n|move|p2a: Mamoswine|Earthquake|p1a: Granbull\n|-damage|p1a: Granbull|0 fnt\n|faint|p1a: Granbull\n|\n|upkeep\n|\n|t:|1771199832\n|switch|p1a: Scrafty|Scrafty, L84, F|246/246\n|turn|9\n|\n|t:|1771199837\n|switch|p2a: Great Tusk|Great Tusk, L77|304/304\n|-damage|p2a: Great Tusk|295/304|[from] Stealth Rock\n|move|p1a: Scrafty|Bulk Up|p1a: Scrafty\n|-boost|p1a: Scrafty|atk|1\n|-boost|p1a: Scrafty|def|1\n|\n|-heal|p2a: Great Tusk|304/304|[from] item: Leftovers\n|upkeep\n|turn|10\n|\n|t:|1771199845\n|move|p2a: Great Tusk|Bulk Up|p2a: Great Tusk\n|-boost|p2a: Great Tusk|atk|1\n|-boost|p2a: Great Tusk|def|1\n|move|p1a: Scrafty|Bulk Up|p1a: Scrafty\n|-boost|p1a: Scrafty|atk|1\n|-boost|p1a: Scrafty|def|1\n|\n|upkeep\n|turn|11\n|\n|t:|1771199851\n|move|p2a: Great Tusk|Bulk Up|p2a: Great Tusk\n|-boost|p2a: Great Tusk|atk|1\n|-boost|p2a: Great Tusk|def|1\n|move|p1a: Scrafty|Bulk Up|p1a: Scrafty\n|-boost|p1a: Scrafty|atk|1\n|-boost|p1a: Scrafty|def|1\n|\n|upkeep\n|turn|12\n|\n|t:|1771199857\n|move|p2a: Great Tusk|Bulk Up|p2a: Great Tusk\n|-boost|p2a: Great Tusk|atk|1\n|-boost|p2a: Great Tusk|def|1\n|move|p1a: Scrafty|Bulk Up|p1a: Scrafty\n|-boost|p1a: Scrafty|atk|1\n|-boost|p1a: Scrafty|def|1\n|\n|upkeep\n|turn|13\n|\n|t:|1771199863\n|move|p2a: Great Tusk|Bulk Up|p2a: Great Tusk\n|-boost|p2a: Great Tusk|atk|1\n|-boost|p2a: Great Tusk|def|1\n|move|p1a: Scrafty|Bulk Up|p1a: Scrafty\n|-boost|p1a: Scrafty|atk|1\n|-boost|p1a: Scrafty|def|1\n|\n|upkeep\n|turn|14\n|\n|t:|1771199869\n|move|p2a: Great Tusk|Bulk Up|p2a: Great Tusk\n|-boost|p2a: Great Tusk|atk|1\n|-boost|p2a: Great Tusk|def|1\n|move|p1a: Scrafty|Bulk Up|p1a: Scrafty\n|-boost|p1a: Scrafty|atk|1\n|-boost|p1a: Scrafty|def|1\n|\n|upkeep\n|turn|15\n|\n|t:|1771199875\n|move|p2a: Great Tusk|Bulk Up|p2a: Great Tusk\n|-boost|p2a: Great Tusk|atk|1\n|-boost|p2a: Great Tusk|def|1\n|move|p1a: Scrafty|Knock Off|p2a: Great Tusk\n|-resisted|p2a: Great Tusk\n|-damage|p2a: Great Tusk|265/304\n|-enditem|p2a: Great Tusk|Leftovers|[from] move: Knock Off|[of] p1a: Scrafty\n|\n|upkeep\n|turn|16\n|\n|t:|1771199888\n|-terastallize|p1a: Scrafty|Poison\n|move|p2a: Great Tusk|Earthquake|p1a: Scrafty\n|-supereffective|p1a: Scrafty\n|-damage|p1a: Scrafty|72/246\n|move|p1a: Scrafty|Drain Punch|p2a: Great Tusk\n|-damage|p2a: Great Tusk|205/304\n|-heal|p1a: Scrafty|102/246|[from] drain|[of] p2a: Great Tusk\n|\n|-heal|p1a: Scrafty|117/246|[from] item: Leftovers\n|upkeep\n|turn|17\n|c|☆ArminZjajo|lol\n|c|☆ArminZjajo|wp\n|\n|t:|1771199899\n|move|p2a: Great Tusk|Earthquake|p1a: Scrafty\n|-supereffective|p1a: Scrafty\n|-damage|p1a: Scrafty|0 fnt\n|faint|p1a: Scrafty\n|\n|upkeep\n|\n|t:|1771199901\n|switch|p1a: Cetitan|Cetitan, L82, M|413/413\n|turn|18\n|c|☆mikhail95|thanks\n|\n|t:|1771199908\n|move|p1a: Cetitan|Ice Shard|p2a: Great Tusk\n|-supereffective|p2a: Great Tusk\n|-damage|p2a: Great Tusk|179/304\n|-damage|p1a: Cetitan|372/413|[from] item: Life Orb\n|move|p2a: Great Tusk|Close Combat|p1a: Cetitan\n|-supereffective|p1a: Cetitan\n|-damage|p1a: Cetitan|0 fnt\n|-unboost|p2a: Great Tusk|def|1\n|-unboost|p2a: Great Tusk|spd|1\n|faint|p1a: Cetitan\n|\n|upkeep\n|\n|t:|1771199911\n|switch|p1a: Hitmontop|Hitmontop, L88, M|216/231\n|-ability|p1a: Hitmontop|Intimidate|boost\n|-unboost|p2a: Great Tusk|atk|1\n|turn|19\n|\n|t:|1771199920\n|move|p2a: Great Tusk|Earthquake|p1a: Hitmontop\n|-damage|p1a: Hitmontop|0 fnt\n|faint|p1a: Hitmontop\n|\n|upkeep\n|\n|t:|1771199926\n|switch|p1a: Pachirisu|Pachirisu, L96, M|271/271\n|turn|20\n|\n|t:|1771199931\n|move|p1a: Pachirisu|U-turn|p2a: Great Tusk\n|-resisted|p2a: Great Tusk\n|-damage|p2a: Great Tusk|175/304\n|move|p2a: Great Tusk|Earthquake|p1a: Pachirisu\n|-supereffective|p1a: Pachirisu\n|-damage|p1a: Pachirisu|0 fnt\n|faint|p1a: Pachirisu\n|\n|win|mikhail95\n|raw|ArminZjajo's rating: 1819 &rarr; <strong>1800</strong><br />(-19 for losing)\n|raw|mikhail95's rating: 1844 &rarr; <strong>1863</strong><br />(+19 for winning)\n|l|☆ArminZjajo\n|player|p1|\n", "inputlog": ">version 686819e5e19f8a7fd2345cfc5a08a5085efa2cc3\n>start {\"formatid\":\"gen9randombattle\",\"seed\":\"sodium,058919c8b6d3ea51bb46246b70281f8f\",\"rated\":\"Rated battle\"}\n>player p1 {\"name\":\"ArminZjajo\",\"avatar\":\"101\",\"rating\":1819,\"seed\":\"sodium,3942aac37d2d3d9076449d75142d2dce\"}\n>player p2 {\"name\":\"mikhail95\",\"avatar\":\"266\",\"rating\":1844,\"seed\":\"sodium,71737123c0c684128d32eb16e21da3c5\"}\n>p1 move suckerpunch\n>p2 move uturn\n>p2 switch 4\n>p1 switch 4\n>p2 move bulkup\n>p1 move roar\n>p2 move bulkup\n>p1 move playrough\n>p2 move earthquake\n>p1 switch 3\n>p2 move earthquake\n>p1 move stealthrock\n>p2 move earthquake\n>p1 move bodypress\n>p2 move earthquake\n>p1 switch 3\n>p1 move playrough\n>p2 move earthquake\n>p1 switch 2\n>p1 move bulkup\n>p2 switch 3\n>p1 move bulkup\n>p2 move bulkup\n>p1 move bulkup\n>p2 move bulkup\n>p1 move bulkup\n>p2 move bulkup\n>p1 move bulkup\n>p2 move bulkup\n>p1 move bulkup\n>p2 move bulkup\n>p1 move knockoff\n>p2 move bulkup\n>p1 move drainpunch terastallize\n>p2 move earthquake\n>chat ☆ArminZjajo|lol\n>chat ☆ArminZjajo|wp\n>p1 move drainpunch\n>p2 move earthquake\n>p1 switch 6\n>chat ☆mikhail95|thanks\n>p1 move iceshard\n>p2 move closecombat\n>p1 switch 4\n>p1 move rapidspin\n>p2 move earthquake\n>p1 switch 5\n>p1 move uturn\n>p2 move earthquake", "uploadtime": 1771199938, "views": 16, "formatid": "gen9randombattle", "rating": 1800, "private": 0, "password": null}