{"id": "gen9randombattle-2540682081", "format": "[Gen 9] Random Battle", "players": ["mateeeeeeeeeee", "abhay gupta"], "log": "|j|‽mateeeeeeeeeee\n|j|☆abhay gupta\n|t:|1771239469\n|gametype|singles\n|player|p1|mateeeeeeeeeee|2|1547\n|player|p2|abhay gupta|265|1597\n|gen|9\n|tier|[Gen 9] Random Battle\n|rated|\n|rule|Species Clause: Limit one of each Pokémon\n|rule|HP Percentage Mod: HP is shown in percentages\n|rule|Sleep Clause Mod: Limit one foe put to sleep\n|rule|Illusion Level Mod: Illusion disguises the Pokémon's true level\n|\n|t:|1771239469\n|teamsize|p1|6\n|teamsize|p2|6\n|start\n|switch|p1a: Iron Hands|Iron Hands, L79|373/373\n|switch|p2a: Noctowl|Noctowl, L95, F|344/344\n|turn|1\n|inactive|Battle timer is ON: inactive players will automatically lose when time's up. (requested by abhay gupta)\n|\n|t:|1771239481\n|move|p2a: Noctowl|Hyper Voice|p1a: Iron Hands\n|-damage|p1a: Iron Hands|241/373\n|move|p1a: Iron Hands|Thunder Punch|p2a: Noctowl\n|-supereffective|p2a: Noctowl\n|-damage|p2a: Noctowl|116/344\n|\n|-heal|p1a: Iron Hands|264/373|[from] item: Leftovers\n|upkeep\n|turn|2\n|\n|t:|1771239488\n|move|p2a: Noctowl|Roost|p2a: Noctowl\n|-heal|p2a: Noctowl|288/344\n|-singleturn|p2a: Noctowl|move: Roost\n|move|p1a: Iron Hands|Drain Punch|p2a: Noctowl\n|-supereffective|p2a: Noctowl\n|-damage|p2a: Noctowl|42/344\n|-heal|p1a: Iron Hands|373/373|[from] drain|[of] p2a: Noctowl\n|\n|upkeep\n|turn|3\n|\n|t:|1771239493\n|move|p2a: Noctowl|Hyper Voice|p1a: Iron Hands\n|-damage|p1a: Iron Hands|222/373\n|move|p1a: Iron Hands|Drain Punch|p2a: Noctowl\n|-damage|p2a: Noctowl|0 fnt\n|-heal|p1a: Iron Hands|243/373|[from] drain|[of] p2a: Noctowl\n|faint|p2a: Noctowl\n|\n|-heal|p1a: Iron Hands|266/373|[from] item: Leftovers\n|upkeep\n|\n|t:|1771239502\n|switch|p2a: Tinkaton|Tinkaton, L82, F|274/274\n|-ability|p2a: Tinkaton|Mold Breaker\n|turn|4\n|\n|t:|1771239528\n|-end|p1a: Iron Hands|Quark Drive|[silent]\n|switch|p1a: Cinderace|Cinderace, L77, M|249/249\n|move|p2a: Tinkaton|Stealth Rock|p1a: Cinderace\n|-sidestart|p1: mateeeeeeeeeee|move: Stealth Rock\n|\n|upkeep\n|turn|5\n|\n|t:|1771239534\n|move|p1a: Cinderace|Court Change|p1a: Cinderace\n|-start|p1a: Cinderace|typechange|Normal|[from] ability: Libero\n|-swapsideconditions\n|-activate|p1a: Cinderace|move: Court Change\n|move|p2a: Tinkaton|Gigaton Hammer|p1a: Cinderace\n|-damage|p1a: Cinderace|86/249\n|\n|upkeep\n|turn|6\n|\n|t:|1771239539\n|move|p1a: Cinderace|Pyro Ball|p2a: Tinkaton\n|-supereffective|p2a: Tinkaton\n|-damage|p2a: Tinkaton|76/274\n|move|p2a: Tinkaton|Stealth Rock|p1a: Cinderace\n|-sidestart|p1: mateeeeeeeeeee|move: Stealth Rock\n|\n|-heal|p2a: Tinkaton|93/274|[from] item: Leftovers\n|upkeep\n|turn|7\n|\n|t:|1771239543\n|move|p1a: Cinderace|Pyro Ball|p2a: Tinkaton|[miss]\n|-miss|p1a: Cinderace|p2a: Tinkaton\n|move|p2a: Tinkaton|Gigaton Hammer|p1a: Cinderace\n|-damage|p1a: Cinderace|0 fnt\n|faint|p1a: Cinderace\n|\n|-heal|p2a: Tinkaton|110/274|[from] item: Leftovers\n|upkeep\n|\n|t:|1771239550\n|switch|p1a: Flygon|Flygon, L82, F|265/265\n|-damage|p1a: Flygon|249/265|[from] Stealth Rock\n|turn|8\n|\n|t:|1771239555\n|move|p1a: Flygon|Earthquake|p2a: Tinkaton\n|-supereffective|p2a: Tinkaton\n|-damage|p2a: Tinkaton|0 fnt\n|faint|p2a: Tinkaton\n|\n|upkeep\n|\n|t:|1771239558\n|switch|p2a: Cloyster|Cloyster, L80, M|211/211\n|-damage|p2a: Cloyster|159/211|[from] Stealth Rock\n|turn|9\n|inactive|mateeeeeeeeeee has 120 seconds left.\n|\n|t:|1771239589\n|move|p1a: Flygon|Dragon Dance|p1a: Flygon\n|-boost|p1a: Flygon|atk|1\n|-boost|p1a: Flygon|spe|1\n|move|p2a: Cloyster|Shell Smash|p2a: Cloyster\n|-unboost|p2a: Cloyster|def|1\n|-unboost|p2a: Cloyster|spd|1\n|-boost|p2a: Cloyster|atk|2\n|-boost|p2a: Cloyster|spa|2\n|-boost|p2a: Cloyster|spe|2\n|-enditem|p2a: Cloyster|White Herb\n|-clearnegativeboost|p2a: Cloyster|[silent]\n|\n|upkeep\n|turn|10\n|\n|t:|1771239593\n|-terastallize|p1a: Flygon|Rock\n|move|p1a: Flygon|Stone Edge|p2a: Cloyster|[miss]\n|-miss|p1a: Flygon|p2a: Cloyster\n|move|p2a: Cloyster|Icicle Spear|p1a: Flygon\n|-damage|p1a: Flygon|197/265\n|-damage|p1a: Flygon|140/265\n|-damage|p1a: Flygon|89/265\n|-damage|p1a: Flygon|35/265\n|-damage|p1a: Flygon|0 fnt\n|faint|p1a: Flygon\n|-hitcount|p1: Flygon|5\n|\n|upkeep\n|c|☆abhay gupta|how DARE\n|-message|mateeeeeeeeeee forfeited.\n|\n|win|abhay gupta\n|raw|mateeeeeeeeeee's rating: 1547 &rarr; <strong>1530</strong><br />(-17 for losing)\n|raw|abhay gupta's rating: 1597 &rarr; <strong>1614</strong><br />(+17 for winning)\n|l|‽mateeeeeeeeeee\n|player|p1|\n|c|☆abhay gupta|that nearly killed me\n", "inputlog": ">version 686819e5e19f8a7fd2345cfc5a08a5085efa2cc3\n>start {\"formatid\":\"gen9randombattle\",\"seed\":\"sodium,90172fc6685549cfeac43e68d3641697\",\"rated\":\"Rated battle\"}\n>player p1 {\"name\":\"mateeeeeeeeeee\",\"avatar\":\"2\",\"rating\":1547,\"seed\":\"sodium,52cfe6b4677071afea4b1a99f8201fdc\"}\n>player p2 {\"name\":\"abhay gupta\",\"avatar\":\"265\",\"rating\":1597,\"seed\":\"sodium,9f0b3041be27b61514c8d72ae1eab79f\"}\n>p1 move thunderpunch\n>p2 move hypervoice\n>p1 move drainpunch\n>p2 move roost\n>p1 move drainpunch\n>p2 move hypervoice\n>p2 switch 5\n>p1 switch 6\n>p2 move stealthrock\n>p1 move courtchange\n>p2 move gigatonhammer\n>p1 move pyroball\n>p2 move stealthrock\n>p1 move pyroball\n>p2 move gigatonhammer\n>p1 switch 5\n>p1 move earthquake\n>p2 move playrough\n>p2 switch 6\n>p1 move dragondance\n>p2 move shellsmash\n>p1 move stoneedge terastallize\n>p2 move iciclespear\n>chat ☆abhay gupta|how DARE\n>forcelose p1", "uploadtime": 1771239608, "views": 11, "formatid": "gen9randombattle", "rating": 1530, "private": 0, "password": null}