{"id": "gen9randombattle-2540147495", "format": "[Gen 9] Random Battle", "players": ["rewa00", "Stonecoldhooroo"], "log": "|j|☆rewa00\n|j|☆Stonecoldhooroo\n|t:|1771168550\n|gametype|singles\n|player|p1|rewa00|101|1578\n|player|p2|Stonecoldhooroo|102|1584\n|gen|9\n|tier|[Gen 9] Random Battle\n|rated|\n|rule|Species Clause: Limit one of each Pokémon\n|rule|HP Percentage Mod: HP is shown in percentages\n|rule|Sleep Clause Mod: Limit one foe put to sleep\n|rule|Illusion Level Mod: Illusion disguises the Pokémon's true level\n|\n|t:|1771168550\n|teamsize|p1|6\n|teamsize|p2|6\n|start\n|switch|p1a: Breloom|Breloom, L83, M|235/235\n|switch|p2a: Rotom|Rotom-Mow, L87|229/229\n|turn|1\n|inactive|Battle timer is ON: inactive players will automatically lose when time's up. (requested by Stonecoldhooroo)\n|\n|t:|1771168563\n|switch|p1a: Raichu|Raichu, L88, F|249/249\n|move|p2a: Rotom|Trick|p1a: Raichu\n|-activate|p2a: Rotom|move: Trick|[of] p1a: Raichu\n|-item|p1a: Raichu|Choice Scarf|[from] move: Trick\n|-item|p2a: Rotom|Life Orb|[from] move: Trick\n|\n|upkeep\n|turn|2\n|inactive|rewa00 has 120 seconds left.\n|c|☆rewa00|i'd like to imagine that the scarf is in the tail it would be funny\n|\n|t:|1771168608\n|switch|p1a: Bellibolt|Bellibolt, L84, M|320/320\n|switch|p2a: Archaludon|Archaludon, L78, M|268/268\n|\n|upkeep\n|turn|3\n|l|☆Stonecoldhooroo\n|inactive|Stonecoldhooroo disconnected and has a minute to reconnect!\n|player|p2|\n|j|☆Stonecoldhooroo\n|inactive|Stonecoldhooroo reconnected and has 110 seconds left.\n|player|p2|Stonecoldhooroo|102|\n|inactive|Stonecoldhooroo has 90 seconds left.\n|\n|t:|1771168676\n|move|p2a: Archaludon|Swords Dance|p2a: Archaludon\n|-boost|p2a: Archaludon|atk|2\n|move|p1a: Bellibolt|Muddy Water|p2a: Archaludon\n|-resisted|p2a: Archaludon\n|-damage|p2a: Archaludon|225/268\n|-unboost|p2a: Archaludon|accuracy|1\n|-ability|p2a: Archaludon|Stamina|boost\n|-boost|p2a: Archaludon|def|1\n|\n|upkeep\n|turn|4\n|\n|t:|1771168688\n|move|p2a: Archaludon|Earthquake|p1a: Bellibolt\n|-supereffective|p1a: Bellibolt\n|-damage|p1a: Bellibolt|82/320\n|-start|p1a: Bellibolt|Charge|Earthquake|[from] ability: Electromorphosis\n|move|p1a: Bellibolt|Muddy Water|p2a: Archaludon\n|-resisted|p2a: Archaludon\n|-damage|p2a: Archaludon|184/268\n|-ability|p2a: Archaludon|Stamina|boost\n|-boost|p2a: Archaludon|def|1\n|\n|-heal|p1a: Bellibolt|102/320|[from] item: Leftovers\n|upkeep\n|turn|5\n|inactive|Stonecoldhooroo has 90 seconds left.\n|\n|t:|1771168698\n|move|p2a: Archaludon|Earthquake|p1a: Bellibolt\n|-supereffective|p1a: Bellibolt\n|-damage|p1a: Bellibolt|0 fnt\n|faint|p1a: Bellibolt\n|\n|upkeep\n|\n|t:|1771168708\n|switch|p1a: Breloom|Breloom, L83, M|235/235\n|turn|6\n|c|☆Stonecoldhooroo|This accuracy drop gonna screw me\n|\n|t:|1771168715\n|move|p2a: Archaludon|Outrage|p1a: Breloom\n|-crit|p1a: Breloom\n|-damage|p1a: Breloom|0 fnt\n|faint|p1a: Breloom\n|\n|upkeep\n|\n|t:|1771168718\n|switch|p1a: Necrozma|Necrozma-Dusk-Mane, L69|248/248\n|turn|7\n|\n|t:|1771168722\n|move|p2a: Archaludon|Outrage|p1a: Necrozma|[from] lockedmove\n|-resisted|p1a: Necrozma\n|-damage|p1a: Necrozma|137/248\n|move|p1a: Necrozma|Dragon Dance|p1a: Necrozma\n|-boost|p1a: Necrozma|atk|1\n|-boost|p1a: Necrozma|spe|1\n|\n|upkeep\n|turn|8\n|\n|t:|1771168725\n|move|p1a: Necrozma|Dragon Dance|p1a: Necrozma\n|-boost|p1a: Necrozma|atk|1\n|-boost|p1a: Necrozma|spe|1\n|move|p2a: Archaludon|Outrage|p1a: Necrozma|[from] lockedmove|[miss]\n|-miss|p2a: Archaludon|p1a: Necrozma\n|-start|p2a: Archaludon|confusion|[fatigue]\n|-enditem|p2a: Archaludon|Lum Berry|[eat]\n|-end|p2a: Archaludon|confusion\n|\n|upkeep\n|turn|9\n|\n|t:|1771168734\n|-terastallize|p1a: Necrozma|Water\n|move|p1a: Necrozma|Earthquake|p2a: Archaludon\n|-supereffective|p2a: Archaludon\n|-damage|p2a: Archaludon|66/268\n|-ability|p2a: Archaludon|Stamina|boost\n|-boost|p2a: Archaludon|def|1\n|move|p2a: Archaludon|Earthquake|p1a: Necrozma\n|-damage|p1a: Necrozma|12/248\n|\n|upkeep\n|turn|10\n|\n|t:|1771168739\n|move|p1a: Necrozma|Earthquake|p2a: Archaludon\n|-supereffective|p2a: Archaludon\n|-damage|p2a: Archaludon|0 fnt\n|faint|p2a: Archaludon\n|\n|upkeep\n|\n|t:|1771168753\n|switch|p2a: Reshiram|Reshiram, L76|277/277\n|-ability|p2a: Reshiram|Turboblaze\n|turn|11\n|c|☆rewa00|it did\n|\n|t:|1771168773\n|-terastallize|p2a: Reshiram|Dragon\n|move|p1a: Necrozma|Earthquake|p2a: Reshiram\n|-damage|p2a: Reshiram|136/277\n|move|p2a: Reshiram|Outrage|p1a: Necrozma\n|-damage|p1a: Necrozma|0 fnt\n|faint|p1a: Necrozma\n|\n|upkeep\n|\n|t:|1771168788\n|switch|p1a: Raichu|Raichu, L88, F|249/249\n|turn|12\n|\n|t:|1771168801\n|move|p1a: Raichu|Tera Blast|p2a: Reshiram\n|-damage|p2a: Reshiram|82/277\n|move|p2a: Reshiram|Outrage|p1a: Raichu|[from] lockedmove\n|-damage|p1a: Raichu|25/249\n|-start|p2a: Reshiram|confusion|[fatigue]\n|\n|upkeep\n|turn|13\n|\n|t:|1771168805\n|move|p1a: Raichu|Tera Blast|p2a: Reshiram\n|-damage|p2a: Reshiram|29/277\n|-activate|p2a: Reshiram|confusion\n|-damage|p2a: Reshiram|0 fnt|[from] confusion\n|faint|p2a: Reshiram\n|\n|upkeep\n|\n|t:|1771168809\n|switch|p2a: Rotom|Rotom-Mow, L87|229/229\n|turn|14\n|\n|t:|1771168812\n|move|p1a: Raichu|Tera Blast|p2a: Rotom\n|-damage|p2a: Rotom|175/229\n|move|p2a: Rotom|Leaf Storm|p1a: Raichu\n|-damage|p1a: Raichu|0 fnt\n|-unboost|p2a: Rotom|spa|2\n|faint|p1a: Raichu\n|-damage|p2a: Rotom|153/229|[from] item: Life Orb\n|\n|upkeep\n|\n|t:|1771168819\n|switch|p1a: Barraskewda|Barraskewda, L81, F|231/231\n|turn|15\n|\n|t:|1771168823\n|move|p1a: Barraskewda|Close Combat|p2a: Rotom\n|-damage|p2a: Rotom|40/229\n|-unboost|p1a: Barraskewda|def|1\n|-unboost|p1a: Barraskewda|spd|1\n|move|p2a: Rotom|Trick|p1a: Barraskewda\n|-activate|p2a: Rotom|move: Trick|[of] p1a: Barraskewda\n|-item|p1a: Barraskewda|Life Orb|[from] move: Trick\n|-item|p2a: Rotom|Choice Band|[from] move: Trick\n|\n|upkeep\n|turn|16\n|\n|t:|1771168832\n|move|p1a: Barraskewda|Flip Turn|p2a: Rotom\n|-resisted|p2a: Rotom\n|-damage|p2a: Rotom|1/229\n|-damage|p1a: Barraskewda|208/231|[from] item: Life Orb\n|\n|t:|1771168834\n|switch|p1a: Samurott|Samurott, L88, M|310/310|[from] Flip Turn\n|move|p2a: Rotom|Thunderbolt|p1a: Samurott\n|-supereffective|p1a: Samurott\n|-damage|p1a: Samurott|232/310\n|\n|upkeep\n|turn|17\n|\n|t:|1771168839\n|move|p2a: Rotom|Thunderbolt|p1a: Samurott\n|-supereffective|p1a: Samurott\n|-damage|p1a: Samurott|152/310\n|-status|p1a: Samurott|par\n|move|p1a: Samurott|Flip Turn|p2a: Rotom\n|-resisted|p2a: Rotom\n|-damage|p2a: Rotom|0 fnt\n|faint|p2a: Rotom\n|\n|t:|1771168842\n|switch|p1a: Barraskewda|Barraskewda, L81, F|208/231|[from] Flip Turn\n|\n|upkeep\n|c|☆Stonecoldhooroo|Hmmmm\n|\n|t:|1771168858\n|switch|p2a: Iron Boulder|Iron Boulder, L77|219/219\n|turn|18\n|c|☆Stonecoldhooroo|I shouldn’t have tricked\n|c|☆rewa00|uu\n|inactive|rewa00 has 120 seconds left.\n|c|☆rewa00|i trought you should have go for the kill\n|c|☆Stonecoldhooroo|You’re right\n|\n|t:|1771168906\n|move|p1a: Barraskewda|Waterfall|p2a: Iron Boulder\n|-damage|p2a: Iron Boulder|54/219\n|replace|p2a: Zoroark|Zoroark-Hisui, L80, F\n|-end|p2a: Zoroark|Illusion\n|-hint|Illusion Level Mod is active, so this Pokémon's true level was hidden.\n|-damage|p1a: Barraskewda|185/231|[from] item: Life Orb\n|cant|p2a: Zoroark|flinch\n|\n|upkeep\n|turn|19\n|c|☆Stonecoldhooroo|Flinch rip\n|c|☆rewa00|man\n|\n|t:|1771168922\n|move|p1a: Barraskewda|Waterfall|p2a: Zoroark\n|-damage|p2a: Zoroark|0 fnt\n|faint|p2a: Zoroark\n|-damage|p1a: Barraskewda|162/231|[from] item: Life Orb\n|\n|upkeep\n|\n|t:|1771168924\n|switch|p2a: Weavile|Weavile, L79, F|240/240\n|turn|20\n|c|☆rewa00|i trought  i already spended my lucj\n|inactive|rewa00 has 120 seconds left.\n|\n|t:|1771168939\n|move|p1a: Barraskewda|Close Combat|p2a: Weavile\n|-supereffective|p2a: Weavile\n|-damage|p2a: Weavile|0 fnt\n|-unboost|p1a: Barraskewda|def|1\n|-unboost|p1a: Barraskewda|spd|1\n|faint|p2a: Weavile\n|-damage|p1a: Barraskewda|139/231|[from] item: Life Orb\n|\n|upkeep\n|\n|t:|1771168941\n|switch|p2a: Iron Boulder|Iron Boulder, L77|265/265\n|turn|21\n|\n|t:|1771168949\n|move|p1a: Barraskewda|Waterfall|p2a: Iron Boulder\n|-supereffective|p2a: Iron Boulder\n|-damage|p2a: Iron Boulder|0 fnt\n|faint|p2a: Iron Boulder\n|-end|p2a: Iron Boulder|Quark Drive|[silent]\n|-damage|p1a: Barraskewda|116/231|[from] item: Life Orb\n|\n|win|rewa00\n|raw|rewa00's rating: 1578 &rarr; <strong>1598</strong><br />(+20 for winning)\n|raw|Stonecoldhooroo's rating: 1584 &rarr; <strong>1564</strong><br />(-20 for losing)\n|c|☆rewa00|gg\n|l|☆Stonecoldhooroo\n|player|p2|\n|c|☆rewa00|that was unfortunate\n", "inputlog": ">version 686819e5e19f8a7fd2345cfc5a08a5085efa2cc3\n>start {\"formatid\":\"gen9randombattle\",\"seed\":\"sodium,a72e427102b23489084c9684a93b5c83\",\"rated\":\"Rated battle\"}\n>player p1 {\"name\":\"rewa00\",\"avatar\":\"101\",\"rating\":1578,\"seed\":\"sodium,e5a009ce804fa651d0aaffb93342d219\"}\n>player p2 {\"name\":\"Stonecoldhooroo\",\"avatar\":\"102\",\"rating\":1584,\"seed\":\"sodium,3ed262a053b935718f5aac273caf15a4\"}\n>p1 switch 2\n>p2 move trick\n>chat ☆rewa00|i'd like to imagine that the scarf is in the tail it would be funny\n>p1 switch 3\n>p2 switch 2\n>p1 move muddywater\n>p2 move swordsdance\n>p1 move muddywater\n>p2 move earthquake\n>p1 move muddywater\n>p2 move earthquake\n>p1 switch 2\n>chat ☆Stonecoldhooroo|This accuracy drop gonna screw me\n>p1 move spore\n>p2 move outrage\n>p1 switch 6\n>p1 move dragondance\n>p2 move outrage\n>p1 move dragondance\n>p2 move outrage\n>p1 move earthquake terastallize\n>p2 move earthquake\n>p1 move earthquake\n>p2 move earthquake\n>p2 switch 4\n>chat ☆rewa00|it did\n>p1 move earthquake\n>p2 move outrage terastallize\n>p1 switch 3\n>p1 move terablast\n>p2 move outrage\n>p1 move terablast\n>p2 move flareblitz\n>p2 switch 2\n>p1 move terablast\n>p2 move leafstorm\n>p1 switch 4\n>p1 move closecombat\n>p2 move trick\n>p1 move flipturn\n>p2 move thunderbolt\n>p1 switch 5\n>p1 move flipturn\n>p2 move thunderbolt\n>p1 switch 5\n>chat ☆Stonecoldhooroo|Hmmmm\n>p2 switch 5\n>chat ☆Stonecoldhooroo|I shouldn’t have tricked\n>chat ☆rewa00|uu\n>chat ☆rewa00|i trought you should have go for the kill\n>chat ☆Stonecoldhooroo|You’re right \n>p1 move waterfall\n>p2 move hypervoice\n>chat ☆Stonecoldhooroo|Flinch rip\n>chat ☆rewa00|man\n>p1 move waterfall\n>p2 move hypervoice\n>p2 switch 3\n>chat ☆rewa00|i trought  i already spended my lucj\n>p1 move closecombat\n>p2 move knockoff\n>p2 switch 6\n>p1 move waterfall\n>p2 move mightycleave", "uploadtime": 1771168993, "views": 11, "formatid": "gen9randombattle", "rating": 1564, "private": 0, "password": null}