{"id": "gen9randombattle-2540726156", "format": "[Gen 9] Random Battle", "players": ["alo_n7", "thunderstorm2005"], "log": "|j|☆alo_n7\n|j|☆thunderstorm2005\n|t:|1771246380\n|gametype|singles\n|player|p1|alo_n7|169|1732\n|player|p2|thunderstorm2005|2|1738\n|gen|9\n|tier|[Gen 9] Random Battle\n|rated|\n|rule|Species Clause: Limit one of each Pokémon\n|rule|HP Percentage Mod: HP is shown in percentages\n|rule|Sleep Clause Mod: Limit one foe put to sleep\n|rule|Illusion Level Mod: Illusion disguises the Pokémon's true level\n|\n|t:|1771246380\n|teamsize|p1|6\n|teamsize|p2|6\n|start\n|switch|p1a: Tropius|Tropius, L91, F|328/328\n|switch|p2a: Sunflora|Sunflora, F|312/312\n|turn|1\n|inactive|Battle timer is ON: inactive players will automatically lose when time's up. (requested by alo_n7)\n|inactive|thunderstorm2005 has 120 seconds left.\n|\n|t:|1771246416\n|move|p1a: Tropius|Dragon Dance|p1a: Tropius\n|-boost|p1a: Tropius|atk|1\n|-boost|p1a: Tropius|spe|1\n|move|p2a: Sunflora|Sludge Bomb|p1a: Tropius\n|-supereffective|p1a: Tropius\n|-damage|p1a: Tropius|78/328\n|-status|p1a: Tropius|psn\n|-enditem|p1a: Tropius|Sitrus Berry|[eat]\n|-heal|p1a: Tropius|160/328 psn|[from] item: Sitrus Berry\n|\n|-damage|p1a: Tropius|119/328 psn|[from] psn\n|-item|p1a: Tropius|Sitrus Berry|[from] ability: Harvest\n|upkeep\n|-enditem|p1a: Tropius|Sitrus Berry|[eat]\n|-heal|p1a: Tropius|201/328 psn|[from] item: Sitrus Berry\n|turn|2\n|\n|t:|1771246432\n|move|p1a: Tropius|Dual Wingbeat|p2a: Sunflora\n|-supereffective|p2a: Sunflora\n|-damage|p2a: Sunflora|174/312\n|-supereffective|p2a: Sunflora\n|-damage|p2a: Sunflora|36/312\n|-hitcount|p2a: Sunflora|2\n|move|p2a: Sunflora|Sludge Bomb|p1a: Tropius\n|-supereffective|p1a: Tropius\n|-damage|p1a: Tropius|0 fnt\n|faint|p1a: Tropius\n|\n|upkeep\n|\n|t:|1771246442\n|switch|p1a: Weavile|Weavile, L79, F|240/240\n|turn|3\n|\n|t:|1771246450\n|move|p1a: Weavile|Knock Off|p2a: Sunflora\n|-damage|p2a: Sunflora|0 fnt\n|-enditem|p2a: Sunflora|Choice Specs|[from] move: Knock Off|[of] p1a: Weavile\n|faint|p2a: Sunflora\n|\n|upkeep\n|\n|t:|1771246467\n|switch|p2a: Conkeldurr|Conkeldurr, L80, M|299/299\n|turn|4\n|\n|t:|1771246473\n|switch|p1a: Golurk|Golurk, L87|297/297\n|move|p2a: Conkeldurr|Mach Punch|p1a: Golurk\n|-immune|p1a: Golurk\n|\n|-status|p2a: Conkeldurr|brn|[from] item: Flame Orb\n|upkeep\n|turn|5\n|\n|t:|1771246483\n|move|p1a: Golurk|Dynamic Punch|p2a: Conkeldurr\n|-damage|p2a: Conkeldurr|152/299 brn\n|-start|p2a: Conkeldurr|confusion\n|-activate|p2a: Conkeldurr|confusion\n|move|p2a: Conkeldurr|Knock Off|p1a: Golurk\n|-supereffective|p1a: Golurk\n|-damage|p1a: Golurk|21/297\n|-enditem|p1a: Golurk|Choice Band|[from] move: Knock Off|[of] p2a: Conkeldurr\n|\n|-damage|p2a: Conkeldurr|134/299 brn|[from] brn\n|upkeep\n|turn|6\n|inactive|thunderstorm2005 has 120 seconds left.\n|\n|t:|1771246525\n|move|p1a: Golurk|Poltergeist|p2a: Conkeldurr\n|-activate|p2a: Conkeldurr|move: Poltergeist|Flame Orb\n|-damage|p2a: Conkeldurr|0 fnt\n|faint|p2a: Conkeldurr\n|\n|upkeep\n|\n|t:|1771246532\n|switch|p2a: Dragapult|Dragapult, L77, M|262/262\n|turn|7\n|\n|t:|1771246538\n|switch|p1a: Slaking|Slaking, L84, M|389/389\n|move|p2a: Dragapult|U-turn|p1a: Slaking\n|-damage|p1a: Slaking|346/389\n|inactive|thunderstorm2005 has 120 seconds left.\n|\n|t:|1771246548\n|switch|p2a: Magmortar|Magmortar, L88, F|235/235|[from] U-turn\n|\n|upkeep\n|turn|8\n|inactive|thunderstorm2005 has 120 seconds left.\n|\n|t:|1771246564\n|switch|p2a: Dragapult|Dragapult, L77, M|262/262\n|move|p1a: Slaking|Knock Off|p2a: Dragapult\n|-supereffective|p2a: Dragapult\n|-damage|p2a: Dragapult|0 fnt\n|-enditem|p2a: Dragapult|Choice Specs|[from] move: Knock Off|[of] p1a: Slaking\n|faint|p2a: Dragapult\n|\n|upkeep\n|\n|t:|1771246572\n|switch|p2a: Magmortar|Magmortar, L88, F|235/235\n|turn|9\n|\n|t:|1771246576\n|switch|p1a: Golurk|Golurk, L87|21/297\n|move|p2a: Magmortar|Nasty Plot|p2a: Magmortar\n|-boost|p2a: Magmortar|spa|2\n|\n|upkeep\n|turn|10\n|\n|t:|1771246584\n|move|p2a: Magmortar|Dark Pulse|p1a: Golurk\n|-supereffective|p1a: Golurk\n|-damage|p1a: Golurk|0 fnt\n|faint|p1a: Golurk\n|-damage|p2a: Magmortar|212/235|[from] item: Life Orb\n|\n|upkeep\n|\n|t:|1771246592\n|switch|p1a: Slaking|Slaking, L84, M|346/389\n|turn|11\n|\n|t:|1771246601\n|move|p2a: Magmortar|Focus Blast|p1a: Slaking|[miss]\n|-miss|p2a: Magmortar|p1a: Slaking\n|move|p1a: Slaking|Knock Off|p2a: Magmortar\n|-resisted|p2a: Magmortar\n|-damage|p2a: Magmortar|109/235\n|replace|p2a: Zoroark|Zoroark, L83, M\n|-end|p2a: Zoroark|Illusion\n|-hint|Illusion Level Mod is active, so this Pokémon's true level was hidden.\n|-enditem|p2a: Zoroark|Life Orb|[from] move: Knock Off|[of] p1a: Slaking\n|\n|upkeep\n|turn|12\n|\n|t:|1771246612\n|switch|p1a: Braviary|Braviary-Hisui, L85, M|326/326\n|move|p2a: Zoroark|Nasty Plot|p2a: Zoroark\n|-boost|p2a: Zoroark|spa|2\n|\n|upkeep\n|turn|13\n|\n|t:|1771246621\n|move|p2a: Zoroark|Dark Pulse|p1a: Braviary\n|-supereffective|p1a: Braviary\n|-damage|p1a: Braviary|0 fnt\n|faint|p1a: Braviary\n|\n|upkeep\n|\n|t:|1771246634\n|switch|p1a: Weavile|Weavile, L79, F|240/240\n|turn|14\n|\n|t:|1771246643\n|switch|p2a: Magmortar|Magmortar, L88, F|275/275\n|move|p1a: Weavile|Low Kick|p2a: Magmortar\n|-damage|p2a: Magmortar|203/275\n|\n|upkeep\n|turn|15\n|\n|t:|1771246651\n|switch|p1a: Slaking|Slaking, L84, M|346/389\n|move|p2a: Magmortar|Will-O-Wisp|p1a: Slaking\n|-status|p1a: Slaking|brn\n|\n|-damage|p1a: Slaking|322/389 brn|[from] brn\n|upkeep\n|turn|16\n|\n|t:|1771246660\n|switch|p2a: Dondozo|Dondozo, L78, M|362/362\n|move|p1a: Slaking|Giga Impact|p2a: Dondozo\n|-damage|p2a: Dondozo|215/362\n|-mustrecharge|p1a: Slaking\n|\n|-heal|p2a: Dondozo|237/362|[from] item: Leftovers\n|-damage|p1a: Slaking|298/389 brn|[from] brn\n|upkeep\n|turn|17\n|\n|t:|1771246669\n|cant|p1a: Slaking|recharge\n|move|p2a: Dondozo|Curse|p2a: Dondozo\n|-unboost|p2a: Dondozo|spe|1\n|-boost|p2a: Dondozo|atk|1\n|-boost|p2a: Dondozo|def|1\n|\n|-heal|p2a: Dondozo|259/362|[from] item: Leftovers\n|-damage|p1a: Slaking|274/389 brn|[from] brn\n|upkeep\n|turn|18\n|\n|t:|1771246680\n|move|p1a: Slaking|Giga Impact|p2a: Dondozo|[miss]\n|-miss|p1a: Slaking|p2a: Dondozo\n|move|p2a: Dondozo|Curse|p2a: Dondozo\n|-unboost|p2a: Dondozo|spe|1\n|-boost|p2a: Dondozo|atk|1\n|-boost|p2a: Dondozo|def|1\n|\n|-heal|p2a: Dondozo|281/362|[from] item: Leftovers\n|-damage|p1a: Slaking|250/389 brn|[from] brn\n|upkeep\n|turn|19\n|\n|t:|1771246691\n|switch|p1a: Weavile|Weavile, L79, F|240/240\n|move|p2a: Dondozo|Curse|p2a: Dondozo\n|-unboost|p2a: Dondozo|spe|1\n|-boost|p2a: Dondozo|atk|1\n|-boost|p2a: Dondozo|def|1\n|\n|-heal|p2a: Dondozo|303/362|[from] item: Leftovers\n|upkeep\n|turn|20\n|\n|t:|1771246701\n|move|p1a: Weavile|Knock Off|p2a: Dondozo\n|-damage|p2a: Dondozo|267/362\n|-enditem|p2a: Dondozo|Leftovers|[from] move: Knock Off|[of] p1a: Weavile\n|move|p2a: Dondozo|Curse|p2a: Dondozo\n|-unboost|p2a: Dondozo|spe|1\n|-boost|p2a: Dondozo|atk|1\n|-boost|p2a: Dondozo|def|1\n|\n|upkeep\n|turn|21\n|\n|t:|1771246710\n|switch|p1a: Slaking|Slaking, L84, M|250/389 brn\n|move|p2a: Dondozo|Curse|p2a: Dondozo\n|-unboost|p2a: Dondozo|spe|1\n|-boost|p2a: Dondozo|atk|1\n|-boost|p2a: Dondozo|def|1\n|\n|-damage|p1a: Slaking|226/389 brn|[from] brn\n|upkeep\n|turn|22\n|\n|t:|1771246723\n|move|p1a: Slaking|Giga Impact|p2a: Dondozo\n|-damage|p2a: Dondozo|220/362\n|-mustrecharge|p1a: Slaking\n|move|p2a: Dondozo|Curse|p2a: Dondozo\n|-unboost|p2a: Dondozo|spe|1\n|-boost|p2a: Dondozo|atk|1\n|-boost|p2a: Dondozo|def|1\n|\n|-damage|p1a: Slaking|202/389 brn|[from] brn\n|upkeep\n|turn|23\n|\n|t:|1771246733\n|cant|p1a: Slaking|recharge\n|move|p2a: Dondozo|Rest|p2a: Dondozo\n|-status|p2a: Dondozo|slp|[from] move: Rest\n|-heal|p2a: Dondozo|362/362 slp|[silent]\n|\n|-damage|p1a: Slaking|178/389 brn|[from] brn\n|upkeep\n|turn|24\n|\n|t:|1771246742\n|switch|p1a: Deoxys|Deoxys, L74|196/196\n|-ability|p1a: Deoxys|Pressure\n|cant|p2a: Dondozo|slp\n|move|p2a: Dondozo|Sleep Talk|p2a: Dondozo\n|move|p2a: Dondozo|Rest||[from] move: Sleep Talk|[still]\n|-fail|p2a: Dondozo\n|\n|upkeep\n|turn|25\n|\n|t:|1771246768\n|move|p1a: Deoxys|Psycho Boost|p2a: Dondozo\n|-damage|p2a: Dondozo|92/362 slp\n|-unboost|p1a: Deoxys|spa|2\n|-damage|p1a: Deoxys|177/196|[from] item: Life Orb\n|cant|p2a: Dondozo|slp\n|\n|upkeep\n|turn|26\n|inactive|thunderstorm2005 has 120 seconds left.\n|\n|t:|1771246785\n|move|p1a: Deoxys|Psycho Boost|p2a: Dondozo\n|-damage|p2a: Dondozo|0 fnt\n|-unboost|p1a: Deoxys|spa|2\n|faint|p2a: Dondozo\n|-damage|p1a: Deoxys|158/196|[from] item: Life Orb\n|\n|upkeep\n|inactive|thunderstorm2005 has 120 seconds left.\n|\n|t:|1771246795\n|switch|p2a: Magmortar|Magmortar, L88, F|109/235\n|turn|27\n|\n|t:|1771246801\n|-terastallize|p1a: Deoxys|Dark\n|move|p1a: Deoxys|Superpower|p2a: Magmortar\n|-supereffective|p2a: Magmortar\n|-damage|p2a: Magmortar|0 fnt\n|-unboost|p1a: Deoxys|atk|1\n|-unboost|p1a: Deoxys|def|1\n|replace|p2a: Zoroark|Zoroark, L83, M\n|-end|p2a: Zoroark|Illusion\n|faint|p2a: Zoroark\n|-damage|p1a: Deoxys|139/196|[from] item: Life Orb\n|\n|upkeep\n|\n|t:|1771246804\n|switch|p2a: Magmortar|Magmortar, L88, F|203/275\n|turn|28\n|\n|t:|1771246814\n|switch|p1a: Slaking|Slaking, L84, M|178/389 brn\n|move|p2a: Magmortar|Fire Blast|p1a: Slaking\n|-damage|p1a: Slaking|0 fnt\n|faint|p1a: Slaking\n|\n|upkeep\n|\n|t:|1771246821\n|switch|p1a: Deoxys|Deoxys, L74, tera:Dark|139/196\n|-ability|p1a: Deoxys|Pressure\n|turn|29\n|\n|t:|1771246834\n|-terastallize|p2a: Magmortar|Fighting\n|move|p1a: Deoxys|Psycho Boost|p2a: Magmortar\n|-supereffective|p2a: Magmortar\n|-damage|p2a: Magmortar|0 fnt\n|-unboost|p1a: Deoxys|spa|2\n|faint|p2a: Magmortar\n|-damage|p1a: Deoxys|120/196|[from] item: Life Orb\n|\n|win|alo_n7\n|raw|alo_n7's rating: 1732 &rarr; <strong>1752</strong><br />(+20 for winning)\n|raw|thunderstorm2005's rating: 1738 &rarr; <strong>1718</strong><br />(-20 for losing)\n|l|☆thunderstorm2005\n|player|p2|\n", "inputlog": ">version 686819e5e19f8a7fd2345cfc5a08a5085efa2cc3\n>start {\"formatid\":\"gen9randombattle\",\"seed\":\"sodium,5cfafedaca7caca7bc40a9a3f6cd62ba\",\"rated\":\"Rated battle\"}\n>player p1 {\"name\":\"alo_n7\",\"avatar\":\"169\",\"rating\":1732,\"seed\":\"sodium,b1721fcd2d437b48387400b5f134977c\"}\n>player p2 {\"name\":\"thunderstorm2005\",\"avatar\":\"2\",\"rating\":1738,\"seed\":\"sodium,a839cb766390faa4a202af0198ba25b0\"}\n>p1 move dragondance\n>p2 move sludgebomb\n>p1 move dualwingbeat\n>p2 move sludgebomb\n>p1 switch 2\n>p1 move knockoff\n>p2 move sludgebomb\n>p2 switch 5\n>p1 switch 4\n>p2 move machpunch\n>p1 move dynamicpunch\n>p2 move knockoff\n>p1 move poltergeist\n>p2 move knockoff\n>p2 switch 6\n>p1 switch 6\n>p2 move uturn\n>p2 switch 2\n>p1 move knockoff\n>p2 switch 2\n>p2 switch 2\n>p1 switch 6\n>p2 move nastyplot\n>p1 move dynamicpunch\n>p2 move darkpulse\n>p1 switch 6\n>p1 move knockoff\n>p2 move focusblast\n>p1 switch 3\n>p2 move nastyplot\n>p1 move agility\n>p2 move darkpulse\n>p1 switch 4\n>p1 move lowkick\n>p2 switch 4\n>p1 switch 3\n>p2 move willowisp\n>p1 move gigaimpact\n>p2 switch 3\n>p1 move recharge\n>p2 move curse\n>p1 move gigaimpact\n>p2 move curse\n>p1 switch 3\n>p2 move curse\n>p1 move knockoff\n>p2 move curse\n>p1 switch 3\n>p2 move curse\n>p1 move gigaimpact\n>p2 move curse\n>p1 move recharge\n>p2 move rest\n>p1 switch 5\n>p2 move sleeptalk\n>p1 move psychoboost\n>p2 move wavecrash\n>p1 move psychoboost\n>p2 move rest\n>p2 switch 4\n>p1 move superpower terastallize\n>p2 move darkpulse\n>p2 switch 3\n>p1 switch 5\n>p2 move fireblast\n>p1 switch 5\n>p1 move psychoboost\n>p2 move focusblast terastallize", "uploadtime": 1771246870, "views": 7, "formatid": "gen9randombattle", "rating": 1718, "private": 0, "password": null}