{"id": "gen9randombattle-2540821857", "format": "[Gen 9] Random Battle", "players": ["AmroE13", "Woazengsicht"], "log": "|j|☆AmroE13\n|j|☆Woazengsicht\n|t:|1771257597\n|gametype|singles\n|player|p1|AmroE13|2|1928\n|player|p2|Woazengsicht|1|1983\n|gen|9\n|tier|[Gen 9] Random Battle\n|rated|\n|rule|Species Clause: Limit one of each Pokémon\n|rule|HP Percentage Mod: HP is shown in percentages\n|rule|Sleep Clause Mod: Limit one foe put to sleep\n|rule|Illusion Level Mod: Illusion disguises the Pokémon's true level\n|\n|t:|1771257597\n|teamsize|p1|6\n|teamsize|p2|6\n|start\n|switch|p1a: Sinistcha|Sinistcha-Masterpiece, L83|254/254\n|switch|p2a: Pincurchin|Pincurchin, M|258/258\n|-fieldstart|move: Electric Terrain|[from] ability: Electric Surge|[of] p2a: Pincurchin\n|turn|1\n|inactive|Battle timer is ON: inactive players will automatically lose when time's up. (requested by AmroE13)\n|\n|t:|1771257624\n|switch|p2a: Noctowl|Noctowl, L95, M|344/344\n|move|p1a: Sinistcha|Calm Mind|p1a: Sinistcha\n|-boost|p1a: Sinistcha|spa|1\n|-boost|p1a: Sinistcha|spd|1\n|\n|upkeep\n|turn|2\n|\n|t:|1771257643\n|switch|p1a: Hypno|Hypno, L95, F|315/315\n|move|p2a: Noctowl|Hurricane|p1a: Hypno\n|-damage|p1a: Hypno|224/315\n|-start|p1a: Hypno|confusion\n|\n|-heal|p1a: Hypno|243/315|[from] item: Leftovers\n|upkeep\n|turn|3\n|\n|t:|1771257666\n|switch|p2a: Mightyena|Mightyena, L96, F|290/290\n|-ability|p2a: Mightyena|Intimidate|boost\n|-unboost|p1a: Hypno|atk|1\n|-activate|p1a: Hypno|confusion\n|move|p1a: Hypno|Toxic|p2a: Mightyena\n|-status|p2a: Mightyena|tox\n|\n|-heal|p1a: Hypno|262/315|[from] item: Leftovers\n|-damage|p2a: Mightyena|272/290 tox|[from] psn\n|upkeep\n|turn|4\n|\n|t:|1771257674\n|switch|p1a: Sneasler|Sneasler, L74, F|240/240\n|move|p2a: Mightyena|Crunch|p1a: Sneasler\n|-resisted|p1a: Sneasler\n|-damage|p1a: Sneasler|131/240\n|\n|-damage|p2a: Mightyena|236/290 tox|[from] psn\n|upkeep\n|turn|5\n|\n|t:|1771257684\n|switch|p2a: Pecharunt|Pecharunt, L77|262/262\n|move|p1a: Sneasler|Close Combat|p2a: Pecharunt\n|-immune|p2a: Pecharunt\n|\n|-fieldend|move: Electric Terrain\n|upkeep\n|turn|6\n|\n|t:|1771257703\n|switch|p1a: Komala|Komala, L89, M|260/260\n|-ability|p1a: Komala|Comatose\n|move|p2a: Pecharunt|Parting Shot|p1a: Komala\n|-unboost|p1a: Komala|atk|1\n|-unboost|p1a: Komala|spa|1\n|inactive|Woazengsicht has 120 seconds left.\n|\n|t:|1771257736\n|switch|p2a: Mightyena|Mightyena, L96, F|236/290 tox|[from] Parting Shot\n|-ability|p2a: Mightyena|Intimidate|boost\n|-unboost|p1a: Komala|atk|1\n|\n|-damage|p2a: Mightyena|218/290 tox|[from] psn\n|upkeep\n|turn|7\n|\n|t:|1771257752\n|move|p2a: Mightyena|Crunch|p1a: Komala\n|-damage|p1a: Komala|73/260\n|move|p1a: Komala|Body Slam|p2a: Mightyena\n|-damage|p2a: Mightyena|154/290 tox\n|\n|-damage|p2a: Mightyena|118/290 tox|[from] psn\n|upkeep\n|turn|8\n|\n|t:|1771257762\n|switch|p1a: Rhyperior|Rhyperior, L82, M|323/323\n|move|p2a: Mightyena|Crunch|p1a: Rhyperior\n|-damage|p1a: Rhyperior|214/323\n|-unboost|p1a: Rhyperior|def|1\n|\n|-damage|p2a: Mightyena|64/290 tox|[from] psn\n|upkeep\n|turn|9\n|\n|t:|1771257772\n|move|p2a: Mightyena|Crunch|p1a: Rhyperior\n|-damage|p1a: Rhyperior|36/323\n|move|p1a: Rhyperior|Rock Polish|p1a: Rhyperior\n|-boost|p1a: Rhyperior|spe|2\n|\n|-damage|p2a: Mightyena|0 fnt|[from] psn\n|faint|p2a: Mightyena\n|upkeep\n|inactive|Woazengsicht has 120 seconds left.\n|\n|t:|1771257802\n|switch|p2a: Pincurchin|Pincurchin, M|258/258\n|-fieldstart|move: Electric Terrain|[from] ability: Electric Surge|[of] p2a: Pincurchin\n|turn|10\n|\n|t:|1771257817\n|move|p1a: Rhyperior|Earthquake|p2a: Pincurchin\n|-supereffective|p2a: Pincurchin\n|-damage|p2a: Pincurchin|36/258\n|move|p2a: Pincurchin|Liquidation|p1a: Rhyperior\n|-supereffective|p1a: Rhyperior\n|-damage|p1a: Rhyperior|0 fnt\n|faint|p1a: Rhyperior\n|\n|-heal|p2a: Pincurchin|52/258|[from] item: Leftovers\n|upkeep\n|\n|t:|1771257840\n|switch|p1a: Komala|Komala, L89, M|73/260\n|-ability|p1a: Komala|Comatose\n|turn|11\n|\n|t:|1771257846\n|move|p1a: Komala|Knock Off|p2a: Pincurchin\n|-damage|p2a: Pincurchin|0 fnt\n|-enditem|p2a: Pincurchin|Leftovers|[from] move: Knock Off|[of] p1a: Komala\n|faint|p2a: Pincurchin\n|\n|upkeep\n|inactive|Woazengsicht has 120 seconds left.\n|\n|t:|1771257887\n|switch|p2a: Noctowl|Noctowl, L95, M|344/344\n|turn|12\n|\n|t:|1771257892\n|move|p2a: Noctowl|Roost||[still]\n|-fail|p2a: Noctowl|heal\n|move|p1a: Komala|Body Slam|p2a: Noctowl\n|-damage|p2a: Noctowl|185/344\n|\n|upkeep\n|turn|13\n|\n|t:|1771257898\n|move|p2a: Noctowl|Hurricane|p1a: Komala|[miss]\n|-miss|p2a: Noctowl|p1a: Komala\n|move|p1a: Komala|Body Slam|p2a: Noctowl\n|-damage|p2a: Noctowl|28/344\n|\n|upkeep\n|turn|14\n|\n|t:|1771257903\n|move|p2a: Noctowl|Roost|p2a: Noctowl\n|-heal|p2a: Noctowl|200/344\n|-singleturn|p2a: Noctowl|move: Roost\n|move|p1a: Komala|Body Slam|p2a: Noctowl\n|-damage|p2a: Noctowl|61/344\n|\n|-fieldend|move: Electric Terrain\n|upkeep\n|turn|15\n|\n|t:|1771257906\n|move|p2a: Noctowl|Hurricane|p1a: Komala|[miss]\n|-miss|p2a: Noctowl|p1a: Komala\n|move|p1a: Komala|Body Slam|p2a: Noctowl\n|-damage|p2a: Noctowl|0 fnt\n|faint|p2a: Noctowl\n|\n|upkeep\n|\n|t:|1771257909\n|switch|p2a: Pecharunt|Pecharunt, L77|262/262\n|turn|16\n|\n|t:|1771257911\n|move|p2a: Pecharunt|Malignant Chain|p1a: Komala\n|-damage|p1a: Komala|25/260\n|move|p1a: Komala|Knock Off|p2a: Pecharunt\n|-supereffective|p2a: Pecharunt\n|-damage|p2a: Pecharunt|146/262\n|-damage|p1a: Komala|0 fnt|[from] item: Rocky Helmet|[of] p2a: Pecharunt\n|faint|p1a: Komala\n|\n|upkeep\n|inactive|AmroE13 has 120 seconds left.\n|\n|t:|1771257952\n|switch|p1a: Hypno|Hypno, L95, F|262/315\n|turn|17\n|inactive|AmroE13 has 120 seconds left.\n|\n|t:|1771257974\n|switch|p2a: Ursaluna|Ursaluna, L79, F|335/335\n|move|p1a: Hypno|Psychic Noise|p2a: Ursaluna\n|-damage|p2a: Ursaluna|239/335\n|-start|p2a: Ursaluna|move: Heal Block\n|\n|-heal|p1a: Hypno|281/315|[from] item: Leftovers\n|-status|p2a: Ursaluna|brn|[from] item: Flame Orb\n|upkeep\n|turn|18\n|\n|t:|1771257981\n|move|p1a: Hypno|Protect|p1a: Hypno\n|-singleturn|p1a: Hypno|Protect\n|move|p2a: Ursaluna|Throat Chop|p1a: Hypno\n|-activate|p1a: Hypno|move: Protect\n|\n|-heal|p1a: Hypno|300/315|[from] item: Leftovers\n|-damage|p2a: Ursaluna|219/335 brn|[from] brn\n|-end|p2a: Ursaluna|move: Heal Block\n|upkeep\n|turn|19\n|\n|t:|1771257998\n|switch|p1a: Sneasler|Sneasler, L74, F|131/240\n|move|p2a: Ursaluna|Facade|p1a: Sneasler\n|-damage|p1a: Sneasler|0 fnt\n|faint|p1a: Sneasler\n|\n|-damage|p2a: Ursaluna|199/335 brn|[from] brn\n|upkeep\n|\n|t:|1771258003\n|switch|p1a: Manaphy|Manaphy, L78|284/284\n|turn|20\n|\n|t:|1771258010\n|-terastallize|p2a: Ursaluna|Normal\n|move|p1a: Manaphy|Surf|p2a: Ursaluna\n|-damage|p2a: Ursaluna|108/335 brn\n|move|p2a: Ursaluna|Facade|p1a: Manaphy\n|-damage|p1a: Manaphy|0 fnt\n|faint|p1a: Manaphy\n|\n|-damage|p2a: Ursaluna|88/335 brn|[from] brn\n|upkeep\n|\n|t:|1771258023\n|switch|p1a: Hypno|Hypno, L95, F|300/315\n|turn|21\n|\n|t:|1771258027\n|switch|p2a: Pecharunt|Pecharunt, L77|146/262\n|move|p1a: Hypno|Protect||[still]\n|-fail|p1a: Hypno\n|\n|-heal|p1a: Hypno|315/315|[from] item: Leftovers\n|upkeep\n|turn|22\n|\n|t:|1771258031\n|-terastallize|p1a: Hypno|Steel\n|move|p1a: Hypno|Psychic Noise|p2a: Pecharunt\n|-supereffective|p2a: Pecharunt\n|-damage|p2a: Pecharunt|0 fnt\n|faint|p2a: Pecharunt\n|\n|upkeep\n|\n|t:|1771258041\n|switch|p2a: Glimmora|Glimmora, L75, M|248/248\n|turn|23\n|-message|Woazengsicht forfeited.\n|\n|win|AmroE13\n|raw|AmroE13's rating: 1928 &rarr; <strong>1951</strong><br />(+23 for winning)\n|raw|Woazengsicht's rating: 1983 &rarr; <strong>1960</strong><br />(-23 for losing)\n|l|☆Woazengsicht\n|player|p2|\n", "inputlog": ">version 686819e5e19f8a7fd2345cfc5a08a5085efa2cc3\n>start {\"formatid\":\"gen9randombattle\",\"seed\":\"sodium,98fac7fe181610d8fa8c01d0edbe1e3b\",\"rated\":\"Rated battle\"}\n>player p1 {\"name\":\"AmroE13\",\"avatar\":\"2\",\"rating\":1928,\"seed\":\"sodium,a7de0c3b2694450365788b548d8e48b8\"}\n>player p2 {\"name\":\"Woazengsicht\",\"avatar\":\"1\",\"rating\":1983,\"seed\":\"sodium,a27880f8afad1b069b34be50853cae78\"}\n>p1 move calmmind\n>p2 switch 4\n>p1 switch 6\n>p2 move hurricane\n>p1 move toxic\n>p2 switch 2\n>p1 switch 4\n>p2 move crunch\n>p1 move closecombat\n>p2 switch 5\n>p1 switch 2\n>p2 move partingshot\n>p2 switch 5\n>p1 move bodyslam\n>p2 move crunch\n>p1 switch 3\n>p2 move crunch\n>p1 move rockpolish\n>p2 move crunch\n>p2 switch 4\n>p1 move earthquake\n>p2 move liquidation\n>p1 switch 3\n>p1 move knockoff\n>p2 move recover\n>p2 switch 2\n>p1 move bodyslam\n>p2 move roost\n>p1 move bodyslam\n>p2 move hurricane\n>p1 move bodyslam\n>p2 move roost\n>p1 move bodyslam\n>p2 move hurricane\n>p2 switch 5\n>p1 move knockoff\n>p2 move malignantchain\n>p1 switch 4\n>p1 move psychicnoise\n>p2 switch 3\n>p1 move protect\n>p2 move throatchop\n>p1 switch 2\n>p2 move facade\n>p1 switch 5\n>p1 move surf\n>p2 move facade terastallize\n>p1 switch 2\n>p1 move protect\n>p2 switch 3\n>p1 move psychicnoise terastallize\n>p2 move shadowball\n>p2 switch 6\n>forcelose p2", "uploadtime": 1771258054, "views": 5, "formatid": "gen9randombattle", "rating": 1951, "private": 0, "password": null}