{"id": "gen9randombattle-2540288948", "format": "[Gen 9] Random Battle", "players": ["bookybran", "fiesta899"], "log": "|j|☆bookybran\n|j|☆fiesta899\n|t:|1771185004\n|gametype|singles\n|player|p1|bookybran|2|1717\n|player|p2|fiesta899|pokemonbreeder-gen4|1760\n|gen|9\n|tier|[Gen 9] Random Battle\n|rated|\n|rule|Species Clause: Limit one of each Pokémon\n|rule|HP Percentage Mod: HP is shown in percentages\n|rule|Sleep Clause Mod: Limit one foe put to sleep\n|rule|Illusion Level Mod: Illusion disguises the Pokémon's true level\n|\n|t:|1771185004\n|teamsize|p1|6\n|teamsize|p2|6\n|start\n|switch|p1a: Grumpig|Grumpig, L92, F|297/297\n|switch|p2a: Chandelure|Chandelure, L83, F|235/235\n|turn|1\n|\n|t:|1771185025\n|-terastallize|p1a: Grumpig|Ground\n|move|p2a: Chandelure|Shadow Ball|p1a: Grumpig\n|-damage|p1a: Grumpig|204/297\n|-unboost|p1a: Grumpig|spd|1\n|move|p1a: Grumpig|Earth Power|p2a: Chandelure\n|-supereffective|p2a: Chandelure\n|-damage|p2a: Chandelure|37/235\n|-unboost|p2a: Chandelure|spd|1\n|\n|-heal|p1a: Grumpig|222/297|[from] item: Leftovers\n|upkeep\n|turn|2\n|\n|t:|1771185053\n|switch|p2a: Giratina|Giratina, L75|349/349\n|-ability|p2a: Giratina|Pressure\n|switch|p1a: Mightyena|Mightyena, L96, F|290/290\n|-ability|p1a: Mightyena|Intimidate|boost\n|-unboost|p2a: Giratina|atk|1\n|\n|upkeep\n|turn|3\n|\n|t:|1771185064\n|switch|p2a: Toxapex|Toxapex, L82, M|216/216\n|move|p1a: Mightyena|Throat Chop|p2a: Toxapex\n|-damage|p2a: Toxapex|152/216\n|-start|p2a: Toxapex|Throat Chop|[silent]\n|\n|-heal|p2a: Toxapex|165/216|[from] item: Leftovers\n|upkeep\n|turn|4\n|\n|t:|1771185084\n|switch|p1a: Cetitan|Cetitan, L82, F|412/412\n|move|p2a: Toxapex|Toxic|p1a: Cetitan\n|-status|p1a: Cetitan|tox\n|\n|-heal|p2a: Toxapex|178/216|[from] item: Leftovers\n|-damage|p1a: Cetitan|387/412 tox|[from] psn\n|-end|p2a: Toxapex|Throat Chop|[silent]\n|upkeep\n|turn|5\n|\n|t:|1771185099\n|move|p1a: Cetitan|Belly Drum|p1a: Cetitan\n|-damage|p1a: Cetitan|181/412 tox\n|-setboost|p1a: Cetitan|atk|6|[from] move: Belly Drum\n|-enditem|p1a: Cetitan|Sitrus Berry|[eat]\n|-heal|p1a: Cetitan|284/412 tox|[from] item: Sitrus Berry\n|move|p2a: Toxapex|Haze|p2a: Toxapex\n|-clearallboost\n|\n|-heal|p2a: Toxapex|191/216|[from] item: Leftovers\n|-damage|p1a: Cetitan|234/412 tox|[from] psn\n|upkeep\n|turn|6\n|\n|t:|1771185118\n|move|p1a: Cetitan|Earthquake|p2a: Toxapex\n|-supereffective|p2a: Toxapex\n|-damage|p2a: Toxapex|97/216\n|move|p2a: Toxapex|Liquidation|p1a: Cetitan\n|-damage|p1a: Cetitan|155/412 tox\n|-unboost|p1a: Cetitan|def|1\n|\n|-heal|p2a: Toxapex|110/216|[from] item: Leftovers\n|-damage|p1a: Cetitan|80/412 tox|[from] psn\n|upkeep\n|turn|7\n|\n|t:|1771185125\n|move|p1a: Cetitan|Earthquake|p2a: Toxapex\n|-supereffective|p2a: Toxapex\n|-damage|p2a: Toxapex|2/216\n|move|p2a: Toxapex|Recover|p2a: Toxapex\n|-heal|p2a: Toxapex|110/216\n|\n|-heal|p2a: Toxapex|123/216|[from] item: Leftovers\n|-damage|p1a: Cetitan|0 fnt|[from] psn\n|faint|p1a: Cetitan\n|upkeep\n|\n|t:|1771185134\n|switch|p1a: Grumpig|Grumpig, L92, F, tera:Ground|222/297\n|turn|8\n|\n|t:|1771185142\n|switch|p2a: Giratina|Giratina, L75|349/349\n|-ability|p2a: Giratina|Pressure\n|move|p1a: Grumpig|Earth Power|p2a: Giratina\n|-damage|p2a: Giratina|256/349\n|\n|-heal|p1a: Grumpig|240/297|[from] item: Leftovers\n|-heal|p2a: Giratina|277/349|[from] item: Leftovers\n|upkeep\n|turn|9\n|\n|t:|1771185150\n|switch|p1a: Ludicolo|Ludicolo, L90, M|290/290\n|move|p2a: Giratina|Calm Mind|p2a: Giratina\n|-boost|p2a: Giratina|spa|1\n|-boost|p2a: Giratina|spd|1\n|\n|-heal|p2a: Giratina|298/349|[from] item: Leftovers\n|upkeep\n|turn|10\n|\n|t:|1771185158\n|move|p2a: Giratina|Calm Mind|p2a: Giratina\n|-boost|p2a: Giratina|spa|1\n|-boost|p2a: Giratina|spd|1\n|move|p1a: Ludicolo|Ice Beam|p2a: Giratina\n|-supereffective|p2a: Giratina\n|-damage|p2a: Giratina|214/349\n|\n|-heal|p2a: Giratina|235/349|[from] item: Leftovers\n|upkeep\n|turn|11\n|\n|t:|1771185164\n|move|p2a: Giratina|Calm Mind|p2a: Giratina\n|-boost|p2a: Giratina|spa|1\n|-boost|p2a: Giratina|spd|1\n|move|p1a: Ludicolo|Ice Beam|p2a: Giratina\n|-supereffective|p2a: Giratina\n|-damage|p2a: Giratina|163/349\n|-status|p2a: Giratina|frz\n|\n|-heal|p2a: Giratina|184/349 frz|[from] item: Leftovers\n|upkeep\n|turn|12\n|\n|t:|1771185171\n|switch|p1a: Mightyena|Mightyena, L96, F|290/290\n|-ability|p1a: Mightyena|Intimidate|boost\n|-unboost|p2a: Giratina|atk|1\n|cant|p2a: Giratina|frz\n|\n|-heal|p2a: Giratina|205/349 frz|[from] item: Leftovers\n|upkeep\n|turn|13\n|\n|t:|1771185177\n|switch|p2a: Toxapex|Toxapex, L82, M|195/216\n|move|p1a: Mightyena|Throat Chop|p2a: Toxapex\n|-damage|p2a: Toxapex|128/216\n|-start|p2a: Toxapex|Throat Chop|[silent]\n|\n|-heal|p2a: Toxapex|141/216|[from] item: Leftovers\n|upkeep\n|turn|14\n|\n|t:|1771185189\n|switch|p1a: Ludicolo|Ludicolo, L90, M|290/290\n|move|p2a: Toxapex|Toxic|p1a: Ludicolo\n|-status|p1a: Ludicolo|tox\n|\n|-heal|p2a: Toxapex|154/216|[from] item: Leftovers\n|-damage|p1a: Ludicolo|272/290 tox|[from] psn\n|-end|p2a: Toxapex|Throat Chop|[silent]\n|upkeep\n|turn|15\n|\n|t:|1771185243\n|switch|p2a: Giratina|Giratina, L75|205/349 frz\n|-ability|p2a: Giratina|Pressure\n|move|p1a: Ludicolo|Leaf Storm|p2a: Giratina\n|-resisted|p2a: Giratina\n|-damage|p2a: Giratina|103/349 frz\n|-unboost|p1a: Ludicolo|spa|2\n|\n|-heal|p2a: Giratina|124/349 frz|[from] item: Leftovers\n|-damage|p1a: Ludicolo|236/290 tox|[from] psn\n|upkeep\n|turn|16\n|\n|t:|1771185289\n|switch|p2a: Toxapex|Toxapex, L82, M|216/216\n|switch|p1a: Mightyena|Mightyena, L96, F|290/290\n|-ability|p1a: Mightyena|Intimidate|boost\n|-unboost|p2a: Toxapex|atk|1\n|\n|upkeep\n|turn|17\n|\n|t:|1771185299\n|switch|p1a: Ludicolo|Ludicolo, L90, M|236/290 tox\n|move|p2a: Toxapex|Liquidation|p1a: Ludicolo\n|-resisted|p1a: Ludicolo\n|-damage|p1a: Ludicolo|224/290 tox\n|\n|-damage|p1a: Ludicolo|206/290 tox|[from] psn\n|upkeep\n|turn|18\n|\n|t:|1771185308\n|switch|p1a: Grumpig|Grumpig, L92, F, tera:Ground|240/297\n|move|p2a: Toxapex|Recover||[still]\n|-fail|p2a: Toxapex|heal\n|\n|-heal|p1a: Grumpig|258/297|[from] item: Leftovers\n|upkeep\n|turn|19\n|\n|t:|1771185311\n|move|p1a: Grumpig|Earth Power|p2a: Toxapex\n|-supereffective|p2a: Toxapex\n|-damage|p2a: Toxapex|58/216\n|move|p2a: Toxapex|Toxic|p1a: Grumpig\n|-status|p1a: Grumpig|tox\n|\n|-heal|p1a: Grumpig|276/297 tox|[from] item: Leftovers\n|-heal|p2a: Toxapex|71/216|[from] item: Leftovers\n|-damage|p1a: Grumpig|258/297 tox|[from] psn\n|upkeep\n|turn|20\n|\n|t:|1771185321\n|switch|p2a: Giratina|Giratina, L75|124/349 frz\n|-ability|p2a: Giratina|Pressure\n|move|p1a: Grumpig|Shadow Ball|p2a: Giratina\n|-supereffective|p2a: Giratina\n|-damage|p2a: Giratina|16/349 frz\n|\n|-heal|p1a: Grumpig|276/297 tox|[from] item: Leftovers\n|-heal|p2a: Giratina|37/349 frz|[from] item: Leftovers\n|-damage|p1a: Grumpig|240/297 tox|[from] psn\n|upkeep\n|turn|21\n|\n|t:|1771185329\n|switch|p1a: Mightyena|Mightyena, L96, F|290/290\n|-ability|p1a: Mightyena|Intimidate|boost\n|-unboost|p2a: Giratina|atk|1\n|-curestatus|p2a: Giratina|frz|[msg]\n|move|p2a: Giratina|Rest|p2a: Giratina\n|-status|p2a: Giratina|slp|[from] move: Rest\n|-heal|p2a: Giratina|349/349 slp|[silent]\n|\n|upkeep\n|turn|22\n|\n|t:|1771185337\n|switch|p2a: Toxapex|Toxapex, L82, M|143/216\n|move|p1a: Mightyena|Throat Chop|p2a: Toxapex\n|-damage|p2a: Toxapex|77/216\n|-start|p2a: Toxapex|Throat Chop|[silent]\n|\n|-heal|p2a: Toxapex|90/216|[from] item: Leftovers\n|upkeep\n|turn|23\n|c|☆fiesta899|wtfff\n|c|☆fiesta899|I didn't know you could use rest when frozen\n|\n|t:|1771185357\n|switch|p1a: Grumpig|Grumpig, L92, F, tera:Ground|240/297 tox\n|move|p2a: Toxapex|Recover|p2a: Toxapex\n|-heal|p2a: Toxapex|198/216\n|\n|-heal|p1a: Grumpig|258/297 tox|[from] item: Leftovers\n|-heal|p2a: Toxapex|211/216|[from] item: Leftovers\n|-damage|p1a: Grumpig|240/297 tox|[from] psn\n|-end|p2a: Toxapex|Throat Chop|[silent]\n|upkeep\n|turn|24\n|\n|t:|1771185364\n|move|p1a: Grumpig|Nasty Plot|p1a: Grumpig\n|-boost|p1a: Grumpig|spa|2\n|move|p2a: Toxapex|Liquidation|p1a: Grumpig\n|-supereffective|p1a: Grumpig\n|-damage|p1a: Grumpig|96/297 tox\n|\n|-heal|p1a: Grumpig|114/297 tox|[from] item: Leftovers\n|-heal|p2a: Toxapex|216/216|[from] item: Leftovers\n|-damage|p1a: Grumpig|78/297 tox|[from] psn\n|upkeep\n|turn|25\n|\n|t:|1771185403\n|switch|p2a: Slither Wing|Slither Wing, L81|270/270\n|-enditem|p2a: Slither Wing|Booster Energy\n|-activate|p2a: Slither Wing|ability: Protosynthesis|[fromitem]\n|-start|p2a: Slither Wing|protosynthesisatk\n|move|p1a: Grumpig|Shadow Ball|p2a: Slither Wing\n|-damage|p2a: Slither Wing|155/270\n|\n|-heal|p1a: Grumpig|96/297 tox|[from] item: Leftovers\n|-damage|p1a: Grumpig|42/297 tox|[from] psn\n|upkeep\n|turn|26\n|\n|t:|1771185447\n|-end|p2a: Slither Wing|Protosynthesis|[silent]\n|switch|p2a: Terapagos|Terapagos, L77, F|265/265\n|-activate|p2a: Terapagos|ability: Tera Shift\n|detailschange|p2a: Terapagos|Terapagos-Terastal, L77, F\n|-heal|p2a: Terapagos|273/273|[silent]\n|move|p1a: Grumpig|Psyshock|p2a: Terapagos\n|-activate|p2a: Terapagos|ability: Tera Shell\n|-resisted|p2a: Terapagos\n|-damage|p2a: Terapagos|189/273\n|\n|-heal|p1a: Grumpig|60/297 tox|[from] item: Leftovers\n|-damage|p1a: Grumpig|0 fnt|[from] psn\n|faint|p1a: Grumpig\n|upkeep\n|\n|t:|1771185455\n|switch|p1a: Raging Bolt|Raging Bolt, L78|323/323\n|-enditem|p1a: Raging Bolt|Booster Energy\n|-activate|p1a: Raging Bolt|ability: Protosynthesis|[fromitem]\n|-start|p1a: Raging Bolt|protosynthesisspa\n|turn|27\n|\n|t:|1771185464\n|move|p2a: Terapagos|Earth Power|p1a: Raging Bolt\n|-supereffective|p1a: Raging Bolt\n|-damage|p1a: Raging Bolt|199/323\n|move|p1a: Raging Bolt|Calm Mind|p1a: Raging Bolt\n|-boost|p1a: Raging Bolt|spa|1\n|-boost|p1a: Raging Bolt|spd|1\n|\n|upkeep\n|turn|28\n|\n|t:|1771185471\n|move|p2a: Terapagos|Calm Mind|p2a: Terapagos\n|-boost|p2a: Terapagos|spa|1\n|-boost|p2a: Terapagos|spd|1\n|move|p1a: Raging Bolt|Thunderbolt|p2a: Terapagos\n|-damage|p2a: Terapagos|59/273\n|\n|upkeep\n|turn|29\n|\n|t:|1771185478\n|move|p2a: Terapagos|Earth Power|p1a: Raging Bolt\n|-supereffective|p1a: Raging Bolt\n|-damage|p1a: Raging Bolt|73/323\n|move|p1a: Raging Bolt|Thunderbolt|p2a: Terapagos\n|-damage|p2a: Terapagos|0 fnt\n|faint|p2a: Terapagos\n|\n|upkeep\n|\n|t:|1771185561\n|switch|p2a: Dudunsparce|Dudunsparce-Three-Segment, L83, M|343/343\n|turn|30\n|\n|t:|1771185567\n|switch|p2a: Chandelure|Chandelure, L83, F|37/235\n|move|p1a: Raging Bolt|Thunderbolt|p2a: Chandelure\n|-damage|p2a: Chandelure|0 fnt\n|faint|p2a: Chandelure\n|\n|upkeep\n|\n|t:|1771185601\n|switch|p2a: Slither Wing|Slither Wing, L81|155/270\n|turn|31\n|\n|t:|1771185604\n|move|p1a: Raging Bolt|Thunderclap|p2a: Slither Wing\n|-damage|p2a: Slither Wing|8/270\n|move|p2a: Slither Wing|Leech Life|p1a: Raging Bolt\n|-damage|p1a: Raging Bolt|0 fnt\n|-heal|p2a: Slither Wing|45/270|[from] drain|[of] p1a: Raging Bolt\n|faint|p1a: Raging Bolt\n|-end|p1a: Raging Bolt|Protosynthesis|[silent]\n|\n|upkeep\n|\n|t:|1771185611\n|switch|p1a: Ludicolo|Ludicolo, L90, M|206/290 tox\n|turn|32\n|\n|t:|1771185618\n|-end|p2a: Slither Wing|Protosynthesis|[silent]\n|switch|p2a: Toxapex|Toxapex, L82, M|216/216\n|move|p1a: Ludicolo|Ice Beam|p2a: Toxapex\n|-resisted|p2a: Toxapex\n|-damage|p2a: Toxapex|183/216\n|\n|-heal|p2a: Toxapex|196/216|[from] item: Leftovers\n|-damage|p1a: Ludicolo|188/290 tox|[from] psn\n|upkeep\n|turn|33\n|\n|t:|1771185624\n|move|p1a: Ludicolo|Ice Beam|p2a: Toxapex\n|-resisted|p2a: Toxapex\n|-damage|p2a: Toxapex|162/216\n|move|p2a: Toxapex|Toxic|p1a: Ludicolo\n|-fail|p1a: Ludicolo|tox\n|\n|-heal|p2a: Toxapex|175/216|[from] item: Leftovers\n|-damage|p1a: Ludicolo|152/290 tox|[from] psn\n|upkeep\n|turn|34\n|\n|t:|1771185630\n|move|p1a: Ludicolo|Ice Beam|p2a: Toxapex\n|-resisted|p2a: Toxapex\n|-damage|p2a: Toxapex|142/216\n|move|p2a: Toxapex|Toxic|p1a: Ludicolo\n|-fail|p1a: Ludicolo|tox\n|\n|-heal|p2a: Toxapex|155/216|[from] item: Leftovers\n|-damage|p1a: Ludicolo|98/290 tox|[from] psn\n|upkeep\n|turn|35\n|\n|t:|1771185636\n|move|p1a: Ludicolo|Ice Beam|p2a: Toxapex\n|-resisted|p2a: Toxapex\n|-damage|p2a: Toxapex|122/216\n|move|p2a: Toxapex|Recover|p2a: Toxapex\n|-heal|p2a: Toxapex|216/216\n|\n|-damage|p1a: Ludicolo|26/290 tox|[from] psn\n|upkeep\n|turn|36\n|\n|t:|1771185648\n|move|p1a: Ludicolo|Ice Beam|p2a: Toxapex\n|-resisted|p2a: Toxapex\n|-damage|p2a: Toxapex|181/216\n|move|p2a: Toxapex|Recover|p2a: Toxapex\n|-heal|p2a: Toxapex|216/216\n|\n|-damage|p1a: Ludicolo|0 fnt|[from] psn\n|faint|p1a: Ludicolo\n|upkeep\n|\n|t:|1771185650\n|switch|p1a: Floatzel|Floatzel, L86, M|286/286\n|turn|37\n|\n|t:|1771185657\n|move|p1a: Floatzel|Taunt|p2a: Toxapex\n|-start|p2a: Toxapex|move: Taunt\n|cant|p2a: Toxapex|move: Taunt|Toxic\n|\n|upkeep\n|turn|38\n|\n|t:|1771185684\n|switch|p2a: Dudunsparce|Dudunsparce-Three-Segment, L83, M|343/343\n|move|p1a: Floatzel|Bulk Up|p1a: Floatzel\n|-boost|p1a: Floatzel|atk|1\n|-boost|p1a: Floatzel|def|1\n|\n|upkeep\n|turn|39\n|\n|t:|1771185694\n|move|p1a: Floatzel|Wave Crash|p2a: Dudunsparce\n|-damage|p2a: Dudunsparce|117/343\n|-damage|p1a: Floatzel|211/286|[from] Recoil\n|move|p2a: Dudunsparce|Boomburst|p1a: Floatzel\n|-damage|p1a: Floatzel|6/286\n|\n|-heal|p1a: Floatzel|23/286|[from] item: Leftovers\n|-heal|p2a: Dudunsparce|138/343|[from] item: Leftovers\n|upkeep\n|turn|40\n|\n|t:|1771185712\n|move|p1a: Floatzel|Ice Spinner|p2a: Dudunsparce\n|-damage|p2a: Dudunsparce|34/343\n|move|p2a: Dudunsparce|Roost|p2a: Dudunsparce\n|-heal|p2a: Dudunsparce|206/343\n|-singleturn|p2a: Dudunsparce|move: Roost\n|\n|-heal|p1a: Floatzel|40/286|[from] item: Leftovers\n|-heal|p2a: Dudunsparce|227/343|[from] item: Leftovers\n|upkeep\n|turn|41\n|\n|t:|1771185721\n|move|p1a: Floatzel|Wave Crash|p2a: Dudunsparce\n|-damage|p2a: Dudunsparce|0 fnt\n|faint|p2a: Dudunsparce\n|-damage|p1a: Floatzel|0 fnt|[from] Recoil\n|faint|p1a: Floatzel\n|\n|upkeep\n|-message|bookybran forfeited.\n|\n|win|fiesta899\n|raw|bookybran's rating: 1717 &rarr; <strong>1699</strong><br />(-18 for losing)\n|raw|fiesta899's rating: 1760 &rarr; <strong>1778</strong><br />(+18 for winning)\n|l|☆bookybran\n|player|p1|\n", "inputlog": ">version 686819e5e19f8a7fd2345cfc5a08a5085efa2cc3\n>start {\"formatid\":\"gen9randombattle\",\"seed\":\"sodium,4bb79d333526b996dc6d3f50dd482d67\",\"rated\":\"Rated battle\"}\n>player p1 {\"name\":\"bookybran\",\"avatar\":\"2\",\"rating\":1717,\"seed\":\"sodium,b30804637af62d4d1b95e1ef91355618\"}\n>player p2 {\"name\":\"fiesta899\",\"avatar\":\"pokemonbreeder-gen4\",\"rating\":1760,\"seed\":\"sodium,f31e59434b9cced5f58f041b8ade016d\"}\n>p1 move earthpower terastallize\n>p2 move shadowball\n>p1 switch 6\n>p2 switch 5\n>p1 move throatchop\n>p2 switch 6\n>p1 switch 3\n>p2 move toxic\n>p1 move bellydrum\n>p2 move haze\n>p1 move earthquake\n>p2 move liquidation\n>p1 move earthquake\n>p2 move recover\n>p1 switch 6\n>p1 move earthpower\n>p2 switch 6\n>p1 switch 5\n>p2 move calmmind\n>p1 move icebeam\n>p2 move calmmind\n>p1 move icebeam\n>p2 move calmmind\n>p1 switch 3\n>p2 move calmmind\n>p1 move throatchop\n>p2 switch 6\n>p1 switch 3\n>p2 move toxic\n>p1 move leafstorm\n>p2 switch 6\n>p1 switch 3\n>p2 switch 6\n>p1 switch 3\n>p2 move liquidation\n>p1 switch 5\n>p2 move recover\n>p1 move earthpower\n>p2 move toxic\n>p1 move shadowball\n>p2 switch 6\n>p1 switch 3\n>p2 move rest\n>p1 move throatchop\n>p2 switch 6\n>chat ☆fiesta899|wtfff\n>chat ☆fiesta899|I didn't know you could use rest when frozen\n>p1 switch 3\n>p2 move recover\n>p1 move nastyplot\n>p2 move liquidation\n>p1 move shadowball\n>p2 switch 2\n>p1 move psyshock\n>p2 switch 3\n>p1 switch 2\n>p1 move calmmind\n>p2 move earthpower\n>p1 move thunderbolt\n>p2 move calmmind\n>p1 move thunderbolt\n>p2 move earthpower\n>p2 switch 4\n>p1 move thunderbolt\n>p2 switch 5\n>p2 switch 3\n>p1 move thunderclap\n>p2 move leechlife\n>p1 switch 5\n>p1 move icebeam\n>p2 switch 2\n>p1 move icebeam\n>p2 move toxic\n>p1 move icebeam\n>p2 move toxic\n>p1 move icebeam\n>p2 move recover\n>p1 move icebeam\n>p2 move recover\n>p1 switch 4\n>p1 move taunt\n>p2 move toxic\n>p1 move bulkup\n>p2 switch 5\n>p1 move wavecrash\n>p2 move boomburst\n>p1 move icespinner\n>p2 move roost\n>p1 move wavecrash\n>p2 move roost\n>forcelose p1", "uploadtime": 1771185730, "views": 8, "formatid": "gen9randombattle", "rating": 1699, "private": 0, "password": null}