{"id": "gen9randombattle-2540682270", "format": "[Gen 9] Random Battle", "players": ["Ainz2284", "M4teo010101"], "log": "|j|☆Ainz2284\n|j|☆M4teo010101\n|t:|1771239499\n|gametype|singles\n|player|p1|Ainz2284|elesa|1722\n|player|p2|M4teo010101|sycamore-masters|1803\n|gen|9\n|tier|[Gen 9] Random Battle\n|rated|\n|rule|Species Clause: Limit one of each Pokémon\n|rule|HP Percentage Mod: HP is shown in percentages\n|rule|Sleep Clause Mod: Limit one foe put to sleep\n|rule|Illusion Level Mod: Illusion disguises the Pokémon's true level\n|\n|t:|1771239499\n|teamsize|p1|6\n|teamsize|p2|6\n|start\n|switch|p1a: Eelektross|Eelektross, L87, M|290/290\n|switch|p2a: Okidogi|Okidogi, L77, M|262/262\n|turn|1\n|c|☆M4teo010101|hf\n|inactive|Battle timer is ON: inactive players will automatically lose when time's up. (requested by M4teo010101)\n|c|☆Ainz2284|glhf\n|\n|t:|1771239519\n|move|p2a: Okidogi|Knock Off|p1a: Eelektross\n|-damage|p1a: Eelektross|212/290\n|-enditem|p1a: Eelektross|Leftovers|[from] move: Knock Off|[of] p2a: Okidogi\n|move|p1a: Eelektross|Coil|p1a: Eelektross\n|-boost|p1a: Eelektross|atk|1\n|-boost|p1a: Eelektross|def|1\n|-boost|p1a: Eelektross|accuracy|1\n|\n|upkeep\n|turn|2\n|\n|t:|1771239524\n|move|p2a: Okidogi|Gunk Shot|p1a: Eelektross\n|-crit|p1a: Eelektross\n|-damage|p1a: Eelektross|0 fnt\n|faint|p1a: Eelektross\n|\n|upkeep\n|\n|t:|1771239531\n|switch|p1a: Hypno|Hypno, L95, M|315/315\n|turn|3\n|\n|t:|1771239536\n|switch|p2a: Hydreigon|Hydreigon, L79, M|275/275\n|move|p1a: Hypno|Psychic Noise|p2a: Hydreigon\n|-immune|p2a: Hydreigon\n|\n|upkeep\n|turn|4\n|\n|t:|1771239545\n|move|p2a: Hydreigon|Nasty Plot|p2a: Hydreigon\n|-boost|p2a: Hydreigon|spa|2\n|move|p1a: Hypno|Toxic|p2a: Hydreigon\n|-status|p2a: Hydreigon|tox\n|\n|-damage|p2a: Hydreigon|258/275 tox|[from] psn\n|upkeep\n|turn|5\n|\n|t:|1771239552\n|move|p1a: Hypno|Protect|p1a: Hypno\n|-singleturn|p1a: Hypno|Protect\n|move|p2a: Hydreigon|Dark Pulse|p1a: Hypno\n|-activate|p1a: Hypno|move: Protect\n|\n|-damage|p2a: Hydreigon|224/275 tox|[from] psn\n|upkeep\n|turn|6\n|\n|t:|1771239562\n|move|p2a: Hydreigon|Dark Pulse|p1a: Hypno\n|-supereffective|p1a: Hypno\n|-damage|p1a: Hypno|0 fnt\n|faint|p1a: Hypno\n|-damage|p2a: Hydreigon|197/275 tox|[from] item: Life Orb\n|\n|-damage|p2a: Hydreigon|146/275 tox|[from] psn\n|upkeep\n|\n|t:|1771239574\n|switch|p1a: Arceus|Arceus-Flying, L69|279/279\n|turn|7\n|\n|t:|1771239579\n|move|p1a: Arceus|Calm Mind|p1a: Arceus\n|-boost|p1a: Arceus|spa|1\n|-boost|p1a: Arceus|spd|1\n|move|p2a: Hydreigon|Draco Meteor|p1a: Arceus\n|-crit|p1a: Arceus\n|-damage|p1a: Arceus|0 fnt\n|-unboost|p2a: Hydreigon|spa|2\n|faint|p1a: Arceus\n|-damage|p2a: Hydreigon|119/275 tox|[from] item: Life Orb\n|\n|-damage|p2a: Hydreigon|51/275 tox|[from] psn\n|upkeep\n|\n|t:|1771239595\n|switch|p1a: Lilligant|Lilligant, L86, F|261/261\n|turn|8\n|\n|t:|1771239602\n|switch|p2a: Victreebel|Victreebel, L90, M|290/290\n|-terastallize|p1a: Lilligant|Fairy\n|move|p1a: Lilligant|Quiver Dance|p1a: Lilligant\n|-boost|p1a: Lilligant|spa|1\n|-boost|p1a: Lilligant|spd|1\n|-boost|p1a: Lilligant|spe|1\n|\n|upkeep\n|turn|9\n|\n|t:|1771239609\n|move|p1a: Lilligant|Alluring Voice|p2a: Victreebel\n|-resisted|p2a: Victreebel\n|-damage|p2a: Victreebel|193/290\n|-damage|p1a: Lilligant|235/261|[from] item: Life Orb\n|move|p2a: Victreebel|Sludge Wave|p1a: Lilligant\n|-supereffective|p1a: Lilligant\n|-damage|p1a: Lilligant|14/261\n|-damage|p2a: Victreebel|164/290|[from] item: Life Orb\n|\n|upkeep\n|turn|10\n|\n|t:|1771239612\n|move|p1a: Lilligant|Petal Dance|p2a: Victreebel\n|-resisted|p2a: Victreebel\n|-damage|p2a: Victreebel|86/290\n|-damage|p1a: Lilligant|0 fnt|[from] item: Life Orb\n|faint|p1a: Lilligant\n|move|p2a: Victreebel|Strength Sap|p1: Lilligant|[notarget]\n|-fail|p2a: Victreebel\n|\n|upkeep\n|\n|t:|1771239619\n|switch|p1a: Phione|Phione, L91|293/293\n|turn|11\n|\n|t:|1771239627\n|switch|p2a: Okidogi|Okidogi, L77, M|262/262\n|move|p1a: Phione|Take Heart|p1a: Phione\n|-boost|p1a: Phione|spa|1\n|-boost|p1a: Phione|spd|1\n|\n|upkeep\n|turn|12\n|\n|t:|1771239634\n|switch|p2a: Hydreigon|Hydreigon, L79, M|51/275 tox\n|move|p1a: Phione|Take Heart|p1a: Phione\n|-boost|p1a: Phione|spa|1\n|-boost|p1a: Phione|spd|1\n|\n|-damage|p2a: Hydreigon|34/275 tox|[from] psn\n|upkeep\n|turn|13\n|\n|t:|1771239639\n|move|p2a: Hydreigon|Draco Meteor|p1a: Phione\n|-damage|p1a: Phione|188/293\n|-unboost|p2a: Hydreigon|spa|2\n|-damage|p2a: Hydreigon|7/275 tox|[from] item: Life Orb\n|move|p1a: Phione|Take Heart|p1a: Phione\n|-boost|p1a: Phione|spa|1\n|-boost|p1a: Phione|spd|1\n|\n|-heal|p1a: Phione|206/293|[from] item: Leftovers\n|-damage|p2a: Hydreigon|0 fnt|[from] psn\n|faint|p2a: Hydreigon\n|upkeep\n|\n|t:|1771239640\n|switch|p2a: Okidogi|Okidogi, L77, M|262/262\n|turn|14\n|\n|t:|1771239646\n|move|p1a: Phione|Scald|p2a: Okidogi\n|-damage|p2a: Okidogi|96/262\n|-status|p2a: Okidogi|brn\n|move|p2a: Okidogi|Gunk Shot|p1a: Phione\n|-damage|p1a: Phione|137/293\n|\n|-heal|p1a: Phione|155/293|[from] item: Leftovers\n|-damage|p2a: Okidogi|80/262 brn|[from] brn\n|upkeep\n|turn|15\n|\n|t:|1771239653\n|move|p1a: Phione|Take Heart|p1a: Phione\n|-boost|p1a: Phione|spa|1\n|-boost|p1a: Phione|spd|1\n|move|p2a: Okidogi|Drain Punch|p1a: Phione\n|-crit|p1a: Phione\n|-damage|p1a: Phione|89/293\n|-heal|p2a: Okidogi|113/262 brn|[from] drain|[of] p1a: Phione\n|-status|p1a: Phione|tox|[from] ability: Toxic Chain|[of] p2a: Okidogi\n|\n|-heal|p1a: Phione|107/293 tox|[from] item: Leftovers\n|-damage|p1a: Phione|89/293 tox|[from] psn\n|-damage|p2a: Okidogi|97/262 brn|[from] brn\n|upkeep\n|turn|16\n|\n|t:|1771239656\n|move|p1a: Phione|Rest|p1a: Phione\n|-status|p1a: Phione|slp|[from] move: Rest\n|-heal|p1a: Phione|293/293 slp|[silent]\n|move|p2a: Okidogi|Psychic Fangs|p1a: Phione\n|-damage|p1a: Phione|262/293 slp\n|\n|-heal|p1a: Phione|280/293 slp|[from] item: Leftovers\n|-damage|p2a: Okidogi|81/262 brn|[from] brn\n|upkeep\n|turn|17\n|\n|t:|1771239658\n|switch|p2a: Victreebel|Victreebel, L90, M|86/290\n|cant|p1a: Phione|slp\n|move|p1a: Phione|Sleep Talk|p1a: Phione\n|move|p1a: Phione|Rest||[from] move: Sleep Talk|[still]\n|-fail|p1a: Phione\n|\n|-heal|p1a: Phione|293/293 slp|[from] item: Leftovers\n|upkeep\n|turn|18\n|\n|t:|1771239662\n|cant|p1a: Phione|slp\n|move|p1a: Phione|Sleep Talk|p1a: Phione\n|move|p1a: Phione|Rest||[from] move: Sleep Talk|[still]\n|-fail|p1a: Phione\n|move|p2a: Victreebel|Power Whip|p1a: Phione\n|-supereffective|p1a: Phione\n|-damage|p1a: Phione|0 fnt\n|faint|p1a: Phione\n|-damage|p2a: Victreebel|57/290|[from] item: Life Orb\n|\n|upkeep\n|\n|t:|1771239667\n|switch|p1a: Zekrom|Zekrom, L71|259/259\n|-ability|p1a: Zekrom|Teravolt\n|turn|19\n|\n|t:|1771239670\n|move|p2a: Victreebel|Sludge Wave|p1a: Zekrom\n|-damage|p1a: Zekrom|91/259\n|-damage|p2a: Victreebel|28/290|[from] item: Life Orb\n|move|p1a: Zekrom|Dragon Dance|p1a: Zekrom\n|-boost|p1a: Zekrom|atk|1\n|-boost|p1a: Zekrom|spe|1\n|\n|-heal|p1a: Zekrom|107/259|[from] item: Leftovers\n|upkeep\n|turn|20\n|\n|t:|1771239678\n|move|p1a: Zekrom|Bolt Strike|p2a: Victreebel\n|-resisted|p2a: Victreebel\n|-damage|p2a: Victreebel|0 fnt\n|faint|p2a: Victreebel\n|\n|-heal|p1a: Zekrom|123/259|[from] item: Leftovers\n|upkeep\n|\n|t:|1771239679\n|switch|p2a: Calyrex|Calyrex-Ice, L72|263/263\n|-ability|p2a: Calyrex|As One\n|-ability|p2a: Calyrex|Unnerve\n|turn|21\n|\n|t:|1771239682\n|move|p1a: Zekrom|Bolt Strike|p2a: Calyrex\n|-damage|p2a: Calyrex|103/263\n|move|p2a: Calyrex|Glacial Lance|p1a: Zekrom\n|-supereffective|p1a: Zekrom\n|-crit|p1a: Zekrom\n|-damage|p1a: Zekrom|0 fnt\n|faint|p1a: Zekrom\n|\n|win|M4teo010101\n|raw|Ainz2284's rating: 1722 &rarr; <strong>1707</strong><br />(-15 for losing)\n|raw|M4teo010101's rating: 1803 &rarr; <strong>1818</strong><br />(+15 for winning)\n|c|☆M4teo010101|gg\n", "inputlog": ">version 686819e5e19f8a7fd2345cfc5a08a5085efa2cc3\n>start {\"formatid\":\"gen9randombattle\",\"seed\":\"sodium,888b9f52d50f3f45bf972cc37f8ff0e6\",\"rated\":\"Rated battle\"}\n>player p1 {\"name\":\"Ainz2284\",\"avatar\":\"elesa\",\"rating\":1722,\"seed\":\"sodium,ed9bceb1c79c41ecc248fe2d67998a14\"}\n>player p2 {\"name\":\"M4teo010101\",\"avatar\":\"sycamore-masters\",\"rating\":1803,\"seed\":\"sodium,7fc1cc956ca24bfff918483c40317766\"}\n>chat ☆M4teo010101|hf\n>chat ☆Ainz2284|glhf\n>p1 move coil\n>p2 move knockoff\n>p1 move coil\n>p2 move gunkshot\n>p1 switch 4\n>p1 move psychicnoise\n>p2 switch 2\n>p1 move toxic\n>p2 move nastyplot\n>p1 move protect\n>p2 move darkpulse\n>p1 move focusblast\n>p2 move darkpulse\n>p1 switch 2\n>p1 move calmmind\n>p2 move dracometeor\n>p1 switch 3\n>p1 move quiverdance terastallize\n>p2 switch 6\n>p1 move alluringvoice\n>p2 move sludgewave\n>p1 move petaldance\n>p2 move strengthsap\n>p1 switch 5\n>p1 move takeheart\n>p2 switch 2\n>p1 move takeheart\n>p2 switch 6\n>p1 move takeheart\n>p2 move dracometeor\n>p2 switch 6\n>p1 move scald\n>p2 move gunkshot\n>p1 move takeheart\n>p2 move drainpunch\n>p1 move rest\n>p2 move psychicfangs\n>p1 move sleeptalk\n>p2 switch 2\n>p1 move sleeptalk\n>p2 move powerwhip\n>p1 switch 6\n>p1 move dragondance\n>p2 move sludgewave\n>p1 move boltstrike\n>p2 move sludgewave\n>p2 switch 3\n>p1 move boltstrike\n>p2 move glaciallance", "uploadtime": 1771239683, "views": 10, "formatid": "gen9randombattle", "rating": 1707, "private": 0, "password": null}