{"id": "gen9randombattle-2540935879", "format": "[Gen 9] Random Battle", "players": ["BigBlueMewtwo", "reubreub"], "log": "|j|☆BigBlueMewtwo\n|j|☆reubreub\n|t:|1771268760\n|gametype|singles\n|player|p1|BigBlueMewtwo|veteran|1524\n|player|p2|reubreub|youngster-gen4dp|1567\n|gen|9\n|tier|[Gen 9] Random Battle\n|rated|\n|rule|Species Clause: Limit one of each Pokémon\n|rule|HP Percentage Mod: HP is shown in percentages\n|rule|Sleep Clause Mod: Limit one foe put to sleep\n|rule|Illusion Level Mod: Illusion disguises the Pokémon's true level\n|\n|t:|1771268760\n|teamsize|p1|6\n|teamsize|p2|6\n|start\n|switch|p1a: Polteageist|Polteageist, L78|222/222\n|switch|p2a: Houndoom|Houndoom, L87, F|272/272\n|turn|1\n|inactive|Battle timer is ON: inactive players will automatically lose when time's up. (requested by BigBlueMewtwo)\n|\n|t:|1771268782\n|switch|p1a: Incineroar|Incineroar, L82, M|290/290\n|-ability|p1a: Incineroar|Intimidate|boost\n|-unboost|p2a: Houndoom|atk|1\n|move|p2a: Houndoom|Dark Pulse|p1a: Incineroar\n|-resisted|p1a: Incineroar\n|-damage|p1a: Incineroar|236/290\n|\n|upkeep\n|turn|2\n|\n|t:|1771268791\n|switch|p2a: Lumineon|Lumineon, L93, F|279/279\n|move|p1a: Incineroar|Close Combat|p2a: Lumineon\n|-damage|p2a: Lumineon|186/279\n|-unboost|p1a: Incineroar|def|1\n|-unboost|p1a: Incineroar|spd|1\n|\n|upkeep\n|turn|3\n|\n|t:|1771268803\n|switch|p1a: Toxapex|Toxapex, L82, M|216/216\n|move|p2a: Lumineon|Hydro Pump|p1a: Toxapex\n|-resisted|p1a: Toxapex\n|-damage|p1a: Toxapex|180/216\n|\n|upkeep\n|turn|4\n|\n|t:|1771268818\n|switch|p2a: Dusknoir|Dusknoir, L89, M|225/225\n|-item|p1a: Toxapex|Rocky Helmet|[from] ability: Frisk|[of] p2a: Dusknoir\n|move|p1a: Toxapex|Toxic|p2a: Dusknoir\n|-status|p2a: Dusknoir|tox\n|\n|-damage|p2a: Dusknoir|211/225 tox|[from] psn\n|upkeep\n|turn|5\n|\n|t:|1771268828\n|switch|p1a: Incineroar|Incineroar, L82, M|236/290\n|-ability|p1a: Incineroar|Intimidate|boost\n|-unboost|p2a: Dusknoir|atk|1\n|move|p2a: Dusknoir|Earthquake|p1a: Incineroar\n|-supereffective|p1a: Incineroar\n|-damage|p1a: Incineroar|74/290\n|\n|-damage|p2a: Dusknoir|183/225 tox|[from] psn\n|upkeep\n|turn|6\n|\n|t:|1771268834\n|switch|p2a: Lumineon|Lumineon, L93, F|186/279\n|move|p1a: Incineroar|Knock Off|p2a: Lumineon\n|-damage|p2a: Lumineon|71/279\n|-enditem|p2a: Lumineon|Heavy-Duty Boots|[from] move: Knock Off|[of] p1a: Incineroar\n|\n|upkeep\n|turn|7\n|\n|t:|1771268839\n|switch|p1a: Toxapex|Toxapex, L82, M|216/216\n|move|p2a: Lumineon|U-turn|p1a: Toxapex\n|-resisted|p1a: Toxapex\n|-damage|p1a: Toxapex|201/216\n|-damage|p2a: Lumineon|25/279|[from] item: Rocky Helmet|[of] p1a: Toxapex\n|\n|t:|1771268850\n|switch|p2a: Chimecho|Chimecho, L93, M|290/290|[from] U-turn\n|\n|upkeep\n|turn|8\n|\n|t:|1771268858\n|move|p2a: Chimecho|Calm Mind|p2a: Chimecho\n|-boost|p2a: Chimecho|spa|1\n|-boost|p2a: Chimecho|spd|1\n|move|p1a: Toxapex|Toxic|p2a: Chimecho\n|-status|p2a: Chimecho|tox\n|\n|-damage|p2a: Chimecho|272/290 tox|[from] psn\n|upkeep\n|turn|9\n|\n|t:|1771268867\n|switch|p1a: Chimecho|Chimecho, L93, F|290/290\n|move|p2a: Chimecho|Dazzling Gleam|p1a: Chimecho\n|-damage|p1a: Chimecho|194/290\n|\n|-heal|p2a: Chimecho|290/290 tox|[from] item: Leftovers\n|-heal|p1a: Chimecho|212/290|[from] item: Leftovers\n|-damage|p2a: Chimecho|254/290 tox|[from] psn\n|upkeep\n|turn|10\n|\n|t:|1771268872\n|move|p1a: Chimecho|Calm Mind|p1a: Chimecho\n|-boost|p1a: Chimecho|spa|1\n|-boost|p1a: Chimecho|spd|1\n|move|p2a: Chimecho|Psychic Noise|p1a: Chimecho\n|-resisted|p1a: Chimecho\n|-damage|p1a: Chimecho|168/290\n|-start|p1a: Chimecho|move: Heal Block\n|\n|-heal|p2a: Chimecho|272/290 tox|[from] item: Leftovers\n|-damage|p2a: Chimecho|218/290 tox|[from] psn\n|upkeep\n|turn|11\n|\n|t:|1771268877\n|switch|p2a: Houndoom|Houndoom, L87, F|272/272\n|move|p1a: Chimecho|Calm Mind|p1a: Chimecho\n|-boost|p1a: Chimecho|spa|1\n|-boost|p1a: Chimecho|spd|1\n|\n|-end|p1a: Chimecho|move: Heal Block\n|upkeep\n|turn|12\n|\n|t:|1771268887\n|move|p2a: Houndoom|Dark Pulse|p1a: Chimecho\n|-supereffective|p1a: Chimecho\n|-damage|p1a: Chimecho|72/290\n|move|p1a: Chimecho|Recover|p1a: Chimecho\n|-heal|p1a: Chimecho|217/290\n|\n|-heal|p1a: Chimecho|235/290|[from] item: Leftovers\n|upkeep\n|turn|13\n|-message|reubreub forfeited.\n|\n|win|BigBlueMewtwo\n|raw|BigBlueMewtwo's rating: 1524 &rarr; <strong>1546</strong><br />(+22 for winning)\n|raw|reubreub's rating: 1567 &rarr; <strong>1545</strong><br />(-22 for losing)\n|l|☆reubreub\n|player|p2|\n", "inputlog": ">version 686819e5e19f8a7fd2345cfc5a08a5085efa2cc3\n>start {\"formatid\":\"gen9randombattle\",\"seed\":\"sodium,91b5dd771820ec5a3e20b51557c111ae\",\"rated\":\"Rated battle\"}\n>player p1 {\"name\":\"BigBlueMewtwo\",\"avatar\":\"veteran\",\"rating\":1524,\"seed\":\"sodium,a2f6f4229d3922b3388b78cc74f17215\"}\n>player p2 {\"name\":\"reubreub\",\"avatar\":\"youngster-gen4dp\",\"rating\":1567,\"seed\":\"sodium,72b9b3eb2c93936eb0f221d26a4c5a3a\"}\n>p1 switch 6\n>p2 move darkpulse\n>p1 move closecombat\n>p2 switch 3\n>p1 switch 3\n>p2 move hydropump\n>p1 move toxic\n>p2 switch 5\n>p1 switch 3\n>p2 move earthquake\n>p1 move knockoff\n>p2 switch 5\n>p1 switch 3\n>p2 move uturn\n>p2 switch 2\n>p1 move toxic\n>p2 move calmmind\n>p1 switch 4\n>p2 move dazzlinggleam\n>p1 move calmmind\n>p2 move psychicnoise\n>p1 move calmmind\n>p2 switch 3\n>p1 move recover\n>p2 move darkpulse\n>forcelose p2", "uploadtime": 1771268898, "views": 3, "formatid": "gen9randombattle", "rating": 1545, "private": 0, "password": null}