{"id": "gen9randombattle-2540707326", "format": "[Gen 9] Random Battle", "players": ["pan para llevar", "M4teo010101"], "log": "|j|☆pan para llevar\n|j|☆M4teo010101\n|t:|1771243576\n|gametype|singles\n|player|p1|pan para llevar|102|1820\n|player|p2|M4teo010101|sycamore-masters|1782\n|gen|9\n|tier|[Gen 9] Random Battle\n|rated|\n|rule|Species Clause: Limit one of each Pokémon\n|rule|HP Percentage Mod: HP is shown in percentages\n|rule|Sleep Clause Mod: Limit one foe put to sleep\n|rule|Illusion Level Mod: Illusion disguises the Pokémon's true level\n|\n|t:|1771243576\n|teamsize|p1|6\n|teamsize|p2|6\n|start\n|switch|p1a: Poliwrath|Poliwrath, L88, M|302/302\n|switch|p2a: Abomasnow|Abomasnow, L84, M|287/287\n|-weather|Snowscape|[from] ability: Snow Warning|[of] p2a: Abomasnow\n|turn|1\n|c|☆M4teo010101|hf\n|inactive|Battle timer is ON: inactive players will automatically lose when time's up. (requested by M4teo010101)\n|\n|t:|1771243589\n|move|p1a: Poliwrath|Close Combat|p2a: Abomasnow\n|-supereffective|p2a: Abomasnow\n|-damage|p2a: Abomasnow|71/287\n|-unboost|p1a: Poliwrath|def|1\n|-unboost|p1a: Poliwrath|spd|1\n|move|p2a: Abomasnow|Aurora Veil|p2a: Abomasnow\n|-sidestart|p2: M4teo010101|move: Aurora Veil\n|\n|-weather|Snowscape|[upkeep]\n|upkeep\n|turn|2\n|\n|t:|1771243593\n|switch|p2a: Conkeldurr|Conkeldurr, L80, M|299/299\n|move|p1a: Poliwrath|Close Combat|p2a: Conkeldurr\n|-damage|p2a: Conkeldurr|226/299\n|-unboost|p1a: Poliwrath|def|1\n|-unboost|p1a: Poliwrath|spd|1\n|\n|-weather|Snowscape|[upkeep]\n|-status|p2a: Conkeldurr|brn|[from] item: Flame Orb\n|upkeep\n|turn|3\n|\n|t:|1771243606\n|switch|p1a: Carbink|Carbink, L90|236/236\n|move|p2a: Conkeldurr|Facade|p1a: Carbink\n|-resisted|p1a: Carbink\n|-crit|p1a: Carbink\n|-damage|p1a: Carbink|156/236\n|\n|-weather|Snowscape|[upkeep]\n|-heal|p1a: Carbink|170/236|[from] item: Leftovers\n|-damage|p2a: Conkeldurr|208/299 brn|[from] brn\n|upkeep\n|turn|4\n|\n|t:|1771243611\n|switch|p2a: Veluza|Veluza, L85, F|292/292\n|move|p1a: Carbink|Iron Defense|p1a: Carbink\n|-boost|p1a: Carbink|def|2\n|\n|-weather|Snowscape|[upkeep]\n|-heal|p1a: Carbink|184/236|[from] item: Leftovers\n|upkeep\n|turn|5\n|\n|t:|1771243617\n|move|p2a: Veluza|Fillet Away|p2a: Veluza\n|-boost|p2a: Veluza|atk|2\n|-boost|p2a: Veluza|spa|2\n|-boost|p2a: Veluza|spe|2\n|-damage|p2a: Veluza|146/292\n|-enditem|p2a: Veluza|Sitrus Berry|[eat]\n|-heal|p2a: Veluza|219/292|[from] item: Sitrus Berry\n|move|p1a: Carbink|Rock Polish|p1a: Carbink\n|-boost|p1a: Carbink|spe|2\n|\n|-weather|none\n|-heal|p1a: Carbink|198/236|[from] item: Leftovers\n|upkeep\n|turn|6\n|\n|t:|1771243621\n|move|p2a: Veluza|Aqua Cutter|p1a: Carbink\n|-supereffective|p1a: Carbink\n|-damage|p1a: Carbink|60/236\n|move|p1a: Carbink|Iron Defense|p1a: Carbink\n|-boost|p1a: Carbink|def|2\n|\n|-heal|p1a: Carbink|74/236|[from] item: Leftovers\n|upkeep\n|turn|7\n|\n|t:|1771243636\n|-terastallize|p1a: Carbink|Fighting\n|move|p2a: Veluza|Aqua Cutter|p1a: Carbink\n|-damage|p1a: Carbink|29/236\n|move|p1a: Carbink|Body Press|p2a: Veluza\n|-resisted|p2a: Veluza\n|-damage|p2a: Veluza|96/292\n|\n|-heal|p1a: Carbink|43/236|[from] item: Leftovers\n|upkeep\n|turn|8\n|\n|t:|1771243644\n|move|p2a: Veluza|Psycho Cut|p1a: Carbink\n|-supereffective|p1a: Carbink\n|-damage|p1a: Carbink|0 fnt\n|faint|p1a: Carbink\n|\n|-sideend|p2: M4teo010101|move: Aurora Veil\n|upkeep\n|\n|t:|1771243656\n|switch|p1a: Altaria|Altaria, L89, M|278/278\n|turn|9\n|\n|t:|1771243660\n|move|p2a: Veluza|Psycho Cut|p1a: Altaria\n|-damage|p1a: Altaria|74/278\n|move|p1a: Altaria|Brave Bird|p2a: Veluza\n|-damage|p2a: Veluza|0 fnt\n|faint|p2a: Veluza\n|-damage|p1a: Altaria|42/278|[from] Recoil\n|\n|upkeep\n|\n|t:|1771243660\n|switch|p2a: Dragapult|Dragapult, L77, M|262/262\n|turn|10\n|\n|t:|1771243666\n|move|p2a: Dragapult|Dragon Darts|p1a: Altaria\n|-supereffective|p1a: Altaria\n|-damage|p1a: Altaria|0 fnt\n|faint|p1a: Altaria\n|\n|upkeep\n|\n|t:|1771243671\n|switch|p1a: Leavanny|Leavanny, L86, F|269/269\n|turn|11\n|\n|t:|1771243677\n|move|p2a: Dragapult|Will-O-Wisp|p1a: Leavanny\n|-status|p1a: Leavanny|brn\n|move|p1a: Leavanny|Knock Off|p2a: Dragapult\n|-supereffective|p2a: Dragapult\n|-crit|p2a: Dragapult\n|-damage|p2a: Dragapult|129/262\n|-enditem|p2a: Dragapult|Heavy-Duty Boots|[from] move: Knock Off|[of] p1a: Leavanny\n|\n|-damage|p1a: Leavanny|253/269 brn|[from] brn\n|upkeep\n|turn|12\n|\n|t:|1771243681\n|move|p2a: Dragapult|U-turn|p1a: Leavanny\n|-supereffective|p1a: Leavanny\n|-damage|p1a: Leavanny|149/269 brn\n|\n|t:|1771243682\n|switch|p2a: Abomasnow|Abomasnow, L84, M|71/287|[from] U-turn\n|-weather|Snowscape|[from] ability: Snow Warning|[of] p2a: Abomasnow\n|move|p1a: Leavanny|Sticky Web|p2a: Abomasnow\n|-sidestart|p2: M4teo010101|move: Sticky Web\n|\n|-weather|Snowscape|[upkeep]\n|-damage|p1a: Leavanny|133/269 brn|[from] brn\n|upkeep\n|turn|13\n|\n|t:|1771243688\n|move|p1a: Leavanny|Knock Off|p2a: Abomasnow\n|-crit|p2a: Abomasnow\n|-damage|p2a: Abomasnow|29/287\n|-enditem|p2a: Abomasnow|Light Clay|[from] move: Knock Off|[of] p1a: Leavanny\n|move|p2a: Abomasnow|Aurora Veil|p2a: Abomasnow\n|-sidestart|p2: M4teo010101|move: Aurora Veil\n|\n|-weather|Snowscape|[upkeep]\n|-damage|p1a: Leavanny|117/269 brn|[from] brn\n|upkeep\n|turn|14\n|\n|t:|1771243692\n|move|p1a: Leavanny|Triple Axel|p2a: Abomasnow|[miss]\n|-miss|p1a: Leavanny|p2a: Abomasnow\n|move|p2a: Abomasnow|Blizzard|p1a: Leavanny\n|-supereffective|p1a: Leavanny\n|-damage|p1a: Leavanny|0 fnt\n|faint|p1a: Leavanny\n|\n|-weather|Snowscape|[upkeep]\n|upkeep\n|\n|t:|1771243703\n|switch|p1a: Poliwrath|Poliwrath, L88, M|302/302\n|turn|15\n|\n|t:|1771243716\n|move|p1a: Poliwrath|Knock Off|p2a: Abomasnow\n|-damage|p2a: Abomasnow|11/287\n|move|p2a: Abomasnow|Wood Hammer|p1a: Poliwrath\n|-supereffective|p1a: Poliwrath\n|-damage|p1a: Poliwrath|86/302\n|-damage|p2a: Abomasnow|0 fnt|[from] Recoil\n|faint|p2a: Abomasnow\n|\n|-weather|Snowscape|[upkeep]\n|upkeep\n|\n|t:|1771243717\n|switch|p2a: Hawlucha|Hawlucha, L80, M|256/256\n|turn|16\n|\n|t:|1771243722\n|move|p2a: Hawlucha|Close Combat|p1a: Poliwrath\n|-damage|p1a: Poliwrath|0 fnt\n|-unboost|p2a: Hawlucha|def|1\n|-unboost|p2a: Hawlucha|spd|1\n|faint|p1a: Poliwrath\n|-enditem|p2a: Hawlucha|White Herb\n|-clearnegativeboost|p2a: Hawlucha|[silent]\n|\n|-weather|none\n|upkeep\n|\n|t:|1771243726\n|switch|p1a: Yanmega|Yanmega, L82, M|275/275\n|turn|17\n|\n|t:|1771243729\n|move|p1a: Yanmega|Protect|p1a: Yanmega\n|-singleturn|p1a: Yanmega|Protect\n|move|p2a: Hawlucha|Swords Dance|p2a: Hawlucha\n|-boost|p2a: Hawlucha|atk|2\n|\n|-sideend|p2: M4teo010101|move: Aurora Veil\n|-ability|p1a: Yanmega|Speed Boost|boost\n|-boost|p1a: Yanmega|spe|1\n|upkeep\n|turn|18\n|\n|t:|1771243737\n|move|p2a: Hawlucha|Acrobatics|p1a: Yanmega\n|-supereffective|p1a: Yanmega\n|-damage|p1a: Yanmega|0 fnt\n|faint|p1a: Yanmega\n|\n|upkeep\n|\n|t:|1771243740\n|switch|p1a: Espeon|Espeon, L84, M|246/246\n|turn|19\n|\n|t:|1771243742\n|move|p2a: Hawlucha|Acrobatics|p1a: Espeon\n|-damage|p1a: Espeon|0 fnt\n|faint|p1a: Espeon\n|\n|win|M4teo010101\n|raw|pan para llevar's rating: 1820 &rarr; <strong>1798</strong><br />(-22 for losing)\n|raw|M4teo010101's rating: 1782 &rarr; <strong>1804</strong><br />(+22 for winning)\n|c|☆M4teo010101|gg\n", "inputlog": ">version 686819e5e19f8a7fd2345cfc5a08a5085efa2cc3\n>start {\"formatid\":\"gen9randombattle\",\"seed\":\"sodium,b1d06a06571ff3c209d88efb3c6e4163\",\"rated\":\"Rated battle\"}\n>player p1 {\"name\":\"pan para llevar\",\"avatar\":\"102\",\"rating\":1820,\"seed\":\"sodium,5543f29ea42753f1ba52e2a7188b5b7d\"}\n>player p2 {\"name\":\"M4teo010101\",\"avatar\":\"sycamore-masters\",\"rating\":1782,\"seed\":\"sodium,3ecd139474d4a1f9fe95ee46ba8f5748\"}\n>chat ☆M4teo010101|hf\n>p1 move closecombat\n>p2 move auroraveil\n>p1 move closecombat\n>p2 switch 2\n>p1 switch 6\n>p2 move facade\n>p1 move irondefense\n>p2 switch 4\n>p1 move rockpolish\n>p2 move filletaway\n>p1 move irondefense\n>p2 move aquacutter\n>p1 move bodypress terastallize\n>p2 move aquacutter\n>p1 move bodypress\n>p2 move psychocut\n>p1 switch 4\n>p1 move bravebird\n>p2 move psychocut\n>p2 switch 5\n>p1 move roost\n>p2 move dragondarts\n>p1 switch 2\n>p1 move knockoff\n>p2 move willowisp\n>p1 move stickyweb\n>p2 move uturn\n>p2 switch 2\n>p1 move knockoff\n>p2 move auroraveil\n>p1 move tripleaxel\n>p2 move blizzard\n>p1 switch 6\n>p1 move knockoff\n>p2 move woodhammer\n>p2 switch 6\n>p1 move liquidation\n>p2 move closecombat\n>p1 switch 3\n>p1 move protect\n>p2 move swordsdance\n>p1 move airslash\n>p2 move acrobatics\n>p1 switch 5\n>p1 move alluringvoice\n>p2 move acrobatics", "uploadtime": 1771243743, "views": 7, "formatid": "gen9randombattle", "rating": 1798, "private": 0, "password": null}