{"id": "gen9randombattle-2540187707", "format": "[Gen 9] Random Battle", "players": ["Sir David", "guilhemredon"], "log": "|j|☆Sir David\n|j|☆guilhemredon\n|t:|1771173519\n|gametype|singles\n|player|p1|Sir David|blackbelt-gen4dp|1563\n|player|p2|guilhemredon|scientist|1519\n|gen|9\n|tier|[Gen 9] Random Battle\n|rated|\n|rule|Species Clause: Limit one of each Pokémon\n|rule|HP Percentage Mod: HP is shown in percentages\n|rule|Sleep Clause Mod: Limit one foe put to sleep\n|rule|Illusion Level Mod: Illusion disguises the Pokémon's true level\n|\n|t:|1771173519\n|teamsize|p1|6\n|teamsize|p2|6\n|start\n|switch|p1a: Forretress|Forretress, L84, M|263/263\n|switch|p2a: Cramorant|Cramorant, L86, M|261/261\n|turn|1\n|inactive|Battle timer is ON: inactive players will automatically lose when time's up. (requested by guilhemredon)\n|\n|t:|1771173531\n|switch|p2a: Rhydon|Rhydon, L85, F|317/317\n|move|p1a: Forretress|Thunder Wave|p2a: Rhydon\n|-ability|p2a: Rhydon|Lightning Rod|boost\n|-boost|p2a: Rhydon|spa|1\n|\n|upkeep\n|turn|2\n|\n|t:|1771173538\n|move|p2a: Rhydon|Stealth Rock|p1a: Forretress\n|-sidestart|p1: Sir David|move: Stealth Rock\n|move|p1a: Forretress|Stealth Rock|p2a: Rhydon\n|-sidestart|p2: guilhemredon|move: Stealth Rock\n|\n|upkeep\n|turn|3\n|\n|t:|1771173543\n|move|p2a: Rhydon|Earthquake|p1a: Forretress\n|-damage|p1a: Forretress|172/263\n|move|p1a: Forretress|Rapid Spin|p2a: Rhydon\n|-resisted|p2a: Rhydon\n|-damage|p2a: Rhydon|309/317\n|-boost|p1a: Forretress|spe|1\n|-sideend|p1: Sir David|Stealth Rock|[from] move: Rapid Spin|[of] p1a: Forretress\n|\n|-heal|p1a: Forretress|188/263|[from] item: Leftovers\n|upkeep\n|turn|4\n|\n|t:|1771173555\n|switch|p1a: Sceptile|Sceptile, L87, M|264/264\n|move|p2a: Rhydon|Stealth Rock|p1a: Sceptile\n|-sidestart|p1: Sir David|move: Stealth Rock\n|\n|upkeep\n|turn|5\n|\n|t:|1771173564\n|switch|p2a: Wo-Chien|Wo-Chien, L83|277/277\n|-damage|p2a: Wo-Chien|243/277|[from] Stealth Rock\n|-ability|p2a: Wo-Chien|Tablets of Ruin\n|move|p1a: Sceptile|Leech Seed|p2a: Wo-Chien\n|-immune|p2a: Wo-Chien\n|\n|-heal|p2a: Wo-Chien|260/277|[from] item: Leftovers\n|upkeep\n|turn|6\n|\n|t:|1771173575\n|move|p1a: Sceptile|Focus Blast|p2a: Wo-Chien\n|-supereffective|p2a: Wo-Chien\n|-damage|p2a: Wo-Chien|110/277\n|move|p2a: Wo-Chien|Knock Off|p1a: Sceptile\n|-damage|p1a: Sceptile|153/264\n|-enditem|p1a: Sceptile|Leftovers|[from] move: Knock Off|[of] p2a: Wo-Chien\n|\n|-heal|p2a: Wo-Chien|127/277|[from] item: Leftovers\n|upkeep\n|turn|7\n|\n|t:|1771173585\n|move|p2a: Wo-Chien|Protect|p2a: Wo-Chien\n|-singleturn|p2a: Wo-Chien|Protect\n|move|p1a: Sceptile|Focus Blast|p2a: Wo-Chien\n|-activate|p2a: Wo-Chien|move: Protect\n|\n|-heal|p2a: Wo-Chien|144/277|[from] item: Leftovers\n|upkeep\n|turn|8\n|\n|t:|1771173598\n|switch|p2a: Cramorant|Cramorant, L86, M|261/261\n|move|p1a: Sceptile|Focus Blast|p2a: Cramorant\n|-resisted|p2a: Cramorant\n|-damage|p2a: Cramorant|217/261\n|\n|upkeep\n|turn|9\n|\n|t:|1771173606\n|switch|p1a: Lanturn|Lanturn, L89, M|367/367\n|move|p2a: Cramorant|Defog|p1a: Lanturn\n|-unboost|p1a: Lanturn|evasion|1\n|-sideend|p1: Sir David|Stealth Rock|[from] move: Defog|[of] p2a: Cramorant\n|-sideend|p2: guilhemredon|Stealth Rock|[from] move: Defog|[of] p2a: Cramorant\n|\n|upkeep\n|turn|10\n|\n|t:|1771173622\n|switch|p2a: Volcanion|Volcanion, L79|255/255\n|move|p1a: Lanturn|Scald|p2a: Volcanion\n|-immune|p2a: Volcanion|[from] ability: Water Absorb\n|\n|upkeep\n|turn|11\n|\n|t:|1771173630\n|move|p1a: Lanturn|Thunder Wave|p2a: Volcanion\n|-status|p2a: Volcanion|par\n|move|p2a: Volcanion|Flame Charge|p1a: Lanturn\n|-resisted|p1a: Lanturn\n|-damage|p1a: Lanturn|337/367\n|-boost|p2a: Volcanion|spe|1\n|\n|upkeep\n|turn|12\n|\n|t:|1771173638\n|move|p1a: Lanturn|Volt Switch|p2a: Volcanion\n|-supereffective|p2a: Volcanion\n|-damage|p2a: Volcanion|151/255 par\n|\n|t:|1771173642\n|switch|p1a: Dusknoir|Dusknoir, L89, F|225/225|[from] Volt Switch\n|-item|p2a: Volcanion|Assault Vest|[from] ability: Frisk|[of] p1a: Dusknoir\n|move|p2a: Volcanion|Flamethrower|p1a: Dusknoir\n|-damage|p1a: Dusknoir|158/225\n|\n|-heal|p1a: Dusknoir|172/225|[from] item: Leftovers\n|upkeep\n|turn|13\n|\n|t:|1771173660\n|switch|p2a: Rhydon|Rhydon, L85, F|309/317\n|move|p1a: Dusknoir|Substitute|p1a: Dusknoir\n|-start|p1a: Dusknoir|Substitute\n|-damage|p1a: Dusknoir|116/225\n|\n|-heal|p1a: Dusknoir|130/225|[from] item: Leftovers\n|upkeep\n|turn|14\n|\n|t:|1771173669\n|-singleturn|p1a: Dusknoir|move: Focus Punch\n|move|p2a: Rhydon|Earthquake|p1a: Dusknoir\n|-end|p1a: Dusknoir|Substitute\n|move|p1a: Dusknoir|Focus Punch|p2a: Rhydon\n|-supereffective|p2a: Rhydon\n|-damage|p2a: Rhydon|185/317\n|\n|-heal|p1a: Dusknoir|144/225|[from] item: Leftovers\n|upkeep\n|turn|15\n|\n|t:|1771173680\n|switch|p1a: Sceptile|Sceptile, L87, M|153/264\n|move|p2a: Rhydon|Stealth Rock|p1a: Sceptile\n|-sidestart|p1: Sir David|move: Stealth Rock\n|\n|upkeep\n|turn|16\n|\n|t:|1771173686\n|switch|p2a: Cramorant|Cramorant, L86, M|217/261\n|move|p1a: Sceptile|Substitute|p1a: Sceptile\n|-start|p1a: Sceptile|Substitute\n|-damage|p1a: Sceptile|87/264\n|\n|upkeep\n|turn|17\n|\n|t:|1771173694\n|move|p1a: Sceptile|Leech Seed|p2a: Cramorant\n|-start|p2a: Cramorant|move: Leech Seed\n|move|p2a: Cramorant|Brave Bird|p1a: Sceptile\n|-supereffective|p1a: Sceptile\n|-crit|p1a: Sceptile\n|-end|p1a: Sceptile|Substitute\n|-damage|p2a: Cramorant|195/261|[from] Recoil|[of] p1a: Sceptile\n|\n|-damage|p2a: Cramorant|163/261|[from] Leech Seed|[of] p1a: Sceptile\n|-heal|p1a: Sceptile|119/264|[silent]\n|upkeep\n|turn|18\n|\n|t:|1771173704\n|switch|p2a: Wo-Chien|Wo-Chien, L83|144/277\n|-ability|p2a: Wo-Chien|Tablets of Ruin\n|move|p1a: Sceptile|Substitute|p1a: Sceptile\n|-start|p1a: Sceptile|Substitute\n|-damage|p1a: Sceptile|53/264\n|\n|-heal|p2a: Wo-Chien|161/277|[from] item: Leftovers\n|upkeep\n|turn|19\n|\n|t:|1771173722\n|move|p1a: Sceptile|Focus Blast|p2a: Wo-Chien\n|-supereffective|p2a: Wo-Chien\n|-damage|p2a: Wo-Chien|23/277\n|-unboost|p2a: Wo-Chien|spd|1\n|move|p2a: Wo-Chien|Knock Off|p1a: Sceptile\n|-end|p1a: Sceptile|Substitute\n|\n|-heal|p2a: Wo-Chien|40/277|[from] item: Leftovers\n|upkeep\n|turn|20\n|\n|t:|1771173738\n|move|p1a: Sceptile|Focus Blast|p2a: Wo-Chien|[miss]\n|-miss|p1a: Sceptile|p2a: Wo-Chien\n|move|p2a: Wo-Chien|Knock Off|p1a: Sceptile\n|-damage|p1a: Sceptile|0 fnt\n|faint|p1a: Sceptile\n|\n|-heal|p2a: Wo-Chien|57/277|[from] item: Leftovers\n|upkeep\n|\n|t:|1771173752\n|switch|p1a: Forretress|Forretress, L84, M|188/263\n|-damage|p1a: Forretress|156/263|[from] Stealth Rock\n|turn|21\n|\n|t:|1771173757\n|switch|p2a: Volcanion|Volcanion, L79|151/255 par\n|move|p1a: Forretress|Rapid Spin|p2a: Volcanion\n|-damage|p2a: Volcanion|122/255 par\n|-boost|p1a: Forretress|spe|1\n|-sideend|p1: Sir David|Stealth Rock|[from] move: Rapid Spin|[of] p1a: Forretress\n|\n|-heal|p1a: Forretress|172/263|[from] item: Leftovers\n|upkeep\n|turn|22\n|\n|t:|1771173766\n|switch|p1a: Lanturn|Lanturn, L89, M|337/367\n|move|p2a: Volcanion|Flamethrower|p1a: Lanturn\n|-resisted|p1a: Lanturn\n|-damage|p1a: Lanturn|283/367\n|\n|upkeep\n|turn|23\n|\n|t:|1771173775\n|move|p1a: Lanturn|Thunderbolt|p2a: Volcanion\n|-supereffective|p2a: Volcanion\n|-damage|p2a: Volcanion|0 fnt\n|faint|p2a: Volcanion\n|\n|upkeep\n|\n|t:|1771173796\n|switch|p2a: Wo-Chien|Wo-Chien, L83|57/277\n|-ability|p2a: Wo-Chien|Tablets of Ruin\n|turn|24\n|\n|t:|1771173802\n|switch|p1a: Forretress|Forretress, L84, M|172/263\n|move|p2a: Wo-Chien|Leech Seed|p1a: Forretress|[miss]\n|-miss|p2a: Wo-Chien|p1a: Forretress\n|\n|-heal|p2a: Wo-Chien|74/277|[from] item: Leftovers\n|-heal|p1a: Forretress|188/263|[from] item: Leftovers\n|upkeep\n|turn|25\n|\n|t:|1771173811\n|move|p2a: Wo-Chien|Leech Seed|p1a: Forretress|[miss]\n|-miss|p2a: Wo-Chien|p1a: Forretress\n|move|p1a: Forretress|Iron Head|p2a: Wo-Chien\n|-damage|p2a: Wo-Chien|20/277\n|\n|-heal|p2a: Wo-Chien|37/277|[from] item: Leftovers\n|-heal|p1a: Forretress|204/263|[from] item: Leftovers\n|upkeep\n|turn|26\n|\n|t:|1771173819\n|move|p2a: Wo-Chien|Leech Seed|p1a: Forretress\n|-start|p1a: Forretress|move: Leech Seed\n|move|p1a: Forretress|Iron Head|p2a: Wo-Chien\n|-damage|p2a: Wo-Chien|0 fnt\n|faint|p2a: Wo-Chien\n|\n|-heal|p1a: Forretress|220/263|[from] item: Leftovers\n|upkeep\n|\n|t:|1771173827\n|switch|p2a: Cramorant|Cramorant, L86, M|163/261\n|turn|27\n|\n|t:|1771173832\n|move|p2a: Cramorant|Surf|p1a: Forretress\n|-formechange|p2a: Cramorant|Cramorant-Gulping|\n|-crit|p1a: Forretress\n|-damage|p1a: Forretress|55/263\n|move|p1a: Forretress|Stealth Rock|p2a: Cramorant\n|-sidestart|p2: guilhemredon|move: Stealth Rock\n|\n|-heal|p1a: Forretress|71/263|[from] item: Leftovers\n|-damage|p1a: Forretress|39/263|[from] Leech Seed|[of] p2a: Cramorant\n|-heal|p2a: Cramorant|195/261|[silent]\n|upkeep\n|turn|28\n|\n|t:|1771173846\n|switch|p1a: Lanturn|Lanturn, L89, M|283/367\n|move|p2a: Cramorant|Surf|p1a: Lanturn\n|-resisted|p1a: Lanturn\n|-damage|p1a: Lanturn|238/367\n|\n|upkeep\n|turn|29\n|\n|t:|1771173854\n|move|p2a: Cramorant|Brave Bird|p1a: Lanturn\n|-resisted|p1a: Lanturn\n|-damage|p1a: Lanturn|168/367\n|-damage|p2a: Cramorant|172/261|[from] Recoil\n|move|p1a: Lanturn|Thunder Wave|p2a: Cramorant\n|-status|p2a: Cramorant|par\n|\n|upkeep\n|turn|30\n|\n|t:|1771173865\n|move|p1a: Lanturn|Thunderbolt|p2a: Cramorant\n|-supereffective|p2a: Cramorant\n|-damage|p2a: Cramorant|0 fnt\n|-damage|p1a: Lanturn|77/367|[from] ability: Gulp Missile|[of] p2a: Cramorant\n|-unboost|p1a: Lanturn|def|1\n|-formechange|p2a: Cramorant|Cramorant|\n|faint|p2a: Cramorant\n|\n|upkeep\n|\n|t:|1771173873\n|switch|p2a: Flapple|Flapple, L88, F|266/266\n|-damage|p2a: Flapple|233/266|[from] Stealth Rock\n|turn|31\n|\n|t:|1771173891\n|move|p2a: Flapple|Grav Apple|p1a: Lanturn\n|-supereffective|p1a: Lanturn\n|-damage|p1a: Lanturn|0 fnt\n|faint|p1a: Lanturn\n|\n|upkeep\n|\n|t:|1771173898\n|switch|p1a: Dusknoir|Dusknoir, L89, F|144/225\n|-item|p2a: Flapple|Choice Band|[from] ability: Frisk|[of] p1a: Dusknoir\n|turn|32\n|\n|t:|1771173903\n|move|p2a: Flapple|Grav Apple|p1a: Dusknoir|[miss]\n|-miss|p2a: Flapple|p1a: Dusknoir\n|move|p1a: Dusknoir|Substitute|p1a: Dusknoir\n|-start|p1a: Dusknoir|Substitute\n|-damage|p1a: Dusknoir|88/225\n|\n|-heal|p1a: Dusknoir|102/225|[from] item: Leftovers\n|upkeep\n|turn|33\n|\n|t:|1771173913\n|move|p2a: Flapple|Grav Apple|p1a: Dusknoir\n|-end|p1a: Dusknoir|Substitute\n|move|p1a: Dusknoir|Pain Split|p2a: Flapple\n|-sethp|p2a: Flapple|167/266|[from] move: Pain Split|[silent]\n|-sethp|p1a: Dusknoir|167/225|[from] move: Pain Split\n|\n|-heal|p1a: Dusknoir|181/225|[from] item: Leftovers\n|upkeep\n|turn|34\n|\n|t:|1771173922\n|move|p2a: Flapple|Grav Apple|p1a: Dusknoir|[miss]\n|-miss|p2a: Flapple|p1a: Dusknoir\n|move|p1a: Dusknoir|Poltergeist|p2a: Flapple\n|-activate|p2a: Flapple|move: Poltergeist|Choice Band\n|-damage|p2a: Flapple|29/266\n|\n|-heal|p1a: Dusknoir|195/225|[from] item: Leftovers\n|upkeep\n|turn|35\n|\n|t:|1771173932\n|move|p2a: Flapple|Grav Apple|p1a: Dusknoir\n|-damage|p1a: Dusknoir|44/225\n|-unboost|p1a: Dusknoir|def|1\n|move|p1a: Dusknoir|Substitute|p1a: Dusknoir\n|-fail|p1a: Dusknoir|move: Substitute|[weak]\n|\n|-heal|p1a: Dusknoir|58/225|[from] item: Leftovers\n|upkeep\n|turn|36\n|\n|t:|1771173942\n|move|p2a: Flapple|Grav Apple|p1a: Dusknoir\n|-damage|p1a: Dusknoir|0 fnt\n|faint|p1a: Dusknoir\n|\n|upkeep\n|\n|t:|1771173947\n|switch|p1a: Calyrex|Calyrex, L93|337/337\n|-ability|p1a: Calyrex|Unnerve\n|turn|37\n|\n|t:|1771173952\n|move|p1a: Calyrex|Psyshock|p2a: Flapple\n|-damage|p2a: Flapple|0 fnt\n|faint|p2a: Flapple\n|\n|upkeep\n|\n|t:|1771173956\n|switch|p2a: Chien-Pao|Chien-Pao, L72|234/234\n|-damage|p2a: Chien-Pao|176/234|[from] Stealth Rock\n|-ability|p2a: Chien-Pao|Sword of Ruin\n|turn|38\n|\n|t:|1771173964\n|switch|p1a: Forretress|Forretress, L84, M|39/263\n|move|p2a: Chien-Pao|Crunch|p1a: Forretress\n|-damage|p1a: Forretress|0 fnt\n|faint|p1a: Forretress\n|\n|upkeep\n|\n|t:|1771173978\n|switch|p1a: Calyrex|Calyrex, L93|337/337\n|-ability|p1a: Calyrex|Unnerve\n|turn|39\n|\n|t:|1771173989\n|-terastallize|p1a: Calyrex|Steel\n|move|p2a: Chien-Pao|Crunch|p1a: Calyrex\n|-damage|p1a: Calyrex|201/337\n|move|p1a: Calyrex|Giga Drain|p2a: Chien-Pao\n|-damage|p2a: Chien-Pao|59/234\n|-heal|p1a: Calyrex|260/337|[from] drain|[of] p2a: Chien-Pao\n|\n|-heal|p1a: Calyrex|281/337|[from] item: Leftovers\n|upkeep\n|turn|40\n|\n|t:|1771174003\n|move|p2a: Chien-Pao|Crunch|p1a: Calyrex\n|-damage|p1a: Calyrex|125/337\n|-unboost|p1a: Calyrex|def|1\n|move|p1a: Calyrex|Giga Drain|p2a: Chien-Pao\n|-damage|p2a: Chien-Pao|0 fnt\n|-heal|p1a: Calyrex|155/337|[from] drain|[of] p2a: Chien-Pao\n|faint|p2a: Chien-Pao\n|\n|-heal|p1a: Calyrex|176/337|[from] item: Leftovers\n|upkeep\n|\n|t:|1771174006\n|switch|p2a: Rhydon|Rhydon, L85, F|185/317\n|-damage|p2a: Rhydon|166/317|[from] Stealth Rock\n|turn|41\n|\n|t:|1771174018\n|-terastallize|p2a: Rhydon|Flying\n|move|p1a: Calyrex|Giga Drain|p2a: Rhydon\n|-resisted|p2a: Rhydon\n|-damage|p2a: Rhydon|119/317\n|-heal|p1a: Calyrex|200/337|[from] drain|[of] p2a: Rhydon\n|move|p2a: Rhydon|Earthquake|p1a: Calyrex\n|-supereffective|p1a: Calyrex\n|-damage|p1a: Calyrex|0 fnt\n|faint|p1a: Calyrex\n|\n|upkeep\n|\n|t:|1771174031\n|switch|p1a: Mewtwo|Mewtwo, L72|272/272\n|-ability|p1a: Mewtwo|Unnerve\n|turn|42\n|\n|t:|1771174037\n|move|p1a: Mewtwo|Psystrike|p2a: Rhydon\n|-damage|p2a: Rhydon|41/317\n|-damage|p1a: Mewtwo|245/272|[from] item: Life Orb\n|move|p2a: Rhydon|Megahorn|p1a: Mewtwo\n|-supereffective|p1a: Mewtwo\n|-damage|p1a: Mewtwo|11/272\n|\n|upkeep\n|turn|43\n|\n|t:|1771174061\n|move|p1a: Mewtwo|Psystrike|p2a: Rhydon\n|-damage|p2a: Rhydon|0 fnt\n|faint|p2a: Rhydon\n|-damage|p1a: Mewtwo|0 fnt|[from] item: Life Orb\n|faint|p1a: Mewtwo\n|\n|win|Sir David\n|raw|Sir David's rating: 1563 &rarr; <strong>1580</strong><br />(+17 for winning)\n|raw|guilhemredon's rating: 1519 &rarr; <strong>1502</strong><br />(-17 for losing)\n|l|☆Sir David\n|player|p1|\n|l|☆guilhemredon\n|player|p2|\n|j|☆Sir David\n|player|p1|Sir David|blackbelt-gen4dp|\n", "inputlog": ">version 686819e5e19f8a7fd2345cfc5a08a5085efa2cc3\n>start {\"formatid\":\"gen9randombattle\",\"seed\":\"sodium,54754d165e3691c2d49ed81ea429f730\",\"rated\":\"Rated battle\"}\n>player p1 {\"name\":\"Sir David\",\"avatar\":\"blackbelt-gen4dp\",\"rating\":1563,\"seed\":\"sodium,e9bb3b6d46d3cdd546691734b0a7953a\"}\n>player p2 {\"name\":\"guilhemredon\",\"avatar\":\"scientist\",\"rating\":1519,\"seed\":\"sodium,6b359c60eb7b7ae2180865156bfacea8\"}\n>p1 move thunderwave\n>p2 switch 2\n>p1 move stealthrock\n>p2 move stealthrock\n>p1 move rapidspin\n>p2 move earthquake\n>p1 switch 4\n>p2 move stealthrock\n>p1 move leechseed\n>p2 switch 3\n>p1 move focusblast\n>p2 move knockoff\n>p1 move focusblast\n>p2 move protect\n>p1 move focusblast\n>p2 switch 2\n>p1 switch 6\n>p2 move defog\n>p1 move scald\n>p2 switch 6\n>p1 move thunderwave\n>p2 move flamecharge\n>p1 move voltswitch\n>p2 move flamethrower\n>p1 switch 5\n>p1 move substitute\n>p2 switch 3\n>p1 move focuspunch\n>p2 move earthquake\n>p1 switch 6\n>p2 move stealthrock\n>p1 move substitute\n>p2 switch 6\n>p1 move leechseed\n>p2 move bravebird\n>p1 move substitute\n>p2 switch 2\n>p1 move focusblast\n>p2 move knockoff\n>p1 move focusblast\n>p2 move knockoff\n>p1 switch 4\n>p1 move rapidspin\n>p2 switch 3\n>p1 switch 5\n>p2 move flamethrower\n>p1 move thunderbolt\n>p2 move earthpower\n>p2 switch 3\n>p1 switch 5\n>p2 move leechseed\n>p1 move ironhead\n>p2 move leechseed\n>p1 move ironhead\n>p2 move leechseed\n>p2 switch 2\n>p1 move stealthrock\n>p2 move surf\n>p1 switch 5\n>p2 move surf\n>p1 move thunderwave\n>p2 move bravebird\n>p1 move thunderbolt\n>p2 move bravebird\n>p2 switch 4\n>p1 move thunderwave\n>p2 move gravapple\n>p1 switch 6\n>p1 move substitute\n>p2 move gravapple\n>p1 move painsplit\n>p2 move gravapple\n>p1 move poltergeist\n>p2 move gravapple\n>p1 move substitute\n>p2 move gravapple\n>p1 move poltergeist\n>p2 move gravapple\n>p1 switch 3\n>p1 move psyshock\n>p2 move gravapple\n>p2 switch 5\n>p1 switch 5\n>p2 move crunch\n>p1 switch 5\n>p1 move gigadrain terastallize\n>p2 move crunch\n>p1 move gigadrain\n>p2 move crunch\n>p2 switch 6\n>p1 move gigadrain\n>p2 move earthquake terastallize\n>p1 switch 2\n>p1 move psystrike\n>p2 move megahorn\n>p1 move psystrike\n>p2 move earthquake", "uploadtime": 1771174088, "views": 12, "formatid": "gen9randombattle", "rating": 1502, "private": 0, "password": null}