{"id": "gen9randombattle-2540436042", "format": "[Gen 9] Random Battle", "players": ["Dragon Knight Char", "AfterDiVE"], "log": "|j|☆Dragon Knight Char\n|j|☆AfterDiVE\n|t:|1771201773\n|gametype|singles\n|player|p1|Dragon Knight Char|ethan|1752\n|player|p2|AfterDiVE|wallace|1792\n|gen|9\n|tier|[Gen 9] Random Battle\n|rated|\n|rule|Species Clause: Limit one of each Pokémon\n|rule|HP Percentage Mod: HP is shown in percentages\n|rule|Sleep Clause Mod: Limit one foe put to sleep\n|rule|Illusion Level Mod: Illusion disguises the Pokémon's true level\n|\n|t:|1771201773\n|teamsize|p1|6\n|teamsize|p2|6\n|start\n|switch|p1a: Noivern|Noivern, L82, F|274/274\n|switch|p2a: Wugtrio|Wugtrio, L91, M|212/212\n|turn|1\n|\n|t:|1771201822\n|switch|p2a: Snorlax|Snorlax, L82, F|397/397\n|move|p1a: Noivern|U-turn|p2a: Snorlax\n|-damage|p2a: Snorlax|350/397\n|\n|t:|1771201831\n|switch|p1a: Victreebel|Victreebel, L90, M|290/290|[from] U-turn\n|\n|-heal|p2a: Snorlax|374/397|[from] item: Leftovers\n|upkeep\n|turn|2\n|\n|t:|1771201847\n|move|p1a: Victreebel|Knock Off|p2a: Snorlax\n|-damage|p2a: Snorlax|238/397\n|-enditem|p2a: Snorlax|Leftovers|[from] move: Knock Off|[of] p1a: Victreebel\n|-damage|p1a: Victreebel|261/290|[from] item: Life Orb\n|move|p2a: Snorlax|Body Slam|p1a: Victreebel\n|-damage|p1a: Victreebel|155/290\n|-status|p1a: Victreebel|par\n|\n|upkeep\n|turn|3\n|\n|t:|1771201854\n|move|p2a: Snorlax|Body Slam|p1a: Victreebel\n|-damage|p1a: Victreebel|47/290 par\n|move|p1a: Victreebel|Power Whip|p2a: Snorlax\n|-damage|p2a: Snorlax|0 fnt\n|faint|p2a: Snorlax\n|-damage|p1a: Victreebel|18/290 par|[from] item: Life Orb\n|\n|upkeep\n|\n|t:|1771201864\n|switch|p2a: Crabominable|Crabominable, L90, F|321/321\n|turn|4\n|\n|t:|1771201867\n|move|p2a: Crabominable|Knock Off|p1a: Victreebel\n|-damage|p1a: Victreebel|0 fnt\n|-enditem|p1a: Victreebel|Life Orb|[from] move: Knock Off|[of] p2a: Crabominable\n|faint|p1a: Victreebel\n|\n|upkeep\n|\n|t:|1771201877\n|switch|p1a: Cinderace|Cinderace, L77, F|249/249\n|turn|5\n|\n|t:|1771201886\n|switch|p2a: Toxapex|Toxapex, L82, M|216/216\n|move|p1a: Cinderace|High Jump Kick|p2a: Toxapex\n|-start|p1a: Cinderace|typechange|Fighting|[from] ability: Libero\n|-resisted|p2a: Toxapex\n|-damage|p2a: Toxapex|153/216\n|-damage|p1a: Cinderace|208/249|[from] item: Rocky Helmet|[of] p2a: Toxapex\n|\n|upkeep\n|turn|6\n|\n|t:|1771201898\n|switch|p1a: Oricorio|Oricorio-Pa'u, L87, M|272/272\n|move|p2a: Toxapex|Liquidation|p1a: Oricorio\n|-damage|p1a: Oricorio|202/272\n|\n|upkeep\n|turn|7\n|\n|t:|1771201904\n|move|p1a: Oricorio|Quiver Dance|p1a: Oricorio\n|-boost|p1a: Oricorio|spa|1\n|-boost|p1a: Oricorio|spd|1\n|-boost|p1a: Oricorio|spe|1\n|move|p2a: Toxapex|Toxic|p1a: Oricorio\n|-status|p1a: Oricorio|tox\n|\n|-damage|p1a: Oricorio|185/272 tox|[from] psn\n|upkeep\n|turn|8\n|\n|t:|1771201911\n|-terastallize|p2a: Toxapex|Steel\n|move|p1a: Oricorio|Revelation Dance|p2a: Toxapex\n|-resisted|p2a: Toxapex\n|-damage|p2a: Toxapex|103/216\n|move|p2a: Toxapex|Haze|p2a: Toxapex\n|-clearallboost\n|\n|-damage|p1a: Oricorio|151/272 tox|[from] psn\n|upkeep\n|turn|9\n|\n|t:|1771201922\n|switch|p1a: Cinderace|Cinderace, L77, F|208/249\n|move|p2a: Toxapex|Recover|p2a: Toxapex\n|-heal|p2a: Toxapex|211/216\n|\n|upkeep\n|turn|10\n|\n|t:|1771201927\n|switch|p2a: Wugtrio|Wugtrio, L91, M|212/212\n|move|p1a: Cinderace|High Jump Kick|p2a: Wugtrio|[miss]\n|-start|p1a: Cinderace|typechange|Fighting|[from] ability: Libero\n|-miss|p1a: Cinderace|p2a: Wugtrio\n|-damage|p1a: Cinderace|84/249|[from] highjumpkick\n|\n|upkeep\n|turn|11\n|\n|t:|1771201933\n|switch|p1a: Vaporeon|Vaporeon, L86, F|364/364\n|move|p2a: Wugtrio|Liquidation|p1a: Vaporeon\n|-immune|p1a: Vaporeon|[from] ability: Water Absorb\n|\n|upkeep\n|turn|12\n|\n|t:|1771201937\n|switch|p2a: Toxapex|Toxapex, L82, M, tera:Steel|216/216\n|move|p1a: Vaporeon|Wish|p1a: Vaporeon\n|\n|upkeep\n|turn|13\n|\n|t:|1771201945\n|move|p1a: Vaporeon|Flip Turn|p2a: Toxapex\n|-damage|p2a: Toxapex|185/216\n|-damage|p1a: Vaporeon|304/364|[from] item: Rocky Helmet|[of] p2a: Toxapex\n|\n|t:|1771201947\n|switch|p1a: Oricorio|Oricorio-Pa'u, L87, M|151/272 tox|[from] Flip Turn\n|move|p2a: Toxapex|Toxic|p1a: Oricorio\n|-fail|p1a: Oricorio|tox\n|\n|-heal|p1a: Oricorio|272/272 tox|[from] move: Wish|[wisher] Vaporeon\n|-damage|p1a: Oricorio|255/272 tox|[from] psn\n|upkeep\n|turn|14\n|\n|t:|1771201957\n|switch|p1a: Vaporeon|Vaporeon, L86, F|304/364\n|move|p2a: Toxapex|Liquidation|p1a: Vaporeon\n|-heal|p1a: Vaporeon|364/364|[from] ability: Water Absorb|[of] p2a: Toxapex\n|\n|upkeep\n|turn|15\n|\n|t:|1771201966\n|switch|p1a: Cinderace|Cinderace, L77, F|84/249\n|move|p2a: Toxapex|Toxic|p1a: Cinderace\n|-status|p1a: Cinderace|tox\n|\n|-damage|p1a: Cinderace|69/249 tox|[from] psn\n|upkeep\n|turn|16\n|\n|t:|1771201970\n|switch|p2a: Wugtrio|Wugtrio, L91, M|212/212\n|move|p1a: Cinderace|High Jump Kick|p2a: Wugtrio\n|-start|p1a: Cinderace|typechange|Fighting|[from] ability: Libero\n|-damage|p2a: Wugtrio|0 fnt\n|-ability|p2a: Wugtrio|Gooey\n|-unboost|p1a: Cinderace|spe|1\n|faint|p2a: Wugtrio\n|\n|-damage|p1a: Cinderace|39/249 tox|[from] psn\n|upkeep\n|\n|t:|1771201974\n|switch|p2a: Iron Leaves|Iron Leaves, L80|219/219\n|turn|17\n|\n|t:|1771201980\n|switch|p1a: Oricorio|Oricorio-Pa'u, L87, M|255/272 tox\n|move|p2a: Iron Leaves|Hyper Voice|p1a: Oricorio\n|-damage|p1a: Oricorio|83/272 tox\n|-damage|p2a: Iron Leaves|198/219|[from] item: Life Orb\n|\n|-damage|p1a: Oricorio|66/272 tox|[from] psn\n|upkeep\n|turn|18\n|\n|t:|1771201986\n|move|p2a: Iron Leaves|Hyper Voice|p1a: Oricorio\n|-damage|p1a: Oricorio|0 fnt\n|faint|p1a: Oricorio\n|-damage|p2a: Iron Leaves|177/219|[from] item: Life Orb\n|\n|upkeep\n|\n|t:|1771201988\n|switch|p1a: Noivern|Noivern, L82, F|274/274\n|turn|19\n|\n|t:|1771201991\n|move|p1a: Noivern|Boomburst|p2a: Iron Leaves\n|-immune|p2a: Iron Leaves\n|move|p2a: Iron Leaves|Hyper Voice|p1a: Noivern\n|-damage|p1a: Noivern|121/274\n|-damage|p2a: Iron Leaves|156/219|[from] item: Life Orb\n|\n|upkeep\n|turn|20\n|\n|t:|1771201995\n|switch|p1a: Vaporeon|Vaporeon, L86, F|364/364\n|move|p2a: Iron Leaves|Hyper Voice|p1a: Vaporeon\n|-damage|p1a: Vaporeon|239/364\n|-damage|p2a: Iron Leaves|135/219|[from] item: Life Orb\n|\n|-heal|p1a: Vaporeon|261/364|[from] item: Leftovers\n|upkeep\n|turn|21\n|\n|t:|1771202005\n|move|p2a: Iron Leaves|Hyper Voice|p1a: Vaporeon\n|-damage|p1a: Vaporeon|123/364\n|-damage|p2a: Iron Leaves|114/219|[from] item: Life Orb\n|move|p1a: Vaporeon|Wish|p1a: Vaporeon\n|\n|-heal|p1a: Vaporeon|145/364|[from] item: Leftovers\n|upkeep\n|turn|22\n|\n|t:|1771202008\n|move|p2a: Iron Leaves|Hyper Voice|p1a: Vaporeon\n|-damage|p1a: Vaporeon|24/364\n|-damage|p2a: Iron Leaves|93/219|[from] item: Life Orb\n|move|p1a: Vaporeon|Flip Turn|p2a: Iron Leaves\n|-damage|p2a: Iron Leaves|27/219\n|replace|p2a: Zoroark|Zoroark-Hisui, L80, F\n|-end|p2a: Zoroark|Illusion\n|-hint|Illusion Level Mod is active, so this Pokémon's true level was hidden.\n|\n|t:|1771202011\n|switch|p1a: Cinderace|Cinderace, L77, F|39/249 tox|[from] Flip Turn\n|\n|-heal|p1a: Cinderace|221/249 tox|[from] move: Wish|[wisher] Vaporeon\n|-damage|p1a: Cinderace|206/249 tox|[from] psn\n|upkeep\n|turn|23\n|\n|t:|1771202017\n|move|p1a: Cinderace|Pyro Ball|p2a: Zoroark\n|-damage|p2a: Zoroark|0 fnt\n|faint|p2a: Zoroark\n|\n|-damage|p1a: Cinderace|176/249 tox|[from] psn\n|upkeep\n|\n|t:|1771202024\n|switch|p2a: Toxapex|Toxapex, L82, M, tera:Steel|216/216\n|turn|24\n|c|☆Dragon Knight Char|why did i click boomburst by mistake\n|\n|t:|1771202032\n|move|p1a: Cinderace|Pyro Ball|p2a: Toxapex\n|-supereffective|p2a: Toxapex\n|-damage|p2a: Toxapex|0 fnt\n|faint|p2a: Toxapex\n|\n|-damage|p1a: Cinderace|131/249 tox|[from] psn\n|upkeep\n|\n|t:|1771202036\n|switch|p2a: Crabominable|Crabominable, L90, F|321/321\n|turn|25\n|\n|t:|1771202049\n|move|p1a: Cinderace|Pyro Ball|p2a: Crabominable\n|-supereffective|p2a: Crabominable\n|-damage|p2a: Crabominable|0 fnt\n|faint|p2a: Crabominable\n|\n|-damage|p1a: Cinderace|71/249 tox|[from] psn\n|upkeep\n|\n|t:|1771202052\n|switch|p2a: Iron Leaves|Iron Leaves, L80|275/275\n|turn|26\n|c|☆Dragon Knight Char|money, money, money- AHHH, AHHH\n|\n|t:|1771202057\n|move|p1a: Cinderace|Pyro Ball|p2a: Iron Leaves\n|-supereffective|p2a: Iron Leaves\n|-damage|p2a: Iron Leaves|0 fnt\n|faint|p2a: Iron Leaves\n|-end|p2a: Iron Leaves|Quark Drive|[silent]\n|\n|win|Dragon Knight Char\n|raw|Dragon Knight Char's rating: 1752 &rarr; <strong>1774</strong><br />(+22 for winning)\n|raw|AfterDiVE's rating: 1792 &rarr; <strong>1770</strong><br />(-22 for losing)\n|l|☆AfterDiVE\n|player|p2|\n", "inputlog": ">version 686819e5e19f8a7fd2345cfc5a08a5085efa2cc3\n>start {\"formatid\":\"gen9randombattle\",\"seed\":\"sodium,2042fbbd489644b6b68c83702184cbdb\",\"rated\":\"Rated battle\"}\n>player p1 {\"name\":\"Dragon Knight Char\",\"avatar\":\"ethan\",\"rating\":1752,\"seed\":\"sodium,2070e892edc4bad038d1a29b0d3ec131\"}\n>player p2 {\"name\":\"AfterDiVE\",\"avatar\":\"wallace\",\"rating\":1792,\"seed\":\"sodium,2d049b327411e33145e1766139777b2a\"}\n>p1 move uturn\n>p2 switch 3\n>p1 switch 5\n>p1 move knockoff\n>p2 move bodyslam\n>p1 move powerwhip\n>p2 move bodyslam\n>p2 switch 5\n>p1 move sludgewave\n>p2 move knockoff\n>p1 switch 3\n>p1 move highjumpkick\n>p2 switch 2\n>p1 switch 2\n>p2 move liquidation\n>p1 move quiverdance\n>p2 move toxic\n>p1 move revelationdance\n>p2 move haze terastallize\n>p1 switch 2\n>p2 move recover\n>p1 move highjumpkick\n>p2 switch 3\n>p1 switch 4\n>p2 move liquidation\n>p1 move wish\n>p2 switch 3\n>p1 move flipturn\n>p2 move toxic\n>p1 switch 2\n>p1 switch 2\n>p2 move liquidation\n>p1 switch 4\n>p2 move toxic\n>p1 move highjumpkick\n>p2 switch 3\n>p2 switch 4\n>p1 switch 2\n>p2 move hypervoice\n>p1 move revelationdance\n>p2 move hypervoice\n>p1 switch 5\n>p1 move boomburst\n>p2 move hypervoice\n>p1 switch 4\n>p2 move hypervoice\n>p1 move wish\n>p2 move hypervoice\n>p1 move flipturn\n>p2 move hypervoice\n>p1 switch 2\n>p1 move pyroball\n>p2 move hypervoice\n>p2 switch 3\n>chat ☆Dragon Knight Char|why did i click boomburst by mistake\n>p1 move pyroball\n>p2 move toxic\n>p2 switch 2\n>p1 move pyroball\n>p2 move drainpunch\n>p2 switch 6\n>chat ☆Dragon Knight Char|money, money, money- AHHH, AHHH\n>p1 move pyroball\n>p2 move psyblade", "uploadtime": 1771202062, "views": 10, "formatid": "gen9randombattle", "rating": 1770, "private": 0, "password": null}