{"id": "gen9randombattle-2540793631", "format": "[Gen 9] Random Battle", "players": ["igotho’ohs", "Spyzzz"], "log": "|j|☆igotho’ohs\n|j|☆Spyzzz\n|t:|1771254659\n|gametype|singles\n|player|p1|igotho’ohs|265|1650\n|player|p2|Spyzzz|hilda-wonderlauncher|1653\n|gen|9\n|tier|[Gen 9] Random Battle\n|rated|\n|rule|Species Clause: Limit one of each Pokémon\n|rule|HP Percentage Mod: HP is shown in percentages\n|rule|Sleep Clause Mod: Limit one foe put to sleep\n|rule|Illusion Level Mod: Illusion disguises the Pokémon's true level\n|\n|t:|1771254659\n|teamsize|p1|6\n|teamsize|p2|6\n|start\n|switch|p1a: Baxcalibur|Baxcalibur, L75, F|295/295\n|switch|p2a: Raichu|Raichu, L88, F|249/249\n|turn|1\n|inactive|Battle timer is ON: inactive players will automatically lose when time's up. (requested by igotho’ohs)\n|\n|t:|1771254680\n|move|p2a: Raichu|Focus Blast|p1a: Baxcalibur|[miss]\n|-miss|p2a: Raichu|p1a: Baxcalibur\n|move|p1a: Baxcalibur|Glaive Rush|p2a: Raichu\n|-damage|p2a: Raichu|0 fnt\n|-singlemove|p1a: Baxcalibur|Glaive Rush|[silent]\n|faint|p2a: Raichu\n|\n|upkeep\n|inactive|Spyzzz has 120 seconds left.\n|\n|t:|1771254721\n|switch|p2a: Overqwil|Overqwil, L82, F|274/274\n|-ability|p2a: Overqwil|Intimidate|boost\n|-unboost|p1a: Baxcalibur|atk|1\n|turn|2\n|\n|t:|1771254726\n|switch|p1a: Whiscash|Whiscash, L88, M|337/337\n|move|p2a: Overqwil|Gunk Shot|p1a: Whiscash\n|-resisted|p1a: Whiscash\n|-damage|p1a: Whiscash|229/337\n|\n|-heal|p1a: Whiscash|250/337|[from] item: Leftovers\n|upkeep\n|turn|3\n|\n|t:|1771254730\n|switch|p2a: Ludicolo|Ludicolo, L90, F|290/290\n|move|p1a: Whiscash|Stealth Rock|p2a: Ludicolo\n|-sidestart|p2: Spyzzz|move: Stealth Rock\n|\n|-heal|p1a: Whiscash|271/337|[from] item: Leftovers\n|upkeep\n|turn|4\n|\n|t:|1771254748\n|-terastallize|p1a: Whiscash|Poison\n|move|p2a: Ludicolo|Rain Dance|p2a: Ludicolo\n|-weather|RainDance\n|move|p1a: Whiscash|Spikes|p2a: Ludicolo\n|-sidestart|p2: Spyzzz|Spikes\n|\n|-weather|RainDance|[upkeep]\n|-heal|p1a: Whiscash|292/337|[from] item: Leftovers\n|upkeep\n|turn|5\n|inactive|igotho’ohs has 120 seconds left.\n|\n|t:|1771254775\n|switch|p1a: Bellossom|Bellossom, L84, F|263/263\n|move|p2a: Ludicolo|Hydro Pump|p1a: Bellossom\n|-resisted|p1a: Bellossom\n|-damage|p1a: Bellossom|159/263\n|-damage|p2a: Ludicolo|261/290|[from] item: Life Orb\n|\n|-weather|RainDance|[upkeep]\n|-heal|p1a: Bellossom|175/263|[from] item: Leftovers\n|upkeep\n|turn|6\n|\n|t:|1771254783\n|switch|p1a: Baxcalibur|Baxcalibur, L75, F|295/295\n|move|p2a: Ludicolo|Ice Beam|p1a: Baxcalibur\n|-damage|p1a: Baxcalibur|190/295\n|-damage|p2a: Ludicolo|232/290|[from] item: Life Orb\n|\n|-weather|RainDance|[upkeep]\n|upkeep\n|turn|7\n|\n|t:|1771254797\n|switch|p2a: Overqwil|Overqwil, L82, F|274/274\n|-damage|p2a: Overqwil|240/274|[from] Stealth Rock\n|-damage|p2a: Overqwil|206/274|[from] Spikes\n|-ability|p2a: Overqwil|Intimidate|boost\n|-unboost|p1a: Baxcalibur|atk|1\n|move|p1a: Baxcalibur|Glaive Rush|p2a: Overqwil\n|-damage|p2a: Overqwil|71/274\n|-singlemove|p1a: Baxcalibur|Glaive Rush|[silent]\n|\n|-weather|RainDance|[upkeep]\n|upkeep\n|turn|8\n|\n|t:|1771254806\n|switch|p1a: Whiscash|Whiscash, L88, M, tera:Poison|292/337\n|move|p2a: Overqwil|Liquidation|p1a: Whiscash\n|-damage|p1a: Whiscash|132/337\n|-unboost|p1a: Whiscash|def|1\n|\n|-weather|none\n|-heal|p1a: Whiscash|153/337|[from] item: Leftovers\n|upkeep\n|turn|9\n|\n|t:|1771254820\n|switch|p1a: Klawf|Klawf, L90, F|272/272\n|move|p2a: Overqwil|Liquidation|p1a: Klawf\n|-supereffective|p1a: Klawf\n|-damage|p1a: Klawf|122/272\n|-ability|p1a: Klawf|Anger Shell|boost\n|-boost|p1a: Klawf|atk|1\n|-boost|p1a: Klawf|spa|1\n|-boost|p1a: Klawf|spe|1\n|-unboost|p1a: Klawf|def|1\n|-unboost|p1a: Klawf|spd|1\n|\n|upkeep\n|turn|10\n|\n|t:|1771254844\n|switch|p2a: Ludicolo|Ludicolo, L90, F|232/290\n|-damage|p2a: Ludicolo|196/290|[from] Stealth Rock\n|-damage|p2a: Ludicolo|160/290|[from] Spikes\n|move|p1a: Klawf|High Horsepower|p2a: Ludicolo\n|-resisted|p2a: Ludicolo\n|-damage|p2a: Ludicolo|97/290\n|\n|upkeep\n|turn|11\n|\n|t:|1771254853\n|move|p1a: Klawf|Knock Off|p2a: Ludicolo\n|-damage|p2a: Ludicolo|0 fnt\n|-enditem|p2a: Ludicolo|Life Orb|[from] move: Knock Off|[of] p1a: Klawf\n|faint|p2a: Ludicolo\n|\n|upkeep\n|\n|t:|1771254858\n|switch|p2a: Overqwil|Overqwil, L82, F|71/274\n|-damage|p2a: Overqwil|37/274|[from] Stealth Rock\n|-damage|p2a: Overqwil|3/274|[from] Spikes\n|-ability|p2a: Overqwil|Intimidate|boost\n|-unboost|p1a: Klawf|atk|1\n|turn|12\n|\n|t:|1771254864\n|move|p2a: Overqwil|Aqua Jet|p1a: Klawf\n|-supereffective|p1a: Klawf\n|-damage|p1a: Klawf|18/272\n|move|p1a: Klawf|Knock Off|p2a: Overqwil\n|-resisted|p2a: Overqwil\n|-damage|p2a: Overqwil|0 fnt\n|-enditem|p2a: Overqwil|Choice Band|[from] move: Knock Off|[of] p1a: Klawf\n|faint|p2a: Overqwil\n|\n|upkeep\n|\n|t:|1771254880\n|switch|p2a: Wigglytuff|Wigglytuff, L96, F|424/424\n|-damage|p2a: Wigglytuff|371/424|[from] Stealth Rock\n|-damage|p2a: Wigglytuff|318/424|[from] Spikes\n|turn|13\n|\n|t:|1771254883\n|move|p1a: Klawf|Stone Edge|p2a: Wigglytuff\n|-damage|p2a: Wigglytuff|134/424\n|move|p2a: Wigglytuff|Alluring Voice|p1a: Klawf\n|-damage|p1a: Klawf|0 fnt\n|faint|p1a: Klawf\n|\n|-heal|p2a: Wigglytuff|160/424|[from] item: Leftovers\n|upkeep\n|\n|t:|1771254891\n|switch|p1a: Whiscash|Whiscash, L88, M, tera:Poison|153/337\n|turn|14\n|\n|t:|1771254914\n|move|p1a: Whiscash|Spikes|p2a: Wigglytuff\n|-sidestart|p2: Spyzzz|Spikes\n|move|p2a: Wigglytuff|Knock Off|p1a: Whiscash\n|-damage|p1a: Whiscash|81/337\n|-enditem|p1a: Whiscash|Leftovers|[from] move: Knock Off|[of] p2a: Wigglytuff\n|\n|-heal|p2a: Wigglytuff|186/424|[from] item: Leftovers\n|upkeep\n|turn|15\n|\n|t:|1771254920\n|move|p1a: Whiscash|Spikes|p2a: Wigglytuff\n|-sidestart|p2: Spyzzz|Spikes\n|move|p2a: Wigglytuff|Fire Blast|p1a: Whiscash\n|-damage|p1a: Whiscash|0 fnt\n|faint|p1a: Whiscash\n|\n|-heal|p2a: Wigglytuff|212/424|[from] item: Leftovers\n|upkeep\n|\n|t:|1771254929\n|switch|p1a: Delphox|Delphox, L84, F|263/263\n|turn|16\n|\n|t:|1771254935\n|move|p1a: Delphox|Psyshock|p2a: Wigglytuff\n|-damage|p2a: Wigglytuff|4/424\n|move|p2a: Wigglytuff|Thunder Wave|p1a: Delphox\n|-status|p1a: Delphox|par\n|\n|-heal|p2a: Wigglytuff|30/424|[from] item: Leftovers\n|upkeep\n|turn|17\n|\n|t:|1771254938\n|move|p2a: Wigglytuff|Knock Off|p1a: Delphox\n|-supereffective|p1a: Delphox\n|-damage|p1a: Delphox|89/263 par\n|-enditem|p1a: Delphox|Choice Specs|[from] move: Knock Off|[of] p2a: Wigglytuff\n|move|p1a: Delphox|Psyshock|p2a: Wigglytuff\n|-damage|p2a: Wigglytuff|0 fnt\n|faint|p2a: Wigglytuff\n|\n|upkeep\n|\n|t:|1771254953\n|switch|p2a: Malamar|Malamar, L82, F|275/275\n|-damage|p2a: Malamar|241/275|[from] Stealth Rock\n|-damage|p2a: Malamar|173/275|[from] Spikes\n|turn|18\n|\n|t:|1771254964\n|switch|p1a: Gouging Fire|Gouging Fire, L74|277/277\n|move|p2a: Malamar|Knock Off|p1a: Gouging Fire\n|-damage|p1a: Gouging Fire|201/277\n|-enditem|p1a: Gouging Fire|Heavy-Duty Boots|[from] move: Knock Off|[of] p2a: Malamar\n|\n|-heal|p2a: Malamar|190/275|[from] item: Leftovers\n|upkeep\n|turn|19\n|\n|t:|1771254975\n|move|p1a: Gouging Fire|Dragon Dance|p1a: Gouging Fire\n|-boost|p1a: Gouging Fire|atk|1\n|-boost|p1a: Gouging Fire|spe|1\n|move|p2a: Malamar|Superpower|p1a: Gouging Fire\n|-damage|p1a: Gouging Fire|134/277\n|-boost|p2a: Malamar|atk|1\n|-boost|p2a: Malamar|def|1\n|\n|-heal|p2a: Malamar|207/275|[from] item: Leftovers\n|upkeep\n|turn|20\n|\n|t:|1771254984\n|move|p1a: Gouging Fire|Outrage|p2a: Malamar\n|-damage|p2a: Malamar|87/275\n|move|p2a: Malamar|Superpower|p1a: Gouging Fire\n|-damage|p1a: Gouging Fire|25/277\n|-boost|p2a: Malamar|atk|1\n|-boost|p2a: Malamar|def|1\n|\n|-heal|p2a: Malamar|104/275|[from] item: Leftovers\n|upkeep\n|turn|21\n|\n|t:|1771254989\n|move|p1a: Gouging Fire|Outrage|p2a: Malamar|[from] lockedmove\n|-damage|p2a: Malamar|19/275\n|move|p2a: Malamar|Rest|p2a: Malamar\n|-status|p2a: Malamar|slp|[from] move: Rest\n|-heal|p2a: Malamar|275/275 slp|[silent]\n|\n|upkeep\n|turn|22\n|\n|t:|1771254994\n|move|p1a: Gouging Fire|Outrage|p2a: Malamar|[from] lockedmove\n|-damage|p2a: Malamar|182/275 slp\n|-start|p1a: Gouging Fire|confusion|[fatigue]\n|cant|p2a: Malamar|slp\n|move|p2a: Malamar|Sleep Talk|p2a: Malamar\n|move|p2a: Malamar|Superpower|p1a: Gouging Fire|[from] move: Sleep Talk\n|-damage|p1a: Gouging Fire|0 fnt\n|-boost|p2a: Malamar|atk|1\n|-boost|p2a: Malamar|def|1\n|faint|p1a: Gouging Fire\n|-end|p1a: Gouging Fire|Protosynthesis|[silent]\n|\n|-heal|p2a: Malamar|199/275 slp|[from] item: Leftovers\n|upkeep\n|\n|t:|1771255006\n|switch|p1a: Delphox|Delphox, L84, F|89/263 par\n|turn|23\n|\n|t:|1771255009\n|cant|p2a: Malamar|slp\n|move|p2a: Malamar|Sleep Talk|p2a: Malamar\n|move|p2a: Malamar|Knock Off|p1a: Delphox|[from] move: Sleep Talk\n|-supereffective|p1a: Delphox\n|-damage|p1a: Delphox|0 fnt\n|faint|p1a: Delphox\n|\n|-heal|p2a: Malamar|216/275 slp|[from] item: Leftovers\n|upkeep\n|\n|t:|1771255018\n|switch|p1a: Baxcalibur|Baxcalibur, L75, F|190/295\n|turn|24\n|\n|t:|1771255021\n|move|p1a: Baxcalibur|Icicle Crash|p2a: Malamar\n|-damage|p2a: Malamar|153/275 slp\n|-curestatus|p2a: Malamar|slp|[msg]\n|move|p2a: Malamar|Superpower|p1a: Baxcalibur\n|-supereffective|p1a: Baxcalibur\n|-damage|p1a: Baxcalibur|0 fnt\n|-boost|p2a: Malamar|atk|1\n|-boost|p2a: Malamar|def|1\n|faint|p1a: Baxcalibur\n|\n|-heal|p2a: Malamar|170/275|[from] item: Leftovers\n|upkeep\n|-message|igotho’ohs forfeited.\n|\n|win|Spyzzz\n|raw|igotho’ohs's rating: 1650 &rarr; <strong>1630</strong><br />(-20 for losing)\n|raw|Spyzzz's rating: 1653 &rarr; <strong>1673</strong><br />(+20 for winning)\n|l|☆igotho’ohs\n|player|p1|\n", "inputlog": ">version 686819e5e19f8a7fd2345cfc5a08a5085efa2cc3\n>start {\"formatid\":\"gen9randombattle\",\"seed\":\"sodium,8619e5cd9078a35010b30a5d5d041a6b\",\"rated\":\"Rated battle\"}\n>player p1 {\"name\":\"igotho’ohs\",\"avatar\":\"265\",\"rating\":1650,\"seed\":\"sodium,3d21a91e3fe59a99e165bc9e2bd12c0f\"}\n>player p2 {\"name\":\"Spyzzz\",\"avatar\":\"hilda-wonderlauncher\",\"rating\":1653,\"seed\":\"sodium,232e6120419ccb21044f42e2682a99a9\"}\n>p1 move glaiverush\n>p2 move focusblast\n>p2 switch 2\n>p1 switch 6\n>p2 move gunkshot\n>p1 move stealthrock\n>p2 switch 4\n>p1 move spikes terastallize\n>p2 move raindance\n>p1 switch 2\n>p2 move hydropump\n>p1 switch 6\n>p2 move icebeam\n>p1 move glaiverush\n>p2 switch 4\n>p1 switch 2\n>p2 move liquidation\n>p1 switch 4\n>p2 move liquidation\n>p1 move highhorsepower\n>p2 switch 4\n>p1 move knockoff\n>p2 move raindance\n>p2 switch 4\n>p1 move knockoff\n>p2 move aquajet\n>p2 switch 6\n>p1 move stoneedge\n>p2 move alluringvoice\n>p1 switch 4\n>p1 move spikes\n>p2 move knockoff\n>p1 move spikes\n>p2 move fireblast\n>p1 switch 5\n>p1 move psyshock\n>p2 move thunderwave\n>p1 move psyshock\n>p2 move knockoff\n>p2 switch 3\n>p1 switch 3\n>p2 move knockoff\n>p1 move dragondance\n>p2 move superpower\n>p1 move outrage\n>p2 move superpower\n>p1 move outrage\n>p2 move rest\n>p1 move outrage\n>p2 move sleeptalk\n>p1 switch 3\n>p1 move fireblast\n>p2 move sleeptalk\n>p1 switch 2\n>p1 move iciclecrash\n>p2 move superpower\n>forcelose p1", "uploadtime": 1771255043, "views": 7, "formatid": "gen9randombattle", "rating": 1630, "private": 0, "password": null}