{"id": "gen9randombattle-2540872392", "format": "[Gen 9] Random Battle", "players": ["Artorias1517", "Axtell"], "log": "|j|☆Artorias1517\n|j|☆Axtell\n|t:|1771262632\n|gametype|singles\n|player|p1|Artorias1517|riley|1768\n|player|p2|Axtell|cynthia|1816\n|gen|9\n|tier|[Gen 9] Random Battle\n|rated|\n|rule|Species Clause: Limit one of each Pokémon\n|rule|HP Percentage Mod: HP is shown in percentages\n|rule|Sleep Clause Mod: Limit one foe put to sleep\n|rule|Illusion Level Mod: Illusion disguises the Pokémon's true level\n|\n|t:|1771262632\n|teamsize|p1|6\n|teamsize|p2|6\n|start\n|switch|p1a: Coalossal|Coalossal, L89, F|341/341\n|switch|p2a: Araquanid|Araquanid, L82, M|246/246\n|turn|1\n|\n|t:|1771262641\n|switch|p1a: Vileplume|Vileplume, L85, F|266/266\n|move|p2a: Araquanid|Liquidation|p1a: Vileplume\n|-resisted|p1a: Vileplume\n|-damage|p1a: Vileplume|193/266\n|\n|-heal|p1a: Vileplume|209/266|[from] item: Leftovers\n|upkeep\n|turn|2\n|\n|t:|1771262647\n|move|p1a: Vileplume|Leech Seed|p2a: Araquanid|[miss]\n|-miss|p1a: Vileplume|p2a: Araquanid\n|move|p2a: Araquanid|Sticky Web|p1a: Vileplume\n|-sidestart|p1: Artorias1517|move: Sticky Web\n|\n|-heal|p1a: Vileplume|225/266|[from] item: Leftovers\n|upkeep\n|turn|3\n|\n|t:|1771262656\n|switch|p2a: Rabsca|Rabsca, L91, F|284/284\n|move|p1a: Vileplume|Leech Seed|p2a: Rabsca\n|-start|p2a: Rabsca|move: Leech Seed\n|\n|-heal|p1a: Vileplume|241/266|[from] item: Leftovers\n|-damage|p2a: Rabsca|249/284|[from] Leech Seed|[of] p1a: Vileplume\n|-heal|p1a: Vileplume|266/266|[silent]\n|upkeep\n|turn|4\n|\n|t:|1771262668\n|switch|p1a: Solgaleo|Solgaleo, L74|325/325\n|-activate|p1a: Solgaleo|move: Sticky Web\n|-fail|p1a: Solgaleo|unboost|[from] ability: Full Metal Body|[of] p1a: Solgaleo\n|switch|p2a: Araquanid|Araquanid, L82, M|246/246\n|\n|upkeep\n|turn|5\n|\n|t:|1771262676\n|move|p1a: Solgaleo|Knock Off|p2a: Araquanid\n|-damage|p2a: Araquanid|178/246\n|-enditem|p2a: Araquanid|Heavy-Duty Boots|[from] move: Knock Off|[of] p1a: Solgaleo\n|move|p2a: Araquanid|Liquidation|p1a: Solgaleo\n|-damage|p1a: Solgaleo|196/325\n|-damage|p2a: Araquanid|137/246|[from] item: Rocky Helmet|[of] p1a: Solgaleo\n|\n|upkeep\n|turn|6\n|inactive|Battle timer is ON: inactive players will automatically lose when time's up. (requested by Axtell)\n|\n|t:|1771262690\n|move|p1a: Solgaleo|Morning Sun|p1a: Solgaleo\n|-heal|p1a: Solgaleo|325/325\n|move|p2a: Araquanid|Liquidation|p1a: Solgaleo\n|-damage|p1a: Solgaleo|184/325\n|-damage|p2a: Araquanid|96/246|[from] item: Rocky Helmet|[of] p1a: Solgaleo\n|\n|upkeep\n|turn|7\n|\n|t:|1771262698\n|switch|p2a: Minun|Minun, L95, F|268/268\n|move|p1a: Solgaleo|Morning Sun|p1a: Solgaleo\n|-heal|p1a: Solgaleo|325/325\n|\n|upkeep\n|turn|8\n|\n|t:|1771262705\n|switch|p1a: Vileplume|Vileplume, L85, F|266/266\n|-activate|p1a: Vileplume|move: Sticky Web\n|-unboost|p1a: Vileplume|spe|1\n|move|p2a: Minun|Encore||[still]\n|-fail|p2a: Minun\n|\n|upkeep\n|turn|9\n|\n|t:|1771262714\n|switch|p2a: Araquanid|Araquanid, L82, M|96/246\n|move|p1a: Vileplume|Leech Seed|p2a: Araquanid\n|-start|p2a: Araquanid|move: Leech Seed\n|\n|-damage|p2a: Araquanid|66/246|[from] Leech Seed|[of] p1a: Vileplume\n|upkeep\n|turn|10\n|\n|t:|1771262725\n|switch|p2a: Metagross|Metagross, L79|256/256\n|move|p1a: Vileplume|Giga Drain|p2a: Metagross\n|-resisted|p2a: Metagross\n|-damage|p2a: Metagross|212/256\n|\n|upkeep\n|turn|11\n|\n|t:|1771262735\n|switch|p1a: Solgaleo|Solgaleo, L74|325/325\n|-activate|p1a: Solgaleo|move: Sticky Web\n|-fail|p1a: Solgaleo|unboost|[from] ability: Full Metal Body|[of] p1a: Solgaleo\n|move|p2a: Metagross|Earthquake|p1a: Solgaleo\n|-supereffective|p1a: Solgaleo\n|-damage|p1a: Solgaleo|177/325\n|\n|upkeep\n|turn|12\n|\n|t:|1771262746\n|move|p1a: Solgaleo|Knock Off|p2a: Metagross\n|-supereffective|p2a: Metagross\n|-damage|p2a: Metagross|98/256\n|-enditem|p2a: Metagross|Weakness Policy\n|-boost|p2a: Metagross|atk|2|[from] item: Weakness Policy\n|-boost|p2a: Metagross|spa|2|[from] item: Weakness Policy\n|move|p2a: Metagross|Earthquake|p1a: Solgaleo\n|-supereffective|p1a: Solgaleo\n|-damage|p1a: Solgaleo|0 fnt\n|faint|p1a: Solgaleo\n|\n|upkeep\n|\n|t:|1771262756\n|switch|p1a: Zapdos|Zapdos, L78|268/268\n|turn|13\n|\n|t:|1771262765\n|-terastallize|p2a: Metagross|Ground\n|move|p1a: Zapdos|Thunderbolt|p2a: Metagross\n|-immune|p2a: Metagross\n|move|p2a: Metagross|Psychic Fangs|p1a: Zapdos\n|-damage|p1a: Zapdos|42/268\n|-status|p2a: Metagross|par|[from] ability: Static|[of] p1a: Zapdos\n|\n|upkeep\n|turn|14\n|\n|t:|1771262777\n|move|p1a: Zapdos|Hurricane|p2a: Metagross\n|-damage|p2a: Metagross|0 fnt\n|faint|p2a: Metagross\n|\n|upkeep\n|\n|t:|1771262785\n|switch|p2a: Minun|Minun, L95, F|268/268\n|turn|15\n|\n|t:|1771262789\n|switch|p2a: Rabsca|Rabsca, L91, F|249/284\n|switch|p1a: Vileplume|Vileplume, L85, F|266/266\n|-activate|p1a: Vileplume|move: Sticky Web\n|-unboost|p1a: Vileplume|spe|1\n|\n|upkeep\n|turn|16\n|\n|t:|1771262797\n|move|p2a: Rabsca|Revival Blessing|p2a: Rabsca\n|\n|t:|1771262799\n|-heal|p2: Metagross|128/256|[from] move: Revival Blessing\n|move|p1a: Vileplume|Sludge Bomb|p2a: Rabsca\n|-damage|p2a: Rabsca|156/284\n|\n|upkeep\n|turn|17\n|\n|t:|1771262812\n|move|p2a: Rabsca|Psychic|p1a: Vileplume\n|-supereffective|p1a: Vileplume\n|-damage|p1a: Vileplume|8/266\n|-unboost|p1a: Vileplume|spd|1\n|move|p1a: Vileplume|Leech Seed|p2a: Rabsca\n|-start|p2a: Rabsca|move: Leech Seed\n|\n|-heal|p1a: Vileplume|24/266|[from] item: Leftovers\n|-damage|p2a: Rabsca|121/284|[from] Leech Seed|[of] p1a: Vileplume\n|-heal|p1a: Vileplume|59/266|[silent]\n|upkeep\n|turn|18\n|\n|t:|1771262824\n|switch|p1a: Bruxish|Bruxish, L85, M|254/254\n|-activate|p1a: Bruxish|move: Sticky Web\n|-unboost|p1a: Bruxish|spe|1\n|move|p2a: Rabsca|Psychic|p1a: Bruxish\n|-resisted|p1a: Bruxish\n|-damage|p1a: Bruxish|185/254\n|\n|-damage|p2a: Rabsca|86/284|[from] Leech Seed|[of] p1a: Bruxish\n|-heal|p1a: Bruxish|220/254|[silent]\n|upkeep\n|turn|19\n|\n|t:|1771262851\n|move|p1a: Bruxish|Flip Turn|p2a: Rabsca\n|-damage|p2a: Rabsca|0 fnt\n|faint|p2a: Rabsca\n|\n|t:|1771262856\n|switch|p1a: Vileplume|Vileplume, L85, F|59/266|[from] Flip Turn\n|-activate|p1a: Vileplume|move: Sticky Web\n|-unboost|p1a: Vileplume|spe|1\n|\n|-heal|p1a: Vileplume|75/266|[from] item: Leftovers\n|upkeep\n|inactive|Axtell has 120 seconds left.\n|\n|t:|1771262901\n|switch|p2a: Metagross|Metagross, L79|128/256\n|turn|20\n|\n|t:|1771262914\n|move|p2a: Metagross|Agility|p2a: Metagross\n|-boost|p2a: Metagross|spe|2\n|move|p1a: Vileplume|Giga Drain|p2a: Metagross\n|-resisted|p2a: Metagross\n|-damage|p2a: Metagross|80/256\n|-heal|p1a: Vileplume|99/266|[from] drain|[of] p2a: Metagross\n|\n|-heal|p1a: Vileplume|115/266|[from] item: Leftovers\n|upkeep\n|turn|21\n|\n|t:|1771262925\n|move|p2a: Metagross|Psychic Fangs|p1a: Vileplume\n|-supereffective|p1a: Vileplume\n|-damage|p1a: Vileplume|0 fnt\n|faint|p1a: Vileplume\n|\n|upkeep\n|\n|t:|1771262934\n|switch|p1a: Coalossal|Coalossal, L89, F|341/341\n|turn|22\n|\n|t:|1771262944\n|-terastallize|p1a: Coalossal|Grass\n|move|p2a: Metagross|Earthquake|p1a: Coalossal\n|-resisted|p1a: Coalossal\n|-damage|p1a: Coalossal|313/341\n|move|p1a: Coalossal|Overheat|p2a: Metagross\n|-supereffective|p2a: Metagross\n|-damage|p2a: Metagross|0 fnt\n|-unboost|p1a: Coalossal|spa|2\n|faint|p2a: Metagross\n|\n|upkeep\n|\n|t:|1771262949\n|switch|p2a: Minun|Minun, L95, F|268/268\n|turn|23\n|\n|t:|1771262953\n|move|p2a: Minun|Encore|p1a: Coalossal\n|-start|p1a: Coalossal|Encore\n|move|p1a: Coalossal|Overheat|p2a: Minun\n|-damage|p2a: Minun|204/268\n|-unboost|p1a: Coalossal|spa|2\n|\n|upkeep\n|turn|24\n|\n|t:|1771262960\n|switch|p1a: Bellossom|Bellossom, L84, F|263/263\n|-activate|p1a: Bellossom|move: Sticky Web\n|-unboost|p1a: Bellossom|spe|1\n|move|p2a: Minun|Nasty Plot|p2a: Minun\n|-boost|p2a: Minun|spa|2\n|\n|upkeep\n|turn|25\n|\n|t:|1771262968\n|move|p2a: Minun|Nasty Plot|p2a: Minun\n|-boost|p2a: Minun|spa|2\n|move|p1a: Bellossom|Giga Drain|p2a: Minun\n|-damage|p2a: Minun|129/268\n|\n|upkeep\n|turn|26\n|\n|t:|1771262971\n|move|p2a: Minun|Thunderbolt|p1a: Bellossom\n|-resisted|p1a: Bellossom\n|-damage|p1a: Bellossom|76/263\n|-damage|p2a: Minun|103/268|[from] item: Life Orb\n|move|p1a: Bellossom|Giga Drain|p2a: Minun\n|-damage|p2a: Minun|28/268\n|-heal|p1a: Bellossom|114/263|[from] drain|[of] p2a: Minun\n|\n|-heal|p1a: Bellossom|130/263|[from] item: Leftovers\n|upkeep\n|turn|27\n|\n|t:|1771262984\n|move|p2a: Minun|Thunderbolt|p1a: Bellossom\n|-resisted|p1a: Bellossom\n|-damage|p1a: Bellossom|0 fnt\n|faint|p1a: Bellossom\n|-damage|p2a: Minun|2/268|[from] item: Life Orb\n|\n|upkeep\n|\n|t:|1771263000\n|switch|p1a: Zapdos|Zapdos, L78|42/268\n|turn|28\n|\n|t:|1771263005\n|move|p2a: Minun|Thunderbolt|p1a: Zapdos\n|-damage|p1a: Zapdos|0 fnt\n|faint|p1a: Zapdos\n|-damage|p2a: Minun|0 fnt|[from] item: Life Orb\n|faint|p2a: Minun\n|\n|upkeep\n|\n|t:|1771263016\n|switch|p2a: Rampardos|Rampardos, L90, F|321/321\n|switch|p1a: Coalossal|Coalossal, L89, F, tera:Grass|313/341\n|turn|29\n|\n|t:|1771263024\n|move|p2a: Rampardos|Fire Punch|p1a: Coalossal\n|-supereffective|p1a: Coalossal\n|-damage|p1a: Coalossal|137/341\n|move|p1a: Coalossal|Rapid Spin|p2a: Rampardos\n|-resisted|p2a: Rampardos\n|-damage|p2a: Rampardos|299/321\n|-boost|p1a: Coalossal|spe|1\n|-sideend|p1: Artorias1517|Sticky Web|[from] move: Rapid Spin|[of] p1a: Coalossal\n|\n|upkeep\n|turn|30\n|\n|t:|1771263035\n|switch|p2a: Inteleon|Inteleon, L81, M|246/246\n|switch|p1a: Bruxish|Bruxish, L85, M|220/254\n|\n|upkeep\n|turn|31\n|\n|t:|1771263047\n|move|p2a: Inteleon|U-turn|p1a: Bruxish\n|-supereffective|p1a: Bruxish\n|-damage|p1a: Bruxish|118/254\n|\n|t:|1771263049\n|switch|p2a: Araquanid|Araquanid, L82, M|66/246|[from] U-turn\n|move|p1a: Bruxish|Psychic Fangs|p2a: Araquanid\n|-damage|p2a: Araquanid|0 fnt\n|faint|p2a: Araquanid\n|\n|upkeep\n|\n|t:|1771263051\n|switch|p2a: Inteleon|Inteleon, L81, M|246/246\n|turn|32\n|\n|t:|1771263054\n|move|p2a: Inteleon|U-turn|p1a: Bruxish\n|-supereffective|p1a: Bruxish\n|-damage|p1a: Bruxish|22/254\n|\n|t:|1771263055\n|switch|p2a: Rampardos|Rampardos, L90, F|299/321|[from] U-turn\n|move|p1a: Bruxish|Psychic Fangs|p2a: Rampardos\n|-damage|p2a: Rampardos|25/321\n|\n|upkeep\n|turn|33\n|\n|t:|1771263064\n|move|p2a: Rampardos|Fire Punch|p1a: Bruxish\n|-resisted|p1a: Bruxish\n|-damage|p1a: Bruxish|0 fnt\n|faint|p1a: Bruxish\n|\n|upkeep\n|\n|t:|1771263068\n|switch|p1a: Coalossal|Coalossal, L89, F, tera:Grass|137/341\n|turn|34\n|\n|t:|1771263074\n|move|p2a: Rampardos|Fire Punch|p1a: Coalossal\n|-supereffective|p1a: Coalossal\n|-damage|p1a: Coalossal|0 fnt\n|faint|p1a: Coalossal\n|\n|win|Axtell\n|raw|Artorias1517's rating: 1768 &rarr; <strong>1751</strong><br />(-17 for losing)\n|raw|Axtell's rating: 1816 &rarr; <strong>1833</strong><br />(+17 for winning)\n|l|☆Artorias1517\n|player|p1|\n", "inputlog": ">version 686819e5e19f8a7fd2345cfc5a08a5085efa2cc3\n>start {\"formatid\":\"gen9randombattle\",\"seed\":\"sodium,71d94bc43d3b57465965b372229c8f56\",\"rated\":\"Rated battle\"}\n>player p1 {\"name\":\"Artorias1517\",\"avatar\":\"riley\",\"rating\":1768,\"seed\":\"sodium,55f3274e8cad0d3d332161302fe102ab\"}\n>player p2 {\"name\":\"Axtell\",\"avatar\":\"cynthia\",\"rating\":1816,\"seed\":\"sodium,86def684762dfca2b84938984b717540\"}\n>p1 switch 5\n>p2 move liquidation\n>p1 move leechseed\n>p2 move stickyweb\n>p1 move leechseed\n>p2 switch 3\n>p1 switch 2\n>p2 switch 3\n>p1 move knockoff\n>p2 move liquidation\n>p1 move morningsun\n>p2 move liquidation\n>p1 move morningsun\n>p2 switch 2\n>p1 switch 2\n>p2 move encore\n>p1 move leechseed\n>p2 switch 2\n>p1 move gigadrain\n>p2 switch 5\n>p1 switch 2\n>p2 move earthquake\n>p1 move knockoff\n>p2 move earthquake\n>p1 switch 3\n>p1 move thunderbolt\n>p2 move psychicfangs terastallize\n>p1 move hurricane\n>p2 move agility\n>p2 switch 2\n>p1 switch 2\n>p2 switch 3\n>p1 move sludgebomb\n>p2 move revivalblessing\n>p2 switch 2\n>p1 move leechseed\n>p2 move psychic\n>p1 switch 4\n>p2 move psychic\n>p1 move flipturn\n>p2 move bugbuzz\n>p1 switch 4\n>p2 switch 2\n>p1 move gigadrain\n>p2 move agility\n>p1 move strengthsap\n>p2 move psychicfangs\n>p1 switch 5\n>p1 move overheat terastallize\n>p2 move earthquake\n>p2 switch 3\n>p1 move rapidspin\n>p2 move encore\n>p1 switch 6\n>p2 move nastyplot\n>p1 move gigadrain\n>p2 move nastyplot\n>p1 move gigadrain\n>p2 move thunderbolt\n>p1 move gigadrain\n>p2 move thunderbolt\n>p1 switch 2\n>p1 move roost\n>p2 move thunderbolt\n>p1 switch 6\n>p2 switch 6\n>p1 move rapidspin\n>p2 move firepunch\n>p1 switch 4\n>p2 switch 4\n>p1 move psychicfangs\n>p2 move uturn\n>p2 switch 5\n>p2 switch 5\n>p1 move psychicfangs\n>p2 move uturn\n>p2 switch 4\n>p1 move psychicfangs\n>p2 move firepunch\n>p1 switch 4\n>p1 move stoneedge\n>p2 move firepunch", "uploadtime": 1771263077, "views": 3, "formatid": "gen9randombattle", "rating": 1751, "private": 0, "password": null}