{"id": "gen9randombattle-2540070045", "format": "[Gen 9] Random Battle", "players": ["LULRed", "mudkipz1100"], "log": "|j|☆LULRed\n|j|☆mudkipz1100\n|t:|1771156452\n|gametype|singles\n|player|p1|LULRed|hilda|1805\n|player|p2|mudkipz1100|265|1843\n|gen|9\n|tier|[Gen 9] Random Battle\n|rated|\n|rule|Species Clause: Limit one of each Pokémon\n|rule|HP Percentage Mod: HP is shown in percentages\n|rule|Sleep Clause Mod: Limit one foe put to sleep\n|rule|Illusion Level Mod: Illusion disguises the Pokémon's true level\n|\n|t:|1771156452\n|teamsize|p1|6\n|teamsize|p2|6\n|start\n|switch|p1a: Clefable|Clefable, L83, F|293/293\n|switch|p2a: Clefable|Clefable, L83, M|293/293\n|turn|1\n|inactive|Battle timer is ON: inactive players will automatically lose when time's up. (requested by LULRed)\n|\n|t:|1771156465\n|move|p1a: Clefable|Calm Mind|p1a: Clefable\n|-boost|p1a: Clefable|spa|1\n|-boost|p1a: Clefable|spd|1\n|move|p2a: Clefable|Knock Off|p1a: Clefable\n|-resisted|p1a: Clefable\n|-damage|p1a: Clefable|262/293\n|-enditem|p1a: Clefable|Leftovers|[from] move: Knock Off|[of] p2a: Clefable\n|\n|upkeep\n|turn|2\n|\n|t:|1771156471\n|switch|p2a: Salazzle|Salazzle, L83, F|249/249\n|move|p1a: Clefable|Calm Mind|p1a: Clefable\n|-boost|p1a: Clefable|spa|1\n|-boost|p1a: Clefable|spd|1\n|\n|upkeep\n|turn|3\n|\n|t:|1771156500\n|move|p2a: Salazzle|Toxic|p1a: Clefable\n|-status|p1a: Clefable|tox\n|move|p1a: Clefable|Fire Blast|p2a: Salazzle|[miss]\n|-miss|p1a: Clefable|p2a: Salazzle\n|\n|-damage|p1a: Clefable|244/293 tox|[from] psn\n|upkeep\n|turn|4\n|\n|t:|1771156506\n|move|p2a: Salazzle|Substitute|p2a: Salazzle\n|-start|p2a: Salazzle|Substitute\n|-damage|p2a: Salazzle|187/249\n|move|p1a: Clefable|Fire Blast|p2a: Salazzle\n|-resisted|p2a: Salazzle\n|-end|p2a: Salazzle|Substitute\n|\n|-heal|p2a: Salazzle|202/249|[from] item: Leftovers\n|-damage|p1a: Clefable|208/293 tox|[from] psn\n|upkeep\n|turn|5\n|\n|t:|1771156512\n|switch|p1a: Bombirdier|Bombirdier, L85, M|258/258\n|move|p2a: Salazzle|Substitute|p2a: Salazzle\n|-start|p2a: Salazzle|Substitute\n|-damage|p2a: Salazzle|140/249\n|\n|-heal|p2a: Salazzle|155/249|[from] item: Leftovers\n|upkeep\n|turn|6\n|\n|t:|1771156520\n|move|p2a: Salazzle|Protect|p2a: Salazzle\n|-singleturn|p2a: Salazzle|Protect\n|move|p1a: Bombirdier|U-turn|p2a: Salazzle\n|-activate|p2a: Salazzle|move: Protect\n|\n|-heal|p2a: Salazzle|170/249|[from] item: Leftovers\n|upkeep\n|turn|7\n|\n|t:|1771156528\n|move|p2a: Salazzle|Toxic|p1a: Bombirdier\n|-status|p1a: Bombirdier|tox\n|move|p1a: Bombirdier|U-turn|p2a: Salazzle\n|-resisted|p2a: Salazzle\n|-activate|p2a: Salazzle|move: Substitute|[damage]\n|\n|t:|1771156531\n|switch|p1a: Clefable|Clefable, L83, F|208/293 tox|[from] U-turn\n|\n|-heal|p2a: Salazzle|185/249|[from] item: Leftovers\n|-damage|p1a: Clefable|190/293 tox|[from] psn\n|upkeep\n|turn|8\n|\n|t:|1771156549\n|move|p2a: Salazzle|Flamethrower|p1a: Clefable\n|-damage|p1a: Clefable|82/293 tox\n|move|p1a: Clefable|Calm Mind|p1a: Clefable\n|-boost|p1a: Clefable|spa|1\n|-boost|p1a: Clefable|spd|1\n|\n|-heal|p2a: Salazzle|200/249|[from] item: Leftovers\n|-damage|p1a: Clefable|46/293 tox|[from] psn\n|upkeep\n|turn|9\n|\n|t:|1771156556\n|move|p2a: Salazzle|Protect|p2a: Salazzle\n|-singleturn|p2a: Salazzle|Protect\n|move|p1a: Clefable|Moonblast|p2a: Salazzle\n|-activate|p2a: Salazzle|move: Protect\n|\n|-heal|p2a: Salazzle|215/249|[from] item: Leftovers\n|-damage|p1a: Clefable|0 fnt|[from] psn\n|faint|p1a: Clefable\n|upkeep\n|\n|t:|1771156561\n|switch|p1a: Bombirdier|Bombirdier, L85, M|258/258 tox\n|turn|10\n|\n|t:|1771156565\n|move|p2a: Salazzle|Flamethrower|p1a: Bombirdier\n|-damage|p1a: Bombirdier|161/258 tox\n|move|p1a: Bombirdier|U-turn|p2a: Salazzle\n|-resisted|p2a: Salazzle\n|-activate|p2a: Salazzle|move: Substitute|[damage]\n|\n|t:|1771156575\n|switch|p1a: Honchkrow|Honchkrow, L86, M|312/312|[from] U-turn\n|\n|-heal|p2a: Salazzle|230/249|[from] item: Leftovers\n|upkeep\n|turn|11\n|\n|t:|1771156580\n|switch|p1a: Bombirdier|Bombirdier, L85, M|161/258 tox\n|move|p2a: Salazzle|Protect||[still]\n|-fail|p2a: Salazzle\n|\n|-heal|p2a: Salazzle|245/249|[from] item: Leftovers\n|-damage|p1a: Bombirdier|145/258 tox|[from] psn\n|upkeep\n|turn|12\n|\n|t:|1771156584\n|move|p2a: Salazzle|Protect|p2a: Salazzle\n|-singleturn|p2a: Salazzle|Protect\n|move|p1a: Bombirdier|U-turn|p2a: Salazzle\n|-activate|p2a: Salazzle|move: Protect\n|\n|-heal|p2a: Salazzle|249/249|[from] item: Leftovers\n|-damage|p1a: Bombirdier|113/258 tox|[from] psn\n|upkeep\n|turn|13\n|\n|t:|1771156592\n|move|p2a: Salazzle|Flamethrower|p1a: Bombirdier\n|-damage|p1a: Bombirdier|5/258 tox\n|move|p1a: Bombirdier|U-turn|p2a: Salazzle\n|-resisted|p2a: Salazzle\n|-end|p2a: Salazzle|Substitute\n|\n|t:|1771156594\n|switch|p1a: Barraskewda|Barraskewda, L81, F|231/231|[from] U-turn\n|\n|upkeep\n|turn|14\n|\n|t:|1771156599\n|move|p2a: Salazzle|Protect|p2a: Salazzle\n|-singleturn|p2a: Salazzle|Protect\n|move|p1a: Barraskewda|Flip Turn|p2a: Salazzle\n|-activate|p2a: Salazzle|move: Protect\n|\n|upkeep\n|turn|15\n|\n|t:|1771156604\n|switch|p2a: Tentacruel|Tentacruel, L84, F|272/272\n|move|p1a: Barraskewda|Flip Turn|p2a: Tentacruel\n|-resisted|p2a: Tentacruel\n|-damage|p2a: Tentacruel|206/272\n|\n|t:|1771156620\n|switch|p1a: Honchkrow|Honchkrow, L86, M|312/312|[from] Flip Turn\n|\n|-heal|p2a: Tentacruel|223/272|[from] item: Leftovers\n|upkeep\n|turn|16\n|\n|t:|1771156626\n|move|p2a: Tentacruel|Toxic|p1a: Honchkrow\n|-status|p1a: Honchkrow|tox\n|move|p1a: Honchkrow|Brave Bird|p2a: Tentacruel\n|-damage|p2a: Tentacruel|15/272\n|-damage|p1a: Honchkrow|243/312 tox|[from] Recoil\n|\n|-heal|p2a: Tentacruel|32/272|[from] item: Leftovers\n|-damage|p1a: Honchkrow|224/312 tox|[from] psn\n|upkeep\n|turn|17\n|\n|t:|1771156633\n|move|p2a: Tentacruel|Sludge Bomb|p1a: Honchkrow\n|-damage|p1a: Honchkrow|104/312 tox\n|move|p1a: Honchkrow|Brave Bird|p2a: Tentacruel\n|-damage|p2a: Tentacruel|0 fnt\n|faint|p2a: Tentacruel\n|-ability|p1a: Honchkrow|Moxie|boost\n|-boost|p1a: Honchkrow|atk|1\n|-damage|p1a: Honchkrow|93/312 tox|[from] Recoil\n|\n|-damage|p1a: Honchkrow|55/312 tox|[from] psn\n|upkeep\n|\n|t:|1771156638\n|switch|p2a: Salazzle|Salazzle, L83, F|249/249\n|turn|18\n|\n|t:|1771156641\n|move|p2a: Salazzle|Protect|p2a: Salazzle\n|-singleturn|p2a: Salazzle|Protect\n|move|p1a: Honchkrow|Sucker Punch||[still]\n|-fail|p1a: Honchkrow\n|\n|-damage|p1a: Honchkrow|0 fnt|[from] psn\n|faint|p1a: Honchkrow\n|upkeep\n|\n|t:|1771156643\n|switch|p1a: Barraskewda|Barraskewda, L81, F|231/231\n|turn|19\n|\n|t:|1771156650\n|switch|p2a: Hitmontop|Hitmontop, L88, M|231/231\n|move|p1a: Barraskewda|Flip Turn|p2a: Hitmontop\n|-damage|p2a: Hitmontop|132/231\n|\n|t:|1771156653\n|switch|p1a: Sylveon|Sylveon, L85, F|300/300|[from] Flip Turn\n|\n|-heal|p2a: Hitmontop|146/231|[from] item: Leftovers\n|upkeep\n|turn|20\n|\n|t:|1771156667\n|switch|p2a: Salazzle|Salazzle, L83, F|249/249\n|move|p1a: Sylveon|Hyper Voice|p2a: Salazzle\n|-resisted|p2a: Salazzle\n|-damage|p2a: Salazzle|205/249\n|\n|-heal|p2a: Salazzle|220/249|[from] item: Leftovers\n|upkeep\n|turn|21\n|\n|t:|1771156676\n|move|p2a: Salazzle|Substitute|p2a: Salazzle\n|-start|p2a: Salazzle|Substitute\n|-damage|p2a: Salazzle|158/249\n|move|p1a: Sylveon|Wish|p1a: Sylveon\n|\n|-heal|p2a: Salazzle|173/249|[from] item: Leftovers\n|upkeep\n|turn|22\n|\n|t:|1771156685\n|move|p2a: Salazzle|Flamethrower|p1a: Sylveon\n|-damage|p1a: Sylveon|218/300\n|move|p1a: Sylveon|Calm Mind|p1a: Sylveon\n|-boost|p1a: Sylveon|spa|1\n|-boost|p1a: Sylveon|spd|1\n|\n|-heal|p1a: Sylveon|300/300|[from] move: Wish|[wisher] Sylveon\n|-heal|p2a: Salazzle|188/249|[from] item: Leftovers\n|upkeep\n|turn|23\n|\n|t:|1771156691\n|move|p2a: Salazzle|Toxic|p1a: Sylveon\n|-status|p1a: Sylveon|tox\n|move|p1a: Sylveon|Calm Mind|p1a: Sylveon\n|-boost|p1a: Sylveon|spa|1\n|-boost|p1a: Sylveon|spd|1\n|\n|-heal|p2a: Salazzle|203/249|[from] item: Leftovers\n|-damage|p1a: Sylveon|282/300 tox|[from] psn\n|upkeep\n|turn|24\n|\n|t:|1771156695\n|move|p2a: Salazzle|Flamethrower|p1a: Sylveon\n|-damage|p1a: Sylveon|245/300 tox\n|move|p1a: Sylveon|Wish|p1a: Sylveon\n|\n|-heal|p2a: Salazzle|218/249|[from] item: Leftovers\n|-heal|p1a: Sylveon|263/300 tox|[from] item: Leftovers\n|-damage|p1a: Sylveon|227/300 tox|[from] psn\n|upkeep\n|turn|25\n|\n|t:|1771156700\n|move|p2a: Salazzle|Flamethrower|p1a: Sylveon\n|-damage|p1a: Sylveon|188/300 tox\n|move|p1a: Sylveon|Hyper Voice|p2a: Salazzle\n|-resisted|p2a: Salazzle\n|-damage|p2a: Salazzle|125/249\n|\n|-heal|p1a: Sylveon|300/300 tox|[from] move: Wish|[wisher] Sylveon\n|-heal|p2a: Salazzle|140/249|[from] item: Leftovers\n|-damage|p1a: Sylveon|246/300 tox|[from] psn\n|upkeep\n|turn|26\n|\n|t:|1771156706\n|move|p2a: Salazzle|Flamethrower|p1a: Sylveon\n|-damage|p1a: Sylveon|207/300 tox\n|move|p1a: Sylveon|Hyper Voice|p2a: Salazzle\n|-resisted|p2a: Salazzle\n|-damage|p2a: Salazzle|61/249\n|\n|-heal|p2a: Salazzle|76/249|[from] item: Leftovers\n|-heal|p1a: Sylveon|225/300 tox|[from] item: Leftovers\n|-damage|p1a: Sylveon|153/300 tox|[from] psn\n|upkeep\n|turn|27\n|\n|t:|1771156712\n|move|p2a: Salazzle|Flamethrower|p1a: Sylveon\n|-damage|p1a: Sylveon|111/300 tox\n|move|p1a: Sylveon|Wish|p1a: Sylveon\n|\n|-heal|p2a: Salazzle|91/249|[from] item: Leftovers\n|-heal|p1a: Sylveon|129/300 tox|[from] item: Leftovers\n|-damage|p1a: Sylveon|39/300 tox|[from] psn\n|upkeep\n|turn|28\n|\n|t:|1771156724\n|move|p2a: Salazzle|Protect|p2a: Salazzle\n|-singleturn|p2a: Salazzle|Protect\n|move|p1a: Sylveon|Protect||[still]\n|-fail|p1a: Sylveon\n|\n|-heal|p1a: Sylveon|189/300 tox|[from] move: Wish|[wisher] Sylveon\n|-heal|p2a: Salazzle|106/249|[from] item: Leftovers\n|-heal|p1a: Sylveon|207/300 tox|[from] item: Leftovers\n|-damage|p1a: Sylveon|99/300 tox|[from] psn\n|upkeep\n|turn|29\n|\n|t:|1771156730\n|move|p2a: Salazzle|Flamethrower|p1a: Sylveon\n|-damage|p1a: Sylveon|59/300 tox\n|move|p1a: Sylveon|Hyper Voice|p2a: Salazzle\n|-resisted|p2a: Salazzle\n|-damage|p2a: Salazzle|27/249\n|\n|-heal|p2a: Salazzle|42/249|[from] item: Leftovers\n|-heal|p1a: Sylveon|77/300 tox|[from] item: Leftovers\n|-damage|p1a: Sylveon|0 fnt|[from] psn\n|faint|p1a: Sylveon\n|upkeep\n|\n|t:|1771156736\n|switch|p1a: Bombirdier|Bombirdier, L85, M|5/258 tox\n|turn|30\n|\n|t:|1771156742\n|move|p2a: Salazzle|Protect|p2a: Salazzle\n|-singleturn|p2a: Salazzle|Protect\n|move|p1a: Bombirdier|U-turn|p2a: Salazzle\n|-activate|p2a: Salazzle|move: Protect\n|\n|-heal|p2a: Salazzle|57/249|[from] item: Leftovers\n|-damage|p1a: Bombirdier|0 fnt|[from] psn\n|faint|p1a: Bombirdier\n|upkeep\n|\n|t:|1771156746\n|switch|p1a: Barraskewda|Barraskewda, L81, F|231/231\n|turn|31\n|\n|t:|1771156751\n|move|p1a: Barraskewda|Flip Turn|p2a: Salazzle\n|-supereffective|p2a: Salazzle\n|-end|p2a: Salazzle|Substitute\n|\n|t:|1771156754\n|switch|p1a: Scizor|Scizor, L79, F|240/240|[from] Flip Turn\n|move|p2a: Salazzle|Substitute|p2a: Salazzle\n|-fail|p2a: Salazzle|move: Substitute|[weak]\n|\n|-heal|p2a: Salazzle|72/249|[from] item: Leftovers\n|upkeep\n|turn|32\n|\n|t:|1771156761\n|move|p2a: Salazzle|Flamethrower|p1a: Scizor\n|-supereffective|p1a: Scizor\n|-damage|p1a: Scizor|0 fnt\n|faint|p1a: Scizor\n|\n|-heal|p2a: Salazzle|87/249|[from] item: Leftovers\n|upkeep\n|\n|t:|1771156763\n|switch|p1a: Barraskewda|Barraskewda, L81, F|231/231\n|turn|33\n|\n|t:|1771156772\n|move|p2a: Salazzle|Protect|p2a: Salazzle\n|-singleturn|p2a: Salazzle|Protect\n|move|p1a: Barraskewda|Waterfall|p2a: Salazzle\n|-activate|p2a: Salazzle|move: Protect\n|\n|-heal|p2a: Salazzle|102/249|[from] item: Leftovers\n|upkeep\n|turn|34\n|\n|t:|1771156778\n|move|p1a: Barraskewda|Waterfall|p2a: Salazzle\n|-supereffective|p2a: Salazzle\n|-damage|p2a: Salazzle|0 fnt\n|faint|p2a: Salazzle\n|\n|upkeep\n|\n|t:|1771156780\n|switch|p2a: Clefable|Clefable, L83, M|293/293\n|turn|35\n|\n|t:|1771156783\n|move|p1a: Barraskewda|Waterfall|p2a: Clefable\n|-damage|p2a: Clefable|122/293\n|move|p2a: Clefable|Moonblast|p1a: Barraskewda\n|-damage|p1a: Barraskewda|87/231\n|-unboost|p1a: Barraskewda|spa|1\n|\n|-heal|p2a: Clefable|140/293|[from] item: Leftovers\n|upkeep\n|turn|36\n|\n|t:|1771156788\n|move|p1a: Barraskewda|Waterfall|p2a: Clefable\n|-damage|p2a: Clefable|0 fnt\n|faint|p2a: Clefable\n|\n|upkeep\n|\n|t:|1771156791\n|switch|p2a: Zangoose|Zangoose, L85, M|263/263\n|turn|37\n|\n|t:|1771156797\n|-terastallize|p2a: Zangoose|Normal\n|move|p2a: Zangoose|Quick Attack|p1a: Barraskewda\n|-damage|p1a: Barraskewda|0 fnt\n|faint|p1a: Barraskewda\n|\n|win|mudkipz1100\n|raw|LULRed's rating: 1805 &rarr; <strong>1787</strong><br />(-18 for losing)\n|raw|mudkipz1100's rating: 1843 &rarr; <strong>1861</strong><br />(+18 for winning)\n|l|☆LULRed\n|player|p1|\n", "inputlog": ">version 686819e5e19f8a7fd2345cfc5a08a5085efa2cc3\n>start {\"formatid\":\"gen9randombattle\",\"seed\":\"sodium,3d04719014f3acac0dd1d19784f1f026\",\"rated\":\"Rated battle\"}\n>player p1 {\"name\":\"LULRed\",\"avatar\":\"hilda\",\"rating\":1805,\"seed\":\"sodium,aa2a9354457d4d83691f880be9094a61\"}\n>player p2 {\"name\":\"mudkipz1100\",\"avatar\":\"265\",\"rating\":1843,\"seed\":\"sodium,b1ec40210598495bfd3d9d458fdaa33e\"}\n>p1 move calmmind\n>p2 move knockoff\n>p1 move calmmind\n>p2 switch 3\n>p1 move fireblast\n>p2 move toxic\n>p1 move fireblast\n>p2 move substitute\n>p1 switch 2\n>p2 move substitute\n>p1 move uturn\n>p2 move protect\n>p1 move uturn\n>p2 move toxic\n>p1 switch 2\n>p1 move calmmind\n>p2 move flamethrower\n>p1 move moonblast\n>p2 move protect\n>p1 switch 2\n>p1 move uturn\n>p2 move flamethrower\n>p1 switch 5\n>p1 switch 5\n>p2 move protect\n>p1 move uturn\n>p2 move protect\n>p1 move uturn\n>p2 move flamethrower\n>p1 switch 4\n>p1 move flipturn\n>p2 move protect\n>p1 move flipturn\n>p2 switch 5\n>p1 switch 5\n>p1 move bravebird\n>p2 move toxic\n>p1 move bravebird\n>p2 move sludgebomb\n>p2 switch 5\n>p1 move suckerpunch\n>p2 move protect\n>p1 switch 5\n>p1 move flipturn\n>p2 switch 4\n>p1 switch 3\n>p1 move hypervoice\n>p2 switch 4\n>p1 move wish\n>p2 move substitute\n>p1 move calmmind\n>p2 move flamethrower\n>p1 move calmmind\n>p2 move toxic\n>p1 move wish\n>p2 move flamethrower\n>p1 move hypervoice\n>p2 move flamethrower\n>p1 move hypervoice\n>p2 move flamethrower\n>p1 move wish\n>p2 move flamethrower\n>p1 move protect\n>p2 move protect\n>p1 move hypervoice\n>p2 move flamethrower\n>p1 switch 4\n>p1 move uturn\n>p2 move protect\n>p1 switch 3\n>p1 move flipturn\n>p2 move substitute\n>p1 switch 6\n>p1 move closecombat\n>p2 move flamethrower\n>p1 switch 6\n>p1 move waterfall\n>p2 move protect\n>p1 move waterfall\n>p2 move toxic\n>p2 switch 3\n>p1 move waterfall\n>p2 move moonblast\n>p1 move waterfall\n>p2 move moonblast\n>p2 switch 6\n>p1 move waterfall\n>p2 move quickattack terastallize", "uploadtime": 1771156802, "views": 19, "formatid": "gen9randombattle", "rating": 1787, "private": 0, "password": null}