{"id": "gen9randombattle-2540846236", "format": "[Gen 9] Random Battle", "players": ["mogun", "Axtell"], "log": "|j|☆mogun\n|j|☆Axtell\n|t:|1771260052\n|gametype|singles\n|player|p1|mogun|170|1770\n|player|p2|Axtell|cynthia|1798\n|gen|9\n|tier|[Gen 9] Random Battle\n|rated|\n|rule|Species Clause: Limit one of each Pokémon\n|rule|HP Percentage Mod: HP is shown in percentages\n|rule|Sleep Clause Mod: Limit one foe put to sleep\n|rule|Illusion Level Mod: Illusion disguises the Pokémon's true level\n|\n|t:|1771260052\n|teamsize|p1|6\n|teamsize|p2|6\n|start\n|switch|p1a: Magmortar|Magmortar, L88, F|275/275\n|switch|p2a: Chesnaught|Chesnaught, L84, F|285/285\n|turn|1\n|inactive|Battle timer is ON: inactive players will automatically lose when time's up. (requested by Axtell)\n|inactive|mogun has 120 seconds left.\n|\n|t:|1771260088\n|switch|p2a: Toxapex|Toxapex, L82, F|216/216\n|move|p1a: Magmortar|Fire Blast|p2a: Toxapex|[miss]\n|-miss|p1a: Magmortar|p2a: Toxapex\n|\n|upkeep\n|turn|2\n|\n|t:|1771260099\n|switch|p1a: Amoonguss|Amoonguss, L82, F|321/321\n|move|p2a: Toxapex|Toxic Spikes|p1a: Amoonguss\n|-sidestart|p1: mogun|move: Toxic Spikes\n|\n|upkeep\n|turn|3\n|\n|t:|1771260104\n|move|p2a: Toxapex|Toxic Spikes|p1a: Amoonguss\n|-sidestart|p1: mogun|move: Toxic Spikes\n|move|p1a: Amoonguss|Spore|p2a: Toxapex\n|-status|p2a: Toxapex|slp|[from] move: Spore\n|\n|upkeep\n|turn|4\n|inactive|mogun has 120 seconds left.\n|\n|t:|1771260138\n|switch|p1a: Chimecho|Chimecho, L93, M|290/290\n|cant|p2a: Toxapex|slp\n|\n|upkeep\n|turn|5\n|\n|t:|1771260148\n|move|p1a: Chimecho|Psychic Noise|p2a: Toxapex\n|-supereffective|p2a: Toxapex\n|-damage|p2a: Toxapex|70/216 slp\n|-start|p2a: Toxapex|move: Heal Block\n|-curestatus|p2a: Toxapex|slp|[msg]\n|move|p2a: Toxapex|Liquidation|p1a: Chimecho\n|-damage|p1a: Chimecho|232/290\n|\n|-heal|p1a: Chimecho|250/290|[from] item: Leftovers\n|upkeep\n|turn|6\n|\n|t:|1771260158\n|switch|p2a: Bastiodon|Bastiodon, L89, F|252/252\n|move|p1a: Chimecho|Psychic Noise|p2a: Bastiodon\n|-immune|p2a: Bastiodon|[from] ability: Soundproof\n|\n|-heal|p1a: Chimecho|268/290|[from] item: Leftovers\n|upkeep\n|turn|7\n|\n|t:|1771260167\n|switch|p1a: Amoonguss|Amoonguss, L82, F|321/321\n|-sideend|p1: mogun|move: Toxic Spikes|[of] p1a: Amoonguss\n|move|p2a: Bastiodon|Iron Defense|p2a: Bastiodon\n|-boost|p2a: Bastiodon|def|2\n|\n|upkeep\n|turn|8\n|\n|t:|1771260173\n|move|p2a: Bastiodon|Iron Defense|p2a: Bastiodon\n|-boost|p2a: Bastiodon|def|2\n|move|p1a: Amoonguss|Spore|p2a: Bastiodon\n|-status|p2a: Bastiodon|slp|[from] move: Spore\n|-enditem|p2a: Bastiodon|Chesto Berry|[eat]\n|-curestatus|p2a: Bastiodon|slp|[msg]\n|\n|upkeep\n|turn|9\n|\n|t:|1771260180\n|move|p2a: Bastiodon|Iron Defense|p2a: Bastiodon\n|-boost|p2a: Bastiodon|def|2\n|move|p1a: Amoonguss|Clear Smog|p2a: Bastiodon\n|-immune|p2a: Bastiodon\n|\n|upkeep\n|turn|10\n|\n|t:|1771260186\n|move|p2a: Bastiodon|Body Press|p1a: Amoonguss\n|-resisted|p1a: Amoonguss\n|-damage|p1a: Amoonguss|65/321\n|move|p1a: Amoonguss|Spore|p2a: Bastiodon\n|-status|p2a: Bastiodon|slp|[from] move: Spore\n|\n|-heal|p1a: Amoonguss|85/321|[from] item: Leftovers\n|upkeep\n|turn|11\n|\n|t:|1771260198\n|switch|p1a: Jolteon|Jolteon, L84, M|246/246\n|cant|p2a: Bastiodon|slp\n|\n|upkeep\n|turn|12\n|\n|t:|1771260203\n|move|p1a: Jolteon|Thunderbolt|p2a: Bastiodon\n|-damage|p2a: Bastiodon|138/252 slp\n|cant|p2a: Bastiodon|slp\n|\n|upkeep\n|turn|13\n|\n|t:|1771260208\n|move|p1a: Jolteon|Thunderbolt|p2a: Bastiodon\n|-damage|p2a: Bastiodon|35/252 slp\n|-curestatus|p2a: Bastiodon|slp|[msg]\n|move|p2a: Bastiodon|Body Press|p1a: Jolteon\n|-damage|p1a: Jolteon|0 fnt\n|faint|p1a: Jolteon\n|\n|upkeep\n|\n|t:|1771260227\n|switch|p1a: Chi-Yu|Chi-Yu, L77|211/211\n|-ability|p1a: Chi-Yu|Beads of Ruin\n|turn|14\n|\n|t:|1771260239\n|-terastallize|p2a: Bastiodon|Fighting\n|move|p1a: Chi-Yu|Dark Pulse|p2a: Bastiodon\n|-resisted|p2a: Bastiodon\n|-damage|p2a: Bastiodon|0 fnt\n|faint|p2a: Bastiodon\n|\n|upkeep\n|\n|t:|1771260246\n|switch|p2a: Squawkabilly|Squawkabilly-White, L89, M|291/291\n|turn|15\n|\n|t:|1771260254\n|move|p1a: Chi-Yu|Dark Pulse|p2a: Squawkabilly\n|-damage|p2a: Squawkabilly|135/291\n|move|p2a: Squawkabilly|Brave Bird|p1a: Chi-Yu\n|-crit|p1a: Chi-Yu\n|-damage|p1a: Chi-Yu|0 fnt\n|faint|p1a: Chi-Yu\n|-damage|p2a: Squawkabilly|65/291|[from] Recoil\n|\n|upkeep\n|\n|t:|1771260272\n|switch|p1a: Chimecho|Chimecho, L93, M|268/290\n|turn|16\n|\n|t:|1771260276\n|move|p2a: Squawkabilly|Brave Bird|p1a: Chimecho\n|-crit|p1a: Chimecho\n|-damage|p1a: Chimecho|0 fnt\n|faint|p1a: Chimecho\n|-damage|p2a: Squawkabilly|0 fnt|[from] Recoil\n|faint|p2a: Squawkabilly\n|\n|upkeep\n|\n|t:|1771260284\n|switch|p2a: Masquerain|Masquerain, L87, F|264/264\n|switch|p1a: Amoonguss|Amoonguss, L82, F|192/321\n|-ability|p2a: Masquerain|Intimidate|boost\n|-unboost|p1a: Amoonguss|atk|1\n|turn|17\n|\n|t:|1771260296\n|switch|p1a: Magmortar|Magmortar, L88, F|275/275\n|move|p2a: Masquerain|Hurricane|p1a: Magmortar\n|-damage|p1a: Magmortar|160/275\n|\n|upkeep\n|turn|18\n|\n|t:|1771260303\n|move|p1a: Magmortar|Thunderbolt|p2a: Masquerain\n|-supereffective|p2a: Masquerain\n|-damage|p2a: Masquerain|92/264\n|move|p2a: Masquerain|Hydro Pump|p1a: Magmortar\n|-supereffective|p1a: Magmortar\n|-damage|p1a: Magmortar|14/275\n|\n|upkeep\n|turn|19\n|\n|t:|1771260311\n|switch|p2a: Vigoroth|Vigoroth, L85, F|275/275\n|move|p1a: Magmortar|Knock Off|p2a: Vigoroth\n|-damage|p2a: Vigoroth|222/275\n|-enditem|p2a: Vigoroth|Eviolite|[from] move: Knock Off|[of] p1a: Magmortar\n|\n|upkeep\n|turn|20\n|\n|t:|1771260318\n|move|p2a: Vigoroth|Knock Off|p1a: Magmortar\n|-damage|p1a: Magmortar|0 fnt\n|-status|p2a: Vigoroth|brn|[from] ability: Flame Body|[of] p1a: Magmortar\n|-enditem|p1a: Magmortar|Heavy-Duty Boots|[from] move: Knock Off|[of] p2a: Vigoroth\n|faint|p1a: Magmortar\n|\n|-damage|p2a: Vigoroth|205/275 brn|[from] brn\n|upkeep\n|inactive|mogun has 120 seconds left.\n|\n|t:|1771260349\n|switch|p1a: Amoonguss|Amoonguss, L82, F|299/321\n|turn|21\n|\n|t:|1771260356\n|move|p2a: Vigoroth|Knock Off|p1a: Amoonguss\n|-damage|p1a: Amoonguss|261/321\n|-enditem|p1a: Amoonguss|Leftovers|[from] move: Knock Off|[of] p2a: Vigoroth\n|move|p1a: Amoonguss|Sludge Bomb|p2a: Vigoroth\n|-damage|p2a: Vigoroth|91/275 brn\n|\n|-damage|p2a: Vigoroth|74/275 brn|[from] brn\n|upkeep\n|turn|22\n|\n|t:|1771260363\n|switch|p2a: Toxapex|Toxapex, L82, F|142/216\n|move|p1a: Amoonguss|Giga Drain|p2a: Toxapex\n|-damage|p2a: Toxapex|94/216\n|-heal|p1a: Amoonguss|285/321|[from] drain|[of] p2a: Toxapex\n|\n|-heal|p2a: Toxapex|107/216|[from] item: Leftovers\n|upkeep\n|turn|23\n|\n|t:|1771260377\n|switch|p2a: Chesnaught|Chesnaught, L84, F|285/285\n|move|p1a: Amoonguss|Spore|p2a: Chesnaught\n|-immune|p2a: Chesnaught\n|\n|upkeep\n|turn|24\n|\n|t:|1771260385\n|move|p2a: Chesnaught|Iron Defense|p2a: Chesnaught\n|-boost|p2a: Chesnaught|def|2\n|move|p1a: Amoonguss|Sludge Bomb|p2a: Chesnaught\n|-immune|p2a: Chesnaught|[from] ability: Bulletproof\n|\n|upkeep\n|turn|25\n|\n|t:|1771260391\n|switch|p1a: Toucannon|Toucannon, L88, M|284/284\n|move|p2a: Chesnaught|Iron Defense|p2a: Chesnaught\n|-boost|p2a: Chesnaught|def|2\n|\n|upkeep\n|turn|26\n|\n|t:|1771260398\n|-singleturn|p1a: Toucannon|move: Beak Blast\n|move|p2a: Chesnaught|Iron Defense|p2a: Chesnaught\n|-boost|p2a: Chesnaught|def|2\n|move|p1a: Toucannon|Beak Blast|p2a: Chesnaught\n|-immune|p2a: Chesnaught|[from] ability: Bulletproof\n|\n|upkeep\n|turn|27\n|\n|t:|1771260406\n|move|p2a: Chesnaught|Body Press|p1a: Toucannon\n|-damage|p1a: Toucannon|0 fnt\n|faint|p1a: Toucannon\n|\n|upkeep\n|-message|mogun forfeited.\n|\n|win|Axtell\n|raw|mogun's rating: 1770 &rarr; <strong>1752</strong><br />(-18 for losing)\n|raw|Axtell's rating: 1798 &rarr; <strong>1816</strong><br />(+18 for winning)\n", "inputlog": ">version 686819e5e19f8a7fd2345cfc5a08a5085efa2cc3\n>start {\"formatid\":\"gen9randombattle\",\"seed\":\"sodium,27704f80ba4e0b216fdf651a55fa051b\",\"rated\":\"Rated battle\"}\n>player p1 {\"name\":\"mogun\",\"avatar\":\"170\",\"rating\":1770,\"seed\":\"sodium,42815f983486f5c97bb92130845fe870\"}\n>player p2 {\"name\":\"Axtell\",\"avatar\":\"cynthia\",\"rating\":1798,\"seed\":\"sodium,3f2a767156fd221daf484a17df6a4137\"}\n>p1 move fireblast\n>p2 switch 4\n>p1 switch 6\n>p2 move toxicspikes\n>p1 move spore\n>p2 move toxicspikes\n>p1 switch 5\n>p2 move liquidation\n>p1 move psychicnoise\n>p2 move liquidation\n>p1 move psychicnoise\n>p2 switch 6\n>p1 switch 5\n>p2 move irondefense\n>p1 move spore\n>p2 move irondefense\n>p1 move clearsmog\n>p2 move irondefense\n>p1 move spore\n>p2 move bodypress\n>p1 switch 4\n>p2 move bodypress\n>p1 move thunderbolt\n>p2 move bodypress\n>p1 move thunderbolt\n>p2 move bodypress\n>p1 switch 3\n>p1 move darkpulse\n>p2 move rest terastallize\n>p2 switch 2\n>p1 move darkpulse\n>p2 move bravebird\n>p1 switch 5\n>p1 move recover\n>p2 move bravebird\n>p1 switch 4\n>p2 switch 5\n>p1 switch 6\n>p2 move hurricane\n>p1 move thunderbolt\n>p2 move hydropump\n>p1 move knockoff\n>p2 switch 3\n>p1 move fireblast\n>p2 move knockoff\n>p1 switch 6\n>p1 move sludgebomb\n>p2 move knockoff\n>p1 move gigadrain\n>p2 switch 6\n>p1 move spore\n>p2 switch 4\n>p1 move sludgebomb\n>p2 move irondefense\n>p1 switch 2\n>p2 move irondefense\n>p1 move beakblast\n>p2 move irondefense\n>p1 move boomburst\n>p2 move bodypress\n>forcelose p1", "uploadtime": 1771260417, "views": 5, "formatid": "gen9randombattle", "rating": 1752, "private": 0, "password": null}