{"id": "gen9randombattle-2540258865", "format": "[Gen 9] Random Battle", "players": ["udlma", "Mooingwolf"], "log": "|j|☆udlma\n|j|☆Mooingwolf\n|t:|1771181696\n|gametype|singles\n|player|p1|udlma|linebacker|1562\n|player|p2|Mooingwolf|169|1559\n|gen|9\n|tier|[Gen 9] Random Battle\n|rated|\n|rule|Species Clause: Limit one of each Pokémon\n|rule|HP Percentage Mod: HP is shown in percentages\n|rule|Sleep Clause Mod: Limit one foe put to sleep\n|rule|Illusion Level Mod: Illusion disguises the Pokémon's true level\n|\n|t:|1771181696\n|teamsize|p1|6\n|teamsize|p2|6\n|start\n|switch|p1a: Arcanine|Arcanine, L84, M|288/288\n|switch|p2a: Weezing|Weezing, L88, F|258/258\n|-ability|p1a: Arcanine|Intimidate|boost\n|-unboost|p2a: Weezing|atk|1\n|turn|1\n|inactive|Battle timer is ON: inactive players will automatically lose when time's up. (requested by Mooingwolf)\n|\n|t:|1771181714\n|switch|p1a: Meloetta|Meloetta, L82|298/298\n|switch|p2a: Vaporeon|Vaporeon, L86, F|364/364\n|\n|upkeep\n|turn|2\n|inactive|udlma has 120 seconds left.\n|\n|t:|1771181746\n|switch|p2a: Honchkrow|Honchkrow, L86, F|312/312\n|move|p1a: Meloetta|Calm Mind|p1a: Meloetta\n|-boost|p1a: Meloetta|spa|1\n|-boost|p1a: Meloetta|spd|1\n|\n|upkeep\n|turn|3\n|\n|t:|1771181755\n|move|p1a: Meloetta|Calm Mind|p1a: Meloetta\n|-boost|p1a: Meloetta|spa|1\n|-boost|p1a: Meloetta|spd|1\n|move|p2a: Honchkrow|U-turn|p1a: Meloetta\n|-supereffective|p1a: Meloetta\n|-damage|p1a: Meloetta|146/298\n|\n|t:|1771181769\n|switch|p2a: Comfey|Comfey, L85, F|225/225|[from] U-turn\n|\n|upkeep\n|turn|4\n|inactive|udlma has 120 seconds left.\n|inactive|udlma has 90 seconds left.\n|\n|t:|1771181837\n|move|p2a: Comfey|Encore|p1a: Meloetta\n|-start|p1a: Meloetta|Encore\n|move|p1a: Meloetta|Calm Mind|p1a: Meloetta\n|-boost|p1a: Meloetta|spa|1\n|-boost|p1a: Meloetta|spd|1\n|\n|upkeep\n|turn|5\n|\n|t:|1771181846\n|switch|p2a: Honchkrow|Honchkrow, L86, F|312/312\n|move|p1a: Meloetta|Calm Mind|p1a: Meloetta\n|-boost|p1a: Meloetta|spa|1\n|-boost|p1a: Meloetta|spd|1\n|\n|upkeep\n|turn|6\n|\n|t:|1771181860\n|switch|p1a: Arcanine|Arcanine, L84, M|288/288\n|-ability|p1a: Arcanine|Intimidate|boost\n|-unboost|p2a: Honchkrow|atk|1\n|move|p2a: Honchkrow|Brave Bird|p1a: Arcanine\n|-damage|p1a: Arcanine|162/288\n|-damage|p2a: Honchkrow|270/312|[from] Recoil\n|\n|upkeep\n|turn|7\n|\n|t:|1771181876\n|move|p1a: Arcanine|Morning Sun|p1a: Arcanine\n|-heal|p1a: Arcanine|288/288\n|move|p2a: Honchkrow|U-turn|p1a: Arcanine\n|-resisted|p1a: Arcanine\n|-damage|p1a: Arcanine|267/288\n|\n|t:|1771181883\n|switch|p2a: Vaporeon|Vaporeon, L86, F|364/364|[from] U-turn\n|\n|upkeep\n|turn|8\n|inactive|udlma has 90 seconds left.\n|inactive|udlma has 60 seconds left.\n|\n|t:|1771181941\n|switch|p1a: Zekrom|Zekrom, L71|259/259\n|-ability|p1a: Zekrom|Teravolt\n|move|p2a: Vaporeon|Wish|p2a: Vaporeon\n|\n|upkeep\n|turn|9\n|\n|t:|1771181953\n|switch|p2a: Weezing|Weezing, L88, F|258/258\n|move|p1a: Zekrom|Dragon Dance|p1a: Zekrom\n|-boost|p1a: Zekrom|atk|1\n|-boost|p1a: Zekrom|spe|1\n|\n|upkeep\n|turn|10\n|inactive|udlma has 60 seconds left.\n|\n|t:|1771181967\n|move|p1a: Zekrom|Substitute|p1a: Zekrom\n|-start|p1a: Zekrom|Substitute\n|-damage|p1a: Zekrom|195/259\n|move|p2a: Weezing|Will-O-Wisp||[still]\n|-fail|p2a: Weezing\n|\n|-heal|p1a: Zekrom|211/259|[from] item: Leftovers\n|upkeep\n|turn|11\n|\n|t:|1771181971\n|move|p1a: Zekrom|Dragon Dance|p1a: Zekrom\n|-boost|p1a: Zekrom|atk|1\n|-boost|p1a: Zekrom|spe|1\n|move|p2a: Weezing|Gunk Shot|p1a: Zekrom|[miss]\n|-miss|p2a: Weezing|p1a: Zekrom\n|\n|-heal|p1a: Zekrom|227/259|[from] item: Leftovers\n|upkeep\n|turn|12\n|\n|t:|1771181975\n|move|p1a: Zekrom|Dragon Dance|p1a: Zekrom\n|-boost|p1a: Zekrom|atk|1\n|-boost|p1a: Zekrom|spe|1\n|move|p2a: Weezing|Gunk Shot|p1a: Zekrom\n|-end|p1a: Zekrom|Substitute\n|\n|-heal|p1a: Zekrom|243/259|[from] item: Leftovers\n|upkeep\n|turn|13\n|\n|t:|1771181982\n|move|p1a: Zekrom|Bolt Strike|p2a: Weezing\n|-damage|p2a: Weezing|0 fnt\n|faint|p2a: Weezing\n|\n|-heal|p1a: Zekrom|259/259|[from] item: Leftovers\n|upkeep\n|\n|t:|1771181987\n|switch|p2a: Sandslash|Sandslash-Alola, L88, F|275/275\n|turn|14\n|inactive|udlma has 90 seconds left.\n|\n|t:|1771182008\n|-terastallize|p2a: Sandslash|Ground\n|move|p1a: Zekrom|Bolt Strike|p2a: Sandslash\n|-immune|p2a: Sandslash\n|move|p2a: Sandslash|Earthquake|p1a: Zekrom\n|-supereffective|p1a: Zekrom\n|-damage|p1a: Zekrom|55/259\n|\n|-heal|p1a: Zekrom|71/259|[from] item: Leftovers\n|upkeep\n|turn|15\n|inactive|udlma has 90 seconds left.\n|\n|t:|1771182019\n|move|p1a: Zekrom|Outrage|p2a: Sandslash\n|-damage|p2a: Sandslash|43/275\n|move|p2a: Sandslash|Earthquake|p1a: Zekrom\n|-supereffective|p1a: Zekrom\n|-damage|p1a: Zekrom|0 fnt\n|faint|p1a: Zekrom\n|\n|-heal|p2a: Sandslash|60/275|[from] item: Leftovers\n|upkeep\n|\n|t:|1771182029\n|switch|p1a: Arcanine|Arcanine, L84, M|267/288\n|-ability|p1a: Arcanine|Intimidate|boost\n|-unboost|p2a: Sandslash|atk|1\n|turn|16\n|\n|t:|1771182035\n|switch|p2a: Vaporeon|Vaporeon, L86, F|364/364\n|move|p1a: Arcanine|Extreme Speed|p2a: Vaporeon\n|-damage|p2a: Vaporeon|282/364\n|\n|-heal|p2a: Vaporeon|304/364|[from] item: Leftovers\n|upkeep\n|turn|17\n|inactive|udlma has 90 seconds left.\n|inactive|udlma has 60 seconds left.\n|inactive|udlma has 30 seconds left.\n|\n|t:|1771182110\n|switch|p1a: Whimsicott|Whimsicott, L84, F|238/238\n|move|p2a: Vaporeon|Wish|p2a: Vaporeon\n|\n|-heal|p2a: Vaporeon|326/364|[from] item: Leftovers\n|upkeep\n|turn|18\n|\n|t:|1771182123\n|switch|p2a: Arceus|Arceus-Fire, L72|291/291\n|move|p1a: Whimsicott|Substitute|p1a: Whimsicott\n|-start|p1a: Whimsicott|Substitute\n|-damage|p1a: Whimsicott|179/238\n|\n|-heal|p1a: Whimsicott|193/238|[from] item: Leftovers\n|upkeep\n|turn|19\n|\n|t:|1771182132\n|move|p1a: Whimsicott|Leech Seed|p2a: Arceus\n|-start|p2a: Arceus|move: Leech Seed\n|move|p2a: Arceus|Judgment|p1a: Whimsicott\n|-supereffective|p1a: Whimsicott\n|-end|p1a: Whimsicott|Substitute\n|\n|-heal|p1a: Whimsicott|207/238|[from] item: Leftovers\n|-damage|p2a: Arceus|255/291|[from] Leech Seed|[of] p1a: Whimsicott\n|-heal|p1a: Whimsicott|238/238|[silent]\n|upkeep\n|turn|20\n|\n|t:|1771182147\n|switch|p2a: Vaporeon|Vaporeon, L86, F|326/364\n|move|p1a: Whimsicott|Substitute|p1a: Whimsicott\n|-start|p1a: Whimsicott|Substitute\n|-damage|p1a: Whimsicott|179/238\n|\n|-heal|p1a: Whimsicott|193/238|[from] item: Leftovers\n|-heal|p2a: Vaporeon|348/364|[from] item: Leftovers\n|upkeep\n|turn|21\n|\n|t:|1771182152\n|move|p1a: Whimsicott|Leech Seed|p2a: Vaporeon\n|-start|p2a: Vaporeon|move: Leech Seed\n|move|p2a: Vaporeon|Wish|p2a: Vaporeon\n|\n|-heal|p1a: Whimsicott|207/238|[from] item: Leftovers\n|-heal|p2a: Vaporeon|364/364|[from] item: Leftovers\n|-damage|p2a: Vaporeon|319/364|[from] Leech Seed|[of] p1a: Whimsicott\n|-heal|p1a: Whimsicott|238/238|[silent]\n|upkeep\n|turn|22\n|inactive|udlma has 60 seconds left.\n|inactive|udlma has 30 seconds left.\n|\n|t:|1771182197\n|move|p2a: Vaporeon|Protect|p2a: Vaporeon\n|-singleturn|p2a: Vaporeon|Protect\n|move|p1a: Whimsicott|Moonblast|p2a: Vaporeon\n|-activate|p2a: Vaporeon|move: Protect\n|\n|-heal|p2a: Vaporeon|364/364|[from] move: Wish|[wisher] Vaporeon\n|-damage|p2a: Vaporeon|319/364|[from] Leech Seed|[of] p1a: Whimsicott\n|upkeep\n|turn|23\n|\n|t:|1771182205\n|move|p1a: Whimsicott|Encore|p2a: Vaporeon\n|-start|p2a: Vaporeon|Encore\n|move|p2a: Vaporeon|Protect||[still]\n|-fail|p2a: Vaporeon\n|\n|-heal|p2a: Vaporeon|341/364|[from] item: Leftovers\n|-damage|p2a: Vaporeon|296/364|[from] Leech Seed|[of] p1a: Whimsicott\n|upkeep\n|turn|24\n|\n|t:|1771182214\n|switch|p2a: Comfey|Comfey, L85, F|225/225\n|move|p1a: Whimsicott|Moonblast|p2a: Comfey\n|-damage|p2a: Comfey|152/225\n|-unboost|p2a: Comfey|spa|1\n|\n|-heal|p2a: Comfey|166/225|[from] item: Leftovers\n|upkeep\n|turn|25\n|inactive|udlma has 30 seconds left.\n|inactive|udlma has 20 seconds left.\n|\n|t:|1771182247\n|move|p2a: Comfey|Draining Kiss|p1a: Whimsicott\n|-activate|p1a: Whimsicott|move: Substitute|[damage]\n|-heal|p2a: Comfey|192/225|[from] drain|[of] p1a: Whimsicott\n|move|p1a: Whimsicott|Leech Seed|p2a: Comfey\n|-start|p2a: Comfey|move: Leech Seed\n|\n|-heal|p2a: Comfey|206/225|[from] item: Leftovers\n|-damage|p2a: Comfey|178/225|[from] Leech Seed|[of] p1a: Whimsicott\n|upkeep\n|turn|26\n|inactive|udlma has 30 seconds left this turn.\n|inactive|udlma has 20 seconds left.\n|inactive|udlma has 15 seconds left.\n|\n|t:|1771182263\n|move|p2a: Comfey|Draining Kiss|p1a: Whimsicott\n|-end|p1a: Whimsicott|Substitute\n|-heal|p2a: Comfey|197/225|[from] drain|[of] p1a: Whimsicott\n|move|p1a: Whimsicott|Substitute|p1a: Whimsicott\n|-start|p1a: Whimsicott|Substitute\n|-damage|p1a: Whimsicott|179/238\n|\n|-heal|p1a: Whimsicott|193/238|[from] item: Leftovers\n|-heal|p2a: Comfey|211/225|[from] item: Leftovers\n|-damage|p2a: Comfey|183/225|[from] Leech Seed|[of] p1a: Whimsicott\n|-heal|p1a: Whimsicott|221/238|[silent]\n|upkeep\n|turn|27\n|inactive|udlma has 25 seconds left this turn.\n|\n|t:|1771182270\n|move|p1a: Whimsicott|Moonblast|p2a: Comfey\n|-damage|p2a: Comfey|116/225\n|move|p2a: Comfey|Calm Mind|p2a: Comfey\n|-boost|p2a: Comfey|spa|1\n|-boost|p2a: Comfey|spd|1\n|\n|-heal|p1a: Whimsicott|235/238|[from] item: Leftovers\n|-heal|p2a: Comfey|130/225|[from] item: Leftovers\n|-damage|p2a: Comfey|102/225|[from] Leech Seed|[of] p1a: Whimsicott\n|-heal|p1a: Whimsicott|238/238|[silent]\n|upkeep\n|turn|28\n|inactive|udlma has 30 seconds left.\n|\n|t:|1771182276\n|switch|p2a: Vaporeon|Vaporeon, L86, F|296/364\n|move|p1a: Whimsicott|Encore||[still]\n|-fail|p1a: Whimsicott\n|\n|-heal|p2a: Vaporeon|318/364|[from] item: Leftovers\n|upkeep\n|turn|29\n|\n|t:|1771182282\n|move|p1a: Whimsicott|Leech Seed|p2a: Vaporeon|[miss]\n|-miss|p1a: Whimsicott|p2a: Vaporeon\n|move|p2a: Vaporeon|Wish|p2a: Vaporeon\n|\n|-heal|p2a: Vaporeon|340/364|[from] item: Leftovers\n|upkeep\n|turn|30\n|\n|t:|1771182290\n|switch|p2a: Comfey|Comfey, L85, F|102/225\n|move|p1a: Whimsicott|Moonblast|p2a: Comfey\n|-damage|p2a: Comfey|30/225\n|\n|-heal|p2a: Comfey|212/225|[from] move: Wish|[wisher] Vaporeon\n|-heal|p2a: Comfey|225/225|[from] item: Leftovers\n|upkeep\n|turn|31\n|\n|t:|1771182298\n|move|p2a: Comfey|Draining Kiss|p1a: Whimsicott\n|-activate|p1a: Whimsicott|move: Substitute|[damage]\n|move|p1a: Whimsicott|Leech Seed|p2a: Comfey\n|-start|p2a: Comfey|move: Leech Seed\n|\n|-damage|p2a: Comfey|197/225|[from] Leech Seed|[of] p1a: Whimsicott\n|upkeep\n|turn|32\n|inactive|udlma has 60 seconds left.\n|\n|t:|1771182310\n|move|p1a: Whimsicott|Substitute|p1a: Whimsicott\n|-fail|p1a: Whimsicott|move: Substitute\n|move|p2a: Comfey|Calm Mind|p2a: Comfey\n|-boost|p2a: Comfey|spa|1\n|-boost|p2a: Comfey|spd|1\n|\n|-heal|p2a: Comfey|211/225|[from] item: Leftovers\n|-damage|p2a: Comfey|183/225|[from] Leech Seed|[of] p1a: Whimsicott\n|upkeep\n|turn|33\n|\n|t:|1771182313\n|move|p1a: Whimsicott|Encore|p2a: Comfey\n|-start|p2a: Comfey|Encore\n|move|p2a: Comfey|Calm Mind|p2a: Comfey\n|-boost|p2a: Comfey|spa|1\n|-boost|p2a: Comfey|spd|1\n|\n|-heal|p2a: Comfey|197/225|[from] item: Leftovers\n|-damage|p2a: Comfey|169/225|[from] Leech Seed|[of] p1a: Whimsicott\n|upkeep\n|turn|34\n|\n|t:|1771182331\n|switch|p1a: Arcanine|Arcanine, L84, M|267/288\n|-ability|p1a: Arcanine|Intimidate|boost\n|-unboost|p2a: Comfey|atk|1\n|switch|p2a: Vaporeon|Vaporeon, L86, F|340/364\n|\n|-heal|p2a: Vaporeon|362/364|[from] item: Leftovers\n|upkeep\n|turn|35\n|inactive|udlma has 60 seconds left.\n|\n|t:|1771182354\n|move|p1a: Arcanine|Close Combat|p2a: Vaporeon\n|-damage|p2a: Vaporeon|252/364\n|-unboost|p1a: Arcanine|def|1\n|-unboost|p1a: Arcanine|spd|1\n|move|p2a: Vaporeon|Wish|p2a: Vaporeon\n|\n|-heal|p2a: Vaporeon|274/364|[from] item: Leftovers\n|upkeep\n|turn|36\n|inactive|udlma has 60 seconds left.\n|\n|t:|1771182359\n|switch|p1a: Whimsicott|Whimsicott, L84, F|238/238\n|move|p2a: Vaporeon|Calm Mind|p2a: Vaporeon\n|-boost|p2a: Vaporeon|spa|1\n|-boost|p2a: Vaporeon|spd|1\n|\n|-heal|p2a: Vaporeon|364/364|[from] move: Wish|[wisher] Vaporeon\n|upkeep\n|turn|37\n|\n|t:|1771182362\n|move|p2a: Vaporeon|Protect|p2a: Vaporeon\n|-singleturn|p2a: Vaporeon|Protect\n|move|p1a: Whimsicott|Encore|p2a: Vaporeon\n|-activate|p2a: Vaporeon|move: Protect\n|\n|upkeep\n|turn|38\n|\n|t:|1771182378\n|move|p1a: Whimsicott|Leech Seed|p2a: Vaporeon\n|-start|p2a: Vaporeon|move: Leech Seed\n|move|p2a: Vaporeon|Calm Mind|p2a: Vaporeon\n|-boost|p2a: Vaporeon|spa|1\n|-boost|p2a: Vaporeon|spd|1\n|\n|-damage|p2a: Vaporeon|319/364|[from] Leech Seed|[of] p1a: Whimsicott\n|upkeep\n|turn|39\n|\n|t:|1771182382\n|move|p1a: Whimsicott|Encore|p2a: Vaporeon\n|-start|p2a: Vaporeon|Encore\n|move|p2a: Vaporeon|Calm Mind|p2a: Vaporeon\n|-boost|p2a: Vaporeon|spa|1\n|-boost|p2a: Vaporeon|spd|1\n|\n|-heal|p2a: Vaporeon|341/364|[from] item: Leftovers\n|-damage|p2a: Vaporeon|296/364|[from] Leech Seed|[of] p1a: Whimsicott\n|upkeep\n|turn|40\n|inactive|udlma has 90 seconds left.\n|\n|t:|1771182410\n|switch|p1a: Salamence|Salamence, L77, M|273/273\n|-ability|p1a: Salamence|Intimidate|boost\n|-unboost|p2a: Vaporeon|atk|1\n|move|p2a: Vaporeon|Calm Mind|p2a: Vaporeon\n|-boost|p2a: Vaporeon|spa|1\n|-boost|p2a: Vaporeon|spd|1\n|\n|-heal|p2a: Vaporeon|318/364|[from] item: Leftovers\n|-damage|p2a: Vaporeon|273/364|[from] Leech Seed|[of] p1a: Salamence\n|upkeep\n|turn|41\n|\n|t:|1771182421\n|switch|p2a: Comfey|Comfey, L85, F|169/225\n|move|p1a: Salamence|Dragon Dance|p1a: Salamence\n|-boost|p1a: Salamence|atk|1\n|-boost|p1a: Salamence|spe|1\n|\n|-heal|p2a: Comfey|183/225|[from] item: Leftovers\n|upkeep\n|turn|42\n|\n|t:|1771182443\n|-terastallize|p1a: Salamence|Ground\n|move|p2a: Comfey|Draining Kiss|p1a: Salamence\n|-damage|p1a: Salamence|210/273\n|-heal|p2a: Comfey|225/225|[from] drain|[of] p1a: Salamence\n|move|p1a: Salamence|Dual Wingbeat|p2a: Comfey|[miss]\n|-miss|p1a: Salamence|p2a: Comfey\n|\n|upkeep\n|turn|43\n|\n|t:|1771182453\n|move|p2a: Comfey|Draining Kiss|p1a: Salamence\n|-damage|p1a: Salamence|149/273\n|move|p1a: Salamence|Dragon Dance|p1a: Salamence\n|-boost|p1a: Salamence|atk|1\n|-boost|p1a: Salamence|spe|1\n|\n|upkeep\n|turn|44\n|\n|t:|1771182459\n|move|p1a: Salamence|Earthquake|p2a: Comfey\n|-damage|p2a: Comfey|0 fnt\n|faint|p2a: Comfey\n|\n|upkeep\n|\n|t:|1771182468\n|switch|p2a: Honchkrow|Honchkrow, L86, F|270/312\n|turn|45\n|inactive|udlma has 90 seconds left.\n|\n|t:|1771182488\n|switch|p1a: Arcanine|Arcanine, L84, M|267/288\n|-ability|p1a: Arcanine|Intimidate|boost\n|-unboost|p2a: Honchkrow|atk|1\n|move|p2a: Honchkrow|Sucker Punch||[still]\n|-fail|p2a: Honchkrow\n|\n|upkeep\n|turn|46\n|\n|t:|1771182505\n|move|p1a: Arcanine|Extreme Speed|p2a: Honchkrow\n|-damage|p2a: Honchkrow|180/312\n|move|p2a: Honchkrow|U-turn|p1a: Arcanine\n|-resisted|p1a: Arcanine\n|-damage|p1a: Arcanine|246/288\n|\n|t:|1771182509\n|switch|p2a: Vaporeon|Vaporeon, L86, F|273/364|[from] U-turn\n|\n|-heal|p2a: Vaporeon|295/364|[from] item: Leftovers\n|upkeep\n|turn|47\n|\n|t:|1771182515\n|switch|p1a: Whimsicott|Whimsicott, L84, F|238/238\n|move|p2a: Vaporeon|Wish|p2a: Vaporeon\n|\n|-heal|p2a: Vaporeon|317/364|[from] item: Leftovers\n|upkeep\n|turn|48\n|inactive|udlma has 90 seconds left.\n|\n|t:|1771182521\n|move|p1a: Whimsicott|Leech Seed|p2a: Vaporeon|[miss]\n|-miss|p1a: Whimsicott|p2a: Vaporeon\n|move|p2a: Vaporeon|Calm Mind|p2a: Vaporeon\n|-boost|p2a: Vaporeon|spa|1\n|-boost|p2a: Vaporeon|spd|1\n|\n|-heal|p2a: Vaporeon|364/364|[from] move: Wish|[wisher] Vaporeon\n|upkeep\n|turn|49\n|\n|t:|1771182527\n|move|p1a: Whimsicott|Encore|p2a: Vaporeon\n|-start|p2a: Vaporeon|Encore\n|move|p2a: Vaporeon|Calm Mind|p2a: Vaporeon\n|-boost|p2a: Vaporeon|spa|1\n|-boost|p2a: Vaporeon|spd|1\n|\n|upkeep\n|turn|50\n|inactive|udlma has 90 seconds left.\n|\n|t:|1771182572\n|switch|p1a: Froslass|Froslass, L87, F|263/263\n|switch|p2a: Arceus|Arceus-Fire, L72|255/291\n|\n|upkeep\n|turn|51\n|\n|t:|1771182581\n|move|p1a: Froslass|Destiny Bond|p1a: Froslass\n|-singlemove|p1a: Froslass|Destiny Bond\n|move|p2a: Arceus|Judgment|p1a: Froslass\n|-supereffective|p1a: Froslass\n|-damage|p1a: Froslass|9/263\n|-start|p2a: Arceus|Disable|Judgment|[from] ability: Cursed Body|[of] p1a: Froslass\n|\n|upkeep\n|turn|52\n|\n|t:|1771182605\n|switch|p1a: Arcanine|Arcanine, L84, M|246/288\n|-ability|p1a: Arcanine|Intimidate|boost\n|-unboost|p2a: Arceus|atk|1\n|move|p2a: Arceus|Recover|p2a: Arceus\n|-heal|p2a: Arceus|291/291\n|\n|upkeep\n|turn|53\n|\n|t:|1771182613\n|switch|p2a: Vaporeon|Vaporeon, L86, F|364/364\n|move|p1a: Arcanine|Extreme Speed|p2a: Vaporeon\n|-damage|p2a: Vaporeon|283/364\n|\n|-heal|p2a: Vaporeon|305/364|[from] item: Leftovers\n|upkeep\n|turn|54\n|\n|t:|1771182616\n|switch|p1a: Whimsicott|Whimsicott, L84, F|238/238\n|move|p2a: Vaporeon|Scald|p1a: Whimsicott\n|-resisted|p1a: Whimsicott\n|-crit|p1a: Whimsicott\n|-damage|p1a: Whimsicott|157/238\n|-status|p1a: Whimsicott|brn\n|\n|-heal|p1a: Whimsicott|171/238 brn|[from] item: Leftovers\n|-heal|p2a: Vaporeon|327/364|[from] item: Leftovers\n|-damage|p1a: Whimsicott|157/238 brn|[from] brn\n|upkeep\n|turn|55\n|\n|t:|1771182622\n|move|p2a: Vaporeon|Protect|p2a: Vaporeon\n|-singleturn|p2a: Vaporeon|Protect\n|move|p1a: Whimsicott|Leech Seed|p2a: Vaporeon\n|-activate|p2a: Vaporeon|move: Protect\n|\n|-heal|p1a: Whimsicott|171/238 brn|[from] item: Leftovers\n|-heal|p2a: Vaporeon|349/364|[from] item: Leftovers\n|-damage|p1a: Whimsicott|157/238 brn|[from] brn\n|upkeep\n|turn|56\n|\n|t:|1771182630\n|move|p1a: Whimsicott|Leech Seed|p2a: Vaporeon\n|-start|p2a: Vaporeon|move: Leech Seed\n|move|p2a: Vaporeon|Calm Mind|p2a: Vaporeon\n|-boost|p2a: Vaporeon|spa|1\n|-boost|p2a: Vaporeon|spd|1\n|\n|-heal|p1a: Whimsicott|171/238 brn|[from] item: Leftovers\n|-heal|p2a: Vaporeon|364/364|[from] item: Leftovers\n|-damage|p2a: Vaporeon|319/364|[from] Leech Seed|[of] p1a: Whimsicott\n|-heal|p1a: Whimsicott|216/238 brn|[silent]\n|-damage|p1a: Whimsicott|202/238 brn|[from] brn\n|upkeep\n|turn|57\n|\n|t:|1771182634\n|move|p2a: Vaporeon|Protect|p2a: Vaporeon\n|-singleturn|p2a: Vaporeon|Protect\n|move|p1a: Whimsicott|Encore|p2a: Vaporeon\n|-activate|p2a: Vaporeon|move: Protect\n|\n|-heal|p1a: Whimsicott|216/238 brn|[from] item: Leftovers\n|-heal|p2a: Vaporeon|341/364|[from] item: Leftovers\n|-damage|p2a: Vaporeon|296/364|[from] Leech Seed|[of] p1a: Whimsicott\n|-heal|p1a: Whimsicott|238/238 brn|[silent]\n|-damage|p1a: Whimsicott|224/238 brn|[from] brn\n|upkeep\n|turn|58\n|\n|t:|1771182639\n|move|p1a: Whimsicott|Encore|p2a: Vaporeon\n|-start|p2a: Vaporeon|Encore\n|move|p2a: Vaporeon|Protect||[still]\n|-fail|p2a: Vaporeon\n|\n|-heal|p1a: Whimsicott|238/238 brn|[from] item: Leftovers\n|-heal|p2a: Vaporeon|318/364|[from] item: Leftovers\n|-damage|p2a: Vaporeon|273/364|[from] Leech Seed|[of] p1a: Whimsicott\n|-damage|p1a: Whimsicott|224/238 brn|[from] brn\n|upkeep\n|turn|59\n|inactive|udlma has 120 seconds left.\n|\n|t:|1771182656\n|switch|p1a: Froslass|Froslass, L87, F|9/263\n|switch|p2a: Arceus|Arceus-Fire, L72|291/291\n|\n|upkeep\n|turn|60\n|inactive|udlma has 120 seconds left.\n|\n|t:|1771182665\n|switch|p2a: Honchkrow|Honchkrow, L86, F|180/312\n|move|p1a: Froslass|Destiny Bond|p1a: Froslass\n|-singlemove|p1a: Froslass|Destiny Bond\n|\n|upkeep\n|turn|61\n|\n|t:|1771182675\n|move|p1a: Froslass|Triple Axel|p2a: Honchkrow\n|-supereffective|p2a: Honchkrow\n|-damage|p2a: Honchkrow|124/312\n|-supereffective|p2a: Honchkrow\n|-damage|p2a: Honchkrow|8/312\n|-supereffective|p2a: Honchkrow\n|-damage|p2a: Honchkrow|0 fnt\n|faint|p2a: Honchkrow\n|-hitcount|p2: Honchkrow|3\n|\n|upkeep\n|\n|t:|1771182681\n|switch|p2a: Vaporeon|Vaporeon, L86, F|273/364\n|turn|62\n|\n|t:|1771182692\n|move|p1a: Froslass|Poltergeist|p2a: Vaporeon\n|-activate|p2a: Vaporeon|move: Poltergeist|Leftovers\n|-damage|p2a: Vaporeon|132/364\n|move|p2a: Vaporeon|Wish|p2a: Vaporeon\n|\n|-heal|p2a: Vaporeon|154/364|[from] item: Leftovers\n|upkeep\n|turn|63\n|\n|t:|1771182699\n|switch|p1a: Whimsicott|Whimsicott, L84, F|224/238 brn\n|move|p2a: Vaporeon|Protect||[still]\n|-fail|p2a: Vaporeon\n|\n|-heal|p2a: Vaporeon|336/364|[from] move: Wish|[wisher] Vaporeon\n|-heal|p1a: Whimsicott|238/238 brn|[from] item: Leftovers\n|-heal|p2a: Vaporeon|358/364|[from] item: Leftovers\n|-damage|p1a: Whimsicott|224/238 brn|[from] brn\n|upkeep\n|turn|64\n|\n|t:|1771182713\n|move|p1a: Whimsicott|Leech Seed|p2a: Vaporeon\n|-start|p2a: Vaporeon|move: Leech Seed\n|move|p2a: Vaporeon|Wish|p2a: Vaporeon\n|\n|-heal|p1a: Whimsicott|238/238 brn|[from] item: Leftovers\n|-heal|p2a: Vaporeon|364/364|[from] item: Leftovers\n|-damage|p2a: Vaporeon|319/364|[from] Leech Seed|[of] p1a: Whimsicott\n|-damage|p1a: Whimsicott|224/238 brn|[from] brn\n|upkeep\n|turn|65\n|inactive|udlma has 120 seconds left.\n|\n|t:|1771182755\n|switch|p1a: Meloetta|Meloetta, L82|146/298\n|move|p2a: Vaporeon|Calm Mind|p2a: Vaporeon\n|-boost|p2a: Vaporeon|spa|1\n|-boost|p2a: Vaporeon|spd|1\n|\n|-heal|p2a: Vaporeon|364/364|[from] move: Wish|[wisher] Vaporeon\n|-damage|p2a: Vaporeon|319/364|[from] Leech Seed|[of] p1a: Meloetta\n|-heal|p1a: Meloetta|191/298|[silent]\n|upkeep\n|turn|66\n|\n|t:|1771182764\n|move|p1a: Meloetta|Calm Mind|p1a: Meloetta\n|-boost|p1a: Meloetta|spa|1\n|-boost|p1a: Meloetta|spd|1\n|move|p2a: Vaporeon|Calm Mind|p2a: Vaporeon\n|-boost|p2a: Vaporeon|spa|1\n|-boost|p2a: Vaporeon|spd|1\n|\n|-heal|p2a: Vaporeon|341/364|[from] item: Leftovers\n|-damage|p2a: Vaporeon|296/364|[from] Leech Seed|[of] p1a: Meloetta\n|-heal|p1a: Meloetta|236/298|[silent]\n|upkeep\n|turn|67\n|\n|t:|1771182767\n|move|p1a: Meloetta|Psyshock|p2a: Vaporeon\n|-damage|p2a: Vaporeon|66/364\n|-damage|p1a: Meloetta|207/298|[from] item: Life Orb\n|move|p2a: Vaporeon|Wish|p2a: Vaporeon\n|\n|-heal|p2a: Vaporeon|88/364|[from] item: Leftovers\n|-damage|p2a: Vaporeon|43/364|[from] Leech Seed|[of] p1a: Meloetta\n|-heal|p1a: Meloetta|252/298|[silent]\n|upkeep\n|turn|68\n|\n|t:|1771182774\n|move|p1a: Meloetta|Calm Mind|p1a: Meloetta\n|-boost|p1a: Meloetta|spa|1\n|-boost|p1a: Meloetta|spd|1\n|move|p2a: Vaporeon|Scald|p1a: Meloetta\n|-crit|p1a: Meloetta\n|-damage|p1a: Meloetta|27/298\n|\n|-heal|p2a: Vaporeon|225/364|[from] move: Wish|[wisher] Vaporeon\n|-heal|p2a: Vaporeon|247/364|[from] item: Leftovers\n|-damage|p2a: Vaporeon|202/364|[from] Leech Seed|[of] p1a: Meloetta\n|-heal|p1a: Meloetta|72/298|[silent]\n|upkeep\n|turn|69\n|\n|t:|1771182792\n|switch|p2a: Sandslash|Sandslash-Alola, L88, F, tera:Ground|60/275\n|move|p1a: Meloetta|Psyshock|p2a: Sandslash\n|-damage|p2a: Sandslash|0 fnt\n|faint|p2a: Sandslash\n|-damage|p1a: Meloetta|43/298|[from] item: Life Orb\n|\n|upkeep\n|\n|t:|1771182796\n|switch|p2a: Arceus|Arceus-Fire, L72|291/291\n|turn|70\n|\n|t:|1771182804\n|switch|p1a: Arcanine|Arcanine, L84, M|246/288\n|-ability|p1a: Arcanine|Intimidate|boost\n|-unboost|p2a: Arceus|atk|1\n|move|p2a: Arceus|Judgment|p1a: Arcanine\n|-resisted|p1a: Arcanine\n|-damage|p1a: Arcanine|189/288\n|\n|upkeep\n|turn|71\n|\n|t:|1771182814\n|move|p2a: Arceus|Calm Mind|p2a: Arceus\n|-boost|p2a: Arceus|spa|1\n|-boost|p2a: Arceus|spd|1\n|move|p1a: Arcanine|Close Combat|p2a: Arceus\n|-damage|p2a: Arceus|198/291\n|-unboost|p1a: Arcanine|def|1\n|-unboost|p1a: Arcanine|spd|1\n|\n|upkeep\n|turn|72\n|\n|t:|1771182838\n|move|p2a: Arceus|Calm Mind|p2a: Arceus\n|-boost|p2a: Arceus|spa|1\n|-boost|p2a: Arceus|spd|1\n|move|p1a: Arcanine|Close Combat|p2a: Arceus\n|-damage|p2a: Arceus|113/291\n|-unboost|p1a: Arcanine|def|1\n|-unboost|p1a: Arcanine|spd|1\n|\n|upkeep\n|turn|73\n|inactive|udlma has 120 seconds left.\n|\n|t:|1771182861\n|move|p2a: Arceus|Recover|p2a: Arceus\n|-heal|p2a: Arceus|259/291\n|move|p1a: Arcanine|Close Combat|p2a: Arceus\n|-damage|p2a: Arceus|167/291\n|-unboost|p1a: Arcanine|def|1\n|-unboost|p1a: Arcanine|spd|1\n|\n|upkeep\n|turn|74\n|\n|t:|1771182868\n|move|p2a: Arceus|Recover|p2a: Arceus\n|-heal|p2a: Arceus|291/291\n|move|p1a: Arcanine|Close Combat|p2a: Arceus\n|-damage|p2a: Arceus|205/291\n|-unboost|p1a: Arcanine|def|1\n|-unboost|p1a: Arcanine|spd|1\n|\n|upkeep\n|turn|75\n|\n|t:|1771182870\n|move|p2a: Arceus|Judgment|p1a: Arcanine\n|-resisted|p1a: Arcanine\n|-damage|p1a: Arcanine|0 fnt\n|faint|p1a: Arcanine\n|\n|upkeep\n|\n|t:|1771182885\n|switch|p1a: Froslass|Froslass, L87, F|9/263\n|turn|76\n|\n|t:|1771182888\n|move|p1a: Froslass|Destiny Bond|p1a: Froslass\n|-singlemove|p1a: Froslass|Destiny Bond\n|move|p2a: Arceus|Recover|p2a: Arceus\n|-heal|p2a: Arceus|291/291\n|\n|upkeep\n|turn|77\n|\n|t:|1771182893\n|move|p1a: Froslass|Poltergeist|p2a: Arceus\n|-activate|p2a: Arceus|move: Poltergeist|Flame Plate\n|-damage|p2a: Arceus|192/291\n|move|p2a: Arceus|Judgment|p1a: Froslass\n|-supereffective|p1a: Froslass\n|-damage|p1a: Froslass|0 fnt\n|faint|p1a: Froslass\n|\n|upkeep\n|\n|t:|1771182907\n|switch|p1a: Salamence|Salamence, L77, M, tera:Ground|149/273\n|-ability|p1a: Salamence|Intimidate|boost\n|-unboost|p2a: Arceus|atk|1\n|turn|78\n|\n|t:|1771182911\n|move|p2a: Arceus|Energy Ball|p1a: Salamence\n|-supereffective|p1a: Salamence\n|-damage|p1a: Salamence|0 fnt\n|faint|p1a: Salamence\n|\n|upkeep\n|-message|udlma forfeited.\n|\n|win|Mooingwolf\n|raw|udlma's rating: 1562 &rarr; <strong>1542</strong><br />(-20 for losing)\n|raw|Mooingwolf's rating: 1559 &rarr; <strong>1579</strong><br />(+20 for winning)\n|l|☆udlma\n|player|p1|\n", "inputlog": ">version 686819e5e19f8a7fd2345cfc5a08a5085efa2cc3\n>start {\"formatid\":\"gen9randombattle\",\"seed\":\"sodium,1833d17df4c72ac97d76b36e096562de\",\"rated\":\"Rated battle\"}\n>player p1 {\"name\":\"udlma\",\"avatar\":\"linebacker\",\"rating\":1562,\"seed\":\"sodium,f93f42b8d216bbd77a54b5e2fa9bf3ea\"}\n>player p2 {\"name\":\"Mooingwolf\",\"avatar\":\"169\",\"rating\":1559,\"seed\":\"sodium,efca202f8d31cc5a50c4ca0292ef862b\"}\n>p1 switch 4\n>p2 switch 6\n>p1 move calmmind\n>p2 switch 4\n>p1 move calmmind\n>p2 move uturn\n>p2 switch 2\n>p1 move psyshock\n>p2 move encore\n>p1 move calmmind\n>p2 switch 2\n>p1 switch 4\n>p2 move bravebird\n>p1 move morningsun\n>p2 move uturn\n>p2 switch 4\n>p1 switch 2\n>p2 move wish\n>p1 move dragondance\n>p2 switch 6\n>p1 move substitute\n>p2 move willowisp\n>p1 move dragondance\n>p2 move gunkshot\n>p1 move dragondance\n>p2 move gunkshot\n>p1 move boltstrike\n>p2 move willowisp\n>p2 switch 5\n>p1 move boltstrike\n>p2 move earthquake terastallize\n>p1 move outrage\n>p2 move earthquake\n>p1 switch 2\n>p1 move extremespeed\n>p2 switch 6\n>p1 switch 3\n>p2 move wish\n>p1 move substitute\n>p2 switch 3\n>p1 move leechseed\n>p2 move judgment\n>p1 move substitute\n>p2 switch 3\n>p1 move leechseed\n>p2 move wish\n>p1 move moonblast\n>p2 move protect\n>p1 move encore\n>p2 move wish\n>p1 move moonblast\n>p2 switch 2\n>p1 move leechseed\n>p2 move drainingkiss\n>p1 move substitute\n>p2 move drainingkiss\n>p1 move moonblast\n>p2 move calmmind\n>p1 move encore\n>p2 switch 2\n>p1 move leechseed\n>p2 move wish\n>p1 move moonblast\n>p2 switch 2\n>p1 move leechseed\n>p2 move drainingkiss\n>p1 move substitute\n>p2 move calmmind\n>p1 move encore\n>p2 move calmmind\n>p1 switch 3\n>p2 switch 2\n>p1 move closecombat\n>p2 move wish\n>p1 switch 3\n>p2 move calmmind\n>p1 move encore\n>p2 move protect\n>p1 move leechseed\n>p2 move calmmind\n>p1 move encore\n>p2 move wish\n>p1 switch 5\n>p2 move calmmind\n>p1 move dragondance\n>p2 switch 2\n>p1 move dualwingbeat terastallize\n>p2 move drainingkiss\n>p1 move dragondance\n>p2 move drainingkiss\n>p1 move earthquake\n>p2 move encore\n>p2 switch 4\n>p1 switch 3\n>p2 move suckerpunch\n>p1 move extremespeed\n>p2 move uturn\n>p2 switch 2\n>p1 switch 5\n>p2 move wish\n>p1 move leechseed\n>p2 move calmmind\n>p1 move encore\n>p2 move scald\n>p1 switch 6\n>p2 switch 3\n>p1 move destinybond\n>p2 move judgment\n>p1 switch 5\n>p2 move recover\n>p1 move extremespeed\n>p2 switch 3\n>p1 switch 6\n>p2 move scald\n>p1 move leechseed\n>p2 move protect\n>p1 move leechseed\n>p2 move calmmind\n>p1 move encore\n>p2 move protect\n>p1 move encore\n>p2 move scald\n>p1 switch 5\n>p2 switch 3\n>p1 move destinybond\n>p2 switch 2\n>p1 move tripleaxel\n>p2 move bravebird\n>p2 switch 3\n>p1 move poltergeist\n>p2 move wish\n>p1 switch 5\n>p2 move protect\n>p1 move leechseed\n>p2 move wish\n>p1 switch 4\n>p2 move calmmind\n>p1 move calmmind\n>p2 move calmmind\n>p1 move psyshock\n>p2 move wish\n>p1 move calmmind\n>p2 move scald\n>p1 move psyshock\n>p2 switch 6\n>p2 switch 2\n>p1 switch 6\n>p2 move judgment\n>p1 move closecombat\n>p2 move calmmind\n>p1 move closecombat\n>p2 move calmmind\n>p1 move closecombat\n>p2 move recover\n>p1 move closecombat\n>p2 move recover\n>p1 move closecombat\n>p2 move judgment\n>p1 switch 5\n>p1 move destinybond\n>p2 move recover\n>p1 move poltergeist\n>p2 move judgment\n>p1 switch 3\n>p1 move earthquake\n>p2 move energyball\n>forcelose p1", "uploadtime": 1771182925, "views": 12, "formatid": "gen9randombattle", "rating": 1542, "private": 0, "password": null}