{"id": "gen9randombattle-2540632432", "format": "[Gen 9] Random Battle", "players": ["RainboWolfy", "DonovanIsNotHere"], "log": "|j|☆RainboWolfy\n|j|☆DonovanIsNotHere\n|t:|1771230964\n|gametype|singles\n|player|p1|RainboWolfy|dawn-gen4pt|1568\n|player|p2|DonovanIsNotHere|102|1626\n|gen|9\n|tier|[Gen 9] Random Battle\n|rated|\n|rule|Species Clause: Limit one of each Pokémon\n|rule|HP Percentage Mod: HP is shown in percentages\n|rule|Sleep Clause Mod: Limit one foe put to sleep\n|rule|Illusion Level Mod: Illusion disguises the Pokémon's true level\n|\n|t:|1771230965\n|teamsize|p1|6\n|teamsize|p2|6\n|start\n|switch|p1a: Delphox|Delphox, L84, F|263/263\n|switch|p2a: Typhlosion|Typhlosion, L84, M|267/267\n|turn|1\n|\n|t:|1771230974\n|switch|p2a: Golduck|Golduck, L90, F|290/290\n|-ability|p2a: Golduck|Cloud Nine\n|move|p1a: Delphox|Nasty Plot|p1a: Delphox\n|-boost|p1a: Delphox|spa|2\n|\n|upkeep\n|turn|2\n|\n|t:|1771230980\n|move|p1a: Delphox|Grass Knot|p2a: Golduck\n|-supereffective|p2a: Golduck\n|-damage|p2a: Golduck|44/290\n|move|p2a: Golduck|Hydro Pump|p1a: Delphox\n|-supereffective|p1a: Delphox\n|-damage|p1a: Delphox|27/263\n|\n|-heal|p2a: Golduck|62/290|[from] item: Leftovers\n|upkeep\n|turn|3\n|\n|t:|1771230999\n|switch|p2a: Brute Bonnet|Brute Bonnet, L81|312/312\n|move|p1a: Delphox|Psyshock|p2a: Brute Bonnet\n|-immune|p2a: Brute Bonnet\n|\n|upkeep\n|turn|4\n|\n|t:|1771231016\n|switch|p1a: Grimmsnarl|Grimmsnarl, L83, M|293/293\n|move|p2a: Brute Bonnet|Sucker Punch||[still]\n|-fail|p2a: Brute Bonnet\n|\n|upkeep\n|turn|5\n|inactive|Battle timer is ON: inactive players will automatically lose when time's up. (requested by RainboWolfy)\n|\n|t:|1771231035\n|-end|p2a: Brute Bonnet|Protosynthesis|[silent]\n|switch|p2a: Orthworm|Orthworm, L88, F|266/266\n|move|p1a: Grimmsnarl|Light Screen|p1a: Grimmsnarl\n|-sidestart|p1: RainboWolfy|move: Light Screen\n|\n|upkeep\n|turn|6\n|\n|t:|1771231043\n|move|p1a: Grimmsnarl|Reflect|p1a: Grimmsnarl\n|-sidestart|p1: RainboWolfy|Reflect\n|move|p2a: Orthworm|Iron Tail|p1a: Grimmsnarl\n|-supereffective|p1a: Grimmsnarl\n|-damage|p1a: Grimmsnarl|155/293\n|\n|upkeep\n|turn|7\n|\n|t:|1771231059\n|switch|p1a: Gastrodon|Gastrodon-East, L86, F|331/331\n|move|p2a: Orthworm|Iron Tail|p1a: Gastrodon\n|-resisted|p1a: Gastrodon\n|-damage|p1a: Gastrodon|299/331\n|-unboost|p1a: Gastrodon|def|1\n|\n|-heal|p1a: Gastrodon|319/331|[from] item: Leftovers\n|upkeep\n|turn|8\n|\n|t:|1771231065\n|switch|p2a: Brute Bonnet|Brute Bonnet, L81|312/312\n|move|p1a: Gastrodon|Earthquake|p2a: Brute Bonnet\n|-resisted|p2a: Brute Bonnet\n|-damage|p2a: Brute Bonnet|263/312\n|\n|-heal|p2a: Brute Bonnet|282/312|[from] item: Leftovers\n|-heal|p1a: Gastrodon|331/331|[from] item: Leftovers\n|upkeep\n|turn|9\n|\n|t:|1771231073\n|move|p2a: Brute Bonnet|Spore|p1a: Gastrodon\n|-status|p1a: Gastrodon|slp|[from] move: Spore\n|cant|p1a: Gastrodon|slp\n|\n|-heal|p2a: Brute Bonnet|301/312|[from] item: Leftovers\n|upkeep\n|turn|10\n|\n|t:|1771231084\n|switch|p1a: Leafeon|Leafeon, L88, M|258/258\n|move|p2a: Brute Bonnet|Crunch|p1a: Leafeon\n|-damage|p1a: Leafeon|225/258\n|\n|-heal|p2a: Brute Bonnet|312/312|[from] item: Leftovers\n|upkeep\n|turn|11\n|\n|t:|1771231104\n|-end|p2a: Brute Bonnet|Protosynthesis|[silent]\n|switch|p2a: Orthworm|Orthworm, L88, F|266/266\n|move|p1a: Leafeon|Swords Dance|p1a: Leafeon\n|-boost|p1a: Leafeon|atk|2\n|\n|upkeep\n|turn|12\n|\n|t:|1771231110\n|move|p1a: Leafeon|Leaf Blade|p2a: Orthworm\n|-resisted|p2a: Orthworm\n|-crit|p2a: Orthworm\n|-damage|p2a: Orthworm|118/266\n|-damage|p1a: Leafeon|200/258|[from] item: Life Orb\n|move|p2a: Orthworm|Coil|p2a: Orthworm\n|-boost|p2a: Orthworm|atk|1\n|-boost|p2a: Orthworm|def|1\n|-boost|p2a: Orthworm|accuracy|1\n|\n|-sideend|p1: RainboWolfy|move: Light Screen\n|upkeep\n|turn|13\n|\n|t:|1771231120\n|move|p1a: Leafeon|Leaf Blade|p2a: Orthworm\n|-resisted|p2a: Orthworm\n|-damage|p2a: Orthworm|56/266\n|-damage|p1a: Leafeon|175/258|[from] item: Life Orb\n|move|p2a: Orthworm|Coil|p2a: Orthworm\n|-boost|p2a: Orthworm|atk|1\n|-boost|p2a: Orthworm|def|1\n|-boost|p2a: Orthworm|accuracy|1\n|\n|-sideend|p1: RainboWolfy|Reflect\n|upkeep\n|turn|14\n|\n|t:|1771231132\n|move|p1a: Leafeon|Knock Off|p2a: Orthworm\n|-damage|p2a: Orthworm|0 fnt\n|-enditem|p2a: Orthworm|Chesto Berry|[from] move: Knock Off|[of] p1a: Leafeon\n|faint|p2a: Orthworm\n|-damage|p1a: Leafeon|150/258|[from] item: Life Orb\n|\n|upkeep\n|\n|t:|1771231139\n|switch|p2a: Typhlosion|Typhlosion, L84, M|267/267\n|turn|15\n|\n|t:|1771231144\n|-terastallize|p2a: Typhlosion|Fire\n|move|p2a: Typhlosion|Eruption|p1a: Leafeon\n|-supereffective|p1a: Leafeon\n|-damage|p1a: Leafeon|0 fnt\n|faint|p1a: Leafeon\n|\n|upkeep\n|\n|t:|1771231151\n|switch|p1a: Gastrodon|Gastrodon-East, L86, F|331/331 slp\n|turn|16\n|\n|t:|1771231162\n|switch|p2a: Golduck|Golduck, L90, F|62/290\n|-ability|p2a: Golduck|Cloud Nine\n|cant|p1a: Gastrodon|slp\n|\n|-heal|p2a: Golduck|80/290|[from] item: Leftovers\n|upkeep\n|turn|17\n|\n|t:|1771231166\n|move|p2a: Golduck|Grass Knot|p1a: Gastrodon\n|-supereffective|p1a: Gastrodon\n|-damage|p1a: Gastrodon|143/331 slp\n|-curestatus|p1a: Gastrodon|slp|[msg]\n|move|p1a: Gastrodon|Sludge Bomb|p2a: Golduck\n|-damage|p2a: Golduck|19/290\n|-status|p2a: Golduck|psn\n|\n|-heal|p2a: Golduck|37/290 psn|[from] item: Leftovers\n|-heal|p1a: Gastrodon|163/331|[from] item: Leftovers\n|-damage|p2a: Golduck|1/290 psn|[from] psn\n|upkeep\n|turn|18\n|inactive|DonovanIsNotHere has 120 seconds left.\n|\n|t:|1771231197\n|switch|p1a: Rillaboom|Rillaboom, L79, F|288/288\n|-fieldstart|move: Grassy Terrain|[from] ability: Grassy Surge|[of] p1a: Rillaboom\n|move|p2a: Golduck|Grass Knot|p1a: Rillaboom\n|-resisted|p1a: Rillaboom\n|-damage|p1a: Rillaboom|232/288\n|\n|-heal|p2a: Golduck|19/290 psn|[from] Grassy Terrain\n|-heal|p2a: Golduck|37/290 psn|[from] item: Leftovers\n|-heal|p1a: Rillaboom|250/288|[from] Grassy Terrain\n|-damage|p2a: Golduck|1/290 psn|[from] psn\n|upkeep\n|turn|19\n|\n|t:|1771231206\n|move|p1a: Rillaboom|Grassy Glide|p2a: Golduck\n|-supereffective|p2a: Golduck\n|-damage|p2a: Golduck|0 fnt\n|faint|p2a: Golduck\n|\n|-heal|p1a: Rillaboom|268/288|[from] Grassy Terrain\n|upkeep\n|inactive|DonovanIsNotHere has 120 seconds left.\n|\n|t:|1771231223\n|switch|p2a: Groudon|Groudon, L72|263/263\n|-weather|SunnyDay|[from] ability: Drought|[of] p2a: Groudon\n|turn|20\n|\n|t:|1771231230\n|switch|p1a: Gastrodon|Gastrodon-East, L86, F|163/331\n|move|p2a: Groudon|Heat Crash|p1a: Gastrodon\n|-resisted|p1a: Gastrodon\n|-damage|p1a: Gastrodon|83/331\n|\n|-weather|SunnyDay|[upkeep]\n|-heal|p1a: Gastrodon|103/331|[from] Grassy Terrain\n|-heal|p1a: Gastrodon|123/331|[from] item: Leftovers\n|upkeep\n|turn|21\n|\n|t:|1771231247\n|switch|p2a: Brute Bonnet|Brute Bonnet, L81|312/312\n|-activate|p2a: Brute Bonnet|ability: Protosynthesis\n|-start|p2a: Brute Bonnet|protosynthesisatk\n|move|p1a: Gastrodon|Recover|p1a: Gastrodon\n|-heal|p1a: Gastrodon|289/331\n|\n|-weather|SunnyDay|[upkeep]\n|-heal|p1a: Gastrodon|309/331|[from] Grassy Terrain\n|-heal|p1a: Gastrodon|329/331|[from] item: Leftovers\n|upkeep\n|turn|22\n|\n|t:|1771231256\n|-terastallize|p1a: Gastrodon|Poison\n|move|p2a: Brute Bonnet|Crunch|p1a: Gastrodon\n|-damage|p1a: Gastrodon|182/331\n|move|p1a: Gastrodon|Sludge Bomb|p2a: Brute Bonnet\n|-supereffective|p2a: Brute Bonnet\n|-damage|p2a: Brute Bonnet|120/312\n|\n|-weather|SunnyDay|[upkeep]\n|-heal|p2a: Brute Bonnet|139/312|[from] Grassy Terrain\n|-heal|p2a: Brute Bonnet|158/312|[from] item: Leftovers\n|-heal|p1a: Gastrodon|202/331|[from] Grassy Terrain\n|-heal|p1a: Gastrodon|222/331|[from] item: Leftovers\n|-fieldend|move: Grassy Terrain\n|upkeep\n|turn|23\n|inactive|DonovanIsNotHere has 120 seconds left.\n|\n|t:|1771231296\n|switch|p1a: Grimmsnarl|Grimmsnarl, L83, M|155/293\n|move|p2a: Brute Bonnet|Spore|p1a: Grimmsnarl\n|-status|p1a: Grimmsnarl|slp|[from] move: Spore\n|\n|-weather|SunnyDay|[upkeep]\n|-heal|p2a: Brute Bonnet|177/312|[from] item: Leftovers\n|upkeep\n|turn|24\n|\n|t:|1771231301\n|-end|p2a: Brute Bonnet|Protosynthesis|[silent]\n|switch|p2a: Typhlosion|Typhlosion, L84, M, tera:Fire|267/267\n|cant|p1a: Grimmsnarl|slp\n|\n|-weather|none\n|upkeep\n|turn|25\n|inactive|DonovanIsNotHere has 120 seconds left.\n|\n|t:|1771231310\n|switch|p1a: Delphox|Delphox, L84, F|27/263\n|move|p2a: Typhlosion|Eruption|p1a: Delphox\n|-resisted|p1a: Delphox\n|-damage|p1a: Delphox|0 fnt\n|faint|p1a: Delphox\n|\n|upkeep\n|\n|t:|1771231316\n|switch|p1a: Gastrodon|Gastrodon-East, L86, F, tera:Poison|222/331\n|turn|26\n|\n|t:|1771231327\n|move|p2a: Typhlosion|Eruption|p1a: Gastrodon\n|-damage|p1a: Gastrodon|0 fnt\n|faint|p1a: Gastrodon\n|\n|upkeep\n|\n|t:|1771231338\n|switch|p1a: Grimmsnarl|Grimmsnarl, L83, M|155/293 slp\n|turn|27\n|\n|t:|1771231348\n|cant|p1a: Grimmsnarl|slp\n|move|p2a: Typhlosion|Eruption|p1a: Grimmsnarl\n|-damage|p1a: Grimmsnarl|0 fnt\n|faint|p1a: Grimmsnarl\n|\n|upkeep\n|\n|t:|1771231355\n|switch|p1a: Rillaboom|Rillaboom, L79, F|268/288\n|-fieldstart|move: Grassy Terrain|[from] ability: Grassy Surge|[of] p1a: Rillaboom\n|turn|28\n|\n|t:|1771231359\n|move|p1a: Rillaboom|Grassy Glide|p2a: Typhlosion\n|-resisted|p2a: Typhlosion\n|-damage|p2a: Typhlosion|202/267\n|move|p2a: Typhlosion|Eruption|p1a: Rillaboom\n|-supereffective|p1a: Rillaboom\n|-damage|p1a: Rillaboom|0 fnt\n|faint|p1a: Rillaboom\n|\n|-heal|p2a: Typhlosion|218/267|[from] Grassy Terrain\n|upkeep\n|\n|t:|1771231362\n|switch|p1a: Iron Crown|Iron Crown, L78|268/268\n|turn|29\n|\n|t:|1771231366\n|move|p2a: Typhlosion|Eruption|p1a: Iron Crown\n|-supereffective|p1a: Iron Crown\n|-damage|p1a: Iron Crown|0 fnt\n|faint|p1a: Iron Crown\n|-end|p1a: Iron Crown|Quark Drive|[silent]\n|\n|win|DonovanIsNotHere\n|raw|RainboWolfy's rating: 1568 &rarr; <strong>1551</strong><br />(-17 for losing)\n|raw|DonovanIsNotHere's rating: 1626 &rarr; <strong>1643</strong><br />(+17 for winning)\n|l|☆RainboWolfy\n|player|p1|\n", "inputlog": ">version 686819e5e19f8a7fd2345cfc5a08a5085efa2cc3\n>start {\"formatid\":\"gen9randombattle\",\"seed\":\"sodium,bf0eaa7eaea6a6032347622c4d566f7d\",\"rated\":\"Rated battle\"}\n>player p1 {\"name\":\"RainboWolfy\",\"avatar\":\"dawn-gen4pt\",\"rating\":1568,\"seed\":\"sodium,4eb64506441ded366778814c2e401b4b\"}\n>player p2 {\"name\":\"DonovanIsNotHere\",\"avatar\":\"102\",\"rating\":1626,\"seed\":\"sodium,6b03cd2f1efe6fdb18a6668211b95847\"}\n>p1 move nastyplot\n>p2 switch 3\n>p1 move grassknot\n>p2 move hydropump\n>p1 move psyshock\n>p2 switch 2\n>p1 switch 5\n>p2 move suckerpunch\n>p1 move lightscreen\n>p2 switch 5\n>p1 move reflect\n>p2 move irontail\n>p1 switch 4\n>p2 move irontail\n>p1 move earthquake\n>p2 switch 5\n>p1 move sludgebomb\n>p2 move spore\n>p1 switch 2\n>p2 move crunch\n>p1 move swordsdance\n>p2 switch 5\n>p1 move leafblade\n>p2 move coil\n>p1 move leafblade\n>p2 move coil\n>p1 move knockoff\n>p2 move rest\n>p2 switch 3\n>p1 move doubleedge\n>p2 move eruption terastallize\n>p1 switch 2\n>p1 move sludgebomb\n>p2 switch 2\n>p1 move sludgebomb\n>p2 move grassknot\n>p1 switch 3\n>p2 move grassknot\n>p1 move grassyglide\n>p2 move icebeam\n>p2 switch 4\n>p1 switch 3\n>p2 move heatcrash\n>p1 move recover\n>p2 switch 5\n>p1 move sludgebomb terastallize\n>p2 move crunch\n>p1 switch 4\n>p2 move spore\n>p1 move lightscreen\n>p2 switch 2\n>p1 switch 5\n>p2 move eruption\n>p1 switch 4\n>p1 move surf\n>p2 move eruption\n>p1 switch 5\n>p1 move thunderwave\n>p2 move eruption\n>p1 switch 3\n>p1 move grassyglide\n>p2 move eruption\n>p1 switch 6\n>p1 move tachyoncutter\n>p2 move eruption", "uploadtime": 1771231385, "views": 14, "formatid": "gen9randombattle", "rating": 1551, "private": 0, "password": null}