{"id": "gen9randombattle-2540309630", "format": "[Gen 9] Random Battle", "players": ["harlanhatcher", "Ladiescode"], "log": "|j|☆harlanhatcher\n|j|☆Ladiescode\n|t:|1771187227\n|gametype|singles\n|player|p1|harlanhatcher|miku-ground|1709\n|player|p2|Ladiescode|266|1686\n|gen|9\n|tier|[Gen 9] Random Battle\n|rated|\n|rule|Species Clause: Limit one of each Pokémon\n|rule|HP Percentage Mod: HP is shown in percentages\n|rule|Sleep Clause Mod: Limit one foe put to sleep\n|rule|Illusion Level Mod: Illusion disguises the Pokémon's true level\n|\n|t:|1771187227\n|teamsize|p1|6\n|teamsize|p2|6\n|start\n|switch|p1a: Regigigas|Regigigas, L84|322/322\n|switch|p2a: Cresselia|Cresselia, L80, F|323/323\n|-start|p1a: Regigigas|ability: Slow Start\n|turn|1\n|\n|t:|1771187241\n|switch|p2a: Keldeo|Keldeo-Resolute, L79|273/273\n|move|p1a: Regigigas|Knock Off|p2a: Keldeo\n|-resisted|p2a: Keldeo\n|-damage|p2a: Keldeo|247/273\n|-ability|p2a: Keldeo|Justified|boost\n|-boost|p2a: Keldeo|atk|1\n|-enditem|p2a: Keldeo|Choice Specs|[from] move: Knock Off|[of] p1a: Regigigas\n|\n|upkeep\n|turn|2\n|\n|t:|1771187258\n|move|p2a: Keldeo|Secret Sword|p1a: Regigigas\n|-supereffective|p1a: Regigigas\n|-damage|p1a: Regigigas|166/322\n|move|p1a: Regigigas|Body Slam|p2a: Keldeo\n|-damage|p2a: Keldeo|177/273\n|-status|p2a: Keldeo|par\n|\n|-heal|p1a: Regigigas|186/322|[from] item: Leftovers\n|upkeep\n|turn|3\n|inactive|Battle timer is ON: inactive players will automatically lose when time's up. (requested by Ladiescode)\n|\n|t:|1771187272\n|move|p2a: Keldeo|Secret Sword|p1a: Regigigas\n|-supereffective|p1a: Regigigas\n|-crit|p1a: Regigigas\n|-damage|p1a: Regigigas|0 fnt\n|faint|p1a: Regigigas\n|-end|p1a: Regigigas|Slow Start|[silent]\n|\n|upkeep\n|\n|t:|1771187286\n|switch|p1a: Noctowl|Noctowl, L95, F|344/344\n|turn|4\n|\n|t:|1771187296\n|move|p1a: Noctowl|Hurricane|p2a: Keldeo|[miss]\n|-miss|p1a: Noctowl|p2a: Keldeo\n|cant|p2a: Keldeo|par\n|\n|upkeep\n|turn|5\n|\n|t:|1771187298\n|move|p1a: Noctowl|Hurricane|p2a: Keldeo\n|-supereffective|p2a: Keldeo\n|-damage|p2a: Keldeo|0 fnt\n|faint|p2a: Keldeo\n|\n|upkeep\n|\n|t:|1771187304\n|switch|p2a: Raichu|Raichu-Alola, L87, M|246/246\n|turn|6\n|\n|t:|1771187318\n|switch|p1a: Goodra|Goodra, L85, M|292/292\n|move|p2a: Raichu|Nasty Plot|p2a: Raichu\n|-boost|p2a: Raichu|spa|2\n|\n|upkeep\n|turn|7\n|\n|t:|1771187325\n|move|p2a: Raichu|Psyshock|p1a: Goodra\n|-damage|p1a: Goodra|2/292\n|-damage|p2a: Raichu|222/246|[from] item: Life Orb\n|move|p1a: Goodra|Draco Meteor|p2a: Raichu\n|-damage|p2a: Raichu|65/246\n|-unboost|p1a: Goodra|spa|2\n|\n|upkeep\n|turn|8\n|\n|t:|1771187333\n|switch|p1a: Chimecho|Chimecho, L93, F|290/290\n|move|p2a: Raichu|Thunderbolt|p1a: Chimecho\n|-damage|p1a: Chimecho|63/290\n|-damage|p2a: Raichu|41/246|[from] item: Life Orb\n|\n|-heal|p1a: Chimecho|81/290|[from] item: Leftovers\n|upkeep\n|turn|9\n|\n|t:|1771187338\n|switch|p1a: Goodra|Goodra, L85, M|2/292\n|move|p2a: Raichu|Thunderbolt|p1a: Goodra\n|-resisted|p1a: Goodra\n|-damage|p1a: Goodra|0 fnt\n|faint|p1a: Goodra\n|-damage|p2a: Raichu|17/246|[from] item: Life Orb\n|\n|upkeep\n|\n|t:|1771187342\n|switch|p1a: Chimecho|Chimecho, L93, F|81/290\n|turn|10\n|\n|t:|1771187344\n|move|p2a: Raichu|Thunderbolt|p1a: Chimecho\n|-damage|p1a: Chimecho|0 fnt\n|faint|p1a: Chimecho\n|-damage|p2a: Raichu|0 fnt|[from] item: Life Orb\n|faint|p2a: Raichu\n|\n|upkeep\n|\n|t:|1771187351\n|switch|p2a: Ambipom|Ambipom, L84, M|263/263\n|switch|p1a: Rabsca|Rabsca, L91, M|284/284\n|turn|11\n|\n|t:|1771187358\n|switch|p1a: Noctowl|Noctowl, L95, F|344/344\n|move|p2a: Ambipom|Fake Out|p1a: Noctowl\n|-damage|p1a: Noctowl|233/344\n|\n|upkeep\n|turn|12\n|\n|t:|1771187369\n|move|p2a: Ambipom|U-turn|p1a: Noctowl\n|-resisted|p1a: Noctowl\n|-damage|p1a: Noctowl|198/344\n|\n|t:|1771187376\n|switch|p2a: Pelipper|Pelipper, L86, F|243/243|[from] U-turn\n|-weather|RainDance|[from] ability: Drizzle|[of] p2a: Pelipper\n|move|p1a: Noctowl|Hurricane|p2a: Pelipper\n|-damage|p2a: Pelipper|75/243\n|-start|p2a: Pelipper|confusion\n|\n|-weather|RainDance|[upkeep]\n|upkeep\n|turn|13\n|\n|t:|1771187381\n|move|p1a: Noctowl|Roost|p1a: Noctowl\n|-heal|p1a: Noctowl|344/344\n|-singleturn|p1a: Noctowl|move: Roost\n|-activate|p2a: Pelipper|confusion\n|move|p2a: Pelipper|Hurricane|p1a: Noctowl\n|-damage|p1a: Noctowl|245/344\n|-start|p1a: Noctowl|confusion\n|\n|-weather|RainDance|[upkeep]\n|upkeep\n|turn|14\n|\n|t:|1771187384\n|-activate|p1a: Noctowl|confusion\n|-damage|p1a: Noctowl|223/344|[from] confusion\n|-end|p2a: Pelipper|confusion\n|move|p2a: Pelipper|Hurricane|p1a: Noctowl\n|-damage|p1a: Noctowl|123/344\n|\n|-weather|RainDance|[upkeep]\n|upkeep\n|turn|15\n|\n|t:|1771187387\n|-activate|p1a: Noctowl|confusion\n|-damage|p1a: Noctowl|101/344|[from] confusion\n|move|p2a: Pelipper|Hurricane|p1a: Noctowl\n|-damage|p1a: Noctowl|0 fnt\n|faint|p1a: Noctowl\n|\n|-weather|RainDance|[upkeep]\n|upkeep\n|\n|t:|1771187392\n|switch|p1a: Rabsca|Rabsca, L91, M|284/284\n|turn|16\n|\n|t:|1771187395\n|move|p2a: Pelipper|Hurricane|p1a: Rabsca\n|-supereffective|p1a: Rabsca\n|-damage|p1a: Rabsca|74/284\n|-start|p1a: Rabsca|confusion\n|-activate|p1a: Rabsca|confusion\n|move|p1a: Rabsca|Revival Blessing|p1a: Rabsca\n|\n|t:|1771187404\n|-heal|p1: Regigigas|161/322|[from] move: Revival Blessing\n|\n|-weather|none\n|upkeep\n|turn|17\n|\n|t:|1771187411\n|move|p2a: Pelipper|Hydro Pump|p1a: Rabsca|[miss]\n|-miss|p2a: Pelipper|p1a: Rabsca\n|-end|p1a: Rabsca|confusion\n|move|p1a: Rabsca|Trick Room|p1a: Rabsca\n|-fieldstart|move: Trick Room|[of] p1a: Rabsca\n|\n|upkeep\n|turn|18\n|\n|t:|1771187420\n|move|p1a: Rabsca|Psychic|p2a: Pelipper\n|-damage|p2a: Pelipper|0 fnt\n|faint|p2a: Pelipper\n|\n|upkeep\n|\n|t:|1771187430\n|switch|p2a: Ambipom|Ambipom, L84, M|263/263\n|turn|19\n|\n|t:|1771187433\n|move|p2a: Ambipom|Fake Out|p1a: Rabsca\n|-damage|p1a: Rabsca|5/284\n|cant|p1a: Rabsca|flinch\n|\n|upkeep\n|turn|20\n|\n|t:|1771187439\n|switch|p2a: Cresselia|Cresselia, L80, F|323/323\n|move|p1a: Rabsca|Bug Buzz|p2a: Cresselia\n|-supereffective|p2a: Cresselia\n|-damage|p2a: Cresselia|105/323\n|\n|-heal|p2a: Cresselia|125/323|[from] item: Leftovers\n|upkeep\n|turn|21\n|\n|t:|1771187457\n|move|p1a: Rabsca|Bug Buzz|p2a: Cresselia\n|-supereffective|p2a: Cresselia\n|-crit|p2a: Cresselia\n|-damage|p2a: Cresselia|0 fnt\n|faint|p2a: Cresselia\n|\n|-fieldend|move: Trick Room\n|upkeep\n|\n|t:|1771187462\n|switch|p2a: Ambipom|Ambipom, L84, M|263/263\n|turn|22\n|\n|t:|1771187468\n|move|p2a: Ambipom|Fake Out|p1a: Rabsca\n|-damage|p1a: Rabsca|0 fnt\n|faint|p1a: Rabsca\n|\n|upkeep\n|\n|t:|1771187475\n|switch|p1a: Regigigas|Regigigas, L84|161/322\n|-start|p1a: Regigigas|ability: Slow Start\n|turn|23\n|\n|t:|1771187487\n|move|p2a: Ambipom|Double-Edge|p1a: Regigigas\n|-damage|p1a: Regigigas|34/322\n|-damage|p2a: Ambipom|221/263|[from] Recoil\n|move|p1a: Regigigas|Rest|p1a: Regigigas\n|-status|p1a: Regigigas|slp|[from] move: Rest\n|-heal|p1a: Regigigas|322/322 slp|[silent]\n|\n|upkeep\n|turn|24\n|\n|t:|1771187492\n|move|p2a: Ambipom|Knock Off|p1a: Regigigas\n|-damage|p1a: Regigigas|267/322 slp\n|-enditem|p1a: Regigigas|Leftovers|[from] move: Knock Off|[of] p2a: Ambipom\n|cant|p1a: Regigigas|slp\n|move|p1a: Regigigas|Sleep Talk|p1a: Regigigas\n|move|p1a: Regigigas|Knock Off|p2a: Ambipom|[from] move: Sleep Talk\n|-damage|p2a: Ambipom|161/263\n|-enditem|p2a: Ambipom|Silk Scarf|[from] move: Knock Off|[of] p1a: Regigigas\n|\n|upkeep\n|turn|25\n|\n|t:|1771187501\n|-terastallize|p2a: Ambipom|Normal\n|move|p2a: Ambipom|Double-Edge|p1a: Regigigas\n|-damage|p1a: Regigigas|113/322 slp\n|-damage|p2a: Ambipom|110/263|[from] Recoil\n|cant|p1a: Regigigas|slp\n|move|p1a: Regigigas|Sleep Talk|p1a: Regigigas\n|move|p1a: Regigigas|Rest||[from] move: Sleep Talk|[still]\n|-fail|p1a: Regigigas\n|\n|upkeep\n|turn|26\n|\n|t:|1771187512\n|-terastallize|p1a: Regigigas|Ghost\n|move|p2a: Ambipom|Double-Edge|p1a: Regigigas\n|-immune|p1a: Regigigas\n|-curestatus|p1a: Regigigas|slp|[msg]\n|move|p1a: Regigigas|Rest|p1a: Regigigas\n|-status|p1a: Regigigas|slp|[from] move: Rest\n|-heal|p1a: Regigigas|322/322 slp|[silent]\n|\n|upkeep\n|turn|27\n|\n|t:|1771187517\n|move|p2a: Ambipom|U-turn|p1a: Regigigas\n|-resisted|p1a: Regigigas\n|-damage|p1a: Regigigas|299/322 slp\n|\n|t:|1771187518\n|switch|p2a: Ceruledge|Ceruledge, L78, M|245/245|[from] U-turn\n|cant|p1a: Regigigas|slp\n|move|p1a: Regigigas|Sleep Talk|p1a: Regigigas\n|move|p1a: Regigigas|Rest||[from] move: Sleep Talk|[still]\n|-fail|p1a: Regigigas\n|\n|-end|p1a: Regigigas|Slow Start\n|upkeep\n|turn|28\n|\n|t:|1771187522\n|cant|p1a: Regigigas|slp\n|move|p2a: Ceruledge|Swords Dance|p2a: Ceruledge\n|-boost|p2a: Ceruledge|atk|2\n|\n|upkeep\n|turn|29\n|\n|t:|1771187526\n|-curestatus|p1a: Regigigas|slp|[msg]\n|move|p1a: Regigigas|Knock Off|p2a: Ceruledge\n|-supereffective|p2a: Ceruledge\n|-damage|p2a: Ceruledge|7/245\n|-ability|p2a: Ceruledge|Weak Armor|boost\n|-unboost|p2a: Ceruledge|def|1\n|-boost|p2a: Ceruledge|spe|2\n|-enditem|p2a: Ceruledge|Heavy-Duty Boots|[from] move: Knock Off|[of] p1a: Regigigas\n|move|p2a: Ceruledge|Poltergeist||[still]\n|-fail|p2a: Ceruledge\n|\n|upkeep\n|turn|30\n|\n|t:|1771187538\n|move|p2a: Ceruledge|Bitter Blade|p1a: Regigigas\n|-damage|p1a: Regigigas|113/322\n|-heal|p2a: Ceruledge|100/245|[from] drain|[of] p1a: Regigigas\n|move|p1a: Regigigas|Knock Off|p2a: Ceruledge\n|-supereffective|p2a: Ceruledge\n|-damage|p2a: Ceruledge|0 fnt\n|faint|p2a: Ceruledge\n|\n|upkeep\n|c|☆harlanhatcher|trolled\n|\n|t:|1771187541\n|switch|p2a: Ambipom|Ambipom, L84, M, tera:Normal|110/263\n|turn|31\n|\n|t:|1771187547\n|move|p2a: Ambipom|Knock Off|p1a: Regigigas\n|-supereffective|p1a: Regigigas\n|-damage|p1a: Regigigas|39/322\n|move|p1a: Regigigas|Rest|p1a: Regigigas\n|-status|p1a: Regigigas|slp|[from] move: Rest\n|-heal|p1a: Regigigas|322/322 slp|[silent]\n|\n|upkeep\n|turn|32\n|\n|t:|1771187550\n|move|p2a: Ambipom|U-turn|p1a: Regigigas\n|-resisted|p1a: Regigigas\n|-damage|p1a: Regigigas|299/322 slp\n|cant|p1a: Regigigas|slp\n|move|p1a: Regigigas|Sleep Talk|p1a: Regigigas\n|move|p1a: Regigigas|Rest||[from] move: Sleep Talk|[still]\n|-fail|p1a: Regigigas\n|\n|upkeep\n|turn|33\n|l|☆Ladiescode\n|inactive|Ladiescode disconnected and has a minute to reconnect!\n|player|p2|\n|inactive|Ladiescode has 30 seconds to reconnect!\n|inactive|Ladiescode has 20 seconds to reconnect!\n|inactive|Ladiescode has 15 seconds to reconnect!\n|inactive|Ladiescode has 10 seconds to reconnect!\n|inactive|Ladiescode has 5 seconds to reconnect!\n|-message|Ladiescode lost due to inactivity.\n|\n|win|harlanhatcher\n|raw|harlanhatcher's rating: 1709 &rarr; <strong>1728</strong><br />(+19 for winning)\n|raw|Ladiescode's rating: 1686 &rarr; <strong>1667</strong><br />(-19 for losing)\n", "inputlog": ">version 686819e5e19f8a7fd2345cfc5a08a5085efa2cc3\n>start {\"formatid\":\"gen9randombattle\",\"seed\":\"sodium,501d54ce7890412ca39025c93f842916\",\"rated\":\"Rated battle\"}\n>player p1 {\"name\":\"harlanhatcher\",\"avatar\":\"miku-ground\",\"rating\":1709,\"seed\":\"sodium,d1c5ec991f3dcd8d57011195f5309c26\"}\n>player p2 {\"name\":\"Ladiescode\",\"avatar\":\"266\",\"rating\":1686,\"seed\":\"sodium,fcc88437d78ceb34dbca8961597a8c00\"}\n>p1 move knockoff\n>p2 switch 4\n>p1 move bodyslam\n>p2 move secretsword\n>p1 move rest\n>p2 move secretsword\n>p1 switch 4\n>p1 move hurricane\n>p2 move hydropump\n>p1 move hurricane\n>p2 move secretsword\n>p2 switch 3\n>p1 switch 3\n>p2 move nastyplot\n>p1 move dracometeor\n>p2 move psyshock\n>p1 switch 6\n>p2 move thunderbolt\n>p1 switch 6\n>p2 move thunderbolt\n>p1 switch 6\n>p1 move recover\n>p2 move thunderbolt\n>p1 switch 5\n>p2 switch 6\n>p1 switch 3\n>p2 move fakeout\n>p1 move hurricane\n>p2 move uturn\n>p2 switch 5\n>p1 move roost\n>p2 move hurricane\n>p1 move hurricane\n>p2 move hurricane\n>p1 move roost\n>p2 move hurricane\n>p1 switch 3\n>p1 move revivalblessing\n>p2 move hurricane\n>p1 switch 4\n>p1 move trickroom\n>p2 move hydropump\n>p1 move psychic\n>p2 move roost\n>p2 switch 5\n>p1 move bugbuzz\n>p2 move fakeout\n>p1 move bugbuzz\n>p2 switch 4\n>p1 move bugbuzz\n>p2 move psyshock\n>p2 switch 4\n>p1 move bugbuzz\n>p2 move fakeout\n>p1 switch 4\n>p1 move rest\n>p2 move doubleedge\n>p1 move sleeptalk\n>p2 move knockoff\n>p1 move sleeptalk\n>p2 move doubleedge terastallize\n>p1 move rest terastallize\n>p2 move doubleedge\n>p1 move sleeptalk\n>p2 move uturn\n>p2 switch 2\n>p1 move knockoff\n>p2 move swordsdance\n>p1 move knockoff\n>p2 move poltergeist\n>p1 move knockoff\n>p2 move bitterblade\n>chat ☆harlanhatcher|trolled\n>p2 switch 2\n>p1 move rest\n>p2 move knockoff\n>p1 move sleeptalk\n>p2 move uturn\n>forcelose p2", "uploadtime": 1771187629, "views": 9, "formatid": "gen9randombattle", "rating": 1667, "private": 0, "password": null}