{"id": "gen9randombattle-2540897159", "format": "[Gen 9] Random Battle", "players": ["FantasyWind", "Numenoreon"], "log": "|j|‽FantasyWind\n|j|☆Numenoreon\n|t:|1771265022\n|gametype|singles\n|player|p1|FantasyWind|rosa|1748\n|player|p2|Numenoreon|266|1734\n|gen|9\n|tier|[Gen 9] Random Battle\n|rated|\n|rule|Species Clause: Limit one of each Pokémon\n|rule|HP Percentage Mod: HP is shown in percentages\n|rule|Sleep Clause Mod: Limit one foe put to sleep\n|rule|Illusion Level Mod: Illusion disguises the Pokémon's true level\n|\n|t:|1771265022\n|teamsize|p1|6\n|teamsize|p2|6\n|start\n|switch|p1a: Piloswine|Piloswine, L85, F|309/309\n|switch|p2a: Klawf|Klawf, L90, M|272/272\n|turn|1\n|inactive|Battle timer is ON: inactive players will automatically lose when time's up. (requested by FantasyWind)\n|\n|t:|1771265033\n|move|p2a: Klawf|Stealth Rock|p1a: Piloswine\n|-sidestart|p1: FantasyWind|move: Stealth Rock\n|move|p1a: Piloswine|Earthquake|p2a: Klawf\n|-supereffective|p2a: Klawf\n|-damage|p2a: Klawf|104/272\n|\n|upkeep\n|turn|2\n|\n|t:|1771265046\n|switch|p2a: Rillaboom|Rillaboom, L79, M|288/288\n|-fieldstart|move: Grassy Terrain|[from] ability: Grassy Surge|[of] p2a: Rillaboom\n|move|p1a: Piloswine|Earthquake|p2a: Rillaboom\n|-resisted|p2a: Rillaboom\n|-damage|p2a: Rillaboom|258/288\n|\n|-heal|p2a: Rillaboom|276/288|[from] Grassy Terrain\n|upkeep\n|turn|3\n|\n|t:|1771265049\n|move|p2a: Rillaboom|Swords Dance|p2a: Rillaboom\n|-boost|p2a: Rillaboom|atk|2\n|move|p1a: Piloswine|Icicle Crash|p2a: Rillaboom\n|-supereffective|p2a: Rillaboom\n|-damage|p2a: Rillaboom|76/288\n|\n|-heal|p2a: Rillaboom|94/288|[from] Grassy Terrain\n|upkeep\n|turn|4\n|\n|t:|1771265064\n|move|p2a: Rillaboom|Wood Hammer|p1a: Piloswine\n|-supereffective|p1a: Piloswine\n|-damage|p1a: Piloswine|0 fnt\n|faint|p1a: Piloswine\n|-damage|p2a: Rillaboom|0 fnt|[from] Recoil\n|faint|p2a: Rillaboom\n|\n|upkeep\n|\n|t:|1771265073\n|switch|p2a: Klawf|Klawf, L90, M|194/272\n|switch|p1a: Tsareena|Tsareena, L87, F|267/267\n|turn|5\n|inactive|Numenoreon has 120 seconds left.\n|\n|t:|1771265114\n|switch|p2a: Zamazenta|Zamazenta-Crowned, L68|238/238\n|-ability|p2a: Zamazenta|Dauntless Shield|boost\n|-boost|p2a: Zamazenta|def|1\n|move|p1a: Tsareena|Power Whip|p2a: Zamazenta|[miss]\n|-miss|p1a: Tsareena|p2a: Zamazenta\n|\n|upkeep\n|turn|6\n|\n|t:|1771265135\n|switch|p1a: Chandelure|Chandelure, L83, M|235/235\n|move|p2a: Zamazenta|Iron Defense|p2a: Zamazenta\n|-boost|p2a: Zamazenta|def|2\n|\n|-fieldend|move: Grassy Terrain\n|upkeep\n|turn|7\n|inactive|Numenoreon has 120 seconds left.\n|\n|t:|1771265155\n|move|p2a: Zamazenta|Stone Edge|p1a: Chandelure\n|-supereffective|p1a: Chandelure\n|-damage|p1a: Chandelure|123/235\n|move|p1a: Chandelure|Fire Blast|p2a: Zamazenta\n|-supereffective|p2a: Zamazenta\n|-damage|p2a: Zamazenta|0 fnt\n|faint|p2a: Zamazenta\n|\n|upkeep\n|\n|t:|1771265164\n|switch|p2a: Komala|Komala, L89, M|260/260\n|-ability|p2a: Komala|Comatose\n|turn|8\n|\n|t:|1771265169\n|move|p1a: Chandelure|Fire Blast|p2a: Komala|[miss]\n|-miss|p1a: Chandelure|p2a: Komala\n|move|p2a: Komala|Knock Off|p1a: Chandelure\n|-supereffective|p1a: Chandelure\n|-damage|p1a: Chandelure|0 fnt\n|-enditem|p1a: Chandelure|Heavy-Duty Boots|[from] move: Knock Off|[of] p2a: Komala\n|faint|p1a: Chandelure\n|\n|upkeep\n|\n|t:|1771265172\n|switch|p1a: Tsareena|Tsareena, L87, F|267/267\n|turn|9\n|\n|t:|1771265185\n|move|p1a: Tsareena|Rapid Spin|p2a: Komala\n|-damage|p2a: Komala|209/260\n|-boost|p1a: Tsareena|spe|1\n|-sideend|p1: FantasyWind|Stealth Rock|[from] move: Rapid Spin|[of] p1a: Tsareena\n|move|p2a: Komala|Body Slam|p1a: Tsareena\n|-damage|p1a: Tsareena|158/267\n|-status|p1a: Tsareena|par\n|\n|upkeep\n|turn|10\n|\n|t:|1771265189\n|move|p2a: Komala|Knock Off|p1a: Tsareena\n|-damage|p1a: Tsareena|79/267 par\n|-enditem|p1a: Tsareena|Heavy-Duty Boots|[from] move: Knock Off|[of] p2a: Komala\n|move|p1a: Tsareena|High Jump Kick|p2a: Komala\n|-supereffective|p2a: Komala\n|-damage|p2a: Komala|0 fnt\n|faint|p2a: Komala\n|\n|upkeep\n|\n|t:|1771265195\n|switch|p2a: Klawf|Klawf, L90, M|272/272\n|turn|11\n|\n|t:|1771265198\n|move|p2a: Klawf|Stealth Rock|p1a: Tsareena\n|-sidestart|p1: FantasyWind|move: Stealth Rock\n|move|p1a: Tsareena|Power Whip|p2a: Klawf\n|-supereffective|p2a: Klawf\n|-damage|p2a: Klawf|18/272\n|\n|upkeep\n|turn|12\n|\n|t:|1771265213\n|switch|p2a: Haxorus|Haxorus, L77, M|244/244\n|-ability|p2a: Haxorus|Mold Breaker\n|move|p1a: Tsareena|Rapid Spin|p2a: Haxorus\n|-crit|p2a: Haxorus\n|-damage|p2a: Haxorus|170/244\n|-boost|p1a: Tsareena|spe|1\n|-sideend|p1: FantasyWind|Stealth Rock|[from] move: Rapid Spin|[of] p1a: Tsareena\n|\n|upkeep\n|turn|13\n|\n|t:|1771265228\n|move|p2a: Haxorus|Dragon Dance|p2a: Haxorus\n|-boost|p2a: Haxorus|atk|1\n|-boost|p2a: Haxorus|spe|1\n|move|p1a: Tsareena|High Jump Kick|p2a: Haxorus\n|-damage|p2a: Haxorus|55/244\n|\n|upkeep\n|turn|14\n|\n|t:|1771265236\n|move|p2a: Haxorus|Iron Head|p1a: Tsareena\n|-damage|p1a: Tsareena|0 fnt\n|faint|p1a: Tsareena\n|\n|upkeep\n|\n|t:|1771265242\n|switch|p1a: Arceus|Arceus-Bug, L73|295/295\n|turn|15\n|\n|t:|1771265254\n|-terastallize|p2a: Haxorus|Steel\n|move|p2a: Haxorus|Iron Head|p1a: Arceus\n|-damage|p1a: Arceus|165/295\n|cant|p1a: Arceus|flinch\n|\n|upkeep\n|turn|16\n|\n|t:|1771265262\n|move|p2a: Haxorus|Outrage|p1a: Arceus\n|-damage|p1a: Arceus|0 fnt\n|faint|p1a: Arceus\n|\n|upkeep\n|\n|t:|1771265265\n|switch|p1a: Raikou|Raikou, L81|278/278\n|-ability|p1a: Raikou|Pressure\n|turn|17\n|\n|t:|1771265267\n|move|p2a: Haxorus|Outrage|p1a: Raikou|[from] lockedmove\n|-damage|p1a: Raikou|20/278\n|-start|p2a: Haxorus|confusion|[fatigue]\n|-enditem|p2a: Haxorus|Lum Berry|[eat]\n|-end|p2a: Haxorus|confusion\n|move|p1a: Raikou|Scald|p2a: Haxorus\n|-damage|p2a: Haxorus|0 fnt\n|faint|p2a: Haxorus\n|\n|-heal|p1a: Raikou|37/278|[from] item: Leftovers\n|upkeep\n|\n|t:|1771265273\n|switch|p2a: Deoxys|Deoxys-Defense, L84|221/221\n|-ability|p2a: Deoxys|Pressure\n|turn|18\n|\n|t:|1771265279\n|switch|p1a: Raikou|Raikou, L81|235/235\n|move|p2a: Deoxys|Spikes|p1a: Raikou\n|-sidestart|p1: FantasyWind|Spikes\n|\n|upkeep\n|turn|19\n|\n|t:|1771265289\n|move|p1a: Raikou|Dark Pulse|p2a: Deoxys\n|-supereffective|p2a: Deoxys\n|-damage|p2a: Deoxys|35/221\n|move|p2a: Deoxys|Teleport|p2a: Deoxys\n|\n|t:|1771265297\n|switch|p2a: Klawf|Klawf, L90, M|108/272|[from] Teleport\n|\n|upkeep\n|turn|20\n|\n|t:|1771265302\n|switch|p2a: Deoxys|Deoxys-Defense, L84|35/221\n|-ability|p2a: Deoxys|Pressure\n|move|p1a: Raikou|Dark Pulse|p2a: Deoxys\n|-supereffective|p2a: Deoxys\n|-damage|p2a: Deoxys|0 fnt\n|faint|p2a: Deoxys\n|\n|upkeep\n|\n|t:|1771265304\n|switch|p2a: Klawf|Klawf, L90, M|198/272\n|turn|21\n|\n|t:|1771265310\n|move|p1a: Raikou|Dark Pulse|p2a: Klawf\n|-damage|p2a: Klawf|8/272\n|move|p2a: Klawf|Stone Edge|p1a: Raikou\n|-damage|p1a: Raikou|32/235\n|replace|p1a: Zoroark|Zoroark, L83, F\n|-end|p1a: Zoroark|Illusion\n|-hint|Illusion Level Mod is active, so this Pokémon's true level was hidden.\n|-damage|p2a: Klawf|0 fnt|[from] item: Life Orb\n|faint|p2a: Klawf\n|\n|win|FantasyWind\n|raw|FantasyWind's rating: 1748 &rarr; <strong>1767</strong><br />(+19 for winning)\n|raw|Numenoreon's rating: 1734 &rarr; <strong>1715</strong><br />(-19 for losing)\n", "inputlog": ">version 686819e5e19f8a7fd2345cfc5a08a5085efa2cc3\n>start {\"formatid\":\"gen9randombattle\",\"seed\":\"sodium,42f196a37b16fe8c2b2608d6bb6b7688\",\"rated\":\"Rated battle\"}\n>player p1 {\"name\":\"FantasyWind\",\"avatar\":\"rosa\",\"rating\":1748,\"seed\":\"sodium,a0888cbc2fbc5ace49e78a11e3670c81\"}\n>player p2 {\"name\":\"Numenoreon\",\"avatar\":\"266\",\"rating\":1734,\"seed\":\"sodium,d7e02713cf90499dd52fa733b480b498\"}\n>p1 move earthquake\n>p2 move stealthrock\n>p1 move earthquake\n>p2 switch 6\n>p1 move iciclecrash\n>p2 move swordsdance\n>p1 move iciclecrash\n>p2 move woodhammer\n>p1 switch 6\n>p2 switch 6\n>p1 move powerwhip\n>p2 switch 3\n>p1 switch 4\n>p2 move irondefense\n>p1 move fireblast\n>p2 move stoneedge\n>p2 switch 2\n>p1 move fireblast\n>p2 move knockoff\n>p1 switch 4\n>p1 move rapidspin\n>p2 move bodyslam\n>p1 move highjumpkick\n>p2 move knockoff\n>p2 switch 3\n>p1 move powerwhip\n>p2 move stealthrock\n>p1 move rapidspin\n>p2 switch 5\n>p1 move highjumpkick\n>p2 move dragondance\n>p1 move highjumpkick\n>p2 move ironhead\n>p1 switch 2\n>p1 move judgment\n>p2 move ironhead terastallize\n>p1 move earthpower\n>p2 move outrage\n>p1 switch 5\n>p1 move scald\n>p2 move outrage\n>p2 switch 4\n>p1 switch 3\n>p2 move spikes\n>p1 move darkpulse\n>p2 move teleport\n>p2 switch 5\n>p1 move darkpulse\n>p2 switch 5\n>p2 switch 5\n>p1 move darkpulse\n>p2 move stoneedge", "uploadtime": 1771265312, "views": 2, "formatid": "gen9randombattle", "rating": 1715, "private": 0, "password": null}