{"id": "gen9randombattle-2540479520", "format": "[Gen 9] Random Battle", "players": ["Tyson8Nuggz", "stupidlyunlucky"], "log": "|j|☆Tyson8Nuggz\n|j|☆stupidlyunlucky\n|t:|1771207182\n|gametype|singles\n|player|p1|Tyson8Nuggz|101|1634\n|player|p2|stupidlyunlucky|steven-masters2|1670\n|gen|9\n|tier|[Gen 9] Random Battle\n|rated|\n|rule|Species Clause: Limit one of each Pokémon\n|rule|HP Percentage Mod: HP is shown in percentages\n|rule|Sleep Clause Mod: Limit one foe put to sleep\n|rule|Illusion Level Mod: Illusion disguises the Pokémon's true level\n|\n|t:|1771207182\n|teamsize|p1|6\n|teamsize|p2|6\n|start\n|switch|p1a: Annihilape|Annihilape, L76, F|292/292\n|switch|p2a: Luxray|Luxray, L88, F|284/284\n|-ability|p2a: Luxray|Intimidate|boost\n|-unboost|p1a: Annihilape|atk|1\n|-ability|p1a: Annihilape|Defiant|boost\n|-boost|p1a: Annihilape|atk|2\n|turn|1\n|inactive|Battle timer is ON: inactive players will automatically lose when time's up. (requested by stupidlyunlucky)\n|inactive|stupidlyunlucky has 120 seconds left.\n|\n|t:|1771207235\n|move|p1a: Annihilape|Bulk Up|p1a: Annihilape\n|-boost|p1a: Annihilape|atk|1\n|-boost|p1a: Annihilape|def|1\n|move|p2a: Luxray|Play Rough|p1a: Annihilape\n|-supereffective|p1a: Annihilape\n|-damage|p1a: Annihilape|156/292\n|\n|-heal|p1a: Annihilape|174/292|[from] item: Leftovers\n|upkeep\n|turn|2\n|inactive|stupidlyunlucky has 120 seconds left.\n|\n|t:|1771207268\n|-terastallize|p2a: Luxray|Fairy\n|move|p1a: Annihilape|Drain Punch|p2a: Luxray\n|-resisted|p2a: Luxray\n|-damage|p2a: Luxray|203/284\n|-heal|p1a: Annihilape|215/292|[from] drain|[of] p2a: Luxray\n|move|p2a: Luxray|Play Rough|p1a: Annihilape|[miss]\n|-miss|p2a: Luxray|p1a: Annihilape\n|\n|-heal|p1a: Annihilape|233/292|[from] item: Leftovers\n|upkeep\n|turn|3\n|\n|t:|1771207281\n|move|p1a: Annihilape|Gunk Shot|p2a: Luxray\n|-supereffective|p2a: Luxray\n|-damage|p2a: Luxray|0 fnt\n|faint|p2a: Luxray\n|\n|-heal|p1a: Annihilape|251/292|[from] item: Leftovers\n|upkeep\n|inactive|stupidlyunlucky has 120 seconds left.\n|\n|t:|1771207310\n|switch|p2a: Lumineon|Lumineon, L93, M|279/279\n|turn|4\n|\n|t:|1771207324\n|move|p2a: Lumineon|Alluring Voice|p1a: Annihilape\n|-supereffective|p1a: Annihilape\n|-damage|p1a: Annihilape|85/292\n|-damage|p2a: Lumineon|252/279|[from] item: Life Orb\n|move|p1a: Annihilape|Drain Punch|p2a: Lumineon\n|-damage|p2a: Lumineon|87/279\n|-heal|p1a: Annihilape|168/292|[from] drain|[of] p2a: Lumineon\n|\n|-heal|p1a: Annihilape|186/292|[from] item: Leftovers\n|upkeep\n|turn|5\n|\n|t:|1771207336\n|move|p2a: Lumineon|Alluring Voice|p1a: Annihilape\n|-supereffective|p1a: Annihilape\n|-damage|p1a: Annihilape|25/292\n|-damage|p2a: Lumineon|60/279|[from] item: Life Orb\n|move|p1a: Annihilape|Drain Punch|p2a: Lumineon\n|-damage|p2a: Lumineon|0 fnt\n|-heal|p1a: Annihilape|55/292|[from] drain|[of] p2a: Lumineon\n|faint|p2a: Lumineon\n|\n|-heal|p1a: Annihilape|73/292|[from] item: Leftovers\n|upkeep\n|inactive|stupidlyunlucky has 120 seconds left.\n|\n|t:|1771207344\n|switch|p2a: Dondozo|Dondozo, L78, F|362/362\n|turn|6\n|\n|t:|1771207348\n|move|p1a: Annihilape|Drain Punch|p2a: Dondozo\n|-damage|p2a: Dondozo|296/362\n|-heal|p1a: Annihilape|106/292|[from] drain|[of] p2a: Dondozo\n|move|p2a: Dondozo|Curse|p2a: Dondozo\n|-unboost|p2a: Dondozo|spe|1\n|-boost|p2a: Dondozo|atk|1\n|-boost|p2a: Dondozo|def|1\n|\n|-heal|p1a: Annihilape|124/292|[from] item: Leftovers\n|-heal|p2a: Dondozo|318/362|[from] item: Leftovers\n|upkeep\n|turn|7\n|\n|t:|1771207354\n|move|p1a: Annihilape|Bulk Up|p1a: Annihilape\n|-boost|p1a: Annihilape|atk|1\n|-boost|p1a: Annihilape|def|1\n|move|p2a: Dondozo|Curse|p2a: Dondozo\n|-unboost|p2a: Dondozo|spe|1\n|-boost|p2a: Dondozo|atk|1\n|-boost|p2a: Dondozo|def|1\n|\n|-heal|p1a: Annihilape|142/292|[from] item: Leftovers\n|-heal|p2a: Dondozo|340/362|[from] item: Leftovers\n|upkeep\n|turn|8\n|\n|t:|1771207357\n|move|p1a: Annihilape|Bulk Up|p1a: Annihilape\n|-boost|p1a: Annihilape|atk|1\n|-boost|p1a: Annihilape|def|1\n|move|p2a: Dondozo|Curse|p2a: Dondozo\n|-unboost|p2a: Dondozo|spe|1\n|-boost|p2a: Dondozo|atk|1\n|-boost|p2a: Dondozo|def|1\n|\n|-heal|p1a: Annihilape|160/292|[from] item: Leftovers\n|-heal|p2a: Dondozo|362/362|[from] item: Leftovers\n|upkeep\n|turn|9\n|\n|t:|1771207361\n|move|p1a: Annihilape|Bulk Up|p1a: Annihilape\n|-boost|p1a: Annihilape|atk|1\n|-boost|p1a: Annihilape|def|1\n|move|p2a: Dondozo|Curse|p2a: Dondozo\n|-unboost|p2a: Dondozo|spe|1\n|-boost|p2a: Dondozo|atk|1\n|-boost|p2a: Dondozo|def|1\n|\n|-heal|p1a: Annihilape|178/292|[from] item: Leftovers\n|upkeep\n|turn|10\n|\n|t:|1771207364\n|move|p1a: Annihilape|Bulk Up|p1a: Annihilape\n|-boost|p1a: Annihilape|atk|1\n|-boost|p1a: Annihilape|def|1\n|move|p2a: Dondozo|Curse|p2a: Dondozo\n|-unboost|p2a: Dondozo|spe|1\n|-boost|p2a: Dondozo|atk|1\n|-boost|p2a: Dondozo|def|1\n|\n|-heal|p1a: Annihilape|196/292|[from] item: Leftovers\n|upkeep\n|turn|11\n|\n|t:|1771207369\n|move|p1a: Annihilape|Drain Punch|p2a: Dondozo\n|-damage|p2a: Dondozo|341/362\n|-heal|p1a: Annihilape|207/292|[from] drain|[of] p2a: Dondozo\n|move|p2a: Dondozo|Curse|p2a: Dondozo\n|-unboost|p2a: Dondozo|spe|1\n|-boost|p2a: Dondozo|atk|1\n|-boost|p2a: Dondozo|def|1\n|\n|-heal|p1a: Annihilape|225/292|[from] item: Leftovers\n|-heal|p2a: Dondozo|362/362|[from] item: Leftovers\n|upkeep\n|turn|12\n|\n|t:|1771207375\n|move|p1a: Annihilape|Rage Fist|p2a: Dondozo\n|-damage|p2a: Dondozo|314/362\n|move|p2a: Dondozo|Wave Crash|p1a: Annihilape\n|-damage|p1a: Annihilape|0 fnt\n|faint|p1a: Annihilape\n|-damage|p2a: Dondozo|240/362|[from] Recoil\n|\n|-heal|p2a: Dondozo|262/362|[from] item: Leftovers\n|upkeep\n|\n|t:|1771207385\n|switch|p1a: Hydrapple|Hydrapple, L83, M|312/312\n|turn|13\n|\n|t:|1771207400\n|switch|p2a: Victreebel|Victreebel, L90, M|290/290\n|move|p1a: Hydrapple|Leaf Storm|p2a: Victreebel\n|-resisted|p2a: Victreebel\n|-damage|p2a: Victreebel|242/290\n|-unboost|p1a: Hydrapple|spa|2\n|\n|upkeep\n|turn|14\n|\n|t:|1771207410\n|switch|p2a: Annihilape|Annihilape, L76, F|292/292\n|switch|p1a: Muk|Muk, L86, M|321/321\n|\n|upkeep\n|turn|15\n|\n|t:|1771207423\n|move|p2a: Annihilape|Bulk Up|p2a: Annihilape\n|-boost|p2a: Annihilape|atk|1\n|-boost|p2a: Annihilape|def|1\n|move|p1a: Muk|Knock Off|p2a: Annihilape\n|-damage|p2a: Annihilape|236/292\n|-enditem|p2a: Annihilape|Leftovers|[from] move: Knock Off|[of] p1a: Muk\n|\n|upkeep\n|turn|16\n|\n|t:|1771207432\n|move|p2a: Annihilape|Bulk Up|p2a: Annihilape\n|-boost|p2a: Annihilape|atk|1\n|-boost|p2a: Annihilape|def|1\n|move|p1a: Muk|Haze|p1a: Muk\n|-clearallboost\n|\n|upkeep\n|turn|17\n|\n|t:|1771207437\n|move|p2a: Annihilape|Taunt|p1a: Muk\n|-start|p1a: Muk|move: Taunt\n|move|p1a: Muk|Gunk Shot|p2a: Annihilape|[miss]\n|-miss|p1a: Muk|p2a: Annihilape\n|\n|upkeep\n|turn|18\n|\n|t:|1771207443\n|switch|p1a: Espathra|Espathra, L80, F|283/283\n|move|p2a: Annihilape|Bulk Up|p2a: Annihilape\n|-boost|p2a: Annihilape|atk|1\n|-boost|p2a: Annihilape|def|1\n|\n|upkeep\n|turn|19\n|\n|t:|1771207455\n|move|p1a: Espathra|Lumina Crash|p2a: Annihilape\n|-supereffective|p2a: Annihilape\n|-damage|p2a: Annihilape|0 fnt\n|faint|p2a: Annihilape\n|\n|-ability|p1a: Espathra|Speed Boost|boost\n|-boost|p1a: Espathra|spe|1\n|upkeep\n|\n|t:|1771207465\n|switch|p2a: Dondozo|Dondozo, L78, F|262/362\n|turn|20\n|\n|t:|1771207491\n|move|p1a: Espathra|Lumina Crash|p2a: Dondozo\n|-damage|p2a: Dondozo|111/362\n|-unboost|p2a: Dondozo|spd|2\n|move|p2a: Dondozo|Wave Crash|p1a: Espathra\n|-damage|p1a: Espathra|132/283\n|-damage|p2a: Dondozo|61/362|[from] Recoil\n|\n|-heal|p2a: Dondozo|83/362|[from] item: Leftovers\n|-ability|p1a: Espathra|Speed Boost|boost\n|-boost|p1a: Espathra|spe|1\n|upkeep\n|turn|21\n|\n|t:|1771207500\n|move|p1a: Espathra|Lumina Crash|p2a: Dondozo\n|-damage|p2a: Dondozo|0 fnt\n|faint|p2a: Dondozo\n|\n|-ability|p1a: Espathra|Speed Boost|boost\n|-boost|p1a: Espathra|spe|1\n|upkeep\n|\n|t:|1771207502\n|switch|p2a: Gurdurr|Gurdurr, L85, M|283/283\n|turn|22\n|\n|t:|1771207511\n|switch|p1a: Muk|Muk, L86, M|321/321\n|move|p2a: Gurdurr|Knock Off|p1a: Muk\n|-damage|p1a: Muk|232/321\n|-enditem|p1a: Muk|Leftovers|[from] move: Knock Off|[of] p2a: Gurdurr\n|\n|upkeep\n|turn|23\n|\n|t:|1771207517\n|move|p1a: Muk|Knock Off|p2a: Gurdurr\n|-resisted|p2a: Gurdurr\n|-damage|p2a: Gurdurr|255/283\n|-enditem|p2a: Gurdurr|Eviolite|[from] move: Knock Off|[of] p1a: Muk\n|move|p2a: Gurdurr|Bulk Up|p2a: Gurdurr\n|-boost|p2a: Gurdurr|atk|1\n|-boost|p2a: Gurdurr|def|1\n|\n|upkeep\n|turn|24\n|\n|t:|1771207524\n|move|p1a: Muk|Haze|p1a: Muk\n|-clearallboost\n|move|p2a: Gurdurr|Knock Off|p1a: Muk\n|-damage|p1a: Muk|174/321\n|\n|upkeep\n|turn|25\n|\n|t:|1771207529\n|move|p1a: Muk|Gunk Shot|p2a: Gurdurr\n|-damage|p2a: Gurdurr|110/283\n|-status|p2a: Gurdurr|psn\n|move|p2a: Gurdurr|Bulk Up|p2a: Gurdurr\n|-boost|p2a: Gurdurr|atk|1\n|-boost|p2a: Gurdurr|def|1\n|\n|-damage|p2a: Gurdurr|75/283 psn|[from] psn\n|upkeep\n|turn|26\n|\n|t:|1771207534\n|move|p1a: Muk|Haze|p1a: Muk\n|-clearallboost\n|move|p2a: Gurdurr|Knock Off|p1a: Muk\n|-damage|p1a: Muk|91/321\n|\n|-damage|p2a: Gurdurr|40/283 psn|[from] psn\n|upkeep\n|turn|27\n|\n|t:|1771207539\n|move|p2a: Gurdurr|Mach Punch|p1a: Muk\n|-resisted|p1a: Muk\n|-damage|p1a: Muk|53/321\n|move|p1a: Muk|Gunk Shot|p2a: Gurdurr\n|-damage|p2a: Gurdurr|0 fnt\n|faint|p2a: Gurdurr\n|\n|upkeep\n|\n|t:|1771207541\n|switch|p2a: Victreebel|Victreebel, L90, M|242/290\n|turn|28\n|\n|t:|1771207552\n|move|p2a: Victreebel|Sleep Powder|p1a: Muk\n|-status|p1a: Muk|slp|[from] move: Sleep Powder\n|cant|p1a: Muk|slp\n|\n|upkeep\n|turn|29\n|\n|t:|1771207557\n|switch|p1a: Espathra|Espathra, L80, F|132/283\n|move|p2a: Victreebel|Sludge Wave|p1a: Espathra\n|-damage|p1a: Espathra|0 fnt\n|faint|p1a: Espathra\n|-damage|p2a: Victreebel|213/290|[from] item: Life Orb\n|\n|upkeep\n|\n|t:|1771207561\n|switch|p1a: Hydrapple|Hydrapple, L83, M|312/312\n|turn|30\n|\n|t:|1771207564\n|move|p2a: Victreebel|Sludge Wave|p1a: Hydrapple\n|-supereffective|p1a: Hydrapple\n|-damage|p1a: Hydrapple|99/312\n|-damage|p2a: Victreebel|184/290|[from] item: Life Orb\n|move|p1a: Hydrapple|Fickle Beam|p2a: Victreebel|[anim] Fickle Beam All Out\n|-activate|p1a: Hydrapple|move: Fickle Beam\n|-damage|p2a: Victreebel|0 fnt\n|faint|p2a: Victreebel\n|\n|win|Tyson8Nuggz\n|raw|Tyson8Nuggz's rating: 1634 &rarr; <strong>1655</strong><br />(+21 for winning)\n|raw|stupidlyunlucky's rating: 1651 &rarr; <strong>1630</strong><br />(-21 for losing)\n|l|☆Tyson8Nuggz\n|player|p1|\n|l|☆stupidlyunlucky\n|player|p2|\n|j|☆stupidlyunlucky\n|player|p2|stupidlyunlucky|steven-masters2|\n", "inputlog": ">version 686819e5e19f8a7fd2345cfc5a08a5085efa2cc3\n>start {\"formatid\":\"gen9randombattle\",\"seed\":\"sodium,794664b27501223e144a9035d77e1772\",\"rated\":\"Rated battle\"}\n>player p1 {\"name\":\"Tyson8Nuggz\",\"avatar\":\"101\",\"rating\":1634,\"seed\":\"sodium,1bd5efba90675f8c6c445ed441e7d807\"}\n>player p2 {\"name\":\"stupidlyunlucky\",\"avatar\":\"steven-masters2\",\"rating\":1670,\"seed\":\"sodium,62b905df08570122db1cfeacac1d8665\"}\n>p1 move bulkup\n>p2 move playrough\n>p1 move drainpunch\n>p2 move playrough terastallize\n>p1 move gunkshot\n>p2 move playrough\n>p2 switch 3\n>p1 move drainpunch\n>p2 move alluringvoice\n>p1 move drainpunch\n>p2 move alluringvoice\n>p2 switch 6\n>p1 move drainpunch\n>p2 move curse\n>p1 move bulkup\n>p2 move curse\n>p1 move bulkup\n>p2 move curse\n>p1 move bulkup\n>p2 move curse\n>p1 move bulkup\n>p2 move curse\n>p1 move drainpunch\n>p2 move curse\n>p1 move ragefist\n>p2 move wavecrash\n>p1 switch 4\n>p1 move leafstorm\n>p2 switch 5\n>p1 switch 6\n>p2 switch 2\n>p1 move knockoff\n>p2 move bulkup\n>p1 move haze\n>p2 move bulkup\n>p1 move gunkshot\n>p2 move taunt\n>p1 switch 2\n>p2 move bulkup\n>p1 move luminacrash\n>p2 move ragefist\n>p2 switch 5\n>p1 move luminacrash\n>p2 move wavecrash\n>p1 move luminacrash\n>p2 move wavecrash\n>p2 switch 4\n>p1 switch 2\n>p2 move knockoff\n>p1 move knockoff\n>p2 move bulkup\n>p1 move haze\n>p2 move knockoff\n>p1 move gunkshot\n>p2 move bulkup\n>p1 move haze\n>p2 move knockoff\n>p1 move gunkshot\n>p2 move machpunch\n>p2 switch 2\n>p1 move gunkshot\n>p2 move sleeppowder\n>p1 switch 2\n>p2 move sludgewave\n>p1 switch 6\n>p1 move ficklebeam\n>p2 move sludgewave", "uploadtime": 1771207576, "views": 18, "formatid": "gen9randombattle", "rating": 1630, "private": 0, "password": null}