{"id": "gen9randombattle-2540424689", "format": "[Gen 9] Random Battle", "players": ["paranoiddandroid", "isnothingeasy"], "log": "|j|☆paranoiddandroid\n|j|☆isnothingeasy\n|t:|1771200379\n|gametype|singles\n|player|p1|paranoiddandroid|unknown|1911\n|player|p2|isnothingeasy|lady|1922\n|gen|9\n|tier|[Gen 9] Random Battle\n|rated|\n|rule|Species Clause: Limit one of each Pokémon\n|rule|HP Percentage Mod: HP is shown in percentages\n|rule|Sleep Clause Mod: Limit one foe put to sleep\n|rule|Illusion Level Mod: Illusion disguises the Pokémon's true level\n|\n|t:|1771200379\n|teamsize|p1|6\n|teamsize|p2|6\n|start\n|switch|p1a: Incineroar|Incineroar, L82, M|290/290\n|switch|p2a: Lycanroc|Lycanroc, L86, M|269/269\n|-ability|p1a: Incineroar|Intimidate|boost\n|-unboost|p2a: Lycanroc|atk|1\n|turn|1\n|\n|t:|1771200394\n|move|p2a: Lycanroc|Stealth Rock|p1a: Incineroar\n|-sidestart|p1: paranoiddandroid|move: Stealth Rock\n|move|p1a: Incineroar|Close Combat|p2a: Lycanroc\n|-supereffective|p2a: Lycanroc\n|-crit|p2a: Lycanroc\n|-damage|p2a: Lycanroc|0 fnt\n|-unboost|p1a: Incineroar|def|1\n|-unboost|p1a: Incineroar|spd|1\n|faint|p2a: Lycanroc\n|\n|upkeep\n|\n|t:|1771200402\n|switch|p2a: Donphan|Donphan, L84, F|288/288\n|turn|2\n|\n|t:|1771200416\n|switch|p1a: Dudunsparce|Dudunsparce-Three-Segment, L83, M|343/343\n|-damage|p1a: Dudunsparce|301/343|[from] Stealth Rock\n|move|p2a: Donphan|Rapid Spin|p1a: Dudunsparce\n|-damage|p1a: Dudunsparce|252/343\n|-boost|p2a: Donphan|spe|1\n|\n|-heal|p1a: Dudunsparce|273/343|[from] item: Leftovers\n|upkeep\n|turn|3\n|\n|t:|1771200426\n|move|p2a: Donphan|Earthquake|p1a: Dudunsparce\n|-damage|p1a: Dudunsparce|131/343\n|move|p1a: Dudunsparce|Boomburst|p2a: Donphan\n|-damage|p2a: Donphan|174/288\n|\n|-heal|p1a: Dudunsparce|152/343|[from] item: Leftovers\n|upkeep\n|turn|4\n|\n|t:|1771200435\n|move|p2a: Donphan|Knock Off|p1a: Dudunsparce\n|-damage|p1a: Dudunsparce|62/343\n|-ability|p1a: Dudunsparce|Rattled|boost\n|-boost|p1a: Dudunsparce|spe|1\n|-enditem|p1a: Dudunsparce|Leftovers|[from] move: Knock Off|[of] p2a: Donphan\n|move|p1a: Dudunsparce|Roost|p1a: Dudunsparce\n|-heal|p1a: Dudunsparce|234/343\n|-singleturn|p1a: Dudunsparce|move: Roost\n|\n|upkeep\n|turn|5\n|\n|t:|1771200443\n|switch|p2a: Glaceon|Glaceon, L94, M|275/275\n|move|p1a: Dudunsparce|Calm Mind|p1a: Dudunsparce\n|-boost|p1a: Dudunsparce|spa|1\n|-boost|p1a: Dudunsparce|spd|1\n|\n|upkeep\n|turn|6\n|\n|t:|1771200449\n|move|p1a: Dudunsparce|Calm Mind|p1a: Dudunsparce\n|-boost|p1a: Dudunsparce|spa|1\n|-boost|p1a: Dudunsparce|spd|1\n|move|p2a: Glaceon|Calm Mind|p2a: Glaceon\n|-boost|p2a: Glaceon|spa|1\n|-boost|p2a: Glaceon|spd|1\n|\n|upkeep\n|turn|7\n|\n|t:|1771200456\n|move|p1a: Dudunsparce|Boomburst|p2a: Glaceon\n|-crit|p2a: Glaceon\n|-damage|p2a: Glaceon|0 fnt\n|faint|p2a: Glaceon\n|\n|upkeep\n|\n|t:|1771200463\n|switch|p2a: Azelf|Azelf, L82|257/257\n|turn|8\n|\n|t:|1771200468\n|move|p2a: Azelf|Thunderbolt|p1a: Dudunsparce\n|-damage|p1a: Dudunsparce|176/343\n|-damage|p2a: Azelf|232/257|[from] item: Life Orb\n|move|p1a: Dudunsparce|Shadow Ball|p2a: Azelf\n|-supereffective|p2a: Azelf\n|-damage|p2a: Azelf|0 fnt\n|faint|p2a: Azelf\n|\n|upkeep\n|\n|t:|1771200475\n|switch|p2a: Delibird|Delibird, F|252/252\n|turn|9\n|\n|t:|1771200479\n|-terastallize|p2a: Delibird|Ghost\n|move|p1a: Dudunsparce|Boomburst|p2a: Delibird\n|-immune|p2a: Delibird\n|move|p2a: Delibird|Brave Bird|p1a: Dudunsparce\n|-damage|p1a: Dudunsparce|47/343\n|-damage|p2a: Delibird|209/252|[from] Recoil\n|\n|upkeep\n|turn|10\n|\n|t:|1771200487\n|move|p1a: Dudunsparce|Roost|p1a: Dudunsparce\n|-heal|p1a: Dudunsparce|219/343\n|-singleturn|p1a: Dudunsparce|move: Roost\n|move|p2a: Delibird|Rapid Spin|p1a: Dudunsparce\n|-damage|p1a: Dudunsparce|183/343\n|-boost|p2a: Delibird|spe|1\n|\n|upkeep\n|turn|11\n|\n|t:|1771200493\n|move|p2a: Delibird|Brave Bird|p1a: Dudunsparce\n|-damage|p1a: Dudunsparce|59/343\n|-damage|p2a: Delibird|168/252|[from] Recoil\n|move|p1a: Dudunsparce|Shadow Ball|p2a: Delibird\n|-supereffective|p2a: Delibird\n|-damage|p2a: Delibird|0 fnt\n|faint|p2a: Delibird\n|\n|upkeep\n|\n|t:|1771200499\n|switch|p2a: Donphan|Donphan, L84, F|174/288\n|turn|12\n|\n|t:|1771200504\n|move|p2a: Donphan|Ice Shard|p1a: Dudunsparce\n|-damage|p1a: Dudunsparce|23/343\n|move|p1a: Dudunsparce|Boomburst|p2a: Donphan\n|-damage|p2a: Donphan|0 fnt\n|faint|p2a: Donphan\n|\n|upkeep\n|-message|isnothingeasy forfeited.\n|\n|win|paranoiddandroid\n|raw|paranoiddandroid's rating: 1911 &rarr; <strong>1932</strong><br />(+21 for winning)\n|raw|isnothingeasy's rating: 1922 &rarr; <strong>1901</strong><br />(-21 for losing)\n|l|☆isnothingeasy\n|player|p2|\n|c|☆paranoiddandroid|gg\n", "inputlog": ">version 686819e5e19f8a7fd2345cfc5a08a5085efa2cc3\n>start {\"formatid\":\"gen9randombattle\",\"seed\":\"sodium,5f7294de21b44d0331121137cf8a8ce4\",\"rated\":\"Rated battle\"}\n>player p1 {\"name\":\"paranoiddandroid\",\"avatar\":\"unknown\",\"rating\":1911,\"seed\":\"sodium,9ed64c5ef98677809a5cf88f17348153\"}\n>player p2 {\"name\":\"isnothingeasy\",\"avatar\":\"lady\",\"rating\":1922,\"seed\":\"sodium,cb851083209720d3594c521251e35489\"}\n>p1 move closecombat\n>p2 move stealthrock\n>p2 switch 4\n>p1 switch 2\n>p2 move rapidspin\n>p1 move boomburst\n>p2 move earthquake\n>p1 move roost\n>p2 move knockoff\n>p1 move calmmind\n>p2 switch 3\n>p1 move calmmind\n>p2 move calmmind\n>p1 move boomburst\n>p2 move calmmind\n>p2 switch 6\n>p1 move shadowball\n>p2 move thunderbolt\n>p2 switch 5\n>p1 move boomburst\n>p2 move bravebird terastallize\n>p1 move roost\n>p2 move rapidspin\n>p1 move shadowball\n>p2 move bravebird\n>p2 switch 3\n>p1 move boomburst\n>p2 move iceshard\n>forcelose p2", "uploadtime": 1771200513, "views": 9, "formatid": "gen9randombattle", "rating": 1901, "private": 0, "password": null}