{"id": "gen9randombattle-2540942666", "format": "[Gen 9] Random Battle", "players": ["hammy358", "poweroutage273"], "log": "|j|☆hammy358\n|j|☆poweroutage273\n|t:|1771269399\n|gametype|singles\n|player|p1|hammy358|#rbtt9storms|2195\n|player|p2|poweroutage273|malva|2231\n|gen|9\n|tier|[Gen 9] Random Battle\n|rated|\n|rule|Species Clause: Limit one of each Pokémon\n|rule|HP Percentage Mod: HP is shown in percentages\n|rule|Sleep Clause Mod: Limit one foe put to sleep\n|rule|Illusion Level Mod: Illusion disguises the Pokémon's true level\n|\n|t:|1771269399\n|teamsize|p1|6\n|teamsize|p2|6\n|start\n|switch|p1a: Eternatus|Eternatus, L69|308/308\n|switch|p2a: Clodsire|Clodsire, L81, F|343/343\n|-ability|p1a: Eternatus|Pressure\n|turn|1\n|inactive|Battle timer is ON: inactive players will automatically lose when time's up. (requested by hammy358)\n|\n|t:|1771269425\n|switch|p1a: Wyrdeer|Wyrdeer, L87, M|321/321\n|-ability|p1a: Wyrdeer|Intimidate|boost\n|-unboost|p2a: Clodsire|atk|1\n|move|p2a: Clodsire|Stealth Rock|p1a: Wyrdeer\n|-sidestart|p1: hammy358|move: Stealth Rock\n|\n|upkeep\n|turn|2\n|\n|t:|1771269447\n|switch|p2a: Forretress|Forretress, L84, M|263/263\n|move|p1a: Wyrdeer|Earthquake|p2a: Forretress\n|-damage|p2a: Forretress|210/263\n|\n|-heal|p2a: Forretress|226/263|[from] item: Leftovers\n|upkeep\n|turn|3\n|inactive|hammy358 has 120 seconds left.\n|inactive|hammy358 has 90 seconds left.\n|\n|t:|1771269526\n|move|p1a: Wyrdeer|Psychic Noise|p2a: Forretress\n|-resisted|p2a: Forretress\n|-crit|p2a: Forretress\n|-damage|p2a: Forretress|135/263\n|-start|p2a: Forretress|move: Heal Block\n|move|p2a: Forretress|Iron Head|p1a: Wyrdeer\n|-damage|p1a: Wyrdeer|236/321\n|\n|upkeep\n|turn|4\n|j| Will Stoner\n|inactive|poweroutage273 has 120 seconds left.\n|\n|t:|1771269546\n|move|p1a: Wyrdeer|Psychic Noise|p2a: Forretress\n|-resisted|p2a: Forretress\n|-damage|p2a: Forretress|75/263\n|move|p2a: Forretress|Iron Head|p1a: Wyrdeer\n|-damage|p1a: Wyrdeer|139/321\n|\n|-end|p2a: Forretress|move: Heal Block\n|upkeep\n|turn|5\n|\n|t:|1771269575\n|move|p1a: Wyrdeer|Psychic Noise|p2a: Forretress\n|-resisted|p2a: Forretress\n|-damage|p2a: Forretress|18/263\n|-start|p2a: Forretress|move: Heal Block\n|move|p2a: Forretress|Iron Head|p1a: Wyrdeer\n|-damage|p1a: Wyrdeer|46/321\n|\n|upkeep\n|turn|6\n|\n|t:|1771269585\n|move|p1a: Wyrdeer|Earthquake|p2a: Forretress\n|-crit|p2a: Forretress\n|-damage|p2a: Forretress|0 fnt\n|faint|p2a: Forretress\n|\n|upkeep\n|\n|t:|1771269590\n|switch|p2a: Conkeldurr|Conkeldurr, L80, M|299/299\n|turn|7\n|inactive|hammy358 has 60 seconds left.\n|\n|t:|1771269630\n|switch|p1a: Hypno|Hypno, L95, M|315/315\n|-damage|p1a: Hypno|276/315|[from] Stealth Rock\n|move|p2a: Conkeldurr|Mach Punch|p1a: Hypno\n|-resisted|p1a: Hypno\n|-damage|p1a: Hypno|246/315\n|\n|-heal|p1a: Hypno|265/315|[from] item: Leftovers\n|-status|p2a: Conkeldurr|brn|[from] item: Flame Orb\n|upkeep\n|turn|8\n|\n|t:|1771269653\n|switch|p2a: Perrserker|Perrserker, L89, M|269/269\n|move|p1a: Hypno|Psychic Noise|p2a: Perrserker\n|-resisted|p2a: Perrserker\n|-damage|p2a: Perrserker|218/269\n|-start|p2a: Perrserker|move: Heal Block\n|\n|-heal|p1a: Hypno|284/315|[from] item: Leftovers\n|upkeep\n|turn|9\n|\n|t:|1771269666\n|switch|p1a: Wyrdeer|Wyrdeer, L87, M|46/321\n|-damage|p1a: Wyrdeer|6/321|[from] Stealth Rock\n|-ability|p1a: Wyrdeer|Intimidate|boost\n|-unboost|p2a: Perrserker|atk|1\n|move|p2a: Perrserker|Knock Off|p1a: Wyrdeer\n|-supereffective|p1a: Wyrdeer\n|-damage|p1a: Wyrdeer|0 fnt\n|-enditem|p1a: Wyrdeer|Assault Vest|[from] move: Knock Off|[of] p2a: Perrserker\n|faint|p1a: Wyrdeer\n|\n|-end|p2a: Perrserker|move: Heal Block\n|upkeep\n|l| Will Stoner\n|inactive|hammy358 has 30 seconds left.\n|\n|t:|1771269689\n|switch|p1a: Gurdurr|Gurdurr, L85, F|283/283\n|-damage|p1a: Gurdurr|266/283|[from] Stealth Rock\n|turn|10\n|inactive|hammy358 has 30 seconds left.\n|inactive|hammy358 has 20 seconds left.\n|inactive|hammy358 has 15 seconds left.\n|inactive|hammy358 has 10 seconds left.\n|inactive|hammy358 has 5 seconds left.\n|\n|t:|1771269721\n|move|p2a: Perrserker|Knock Off|p1a: Gurdurr\n|-resisted|p1a: Gurdurr\n|-damage|p1a: Gurdurr|239/283\n|-enditem|p1a: Gurdurr|Eviolite|[from] move: Knock Off|[of] p2a: Perrserker\n|move|p1a: Gurdurr|Drain Punch|p2a: Perrserker\n|-supereffective|p2a: Perrserker\n|-damage|p2a: Perrserker|74/269\n|-heal|p1a: Gurdurr|283/283|[from] drain|[of] p2a: Perrserker\n|\n|upkeep\n|turn|11\n|inactive|hammy358 has 15 seconds left this turn.\n|\n|t:|1771269730\n|switch|p2a: Clodsire|Clodsire, L81, F|343/343\n|move|p1a: Gurdurr|Drain Punch|p2a: Clodsire\n|-resisted|p2a: Clodsire\n|-damage|p2a: Clodsire|279/343\n|\n|-heal|p2a: Clodsire|300/343|[from] item: Leftovers\n|upkeep\n|turn|12\n|inactive|hammy358 has 25 seconds left this turn.\n|\n|t:|1771269734\n|move|p1a: Gurdurr|Defog|p2a: Clodsire\n|-unboost|p2a: Clodsire|evasion|1\n|-sideend|p1: hammy358|Stealth Rock|[from] move: Defog|[of] p1a: Gurdurr\n|move|p2a: Clodsire|Earthquake|p1a: Gurdurr\n|-damage|p1a: Gurdurr|202/283\n|\n|-heal|p2a: Clodsire|321/343|[from] item: Leftovers\n|upkeep\n|turn|13\n|\n|t:|1771269738\n|move|p1a: Gurdurr|Knock Off|p2a: Clodsire\n|-damage|p2a: Clodsire|209/343\n|-enditem|p2a: Clodsire|Leftovers|[from] move: Knock Off|[of] p1a: Gurdurr\n|move|p2a: Clodsire|Earthquake|p1a: Gurdurr\n|-damage|p1a: Gurdurr|115/283\n|\n|upkeep\n|turn|14\n|\n|t:|1771269742\n|switch|p1a: Hypno|Hypno, L95, M|284/315\n|move|p2a: Clodsire|Earthquake|p1a: Hypno\n|-damage|p1a: Hypno|191/315\n|\n|-heal|p1a: Hypno|210/315|[from] item: Leftovers\n|upkeep\n|turn|15\n|\n|t:|1771269746\n|move|p1a: Hypno|Psychic Noise|p2a: Clodsire\n|-supereffective|p2a: Clodsire\n|-damage|p2a: Clodsire|39/343\n|-start|p2a: Clodsire|move: Heal Block\n|move|p2a: Clodsire|Stealth Rock|p1a: Hypno\n|-sidestart|p1: hammy358|move: Stealth Rock\n|\n|-heal|p1a: Hypno|229/315|[from] item: Leftovers\n|upkeep\n|turn|16\n|\n|t:|1771269750\n|move|p1a: Hypno|Knock Off|p2a: Clodsire\n|-damage|p2a: Clodsire|0 fnt\n|faint|p2a: Clodsire\n|\n|-heal|p1a: Hypno|248/315|[from] item: Leftovers\n|upkeep\n|\n|t:|1771269753\n|switch|p2a: Perrserker|Perrserker, L89, M|74/269\n|turn|17\n|\n|t:|1771269758\n|switch|p1a: Gurdurr|Gurdurr, L85, F|115/283\n|-damage|p1a: Gurdurr|98/283|[from] Stealth Rock\n|move|p2a: Perrserker|Iron Head|p1a: Gurdurr\n|-damage|p1a: Gurdurr|0 fnt\n|faint|p1a: Gurdurr\n|\n|upkeep\n|\n|t:|1771269763\n|switch|p1a: Toxtricity|Toxtricity, L82, M|257/257\n|-damage|p1a: Toxtricity|225/257|[from] Stealth Rock\n|turn|18\n|\n|t:|1771269765\n|move|p1a: Toxtricity|Volt Switch|p2a: Perrserker\n|-damage|p2a: Perrserker|0 fnt\n|faint|p2a: Perrserker\n|\n|t:|1771269768\n|switch|p1a: Hypno|Hypno, L95, M|248/315|[from] Volt Switch\n|-damage|p1a: Hypno|209/315|[from] Stealth Rock\n|\n|-heal|p1a: Hypno|228/315|[from] item: Leftovers\n|upkeep\n|\n|t:|1771269772\n|switch|p2a: Conkeldurr|Conkeldurr, L80, M|299/299 brn\n|turn|19\n|inactive|hammy358 has 90 seconds left.\n|\n|t:|1771269798\n|move|p1a: Hypno|Psychic Noise|p2a: Conkeldurr\n|-supereffective|p2a: Conkeldurr\n|-damage|p2a: Conkeldurr|87/299 brn\n|-start|p2a: Conkeldurr|move: Heal Block\n|move|p2a: Conkeldurr|Knock Off|p1a: Hypno\n|-supereffective|p1a: Hypno\n|-damage|p1a: Hypno|0 fnt\n|-enditem|p1a: Hypno|Leftovers|[from] move: Knock Off|[of] p2a: Conkeldurr\n|faint|p1a: Hypno\n|\n|-damage|p2a: Conkeldurr|69/299 brn|[from] brn\n|upkeep\n|\n|t:|1771269806\n|switch|p1a: Toxtricity|Toxtricity, L82, M|225/257\n|-damage|p1a: Toxtricity|193/257|[from] Stealth Rock\n|turn|20\n|inactive|hammy358 has 90 seconds left.\n|\n|t:|1771269825\n|move|p2a: Conkeldurr|Mach Punch|p1a: Toxtricity\n|-resisted|p1a: Toxtricity\n|-damage|p1a: Toxtricity|141/257\n|move|p1a: Toxtricity|Boomburst|p2a: Conkeldurr\n|-damage|p2a: Conkeldurr|0 fnt\n|faint|p2a: Conkeldurr\n|\n|upkeep\n|\n|t:|1771269837\n|switch|p2a: Ninetales|Ninetales, L85, F|263/263\n|-weather|SunnyDay|[from] ability: Drought|[of] p2a: Ninetales\n|turn|21\n|inactive|hammy358 has 90 seconds left.\n|\n|t:|1771269856\n|switch|p1a: Eternatus|Eternatus, L69|308/308\n|-damage|p1a: Eternatus|270/308|[from] Stealth Rock\n|-ability|p1a: Eternatus|Pressure\n|move|p2a: Ninetales|Scorching Sands|p1a: Eternatus\n|-supereffective|p1a: Eternatus\n|-damage|p1a: Eternatus|160/308\n|-status|p1a: Eternatus|brn\n|\n|-weather|SunnyDay|[upkeep]\n|-heal|p1a: Eternatus|179/308 brn|[from] item: Leftovers\n|-damage|p1a: Eternatus|160/308 brn|[from] brn\n|upkeep\n|turn|22\n|\n|t:|1771269863\n|-terastallize|p1a: Eternatus|Dragon\n|move|p1a: Eternatus|Dynamax Cannon|p2a: Ninetales\n|-damage|p2a: Ninetales|149/263\n|move|p2a: Ninetales|Nasty Plot|p2a: Ninetales\n|-boost|p2a: Ninetales|spa|2\n|\n|-weather|SunnyDay|[upkeep]\n|-heal|p1a: Eternatus|179/308 brn|[from] item: Leftovers\n|-damage|p1a: Eternatus|160/308 brn|[from] brn\n|upkeep\n|turn|23\n|inactive|hammy358 has 90 seconds left.\n|\n|t:|1771269869\n|move|p1a: Eternatus|Recover|p1a: Eternatus\n|-heal|p1a: Eternatus|308/308 brn\n|move|p2a: Ninetales|Fire Blast|p1a: Eternatus|[miss]\n|-miss|p2a: Ninetales|p1a: Eternatus\n|\n|-weather|SunnyDay|[upkeep]\n|-damage|p1a: Eternatus|289/308 brn|[from] brn\n|upkeep\n|turn|24\n|\n|t:|1771269872\n|move|p1a: Eternatus|Dynamax Cannon|p2a: Ninetales\n|-damage|p2a: Ninetales|31/263\n|move|p2a: Ninetales|Fire Blast|p1a: Eternatus\n|-resisted|p1a: Eternatus\n|-damage|p1a: Eternatus|114/308 brn\n|\n|-weather|SunnyDay|[upkeep]\n|-heal|p1a: Eternatus|133/308 brn|[from] item: Leftovers\n|-damage|p1a: Eternatus|114/308 brn|[from] brn\n|upkeep\n|turn|25\n|\n|t:|1771269876\n|move|p1a: Eternatus|Sludge Bomb|p2a: Ninetales\n|-damage|p2a: Ninetales|0 fnt\n|faint|p2a: Ninetales\n|\n|-weather|none\n|-heal|p1a: Eternatus|133/308 brn|[from] item: Leftovers\n|-damage|p1a: Eternatus|114/308 brn|[from] brn\n|upkeep\n|\n|t:|1771269878\n|switch|p2a: Azelf|Azelf, L82|257/257\n|turn|26\n|\n|t:|1771269882\n|move|p2a: Azelf|Psychic|p1a: Eternatus\n|-damage|p1a: Eternatus|0 fnt\n|faint|p1a: Eternatus\n|-damage|p2a: Azelf|232/257|[from] item: Life Orb\n|\n|upkeep\n|\n|t:|1771269885\n|switch|p1a: Mandibuzz|Mandibuzz, L85, F|326/326\n|turn|27\n|\n|t:|1771269892\n|-terastallize|p2a: Azelf|Fire\n|move|p2a: Azelf|Fire Blast|p1a: Mandibuzz\n|-damage|p1a: Mandibuzz|170/326\n|-status|p1a: Mandibuzz|brn\n|-damage|p2a: Azelf|207/257|[from] item: Life Orb\n|move|p1a: Mandibuzz|Foul Play|p2a: Azelf\n|-damage|p2a: Azelf|128/257\n|\n|-damage|p1a: Mandibuzz|150/326 brn|[from] brn\n|upkeep\n|turn|28\n|\n|t:|1771269898\n|move|p2a: Azelf|Fire Blast|p1a: Mandibuzz\n|-damage|p1a: Mandibuzz|0 fnt\n|faint|p1a: Mandibuzz\n|-damage|p2a: Azelf|103/257|[from] item: Life Orb\n|\n|upkeep\n|-message|hammy358 forfeited.\n|\n|win|poweroutage273\n|raw|hammy358's rating: 2195 &rarr; <strong>2177</strong><br />(-18 for losing)\n|raw|poweroutage273's rating: 2231 &rarr; <strong>2249</strong><br />(+18 for winning)\n|l|☆hammy358\n|player|p1|\n", "inputlog": ">version 686819e5e19f8a7fd2345cfc5a08a5085efa2cc3\n>start {\"formatid\":\"gen9randombattle\",\"seed\":\"sodium,d4243254a633b0917699358b3dc2600b\",\"rated\":\"Rated battle\"}\n>player p1 {\"name\":\"hammy358\",\"avatar\":\"#rbtt9storms\",\"rating\":2195,\"seed\":\"sodium,1e2910e0a61eeb24839abeef50490b43\"}\n>player p2 {\"name\":\"poweroutage273\",\"avatar\":\"malva\",\"rating\":2231,\"seed\":\"sodium,b347f67bc788003398e268468c29a29c\"}\n>p1 switch 6\n>p2 move stealthrock\n>p1 move earthquake\n>p2 switch 5\n>p1 move psychicnoise\n>p2 move ironhead\n>p1 move psychicnoise\n>p2 move ironhead\n>p1 move psychicnoise\n>p2 move ironhead\n>p1 move earthquake\n>p2 move voltswitch\n>p2 switch 6\n>p1 switch 2\n>p2 move machpunch\n>p1 move psychicnoise\n>p2 switch 4\n>p1 switch 2\n>p2 move knockoff\n>p1 switch 3\n>p1 move drainpunch\n>p2 move knockoff\n>p1 move drainpunch\n>p2 switch 5\n>p1 move defog\n>p2 move earthquake\n>p1 move knockoff\n>p2 move earthquake\n>p1 switch 2\n>p2 move earthquake\n>p1 move psychicnoise\n>p2 move stealthrock\n>p1 move knockoff\n>p2 move earthquake\n>p2 switch 5\n>p1 switch 2\n>p2 move ironhead\n>p1 switch 4\n>p1 move voltswitch\n>p2 move ironhead\n>p1 switch 2\n>p2 switch 4\n>p1 move psychicnoise\n>p2 move knockoff\n>p1 switch 2\n>p1 move boomburst\n>p2 move machpunch\n>p2 switch 3\n>p1 switch 6\n>p2 move scorchingsands\n>p1 move dynamaxcannon terastallize\n>p2 move nastyplot\n>p1 move recover\n>p2 move fireblast\n>p1 move dynamaxcannon\n>p2 move fireblast\n>p1 move sludgebomb\n>p2 move fireblast\n>p2 switch 2\n>p1 move dynamaxcannon\n>p2 move psychic\n>p1 switch 5\n>p1 move foulplay\n>p2 move fireblast terastallize\n>p1 move roost\n>p2 move fireblast\n>forcelose p1", "uploadtime": 1771269905, "views": 0, "formatid": "gen9randombattle", "rating": 2177, "private": 0, "password": null}