{"id": "gen9randombattle-2540719248", "format": "[Gen 9] Random Battle", "players": ["xtonkotsu", "whiiite01"], "log": "|j|☆xtonkotsu\n|j|☆whiiite01\n|t:|1771245389\n|gametype|singles\n|player|p1|xtonkotsu|102|1580\n|player|p2|whiiite01|harlequin|1545\n|gen|9\n|tier|[Gen 9] Random Battle\n|rated|\n|rule|Species Clause: Limit one of each Pokémon\n|rule|HP Percentage Mod: HP is shown in percentages\n|rule|Sleep Clause Mod: Limit one foe put to sleep\n|rule|Illusion Level Mod: Illusion disguises the Pokémon's true level\n|\n|t:|1771245389\n|teamsize|p1|6\n|teamsize|p2|6\n|start\n|switch|p1a: Regieleki|Regieleki, L79|256/256\n|switch|p2a: Iron Treads|Iron Treads, L77|265/265\n|turn|1\n|inactive|Battle timer is ON: inactive players will automatically lose when time's up. (requested by whiiite01)\n|inactive|xtonkotsu has 120 seconds left.\n|inactive|whiiite01 has 120 seconds left.\n|inactive|xtonkotsu has 90 seconds left.\n|\n|t:|1771245471\n|switch|p1a: Exeggutor|Exeggutor, L89, F|312/312\n|move|p2a: Iron Treads|Earthquake|p1a: Exeggutor\n|-resisted|p1a: Exeggutor\n|-damage|p1a: Exeggutor|263/312\n|\n|upkeep\n|turn|2\n|inactive|xtonkotsu has 120 seconds left.\n|\n|t:|1771245508\n|-end|p2a: Iron Treads|Quark Drive|[silent]\n|switch|p2a: Moltres|Moltres-Galar, L79|271/271\n|switch|p1a: Alomomola|Alomomola, L87, F|429/429\n|\n|upkeep\n|turn|3\n|\n|t:|1771245515\n|move|p2a: Moltres|Nasty Plot|p2a: Moltres\n|-boost|p2a: Moltres|spa|2\n|move|p1a: Alomomola|Flip Turn|p2a: Moltres\n|-damage|p2a: Moltres|214/271\n|\n|t:|1771245518\n|switch|p1a: Regieleki|Regieleki, L79|256/256|[from] Flip Turn\n|\n|upkeep\n|turn|4\n|\n|t:|1771245528\n|-terastallize|p2a: Moltres|Dark\n|move|p1a: Regieleki|Volt Switch|p2a: Moltres\n|-damage|p2a: Moltres|126/271\n|-ability|p2a: Moltres|Berserk|boost\n|-boost|p2a: Moltres|spa|1\n|\n|t:|1771245538\n|switch|p1a: Lucario|Lucario, L84, M|255/255|[from] Volt Switch\n|move|p2a: Moltres|Fiery Wrath|p1a: Lucario\n|-resisted|p1a: Lucario\n|-damage|p1a: Lucario|88/255\n|\n|upkeep\n|turn|5\n|\n|t:|1771245556\n|switch|p2a: Pelipper|Pelipper, L86, M|243/243\n|-weather|RainDance|[from] ability: Drizzle|[of] p2a: Pelipper\n|move|p1a: Lucario|Aura Sphere|p2a: Pelipper\n|-resisted|p2a: Pelipper\n|-damage|p2a: Pelipper|174/243\n|-damage|p1a: Lucario|63/255|[from] item: Life Orb\n|\n|-weather|RainDance|[upkeep]\n|upkeep\n|turn|6\n|\n|t:|1771245569\n|switch|p1a: Tentacruel|Tentacruel, L84, M|272/272\n|move|p2a: Pelipper|U-turn|p1a: Tentacruel\n|-resisted|p1a: Tentacruel\n|-damage|p1a: Tentacruel|252/272\n|\n|t:|1771245574\n|switch|p2a: Iron Treads|Iron Treads, L77|265/265|[from] U-turn\n|\n|-weather|RainDance|[upkeep]\n|upkeep\n|turn|7\n|\n|t:|1771245598\n|move|p1a: Tentacruel|Flip Turn|p2a: Iron Treads\n|-supereffective|p2a: Iron Treads\n|-damage|p2a: Iron Treads|143/265\n|inactive|xtonkotsu has 120 seconds left.\n|inactive|xtonkotsu has 90 seconds left.\n|\n|t:|1771245679\n|switch|p1a: Alomomola|Alomomola, L87, F|429/429|[from] Flip Turn\n|move|p2a: Iron Treads|Earthquake|p1a: Alomomola\n|-damage|p1a: Alomomola|332/429\n|\n|-weather|RainDance|[upkeep]\n|-heal|p2a: Iron Treads|159/265|[from] item: Leftovers\n|upkeep\n|turn|8\n|inactive|whiiite01 has 120 seconds left.\n|\n|t:|1771245711\n|-end|p2a: Iron Treads|Quark Drive|[silent]\n|switch|p2a: Overqwil|Overqwil, L82, F|274/274\n|-ability|p2a: Overqwil|Intimidate|boost\n|-unboost|p1a: Alomomola|atk|1\n|move|p1a: Alomomola|Scald|p2a: Overqwil\n|-damage|p2a: Overqwil|172/274\n|\n|-weather|RainDance|[upkeep]\n|upkeep\n|turn|9\n|inactive|whiiite01 has 120 seconds left.\n|inactive|xtonkotsu has 60 seconds left.\n|\n|t:|1771245738\n|move|p2a: Overqwil|Gunk Shot|p1a: Alomomola\n|-damage|p1a: Alomomola|194/429\n|move|p1a: Alomomola|Flip Turn|p2a: Overqwil\n|-damage|p2a: Overqwil|120/274\n|\n|t:|1771245749\n|switch|p1a: Regieleki|Regieleki, L79|256/256|[from] Flip Turn\n|\n|-weather|none\n|upkeep\n|turn|10\n|inactive|whiiite01 has 120 seconds left.\n|\n|t:|1771245757\n|switch|p2a: Iron Treads|Iron Treads, L77|159/265\n|move|p1a: Regieleki|Thunderbolt|p2a: Iron Treads\n|-immune|p2a: Iron Treads\n|\n|-heal|p2a: Iron Treads|175/265|[from] item: Leftovers\n|upkeep\n|turn|11\n|\n|t:|1771245762\n|switch|p1a: Alomomola|Alomomola, L87, F|337/429\n|move|p2a: Iron Treads|Stealth Rock|p1a: Alomomola\n|-sidestart|p1: xtonkotsu|move: Stealth Rock\n|\n|-heal|p2a: Iron Treads|191/265|[from] item: Leftovers\n|upkeep\n|turn|12\n|\n|t:|1771245773\n|-end|p2a: Iron Treads|Quark Drive|[silent]\n|switch|p2a: Pelipper|Pelipper, L86, M|174/243\n|-weather|RainDance|[from] ability: Drizzle|[of] p2a: Pelipper\n|move|p1a: Alomomola|Scald|p2a: Pelipper\n|-resisted|p2a: Pelipper\n|-damage|p2a: Pelipper|132/243\n|\n|-weather|RainDance|[upkeep]\n|upkeep\n|turn|13\n|\n|t:|1771245779\n|move|p1a: Alomomola|Flip Turn|p2a: Pelipper\n|-resisted|p2a: Pelipper\n|-damage|p2a: Pelipper|95/243\n|\n|t:|1771245796\n|switch|p1a: Regieleki|Regieleki, L79|256/256|[from] Flip Turn\n|-damage|p1a: Regieleki|224/256|[from] Stealth Rock\n|move|p2a: Pelipper|Hurricane|p1a: Regieleki\n|-resisted|p1a: Regieleki\n|-damage|p1a: Regieleki|90/256\n|-start|p1a: Regieleki|confusion\n|\n|-weather|RainDance|[upkeep]\n|upkeep\n|turn|14\n|\n|t:|1771245805\n|switch|p1a: Alomomola|Alomomola, L87, F|429/429\n|move|p2a: Pelipper|Hurricane|p1a: Alomomola\n|-damage|p1a: Alomomola|161/429\n|\n|-weather|RainDance|[upkeep]\n|upkeep\n|turn|15\n|inactive|xtonkotsu has 90 seconds left.\n|\n|t:|1771245817\n|switch|p1a: Tentacruel|Tentacruel, L84, M|252/272\n|-damage|p1a: Tentacruel|218/272|[from] Stealth Rock\n|move|p2a: Pelipper|Hurricane|p1a: Tentacruel\n|-damage|p1a: Tentacruel|115/272\n|\n|-weather|RainDance|[upkeep]\n|upkeep\n|turn|16\n|\n|t:|1771245832\n|move|p1a: Tentacruel|Sludge Bomb|p2a: Pelipper\n|-damage|p2a: Pelipper|0 fnt\n|faint|p2a: Pelipper\n|\n|-weather|none\n|upkeep\n|\n|t:|1771245838\n|switch|p2a: Farigiraf|Farigiraf, L91, M|366/366\n|turn|17\n|\n|t:|1771245846\n|move|p1a: Tentacruel|Flip Turn|p2a: Farigiraf\n|-damage|p2a: Farigiraf|308/366\n|\n|t:|1771245858\n|switch|p1a: Exeggutor|Exeggutor, L89, F|263/312|[from] Flip Turn\n|-damage|p1a: Exeggutor|224/312|[from] Stealth Rock\n|move|p2a: Farigiraf|Future Sight|p1a: Exeggutor\n|-start|p2a: Farigiraf|move: Future Sight\n|\n|-heal|p2a: Farigiraf|330/366|[from] item: Leftovers\n|upkeep\n|turn|18\n|\n|t:|1771245865\n|move|p2a: Farigiraf|Wish|p2a: Farigiraf\n|move|p1a: Exeggutor|Leech Seed|p2a: Farigiraf\n|-ability|p2a: Farigiraf|Sap Sipper|boost\n|-boost|p2a: Farigiraf|atk|1\n|\n|-heal|p2a: Farigiraf|352/366|[from] item: Leftovers\n|upkeep\n|turn|19\n|\n|t:|1771245877\n|switch|p2a: Moltres|Moltres-Galar, L79, tera:Dark|126/271\n|move|p1a: Exeggutor|Substitute|p1a: Exeggutor\n|-start|p1a: Exeggutor|Substitute\n|-damage|p1a: Exeggutor|146/312\n|-enditem|p1a: Exeggutor|Sitrus Berry|[eat]\n|-heal|p1a: Exeggutor|224/312|[from] item: Sitrus Berry\n|\n|-end|p1a: Exeggutor|move: Future Sight\n|-resisted|p1a: Exeggutor\n|-end|p1a: Exeggutor|Substitute\n|-heal|p2a: Moltres|271/271|[from] move: Wish|[wisher] Farigiraf\n|-item|p1a: Exeggutor|Sitrus Berry|[from] ability: Harvest\n|upkeep\n|turn|20\n|\n|t:|1771245888\n|move|p2a: Moltres|Fiery Wrath|p1a: Exeggutor\n|-supereffective|p1a: Exeggutor\n|-damage|p1a: Exeggutor|0 fnt\n|faint|p1a: Exeggutor\n|\n|upkeep\n|\n|t:|1771245894\n|switch|p1a: Lucario|Lucario, L84, M|63/255\n|-damage|p1a: Lucario|56/255|[from] Stealth Rock\n|turn|21\n|\n|t:|1771245910\n|move|p1a: Lucario|Aura Sphere|p2a: Moltres\n|-supereffective|p2a: Moltres\n|-damage|p2a: Moltres|68/271\n|-ability|p2a: Moltres|Berserk|boost\n|-boost|p2a: Moltres|spa|1\n|-damage|p1a: Lucario|31/255|[from] item: Life Orb\n|move|p2a: Moltres|Fiery Wrath|p1a: Lucario\n|-resisted|p1a: Lucario\n|-damage|p1a: Lucario|0 fnt\n|faint|p1a: Lucario\n|\n|upkeep\n|inactive|xtonkotsu has 120 seconds left.\n|\n|t:|1771245924\n|switch|p1a: Regieleki|Regieleki, L79|90/256\n|-damage|p1a: Regieleki|58/256|[from] Stealth Rock\n|turn|22\n|inactive|xtonkotsu has 120 seconds left.\n|\n|t:|1771245930\n|switch|p2a: Farigiraf|Farigiraf, L91, M|352/366\n|move|p1a: Regieleki|Volt Switch|p2a: Farigiraf\n|-damage|p2a: Farigiraf|244/366\n|inactive|xtonkotsu has 120 seconds left.\n|\n|t:|1771245940\n|switch|p1a: Mewtwo|Mewtwo, L72|272/272|[from] Volt Switch\n|-damage|p1a: Mewtwo|238/272|[from] Stealth Rock\n|-ability|p1a: Mewtwo|Pressure\n|\n|-heal|p2a: Farigiraf|266/366|[from] item: Leftovers\n|upkeep\n|turn|23\n|inactive|xtonkotsu has 120 seconds left.\n|\n|t:|1771245952\n|move|p1a: Mewtwo|Dark Pulse|p2a: Farigiraf\n|-supereffective|p2a: Farigiraf\n|-damage|p2a: Farigiraf|107/366\n|-damage|p1a: Mewtwo|211/272|[from] item: Life Orb\n|move|p2a: Farigiraf|Wish|p2a: Farigiraf\n|\n|-heal|p2a: Farigiraf|129/366|[from] item: Leftovers\n|upkeep\n|turn|24\n|inactive|xtonkotsu has 120 seconds left.\n|\n|t:|1771245964\n|switch|p2a: Overqwil|Overqwil, L82, F|120/274\n|-ability|p2a: Overqwil|Intimidate|boost\n|-unboost|p1a: Mewtwo|atk|1\n|move|p1a: Mewtwo|Recover|p1a: Mewtwo\n|-heal|p1a: Mewtwo|272/272\n|\n|-heal|p2a: Overqwil|274/274|[from] move: Wish|[wisher] Farigiraf\n|upkeep\n|turn|25\n|inactive|xtonkotsu has 120 seconds left.\n|\n|t:|1771245977\n|switch|p1a: Alomomola|Alomomola, L87, F|304/429\n|move|p2a: Overqwil|Crunch|p1a: Alomomola\n|-damage|p1a: Alomomola|208/429\n|\n|upkeep\n|turn|26\n|\n|t:|1771245984\n|move|p2a: Overqwil|Gunk Shot|p1a: Alomomola\n|-damage|p1a: Alomomola|72/429\n|move|p1a: Alomomola|Wish|p1a: Alomomola\n|\n|upkeep\n|turn|27\n|inactive|xtonkotsu has 120 seconds left.\n|\n|t:|1771246017\n|move|p1a: Alomomola|Protect|p1a: Alomomola\n|-singleturn|p1a: Alomomola|Protect\n|move|p2a: Overqwil|Crunch|p1a: Alomomola\n|-activate|p1a: Alomomola|move: Protect\n|\n|-heal|p1a: Alomomola|286/429|[from] move: Wish|[wisher] Alomomola\n|upkeep\n|turn|28\n|inactive|xtonkotsu has 90 seconds left.\n|inactive|xtonkotsu has 60 seconds left.\n|inactive|xtonkotsu has 30 seconds left.\n|inactive|xtonkotsu has 20 seconds left.\n|inactive|xtonkotsu has 15 seconds left.\n|inactive|xtonkotsu has 10 seconds left.\n|inactive|xtonkotsu has 5 seconds left.\n|\n|t:|1771246128\n|move|p2a: Overqwil|Swords Dance|p2a: Overqwil\n|-boost|p2a: Overqwil|atk|2\n|move|p1a: Alomomola|Flip Turn|p2a: Overqwil\n|-damage|p2a: Overqwil|220/274\n|inactive|xtonkotsu has 10 seconds left this turn.\n|\n|t:|1771246132\n|switch|p1a: Regieleki|Regieleki, L79|58/256|[from] Flip Turn\n|-damage|p1a: Regieleki|26/256|[from] Stealth Rock\n|\n|upkeep\n|turn|29\n|inactive|xtonkotsu has 20 seconds left this turn.\n|\n|t:|1771246137\n|move|p1a: Regieleki|Thunderbolt|p2a: Overqwil\n|-damage|p2a: Overqwil|42/274\n|move|p2a: Overqwil|Scale Shot|p1a: Regieleki\n|-damage|p1a: Regieleki|0 fnt\n|faint|p1a: Regieleki\n|-hitcount|p1: Regieleki|1\n|-unboost|p2a: Overqwil|def|1\n|-boost|p2a: Overqwil|spe|1\n|\n|upkeep\n|inactive|xtonkotsu has 25 seconds left this turn.\n|inactive|xtonkotsu has 20 seconds left.\n|\n|t:|1771246144\n|switch|p1a: Alomomola|Alomomola, L87, F|429/429\n|turn|30\n|inactive|xtonkotsu has 30 seconds left this turn.\n|\n|t:|1771246152\n|move|p2a: Overqwil|Scale Shot|p1a: Alomomola\n|-damage|p1a: Alomomola|386/429\n|-damage|p1a: Alomomola|342/429\n|-damage|p1a: Alomomola|302/429\n|-damage|p1a: Alomomola|263/429\n|-damage|p1a: Alomomola|221/429\n|-hitcount|p1a: Alomomola|5\n|-unboost|p2a: Overqwil|def|1\n|-boost|p2a: Overqwil|spe|1\n|move|p1a: Alomomola|Scald|p2a: Overqwil\n|-damage|p2a: Overqwil|0 fnt\n|faint|p2a: Overqwil\n|\n|upkeep\n|\n|t:|1771246164\n|switch|p2a: Moltres|Moltres-Galar, L79, tera:Dark|68/271\n|turn|31\n|\n|t:|1771246179\n|move|p2a: Moltres|Rest|p2a: Moltres\n|-status|p2a: Moltres|slp|[from] move: Rest\n|-heal|p2a: Moltres|271/271 slp|[silent]\n|-enditem|p2a: Moltres|Chesto Berry|[eat]\n|-curestatus|p2a: Moltres|slp|[msg]\n|move|p1a: Alomomola|Scald|p2a: Moltres\n|-damage|p2a: Moltres|226/271\n|-status|p2a: Moltres|brn\n|\n|-damage|p2a: Moltres|210/271 brn|[from] brn\n|upkeep\n|turn|32\n|\n|t:|1771246187\n|move|p2a: Moltres|Nasty Plot|p2a: Moltres\n|-boost|p2a: Moltres|spa|2\n|move|p1a: Alomomola|Scald|p2a: Moltres\n|-damage|p2a: Moltres|165/271 brn\n|\n|-damage|p2a: Moltres|149/271 brn|[from] brn\n|upkeep\n|turn|33\n|\n|t:|1771246192\n|move|p2a: Moltres|Fiery Wrath|p1a: Alomomola\n|-damage|p1a: Alomomola|0 fnt\n|faint|p1a: Alomomola\n|\n|-damage|p2a: Moltres|133/271 brn|[from] brn\n|upkeep\n|\n|t:|1771246196\n|switch|p1a: Tentacruel|Tentacruel, L84, M|115/272\n|-damage|p1a: Tentacruel|81/272|[from] Stealth Rock\n|turn|34\n|inactive|xtonkotsu has 60 seconds left.\n|\n|t:|1771246204\n|move|p1a: Tentacruel|Sludge Bomb|p2a: Moltres\n|-damage|p2a: Moltres|61/271 brn\n|move|p2a: Moltres|Fiery Wrath|p1a: Tentacruel\n|-damage|p1a: Tentacruel|0 fnt\n|faint|p1a: Tentacruel\n|\n|-damage|p2a: Moltres|45/271 brn|[from] brn\n|upkeep\n|inactive|xtonkotsu has 60 seconds left.\n|\n|t:|1771246222\n|switch|p1a: Mewtwo|Mewtwo, L72|272/272\n|-damage|p1a: Mewtwo|238/272|[from] Stealth Rock\n|-ability|p1a: Mewtwo|Pressure\n|turn|35\n|\n|t:|1771246228\n|move|p1a: Mewtwo|Fire Blast|p2a: Moltres\n|-damage|p2a: Moltres|0 fnt\n|faint|p2a: Moltres\n|-damage|p1a: Mewtwo|211/272|[from] item: Life Orb\n|\n|upkeep\n|\n|t:|1771246235\n|switch|p2a: Regirock|Regirock, L83|268/268\n|turn|36\n|\n|t:|1771246243\n|move|p1a: Mewtwo|Psystrike|p2a: Regirock\n|-damage|p2a: Regirock|190/268\n|-damage|p1a: Mewtwo|184/272|[from] item: Life Orb\n|move|p2a: Regirock|Stone Edge|p1a: Mewtwo\n|-damage|p1a: Mewtwo|64/272\n|\n|upkeep\n|turn|37\n|\n|t:|1771246256\n|move|p1a: Mewtwo|Recover|p1a: Mewtwo\n|-heal|p1a: Mewtwo|200/272\n|move|p2a: Regirock|Stone Edge|p1a: Mewtwo\n|-damage|p1a: Mewtwo|85/272\n|\n|upkeep\n|turn|38\n|\n|t:|1771246264\n|move|p1a: Mewtwo|Recover|p1a: Mewtwo\n|-heal|p1a: Mewtwo|221/272\n|move|p2a: Regirock|Curse|p2a: Regirock\n|-unboost|p2a: Regirock|spe|1\n|-boost|p2a: Regirock|atk|1\n|-boost|p2a: Regirock|def|1\n|\n|upkeep\n|turn|39\n|\n|t:|1771246275\n|move|p1a: Mewtwo|Fire Blast|p2a: Regirock\n|-resisted|p2a: Regirock\n|-damage|p2a: Regirock|142/268\n|-damage|p1a: Mewtwo|194/272|[from] item: Life Orb\n|move|p2a: Regirock|Stone Edge|p1a: Mewtwo\n|-damage|p1a: Mewtwo|8/272\n|\n|upkeep\n|turn|40\n|\n|t:|1771246287\n|move|p1a: Mewtwo|Recover|p1a: Mewtwo\n|-heal|p1a: Mewtwo|144/272\n|move|p2a: Regirock|Stone Edge|p1a: Mewtwo\n|-damage|p1a: Mewtwo|0 fnt\n|faint|p1a: Mewtwo\n|\n|win|whiiite01\n|raw|xtonkotsu's rating: 1580 &rarr; <strong>1558</strong><br />(-22 for losing)\n|raw|whiiite01's rating: 1545 &rarr; <strong>1567</strong><br />(+22 for winning)\n|l|☆xtonkotsu\n|player|p1|\n", "inputlog": ">version 686819e5e19f8a7fd2345cfc5a08a5085efa2cc3\n>start {\"formatid\":\"gen9randombattle\",\"seed\":\"sodium,8b23a038934150264fb4d87da84f11a6\",\"rated\":\"Rated battle\"}\n>player p1 {\"name\":\"xtonkotsu\",\"avatar\":\"102\",\"rating\":1580,\"seed\":\"sodium,2d6883224b8500566ba39fb66fad3d3d\"}\n>player p2 {\"name\":\"whiiite01\",\"avatar\":\"harlequin\",\"rating\":1545,\"seed\":\"sodium,96a0bac426b6105dfd61ed2c0823f83c\"}\n>p1 switch 2\n>p2 move earthquake\n>p1 switch 3\n>p2 switch 6\n>p1 move flipturn\n>p2 move nastyplot\n>p1 switch 2\n>p1 move voltswitch\n>p2 move fierywrath terastallize\n>p1 switch 5\n>p1 move aurasphere\n>p2 switch 3\n>p1 switch 6\n>p2 move uturn\n>p2 switch 6\n>p1 move flipturn\n>p2 move earthquake\n>p1 switch 2\n>p1 move scald\n>p2 switch 5\n>p1 move flipturn\n>p2 move gunkshot\n>p1 switch 5\n>p1 move thunderbolt\n>p2 switch 5\n>p1 switch 5\n>p2 move stealthrock\n>p1 move scald\n>p2 switch 6\n>p1 move flipturn\n>p2 move hurricane\n>p1 switch 5\n>p1 switch 5\n>p2 move hurricane\n>p1 switch 2\n>p2 move hurricane\n>p1 move sludgebomb\n>p2 move hurricane\n>p2 switch 4\n>p1 move flipturn\n>p2 move futuresight\n>p1 switch 3\n>p1 move leechseed\n>p2 move wish\n>p1 move substitute\n>p2 switch 3\n>p1 move leechseed\n>p2 move fierywrath\n>p1 switch 6\n>p1 move aurasphere\n>p2 move fierywrath\n>p1 switch 5\n>p1 move voltswitch\n>p2 switch 3\n>p1 switch 4\n>p1 move darkpulse\n>p2 move wish\n>p1 move recover\n>p2 switch 5\n>p1 switch 2\n>p2 move crunch\n>p1 move wish\n>p2 move gunkshot\n>p1 move protect\n>p2 move crunch\n>p1 move flipturn\n>p2 move swordsdance\n>p1 switch 4\n>p1 move thunderbolt\n>p2 move scaleshot\n>p1 switch 4\n>p1 move scald\n>p2 move scaleshot\n>p2 switch 3\n>p1 move scald\n>p2 move rest\n>p1 move scald\n>p2 move nastyplot\n>p1 move scald\n>p2 move fierywrath\n>p1 switch 3\n>p1 move sludgebomb\n>p2 move fierywrath\n>p1 switch 2\n>p1 move fireblast\n>p2 move fierywrath\n>p2 switch 2\n>p1 move psystrike\n>p2 move stoneedge\n>p1 move recover\n>p2 move stoneedge\n>p1 move recover\n>p2 move curse\n>p1 move fireblast\n>p2 move stoneedge\n>p1 move recover\n>p2 move stoneedge", "uploadtime": 1771246293, "views": 7, "formatid": "gen9randombattle", "rating": 1558, "private": 0, "password": null}