{"id": "gen9randombattle-2540812296", "format": "[Gen 9] Random Battle", "players": ["Axtell", "pokemonhasu"], "log": "|j|☆Axtell\n|j|☆pokemonhasu\n|t:|1771256607\n|gametype|singles\n|player|p1|Axtell|cynthia|1799\n|player|p2|pokemonhasu|101|1751\n|gen|9\n|tier|[Gen 9] Random Battle\n|rated|\n|rule|Species Clause: Limit one of each Pokémon\n|rule|HP Percentage Mod: HP is shown in percentages\n|rule|Sleep Clause Mod: Limit one foe put to sleep\n|rule|Illusion Level Mod: Illusion disguises the Pokémon's true level\n|\n|t:|1771256607\n|teamsize|p1|6\n|teamsize|p2|6\n|start\n|switch|p1a: Hitmontop|Hitmontop, L88, M|231/231\n|switch|p2a: Infernape|Infernape, L82, F|259/259\n|-ability|p1a: Hitmontop|Intimidate|boost\n|-unboost|p2a: Infernape|atk|1\n|turn|1\n|inactive|Battle timer is ON: inactive players will automatically lose when time's up. (requested by Axtell)\n|\n|t:|1771256619\n|move|p2a: Infernape|Knock Off|p1a: Hitmontop\n|-resisted|p1a: Hitmontop\n|-damage|p1a: Hitmontop|202/231\n|-enditem|p1a: Hitmontop|Assault Vest|[from] move: Knock Off|[of] p2a: Infernape\n|move|p1a: Hitmontop|Close Combat|p2a: Infernape\n|-damage|p2a: Infernape|103/259\n|-unboost|p1a: Hitmontop|def|1\n|-unboost|p1a: Hitmontop|spd|1\n|\n|upkeep\n|turn|2\n|\n|t:|1771256628\n|switch|p2a: Tentacruel|Tentacruel, L84, F|272/272\n|move|p1a: Hitmontop|Stone Edge|p2a: Tentacruel\n|-damage|p2a: Tentacruel|174/272\n|\n|-heal|p2a: Tentacruel|191/272|[from] item: Leftovers\n|upkeep\n|turn|3\n|\n|t:|1771256633\n|switch|p1a: Okidogi|Okidogi, L77, M|262/262\n|move|p2a: Tentacruel|Knock Off|p1a: Okidogi\n|-resisted|p1a: Okidogi\n|-damage|p1a: Okidogi|239/262\n|-enditem|p1a: Okidogi|Leftovers|[from] move: Knock Off|[of] p2a: Tentacruel\n|\n|-heal|p2a: Tentacruel|208/272|[from] item: Leftovers\n|upkeep\n|turn|4\n|\n|t:|1771256643\n|move|p2a: Tentacruel|Surf|p1a: Okidogi\n|-damage|p1a: Okidogi|149/262\n|move|p1a: Okidogi|Knock Off|p2a: Tentacruel\n|-damage|p2a: Tentacruel|122/272\n|-enditem|p2a: Tentacruel|Leftovers|[from] move: Knock Off|[of] p1a: Okidogi\n|\n|upkeep\n|turn|5\n|\n|t:|1771256649\n|switch|p1a: Scream Tail|Scream Tail, L84|330/330\n|move|p2a: Tentacruel|Surf|p1a: Scream Tail\n|-damage|p1a: Scream Tail|264/330\n|\n|-heal|p1a: Scream Tail|284/330|[from] item: Leftovers\n|upkeep\n|turn|6\n|\n|t:|1771256653\n|move|p1a: Scream Tail|Thunder Wave|p2a: Tentacruel\n|-status|p2a: Tentacruel|par\n|cant|p2a: Tentacruel|par\n|\n|-heal|p1a: Scream Tail|304/330|[from] item: Leftovers\n|upkeep\n|turn|7\n|\n|t:|1771256658\n|move|p1a: Scream Tail|Wish|p1a: Scream Tail\n|move|p2a: Tentacruel|Sludge Bomb|p1a: Scream Tail\n|-supereffective|p1a: Scream Tail\n|-damage|p1a: Scream Tail|164/330\n|\n|-heal|p1a: Scream Tail|184/330|[from] item: Leftovers\n|upkeep\n|turn|8\n|\n|t:|1771256665\n|move|p1a: Scream Tail|Protect|p1a: Scream Tail\n|-singleturn|p1a: Scream Tail|Protect\n|move|p2a: Tentacruel|Knock Off|p1a: Scream Tail\n|-activate|p1a: Scream Tail|move: Protect\n|\n|-heal|p1a: Scream Tail|330/330|[from] move: Wish|[wisher] Scream Tail\n|upkeep\n|turn|9\n|\n|t:|1771256667\n|move|p1a: Scream Tail|Wish|p1a: Scream Tail\n|move|p2a: Tentacruel|Sludge Bomb|p1a: Scream Tail\n|-supereffective|p1a: Scream Tail\n|-damage|p1a: Scream Tail|186/330\n|\n|-heal|p1a: Scream Tail|206/330|[from] item: Leftovers\n|upkeep\n|turn|10\n|\n|t:|1771256670\n|-end|p1a: Scream Tail|Protosynthesis|[silent]\n|switch|p1a: Okidogi|Okidogi, L77, M|149/262\n|move|p2a: Tentacruel|Sludge Bomb|p1a: Okidogi\n|-resisted|p1a: Okidogi\n|-damage|p1a: Okidogi|103/262\n|\n|-heal|p1a: Okidogi|262/262|[from] move: Wish|[wisher] Scream Tail\n|upkeep\n|turn|11\n|\n|t:|1771256676\n|switch|p1a: Scream Tail|Scream Tail, L84|206/330\n|move|p2a: Tentacruel|Surf|p1a: Scream Tail\n|-damage|p1a: Scream Tail|137/330\n|\n|-heal|p1a: Scream Tail|157/330|[from] item: Leftovers\n|upkeep\n|turn|12\n|\n|t:|1771256679\n|move|p1a: Scream Tail|Protect|p1a: Scream Tail\n|-singleturn|p1a: Scream Tail|Protect\n|move|p2a: Tentacruel|Knock Off|p1a: Scream Tail\n|-activate|p1a: Scream Tail|move: Protect\n|\n|-heal|p1a: Scream Tail|177/330|[from] item: Leftovers\n|upkeep\n|turn|13\n|\n|t:|1771256682\n|move|p1a: Scream Tail|Wish|p1a: Scream Tail\n|move|p2a: Tentacruel|Knock Off|p1a: Scream Tail\n|-damage|p1a: Scream Tail|123/330\n|-enditem|p1a: Scream Tail|Leftovers|[from] move: Knock Off|[of] p2a: Tentacruel\n|\n|upkeep\n|turn|14\n|\n|t:|1771256687\n|move|p1a: Scream Tail|Protect|p1a: Scream Tail\n|-singleturn|p1a: Scream Tail|Protect\n|move|p2a: Tentacruel|Sludge Bomb|p1a: Scream Tail\n|-activate|p1a: Scream Tail|move: Protect\n|\n|-heal|p1a: Scream Tail|288/330|[from] move: Wish|[wisher] Scream Tail\n|upkeep\n|turn|15\n|\n|t:|1771256690\n|move|p1a: Scream Tail|Wish|p1a: Scream Tail\n|move|p2a: Tentacruel|Sludge Bomb|p1a: Scream Tail\n|-supereffective|p1a: Scream Tail\n|-damage|p1a: Scream Tail|156/330\n|\n|upkeep\n|turn|16\n|\n|t:|1771256697\n|move|p1a: Scream Tail|Protect|p1a: Scream Tail\n|-singleturn|p1a: Scream Tail|Protect\n|move|p2a: Tentacruel|Surf|p1a: Scream Tail\n|-activate|p1a: Scream Tail|move: Protect\n|\n|-heal|p1a: Scream Tail|321/330|[from] move: Wish|[wisher] Scream Tail\n|upkeep\n|turn|17\n|\n|t:|1771256699\n|move|p1a: Scream Tail|Wish|p1a: Scream Tail\n|cant|p2a: Tentacruel|par\n|\n|upkeep\n|turn|18\n|\n|t:|1771256706\n|-end|p1a: Scream Tail|Protosynthesis|[silent]\n|switch|p1a: Ursaring|Ursaring, L84, F|288/288\n|cant|p2a: Tentacruel|par\n|\n|-status|p1a: Ursaring|tox|[from] item: Toxic Orb\n|upkeep\n|turn|19\n|\n|t:|1771256712\n|move|p1a: Ursaring|Facade|p2a: Tentacruel\n|-damage|p2a: Tentacruel|0 fnt\n|faint|p2a: Tentacruel\n|\n|-damage|p1a: Ursaring|270/288 tox|[from] psn\n|upkeep\n|\n|t:|1771256719\n|switch|p2a: Swanna|Swanna, L89, F|278/278\n|turn|20\n|\n|t:|1771256723\n|move|p2a: Swanna|Hydro Pump|p1a: Ursaring\n|-damage|p1a: Ursaring|134/288 tox\n|move|p1a: Ursaring|Facade|p2a: Swanna\n|-damage|p2a: Swanna|49/278\n|\n|-damage|p1a: Ursaring|98/288 tox|[from] psn\n|upkeep\n|turn|21\n|\n|t:|1771256731\n|switch|p1a: Scream Tail|Scream Tail, L84|321/330\n|move|p2a: Swanna|Brave Bird|p1a: Scream Tail\n|-damage|p1a: Scream Tail|191/330\n|-damage|p2a: Swanna|6/278|[from] Recoil\n|\n|upkeep\n|turn|22\n|\n|t:|1771256737\n|move|p1a: Scream Tail|Protect|p1a: Scream Tail\n|-singleturn|p1a: Scream Tail|Protect\n|move|p2a: Swanna|Hydro Pump|p1a: Scream Tail\n|-activate|p1a: Scream Tail|move: Protect\n|\n|upkeep\n|turn|23\n|\n|t:|1771256741\n|move|p1a: Scream Tail|Wish|p1a: Scream Tail\n|move|p2a: Swanna|Hydro Pump|p1a: Scream Tail\n|-damage|p1a: Scream Tail|100/330\n|\n|upkeep\n|turn|24\n|\n|t:|1771256746\n|move|p1a: Scream Tail|Protect|p1a: Scream Tail\n|-singleturn|p1a: Scream Tail|Protect\n|move|p2a: Swanna|Roost|p2a: Swanna\n|-heal|p2a: Swanna|145/278\n|-singleturn|p2a: Swanna|move: Roost\n|\n|-heal|p1a: Scream Tail|265/330|[from] move: Wish|[wisher] Scream Tail\n|upkeep\n|turn|25\n|\n|t:|1771256752\n|move|p1a: Scream Tail|Thunder Wave|p2a: Swanna\n|-status|p2a: Swanna|par\n|move|p2a: Swanna|Brave Bird|p1a: Scream Tail\n|-damage|p1a: Scream Tail|156/330\n|-damage|p2a: Swanna|109/278 par|[from] Recoil\n|\n|upkeep\n|turn|26\n|\n|t:|1771256756\n|move|p1a: Scream Tail|Wish|p1a: Scream Tail\n|cant|p2a: Swanna|par\n|\n|upkeep\n|turn|27\n|\n|t:|1771256758\n|move|p1a: Scream Tail|Protect|p1a: Scream Tail\n|-singleturn|p1a: Scream Tail|Protect\n|move|p2a: Swanna|Brave Bird|p1a: Scream Tail\n|-activate|p1a: Scream Tail|move: Protect\n|\n|-heal|p1a: Scream Tail|321/330|[from] move: Wish|[wisher] Scream Tail\n|upkeep\n|turn|28\n|\n|t:|1771256763\n|move|p1a: Scream Tail|Wish|p1a: Scream Tail\n|cant|p2a: Swanna|par\n|\n|upkeep\n|turn|29\n|\n|t:|1771256766\n|-end|p1a: Scream Tail|Protosynthesis|[silent]\n|switch|p1a: Ursaring|Ursaring, L84, F|98/288 tox\n|move|p2a: Swanna|Roost|p2a: Swanna\n|-heal|p2a: Swanna|248/278 par\n|-singleturn|p2a: Swanna|move: Roost\n|\n|-heal|p1a: Ursaring|263/288 tox|[from] move: Wish|[wisher] Scream Tail\n|-damage|p1a: Ursaring|245/288 tox|[from] psn\n|upkeep\n|turn|30\n|\n|t:|1771256771\n|move|p1a: Ursaring|Facade|p2a: Swanna\n|-damage|p2a: Swanna|13/278 par\n|cant|p2a: Swanna|par\n|\n|-damage|p1a: Ursaring|209/288 tox|[from] psn\n|upkeep\n|turn|31\n|\n|t:|1771256774\n|move|p1a: Ursaring|Facade|p2a: Swanna\n|-damage|p2a: Swanna|0 fnt\n|faint|p2a: Swanna\n|\n|-damage|p1a: Ursaring|155/288 tox|[from] psn\n|upkeep\n|\n|t:|1771256780\n|switch|p2a: Infernape|Infernape, L82, F|103/259\n|turn|32\n|\n|t:|1771256783\n|switch|p1a: Hitmontop|Hitmontop, L88, M|202/231\n|-ability|p1a: Hitmontop|Intimidate|boost\n|-unboost|p2a: Infernape|atk|1\n|move|p2a: Infernape|Gunk Shot|p1a: Hitmontop\n|-damage|p1a: Hitmontop|122/231\n|\n|upkeep\n|turn|33\n|\n|t:|1771256790\n|switch|p2a: Grumpig|Grumpig, L92, M|297/297\n|move|p1a: Hitmontop|Close Combat|p2a: Grumpig\n|-resisted|p2a: Grumpig\n|-damage|p2a: Grumpig|216/297\n|-unboost|p1a: Hitmontop|def|1\n|-unboost|p1a: Hitmontop|spd|1\n|\n|-heal|p2a: Grumpig|234/297|[from] item: Leftovers\n|upkeep\n|turn|34\n|\n|t:|1771256793\n|switch|p1a: Scream Tail|Scream Tail, L84|321/330\n|move|p2a: Grumpig|Nasty Plot|p2a: Grumpig\n|-boost|p2a: Grumpig|spa|2\n|\n|-heal|p2a: Grumpig|252/297|[from] item: Leftovers\n|upkeep\n|turn|35\n|\n|t:|1771256798\n|move|p1a: Scream Tail|Thunder Wave|p2a: Grumpig\n|-status|p2a: Grumpig|par\n|move|p2a: Grumpig|Shadow Ball|p1a: Scream Tail\n|-supereffective|p1a: Scream Tail\n|-damage|p1a: Scream Tail|103/330\n|\n|-heal|p2a: Grumpig|270/297 par|[from] item: Leftovers\n|upkeep\n|turn|36\n|\n|t:|1771256802\n|-end|p1a: Scream Tail|Protosynthesis|[silent]\n|switch|p1a: Ursaring|Ursaring, L84, F|155/288 tox\n|move|p2a: Grumpig|Shadow Ball|p1a: Ursaring\n|-immune|p1a: Ursaring\n|\n|-heal|p2a: Grumpig|288/297 par|[from] item: Leftovers\n|-damage|p1a: Ursaring|137/288 tox|[from] psn\n|upkeep\n|turn|37\n|\n|t:|1771256809\n|move|p1a: Ursaring|Facade|p2a: Grumpig\n|-damage|p2a: Grumpig|74/297 par\n|move|p2a: Grumpig|Psychic|p1a: Ursaring\n|-damage|p1a: Ursaring|0 fnt\n|faint|p1a: Ursaring\n|\n|-heal|p2a: Grumpig|92/297 par|[from] item: Leftovers\n|upkeep\n|\n|t:|1771256815\n|switch|p1a: Okidogi|Okidogi, L77, M|262/262\n|turn|38\n|\n|t:|1771256818\n|move|p1a: Okidogi|Knock Off|p2a: Grumpig\n|-supereffective|p2a: Grumpig\n|-damage|p2a: Grumpig|0 fnt\n|-enditem|p2a: Grumpig|Leftovers|[from] move: Knock Off|[of] p1a: Okidogi\n|faint|p2a: Grumpig\n|\n|upkeep\n|\n|t:|1771256825\n|switch|p2a: Kyurem|Kyurem, L77|319/319\n|-ability|p2a: Kyurem|Pressure\n|turn|39\n|\n|t:|1771256829\n|move|p2a: Kyurem|Ice Beam|p1a: Okidogi\n|-damage|p1a: Okidogi|147/262\n|-status|p1a: Okidogi|frz\n|-curestatus|p1a: Okidogi|frz|[msg]\n|move|p1a: Okidogi|Bulk Up|p1a: Okidogi\n|-boost|p1a: Okidogi|atk|1\n|-boost|p1a: Okidogi|def|1\n|\n|upkeep\n|turn|40\n|\n|t:|1771256834\n|move|p2a: Kyurem|Earth Power|p1a: Okidogi\n|-supereffective|p1a: Okidogi\n|-damage|p1a: Okidogi|0 fnt\n|faint|p1a: Okidogi\n|\n|upkeep\n|\n|t:|1771256839\n|switch|p1a: Scream Tail|Scream Tail, L84|103/330\n|turn|41\n|\n|t:|1771256845\n|move|p1a: Scream Tail|Thunder Wave|p2a: Kyurem\n|-status|p2a: Kyurem|par\n|cant|p2a: Kyurem|par\n|\n|upkeep\n|turn|42\n|\n|t:|1771256847\n|move|p1a: Scream Tail|Wish|p1a: Scream Tail\n|move|p2a: Kyurem|Ice Beam|p1a: Scream Tail\n|-damage|p1a: Scream Tail|24/330\n|\n|upkeep\n|turn|43\n|\n|t:|1771256851\n|move|p1a: Scream Tail|Protect|p1a: Scream Tail\n|-singleturn|p1a: Scream Tail|Protect\n|move|p2a: Kyurem|Ice Beam|p1a: Scream Tail\n|-activate|p1a: Scream Tail|move: Protect\n|\n|-heal|p1a: Scream Tail|189/330|[from] move: Wish|[wisher] Scream Tail\n|upkeep\n|turn|44\n|\n|t:|1771256853\n|move|p1a: Scream Tail|Wish|p1a: Scream Tail\n|move|p2a: Kyurem|Ice Beam|p1a: Scream Tail\n|-damage|p1a: Scream Tail|105/330\n|\n|upkeep\n|turn|45\n|\n|t:|1771256862\n|move|p1a: Scream Tail|Protect|p1a: Scream Tail\n|-singleturn|p1a: Scream Tail|Protect\n|move|p2a: Kyurem|Ice Beam|p1a: Scream Tail\n|-activate|p1a: Scream Tail|move: Protect\n|\n|-heal|p1a: Scream Tail|270/330|[from] move: Wish|[wisher] Scream Tail\n|upkeep\n|turn|46\n|\n|t:|1771256866\n|move|p1a: Scream Tail|Wish|p1a: Scream Tail\n|cant|p2a: Kyurem|par\n|\n|upkeep\n|turn|47\n|\n|t:|1771256871\n|-end|p1a: Scream Tail|Protosynthesis|[silent]\n|switch|p1a: Hitmontop|Hitmontop, L88, M|122/231\n|-ability|p1a: Hitmontop|Intimidate|boost\n|-unboost|p2a: Kyurem|atk|1\n|move|p2a: Kyurem|Ice Beam|p1a: Hitmontop\n|-damage|p1a: Hitmontop|41/231\n|-status|p1a: Hitmontop|frz\n|\n|-heal|p1a: Hitmontop|206/231 frz|[from] move: Wish|[wisher] Scream Tail\n|upkeep\n|turn|48\n|\n|t:|1771256878\n|switch|p2a: Volcarona|Volcarona, L77, F|257/257\n|cant|p1a: Hitmontop|frz\n|\n|upkeep\n|turn|49\n|\n|t:|1771256884\n|switch|p1a: Scream Tail|Scream Tail, L84|270/330\n|move|p2a: Volcarona|Quiver Dance|p2a: Volcarona\n|-boost|p2a: Volcarona|spa|1\n|-boost|p2a: Volcarona|spd|1\n|-boost|p2a: Volcarona|spe|1\n|\n|upkeep\n|turn|50\n|\n|t:|1771256887\n|switch|p2a: Kyurem|Kyurem, L77|319/319 par\n|-ability|p2a: Kyurem|Pressure\n|move|p1a: Scream Tail|Thunder Wave|p2a: Kyurem\n|-fail|p2a: Kyurem|par\n|\n|upkeep\n|turn|51\n|\n|t:|1771256892\n|-end|p1a: Scream Tail|Protosynthesis|[silent]\n|switch|p1a: Snorlax|Snorlax, L82, F|397/397\n|move|p2a: Kyurem|Ice Beam|p1a: Snorlax\n|-damage|p1a: Snorlax|349/397\n|\n|-heal|p1a: Snorlax|373/397|[from] item: Leftovers\n|upkeep\n|turn|52\n|\n|t:|1771256897\n|move|p1a: Snorlax|Curse|p1a: Snorlax\n|-unboost|p1a: Snorlax|spe|1\n|-boost|p1a: Snorlax|atk|1\n|-boost|p1a: Snorlax|def|1\n|move|p2a: Kyurem|Outrage|p1a: Snorlax\n|-damage|p1a: Snorlax|268/397\n|\n|-heal|p1a: Snorlax|292/397|[from] item: Leftovers\n|upkeep\n|turn|53\n|\n|t:|1771256900\n|move|p2a: Kyurem|Outrage|p1a: Snorlax|[from] lockedmove\n|-damage|p1a: Snorlax|171/397\n|-start|p2a: Kyurem|confusion|[fatigue]\n|move|p1a: Snorlax|Curse|p1a: Snorlax\n|-unboost|p1a: Snorlax|spe|1\n|-boost|p1a: Snorlax|atk|1\n|-boost|p1a: Snorlax|def|1\n|\n|-heal|p1a: Snorlax|195/397|[from] item: Leftovers\n|upkeep\n|turn|54\n|\n|t:|1771256907\n|-activate|p2a: Kyurem|confusion\n|cant|p2a: Kyurem|par\n|move|p1a: Snorlax|Curse|p1a: Snorlax\n|-unboost|p1a: Snorlax|spe|1\n|-boost|p1a: Snorlax|atk|1\n|-boost|p1a: Snorlax|def|1\n|\n|-heal|p1a: Snorlax|219/397|[from] item: Leftovers\n|upkeep\n|turn|55\n|\n|t:|1771256910\n|-activate|p2a: Kyurem|confusion\n|move|p2a: Kyurem|Earth Power|p1a: Snorlax\n|-damage|p1a: Snorlax|157/397\n|move|p1a: Snorlax|Curse|p1a: Snorlax\n|-unboost|p1a: Snorlax|spe|1\n|-boost|p1a: Snorlax|atk|1\n|-boost|p1a: Snorlax|def|1\n|\n|-heal|p1a: Snorlax|181/397|[from] item: Leftovers\n|upkeep\n|turn|56\n|\n|t:|1771256916\n|-activate|p2a: Kyurem|confusion\n|move|p2a: Kyurem|Ice Beam|p1a: Snorlax\n|-damage|p1a: Snorlax|133/397\n|move|p1a: Snorlax|Rest|p1a: Snorlax\n|-status|p1a: Snorlax|slp|[from] move: Rest\n|-heal|p1a: Snorlax|397/397 slp|[silent]\n|\n|upkeep\n|turn|57\n|\n|t:|1771256927\n|switch|p2a: Volcarona|Volcarona, L77, F|257/257\n|cant|p1a: Snorlax|slp\n|move|p1a: Snorlax|Sleep Talk|p1a: Snorlax\n|move|p1a: Snorlax|Curse|p1a: Snorlax|[from] move: Sleep Talk\n|-unboost|p1a: Snorlax|spe|1\n|-boost|p1a: Snorlax|atk|1\n|-boost|p1a: Snorlax|def|1\n|\n|upkeep\n|turn|58\n|\n|t:|1771256931\n|move|p2a: Volcarona|Quiver Dance|p2a: Volcarona\n|-boost|p2a: Volcarona|spa|1\n|-boost|p2a: Volcarona|spd|1\n|-boost|p2a: Volcarona|spe|1\n|cant|p1a: Snorlax|slp\n|move|p1a: Snorlax|Sleep Talk|p1a: Snorlax\n|move|p1a: Snorlax|Curse|p1a: Snorlax|[from] move: Sleep Talk\n|-unboost|p1a: Snorlax|spe|1\n|-boost|p1a: Snorlax|atk|1\n|-boost|p1a: Snorlax|def|1\n|\n|upkeep\n|turn|59\n|\n|t:|1771256936\n|-terastallize|p2a: Volcarona|Steel\n|move|p2a: Volcarona|Fiery Dance|p1a: Snorlax\n|-damage|p1a: Snorlax|339/397 slp\n|-boost|p2a: Volcarona|spa|1\n|-curestatus|p1a: Snorlax|slp|[msg]\n|move|p1a: Snorlax|Body Slam|p2a: Volcarona\n|-resisted|p2a: Volcarona\n|-damage|p2a: Volcarona|25/257\n|\n|-heal|p1a: Snorlax|363/397|[from] item: Leftovers\n|upkeep\n|turn|60\n|\n|t:|1771256949\n|move|p2a: Volcarona|Bug Buzz|p1a: Snorlax\n|-damage|p1a: Snorlax|174/397\n|-unboost|p1a: Snorlax|spd|1\n|move|p1a: Snorlax|Body Slam|p2a: Volcarona\n|-resisted|p2a: Volcarona\n|-damage|p2a: Volcarona|0 fnt\n|-status|p1a: Snorlax|brn|[from] ability: Flame Body|[of] p2a: Volcarona\n|faint|p2a: Volcarona\n|\n|-heal|p1a: Snorlax|198/397 brn|[from] item: Leftovers\n|-damage|p1a: Snorlax|174/397 brn|[from] brn\n|upkeep\n|\n|t:|1771256955\n|switch|p2a: Kyurem|Kyurem, L77|319/319 par\n|-ability|p2a: Kyurem|Pressure\n|turn|61\n|\n|t:|1771256958\n|move|p2a: Kyurem|Ice Beam|p1a: Snorlax\n|-damage|p1a: Snorlax|107/397 brn\n|move|p1a: Snorlax|Rest|p1a: Snorlax\n|-status|p1a: Snorlax|slp|[from] move: Rest\n|-heal|p1a: Snorlax|397/397 slp|[silent]\n|\n|upkeep\n|turn|62\n|\n|t:|1771256962\n|move|p2a: Kyurem|Earth Power|p1a: Snorlax\n|-crit|p1a: Snorlax\n|-damage|p1a: Snorlax|278/397 slp\n|cant|p1a: Snorlax|slp\n|move|p1a: Snorlax|Sleep Talk|p1a: Snorlax\n|move|p1a: Snorlax|Curse|p1a: Snorlax|[from] move: Sleep Talk\n|\n|-heal|p1a: Snorlax|302/397 slp|[from] item: Leftovers\n|upkeep\n|turn|63\n|\n|t:|1771256965\n|cant|p2a: Kyurem|par\n|cant|p1a: Snorlax|slp\n|move|p1a: Snorlax|Sleep Talk|p1a: Snorlax\n|move|p1a: Snorlax|Rest||[from] move: Sleep Talk|[still]\n|-fail|p1a: Snorlax\n|\n|-heal|p1a: Snorlax|326/397 slp|[from] item: Leftovers\n|upkeep\n|turn|64\n|\n|t:|1771256967\n|cant|p2a: Kyurem|par\n|-curestatus|p1a: Snorlax|slp|[msg]\n|move|p1a: Snorlax|Body Slam|p2a: Kyurem\n|-damage|p2a: Kyurem|0 fnt\n|faint|p2a: Kyurem\n|\n|-heal|p1a: Snorlax|350/397|[from] item: Leftovers\n|upkeep\n|-message|pokemonhasu forfeited.\n|\n|win|Axtell\n|raw|Axtell's rating: 1799 &rarr; <strong>1816</strong><br />(+17 for winning)\n|raw|pokemonhasu's rating: 1751 &rarr; <strong>1734</strong><br />(-17 for losing)\n|l|☆pokemonhasu\n|player|p2|\n", "inputlog": ">version 686819e5e19f8a7fd2345cfc5a08a5085efa2cc3\n>start {\"formatid\":\"gen9randombattle\",\"seed\":\"sodium,ff1cc4f4ff4ece4b42c2a5ad6f92b26b\",\"rated\":\"Rated battle\"}\n>player p1 {\"name\":\"Axtell\",\"avatar\":\"cynthia\",\"rating\":1799,\"seed\":\"sodium,9a4b32e4c756e8f52c8e7b7a8b8df8cd\"}\n>player p2 {\"name\":\"pokemonhasu\",\"avatar\":\"101\",\"rating\":1751,\"seed\":\"sodium,cbaab48fc5d08a518d6b17020744f058\"}\n>p1 move closecombat\n>p2 move knockoff\n>p1 move stoneedge\n>p2 switch 4\n>p1 switch 6\n>p2 move knockoff\n>p1 move knockoff\n>p2 move surf\n>p1 switch 2\n>p2 move surf\n>p1 move thunderwave\n>p2 move sludgebomb\n>p1 move wish\n>p2 move sludgebomb\n>p1 move protect\n>p2 move knockoff\n>p1 move wish\n>p2 move sludgebomb\n>p1 switch 2\n>p2 move sludgebomb\n>p1 switch 2\n>p2 move surf\n>p1 move protect\n>p2 move knockoff\n>p1 move wish\n>p2 move knockoff\n>p1 move protect\n>p2 move sludgebomb\n>p1 move wish\n>p2 move sludgebomb\n>p1 move protect\n>p2 move surf\n>p1 move wish\n>p2 move sludgebomb\n>p1 switch 5\n>p2 move sludgebomb\n>p1 move facade\n>p2 move knockoff\n>p2 switch 2\n>p1 move facade\n>p2 move hydropump\n>p1 switch 5\n>p2 move bravebird\n>p1 move protect\n>p2 move hydropump\n>p1 move wish\n>p2 move hydropump\n>p1 move protect\n>p2 move roost\n>p1 move thunderwave\n>p2 move bravebird\n>p1 move wish\n>p2 move bravebird\n>p1 move protect\n>p2 move bravebird\n>p1 move wish\n>p2 move bravebird\n>p1 switch 5\n>p2 move roost\n>p1 move facade\n>p2 move bravebird\n>p1 move facade\n>p2 move bravebird\n>p2 switch 4\n>p1 switch 6\n>p2 move gunkshot\n>p1 move closecombat\n>p2 switch 3\n>p1 switch 5\n>p2 move nastyplot\n>p1 move thunderwave\n>p2 move shadowball\n>p1 switch 6\n>p2 move shadowball\n>p1 move facade\n>p2 move psychic\n>p1 switch 2\n>p1 move knockoff\n>p2 move psychic\n>p2 switch 5\n>p1 move bulkup\n>p2 move icebeam\n>p1 move drainpunch\n>p2 move earthpower\n>p1 switch 6\n>p1 move thunderwave\n>p2 move icebeam\n>p1 move wish\n>p2 move icebeam\n>p1 move protect\n>p2 move icebeam\n>p1 move wish\n>p2 move icebeam\n>p1 move protect\n>p2 move icebeam\n>p1 move wish\n>p2 move icebeam\n>p1 switch 5\n>p2 move icebeam\n>p1 move closecombat\n>p2 switch 6\n>p1 switch 5\n>p2 move quiverdance\n>p1 move thunderwave\n>p2 switch 6\n>p1 switch 3\n>p2 move icebeam\n>p1 move curse\n>p2 move outrage\n>p1 move curse\n>p2 move outrage\n>p1 move curse\n>p2 move earthpower\n>p1 move curse\n>p2 move earthpower\n>p1 move rest\n>p2 move icebeam\n>p1 move sleeptalk\n>p2 switch 6\n>p1 move sleeptalk\n>p2 move quiverdance\n>p1 move bodyslam\n>p2 move fierydance terastallize\n>p1 move bodyslam\n>p2 move bugbuzz\n>p2 switch 6\n>p1 move rest\n>p2 move icebeam\n>p1 move sleeptalk\n>p2 move earthpower\n>p1 move sleeptalk\n>p2 move earthpower\n>p1 move bodyslam\n>p2 move earthpower\n>forcelose p2", "uploadtime": 1771256975, "views": 7, "formatid": "gen9randombattle", "rating": 1734, "private": 0, "password": null}