{"id": "gen9randombattle-2540386972", "format": "[Gen 9] Random Battle", "players": ["pokemonepic120", "Micael Lopes"], "log": "|j|☆pokemonepic120\n|j|☆Micael Lopes\n|t:|1771195834\n|gametype|singles\n|player|p1|pokemonepic120|170|1912\n|player|p2|Micael Lopes|benga|1869\n|gen|9\n|tier|[Gen 9] Random Battle\n|rated|\n|rule|Species Clause: Limit one of each Pokémon\n|rule|HP Percentage Mod: HP is shown in percentages\n|rule|Sleep Clause Mod: Limit one foe put to sleep\n|rule|Illusion Level Mod: Illusion disguises the Pokémon's true level\n|\n|t:|1771195834\n|teamsize|p1|6\n|teamsize|p2|6\n|start\n|switch|p1a: Brute Bonnet|Brute Bonnet, L81|312/312\n|switch|p2a: Lurantis|Lurantis, L87, F|264/264\n|turn|1\n|inactive|Battle timer is ON: inactive players will automatically lose when time's up. (requested by Micael Lopes)\n|\n|t:|1771195850\n|-end|p1a: Brute Bonnet|Protosynthesis|[silent]\n|switch|p1a: Seviper|Seviper, L93, F|287/287\n|switch|p2a: Forretress|Forretress, L84, M|263/263\n|\n|upkeep\n|turn|2\n|\n|t:|1771195858\n|switch|p1a: Zebstrika|Zebstrika, L87, F|272/272\n|move|p2a: Forretress|Spikes|p1a: Zebstrika\n|-sidestart|p1: pokemonepic120|Spikes\n|\n|upkeep\n|turn|3\n|\n|t:|1771195864\n|switch|p2a: Oranguru|Oranguru, L92, M|315/315\n|move|p1a: Zebstrika|Overheat|p2a: Oranguru\n|-damage|p2a: Oranguru|232/315\n|-unboost|p1a: Zebstrika|spa|2\n|-damage|p1a: Zebstrika|245/272|[from] item: Life Orb\n|\n|-heal|p2a: Oranguru|251/315|[from] item: Leftovers\n|upkeep\n|turn|4\n|\n|t:|1771195876\n|switch|p1a: Tinkaton|Tinkaton, L82, F|274/274\n|-damage|p1a: Tinkaton|240/274|[from] Spikes\n|-ability|p1a: Tinkaton|Mold Breaker\n|move|p2a: Oranguru|Focus Blast|p1a: Tinkaton\n|-damage|p1a: Tinkaton|160/274\n|\n|-heal|p1a: Tinkaton|177/274|[from] item: Leftovers\n|-heal|p2a: Oranguru|270/315|[from] item: Leftovers\n|upkeep\n|turn|5\n|\n|t:|1771195897\n|move|p1a: Tinkaton|Knock Off|p2a: Oranguru\n|-supereffective|p2a: Oranguru\n|-damage|p2a: Oranguru|156/315\n|-enditem|p2a: Oranguru|Leftovers|[from] move: Knock Off|[of] p1a: Tinkaton\n|move|p2a: Oranguru|Thunderbolt|p1a: Tinkaton\n|-damage|p1a: Tinkaton|107/274\n|\n|-heal|p1a: Tinkaton|124/274|[from] item: Leftovers\n|upkeep\n|turn|6\n|\n|t:|1771195906\n|switch|p2a: Forretress|Forretress, L84, M|263/263\n|move|p1a: Tinkaton|Knock Off|p2a: Forretress\n|-damage|p2a: Forretress|229/263\n|-enditem|p2a: Forretress|Leftovers|[from] move: Knock Off|[of] p1a: Tinkaton\n|\n|-heal|p1a: Tinkaton|141/274|[from] item: Leftovers\n|upkeep\n|turn|7\n|\n|t:|1771195915\n|switch|p1a: Zebstrika|Zebstrika, L87, F|245/272\n|-damage|p1a: Zebstrika|211/272|[from] Spikes\n|move|p2a: Forretress|Spikes|p1a: Zebstrika\n|-sidestart|p1: pokemonepic120|Spikes\n|\n|upkeep\n|turn|8\n|\n|t:|1771195929\n|switch|p2a: Annihilape|Annihilape, L76, M|292/292\n|move|p1a: Zebstrika|Supercell Slam|p2a: Annihilape\n|-crit|p2a: Annihilape\n|-damage|p2a: Annihilape|27/292\n|-damage|p1a: Zebstrika|184/272|[from] item: Life Orb\n|\n|-heal|p2a: Annihilape|45/292|[from] item: Leftovers\n|upkeep\n|turn|9\n|\n|t:|1771195939\n|switch|p2a: Brute Bonnet|Brute Bonnet, L81|312/312\n|move|p1a: Zebstrika|High Horsepower|p2a: Brute Bonnet\n|-resisted|p2a: Brute Bonnet\n|-damage|p2a: Brute Bonnet|269/312\n|-damage|p1a: Zebstrika|157/272|[from] item: Life Orb\n|\n|-heal|p2a: Brute Bonnet|288/312|[from] item: Leftovers\n|upkeep\n|turn|10\n|\n|t:|1771195956\n|move|p2a: Brute Bonnet|Sucker Punch|p1a: Zebstrika\n|-damage|p1a: Zebstrika|52/272\n|move|p1a: Zebstrika|Overheat|p2a: Brute Bonnet\n|-supereffective|p2a: Brute Bonnet\n|-damage|p2a: Brute Bonnet|96/312\n|-unboost|p1a: Zebstrika|spa|2\n|-damage|p1a: Zebstrika|25/272|[from] item: Life Orb\n|\n|-heal|p2a: Brute Bonnet|115/312|[from] item: Leftovers\n|upkeep\n|turn|11\n|\n|t:|1771195964\n|move|p1a: Zebstrika|Overheat|p2a: Brute Bonnet\n|-supereffective|p2a: Brute Bonnet\n|-damage|p2a: Brute Bonnet|6/312\n|-unboost|p1a: Zebstrika|spa|2\n|-damage|p1a: Zebstrika|0 fnt|[from] item: Life Orb\n|faint|p1a: Zebstrika\n|move|p2a: Brute Bonnet|Spore|p1: Zebstrika|[notarget]\n|-fail|p2a: Brute Bonnet\n|\n|-heal|p2a: Brute Bonnet|25/312|[from] item: Leftovers\n|upkeep\n|\n|t:|1771195970\n|switch|p1a: Tinkaton|Tinkaton, L82, F|141/274\n|-damage|p1a: Tinkaton|96/274|[from] Spikes\n|-ability|p1a: Tinkaton|Mold Breaker\n|turn|12\n|\n|t:|1771195984\n|-end|p2a: Brute Bonnet|Protosynthesis|[silent]\n|switch|p2a: Forretress|Forretress, L84, M|229/263\n|move|p1a: Tinkaton|Gigaton Hammer|p2a: Forretress\n|-resisted|p2a: Forretress\n|-damage|p2a: Forretress|186/263\n|\n|-heal|p1a: Tinkaton|113/274|[from] item: Leftovers\n|upkeep\n|turn|13\n|\n|t:|1771195995\n|move|p1a: Tinkaton|Swords Dance|p1a: Tinkaton\n|-boost|p1a: Tinkaton|atk|2\n|move|p2a: Forretress|Spikes|p1a: Tinkaton\n|-sidestart|p1: pokemonepic120|Spikes\n|\n|-heal|p1a: Tinkaton|130/274|[from] item: Leftovers\n|upkeep\n|turn|14\n|\n|t:|1771196000\n|move|p1a: Tinkaton|Gigaton Hammer|p2a: Forretress\n|-resisted|p2a: Forretress\n|-damage|p2a: Forretress|90/263\n|move|p2a: Forretress|Body Press|p1a: Tinkaton\n|-damage|p1a: Tinkaton|51/274\n|\n|-heal|p1a: Tinkaton|68/274|[from] item: Leftovers\n|upkeep\n|turn|15\n|\n|t:|1771196012\n|move|p1a: Tinkaton|Knock Off|p2a: Forretress\n|-damage|p2a: Forretress|40/263\n|move|p2a: Forretress|Body Press|p1a: Tinkaton\n|-damage|p1a: Tinkaton|0 fnt\n|faint|p1a: Tinkaton\n|\n|upkeep\n|\n|t:|1771196023\n|switch|p1a: Seviper|Seviper, L93, F|287/287\n|-damage|p1a: Seviper|216/287|[from] Spikes\n|turn|16\n|\n|t:|1771196042\n|move|p1a: Seviper|Swords Dance|p1a: Seviper\n|-boost|p1a: Seviper|atk|2\n|move|p2a: Forretress|Iron Head|p1a: Seviper\n|-damage|p1a: Seviper|126/287\n|\n|-heal|p1a: Seviper|143/287|[from] item: Leftovers\n|upkeep\n|turn|17\n|inactive|Micael Lopes has 120 seconds left.\n|\n|t:|1771196073\n|move|p1a: Seviper|Earthquake|p2a: Forretress\n|-damage|p2a: Forretress|0 fnt\n|faint|p2a: Forretress\n|\n|-heal|p1a: Seviper|160/287|[from] item: Leftovers\n|upkeep\n|\n|t:|1771196079\n|switch|p2a: Annihilape|Annihilape, L76, M|45/292\n|turn|18\n|inactive|Micael Lopes has 120 seconds left.\n|\n|t:|1771196097\n|move|p2a: Annihilape|Rage Fist|p1a: Seviper\n|-damage|p1a: Seviper|45/287\n|move|p1a: Seviper|Trailblaze|p2a: Annihilape\n|-damage|p2a: Annihilape|0 fnt\n|-boost|p1a: Seviper|spe|1\n|faint|p2a: Annihilape\n|\n|-heal|p1a: Seviper|62/287|[from] item: Leftovers\n|upkeep\n|\n|t:|1771196100\n|switch|p2a: Brute Bonnet|Brute Bonnet, L81|25/312\n|turn|19\n|\n|t:|1771196117\n|move|p2a: Brute Bonnet|Sucker Punch||[still]\n|-fail|p2a: Brute Bonnet\n|move|p1a: Seviper|Swords Dance|p1a: Seviper\n|-boost|p1a: Seviper|atk|2\n|\n|-heal|p1a: Seviper|79/287|[from] item: Leftovers\n|-heal|p2a: Brute Bonnet|44/312|[from] item: Leftovers\n|upkeep\n|turn|20\n|inactive|Micael Lopes has 120 seconds left.\n|inactive|pokemonepic120 has 120 seconds left.\n|\n|t:|1771196148\n|move|p1a: Seviper|Swords Dance|p1a: Seviper\n|-boost|p1a: Seviper|atk|2\n|move|p2a: Brute Bonnet|Crunch|p1a: Seviper\n|-damage|p1a: Seviper|0 fnt\n|faint|p1a: Seviper\n|\n|-heal|p2a: Brute Bonnet|63/312|[from] item: Leftovers\n|upkeep\n|\n|t:|1771196156\n|switch|p1a: Brute Bonnet|Brute Bonnet, L81|312/312\n|-damage|p1a: Brute Bonnet|234/312|[from] Spikes\n|turn|21\n|inactive|pokemonepic120 has 120 seconds left.\n|\n|t:|1771196172\n|move|p2a: Brute Bonnet|Close Combat|p1a: Brute Bonnet\n|-supereffective|p1a: Brute Bonnet\n|-damage|p1a: Brute Bonnet|48/312\n|-unboost|p2a: Brute Bonnet|def|1\n|-unboost|p2a: Brute Bonnet|spd|1\n|move|p1a: Brute Bonnet|Crunch|p2a: Brute Bonnet\n|-resisted|p2a: Brute Bonnet\n|-damage|p2a: Brute Bonnet|0 fnt\n|faint|p2a: Brute Bonnet\n|-end|p2a: Brute Bonnet|Protosynthesis|[silent]\n|\n|-heal|p1a: Brute Bonnet|67/312|[from] item: Leftovers\n|upkeep\n|\n|t:|1771196175\n|switch|p2a: Lurantis|Lurantis, L87, F|264/264\n|turn|22\n|\n|t:|1771196182\n|move|p1a: Brute Bonnet|Crunch|p2a: Lurantis\n|-damage|p2a: Lurantis|167/264\n|move|p2a: Lurantis|Superpower|p1a: Brute Bonnet\n|-supereffective|p1a: Brute Bonnet\n|-damage|p1a: Brute Bonnet|0 fnt\n|-boost|p2a: Lurantis|atk|1\n|-boost|p2a: Lurantis|def|1\n|faint|p1a: Brute Bonnet\n|-end|p1a: Brute Bonnet|Protosynthesis|[silent]\n|\n|upkeep\n|\n|t:|1771196194\n|switch|p1a: Kyurem|Kyurem, L77|319/319\n|-ability|p1a: Kyurem|Pressure\n|turn|23\n|\n|t:|1771196206\n|-terastallize|p2a: Lurantis|Water\n|move|p1a: Kyurem|Draco Meteor|p2a: Lurantis\n|-damage|p2a: Lurantis|68/264\n|-unboost|p1a: Kyurem|spa|2\n|move|p2a: Lurantis|Superpower|p1a: Kyurem\n|-supereffective|p1a: Kyurem\n|-damage|p1a: Kyurem|27/319\n|-boost|p2a: Lurantis|atk|1\n|-boost|p2a: Lurantis|def|1\n|\n|upkeep\n|turn|24\n|\n|t:|1771196214\n|move|p1a: Kyurem|Freeze-Dry|p2a: Lurantis\n|-supereffective|p2a: Lurantis\n|-damage|p2a: Lurantis|18/264\n|move|p2a: Lurantis|Leech Life|p1a: Kyurem\n|-damage|p1a: Kyurem|0 fnt\n|-heal|p2a: Lurantis|32/264|[from] drain|[of] p1a: Kyurem\n|faint|p1a: Kyurem\n|\n|upkeep\n|\n|t:|1771196217\n|switch|p1a: Dewgong|Dewgong, L94, F|322/322\n|-damage|p1a: Dewgong|242/322|[from] Spikes\n|turn|25\n|inactive|pokemonepic120 has 120 seconds left.\n|\n|t:|1771196254\n|move|p1a: Dewgong|Knock Off|p2a: Lurantis\n|-damage|p2a: Lurantis|0 fnt\n|-enditem|p2a: Lurantis|Assault Vest|[from] move: Knock Off|[of] p1a: Dewgong\n|faint|p2a: Lurantis\n|\n|upkeep\n|\n|t:|1771196272\n|switch|p2a: Toxtricity|Toxtricity, L82, F|257/257\n|turn|26\n|inactive|pokemonepic120 has 120 seconds left.\n|\n|t:|1771196300\n|-terastallize|p1a: Dewgong|Dragon\n|move|p1a: Dewgong|Ice Beam|p2a: Toxtricity\n|-damage|p2a: Toxtricity|154/257\n|move|p2a: Toxtricity|Shift Gear|p2a: Toxtricity\n|-boost|p2a: Toxtricity|spe|2\n|-boost|p2a: Toxtricity|atk|1\n|\n|upkeep\n|turn|27\n|\n|t:|1771196309\n|move|p2a: Toxtricity|Overdrive|p1a: Dewgong\n|-resisted|p1a: Dewgong\n|-damage|p1a: Dewgong|207/322\n|-enditem|p2a: Toxtricity|Throat Spray\n|-boost|p2a: Toxtricity|spa|1|[from] item: Throat Spray\n|move|p1a: Dewgong|Ice Beam|p2a: Toxtricity\n|-damage|p2a: Toxtricity|45/257\n|\n|upkeep\n|turn|28\n|inactive|pokemonepic120 has 120 seconds left.\n|\n|t:|1771196318\n|move|p2a: Toxtricity|Boomburst|p1a: Dewgong\n|-damage|p1a: Dewgong|90/322\n|move|p1a: Dewgong|Ice Beam|p2a: Toxtricity\n|-damage|p2a: Toxtricity|0 fnt\n|faint|p2a: Toxtricity\n|\n|upkeep\n|\n|t:|1771196319\n|switch|p2a: Oranguru|Oranguru, L92, M|156/315\n|turn|29\n|inactive|pokemonepic120 has 120 seconds left.\n|\n|t:|1771196351\n|move|p1a: Dewgong|Knock Off|p2a: Oranguru\n|-supereffective|p2a: Oranguru\n|-damage|p2a: Oranguru|66/315\n|move|p2a: Oranguru|Psyshock|p1a: Dewgong\n|-damage|p1a: Dewgong|0 fnt\n|faint|p1a: Dewgong\n|\n|win|Micael Lopes\n|raw|pokemonepic120's rating: 1912 &rarr; <strong>1888</strong><br />(-24 for losing)\n|raw|Micael Lopes's rating: 1846 &rarr; <strong>1870</strong><br />(+24 for winning)\n|c|☆Micael Lopes|**__Sexy game.__**\n|l|☆pokemonepic120\n|player|p1|\n", "inputlog": ">version 686819e5e19f8a7fd2345cfc5a08a5085efa2cc3\n>start {\"formatid\":\"gen9randombattle\",\"seed\":\"sodium,46e69dd9f0cb81a1ccd87ce9118d6d3f\",\"rated\":\"Rated battle\"}\n>player p1 {\"name\":\"pokemonepic120\",\"avatar\":\"170\",\"rating\":1912,\"seed\":\"sodium,4a0c5d17d173784ad849b2b7b1e3d197\"}\n>player p2 {\"name\":\"Micael Lopes\",\"avatar\":\"benga\",\"rating\":1869,\"seed\":\"sodium,7329fc4d8883f4b4a98e7a2863035d59\"}\n>p1 switch 3\n>p2 switch 3\n>p1 switch 6\n>p2 move spikes\n>p1 move overheat\n>p2 switch 2\n>p1 switch 4\n>p2 move focusblast\n>p1 move knockoff\n>p2 move thunderbolt\n>p1 move knockoff\n>p2 switch 2\n>p1 switch 4\n>p2 move spikes\n>p1 move supercellslam\n>p2 switch 5\n>p1 move highhorsepower\n>p2 switch 6\n>p1 move overheat\n>p2 move suckerpunch\n>p1 move overheat\n>p2 move spore\n>p1 switch 4\n>p1 move gigatonhammer\n>p2 switch 5\n>p1 move swordsdance\n>p2 move spikes\n>p1 move gigatonhammer\n>p2 move bodypress\n>p1 move knockoff\n>p2 move bodypress\n>p1 switch 6\n>p1 move swordsdance\n>p2 move ironhead\n>p1 move earthquake\n>p2 move rapidspin\n>p2 switch 6\n>p1 move trailblaze\n>p2 move ragefist\n>p2 switch 5\n>p1 move swordsdance\n>p2 move suckerpunch\n>p1 move swordsdance\n>p2 move crunch\n>p1 switch 3\n>p1 move crunch\n>p2 move closecombat\n>p2 switch 3\n>p1 move crunch\n>p2 move superpower\n>p1 switch 2\n>p1 move dracometeor\n>p2 move superpower terastallize\n>p1 move freezedry\n>p2 move leechlife\n>p1 switch 5\n>p1 move knockoff\n>p2 move superpower\n>p2 switch 4\n>p1 move icebeam terastallize\n>p2 move shiftgear\n>p1 move icebeam\n>p2 move overdrive\n>p1 move icebeam\n>p2 move boomburst\n>p2 switch 2\n>p1 move knockoff\n>p2 move psyshock", "uploadtime": 1771196375, "views": 9, "formatid": "gen9randombattle", "rating": 1870, "private": 0, "password": null}