{"id": "gen9randombattle-2540422702", "format": "[Gen 9] Random Battle", "players": ["SquidRoundpants", "lojuv"], "log": "|j|☆SquidRoundpants\n|j|☆lojuv\n|t:|1771200134\n|gametype|singles\n|player|p1|SquidRoundpants|leon|1606\n|player|p2|lojuv|2|1655\n|gen|9\n|tier|[Gen 9] Random Battle\n|rated|\n|rule|Species Clause: Limit one of each Pokémon\n|rule|HP Percentage Mod: HP is shown in percentages\n|rule|Sleep Clause Mod: Limit one foe put to sleep\n|rule|Illusion Level Mod: Illusion disguises the Pokémon's true level\n|\n|t:|1771200134\n|teamsize|p1|6\n|teamsize|p2|6\n|start\n|switch|p1a: Dragapult|Dragapult, L77, M|262/262\n|switch|p2a: Espeon|Espeon, L84, M|246/246\n|turn|1\n|inactive|Battle timer is ON: inactive players will automatically lose when time's up. (requested by SquidRoundpants)\n|inactive|lojuv also wants the timer to be on.\n|\n|t:|1771200158\n|move|p1a: Dragapult|U-turn|p2a: Espeon\n|-supereffective|p2a: Espeon\n|-damage|p2a: Espeon|112/246\n|\n|t:|1771200165\n|switch|p1a: Gothitelle|Gothitelle, L90, M|272/272|[from] U-turn\n|move|p2a: Espeon|Alluring Voice|p1a: Gothitelle\n|-damage|p1a: Gothitelle|194/272\n|-damage|p2a: Espeon|88/246|[from] item: Life Orb\n|\n|-heal|p1a: Gothitelle|211/272|[from] item: Leftovers\n|upkeep\n|turn|2\n|inactive|lojuv has 120 seconds left.\n|\n|t:|1771200201\n|move|p2a: Espeon|Morning Sun|p2a: Espeon\n|-heal|p2a: Espeon|211/246\n|move|p1a: Gothitelle|Dark Pulse|p2a: Espeon\n|-supereffective|p2a: Espeon\n|-damage|p2a: Espeon|87/246\n|\n|-heal|p1a: Gothitelle|228/272|[from] item: Leftovers\n|upkeep\n|turn|3\n|inactive|lojuv has 120 seconds left.\n|\n|t:|1771200209\n|move|p2a: Espeon|Morning Sun|p2a: Espeon\n|-heal|p2a: Espeon|210/246\n|move|p1a: Gothitelle|Psychic Noise|p2a: Espeon\n|-resisted|p2a: Espeon\n|-damage|p2a: Espeon|170/246\n|-start|p2a: Espeon|move: Heal Block\n|\n|-heal|p1a: Gothitelle|245/272|[from] item: Leftovers\n|upkeep\n|turn|4\n|inactive|lojuv has 120 seconds left.\n|\n|t:|1771200221\n|move|p2a: Espeon|Calm Mind|p2a: Espeon\n|-boost|p2a: Espeon|spa|1\n|-boost|p2a: Espeon|spd|1\n|move|p1a: Gothitelle|Dark Pulse|p2a: Espeon\n|-supereffective|p2a: Espeon\n|-damage|p2a: Espeon|90/246\n|\n|-heal|p1a: Gothitelle|262/272|[from] item: Leftovers\n|-end|p2a: Espeon|move: Heal Block\n|upkeep\n|turn|5\n|\n|t:|1771200229\n|move|p2a: Espeon|Morning Sun|p2a: Espeon\n|-heal|p2a: Espeon|213/246\n|move|p1a: Gothitelle|Calm Mind|p1a: Gothitelle\n|-boost|p1a: Gothitelle|spa|1\n|-boost|p1a: Gothitelle|spd|1\n|\n|-heal|p1a: Gothitelle|272/272|[from] item: Leftovers\n|upkeep\n|turn|6\n|\n|t:|1771200233\n|move|p2a: Espeon|Calm Mind|p2a: Espeon\n|-boost|p2a: Espeon|spa|1\n|-boost|p2a: Espeon|spd|1\n|move|p1a: Gothitelle|Calm Mind|p1a: Gothitelle\n|-boost|p1a: Gothitelle|spa|1\n|-boost|p1a: Gothitelle|spd|1\n|\n|upkeep\n|turn|7\n|\n|t:|1771200237\n|move|p2a: Espeon|Calm Mind|p2a: Espeon\n|-boost|p2a: Espeon|spa|1\n|-boost|p2a: Espeon|spd|1\n|move|p1a: Gothitelle|Calm Mind|p1a: Gothitelle\n|-boost|p1a: Gothitelle|spa|1\n|-boost|p1a: Gothitelle|spd|1\n|\n|upkeep\n|turn|8\n|\n|t:|1771200240\n|move|p2a: Espeon|Calm Mind|p2a: Espeon\n|-boost|p2a: Espeon|spa|1\n|-boost|p2a: Espeon|spd|1\n|move|p1a: Gothitelle|Calm Mind|p1a: Gothitelle\n|-boost|p1a: Gothitelle|spa|1\n|-boost|p1a: Gothitelle|spd|1\n|\n|upkeep\n|turn|9\n|\n|t:|1771200251\n|move|p2a: Espeon|Calm Mind|p2a: Espeon\n|-boost|p2a: Espeon|spa|1\n|-boost|p2a: Espeon|spd|1\n|move|p1a: Gothitelle|Calm Mind|p1a: Gothitelle\n|-boost|p1a: Gothitelle|spa|1\n|-boost|p1a: Gothitelle|spd|1\n|\n|upkeep\n|turn|10\n|\n|t:|1771200253\n|move|p2a: Espeon|Calm Mind|p2a: Espeon\n|-boost|p2a: Espeon|spa|1\n|-boost|p2a: Espeon|spd|1\n|move|p1a: Gothitelle|Calm Mind|p1a: Gothitelle\n|-boost|p1a: Gothitelle|spa|1\n|-boost|p1a: Gothitelle|spd|1\n|\n|upkeep\n|turn|11\n|\n|t:|1771200260\n|move|p2a: Espeon|Alluring Voice|p1a: Gothitelle\n|-damage|p1a: Gothitelle|195/272\n|-damage|p2a: Espeon|189/246|[from] item: Life Orb\n|move|p1a: Gothitelle|Dark Pulse|p2a: Espeon\n|-supereffective|p2a: Espeon\n|-damage|p2a: Espeon|61/246\n|\n|-heal|p1a: Gothitelle|212/272|[from] item: Leftovers\n|upkeep\n|turn|12\n|\n|t:|1771200266\n|move|p2a: Espeon|Morning Sun|p2a: Espeon\n|-heal|p2a: Espeon|184/246\n|move|p1a: Gothitelle|Dark Pulse|p2a: Espeon\n|-supereffective|p2a: Espeon\n|-damage|p2a: Espeon|72/246\n|\n|-heal|p1a: Gothitelle|229/272|[from] item: Leftovers\n|upkeep\n|turn|13\n|\n|t:|1771200269\n|move|p2a: Espeon|Morning Sun|p2a: Espeon\n|-heal|p2a: Espeon|195/246\n|move|p1a: Gothitelle|Dark Pulse|p2a: Espeon\n|-supereffective|p2a: Espeon\n|-damage|p2a: Espeon|77/246\n|\n|-heal|p1a: Gothitelle|246/272|[from] item: Leftovers\n|upkeep\n|turn|14\n|\n|t:|1771200273\n|move|p2a: Espeon|Morning Sun|p2a: Espeon\n|-heal|p2a: Espeon|200/246\n|move|p1a: Gothitelle|Psychic Noise|p2a: Espeon\n|-resisted|p2a: Espeon\n|-damage|p2a: Espeon|161/246\n|-start|p2a: Espeon|move: Heal Block\n|\n|-heal|p1a: Gothitelle|263/272|[from] item: Leftovers\n|upkeep\n|turn|15\n|\n|t:|1771200276\n|move|p2a: Espeon|Alluring Voice|p1a: Gothitelle\n|-damage|p1a: Gothitelle|189/272\n|-damage|p2a: Espeon|137/246|[from] item: Life Orb\n|move|p1a: Gothitelle|Dark Pulse|p2a: Espeon\n|-supereffective|p2a: Espeon\n|-damage|p2a: Espeon|25/246\n|\n|-heal|p1a: Gothitelle|206/272|[from] item: Leftovers\n|-end|p2a: Espeon|move: Heal Block\n|upkeep\n|turn|16\n|\n|t:|1771200281\n|move|p2a: Espeon|Alluring Voice|p1a: Gothitelle\n|-damage|p1a: Gothitelle|131/272\n|-damage|p2a: Espeon|1/246|[from] item: Life Orb\n|move|p1a: Gothitelle|Psychic Noise|p2a: Espeon\n|-resisted|p2a: Espeon\n|-damage|p2a: Espeon|0 fnt\n|faint|p2a: Espeon\n|\n|-heal|p1a: Gothitelle|148/272|[from] item: Leftovers\n|upkeep\n|\n|t:|1771200303\n|switch|p2a: Hydrapple|Hydrapple, L83, M|312/312\n|turn|17\n|\n|t:|1771200310\n|move|p1a: Gothitelle|Psychic Noise|p2a: Hydrapple\n|-damage|p2a: Hydrapple|63/312\n|-start|p2a: Hydrapple|move: Heal Block\n|move|p2a: Hydrapple|Dragon Tail|p1a: Gothitelle\n|-damage|p1a: Gothitelle|102/272\n|drag|p1a: Dragapult|Dragapult, L77, M|262/262\n|\n|upkeep\n|turn|18\n|\n|t:|1771200321\n|move|p1a: Dragapult|Dragon Darts|p2a: Hydrapple\n|-supereffective|p2a: Hydrapple\n|-damage|p2a: Hydrapple|0 fnt\n|faint|p2a: Hydrapple\n|\n|upkeep\n|\n|t:|1771200327\n|switch|p2a: Blissey|Blissey, L85, F|572/572\n|turn|19\n|\n|t:|1771200331\n|move|p1a: Dragapult|U-turn|p2a: Blissey\n|-damage|p2a: Blissey|428/572\n|\n|t:|1771200334\n|switch|p1a: Garganacl|Garganacl, L80, F|291/291|[from] U-turn\n|move|p2a: Blissey|Thunder Wave|p1a: Garganacl\n|-immune|p1a: Garganacl|[from] ability: Purifying Salt\n|\n|-heal|p2a: Blissey|463/572|[from] item: Leftovers\n|upkeep\n|turn|20\n|\n|t:|1771200358\n|move|p2a: Blissey|Seismic Toss|p1a: Garganacl\n|-damage|p1a: Garganacl|206/291\n|move|p1a: Garganacl|Salt Cure|p2a: Blissey\n|-damage|p2a: Blissey|354/572\n|-start|p2a: Blissey|Salt Cure\n|\n|-heal|p2a: Blissey|389/572|[from] item: Leftovers\n|-heal|p1a: Garganacl|224/291|[from] item: Leftovers\n|-damage|p2a: Blissey|318/572|[from] Salt Cure\n|upkeep\n|turn|21\n|inactive|lojuv has 120 seconds left.\n|\n|t:|1771200381\n|switch|p2a: Whimsicott|Whimsicott, L84, M|238/238\n|move|p1a: Garganacl|Salt Cure|p2a: Whimsicott\n|-damage|p2a: Whimsicott|196/238\n|-start|p2a: Whimsicott|Salt Cure\n|\n|-heal|p1a: Garganacl|242/291|[from] item: Leftovers\n|-damage|p2a: Whimsicott|167/238|[from] Salt Cure\n|upkeep\n|turn|22\n|inactive|lojuv has 120 seconds left.\n|\n|t:|1771200393\n|switch|p1a: Illumise|Illumise, L91, F|266/266\n|move|p2a: Whimsicott|Giga Drain|p1a: Illumise\n|-resisted|p1a: Illumise\n|-damage|p1a: Illumise|233/266\n|-heal|p2a: Whimsicott|184/238|[from] drain|[of] p1a: Illumise\n|\n|-damage|p2a: Whimsicott|155/238|[from] Salt Cure\n|upkeep\n|turn|23\n|\n|t:|1771200400\n|switch|p2a: Blissey|Blissey, L85, F|318/572\n|move|p1a: Illumise|Thunder Wave|p2a: Blissey\n|-status|p2a: Blissey|par\n|\n|-heal|p2a: Blissey|353/572 par|[from] item: Leftovers\n|upkeep\n|turn|24\n|\n|t:|1771200411\n|move|p1a: Illumise|Bug Buzz|p2a: Blissey\n|-damage|p2a: Blissey|289/572 par\n|move|p2a: Blissey|Soft-Boiled|p2a: Blissey\n|-heal|p2a: Blissey|572/572 par\n|\n|upkeep\n|turn|25\n|\n|t:|1771200416\n|move|p1a: Illumise|Encore|p2a: Blissey\n|-start|p2a: Blissey|Encore\n|cant|p2a: Blissey|par\n|\n|upkeep\n|turn|26\n|\n|t:|1771200422\n|-curestatus|p2a: Blissey|par|[from] ability: Natural Cure\n|switch|p2a: Whimsicott|Whimsicott, L84, M|155/238\n|move|p1a: Illumise|Thunder Wave|p2a: Whimsicott\n|-status|p2a: Whimsicott|par\n|\n|upkeep\n|turn|27\n|\n|t:|1771200428\n|cant|p2a: Whimsicott|par\n|move|p1a: Illumise|Bug Buzz|p2a: Whimsicott\n|-damage|p2a: Whimsicott|44/238 par\n|\n|upkeep\n|turn|28\n|\n|t:|1771200433\n|switch|p2a: Blissey|Blissey, L85, F|572/572\n|move|p1a: Illumise|Bug Buzz|p2a: Blissey\n|-damage|p2a: Blissey|506/572\n|\n|-heal|p2a: Blissey|541/572|[from] item: Leftovers\n|upkeep\n|turn|29\n|\n|t:|1771200436\n|move|p1a: Illumise|Thunder Wave|p2a: Blissey\n|-status|p2a: Blissey|par\n|move|p2a: Blissey|Thunder Wave|p1a: Illumise\n|-status|p1a: Illumise|par\n|\n|-heal|p2a: Blissey|572/572 par|[from] item: Leftovers\n|upkeep\n|turn|30\n|\n|t:|1771200445\n|move|p1a: Illumise|Encore|p2a: Blissey\n|-start|p2a: Blissey|Encore\n|move|p2a: Blissey|Thunder Wave|p1a: Illumise\n|-fail|p1a: Illumise|par\n|\n|upkeep\n|turn|31\n|\n|t:|1771200449\n|switch|p1a: Garganacl|Garganacl, L80, F|242/291\n|-curestatus|p2a: Blissey|par|[from] ability: Natural Cure\n|switch|p2a: Whimsicott|Whimsicott, L84, M|44/238 par\n|\n|-heal|p1a: Garganacl|260/291|[from] item: Leftovers\n|upkeep\n|turn|32\n|\n|t:|1771200456\n|switch|p1a: Gothitelle|Gothitelle, L90, M|102/272\n|cant|p2a: Whimsicott|par\n|\n|-heal|p1a: Gothitelle|119/272|[from] item: Leftovers\n|upkeep\n|turn|33\n|\n|t:|1771200465\n|move|p1a: Gothitelle|Psychic Noise|p2a: Whimsicott\n|-damage|p2a: Whimsicott|0 fnt\n|faint|p2a: Whimsicott\n|\n|-heal|p1a: Gothitelle|136/272|[from] item: Leftovers\n|upkeep\n|\n|t:|1771200478\n|switch|p2a: Gardevoir|Gardevoir, L83, M|249/249\n|-ability|p2a: Gardevoir|Shadow Tag|Trace|[from] ability: Trace|[of] p1a: Gothitelle\n|turn|34\n|\n|t:|1771200484\n|switch|p1a: Dragapult|Dragapult, L77, M|262/262\n|move|p2a: Gardevoir|Calm Mind|p2a: Gardevoir\n|-boost|p2a: Gardevoir|spa|1\n|-boost|p2a: Gardevoir|spd|1\n|\n|upkeep\n|turn|35\n|\n|t:|1771200498\n|move|p1a: Dragapult|Will-O-Wisp|p2a: Gardevoir\n|-status|p2a: Gardevoir|brn\n|move|p2a: Gardevoir|Calm Mind|p2a: Gardevoir\n|-boost|p2a: Gardevoir|spa|1\n|-boost|p2a: Gardevoir|spd|1\n|\n|-damage|p2a: Gardevoir|234/249 brn|[from] brn\n|upkeep\n|turn|36\n|\n|t:|1771200500\n|move|p1a: Dragapult|Hex|p2a: Gardevoir\n|-supereffective|p2a: Gardevoir\n|-damage|p2a: Gardevoir|136/249 brn\n|move|p2a: Gardevoir|Calm Mind|p2a: Gardevoir\n|-boost|p2a: Gardevoir|spa|1\n|-boost|p2a: Gardevoir|spd|1\n|\n|-damage|p2a: Gardevoir|121/249 brn|[from] brn\n|upkeep\n|turn|37\n|\n|t:|1771200505\n|move|p1a: Dragapult|Hex|p2a: Gardevoir\n|-supereffective|p2a: Gardevoir\n|-damage|p2a: Gardevoir|41/249 brn\n|move|p2a: Gardevoir|Moonblast|p1a: Dragapult\n|-supereffective|p1a: Dragapult\n|-damage|p1a: Dragapult|0 fnt\n|faint|p1a: Dragapult\n|-damage|p2a: Gardevoir|17/249 brn|[from] item: Life Orb\n|\n|-damage|p2a: Gardevoir|2/249 brn|[from] brn\n|upkeep\n|\n|t:|1771200517\n|switch|p1a: Garganacl|Garganacl, L80, F|260/291\n|turn|38\n|\n|t:|1771200526\n|move|p1a: Garganacl|Protect|p1a: Garganacl\n|-singleturn|p1a: Garganacl|Protect\n|move|p2a: Gardevoir|Psychic|p1a: Garganacl\n|-activate|p1a: Garganacl|move: Protect\n|\n|-heal|p1a: Garganacl|278/291|[from] item: Leftovers\n|-damage|p2a: Gardevoir|0 fnt|[from] brn\n|faint|p2a: Gardevoir\n|upkeep\n|\n|t:|1771200530\n|switch|p2a: Blissey|Blissey, L85, F|572/572\n|turn|39\n|\n|t:|1771200533\n|move|p2a: Blissey|Seismic Toss|p1a: Garganacl\n|-damage|p1a: Garganacl|193/291\n|move|p1a: Garganacl|Salt Cure|p2a: Blissey\n|-damage|p2a: Blissey|454/572\n|-start|p2a: Blissey|Salt Cure\n|\n|-heal|p2a: Blissey|489/572|[from] item: Leftovers\n|-heal|p1a: Garganacl|211/291|[from] item: Leftovers\n|-damage|p2a: Blissey|418/572|[from] Salt Cure\n|upkeep\n|turn|40\n|\n|t:|1771200537\n|move|p2a: Blissey|Seismic Toss|p1a: Garganacl\n|-damage|p1a: Garganacl|126/291\n|move|p1a: Garganacl|Recover|p1a: Garganacl\n|-heal|p1a: Garganacl|272/291\n|\n|-heal|p2a: Blissey|453/572|[from] item: Leftovers\n|-heal|p1a: Garganacl|290/291|[from] item: Leftovers\n|-damage|p2a: Blissey|382/572|[from] Salt Cure\n|upkeep\n|turn|41\n|inactive|lojuv has 120 seconds left.\n|inactive|lojuv has 90 seconds left.\n|inactive|lojuv has 60 seconds left.\n|-message|lojuv forfeited.\n|\n|win|SquidRoundpants\n|raw|SquidRoundpants's rating: 1606 &rarr; <strong>1629</strong><br />(+23 for winning)\n|raw|lojuv's rating: 1655 &rarr; <strong>1632</strong><br />(-23 for losing)\n|l|☆lojuv\n|player|p2|\n", "inputlog": ">version 686819e5e19f8a7fd2345cfc5a08a5085efa2cc3\n>start {\"formatid\":\"gen9randombattle\",\"seed\":\"sodium,fe346fb90fd17fc9da357ab800259095\",\"rated\":\"Rated battle\"}\n>player p1 {\"name\":\"SquidRoundpants\",\"avatar\":\"leon\",\"rating\":1606,\"seed\":\"sodium,3b55430a4db293402d7da44de41ce4ce\"}\n>player p2 {\"name\":\"lojuv\",\"avatar\":\"2\",\"rating\":1655,\"seed\":\"sodium,185bc76889df072d68a6bde594e20797\"}\n>p1 move uturn\n>p2 move alluringvoice\n>p1 switch 5\n>p1 move darkpulse\n>p2 move morningsun\n>p1 move psychicnoise\n>p2 move morningsun\n>p1 move darkpulse\n>p2 move calmmind\n>p1 move calmmind\n>p2 move morningsun\n>p1 move calmmind\n>p2 move calmmind\n>p1 move calmmind\n>p2 move calmmind\n>p1 move calmmind\n>p2 move calmmind\n>p1 move calmmind\n>p2 move calmmind\n>p1 move calmmind\n>p2 move calmmind\n>p1 move darkpulse\n>p2 move alluringvoice\n>p1 move darkpulse\n>p2 move morningsun\n>p1 move darkpulse\n>p2 move morningsun\n>p1 move psychicnoise\n>p2 move morningsun\n>p1 move darkpulse\n>p2 move alluringvoice\n>p1 move psychicnoise\n>p2 move alluringvoice\n>p2 switch 5\n>p1 move psychicnoise\n>p2 move dragontail\n>p1 move dragondarts\n>p2 move ficklebeam\n>p2 switch 6\n>p1 move uturn\n>p2 move thunderwave\n>p1 switch 3\n>p1 move saltcure\n>p2 move seismictoss\n>p1 move saltcure\n>p2 switch 2\n>p1 switch 6\n>p2 move gigadrain\n>p1 move thunderwave\n>p2 switch 2\n>p1 move bugbuzz\n>p2 move softboiled\n>p1 move encore\n>p2 move thunderwave\n>p1 move thunderwave\n>p2 switch 2\n>p1 move bugbuzz\n>p2 move encore\n>p1 move bugbuzz\n>p2 switch 2\n>p1 move thunderwave\n>p2 move thunderwave\n>p1 move encore\n>p2 move healbell\n>p1 switch 6\n>p2 switch 2\n>p1 switch 5\n>p2 move gigadrain\n>p1 move psychicnoise\n>p2 move uturn\n>p2 switch 3\n>p1 switch 3\n>p2 move calmmind\n>p1 move willowisp\n>p2 move calmmind\n>p1 move hex\n>p2 move calmmind\n>p1 move hex\n>p2 move moonblast\n>p1 switch 5\n>p1 move protect\n>p2 move psychic\n>p2 switch 2\n>p1 move saltcure\n>p2 move seismictoss\n>p1 move recover\n>p2 move seismictoss\n>forcelose p2", "uploadtime": 1771200676, "views": 11, "formatid": "gen9randombattle", "rating": 1629, "private": 0, "password": null}