{"id": "gen9randombattle-2540074799", "format": "[Gen 9] Random Battle", "players": ["WarriorGallade", "sleepy gen 9"], "log": "|j|☆WarriorGallade\n|j|☆sleepy gen 9\n|t:|1771157341\n|gametype|singles\n|player|p1|WarriorGallade|#warriorgallade|1997\n|player|p2|sleepy gen 9|chef|1975\n|gen|9\n|tier|[Gen 9] Random Battle\n|rated|\n|rule|Species Clause: Limit one of each Pokémon\n|rule|HP Percentage Mod: HP is shown in percentages\n|rule|Sleep Clause Mod: Limit one foe put to sleep\n|rule|Illusion Level Mod: Illusion disguises the Pokémon's true level\n|\n|t:|1771157341\n|teamsize|p1|6\n|teamsize|p2|6\n|start\n|switch|p1a: Umbreon|Umbreon, L84, F|297/297\n|switch|p2a: Wugtrio|Wugtrio, L91, M|212/212\n|turn|1\n|inactive|Battle timer is ON: inactive players will automatically lose when time's up. (requested by sleepy gen 9)\n|\n|t:|1771157349\n|switch|p2a: Skuntank|Skuntank, L84, M|310/310\n|move|p1a: Umbreon|Toxic|p2a: Skuntank\n|-immune|p2a: Skuntank\n|\n|upkeep\n|turn|2\n|\n|t:|1771157356\n|switch|p1a: Donphan|Donphan, L84, F|288/288\n|move|p2a: Skuntank|Knock Off|p1a: Donphan\n|-damage|p1a: Donphan|207/288\n|-enditem|p1a: Donphan|Choice Band|[from] move: Knock Off|[of] p2a: Skuntank\n|\n|upkeep\n|turn|3\n|\n|t:|1771157361\n|switch|p2a: Hydreigon|Hydreigon, L79, M|275/275\n|move|p1a: Donphan|Knock Off|p2a: Hydreigon\n|-resisted|p2a: Hydreigon\n|-damage|p2a: Hydreigon|233/275\n|-enditem|p2a: Hydreigon|Choice Specs|[from] move: Knock Off|[of] p1a: Donphan\n|\n|upkeep\n|turn|4\n|\n|t:|1771157366\n|move|p2a: Hydreigon|Draco Meteor|p1a: Donphan\n|-damage|p1a: Donphan|0 fnt\n|-unboost|p2a: Hydreigon|spa|2\n|faint|p1a: Donphan\n|\n|upkeep\n|\n|t:|1771157372\n|switch|p1a: Bastiodon|Bastiodon, L89, F|252/252\n|turn|5\n|\n|t:|1771157376\n|move|p2a: Hydreigon|U-turn|p1a: Bastiodon\n|-resisted|p1a: Bastiodon\n|-damage|p1a: Bastiodon|239/252\n|\n|t:|1771157379\n|switch|p2a: Gholdengo|Gholdengo, L77|261/261|[from] U-turn\n|move|p1a: Bastiodon|Iron Defense|p1a: Bastiodon\n|-boost|p1a: Bastiodon|def|2\n|\n|upkeep\n|turn|6\n|\n|t:|1771157387\n|switch|p1a: Umbreon|Umbreon, L84, F|297/297\n|move|p2a: Gholdengo|Nasty Plot|p2a: Gholdengo\n|-boost|p2a: Gholdengo|spa|2\n|\n|upkeep\n|turn|7\n|\n|t:|1771157391\n|move|p2a: Gholdengo|Nasty Plot|p2a: Gholdengo\n|-boost|p2a: Gholdengo|spa|2\n|move|p1a: Umbreon|Foul Play|p2a: Gholdengo\n|-supereffective|p2a: Gholdengo\n|-damage|p2a: Gholdengo|163/261\n|\n|-heal|p2a: Gholdengo|179/261|[from] item: Leftovers\n|upkeep\n|turn|8\n|\n|t:|1771157397\n|move|p2a: Gholdengo|Nasty Plot|p2a: Gholdengo\n|-boost|p2a: Gholdengo|spa|2\n|move|p1a: Umbreon|Foul Play|p2a: Gholdengo\n|-supereffective|p2a: Gholdengo\n|-damage|p2a: Gholdengo|81/261\n|\n|-heal|p2a: Gholdengo|97/261|[from] item: Leftovers\n|upkeep\n|turn|9\n|\n|t:|1771157401\n|move|p2a: Gholdengo|Recover|p2a: Gholdengo\n|-heal|p2a: Gholdengo|228/261\n|move|p1a: Umbreon|Foul Play|p2a: Gholdengo\n|-supereffective|p2a: Gholdengo\n|-damage|p2a: Gholdengo|136/261\n|\n|-heal|p2a: Gholdengo|152/261|[from] item: Leftovers\n|upkeep\n|turn|10\n|\n|t:|1771157406\n|move|p2a: Gholdengo|Recover|p2a: Gholdengo\n|-heal|p2a: Gholdengo|261/261\n|move|p1a: Umbreon|Foul Play|p2a: Gholdengo\n|-supereffective|p2a: Gholdengo\n|-damage|p2a: Gholdengo|171/261\n|\n|-heal|p2a: Gholdengo|187/261|[from] item: Leftovers\n|upkeep\n|turn|11\n|\n|t:|1771157409\n|move|p2a: Gholdengo|Make It Rain|p1a: Umbreon\n|-damage|p1a: Umbreon|0 fnt\n|-unboost|p2a: Gholdengo|spa|1\n|faint|p1a: Umbreon\n|\n|-heal|p2a: Gholdengo|203/261|[from] item: Leftovers\n|upkeep\n|\n|t:|1771157412\n|switch|p1a: Ambipom|Ambipom, L84, M|263/263\n|turn|12\n|\n|t:|1771157429\n|move|p1a: Ambipom|Knock Off|p2a: Gholdengo\n|-supereffective|p2a: Gholdengo\n|-damage|p2a: Gholdengo|55/261\n|-enditem|p2a: Gholdengo|Leftovers|[from] move: Knock Off|[of] p1a: Ambipom\n|move|p2a: Gholdengo|Make It Rain|p1a: Ambipom\n|-damage|p1a: Ambipom|0 fnt\n|-unboost|p2a: Gholdengo|spa|1\n|faint|p1a: Ambipom\n|\n|upkeep\n|-message|WarriorGallade forfeited.\n|\n|win|sleepy gen 9\n|raw|WarriorGallade's rating: 1997 &rarr; <strong>1976</strong><br />(-21 for losing)\n|raw|sleepy gen 9's rating: 1975 &rarr; <strong>1996</strong><br />(+21 for winning)\n|l|☆WarriorGallade\n|player|p1|\n", "inputlog": ">version 686819e5e19f8a7fd2345cfc5a08a5085efa2cc3\n>start {\"formatid\":\"gen9randombattle\",\"seed\":\"sodium,b1769a849c8e4196047ff4dda6768fa0\",\"rated\":\"Rated battle\"}\n>player p1 {\"name\":\"WarriorGallade\",\"avatar\":\"#warriorgallade\",\"rating\":1997,\"seed\":\"sodium,052cab36dd29cb2e285884a89a02ac92\"}\n>player p2 {\"name\":\"sleepy gen 9\",\"avatar\":\"chef\",\"rating\":1975,\"seed\":\"sodium,6d791b0bde8d18ec35ee727621dce20e\"}\n>p1 move toxic\n>p2 switch 2\n>p1 switch 6\n>p2 move knockoff\n>p1 move knockoff\n>p2 switch 3\n>p1 move icespinner\n>p2 move dracometeor\n>p1 switch 3\n>p1 move irondefense\n>p2 move uturn\n>p2 switch 5\n>p1 switch 6\n>p2 move nastyplot\n>p1 move foulplay\n>p2 move nastyplot\n>p1 move foulplay\n>p2 move nastyplot\n>p1 move foulplay\n>p2 move recover\n>p1 move foulplay\n>p2 move recover\n>p1 move foulplay\n>p2 move makeitrain\n>p1 switch 2\n>p1 move knockoff\n>p2 move makeitrain\n>forcelose p1", "uploadtime": 1771157440, "views": 17, "formatid": "gen9randombattle", "rating": 1976, "private": 0, "password": null}