{"id": "gen9randombattle-2540863428", "format": "[Gen 9] Random Battle", "players": ["regman123456789", "negascott88"], "log": "|j|☆regman123456789\n|j|☆negascott88\n|t:|1771261752\n|gametype|singles\n|player|p1|regman123456789|hiker-gen4|1805\n|player|p2|negascott88|medium|1825\n|gen|9\n|tier|[Gen 9] Random Battle\n|rated|\n|rule|Species Clause: Limit one of each Pokémon\n|rule|HP Percentage Mod: HP is shown in percentages\n|rule|Sleep Clause Mod: Limit one foe put to sleep\n|rule|Illusion Level Mod: Illusion disguises the Pokémon's true level\n|\n|t:|1771261752\n|teamsize|p1|6\n|teamsize|p2|6\n|start\n|switch|p1a: Alcremie|Alcremie-Mint-Cream, L90, F|263/263\n|switch|p2a: Spidops|Spidops, L96, F|271/271\n|turn|1\n|\n|t:|1771261786\n|move|p1a: Alcremie|Calm Mind|p1a: Alcremie\n|-boost|p1a: Alcremie|spa|1\n|-boost|p1a: Alcremie|spd|1\n|move|p2a: Spidops|Sticky Web|p1a: Alcremie\n|-sidestart|p1: regman123456789|move: Sticky Web\n|\n|upkeep\n|turn|2\n|\n|t:|1771261792\n|move|p1a: Alcremie|Calm Mind|p1a: Alcremie\n|-boost|p1a: Alcremie|spa|1\n|-boost|p1a: Alcremie|spd|1\n|move|p2a: Spidops|Circle Throw|p1a: Alcremie\n|-resisted|p1a: Alcremie\n|-damage|p1a: Alcremie|238/263\n|drag|p1a: Hypno|Hypno, L95, F|315/315\n|-activate|p1a: Hypno|move: Sticky Web\n|-unboost|p1a: Hypno|spe|1\n|\n|upkeep\n|turn|3\n|\n|t:|1771261803\n|move|p2a: Spidops|Knock Off|p1a: Hypno\n|-supereffective|p1a: Hypno\n|-damage|p1a: Hypno|153/315\n|-enditem|p1a: Hypno|Leftovers|[from] move: Knock Off|[of] p2a: Spidops\n|move|p1a: Hypno|Toxic|p2a: Spidops\n|-status|p2a: Spidops|tox\n|\n|-damage|p2a: Spidops|255/271 tox|[from] psn\n|upkeep\n|turn|4\n|\n|t:|1771261811\n|move|p2a: Spidops|Spikes|p1a: Hypno\n|-sidestart|p1: regman123456789|Spikes\n|move|p1a: Hypno|Psychic Noise|p2a: Spidops\n|-damage|p2a: Spidops|176/271 tox\n|-start|p2a: Spidops|move: Heal Block\n|\n|-damage|p2a: Spidops|144/271 tox|[from] psn\n|upkeep\n|turn|5\n|\n|t:|1771261819\n|move|p2a: Spidops|Spikes|p1a: Hypno\n|-sidestart|p1: regman123456789|Spikes\n|move|p1a: Hypno|Psychic Noise|p2a: Spidops\n|-damage|p2a: Spidops|77/271 tox\n|\n|-damage|p2a: Spidops|29/271 tox|[from] psn\n|-end|p2a: Spidops|move: Heal Block\n|upkeep\n|turn|6\n|\n|t:|1771261827\n|move|p2a: Spidops|Spikes|p1a: Hypno\n|-sidestart|p1: regman123456789|Spikes\n|move|p1a: Hypno|Psychic Noise|p2a: Spidops\n|-damage|p2a: Spidops|0 fnt\n|faint|p2a: Spidops\n|\n|upkeep\n|\n|t:|1771261839\n|switch|p2a: Quaquaval|Quaquaval, L79, M|264/264\n|turn|7\n|inactive|Battle timer is ON: inactive players will automatically lose when time's up. (requested by regman123456789)\n|\n|t:|1771261852\n|-terastallize|p2a: Quaquaval|Water\n|move|p2a: Quaquaval|Aqua Step|p1a: Hypno\n|-damage|p1a: Hypno|0 fnt\n|-boost|p2a: Quaquaval|spe|1\n|faint|p1a: Hypno\n|-ability|p2a: Quaquaval|Moxie|boost\n|-boost|p2a: Quaquaval|atk|1\n|-damage|p2a: Quaquaval|238/264|[from] item: Life Orb\n|\n|upkeep\n|\n|t:|1771261866\n|switch|p1a: Dragalge|Dragalge, L88, M|258/258\n|-activate|p1a: Dragalge|move: Sticky Web\n|-unboost|p1a: Dragalge|spe|1\n|-damage|p1a: Dragalge|194/258|[from] Spikes\n|turn|8\n|\n|t:|1771261881\n|move|p2a: Quaquaval|Aqua Step|p1a: Dragalge\n|-resisted|p1a: Dragalge\n|-damage|p1a: Dragalge|77/258\n|-boost|p2a: Quaquaval|spe|1\n|-damage|p2a: Quaquaval|212/264|[from] item: Life Orb\n|move|p1a: Dragalge|Sludge Wave|p2a: Quaquaval\n|-damage|p2a: Quaquaval|0 fnt\n|faint|p2a: Quaquaval\n|\n|upkeep\n|\n|t:|1771261890\n|switch|p2a: Sandslash|Sandslash-Alola, L88, F|275/275\n|turn|9\n|\n|t:|1771261898\n|switch|p1a: Alcremie|Alcremie-Mint-Cream, L90, F|238/263\n|-activate|p1a: Alcremie|move: Sticky Web\n|-unboost|p1a: Alcremie|spe|1\n|-damage|p1a: Alcremie|173/263|[from] Spikes\n|move|p2a: Sandslash|Swords Dance|p2a: Sandslash\n|-boost|p2a: Sandslash|atk|2\n|\n|-heal|p1a: Alcremie|189/263|[from] item: Leftovers\n|upkeep\n|turn|10\n|\n|t:|1771261911\n|-terastallize|p1a: Alcremie|Ground\n|move|p2a: Sandslash|Triple Axel|p1a: Alcremie\n|-supereffective|p1a: Alcremie\n|-damage|p1a: Alcremie|62/263\n|-supereffective|p1a: Alcremie\n|-damage|p1a: Alcremie|0 fnt\n|faint|p1a: Alcremie\n|-hitcount|p1: Alcremie|2\n|-damage|p2a: Sandslash|248/275|[from] item: Life Orb\n|\n|upkeep\n|\n|t:|1771261921\n|switch|p1a: Flutter Mane|Flutter Mane, L74|203/203\n|-activate|p1a: Flutter Mane|move: Sticky Web\n|-unboost|p1a: Flutter Mane|spe|1\n|-damage|p1a: Flutter Mane|153/203|[from] Spikes\n|turn|11\n|\n|t:|1771261927\n|move|p2a: Sandslash|Ice Shard|p1a: Flutter Mane\n|-damage|p1a: Flutter Mane|0 fnt\n|faint|p1a: Flutter Mane\n|-end|p1a: Flutter Mane|Protosynthesis|[silent]\n|-damage|p2a: Sandslash|221/275|[from] item: Life Orb\n|\n|upkeep\n|\n|t:|1771261930\n|switch|p1a: Drifblim|Drifblim, L86, M|398/398\n|turn|12\n|\n|t:|1771261935\n|move|p1a: Drifblim|Defog|p2a: Sandslash\n|-unboost|p2a: Sandslash|evasion|1\n|-sideend|p1: regman123456789|Spikes|[from] move: Defog|[of] p1a: Drifblim\n|-sideend|p1: regman123456789|Sticky Web|[from] move: Defog|[of] p1a: Drifblim\n|move|p2a: Sandslash|Triple Axel|p1a: Drifblim\n|-supereffective|p1a: Drifblim\n|-crit|p1a: Drifblim\n|-damage|p1a: Drifblim|109/398\n|-supereffective|p1a: Drifblim\n|-damage|p1a: Drifblim|0 fnt\n|-damage|p2a: Sandslash|153/275|[from] ability: Aftermath|[of] p1a: Drifblim\n|faint|p1a: Drifblim\n|-hitcount|p1: Drifblim|2\n|-damage|p2a: Sandslash|126/275|[from] item: Life Orb\n|\n|upkeep\n|\n|t:|1771261937\n|switch|p1a: Keldeo|Keldeo-Resolute, L79|273/273\n|turn|13\n|\n|t:|1771261949\n|move|p1a: Keldeo|Secret Sword|p2a: Sandslash\n|-supereffective|p2a: Sandslash\n|-damage|p2a: Sandslash|0 fnt\n|faint|p2a: Sandslash\n|-damage|p1a: Keldeo|246/273|[from] item: Life Orb\n|\n|upkeep\n|\n|t:|1771261954\n|switch|p2a: Braviary|Braviary-Hisui, L85, M|326/326\n|turn|14\n|\n|t:|1771261961\n|move|p1a: Keldeo|Calm Mind|p1a: Keldeo\n|-boost|p1a: Keldeo|spa|1\n|-boost|p1a: Keldeo|spd|1\n|move|p2a: Braviary|Esper Wing|p1a: Keldeo\n|-supereffective|p1a: Keldeo\n|-damage|p1a: Keldeo|24/273\n|-boost|p2a: Braviary|spe|1\n|\n|upkeep\n|turn|15\n|\n|t:|1771261969\n|move|p2a: Braviary|Esper Wing|p1a: Keldeo\n|-supereffective|p1a: Keldeo\n|-damage|p1a: Keldeo|0 fnt\n|-boost|p2a: Braviary|spe|1\n|faint|p1a: Keldeo\n|\n|upkeep\n|\n|t:|1771261970\n|switch|p1a: Dragalge|Dragalge, L88, M|77/258\n|turn|16\n|\n|t:|1771261976\n|move|p2a: Braviary|Esper Wing|p1a: Dragalge\n|-supereffective|p1a: Dragalge\n|-damage|p1a: Dragalge|0 fnt\n|-boost|p2a: Braviary|spe|1\n|faint|p1a: Dragalge\n|\n|win|negascott88\n|raw|regman123456789's rating: 1805 &rarr; <strong>1786</strong><br />(-19 for losing)\n|raw|negascott88's rating: 1825 &rarr; <strong>1844</strong><br />(+19 for winning)\n|l|☆negascott88\n|player|p2|\n", "inputlog": ">version 686819e5e19f8a7fd2345cfc5a08a5085efa2cc3\n>start {\"formatid\":\"gen9randombattle\",\"seed\":\"sodium,837b6c8f61bd76b6a3bbb31920cd2eaa\",\"rated\":\"Rated battle\"}\n>player p1 {\"name\":\"regman123456789\",\"avatar\":\"hiker-gen4\",\"rating\":1805,\"seed\":\"sodium,d1942928bb6919f38b242a0dcb540cb3\"}\n>player p2 {\"name\":\"negascott88\",\"avatar\":\"medium\",\"rating\":1825,\"seed\":\"sodium,c8f9203471ec02b214fa825defc3d440\"}\n>p1 move calmmind\n>p2 move stickyweb\n>p1 move calmmind\n>p2 move circlethrow\n>p1 move toxic\n>p2 move knockoff\n>p1 move psychicnoise\n>p2 move spikes\n>p1 move psychicnoise\n>p2 move spikes\n>p1 move psychicnoise\n>p2 move spikes\n>p2 switch 4\n>p1 move psychicnoise\n>p2 move aquastep terastallize\n>p1 switch 5\n>p1 move sludgewave\n>p2 move aquastep\n>p2 switch 3\n>p1 switch 4\n>p2 move swordsdance\n>p1 move terablast terastallize\n>p2 move tripleaxel\n>p1 switch 3\n>p1 move mysticalfire\n>p2 move iceshard\n>p1 switch 6\n>p1 move defog\n>p2 move tripleaxel\n>p1 switch 2\n>p1 move secretsword\n>p2 move earthquake\n>p2 switch 2\n>p1 move calmmind\n>p2 move esperwing\n>p1 move hydropump\n>p2 move esperwing\n>p1 switch 4\n>p1 move sludgewave\n>p2 move esperwing", "uploadtime": 1771261980, "views": 4, "formatid": "gen9randombattle", "rating": 1786, "private": 0, "password": null}