{"id": "gen9randombattle-2540311962", "format": "[Gen 9] Random Battle", "players": ["Phani42", "Jimsoup"], "log": "|j|☆Phani42\n|j|☆Jimsoup\n|t:|1771187485\n|gametype|singles\n|player|p1|Phani42|1|1774\n|player|p2|Jimsoup|1|1816\n|gen|9\n|tier|[Gen 9] Random Battle\n|rated|\n|rule|Species Clause: Limit one of each Pokémon\n|rule|HP Percentage Mod: HP is shown in percentages\n|rule|Sleep Clause Mod: Limit one foe put to sleep\n|rule|Illusion Level Mod: Illusion disguises the Pokémon's true level\n|\n|t:|1771187485\n|teamsize|p1|6\n|teamsize|p2|6\n|start\n|switch|p1a: Infernape|Infernape, L82, F|259/259\n|switch|p2a: Dachsbun|Dachsbun, L92, M|254/254\n|turn|1\n|inactive|Battle timer is ON: inactive players will automatically lose when time's up. (requested by Phani42)\n|\n|t:|1771187501\n|switch|p1a: Donphan|Donphan, L84, M|288/288\n|move|p2a: Dachsbun|Yawn|p1a: Donphan\n|-start|p1a: Donphan|move: Yawn|[of] p2a: Dachsbun\n|\n|upkeep\n|turn|2\n|\n|t:|1771187517\n|switch|p2a: Trevenant|Trevenant, L89, F|296/296\n|move|p1a: Donphan|Stealth Rock|p2a: Trevenant\n|-sidestart|p2: Jimsoup|move: Stealth Rock\n|\n|-end|p1a: Donphan|move: Yawn|[silent]\n|-status|p1a: Donphan|slp\n|upkeep\n|turn|3\n|\n|t:|1771187528\n|switch|p1a: Hariyama|Hariyama, L87, M|392/392\n|move|p2a: Trevenant|Poltergeist|p1a: Hariyama\n|-activate|p1a: Hariyama|move: Poltergeist|Flame Orb\n|-damage|p1a: Hariyama|157/392\n|-damage|p2a: Trevenant|267/296|[from] item: Life Orb\n|\n|-status|p1a: Hariyama|brn|[from] item: Flame Orb\n|upkeep\n|turn|4\n|\n|t:|1771187542\n|switch|p1a: Smeargle|Smeargle, L95, F|258/258\n|move|p2a: Trevenant|Poltergeist|p1a: Smeargle\n|-immune|p1a: Smeargle\n|\n|upkeep\n|turn|5\n|\n|t:|1771187547\n|move|p1a: Smeargle|Sticky Web|p2a: Trevenant\n|-sidestart|p2: Jimsoup|move: Sticky Web\n|move|p2a: Trevenant|Drain Punch|p1a: Smeargle\n|-supereffective|p1a: Smeargle\n|-enditem|p1a: Smeargle|Focus Sash\n|-damage|p1a: Smeargle|1/258\n|-heal|p2a: Trevenant|296/296|[from] drain|[of] p1a: Smeargle\n|-damage|p2a: Trevenant|267/296|[from] item: Life Orb\n|\n|upkeep\n|turn|6\n|\n|t:|1771187553\n|move|p1a: Smeargle|Ceaseless Edge|p2a: Trevenant\n|-supereffective|p2a: Trevenant\n|-damage|p2a: Trevenant|219/296\n|-sidestart|p2: Jimsoup|Spikes\n|move|p2a: Trevenant|Horn Leech|p1a: Smeargle\n|-damage|p1a: Smeargle|0 fnt\n|-heal|p2a: Trevenant|220/296|[from] drain|[of] p1a: Smeargle\n|faint|p1a: Smeargle\n|-damage|p2a: Trevenant|191/296|[from] item: Life Orb\n|\n|upkeep\n|\n|t:|1771187557\n|switch|p1a: Infernape|Infernape, L82, F|259/259\n|turn|7\n|\n|t:|1771187568\n|switch|p1a: Hariyama|Hariyama, L87, M|157/392 brn\n|-terastallize|p2a: Trevenant|Fighting\n|move|p2a: Trevenant|Drain Punch|p1a: Hariyama\n|-damage|p1a: Hariyama|0 fnt\n|-heal|p2a: Trevenant|270/296|[from] drain|[of] p1a: Hariyama\n|faint|p1a: Hariyama\n|-damage|p2a: Trevenant|241/296|[from] item: Life Orb\n|\n|upkeep\n|\n|t:|1771187578\n|switch|p1a: Malamar|Malamar, L82, F|275/275\n|turn|8\n|\n|t:|1771187588\n|move|p1a: Malamar|Superpower|p2a: Trevenant\n|-damage|p2a: Trevenant|165/296\n|-boost|p1a: Malamar|atk|1\n|-boost|p1a: Malamar|def|1\n|move|p2a: Trevenant|Will-O-Wisp|p1a: Malamar|[miss]\n|-miss|p2a: Trevenant|p1a: Malamar\n|\n|upkeep\n|turn|9\n|\n|t:|1771187595\n|move|p1a: Malamar|Superpower|p2a: Trevenant\n|-damage|p2a: Trevenant|33/296\n|-boost|p1a: Malamar|atk|1\n|-boost|p1a: Malamar|def|1\n|move|p2a: Trevenant|Will-O-Wisp|p1a: Malamar\n|-status|p1a: Malamar|brn\n|\n|-damage|p1a: Malamar|258/275 brn|[from] brn\n|upkeep\n|turn|10\n|\n|t:|1771187606\n|move|p1a: Malamar|Superpower|p2a: Trevenant\n|-damage|p2a: Trevenant|0 fnt\n|-boost|p1a: Malamar|atk|1\n|-boost|p1a: Malamar|def|1\n|faint|p2a: Trevenant\n|\n|-heal|p1a: Malamar|275/275 brn|[from] item: Leftovers\n|-damage|p1a: Malamar|258/275 brn|[from] brn\n|upkeep\n|\n|t:|1771187623\n|switch|p2a: Dachsbun|Dachsbun, L92, M|254/254\n|-damage|p2a: Dachsbun|223/254|[from] Stealth Rock\n|-activate|p2a: Dachsbun|move: Sticky Web\n|-unboost|p2a: Dachsbun|spe|1\n|-damage|p2a: Dachsbun|192/254|[from] Spikes\n|turn|11\n|\n|t:|1771187627\n|move|p1a: Malamar|Superpower|p2a: Dachsbun\n|-resisted|p2a: Dachsbun\n|-damage|p2a: Dachsbun|155/254\n|-boost|p1a: Malamar|atk|1\n|-boost|p1a: Malamar|def|1\n|move|p2a: Dachsbun|Wish|p2a: Dachsbun\n|\n|-heal|p1a: Malamar|275/275 brn|[from] item: Leftovers\n|-heal|p2a: Dachsbun|170/254|[from] item: Leftovers\n|-damage|p1a: Malamar|258/275 brn|[from] brn\n|upkeep\n|turn|12\n|\n|t:|1771187634\n|move|p1a: Malamar|Rest|p1a: Malamar\n|-status|p1a: Malamar|slp|[from] move: Rest\n|-heal|p1a: Malamar|275/275 slp|[silent]\n|move|p2a: Dachsbun|Play Rough|p1a: Malamar\n|-supereffective|p1a: Malamar\n|-damage|p1a: Malamar|209/275 slp\n|\n|-heal|p2a: Dachsbun|254/254|[from] move: Wish|[wisher] Dachsbun\n|-heal|p1a: Malamar|226/275 slp|[from] item: Leftovers\n|upkeep\n|turn|13\n|\n|t:|1771187651\n|cant|p1a: Malamar|slp\n|move|p1a: Malamar|Sleep Talk|p1a: Malamar\n|move|p1a: Malamar|Knock Off|p2a: Dachsbun|[from] move: Sleep Talk\n|-resisted|p2a: Dachsbun\n|-damage|p2a: Dachsbun|158/254\n|-enditem|p2a: Dachsbun|Leftovers|[from] move: Knock Off|[of] p1a: Malamar\n|move|p2a: Dachsbun|Play Rough|p1a: Malamar\n|-supereffective|p1a: Malamar\n|-damage|p1a: Malamar|160/275 slp\n|-boost|p1a: Malamar|atk|1\n|\n|-heal|p1a: Malamar|177/275 slp|[from] item: Leftovers\n|upkeep\n|turn|14\n|\n|t:|1771187663\n|cant|p1a: Malamar|slp\n|move|p1a: Malamar|Sleep Talk|p1a: Malamar\n|move|p1a: Malamar|Knock Off|p2a: Dachsbun|[from] move: Sleep Talk\n|-resisted|p2a: Dachsbun\n|-damage|p2a: Dachsbun|74/254\n|move|p2a: Dachsbun|Wish|p2a: Dachsbun\n|\n|-heal|p1a: Malamar|194/275 slp|[from] item: Leftovers\n|upkeep\n|turn|15\n|\n|t:|1771187671\n|move|p2a: Dachsbun|Protect|p2a: Dachsbun\n|-singleturn|p2a: Dachsbun|Protect\n|-curestatus|p1a: Malamar|slp|[msg]\n|move|p1a: Malamar|Rest|p1a: Malamar\n|-status|p1a: Malamar|slp|[from] move: Rest\n|-heal|p1a: Malamar|275/275 slp|[silent]\n|\n|-heal|p2a: Dachsbun|201/254|[from] move: Wish|[wisher] Dachsbun\n|upkeep\n|turn|16\n|\n|t:|1771187677\n|cant|p1a: Malamar|slp\n|move|p1a: Malamar|Sleep Talk|p1a: Malamar\n|move|p1a: Malamar|Rest||[from] move: Sleep Talk|[still]\n|-fail|p1a: Malamar\n|move|p2a: Dachsbun|Play Rough|p1a: Malamar\n|-supereffective|p1a: Malamar\n|-damage|p1a: Malamar|207/275 slp\n|\n|-heal|p1a: Malamar|224/275 slp|[from] item: Leftovers\n|upkeep\n|turn|17\n|\n|t:|1771187686\n|cant|p1a: Malamar|slp\n|move|p1a: Malamar|Sleep Talk|p1a: Malamar\n|move|p1a: Malamar|Rest||[from] move: Sleep Talk|[still]\n|-fail|p1a: Malamar\n|move|p2a: Dachsbun|Play Rough|p1a: Malamar\n|-supereffective|p1a: Malamar\n|-damage|p1a: Malamar|158/275 slp\n|\n|-heal|p1a: Malamar|175/275 slp|[from] item: Leftovers\n|upkeep\n|turn|18\n|\n|t:|1771187695\n|-curestatus|p1a: Malamar|slp|[msg]\n|move|p1a: Malamar|Superpower|p2a: Dachsbun\n|-resisted|p2a: Dachsbun\n|-damage|p2a: Dachsbun|100/254\n|-boost|p1a: Malamar|atk|1\n|-boost|p1a: Malamar|def|1\n|move|p2a: Dachsbun|Play Rough|p1a: Malamar\n|-supereffective|p1a: Malamar\n|-damage|p1a: Malamar|115/275\n|\n|-heal|p1a: Malamar|132/275|[from] item: Leftovers\n|upkeep\n|turn|19\n|\n|t:|1771187704\n|move|p1a: Malamar|Rest|p1a: Malamar\n|-status|p1a: Malamar|slp|[from] move: Rest\n|-heal|p1a: Malamar|275/275 slp|[silent]\n|move|p2a: Dachsbun|Play Rough|p1a: Malamar\n|-supereffective|p1a: Malamar\n|-damage|p1a: Malamar|215/275 slp\n|\n|-heal|p1a: Malamar|232/275 slp|[from] item: Leftovers\n|upkeep\n|turn|20\n|\n|t:|1771187709\n|cant|p1a: Malamar|slp\n|move|p1a: Malamar|Sleep Talk|p1a: Malamar\n|move|p1a: Malamar|Rest||[from] move: Sleep Talk|[still]\n|-fail|p1a: Malamar\n|move|p2a: Dachsbun|Wish|p2a: Dachsbun\n|\n|-heal|p1a: Malamar|249/275 slp|[from] item: Leftovers\n|upkeep\n|turn|21\n|\n|t:|1771187720\n|move|p2a: Dachsbun|Protect|p2a: Dachsbun\n|-singleturn|p2a: Dachsbun|Protect\n|cant|p1a: Malamar|slp\n|move|p1a: Malamar|Sleep Talk|p1a: Malamar\n|move|p1a: Malamar|Rest||[from] move: Sleep Talk|[still]\n|-fail|p1a: Malamar\n|\n|-heal|p2a: Dachsbun|227/254|[from] move: Wish|[wisher] Dachsbun\n|-heal|p1a: Malamar|266/275 slp|[from] item: Leftovers\n|upkeep\n|turn|22\n|\n|t:|1771187729\n|-curestatus|p1a: Malamar|slp|[msg]\n|move|p1a: Malamar|Superpower|p2a: Dachsbun\n|-resisted|p2a: Dachsbun\n|-damage|p2a: Dachsbun|104/254\n|-boost|p1a: Malamar|def|1\n|move|p2a: Dachsbun|Play Rough|p1a: Malamar\n|-supereffective|p1a: Malamar\n|-damage|p1a: Malamar|212/275\n|\n|-heal|p1a: Malamar|229/275|[from] item: Leftovers\n|upkeep\n|turn|23\n|\n|t:|1771187739\n|move|p1a: Malamar|Rest|p1a: Malamar\n|-status|p1a: Malamar|slp|[from] move: Rest\n|-heal|p1a: Malamar|275/275 slp|[silent]\n|move|p2a: Dachsbun|Play Rough|p1a: Malamar|[miss]\n|-miss|p2a: Dachsbun|p1a: Malamar\n|\n|upkeep\n|turn|24\n|\n|t:|1771187744\n|cant|p1a: Malamar|slp\n|move|p1a: Malamar|Sleep Talk|p1a: Malamar\n|move|p1a: Malamar|Rest||[from] move: Sleep Talk|[still]\n|-fail|p1a: Malamar\n|move|p2a: Dachsbun|Play Rough|p1a: Malamar|[miss]\n|-miss|p2a: Dachsbun|p1a: Malamar\n|\n|upkeep\n|turn|25\n|\n|t:|1771187752\n|cant|p1a: Malamar|slp\n|move|p1a: Malamar|Sleep Talk|p1a: Malamar\n|move|p1a: Malamar|Rest||[from] move: Sleep Talk|[still]\n|-fail|p1a: Malamar\n|move|p2a: Dachsbun|Play Rough|p1a: Malamar\n|-supereffective|p1a: Malamar\n|-damage|p1a: Malamar|227/275 slp\n|\n|-heal|p1a: Malamar|244/275 slp|[from] item: Leftovers\n|upkeep\n|turn|26\n|\n|t:|1771187760\n|-curestatus|p1a: Malamar|slp|[msg]\n|move|p1a: Malamar|Rest|p1a: Malamar\n|-status|p1a: Malamar|slp|[from] move: Rest\n|-heal|p1a: Malamar|275/275 slp|[silent]\n|move|p2a: Dachsbun|Play Rough|p1a: Malamar\n|-supereffective|p1a: Malamar\n|-damage|p1a: Malamar|221/275 slp\n|\n|-heal|p1a: Malamar|238/275 slp|[from] item: Leftovers\n|upkeep\n|turn|27\n|\n|t:|1771187765\n|cant|p1a: Malamar|slp\n|move|p1a: Malamar|Sleep Talk|p1a: Malamar\n|move|p1a: Malamar|Rest||[from] move: Sleep Talk|[still]\n|-fail|p1a: Malamar\n|move|p2a: Dachsbun|Play Rough|p1a: Malamar|[miss]\n|-miss|p2a: Dachsbun|p1a: Malamar\n|\n|-heal|p1a: Malamar|255/275 slp|[from] item: Leftovers\n|upkeep\n|turn|28\n|\n|t:|1771187772\n|cant|p1a: Malamar|slp\n|move|p1a: Malamar|Sleep Talk|p1a: Malamar\n|move|p1a: Malamar|Knock Off|p2a: Dachsbun|[from] move: Sleep Talk\n|-resisted|p2a: Dachsbun\n|-damage|p2a: Dachsbun|17/254\n|move|p2a: Dachsbun|Play Rough|p1a: Malamar\n|-supereffective|p1a: Malamar\n|-damage|p1a: Malamar|205/275 slp\n|\n|-heal|p1a: Malamar|222/275 slp|[from] item: Leftovers\n|upkeep\n|turn|29\n|\n|t:|1771187780\n|-curestatus|p1a: Malamar|slp|[msg]\n|move|p1a: Malamar|Knock Off|p2a: Dachsbun\n|-resisted|p2a: Dachsbun\n|-damage|p2a: Dachsbun|0 fnt\n|faint|p2a: Dachsbun\n|\n|-heal|p1a: Malamar|239/275|[from] item: Leftovers\n|upkeep\n|\n|t:|1771187794\n|switch|p2a: Okidogi|Okidogi, L77, M|262/262\n|-damage|p2a: Okidogi|246/262|[from] Stealth Rock\n|-activate|p2a: Okidogi|move: Sticky Web\n|-unboost|p2a: Okidogi|spe|1\n|-damage|p2a: Okidogi|214/262|[from] Spikes\n|turn|30\n|\n|t:|1771187806\n|move|p1a: Malamar|Superpower|p2a: Okidogi\n|-resisted|p2a: Okidogi\n|-damage|p2a: Okidogi|84/262\n|move|p2a: Okidogi|Knock Off|p1a: Malamar\n|-damage|p1a: Malamar|221/275\n|-status|p1a: Malamar|tox|[from] ability: Toxic Chain|[of] p2a: Okidogi\n|-enditem|p1a: Malamar|Leftovers|[from] move: Knock Off|[of] p2a: Okidogi\n|\n|-damage|p1a: Malamar|204/275 tox|[from] psn\n|upkeep\n|turn|31\n|\n|t:|1771187816\n|move|p1a: Malamar|Rest|p1a: Malamar\n|-status|p1a: Malamar|slp|[from] move: Rest\n|-heal|p1a: Malamar|275/275 slp|[silent]\n|move|p2a: Okidogi|Drain Punch|p1a: Malamar\n|-damage|p1a: Malamar|251/275 slp\n|-heal|p2a: Okidogi|96/262|[from] drain|[of] p1a: Malamar\n|\n|upkeep\n|turn|32\n|\n|t:|1771187829\n|cant|p1a: Malamar|slp\n|move|p1a: Malamar|Sleep Talk|p1a: Malamar\n|move|p1a: Malamar|Knock Off|p2a: Okidogi|[from] move: Sleep Talk\n|-resisted|p2a: Okidogi\n|-damage|p2a: Okidogi|0 fnt\n|-enditem|p2a: Okidogi|Assault Vest|[from] move: Knock Off|[of] p1a: Malamar\n|faint|p2a: Okidogi\n|\n|upkeep\n|\n|t:|1771187849\n|switch|p2a: Muk|Muk-Alola, L82, F|306/306\n|-damage|p2a: Muk|268/306|[from] Stealth Rock\n|-activate|p2a: Muk|move: Sticky Web\n|-unboost|p2a: Muk|spe|1\n|-damage|p2a: Muk|230/306|[from] Spikes\n|turn|33\n|\n|t:|1771187854\n|cant|p1a: Malamar|slp\n|move|p1a: Malamar|Sleep Talk|p1a: Malamar\n|move|p1a: Malamar|Knock Off|p2a: Muk|[from] move: Sleep Talk\n|-resisted|p2a: Muk\n|-damage|p2a: Muk|32/306\n|-enditem|p2a: Muk|Assault Vest|[from] move: Knock Off|[of] p1a: Malamar\n|move|p2a: Muk|Poison Jab|p1a: Malamar\n|-damage|p1a: Malamar|230/275 slp\n|\n|upkeep\n|turn|34\n|\n|t:|1771187863\n|-curestatus|p1a: Malamar|slp|[msg]\n|move|p1a: Malamar|Knock Off|p2a: Muk\n|-resisted|p2a: Muk\n|-crit|p2a: Muk\n|-damage|p2a: Muk|0 fnt\n|faint|p2a: Muk\n|\n|upkeep\n|\n|t:|1771187867\n|switch|p2a: Brute Bonnet|Brute Bonnet, L81|312/312\n|-damage|p2a: Brute Bonnet|273/312|[from] Stealth Rock\n|-activate|p2a: Brute Bonnet|move: Sticky Web\n|-unboost|p2a: Brute Bonnet|spe|1\n|-damage|p2a: Brute Bonnet|234/312|[from] Spikes\n|turn|35\n|\n|t:|1771187876\n|move|p2a: Brute Bonnet|Sucker Punch|p1a: Malamar\n|-damage|p1a: Malamar|206/275\n|move|p1a: Malamar|Knock Off|p2a: Brute Bonnet\n|-resisted|p2a: Brute Bonnet\n|-damage|p2a: Brute Bonnet|63/312\n|-enditem|p2a: Brute Bonnet|Leftovers|[from] move: Knock Off|[of] p1a: Malamar\n|\n|upkeep\n|turn|36\n|\n|t:|1771187887\n|move|p1a: Malamar|Knock Off|p2a: Brute Bonnet\n|-resisted|p2a: Brute Bonnet\n|-damage|p2a: Brute Bonnet|0 fnt\n|faint|p2a: Brute Bonnet\n|-end|p2a: Brute Bonnet|Protosynthesis|[silent]\n|\n|upkeep\n|\n|t:|1771187889\n|switch|p2a: Deoxys|Deoxys-Speed, L82|216/216\n|-damage|p2a: Deoxys|189/216|[from] Stealth Rock\n|-activate|p2a: Deoxys|move: Sticky Web\n|-unboost|p2a: Deoxys|spe|1\n|-damage|p2a: Deoxys|162/216|[from] Spikes\n|-ability|p2a: Deoxys|Pressure\n|turn|37\n|\n|t:|1771187895\n|move|p2a: Deoxys|Dark Pulse|p1a: Malamar\n|-damage|p1a: Malamar|122/275\n|-damage|p2a: Deoxys|141/216|[from] item: Life Orb\n|move|p1a: Malamar|Knock Off|p2a: Deoxys\n|-supereffective|p2a: Deoxys\n|-damage|p2a: Deoxys|0 fnt\n|-enditem|p2a: Deoxys|Life Orb|[from] move: Knock Off|[of] p1a: Malamar\n|faint|p2a: Deoxys\n|\n|win|Phani42\n|raw|Phani42's rating: 1774 &rarr; <strong>1796</strong><br />(+22 for winning)\n|raw|Jimsoup's rating: 1816 &rarr; <strong>1794</strong><br />(-22 for losing)\n|l|☆Jimsoup\n|player|p2|\n", "inputlog": ">version 686819e5e19f8a7fd2345cfc5a08a5085efa2cc3\n>start {\"formatid\":\"gen9randombattle\",\"seed\":\"sodium,56f5344d3b4452ee83b1a0a8c695c0ad\",\"rated\":\"Rated battle\"}\n>player p1 {\"name\":\"Phani42\",\"avatar\":\"1\",\"rating\":1774,\"seed\":\"sodium,04f81013118b34ed86ea5f0b4211b579\"}\n>player p2 {\"name\":\"Jimsoup\",\"avatar\":\"1\",\"rating\":1816,\"seed\":\"sodium,08b5a0b8afb1538abf8987c231e265d0\"}\n>p1 switch 2\n>p2 move yawn\n>p1 move stealthrock\n>p2 switch 6\n>p1 switch 4\n>p2 move poltergeist\n>p1 switch 5\n>p2 move poltergeist\n>p1 move stickyweb\n>p2 move drainpunch\n>p1 move ceaselessedge\n>p2 move hornleech\n>p1 switch 2\n>p1 switch 5\n>p2 move drainpunch terastallize\n>p1 switch 3\n>p1 move superpower\n>p2 move willowisp\n>p1 move superpower\n>p2 move willowisp\n>p1 move superpower\n>p2 move drainpunch\n>p2 switch 6\n>p1 move superpower\n>p2 move wish\n>p1 move rest\n>p2 move playrough\n>p1 move sleeptalk\n>p2 move playrough\n>p1 move sleeptalk\n>p2 move wish\n>p1 move rest\n>p2 move protect\n>p1 move sleeptalk\n>p2 move playrough\n>p1 move sleeptalk\n>p2 move playrough\n>p1 move superpower\n>p2 move playrough\n>p1 move rest\n>p2 move playrough\n>p1 move sleeptalk\n>p2 move wish\n>p1 move sleeptalk\n>p2 move protect\n>p1 move superpower\n>p2 move playrough\n>p1 move rest\n>p2 move playrough\n>p1 move sleeptalk\n>p2 move playrough\n>p1 move sleeptalk\n>p2 move playrough\n>p1 move rest\n>p2 move playrough\n>p1 move sleeptalk\n>p2 move playrough\n>p1 move sleeptalk\n>p2 move playrough\n>p1 move knockoff\n>p2 move playrough\n>p2 switch 2\n>p1 move superpower\n>p2 move knockoff\n>p1 move rest\n>p2 move drainpunch\n>p1 move sleeptalk\n>p2 move drainpunch\n>p2 switch 5\n>p1 move sleeptalk\n>p2 move poisonjab\n>p1 move knockoff\n>p2 move poisonjab\n>p2 switch 3\n>p1 move knockoff\n>p2 move suckerpunch\n>p1 move knockoff\n>p2 move crunch\n>p2 switch 4\n>p1 move knockoff\n>p2 move darkpulse", "uploadtime": 1771187905, "views": 8, "formatid": "gen9randombattle", "rating": 1794, "private": 0, "password": null}