{"id": "gen9randombattle-2540446510", "format": "[Gen 9] Random Battle", "players": ["Randompina", "TofuTinTin"], "log": "|j|☆Randompina\n|j|☆TofuTinTin\n|t:|1771203054\n|gametype|singles\n|player|p1|Randompina|doctor|1531\n|player|p2|TofuTinTin|2|1554\n|gen|9\n|tier|[Gen 9] Random Battle\n|rated|\n|rule|Species Clause: Limit one of each Pokémon\n|rule|HP Percentage Mod: HP is shown in percentages\n|rule|Sleep Clause Mod: Limit one foe put to sleep\n|rule|Illusion Level Mod: Illusion disguises the Pokémon's true level\n|\n|t:|1771203054\n|teamsize|p1|6\n|teamsize|p2|6\n|start\n|switch|p1a: Glaceon|Glaceon, L94, M|275/275\n|switch|p2a: Lucario|Lucario, L84, M|255/255\n|turn|1\n|inactive|Battle timer is ON: inactive players will automatically lose when time's up. (requested by Randompina)\n|\n|t:|1771203065\n|switch|p1a: Skeledirge|Skeledirge, L79, F|294/294\n|move|p2a: Lucario|Nasty Plot|p2a: Lucario\n|-boost|p2a: Lucario|spa|2\n|\n|upkeep\n|turn|2\n|\n|t:|1771203070\n|switch|p2a: Araquanid|Araquanid, L82, M|246/246\n|move|p1a: Skeledirge|Torch Song|p2a: Araquanid\n|-damage|p2a: Araquanid|225/246\n|-boost|p1a: Skeledirge|spa|1\n|\n|upkeep\n|turn|3\n|\n|t:|1771203084\n|switch|p1a: Bronzong|Bronzong, L88|261/261\n|move|p2a: Araquanid|Liquidation|p1a: Bronzong\n|-damage|p1a: Bronzong|161/261\n|-unboost|p1a: Bronzong|def|1\n|\n|-heal|p1a: Bronzong|177/261|[from] item: Leftovers\n|upkeep\n|turn|4\n|\n|t:|1771203103\n|move|p2a: Araquanid|Hydro Pump|p1a: Bronzong\n|-damage|p1a: Bronzong|68/261\n|move|p1a: Bronzong|Iron Defense|p1a: Bronzong\n|-boost|p1a: Bronzong|def|2\n|\n|-heal|p1a: Bronzong|84/261|[from] item: Leftovers\n|upkeep\n|turn|5\n|\n|t:|1771203106\n|move|p2a: Araquanid|Hydro Pump|p1a: Bronzong\n|-damage|p1a: Bronzong|0 fnt\n|faint|p1a: Bronzong\n|\n|upkeep\n|\n|t:|1771203111\n|switch|p1a: Glaceon|Glaceon, L94, M|275/275\n|turn|6\n|\n|t:|1771203122\n|switch|p2a: Lucario|Lucario, L84, M|255/255\n|move|p1a: Glaceon|Calm Mind|p1a: Glaceon\n|-boost|p1a: Glaceon|spa|1\n|-boost|p1a: Glaceon|spd|1\n|\n|upkeep\n|turn|7\n|\n|t:|1771203137\n|switch|p1a: Skeledirge|Skeledirge, L79, F|294/294\n|move|p2a: Lucario|Flash Cannon|p1a: Skeledirge\n|-resisted|p1a: Skeledirge\n|-damage|p1a: Skeledirge|215/294\n|-damage|p2a: Lucario|230/255|[from] item: Life Orb\n|\n|upkeep\n|turn|8\n|inactive|TofuTinTin has 120 seconds left.\n|\n|t:|1771203185\n|switch|p2a: Araquanid|Araquanid, L82, M|225/246\n|switch|p1a: Smeargle|Smeargle, L95, M|258/258\n|\n|upkeep\n|turn|9\n|\n|t:|1771203196\n|move|p1a: Smeargle|Spore|p2a: Araquanid\n|-status|p2a: Araquanid|slp|[from] move: Spore\n|cant|p2a: Araquanid|slp\n|\n|upkeep\n|turn|10\n|\n|t:|1771203202\n|switch|p2a: Lucario|Lucario, L84, M|230/255\n|move|p1a: Smeargle|Sticky Web|p2a: Lucario\n|-sidestart|p2: TofuTinTin|move: Sticky Web\n|\n|upkeep\n|turn|11\n|\n|t:|1771203208\n|switch|p1a: Skeledirge|Skeledirge, L79, F|215/294\n|move|p2a: Lucario|Flash Cannon|p1a: Skeledirge\n|-resisted|p1a: Skeledirge\n|-damage|p1a: Skeledirge|136/294\n|-damage|p2a: Lucario|205/255|[from] item: Life Orb\n|\n|upkeep\n|turn|12\n|\n|t:|1771203215\n|switch|p2a: Donphan|Donphan, L84, M|288/288\n|-activate|p2a: Donphan|move: Sticky Web\n|-unboost|p2a: Donphan|spe|1\n|move|p1a: Skeledirge|Slack Off|p1a: Skeledirge\n|-heal|p1a: Skeledirge|283/294\n|\n|upkeep\n|turn|13\n|\n|t:|1771203223\n|move|p1a: Skeledirge|Will-O-Wisp|p2a: Donphan\n|-status|p2a: Donphan|brn\n|move|p2a: Donphan|Knock Off|p1a: Skeledirge\n|-supereffective|p1a: Skeledirge\n|-damage|p1a: Skeledirge|171/294\n|-enditem|p1a: Skeledirge|Heavy-Duty Boots|[from] move: Knock Off|[of] p2a: Donphan\n|\n|-damage|p2a: Donphan|270/288 brn|[from] brn\n|upkeep\n|turn|14\n|\n|t:|1771203239\n|switch|p2a: Drifblim|Drifblim, L86, F|398/398\n|move|p1a: Skeledirge|Hex|p2a: Drifblim\n|-supereffective|p2a: Drifblim\n|-damage|p2a: Drifblim|200/398\n|\n|upkeep\n|turn|15\n|\n|t:|1771203251\n|switch|p1a: Smeargle|Smeargle, L95, M|258/258\n|-terastallize|p2a: Drifblim|Fairy\n|move|p2a: Drifblim|Shadow Ball|p1a: Smeargle\n|-immune|p1a: Smeargle\n|\n|upkeep\n|turn|16\n|\n|t:|1771203259\n|move|p1a: Smeargle|Ceaseless Edge|p2a: Drifblim\n|-resisted|p2a: Drifblim\n|-damage|p2a: Drifblim|183/398\n|-sidestart|p2: TofuTinTin|Spikes\n|move|p2a: Drifblim|Strength Sap|p1a: Smeargle\n|-unboost|p1a: Smeargle|atk|1\n|-heal|p2a: Drifblim|275/398\n|\n|upkeep\n|turn|17\n|\n|t:|1771203268\n|move|p1a: Smeargle|Ceaseless Edge|p2a: Drifblim\n|-resisted|p2a: Drifblim\n|-damage|p2a: Drifblim|264/398\n|-sidestart|p2: TofuTinTin|Spikes\n|move|p2a: Drifblim|Air Slash|p1a: Smeargle\n|-damage|p1a: Smeargle|150/258\n|\n|upkeep\n|turn|18\n|\n|t:|1771203278\n|switch|p1a: Glaceon|Glaceon, L94, M|275/275\n|move|p2a: Drifblim|Air Slash|p1a: Glaceon\n|-damage|p1a: Glaceon|202/275\n|\n|upkeep\n|turn|19\n|\n|t:|1771203287\n|switch|p2a: Lucario|Lucario, L84, M|205/255\n|-activate|p2a: Lucario|move: Sticky Web\n|-unboost|p2a: Lucario|spe|1\n|-damage|p2a: Lucario|163/255|[from] Spikes\n|switch|p1a: Skeledirge|Skeledirge, L79, F|171/294\n|\n|upkeep\n|turn|20\n|\n|t:|1771203294\n|switch|p2a: Regirock|Regirock, L83|268/268\n|-activate|p2a: Regirock|move: Sticky Web\n|-fail|p2a: Regirock|unboost|[from] ability: Clear Body|[of] p2a: Regirock\n|-damage|p2a: Regirock|224/268|[from] Spikes\n|move|p1a: Skeledirge|Slack Off|p1a: Skeledirge\n|-heal|p1a: Skeledirge|294/294\n|\n|upkeep\n|turn|21\n|\n|t:|1771203307\n|move|p1a: Skeledirge|Will-O-Wisp|p2a: Regirock\n|-status|p2a: Regirock|brn\n|move|p2a: Regirock|Stone Edge|p1a: Skeledirge\n|-supereffective|p1a: Skeledirge\n|-damage|p1a: Skeledirge|195/294\n|\n|-damage|p2a: Regirock|208/268 brn|[from] brn\n|upkeep\n|turn|22\n|\n|t:|1771203313\n|move|p1a: Skeledirge|Torch Song|p2a: Regirock\n|-resisted|p2a: Regirock\n|-damage|p2a: Regirock|171/268 brn\n|-boost|p1a: Skeledirge|spa|1\n|move|p2a: Regirock|Stone Edge|p1a: Skeledirge\n|-supereffective|p1a: Skeledirge\n|-damage|p1a: Skeledirge|84/294\n|\n|-damage|p2a: Regirock|155/268 brn|[from] brn\n|upkeep\n|turn|23\n|\n|t:|1771203315\n|move|p1a: Skeledirge|Slack Off|p1a: Skeledirge\n|-heal|p1a: Skeledirge|231/294\n|move|p2a: Regirock|Curse|p2a: Regirock\n|-unboost|p2a: Regirock|spe|1\n|-boost|p2a: Regirock|atk|1\n|-boost|p2a: Regirock|def|1\n|\n|-damage|p2a: Regirock|139/268 brn|[from] brn\n|upkeep\n|turn|24\n|\n|t:|1771203320\n|move|p1a: Skeledirge|Hex|p2a: Regirock\n|-damage|p2a: Regirock|0 fnt\n|faint|p2a: Regirock\n|\n|upkeep\n|\n|t:|1771203324\n|switch|p2a: Drifblim|Drifblim, L86, F, tera:Fairy|264/398\n|turn|25\n|\n|t:|1771203329\n|switch|p1a: Glaceon|Glaceon, L94, M|202/275\n|move|p2a: Drifblim|Shadow Ball|p1a: Glaceon\n|-damage|p1a: Glaceon|130/275\n|\n|upkeep\n|turn|26\n|\n|t:|1771203336\n|switch|p2a: Lucario|Lucario, L84, M|163/255\n|-activate|p2a: Lucario|move: Sticky Web\n|-unboost|p2a: Lucario|spe|1\n|-damage|p2a: Lucario|121/255|[from] Spikes\n|move|p1a: Glaceon|Wish|p1a: Glaceon\n|\n|upkeep\n|turn|27\n|\n|t:|1771203346\n|switch|p2a: Drifblim|Drifblim, L86, F, tera:Fairy|264/398\n|move|p1a: Glaceon|Freeze-Dry|p2a: Drifblim\n|-damage|p2a: Drifblim|98/398\n|\n|-heal|p1a: Glaceon|267/275|[from] move: Wish|[wisher] Glaceon\n|upkeep\n|turn|28\n|\n|t:|1771203355\n|move|p2a: Drifblim|Defog|p1a: Glaceon\n|-unboost|p1a: Glaceon|evasion|1\n|-sideend|p2: TofuTinTin|Spikes|[from] move: Defog|[of] p2a: Drifblim\n|-sideend|p2: TofuTinTin|Sticky Web|[from] move: Defog|[of] p2a: Drifblim\n|move|p1a: Glaceon|Freeze-Dry|p2a: Drifblim\n|-damage|p2a: Drifblim|0 fnt\n|faint|p2a: Drifblim\n|\n|upkeep\n|\n|t:|1771203357\n|switch|p2a: Ariados|Ariados, L95, M|287/287\n|turn|29\n|\n|t:|1771203364\n|switch|p1a: Smeargle|Smeargle, L95, M|150/258\n|move|p2a: Ariados|Sticky Web|p1a: Smeargle\n|-sidestart|p1: Randompina|move: Sticky Web\n|\n|upkeep\n|turn|30\n|\n|t:|1771203374\n|move|p1a: Smeargle|Sticky Web|p2a: Ariados\n|-sidestart|p2: TofuTinTin|move: Sticky Web\n|move|p2a: Ariados|Toxic Spikes|p1a: Smeargle\n|-sidestart|p1: Randompina|move: Toxic Spikes\n|\n|upkeep\n|turn|31\n|\n|t:|1771203380\n|move|p1a: Smeargle|Ceaseless Edge|p2a: Ariados\n|-damage|p2a: Ariados|262/287\n|-sidestart|p2: TofuTinTin|Spikes\n|move|p2a: Ariados|Toxic Spikes|p1a: Smeargle\n|-sidestart|p1: Randompina|move: Toxic Spikes\n|\n|upkeep\n|turn|32\n|\n|t:|1771203384\n|move|p1a: Smeargle|Ceaseless Edge|p2a: Ariados\n|-damage|p2a: Ariados|236/287\n|-sidestart|p2: TofuTinTin|Spikes\n|move|p2a: Ariados|Poison Jab|p1a: Smeargle\n|-damage|p1a: Smeargle|0 fnt\n|faint|p1a: Smeargle\n|\n|upkeep\n|inactive|Randompina has 120 seconds left.\n|\n|t:|1771203419\n|switch|p1a: Kingdra|Kingdra, L84, F|263/263\n|-activate|p1a: Kingdra|move: Sticky Web\n|-unboost|p1a: Kingdra|spe|1\n|-status|p1a: Kingdra|tox\n|-enditem|p1a: Kingdra|Lum Berry|[eat]\n|-curestatus|p1a: Kingdra|tox|[msg]\n|turn|33\n|\n|t:|1771203448\n|-terastallize|p1a: Kingdra|Steel\n|move|p2a: Ariados|Poison Jab|p1a: Kingdra\n|-immune|p1a: Kingdra\n|move|p1a: Kingdra|Dragon Dance|p1a: Kingdra\n|-boost|p1a: Kingdra|atk|1\n|-boost|p1a: Kingdra|spe|1\n|\n|upkeep\n|turn|34\n|\n|t:|1771203455\n|switch|p2a: Donphan|Donphan, L84, M|270/288 brn\n|-activate|p2a: Donphan|move: Sticky Web\n|-unboost|p2a: Donphan|spe|1\n|-damage|p2a: Donphan|222/288 brn|[from] Spikes\n|move|p1a: Kingdra|Dragon Dance|p1a: Kingdra\n|-boost|p1a: Kingdra|atk|1\n|-boost|p1a: Kingdra|spe|1\n|\n|-damage|p2a: Donphan|204/288 brn|[from] brn\n|upkeep\n|turn|35\n|-message|TofuTinTin forfeited.\n|\n|win|Randompina\n|raw|Randompina's rating: 1531 &rarr; <strong>1553</strong><br />(+22 for winning)\n|raw|TofuTinTin's rating: 1573 &rarr; <strong>1551</strong><br />(-22 for losing)\n|l|☆TofuTinTin\n|player|p2|\n", "inputlog": ">version 686819e5e19f8a7fd2345cfc5a08a5085efa2cc3\n>start {\"formatid\":\"gen9randombattle\",\"seed\":\"sodium,b97626bf0bd358c59fb0d7fac9f55b74\",\"rated\":\"Rated battle\"}\n>player p1 {\"name\":\"Randompina\",\"avatar\":\"doctor\",\"rating\":1531,\"seed\":\"sodium,c7e66baf6d801a735de89cdbe8296785\"}\n>player p2 {\"name\":\"TofuTinTin\",\"avatar\":\"2\",\"rating\":1554,\"seed\":\"sodium,9f37362a66d3e92b452738e97123c81d\"}\n>p1 switch 2\n>p2 move nastyplot\n>p1 move torchsong\n>p2 switch 6\n>p1 switch 3\n>p2 move liquidation\n>p1 move irondefense\n>p2 move hydropump\n>p1 move psychicnoise\n>p2 move hydropump\n>p1 switch 2\n>p1 move calmmind\n>p2 switch 6\n>p1 switch 3\n>p2 move flashcannon\n>p1 switch 6\n>p2 switch 6\n>p1 move spore\n>p2 move liquidation\n>p1 move stickyweb\n>p2 switch 6\n>p1 switch 6\n>p2 move flashcannon\n>p1 move slackoff\n>p2 switch 3\n>p1 move willowisp\n>p2 move knockoff\n>p1 move hex\n>p2 switch 2\n>p1 switch 6\n>p2 move shadowball terastallize\n>p1 move ceaselessedge\n>p2 move strengthsap\n>p1 move ceaselessedge\n>p2 move airslash\n>p1 switch 3\n>p2 move airslash\n>p1 switch 6\n>p2 switch 3\n>p1 move slackoff\n>p2 switch 4\n>p1 move willowisp\n>p2 move stoneedge\n>p1 move torchsong\n>p2 move stoneedge\n>p1 move slackoff\n>p2 move curse\n>p1 move hex\n>p2 move stoneedge\n>p2 switch 3\n>p1 switch 6\n>p2 move shadowball\n>p1 move wish\n>p2 switch 4\n>p1 move freezedry\n>p2 switch 4\n>p1 move freezedry\n>p2 move defog\n>p2 switch 5\n>p1 switch 3\n>p2 move stickyweb\n>p1 move stickyweb\n>p2 move toxicspikes\n>p1 move ceaselessedge\n>p2 move toxicspikes\n>p1 move ceaselessedge\n>p2 move poisonjab\n>p1 switch 5\n>p1 move dragondance terastallize\n>p2 move poisonjab\n>p1 move dragondance\n>p2 switch 2\n>forcelose p2", "uploadtime": 1771203489, "views": 10, "formatid": "gen9randombattle", "rating": 1551, "private": 0, "password": null}