{"id": "gen9randombattle-2540355725", "format": "[Gen 9] Random Battle", "players": ["Ibexrider", "psichedelicc"], "log": "|j|☆Ibexrider\n|j|☆psichedelicc\n|t:|1771192277\n|gametype|singles\n|player|p1|Ibexrider|pryce|1522\n|player|p2|psichedelicc|lusamine-nihilego|1486\n|gen|9\n|tier|[Gen 9] Random Battle\n|rated|\n|rule|Species Clause: Limit one of each Pokémon\n|rule|HP Percentage Mod: HP is shown in percentages\n|rule|Sleep Clause Mod: Limit one foe put to sleep\n|rule|Illusion Level Mod: Illusion disguises the Pokémon's true level\n|\n|t:|1771192277\n|teamsize|p1|6\n|teamsize|p2|6\n|start\n|switch|p1a: Mienshao|Mienshao, L83, M|243/243\n|switch|p2a: Comfey|Comfey, L85, M|225/225\n|turn|1\n|inactive|Battle timer is ON: inactive players will automatically lose when time's up. (requested by psichedelicc)\n|\n|t:|1771192293\n|move|p1a: Mienshao|Poison Jab|p2a: Comfey\n|-supereffective|p2a: Comfey\n|-damage|p2a: Comfey|35/225\n|move|p2a: Comfey|Calm Mind|p2a: Comfey\n|-boost|p2a: Comfey|spa|1\n|-boost|p2a: Comfey|spd|1\n|\n|-heal|p2a: Comfey|49/225|[from] item: Leftovers\n|upkeep\n|turn|2\n|\n|t:|1771192310\n|switch|p1a: Rotom|Rotom-Wash, L83|219/219\n|move|p2a: Comfey|Draining Kiss|p1a: Rotom\n|-damage|p1a: Rotom|152/219\n|-heal|p2a: Comfey|99/225|[from] drain|[of] p1a: Rotom\n|\n|-heal|p2a: Comfey|113/225|[from] item: Leftovers\n|-heal|p1a: Rotom|165/219|[from] item: Leftovers\n|upkeep\n|turn|3\n|\n|t:|1771192322\n|move|p2a: Comfey|Calm Mind|p2a: Comfey\n|-boost|p2a: Comfey|spa|1\n|-boost|p2a: Comfey|spd|1\n|move|p1a: Rotom|Will-O-Wisp|p2a: Comfey\n|-status|p2a: Comfey|brn\n|\n|-heal|p2a: Comfey|127/225 brn|[from] item: Leftovers\n|-heal|p1a: Rotom|178/219|[from] item: Leftovers\n|-damage|p2a: Comfey|113/225 brn|[from] brn\n|upkeep\n|turn|4\n|\n|t:|1771192336\n|move|p2a: Comfey|Giga Drain|p1a: Rotom\n|-supereffective|p1a: Rotom\n|-damage|p1a: Rotom|4/219\n|-heal|p2a: Comfey|200/225 brn|[from] drain|[of] p1a: Rotom\n|move|p1a: Rotom|Hydro Pump|p2a: Comfey|[miss]\n|-miss|p1a: Rotom|p2a: Comfey\n|\n|-heal|p2a: Comfey|214/225 brn|[from] item: Leftovers\n|-heal|p1a: Rotom|17/219|[from] item: Leftovers\n|-damage|p2a: Comfey|200/225 brn|[from] brn\n|upkeep\n|turn|5\n|\n|t:|1771192348\n|move|p2a: Comfey|Calm Mind|p2a: Comfey\n|-boost|p2a: Comfey|spa|1\n|-boost|p2a: Comfey|spd|1\n|move|p1a: Rotom|Pain Split|p2a: Comfey\n|-sethp|p2a: Comfey|108/225 brn|[from] move: Pain Split|[silent]\n|-sethp|p1a: Rotom|108/219|[from] move: Pain Split\n|\n|-heal|p2a: Comfey|122/225 brn|[from] item: Leftovers\n|-heal|p1a: Rotom|121/219|[from] item: Leftovers\n|-damage|p2a: Comfey|108/225 brn|[from] brn\n|upkeep\n|turn|6\n|inactive|Ibexrider has 120 seconds left.\n|\n|t:|1771192379\n|switch|p1a: Oranguru|Oranguru, L92, M|315/315\n|move|p2a: Comfey|Giga Drain|p1a: Oranguru\n|-damage|p1a: Oranguru|230/315\n|-heal|p2a: Comfey|151/225 brn|[from] drain|[of] p1a: Oranguru\n|\n|-heal|p2a: Comfey|165/225 brn|[from] item: Leftovers\n|-damage|p2a: Comfey|151/225 brn|[from] brn\n|upkeep\n|turn|7\n|inactive|Ibexrider has 120 seconds left.\n|\n|t:|1771192391\n|move|p2a: Comfey|Draining Kiss|p1a: Oranguru\n|-crit|p1a: Oranguru\n|-damage|p1a: Oranguru|94/315\n|-heal|p2a: Comfey|225/225 brn|[from] drain|[of] p1a: Oranguru\n|move|p1a: Oranguru|Psyshock|p2a: Comfey\n|-damage|p2a: Comfey|116/225 brn\n|-damage|p1a: Oranguru|63/315|[from] item: Life Orb\n|\n|-heal|p2a: Comfey|130/225 brn|[from] item: Leftovers\n|-damage|p2a: Comfey|116/225 brn|[from] brn\n|upkeep\n|turn|8\n|inactive|Ibexrider has 120 seconds left.\n|\n|t:|1771192404\n|move|p2a: Comfey|Giga Drain|p1a: Oranguru\n|-damage|p1a: Oranguru|0 fnt\n|-heal|p2a: Comfey|148/225 brn|[from] drain|[of] p1a: Oranguru\n|faint|p1a: Oranguru\n|\n|-heal|p2a: Comfey|162/225 brn|[from] item: Leftovers\n|-damage|p2a: Comfey|148/225 brn|[from] brn\n|upkeep\n|\n|t:|1771192413\n|switch|p1a: Charizard|Charizard, L85, F|271/271\n|turn|9\n|inactive|Ibexrider has 120 seconds left.\n|\n|t:|1771192436\n|move|p1a: Charizard|Flare Blitz|p2a: Comfey\n|-damage|p2a: Comfey|31/225 brn\n|-damage|p1a: Charizard|232/271|[from] Recoil\n|move|p2a: Comfey|Stored Power|p1a: Charizard\n|-damage|p1a: Charizard|0 fnt\n|faint|p1a: Charizard\n|\n|-heal|p2a: Comfey|45/225 brn|[from] item: Leftovers\n|-damage|p2a: Comfey|31/225 brn|[from] brn\n|upkeep\n|\n|t:|1771192454\n|switch|p1a: Palafin|Palafin, L77, F|281/281\n|turn|10\n|\n|t:|1771192463\n|-terastallize|p2a: Comfey|Steel\n|move|p2a: Comfey|Giga Drain|p1a: Palafin\n|-supereffective|p1a: Palafin\n|-damage|p1a: Palafin|0 fnt\n|-heal|p2a: Comfey|172/225 brn|[from] drain|[of] p1a: Palafin\n|faint|p1a: Palafin\n|\n|-heal|p2a: Comfey|186/225 brn|[from] item: Leftovers\n|-damage|p2a: Comfey|172/225 brn|[from] brn\n|upkeep\n|c|☆Ibexrider|Lol\n|c|☆Ibexrider|Gg\n|c|☆Ibexrider|I hope for you that your luck will last\n|c|☆psichedelicc|gg man\n|inactive|Ibexrider has 90 seconds left.\n|\n|t:|1771192483\n|switch|p1a: Mienshao|Mienshao, L83, M|243/243\n|turn|11\n|c|☆psichedelicc|eh\n|\n|t:|1771192488\n|move|p2a: Comfey|Draining Kiss|p1a: Mienshao\n|-supereffective|p1a: Mienshao\n|-damage|p1a: Mienshao|0 fnt\n|-heal|p2a: Comfey|225/225 brn|[from] drain|[of] p1a: Mienshao\n|faint|p1a: Mienshao\n|\n|-damage|p2a: Comfey|211/225 brn|[from] brn\n|upkeep\n|\n|t:|1771192496\n|switch|p1a: Rotom|Rotom-Wash, L83|121/219\n|turn|12\n|\n|t:|1771192507\n|-terastallize|p1a: Rotom|Electric\n|move|p2a: Comfey|Giga Drain|p1a: Rotom\n|-damage|p1a: Rotom|17/219\n|-heal|p2a: Comfey|225/225 brn|[from] drain|[of] p1a: Rotom\n|move|p1a: Rotom|Pain Split|p2a: Comfey\n|-sethp|p2a: Comfey|121/225 brn|[from] move: Pain Split|[silent]\n|-sethp|p1a: Rotom|121/219|[from] move: Pain Split\n|\n|-heal|p2a: Comfey|135/225 brn|[from] item: Leftovers\n|-heal|p1a: Rotom|134/219|[from] item: Leftovers\n|-damage|p2a: Comfey|121/225 brn|[from] brn\n|upkeep\n|turn|13\n|\n|t:|1771192521\n|move|p2a: Comfey|Stored Power|p1a: Rotom\n|-damage|p1a: Rotom|0 fnt\n|faint|p1a: Rotom\n|\n|-heal|p2a: Comfey|135/225 brn|[from] item: Leftovers\n|-damage|p2a: Comfey|121/225 brn|[from] brn\n|upkeep\n|\n|t:|1771192530\n|switch|p1a: Zapdos|Zapdos-Galar, L77|265/265\n|turn|14\n|\n|t:|1771192536\n|move|p2a: Comfey|Draining Kiss|p1a: Zapdos\n|-supereffective|p1a: Zapdos\n|-damage|p1a: Zapdos|11/265\n|-heal|p2a: Comfey|225/225 brn|[from] drain|[of] p1a: Zapdos\n|move|p1a: Zapdos|Close Combat|p2a: Comfey\n|-supereffective|p2a: Comfey\n|-damage|p2a: Comfey|0 fnt\n|-unboost|p1a: Zapdos|def|1\n|-unboost|p1a: Zapdos|spd|1\n|faint|p2a: Comfey\n|\n|upkeep\n|c|☆Ibexrider|Loooooool\n|c|☆psichedelicc|lol\n|\n|t:|1771192555\n|switch|p2a: Espathra|Espathra, L80, F|283/283\n|turn|15\n|\n|t:|1771192559\n|move|p1a: Zapdos|Close Combat|p2a: Espathra\n|-resisted|p2a: Espathra\n|-damage|p2a: Espathra|194/283\n|-unboost|p1a: Zapdos|def|1\n|-unboost|p1a: Zapdos|spd|1\n|move|p2a: Espathra|Stored Power|p1a: Zapdos\n|-supereffective|p1a: Zapdos\n|-damage|p1a: Zapdos|0 fnt\n|faint|p1a: Zapdos\n|\n|win|psichedelicc\n|raw|Ibexrider's rating: 1522 &rarr; <strong>1500</strong><br />(-22 for losing)\n|raw|psichedelicc's rating: 1486 &rarr; <strong>1508</strong><br />(+22 for winning)\n|l|☆Ibexrider\n|player|p1|\n|l|☆psichedelicc\n|player|p2|\n|j|☆psichedelicc\n|player|p2|psichedelicc|lusamine-nihilego|\n", "inputlog": ">version 686819e5e19f8a7fd2345cfc5a08a5085efa2cc3\n>start {\"formatid\":\"gen9randombattle\",\"seed\":\"sodium,3f5067e35b7e761efae1c77755b673b8\",\"rated\":\"Rated battle\"}\n>player p1 {\"name\":\"Ibexrider\",\"avatar\":\"pryce\",\"rating\":1522,\"seed\":\"sodium,ef207fec74fa5456cad2656b506152c7\"}\n>player p2 {\"name\":\"psichedelicc\",\"avatar\":\"lusamine-nihilego\",\"rating\":1486,\"seed\":\"sodium,65f5ff3f38e4449eef2e44b69165085e\"}\n>p1 move poisonjab\n>p2 move calmmind\n>p1 switch 2\n>p2 move drainingkiss\n>p1 move willowisp\n>p2 move calmmind\n>p1 move hydropump\n>p2 move gigadrain\n>p1 move painsplit\n>p2 move calmmind\n>p1 switch 6\n>p2 move gigadrain\n>p1 move psyshock\n>p2 move drainingkiss\n>p1 move psyshock\n>p2 move gigadrain\n>p1 switch 3\n>p1 move flareblitz\n>p2 move storedpower\n>p1 switch 4\n>p1 move jetpunch\n>p2 move gigadrain terastallize\n>chat ☆Ibexrider|Lol\n>chat ☆Ibexrider|Gg\n>chat ☆Ibexrider|I hope for you that your luck will last \n>chat ☆psichedelicc|gg man\n>p1 switch 2\n>chat ☆psichedelicc|eh\n>p1 move highjumpkick\n>p2 move drainingkiss\n>p1 switch 6\n>p1 move painsplit terastallize\n>p2 move gigadrain\n>p1 move painsplit\n>p2 move storedpower\n>p1 switch 5\n>p1 move closecombat\n>p2 move drainingkiss\n>chat ☆Ibexrider|Loooooool\n>chat ☆psichedelicc|lol\n>p2 switch 3\n>p1 move closecombat\n>p2 move storedpower", "uploadtime": 1771192688, "views": 17, "formatid": "gen9randombattle", "rating": 1500, "private": 0, "password": null}