{"id": "gen9randombattle-2540378801", "format": "[Gen 9] Random Battle", "players": ["MeAndTheBorthers", "FalconLover87"], "log": "|j|☆MeAndTheBorthers\n|j|☆FalconLover87\n|t:|1771194889\n|gametype|singles\n|player|p1|MeAndTheBorthers|iris-gen5bw2|1806\n|player|p2|FalconLover87|169|1769\n|gen|9\n|tier|[Gen 9] Random Battle\n|rated|\n|rule|Species Clause: Limit one of each Pokémon\n|rule|HP Percentage Mod: HP is shown in percentages\n|rule|Sleep Clause Mod: Limit one foe put to sleep\n|rule|Illusion Level Mod: Illusion disguises the Pokémon's true level\n|\n|t:|1771194889\n|teamsize|p1|6\n|teamsize|p2|6\n|start\n|switch|p1a: Magcargo|Magcargo, L95, M|268/268\n|switch|p2a: Electivire|Electivire, L84, F|263/263\n|turn|1\n|\n|t:|1771194902\n|move|p2a: Electivire|Earthquake|p1a: Magcargo\n|-supereffective|p1a: Magcargo\n|-damage|p1a: Magcargo|0 fnt\n|faint|p1a: Magcargo\n|-damage|p2a: Electivire|237/263|[from] item: Life Orb\n|\n|upkeep\n|inactive|Battle timer is ON: inactive players will automatically lose when time's up. (requested by MeAndTheBorthers)\n|\n|t:|1771194918\n|switch|p1a: Avalugg|Avalugg, L88, F|310/310\n|turn|2\n|\n|t:|1771194925\n|move|p2a: Electivire|Volt Switch|p1a: Avalugg\n|-damage|p1a: Avalugg|164/310\n|-damage|p2a: Electivire|211/263|[from] item: Life Orb\n|\n|t:|1771194928\n|switch|p2a: Overqwil|Overqwil, L82, F|274/274|[from] Volt Switch\n|-ability|p2a: Overqwil|Intimidate|boost\n|-unboost|p1a: Avalugg|atk|1\n|move|p1a: Avalugg|Avalanche|p2a: Overqwil\n|-damage|p2a: Overqwil|217/274\n|\n|upkeep\n|turn|3\n|\n|t:|1771194941\n|switch|p1a: Registeel|Registeel, L81|262/262\n|move|p2a: Overqwil|Swords Dance|p2a: Overqwil\n|-boost|p2a: Overqwil|atk|2\n|\n|upkeep\n|turn|4\n|\n|t:|1771194947\n|move|p2a: Overqwil|Crunch|p1a: Registeel\n|-damage|p1a: Registeel|138/262\n|move|p1a: Registeel|Iron Defense|p1a: Registeel\n|-boost|p1a: Registeel|def|2\n|\n|upkeep\n|turn|5\n|\n|t:|1771194963\n|switch|p2a: Volbeat|Volbeat, L90, M|263/263\n|move|p1a: Registeel|Iron Defense|p1a: Registeel\n|-boost|p1a: Registeel|def|2\n|\n|upkeep\n|turn|6\n|\n|t:|1771194975\n|switch|p1a: Pawmot|Pawmot, L80, F|243/243\n|move|p2a: Volbeat|Encore||[still]\n|-fail|p2a: Volbeat\n|\n|upkeep\n|turn|7\n|\n|t:|1771194986\n|switch|p2a: Electivire|Electivire, L84, F|211/263\n|move|p1a: Pawmot|Nuzzle|p2a: Electivire\n|-ability|p2a: Electivire|Motor Drive|boost\n|-boost|p2a: Electivire|spe|1\n|\n|upkeep\n|turn|8\n|\n|t:|1771194995\n|switch|p1a: Avalugg|Avalugg, L88, F|164/310\n|move|p2a: Electivire|Earthquake|p1a: Avalugg\n|-damage|p1a: Avalugg|103/310\n|-damage|p2a: Electivire|185/263|[from] item: Life Orb\n|\n|upkeep\n|turn|9\n|\n|t:|1771195001\n|switch|p1a: Pawmot|Pawmot, L80, F|243/243\n|move|p2a: Electivire|Volt Switch|p1a: Pawmot\n|-immune|p1a: Pawmot|[from] ability: Volt Absorb\n|\n|upkeep\n|turn|10\n|\n|t:|1771195018\n|switch|p1a: Avalugg|Avalugg, L88, F|103/310\n|move|p2a: Electivire|Earthquake|p1a: Avalugg\n|-damage|p1a: Avalugg|43/310\n|-damage|p2a: Electivire|159/263|[from] item: Life Orb\n|\n|upkeep\n|turn|11\n|\n|t:|1771195022\n|move|p2a: Electivire|Earthquake|p1a: Avalugg\n|-damage|p1a: Avalugg|0 fnt\n|faint|p1a: Avalugg\n|-damage|p2a: Electivire|133/263|[from] item: Life Orb\n|\n|upkeep\n|\n|t:|1771195025\n|switch|p1a: Necrozma|Necrozma, L80|286/286\n|turn|12\n|\n|t:|1771195031\n|move|p2a: Electivire|Knock Off|p1a: Necrozma\n|-supereffective|p1a: Necrozma\n|-damage|p1a: Necrozma|132/286\n|-enditem|p1a: Necrozma|Leftovers|[from] move: Knock Off|[of] p2a: Electivire\n|-damage|p2a: Electivire|107/263|[from] item: Life Orb\n|move|p1a: Necrozma|Photon Geyser|p2a: Electivire\n|-damage|p2a: Electivire|0 fnt\n|faint|p2a: Electivire\n|\n|upkeep\n|\n|t:|1771195037\n|switch|p2a: Volbeat|Volbeat, L90, M|263/263\n|turn|13\n|\n|t:|1771195063\n|switch|p1a: Registeel|Registeel, L81|138/262\n|move|p2a: Volbeat|U-turn|p1a: Registeel\n|-resisted|p1a: Registeel\n|-damage|p1a: Registeel|116/262\n|\n|t:|1771195070\n|switch|p2a: Magnezone|Magnezone, L85|258/258|[from] U-turn\n|\n|upkeep\n|turn|14\n|\n|t:|1771195086\n|move|p2a: Magnezone|Body Press|p1a: Registeel\n|-supereffective|p1a: Registeel\n|-damage|p1a: Registeel|20/262\n|move|p1a: Registeel|Body Press|p2a: Magnezone\n|-supereffective|p2a: Magnezone\n|-damage|p2a: Magnezone|126/258\n|\n|upkeep\n|turn|15\n|\n|t:|1771195091\n|move|p2a: Magnezone|Body Press|p1a: Registeel\n|-supereffective|p1a: Registeel\n|-damage|p1a: Registeel|0 fnt\n|faint|p1a: Registeel\n|\n|upkeep\n|\n|t:|1771195095\n|switch|p1a: Pawmot|Pawmot, L80, F|243/243\n|turn|16\n|\n|t:|1771195102\n|move|p2a: Magnezone|Body Press|p1a: Pawmot\n|-damage|p1a: Pawmot|163/243\n|move|p1a: Pawmot|Revival Blessing|p1a: Pawmot\n|-enditem|p1a: Pawmot|Leppa Berry|[eat]\n|-activate|p1a: Pawmot|item: Leppa Berry|Revival Blessing|[consumed]\n|\n|t:|1771195113\n|-heal|p1: Registeel|131/262|[from] move: Revival Blessing\n|\n|upkeep\n|turn|17\n|\n|t:|1771195118\n|move|p2a: Magnezone|Body Press|p1a: Pawmot\n|-damage|p1a: Pawmot|86/243\n|move|p1a: Pawmot|Close Combat|p2a: Magnezone\n|-supereffective|p2a: Magnezone\n|-damage|p2a: Magnezone|0 fnt\n|-unboost|p1a: Pawmot|def|1\n|-unboost|p1a: Pawmot|spd|1\n|faint|p2a: Magnezone\n|\n|upkeep\n|\n|t:|1771195127\n|switch|p2a: Hawlucha|Hawlucha, L80, F|256/256\n|turn|18\n|\n|t:|1771195156\n|switch|p1a: Sylveon|Sylveon, L85, M|300/300\n|move|p2a: Hawlucha|Close Combat|p1a: Sylveon\n|-resisted|p1a: Sylveon\n|-damage|p1a: Sylveon|233/300\n|-unboost|p2a: Hawlucha|def|1\n|-unboost|p2a: Hawlucha|spd|1\n|-enditem|p2a: Hawlucha|White Herb\n|-clearnegativeboost|p2a: Hawlucha|[silent]\n|\n|-heal|p1a: Sylveon|251/300|[from] item: Leftovers\n|upkeep\n|turn|19\n|\n|t:|1771195167\n|switch|p2a: Overqwil|Overqwil, L82, F|217/274\n|-ability|p2a: Overqwil|Intimidate|boost\n|-unboost|p1a: Sylveon|atk|1\n|move|p1a: Sylveon|Protect||[still]\n|-fail|p1a: Sylveon\n|\n|-heal|p1a: Sylveon|269/300|[from] item: Leftovers\n|upkeep\n|turn|20\n|\n|t:|1771195187\n|switch|p1a: Registeel|Registeel, L81|131/262\n|move|p2a: Overqwil|Swords Dance|p2a: Overqwil\n|-boost|p2a: Overqwil|atk|2\n|\n|upkeep\n|turn|21\n|\n|t:|1771195198\n|move|p2a: Overqwil|Crunch|p1a: Registeel\n|-damage|p1a: Registeel|17/262\n|move|p1a: Registeel|Rest|p1a: Registeel\n|-status|p1a: Registeel|slp|[from] move: Rest\n|-heal|p1a: Registeel|262/262 slp|[silent]\n|-enditem|p1a: Registeel|Chesto Berry|[eat]\n|-curestatus|p1a: Registeel|slp|[msg]\n|\n|upkeep\n|turn|22\n|\n|t:|1771195202\n|switch|p2a: Volbeat|Volbeat, L90, M|263/263\n|move|p1a: Registeel|Iron Defense|p1a: Registeel\n|-boost|p1a: Registeel|def|2\n|\n|upkeep\n|turn|23\n|\n|t:|1771195206\n|switch|p1a: Pawmot|Pawmot, L80, F|86/243\n|move|p2a: Volbeat|Encore||[still]\n|-fail|p2a: Volbeat\n|\n|upkeep\n|turn|24\n|\n|t:|1771195210\n|move|p1a: Pawmot|Nuzzle|p2a: Volbeat\n|-crit|p2a: Volbeat\n|-damage|p2a: Volbeat|227/263\n|-status|p2a: Volbeat|par\n|cant|p2a: Volbeat|par\n|\n|upkeep\n|turn|25\n|\n|t:|1771195222\n|switch|p1a: Registeel|Registeel, L81|262/262\n|move|p2a: Volbeat|U-turn|p1a: Registeel\n|-resisted|p1a: Registeel\n|-crit|p1a: Registeel\n|-damage|p1a: Registeel|224/262\n|\n|t:|1771195226\n|switch|p2a: Hawlucha|Hawlucha, L80, F|256/256|[from] U-turn\n|\n|upkeep\n|turn|26\n|inactive|MeAndTheBorthers has 120 seconds left.\n|\n|t:|1771195263\n|switch|p1a: Sylveon|Sylveon, L85, M|269/300\n|move|p2a: Hawlucha|Swords Dance|p2a: Hawlucha\n|-boost|p2a: Hawlucha|atk|2\n|\n|-heal|p1a: Sylveon|287/300|[from] item: Leftovers\n|upkeep\n|turn|27\n|inactive|FalconLover87 has 120 seconds left.\n|l|☆FalconLover87\n|inactive|FalconLover87 disconnected and has a minute to reconnect!\n|player|p2|\n|j|☆FalconLover87\n|inactive|FalconLover87 reconnected and has 115 seconds left.\n|player|p2|FalconLover87|169|\n|\n|t:|1771195312\n|move|p1a: Sylveon|Protect|p1a: Sylveon\n|-singleturn|p1a: Sylveon|Protect\n|move|p2a: Hawlucha|Acrobatics|p1a: Sylveon\n|-activate|p1a: Sylveon|move: Protect\n|\n|-heal|p1a: Sylveon|300/300|[from] item: Leftovers\n|upkeep\n|turn|28\n|\n|t:|1771195322\n|move|p2a: Hawlucha|Encore|p1a: Sylveon\n|-start|p1a: Sylveon|Encore\n|move|p1a: Sylveon|Protect||[still]\n|-fail|p1a: Sylveon\n|\n|upkeep\n|turn|29\n|\n|t:|1771195327\n|switch|p1a: Necrozma|Necrozma, L80|132/286\n|move|p2a: Hawlucha|Swords Dance|p2a: Hawlucha\n|-boost|p2a: Hawlucha|atk|2\n|\n|upkeep\n|turn|30\n|\n|t:|1771195338\n|move|p2a: Hawlucha|Acrobatics|p1a: Necrozma\n|-damage|p1a: Necrozma|0 fnt\n|faint|p1a: Necrozma\n|\n|upkeep\n|\n|t:|1771195345\n|switch|p1a: Sylveon|Sylveon, L85, M|300/300\n|turn|31\n|inactive|FalconLover87 has 120 seconds left.\n|l|☆FalconLover87\n|inactive|FalconLover87 disconnected and has a minute to reconnect!\n|player|p2|\n|j|☆FalconLover87\n|inactive|FalconLover87 reconnected and has 95 seconds left.\n|player|p2|FalconLover87|169|\n|inactive|FalconLover87 has 90 seconds left.\n|\n|t:|1771195400\n|move|p2a: Hawlucha|Acrobatics|p1a: Sylveon\n|-damage|p1a: Sylveon|0 fnt\n|faint|p1a: Sylveon\n|\n|upkeep\n|inactive|MeAndTheBorthers has 120 seconds left.\n|\n|t:|1771195427\n|switch|p1a: Pawmot|Pawmot, L80, F|86/243\n|turn|32\n|\n|t:|1771195433\n|move|p2a: Hawlucha|Close Combat|p1a: Pawmot\n|-crit|p1a: Pawmot\n|-damage|p1a: Pawmot|0 fnt\n|-unboost|p2a: Hawlucha|def|1\n|-unboost|p2a: Hawlucha|spd|1\n|faint|p1a: Pawmot\n|\n|upkeep\n|\n|t:|1771195435\n|switch|p1a: Registeel|Registeel, L81|224/262\n|turn|33\n|\n|t:|1771195442\n|-terastallize|p1a: Registeel|Fighting\n|move|p2a: Hawlucha|Close Combat|p1a: Registeel\n|-damage|p1a: Registeel|16/262\n|-unboost|p2a: Hawlucha|def|1\n|-unboost|p2a: Hawlucha|spd|1\n|move|p1a: Registeel|Iron Head|p2a: Hawlucha\n|-damage|p2a: Hawlucha|114/256\n|\n|upkeep\n|turn|34\n|\n|t:|1771195446\n|move|p2a: Hawlucha|Acrobatics|p1a: Registeel\n|-supereffective|p1a: Registeel\n|-damage|p1a: Registeel|0 fnt\n|faint|p1a: Registeel\n|\n|win|FalconLover87\n|raw|MeAndTheBorthers's rating: 1806 &rarr; <strong>1784</strong><br />(-22 for losing)\n|raw|FalconLover87's rating: 1769 &rarr; <strong>1791</strong><br />(+22 for winning)\n", "inputlog": ">version 686819e5e19f8a7fd2345cfc5a08a5085efa2cc3\n>start {\"formatid\":\"gen9randombattle\",\"seed\":\"sodium,ca7fa6c5dc801ab370ae5c54832f03da\",\"rated\":\"Rated battle\"}\n>player p1 {\"name\":\"MeAndTheBorthers\",\"avatar\":\"iris-gen5bw2\",\"rating\":1806,\"seed\":\"sodium,1140ac9871e629c905bc8c2ea02b6aa9\"}\n>player p2 {\"name\":\"FalconLover87\",\"avatar\":\"169\",\"rating\":1769,\"seed\":\"sodium,008d80e088f4c9b80197b3fd8bcfbd78\"}\n>p1 move yawn\n>p2 move earthquake\n>p1 switch 5\n>p1 move avalanche\n>p2 move voltswitch\n>p2 switch 3\n>p1 switch 6\n>p2 move swordsdance\n>p1 move irondefense\n>p2 move crunch\n>p1 move irondefense\n>p2 switch 6\n>p1 switch 4\n>p2 move encore\n>p1 move nuzzle\n>p2 switch 3\n>p1 switch 6\n>p2 move earthquake\n>p1 switch 6\n>p2 move voltswitch\n>p1 switch 6\n>p2 move earthquake\n>p1 move recover\n>p2 move earthquake\n>p1 switch 2\n>p1 move photongeyser\n>p2 move knockoff\n>p2 switch 3\n>p1 switch 4\n>p2 move uturn\n>p2 switch 2\n>p1 move bodypress\n>p2 move bodypress\n>p1 move rest\n>p2 move bodypress\n>p1 switch 6\n>p1 move revivalblessing\n>p2 move bodypress\n>p1 switch 6\n>p1 move closecombat\n>p2 move bodypress\n>p2 switch 5\n>p1 switch 3\n>p2 move closecombat\n>p1 move protect\n>p2 switch 6\n>p1 switch 6\n>p2 move swordsdance\n>p1 move rest\n>p2 move crunch\n>p1 move irondefense\n>p2 switch 2\n>p1 switch 3\n>p2 move encore\n>p1 move nuzzle\n>p2 move uturn\n>p1 switch 3\n>p2 move uturn\n>p2 switch 6\n>p1 switch 6\n>p2 move swordsdance\n>p1 move protect\n>p2 move acrobatics\n>p1 move hypervoice\n>p2 move encore\n>p1 switch 4\n>p2 move swordsdance\n>p1 move photongeyser\n>p2 move acrobatics\n>p1 switch 4\n>p1 move hypervoice\n>p2 move acrobatics\n>p1 switch 3\n>p1 move nuzzle\n>p2 move closecombat\n>p1 switch 6\n>p1 move ironhead terastallize\n>p2 move closecombat\n>p1 move bodypress\n>p2 move acrobatics", "uploadtime": 1771195446, "views": 7, "formatid": "gen9randombattle", "rating": 1784, "private": 0, "password": null}