{"id": "gen9randombattle-2539966574", "format": "[Gen 9] Random Battle", "players": ["VizyViz", "Andybrick95"], "log": "|j|☆VizyViz\n|j|☆Andybrick95\n|t:|1771134965\n|gametype|singles\n|player|p1|VizyViz|miku-ground|1757\n|player|p2|Andybrick95|gambler|1705\n|gen|9\n|tier|[Gen 9] Random Battle\n|rated|\n|rule|Species Clause: Limit one of each Pokémon\n|rule|HP Percentage Mod: HP is shown in percentages\n|rule|Sleep Clause Mod: Limit one foe put to sleep\n|rule|Illusion Level Mod: Illusion disguises the Pokémon's true level\n|\n|t:|1771134965\n|teamsize|p1|6\n|teamsize|p2|6\n|start\n|switch|p1a: Brute Bonnet|Brute Bonnet, L81|312/312\n|switch|p2a: Hitmonchan|Hitmonchan, L87, M|229/229\n|turn|1\n|inactive|Battle timer is ON: inactive players will automatically lose when time's up. (requested by Andybrick95)\n|inactive|VizyViz also wants the timer to be on.\n|c|☆Andybrick95|glhf\n|c|☆VizyViz|u2\n|\n|t:|1771134984\n|move|p2a: Hitmonchan|Knock Off|p1a: Brute Bonnet\n|-resisted|p1a: Brute Bonnet\n|-damage|p1a: Brute Bonnet|274/312\n|-enditem|p1a: Brute Bonnet|Leftovers|[from] move: Knock Off|[of] p2a: Hitmonchan\n|move|p1a: Brute Bonnet|Spore|p2a: Hitmonchan\n|-status|p2a: Hitmonchan|slp|[from] move: Spore\n|\n|upkeep\n|turn|2\n|\n|t:|1771135004\n|-end|p1a: Brute Bonnet|Protosynthesis|[silent]\n|switch|p1a: Mamoswine|Mamoswine, L81, F|311/311\n|cant|p2a: Hitmonchan|slp\n|\n|upkeep\n|turn|3\n|\n|t:|1771135020\n|switch|p2a: Rotom|Rotom-Wash, L83|219/219\n|move|p1a: Mamoswine|Earthquake|p2a: Rotom\n|-immune|p2a: Rotom|[from] ability: Levitate\n|\n|upkeep\n|turn|4\n|\n|t:|1771135037\n|switch|p1a: Cyclizar|Cyclizar, L83, M|252/252\n|move|p2a: Rotom|Will-O-Wisp|p1a: Cyclizar\n|-status|p1a: Cyclizar|brn\n|\n|-damage|p1a: Cyclizar|237/252 brn|[from] brn\n|upkeep\n|turn|5\n|\n|t:|1771135057\n|move|p1a: Cyclizar|Shed Tail|p1a: Cyclizar\n|-start|p1a: Cyclizar|Substitute|[from] move: Shed Tail\n|-damage|p1a: Cyclizar|111/252 brn\n|\n|t:|1771135070\n|switch|p1a: Florges|Florges, L85, F|271/271|[from] Shed Tail\n|move|p2a: Rotom|Hydro Pump|p1a: Florges\n|-end|p1a: Florges|Substitute\n|\n|upkeep\n|turn|6\n|\n|t:|1771135075\n|move|p2a: Rotom|Volt Switch|p1a: Florges\n|-damage|p1a: Florges|220/271\n|\n|t:|1771135083\n|switch|p2a: Venusaur|Venusaur, L84, F|272/272|[from] Volt Switch\n|move|p1a: Florges|Calm Mind|p1a: Florges\n|-boost|p1a: Florges|spa|1\n|-boost|p1a: Florges|spd|1\n|\n|-heal|p1a: Florges|236/271|[from] item: Leftovers\n|upkeep\n|turn|7\n|\n|t:|1771135097\n|move|p2a: Venusaur|Sludge Bomb|p1a: Florges\n|-supereffective|p1a: Florges\n|-damage|p1a: Florges|152/271\n|move|p1a: Florges|Calm Mind|p1a: Florges\n|-boost|p1a: Florges|spa|1\n|-boost|p1a: Florges|spd|1\n|\n|-heal|p1a: Florges|168/271|[from] item: Leftovers\n|upkeep\n|turn|8\n|\n|t:|1771135106\n|move|p2a: Venusaur|Toxic|p1a: Florges\n|-status|p1a: Florges|tox\n|move|p1a: Florges|Synthesis|p1a: Florges\n|-heal|p1a: Florges|271/271 tox\n|\n|-damage|p1a: Florges|255/271 tox|[from] psn\n|upkeep\n|turn|9\n|\n|t:|1771135117\n|move|p2a: Venusaur|Sludge Bomb|p1a: Florges\n|-supereffective|p1a: Florges\n|-damage|p1a: Florges|195/271 tox\n|move|p1a: Florges|Tera Blast|p2a: Venusaur\n|-crit|p2a: Venusaur\n|-damage|p2a: Venusaur|103/272\n|\n|-heal|p2a: Venusaur|120/272|[from] item: Leftovers\n|-heal|p1a: Florges|211/271 tox|[from] item: Leftovers\n|-damage|p1a: Florges|179/271 tox|[from] psn\n|upkeep\n|turn|10\n|\n|t:|1771135121\n|move|p2a: Venusaur|Synthesis|p2a: Venusaur\n|-heal|p2a: Venusaur|256/272\n|move|p1a: Florges|Tera Blast|p2a: Venusaur\n|-damage|p2a: Venusaur|147/272\n|\n|-heal|p2a: Venusaur|164/272|[from] item: Leftovers\n|-heal|p1a: Florges|195/271 tox|[from] item: Leftovers\n|-damage|p1a: Florges|147/271 tox|[from] psn\n|upkeep\n|turn|11\n|\n|t:|1771135149\n|switch|p1a: Scizor|Scizor, L79, F|240/240\n|move|p2a: Venusaur|Energy Ball|p1a: Scizor\n|-resisted|p1a: Scizor\n|-damage|p1a: Scizor|215/240\n|-unboost|p1a: Scizor|spd|1\n|\n|-heal|p2a: Venusaur|181/272|[from] item: Leftovers\n|upkeep\n|turn|12\n|\n|t:|1771135164\n|switch|p2a: Toucannon|Toucannon, L88, M|284/284\n|move|p1a: Scizor|U-turn|p2a: Toucannon\n|-resisted|p2a: Toucannon\n|-damage|p2a: Toucannon|217/284\n|\n|t:|1771135179\n|switch|p1a: Mamoswine|Mamoswine, L81, F|311/311|[from] U-turn\n|\n|upkeep\n|turn|13\n|inactive|VizyViz has 120 seconds left.\n|\n|t:|1771135214\n|switch|p2a: Rotom|Rotom-Wash, L83|219/219\n|move|p1a: Mamoswine|Icicle Crash|p2a: Rotom\n|-resisted|p2a: Rotom\n|-damage|p2a: Rotom|161/219\n|-damage|p1a: Mamoswine|280/311|[from] item: Life Orb\n|\n|-heal|p2a: Rotom|174/219|[from] item: Leftovers\n|upkeep\n|turn|14\n|\n|t:|1771135222\n|switch|p1a: Cyclizar|Cyclizar, L83, M|195/252 brn\n|move|p2a: Rotom|Will-O-Wisp|p1a: Cyclizar|[miss]\n|-miss|p2a: Rotom|p1a: Cyclizar\n|\n|-heal|p2a: Rotom|187/219|[from] item: Leftovers\n|-damage|p1a: Cyclizar|180/252 brn|[from] brn\n|upkeep\n|turn|15\n|\n|t:|1771135241\n|switch|p1a: Florges|Florges, L85, F|147/271 tox\n|move|p2a: Rotom|Hydro Pump|p1a: Florges|[miss]\n|-miss|p2a: Rotom|p1a: Florges\n|\n|-heal|p2a: Rotom|200/219|[from] item: Leftovers\n|-heal|p1a: Florges|163/271 tox|[from] item: Leftovers\n|-damage|p1a: Florges|147/271 tox|[from] psn\n|upkeep\n|turn|16\n|\n|t:|1771135252\n|move|p2a: Rotom|Thunderbolt|p1a: Florges\n|-damage|p1a: Florges|78/271 tox\n|move|p1a: Florges|Synthesis|p1a: Florges\n|-heal|p1a: Florges|213/271 tox\n|\n|-heal|p2a: Rotom|213/219|[from] item: Leftovers\n|-heal|p1a: Florges|229/271 tox|[from] item: Leftovers\n|-damage|p1a: Florges|197/271 tox|[from] psn\n|upkeep\n|turn|17\n|\n|t:|1771135258\n|switch|p1a: Groudon|Groudon, L72|263/263\n|-weather|SunnyDay|[from] ability: Drought|[of] p1a: Groudon\n|move|p2a: Rotom|Thunderbolt|p1a: Groudon\n|-immune|p1a: Groudon\n|\n|-weather|SunnyDay|[upkeep]\n|-heal|p2a: Rotom|219/219|[from] item: Leftovers\n|upkeep\n|turn|18\n|inactive|VizyViz has 120 seconds left.\n|\n|t:|1771135279\n|switch|p1a: Brute Bonnet|Brute Bonnet, L81|274/312\n|-activate|p1a: Brute Bonnet|ability: Protosynthesis\n|-start|p1a: Brute Bonnet|protosynthesisatk\n|move|p2a: Rotom|Hydro Pump|p1a: Brute Bonnet\n|-resisted|p1a: Brute Bonnet\n|-damage|p1a: Brute Bonnet|247/312\n|\n|-weather|SunnyDay|[upkeep]\n|upkeep\n|turn|19\n|inactive|VizyViz has 120 seconds left.\n|\n|t:|1771135289\n|move|p2a: Rotom|Will-O-Wisp|p1a: Brute Bonnet\n|-status|p1a: Brute Bonnet|brn\n|move|p1a: Brute Bonnet|Crunch|p2a: Rotom\n|-crit|p2a: Rotom\n|-damage|p2a: Rotom|129/219\n|-unboost|p2a: Rotom|def|1\n|\n|-weather|SunnyDay|[upkeep]\n|-heal|p2a: Rotom|142/219|[from] item: Leftovers\n|-damage|p1a: Brute Bonnet|228/312 brn|[from] brn\n|upkeep\n|turn|20\n|inactive|VizyViz has 120 seconds left.\n|\n|t:|1771135303\n|switch|p2a: Hitmonchan|Hitmonchan, L87, M|229/229 slp\n|move|p1a: Brute Bonnet|Close Combat|p2a: Hitmonchan\n|-damage|p2a: Hitmonchan|166/229 slp\n|-unboost|p1a: Brute Bonnet|def|1\n|-unboost|p1a: Brute Bonnet|spd|1\n|\n|-weather|SunnyDay|[upkeep]\n|-heal|p2a: Hitmonchan|180/229 slp|[from] item: Leftovers\n|-damage|p1a: Brute Bonnet|209/312 brn|[from] brn\n|upkeep\n|turn|21\n|inactive|VizyViz has 120 seconds left.\n|\n|t:|1771135321\n|-end|p1a: Brute Bonnet|Protosynthesis|[silent]\n|switch|p1a: Mamoswine|Mamoswine, L81, F|280/311\n|cant|p2a: Hitmonchan|slp\n|\n|-weather|none\n|-heal|p2a: Hitmonchan|194/229 slp|[from] item: Leftovers\n|upkeep\n|turn|22\n|\n|t:|1771135328\n|cant|p2a: Hitmonchan|slp\n|move|p1a: Mamoswine|Stealth Rock|p2a: Hitmonchan\n|-sidestart|p2: Andybrick95|move: Stealth Rock\n|\n|-heal|p2a: Hitmonchan|208/229 slp|[from] item: Leftovers\n|upkeep\n|turn|23\n|\n|t:|1771135335\n|switch|p1a: Florges|Florges, L85, F|197/271 tox\n|-curestatus|p2a: Hitmonchan|slp|[msg]\n|move|p2a: Hitmonchan|Rapid Spin|p1a: Florges\n|-damage|p1a: Florges|147/271 tox\n|-boost|p2a: Hitmonchan|spe|1\n|-sideend|p2: Andybrick95|Stealth Rock|[from] move: Rapid Spin|[of] p2a: Hitmonchan\n|\n|-heal|p2a: Hitmonchan|222/229|[from] item: Leftovers\n|-heal|p1a: Florges|163/271 tox|[from] item: Leftovers\n|-damage|p1a: Florges|147/271 tox|[from] psn\n|upkeep\n|turn|24\n|\n|t:|1771135345\n|switch|p2a: Venusaur|Venusaur, L84, F|181/272\n|switch|p1a: Scizor|Scizor, L79, F|215/240\n|\n|-heal|p2a: Venusaur|198/272|[from] item: Leftovers\n|upkeep\n|turn|25\n|\n|t:|1771135351\n|move|p2a: Venusaur|Synthesis|p2a: Venusaur\n|-heal|p2a: Venusaur|272/272\n|move|p1a: Scizor|U-turn|p2a: Venusaur\n|-damage|p2a: Venusaur|131/272\n|\n|t:|1771135365\n|switch|p1a: Groudon|Groudon, L72|263/263|[from] U-turn\n|-weather|SunnyDay|[from] ability: Drought|[of] p1a: Groudon\n|\n|-weather|SunnyDay|[upkeep]\n|-heal|p2a: Venusaur|148/272|[from] item: Leftovers\n|upkeep\n|turn|26\n|\n|t:|1771135380\n|switch|p1a: Scizor|Scizor, L79, F|215/240\n|move|p2a: Venusaur|Synthesis|p2a: Venusaur\n|-heal|p2a: Venusaur|272/272\n|\n|-weather|SunnyDay|[upkeep]\n|upkeep\n|turn|27\n|\n|t:|1771135385\n|switch|p2a: Toucannon|Toucannon, L88, M|217/284\n|move|p1a: Scizor|U-turn|p2a: Toucannon\n|-resisted|p2a: Toucannon\n|-damage|p2a: Toucannon|151/284\n|\n|t:|1771135402\n|switch|p1a: Mamoswine|Mamoswine, L81, F|280/311|[from] U-turn\n|\n|-weather|SunnyDay|[upkeep]\n|upkeep\n|turn|28\n|\n|t:|1771135407\n|-singleturn|p2a: Toucannon|move: Beak Blast\n|move|p1a: Mamoswine|Icicle Crash|p2a: Toucannon\n|-supereffective|p2a: Toucannon\n|-damage|p2a: Toucannon|0 fnt\n|faint|p2a: Toucannon\n|-damage|p1a: Mamoswine|249/311|[from] item: Life Orb\n|\n|-weather|SunnyDay|[upkeep]\n|upkeep\n|\n|t:|1771135425\n|switch|p2a: Venusaur|Venusaur, L84, F|272/272\n|turn|29\n|\n|t:|1771135433\n|switch|p1a: Scizor|Scizor, L79, F|215/240\n|move|p2a: Venusaur|Energy Ball|p1a: Scizor\n|-resisted|p1a: Scizor\n|-damage|p1a: Scizor|187/240\n|\n|-weather|none\n|upkeep\n|turn|30\n|\n|t:|1771135441\n|move|p2a: Venusaur|Energy Ball|p1a: Scizor\n|-resisted|p1a: Scizor\n|-damage|p1a: Scizor|157/240\n|move|p1a: Scizor|U-turn|p2a: Venusaur\n|-damage|p2a: Venusaur|154/272\n|inactive|VizyViz has 120 seconds left.\n|\n|t:|1771135474\n|switch|p1a: Cyclizar|Cyclizar, L83, M|252/252 brn|[from] U-turn\n|\n|-heal|p2a: Venusaur|171/272|[from] item: Leftovers\n|-damage|p1a: Cyclizar|237/252 brn|[from] brn\n|upkeep\n|turn|31\n|\n|t:|1771135480\n|move|p1a: Cyclizar|Shed Tail|p1a: Cyclizar\n|-start|p1a: Cyclizar|Substitute|[from] move: Shed Tail\n|-damage|p1a: Cyclizar|111/252 brn\n|\n|t:|1771135483\n|switch|p1a: Groudon|Groudon, L72|263/263|[from] Shed Tail\n|-weather|SunnyDay|[from] ability: Drought|[of] p1a: Groudon\n|move|p2a: Venusaur|Synthesis|p2a: Venusaur\n|-heal|p2a: Venusaur|272/272\n|\n|-weather|SunnyDay|[upkeep]\n|upkeep\n|turn|32\n|\n|t:|1771135498\n|move|p2a: Venusaur|Energy Ball|p1a: Groudon\n|-supereffective|p1a: Groudon\n|-end|p1a: Groudon|Substitute\n|move|p1a: Groudon|Heat Crash|p2a: Venusaur\n|-supereffective|p2a: Venusaur\n|-damage|p2a: Venusaur|12/272\n|\n|-weather|SunnyDay|[upkeep]\n|-heal|p2a: Venusaur|29/272|[from] item: Leftovers\n|upkeep\n|turn|33\n|inactive|VizyViz has 120 seconds left.\n|\n|t:|1771135526\n|switch|p1a: Scizor|Scizor, L79, F|157/240\n|move|p2a: Venusaur|Energy Ball|p1a: Scizor\n|-resisted|p1a: Scizor\n|-damage|p1a: Scizor|119/240\n|\n|-weather|SunnyDay|[upkeep]\n|-heal|p2a: Venusaur|46/272|[from] item: Leftovers\n|upkeep\n|turn|34\n|inactive|VizyViz has 120 seconds left.\n|\n|t:|1771135536\n|switch|p2a: Rotom|Rotom-Wash, L83|142/219\n|move|p1a: Scizor|Bullet Punch|p2a: Rotom\n|-resisted|p2a: Rotom\n|-damage|p2a: Rotom|119/219\n|\n|-weather|SunnyDay|[upkeep]\n|-heal|p2a: Rotom|132/219|[from] item: Leftovers\n|upkeep\n|turn|35\n|inactive|VizyViz has 120 seconds left.\n|\n|t:|1771135547\n|switch|p1a: Cyclizar|Cyclizar, L83, M|195/252 brn\n|move|p2a: Rotom|Will-O-Wisp|p1a: Cyclizar\n|-fail|p1a: Cyclizar|brn\n|\n|-weather|none\n|-heal|p2a: Rotom|145/219|[from] item: Leftovers\n|-damage|p1a: Cyclizar|180/252 brn|[from] brn\n|upkeep\n|turn|36\n|inactive|VizyViz has 120 seconds left.\n|\n|t:|1771135566\n|switch|p1a: Brute Bonnet|Brute Bonnet, L81|209/312 brn\n|move|p2a: Rotom|Hydro Pump|p1a: Brute Bonnet\n|-resisted|p1a: Brute Bonnet\n|-damage|p1a: Brute Bonnet|154/312 brn\n|\n|-heal|p2a: Rotom|158/219|[from] item: Leftovers\n|-damage|p1a: Brute Bonnet|135/312 brn|[from] brn\n|upkeep\n|turn|37\n|inactive|VizyViz has 120 seconds left.\n|\n|t:|1771135593\n|-end|p1a: Brute Bonnet|Protosynthesis|[silent]\n|switch|p1a: Mamoswine|Mamoswine, L81, F|249/311\n|move|p2a: Rotom|Volt Switch|p1a: Mamoswine\n|-immune|p1a: Mamoswine\n|\n|-heal|p2a: Rotom|171/219|[from] item: Leftovers\n|upkeep\n|turn|38\n|\n|t:|1771135599\n|switch|p1a: Cyclizar|Cyclizar, L83, M|252/252 brn\n|move|p2a: Rotom|Will-O-Wisp|p1a: Cyclizar\n|-fail|p1a: Cyclizar|brn\n|\n|-heal|p2a: Rotom|184/219|[from] item: Leftovers\n|-damage|p1a: Cyclizar|237/252 brn|[from] brn\n|upkeep\n|turn|39\n|\n|t:|1771135608\n|move|p1a: Cyclizar|Knock Off|p2a: Rotom\n|-damage|p2a: Rotom|156/219\n|-enditem|p2a: Rotom|Leftovers|[from] move: Knock Off|[of] p1a: Cyclizar\n|move|p2a: Rotom|Volt Switch|p1a: Cyclizar\n|-resisted|p1a: Cyclizar\n|-damage|p1a: Cyclizar|188/252 brn\n|inactive|Andybrick95 has 120 seconds left.\n|\n|t:|1771135646\n|switch|p2a: Coalossal|Coalossal, L89, F|341/341|[from] Volt Switch\n|\n|-damage|p1a: Cyclizar|173/252 brn|[from] brn\n|upkeep\n|turn|40\n|inactive|Andybrick95 has 120 seconds left.\n|inactive|VizyViz has 120 seconds left.\n|\n|t:|1771135670\n|switch|p1a: Mamoswine|Mamoswine, L81, F|249/311\n|move|p2a: Coalossal|Spikes|p1a: Mamoswine\n|-sidestart|p1: VizyViz|Spikes\n|\n|upkeep\n|turn|41\n|inactive|Andybrick95 has 120 seconds left.\n|\n|t:|1771135697\n|-terastallize|p2a: Coalossal|Water\n|move|p1a: Mamoswine|Stealth Rock|p2a: Coalossal\n|-sidestart|p2: Andybrick95|move: Stealth Rock\n|move|p2a: Coalossal|Will-O-Wisp|p1a: Mamoswine\n|-status|p1a: Mamoswine|brn\n|\n|-damage|p1a: Mamoswine|230/311 brn|[from] brn\n|upkeep\n|turn|42\n|inactive|VizyViz has 120 seconds left.\n|\n|t:|1771135718\n|switch|p1a: Cyclizar|Cyclizar, L83, M|252/252 brn\n|switch|p2a: Hitmonchan|Hitmonchan, L87, M|222/229\n|-damage|p2a: Hitmonchan|208/229|[from] Stealth Rock\n|\n|-heal|p2a: Hitmonchan|222/229|[from] item: Leftovers\n|-damage|p1a: Cyclizar|237/252 brn|[from] brn\n|upkeep\n|turn|43\n|\n|t:|1771135745\n|move|p1a: Cyclizar|Shed Tail|p1a: Cyclizar\n|-start|p1a: Cyclizar|Substitute|[from] move: Shed Tail\n|-damage|p1a: Cyclizar|111/252 brn\n|\n|t:|1771135748\n|switch|p1a: Groudon|Groudon, L72|263/263|[from] Shed Tail\n|-damage|p1a: Groudon|231/263|[from] Spikes\n|-weather|SunnyDay|[from] ability: Drought|[of] p1a: Groudon\n|move|p2a: Hitmonchan|Drain Punch|p1a: Groudon\n|-end|p1a: Groudon|Substitute\n|-heal|p2a: Hitmonchan|229/229|[from] drain|[of] p1a: Groudon\n|\n|-weather|SunnyDay|[upkeep]\n|-heal|p1a: Groudon|247/263|[from] item: Leftovers\n|upkeep\n|turn|44\n|inactive|Andybrick95 has 90 seconds left.\n|inactive|VizyViz has 90 seconds left.\n|\n|t:|1771135779\n|move|p2a: Hitmonchan|Rapid Spin|p1a: Groudon\n|-damage|p1a: Groudon|214/263\n|-boost|p2a: Hitmonchan|spe|1\n|-sideend|p2: Andybrick95|Stealth Rock|[from] move: Rapid Spin|[of] p2a: Hitmonchan\n|move|p1a: Groudon|Thunder Wave|p2a: Hitmonchan\n|-status|p2a: Hitmonchan|par\n|\n|-weather|SunnyDay|[upkeep]\n|-heal|p1a: Groudon|230/263|[from] item: Leftovers\n|upkeep\n|turn|45\n|inactive|VizyViz has 90 seconds left.\n|\n|t:|1771135788\n|move|p1a: Groudon|Swords Dance|p1a: Groudon\n|-boost|p1a: Groudon|atk|2\n|move|p2a: Hitmonchan|Knock Off|p1a: Groudon\n|-damage|p1a: Groudon|166/263\n|-enditem|p1a: Groudon|Leftovers|[from] move: Knock Off|[of] p2a: Hitmonchan\n|\n|-weather|SunnyDay|[upkeep]\n|upkeep\n|turn|46\n|\n|t:|1771135797\n|-terastallize|p1a: Groudon|Fire\n|move|p1a: Groudon|Heat Crash|p2a: Hitmonchan\n|-damage|p2a: Hitmonchan|0 fnt\n|faint|p2a: Hitmonchan\n|\n|-weather|SunnyDay|[upkeep]\n|upkeep\n|\n|t:|1771135813\n|switch|p2a: Coalossal|Coalossal, L89, F, tera:Water|341/341\n|turn|47\n|\n|t:|1771135829\n|switch|p1a: Mamoswine|Mamoswine, L81, F|230/311 brn\n|-damage|p1a: Mamoswine|192/311 brn|[from] Spikes\n|move|p2a: Coalossal|Stone Edge|p1a: Mamoswine\n|-damage|p1a: Mamoswine|86/311 brn\n|\n|-weather|none\n|-damage|p1a: Mamoswine|67/311 brn|[from] brn\n|upkeep\n|turn|48\n|\n|t:|1771135837\n|move|p1a: Mamoswine|Stealth Rock|p2a: Coalossal\n|-sidestart|p2: Andybrick95|move: Stealth Rock\n|move|p2a: Coalossal|Spikes|p1a: Mamoswine\n|-sidestart|p1: VizyViz|Spikes\n|\n|-damage|p1a: Mamoswine|48/311 brn|[from] brn\n|upkeep\n|turn|49\n|\n|t:|1771135847\n|move|p1a: Mamoswine|Earthquake|p2a: Coalossal\n|-damage|p2a: Coalossal|279/341\n|-damage|p1a: Mamoswine|17/311 brn|[from] item: Life Orb\n|move|p2a: Coalossal|Stone Edge|p1a: Mamoswine\n|-damage|p1a: Mamoswine|0 fnt\n|faint|p1a: Mamoswine\n|\n|upkeep\n|\n|t:|1771135866\n|switch|p1a: Cyclizar|Cyclizar, L83, M|195/252 brn\n|turn|50\n|\n|t:|1771135883\n|move|p1a: Cyclizar|Rapid Spin|p2a: Coalossal\n|-damage|p2a: Coalossal|260/341\n|-boost|p1a: Cyclizar|spe|1\n|-sideend|p1: VizyViz|Spikes|[from] move: Rapid Spin|[of] p1a: Cyclizar\n|move|p2a: Coalossal|Stone Edge|p1a: Cyclizar\n|-damage|p1a: Cyclizar|60/252 brn\n|\n|-damage|p1a: Cyclizar|45/252 brn|[from] brn\n|upkeep\n|turn|51\n|\n|t:|1771135892\n|switch|p1a: Brute Bonnet|Brute Bonnet, L81|135/312 brn\n|move|p2a: Coalossal|Will-O-Wisp|p1a: Brute Bonnet\n|-fail|p1a: Brute Bonnet|brn\n|\n|-damage|p1a: Brute Bonnet|116/312 brn|[from] brn\n|upkeep\n|turn|52\n|inactive|Andybrick95 has 120 seconds left.\n|\n|t:|1771135915\n|-end|p1a: Brute Bonnet|Protosynthesis|[silent]\n|switch|p1a: Cyclizar|Cyclizar, L83, M|129/252 brn\n|switch|p2a: Venusaur|Venusaur, L84, F|46/272\n|-damage|p2a: Venusaur|12/272|[from] Stealth Rock\n|\n|-heal|p2a: Venusaur|29/272|[from] item: Leftovers\n|-damage|p1a: Cyclizar|114/252 brn|[from] brn\n|upkeep\n|turn|53\n|inactive|Andybrick95 has 120 seconds left.\n|\n|t:|1771135933\n|move|p1a: Cyclizar|Knock Off|p2a: Venusaur\n|-damage|p2a: Venusaur|0 fnt\n|-enditem|p2a: Venusaur|Leftovers|[from] move: Knock Off|[of] p1a: Cyclizar\n|faint|p2a: Venusaur\n|\n|-damage|p1a: Cyclizar|99/252 brn|[from] brn\n|upkeep\n|inactive|Andybrick95 has 120 seconds left.\n|inactive|Andybrick95 has 90 seconds left.\n|\n|t:|1771135973\n|switch|p2a: Rotom|Rotom-Wash, L83|156/219\n|-damage|p2a: Rotom|129/219|[from] Stealth Rock\n|turn|54\n|\n|t:|1771135981\n|switch|p1a: Brute Bonnet|Brute Bonnet, L81|116/312 brn\n|move|p2a: Rotom|Volt Switch|p1a: Brute Bonnet\n|-resisted|p1a: Brute Bonnet\n|-damage|p1a: Brute Bonnet|80/312 brn\n|inactive|Andybrick95 has 90 seconds left.\n|\n|t:|1771135998\n|switch|p2a: Tentacruel|Tentacruel, L84, M|272/272|[from] Volt Switch\n|-damage|p2a: Tentacruel|238/272|[from] Stealth Rock\n|\n|-heal|p2a: Tentacruel|255/272|[from] item: Leftovers\n|-damage|p1a: Brute Bonnet|61/312 brn|[from] brn\n|upkeep\n|turn|55\n|inactive|Andybrick95 has 90 seconds left.\n|\n|t:|1771136017\n|-end|p1a: Brute Bonnet|Protosynthesis|[silent]\n|switch|p1a: Scizor|Scizor, L79, F|119/240\n|move|p2a: Tentacruel|Surf|p1a: Scizor\n|-damage|p1a: Scizor|26/240\n|\n|-heal|p2a: Tentacruel|272/272|[from] item: Leftovers\n|upkeep\n|turn|56\n|\n|t:|1771136025\n|switch|p1a: Brute Bonnet|Brute Bonnet, L81|61/312 brn\n|move|p2a: Tentacruel|Surf|p1a: Brute Bonnet\n|-resisted|p1a: Brute Bonnet\n|-crit|p1a: Brute Bonnet\n|-damage|p1a: Brute Bonnet|7/312 brn\n|\n|-damage|p1a: Brute Bonnet|0 fnt|[from] brn\n|faint|p1a: Brute Bonnet\n|-end|p1a: Brute Bonnet|Protosynthesis|[silent]\n|upkeep\n|inactive|VizyViz has 90 seconds left.\n|\n|t:|1771136053\n|switch|p1a: Groudon|Groudon, L72, tera:Fire|166/263\n|-weather|SunnyDay|[from] ability: Drought|[of] p1a: Groudon\n|turn|57\n|\n|t:|1771136057\n|move|p2a: Tentacruel|Flip Turn|p1a: Groudon\n|-supereffective|p1a: Groudon\n|-damage|p1a: Groudon|128/263\n|\n|t:|1771136060\n|switch|p2a: Rotom|Rotom-Wash, L83|129/219|[from] Flip Turn\n|-damage|p2a: Rotom|102/219|[from] Stealth Rock\n|move|p1a: Groudon|Precipice Blades|p2a: Rotom\n|-immune|p2a: Rotom|[from] ability: Levitate\n|\n|-weather|SunnyDay|[upkeep]\n|upkeep\n|turn|58\n|inactive|Andybrick95 has 120 seconds left.\n|\n|t:|1771136074\n|switch|p1a: Cyclizar|Cyclizar, L83, M|183/252 brn\n|move|p2a: Rotom|Volt Switch|p1a: Cyclizar\n|-resisted|p1a: Cyclizar\n|-damage|p1a: Cyclizar|137/252 brn\n|\n|t:|1771136085\n|switch|p2a: Coalossal|Coalossal, L89, F, tera:Water|260/341|[from] Volt Switch\n|\n|-weather|SunnyDay|[upkeep]\n|-damage|p1a: Cyclizar|122/252 brn|[from] brn\n|upkeep\n|turn|59\n|\n|t:|1771136094\n|switch|p1a: Florges|Florges, L85, F|147/271 tox\n|move|p2a: Coalossal|Stone Edge|p1a: Florges|[miss]\n|-miss|p2a: Coalossal|p1a: Florges\n|\n|-weather|SunnyDay|[upkeep]\n|-heal|p1a: Florges|163/271 tox|[from] item: Leftovers\n|-damage|p1a: Florges|147/271 tox|[from] psn\n|upkeep\n|turn|60\n|\n|t:|1771136101\n|move|p1a: Florges|Moonblast|p2a: Coalossal\n|-damage|p2a: Coalossal|145/341\n|move|p2a: Coalossal|Spikes|p1a: Florges\n|-sidestart|p1: VizyViz|Spikes\n|\n|-weather|SunnyDay|[upkeep]\n|-heal|p1a: Florges|163/271 tox|[from] item: Leftovers\n|-damage|p1a: Florges|131/271 tox|[from] psn\n|upkeep\n|turn|61\n|inactive|Andybrick95 has 120 seconds left.\n|\n|t:|1771136118\n|switch|p2a: Tentacruel|Tentacruel, L84, M|272/272\n|-damage|p2a: Tentacruel|238/272|[from] Stealth Rock\n|move|p1a: Florges|Moonblast|p2a: Tentacruel\n|-resisted|p2a: Tentacruel\n|-damage|p2a: Tentacruel|195/272\n|\n|-weather|none\n|-heal|p2a: Tentacruel|212/272|[from] item: Leftovers\n|-heal|p1a: Florges|147/271 tox|[from] item: Leftovers\n|-damage|p1a: Florges|99/271 tox|[from] psn\n|upkeep\n|turn|62\n|\n|t:|1771136125\n|move|p2a: Tentacruel|Sludge Bomb|p1a: Florges\n|-supereffective|p1a: Florges\n|-damage|p1a: Florges|0 fnt\n|faint|p1a: Florges\n|\n|-heal|p2a: Tentacruel|229/272|[from] item: Leftovers\n|upkeep\n|\n|t:|1771136137\n|switch|p1a: Cyclizar|Cyclizar, L83, M|206/252 brn\n|turn|63\n|\n|t:|1771136146\n|move|p1a: Cyclizar|Knock Off|p2a: Tentacruel\n|-damage|p2a: Tentacruel|187/272\n|-enditem|p2a: Tentacruel|Leftovers|[from] move: Knock Off|[of] p1a: Cyclizar\n|move|p2a: Tentacruel|Sludge Bomb|p1a: Cyclizar\n|-damage|p1a: Cyclizar|110/252 brn\n|\n|-damage|p1a: Cyclizar|95/252 brn|[from] brn\n|upkeep\n|turn|64\n|\n|t:|1771136153\n|switch|p1a: Scizor|Scizor, L79, F|26/240\n|-damage|p1a: Scizor|0 fnt|[from] Spikes\n|faint|p1a: Scizor\n|move|p2a: Tentacruel|Surf|p1: Scizor|[notarget]\n|-fail|p2a: Tentacruel\n|\n|upkeep\n|inactive|VizyViz has 120 seconds left.\n|c|☆Andybrick95|I just want to have it on record that this has been a fantastic game, and I've really enjoyed battling you\n|c|☆VizyViz|ty\n|inactive|VizyViz has 90 seconds left.\n|\n|t:|1771136213\n|switch|p1a: Cyclizar|Cyclizar, L83, M|179/252 brn\n|turn|65\n|inactive|VizyViz has 90 seconds left.\n|\n|t:|1771136229\n|move|p1a: Cyclizar|Draco Meteor|p2a: Tentacruel|[miss]\n|-miss|p1a: Cyclizar|p2a: Tentacruel\n|move|p2a: Tentacruel|Sludge Bomb|p1a: Cyclizar\n|-damage|p1a: Cyclizar|76/252 brn\n|\n|-damage|p1a: Cyclizar|61/252 brn|[from] brn\n|upkeep\n|turn|66\n|inactive|VizyViz has 90 seconds left.\n|\n|t:|1771136244\n|switch|p1a: Groudon|Groudon, L72, tera:Fire|128/263\n|-damage|p1a: Groudon|96/263|[from] Spikes\n|-weather|SunnyDay|[from] ability: Drought|[of] p1a: Groudon\n|move|p2a: Tentacruel|Flip Turn|p1a: Groudon\n|-supereffective|p1a: Groudon\n|-damage|p1a: Groudon|58/263\n|\n|t:|1771136247\n|switch|p2a: Rotom|Rotom-Wash, L83|102/219|[from] Flip Turn\n|-damage|p2a: Rotom|75/219|[from] Stealth Rock\n|\n|-weather|SunnyDay|[upkeep]\n|upkeep\n|turn|67\n|\n|t:|1771136251\n|switch|p1a: Cyclizar|Cyclizar, L83, M|145/252 brn\n|move|p2a: Rotom|Thunderbolt|p1a: Cyclizar\n|-resisted|p1a: Cyclizar\n|-damage|p1a: Cyclizar|81/252 brn\n|\n|-weather|SunnyDay|[upkeep]\n|-damage|p1a: Cyclizar|66/252 brn|[from] brn\n|upkeep\n|turn|68\n|\n|t:|1771136257\n|move|p1a: Cyclizar|Draco Meteor|p2a: Rotom\n|-damage|p2a: Rotom|0 fnt\n|-unboost|p1a: Cyclizar|spa|2\n|faint|p2a: Rotom\n|\n|-weather|SunnyDay|[upkeep]\n|-damage|p1a: Cyclizar|51/252 brn|[from] brn\n|upkeep\n|\n|t:|1771136265\n|switch|p2a: Tentacruel|Tentacruel, L84, M|187/272\n|-damage|p2a: Tentacruel|153/272|[from] Stealth Rock\n|turn|69\n|\n|t:|1771136269\n|switch|p1a: Groudon|Groudon, L72, tera:Fire|58/263\n|-damage|p1a: Groudon|26/263|[from] Spikes\n|move|p2a: Tentacruel|Surf|p1a: Groudon\n|-supereffective|p1a: Groudon\n|-damage|p1a: Groudon|0 fnt\n|faint|p1a: Groudon\n|\n|-weather|SunnyDay|[upkeep]\n|upkeep\n|\n|t:|1771136271\n|switch|p1a: Cyclizar|Cyclizar, L83, M|135/252 brn\n|turn|70\n|inactive|VizyViz has 120 seconds left.\n|\n|t:|1771136287\n|move|p1a: Cyclizar|Draco Meteor|p2a: Tentacruel\n|-damage|p2a: Tentacruel|53/272\n|-unboost|p1a: Cyclizar|spa|2\n|move|p2a: Tentacruel|Sludge Bomb|p1a: Cyclizar\n|-damage|p1a: Cyclizar|32/252 brn\n|\n|-weather|none\n|-damage|p1a: Cyclizar|17/252 brn|[from] brn\n|upkeep\n|turn|71\n|\n|t:|1771136291\n|move|p1a: Cyclizar|Draco Meteor|p2a: Tentacruel\n|-damage|p2a: Tentacruel|2/272\n|-unboost|p1a: Cyclizar|spa|2\n|move|p2a: Tentacruel|Sludge Bomb|p1a: Cyclizar\n|-damage|p1a: Cyclizar|0 fnt\n|faint|p1a: Cyclizar\n|\n|win|Andybrick95\n|raw|VizyViz's rating: 1757 &rarr; <strong>1734</strong><br />(-23 for losing)\n|raw|Andybrick95's rating: 1705 &rarr; <strong>1728</strong><br />(+23 for winning)\n|c|☆VizyViz|gg\n|c|☆Andybrick95|gg!\n|l|☆VizyViz\n|player|p1|\n", "inputlog": ">version 686819e5e19f8a7fd2345cfc5a08a5085efa2cc3\n>start {\"formatid\":\"gen9randombattle\",\"seed\":\"sodium,ff9811f80d9e00da78eb992f77cbc59f\",\"rated\":\"Rated battle\"}\n>player p1 {\"name\":\"VizyViz\",\"avatar\":\"miku-ground\",\"rating\":1757,\"seed\":\"sodium,2d3ce6afb7c41c60ad663bf06088f279\"}\n>player p2 {\"name\":\"Andybrick95\",\"avatar\":\"gambler\",\"rating\":1705,\"seed\":\"sodium,7f1016df9edd7a1f7caac76debcd62d0\"}\n>chat ☆Andybrick95|glhf\n>chat ☆VizyViz|u2\n>p1 move spore\n>p2 move knockoff\n>p1 switch 6\n>p2 move drainpunch\n>p1 move earthquake\n>p2 switch 4\n>p1 switch 2\n>p2 move willowisp\n>p1 move shedtail\n>p2 move hydropump\n>p1 switch 3\n>p1 move calmmind\n>p2 move voltswitch\n>p2 switch 2\n>p1 move calmmind\n>p2 move sludgebomb\n>p1 move synthesis\n>p2 move toxic\n>p1 move terablast\n>p2 move sludgebomb\n>p1 move terablast\n>p2 move synthesis\n>p1 switch 5\n>p2 move energyball\n>p1 move uturn\n>p2 switch 5\n>p1 switch 2\n>p1 move iciclecrash\n>p2 switch 2\n>p1 switch 3\n>p2 move willowisp\n>p1 switch 5\n>p2 move hydropump\n>p1 move synthesis\n>p2 move thunderbolt\n>p1 switch 4\n>p2 move thunderbolt\n>p1 switch 6\n>p2 move hydropump\n>p1 move crunch\n>p2 move willowisp\n>p1 move closecombat\n>p2 switch 4\n>p1 switch 3\n>p2 move rapidspin\n>p1 move stealthrock\n>p2 move drainpunch\n>p1 switch 4\n>p2 move rapidspin\n>p1 switch 2\n>p2 switch 5\n>p1 move uturn\n>p2 move synthesis\n>p1 switch 6\n>p1 switch 6\n>p2 move synthesis\n>p1 move uturn\n>p2 switch 2\n>p1 switch 4\n>p1 move iciclecrash\n>p2 move beakblast\n>p2 switch 2\n>p1 switch 4\n>p2 move energyball\n>p1 move uturn\n>p2 move energyball\n>p1 switch 5\n>p1 move shedtail\n>p2 move synthesis\n>p1 switch 6\n>p1 move heatcrash\n>p2 move energyball\n>p1 switch 5\n>p2 move energyball\n>p1 move bulletpunch\n>p2 switch 4\n>p1 switch 6\n>p2 move willowisp\n>p1 switch 3\n>p2 move hydropump\n>p1 switch 4\n>p2 move voltswitch\n>p1 switch 3\n>p2 move willowisp\n>p1 move knockoff\n>p2 move voltswitch\n>p2 switch 6\n>p1 switch 3\n>p2 move spikes\n>p1 move stealthrock\n>p2 move willowisp terastallize\n>p1 switch 3\n>p2 switch 5\n>p1 move shedtail\n>p2 move drainpunch\n>p1 switch 5\n>p1 move thunderwave\n>p2 move rapidspin\n>p1 move swordsdance\n>p2 move knockoff\n>p1 move heatcrash terastallize\n>p2 move drainpunch\n>p2 switch 5\n>p1 switch 3\n>p2 move stoneedge\n>p1 move stealthrock\n>p2 move spikes\n>p1 move earthquake\n>p2 move stoneedge\n>p1 switch 5\n>p1 move rapidspin\n>p2 move stoneedge\n>p1 switch 4\n>p2 move willowisp\n>p1 switch 4\n>p2 switch 4\n>p1 move knockoff\n>p2 move synthesis\n>p2 switch 6\n>p1 switch 4\n>p2 move voltswitch\n>p2 switch 3\n>p1 switch 6\n>p2 move surf\n>p1 switch 6\n>p2 move surf\n>p1 switch 3\n>p1 move precipiceblades\n>p2 move flipturn\n>p2 switch 3\n>p1 switch 4\n>p2 move voltswitch\n>p2 switch 4\n>p1 switch 2\n>p2 move stoneedge\n>p1 move moonblast\n>p2 move spikes\n>p1 move moonblast\n>p2 switch 3\n>p1 move synthesis\n>p2 move sludgebomb\n>p1 switch 2\n>p1 move knockoff\n>p2 move sludgebomb\n>p1 switch 6\n>p2 move surf\n>chat ☆Andybrick95|I just want to have it on record that this has been a fantastic game, and I've really enjoyed battling you\n>chat ☆VizyViz|ty\n>p1 switch 6\n>p1 move dracometeor\n>p2 move sludgebomb\n>p1 switch 4\n>p2 move flipturn\n>p2 switch 4\n>p1 switch 4\n>p2 move thunderbolt\n>p1 move dracometeor\n>p2 move thunderbolt\n>p2 switch 4\n>p1 switch 4\n>p2 move surf\n>p1 switch 4\n>p1 move dracometeor\n>p2 move sludgebomb\n>p1 move dracometeor\n>p2 move sludgebomb", "uploadtime": 1771136299, "views": 15, "formatid": "gen9randombattle", "rating": 1728, "private": 0, "password": null}