{"id": "gen9randombattle-2540603533", "format": "[Gen 9] Random Battle", "players": ["Blindassbat", "DonovanIsNotHere"], "log": "|j|☆Blindassbat\n|j|☆DonovanIsNotHere\n|t:|1771225508\n|gametype|singles\n|player|p1|Blindassbat|dancer|1559\n|player|p2|DonovanIsNotHere|102|1609\n|gen|9\n|tier|[Gen 9] Random Battle\n|rated|\n|rule|Species Clause: Limit one of each Pokémon\n|rule|HP Percentage Mod: HP is shown in percentages\n|rule|Sleep Clause Mod: Limit one foe put to sleep\n|rule|Illusion Level Mod: Illusion disguises the Pokémon's true level\n|\n|t:|1771225508\n|teamsize|p1|6\n|teamsize|p2|6\n|start\n|switch|p1a: Kricketune|Kricketune, L99, F|311/311\n|switch|p2a: Iron Crown|Iron Crown, L78|268/268\n|turn|1\n|\n|t:|1771225536\n|-end|p2a: Iron Crown|Quark Drive|[silent]\n|switch|p2a: Shaymin|Shaymin, L82|298/298\n|move|p1a: Kricketune|Knock Off|p2a: Shaymin\n|-damage|p2a: Shaymin|219/298\n|-enditem|p2a: Shaymin|Leftovers|[from] move: Knock Off|[of] p1a: Kricketune\n|\n|upkeep\n|turn|2\n|\n|t:|1771225543\n|move|p2a: Shaymin|Air Slash|p1a: Kricketune\n|-supereffective|p1a: Kricketune\n|-damage|p1a: Kricketune|193/311\n|cant|p1a: Kricketune|flinch\n|\n|upkeep\n|turn|3\n|\n|t:|1771225547\n|switch|p1a: Camerupt|Camerupt, L91, F|275/275\n|move|p2a: Shaymin|Substitute|p2a: Shaymin\n|-start|p2a: Shaymin|Substitute\n|-damage|p2a: Shaymin|145/298\n|\n|upkeep\n|turn|4\n|\n|t:|1771225553\n|move|p2a: Shaymin|Leech Seed|p1a: Camerupt\n|-start|p1a: Camerupt|move: Leech Seed\n|move|p1a: Camerupt|Stealth Rock|p2a: Shaymin\n|-sidestart|p2: DonovanIsNotHere|move: Stealth Rock\n|\n|-damage|p1a: Camerupt|241/275|[from] Leech Seed|[of] p2a: Shaymin\n|-heal|p2a: Shaymin|179/298|[silent]\n|upkeep\n|turn|5\n|\n|t:|1771225557\n|move|p2a: Shaymin|Seed Flare|p1a: Camerupt\n|-damage|p1a: Camerupt|105/275\n|-unboost|p1a: Camerupt|spd|2\n|move|p1a: Camerupt|Overheat|p2a: Shaymin\n|-supereffective|p2a: Shaymin\n|-end|p2a: Shaymin|Substitute\n|-unboost|p1a: Camerupt|spa|2\n|\n|-heal|p1a: Camerupt|122/275|[from] item: Leftovers\n|-damage|p1a: Camerupt|88/275|[from] Leech Seed|[of] p2a: Shaymin\n|-heal|p2a: Shaymin|213/298|[silent]\n|upkeep\n|turn|6\n|\n|t:|1771225568\n|move|p2a: Shaymin|Air Slash|p1a: Camerupt\n|-damage|p1a: Camerupt|0 fnt\n|faint|p1a: Camerupt\n|\n|upkeep\n|\n|t:|1771225581\n|switch|p1a: Archaludon|Archaludon, L78, F|268/268\n|turn|7\n|\n|t:|1771225585\n|move|p2a: Shaymin|Leech Seed|p1a: Archaludon\n|-start|p1a: Archaludon|move: Leech Seed\n|move|p1a: Archaludon|Body Press|p2a: Shaymin\n|-damage|p2a: Shaymin|153/298\n|\n|-damage|p1a: Archaludon|235/268|[from] Leech Seed|[of] p2a: Shaymin\n|-heal|p2a: Shaymin|186/298|[silent]\n|upkeep\n|turn|8\n|\n|t:|1771225606\n|switch|p2a: Sunflora|Sunflora, F|312/312\n|-damage|p2a: Sunflora|273/312|[from] Stealth Rock\n|switch|p1a: Kricketune|Kricketune, L99, F|193/311\n|\n|upkeep\n|turn|9\n|\n|t:|1771225615\n|switch|p2a: Hitmontop|Hitmontop, L88, M|231/231\n|-damage|p2a: Hitmontop|217/231|[from] Stealth Rock\n|-ability|p2a: Hitmontop|Intimidate|boost\n|-unboost|p1a: Kricketune|atk|1\n|move|p1a: Kricketune|Sticky Web|p2a: Hitmontop\n|-sidestart|p2: DonovanIsNotHere|move: Sticky Web\n|\n|upkeep\n|turn|10\n|\n|t:|1771225626\n|-terastallize|p1a: Kricketune|Ghost\n|move|p1a: Kricketune|Pounce|p2a: Hitmontop\n|-resisted|p2a: Hitmontop\n|-damage|p2a: Hitmontop|186/231\n|-unboost|p2a: Hitmontop|spe|1\n|move|p2a: Hitmontop|Rapid Spin|p1a: Kricketune\n|-immune|p1a: Kricketune\n|\n|upkeep\n|turn|11\n|\n|t:|1771225644\n|switch|p1a: Fezandipiti|Fezandipiti, L82, M|278/278\n|switch|p2a: Grimmsnarl|Grimmsnarl, L83, M|293/293\n|-damage|p2a: Grimmsnarl|257/293|[from] Stealth Rock\n|-activate|p2a: Grimmsnarl|move: Sticky Web\n|-unboost|p2a: Grimmsnarl|spe|1\n|\n|-heal|p2a: Grimmsnarl|275/293|[from] item: Leftovers\n|upkeep\n|turn|12\n|\n|t:|1771225652\n|switch|p2a: Iron Crown|Iron Crown, L78|268/268\n|-damage|p2a: Iron Crown|252/268|[from] Stealth Rock\n|-activate|p2a: Iron Crown|move: Sticky Web\n|-unboost|p2a: Iron Crown|spe|1\n|move|p1a: Fezandipiti|Moonblast|p2a: Iron Crown\n|-resisted|p2a: Iron Crown\n|-damage|p2a: Iron Crown|216/268\n|-unboost|p2a: Iron Crown|spa|1\n|\n|-heal|p2a: Iron Crown|232/268|[from] item: Leftovers\n|upkeep\n|turn|13\n|\n|t:|1771225661\n|move|p1a: Fezandipiti|Beat Up|p2a: Iron Crown\n|-supereffective|p2a: Iron Crown\n|-damage|p2a: Iron Crown|212/268\n|-supereffective|p2a: Iron Crown\n|-damage|p2a: Iron Crown|192/268\n|-supereffective|p2a: Iron Crown\n|-damage|p2a: Iron Crown|174/268\n|-supereffective|p2a: Iron Crown\n|-damage|p2a: Iron Crown|156/268\n|-supereffective|p2a: Iron Crown\n|-crit|p2a: Iron Crown\n|-damage|p2a: Iron Crown|122/268\n|-hitcount|p2a: Iron Crown|5\n|move|p2a: Iron Crown|Psyshock|p1a: Fezandipiti\n|-supereffective|p1a: Fezandipiti\n|-damage|p1a: Fezandipiti|140/278\n|\n|-heal|p1a: Fezandipiti|157/278|[from] item: Leftovers\n|-heal|p2a: Iron Crown|138/268|[from] item: Leftovers\n|upkeep\n|turn|14\n|inactive|Battle timer is ON: inactive players will automatically lose when time's up. (requested by DonovanIsNotHere)\n|\n|t:|1771225675\n|switch|p1a: Kricketune|Kricketune, L99, F, tera:Ghost|193/311\n|-end|p2a: Iron Crown|Quark Drive|[silent]\n|switch|p2a: Hitmontop|Hitmontop, L88, M|186/231\n|-damage|p2a: Hitmontop|172/231|[from] Stealth Rock\n|-activate|p2a: Hitmontop|move: Sticky Web\n|-unboost|p2a: Hitmontop|spe|1\n|-ability|p2a: Hitmontop|Intimidate|boost\n|-unboost|p1a: Kricketune|atk|1\n|\n|upkeep\n|turn|15\n|\n|t:|1771225687\n|switch|p2a: Grimmsnarl|Grimmsnarl, L83, M|275/293\n|-damage|p2a: Grimmsnarl|239/293|[from] Stealth Rock\n|-activate|p2a: Grimmsnarl|move: Sticky Web\n|-unboost|p2a: Grimmsnarl|spe|1\n|move|p1a: Kricketune|Knock Off|p2a: Grimmsnarl\n|-resisted|p2a: Grimmsnarl\n|-damage|p2a: Grimmsnarl|221/293\n|-enditem|p2a: Grimmsnarl|Leftovers|[from] move: Knock Off|[of] p1a: Kricketune\n|\n|upkeep\n|turn|16\n|inactive|DonovanIsNotHere has 120 seconds left.\n|\n|t:|1771225722\n|move|p1a: Kricketune|Pounce|p2a: Grimmsnarl\n|-damage|p2a: Grimmsnarl|131/293\n|-unboost|p2a: Grimmsnarl|spe|1\n|move|p2a: Grimmsnarl|Spirit Break|p1a: Kricketune\n|-damage|p1a: Kricketune|81/311\n|-unboost|p1a: Kricketune|spa|1\n|\n|upkeep\n|turn|17\n|\n|t:|1771225728\n|move|p2a: Grimmsnarl|Sucker Punch||[still]\n|-fail|p2a: Grimmsnarl\n|move|p1a: Kricketune|Taunt|p2a: Grimmsnarl\n|-start|p2a: Grimmsnarl|move: Taunt\n|\n|upkeep\n|turn|18\n|\n|t:|1771225735\n|move|p2a: Grimmsnarl|Sucker Punch|p1a: Kricketune\n|-supereffective|p1a: Kricketune\n|-damage|p1a: Kricketune|0 fnt\n|faint|p1a: Kricketune\n|\n|upkeep\n|\n|t:|1771225761\n|switch|p1a: Greedent|Greedent, L86, F|347/347\n|turn|19\n|\n|t:|1771225773\n|move|p1a: Greedent|Swords Dance|p1a: Greedent\n|-boost|p1a: Greedent|atk|2\n|move|p2a: Grimmsnarl|Spirit Break|p1a: Greedent\n|-damage|p1a: Greedent|254/347\n|-unboost|p1a: Greedent|spa|1\n|\n|upkeep\n|turn|20\n|\n|t:|1771225778\n|move|p1a: Greedent|Body Slam|p2a: Grimmsnarl\n|-damage|p2a: Grimmsnarl|0 fnt\n|faint|p2a: Grimmsnarl\n|\n|upkeep\n|\n|t:|1771225781\n|switch|p2a: Hitmontop|Hitmontop, L88, M|172/231\n|-damage|p2a: Hitmontop|158/231|[from] Stealth Rock\n|-activate|p2a: Hitmontop|move: Sticky Web\n|-unboost|p2a: Hitmontop|spe|1\n|-ability|p2a: Hitmontop|Intimidate|boost\n|-unboost|p1a: Greedent|atk|1\n|turn|21\n|\n|t:|1771225787\n|move|p2a: Hitmontop|Rapid Spin|p1a: Greedent\n|-damage|p1a: Greedent|220/347\n|-boost|p2a: Hitmontop|spe|1\n|-sideend|p2: DonovanIsNotHere|Stealth Rock|[from] move: Rapid Spin|[of] p2a: Hitmontop\n|-sideend|p2: DonovanIsNotHere|Sticky Web|[from] move: Rapid Spin|[of] p2a: Hitmontop\n|move|p1a: Greedent|Body Slam|p2a: Hitmontop\n|-damage|p2a: Hitmontop|23/231\n|\n|upkeep\n|turn|22\n|\n|t:|1771225794\n|move|p2a: Hitmontop|Close Combat|p1a: Greedent\n|-supereffective|p1a: Greedent\n|-damage|p1a: Greedent|0 fnt\n|-unboost|p2a: Hitmontop|def|1\n|-unboost|p2a: Hitmontop|spd|1\n|faint|p1a: Greedent\n|\n|upkeep\n|\n|t:|1771225800\n|switch|p1a: Archaludon|Archaludon, L78, F|235/268\n|turn|23\n|\n|t:|1771225822\n|move|p1a: Archaludon|Thunder Wave|p2a: Hitmontop\n|-status|p2a: Hitmontop|par\n|move|p2a: Hitmontop|Close Combat|p1a: Archaludon\n|-supereffective|p1a: Archaludon\n|-damage|p1a: Archaludon|25/268\n|-unboost|p2a: Hitmontop|def|1\n|-unboost|p2a: Hitmontop|spd|1\n|-ability|p1a: Archaludon|Stamina|boost\n|-boost|p1a: Archaludon|def|1\n|\n|-heal|p1a: Archaludon|41/268|[from] item: Leftovers\n|upkeep\n|turn|24\n|\n|t:|1771225828\n|move|p1a: Archaludon|Body Press|p2a: Hitmontop\n|-damage|p2a: Hitmontop|0 fnt\n|faint|p2a: Hitmontop\n|\n|-heal|p1a: Archaludon|57/268|[from] item: Leftovers\n|upkeep\n|\n|t:|1771225844\n|switch|p2a: Iron Crown|Iron Crown, L78|138/268\n|turn|25\n|\n|t:|1771225848\n|move|p2a: Iron Crown|Tachyon Cutter|p1a: Archaludon\n|-resisted|p1a: Archaludon\n|-damage|p1a: Archaludon|21/268\n|-ability|p1a: Archaludon|Stamina|boost\n|-boost|p1a: Archaludon|def|1\n|-resisted|p1a: Archaludon\n|-damage|p1a: Archaludon|0 fnt\n|faint|p1a: Archaludon\n|-hitcount|p1: Archaludon|2\n|\n|-heal|p2a: Iron Crown|154/268|[from] item: Leftovers\n|upkeep\n|\n|t:|1771225855\n|switch|p1a: Fezandipiti|Fezandipiti, L82, M|157/278\n|turn|26\n|\n|t:|1771225863\n|move|p1a: Fezandipiti|Beat Up|p2a: Iron Crown\n|-supereffective|p2a: Iron Crown\n|-damage|p2a: Iron Crown|134/268\n|-supereffective|p2a: Iron Crown\n|-damage|p2a: Iron Crown|110/268\n|-hitcount|p2a: Iron Crown|2\n|move|p2a: Iron Crown|Tachyon Cutter|p1a: Fezandipiti\n|-supereffective|p1a: Fezandipiti\n|-damage|p1a: Fezandipiti|71/278\n|-supereffective|p1a: Fezandipiti\n|-damage|p1a: Fezandipiti|0 fnt\n|faint|p1a: Fezandipiti\n|-hitcount|p1: Fezandipiti|2\n|\n|-heal|p2a: Iron Crown|126/268|[from] item: Leftovers\n|upkeep\n|\n|t:|1771225866\n|switch|p1a: Arceus|Arceus, L68|276/276\n|turn|27\n|\n|t:|1771225873\n|-terastallize|p2a: Iron Crown|Fighting\n|move|p1a: Arceus|Earthquake|p2a: Iron Crown\n|-damage|p2a: Iron Crown|57/268\n|-damage|p1a: Arceus|249/276|[from] item: Life Orb\n|move|p2a: Iron Crown|Focus Blast|p1a: Arceus\n|-supereffective|p1a: Arceus\n|-damage|p1a: Arceus|0 fnt\n|faint|p1a: Arceus\n|\n|win|DonovanIsNotHere\n|raw|Blindassbat's rating: 1559 &rarr; <strong>1542</strong><br />(-17 for losing)\n|raw|DonovanIsNotHere's rating: 1609 &rarr; <strong>1626</strong><br />(+17 for winning)\n", "inputlog": ">version 686819e5e19f8a7fd2345cfc5a08a5085efa2cc3\n>start {\"formatid\":\"gen9randombattle\",\"seed\":\"sodium,a3bef083a0888d2bf4e2d457157614a4\",\"rated\":\"Rated battle\"}\n>player p1 {\"name\":\"Blindassbat\",\"avatar\":\"dancer\",\"rating\":1559,\"seed\":\"sodium,2813eb293770cca04b4fa3ee3b244980\"}\n>player p2 {\"name\":\"DonovanIsNotHere\",\"avatar\":\"102\",\"rating\":1609,\"seed\":\"sodium,1e7af22ebc646f7eebde68ce07d4d6c5\"}\n>p1 move knockoff\n>p2 switch 2\n>p1 move stickyweb\n>p2 move airslash\n>p1 switch 2\n>p2 move substitute\n>p1 move stealthrock\n>p2 move leechseed\n>p1 move overheat\n>p2 move seedflare\n>p1 move overheat\n>p2 move airslash\n>p1 switch 3\n>p1 move bodypress\n>p2 move leechseed\n>p1 switch 2\n>p2 switch 3\n>p1 move stickyweb\n>p2 switch 4\n>p1 move pounce terastallize\n>p2 move rapidspin\n>p1 switch 5\n>p2 switch 5\n>p1 move moonblast\n>p2 switch 2\n>p1 move beatup\n>p2 move psyshock\n>p1 switch 5\n>p2 switch 5\n>p1 move knockoff\n>p2 switch 2\n>p1 move pounce\n>p2 move spiritbreak\n>p1 move taunt\n>p2 move suckerpunch\n>p1 move pounce\n>p2 move suckerpunch\n>p1 switch 4\n>p1 move swordsdance\n>p2 move spiritbreak\n>p1 move bodyslam\n>p2 move spiritbreak\n>p2 switch 2\n>p1 move bodyslam\n>p2 move rapidspin\n>p1 move bodyslam\n>p2 move closecombat\n>p1 switch 2\n>p1 move thunderwave\n>p2 move closecombat\n>p1 move bodypress\n>p2 move closecombat\n>p2 switch 5\n>p1 move thunderwave\n>p2 move tachyoncutter\n>p1 switch 5\n>p1 move beatup\n>p2 move tachyoncutter\n>p1 switch 6\n>p1 move earthquake\n>p2 move focusblast terastallize", "uploadtime": 1771225877, "views": 13, "formatid": "gen9randombattle", "rating": 1542, "private": 0, "password": null}