{"id": "gen9randombattle-2540908519", "format": "[Gen 9] Random Battle", "players": ["printguap", "Phani42"], "log": "|j|☆printguap\n|j|☆Phani42\n|t:|1771266111\n|gametype|singles\n|player|p1|printguap|2|1899\n|player|p2|Phani42|1|1827\n|gen|9\n|tier|[Gen 9] Random Battle\n|rated|\n|rule|Species Clause: Limit one of each Pokémon\n|rule|HP Percentage Mod: HP is shown in percentages\n|rule|Sleep Clause Mod: Limit one foe put to sleep\n|rule|Illusion Level Mod: Illusion disguises the Pokémon's true level\n|\n|t:|1771266111\n|teamsize|p1|6\n|teamsize|p2|6\n|start\n|switch|p1a: Appletun|Appletun, L92, M|352/352\n|switch|p2a: Sandslash|Sandslash-Alola, L88, F|275/275\n|turn|1\n|inactive|Battle timer is ON: inactive players will automatically lose when time's up. (requested by Phani42)\n|\n|t:|1771266121\n|switch|p1a: Magnezone|Magnezone, L85|258/258\n|move|p2a: Sandslash|Spikes|p1a: Magnezone\n|-sidestart|p1: printguap|Spikes\n|\n|upkeep\n|turn|2\n|\n|t:|1771266130\n|move|p1a: Magnezone|Body Press|p2a: Sandslash\n|-supereffective|p2a: Sandslash\n|-damage|p2a: Sandslash|91/275\n|move|p2a: Sandslash|Spikes|p1a: Magnezone\n|-sidestart|p1: printguap|Spikes\n|\n|-heal|p2a: Sandslash|108/275|[from] item: Leftovers\n|upkeep\n|turn|3\n|\n|t:|1771266137\n|move|p1a: Magnezone|Body Press|p2a: Sandslash\n|-supereffective|p2a: Sandslash\n|-damage|p2a: Sandslash|0 fnt\n|faint|p2a: Sandslash\n|\n|upkeep\n|\n|t:|1771266150\n|switch|p2a: Alomomola|Alomomola, L87, M|429/429\n|turn|4\n|\n|t:|1771266158\n|switch|p1a: Komala|Komala, L89, M|260/260\n|-damage|p1a: Komala|217/260|[from] Spikes\n|-ability|p1a: Komala|Comatose\n|move|p2a: Alomomola|Scald|p1a: Komala\n|-damage|p1a: Komala|187/260\n|\n|upkeep\n|turn|5\n|\n|t:|1771266167\n|move|p1a: Komala|Rapid Spin|p2a: Alomomola\n|-damage|p2a: Alomomola|356/429\n|-boost|p1a: Komala|spe|1\n|-sideend|p1: printguap|Spikes|[from] move: Rapid Spin|[of] p1a: Komala\n|move|p2a: Alomomola|Flip Turn|p1a: Komala\n|-damage|p1a: Komala|127/260\n|\n|t:|1771266177\n|switch|p2a: Palossand|Palossand, L89, M|296/296|[from] Flip Turn\n|\n|upkeep\n|turn|6\n|\n|t:|1771266185\n|move|p1a: Komala|Knock Off|p2a: Palossand\n|-supereffective|p2a: Palossand\n|-damage|p2a: Palossand|162/296\n|-enditem|p2a: Palossand|Leftovers|[from] move: Knock Off|[of] p1a: Komala\n|move|p2a: Palossand|Earth Power|p1a: Komala\n|-damage|p1a: Komala|64/260\n|\n|upkeep\n|turn|7\n|\n|t:|1771266192\n|switch|p1a: Appletun|Appletun, L92, M|352/352\n|move|p2a: Palossand|Earth Power|p1a: Appletun\n|-resisted|p1a: Appletun\n|-damage|p1a: Appletun|301/352\n|\n|-heal|p1a: Appletun|323/352|[from] item: Leftovers\n|upkeep\n|turn|8\n|\n|t:|1771266200\n|move|p2a: Palossand|Sludge Bomb|p1a: Appletun\n|-supereffective|p1a: Appletun\n|-damage|p1a: Appletun|181/352\n|move|p1a: Appletun|Apple Acid|p2a: Palossand\n|-supereffective|p2a: Palossand\n|-damage|p2a: Palossand|0 fnt\n|faint|p2a: Palossand\n|\n|-heal|p1a: Appletun|203/352|[from] item: Leftovers\n|upkeep\n|\n|t:|1771266205\n|switch|p2a: Iron Moth|Iron Moth, L78|253/253\n|turn|9\n|\n|t:|1771266218\n|switch|p1a: Lanturn|Lanturn, L89, F|367/367\n|move|p2a: Iron Moth|Fiery Dance|p1a: Lanturn\n|-resisted|p1a: Lanturn\n|-damage|p1a: Lanturn|285/367\n|\n|-heal|p1a: Lanturn|307/367|[from] item: Leftovers\n|upkeep\n|turn|10\n|\n|t:|1771266225\n|-end|p2a: Iron Moth|Quark Drive|[silent]\n|switch|p2a: Komala|Komala, L89, F|260/260\n|-ability|p2a: Komala|Comatose\n|move|p1a: Lanturn|Thunder Wave|p2a: Komala\n|-immune|p2a: Komala|[from] ability: Comatose\n|\n|-heal|p1a: Lanturn|329/367|[from] item: Leftovers\n|upkeep\n|turn|11\n|\n|t:|1771266246\n|switch|p1a: Magnezone|Magnezone, L85|258/258\n|move|p2a: Komala|Body Slam|p1a: Magnezone\n|-resisted|p1a: Magnezone\n|-damage|p1a: Magnezone|186/258\n|\n|upkeep\n|turn|12\n|\n|t:|1771266257\n|switch|p2a: Empoleon|Empoleon, L84, M|278/278\n|move|p1a: Magnezone|Body Press|p2a: Empoleon\n|-supereffective|p2a: Empoleon\n|-damage|p2a: Empoleon|92/278\n|\n|-heal|p2a: Empoleon|109/278|[from] item: Leftovers\n|upkeep\n|turn|13\n|\n|t:|1771266264\n|move|p1a: Magnezone|Body Press|p2a: Empoleon\n|-supereffective|p2a: Empoleon\n|-damage|p2a: Empoleon|0 fnt\n|faint|p2a: Empoleon\n|\n|upkeep\n|\n|t:|1771266268\n|switch|p2a: Alomomola|Alomomola, L87, M|429/429\n|turn|14\n|\n|t:|1771266284\n|switch|p1a: Lanturn|Lanturn, L89, F|329/367\n|move|p2a: Alomomola|Flip Turn|p1a: Lanturn\n|-resisted|p1a: Lanturn\n|-damage|p1a: Lanturn|296/367\n|\n|t:|1771266286\n|switch|p2a: Komala|Komala, L89, F|260/260|[from] Flip Turn\n|-ability|p2a: Komala|Comatose\n|\n|-heal|p1a: Lanturn|318/367|[from] item: Leftovers\n|upkeep\n|turn|15\n|\n|t:|1771266297\n|switch|p1a: Magnezone|Magnezone, L85|186/258\n|move|p2a: Komala|U-turn|p1a: Magnezone\n|-resisted|p1a: Magnezone\n|-damage|p1a: Magnezone|145/258\n|\n|t:|1771266303\n|switch|p2a: Iron Moth|Iron Moth, L78|253/253|[from] U-turn\n|\n|upkeep\n|turn|16\n|\n|t:|1771266313\n|move|p1a: Magnezone|Volt Switch|p2a: Iron Moth\n|-damage|p2a: Iron Moth|171/253\n|\n|t:|1771266316\n|switch|p1a: Lanturn|Lanturn, L89, F|318/367|[from] Volt Switch\n|move|p2a: Iron Moth|U-turn|p1a: Lanturn\n|-damage|p1a: Lanturn|273/367\n|\n|t:|1771266320\n|-end|p2a: Iron Moth|Quark Drive|[silent]\n|switch|p2a: Komala|Komala, L89, F|260/260|[from] U-turn\n|-ability|p2a: Komala|Comatose\n|\n|-heal|p1a: Lanturn|295/367|[from] item: Leftovers\n|upkeep\n|turn|17\n|\n|t:|1771266332\n|switch|p1a: Magnezone|Magnezone, L85|145/258\n|move|p2a: Komala|Earthquake|p1a: Magnezone\n|-supereffective|p1a: Magnezone\n|-damage|p1a: Magnezone|0 fnt\n|faint|p1a: Magnezone\n|\n|upkeep\n|\n|t:|1771266344\n|switch|p1a: Komala|Komala, L89, M|64/260\n|-ability|p1a: Komala|Comatose\n|turn|18\n|\n|t:|1771266349\n|move|p2a: Komala|Earthquake|p1a: Komala\n|-damage|p1a: Komala|0 fnt\n|faint|p1a: Komala\n|\n|upkeep\n|\n|t:|1771266355\n|switch|p1a: Appletun|Appletun, L92, M|203/352\n|turn|19\n|\n|t:|1771266360\n|switch|p2a: Iron Moth|Iron Moth, L78|171/253\n|move|p1a: Appletun|Recover|p1a: Appletun\n|-heal|p1a: Appletun|352/352\n|\n|upkeep\n|turn|20\n|\n|t:|1771266373\n|switch|p1a: Eternatus|Eternatus, L69|308/308\n|-ability|p1a: Eternatus|Pressure\n|move|p2a: Iron Moth|Sludge Wave|p1a: Eternatus\n|-resisted|p1a: Eternatus\n|-damage|p1a: Eternatus|203/308\n|\n|-heal|p1a: Eternatus|222/308|[from] item: Leftovers\n|upkeep\n|turn|21\n|\n|t:|1771266382\n|-end|p2a: Iron Moth|Quark Drive|[silent]\n|switch|p2a: Alomomola|Alomomola, L87, M|429/429\n|move|p1a: Eternatus|Dynamax Cannon|p2a: Alomomola\n|-damage|p2a: Alomomola|284/429\n|\n|-heal|p1a: Eternatus|241/308|[from] item: Leftovers\n|-heal|p2a: Alomomola|310/429|[from] item: Leftovers\n|upkeep\n|turn|22\n|\n|t:|1771266390\n|switch|p1a: Lanturn|Lanturn, L89, F|295/367\n|move|p2a: Alomomola|Flip Turn|p1a: Lanturn\n|-resisted|p1a: Lanturn\n|-damage|p1a: Lanturn|260/367\n|\n|t:|1771266392\n|switch|p2a: Komala|Komala, L89, F|260/260|[from] Flip Turn\n|-ability|p2a: Komala|Comatose\n|\n|-heal|p1a: Lanturn|282/367|[from] item: Leftovers\n|upkeep\n|turn|23\n|\n|t:|1771266402\n|switch|p1a: Appletun|Appletun, L92, M|352/352\n|move|p2a: Komala|U-turn|p1a: Appletun\n|-supereffective|p1a: Appletun\n|-crit|p1a: Appletun\n|-damage|p1a: Appletun|76/352\n|\n|t:|1771266405\n|switch|p2a: Iron Moth|Iron Moth, L78|171/253|[from] U-turn\n|\n|-heal|p1a: Appletun|98/352|[from] item: Leftovers\n|upkeep\n|turn|24\n|\n|t:|1771266416\n|switch|p1a: Eternatus|Eternatus, L69|241/308\n|-ability|p1a: Eternatus|Pressure\n|move|p2a: Iron Moth|U-turn|p1a: Eternatus\n|-resisted|p1a: Eternatus\n|-damage|p1a: Eternatus|222/308\n|\n|t:|1771266419\n|-end|p2a: Iron Moth|Quark Drive|[silent]\n|switch|p2a: Alomomola|Alomomola, L87, M|429/429|[from] U-turn\n|\n|-heal|p1a: Eternatus|241/308|[from] item: Leftovers\n|upkeep\n|turn|25\n|\n|t:|1771266431\n|switch|p1a: Sunflora|Sunflora, M|312/312\n|move|p2a: Alomomola|Flip Turn|p1a: Sunflora\n|-resisted|p1a: Sunflora\n|-damage|p1a: Sunflora|282/312\n|inactive|Phani42 has 120 seconds left.\n|\n|t:|1771266470\n|switch|p2a: Iron Moth|Iron Moth, L78|171/253|[from] Flip Turn\n|\n|upkeep\n|turn|26\n|\n|t:|1771266479\n|move|p2a: Iron Moth|Sludge Wave|p1a: Sunflora\n|-supereffective|p1a: Sunflora\n|-damage|p1a: Sunflora|0 fnt\n|faint|p1a: Sunflora\n|\n|upkeep\n|\n|t:|1771266487\n|switch|p1a: Eternatus|Eternatus, L69|241/308\n|-ability|p1a: Eternatus|Pressure\n|turn|27\n|\n|t:|1771266492\n|-end|p2a: Iron Moth|Quark Drive|[silent]\n|switch|p2a: Alomomola|Alomomola, L87, M|429/429\n|move|p1a: Eternatus|Toxic Spikes|p2a: Alomomola\n|-sidestart|p2: Phani42|move: Toxic Spikes\n|\n|-heal|p1a: Eternatus|260/308|[from] item: Leftovers\n|upkeep\n|turn|28\n|\n|t:|1771266499\n|switch|p1a: Appletun|Appletun, L92, M|98/352\n|move|p2a: Alomomola|Wish|p2a: Alomomola\n|\n|-heal|p1a: Appletun|120/352|[from] item: Leftovers\n|upkeep\n|turn|29\n|\n|t:|1771266506\n|move|p2a: Alomomola|Flip Turn|p1a: Appletun\n|-resisted|p1a: Appletun\n|-damage|p1a: Appletun|106/352\n|\n|t:|1771266509\n|switch|p2a: Iron Moth|Iron Moth, L78|171/253|[from] Flip Turn\n|-sideend|p2: Phani42|move: Toxic Spikes|[of] p2a: Iron Moth\n|move|p1a: Appletun|Dragon Tail|p2a: Iron Moth\n|-damage|p2a: Iron Moth|80/253\n|-end|p2a: Iron Moth|Quark Drive|[silent]\n|drag|p2a: Alomomola|Alomomola, L87, M|429/429\n|\n|-heal|p1a: Appletun|128/352|[from] item: Leftovers\n|upkeep\n|turn|30\n|\n|t:|1771266517\n|move|p2a: Alomomola|Wish|p2a: Alomomola\n|move|p1a: Appletun|Recover|p1a: Appletun\n|-heal|p1a: Appletun|304/352\n|\n|-heal|p1a: Appletun|326/352|[from] item: Leftovers\n|upkeep\n|turn|31\n|\n|t:|1771266522\n|move|p2a: Alomomola|Flip Turn|p1a: Appletun\n|-resisted|p1a: Appletun\n|-damage|p1a: Appletun|313/352\n|\n|t:|1771266526\n|switch|p2a: Komala|Komala, L89, F|260/260|[from] Flip Turn\n|-ability|p2a: Komala|Comatose\n|move|p1a: Appletun|Dragon Tail|p2a: Komala\n|-damage|p2a: Komala|172/260\n|drag|p2a: Iron Moth|Iron Moth, L78|80/253\n|\n|-heal|p2a: Iron Moth|253/253|[from] move: Wish|[wisher] Alomomola\n|-heal|p1a: Appletun|335/352|[from] item: Leftovers\n|upkeep\n|turn|32\n|\n|t:|1771266540\n|switch|p1a: Eternatus|Eternatus, L69|260/308\n|-ability|p1a: Eternatus|Pressure\n|move|p2a: Iron Moth|U-turn|p1a: Eternatus\n|-resisted|p1a: Eternatus\n|-damage|p1a: Eternatus|241/308\n|\n|t:|1771266543\n|-end|p2a: Iron Moth|Quark Drive|[silent]\n|switch|p2a: Komala|Komala, L89, F|172/260|[from] U-turn\n|-ability|p2a: Komala|Comatose\n|\n|-heal|p1a: Eternatus|260/308|[from] item: Leftovers\n|upkeep\n|turn|33\n|\n|t:|1771266552\n|switch|p1a: Appletun|Appletun, L92, M|335/352\n|move|p2a: Komala|Body Slam|p1a: Appletun\n|-damage|p1a: Appletun|155/352\n|\n|-heal|p1a: Appletun|177/352|[from] item: Leftovers\n|upkeep\n|turn|34\n|\n|t:|1771266561\n|move|p2a: Komala|Body Slam|p1a: Appletun\n|-damage|p1a: Appletun|18/352\n|-status|p1a: Appletun|par\n|cant|p1a: Appletun|par\n|\n|-heal|p1a: Appletun|40/352 par|[from] item: Leftovers\n|upkeep\n|turn|35\n|-message|printguap forfeited.\n|\n|win|Phani42\n|raw|printguap's rating: 1899 &rarr; <strong>1875</strong><br />(-24 for losing)\n|raw|Phani42's rating: 1827 &rarr; <strong>1851</strong><br />(+24 for winning)\n|l|☆printguap\n|player|p1|\n", "inputlog": ">version 686819e5e19f8a7fd2345cfc5a08a5085efa2cc3\n>start {\"formatid\":\"gen9randombattle\",\"seed\":\"sodium,ae9f4135060e9e5e9d62c21f186252a0\",\"rated\":\"Rated battle\"}\n>player p1 {\"name\":\"printguap\",\"avatar\":\"2\",\"rating\":1899,\"seed\":\"sodium,dfa399c53312590c672e843b5d6647f6\"}\n>player p2 {\"name\":\"Phani42\",\"avatar\":\"1\",\"rating\":1827,\"seed\":\"sodium,eb6da91a958ce8f3eb3a8af913fca9cf\"}\n>p1 switch 2\n>p2 move spikes\n>p1 move bodypress\n>p2 move spikes\n>p1 move bodypress\n>p2 move spikes\n>p2 switch 2\n>p1 switch 6\n>p2 move scald\n>p1 move rapidspin\n>p2 move flipturn\n>p2 switch 5\n>p1 move knockoff\n>p2 move earthpower\n>p1 switch 2\n>p2 move earthpower\n>p1 move appleacid\n>p2 move sludgebomb\n>p2 switch 3\n>p1 switch 3\n>p2 move fierydance\n>p1 move thunderwave\n>p2 switch 6\n>p1 switch 6\n>p2 move bodyslam\n>p1 move bodypress\n>p2 switch 4\n>p1 move bodypress\n>p2 move knockoff\n>p2 switch 5\n>p1 switch 6\n>p2 move flipturn\n>p2 switch 4\n>p1 switch 6\n>p2 move uturn\n>p2 switch 6\n>p1 move voltswitch\n>p2 move uturn\n>p1 switch 6\n>p2 switch 6\n>p1 switch 6\n>p2 move earthquake\n>p1 switch 2\n>p1 move bodyslam\n>p2 move earthquake\n>p1 switch 3\n>p1 move recover\n>p2 switch 6\n>p1 switch 5\n>p2 move sludgewave\n>p1 move dynamaxcannon\n>p2 switch 4\n>p1 switch 6\n>p2 move flipturn\n>p2 switch 6\n>p1 switch 5\n>p2 move uturn\n>p2 switch 4\n>p1 switch 6\n>p2 move uturn\n>p2 switch 6\n>p1 switch 4\n>p2 move flipturn\n>p2 switch 6\n>p1 move earthpower\n>p2 move sludgewave\n>p1 switch 4\n>p1 move toxicspikes\n>p2 switch 6\n>p1 switch 6\n>p2 move wish\n>p1 move dragontail\n>p2 move flipturn\n>p2 switch 6\n>p1 move recover\n>p2 move wish\n>p1 move dragontail\n>p2 move flipturn\n>p2 switch 4\n>p1 switch 6\n>p2 move uturn\n>p2 switch 6\n>p1 switch 6\n>p2 move bodyslam\n>p1 move appleacid\n>p2 move bodyslam\n>forcelose p1", "uploadtime": 1771266570, "views": 2, "formatid": "gen9randombattle", "rating": 1851, "private": 0, "password": null}