{"id": "gen9randombattle-2540911032", "format": "[Gen 9] Random Battle", "players": ["PrehistoricPKMN", "DayCrybabyTon"], "log": "|j|☆PrehistoricPKMN\n|j|☆DayCrybabyTon\n|t:|1771266348\n|gametype|singles\n|player|p1|PrehistoricPKMN|pokemaniac|2232\n|player|p2|DayCrybabyTon|102|2172\n|gen|9\n|tier|[Gen 9] Random Battle\n|rated|\n|rule|Species Clause: Limit one of each Pokémon\n|rule|HP Percentage Mod: HP is shown in percentages\n|rule|Sleep Clause Mod: Limit one foe put to sleep\n|rule|Illusion Level Mod: Illusion disguises the Pokémon's true level\n|\n|t:|1771266348\n|teamsize|p1|6\n|teamsize|p2|6\n|start\n|switch|p1a: Frosmoth|Frosmoth, L82, F|249/249\n|switch|p2a: Gurdurr|Gurdurr, L85, M|283/283\n|turn|1\n|inactive|Battle timer is ON: inactive players will automatically lose when time's up. (requested by DayCrybabyTon)\n|\n|t:|1771266356\n|switch|p1a: Granbull|Granbull, L88, M|302/302\n|-ability|p1a: Granbull|Intimidate|boost\n|-unboost|p2a: Gurdurr|atk|1\n|move|p2a: Gurdurr|Knock Off|p1a: Granbull\n|-resisted|p1a: Granbull\n|-damage|p1a: Granbull|273/302\n|-enditem|p1a: Granbull|Leftovers|[from] move: Knock Off|[of] p2a: Gurdurr\n|\n|upkeep\n|turn|2\n|\n|t:|1771266367\n|switch|p2a: Swampert|Swampert, L83, F|302/302\n|move|p1a: Granbull|Earthquake|p2a: Swampert\n|-damage|p2a: Swampert|215/302\n|\n|-heal|p2a: Swampert|233/302|[from] item: Leftovers\n|upkeep\n|turn|3\n|\n|t:|1771266376\n|move|p2a: Swampert|Stealth Rock|p1a: Granbull\n|-sidestart|p1: PrehistoricPKMN|move: Stealth Rock\n|move|p1a: Granbull|Play Rough|p2a: Swampert|[miss]\n|-miss|p1a: Granbull|p2a: Swampert\n|\n|-heal|p2a: Swampert|251/302|[from] item: Leftovers\n|upkeep\n|turn|4\n|\n|t:|1771266391\n|switch|p2a: Amoonguss|Amoonguss, L82, M|321/321\n|move|p1a: Granbull|Play Rough|p2a: Amoonguss\n|-resisted|p2a: Amoonguss\n|-damage|p2a: Amoonguss|243/321\n|\n|-heal|p2a: Amoonguss|263/321|[from] item: Leftovers\n|upkeep\n|turn|5\n|\n|t:|1771266418\n|switch|p1a: Probopass|Probopass, L91, M|257/257\n|-damage|p1a: Probopass|241/257|[from] Stealth Rock\n|move|p2a: Amoonguss|Sludge Bomb|p1a: Probopass\n|-immune|p1a: Probopass\n|\n|-heal|p2a: Amoonguss|283/321|[from] item: Leftovers\n|upkeep\n|turn|6\n|\n|t:|1771266432\n|move|p1a: Probopass|Iron Defense|p1a: Probopass\n|-boost|p1a: Probopass|def|2\n|move|p2a: Amoonguss|Spore|p1a: Probopass\n|-status|p1a: Probopass|slp|[from] move: Spore\n|-enditem|p1a: Probopass|Chesto Berry|[eat]\n|-curestatus|p1a: Probopass|slp|[msg]\n|\n|-heal|p2a: Amoonguss|303/321|[from] item: Leftovers\n|upkeep\n|turn|7\n|\n|t:|1771266445\n|move|p1a: Probopass|Body Press|p2a: Amoonguss\n|-resisted|p2a: Amoonguss\n|-damage|p2a: Amoonguss|201/321\n|move|p2a: Amoonguss|Giga Drain|p1a: Probopass\n|-damage|p1a: Probopass|196/257\n|-heal|p2a: Amoonguss|224/321|[from] drain|[of] p1a: Probopass\n|\n|-heal|p2a: Amoonguss|244/321|[from] item: Leftovers\n|upkeep\n|turn|8\n|\n|t:|1771266449\n|move|p1a: Probopass|Body Press|p2a: Amoonguss\n|-resisted|p2a: Amoonguss\n|-damage|p2a: Amoonguss|131/321\n|move|p2a: Amoonguss|Spore|p1a: Probopass\n|-status|p1a: Probopass|slp|[from] move: Spore\n|\n|-heal|p2a: Amoonguss|151/321|[from] item: Leftovers\n|upkeep\n|turn|9\n|\n|t:|1771266458\n|switch|p2a: Swampert|Swampert, L83, F|251/302\n|cant|p1a: Probopass|slp\n|\n|-heal|p2a: Swampert|269/302|[from] item: Leftovers\n|upkeep\n|turn|10\n|\n|t:|1771266463\n|-curestatus|p1a: Probopass|slp|[msg]\n|move|p1a: Probopass|Body Press|p2a: Swampert\n|-damage|p2a: Swampert|96/302\n|move|p2a: Swampert|Roar|p1a: Probopass\n|drag|p1a: Iron Bundle|Iron Bundle, L78|215/215\n|\n|-heal|p2a: Swampert|114/302|[from] item: Leftovers\n|upkeep\n|turn|11\n|\n|t:|1771266473\n|switch|p2a: Wyrdeer|Wyrdeer, L87, F|321/321\n|-ability|p2a: Wyrdeer|Intimidate|boost\n|-unboost|p1a: Iron Bundle|atk|1\n|move|p1a: Iron Bundle|Freeze-Dry|p2a: Wyrdeer\n|-damage|p2a: Wyrdeer|239/321\n|\n|-heal|p2a: Wyrdeer|259/321|[from] item: Leftovers\n|upkeep\n|turn|12\n|\n|t:|1771266479\n|move|p1a: Iron Bundle|Flip Turn|p2a: Wyrdeer\n|-damage|p2a: Wyrdeer|223/321\n|\n|t:|1771266500\n|-end|p1a: Iron Bundle|Quark Drive|[silent]\n|switch|p1a: Granbull|Granbull, L88, M|273/302|[from] Flip Turn\n|-damage|p1a: Granbull|236/302|[from] Stealth Rock\n|-ability|p1a: Granbull|Intimidate|boost\n|-unboost|p2a: Wyrdeer|atk|1\n|move|p2a: Wyrdeer|Psychic Noise|p1a: Granbull\n|-damage|p1a: Granbull|128/302\n|-start|p1a: Granbull|move: Heal Block\n|\n|-heal|p2a: Wyrdeer|243/321|[from] item: Leftovers\n|upkeep\n|turn|13\n|\n|t:|1771266506\n|switch|p2a: Amoonguss|Amoonguss, L82, M|258/321\n|move|p1a: Granbull|Play Rough|p2a: Amoonguss\n|-resisted|p2a: Amoonguss\n|-damage|p2a: Amoonguss|181/321\n|\n|-heal|p2a: Amoonguss|201/321|[from] item: Leftovers\n|-end|p1a: Granbull|move: Heal Block\n|upkeep\n|turn|14\n|\n|t:|1771266511\n|move|p1a: Granbull|Thunder Wave|p2a: Amoonguss|[miss]\n|-miss|p1a: Granbull|p2a: Amoonguss\n|move|p2a: Amoonguss|Sludge Bomb|p1a: Granbull\n|-supereffective|p1a: Granbull\n|-crit|p1a: Granbull\n|-damage|p1a: Granbull|0 fnt\n|faint|p1a: Granbull\n|\n|-heal|p2a: Amoonguss|221/321|[from] item: Leftovers\n|upkeep\n|\n|t:|1771266519\n|switch|p1a: Frosmoth|Frosmoth, L82, F|249/249\n|turn|15\n|\n|t:|1771266525\n|switch|p2a: Gurdurr|Gurdurr, L85, M|283/283\n|move|p1a: Frosmoth|Ice Beam|p2a: Gurdurr\n|-damage|p2a: Gurdurr|177/283\n|\n|upkeep\n|turn|16\n|\n|t:|1771266537\n|move|p1a: Frosmoth|Hurricane|p2a: Gurdurr\n|-supereffective|p2a: Gurdurr\n|-damage|p2a: Gurdurr|0 fnt\n|faint|p2a: Gurdurr\n|\n|upkeep\n|\n|t:|1771266543\n|switch|p2a: Wyrdeer|Wyrdeer, L87, F|243/321\n|-ability|p2a: Wyrdeer|Intimidate|boost\n|-unboost|p1a: Frosmoth|atk|1\n|turn|17\n|\n|t:|1771266547\n|switch|p1a: Probopass|Probopass, L91, M|196/257\n|-damage|p1a: Probopass|180/257|[from] Stealth Rock\n|move|p2a: Wyrdeer|Body Slam|p1a: Probopass\n|-resisted|p1a: Probopass\n|-damage|p1a: Probopass|164/257\n|-status|p1a: Probopass|par\n|\n|-heal|p2a: Wyrdeer|263/321|[from] item: Leftovers\n|upkeep\n|turn|18\n|\n|t:|1771266554\n|move|p2a: Wyrdeer|Earthquake|p1a: Probopass\n|-supereffective|p1a: Probopass\n|-damage|p1a: Probopass|0 fnt\n|faint|p1a: Probopass\n|\n|-heal|p2a: Wyrdeer|283/321|[from] item: Leftovers\n|upkeep\n|\n|t:|1771266562\n|switch|p1a: Iron Bundle|Iron Bundle, L78|215/215\n|turn|19\n|\n|t:|1771266569\n|move|p1a: Iron Bundle|Encore|p2a: Wyrdeer\n|-start|p2a: Wyrdeer|Encore\n|move|p2a: Wyrdeer|Earthquake|p1a: Iron Bundle\n|-damage|p1a: Iron Bundle|147/215\n|\n|-heal|p2a: Wyrdeer|303/321|[from] item: Leftovers\n|upkeep\n|turn|20\n|\n|t:|1771266575\n|switch|p2a: Swampert|Swampert, L83, F|114/302\n|move|p1a: Iron Bundle|Flip Turn|p2a: Swampert\n|-crit|p2a: Swampert\n|-damage|p2a: Swampert|38/302\n|\n|t:|1771266583\n|-end|p1a: Iron Bundle|Quark Drive|[silent]\n|switch|p1a: Frosmoth|Frosmoth, L82, F|249/249|[from] Flip Turn\n|\n|-heal|p2a: Swampert|56/302|[from] item: Leftovers\n|upkeep\n|turn|21\n|\n|t:|1771266587\n|move|p1a: Frosmoth|Ice Beam|p2a: Swampert\n|-damage|p2a: Swampert|0 fnt\n|faint|p2a: Swampert\n|\n|upkeep\n|\n|t:|1771266589\n|switch|p2a: Wyrdeer|Wyrdeer, L87, F|303/321\n|-ability|p2a: Wyrdeer|Intimidate|boost\n|-unboost|p1a: Frosmoth|atk|1\n|turn|22\n|\n|t:|1771266597\n|move|p2a: Wyrdeer|Thunder Wave|p1a: Frosmoth\n|-status|p1a: Frosmoth|par\n|move|p1a: Frosmoth|Quiver Dance|p1a: Frosmoth\n|-boost|p1a: Frosmoth|spa|1\n|-boost|p1a: Frosmoth|spd|1\n|-boost|p1a: Frosmoth|spe|1\n|\n|-heal|p2a: Wyrdeer|321/321|[from] item: Leftovers\n|upkeep\n|turn|23\n|\n|t:|1771266605\n|move|p2a: Wyrdeer|Body Slam|p1a: Frosmoth\n|-damage|p1a: Frosmoth|120/249 par\n|move|p1a: Frosmoth|Bug Buzz|p2a: Wyrdeer\n|-supereffective|p2a: Wyrdeer\n|-damage|p2a: Wyrdeer|0 fnt\n|faint|p2a: Wyrdeer\n|\n|upkeep\n|\n|t:|1771266611\n|switch|p2a: Salamence|Salamence, L77, F|273/273\n|turn|24\n|\n|t:|1771266621\n|move|p2a: Salamence|Dual Wingbeat|p1a: Frosmoth\n|-supereffective|p1a: Frosmoth\n|-damage|p1a: Frosmoth|4/249 par\n|-supereffective|p1a: Frosmoth\n|-damage|p1a: Frosmoth|0 fnt\n|faint|p1a: Frosmoth\n|-ability|p2a: Salamence|Moxie|boost\n|-boost|p2a: Salamence|atk|1\n|-hitcount|p1: Frosmoth|2\n|\n|upkeep\n|\n|t:|1771266626\n|switch|p1a: Iron Bundle|Iron Bundle, L78|147/215\n|turn|25\n|\n|t:|1771266639\n|-terastallize|p2a: Salamence|Ground\n|move|p1a: Iron Bundle|Encore|p2a: Salamence\n|-start|p2a: Salamence|Encore\n|move|p2a: Salamence|Dual Wingbeat|p1a: Iron Bundle\n|-damage|p1a: Iron Bundle|80/215\n|-damage|p1a: Iron Bundle|20/215\n|-hitcount|p1a: Iron Bundle|2\n|\n|upkeep\n|turn|26\n|\n|t:|1771266645\n|move|p1a: Iron Bundle|Freeze-Dry|p2a: Salamence\n|-supereffective|p2a: Salamence\n|-damage|p2a: Salamence|105/273\n|move|p2a: Salamence|Dual Wingbeat|p1a: Iron Bundle|[miss]\n|-miss|p2a: Salamence|p1a: Iron Bundle\n|\n|upkeep\n|turn|27\n|\n|t:|1771266651\n|move|p1a: Iron Bundle|Freeze-Dry|p2a: Salamence\n|-supereffective|p2a: Salamence\n|-damage|p2a: Salamence|0 fnt\n|faint|p2a: Salamence\n|\n|upkeep\n|\n|t:|1771266652\n|switch|p2a: Ursaluna|Ursaluna-Bloodmoon, L79, M|308/308\n|turn|28\n|\n|t:|1771266665\n|move|p2a: Ursaluna|Vacuum Wave|p1a: Iron Bundle\n|-supereffective|p1a: Iron Bundle\n|-damage|p1a: Iron Bundle|0 fnt\n|faint|p1a: Iron Bundle\n|-end|p1a: Iron Bundle|Quark Drive|[silent]\n|\n|upkeep\n|\n|t:|1771266670\n|switch|p1a: Bellossom|Bellossom, L84, F|263/263\n|-damage|p1a: Bellossom|231/263|[from] Stealth Rock\n|turn|29\n|\n|t:|1771266677\n|switch|p2a: Amoonguss|Amoonguss, L82, M|321/321\n|move|p1a: Bellossom|Quiver Dance|p1a: Bellossom\n|-boost|p1a: Bellossom|spa|1\n|-boost|p1a: Bellossom|spd|1\n|-boost|p1a: Bellossom|spe|1\n|\n|-heal|p1a: Bellossom|247/263|[from] item: Leftovers\n|upkeep\n|turn|30\n|\n|t:|1771266686\n|move|p1a: Bellossom|Quiver Dance|p1a: Bellossom\n|-boost|p1a: Bellossom|spa|1\n|-boost|p1a: Bellossom|spd|1\n|-boost|p1a: Bellossom|spe|1\n|move|p2a: Amoonguss|Sludge Bomb|p1a: Bellossom\n|-supereffective|p1a: Bellossom\n|-damage|p1a: Bellossom|167/263\n|-status|p1a: Bellossom|psn\n|\n|-heal|p1a: Bellossom|183/263 psn|[from] item: Leftovers\n|-damage|p1a: Bellossom|151/263 psn|[from] psn\n|upkeep\n|turn|31\n|\n|t:|1771266692\n|move|p1a: Bellossom|Moonblast|p2a: Amoonguss\n|-resisted|p2a: Amoonguss\n|-damage|p2a: Amoonguss|256/321\n|-unboost|p2a: Amoonguss|spa|1\n|move|p2a: Amoonguss|Sludge Bomb|p1a: Bellossom\n|-supereffective|p1a: Bellossom\n|-damage|p1a: Bellossom|97/263 psn\n|\n|-heal|p1a: Bellossom|113/263 psn|[from] item: Leftovers\n|-heal|p2a: Amoonguss|276/321|[from] item: Leftovers\n|-damage|p1a: Bellossom|81/263 psn|[from] psn\n|upkeep\n|turn|32\n|\n|t:|1771266697\n|move|p1a: Bellossom|Strength Sap|p2a: Amoonguss\n|-unboost|p2a: Amoonguss|atk|1\n|-heal|p1a: Bellossom|263/263 psn\n|move|p2a: Amoonguss|Sludge Bomb|p1a: Bellossom\n|-supereffective|p1a: Bellossom\n|-damage|p1a: Bellossom|213/263 psn\n|\n|-heal|p1a: Bellossom|229/263 psn|[from] item: Leftovers\n|-heal|p2a: Amoonguss|296/321|[from] item: Leftovers\n|-damage|p1a: Bellossom|197/263 psn|[from] psn\n|upkeep\n|turn|33\n|\n|t:|1771266701\n|move|p1a: Bellossom|Moonblast|p2a: Amoonguss\n|-resisted|p2a: Amoonguss\n|-damage|p2a: Amoonguss|225/321\n|move|p2a: Amoonguss|Sludge Bomb|p1a: Bellossom\n|-supereffective|p1a: Bellossom\n|-damage|p1a: Bellossom|143/263 psn\n|\n|-heal|p1a: Bellossom|159/263 psn|[from] item: Leftovers\n|-heal|p2a: Amoonguss|245/321|[from] item: Leftovers\n|-damage|p1a: Bellossom|127/263 psn|[from] psn\n|upkeep\n|turn|34\n|\n|t:|1771266705\n|move|p1a: Bellossom|Moonblast|p2a: Amoonguss\n|-resisted|p2a: Amoonguss\n|-damage|p2a: Amoonguss|178/321\n|move|p2a: Amoonguss|Sludge Bomb|p1a: Bellossom\n|-supereffective|p1a: Bellossom\n|-damage|p1a: Bellossom|77/263 psn\n|\n|-heal|p1a: Bellossom|93/263 psn|[from] item: Leftovers\n|-heal|p2a: Amoonguss|198/321|[from] item: Leftovers\n|-damage|p1a: Bellossom|61/263 psn|[from] psn\n|upkeep\n|turn|35\n|\n|t:|1771266709\n|move|p1a: Bellossom|Strength Sap|p2a: Amoonguss\n|-unboost|p2a: Amoonguss|atk|1\n|-heal|p1a: Bellossom|185/263 psn\n|move|p2a: Amoonguss|Sludge Bomb|p1a: Bellossom\n|-supereffective|p1a: Bellossom\n|-damage|p1a: Bellossom|137/263 psn\n|\n|-heal|p1a: Bellossom|153/263 psn|[from] item: Leftovers\n|-heal|p2a: Amoonguss|218/321|[from] item: Leftovers\n|-damage|p1a: Bellossom|121/263 psn|[from] psn\n|upkeep\n|turn|36\n|\n|t:|1771266712\n|switch|p1a: Latios|Latios, L78, M|253/253\n|-damage|p1a: Latios|222/253|[from] Stealth Rock\n|move|p2a: Amoonguss|Sludge Bomb|p1a: Latios\n|-damage|p1a: Latios|170/253\n|\n|-heal|p2a: Amoonguss|238/321|[from] item: Leftovers\n|upkeep\n|turn|37\n|\n|t:|1771266716\n|move|p1a: Latios|Psyshock|p2a: Amoonguss\n|-supereffective|p2a: Amoonguss\n|-damage|p2a: Amoonguss|0 fnt\n|faint|p2a: Amoonguss\n|\n|upkeep\n|\n|t:|1771266718\n|switch|p2a: Ursaluna|Ursaluna-Bloodmoon, L79, M|308/308\n|turn|38\n|\n|t:|1771266730\n|move|p1a: Latios|Draco Meteor|p2a: Ursaluna\n|-damage|p2a: Ursaluna|68/308\n|-unboost|p1a: Latios|spa|2\n|move|p2a: Ursaluna|Calm Mind|p2a: Ursaluna\n|-boost|p2a: Ursaluna|spa|1\n|-boost|p2a: Ursaluna|spd|1\n|\n|-heal|p2a: Ursaluna|87/308|[from] item: Leftovers\n|upkeep\n|turn|39\n|\n|t:|1771266733\n|move|p1a: Latios|Draco Meteor|p2a: Ursaluna\n|-damage|p2a: Ursaluna|11/308\n|-unboost|p1a: Latios|spa|2\n|move|p2a: Ursaluna|Moonlight|p2a: Ursaluna\n|-heal|p2a: Ursaluna|165/308\n|\n|-heal|p2a: Ursaluna|184/308|[from] item: Leftovers\n|upkeep\n|turn|40\n|\n|t:|1771266756\n|move|p1a: Latios|Calm Mind|p1a: Latios\n|-boost|p1a: Latios|spa|1\n|-boost|p1a: Latios|spd|1\n|move|p2a: Ursaluna|Calm Mind|p2a: Ursaluna\n|-boost|p2a: Ursaluna|spa|1\n|-boost|p2a: Ursaluna|spd|1\n|\n|-heal|p2a: Ursaluna|203/308|[from] item: Leftovers\n|upkeep\n|turn|41\n|\n|t:|1771266765\n|-terastallize|p1a: Latios|Steel\n|move|p1a: Latios|Calm Mind|p1a: Latios\n|-boost|p1a: Latios|spa|1\n|-boost|p1a: Latios|spd|1\n|move|p2a: Ursaluna|Blood Moon|p1a: Latios\n|-resisted|p1a: Latios\n|-damage|p1a: Latios|86/253\n|\n|-heal|p2a: Ursaluna|222/308|[from] item: Leftovers\n|upkeep\n|turn|42\n|\n|t:|1771266768\n|move|p1a: Latios|Recover|p1a: Latios\n|-heal|p1a: Latios|213/253\n|move|p2a: Ursaluna|Calm Mind|p2a: Ursaluna\n|-boost|p2a: Ursaluna|spa|1\n|-boost|p2a: Ursaluna|spd|1\n|\n|-heal|p2a: Ursaluna|241/308|[from] item: Leftovers\n|upkeep\n|turn|43\n|\n|t:|1771266772\n|move|p2a: Ursaluna|Vacuum Wave|p1a: Latios\n|-supereffective|p1a: Latios\n|-damage|p1a: Latios|141/253\n|move|p1a: Latios|Calm Mind|p1a: Latios\n|-boost|p1a: Latios|spa|1\n|-boost|p1a: Latios|spd|1\n|\n|-heal|p2a: Ursaluna|260/308|[from] item: Leftovers\n|upkeep\n|turn|44\n|\n|t:|1771266774\n|move|p2a: Ursaluna|Vacuum Wave|p1a: Latios\n|-supereffective|p1a: Latios\n|-damage|p1a: Latios|77/253\n|move|p1a: Latios|Calm Mind|p1a: Latios\n|-boost|p1a: Latios|spa|1\n|-boost|p1a: Latios|spd|1\n|\n|-heal|p2a: Ursaluna|279/308|[from] item: Leftovers\n|upkeep\n|turn|45\n|\n|t:|1771266778\n|move|p2a: Ursaluna|Vacuum Wave|p1a: Latios\n|-supereffective|p1a: Latios\n|-crit|p1a: Latios\n|-damage|p1a: Latios|0 fnt\n|faint|p1a: Latios\n|\n|-heal|p2a: Ursaluna|298/308|[from] item: Leftovers\n|upkeep\n|c|☆DayCrybabyTon|gg\n|\n|t:|1771266781\n|switch|p1a: Bellossom|Bellossom, L84, F|121/263 psn\n|-damage|p1a: Bellossom|89/263 psn|[from] Stealth Rock\n|turn|46\n|\n|t:|1771266784\n|move|p2a: Ursaluna|Vacuum Wave|p1a: Bellossom\n|-damage|p1a: Bellossom|10/263 psn\n|move|p1a: Bellossom|Giga Drain|p2a: Ursaluna\n|-supereffective|p2a: Ursaluna\n|-damage|p2a: Ursaluna|212/308\n|-heal|p1a: Bellossom|53/263 psn|[from] drain|[of] p2a: Ursaluna\n|\n|-heal|p1a: Bellossom|69/263 psn|[from] item: Leftovers\n|-heal|p2a: Ursaluna|231/308|[from] item: Leftovers\n|-damage|p1a: Bellossom|37/263 psn|[from] psn\n|upkeep\n|turn|47\n|-message|PrehistoricPKMN forfeited.\n|\n|win|DayCrybabyTon\n|raw|PrehistoricPKMN's rating: 2232 &rarr; <strong>2209</strong><br />(-23 for losing)\n|raw|DayCrybabyTon's rating: 2172 &rarr; <strong>2195</strong><br />(+23 for winning)\n|l|☆PrehistoricPKMN\n|player|p1|\n", "inputlog": ">version 686819e5e19f8a7fd2345cfc5a08a5085efa2cc3\n>start {\"formatid\":\"gen9randombattle\",\"seed\":\"sodium,08069c9360d0471cfac2f992ef88ab7b\",\"rated\":\"Rated battle\"}\n>player p1 {\"name\":\"PrehistoricPKMN\",\"avatar\":\"pokemaniac\",\"rating\":2232,\"seed\":\"sodium,32d8007a85e1742efac6322fb203dbf0\"}\n>player p2 {\"name\":\"DayCrybabyTon\",\"avatar\":\"102\",\"rating\":2172,\"seed\":\"sodium,22d1a4b23c047a68da34ffe705719dbb\"}\n>p1 switch 5\n>p2 move knockoff\n>p1 move earthquake\n>p2 switch 2\n>p1 move playrough\n>p2 move stealthrock\n>p1 move playrough\n>p2 switch 4\n>p1 switch 6\n>p2 move sludgebomb\n>p1 move irondefense\n>p2 move spore\n>p1 move bodypress\n>p2 move gigadrain\n>p1 move bodypress\n>p2 move spore\n>p1 move bodypress\n>p2 switch 4\n>p1 move bodypress\n>p2 move roar\n>p1 move freezedry\n>p2 switch 5\n>p1 move flipturn\n>p2 move psychicnoise\n>p1 switch 6\n>p1 move playrough\n>p2 switch 4\n>p1 move thunderwave\n>p2 move sludgebomb\n>p1 switch 5\n>p1 move icebeam\n>p2 switch 2\n>p1 move hurricane\n>p2 move drainpunch\n>p2 switch 4\n>p1 switch 4\n>p2 move bodyslam\n>p1 move irondefense\n>p2 move earthquake\n>p1 switch 6\n>p1 move encore\n>p2 move thunderwave\n>p1 move flipturn\n>p2 switch 5\n>p1 switch 4\n>p1 move icebeam\n>p2 move roar\n>p2 switch 5\n>p1 move quiverdance\n>p2 move thunderwave\n>p1 move bugbuzz\n>p2 move bodyslam\n>p2 switch 6\n>p1 move icebeam\n>p2 move dualwingbeat\n>p1 switch 4\n>p1 move encore\n>p2 move dragondance terastallize\n>p1 move freezedry\n>p2 move dualwingbeat\n>p1 move freezedry\n>p2 move dualwingbeat\n>p2 switch 3\n>p1 move hydropump\n>p2 move vacuumwave\n>p1 switch 3\n>p1 move quiverdance\n>p2 switch 2\n>p1 move quiverdance\n>p2 move sludgebomb\n>p1 move moonblast\n>p2 move sludgebomb\n>p1 move strengthsap\n>p2 move sludgebomb\n>p1 move moonblast\n>p2 move sludgebomb\n>p1 move moonblast\n>p2 move sludgebomb\n>p1 move strengthsap\n>p2 move sludgebomb\n>p1 switch 2\n>p2 move sludgebomb\n>p1 move psyshock\n>p2 move spore\n>p2 switch 2\n>p1 move dracometeor\n>p2 move calmmind\n>p1 move dracometeor\n>p2 move moonlight\n>p1 move calmmind\n>p2 move calmmind\n>p1 move calmmind terastallize\n>p2 move bloodmoon\n>p1 move recover\n>p2 move calmmind\n>p1 move calmmind\n>p2 move vacuumwave\n>p1 move calmmind\n>p2 move vacuumwave\n>p1 move recover\n>p2 move vacuumwave\n>chat ☆DayCrybabyTon|gg\n>p1 switch 2\n>p1 move gigadrain\n>p2 move vacuumwave\n>forcelose p1", "uploadtime": 1771266791, "views": 2, "formatid": "gen9randombattle", "rating": 2195, "private": 0, "password": null}