{"id": "gen9randombattle-2540109554", "format": "[Gen 9] Random Battle", "players": ["ElyasTheGreat", "JustHaxRelax"], "log": "|j|☆ElyasTheGreat\n|j|☆JustHaxRelax\n|t:|1771163283\n|gametype|singles\n|player|p1|ElyasTheGreat|alder|2318\n|player|p2|JustHaxRelax|ash|2310\n|gen|9\n|tier|[Gen 9] Random Battle\n|rated|\n|rule|Species Clause: Limit one of each Pokémon\n|rule|HP Percentage Mod: HP is shown in percentages\n|rule|Sleep Clause Mod: Limit one foe put to sleep\n|rule|Illusion Level Mod: Illusion disguises the Pokémon's true level\n|\n|t:|1771163283\n|teamsize|p1|6\n|teamsize|p2|6\n|start\n|switch|p1a: Iron Crown|Iron Crown, L78|268/268\n|switch|p2a: Urshifu|Urshifu-Rapid-Strike, L75, M|274/274\n|turn|1\n|\n|t:|1771163313\n|move|p1a: Iron Crown|Psyshock|p2a: Urshifu\n|-supereffective|p2a: Urshifu\n|-damage|p2a: Urshifu|0 fnt\n|faint|p2a: Urshifu\n|\n|upkeep\n|inactive|Battle timer is ON: inactive players will automatically lose when time's up. (requested by ElyasTheGreat)\n|\n|t:|1771163330\n|switch|p2a: Reshiram|Reshiram, L76|277/277\n|-ability|p2a: Reshiram|Turboblaze\n|turn|2\n|\n|t:|1771163334\n|-end|p1a: Iron Crown|Quark Drive|[silent]\n|switch|p1a: Oinkologne|Oinkologne-F, L92, F|361/361\n|move|p2a: Reshiram|Dragon Dance|p2a: Reshiram\n|-boost|p2a: Reshiram|atk|1\n|-boost|p2a: Reshiram|spe|1\n|\n|upkeep\n|turn|3\n|\n|t:|1771163349\n|move|p2a: Reshiram|Outrage|p1a: Oinkologne\n|-damage|p1a: Oinkologne|168/361\n|move|p1a: Oinkologne|Curse|p1a: Oinkologne\n|-unboost|p1a: Oinkologne|spe|1\n|-boost|p1a: Oinkologne|atk|1\n|-boost|p1a: Oinkologne|def|1\n|\n|-heal|p1a: Oinkologne|190/361|[from] item: Leftovers\n|upkeep\n|turn|4\n|\n|t:|1771163361\n|move|p2a: Reshiram|Outrage|p1a: Oinkologne|[from] lockedmove\n|-crit|p1a: Oinkologne\n|-damage|p1a: Oinkologne|0 fnt\n|faint|p1a: Oinkologne\n|-start|p2a: Reshiram|confusion|[fatigue]\n|\n|upkeep\n|\n|t:|1771163369\n|switch|p1a: Dusknoir|Dusknoir, L89, F|225/225\n|-item|p2a: Reshiram|Heavy-Duty Boots|[from] ability: Frisk|[of] p1a: Dusknoir\n|turn|5\n|\n|t:|1771163382\n|-activate|p2a: Reshiram|confusion\n|move|p2a: Reshiram|Outrage|p1a: Dusknoir\n|-damage|p1a: Dusknoir|89/225\n|move|p1a: Dusknoir|Poltergeist|p2a: Reshiram\n|-activate|p2a: Reshiram|move: Poltergeist|Heavy-Duty Boots\n|-damage|p2a: Reshiram|66/277\n|\n|upkeep\n|turn|6\n|inactive|ElyasTheGreat has 120 seconds left.\n|\n|t:|1771163428\n|-activate|p2a: Reshiram|confusion\n|-damage|p2a: Reshiram|26/277|[from] confusion\n|move|p1a: Dusknoir|Poltergeist|p2a: Reshiram\n|-activate|p2a: Reshiram|move: Poltergeist|Heavy-Duty Boots\n|-damage|p2a: Reshiram|0 fnt\n|faint|p2a: Reshiram\n|\n|upkeep\n|\n|t:|1771163449\n|switch|p2a: Scovillain|Scovillain, L91, M|266/266\n|turn|7\n|\n|t:|1771163454\n|switch|p1a: Zekrom|Zekrom, L71|259/259\n|-ability|p1a: Zekrom|Teravolt\n|move|p2a: Scovillain|Fire Blast|p1a: Zekrom\n|-resisted|p1a: Zekrom\n|-damage|p1a: Zekrom|178/259\n|-status|p1a: Zekrom|brn\n|\n|-heal|p1a: Zekrom|194/259 brn|[from] item: Leftovers\n|-damage|p1a: Zekrom|178/259 brn|[from] brn\n|upkeep\n|turn|8\n|\n|t:|1771163466\n|move|p2a: Scovillain|Sunny Day|p2a: Scovillain\n|-weather|SunnyDay\n|move|p1a: Zekrom|Dragon Dance|p1a: Zekrom\n|-boost|p1a: Zekrom|atk|1\n|-boost|p1a: Zekrom|spe|1\n|\n|-weather|SunnyDay|[upkeep]\n|-heal|p1a: Zekrom|194/259 brn|[from] item: Leftovers\n|-damage|p1a: Zekrom|178/259 brn|[from] brn\n|upkeep\n|turn|9\n|\n|t:|1771163469\n|move|p2a: Scovillain|Stomping Tantrum|p1a: Zekrom\n|-supereffective|p1a: Zekrom\n|-damage|p1a: Zekrom|60/259 brn\n|move|p1a: Zekrom|Outrage|p2a: Scovillain\n|-damage|p2a: Scovillain|152/266\n|\n|-weather|SunnyDay|[upkeep]\n|-heal|p1a: Zekrom|76/259 brn|[from] item: Leftovers\n|-damage|p1a: Zekrom|60/259 brn|[from] brn\n|upkeep\n|turn|10\n|\n|t:|1771163473\n|move|p2a: Scovillain|Stomping Tantrum|p1a: Zekrom\n|-supereffective|p1a: Zekrom\n|-damage|p1a: Zekrom|0 fnt\n|faint|p1a: Zekrom\n|\n|-weather|SunnyDay|[upkeep]\n|upkeep\n|inactive|ElyasTheGreat has 120 seconds left.\n|inactive|ElyasTheGreat has 90 seconds left.\n|\n|t:|1771163543\n|switch|p1a: Iron Crown|Iron Crown, L78|268/268\n|turn|11\n|\n|t:|1771163566\n|-terastallize|p1a: Iron Crown|Fighting\n|move|p2a: Scovillain|Fire Blast|p1a: Iron Crown\n|-damage|p1a: Iron Crown|79/268\n|move|p1a: Iron Crown|Psyshock|p2a: Scovillain\n|-damage|p2a: Scovillain|0 fnt\n|faint|p2a: Scovillain\n|\n|-weather|SunnyDay|[upkeep]\n|upkeep\n|inactive|JustHaxRelax has 120 seconds left.\n|\n|t:|1771163584\n|switch|p2a: Frosmoth|Frosmoth, L82, M|249/249\n|turn|12\n|\n|t:|1771163602\n|move|p1a: Iron Crown|Psyshock|p2a: Frosmoth\n|-damage|p2a: Frosmoth|154/249\n|move|p2a: Frosmoth|Quiver Dance|p2a: Frosmoth\n|-boost|p2a: Frosmoth|spa|1\n|-boost|p2a: Frosmoth|spd|1\n|-boost|p2a: Frosmoth|spe|1\n|\n|-weather|none\n|upkeep\n|turn|13\n|\n|t:|1771163613\n|-end|p1a: Iron Crown|Quark Drive|[silent]\n|switch|p1a: Metagross|Metagross, L79|256/256\n|move|p2a: Frosmoth|Giga Drain|p1a: Metagross\n|-resisted|p1a: Metagross\n|-damage|p1a: Metagross|211/256\n|-heal|p2a: Frosmoth|177/249|[from] drain|[of] p1a: Metagross\n|\n|upkeep\n|turn|14\n|\n|t:|1771163625\n|-terastallize|p2a: Frosmoth|Ground\n|move|p2a: Frosmoth|Tera Blast|p1a: Metagross|[anim] Tera Blast Ground\n|-supereffective|p1a: Metagross\n|-damage|p1a: Metagross|0 fnt\n|faint|p1a: Metagross\n|\n|upkeep\n|\n|t:|1771163630\n|switch|p1a: Dusknoir|Dusknoir, L89, F|89/225\n|-item|p2a: Frosmoth|Heavy-Duty Boots|[from] ability: Frisk|[of] p1a: Dusknoir\n|turn|15\n|\n|t:|1771163635\n|move|p1a: Dusknoir|Shadow Sneak|p2a: Frosmoth\n|-damage|p2a: Frosmoth|71/249\n|move|p2a: Frosmoth|Ice Beam|p1a: Dusknoir\n|-damage|p1a: Dusknoir|0 fnt\n|faint|p1a: Dusknoir\n|\n|upkeep\n|\n|t:|1771163637\n|switch|p1a: Comfey|Comfey, L85, F|225/225\n|turn|16\n|\n|t:|1771163645\n|move|p2a: Frosmoth|Ice Beam|p1a: Comfey\n|-damage|p1a: Comfey|80/225\n|move|p1a: Comfey|Calm Mind|p1a: Comfey\n|-boost|p1a: Comfey|spa|1\n|-boost|p1a: Comfey|spd|1\n|\n|-heal|p1a: Comfey|94/225|[from] item: Leftovers\n|upkeep\n|turn|17\n|\n|t:|1771163648\n|move|p1a: Comfey|Giga Drain|p2a: Frosmoth\n|-supereffective|p2a: Frosmoth\n|-damage|p2a: Frosmoth|20/249\n|-heal|p1a: Comfey|120/225|[from] drain|[of] p2a: Frosmoth\n|move|p2a: Frosmoth|Ice Beam|p1a: Comfey\n|-damage|p1a: Comfey|27/225\n|\n|-heal|p1a: Comfey|41/225|[from] item: Leftovers\n|upkeep\n|turn|18\n|\n|t:|1771163652\n|move|p1a: Comfey|Giga Drain|p2a: Frosmoth\n|-supereffective|p2a: Frosmoth\n|-damage|p2a: Frosmoth|0 fnt\n|-heal|p1a: Comfey|51/225|[from] drain|[of] p2a: Frosmoth\n|faint|p2a: Frosmoth\n|\n|-heal|p1a: Comfey|65/225|[from] item: Leftovers\n|upkeep\n|\n|t:|1771163658\n|switch|p2a: Regieleki|Regieleki, L79|256/256\n|turn|19\n|\n|t:|1771163666\n|move|p1a: Comfey|Draining Kiss|p2a: Regieleki\n|-damage|p2a: Regieleki|144/256\n|-heal|p1a: Comfey|149/225|[from] drain|[of] p2a: Regieleki\n|move|p2a: Regieleki|Explosion|p1a: Comfey\n|-damage|p1a: Comfey|0 fnt\n|faint|p2a: Regieleki\n|faint|p1a: Comfey\n|\n|upkeep\n|\n|t:|1771163671\n|switch|p2a: Blastoise|Blastoise, L80, M|258/258\n|switch|p1a: Iron Crown|Iron Crown, L78, tera:Fighting|79/268\n|turn|20\n|\n|t:|1771163699\n|move|p1a: Iron Crown|Focus Blast|p2a: Blastoise\n|-damage|p2a: Blastoise|89/258\n|move|p2a: Blastoise|Shell Smash|p2a: Blastoise\n|-unboost|p2a: Blastoise|def|1\n|-unboost|p2a: Blastoise|spd|1\n|-boost|p2a: Blastoise|atk|2\n|-boost|p2a: Blastoise|spa|2\n|-boost|p2a: Blastoise|spe|2\n|-enditem|p2a: Blastoise|White Herb\n|-clearnegativeboost|p2a: Blastoise|[silent]\n|\n|upkeep\n|turn|21\n|\n|t:|1771163705\n|move|p2a: Blastoise|Earthquake|p1a: Iron Crown\n|-damage|p1a: Iron Crown|0 fnt\n|faint|p1a: Iron Crown\n|-end|p1a: Iron Crown|Quark Drive|[silent]\n|\n|win|JustHaxRelax\n|raw|ElyasTheGreat's rating: 2318 &rarr; <strong>2298</strong><br />(-20 for losing)\n|raw|JustHaxRelax's rating: 2310 &rarr; <strong>2330</strong><br />(+20 for winning)\n", "inputlog": ">version 686819e5e19f8a7fd2345cfc5a08a5085efa2cc3\n>start {\"formatid\":\"gen9randombattle\",\"seed\":\"sodium,4b1bbc14f9441b5872cfc86417ff5682\",\"rated\":\"Rated battle\"}\n>player p1 {\"name\":\"ElyasTheGreat\",\"avatar\":\"alder\",\"rating\":2318,\"seed\":\"sodium,a7114cbc13f9e030012d49c95581b4d8\"}\n>player p2 {\"name\":\"JustHaxRelax\",\"avatar\":\"ash\",\"rating\":2310,\"seed\":\"sodium,905e0f33605af0fac8505c0731efa89c\"}\n>p1 move psyshock\n>p2 move surgingstrikes\n>p2 switch 5\n>p1 switch 3\n>p2 move dragondance\n>p1 move curse\n>p2 move outrage\n>p1 move highhorsepower\n>p2 move outrage\n>p1 switch 6\n>p1 move poltergeist\n>p2 move outrage\n>p1 move poltergeist\n>p2 move outrage\n>p2 switch 2\n>p1 switch 4\n>p2 move fireblast\n>p1 move dragondance\n>p2 move sunnyday\n>p1 move outrage\n>p2 move stompingtantrum\n>p1 move outrage\n>p2 move stompingtantrum\n>p1 switch 3\n>p1 move psyshock terastallize\n>p2 move fireblast\n>p2 switch 3\n>p1 move psyshock\n>p2 move quiverdance\n>p1 switch 5\n>p2 move gigadrain\n>p1 move agility\n>p2 move terablast terastallize\n>p1 switch 4\n>p1 move shadowsneak\n>p2 move icebeam\n>p1 switch 2\n>p1 move calmmind\n>p2 move icebeam\n>p1 move gigadrain\n>p2 move icebeam\n>p1 move gigadrain\n>p2 move icebeam\n>p2 switch 4\n>p1 move drainingkiss\n>p2 move explosion\n>p1 switch 5\n>p2 switch 6\n>p1 move focusblast\n>p2 move shellsmash\n>p1 move focusblast\n>p2 move earthquake", "uploadtime": 1771163286, "views": 19, "formatid": "gen9randombattle", "rating": 2298, "private": 0, "password": null}