{"id": "gen9randombattle-2540365454", "format": "[Gen 9] Random Battle", "players": ["BrutalBjoern", "JPtheIII"], "log": "|j|☆BrutalBjoern\n|j|☆JPtheIII\n|t:|1771193380\n|gametype|singles\n|player|p1|BrutalBjoern|lady-gen4|1791\n|player|p2|JPtheIII|101|1785\n|gen|9\n|tier|[Gen 9] Random Battle\n|rated|\n|rule|Species Clause: Limit one of each Pokémon\n|rule|HP Percentage Mod: HP is shown in percentages\n|rule|Sleep Clause Mod: Limit one foe put to sleep\n|rule|Illusion Level Mod: Illusion disguises the Pokémon's true level\n|\n|t:|1771193380\n|teamsize|p1|6\n|teamsize|p2|6\n|start\n|switch|p1a: Iron Thorns|Iron Thorns, L83|302/302\n|switch|p2a: Terrakion|Terrakion, L79|273/273\n|-item|p1a: Iron Thorns|Air Balloon\n|turn|1\n|inactive|Battle timer is ON: inactive players will automatically lose when time's up. (requested by JPtheIII)\n|\n|t:|1771193408\n|-end|p1a: Iron Thorns|Quark Drive|[silent]\n|switch|p1a: Sinistcha|Sinistcha-Masterpiece, L83|254/254\n|move|p2a: Terrakion|Close Combat|p1a: Sinistcha\n|-immune|p1a: Sinistcha\n|\n|upkeep\n|turn|2\n|\n|t:|1771193415\n|switch|p2a: Heracross|Heracross, L80, M|259/259\n|move|p1a: Sinistcha|Matcha Gotcha|p2a: Heracross|[miss]\n|-miss|p1a: Sinistcha|p2a: Heracross\n|\n|upkeep\n|turn|3\n|\n|t:|1771193426\n|switch|p1a: Enamorus|Enamorus, L79, F|247/247\n|move|p2a: Heracross|Knock Off|p1a: Enamorus\n|-resisted|p1a: Enamorus\n|-damage|p1a: Enamorus|194/247\n|-enditem|p1a: Enamorus|Leftovers|[from] move: Knock Off|[of] p2a: Heracross\n|\n|upkeep\n|turn|4\n|\n|t:|1771193433\n|switch|p2a: Plusle|Plusle, L95, M|268/268\n|move|p1a: Enamorus|Substitute|p1a: Enamorus\n|-start|p1a: Enamorus|Substitute\n|-damage|p1a: Enamorus|133/247\n|\n|upkeep\n|turn|5\n|\n|t:|1771193438\n|switch|p1a: Iron Thorns|Iron Thorns, L83|302/302\n|-item|p1a: Iron Thorns|Air Balloon\n|move|p2a: Plusle|Encore||[still]\n|-fail|p2a: Plusle\n|\n|upkeep\n|turn|6\n|\n|t:|1771193443\n|switch|p2a: Heracross|Heracross, L80, M|259/259\n|move|p1a: Iron Thorns|Stealth Rock|p2a: Heracross\n|-sidestart|p2: JPtheIII|move: Stealth Rock\n|\n|upkeep\n|turn|7\n|\n|t:|1771193449\n|-end|p1a: Iron Thorns|Quark Drive|[silent]\n|switch|p1a: Enamorus|Enamorus, L79, F|133/247\n|move|p2a: Heracross|Knock Off|p1a: Enamorus\n|-resisted|p1a: Enamorus\n|-damage|p1a: Enamorus|102/247\n|\n|upkeep\n|turn|8\n|\n|t:|1771193454\n|switch|p2a: Plusle|Plusle, L95, M|268/268\n|-damage|p2a: Plusle|235/268|[from] Stealth Rock\n|move|p1a: Enamorus|Moonblast|p2a: Plusle\n|-damage|p2a: Plusle|127/268\n|\n|upkeep\n|turn|9\n|\n|t:|1771193471\n|switch|p1a: Electrode|Electrode-Hisui, L87|246/246\n|move|p2a: Plusle|Thunderbolt|p1a: Electrode\n|-resisted|p1a: Electrode\n|-damage|p1a: Electrode|210/246\n|-damage|p2a: Plusle|101/268|[from] item: Life Orb\n|\n|upkeep\n|turn|10\n|\n|t:|1771193476\n|move|p1a: Electrode|Giga Drain|p2a: Plusle\n|-damage|p2a: Plusle|14/268\n|-heal|p1a: Electrode|246/246|[from] drain|[of] p2a: Plusle\n|-damage|p1a: Electrode|222/246|[from] item: Life Orb\n|move|p2a: Plusle|Alluring Voice|p1a: Electrode\n|-damage|p1a: Electrode|134/246\n|-damage|p2a: Plusle|0 fnt|[from] item: Life Orb\n|faint|p2a: Plusle\n|\n|upkeep\n|\n|t:|1771193482\n|switch|p2a: Regieleki|Regieleki, L79|256/256\n|-damage|p2a: Regieleki|224/256|[from] Stealth Rock\n|turn|11\n|\n|t:|1771193488\n|move|p2a: Regieleki|Volt Switch|p1a: Electrode\n|-resisted|p1a: Electrode\n|-damage|p1a: Electrode|105/246\n|\n|t:|1771193492\n|switch|p2a: Heracross|Heracross, L80, M|259/259|[from] Volt Switch\n|-damage|p2a: Heracross|227/259|[from] Stealth Rock\n|move|p1a: Electrode|Giga Drain|p2a: Heracross\n|-resisted|p2a: Heracross\n|-damage|p2a: Heracross|183/259\n|-heal|p1a: Electrode|127/246|[from] drain|[of] p2a: Heracross\n|-damage|p1a: Electrode|103/246|[from] item: Life Orb\n|\n|upkeep\n|turn|12\n|\n|t:|1771193507\n|switch|p1a: Dunsparce|Dunsparce, L86, M|312/312\n|move|p2a: Heracross|Stone Edge|p1a: Dunsparce\n|-damage|p1a: Dunsparce|248/312\n|\n|upkeep\n|turn|13\n|\n|t:|1771193513\n|switch|p2a: Regieleki|Regieleki, L79|224/256\n|-damage|p2a: Regieleki|192/256|[from] Stealth Rock\n|move|p1a: Dunsparce|Earthquake|p2a: Regieleki\n|-supereffective|p2a: Regieleki\n|-damage|p2a: Regieleki|12/256\n|\n|upkeep\n|turn|14\n|\n|t:|1771193522\n|switch|p1a: Sinistcha|Sinistcha-Masterpiece, L83|254/254\n|move|p2a: Regieleki|Rapid Spin|p1a: Sinistcha\n|-immune|p1a: Sinistcha\n|\n|upkeep\n|turn|15\n|\n|t:|1771193527\n|move|p2a: Regieleki|Thunderbolt|p1a: Sinistcha\n|-resisted|p1a: Sinistcha\n|-damage|p1a: Sinistcha|187/254\n|move|p1a: Sinistcha|Matcha Gotcha|p2a: Regieleki\n|-damage|p2a: Regieleki|0 fnt\n|-heal|p1a: Sinistcha|193/254|[from] drain|[of] p2a: Regieleki\n|faint|p2a: Regieleki\n|\n|-heal|p1a: Sinistcha|208/254|[from] item: Leftovers\n|upkeep\n|\n|t:|1771193533\n|switch|p2a: Cacturne|Cacturne, L92, M|278/278\n|-damage|p2a: Cacturne|244/278|[from] Stealth Rock\n|turn|16\n|\n|t:|1771193556\n|switch|p1a: Dunsparce|Dunsparce, L86, M|248/312\n|move|p2a: Cacturne|Swords Dance|p2a: Cacturne\n|-boost|p2a: Cacturne|atk|2\n|\n|upkeep\n|turn|17\n|\n|t:|1771193571\n|move|p2a: Cacturne|Drain Punch|p1a: Dunsparce\n|-supereffective|p1a: Dunsparce\n|-damage|p1a: Dunsparce|0 fnt\n|-heal|p2a: Cacturne|278/278|[from] drain|[of] p1a: Dunsparce\n|faint|p1a: Dunsparce\n|-damage|p2a: Cacturne|251/278|[from] item: Life Orb\n|\n|upkeep\n|\n|t:|1771193580\n|switch|p1a: Gouging Fire|Gouging Fire, L74|277/277\n|turn|18\n|\n|t:|1771193588\n|move|p1a: Gouging Fire|Heat Crash|p2a: Cacturne\n|-supereffective|p2a: Cacturne\n|-damage|p2a: Cacturne|0 fnt\n|faint|p2a: Cacturne\n|\n|upkeep\n|\n|t:|1771193591\n|switch|p2a: Terrakion|Terrakion, L79|273/273\n|-damage|p2a: Terrakion|256/273|[from] Stealth Rock\n|turn|19\n|\n|t:|1771193600\n|-terastallize|p1a: Gouging Fire|Fairy\n|move|p2a: Terrakion|Stone Edge|p1a: Gouging Fire\n|-damage|p1a: Gouging Fire|115/277\n|move|p1a: Gouging Fire|Dragon Dance|p1a: Gouging Fire\n|-boost|p1a: Gouging Fire|atk|1\n|-boost|p1a: Gouging Fire|spe|1\n|\n|upkeep\n|turn|20\n|\n|t:|1771193606\n|move|p1a: Gouging Fire|Morning Sun|p1a: Gouging Fire\n|-heal|p1a: Gouging Fire|253/277\n|move|p2a: Terrakion|Stone Edge|p1a: Gouging Fire|[miss]\n|-miss|p2a: Terrakion|p1a: Gouging Fire\n|\n|upkeep\n|turn|21\n|\n|t:|1771193612\n|move|p1a: Gouging Fire|Outrage|p2a: Terrakion\n|-damage|p2a: Terrakion|73/273\n|move|p2a: Terrakion|Stone Edge|p1a: Gouging Fire|[miss]\n|-miss|p2a: Terrakion|p1a: Gouging Fire\n|\n|upkeep\n|turn|22\n|\n|t:|1771193616\n|move|p1a: Gouging Fire|Outrage|p2a: Terrakion|[from] lockedmove\n|-damage|p2a: Terrakion|0 fnt\n|faint|p2a: Terrakion\n|\n|upkeep\n|\n|t:|1771193620\n|switch|p2a: Heracross|Heracross, L80, M|183/259\n|-damage|p2a: Heracross|151/259|[from] Stealth Rock\n|turn|23\n|\n|t:|1771193628\n|move|p2a: Heracross|Stone Edge|p1a: Gouging Fire\n|-damage|p1a: Gouging Fire|187/277\n|move|p1a: Gouging Fire|Outrage|p2a: Heracross|[from] lockedmove\n|-damage|p2a: Heracross|0 fnt\n|faint|p2a: Heracross\n|-start|p1a: Gouging Fire|confusion|[fatigue]\n|\n|upkeep\n|-message|JPtheIII forfeited.\n|\n|win|BrutalBjoern\n|raw|BrutalBjoern's rating: 1791 &rarr; <strong>1811</strong><br />(+20 for winning)\n|raw|JPtheIII's rating: 1785 &rarr; <strong>1765</strong><br />(-20 for losing)\n", "inputlog": ">version 686819e5e19f8a7fd2345cfc5a08a5085efa2cc3\n>start {\"formatid\":\"gen9randombattle\",\"seed\":\"sodium,39c40d29fea44b148b95b9effd1d577e\",\"rated\":\"Rated battle\"}\n>player p1 {\"name\":\"BrutalBjoern\",\"avatar\":\"lady-gen4\",\"rating\":1791,\"seed\":\"sodium,a03475f39c943e1137365b72783adba0\"}\n>player p2 {\"name\":\"JPtheIII\",\"avatar\":\"101\",\"rating\":1785,\"seed\":\"sodium,c5c0af96baf9f0a32ba77d56ead55636\"}\n>p1 switch 5\n>p2 move closecombat\n>p1 move matchagotcha\n>p2 switch 2\n>p1 switch 3\n>p2 move knockoff\n>p1 move substitute\n>p2 switch 3\n>p1 switch 5\n>p2 move encore\n>p1 move stealthrock\n>p2 switch 3\n>p1 switch 5\n>p2 move knockoff\n>p1 move moonblast\n>p2 switch 3\n>p1 switch 6\n>p2 move thunderbolt\n>p1 move gigadrain\n>p2 move alluringvoice\n>p2 switch 6\n>p1 move gigadrain\n>p2 move voltswitch\n>p2 switch 3\n>p1 switch 2\n>p2 move stoneedge\n>p1 move earthquake\n>p2 switch 3\n>p1 switch 3\n>p2 move rapidspin\n>p1 move matchagotcha\n>p2 move thunderbolt\n>p2 switch 4\n>p1 switch 3\n>p2 move swordsdance\n>p1 move bodyslam\n>p2 move drainpunch\n>p1 switch 4\n>p1 move heatcrash\n>p2 move drainpunch\n>p2 switch 2\n>p1 move dragondance terastallize\n>p2 move stoneedge\n>p1 move morningsun\n>p2 move stoneedge\n>p1 move outrage\n>p2 move stoneedge\n>p1 move outrage\n>p2 move stoneedge\n>p2 switch 3\n>p1 move outrage\n>p2 move stoneedge\n>forcelose p2", "uploadtime": 1771193631, "views": 8, "formatid": "gen9randombattle", "rating": 1765, "private": 0, "password": null}