{"id": "gen9randombattle-2540268137", "format": "[Gen 9] Random Battle", "players": ["chi_chihuahuadog", "Gofen"], "log": "|j|☆chi_chihuahuadog\n|j|☆Gofen\n|t:|1771182725\n|gametype|singles\n|player|p1|chi_chihuahuadog|102|1676\n|player|p2|Gofen|2|1642\n|gen|9\n|tier|[Gen 9] Random Battle\n|rated|\n|rule|Species Clause: Limit one of each Pokémon\n|rule|HP Percentage Mod: HP is shown in percentages\n|rule|Sleep Clause Mod: Limit one foe put to sleep\n|rule|Illusion Level Mod: Illusion disguises the Pokémon's true level\n|\n|t:|1771182725\n|teamsize|p1|6\n|teamsize|p2|6\n|start\n|switch|p1a: Sandy Shocks|Sandy Shocks, L80|267/267\n|switch|p2a: Emboar|Emboar, L84, F|322/322\n|turn|1\n|inactive|Battle timer is ON: inactive players will automatically lose when time's up. (requested by chi_chihuahuadog)\n|\n|t:|1771182751\n|switch|p2a: Azelf|Azelf, L82|257/257\n|move|p1a: Sandy Shocks|Volt Switch|p2a: Azelf\n|-damage|p2a: Azelf|158/257\n|\n|t:|1771182766\n|-end|p1a: Sandy Shocks|Protosynthesis|[silent]\n|switch|p1a: Illumise|Illumise, L91, F|266/266|[from] Volt Switch\n|\n|upkeep\n|turn|2\n|inactive|Gofen has 120 seconds left.\n|\n|t:|1771182805\n|move|p1a: Illumise|Thunder Wave|p2a: Azelf\n|-status|p2a: Azelf|par\n|move|p2a: Azelf|Fire Blast|p1a: Illumise\n|-supereffective|p1a: Illumise\n|-damage|p1a: Illumise|32/266\n|\n|upkeep\n|turn|3\n|inactive|Gofen has 120 seconds left.\n|\n|t:|1771182830\n|switch|p1a: Vaporeon|Vaporeon, L86, M|364/364\n|cant|p2a: Azelf|par\n|\n|upkeep\n|turn|4\n|\n|t:|1771182844\n|switch|p2a: Kingdra|Kingdra, L84, M|263/263\n|move|p1a: Vaporeon|Flip Turn|p2a: Kingdra\n|-resisted|p2a: Kingdra\n|-damage|p2a: Kingdra|251/263\n|\n|t:|1771182853\n|switch|p1a: Illumise|Illumise, L91, F|32/266|[from] Flip Turn\n|\n|upkeep\n|turn|5\n|\n|t:|1771182860\n|switch|p2a: Azelf|Azelf, L82|158/257 par\n|move|p1a: Illumise|Roost|p1a: Illumise\n|-heal|p1a: Illumise|165/266\n|-singleturn|p1a: Illumise|move: Roost\n|\n|upkeep\n|turn|6\n|\n|t:|1771182869\n|move|p1a: Illumise|Bug Buzz|p2a: Azelf\n|-supereffective|p2a: Azelf\n|-damage|p2a: Azelf|0 fnt\n|faint|p2a: Azelf\n|\n|upkeep\n|\n|t:|1771182880\n|switch|p2a: Emboar|Emboar, L84, F|322/322\n|turn|7\n|\n|t:|1771182888\n|move|p1a: Illumise|Thunder Wave|p2a: Emboar\n|-status|p2a: Emboar|par\n|cant|p2a: Emboar|par\n|\n|upkeep\n|turn|8\n|\n|t:|1771182894\n|switch|p1a: Vaporeon|Vaporeon, L86, M|364/364\n|move|p2a: Emboar|Flare Blitz|p1a: Vaporeon\n|-resisted|p1a: Vaporeon\n|-damage|p1a: Vaporeon|202/364\n|-damage|p2a: Emboar|269/322 par|[from] Recoil\n|\n|-heal|p1a: Vaporeon|224/364|[from] item: Leftovers\n|upkeep\n|turn|9\n|\n|t:|1771182908\n|switch|p2a: Kingdra|Kingdra, L84, M|251/263\n|move|p1a: Vaporeon|Flip Turn|p2a: Kingdra\n|-resisted|p2a: Kingdra\n|-damage|p2a: Kingdra|239/263\n|\n|t:|1771182928\n|switch|p1a: Sandy Shocks|Sandy Shocks, L80|267/267|[from] Flip Turn\n|\n|upkeep\n|turn|10\n|\n|t:|1771182938\n|move|p1a: Sandy Shocks|Thunder Wave|p2a: Kingdra\n|-status|p2a: Kingdra|par\n|move|p2a: Kingdra|Rain Dance|p2a: Kingdra\n|-weather|RainDance\n|\n|-weather|RainDance|[upkeep]\n|upkeep\n|turn|11\n|\n|t:|1771182950\n|move|p1a: Sandy Shocks|Thunderbolt|p2a: Kingdra\n|-damage|p2a: Kingdra|133/263 par\n|move|p2a: Kingdra|Wave Crash|p1a: Sandy Shocks\n|-supereffective|p1a: Sandy Shocks\n|-damage|p1a: Sandy Shocks|0 fnt\n|faint|p1a: Sandy Shocks\n|-end|p1a: Sandy Shocks|Protosynthesis|[silent]\n|-damage|p2a: Kingdra|45/263 par|[from] Recoil\n|-damage|p2a: Kingdra|19/263 par|[from] item: Life Orb\n|\n|-weather|RainDance|[upkeep]\n|upkeep\n|\n|t:|1771182958\n|switch|p1a: Illumise|Illumise, L91, F|165/266\n|turn|12\n|\n|t:|1771182967\n|move|p1a: Illumise|Bug Buzz|p2a: Kingdra\n|-damage|p2a: Kingdra|0 fnt\n|faint|p2a: Kingdra\n|\n|-weather|RainDance|[upkeep]\n|upkeep\n|\n|t:|1771182973\n|switch|p2a: Sudowoodo|Sudowoodo, L94, F|284/284\n|turn|13\n|\n|t:|1771182986\n|switch|p1a: Gliscor|Gliscor, L76, M|239/239\n|move|p2a: Sudowoodo|Head Smash|p1a: Gliscor\n|-damage|p1a: Gliscor|0 fnt\n|faint|p1a: Gliscor\n|\n|-weather|RainDance|[upkeep]\n|upkeep\n|\n|t:|1771182993\n|switch|p1a: Froslass|Froslass, L87, F|263/263\n|turn|14\n|\n|t:|1771183000\n|move|p1a: Froslass|Triple Axel|p2a: Sudowoodo\n|-damage|p2a: Sudowoodo|269/284\n|-damage|p2a: Sudowoodo|241/284\n|-damage|p2a: Sudowoodo|195/284\n|-hitcount|p2a: Sudowoodo|3\n|move|p2a: Sudowoodo|Head Smash|p1a: Froslass\n|-supereffective|p1a: Froslass\n|-damage|p1a: Froslass|0 fnt\n|faint|p1a: Froslass\n|\n|-weather|none\n|upkeep\n|\n|t:|1771183005\n|switch|p1a: Vaporeon|Vaporeon, L86, M|224/364\n|turn|15\n|\n|t:|1771183022\n|switch|p2a: Samurott|Samurott-Hisui, L77, M|265/265\n|move|p1a: Vaporeon|Protect||[still]\n|-fail|p1a: Vaporeon\n|\n|-heal|p1a: Vaporeon|246/364|[from] item: Leftovers\n|upkeep\n|turn|16\n|\n|t:|1771183034\n|move|p2a: Samurott|Ceaseless Edge|p1a: Vaporeon\n|-damage|p1a: Vaporeon|56/364\n|-sidestart|p1: chi_chihuahuadog|Spikes\n|move|p1a: Vaporeon|Wish|p1a: Vaporeon\n|\n|-heal|p1a: Vaporeon|78/364|[from] item: Leftovers\n|upkeep\n|turn|17\n|\n|t:|1771183044\n|switch|p2a: Emboar|Emboar, L84, F|269/322 par\n|move|p1a: Vaporeon|Protect||[still]\n|-fail|p1a: Vaporeon\n|\n|-heal|p1a: Vaporeon|260/364|[from] move: Wish|[wisher] Vaporeon\n|-heal|p1a: Vaporeon|282/364|[from] item: Leftovers\n|upkeep\n|turn|18\n|\n|t:|1771183054\n|move|p1a: Vaporeon|Scald|p2a: Emboar\n|-supereffective|p2a: Emboar\n|-damage|p2a: Emboar|11/322 par\n|move|p2a: Emboar|Wild Charge|p1a: Vaporeon\n|-supereffective|p1a: Vaporeon\n|-damage|p1a: Vaporeon|0 fnt\n|faint|p1a: Vaporeon\n|-damage|p2a: Emboar|0 fnt|[from] Recoil\n|faint|p2a: Emboar\n|\n|upkeep\n|\n|t:|1771183075\n|switch|p1a: Uxie|Uxie, L83|260/260\n|switch|p2a: Sudowoodo|Sudowoodo, L94, F|195/284\n|turn|19\n|\n|t:|1771183087\n|move|p2a: Sudowoodo|Sucker Punch|p1a: Uxie\n|-supereffective|p1a: Uxie\n|-damage|p1a: Uxie|132/260\n|move|p1a: Uxie|Psychic Noise|p2a: Sudowoodo\n|-damage|p2a: Sudowoodo|120/284\n|-start|p2a: Sudowoodo|move: Heal Block\n|\n|-heal|p1a: Uxie|148/260|[from] item: Leftovers\n|upkeep\n|turn|20\n|\n|t:|1771183098\n|move|p2a: Sudowoodo|Sucker Punch||[still]\n|-fail|p2a: Sudowoodo\n|move|p1a: Uxie|Encore|p2a: Sudowoodo\n|-start|p2a: Sudowoodo|Encore\n|\n|-heal|p1a: Uxie|164/260|[from] item: Leftovers\n|-end|p2a: Sudowoodo|move: Heal Block\n|upkeep\n|turn|21\n|\n|t:|1771183106\n|switch|p2a: Samurott|Samurott-Hisui, L77, M|265/265\n|move|p1a: Uxie|Stealth Rock|p2a: Samurott\n|-sidestart|p2: Gofen|move: Stealth Rock\n|\n|-heal|p1a: Uxie|180/260|[from] item: Leftovers\n|upkeep\n|turn|22\n|\n|t:|1771183114\n|-terastallize|p1a: Uxie|Dark\n|move|p1a: Uxie|U-turn|p2a: Samurott\n|-supereffective|p2a: Samurott\n|-damage|p2a: Samurott|175/265\n|\n|t:|1771183118\n|switch|p1a: Illumise|Illumise, L91, F|165/266|[from] U-turn\n|move|p2a: Samurott|Ceaseless Edge|p1a: Illumise\n|-damage|p1a: Illumise|12/266\n|-sidestart|p1: chi_chihuahuadog|Spikes\n|\n|upkeep\n|turn|23\n|l|☆chi_chihuahuadog\n|inactive|chi_chihuahuadog disconnected and has a minute to reconnect!\n|player|p1|\n|j|☆chi_chihuahuadog\n|inactive|chi_chihuahuadog reconnected and has 130 seconds left.\n|player|p1|chi_chihuahuadog|102|\n|\n|t:|1771183144\n|move|p1a: Illumise|Bug Buzz|p2a: Samurott\n|-supereffective|p2a: Samurott\n|-damage|p2a: Samurott|0 fnt\n|faint|p2a: Samurott\n|\n|upkeep\n|\n|t:|1771183152\n|switch|p2a: Mewtwo|Mewtwo, L72|272/272\n|-ability|p2a: Mewtwo|Unnerve\n|-damage|p2a: Mewtwo|238/272|[from] Stealth Rock\n|turn|24\n|\n|t:|1771183160\n|-terastallize|p2a: Mewtwo|Dark\n|move|p1a: Illumise|Roost|p1a: Illumise\n|-heal|p1a: Illumise|145/266\n|-singleturn|p1a: Illumise|move: Roost\n|move|p2a: Mewtwo|Dark Pulse|p1a: Illumise\n|-damage|p1a: Illumise|28/266\n|-damage|p2a: Mewtwo|211/272|[from] item: Life Orb\n|\n|upkeep\n|turn|25\n|\n|t:|1771183177\n|switch|p1a: Uxie|Uxie, L83, tera:Dark|180/260\n|move|p2a: Mewtwo|Fire Blast|p1a: Uxie\n|-damage|p1a: Uxie|101/260\n|-damage|p2a: Mewtwo|184/272|[from] item: Life Orb\n|\n|-heal|p1a: Uxie|117/260|[from] item: Leftovers\n|upkeep\n|turn|26\n|\n|t:|1771183187\n|move|p2a: Mewtwo|Dark Pulse|p1a: Uxie\n|-resisted|p1a: Uxie\n|-damage|p1a: Uxie|72/260\n|-damage|p2a: Mewtwo|157/272|[from] item: Life Orb\n|move|p1a: Uxie|U-turn|p2a: Mewtwo\n|-supereffective|p2a: Mewtwo\n|-damage|p2a: Mewtwo|65/272\n|\n|t:|1771183189\n|switch|p1a: Illumise|Illumise, L91, F|28/266|[from] U-turn\n|\n|upkeep\n|turn|27\n|\n|t:|1771183205\n|move|p1a: Illumise|Roost|p1a: Illumise\n|-heal|p1a: Illumise|161/266\n|-singleturn|p1a: Illumise|move: Roost\n|move|p2a: Mewtwo|Fire Blast|p1a: Illumise\n|-supereffective|p1a: Illumise\n|-damage|p1a: Illumise|0 fnt\n|faint|p1a: Illumise\n|-damage|p2a: Mewtwo|38/272|[from] item: Life Orb\n|\n|upkeep\n|\n|t:|1771183213\n|switch|p1a: Uxie|Uxie, L83, tera:Dark|72/260\n|turn|28\n|\n|t:|1771183217\n|move|p2a: Mewtwo|Recover|p2a: Mewtwo\n|-heal|p2a: Mewtwo|174/272\n|move|p1a: Uxie|U-turn|p2a: Mewtwo\n|-supereffective|p2a: Mewtwo\n|-damage|p2a: Mewtwo|88/272\n|\n|-heal|p1a: Uxie|88/260|[from] item: Leftovers\n|upkeep\n|turn|29\n|\n|t:|1771183225\n|move|p2a: Mewtwo|Fire Blast|p1a: Uxie\n|-damage|p1a: Uxie|7/260\n|-damage|p2a: Mewtwo|61/272|[from] item: Life Orb\n|move|p1a: Uxie|U-turn|p2a: Mewtwo\n|-supereffective|p2a: Mewtwo\n|-damage|p2a: Mewtwo|0 fnt\n|faint|p2a: Mewtwo\n|\n|-heal|p1a: Uxie|23/260|[from] item: Leftovers\n|upkeep\n|\n|t:|1771183234\n|switch|p2a: Sudowoodo|Sudowoodo, L94, F|120/284\n|-damage|p2a: Sudowoodo|85/284|[from] Stealth Rock\n|turn|30\n|\n|t:|1771183242\n|move|p2a: Sudowoodo|Sucker Punch||[still]\n|-fail|p2a: Sudowoodo\n|move|p1a: Uxie|Encore|p2a: Sudowoodo\n|-start|p2a: Sudowoodo|Encore\n|\n|-heal|p1a: Uxie|39/260|[from] item: Leftovers\n|upkeep\n|turn|31\n|\n|t:|1771183250\n|move|p2a: Sudowoodo|Sucker Punch||[still]\n|-fail|p2a: Sudowoodo\n|move|p1a: Uxie|Stealth Rock||[still]\n|-fail|p1a: Uxie\n|\n|-heal|p1a: Uxie|55/260|[from] item: Leftovers\n|upkeep\n|turn|32\n|\n|t:|1771183258\n|move|p2a: Sudowoodo|Sucker Punch||[still]\n|-fail|p2a: Sudowoodo\n|move|p1a: Uxie|Stealth Rock||[still]\n|-fail|p1a: Uxie\n|\n|-heal|p1a: Uxie|71/260|[from] item: Leftovers\n|upkeep\n|turn|33\n|\n|t:|1771183264\n|move|p2a: Sudowoodo|Sucker Punch||[still]\n|-fail|p2a: Sudowoodo\n|move|p1a: Uxie|Stealth Rock||[still]\n|-fail|p1a: Uxie\n|\n|-heal|p1a: Uxie|87/260|[from] item: Leftovers\n|-end|p2a: Sudowoodo|Encore\n|upkeep\n|turn|34\n|\n|t:|1771183272\n|move|p2a: Sudowoodo|Sucker Punch||[still]\n|-fail|p2a: Sudowoodo\n|move|p1a: Uxie|Encore|p2a: Sudowoodo\n|-start|p2a: Sudowoodo|Encore\n|\n|-heal|p1a: Uxie|103/260|[from] item: Leftovers\n|upkeep\n|turn|35\n|\n|t:|1771183278\n|move|p2a: Sudowoodo|Sucker Punch|p1a: Uxie\n|-resisted|p1a: Uxie\n|-damage|p1a: Uxie|67/260\n|move|p1a: Uxie|Psychic Noise|p2a: Sudowoodo\n|-damage|p2a: Sudowoodo|13/284\n|-start|p2a: Sudowoodo|move: Heal Block\n|\n|-heal|p1a: Uxie|83/260|[from] item: Leftovers\n|-end|p2a: Sudowoodo|Encore\n|upkeep\n|turn|36\n|\n|t:|1771183289\n|move|p1a: Uxie|Psychic Noise|p2a: Sudowoodo\n|-damage|p2a: Sudowoodo|0 fnt\n|faint|p2a: Sudowoodo\n|\n|win|chi_chihuahuadog\n|raw|chi_chihuahuadog's rating: 1676 &rarr; <strong>1694</strong><br />(+18 for winning)\n|raw|Gofen's rating: 1642 &rarr; <strong>1624</strong><br />(-18 for losing)\n|c|☆chi_chihuahuadog|GG\n|l|☆Gofen\n|player|p2|\n", "inputlog": ">version 686819e5e19f8a7fd2345cfc5a08a5085efa2cc3\n>start {\"formatid\":\"gen9randombattle\",\"seed\":\"sodium,ffd4ece427e2d070552484c52051bc1b\",\"rated\":\"Rated battle\"}\n>player p1 {\"name\":\"chi_chihuahuadog\",\"avatar\":\"102\",\"rating\":1676,\"seed\":\"sodium,d0991416bde15f47281e54d3ce3baa93\"}\n>player p2 {\"name\":\"Gofen\",\"avatar\":\"2\",\"rating\":1642,\"seed\":\"sodium,d2098118b742eb0805d9d848d9dbacbb\"}\n>p1 move voltswitch\n>p2 switch 3\n>p1 switch 2\n>p1 move thunderwave\n>p2 move fireblast\n>p1 switch 4\n>p2 move fireblast\n>p1 move flipturn\n>p2 switch 5\n>p1 switch 4\n>p1 move roost\n>p2 switch 5\n>p1 move bugbuzz\n>p2 move fireblast\n>p2 switch 3\n>p1 move thunderwave\n>p2 move flareblitz\n>p1 switch 4\n>p2 move flareblitz\n>p1 move flipturn\n>p2 switch 5\n>p1 switch 2\n>p1 move thunderwave\n>p2 move raindance\n>p1 move thunderbolt\n>p2 move wavecrash\n>p1 switch 4\n>p1 move bugbuzz\n>p2 move hurricane\n>p2 switch 4\n>p1 switch 3\n>p2 move headsmash\n>p1 switch 5\n>p1 move tripleaxel\n>p2 move headsmash\n>p1 switch 2\n>p1 move protect\n>p2 switch 6\n>p1 move wish\n>p2 move ceaselessedge\n>p1 move protect\n>p2 switch 5\n>p1 move scald\n>p2 move wildcharge\n>p1 switch 6\n>p2 switch 6\n>p1 move psychicnoise\n>p2 move suckerpunch\n>p1 move encore\n>p2 move suckerpunch\n>p1 move stealthrock\n>p2 switch 5\n>p1 move uturn terastallize\n>p2 move ceaselessedge\n>p1 switch 3\n>p1 move bugbuzz\n>p2 move ceaselessedge\n>p2 switch 2\n>p1 move roost\n>p2 move darkpulse terastallize\n>p1 switch 3\n>p2 move fireblast\n>p1 move uturn\n>p2 move darkpulse\n>p1 switch 3\n>p1 move roost\n>p2 move fireblast\n>p1 switch 3\n>p1 move uturn\n>p2 move recover\n>p1 move uturn\n>p2 move fireblast\n>p2 switch 5\n>p1 move encore\n>p2 move suckerpunch\n>p1 move stealthrock\n>p2 move suckerpunch\n>p1 move stealthrock\n>p2 move suckerpunch\n>p1 move stealthrock\n>p2 move suckerpunch\n>p1 move encore\n>p2 move suckerpunch\n>p1 move psychicnoise\n>p2 move suckerpunch\n>p1 move psychicnoise\n>p2 move struggle", "uploadtime": 1771183300, "views": 10, "formatid": "gen9randombattle", "rating": 1624, "private": 0, "password": null}