{"id": "gen9randombattle-2539975943", "format": "[Gen 9] Random Battle", "players": ["Mizorean", "Frosrav"], "log": "|j|☆Mizorean\n|j|☆Frosrav\n|t:|1771136765\n|gametype|singles\n|player|p1|Mizorean|drayden|1903\n|player|p2|Frosrav|102|1931\n|gen|9\n|tier|[Gen 9] Random Battle\n|rated|\n|rule|Species Clause: Limit one of each Pokémon\n|rule|HP Percentage Mod: HP is shown in percentages\n|rule|Sleep Clause Mod: Limit one foe put to sleep\n|rule|Illusion Level Mod: Illusion disguises the Pokémon's true level\n|\n|t:|1771136765\n|teamsize|p1|6\n|teamsize|p2|6\n|start\n|switch|p1a: Gholdengo|Gholdengo, L77|261/261\n|switch|p2a: Gothitelle|Gothitelle, L90, F|272/272\n|turn|1\n|inactive|Battle timer is ON: inactive players will automatically lose when time's up. (requested by Frosrav)\n|\n|t:|1771136772\n|move|p2a: Gothitelle|Trick|p1a: Gholdengo\n|-immune|p1a: Gholdengo|[from] ability: Good as Gold\n|move|p1a: Gholdengo|Thunder Wave|p2a: Gothitelle\n|-status|p2a: Gothitelle|par\n|\n|upkeep\n|turn|2\n|\n|t:|1771136787\n|switch|p2a: Rhyperior|Rhyperior, L82, M|323/323\n|move|p1a: Gholdengo|Make It Rain|p2a: Rhyperior\n|-supereffective|p2a: Rhyperior\n|-damage|p2a: Rhyperior|115/323\n|-unboost|p1a: Gholdengo|spa|1\n|\n|upkeep\n|turn|3\n|\n|t:|1771136801\n|move|p1a: Gholdengo|Make It Rain|p2a: Rhyperior\n|-supereffective|p2a: Rhyperior\n|-damage|p2a: Rhyperior|0 fnt\n|-unboost|p1a: Gholdengo|spa|1\n|faint|p2a: Rhyperior\n|\n|upkeep\n|\n|t:|1771136810\n|switch|p2a: Gothitelle|Gothitelle, L90, F|272/272 par\n|turn|4\n|inactive|Mizorean has 120 seconds left.\n|\n|t:|1771136846\n|switch|p1a: Tauros|Tauros-Paldea-Combat, L82, M|257/257\n|-ability|p1a: Tauros|Intimidate|boost\n|-unboost|p2a: Gothitelle|atk|1\n|move|p2a: Gothitelle|Dark Pulse|p1a: Tauros\n|-resisted|p1a: Tauros\n|-damage|p1a: Tauros|218/257\n|\n|upkeep\n|turn|5\n|inactive|Mizorean has 120 seconds left.\n|\n|t:|1771136861\n|switch|p2a: Qwilfish|Qwilfish-Hisui, L83, M|244/244\n|-ability|p2a: Qwilfish|Intimidate|boost\n|-unboost|p1a: Tauros|atk|1\n|move|p1a: Tauros|Close Combat|p2a: Qwilfish\n|-damage|p2a: Qwilfish|147/244\n|-unboost|p1a: Tauros|def|1\n|-unboost|p1a: Tauros|spd|1\n|\n|upkeep\n|turn|6\n|\n|t:|1771136870\n|move|p1a: Tauros|Close Combat|p2a: Qwilfish\n|-damage|p2a: Qwilfish|51/244\n|-unboost|p1a: Tauros|def|1\n|-unboost|p1a: Tauros|spd|1\n|move|p2a: Qwilfish|Toxic Spikes|p1a: Tauros\n|-sidestart|p1: Mizorean|move: Toxic Spikes\n|\n|upkeep\n|turn|7\n|\n|t:|1771136875\n|switch|p2a: Gothitelle|Gothitelle, L90, F|272/272 par\n|move|p1a: Tauros|Close Combat|p2a: Gothitelle\n|-resisted|p2a: Gothitelle\n|-damage|p2a: Gothitelle|210/272 par\n|-unboost|p1a: Tauros|def|1\n|-unboost|p1a: Tauros|spd|1\n|\n|upkeep\n|turn|8\n|\n|t:|1771136879\n|switch|p2a: Qwilfish|Qwilfish-Hisui, L83, M|51/244\n|-ability|p2a: Qwilfish|Intimidate|boost\n|-unboost|p1a: Tauros|atk|1\n|move|p1a: Tauros|Close Combat|p2a: Qwilfish\n|-damage|p2a: Qwilfish|0 fnt\n|-unboost|p1a: Tauros|def|1\n|-unboost|p1a: Tauros|spd|1\n|faint|p2a: Qwilfish\n|\n|upkeep\n|\n|t:|1771136889\n|switch|p2a: Orthworm|Orthworm, L88, M|266/266\n|turn|9\n|\n|t:|1771136897\n|switch|p1a: Toxtricity|Toxtricity, L82, F|257/257\n|-sideend|p1: Mizorean|move: Toxic Spikes|[of] p1a: Toxtricity\n|move|p2a: Orthworm|Coil|p2a: Orthworm\n|-boost|p2a: Orthworm|atk|1\n|-boost|p2a: Orthworm|def|1\n|-boost|p2a: Orthworm|accuracy|1\n|\n|upkeep\n|turn|10\n|\n|t:|1771136904\n|move|p1a: Toxtricity|Volt Switch|p2a: Orthworm\n|-damage|p2a: Orthworm|110/266\n|\n|t:|1771136909\n|switch|p1a: Tauros|Tauros-Paldea-Combat, L82, M|218/257|[from] Volt Switch\n|-ability|p1a: Tauros|Intimidate|boost\n|-unboost|p2a: Orthworm|atk|1\n|move|p2a: Orthworm|Iron Tail|p1a: Tauros\n|-damage|p1a: Tauros|119/257\n|\n|upkeep\n|turn|11\n|\n|t:|1771136914\n|move|p1a: Tauros|Close Combat|p2a: Orthworm\n|-supereffective|p2a: Orthworm\n|-damage|p2a: Orthworm|0 fnt\n|-unboost|p1a: Tauros|def|1\n|-unboost|p1a: Tauros|spd|1\n|faint|p2a: Orthworm\n|\n|upkeep\n|\n|t:|1771136920\n|switch|p2a: Grimmsnarl|Grimmsnarl, L83, M|293/293\n|turn|12\n|\n|t:|1771136933\n|move|p2a: Grimmsnarl|Reflect|p2a: Grimmsnarl\n|-sidestart|p2: Frosrav|Reflect\n|move|p1a: Tauros|Close Combat|p2a: Grimmsnarl\n|-damage|p2a: Grimmsnarl|168/293\n|-unboost|p1a: Tauros|def|1\n|-unboost|p1a: Tauros|spd|1\n|\n|upkeep\n|turn|13\n|\n|t:|1771136941\n|move|p2a: Grimmsnarl|Light Screen|p2a: Grimmsnarl\n|-sidestart|p2: Frosrav|move: Light Screen\n|move|p1a: Tauros|Close Combat|p2a: Grimmsnarl\n|-damage|p2a: Grimmsnarl|42/293\n|-unboost|p1a: Tauros|def|1\n|-unboost|p1a: Tauros|spd|1\n|\n|upkeep\n|turn|14\n|\n|t:|1771136951\n|switch|p1a: Toxtricity|Toxtricity, L82, F|257/257\n|move|p2a: Grimmsnarl|Parting Shot|p1a: Toxtricity\n|-unboost|p1a: Toxtricity|atk|1\n|-unboost|p1a: Toxtricity|spa|1\n|\n|t:|1771136954\n|switch|p2a: Medicham|Medicham, L86, F|243/243|[from] Parting Shot\n|\n|upkeep\n|turn|15\n|\n|t:|1771136973\n|move|p2a: Medicham|Zen Headbutt|p1a: Toxtricity\n|-supereffective|p1a: Toxtricity\n|-damage|p1a: Toxtricity|0 fnt\n|faint|p1a: Toxtricity\n|\n|upkeep\n|\n|t:|1771136976\n|switch|p1a: Archaludon|Archaludon, L78, M|268/268\n|turn|16\n|\n|t:|1771136979\n|switch|p2a: Gothitelle|Gothitelle, L90, F|210/272 par\n|move|p1a: Archaludon|Swords Dance|p1a: Archaludon\n|-boost|p1a: Archaludon|atk|2\n|\n|upkeep\n|turn|17\n|\n|t:|1771136984\n|move|p1a: Archaludon|Iron Head|p2a: Gothitelle\n|-damage|p2a: Gothitelle|141/272 par\n|move|p2a: Gothitelle|Trick|p1a: Archaludon\n|-activate|p2a: Gothitelle|move: Trick|[of] p1a: Archaludon\n|-item|p1a: Archaludon|Choice Scarf|[from] move: Trick\n|-item|p2a: Gothitelle|Lum Berry|[from] move: Trick\n|-enditem|p2a: Gothitelle|Lum Berry|[eat]\n|-curestatus|p2a: Gothitelle|par|[msg]\n|\n|upkeep\n|turn|18\n|\n|t:|1771137004\n|move|p1a: Archaludon|Iron Head|p2a: Gothitelle\n|-damage|p2a: Gothitelle|69/272\n|move|p2a: Gothitelle|Focus Blast|p1a: Archaludon\n|-supereffective|p1a: Archaludon\n|-damage|p1a: Archaludon|20/268\n|-ability|p1a: Archaludon|Stamina|boost\n|-boost|p1a: Archaludon|def|1\n|\n|upkeep\n|turn|19\n|\n|t:|1771137019\n|move|p1a: Archaludon|Iron Head|p2a: Gothitelle\n|-damage|p2a: Gothitelle|1/272\n|move|p2a: Gothitelle|Psychic|p1a: Archaludon\n|-resisted|p1a: Archaludon\n|-damage|p1a: Archaludon|0 fnt\n|faint|p1a: Archaludon\n|\n|-sideend|p2: Frosrav|Reflect\n|upkeep\n|\n|t:|1771137024\n|switch|p1a: Tauros|Tauros-Paldea-Combat, L82, M|119/257\n|-ability|p1a: Tauros|Intimidate|boost\n|-unboost|p2a: Gothitelle|atk|1\n|turn|20\n|\n|t:|1771137027\n|move|p1a: Tauros|Iron Head|p2a: Gothitelle\n|-damage|p2a: Gothitelle|0 fnt\n|faint|p2a: Gothitelle\n|\n|-sideend|p2: Frosrav|move: Light Screen\n|upkeep\n|\n|t:|1771137029\n|switch|p2a: Grimmsnarl|Grimmsnarl, L83, M|42/293\n|turn|21\n|\n|t:|1771137037\n|move|p2a: Grimmsnarl|Reflect|p2a: Grimmsnarl\n|-sidestart|p2: Frosrav|Reflect\n|move|p1a: Tauros|Iron Head|p2a: Grimmsnarl\n|-supereffective|p2a: Grimmsnarl\n|-damage|p2a: Grimmsnarl|0 fnt\n|faint|p2a: Grimmsnarl\n|\n|upkeep\n|\n|t:|1771137039\n|switch|p2a: Medicham|Medicham, L86, F|243/243\n|turn|22\n|\n|t:|1771137045\n|move|p1a: Tauros|Iron Head|p2a: Medicham\n|-damage|p2a: Medicham|195/243\n|cant|p2a: Medicham|flinch\n|\n|upkeep\n|turn|23\n|\n|t:|1771137071\n|move|p1a: Tauros|Iron Head|p2a: Medicham\n|-damage|p2a: Medicham|146/243\n|cant|p2a: Medicham|flinch\n|\n|upkeep\n|turn|24\n|\n|t:|1771137076\n|move|p1a: Tauros|Iron Head|p2a: Medicham\n|-damage|p2a: Medicham|94/243\n|cant|p2a: Medicham|flinch\n|\n|upkeep\n|turn|25\n|\n|t:|1771137080\n|move|p1a: Tauros|Iron Head|p2a: Medicham\n|-damage|p2a: Medicham|47/243\n|cant|p2a: Medicham|flinch\n|\n|upkeep\n|turn|26\n|c|☆Frosrav|Ok\n|c|☆Frosrav|Yeah\n|c|☆Frosrav|Great stuff\n|c|☆Mizorean|feels bad\n|c|☆Frosrav|I’ve had it with showdown\n|c|☆Frosrav|Ggwp\n|inactive|Frosrav has 120 seconds left.\n|-message|Frosrav forfeited.\n|\n|win|Mizorean\n|raw|Mizorean's rating: 1880 &rarr; <strong>1903</strong><br />(+23 for winning)\n|raw|Frosrav's rating: 1931 &rarr; <strong>1908</strong><br />(-23 for losing)\n", "inputlog": ">version 686819e5e19f8a7fd2345cfc5a08a5085efa2cc3\n>start {\"formatid\":\"gen9randombattle\",\"seed\":\"sodium,86c5f47b16a738f7e7945e67305e3caa\",\"rated\":\"Rated battle\"}\n>player p1 {\"name\":\"Mizorean\",\"avatar\":\"drayden\",\"rating\":1903,\"seed\":\"sodium,a2795e8a7a288a2f1b7148538ded85e4\"}\n>player p2 {\"name\":\"Frosrav\",\"avatar\":\"102\",\"rating\":1931,\"seed\":\"sodium,c834d380abdabec6b98764ffdc6ea083\"}\n>p1 move thunderwave\n>p2 move trick\n>p1 move makeitrain\n>p2 switch 5\n>p1 move makeitrain\n>p2 move earthquake\n>p2 switch 5\n>p1 switch 4\n>p2 move darkpulse\n>p1 move closecombat\n>p2 switch 3\n>p1 move closecombat\n>p2 move toxicspikes\n>p1 move closecombat\n>p2 switch 3\n>p1 move closecombat\n>p2 switch 3\n>p2 switch 6\n>p1 switch 5\n>p2 move coil\n>p1 move voltswitch\n>p2 move irontail\n>p1 switch 5\n>p1 move closecombat\n>p2 move irontail\n>p2 switch 4\n>p1 move closecombat\n>p2 move reflect\n>p1 move closecombat\n>p2 move lightscreen\n>p1 switch 5\n>p2 move partingshot\n>p2 switch 2\n>p1 move sludgewave\n>p2 move zenheadbutt\n>p1 switch 3\n>p1 move swordsdance\n>p2 switch 3\n>p1 move ironhead\n>p2 move trick\n>p1 move ironhead\n>p2 move focusblast\n>p1 move ironhead\n>p2 move psychic\n>p1 switch 5\n>p1 move ironhead\n>p2 move focusblast\n>p2 switch 2\n>p1 move ironhead\n>p2 move reflect\n>p2 switch 3\n>p1 move ironhead\n>p2 move zenheadbutt\n>p1 move ironhead\n>p2 move zenheadbutt\n>p1 move ironhead\n>p2 move zenheadbutt\n>p1 move ironhead\n>p2 move zenheadbutt\n>chat ☆Frosrav|Ok\n>chat ☆Frosrav|Yeah\n>chat ☆Frosrav|Great stuff\n>chat ☆Mizorean|feels bad\n>chat ☆Frosrav|I’ve had it with showdown\n>chat ☆Frosrav|Ggwp\n>forcelose p2", "uploadtime": 1771137123, "views": 21, "formatid": "gen9randombattle", "rating": 1903, "private": 0, "password": null}