{"id": "gen9randombattle-2540317042", "format": "[Gen 9] Random Battle", "players": ["sleepydolphin7", "Neptune Hamster"], "log": "|j|☆sleepydolphin7\n|j|☆Neptune Hamster\n|t:|1771188034\n|gametype|singles\n|player|p1|sleepydolphin7|fisherman-gen4|2180\n|player|p2|Neptune Hamster|1|2195\n|gen|9\n|tier|[Gen 9] Random Battle\n|rated|\n|rule|Species Clause: Limit one of each Pokémon\n|rule|HP Percentage Mod: HP is shown in percentages\n|rule|Sleep Clause Mod: Limit one foe put to sleep\n|rule|Illusion Level Mod: Illusion disguises the Pokémon's true level\n|\n|t:|1771188034\n|teamsize|p1|6\n|teamsize|p2|6\n|start\n|switch|p1a: Poliwrath|Poliwrath, L88, F|302/302\n|switch|p2a: Terapagos|Terapagos, L77, M|265/265\n|-activate|p2a: Terapagos|ability: Tera Shift\n|detailschange|p2a: Terapagos|Terapagos-Terastal, L77, M\n|-heal|p2a: Terapagos|273/273|[silent]\n|turn|1\n|\n|t:|1771188067\n|switch|p2a: Skarmory|Skarmory, L80, F|235/235\n|move|p1a: Poliwrath|Knock Off|p2a: Skarmory\n|-damage|p2a: Skarmory|177/235\n|-damage|p1a: Poliwrath|252/302|[from] item: Rocky Helmet|[of] p2a: Skarmory\n|-enditem|p2a: Skarmory|Rocky Helmet|[from] move: Knock Off|[of] p1a: Poliwrath\n|\n|upkeep\n|turn|2\n|\n|t:|1771188075\n|switch|p1a: Ho-Oh|Ho-Oh, L71|268/268\n|move|p2a: Skarmory|Stealth Rock|p1a: Ho-Oh\n|-sidestart|p1: sleepydolphin7|move: Stealth Rock\n|\n|upkeep\n|turn|3\n|\n|t:|1771188082\n|move|p1a: Ho-Oh|Sacred Fire|p2a: Skarmory\n|-supereffective|p2a: Skarmory\n|-damage|p2a: Skarmory|43/235\n|-status|p2a: Skarmory|brn\n|move|p2a: Skarmory|Roost|p2a: Skarmory\n|-heal|p2a: Skarmory|161/235 brn\n|-singleturn|p2a: Skarmory|move: Roost\n|\n|-damage|p2a: Skarmory|147/235 brn|[from] brn\n|upkeep\n|turn|4\n|\n|t:|1771188093\n|move|p1a: Ho-Oh|Sacred Fire|p2a: Skarmory\n|-supereffective|p2a: Skarmory\n|-damage|p2a: Skarmory|9/235 brn\n|move|p2a: Skarmory|Whirlwind|p1a: Ho-Oh\n|drag|p1a: Hypno|Hypno, L95, M|315/315\n|-damage|p1a: Hypno|276/315|[from] Stealth Rock\n|\n|-heal|p1a: Hypno|295/315|[from] item: Leftovers\n|-damage|p2a: Skarmory|0 fnt|[from] brn\n|faint|p2a: Skarmory\n|upkeep\n|\n|t:|1771188097\n|switch|p2a: Overqwil|Overqwil, L82, M|274/274\n|-ability|p2a: Overqwil|Intimidate|boost\n|-unboost|p1a: Hypno|atk|1\n|turn|5\n|\n|t:|1771188103\n|move|p2a: Overqwil|Crunch|p1a: Hypno\n|-supereffective|p1a: Hypno\n|-damage|p1a: Hypno|113/315\n|-unboost|p1a: Hypno|def|1\n|move|p1a: Hypno|Thunder Wave|p2a: Overqwil\n|-status|p2a: Overqwil|par\n|\n|-heal|p1a: Hypno|132/315|[from] item: Leftovers\n|upkeep\n|turn|6\n|\n|t:|1771188122\n|move|p1a: Hypno|Encore|p2a: Overqwil\n|-start|p2a: Overqwil|Encore\n|move|p2a: Overqwil|Crunch|p1a: Hypno\n|-supereffective|p1a: Hypno\n|-damage|p1a: Hypno|0 fnt\n|faint|p1a: Hypno\n|\n|upkeep\n|\n|t:|1771188136\n|switch|p1a: Cloyster|Cloyster, L80, F|211/211\n|-damage|p1a: Cloyster|159/211|[from] Stealth Rock\n|turn|7\n|\n|t:|1771188144\n|move|p1a: Cloyster|Shell Smash|p1a: Cloyster\n|-unboost|p1a: Cloyster|def|1\n|-unboost|p1a: Cloyster|spd|1\n|-boost|p1a: Cloyster|atk|2\n|-boost|p1a: Cloyster|spa|2\n|-boost|p1a: Cloyster|spe|2\n|-enditem|p1a: Cloyster|White Herb\n|-clearnegativeboost|p1a: Cloyster|[silent]\n|move|p2a: Overqwil|Crunch|p1a: Cloyster\n|-damage|p1a: Cloyster|105/211\n|-unboost|p1a: Cloyster|def|1\n|\n|upkeep\n|turn|8\n|\n|t:|1771188148\n|move|p1a: Cloyster|Icicle Spear|p2a: Overqwil\n|-damage|p2a: Overqwil|229/274 par\n|-damage|p2a: Overqwil|183/274 par\n|-damage|p2a: Overqwil|134/274 par\n|-damage|p2a: Overqwil|89/274 par\n|-damage|p2a: Overqwil|46/274 par\n|-hitcount|p2a: Overqwil|5\n|move|p2a: Overqwil|Crunch|p1a: Cloyster\n|-damage|p1a: Cloyster|24/211\n|\n|-end|p2a: Overqwil|Encore\n|upkeep\n|turn|9\n|\n|t:|1771188150\n|move|p1a: Cloyster|Icicle Spear|p2a: Overqwil\n|-damage|p2a: Overqwil|0 fnt\n|faint|p2a: Overqwil\n|-hitcount|p2: Overqwil|1\n|\n|upkeep\n|\n|t:|1771188167\n|switch|p2a: Dialga|Dialga-Origin, L73|266/266\n|-ability|p2a: Dialga|Pressure\n|turn|10\n|\n|t:|1771188173\n|move|p1a: Cloyster|Icicle Spear|p2a: Dialga\n|-damage|p2a: Dialga|221/266\n|-damage|p2a: Dialga|175/266\n|-damage|p2a: Dialga|130/266\n|-damage|p2a: Dialga|85/266\n|-damage|p2a: Dialga|42/266\n|-hitcount|p2a: Dialga|5\n|move|p2a: Dialga|Heavy Slam|p1a: Cloyster\n|-damage|p1a: Cloyster|0 fnt\n|faint|p1a: Cloyster\n|\n|upkeep\n|\n|t:|1771188186\n|switch|p1a: Brute Bonnet|Brute Bonnet, L81|312/312\n|-damage|p1a: Brute Bonnet|273/312|[from] Stealth Rock\n|turn|11\n|\n|t:|1771188195\n|move|p1a: Brute Bonnet|Sucker Punch|p2a: Dialga\n|-damage|p2a: Dialga|0 fnt\n|faint|p2a: Dialga\n|\n|-heal|p1a: Brute Bonnet|292/312|[from] item: Leftovers\n|upkeep\n|\n|t:|1771188200\n|switch|p2a: Ambipom|Ambipom, L84, M|263/263\n|turn|12\n|\n|t:|1771188207\n|-terastallize|p1a: Brute Bonnet|Dark\n|move|p2a: Ambipom|U-turn|p1a: Brute Bonnet\n|-supereffective|p1a: Brute Bonnet\n|-damage|p1a: Brute Bonnet|140/312\n|\n|t:|1771188213\n|switch|p2a: Terapagos|Terapagos-Terastal, L77, M|273/273|[from] U-turn\n|move|p1a: Brute Bonnet|Spore|p2a: Terapagos\n|-status|p2a: Terapagos|slp|[from] move: Spore\n|\n|-heal|p1a: Brute Bonnet|159/312|[from] item: Leftovers\n|upkeep\n|turn|13\n|\n|t:|1771188226\n|-end|p1a: Brute Bonnet|Protosynthesis|[silent]\n|switch|p1a: Poliwrath|Poliwrath, L88, F|252/302\n|-damage|p1a: Poliwrath|234/302|[from] Stealth Rock\n|cant|p2a: Terapagos|slp\n|\n|upkeep\n|turn|14\n|\n|t:|1771188238\n|switch|p2a: Lugia|Lugia, L73|275/275\n|move|p1a: Poliwrath|Circle Throw|p2a: Lugia\n|-resisted|p2a: Lugia\n|-damage|p2a: Lugia|268/275\n|drag|p2a: Ambipom|Ambipom, L84, M|263/263\n|\n|upkeep\n|turn|15\n|\n|t:|1771188250\n|move|p2a: Ambipom|Double-Edge|p1a: Poliwrath\n|-damage|p1a: Poliwrath|62/302\n|-damage|p2a: Ambipom|206/263|[from] Recoil\n|move|p1a: Poliwrath|Close Combat|p2a: Ambipom\n|-supereffective|p2a: Ambipom\n|-damage|p2a: Ambipom|0 fnt\n|-unboost|p1a: Poliwrath|def|1\n|-unboost|p1a: Poliwrath|spd|1\n|faint|p2a: Ambipom\n|\n|upkeep\n|\n|t:|1771188253\n|switch|p2a: Lugia|Lugia, L73|268/275\n|turn|16\n|\n|t:|1771188257\n|move|p2a: Lugia|Earth Power|p1a: Poliwrath\n|-damage|p1a: Poliwrath|16/302\n|move|p1a: Poliwrath|Knock Off|p2a: Lugia\n|-supereffective|p2a: Lugia\n|-damage|p2a: Lugia|136/275\n|-enditem|p2a: Lugia|Heavy-Duty Boots|[from] move: Knock Off|[of] p1a: Poliwrath\n|\n|upkeep\n|turn|17\n|\n|t:|1771188261\n|move|p2a: Lugia|Recover|p2a: Lugia\n|-heal|p2a: Lugia|274/275\n|move|p1a: Poliwrath|Circle Throw|p2a: Lugia\n|-resisted|p2a: Lugia\n|-damage|p2a: Lugia|260/275\n|drag|p2a: Terapagos|Terapagos-Terastal, L77, M|273/273 slp\n|\n|upkeep\n|turn|18\n|\n|t:|1771188266\n|switch|p2a: Lugia|Lugia, L73|260/275\n|move|p1a: Poliwrath|Close Combat|p2a: Lugia\n|-resisted|p2a: Lugia\n|-damage|p2a: Lugia|232/275\n|-unboost|p1a: Poliwrath|def|1\n|-unboost|p1a: Poliwrath|spd|1\n|\n|upkeep\n|turn|19\n|\n|t:|1771188270\n|move|p2a: Lugia|Earth Power|p1a: Poliwrath\n|-damage|p1a: Poliwrath|0 fnt\n|faint|p1a: Poliwrath\n|\n|upkeep\n|\n|t:|1771188283\n|switch|p1a: Brute Bonnet|Brute Bonnet, L81, tera:Dark|159/312\n|-damage|p1a: Brute Bonnet|120/312|[from] Stealth Rock\n|turn|20\n|\n|t:|1771188288\n|switch|p2a: Terapagos|Terapagos-Terastal, L77, M|273/273 slp\n|move|p1a: Brute Bonnet|Crunch|p2a: Terapagos\n|-activate|p2a: Terapagos|ability: Tera Shell\n|-resisted|p2a: Terapagos\n|-damage|p2a: Terapagos|215/273 slp\n|\n|-heal|p1a: Brute Bonnet|139/312|[from] item: Leftovers\n|upkeep\n|turn|21\n|\n|t:|1771188293\n|cant|p2a: Terapagos|slp\n|move|p1a: Brute Bonnet|Crunch|p2a: Terapagos\n|-damage|p2a: Terapagos|89/273 slp\n|\n|-heal|p1a: Brute Bonnet|158/312|[from] item: Leftovers\n|upkeep\n|turn|22\n|\n|t:|1771188301\n|-end|p1a: Brute Bonnet|Protosynthesis|[silent]\n|switch|p1a: Ho-Oh|Ho-Oh, L71|268/268\n|-curestatus|p2a: Terapagos|slp|[msg]\n|move|p2a: Terapagos|Tera Starstorm|p1a: Ho-Oh\n|-damage|p1a: Ho-Oh|181/268\n|\n|upkeep\n|turn|23\n|\n|t:|1771188304\n|move|p2a: Terapagos|Rapid Spin|p1a: Ho-Oh\n|-damage|p1a: Ho-Oh|129/268\n|-boost|p2a: Terapagos|spe|1\n|move|p1a: Ho-Oh|Sacred Fire|p2a: Terapagos\n|-damage|p2a: Terapagos|0 fnt\n|faint|p2a: Terapagos\n|\n|upkeep\n|\n|t:|1771188306\n|switch|p2a: Lugia|Lugia, L73|232/275\n|turn|24\n|\n|t:|1771188310\n|move|p2a: Lugia|Calm Mind|p2a: Lugia\n|-boost|p2a: Lugia|spa|1\n|-boost|p2a: Lugia|spd|1\n|move|p1a: Ho-Oh|Sacred Fire|p2a: Lugia\n|-damage|p2a: Lugia|154/275\n|\n|upkeep\n|turn|25\n|\n|t:|1771188316\n|move|p2a: Lugia|Recover|p2a: Lugia\n|-heal|p2a: Lugia|275/275\n|move|p1a: Ho-Oh|Sacred Fire|p2a: Lugia\n|-damage|p2a: Lugia|236/275\n|-status|p2a: Lugia|brn\n|\n|-damage|p2a: Lugia|219/275 brn|[from] brn\n|upkeep\n|turn|26\n|\n|t:|1771188320\n|switch|p1a: Blaziken|Blaziken, L76, M|247/247\n|-damage|p1a: Blaziken|217/247|[from] Stealth Rock\n|move|p2a: Lugia|Calm Mind|p2a: Lugia\n|-boost|p2a: Lugia|spa|1\n|-boost|p2a: Lugia|spd|1\n|\n|-damage|p2a: Lugia|202/275 brn|[from] brn\n|upkeep\n|turn|27\n|\n|t:|1771188324\n|move|p2a: Lugia|Earth Power|p1a: Blaziken\n|-supereffective|p1a: Blaziken\n|-damage|p1a: Blaziken|0 fnt\n|faint|p1a: Blaziken\n|\n|-damage|p2a: Lugia|185/275 brn|[from] brn\n|upkeep\n|\n|t:|1771188326\n|switch|p1a: Ho-Oh|Ho-Oh, L71|218/268\n|turn|28\n|\n|t:|1771188334\n|move|p2a: Lugia|Calm Mind|p2a: Lugia\n|-boost|p2a: Lugia|spa|1\n|-boost|p2a: Lugia|spd|1\n|move|p1a: Ho-Oh|Recover|p1a: Ho-Oh\n|-heal|p1a: Ho-Oh|268/268\n|\n|-damage|p2a: Lugia|168/275 brn|[from] brn\n|upkeep\n|turn|29\n|\n|t:|1771188338\n|move|p2a: Lugia|Recover|p2a: Lugia\n|-heal|p2a: Lugia|275/275 brn\n|move|p1a: Ho-Oh|Brave Bird|p2a: Lugia\n|-damage|p2a: Lugia|226/275 brn\n|-damage|p1a: Ho-Oh|252/268|[from] Recoil\n|\n|-damage|p2a: Lugia|209/275 brn|[from] brn\n|upkeep\n|turn|30\n|\n|t:|1771188342\n|move|p2a: Lugia|Aeroblast|p1a: Ho-Oh\n|-damage|p1a: Ho-Oh|116/268\n|move|p1a: Ho-Oh|Brave Bird|p2a: Lugia\n|-damage|p2a: Lugia|110/275 brn\n|-damage|p1a: Ho-Oh|83/268|[from] Recoil\n|\n|-damage|p2a: Lugia|93/275 brn|[from] brn\n|upkeep\n|turn|31\n|\n|t:|1771188349\n|move|p2a: Lugia|Aeroblast|p1a: Ho-Oh\n|-damage|p1a: Ho-Oh|0 fnt\n|faint|p1a: Ho-Oh\n|\n|-damage|p2a: Lugia|76/275 brn|[from] brn\n|upkeep\n|\n|t:|1771188350\n|switch|p1a: Brute Bonnet|Brute Bonnet, L81, tera:Dark|158/312\n|-damage|p1a: Brute Bonnet|119/312|[from] Stealth Rock\n|turn|32\n|\n|t:|1771188354\n|-terastallize|p2a: Lugia|Steel\n|move|p2a: Lugia|Recover|p2a: Lugia\n|-heal|p2a: Lugia|214/275 brn\n|move|p1a: Brute Bonnet|Crunch|p2a: Lugia\n|-damage|p2a: Lugia|104/275 brn\n|-unboost|p2a: Lugia|def|1\n|\n|-heal|p1a: Brute Bonnet|138/312|[from] item: Leftovers\n|-damage|p2a: Lugia|87/275 brn|[from] brn\n|upkeep\n|turn|33\n|\n|t:|1771188368\n|move|p1a: Brute Bonnet|Sucker Punch||[still]\n|-fail|p1a: Brute Bonnet\n|move|p2a: Lugia|Recover|p2a: Lugia\n|-heal|p2a: Lugia|225/275 brn\n|\n|-heal|p1a: Brute Bonnet|157/312|[from] item: Leftovers\n|-damage|p2a: Lugia|208/275 brn|[from] brn\n|upkeep\n|turn|34\n|\n|t:|1771188372\n|move|p1a: Brute Bonnet|Sucker Punch|p2a: Lugia\n|-damage|p2a: Lugia|64/275 brn\n|move|p2a: Lugia|Aeroblast|p1a: Brute Bonnet\n|-damage|p1a: Brute Bonnet|0 fnt\n|faint|p1a: Brute Bonnet\n|-end|p1a: Brute Bonnet|Protosynthesis|[silent]\n|\n|win|Neptune Hamster\n|raw|sleepydolphin7's rating: 2180 &rarr; <strong>2161</strong><br />(-19 for losing)\n|raw|Neptune Hamster's rating: 2195 &rarr; <strong>2214</strong><br />(+19 for winning)\n|l|☆sleepydolphin7\n|player|p1|\n", "inputlog": ">version 686819e5e19f8a7fd2345cfc5a08a5085efa2cc3\n>start {\"formatid\":\"gen9randombattle\",\"seed\":\"sodium,e16c8fc87bb89f0a5255446ec7bb90cc\",\"rated\":\"Rated battle\"}\n>player p1 {\"name\":\"sleepydolphin7\",\"avatar\":\"fisherman-gen4\",\"rating\":2180,\"seed\":\"sodium,ef0f9ef41b3564ce4ab93cdb7efcce4f\"}\n>player p2 {\"name\":\"Neptune Hamster\",\"avatar\":\"1\",\"rating\":2195,\"seed\":\"sodium,94d9bcf50edc311f2c9337974fcb5621\"}\n>p1 move knockoff\n>p2 switch 3\n>p1 switch 6\n>p2 move stealthrock\n>p1 move sacredfire\n>p2 move roost\n>p1 move sacredfire\n>p2 move whirlwind\n>p2 switch 4\n>p1 move thunderwave\n>p2 move crunch\n>p1 move encore\n>p2 move gunkshot\n>p1 switch 2\n>p1 move shellsmash\n>p2 move crunch\n>p1 move iciclespear\n>p2 move crunch\n>p1 move iciclespear\n>p2 move crunch\n>p2 switch 5\n>p1 move iciclespear\n>p2 move heavyslam\n>p1 switch 5\n>p1 move suckerpunch\n>p2 move dracometeor\n>p2 switch 6\n>p1 move spore terastallize\n>p2 move uturn\n>p2 switch 3\n>p1 switch 6\n>p2 move calmmind\n>p1 move circlethrow\n>p2 switch 2\n>p1 move closecombat\n>p2 move doubleedge\n>p2 switch 3\n>p1 move knockoff\n>p2 move earthpower\n>p1 move circlethrow\n>p2 move recover\n>p1 move closecombat\n>p2 switch 2\n>p1 move circlethrow\n>p2 move earthpower\n>p1 switch 6\n>p1 move crunch\n>p2 switch 2\n>p1 move crunch\n>p2 move terastarstorm\n>p1 switch 3\n>p2 move terastarstorm\n>p1 move sacredfire\n>p2 move rapidspin\n>p2 switch 2\n>p1 move sacredfire\n>p2 move calmmind\n>p1 move sacredfire\n>p2 move recover\n>p1 switch 4\n>p2 move calmmind\n>p1 move knockoff\n>p2 move earthpower\n>p1 switch 4\n>p1 move recover\n>p2 move calmmind\n>p1 move bravebird\n>p2 move recover\n>p1 move bravebird\n>p2 move aeroblast\n>p1 move recover\n>p2 move aeroblast\n>p1 switch 3\n>p1 move crunch\n>p2 move recover terastallize\n>p1 move suckerpunch\n>p2 move recover\n>p1 move suckerpunch\n>p2 move aeroblast", "uploadtime": 1771188379, "views": 9, "formatid": "gen9randombattle", "rating": 2161, "private": 0, "password": null}