{"id": "gen9randombattle-2540864751", "format": "[Gen 9] Random Battle", "players": ["Garevitarna", "krabbyspatties"], "log": "|j|☆Garevitarna\n|j|☆krabbyspatties\n|t:|1771261878\n|gametype|singles\n|player|p1|Garevitarna|mira|1542\n|player|p2|krabbyspatties|170|1568\n|gen|9\n|tier|[Gen 9] Random Battle\n|rated|\n|rule|Species Clause: Limit one of each Pokémon\n|rule|HP Percentage Mod: HP is shown in percentages\n|rule|Sleep Clause Mod: Limit one foe put to sleep\n|rule|Illusion Level Mod: Illusion disguises the Pokémon's true level\n|\n|t:|1771261878\n|teamsize|p1|6\n|teamsize|p2|6\n|start\n|switch|p1a: Gyarados|Gyarados, L79, F|280/280\n|switch|p2a: Dedenne|Dedenne, L88, M|261/261\n|turn|1\n|\n|t:|1771261888\n|switch|p1a: Rhyperior|Rhyperior, L82, F|323/323\n|move|p2a: Dedenne|Nuzzle|p1a: Rhyperior\n|-immune|p1a: Rhyperior\n|\n|upkeep\n|turn|2\n|\n|t:|1771261892\n|move|p2a: Dedenne|U-turn|p1a: Rhyperior\n|-damage|p1a: Rhyperior|293/323\n|\n|t:|1771261899\n|switch|p2a: Heracross|Heracross, L80, M|259/259|[from] U-turn\n|move|p1a: Rhyperior|Earthquake|p2a: Heracross\n|-resisted|p2a: Heracross\n|-damage|p2a: Heracross|175/259\n|\n|upkeep\n|turn|3\n|\n|t:|1771261927\n|switch|p1a: Gyarados|Gyarados, L79, F|280/280\n|move|p2a: Heracross|Close Combat|p1a: Gyarados\n|-resisted|p1a: Gyarados\n|-damage|p1a: Gyarados|163/280\n|-unboost|p2a: Heracross|def|1\n|-unboost|p2a: Heracross|spd|1\n|\n|upkeep\n|turn|4\n|\n|t:|1771261932\n|move|p2a: Heracross|Close Combat|p1a: Gyarados\n|-resisted|p1a: Gyarados\n|-damage|p1a: Gyarados|40/280\n|-unboost|p2a: Heracross|def|1\n|-unboost|p2a: Heracross|spd|1\n|move|p1a: Gyarados|Dragon Dance|p1a: Gyarados\n|-boost|p1a: Gyarados|atk|1\n|-boost|p1a: Gyarados|spe|1\n|\n|upkeep\n|turn|5\n|\n|t:|1771261936\n|switch|p2a: Houndstone|Houndstone, L86, F|264/264\n|move|p1a: Gyarados|Waterfall|p2a: Houndstone\n|-damage|p2a: Houndstone|204/264\n|\n|-heal|p2a: Houndstone|220/264|[from] item: Leftovers\n|upkeep\n|turn|6\n|\n|t:|1771261942\n|switch|p1a: Kricketune|Kricketune, L99, M|312/312\n|move|p2a: Houndstone|Shadow Sneak|p1a: Kricketune\n|-damage|p1a: Kricketune|258/312\n|\n|-heal|p2a: Houndstone|236/264|[from] item: Leftovers\n|upkeep\n|turn|7\n|\n|t:|1771261953\n|switch|p2a: Arcanine|Arcanine-Hisui, L79, M|280/280\n|move|p1a: Kricketune|Sticky Web|p2a: Arcanine\n|-sidestart|p2: krabbyspatties|move: Sticky Web\n|\n|upkeep\n|turn|8\n|\n|t:|1771261959\n|switch|p1a: Glimmora|Glimmora, L75, M|248/248\n|move|p2a: Arcanine|Head Smash|p1a: Glimmora\n|-damage|p1a: Glimmora|88/248\n|-activate|p1a: Glimmora|ability: Toxic Debris\n|-sidestart|p2: krabbyspatties|move: Toxic Spikes\n|\n|upkeep\n|turn|9\n|\n|t:|1771261965\n|switch|p1a: Rhyperior|Rhyperior, L82, F|293/323\n|move|p2a: Arcanine|Head Smash|p1a: Rhyperior\n|-resisted|p1a: Rhyperior\n|-damage|p1a: Rhyperior|235/323\n|\n|upkeep\n|turn|10\n|\n|t:|1771261977\n|switch|p2a: Houndstone|Houndstone, L86, F|236/264\n|-activate|p2a: Houndstone|move: Sticky Web\n|-unboost|p2a: Houndstone|spe|1\n|-status|p2a: Houndstone|psn\n|move|p1a: Rhyperior|Dragon Tail|p2a: Houndstone\n|-damage|p2a: Houndstone|211/264 psn\n|drag|p2a: Tauros|Tauros-Paldea-Combat, L82, M|257/257\n|-activate|p2a: Tauros|move: Sticky Web\n|-unboost|p2a: Tauros|spe|1\n|-status|p2a: Tauros|psn\n|-ability|p2a: Tauros|Intimidate|boost\n|-unboost|p1a: Rhyperior|atk|1\n|\n|-damage|p2a: Tauros|225/257 psn|[from] psn\n|upkeep\n|turn|11\n|\n|t:|1771261999\n|switch|p1a: Kricketune|Kricketune, L99, M|258/312\n|move|p2a: Tauros|Close Combat|p1a: Kricketune\n|-resisted|p1a: Kricketune\n|-damage|p1a: Kricketune|135/312\n|-unboost|p2a: Tauros|def|1\n|-unboost|p2a: Tauros|spd|1\n|\n|-damage|p2a: Tauros|193/257 psn|[from] psn\n|upkeep\n|turn|12\n|\n|t:|1771262012\n|move|p1a: Kricketune|Knock Off|p2a: Tauros\n|-resisted|p2a: Tauros\n|-damage|p2a: Tauros|133/257 psn\n|-enditem|p2a: Tauros|Choice Band|[from] move: Knock Off|[of] p1a: Kricketune\n|move|p2a: Tauros|Close Combat|p1a: Kricketune\n|-resisted|p1a: Kricketune\n|-damage|p1a: Kricketune|53/312\n|-unboost|p2a: Tauros|def|1\n|-unboost|p2a: Tauros|spd|1\n|\n|-damage|p2a: Tauros|101/257 psn|[from] psn\n|upkeep\n|turn|13\n|\n|t:|1771262022\n|switch|p2a: Iron Treads|Iron Treads, L77|265/265\n|-activate|p2a: Iron Treads|move: Sticky Web\n|-unboost|p2a: Iron Treads|spe|1\n|move|p1a: Kricketune|Pounce|p2a: Iron Treads\n|-resisted|p2a: Iron Treads\n|-crit|p2a: Iron Treads\n|-damage|p2a: Iron Treads|205/265\n|-unboost|p2a: Iron Treads|spe|1\n|\n|upkeep\n|turn|14\n|\n|t:|1771262029\n|move|p1a: Kricketune|Knock Off|p2a: Iron Treads\n|-damage|p2a: Iron Treads|128/265\n|-enditem|p2a: Iron Treads|Assault Vest|[from] move: Knock Off|[of] p1a: Kricketune\n|move|p2a: Iron Treads|Rapid Spin|p1a: Kricketune\n|-damage|p1a: Kricketune|8/312\n|-boost|p2a: Iron Treads|spe|1\n|-sideend|p2: krabbyspatties|Toxic Spikes|[from] move: Rapid Spin|[of] p2a: Iron Treads\n|-sideend|p2: krabbyspatties|Sticky Web|[from] move: Rapid Spin|[of] p2a: Iron Treads\n|\n|upkeep\n|turn|15\n|\n|t:|1771262039\n|move|p1a: Kricketune|Sticky Web|p2a: Iron Treads\n|-sidestart|p2: krabbyspatties|move: Sticky Web\n|move|p2a: Iron Treads|Rapid Spin|p1a: Kricketune\n|-damage|p1a: Kricketune|0 fnt\n|-boost|p2a: Iron Treads|spe|1\n|-sideend|p2: krabbyspatties|Sticky Web|[from] move: Rapid Spin|[of] p2a: Iron Treads\n|faint|p1a: Kricketune\n|\n|upkeep\n|\n|t:|1771262066\n|switch|p1a: Hydreigon|Hydreigon, L79, M|275/275\n|turn|16\n|\n|t:|1771262091\n|move|p2a: Iron Treads|Volt Switch|p1a: Hydreigon\n|-resisted|p1a: Hydreigon\n|-damage|p1a: Hydreigon|259/275\n|\n|t:|1771262097\n|-end|p2a: Iron Treads|Quark Drive|[silent]\n|switch|p2a: Dedenne|Dedenne, L88, M|261/261|[from] Volt Switch\n|move|p1a: Hydreigon|Dark Pulse|p2a: Dedenne\n|-resisted|p2a: Dedenne\n|-damage|p2a: Dedenne|196/261\n|-damage|p1a: Hydreigon|232/275|[from] item: Life Orb\n|\n|upkeep\n|turn|17\n|\n|t:|1771262100\n|switch|p1a: Rhyperior|Rhyperior, L82, F|235/323\n|move|p2a: Dedenne|Nuzzle|p1a: Rhyperior\n|-immune|p1a: Rhyperior\n|\n|upkeep\n|turn|18\n|\n|t:|1771262102\n|move|p2a: Dedenne|U-turn|p1a: Rhyperior\n|-damage|p1a: Rhyperior|207/323\n|\n|t:|1771262104\n|switch|p2a: Tauros|Tauros-Paldea-Combat, L82, M|101/257 psn|[from] U-turn\n|-ability|p2a: Tauros|Intimidate|boost\n|-unboost|p1a: Rhyperior|atk|1\n|move|p1a: Rhyperior|Earthquake|p2a: Tauros\n|-damage|p2a: Tauros|17/257 psn\n|\n|-damage|p2a: Tauros|0 fnt|[from] psn\n|faint|p2a: Tauros\n|upkeep\n|\n|t:|1771262107\n|switch|p2a: Heracross|Heracross, L80, M|175/259\n|turn|19\n|\n|t:|1771262119\n|switch|p1a: Glimmora|Glimmora, L75, M|88/248\n|move|p2a: Heracross|Close Combat|p1a: Glimmora\n|-damage|p1a: Glimmora|0 fnt\n|-unboost|p2a: Heracross|def|1\n|-unboost|p2a: Heracross|spd|1\n|-activate|p1a: Glimmora|ability: Toxic Debris\n|-sidestart|p2: krabbyspatties|move: Toxic Spikes\n|faint|p1a: Glimmora\n|-ability|p2a: Heracross|Moxie|boost\n|-boost|p2a: Heracross|atk|1\n|\n|upkeep\n|\n|t:|1771262149\n|switch|p1a: Rayquaza|Rayquaza, L72|270/270\n|-ability|p1a: Rayquaza|Air Lock\n|turn|20\n|\n|t:|1771262157\n|-terastallize|p2a: Heracross|Fighting\n|move|p2a: Heracross|Close Combat|p1a: Rayquaza\n|-resisted|p1a: Rayquaza\n|-damage|p1a: Rayquaza|36/270\n|-unboost|p2a: Heracross|def|1\n|-unboost|p2a: Heracross|spd|1\n|move|p1a: Rayquaza|Dragon Dance|p1a: Rayquaza\n|-boost|p1a: Rayquaza|atk|1\n|-boost|p1a: Rayquaza|spe|1\n|\n|upkeep\n|turn|21\n|\n|t:|1771262164\n|switch|p2a: Houndstone|Houndstone, L86, F|211/264 psn\n|move|p1a: Rayquaza|Dragon Ascent|p2a: Houndstone\n|-damage|p2a: Houndstone|122/264 psn\n|-unboost|p1a: Rayquaza|def|1\n|-unboost|p1a: Rayquaza|spd|1\n|\n|-heal|p2a: Houndstone|138/264 psn|[from] item: Leftovers\n|-damage|p2a: Houndstone|105/264 psn|[from] psn\n|upkeep\n|turn|22\n|\n|t:|1771262185\n|-terastallize|p1a: Rayquaza|Flying\n|move|p2a: Houndstone|Shadow Sneak|p1a: Rayquaza\n|-damage|p1a: Rayquaza|0 fnt\n|faint|p1a: Rayquaza\n|\n|-heal|p2a: Houndstone|121/264 psn|[from] item: Leftovers\n|-damage|p2a: Houndstone|88/264 psn|[from] psn\n|upkeep\n|\n|t:|1771262195\n|switch|p1a: Hydreigon|Hydreigon, L79, M|232/275\n|turn|23\n|\n|t:|1771262219\n|move|p1a: Hydreigon|Dark Pulse|p2a: Houndstone\n|-supereffective|p2a: Houndstone\n|-damage|p2a: Houndstone|0 fnt\n|faint|p2a: Houndstone\n|-damage|p1a: Hydreigon|205/275|[from] item: Life Orb\n|\n|upkeep\n|\n|t:|1771262223\n|switch|p2a: Heracross|Heracross, L80, M, tera:Fighting|175/259\n|-status|p2a: Heracross|psn\n|turn|24\n|\n|t:|1771262264\n|move|p1a: Hydreigon|Draco Meteor|p2a: Heracross\n|-damage|p2a: Heracross|0 fnt\n|-unboost|p1a: Hydreigon|spa|2\n|faint|p2a: Heracross\n|-damage|p1a: Hydreigon|178/275|[from] item: Life Orb\n|\n|upkeep\n|\n|t:|1771262291\n|switch|p2a: Iron Treads|Iron Treads, L77|128/265\n|turn|25\n|\n|t:|1771262309\n|move|p2a: Iron Treads|Rapid Spin|p1a: Hydreigon\n|-damage|p1a: Hydreigon|143/275\n|-boost|p2a: Iron Treads|spe|1\n|-sideend|p2: krabbyspatties|Toxic Spikes|[from] move: Rapid Spin|[of] p2a: Iron Treads\n|move|p1a: Hydreigon|Dark Pulse|p2a: Iron Treads\n|-damage|p2a: Iron Treads|45/265\n|-damage|p1a: Hydreigon|116/275|[from] item: Life Orb\n|\n|upkeep\n|turn|26\n|\n|t:|1771262326\n|move|p2a: Iron Treads|Iron Head|p1a: Hydreigon\n|-damage|p1a: Hydreigon|29/275\n|move|p1a: Hydreigon|Dark Pulse|p2a: Iron Treads\n|-damage|p2a: Iron Treads|0 fnt\n|faint|p2a: Iron Treads\n|-end|p2a: Iron Treads|Quark Drive|[silent]\n|-damage|p1a: Hydreigon|2/275|[from] item: Life Orb\n|\n|upkeep\n|\n|t:|1771262329\n|switch|p2a: Arcanine|Arcanine-Hisui, L79, M|280/280\n|turn|27\n|\n|t:|1771262336\n|move|p1a: Hydreigon|Dark Pulse|p2a: Arcanine\n|-damage|p2a: Arcanine|209/280\n|-damage|p1a: Hydreigon|0 fnt|[from] item: Life Orb\n|faint|p1a: Hydreigon\n|move|p2a: Arcanine|Flare Blitz|p1: Hydreigon|[notarget]\n|-fail|p2a: Arcanine\n|\n|upkeep\n|\n|t:|1771262342\n|switch|p1a: Rhyperior|Rhyperior, L82, F|207/323\n|turn|28\n|\n|t:|1771262349\n|move|p2a: Arcanine|Flare Blitz|p1a: Rhyperior\n|-resisted|p1a: Rhyperior\n|-damage|p1a: Rhyperior|159/323\n|move|p1a: Rhyperior|Earthquake|p2a: Arcanine\n|-supereffective|p2a: Arcanine\n|-damage|p2a: Arcanine|0 fnt\n|faint|p2a: Arcanine\n|\n|upkeep\n|\n|t:|1771262351\n|switch|p2a: Dedenne|Dedenne, L88, M|196/261\n|turn|29\n|\n|t:|1771262353\n|move|p2a: Dedenne|Dazzling Gleam|p1a: Rhyperior\n|-damage|p1a: Rhyperior|74/323\n|move|p1a: Rhyperior|Earthquake|p2a: Dedenne\n|-supereffective|p2a: Dedenne\n|-damage|p2a: Dedenne|0 fnt\n|faint|p2a: Dedenne\n|\n|win|Garevitarna\n|raw|Garevitarna's rating: 1542 &rarr; <strong>1563</strong><br />(+21 for winning)\n|raw|krabbyspatties's rating: 1568 &rarr; <strong>1547</strong><br />(-21 for losing)\n|l|☆krabbyspatties\n|player|p2|\n|c|☆Garevitarna|i didnt think i'd win that\n|c|☆Garevitarna|almost quit after shadow sneak houndstone\n|c|☆Garevitarna|but damn, clutch win for some reason\n", "inputlog": ">version 686819e5e19f8a7fd2345cfc5a08a5085efa2cc3\n>start {\"formatid\":\"gen9randombattle\",\"seed\":\"sodium,729bb6ea66b4da30274673fbfb6ad36f\",\"rated\":\"Rated battle\"}\n>player p1 {\"name\":\"Garevitarna\",\"avatar\":\"mira\",\"rating\":1542,\"seed\":\"sodium,3f18dd340f25f0c9a867a001f50cf143\"}\n>player p2 {\"name\":\"krabbyspatties\",\"avatar\":\"170\",\"rating\":1568,\"seed\":\"sodium,5b6edbe3046f83e32c5a1e1235573308\"}\n>p1 switch 3\n>p2 move nuzzle\n>p1 move earthquake\n>p2 move uturn\n>p2 switch 4\n>p1 switch 3\n>p2 move closecombat\n>p1 move dragondance\n>p2 move closecombat\n>p1 move waterfall\n>p2 switch 6\n>p1 switch 6\n>p2 move shadowsneak\n>p1 move stickyweb\n>p2 switch 3\n>p1 switch 2\n>p2 move headsmash\n>p1 switch 3\n>p2 move headsmash\n>p1 move dragontail\n>p2 switch 3\n>p1 switch 2\n>p2 move closecombat\n>p1 move knockoff\n>p2 move closecombat\n>p1 move pounce\n>p2 switch 2\n>p1 move knockoff\n>p2 move rapidspin\n>p1 move stickyweb\n>p2 move rapidspin\n>p1 switch 4\n>p1 move darkpulse\n>p2 move voltswitch\n>p2 switch 4\n>p1 switch 2\n>p2 move nuzzle\n>p1 move earthquake\n>p2 move uturn\n>p2 switch 2\n>p2 switch 6\n>p1 switch 3\n>p2 move closecombat\n>p1 switch 5\n>p1 move dragondance\n>p2 move closecombat terastallize\n>p1 move dragonascent\n>p2 switch 5\n>p1 move dragonascent terastallize\n>p2 move shadowsneak\n>p1 switch 2\n>p1 move darkpulse\n>p2 move bodypress\n>p2 switch 5\n>p1 move dracometeor\n>p2 move closecombat\n>p2 switch 4\n>p1 move darkpulse\n>p2 move rapidspin\n>p1 move darkpulse\n>p2 move ironhead\n>p2 switch 3\n>p1 move darkpulse\n>p2 move flareblitz\n>p1 switch 3\n>p1 move earthquake\n>p2 move flareblitz\n>p2 switch 2\n>p1 move earthquake\n>p2 move dazzlinggleam", "uploadtime": 1771262694, "views": 5, "formatid": "gen9randombattle", "rating": 1547, "private": 0, "password": null}