{"id": "gen9randombattle-2540799705", "format": "[Gen 9] Random Battle", "players": ["MzlleThug", "HorneroSnipero"], "log": "|j|☆MzlleThug\n|j|☆HorneroSnipero\n|t:|1771255296\n|gametype|singles\n|player|p1|MzlleThug|lady-gen4|1616\n|player|p2|HorneroSnipero|birdkeeper-gen4dp|1639\n|gen|9\n|tier|[Gen 9] Random Battle\n|rated|\n|rule|Species Clause: Limit one of each Pokémon\n|rule|HP Percentage Mod: HP is shown in percentages\n|rule|Sleep Clause Mod: Limit one foe put to sleep\n|rule|Illusion Level Mod: Illusion disguises the Pokémon's true level\n|\n|t:|1771255296\n|teamsize|p1|6\n|teamsize|p2|6\n|start\n|switch|p1a: Lapras|Lapras, L87, M|367/367\n|switch|p2a: Morpeko|Morpeko, L88, M|245/245\n|turn|1\n|inactive|Battle timer is ON: inactive players will automatically lose when time's up. (requested by MzlleThug)\n|j| Albrtix\n|\n|t:|1771255307\n|switch|p1a: Flygon|Flygon, L82, M|265/265\n|move|p2a: Morpeko|Aura Wheel|p1a: Flygon\n|-immune|p1a: Flygon\n|\n|-formechange|p2a: Morpeko|Morpeko-Hangry||[from] ability: Hunger Switch\n|upkeep\n|turn|2\n|\n|t:|1771255311\n|move|p2a: Morpeko|Parting Shot|p1a: Flygon\n|-unboost|p1a: Flygon|atk|1\n|-unboost|p1a: Flygon|spa|1\n|\n|t:|1771255317\n|switch|p2a: Cresselia|Cresselia, L80, F|323/323|[from] Parting Shot\n|move|p1a: Flygon|U-turn|p2a: Cresselia\n|-supereffective|p2a: Cresselia\n|-damage|p2a: Cresselia|241/323\n|\n|t:|1771255331\n|switch|p1a: Passimian|Passimian, L83, M|302/302|[from] U-turn\n|\n|-heal|p2a: Cresselia|261/323|[from] item: Leftovers\n|upkeep\n|turn|3\n|\n|t:|1771255341\n|move|p2a: Cresselia|Calm Mind|p2a: Cresselia\n|-boost|p2a: Cresselia|spa|1\n|-boost|p2a: Cresselia|spd|1\n|move|p1a: Passimian|Knock Off|p2a: Cresselia\n|-supereffective|p2a: Cresselia\n|-damage|p2a: Cresselia|35/323\n|-enditem|p2a: Cresselia|Leftovers|[from] move: Knock Off|[of] p1a: Passimian\n|\n|upkeep\n|turn|4\n|\n|t:|1771255345\n|move|p2a: Cresselia|Moonblast|p1a: Passimian\n|-supereffective|p1a: Passimian\n|-damage|p1a: Passimian|96/302\n|-unboost|p1a: Passimian|spa|1\n|-ability|p1a: Passimian|Defiant|boost\n|-boost|p1a: Passimian|atk|2\n|move|p1a: Passimian|Knock Off|p2a: Cresselia\n|-supereffective|p2a: Cresselia\n|-damage|p2a: Cresselia|0 fnt\n|faint|p2a: Cresselia\n|\n|upkeep\n|\n|t:|1771255351\n|switch|p2a: Great Tusk|Great Tusk, L77|304/304\n|-enditem|p2a: Great Tusk|Booster Energy\n|-activate|p2a: Great Tusk|ability: Protosynthesis|[fromitem]\n|-start|p2a: Great Tusk|protosynthesisatk\n|turn|5\n|\n|t:|1771255359\n|move|p1a: Passimian|Knock Off|p2a: Great Tusk\n|-resisted|p2a: Great Tusk\n|-damage|p2a: Great Tusk|237/304\n|move|p2a: Great Tusk|Close Combat|p1a: Passimian\n|-damage|p1a: Passimian|0 fnt\n|-unboost|p2a: Great Tusk|def|1\n|-unboost|p2a: Great Tusk|spd|1\n|faint|p1a: Passimian\n|\n|upkeep\n|\n|t:|1771255365\n|switch|p1a: Noctowl|Noctowl, L95, M|344/344\n|turn|6\n|\n|t:|1771255372\n|move|p1a: Noctowl|Hyper Voice|p2a: Great Tusk\n|-damage|p2a: Great Tusk|0 fnt\n|faint|p2a: Great Tusk\n|-end|p2a: Great Tusk|Protosynthesis|[silent]\n|\n|upkeep\n|\n|t:|1771255376\n|switch|p2a: Morpeko|Morpeko, L88, M|245/245\n|turn|7\n|\n|t:|1771255385\n|switch|p1a: Flygon|Flygon, L82, M|265/265\n|move|p2a: Morpeko|Rapid Spin|p1a: Flygon\n|-damage|p1a: Flygon|223/265\n|-boost|p2a: Morpeko|spe|1\n|\n|-formechange|p2a: Morpeko|Morpeko-Hangry||[from] ability: Hunger Switch\n|upkeep\n|turn|8\n|\n|t:|1771255391\n|move|p2a: Morpeko|Protect|p2a: Morpeko\n|-singleturn|p2a: Morpeko|Protect\n|move|p1a: Flygon|U-turn|p2a: Morpeko\n|-activate|p2a: Morpeko|move: Protect\n|\n|-formechange|p2a: Morpeko|Morpeko||[from] ability: Hunger Switch\n|upkeep\n|turn|9\n|\n|t:|1771255394\n|move|p2a: Morpeko|Parting Shot|p1a: Flygon\n|-unboost|p1a: Flygon|atk|1\n|-unboost|p1a: Flygon|spa|1\n|\n|t:|1771255397\n|switch|p2a: Mightyena|Mightyena, L96, M|290/290|[from] Parting Shot\n|-ability|p2a: Mightyena|Intimidate|boost\n|-unboost|p1a: Flygon|atk|1\n|move|p1a: Flygon|U-turn|p2a: Mightyena\n|-supereffective|p2a: Mightyena\n|-damage|p2a: Mightyena|216/290\n|\n|t:|1771255409\n|switch|p1a: Lapras|Lapras, L87, M|367/367|[from] U-turn\n|\n|upkeep\n|turn|10\n|\n|t:|1771255414\n|move|p2a: Mightyena|Poison Fang|p1a: Lapras\n|-damage|p1a: Lapras|297/367\n|move|p1a: Lapras|Sparkling Aria|p2a: Mightyena\n|-damage|p2a: Mightyena|48/290\n|\n|upkeep\n|turn|11\n|\n|t:|1771255419\n|move|p2a: Mightyena|Poison Fang|p1a: Lapras\n|-damage|p1a: Lapras|232/367\n|-status|p1a: Lapras|tox\n|move|p1a: Lapras|Sparkling Aria|p2a: Mightyena\n|-damage|p2a: Mightyena|0 fnt\n|faint|p2a: Mightyena\n|\n|-damage|p1a: Lapras|210/367 tox|[from] psn\n|upkeep\n|\n|t:|1771255424\n|switch|p2a: Alcremie|Alcremie-Lemon-Cream, L90, F|263/263\n|turn|12\n|\n|t:|1771255430\n|switch|p1a: Flygon|Flygon, L82, M|223/265\n|move|p2a: Alcremie|Calm Mind|p2a: Alcremie\n|-boost|p2a: Alcremie|spa|1\n|-boost|p2a: Alcremie|spd|1\n|\n|upkeep\n|turn|13\n|\n|t:|1771255440\n|-terastallize|p1a: Flygon|Rock\n|move|p1a: Flygon|Earthquake|p2a: Alcremie\n|-damage|p2a: Alcremie|104/263\n|move|p2a: Alcremie|Alluring Voice|p1a: Flygon\n|-damage|p1a: Flygon|30/265\n|\n|-heal|p2a: Alcremie|120/263|[from] item: Leftovers\n|upkeep\n|turn|14\n|\n|t:|1771255446\n|move|p1a: Flygon|Earthquake|p2a: Alcremie\n|-damage|p2a: Alcremie|0 fnt\n|faint|p2a: Alcremie\n|\n|upkeep\n|\n|t:|1771255448\n|switch|p2a: Toxtricity|Toxtricity, L82, M|257/257\n|turn|15\n|\n|t:|1771255453\n|switch|p1a: Lapras|Lapras, L87, M|210/367 tox\n|move|p2a: Toxtricity|Boomburst|p1a: Lapras\n|-damage|p1a: Lapras|74/367 tox\n|\n|-damage|p1a: Lapras|52/367 tox|[from] psn\n|upkeep\n|turn|16\n|\n|t:|1771255456\n|move|p2a: Toxtricity|Boomburst|p1a: Lapras\n|-damage|p1a: Lapras|0 fnt\n|faint|p1a: Lapras\n|\n|upkeep\n|\n|t:|1771255461\n|switch|p1a: Alomomola|Alomomola, L87, M|429/429\n|turn|17\n|\n|t:|1771255468\n|switch|p2a: Morpeko|Morpeko, L88, M|245/245\n|move|p1a: Alomomola|Flip Turn|p2a: Morpeko\n|-damage|p2a: Morpeko|172/245\n|\n|t:|1771255471\n|switch|p1a: Avalugg|Avalugg, L88, M|310/310|[from] Flip Turn\n|\n|-formechange|p2a: Morpeko|Morpeko-Hangry||[from] ability: Hunger Switch\n|upkeep\n|turn|18\n|\n|t:|1771255474\n|move|p2a: Morpeko|Aura Wheel|p1a: Avalugg\n|-damage|p1a: Avalugg|243/310\n|-boost|p2a: Morpeko|spe|1\n|move|p1a: Avalugg|Curse|p1a: Avalugg\n|-unboost|p1a: Avalugg|spe|1\n|-boost|p1a: Avalugg|atk|1\n|-boost|p1a: Avalugg|def|1\n|\n|-formechange|p2a: Morpeko|Morpeko||[from] ability: Hunger Switch\n|upkeep\n|turn|19\n|\n|t:|1771255479\n|move|p2a: Morpeko|Aura Wheel|p1a: Avalugg\n|-damage|p1a: Avalugg|201/310\n|-boost|p2a: Morpeko|spe|1\n|move|p1a: Avalugg|Recover|p1a: Avalugg\n|-heal|p1a: Avalugg|310/310\n|\n|-formechange|p2a: Morpeko|Morpeko-Hangry||[from] ability: Hunger Switch\n|upkeep\n|turn|20\n|\n|t:|1771255482\n|move|p2a: Morpeko|Aura Wheel|p1a: Avalugg\n|-damage|p1a: Avalugg|265/310\n|-boost|p2a: Morpeko|spe|1\n|move|p1a: Avalugg|Curse|p1a: Avalugg\n|-unboost|p1a: Avalugg|spe|1\n|-boost|p1a: Avalugg|atk|1\n|-boost|p1a: Avalugg|def|1\n|\n|-formechange|p2a: Morpeko|Morpeko||[from] ability: Hunger Switch\n|upkeep\n|turn|21\n|\n|t:|1771255488\n|move|p2a: Morpeko|Parting Shot|p1a: Avalugg\n|-unboost|p1a: Avalugg|atk|1\n|-unboost|p1a: Avalugg|spa|1\n|\n|t:|1771255490\n|switch|p2a: Toxtricity|Toxtricity, L82, M|257/257|[from] Parting Shot\n|move|p1a: Avalugg|Recover|p1a: Avalugg\n|-heal|p1a: Avalugg|310/310\n|\n|upkeep\n|turn|22\n|\n|t:|1771255494\n|move|p2a: Toxtricity|Boomburst|p1a: Avalugg\n|-damage|p1a: Avalugg|112/310\n|move|p1a: Avalugg|Avalanche|p2a: Toxtricity\n|-damage|p2a: Toxtricity|0 fnt\n|faint|p2a: Toxtricity\n|\n|upkeep\n|-message|HorneroSnipero forfeited.\n|\n|win|MzlleThug\n|raw|MzlleThug's rating: 1616 &rarr; <strong>1637</strong><br />(+21 for winning)\n|raw|HorneroSnipero's rating: 1639 &rarr; <strong>1618</strong><br />(-21 for losing)\n|l|☆HorneroSnipero\n|player|p2|\n|l|☆MzlleThug\n|player|p1|\n", "inputlog": ">version 686819e5e19f8a7fd2345cfc5a08a5085efa2cc3\n>start {\"formatid\":\"gen9randombattle\",\"seed\":\"sodium,d292a944cdc814d9a678acd8c5f50ed9\",\"rated\":\"Rated battle\"}\n>player p1 {\"name\":\"MzlleThug\",\"avatar\":\"lady-gen4\",\"rating\":1616,\"seed\":\"sodium,5483960607189f8eaf6a8abe6533e572\"}\n>player p2 {\"name\":\"HorneroSnipero\",\"avatar\":\"birdkeeper-gen4dp\",\"rating\":1639,\"seed\":\"sodium,c189384fad411ee3a99bfe46abcfa109\"}\n>p1 switch 4\n>p2 move aurawheel\n>p1 move uturn\n>p2 move partingshot\n>p2 switch 5\n>p1 switch 6\n>p1 move knockoff\n>p2 move calmmind\n>p1 move knockoff\n>p2 move moonblast\n>p2 switch 3\n>p1 move knockoff\n>p2 move closecombat\n>p1 switch 3\n>p1 move hypervoice\n>p2 move stoneedge\n>p2 switch 5\n>p1 switch 6\n>p2 move rapidspin\n>p1 move uturn\n>p2 move protect\n>p1 move uturn\n>p2 move partingshot\n>p2 switch 4\n>p1 switch 4\n>p1 move sparklingaria\n>p2 move poisonfang\n>p1 move sparklingaria\n>p2 move poisonfang\n>p2 switch 6\n>p1 switch 4\n>p2 move calmmind\n>p1 move earthquake terastallize\n>p2 move alluringvoice\n>p1 move earthquake\n>p2 move alluringvoice\n>p2 switch 2\n>p1 switch 4\n>p2 move boomburst\n>p1 move sparklingaria\n>p2 move boomburst\n>p1 switch 2\n>p1 move flipturn\n>p2 switch 4\n>p1 switch 5\n>p1 move curse\n>p2 move aurawheel\n>p1 move recover\n>p2 move aurawheel\n>p1 move curse\n>p2 move aurawheel\n>p1 move recover\n>p2 move partingshot\n>p2 switch 4\n>p1 move avalanche\n>p2 move boomburst\n>forcelose p2", "uploadtime": 1771255567, "views": 7, "formatid": "gen9randombattle", "rating": 1618, "private": 0, "password": null}