{"id": "gen9randombattle-2540285143", "format": "[Gen 9] Random Battle", "players": ["Easye99", "BrennainSan"], "log": "|j|☆Easye99\n|j|☆BrennainSan\n|t:|1771184590\n|gametype|singles\n|player|p1|Easye99|steven|1761\n|player|p2|BrennainSan|marshal|1744\n|gen|9\n|tier|[Gen 9] Random Battle\n|rated|\n|rule|Species Clause: Limit one of each Pokémon\n|rule|HP Percentage Mod: HP is shown in percentages\n|rule|Sleep Clause Mod: Limit one foe put to sleep\n|rule|Illusion Level Mod: Illusion disguises the Pokémon's true level\n|\n|t:|1771184590\n|teamsize|p1|6\n|teamsize|p2|6\n|start\n|switch|p1a: Volcarona|Volcarona, L77, M|257/257\n|switch|p2a: Golurk|Golurk, L87|297/297\n|turn|1\n|\n|t:|1771184602\n|switch|p1a: Alcremie|Alcremie-Salted-Cream, L90, F|263/263\n|move|p2a: Golurk|Poltergeist|p1a: Alcremie\n|-activate|p1a: Alcremie|move: Poltergeist|Leftovers\n|-damage|p1a: Alcremie|7/263\n|\n|-heal|p1a: Alcremie|23/263|[from] item: Leftovers\n|upkeep\n|turn|2\n|\n|t:|1771184610\n|switch|p1a: Meloetta|Meloetta, L82|298/298\n|switch|p2a: Glimmora|Glimmora, L75, M|248/248\n|\n|upkeep\n|turn|3\n|inactive|Battle timer is ON: inactive players will automatically lose when time's up. (requested by Easye99)\n|\n|t:|1771184617\n|switch|p2a: Bronzong|Bronzong, L88|261/261\n|move|p1a: Meloetta|Calm Mind|p1a: Meloetta\n|-boost|p1a: Meloetta|spa|1\n|-boost|p1a: Meloetta|spd|1\n|\n|upkeep\n|turn|4\n|\n|t:|1771184626\n|move|p1a: Meloetta|Calm Mind|p1a: Meloetta\n|-boost|p1a: Meloetta|spa|1\n|-boost|p1a: Meloetta|spd|1\n|move|p2a: Bronzong|Iron Defense|p2a: Bronzong\n|-boost|p2a: Bronzong|def|2\n|\n|upkeep\n|turn|5\n|\n|t:|1771184630\n|move|p1a: Meloetta|Focus Blast|p2a: Bronzong|[miss]\n|-miss|p1a: Meloetta|p2a: Bronzong\n|move|p2a: Bronzong|Body Press|p1a: Meloetta\n|-damage|p1a: Meloetta|137/298\n|\n|upkeep\n|turn|6\n|\n|t:|1771184633\n|move|p1a: Meloetta|Focus Blast|p2a: Bronzong|[miss]\n|-miss|p1a: Meloetta|p2a: Bronzong\n|move|p2a: Bronzong|Body Press|p1a: Meloetta\n|-damage|p1a: Meloetta|0 fnt\n|faint|p1a: Meloetta\n|\n|upkeep\n|\n|t:|1771184638\n|switch|p1a: Heatran|Heatran, L79, M|273/273\n|-item|p1a: Heatran|Air Balloon\n|turn|7\n|\n|t:|1771184647\n|move|p1a: Heatran|Magma Storm|p2a: Bronzong\n|-supereffective|p2a: Bronzong\n|-damage|p2a: Bronzong|85/261\n|-activate|p2a: Bronzong|move: Magma Storm|[of] p1a: Heatran\n|move|p2a: Bronzong|Body Press|p1a: Heatran\n|-supereffective|p1a: Heatran\n|-damage|p1a: Heatran|0 fnt\n|-enditem|p1a: Heatran|Air Balloon\n|faint|p1a: Heatran\n|\n|-end|p2a: Bronzong|Magma Storm|[partiallytrapped]|[silent]\n|upkeep\n|\n|t:|1771184655\n|switch|p1a: Volcarona|Volcarona, L77, M|257/257\n|turn|8\n|\n|t:|1771184664\n|switch|p2a: Flareon|Flareon, L90, F|263/263\n|move|p1a: Volcarona|Quiver Dance|p1a: Volcarona\n|-boost|p1a: Volcarona|spa|1\n|-boost|p1a: Volcarona|spd|1\n|-boost|p1a: Volcarona|spe|1\n|\n|-status|p2a: Flareon|tox|[from] item: Toxic Orb\n|upkeep\n|turn|9\n|\n|t:|1771184689\n|-terastallize|p1a: Volcarona|Ground\n|-terastallize|p2a: Flareon|Normal\n|move|p1a: Volcarona|Tera Blast|p2a: Flareon|[anim] Tera Blast Ground\n|-damage|p2a: Flareon|163/263 tox\n|move|p2a: Flareon|Facade|p1a: Volcarona\n|-damage|p1a: Volcarona|0 fnt\n|faint|p1a: Volcarona\n|\n|-damage|p2a: Flareon|147/263 tox|[from] psn\n|upkeep\n|\n|t:|1771184701\n|switch|p1a: Alcremie|Alcremie-Salted-Cream, L90, F|23/263\n|turn|10\n|\n|t:|1771184708\n|move|p2a: Flareon|Trailblaze|p1a: Alcremie\n|-damage|p1a: Alcremie|0 fnt\n|-boost|p2a: Flareon|spe|1\n|faint|p1a: Alcremie\n|\n|-damage|p2a: Flareon|115/263 tox|[from] psn\n|upkeep\n|\n|t:|1771184719\n|switch|p1a: Miraidon|Miraidon, L65|238/238\n|-fieldstart|move: Electric Terrain|[from] ability: Hadron Engine|[of] p1a: Miraidon\n|turn|11\n|\n|t:|1771184723\n|move|p2a: Flareon|Facade|p1a: Miraidon\n|-damage|p1a: Miraidon|0 fnt\n|faint|p1a: Miraidon\n|\n|-damage|p2a: Flareon|67/263 tox|[from] psn\n|upkeep\n|\n|t:|1771184726\n|switch|p1a: Serperior|Serperior, L79, F|248/248\n|turn|12\n|\n|t:|1771184732\n|move|p2a: Flareon|Flare Blitz|p1a: Serperior\n|-supereffective|p1a: Serperior\n|-damage|p1a: Serperior|0 fnt\n|faint|p1a: Serperior\n|-damage|p2a: Flareon|0 fnt|[from] Recoil\n|faint|p2a: Flareon\n|\n|win|BrennainSan\n|raw|Easye99's rating: 1761 &rarr; <strong>1740</strong><br />(-21 for losing)\n|raw|BrennainSan's rating: 1744 &rarr; <strong>1765</strong><br />(+21 for winning)\n|l|☆Easye99\n|player|p1|\n", "inputlog": ">version 686819e5e19f8a7fd2345cfc5a08a5085efa2cc3\n>start {\"formatid\":\"gen9randombattle\",\"seed\":\"sodium,7b4ebbf49b0844a3dec952ee092ce071\",\"rated\":\"Rated battle\"}\n>player p1 {\"name\":\"Easye99\",\"avatar\":\"steven\",\"rating\":1761,\"seed\":\"sodium,f0c22b20a5c46c184c28d9e4b9081721\"}\n>player p2 {\"name\":\"BrennainSan\",\"avatar\":\"marshal\",\"rating\":1744,\"seed\":\"sodium,4035c2dfcfe17299dcbc424740677ebf\"}\n>p1 switch 5\n>p2 move poltergeist\n>p1 switch 6\n>p2 switch 4\n>p1 move calmmind\n>p2 switch 6\n>p1 move calmmind\n>p2 move irondefense\n>p1 move focusblast\n>p2 move bodypress\n>p1 move focusblast\n>p2 move bodypress\n>p1 switch 2\n>p1 move magmastorm\n>p2 move bodypress\n>p1 switch 5\n>p1 move quiverdance\n>p2 switch 3\n>p1 move terablast terastallize\n>p2 move facade terastallize\n>p1 switch 6\n>p1 move alluringvoice\n>p2 move trailblaze\n>p1 switch 4\n>p1 move electrodrift\n>p2 move facade\n>p1 switch 3\n>p1 move glare\n>p2 move flareblitz", "uploadtime": 1771184750, "views": 11, "formatid": "gen9randombattle", "rating": 1740, "private": 0, "password": null}