{"id": "gen9randombattle-2540305796", "format": "[Gen 9] Random Battle", "players": ["ImSuchAMemer", "improvguy"], "log": "|j|☆ImSuchAMemer\n|j|☆improvguy\n|t:|1771186814\n|gametype|singles\n|player|p1|ImSuchAMemer|bruno|1660\n|player|p2|improvguy|cameraman|1718\n|gen|9\n|tier|[Gen 9] Random Battle\n|rated|\n|rule|Species Clause: Limit one of each Pokémon\n|rule|HP Percentage Mod: HP is shown in percentages\n|rule|Sleep Clause Mod: Limit one foe put to sleep\n|rule|Illusion Level Mod: Illusion disguises the Pokémon's true level\n|\n|t:|1771186814\n|teamsize|p1|6\n|teamsize|p2|6\n|start\n|switch|p1a: Forretress|Forretress, L84, F|263/263\n|switch|p2a: Medicham|Medicham, L86, M|243/243\n|turn|1\n|inactive|Battle timer is ON: inactive players will automatically lose when time's up. (requested by ImSuchAMemer)\n|inactive|ImSuchAMemer has 120 seconds left.\n|\n|t:|1771186854\n|switch|p2a: Entei|Entei, L78|307/307\n|move|p1a: Forretress|Spikes|p2a: Entei\n|-sidestart|p2: improvguy|Spikes\n|\n|upkeep\n|turn|2\n|\n|t:|1771186867\n|switch|p1a: Hitmontop|Hitmontop, L88, M|231/231\n|-ability|p1a: Hitmontop|Intimidate|boost\n|-fail|p2a: Entei|unboost|Attack|[from] ability: Inner Focus|[of] p2a: Entei\n|move|p2a: Entei|Sacred Fire|p1a: Hitmontop\n|-damage|p1a: Hitmontop|96/231\n|-status|p1a: Hitmontop|brn\n|\n|-damage|p1a: Hitmontop|82/231 brn|[from] brn\n|upkeep\n|turn|3\n|inactive|ImSuchAMemer has 120 seconds left.\n|inactive|ImSuchAMemer has 90 seconds left.\n|\n|t:|1771186931\n|move|p1a: Hitmontop|Sucker Punch|p2a: Entei\n|-damage|p2a: Entei|264/307\n|move|p2a: Entei|Sacred Fire|p1a: Hitmontop\n|-damage|p1a: Hitmontop|0 fnt\n|faint|p1a: Hitmontop\n|\n|upkeep\n|inactive|ImSuchAMemer has 90 seconds left.\n|\n|t:|1771186937\n|switch|p1a: Minun|Minun, L95, F|268/268\n|turn|4\n|inactive|improvguy has 120 seconds left.\n|\n|t:|1771186968\n|switch|p2a: Dedenne|Dedenne, L88, F|261/261\n|-damage|p2a: Dedenne|229/261|[from] Spikes\n|move|p1a: Minun|Thunderbolt|p2a: Dedenne\n|-resisted|p2a: Dedenne\n|-damage|p2a: Dedenne|147/261\n|-damage|p1a: Minun|242/268|[from] item: Life Orb\n|\n|upkeep\n|turn|5\n|inactive|ImSuchAMemer has 90 seconds left.\n|\n|t:|1771186988\n|switch|p1a: Forretress|Forretress, L84, F|263/263\n|move|p2a: Dedenne|Dazzling Gleam|p1a: Forretress\n|-resisted|p1a: Forretress\n|-damage|p1a: Forretress|207/263\n|\n|-heal|p1a: Forretress|223/263|[from] item: Leftovers\n|upkeep\n|turn|6\n|\n|t:|1771186997\n|move|p2a: Dedenne|Thunderbolt|p1a: Forretress\n|-damage|p1a: Forretress|91/263\n|move|p1a: Forretress|Spikes|p2a: Dedenne\n|-sidestart|p2: improvguy|Spikes\n|\n|-heal|p1a: Forretress|107/263|[from] item: Leftovers\n|upkeep\n|turn|7\n|\n|t:|1771187001\n|move|p2a: Dedenne|Thunderbolt|p1a: Forretress\n|-damage|p1a: Forretress|0 fnt\n|faint|p1a: Forretress\n|\n|upkeep\n|inactive|ImSuchAMemer has 90 seconds left.\n|\n|t:|1771187028\n|switch|p1a: Braviary|Braviary-Hisui, L85, M|326/326\n|turn|8\n|inactive|ImSuchAMemer has 90 seconds left.\n|\n|t:|1771187068\n|switch|p1a: Minun|Minun, L95, F|242/268\n|move|p2a: Dedenne|U-turn|p1a: Minun\n|-damage|p1a: Minun|191/268\n|\n|t:|1771187075\n|switch|p2a: Raging Bolt|Raging Bolt, L78|323/323|[from] U-turn\n|-damage|p2a: Raging Bolt|270/323|[from] Spikes\n|-enditem|p2a: Raging Bolt|Booster Energy\n|-activate|p2a: Raging Bolt|ability: Protosynthesis|[fromitem]\n|-start|p2a: Raging Bolt|protosynthesisspa\n|\n|upkeep\n|turn|9\n|inactive|ImSuchAMemer has 60 seconds left.\n|\n|t:|1771187117\n|move|p1a: Minun|Alluring Voice|p2a: Raging Bolt\n|-supereffective|p2a: Raging Bolt\n|-damage|p2a: Raging Bolt|101/323\n|-damage|p1a: Minun|165/268|[from] item: Life Orb\n|move|p2a: Raging Bolt|Dragon Pulse|p1a: Minun\n|-damage|p1a: Minun|47/268\n|\n|upkeep\n|turn|10\n|\n|t:|1771187130\n|move|p1a: Minun|Alluring Voice|p2a: Raging Bolt\n|-supereffective|p2a: Raging Bolt\n|-crit|p2a: Raging Bolt\n|-damage|p2a: Raging Bolt|0 fnt\n|faint|p2a: Raging Bolt\n|-end|p2a: Raging Bolt|Protosynthesis|[silent]\n|-damage|p1a: Minun|21/268|[from] item: Life Orb\n|\n|upkeep\n|\n|t:|1771187138\n|switch|p2a: Entei|Entei, L78|264/307\n|-damage|p2a: Entei|213/307|[from] Spikes\n|turn|11\n|inactive|ImSuchAMemer has 60 seconds left.\n|\n|t:|1771187150\n|switch|p1a: Torterra|Torterra, L78, F|276/276\n|move|p2a: Entei|Extreme Speed|p1a: Torterra\n|-damage|p1a: Torterra|203/276\n|\n|upkeep\n|turn|12\n|\n|t:|1771187154\n|switch|p2a: Mightyena|Mightyena, L96, M|290/290\n|-damage|p2a: Mightyena|242/290|[from] Spikes\n|-ability|p2a: Mightyena|Intimidate|boost\n|-unboost|p1a: Torterra|atk|1\n|move|p1a: Torterra|Shell Smash|p1a: Torterra\n|-unboost|p1a: Torterra|def|1\n|-unboost|p1a: Torterra|spd|1\n|-boost|p1a: Torterra|atk|2\n|-boost|p1a: Torterra|spa|2\n|-boost|p1a: Torterra|spe|2\n|\n|upkeep\n|turn|13\n|inactive|ImSuchAMemer has 60 seconds left.\n|inactive|ImSuchAMemer has 30 seconds left.\n|inactive|ImSuchAMemer has 20 seconds left.\n|\n|t:|1771187211\n|move|p1a: Torterra|Shell Smash|p1a: Torterra\n|-unboost|p1a: Torterra|def|1\n|-unboost|p1a: Torterra|spd|1\n|-boost|p1a: Torterra|atk|2\n|-boost|p1a: Torterra|spa|2\n|-boost|p1a: Torterra|spe|2\n|move|p2a: Mightyena|Throat Chop|p1a: Torterra\n|-damage|p1a: Torterra|0 fnt\n|faint|p1a: Torterra\n|\n|upkeep\n|inactive|ImSuchAMemer has 25 seconds left this turn.\n|inactive|ImSuchAMemer has 20 seconds left.\n|inactive|ImSuchAMemer has 15 seconds left.\n|inactive|ImSuchAMemer has 10 seconds left.\n|\n|t:|1771187226\n|switch|p1a: Braviary|Braviary-Hisui, L85, M|326/326\n|turn|14\n|inactive|ImSuchAMemer has 20 seconds left this turn.\n|\n|t:|1771187230\n|-terastallize|p1a: Braviary|Fairy\n|move|p2a: Mightyena|Throat Chop|p1a: Braviary\n|-resisted|p1a: Braviary\n|-damage|p1a: Braviary|233/326\n|-start|p1a: Braviary|Throat Chop|[silent]\n|move|p1a: Braviary|Hurricane|p2a: Mightyena|[miss]\n|-miss|p1a: Braviary|p2a: Mightyena\n|\n|upkeep\n|turn|15\n|inactive|ImSuchAMemer has 30 seconds left this turn.\n|\n|t:|1771187236\n|switch|p2a: Dedenne|Dedenne, L88, F|147/261\n|-damage|p2a: Dedenne|104/261|[from] Spikes\n|-enditem|p2a: Dedenne|Sitrus Berry|[eat]\n|-heal|p2a: Dedenne|169/261|[from] item: Sitrus Berry\n|-heal|p2a: Dedenne|256/261|[from] ability: Cheek Pouch\n|move|p1a: Braviary|Hurricane|p2a: Dedenne\n|-resisted|p2a: Dedenne\n|-damage|p2a: Dedenne|26/261\n|-start|p2a: Dedenne|confusion\n|\n|-end|p1a: Braviary|Throat Chop|[silent]\n|upkeep\n|turn|16\n|\n|t:|1771187242\n|switch|p1a: Minun|Minun, L95, F|21/268\n|-activate|p2a: Dedenne|confusion\n|move|p2a: Dedenne|Dazzling Gleam|p1a: Minun\n|-damage|p1a: Minun|0 fnt\n|faint|p1a: Minun\n|\n|upkeep\n|inactive|ImSuchAMemer has 30 seconds left.\n|\n|t:|1771187260\n|switch|p1a: Braviary|Braviary-Hisui, L85, M, tera:Fairy|233/326\n|turn|17\n|\n|t:|1771187263\n|-activate|p2a: Dedenne|confusion\n|-damage|p2a: Dedenne|0 fnt|[from] confusion\n|faint|p2a: Dedenne\n|move|p1a: Braviary|Esper Wing|p2: Dedenne|[notarget]\n|-fail|p1a: Braviary\n|\n|upkeep\n|\n|t:|1771187271\n|switch|p2a: Entei|Entei, L78|213/307\n|-damage|p2a: Entei|162/307|[from] Spikes\n|turn|18\n|\n|t:|1771187276\n|move|p2a: Entei|Flare Blitz|p1a: Braviary\n|-damage|p1a: Braviary|16/326\n|-status|p1a: Braviary|brn\n|-damage|p2a: Entei|90/307|[from] Recoil\n|move|p1a: Braviary|Esper Wing|p2a: Entei\n|-crit|p2a: Entei\n|-damage|p2a: Entei|0 fnt\n|-boost|p1a: Braviary|spe|1\n|faint|p2a: Entei\n|\n|-damage|p1a: Braviary|0 fnt|[from] brn\n|faint|p1a: Braviary\n|upkeep\n|\n|t:|1771187284\n|switch|p2a: Mightyena|Mightyena, L96, M|242/290\n|switch|p1a: Arceus|Arceus-Psychic, L69|280/280\n|-damage|p2a: Mightyena|194/290|[from] Spikes\n|-ability|p2a: Mightyena|Intimidate|boost\n|-unboost|p1a: Arceus|atk|1\n|turn|19\n|inactive|ImSuchAMemer has 60 seconds left.\n|\n|t:|1771187304\n|move|p1a: Arceus|Body Press|p2a: Mightyena\n|-supereffective|p2a: Mightyena\n|-crit|p2a: Mightyena\n|-damage|p2a: Mightyena|38/290\n|move|p2a: Mightyena|Throat Chop|p1a: Arceus\n|-supereffective|p1a: Arceus\n|-damage|p1a: Arceus|0 fnt\n|faint|p1a: Arceus\n|\n|win|improvguy\n|raw|ImSuchAMemer's rating: 1660 &rarr; <strong>1643</strong><br />(-17 for losing)\n|raw|improvguy's rating: 1718 &rarr; <strong>1735</strong><br />(+17 for winning)\n|l|☆ImSuchAMemer\n|player|p1|\n|c|☆improvguy|gg\n", "inputlog": ">version 686819e5e19f8a7fd2345cfc5a08a5085efa2cc3\n>start {\"formatid\":\"gen9randombattle\",\"seed\":\"sodium,d652d9b222855527485faba34409eec0\",\"rated\":\"Rated battle\"}\n>player p1 {\"name\":\"ImSuchAMemer\",\"avatar\":\"bruno\",\"rating\":1660,\"seed\":\"sodium,63a20bf2b8be8b3e0e32f8e9e390f494\"}\n>player p2 {\"name\":\"improvguy\",\"avatar\":\"cameraman\",\"rating\":1718,\"seed\":\"sodium,f5c62265857e961dd1eb9f19023171b4\"}\n>p1 move spikes\n>p2 switch 3\n>p1 switch 2\n>p2 move sacredfire\n>p1 move suckerpunch\n>p2 move sacredfire\n>p1 switch 3\n>p1 move thunderbolt\n>p2 switch 4\n>p1 switch 2\n>p2 move dazzlinggleam\n>p1 move spikes\n>p2 move thunderbolt\n>p1 move ironhead\n>p2 move thunderbolt\n>p1 switch 6\n>p1 switch 2\n>p2 move uturn\n>p2 switch 6\n>p1 move alluringvoice\n>p2 move dragonpulse\n>p1 move alluringvoice\n>p2 move dragonpulse\n>p2 switch 4\n>p1 switch 5\n>p2 move extremespeed\n>p1 move shellsmash\n>p2 switch 2\n>p1 move shellsmash\n>p2 move throatchop\n>p1 switch 2\n>p1 move hurricane terastallize\n>p2 move throatchop\n>p1 move hurricane\n>p2 switch 6\n>p1 switch 5\n>p2 move dazzlinggleam\n>p1 switch 5\n>p1 move esperwing\n>p2 move nuzzle\n>p2 switch 2\n>p1 move esperwing\n>p2 move flareblitz\n>p1 switch 4\n>p2 switch 6\n>p1 move bodypress\n>p2 move throatchop", "uploadtime": 1771187313, "views": 20, "formatid": "gen9randombattle", "rating": 1643, "private": 0, "password": null}