{"id": "gen9randombattle-2540092227", "format": "[Gen 9] Random Battle", "players": ["Hihihihiahahah", "erqw324"], "log": "|j|☆Hihihihiahahah\n|j|☆erqw324\n|t:|1771160442\n|gametype|singles\n|player|p1|Hihihihiahahah|harlequin|1534\n|player|p2|erqw324|youngcouple-gen4dp|1510\n|gen|9\n|tier|[Gen 9] Random Battle\n|rated|\n|rule|Species Clause: Limit one of each Pokémon\n|rule|HP Percentage Mod: HP is shown in percentages\n|rule|Sleep Clause Mod: Limit one foe put to sleep\n|rule|Illusion Level Mod: Illusion disguises the Pokémon's true level\n|\n|t:|1771160442\n|teamsize|p1|6\n|teamsize|p2|6\n|start\n|switch|p1a: Gothitelle|Gothitelle, L90, F|272/272\n|switch|p2a: Minior|Minior-Yellow, L79|224/224\n|-formechange|p2a: Minior|Minior-Meteor||[from] ability: Shields Down\n|turn|1\n|inactive|Battle timer is ON: inactive players will automatically lose when time's up. (requested by erqw324)\n|inactive|Hihihihiahahah has 120 seconds left.\n|\n|t:|1771160485\n|switch|p1a: Hypno|Hypno, L95, M|315/315\n|move|p2a: Minior|Shell Smash|p2a: Minior\n|-unboost|p2a: Minior|def|1\n|-unboost|p2a: Minior|spd|1\n|-boost|p2a: Minior|atk|2\n|-boost|p2a: Minior|spa|2\n|-boost|p2a: Minior|spe|2\n|-enditem|p2a: Minior|White Herb\n|-clearnegativeboost|p2a: Minior|[silent]\n|\n|upkeep\n|turn|2\n|\n|t:|1771160503\n|move|p2a: Minior|Acrobatics|p1a: Hypno\n|-damage|p1a: Hypno|165/315\n|move|p1a: Hypno|Toxic|p2a: Minior\n|-immune|p2a: Minior|[from] ability: Shields Down\n|\n|-heal|p1a: Hypno|184/315|[from] item: Leftovers\n|upkeep\n|turn|3\n|\n|t:|1771160516\n|move|p2a: Minior|Acrobatics|p1a: Hypno\n|-damage|p1a: Hypno|42/315\n|move|p1a: Hypno|Psychic Noise|p2a: Minior\n|-damage|p2a: Minior|146/224\n|-start|p2a: Minior|move: Heal Block\n|\n|-heal|p1a: Hypno|61/315|[from] item: Leftovers\n|upkeep\n|turn|4\n|\n|t:|1771160530\n|switch|p1a: Clodsire|Clodsire, L81, F|343/343\n|move|p2a: Minior|Acrobatics|p1a: Clodsire\n|-damage|p1a: Clodsire|249/343\n|\n|-heal|p1a: Clodsire|270/343|[from] item: Leftovers\n|-end|p2a: Minior|move: Heal Block\n|upkeep\n|turn|5\n|\n|t:|1771160541\n|move|p2a: Minior|Earthquake|p1a: Clodsire\n|-supereffective|p1a: Clodsire\n|-damage|p1a: Clodsire|152/343\n|move|p1a: Clodsire|Poison Jab|p2a: Minior\n|-resisted|p2a: Minior\n|-damage|p2a: Minior|116/224\n|\n|-heal|p1a: Clodsire|173/343|[from] item: Leftovers\n|upkeep\n|turn|6\n|\n|t:|1771160548\n|move|p2a: Minior|Earthquake|p1a: Clodsire\n|-supereffective|p1a: Clodsire\n|-damage|p1a: Clodsire|49/343\n|move|p1a: Clodsire|Recover|p1a: Clodsire\n|-heal|p1a: Clodsire|221/343\n|\n|-heal|p1a: Clodsire|242/343|[from] item: Leftovers\n|upkeep\n|turn|7\n|\n|t:|1771160557\n|move|p2a: Minior|Earthquake|p1a: Clodsire\n|-supereffective|p1a: Clodsire\n|-damage|p1a: Clodsire|126/343\n|move|p1a: Clodsire|Earthquake|p2a: Minior\n|-immune|p2a: Minior\n|\n|-heal|p1a: Clodsire|147/343|[from] item: Leftovers\n|upkeep\n|turn|8\n|\n|t:|1771160564\n|move|p2a: Minior|Earthquake|p1a: Clodsire\n|-supereffective|p1a: Clodsire\n|-damage|p1a: Clodsire|31/343\n|move|p1a: Clodsire|Recover|p1a: Clodsire\n|-heal|p1a: Clodsire|203/343\n|\n|-heal|p1a: Clodsire|224/343|[from] item: Leftovers\n|upkeep\n|turn|9\n|\n|t:|1771160583\n|move|p2a: Minior|Earthquake|p1a: Clodsire\n|-supereffective|p1a: Clodsire\n|-damage|p1a: Clodsire|96/343\n|move|p1a: Clodsire|Toxic Spikes|p2a: Minior\n|-sidestart|p2: erqw324|move: Toxic Spikes\n|\n|-heal|p1a: Clodsire|117/343|[from] item: Leftovers\n|upkeep\n|turn|10\n|c|☆Hihihihiahahah|my god\n|\n|t:|1771160605\n|move|p2a: Minior|Earthquake|p1a: Clodsire\n|-supereffective|p1a: Clodsire\n|-damage|p1a: Clodsire|1/343\n|move|p1a: Clodsire|Recover|p1a: Clodsire\n|-heal|p1a: Clodsire|173/343\n|\n|-heal|p1a: Clodsire|194/343|[from] item: Leftovers\n|upkeep\n|turn|11\n|inactive|erqw324 has 120 seconds left.\n|\n|t:|1771160631\n|move|p2a: Minior|Earthquake|p1a: Clodsire\n|-supereffective|p1a: Clodsire\n|-damage|p1a: Clodsire|62/343\n|move|p1a: Clodsire|Recover|p1a: Clodsire\n|-heal|p1a: Clodsire|234/343\n|\n|-heal|p1a: Clodsire|255/343|[from] item: Leftovers\n|upkeep\n|turn|12\n|\n|t:|1771160641\n|move|p2a: Minior|Earthquake|p1a: Clodsire\n|-supereffective|p1a: Clodsire\n|-damage|p1a: Clodsire|123/343\n|move|p1a: Clodsire|Recover|p1a: Clodsire\n|-heal|p1a: Clodsire|295/343\n|\n|-heal|p1a: Clodsire|316/343|[from] item: Leftovers\n|upkeep\n|turn|13\n|inactive|erqw324 has 120 seconds left.\n|\n|t:|1771160654\n|move|p2a: Minior|Earthquake|p1a: Clodsire\n|-supereffective|p1a: Clodsire\n|-damage|p1a: Clodsire|196/343\n|move|p1a: Clodsire|Poison Jab|p2a: Minior\n|-resisted|p2a: Minior\n|-damage|p2a: Minior|83/224\n|\n|-heal|p1a: Clodsire|217/343|[from] item: Leftovers\n|-formechange|p2a: Minior|Minior-Yellow||[from] ability: Shields Down\n|upkeep\n|turn|14\n|\n|t:|1771160665\n|move|p2a: Minior|Earthquake|p1a: Clodsire\n|-supereffective|p1a: Clodsire\n|-damage|p1a: Clodsire|47/343\n|move|p1a: Clodsire|Recover|p1a: Clodsire\n|-heal|p1a: Clodsire|219/343\n|\n|-heal|p1a: Clodsire|240/343|[from] item: Leftovers\n|upkeep\n|turn|15\n|\n|t:|1771160688\n|move|p2a: Minior|Earthquake|p1a: Clodsire\n|-supereffective|p1a: Clodsire\n|-damage|p1a: Clodsire|58/343\n|move|p1a: Clodsire|Toxic Spikes|p2a: Minior\n|-sidestart|p2: erqw324|move: Toxic Spikes\n|\n|-heal|p1a: Clodsire|79/343|[from] item: Leftovers\n|upkeep\n|turn|16\n|\n|t:|1771160700\n|move|p2a: Minior|Earthquake|p1a: Clodsire\n|-supereffective|p1a: Clodsire\n|-damage|p1a: Clodsire|0 fnt\n|faint|p1a: Clodsire\n|\n|upkeep\n|\n|t:|1771160705\n|switch|p1a: Magnezone|Magnezone, L85|258/258\n|turn|17\n|\n|t:|1771160723\n|-terastallize|p1a: Magnezone|Water\n|move|p2a: Minior|Earthquake|p1a: Magnezone\n|-damage|p1a: Magnezone|150/258\n|move|p1a: Magnezone|Discharge|p2a: Minior\n|-supereffective|p2a: Minior\n|-damage|p2a: Minior|0 fnt\n|faint|p2a: Minior\n|\n|upkeep\n|c|☆Hihihihiahahah|I hope you don t have a poison type lol\n|\n|t:|1771160737\n|switch|p2a: Volbeat|Volbeat, L90, M|263/263\n|turn|18\n|\n|t:|1771160749\n|move|p2a: Volbeat|Thunder Wave|p1a: Magnezone\n|-status|p1a: Magnezone|par\n|cant|p1a: Magnezone|par\n|\n|upkeep\n|turn|19\n|\n|t:|1771160762\n|move|p2a: Volbeat|U-turn|p1a: Magnezone\n|-damage|p1a: Magnezone|90/258 par\n|\n|t:|1771160765\n|switch|p2a: Darkrai|Darkrai, L77|234/234|[from] U-turn\n|-status|p2a: Darkrai|tox\n|move|p1a: Magnezone|Discharge|p2a: Darkrai\n|-damage|p2a: Darkrai|80/234 tox\n|\n|-damage|p2a: Darkrai|66/234 tox|[from] psn\n|upkeep\n|turn|20\n|\n|t:|1771160780\n|switch|p1a: Appletun|Appletun, L92, F|352/352\n|-terastallize|p2a: Darkrai|Poison\n|move|p2a: Darkrai|Sludge Bomb|p1a: Appletun\n|-supereffective|p1a: Appletun\n|-damage|p1a: Appletun|71/352\n|-damage|p2a: Darkrai|43/234 tox|[from] item: Life Orb\n|\n|-heal|p1a: Appletun|93/352|[from] item: Leftovers\n|-damage|p2a: Darkrai|15/234 tox|[from] psn\n|upkeep\n|turn|21\n|\n|t:|1771160791\n|switch|p2a: Volbeat|Volbeat, L90, M|263/263\n|move|p1a: Appletun|Recover|p1a: Appletun\n|-heal|p1a: Appletun|269/352\n|\n|-heal|p1a: Appletun|291/352|[from] item: Leftovers\n|upkeep\n|turn|22\n|\n|t:|1771160802\n|move|p2a: Volbeat|Encore|p1a: Appletun\n|-start|p1a: Appletun|Encore\n|move|p1a: Appletun|Recover|p1a: Appletun\n|-heal|p1a: Appletun|352/352\n|\n|upkeep\n|turn|23\n|\n|t:|1771160809\n|switch|p1a: Magnezone|Magnezone, L85, tera:Water|90/258 par\n|move|p2a: Volbeat|U-turn|p1a: Magnezone\n|-damage|p1a: Magnezone|33/258 par\n|\n|t:|1771160812\n|switch|p2a: Darkrai|Darkrai, L77, tera:Poison|15/234 tox|[from] U-turn\n|-sideend|p2: erqw324|move: Toxic Spikes|[of] p2a: Darkrai\n|\n|-damage|p2a: Darkrai|1/234 tox|[from] psn\n|upkeep\n|turn|24\n|\n|t:|1771160819\n|move|p2a: Darkrai|Sludge Bomb|p1a: Magnezone\n|-damage|p1a: Magnezone|0 fnt\n|faint|p1a: Magnezone\n|-damage|p2a: Darkrai|0 fnt|[from] item: Life Orb\n|faint|p2a: Darkrai\n|\n|upkeep\n|\n|t:|1771160831\n|switch|p2a: Stonjourner|Stonjourner, L91, M|330/330\n|switch|p1a: Lapras|Lapras, L87, F|367/367\n|turn|25\n|\n|t:|1771160838\n|move|p2a: Stonjourner|Stone Edge|p1a: Lapras\n|-supereffective|p1a: Lapras\n|-damage|p1a: Lapras|0 fnt\n|faint|p1a: Lapras\n|-damage|p2a: Stonjourner|297/330|[from] item: Life Orb\n|\n|upkeep\n|\n|t:|1771160844\n|switch|p1a: Hypno|Hypno, L95, M|61/315\n|turn|26\n|\n|t:|1771160851\n|move|p1a: Hypno|Toxic|p2a: Stonjourner\n|-status|p2a: Stonjourner|tox\n|move|p2a: Stonjourner|Rock Polish|p2a: Stonjourner\n|-boost|p2a: Stonjourner|spe|2\n|\n|-heal|p1a: Hypno|80/315|[from] item: Leftovers\n|-damage|p2a: Stonjourner|277/330 tox|[from] psn\n|upkeep\n|turn|27\n|\n|t:|1771160862\n|switch|p1a: Appletun|Appletun, L92, F|352/352\n|move|p2a: Stonjourner|Earthquake|p1a: Appletun\n|-resisted|p1a: Appletun\n|-damage|p1a: Appletun|290/352\n|-damage|p2a: Stonjourner|244/330 tox|[from] item: Life Orb\n|\n|-heal|p1a: Appletun|312/352|[from] item: Leftovers\n|-damage|p2a: Stonjourner|204/330 tox|[from] psn\n|upkeep\n|turn|28\n|\n|t:|1771160874\n|move|p2a: Stonjourner|Stone Edge|p1a: Appletun\n|-damage|p1a: Appletun|124/352\n|-damage|p2a: Stonjourner|171/330 tox|[from] item: Life Orb\n|move|p1a: Appletun|Recover|p1a: Appletun\n|-heal|p1a: Appletun|300/352\n|\n|-heal|p1a: Appletun|322/352|[from] item: Leftovers\n|-damage|p2a: Stonjourner|111/330 tox|[from] psn\n|upkeep\n|turn|29\n|\n|t:|1771160885\n|move|p2a: Stonjourner|Stone Edge|p1a: Appletun|[miss]\n|-miss|p2a: Stonjourner|p1a: Appletun\n|move|p1a: Appletun|Recover|p1a: Appletun\n|-heal|p1a: Appletun|352/352\n|\n|-damage|p2a: Stonjourner|31/330 tox|[from] psn\n|upkeep\n|turn|30\n|\n|t:|1771160893\n|move|p2a: Stonjourner|Stone Edge|p1a: Appletun|[miss]\n|-miss|p2a: Stonjourner|p1a: Appletun\n|move|p1a: Appletun|Recover||[still]\n|-fail|p1a: Appletun|heal\n|\n|-damage|p2a: Stonjourner|0 fnt|[from] psn\n|faint|p2a: Stonjourner\n|upkeep\n|\n|t:|1771160896\n|switch|p2a: Volbeat|Volbeat, L90, M|263/263\n|turn|31\n|\n|t:|1771160905\n|move|p2a: Volbeat|Thunder Wave|p1a: Appletun\n|-status|p1a: Appletun|par\n|move|p1a: Appletun|Apple Acid|p2a: Volbeat\n|-resisted|p2a: Volbeat\n|-damage|p2a: Volbeat|212/263\n|-unboost|p2a: Volbeat|spd|1\n|\n|upkeep\n|turn|32\n|\n|t:|1771160920\n|move|p2a: Volbeat|Encore|p1a: Appletun\n|-start|p1a: Appletun|Encore\n|move|p1a: Appletun|Apple Acid|p2a: Volbeat\n|-resisted|p2a: Volbeat\n|-damage|p2a: Volbeat|139/263\n|-unboost|p2a: Volbeat|spd|1\n|\n|upkeep\n|turn|33\n|\n|t:|1771160928\n|move|p2a: Volbeat|U-turn|p1a: Appletun\n|-supereffective|p1a: Appletun\n|-damage|p1a: Appletun|218/352 par\n|\n|t:|1771160929\n|switch|p2a: Chi-Yu|Chi-Yu, L77|211/211|[from] U-turn\n|-ability|p2a: Chi-Yu|Beads of Ruin\n|move|p1a: Appletun|Apple Acid|p2a: Chi-Yu\n|-resisted|p2a: Chi-Yu\n|-damage|p2a: Chi-Yu|163/211\n|-unboost|p2a: Chi-Yu|spd|1\n|\n|-heal|p1a: Appletun|240/352 par|[from] item: Leftovers\n|upkeep\n|turn|34\n|\n|t:|1771160948\n|move|p2a: Chi-Yu|Nasty Plot|p2a: Chi-Yu\n|-boost|p2a: Chi-Yu|spa|2\n|cant|p1a: Appletun|par\n|\n|-heal|p1a: Appletun|262/352 par|[from] item: Leftovers\n|-end|p1a: Appletun|Encore\n|upkeep\n|turn|35\n|\n|t:|1771160956\n|move|p2a: Chi-Yu|Dark Pulse|p1a: Appletun\n|-damage|p1a: Appletun|7/352 par\n|move|p1a: Appletun|Dragon Tail|p2a: Chi-Yu\n|-damage|p2a: Chi-Yu|79/211\n|drag|p2a: Latios|Latios, L78, M|253/253\n|\n|-heal|p1a: Appletun|29/352 par|[from] item: Leftovers\n|upkeep\n|turn|36\n|\n|t:|1771160966\n|move|p2a: Latios|Luster Purge|p1a: Appletun\n|-damage|p1a: Appletun|0 fnt\n|faint|p1a: Appletun\n|\n|upkeep\n|\n|t:|1771160970\n|switch|p1a: Gothitelle|Gothitelle, L90, F|272/272\n|turn|37\n|\n|t:|1771160973\n|move|p2a: Latios|Luster Purge|p1a: Gothitelle\n|-resisted|p1a: Gothitelle\n|-damage|p1a: Gothitelle|209/272\n|-unboost|p1a: Gothitelle|spd|1\n|move|p1a: Gothitelle|Calm Mind|p1a: Gothitelle\n|-boost|p1a: Gothitelle|spa|1\n|-boost|p1a: Gothitelle|spd|1\n|\n|-heal|p1a: Gothitelle|226/272|[from] item: Leftovers\n|upkeep\n|turn|38\n|\n|t:|1771160982\n|move|p2a: Latios|Luster Purge|p1a: Gothitelle\n|-resisted|p1a: Gothitelle\n|-damage|p1a: Gothitelle|157/272\n|move|p1a: Gothitelle|Calm Mind|p1a: Gothitelle\n|-boost|p1a: Gothitelle|spa|1\n|-boost|p1a: Gothitelle|spd|1\n|\n|-heal|p1a: Gothitelle|174/272|[from] item: Leftovers\n|upkeep\n|turn|39\n|\n|t:|1771160990\n|move|p2a: Latios|Luster Purge|p1a: Gothitelle\n|-resisted|p1a: Gothitelle\n|-damage|p1a: Gothitelle|126/272\n|move|p1a: Gothitelle|Calm Mind|p1a: Gothitelle\n|-boost|p1a: Gothitelle|spa|1\n|-boost|p1a: Gothitelle|spd|1\n|\n|-heal|p1a: Gothitelle|143/272|[from] item: Leftovers\n|upkeep\n|turn|40\n|\n|t:|1771160997\n|move|p2a: Latios|Luster Purge|p1a: Gothitelle\n|-resisted|p1a: Gothitelle\n|-damage|p1a: Gothitelle|110/272\n|move|p1a: Gothitelle|Calm Mind|p1a: Gothitelle\n|-boost|p1a: Gothitelle|spa|1\n|-boost|p1a: Gothitelle|spd|1\n|\n|-heal|p1a: Gothitelle|127/272|[from] item: Leftovers\n|upkeep\n|turn|41\n|\n|t:|1771161005\n|move|p2a: Latios|Luster Purge|p1a: Gothitelle\n|-resisted|p1a: Gothitelle\n|-damage|p1a: Gothitelle|99/272\n|move|p1a: Gothitelle|Calm Mind|p1a: Gothitelle\n|-boost|p1a: Gothitelle|spa|1\n|-boost|p1a: Gothitelle|spd|1\n|\n|-heal|p1a: Gothitelle|116/272|[from] item: Leftovers\n|upkeep\n|turn|42\n|\n|t:|1771161012\n|move|p2a: Latios|Luster Purge|p1a: Gothitelle\n|-resisted|p1a: Gothitelle\n|-damage|p1a: Gothitelle|95/272\n|-unboost|p1a: Gothitelle|spd|1\n|move|p1a: Gothitelle|Calm Mind|p1a: Gothitelle\n|-boost|p1a: Gothitelle|spa|1\n|-boost|p1a: Gothitelle|spd|1\n|\n|-heal|p1a: Gothitelle|112/272|[from] item: Leftovers\n|upkeep\n|turn|43\n|\n|t:|1771161020\n|move|p2a: Latios|Luster Purge|p1a: Gothitelle\n|-resisted|p1a: Gothitelle\n|-damage|p1a: Gothitelle|91/272\n|move|p1a: Gothitelle|Calm Mind|p1a: Gothitelle\n|-boost|p1a: Gothitelle|spa|0\n|-boost|p1a: Gothitelle|spd|1\n|\n|-heal|p1a: Gothitelle|108/272|[from] item: Leftovers\n|upkeep\n|turn|44\n|\n|t:|1771161027\n|-activate|p2a: Latios|move: Struggle\n|move|p2a: Latios|Struggle|p1a: Gothitelle\n|-damage|p1a: Gothitelle|81/272\n|-damage|p2a: Latios|190/253|[from] recoil\n|move|p1a: Gothitelle|Calm Mind|p1a: Gothitelle\n|-boost|p1a: Gothitelle|spa|0\n|-boost|p1a: Gothitelle|spd|1\n|\n|-heal|p1a: Gothitelle|98/272|[from] item: Leftovers\n|upkeep\n|turn|45\n|\n|t:|1771161036\n|-activate|p2a: Latios|move: Struggle\n|move|p2a: Latios|Struggle|p1a: Gothitelle\n|-damage|p1a: Gothitelle|73/272\n|-damage|p2a: Latios|127/253|[from] recoil\n|move|p1a: Gothitelle|Calm Mind|p1a: Gothitelle\n|-boost|p1a: Gothitelle|spa|0\n|-boost|p1a: Gothitelle|spd|0\n|\n|-heal|p1a: Gothitelle|90/272|[from] item: Leftovers\n|upkeep\n|turn|46\n|\n|t:|1771161047\n|-activate|p2a: Latios|move: Struggle\n|move|p2a: Latios|Struggle|p1a: Gothitelle\n|-damage|p1a: Gothitelle|62/272\n|-damage|p2a: Latios|64/253|[from] recoil\n|move|p1a: Gothitelle|Dark Pulse|p2a: Latios\n|-supereffective|p2a: Latios\n|-damage|p2a: Latios|0 fnt\n|faint|p2a: Latios\n|\n|-heal|p1a: Gothitelle|79/272|[from] item: Leftovers\n|upkeep\n|c|☆Hihihihiahahah|gg\n|\n|t:|1771161062\n|switch|p2a: Volbeat|Volbeat, L90, M|139/263\n|turn|47\n|c|☆Hihihihiahahah|I loose\n|\n|t:|1771161067\n|move|p2a: Volbeat|U-turn|p1a: Gothitelle\n|-supereffective|p1a: Gothitelle\n|-damage|p1a: Gothitelle|0 fnt\n|faint|p1a: Gothitelle\n|\n|t:|1771161069\n|switch|p2a: Chi-Yu|Chi-Yu, L77|79/211|[from] U-turn\n|-ability|p2a: Chi-Yu|Beads of Ruin\n|\n|upkeep\n|c|☆erqw324|gg wp\n|\n|t:|1771161074\n|switch|p1a: Hypno|Hypno, L95, M|80/315\n|turn|48\n|\n|t:|1771161079\n|move|p2a: Chi-Yu|Dark Pulse|p1a: Hypno\n|-supereffective|p1a: Hypno\n|-damage|p1a: Hypno|0 fnt\n|faint|p1a: Hypno\n|\n|win|erqw324\n|raw|Hihihihiahahah's rating: 1534 &rarr; <strong>1513</strong><br />(-21 for losing)\n|raw|erqw324's rating: 1510 &rarr; <strong>1531</strong><br />(+21 for winning)\n|l|☆Hihihihiahahah\n|player|p1|\n", "inputlog": ">version 686819e5e19f8a7fd2345cfc5a08a5085efa2cc3\n>start {\"formatid\":\"gen9randombattle\",\"seed\":\"sodium,9f36157515ae1e57cfc0caa167e91757\",\"rated\":\"Rated battle\"}\n>player p1 {\"name\":\"Hihihihiahahah\",\"avatar\":\"harlequin\",\"rating\":1534,\"seed\":\"sodium,189077ced62ef2b166c853748af00d2b\"}\n>player p2 {\"name\":\"erqw324\",\"avatar\":\"youngcouple-gen4dp\",\"rating\":1510,\"seed\":\"sodium,e78e20327b63a41e600c5a8c885de88d\"}\n>p1 switch 4\n>p2 move shellsmash\n>p1 move toxic\n>p2 move acrobatics\n>p1 move psychicnoise\n>p2 move acrobatics\n>p1 switch 3\n>p2 move acrobatics\n>p1 move poisonjab\n>p2 move earthquake\n>p1 move recover\n>p2 move earthquake\n>p1 move earthquake\n>p2 move earthquake\n>p1 move recover\n>p2 move earthquake\n>p1 move toxicspikes\n>p2 move earthquake\n>chat ☆Hihihihiahahah|my god\n>p1 move recover\n>p2 move earthquake\n>p1 move recover\n>p2 move earthquake\n>p1 move recover\n>p2 move earthquake\n>p1 move poisonjab\n>p2 move earthquake\n>p1 move recover\n>p2 move earthquake\n>p1 move toxicspikes\n>p2 move earthquake\n>p1 move poisonjab\n>p2 move earthquake\n>p1 switch 6\n>p1 move discharge terastallize\n>p2 move earthquake\n>chat ☆Hihihihiahahah|I hope you don t have a poison type lol\n>p2 switch 3\n>p1 move discharge\n>p2 move thunderwave\n>p1 move discharge\n>p2 move uturn\n>p2 switch 2\n>p1 switch 5\n>p2 move sludgebomb terastallize\n>p1 move recover\n>p2 switch 2\n>p1 move dragontail\n>p2 move encore\n>p1 switch 5\n>p2 move uturn\n>p2 switch 2\n>p1 move discharge\n>p2 move sludgebomb\n>p1 switch 2\n>p2 switch 6\n>p1 move hydropump\n>p2 move stoneedge\n>p1 switch 3\n>p1 move toxic\n>p2 move rockpolish\n>p1 switch 5\n>p2 move earthquake\n>p1 move recover\n>p2 move stoneedge\n>p1 move recover\n>p2 move stoneedge\n>p1 move recover\n>p2 move stoneedge\n>p2 switch 2\n>p1 move appleacid\n>p2 move thunderwave\n>p1 move appleacid\n>p2 move encore\n>p1 move appleacid\n>p2 move uturn\n>p2 switch 4\n>p1 move appleacid\n>p2 move nastyplot\n>p1 move dragontail\n>p2 move darkpulse\n>p1 move recover\n>p2 move lusterpurge\n>p1 switch 4\n>p1 move calmmind\n>p2 move lusterpurge\n>p1 move calmmind\n>p2 move lusterpurge\n>p1 move calmmind\n>p2 move lusterpurge\n>p1 move calmmind\n>p2 move lusterpurge\n>p1 move calmmind\n>p2 move lusterpurge\n>p1 move calmmind\n>p2 move lusterpurge\n>p1 move calmmind\n>p2 move lusterpurge\n>p1 move calmmind\n>p2 move struggle\n>p1 move calmmind\n>p2 move struggle\n>p1 move darkpulse\n>p2 move struggle\n>chat ☆Hihihihiahahah|gg\n>p2 switch 4\n>chat ☆Hihihihiahahah|I loose\n>p1 move darkpulse\n>p2 move uturn\n>p2 switch 5\n>chat ☆erqw324|gg wp\n>p1 switch 5\n>p1 move knockoff\n>p2 move darkpulse", "uploadtime": 1771161084, "views": 18, "formatid": "gen9randombattle", "rating": 1513, "private": 0, "password": null}