{"id": "gen9randombattle-2540233998", "format": "[Gen 9] Random Battle", "players": ["airpersia", "Mysterious Soop"], "log": "|j|☆airpersia\n|j|☆Mysterious Soop\n|t:|1771178874\n|gametype|singles\n|player|p1|airpersia|larry|2094\n|player|p2|Mysterious Soop|265|2006\n|gen|9\n|tier|[Gen 9] Random Battle\n|rated|\n|rule|Species Clause: Limit one of each Pokémon\n|rule|HP Percentage Mod: HP is shown in percentages\n|rule|Sleep Clause Mod: Limit one foe put to sleep\n|rule|Illusion Level Mod: Illusion disguises the Pokémon's true level\n|\n|t:|1771178874\n|teamsize|p1|6\n|teamsize|p2|6\n|start\n|switch|p1a: Sandaconda|Sandaconda, L84, M|258/258\n|switch|p2a: Drednaw|Drednaw, L81, M|278/278\n|turn|1\n|inactive|Battle timer is ON: inactive players will automatically lose when time's up. (requested by airpersia)\n|inactive|Mysterious Soop has 120 seconds left.\n|\n|t:|1771178915\n|switch|p2a: Swanna|Swanna, L89, F|278/278\n|switch|p1a: Gurdurr|Gurdurr, L85, M|283/283\n|\n|upkeep\n|turn|2\n|\n|t:|1771178934\n|switch|p1a: Giratina|Giratina, L75|349/349\n|-ability|p1a: Giratina|Pressure\n|move|p2a: Swanna|Brave Bird|p1a: Giratina\n|-damage|p1a: Giratina|226/349\n|-damage|p2a: Swanna|237/278|[from] Recoil\n|\n|-heal|p1a: Giratina|247/349|[from] item: Leftovers\n|upkeep\n|turn|3\n|inactive|Mysterious Soop has 120 seconds left.\n|\n|t:|1771178976\n|move|p2a: Swanna|Brave Bird|p1a: Giratina\n|-damage|p1a: Giratina|141/349\n|-damage|p2a: Swanna|202/278|[from] Recoil\n|move|p1a: Giratina|Will-O-Wisp|p2a: Swanna\n|-status|p2a: Swanna|brn\n|\n|-heal|p1a: Giratina|162/349|[from] item: Leftovers\n|-damage|p2a: Swanna|185/278 brn|[from] brn\n|upkeep\n|turn|4\n|\n|t:|1771178986\n|move|p2a: Swanna|Brave Bird|p1a: Giratina\n|-damage|p1a: Giratina|110/349\n|-damage|p2a: Swanna|168/278 brn|[from] Recoil\n|move|p1a: Giratina|Shadow Ball|p2a: Swanna\n|-damage|p2a: Swanna|77/278 brn\n|-unboost|p2a: Swanna|spd|1\n|\n|-heal|p1a: Giratina|131/349|[from] item: Leftovers\n|-damage|p2a: Swanna|60/278 brn|[from] brn\n|upkeep\n|turn|5\n|\n|t:|1771178997\n|move|p2a: Swanna|Roost|p2a: Swanna\n|-heal|p2a: Swanna|199/278 brn\n|-singleturn|p2a: Swanna|move: Roost\n|move|p1a: Giratina|Shadow Ball|p2a: Swanna\n|-damage|p2a: Swanna|69/278 brn\n|\n|-heal|p1a: Giratina|152/349|[from] item: Leftovers\n|-damage|p2a: Swanna|52/278 brn|[from] brn\n|upkeep\n|turn|6\n|\n|t:|1771179003\n|move|p2a: Swanna|Roost|p2a: Swanna\n|-heal|p2a: Swanna|191/278 brn\n|-singleturn|p2a: Swanna|move: Roost\n|move|p1a: Giratina|Shadow Ball|p2a: Swanna\n|-damage|p2a: Swanna|53/278 brn\n|\n|-heal|p1a: Giratina|173/349|[from] item: Leftovers\n|-damage|p2a: Swanna|36/278 brn|[from] brn\n|upkeep\n|turn|7\n|\n|t:|1771179008\n|switch|p2a: Honchkrow|Honchkrow, L86, F|312/312\n|move|p1a: Giratina|Shadow Ball|p2a: Honchkrow\n|-resisted|p2a: Honchkrow\n|-damage|p2a: Honchkrow|265/312\n|\n|-heal|p1a: Giratina|194/349|[from] item: Leftovers\n|upkeep\n|turn|8\n|inactive|Mysterious Soop has 120 seconds left.\n|\n|t:|1771179034\n|switch|p2a: Skeledirge|Skeledirge, L79, F|294/294\n|move|p1a: Giratina|Will-O-Wisp|p2a: Skeledirge\n|-immune|p2a: Skeledirge\n|\n|-heal|p1a: Giratina|215/349|[from] item: Leftovers\n|upkeep\n|turn|9\n|inactive|Mysterious Soop has 120 seconds left.\n|\n|t:|1771179058\n|switch|p1a: Gurdurr|Gurdurr, L85, M|283/283\n|-terastallize|p2a: Skeledirge|Fairy\n|move|p2a: Skeledirge|Will-O-Wisp|p1a: Gurdurr\n|-status|p1a: Gurdurr|brn\n|\n|-damage|p1a: Gurdurr|266/283 brn|[from] brn\n|upkeep\n|turn|10\n|c|☆Mysterious Soop|ruh roh\n|\n|t:|1771179079\n|switch|p1a: Cetitan|Cetitan, L82, M|412/412\n|move|p2a: Skeledirge|Torch Song|p1a: Cetitan\n|-supereffective|p1a: Cetitan\n|-damage|p1a: Cetitan|302/412\n|-boost|p2a: Skeledirge|spa|1\n|\n|upkeep\n|turn|11\n|\n|t:|1771179094\n|move|p1a: Cetitan|Ice Spinner|p2a: Skeledirge\n|-damage|p2a: Skeledirge|210/294\n|move|p2a: Skeledirge|Will-O-Wisp|p1a: Cetitan|[miss]\n|-miss|p2a: Skeledirge|p1a: Cetitan\n|\n|upkeep\n|turn|12\n|\n|t:|1771179103\n|switch|p1a: Reuniclus|Reuniclus, L88, F|337/337\n|move|p2a: Skeledirge|Slack Off|p2a: Skeledirge\n|-heal|p2a: Skeledirge|294/294\n|\n|upkeep\n|turn|13\n|inactive|Mysterious Soop has 120 seconds left.\n|\n|t:|1771179113\n|move|p2a: Skeledirge|Hex|p1a: Reuniclus\n|-supereffective|p1a: Reuniclus\n|-damage|p1a: Reuniclus|139/337\n|move|p1a: Reuniclus|Psychic|p2a: Skeledirge\n|-damage|p2a: Skeledirge|83/294\n|\n|upkeep\n|turn|14\n|\n|t:|1771179119\n|move|p2a: Skeledirge|Hex|p1a: Reuniclus\n|-supereffective|p1a: Reuniclus\n|-damage|p1a: Reuniclus|0 fnt\n|faint|p1a: Reuniclus\n|\n|upkeep\n|\n|t:|1771179130\n|switch|p1a: Sandaconda|Sandaconda, L84, M|258/258\n|turn|15\n|\n|t:|1771179135\n|switch|p2a: Swanna|Swanna, L89, F|36/278 brn\n|move|p1a: Sandaconda|Earthquake|p2a: Swanna\n|-immune|p2a: Swanna\n|\n|-damage|p2a: Swanna|19/278 brn|[from] brn\n|upkeep\n|turn|16\n|\n|t:|1771179141\n|switch|p1a: Giratina|Giratina, L75|215/349\n|-ability|p1a: Giratina|Pressure\n|move|p2a: Swanna|Roost|p2a: Swanna\n|-heal|p2a: Swanna|158/278 brn\n|-singleturn|p2a: Swanna|move: Roost\n|\n|-heal|p1a: Giratina|236/349|[from] item: Leftovers\n|-damage|p2a: Swanna|141/278 brn|[from] brn\n|upkeep\n|turn|17\n|\n|t:|1771179169\n|move|p2a: Swanna|Brave Bird|p1a: Giratina\n|-damage|p1a: Giratina|182/349\n|-damage|p2a: Swanna|123/278 brn|[from] Recoil\n|move|p1a: Giratina|Shadow Ball|p2a: Swanna\n|-damage|p2a: Swanna|35/278 brn\n|\n|-heal|p1a: Giratina|203/349|[from] item: Leftovers\n|-damage|p2a: Swanna|18/278 brn|[from] brn\n|upkeep\n|turn|18\n|\n|t:|1771179175\n|move|p2a: Swanna|Brave Bird|p1a: Giratina\n|-damage|p1a: Giratina|145/349\n|-damage|p2a: Swanna|0 fnt|[from] Recoil\n|faint|p2a: Swanna\n|move|p1a: Giratina|Shadow Ball|p2: Swanna|[notarget]\n|-fail|p1a: Giratina\n|\n|-heal|p1a: Giratina|166/349|[from] item: Leftovers\n|upkeep\n|\n|t:|1771179182\n|switch|p2a: Sandslash|Sandslash-Alola, L88, M|275/275\n|turn|19\n|\n|t:|1771179190\n|switch|p1a: Hitmontop|Hitmontop, L88, M|231/231\n|-ability|p1a: Hitmontop|Intimidate|boost\n|-unboost|p2a: Sandslash|atk|1\n|move|p2a: Sandslash|Triple Axel|p1a: Hitmontop\n|-damage|p1a: Hitmontop|212/231\n|-damage|p1a: Hitmontop|173/231\n|-hitcount|p1a: Hitmontop|2\n|-damage|p2a: Sandslash|248/275|[from] item: Life Orb\n|\n|upkeep\n|turn|20\n|\n|t:|1771179219\n|switch|p2a: Sceptile|Sceptile, L87, F|264/264\n|move|p1a: Hitmontop|Close Combat|p2a: Sceptile\n|-damage|p2a: Sceptile|96/264\n|-unboost|p1a: Hitmontop|def|1\n|-unboost|p1a: Hitmontop|spd|1\n|\n|upkeep\n|turn|21\n|\n|t:|1771179229\n|switch|p1a: Gurdurr|Gurdurr, L85, M|266/283 brn\n|move|p2a: Sceptile|Giga Drain|p1a: Gurdurr\n|-damage|p1a: Gurdurr|153/283 brn\n|-heal|p2a: Sceptile|153/264|[from] drain|[of] p1a: Gurdurr\n|-damage|p2a: Sceptile|127/264|[from] item: Life Orb\n|\n|-damage|p1a: Gurdurr|136/283 brn|[from] brn\n|upkeep\n|turn|22\n|\n|t:|1771179237\n|move|p2a: Sceptile|Giga Drain|p1a: Gurdurr\n|-damage|p1a: Gurdurr|23/283 brn\n|-heal|p2a: Sceptile|184/264|[from] drain|[of] p1a: Gurdurr\n|-damage|p2a: Sceptile|158/264|[from] item: Life Orb\n|move|p1a: Gurdurr|Drain Punch|p2a: Sceptile\n|-damage|p2a: Sceptile|2/264\n|-heal|p1a: Gurdurr|101/283 brn|[from] drain|[of] p2a: Sceptile\n|\n|-damage|p1a: Gurdurr|84/283 brn|[from] brn\n|upkeep\n|turn|23\n|\n|t:|1771179242\n|move|p1a: Gurdurr|Mach Punch|p2a: Sceptile\n|-crit|p2a: Sceptile\n|-damage|p2a: Sceptile|0 fnt\n|faint|p2a: Sceptile\n|\n|-damage|p1a: Gurdurr|67/283 brn|[from] brn\n|upkeep\n|\n|t:|1771179244\n|switch|p2a: Skeledirge|Skeledirge, L79, F, tera:Fairy|83/294\n|turn|24\n|\n|t:|1771179250\n|move|p2a: Skeledirge|Slack Off|p2a: Skeledirge\n|-heal|p2a: Skeledirge|230/294\n|move|p1a: Gurdurr|Knock Off|p2a: Skeledirge\n|-resisted|p2a: Skeledirge\n|-damage|p2a: Skeledirge|180/294\n|-enditem|p2a: Skeledirge|Heavy-Duty Boots|[from] move: Knock Off|[of] p1a: Gurdurr\n|\n|-damage|p1a: Gurdurr|50/283 brn|[from] brn\n|upkeep\n|turn|25\n|\n|t:|1771179262\n|switch|p1a: Sandaconda|Sandaconda, L84, M|258/258\n|move|p2a: Skeledirge|Slack Off|p2a: Skeledirge\n|-heal|p2a: Skeledirge|294/294\n|\n|upkeep\n|turn|26\n|\n|t:|1771179276\n|move|p1a: Sandaconda|Earthquake|p2a: Skeledirge\n|-damage|p2a: Skeledirge|174/294\n|move|p2a: Skeledirge|Torch Song|p1a: Sandaconda\n|-damage|p1a: Sandaconda|168/258\n|-boost|p2a: Skeledirge|spa|1\n|\n|upkeep\n|turn|27\n|\n|t:|1771179282\n|move|p1a: Sandaconda|Earthquake|p2a: Skeledirge\n|-damage|p2a: Skeledirge|63/294\n|move|p2a: Skeledirge|Slack Off|p2a: Skeledirge\n|-heal|p2a: Skeledirge|210/294\n|\n|upkeep\n|turn|28\n|\n|t:|1771179286\n|move|p1a: Sandaconda|Earthquake|p2a: Skeledirge\n|-damage|p2a: Skeledirge|107/294\n|move|p2a: Skeledirge|Slack Off|p2a: Skeledirge\n|-heal|p2a: Skeledirge|254/294\n|\n|upkeep\n|turn|29\n|\n|t:|1771179290\n|move|p1a: Sandaconda|Earthquake|p2a: Skeledirge\n|-damage|p2a: Skeledirge|146/294\n|move|p2a: Skeledirge|Torch Song|p1a: Sandaconda\n|-damage|p1a: Sandaconda|29/258\n|-boost|p2a: Skeledirge|spa|1\n|\n|upkeep\n|turn|30\n|\n|t:|1771179295\n|move|p1a: Sandaconda|Earthquake|p2a: Skeledirge\n|-damage|p2a: Skeledirge|31/294\n|move|p2a: Skeledirge|Slack Off|p2a: Skeledirge\n|-heal|p2a: Skeledirge|178/294\n|\n|upkeep\n|turn|31\n|\n|t:|1771179301\n|move|p1a: Sandaconda|Earthquake|p2a: Skeledirge\n|-damage|p2a: Skeledirge|64/294\n|move|p2a: Skeledirge|Slack Off|p2a: Skeledirge\n|-heal|p2a: Skeledirge|211/294\n|\n|upkeep\n|turn|32\n|\n|t:|1771179304\n|move|p1a: Sandaconda|Earthquake|p2a: Skeledirge\n|-damage|p2a: Skeledirge|109/294\n|move|p2a: Skeledirge|Slack Off|p2a: Skeledirge\n|-heal|p2a: Skeledirge|256/294\n|\n|upkeep\n|turn|33\n|inactive|Mysterious Soop has 120 seconds left.\n|\n|t:|1771179335\n|move|p1a: Sandaconda|Earthquake|p2a: Skeledirge\n|-crit|p2a: Skeledirge\n|-damage|p2a: Skeledirge|93/294\n|move|p2a: Skeledirge|Torch Song|p1a: Sandaconda\n|-damage|p1a: Sandaconda|0 fnt\n|-boost|p2a: Skeledirge|spa|1\n|faint|p1a: Sandaconda\n|\n|upkeep\n|\n|t:|1771179346\n|switch|p1a: Cetitan|Cetitan, L82, M|302/412\n|turn|34\n|inactive|airpersia has 120 seconds left.\n|\n|t:|1771179380\n|-terastallize|p1a: Cetitan|Ice\n|move|p1a: Cetitan|Ice Spinner|p2a: Skeledirge\n|-damage|p2a: Skeledirge|0 fnt\n|faint|p2a: Skeledirge\n|\n|upkeep\n|\n|t:|1771179393\n|switch|p2a: Drednaw|Drednaw, L81, M|278/278\n|turn|35\n|\n|t:|1771179407\n|move|p1a: Cetitan|Earthquake|p2a: Drednaw\n|-supereffective|p2a: Drednaw\n|-damage|p2a: Drednaw|134/278\n|move|p2a: Drednaw|Shell Smash|p2a: Drednaw\n|-unboost|p2a: Drednaw|def|1\n|-unboost|p2a: Drednaw|spd|1\n|-boost|p2a: Drednaw|atk|2\n|-boost|p2a: Drednaw|spa|2\n|-boost|p2a: Drednaw|spe|2\n|-enditem|p2a: Drednaw|White Herb\n|-clearnegativeboost|p2a: Drednaw|[silent]\n|\n|upkeep\n|turn|36\n|\n|t:|1771179423\n|move|p2a: Drednaw|Stone Edge|p1a: Cetitan\n|-supereffective|p1a: Cetitan\n|-damage|p1a: Cetitan|0 fnt\n|faint|p1a: Cetitan\n|\n|upkeep\n|\n|t:|1771179429\n|switch|p1a: Gurdurr|Gurdurr, L85, M|50/283 brn\n|turn|37\n|inactive|Mysterious Soop has 120 seconds left.\n|\n|t:|1771179459\n|move|p1a: Gurdurr|Mach Punch|p2a: Drednaw\n|-supereffective|p2a: Drednaw\n|-damage|p2a: Drednaw|0 fnt\n|faint|p2a: Drednaw\n|\n|-damage|p1a: Gurdurr|33/283 brn|[from] brn\n|upkeep\n|\n|t:|1771179461\n|switch|p2a: Honchkrow|Honchkrow, L86, F|265/312\n|turn|38\n|\n|t:|1771179472\n|move|p1a: Gurdurr|Mach Punch|p2a: Honchkrow\n|-damage|p2a: Honchkrow|171/312\n|move|p2a: Honchkrow|Brave Bird|p1a: Gurdurr\n|-supereffective|p1a: Gurdurr\n|-damage|p1a: Gurdurr|0 fnt\n|faint|p1a: Gurdurr\n|-ability|p2a: Honchkrow|Moxie|boost\n|-boost|p2a: Honchkrow|atk|1\n|-damage|p2a: Honchkrow|160/312|[from] Recoil\n|\n|upkeep\n|\n|t:|1771179475\n|switch|p1a: Hitmontop|Hitmontop, L88, M|173/231\n|-ability|p1a: Hitmontop|Intimidate|boost\n|-unboost|p2a: Honchkrow|atk|1\n|turn|39\n|\n|t:|1771179479\n|move|p1a: Hitmontop|Stone Edge|p2a: Honchkrow|[miss]\n|-miss|p1a: Hitmontop|p2a: Honchkrow\n|move|p2a: Honchkrow|Brave Bird|p1a: Hitmontop\n|-supereffective|p1a: Hitmontop\n|-damage|p1a: Hitmontop|0 fnt\n|faint|p1a: Hitmontop\n|-ability|p2a: Honchkrow|Moxie|boost\n|-boost|p2a: Honchkrow|atk|1\n|-damage|p2a: Honchkrow|103/312|[from] Recoil\n|\n|upkeep\n|\n|t:|1771179485\n|switch|p1a: Giratina|Giratina, L75|166/349\n|-ability|p1a: Giratina|Pressure\n|turn|40\n|\n|t:|1771179489\n|move|p1a: Giratina|Will-O-Wisp|p2a: Honchkrow\n|-status|p2a: Honchkrow|brn\n|move|p2a: Honchkrow|Brave Bird|p1a: Giratina\n|-damage|p1a: Giratina|54/349\n|-damage|p2a: Honchkrow|66/312 brn|[from] Recoil\n|\n|-heal|p1a: Giratina|75/349|[from] item: Leftovers\n|-damage|p2a: Honchkrow|47/312 brn|[from] brn\n|upkeep\n|turn|41\n|\n|t:|1771179494\n|move|p1a: Giratina|Rest|p1a: Giratina\n|-status|p1a: Giratina|slp|[from] move: Rest\n|-heal|p1a: Giratina|349/349 slp|[silent]\n|move|p2a: Honchkrow|Brave Bird|p1a: Giratina\n|-damage|p1a: Giratina|238/349 slp\n|-damage|p2a: Honchkrow|10/312 brn|[from] Recoil\n|\n|-heal|p1a: Giratina|259/349 slp|[from] item: Leftovers\n|-damage|p2a: Honchkrow|0 fnt|[from] brn\n|faint|p2a: Honchkrow\n|upkeep\n|\n|t:|1771179497\n|switch|p2a: Sandslash|Sandslash-Alola, L88, M|248/275\n|turn|42\n|\n|t:|1771179500\n|cant|p1a: Giratina|slp\n|move|p1a: Giratina|Sleep Talk|p1a: Giratina\n|move|p1a: Giratina|Will-O-Wisp|p2a: Sandslash|[from] move: Sleep Talk|[miss]\n|-miss|p1a: Giratina|p2a: Sandslash\n|move|p2a: Sandslash|Triple Axel|p1a: Giratina\n|-supereffective|p1a: Giratina\n|-damage|p1a: Giratina|204/349 slp\n|-hitcount|p1a: Giratina|1\n|-damage|p2a: Sandslash|221/275|[from] item: Life Orb\n|\n|-heal|p1a: Giratina|225/349 slp|[from] item: Leftovers\n|upkeep\n|turn|43\n|\n|t:|1771179508\n|cant|p1a: Giratina|slp\n|move|p1a: Giratina|Sleep Talk|p1a: Giratina\n|move|p1a: Giratina|Shadow Ball|p2a: Sandslash|[from] move: Sleep Talk\n|-damage|p2a: Sandslash|137/275\n|move|p2a: Sandslash|Triple Axel|p1a: Giratina\n|-supereffective|p1a: Giratina\n|-damage|p1a: Giratina|170/349 slp\n|-hitcount|p1a: Giratina|1\n|-damage|p2a: Sandslash|110/275|[from] item: Life Orb\n|\n|-heal|p1a: Giratina|191/349 slp|[from] item: Leftovers\n|upkeep\n|turn|44\n|\n|t:|1771179519\n|-curestatus|p1a: Giratina|slp|[msg]\n|move|p1a: Giratina|Will-O-Wisp|p2a: Sandslash\n|-status|p2a: Sandslash|brn\n|move|p2a: Sandslash|Triple Axel|p1a: Giratina\n|-supereffective|p1a: Giratina\n|-damage|p1a: Giratina|164/349\n|-supereffective|p1a: Giratina\n|-damage|p1a: Giratina|104/349\n|-supereffective|p1a: Giratina\n|-damage|p1a: Giratina|22/349\n|-hitcount|p1a: Giratina|3\n|-damage|p2a: Sandslash|83/275 brn|[from] item: Life Orb\n|\n|-heal|p1a: Giratina|43/349|[from] item: Leftovers\n|-damage|p2a: Sandslash|66/275 brn|[from] brn\n|upkeep\n|turn|45\n|\n|t:|1771179532\n|move|p2a: Sandslash|Ice Shard|p1a: Giratina\n|-supereffective|p1a: Giratina\n|-damage|p1a: Giratina|0 fnt\n|faint|p1a: Giratina\n|-damage|p2a: Sandslash|39/275 brn|[from] item: Life Orb\n|\n|win|Mysterious Soop\n|raw|airpersia's rating: 2094 &rarr; <strong>2069</strong><br />(-25 for losing)\n|raw|Mysterious Soop's rating: 2006 &rarr; <strong>2031</strong><br />(+25 for winning)\n|c|☆Mysterious Soop|ggs wp\n|c|☆airpersia|Gg\n", "inputlog": ">version 686819e5e19f8a7fd2345cfc5a08a5085efa2cc3\n>start {\"formatid\":\"gen9randombattle\",\"seed\":\"sodium,6462807baef26b378e8946af3ff8802b\",\"rated\":\"Rated battle\"}\n>player p1 {\"name\":\"airpersia\",\"avatar\":\"larry\",\"rating\":2094,\"seed\":\"sodium,853e1e40f5e5184bdc226d83abcfd449\"}\n>player p2 {\"name\":\"Mysterious Soop\",\"avatar\":\"265\",\"rating\":2006,\"seed\":\"sodium,844263cbe3a855bdee63865c5b6b0281\"}\n>p1 switch 6\n>p2 switch 5\n>p1 switch 3\n>p2 move bravebird\n>p1 move willowisp\n>p2 move bravebird\n>p1 move shadowball\n>p2 move bravebird\n>p1 move shadowball\n>p2 move roost\n>p1 move shadowball\n>p2 move roost\n>p1 move shadowball\n>p2 switch 2\n>p1 move willowisp\n>p2 switch 4\n>p1 switch 3\n>p2 move willowisp terastallize\n>chat ☆Mysterious Soop|ruh roh\n>p1 switch 4\n>p2 move torchsong\n>p1 move icespinner\n>p2 move willowisp\n>p1 switch 2\n>p2 move slackoff\n>p1 move psychic\n>p2 move hex\n>p1 move psychic\n>p2 move hex\n>p1 switch 6\n>p1 move earthquake\n>p2 switch 2\n>p1 switch 3\n>p2 move roost\n>p1 move shadowball\n>p2 move bravebird\n>p1 move shadowball\n>p2 move bravebird\n>p2 switch 6\n>p1 switch 5\n>p2 move tripleaxel\n>p1 move closecombat\n>p2 switch 3\n>p1 switch 4\n>p2 move gigadrain\n>p1 move drainpunch\n>p2 move gigadrain\n>p1 move machpunch\n>p2 move gigadrain\n>p2 switch 2\n>p1 move knockoff\n>p2 move slackoff\n>p1 switch 3\n>p2 move slackoff\n>p1 move earthquake\n>p2 move torchsong\n>p1 move earthquake\n>p2 move slackoff\n>p1 move earthquake\n>p2 move slackoff\n>p1 move earthquake\n>p2 move torchsong\n>p1 move earthquake\n>p2 move slackoff\n>p1 move earthquake\n>p2 move slackoff\n>p1 move earthquake\n>p2 move slackoff\n>p1 move earthquake\n>p2 move torchsong\n>p1 switch 2\n>p1 move icespinner terastallize\n>p2 move torchsong\n>p2 switch 5\n>p1 move earthquake\n>p2 move shellsmash\n>p1 move earthquake\n>p2 move stoneedge\n>p1 switch 3\n>p1 move machpunch\n>p2 move liquidation\n>p2 switch 4\n>p1 move machpunch\n>p2 move bravebird\n>p1 switch 4\n>p1 move stoneedge\n>p2 move bravebird\n>p1 switch 5\n>p1 move willowisp\n>p2 move bravebird\n>p1 move rest\n>p2 move bravebird\n>p2 switch 3\n>p1 move sleeptalk\n>p2 move tripleaxel\n>p1 move sleeptalk\n>p2 move tripleaxel\n>p1 move willowisp\n>p2 move tripleaxel\n>p1 move rest\n>p2 move iceshard", "uploadtime": 1771179539, "views": 12, "formatid": "gen9randombattle", "rating": 2031, "private": 0, "password": null}