{"id": "gen9randombattle-2540590582", "format": "[Gen 9] Random Battle", "players": ["keykiko", "Youzeero"], "log": "|j|☆keykiko\n|j|☆Youzeero\n|t:|1771223103\n|gametype|singles\n|player|p1|keykiko|lillie|1662\n|player|p2|Youzeero|1|1690\n|gen|9\n|tier|[Gen 9] Random Battle\n|rated|\n|rule|Species Clause: Limit one of each Pokémon\n|rule|HP Percentage Mod: HP is shown in percentages\n|rule|Sleep Clause Mod: Limit one foe put to sleep\n|rule|Illusion Level Mod: Illusion disguises the Pokémon's true level\n|\n|t:|1771223103\n|teamsize|p1|6\n|teamsize|p2|6\n|start\n|switch|p1a: Farigiraf|Farigiraf, L91, F|366/366\n|switch|p2a: Noctowl|Noctowl, L95, M|344/344\n|turn|1\n|inactive|Battle timer is ON: inactive players will automatically lose when time's up. (requested by Youzeero)\n|\n|t:|1771223115\n|move|p2a: Noctowl|Nasty Plot|p2a: Noctowl\n|-boost|p2a: Noctowl|spa|2\n|move|p1a: Farigiraf|Body Slam|p2a: Noctowl\n|-damage|p2a: Noctowl|209/344\n|-status|p2a: Noctowl|par\n|\n|upkeep\n|turn|2\n|\n|t:|1771223119\n|move|p1a: Farigiraf|Psychic Noise|p2a: Noctowl\n|-damage|p2a: Noctowl|119/344 par\n|-start|p2a: Noctowl|move: Heal Block\n|move|p2a: Noctowl|Hurricane|p1a: Farigiraf\n|-damage|p1a: Farigiraf|57/366\n|\n|-heal|p1a: Farigiraf|79/366|[from] item: Leftovers\n|upkeep\n|turn|3\n|\n|t:|1771223134\n|move|p1a: Farigiraf|Protect|p1a: Farigiraf\n|-singleturn|p1a: Farigiraf|Protect\n|cant|p2a: Noctowl|par\n|\n|-heal|p1a: Farigiraf|101/366|[from] item: Leftovers\n|-end|p2a: Noctowl|move: Heal Block\n|upkeep\n|turn|4\n|\n|t:|1771223138\n|move|p1a: Farigiraf|Body Slam|p2a: Noctowl\n|-damage|p2a: Noctowl|0 fnt\n|faint|p2a: Noctowl\n|\n|-heal|p1a: Farigiraf|123/366|[from] item: Leftovers\n|upkeep\n|\n|t:|1771223150\n|switch|p2a: Arceus|Arceus, L68|276/276\n|turn|5\n|\n|t:|1771223160\n|-terastallize|p2a: Arceus|Ghost\n|move|p2a: Arceus|Swords Dance|p2a: Arceus\n|-boost|p2a: Arceus|atk|2\n|move|p1a: Farigiraf|Body Slam|p2a: Arceus\n|-immune|p2a: Arceus\n|\n|-heal|p1a: Farigiraf|145/366|[from] item: Leftovers\n|upkeep\n|turn|6\n|\n|t:|1771223168\n|move|p1a: Farigiraf|Protect|p1a: Farigiraf\n|-singleturn|p1a: Farigiraf|Protect\n|move|p2a: Arceus|Swords Dance|p2a: Arceus\n|-boost|p2a: Arceus|atk|2\n|\n|-heal|p1a: Farigiraf|167/366|[from] item: Leftovers\n|upkeep\n|turn|7\n|\n|t:|1771223172\n|switch|p1a: Sudowoodo|Sudowoodo, L94, M|284/284\n|move|p2a: Arceus|Swords Dance|p2a: Arceus\n|-boost|p2a: Arceus|atk|2\n|\n|upkeep\n|turn|8\n|\n|t:|1771223180\n|switch|p1a: Thundurus|Thundurus-Therian, L80, M|258/258\n|move|p2a: Arceus|Earthquake|p1a: Thundurus\n|-immune|p1a: Thundurus\n|\n|upkeep\n|turn|9\n|inactive|keykiko has 120 seconds left.\n|\n|t:|1771223210\n|switch|p1a: Farigiraf|Farigiraf, L91, F|167/366\n|move|p2a: Arceus|Extreme Speed|p1a: Farigiraf\n|-damage|p1a: Farigiraf|0 fnt\n|faint|p1a: Farigiraf\n|-damage|p2a: Arceus|249/276|[from] item: Life Orb\n|\n|upkeep\n|inactive|keykiko has 120 seconds left.\n|\n|t:|1771223219\n|switch|p1a: Tsareena|Tsareena, L87, F|267/267\n|turn|10\n|\n|t:|1771223224\n|move|p2a: Arceus|Shadow Claw|p1a: Tsareena\n|-damage|p1a: Tsareena|16/267\n|-damage|p2a: Arceus|222/276|[from] item: Life Orb\n|move|p1a: Tsareena|Power Whip|p2a: Arceus\n|-damage|p2a: Arceus|72/276\n|\n|upkeep\n|turn|11\n|\n|t:|1771223231\n|switch|p1a: Greedent|Greedent, L86, M|347/347\n|move|p2a: Arceus|Shadow Claw|p1a: Greedent\n|-immune|p1a: Greedent\n|\n|upkeep\n|turn|12\n|\n|t:|1771223237\n|switch|p1a: Sudowoodo|Sudowoodo, L94, M|284/284\n|move|p2a: Arceus|Extreme Speed|p1a: Sudowoodo\n|-resisted|p1a: Sudowoodo\n|-damage|p1a: Sudowoodo|162/284\n|-damage|p2a: Arceus|45/276|[from] item: Life Orb\n|\n|-heal|p1a: Sudowoodo|179/284|[from] item: Leftovers\n|upkeep\n|turn|13\n|\n|t:|1771223243\n|move|p1a: Sudowoodo|Sucker Punch|p2a: Arceus\n|-supereffective|p2a: Arceus\n|-damage|p2a: Arceus|0 fnt\n|faint|p2a: Arceus\n|\n|-heal|p1a: Sudowoodo|196/284|[from] item: Leftovers\n|upkeep\n|\n|t:|1771223251\n|switch|p2a: Vaporeon|Vaporeon, L86, M|364/364\n|turn|14\n|inactive|keykiko has 120 seconds left.\n|inactive|keykiko has 90 seconds left.\n|-message|Youzeero forfeited.\n|\n|win|keykiko\n|raw|keykiko's rating: 1662 &rarr; <strong>1684</strong><br />(+22 for winning)\n|raw|Youzeero's rating: 1690 &rarr; <strong>1668</strong><br />(-22 for losing)\n|l|☆Youzeero\n|player|p2|\n", "inputlog": ">version 686819e5e19f8a7fd2345cfc5a08a5085efa2cc3\n>start {\"formatid\":\"gen9randombattle\",\"seed\":\"sodium,5adb2e9ca1e768971361d5fb7c7a8d15\",\"rated\":\"Rated battle\"}\n>player p1 {\"name\":\"keykiko\",\"avatar\":\"lillie\",\"rating\":1662,\"seed\":\"sodium,2860ea7e9586b9ea035e05c004f15bd2\"}\n>player p2 {\"name\":\"Youzeero\",\"avatar\":\"1\",\"rating\":1690,\"seed\":\"sodium,5a5ee4acf98547979337e4590e0c00c4\"}\n>p1 move bodyslam\n>p2 move nastyplot\n>p1 move psychicnoise\n>p2 move hurricane\n>p1 move protect\n>p2 move hypervoice\n>p1 move bodyslam\n>p2 move hypervoice\n>p2 switch 5\n>p1 move bodyslam\n>p2 move swordsdance terastallize\n>p1 move protect\n>p2 move swordsdance\n>p1 switch 2\n>p2 move swordsdance\n>p1 switch 3\n>p2 move earthquake\n>p1 switch 2\n>p2 move extremespeed\n>p1 switch 5\n>p1 move powerwhip\n>p2 move shadowclaw\n>p1 switch 6\n>p2 move shadowclaw\n>p1 switch 3\n>p2 move extremespeed\n>p1 move suckerpunch\n>p2 move shadowclaw\n>p2 switch 2\n>forcelose p2", "uploadtime": 1771223572, "views": 15, "formatid": "gen9randombattle", "rating": 1668, "private": 0, "password": null}