{"id": "gen9randombattle-2540017177", "format": "[Gen 9] Random Battle", "players": ["BenjPyck", "Jlgr123"], "log": "|j|☆BenjPyck\n|j|☆Jlgr123\n|t:|1771145517\n|gametype|singles\n|player|p1|BenjPyck|bugcatcher-gen4dp|1710\n|player|p2|Jlgr123|266|1729\n|gen|9\n|tier|[Gen 9] Random Battle\n|rated|\n|rule|Species Clause: Limit one of each Pokémon\n|rule|HP Percentage Mod: HP is shown in percentages\n|rule|Sleep Clause Mod: Limit one foe put to sleep\n|rule|Illusion Level Mod: Illusion disguises the Pokémon's true level\n|\n|t:|1771145517\n|teamsize|p1|6\n|teamsize|p2|6\n|start\n|switch|p1a: Torterra|Torterra, L78, M|276/276\n|switch|p2a: Arbok|Arbok, L87, M|246/246\n|-ability|p2a: Arbok|Intimidate|boost\n|-unboost|p1a: Torterra|atk|1\n|turn|1\n|inactive|Battle timer is ON: inactive players will automatically lose when time's up. (requested by BenjPyck)\n|inactive|Jlgr123 also wants the timer to be on.\n|inactive|BenjPyck has 120 seconds left.\n|\n|t:|1771145562\n|switch|p1a: Meloetta|Meloetta, L82|298/298\n|move|p2a: Arbok|Coil|p2a: Arbok\n|-boost|p2a: Arbok|atk|1\n|-boost|p2a: Arbok|def|1\n|-boost|p2a: Arbok|accuracy|1\n|\n|upkeep\n|turn|2\n|\n|t:|1771145573\n|move|p2a: Arbok|Sucker Punch|p1a: Meloetta\n|-supereffective|p1a: Meloetta\n|-damage|p1a: Meloetta|120/298\n|move|p1a: Meloetta|Psyshock|p2a: Arbok\n|-supereffective|p2a: Arbok\n|-crit|p2a: Arbok\n|-damage|p2a: Arbok|0 fnt\n|faint|p2a: Arbok\n|-damage|p1a: Meloetta|91/298|[from] item: Life Orb\n|\n|upkeep\n|\n|t:|1771145588\n|switch|p2a: Malamar|Malamar, L82, F|275/275\n|turn|3\n|\n|t:|1771145609\n|move|p1a: Meloetta|Hyper Voice|p2a: Malamar\n|-damage|p2a: Malamar|110/275\n|-damage|p1a: Meloetta|62/298|[from] item: Life Orb\n|move|p2a: Malamar|Knock Off|p1a: Meloetta\n|-supereffective|p1a: Meloetta\n|-damage|p1a: Meloetta|0 fnt\n|-enditem|p1a: Meloetta|Life Orb|[from] move: Knock Off|[of] p2a: Malamar\n|faint|p1a: Meloetta\n|\n|-heal|p2a: Malamar|127/275|[from] item: Leftovers\n|upkeep\n|inactive|BenjPyck has 120 seconds left.\n|\n|t:|1771145640\n|switch|p1a: Zekrom|Zekrom, L71|259/259\n|-ability|p1a: Zekrom|Teravolt\n|turn|4\n|\n|t:|1771145649\n|move|p1a: Zekrom|Dragon Dance|p1a: Zekrom\n|-boost|p1a: Zekrom|atk|1\n|-boost|p1a: Zekrom|spe|1\n|move|p2a: Malamar|Knock Off|p1a: Zekrom\n|-damage|p1a: Zekrom|175/259\n|-enditem|p1a: Zekrom|Leftovers|[from] move: Knock Off|[of] p2a: Malamar\n|\n|-heal|p2a: Malamar|144/275|[from] item: Leftovers\n|upkeep\n|turn|5\n|inactive|BenjPyck has 120 seconds left.\n|\n|t:|1771145661\n|move|p1a: Zekrom|Bolt Strike|p2a: Malamar\n|-damage|p2a: Malamar|0 fnt\n|faint|p2a: Malamar\n|\n|upkeep\n|\n|t:|1771145670\n|switch|p2a: Garchomp|Garchomp, L74, F|282/282\n|turn|6\n|\n|t:|1771145679\n|switch|p2a: Sylveon|Sylveon, L85, F|300/300\n|move|p1a: Zekrom|Substitute|p1a: Zekrom\n|-start|p1a: Zekrom|Substitute\n|-damage|p1a: Zekrom|111/259\n|\n|upkeep\n|turn|7\n|\n|t:|1771145689\n|switch|p2a: Garchomp|Garchomp, L74, F|282/282\n|move|p1a: Zekrom|Bolt Strike|p2a: Garchomp\n|-immune|p2a: Garchomp\n|\n|upkeep\n|turn|8\n|\n|t:|1771145701\n|move|p1a: Zekrom|Bolt Strike|p2a: Garchomp\n|-immune|p2a: Garchomp\n|move|p2a: Garchomp|Earthquake|p1a: Zekrom\n|-supereffective|p1a: Zekrom\n|-end|p1a: Zekrom|Substitute\n|\n|upkeep\n|turn|9\n|\n|t:|1771145713\n|move|p1a: Zekrom|Substitute|p1a: Zekrom\n|-start|p1a: Zekrom|Substitute\n|-damage|p1a: Zekrom|47/259\n|move|p2a: Garchomp|Earthquake|p1a: Zekrom\n|-supereffective|p1a: Zekrom\n|-end|p1a: Zekrom|Substitute\n|\n|upkeep\n|turn|10\n|\n|t:|1771145728\n|move|p1a: Zekrom|Outrage|p2a: Garchomp\n|-supereffective|p2a: Garchomp\n|-damage|p2a: Garchomp|0 fnt\n|-damage|p1a: Zekrom|15/259|[from] ability: Rough Skin|[of] p2a: Garchomp\n|-damage|p1a: Zekrom|0 fnt|[from] item: Rocky Helmet|[of] p2a: Garchomp\n|faint|p2a: Garchomp\n|faint|p1a: Zekrom\n|\n|upkeep\n|\n|t:|1771145751\n|switch|p2a: Sunflora|Sunflora, F|312/312\n|switch|p1a: Torterra|Torterra, L78, M|276/276\n|turn|11\n|\n|t:|1771145770\n|switch|p1a: Cryogonal|Cryogonal, L89|287/287\n|move|p2a: Sunflora|Sunny Day|p2a: Sunflora\n|-weather|SunnyDay\n|\n|-weather|SunnyDay|[upkeep]\n|upkeep\n|turn|12\n|\n|t:|1771145780\n|-terastallize|p2a: Sunflora|Fire\n|move|p1a: Cryogonal|Ice Beam|p2a: Sunflora\n|-resisted|p2a: Sunflora\n|-damage|p2a: Sunflora|266/312\n|move|p2a: Sunflora|Weather Ball|p1a: Cryogonal\n|-supereffective|p1a: Cryogonal\n|-damage|p1a: Cryogonal|0 fnt\n|faint|p1a: Cryogonal\n|-damage|p2a: Sunflora|235/312|[from] item: Life Orb\n|\n|-weather|SunnyDay|[upkeep]\n|upkeep\n|\n|t:|1771145796\n|switch|p1a: Torterra|Torterra, L78, M|276/276\n|turn|13\n|\n|t:|1771145807\n|-terastallize|p1a: Torterra|Water\n|move|p2a: Sunflora|Solar Beam||[still]\n|-prepare|p2a: Sunflora|Solar Beam\n|-anim|p2a: Sunflora|Solar Beam|p1a: Torterra\n|-supereffective|p1a: Torterra\n|-damage|p1a: Torterra|0 fnt\n|faint|p1a: Torterra\n|-damage|p2a: Sunflora|204/312|[from] item: Life Orb\n|\n|-weather|SunnyDay|[upkeep]\n|upkeep\n|c|☆Jlgr123|Gotcha\n|\n|t:|1771145824\n|switch|p1a: Oricorio|Oricorio-Sensu, L85, F|266/266\n|turn|14\n|\n|t:|1771145831\n|move|p2a: Sunflora|Weather Ball|p1a: Oricorio\n|-damage|p1a: Oricorio|0 fnt\n|faint|p1a: Oricorio\n|-damage|p2a: Sunflora|173/312|[from] item: Life Orb\n|\n|-weather|SunnyDay|[upkeep]\n|upkeep\n|\n|t:|1771145836\n|switch|p1a: Espathra|Espathra, L80, F|283/283\n|turn|15\n|\n|t:|1771145844\n|move|p1a: Espathra|Protect|p1a: Espathra\n|-singleturn|p1a: Espathra|Protect\n|move|p2a: Sunflora|Weather Ball|p1a: Espathra\n|-activate|p1a: Espathra|move: Protect\n|\n|-weather|none\n|-ability|p1a: Espathra|Speed Boost|boost\n|-boost|p1a: Espathra|spe|1\n|upkeep\n|turn|16\n|\n|t:|1771145859\n|move|p1a: Espathra|Calm Mind|p1a: Espathra\n|-boost|p1a: Espathra|spa|1\n|-boost|p1a: Espathra|spd|1\n|move|p2a: Sunflora|Sunny Day|p2a: Sunflora\n|-weather|SunnyDay\n|\n|-weather|SunnyDay|[upkeep]\n|-ability|p1a: Espathra|Speed Boost|boost\n|-boost|p1a: Espathra|spe|1\n|upkeep\n|turn|17\n|\n|t:|1771145874\n|move|p1a: Espathra|Calm Mind|p1a: Espathra\n|-boost|p1a: Espathra|spa|1\n|-boost|p1a: Espathra|spd|1\n|move|p2a: Sunflora|Weather Ball|p1a: Espathra\n|-damage|p1a: Espathra|56/283\n|-damage|p2a: Sunflora|142/312|[from] item: Life Orb\n|\n|-weather|SunnyDay|[upkeep]\n|-heal|p1a: Espathra|73/283|[from] item: Leftovers\n|-ability|p1a: Espathra|Speed Boost|boost\n|-boost|p1a: Espathra|spe|1\n|upkeep\n|turn|18\n|\n|t:|1771145888\n|move|p1a: Espathra|Stored Power|p2a: Sunflora\n|-damage|p2a: Sunflora|0 fnt\n|faint|p2a: Sunflora\n|\n|-weather|SunnyDay|[upkeep]\n|-heal|p1a: Espathra|90/283|[from] item: Leftovers\n|-ability|p1a: Espathra|Speed Boost|boost\n|-boost|p1a: Espathra|spe|1\n|upkeep\n|\n|t:|1771145897\n|switch|p2a: Sylveon|Sylveon, L85, F|300/300\n|turn|19\n|\n|t:|1771145914\n|move|p1a: Espathra|Stored Power|p2a: Sylveon\n|-damage|p2a: Sylveon|18/300\n|move|p2a: Sylveon|Hyper Voice|p1a: Espathra\n|-damage|p1a: Espathra|0 fnt\n|faint|p1a: Espathra\n|\n|win|Jlgr123\n|raw|BenjPyck's rating: 1710 &rarr; <strong>1691</strong><br />(-19 for losing)\n|raw|Jlgr123's rating: 1729 &rarr; <strong>1748</strong><br />(+19 for winning)\n|l|☆BenjPyck\n|player|p1|\n|c|☆Jlgr123|Gg\n", "inputlog": ">version 686819e5e19f8a7fd2345cfc5a08a5085efa2cc3\n>start {\"formatid\":\"gen9randombattle\",\"seed\":\"sodium,6dfd0a03638f62b14a35e1a0007f4645\",\"rated\":\"Rated battle\"}\n>player p1 {\"name\":\"BenjPyck\",\"avatar\":\"bugcatcher-gen4dp\",\"rating\":1710,\"seed\":\"sodium,0e4479786ac30c87f045f658560121a8\"}\n>player p2 {\"name\":\"Jlgr123\",\"avatar\":\"266\",\"rating\":1729,\"seed\":\"sodium,9b3091acc74bd95d7bdd51a2a4301f80\"}\n>p1 switch 2\n>p2 move coil\n>p1 move psyshock\n>p2 move suckerpunch\n>p2 switch 5\n>p1 move hypervoice\n>p2 move knockoff\n>p1 switch 3\n>p1 move dragondance\n>p2 move knockoff\n>p1 move boltstrike\n>p2 move superpower\n>p2 switch 3\n>p1 move substitute\n>p2 switch 4\n>p1 move boltstrike\n>p2 switch 4\n>p1 move boltstrike\n>p2 move earthquake\n>p1 move substitute\n>p2 move earthquake\n>p1 move outrage\n>p2 move earthquake\n>p1 switch 2\n>p2 switch 2\n>p1 switch 5\n>p2 move sunnyday\n>p1 move icebeam\n>p2 move weatherball terastallize\n>p1 switch 5\n>p1 move shellsmash terastallize\n>p2 move solarbeam\n>chat ☆Jlgr123|Gotcha \n>p1 switch 6\n>p1 move quiverdance\n>p2 move weatherball\n>p1 switch 4\n>p1 move protect\n>p2 move weatherball\n>p1 move calmmind\n>p2 move sunnyday\n>p1 move calmmind\n>p2 move weatherball\n>p1 move storedpower\n>p2 move weatherball\n>p2 switch 4\n>p1 move storedpower\n>p2 move hypervoice", "uploadtime": 1771145930, "views": 18, "formatid": "gen9randombattle", "rating": 1691, "private": 0, "password": null}