{"id": "gen9randombattle-2540727819", "format": "[Gen 9] Random Battle", "players": ["zenkijooj", "demoivrestheorem"], "log": "|j|☆zenkijooj\n|j|☆demoivrestheorem\n|t:|1771246612\n|gametype|singles\n|player|p1|zenkijooj|rosa|1768\n|player|p2|demoivrestheorem|richboy|1771\n|gen|9\n|tier|[Gen 9] Random Battle\n|rated|\n|rule|Species Clause: Limit one of each Pokémon\n|rule|HP Percentage Mod: HP is shown in percentages\n|rule|Sleep Clause Mod: Limit one foe put to sleep\n|rule|Illusion Level Mod: Illusion disguises the Pokémon's true level\n|\n|t:|1771246612\n|teamsize|p1|6\n|teamsize|p2|6\n|start\n|switch|p1a: Duraludon|Duraludon, L82, M|249/249\n|switch|p2a: Bellibolt|Bellibolt, L84, F|320/320\n|turn|1\n|inactive|Battle timer is ON: inactive players will automatically lose when time's up. (requested by demoivrestheorem)\n|\n|t:|1771246626\n|move|p1a: Duraludon|Body Press|p2a: Bellibolt\n|-crit|p2a: Bellibolt\n|-damage|p2a: Bellibolt|231/320\n|-start|p2a: Bellibolt|Charge|Body Press|[from] ability: Electromorphosis\n|move|p2a: Bellibolt|Volt Switch|p1a: Duraludon\n|-resisted|p1a: Duraludon\n|-damage|p1a: Duraludon|172/249\n|-end|p2a: Bellibolt|Charge|[silent]\n|\n|t:|1771246634\n|switch|p2a: Rhydon|Rhydon, L85, M|317/317|[from] Volt Switch\n|\n|upkeep\n|turn|2\n|\n|t:|1771246663\n|switch|p2a: Bellibolt|Bellibolt, L84, F|231/320\n|move|p1a: Duraludon|Flash Cannon|p2a: Bellibolt\n|-resisted|p2a: Bellibolt\n|-damage|p2a: Bellibolt|180/320\n|-start|p2a: Bellibolt|Charge|Flash Cannon|[from] ability: Electromorphosis\n|\n|-heal|p2a: Bellibolt|200/320|[from] item: Leftovers\n|upkeep\n|turn|3\n|\n|t:|1771246669\n|move|p1a: Duraludon|Body Press|p2a: Bellibolt\n|-damage|p2a: Bellibolt|142/320\n|-start|p2a: Bellibolt|Charge|Body Press|[from] ability: Electromorphosis\n|move|p2a: Bellibolt|Slack Off|p2a: Bellibolt\n|-heal|p2a: Bellibolt|302/320\n|\n|-heal|p2a: Bellibolt|320/320|[from] item: Leftovers\n|upkeep\n|turn|4\n|\n|t:|1771246676\n|move|p1a: Duraludon|Body Press|p2a: Bellibolt\n|-damage|p2a: Bellibolt|262/320\n|-start|p2a: Bellibolt|Charge|Body Press|[from] ability: Electromorphosis\n|move|p2a: Bellibolt|Thunderbolt|p1a: Duraludon\n|-resisted|p1a: Duraludon\n|-damage|p1a: Duraludon|69/249\n|-end|p2a: Bellibolt|Charge|[silent]\n|\n|-heal|p2a: Bellibolt|282/320|[from] item: Leftovers\n|upkeep\n|turn|5\n|\n|t:|1771246686\n|move|p1a: Duraludon|Draco Meteor|p2a: Bellibolt|[miss]\n|-miss|p1a: Duraludon|p2a: Bellibolt\n|move|p2a: Bellibolt|Thunderbolt|p1a: Duraludon\n|-resisted|p1a: Duraludon\n|-crit|p1a: Duraludon\n|-damage|p1a: Duraludon|0 fnt\n|faint|p1a: Duraludon\n|\n|-heal|p2a: Bellibolt|302/320|[from] item: Leftovers\n|upkeep\n|\n|t:|1771246701\n|switch|p1a: Tropius|Tropius, L91, M|328/328\n|turn|6\n|\n|t:|1771246712\n|move|p1a: Tropius|Dragon Dance|p1a: Tropius\n|-boost|p1a: Tropius|atk|1\n|-boost|p1a: Tropius|spe|1\n|move|p2a: Bellibolt|Volt Switch|p1a: Tropius\n|-crit|p1a: Tropius\n|-damage|p1a: Tropius|216/328\n|\n|t:|1771246720\n|switch|p2a: Oricorio|Oricorio, L84, M|263/263|[from] Volt Switch\n|\n|upkeep\n|turn|7\n|\n|t:|1771246742\n|move|p1a: Tropius|Dual Wingbeat|p2a: Oricorio\n|-damage|p2a: Oricorio|188/263\n|-damage|p2a: Oricorio|116/263\n|-hitcount|p2a: Oricorio|2\n|move|p2a: Oricorio|Quiver Dance|p2a: Oricorio\n|-boost|p2a: Oricorio|spa|1\n|-boost|p2a: Oricorio|spd|1\n|-boost|p2a: Oricorio|spe|1\n|\n|upkeep\n|turn|8\n|inactive|zenkijooj has 120 seconds left.\n|\n|t:|1771246777\n|-terastallize|p1a: Tropius|Ground\n|move|p2a: Oricorio|Roost|p2a: Oricorio\n|-heal|p2a: Oricorio|248/263\n|-singleturn|p2a: Oricorio|move: Roost\n|move|p1a: Tropius|Dual Wingbeat|p2a: Oricorio\n|-damage|p2a: Oricorio|181/263\n|-damage|p2a: Oricorio|115/263\n|-hitcount|p2a: Oricorio|2\n|\n|upkeep\n|turn|9\n|\n|t:|1771246785\n|move|p2a: Oricorio|Roost|p2a: Oricorio\n|-heal|p2a: Oricorio|247/263\n|-singleturn|p2a: Oricorio|move: Roost\n|move|p1a: Tropius|Dual Wingbeat|p2a: Oricorio\n|-damage|p2a: Oricorio|178/263\n|-damage|p2a: Oricorio|109/263\n|-hitcount|p2a: Oricorio|2\n|\n|upkeep\n|turn|10\n|\n|t:|1771246793\n|move|p2a: Oricorio|Roost|p2a: Oricorio\n|-heal|p2a: Oricorio|241/263\n|-singleturn|p2a: Oricorio|move: Roost\n|move|p1a: Tropius|Dual Wingbeat|p2a: Oricorio\n|-damage|p2a: Oricorio|177/263\n|-damage|p2a: Oricorio|105/263\n|-hitcount|p2a: Oricorio|2\n|\n|upkeep\n|turn|11\n|\n|t:|1771246798\n|move|p2a: Oricorio|Roost|p2a: Oricorio\n|-heal|p2a: Oricorio|237/263\n|-singleturn|p2a: Oricorio|move: Roost\n|move|p1a: Tropius|Dual Wingbeat|p2a: Oricorio\n|-damage|p2a: Oricorio|168/263\n|-damage|p2a: Oricorio|105/263\n|-hitcount|p2a: Oricorio|2\n|\n|upkeep\n|turn|12\n|\n|t:|1771246803\n|move|p2a: Oricorio|Roost|p2a: Oricorio\n|-heal|p2a: Oricorio|237/263\n|-singleturn|p2a: Oricorio|move: Roost\n|move|p1a: Tropius|Dragon Dance|p1a: Tropius\n|-boost|p1a: Tropius|atk|1\n|-boost|p1a: Tropius|spe|1\n|-activate|p2a: Oricorio|ability: Dancer\n|move|p2a: Oricorio|Dragon Dance|p2a: Oricorio|[from] ability: Dancer\n|-boost|p2a: Oricorio|atk|1\n|-boost|p2a: Oricorio|spe|1\n|\n|upkeep\n|turn|13\n|\n|t:|1771246808\n|move|p2a: Oricorio|Revelation Dance|p1a: Tropius\n|-damage|p1a: Tropius|77/328\n|-enditem|p1a: Tropius|Sitrus Berry|[eat]\n|-heal|p1a: Tropius|159/328|[from] item: Sitrus Berry\n|move|p1a: Tropius|Dual Wingbeat|p2a: Oricorio\n|-damage|p2a: Oricorio|150/263\n|-damage|p2a: Oricorio|66/263\n|-hitcount|p2a: Oricorio|2\n|\n|upkeep\n|turn|14\n|\n|t:|1771246820\n|move|p2a: Oricorio|Roost|p2a: Oricorio\n|-heal|p2a: Oricorio|198/263\n|-singleturn|p2a: Oricorio|move: Roost\n|move|p1a: Tropius|Dual Wingbeat|p2a: Oricorio\n|-damage|p2a: Oricorio|108/263\n|-damage|p2a: Oricorio|12/263\n|-hitcount|p2a: Oricorio|2\n|\n|upkeep\n|turn|15\n|\n|t:|1771246825\n|move|p2a: Oricorio|Hurricane|p1a: Tropius\n|-damage|p1a: Tropius|6/328\n|move|p1a: Tropius|Dual Wingbeat|p2a: Oricorio\n|-damage|p2a: Oricorio|0 fnt\n|faint|p2a: Oricorio\n|-hitcount|p2: Oricorio|1\n|\n|-item|p1a: Tropius|Sitrus Berry|[from] ability: Harvest\n|upkeep\n|-enditem|p1a: Tropius|Sitrus Berry|[eat]\n|-heal|p1a: Tropius|88/328|[from] item: Sitrus Berry\n|\n|t:|1771246836\n|switch|p2a: Farigiraf|Farigiraf, L91, M|366/366\n|turn|16\n|\n|t:|1771246850\n|move|p1a: Tropius|Synthesis|p1a: Tropius\n|-heal|p1a: Tropius|252/328\n|move|p2a: Farigiraf|Psychic Noise|p1a: Tropius\n|-damage|p1a: Tropius|156/328\n|-start|p1a: Tropius|move: Heal Block\n|\n|-item|p1a: Tropius|Sitrus Berry|[from] ability: Harvest\n|upkeep\n|turn|17\n|\n|t:|1771246857\n|move|p1a: Tropius|Earthquake|p2a: Farigiraf\n|-damage|p2a: Farigiraf|168/366\n|move|p2a: Farigiraf|Body Slam|p1a: Tropius\n|-damage|p1a: Tropius|56/328\n|\n|-heal|p2a: Farigiraf|190/366|[from] item: Leftovers\n|-end|p1a: Tropius|move: Heal Block\n|upkeep\n|-enditem|p1a: Tropius|Sitrus Berry|[eat]\n|-heal|p1a: Tropius|138/328|[from] item: Sitrus Berry\n|turn|18\n|\n|t:|1771246868\n|move|p1a: Tropius|Earthquake|p2a: Farigiraf\n|-crit|p2a: Farigiraf\n|-damage|p2a: Farigiraf|0 fnt\n|faint|p2a: Farigiraf\n|\n|upkeep\n|\n|t:|1771246880\n|switch|p2a: Bellibolt|Bellibolt, L84, F|302/320\n|turn|19\n|\n|t:|1771246888\n|-terastallize|p2a: Bellibolt|Water\n|move|p1a: Tropius|Earthquake|p2a: Bellibolt\n|-damage|p2a: Bellibolt|115/320\n|-start|p2a: Bellibolt|Charge|Earthquake|[from] ability: Electromorphosis\n|move|p2a: Bellibolt|Muddy Water|p1a: Tropius\n|-supereffective|p1a: Tropius\n|-damage|p1a: Tropius|0 fnt\n|faint|p1a: Tropius\n|\n|-heal|p2a: Bellibolt|135/320|[from] item: Leftovers\n|upkeep\n|\n|t:|1771246915\n|switch|p1a: Chien-Pao|Chien-Pao, L72|234/234\n|-ability|p1a: Chien-Pao|Sword of Ruin\n|turn|20\n|\n|t:|1771246921\n|move|p1a: Chien-Pao|Crunch|p2a: Bellibolt\n|-damage|p2a: Bellibolt|3/320\n|-start|p2a: Bellibolt|Charge|Crunch|[from] ability: Electromorphosis\n|move|p2a: Bellibolt|Muddy Water|p1a: Chien-Pao\n|-damage|p1a: Chien-Pao|89/234\n|\n|-heal|p2a: Bellibolt|23/320|[from] item: Leftovers\n|upkeep\n|turn|21\n|\n|t:|1771246928\n|switch|p2a: Florges|Florges-Orange, L85, F|271/271\n|move|p1a: Chien-Pao|Crunch|p2a: Florges\n|-resisted|p2a: Florges\n|-damage|p2a: Florges|182/271\n|\n|-heal|p2a: Florges|198/271|[from] item: Leftovers\n|upkeep\n|turn|22\n|\n|t:|1771246933\n|switch|p1a: Goodra|Goodra-Hisui, L82, F|265/265\n|move|p2a: Florges|Wish|p2a: Florges\n|\n|-heal|p2a: Florges|214/271|[from] item: Leftovers\n|upkeep\n|turn|23\n|\n|t:|1771246939\n|switch|p2a: Rhydon|Rhydon, L85, M|317/317\n|move|p1a: Goodra|Heavy Slam|p2a: Rhydon\n|-supereffective|p2a: Rhydon\n|-damage|p2a: Rhydon|249/317\n|\n|-heal|p2a: Rhydon|317/317|[from] move: Wish|[wisher] Florges\n|upkeep\n|turn|24\n|\n|t:|1771246947\n|move|p1a: Goodra|Hydro Pump|p2a: Rhydon\n|-supereffective|p2a: Rhydon\n|-crit|p2a: Rhydon\n|-damage|p2a: Rhydon|0 fnt\n|faint|p2a: Rhydon\n|\n|upkeep\n|\n|t:|1771246953\n|switch|p2a: Espathra|Espathra, L80, F|283/283\n|turn|25\n|\n|t:|1771246956\n|move|p2a: Espathra|Lumina Crash|p1a: Goodra\n|-resisted|p1a: Goodra\n|-damage|p1a: Goodra|238/265\n|-unboost|p1a: Goodra|spd|2\n|move|p1a: Goodra|Knock Off|p2a: Espathra\n|-supereffective|p2a: Espathra\n|-crit|p2a: Espathra\n|-damage|p2a: Espathra|0 fnt\n|-enditem|p2a: Espathra|Choice Specs|[from] move: Knock Off|[of] p1a: Goodra\n|faint|p2a: Espathra\n|\n|upkeep\n|\n|t:|1771246959\n|switch|p2a: Florges|Florges-Orange, L85, F|214/271\n|turn|26\n|-message|demoivrestheorem forfeited.\n|\n|win|zenkijooj\n|raw|zenkijooj's rating: 1768 &rarr; <strong>1788</strong><br />(+20 for winning)\n|raw|demoivrestheorem's rating: 1771 &rarr; <strong>1751</strong><br />(-20 for losing)\n|l|☆demoivrestheorem\n|player|p2|\n", "inputlog": ">version 686819e5e19f8a7fd2345cfc5a08a5085efa2cc3\n>start {\"formatid\":\"gen9randombattle\",\"seed\":\"sodium,47ce9d0d5ec630678ae3dc432c4cca25\",\"rated\":\"Rated battle\"}\n>player p1 {\"name\":\"zenkijooj\",\"avatar\":\"rosa\",\"rating\":1768,\"seed\":\"sodium,6d3b9464c49bb032aae9da2b52a717a1\"}\n>player p2 {\"name\":\"demoivrestheorem\",\"avatar\":\"richboy\",\"rating\":1771,\"seed\":\"sodium,8f3bdbbae6ad8cdebed3a8286ab4929a\"}\n>p1 move bodypress\n>p2 move voltswitch\n>p2 switch 5\n>p1 move flashcannon\n>p2 switch 5\n>p1 move bodypress\n>p2 move slackoff\n>p1 move bodypress\n>p2 move thunderbolt\n>p1 move dracometeor\n>p2 move thunderbolt\n>p1 switch 5\n>p1 move dragondance\n>p2 move voltswitch\n>p2 switch 3\n>p1 move dualwingbeat\n>p2 move quiverdance\n>p1 move dualwingbeat terastallize\n>p2 move roost\n>p1 move dualwingbeat\n>p2 move roost\n>p1 move dualwingbeat\n>p2 move roost\n>p1 move dualwingbeat\n>p2 move roost\n>p1 move dragondance\n>p2 move roost\n>p1 move dualwingbeat\n>p2 move revelationdance\n>p1 move dualwingbeat\n>p2 move roost\n>p1 move dualwingbeat\n>p2 move hurricane\n>p2 switch 2\n>p1 move synthesis\n>p2 move psychicnoise\n>p1 move earthquake\n>p2 move bodyslam\n>p1 move earthquake\n>p2 move bodyslam\n>p2 switch 3\n>p1 move earthquake\n>p2 move muddywater terastallize\n>p1 switch 3\n>p1 move crunch\n>p2 move muddywater\n>p1 move crunch\n>p2 switch 6\n>p1 switch 2\n>p2 move wish\n>p1 move heavyslam\n>p2 switch 5\n>p1 move hydropump\n>p2 move stealthrock\n>p2 switch 4\n>p1 move knockoff\n>p2 move luminacrash\n>p2 switch 5\n>forcelose p2", "uploadtime": 1771247155, "views": 6, "formatid": "gen9randombattle", "rating": 1751, "private": 0, "password": null}