{"id": "gen9randombattle-2540379087", "format": "[Gen 9] Random Battle", "players": ["Mugshit", "DayCrybabyTon"], "log": "|j|☆Mugshit\n|j|☆DayCrybabyTon\n|t:|1771194920\n|gametype|singles\n|player|p1|Mugshit|169|2136\n|player|p2|DayCrybabyTon|265|2194\n|gen|9\n|tier|[Gen 9] Random Battle\n|rated|\n|rule|Species Clause: Limit one of each Pokémon\n|rule|HP Percentage Mod: HP is shown in percentages\n|rule|Sleep Clause Mod: Limit one foe put to sleep\n|rule|Illusion Level Mod: Illusion disguises the Pokémon's true level\n|\n|t:|1771194920\n|teamsize|p1|6\n|teamsize|p2|6\n|start\n|switch|p1a: Lumineon|Lumineon, L93, F|279/279\n|switch|p2a: Arceus|Arceus-Ghost, L69|280/280\n|turn|1\n|inactive|Battle timer is ON: inactive players will automatically lose when time's up. (requested by DayCrybabyTon)\n|\n|t:|1771194937\n|move|p1a: Lumineon|Hydro Pump|p2a: Arceus\n|-damage|p2a: Arceus|165/280\n|move|p2a: Arceus|Judgment|p1a: Lumineon\n|-damage|p1a: Lumineon|183/279\n|\n|upkeep\n|turn|2\n|inactive|Mugshit has 120 seconds left.\n|\n|t:|1771194968\n|move|p1a: Lumineon|Hydro Pump|p2a: Arceus\n|-damage|p2a: Arceus|56/280\n|move|p2a: Arceus|Recover|p2a: Arceus\n|-heal|p2a: Arceus|196/280\n|\n|upkeep\n|turn|3\n|\n|t:|1771194972\n|move|p1a: Lumineon|Encore|p2a: Arceus\n|-start|p2a: Arceus|Encore\n|move|p2a: Arceus|Recover|p2a: Arceus\n|-heal|p2a: Arceus|280/280\n|\n|upkeep\n|turn|4\n|\n|t:|1771194979\n|move|p1a: Lumineon|U-turn|p2a: Arceus\n|-resisted|p2a: Arceus\n|-damage|p2a: Arceus|259/280\n|\n|t:|1771194989\n|switch|p1a: Plusle|Plusle, L95, F|268/268|[from] U-turn\n|move|p2a: Arceus|Recover|p2a: Arceus\n|-heal|p2a: Arceus|280/280\n|\n|upkeep\n|turn|5\n|\n|t:|1771194996\n|switch|p2a: Lilligant|Lilligant, L86, F|261/261\n|move|p1a: Plusle|Nasty Plot|p1a: Plusle\n|-boost|p1a: Plusle|spa|2\n|\n|upkeep\n|turn|6\n|\n|t:|1771195001\n|move|p1a: Plusle|Thunderbolt|p2a: Lilligant\n|-resisted|p2a: Lilligant\n|-damage|p2a: Lilligant|109/261\n|-damage|p1a: Plusle|242/268|[from] item: Life Orb\n|move|p2a: Lilligant|Quiver Dance|p2a: Lilligant\n|-boost|p2a: Lilligant|spa|1\n|-boost|p2a: Lilligant|spd|1\n|-boost|p2a: Lilligant|spe|1\n|\n|upkeep\n|turn|7\n|\n|t:|1771195006\n|move|p2a: Lilligant|Petal Dance|p1a: Plusle\n|-damage|p1a: Plusle|0 fnt\n|faint|p1a: Plusle\n|-damage|p2a: Lilligant|83/261|[from] item: Life Orb\n|\n|upkeep\n|\n|t:|1771195010\n|switch|p1a: Magearna|Magearna-Original, L77|250/250\n|turn|8\n|\n|t:|1771195013\n|move|p2a: Lilligant|Petal Dance|p1a: Magearna|[from] lockedmove\n|-resisted|p1a: Magearna\n|-damage|p1a: Magearna|121/250\n|-damage|p2a: Lilligant|57/261|[from] item: Life Orb\n|move|p1a: Magearna|Fleur Cannon|p2a: Lilligant\n|-damage|p2a: Lilligant|0 fnt\n|-unboost|p1a: Magearna|spa|2\n|faint|p2a: Lilligant\n|-ability|p1a: Magearna|Soul-Heart|boost\n|-boost|p1a: Magearna|spa|1\n|\n|-heal|p1a: Magearna|136/250|[from] item: Leftovers\n|upkeep\n|\n|t:|1771195020\n|switch|p2a: Zacian|Zacian, L69|241/241\n|-ability|p2a: Zacian|Intrepid Sword|boost\n|-boost|p2a: Zacian|atk|1\n|turn|9\n|\n|t:|1771195025\n|switch|p1a: Camerupt|Camerupt, L91, M|275/275\n|move|p2a: Zacian|Swords Dance|p2a: Zacian\n|-boost|p2a: Zacian|atk|2\n|\n|upkeep\n|turn|10\n|\n|t:|1771195030\n|move|p2a: Zacian|Close Combat|p1a: Camerupt\n|-damage|p1a: Camerupt|53/275\n|-unboost|p2a: Zacian|def|1\n|-unboost|p2a: Zacian|spd|1\n|-damage|p2a: Zacian|217/241|[from] item: Life Orb\n|move|p1a: Camerupt|Roar|p2a: Zacian\n|drag|p2a: Arceus|Arceus-Ghost, L69|280/280\n|\n|-heal|p1a: Camerupt|70/275|[from] item: Leftovers\n|upkeep\n|turn|11\n|\n|t:|1771195035\n|move|p2a: Arceus|Judgment|p1a: Camerupt\n|-damage|p1a: Camerupt|0 fnt\n|faint|p1a: Camerupt\n|\n|upkeep\n|\n|t:|1771195040\n|switch|p1a: Hitmonchan|Hitmonchan, L87, M|229/229\n|turn|12\n|\n|t:|1771195042\n|move|p2a: Arceus|Will-O-Wisp|p1a: Hitmonchan\n|-status|p1a: Hitmonchan|brn\n|move|p1a: Hitmonchan|Knock Off|p2a: Arceus\n|-supereffective|p2a: Arceus\n|-damage|p2a: Arceus|232/280\n|\n|-damage|p1a: Hitmonchan|215/229 brn|[from] brn\n|upkeep\n|turn|13\n|\n|t:|1771195046\n|move|p2a: Arceus|Judgment|p1a: Hitmonchan\n|-damage|p1a: Hitmonchan|157/229 brn\n|move|p1a: Hitmonchan|Poison Jab|p2a: Arceus\n|-resisted|p2a: Arceus\n|-damage|p2a: Arceus|216/280\n|\n|-damage|p1a: Hitmonchan|143/229 brn|[from] brn\n|upkeep\n|turn|14\n|\n|t:|1771195055\n|move|p2a: Arceus|Judgment|p1a: Hitmonchan\n|-damage|p1a: Hitmonchan|86/229 brn\n|move|p1a: Hitmonchan|Poison Jab|p2a: Arceus\n|-resisted|p2a: Arceus\n|-damage|p2a: Arceus|202/280\n|\n|-damage|p1a: Hitmonchan|72/229 brn|[from] brn\n|upkeep\n|turn|15\n|\n|t:|1771195063\n|move|p2a: Arceus|Recover|p2a: Arceus\n|-heal|p2a: Arceus|280/280\n|move|p1a: Hitmonchan|Poison Jab|p2a: Arceus\n|-resisted|p2a: Arceus\n|-damage|p2a: Arceus|265/280\n|-status|p2a: Arceus|psn\n|\n|-damage|p2a: Arceus|230/280 psn|[from] psn\n|-damage|p1a: Hitmonchan|58/229 brn|[from] brn\n|upkeep\n|turn|16\n|\n|t:|1771195073\n|move|p2a: Arceus|Judgment|p1a: Hitmonchan\n|-damage|p1a: Hitmonchan|4/229 brn\n|move|p1a: Hitmonchan|Knock Off|p2a: Arceus\n|-supereffective|p2a: Arceus\n|-damage|p2a: Arceus|184/280 psn\n|\n|-damage|p2a: Arceus|149/280 psn|[from] psn\n|-damage|p1a: Hitmonchan|0 fnt|[from] brn\n|faint|p1a: Hitmonchan\n|upkeep\n|\n|t:|1771195085\n|switch|p1a: Lumineon|Lumineon, L93, F|183/279\n|turn|17\n|\n|t:|1771195088\n|move|p1a: Lumineon|Hydro Pump|p2a: Arceus\n|-damage|p2a: Arceus|34/280 psn\n|move|p2a: Arceus|Judgment|p1a: Lumineon\n|-damage|p1a: Lumineon|90/279\n|\n|-damage|p2a: Arceus|0 fnt|[from] psn\n|faint|p2a: Arceus\n|upkeep\n|\n|t:|1771195095\n|switch|p2a: Zacian|Zacian, L69|217/241\n|turn|18\n|\n|t:|1771195102\n|switch|p1a: Slowking|Slowking, L88, F|310/310\n|move|p2a: Zacian|Play Rough|p1a: Slowking|[miss]\n|-miss|p2a: Zacian|p1a: Slowking\n|\n|upkeep\n|turn|19\n|\n|t:|1771195105\n|move|p2a: Zacian|Swords Dance|p2a: Zacian\n|-boost|p2a: Zacian|atk|2\n|move|p1a: Slowking|Scald|p2a: Zacian\n|-damage|p2a: Zacian|114/241\n|\n|upkeep\n|turn|20\n|\n|t:|1771195111\n|move|p2a: Zacian|Play Rough|p1a: Slowking\n|-damage|p1a: Slowking|115/310\n|-damage|p2a: Zacian|90/241|[from] item: Life Orb\n|move|p1a: Slowking|Scald|p2a: Zacian\n|-damage|p2a: Zacian|2/241\n|\n|upkeep\n|turn|21\n|\n|t:|1771195120\n|switch|p1a: Lumineon|Lumineon, L93, F|90/279\n|move|p2a: Zacian|Play Rough|p1a: Lumineon\n|-damage|p1a: Lumineon|0 fnt\n|faint|p1a: Lumineon\n|-damage|p2a: Zacian|0 fnt|[from] item: Life Orb\n|faint|p2a: Zacian\n|\n|upkeep\n|\n|t:|1771195133\n|switch|p2a: Crabominable|Crabominable, L90, M|321/321\n|switch|p1a: Magearna|Magearna-Original, L77|136/250\n|turn|22\n|\n|t:|1771195142\n|move|p1a: Magearna|Fleur Cannon|p2a: Crabominable\n|-supereffective|p2a: Crabominable\n|-damage|p2a: Crabominable|0 fnt\n|-unboost|p1a: Magearna|spa|2\n|faint|p2a: Crabominable\n|-ability|p1a: Magearna|Soul-Heart|boost\n|-boost|p1a: Magearna|spa|1\n|\n|-heal|p1a: Magearna|151/250|[from] item: Leftovers\n|upkeep\n|\n|t:|1771195146\n|switch|p2a: Haxorus|Haxorus, L77, F|244/244\n|-ability|p2a: Haxorus|Mold Breaker\n|turn|23\n|\n|t:|1771195153\n|-terastallize|p1a: Magearna|Fighting\n|move|p2a: Haxorus|Swords Dance|p2a: Haxorus\n|-boost|p2a: Haxorus|atk|2\n|move|p1a: Magearna|Fleur Cannon|p2a: Haxorus\n|-supereffective|p2a: Haxorus\n|-damage|p2a: Haxorus|0 fnt\n|-unboost|p1a: Magearna|spa|2\n|faint|p2a: Haxorus\n|-ability|p1a: Magearna|Soul-Heart|boost\n|-boost|p1a: Magearna|spa|1\n|\n|-heal|p1a: Magearna|166/250|[from] item: Leftovers\n|upkeep\n|\n|t:|1771195167\n|switch|p2a: Kommo-o|Kommo-o, L78, F|245/245\n|turn|24\n|\n|t:|1771195172\n|switch|p1a: Slowking|Slowking, L88, F|218/310\n|-terastallize|p2a: Kommo-o|Steel\n|move|p2a: Kommo-o|Swords Dance|p2a: Kommo-o\n|-boost|p2a: Kommo-o|atk|2\n|\n|upkeep\n|turn|25\n|\n|t:|1771195178\n|move|p2a: Kommo-o|Swords Dance|p2a: Kommo-o\n|-boost|p2a: Kommo-o|atk|2\n|move|p1a: Slowking|Scald|p2a: Kommo-o\n|-damage|p2a: Kommo-o|155/245\n|\n|upkeep\n|turn|26\n|\n|t:|1771195180\n|move|p2a: Kommo-o|Scale Shot|p1a: Slowking\n|-damage|p1a: Slowking|140/310\n|-damage|p1a: Slowking|55/310\n|-damage|p1a: Slowking|0 fnt\n|faint|p1a: Slowking\n|-hitcount|p1: Slowking|3\n|-unboost|p2a: Kommo-o|def|1\n|-boost|p2a: Kommo-o|spe|1\n|\n|upkeep\n|c|☆DayCrybabyTon|gg\n|\n|t:|1771195184\n|switch|p1a: Magearna|Magearna-Original, L77, tera:Fighting|166/250\n|turn|27\n|\n|t:|1771195188\n|move|p2a: Kommo-o|Close Combat|p1a: Magearna\n|-damage|p1a: Magearna|0 fnt\n|-unboost|p2a: Kommo-o|def|1\n|-unboost|p2a: Kommo-o|spd|1\n|faint|p1a: Magearna\n|\n|win|DayCrybabyTon\n|raw|Mugshit's rating: 2136 &rarr; <strong>2119</strong><br />(-17 for losing)\n|raw|DayCrybabyTon's rating: 2194 &rarr; <strong>2211</strong><br />(+17 for winning)\n|c|☆Mugshit|gg\n|l|☆Mugshit\n|player|p1|\n", "inputlog": ">version 686819e5e19f8a7fd2345cfc5a08a5085efa2cc3\n>start {\"formatid\":\"gen9randombattle\",\"seed\":\"sodium,109328dedb9aed089e53591c26622803\",\"rated\":\"Rated battle\"}\n>player p1 {\"name\":\"Mugshit\",\"avatar\":\"169\",\"rating\":2136,\"seed\":\"sodium,f3480bf515a1650be036f5662ac0cc8f\"}\n>player p2 {\"name\":\"DayCrybabyTon\",\"avatar\":\"265\",\"rating\":2194,\"seed\":\"sodium,6835cf892809f47cda6a2079838b76eb\"}\n>p1 move hydropump\n>p2 move judgment\n>p1 move hydropump\n>p2 move recover\n>p1 move encore\n>p2 move judgment\n>p1 move uturn\n>p2 move recover\n>p1 switch 6\n>p1 move nastyplot\n>p2 switch 5\n>p1 move thunderbolt\n>p2 move quiverdance\n>p1 move thunderbolt\n>p2 move petaldance\n>p1 switch 5\n>p1 move fleurcannon\n>p2 move petaldance\n>p2 switch 6\n>p1 switch 3\n>p2 move swordsdance\n>p1 move roar\n>p2 move closecombat\n>p1 move stealthrock\n>p2 move judgment\n>p1 switch 2\n>p1 move knockoff\n>p2 move willowisp\n>p1 move poisonjab\n>p2 move judgment\n>p1 move poisonjab\n>p2 move judgment\n>p1 move poisonjab\n>p2 move recover\n>p1 move knockoff\n>p2 move judgment\n>p1 switch 6\n>p1 move hydropump\n>p2 move judgment\n>p2 switch 5\n>p1 switch 4\n>p2 move playrough\n>p1 move scald\n>p2 move swordsdance\n>p1 move scald\n>p2 move playrough\n>p1 switch 4\n>p2 move playrough\n>p1 switch 3\n>p2 switch 3\n>p1 move fleurcannon\n>p2 move earthquake\n>p2 switch 2\n>p1 move fleurcannon terastallize\n>p2 move swordsdance\n>p2 switch 4\n>p1 switch 4\n>p2 move swordsdance terastallize\n>p1 move scald\n>p2 move swordsdance\n>p1 move scald\n>p2 move scaleshot\n>chat ☆DayCrybabyTon|gg\n>p1 switch 4\n>p1 move aurasphere\n>p2 move closecombat", "uploadtime": 1771195191, "views": 8, "formatid": "gen9randombattle", "rating": 2119, "private": 0, "password": null}