{"id": "gen9randombattle-2540358637", "format": "[Gen 9] Random Battle", "players": ["Michielleus", "Aqua"], "log": "|badge|p1|silver|gen9randombattle|30-8\n|uhtml|medal-msg|<div class=\"broadcast-blue\">Curious what those medals under the avatar are? PS now has Ladder Seasons! For more information, check out the <a href=\"https://www.smogon.com/forums/threads/3740067/\">thread on Smogon.</a></div>\n|badge|p2|silver|gen9randombattle|30-8\n|uhtml|medal-msg|<div class=\"broadcast-blue\">Curious what those medals under the avatar are? PS now has Ladder Seasons! For more information, check out the <a href=\"https://www.smogon.com/forums/threads/3740067/\">thread on Smogon.</a></div>\n|j|☆Michielleus\n|j|☆Aqua\n|t:|1771192602\n|gametype|singles\n|player|p1|Michielleus|#michielleus|2426\n|player|p2|Aqua|#rbtt7teamdarkraif|2437\n|gen|9\n|tier|[Gen 9] Random Battle\n|rated|\n|rule|Species Clause: Limit one of each Pokémon\n|rule|HP Percentage Mod: HP is shown in percentages\n|rule|Sleep Clause Mod: Limit one foe put to sleep\n|rule|Illusion Level Mod: Illusion disguises the Pokémon's true level\n|\n|t:|1771192602\n|teamsize|p1|6\n|teamsize|p2|6\n|start\n|switch|p1a: Hippowdon|Hippowdon, L82, M|311/311\n|switch|p2a: Emboar|Emboar, L84, M|322/322\n|-weather|Sandstorm|[from] ability: Sand Stream|[of] p1a: Hippowdon\n|turn|1\n|inactive|Battle timer is ON: inactive players will automatically lose when time's up. (requested by Michielleus)\n|inactive|Aqua also wants the timer to be on.\n|j| Referrals\n|inactive|Aqua has 120 seconds left.\n|\n|t:|1771192638\n|switch|p2a: Cetitan|Cetitan, L82, M|413/413\n|move|p1a: Hippowdon|Earthquake|p2a: Cetitan\n|-damage|p2a: Cetitan|275/413\n|\n|-weather|Sandstorm|[upkeep]\n|-damage|p2a: Cetitan|250/413|[from] Sandstorm\n|upkeep\n|turn|2\n|\n|t:|1771192650\n|switch|p1a: Lanturn|Lanturn, L89, F|367/367\n|move|p2a: Cetitan|Icicle Crash|p1a: Lanturn\n|-resisted|p1a: Lanturn\n|-damage|p1a: Lanturn|266/367\n|\n|-weather|Sandstorm|[upkeep]\n|-damage|p1a: Lanturn|244/367|[from] Sandstorm\n|-damage|p2a: Cetitan|225/413|[from] Sandstorm\n|upkeep\n|turn|3\n|\n|t:|1771192660\n|move|p1a: Lanturn|Volt Switch|p2a: Cetitan\n|-damage|p2a: Cetitan|129/413\n|\n|t:|1771192666\n|switch|p1a: Hitmonchan|Hitmonchan, L87, M|229/229|[from] Volt Switch\n|move|p2a: Cetitan|Superpower|p1a: Hitmonchan\n|-damage|p1a: Hitmonchan|100/229\n|-unboost|p2a: Cetitan|atk|1\n|-unboost|p2a: Cetitan|def|1\n|-damage|p2a: Cetitan|88/413|[from] item: Life Orb\n|\n|-weather|Sandstorm|[upkeep]\n|-damage|p1a: Hitmonchan|86/229|[from] Sandstorm\n|-damage|p2a: Cetitan|63/413|[from] Sandstorm\n|upkeep\n|turn|4\n|\n|t:|1771192678\n|switch|p2a: Ariados|Ariados, L95, M|287/287\n|move|p1a: Hitmonchan|Knock Off|p2a: Ariados\n|-crit|p2a: Ariados\n|-damage|p2a: Ariados|125/287\n|-enditem|p2a: Ariados|Heavy-Duty Boots|[from] move: Knock Off|[of] p1a: Hitmonchan\n|-damage|p1a: Hitmonchan|64/229|[from] item: Life Orb\n|\n|-weather|Sandstorm|[upkeep]\n|-damage|p1a: Hitmonchan|50/229|[from] Sandstorm\n|-damage|p2a: Ariados|108/287|[from] Sandstorm\n|upkeep\n|turn|5\n|\n|t:|1771192694\n|move|p1a: Hitmonchan|Swords Dance|p1a: Hitmonchan\n|-boost|p1a: Hitmonchan|atk|2\n|move|p2a: Ariados|Poison Jab|p1a: Hitmonchan\n|-damage|p1a: Hitmonchan|0 fnt\n|faint|p1a: Hitmonchan\n|\n|-weather|none\n|upkeep\n|\n|t:|1771192708\n|switch|p1a: Munkidori|Munkidori, L79, M|269/269\n|turn|6\n|\n|t:|1771192735\n|move|p1a: Munkidori|Psychic Noise|p2a: Ariados\n|-supereffective|p2a: Ariados\n|-damage|p2a: Ariados|0 fnt\n|faint|p2a: Ariados\n|\n|upkeep\n|\n|t:|1771192743\n|switch|p2a: Emboar|Emboar, L84, M|322/322\n|turn|7\n|\n|t:|1771192750\n|move|p1a: Munkidori|U-turn|p2a: Emboar\n|-resisted|p2a: Emboar\n|-damage|p2a: Emboar|310/322\n|-status|p2a: Emboar|tox|[from] ability: Toxic Chain|[of] p1a: Munkidori\n|\n|t:|1771192754\n|switch|p1a: Lanturn|Lanturn, L89, F|244/367|[from] U-turn\n|move|p2a: Emboar|Scald|p1a: Lanturn\n|-resisted|p1a: Lanturn\n|-damage|p1a: Lanturn|214/367\n|-status|p1a: Lanturn|brn\n|\n|-damage|p2a: Emboar|290/322 tox|[from] psn\n|-damage|p1a: Lanturn|192/367 brn|[from] brn\n|upkeep\n|turn|8\n|\n|t:|1771192772\n|move|p1a: Lanturn|Scald|p2a: Emboar\n|-supereffective|p2a: Emboar\n|-damage|p2a: Emboar|156/322 tox\n|move|p2a: Emboar|Close Combat|p1a: Lanturn\n|-damage|p1a: Lanturn|0 fnt\n|-unboost|p2a: Emboar|def|1\n|-unboost|p2a: Emboar|spd|1\n|faint|p1a: Lanturn\n|\n|-damage|p2a: Emboar|116/322 tox|[from] psn\n|upkeep\n|\n|t:|1771192776\n|switch|p1a: Munkidori|Munkidori, L79, M|269/269\n|turn|9\n|\n|t:|1771192781\n|move|p1a: Munkidori|Sludge Wave|p2a: Emboar\n|-damage|p2a: Emboar|0 fnt\n|faint|p2a: Emboar\n|\n|upkeep\n|\n|t:|1771192790\n|switch|p2a: Torkoal|Torkoal, L88, M|266/266\n|-weather|SunnyDay|[from] ability: Drought|[of] p2a: Torkoal\n|turn|10\n|j| cashbandicook\n|\n|t:|1771192796\n|move|p1a: Munkidori|Sludge Wave|p2a: Torkoal\n|-damage|p2a: Torkoal|134/266\n|move|p2a: Torkoal|Earthquake|p1a: Munkidori\n|-supereffective|p1a: Munkidori\n|-damage|p1a: Munkidori|75/269\n|\n|-weather|SunnyDay|[upkeep]\n|upkeep\n|turn|11\n|\n|t:|1771192804\n|move|p1a: Munkidori|Sludge Wave|p2a: Torkoal\n|-damage|p2a: Torkoal|4/266\n|-status|p2a: Torkoal|tox|[from] ability: Toxic Chain|[of] p1a: Munkidori\n|move|p2a: Torkoal|Fire Blast|p1a: Munkidori\n|-damage|p1a: Munkidori|0 fnt\n|faint|p1a: Munkidori\n|\n|-weather|SunnyDay|[upkeep]\n|-damage|p2a: Torkoal|0 fnt|[from] psn\n|faint|p2a: Torkoal\n|upkeep\n|\n|t:|1771192812\n|switch|p1a: Iron Treads|Iron Treads, L77|265/265\n|switch|p2a: Cetitan|Cetitan, L82, M|63/413\n|turn|12\n|\n|t:|1771192817\n|switch|p2a: Gogoat|Gogoat, L88, F|360/360\n|move|p1a: Iron Treads|Knock Off|p2a: Gogoat\n|-damage|p2a: Gogoat|277/360\n|-enditem|p2a: Gogoat|Leftovers|[from] move: Knock Off|[of] p1a: Iron Treads\n|\n|-weather|SunnyDay|[upkeep]\n|upkeep\n|turn|13\n|\n|t:|1771192822\n|move|p1a: Iron Treads|Volt Switch|p2a: Gogoat\n|-resisted|p2a: Gogoat\n|-damage|p2a: Gogoat|262/360\n|\n|t:|1771192826\n|-end|p1a: Iron Treads|Quark Drive|[silent]\n|switch|p1a: Brambleghast|Brambleghast, L88, M|240/240|[from] Volt Switch\n|move|p2a: Gogoat|Horn Leech|p1a: Brambleghast\n|-resisted|p1a: Brambleghast\n|-damage|p1a: Brambleghast|187/240\n|-heal|p2a: Gogoat|289/360|[from] drain|[of] p1a: Brambleghast\n|\n|-weather|SunnyDay|[upkeep]\n|upkeep\n|turn|14\n|\n|t:|1771192831\n|move|p1a: Brambleghast|Spikes|p2a: Gogoat\n|-sidestart|p2: Aqua|Spikes\n|move|p2a: Gogoat|Bulk Up|p2a: Gogoat\n|-boost|p2a: Gogoat|atk|1\n|-boost|p2a: Gogoat|def|1\n|\n|-weather|none\n|upkeep\n|turn|15\n|l| Referrals\n|\n|t:|1771192845\n|switch|p1a: Iron Treads|Iron Treads, L77|265/265\n|move|p2a: Gogoat|Horn Leech|p1a: Iron Treads\n|-damage|p1a: Iron Treads|141/265\n|-heal|p2a: Gogoat|351/360|[from] drain|[of] p1a: Iron Treads\n|\n|upkeep\n|turn|16\n|\n|t:|1771192849\n|move|p1a: Iron Treads|Iron Head|p2a: Gogoat\n|-damage|p2a: Gogoat|285/360\n|move|p2a: Gogoat|Horn Leech|p1a: Iron Treads\n|-damage|p1a: Iron Treads|21/265\n|-heal|p2a: Gogoat|345/360|[from] drain|[of] p1a: Iron Treads\n|\n|upkeep\n|turn|17\n|\n|t:|1771192851\n|move|p1a: Iron Treads|Iron Head|p2a: Gogoat\n|-damage|p2a: Gogoat|281/360\n|move|p2a: Gogoat|Bulk Up|p2a: Gogoat\n|-boost|p2a: Gogoat|atk|1\n|-boost|p2a: Gogoat|def|1\n|\n|upkeep\n|turn|18\n|\n|t:|1771192855\n|move|p1a: Iron Treads|Iron Head|p2a: Gogoat\n|-damage|p2a: Gogoat|233/360\n|cant|p2a: Gogoat|flinch\n|\n|upkeep\n|turn|19\n|\n|t:|1771192857\n|move|p1a: Iron Treads|Iron Head|p2a: Gogoat\n|-damage|p2a: Gogoat|184/360\n|cant|p2a: Gogoat|flinch\n|\n|upkeep\n|turn|20\n|\n|t:|1771192859\n|move|p1a: Iron Treads|Iron Head|p2a: Gogoat\n|-damage|p2a: Gogoat|133/360\n|move|p2a: Gogoat|Milk Drink|p2a: Gogoat\n|-heal|p2a: Gogoat|313/360\n|\n|upkeep\n|turn|21\n|\n|t:|1771192861\n|move|p1a: Iron Treads|Iron Head|p2a: Gogoat\n|-damage|p2a: Gogoat|262/360\n|cant|p2a: Gogoat|flinch\n|\n|upkeep\n|turn|22\n|\n|t:|1771192864\n|move|p1a: Iron Treads|Iron Head|p2a: Gogoat\n|-crit|p2a: Gogoat\n|-damage|p2a: Gogoat|123/360\n|move|p2a: Gogoat|Bulk Up|p2a: Gogoat\n|-boost|p2a: Gogoat|atk|1\n|-boost|p2a: Gogoat|def|1\n|\n|upkeep\n|turn|23\n|\n|t:|1771192866\n|move|p1a: Iron Treads|Iron Head|p2a: Gogoat\n|-damage|p2a: Gogoat|84/360\n|move|p2a: Gogoat|Milk Drink|p2a: Gogoat\n|-heal|p2a: Gogoat|264/360\n|\n|upkeep\n|turn|24\n|\n|t:|1771192869\n|move|p1a: Iron Treads|Iron Head|p2a: Gogoat\n|-damage|p2a: Gogoat|224/360\n|move|p2a: Gogoat|Bulk Up|p2a: Gogoat\n|-boost|p2a: Gogoat|atk|1\n|-boost|p2a: Gogoat|def|1\n|\n|upkeep\n|turn|25\n|\n|t:|1771192872\n|move|p1a: Iron Treads|Iron Head|p2a: Gogoat\n|-damage|p2a: Gogoat|188/360\n|move|p2a: Gogoat|Milk Drink|p2a: Gogoat\n|-heal|p2a: Gogoat|360/360\n|\n|upkeep\n|turn|26\n|\n|t:|1771192874\n|move|p1a: Iron Treads|Iron Head|p2a: Gogoat\n|-damage|p2a: Gogoat|324/360\n|cant|p2a: Gogoat|flinch\n|\n|upkeep\n|turn|27\n|\n|t:|1771192876\n|move|p1a: Iron Treads|Iron Head|p2a: Gogoat\n|-damage|p2a: Gogoat|288/360\n|move|p2a: Gogoat|Bulk Up|p2a: Gogoat\n|-boost|p2a: Gogoat|atk|1\n|-boost|p2a: Gogoat|def|1\n|\n|upkeep\n|turn|28\n|\n|t:|1771192878\n|move|p1a: Iron Treads|Iron Head|p2a: Gogoat\n|-damage|p2a: Gogoat|258/360\n|move|p2a: Gogoat|Bulk Up|p2a: Gogoat\n|-boost|p2a: Gogoat|atk|1\n|-boost|p2a: Gogoat|def|1\n|\n|upkeep\n|turn|29\n|\n|t:|1771192881\n|move|p1a: Iron Treads|Iron Head|p2a: Gogoat\n|-damage|p2a: Gogoat|234/360\n|move|p2a: Gogoat|Milk Drink|p2a: Gogoat\n|-heal|p2a: Gogoat|360/360\n|\n|upkeep\n|turn|30\n|\n|t:|1771192883\n|move|p1a: Iron Treads|Iron Head|p2a: Gogoat\n|-damage|p2a: Gogoat|335/360\n|cant|p2a: Gogoat|flinch\n|\n|upkeep\n|turn|31\n|\n|t:|1771192885\n|move|p1a: Iron Treads|Iron Head|p2a: Gogoat\n|-damage|p2a: Gogoat|311/360\n|move|p2a: Gogoat|Horn Leech|p1a: Iron Treads\n|-damage|p1a: Iron Treads|0 fnt\n|-heal|p2a: Gogoat|322/360|[from] drain|[of] p1a: Iron Treads\n|faint|p1a: Iron Treads\n|-end|p1a: Iron Treads|Quark Drive|[silent]\n|\n|upkeep\n|\n|t:|1771192887\n|switch|p1a: Brambleghast|Brambleghast, L88, M|187/240\n|turn|32\n|\n|t:|1771192890\n|move|p1a: Brambleghast|Rapid Spin|p2a: Gogoat\n|-damage|p2a: Gogoat|308/360\n|-boost|p1a: Brambleghast|spe|1\n|move|p2a: Gogoat|Horn Leech|p1a: Brambleghast\n|-resisted|p1a: Brambleghast\n|-damage|p1a: Brambleghast|0 fnt\n|-heal|p2a: Gogoat|360/360|[from] drain|[of] p1a: Brambleghast\n|faint|p1a: Brambleghast\n|\n|upkeep\n|\n|t:|1771192891\n|switch|p1a: Hippowdon|Hippowdon, L82, M|311/311\n|-weather|Sandstorm|[from] ability: Sand Stream|[of] p1a: Hippowdon\n|turn|33\n|\n|t:|1771192896\n|move|p2a: Gogoat|Horn Leech|p1a: Hippowdon\n|-supereffective|p1a: Hippowdon\n|-damage|p1a: Hippowdon|0 fnt\n|faint|p1a: Hippowdon\n|\n|win|Aqua\n|raw|Michielleus's rating: 2426 &rarr; <strong>2407</strong><br />(-19 for losing)\n|raw|Aqua's rating: 2437 &rarr; <strong>2456</strong><br />(+19 for winning)\n", "inputlog": ">version 686819e5e19f8a7fd2345cfc5a08a5085efa2cc3\n>start {\"formatid\":\"gen9randombattle\",\"seed\":\"sodium,8550e03f167825fc752e6c45160b5e9d\",\"rated\":\"Rated battle\"}\n>player p1 {\"name\":\"Michielleus\",\"avatar\":\"#michielleus\",\"rating\":2426,\"seed\":\"sodium,7ce4c5a952ae08a8c21be4a7335b600c\"}\n>player p2 {\"name\":\"Aqua\",\"avatar\":\"#rbtt7teamdarkraif\",\"rating\":2437,\"seed\":\"sodium,29dd0d2e11b1975472d2597c5d6b380f\"}\n>p1 move earthquake\n>p2 switch 6\n>p1 switch 2\n>p2 move iciclecrash\n>p1 move voltswitch\n>p2 move superpower\n>p1 switch 5\n>p1 move knockoff\n>p2 switch 2\n>p1 move swordsdance\n>p2 move poisonjab\n>p1 switch 6\n>p1 move psychicnoise\n>p2 move megahorn\n>p2 switch 6\n>p1 move uturn\n>p2 move scald\n>p1 switch 5\n>p1 move scald\n>p2 move closecombat\n>p1 switch 5\n>p1 move sludgewave\n>p2 move flareblitz\n>p2 switch 5\n>p1 move sludgewave\n>p2 move earthquake\n>p1 move sludgewave\n>p2 move fireblast\n>p1 switch 4\n>p2 switch 2\n>p1 move knockoff\n>p2 switch 4\n>p1 move voltswitch\n>p2 move hornleech\n>p1 switch 3\n>p1 move spikes\n>p2 move bulkup\n>p1 switch 3\n>p2 move hornleech\n>p1 move ironhead\n>p2 move hornleech\n>p1 move ironhead\n>p2 move bulkup\n>p1 move ironhead\n>p2 move bulkup\n>p1 move ironhead\n>p2 move milkdrink\n>p1 move ironhead\n>p2 move milkdrink\n>p1 move ironhead\n>p2 move bulkup\n>p1 move ironhead\n>p2 move bulkup\n>p1 move ironhead\n>p2 move milkdrink\n>p1 move ironhead\n>p2 move bulkup\n>p1 move ironhead\n>p2 move milkdrink\n>p1 move ironhead\n>p2 move bulkup\n>p1 move ironhead\n>p2 move bulkup\n>p1 move ironhead\n>p2 move bulkup\n>p1 move ironhead\n>p2 move milkdrink\n>p1 move ironhead\n>p2 move hornleech\n>p1 move ironhead\n>p2 move hornleech\n>p1 switch 3\n>p1 move rapidspin\n>p2 move hornleech\n>p1 switch 2\n>p1 move curse\n>p2 move hornleech", "uploadtime": 1771192916, "views": 10, "formatid": "gen9randombattle", "rating": 2407, "private": 0, "password": null}