{"id": "gen9randombattle-2540781372", "format": "[Gen 9] Random Battle", "players": ["Thien Vu", "YSSXYX"], "log": "|j|☆Thien Vu\n|j|☆YSSXYX\n|t:|1771253312\n|gametype|singles\n|player|p1|Thien Vu|blackbelt-gen4dp|1627\n|player|p2|YSSXYX|guitarist|1656\n|gen|9\n|tier|[Gen 9] Random Battle\n|rated|\n|rule|Species Clause: Limit one of each Pokémon\n|rule|HP Percentage Mod: HP is shown in percentages\n|rule|Sleep Clause Mod: Limit one foe put to sleep\n|rule|Illusion Level Mod: Illusion disguises the Pokémon's true level\n|\n|t:|1771253312\n|teamsize|p1|6\n|teamsize|p2|6\n|start\n|switch|p1a: Lucario|Lucario, L84, F|255/255\n|switch|p2a: Ogerpon|Ogerpon-Hearthflame, L74, F|239/239\n|-ability|p2a: Ogerpon|Mold Breaker\n|turn|1\n|inactive|Battle timer is ON: inactive players will automatically lose when time's up. (requested by Thien Vu)\n|\n|t:|1771253334\n|switch|p1a: Uxie|Uxie, L83|260/260\n|move|p2a: Ogerpon|Swords Dance|p2a: Ogerpon\n|-boost|p2a: Ogerpon|atk|2\n|\n|upkeep\n|turn|2\n|\n|t:|1771253344\n|move|p2a: Ogerpon|Ivy Cudgel|p1a: Uxie|[anim] Ivy Cudgel Fire\n|-crit|p1a: Uxie\n|-damage|p1a: Uxie|0 fnt\n|faint|p1a: Uxie\n|\n|upkeep\n|\n|t:|1771253352\n|switch|p1a: Lugia|Lugia, L73|275/275\n|turn|3\n|\n|t:|1771253361\n|move|p2a: Ogerpon|Ivy Cudgel|p1a: Lugia|[anim] Ivy Cudgel Fire\n|-damage|p1a: Lugia|89/275\n|move|p1a: Lugia|Aeroblast|p2a: Ogerpon\n|-supereffective|p2a: Ogerpon\n|-damage|p2a: Ogerpon|87/239\n|\n|upkeep\n|turn|4\n|\n|t:|1771253369\n|move|p2a: Ogerpon|Ivy Cudgel|p1a: Lugia|[anim] Ivy Cudgel Fire\n|-crit|p1a: Lugia\n|-damage|p1a: Lugia|0 fnt\n|faint|p1a: Lugia\n|\n|upkeep\n|\n|t:|1771253375\n|switch|p1a: Avalugg|Avalugg-Hisui, L90, F|317/317\n|turn|5\n|\n|t:|1771253385\n|move|p2a: Ogerpon|Power Whip|p1a: Avalugg\n|-supereffective|p1a: Avalugg\n|-damage|p1a: Avalugg|47/317\n|move|p1a: Avalugg|Avalanche|p2a: Ogerpon\n|-damage|p2a: Ogerpon|0 fnt\n|faint|p2a: Ogerpon\n|\n|upkeep\n|\n|t:|1771253403\n|switch|p2a: Regice|Regice, L88|284/284\n|turn|6\n|\n|t:|1771253409\n|move|p2a: Regice|Thunderbolt|p1a: Avalugg\n|-damage|p1a: Avalugg|0 fnt\n|faint|p1a: Avalugg\n|\n|upkeep\n|\n|t:|1771253418\n|switch|p1a: Ursaring|Ursaring, L84, M|288/288\n|turn|7\n|\n|t:|1771253428\n|move|p1a: Ursaring|Swords Dance|p1a: Ursaring\n|-boost|p1a: Ursaring|atk|2\n|move|p2a: Regice|Thunder Wave|p1a: Ursaring\n|-status|p1a: Ursaring|par\n|\n|upkeep\n|turn|8\n|\n|t:|1771253435\n|cant|p1a: Ursaring|par\n|move|p2a: Regice|Body Press|p1a: Ursaring\n|-supereffective|p1a: Ursaring\n|-damage|p1a: Ursaring|134/288 par\n|\n|upkeep\n|turn|9\n|\n|t:|1771253442\n|cant|p1a: Ursaring|par\n|move|p2a: Regice|Body Press|p1a: Ursaring\n|-supereffective|p1a: Ursaring\n|-damage|p1a: Ursaring|0 fnt\n|faint|p1a: Ursaring\n|\n|upkeep\n|\n|t:|1771253453\n|switch|p1a: Lucario|Lucario, L84, F|255/255\n|turn|10\n|\n|t:|1771253469\n|move|p1a: Lucario|Flash Cannon|p2a: Regice\n|-supereffective|p2a: Regice\n|-damage|p2a: Regice|164/284\n|-damage|p1a: Lucario|230/255|[from] item: Life Orb\n|move|p2a: Regice|Thunder Wave|p1a: Lucario\n|-status|p1a: Lucario|par\n|\n|upkeep\n|turn|11\n|\n|t:|1771253478\n|-terastallize|p1a: Lucario|Fighting\n|move|p2a: Regice|Body Press|p1a: Lucario\n|-damage|p1a: Lucario|161/255 par\n|move|p1a: Lucario|Focus Blast|p2a: Regice|[miss]\n|-miss|p1a: Lucario|p2a: Regice\n|\n|upkeep\n|turn|12\n|c|☆YSSXYX|what can I say\n|\n|t:|1771253499\n|move|p2a: Regice|Ice Beam|p1a: Lucario\n|-damage|p1a: Lucario|38/255 par\n|cant|p1a: Lucario|par\n|\n|upkeep\n|turn|13\n|-message|Thien Vu forfeited.\n|\n|win|YSSXYX\n|raw|Thien Vu's rating: 1627 &rarr; <strong>1609</strong><br />(-18 for losing)\n|raw|YSSXYX's rating: 1656 &rarr; <strong>1674</strong><br />(+18 for winning)\n|l|☆Thien Vu\n|player|p1|\n", "inputlog": ">version 686819e5e19f8a7fd2345cfc5a08a5085efa2cc3\n>start {\"formatid\":\"gen9randombattle\",\"seed\":\"sodium,608291407009d8b939397c3aa6025bcc\",\"rated\":\"Rated battle\"}\n>player p1 {\"name\":\"Thien Vu\",\"avatar\":\"blackbelt-gen4dp\",\"rating\":1627,\"seed\":\"sodium,0a0155e70148dda87d0e7a76703b0f6a\"}\n>player p2 {\"name\":\"YSSXYX\",\"avatar\":\"guitarist\",\"rating\":1656,\"seed\":\"sodium,a3b7ee1726f1c8c067363d6ab479217b\"}\n>p1 switch 4\n>p2 move swordsdance\n>p1 move yawn\n>p2 move ivycudgel\n>p1 switch 3\n>p1 move aeroblast\n>p2 move ivycudgel\n>p1 move aeroblast\n>p2 move ivycudgel\n>p1 switch 5\n>p1 move avalanche\n>p2 move powerwhip\n>p2 switch 4\n>p1 move recover\n>p2 move thunderbolt\n>p1 switch 6\n>p1 move swordsdance\n>p2 move thunderwave\n>p1 move closecombat\n>p2 move bodypress\n>p1 move closecombat\n>p2 move bodypress\n>p1 switch 4\n>p1 move flashcannon\n>p2 move thunderwave\n>p1 move focusblast terastallize\n>p2 move bodypress\n>chat ☆YSSXYX|what can I say\n>p1 move focusblast\n>p2 move icebeam\n>forcelose p1", "uploadtime": 1771253510, "views": 7, "formatid": "gen9randombattle", "rating": 1609, "private": 0, "password": null}