{"id": "gen9randombattle-2540942369", "format": "[Gen 9] Random Battle", "players": ["ksvk", "ImCatleya"], "log": "|j|☆ksvk\n|j|☆ImCatleya\n|t:|1771269372\n|gametype|singles\n|player|p1|ksvk|169|2243\n|player|p2|ImCatleya|caitlin|2142\n|gen|9\n|tier|[Gen 9] Random Battle\n|rated|\n|rule|Species Clause: Limit one of each Pokémon\n|rule|HP Percentage Mod: HP is shown in percentages\n|rule|Sleep Clause Mod: Limit one foe put to sleep\n|rule|Illusion Level Mod: Illusion disguises the Pokémon's true level\n|\n|t:|1771269372\n|teamsize|p1|6\n|teamsize|p2|6\n|start\n|switch|p1a: Milotic|Milotic, L83, M|293/293\n|switch|p2a: Delibird|Delibird, M|252/252\n|turn|1\n|\n|t:|1771269390\n|move|p2a: Delibird|Freeze-Dry|p1a: Milotic\n|-supereffective|p1a: Milotic\n|-damage|p1a: Milotic|165/293\n|move|p1a: Milotic|Scald|p2a: Delibird\n|-damage|p2a: Delibird|143/252\n|\n|-heal|p1a: Milotic|183/293|[from] item: Leftovers\n|upkeep\n|turn|2\n|\n|t:|1771269397\n|move|p2a: Delibird|Spikes|p1a: Milotic\n|-sidestart|p1: ksvk|Spikes\n|move|p1a: Milotic|Recover|p1a: Milotic\n|-heal|p1a: Milotic|293/293\n|\n|upkeep\n|turn|3\n|\n|t:|1771269402\n|move|p2a: Delibird|Freeze-Dry|p1a: Milotic\n|-supereffective|p1a: Milotic\n|-damage|p1a: Milotic|167/293\n|move|p1a: Milotic|Scald|p2a: Delibird\n|-damage|p2a: Delibird|20/252\n|\n|-heal|p1a: Milotic|185/293|[from] item: Leftovers\n|upkeep\n|turn|4\n|\n|t:|1771269408\n|move|p2a: Delibird|Freeze-Dry|p1a: Milotic\n|-supereffective|p1a: Milotic\n|-damage|p1a: Milotic|59/293\n|move|p1a: Milotic|Recover|p1a: Milotic\n|-heal|p1a: Milotic|206/293\n|\n|-heal|p1a: Milotic|224/293|[from] item: Leftovers\n|upkeep\n|turn|5\n|\n|t:|1771269413\n|move|p2a: Delibird|Freeze-Dry|p1a: Milotic\n|-supereffective|p1a: Milotic\n|-damage|p1a: Milotic|90/293\n|move|p1a: Milotic|Scald|p2a: Delibird\n|-damage|p2a: Delibird|0 fnt\n|faint|p2a: Delibird\n|\n|-heal|p1a: Milotic|108/293|[from] item: Leftovers\n|upkeep\n|\n|t:|1771269423\n|switch|p2a: Raichu|Raichu, L88, F|249/249\n|turn|6\n|\n|t:|1771269433\n|move|p2a: Raichu|Nasty Plot|p2a: Raichu\n|-boost|p2a: Raichu|spa|2\n|move|p1a: Milotic|Dragon Tail|p2a: Raichu\n|-damage|p2a: Raichu|212/249\n|drag|p2a: Dipplin|Dipplin, L88, M|284/284\n|\n|-heal|p1a: Milotic|126/293|[from] item: Leftovers\n|upkeep\n|turn|7\n|\n|t:|1771269451\n|switch|p1a: Oricorio|Oricorio-Pa'u, L87, F|272/272\n|move|p2a: Dipplin|Giga Drain|p1a: Oricorio\n|-resisted|p1a: Oricorio\n|-damage|p1a: Oricorio|224/272\n|\n|upkeep\n|turn|8\n|\n|t:|1771269457\n|move|p1a: Oricorio|Hurricane|p2a: Dipplin\n|-supereffective|p2a: Dipplin\n|-crit|p2a: Dipplin\n|-damage|p2a: Dipplin|12/284\n|move|p2a: Dipplin|Dragon Tail|p1a: Oricorio\n|-damage|p1a: Oricorio|155/272\n|drag|p1a: Milotic|Milotic, L83, M|126/293\n|-damage|p1a: Milotic|90/293|[from] Spikes\n|\n|-heal|p1a: Milotic|108/293|[from] item: Leftovers\n|upkeep\n|turn|9\n|\n|t:|1771269468\n|move|p1a: Milotic|Ice Beam|p2a: Dipplin\n|-supereffective|p2a: Dipplin\n|-damage|p2a: Dipplin|0 fnt\n|faint|p2a: Dipplin\n|\n|-heal|p1a: Milotic|126/293|[from] item: Leftovers\n|upkeep\n|\n|t:|1771269470\n|switch|p2a: Raichu|Raichu, L88, F|212/249\n|turn|10\n|\n|t:|1771269474\n|switch|p1a: Great Tusk|Great Tusk, L77|304/304\n|-damage|p1a: Great Tusk|266/304|[from] Spikes\n|move|p2a: Raichu|Thunderbolt|p1a: Great Tusk\n|-immune|p1a: Great Tusk\n|\n|-heal|p1a: Great Tusk|285/304|[from] item: Leftovers\n|upkeep\n|turn|11\n|\n|t:|1771269477\n|switch|p2a: Volbeat|Volbeat, L90, M|263/263\n|move|p1a: Great Tusk|Earthquake|p2a: Volbeat\n|-resisted|p2a: Volbeat\n|-damage|p2a: Volbeat|209/263\n|\n|-heal|p1a: Great Tusk|304/304|[from] item: Leftovers\n|upkeep\n|turn|12\n|\n|t:|1771269480\n|move|p2a: Volbeat|Lunge|p1a: Great Tusk\n|-resisted|p1a: Great Tusk\n|-damage|p1a: Great Tusk|272/304\n|-unboost|p1a: Great Tusk|atk|1\n|move|p1a: Great Tusk|Stone Edge|p2a: Volbeat\n|-supereffective|p2a: Volbeat\n|-damage|p2a: Volbeat|97/263\n|\n|-heal|p1a: Great Tusk|291/304|[from] item: Leftovers\n|upkeep\n|turn|13\n|\n|t:|1771269483\n|move|p2a: Volbeat|Roost|p2a: Volbeat\n|-heal|p2a: Volbeat|229/263\n|-singleturn|p2a: Volbeat|move: Roost\n|move|p1a: Great Tusk|Stone Edge|p2a: Volbeat\n|-supereffective|p2a: Volbeat\n|-crit|p2a: Volbeat\n|-damage|p2a: Volbeat|1/263\n|\n|-heal|p1a: Great Tusk|304/304|[from] item: Leftovers\n|upkeep\n|turn|14\n|\n|t:|1771269487\n|-end|p1a: Great Tusk|Protosynthesis|[silent]\n|switch|p1a: Regieleki|Regieleki, L79|256/256\n|-damage|p1a: Regieleki|224/256|[from] Spikes\n|move|p2a: Volbeat|Lunge|p1a: Regieleki\n|-damage|p1a: Regieleki|103/256\n|-unboost|p1a: Regieleki|atk|1\n|\n|upkeep\n|turn|15\n|\n|t:|1771269496\n|move|p2a: Volbeat|Roost|p2a: Volbeat\n|-heal|p2a: Volbeat|133/263\n|-singleturn|p2a: Volbeat|move: Roost\n|move|p1a: Regieleki|Rapid Spin|p2a: Volbeat\n|-damage|p2a: Volbeat|109/263\n|-boost|p1a: Regieleki|spe|1\n|-sideend|p1: ksvk|Spikes|[from] move: Rapid Spin|[of] p1a: Regieleki\n|\n|upkeep\n|turn|16\n|\n|t:|1771269501\n|switch|p1a: Great Tusk|Great Tusk, L77|304/304\n|move|p2a: Volbeat|Encore||[still]\n|-fail|p2a: Volbeat\n|\n|upkeep\n|turn|17\n|\n|t:|1771269506\n|move|p2a: Volbeat|Lunge|p1a: Great Tusk\n|-resisted|p1a: Great Tusk\n|-damage|p1a: Great Tusk|274/304\n|-unboost|p1a: Great Tusk|atk|1\n|move|p1a: Great Tusk|Stone Edge|p2a: Volbeat\n|-supereffective|p2a: Volbeat\n|-crit|p2a: Volbeat\n|-damage|p2a: Volbeat|0 fnt\n|faint|p2a: Volbeat\n|\n|-heal|p1a: Great Tusk|293/304|[from] item: Leftovers\n|upkeep\n|\n|t:|1771269508\n|switch|p2a: Exeggutor|Exeggutor, L89, M|312/312\n|turn|18\n|\n|t:|1771269522\n|-end|p1a: Great Tusk|Protosynthesis|[silent]\n|switch|p1a: Hitmonlee|Hitmonlee, L85, M|224/224\n|move|p2a: Exeggutor|Substitute|p2a: Exeggutor\n|-start|p2a: Exeggutor|Substitute\n|-damage|p2a: Exeggutor|234/312\n|\n|upkeep\n|turn|19\n|\n|t:|1771269526\n|move|p1a: Hitmonlee|Knock Off|p2a: Exeggutor\n|-supereffective|p2a: Exeggutor\n|-end|p2a: Exeggutor|Substitute\n|move|p2a: Exeggutor|Psychic|p1a: Hitmonlee\n|-supereffective|p1a: Hitmonlee\n|-damage|p1a: Hitmonlee|2/224\n|\n|upkeep\n|turn|20\n|\n|t:|1771269530\n|switch|p2a: Drifblim|Drifblim, L86, M|396/396\n|move|p1a: Hitmonlee|Knock Off|p2a: Drifblim\n|-supereffective|p2a: Drifblim\n|-damage|p2a: Drifblim|148/396\n|-enditem|p2a: Drifblim|Sitrus Berry|[from] move: Knock Off|[of] p1a: Hitmonlee\n|\n|upkeep\n|turn|21\n|\n|t:|1771269537\n|switch|p1a: Milotic|Milotic, L83, M|126/293\n|move|p2a: Drifblim|Strength Sap|p1a: Milotic\n|-unboost|p1a: Milotic|atk|1\n|-ability|p1a: Milotic|Competitive|boost\n|-boost|p1a: Milotic|spa|2\n|-heal|p2a: Drifblim|295/396\n|\n|-heal|p1a: Milotic|144/293|[from] item: Leftovers\n|upkeep\n|turn|22\n|\n|t:|1771269540\n|move|p2a: Drifblim|Calm Mind|p2a: Drifblim\n|-boost|p2a: Drifblim|spa|1\n|-boost|p2a: Drifblim|spd|1\n|move|p1a: Milotic|Dragon Tail|p2a: Drifblim\n|-damage|p2a: Drifblim|262/396\n|drag|p2a: Exeggutor|Exeggutor, L89, M|234/312\n|\n|-heal|p1a: Milotic|162/293|[from] item: Leftovers\n|upkeep\n|turn|23\n|\n|t:|1771269546\n|move|p1a: Milotic|Ice Beam|p2a: Exeggutor\n|-supereffective|p2a: Exeggutor\n|-damage|p2a: Exeggutor|0 fnt\n|faint|p2a: Exeggutor\n|\n|-heal|p1a: Milotic|180/293|[from] item: Leftovers\n|upkeep\n|\n|t:|1771269552\n|switch|p2a: Raichu|Raichu, L88, F|212/249\n|turn|24\n|-message|ImCatleya forfeited.\n|\n|win|ksvk\n|raw|ksvk's rating: 2243 &rarr; <strong>2257</strong><br />(+14 for winning)\n|raw|ImCatleya's rating: 2142 &rarr; <strong>2128</strong><br />(-14 for losing)\n|l|☆ImCatleya\n|player|p2|\n", "inputlog": ">version 686819e5e19f8a7fd2345cfc5a08a5085efa2cc3\n>start {\"formatid\":\"gen9randombattle\",\"seed\":\"sodium,7b1b76f0aa6da1eae47be98943e5667c\",\"rated\":\"Rated battle\"}\n>player p1 {\"name\":\"ksvk\",\"avatar\":\"169\",\"rating\":2243,\"seed\":\"sodium,bbbc53671bc541353d48c29387221ec0\"}\n>player p2 {\"name\":\"ImCatleya\",\"avatar\":\"caitlin\",\"rating\":2142,\"seed\":\"sodium,49766fc26c6979bf62df0ca4dd6c2fe5\"}\n>p1 move scald\n>p2 move freezedry\n>p1 move recover\n>p2 move spikes\n>p1 move scald\n>p2 move freezedry\n>p1 move recover\n>p2 move freezedry\n>p1 move scald\n>p2 move freezedry\n>p2 switch 6\n>p1 move dragontail\n>p2 move nastyplot\n>p1 switch 4\n>p2 move gigadrain\n>p1 move hurricane\n>p2 move dragontail\n>p1 move icebeam\n>p2 move gigadrain\n>p2 switch 5\n>p1 switch 3\n>p2 move thunderbolt\n>p1 move earthquake\n>p2 switch 3\n>p1 move stoneedge\n>p2 move lunge\n>p1 move stoneedge\n>p2 move roost\n>p1 switch 6\n>p2 move lunge\n>p1 move rapidspin\n>p2 move roost\n>p1 switch 6\n>p2 move encore\n>p1 move stoneedge\n>p2 move lunge\n>p2 switch 4\n>p1 switch 5\n>p2 move substitute\n>p1 move knockoff\n>p2 move psychic\n>p1 move knockoff\n>p2 switch 2\n>p1 switch 3\n>p2 move strengthsap\n>p1 move dragontail\n>p2 move calmmind\n>p1 move icebeam\n>p2 move leechseed\n>p2 switch 3\n>forcelose p2", "uploadtime": 1771269560, "views": 7, "formatid": "gen9randombattle", "rating": 2128, "private": 0, "password": null}