{"id": "gen9randombattle-2540228335", "format": "[Gen 9] Random Battle", "players": ["Axtell", "Gilbertx"], "log": "|j|☆Axtell\n|j|☆Gilbertx\n|t:|1771178226\n|gametype|singles\n|player|p1|Axtell|cynthia|1904\n|player|p2|Gilbertx|1|1987\n|gen|9\n|tier|[Gen 9] Random Battle\n|rated|\n|rule|Species Clause: Limit one of each Pokémon\n|rule|HP Percentage Mod: HP is shown in percentages\n|rule|Sleep Clause Mod: Limit one foe put to sleep\n|rule|Illusion Level Mod: Illusion disguises the Pokémon's true level\n|\n|t:|1771178226\n|teamsize|p1|6\n|teamsize|p2|6\n|start\n|switch|p1a: Phione|Phione, L91|293/293\n|switch|p2a: Regidrago|Regidrago, L77|435/435\n|turn|1\n|inactive|Battle timer is ON: inactive players will automatically lose when time's up. (requested by Gilbertx)\n|\n|t:|1771178243\n|move|p1a: Phione|Ice Beam|p2a: Regidrago\n|-supereffective|p2a: Regidrago\n|-damage|p2a: Regidrago|239/435\n|move|p2a: Regidrago|Dragon Dance|p2a: Regidrago\n|-boost|p2a: Regidrago|atk|1\n|-boost|p2a: Regidrago|spe|1\n|\n|upkeep\n|turn|2\n|\n|t:|1771178251\n|switch|p1a: Avalugg|Avalugg-Hisui, L90, M|317/317\n|move|p2a: Regidrago|Outrage|p1a: Avalugg\n|-damage|p1a: Avalugg|197/317\n|\n|upkeep\n|turn|3\n|\n|t:|1771178254\n|move|p2a: Regidrago|Outrage|p1a: Avalugg|[from] lockedmove\n|-damage|p1a: Avalugg|67/317\n|-start|p2a: Regidrago|confusion|[fatigue]\n|-enditem|p2a: Regidrago|Lum Berry|[eat]\n|-end|p2a: Regidrago|confusion\n|move|p1a: Avalugg|Avalanche|p2a: Regidrago\n|-supereffective|p2a: Regidrago\n|-damage|p2a: Regidrago|0 fnt\n|faint|p2a: Regidrago\n|\n|upkeep\n|\n|t:|1771178267\n|switch|p2a: Ribombee|Ribombee, L83, M|235/235\n|turn|4\n|\n|t:|1771178271\n|switch|p1a: Arbok|Arbok, L87, F|246/246\n|-ability|p1a: Arbok|Intimidate|boost\n|-unboost|p2a: Ribombee|atk|1\n|move|p2a: Ribombee|Moonblast|p1a: Arbok\n|-resisted|p1a: Arbok\n|-damage|p1a: Arbok|200/246\n|\n|-heal|p1a: Arbok|215/246|[from] item: Leftovers\n|upkeep\n|turn|5\n|\n|t:|1771178279\n|move|p2a: Ribombee|Sticky Web|p1a: Arbok\n|-sidestart|p1: Axtell|move: Sticky Web\n|move|p1a: Arbok|Coil|p1a: Arbok\n|-boost|p1a: Arbok|atk|1\n|-boost|p1a: Arbok|def|1\n|-boost|p1a: Arbok|accuracy|1\n|\n|-heal|p1a: Arbok|230/246|[from] item: Leftovers\n|upkeep\n|turn|6\n|\n|t:|1771178282\n|move|p2a: Ribombee|Moonblast|p1a: Arbok\n|-resisted|p1a: Arbok\n|-damage|p1a: Arbok|182/246\n|move|p1a: Arbok|Gunk Shot|p2a: Ribombee\n|-supereffective|p2a: Ribombee\n|-damage|p2a: Ribombee|0 fnt\n|faint|p2a: Ribombee\n|\n|-heal|p1a: Arbok|197/246|[from] item: Leftovers\n|upkeep\n|\n|t:|1771178294\n|switch|p2a: Garchomp|Garchomp, L74, F|282/282\n|turn|7\n|\n|t:|1771178305\n|-terastallize|p1a: Arbok|Dark\n|move|p2a: Garchomp|Earthquake|p1a: Arbok\n|-damage|p1a: Arbok|116/246\n|move|p1a: Arbok|Coil|p1a: Arbok\n|-boost|p1a: Arbok|atk|1\n|-boost|p1a: Arbok|def|1\n|-boost|p1a: Arbok|accuracy|1\n|\n|-heal|p1a: Arbok|131/246|[from] item: Leftovers\n|upkeep\n|turn|8\n|\n|t:|1771178314\n|move|p2a: Garchomp|Swords Dance|p2a: Garchomp\n|-boost|p2a: Garchomp|atk|2\n|move|p1a: Arbok|Earthquake|p2a: Garchomp\n|-damage|p2a: Garchomp|138/282\n|\n|-heal|p1a: Arbok|146/246|[from] item: Leftovers\n|upkeep\n|turn|9\n|\n|t:|1771178318\n|move|p1a: Arbok|Sucker Punch|p2a: Garchomp\n|-damage|p2a: Garchomp|0 fnt\n|-damage|p1a: Arbok|116/246|[from] ability: Rough Skin|[of] p2a: Garchomp\n|faint|p2a: Garchomp\n|\n|-heal|p1a: Arbok|131/246|[from] item: Leftovers\n|upkeep\n|\n|t:|1771178325\n|switch|p2a: Virizion|Virizion, L82|283/283\n|turn|10\n|\n|t:|1771178328\n|move|p2a: Virizion|Close Combat|p1a: Arbok\n|-supereffective|p1a: Arbok\n|-damage|p1a: Arbok|0 fnt\n|-unboost|p2a: Virizion|def|1\n|-unboost|p2a: Virizion|spd|1\n|faint|p1a: Arbok\n|-damage|p2a: Virizion|255/283|[from] item: Life Orb\n|\n|upkeep\n|\n|t:|1771178338\n|switch|p1a: Gurdurr|Gurdurr, L85, F|283/283\n|-activate|p1a: Gurdurr|move: Sticky Web\n|-unboost|p1a: Gurdurr|spe|1\n|turn|11\n|\n|t:|1771178357\n|move|p2a: Virizion|Close Combat|p1a: Gurdurr\n|-damage|p1a: Gurdurr|178/283\n|-unboost|p2a: Virizion|def|1\n|-unboost|p2a: Virizion|spd|1\n|-damage|p2a: Virizion|227/283|[from] item: Life Orb\n|move|p1a: Gurdurr|Defog|p2a: Virizion\n|-unboost|p2a: Virizion|evasion|1\n|-sideend|p1: Axtell|Sticky Web|[from] move: Defog|[of] p1a: Gurdurr\n|\n|upkeep\n|turn|12\n|\n|t:|1771178361\n|move|p2a: Virizion|Close Combat|p1a: Gurdurr\n|-damage|p1a: Gurdurr|75/283\n|-unboost|p2a: Virizion|def|1\n|-unboost|p2a: Virizion|spd|1\n|-damage|p2a: Virizion|199/283|[from] item: Life Orb\n|move|p1a: Gurdurr|Knock Off|p2a: Virizion\n|-resisted|p2a: Virizion\n|-damage|p2a: Virizion|94/283\n|-ability|p2a: Virizion|Justified|boost\n|-boost|p2a: Virizion|atk|1\n|-enditem|p2a: Virizion|Life Orb|[from] move: Knock Off|[of] p1a: Gurdurr\n|\n|upkeep\n|turn|13\n|\n|t:|1771178366\n|move|p1a: Gurdurr|Mach Punch|p2a: Virizion\n|-damage|p2a: Virizion|0 fnt\n|faint|p2a: Virizion\n|\n|upkeep\n|\n|t:|1771178371\n|switch|p2a: Munkidori|Munkidori, L79, M|269/269\n|turn|14\n|\n|t:|1771178376\n|move|p2a: Munkidori|Psychic Noise|p1a: Gurdurr\n|-supereffective|p1a: Gurdurr\n|-damage|p1a: Gurdurr|0 fnt\n|faint|p1a: Gurdurr\n|\n|upkeep\n|\n|t:|1771178383\n|switch|p1a: Hoopa|Hoopa, L85|275/275\n|turn|15\n|\n|t:|1771178407\n|-terastallize|p2a: Munkidori|Dark\n|move|p1a: Hoopa|Trick|p2a: Munkidori\n|-activate|p1a: Hoopa|move: Trick|[of] p2a: Munkidori\n|-item|p2a: Munkidori|Choice Scarf|[from] move: Trick\n|-item|p1a: Hoopa|Assault Vest|[from] move: Trick\n|move|p2a: Munkidori|Sludge Wave|p1a: Hoopa\n|-resisted|p1a: Hoopa\n|-damage|p1a: Hoopa|248/275\n|-status|p1a: Hoopa|tox|[from] ability: Toxic Chain|[of] p2a: Munkidori\n|\n|-damage|p1a: Hoopa|231/275 tox|[from] psn\n|upkeep\n|turn|16\n|\n|t:|1771178416\n|move|p2a: Munkidori|Sludge Wave|p1a: Hoopa\n|-resisted|p1a: Hoopa\n|-damage|p1a: Hoopa|204/275 tox\n|move|p1a: Hoopa|Focus Blast|p2a: Munkidori\n|-supereffective|p2a: Munkidori\n|-damage|p2a: Munkidori|19/269\n|\n|-damage|p1a: Hoopa|170/275 tox|[from] psn\n|upkeep\n|turn|17\n|\n|t:|1771178419\n|move|p2a: Munkidori|Sludge Wave|p1a: Hoopa\n|-resisted|p1a: Hoopa\n|-damage|p1a: Hoopa|143/275 tox\n|move|p1a: Hoopa|Shadow Ball|p2a: Munkidori\n|-resisted|p2a: Munkidori\n|-damage|p2a: Munkidori|0 fnt\n|faint|p2a: Munkidori\n|\n|-damage|p1a: Hoopa|92/275 tox|[from] psn\n|upkeep\n|\n|t:|1771178423\n|switch|p2a: Kyogre|Kyogre, L71|259/259\n|-weather|RainDance|[from] ability: Drizzle|[of] p2a: Kyogre\n|turn|18\n|\n|t:|1771178433\n|move|p2a: Kyogre|Origin Pulse|p1a: Hoopa\n|-damage|p1a: Hoopa|5/275 tox\n|move|p1a: Hoopa|Shadow Ball|p2a: Kyogre\n|-damage|p2a: Kyogre|160/259\n|\n|-weather|RainDance|[upkeep]\n|-heal|p2a: Kyogre|176/259|[from] item: Leftovers\n|-damage|p1a: Hoopa|0 fnt|[from] psn\n|faint|p1a: Hoopa\n|upkeep\n|\n|t:|1771178436\n|switch|p1a: Phione|Phione, L91|293/293\n|turn|19\n|\n|t:|1771178440\n|move|p1a: Phione|Take Heart|p1a: Phione\n|-boost|p1a: Phione|spa|1\n|-boost|p1a: Phione|spd|1\n|move|p2a: Kyogre|Thunder|p1a: Phione\n|-supereffective|p1a: Phione\n|-damage|p1a: Phione|195/293\n|-status|p1a: Phione|par\n|\n|-weather|RainDance|[upkeep]\n|-heal|p2a: Kyogre|192/259|[from] item: Leftovers\n|-activate|p1a: Phione|ability: Hydration\n|-curestatus|p1a: Phione|par|[msg]\n|-heal|p1a: Phione|213/293|[from] item: Leftovers\n|upkeep\n|turn|20\n|\n|t:|1771178443\n|move|p1a: Phione|Take Heart|p1a: Phione\n|-boost|p1a: Phione|spa|1\n|-boost|p1a: Phione|spd|1\n|move|p2a: Kyogre|Thunder|p1a: Phione\n|-supereffective|p1a: Phione\n|-damage|p1a: Phione|127/293\n|\n|-weather|RainDance|[upkeep]\n|-heal|p1a: Phione|145/293|[from] item: Leftovers\n|-heal|p2a: Kyogre|208/259|[from] item: Leftovers\n|upkeep\n|turn|21\n|\n|t:|1771178445\n|move|p1a: Phione|Grass Knot|p2a: Kyogre\n|-supereffective|p2a: Kyogre\n|-damage|p2a: Kyogre|0 fnt\n|faint|p2a: Kyogre\n|\n|win|Axtell\n|raw|Axtell's rating: 1904 &rarr; <strong>1929</strong><br />(+25 for winning)\n|raw|Gilbertx's rating: 1987 &rarr; <strong>1962</strong><br />(-25 for losing)\n|l|☆Gilbertx\n|player|p2|\n", "inputlog": ">version 686819e5e19f8a7fd2345cfc5a08a5085efa2cc3\n>start {\"formatid\":\"gen9randombattle\",\"seed\":\"sodium,4e4c44881e8b089ca695987618cb25da\",\"rated\":\"Rated battle\"}\n>player p1 {\"name\":\"Axtell\",\"avatar\":\"cynthia\",\"rating\":1904,\"seed\":\"sodium,188c004ea3fc5775572a91cc3dd0f6d5\"}\n>player p2 {\"name\":\"Gilbertx\",\"avatar\":\"1\",\"rating\":1987,\"seed\":\"sodium,1d96ed49c6feb236b0492237cb32ccf1\"}\n>p1 move icebeam\n>p2 move dragondance\n>p1 switch 4\n>p2 move outrage\n>p1 move avalanche\n>p2 move outrage\n>p2 switch 2\n>p1 switch 2\n>p2 move moonblast\n>p1 move coil\n>p2 move stickyweb\n>p1 move gunkshot\n>p2 move moonblast\n>p2 switch 5\n>p1 move coil terastallize\n>p2 move earthquake\n>p1 move earthquake\n>p2 move swordsdance\n>p1 move suckerpunch\n>p2 move earthquake\n>p2 switch 3\n>p1 move gunkshot\n>p2 move closecombat\n>p1 switch 6\n>p1 move defog\n>p2 move closecombat\n>p1 move knockoff\n>p2 move closecombat\n>p1 move machpunch\n>p2 move closecombat\n>p2 switch 4\n>p1 move knockoff\n>p2 move psychicnoise\n>p1 switch 5\n>p1 move trick\n>p2 move sludgewave terastallize\n>p1 move focusblast\n>p2 move sludgewave\n>p1 move shadowball\n>p2 move sludgewave\n>p2 switch 6\n>p1 move shadowball\n>p2 move originpulse\n>p1 switch 4\n>p1 move takeheart\n>p2 move thunder\n>p1 move takeheart\n>p2 move thunder\n>p1 move grassknot\n>p2 move thunder", "uploadtime": 1771178448, "views": 17, "formatid": "gen9randombattle", "rating": 1929, "private": 0, "password": null}