{"id": "gen9randombattle-2540010287", "format": "[Gen 9] Random Battle", "players": ["estrogen armada", "not fatboieric"], "log": "|j|☆estrogen armada\n|j|☆not fatboieric\n|t:|1771144022\n|gametype|singles\n|player|p1|estrogen armada|flannery|1967\n|player|p2|not fatboieric|leon|2049\n|gen|9\n|tier|[Gen 9] Random Battle\n|rated|\n|rule|Species Clause: Limit one of each Pokémon\n|rule|HP Percentage Mod: HP is shown in percentages\n|rule|Sleep Clause Mod: Limit one foe put to sleep\n|rule|Illusion Level Mod: Illusion disguises the Pokémon's true level\n|\n|t:|1771144022\n|teamsize|p1|6\n|teamsize|p2|6\n|start\n|switch|p1a: Raging Bolt|Raging Bolt, L78|323/323\n|switch|p2a: Iron Leaves|Iron Leaves, L80|275/275\n|turn|1\n|inactive|Battle timer is ON: inactive players will automatically lose when time's up. (requested by estrogen armada)\n|\n|t:|1771144040\n|move|p2a: Iron Leaves|Psyblade|p1a: Raging Bolt\n|-damage|p1a: Raging Bolt|169/323\n|move|p1a: Raging Bolt|Volt Switch|p2a: Iron Leaves\n|-resisted|p2a: Iron Leaves\n|-damage|p2a: Iron Leaves|235/275\n|\n|t:|1771144049\n|-end|p1a: Raging Bolt|Protosynthesis|[silent]\n|switch|p1a: Solgaleo|Solgaleo, L74|325/325|[from] Volt Switch\n|\n|upkeep\n|turn|2\n|\n|t:|1771144056\n|-end|p2a: Iron Leaves|Quark Drive|[silent]\n|switch|p2a: Sableye|Sableye, L88, F|231/231\n|move|p1a: Solgaleo|Flame Charge|p2a: Sableye\n|-damage|p2a: Sableye|195/231\n|-boost|p1a: Solgaleo|spe|1\n|\n|-heal|p2a: Sableye|209/231|[from] item: Leftovers\n|upkeep\n|turn|3\n|\n|t:|1771144080\n|switch|p1a: Ditto|Ditto, L87|225/225\n|-transform|p1a: Ditto|p2a: Sableye|[from] ability: Imposter\n|move|p2a: Sableye|Will-O-Wisp|p1a: Ditto\n|-hint|Since gen 7, Dark is immune to Prankster moves.\n|-immune|p1a: Ditto\n|\n|-heal|p2a: Sableye|223/231|[from] item: Leftovers\n|upkeep\n|turn|4\n|\n|t:|1771144095\n|switch|p1a: Raging Bolt|Raging Bolt, L78|169/323\n|move|p2a: Sableye|Knock Off|p1a: Raging Bolt\n|-damage|p1a: Raging Bolt|69/323\n|-enditem|p1a: Raging Bolt|Assault Vest|[from] move: Knock Off|[of] p2a: Sableye\n|\n|-heal|p2a: Sableye|231/231|[from] item: Leftovers\n|upkeep\n|turn|5\n|\n|t:|1771144109\n|switch|p2a: Eelektross|Eelektross, L87, F|290/290\n|move|p1a: Raging Bolt|Draco Meteor|p2a: Eelektross\n|-damage|p2a: Eelektross|127/290\n|-unboost|p1a: Raging Bolt|spa|2\n|\n|-heal|p2a: Eelektross|145/290|[from] item: Leftovers\n|upkeep\n|turn|6\n|\n|t:|1771144119\n|move|p1a: Raging Bolt|Volt Switch|p2a: Eelektross\n|-resisted|p2a: Eelektross\n|-damage|p2a: Eelektross|123/290\n|\n|t:|1771144131\n|-end|p1a: Raging Bolt|Protosynthesis|[silent]\n|switch|p1a: Torterra|Torterra, L78, M|276/276|[from] Volt Switch\n|move|p2a: Eelektross|Drain Punch|p1a: Torterra\n|-damage|p1a: Torterra|219/276\n|-heal|p2a: Eelektross|152/290|[from] drain|[of] p1a: Torterra\n|\n|-heal|p2a: Eelektross|170/290|[from] item: Leftovers\n|upkeep\n|turn|7\n|\n|t:|1771144142\n|switch|p2a: Lilligant|Lilligant-Hisui, L79, F|240/240\n|move|p1a: Torterra|Shell Smash|p1a: Torterra\n|-unboost|p1a: Torterra|def|1\n|-unboost|p1a: Torterra|spd|1\n|-boost|p1a: Torterra|atk|2\n|-boost|p1a: Torterra|spa|2\n|-boost|p1a: Torterra|spe|2\n|\n|upkeep\n|turn|8\n|\n|t:|1771144157\n|move|p1a: Torterra|Shell Smash|p1a: Torterra\n|-unboost|p1a: Torterra|def|1\n|-unboost|p1a: Torterra|spd|1\n|-boost|p1a: Torterra|atk|2\n|-boost|p1a: Torterra|spa|2\n|-boost|p1a: Torterra|spe|2\n|move|p2a: Lilligant|Leaf Blade|p1a: Torterra\n|-damage|p1a: Torterra|0 fnt\n|faint|p1a: Torterra\n|-damage|p2a: Lilligant|216/240|[from] item: Life Orb\n|\n|upkeep\n|\n|t:|1771144162\n|switch|p1a: Chimecho|Chimecho, L93, F|290/290\n|turn|9\n|\n|t:|1771144168\n|switch|p2a: Gumshoos|Gumshoos, L95, F|321/321\n|move|p1a: Chimecho|Cosmic Power|p1a: Chimecho\n|-boost|p1a: Chimecho|def|1\n|-boost|p1a: Chimecho|spd|1\n|\n|upkeep\n|turn|10\n|\n|t:|1771144175\n|move|p1a: Chimecho|Cosmic Power|p1a: Chimecho\n|-boost|p1a: Chimecho|def|1\n|-boost|p1a: Chimecho|spd|1\n|move|p2a: Gumshoos|Double-Edge|p1a: Chimecho\n|-damage|p1a: Chimecho|130/290\n|-damage|p2a: Gumshoos|268/321|[from] Recoil\n|\n|-heal|p1a: Chimecho|148/290|[from] item: Leftovers\n|upkeep\n|turn|11\n|\n|t:|1771144186\n|switch|p2a: Furret|Furret, L94, F|312/312\n|-item|p1a: Chimecho|Leftovers|[from] ability: Frisk|[of] p2a: Furret\n|move|p1a: Chimecho|Recover|p1a: Chimecho\n|-heal|p1a: Chimecho|290/290\n|\n|upkeep\n|turn|12\n|\n|t:|1771144190\n|move|p2a: Furret|Trick|p1a: Chimecho\n|-activate|p2a: Furret|move: Trick|[of] p1a: Chimecho\n|-item|p1a: Chimecho|Choice Band|[from] move: Trick\n|-item|p2a: Furret|Leftovers|[from] move: Trick\n|move|p1a: Chimecho|Stored Power|p2a: Furret\n|-damage|p2a: Furret|153/312\n|\n|-heal|p2a: Furret|172/312|[from] item: Leftovers\n|upkeep\n|turn|13\n|\n|t:|1771144201\n|switch|p1a: Raging Bolt|Raging Bolt, L78|69/323\n|move|p2a: Furret|U-turn|p1a: Raging Bolt\n|-damage|p1a: Raging Bolt|13/323\n|\n|t:|1771144209\n|switch|p2a: Iron Leaves|Iron Leaves, L80|235/275|[from] U-turn\n|\n|upkeep\n|turn|14\n|\n|t:|1771144216\n|move|p1a: Raging Bolt|Thunderclap|p2a: Iron Leaves\n|-resisted|p2a: Iron Leaves\n|-damage|p2a: Iron Leaves|199/275\n|move|p2a: Iron Leaves|Psyblade|p1a: Raging Bolt\n|-damage|p1a: Raging Bolt|0 fnt\n|faint|p1a: Raging Bolt\n|-end|p1a: Raging Bolt|Protosynthesis|[silent]\n|\n|upkeep\n|\n|t:|1771144228\n|switch|p1a: Chimecho|Chimecho, L93, F|290/290\n|turn|15\n|\n|t:|1771144238\n|-end|p2a: Iron Leaves|Quark Drive|[silent]\n|switch|p2a: Gumshoos|Gumshoos, L95, F|268/321\n|move|p1a: Chimecho|Dazzling Gleam|p2a: Gumshoos\n|-damage|p2a: Gumshoos|185/321\n|\n|upkeep\n|turn|16\n|\n|t:|1771144246\n|move|p1a: Chimecho|Dazzling Gleam|p2a: Gumshoos\n|-damage|p2a: Gumshoos|101/321\n|move|p2a: Gumshoos|Double-Edge|p1a: Chimecho\n|-damage|p1a: Chimecho|0 fnt\n|faint|p1a: Chimecho\n|-damage|p2a: Gumshoos|5/321|[from] Recoil\n|\n|upkeep\n|\n|t:|1771144259\n|switch|p1a: Pikachu|Pikachu, L93, M|216/216\n|turn|17\n|\n|t:|1771144272\n|move|p1a: Pikachu|Knock Off|p2a: Gumshoos\n|-damage|p2a: Gumshoos|0 fnt\n|-enditem|p2a: Gumshoos|Choice Band|[from] move: Knock Off|[of] p1a: Pikachu\n|faint|p2a: Gumshoos\n|\n|upkeep\n|\n|t:|1771144275\n|switch|p2a: Sableye|Sableye, L88, F|231/231\n|turn|18\n|\n|t:|1771144280\n|move|p2a: Sableye|Will-O-Wisp|p1a: Pikachu\n|-status|p1a: Pikachu|brn\n|move|p1a: Pikachu|Volt Tackle|p2a: Sableye\n|-damage|p2a: Sableye|114/231\n|-damage|p1a: Pikachu|177/216 brn|[from] Recoil\n|\n|-heal|p2a: Sableye|128/231|[from] item: Leftovers\n|-damage|p1a: Pikachu|164/216 brn|[from] brn\n|upkeep\n|turn|19\n|\n|t:|1771144287\n|move|p1a: Pikachu|Surf|p2a: Sableye\n|-damage|p2a: Sableye|5/231\n|move|p2a: Sableye|Knock Off|p1a: Pikachu\n|-damage|p1a: Pikachu|31/216 brn\n|-enditem|p1a: Pikachu|Light Ball|[from] move: Knock Off|[of] p2a: Sableye\n|\n|-heal|p2a: Sableye|19/231|[from] item: Leftovers\n|-damage|p1a: Pikachu|18/216 brn|[from] brn\n|upkeep\n|turn|20\n|\n|t:|1771144291\n|move|p2a: Sableye|Recover|p2a: Sableye\n|-heal|p2a: Sableye|135/231\n|move|p1a: Pikachu|Surf|p2a: Sableye\n|-damage|p2a: Sableye|73/231\n|\n|-heal|p2a: Sableye|87/231|[from] item: Leftovers\n|-damage|p1a: Pikachu|5/216 brn|[from] brn\n|upkeep\n|turn|21\n|\n|t:|1771144295\n|move|p2a: Sableye|Recover|p2a: Sableye\n|-heal|p2a: Sableye|203/231\n|move|p1a: Pikachu|Volt Switch|p2a: Sableye\n|-damage|p2a: Sableye|139/231\n|-message|estrogen armada forfeited.\n|\n|win|not fatboieric\n|raw|estrogen armada's rating: 1967 &rarr; <strong>1952</strong><br />(-15 for losing)\n|raw|not fatboieric's rating: 2049 &rarr; <strong>2064</strong><br />(+15 for winning)\n|l|☆estrogen armada\n|player|p1|\n", "inputlog": ">version 686819e5e19f8a7fd2345cfc5a08a5085efa2cc3\n>start {\"formatid\":\"gen9randombattle\",\"seed\":\"sodium,013cf85083f92ffec9c6f69a5982b97a\",\"rated\":\"Rated battle\"}\n>player p1 {\"name\":\"estrogen armada\",\"avatar\":\"flannery\",\"rating\":1967,\"seed\":\"sodium,93b942fd7e624b1483be07f6c80bdcb4\"}\n>player p2 {\"name\":\"not fatboieric\",\"avatar\":\"leon\",\"rating\":2049,\"seed\":\"sodium,46c6e7e14caa98a8bde2034446b4843e\"}\n>p1 move voltswitch\n>p2 move psyblade\n>p1 switch 3\n>p1 move flamecharge\n>p2 switch 6\n>p1 switch 5\n>p2 move willowisp\n>p1 switch 3\n>p2 move knockoff\n>p1 move dracometeor\n>p2 switch 2\n>p1 move voltswitch\n>p2 move drainpunch\n>p1 switch 6\n>p1 move shellsmash\n>p2 switch 3\n>p1 move shellsmash\n>p2 move leafblade\n>p1 switch 4\n>p1 move cosmicpower\n>p2 switch 4\n>p1 move cosmicpower\n>p2 move doubleedge\n>p1 move recover\n>p2 switch 5\n>p1 move storedpower\n>p2 move trick\n>p1 switch 6\n>p2 move uturn\n>p2 switch 6\n>p1 move thunderclap\n>p2 move psyblade\n>p1 switch 6\n>p1 move dazzlinggleam\n>p2 switch 5\n>p1 move dazzlinggleam\n>p2 move doubleedge\n>p1 switch 2\n>p1 move knockoff\n>p2 move doubleedge\n>p2 switch 2\n>p1 move volttackle\n>p2 move willowisp\n>p1 move surf\n>p2 move knockoff\n>p1 move surf\n>p2 move recover\n>p1 move voltswitch\n>p2 move recover\n>forcelose p1", "uploadtime": 1771144304, "views": 27, "formatid": "gen9randombattle", "rating": 1952, "private": 0, "password": null}