{"id": "gen9randombattle-2540351606", "format": "[Gen 9] Random Battle", "players": ["bbpeu", "Taimajii"], "log": "|j|☆bbpeu\n|j|☆Taimajii\n|t:|1771191815\n|gametype|singles\n|player|p1|bbpeu|policeman-gen4|1542\n|player|p2|Taimajii|medium|1559\n|gen|9\n|tier|[Gen 9] Random Battle\n|rated|\n|rule|Species Clause: Limit one of each Pokémon\n|rule|HP Percentage Mod: HP is shown in percentages\n|rule|Sleep Clause Mod: Limit one foe put to sleep\n|rule|Illusion Level Mod: Illusion disguises the Pokémon's true level\n|\n|t:|1771191815\n|teamsize|p1|6\n|teamsize|p2|6\n|start\n|switch|p1a: Eiscue|Eiscue, L88, F|274/274\n|switch|p2a: Indeedee|Indeedee-F, L90, F|272/272\n|-fieldstart|move: Psychic Terrain|[from] ability: Psychic Surge|[of] p2a: Indeedee\n|turn|1\n|inactive|Battle timer is ON: inactive players will automatically lose when time's up. (requested by Taimajii)\n|inactive|bbpeu has 120 seconds left.\n|inactive|bbpeu has 90 seconds left.\n|\n|t:|1771191877\n|move|p2a: Indeedee|Psyshock|p1a: Eiscue\n|-damage|p1a: Eiscue|134/274\n|-enditem|p1a: Eiscue|Sitrus Berry|[eat]\n|-heal|p1a: Eiscue|202/274|[from] item: Sitrus Berry\n|-damage|p2a: Indeedee|245/272|[from] item: Life Orb\n|move|p1a: Eiscue|Ice Spinner|p2a: Indeedee\n|-damage|p2a: Indeedee|154/272\n|-fieldend|move: Psychic Terrain\n|\n|upkeep\n|turn|2\n|\n|t:|1771191893\n|move|p2a: Indeedee|Hyper Voice|p1a: Eiscue\n|-damage|p1a: Eiscue|76/274\n|-damage|p2a: Indeedee|127/272|[from] item: Life Orb\n|move|p1a: Eiscue|Ice Spinner|p2a: Indeedee\n|-damage|p2a: Indeedee|31/272\n|\n|upkeep\n|turn|3\n|\n|t:|1771191900\n|move|p2a: Indeedee|Hyper Voice|p1a: Eiscue\n|-damage|p1a: Eiscue|0 fnt\n|faint|p1a: Eiscue\n|-damage|p2a: Indeedee|4/272|[from] item: Life Orb\n|\n|upkeep\n|\n|t:|1771191927\n|switch|p1a: Basculin|Basculin, L86, F|261/261\n|turn|4\n|\n|t:|1771191934\n|switch|p2a: Lapras|Lapras, L87, F|367/367\n|move|p1a: Basculin|Flip Turn|p2a: Lapras\n|-immune|p2a: Lapras|[from] ability: Water Absorb\n|\n|upkeep\n|turn|5\n|\n|t:|1771191953\n|switch|p1a: Sylveon|Sylveon, L85, M|300/300\n|move|p2a: Lapras|Freeze-Dry|p1a: Sylveon\n|-damage|p1a: Sylveon|216/300\n|\n|-heal|p1a: Sylveon|234/300|[from] item: Leftovers\n|upkeep\n|turn|6\n|\n|t:|1771191972\n|switch|p2a: Golem|Golem, L87, F|281/281\n|move|p1a: Sylveon|Calm Mind|p1a: Sylveon\n|-boost|p1a: Sylveon|spa|1\n|-boost|p1a: Sylveon|spd|1\n|\n|-heal|p1a: Sylveon|252/300|[from] item: Leftovers\n|upkeep\n|turn|7\n|\n|t:|1771191995\n|move|p1a: Sylveon|Protect|p1a: Sylveon\n|-singleturn|p1a: Sylveon|Protect\n|move|p2a: Golem|Stealth Rock|p1a: Sylveon\n|-sidestart|p1: bbpeu|move: Stealth Rock\n|\n|-heal|p1a: Sylveon|270/300|[from] item: Leftovers\n|upkeep\n|turn|8\n|\n|t:|1771191999\n|move|p1a: Sylveon|Hyper Voice|p2a: Golem\n|-damage|p2a: Golem|52/281\n|move|p2a: Golem|Earthquake|p1a: Sylveon\n|-damage|p1a: Sylveon|110/300\n|\n|-heal|p1a: Sylveon|128/300|[from] item: Leftovers\n|upkeep\n|turn|9\n|-enditem|p2a: Golem|Custap Berry|[eat]\n|-activate|p2a: Golem|item: Custap Berry|[consumed]\n|\n|t:|1771192011\n|move|p1a: Sylveon|Protect|p1a: Sylveon\n|-singleturn|p1a: Sylveon|Protect\n|move|p2a: Golem|Explosion|p1a: Sylveon\n|-activate|p1a: Sylveon|move: Protect\n|faint|p2a: Golem\n|\n|-heal|p1a: Sylveon|146/300|[from] item: Leftovers\n|upkeep\n|\n|t:|1771192028\n|switch|p2a: Zebstrika|Zebstrika, L87, F|272/272\n|turn|10\n|\n|t:|1771192036\n|move|p1a: Sylveon|Protect||[still]\n|-fail|p1a: Sylveon\n|move|p2a: Zebstrika|Supercell Slam|p1a: Sylveon\n|-damage|p1a: Sylveon|0 fnt\n|faint|p1a: Sylveon\n|-damage|p2a: Zebstrika|245/272|[from] item: Life Orb\n|\n|upkeep\n|\n|t:|1771192048\n|switch|p1a: Scizor|Scizor, L79, M|240/240\n|-damage|p1a: Scizor|210/240|[from] Stealth Rock\n|turn|11\n|\n|t:|1771192055\n|move|p2a: Zebstrika|Overheat|p1a: Scizor\n|-supereffective|p1a: Scizor\n|-damage|p1a: Scizor|0 fnt\n|-unboost|p2a: Zebstrika|spa|2\n|faint|p1a: Scizor\n|-damage|p2a: Zebstrika|218/272|[from] item: Life Orb\n|\n|upkeep\n|\n|t:|1771192058\n|switch|p1a: Raikou|Raikou, L81|278/278\n|-damage|p1a: Raikou|244/278|[from] Stealth Rock\n|-ability|p1a: Raikou|Pressure\n|turn|12\n|\n|t:|1771192065\n|move|p2a: Zebstrika|High Horsepower|p1a: Raikou|[miss]\n|-miss|p2a: Zebstrika|p1a: Raikou\n|move|p1a: Raikou|Substitute|p1a: Raikou\n|-start|p1a: Raikou|Substitute\n|-damage|p1a: Raikou|175/278\n|\n|-heal|p1a: Raikou|192/278|[from] item: Leftovers\n|upkeep\n|turn|13\n|\n|t:|1771192074\n|move|p2a: Zebstrika|High Horsepower|p1a: Raikou\n|-supereffective|p1a: Raikou\n|-end|p1a: Raikou|Substitute\n|-damage|p2a: Zebstrika|191/272|[from] item: Life Orb\n|move|p1a: Raikou|Calm Mind|p1a: Raikou\n|-boost|p1a: Raikou|spa|1\n|-boost|p1a: Raikou|spd|1\n|\n|-heal|p1a: Raikou|209/278|[from] item: Leftovers\n|upkeep\n|turn|14\n|\n|t:|1771192080\n|-terastallize|p1a: Raikou|Water\n|move|p2a: Zebstrika|High Horsepower|p1a: Raikou\n|-damage|p1a: Raikou|95/278\n|-damage|p2a: Zebstrika|164/272|[from] item: Life Orb\n|move|p1a: Raikou|Scald|p2a: Zebstrika\n|-damage|p2a: Zebstrika|0 fnt\n|faint|p2a: Zebstrika\n|\n|-heal|p1a: Raikou|112/278|[from] item: Leftovers\n|upkeep\n|\n|t:|1771192105\n|switch|p2a: Hydrapple|Hydrapple, L83, F|312/312\n|turn|15\n|\n|t:|1771192128\n|move|p1a: Raikou|Thunderbolt|p2a: Hydrapple\n|-resisted|p2a: Hydrapple\n|-damage|p2a: Hydrapple|269/312\n|move|p2a: Hydrapple|Fickle Beam|p1a: Raikou|[anim] Fickle Beam All Out\n|-activate|p2a: Hydrapple|move: Fickle Beam\n|-damage|p1a: Raikou|0 fnt\n|faint|p1a: Raikou\n|\n|upkeep\n|\n|t:|1771192133\n|switch|p1a: Volcarona|Volcarona, L77, F|257/257\n|turn|16\n|\n|t:|1771192149\n|switch|p2a: Lapras|Lapras, L87, F|367/367\n|move|p1a: Volcarona|Quiver Dance|p1a: Volcarona\n|-boost|p1a: Volcarona|spa|1\n|-boost|p1a: Volcarona|spd|1\n|-boost|p1a: Volcarona|spe|1\n|\n|upkeep\n|turn|17\n|\n|t:|1771192161\n|move|p1a: Volcarona|Quiver Dance|p1a: Volcarona\n|-boost|p1a: Volcarona|spa|1\n|-boost|p1a: Volcarona|spd|1\n|-boost|p1a: Volcarona|spe|1\n|move|p2a: Lapras|Sparkling Aria|p1a: Volcarona\n|-supereffective|p1a: Volcarona\n|-damage|p1a: Volcarona|125/257\n|\n|upkeep\n|turn|18\n|\n|t:|1771192172\n|move|p1a: Volcarona|Giga Drain|p2a: Lapras\n|-supereffective|p2a: Lapras\n|-damage|p2a: Lapras|143/367\n|-heal|p1a: Volcarona|237/257|[from] drain|[of] p2a: Lapras\n|move|p2a: Lapras|Sparkling Aria|p1a: Volcarona\n|-supereffective|p1a: Volcarona\n|-damage|p1a: Volcarona|103/257\n|\n|upkeep\n|turn|19\n|\n|t:|1771192176\n|move|p1a: Volcarona|Giga Drain|p2a: Lapras\n|-supereffective|p2a: Lapras\n|-damage|p2a: Lapras|0 fnt\n|-heal|p1a: Volcarona|175/257|[from] drain|[of] p2a: Lapras\n|faint|p2a: Lapras\n|\n|upkeep\n|\n|t:|1771192185\n|switch|p2a: Hydrapple|Hydrapple, L83, F|312/312\n|turn|20\n|inactive|Taimajii has 120 seconds left.\n|\n|t:|1771192222\n|-terastallize|p2a: Hydrapple|Dragon\n|move|p1a: Volcarona|Fire Blast|p2a: Hydrapple\n|-resisted|p2a: Hydrapple\n|-damage|p2a: Hydrapple|184/312\n|move|p2a: Hydrapple|Earth Power|p1a: Volcarona\n|-crit|p1a: Volcarona\n|-damage|p1a: Volcarona|24/257\n|\n|upkeep\n|turn|21\n|inactive|Taimajii has 120 seconds left.\n|\n|t:|1771192232\n|move|p1a: Volcarona|Tera Blast|p2a: Hydrapple\n|-damage|p2a: Hydrapple|57/312\n|move|p2a: Hydrapple|Earth Power|p1a: Volcarona\n|-damage|p1a: Volcarona|0 fnt\n|faint|p1a: Volcarona\n|\n|upkeep\n|\n|t:|1771192235\n|switch|p1a: Basculin|Basculin, L86, F|261/261\n|-damage|p1a: Basculin|229/261|[from] Stealth Rock\n|turn|22\n|\n|t:|1771192240\n|switch|p2a: Indeedee|Indeedee-F, L90, F|4/272\n|-fieldstart|move: Psychic Terrain|[from] ability: Psychic Surge|[of] p2a: Indeedee\n|move|p1a: Basculin|Wave Crash|p2a: Indeedee\n|-crit|p2a: Indeedee\n|-damage|p2a: Indeedee|0 fnt\n|faint|p2a: Indeedee\n|-damage|p1a: Basculin|228/261|[from] Recoil\n|\n|upkeep\n|\n|t:|1771192257\n|switch|p2a: Hydrapple|Hydrapple, L83, F, tera:Dragon|161/312\n|turn|23\n|\n|t:|1771192260\n|switch|p2a: Cryogonal|Cryogonal, L89|287/287\n|move|p1a: Basculin|Wave Crash|p2a: Cryogonal\n|-damage|p2a: Cryogonal|0 fnt\n|faint|p2a: Cryogonal\n|-damage|p1a: Basculin|133/261|[from] Recoil\n|\n|upkeep\n|\n|t:|1771192268\n|switch|p2a: Hydrapple|Hydrapple, L83, F, tera:Dragon|265/312\n|turn|24\n|\n|t:|1771192272\n|move|p1a: Basculin|Wave Crash|p2a: Hydrapple\n|-resisted|p2a: Hydrapple\n|-crit|p2a: Hydrapple\n|-damage|p2a: Hydrapple|103/312\n|-damage|p1a: Basculin|80/261|[from] Recoil\n|move|p2a: Hydrapple|Fickle Beam|p1a: Basculin|[anim] Fickle Beam All Out\n|-activate|p2a: Hydrapple|move: Fickle Beam\n|-damage|p1a: Basculin|0 fnt\n|faint|p1a: Basculin\n|\n|win|Taimajii\n|raw|bbpeu's rating: 1542 &rarr; <strong>1523</strong><br />(-19 for losing)\n|raw|Taimajii's rating: 1559 &rarr; <strong>1578</strong><br />(+19 for winning)\n|l|☆bbpeu\n|player|p1|\n", "inputlog": ">version 686819e5e19f8a7fd2345cfc5a08a5085efa2cc3\n>start {\"formatid\":\"gen9randombattle\",\"seed\":\"sodium,dfe0092c268488982ab4bb42db9f5f1e\",\"rated\":\"Rated battle\"}\n>player p1 {\"name\":\"bbpeu\",\"avatar\":\"policeman-gen4\",\"rating\":1542,\"seed\":\"sodium,aadc110e09cda3aa380db2e4ce32168e\"}\n>player p2 {\"name\":\"Taimajii\",\"avatar\":\"medium\",\"rating\":1559,\"seed\":\"sodium,d06da6545a7898c4dc8f816db6217178\"}\n>p1 move icespinner\n>p2 move psyshock\n>p1 move icespinner\n>p2 move hypervoice\n>p1 move icespinner\n>p2 move hypervoice\n>p1 switch 5\n>p1 move flipturn\n>p2 switch 3\n>p1 switch 4\n>p2 move freezedry\n>p1 move calmmind\n>p2 switch 6\n>p1 move protect\n>p2 move stealthrock\n>p1 move hypervoice\n>p2 move earthquake\n>p1 move protect\n>p2 move explosion\n>p2 switch 4\n>p1 move protect\n>p2 move supercellslam\n>p1 switch 3\n>p1 move bugbite\n>p2 move overheat\n>p1 switch 6\n>p1 move substitute\n>p2 move highhorsepower\n>p1 move calmmind\n>p2 move highhorsepower\n>p1 move scald terastallize\n>p2 move highhorsepower\n>p2 switch 2\n>p1 move thunderbolt\n>p2 move ficklebeam\n>p1 switch 2\n>p1 move quiverdance\n>p2 switch 6\n>p1 move quiverdance\n>p2 move sparklingaria\n>p1 move gigadrain\n>p2 move sparklingaria\n>p1 move gigadrain\n>p2 move sparklingaria\n>p2 switch 6\n>p1 move fireblast\n>p2 move earthpower terastallize\n>p1 move terablast\n>p2 move earthpower\n>p1 switch 4\n>p1 move wavecrash\n>p2 switch 3\n>p2 switch 3\n>p1 move wavecrash\n>p2 switch 5\n>p2 switch 5\n>p1 move wavecrash\n>p2 move ficklebeam", "uploadtime": 1771192286, "views": 16, "formatid": "gen9randombattle", "rating": 1523, "private": 0, "password": null}