{"id": "gen9randombattle-2540546575", "format": "[Gen 9] Random Battle", "players": ["erzor3821", "yeewo寄王"], "log": "|j|☆erzor3821\n|j|☆yeewo寄王\n|t:|1771216033\n|gametype|singles\n|player|p1|erzor3821|2|1750\n|player|p2|yeewo寄王|170|1733\n|gen|9\n|tier|[Gen 9] Random Battle\n|rated|\n|rule|Species Clause: Limit one of each Pokémon\n|rule|HP Percentage Mod: HP is shown in percentages\n|rule|Sleep Clause Mod: Limit one foe put to sleep\n|rule|Illusion Level Mod: Illusion disguises the Pokémon's true level\n|\n|t:|1771216033\n|teamsize|p1|6\n|teamsize|p2|6\n|start\n|switch|p1a: Chansey|Chansey, L85, F|564/564\n|switch|p2a: Cryogonal|Cryogonal, L89|287/287\n|turn|1\n|inactive|Battle timer is ON: inactive players will automatically lose when time's up. (requested by yeewo寄王)\n|\n|t:|1771216075\n|switch|p2a: Medicham|Medicham, L86, M|243/243\n|move|p1a: Chansey|Thunder Wave|p2a: Medicham\n|-status|p2a: Medicham|par\n|\n|upkeep\n|turn|2\n|\n|t:|1771216083\n|switch|p1a: Slither Wing|Slither Wing, L81|270/270\n|move|p2a: Medicham|Close Combat|p1a: Slither Wing\n|-resisted|p1a: Slither Wing\n|-damage|p1a: Slither Wing|117/270\n|-unboost|p2a: Medicham|def|1\n|-unboost|p2a: Medicham|spd|1\n|\n|upkeep\n|turn|3\n|\n|t:|1771216097\n|switch|p2a: Cramorant|Cramorant, L86, M|261/261\n|move|p1a: Slither Wing|Morning Sun|p1a: Slither Wing\n|-heal|p1a: Slither Wing|252/270\n|\n|upkeep\n|turn|4\n|\n|t:|1771216112\n|-end|p1a: Slither Wing|Protosynthesis|[silent]\n|switch|p1a: Glastrier|Glastrier, L86|312/312\n|move|p2a: Cramorant|Brave Bird|p1a: Glastrier\n|-damage|p1a: Glastrier|233/312\n|-damage|p2a: Cramorant|235/261|[from] Recoil\n|\n|upkeep\n|turn|5\n|\n|t:|1771216120\n|switch|p2a: Incineroar|Incineroar, L82, F|290/290\n|-ability|p2a: Incineroar|Intimidate|boost\n|-unboost|p1a: Glastrier|atk|1\n|move|p1a: Glastrier|Icicle Crash|p2a: Incineroar|[miss]\n|-miss|p1a: Glastrier|p2a: Incineroar\n|\n|upkeep\n|turn|6\n|inactive|erzor3821 has 120 seconds left.\n|\n|t:|1771216156\n|switch|p1a: Slither Wing|Slither Wing, L81|252/270\n|move|p2a: Incineroar|Overheat|p1a: Slither Wing\n|-supereffective|p1a: Slither Wing\n|-damage|p1a: Slither Wing|42/270\n|-unboost|p2a: Incineroar|spa|2\n|\n|upkeep\n|turn|7\n|inactive|erzor3821 has 120 seconds left.\n|\n|t:|1771216167\n|switch|p2a: Cramorant|Cramorant, L86, M|235/261\n|move|p1a: Slither Wing|Close Combat|p2a: Cramorant\n|-resisted|p2a: Cramorant\n|-damage|p2a: Cramorant|136/261\n|-unboost|p1a: Slither Wing|def|1\n|-unboost|p1a: Slither Wing|spd|1\n|\n|upkeep\n|turn|8\n|\n|t:|1771216173\n|move|p2a: Cramorant|Surf|p1a: Slither Wing\n|-formechange|p2a: Cramorant|Cramorant-Gulping|\n|-damage|p1a: Slither Wing|0 fnt\n|faint|p1a: Slither Wing\n|-end|p1a: Slither Wing|Protosynthesis|[silent]\n|\n|upkeep\n|\n|t:|1771216179\n|switch|p1a: Revavroom|Revavroom, L79, M|256/256\n|turn|9\n|\n|t:|1771216189\n|move|p2a: Cramorant|Surf|p1a: Revavroom\n|-damage|p1a: Revavroom|129/256\n|move|p1a: Revavroom|Shift Gear|p1a: Revavroom\n|-boost|p1a: Revavroom|spe|2\n|-boost|p1a: Revavroom|atk|1\n|\n|upkeep\n|turn|10\n|\n|t:|1771216203\n|move|p1a: Revavroom|Gunk Shot|p2a: Cramorant|[miss]\n|-miss|p1a: Revavroom|p2a: Cramorant\n|move|p2a: Cramorant|Surf|p1a: Revavroom\n|-damage|p1a: Revavroom|11/256\n|\n|upkeep\n|turn|11\n|\n|t:|1771216206\n|move|p1a: Revavroom|Iron Head|p2a: Cramorant\n|-resisted|p2a: Cramorant\n|-damage|p2a: Cramorant|14/261\n|-damage|p1a: Revavroom|0 fnt|[from] ability: Gulp Missile|[of] p2a: Cramorant\n|-formechange|p2a: Cramorant|Cramorant|\n|faint|p1a: Revavroom\n|cant|p2a: Cramorant|flinch\n|\n|upkeep\n|\n|t:|1771216210\n|switch|p1a: Kommo-o|Kommo-o, L78, F|245/245\n|turn|12\n|\n|t:|1771216216\n|-terastallize|p1a: Kommo-o|Normal\n|move|p2a: Cramorant|Surf|p1a: Kommo-o\n|-formechange|p2a: Cramorant|Cramorant-Gorging|\n|-damage|p1a: Kommo-o|166/245\n|move|p1a: Kommo-o|Clangorous Soul|p1a: Kommo-o\n|-boost|p1a: Kommo-o|atk|1\n|-boost|p1a: Kommo-o|def|1\n|-boost|p1a: Kommo-o|spa|1\n|-boost|p1a: Kommo-o|spd|1\n|-boost|p1a: Kommo-o|spe|1\n|-damage|p1a: Kommo-o|86/245\n|-enditem|p1a: Kommo-o|Throat Spray\n|-boost|p1a: Kommo-o|spa|1|[from] item: Throat Spray\n|\n|upkeep\n|turn|13\n|\n|t:|1771216222\n|move|p1a: Kommo-o|Boomburst|p2a: Cramorant\n|-damage|p2a: Cramorant|0 fnt\n|-damage|p1a: Kommo-o|25/245|[from] ability: Gulp Missile|[of] p2a: Cramorant\n|-status|p1a: Kommo-o|par\n|-formechange|p2a: Cramorant|Cramorant|\n|faint|p2a: Cramorant\n|\n|upkeep\n|\n|t:|1771216229\n|switch|p2a: Incineroar|Incineroar, L82, F|290/290\n|-ability|p2a: Incineroar|Intimidate|boost\n|-unboost|p1a: Kommo-o|atk|1\n|turn|14\n|\n|t:|1771216239\n|move|p2a: Incineroar|Knock Off|p1a: Kommo-o\n|-crit|p1a: Kommo-o\n|-damage|p1a: Kommo-o|0 fnt\n|faint|p1a: Kommo-o\n|\n|upkeep\n|\n|t:|1771216243\n|switch|p1a: Baxcalibur|Baxcalibur, L75, F|295/295\n|turn|15\n|\n|t:|1771216255\n|move|p1a: Baxcalibur|Glaive Rush|p2a: Incineroar\n|-damage|p2a: Incineroar|79/290\n|-singlemove|p1a: Baxcalibur|Glaive Rush|[silent]\n|move|p2a: Incineroar|Close Combat|p1a: Baxcalibur\n|-supereffective|p1a: Baxcalibur\n|-damage|p1a: Baxcalibur|0 fnt\n|-unboost|p2a: Incineroar|def|1\n|-unboost|p2a: Incineroar|spd|1\n|faint|p1a: Baxcalibur\n|\n|upkeep\n|-message|erzor3821 forfeited.\n|\n|win|yeewo寄王\n|raw|erzor3821's rating: 1750 &rarr; <strong>1729</strong><br />(-21 for losing)\n|raw|yeewo寄王's rating: 1733 &rarr; <strong>1754</strong><br />(+21 for winning)\n|l|☆erzor3821\n|player|p1|\n", "inputlog": ">version 686819e5e19f8a7fd2345cfc5a08a5085efa2cc3\n>start {\"formatid\":\"gen9randombattle\",\"seed\":\"sodium,812b6493d7d4119fe8a5592013f4d1a8\",\"rated\":\"Rated battle\"}\n>player p1 {\"name\":\"erzor3821\",\"avatar\":\"2\",\"rating\":1750,\"seed\":\"sodium,d66eb2ef01f3ba8e56f1719d19250005\"}\n>player p2 {\"name\":\"yeewo寄王\",\"avatar\":\"170\",\"rating\":1733,\"seed\":\"sodium,5040951456c8d42a2187d4e75674c604\"}\n>p1 move thunderwave\n>p2 switch 3\n>p1 switch 2\n>p2 move closecombat\n>p1 move morningsun\n>p2 switch 4\n>p1 switch 4\n>p2 move bravebird\n>p1 move iciclecrash\n>p2 switch 5\n>p1 switch 4\n>p2 move overheat\n>p1 move closecombat\n>p2 switch 5\n>p1 move closecombat\n>p2 move surf\n>p1 switch 3\n>p1 move shiftgear\n>p2 move surf\n>p1 move gunkshot\n>p2 move surf\n>p1 move ironhead\n>p2 move roost\n>p1 switch 5\n>p1 move clangoroussoul terastallize\n>p2 move surf\n>p1 move boomburst\n>p2 move roost\n>p2 switch 5\n>p1 move closecombat\n>p2 move knockoff\n>p1 switch 6\n>p1 move glaiverush\n>p2 move closecombat\n>forcelose p1", "uploadtime": 1771216273, "views": 11, "formatid": "gen9randombattle", "rating": 1729, "private": 0, "password": null}