{"id": "gen9randombattle-2540793707", "format": "[Gen 9] Random Battle", "players": ["Thien Vu", "MarshmaIIows"], "log": "|j|☆Thien Vu\n|j|☆MarshmaIIows\n|t:|1771254667\n|gametype|singles\n|player|p1|Thien Vu|blackbelt-gen4dp|1554\n|player|p2|MarshmaIIows|roxanne|1511\n|gen|9\n|tier|[Gen 9] Random Battle\n|rated|\n|rule|Species Clause: Limit one of each Pokémon\n|rule|HP Percentage Mod: HP is shown in percentages\n|rule|Sleep Clause Mod: Limit one foe put to sleep\n|rule|Illusion Level Mod: Illusion disguises the Pokémon's true level\n|\n|t:|1771254667\n|teamsize|p1|6\n|teamsize|p2|6\n|start\n|switch|p1a: Mandibuzz|Mandibuzz, L85, F|326/326\n|switch|p2a: Hitmonchan|Hitmonchan, L87, M|229/229\n|turn|1\n|inactive|Battle timer is ON: inactive players will automatically lose when time's up. (requested by Thien Vu)\n|\n|t:|1771254678\n|switch|p2a: Luvdisc|Luvdisc, F|247/247\n|move|p1a: Mandibuzz|Toxic|p2a: Luvdisc\n|-status|p2a: Luvdisc|tox\n|\n|-damage|p2a: Luvdisc|232/247 tox|[from] psn\n|upkeep\n|turn|2\n|\n|t:|1771254700\n|switch|p1a: Meowstic|Meowstic, L89, M|277/277\n|move|p2a: Luvdisc|Substitute|p2a: Luvdisc\n|-start|p2a: Luvdisc|Substitute\n|-damage|p2a: Luvdisc|171/247 tox\n|\n|-damage|p2a: Luvdisc|141/247 tox|[from] psn\n|upkeep\n|turn|3\n|\n|t:|1771254708\n|move|p2a: Luvdisc|Surf|p1a: Meowstic\n|-damage|p1a: Meowstic|198/277\n|move|p1a: Meowstic|Psychic Noise|p2a: Luvdisc\n|-damage|p2a: Luvdisc|53/247 tox\n|-start|p2a: Luvdisc|move: Heal Block\n|\n|-heal|p1a: Meowstic|215/277|[from] item: Leftovers\n|-damage|p2a: Luvdisc|8/247 tox|[from] psn\n|upkeep\n|turn|4\n|\n|t:|1771254719\n|move|p2a: Luvdisc|Endeavor|p1a: Meowstic\n|-damage|p1a: Meowstic|8/277\n|move|p1a: Meowstic|Psychic Noise|p2a: Luvdisc\n|-damage|p2a: Luvdisc|0 fnt\n|faint|p2a: Luvdisc\n|\n|-heal|p1a: Meowstic|25/277|[from] item: Leftovers\n|upkeep\n|\n|t:|1771254735\n|switch|p2a: Comfey|Comfey, L85, M|225/225\n|turn|5\n|\n|t:|1771254739\n|move|p2a: Comfey|Draining Kiss|p1a: Meowstic\n|-damage|p1a: Meowstic|0 fnt\n|faint|p1a: Meowstic\n|\n|upkeep\n|\n|t:|1771254757\n|switch|p1a: Mandibuzz|Mandibuzz, L85, F|326/326\n|turn|6\n|\n|t:|1771254767\n|switch|p2a: Ludicolo|Ludicolo, L90, M|290/290\n|move|p1a: Mandibuzz|Toxic|p2a: Ludicolo\n|-status|p2a: Ludicolo|tox\n|\n|-damage|p2a: Ludicolo|272/290 tox|[from] psn\n|upkeep\n|turn|7\n|\n|t:|1771254789\n|switch|p1a: Farigiraf|Farigiraf, L91, M|366/366\n|move|p2a: Ludicolo|Ice Beam|p1a: Farigiraf\n|-damage|p1a: Farigiraf|255/366\n|\n|-heal|p1a: Farigiraf|277/366|[from] item: Leftovers\n|-damage|p2a: Ludicolo|236/290 tox|[from] psn\n|upkeep\n|turn|8\n|\n|t:|1771254802\n|switch|p2a: Ogerpon|Ogerpon-Cornerstone, L76, F|247/247\n|move|p1a: Farigiraf|Future Sight|p2a: Ogerpon\n|-start|p1a: Farigiraf|move: Future Sight\n|\n|-heal|p1a: Farigiraf|299/366|[from] item: Leftovers\n|upkeep\n|turn|9\n|\n|t:|1771254815\n|move|p2a: Ogerpon|Swords Dance|p2a: Ogerpon\n|-boost|p2a: Ogerpon|atk|2\n|move|p1a: Farigiraf|Wish|p1a: Farigiraf\n|\n|-heal|p1a: Farigiraf|321/366|[from] item: Leftovers\n|upkeep\n|turn|10\n|\n|t:|1771254821\n|move|p2a: Ogerpon|Swords Dance|p2a: Ogerpon\n|-boost|p2a: Ogerpon|atk|2\n|move|p1a: Farigiraf|Hyper Voice|p2a: Ogerpon\n|-resisted|p2a: Ogerpon\n|-damage|p2a: Ogerpon|182/247\n|\n|-end|p2a: Ogerpon|move: Future Sight\n|-crit|p2a: Ogerpon\n|-damage|p2a: Ogerpon|0 fnt\n|faint|p2a: Ogerpon\n|-heal|p1a: Farigiraf|366/366|[from] move: Wish|[wisher] Farigiraf\n|upkeep\n|\n|t:|1771254833\n|switch|p2a: Pikachu|Pikachu-Alola, L93, F|216/216\n|turn|11\n|\n|t:|1771254856\n|switch|p1a: Hydreigon|Hydreigon, L79, M|275/275\n|move|p2a: Pikachu|Knock Off|p1a: Hydreigon\n|-resisted|p1a: Hydreigon\n|-damage|p1a: Hydreigon|212/275\n|-enditem|p1a: Hydreigon|Choice Specs|[from] move: Knock Off|[of] p2a: Pikachu\n|\n|upkeep\n|turn|12\n|\n|t:|1771254864\n|move|p2a: Pikachu|Volt Switch|p1a: Hydreigon\n|-resisted|p1a: Hydreigon\n|-damage|p1a: Hydreigon|149/275\n|\n|t:|1771254869\n|switch|p2a: Ludicolo|Ludicolo, L90, M|236/290 tox|[from] Volt Switch\n|move|p1a: Hydreigon|U-turn|p2a: Ludicolo\n|-supereffective|p2a: Ludicolo\n|-damage|p2a: Ludicolo|138/290 tox\n|\n|t:|1771254874\n|switch|p1a: Farigiraf|Farigiraf, L91, M|366/366|[from] U-turn\n|\n|-damage|p2a: Ludicolo|120/290 tox|[from] psn\n|upkeep\n|turn|13\n|\n|t:|1771254879\n|move|p2a: Ludicolo|Hydro Pump|p1a: Farigiraf\n|-damage|p1a: Farigiraf|141/366\n|move|p1a: Farigiraf|Future Sight|p2a: Ludicolo\n|-start|p1a: Farigiraf|move: Future Sight\n|\n|-heal|p1a: Farigiraf|163/366|[from] item: Leftovers\n|-damage|p2a: Ludicolo|84/290 tox|[from] psn\n|upkeep\n|turn|14\n|\n|t:|1771254886\n|move|p1a: Farigiraf|Protect|p1a: Farigiraf\n|-singleturn|p1a: Farigiraf|Protect\n|move|p2a: Ludicolo|Hydro Pump|p1a: Farigiraf\n|-activate|p1a: Farigiraf|move: Protect\n|\n|-heal|p1a: Farigiraf|185/366|[from] item: Leftovers\n|-damage|p2a: Ludicolo|30/290 tox|[from] psn\n|upkeep\n|turn|15\n|\n|t:|1771254906\n|-terastallize|p1a: Farigiraf|Water\n|move|p2a: Ludicolo|Hydro Pump|p1a: Farigiraf\n|-resisted|p1a: Farigiraf\n|-damage|p1a: Farigiraf|82/366\n|move|p1a: Farigiraf|Wish|p1a: Farigiraf\n|\n|-end|p2a: Ludicolo|move: Future Sight\n|-damage|p2a: Ludicolo|0 fnt\n|faint|p2a: Ludicolo\n|-heal|p1a: Farigiraf|104/366|[from] item: Leftovers\n|upkeep\n|\n|t:|1771254911\n|switch|p2a: Pikachu|Pikachu-Alola, L93, F|216/216\n|turn|16\n|\n|t:|1771254918\n|move|p1a: Farigiraf|Protect|p1a: Farigiraf\n|-singleturn|p1a: Farigiraf|Protect\n|move|p2a: Pikachu|Volt Switch|p1a: Farigiraf\n|-activate|p1a: Farigiraf|move: Protect\n|\n|-heal|p1a: Farigiraf|287/366|[from] move: Wish|[wisher] Farigiraf\n|-heal|p1a: Farigiraf|309/366|[from] item: Leftovers\n|upkeep\n|turn|17\n|\n|t:|1771254928\n|switch|p1a: Hydreigon|Hydreigon, L79, M|149/275\n|move|p2a: Pikachu|Volt Switch|p1a: Hydreigon\n|-resisted|p1a: Hydreigon\n|-damage|p1a: Hydreigon|85/275\n|\n|t:|1771254934\n|switch|p2a: Comfey|Comfey, L85, M|225/225|[from] Volt Switch\n|\n|upkeep\n|turn|18\n|\n|t:|1771254939\n|move|p2a: Comfey|Calm Mind|p2a: Comfey\n|-boost|p2a: Comfey|spa|1\n|-boost|p2a: Comfey|spd|1\n|move|p1a: Hydreigon|Flash Cannon|p2a: Comfey\n|-supereffective|p2a: Comfey\n|-damage|p2a: Comfey|157/225\n|\n|-heal|p2a: Comfey|171/225|[from] item: Leftovers\n|upkeep\n|turn|19\n|\n|t:|1771254946\n|move|p2a: Comfey|Calm Mind|p2a: Comfey\n|-boost|p2a: Comfey|spa|1\n|-boost|p2a: Comfey|spd|1\n|move|p1a: Hydreigon|Flash Cannon|p2a: Comfey\n|-supereffective|p2a: Comfey\n|-damage|p2a: Comfey|121/225\n|\n|-heal|p2a: Comfey|135/225|[from] item: Leftovers\n|upkeep\n|turn|20\n|\n|t:|1771254953\n|move|p2a: Comfey|Calm Mind|p2a: Comfey\n|-boost|p2a: Comfey|spa|1\n|-boost|p2a: Comfey|spd|1\n|move|p1a: Hydreigon|Flash Cannon|p2a: Comfey\n|-supereffective|p2a: Comfey\n|-damage|p2a: Comfey|91/225\n|\n|-heal|p2a: Comfey|105/225|[from] item: Leftovers\n|upkeep\n|turn|21\n|\n|t:|1771254961\n|move|p2a: Comfey|Draining Kiss|p1a: Hydreigon\n|-supereffective|p1a: Hydreigon\n|-damage|p1a: Hydreigon|0 fnt\n|-heal|p2a: Comfey|169/225|[from] drain|[of] p1a: Hydreigon\n|faint|p1a: Hydreigon\n|\n|-heal|p2a: Comfey|183/225|[from] item: Leftovers\n|upkeep\n|\n|t:|1771254973\n|switch|p1a: Coalossal|Coalossal, L89, M|341/341\n|turn|22\n|\n|t:|1771254977\n|-terastallize|p2a: Comfey|Ground\n|move|p2a: Comfey|Tera Blast|p1a: Coalossal|[anim] Tera Blast Ground\n|-supereffective|p1a: Coalossal\n|-damage|p1a: Coalossal|0 fnt\n|faint|p1a: Coalossal\n|\n|-heal|p2a: Comfey|197/225|[from] item: Leftovers\n|upkeep\n|-message|Thien Vu forfeited.\n|\n|win|MarshmaIIows\n|raw|Thien Vu's rating: 1554 &rarr; <strong>1532</strong><br />(-22 for losing)\n|raw|MarshmaIIows's rating: 1511 &rarr; <strong>1533</strong><br />(+22 for winning)\n|l|☆Thien Vu\n|player|p1|\n", "inputlog": ">version 686819e5e19f8a7fd2345cfc5a08a5085efa2cc3\n>start {\"formatid\":\"gen9randombattle\",\"seed\":\"sodium,d5e39ffc40d04baed3eb273269c8dff8\",\"rated\":\"Rated battle\"}\n>player p1 {\"name\":\"Thien Vu\",\"avatar\":\"blackbelt-gen4dp\",\"rating\":1554,\"seed\":\"sodium,bf4b6e06130d98ee9ef7ee4c7a9cc348\"}\n>player p2 {\"name\":\"MarshmaIIows\",\"avatar\":\"roxanne\",\"rating\":1511,\"seed\":\"sodium,324e29e56d5dcb5d00972a8d1d8d00df\"}\n>p1 move toxic\n>p2 switch 4\n>p1 switch 6\n>p2 move substitute\n>p1 move psychicnoise\n>p2 move surf\n>p1 move psychicnoise\n>p2 move endeavor\n>p2 switch 5\n>p1 move yawn\n>p2 move drainingkiss\n>p1 switch 6\n>p1 move toxic\n>p2 switch 2\n>p1 switch 3\n>p2 move icebeam\n>p1 move futuresight\n>p2 switch 3\n>p1 move wish\n>p2 move swordsdance\n>p1 move hypervoice\n>p2 move swordsdance\n>p2 switch 6\n>p1 switch 4\n>p2 move knockoff\n>p1 move uturn\n>p2 move voltswitch\n>p2 switch 3\n>p1 switch 4\n>p1 move futuresight\n>p2 move hydropump\n>p1 move protect\n>p2 move hydropump\n>p1 move wish terastallize\n>p2 move hydropump\n>p2 switch 3\n>p1 move protect\n>p2 move voltswitch\n>p1 switch 4\n>p2 move voltswitch\n>p2 switch 2\n>p1 move flashcannon\n>p2 move calmmind\n>p1 move flashcannon\n>p2 move calmmind\n>p1 move flashcannon\n>p2 move calmmind\n>p1 move flashcannon\n>p2 move drainingkiss\n>p1 switch 5\n>p1 move stoneedge\n>p2 move terablast terastallize\n>forcelose p1", "uploadtime": 1771254987, "views": 5, "formatid": "gen9randombattle", "rating": 1532, "private": 0, "password": null}