{"id": "gen9randombattle-2539961881", "format": "[Gen 9] Random Battle", "players": ["RPenguin7", "Jkonek"], "log": "|j|☆RPenguin7\n|j|☆Jkonek\n|t:|1771134088\n|gametype|singles\n|player|p1|RPenguin7|ghetsis-gen5bw|1670\n|player|p2|Jkonek|bellelba|1718\n|gen|9\n|tier|[Gen 9] Random Battle\n|rated|\n|rule|Species Clause: Limit one of each Pokémon\n|rule|HP Percentage Mod: HP is shown in percentages\n|rule|Sleep Clause Mod: Limit one foe put to sleep\n|rule|Illusion Level Mod: Illusion disguises the Pokémon's true level\n|\n|t:|1771134088\n|teamsize|p1|6\n|teamsize|p2|6\n|start\n|switch|p1a: Copperajah|Copperajah, L86, M|349/349\n|switch|p2a: Meloetta|Meloetta, L82|298/298\n|turn|1\n|inactive|Battle timer is ON: inactive players will automatically lose when time's up. (requested by Jkonek)\n|\n|t:|1771134101\n|move|p2a: Meloetta|Focus Blast|p1a: Copperajah\n|-supereffective|p1a: Copperajah\n|-damage|p1a: Copperajah|25/349\n|move|p1a: Copperajah|Heavy Slam|p2a: Meloetta\n|-damage|p2a: Meloetta|33/298\n|\n|upkeep\n|turn|2\n|\n|t:|1771134113\n|switch|p2a: Incineroar|Incineroar, L82, M|290/290\n|-ability|p2a: Incineroar|Intimidate|boost\n|-unboost|p1a: Copperajah|atk|1\n|switch|p1a: Dragapult|Dragapult, L77, M|262/262\n|\n|upkeep\n|turn|3\n|\n|t:|1771134127\n|move|p1a: Dragapult|U-turn|p2a: Incineroar\n|-damage|p2a: Incineroar|243/290\n|\n|t:|1771134130\n|switch|p1a: Keldeo|Keldeo-Resolute, L79|273/273|[from] U-turn\n|move|p2a: Incineroar|U-turn|p1a: Keldeo\n|-resisted|p1a: Keldeo\n|-damage|p1a: Keldeo|247/273\n|\n|t:|1771134145\n|switch|p2a: Pachirisu|Pachirisu, L96, F|271/271|[from] U-turn\n|\n|-heal|p1a: Keldeo|264/273|[from] item: Leftovers\n|upkeep\n|turn|4\n|\n|t:|1771134165\n|switch|p1a: Electrode|Electrode, L92|260/260\n|move|p2a: Pachirisu|Discharge|p1a: Electrode\n|-resisted|p1a: Electrode\n|-damage|p1a: Electrode|230/260\n|\n|upkeep\n|turn|5\n|\n|t:|1771134171\n|move|p1a: Electrode|Foul Play|p2a: Pachirisu\n|-damage|p2a: Pachirisu|211/271\n|-damage|p1a: Electrode|204/260|[from] item: Life Orb\n|move|p2a: Pachirisu|Super Fang|p1a: Electrode\n|-damage|p1a: Electrode|102/260\n|\n|upkeep\n|turn|6\n|\n|t:|1771134174\n|move|p1a: Electrode|Explosion|p2a: Pachirisu\n|-damage|p2a: Pachirisu|36/271\n|faint|p1a: Electrode\n|move|p2a: Pachirisu|U-turn|p1: Electrode|[notarget]\n|-fail|p2a: Pachirisu\n|\n|upkeep\n|\n|t:|1771134185\n|switch|p1a: Dragapult|Dragapult, L77, M|262/262\n|turn|7\n|\n|t:|1771134199\n|move|p1a: Dragapult|Shadow Ball|p2a: Pachirisu\n|-damage|p2a: Pachirisu|0 fnt\n|faint|p2a: Pachirisu\n|\n|upkeep\n|\n|t:|1771134213\n|switch|p2a: Incineroar|Incineroar, L82, M|243/290\n|-ability|p2a: Incineroar|Intimidate|boost\n|-unboost|p1a: Dragapult|atk|1\n|turn|8\n|\n|t:|1771134235\n|switch|p1a: Keldeo|Keldeo-Resolute, L79|264/273\n|move|p2a: Incineroar|U-turn|p1a: Keldeo\n|-resisted|p1a: Keldeo\n|-damage|p1a: Keldeo|236/273\n|\n|t:|1771134244\n|switch|p2a: Meganium|Meganium, L90, F|290/290|[from] U-turn\n|\n|-heal|p1a: Keldeo|253/273|[from] item: Leftovers\n|upkeep\n|turn|9\n|\n|t:|1771134257\n|move|p1a: Keldeo|Substitute|p1a: Keldeo\n|-start|p1a: Keldeo|Substitute\n|-damage|p1a: Keldeo|185/273\n|move|p2a: Meganium|Energy Ball|p1a: Keldeo\n|-supereffective|p1a: Keldeo\n|-end|p1a: Keldeo|Substitute\n|\n|-heal|p1a: Keldeo|202/273|[from] item: Leftovers\n|upkeep\n|turn|10\n|\n|t:|1771134267\n|switch|p1a: Dragapult|Dragapult, L77, M|262/262\n|move|p2a: Meganium|Energy Ball|p1a: Dragapult\n|-resisted|p1a: Dragapult\n|-damage|p1a: Dragapult|202/262\n|\n|upkeep\n|turn|11\n|\n|t:|1771134271\n|move|p1a: Dragapult|Fire Blast|p2a: Meganium\n|-supereffective|p2a: Meganium\n|-damage|p2a: Meganium|134/290\n|move|p2a: Meganium|Dragon Tail|p1a: Dragapult\n|-supereffective|p1a: Dragapult\n|-damage|p1a: Dragapult|100/262\n|drag|p1a: Perrserker|Perrserker, L89, M|269/269\n|\n|-heal|p2a: Meganium|152/290|[from] item: Leftovers\n|upkeep\n|turn|12\n|\n|t:|1771134284\n|switch|p2a: Incineroar|Incineroar, L82, M|243/290\n|-ability|p2a: Incineroar|Intimidate|boost\n|-unboost|p1a: Perrserker|atk|1\n|move|p1a: Perrserker|Iron Head|p2a: Incineroar\n|-resisted|p2a: Incineroar\n|-damage|p2a: Incineroar|161/290\n|\n|upkeep\n|turn|13\n|\n|t:|1771134293\n|switch|p1a: Keldeo|Keldeo-Resolute, L79|202/273\n|move|p2a: Incineroar|Knock Off|p1a: Keldeo\n|-resisted|p1a: Keldeo\n|-damage|p1a: Keldeo|148/273\n|-ability|p1a: Keldeo|Justified|boost\n|-boost|p1a: Keldeo|atk|1\n|-enditem|p1a: Keldeo|Leftovers|[from] move: Knock Off|[of] p2a: Incineroar\n|\n|upkeep\n|turn|14\n|\n|t:|1771134311\n|switch|p2a: Meloetta|Meloetta, L82|33/298\n|move|p1a: Keldeo|Secret Sword|p2a: Meloetta\n|-damage|p2a: Meloetta|0 fnt\n|faint|p2a: Meloetta\n|\n|upkeep\n|\n|t:|1771134323\n|switch|p2a: Dugtrio|Dugtrio, L84, M|196/196\n|turn|15\n|\n|t:|1771134327\n|move|p2a: Dugtrio|Earthquake|p1a: Keldeo\n|-damage|p1a: Keldeo|0 fnt\n|faint|p1a: Keldeo\n|-damage|p2a: Dugtrio|177/196|[from] item: Life Orb\n|\n|upkeep\n|\n|t:|1771134335\n|switch|p1a: Gallade|Gallade, L80, M|240/240\n|turn|16\n|\n|t:|1771134356\n|switch|p2a: Meganium|Meganium, L90, F|152/290\n|move|p1a: Gallade|Leaf Blade|p2a: Meganium\n|-resisted|p2a: Meganium\n|-damage|p2a: Meganium|105/290\n|\n|-heal|p2a: Meganium|123/290|[from] item: Leftovers\n|upkeep\n|turn|17\n|\n|t:|1771134371\n|switch|p1a: Copperajah|Copperajah, L86, M|25/349\n|move|p2a: Meganium|Synthesis|p2a: Meganium\n|-heal|p2a: Meganium|268/290\n|\n|-heal|p2a: Meganium|286/290|[from] item: Leftovers\n|upkeep\n|turn|18\n|\n|t:|1771134376\n|move|p2a: Meganium|Knock Off|p1a: Copperajah\n|-damage|p1a: Copperajah|0 fnt\n|-enditem|p1a: Copperajah|Choice Band|[from] move: Knock Off|[of] p2a: Meganium\n|faint|p1a: Copperajah\n|\n|-heal|p2a: Meganium|290/290|[from] item: Leftovers\n|upkeep\n|\n|t:|1771134382\n|switch|p1a: Dragapult|Dragapult, L77, M|100/262\n|turn|19\n|\n|t:|1771134387\n|move|p1a: Dragapult|Draco Meteor|p2a: Meganium\n|-damage|p2a: Meganium|152/290\n|-unboost|p1a: Dragapult|spa|2\n|move|p2a: Meganium|Knock Off|p1a: Dragapult\n|-supereffective|p1a: Dragapult\n|-damage|p1a: Dragapult|0 fnt\n|-enditem|p1a: Dragapult|Choice Specs|[from] move: Knock Off|[of] p2a: Meganium\n|faint|p1a: Dragapult\n|\n|-heal|p2a: Meganium|170/290|[from] item: Leftovers\n|upkeep\n|\n|t:|1771134394\n|switch|p1a: Perrserker|Perrserker, L89, M|269/269\n|turn|20\n|\n|t:|1771134400\n|move|p2a: Meganium|Synthesis|p2a: Meganium\n|-heal|p2a: Meganium|290/290\n|move|p1a: Perrserker|Iron Head|p2a: Meganium\n|-damage|p2a: Meganium|91/290\n|\n|-heal|p2a: Meganium|109/290|[from] item: Leftovers\n|upkeep\n|turn|21\n|\n|t:|1771134419\n|switch|p2a: Cobalion|Cobalion, L80|277/277\n|move|p1a: Perrserker|Iron Head|p2a: Cobalion\n|-resisted|p2a: Cobalion\n|-damage|p2a: Cobalion|185/277\n|\n|-heal|p2a: Cobalion|202/277|[from] item: Leftovers\n|upkeep\n|turn|22\n|\n|t:|1771134423\n|switch|p1a: Gallade|Gallade, L80, M|240/240\n|move|p2a: Cobalion|Thunder Wave|p1a: Gallade\n|-status|p1a: Gallade|par\n|\n|-heal|p2a: Cobalion|219/277|[from] item: Leftovers\n|upkeep\n|turn|23\n|\n|t:|1771134430\n|move|p2a: Cobalion|Iron Head|p1a: Gallade\n|-damage|p1a: Gallade|146/240 par\n|cant|p1a: Gallade|flinch\n|\n|-heal|p2a: Cobalion|236/277|[from] item: Leftovers\n|upkeep\n|turn|24\n|\n|t:|1771134434\n|move|p2a: Cobalion|Iron Head|p1a: Gallade\n|-damage|p1a: Gallade|44/240 par\n|cant|p1a: Gallade|flinch\n|\n|-heal|p2a: Cobalion|253/277|[from] item: Leftovers\n|upkeep\n|turn|25\n|\n|t:|1771134462\n|move|p2a: Cobalion|Iron Head|p1a: Gallade\n|-damage|p1a: Gallade|0 fnt\n|faint|p1a: Gallade\n|\n|-heal|p2a: Cobalion|270/277|[from] item: Leftovers\n|upkeep\n|\n|t:|1771134464\n|switch|p1a: Perrserker|Perrserker, L89, M|269/269\n|turn|26\n|\n|t:|1771134471\n|-terastallize|p2a: Cobalion|Water\n|move|p2a: Cobalion|Iron Defense|p2a: Cobalion\n|-boost|p2a: Cobalion|def|2\n|move|p1a: Perrserker|Close Combat|p2a: Cobalion\n|-damage|p2a: Cobalion|214/277\n|-unboost|p1a: Perrserker|def|1\n|-unboost|p1a: Perrserker|spd|1\n|\n|-heal|p2a: Cobalion|231/277|[from] item: Leftovers\n|upkeep\n|turn|27\n|\n|t:|1771134477\n|move|p2a: Cobalion|Body Press|p1a: Perrserker\n|-supereffective|p1a: Perrserker\n|-damage|p1a: Perrserker|0 fnt\n|faint|p1a: Perrserker\n|\n|win|Jkonek\n|raw|RPenguin7's rating: 1670 &rarr; <strong>1653</strong><br />(-17 for losing)\n|raw|Jkonek's rating: 1718 &rarr; <strong>1735</strong><br />(+17 for winning)\n", "inputlog": ">version 686819e5e19f8a7fd2345cfc5a08a5085efa2cc3\n>start {\"formatid\":\"gen9randombattle\",\"seed\":\"sodium,7c4dc05a271b3e126210841b963e5491\",\"rated\":\"Rated battle\"}\n>player p1 {\"name\":\"RPenguin7\",\"avatar\":\"ghetsis-gen5bw\",\"rating\":1670,\"seed\":\"sodium,de28c55b36728ace90093c7f85e61280\"}\n>player p2 {\"name\":\"Jkonek\",\"avatar\":\"bellelba\",\"rating\":1718,\"seed\":\"sodium,9f8a9bc8258039b26bdf0fbd8a1c9c19\"}\n>p1 move heavyslam\n>p2 move focusblast\n>p1 switch 6\n>p2 switch 4\n>p1 move uturn\n>p2 move uturn\n>p1 switch 2\n>p2 switch 3\n>p1 switch 4\n>p2 move discharge\n>p1 move foulplay\n>p2 move superfang\n>p1 move explosion\n>p2 move uturn\n>p1 switch 2\n>p1 move shadowball\n>p2 move discharge\n>p2 switch 3\n>p1 switch 4\n>p2 move uturn\n>p2 switch 2\n>p1 move substitute\n>p2 move energyball\n>p1 switch 4\n>p2 move energyball\n>p1 move fireblast\n>p2 move dragontail\n>p1 move ironhead\n>p2 switch 2\n>p1 switch 4\n>p2 move knockoff\n>p1 move secretsword\n>p2 switch 4\n>p2 switch 5\n>p1 move hydropump\n>p2 move earthquake\n>p1 switch 3\n>p1 move leafblade\n>p2 switch 2\n>p1 switch 6\n>p2 move synthesis\n>p1 move heatcrash\n>p2 move knockoff\n>p1 switch 5\n>p1 move dracometeor\n>p2 move knockoff\n>p1 switch 4\n>p1 move ironhead\n>p2 move synthesis\n>p1 move ironhead\n>p2 switch 6\n>p1 switch 6\n>p2 move thunderwave\n>p1 move sacredsword\n>p2 move ironhead\n>p1 move sacredsword\n>p2 move ironhead\n>p1 move sacredsword\n>p2 move ironhead\n>p1 switch 6\n>p1 move closecombat\n>p2 move irondefense terastallize\n>p1 move closecombat\n>p2 move bodypress", "uploadtime": 1771134480, "views": 14, "formatid": "gen9randombattle", "rating": 1653, "private": 0, "password": null}