{"id": "gen9randombattle-2540732256", "format": "[Gen 9] Random Battle", "players": ["stombal", "im epik epik"], "log": "|j|☆stombal\n|j|☆im epik epik\n|t:|1771247232\n|gametype|singles\n|player|p1|stombal|1|1521\n|player|p2|im epik epik|elesa-masters|1559\n|gen|9\n|tier|[Gen 9] Random Battle\n|rated|\n|rule|Species Clause: Limit one of each Pokémon\n|rule|HP Percentage Mod: HP is shown in percentages\n|rule|Sleep Clause Mod: Limit one foe put to sleep\n|rule|Illusion Level Mod: Illusion disguises the Pokémon's true level\n|\n|t:|1771247232\n|teamsize|p1|6\n|teamsize|p2|6\n|start\n|switch|p1a: Ho-Oh|Ho-Oh, L71|268/268\n|switch|p2a: Ursaluna|Ursaluna, L79, M|335/335\n|turn|1\n|inactive|Battle timer is ON: inactive players will automatically lose when time's up. (requested by im epik epik)\n|inactive|stombal has 120 seconds left.\n|\n|t:|1771247267\n|move|p1a: Ho-Oh|Brave Bird|p2a: Ursaluna\n|-damage|p2a: Ursaluna|226/335\n|-damage|p1a: Ho-Oh|232/268|[from] Recoil\n|move|p2a: Ursaluna|Swords Dance|p2a: Ursaluna\n|-boost|p2a: Ursaluna|atk|2\n|\n|-status|p2a: Ursaluna|brn|[from] item: Flame Orb\n|upkeep\n|turn|2\n|\n|t:|1771247282\n|move|p1a: Ho-Oh|Brave Bird|p2a: Ursaluna\n|-damage|p2a: Ursaluna|126/335 brn\n|-damage|p1a: Ho-Oh|199/268|[from] Recoil\n|move|p2a: Ursaluna|Facade|p1a: Ho-Oh\n|-damage|p1a: Ho-Oh|0 fnt\n|faint|p1a: Ho-Oh\n|\n|-damage|p2a: Ursaluna|106/335 brn|[from] brn\n|upkeep\n|inactive|stombal has 120 seconds left.\n|\n|t:|1771247324\n|switch|p1a: Leavanny|Leavanny, L86, F|269/269\n|turn|3\n|\n|t:|1771247330\n|move|p1a: Leavanny|Leaf Blade|p2a: Ursaluna\n|-supereffective|p2a: Ursaluna\n|-damage|p2a: Ursaluna|0 fnt\n|faint|p2a: Ursaluna\n|\n|upkeep\n|\n|t:|1771247335\n|switch|p2a: Cinderace|Cinderace, L77, M|249/249\n|turn|4\n|inactive|stombal has 120 seconds left.\n|\n|t:|1771247343\n|-terastallize|p1a: Leavanny|Ghost\n|move|p2a: Cinderace|Pyro Ball|p1a: Leavanny\n|-damage|p1a: Leavanny|142/269\n|move|p1a: Leavanny|Sticky Web|p2a: Cinderace\n|-sidestart|p2: im epik epik|move: Sticky Web\n|\n|upkeep\n|turn|5\n|inactive|stombal has 120 seconds left.\n|\n|t:|1771247356\n|move|p2a: Cinderace|Court Change|p2a: Cinderace\n|-start|p2a: Cinderace|typechange|Normal|[from] ability: Libero\n|-swapsideconditions\n|-activate|p2a: Cinderace|move: Court Change\n|move|p1a: Leavanny|Knock Off|p2a: Cinderace\n|-damage|p2a: Cinderace|157/249\n|-enditem|p2a: Cinderace|Heavy-Duty Boots|[from] move: Knock Off|[of] p1a: Leavanny\n|\n|upkeep\n|turn|6\n|\n|t:|1771247369\n|move|p2a: Cinderace|Court Change|p2a: Cinderace\n|-swapsideconditions\n|-activate|p2a: Cinderace|move: Court Change\n|move|p1a: Leavanny|Sticky Web||[still]\n|-fail|p1a: Leavanny\n|\n|upkeep\n|turn|7\n|\n|t:|1771247376\n|move|p2a: Cinderace|Sucker Punch|p1a: Leavanny\n|-supereffective|p1a: Leavanny\n|-damage|p1a: Leavanny|46/269\n|move|p1a: Leavanny|Leaf Blade|p2a: Cinderace\n|-damage|p2a: Cinderace|24/249\n|\n|upkeep\n|turn|8\n|\n|t:|1771247386\n|move|p2a: Cinderace|Court Change|p2a: Cinderace\n|-swapsideconditions\n|-activate|p2a: Cinderace|move: Court Change\n|move|p1a: Leavanny|Knock Off|p2a: Cinderace\n|-damage|p2a: Cinderace|0 fnt\n|faint|p2a: Cinderace\n|\n|upkeep\n|\n|t:|1771247397\n|switch|p2a: Thundurus|Thundurus-Therian, L80, M|258/258\n|turn|9\n|\n|t:|1771247409\n|move|p2a: Thundurus|Thunderbolt|p1a: Leavanny\n|-damage|p1a: Leavanny|0 fnt\n|faint|p1a: Leavanny\n|\n|upkeep\n|inactive|stombal has 120 seconds left.\n|\n|t:|1771247445\n|switch|p1a: Dialga|Dialga, L73|266/266\n|-activate|p1a: Dialga|move: Sticky Web\n|-unboost|p1a: Dialga|spe|1\n|-ability|p1a: Dialga|Pressure\n|turn|10\n|\n|t:|1771247455\n|switch|p2a: Probopass|Probopass, L91, M|257/257\n|move|p1a: Dialga|Dragon Tail|p2a: Probopass\n|-resisted|p2a: Probopass\n|-damage|p2a: Probopass|239/257\n|drag|p2a: Keldeo|Keldeo-Resolute, L79|273/273\n|\n|upkeep\n|turn|11\n|\n|t:|1771247463\n|move|p2a: Keldeo|Substitute|p2a: Keldeo\n|-start|p2a: Keldeo|Substitute\n|-damage|p2a: Keldeo|205/273\n|move|p1a: Dialga|Dragon Tail|p2a: Keldeo\n|-activate|p2a: Keldeo|move: Substitute|[damage]\n|\n|-heal|p2a: Keldeo|222/273|[from] item: Leftovers\n|upkeep\n|turn|12\n|\n|t:|1771247473\n|move|p2a: Keldeo|Calm Mind|p2a: Keldeo\n|-boost|p2a: Keldeo|spa|1\n|-boost|p2a: Keldeo|spd|1\n|move|p1a: Dialga|Heavy Slam|p2a: Keldeo\n|-resisted|p2a: Keldeo\n|-end|p2a: Keldeo|Substitute\n|\n|-heal|p2a: Keldeo|239/273|[from] item: Leftovers\n|upkeep\n|turn|13\n|inactive|stombal has 120 seconds left.\n|\n|t:|1771247485\n|switch|p1a: Tsareena|Tsareena, L87, F|267/267\n|-activate|p1a: Tsareena|move: Sticky Web\n|-unboost|p1a: Tsareena|spe|1\n|move|p2a: Keldeo|Substitute|p2a: Keldeo\n|-start|p2a: Keldeo|Substitute\n|-damage|p2a: Keldeo|171/273\n|\n|-heal|p2a: Keldeo|188/273|[from] item: Leftovers\n|upkeep\n|turn|14\n|inactive|stombal has 120 seconds left.\n|\n|t:|1771247497\n|move|p2a: Keldeo|Secret Sword|p1a: Tsareena\n|-damage|p1a: Tsareena|129/267\n|move|p1a: Tsareena|Power Whip|p2a: Keldeo\n|-supereffective|p2a: Keldeo\n|-end|p2a: Keldeo|Substitute\n|-damage|p1a: Tsareena|103/267|[from] item: Life Orb\n|\n|-heal|p2a: Keldeo|205/273|[from] item: Leftovers\n|upkeep\n|turn|15\n|inactive|stombal has 120 seconds left.\n|\n|t:|1771247509\n|move|p2a: Keldeo|Secret Sword|p1a: Tsareena\n|-damage|p1a: Tsareena|0 fnt\n|faint|p1a: Tsareena\n|\n|-heal|p2a: Keldeo|222/273|[from] item: Leftovers\n|upkeep\n|\n|t:|1771247522\n|switch|p1a: Tornadus|Tornadus, L82, M|263/263\n|turn|16\n|\n|t:|1771247541\n|-terastallize|p2a: Keldeo|Steel\n|move|p1a: Tornadus|Bleakwind Storm|p2a: Keldeo|[miss]\n|-miss|p1a: Tornadus|p2a: Keldeo\n|move|p2a: Keldeo|Substitute|p2a: Keldeo\n|-start|p2a: Keldeo|Substitute\n|-damage|p2a: Keldeo|154/273\n|\n|-heal|p2a: Keldeo|171/273|[from] item: Leftovers\n|upkeep\n|turn|17\n|inactive|stombal has 120 seconds left.\n|\n|t:|1771247558\n|switch|p1a: Dialga|Dialga, L73|266/266\n|-activate|p1a: Dialga|move: Sticky Web\n|-unboost|p1a: Dialga|spe|1\n|-ability|p1a: Dialga|Pressure\n|move|p2a: Keldeo|Hydro Pump|p1a: Dialga\n|-resisted|p1a: Dialga\n|-damage|p1a: Dialga|193/266\n|\n|-heal|p2a: Keldeo|188/273|[from] item: Leftovers\n|upkeep\n|turn|18\n|\n|t:|1771247569\n|move|p2a: Keldeo|Secret Sword|p1a: Dialga\n|-supereffective|p1a: Dialga\n|-damage|p1a: Dialga|0 fnt\n|faint|p1a: Dialga\n|\n|-heal|p2a: Keldeo|205/273|[from] item: Leftovers\n|upkeep\n|c|☆stombal|wuss\n|c|☆im epik epik|thanks\n|-message|stombal forfeited.\n|\n|win|im epik epik\n|raw|stombal's rating: 1521 &rarr; <strong>1503</strong><br />(-18 for losing)\n|raw|im epik epik's rating: 1559 &rarr; <strong>1577</strong><br />(+18 for winning)\n|l|☆stombal\n|player|p1|\n", "inputlog": ">version 686819e5e19f8a7fd2345cfc5a08a5085efa2cc3\n>start {\"formatid\":\"gen9randombattle\",\"seed\":\"sodium,39df05f845cfbca6099337686cd8db29\",\"rated\":\"Rated battle\"}\n>player p1 {\"name\":\"stombal\",\"avatar\":\"1\",\"rating\":1521,\"seed\":\"sodium,83e6fe272faa6a90ad1f7b8a89fc3223\"}\n>player p2 {\"name\":\"im epik epik\",\"avatar\":\"elesa-masters\",\"rating\":1559,\"seed\":\"sodium,b91a00bc51ea734739ce56a3aef55048\"}\n>p1 move bravebird\n>p2 move swordsdance\n>p1 move bravebird\n>p2 move facade\n>p1 switch 5\n>p1 move leafblade\n>p2 move facade\n>p2 switch 6\n>p1 move stickyweb terastallize\n>p2 move pyroball\n>p1 move knockoff\n>p2 move courtchange\n>p1 move stickyweb\n>p2 move courtchange\n>p1 move leafblade\n>p2 move suckerpunch\n>p1 move knockoff\n>p2 move courtchange\n>p2 switch 5\n>p1 move stickyweb\n>p2 move thunderbolt\n>p1 switch 6\n>p1 move dragontail\n>p2 switch 3\n>p1 move dragontail\n>p2 move substitute\n>p1 move heavyslam\n>p2 move calmmind\n>p1 switch 4\n>p2 move substitute\n>p1 move powerwhip\n>p2 move secretsword\n>p1 move powerwhip\n>p2 move secretsword\n>p1 switch 2\n>p1 move bleakwindstorm\n>p2 move substitute terastallize\n>p1 switch 4\n>p2 move hydropump\n>p1 move fireblast\n>p2 move secretsword\n>chat ☆stombal|wuss\n>chat ☆im epik epik|thanks\n>forcelose p1", "uploadtime": 1771247595, "views": 8, "formatid": "gen9randombattle", "rating": 1503, "private": 0, "password": null}