{"id": "gen9randombattle-2540865189", "format": "[Gen 9] Random Battle", "players": ["Sadadasa", "FantasyWind"], "log": "|j|☆Sadadasa\n|j|‽FantasyWind\n|t:|1771261920\n|gametype|singles\n|player|p1|Sadadasa|265|1698\n|player|p2|FantasyWind|rosa|1730\n|gen|9\n|tier|[Gen 9] Random Battle\n|rated|\n|rule|Species Clause: Limit one of each Pokémon\n|rule|HP Percentage Mod: HP is shown in percentages\n|rule|Sleep Clause Mod: Limit one foe put to sleep\n|rule|Illusion Level Mod: Illusion disguises the Pokémon's true level\n|\n|t:|1771261920\n|teamsize|p1|6\n|teamsize|p2|6\n|start\n|switch|p1a: Chi-Yu|Chi-Yu, L77|211/211\n|switch|p2a: Gastrodon|Gastrodon, L86, M|331/331\n|-ability|p1a: Chi-Yu|Beads of Ruin\n|turn|1\n|inactive|Battle timer is ON: inactive players will automatically lose when time's up. (requested by FantasyWind)\n|\n|t:|1771261944\n|switch|p1a: Toxapex|Toxapex, L82, M|216/216\n|move|p2a: Gastrodon|Earthquake|p1a: Toxapex\n|-supereffective|p1a: Toxapex\n|-damage|p1a: Toxapex|78/216\n|\n|upkeep\n|turn|2\n|\n|t:|1771261955\n|switch|p1a: Leavanny|Leavanny, L86, M|269/269\n|move|p2a: Gastrodon|Earthquake|p1a: Leavanny\n|-resisted|p1a: Leavanny\n|-damage|p1a: Leavanny|245/269\n|\n|upkeep\n|turn|3\n|\n|t:|1771261960\n|move|p1a: Leavanny|Sticky Web|p2a: Gastrodon\n|-sidestart|p2: FantasyWind|move: Sticky Web\n|move|p2a: Gastrodon|Sludge Bomb|p1a: Leavanny\n|-supereffective|p1a: Leavanny\n|-damage|p1a: Leavanny|105/269\n|\n|upkeep\n|turn|4\n|\n|t:|1771261964\n|move|p1a: Leavanny|Leaf Blade|p2a: Gastrodon\n|-supereffective|p2a: Gastrodon\n|-crit|p2a: Gastrodon\n|-damage|p2a: Gastrodon|0 fnt\n|faint|p2a: Gastrodon\n|\n|upkeep\n|\n|t:|1771261975\n|switch|p2a: Palossand|Palossand, L89, M|296/296\n|-activate|p2a: Palossand|move: Sticky Web\n|-unboost|p2a: Palossand|spe|1\n|turn|5\n|\n|t:|1771261984\n|move|p1a: Leavanny|Leaf Blade|p2a: Palossand\n|-supereffective|p2a: Palossand\n|-crit|p2a: Palossand\n|-damage|p2a: Palossand|60/296\n|move|p2a: Palossand|Sludge Bomb|p1a: Leavanny\n|-supereffective|p1a: Leavanny\n|-damage|p1a: Leavanny|0 fnt\n|faint|p1a: Leavanny\n|\n|-heal|p2a: Palossand|78/296|[from] item: Leftovers\n|upkeep\n|\n|t:|1771261991\n|switch|p1a: Toxapex|Toxapex, L82, M|150/216\n|turn|6\n|\n|t:|1771261994\n|move|p1a: Toxapex|Liquidation|p2a: Palossand\n|-supereffective|p2a: Palossand\n|-damage|p2a: Palossand|0 fnt\n|faint|p2a: Palossand\n|\n|upkeep\n|\n|t:|1771261999\n|switch|p2a: Ludicolo|Ludicolo, L90, M|290/290\n|-activate|p2a: Ludicolo|move: Sticky Web\n|-unboost|p2a: Ludicolo|spe|1\n|turn|7\n|\n|t:|1771262005\n|move|p2a: Ludicolo|Hydro Pump|p1a: Toxapex\n|-resisted|p1a: Toxapex\n|-damage|p1a: Toxapex|85/216\n|move|p1a: Toxapex|Toxic Spikes|p2a: Ludicolo\n|-sidestart|p2: FantasyWind|move: Toxic Spikes\n|\n|upkeep\n|turn|8\n|\n|t:|1771262009\n|move|p2a: Ludicolo|Hydro Pump|p1a: Toxapex\n|-resisted|p1a: Toxapex\n|-damage|p1a: Toxapex|23/216\n|move|p1a: Toxapex|Toxic Spikes|p2a: Ludicolo\n|-sidestart|p2: FantasyWind|move: Toxic Spikes\n|\n|upkeep\n|turn|9\n|\n|t:|1771262014\n|switch|p1a: Luvdisc|Luvdisc, F|247/247\n|move|p2a: Ludicolo|Hydro Pump|p1a: Luvdisc\n|-resisted|p1a: Luvdisc\n|-damage|p1a: Luvdisc|153/247\n|\n|upkeep\n|turn|10\n|\n|t:|1771262019\n|move|p1a: Luvdisc|Substitute|p1a: Luvdisc\n|-start|p1a: Luvdisc|Substitute\n|-damage|p1a: Luvdisc|92/247\n|move|p2a: Ludicolo|Hydro Pump|p1a: Luvdisc\n|-resisted|p1a: Luvdisc\n|-end|p1a: Luvdisc|Substitute\n|\n|upkeep\n|turn|11\n|\n|t:|1771262023\n|move|p1a: Luvdisc|Substitute|p1a: Luvdisc\n|-start|p1a: Luvdisc|Substitute\n|-damage|p1a: Luvdisc|31/247\n|move|p2a: Ludicolo|Hydro Pump|p1a: Luvdisc\n|-resisted|p1a: Luvdisc\n|-end|p1a: Luvdisc|Substitute\n|\n|upkeep\n|turn|12\n|\n|t:|1771262026\n|switch|p2a: Misdreavus|Misdreavus, L90, F|254/254\n|move|p1a: Luvdisc|Endeavor|p2a: Misdreavus\n|-immune|p2a: Misdreavus\n|\n|upkeep\n|turn|13\n|\n|t:|1771262034\n|move|p1a: Luvdisc|Flip Turn|p2a: Misdreavus\n|-damage|p2a: Misdreavus|220/254\n|\n|t:|1771262038\n|switch|p1a: Chi-Yu|Chi-Yu, L77|211/211|[from] Flip Turn\n|-ability|p1a: Chi-Yu|Beads of Ruin\n|move|p2a: Misdreavus|Calm Mind|p2a: Misdreavus\n|-boost|p2a: Misdreavus|spa|1\n|-boost|p2a: Misdreavus|spd|1\n|\n|upkeep\n|turn|14\n|\n|t:|1771262041\n|-terastallize|p2a: Misdreavus|Fairy\n|move|p2a: Misdreavus|Calm Mind|p2a: Misdreavus\n|-boost|p2a: Misdreavus|spa|1\n|-boost|p2a: Misdreavus|spd|1\n|move|p1a: Chi-Yu|Dark Pulse|p2a: Misdreavus\n|-resisted|p2a: Misdreavus\n|-crit|p2a: Misdreavus\n|-damage|p2a: Misdreavus|158/254\n|\n|upkeep\n|turn|15\n|\n|t:|1771262058\n|move|p2a: Misdreavus|Calm Mind|p2a: Misdreavus\n|-boost|p2a: Misdreavus|spa|1\n|-boost|p2a: Misdreavus|spd|1\n|move|p1a: Chi-Yu|Will-O-Wisp|p2a: Misdreavus|[miss]\n|-miss|p1a: Chi-Yu|p2a: Misdreavus\n|\n|upkeep\n|turn|16\n|\n|t:|1771262061\n|move|p2a: Misdreavus|Calm Mind|p2a: Misdreavus\n|-boost|p2a: Misdreavus|spa|1\n|-boost|p2a: Misdreavus|spd|1\n|move|p1a: Chi-Yu|Will-O-Wisp|p2a: Misdreavus\n|-status|p2a: Misdreavus|brn\n|\n|-damage|p2a: Misdreavus|143/254 brn|[from] brn\n|upkeep\n|turn|17\n|\n|t:|1771262066\n|move|p2a: Misdreavus|Draining Kiss|p1a: Chi-Yu\n|-damage|p1a: Chi-Yu|34/211\n|-heal|p2a: Misdreavus|254/254 brn|[from] drain|[of] p1a: Chi-Yu\n|move|p1a: Chi-Yu|Dark Pulse|p2a: Misdreavus\n|-resisted|p2a: Misdreavus\n|-damage|p2a: Misdreavus|241/254 brn\n|\n|-damage|p2a: Misdreavus|226/254 brn|[from] brn\n|upkeep\n|turn|18\n|\n|t:|1771262068\n|move|p2a: Misdreavus|Calm Mind|p2a: Misdreavus\n|-boost|p2a: Misdreavus|spa|1\n|-boost|p2a: Misdreavus|spd|1\n|move|p1a: Chi-Yu|Fire Blast|p2a: Misdreavus|[miss]\n|-miss|p1a: Chi-Yu|p2a: Misdreavus\n|\n|-damage|p2a: Misdreavus|211/254 brn|[from] brn\n|upkeep\n|turn|19\n|\n|t:|1771262071\n|move|p2a: Misdreavus|Calm Mind|p2a: Misdreavus\n|-boost|p2a: Misdreavus|spa|1\n|-boost|p2a: Misdreavus|spd|1\n|move|p1a: Chi-Yu|Fire Blast|p2a: Misdreavus|[miss]\n|-miss|p1a: Chi-Yu|p2a: Misdreavus\n|\n|-damage|p2a: Misdreavus|196/254 brn|[from] brn\n|upkeep\n|turn|20\n|\n|t:|1771262072\n|move|p2a: Misdreavus|Draining Kiss|p1a: Chi-Yu\n|-damage|p1a: Chi-Yu|0 fnt\n|-heal|p2a: Misdreavus|222/254 brn|[from] drain|[of] p1a: Chi-Yu\n|faint|p1a: Chi-Yu\n|\n|-damage|p2a: Misdreavus|207/254 brn|[from] brn\n|upkeep\n|\n|t:|1771262074\n|switch|p1a: Luvdisc|Luvdisc, F|31/247\n|turn|21\n|\n|t:|1771262076\n|move|p1a: Luvdisc|Endeavor|p2a: Misdreavus\n|-damage|p2a: Misdreavus|31/254 brn\n|move|p2a: Misdreavus|Draining Kiss|p1a: Luvdisc\n|-damage|p1a: Luvdisc|0 fnt\n|-heal|p2a: Misdreavus|54/254 brn|[from] drain|[of] p1a: Luvdisc\n|faint|p1a: Luvdisc\n|\n|-damage|p2a: Misdreavus|39/254 brn|[from] brn\n|upkeep\n|\n|t:|1771262092\n|switch|p1a: Toxapex|Toxapex, L82, M|95/216\n|turn|22\n|\n|t:|1771262095\n|move|p2a: Misdreavus|Shadow Ball|p1a: Toxapex\n|-damage|p1a: Toxapex|0 fnt\n|faint|p1a: Toxapex\n|\n|-damage|p2a: Misdreavus|24/254 brn|[from] brn\n|upkeep\n|\n|t:|1771262100\n|switch|p1a: Toxtricity|Toxtricity, L82, F|257/257\n|turn|23\n|\n|t:|1771262103\n|-terastallize|p1a: Toxtricity|Normal\n|move|p2a: Misdreavus|Draining Kiss|p1a: Toxtricity\n|-damage|p1a: Toxtricity|0 fnt\n|-heal|p2a: Misdreavus|217/254 brn|[from] drain|[of] p1a: Toxtricity\n|faint|p1a: Toxtricity\n|\n|-damage|p2a: Misdreavus|202/254 brn|[from] brn\n|upkeep\n|-message|Sadadasa forfeited.\n|\n|win|FantasyWind\n|raw|Sadadasa's rating: 1698 &rarr; <strong>1680</strong><br />(-18 for losing)\n|raw|FantasyWind's rating: 1730 &rarr; <strong>1748</strong><br />(+18 for winning)\n|l|☆Sadadasa\n|player|p1|\n", "inputlog": ">version 686819e5e19f8a7fd2345cfc5a08a5085efa2cc3\n>start {\"formatid\":\"gen9randombattle\",\"seed\":\"sodium,671738956babdc5215219a6b428906ad\",\"rated\":\"Rated battle\"}\n>player p1 {\"name\":\"Sadadasa\",\"avatar\":\"265\",\"rating\":1698,\"seed\":\"sodium,5972553ace64dd041a5f14afb0858685\"}\n>player p2 {\"name\":\"FantasyWind\",\"avatar\":\"rosa\",\"rating\":1730,\"seed\":\"sodium,a39f71aec943b104d9ee20c3a0085a6b\"}\n>p1 switch 2\n>p2 move earthquake\n>p1 switch 6\n>p2 move earthquake\n>p1 move stickyweb\n>p2 move sludgebomb\n>p1 move leafblade\n>p2 move sludgebomb\n>p2 switch 2\n>p1 move leafblade\n>p2 move sludgebomb\n>p1 switch 6\n>p1 move liquidation\n>p2 move earthpower\n>p2 switch 3\n>p1 move toxicspikes\n>p2 move hydropump\n>p1 move toxicspikes\n>p2 move hydropump\n>p1 switch 3\n>p2 move hydropump\n>p1 move substitute\n>p2 move hydropump\n>p1 move substitute\n>p2 move hydropump\n>p1 move endeavor\n>p2 switch 4\n>p1 move flipturn\n>p2 move calmmind\n>p1 switch 2\n>p1 move darkpulse\n>p2 move calmmind terastallize\n>p1 move willowisp\n>p2 move calmmind\n>p1 move willowisp\n>p2 move calmmind\n>p1 move darkpulse\n>p2 move drainingkiss\n>p1 move fireblast\n>p2 move calmmind\n>p1 move fireblast\n>p2 move calmmind\n>p1 move fireblast\n>p2 move drainingkiss\n>p1 switch 2\n>p1 move endeavor\n>p2 move drainingkiss\n>p1 switch 3\n>p1 move haze\n>p2 move shadowball\n>p1 switch 4\n>p1 move shiftgear terastallize\n>p2 move drainingkiss\n>forcelose p1", "uploadtime": 1771262114, "views": 4, "formatid": "gen9randombattle", "rating": 1680, "private": 0, "password": null}