{"id": "gen3ou-2540534639", "format": "[Gen 3] OU", "players": ["johnluc55", "Trcsa"], "log": "|j|☆johnluc55\n|j|☆Trcsa\n|t:|1771214334\n|gametype|singles\n|player|p1|johnluc55|ethan|1479\n|player|p2|Trcsa|2|1555\n|gen|3\n|tier|[Gen 3] OU\n|rated|\n|rule|Sleep Clause Mod: Limit one foe put to sleep\n|rule|Switch Priority Clause Mod: Faster Pokémon switch first\n|rule|Species Clause: Limit one of each Pokémon\n|rule|OHKO Clause: OHKO moves are banned\n|rule|Evasion Items Clause: Evasion items are banned\n|rule|Evasion Moves Clause: Evasion moves are banned\n|rule|Endless Battle Clause: Forcing endless battles is banned\n|rule|HP Percentage Mod: HP is shown in percentages\n|rule|One Boost Passer Clause: Limit one Baton Passer that has a way to boost its stats\n|rule|Freeze Clause Mod: Limit one foe frozen\n|rule|Baton Pass Stat Clause: No Baton Passer may have a way to boost its Speed\n|\n|t:|1771214334\n|teamsize|p1|6\n|teamsize|p2|6\n|start\n|switch|p1a: Skarmory|Skarmory, F|100/100\n|switch|p2a: Medicham|Medicham, M|100/100\n|turn|1\n|inactive|Battle timer is ON: inactive players will automatically lose when time's up. (requested by Trcsa)\n|\n|t:|1771214350\n|switch|p2a: Magneton|Magneton|100/100\n|switch|p1a: Gengar|Gengar, F|100/100\n|\n|upkeep\n|turn|2\n|\n|t:|1771214358\n|switch|p2a: Swampert|Swampert, F|100/100\n|move|p1a: Gengar|Will-O-Wisp|p2a: Swampert\n|-status|p2a: Swampert|brn\n|\n|-damage|p2a: Swampert|88/100 brn|[from] brn\n|upkeep\n|turn|3\n|\n|t:|1771214372\n|switch|p1a: Blissey|Blissey, F, shiny|100/100\n|move|p2a: Swampert|Hydro Pump|p1a: Blissey\n|-damage|p1a: Blissey|87/100\n|\n|-heal|p1a: Blissey|93/100|[from] item: Leftovers\n|-heal|p2a: Swampert|94/100 brn|[from] item: Leftovers\n|-damage|p2a: Swampert|82/100 brn|[from] brn\n|upkeep\n|turn|4\n|\n|t:|1771214381\n|switch|p2a: Medicham|Medicham, M|100/100\n|move|p1a: Blissey|Ice Beam|p2a: Medicham\n|-damage|p2a: Medicham|57/100\n|-status|p2a: Medicham|frz\n|\n|-heal|p2a: Medicham|63/100 frz|[from] item: Leftovers\n|-heal|p1a: Blissey|99/100|[from] item: Leftovers\n|upkeep\n|turn|5\n|\n|t:|1771214388\n|cant|p2a: Medicham|frz\n|move|p1a: Blissey|Ice Beam|p2a: Medicham\n|-damage|p2a: Medicham|23/100 frz\n|\n|-heal|p2a: Medicham|29/100 frz|[from] item: Leftovers\n|-heal|p1a: Blissey|100/100|[from] item: Leftovers\n|upkeep\n|turn|6\n|\n|t:|1771214396\n|switch|p1a: Gengar|Gengar, F|100/100\n|cant|p2a: Medicham|frz\n|\n|-heal|p2a: Medicham|35/100 frz|[from] item: Leftovers\n|upkeep\n|turn|7\n|\n|t:|1771214402\n|move|p1a: Gengar|Thunderbolt|p2a: Medicham\n|-damage|p2a: Medicham|0 fnt\n|faint|p2a: Medicham\n|\n|t:|1771214407\n|switch|p2a: Aerodactyl|Aerodactyl, F|100/100\n|\n|upkeep\n|turn|8\n|\n|t:|1771214411\n|switch|p1a: Swampert|Swampert, F|100/100\n|move|p2a: Aerodactyl|Rock Slide|p1a: Swampert\n|-resisted|p1a: Swampert\n|-damage|p1a: Swampert|83/100\n|\n|-heal|p1a: Swampert|90/100|[from] item: Leftovers\n|upkeep\n|turn|9\n|inactive|Trcsa has 120 seconds left.\n|-message|Trcsa forfeited.\n|\n|win|johnluc55\n|raw|johnluc55's rating: 1479 &rarr; <strong>1503</strong><br />(+24 for winning)\n|raw|Trcsa's rating: 1555 &rarr; <strong>1531</strong><br />(-24 for losing)\n|l|☆Trcsa\n|player|p2|\n", "uploadtime": 1771214445, "views": 38, "formatid": "gen3ou", "rating": 1503, "private": 0, "password": null}