{"id": "gen3ou-2540637561", "format": "[Gen 3] OU", "players": ["Jomulus Wilson", "Bird lives!"], "log": "|j|☆Jomulus Wilson\n|j|☆Bird lives!\n|t:|1771231889\n|gametype|singles\n|player|p1|Jomulus Wilson|jasmine|1607\n|player|p2|Bird lives!|1|1560\n|gen|3\n|tier|[Gen 3] OU\n|rated|\n|rule|Sleep Clause Mod: Limit one foe put to sleep\n|rule|Switch Priority Clause Mod: Faster Pokémon switch first\n|rule|Species Clause: Limit one of each Pokémon\n|rule|OHKO Clause: OHKO moves are banned\n|rule|Evasion Items Clause: Evasion items are banned\n|rule|Evasion Moves Clause: Evasion moves are banned\n|rule|Endless Battle Clause: Forcing endless battles is banned\n|rule|HP Percentage Mod: HP is shown in percentages\n|rule|One Boost Passer Clause: Limit one Baton Passer that has a way to boost its stats\n|rule|Freeze Clause Mod: Limit one foe frozen\n|rule|Baton Pass Stat Clause: No Baton Passer may have a way to boost its Speed\n|\n|t:|1771231889\n|teamsize|p1|6\n|teamsize|p2|6\n|start\n|switch|p1a: Aerodactyl|Aerodactyl, M|100/100\n|switch|p2a: Medicham|Medicham, M|100/100\n|turn|1\n|inactive|Battle timer is ON: inactive players will automatically lose when time's up. (requested by Bird lives!)\n|\n|t:|1771231917\n|move|p1a: Aerodactyl|Double-Edge|p2a: Medicham\n|-damage|p2a: Medicham|17/100\n|move|p2a: Medicham|Brick Break|p1a: Aerodactyl\n|-damage|p1a: Aerodactyl|9/100\n|\n|-heal|p2a: Medicham|23/100|[from] item: Leftovers\n|upkeep\n|turn|2\n|\n|t:|1771231922\n|switch|p2a: Aerodactyl|Aerodactyl, M|100/100\n|move|p1a: Aerodactyl|Double-Edge|p2a: Aerodactyl\n|-resisted|p2a: Aerodactyl\n|-damage|p2a: Aerodactyl|56/100\n|\n|upkeep\n|turn|3\n|\n|t:|1771231929\n|switch|p1a: Skarmory|Skarmory, M|100/100\n|move|p2a: Aerodactyl|Double-Edge|p1a: Skarmory\n|-resisted|p1a: Skarmory\n|-damage|p1a: Skarmory|80/100\n|\n|-heal|p1a: Skarmory|86/100|[from] item: Leftovers\n|upkeep\n|turn|4\n|\n|t:|1771231933\n|switch|p2a: Zapdos|Zapdos|100/100\n|move|p1a: Skarmory|Spikes|p2a: Zapdos\n|-sidestart|p2: Bird lives!|Spikes\n|\n|-heal|p1a: Skarmory|92/100|[from] item: Leftovers\n|upkeep\n|turn|5\n|\n|t:|1771231939\n|switch|p1a: Claydol|Claydol|100/100\n|move|p2a: Zapdos|Substitute|p2a: Zapdos\n|-start|p2a: Zapdos|Substitute\n|-damage|p2a: Zapdos|75/100\n|\n|-heal|p2a: Zapdos|82/100|[from] item: Leftovers\n|upkeep\n|turn|6\n|\n|t:|1771231943\n|move|p2a: Zapdos|Hidden Power|p1a: Claydol\n|-supereffective|p1a: Claydol\n|-damage|p1a: Claydol|52/100\n|move|p1a: Claydol|Psychic|p2a: Zapdos\n|-activate|p2a: Zapdos|Substitute|[damage]\n|\n|-heal|p2a: Zapdos|88/100|[from] item: Leftovers\n|-heal|p1a: Claydol|58/100|[from] item: Leftovers\n|upkeep\n|turn|7\n|\n|t:|1771231949\n|switch|p1a: Jirachi|Jirachi|100/100\n|move|p2a: Zapdos|Hidden Power|p1a: Jirachi\n|-resisted|p1a: Jirachi\n|-damage|p1a: Jirachi|93/100\n|\n|-heal|p2a: Zapdos|94/100|[from] item: Leftovers\n|-heal|p1a: Jirachi|99/100|[from] item: Leftovers\n|upkeep\n|turn|8\n|\n|t:|1771231955\n|move|p2a: Zapdos|Baton Pass|p2a: Zapdos\n|\n|t:|1771231956\n|switch|p2a: Suicune|Suicune|100/100|[from] Baton Pass\n|-damage|p2a: Suicune|88/100|[from] Spikes\n|move|p1a: Jirachi|Body Slam|p2a: Suicune\n|-end|p2a: Suicune|Substitute\n|\n|-heal|p1a: Jirachi|100/100|[from] item: Leftovers\n|-heal|p2a: Suicune|94/100|[from] item: Leftovers\n|upkeep\n|turn|9\n|\n|t:|1771231963\n|move|p1a: Jirachi|Body Slam|p2a: Suicune\n|-damage|p2a: Suicune|81/100\n|-status|p2a: Suicune|par\n|cant|p2a: Suicune|par\n|\n|-heal|p2a: Suicune|87/100 par|[from] item: Leftovers\n|upkeep\n|turn|10\n|\n|t:|1771231970\n|switch|p1a: Skarmory|Skarmory, M|92/100\n|move|p2a: Suicune|Calm Mind|p2a: Suicune\n|-boost|p2a: Suicune|spa|1\n|-boost|p2a: Suicune|spd|1\n|\n|-heal|p1a: Skarmory|98/100|[from] item: Leftovers\n|-heal|p2a: Suicune|93/100 par|[from] item: Leftovers\n|upkeep\n|turn|11\n|\n|t:|1771231973\n|move|p1a: Skarmory|Spikes|p2a: Suicune\n|-sidestart|p2: Bird lives!|Spikes\n|cant|p2a: Suicune|par\n|\n|-heal|p1a: Skarmory|100/100|[from] item: Leftovers\n|-heal|p2a: Suicune|99/100 par|[from] item: Leftovers\n|upkeep\n|turn|12\n|\n|t:|1771231976\n|move|p1a: Skarmory|Spikes|p2a: Suicune\n|-sidestart|p2: Bird lives!|Spikes\n|move|p2a: Suicune|Surf|p1a: Skarmory\n|-damage|p1a: Skarmory|37/100\n|\n|-heal|p1a: Skarmory|43/100|[from] item: Leftovers\n|-heal|p2a: Suicune|100/100 par|[from] item: Leftovers\n|upkeep\n|turn|13\n|\n|t:|1771231978\n|move|p1a: Skarmory|Protect|p1a: Skarmory\n|-singleturn|p1a: Skarmory|Protect\n|cant|p2a: Suicune|par\n|\n|-heal|p1a: Skarmory|49/100|[from] item: Leftovers\n|upkeep\n|turn|14\n|\n|t:|1771231981\n|switch|p1a: Suicune|Suicune|100/100\n|cant|p2a: Suicune|par\n|\n|upkeep\n|turn|15\n|\n|t:|1771231984\n|switch|p2a: Zapdos|Zapdos|94/100\n|move|p1a: Suicune|Roar|p2a: Zapdos\n|drag|p2a: Regice|Regice|100/100\n|-damage|p2a: Regice|76/100|[from] Spikes\n|\n|-heal|p2a: Regice|82/100|[from] item: Leftovers\n|upkeep\n|turn|16\n|\n|t:|1771232004\n|switch|p1a: Jirachi|Jirachi|100/100\n|move|p2a: Regice|Seismic Toss|p1a: Jirachi\n|-damage|p1a: Jirachi|76/100\n|\n|-heal|p1a: Jirachi|82/100|[from] item: Leftovers\n|-heal|p2a: Regice|88/100|[from] item: Leftovers\n|upkeep\n|turn|17\n|inactive|Bird lives! has 120 seconds left.\n|\n|t:|1771232041\n|move|p1a: Jirachi|Body Slam|p2a: Regice\n|-damage|p2a: Regice|69/100\n|-status|p2a: Regice|par\n|move|p2a: Regice|Thunder Wave|p1a: Jirachi\n|-status|p1a: Jirachi|par\n|\n|-heal|p1a: Jirachi|88/100 par|[from] item: Leftovers\n|-heal|p2a: Regice|75/100 par|[from] item: Leftovers\n|upkeep\n|turn|18\n|inactive|Bird lives! has 120 seconds left.\n|\n|t:|1771232050\n|move|p1a: Jirachi|Body Slam|p2a: Regice\n|-damage|p2a: Regice|56/100 par\n|move|p2a: Regice|Seismic Toss|p1a: Jirachi\n|-damage|p1a: Jirachi|63/100 par\n|\n|-heal|p1a: Jirachi|70/100 par|[from] item: Leftovers\n|-heal|p2a: Regice|62/100 par|[from] item: Leftovers\n|upkeep\n|turn|19\n|\n|t:|1771232054\n|cant|p1a: Jirachi|par\n|move|p2a: Regice|Seismic Toss|p1a: Jirachi\n|-damage|p1a: Jirachi|45/100 par\n|\n|-heal|p1a: Jirachi|51/100 par|[from] item: Leftovers\n|-heal|p2a: Regice|68/100 par|[from] item: Leftovers\n|upkeep\n|turn|20\n|\n|t:|1771232057\n|move|p1a: Jirachi|Protect|p1a: Jirachi\n|-singleturn|p1a: Jirachi|Protect\n|move|p2a: Regice|Explosion|p1a: Jirachi\n|-activate|p1a: Jirachi|Protect\n|faint|p2a: Regice\n|\n|t:|1771232063\n|switch|p2a: Zapdos|Zapdos|94/100\n|\n|-heal|p2a: Zapdos|100/100|[from] item: Leftovers\n|-heal|p1a: Jirachi|57/100 par|[from] item: Leftovers\n|upkeep\n|turn|21\n|\n|t:|1771232067\n|move|p2a: Zapdos|Thunderbolt|p1a: Jirachi\n|-damage|p1a: Jirachi|25/100 par\n|move|p1a: Jirachi|Wish|p1a: Jirachi\n|\n|-heal|p1a: Jirachi|31/100 par|[from] item: Leftovers\n|upkeep\n|turn|22\n|\n|t:|1771232071\n|move|p1a: Jirachi|Protect|p1a: Jirachi\n|-singleturn|p1a: Jirachi|Protect\n|move|p2a: Zapdos|Thunderbolt|p1a: Jirachi\n|-activate|p1a: Jirachi|Protect\n|\n|-heal|p1a: Jirachi|81/100 par|[from] move: Wish|[wisher] Jirachi\n|-heal|p1a: Jirachi|87/100 par|[from] item: Leftovers\n|upkeep\n|turn|23\n|\n|t:|1771232074\n|move|p2a: Zapdos|Substitute|p2a: Zapdos\n|-start|p2a: Zapdos|Substitute\n|-damage|p2a: Zapdos|75/100\n|move|p1a: Jirachi|Wish|p1a: Jirachi\n|\n|-heal|p2a: Zapdos|82/100|[from] item: Leftovers\n|-heal|p1a: Jirachi|94/100 par|[from] item: Leftovers\n|upkeep\n|turn|24\n|\n|t:|1771232078\n|move|p2a: Zapdos|Baton Pass|p2a: Zapdos\n|\n|t:|1771232080\n|switch|p2a: Suicune|Suicune|100/100 par|[from] Baton Pass\n|-damage|p2a: Suicune|76/100 par|[from] Spikes\n|move|p1a: Jirachi|Body Slam|p2a: Suicune\n|-activate|p2a: Suicune|Substitute|[damage]\n|\n|-heal|p1a: Jirachi|100/100 par|[from] move: Wish|[wisher] Jirachi\n|-heal|p2a: Suicune|82/100 par|[from] item: Leftovers\n|upkeep\n|turn|25\n|\n|t:|1771232084\n|switch|p1a: Suicune|Suicune|100/100\n|move|p2a: Suicune|Calm Mind|p2a: Suicune\n|-boost|p2a: Suicune|spa|1\n|-boost|p2a: Suicune|spd|1\n|\n|-heal|p2a: Suicune|88/100 par|[from] item: Leftovers\n|upkeep\n|turn|26\n|\n|t:|1771232086\n|move|p2a: Suicune|Surf|p1a: Suicune\n|-resisted|p1a: Suicune\n|-damage|p1a: Suicune|78/100\n|move|p1a: Suicune|Roar|p2a: Suicune\n|drag|p2a: Aerodactyl|Aerodactyl, M|56/100\n|\n|-heal|p1a: Suicune|84/100|[from] item: Leftovers\n|upkeep\n|turn|27\n|\n|t:|1771232090\n|move|p2a: Aerodactyl|Rock Slide|p1a: Suicune\n|-damage|p1a: Suicune|54/100\n|move|p1a: Suicune|Surf|p2a: Aerodactyl\n|-supereffective|p2a: Aerodactyl\n|-damage|p2a: Aerodactyl|0 fnt\n|faint|p2a: Aerodactyl\n|j| Oswalt\n|l| Oswalt\n|inactive|Bird lives! has 120 seconds left.\n|\n|t:|1771232121\n|switch|p2a: Zapdos|Zapdos|82/100\n|\n|-heal|p2a: Zapdos|88/100|[from] item: Leftovers\n|-heal|p1a: Suicune|60/100|[from] item: Leftovers\n|upkeep\n|turn|28\n|j| Oswalt\n|\n|t:|1771232148\n|switch|p1a: Jirachi|Jirachi|100/100 par\n|move|p2a: Zapdos|Thunderbolt|p1a: Jirachi\n|-damage|p1a: Jirachi|66/100 par\n|\n|-heal|p2a: Zapdos|94/100|[from] item: Leftovers\n|-heal|p1a: Jirachi|72/100 par|[from] item: Leftovers\n|upkeep\n|turn|29\n|\n|t:|1771232166\n|move|p2a: Zapdos|Thunderbolt|p1a: Jirachi\n|-damage|p1a: Jirachi|36/100 par\n|move|p1a: Jirachi|Wish|p1a: Jirachi\n|\n|-heal|p2a: Zapdos|100/100|[from] item: Leftovers\n|-heal|p1a: Jirachi|43/100 par|[from] item: Leftovers\n|upkeep\n|turn|30\n|\n|t:|1771232174\n|cant|p1a: Jirachi|par\n|move|p2a: Zapdos|Substitute|p2a: Zapdos\n|-start|p2a: Zapdos|Substitute\n|-damage|p2a: Zapdos|75/100\n|\n|-heal|p1a: Jirachi|93/100 par|[from] move: Wish|[wisher] Jirachi\n|-heal|p2a: Zapdos|82/100|[from] item: Leftovers\n|-heal|p1a: Jirachi|99/100 par|[from] item: Leftovers\n|upkeep\n|turn|31\n|\n|t:|1771232178\n|move|p2a: Zapdos|Baton Pass|p2a: Zapdos\n|\n|t:|1771232180\n|switch|p2a: Machamp|Machamp, F|100/100|[from] Baton Pass\n|-damage|p2a: Machamp|76/100|[from] Spikes\n|move|p1a: Jirachi|Wish|p1a: Jirachi\n|\n|-heal|p2a: Machamp|82/100|[from] item: Leftovers\n|-heal|p1a: Jirachi|100/100 par|[from] item: Leftovers\n|upkeep\n|turn|32\n|\n|t:|1771232184\n|switch|p1a: Suicune|Suicune|60/100\n|move|p2a: Machamp|Bulk Up|p2a: Machamp\n|-boost|p2a: Machamp|atk|1\n|-boost|p2a: Machamp|def|1\n|\n|-heal|p1a: Suicune|100/100|[from] move: Wish|[wisher] Jirachi\n|-heal|p2a: Machamp|88/100|[from] item: Leftovers\n|upkeep\n|turn|33\n|\n|t:|1771232187\n|move|p2a: Machamp|Brick Break|p1a: Suicune\n|-damage|p1a: Suicune|64/100\n|move|p1a: Suicune|Roar|p2a: Machamp\n|drag|p2a: Medicham|Medicham, M|23/100\n|-damage|p2a: Medicham|0 fnt|[from] Spikes\n|faint|p2a: Medicham\n|\n|t:|1771232189\n|switch|p2a: Zapdos|Zapdos|82/100\n|\n|-heal|p2a: Zapdos|88/100|[from] item: Leftovers\n|-heal|p1a: Suicune|70/100|[from] item: Leftovers\n|upkeep\n|turn|34\n|\n|t:|1771232192\n|switch|p1a: Jirachi|Jirachi|100/100 par\n|move|p2a: Zapdos|Substitute|p2a: Zapdos\n|-start|p2a: Zapdos|Substitute\n|-damage|p2a: Zapdos|63/100\n|\n|-heal|p2a: Zapdos|69/100|[from] item: Leftovers\n|upkeep\n|turn|35\n|\n|t:|1771232196\n|move|p2a: Zapdos|Baton Pass|p2a: Zapdos\n|\n|t:|1771232197\n|switch|p2a: Machamp|Machamp, F|88/100|[from] Baton Pass\n|-damage|p2a: Machamp|63/100|[from] Spikes\n|move|p1a: Jirachi|Wish|p1a: Jirachi\n|\n|-heal|p2a: Machamp|69/100|[from] item: Leftovers\n|upkeep\n|turn|36\n|\n|t:|1771232202\n|switch|p1a: Suicune|Suicune|70/100\n|move|p2a: Machamp|Bulk Up|p2a: Machamp\n|-boost|p2a: Machamp|atk|1\n|-boost|p2a: Machamp|def|1\n|\n|-heal|p1a: Suicune|100/100|[from] move: Wish|[wisher] Jirachi\n|-heal|p2a: Machamp|75/100|[from] item: Leftovers\n|upkeep\n|turn|37\n|\n|t:|1771232205\n|move|p2a: Machamp|Rock Slide|p1a: Suicune\n|-damage|p1a: Suicune|76/100\n|move|p1a: Suicune|Roar|p2a: Machamp\n|drag|p2a: Suicune|Suicune|88/100 par\n|-damage|p2a: Suicune|63/100 par|[from] Spikes\n|\n|-heal|p1a: Suicune|82/100|[from] item: Leftovers\n|-heal|p2a: Suicune|69/100 par|[from] item: Leftovers\n|upkeep\n|turn|38\n|\n|t:|1771232215\n|switch|p2a: Zapdos|Zapdos|69/100\n|move|p1a: Suicune|Ice Beam|p2a: Zapdos\n|-supereffective|p2a: Zapdos\n|-damage|p2a: Zapdos|30/100\n|\n|-heal|p2a: Zapdos|36/100|[from] item: Leftovers\n|-heal|p1a: Suicune|88/100|[from] item: Leftovers\n|upkeep\n|turn|39\n|\n|t:|1771232224\n|move|p2a: Zapdos|Substitute|p2a: Zapdos\n|-start|p2a: Zapdos|Substitute\n|-damage|p2a: Zapdos|11/100\n|move|p1a: Suicune|Ice Beam|p2a: Zapdos\n|-supereffective|p2a: Zapdos\n|-end|p2a: Zapdos|Substitute\n|\n|-heal|p2a: Zapdos|18/100|[from] item: Leftovers\n|-heal|p1a: Suicune|94/100|[from] item: Leftovers\n|upkeep\n|turn|40\n|\n|t:|1771232228\n|move|p2a: Zapdos|Baton Pass|p2a: Zapdos\n|\n|t:|1771232229\n|switch|p2a: Suicune|Suicune|69/100 par|[from] Baton Pass\n|-damage|p2a: Suicune|45/100 par|[from] Spikes\n|move|p1a: Suicune|Ice Beam|p2a: Suicune\n|-resisted|p2a: Suicune\n|-damage|p2a: Suicune|37/100 par\n|\n|-heal|p1a: Suicune|100/100|[from] item: Leftovers\n|-heal|p2a: Suicune|43/100 par|[from] item: Leftovers\n|upkeep\n|turn|41\n|\n|t:|1771232237\n|switch|p2a: Machamp|Machamp, F|75/100\n|-damage|p2a: Machamp|50/100|[from] Spikes\n|move|p1a: Suicune|Roar|p2a: Machamp\n|drag|p2a: Suicune|Suicune|43/100 par\n|-damage|p2a: Suicune|18/100 par|[from] Spikes\n|\n|-heal|p2a: Suicune|25/100 par|[from] item: Leftovers\n|upkeep\n|turn|42\n|\n|t:|1771232243\n|cant|p2a: Suicune|par\n|move|p1a: Suicune|Roar|p2a: Suicune\n|drag|p2a: Machamp|Machamp, F|50/100\n|-damage|p2a: Machamp|25/100|[from] Spikes\n|\n|-heal|p2a: Machamp|31/100|[from] item: Leftovers\n|upkeep\n|turn|43\n|-message|Bird lives! forfeited.\n|\n|win|Jomulus Wilson\n|raw|Jomulus Wilson's rating: 1607 &rarr; <strong>1624</strong><br />(+17 for winning)\n|raw|Bird lives!'s rating: 1560 &rarr; <strong>1543</strong><br />(-17 for losing)\n|l|☆Bird lives!\n|player|p2|\n", "uploadtime": 1771232252, "views": 26, "formatid": "gen3ou", "rating": 1543, "private": 0, "password": null}