{"id": "gen3ou-2540622723", "format": "[Gen 3] OU", "players": ["Bird lives!", "trapincers"], "log": "|j|☆Bird lives!\n|j|☆trapincers\n|t:|1771229129\n|gametype|singles\n|player|p1|Bird lives!|1|1609\n|player|p2|trapincers|acetrainersnow|1488\n|gen|3\n|tier|[Gen 3] OU\n|rated|\n|rule|Sleep Clause Mod: Limit one foe put to sleep\n|rule|Switch Priority Clause Mod: Faster Pokémon switch first\n|rule|Species Clause: Limit one of each Pokémon\n|rule|OHKO Clause: OHKO moves are banned\n|rule|Evasion Items Clause: Evasion items are banned\n|rule|Evasion Moves Clause: Evasion moves are banned\n|rule|Endless Battle Clause: Forcing endless battles is banned\n|rule|HP Percentage Mod: HP is shown in percentages\n|rule|One Boost Passer Clause: Limit one Baton Passer that has a way to boost its stats\n|rule|Freeze Clause Mod: Limit one foe frozen\n|rule|Baton Pass Stat Clause: No Baton Passer may have a way to boost its Speed\n|\n|t:|1771229129\n|teamsize|p1|6\n|teamsize|p2|6\n|start\n|switch|p1a: Medicham|Medicham, F|100/100\n|switch|p2a: Zapdos|Zapdos|100/100\n|turn|1\n|inactive|Battle timer is ON: inactive players will automatically lose when time's up. (requested by Bird lives!)\n|\n|t:|1771229139\n|switch|p1a: Regice|Regice|100/100\n|move|p2a: Zapdos|Thunder|p1a: Regice\n|-damage|p1a: Regice|67/100\n|\n|-heal|p1a: Regice|73/100|[from] item: Leftovers\n|upkeep\n|turn|2\n|\n|t:|1771229144\n|switch|p2a: Suicune|Suicune|100/100\n|move|p1a: Regice|Ice Beam|p2a: Suicune\n|-resisted|p2a: Suicune\n|-damage|p2a: Suicune|84/100\n|\n|-heal|p2a: Suicune|90/100|[from] item: Leftovers\n|-heal|p1a: Regice|79/100|[from] item: Leftovers\n|upkeep\n|turn|3\n|\n|t:|1771229146\n|move|p2a: Suicune|Calm Mind|p2a: Suicune\n|-boost|p2a: Suicune|spa|1\n|-boost|p2a: Suicune|spd|1\n|move|p1a: Regice|Thunder Wave|p2a: Suicune\n|-status|p2a: Suicune|par\n|\n|-heal|p1a: Regice|85/100|[from] item: Leftovers\n|-heal|p2a: Suicune|97/100 par|[from] item: Leftovers\n|upkeep\n|turn|4\n|\n|t:|1771229148\n|move|p1a: Regice|Seismic Toss|p2a: Suicune\n|-damage|p2a: Suicune|72/100 par\n|move|p2a: Suicune|Calm Mind|p2a: Suicune\n|-boost|p2a: Suicune|spa|1\n|-boost|p2a: Suicune|spd|1\n|\n|-heal|p1a: Regice|91/100|[from] item: Leftovers\n|-heal|p2a: Suicune|78/100 par|[from] item: Leftovers\n|upkeep\n|turn|5\n|\n|t:|1771229154\n|move|p1a: Regice|Seismic Toss|p2a: Suicune\n|-damage|p2a: Suicune|53/100 par\n|move|p2a: Suicune|Rest|p2a: Suicune\n|-status|p2a: Suicune|slp|[from] move: Rest\n|-heal|p2a: Suicune|100/100 slp|[silent]\n|\n|-heal|p1a: Regice|97/100|[from] item: Leftovers\n|upkeep\n|turn|6\n|\n|t:|1771229158\n|cant|p2a: Suicune|slp\n|move|p2a: Suicune|Sleep Talk|p2a: Suicune\n|move|p2a: Suicune|Surf|p1a: Regice|[from] Sleep Talk\n|-damage|p1a: Regice|67/100\n|move|p1a: Regice|Seismic Toss|p2a: Suicune\n|-damage|p2a: Suicune|76/100 slp\n|\n|-heal|p2a: Suicune|82/100 slp|[from] item: Leftovers\n|-heal|p1a: Regice|73/100|[from] item: Leftovers\n|upkeep\n|turn|7\n|\n|t:|1771229166\n|cant|p2a: Suicune|slp\n|move|p2a: Suicune|Sleep Talk|p2a: Suicune\n|move|p2a: Suicune|Surf|p1a: Regice|[from] Sleep Talk\n|-damage|p1a: Regice|43/100\n|move|p1a: Regice|Seismic Toss|p2a: Suicune\n|-damage|p2a: Suicune|57/100 slp\n|\n|-heal|p2a: Suicune|63/100 slp|[from] item: Leftovers\n|-heal|p1a: Regice|49/100|[from] item: Leftovers\n|upkeep\n|turn|8\n|\n|t:|1771229172\n|-curestatus|p2a: Suicune|slp|[msg]\n|move|p2a: Suicune|Surf|p1a: Regice\n|-damage|p1a: Regice|16/100\n|move|p1a: Regice|Thunder Wave|p2a: Suicune\n|-status|p2a: Suicune|par\n|\n|-heal|p1a: Regice|22/100|[from] item: Leftovers\n|-heal|p2a: Suicune|69/100 par|[from] item: Leftovers\n|upkeep\n|turn|9\n|\n|t:|1771229174\n|move|p1a: Regice|Explosion|p2a: Suicune\n|-damage|p2a: Suicune|26/100 par\n|faint|p1a: Regice\n|\n|t:|1771229177\n|switch|p1a: Medicham|Medicham, F|100/100\n|\n|-heal|p2a: Suicune|33/100 par|[from] item: Leftovers\n|upkeep\n|turn|10\n|\n|t:|1771229181\n|move|p1a: Medicham|Brick Break|p2a: Suicune\n|-damage|p2a: Suicune|1/100 par\n|move|p2a: Suicune|Surf|p1a: Medicham\n|-damage|p1a: Medicham|7/100\n|\n|-heal|p1a: Medicham|13/100|[from] item: Leftovers\n|-heal|p2a: Suicune|8/100 par|[from] item: Leftovers\n|upkeep\n|turn|11\n|\n|t:|1771229185\n|move|p1a: Medicham|Shadow Ball|p2a: Suicune\n|-damage|p2a: Suicune|0 fnt\n|faint|p2a: Suicune\n|\n|t:|1771229190\n|switch|p2a: Salamence|Salamence, F|100/100\n|-ability|p2a: Salamence|Intimidate|boost\n|-unboost|p1a: Medicham|atk|1\n|\n|-heal|p1a: Medicham|19/100|[from] item: Leftovers\n|upkeep\n|turn|12\n|\n|t:|1771229194\n|switch|p1a: Suicune|Suicune|100/100\n|move|p2a: Salamence|Dragon Claw|p1a: Suicune\n|-damage|p1a: Suicune|69/100\n|\n|-heal|p1a: Suicune|75/100|[from] item: Leftovers\n|upkeep\n|turn|13\n|\n|t:|1771229203\n|move|p2a: Salamence|Hidden Power|p1a: Suicune\n|-supereffective|p1a: Suicune\n|-damage|p1a: Suicune|38/100\n|move|p1a: Suicune|Surf|p2a: Salamence\n|-resisted|p2a: Salamence\n|-damage|p2a: Salamence|71/100\n|\n|-heal|p2a: Salamence|77/100|[from] item: Leftovers\n|-heal|p1a: Suicune|44/100|[from] item: Leftovers\n|upkeep\n|turn|14\n|\n|t:|1771229209\n|move|p2a: Salamence|Hidden Power|p1a: Suicune\n|-supereffective|p1a: Suicune\n|-damage|p1a: Suicune|10/100\n|move|p1a: Suicune|Rest|p1a: Suicune\n|-status|p1a: Suicune|slp|[from] move: Rest\n|-heal|p1a: Suicune|100/100 slp|[silent]\n|\n|-heal|p2a: Salamence|83/100|[from] item: Leftovers\n|upkeep\n|turn|15\n|\n|t:|1771229213\n|switch|p2a: Zapdos|Zapdos|100/100\n|cant|p1a: Suicune|slp\n|\n|upkeep\n|turn|16\n|\n|t:|1771229217\n|switch|p1a: Medicham|Medicham, F|19/100\n|move|p2a: Zapdos|Substitute|p2a: Zapdos\n|-start|p2a: Zapdos|Substitute\n|-damage|p2a: Zapdos|76/100\n|\n|-heal|p2a: Zapdos|82/100|[from] item: Leftovers\n|-heal|p1a: Medicham|25/100|[from] item: Leftovers\n|upkeep\n|turn|17\n|\n|t:|1771229221\n|move|p2a: Zapdos|Hidden Power|p1a: Medicham\n|-damage|p1a: Medicham|0 fnt\n|faint|p1a: Medicham\n|\n|t:|1771229223\n|switch|p1a: Zapdos|Zapdos|100/100\n|\n|-heal|p2a: Zapdos|88/100|[from] item: Leftovers\n|upkeep\n|turn|18\n|\n|t:|1771229226\n|move|p2a: Zapdos|Rain Dance|p2a: Zapdos\n|-weather|RainDance\n|move|p1a: Zapdos|Thunderbolt|p2a: Zapdos\n|-end|p2a: Zapdos|Substitute\n|\n|-weather|RainDance|[upkeep]\n|-heal|p2a: Zapdos|94/100|[from] item: Leftovers\n|upkeep\n|turn|19\n|\n|t:|1771229234\n|switch|p2a: Claydol|Claydol|100/100\n|move|p1a: Zapdos|Thunderbolt|p2a: Claydol\n|-immune|p2a: Claydol\n|\n|-weather|RainDance|[upkeep]\n|upkeep\n|turn|20\n|\n|t:|1771229236\n|move|p1a: Zapdos|Substitute|p1a: Zapdos\n|-start|p1a: Zapdos|Substitute\n|-damage|p1a: Zapdos|75/100\n|move|p2a: Claydol|Explosion|p1a: Zapdos\n|-end|p1a: Zapdos|Substitute\n|faint|p2a: Claydol\n|\n|t:|1771229239\n|switch|p2a: Zapdos|Zapdos|94/100\n|\n|-weather|RainDance|[upkeep]\n|-heal|p2a: Zapdos|100/100|[from] item: Leftovers\n|-heal|p1a: Zapdos|82/100|[from] item: Leftovers\n|upkeep\n|turn|21\n|\n|t:|1771229242\n|move|p2a: Zapdos|Thunder|p1a: Zapdos\n|-damage|p1a: Zapdos|19/100\n|move|p1a: Zapdos|Thunderbolt|p2a: Zapdos\n|-damage|p2a: Zapdos|45/100\n|\n|-weather|RainDance|[upkeep]\n|-heal|p2a: Zapdos|51/100|[from] item: Leftovers\n|-heal|p1a: Zapdos|25/100|[from] item: Leftovers\n|upkeep\n|turn|22\n|\n|t:|1771229244\n|move|p2a: Zapdos|Thunder|p1a: Zapdos\n|-damage|p1a: Zapdos|0 fnt\n|faint|p1a: Zapdos\n|\n|t:|1771229246\n|switch|p1a: Aerodactyl|Aerodactyl, F|100/100\n|\n|-weather|none\n|-heal|p2a: Zapdos|58/100|[from] item: Leftovers\n|upkeep\n|turn|23\n|\n|t:|1771229250\n|switch|p2a: Salamence|Salamence, F|83/100\n|-ability|p2a: Salamence|Intimidate|boost\n|-unboost|p1a: Aerodactyl|atk|1\n|move|p1a: Aerodactyl|Double-Edge|p2a: Salamence\n|-damage|p2a: Salamence|39/100\n|\n|-heal|p2a: Salamence|45/100|[from] item: Leftovers\n|upkeep\n|turn|24\n|\n|t:|1771229254\n|move|p1a: Aerodactyl|Double-Edge|p2a: Salamence\n|-damage|p2a: Salamence|0 fnt\n|faint|p2a: Salamence\n|\n|t:|1771229258\n|switch|p2a: Zapdos|Zapdos|58/100\n|\n|-heal|p2a: Zapdos|64/100|[from] item: Leftovers\n|upkeep\n|turn|25\n|\n|t:|1771229261\n|move|p1a: Aerodactyl|Double-Edge|p2a: Zapdos\n|-damage|p2a: Zapdos|22/100\n|move|p2a: Zapdos|Thunder|p1a: Aerodactyl\n|-supereffective|p1a: Aerodactyl\n|-damage|p1a: Aerodactyl|0 fnt\n|faint|p1a: Aerodactyl\n|\n|t:|1771229263\n|switch|p1a: Machamp|Machamp, M|100/100\n|\n|-heal|p2a: Zapdos|28/100|[from] item: Leftovers\n|upkeep\n|turn|26\n|\n|t:|1771229269\n|move|p2a: Zapdos|Thunder|p1a: Machamp\n|-damage|p1a: Machamp|38/100\n|move|p1a: Machamp|Rock Slide|p2a: Zapdos\n|-supereffective|p2a: Zapdos\n|-damage|p2a: Zapdos|0 fnt\n|faint|p2a: Zapdos\n|\n|t:|1771229275\n|switch|p2a: Heracross|Heracross, F|100/100\n|\n|-heal|p1a: Machamp|44/100|[from] item: Leftovers\n|upkeep\n|turn|27\n|\n|t:|1771229279\n|move|p2a: Heracross|Swords Dance|p2a: Heracross\n|-boost|p2a: Heracross|atk|2\n|move|p1a: Machamp|Bulk Up|p1a: Machamp\n|-boost|p1a: Machamp|atk|1\n|-boost|p1a: Machamp|def|1\n|\n|-heal|p1a: Machamp|50/100|[from] item: Leftovers\n|upkeep\n|turn|28\n|\n|t:|1771229288\n|move|p2a: Heracross|Megahorn|p1a: Machamp\n|-resisted|p1a: Machamp\n|-damage|p1a: Machamp|0 fnt\n|faint|p1a: Machamp\n|\n|t:|1771229289\n|switch|p1a: Suicune|Suicune|100/100 slp\n|\n|upkeep\n|turn|29\n|\n|t:|1771229299\n|move|p2a: Heracross|Swords Dance|p2a: Heracross\n|-boost|p2a: Heracross|atk|2\n|cant|p1a: Suicune|slp\n|move|p1a: Suicune|Sleep Talk|p1a: Suicune\n|move|p1a: Suicune|Surf|p2a: Heracross|[from] Sleep Talk\n|-damage|p2a: Heracross|49/100\n|\n|upkeep\n|turn|30\n|\n|t:|1771229304\n|move|p2a: Heracross|Substitute|p2a: Heracross\n|-start|p2a: Heracross|Substitute\n|-damage|p2a: Heracross|24/100\n|-curestatus|p1a: Suicune|slp|[msg]\n|move|p1a: Suicune|Surf|p2a: Heracross\n|-end|p2a: Heracross|Substitute\n|\n|-enditem|p2a: Heracross|Salac Berry|[eat]\n|-boost|p2a: Heracross|spe|1|[from] item: Salac Berry\n|upkeep\n|turn|31\n|\n|t:|1771229306\n|move|p2a: Heracross|Megahorn|p1a: Suicune\n|-damage|p1a: Suicune|0 fnt\n|faint|p1a: Suicune\n|\n|win|trapincers\n|raw|Bird lives!'s rating: 1609 &rarr; <strong>1582</strong><br />(-27 for losing)\n|raw|trapincers's rating: 1488 &rarr; <strong>1515</strong><br />(+27 for winning)\n|l|☆Bird lives!\n|player|p1|\n|c|☆trapincers|Gg\n", "uploadtime": 1771229314, "views": 34, "formatid": "gen3ou", "rating": 1515, "private": 0, "password": null}