{"id": "gen3ou-2540931891", "format": "[Gen 3] OU", "players": ["Aqertis", "CTX Admin Umbr"], "log": "|j|☆Aqertis\n|j|☆CTX Admin Umbr\n|t:|1771268373\n|gametype|singles\n|player|p1|Aqertis|265|1636\n|player|p2|CTX Admin Umbr|galacticgrunt|1696\n|gen|3\n|tier|[Gen 3] OU\n|rated|\n|rule|Sleep Clause Mod: Limit one foe put to sleep\n|rule|Switch Priority Clause Mod: Faster Pokémon switch first\n|rule|Species Clause: Limit one of each Pokémon\n|rule|OHKO Clause: OHKO moves are banned\n|rule|Evasion Items Clause: Evasion items are banned\n|rule|Evasion Moves Clause: Evasion moves are banned\n|rule|Endless Battle Clause: Forcing endless battles is banned\n|rule|HP Percentage Mod: HP is shown in percentages\n|rule|One Boost Passer Clause: Limit one Baton Passer that has a way to boost its stats\n|rule|Freeze Clause Mod: Limit one foe frozen\n|rule|Baton Pass Stat Clause: No Baton Passer may have a way to boost its Speed\n|\n|t:|1771268373\n|teamsize|p1|6\n|teamsize|p2|6\n|start\n|switch|p1a: Zapdos|Zapdos|100/100\n|switch|p2a: Mt. Infinity|Metagross|100/100\n|turn|1\n|\n|t:|1771268378\n|switch|p1a: Swampert|Swampert, F|100/100\n|move|p2a: Mt. Infinity|Rock Slide|p1a: Swampert\n|-resisted|p1a: Swampert\n|-damage|p1a: Swampert|75/100\n|\n|upkeep\n|turn|2\n|\n|t:|1771268384\n|switch|p2a: Dragon Eye Lake|Gyarados, M|100/100\n|-ability|p2a: Dragon Eye Lake|Intimidate|boost\n|-unboost|p1a: Swampert|atk|1\n|move|p1a: Swampert|Substitute|p1a: Swampert\n|-start|p1a: Swampert|Substitute\n|-damage|p1a: Swampert|50/100\n|\n|upkeep\n|turn|3\n|\n|t:|1771268385\n|move|p2a: Dragon Eye Lake|Dragon Dance|p2a: Dragon Eye Lake\n|-boost|p2a: Dragon Eye Lake|atk|1\n|-boost|p2a: Dragon Eye Lake|spe|1\n|move|p1a: Swampert|Endeavor|p2a: Dragon Eye Lake\n|-damage|p2a: Dragon Eye Lake|49/100\n|\n|-heal|p2a: Dragon Eye Lake|55/100|[from] item: Leftovers\n|upkeep\n|turn|4\n|\n|t:|1771268389\n|move|p2a: Dragon Eye Lake|Hidden Power|p1a: Swampert\n|-end|p1a: Swampert|Substitute\n|move|p1a: Swampert|Hydro Pump|p2a: Dragon Eye Lake\n|-resisted|p2a: Dragon Eye Lake\n|-damage|p2a: Dragon Eye Lake|32/100\n|\n|-heal|p2a: Dragon Eye Lake|38/100|[from] item: Leftovers\n|upkeep\n|turn|5\n|\n|t:|1771268397\n|switch|p1a: Salamence|Salamence, M|100/100\n|-ability|p1a: Salamence|Intimidate|boost\n|-unboost|p2a: Dragon Eye Lake|atk|1\n|move|p2a: Dragon Eye Lake|Double-Edge|p1a: Salamence\n|-damage|p1a: Salamence|47/100\n|-damage|p2a: Dragon Eye Lake|21/100|[from] Recoil|[of] p1a: Salamence\n|\n|-heal|p2a: Dragon Eye Lake|27/100|[from] item: Leftovers\n|-heal|p1a: Salamence|53/100|[from] item: Leftovers\n|upkeep\n|turn|6\n|\n|t:|1771268401\n|switch|p1a: Metagross|Metagross|100/100\n|move|p2a: Dragon Eye Lake|Double-Edge|p1a: Metagross\n|-resisted|p1a: Metagross\n|-damage|p1a: Metagross|84/100\n|-damage|p2a: Dragon Eye Lake|21/100|[from] Recoil|[of] p1a: Metagross\n|\n|-heal|p2a: Dragon Eye Lake|28/100|[from] item: Leftovers\n|-heal|p1a: Metagross|91/100|[from] item: Leftovers\n|upkeep\n|turn|7\n|\n|t:|1771268403\n|move|p2a: Dragon Eye Lake|Earthquake|p1a: Metagross\n|-supereffective|p1a: Metagross\n|-damage|p1a: Metagross|30/100\n|move|p1a: Metagross|Meteor Mash|p2a: Dragon Eye Lake\n|-resisted|p2a: Dragon Eye Lake\n|-damage|p2a: Dragon Eye Lake|0 fnt\n|faint|p2a: Dragon Eye Lake\n|\n|t:|1771268405\n|switch|p2a: Factorial Town|Magneton|100/100\n|\n|-heal|p1a: Metagross|36/100|[from] item: Leftovers\n|upkeep\n|turn|8\n|\n|t:|1771268408\n|move|p2a: Factorial Town|Thunderbolt|p1a: Metagross\n|-damage|p1a: Metagross|0 fnt\n|faint|p1a: Metagross\n|\n|t:|1771268410\n|switch|p1a: Snorlax|Snorlax, F|100/100\n|\n|upkeep\n|turn|9\n|\n|t:|1771268413\n|switch|p2a: Drill Tunnel|Hariyama, M|100/100\n|move|p1a: Snorlax|Earthquake|p2a: Drill Tunnel\n|-damage|p2a: Drill Tunnel|70/100\n|\n|-heal|p2a: Drill Tunnel|76/100|[from] item: Leftovers\n|upkeep\n|turn|10\n|\n|t:|1771268417\n|move|p2a: Drill Tunnel|Rock Slide|p1a: Snorlax\n|-damage|p1a: Snorlax|76/100\n|cant|p1a: Snorlax|flinch\n|\n|-heal|p2a: Drill Tunnel|82/100|[from] item: Leftovers\n|-heal|p1a: Snorlax|82/100|[from] item: Leftovers\n|upkeep\n|turn|11\n|\n|t:|1771268423\n|switch|p1a: Salamence|Salamence, M|53/100\n|-ability|p1a: Salamence|Intimidate|boost\n|-unboost|p2a: Drill Tunnel|atk|1\n|move|p2a: Drill Tunnel|Cross Chop|p1a: Salamence\n|-resisted|p1a: Salamence\n|-damage|p1a: Salamence|30/100\n|\n|-heal|p1a: Salamence|36/100|[from] item: Leftovers\n|-heal|p2a: Drill Tunnel|88/100|[from] item: Leftovers\n|upkeep\n|turn|12\n|\n|t:|1771268427\n|move|p1a: Salamence|Hidden Power|p2a: Drill Tunnel\n|-supereffective|p2a: Drill Tunnel\n|-damage|p2a: Drill Tunnel|5/100\n|move|p2a: Drill Tunnel|Rock Slide|p1a: Salamence\n|-supereffective|p1a: Salamence\n|-damage|p1a: Salamence|0 fnt\n|faint|p1a: Salamence\n|\n|t:|1771268433\n|switch|p1a: Swampert|Swampert, F|50/100\n|\n|-heal|p2a: Drill Tunnel|11/100|[from] item: Leftovers\n|upkeep\n|turn|13\n|\n|t:|1771268436\n|-singleturn|p2a: Drill Tunnel|move: Focus Punch\n|move|p1a: Swampert|Substitute|p1a: Swampert\n|-start|p1a: Swampert|Substitute\n|-damage|p1a: Swampert|25/100\n|move|p2a: Drill Tunnel|Focus Punch|p1a: Swampert\n|-end|p1a: Swampert|Substitute\n|\n|-enditem|p1a: Swampert|Salac Berry|[eat]\n|-boost|p1a: Swampert|spe|1|[from] item: Salac Berry\n|-heal|p2a: Drill Tunnel|17/100|[from] item: Leftovers\n|upkeep\n|turn|14\n|\n|t:|1771268443\n|move|p1a: Swampert|Hydro Pump|p2a: Drill Tunnel|[miss]\n|-miss|p1a: Swampert|p2a: Drill Tunnel\n|move|p2a: Drill Tunnel|Cross Chop|p1a: Swampert\n|-damage|p1a: Swampert|0 fnt\n|faint|p1a: Swampert\n|\n|t:|1771268446\n|switch|p1a: Heracross|Heracross, F|100/100\n|\n|-heal|p2a: Drill Tunnel|23/100|[from] item: Leftovers\n|upkeep\n|turn|15\n|\n|t:|1771268448\n|switch|p2a: Great Canyon|Salamence, M|100/100\n|-ability|p2a: Great Canyon|Intimidate|boost\n|-unboost|p1a: Heracross|atk|1\n|move|p1a: Heracross|Megahorn|p2a: Great Canyon\n|-resisted|p2a: Great Canyon\n|-damage|p2a: Great Canyon|57/100\n|\n|-heal|p2a: Great Canyon|63/100|[from] item: Leftovers\n|upkeep\n|turn|16\n|\n|t:|1771268453\n|switch|p1a: Zapdos|Zapdos|100/100\n|move|p2a: Great Canyon|Hidden Power|p1a: Zapdos\n|-resisted|p1a: Zapdos\n|-damage|p1a: Zapdos|81/100\n|\n|-heal|p2a: Great Canyon|69/100|[from] item: Leftovers\n|-heal|p1a: Zapdos|87/100|[from] item: Leftovers\n|upkeep\n|turn|17\n|\n|t:|1771268460\n|switch|p2a: Toy Town|Snorlax, F|100/100\n|move|p1a: Zapdos|Thunderbolt|p2a: Toy Town\n|-damage|p2a: Toy Town|76/100\n|\n|-heal|p1a: Zapdos|93/100|[from] item: Leftovers\n|-heal|p2a: Toy Town|82/100|[from] item: Leftovers\n|upkeep\n|turn|18\n|\n|t:|1771268464\n|switch|p1a: Snorlax|Snorlax, F|82/100\n|move|p2a: Toy Town|Return|p1a: Snorlax\n|-damage|p1a: Snorlax|40/100\n|\n|-heal|p1a: Snorlax|46/100|[from] item: Leftovers\n|-heal|p2a: Toy Town|89/100|[from] item: Leftovers\n|upkeep\n|turn|19\n|\n|t:|1771268468\n|switch|p2a: Drill Tunnel|Hariyama, M|23/100\n|move|p1a: Snorlax|Self-Destruct|p2a: Drill Tunnel\n|-damage|p2a: Drill Tunnel|0 fnt\n|faint|p1a: Snorlax\n|faint|p2a: Drill Tunnel\n|\n|t:|1771268473\n|switch|p2a: Great Canyon|Salamence, M|69/100\n|switch|p1a: Heracross|Heracross, F|100/100\n|-ability|p2a: Great Canyon|Intimidate|boost\n|-unboost|p1a: Heracross|atk|1\n|\n|-heal|p2a: Great Canyon|75/100|[from] item: Leftovers\n|upkeep\n|turn|20\n|\n|t:|1771268477\n|switch|p1a: Zapdos|Zapdos|93/100\n|move|p2a: Great Canyon|Hidden Power|p1a: Zapdos\n|-resisted|p1a: Zapdos\n|-crit|p1a: Zapdos\n|-damage|p1a: Zapdos|50/100\n|\n|-heal|p2a: Great Canyon|81/100|[from] item: Leftovers\n|-heal|p1a: Zapdos|56/100|[from] item: Leftovers\n|upkeep\n|turn|21\n|\n|t:|1771268485\n|switch|p2a: Factorial Town|Magneton|100/100\n|move|p1a: Zapdos|Thunder Wave|p2a: Factorial Town\n|-status|p2a: Factorial Town|par\n|\n|-heal|p1a: Zapdos|62/100|[from] item: Leftovers\n|upkeep\n|turn|22\n|\n|t:|1771268488\n|switch|p1a: Heracross|Heracross, F|100/100\n|cant|p2a: Factorial Town|par\n|\n|upkeep\n|turn|23\n|\n|t:|1771268491\n|switch|p2a: Great Canyon|Salamence, M|81/100\n|-ability|p2a: Great Canyon|Intimidate|boost\n|-unboost|p1a: Heracross|atk|1\n|move|p1a: Heracross|Megahorn|p2a: Great Canyon\n|-resisted|p2a: Great Canyon\n|-damage|p2a: Great Canyon|43/100\n|\n|-heal|p2a: Great Canyon|49/100|[from] item: Leftovers\n|upkeep\n|turn|24\n|\n|t:|1771268497\n|move|p2a: Great Canyon|Hidden Power|p1a: Heracross\n|-supereffective|p1a: Heracross\n|-damage|p1a: Heracross|0 fnt\n|faint|p1a: Heracross\n|\n|t:|1771268498\n|switch|p1a: Zapdos|Zapdos|62/100\n|\n|-heal|p2a: Great Canyon|55/100|[from] item: Leftovers\n|-heal|p1a: Zapdos|68/100|[from] item: Leftovers\n|upkeep\n|turn|25\n|\n|t:|1771268499\n|move|p2a: Great Canyon|Rock Slide|p1a: Zapdos\n|-supereffective|p1a: Zapdos\n|-crit|p1a: Zapdos\n|-damage|p1a: Zapdos|0 fnt\n|faint|p1a: Zapdos\n|\n|win|CTX Admin Umbr\n|raw|Aqertis's rating: 1636 &rarr; <strong>1619</strong><br />(-17 for losing)\n|raw|CTX Admin Umbr's rating: 1696 &rarr; <strong>1713</strong><br />(+17 for winning)\n|l|☆Aqertis\n|player|p1|\n", "uploadtime": 1771268510, "views": 12, "formatid": "gen3ou", "rating": 1619, "private": 0, "password": null}