{"id": "gen3ou-2540475545", "format": "[Gen 3] OU", "players": ["newguy213", "AliceTASC"], "log": "|j|☆newguy213\n|j|☆AliceTASC\n|t:|1771206691\n|gametype|singles\n|player|p1|newguy213|101|1556\n|player|p2|AliceTASC|dawn|1514\n|gen|3\n|tier|[Gen 3] OU\n|rated|\n|rule|Sleep Clause Mod: Limit one foe put to sleep\n|rule|Switch Priority Clause Mod: Faster Pokémon switch first\n|rule|Species Clause: Limit one of each Pokémon\n|rule|OHKO Clause: OHKO moves are banned\n|rule|Evasion Items Clause: Evasion items are banned\n|rule|Evasion Moves Clause: Evasion moves are banned\n|rule|Endless Battle Clause: Forcing endless battles is banned\n|rule|HP Percentage Mod: HP is shown in percentages\n|rule|One Boost Passer Clause: Limit one Baton Passer that has a way to boost its stats\n|rule|Freeze Clause Mod: Limit one foe frozen\n|rule|Baton Pass Stat Clause: No Baton Passer may have a way to boost its Speed\n|\n|t:|1771206691\n|teamsize|p1|6\n|teamsize|p2|6\n|start\n|switch|p1a: Dugtrio|Dugtrio, F|100/100\n|switch|p2a: Skarmory|Skarmory, F|100/100\n|turn|1\n|inactive|Battle timer is ON: inactive players will automatically lose when time's up. (requested by newguy213)\n|\n|t:|1771206696\n|switch|p1a: Forretress|Forretress, F|100/100\n|move|p2a: Skarmory|Spikes|p1a: Forretress\n|-sidestart|p1: newguy213|Spikes\n|\n|upkeep\n|turn|2\n|\n|t:|1771206699\n|move|p1a: Forretress|Spikes|p2a: Skarmory\n|-sidestart|p2: AliceTASC|Spikes\n|move|p2a: Skarmory|Roar|p1a: Forretress\n|drag|p1a: Milotic|Milotic, F|100/100\n|-damage|p1a: Milotic|88/100|[from] Spikes\n|\n|-heal|p1a: Milotic|94/100|[from] item: Leftovers\n|upkeep\n|turn|3\n|\n|t:|1771206703\n|move|p1a: Milotic|Surf|p2a: Skarmory\n|-damage|p2a: Skarmory|70/100\n|move|p2a: Skarmory|Spikes|p1a: Milotic\n|-sidestart|p1: newguy213|Spikes\n|\n|-heal|p1a: Milotic|99/100|[from] item: Leftovers\n|-heal|p2a: Skarmory|76/100|[from] item: Leftovers\n|upkeep\n|turn|4\n|\n|t:|1771206706\n|move|p1a: Milotic|Surf|p2a: Skarmory\n|-damage|p2a: Skarmory|43/100\n|move|p2a: Skarmory|Spikes|p1a: Milotic\n|-sidestart|p1: newguy213|Spikes\n|\n|-heal|p1a: Milotic|100/100|[from] item: Leftovers\n|-heal|p2a: Skarmory|49/100|[from] item: Leftovers\n|upkeep\n|turn|5\n|\n|t:|1771206709\n|move|p1a: Milotic|Surf|p2a: Skarmory\n|-damage|p2a: Skarmory|18/100\n|move|p2a: Skarmory|Roar|p1a: Milotic\n|drag|p1a: Dugtrio|Dugtrio, F|100/100\n|-damage|p1a: Dugtrio|76/100|[from] Spikes\n|\n|-heal|p2a: Skarmory|24/100|[from] item: Leftovers\n|upkeep\n|turn|6\n|\n|t:|1771206714\n|move|p2a: Skarmory|Protect|p2a: Skarmory\n|-singleturn|p2a: Skarmory|Protect\n|move|p1a: Dugtrio|Rock Slide|p2a: Skarmory\n|-activate|p2a: Skarmory|Protect\n|\n|-heal|p2a: Skarmory|30/100|[from] item: Leftovers\n|upkeep\n|turn|7\n|\n|t:|1771206722\n|switch|p1a: Forretress|Forretress, F|100/100\n|-damage|p1a: Forretress|76/100|[from] Spikes\n|move|p2a: Skarmory|Roar|p1a: Forretress\n|drag|p1a: Dugtrio|Dugtrio, F|76/100\n|-damage|p1a: Dugtrio|51/100|[from] Spikes\n|\n|-heal|p2a: Skarmory|36/100|[from] item: Leftovers\n|upkeep\n|turn|8\n|\n|t:|1771206726\n|move|p2a: Skarmory|Protect|p2a: Skarmory\n|-singleturn|p2a: Skarmory|Protect\n|move|p1a: Dugtrio|Rock Slide|p2a: Skarmory\n|-activate|p2a: Skarmory|Protect\n|\n|-heal|p2a: Skarmory|42/100|[from] item: Leftovers\n|upkeep\n|turn|9\n|\n|t:|1771206729\n|move|p1a: Dugtrio|Rock Slide|p2a: Skarmory\n|-damage|p2a: Skarmory|18/100\n|move|p2a: Skarmory|Roar|p1a: Dugtrio\n|drag|p1a: Gengar|Gengar, M|100/100\n|\n|-heal|p2a: Skarmory|24/100|[from] item: Leftovers\n|upkeep\n|turn|10\n|\n|t:|1771206733\n|move|p1a: Gengar|Will-O-Wisp|p2a: Skarmory\n|-status|p2a: Skarmory|brn\n|move|p2a: Skarmory|Roar|p1a: Gengar\n|drag|p1a: Blissey|Blissey, F|100/100\n|-damage|p1a: Blissey|76/100|[from] Spikes\n|\n|-heal|p2a: Skarmory|30/100 brn|[from] item: Leftovers\n|-damage|p2a: Skarmory|18/100 brn|[from] brn\n|-heal|p1a: Blissey|82/100|[from] item: Leftovers\n|upkeep\n|turn|11\n|\n|t:|1771206737\n|move|p1a: Blissey|Seismic Toss|p2a: Skarmory\n|-damage|p2a: Skarmory|0 fnt\n|faint|p2a: Skarmory\n|\n|t:|1771206742\n|switch|p2a: Tyranitar|Tyranitar, M|100/100\n|-damage|p2a: Tyranitar|88/100|[from] Spikes\n|-weather|Sandstorm|[from] ability: Sand Stream|[of] p2a: Tyranitar\n|\n|-weather|Sandstorm|[upkeep]\n|-damage|p1a: Blissey|76/100|[from] Sandstorm\n|-heal|p2a: Tyranitar|94/100|[from] item: Leftovers\n|-heal|p1a: Blissey|82/100|[from] item: Leftovers\n|upkeep\n|turn|12\n|\n|t:|1771206746\n|switch|p1a: Hariyama|Hariyama, M|100/100\n|-damage|p1a: Hariyama|76/100|[from] Spikes\n|move|p2a: Tyranitar|Rock Slide|p1a: Hariyama\n|-resisted|p1a: Hariyama\n|-damage|p1a: Hariyama|55/100\n|\n|-weather|Sandstorm|[upkeep]\n|-damage|p1a: Hariyama|49/100|[from] Sandstorm\n|-heal|p2a: Tyranitar|100/100|[from] item: Leftovers\n|-heal|p1a: Hariyama|55/100|[from] item: Leftovers\n|upkeep\n|turn|13\n|\n|t:|1771206752\n|switch|p2a: Starmie|Starmie|100/100\n|-damage|p2a: Starmie|88/100|[from] Spikes\n|move|p1a: Hariyama|Cross Chop|p2a: Starmie|[miss]\n|-miss|p1a: Hariyama|p2a: Starmie\n|\n|-weather|Sandstorm|[upkeep]\n|-damage|p2a: Starmie|82/100|[from] Sandstorm\n|-damage|p1a: Hariyama|49/100|[from] Sandstorm\n|-heal|p2a: Starmie|88/100|[from] item: Leftovers\n|-heal|p1a: Hariyama|55/100|[from] item: Leftovers\n|upkeep\n|turn|14\n|\n|t:|1771206757\n|move|p2a: Starmie|Hydro Pump|p1a: Hariyama\n|-damage|p1a: Hariyama|9/100\n|move|p1a: Hariyama|Knock Off|p2a: Starmie\n|-supereffective|p2a: Starmie\n|-damage|p2a: Starmie|81/100\n|-enditem|p2a: Starmie|Leftovers|[from] move: Knock Off|[of] p1a: Hariyama\n|-hint|In Gens 3-4, Knock Off only makes the target's item unusable; it cannot obtain a new item.\n|\n|-weather|Sandstorm|[upkeep]\n|-damage|p2a: Starmie|75/100|[from] Sandstorm\n|-damage|p1a: Hariyama|3/100|[from] Sandstorm\n|-heal|p1a: Hariyama|9/100|[from] item: Leftovers\n|upkeep\n|turn|15\n|\n|t:|1771206762\n|move|p2a: Starmie|Thunderbolt|p1a: Hariyama\n|-damage|p1a: Hariyama|0 fnt\n|faint|p1a: Hariyama\n|\n|t:|1771206770\n|switch|p1a: Forretress|Forretress, F|76/100\n|-damage|p1a: Forretress|51/100|[from] Spikes\n|\n|-weather|Sandstorm|[upkeep]\n|-damage|p2a: Starmie|69/100|[from] Sandstorm\n|-heal|p1a: Forretress|57/100|[from] item: Leftovers\n|upkeep\n|turn|16\n|\n|t:|1771206776\n|switch|p2a: Gengar|Gengar, M|100/100\n|move|p1a: Forretress|Rapid Spin|p2a: Gengar\n|-immune|p2a: Gengar\n|\n|-weather|Sandstorm|[upkeep]\n|-damage|p2a: Gengar|95/100|[from] Sandstorm\n|-heal|p2a: Gengar|100/100|[from] item: Leftovers\n|-heal|p1a: Forretress|63/100|[from] item: Leftovers\n|upkeep\n|turn|17\n|\n|t:|1771206780\n|move|p2a: Gengar|Fire Punch|p1a: Forretress\n|-supereffective|p1a: Forretress\n|-damage|p1a: Forretress|0 fnt\n|faint|p1a: Forretress\n|\n|t:|1771206786\n|switch|p1a: Gengar|Gengar, M|100/100\n|\n|-weather|Sandstorm|[upkeep]\n|-damage|p2a: Gengar|95/100|[from] Sandstorm\n|-damage|p1a: Gengar|95/100|[from] Sandstorm\n|-heal|p2a: Gengar|100/100|[from] item: Leftovers\n|-heal|p1a: Gengar|100/100|[from] item: Leftovers\n|upkeep\n|turn|18\n|\n|t:|1771206797\n|switch|p2a: Starmie|Starmie|69/100\n|-damage|p2a: Starmie|57/100|[from] Spikes\n|move|p1a: Gengar|Will-O-Wisp|p2a: Starmie|[miss]\n|-miss|p1a: Gengar|p2a: Starmie\n|\n|-weather|Sandstorm|[upkeep]\n|-damage|p2a: Starmie|51/100|[from] Sandstorm\n|-damage|p1a: Gengar|95/100|[from] Sandstorm\n|-heal|p1a: Gengar|100/100|[from] item: Leftovers\n|upkeep\n|turn|19\n|\n|t:|1771206803\n|move|p2a: Starmie|Hydro Pump|p1a: Gengar\n|-damage|p1a: Gengar|40/100\n|move|p1a: Gengar|Thunderbolt|p2a: Starmie\n|-supereffective|p2a: Starmie\n|-damage|p2a: Starmie|0 fnt\n|faint|p2a: Starmie\n|\n|t:|1771206813\n|switch|p2a: MYCAH|Jolteon, F|100/100\n|-damage|p2a: MYCAH|88/100|[from] Spikes\n|\n|-weather|Sandstorm|[upkeep]\n|-damage|p2a: MYCAH|82/100|[from] Sandstorm\n|-damage|p1a: Gengar|34/100|[from] Sandstorm\n|-heal|p2a: MYCAH|88/100|[from] item: Leftovers\n|-heal|p1a: Gengar|40/100|[from] item: Leftovers\n|upkeep\n|turn|20\n|\n|t:|1771206819\n|switch|p1a: Dugtrio|Dugtrio, F|51/100\n|-damage|p1a: Dugtrio|26/100|[from] Spikes\n|move|p2a: MYCAH|Thunderbolt|p1a: Dugtrio\n|-immune|p1a: Dugtrio\n|\n|-weather|Sandstorm|[upkeep]\n|-damage|p2a: MYCAH|82/100|[from] Sandstorm\n|-heal|p2a: MYCAH|88/100|[from] item: Leftovers\n|upkeep\n|turn|21\n|\n|t:|1771206825\n|switch|p1a: Blissey|Blissey, F|82/100\n|-damage|p1a: Blissey|57/100|[from] Spikes\n|move|p2a: MYCAH|Hidden Power|p1a: Blissey\n|-damage|p1a: Blissey|49/100\n|\n|-weather|Sandstorm|[upkeep]\n|-damage|p2a: MYCAH|82/100|[from] Sandstorm\n|-damage|p1a: Blissey|42/100|[from] Sandstorm\n|-heal|p2a: MYCAH|88/100|[from] item: Leftovers\n|-heal|p1a: Blissey|49/100|[from] item: Leftovers\n|upkeep\n|turn|22\n|\n|t:|1771206834\n|switch|p2a: Gengar|Gengar, M|100/100\n|move|p1a: Blissey|Soft-Boiled|p1a: Blissey\n|-heal|p1a: Blissey|99/100\n|\n|-weather|Sandstorm|[upkeep]\n|-damage|p2a: Gengar|95/100|[from] Sandstorm\n|-damage|p1a: Blissey|92/100|[from] Sandstorm\n|-heal|p2a: Gengar|100/100|[from] item: Leftovers\n|-heal|p1a: Blissey|99/100|[from] item: Leftovers\n|upkeep\n|turn|23\n|\n|t:|1771206837\n|move|p2a: Gengar|Ice Punch|p1a: Blissey\n|-damage|p1a: Blissey|87/100\n|move|p1a: Blissey|Ice Beam|p2a: Gengar\n|-crit|p2a: Gengar\n|-damage|p2a: Gengar|22/100\n|\n|-weather|Sandstorm|[upkeep]\n|-damage|p2a: Gengar|16/100|[from] Sandstorm\n|-damage|p1a: Blissey|81/100|[from] Sandstorm\n|-heal|p2a: Gengar|22/100|[from] item: Leftovers\n|-heal|p1a: Blissey|87/100|[from] item: Leftovers\n|upkeep\n|turn|24\n|\n|t:|1771206845\n|switch|p1a: Gengar|Gengar, M|40/100\n|move|p2a: Gengar|Explosion|p1a: Gengar\n|-immune|p1a: Gengar\n|faint|p2a: Gengar\n|\n|t:|1771206848\n|switch|p2a: MYCAH|Jolteon, F|88/100\n|-damage|p2a: MYCAH|75/100|[from] Spikes\n|\n|-weather|Sandstorm|[upkeep]\n|-damage|p2a: MYCAH|69/100|[from] Sandstorm\n|-damage|p1a: Gengar|34/100|[from] Sandstorm\n|-heal|p2a: MYCAH|75/100|[from] item: Leftovers\n|-heal|p1a: Gengar|40/100|[from] item: Leftovers\n|upkeep\n|turn|25\n|\n|t:|1771206852\n|switch|p1a: Dugtrio|Dugtrio, F|26/100\n|-damage|p1a: Dugtrio|1/100|[from] Spikes\n|move|p2a: MYCAH|Thunderbolt|p1a: Dugtrio\n|-immune|p1a: Dugtrio\n|\n|-weather|Sandstorm|[upkeep]\n|-damage|p2a: MYCAH|69/100|[from] Sandstorm\n|-heal|p2a: MYCAH|75/100|[from] item: Leftovers\n|upkeep\n|turn|26\n|\n|t:|1771206859\n|switch|p1a: Blissey|Blissey, F|87/100\n|-damage|p1a: Blissey|63/100|[from] Spikes\n|move|p2a: MYCAH|Hidden Power|p1a: Blissey\n|-damage|p1a: Blissey|54/100\n|\n|-weather|Sandstorm|[upkeep]\n|-damage|p2a: MYCAH|69/100|[from] Sandstorm\n|-damage|p1a: Blissey|48/100|[from] Sandstorm\n|-heal|p2a: MYCAH|75/100|[from] item: Leftovers\n|-heal|p1a: Blissey|54/100|[from] item: Leftovers\n|upkeep\n|turn|27\n|\n|t:|1771206865\n|switch|p2a: Tyranitar|Tyranitar, M|100/100\n|-damage|p2a: Tyranitar|88/100|[from] Spikes\n|move|p1a: Blissey|Soft-Boiled|p1a: Blissey\n|-heal|p1a: Blissey|100/100\n|\n|-weather|Sandstorm|[upkeep]\n|-damage|p1a: Blissey|94/100|[from] Sandstorm\n|-heal|p2a: Tyranitar|94/100|[from] item: Leftovers\n|-heal|p1a: Blissey|100/100|[from] item: Leftovers\n|upkeep\n|turn|28\n|\n|t:|1771206870\n|switch|p1a: Dugtrio|Dugtrio, F|1/100\n|-damage|p1a: Dugtrio|0 fnt|[from] Spikes\n|faint|p1a: Dugtrio\n|\n|t:|1771206871\n|switch|p1a: Milotic|Milotic, F|100/100\n|-damage|p1a: Milotic|76/100|[from] Spikes\n|\n|-weather|Sandstorm|[upkeep]\n|-damage|p1a: Milotic|70/100|[from] Sandstorm\n|-heal|p1a: Milotic|76/100|[from] item: Leftovers\n|-heal|p2a: Tyranitar|100/100|[from] item: Leftovers\n|upkeep\n|turn|29\n|\n|t:|1771206879\n|move|p1a: Milotic|Surf|p2a: Tyranitar\n|-supereffective|p2a: Tyranitar\n|-damage|p2a: Tyranitar|49/100\n|move|p2a: Tyranitar|Rock Slide|p1a: Milotic\n|-damage|p1a: Milotic|42/100\n|\n|-weather|Sandstorm|[upkeep]\n|-damage|p1a: Milotic|36/100|[from] Sandstorm\n|-heal|p1a: Milotic|42/100|[from] item: Leftovers\n|-heal|p2a: Tyranitar|55/100|[from] item: Leftovers\n|upkeep\n|turn|30\n|\n|t:|1771206885\n|move|p1a: Milotic|Recover|p1a: Milotic\n|-heal|p1a: Milotic|92/100\n|move|p2a: Tyranitar|Rock Slide|p1a: Milotic|[miss]\n|-miss|p2a: Tyranitar|p1a: Milotic\n|\n|-weather|Sandstorm|[upkeep]\n|-damage|p1a: Milotic|86/100|[from] Sandstorm\n|-heal|p1a: Milotic|92/100|[from] item: Leftovers\n|-heal|p2a: Tyranitar|61/100|[from] item: Leftovers\n|upkeep\n|turn|31\n|\n|t:|1771206887\n|move|p1a: Milotic|Surf|p2a: Tyranitar\n|-supereffective|p2a: Tyranitar\n|-damage|p2a: Tyranitar|9/100\n|move|p2a: Tyranitar|Rock Slide|p1a: Milotic\n|-damage|p1a: Milotic|58/100\n|\n|-weather|Sandstorm|[upkeep]\n|-damage|p1a: Milotic|52/100|[from] Sandstorm\n|-heal|p1a: Milotic|58/100|[from] item: Leftovers\n|-heal|p2a: Tyranitar|16/100|[from] item: Leftovers\n|upkeep\n|turn|32\n|\n|t:|1771206895\n|-singleturn|p2a: Tyranitar|move: Focus Punch\n|move|p1a: Milotic|Recover|p1a: Milotic\n|-heal|p1a: Milotic|100/100\n|move|p2a: Tyranitar|Focus Punch|p1a: Milotic\n|-damage|p1a: Milotic|56/100\n|\n|-weather|Sandstorm|[upkeep]\n|-damage|p1a: Milotic|50/100|[from] Sandstorm\n|-heal|p1a: Milotic|56/100|[from] item: Leftovers\n|-heal|p2a: Tyranitar|22/100|[from] item: Leftovers\n|upkeep\n|turn|33\n|\n|t:|1771206899\n|-singleturn|p2a: Tyranitar|move: Focus Punch\n|move|p1a: Milotic|Recover|p1a: Milotic\n|-heal|p1a: Milotic|100/100\n|move|p2a: Tyranitar|Focus Punch|p1a: Milotic\n|-damage|p1a: Milotic|58/100\n|\n|-weather|Sandstorm|[upkeep]\n|-damage|p1a: Milotic|52/100|[from] Sandstorm\n|-heal|p1a: Milotic|58/100|[from] item: Leftovers\n|-heal|p2a: Tyranitar|28/100|[from] item: Leftovers\n|upkeep\n|turn|34\n|\n|t:|1771206902\n|-singleturn|p2a: Tyranitar|move: Focus Punch\n|move|p1a: Milotic|Surf|p2a: Tyranitar\n|-supereffective|p2a: Tyranitar\n|-damage|p2a: Tyranitar|0 fnt\n|faint|p2a: Tyranitar\n|\n|t:|1771206909\n|switch|p2a: MYCAH|Jolteon, F|75/100\n|-damage|p2a: MYCAH|63/100|[from] Spikes\n|\n|-weather|Sandstorm|[upkeep]\n|-damage|p2a: MYCAH|57/100|[from] Sandstorm\n|-damage|p1a: Milotic|52/100|[from] Sandstorm\n|-heal|p2a: MYCAH|63/100|[from] item: Leftovers\n|-heal|p1a: Milotic|58/100|[from] item: Leftovers\n|upkeep\n|turn|35\n|\n|t:|1771206919\n|move|p2a: MYCAH|Thunderbolt|p1a: Milotic\n|-supereffective|p1a: Milotic\n|-damage|p1a: Milotic|0 fnt\n|faint|p1a: Milotic\n|\n|t:|1771206920\n|switch|p1a: Blissey|Blissey, F|100/100\n|-damage|p1a: Blissey|76/100|[from] Spikes\n|\n|-weather|Sandstorm|[upkeep]\n|-damage|p2a: MYCAH|57/100|[from] Sandstorm\n|-damage|p1a: Blissey|69/100|[from] Sandstorm\n|-heal|p2a: MYCAH|63/100|[from] item: Leftovers\n|-heal|p1a: Blissey|76/100|[from] item: Leftovers\n|upkeep\n|turn|36\n|\n|t:|1771206926\n|move|p2a: MYCAH|Thunder Wave|p1a: Blissey\n|-status|p1a: Blissey|par\n|move|p1a: Blissey|Soft-Boiled|p1a: Blissey\n|-heal|p1a: Blissey|100/100 par\n|\n|-weather|Sandstorm|[upkeep]\n|-damage|p2a: MYCAH|57/100|[from] Sandstorm\n|-damage|p1a: Blissey|94/100 par|[from] Sandstorm\n|-heal|p2a: MYCAH|63/100|[from] item: Leftovers\n|-heal|p1a: Blissey|100/100 par|[from] item: Leftovers\n|upkeep\n|turn|37\n|\n|t:|1771206930\n|switch|p2a: Metagross|Metagross|100/100\n|-damage|p2a: Metagross|88/100|[from] Spikes\n|move|p1a: Blissey|Seismic Toss|p2a: Metagross\n|-damage|p2a: Metagross|57/100\n|\n|-weather|Sandstorm|[upkeep]\n|-damage|p1a: Blissey|94/100 par|[from] Sandstorm\n|-heal|p1a: Blissey|100/100 par|[from] item: Leftovers\n|upkeep\n|turn|38\n|\n|t:|1771206940\n|move|p2a: Metagross|Meteor Mash|p1a: Blissey\n|-damage|p1a: Blissey|22/100 par\n|cant|p1a: Blissey|par\n|\n|-weather|Sandstorm|[upkeep]\n|-damage|p1a: Blissey|15/100 par|[from] Sandstorm\n|-heal|p1a: Blissey|22/100 par|[from] item: Leftovers\n|upkeep\n|turn|39\n|-message|newguy213 forfeited.\n|\n|win|AliceTASC\n|raw|newguy213's rating: 1556 &rarr; <strong>1534</strong><br />(-22 for losing)\n|raw|AliceTASC's rating: 1514 &rarr; <strong>1536</strong><br />(+22 for winning)\n|l|☆newguy213\n|player|p1|\n", "uploadtime": 1771206949, "views": 45, "formatid": "gen3ou", "rating": 1534, "private": 0, "password": null}