{"id": "gen5ou-2539863758", "format": "[Gen 5] OU", "players": ["charlie kou", "chundee galaxy"], "log": "|j|☆charlie kou\n|j|☆chundee galaxy\n|t:|1771119238\n|gametype|singles\n|player|p1|charlie kou|lyra|1612\n|player|p2|chundee galaxy|alder|1552\n|gen|5\n|tier|[Gen 5] OU\n|rated|\n|rule|Species Clause: Limit one of each Pokémon\n|rule|OHKO Clause: OHKO moves are banned\n|rule|Moody Clause: Moody is banned\n|rule|Evasion Items Clause: Evasion items are banned\n|rule|Evasion Moves Clause: Evasion moves are banned\n|rule|Endless Battle Clause: Forcing endless battles is banned\n|rule|HP Percentage Mod: HP is shown in percentages\n|rule|Evasion Abilities Clause: Evasion abilities are banned\n|rule|Sleep Moves Clause: Sleep-inducing moves are banned\n|rule|Swagger Clause: Swagger is banned\n|rule|Baton Pass Stat Clause: No Baton Passer may have a way to boost its stats\n|clearpoke\n|poke|p1|Toxicroak, F|item\n|poke|p1|Mew|item\n|poke|p1|Jolteon, F|item\n|poke|p1|Conkeldurr, M|item\n|poke|p1|Jirachi|item\n|poke|p1|Landorus-Therian, M|item\n|poke|p2|Breloom, F|item\n|poke|p2|Scizor, F|item\n|poke|p2|Heracross, F|item\n|poke|p2|Alakazam, F|item\n|poke|p2|Gengar, M|item\n|poke|p2|Garchomp, M|item\n|teampreview\n|inactive|Battle timer is ON: inactive players will automatically lose when time's up. (requested by charlie kou)\n|inactive|charlie kou has 120 seconds left.\n|\n|t:|1771119279\n|teamsize|p1|6\n|teamsize|p2|6\n|start\n|switch|p1a: Jirachi|Jirachi|100/100\n|switch|p2a: Garchomp|Garchomp, M|100/100\n|turn|1\n|\n|t:|1771119286\n|move|p2a: Garchomp|Earthquake|p1a: Jirachi\n|-supereffective|p1a: Jirachi\n|-enditem|p1a: Jirachi|Shuca Berry|[eat]\n|-enditem|p1a: Jirachi|Shuca Berry|[weaken]\n|-damage|p1a: Jirachi|50/100\n|-damage|p2a: Garchomp|91/100|[from] item: Life Orb\n|move|p1a: Jirachi|Icy Wind|p2a: Garchomp\n|-supereffective|p2a: Garchomp\n|-damage|p2a: Garchomp|25/100\n|-unboost|p2a: Garchomp|spe|1\n|\n|upkeep\n|turn|2\n|\n|t:|1771119298\n|switch|p2a: Scizor|Scizor, F|100/100\n|move|p1a: Jirachi|Stealth Rock|p2a: Scizor\n|-sidestart|p2: chundee galaxy|move: Stealth Rock\n|\n|upkeep\n|turn|3\n|\n|t:|1771119303\n|move|p2a: Scizor|U-turn|p1a: Jirachi\n|-damage|p1a: Jirachi|17/100\n|\n|t:|1771119315\n|switch|p2a: Garchomp|Garchomp, M|25/100|[from] U-turn\n|-damage|p2a: Garchomp|18/100|[from] Stealth Rock\n|move|p1a: Jirachi|Hidden Power|p2a: Garchomp\n|-resisted|p2a: Garchomp\n|-damage|p2a: Garchomp|7/100\n|\n|upkeep\n|turn|4\n|\n|t:|1771119330\n|move|p2a: Garchomp|Stealth Rock|p1a: Jirachi\n|-sidestart|p1: charlie kou|move: Stealth Rock\n|move|p1a: Jirachi|Icy Wind|p2a: Garchomp\n|-supereffective|p2a: Garchomp\n|-damage|p2a: Garchomp|0 fnt\n|faint|p2a: Garchomp\n|\n|upkeep\n|\n|t:|1771119337\n|switch|p2a: Scizor|Scizor, F|100/100\n|-damage|p2a: Scizor|88/100|[from] Stealth Rock\n|turn|5\n|\n|t:|1771119341\n|move|p2a: Scizor|U-turn|p1a: Jirachi\n|-damage|p1a: Jirachi|0 fnt\n|faint|p1a: Jirachi\n|\n|t:|1771119353\n|switch|p2a: Alakazam|Alakazam, F|100/100|[from] U-turn\n|\n|upkeep\n|inactive|charlie kou has 120 seconds left.\n|\n|t:|1771119393\n|switch|p1a: Jolteon|Jolteon, F|100/100\n|-damage|p1a: Jolteon|88/100|[from] Stealth Rock\n|turn|6\n|\n|t:|1771119406\n|move|p1a: Jolteon|Thunderbolt|p2a: Alakazam\n|-damage|p2a: Alakazam|28/100\n|move|p2a: Alakazam|Psychic|p1a: Jolteon\n|-damage|p1a: Jolteon|30/100\n|\n|upkeep\n|turn|7\n|\n|t:|1771119413\n|switch|p2a: Breloom|Breloom, F|100/100\n|-damage|p2a: Breloom|94/100|[from] Stealth Rock\n|move|p1a: Jolteon|Thunderbolt|p2a: Breloom\n|-resisted|p2a: Breloom\n|-damage|p2a: Breloom|44/100\n|\n|upkeep\n|turn|8\n|\n|t:|1771119420\n|switch|p1a: Landorus|Landorus-Therian, M|100/100\n|-damage|p1a: Landorus|88/100|[from] Stealth Rock\n|-ability|p1a: Landorus|Intimidate|boost\n|-unboost|p2a: Breloom|atk|1\n|move|p2a: Breloom|Mach Punch|p1a: Landorus\n|-resisted|p1a: Landorus\n|-damage|p1a: Landorus|70/100\n|\n|-heal|p1a: Landorus|76/100|[from] item: Leftovers\n|upkeep\n|turn|9\n|\n|t:|1771119440\n|switch|p2a: Alakazam|Alakazam, F|28/100\n|move|p1a: Landorus|U-turn|p2a: Alakazam\n|-supereffective|p2a: Alakazam\n|-damage|p2a: Alakazam|0 fnt\n|faint|p2a: Alakazam\n|inactive|charlie kou has 120 seconds left.\n|\n|t:|1771119470\n|switch|p1a: Conkeldurr|Conkeldurr, M|100/100|[from] U-turn\n|-damage|p1a: Conkeldurr|94/100|[from] Stealth Rock\n|\n|-heal|p1a: Conkeldurr|100/100|[from] item: Leftovers\n|upkeep\n|\n|t:|1771119481\n|switch|p2a: Gengar|Gengar, M|100/100\n|-damage|p2a: Gengar|88/100|[from] Stealth Rock\n|turn|10\n|\n|t:|1771119490\n|move|p2a: Gengar|Will-O-Wisp|p1a: Conkeldurr\n|-status|p1a: Conkeldurr|brn\n|move|p1a: Conkeldurr|Payback|p2a: Gengar\n|-supereffective|p2a: Gengar\n|-crit|p2a: Gengar\n|-damage|p2a: Gengar|0 fnt\n|faint|p2a: Gengar\n|\n|-damage|p1a: Conkeldurr|88/100 brn|[from] brn\n|upkeep\n|j| grtushi\n|\n|t:|1771119500\n|switch|p2a: Heracross|Heracross, F|100/100\n|-damage|p2a: Heracross|88/100|[from] Stealth Rock\n|turn|11\n|\n|t:|1771119506\n|move|p2a: Heracross|Close Combat|p1a: Conkeldurr\n|-damage|p1a: Conkeldurr|37/100 brn\n|-unboost|p2a: Heracross|def|1\n|-unboost|p2a: Heracross|spd|1\n|move|p1a: Conkeldurr|Drain Punch|p2a: Heracross\n|-resisted|p2a: Heracross\n|-damage|p2a: Heracross|33/100\n|-heal|p1a: Conkeldurr|57/100 brn|[from] drain|[of] p2a: Heracross\n|\n|-heal|p1a: Conkeldurr|63/100 brn|[from] item: Leftovers\n|-damage|p1a: Conkeldurr|51/100 brn|[from] brn\n|upkeep\n|turn|12\n|\n|t:|1771119523\n|move|p1a: Conkeldurr|Mach Punch|p2a: Heracross\n|-resisted|p2a: Heracross\n|-damage|p2a: Heracross|5/100\n|move|p2a: Heracross|Close Combat|p1a: Conkeldurr\n|-damage|p1a: Conkeldurr|0 fnt\n|-unboost|p2a: Heracross|def|1\n|-unboost|p2a: Heracross|spd|1\n|faint|p1a: Conkeldurr\n|-ability|p2a: Heracross|Moxie|boost\n|-boost|p2a: Heracross|atk|1\n|\n|upkeep\n|\n|t:|1771119528\n|switch|p1a: Jolteon|Jolteon, F|30/100\n|-damage|p1a: Jolteon|17/100|[from] Stealth Rock\n|turn|13\n|\n|t:|1771119536\n|move|p1a: Jolteon|Thunderbolt|p2a: Heracross\n|-damage|p2a: Heracross|0 fnt\n|faint|p2a: Heracross\n|\n|upkeep\n|\n|t:|1771119541\n|switch|p2a: Breloom|Breloom, F|44/100\n|-damage|p2a: Breloom|38/100|[from] Stealth Rock\n|turn|14\n|\n|t:|1771119544\n|move|p2a: Breloom|Mach Punch|p1a: Jolteon\n|-damage|p1a: Jolteon|0 fnt\n|faint|p1a: Jolteon\n|\n|upkeep\n|\n|t:|1771119551\n|switch|p1a: Toxicroak|Toxicroak, F|100/100\n|-damage|p1a: Toxicroak|94/100|[from] Stealth Rock\n|-item|p1a: Toxicroak|Air Balloon\n|turn|15\n|\n|t:|1771119556\n|move|p2a: Breloom|Mach Punch|p1a: Toxicroak\n|-resisted|p1a: Toxicroak\n|-damage|p1a: Toxicroak|54/100\n|-enditem|p1a: Toxicroak|Air Balloon\n|move|p1a: Toxicroak|Swords Dance|p1a: Toxicroak\n|-boost|p1a: Toxicroak|atk|2\n|\n|upkeep\n|turn|16\n|\n|t:|1771119565\n|move|p1a: Toxicroak|Sucker Punch|p2a: Breloom\n|-resisted|p2a: Breloom\n|-damage|p2a: Breloom|0 fnt\n|faint|p2a: Breloom\n|\n|upkeep\n|c|☆chundee galaxy|gg\n|c|☆charlie kou|gg\n|\n|t:|1771119570\n|switch|p2a: Scizor|Scizor, F|88/100\n|-damage|p2a: Scizor|76/100|[from] Stealth Rock\n|turn|17\n|\n|t:|1771119575\n|move|p2a: Scizor|Bullet Punch|p1a: Toxicroak\n|-damage|p1a: Toxicroak|8/100\n|move|p1a: Toxicroak|Drain Punch|p2a: Scizor\n|-damage|p2a: Scizor|0 fnt\n|-heal|p1a: Toxicroak|42/100|[from] drain|[of] p2a: Scizor\n|faint|p2a: Scizor\n|\n|win|charlie kou\n|raw|charlie kou's rating: 1612 &rarr; <strong>1629</strong><br />(+17 for winning)\n|raw|chundee galaxy's rating: 1552 &rarr; <strong>1535</strong><br />(-17 for losing)\n|l|☆chundee galaxy\n|player|p2|\n|l|☆charlie kou\n|player|p1|\n", "uploadtime": 1771119675, "views": 108, "formatid": "gen5ou", "rating": 1535, "private": 0, "password": null}