{"id": "gen5ou-2539756074", "format": "[Gen 5] OU", "players": ["some bruh stuff", "chundee galaxy"], "log": "|j|☆some bruh stuff\n|j|☆chundee galaxy\n|t:|1771104972\n|gametype|singles\n|player|p1|some bruh stuff|1|1495\n|player|p2|chundee galaxy|alder|1571\n|gen|5\n|tier|[Gen 5] OU\n|rated|\n|rule|Species Clause: Limit one of each Pokémon\n|rule|OHKO Clause: OHKO moves are banned\n|rule|Moody Clause: Moody is banned\n|rule|Evasion Items Clause: Evasion items are banned\n|rule|Evasion Moves Clause: Evasion moves are banned\n|rule|Endless Battle Clause: Forcing endless battles is banned\n|rule|HP Percentage Mod: HP is shown in percentages\n|rule|Evasion Abilities Clause: Evasion abilities are banned\n|rule|Sleep Moves Clause: Sleep-inducing moves are banned\n|rule|Swagger Clause: Swagger is banned\n|rule|Baton Pass Stat Clause: No Baton Passer may have a way to boost its stats\n|clearpoke\n|poke|p1|Lucario, F|item\n|poke|p1|Latios, M|item\n|poke|p1|Breloom, M|item\n|poke|p1|Dragonite, M|item\n|poke|p1|Jirachi|item\n|poke|p1|Garchomp, M|item\n|poke|p2|Breloom, M|item\n|poke|p2|Scizor, F|item\n|poke|p2|Heracross, M|item\n|poke|p2|Alakazam, F|item\n|poke|p2|Gengar, M|item\n|poke|p2|Garchomp, M|item\n|teampreview\n|c|☆some bruh stuff|gl\n|c|☆some bruh stuff|hf\n|c|☆some bruh stuff|hahah\n|c|☆chundee galaxy|hey lol\n|c|☆some bruh stuff|5th time today mate\n|c|☆chundee galaxy|no one else play sthis lmao\n|c|☆some bruh stuff|lol\n|\n|t:|1771104998\n|teamsize|p1|6\n|teamsize|p2|6\n|start\n|switch|p1a: Latios|Latios, M|100/100\n|switch|p2a: Garchomp|Garchomp, M|100/100\n|turn|1\n|\n|t:|1771105004\n|switch|p2a: Scizor|Scizor, F|100/100\n|move|p1a: Latios|Dragon Pulse|p2a: Scizor\n|-resisted|p2a: Scizor\n|-crit|p2a: Scizor\n|-damage|p2a: Scizor|30/100\n|\n|upkeep\n|turn|2\n|\n|t:|1771105013\n|switch|p1a: Lucario|Lucario, F|100/100\n|move|p2a: Scizor|U-turn|p1a: Lucario\n|-resisted|p1a: Lucario\n|-crit|p1a: Lucario\n|-damage|p1a: Lucario|71/100\n|\n|t:|1771105019\n|switch|p2a: Garchomp|Garchomp, M|100/100|[from] U-turn\n|\n|upkeep\n|turn|3\n|\n|t:|1771105023\n|move|p2a: Garchomp|Stealth Rock|p1a: Lucario\n|-sidestart|p1: some bruh stuff|move: Stealth Rock\n|move|p1a: Lucario|Ice Punch|p2a: Garchomp\n|-supereffective|p2a: Garchomp\n|-crit|p2a: Garchomp\n|-damage|p2a: Garchomp|0 fnt\n|-damage|p1a: Lucario|59/100|[from] ability: Rough Skin|[of] p2a: Garchomp\n|faint|p2a: Garchomp\n|-damage|p1a: Lucario|49/100|[from] item: Life Orb\n|\n|upkeep\n|\n|t:|1771105032\n|switch|p2a: Gengar|Gengar, M|100/100\n|turn|4\n|\n|t:|1771105038\n|switch|p1a: Jirachi|Jirachi|100/100\n|-damage|p1a: Jirachi|94/100|[from] Stealth Rock\n|move|p2a: Gengar|Focus Blast|p1a: Jirachi|[miss]\n|-miss|p2a: Gengar|p1a: Jirachi\n|\n|upkeep\n|turn|5\n|j| yoouhuh\n|\n|t:|1771105051\n|switch|p2a: Scizor|Scizor, F|30/100\n|move|p1a: Jirachi|Icy Wind|p2a: Scizor\n|-resisted|p2a: Scizor\n|-damage|p2a: Scizor|17/100\n|-unboost|p2a: Scizor|spe|1\n|\n|upkeep\n|turn|6\n|\n|t:|1771105060\n|move|p1a: Jirachi|Hidden Power|p2a: Scizor\n|-supereffective|p2a: Scizor\n|-damage|p2a: Scizor|0 fnt\n|faint|p2a: Scizor\n|\n|upkeep\n|\n|t:|1771105072\n|switch|p2a: Heracross|Heracross, M|100/100\n|turn|7\n|\n|t:|1771105080\n|move|p2a: Heracross|Close Combat|p1a: Jirachi\n|-damage|p1a: Jirachi|38/100\n|-unboost|p2a: Heracross|def|1\n|-unboost|p2a: Heracross|spd|1\n|move|p1a: Jirachi|Icy Wind|p2a: Heracross\n|-damage|p2a: Heracross|70/100\n|-unboost|p2a: Heracross|spe|1\n|\n|upkeep\n|turn|8\n|\n|t:|1771105089\n|move|p1a: Jirachi|Hidden Power|p2a: Heracross\n|-supereffective|p2a: Heracross\n|-damage|p2a: Heracross|0 fnt\n|faint|p2a: Heracross\n|\n|upkeep\n|\n|t:|1771105095\n|switch|p2a: Gengar|Gengar, M|100/100\n|turn|9\n|\n|t:|1771105098\n|move|p2a: Gengar|Shadow Ball|p1a: Jirachi\n|-damage|p1a: Jirachi|0 fnt\n|faint|p1a: Jirachi\n|-damage|p2a: Gengar|90/100|[from] item: Life Orb\n|\n|upkeep\n|\n|t:|1771105101\n|switch|p1a: Latios|Latios, M|100/100\n|-damage|p1a: Latios|88/100|[from] Stealth Rock\n|turn|10\n|c|☆chundee galaxy|yea you won\n|\n|t:|1771105116\n|move|p1a: Latios|Draco Meteor|p2a: Gengar\n|-damage|p2a: Gengar|0 fnt\n|-unboost|p1a: Latios|spa|2\n|faint|p2a: Gengar\n|\n|upkeep\n|\n|t:|1771105122\n|switch|p2a: Alakazam|Alakazam, F|100/100\n|turn|11\n|c|☆some bruh stuff|gg mate\n|\n|t:|1771105127\n|switch|p1a: Garchomp|Garchomp, M|100/100\n|-damage|p1a: Garchomp|94/100|[from] Stealth Rock\n|move|p2a: Alakazam|Shadow Ball|p1a: Garchomp\n|-damage|p1a: Garchomp|63/100\n|\n|upkeep\n|turn|12\n|c|☆chundee galaxy|gg\n|\n|t:|1771105134\n|move|p2a: Alakazam|Hidden Power|p1a: Garchomp\n|-supereffective|p1a: Garchomp\n|-damage|p1a: Garchomp|0 fnt\n|faint|p1a: Garchomp\n|\n|upkeep\n|\n|t:|1771105143\n|switch|p1a: Lucario|Lucario, F|49/100\n|-damage|p1a: Lucario|46/100|[from] Stealth Rock\n|turn|13\n|\n|t:|1771105147\n|move|p1a: Lucario|Extreme Speed|p2a: Alakazam\n|-damage|p2a: Alakazam|7/100\n|-damage|p1a: Lucario|36/100|[from] item: Life Orb\n|move|p2a: Alakazam|Psychic|p1a: Lucario\n|-crit|p1a: Lucario\n|-damage|p1a: Lucario|0 fnt\n|faint|p1a: Lucario\n|\n|upkeep\n|\n|t:|1771105150\n|switch|p1a: Breloom|Breloom, M|100/100\n|-damage|p1a: Breloom|95/100|[from] Stealth Rock\n|turn|14\n|\n|t:|1771105159\n|move|p1a: Breloom|Mach Punch|p2a: Alakazam\n|-resisted|p2a: Alakazam\n|-damage|p2a: Alakazam|0 fnt\n|faint|p2a: Alakazam\n|-damage|p1a: Breloom|85/100|[from] item: Life Orb\n|\n|upkeep\n|\n|t:|1771105165\n|switch|p2a: Breloom|Breloom, M|100/100\n|turn|15\n|\n|t:|1771105167\n|move|p2a: Breloom|Mach Punch|p1a: Breloom\n|-damage|p1a: Breloom|9/100\n|move|p1a: Breloom|Mach Punch|p2a: Breloom\n|-damage|p2a: Breloom|33/100\n|-damage|p1a: Breloom|0 fnt|[from] item: Life Orb\n|faint|p1a: Breloom\n|\n|upkeep\n|\n|t:|1771105173\n|switch|p1a: Latios|Latios, M|88/100\n|-damage|p1a: Latios|76/100|[from] Stealth Rock\n|turn|16\n|\n|t:|1771105178\n|move|p2a: Breloom|Mach Punch|p1a: Latios\n|-resisted|p1a: Latios\n|-damage|p1a: Latios|38/100\n|move|p1a: Latios|Dragon Pulse|p2a: Breloom\n|-damage|p2a: Breloom|0 fnt\n|faint|p2a: Breloom\n|\n|win|some bruh stuff\n|raw|some bruh stuff's rating: 1495 &rarr; <strong>1519</strong><br />(+24 for winning)\n|raw|chundee galaxy's rating: 1571 &rarr; <strong>1547</strong><br />(-24 for losing)\n|c|☆some bruh stuff|my stance on your team remains\n|c|☆some bruh stuff|i love it\n|c|☆some bruh stuff|is so original\n|c|☆chundee galaxy|yea im trying to get better at using it\n|c|☆some bruh stuff|the heracross is just aura farming\n|c|☆some bruh stuff|bro do u have dc\n|c|☆chundee galaxy|ill get to the top of the ladder with it\n|c|☆some bruh stuff|yess thats my purpose with my team too\n|c|☆chundee galaxy|no i dont really us dc\n|c|☆some bruh stuff|well, it could be interesting to build some nice stuff\n|c|☆some bruh stuff|some original dogs\n|c|☆chundee galaxy|adv ou lets you go offensively free\n|l|☆chundee galaxy\n|player|p2|\n|c|☆some bruh stuff|yeah Ive played it\n|c|☆some bruh stuff|im done for today guys\n|c|☆some bruh stuff|gotta train\n|c|☆some bruh stuff|;)\n|n| gbye bud|yoouhuh\n", "uploadtime": 1771105185, "views": 121, "formatid": "gen5ou", "rating": 1519, "private": 0, "password": null}