{"id": "gen9monotype-2638471559", "format": "[Gen 9] Monotype", "players": ["mirroqui", "MRT626 Kit"], "log": "|raw|<div class=\"broadcast-blue\"><strong>This battle is required to be public due to a player having a name starting with 'mrt626'.</div>\n|j|☆mirroqui\n|j|☆MRT626 Kit\n|t:|1782329835\n|gametype|singles\n|player|p1|mirroqui|marley|1608\n|player|p2|MRT626 Kit|wallace-masters|1531\n|gen|9\n|tier|[Gen 9] Monotype\n|rated|\n|rule|HP Percentage Mod: HP is shown in percentages\n|rule|Endless Battle Clause: Forcing endless battles is banned\n|rule|Sleep Clause Mod: Limit one foe put to sleep\n|rule|Species Clause: Limit one of each Pokémon\n|rule|OHKO Clause: OHKO moves are banned\n|rule|Evasion Items Clause: Evasion items are banned\n|rule|Evasion Moves Clause: Evasion moves are banned\n|rule|Evasion Abilities Clause: Evasion abilities are banned\n|rule|Same Type Clause: Pokémon in a team must share a type\n|rule|Terastal Clause: You cannot Terastallize\n|clearpoke\n|poke|p1|Iron Valiant|\n|poke|p1|Great Tusk|\n|poke|p1|Iron Hands|\n|poke|p1|Urshifu-*, F|\n|poke|p1|Sneasler, M|\n|poke|p1|Gallade, M|\n|poke|p2|Archaludon, F|\n|poke|p2|Goodra-Hisui, M|\n|poke|p2|Roaring Moon|\n|poke|p2|Dragapult, M|\n|poke|p2|Latios, M|\n|poke|p2|Raging Bolt|\n|teampreview\n|inactive|Battle timer is ON: inactive players will automatically lose when time's up. (requested by MRT626 Kit)\n|j| Jeff Monotype\n|j|+style.css\n|c| Jeff Monotype|nice ava kit\n|c| Jeff Monotype|never seen that one before\n|c|☆mirroqui|heh thanks\n|c|☆MRT626 Kit|o7\n|c|☆mirroqui|nice double steel set\n|inactive|MRT626 Kit has 120 seconds left.\n|c| Jeff Monotype|yours is cute too mirro\n|c|☆mirroqui|oh\n|\n|t:|1782329875\n|teamsize|p1|6\n|teamsize|p2|6\n|start\n|switch|p1a: Iron Hands|Iron Hands|100/100\n|switch|p2a: Roaring Moon|Roaring Moon|100/100\n|turn|1\n|c|☆mirroqui|still thank you!\n|\n|t:|1782329880\n|move|p2a: Roaring Moon|U-turn|p1a: Iron Hands\n|-resisted|p1a: Iron Hands\n|-damage|p1a: Iron Hands|93/100\n|c| Jeff Monotype|mhmm\n|j| MRT626Ghastlevania\n|\n|t:|1782329905\n|-end|p2a: Roaring Moon|Protosynthesis|[silent]\n|switch|p2a: Archaludon|Archaludon, F|100/100|[from] U-turn\n|move|p1a: Iron Hands|Drain Punch|p2a: Archaludon\n|-supereffective|p2a: Archaludon\n|-damage|p2a: Archaludon|61/100\n|-heal|p1a: Iron Hands|100/100|[from] drain|[of] p2a: Archaludon\n|-ability|p2a: Archaludon|Stamina|boost\n|-boost|p2a: Archaludon|def|1\n|\n|-heal|p2a: Archaludon|67/100|[from] item: Leftovers\n|upkeep\n|turn|2\n|\n|t:|1782329910\n|move|p2a: Archaludon|Stealth Rock|p1a: Iron Hands\n|-sidestart|p1: mirroqui|move: Stealth Rock\n|move|p1a: Iron Hands|Volt Switch|p2a: Archaludon\n|-resisted|p2a: Archaludon\n|-damage|p2a: Archaludon|59/100\n|-ability|p2a: Archaludon|Stamina|boost\n|-boost|p2a: Archaludon|def|1\n|\n|t:|1782329914\n|-end|p1a: Iron Hands|Quark Drive|[silent]\n|switch|p1a: Gallade|Gallade, M|100/100|[from] Volt Switch\n|-damage|p1a: Gallade|94/100|[from] Stealth Rock\n|\n|-heal|p2a: Archaludon|65/100|[from] item: Leftovers\n|upkeep\n|turn|3\n|\n|t:|1782329922\n|switch|p2a: Dragapult|Dragapult, M|100/100\n|move|p1a: Gallade|Sacred Sword|p2a: Dragapult\n|-immune|p2a: Dragapult\n|\n|upkeep\n|turn|4\n|c| Jeff Monotype|wallace is just an amazing character\n|\n|t:|1782329940\n|switch|p2a: Roaring Moon|Roaring Moon|100/100\n|switch|p1a: Great Tusk|Great Tusk|100/100\n|-damage|p1a: Great Tusk|97/100|[from] Stealth Rock\n|\n|-heal|p1a: Great Tusk|100/100|[from] item: Leftovers\n|upkeep\n|turn|5\n|c|☆MRT626 Kit|tucker solos\n|\n|t:|1782329948\n|move|p2a: Roaring Moon|U-turn|p1a: Great Tusk\n|-resisted|p1a: Great Tusk\n|-damage|p1a: Great Tusk|94/100\n|\n|t:|1782329950\n|-end|p2a: Roaring Moon|Protosynthesis|[silent]\n|switch|p2a: Dragapult|Dragapult, M|100/100|[from] U-turn\n|move|p1a: Great Tusk|Stealth Rock|p2a: Dragapult\n|-sidestart|p2: MRT626 Kit|move: Stealth Rock\n|\n|-heal|p1a: Great Tusk|100/100|[from] item: Leftovers\n|upkeep\n|turn|6\n|l|+style.css\n|\n|t:|1782329954\n|move|p2a: Dragapult|Draco Meteor|p1a: Great Tusk\n|-damage|p1a: Great Tusk|0 fnt\n|-unboost|p2a: Dragapult|spa|2\n|faint|p1a: Great Tusk\n|-end|p1a: Great Tusk|Protosynthesis|[silent]\n|\n|upkeep\n|\n|t:|1782329958\n|switch|p1a: Urshifu|Urshifu-Rapid-Strike, F|100/100\n|-damage|p1a: Urshifu|94/100|[from] Stealth Rock\n|turn|7\n|\n|t:|1782329979\n|switch|p2a: Archaludon|Archaludon, F|65/100\n|-damage|p2a: Archaludon|59/100|[from] Stealth Rock\n|move|p1a: Urshifu|Swords Dance|p1a: Urshifu\n|-boost|p1a: Urshifu|atk|2\n|\n|-heal|p2a: Archaludon|65/100|[from] item: Leftovers\n|upkeep\n|turn|8\n|\n|t:|1782329984\n|switch|p2a: Dragapult|Dragapult, M|100/100\n|-damage|p2a: Dragapult|88/100|[from] Stealth Rock\n|move|p1a: Urshifu|Close Combat|p2a: Dragapult\n|-immune|p2a: Dragapult\n|\n|upkeep\n|turn|9\n|\n|t:|1782329987\n|move|p2a: Dragapult|Draco Meteor|p1a: Urshifu\n|-damage|p1a: Urshifu|0 fnt\n|-unboost|p2a: Dragapult|spa|2\n|faint|p1a: Urshifu\n|\n|upkeep\n|c|☆mirroqui|specs?\n|\n|t:|1782329996\n|switch|p1a: Iron Valiant|Iron Valiant|100/100\n|-damage|p1a: Iron Valiant|94/100|[from] Stealth Rock\n|turn|10\n|\n|t:|1782329998\n|switch|p2a: Goodra|Goodra-Hisui, M|100/100\n|-damage|p2a: Goodra|94/100|[from] Stealth Rock\n|move|p1a: Iron Valiant|Aura Sphere|p2a: Goodra\n|-supereffective|p2a: Goodra\n|-damage|p2a: Goodra|54/100\n|\n|-heal|p2a: Goodra|60/100|[from] item: Leftovers\n|upkeep\n|turn|11\n|\n|t:|1782330008\n|-end|p1a: Iron Valiant|Quark Drive|[silent]\n|switch|p1a: Gallade|Gallade, M|94/100\n|-damage|p1a: Gallade|88/100|[from] Stealth Rock\n|switch|p2a: Dragapult|Dragapult, M|88/100\n|-damage|p2a: Dragapult|76/100|[from] Stealth Rock\n|\n|upkeep\n|turn|12\n|\n|t:|1782330010\n|move|p2a: Dragapult|Shadow Ball|p1a: Gallade\n|-supereffective|p1a: Gallade\n|-damage|p1a: Gallade|19/100\n|move|p1a: Gallade|Night Slash|p2a: Dragapult\n|-supereffective|p2a: Dragapult\n|-damage|p2a: Dragapult|0 fnt\n|faint|p2a: Dragapult\n|\n|upkeep\n|\n|t:|1782330013\n|switch|p2a: Roaring Moon|Roaring Moon|100/100\n|-damage|p2a: Roaring Moon|88/100|[from] Stealth Rock\n|turn|13\n|\n|t:|1782330016\n|switch|p1a: Iron Hands|Iron Hands|100/100\n|-damage|p1a: Iron Hands|94/100|[from] Stealth Rock\n|move|p2a: Roaring Moon|U-turn|p1a: Iron Hands\n|-resisted|p1a: Iron Hands\n|-damage|p1a: Iron Hands|86/100\n|inactive|MRT626 Kit has 120 seconds left.\n|inactive|MRT626 Kit has 90 seconds left.\n|\n|t:|1782330100\n|-end|p2a: Roaring Moon|Protosynthesis|[silent]\n|switch|p2a: Archaludon|Archaludon, F|65/100|[from] U-turn\n|-damage|p2a: Archaludon|59/100|[from] Stealth Rock\n|\n|-heal|p2a: Archaludon|65/100|[from] item: Leftovers\n|upkeep\n|turn|14\n|inactive|MRT626 Kit has 60 seconds left.\n|\n|t:|1782330136\n|move|p2a: Archaludon|Body Press|p1a: Iron Hands\n|-damage|p1a: Iron Hands|67/100\n|move|p1a: Iron Hands|Volt Switch|p2a: Archaludon\n|-resisted|p2a: Archaludon\n|-damage|p2a: Archaludon|58/100\n|-ability|p2a: Archaludon|Stamina|boost\n|-boost|p2a: Archaludon|def|1\n|\n|t:|1782330141\n|-end|p1a: Iron Hands|Quark Drive|[silent]\n|switch|p1a: Iron Valiant|Iron Valiant|94/100|[from] Volt Switch\n|-damage|p1a: Iron Valiant|88/100|[from] Stealth Rock\n|\n|-heal|p2a: Archaludon|64/100|[from] item: Leftovers\n|upkeep\n|turn|15\n|inactive|MRT626 Kit has 60 seconds left.\n|inactive|MRT626 Kit has 30 seconds left.\n|inactive|MRT626 Kit has 20 seconds left.\n|inactive|MRT626 Kit has 15 seconds left.\n|\n|t:|1782330195\n|switch|p2a: Latios|Latios, M|100/100\n|-damage|p2a: Latios|88/100|[from] Stealth Rock\n|move|p1a: Iron Valiant|Aura Sphere|p2a: Latios\n|-resisted|p2a: Latios\n|-damage|p2a: Latios|69/100\n|\n|upkeep\n|turn|16\n|inactive|MRT626 Kit has 25 seconds left this turn.\n|\n|t:|1782330202\n|-end|p1a: Iron Valiant|Quark Drive|[silent]\n|switch|p1a: Iron Hands|Iron Hands|67/100\n|-damage|p1a: Iron Hands|61/100|[from] Stealth Rock\n|move|p2a: Latios|Luster Purge|p1a: Iron Hands\n|-supereffective|p1a: Iron Hands\n|-damage|p1a: Iron Hands|14/100\n|-unboost|p1a: Iron Hands|spd|1\n|\n|upkeep\n|turn|17\n|\n|t:|1782330207\n|move|p2a: Latios|Luster Purge|p1a: Iron Hands\n|-supereffective|p1a: Iron Hands\n|-damage|p1a: Iron Hands|0 fnt\n|faint|p1a: Iron Hands\n|-end|p1a: Iron Hands|Quark Drive|[silent]\n|\n|upkeep\n|\n|t:|1782330208\n|switch|p1a: Iron Valiant|Iron Valiant|88/100\n|-damage|p1a: Iron Valiant|82/100|[from] Stealth Rock\n|turn|18\n|\n|t:|1782330222\n|switch|p2a: Raging Bolt|Raging Bolt|100/100\n|move|p1a: Iron Valiant|Moonblast|p2a: Raging Bolt\n|-supereffective|p2a: Raging Bolt\n|-damage|p2a: Raging Bolt|13/100\n|\n|upkeep\n|turn|19\n|\n|t:|1782330225\n|move|p2a: Raging Bolt|Thunderclap|p1a: Iron Valiant\n|-damage|p1a: Iron Valiant|11/100\n|move|p1a: Iron Valiant|Moonblast|p2a: Raging Bolt\n|-supereffective|p2a: Raging Bolt\n|-damage|p2a: Raging Bolt|0 fnt\n|faint|p2a: Raging Bolt\n|-end|p2a: Raging Bolt|Protosynthesis|[silent]\n|\n|upkeep\n|\n|t:|1782330230\n|switch|p2a: Roaring Moon|Roaring Moon|88/100\n|-damage|p2a: Roaring Moon|76/100|[from] Stealth Rock\n|turn|20\n|\n|t:|1782330234\n|move|p2a: Roaring Moon|Iron Head|p1a: Iron Valiant\n|-supereffective|p1a: Iron Valiant\n|-damage|p1a: Iron Valiant|0 fnt\n|faint|p1a: Iron Valiant\n|-end|p1a: Iron Valiant|Quark Drive|[silent]\n|\n|upkeep\n|\n|t:|1782330235\n|switch|p1a: Sneasler|Sneasler, M|100/100\n|-damage|p1a: Sneasler|95/100|[from] Stealth Rock\n|-item|p1a: Sneasler|Air Balloon\n|turn|21\n|\n|t:|1782330243\n|-end|p2a: Roaring Moon|Protosynthesis|[silent]\n|switch|p2a: Goodra|Goodra-Hisui, M|60/100\n|-damage|p2a: Goodra|54/100|[from] Stealth Rock\n|move|p1a: Sneasler|Dire Claw|p2a: Goodra\n|-immune|p2a: Goodra\n|\n|-heal|p2a: Goodra|60/100|[from] item: Leftovers\n|upkeep\n|turn|22\n|inactive|MRT626 Kit has 60 seconds left.\n|inactive|MRT626 Kit has 30 seconds left.\n|inactive|MRT626 Kit has 20 seconds left.\n|\n|t:|1782330310\n|move|p1a: Sneasler|Swords Dance|p1a: Sneasler\n|-boost|p1a: Sneasler|atk|2\n|move|p2a: Goodra|Dragon Tail|p1a: Sneasler\n|-damage|p1a: Sneasler|59/100\n|-enditem|p1a: Sneasler|Air Balloon\n|drag|p1a: Gallade|Gallade, M|19/100\n|-damage|p1a: Gallade|13/100|[from] Stealth Rock\n|\n|-heal|p2a: Goodra|66/100|[from] item: Leftovers\n|upkeep\n|turn|23\n|inactive|MRT626 Kit has 30 seconds left this turn.\n|\n|t:|1782330316\n|move|p1a: Gallade|Sacred Sword|p2a: Goodra\n|-supereffective|p2a: Goodra\n|-damage|p2a: Goodra|0 fnt\n|faint|p2a: Goodra\n|\n|upkeep\n|inactive|MRT626 Kit has 30 seconds left this turn.\n|\n|t:|1782330319\n|switch|p2a: Roaring Moon|Roaring Moon|76/100\n|-damage|p2a: Roaring Moon|64/100|[from] Stealth Rock\n|turn|24\n|\n|t:|1782330321\n|move|p1a: Gallade|Shadow Sneak|p2a: Roaring Moon\n|-resisted|p2a: Roaring Moon\n|-damage|p2a: Roaring Moon|54/100\n|move|p2a: Roaring Moon|Outrage|p1a: Gallade\n|-damage|p1a: Gallade|0 fnt\n|faint|p1a: Gallade\n|\n|upkeep\n|\n|t:|1782330323\n|switch|p1a: Sneasler|Sneasler, M|59/100\n|-damage|p1a: Sneasler|53/100|[from] Stealth Rock\n|turn|25\n|-message|mirroqui forfeited.\n|\n|win|MRT626 Kit\n|raw|mirroqui's rating: 1608 &rarr; <strong>1584</strong><br />(-24 for losing)\n|raw|MRT626 Kit's rating: 1531 &rarr; <strong>1555</strong><br />(+24 for winning)\n|l|☆mirroqui\n|player|p1|\n|l|☆MRT626 Kit\n|player|p2|\n|j| PaulBlartMonotype\n|l| PaulBlartMonotype\n|l| Jeff Monotype\n|l| MRT626Ghastlevania\n", "uploadtime": 1782331606, "views": 16, "formatid": "gen9monotype", "rating": 1555, "private": 0, "password": null}