{"id": "gen9monotype-2639656606", "format": "[Gen 9] Monotype", "players": ["Dissasterpiece", "MRT626 Kit"], "log": "|raw|<div class=\"broadcast-blue\"><strong>This battle is required to be public due to a player having a name starting with 'mrt626'.</div>\n|j|☆Dissasterpiece\n|j|☆MRT626 Kit\n|t:|1782502242\n|gametype|singles\n|player|p1|Dissasterpiece|clair-masters|1491\n|player|p2|MRT626 Kit|102|1554\n|gen|9\n|tier|[Gen 9] Monotype\n|rated|\n|rule|HP Percentage Mod: HP is shown in percentages\n|rule|Endless Battle Clause: Forcing endless battles is banned\n|rule|Sleep Clause Mod: Limit one foe put to sleep\n|rule|Species Clause: Limit one of each Pokémon\n|rule|OHKO Clause: OHKO moves are banned\n|rule|Evasion Items Clause: Evasion items are banned\n|rule|Evasion Moves Clause: Evasion moves are banned\n|rule|Evasion Abilities Clause: Evasion abilities are banned\n|rule|Same Type Clause: Pokémon in a team must share a type\n|rule|Terastal Clause: You cannot Terastallize\n|clearpoke\n|poke|p1|Sableye, F|\n|poke|p1|Ting-Lu|\n|poke|p1|Bisharp, M|\n|poke|p1|Samurott-Hisui, M|\n|poke|p1|Greninja-*, F|\n|poke|p1|Meowscarada, M|\n|poke|p2|Ting-Lu|\n|poke|p2|Bisharp, M|\n|poke|p2|Samurott-Hisui, M|\n|poke|p2|Meowscarada, F|\n|poke|p2|Greninja-*, M|\n|poke|p2|Sableye, M|\n|teampreview\n|inactive|Battle timer is ON: inactive players will automatically lose when time's up. (requested by MRT626 Kit)\n|c|☆MRT626 Kit|hf\n|c|☆Dissasterpiece|u2\n|inactive|MRT626 Kit has 120 seconds left.\n|inactive|MRT626 Kit has 90 seconds left.\n|\n|t:|1782502305\n|teamsize|p1|6\n|teamsize|p2|6\n|start\n|switch|p1a: Graveyard Shift|Ting-Lu, shiny|100/100\n|switch|p2a: Greninja|Greninja, M|100/100\n|-ability|p1a: Graveyard Shift|Vessel of Ruin\n|turn|1\n|\n|t:|1782502311\n|move|p2a: Greninja|U-turn|p1a: Graveyard Shift\n|-start|p2a: Greninja|typechange|Bug|[from] ability: Protean\n|-supereffective|p1a: Graveyard Shift\n|-damage|p1a: Graveyard Shift|74/100\n|\n|t:|1782502315\n|switch|p2a: Meowscarada|Meowscarada, F|100/100|[from] U-turn\n|move|p1a: Graveyard Shift|Spikes|p2a: Meowscarada\n|-sidestart|p2: MRT626 Kit|Spikes\n|\n|-heal|p1a: Graveyard Shift|81/100|[from] item: Leftovers\n|upkeep\n|turn|2\n|j|@boomp\n|\n|t:|1782502326\n|move|p2a: Meowscarada|Triple Axel|p1a: Graveyard Shift\n|-start|p2a: Meowscarada|typechange|Ice|[from] ability: Protean\n|-supereffective|p1a: Graveyard Shift\n|-damage|p1a: Graveyard Shift|64/100\n|-supereffective|p1a: Graveyard Shift\n|-damage|p1a: Graveyard Shift|36/100\n|-supereffective|p1a: Graveyard Shift\n|-damage|p1a: Graveyard Shift|0 fnt\n|faint|p1a: Graveyard Shift\n|-hitcount|p1: Graveyard Shift|3\n|\n|upkeep\n|\n|t:|1782502335\n|switch|p1a: Lets End the World|Samurott-Hisui, M|100/100\n|turn|3\n|\n|t:|1782502343\n|switch|p2a: Greninja|Greninja, M|100/100\n|-damage|p2a: Greninja|88/100|[from] Spikes\n|move|p1a: Lets End the World|Swords Dance|p1a: Lets End the World\n|-boost|p1a: Lets End the World|atk|2\n|\n|upkeep\n|turn|4\n|\n|t:|1782502352\n|move|p2a: Greninja|U-turn|p1a: Lets End the World\n|-start|p2a: Greninja|typechange|Bug|[from] ability: Protean\n|-supereffective|p1a: Lets End the World\n|-damage|p1a: Lets End the World|48/100\n|\n|t:|1782502364\n|switch|p2a: Sableye|Sableye, M|100/100|[from] U-turn\n|move|p1a: Lets End the World|Sacred Sword|p2a: Sableye\n|-immune|p2a: Sableye\n|\n|upkeep\n|turn|5\n|\n|t:|1782502366\n|switch|p2a: Meowscarada|Meowscarada, F|100/100\n|-damage|p2a: Meowscarada|88/100|[from] Spikes\n|move|p1a: Lets End the World|Aqua Cutter|p2a: Meowscarada\n|-resisted|p2a: Meowscarada\n|-damage|p2a: Meowscarada|6/100\n|\n|upkeep\n|turn|6\n|\n|t:|1782502377\n|switch|p2a: Samurott|Samurott-Hisui, M|100/100\n|move|p1a: Lets End the World|Sucker Punch||[still]\n|-fail|p1a: Lets End the World\n|\n|upkeep\n|turn|7\n|\n|t:|1782502382\n|move|p2a: Samurott|Sucker Punch|p1a: Lets End the World\n|-resisted|p1a: Lets End the World\n|-damage|p1a: Lets End the World|27/100\n|move|p1a: Lets End the World|Sacred Sword|p2a: Samurott\n|-supereffective|p2a: Samurott\n|-damage|p2a: Samurott|0 fnt\n|faint|p2a: Samurott\n|\n|upkeep\n|\n|t:|1782502385\n|switch|p2a: Greninja|Greninja, M|88/100\n|-damage|p2a: Greninja|76/100|[from] Spikes\n|turn|8\n|\n|t:|1782502399\n|move|p1a: Lets End the World|Sucker Punch|p2a: Greninja\n|-resisted|p2a: Greninja\n|-damage|p2a: Greninja|19/100\n|move|p2a: Greninja|U-turn|p1a: Lets End the World\n|-start|p2a: Greninja|typechange|Bug|[from] ability: Protean\n|-supereffective|p1a: Lets End the World\n|-damage|p1a: Lets End the World|0 fnt\n|faint|p1a: Lets End the World\n|\n|t:|1782502403\n|switch|p2a: Ting-Lu|Ting-Lu|100/100|[from] U-turn\n|-damage|p2a: Ting-Lu|88/100|[from] Spikes\n|-ability|p2a: Ting-Lu|Vessel of Ruin\n|\n|-heal|p2a: Ting-Lu|94/100|[from] item: Leftovers\n|upkeep\n|\n|t:|1782502414\n|switch|p1a: Kamoflauge|Meowscarada, M, shiny|100/100\n|turn|9\n|\n|t:|1782502430\n|switch|p2a: Meowscarada|Meowscarada, F|6/100\n|-damage|p2a: Meowscarada|0 fnt|[from] Spikes\n|faint|p2a: Meowscarada\n|move|p1a: Kamoflauge|Flower Trick|p2: Meowscarada|[notarget]\n|-fail|p1a: Kamoflauge\n|\n|upkeep\n|\n|t:|1782502438\n|switch|p2a: Bisharp|Bisharp, M|100/100\n|-damage|p2a: Bisharp|88/100|[from] Spikes\n|turn|10\n|\n|t:|1782502451\n|switch|p1a: That's a Mori|Greninja, F, shiny|100/100\n|move|p2a: Bisharp|Swords Dance|p2a: Bisharp\n|-boost|p2a: Bisharp|atk|2\n|\n|upkeep\n|turn|11\n|\n|t:|1782502453\n|move|p1a: That's a Mori|Surf|p2a: Bisharp\n|-start|p1a: That's a Mori|typechange|Water|[from] ability: Protean\n|-damage|p2a: Bisharp|53/100\n|move|p2a: Bisharp|Swords Dance|p2a: Bisharp\n|-boost|p2a: Bisharp|atk|2\n|\n|upkeep\n|turn|12\n|\n|t:|1782502459\n|switch|p1a: Gold Unbalance|Sableye, F, shiny|100/100\n|move|p2a: Bisharp|Sucker Punch||[still]\n|-fail|p2a: Bisharp\n|\n|upkeep\n|turn|13\n|\n|t:|1782502465\n|move|p2a: Bisharp|Iron Head|p1a: Gold Unbalance\n|-damage|p1a: Gold Unbalance|0 fnt\n|faint|p1a: Gold Unbalance\n|\n|upkeep\n|\n|t:|1782502479\n|switch|p1a: That's a Mori|Greninja, F, shiny|100/100\n|turn|14\n|\n|t:|1782502483\n|move|p1a: That's a Mori|Surf|p2a: Bisharp\n|-start|p1a: That's a Mori|typechange|Water|[from] ability: Protean\n|-damage|p2a: Bisharp|17/100\n|move|p2a: Bisharp|Swords Dance|p2a: Bisharp\n|-boost|p2a: Bisharp|atk|2\n|\n|upkeep\n|turn|15\n|\n|t:|1782502490\n|move|p1a: That's a Mori|Surf|p2a: Bisharp\n|-damage|p2a: Bisharp|0 fnt\n|faint|p2a: Bisharp\n|\n|upkeep\n|\n|t:|1782502497\n|switch|p2a: Ting-Lu|Ting-Lu|94/100\n|-damage|p2a: Ting-Lu|82/100|[from] Spikes\n|-ability|p2a: Ting-Lu|Vessel of Ruin\n|turn|16\n|\n|t:|1782502500\n|move|p1a: That's a Mori|Surf|p2a: Ting-Lu\n|-supereffective|p2a: Ting-Lu\n|-damage|p2a: Ting-Lu|50/100\n|move|p2a: Ting-Lu|Stealth Rock|p1a: That's a Mori\n|-sidestart|p1: Dissasterpiece|move: Stealth Rock\n|\n|-heal|p2a: Ting-Lu|56/100|[from] item: Leftovers\n|upkeep\n|turn|17\n|\n|t:|1782502504\n|move|p1a: That's a Mori|Surf|p2a: Ting-Lu\n|-supereffective|p2a: Ting-Lu\n|-damage|p2a: Ting-Lu|21/100\n|move|p2a: Ting-Lu|Whirlwind|p1a: That's a Mori\n|drag|p1a: Kamoflauge|Meowscarada, M, shiny|100/100\n|-damage|p1a: Kamoflauge|88/100|[from] Stealth Rock\n|\n|-heal|p2a: Ting-Lu|27/100|[from] item: Leftovers\n|upkeep\n|turn|18\n|c|☆MRT626 Kit|gg\n|\n|t:|1782502513\n|move|p1a: Kamoflauge|Play Rough|p2a: Ting-Lu\n|-start|p1a: Kamoflauge|typechange|Fairy|[from] ability: Protean\n|-supereffective|p2a: Ting-Lu\n|-damage|p2a: Ting-Lu|0 fnt\n|faint|p2a: Ting-Lu\n|\n|upkeep\n|-message|MRT626 Kit forfeited.\n|\n|win|Dissasterpiece\n|raw|Dissasterpiece's rating: 1491 &rarr; <strong>1515</strong><br />(+24 for winning)\n|raw|MRT626 Kit's rating: 1554 &rarr; <strong>1530</strong><br />(-24 for losing)\n|l|☆MRT626 Kit\n|player|p2|\n|c|☆Dissasterpiece|gg\n|c|☆Dissasterpiece|suprised that worked\n|l|@boomp\n|j| Be more toxic\n|l| Be more toxic\n", "uploadtime": 1782502554, "views": 6, "formatid": "gen9monotype", "rating": 1515, "private": 0, "password": null}