{"id": "gen9monotype-2638747707", "format": "[Gen 9] Monotype", "players": ["MLTRB3 Frozyo", "MRT626 Kit"], "log": "|raw|<div class=\"broadcast-blue\"><strong>This battle is required to be public due to a player having a name starting with 'mrt626'.</div>\n|j|☆MLTRB3 Frozyo\n|j|☆MRT626 Kit\n|t:|1782370743\n|gametype|singles\n|player|p1|MLTRB3 Frozyo|urbain|1582\n|player|p2|MRT626 Kit|tucker|1554\n|gen|9\n|tier|[Gen 9] Monotype\n|rated|\n|rule|HP Percentage Mod: HP is shown in percentages\n|rule|Endless Battle Clause: Forcing endless battles is banned\n|rule|Sleep Clause Mod: Limit one foe put to sleep\n|rule|Species Clause: Limit one of each Pokémon\n|rule|OHKO Clause: OHKO moves are banned\n|rule|Evasion Items Clause: Evasion items are banned\n|rule|Evasion Moves Clause: Evasion moves are banned\n|rule|Evasion Abilities Clause: Evasion abilities are banned\n|rule|Same Type Clause: Pokémon in a team must share a type\n|rule|Terastal Clause: You cannot Terastallize\n|clearpoke\n|poke|p1|Araquanid, F|\n|poke|p1|Swampert, M|\n|poke|p1|Samurott-Hisui, F|\n|poke|p1|Ogerpon-Wellspring, F|\n|poke|p1|Basculegion-F, F|\n|poke|p1|Quaquaval, F|\n|poke|p2|Indeedee, M|\n|poke|p2|Slowking, M|\n|poke|p2|Iron Boulder|\n|poke|p2|Latios, M|\n|poke|p2|Hoopa-Unbound|\n|poke|p2|Hatterene, F|\n|teampreview\n|inactive|Battle timer is ON: inactive players will automatically lose when time's up. (requested by MRT626 Kit)\n|c|☆MLTRB3 Frozyo|is there  a new mrt?\n|inactive|MRT626 Kit has 120 seconds left.\n|j| Almighty Giygas\n|c|☆MRT626 Kit|ye ye\n|c|☆MRT626 Kit|hf\n|j|@boomp\n|c|☆MLTRB3 Frozyo|u2\n|c| Almighty Giygas|oh boy, sniping time\n|\n|t:|1782370801\n|teamsize|p1|6\n|teamsize|p2|6\n|start\n|switch|p1a: Samurott|Samurott-Hisui, F|100/100\n|switch|p2a: Hatterene|Hatterene, F|100/100\n|turn|1\n|\n|t:|1782370814\n|move|p1a: Samurott|Ceaseless Edge|p2a: Hatterene\n|-damage|p2a: Hatterene|64/100\n|-sidestart|p2: MRT626 Kit|Spikes\n|move|p2a: Hatterene|Nuzzle|p1a: Samurott\n|-supereffective|p1a: Samurott\n|-damage|p1a: Samurott|91/100\n|-status|p1a: Samurott|par\n|\n|-heal|p2a: Hatterene|70/100|[from] item: Leftovers\n|upkeep\n|turn|2\n|\n|t:|1782370822\n|switch|p1a: Swampert|Swampert, M|100/100\n|move|p2a: Hatterene|Draining Kiss|p1a: Swampert\n|-damage|p1a: Swampert|86/100\n|-heal|p2a: Hatterene|84/100|[from] drain|[of] p1a: Swampert\n|\n|-heal|p2a: Hatterene|90/100|[from] item: Leftovers\n|upkeep\n|turn|3\n|\n|t:|1782370825\n|move|p1a: Swampert|Flip Turn|p2a: Hatterene\n|-damage|p2a: Hatterene|71/100\n|\n|t:|1782370830\n|switch|p1a: Basculegion|Basculegion-F, F|100/100|[from] Flip Turn\n|move|p2a: Hatterene|Calm Mind|p2a: Hatterene\n|-boost|p2a: Hatterene|spa|1\n|-boost|p2a: Hatterene|spd|1\n|\n|-heal|p2a: Hatterene|77/100|[from] item: Leftovers\n|upkeep\n|turn|4\n|\n|t:|1782370835\n|move|p1a: Basculegion|Shadow Ball|p2a: Hatterene\n|-supereffective|p2a: Hatterene\n|-damage|p2a: Hatterene|0 fnt\n|faint|p2a: Hatterene\n|\n|upkeep\n|\n|t:|1782370842\n|switch|p2a: Latios|Latios, M|100/100\n|turn|5\n|\n|t:|1782370845\n|move|p2a: Latios|Draco Meteor|p1a: Basculegion\n|-damage|p1a: Basculegion|0 fnt\n|-unboost|p2a: Latios|spa|2\n|faint|p1a: Basculegion\n|\n|upkeep\n|\n|t:|1782370849\n|switch|p1a: Samurott|Samurott-Hisui, F|91/100 par\n|turn|6\n|\n|t:|1782370861\n|move|p2a: Latios|Draco Meteor|p1a: Samurott\n|-damage|p1a: Samurott|13/100 par\n|-unboost|p2a: Latios|spa|2\n|move|p1a: Samurott|Ceaseless Edge|p2a: Latios\n|-supereffective|p2a: Latios\n|-damage|p2a: Latios|0 fnt\n|-sidestart|p2: MRT626 Kit|Spikes\n|faint|p2a: Latios\n|\n|upkeep\n|\n|t:|1782370866\n|switch|p2a: Indeedee|Indeedee, M|100/100\n|-damage|p2a: Indeedee|84/100|[from] Spikes\n|-fieldstart|move: Psychic Terrain|[from] ability: Psychic Surge|[of] p2a: Indeedee\n|turn|7\n|\n|t:|1782370875\n|switch|p1a: Araquanid|Araquanid, F|100/100\n|move|p2a: Indeedee|Dazzling Gleam|p1a: Araquanid\n|-damage|p1a: Araquanid|81/100\n|\n|upkeep\n|turn|8\n|\n|t:|1782370880\n|switch|p2a: Slowking|Slowking, M|100/100\n|-damage|p2a: Slowking|84/100|[from] Spikes\n|move|p1a: Araquanid|Surf|p2a: Slowking\n|-resisted|p2a: Slowking\n|-damage|p2a: Slowking|63/100\n|\n|upkeep\n|turn|9\n|\n|t:|1782370888\n|switch|p1a: Ogerpon|Ogerpon-Wellspring, F|100/100\n|-prepare|p2a: Slowking|Chilly Reception|[premajor]\n|move|p2a: Slowking|Chilly Reception|p2a: Slowking\n|-weather|Snowscape\n|\n|t:|1782370893\n|switch|p2a: Indeedee|Indeedee, M|84/100|[from] Chilly Reception\n|-damage|p2a: Indeedee|68/100|[from] Spikes\n|\n|-weather|Snowscape|[upkeep]\n|upkeep\n|turn|10\n|\n|t:|1782370899\n|move|p2a: Indeedee|Expanding Force|p1a: Ogerpon\n|-damage|p1a: Ogerpon|13/100\n|move|p1a: Ogerpon|Horn Leech|p2a: Indeedee\n|-damage|p2a: Indeedee|0 fnt\n|-heal|p1a: Ogerpon|42/100|[from] drain|[of] p2a: Indeedee\n|faint|p2a: Indeedee\n|\n|-weather|Snowscape|[upkeep]\n|upkeep\n|\n|t:|1782370902\n|switch|p2a: Iron Boulder|Iron Boulder|100/100\n|-damage|p2a: Iron Boulder|84/100|[from] Spikes\n|turn|11\n|\n|t:|1782370906\n|switch|p1a: Swampert|Swampert, M|86/100\n|move|p2a: Iron Boulder|Zen Headbutt|p1a: Swampert\n|-damage|p1a: Swampert|39/100\n|\n|-weather|Snowscape|[upkeep]\n|-fieldend|move: Psychic Terrain\n|upkeep\n|turn|12\n|\n|t:|1782370925\n|switch|p1a: Samurott|Samurott-Hisui, F|13/100 par\n|move|p2a: Iron Boulder|Zen Headbutt|p1a: Samurott\n|-immune|p1a: Samurott\n|\n|-weather|Snowscape|[upkeep]\n|upkeep\n|turn|13\n|\n|t:|1782370929\n|-end|p2a: Iron Boulder|Quark Drive|[silent]\n|switch|p2a: Slowking|Slowking, M|96/100\n|-damage|p2a: Slowking|80/100|[from] Spikes\n|move|p1a: Samurott|Ceaseless Edge|p2a: Slowking\n|-supereffective|p2a: Slowking\n|-enditem|p2a: Slowking|Colbur Berry|[eat]\n|-enditem|p2a: Slowking|Colbur Berry|[weaken]\n|-damage|p2a: Slowking|49/100\n|-sidestart|p2: MRT626 Kit|Spikes\n|\n|-weather|none\n|upkeep\n|turn|14\n|\n|t:|1782370935\n|switch|p1a: Araquanid|Araquanid, F|81/100\n|-prepare|p2a: Slowking|Chilly Reception|[premajor]\n|move|p2a: Slowking|Chilly Reception|p2a: Slowking\n|-weather|Snowscape\n|\n|t:|1782370938\n|switch|p2a: Iron Boulder|Iron Boulder|84/100|[from] Chilly Reception\n|-damage|p2a: Iron Boulder|59/100|[from] Spikes\n|\n|-weather|Snowscape|[upkeep]\n|upkeep\n|turn|15\n|\n|t:|1782370946\n|move|p2a: Iron Boulder|Zen Headbutt|p1a: Araquanid\n|-damage|p1a: Araquanid|40/100\n|cant|p1a: Araquanid|flinch\n|\n|-weather|Snowscape|[upkeep]\n|upkeep\n|turn|16\n|\n|t:|1782370953\n|switch|p1a: Samurott|Samurott-Hisui, F|13/100 par\n|move|p2a: Iron Boulder|Zen Headbutt|p1a: Samurott\n|-immune|p1a: Samurott\n|\n|-weather|Snowscape|[upkeep]\n|upkeep\n|turn|17\n|\n|t:|1782370956\n|-end|p2a: Iron Boulder|Quark Drive|[silent]\n|switch|p2a: Slowking|Slowking, M|82/100\n|-damage|p2a: Slowking|57/100|[from] Spikes\n|cant|p1a: Samurott|par\n|\n|-weather|Snowscape|[upkeep]\n|upkeep\n|turn|18\n|\n|t:|1782370960\n|move|p1a: Samurott|Ceaseless Edge|p2a: Slowking\n|-supereffective|p2a: Slowking\n|-damage|p2a: Slowking|0 fnt\n|faint|p2a: Slowking\n|\n|-weather|none\n|upkeep\n|\n|t:|1782370962\n|switch|p2a: Hoopa|Hoopa-Unbound|100/100\n|-damage|p2a: Hoopa|76/100|[from] Spikes\n|turn|19\n|j| What-The-Fcuck\n|\n|t:|1782370970\n|switch|p1a: Araquanid|Araquanid, F|40/100\n|move|p2a: Hoopa|Knock Off|p1a: Araquanid\n|-damage|p1a: Araquanid|0 fnt\n|-enditem|p1a: Araquanid|Custap Berry|[from] move: Knock Off|[of] p2a: Hoopa\n|faint|p1a: Araquanid\n|\n|upkeep\n|\n|t:|1782370974\n|switch|p1a: Ogerpon|Ogerpon-Wellspring, F|42/100\n|turn|20\n|\n|t:|1782370984\n|move|p1a: Ogerpon|Ivy Cudgel|p2a: Hoopa|[anim] Ivy Cudgel Water\n|-damage|p2a: Hoopa|0 fnt\n|faint|p2a: Hoopa\n|\n|upkeep\n|c|☆MRT626 Kit|gg\n|-message|MRT626 Kit forfeited.\n|\n|win|MLTRB3 Frozyo\n|raw|MLTRB3 Frozyo's rating: 1582 &rarr; <strong>1600</strong><br />(+18 for winning)\n|raw|MRT626 Kit's rating: 1554 &rarr; <strong>1536</strong><br />(-18 for losing)\n|l|☆MRT626 Kit\n|player|p2|\n|c|☆MLTRB3 Frozyo|gg\n|l|@boomp\n|l| Almighty Giygas\n", "uploadtime": 1782370996, "views": 10, "formatid": "gen9monotype", "rating": 1536, "private": 0, "password": null}