{"id": "gen9monotype-2637840797", "format": "[Gen 9] Monotype", "players": ["Jahkem", "victini my goat"], "log": "|j|☆Jahkem\n|j|☆victini my goat\n|t:|1782242863\n|gametype|singles\n|player|p1|Jahkem|morty-masters|1692\n|player|p2|victini my goat|hilda-masters2|1558\n|gen|9\n|tier|[Gen 9] Monotype\n|rated|\n|rule|HP Percentage Mod: HP is shown in percentages\n|rule|Endless Battle Clause: Forcing endless battles is banned\n|rule|Sleep Clause Mod: Limit one foe put to sleep\n|rule|Species Clause: Limit one of each Pokémon\n|rule|OHKO Clause: OHKO moves are banned\n|rule|Evasion Items Clause: Evasion items are banned\n|rule|Evasion Moves Clause: Evasion moves are banned\n|rule|Evasion Abilities Clause: Evasion abilities are banned\n|rule|Same Type Clause: Pokémon in a team must share a type\n|rule|Terastal Clause: You cannot Terastallize\n|clearpoke\n|poke|p1|Samurott-Hisui, M|\n|poke|p1|Alomomola, M|\n|poke|p1|Ogerpon-Wellspring, F|\n|poke|p1|Toxapex, M|\n|poke|p1|Greninja-*, F|\n|poke|p1|Walking Wake|\n|poke|p2|Meowscarada, F|\n|poke|p2|Whimsicott, F|\n|poke|p2|Sinistcha|\n|poke|p2|Brambleghast, F|\n|poke|p2|Leavanny, M|\n|poke|p2|Ogerpon-Cornerstone, F|\n|teampreview\n|inactive|Battle timer is ON: inactive players will automatically lose when time's up. (requested by victini my goat)\n|\n|t:|1782242879\n|teamsize|p1|6\n|teamsize|p2|6\n|start\n|switch|p1a: Toxapex|Toxapex, M|100/100\n|switch|p2a: Leavanny|Leavanny, M|100/100\n|turn|1\n|\n|t:|1782242886\n|move|p2a: Leavanny|Knock Off|p1a: Toxapex\n|-damage|p1a: Toxapex|83/100\n|-damage|p2a: Leavanny|84/100|[from] item: Rocky Helmet|[of] p1a: Toxapex\n|-enditem|p1a: Toxapex|Rocky Helmet|[from] move: Knock Off|[of] p2a: Leavanny\n|move|p1a: Toxapex|Poison Jab|p2a: Leavanny\n|-supereffective|p2a: Leavanny\n|-damage|p2a: Leavanny|30/100\n|\n|upkeep\n|turn|2\n|j|+style.css\n|\n|t:|1782242894\n|move|p2a: Leavanny|Sticky Web|p1a: Toxapex\n|-sidestart|p1: Jahkem|move: Sticky Web\n|move|p1a: Toxapex|Toxic|p2a: Leavanny\n|-status|p2a: Leavanny|tox\n|\n|-damage|p2a: Leavanny|24/100 tox|[from] psn\n|upkeep\n|turn|3\n|\n|t:|1782242901\n|move|p2a: Leavanny|Leaf Blade|p1a: Toxapex\n|-damage|p1a: Toxapex|57/100\n|move|p1a: Toxapex|Recover|p1a: Toxapex\n|-heal|p1a: Toxapex|100/100\n|\n|-damage|p2a: Leavanny|11/100 tox|[from] psn\n|upkeep\n|turn|4\n|\n|t:|1782242906\n|move|p2a: Leavanny|Leaf Blade|p1a: Toxapex\n|-damage|p1a: Toxapex|76/100\n|move|p1a: Toxapex|Recover|p1a: Toxapex\n|-heal|p1a: Toxapex|100/100\n|\n|-damage|p2a: Leavanny|0 fnt|[from] psn\n|faint|p2a: Leavanny\n|upkeep\n|\n|t:|1782242910\n|switch|p2a: Ogerpon|Ogerpon-Cornerstone, F|100/100\n|turn|5\n|\n|t:|1782242920\n|switch|p1a: Ogerpon|Ogerpon-Wellspring, F|100/100\n|-activate|p1a: Ogerpon|move: Sticky Web\n|-unboost|p1a: Ogerpon|spe|1\n|move|p2a: Ogerpon|Substitute|p2a: Ogerpon\n|-start|p2a: Ogerpon|Substitute\n|-damage|p2a: Ogerpon|76/100\n|\n|upkeep\n|turn|6\n|\n|t:|1782242927\n|move|p2a: Ogerpon|Swords Dance|p2a: Ogerpon\n|-boost|p2a: Ogerpon|atk|2\n|move|p1a: Ogerpon|Ivy Cudgel|p2a: Ogerpon|[anim] Ivy Cudgel Water\n|-crit|p2a: Ogerpon\n|-end|p2a: Ogerpon|Substitute\n|\n|upkeep\n|turn|7\n|\n|t:|1782242936\n|move|p2a: Ogerpon|Horn Leech|p1a: Ogerpon\n|-damage|p1a: Ogerpon|0 fnt\n|-heal|p2a: Ogerpon|100/100|[from] drain|[of] p1a: Ogerpon\n|faint|p1a: Ogerpon\n|\n|upkeep\n|\n|t:|1782242946\n|switch|p1a: Greninja|Greninja, F|100/100\n|-activate|p1a: Greninja|move: Sticky Web\n|-unboost|p1a: Greninja|spe|1\n|turn|8\n|\n|t:|1782242952\n|move|p1a: Greninja|Ice Beam|p2a: Ogerpon\n|-start|p1a: Greninja|typechange|Ice|[from] ability: Protean\n|-supereffective|p2a: Ogerpon\n|-damage|p2a: Ogerpon|11/100\n|move|p2a: Ogerpon|Horn Leech|p1a: Greninja\n|-damage|p1a: Greninja|0 fnt\n|-heal|p2a: Ogerpon|58/100|[from] drain|[of] p1a: Greninja\n|faint|p1a: Greninja\n|\n|upkeep\n|\n|t:|1782242962\n|switch|p1a: Walking Wake|Walking Wake|100/100\n|turn|9\n|\n|t:|1782242966\n|move|p2a: Ogerpon|Ivy Cudgel|p1a: Walking Wake|[anim] Ivy Cudgel Rock\n|-crit|p1a: Walking Wake\n|-damage|p1a: Walking Wake|0 fnt\n|faint|p1a: Walking Wake\n|-end|p1a: Walking Wake|Protosynthesis|[silent]\n|\n|upkeep\n|-message|Jahkem forfeited.\n|\n|win|victini my goat\n|raw|Jahkem's rating: 1692 &rarr; <strong>1665</strong><br />(-27 for losing)\n|raw|victini my goat's rating: 1558 &rarr; <strong>1585</strong><br />(+27 for winning)\n|l|☆Jahkem\n|player|p1|\n|l|+style.css\n", "uploadtime": 1782242977, "views": 24, "formatid": "gen9monotype", "rating": 1585, "private": 0, "password": null}