{"id": "gen9nationaldex-2540243439", "format": "[Gen 9] National Dex", "players": ["ryangregory78", "Vixen 4 Life"], "log": "|j|☆ryangregory78\n|j|☆Vixen 4 Life\n|t:|1771179935\n|gametype|singles\n|player|p1|ryangregory78|2|1548\n|player|p2|Vixen 4 Life|emma|1645\n|gen|9\n|tier|[Gen 9] National Dex\n|rated|\n|rule|HP Percentage Mod: HP is shown in percentages\n|rule|Endless Battle Clause: Forcing endless battles is banned\n|rule|Species Clause: Limit one of each Pokémon\n|rule|OHKO Clause: OHKO moves are banned\n|rule|Evasion Clause: Evasion abilities, items, and moves are banned\n|rule|Evasion Abilities Clause: Evasion abilities are banned\n|rule|Evasion Items Clause: Evasion items are banned\n|rule|Evasion Moves Clause: Evasion moves are banned\n|rule|Sleep Clause Mod: Limit one foe put to sleep\n|rule|Terastal Clause: You cannot Terastallize\n|clearpoke\n|poke|p1|Manaphy|\n|poke|p1|Iron Valiant|\n|poke|p1|Dragonite, F|\n|poke|p1|Scizor, F|\n|poke|p1|Ogerpon-Cornerstone, F|\n|poke|p1|Iron Treads|\n|poke|p2|Goodra-Hisui, M|\n|poke|p2|Ceruledge, M|\n|poke|p2|Clodsire, F|\n|poke|p2|Cyclizar, M|\n|poke|p2|Weezing-Galar, F|\n|poke|p2|Umbreon, M|\n|teampreview\n|inactive|Battle timer is ON: inactive players will automatically lose when time's up. (requested by ryangregory78)\n|\n|t:|1771179944\n|teamsize|p1|6\n|teamsize|p2|6\n|start\n|switch|p1a: Iron Treads|Iron Treads|100/100\n|switch|p2a: Doug Dimmadome|Weezing-Galar, F|100/100\n|-enditem|p1a: Iron Treads|Booster Energy\n|-activate|p1a: Iron Treads|ability: Quark Drive|[fromitem]\n|-start|p1a: Iron Treads|quarkdrivespe\n|turn|1\n|\n|t:|1771179947\n|move|p1a: Iron Treads|Stealth Rock|p2a: Doug Dimmadome\n|-sidestart|p2: Vixen 4 Life|move: Stealth Rock\n|move|p2a: Doug Dimmadome|Overheat|p1a: Iron Treads\n|-supereffective|p1a: Iron Treads\n|-damage|p1a: Iron Treads|0 fnt\n|-unboost|p2a: Doug Dimmadome|spa|2\n|faint|p1a: Iron Treads\n|-end|p1a: Iron Treads|Quark Drive|[silent]\n|\n|upkeep\n|\n|t:|1771179959\n|switch|p1a: Manaphy|Manaphy|100/100\n|turn|2\n|\n|t:|1771179963\n|switch|p2a: Escargoon|Goodra-Hisui, M|100/100\n|-damage|p2a: Escargoon|94/100|[from] Stealth Rock\n|move|p1a: Manaphy|Tail Glow|p1a: Manaphy\n|-boost|p1a: Manaphy|spa|3\n|\n|upkeep\n|turn|3\n|\n|t:|1771179978\n|switch|p1a: Iron Valiant|Iron Valiant|100/100\n|-enditem|p1a: Iron Valiant|Booster Energy\n|-activate|p1a: Iron Valiant|ability: Quark Drive|[fromitem]\n|-start|p1a: Iron Valiant|quarkdrivespe\n|move|p2a: Escargoon|Dragon Tail|p1a: Iron Valiant\n|-immune|p1a: Iron Valiant\n|\n|upkeep\n|turn|4\n|\n|t:|1771179988\n|-end|p1a: Iron Valiant|Quark Drive|[silent]\n|switch|p1a: Scizor|Scizor, F|100/100\n|switch|p2a: Goopy|Clodsire, F|100/100\n|-damage|p2a: Goopy|94/100|[from] Stealth Rock\n|\n|upkeep\n|turn|5\n|\n|t:|1771179992\n|detailschange|p1a: Scizor|Scizor-Mega, F\n|-mega|p1a: Scizor|Scizor|Scizorite\n|move|p1a: Scizor|Swords Dance|p1a: Scizor\n|-boost|p1a: Scizor|atk|2\n|move|p2a: Goopy|Earthquake|p1a: Scizor\n|-damage|p1a: Scizor|77/100\n|\n|upkeep\n|turn|6\n|\n|t:|1771179996\n|move|p1a: Scizor|Knock Off|p2a: Goopy\n|-damage|p2a: Goopy|34/100\n|-damage|p1a: Scizor|60/100|[from] item: Rocky Helmet|[of] p2a: Goopy\n|-enditem|p2a: Goopy|Rocky Helmet|[from] move: Knock Off|[of] p1a: Scizor\n|move|p2a: Goopy|Stealth Rock|p1a: Scizor\n|-sidestart|p1: ryangregory78|move: Stealth Rock\n|\n|upkeep\n|turn|7\n|\n|t:|1771179998\n|move|p1a: Scizor|Knock Off|p2a: Goopy\n|-damage|p2a: Goopy|0 fnt\n|faint|p2a: Goopy\n|\n|upkeep\n|\n|t:|1771180001\n|switch|p2a: Yoru|Umbreon, M, shiny|100/100\n|-damage|p2a: Yoru|88/100|[from] Stealth Rock\n|turn|8\n|\n|t:|1771180007\n|move|p1a: Scizor|Close Combat|p2a: Yoru\n|-supereffective|p2a: Yoru\n|-damage|p2a: Yoru|0 fnt\n|-unboost|p1a: Scizor|def|1\n|-unboost|p1a: Scizor|spd|1\n|faint|p2a: Yoru\n|\n|upkeep\n|\n|t:|1771180011\n|switch|p2a: Gawain|Ceruledge, M|100/100\n|-damage|p2a: Gawain|76/100|[from] Stealth Rock\n|turn|9\n|\n|t:|1771180014\n|switch|p1a: Manaphy|Manaphy|100/100\n|-damage|p1a: Manaphy|88/100|[from] Stealth Rock\n|move|p2a: Gawain|Bitter Blade|p1a: Manaphy\n|-resisted|p1a: Manaphy\n|-damage|p1a: Manaphy|48/100\n|-heal|p2a: Gawain|99/100|[from] drain|[of] p1a: Manaphy\n|\n|upkeep\n|turn|10\n|\n|t:|1771180025\n|switch|p1a: Scizor|Scizor-Mega, F|60/100\n|-damage|p1a: Scizor|48/100|[from] Stealth Rock\n|switch|p2a: Wheelie|Cyclizar, M|100/100\n|-damage|p2a: Wheelie|88/100|[from] Stealth Rock\n|\n|upkeep\n|turn|11\n|\n|t:|1771180029\n|move|p2a: Wheelie|Overheat|p1a: Scizor\n|-supereffective|p1a: Scizor\n|-damage|p1a: Scizor|0 fnt\n|-unboost|p2a: Wheelie|spa|2\n|faint|p1a: Scizor\n|detailschange|p1: Scizor|Scizor, F|[silent]\n|\n|upkeep\n|\n|t:|1771180037\n|switch|p1a: Iron Valiant|Iron Valiant|100/100\n|-damage|p1a: Iron Valiant|94/100|[from] Stealth Rock\n|turn|12\n|\n|t:|1771180039\n|move|p1a: Iron Valiant|Calm Mind|p1a: Iron Valiant\n|-boost|p1a: Iron Valiant|spa|1\n|-boost|p1a: Iron Valiant|spd|1\n|move|p2a: Wheelie|Rapid Spin|p1a: Iron Valiant\n|-damage|p1a: Iron Valiant|76/100\n|-boost|p2a: Wheelie|spe|1\n|-sideend|p2: Vixen 4 Life|Stealth Rock|[from] move: Rapid Spin|[of] p2a: Wheelie\n|\n|upkeep\n|turn|13\n|\n|t:|1771180044\n|move|p2a: Wheelie|U-turn|p1a: Iron Valiant\n|-resisted|p1a: Iron Valiant\n|-damage|p1a: Iron Valiant|72/100\n|\n|t:|1771180047\n|switch|p2a: Escargoon|Goodra-Hisui, M|94/100|[from] U-turn\n|move|p1a: Iron Valiant|Calm Mind|p1a: Iron Valiant\n|-boost|p1a: Iron Valiant|spa|1\n|-boost|p1a: Iron Valiant|spd|1\n|\n|upkeep\n|turn|14\n|\n|t:|1771180049\n|move|p1a: Iron Valiant|Focus Blast|p2a: Escargoon\n|-supereffective|p2a: Escargoon\n|-damage|p2a: Escargoon|10/100\n|move|p2a: Escargoon|Heavy Slam|p1a: Iron Valiant\n|-supereffective|p1a: Iron Valiant\n|-damage|p1a: Iron Valiant|0 fnt\n|faint|p1a: Iron Valiant\n|-end|p1a: Iron Valiant|Quark Drive|[silent]\n|\n|upkeep\n|\n|t:|1771180061\n|switch|p1a: Manaphy|Manaphy|48/100\n|-damage|p1a: Manaphy|36/100|[from] Stealth Rock\n|turn|15\n|\n|t:|1771180063\n|move|p1a: Manaphy|Surf|p2a: Escargoon\n|-resisted|p2a: Escargoon\n|-damage|p2a: Escargoon|4/100\n|move|p2a: Escargoon|Heavy Slam|p1a: Manaphy\n|-resisted|p1a: Manaphy\n|-damage|p1a: Manaphy|16/100\n|\n|upkeep\n|turn|16\n|\n|t:|1771180066\n|move|p1a: Manaphy|Surf|p2a: Escargoon\n|-resisted|p2a: Escargoon\n|-damage|p2a: Escargoon|0 fnt\n|faint|p2a: Escargoon\n|\n|upkeep\n|\n|t:|1771180067\n|switch|p2a: Wheelie|Cyclizar, M|100/100\n|turn|17\n|\n|t:|1771180071\n|move|p2a: Wheelie|Rapid Spin|p1a: Manaphy\n|-damage|p1a: Manaphy|1/100\n|-boost|p2a: Wheelie|spe|1\n|move|p1a: Manaphy|Psychic|p2a: Wheelie\n|-damage|p2a: Wheelie|79/100\n|\n|upkeep\n|turn|18\n|\n|t:|1771180074\n|move|p2a: Wheelie|Rapid Spin|p1a: Manaphy\n|-damage|p1a: Manaphy|0 fnt\n|-boost|p2a: Wheelie|spe|1\n|faint|p1a: Manaphy\n|\n|upkeep\n|\n|t:|1771180078\n|switch|p1a: Ogerpon|Ogerpon-Cornerstone, F|100/100\n|-damage|p1a: Ogerpon|88/100|[from] Stealth Rock\n|turn|19\n|\n|t:|1771180081\n|move|p2a: Wheelie|U-turn|p1a: Ogerpon\n|-supereffective|p1a: Ogerpon\n|-damage|p1a: Ogerpon|50/100\n|\n|t:|1771180083\n|switch|p2a: Doug Dimmadome|Weezing-Galar, F|100/100|[from] U-turn\n|move|p1a: Ogerpon|Ivy Cudgel|p2a: Doug Dimmadome|[anim] Ivy Cudgel Rock\n|-damage|p2a: Doug Dimmadome|42/100\n|\n|upkeep\n|turn|20\n|\n|t:|1771180088\n|move|p1a: Ogerpon|Ivy Cudgel|p2a: Doug Dimmadome|[anim] Ivy Cudgel Rock\n|-damage|p2a: Doug Dimmadome|0 fnt\n|faint|p2a: Doug Dimmadome\n|\n|upkeep\n|\n|t:|1771180090\n|switch|p2a: Wheelie|Cyclizar, M|100/100\n|turn|21\n|\n|t:|1771180092\n|move|p2a: Wheelie|Draco Meteor|p1a: Ogerpon\n|-damage|p1a: Ogerpon|6/100\n|-unboost|p2a: Wheelie|spa|2\n|move|p1a: Ogerpon|Ivy Cudgel|p2a: Wheelie|[anim] Ivy Cudgel Rock\n|-damage|p2a: Wheelie|16/100\n|\n|upkeep\n|turn|22\n|\n|t:|1771180096\n|move|p2a: Wheelie|U-turn|p1a: Ogerpon\n|-supereffective|p1a: Ogerpon\n|-damage|p1a: Ogerpon|0 fnt\n|faint|p1a: Ogerpon\n|\n|t:|1771180098\n|switch|p2a: Gawain|Ceruledge, M|99/100|[from] U-turn\n|\n|upkeep\n|\n|t:|1771180100\n|switch|p1a: Dragonite|Dragonite, F|100/100\n|-damage|p1a: Dragonite|76/100|[from] Stealth Rock\n|turn|23\n|\n|t:|1771180102\n|move|p1a: Dragonite|Dragon Dance|p1a: Dragonite\n|-boost|p1a: Dragonite|atk|1\n|-boost|p1a: Dragonite|spe|1\n|move|p2a: Gawain|Poltergeist|p1a: Dragonite\n|-activate|p1a: Dragonite|move: Poltergeist|Sharp Beak\n|-damage|p1a: Dragonite|0 fnt\n|faint|p1a: Dragonite\n|\n|win|Vixen 4 Life\n|raw|ryangregory78's rating: 1548 &rarr; <strong>1533</strong><br />(-15 for losing)\n|raw|Vixen 4 Life's rating: 1645 &rarr; <strong>1660</strong><br />(+15 for winning)\n|l|☆ryangregory78\n|player|p1|\n|l|☆Vixen 4 Life\n|player|p2|\n", "uploadtime": 1771180268, "views": 8, "formatid": "gen9nationaldex", "rating": 1533, "private": 0, "password": null}