{"id": "gen9nationaldex-2540495070", "format": "[Gen 9] National Dex", "players": ["YonexMiku", "Sub_Alola"], "log": "|j|☆YonexMiku\n|j|☆Sub_Alola\n|t:|1771209125\n|gametype|singles\n|player|p1|YonexMiku|miku-ground|1591\n|player|p2|Sub_Alola|pryce|1576\n|gen|9\n|tier|[Gen 9] National Dex\n|rated|\n|rule|HP Percentage Mod: HP is shown in percentages\n|rule|Endless Battle Clause: Forcing endless battles is banned\n|rule|Species Clause: Limit one of each Pokémon\n|rule|OHKO Clause: OHKO moves are banned\n|rule|Evasion Clause: Evasion abilities, items, and moves are banned\n|rule|Evasion Abilities Clause: Evasion abilities are banned\n|rule|Evasion Items Clause: Evasion items are banned\n|rule|Evasion Moves Clause: Evasion moves are banned\n|rule|Sleep Clause Mod: Limit one foe put to sleep\n|rule|Terastal Clause: You cannot Terastallize\n|clearpoke\n|poke|p1|Alomomola, M|\n|poke|p1|Slowking-Galar, F|\n|poke|p1|Muk-Alola, F|\n|poke|p1|Ting-Lu|\n|poke|p1|Aggron, M|\n|poke|p1|Weezing-Galar, M|\n|poke|p2|Lopunny, F|\n|poke|p2|Clefable, F|\n|poke|p2|Gliscor, F|\n|poke|p2|Gholdengo|\n|poke|p2|Moltres|\n|poke|p2|Ogerpon-Wellspring, F|\n|teampreview\n|\n|t:|1771209139\n|teamsize|p1|6\n|teamsize|p2|6\n|start\n|switch|p1a: Alomomola|Alomomola, M|100/100\n|switch|p2a: Sly|Gholdengo|100/100\n|turn|1\n|\n|t:|1771209145\n|switch|p2a: Quirrel|Ogerpon-Wellspring, F|100/100\n|move|p1a: Alomomola|Flip Turn|p2a: Quirrel\n|-immune|p2a: Quirrel|[from] ability: Water Absorb\n|\n|upkeep\n|turn|2\n|\n|t:|1771209157\n|move|p2a: Quirrel|Ivy Cudgel|p1a: Alomomola|[anim] Ivy Cudgel Water\n|-resisted|p1a: Alomomola\n|-damage|p1a: Alomomola|84/100\n|move|p1a: Alomomola|Toxic|p2a: Quirrel\n|-status|p2a: Quirrel|tox\n|\n|-heal|p1a: Alomomola|91/100|[from] item: Leftovers\n|-damage|p2a: Quirrel|95/100 tox|[from] psn\n|upkeep\n|turn|3\n|\n|t:|1771209168\n|move|p2a: Quirrel|Swords Dance|p2a: Quirrel\n|-boost|p2a: Quirrel|atk|2\n|move|p1a: Alomomola|Wish|p1a: Alomomola\n|\n|-heal|p1a: Alomomola|97/100|[from] item: Leftovers\n|-damage|p2a: Quirrel|83/100 tox|[from] psn\n|upkeep\n|turn|4\n|\n|t:|1771209176\n|switch|p1a: Weezing|Weezing-Galar, M|100/100\n|move|p2a: Quirrel|Swords Dance|p2a: Quirrel\n|-boost|p2a: Quirrel|atk|2\n|\n|-damage|p2a: Quirrel|65/100 tox|[from] psn\n|upkeep\n|turn|5\n|\n|t:|1771209182\n|switch|p1a: Alomomola|Alomomola, M|100/100\n|move|p2a: Quirrel|Ivy Cudgel|p1a: Alomomola|[anim] Ivy Cudgel Water\n|-resisted|p1a: Alomomola\n|-crit|p1a: Alomomola\n|-damage|p1a: Alomomola|34/100\n|\n|-heal|p1a: Alomomola|40/100|[from] item: Leftovers\n|-damage|p2a: Quirrel|41/100 tox|[from] psn\n|upkeep\n|turn|6\n|\n|t:|1771209190\n|move|p1a: Alomomola|Protect|p1a: Alomomola\n|-singleturn|p1a: Alomomola|Protect\n|move|p2a: Quirrel|Horn Leech|p1a: Alomomola\n|-activate|p1a: Alomomola|move: Protect\n|\n|-heal|p1a: Alomomola|46/100|[from] item: Leftovers\n|-damage|p2a: Quirrel|11/100 tox|[from] psn\n|upkeep\n|turn|7\n|\n|t:|1771209197\n|switch|p1a: Weezing|Weezing-Galar, M|100/100\n|move|p2a: Quirrel|Horn Leech|p1a: Weezing\n|-resisted|p1a: Weezing\n|-damage|p1a: Weezing|55/100\n|-heal|p2a: Quirrel|36/100 tox|[from] drain|[of] p1a: Weezing\n|\n|-heal|p1a: Weezing|61/100|[from] item: Black Sludge\n|-damage|p2a: Quirrel|0 fnt|[from] psn\n|faint|p2a: Quirrel\n|upkeep\n|\n|t:|1771209210\n|switch|p2a: Sly|Gholdengo|100/100\n|turn|8\n|\n|t:|1771209218\n|switch|p1a: Muk|Muk-Alola, F|100/100\n|move|p2a: Sly|Shadow Ball|p1a: Muk\n|-resisted|p1a: Muk\n|-damage|p1a: Muk|91/100\n|-unboost|p1a: Muk|spd|1\n|\n|upkeep\n|turn|9\n|\n|t:|1771209228\n|-activate|p2a: Sly|move: Pursuit\n|move|p1a: Muk|Pursuit|p2a: Sly|[from] Pursuit\n|-supereffective|p2a: Sly\n|-damage|p2a: Sly|36/100\n|switch|p2a: Nosk|Gliscor, F|100/100\n|\n|-status|p2a: Nosk|tox|[from] item: Toxic Orb\n|upkeep\n|turn|10\n|\n|t:|1771209236\n|switch|p1a: Alomomola|Alomomola, M|79/100\n|move|p2a: Nosk|Spikes|p1a: Alomomola\n|-sidestart|p1: YonexMiku|Spikes\n|\n|-heal|p1a: Alomomola|86/100|[from] item: Leftovers\n|upkeep\n|turn|11\n|\n|t:|1771209246\n|move|p2a: Nosk|Toxic|p1a: Alomomola\n|-status|p1a: Alomomola|tox\n|move|p1a: Alomomola|Flip Turn|p2a: Nosk\n|-supereffective|p2a: Nosk\n|-damage|p2a: Nosk|77/100 tox\n|j| the salt wars\n|\n|t:|1771209249\n|switch|p1a: Weezing|Weezing-Galar, M|61/100|[from] Flip Turn\n|\n|-heal|p1a: Weezing|67/100|[from] item: Black Sludge\n|-heal|p2a: Nosk|89/100 tox|[from] ability: Poison Heal\n|upkeep\n|turn|12\n|\n|t:|1771209258\n|switch|p2a: Sly|Gholdengo|36/100\n|move|p1a: Weezing|Flamethrower|p2a: Sly\n|-supereffective|p2a: Sly\n|-damage|p2a: Sly|3/100\n|\n|-heal|p1a: Weezing|73/100|[from] item: Black Sludge\n|upkeep\n|turn|13\n|\n|t:|1771209266\n|switch|p1a: Ting-Lu|Ting-Lu|100/100\n|-damage|p1a: Ting-Lu|88/100|[from] Spikes\n|-ability|p1a: Ting-Lu|Vessel of Ruin\n|move|p2a: Sly|Recover|p2a: Sly\n|-heal|p2a: Sly|53/100\n|\n|upkeep\n|turn|14\n|j| Calyrexi\n|\n|t:|1771209276\n|switch|p2a: Hornet|Lopunny, F|100/100\n|move|p1a: Ting-Lu|Earthquake|p2a: Hornet\n|-damage|p2a: Hornet|21/100\n|\n|upkeep\n|turn|15\n|l| Calyrexi\n|\n|t:|1771209286\n|switch|p1a: Alomomola|Alomomola, M|100/100 tox\n|-damage|p1a: Alomomola|88/100 tox|[from] Spikes\n|detailschange|p2a: Hornet|Lopunny-Mega, F\n|-mega|p2a: Hornet|Lopunny|Lopunnite\n|move|p2a: Hornet|Close Combat|p1a: Alomomola\n|-damage|p1a: Alomomola|51/100 tox\n|-unboost|p2a: Hornet|def|1\n|-unboost|p2a: Hornet|spd|1\n|\n|-heal|p1a: Alomomola|58/100 tox|[from] item: Leftovers\n|-damage|p1a: Alomomola|51/100 tox|[from] psn\n|upkeep\n|turn|16\n|\n|t:|1771209298\n|move|p2a: Hornet|U-turn|p1a: Alomomola\n|-damage|p1a: Alomomola|37/100 tox\n|l| the salt wars\n|\n|t:|1771209321\n|switch|p2a: Sly|Gholdengo|53/100|[from] U-turn\n|move|p1a: Alomomola|Flip Turn|p2a: Sly\n|-damage|p2a: Sly|40/100\n|\n|t:|1771209330\n|switch|p1a: Muk|Muk-Alola, F|91/100|[from] Flip Turn\n|-damage|p1a: Muk|79/100|[from] Spikes\n|\n|upkeep\n|turn|17\n|\n|t:|1771209333\n|move|p2a: Sly|Recover|p2a: Sly\n|-heal|p2a: Sly|90/100\n|move|p1a: Muk|Knock Off|p2a: Sly\n|-supereffective|p2a: Sly\n|-damage|p2a: Sly|44/100\n|\n|upkeep\n|turn|18\n|\n|t:|1771209341\n|move|p2a: Sly|Recover|p2a: Sly\n|-heal|p2a: Sly|94/100\n|move|p1a: Muk|Pursuit|p2a: Sly\n|-supereffective|p2a: Sly\n|-damage|p2a: Sly|65/100\n|\n|upkeep\n|turn|19\n|\n|t:|1771209350\n|-activate|p2a: Sly|move: Pursuit\n|move|p1a: Muk|Pursuit|p2a: Sly|[from] Pursuit\n|-supereffective|p2a: Sly\n|-damage|p2a: Sly|5/100\n|switch|p2a: Nosk|Gliscor, F|89/100 tox\n|\n|-heal|p2a: Nosk|100/100 tox|[from] ability: Poison Heal\n|upkeep\n|turn|20\n|\n|t:|1771209359\n|switch|p2a: Grimm|Moltres|100/100\n|switch|p1a: Alomomola|Alomomola, M|71/100 tox\n|-damage|p1a: Alomomola|58/100 tox|[from] Spikes\n|\n|-heal|p1a: Alomomola|65/100 tox|[from] item: Leftovers\n|-damage|p1a: Alomomola|58/100 tox|[from] psn\n|upkeep\n|turn|21\n|\n|t:|1771209383\n|switch|p1a: Ting-Lu|Ting-Lu|88/100\n|-damage|p1a: Ting-Lu|76/100|[from] Spikes\n|-ability|p1a: Ting-Lu|Vessel of Ruin\n|move|p2a: Grimm|Brave Bird|p1a: Ting-Lu\n|-damage|p1a: Ting-Lu|52/100\n|-damage|p2a: Grimm|91/100|[from] Recoil\n|\n|upkeep\n|turn|22\n|\n|t:|1771209404\n|move|p2a: Grimm|Brave Bird|p1a: Ting-Lu\n|-crit|p1a: Ting-Lu\n|-damage|p1a: Ting-Lu|19/100\n|-damage|p2a: Grimm|78/100|[from] Recoil\n|move|p1a: Ting-Lu|Stone Edge|p2a: Grimm\n|-supereffective|p2a: Grimm\n|-crit|p2a: Grimm\n|-damage|p2a: Grimm|0 fnt\n|faint|p2a: Grimm\n|\n|upkeep\n|\n|t:|1771209411\n|switch|p2a: Hornet|Lopunny-Mega, F|21/100\n|turn|23\n|\n|t:|1771209416\n|switch|p1a: Alomomola|Alomomola, M|92/100 tox\n|-damage|p1a: Alomomola|79/100 tox|[from] Spikes\n|move|p2a: Hornet|Frustration|p1a: Alomomola\n|-damage|p1a: Alomomola|50/100 tox\n|\n|-heal|p1a: Alomomola|57/100 tox|[from] item: Leftovers\n|-damage|p1a: Alomomola|50/100 tox|[from] psn\n|upkeep\n|turn|24\n|\n|t:|1771209429\n|move|p2a: Hornet|U-turn|p1a: Alomomola\n|-damage|p1a: Alomomola|37/100 tox\n|\n|t:|1771209432\n|switch|p2a: Flukewarm|Clefable, F|100/100|[from] U-turn\n|move|p1a: Alomomola|Flip Turn|p2a: Flukewarm\n|-damage|p2a: Flukewarm|89/100\n|\n|t:|1771209437\n|switch|p1a: Aggron|Aggron, M|100/100|[from] Flip Turn\n|-damage|p1a: Aggron|88/100|[from] Spikes\n|\n|-heal|p2a: Flukewarm|95/100|[from] item: Leftovers\n|upkeep\n|turn|25\n|\n|t:|1771209442\n|detailschange|p1a: Aggron|Aggron-Mega, M\n|-mega|p1a: Aggron|Aggron|Aggronite\n|move|p2a: Flukewarm|Stealth Rock|p1a: Aggron\n|-sidestart|p1: YonexMiku|move: Stealth Rock\n|move|p1a: Aggron|Fire Punch|p2a: Flukewarm\n|-damage|p2a: Flukewarm|78/100\n|\n|-heal|p2a: Flukewarm|84/100|[from] item: Leftovers\n|upkeep\n|turn|26\n|\n|t:|1771209451\n|switch|p2a: Nosk|Gliscor, F|100/100 tox\n|move|p1a: Aggron|Stealth Rock|p2a: Nosk\n|-sidestart|p2: Sub_Alola|move: Stealth Rock\n|\n|upkeep\n|turn|27\n|\n|t:|1771209457\n|switch|p1a: Alomomola|Alomomola, M|70/100 tox\n|-damage|p1a: Alomomola|58/100 tox|[from] Spikes\n|-damage|p1a: Alomomola|46/100 tox|[from] Stealth Rock\n|move|p2a: Nosk|Earthquake|p1a: Alomomola\n|-damage|p1a: Alomomola|30/100 tox\n|\n|-heal|p1a: Alomomola|36/100 tox|[from] item: Leftovers\n|-damage|p1a: Alomomola|30/100 tox|[from] psn\n|upkeep\n|turn|28\n|\n|t:|1771209465\n|move|p2a: Nosk|Protect|p2a: Nosk\n|-singleturn|p2a: Nosk|Protect\n|move|p1a: Alomomola|Flip Turn|p2a: Nosk\n|-activate|p2a: Nosk|move: Protect\n|\n|-heal|p1a: Alomomola|36/100 tox|[from] item: Leftovers\n|-damage|p1a: Alomomola|24/100 tox|[from] psn\n|upkeep\n|turn|29\n|\n|t:|1771209473\n|switch|p1a: Ting-Lu|Ting-Lu|19/100\n|-damage|p1a: Ting-Lu|6/100|[from] Spikes\n|-damage|p1a: Ting-Lu|0 fnt|[from] Stealth Rock\n|faint|p1a: Ting-Lu\n|move|p2a: Nosk|Spikes|p1: Ting-Lu\n|-sidestart|p1: YonexMiku|Spikes\n|\n|upkeep\n|\n|t:|1771209480\n|switch|p1a: Weezing|Weezing-Galar, M|73/100\n|-damage|p1a: Weezing|60/100|[from] Stealth Rock\n|turn|30\n|inactive|Battle timer is ON: inactive players will automatically lose when time's up. (requested by YonexMiku)\n|\n|t:|1771209580\n|switch|p2a: Sly|Gholdengo|5/100\n|-damage|p2a: Sly|0 fnt|[from] Stealth Rock\n|faint|p2a: Sly\n|move|p1a: Weezing|Defog|p2: Sly|[notarget]\n|-fail|p1a: Weezing\n|\n|-heal|p1a: Weezing|66/100|[from] item: Black Sludge\n|upkeep\n|\n|t:|1771209598\n|switch|p2a: Hornet|Lopunny-Mega, F|21/100\n|-damage|p2a: Hornet|15/100|[from] Stealth Rock\n|turn|31\n|\n|t:|1771209605\n|move|p2a: Hornet|Fake Out|p1a: Weezing\n|-damage|p1a: Weezing|53/100\n|cant|p1a: Weezing|flinch\n|\n|-heal|p1a: Weezing|59/100|[from] item: Black Sludge\n|upkeep\n|turn|32\n|j| the salt wars\n|\n|t:|1771209611\n|move|p2a: Hornet|Frustration|p1a: Weezing\n|-damage|p1a: Weezing|26/100\n|move|p1a: Weezing|Defog|p2a: Hornet\n|-unboost|p2a: Hornet|evasion|1\n|-sideend|p2: Sub_Alola|Stealth Rock|[from] move: Defog|[of] p1a: Weezing\n|-sideend|p1: YonexMiku|Spikes|[from] move: Defog|[of] p1a: Weezing\n|-sideend|p1: YonexMiku|Stealth Rock|[from] move: Defog|[of] p1a: Weezing\n|\n|-heal|p1a: Weezing|32/100|[from] item: Black Sludge\n|upkeep\n|turn|33\n|\n|t:|1771209615\n|switch|p1a: Alomomola|Alomomola, M|57/100 tox\n|move|p2a: Hornet|Frustration|p1a: Alomomola\n|-damage|p1a: Alomomola|30/100 tox\n|\n|-heal|p1a: Alomomola|36/100 tox|[from] item: Leftovers\n|-damage|p1a: Alomomola|30/100 tox|[from] psn\n|upkeep\n|turn|34\n|\n|t:|1771209630\n|switch|p1a: Aggron|Aggron-Mega, M|88/100\n|move|p2a: Hornet|Close Combat|p1a: Aggron\n|-supereffective|p1a: Aggron\n|-damage|p1a: Aggron|50/100\n|-unboost|p2a: Hornet|def|1\n|-unboost|p2a: Hornet|spd|1\n|\n|upkeep\n|turn|35\n|\n|t:|1771209638\n|move|p2a: Hornet|U-turn|p1a: Aggron\n|-resisted|p1a: Aggron\n|-damage|p1a: Aggron|45/100\n|\n|t:|1771209641\n|switch|p2a: Nosk|Gliscor, F|100/100 tox|[from] U-turn\n|move|p1a: Aggron|Body Press|p2a: Nosk\n|-resisted|p2a: Nosk\n|-damage|p2a: Nosk|81/100 tox\n|\n|-heal|p2a: Nosk|93/100 tox|[from] ability: Poison Heal\n|upkeep\n|turn|36\n|\n|t:|1771209651\n|switch|p1a: Alomomola|Alomomola, M|63/100 tox\n|move|p2a: Nosk|Spikes|p1a: Alomomola\n|-sidestart|p1: YonexMiku|Spikes\n|\n|-heal|p1a: Alomomola|69/100 tox|[from] item: Leftovers\n|-heal|p2a: Nosk|100/100 tox|[from] ability: Poison Heal\n|-damage|p1a: Alomomola|63/100 tox|[from] psn\n|upkeep\n|turn|37\n|\n|t:|1771209657\n|move|p2a: Nosk|Earthquake|p1a: Alomomola\n|-damage|p1a: Alomomola|47/100 tox\n|move|p1a: Alomomola|Wish|p1a: Alomomola\n|\n|-heal|p1a: Alomomola|53/100 tox|[from] item: Leftovers\n|-damage|p1a: Alomomola|41/100 tox|[from] psn\n|upkeep\n|turn|38\n|\n|t:|1771209664\n|move|p2a: Nosk|Spikes|p1a: Alomomola\n|-sidestart|p1: YonexMiku|Spikes\n|move|p1a: Alomomola|Flip Turn|p2a: Nosk\n|-supereffective|p2a: Nosk\n|-damage|p2a: Nosk|77/100 tox\n|\n|t:|1771209667\n|switch|p1a: Weezing|Weezing-Galar, M|32/100|[from] Flip Turn\n|\n|-heal|p1a: Weezing|100/100|[from] move: Wish|[wisher] Alomomola\n|-heal|p2a: Nosk|89/100 tox|[from] ability: Poison Heal\n|upkeep\n|turn|39\n|-message|Sub_Alola forfeited.\n|\n|win|YonexMiku\n|raw|YonexMiku's rating: 1591 &rarr; <strong>1610</strong><br />(+19 for winning)\n|raw|Sub_Alola's rating: 1576 &rarr; <strong>1557</strong><br />(-19 for losing)\n|l|☆Sub_Alola\n|player|p2|\n|l|☆YonexMiku\n|player|p1|\n", "uploadtime": 1771209832, "views": 7, "formatid": "gen9nationaldex", "rating": 1557, "private": 0, "password": null}