{"id": "gen9nationaldex-2540211825", "format": "[Gen 9] National Dex", "players": ["starebirdxx", "Samurott500"], "log": "|j|☆starebirdxx\n|j|☆Samurott500\n|t:|1771176345\n|gametype|singles\n|player|p1|starebirdxx|rosa|1689\n|player|p2|Samurott500|cynthia|1623\n|gen|9\n|tier|[Gen 9] National Dex\n|rated|\n|rule|HP Percentage Mod: HP is shown in percentages\n|rule|Endless Battle Clause: Forcing endless battles is banned\n|rule|Species Clause: Limit one of each Pokémon\n|rule|OHKO Clause: OHKO moves are banned\n|rule|Evasion Clause: Evasion abilities, items, and moves are banned\n|rule|Evasion Abilities Clause: Evasion abilities are banned\n|rule|Evasion Items Clause: Evasion items are banned\n|rule|Evasion Moves Clause: Evasion moves are banned\n|rule|Sleep Clause Mod: Limit one foe put to sleep\n|rule|Terastal Clause: You cannot Terastallize\n|clearpoke\n|poke|p1|Hatterene, F|\n|poke|p1|Cresselia, F|\n|poke|p1|Porygon2|\n|poke|p1|Ursaluna, M|\n|poke|p1|Mawile, F|\n|poke|p1|Marowak-Alola, M|\n|poke|p2|Aegislash, M|\n|poke|p2|Blaziken, M|\n|poke|p2|Hydreigon, F|\n|poke|p2|Hatterene, F|\n|poke|p2|Venusaur, F|\n|poke|p2|Gliscor, F|\n|teampreview\n|j| salmonelephant\n|\n|t:|1771176362\n|teamsize|p1|6\n|teamsize|p2|6\n|start\n|switch|p1a: Ursaluna|Ursaluna, M|100/100\n|switch|p2a: Venusaur|Venusaur, F|100/100\n|turn|1\n|\n|t:|1771176367\n|switch|p1a: Porygon2|Porygon2|100/100\n|-ability|p1a: Porygon2|Chlorophyll|Trace|[from] ability: Trace|[of] p2a: Venusaur\n|detailschange|p2a: Venusaur|Venusaur-Mega, F\n|-mega|p2a: Venusaur|Venusaur|Venusaurite\n|move|p2a: Venusaur|Giga Drain|p1a: Porygon2\n|-damage|p1a: Porygon2|84/100\n|\n|upkeep\n|turn|2\n|\n|t:|1771176371\n|move|p2a: Venusaur|Sludge Bomb|p1a: Porygon2\n|-damage|p1a: Porygon2|64/100\n|move|p1a: Porygon2|Trick Room|p1a: Porygon2\n|-fieldstart|move: Trick Room|[of] p1a: Porygon2\n|\n|upkeep\n|turn|3\n|\n|t:|1771176374\n|move|p2a: Venusaur|Sludge Bomb|p1a: Porygon2\n|-damage|p1a: Porygon2|40/100\n|move|p1a: Porygon2|Teleport|p1a: Porygon2\n|\n|t:|1771176387\n|switch|p1a: Ursaluna|Ursaluna, M|100/100|[from] Teleport\n|\n|-status|p1a: Ursaluna|brn|[from] item: Flame Orb\n|upkeep\n|turn|4\n|j| BouCouMussDiss\n|\n|t:|1771176391\n|move|p1a: Ursaluna|Facade|p2a: Venusaur\n|-damage|p2a: Venusaur|5/100\n|move|p2a: Venusaur|Giga Drain|p1a: Ursaluna\n|-supereffective|p1a: Ursaluna\n|-damage|p1a: Ursaluna|29/100 brn\n|-heal|p2a: Venusaur|51/100|[from] drain|[of] p1a: Ursaluna\n|\n|-damage|p1a: Ursaluna|23/100 brn|[from] brn\n|upkeep\n|turn|5\n|\n|t:|1771176397\n|move|p1a: Ursaluna|Headlong Rush|p2a: Venusaur\n|-damage|p2a: Venusaur|0 fnt\n|-unboost|p1a: Ursaluna|def|1\n|-unboost|p1a: Ursaluna|spd|1\n|faint|p2a: Venusaur\n|detailschange|p2: Venusaur|Venusaur, F|[silent]\n|\n|-damage|p1a: Ursaluna|17/100 brn|[from] brn\n|upkeep\n|\n|t:|1771176402\n|switch|p2a: Aegislash|Aegislash, M, shiny|100/100\n|turn|6\n|\n|t:|1771176407\n|switch|p1a: Porygon2|Porygon2|40/100\n|move|p2a: Aegislash|King's Shield||[still]\n|-fail|p2a: Aegislash\n|\n|-fieldend|move: Trick Room\n|upkeep\n|turn|7\n|\n|t:|1771176410\n|move|p2a: Aegislash|Swords Dance|p2a: Aegislash\n|-boost|p2a: Aegislash|atk|2\n|move|p1a: Porygon2|Trick Room|p1a: Porygon2\n|-fieldstart|move: Trick Room|[of] p1a: Porygon2\n|\n|upkeep\n|turn|8\n|\n|t:|1771176412\n|-formechange|p2a: Aegislash|Aegislash-Blade||[from] ability: Stance Change\n|move|p2a: Aegislash|Iron Head|p1a: Porygon2\n|-damage|p1a: Porygon2|0 fnt\n|faint|p1a: Porygon2\n|\n|upkeep\n|\n|t:|1771176417\n|switch|p1a: Mawile|Mawile, F|100/100\n|-ability|p1a: Mawile|Intimidate|boost\n|-unboost|p2a: Aegislash|atk|1\n|turn|9\n|\n|t:|1771176419\n|detailschange|p1a: Mawile|Mawile-Mega, F\n|-mega|p1a: Mawile|Mawile|Mawilite\n|-formechange|p2a: Aegislash|Aegislash||[from] ability: Stance Change\n|move|p2a: Aegislash|King's Shield|p2a: Aegislash\n|-singleturn|p2a: Aegislash|Protect\n|move|p1a: Mawile|Swords Dance|p1a: Mawile\n|-boost|p1a: Mawile|atk|2\n|\n|upkeep\n|turn|10\n|\n|t:|1771176425\n|switch|p2a: Brazuken|Blaziken, M, shiny|100/100\n|move|p1a: Mawile|Play Rough|p2a: Brazuken|[miss]\n|-miss|p1a: Mawile|p2a: Brazuken\n|\n|upkeep\n|turn|11\n|\n|t:|1771176431\n|move|p2a: Brazuken|Protect|p2a: Brazuken\n|-singleturn|p2a: Brazuken|Protect\n|move|p1a: Mawile|Knock Off|p2a: Brazuken\n|-activate|p2a: Brazuken|move: Protect\n|\n|-fieldend|move: Trick Room\n|-ability|p2a: Brazuken|Speed Boost|boost\n|-boost|p2a: Brazuken|spe|1\n|upkeep\n|turn|12\n|\n|t:|1771176438\n|move|p1a: Mawile|Sucker Punch|p2a: Brazuken\n|-resisted|p2a: Brazuken\n|-crit|p2a: Brazuken\n|-damage|p2a: Brazuken|0 fnt\n|faint|p2a: Brazuken\n|\n|upkeep\n|\n|t:|1771176441\n|switch|p2a: Hydreigon|Hydreigon, F|100/100\n|turn|13\n|\n|t:|1771176443\n|move|p2a: Hydreigon|Earth Power|p1a: Mawile\n|-supereffective|p1a: Mawile\n|-damage|p1a: Mawile|4/100\n|-damage|p2a: Hydreigon|91/100|[from] item: Life Orb\n|move|p1a: Mawile|Play Rough|p2a: Hydreigon\n|-supereffective|p2a: Hydreigon\n|-damage|p2a: Hydreigon|0 fnt\n|faint|p2a: Hydreigon\n|\n|upkeep\n|\n|t:|1771176448\n|switch|p2a: Gliscor|Gliscor, F|100/100\n|turn|14\n|\n|t:|1771176451\n|switch|p1a: Cresselia|Cresselia, F|100/100\n|move|p2a: Gliscor|U-turn|p1a: Cresselia\n|-supereffective|p1a: Cresselia\n|-damage|p1a: Cresselia|80/100\n|-damage|p2a: Gliscor|84/100|[from] item: Rocky Helmet|[of] p1a: Cresselia\n|\n|t:|1771176459\n|switch|p2a: Aegislash|Aegislash, M, shiny|100/100|[from] U-turn\n|\n|upkeep\n|turn|15\n|\n|t:|1771176461\n|move|p2a: Aegislash|Swords Dance|p2a: Aegislash\n|-boost|p2a: Aegislash|atk|2\n|move|p1a: Cresselia|Trick Room|p1a: Cresselia\n|-fieldstart|move: Trick Room|[of] p1a: Cresselia\n|\n|upkeep\n|turn|16\n|\n|t:|1771176464\n|move|p1a: Cresselia|Lunar Dance|p1a: Cresselia\n|faint|p1a: Cresselia\n|-formechange|p2a: Aegislash|Aegislash-Blade||[from] ability: Stance Change\n|move|p2a: Aegislash|Iron Head|p1: Cresselia|[notarget]\n|-fail|p2a: Aegislash\n|\n|upkeep\n|\n|t:|1771176467\n|switch|p1a: Ursaluna|Ursaluna, M|17/100 brn\n|-heal|p1a: Ursaluna|100/100|[from] move: Lunar Dance\n|turn|17\n|\n|t:|1771176469\n|move|p1a: Ursaluna|Headlong Rush|p2a: Aegislash\n|-supereffective|p2a: Aegislash\n|-damage|p2a: Aegislash|0 fnt\n|-unboost|p1a: Ursaluna|def|1\n|-unboost|p1a: Ursaluna|spd|1\n|faint|p2a: Aegislash\n|\n|-status|p1a: Ursaluna|brn|[from] item: Flame Orb\n|upkeep\n|-message|Samurott500 forfeited.\n|\n|win|starebirdxx\n|raw|starebirdxx's rating: 1689 &rarr; <strong>1705</strong><br />(+16 for winning)\n|raw|Samurott500's rating: 1623 &rarr; <strong>1607</strong><br />(-16 for losing)\n|l|☆Samurott500\n|player|p2|\n|l|☆starebirdxx\n|player|p1|\n|l| salmonelephant\n|l| BouCouMussDiss\n", "uploadtime": 1771176726, "views": 6, "formatid": "gen9nationaldex", "rating": 1607, "private": 0, "password": null}