{"id": "gen9nationaldex-2540517058", "format": "[Gen 9] National Dex", "players": ["kuro_xq", "fight me son"], "log": "|j|☆kuro_xq\n|j|☆fight me son\n|t:|1771211971\n|gametype|singles\n|player|p1|kuro_xq|iris-gen5bw2|1558\n|player|p2|fight me son|1|1636\n|gen|9\n|tier|[Gen 9] National Dex\n|rated|\n|rule|HP Percentage Mod: HP is shown in percentages\n|rule|Endless Battle Clause: Forcing endless battles is banned\n|rule|Species Clause: Limit one of each Pokémon\n|rule|OHKO Clause: OHKO moves are banned\n|rule|Evasion Clause: Evasion abilities, items, and moves are banned\n|rule|Evasion Abilities Clause: Evasion abilities are banned\n|rule|Evasion Items Clause: Evasion items are banned\n|rule|Evasion Moves Clause: Evasion moves are banned\n|rule|Sleep Clause Mod: Limit one foe put to sleep\n|rule|Terastal Clause: You cannot Terastallize\n|clearpoke\n|poke|p1|Pinsir, M|\n|poke|p1|Melmetal|\n|poke|p1|Terapagos, M|\n|poke|p1|Zamazenta-*|\n|poke|p1|Blaziken, F|\n|poke|p1|Clefable, F|\n|poke|p2|Garchomp, F|\n|poke|p2|Xurkitree|\n|poke|p2|Tapu Lele|\n|poke|p2|Scizor, F|\n|poke|p2|Alomomola, F|\n|poke|p2|Tornadus-Therian, M|\n|teampreview\n|\n|t:|1771211983\n|teamsize|p1|6\n|teamsize|p2|6\n|start\n|switch|p1a: Melmetal|Melmetal|100/100\n|switch|p2a: Scizor|Scizor, F|100/100\n|turn|1\n|inactive|Battle timer is ON: inactive players will automatically lose when time's up. (requested by kuro_xq)\n|\n|t:|1771211987\n|switch|p1a: Zamazenta|Zamazenta|100/100\n|-ability|p1a: Zamazenta|Dauntless Shield|boost\n|-boost|p1a: Zamazenta|def|1\n|detailschange|p2a: Scizor|Scizor-Mega, F\n|-mega|p2a: Scizor|Scizor|Scizorite\n|move|p2a: Scizor|Knock Off|p1a: Zamazenta\n|-resisted|p1a: Zamazenta\n|-damage|p1a: Zamazenta|94/100\n|-enditem|p1a: Zamazenta|Leftovers|[from] move: Knock Off|[of] p2a: Scizor\n|\n|upkeep\n|turn|2\n|\n|t:|1771211997\n|move|p1a: Zamazenta|Body Press|p2a: Scizor\n|-damage|p2a: Scizor|66/100\n|move|p2a: Scizor|U-turn|p1a: Zamazenta\n|-resisted|p1a: Zamazenta\n|-damage|p1a: Zamazenta|87/100\n|\n|t:|1771212004\n|switch|p2a: Tornadus|Tornadus-Therian, M|100/100|[from] U-turn\n|\n|upkeep\n|turn|3\n|\n|t:|1771212011\n|switch|p1a: Terapagos|Terapagos, M|100/100\n|-activate|p1a: Terapagos|ability: Tera Shift\n|detailschange|p1a: Terapagos|Terapagos-Terastal, M\n|-heal|p1a: Terapagos|100/100|[silent]\n|move|p2a: Tornadus|Hurricane|p1a: Terapagos|[miss]\n|-miss|p2a: Tornadus|p1a: Terapagos\n|\n|upkeep\n|turn|4\n|\n|t:|1771212017\n|move|p2a: Tornadus|U-turn|p1a: Terapagos\n|-activate|p1a: Terapagos|ability: Tera Shell\n|-resisted|p1a: Terapagos\n|-damage|p1a: Terapagos|94/100\n|\n|t:|1771212018\n|switch|p2a: Tapu Lele|Tapu Lele|100/100|[from] U-turn\n|-fieldstart|move: Psychic Terrain|[from] ability: Psychic Surge|[of] p2a: Tapu Lele\n|move|p1a: Terapagos|Rapid Spin|p2a: Tapu Lele\n|-damage|p2a: Tapu Lele|79/100\n|-boost|p1a: Terapagos|spe|1\n|\n|upkeep\n|turn|5\n|\n|t:|1771212023\n|move|p2a: Tapu Lele|Moonblast|p1a: Terapagos\n|-damage|p1a: Terapagos|58/100\n|move|p1a: Terapagos|Tera Starstorm|p2a: Tapu Lele\n|-damage|p2a: Tapu Lele|28/100\n|\n|upkeep\n|turn|6\n|\n|t:|1771212027\n|move|p2a: Tapu Lele|Moonblast|p1a: Terapagos\n|-damage|p1a: Terapagos|15/100\n|-unboost|p1a: Terapagos|spa|1\n|move|p1a: Terapagos|Tera Starstorm|p2a: Tapu Lele\n|-damage|p2a: Tapu Lele|0 fnt\n|faint|p2a: Tapu Lele\n|\n|upkeep\n|\n|t:|1771212039\n|switch|p2a: Tornadus|Tornadus-Therian, M|100/100\n|turn|7\n|\n|t:|1771212049\n|move|p1a: Terapagos|Tera Starstorm|p2a: Tornadus\n|-damage|p2a: Tornadus|65/100\n|move|p2a: Tornadus|Heat Wave|p1a: Terapagos\n|-damage|p1a: Terapagos|0 fnt\n|faint|p1a: Terapagos\n|\n|upkeep\n|\n|t:|1771212057\n|switch|p1a: Blaziken|Blaziken, F|100/100\n|turn|8\n|\n|t:|1771212060\n|move|p2a: Tornadus|Hurricane|p1a: Blaziken\n|-supereffective|p1a: Blaziken\n|-crit|p1a: Blaziken\n|-enditem|p1a: Blaziken|Focus Sash\n|-damage|p1a: Blaziken|1/100\n|move|p1a: Blaziken|Swords Dance|p1a: Blaziken\n|-boost|p1a: Blaziken|atk|2\n|\n|-fieldend|move: Psychic Terrain\n|-ability|p1a: Blaziken|Speed Boost|boost\n|-boost|p1a: Blaziken|spe|1\n|upkeep\n|turn|9\n|\n|t:|1771212064\n|move|p1a: Blaziken|Blaze Kick|p2a: Tornadus\n|-crit|p2a: Tornadus\n|-damage|p2a: Tornadus|0 fnt\n|faint|p2a: Tornadus\n|\n|-ability|p1a: Blaziken|Speed Boost|boost\n|-boost|p1a: Blaziken|spe|1\n|upkeep\n|\n|t:|1771212067\n|switch|p2a: Scizor|Scizor-Mega, F|66/100\n|turn|10\n|\n|t:|1771212069\n|switch|p1a: Melmetal|Melmetal|100/100\n|move|p2a: Scizor|Bullet Punch|p1a: Melmetal\n|-resisted|p1a: Melmetal\n|-damage|p1a: Melmetal|92/100\n|\n|upkeep\n|turn|11\n|\n|t:|1771212073\n|move|p2a: Scizor|Knock Off|p1a: Melmetal\n|-damage|p1a: Melmetal|74/100\n|-enditem|p1a: Melmetal|Punching Glove|[from] move: Knock Off|[of] p2a: Scizor\n|move|p1a: Melmetal|Double Iron Bash|p2a: Scizor\n|-resisted|p2a: Scizor\n|-damage|p2a: Scizor|52/100\n|-resisted|p2a: Scizor\n|-damage|p2a: Scizor|40/100\n|-hitcount|p2a: Scizor|2\n|\n|upkeep\n|turn|12\n|\n|t:|1771212078\n|move|p2a: Scizor|Roost|p2a: Scizor\n|-heal|p2a: Scizor|90/100\n|-singleturn|p2a: Scizor|move: Roost\n|move|p1a: Melmetal|Ice Punch|p2a: Scizor\n|-resisted|p2a: Scizor\n|-damage|p2a: Scizor|81/100\n|\n|upkeep\n|turn|13\n|\n|t:|1771212081\n|move|p2a: Scizor|U-turn|p1a: Melmetal\n|-resisted|p1a: Melmetal\n|-damage|p1a: Melmetal|63/100\n|\n|t:|1771212083\n|switch|p2a: Alomomola|Alomomola, F|100/100|[from] U-turn\n|move|p1a: Melmetal|Ice Punch|p2a: Alomomola\n|-resisted|p2a: Alomomola\n|-damage|p2a: Alomomola|91/100\n|\n|-heal|p2a: Alomomola|97/100|[from] item: Leftovers\n|upkeep\n|turn|14\n|\n|t:|1771212086\n|move|p2a: Alomomola|Scald|p1a: Melmetal\n|-damage|p1a: Melmetal|49/100\n|move|p1a: Melmetal|Double Iron Bash|p2a: Alomomola\n|-resisted|p2a: Alomomola\n|-damage|p2a: Alomomola|85/100\n|-resisted|p2a: Alomomola\n|-damage|p2a: Alomomola|72/100\n|-hitcount|p2a: Alomomola|2\n|\n|-heal|p2a: Alomomola|79/100|[from] item: Leftovers\n|upkeep\n|turn|15\n|\n|t:|1771212090\n|move|p2a: Alomomola|Scald|p1a: Melmetal\n|-damage|p1a: Melmetal|32/100\n|move|p1a: Melmetal|Ice Punch|p2a: Alomomola\n|-resisted|p2a: Alomomola\n|-damage|p2a: Alomomola|69/100\n|\n|-heal|p2a: Alomomola|75/100|[from] item: Leftovers\n|upkeep\n|turn|16\n|\n|t:|1771212092\n|move|p2a: Alomomola|Scald|p1a: Melmetal\n|-damage|p1a: Melmetal|17/100\n|move|p1a: Melmetal|Double Iron Bash|p2a: Alomomola\n|-resisted|p2a: Alomomola\n|-damage|p2a: Alomomola|63/100\n|-resisted|p2a: Alomomola\n|-damage|p2a: Alomomola|51/100\n|-hitcount|p2a: Alomomola|2\n|\n|-heal|p2a: Alomomola|58/100|[from] item: Leftovers\n|upkeep\n|turn|17\n|\n|t:|1771212095\n|move|p2a: Alomomola|Wish|p2a: Alomomola\n|move|p1a: Melmetal|Double Iron Bash|p2a: Alomomola\n|-resisted|p2a: Alomomola\n|-damage|p2a: Alomomola|45/100\n|-resisted|p2a: Alomomola\n|-damage|p2a: Alomomola|33/100\n|-hitcount|p2a: Alomomola|2\n|\n|-heal|p2a: Alomomola|40/100|[from] item: Leftovers\n|upkeep\n|turn|18\n|\n|t:|1771212098\n|move|p2a: Alomomola|Scald|p1a: Melmetal\n|-damage|p1a: Melmetal|2/100\n|move|p1a: Melmetal|Double Iron Bash|p2a: Alomomola\n|-resisted|p2a: Alomomola\n|-damage|p2a: Alomomola|28/100\n|-resisted|p2a: Alomomola\n|-damage|p2a: Alomomola|16/100\n|-hitcount|p2a: Alomomola|2\n|\n|-heal|p2a: Alomomola|66/100|[from] move: Wish|[wisher] Alomomola\n|-heal|p2a: Alomomola|73/100|[from] item: Leftovers\n|upkeep\n|turn|19\n|\n|t:|1771212101\n|move|p2a: Alomomola|Wish|p2a: Alomomola\n|move|p1a: Melmetal|Double Iron Bash|p2a: Alomomola\n|-resisted|p2a: Alomomola\n|-damage|p2a: Alomomola|60/100\n|-resisted|p2a: Alomomola\n|-damage|p2a: Alomomola|49/100\n|-hitcount|p2a: Alomomola|2\n|\n|-heal|p2a: Alomomola|55/100|[from] item: Leftovers\n|upkeep\n|turn|20\n|\n|t:|1771212114\n|move|p2a: Alomomola|Flip Turn|p1a: Melmetal\n|-damage|p1a: Melmetal|0 fnt\n|faint|p1a: Melmetal\n|\n|t:|1771212115\n|switch|p2a: Scizor|Scizor-Mega, F|81/100|[from] Flip Turn\n|\n|-heal|p2a: Scizor|100/100|[from] move: Wish|[wisher] Alomomola\n|upkeep\n|\n|t:|1771212119\n|switch|p1a: Zamazenta|Zamazenta|87/100\n|turn|21\n|\n|t:|1771212121\n|move|p1a: Zamazenta|Iron Defense|p1a: Zamazenta\n|-boost|p1a: Zamazenta|def|2\n|move|p2a: Scizor|U-turn|p1a: Zamazenta\n|-resisted|p1a: Zamazenta\n|-damage|p1a: Zamazenta|81/100\n|\n|t:|1771212123\n|switch|p2a: Xurkitree|Xurkitree|100/100|[from] U-turn\n|\n|upkeep\n|turn|22\n|\n|t:|1771212127\n|move|p2a: Xurkitree|Dazzling Gleam|p1a: Zamazenta\n|-supereffective|p1a: Zamazenta\n|-damage|p1a: Zamazenta|29/100\n|move|p1a: Zamazenta|Body Press|p2a: Xurkitree\n|-damage|p2a: Xurkitree|0 fnt\n|faint|p2a: Xurkitree\n|\n|upkeep\n|\n|t:|1771212138\n|switch|p2a: Garchomp|Garchomp, F|100/100\n|turn|23\n|\n|t:|1771212142\n|move|p1a: Zamazenta|Substitute|p1a: Zamazenta\n|-start|p1a: Zamazenta|Substitute\n|-damage|p1a: Zamazenta|4/100\n|move|p2a: Garchomp|Earthquake|p1a: Zamazenta\n|-activate|p1a: Zamazenta|move: Substitute|[damage]\n|\n|upkeep\n|turn|24\n|\n|t:|1771212146\n|move|p1a: Zamazenta|Iron Defense|p1a: Zamazenta\n|-boost|p1a: Zamazenta|def|2\n|move|p2a: Garchomp|Earthquake|p1a: Zamazenta\n|-activate|p1a: Zamazenta|move: Substitute|[damage]\n|\n|upkeep\n|turn|25\n|\n|t:|1771212157\n|move|p1a: Zamazenta|Iron Defense|p1a: Zamazenta\n|-boost|p1a: Zamazenta|def|2\n|move|p2a: Garchomp|Stealth Rock|p1a: Zamazenta\n|-sidestart|p1: kuro_xq|move: Stealth Rock\n|\n|upkeep\n|turn|26\n|\n|t:|1771212161\n|move|p1a: Zamazenta|Body Press|p2a: Garchomp\n|-damage|p2a: Garchomp|0 fnt\n|-damage|p1a: Zamazenta|0 fnt|[from] ability: Rough Skin|[of] p2a: Garchomp\n|faint|p2a: Garchomp\n|faint|p1a: Zamazenta\n|\n|upkeep\n|\n|t:|1771212170\n|switch|p1a: Clefable|Clefable, F|100/100\n|switch|p2a: Scizor|Scizor-Mega, F|100/100\n|turn|27\n|\n|t:|1771212173\n|switch|p1a: Blaziken|Blaziken, F|1/100\n|-damage|p1a: Blaziken|0 fnt|[from] Stealth Rock\n|faint|p1a: Blaziken\n|move|p2a: Scizor|Bullet Punch|p1: Blaziken|[notarget]\n|-fail|p2a: Scizor\n|\n|upkeep\n|\n|t:|1771212175\n|switch|p1a: Pinsir|Pinsir, M|100/100\n|-damage|p1a: Pinsir|76/100|[from] Stealth Rock\n|turn|28\n|\n|t:|1771212178\n|detailschange|p1a: Pinsir|Pinsir-Mega, M\n|-mega|p1a: Pinsir|Pinsir|Pinsirite\n|move|p2a: Scizor|Bullet Punch|p1a: Pinsir\n|-damage|p1a: Pinsir|41/100\n|move|p1a: Pinsir|Return|p2a: Scizor\n|-damage|p2a: Scizor|54/100\n|\n|upkeep\n|turn|29\n|\n|t:|1771212186\n|move|p1a: Pinsir|Return|p2a: Scizor\n|-crit|p2a: Scizor\n|-damage|p2a: Scizor|0 fnt\n|faint|p2a: Scizor\n|detailschange|p2: Scizor|Scizor, F|[silent]\n|\n|upkeep\n|\n|t:|1771212189\n|switch|p2a: Alomomola|Alomomola, F|89/100\n|turn|30\n|\n|t:|1771212193\n|move|p1a: Pinsir|Swords Dance|p1a: Pinsir\n|-boost|p1a: Pinsir|atk|2\n|move|p2a: Alomomola|Scald|p1a: Pinsir\n|-crit|p1a: Pinsir\n|-damage|p1a: Pinsir|11/100\n|-status|p1a: Pinsir|brn\n|\n|-heal|p2a: Alomomola|95/100|[from] item: Leftovers\n|-damage|p1a: Pinsir|5/100 brn|[from] brn\n|upkeep\n|turn|31\n|\n|t:|1771212196\n|move|p1a: Pinsir|Return|p2a: Alomomola\n|-damage|p2a: Alomomola|50/100\n|move|p2a: Alomomola|Wish|p2a: Alomomola\n|\n|-heal|p2a: Alomomola|56/100|[from] item: Leftovers\n|-damage|p1a: Pinsir|0 fnt|[from] brn\n|faint|p1a: Pinsir\n|detailschange|p1: Pinsir|Pinsir, M|[silent]\n|upkeep\n|\n|t:|1771212199\n|switch|p1a: Clefable|Clefable, F|100/100\n|turn|32\n|\n|t:|1771212201\n|move|p2a: Alomomola|Scald|p1a: Clefable\n|-damage|p1a: Clefable|87/100\n|move|p1a: Clefable|Cosmic Power|p1a: Clefable\n|-boost|p1a: Clefable|def|1\n|-boost|p1a: Clefable|spd|1\n|\n|-heal|p2a: Alomomola|100/100|[from] move: Wish|[wisher] Alomomola\n|-heal|p1a: Clefable|93/100|[from] item: Leftovers\n|upkeep\n|turn|33\n|-message|fight me son forfeited.\n|\n|win|kuro_xq\n|raw|kuro_xq's rating: 1558 &rarr; <strong>1582</strong><br />(+24 for winning)\n|raw|fight me son's rating: 1636 &rarr; <strong>1612</strong><br />(-24 for losing)\n|l|☆fight me son\n|player|p2|\n", "uploadtime": 1771212206, "views": 6, "formatid": "gen9nationaldex", "rating": 1582, "private": 0, "password": null}