{"id": "gen9nationaldex-2540618689", "format": "[Gen 9] National Dex", "players": ["lengyue007", "nintenbocks"], "log": "|j|‽lengyue007\n|j|☆nintenbocks\n|t:|1771228365\n|gametype|singles\n|player|p1|lengyue007|swimmerf-gen4|1530\n|player|p2|nintenbocks|skyla|1607\n|gen|9\n|tier|[Gen 9] National Dex\n|rated|\n|rule|HP Percentage Mod: HP is shown in percentages\n|rule|Endless Battle Clause: Forcing endless battles is banned\n|rule|Species Clause: Limit one of each Pokémon\n|rule|OHKO Clause: OHKO moves are banned\n|rule|Evasion Clause: Evasion abilities, items, and moves are banned\n|rule|Evasion Abilities Clause: Evasion abilities are banned\n|rule|Evasion Items Clause: Evasion items are banned\n|rule|Evasion Moves Clause: Evasion moves are banned\n|rule|Sleep Clause Mod: Limit one foe put to sleep\n|rule|Terastal Clause: You cannot Terastallize\n|clearpoke\n|poke|p1|Tyranitar, M|\n|poke|p1|Urshifu-*, M|\n|poke|p1|Landorus-Therian, M|\n|poke|p1|Gholdengo|\n|poke|p1|Tapu Lele|\n|poke|p1|Terapagos, M|\n|poke|p2|Araquanid, F|\n|poke|p2|Ninetales-Alola, M|\n|poke|p2|Ceruledge, M|\n|poke|p2|Moltres-Galar|\n|poke|p2|Serperior, F|\n|poke|p2|Iron Treads|\n|teampreview\n|inactive|Battle timer is ON: inactive players will automatically lose when time's up. (requested by nintenbocks)\n|inactive|lengyue007 also wants the timer to be on.\n|\n|t:|1771228381\n|teamsize|p1|6\n|teamsize|p2|6\n|start\n|switch|p1a: Landorus|Landorus-Therian, M|100/100\n|switch|p2a: Araquanid|Araquanid, F|100/100\n|-ability|p1a: Landorus|Intimidate|boost\n|-unboost|p2a: Araquanid|atk|1\n|turn|1\n|\n|t:|1771228389\n|move|p1a: Landorus|Taunt|p2a: Araquanid\n|-start|p2a: Araquanid|move: Taunt\n|move|p2a: Araquanid|Surf|p1a: Landorus\n|-supereffective|p1a: Landorus\n|-damage|p1a: Landorus|0 fnt\n|faint|p1a: Landorus\n|\n|upkeep\n|\n|t:|1771228400\n|switch|p1a: Tyranitar|Tyranitar, M|100/100\n|-weather|Sandstorm|[from] ability: Sand Stream|[of] p1a: Tyranitar\n|turn|2\n|\n|t:|1771228406\n|detailschange|p1a: Tyranitar|Tyranitar-Mega, M\n|-mega|p1a: Tyranitar|Tyranitar|Tyranitarite\n|move|p1a: Tyranitar|Stone Edge|p2a: Araquanid\n|-supereffective|p2a: Araquanid\n|-damage|p2a: Araquanid|0 fnt\n|faint|p2a: Araquanid\n|\n|-weather|Sandstorm|[upkeep]\n|upkeep\n|\n|t:|1771228412\n|switch|p2a: Ninetales|Ninetales-Alola, M|100/100\n|-weather|Snowscape|[from] ability: Snow Warning|[of] p2a: Ninetales\n|turn|3\n|\n|t:|1771228416\n|move|p2a: Ninetales|Aurora Veil|p2a: Ninetales\n|-sidestart|p2: nintenbocks|move: Aurora Veil\n|move|p1a: Tyranitar|Knock Off|p2a: Ninetales\n|-resisted|p2a: Ninetales\n|-damage|p2a: Ninetales|87/100\n|-enditem|p2a: Ninetales|Light Clay|[from] move: Knock Off|[of] p1a: Tyranitar\n|\n|-weather|Snowscape|[upkeep]\n|upkeep\n|turn|4\n|\n|t:|1771228434\n|switch|p2a: Ceruledge|Ceruledge, M|100/100\n|move|p1a: Tyranitar|Knock Off|p2a: Ceruledge\n|-supereffective|p2a: Ceruledge\n|-damage|p2a: Ceruledge|22/100\n|-ability|p2a: Ceruledge|Weak Armor|boost\n|-unboost|p2a: Ceruledge|def|1\n|-boost|p2a: Ceruledge|spe|2\n|-enditem|p2a: Ceruledge|Focus Sash|[from] move: Knock Off|[of] p1a: Tyranitar\n|\n|-weather|Snowscape|[upkeep]\n|upkeep\n|turn|5\n|\n|t:|1771228445\n|switch|p1a: Urshifu|Urshifu-Rapid-Strike, M|100/100\n|move|p2a: Ceruledge|Close Combat|p1a: Urshifu\n|-damage|p1a: Urshifu|56/100\n|-unboost|p2a: Ceruledge|def|1\n|-unboost|p2a: Ceruledge|spd|1\n|\n|-weather|Snowscape|[upkeep]\n|upkeep\n|turn|6\n|\n|t:|1771228451\n|move|p1a: Urshifu|Aqua Jet|p2a: Ceruledge\n|-supereffective|p2a: Ceruledge\n|-damage|p2a: Ceruledge|0 fnt\n|faint|p2a: Ceruledge\n|\n|-weather|Snowscape|[upkeep]\n|upkeep\n|\n|t:|1771228454\n|switch|p2a: Moltres|Moltres-Galar|100/100\n|turn|7\n|\n|t:|1771228460\n|switch|p1a: Tyranitar|Tyranitar-Mega, M|100/100\n|-weather|Sandstorm|[from] ability: Sand Stream|[of] p1a: Tyranitar\n|move|p2a: Moltres|Nasty Plot|p2a: Moltres\n|-boost|p2a: Moltres|spa|2\n|\n|-weather|Sandstorm|[upkeep]\n|-damage|p2a: Moltres|94/100|[from] Sandstorm\n|-heal|p2a: Moltres|100/100|[from] item: Leftovers\n|upkeep\n|turn|8\n|\n|t:|1771228477\n|move|p2a: Moltres|Fiery Wrath|p1a: Tyranitar\n|-resisted|p1a: Tyranitar\n|-damage|p1a: Tyranitar|80/100\n|move|p1a: Tyranitar|Stone Edge|p2a: Moltres\n|-supereffective|p2a: Moltres\n|-damage|p2a: Moltres|22/100\n|-ability|p2a: Moltres|Berserk|boost\n|-boost|p2a: Moltres|spa|1\n|\n|-weather|Sandstorm|[upkeep]\n|-damage|p2a: Moltres|16/100|[from] Sandstorm\n|-heal|p2a: Moltres|22/100|[from] item: Leftovers\n|upkeep\n|turn|9\n|\n|t:|1771228483\n|move|p2a: Moltres|Fiery Wrath|p1a: Tyranitar\n|-resisted|p1a: Tyranitar\n|-damage|p1a: Tyranitar|52/100\n|cant|p1a: Tyranitar|flinch\n|\n|-weather|Sandstorm|[upkeep]\n|-damage|p2a: Moltres|16/100|[from] Sandstorm\n|-heal|p2a: Moltres|22/100|[from] item: Leftovers\n|upkeep\n|turn|10\n|\n|t:|1771228488\n|move|p2a: Moltres|Fiery Wrath|p1a: Tyranitar\n|-resisted|p1a: Tyranitar\n|-damage|p1a: Tyranitar|24/100\n|move|p1a: Tyranitar|Low Kick|p2a: Moltres\n|-damage|p2a: Moltres|1/100\n|\n|-weather|Sandstorm|[upkeep]\n|-damage|p2a: Moltres|0 fnt|[from] Sandstorm\n|faint|p2a: Moltres\n|-sideend|p2: nintenbocks|move: Aurora Veil\n|upkeep\n|\n|t:|1771228493\n|switch|p2a: Serperior|Serperior, F|100/100\n|turn|11\n|\n|t:|1771228498\n|switch|p1a: Gholdengo|Gholdengo|100/100\n|move|p2a: Serperior|Leaf Storm|p1a: Gholdengo|[miss]\n|-miss|p2a: Serperior|p1a: Gholdengo\n|\n|-weather|none\n|upkeep\n|turn|12\n|\n|t:|1771228502\n|move|p2a: Serperior|Leaf Storm|p1a: Gholdengo\n|-resisted|p1a: Gholdengo\n|-crit|p1a: Gholdengo\n|-damage|p1a: Gholdengo|53/100\n|-boost|p2a: Serperior|spa|2\n|-damage|p2a: Serperior|91/100|[from] item: Life Orb\n|move|p1a: Gholdengo|Thunder Wave|p2a: Serperior\n|-status|p2a: Serperior|par\n|\n|upkeep\n|turn|13\n|\n|t:|1771228507\n|-zpower|p1a: Gholdengo\n|move|p1a: Gholdengo|Never-Ending Nightmare|p2a: Serperior|[zeffect]\n|-damage|p2a: Serperior|10/100 par\n|move|p2a: Serperior|Hidden Power|p1a: Gholdengo\n|-supereffective|p1a: Gholdengo\n|-damage|p1a: Gholdengo|0 fnt\n|faint|p1a: Gholdengo\n|-damage|p2a: Serperior|0 fnt|[from] item: Life Orb\n|faint|p2a: Serperior\n|\n|upkeep\n|-message|nintenbocks forfeited.\n|\n|win|lengyue007\n|raw|lengyue007's rating: 1530 &rarr; <strong>1554</strong><br />(+24 for winning)\n|raw|nintenbocks's rating: 1607 &rarr; <strong>1583</strong><br />(-24 for losing)\n|l|☆nintenbocks\n|player|p2|\n|l|‽lengyue007\n|player|p1|\n", "uploadtime": 1771228515, "views": 12, "formatid": "gen9nationaldex", "rating": 1554, "private": 0, "password": null}