{"id": "gen9nationaldex-2540662417", "format": "[Gen 9] National Dex", "players": ["whiteeey_11x", "redfoxTAP"], "log": "|j|☆whiteeey_11x\n|j|☆redfoxTAP\n|t:|1771236224\n|gametype|singles\n|player|p1|whiteeey_11x|byron|1582\n|player|p2|redfoxTAP|hiker-gen4|1551\n|gen|9\n|tier|[Gen 9] National Dex\n|rated|\n|rule|HP Percentage Mod: HP is shown in percentages\n|rule|Endless Battle Clause: Forcing endless battles is banned\n|rule|Species Clause: Limit one of each Pokémon\n|rule|OHKO Clause: OHKO moves are banned\n|rule|Evasion Clause: Evasion abilities, items, and moves are banned\n|rule|Evasion Abilities Clause: Evasion abilities are banned\n|rule|Evasion Items Clause: Evasion items are banned\n|rule|Evasion Moves Clause: Evasion moves are banned\n|rule|Sleep Clause Mod: Limit one foe put to sleep\n|rule|Terastal Clause: You cannot Terastallize\n|clearpoke\n|poke|p1|Indeedee, M|\n|poke|p1|Medicham, M|\n|poke|p1|Araquanid, F|\n|poke|p1|Kingambit, M|\n|poke|p1|Corviknight, M|\n|poke|p1|Sinistcha|\n|poke|p2|Shedinja|\n|poke|p2|Blissey, F|\n|poke|p2|Toxapex, F|\n|poke|p2|Gholdengo|\n|poke|p2|Skarmory, M|\n|poke|p2|Gliscor, M|\n|teampreview\n|inactive|Battle timer is ON: inactive players will automatically lose when time's up. (requested by redfoxTAP)\n|\n|t:|1771236236\n|teamsize|p1|6\n|teamsize|p2|6\n|start\n|switch|p1a: Indeedee|Indeedee, M|100/100\n|switch|p2a: Gliscor|Gliscor, M|100/100\n|-fieldstart|move: Psychic Terrain|[from] ability: Psychic Surge|[of] p1a: Indeedee\n|turn|1\n|\n|t:|1771236243\n|move|p2a: Gliscor|Protect|p2a: Gliscor\n|-singleturn|p2a: Gliscor|Protect\n|move|p1a: Indeedee|Expanding Force|p2a: Gliscor\n|-activate|p2a: Gliscor|move: Protect\n|\n|-status|p2a: Gliscor|tox|[from] item: Toxic Orb\n|upkeep\n|turn|2\n|\n|t:|1771236250\n|switch|p1a: Gwenn|Araquanid, F|100/100\n|switch|p2a: Shedinja|Shedinja|100/100\n|\n|upkeep\n|turn|3\n|\n|t:|1771236260\n|move|p2a: Shedinja|Protect|p2a: Shedinja\n|-singleturn|p2a: Shedinja|Protect\n|move|p1a: Gwenn|Sticky Web|p2a: Shedinja\n|-sidestart|p2: redfoxTAP|move: Sticky Web\n|\n|upkeep\n|turn|4\n|\n|t:|1771236281\n|switch|p1a: Indeedee|Indeedee, M|100/100\n|move|p2a: Shedinja|Toxic|p1a: Indeedee\n|-status|p1a: Indeedee|tox\n|\n|-damage|p1a: Indeedee|94/100 tox|[from] psn\n|upkeep\n|turn|5\n|\n|t:|1771236290\n|switch|p2a: Blissey|Blissey, F|100/100\n|move|p1a: Indeedee|Mystical Fire|p2a: Blissey\n|-damage|p2a: Blissey|93/100\n|-unboost|p2a: Blissey|spa|1\n|\n|-damage|p1a: Indeedee|82/100 tox|[from] psn\n|-fieldend|move: Psychic Terrain\n|upkeep\n|turn|6\n|\n|t:|1771236303\n|switch|p1a: Own Souul|Medicham, M|100/100\n|move|p2a: Blissey|Seismic Toss|p1a: Own Souul\n|-damage|p1a: Own Souul|62/100\n|\n|upkeep\n|turn|7\n|\n|t:|1771236314\n|detailschange|p1a: Own Souul|Medicham-Mega, M\n|-mega|p1a: Own Souul|Medicham|Medichamite\n|move|p2a: Blissey|Protect|p2a: Blissey\n|-singleturn|p2a: Blissey|Protect\n|move|p1a: Own Souul|Zen Headbutt|p2a: Blissey\n|-activate|p2a: Blissey|move: Protect\n|\n|upkeep\n|turn|8\n|\n|t:|1771236321\n|switch|p1a: Indeedee|Indeedee, M|82/100 tox\n|-fieldstart|move: Psychic Terrain|[from] ability: Psychic Surge|[of] p1a: Indeedee\n|switch|p2a: Shedinja|Shedinja|100/100\n|\n|-damage|p1a: Indeedee|76/100 tox|[from] psn\n|upkeep\n|turn|9\n|\n|t:|1771236333\n|switch|p1a: Noaa|Kingambit, M|100/100\n|switch|p2a: Blissey|Blissey, F|93/100\n|\n|upkeep\n|turn|10\n|\n|t:|1771236342\n|move|p2a: Blissey|Protect|p2a: Blissey\n|-singleturn|p2a: Blissey|Protect\n|move|p1a: Noaa|Knock Off|p2a: Blissey\n|-activate|p2a: Blissey|move: Protect\n|\n|upkeep\n|turn|11\n|\n|t:|1771236350\n|switch|p2a: Gliscor|Gliscor, M|100/100 tox\n|move|p1a: Noaa|Knock Off|p2a: Gliscor\n|-damage|p2a: Gliscor|42/100 tox\n|-enditem|p2a: Gliscor|Toxic Orb|[from] move: Knock Off|[of] p1a: Noaa\n|\n|-heal|p2a: Gliscor|54/100 tox|[from] ability: Poison Heal\n|upkeep\n|turn|12\n|\n|t:|1771236365\n|move|p2a: Gliscor|Stealth Rock|p1a: Noaa\n|-sidestart|p1: whiteeey_11x|move: Stealth Rock\n|move|p1a: Noaa|Swords Dance|p1a: Noaa\n|-boost|p1a: Noaa|atk|2\n|\n|-heal|p2a: Gliscor|67/100 tox|[from] ability: Poison Heal\n|-fieldend|move: Psychic Terrain\n|upkeep\n|turn|13\n|\n|t:|1771236372\n|move|p2a: Gliscor|Protect|p2a: Gliscor\n|-singleturn|p2a: Gliscor|Protect\n|move|p1a: Noaa|Sucker Punch||[still]\n|-fail|p1a: Noaa\n|\n|-heal|p2a: Gliscor|79/100 tox|[from] ability: Poison Heal\n|upkeep\n|turn|14\n|\n|t:|1771236379\n|move|p2a: Gliscor|Earthquake|p1a: Noaa\n|-supereffective|p1a: Noaa\n|-damage|p1a: Noaa|52/100\n|move|p1a: Noaa|Knock Off|p2a: Gliscor\n|-damage|p2a: Gliscor|12/100 tox\n|\n|-heal|p2a: Gliscor|25/100 tox|[from] ability: Poison Heal\n|upkeep\n|turn|15\n|\n|t:|1771236387\n|move|p2a: Gliscor|Protect|p2a: Gliscor\n|-singleturn|p2a: Gliscor|Protect\n|move|p1a: Noaa|Sucker Punch||[still]\n|-fail|p1a: Noaa\n|\n|-heal|p2a: Gliscor|37/100 tox|[from] ability: Poison Heal\n|upkeep\n|turn|16\n|\n|t:|1771236395\n|switch|p2a: Toxapex|Toxapex, F|100/100\n|move|p1a: Noaa|Sucker Punch||[still]\n|-fail|p1a: Noaa\n|\n|upkeep\n|turn|17\n|\n|t:|1771236403\n|switch|p2a: Skarmory|Skarmory, M|100/100\n|move|p1a: Noaa|Swords Dance|p1a: Noaa\n|-boost|p1a: Noaa|atk|2\n|\n|upkeep\n|turn|18\n|\n|t:|1771236410\n|move|p2a: Skarmory|Iron Defense|p2a: Skarmory\n|-boost|p2a: Skarmory|def|2\n|move|p1a: Noaa|Knock Off|p2a: Skarmory\n|-damage|p2a: Skarmory|37/100\n|-damage|p1a: Noaa|36/100|[from] item: Rocky Helmet|[of] p2a: Skarmory\n|-enditem|p2a: Skarmory|Rocky Helmet|[from] move: Knock Off|[of] p1a: Noaa\n|\n|upkeep\n|turn|19\n|\n|t:|1771236428\n|move|p1a: Noaa|Sucker Punch||[still]\n|-fail|p1a: Noaa\n|move|p2a: Skarmory|Roost|p2a: Skarmory\n|-heal|p2a: Skarmory|88/100\n|-singleturn|p2a: Skarmory|move: Roost\n|\n|upkeep\n|turn|20\n|\n|t:|1771236435\n|-end|p1a: Noaa|fallenundefined|[silent]\n|switch|p1a: Teaninaa|Sinistcha|100/100\n|-damage|p1a: Teaninaa|88/100|[from] Stealth Rock\n|move|p2a: Skarmory|Iron Defense|p2a: Skarmory\n|-boost|p2a: Skarmory|def|2\n|\n|-heal|p1a: Teaninaa|94/100|[from] item: Leftovers\n|upkeep\n|turn|21\n|\n|t:|1771236442\n|switch|p2a: Blissey|Blissey, F|93/100\n|move|p1a: Teaninaa|Calm Mind|p1a: Teaninaa\n|-boost|p1a: Teaninaa|spa|1\n|-boost|p1a: Teaninaa|spd|1\n|\n|-heal|p1a: Teaninaa|100/100|[from] item: Leftovers\n|upkeep\n|turn|22\n|\n|t:|1771236452\n|move|p1a: Teaninaa|Calm Mind|p1a: Teaninaa\n|-boost|p1a: Teaninaa|spa|1\n|-boost|p1a: Teaninaa|spd|1\n|move|p2a: Blissey|Calm Mind|p2a: Blissey\n|-boost|p2a: Blissey|spa|1\n|-boost|p2a: Blissey|spd|1\n|\n|upkeep\n|turn|23\n|\n|t:|1771236470\n|move|p1a: Teaninaa|Matcha Gotcha|p2a: Blissey\n|-damage|p2a: Blissey|79/100\n|-status|p2a: Blissey|brn\n|move|p2a: Blissey|Calm Mind|p2a: Blissey\n|-boost|p2a: Blissey|spa|1\n|-boost|p2a: Blissey|spd|1\n|\n|-damage|p2a: Blissey|73/100 brn|[from] brn\n|upkeep\n|turn|24\n|\n|t:|1771236479\n|move|p1a: Teaninaa|Calm Mind|p1a: Teaninaa\n|-boost|p1a: Teaninaa|spa|1\n|-boost|p1a: Teaninaa|spd|1\n|move|p2a: Blissey|Calm Mind|p2a: Blissey\n|-boost|p2a: Blissey|spa|1\n|-boost|p2a: Blissey|spd|1\n|\n|-damage|p2a: Blissey|66/100 brn|[from] brn\n|upkeep\n|turn|25\n|\n|t:|1771236486\n|move|p1a: Teaninaa|Calm Mind|p1a: Teaninaa\n|-boost|p1a: Teaninaa|spa|1\n|-boost|p1a: Teaninaa|spd|1\n|move|p2a: Blissey|Wish|p2a: Blissey\n|\n|-damage|p2a: Blissey|60/100 brn|[from] brn\n|upkeep\n|turn|26\n|\n|t:|1771236495\n|-curestatus|p2a: Blissey|brn|[from] ability: Natural Cure\n|switch|p2a: Gliscor|Gliscor, M|37/100 tox\n|move|p1a: Teaninaa|Calm Mind|p1a: Teaninaa\n|-boost|p1a: Teaninaa|spa|1\n|-boost|p1a: Teaninaa|spd|1\n|\n|-heal|p2a: Gliscor|100/100 tox|[from] move: Wish|[wisher] Blissey\n|upkeep\n|turn|27\n|\n|t:|1771236503\n|move|p2a: Gliscor|Toxic|p1a: Teaninaa\n|-status|p1a: Teaninaa|tox\n|move|p1a: Teaninaa|Matcha Gotcha|p2a: Gliscor\n|-damage|p2a: Gliscor|13/100 tox\n|\n|-heal|p2a: Gliscor|25/100 tox|[from] ability: Poison Heal\n|-damage|p1a: Teaninaa|94/100 tox|[from] psn\n|upkeep\n|turn|28\n|\n|t:|1771236512\n|move|p2a: Gliscor|Protect|p2a: Gliscor\n|-singleturn|p2a: Gliscor|Protect\n|move|p1a: Teaninaa|Matcha Gotcha|p2a: Gliscor\n|-activate|p2a: Gliscor|move: Protect\n|\n|-heal|p1a: Teaninaa|100/100 tox|[from] item: Leftovers\n|-heal|p2a: Gliscor|38/100 tox|[from] ability: Poison Heal\n|-damage|p1a: Teaninaa|88/100 tox|[from] psn\n|upkeep\n|turn|29\n|\n|t:|1771236522\n|switch|p2a: Blissey|Blissey, F|60/100\n|move|p1a: Teaninaa|Shadow Ball|p2a: Blissey\n|-immune|p2a: Blissey\n|\n|-heal|p1a: Teaninaa|94/100 tox|[from] item: Leftovers\n|-damage|p1a: Teaninaa|76/100 tox|[from] psn\n|upkeep\n|turn|30\n|\n|t:|1771236542\n|move|p1a: Teaninaa|Matcha Gotcha|p2a: Blissey\n|-damage|p2a: Blissey|24/100\n|-heal|p1a: Teaninaa|100/100 tox|[from] drain|[of] p2a: Blissey\n|-status|p2a: Blissey|brn\n|move|p2a: Blissey|Wish|p2a: Blissey\n|\n|-damage|p1a: Teaninaa|76/100 tox|[from] psn\n|-damage|p2a: Blissey|18/100 brn|[from] brn\n|upkeep\n|turn|31\n|\n|t:|1771236562\n|move|p2a: Blissey|Protect|p2a: Blissey\n|-singleturn|p2a: Blissey|Protect\n|move|p1a: Teaninaa|Matcha Gotcha|p2a: Blissey\n|-activate|p2a: Blissey|move: Protect\n|\n|-heal|p2a: Blissey|68/100 brn|[from] move: Wish|[wisher] Blissey\n|-heal|p1a: Teaninaa|82/100 tox|[from] item: Leftovers\n|-damage|p1a: Teaninaa|52/100 tox|[from] psn\n|-damage|p2a: Blissey|62/100 brn|[from] brn\n|upkeep\n|turn|32\n|\n|t:|1771236573\n|move|p1a: Teaninaa|Matcha Gotcha|p2a: Blissey\n|-damage|p2a: Blissey|30/100 brn\n|-heal|p1a: Teaninaa|82/100 tox|[from] drain|[of] p2a: Blissey\n|move|p2a: Blissey|Wish|p2a: Blissey\n|\n|-heal|p1a: Teaninaa|88/100 tox|[from] item: Leftovers\n|-damage|p1a: Teaninaa|51/100 tox|[from] psn\n|-damage|p2a: Blissey|24/100 brn|[from] brn\n|upkeep\n|turn|33\n|\n|t:|1771236585\n|move|p2a: Blissey|Protect|p2a: Blissey\n|-singleturn|p2a: Blissey|Protect\n|move|p1a: Teaninaa|Calm Mind|p1a: Teaninaa\n|-boost|p1a: Teaninaa|spa|1\n|-boost|p1a: Teaninaa|spd|1\n|\n|-heal|p2a: Blissey|74/100 brn|[from] move: Wish|[wisher] Blissey\n|-heal|p1a: Teaninaa|57/100 tox|[from] item: Leftovers\n|-damage|p1a: Teaninaa|14/100 tox|[from] psn\n|-damage|p2a: Blissey|68/100 brn|[from] brn\n|upkeep\n|turn|34\n|\n|t:|1771236596\n|move|p1a: Teaninaa|Matcha Gotcha|p2a: Blissey\n|-damage|p2a: Blissey|31/100 brn\n|-heal|p1a: Teaninaa|49/100 tox|[from] drain|[of] p2a: Blissey\n|move|p2a: Blissey|Wish|p2a: Blissey\n|\n|-heal|p1a: Teaninaa|55/100 tox|[from] item: Leftovers\n|-damage|p1a: Teaninaa|6/100 tox|[from] psn\n|-damage|p2a: Blissey|25/100 brn|[from] brn\n|upkeep\n|turn|35\n|\n|t:|1771236611\n|switch|p1a: Own Souul|Medicham-Mega, M|62/100\n|-damage|p1a: Own Souul|56/100|[from] Stealth Rock\n|move|p2a: Blissey|Protect||[still]\n|-fail|p2a: Blissey\n|\n|-heal|p2a: Blissey|75/100 brn|[from] move: Wish|[wisher] Blissey\n|-damage|p2a: Blissey|69/100 brn|[from] brn\n|upkeep\n|turn|36\n|\n|t:|1771236622\n|-curestatus|p2a: Blissey|brn|[from] ability: Natural Cure\n|switch|p2a: Shedinja|Shedinja|100/100\n|move|p1a: Own Souul|Zen Headbutt|p2a: Shedinja\n|-immune|p2a: Shedinja|[from] ability: Wonder Guard\n|\n|upkeep\n|turn|37\n|\n|t:|1771236631\n|switch|p1a: Indeedee|Indeedee, M|76/100 tox\n|-damage|p1a: Indeedee|64/100 tox|[from] Stealth Rock\n|-fieldstart|move: Psychic Terrain|[from] ability: Psychic Surge|[of] p1a: Indeedee\n|move|p2a: Shedinja|Protect||[still]\n|-fail|p2a: Shedinja\n|\n|-damage|p1a: Indeedee|58/100 tox|[from] psn\n|upkeep\n|turn|38\n|\n|t:|1771236645\n|switch|p2a: Blissey|Blissey, F|69/100\n|move|p1a: Indeedee|Trick|p2a: Blissey\n|-activate|p1a: Indeedee|move: Trick|[of] p2a: Blissey\n|-item|p2a: Blissey|Choice Scarf|[from] move: Trick\n|-item|p1a: Indeedee|Heavy-Duty Boots|[from] move: Trick\n|\n|-damage|p1a: Indeedee|45/100 tox|[from] psn\n|upkeep\n|turn|39\n|\n|t:|1771236662\n|switch|p1a: Teaninaa|Sinistcha|6/100 tox\n|-damage|p1a: Teaninaa|0 fnt|[from] Stealth Rock\n|faint|p1a: Teaninaa\n|move|p2a: Blissey|Wish|p2a: Blissey\n|\n|upkeep\n|inactive|whiteeey_11x has 120 seconds left.\n|\n|t:|1771236703\n|switch|p1a: Noaa|Kingambit, M|36/100\n|-damage|p1a: Noaa|30/100|[from] Stealth Rock\n|-activate|p1a: Noaa|ability: Supreme Overlord\n|-start|p1a: Noaa|fallen1|[silent]\n|turn|40\n|\n|t:|1771236712\n|switch|p2a: Gliscor|Gliscor, M|38/100 tox\n|move|p1a: Noaa|Knock Off|p2a: Gliscor\n|-damage|p2a: Gliscor|0 fnt\n|faint|p2a: Gliscor\n|\n|upkeep\n|\n|t:|1771236719\n|switch|p2a: Skarmory|Skarmory, M|88/100\n|turn|41\n|\n|t:|1771236745\n|-end|p1a: Noaa|fallen1|[silent]\n|switch|p1a: Karasuno|Corviknight, M|100/100\n|-damage|p1a: Karasuno|88/100|[from] Stealth Rock\n|-ability|p1a: Karasuno|Pressure\n|move|p2a: Skarmory|Body Press|p1a: Karasuno\n|-damage|p1a: Karasuno|70/100\n|-damage|p2a: Skarmory|71/100|[from] item: Rocky Helmet|[of] p1a: Karasuno\n|\n|-fieldend|move: Psychic Terrain\n|upkeep\n|turn|42\n|\n|t:|1771236755\n|switch|p2a: Gholdengo|Gholdengo|100/100\n|move|p1a: Karasuno|U-turn|p2a: Gholdengo\n|-resisted|p2a: Gholdengo\n|-damage|p2a: Gholdengo|98/100\n|inactive|whiteeey_11x has 90 seconds left.\n|l|☆redfoxTAP\n|inactive|redfoxTAP disconnected and has a minute to reconnect!\n|player|p2|\n|\n|t:|1771236790\n|switch|p1a: Noaa|Kingambit, M|30/100|[from] U-turn\n|-damage|p1a: Noaa|24/100|[from] Stealth Rock\n|-activate|p1a: Noaa|ability: Supreme Overlord\n|-start|p1a: Noaa|fallen1|[silent]\n|\n|upkeep\n|turn|43\n|j|☆redfoxTAP\n|inactive|redfoxTAP reconnected and has 145 seconds left.\n|player|p2|redfoxTAP|hiker-gen4|\n|\n|t:|1771236804\n|switch|p2a: Skarmory|Skarmory, M|71/100\n|move|p1a: Noaa|Sucker Punch||[still]\n|-fail|p1a: Noaa\n|\n|upkeep\n|turn|44\n|\n|t:|1771236814\n|-end|p1a: Noaa|fallen1|[silent]\n|switch|p1a: Karasuno|Corviknight, M|70/100\n|-damage|p1a: Karasuno|57/100|[from] Stealth Rock\n|-ability|p1a: Karasuno|Pressure\n|move|p2a: Skarmory|Roost|p2a: Skarmory\n|-heal|p2a: Skarmory|100/100\n|-singleturn|p2a: Skarmory|move: Roost\n|\n|upkeep\n|turn|45\n|inactive|whiteeey_11x has 90 seconds left.\n|\n|t:|1771236823\n|switch|p2a: Gholdengo|Gholdengo|98/100\n|move|p1a: Karasuno|Roost|p1a: Karasuno\n|-heal|p1a: Karasuno|100/100\n|-singleturn|p1a: Karasuno|move: Roost\n|\n|upkeep\n|turn|46\n|\n|t:|1771236829\n|switch|p1a: Indeedee|Indeedee, M|45/100 tox\n|-fieldstart|move: Psychic Terrain|[from] ability: Psychic Surge|[of] p1a: Indeedee\n|move|p2a: Gholdengo|Shadow Ball|p1a: Indeedee\n|-immune|p1a: Indeedee\n|\n|-damage|p1a: Indeedee|39/100 tox|[from] psn\n|upkeep\n|turn|47\n|\n|t:|1771236838\n|switch|p1a: Own Souul|Medicham-Mega, M|56/100\n|-damage|p1a: Own Souul|50/100|[from] Stealth Rock\n|switch|p2a: Blissey|Blissey, F|69/100\n|-activate|p2a: Blissey|move: Sticky Web\n|-unboost|p2a: Blissey|spe|1\n|\n|upkeep\n|turn|48\n|\n|t:|1771236847\n|switch|p1a: Noaa|Kingambit, M|24/100\n|-damage|p1a: Noaa|17/100|[from] Stealth Rock\n|-activate|p1a: Noaa|ability: Supreme Overlord\n|-start|p1a: Noaa|fallen1|[silent]\n|switch|p2a: Shedinja|Shedinja|100/100\n|\n|upkeep\n|turn|49\n|\n|t:|1771236871\n|move|p2a: Shedinja|Protect|p2a: Shedinja\n|-singleturn|p2a: Shedinja|Protect\n|move|p1a: Noaa|Knock Off|p2a: Shedinja\n|-activate|p2a: Shedinja|move: Protect\n|\n|upkeep\n|turn|50\n|\n|t:|1771236876\n|switch|p2a: Skarmory|Skarmory, M|100/100\n|move|p1a: Noaa|Knock Off|p2a: Skarmory\n|-damage|p2a: Skarmory|72/100\n|\n|-fieldend|move: Psychic Terrain\n|upkeep\n|turn|51\n|\n|t:|1771236884\n|-end|p1a: Noaa|fallen1|[silent]\n|switch|p1a: Karasuno|Corviknight, M|100/100\n|-damage|p1a: Karasuno|88/100|[from] Stealth Rock\n|-ability|p1a: Karasuno|Pressure\n|move|p2a: Skarmory|Body Press|p1a: Karasuno\n|-damage|p1a: Karasuno|70/100\n|-damage|p2a: Skarmory|55/100|[from] item: Rocky Helmet|[of] p1a: Karasuno\n|\n|upkeep\n|turn|52\n|\n|t:|1771236892\n|switch|p2a: Gholdengo|Gholdengo|98/100\n|move|p1a: Karasuno|U-turn|p2a: Gholdengo\n|-resisted|p2a: Gholdengo\n|-damage|p2a: Gholdengo|95/100\n|\n|t:|1771236910\n|switch|p1a: Gwenn|Araquanid, F|100/100|[from] U-turn\n|-damage|p1a: Gwenn|75/100|[from] Stealth Rock\n|\n|upkeep\n|turn|53\n|\n|t:|1771236922\n|move|p2a: Gholdengo|Nasty Plot|p2a: Gholdengo\n|-boost|p2a: Gholdengo|spa|2\n|move|p1a: Gwenn|Liquidation|p2a: Gholdengo\n|-damage|p2a: Gholdengo|62/100\n|\n|upkeep\n|turn|54\n|inactive|whiteeey_11x has 120 seconds left.\n|\n|t:|1771236932\n|switch|p1a: Indeedee|Indeedee, M|39/100 tox\n|-fieldstart|move: Psychic Terrain|[from] ability: Psychic Surge|[of] p1a: Indeedee\n|move|p2a: Gholdengo|Shadow Ball|p1a: Indeedee\n|-immune|p1a: Indeedee\n|\n|-damage|p1a: Indeedee|33/100 tox|[from] psn\n|upkeep\n|turn|55\n|\n|t:|1771236941\n|switch|p2a: Blissey|Blissey, F|69/100\n|-activate|p2a: Blissey|move: Sticky Web\n|-unboost|p2a: Blissey|spe|1\n|move|p1a: Indeedee|Mystical Fire|p2a: Blissey\n|-damage|p2a: Blissey|62/100\n|-unboost|p2a: Blissey|spa|1\n|\n|-damage|p1a: Indeedee|21/100 tox|[from] psn\n|upkeep\n|turn|56\n|-message|whiteeey_11x forfeited.\n|\n|win|redfoxTAP\n|raw|whiteeey_11x's rating: 1582 &rarr; <strong>1560</strong><br />(-22 for losing)\n|raw|redfoxTAP's rating: 1551 &rarr; <strong>1573</strong><br />(+22 for winning)\n|l|☆whiteeey_11x\n|player|p1|\n|l|☆redfoxTAP\n|player|p2|\n", "uploadtime": 1771237177, "views": 8, "formatid": "gen9nationaldex", "rating": 1560, "private": 0, "password": null}