{"id": "gen9nationaldex-2540566525", "format": "[Gen 9] National Dex", "players": ["lesessais", "doodieray"], "log": "|j|☆lesessais\n|j|☆doodieray\n|t:|1771219096\n|gametype|singles\n|player|p1|lesessais|2|1519\n|player|p2|doodieray|1|1605\n|gen|9\n|tier|[Gen 9] National Dex\n|rated|\n|rule|HP Percentage Mod: HP is shown in percentages\n|rule|Endless Battle Clause: Forcing endless battles is banned\n|rule|Species Clause: Limit one of each Pokémon\n|rule|OHKO Clause: OHKO moves are banned\n|rule|Evasion Clause: Evasion abilities, items, and moves are banned\n|rule|Evasion Abilities Clause: Evasion abilities are banned\n|rule|Evasion Items Clause: Evasion items are banned\n|rule|Evasion Moves Clause: Evasion moves are banned\n|rule|Sleep Clause Mod: Limit one foe put to sleep\n|rule|Terastal Clause: You cannot Terastallize\n|clearpoke\n|poke|p1|Venusaur, M|\n|poke|p1|Alomomola, L99, M|\n|poke|p1|Ting-Lu|\n|poke|p1|Gholdengo|\n|poke|p1|Zamazenta-*|\n|poke|p1|Moltres|\n|poke|p2|Iron Valiant|\n|poke|p2|Tapu Koko|\n|poke|p2|Kingambit, F|\n|poke|p2|Alomomola, F|\n|poke|p2|Landorus-Therian, M|\n|poke|p2|Ferrothorn, M|\n|teampreview\n|inactive|Battle timer is ON: inactive players will automatically lose when time's up. (requested by doodieray)\n|inactive|lesessais has 120 seconds left.\n|\n|t:|1771219138\n|teamsize|p1|6\n|teamsize|p2|6\n|start\n|switch|p1a: dracula|Ting-Lu|100/100\n|switch|p2a: Tapu Koko|Tapu Koko|100/100\n|-fieldstart|move: Electric Terrain|[from] ability: Electric Surge|[of] p2a: Tapu Koko\n|-ability|p1a: dracula|Vessel of Ruin\n|turn|1\n|\n|t:|1771219148\n|move|p2a: Tapu Koko|U-turn|p1a: dracula\n|-supereffective|p1a: dracula\n|-damage|p1a: dracula|84/100\n|\n|t:|1771219151\n|switch|p2a: Landorus|Landorus-Therian, M|100/100|[from] U-turn\n|-ability|p2a: Landorus|Intimidate|boost\n|-unboost|p1a: dracula|atk|1\n|move|p1a: dracula|Stealth Rock|p2a: Landorus\n|-sidestart|p2: doodieray|move: Stealth Rock\n|\n|-heal|p1a: dracula|90/100|[from] item: Leftovers\n|upkeep\n|turn|2\n|\n|t:|1771219156\n|move|p2a: Landorus|Toxic|p1a: dracula\n|-status|p1a: dracula|tox\n|move|p1a: dracula|Ruination|p2a: Landorus\n|-damage|p2a: Landorus|51/100\n|\n|-heal|p1a: dracula|96/100 tox|[from] item: Leftovers\n|-damage|p1a: dracula|90/100 tox|[from] psn\n|upkeep\n|turn|3\n|\n|t:|1771219162\n|move|p2a: Landorus|Defog|p1a: dracula\n|-unboost|p1a: dracula|evasion|1\n|-sideend|p2: doodieray|Stealth Rock|[from] move: Defog|[of] p2a: Landorus\n|-fieldend|move: Electric Terrain\n|move|p1a: dracula|Whirlwind|p2a: Landorus\n|drag|p2a: Tapu Koko|Tapu Koko|100/100\n|-fieldstart|move: Electric Terrain|[from] ability: Electric Surge|[of] p2a: Tapu Koko\n|\n|-heal|p1a: dracula|96/100 tox|[from] item: Leftovers\n|-damage|p1a: dracula|84/100 tox|[from] psn\n|upkeep\n|turn|4\n|\n|t:|1771219173\n|move|p2a: Tapu Koko|U-turn|p1a: dracula\n|-supereffective|p1a: dracula\n|-damage|p1a: dracula|65/100 tox\n|\n|t:|1771219175\n|switch|p2a: Landorus|Landorus-Therian, M|51/100|[from] U-turn\n|-ability|p2a: Landorus|Intimidate|boost\n|-unboost|p1a: dracula|atk|1\n|move|p1a: dracula|Stealth Rock|p2a: Landorus\n|-sidestart|p2: doodieray|move: Stealth Rock\n|\n|-heal|p1a: dracula|71/100 tox|[from] item: Leftovers\n|-damage|p1a: dracula|53/100 tox|[from] psn\n|upkeep\n|turn|5\n|\n|t:|1771219180\n|switch|p1a: spookycooke|Gholdengo|100/100\n|move|p2a: Landorus|Defog|p1a: spookycooke\n|-immune|p1a: spookycooke|[from] ability: Good as Gold\n|\n|upkeep\n|turn|6\n|\n|t:|1771219186\n|move|p2a: Landorus|Earthquake|p1a: spookycooke\n|-supereffective|p1a: spookycooke\n|-crit|p1a: spookycooke\n|-damage|p1a: spookycooke|0 fnt\n|faint|p1a: spookycooke\n|\n|upkeep\n|\n|t:|1771219192\n|switch|p1a: On my MAMA|Zamazenta|100/100\n|-ability|p1a: On my MAMA|Dauntless Shield|boost\n|-boost|p1a: On my MAMA|def|1\n|turn|7\n|\n|t:|1771219198\n|switch|p2a: Alomomola|Alomomola, F|100/100\n|-damage|p2a: Alomomola|88/100|[from] Stealth Rock\n|move|p1a: On my MAMA|Close Combat|p2a: Alomomola\n|-damage|p2a: Alomomola|22/100\n|-unboost|p1a: On my MAMA|def|1\n|-unboost|p1a: On my MAMA|spd|1\n|\n|-fieldend|move: Electric Terrain\n|upkeep\n|turn|8\n|\n|t:|1771219204\n|switch|p2a: Landorus|Landorus-Therian, M|51/100\n|-damage|p2a: Landorus|38/100|[from] Stealth Rock\n|-ability|p2a: Landorus|Intimidate|boost\n|-unboost|p1a: On my MAMA|atk|1\n|move|p1a: On my MAMA|Close Combat|p2a: Landorus\n|-resisted|p2a: Landorus\n|-damage|p2a: Landorus|8/100\n|-unboost|p1a: On my MAMA|def|1\n|-unboost|p1a: On my MAMA|spd|1\n|-damage|p1a: On my MAMA|84/100|[from] item: Rocky Helmet|[of] p2a: Landorus\n|\n|upkeep\n|turn|9\n|\n|t:|1771219209\n|move|p1a: On my MAMA|Close Combat|p2a: Landorus\n|-resisted|p2a: Landorus\n|-damage|p2a: Landorus|0 fnt\n|-unboost|p1a: On my MAMA|def|1\n|-unboost|p1a: On my MAMA|spd|1\n|-damage|p1a: On my MAMA|67/100|[from] item: Rocky Helmet|[of] p2a: Landorus\n|faint|p2a: Landorus\n|\n|upkeep\n|\n|t:|1771219214\n|switch|p2a: Tapu Koko|Tapu Koko|100/100\n|-damage|p2a: Tapu Koko|88/100|[from] Stealth Rock\n|-fieldstart|move: Electric Terrain|[from] ability: Electric Surge|[of] p2a: Tapu Koko\n|turn|10\n|\n|t:|1771219221\n|switch|p1a: DaWaysOfALoner|Venusaur, M|100/100\n|move|p2a: Tapu Koko|Dazzling Gleam|p1a: DaWaysOfALoner\n|-resisted|p1a: DaWaysOfALoner\n|-crit|p1a: DaWaysOfALoner\n|-damage|p1a: DaWaysOfALoner|82/100\n|\n|upkeep\n|turn|11\n|\n|t:|1771219226\n|detailschange|p1a: DaWaysOfALoner|Venusaur-Mega, M\n|-mega|p1a: DaWaysOfALoner|Venusaur|Venusaurite\n|-zpower|p2a: Tapu Koko\n|move|p2a: Tapu Koko|Gigavolt Havoc|p1a: DaWaysOfALoner|[zeffect]\n|-resisted|p1a: DaWaysOfALoner\n|-damage|p1a: DaWaysOfALoner|47/100\n|move|p1a: DaWaysOfALoner|Knock Off|p2a: Tapu Koko\n|-resisted|p2a: Tapu Koko\n|-damage|p2a: Tapu Koko|79/100\n|\n|upkeep\n|turn|12\n|\n|t:|1771219236\n|move|p2a: Tapu Koko|U-turn|p1a: DaWaysOfALoner\n|-damage|p1a: DaWaysOfALoner|36/100\n|\n|t:|1771219245\n|switch|p2a: Ferrothorn|Ferrothorn, M|100/100|[from] U-turn\n|-damage|p2a: Ferrothorn|94/100|[from] Stealth Rock\n|move|p1a: DaWaysOfALoner|Synthesis|p1a: DaWaysOfALoner\n|-heal|p1a: DaWaysOfALoner|86/100\n|\n|-heal|p2a: Ferrothorn|100/100|[from] item: Leftovers\n|upkeep\n|turn|13\n|\n|t:|1771219250\n|switch|p1a: bird up|Moltres|100/100\n|move|p2a: Ferrothorn|Stealth Rock|p1a: bird up\n|-sidestart|p1: lesessais|move: Stealth Rock\n|\n|upkeep\n|turn|14\n|\n|t:|1771219254\n|switch|p2a: Alomomola|Alomomola, F|55/100\n|-damage|p2a: Alomomola|43/100|[from] Stealth Rock\n|move|p1a: bird up|Toxic|p2a: Alomomola\n|-status|p2a: Alomomola|tox\n|\n|-damage|p2a: Alomomola|36/100 tox|[from] psn\n|-fieldend|move: Electric Terrain\n|upkeep\n|turn|15\n|\n|t:|1771219263\n|switch|p1a: DaWaysOfALoner|Venusaur-Mega, M|86/100\n|-damage|p1a: DaWaysOfALoner|74/100|[from] Stealth Rock\n|move|p2a: Alomomola|Knock Off|p1a: DaWaysOfALoner\n|-damage|p1a: DaWaysOfALoner|65/100\n|\n|-damage|p2a: Alomomola|24/100 tox|[from] psn\n|upkeep\n|turn|16\n|\n|t:|1771219269\n|switch|p2a: Ferrothorn|Ferrothorn, M|100/100\n|-damage|p2a: Ferrothorn|94/100|[from] Stealth Rock\n|move|p1a: DaWaysOfALoner|Knock Off|p2a: Ferrothorn\n|-damage|p2a: Ferrothorn|81/100\n|-damage|p1a: DaWaysOfALoner|52/100|[from] ability: Iron Barbs|[of] p2a: Ferrothorn\n|-enditem|p2a: Ferrothorn|Leftovers|[from] move: Knock Off|[of] p1a: DaWaysOfALoner\n|\n|upkeep\n|turn|17\n|\n|t:|1771219278\n|move|p1a: DaWaysOfALoner|Synthesis|p1a: DaWaysOfALoner\n|-heal|p1a: DaWaysOfALoner|100/100\n|move|p2a: Ferrothorn|Knock Off|p1a: DaWaysOfALoner\n|-damage|p1a: DaWaysOfALoner|90/100\n|\n|upkeep\n|turn|18\n|\n|t:|1771219287\n|switch|p1a: On my MAMA|Zamazenta|67/100\n|-damage|p1a: On my MAMA|61/100|[from] Stealth Rock\n|move|p2a: Ferrothorn|Leech Seed|p1a: On my MAMA\n|-start|p1a: On my MAMA|move: Leech Seed\n|\n|-damage|p1a: On my MAMA|49/100|[from] Leech Seed|[of] p2a: Ferrothorn\n|-heal|p2a: Ferrothorn|92/100|[silent]\n|upkeep\n|turn|19\n|\n|t:|1771219300\n|switch|p2a: Alomomola|Alomomola, F|57/100 tox\n|-damage|p2a: Alomomola|45/100 tox|[from] Stealth Rock\n|move|p1a: On my MAMA|Close Combat|p2a: Alomomola\n|-damage|p2a: Alomomola|0 fnt\n|-unboost|p1a: On my MAMA|def|1\n|-unboost|p1a: On my MAMA|spd|1\n|faint|p2a: Alomomola\n|\n|upkeep\n|\n|t:|1771219309\n|switch|p2a: Tapu Koko|Tapu Koko|79/100\n|-damage|p2a: Tapu Koko|67/100|[from] Stealth Rock\n|-fieldstart|move: Electric Terrain|[from] ability: Electric Surge|[of] p2a: Tapu Koko\n|turn|20\n|\n|t:|1771219314\n|switch|p1a: DaWaysOfALoner|Venusaur-Mega, M|90/100\n|-damage|p1a: DaWaysOfALoner|77/100|[from] Stealth Rock\n|move|p2a: Tapu Koko|U-turn|p1a: DaWaysOfALoner\n|-damage|p1a: DaWaysOfALoner|65/100\n|\n|t:|1771219316\n|switch|p2a: Iron Valiant|Iron Valiant|100/100|[from] U-turn\n|-damage|p2a: Iron Valiant|94/100|[from] Stealth Rock\n|-activate|p2a: Iron Valiant|ability: Quark Drive\n|-start|p2a: Iron Valiant|quarkdrivespa\n|\n|upkeep\n|turn|21\n|\n|t:|1771219320\n|switch|p1a: gugu gaga bitch|Alomomola, L99, M|100/100\n|move|p2a: Iron Valiant|Moonblast|p1a: gugu gaga bitch\n|-damage|p1a: gugu gaga bitch|5/100\n|\n|upkeep\n|turn|22\n|\n|t:|1771219326\n|switch|p1a: bird up|Moltres|100/100\n|move|p2a: Iron Valiant|Moonblast|p1a: bird up\n|-resisted|p1a: bird up\n|-damage|p1a: bird up|59/100\n|\n|upkeep\n|turn|23\n|\n|t:|1771219338\n|-end|p2a: Iron Valiant|Quark Drive|[silent]\n|switch|p2a: Kingambit|Kingambit, F|100/100\n|-damage|p2a: Kingambit|94/100|[from] Stealth Rock\n|-activate|p2a: Kingambit|ability: Supreme Overlord\n|-start|p2a: Kingambit|fallen2|[silent]\n|move|p1a: bird up|Roost|p1a: bird up\n|-heal|p1a: bird up|100/100\n|-singleturn|p1a: bird up|move: Roost\n|\n|upkeep\n|turn|24\n|\n|t:|1771219345\n|move|p1a: bird up|Flamethrower|p2a: Kingambit\n|-supereffective|p2a: Kingambit\n|-damage|p2a: Kingambit|1/100\n|move|p2a: Kingambit|Knock Off|p1a: bird up\n|-damage|p1a: bird up|22/100\n|-status|p2a: Kingambit|brn|[from] ability: Flame Body|[of] p1a: bird up\n|-enditem|p1a: bird up|Heavy-Duty Boots|[from] move: Knock Off|[of] p2a: Kingambit\n|\n|-damage|p2a: Kingambit|0 fnt|[from] brn\n|faint|p2a: Kingambit\n|-end|p2a: Kingambit|fallen2|[silent]\n|-fieldend|move: Electric Terrain\n|upkeep\n|\n|t:|1771219365\n|switch|p2a: Tapu Koko|Tapu Koko|67/100\n|-damage|p2a: Tapu Koko|54/100|[from] Stealth Rock\n|-fieldstart|move: Electric Terrain|[from] ability: Electric Surge|[of] p2a: Tapu Koko\n|turn|25\n|\n|t:|1771219387\n|switch|p1a: DaWaysOfALoner|Venusaur-Mega, M|65/100\n|-damage|p1a: DaWaysOfALoner|53/100|[from] Stealth Rock\n|move|p2a: Tapu Koko|Thunderbolt|p1a: DaWaysOfALoner\n|-resisted|p1a: DaWaysOfALoner\n|-damage|p1a: DaWaysOfALoner|36/100\n|\n|upkeep\n|turn|26\n|\n|t:|1771219395\n|move|p2a: Tapu Koko|U-turn|p1a: DaWaysOfALoner\n|-damage|p1a: DaWaysOfALoner|25/100\n|\n|t:|1771219397\n|switch|p2a: Iron Valiant|Iron Valiant|94/100|[from] U-turn\n|-damage|p2a: Iron Valiant|88/100|[from] Stealth Rock\n|-activate|p2a: Iron Valiant|ability: Quark Drive\n|-start|p2a: Iron Valiant|quarkdrivespa\n|move|p1a: DaWaysOfALoner|Synthesis|p1a: DaWaysOfALoner\n|-heal|p1a: DaWaysOfALoner|75/100\n|\n|upkeep\n|turn|27\n|\n|t:|1771219411\n|switch|p1a: bird up|Moltres|22/100\n|-damage|p1a: bird up|0 fnt|[from] Stealth Rock\n|faint|p1a: bird up\n|move|p2a: Iron Valiant|Moonblast|p1: bird up|[notarget]\n|-fail|p2a: Iron Valiant\n|\n|upkeep\n|\n|t:|1771219419\n|switch|p1a: DaWaysOfALoner|Venusaur-Mega, M|75/100\n|-damage|p1a: DaWaysOfALoner|63/100|[from] Stealth Rock\n|turn|28\n|\n|t:|1771219421\n|move|p2a: Iron Valiant|Moonblast|p1a: DaWaysOfALoner\n|-resisted|p1a: DaWaysOfALoner\n|-damage|p1a: DaWaysOfALoner|25/100\n|move|p1a: DaWaysOfALoner|Sludge Bomb|p2a: Iron Valiant\n|-supereffective|p2a: Iron Valiant\n|-damage|p2a: Iron Valiant|0 fnt\n|faint|p2a: Iron Valiant\n|-end|p2a: Iron Valiant|Quark Drive|[silent]\n|\n|upkeep\n|\n|t:|1771219428\n|switch|p2a: Tapu Koko|Tapu Koko|54/100\n|-damage|p2a: Tapu Koko|42/100|[from] Stealth Rock\n|turn|29\n|\n|t:|1771219434\n|switch|p1a: gugu gaga bitch|Alomomola, L99, M|39/100\n|move|p2a: Tapu Koko|Hidden Power|p1a: gugu gaga bitch\n|-resisted|p1a: gugu gaga bitch\n|-damage|p1a: gugu gaga bitch|31/100\n|\n|-fieldend|move: Electric Terrain\n|upkeep\n|turn|30\n|\n|t:|1771219438\n|move|p2a: Tapu Koko|Thunderbolt|p1a: gugu gaga bitch\n|-supereffective|p1a: gugu gaga bitch\n|-damage|p1a: gugu gaga bitch|0 fnt\n|faint|p1a: gugu gaga bitch\n|\n|upkeep\n|\n|t:|1771219444\n|switch|p1a: dracula|Ting-Lu|53/100 tox\n|-damage|p1a: dracula|46/100 tox|[from] Stealth Rock\n|-ability|p1a: dracula|Vessel of Ruin\n|turn|31\n|\n|t:|1771219448\n|move|p2a: Tapu Koko|U-turn|p1a: dracula\n|-supereffective|p1a: dracula\n|-damage|p1a: dracula|30/100 tox\n|\n|t:|1771219450\n|switch|p2a: Ferrothorn|Ferrothorn, M|92/100|[from] U-turn\n|-damage|p2a: Ferrothorn|86/100|[from] Stealth Rock\n|move|p1a: dracula|Earthquake|p2a: Ferrothorn\n|-damage|p2a: Ferrothorn|62/100\n|\n|-heal|p1a: dracula|36/100 tox|[from] item: Leftovers\n|-damage|p1a: dracula|30/100 tox|[from] psn\n|upkeep\n|turn|32\n|\n|t:|1771219461\n|move|p2a: Ferrothorn|Power Whip|p1a: dracula|[miss]\n|-miss|p2a: Ferrothorn|p1a: dracula\n|move|p1a: dracula|Whirlwind|p2a: Ferrothorn\n|drag|p2a: Tapu Koko|Tapu Koko|42/100\n|-damage|p2a: Tapu Koko|29/100|[from] Stealth Rock\n|-fieldstart|move: Electric Terrain|[from] ability: Electric Surge|[of] p2a: Tapu Koko\n|\n|-heal|p1a: dracula|36/100 tox|[from] item: Leftovers\n|-damage|p1a: dracula|23/100 tox|[from] psn\n|upkeep\n|turn|33\n|\n|t:|1771219464\n|move|p2a: Tapu Koko|Dazzling Gleam|p1a: dracula\n|-supereffective|p1a: dracula\n|-damage|p1a: dracula|0 fnt\n|faint|p1a: dracula\n|\n|upkeep\n|\n|t:|1771219467\n|switch|p1a: On my MAMA|Zamazenta|49/100\n|-damage|p1a: On my MAMA|43/100|[from] Stealth Rock\n|turn|34\n|\n|t:|1771219473\n|switch|p2a: Ferrothorn|Ferrothorn, M|62/100\n|-damage|p2a: Ferrothorn|56/100|[from] Stealth Rock\n|move|p1a: On my MAMA|Close Combat|p2a: Ferrothorn\n|-supereffective|p2a: Ferrothorn\n|-damage|p2a: Ferrothorn|0 fnt\n|-unboost|p1a: On my MAMA|def|1\n|-unboost|p1a: On my MAMA|spd|1\n|-damage|p1a: On my MAMA|30/100|[from] ability: Iron Barbs|[of] p2a: Ferrothorn\n|faint|p2a: Ferrothorn\n|\n|upkeep\n|\n|t:|1771219479\n|switch|p2a: Tapu Koko|Tapu Koko|29/100\n|-damage|p2a: Tapu Koko|17/100|[from] Stealth Rock\n|turn|35\n|\n|t:|1771219482\n|move|p1a: On my MAMA|Close Combat|p2a: Tapu Koko\n|-resisted|p2a: Tapu Koko\n|-damage|p2a: Tapu Koko|0 fnt\n|-unboost|p1a: On my MAMA|def|1\n|-unboost|p1a: On my MAMA|spd|1\n|faint|p2a: Tapu Koko\n|\n|win|lesessais\n|raw|lesessais's rating: 1519 &rarr; <strong>1544</strong><br />(+25 for winning)\n|raw|doodieray's rating: 1605 &rarr; <strong>1580</strong><br />(-25 for losing)\n|l|☆doodieray\n|player|p2|\n|l|☆lesessais\n|player|p1|\n", "uploadtime": 1771219797, "views": 4, "formatid": "gen9nationaldex", "rating": 1544, "private": 0, "password": null}