{"id": "gen9nationaldex-2540893149", "format": "[Gen 9] National Dex", "players": ["Pursuit Of Perfect", "calamityiscoming2"], "log": "|j|☆Pursuit Of Perfect\n|j|☆calamityiscoming2\n|t:|1771264630\n|gametype|singles\n|player|p1|Pursuit Of Perfect|lucy|1665\n|player|p2|calamityiscoming2|bellelba|1800\n|gen|9\n|tier|[Gen 9] National Dex\n|rated|\n|rule|HP Percentage Mod: HP is shown in percentages\n|rule|Endless Battle Clause: Forcing endless battles is banned\n|rule|Species Clause: Limit one of each Pokémon\n|rule|OHKO Clause: OHKO moves are banned\n|rule|Evasion Clause: Evasion abilities, items, and moves are banned\n|rule|Evasion Abilities Clause: Evasion abilities are banned\n|rule|Evasion Items Clause: Evasion items are banned\n|rule|Evasion Moves Clause: Evasion moves are banned\n|rule|Sleep Clause Mod: Limit one foe put to sleep\n|rule|Terastal Clause: You cannot Terastallize\n|clearpoke\n|poke|p1|Gastrodon, M|\n|poke|p1|Ferrothorn, M|\n|poke|p1|Charizard, M|\n|poke|p1|Zapdos|\n|poke|p1|Weavile, M|\n|poke|p1|Tapu Lele|\n|poke|p2|Ogerpon-Cornerstone, F|\n|poke|p2|Lopunny, M|\n|poke|p2|Gholdengo|\n|poke|p2|Garchomp, F|\n|poke|p2|Alomomola, F|\n|poke|p2|Zapdos|\n|teampreview\n|\n|t:|1771264644\n|teamsize|p1|6\n|teamsize|p2|6\n|start\n|switch|p1a: Weavile|Weavile, M|100/100\n|switch|p2a: Lopunny|Lopunny, M|100/100\n|-ability|p1a: Weavile|Pressure\n|turn|1\n|\n|t:|1771264649\n|switch|p1a: Zapdos|Zapdos|100/100\n|switch|p2a: Garchomp|Garchomp, F|100/100\n|\n|upkeep\n|turn|2\n|\n|t:|1771264653\n|switch|p1a: Weavile|Weavile, M|100/100\n|-ability|p1a: Weavile|Pressure\n|move|p2a: Garchomp|Stealth Rock|p1a: Weavile\n|-sidestart|p1: Pursuit Of Perfect|move: Stealth Rock\n|\n|upkeep\n|turn|3\n|\n|t:|1771264661\n|switch|p1a: Ferrothorn|Ferrothorn, M|100/100\n|-damage|p1a: Ferrothorn|94/100|[from] Stealth Rock\n|switch|p2a: Alomomola|Alomomola, F|100/100\n|\n|-heal|p1a: Ferrothorn|100/100|[from] item: Leftovers\n|upkeep\n|turn|4\n|\n|t:|1771264665\n|switch|p2a: Gholdengo|Gholdengo|100/100\n|move|p1a: Ferrothorn|Stealth Rock|p2a: Gholdengo\n|-sidestart|p2: calamityiscoming2|move: Stealth Rock\n|\n|upkeep\n|turn|5\n|\n|t:|1771264667\n|switch|p1a: Weavile|Weavile, M|100/100\n|-damage|p1a: Weavile|76/100|[from] Stealth Rock\n|-ability|p1a: Weavile|Pressure\n|move|p2a: Gholdengo|Focus Blast|p1a: Weavile|[miss]\n|-miss|p2a: Gholdengo|p1a: Weavile\n|\n|upkeep\n|turn|6\n|\n|t:|1771264670\n|move|p1a: Weavile|Pursuit|p2a: Gholdengo\n|-supereffective|p2a: Gholdengo\n|-damage|p2a: Gholdengo|60/100\n|move|p2a: Gholdengo|Focus Blast|p1a: Weavile\n|-supereffective|p1a: Weavile\n|-damage|p1a: Weavile|0 fnt\n|faint|p1a: Weavile\n|\n|upkeep\n|\n|t:|1771264674\n|switch|p1a: Gastrodon|Gastrodon, M|100/100\n|turn|7\n|\n|t:|1771264684\n|move|p2a: Gholdengo|Nasty Plot|p2a: Gholdengo\n|-boost|p2a: Gholdengo|spa|2\n|move|p1a: Gastrodon|Spikes|p2a: Gholdengo\n|-sidestart|p2: calamityiscoming2|Spikes\n|\n|upkeep\n|turn|8\n|\n|t:|1771264689\n|-zpower|p2a: Gholdengo\n|move|p2a: Gholdengo|Never-Ending Nightmare|p1a: Gastrodon|[zeffect]\n|-damage|p1a: Gastrodon|7/100\n|move|p1a: Gastrodon|Scald|p2a: Gholdengo\n|-damage|p2a: Gholdengo|33/100\n|\n|upkeep\n|turn|9\n|\n|t:|1771264693\n|move|p2a: Gholdengo|Shadow Ball|p1a: Gastrodon\n|-damage|p1a: Gastrodon|0 fnt\n|faint|p1a: Gastrodon\n|\n|upkeep\n|\n|t:|1771264696\n|switch|p1a: Tapu Lele|Tapu Lele|100/100\n|-damage|p1a: Tapu Lele|88/100|[from] Stealth Rock\n|-fieldstart|move: Psychic Terrain|[from] ability: Psychic Surge|[of] p1a: Tapu Lele\n|turn|10\n|\n|t:|1771264705\n|-zpower|p1a: Tapu Lele\n|move|p1a: Tapu Lele|Shattered Psyche|p2a: Gholdengo|[zeffect]\n|-resisted|p2a: Gholdengo\n|-damage|p2a: Gholdengo|0 fnt\n|faint|p2a: Gholdengo\n|\n|upkeep\n|\n|t:|1771264719\n|switch|p2a: Ogerpon|Ogerpon-Cornerstone, F|100/100\n|-damage|p2a: Ogerpon|88/100|[from] Stealth Rock\n|-damage|p2a: Ogerpon|76/100|[from] Spikes\n|turn|11\n|\n|t:|1771264726\n|switch|p1a: Ferrothorn|Ferrothorn, M|100/100\n|-damage|p1a: Ferrothorn|94/100|[from] Stealth Rock\n|move|p2a: Ogerpon|Swords Dance|p2a: Ogerpon\n|-boost|p2a: Ogerpon|atk|2\n|\n|-heal|p1a: Ferrothorn|100/100|[from] item: Leftovers\n|upkeep\n|turn|12\n|\n|t:|1771264728\n|move|p2a: Ogerpon|Knock Off|p1a: Ferrothorn\n|-damage|p1a: Ferrothorn|52/100\n|-damage|p2a: Ogerpon|64/100|[from] ability: Iron Barbs|[of] p1a: Ferrothorn\n|-enditem|p1a: Ferrothorn|Leftovers|[from] move: Knock Off|[of] p2a: Ogerpon\n|move|p1a: Ferrothorn|Power Whip|p2a: Ogerpon\n|-damage|p2a: Ogerpon|9/100\n|\n|upkeep\n|turn|13\n|\n|t:|1771264737\n|move|p2a: Ogerpon|Ivy Cudgel|p1a: Ferrothorn|[anim] Ivy Cudgel Rock\n|-resisted|p1a: Ferrothorn\n|-damage|p1a: Ferrothorn|11/100\n|move|p1a: Ferrothorn|Knock Off|p2a: Ogerpon\n|-crit|p2a: Ogerpon\n|-damage|p2a: Ogerpon|0 fnt\n|faint|p2a: Ogerpon\n|\n|upkeep\n|\n|t:|1771264742\n|switch|p2a: Garchomp|Garchomp, F|100/100\n|-damage|p2a: Garchomp|94/100|[from] Stealth Rock\n|-damage|p2a: Garchomp|82/100|[from] Spikes\n|turn|14\n|\n|t:|1771264747\n|switch|p1a: Zapdos|Zapdos|100/100\n|move|p2a: Garchomp|Earthquake|p1a: Zapdos\n|-immune|p1a: Zapdos\n|\n|-heal|p2a: Garchomp|88/100|[from] item: Leftovers\n|-fieldend|move: Psychic Terrain\n|upkeep\n|turn|15\n|\n|t:|1771264752\n|move|p2a: Garchomp|Protect|p2a: Garchomp\n|-singleturn|p2a: Garchomp|Protect\n|move|p1a: Zapdos|Hurricane|p2a: Garchomp\n|-activate|p2a: Garchomp|move: Protect\n|\n|-heal|p2a: Garchomp|94/100|[from] item: Leftovers\n|upkeep\n|turn|16\n|\n|t:|1771264758\n|move|p2a: Garchomp|Toxic|p1a: Zapdos\n|-status|p1a: Zapdos|tox\n|move|p1a: Zapdos|Hurricane|p2a: Garchomp|[miss]\n|-miss|p1a: Zapdos|p2a: Garchomp\n|\n|-heal|p2a: Garchomp|100/100|[from] item: Leftovers\n|-damage|p1a: Zapdos|94/100 tox|[from] psn\n|upkeep\n|turn|17\n|\n|t:|1771264763\n|switch|p1a: Tapu Lele|Tapu Lele|88/100\n|-damage|p1a: Tapu Lele|76/100|[from] Stealth Rock\n|-fieldstart|move: Psychic Terrain|[from] ability: Psychic Surge|[of] p1a: Tapu Lele\n|move|p2a: Garchomp|Protect||[still]\n|-fail|p2a: Garchomp\n|\n|upkeep\n|turn|18\n|\n|t:|1771264770\n|switch|p2a: Alomomola|Alomomola, F|100/100\n|-damage|p2a: Alomomola|88/100|[from] Stealth Rock\n|-damage|p2a: Alomomola|76/100|[from] Spikes\n|move|p1a: Tapu Lele|Calm Mind|p1a: Tapu Lele\n|-boost|p1a: Tapu Lele|spa|1\n|-boost|p1a: Tapu Lele|spd|1\n|\n|upkeep\n|turn|19\n|\n|t:|1771264778\n|move|p1a: Tapu Lele|Psyshock|p2a: Alomomola\n|-damage|p2a: Alomomola|17/100\n|move|p2a: Alomomola|Flip Turn|p1a: Tapu Lele\n|-damage|p1a: Tapu Lele|51/100\n|\n|t:|1771264782\n|switch|p2a: Lopunny|Lopunny, M|100/100|[from] Flip Turn\n|-damage|p2a: Lopunny|88/100|[from] Stealth Rock\n|-damage|p2a: Lopunny|76/100|[from] Spikes\n|\n|upkeep\n|turn|20\n|\n|t:|1771264787\n|switch|p1a: Zapdos|Zapdos|94/100 tox\n|detailschange|p2a: Lopunny|Lopunny-Mega, M\n|-mega|p2a: Lopunny|Lopunny|Lopunnite\n|move|p2a: Lopunny|Return|p1a: Zapdos\n|-damage|p1a: Zapdos|50/100 tox\n|-status|p2a: Lopunny|par|[from] ability: Static|[of] p1a: Zapdos\n|\n|-damage|p1a: Zapdos|44/100 tox|[from] psn\n|upkeep\n|turn|21\n|\n|t:|1771264797\n|move|p1a: Zapdos|Roost|p1a: Zapdos\n|-heal|p1a: Zapdos|94/100 tox\n|-singleturn|p1a: Zapdos|move: Roost\n|move|p2a: Lopunny|Triple Axel|p1a: Zapdos|[miss]\n|-miss|p2a: Lopunny|p1a: Zapdos\n|\n|-damage|p1a: Zapdos|82/100 tox|[from] psn\n|-fieldend|move: Psychic Terrain\n|upkeep\n|turn|22\n|\n|t:|1771264802\n|switch|p2a: Zapdos|Zapdos|100/100\n|move|p1a: Zapdos|Hurricane|p2a: Zapdos|[miss]\n|-miss|p1a: Zapdos|p2a: Zapdos\n|\n|-damage|p1a: Zapdos|63/100 tox|[from] psn\n|upkeep\n|turn|23\n|\n|t:|1771264804\n|move|p2a: Zapdos|Volt Switch|p1a: Zapdos\n|-damage|p1a: Zapdos|36/100 tox\n|\n|t:|1771264807\n|switch|p2a: Lopunny|Lopunny-Mega, M|76/100 par|[from] Volt Switch\n|-damage|p2a: Lopunny|70/100 par|[from] Stealth Rock\n|-damage|p2a: Lopunny|58/100 par|[from] Spikes\n|move|p1a: Zapdos|Defog|p2a: Lopunny\n|-unboost|p2a: Lopunny|evasion|1\n|-sideend|p2: calamityiscoming2|Spikes|[from] move: Defog|[of] p1a: Zapdos\n|-sideend|p2: calamityiscoming2|Stealth Rock|[from] move: Defog|[of] p1a: Zapdos\n|-sideend|p1: Pursuit Of Perfect|Stealth Rock|[from] move: Defog|[of] p1a: Zapdos\n|\n|-damage|p1a: Zapdos|11/100 tox|[from] psn\n|upkeep\n|turn|24\n|\n|t:|1771264817\n|switch|p1a: Ferrothorn|Ferrothorn, M|11/100\n|move|p2a: Lopunny|Fake Out|p1a: Ferrothorn\n|-resisted|p1a: Ferrothorn\n|-damage|p1a: Ferrothorn|4/100\n|-damage|p2a: Lopunny|46/100 par|[from] ability: Iron Barbs|[of] p1a: Ferrothorn\n|\n|upkeep\n|turn|25\n|\n|t:|1771264820\n|move|p2a: Lopunny|Return|p1a: Ferrothorn\n|-resisted|p1a: Ferrothorn\n|-damage|p1a: Ferrothorn|0 fnt\n|-damage|p2a: Lopunny|34/100 par|[from] ability: Iron Barbs|[of] p1a: Ferrothorn\n|faint|p1a: Ferrothorn\n|\n|upkeep\n|\n|t:|1771264824\n|switch|p1a: Charizard|Charizard, M|100/100\n|turn|26\n|\n|t:|1771264829\n|detailschange|p1a: Charizard|Charizard-Mega-X, M\n|-mega|p1a: Charizard|Charizard|Charizardite X\n|move|p1a: Charizard|Dragon Dance|p1a: Charizard\n|-boost|p1a: Charizard|atk|1\n|-boost|p1a: Charizard|spe|1\n|move|p2a: Lopunny|Return|p1a: Charizard\n|-damage|p1a: Charizard|39/100\n|\n|upkeep\n|turn|27\n|\n|t:|1771264836\n|move|p1a: Charizard|Roost|p1a: Charizard\n|-heal|p1a: Charizard|89/100\n|-singleturn|p1a: Charizard|move: Roost\n|move|p2a: Lopunny|Return|p1a: Charizard\n|-damage|p1a: Charizard|28/100\n|\n|upkeep\n|turn|28\n|\n|t:|1771264839\n|move|p1a: Charizard|Roost|p1a: Charizard\n|-heal|p1a: Charizard|78/100\n|-singleturn|p1a: Charizard|move: Roost\n|move|p2a: Lopunny|Return|p1a: Charizard\n|-damage|p1a: Charizard|25/100\n|\n|upkeep\n|turn|29\n|\n|t:|1771264841\n|move|p1a: Charizard|Dragon Claw|p2a: Lopunny\n|-damage|p2a: Lopunny|0 fnt\n|faint|p2a: Lopunny\n|detailschange|p2: Lopunny|Lopunny, M|[silent]\n|\n|upkeep\n|\n|t:|1771264843\n|switch|p2a: Zapdos|Zapdos|100/100\n|turn|30\n|\n|t:|1771264847\n|move|p1a: Charizard|Flare Blitz|p2a: Zapdos\n|-damage|p2a: Zapdos|6/100\n|-status|p2a: Zapdos|brn\n|-damage|p1a: Charizard|0 fnt|[from] Recoil\n|faint|p1a: Charizard\n|detailschange|p1: Charizard|Charizard, M|[silent]\n|move|p2a: Zapdos|Hurricane|p1: Charizard|[notarget]\n|-fail|p2a: Zapdos\n|\n|-damage|p2a: Zapdos|0 fnt|[from] brn\n|faint|p2a: Zapdos\n|upkeep\n|\n|t:|1771264857\n|switch|p1a: Tapu Lele|Tapu Lele|51/100\n|switch|p2a: Garchomp|Garchomp, F|100/100\n|-fieldstart|move: Psychic Terrain|[from] ability: Psychic Surge|[of] p1a: Tapu Lele\n|turn|31\n|\n|t:|1771264863\n|switch|p1a: Zapdos|Zapdos|11/100 tox\n|move|p2a: Garchomp|Earthquake|p1a: Zapdos\n|-immune|p1a: Zapdos\n|\n|-damage|p1a: Zapdos|5/100 tox|[from] psn\n|upkeep\n|turn|32\n|\n|t:|1771264868\n|switch|p2a: Alomomola|Alomomola, F|50/100\n|move|p1a: Zapdos|Hurricane|p2a: Alomomola|[miss]\n|-miss|p1a: Zapdos|p2a: Alomomola\n|\n|-damage|p1a: Zapdos|0 fnt|[from] psn\n|faint|p1a: Zapdos\n|upkeep\n|\n|t:|1771264870\n|switch|p1a: Tapu Lele|Tapu Lele|51/100\n|turn|33\n|\n|t:|1771264873\n|move|p1a: Tapu Lele|Calm Mind|p1a: Tapu Lele\n|-boost|p1a: Tapu Lele|spa|1\n|-boost|p1a: Tapu Lele|spd|1\n|move|p2a: Alomomola|Mirror Coat||[still]\n|-fail|p2a: Alomomola\n|\n|upkeep\n|turn|34\n|\n|t:|1771264877\n|switch|p2a: Garchomp|Garchomp, F|100/100\n|move|p1a: Tapu Lele|Calm Mind|p1a: Tapu Lele\n|-boost|p1a: Tapu Lele|spa|1\n|-boost|p1a: Tapu Lele|spd|1\n|\n|upkeep\n|turn|35\n|c|☆calamityiscoming2|am i dumb?\n|\n|t:|1771264883\n|move|p1a: Tapu Lele|Moonblast|p2a: Garchomp\n|-supereffective|p2a: Garchomp\n|-damage|p2a: Garchomp|0 fnt\n|faint|p2a: Garchomp\n|\n|-fieldend|move: Psychic Terrain\n|upkeep\n|\n|t:|1771264885\n|switch|p2a: Alomomola|Alomomola, F|84/100\n|turn|36\n|\n|t:|1771264895\n|move|p1a: Tapu Lele|Psyshock|p2a: Alomomola\n|-damage|p2a: Alomomola|28/100\n|move|p2a: Alomomola|Flip Turn|p1a: Tapu Lele\n|-damage|p1a: Tapu Lele|26/100\n|\n|upkeep\n|turn|37\n|-message|calamityiscoming2 forfeited.\n|\n|win|Pursuit Of Perfect\n|raw|Pursuit Of Perfect's rating: 1665 &rarr; <strong>1692</strong><br />(+27 for winning)\n|raw|calamityiscoming2's rating: 1800 &rarr; <strong>1773</strong><br />(-27 for losing)\n|l|☆calamityiscoming2\n|player|p2|\n|l|☆Pursuit Of Perfect\n|player|p1|\n", "uploadtime": 1771265067, "views": 3, "formatid": "gen9nationaldex", "rating": 1692, "private": 0, "password": null}