{"id": "gen9nationaldex-2540894038", "format": "[Gen 9] National Dex", "players": ["Ilikemyfishwalking", "jerseyiteMa"], "log": "|j|☆Ilikemyfishwalking\n|j|☆jerseyiteMa\n|t:|1771264715\n|gametype|singles\n|player|p1|Ilikemyfishwalking|emmet|1552\n|player|p2|jerseyiteMa|shelly|1624\n|gen|9\n|tier|[Gen 9] National Dex\n|rated|\n|rule|HP Percentage Mod: HP is shown in percentages\n|rule|Endless Battle Clause: Forcing endless battles is banned\n|rule|Species Clause: Limit one of each Pokémon\n|rule|OHKO Clause: OHKO moves are banned\n|rule|Evasion Clause: Evasion abilities, items, and moves are banned\n|rule|Evasion Abilities Clause: Evasion abilities are banned\n|rule|Evasion Items Clause: Evasion items are banned\n|rule|Evasion Moves Clause: Evasion moves are banned\n|rule|Sleep Clause Mod: Limit one foe put to sleep\n|rule|Terastal Clause: You cannot Terastallize\n|clearpoke\n|poke|p1|Tapu Koko|\n|poke|p1|Dragonite, F|\n|poke|p1|Iron Valiant|\n|poke|p1|Urshifu-*, M|\n|poke|p1|Melmetal|\n|poke|p1|Lopunny, M|\n|poke|p2|Mawile, F|\n|poke|p2|Zapdos|\n|poke|p2|Ting-Lu|\n|poke|p2|Alomomola, F|\n|poke|p2|Gholdengo|\n|poke|p2|Buzzwole|\n|teampreview\n|\n|t:|1771264737\n|teamsize|p1|6\n|teamsize|p2|6\n|start\n|switch|p1a: Don't even|Lopunny, M|100/100\n|switch|p2a: Mawile|Mawile, F|100/100\n|-ability|p2a: Mawile|Intimidate|boost\n|-unboost|p1a: Don't even|atk|1\n|turn|1\n|\n|t:|1771264743\n|switch|p2a: Zapdos|Zapdos|100/100\n|detailschange|p1a: Don't even|Lopunny-Mega, M\n|-mega|p1a: Don't even|Lopunny|Lopunnite\n|move|p1a: Don't even|Fake Out|p2a: Zapdos\n|-damage|p2a: Zapdos|90/100\n|\n|upkeep\n|turn|2\n|\n|t:|1771264752\n|move|p1a: Don't even|U-turn|p2a: Zapdos\n|-resisted|p2a: Zapdos\n|-damage|p2a: Zapdos|83/100\n|-status|p1a: Don't even|par|[from] ability: Static|[of] p2a: Zapdos\n|\n|t:|1771264759\n|switch|p1a: Tank|Melmetal, shiny|100/100|[from] U-turn\n|move|p2a: Zapdos|Hurricane|p1a: Tank|[miss]\n|-miss|p2a: Zapdos|p1a: Tank\n|\n|upkeep\n|turn|3\n|\n|t:|1771264767\n|move|p2a: Zapdos|Volt Switch|p1a: Tank\n|-damage|p1a: Tank|72/100\n|\n|t:|1771264771\n|switch|p2a: Alomomola|Alomomola, F|100/100|[from] Volt Switch\n|move|p1a: Tank|Toxic|p2a: Alomomola\n|-status|p2a: Alomomola|tox\n|\n|-heal|p1a: Tank|78/100|[from] item: Leftovers\n|-damage|p2a: Alomomola|94/100 tox|[from] psn\n|upkeep\n|turn|4\n|\n|t:|1771264832\n|move|p2a: Alomomola|Flip Turn|p1a: Tank\n|-damage|p1a: Tank|69/100\n|\n|t:|1771264844\n|switch|p2a: Zapdos|Zapdos|83/100|[from] Flip Turn\n|move|p1a: Tank|Double Iron Bash|p2a: Zapdos\n|-resisted|p2a: Zapdos\n|-damage|p2a: Zapdos|69/100\n|-resisted|p2a: Zapdos\n|-damage|p2a: Zapdos|54/100\n|-status|p1a: Tank|par|[from] ability: Static|[of] p2a: Zapdos\n|-hitcount|p2a: Zapdos|2\n|\n|-heal|p1a: Tank|75/100 par|[from] item: Leftovers\n|upkeep\n|turn|5\n|\n|t:|1771264852\n|move|p2a: Zapdos|Volt Switch|p1a: Tank\n|-damage|p1a: Tank|43/100 par\n|\n|t:|1771264855\n|switch|p2a: Alomomola|Alomomola, F|100/100 tox|[from] Volt Switch\n|move|p1a: Tank|Toxic|p2a: Alomomola\n|-fail|p2a: Alomomola|tox\n|\n|-heal|p1a: Tank|49/100 par|[from] item: Leftovers\n|-damage|p2a: Alomomola|94/100 tox|[from] psn\n|upkeep\n|turn|6\n|\n|t:|1771264858\n|move|p1a: Tank|Protect|p1a: Tank\n|-singleturn|p1a: Tank|Protect\n|move|p2a: Alomomola|Flip Turn|p1a: Tank\n|-activate|p1a: Tank|move: Protect\n|\n|-heal|p1a: Tank|56/100 par|[from] item: Leftovers\n|-damage|p2a: Alomomola|82/100 tox|[from] psn\n|upkeep\n|turn|7\n|\n|t:|1771264868\n|switch|p1a: 1 2 3 4!|Urshifu-Rapid-Strike, M|100/100\n|move|p2a: Alomomola|Flip Turn|p1a: 1 2 3 4!\n|-resisted|p1a: 1 2 3 4!\n|-damage|p1a: 1 2 3 4!|92/100\n|\n|t:|1771264874\n|switch|p2a: Mawile|Mawile, F|100/100|[from] Flip Turn\n|-ability|p2a: Mawile|Intimidate|boost\n|-unboost|p1a: 1 2 3 4!|atk|1\n|\n|upkeep\n|turn|8\n|\n|t:|1771264887\n|detailschange|p2a: Mawile|Mawile-Mega, F\n|-mega|p2a: Mawile|Mawile|Mawilite\n|move|p1a: 1 2 3 4!|U-turn|p2a: Mawile\n|-resisted|p2a: Mawile\n|-damage|p2a: Mawile|97/100\n|\n|t:|1771264898\n|switch|p1a: Tank|Melmetal, shiny|56/100 par|[from] U-turn\n|move|p2a: Mawile|Play Rough|p1a: Tank\n|-resisted|p1a: Tank\n|-damage|p1a: Tank|36/100 par\n|\n|-heal|p1a: Tank|42/100 par|[from] item: Leftovers\n|upkeep\n|turn|9\n|\n|t:|1771264908\n|switch|p2a: Buzzwole|Buzzwole|100/100\n|move|p1a: Tank|Double Iron Bash|p2a: Buzzwole\n|-damage|p2a: Buzzwole|74/100\n|-damage|p2a: Buzzwole|44/100\n|-hitcount|p2a: Buzzwole|2\n|\n|-heal|p1a: Tank|48/100 par|[from] item: Leftovers\n|upkeep\n|turn|10\n|\n|t:|1771264917\n|switch|p2a: Alomomola|Alomomola, F|100/100 tox\n|move|p1a: Tank|Protect||[still]\n|-fail|p1a: Tank\n|\n|-heal|p1a: Tank|54/100 par|[from] item: Leftovers\n|-damage|p2a: Alomomola|94/100 tox|[from] psn\n|upkeep\n|turn|11\n|\n|t:|1771264926\n|move|p2a: Alomomola|Wish|p2a: Alomomola\n|move|p1a: Tank|Toxic|p2a: Alomomola\n|-fail|p2a: Alomomola|tox\n|\n|-heal|p1a: Tank|60/100 par|[from] item: Leftovers\n|-damage|p2a: Alomomola|82/100 tox|[from] psn\n|upkeep\n|turn|12\n|\n|t:|1771264937\n|switch|p2a: Gholdengo|Gholdengo|100/100\n|cant|p1a: Tank|par\n|\n|-heal|p1a: Tank|66/100 par|[from] item: Leftovers\n|upkeep\n|turn|13\n|\n|t:|1771264945\n|move|p2a: Gholdengo|Trick|p1a: Tank\n|-activate|p2a: Gholdengo|move: Trick|[of] p1a: Tank\n|-item|p1a: Tank|Choice Scarf|[from] move: Trick\n|-item|p2a: Gholdengo|Leftovers|[from] move: Trick\n|move|p1a: Tank|Earthquake|p2a: Gholdengo\n|-supereffective|p2a: Gholdengo\n|-damage|p2a: Gholdengo|12/100\n|\n|-heal|p2a: Gholdengo|18/100|[from] item: Leftovers\n|upkeep\n|turn|14\n|\n|t:|1771264952\n|switch|p2a: Zapdos|Zapdos|54/100\n|move|p1a: Tank|Earthquake|p2a: Zapdos\n|-immune|p2a: Zapdos\n|\n|upkeep\n|turn|15\n|\n|t:|1771264962\n|switch|p1a: 1 2 3 4!|Urshifu-Rapid-Strike, M|92/100\n|move|p2a: Zapdos|Roost|p2a: Zapdos\n|-heal|p2a: Zapdos|100/100\n|-singleturn|p2a: Zapdos|move: Roost\n|\n|upkeep\n|turn|16\n|\n|t:|1771264968\n|move|p1a: 1 2 3 4!|U-turn|p2a: Zapdos\n|-resisted|p2a: Zapdos\n|-crit|p2a: Zapdos\n|-damage|p2a: Zapdos|87/100\n|\n|t:|1771264973\n|switch|p1a: Tank|Melmetal, shiny|66/100 par|[from] U-turn\n|move|p2a: Zapdos|Hurricane|p1a: Tank|[miss]\n|-miss|p2a: Zapdos|p1a: Tank\n|\n|upkeep\n|turn|17\n|\n|t:|1771264979\n|move|p2a: Zapdos|Volt Switch|p1a: Tank\n|-damage|p1a: Tank|34/100 par\n|\n|t:|1771264982\n|switch|p2a: Alomomola|Alomomola, F|100/100 tox|[from] Volt Switch\n|move|p1a: Tank|Double Iron Bash|p2a: Alomomola\n|-resisted|p2a: Alomomola\n|-damage|p2a: Alomomola|88/100 tox\n|-resisted|p2a: Alomomola\n|-damage|p2a: Alomomola|77/100 tox\n|-hitcount|p2a: Alomomola|2\n|\n|-damage|p2a: Alomomola|71/100 tox|[from] psn\n|upkeep\n|turn|18\n|\n|t:|1771264991\n|switch|p2a: Zapdos|Zapdos|87/100\n|cant|p1a: Tank|par\n|\n|upkeep\n|turn|19\n|\n|t:|1771264995\n|move|p2a: Zapdos|Volt Switch|p1a: Tank\n|-damage|p1a: Tank|2/100 par\n|\n|t:|1771265000\n|switch|p2a: Alomomola|Alomomola, F|100/100 tox|[from] Volt Switch\n|cant|p1a: Tank|par\n|\n|-damage|p2a: Alomomola|94/100 tox|[from] psn\n|upkeep\n|turn|20\n|\n|t:|1771265005\n|move|p2a: Alomomola|Flip Turn|p1a: Tank\n|-damage|p1a: Tank|0 fnt\n|faint|p1a: Tank\n|\n|t:|1771265009\n|switch|p2a: Zapdos|Zapdos|87/100|[from] Flip Turn\n|\n|upkeep\n|\n|t:|1771265019\n|switch|p1a: Highlighter green|Dragonite, F, shiny|100/100\n|turn|21\n|\n|t:|1771265024\n|move|p1a: Highlighter green|Dragon Dance|p1a: Highlighter green\n|-boost|p1a: Highlighter green|atk|1\n|-boost|p1a: Highlighter green|spe|1\n|move|p2a: Zapdos|Volt Switch|p1a: Highlighter green\n|-damage|p1a: Highlighter green|86/100\n|inactive|Battle timer is ON: inactive players will automatically lose when time's up. (requested by Ilikemyfishwalking)\n|\n|t:|1771265065\n|switch|p2a: Ting-Lu|Ting-Lu|100/100|[from] Volt Switch\n|-ability|p2a: Ting-Lu|Vessel of Ruin\n|\n|upkeep\n|turn|22\n|\n|t:|1771265070\n|move|p1a: Highlighter green|Dragon Dance|p1a: Highlighter green\n|-boost|p1a: Highlighter green|atk|1\n|-boost|p1a: Highlighter green|spe|1\n|move|p2a: Ting-Lu|Whirlwind|p1a: Highlighter green\n|drag|p1a: What the flippers|Tapu Koko|100/100\n|-fieldstart|move: Electric Terrain|[from] ability: Electric Surge|[of] p1a: What the flippers\n|\n|upkeep\n|turn|23\n|\n|t:|1771265075\n|move|p1a: What the flippers|Dazzling Gleam|p2a: Ting-Lu\n|-supereffective|p2a: Ting-Lu\n|-damage|p2a: Ting-Lu|62/100\n|move|p2a: Ting-Lu|Earthquake|p1a: What the flippers\n|-supereffective|p1a: What the flippers\n|-damage|p1a: What the flippers|0 fnt\n|faint|p1a: What the flippers\n|\n|-heal|p2a: Ting-Lu|68/100|[from] item: Leftovers\n|upkeep\n|\n|t:|1771265080\n|switch|p1a: 43 Days >w< <3|Iron Valiant|100/100\n|-activate|p1a: 43 Days >w< <3|ability: Quark Drive\n|-start|p1a: 43 Days >w< <3|quarkdrivespe\n|turn|24\n|\n|t:|1771265095\n|switch|p2a: Gholdengo|Gholdengo|18/100\n|move|p1a: 43 Days >w< <3|Close Combat|p2a: Gholdengo\n|-immune|p2a: Gholdengo\n|\n|-heal|p2a: Gholdengo|24/100|[from] item: Leftovers\n|upkeep\n|turn|25\n|\n|t:|1771265105\n|switch|p2a: Mawile|Mawile-Mega, F|97/100\n|move|p1a: 43 Days >w< <3|Thunderbolt|p2a: Mawile\n|-damage|p2a: Mawile|41/100\n|-damage|p1a: 43 Days >w< <3|91/100|[from] item: Life Orb\n|\n|upkeep\n|turn|26\n|\n|t:|1771265123\n|switch|p2a: Gholdengo|Gholdengo|24/100\n|move|p1a: 43 Days >w< <3|Close Combat|p2a: Gholdengo\n|-immune|p2a: Gholdengo\n|\n|-heal|p2a: Gholdengo|30/100|[from] item: Leftovers\n|-fieldend|move: Electric Terrain\n|-end|p1a: 43 Days >w< <3|Quark Drive\n|upkeep\n|turn|27\n|\n|t:|1771265129\n|move|p1a: 43 Days >w< <3|Moonblast|p2a: Gholdengo\n|-resisted|p2a: Gholdengo\n|-damage|p2a: Gholdengo|0 fnt\n|faint|p2a: Gholdengo\n|-damage|p1a: 43 Days >w< <3|81/100|[from] item: Life Orb\n|\n|upkeep\n|\n|t:|1771265149\n|switch|p2a: Zapdos|Zapdos|87/100\n|turn|28\n|\n|t:|1771265156\n|move|p1a: 43 Days >w< <3|Destiny Bond|p1a: 43 Days >w< <3\n|-singlemove|p1a: 43 Days >w< <3|Destiny Bond\n|move|p2a: Zapdos|Hurricane|p1a: 43 Days >w< <3|[miss]\n|-miss|p2a: Zapdos|p1a: 43 Days >w< <3\n|\n|upkeep\n|turn|29\n|\n|t:|1771265162\n|-end|p1a: 43 Days >w< <3|Quark Drive|[silent]\n|switch|p1a: Highlighter green|Dragonite, F, shiny|86/100\n|move|p2a: Zapdos|Hurricane|p1a: Highlighter green|[miss]\n|-miss|p2a: Zapdos|p1a: Highlighter green\n|\n|upkeep\n|turn|30\n|\n|t:|1771265170\n|move|p1a: Highlighter green|Dragon Dance|p1a: Highlighter green\n|-boost|p1a: Highlighter green|atk|1\n|-boost|p1a: Highlighter green|spe|1\n|move|p2a: Zapdos|Hurricane|p1a: Highlighter green\n|-damage|p1a: Highlighter green|41/100\n|\n|upkeep\n|turn|31\n|\n|t:|1771265177\n|move|p1a: Highlighter green|Outrage|p2a: Zapdos\n|-damage|p2a: Zapdos|5/100\n|move|p2a: Zapdos|Hurricane|p1a: Highlighter green|[miss]\n|-miss|p2a: Zapdos|p1a: Highlighter green\n|\n|upkeep\n|turn|32\n|\n|t:|1771265182\n|switch|p2a: Mawile|Mawile-Mega, F|41/100\n|move|p1a: Highlighter green|Outrage|p2a: Mawile|[from] lockedmove\n|-immune|p2a: Mawile\n|\n|upkeep\n|turn|33\n|\n|t:|1771265186\n|move|p2a: Mawile|Sucker Punch||[still]\n|-fail|p2a: Mawile\n|move|p1a: Highlighter green|Dragon Dance|p1a: Highlighter green\n|-boost|p1a: Highlighter green|atk|1\n|-boost|p1a: Highlighter green|spe|1\n|\n|upkeep\n|turn|34\n|\n|t:|1771265189\n|move|p1a: Highlighter green|Extreme Speed|p2a: Mawile\n|-resisted|p2a: Mawile\n|-damage|p2a: Mawile|13/100\n|move|p2a: Mawile|Sucker Punch||[still]\n|-fail|p2a: Mawile\n|\n|upkeep\n|turn|35\n|-message|jerseyiteMa forfeited.\n|\n|win|Ilikemyfishwalking\n|raw|Ilikemyfishwalking's rating: 1552 &rarr; <strong>1576</strong><br />(+24 for winning)\n|raw|jerseyiteMa's rating: 1624 &rarr; <strong>1600</strong><br />(-24 for losing)\n|l|☆jerseyiteMa\n|player|p2|\n|l|☆Ilikemyfishwalking\n|player|p1|\n", "uploadtime": 1771265343, "views": 3, "formatid": "gen9nationaldex", "rating": 1576, "private": 0, "password": null}