{"id": "gen9nationaldex-2540570269", "format": "[Gen 9] National Dex", "players": ["Skyeees", "SBMalus"], "log": "|j|☆Skyeees\n|j|☆SBMalus\n|t:|1771219681\n|gametype|singles\n|player|p1|Skyeees|266|1515\n|player|p2|SBMalus|hiker-gen4|1557\n|gen|9\n|tier|[Gen 9] National Dex\n|rated|\n|rule|HP Percentage Mod: HP is shown in percentages\n|rule|Endless Battle Clause: Forcing endless battles is banned\n|rule|Species Clause: Limit one of each Pokémon\n|rule|OHKO Clause: OHKO moves are banned\n|rule|Evasion Clause: Evasion abilities, items, and moves are banned\n|rule|Evasion Abilities Clause: Evasion abilities are banned\n|rule|Evasion Items Clause: Evasion items are banned\n|rule|Evasion Moves Clause: Evasion moves are banned\n|rule|Sleep Clause Mod: Limit one foe put to sleep\n|rule|Terastal Clause: You cannot Terastallize\n|clearpoke\n|poke|p1|Clefable, F|\n|poke|p1|Pecharunt|\n|poke|p1|Skarmory, F|\n|poke|p1|Latios, M|\n|poke|p1|Ting-Lu|\n|poke|p1|Gholdengo|\n|poke|p2|Charizard, M|\n|poke|p2|Great Tusk|\n|poke|p2|Heatran, M|\n|poke|p2|Alomomola, F|\n|poke|p2|Raging Bolt|\n|poke|p2|Ferrothorn, F|\n|teampreview\n|\n|t:|1771219700\n|teamsize|p1|6\n|teamsize|p2|6\n|start\n|switch|p1a: Latios|Latios, M|100/100\n|switch|p2a: Great Tusk|Great Tusk|100/100\n|turn|1\n|\n|t:|1771219705\n|-end|p2a: Great Tusk|Protosynthesis|[silent]\n|switch|p2a: Heatran|Heatran, M|100/100\n|detailschange|p1a: Latios|Latios-Mega, M\n|-mega|p1a: Latios|Latios|Latiosite\n|move|p1a: Latios|Luster Purge|p2a: Heatran\n|-resisted|p2a: Heatran\n|-damage|p2a: Heatran|83/100\n|\n|-heal|p2a: Heatran|89/100|[from] item: Leftovers\n|upkeep\n|turn|2\n|\n|t:|1771219709\n|switch|p1a: Ting-Lu|Ting-Lu|100/100\n|-ability|p1a: Ting-Lu|Vessel of Ruin\n|switch|p2a: Alomomola|Alomomola, F|100/100\n|\n|upkeep\n|turn|3\n|\n|t:|1771219717\n|switch|p1a: Latios|Latios-Mega, M|100/100\n|move|p2a: Alomomola|Toxic|p1a: Latios\n|-status|p1a: Latios|tox\n|\n|-damage|p1a: Latios|95/100 tox|[from] psn\n|upkeep\n|turn|4\n|\n|t:|1771219719\n|move|p1a: Latios|Luster Purge|p2a: Alomomola\n|-damage|p2a: Alomomola|49/100\n|move|p2a: Alomomola|Flip Turn|p1a: Latios\n|-resisted|p1a: Latios\n|-damage|p1a: Latios|85/100 tox\n|\n|t:|1771219722\n|switch|p2a: Heatran|Heatran, M|89/100|[from] Flip Turn\n|\n|-heal|p2a: Heatran|95/100|[from] item: Leftovers\n|-damage|p1a: Latios|73/100 tox|[from] psn\n|upkeep\n|turn|5\n|\n|t:|1771219727\n|move|p1a: Latios|Luster Purge|p2a: Heatran\n|-resisted|p2a: Heatran\n|-damage|p2a: Heatran|77/100\n|-unboost|p2a: Heatran|spd|1\n|move|p2a: Heatran|Stealth Rock|p1a: Latios\n|-sidestart|p1: Skyeees|move: Stealth Rock\n|\n|-heal|p2a: Heatran|83/100|[from] item: Leftovers\n|-damage|p1a: Latios|55/100 tox|[from] psn\n|upkeep\n|turn|6\n|\n|t:|1771219731\n|switch|p1a: Ting-Lu|Ting-Lu|100/100\n|-damage|p1a: Ting-Lu|94/100|[from] Stealth Rock\n|-ability|p1a: Ting-Lu|Vessel of Ruin\n|switch|p2a: Alomomola|Alomomola, F|82/100\n|\n|-heal|p1a: Ting-Lu|100/100|[from] item: Leftovers\n|upkeep\n|turn|7\n|\n|t:|1771219737\n|switch|p1a: Clefable|Clefable, F|100/100\n|move|p2a: Alomomola|Toxic|p1a: Clefable\n|-status|p1a: Clefable|tox\n|\n|upkeep\n|turn|8\n|\n|t:|1771219742\n|move|p1a: Clefable|Stealth Rock|p2a: Alomomola\n|-sidestart|p2: SBMalus|move: Stealth Rock\n|move|p2a: Alomomola|Flip Turn|p1a: Clefable\n|-damage|p1a: Clefable|85/100 tox\n|\n|t:|1771219745\n|switch|p2a: Heatran|Heatran, M|83/100|[from] Flip Turn\n|-damage|p2a: Heatran|70/100|[from] Stealth Rock\n|\n|-heal|p2a: Heatran|76/100|[from] item: Leftovers\n|-heal|p1a: Clefable|91/100 tox|[from] item: Leftovers\n|upkeep\n|turn|9\n|\n|t:|1771219750\n|move|p2a: Heatran|Magma Storm|p1a: Clefable\n|-damage|p1a: Clefable|56/100 tox\n|-activate|p1a: Clefable|move: Magma Storm|[of] p2a: Heatran\n|move|p1a: Clefable|Knock Off|p2a: Heatran\n|-damage|p2a: Heatran|64/100\n|-enditem|p2a: Heatran|Leftovers|[from] move: Knock Off|[of] p1a: Clefable\n|\n|-heal|p1a: Clefable|62/100 tox|[from] item: Leftovers\n|upkeep\n|turn|10\n|\n|t:|1771219756\n|move|p2a: Heatran|Taunt|p1a: Clefable\n|-start|p1a: Clefable|move: Taunt\n|cant|p1a: Clefable|move: Taunt|Soft-Boiled\n|\n|-heal|p1a: Clefable|68/100 tox|[from] item: Leftovers\n|upkeep\n|turn|11\n|\n|t:|1771219765\n|move|p2a: Heatran|Earth Power|p1a: Clefable\n|-damage|p1a: Clefable|49/100 tox\n|move|p1a: Clefable|Moonblast|p2a: Heatran\n|-resisted|p2a: Heatran\n|-damage|p2a: Heatran|59/100\n|\n|-heal|p1a: Clefable|55/100 tox|[from] item: Leftovers\n|upkeep\n|turn|12\n|\n|t:|1771219770\n|move|p2a: Heatran|Earth Power|p1a: Clefable\n|-damage|p1a: Clefable|33/100 tox\n|move|p1a: Clefable|Moonblast|p2a: Heatran\n|-resisted|p2a: Heatran\n|-damage|p2a: Heatran|54/100\n|\n|-heal|p1a: Clefable|39/100 tox|[from] item: Leftovers\n|-end|p1a: Clefable|move: Taunt\n|upkeep\n|turn|13\n|\n|t:|1771219776\n|move|p2a: Heatran|Taunt|p1a: Clefable\n|-start|p1a: Clefable|move: Taunt\n|move|p1a: Clefable|Moonblast|p2a: Heatran\n|-resisted|p2a: Heatran\n|-damage|p2a: Heatran|49/100\n|\n|-heal|p1a: Clefable|45/100 tox|[from] item: Leftovers\n|upkeep\n|turn|14\n|\n|t:|1771219779\n|move|p2a: Heatran|Earth Power|p1a: Clefable\n|-damage|p1a: Clefable|24/100 tox\n|move|p1a: Clefable|Moonblast|p2a: Heatran\n|-resisted|p2a: Heatran\n|-damage|p2a: Heatran|45/100\n|\n|-heal|p1a: Clefable|30/100 tox|[from] item: Leftovers\n|-end|p1a: Clefable|Magma Storm|[partiallytrapped]\n|upkeep\n|turn|15\n|\n|t:|1771219784\n|switch|p1a: Ting-Lu|Ting-Lu|100/100\n|-damage|p1a: Ting-Lu|94/100|[from] Stealth Rock\n|-ability|p1a: Ting-Lu|Vessel of Ruin\n|move|p2a: Heatran|Magma Storm|p1a: Ting-Lu\n|-damage|p1a: Ting-Lu|77/100\n|-activate|p1a: Ting-Lu|move: Magma Storm|[of] p2a: Heatran\n|\n|-heal|p1a: Ting-Lu|84/100|[from] item: Leftovers\n|-damage|p1a: Ting-Lu|71/100|[from] move: Magma Storm|[partiallytrapped]\n|upkeep\n|turn|16\n|\n|t:|1771219792\n|switch|p2a: Alomomola|Alomomola, F|100/100\n|move|p1a: Ting-Lu|Earthquake|p2a: Alomomola\n|-damage|p2a: Alomomola|77/100\n|\n|-heal|p1a: Ting-Lu|77/100|[from] item: Leftovers\n|-end|p1a: Ting-Lu|Magma Storm|[partiallytrapped]|[silent]\n|upkeep\n|turn|17\n|\n|t:|1771219803\n|switch|p1a: Clefable|Clefable, F|30/100 tox\n|move|p2a: Alomomola|Toxic|p1a: Clefable\n|-fail|p1a: Clefable|tox\n|\n|-heal|p1a: Clefable|36/100 tox|[from] item: Leftovers\n|upkeep\n|turn|18\n|\n|t:|1771219805\n|move|p1a: Clefable|Soft-Boiled|p1a: Clefable\n|-heal|p1a: Clefable|86/100 tox\n|move|p2a: Alomomola|Wish|p2a: Alomomola\n|\n|-heal|p1a: Clefable|92/100 tox|[from] item: Leftovers\n|upkeep\n|turn|19\n|\n|t:|1771219811\n|switch|p2a: Heatran|Heatran, M|45/100\n|-damage|p2a: Heatran|33/100|[from] Stealth Rock\n|move|p1a: Clefable|Knock Off|p2a: Heatran\n|-damage|p2a: Heatran|23/100\n|\n|-heal|p2a: Heatran|85/100|[from] move: Wish|[wisher] Alomomola\n|-heal|p1a: Clefable|98/100 tox|[from] item: Leftovers\n|upkeep\n|turn|20\n|\n|t:|1771219817\n|switch|p2a: Ferrothorn|Ferrothorn, F|100/100\n|-damage|p2a: Ferrothorn|95/100|[from] Stealth Rock\n|switch|p1a: Ting-Lu|Ting-Lu|77/100\n|-damage|p1a: Ting-Lu|71/100|[from] Stealth Rock\n|-ability|p1a: Ting-Lu|Vessel of Ruin\n|\n|-heal|p1a: Ting-Lu|77/100|[from] item: Leftovers\n|-heal|p2a: Ferrothorn|100/100|[from] item: Leftovers\n|upkeep\n|turn|21\n|\n|t:|1771219824\n|switch|p1a: Latios|Latios-Mega, M|55/100 tox\n|-damage|p1a: Latios|43/100 tox|[from] Stealth Rock\n|move|p2a: Ferrothorn|Knock Off|p1a: Latios\n|-supereffective|p1a: Latios\n|-damage|p1a: Latios|11/100 tox\n|\n|-damage|p1a: Latios|5/100 tox|[from] psn\n|upkeep\n|turn|22\n|\n|t:|1771219828\n|switch|p2a: Heatran|Heatran, M|85/100\n|-damage|p2a: Heatran|73/100|[from] Stealth Rock\n|move|p1a: Latios|Roost|p1a: Latios\n|-heal|p1a: Latios|56/100 tox\n|-singleturn|p1a: Latios|move: Roost\n|\n|-damage|p1a: Latios|44/100 tox|[from] psn\n|upkeep\n|turn|23\n|\n|t:|1771219835\n|switch|p2a: Ferrothorn|Ferrothorn, F|100/100\n|-damage|p2a: Ferrothorn|95/100|[from] Stealth Rock\n|move|p1a: Latios|Roost|p1a: Latios\n|-heal|p1a: Latios|94/100 tox\n|-singleturn|p1a: Latios|move: Roost\n|\n|-heal|p2a: Ferrothorn|100/100|[from] item: Leftovers\n|-damage|p1a: Latios|76/100 tox|[from] psn\n|upkeep\n|turn|24\n|\n|t:|1771219840\n|switch|p2a: Alomomola|Alomomola, F|100/100\n|move|p1a: Latios|Luster Purge|p2a: Alomomola\n|-damage|p2a: Alomomola|44/100\n|\n|-damage|p1a: Latios|52/100 tox|[from] psn\n|upkeep\n|turn|25\n|\n|t:|1771219844\n|switch|p1a: Ting-Lu|Ting-Lu|77/100\n|-damage|p1a: Ting-Lu|71/100|[from] Stealth Rock\n|-ability|p1a: Ting-Lu|Vessel of Ruin\n|switch|p2a: Heatran|Heatran, M|73/100\n|-damage|p2a: Heatran|61/100|[from] Stealth Rock\n|\n|-heal|p1a: Ting-Lu|77/100|[from] item: Leftovers\n|upkeep\n|turn|26\n|\n|t:|1771219855\n|switch|p2a: Alomomola|Alomomola, F|78/100\n|move|p1a: Ting-Lu|Earthquake|p2a: Alomomola\n|-damage|p2a: Alomomola|55/100\n|\n|-heal|p1a: Ting-Lu|84/100|[from] item: Leftovers\n|upkeep\n|turn|27\n|\n|t:|1771219862\n|switch|p1a: Clefable|Clefable, F|98/100 tox\n|move|p2a: Alomomola|Wish|p2a: Alomomola\n|\n|-heal|p1a: Clefable|100/100 tox|[from] item: Leftovers\n|upkeep\n|turn|28\n|\n|t:|1771219869\n|switch|p1a: Latios|Latios-Mega, M|52/100 tox\n|-damage|p1a: Latios|40/100 tox|[from] Stealth Rock\n|switch|p2a: Heatran|Heatran, M|61/100\n|-damage|p2a: Heatran|48/100|[from] Stealth Rock\n|\n|-heal|p2a: Heatran|100/100|[from] move: Wish|[wisher] Alomomola\n|-damage|p1a: Latios|34/100 tox|[from] psn\n|upkeep\n|turn|29\n|\n|t:|1771219874\n|switch|p2a: Ferrothorn|Ferrothorn, F|100/100\n|-damage|p2a: Ferrothorn|95/100|[from] Stealth Rock\n|move|p1a: Latios|Roost|p1a: Latios\n|-heal|p1a: Latios|84/100 tox\n|-singleturn|p1a: Latios|move: Roost\n|\n|-heal|p2a: Ferrothorn|100/100|[from] item: Leftovers\n|-damage|p1a: Latios|72/100 tox|[from] psn\n|upkeep\n|turn|30\n|\n|t:|1771219878\n|move|p1a: Latios|Mystical Fire|p2a: Ferrothorn\n|-supereffective|p2a: Ferrothorn\n|-damage|p2a: Ferrothorn|2/100\n|-unboost|p2a: Ferrothorn|spa|1\n|move|p2a: Ferrothorn|Spikes|p1a: Latios\n|-sidestart|p1: Skyeees|Spikes\n|\n|-heal|p2a: Ferrothorn|8/100|[from] item: Leftovers\n|-damage|p1a: Latios|54/100 tox|[from] psn\n|upkeep\n|turn|31\n|\n|t:|1771219884\n|switch|p2a: Heatran|Heatran, M|100/100\n|-damage|p2a: Heatran|88/100|[from] Stealth Rock\n|move|p1a: Latios|Luster Purge|p2a: Heatran\n|-resisted|p2a: Heatran\n|-damage|p2a: Heatran|68/100\n|\n|-damage|p1a: Latios|30/100 tox|[from] psn\n|upkeep\n|turn|32\n|\n|t:|1771219889\n|switch|p1a: Ting-Lu|Ting-Lu|84/100\n|-damage|p1a: Ting-Lu|77/100|[from] Stealth Rock\n|-damage|p1a: Ting-Lu|65/100|[from] Spikes\n|-ability|p1a: Ting-Lu|Vessel of Ruin\n|switch|p2a: Alomomola|Alomomola, F|89/100\n|\n|-heal|p1a: Ting-Lu|71/100|[from] item: Leftovers\n|upkeep\n|turn|33\n|\n|t:|1771219892\n|move|p1a: Ting-Lu|Earthquake|p2a: Alomomola\n|-damage|p2a: Alomomola|66/100\n|move|p2a: Alomomola|Wish|p2a: Alomomola\n|\n|-heal|p1a: Ting-Lu|77/100|[from] item: Leftovers\n|upkeep\n|turn|34\n|\n|t:|1771219903\n|switch|p1a: Latios|Latios-Mega, M|30/100 tox\n|-damage|p1a: Latios|18/100 tox|[from] Stealth Rock\n|move|p2a: Alomomola|Flip Turn|p1a: Latios\n|-resisted|p1a: Latios\n|-damage|p1a: Latios|8/100 tox\n|\n|t:|1771219906\n|switch|p2a: Ferrothorn|Ferrothorn, F|8/100|[from] Flip Turn\n|-damage|p2a: Ferrothorn|2/100|[from] Stealth Rock\n|\n|-heal|p2a: Ferrothorn|70/100|[from] move: Wish|[wisher] Alomomola\n|-heal|p2a: Ferrothorn|76/100|[from] item: Leftovers\n|-damage|p1a: Latios|2/100 tox|[from] psn\n|upkeep\n|turn|35\n|\n|t:|1771219911\n|switch|p2a: Alomomola|Alomomola, F|99/100\n|move|p1a: Latios|Roost|p1a: Latios\n|-heal|p1a: Latios|52/100 tox\n|-singleturn|p1a: Latios|move: Roost\n|\n|-damage|p1a: Latios|40/100 tox|[from] psn\n|upkeep\n|turn|36\n|\n|t:|1771219914\n|move|p1a: Latios|Roost|p1a: Latios\n|-heal|p1a: Latios|91/100 tox\n|-singleturn|p1a: Latios|move: Roost\n|move|p2a: Alomomola|Wish|p2a: Alomomola\n|\n|-damage|p1a: Latios|73/100 tox|[from] psn\n|upkeep\n|turn|37\n|\n|t:|1771219919\n|switch|p2a: Heatran|Heatran, M|68/100\n|-damage|p2a: Heatran|56/100|[from] Stealth Rock\n|move|p1a: Latios|Luster Purge|p2a: Heatran\n|-resisted|p2a: Heatran\n|-damage|p2a: Heatran|39/100\n|\n|-heal|p2a: Heatran|100/100|[from] move: Wish|[wisher] Alomomola\n|-damage|p1a: Latios|49/100 tox|[from] psn\n|upkeep\n|turn|38\n|\n|t:|1771219932\n|switch|p2a: Great Tusk|Great Tusk|100/100\n|move|p1a: Latios|Luster Purge|p2a: Great Tusk\n|-supereffective|p2a: Great Tusk\n|-damage|p2a: Great Tusk|0 fnt\n|faint|p2a: Great Tusk\n|-end|p2a: Great Tusk|Protosynthesis|[silent]\n|\n|-damage|p1a: Latios|19/100 tox|[from] psn\n|upkeep\n|-message|SBMalus forfeited.\n|\n|win|Skyeees\n|raw|Skyeees's rating: 1515 &rarr; <strong>1537</strong><br />(+22 for winning)\n|raw|SBMalus's rating: 1557 &rarr; <strong>1535</strong><br />(-22 for losing)\n|l|☆SBMalus\n|player|p2|\n|c|☆Skyeees|gg dumbas\n|l|☆Skyeees\n|player|p1|\n", "uploadtime": 1771220209, "views": 8, "formatid": "gen9nationaldex", "rating": 1535, "private": 0, "password": null}