{"id": "gen9nationaldex-2540646040", "format": "[Gen 9] National Dex", "players": ["bambuskarol", "repeatttt"], "log": "|j|☆bambuskarol\n|j|☆repeatttt\n|t:|1771233404\n|gametype|singles\n|player|p1|bambuskarol|2|1642\n|player|p2|repeatttt|leon-masters|1841\n|gen|9\n|tier|[Gen 9] National Dex\n|rated|\n|rule|HP Percentage Mod: HP is shown in percentages\n|rule|Endless Battle Clause: Forcing endless battles is banned\n|rule|Species Clause: Limit one of each Pokémon\n|rule|OHKO Clause: OHKO moves are banned\n|rule|Evasion Clause: Evasion abilities, items, and moves are banned\n|rule|Evasion Abilities Clause: Evasion abilities are banned\n|rule|Evasion Items Clause: Evasion items are banned\n|rule|Evasion Moves Clause: Evasion moves are banned\n|rule|Sleep Clause Mod: Limit one foe put to sleep\n|rule|Terastal Clause: You cannot Terastallize\n|clearpoke\n|poke|p1|Charizard, M|\n|poke|p1|Great Tusk|\n|poke|p1|Raging Bolt|\n|poke|p1|Heatran, M|\n|poke|p1|Hatterene, F|\n|poke|p1|Ogerpon-Wellspring, F|\n|poke|p2|Slowbro, M|\n|poke|p2|Clodsire, M|\n|poke|p2|Tapu Lele|\n|poke|p2|Kingambit, F|\n|poke|p2|Heatran, M|\n|poke|p2|Corviknight, M|\n|teampreview\n|inactive|Battle timer is ON: inactive players will automatically lose when time's up. (requested by bambuskarol)\n|\n|t:|1771233412\n|teamsize|p1|6\n|teamsize|p2|6\n|start\n|switch|p1a: Ogerpon|Ogerpon-Wellspring, F|100/100\n|switch|p2a: Tapu Lele|Tapu Lele|100/100\n|-fieldstart|move: Psychic Terrain|[from] ability: Psychic Surge|[of] p2a: Tapu Lele\n|turn|1\n|\n|t:|1771233417\n|switch|p2a: Corviknight|Corviknight, M|100/100\n|-ability|p2a: Corviknight|Pressure\n|move|p1a: Ogerpon|U-turn|p2a: Corviknight\n|-resisted|p2a: Corviknight\n|-damage|p2a: Corviknight|97/100\n|-damage|p1a: Ogerpon|84/100|[from] item: Rocky Helmet|[of] p2a: Corviknight\n|\n|t:|1771233421\n|switch|p1a: Charizard|Charizard, M|100/100|[from] U-turn\n|\n|upkeep\n|turn|2\n|\n|t:|1771233425\n|switch|p2a: Heatran|Heatran, M|100/100\n|detailschange|p1a: Charizard|Charizard-Mega-Y, M\n|-mega|p1a: Charizard|Charizard|Charizardite Y\n|-weather|SunnyDay|[from] ability: Drought|[of] p1a: Charizard\n|move|p1a: Charizard|Weather Ball|p2a: Heatran\n|-start|p2a: Heatran|ability: Flash Fire\n|\n|-weather|SunnyDay|[upkeep]\n|upkeep\n|turn|3\n|\n|t:|1771233428\n|-end|p2a: Heatran|ability: Flash Fire|[silent]\n|switch|p2a: Clodsire|Clodsire, M|100/100\n|move|p1a: Charizard|Scorching Sands|p2a: Clodsire\n|-supereffective|p2a: Clodsire\n|-damage|p2a: Clodsire|71/100\n|\n|-weather|SunnyDay|[upkeep]\n|-heal|p2a: Clodsire|77/100|[from] item: Black Sludge\n|upkeep\n|turn|4\n|\n|t:|1771233435\n|switch|p1a: Hatterene|Hatterene, F|100/100\n|move|p2a: Clodsire|Recover|p2a: Clodsire\n|-heal|p2a: Clodsire|100/100\n|\n|-weather|SunnyDay|[upkeep]\n|upkeep\n|turn|5\n|\n|t:|1771233440\n|switch|p2a: Kingambit|Kingambit, F|100/100\n|move|p1a: Hatterene|Nuzzle|p2a: Kingambit\n|-damage|p2a: Kingambit|98/100\n|-status|p2a: Kingambit|par\n|\n|-weather|SunnyDay|[upkeep]\n|-fieldend|move: Psychic Terrain\n|upkeep\n|turn|6\n|\n|t:|1771233445\n|switch|p1a: Great Tusk|Great Tusk|100/100\n|-activate|p1a: Great Tusk|ability: Protosynthesis\n|-start|p1a: Great Tusk|protosynthesisdef\n|move|p2a: Kingambit|Iron Head|p1a: Great Tusk\n|-damage|p1a: Great Tusk|74/100\n|-damage|p2a: Kingambit|81/100 par|[from] item: Rocky Helmet|[of] p1a: Great Tusk\n|\n|-weather|none\n|-end|p1a: Great Tusk|Protosynthesis\n|upkeep\n|turn|7\n|\n|t:|1771233456\n|switch|p2a: Slowbro|Slowbro, M|100/100\n|move|p1a: Great Tusk|Stealth Rock|p2a: Slowbro\n|-sidestart|p2: repeatttt|move: Stealth Rock\n|\n|upkeep\n|turn|8\n|\n|t:|1771233460\n|-end|p1a: Great Tusk|Protosynthesis|[silent]\n|switch|p1a: Charizard|Charizard-Mega-Y, M|100/100\n|-weather|SunnyDay|[from] ability: Drought|[of] p1a: Charizard\n|move|p2a: Slowbro|Teleport|p2a: Slowbro\n|\n|t:|1771233463\n|switch|p2a: Clodsire|Clodsire, M|100/100|[from] Teleport\n|-damage|p2a: Clodsire|94/100|[from] Stealth Rock\n|\n|-weather|SunnyDay|[upkeep]\n|-heal|p2a: Clodsire|100/100|[from] item: Black Sludge\n|upkeep\n|turn|9\n|\n|t:|1771233467\n|switch|p1a: Hatterene|Hatterene, F|100/100\n|move|p2a: Clodsire|Toxic|p1a: Hatterene\n|move|p1a: Hatterene|Toxic|p2a: Clodsire|[from] ability: Magic Bounce\n|-immune|p2a: Clodsire\n|\n|-weather|SunnyDay|[upkeep]\n|upkeep\n|turn|10\n|\n|t:|1771233471\n|switch|p2a: Kingambit|Kingambit, F|81/100 par\n|-damage|p2a: Kingambit|75/100 par|[from] Stealth Rock\n|move|p1a: Hatterene|Mystical Fire|p2a: Kingambit\n|-supereffective|p2a: Kingambit\n|-damage|p2a: Kingambit|1/100 par\n|-unboost|p2a: Kingambit|spa|1\n|-ability|p2a: Kingambit|Defiant|boost\n|-boost|p2a: Kingambit|atk|2\n|\n|-weather|SunnyDay|[upkeep]\n|upkeep\n|turn|11\n|\n|t:|1771233483\n|switch|p1a: Great Tusk|Great Tusk|74/100\n|-activate|p1a: Great Tusk|ability: Protosynthesis\n|-start|p1a: Great Tusk|protosynthesisdef\n|move|p2a: Kingambit|Sucker Punch||[still]\n|-fail|p2a: Kingambit\n|\n|-weather|SunnyDay|[upkeep]\n|upkeep\n|turn|12\n|\n|t:|1771233490\n|move|p2a: Kingambit|Sucker Punch|p1a: Great Tusk\n|-resisted|p1a: Great Tusk\n|-damage|p1a: Great Tusk|50/100\n|-damage|p2a: Kingambit|0 fnt|[from] item: Rocky Helmet|[of] p1a: Great Tusk\n|faint|p2a: Kingambit\n|move|p1a: Great Tusk|Ice Spinner|p2: Kingambit|[notarget]\n|-fail|p1a: Great Tusk\n|\n|-weather|none\n|-end|p1a: Great Tusk|Protosynthesis\n|upkeep\n|\n|t:|1771233492\n|switch|p2a: Slowbro|Slowbro, M|100/100\n|-damage|p2a: Slowbro|88/100|[from] Stealth Rock\n|turn|13\n|\n|t:|1771233497\n|-end|p1a: Great Tusk|Protosynthesis|[silent]\n|switch|p1a: Charizard|Charizard-Mega-Y, M|100/100\n|-weather|SunnyDay|[from] ability: Drought|[of] p1a: Charizard\n|move|p2a: Slowbro|Trick Room|p2a: Slowbro\n|-fieldstart|move: Trick Room|[of] p2a: Slowbro\n|\n|-weather|SunnyDay|[upkeep]\n|upkeep\n|turn|14\n|\n|t:|1771233504\n|switch|p2a: Heatran|Heatran, M|100/100\n|-damage|p2a: Heatran|88/100|[from] Stealth Rock\n|move|p1a: Charizard|Weather Ball|p2a: Heatran\n|-start|p2a: Heatran|ability: Flash Fire\n|\n|-weather|SunnyDay|[upkeep]\n|upkeep\n|turn|15\n|\n|t:|1771233511\n|move|p2a: Heatran|Earth Power|p1a: Charizard\n|-immune|p1a: Charizard\n|move|p1a: Charizard|Scorching Sands|p2a: Heatran\n|-supereffective|p2a: Heatran\n|-damage|p2a: Heatran|0 fnt\n|faint|p2a: Heatran\n|\n|-weather|SunnyDay|[upkeep]\n|upkeep\n|\n|t:|1771233514\n|switch|p2a: Tapu Lele|Tapu Lele|100/100\n|-damage|p2a: Tapu Lele|88/100|[from] Stealth Rock\n|-fieldstart|move: Psychic Terrain|[from] ability: Psychic Surge|[of] p2a: Tapu Lele\n|turn|16\n|\n|t:|1771233520\n|move|p2a: Tapu Lele|Psychic|p1a: Charizard\n|-damage|p1a: Charizard|4/100\n|move|p1a: Charizard|Weather Ball|p2a: Tapu Lele\n|-damage|p2a: Tapu Lele|0 fnt\n|faint|p2a: Tapu Lele\n|\n|-weather|SunnyDay|[upkeep]\n|upkeep\n|\n|t:|1771233523\n|switch|p2a: Corviknight|Corviknight, M|97/100\n|-damage|p2a: Corviknight|84/100|[from] Stealth Rock\n|-ability|p2a: Corviknight|Pressure\n|turn|17\n|\n|t:|1771233535\n|move|p2a: Corviknight|U-turn|p1a: Charizard\n|-resisted|p1a: Charizard\n|-damage|p1a: Charizard|0 fnt\n|faint|p1a: Charizard\n|detailschange|p1: Charizard|Charizard, M|[silent]\n|\n|t:|1771233537\n|switch|p2a: Clodsire|Clodsire, M|100/100|[from] U-turn\n|-damage|p2a: Clodsire|94/100|[from] Stealth Rock\n|\n|-weather|none\n|-heal|p2a: Clodsire|100/100|[from] item: Black Sludge\n|-fieldend|move: Trick Room\n|upkeep\n|\n|t:|1771233540\n|switch|p1a: Hatterene|Hatterene, F|100/100\n|turn|18\n|\n|t:|1771233545\n|switch|p2a: Slowbro|Slowbro, M|100/100\n|-damage|p2a: Slowbro|88/100|[from] Stealth Rock\n|move|p1a: Hatterene|Psyshock|p2a: Slowbro\n|-resisted|p2a: Slowbro\n|-crit|p2a: Slowbro\n|-damage|p2a: Slowbro|64/100\n|\n|upkeep\n|turn|19\n|\n|t:|1771233547\n|move|p1a: Hatterene|Nuzzle|p2a: Slowbro\n|-supereffective|p2a: Slowbro\n|-crit|p2a: Slowbro\n|-damage|p2a: Slowbro|57/100\n|-status|p2a: Slowbro|par\n|-damage|p1a: Hatterene|84/100|[from] item: Rocky Helmet|[of] p2a: Slowbro\n|move|p2a: Slowbro|Scald|p1a: Hatterene\n|-damage|p1a: Hatterene|66/100\n|-status|p1a: Hatterene|brn\n|\n|-damage|p1a: Hatterene|60/100 brn|[from] brn\n|upkeep\n|turn|20\n|\n|t:|1771233555\n|move|p1a: Hatterene|Psyshock|p2a: Slowbro\n|-resisted|p2a: Slowbro\n|-damage|p2a: Slowbro|41/100 par\n|move|p2a: Slowbro|Trick Room|p2a: Slowbro\n|-fieldstart|move: Trick Room|[of] p2a: Slowbro\n|\n|-damage|p1a: Hatterene|54/100 brn|[from] brn\n|-fieldend|move: Psychic Terrain\n|upkeep\n|turn|21\n|\n|t:|1771233558\n|move|p2a: Slowbro|Scald|p1a: Hatterene\n|-damage|p1a: Hatterene|36/100 brn\n|move|p1a: Hatterene|Draining Kiss|p2a: Slowbro\n|-damage|p2a: Slowbro|14/100 par\n|-heal|p1a: Hatterene|62/100 brn|[from] drain|[of] p2a: Slowbro\n|-damage|p1a: Hatterene|45/100 brn|[from] item: Rocky Helmet|[of] p2a: Slowbro\n|\n|-damage|p1a: Hatterene|39/100 brn|[from] brn\n|upkeep\n|turn|22\n|\n|t:|1771233561\n|switch|p2a: Corviknight|Corviknight, M|84/100\n|-damage|p2a: Corviknight|72/100|[from] Stealth Rock\n|-ability|p2a: Corviknight|Pressure\n|move|p1a: Hatterene|Mystical Fire|p2a: Corviknight\n|-supereffective|p2a: Corviknight\n|-damage|p2a: Corviknight|18/100\n|-unboost|p2a: Corviknight|spa|1\n|\n|-damage|p1a: Hatterene|33/100 brn|[from] brn\n|upkeep\n|turn|23\n|\n|t:|1771233569\n|move|p1a: Hatterene|Nuzzle|p2a: Corviknight\n|-supereffective|p2a: Corviknight\n|-damage|p2a: Corviknight|15/100\n|-status|p2a: Corviknight|par\n|-damage|p1a: Hatterene|17/100 brn|[from] item: Rocky Helmet|[of] p2a: Corviknight\n|move|p2a: Corviknight|Brave Bird|p1a: Hatterene\n|-damage|p1a: Hatterene|0 fnt\n|faint|p1a: Hatterene\n|-damage|p2a: Corviknight|11/100 par|[from] Recoil\n|\n|upkeep\n|\n|t:|1771233580\n|switch|p1a: Ogerpon|Ogerpon-Wellspring, F|84/100\n|turn|24\n|\n|t:|1771233583\n|move|p2a: Corviknight|Brave Bird|p1a: Ogerpon\n|-supereffective|p1a: Ogerpon\n|-damage|p1a: Ogerpon|0 fnt\n|faint|p1a: Ogerpon\n|-damage|p2a: Corviknight|0 fnt|[from] Recoil\n|faint|p2a: Corviknight\n|\n|-fieldend|move: Trick Room\n|upkeep\n|\n|t:|1771233588\n|switch|p1a: Great Tusk|Great Tusk|50/100\n|switch|p2a: Slowbro|Slowbro, M|47/100 par\n|-damage|p2a: Slowbro|35/100 par|[from] Stealth Rock\n|turn|25\n|\n|t:|1771233591\n|move|p1a: Great Tusk|Headlong Rush|p2a: Slowbro\n|-damage|p2a: Slowbro|6/100 par\n|-unboost|p1a: Great Tusk|def|1\n|-unboost|p1a: Great Tusk|spd|1\n|-damage|p1a: Great Tusk|33/100|[from] item: Rocky Helmet|[of] p2a: Slowbro\n|move|p2a: Slowbro|Trick Room|p2a: Slowbro\n|-fieldstart|move: Trick Room|[of] p2a: Slowbro\n|\n|upkeep\n|turn|26\n|\n|t:|1771233595\n|cant|p2a: Slowbro|par\n|move|p1a: Great Tusk|Headlong Rush|p2a: Slowbro\n|-damage|p2a: Slowbro|0 fnt\n|-unboost|p1a: Great Tusk|def|1\n|-unboost|p1a: Great Tusk|spd|1\n|-damage|p1a: Great Tusk|17/100|[from] item: Rocky Helmet|[of] p2a: Slowbro\n|faint|p2a: Slowbro\n|\n|upkeep\n|\n|t:|1771233597\n|switch|p2a: Clodsire|Clodsire, M|100/100\n|-damage|p2a: Clodsire|94/100|[from] Stealth Rock\n|turn|27\n|\n|t:|1771233601\n|-end|p1a: Great Tusk|Protosynthesis|[silent]\n|switch|p1a: Raging Bolt|Raging Bolt|100/100\n|-item|p1a: Raging Bolt|Air Balloon\n|move|p2a: Clodsire|Earthquake|p1a: Raging Bolt\n|-immune|p1a: Raging Bolt\n|\n|-heal|p2a: Clodsire|100/100|[from] item: Black Sludge\n|upkeep\n|turn|28\n|\n|t:|1771233610\n|move|p2a: Clodsire|Toxic|p1a: Raging Bolt\n|-status|p1a: Raging Bolt|tox\n|move|p1a: Raging Bolt|Calm Mind|p1a: Raging Bolt\n|-boost|p1a: Raging Bolt|spa|1\n|-boost|p1a: Raging Bolt|spd|1\n|\n|-damage|p1a: Raging Bolt|94/100 tox|[from] psn\n|upkeep\n|turn|29\n|\n|t:|1771233612\n|move|p2a: Clodsire|Stealth Rock|p1a: Raging Bolt\n|-sidestart|p1: bambuskarol|move: Stealth Rock\n|move|p1a: Raging Bolt|Draco Meteor|p2a: Clodsire\n|-damage|p2a: Clodsire|42/100\n|-unboost|p1a: Raging Bolt|spa|2\n|\n|-heal|p2a: Clodsire|48/100|[from] item: Black Sludge\n|-damage|p1a: Raging Bolt|82/100 tox|[from] psn\n|-fieldend|move: Trick Room\n|upkeep\n|turn|30\n|\n|t:|1771233618\n|-end|p1a: Raging Bolt|Protosynthesis|[silent]\n|switch|p1a: Heatran|Heatran, M|100/100\n|-damage|p1a: Heatran|88/100|[from] Stealth Rock\n|move|p2a: Clodsire|Recover|p2a: Clodsire\n|-heal|p2a: Clodsire|98/100\n|\n|-heal|p2a: Clodsire|100/100|[from] item: Black Sludge\n|upkeep\n|turn|31\n|\n|t:|1771233624\n|move|p1a: Heatran|Earth Power|p2a: Clodsire\n|-supereffective|p2a: Clodsire\n|-damage|p2a: Clodsire|64/100\n|move|p2a: Clodsire|Earthquake|p1a: Heatran\n|-supereffective|p1a: Heatran\n|-damage|p1a: Heatran|0 fnt\n|faint|p1a: Heatran\n|\n|-heal|p2a: Clodsire|70/100|[from] item: Black Sludge\n|upkeep\n|\n|t:|1771233626\n|switch|p1a: Great Tusk|Great Tusk|17/100\n|-damage|p1a: Great Tusk|14/100|[from] Stealth Rock\n|turn|32\n|\n|t:|1771233629\n|move|p1a: Great Tusk|Headlong Rush|p2a: Clodsire\n|-supereffective|p2a: Clodsire\n|-crit|p2a: Clodsire\n|-damage|p2a: Clodsire|0 fnt\n|-unboost|p1a: Great Tusk|def|1\n|-unboost|p1a: Great Tusk|spd|1\n|faint|p2a: Clodsire\n|\n|win|bambuskarol\n|raw|bambuskarol's rating: 1642 &rarr; <strong>1672</strong><br />(+30 for winning)\n|raw|repeatttt's rating: 1841 &rarr; <strong>1811</strong><br />(-30 for losing)\n|l|☆repeatttt\n|player|p2|\n|l|☆bambuskarol\n|player|p1|\n", "uploadtime": 1771233773, "views": 10, "formatid": "gen9nationaldex", "rating": 1672, "private": 0, "password": null}