{"id": "gen9nationaldex-2540836278", "format": "[Gen 9] National Dex", "players": ["Clangviction", "Cerberus 17"], "log": "|j|☆Clangviction\n|j|☆Cerberus 17\n|t:|1771259055\n|gametype|singles\n|player|p1|Clangviction|hilda|1728\n|player|p2|Cerberus 17|cynthia-gen4|1719\n|gen|9\n|tier|[Gen 9] National Dex\n|rated|\n|rule|HP Percentage Mod: HP is shown in percentages\n|rule|Endless Battle Clause: Forcing endless battles is banned\n|rule|Species Clause: Limit one of each Pokémon\n|rule|OHKO Clause: OHKO moves are banned\n|rule|Evasion Clause: Evasion abilities, items, and moves are banned\n|rule|Evasion Abilities Clause: Evasion abilities are banned\n|rule|Evasion Items Clause: Evasion items are banned\n|rule|Evasion Moves Clause: Evasion moves are banned\n|rule|Sleep Clause Mod: Limit one foe put to sleep\n|rule|Terastal Clause: You cannot Terastallize\n|clearpoke\n|poke|p1|Volcarona, F|\n|poke|p1|Beedrill, F|\n|poke|p1|Zapdos|\n|poke|p1|Great Tusk|\n|poke|p1|Tapu Lele|\n|poke|p1|Samurott-Hisui, M|\n|poke|p2|Tyranitar, F|\n|poke|p2|Kartana|\n|poke|p2|Diancie|\n|poke|p2|Excadrill, F|\n|poke|p2|Sinistcha-Masterpiece|\n|poke|p2|Kommo-o, F|\n|teampreview\n|inactive|Battle timer is ON: inactive players will automatically lose when time's up. (requested by Cerberus 17)\n|\n|t:|1771259066\n|teamsize|p1|6\n|teamsize|p2|6\n|start\n|switch|p1a: Tapu Lele|Tapu Lele|100/100\n|switch|p2a: Kommo-o|Kommo-o, F|100/100\n|-fieldstart|move: Psychic Terrain|[from] ability: Psychic Surge|[of] p1a: Tapu Lele\n|turn|1\n|\n|t:|1771259077\n|switch|p2a: Tyranitar|Tyranitar, F|100/100\n|-weather|Sandstorm|[from] ability: Sand Stream|[of] p2a: Tyranitar\n|move|p1a: Tapu Lele|Moonblast|p2a: Tyranitar\n|-supereffective|p2a: Tyranitar\n|-damage|p2a: Tyranitar|47/100\n|\n|-weather|Sandstorm|[upkeep]\n|-damage|p1a: Tapu Lele|94/100|[from] Sandstorm\n|upkeep\n|turn|2\n|\n|t:|1771259085\n|switch|p2a: Diancie|Diancie|100/100\n|move|p1a: Tapu Lele|Moonblast|p2a: Diancie\n|-damage|p2a: Diancie|66/100\n|\n|-weather|Sandstorm|[upkeep]\n|-damage|p1a: Tapu Lele|88/100|[from] Sandstorm\n|upkeep\n|turn|3\n|\n|t:|1771259105\n|detailschange|p2a: Diancie|Diancie-Mega\n|-mega|p2a: Diancie|Diancie|Diancite\n|move|p1a: Tapu Lele|Moonblast|p2a: Diancie\n|-crit|p2a: Diancie\n|-damage|p2a: Diancie|0 fnt\n|faint|p2a: Diancie\n|detailschange|p2: Diancie|Diancie|[silent]\n|\n|-weather|Sandstorm|[upkeep]\n|-damage|p1a: Tapu Lele|82/100|[from] Sandstorm\n|upkeep\n|\n|t:|1771259116\n|switch|p2a: Excadrill|Excadrill, F|100/100\n|turn|4\n|\n|t:|1771259120\n|switch|p1a: Great Tusk|Great Tusk|100/100\n|-enditem|p1a: Great Tusk|Booster Energy\n|-activate|p1a: Great Tusk|ability: Protosynthesis|[fromitem]\n|-start|p1a: Great Tusk|protosynthesisatk\n|move|p2a: Excadrill|Rock Slide|p1a: Great Tusk\n|-resisted|p1a: Great Tusk\n|-damage|p1a: Great Tusk|95/100\n|\n|-weather|Sandstorm|[upkeep]\n|upkeep\n|turn|5\n|\n|t:|1771259127\n|switch|p2a: Sinistcha|Sinistcha-Masterpiece|100/100\n|move|p1a: Great Tusk|Ice Spinner|p2a: Sinistcha\n|-supereffective|p2a: Sinistcha\n|-damage|p2a: Sinistcha|42/100\n|-fieldend|move: Psychic Terrain\n|\n|-weather|Sandstorm|[upkeep]\n|-damage|p2a: Sinistcha|36/100|[from] Sandstorm\n|-heal|p2a: Sinistcha|42/100|[from] item: Leftovers\n|upkeep\n|turn|6\n|inactive|Cerberus 17 has 120 seconds left.\n|\n|t:|1771259174\n|-end|p1a: Great Tusk|Protosynthesis|[silent]\n|switch|p1a: Volcarona|Volcarona, F|100/100\n|move|p2a: Sinistcha|Strength Sap|p1a: Volcarona\n|-unboost|p1a: Volcarona|atk|1\n|-heal|p2a: Sinistcha|74/100\n|\n|-weather|Sandstorm|[upkeep]\n|-damage|p1a: Volcarona|94/100|[from] Sandstorm\n|-damage|p2a: Sinistcha|68/100|[from] Sandstorm\n|-heal|p2a: Sinistcha|74/100|[from] item: Leftovers\n|upkeep\n|turn|7\n|\n|t:|1771259180\n|switch|p2a: Excadrill|Excadrill, F|100/100\n|move|p1a: Volcarona|Fiery Dance|p2a: Excadrill\n|-supereffective|p2a: Excadrill\n|-damage|p2a: Excadrill|0 fnt\n|faint|p2a: Excadrill\n|\n|-weather|Sandstorm|[upkeep]\n|-damage|p1a: Volcarona|88/100|[from] Sandstorm\n|upkeep\n|\n|t:|1771259184\n|switch|p2a: Kommo-o|Kommo-o, F|100/100\n|turn|8\n|inactive|Cerberus 17 has 120 seconds left.\n|\n|t:|1771259192\n|switch|p1a: Tapu Lele|Tapu Lele|82/100\n|-fieldstart|move: Psychic Terrain|[from] ability: Psychic Surge|[of] p1a: Tapu Lele\n|move|p2a: Kommo-o|Poison Jab|p1a: Tapu Lele\n|-supereffective|p1a: Tapu Lele\n|-damage|p1a: Tapu Lele|16/100\n|\n|-weather|none\n|upkeep\n|turn|9\n|\n|t:|1771259200\n|switch|p2a: Tyranitar|Tyranitar, F|47/100\n|-weather|Sandstorm|[from] ability: Sand Stream|[of] p2a: Tyranitar\n|move|p1a: Tapu Lele|Moonblast|p2a: Tyranitar\n|-supereffective|p2a: Tyranitar\n|-damage|p2a: Tyranitar|0 fnt\n|faint|p2a: Tyranitar\n|\n|-weather|Sandstorm|[upkeep]\n|-damage|p1a: Tapu Lele|10/100|[from] Sandstorm\n|upkeep\n|\n|t:|1771259205\n|switch|p2a: Kartana|Kartana|100/100\n|turn|10\n|\n|t:|1771259212\n|switch|p1a: Zapdos|Zapdos|100/100\n|move|p2a: Kartana|Knock Off|p1a: Zapdos\n|-damage|p1a: Zapdos|68/100\n|-status|p2a: Kartana|par|[from] ability: Static|[of] p1a: Zapdos\n|-enditem|p1a: Zapdos|Heavy-Duty Boots|[from] move: Knock Off|[of] p2a: Kartana\n|\n|-weather|Sandstorm|[upkeep]\n|-damage|p1a: Zapdos|62/100|[from] Sandstorm\n|upkeep\n|turn|11\n|\n|t:|1771259221\n|move|p2a: Kartana|Knock Off|p1a: Zapdos\n|-damage|p1a: Zapdos|38/100\n|move|p1a: Zapdos|Roost|p1a: Zapdos\n|-heal|p1a: Zapdos|88/100\n|-singleturn|p1a: Zapdos|move: Roost\n|\n|-weather|Sandstorm|[upkeep]\n|-damage|p1a: Zapdos|82/100|[from] Sandstorm\n|upkeep\n|turn|12\n|\n|t:|1771259226\n|switch|p2a: Kommo-o|Kommo-o, F|100/100\n|move|p1a: Zapdos|Hurricane|p2a: Kommo-o\n|-supereffective|p2a: Kommo-o\n|-damage|p2a: Kommo-o|0 fnt\n|faint|p2a: Kommo-o\n|\n|-weather|Sandstorm|[upkeep]\n|-damage|p1a: Zapdos|76/100|[from] Sandstorm\n|-fieldend|move: Psychic Terrain\n|upkeep\n|-message|Cerberus 17 forfeited.\n|\n|win|Clangviction\n|raw|Clangviction's rating: 1728 &rarr; <strong>1747</strong><br />(+19 for winning)\n|raw|Cerberus 17's rating: 1719 &rarr; <strong>1700</strong><br />(-19 for losing)\n|l|☆Cerberus 17\n|player|p2|\n|l|☆Clangviction\n|player|p1|\n", "uploadtime": 1771259444, "views": 5, "formatid": "gen9nationaldex", "rating": 1700, "private": 0, "password": null}