{"id": "gen9nationaldex-2540741748", "format": "[Gen 9] National Dex", "players": ["yuxia233", "Misty Biitch"], "log": "|j|☆yuxia233\n|j|☆Misty Biitch\n|t:|1771248497\n|gametype|singles\n|player|p1|yuxia233|dawn|1617\n|player|p2|Misty Biitch|misty|1553\n|gen|9\n|tier|[Gen 9] National Dex\n|rated|\n|rule|HP Percentage Mod: HP is shown in percentages\n|rule|Endless Battle Clause: Forcing endless battles is banned\n|rule|Species Clause: Limit one of each Pokémon\n|rule|OHKO Clause: OHKO moves are banned\n|rule|Evasion Clause: Evasion abilities, items, and moves are banned\n|rule|Evasion Abilities Clause: Evasion abilities are banned\n|rule|Evasion Items Clause: Evasion items are banned\n|rule|Evasion Moves Clause: Evasion moves are banned\n|rule|Sleep Clause Mod: Limit one foe put to sleep\n|rule|Terastal Clause: You cannot Terastallize\n|clearpoke\n|poke|p1|Kingambit, F|\n|poke|p1|Zamazenta-*|\n|poke|p1|Diancie|\n|poke|p1|Landorus-Therian, M|\n|poke|p1|Alomomola, F|\n|poke|p1|Clodsire, F|\n|poke|p2|Kingdra, F|\n|poke|p2|Pelipper, F|\n|poke|p2|Swampert, F|\n|poke|p2|Urshifu-*, F|\n|poke|p2|Ludicolo, F|\n|poke|p2|Barraskewda, F|\n|teampreview\n|inactive|Battle timer is ON: inactive players will automatically lose when time's up. (requested by Misty Biitch)\n|inactive|yuxia233 also wants the timer to be on.\n|inactive|Misty Biitch has 120 seconds left.\n|\n|t:|1771248544\n|teamsize|p1|6\n|teamsize|p2|6\n|start\n|switch|p1a: Landorus|Landorus-Therian, M|100/100\n|switch|p2a: Pelipper|Pelipper, F|100/100\n|-ability|p1a: Landorus|Intimidate|boost\n|-unboost|p2a: Pelipper|atk|1\n|-weather|RainDance|[from] ability: Drizzle|[of] p2a: Pelipper\n|turn|1\n|\n|t:|1771248559\n|switch|p2a: Swampert|Swampert, F|100/100\n|move|p1a: Landorus|Stealth Rock|p2a: Swampert\n|-sidestart|p2: Misty Biitch|move: Stealth Rock\n|\n|-weather|RainDance|[upkeep]\n|upkeep\n|turn|2\n|\n|t:|1771248562\n|switch|p1a: Alomomola|Alomomola, F|100/100\n|detailschange|p2a: Swampert|Swampert-Mega, F\n|-mega|p2a: Swampert|Swampert|Swampertite\n|move|p2a: Swampert|Stealth Rock|p1a: Alomomola\n|-sidestart|p1: yuxia233|move: Stealth Rock\n|\n|-weather|RainDance|[upkeep]\n|upkeep\n|turn|3\n|\n|t:|1771248565\n|move|p2a: Swampert|Earthquake|p1a: Alomomola\n|-damage|p1a: Alomomola|66/100\n|move|p1a: Alomomola|Flip Turn|p2a: Swampert\n|-damage|p2a: Swampert|76/100\n|\n|t:|1771248568\n|switch|p1a: Landorus|Landorus-Therian, M|100/100|[from] Flip Turn\n|-damage|p1a: Landorus|88/100|[from] Stealth Rock\n|-ability|p1a: Landorus|Intimidate|boost\n|-unboost|p2a: Swampert|atk|1\n|\n|-weather|RainDance|[upkeep]\n|-heal|p1a: Landorus|94/100|[from] item: Leftovers\n|upkeep\n|turn|4\n|\n|t:|1771248575\n|switch|p1a: Alomomola|Alomomola, F|99/100\n|-damage|p1a: Alomomola|87/100|[from] Stealth Rock\n|move|p2a: Swampert|Ice Punch|p1a: Alomomola\n|-resisted|p1a: Alomomola\n|-damage|p1a: Alomomola|81/100\n|-status|p1a: Alomomola|frz\n|-damage|p2a: Swampert|59/100|[from] item: Rocky Helmet|[of] p1a: Alomomola\n|\n|-weather|RainDance|[upkeep]\n|upkeep\n|turn|5\n|\n|t:|1771248582\n|switch|p2a: Ludicolo|Ludicolo, F|100/100\n|-damage|p2a: Ludicolo|88/100|[from] Stealth Rock\n|cant|p1a: Alomomola|frz\n|\n|-weather|RainDance|[upkeep]\n|upkeep\n|turn|6\n|\n|t:|1771248591\n|switch|p1a: Clodsire|Clodsire, F|100/100\n|move|p2a: Ludicolo|Weather Ball|p1a: Clodsire\n|-supereffective|p1a: Clodsire\n|-damage|p1a: Clodsire|4/100\n|-damage|p2a: Ludicolo|78/100|[from] item: Life Orb\n|\n|-weather|RainDance|[upkeep]\n|upkeep\n|turn|7\n|\n|t:|1771248594\n|move|p2a: Ludicolo|Weather Ball|p1a: Clodsire\n|-supereffective|p1a: Clodsire\n|-damage|p1a: Clodsire|0 fnt\n|faint|p1a: Clodsire\n|-damage|p2a: Ludicolo|68/100|[from] item: Life Orb\n|\n|-weather|RainDance|[upkeep]\n|upkeep\n|\n|t:|1771248597\n|switch|p1a: Zamazenta|Zamazenta|100/100\n|-damage|p1a: Zamazenta|94/100|[from] Stealth Rock\n|-ability|p1a: Zamazenta|Dauntless Shield|boost\n|-boost|p1a: Zamazenta|def|1\n|turn|8\n|\n|t:|1771248600\n|move|p2a: Ludicolo|Weather Ball|p1a: Zamazenta\n|-damage|p1a: Zamazenta|23/100\n|-damage|p2a: Ludicolo|58/100|[from] item: Life Orb\n|move|p1a: Zamazenta|Body Press|p2a: Ludicolo\n|-damage|p2a: Ludicolo|0 fnt\n|faint|p2a: Ludicolo\n|\n|-weather|none\n|-heal|p1a: Zamazenta|29/100|[from] item: Leftovers\n|upkeep\n|\n|t:|1771248604\n|switch|p2a: Pelipper|Pelipper, F|100/100\n|-damage|p2a: Pelipper|76/100|[from] Stealth Rock\n|-weather|RainDance|[from] ability: Drizzle|[of] p2a: Pelipper\n|turn|9\n|\n|t:|1771248608\n|move|p1a: Zamazenta|Substitute|p1a: Zamazenta\n|-start|p1a: Zamazenta|Substitute\n|-damage|p1a: Zamazenta|4/100\n|move|p2a: Pelipper|Hurricane|p1a: Zamazenta\n|-supereffective|p1a: Zamazenta\n|-end|p1a: Zamazenta|Substitute\n|\n|-weather|RainDance|[upkeep]\n|-heal|p1a: Zamazenta|10/100|[from] item: Leftovers\n|upkeep\n|turn|10\n|\n|t:|1771248612\n|switch|p1a: Alomomola|Alomomola, F|100/100 frz\n|-damage|p1a: Alomomola|88/100 frz|[from] Stealth Rock\n|move|p2a: Pelipper|Hurricane|p1a: Alomomola\n|-damage|p1a: Alomomola|44/100 frz\n|-start|p1a: Alomomola|confusion\n|\n|-weather|RainDance|[upkeep]\n|upkeep\n|turn|11\n|\n|t:|1771248620\n|-curestatus|p1a: Alomomola|frz|[msg]\n|-activate|p1a: Alomomola|confusion\n|move|p1a: Alomomola|Protect|p1a: Alomomola\n|-singleturn|p1a: Alomomola|Protect\n|move|p2a: Pelipper|Hurricane|p1a: Alomomola\n|-activate|p1a: Alomomola|move: Protect\n|\n|-weather|RainDance|[upkeep]\n|upkeep\n|turn|12\n|\n|t:|1771248625\n|switch|p1a: Zamazenta|Zamazenta|10/100\n|-damage|p1a: Zamazenta|4/100|[from] Stealth Rock\n|move|p2a: Pelipper|Hurricane|p1a: Zamazenta\n|-supereffective|p1a: Zamazenta\n|-damage|p1a: Zamazenta|0 fnt\n|faint|p1a: Zamazenta\n|\n|-weather|RainDance|[upkeep]\n|upkeep\n|\n|t:|1771248628\n|switch|p1a: Diancie|Diancie|100/100\n|-damage|p1a: Diancie|88/100|[from] Stealth Rock\n|turn|13\n|\n|t:|1771248631\n|switch|p2a: Swampert|Swampert-Mega, F|59/100\n|-damage|p2a: Swampert|53/100|[from] Stealth Rock\n|detailschange|p1a: Diancie|Diancie-Mega\n|-mega|p1a: Diancie|Diancie|Diancite\n|move|p1a: Diancie|Diamond Storm|p2a: Swampert\n|-resisted|p2a: Swampert\n|-damage|p2a: Swampert|33/100\n|-boost|p1a: Diancie|def|2\n|\n|-weather|RainDance|[upkeep]\n|upkeep\n|turn|14\n|\n|t:|1771248636\n|switch|p1a: Alomomola|Alomomola, F|77/100\n|-damage|p1a: Alomomola|65/100|[from] Stealth Rock\n|move|p2a: Swampert|Liquidation|p1a: Alomomola\n|-resisted|p1a: Alomomola\n|-damage|p1a: Alomomola|44/100\n|-damage|p2a: Swampert|17/100|[from] item: Rocky Helmet|[of] p1a: Alomomola\n|\n|-weather|RainDance|[upkeep]\n|upkeep\n|turn|15\n|\n|t:|1771248640\n|move|p2a: Swampert|Earthquake|p1a: Alomomola\n|-damage|p1a: Alomomola|12/100\n|move|p1a: Alomomola|Wish|p1a: Alomomola\n|\n|-weather|RainDance|[upkeep]\n|upkeep\n|turn|16\n|\n|t:|1771248645\n|switch|p2a: Urshifu|Urshifu-Rapid-Strike, F|100/100\n|-damage|p2a: Urshifu|94/100|[from] Stealth Rock\n|move|p1a: Alomomola|Protect||[still]\n|-fail|p1a: Alomomola\n|\n|-weather|none\n|-heal|p1a: Alomomola|62/100|[from] move: Wish|[wisher] Alomomola\n|upkeep\n|turn|17\n|\n|t:|1771248647\n|move|p2a: Urshifu|Close Combat|p1a: Alomomola\n|-damage|p1a: Alomomola|8/100\n|-unboost|p2a: Urshifu|def|1\n|-unboost|p2a: Urshifu|spd|1\n|-damage|p2a: Urshifu|78/100|[from] item: Rocky Helmet|[of] p1a: Alomomola\n|move|p1a: Alomomola|Wish|p1a: Alomomola\n|\n|upkeep\n|turn|18\n|\n|t:|1771248652\n|switch|p1a: Landorus|Landorus-Therian, M|94/100\n|-damage|p1a: Landorus|82/100|[from] Stealth Rock\n|-ability|p1a: Landorus|Intimidate|boost\n|-unboost|p2a: Urshifu|atk|1\n|move|p2a: Urshifu|Close Combat|p1a: Landorus\n|-resisted|p1a: Landorus\n|-damage|p1a: Landorus|44/100\n|-unboost|p2a: Urshifu|def|1\n|-unboost|p2a: Urshifu|spd|1\n|\n|-heal|p1a: Landorus|100/100|[from] move: Wish|[wisher] Alomomola\n|upkeep\n|turn|19\n|\n|t:|1771248658\n|switch|p2a: Pelipper|Pelipper, F|76/100\n|-damage|p2a: Pelipper|51/100|[from] Stealth Rock\n|-weather|RainDance|[from] ability: Drizzle|[of] p2a: Pelipper\n|move|p1a: Landorus|U-turn|p2a: Pelipper\n|-resisted|p2a: Pelipper\n|-damage|p2a: Pelipper|41/100\n|j| corvipelon\n|\n|t:|1771248662\n|switch|p1a: Diancie|Diancie-Mega|88/100|[from] U-turn\n|-damage|p1a: Diancie|76/100|[from] Stealth Rock\n|\n|-weather|RainDance|[upkeep]\n|upkeep\n|turn|20\n|\n|t:|1771248668\n|switch|p2a: Kingdra|Kingdra, F|100/100\n|-damage|p2a: Kingdra|88/100|[from] Stealth Rock\n|move|p1a: Diancie|Diamond Storm|p2a: Kingdra\n|-damage|p2a: Kingdra|27/100\n|\n|-weather|RainDance|[upkeep]\n|upkeep\n|turn|21\n|\n|t:|1771248677\n|move|p2a: Kingdra|Weather Ball|p1a: Diancie\n|-supereffective|p1a: Diancie\n|-crit|p1a: Diancie\n|-damage|p1a: Diancie|0 fnt\n|faint|p1a: Diancie\n|detailschange|p1: Diancie|Diancie|[silent]\n|\n|-weather|RainDance|[upkeep]\n|upkeep\n|\n|t:|1771248680\n|switch|p1a: Kingambit|Kingambit, F|100/100\n|-damage|p1a: Kingambit|94/100|[from] Stealth Rock\n|-activate|p1a: Kingambit|ability: Supreme Overlord\n|-start|p1a: Kingambit|fallen3|[silent]\n|turn|22\n|\n|t:|1771248688\n|move|p1a: Kingambit|Sucker Punch|p2a: Kingdra\n|-crit|p2a: Kingdra\n|-damage|p2a: Kingdra|0 fnt\n|faint|p2a: Kingdra\n|\n|-weather|RainDance|[upkeep]\n|upkeep\n|\n|t:|1771248690\n|switch|p2a: Urshifu|Urshifu-Rapid-Strike, F|78/100\n|-damage|p2a: Urshifu|72/100|[from] Stealth Rock\n|turn|23\n|\n|t:|1771248694\n|-end|p1a: Kingambit|fallen3|[silent]\n|switch|p1a: Landorus|Landorus-Therian, M|100/100\n|-damage|p1a: Landorus|88/100|[from] Stealth Rock\n|-ability|p1a: Landorus|Intimidate|boost\n|-unboost|p2a: Urshifu|atk|1\n|move|p2a: Urshifu|Aqua Jet|p1a: Landorus\n|-supereffective|p1a: Landorus\n|-damage|p1a: Landorus|5/100\n|\n|-weather|RainDance|[upkeep]\n|-heal|p1a: Landorus|11/100|[from] item: Leftovers\n|upkeep\n|turn|24\n|\n|t:|1771248699\n|switch|p1a: Alomomola|Alomomola, F|41/100\n|-damage|p1a: Alomomola|29/100|[from] Stealth Rock\n|switch|p2a: Swampert|Swampert-Mega, F|17/100\n|-damage|p2a: Swampert|10/100|[from] Stealth Rock\n|\n|-weather|RainDance|[upkeep]\n|upkeep\n|turn|25\n|\n|t:|1771248702\n|switch|p1a: Landorus|Landorus-Therian, M|11/100\n|-damage|p1a: Landorus|0 fnt|[from] Stealth Rock\n|faint|p1a: Landorus\n|move|p2a: Swampert|Earthquake|p1: Landorus|[notarget]\n|-fail|p2a: Swampert\n|\n|-weather|RainDance|[upkeep]\n|upkeep\n|\n|t:|1771248705\n|switch|p1a: Alomomola|Alomomola, F|62/100\n|-damage|p1a: Alomomola|50/100|[from] Stealth Rock\n|turn|26\n|\n|t:|1771248709\n|move|p1a: Alomomola|Protect|p1a: Alomomola\n|-singleturn|p1a: Alomomola|Protect\n|move|p2a: Swampert|Earthquake|p1a: Alomomola\n|-activate|p1a: Alomomola|move: Protect\n|\n|-weather|none\n|upkeep\n|turn|27\n|\n|t:|1771248711\n|move|p2a: Swampert|Earthquake|p1a: Alomomola\n|-damage|p1a: Alomomola|13/100\n|move|p1a: Alomomola|Wish|p1a: Alomomola\n|\n|upkeep\n|turn|28\n|\n|t:|1771248714\n|move|p1a: Alomomola|Protect|p1a: Alomomola\n|-singleturn|p1a: Alomomola|Protect\n|move|p2a: Swampert|Earthquake|p1a: Alomomola\n|-activate|p1a: Alomomola|move: Protect\n|\n|-heal|p1a: Alomomola|63/100|[from] move: Wish|[wisher] Alomomola\n|upkeep\n|turn|29\n|\n|t:|1771248717\n|move|p2a: Swampert|Earthquake|p1a: Alomomola\n|-damage|p1a: Alomomola|28/100\n|move|p1a: Alomomola|Wish|p1a: Alomomola\n|\n|upkeep\n|turn|30\n|\n|t:|1771248721\n|switch|p2a: Pelipper|Pelipper, F|41/100\n|-damage|p2a: Pelipper|16/100|[from] Stealth Rock\n|-weather|RainDance|[from] ability: Drizzle|[of] p2a: Pelipper\n|move|p1a: Alomomola|Protect||[still]\n|-fail|p1a: Alomomola\n|\n|-weather|RainDance|[upkeep]\n|-heal|p1a: Alomomola|78/100|[from] move: Wish|[wisher] Alomomola\n|upkeep\n|turn|31\n|\n|t:|1771248726\n|move|p2a: Pelipper|Hurricane|p1a: Alomomola\n|-damage|p1a: Alomomola|37/100\n|move|p1a: Alomomola|Alluring Voice|p2a: Pelipper\n|-damage|p2a: Pelipper|3/100\n|\n|-weather|RainDance|[upkeep]\n|upkeep\n|turn|32\n|\n|t:|1771248734\n|switch|p1a: Kingambit|Kingambit, F|94/100\n|-damage|p1a: Kingambit|88/100|[from] Stealth Rock\n|-activate|p1a: Kingambit|ability: Supreme Overlord\n|-start|p1a: Kingambit|fallen4|[silent]\n|move|p2a: Pelipper|Roost|p2a: Pelipper\n|-heal|p2a: Pelipper|53/100\n|-singleturn|p2a: Pelipper|move: Roost\n|\n|-weather|RainDance|[upkeep]\n|upkeep\n|turn|33\n|\n|t:|1771248741\n|move|p1a: Kingambit|Swords Dance|p1a: Kingambit\n|-boost|p1a: Kingambit|atk|2\n|move|p2a: Pelipper|Roost|p2a: Pelipper\n|-heal|p2a: Pelipper|100/100\n|-singleturn|p2a: Pelipper|move: Roost\n|\n|-weather|RainDance|[upkeep]\n|upkeep\n|turn|34\n|\n|t:|1771248746\n|move|p1a: Kingambit|Swords Dance|p1a: Kingambit\n|-boost|p1a: Kingambit|atk|2\n|move|p2a: Pelipper|Hurricane|p1a: Kingambit\n|-resisted|p1a: Kingambit\n|-damage|p1a: Kingambit|72/100\n|\n|-weather|RainDance|[upkeep]\n|upkeep\n|turn|35\n|\n|t:|1771248757\n|switch|p2a: Swampert|Swampert-Mega, F|10/100\n|-damage|p2a: Swampert|4/100|[from] Stealth Rock\n|move|p1a: Kingambit|Swords Dance|p1a: Kingambit\n|-boost|p1a: Kingambit|atk|2\n|\n|-weather|RainDance|[upkeep]\n|upkeep\n|turn|36\n|\n|t:|1771248761\n|move|p1a: Kingambit|Sucker Punch|p2a: Swampert\n|-damage|p2a: Swampert|0 fnt\n|faint|p2a: Swampert\n|detailschange|p2: Swampert|Swampert, F|[silent]\n|\n|-weather|RainDance|[upkeep]\n|upkeep\n|\n|t:|1771248765\n|switch|p2a: Urshifu|Urshifu-Rapid-Strike, F|72/100\n|-damage|p2a: Urshifu|66/100|[from] Stealth Rock\n|turn|37\n|\n|t:|1771248768\n|-end|p1a: Kingambit|fallen4|[silent]\n|switch|p1a: Alomomola|Alomomola, F|70/100\n|-damage|p1a: Alomomola|58/100|[from] Stealth Rock\n|move|p2a: Urshifu|Aqua Jet|p1a: Alomomola\n|-resisted|p1a: Alomomola\n|-damage|p1a: Alomomola|44/100\n|-damage|p2a: Urshifu|49/100|[from] item: Rocky Helmet|[of] p1a: Alomomola\n|\n|-weather|none\n|upkeep\n|turn|38\n|\n|t:|1771248775\n|switch|p2a: Pelipper|Pelipper, F|100/100\n|-damage|p2a: Pelipper|76/100|[from] Stealth Rock\n|-weather|RainDance|[from] ability: Drizzle|[of] p2a: Pelipper\n|move|p1a: Alomomola|Flip Turn|p2a: Pelipper\n|-resisted|p2a: Pelipper\n|-damage|p2a: Pelipper|66/100\n|\n|t:|1771248777\n|switch|p1a: Kingambit|Kingambit, F|72/100|[from] Flip Turn\n|-damage|p1a: Kingambit|66/100|[from] Stealth Rock\n|-activate|p1a: Kingambit|ability: Supreme Overlord\n|-start|p1a: Kingambit|fallen4|[silent]\n|\n|-weather|RainDance|[upkeep]\n|upkeep\n|turn|39\n|\n|t:|1771248782\n|move|p1a: Kingambit|Swords Dance|p1a: Kingambit\n|-boost|p1a: Kingambit|atk|2\n|move|p2a: Pelipper|U-turn|p1a: Kingambit\n|-damage|p1a: Kingambit|60/100\n|\n|t:|1771248784\n|switch|p2a: Barraskewda|Barraskewda, F|100/100|[from] U-turn\n|-damage|p2a: Barraskewda|88/100|[from] Stealth Rock\n|\n|-weather|RainDance|[upkeep]\n|upkeep\n|turn|40\n|\n|t:|1771248788\n|move|p2a: Barraskewda|Aqua Jet|p1a: Kingambit\n|-damage|p1a: Kingambit|26/100\n|-damage|p2a: Barraskewda|78/100|[from] item: Life Orb\n|move|p1a: Kingambit|Sucker Punch||[still]\n|-fail|p1a: Kingambit\n|\n|-weather|RainDance|[upkeep]\n|upkeep\n|turn|41\n|\n|t:|1771248795\n|-end|p1a: Kingambit|fallen4|[silent]\n|switch|p1a: Alomomola|Alomomola, F|77/100\n|-damage|p1a: Alomomola|65/100|[from] Stealth Rock\n|move|p2a: Barraskewda|Aqua Jet|p1a: Alomomola\n|-resisted|p1a: Alomomola\n|-damage|p1a: Alomomola|52/100\n|-damage|p2a: Barraskewda|62/100|[from] item: Rocky Helmet|[of] p1a: Alomomola\n|-damage|p2a: Barraskewda|52/100|[from] item: Life Orb\n|\n|-weather|RainDance|[upkeep]\n|upkeep\n|turn|42\n|\n|t:|1771248799\n|move|p2a: Barraskewda|Close Combat|p1a: Alomomola\n|-damage|p1a: Alomomola|23/100\n|-unboost|p2a: Barraskewda|def|1\n|-unboost|p2a: Barraskewda|spd|1\n|-damage|p2a: Barraskewda|36/100|[from] item: Rocky Helmet|[of] p1a: Alomomola\n|-damage|p2a: Barraskewda|26/100|[from] item: Life Orb\n|move|p1a: Alomomola|Wish|p1a: Alomomola\n|\n|-weather|RainDance|[upkeep]\n|upkeep\n|turn|43\n|\n|t:|1771248808\n|move|p1a: Alomomola|Protect|p1a: Alomomola\n|-singleturn|p1a: Alomomola|Protect\n|move|p2a: Barraskewda|Close Combat|p1a: Alomomola\n|-activate|p1a: Alomomola|move: Protect\n|\n|-weather|RainDance|[upkeep]\n|-heal|p1a: Alomomola|73/100|[from] move: Wish|[wisher] Alomomola\n|upkeep\n|turn|44\n|\n|t:|1771248823\n|move|p2a: Barraskewda|Close Combat|p1a: Alomomola\n|-damage|p1a: Alomomola|42/100\n|-unboost|p2a: Barraskewda|def|1\n|-unboost|p2a: Barraskewda|spd|1\n|-damage|p2a: Barraskewda|10/100|[from] item: Rocky Helmet|[of] p1a: Alomomola\n|-damage|p2a: Barraskewda|0 fnt|[from] item: Life Orb\n|faint|p2a: Barraskewda\n|move|p1a: Alomomola|Wish|p1a: Alomomola\n|\n|-weather|RainDance|[upkeep]\n|upkeep\n|\n|t:|1771248829\n|switch|p2a: Urshifu|Urshifu-Rapid-Strike, F|49/100\n|-damage|p2a: Urshifu|43/100|[from] Stealth Rock\n|turn|45\n|\n|t:|1771248833\n|move|p2a: Urshifu|Close Combat|p1a: Alomomola\n|-damage|p1a: Alomomola|0 fnt\n|-unboost|p2a: Urshifu|def|1\n|-unboost|p2a: Urshifu|spd|1\n|-damage|p2a: Urshifu|27/100|[from] item: Rocky Helmet|[of] p1a: Alomomola\n|faint|p1a: Alomomola\n|\n|-weather|none\n|upkeep\n|\n|t:|1771248838\n|switch|p1a: Kingambit|Kingambit, F|26/100\n|-damage|p1a: Kingambit|20/100|[from] Stealth Rock\n|-activate|p1a: Kingambit|ability: Supreme Overlord\n|-start|p1a: Kingambit|fallen5|[silent]\n|turn|46\n|\n|t:|1771248841\n|switch|p2a: Pelipper|Pelipper, F|66/100\n|-damage|p2a: Pelipper|42/100|[from] Stealth Rock\n|-weather|RainDance|[from] ability: Drizzle|[of] p2a: Pelipper\n|move|p1a: Kingambit|Sucker Punch||[still]\n|-fail|p1a: Kingambit\n|\n|-weather|RainDance|[upkeep]\n|upkeep\n|turn|47\n|\n|t:|1771248847\n|move|p1a: Kingambit|Pursuit|p2a: Pelipper\n|-crit|p2a: Pelipper\n|-damage|p2a: Pelipper|2/100\n|move|p2a: Pelipper|Hurricane|p1a: Kingambit\n|-resisted|p1a: Kingambit\n|-damage|p1a: Kingambit|2/100\n|\n|-weather|RainDance|[upkeep]\n|upkeep\n|turn|48\n|-message|yuxia233 forfeited.\n|\n|win|Misty Biitch\n|raw|yuxia233's rating: 1617 &rarr; <strong>1593</strong><br />(-24 for losing)\n|raw|Misty Biitch's rating: 1553 &rarr; <strong>1577</strong><br />(+24 for winning)\n|l|☆yuxia233\n|player|p1|\n|l|☆Misty Biitch\n|player|p2|\n", "uploadtime": 1771249006, "views": 3, "formatid": "gen9nationaldex", "rating": 1577, "private": 0, "password": null}