{"id": "gen9nationaldex-2540598525", "format": "[Gen 9] National Dex", "players": ["CiaossAn", "wuerling"], "log": "|j|☆CiaossAn\n|j|☆wuerling\n|t:|1771224551\n|gametype|singles\n|player|p1|CiaossAn|roughneck|1519\n|player|p2|wuerling|266|1595\n|gen|9\n|tier|[Gen 9] National Dex\n|rated|\n|rule|HP Percentage Mod: HP is shown in percentages\n|rule|Endless Battle Clause: Forcing endless battles is banned\n|rule|Species Clause: Limit one of each Pokémon\n|rule|OHKO Clause: OHKO moves are banned\n|rule|Evasion Clause: Evasion abilities, items, and moves are banned\n|rule|Evasion Abilities Clause: Evasion abilities are banned\n|rule|Evasion Items Clause: Evasion items are banned\n|rule|Evasion Moves Clause: Evasion moves are banned\n|rule|Sleep Clause Mod: Limit one foe put to sleep\n|rule|Terastal Clause: You cannot Terastallize\n|clearpoke\n|poke|p1|Charizard, M|\n|poke|p1|Landorus-Therian, M|\n|poke|p1|Gholdengo|\n|poke|p1|Zapdos|\n|poke|p1|Alomomola, M|\n|poke|p1|Greninja-*, M|\n|poke|p2|Terapagos, M|\n|poke|p2|Ogerpon-Wellspring, F|\n|poke|p2|Volcarona, M|\n|poke|p2|Zamazenta-*|\n|poke|p2|Hatterene, F|\n|poke|p2|Dragonite, F|\n|teampreview\n|inactive|Battle timer is ON: inactive players will automatically lose when time's up. (requested by CiaossAn)\n|\n|t:|1771224562\n|teamsize|p1|6\n|teamsize|p2|6\n|start\n|switch|p1a: Landorus|Landorus-Therian, M|100/100\n|switch|p2a: Ogerpon|Ogerpon-Wellspring, F|100/100\n|-ability|p1a: Landorus|Intimidate|boost\n|-unboost|p2a: Ogerpon|atk|1\n|turn|1\n|\n|t:|1771224574\n|switch|p2a: Terapagos|Terapagos, M|100/100\n|-activate|p2a: Terapagos|ability: Tera Shift\n|detailschange|p2a: Terapagos|Terapagos-Terastal, M\n|-heal|p2a: Terapagos|100/100|[silent]\n|move|p1a: Landorus|U-turn|p2a: Terapagos\n|-activate|p2a: Terapagos|ability: Tera Shell\n|-resisted|p2a: Terapagos\n|-damage|p2a: Terapagos|88/100\n|\n|t:|1771224601\n|switch|p1a: Charizard|Charizard, M|100/100|[from] U-turn\n|\n|-heal|p2a: Terapagos|94/100|[from] item: Leftovers\n|upkeep\n|turn|2\n|\n|t:|1771224606\n|move|p1a: Charizard|Dragon Dance|p1a: Charizard\n|-boost|p1a: Charizard|atk|1\n|-boost|p1a: Charizard|spe|1\n|move|p2a: Terapagos|Tera Starstorm|p1a: Charizard\n|-damage|p1a: Charizard|24/100\n|\n|-heal|p2a: Terapagos|100/100|[from] item: Leftovers\n|upkeep\n|turn|3\n|\n|t:|1771224623\n|move|p1a: Charizard|Flare Blitz|p2a: Terapagos\n|-activate|p2a: Terapagos|ability: Tera Shell\n|-resisted|p2a: Terapagos\n|-damage|p2a: Terapagos|53/100\n|-damage|p1a: Charizard|7/100|[from] Recoil\n|move|p2a: Terapagos|Tera Starstorm|p1a: Charizard\n|-damage|p1a: Charizard|0 fnt\n|faint|p1a: Charizard\n|\n|-heal|p2a: Terapagos|59/100|[from] item: Leftovers\n|upkeep\n|\n|t:|1771224628\n|switch|p1a: Greninja|Greninja, M|100/100\n|turn|4\n|\n|t:|1771224633\n|move|p1a: Greninja|Surf|p2a: Terapagos\n|-damage|p2a: Terapagos|12/100\n|-damage|p1a: Greninja|91/100|[from] item: Life Orb\n|move|p2a: Terapagos|Tera Starstorm|p1a: Greninja\n|-damage|p1a: Greninja|5/100\n|\n|-heal|p2a: Terapagos|18/100|[from] item: Leftovers\n|upkeep\n|turn|5\n|\n|t:|1771224637\n|move|p1a: Greninja|Dark Pulse|p2a: Terapagos\n|-damage|p2a: Terapagos|0 fnt\n|faint|p2a: Terapagos\n|-ability|p1a: Greninja|Battle Bond|boost\n|-boost|p1a: Greninja|atk|1\n|-boost|p1a: Greninja|spa|1\n|-boost|p1a: Greninja|spe|1\n|-activate|p1a: Greninja|ability: Battle Bond\n|-damage|p1a: Greninja|0 fnt|[from] item: Life Orb\n|faint|p1a: Greninja\n|\n|upkeep\n|\n|t:|1771224654\n|switch|p1a: Zapdos|Zapdos|100/100\n|switch|p2a: Hatterene|Hatterene, F|100/100\n|turn|6\n|\n|t:|1771224659\n|move|p1a: Zapdos|Volt Switch|p2a: Hatterene\n|-damage|p2a: Hatterene|61/100\n|\n|t:|1771224661\n|switch|p1a: Landorus|Landorus-Therian, M|100/100|[from] Volt Switch\n|-ability|p1a: Landorus|Intimidate|boost\n|-unboost|p2a: Hatterene|atk|1\n|move|p2a: Hatterene|Calm Mind|p2a: Hatterene\n|-boost|p2a: Hatterene|spa|1\n|-boost|p2a: Hatterene|spd|1\n|\n|-heal|p2a: Hatterene|67/100|[from] item: Leftovers\n|upkeep\n|turn|7\n|\n|t:|1771224667\n|move|p1a: Landorus|Knock Off|p2a: Hatterene\n|-damage|p2a: Hatterene|31/100\n|-enditem|p2a: Hatterene|Leftovers|[from] move: Knock Off|[of] p1a: Landorus\n|move|p2a: Hatterene|Draining Kiss|p1a: Landorus\n|-damage|p1a: Landorus|53/100\n|-heal|p2a: Hatterene|67/100|[from] drain|[of] p1a: Landorus\n|\n|upkeep\n|turn|8\n|\n|t:|1771224674\n|switch|p1a: Gholdengo|Gholdengo|100/100\n|-item|p1a: Gholdengo|Air Balloon\n|move|p2a: Hatterene|Draining Kiss|p1a: Gholdengo\n|-resisted|p1a: Gholdengo\n|-damage|p1a: Gholdengo|80/100\n|-heal|p2a: Hatterene|85/100|[from] drain|[of] p1a: Gholdengo\n|-enditem|p1a: Gholdengo|Air Balloon\n|\n|upkeep\n|turn|9\n|\n|t:|1771224679\n|move|p1a: Gholdengo|Make It Rain|p2a: Hatterene\n|-supereffective|p2a: Hatterene\n|-damage|p2a: Hatterene|0 fnt\n|-unboost|p1a: Gholdengo|spa|1\n|faint|p2a: Hatterene\n|\n|upkeep\n|\n|t:|1771224692\n|switch|p2a: Dragonite|Dragonite, F|100/100\n|turn|10\n|\n|t:|1771224696\n|move|p2a: Dragonite|Dragon Dance|p2a: Dragonite\n|-boost|p2a: Dragonite|atk|1\n|-boost|p2a: Dragonite|spe|1\n|move|p1a: Gholdengo|Make It Rain|p2a: Dragonite\n|-damage|p2a: Dragonite|76/100\n|-unboost|p1a: Gholdengo|spa|1\n|\n|upkeep\n|turn|11\n|\n|t:|1771224699\n|switch|p1a: Landorus|Landorus-Therian, M|53/100\n|-ability|p1a: Landorus|Intimidate|boost\n|-unboost|p2a: Dragonite|atk|1\n|move|p2a: Dragonite|Dragon Dance|p2a: Dragonite\n|-boost|p2a: Dragonite|atk|1\n|-boost|p2a: Dragonite|spe|1\n|\n|upkeep\n|turn|12\n|\n|t:|1771224706\n|-zpower|p2a: Dragonite\n|move|p2a: Dragonite|Supersonic Skystrike|p1a: Landorus|[zeffect]\n|-damage|p1a: Landorus|0 fnt\n|faint|p1a: Landorus\n|\n|upkeep\n|\n|t:|1771224708\n|switch|p1a: Alomomola|Alomomola, M|100/100\n|turn|13\n|\n|t:|1771224711\n|move|p2a: Dragonite|Substitute|p2a: Dragonite\n|-start|p2a: Dragonite|Substitute\n|-damage|p2a: Dragonite|51/100\n|move|p1a: Alomomola|Toxic||[still]\n|-fail|p1a: Alomomola\n|\n|upkeep\n|turn|14\n|\n|t:|1771224713\n|move|p2a: Dragonite|Dragon Dance|p2a: Dragonite\n|-boost|p2a: Dragonite|atk|1\n|-boost|p2a: Dragonite|spe|1\n|move|p1a: Alomomola|Flip Turn|p2a: Dragonite\n|-resisted|p2a: Dragonite\n|-crit|p2a: Dragonite\n|-activate|p2a: Dragonite|move: Substitute|[damage]\n|\n|t:|1771224716\n|switch|p1a: Zapdos|Zapdos|100/100|[from] Flip Turn\n|\n|upkeep\n|turn|15\n|\n|t:|1771224718\n|move|p2a: Dragonite|Fly||[still]\n|-prepare|p2a: Dragonite|Fly\n|move|p1a: Zapdos|Hidden Power|p2a: Dragonite|[miss]\n|-miss|p1a: Zapdos|p2a: Dragonite\n|\n|upkeep\n|turn|16\n|\n|t:|1771224722\n|move|p2a: Dragonite|Fly|p1a: Zapdos|[from] lockedmove\n|-resisted|p1a: Zapdos\n|-damage|p1a: Zapdos|36/100\n|move|p1a: Zapdos|Hidden Power|p2a: Dragonite\n|-supereffective|p2a: Dragonite\n|-end|p2a: Dragonite|Substitute\n|\n|upkeep\n|turn|17\n|\n|t:|1771224729\n|move|p2a: Dragonite|Fly||[still]\n|-prepare|p2a: Dragonite|Fly\n|move|p1a: Zapdos|Hidden Power|p2a: Dragonite|[miss]\n|-miss|p1a: Zapdos|p2a: Dragonite\n|\n|upkeep\n|turn|18\n|\n|t:|1771224732\n|move|p2a: Dragonite|Fly|p1a: Zapdos|[from] lockedmove\n|-resisted|p1a: Zapdos\n|-damage|p1a: Zapdos|0 fnt\n|faint|p1a: Zapdos\n|\n|upkeep\n|\n|t:|1771224739\n|switch|p1a: Gholdengo|Gholdengo|80/100\n|turn|19\n|\n|t:|1771224743\n|switch|p1a: Alomomola|Alomomola, M|100/100\n|move|p2a: Dragonite|Earthquake|p1a: Alomomola\n|-damage|p1a: Alomomola|60/100\n|\n|upkeep\n|turn|20\n|\n|t:|1771224748\n|move|p2a: Dragonite|Substitute|p2a: Dragonite\n|-start|p2a: Dragonite|Substitute\n|-damage|p2a: Dragonite|27/100\n|move|p1a: Alomomola|Wish|p1a: Alomomola\n|\n|upkeep\n|turn|21\n|\n|t:|1771224751\n|move|p1a: Alomomola|Protect|p1a: Alomomola\n|-singleturn|p1a: Alomomola|Protect\n|move|p2a: Dragonite|Earthquake|p1a: Alomomola\n|-activate|p1a: Alomomola|move: Protect\n|\n|-heal|p1a: Alomomola|100/100|[from] move: Wish|[wisher] Alomomola\n|upkeep\n|turn|22\n|\n|t:|1771224755\n|move|p2a: Dragonite|Earthquake|p1a: Alomomola\n|-damage|p1a: Alomomola|59/100\n|move|p1a: Alomomola|Wish|p1a: Alomomola\n|\n|upkeep\n|turn|23\n|\n|t:|1771224759\n|move|p1a: Alomomola|Protect|p1a: Alomomola\n|-singleturn|p1a: Alomomola|Protect\n|move|p2a: Dragonite|Dragon Dance|p2a: Dragonite\n|-boost|p2a: Dragonite|atk|1\n|-boost|p2a: Dragonite|spe|1\n|\n|-heal|p1a: Alomomola|100/100|[from] move: Wish|[wisher] Alomomola\n|upkeep\n|turn|24\n|\n|t:|1771224768\n|move|p2a: Dragonite|Dragon Dance|p2a: Dragonite\n|-boost|p2a: Dragonite|atk|1\n|-boost|p2a: Dragonite|spe|1\n|move|p1a: Alomomola|Wish|p1a: Alomomola\n|\n|upkeep\n|turn|25\n|-message|CiaossAn forfeited.\n|\n|win|wuerling\n|raw|CiaossAn's rating: 1519 &rarr; <strong>1503</strong><br />(-16 for losing)\n|raw|wuerling's rating: 1595 &rarr; <strong>1611</strong><br />(+16 for winning)\n|l|☆CiaossAn\n|player|p1|\n", "uploadtime": 1771224789, "views": 8, "formatid": "gen9nationaldex", "rating": 1503, "private": 0, "password": null}