{"id": "gen9nationaldex-2540432547", "format": "[Gen 9] National Dex", "players": ["FakeAltUserr", "DriftedEx"], "log": "|j|☆FakeAltUserr\n|j|☆DriftedEx\n|t:|1771201347\n|gametype|singles\n|player|p1|FakeAltUserr|ghetsis|1692\n|player|p2|DriftedEx|rocketgrunt|1662\n|gen|9\n|tier|[Gen 9] National Dex\n|rated|\n|rule|HP Percentage Mod: HP is shown in percentages\n|rule|Endless Battle Clause: Forcing endless battles is banned\n|rule|Species Clause: Limit one of each Pokémon\n|rule|OHKO Clause: OHKO moves are banned\n|rule|Evasion Clause: Evasion abilities, items, and moves are banned\n|rule|Evasion Abilities Clause: Evasion abilities are banned\n|rule|Evasion Items Clause: Evasion items are banned\n|rule|Evasion Moves Clause: Evasion moves are banned\n|rule|Sleep Clause Mod: Limit one foe put to sleep\n|rule|Terastal Clause: You cannot Terastallize\n|clearpoke\n|poke|p1|Alomomola, M|\n|poke|p1|Ting-Lu|\n|poke|p1|Moltres|\n|poke|p1|Zamazenta-*|\n|poke|p1|Gholdengo|\n|poke|p1|Kyurem|\n|poke|p2|Toxapex, F|\n|poke|p2|Lopunny, F|\n|poke|p2|Gliscor, F|\n|poke|p2|Clefable, F|\n|poke|p2|Kyurem|\n|poke|p2|Gholdengo|\n|teampreview\n|inactive|Battle timer is ON: inactive players will automatically lose when time's up. (requested by DriftedEx)\n|inactive|FakeAltUserr also wants the timer to be on.\n|\n|t:|1771201355\n|teamsize|p1|6\n|teamsize|p2|6\n|start\n|switch|p1a: Kyurem|Kyurem|100/100\n|switch|p2a: Clefable|Clefable, F|100/100\n|-ability|p1a: Kyurem|Pressure\n|turn|1\n|\n|t:|1771201359\n|switch|p1a: Gholdengo|Gholdengo|100/100\n|move|p2a: Clefable|Moonblast|p1a: Gholdengo\n|-resisted|p1a: Gholdengo\n|-damage|p1a: Gholdengo|84/100\n|-unboost|p1a: Gholdengo|spa|1\n|\n|upkeep\n|turn|2\n|\n|t:|1771201368\n|switch|p2a: Toxapex|Toxapex, F|100/100\n|move|p1a: Gholdengo|Nasty Plot|p1a: Gholdengo\n|-boost|p1a: Gholdengo|spa|2\n|\n|upkeep\n|turn|3\n|\n|t:|1771201379\n|switch|p1a: Kyurem|Kyurem|100/100\n|-ability|p1a: Kyurem|Pressure\n|move|p2a: Toxapex|Haze|p2a: Toxapex\n|-clearallboost\n|\n|upkeep\n|turn|4\n|\n|t:|1771201384\n|move|p1a: Kyurem|Substitute|p1a: Kyurem\n|-start|p1a: Kyurem|Substitute\n|-damage|p1a: Kyurem|76/100\n|move|p2a: Toxapex|Toxic||[still]\n|-fail|p2a: Toxapex\n|\n|upkeep\n|turn|5\n|\n|t:|1771201389\n|switch|p2a: Gholdengo|Gholdengo|100/100\n|move|p1a: Kyurem|Freeze-Dry|p2a: Gholdengo\n|-resisted|p2a: Gholdengo\n|-damage|p2a: Gholdengo|77/100\n|\n|upkeep\n|turn|6\n|\n|t:|1771201395\n|move|p2a: Gholdengo|Make It Rain|p1a: Kyurem\n|-supereffective|p1a: Kyurem\n|-end|p1a: Kyurem|Substitute\n|-unboost|p2a: Gholdengo|spa|1\n|-zpower|p1a: Kyurem\n|move|p1a: Kyurem|Tectonic Rage|p2a: Gholdengo|[zeffect]\n|-supereffective|p2a: Gholdengo\n|-damage|p2a: Gholdengo|0 fnt\n|faint|p2a: Gholdengo\n|\n|upkeep\n|\n|t:|1771201398\n|switch|p2a: Lopunny|Lopunny, F|100/100\n|turn|7\n|\n|t:|1771201400\n|switch|p2a: Kyurem|Kyurem|100/100\n|-ability|p2a: Kyurem|Pressure\n|switch|p1a: Moltres|Moltres|100/100\n|\n|upkeep\n|turn|8\n|\n|t:|1771201405\n|switch|p1a: Alomomola|Alomomola, M|100/100\n|move|p2a: Kyurem|Substitute|p2a: Kyurem\n|-start|p2a: Kyurem|Substitute\n|-damage|p2a: Kyurem|76/100\n|\n|upkeep\n|turn|9\n|\n|t:|1771201409\n|move|p2a: Kyurem|Freeze-Dry|p1a: Alomomola\n|-supereffective|p1a: Alomomola\n|-damage|p1a: Alomomola|60/100\n|-status|p1a: Alomomola|frz\n|cant|p1a: Alomomola|frz\n|\n|upkeep\n|turn|10\n|\n|t:|1771201414\n|move|p2a: Kyurem|Freeze-Dry|p1a: Alomomola\n|-supereffective|p1a: Alomomola\n|-damage|p1a: Alomomola|20/100 frz\n|cant|p1a: Alomomola|frz\n|\n|upkeep\n|turn|11\n|\n|t:|1771201426\n|move|p2a: Kyurem|Freeze-Dry|p1a: Alomomola\n|-supereffective|p1a: Alomomola\n|-damage|p1a: Alomomola|0 fnt\n|faint|p1a: Alomomola\n|\n|upkeep\n|\n|t:|1771201428\n|switch|p1a: Zamazenta|Zamazenta|100/100\n|-ability|p1a: Zamazenta|Dauntless Shield|boost\n|-boost|p1a: Zamazenta|def|1\n|turn|12\n|\n|t:|1771201435\n|move|p1a: Zamazenta|Heavy Slam|p2a: Kyurem\n|-supereffective|p2a: Kyurem\n|-end|p2a: Kyurem|Substitute\n|move|p2a: Kyurem|Freeze-Dry|p1a: Zamazenta\n|-damage|p1a: Zamazenta|67/100\n|\n|upkeep\n|turn|13\n|\n|t:|1771201445\n|switch|p1a: Gholdengo|Gholdengo|84/100\n|switch|p2a: Toxapex|Toxapex, F|100/100\n|\n|upkeep\n|turn|14\n|\n|t:|1771201448\n|move|p1a: Gholdengo|Nasty Plot|p1a: Gholdengo\n|-boost|p1a: Gholdengo|spa|2\n|move|p2a: Toxapex|Toxic|p1a: Gholdengo\n|-immune|p1a: Gholdengo|[from] ability: Good as Gold\n|\n|upkeep\n|turn|15\n|\n|t:|1771201455\n|move|p1a: Gholdengo|Make It Rain|p2a: Toxapex\n|-resisted|p2a: Toxapex\n|-damage|p2a: Toxapex|57/100\n|-unboost|p1a: Gholdengo|spa|1\n|move|p2a: Toxapex|Haze|p2a: Toxapex\n|-clearallboost\n|\n|upkeep\n|turn|16\n|\n|t:|1771201459\n|switch|p2a: Lopunny|Lopunny, F|100/100\n|move|p1a: Gholdengo|Nasty Plot|p1a: Gholdengo\n|-boost|p1a: Gholdengo|spa|2\n|\n|upkeep\n|turn|17\n|\n|t:|1771201463\n|switch|p2a: Kyurem|Kyurem|76/100\n|-ability|p2a: Kyurem|Pressure\n|switch|p1a: Moltres|Moltres|100/100\n|\n|upkeep\n|turn|18\n|\n|t:|1771201467\n|move|p2a: Kyurem|Substitute|p2a: Kyurem\n|-start|p2a: Kyurem|Substitute\n|-damage|p2a: Kyurem|51/100\n|move|p1a: Moltres|U-turn|p2a: Kyurem\n|-activate|p2a: Kyurem|move: Substitute|[damage]\n|\n|t:|1771201474\n|switch|p1a: Ting-Lu|Ting-Lu|100/100|[from] U-turn\n|-ability|p1a: Ting-Lu|Vessel of Ruin\n|\n|upkeep\n|turn|19\n|\n|t:|1771201479\n|move|p2a: Kyurem|Freeze-Dry|p1a: Ting-Lu\n|-supereffective|p1a: Ting-Lu\n|-damage|p1a: Ting-Lu|70/100\n|move|p1a: Ting-Lu|Whirlwind|p2a: Kyurem\n|drag|p2a: Gliscor|Gliscor, F|100/100\n|\n|-heal|p1a: Ting-Lu|76/100|[from] item: Leftovers\n|-status|p2a: Gliscor|tox|[from] item: Toxic Orb\n|upkeep\n|turn|20\n|\n|t:|1771201484\n|move|p2a: Gliscor|U-turn|p1a: Ting-Lu\n|-supereffective|p1a: Ting-Lu\n|-damage|p1a: Ting-Lu|58/100\n|\n|t:|1771201487\n|switch|p2a: Kyurem|Kyurem|51/100|[from] U-turn\n|-ability|p2a: Kyurem|Pressure\n|move|p1a: Ting-Lu|Stealth Rock|p2a: Kyurem\n|-sidestart|p2: DriftedEx|move: Stealth Rock\n|\n|-heal|p1a: Ting-Lu|64/100|[from] item: Leftovers\n|upkeep\n|turn|21\n|\n|t:|1771201500\n|move|p2a: Kyurem|Roost|p2a: Kyurem\n|-heal|p2a: Kyurem|100/100\n|-singleturn|p2a: Kyurem|move: Roost\n|move|p1a: Ting-Lu|Earthquake|p2a: Kyurem\n|-damage|p2a: Kyurem|64/100\n|\n|-heal|p1a: Ting-Lu|70/100|[from] item: Leftovers\n|upkeep\n|turn|22\n|\n|t:|1771201514\n|switch|p1a: Zamazenta|Zamazenta|67/100\n|move|p2a: Kyurem|Freeze-Dry|p1a: Zamazenta\n|-damage|p1a: Zamazenta|32/100\n|\n|upkeep\n|turn|23\n|\n|t:|1771201519\n|switch|p1a: Kyurem|Kyurem|76/100\n|-ability|p1a: Kyurem|Pressure\n|switch|p2a: Toxapex|Toxapex, F|90/100\n|-damage|p2a: Toxapex|78/100|[from] Stealth Rock\n|\n|upkeep\n|turn|24\n|\n|t:|1771201525\n|switch|p2a: Lopunny|Lopunny, F|100/100\n|-damage|p2a: Lopunny|88/100|[from] Stealth Rock\n|move|p1a: Kyurem|Substitute|p1a: Kyurem\n|-start|p1a: Kyurem|Substitute\n|-damage|p1a: Kyurem|51/100\n|\n|upkeep\n|turn|25\n|\n|t:|1771201532\n|switch|p1a: Moltres|Moltres|100/100\n|detailschange|p2a: Lopunny|Lopunny-Mega, F\n|-mega|p2a: Lopunny|Lopunny|Lopunnite\n|move|p2a: Lopunny|Fake Out|p1a: Moltres\n|-damage|p1a: Moltres|85/100\n|\n|upkeep\n|turn|26\n|\n|t:|1771201535\n|move|p2a: Lopunny|Frustration|p1a: Moltres\n|-damage|p1a: Moltres|45/100\n|move|p1a: Moltres|U-turn|p2a: Lopunny\n|-resisted|p2a: Lopunny\n|-damage|p2a: Lopunny|78/100\n|\n|t:|1771201539\n|switch|p1a: Zamazenta|Zamazenta|32/100|[from] U-turn\n|\n|upkeep\n|turn|27\n|\n|t:|1771201544\n|switch|p2a: Clefable|Clefable, F|100/100\n|move|p1a: Zamazenta|Close Combat|p2a: Clefable\n|-resisted|p2a: Clefable\n|-damage|p2a: Clefable|64/100\n|-unboost|p1a: Zamazenta|def|1\n|-unboost|p1a: Zamazenta|spd|1\n|\n|-heal|p2a: Clefable|70/100|[from] item: Leftovers\n|upkeep\n|turn|28\n|\n|t:|1771201556\n|switch|p1a: Gholdengo|Gholdengo|84/100\n|move|p2a: Clefable|Knock Off|p1a: Gholdengo\n|-supereffective|p1a: Gholdengo\n|-damage|p1a: Gholdengo|63/100\n|-enditem|p1a: Gholdengo|Rocky Helmet|[from] move: Knock Off|[of] p2a: Clefable\n|\n|-heal|p2a: Clefable|76/100|[from] item: Leftovers\n|upkeep\n|turn|29\n|\n|t:|1771201571\n|switch|p2a: Gliscor|Gliscor, F|100/100 tox\n|-damage|p2a: Gliscor|88/100 tox|[from] Stealth Rock\n|move|p1a: Gholdengo|Nasty Plot|p1a: Gholdengo\n|-boost|p1a: Gholdengo|spa|2\n|\n|-heal|p2a: Gliscor|100/100 tox|[from] ability: Poison Heal\n|upkeep\n|turn|30\n|\n|t:|1771201588\n|move|p2a: Gliscor|Earthquake|p1a: Gholdengo\n|-supereffective|p1a: Gholdengo\n|-damage|p1a: Gholdengo|17/100\n|move|p1a: Gholdengo|Recover|p1a: Gholdengo\n|-heal|p1a: Gholdengo|67/100\n|\n|upkeep\n|turn|31\n|\n|t:|1771201599\n|move|p2a: Gliscor|Earthquake|p1a: Gholdengo\n|-supereffective|p1a: Gholdengo\n|-damage|p1a: Gholdengo|17/100\n|move|p1a: Gholdengo|Recover|p1a: Gholdengo\n|-heal|p1a: Gholdengo|67/100\n|\n|upkeep\n|turn|32\n|\n|t:|1771201611\n|move|p2a: Gliscor|Earthquake|p1a: Gholdengo\n|-supereffective|p1a: Gholdengo\n|-damage|p1a: Gholdengo|15/100\n|move|p1a: Gholdengo|Recover|p1a: Gholdengo\n|-heal|p1a: Gholdengo|65/100\n|\n|upkeep\n|turn|33\n|\n|t:|1771201614\n|move|p2a: Gliscor|Earthquake|p1a: Gholdengo\n|-supereffective|p1a: Gholdengo\n|-crit|p1a: Gholdengo\n|-damage|p1a: Gholdengo|0 fnt\n|faint|p1a: Gholdengo\n|\n|upkeep\n|\n|t:|1771201619\n|switch|p1a: Kyurem|Kyurem|51/100\n|-ability|p1a: Kyurem|Pressure\n|turn|34\n|\n|t:|1771201624\n|switch|p2a: Clefable|Clefable, F|76/100\n|move|p1a: Kyurem|Freeze-Dry|p2a: Clefable\n|-crit|p2a: Clefable\n|-damage|p2a: Clefable|26/100\n|-status|p2a: Clefable|frz\n|\n|-heal|p2a: Clefable|32/100 frz|[from] item: Leftovers\n|upkeep\n|turn|35\n|\n|t:|1771201632\n|move|p1a: Kyurem|Freeze-Dry|p2a: Clefable\n|-crit|p2a: Clefable\n|-damage|p2a: Clefable|0 fnt\n|faint|p2a: Clefable\n|\n|upkeep\n|\n|t:|1771201641\n|switch|p2a: Lopunny|Lopunny-Mega, F|78/100\n|-damage|p2a: Lopunny|72/100|[from] Stealth Rock\n|turn|36\n|\n|t:|1771201645\n|switch|p2a: Kyurem|Kyurem|64/100\n|-damage|p2a: Kyurem|39/100|[from] Stealth Rock\n|-ability|p2a: Kyurem|Pressure\n|switch|p1a: Moltres|Moltres|45/100\n|\n|upkeep\n|turn|37\n|\n|t:|1771201649\n|switch|p1a: Ting-Lu|Ting-Lu|70/100\n|-ability|p1a: Ting-Lu|Vessel of Ruin\n|move|p2a: Kyurem|Freeze-Dry|p1a: Ting-Lu\n|-supereffective|p1a: Ting-Lu\n|-damage|p1a: Ting-Lu|42/100\n|-status|p1a: Ting-Lu|frz\n|\n|-heal|p1a: Ting-Lu|48/100 frz|[from] item: Leftovers\n|upkeep\n|turn|38\n|inactive|DriftedEx has 120 seconds left.\n|inactive|DriftedEx has 90 seconds left.\n|\n|t:|1771201728\n|move|p2a: Kyurem|Roost|p2a: Kyurem\n|-heal|p2a: Kyurem|89/100\n|-singleturn|p2a: Kyurem|move: Roost\n|cant|p1a: Ting-Lu|frz\n|\n|-heal|p1a: Ting-Lu|54/100 frz|[from] item: Leftovers\n|upkeep\n|turn|39\n|\n|t:|1771201735\n|move|p2a: Kyurem|Freeze-Dry|p1a: Ting-Lu\n|-supereffective|p1a: Ting-Lu\n|-damage|p1a: Ting-Lu|22/100 frz\n|cant|p1a: Ting-Lu|frz\n|\n|-heal|p1a: Ting-Lu|28/100 frz|[from] item: Leftovers\n|upkeep\n|turn|40\n|-message|FakeAltUserr forfeited.\n|\n|win|DriftedEx\n|raw|FakeAltUserr's rating: 1692 &rarr; <strong>1669</strong><br />(-23 for losing)\n|raw|DriftedEx's rating: 1644 &rarr; <strong>1667</strong><br />(+23 for winning)\n|l|☆FakeAltUserr\n|player|p1|\n|l|☆DriftedEx\n|player|p2|\n", "uploadtime": 1771201906, "views": 10, "formatid": "gen9nationaldex", "rating": 1667, "private": 0, "password": null}