{"id": "gen9nationaldex-2540259760", "format": "[Gen 9] National Dex", "players": ["Elipser23", "Crsiu"], "log": "|j|☆Elipser23\n|j|☆Crsiu\n|t:|1771181799\n|gametype|singles\n|player|p1|Elipser23|265|1549\n|player|p2|Crsiu|n|1664\n|gen|9\n|tier|[Gen 9] National Dex\n|rated|\n|rule|HP Percentage Mod: HP is shown in percentages\n|rule|Endless Battle Clause: Forcing endless battles is banned\n|rule|Species Clause: Limit one of each Pokémon\n|rule|OHKO Clause: OHKO moves are banned\n|rule|Evasion Clause: Evasion abilities, items, and moves are banned\n|rule|Evasion Abilities Clause: Evasion abilities are banned\n|rule|Evasion Items Clause: Evasion items are banned\n|rule|Evasion Moves Clause: Evasion moves are banned\n|rule|Sleep Clause Mod: Limit one foe put to sleep\n|rule|Terastal Clause: You cannot Terastallize\n|clearpoke\n|poke|p1|Mudsdale, M|\n|poke|p1|Dragonite, F|\n|poke|p1|Vileplume, F|\n|poke|p1|Farigiraf, F|\n|poke|p1|Zoroark-Hisui, F|\n|poke|p1|Bronzong|\n|poke|p2|Blaziken, M|\n|poke|p2|Tapu Lele|\n|poke|p2|Iron Treads|\n|poke|p2|Ninetales-Alola, M|\n|poke|p2|Raging Bolt|\n|poke|p2|Ursaluna, M|\n|teampreview\n|inactive|Battle timer is ON: inactive players will automatically lose when time's up. (requested by Elipser23)\n|inactive|Crsiu also wants the timer to be on.\n|\n|t:|1771181816\n|teamsize|p1|6\n|teamsize|p2|6\n|start\n|switch|p1a: Bronzong|Bronzong|100/100\n|switch|p2a: Iron Treads|Iron Treads|100/100\n|turn|1\n|\n|t:|1771181821\n|move|p1a: Bronzong|Flamethrower|p2a: Iron Treads\n|-supereffective|p2a: Iron Treads\n|-enditem|p2a: Iron Treads|Focus Sash\n|-damage|p2a: Iron Treads|1/100\n|move|p2a: Iron Treads|Knock Off|p1a: Bronzong\n|-supereffective|p1a: Bronzong\n|-damage|p1a: Bronzong|0 fnt\n|replace|p1a: Zoroark|Zoroark-Hisui, F\n|-end|p1a: Zoroark|Illusion\n|-enditem|p1a: Zoroark|Choice Specs|[from] move: Knock Off|[of] p2a: Iron Treads\n|faint|p1a: Zoroark\n|\n|upkeep\n|\n|t:|1771181835\n|switch|p1a: Mudsdale|Mudsdale, M|100/100\n|turn|2\n|\n|t:|1771181839\n|move|p2a: Iron Treads|Endeavor|p1a: Mudsdale\n|-damage|p1a: Mudsdale|1/100\n|-damage|p2a: Iron Treads|0 fnt|[from] item: Rocky Helmet|[of] p1a: Mudsdale\n|-ability|p1a: Mudsdale|Stamina|boost\n|-boost|p1a: Mudsdale|def|1\n|faint|p2a: Iron Treads\n|-end|p2a: Iron Treads|Quark Drive|[silent]\n|move|p1a: Mudsdale|Stealth Rock|p2: Iron Treads\n|-sidestart|p2: Crsiu|move: Stealth Rock\n|\n|upkeep\n|\n|t:|1771181846\n|switch|p2a: Ninetales|Ninetales-Alola, M|100/100\n|-damage|p2a: Ninetales|76/100|[from] Stealth Rock\n|-weather|Snowscape|[from] ability: Snow Warning|[of] p2a: Ninetales\n|turn|3\n|\n|t:|1771181849\n|move|p2a: Ninetales|Freeze-Dry|p1a: Mudsdale\n|-supereffective|p1a: Mudsdale\n|-damage|p1a: Mudsdale|0 fnt\n|faint|p1a: Mudsdale\n|\n|-weather|Snowscape|[upkeep]\n|upkeep\n|\n|t:|1771181862\n|switch|p1a: Bronzong|Bronzong|100/100\n|turn|4\n|\n|t:|1771181871\n|switch|p2a: Raging Bolt|Raging Bolt|100/100\n|-damage|p2a: Raging Bolt|88/100|[from] Stealth Rock\n|move|p1a: Bronzong|Reflect|p1a: Bronzong\n|-sidestart|p1: Elipser23|Reflect\n|\n|-weather|Snowscape|[upkeep]\n|upkeep\n|turn|5\n|\n|t:|1771181878\n|switch|p1a: Dragonite|Dragonite, F|100/100\n|move|p2a: Raging Bolt|Thunderbolt|p1a: Dragonite\n|-damage|p1a: Dragonite|58/100\n|\n|-weather|Snowscape|[upkeep]\n|upkeep\n|turn|6\n|\n|t:|1771181882\n|move|p1a: Dragonite|Outrage|p2a: Raging Bolt\n|-supereffective|p2a: Raging Bolt\n|-damage|p2a: Raging Bolt|0 fnt\n|faint|p2a: Raging Bolt\n|-end|p2a: Raging Bolt|Protosynthesis|[silent]\n|\n|-weather|Snowscape|[upkeep]\n|upkeep\n|\n|t:|1771181884\n|switch|p2a: Tapu Lele|Tapu Lele|100/100\n|-damage|p2a: Tapu Lele|88/100|[from] Stealth Rock\n|-fieldstart|move: Psychic Terrain|[from] ability: Psychic Surge|[of] p2a: Tapu Lele\n|turn|7\n|\n|t:|1771181888\n|move|p2a: Tapu Lele|Moonblast|p1a: Dragonite\n|-supereffective|p1a: Dragonite\n|-damage|p1a: Dragonite|0 fnt\n|faint|p1a: Dragonite\n|\n|-weather|none\n|upkeep\n|\n|t:|1771181893\n|switch|p1a: Bronzong|Bronzong|100/100\n|turn|8\n|\n|t:|1771181896\n|switch|p2a: Ninetales|Ninetales-Alola, M|76/100\n|-damage|p2a: Ninetales|51/100|[from] Stealth Rock\n|-weather|Snowscape|[from] ability: Snow Warning|[of] p2a: Ninetales\n|move|p1a: Bronzong|Light Screen|p1a: Bronzong\n|-sidestart|p1: Elipser23|move: Light Screen\n|\n|-weather|Snowscape|[upkeep]\n|upkeep\n|turn|9\n|\n|t:|1771181901\n|switch|p1a: Farigiraf|Farigiraf, F|100/100\n|move|p2a: Ninetales|Encore||[still]\n|-fail|p2a: Ninetales\n|\n|-weather|Snowscape|[upkeep]\n|upkeep\n|turn|10\n|\n|t:|1771181907\n|move|p2a: Ninetales|Aurora Veil|p2a: Ninetales\n|-sidestart|p2: Crsiu|move: Aurora Veil\n|move|p1a: Farigiraf|Agility|p1a: Farigiraf\n|-boost|p1a: Farigiraf|spe|2\n|\n|-weather|Snowscape|[upkeep]\n|upkeep\n|turn|11\n|\n|t:|1771181915\n|move|p1a: Farigiraf|Stored Power|p2a: Ninetales\n|-damage|p2a: Ninetales|35/100\n|move|p2a: Ninetales|Roar|p1a: Farigiraf\n|drag|p1a: Vileplume|Vileplume, F|100/100\n|\n|-weather|Snowscape|[upkeep]\n|-sideend|p1: Elipser23|Reflect\n|-fieldend|move: Psychic Terrain\n|upkeep\n|turn|12\n|\n|t:|1771181922\n|move|p2a: Ninetales|Freeze-Dry|p1a: Vileplume\n|-supereffective|p1a: Vileplume\n|-damage|p1a: Vileplume|77/100\n|move|p1a: Vileplume|Sludge Bomb|p2a: Ninetales\n|-supereffective|p2a: Ninetales\n|-crit|p2a: Ninetales\n|-damage|p2a: Ninetales|0 fnt\n|faint|p2a: Ninetales\n|\n|-weather|none\n|upkeep\n|\n|t:|1771181931\n|switch|p2a: Tapu Lele|Tapu Lele|88/100\n|-damage|p2a: Tapu Lele|76/100|[from] Stealth Rock\n|-fieldstart|move: Psychic Terrain|[from] ability: Psychic Surge|[of] p2a: Tapu Lele\n|turn|13\n|\n|t:|1771181936\n|switch|p2a: Ursaluna|Ursaluna, M|100/100\n|-damage|p2a: Ursaluna|94/100|[from] Stealth Rock\n|move|p1a: Vileplume|Sludge Bomb|p2a: Ursaluna\n|-resisted|p2a: Ursaluna\n|-damage|p2a: Ursaluna|87/100\n|\n|-status|p2a: Ursaluna|brn|[from] item: Flame Orb\n|upkeep\n|turn|14\n|\n|t:|1771181947\n|move|p2a: Ursaluna|Facade|p1a: Vileplume\n|-damage|p1a: Vileplume|0 fnt\n|-damage|p2a: Ursaluna|70/100 brn|[from] item: Rocky Helmet|[of] p1a: Vileplume\n|faint|p1a: Vileplume\n|\n|-damage|p2a: Ursaluna|64/100 brn|[from] brn\n|upkeep\n|\n|t:|1771181952\n|switch|p1a: Bronzong|Bronzong|100/100\n|turn|15\n|\n|t:|1771181956\n|move|p2a: Ursaluna|Headlong Rush|p1a: Bronzong\n|-immune|p1a: Bronzong|[from] ability: Levitate\n|move|p1a: Bronzong|Reflect|p1a: Bronzong\n|-sidestart|p1: Elipser23|Reflect\n|\n|-damage|p2a: Ursaluna|58/100 brn|[from] brn\n|-sideend|p1: Elipser23|move: Light Screen\n|upkeep\n|turn|16\n|\n|t:|1771181963\n|move|p2a: Ursaluna|Fire Punch|p1a: Bronzong\n|-supereffective|p1a: Bronzong\n|-damage|p1a: Bronzong|60/100\n|move|p1a: Bronzong|Body Press|p2a: Ursaluna\n|-supereffective|p2a: Ursaluna\n|-damage|p2a: Ursaluna|42/100 brn\n|\n|-damage|p2a: Ursaluna|36/100 brn|[from] brn\n|upkeep\n|turn|17\n|\n|t:|1771181970\n|move|p2a: Ursaluna|Swords Dance|p2a: Ursaluna\n|-boost|p2a: Ursaluna|atk|2\n|move|p1a: Bronzong|Body Press|p2a: Ursaluna\n|-supereffective|p2a: Ursaluna\n|-damage|p2a: Ursaluna|21/100 brn\n|\n|-damage|p2a: Ursaluna|15/100 brn|[from] brn\n|-sideend|p2: Crsiu|move: Aurora Veil\n|-fieldend|move: Psychic Terrain\n|upkeep\n|turn|18\n|\n|t:|1771181976\n|move|p2a: Ursaluna|Fire Punch|p1a: Bronzong\n|-supereffective|p1a: Bronzong\n|-damage|p1a: Bronzong|0 fnt\n|faint|p1a: Bronzong\n|\n|-damage|p2a: Ursaluna|8/100 brn|[from] brn\n|upkeep\n|\n|t:|1771181979\n|switch|p1a: Farigiraf|Farigiraf, F|100/100\n|turn|19\n|\n|t:|1771181983\n|move|p1a: Farigiraf|Dazzling Gleam|p2a: Ursaluna\n|-damage|p2a: Ursaluna|0 fnt\n|faint|p2a: Ursaluna\n|\n|upkeep\n|\n|t:|1771181992\n|switch|p2a: Blaziken|Blaziken, M, shiny|100/100\n|-damage|p2a: Blaziken|88/100|[from] Stealth Rock\n|turn|20\n|\n|t:|1771181996\n|move|p2a: Blaziken|Swords Dance|p2a: Blaziken\n|-boost|p2a: Blaziken|atk|2\n|move|p1a: Farigiraf|Agility|p1a: Farigiraf\n|-boost|p1a: Farigiraf|spe|2\n|\n|-ability|p2a: Blaziken|Speed Boost|boost\n|-boost|p2a: Blaziken|spe|1\n|upkeep\n|turn|21\n|\n|t:|1771182003\n|move|p1a: Farigiraf|Stored Power|p2a: Blaziken\n|-supereffective|p2a: Blaziken\n|-damage|p2a: Blaziken|21/100\n|move|p2a: Blaziken|Blaze Kick|p1a: Farigiraf\n|-damage|p1a: Farigiraf|64/100\n|-enditem|p1a: Farigiraf|Kee Berry|[eat]\n|-boost|p1a: Farigiraf|def|1|[from] item: Kee Berry\n|\n|-ability|p2a: Blaziken|Speed Boost|boost\n|-boost|p2a: Blaziken|spe|1\n|upkeep\n|turn|22\n|\n|t:|1771182013\n|move|p2a: Blaziken|Endure|p2a: Blaziken\n|-singleturn|p2a: Blaziken|move: Endure\n|move|p1a: Farigiraf|Stored Power|p2a: Blaziken\n|-supereffective|p2a: Blaziken\n|-activate|p2a: Blaziken|move: Endure\n|-damage|p2a: Blaziken|1/100\n|\n|-sideend|p1: Elipser23|Reflect\n|-ability|p2a: Blaziken|Speed Boost|boost\n|-boost|p2a: Blaziken|spe|1\n|-activate|p1a: Farigiraf|ability: Cud Chew\n|-enditem|p1a: Farigiraf|Kee Berry|[eat]\n|-boost|p1a: Farigiraf|def|1|[from] item: Kee Berry\n|upkeep\n|turn|23\n|\n|t:|1771182021\n|move|p2a: Blaziken|Reversal|p1a: Farigiraf\n|-damage|p1a: Farigiraf|0 fnt\n|faint|p1a: Farigiraf\n|\n|win|Crsiu\n|raw|Elipser23's rating: 1549 &rarr; <strong>1535</strong><br />(-14 for losing)\n|raw|Crsiu's rating: 1664 &rarr; <strong>1678</strong><br />(+14 for winning)\n|l|☆Elipser23\n|player|p1|\n|l|☆Crsiu\n|player|p2|\n", "uploadtime": 1771182181, "views": 8, "formatid": "gen9nationaldex", "rating": 1535, "private": 0, "password": null}