{"id": "gen9nationaldex-2540616857", "format": "[Gen 9] National Dex", "players": ["iammistagrinch", "netskinate"], "log": "|j|☆iammistagrinch\n|j|☆netskinate\n|t:|1771228032\n|gametype|singles\n|player|p1|iammistagrinch|102|1650\n|player|p2|netskinate|170|1567\n|gen|9\n|tier|[Gen 9] National Dex\n|rated|\n|rule|HP Percentage Mod: HP is shown in percentages\n|rule|Endless Battle Clause: Forcing endless battles is banned\n|rule|Species Clause: Limit one of each Pokémon\n|rule|OHKO Clause: OHKO moves are banned\n|rule|Evasion Clause: Evasion abilities, items, and moves are banned\n|rule|Evasion Abilities Clause: Evasion abilities are banned\n|rule|Evasion Items Clause: Evasion items are banned\n|rule|Evasion Moves Clause: Evasion moves are banned\n|rule|Sleep Clause Mod: Limit one foe put to sleep\n|rule|Terastal Clause: You cannot Terastallize\n|clearpoke\n|poke|p1|Venusaur, M|\n|poke|p1|Samurott-Hisui, M|\n|poke|p1|Gholdengo|\n|poke|p1|Ting-Lu|\n|poke|p1|Terapagos, M|\n|poke|p1|Volcarona, M|\n|poke|p2|Decidueye, M|\n|poke|p2|Nidoking, M|\n|poke|p2|Alakazam, M|\n|poke|p2|Scizor, M|\n|poke|p2|Haxorus, M|\n|poke|p2|Greninja-*, M|\n|teampreview\n|inactive|Battle timer is ON: inactive players will automatically lose when time's up. (requested by netskinate)\n|inactive|iammistagrinch also wants the timer to be on.\n|\n|t:|1771228040\n|teamsize|p1|6\n|teamsize|p2|6\n|start\n|switch|p1a: Volcarona|Volcarona, M, shiny|100/100\n|switch|p2a: Haxorus|Haxorus, M|100/100\n|-ability|p2a: Haxorus|Mold Breaker\n|turn|1\n|\n|t:|1771228045\n|move|p1a: Volcarona|Quiver Dance|p1a: Volcarona\n|-boost|p1a: Volcarona|spa|1\n|-boost|p1a: Volcarona|spd|1\n|-boost|p1a: Volcarona|spe|1\n|move|p2a: Haxorus|Outrage|p1a: Volcarona\n|-damage|p1a: Volcarona|0 fnt\n|faint|p1a: Volcarona\n|\n|upkeep\n|\n|t:|1771228058\n|switch|p1a: Gholdengo|Gholdengo|100/100\n|turn|2\n|\n|t:|1771228061\n|move|p1a: Gholdengo|Make It Rain|p2a: Haxorus\n|-damage|p2a: Haxorus|9/100\n|-unboost|p1a: Gholdengo|spa|1\n|move|p2a: Haxorus|Outrage|p1a: Gholdengo|[from] lockedmove\n|-resisted|p1a: Gholdengo\n|-damage|p1a: Gholdengo|31/100\n|\n|upkeep\n|turn|3\n|\n|t:|1771228069\n|move|p1a: Gholdengo|Make It Rain|p2a: Haxorus\n|-damage|p2a: Haxorus|0 fnt\n|-unboost|p1a: Gholdengo|spa|1\n|faint|p2a: Haxorus\n|\n|upkeep\n|\n|t:|1771228074\n|switch|p2a: Decidueye|Decidueye, M|100/100\n|turn|4\n|\n|t:|1771228085\n|switch|p1a: Samurott|Samurott-Hisui, M|100/100\n|move|p2a: Decidueye|Swords Dance|p2a: Decidueye\n|-boost|p2a: Decidueye|atk|2\n|\n|upkeep\n|turn|5\n|\n|t:|1771228098\n|switch|p1a: Venusaur|Venusaur, M|100/100\n|move|p2a: Decidueye|Trailblaze|p1a: Venusaur\n|-resisted|p1a: Venusaur\n|-damage|p1a: Venusaur|87/100\n|-boost|p2a: Decidueye|spe|1\n|\n|upkeep\n|turn|6\n|\n|t:|1771228107\n|detailschange|p1a: Venusaur|Venusaur-Mega, M\n|-mega|p1a: Venusaur|Venusaur|Venusaurite\n|move|p2a: Decidueye|Trailblaze|p1a: Venusaur\n|-resisted|p1a: Venusaur\n|-damage|p1a: Venusaur|77/100\n|-boost|p2a: Decidueye|spe|1\n|move|p1a: Venusaur|Sludge Bomb|p2a: Decidueye\n|-damage|p2a: Decidueye|44/100\n|\n|upkeep\n|turn|7\n|\n|t:|1771228116\n|-zpower|p2a: Decidueye\n|move|p2a: Decidueye|Never-Ending Nightmare|p1a: Venusaur|[zeffect]\n|-damage|p1a: Venusaur|0 fnt\n|faint|p1a: Venusaur\n|detailschange|p1: Venusaur|Venusaur, M|[silent]\n|\n|upkeep\n|\n|t:|1771228124\n|switch|p1a: Samurott|Samurott-Hisui, M|100/100\n|turn|8\n|\n|t:|1771228128\n|move|p2a: Decidueye|Sucker Punch|p1a: Samurott\n|-resisted|p1a: Samurott\n|-damage|p1a: Samurott|78/100\n|move|p1a: Samurott|Sucker Punch||[still]\n|-fail|p1a: Samurott\n|\n|upkeep\n|turn|9\n|\n|t:|1771228134\n|move|p2a: Decidueye|Trailblaze|p1a: Samurott\n|-supereffective|p1a: Samurott\n|-damage|p1a: Samurott|0 fnt\n|-boost|p2a: Decidueye|spe|1\n|faint|p1a: Samurott\n|\n|upkeep\n|-message|iammistagrinch forfeited.\n|\n|win|netskinate\n|raw|iammistagrinch's rating: 1650 &rarr; <strong>1625</strong><br />(-25 for losing)\n|raw|netskinate's rating: 1567 &rarr; <strong>1592</strong><br />(+25 for winning)\n|l|☆iammistagrinch\n|player|p1|\n|l|☆netskinate\n|player|p2|\n", "uploadtime": 1771228341, "views": 13, "formatid": "gen9nationaldex", "rating": 1592, "private": 0, "password": null}