{"id": "gen9nationaldex-2540248348", "format": "[Gen 9] National Dex", "players": ["G6Gambit", "Misty Biitch"], "log": "|j|☆G6Gambit\n|j|☆Misty Biitch\n|t:|1771180490\n|gametype|singles\n|player|p1|G6Gambit|miku-ghost|1575\n|player|p2|Misty Biitch|misty|1549\n|gen|9\n|tier|[Gen 9] National Dex\n|rated|\n|rule|HP Percentage Mod: HP is shown in percentages\n|rule|Endless Battle Clause: Forcing endless battles is banned\n|rule|Species Clause: Limit one of each Pokémon\n|rule|OHKO Clause: OHKO moves are banned\n|rule|Evasion Clause: Evasion abilities, items, and moves are banned\n|rule|Evasion Abilities Clause: Evasion abilities are banned\n|rule|Evasion Items Clause: Evasion items are banned\n|rule|Evasion Moves Clause: Evasion moves are banned\n|rule|Sleep Clause Mod: Limit one foe put to sleep\n|rule|Terastal Clause: You cannot Terastallize\n|clearpoke\n|poke|p1|Zamazenta-*|\n|poke|p1|Kingambit, M|\n|poke|p1|Ceruledge, M|\n|poke|p1|Landorus-Therian, M|\n|poke|p1|Diancie|\n|poke|p1|Ogerpon-Wellspring, F|\n|poke|p2|Kingdra, F|\n|poke|p2|Pelipper, F|\n|poke|p2|Swampert, F|\n|poke|p2|Ludicolo, F|\n|poke|p2|Urshifu-*, F|\n|poke|p2|Barraskewda, F|\n|teampreview\n|inactive|Battle timer is ON: inactive players will automatically lose when time's up. (requested by Misty Biitch)\n|\n|t:|1771180515\n|teamsize|p1|6\n|teamsize|p2|6\n|start\n|switch|p1a: Landorus|Landorus-Therian, M|100/100\n|switch|p2a: Pelipper|Pelipper, F|100/100\n|-ability|p1a: Landorus|Intimidate|boost\n|-unboost|p2a: Pelipper|atk|1\n|-weather|RainDance|[from] ability: Drizzle|[of] p2a: Pelipper\n|turn|1\n|\n|t:|1771180528\n|switch|p2a: Swampert|Swampert, F|100/100\n|move|p1a: Landorus|Explosion||[still]\n|cant|p2a: Swampert|ability: Damp|Explosion|[of] p1a: Landorus\n|\n|-weather|RainDance|[upkeep]\n|upkeep\n|turn|2\n|\n|t:|1771180536\n|switch|p1a: Ogerpon|Ogerpon-Wellspring, F|100/100\n|detailschange|p2a: Swampert|Swampert-Mega, F\n|-mega|p2a: Swampert|Swampert|Swampertite\n|move|p2a: Swampert|Stealth Rock|p1a: Ogerpon\n|-sidestart|p1: G6Gambit|move: Stealth Rock\n|\n|-weather|RainDance|[upkeep]\n|upkeep\n|turn|3\n|\n|t:|1771180548\n|switch|p2a: Ludicolo|Ludicolo, F|100/100\n|move|p1a: Ogerpon|Swords Dance|p1a: Ogerpon\n|-boost|p1a: Ogerpon|atk|2\n|\n|-weather|RainDance|[upkeep]\n|upkeep\n|turn|4\n|\n|t:|1771180554\n|move|p2a: Ludicolo|Leaf Storm|p1a: Ogerpon\n|-damage|p1a: Ogerpon|11/100\n|-unboost|p2a: Ludicolo|spa|2\n|-damage|p2a: Ludicolo|91/100|[from] item: Life Orb\n|move|p1a: Ogerpon|Power Whip|p2a: Ludicolo|[miss]\n|-miss|p1a: Ogerpon|p2a: Ludicolo\n|\n|-weather|RainDance|[upkeep]\n|upkeep\n|turn|5\n|\n|t:|1771180567\n|move|p2a: Ludicolo|Giga Drain|p1a: Ogerpon\n|-damage|p1a: Ogerpon|0 fnt\n|-heal|p2a: Ludicolo|96/100|[from] drain|[of] p1a: Ogerpon\n|faint|p1a: Ogerpon\n|-damage|p2a: Ludicolo|86/100|[from] item: Life Orb\n|\n|-weather|RainDance|[upkeep]\n|upkeep\n|\n|t:|1771180576\n|switch|p1a: Kingambit|Kingambit, M|100/100\n|-damage|p1a: Kingambit|95/100|[from] Stealth Rock\n|-activate|p1a: Kingambit|ability: Supreme Overlord\n|-start|p1a: Kingambit|fallen1|[silent]\n|-item|p1a: Kingambit|Air Balloon\n|turn|6\n|\n|t:|1771180585\n|switch|p2a: Swampert|Swampert-Mega, F|100/100\n|move|p1a: Kingambit|Knock Off|p2a: Swampert\n|-damage|p2a: Swampert|61/100\n|\n|-weather|RainDance|[upkeep]\n|upkeep\n|turn|7\n|\n|t:|1771180588\n|move|p1a: Kingambit|Sucker Punch|p2a: Swampert\n|-damage|p2a: Swampert|22/100\n|move|p2a: Swampert|Liquidation|p1a: Kingambit\n|-damage|p1a: Kingambit|26/100\n|-enditem|p1a: Kingambit|Air Balloon\n|\n|-weather|RainDance|[upkeep]\n|upkeep\n|turn|8\n|\n|t:|1771180594\n|move|p1a: Kingambit|Sucker Punch|p2a: Swampert\n|-damage|p2a: Swampert|0 fnt\n|faint|p2a: Swampert\n|detailschange|p2: Swampert|Swampert, F|[silent]\n|\n|-weather|none\n|upkeep\n|\n|t:|1771180600\n|switch|p2a: Urshifu|Urshifu-Rapid-Strike, F|100/100\n|turn|9\n|\n|t:|1771180609\n|move|p2a: Urshifu|Aqua Jet|p1a: Kingambit\n|-damage|p1a: Kingambit|0 fnt\n|faint|p1a: Kingambit\n|-end|p1a: Kingambit|fallen1|[silent]\n|\n|upkeep\n|\n|t:|1771180631\n|switch|p1a: Zamazenta|Zamazenta|100/100\n|-damage|p1a: Zamazenta|94/100|[from] Stealth Rock\n|-ability|p1a: Zamazenta|Dauntless Shield|boost\n|-boost|p1a: Zamazenta|def|1\n|turn|10\n|\n|t:|1771180636\n|switch|p2a: Pelipper|Pelipper, F|100/100\n|-weather|RainDance|[from] ability: Drizzle|[of] p2a: Pelipper\n|move|p1a: Zamazenta|Body Press|p2a: Pelipper\n|-resisted|p2a: Pelipper\n|-damage|p2a: Pelipper|84/100\n|\n|-weather|RainDance|[upkeep]\n|-heal|p1a: Zamazenta|100/100|[from] item: Leftovers\n|upkeep\n|turn|11\n|\n|t:|1771180645\n|move|p1a: Zamazenta|Substitute|p1a: Zamazenta\n|-start|p1a: Zamazenta|Substitute\n|-damage|p1a: Zamazenta|76/100\n|move|p2a: Pelipper|Hurricane|p1a: Zamazenta\n|-supereffective|p1a: Zamazenta\n|-crit|p1a: Zamazenta\n|-end|p1a: Zamazenta|Substitute\n|\n|-weather|RainDance|[upkeep]\n|-heal|p1a: Zamazenta|82/100|[from] item: Leftovers\n|upkeep\n|turn|12\n|\n|t:|1771180651\n|move|p1a: Zamazenta|Crunch|p2a: Pelipper\n|-damage|p2a: Pelipper|68/100\n|move|p2a: Pelipper|Hurricane|p1a: Zamazenta\n|-supereffective|p1a: Zamazenta\n|-damage|p1a: Zamazenta|28/100\n|-start|p1a: Zamazenta|confusion\n|\n|-weather|RainDance|[upkeep]\n|-heal|p1a: Zamazenta|34/100|[from] item: Leftovers\n|upkeep\n|turn|13\n|\n|t:|1771180660\n|-activate|p1a: Zamazenta|confusion\n|move|p1a: Zamazenta|Body Press|p2a: Pelipper\n|-resisted|p2a: Pelipper\n|-damage|p2a: Pelipper|51/100\n|move|p2a: Pelipper|Hurricane|p1a: Zamazenta\n|-supereffective|p1a: Zamazenta\n|-damage|p1a: Zamazenta|0 fnt\n|faint|p1a: Zamazenta\n|\n|-weather|RainDance|[upkeep]\n|upkeep\n|\n|t:|1771180666\n|switch|p1a: Diancie|Diancie|100/100\n|-damage|p1a: Diancie|88/100|[from] Stealth Rock\n|turn|14\n|\n|t:|1771180675\n|switch|p2a: Ludicolo|Ludicolo, F|86/100\n|detailschange|p1a: Diancie|Diancie-Mega\n|-mega|p1a: Diancie|Diancie|Diancite\n|move|p1a: Diancie|Diamond Storm|p2a: Ludicolo\n|-damage|p2a: Ludicolo|8/100\n|-boost|p1a: Diancie|def|2\n|\n|-weather|RainDance|[upkeep]\n|upkeep\n|turn|15\n|\n|t:|1771180687\n|move|p2a: Ludicolo|Weather Ball|p1a: Diancie\n|-supereffective|p1a: Diancie\n|-damage|p1a: Diancie|0 fnt\n|faint|p1a: Diancie\n|detailschange|p1: Diancie|Diancie|[silent]\n|-damage|p2a: Ludicolo|0 fnt|[from] item: Life Orb\n|faint|p2a: Ludicolo\n|\n|-weather|RainDance|[upkeep]\n|upkeep\n|\n|t:|1771180695\n|switch|p2a: Urshifu|Urshifu-Rapid-Strike, F|100/100\n|switch|p1a: Ceruledge|Ceruledge, M|100/100\n|-damage|p1a: Ceruledge|76/100|[from] Stealth Rock\n|turn|16\n|\n|t:|1771180698\n|move|p1a: Ceruledge|Endure|p1a: Ceruledge\n|-singleturn|p1a: Ceruledge|move: Endure\n|move|p2a: Urshifu|Surging Strikes|p1a: Ceruledge\n|-supereffective|p1a: Ceruledge\n|-crit|p1a: Ceruledge\n|-activate|p1a: Ceruledge|move: Endure\n|-damage|p1a: Ceruledge|1/100\n|-ability|p1a: Ceruledge|Weak Armor|boost\n|-unboost|p1a: Ceruledge|def|1\n|-boost|p1a: Ceruledge|spe|2\n|-supereffective|p1a: Ceruledge\n|-crit|p1a: Ceruledge\n|-activate|p1a: Ceruledge|move: Endure\n|-damage|p1a: Ceruledge|1/100\n|-ability|p1a: Ceruledge|Weak Armor|boost\n|-unboost|p1a: Ceruledge|def|1\n|-boost|p1a: Ceruledge|spe|2\n|-supereffective|p1a: Ceruledge\n|-crit|p1a: Ceruledge\n|-activate|p1a: Ceruledge|move: Endure\n|-damage|p1a: Ceruledge|1/100\n|-ability|p1a: Ceruledge|Weak Armor|boost\n|-unboost|p1a: Ceruledge|def|1\n|-boost|p1a: Ceruledge|spe|2\n|-hitcount|p1a: Ceruledge|3\n|\n|-weather|RainDance|[upkeep]\n|upkeep\n|turn|17\n|\n|t:|1771180714\n|-zpower|p1a: Ceruledge\n|move|p1a: Ceruledge|Never-Ending Nightmare|p2a: Urshifu|[zeffect]\n|-damage|p2a: Urshifu|5/100\n|move|p2a: Urshifu|Surging Strikes|p1a: Ceruledge\n|-supereffective|p1a: Ceruledge\n|-crit|p1a: Ceruledge\n|-damage|p1a: Ceruledge|0 fnt\n|faint|p1a: Ceruledge\n|-hitcount|p1: Ceruledge|1\n|\n|-weather|none\n|upkeep\n|-message|G6Gambit forfeited.\n|\n|win|Misty Biitch\n|raw|G6Gambit's rating: 1575 &rarr; <strong>1554</strong><br />(-21 for losing)\n|raw|Misty Biitch's rating: 1549 &rarr; <strong>1570</strong><br />(+21 for winning)\n|l|☆G6Gambit\n|player|p1|\n|l|☆Misty Biitch\n|player|p2|\n", "uploadtime": 1771180950, "views": 12, "formatid": "gen9nationaldex", "rating": 1554, "private": 0, "password": null}