{"id": "gen9nationaldex-2540756878", "format": "[Gen 9] National Dex", "players": ["Yaoshi", "sa290715"], "log": "|j|☆Yaoshi\n|j|☆sa290715\n|t:|1771250442\n|gametype|singles\n|player|p1|Yaoshi|silver-masters|1602\n|player|p2|sa290715|elesa|1617\n|gen|9\n|tier|[Gen 9] National Dex\n|rated|\n|rule|HP Percentage Mod: HP is shown in percentages\n|rule|Endless Battle Clause: Forcing endless battles is banned\n|rule|Species Clause: Limit one of each Pokémon\n|rule|OHKO Clause: OHKO moves are banned\n|rule|Evasion Clause: Evasion abilities, items, and moves are banned\n|rule|Evasion Abilities Clause: Evasion abilities are banned\n|rule|Evasion Items Clause: Evasion items are banned\n|rule|Evasion Moves Clause: Evasion moves are banned\n|rule|Sleep Clause Mod: Limit one foe put to sleep\n|rule|Terastal Clause: You cannot Terastallize\n|clearpoke\n|poke|p1|Landorus-Therian, M|\n|poke|p1|Gallade, M|\n|poke|p1|Victini|\n|poke|p1|Aegislash, F|\n|poke|p1|Kyurem|\n|poke|p1|Alomomola, F|\n|poke|p2|Iron Boulder|\n|poke|p2|Great Tusk|\n|poke|p2|Charizard, F|\n|poke|p2|Terapagos, M|\n|poke|p2|Dragonite, M|\n|poke|p2|Gholdengo|\n|teampreview\n|inactive|Battle timer is ON: inactive players will automatically lose when time's up. (requested by Yaoshi)\n|inactive|sa290715 also wants the timer to be on.\n|\n|t:|1771250460\n|teamsize|p1|6\n|teamsize|p2|6\n|start\n|switch|p1a: YingLong|Landorus-Therian, M, shiny|100/100\n|switch|p2a: Terapagos|Terapagos, M|100/100\n|-activate|p2a: Terapagos|ability: Tera Shift\n|detailschange|p2a: Terapagos|Terapagos-Terastal, M\n|-heal|p2a: Terapagos|100/100|[silent]\n|-ability|p1a: YingLong|Intimidate|boost\n|-unboost|p2a: Terapagos|atk|1\n|turn|1\n|\n|t:|1771250471\n|move|p1a: YingLong|U-turn|p2a: Terapagos\n|-activate|p2a: Terapagos|ability: Tera Shell\n|-resisted|p2a: Terapagos\n|-damage|p2a: Terapagos|88/100\n|\n|t:|1771250475\n|switch|p1a: máodùn|Aegislash, F, shiny|100/100|[from] U-turn\n|move|p2a: Terapagos|Calm Mind|p2a: Terapagos\n|-boost|p2a: Terapagos|spa|1\n|-boost|p2a: Terapagos|spd|1\n|\n|upkeep\n|turn|2\n|\n|t:|1771250482\n|move|p2a: Terapagos|Flamethrower|p1a: máodùn\n|-supereffective|p1a: máodùn\n|-damage|p1a: máodùn|54/100\n|-status|p1a: máodùn|brn\n|move|p1a: máodùn|Toxic|p2a: Terapagos\n|-status|p2a: Terapagos|tox\n|\n|-heal|p1a: máodùn|60/100 brn|[from] item: Leftovers\n|-damage|p2a: Terapagos|82/100 tox|[from] psn\n|-damage|p1a: máodùn|54/100 brn|[from] brn\n|upkeep\n|turn|3\n|\n|t:|1771250496\n|move|p2a: Terapagos|Flamethrower|p1a: máodùn\n|-supereffective|p1a: máodùn\n|-damage|p1a: máodùn|5/100 brn\n|-formechange|p1a: máodùn|Aegislash-Blade||[from] ability: Stance Change\n|move|p1a: máodùn|Flash Cannon|p2a: Terapagos\n|-damage|p2a: Terapagos|57/100 tox\n|\n|-heal|p1a: máodùn|12/100 brn|[from] item: Leftovers\n|-damage|p2a: Terapagos|45/100 tox|[from] psn\n|-damage|p1a: máodùn|5/100 brn|[from] brn\n|upkeep\n|turn|4\n|\n|t:|1771250508\n|-formechange|p1a: máodùn|Aegislash||[from] ability: Stance Change\n|move|p1a: máodùn|King's Shield|p1a: máodùn\n|-singleturn|p1a: máodùn|Protect\n|move|p2a: Terapagos|Flamethrower|p1a: máodùn\n|-activate|p1a: máodùn|move: Protect\n|\n|-heal|p1a: máodùn|12/100 brn|[from] item: Leftovers\n|-damage|p2a: Terapagos|27/100 tox|[from] psn\n|-damage|p1a: máodùn|5/100 brn|[from] brn\n|upkeep\n|turn|5\n|\n|t:|1771250521\n|move|p1a: máodùn|King's Shield||[still]\n|-fail|p1a: máodùn\n|move|p2a: Terapagos|Flamethrower|p1a: máodùn\n|-supereffective|p1a: máodùn\n|-crit|p1a: máodùn\n|-damage|p1a: máodùn|0 fnt\n|faint|p1a: máodùn\n|\n|-damage|p2a: Terapagos|3/100 tox|[from] psn\n|upkeep\n|\n|t:|1771250527\n|switch|p1a: Nezha|Victini|100/100\n|turn|6\n|\n|t:|1771250533\n|move|p1a: Nezha|Power-Up Punch|p2a: Terapagos\n|-supereffective|p2a: Terapagos\n|-damage|p2a: Terapagos|0 fnt\n|-boost|p1a: Nezha|atk|1\n|faint|p2a: Terapagos\n|\n|upkeep\n|\n|t:|1771250541\n|switch|p2a: Dragonite|Dragonite, M|100/100\n|turn|7\n|\n|t:|1771250544\n|switch|p1a: Aoyu|Alomomola, F|100/100\n|move|p2a: Dragonite|Dragon Dance|p2a: Dragonite\n|-boost|p2a: Dragonite|atk|1\n|-boost|p2a: Dragonite|spe|1\n|\n|upkeep\n|turn|8\n|\n|t:|1771250551\n|move|p2a: Dragonite|Earthquake|p1a: Aoyu\n|-damage|p1a: Aoyu|71/100\n|move|p1a: Aoyu|Flip Turn|p2a: Dragonite\n|-resisted|p2a: Dragonite\n|-damage|p2a: Dragonite|96/100\n|\n|t:|1771250554\n|switch|p1a: YingLong|Landorus-Therian, M, shiny|100/100|[from] Flip Turn\n|-ability|p1a: YingLong|Intimidate|boost\n|-unboost|p2a: Dragonite|atk|1\n|\n|upkeep\n|turn|9\n|\n|t:|1771250562\n|move|p2a: Dragonite|Substitute|p2a: Dragonite\n|-start|p2a: Dragonite|Substitute\n|-damage|p2a: Dragonite|71/100\n|move|p1a: YingLong|Stone Edge|p2a: Dragonite\n|-supereffective|p2a: Dragonite\n|-end|p2a: Dragonite|Substitute\n|\n|upkeep\n|turn|10\n|\n|t:|1771250570\n|-zpower|p2a: Dragonite\n|move|p2a: Dragonite|Devastating Drake|p1a: YingLong|[zeffect]\n|-damage|p1a: YingLong|0 fnt\n|faint|p1a: YingLong\n|\n|upkeep\n|\n|t:|1771250578\n|switch|p1a: Wuji|Kyurem|100/100\n|-ability|p1a: Wuji|Pressure\n|turn|11\n|\n|t:|1771250583\n|switch|p1a: Aoyu|Alomomola, F|100/100\n|move|p2a: Dragonite|Outrage|p1a: Aoyu\n|-damage|p1a: Aoyu|66/100\n|-damage|p2a: Dragonite|55/100|[from] item: Rocky Helmet|[of] p1a: Aoyu\n|\n|upkeep\n|turn|12\n|\n|t:|1771250590\n|move|p2a: Dragonite|Outrage|p1a: Aoyu|[from] lockedmove\n|-damage|p1a: Aoyu|29/100\n|-damage|p2a: Dragonite|39/100|[from] item: Rocky Helmet|[of] p1a: Aoyu\n|move|p1a: Aoyu|Wish|p1a: Aoyu\n|\n|upkeep\n|turn|13\n|\n|t:|1771250597\n|move|p1a: Aoyu|Protect|p1a: Aoyu\n|-singleturn|p1a: Aoyu|Protect\n|move|p2a: Dragonite|Outrage|p1a: Aoyu|[from] lockedmove\n|-activate|p1a: Aoyu|move: Protect\n|-start|p2a: Dragonite|confusion|[fatigue]\n|\n|-heal|p1a: Aoyu|79/100|[from] move: Wish|[wisher] Aoyu\n|upkeep\n|turn|14\n|\n|t:|1771250607\n|switch|p2a: Gholdengo|Gholdengo|100/100\n|move|p1a: Aoyu|Wish|p1a: Aoyu\n|\n|upkeep\n|turn|15\n|\n|t:|1771250613\n|move|p2a: Gholdengo|Trick|p1a: Aoyu\n|-activate|p2a: Gholdengo|move: Trick|[of] p1a: Aoyu\n|-item|p1a: Aoyu|Choice Scarf|[from] move: Trick\n|-item|p2a: Gholdengo|Rocky Helmet|[from] move: Trick\n|move|p1a: Aoyu|Flip Turn|p2a: Gholdengo\n|-damage|p2a: Gholdengo|80/100\n|-damage|p1a: Aoyu|62/100|[from] item: Rocky Helmet|[of] p2a: Gholdengo\n|\n|t:|1771250620\n|switch|p1a: Nezha|Victini|100/100|[from] Flip Turn\n|\n|upkeep\n|turn|16\n|\n|t:|1771250625\n|-zpower|p1a: Nezha\n|move|p1a: Nezha|Inferno Overdrive|p2a: Gholdengo|[zeffect]\n|-supereffective|p2a: Gholdengo\n|-damage|p2a: Gholdengo|0 fnt\n|faint|p2a: Gholdengo\n|\n|upkeep\n|\n|t:|1771250634\n|switch|p2a: Dragonite|Dragonite, M|39/100\n|turn|17\n|\n|t:|1771250638\n|move|p1a: Nezha|V-create|p2a: Dragonite\n|-resisted|p2a: Dragonite\n|-damage|p2a: Dragonite|0 fnt\n|-unboost|p1a: Nezha|spe|1\n|-unboost|p1a: Nezha|def|1\n|-unboost|p1a: Nezha|spd|1\n|faint|p2a: Dragonite\n|\n|upkeep\n|\n|t:|1771250646\n|switch|p2a: Iron Boulder|Iron Boulder|100/100\n|-enditem|p2a: Iron Boulder|Booster Energy\n|-activate|p2a: Iron Boulder|ability: Quark Drive|[fromitem]\n|-start|p2a: Iron Boulder|quarkdrivespe\n|turn|18\n|\n|t:|1771250651\n|switch|p1a: Aoyu|Alomomola, F|96/100\n|move|p2a: Iron Boulder|Mighty Cleave|p1a: Aoyu\n|-damage|p1a: Aoyu|71/100\n|\n|upkeep\n|turn|19\n|\n|t:|1771250658\n|move|p2a: Iron Boulder|Swords Dance|p2a: Iron Boulder\n|-boost|p2a: Iron Boulder|atk|2\n|move|p1a: Aoyu|Flip Turn|p2a: Iron Boulder\n|-supereffective|p2a: Iron Boulder\n|-crit|p2a: Iron Boulder\n|-damage|p2a: Iron Boulder|43/100\n|\n|t:|1771250663\n|switch|p1a: Nezha|Victini|100/100|[from] Flip Turn\n|\n|upkeep\n|turn|20\n|\n|t:|1771250668\n|move|p2a: Iron Boulder|Mighty Cleave|p1a: Nezha\n|-supereffective|p1a: Nezha\n|-damage|p1a: Nezha|0 fnt\n|faint|p1a: Nezha\n|\n|upkeep\n|\n|t:|1771250671\n|switch|p1a: Aoyu|Alomomola, F|100/100\n|turn|21\n|\n|t:|1771250675\n|move|p2a: Iron Boulder|Swords Dance|p2a: Iron Boulder\n|-boost|p2a: Iron Boulder|atk|2\n|move|p1a: Aoyu|Scald|p2a: Iron Boulder\n|-supereffective|p2a: Iron Boulder\n|-crit|p2a: Iron Boulder\n|-damage|p2a: Iron Boulder|2/100\n|\n|upkeep\n|turn|22\n|\n|t:|1771250683\n|move|p2a: Iron Boulder|Mighty Cleave|p1a: Aoyu\n|-damage|p1a: Aoyu|23/100\n|move|p1a: Aoyu|Scald|p2a: Iron Boulder\n|-supereffective|p2a: Iron Boulder\n|-damage|p2a: Iron Boulder|0 fnt\n|faint|p2a: Iron Boulder\n|-end|p2a: Iron Boulder|Quark Drive|[silent]\n|\n|upkeep\n|\n|t:|1771250692\n|switch|p2a: Great Tusk|Great Tusk|100/100\n|turn|23\n|\n|t:|1771250695\n|switch|p1a: Wuji|Kyurem|100/100\n|-ability|p1a: Wuji|Pressure\n|move|p2a: Great Tusk|Rapid Spin|p1a: Wuji\n|-damage|p1a: Wuji|79/100\n|-boost|p2a: Great Tusk|spe|1\n|-damage|p2a: Great Tusk|91/100|[from] item: Life Orb\n|\n|upkeep\n|turn|24\n|\n|t:|1771250705\n|move|p2a: Great Tusk|Close Combat|p1a: Wuji\n|-supereffective|p1a: Wuji\n|-damage|p1a: Wuji|0 fnt\n|-unboost|p2a: Great Tusk|def|1\n|-unboost|p2a: Great Tusk|spd|1\n|faint|p1a: Wuji\n|-damage|p2a: Great Tusk|81/100|[from] item: Life Orb\n|\n|upkeep\n|\n|t:|1771250709\n|switch|p1a: Aoyu|Alomomola, F|57/100\n|turn|25\n|\n|t:|1771250720\n|move|p2a: Great Tusk|Headlong Rush|p1a: Aoyu\n|-damage|p1a: Aoyu|13/100\n|-unboost|p2a: Great Tusk|def|1\n|-unboost|p2a: Great Tusk|spd|1\n|-damage|p2a: Great Tusk|71/100|[from] item: Life Orb\n|move|p1a: Aoyu|Scald|p2a: Great Tusk\n|-supereffective|p2a: Great Tusk\n|-crit|p2a: Great Tusk\n|-damage|p2a: Great Tusk|0 fnt\n|faint|p2a: Great Tusk\n|-end|p2a: Great Tusk|Protosynthesis|[silent]\n|\n|upkeep\n|\n|t:|1771250731\n|switch|p2a: Charizard|Charizard, F, shiny|100/100\n|turn|26\n|\n|t:|1771250736\n|detailschange|p2a: Charizard|Charizard-Mega-Y, F, shiny\n|-mega|p2a: Charizard|Charizard|Charizardite Y\n|-weather|SunnyDay|[from] ability: Drought|[of] p2a: Charizard\n|move|p2a: Charizard|Air Slash|p1a: Aoyu\n|-damage|p1a: Aoyu|0 fnt\n|faint|p1a: Aoyu\n|\n|-weather|SunnyDay|[upkeep]\n|upkeep\n|\n|t:|1771250740\n|switch|p1a: Shi Yan Ming|Gallade, M, shiny|100/100\n|turn|27\n|\n|t:|1771250747\n|detailschange|p1a: Shi Yan Ming|Gallade-Mega, M, shiny\n|-mega|p1a: Shi Yan Ming|Gallade|Galladite\n|move|p1a: Shi Yan Ming|Zen Headbutt|p2a: Charizard\n|-damage|p2a: Charizard|31/100\n|move|p2a: Charizard|Air Slash|p1a: Shi Yan Ming\n|-supereffective|p1a: Shi Yan Ming\n|-damage|p1a: Shi Yan Ming|16/100\n|\n|-weather|SunnyDay|[upkeep]\n|upkeep\n|turn|28\n|\n|t:|1771250757\n|move|p1a: Shi Yan Ming|Zen Headbutt|p2a: Charizard\n|-damage|p2a: Charizard|0 fnt\n|faint|p2a: Charizard\n|detailschange|p2: Charizard|Charizard, F, shiny|[silent]\n|\n|win|Yaoshi\n|raw|Yaoshi's rating: 1602 &rarr; <strong>1623</strong><br />(+21 for winning)\n|raw|sa290715's rating: 1617 &rarr; <strong>1596</strong><br />(-21 for losing)\n|l|☆Yaoshi\n|player|p1|\n|l|☆sa290715\n|player|p2|\n", "uploadtime": 1771250929, "views": 4, "formatid": "gen9nationaldex", "rating": 1596, "private": 0, "password": null}