{"id": "gen9nationaldex-2540814943", "format": "[Gen 9] National Dex", "players": ["feuer und flammen", "twiligthZ"], "log": "|j|☆feuer und flammen\n|j|☆twiligthZ\n|t:|1771256883\n|gametype|singles\n|player|p1|feuer und flammen|2|1543\n|player|p2|twiligthZ|n|1528\n|gen|9\n|tier|[Gen 9] National Dex\n|rated|\n|rule|HP Percentage Mod: HP is shown in percentages\n|rule|Endless Battle Clause: Forcing endless battles is banned\n|rule|Species Clause: Limit one of each Pokémon\n|rule|OHKO Clause: OHKO moves are banned\n|rule|Evasion Clause: Evasion abilities, items, and moves are banned\n|rule|Evasion Abilities Clause: Evasion abilities are banned\n|rule|Evasion Items Clause: Evasion items are banned\n|rule|Evasion Moves Clause: Evasion moves are banned\n|rule|Sleep Clause Mod: Limit one foe put to sleep\n|rule|Terastal Clause: You cannot Terastallize\n|clearpoke\n|poke|p1|Tapu Koko|\n|poke|p1|Kartana|\n|poke|p1|Charizard, F|\n|poke|p1|Hatterene, F|\n|poke|p1|Bisharp, M|\n|poke|p1|Urshifu-*, F|\n|poke|p2|Mismagius, M|\n|poke|p2|Ninetales-Alola, M|\n|poke|p2|Gyarados, F|\n|poke|p2|Oricorio-Pom-Pom, F|\n|poke|p2|Lurantis, M|\n|poke|p2|Ditto|\n|teampreview\n|inactive|Battle timer is ON: inactive players will automatically lose when time's up. (requested by feuer und flammen)\n|inactive|twiligthZ also wants the timer to be on.\n|\n|t:|1771256899\n|teamsize|p1|6\n|teamsize|p2|6\n|start\n|switch|p1a: Tapu Koko|Tapu Koko|100/100\n|switch|p2a: Flower|Lurantis, M|100/100\n|-fieldstart|move: Electric Terrain|[from] ability: Electric Surge|[of] p1a: Tapu Koko\n|-item|p1a: Tapu Koko|Air Balloon\n|turn|1\n|\n|t:|1771256927\n|move|p1a: Tapu Koko|Dazzling Gleam|p2a: Flower\n|-damage|p2a: Flower|73/100\n|move|p2a: Flower|Superpower|p1a: Tapu Koko\n|-resisted|p1a: Tapu Koko\n|-damage|p1a: Tapu Koko|75/100\n|-boost|p2a: Flower|atk|1\n|-boost|p2a: Flower|def|1\n|-enditem|p1a: Tapu Koko|Air Balloon\n|\n|upkeep\n|turn|2\n|\n|t:|1771256932\n|move|p1a: Tapu Koko|Dazzling Gleam|p2a: Flower\n|-damage|p2a: Flower|50/100\n|move|p2a: Flower|Superpower|p1a: Tapu Koko\n|-resisted|p1a: Tapu Koko\n|-damage|p1a: Tapu Koko|37/100\n|-boost|p2a: Flower|atk|1\n|-boost|p2a: Flower|def|1\n|\n|upkeep\n|turn|3\n|\n|t:|1771256942\n|move|p1a: Tapu Koko|Dazzling Gleam|p2a: Flower\n|-damage|p2a: Flower|23/100\n|move|p2a: Flower|Petal Blizzard|p1a: Tapu Koko\n|-damage|p1a: Tapu Koko|0 fnt\n|faint|p1a: Tapu Koko\n|\n|upkeep\n|\n|t:|1771256950\n|switch|p1a: Kartana|Kartana|100/100\n|turn|4\n|\n|t:|1771256954\n|move|p1a: Kartana|Sacred Sword|p2a: Flower\n|-damage|p2a: Flower|0 fnt\n|faint|p2a: Flower\n|-ability|p1a: Kartana|Beast Boost|boost\n|-boost|p1a: Kartana|atk|1\n|\n|upkeep\n|\n|t:|1771256961\n|switch|p2a: Festiva|Oricorio-Pom-Pom, F|100/100\n|turn|5\n|\n|t:|1771256972\n|move|p1a: Kartana|Knock Off|p2a: Festiva\n|-damage|p2a: Festiva|16/100\n|-enditem|p2a: Festiva|Leftovers|[from] move: Knock Off|[of] p1a: Kartana\n|move|p2a: Festiva|Quiver Dance|p2a: Festiva\n|-boost|p2a: Festiva|spa|1\n|-boost|p2a: Festiva|spd|1\n|-boost|p2a: Festiva|spe|1\n|\n|-fieldend|move: Electric Terrain\n|upkeep\n|turn|6\n|\n|t:|1771256979\n|move|p2a: Festiva|Hurricane|p1a: Kartana\n|-enditem|p1a: Kartana|Focus Sash\n|-damage|p1a: Kartana|1/100\n|move|p1a: Kartana|Knock Off|p2a: Festiva\n|-damage|p2a: Festiva|0 fnt\n|faint|p2a: Festiva\n|-ability|p1a: Kartana|Beast Boost|boost\n|-boost|p1a: Kartana|atk|1\n|\n|upkeep\n|\n|t:|1771256986\n|switch|p2a: Idem|Ditto|100/100\n|-transform|p2a: Idem|p1a: Kartana|[from] ability: Imposter\n|turn|7\n|\n|t:|1771256992\n|switch|p1a: Charizard|Charizard, F|100/100\n|move|p2a: Idem|Knock Off|p1a: Charizard\n|-damage|p1a: Charizard|17/100\n|\n|upkeep\n|turn|8\n|\n|t:|1771257002\n|switch|p1a: Urshifu|Urshifu-Rapid-Strike, F|100/100\n|move|p2a: Idem|Knock Off|p1a: Urshifu\n|-resisted|p1a: Urshifu\n|-damage|p1a: Urshifu|58/100\n|-enditem|p1a: Urshifu|Punching Glove|[from] move: Knock Off|[of] p2a: Idem\n|\n|upkeep\n|turn|9\n|\n|t:|1771257005\n|move|p2a: Idem|Leaf Blade|p1a: Urshifu\n|-supereffective|p1a: Urshifu\n|-damage|p1a: Urshifu|0 fnt\n|faint|p1a: Urshifu\n|-ability|p2a: Idem|Beast Boost|boost\n|-boost|p2a: Idem|atk|1\n|\n|upkeep\n|c|☆feuer und flammen|that was unexpected lol\n|c|☆feuer und flammen|bye\n|-message|feuer und flammen forfeited.\n|\n|win|twiligthZ\n|raw|feuer und flammen's rating: 1543 &rarr; <strong>1522</strong><br />(-21 for losing)\n|raw|twiligthZ's rating: 1528 &rarr; <strong>1549</strong><br />(+21 for winning)\n|l|☆feuer und flammen\n|player|p1|\n|l|☆twiligthZ\n|player|p2|\n", "uploadtime": 1771257247, "views": 4, "formatid": "gen9nationaldex", "rating": 1522, "private": 0, "password": null}