{"id": "gen9nationaldex-2540589048", "format": "[Gen 9] National Dex", "players": ["ndx_alt17", "frost12080000"], "log": "|j|☆ndx_alt17\n|j|☆frost12080000\n|t:|1771222828\n|gametype|singles\n|player|p1|ndx_alt17|nate|1625\n|player|p2|frost12080000|burglar|1562\n|gen|9\n|tier|[Gen 9] National Dex\n|rated|\n|rule|HP Percentage Mod: HP is shown in percentages\n|rule|Endless Battle Clause: Forcing endless battles is banned\n|rule|Species Clause: Limit one of each Pokémon\n|rule|OHKO Clause: OHKO moves are banned\n|rule|Evasion Clause: Evasion abilities, items, and moves are banned\n|rule|Evasion Abilities Clause: Evasion abilities are banned\n|rule|Evasion Items Clause: Evasion items are banned\n|rule|Evasion Moves Clause: Evasion moves are banned\n|rule|Sleep Clause Mod: Limit one foe put to sleep\n|rule|Terastal Clause: You cannot Terastallize\n|clearpoke\n|poke|p1|Azumarill, F|\n|poke|p1|Gholdengo|\n|poke|p1|Venusaur, F|\n|poke|p1|Heatran, F|\n|poke|p1|Great Tusk|\n|poke|p1|Latios, M|\n|poke|p2|Tapu Fini|\n|poke|p2|Zapdos|\n|poke|p2|Urshifu-*, F|\n|poke|p2|Charizard, F|\n|poke|p2|Ogerpon-Cornerstone, F|\n|poke|p2|Landorus-Therian, M|\n|teampreview\n|\n|t:|1771222844\n|teamsize|p1|6\n|teamsize|p2|6\n|start\n|switch|p1a: Heatran|Heatran, F|100/100\n|switch|p2a: Charizard|Charizard, F, shiny|100/100\n|-item|p1a: Heatran|Air Balloon\n|turn|1\n|\n|t:|1771222850\n|move|p2a: Charizard|Air Slash|p1a: Heatran\n|-resisted|p1a: Heatran\n|-damage|p1a: Heatran|88/100\n|-enditem|p1a: Heatran|Air Balloon\n|move|p1a: Heatran|Toxic|p2a: Charizard\n|-status|p2a: Charizard|tox\n|\n|-damage|p2a: Charizard|94/100 tox|[from] psn\n|upkeep\n|turn|2\n|\n|t:|1771222853\n|detailschange|p2a: Charizard|Charizard-Mega-Y, F, shiny\n|-mega|p2a: Charizard|Charizard|Charizardite Y\n|-weather|SunnyDay|[from] ability: Drought|[of] p2a: Charizard\n|move|p2a: Charizard|Scorching Sands|p1a: Heatran\n|-supereffective|p1a: Heatran\n|-damage|p1a: Heatran|11/100\n|move|p1a: Heatran|Stealth Rock|p2a: Charizard\n|-sidestart|p2: frost12080000|move: Stealth Rock\n|\n|-weather|SunnyDay|[upkeep]\n|-damage|p2a: Charizard|82/100 tox|[from] psn\n|upkeep\n|turn|3\n|\n|t:|1771222859\n|switch|p1a: Latios|Latios, M|100/100\n|move|p2a: Charizard|Air Slash|p1a: Latios\n|-damage|p1a: Latios|44/100\n|\n|-weather|SunnyDay|[upkeep]\n|-damage|p2a: Charizard|64/100 tox|[from] psn\n|upkeep\n|turn|4\n|\n|t:|1771222862\n|move|p1a: Latios|Flip Turn|p2a: Charizard\n|-supereffective|p2a: Charizard\n|-damage|p2a: Charizard|49/100 tox\n|\n|t:|1771222864\n|switch|p1a: Heatran|Heatran, F|11/100|[from] Flip Turn\n|move|p2a: Charizard|Weather Ball|p1a: Heatran\n|-start|p1a: Heatran|ability: Flash Fire\n|\n|-weather|SunnyDay|[upkeep]\n|-damage|p2a: Charizard|24/100 tox|[from] psn\n|upkeep\n|turn|5\n|inactive|Battle timer is ON: inactive players will automatically lose when time's up. (requested by frost12080000)\n|\n|t:|1771222872\n|-end|p1a: Heatran|ability: Flash Fire|[silent]\n|switch|p1a: Azumarill|Azumarill, F, shiny|100/100\n|move|p2a: Charizard|Air Slash|p1a: Azumarill\n|-damage|p1a: Azumarill|51/100\n|\n|-weather|SunnyDay|[upkeep]\n|-damage|p2a: Charizard|0 fnt|[from] psn\n|faint|p2a: Charizard\n|detailschange|p2: Charizard|Charizard, F, shiny|[silent]\n|upkeep\n|\n|t:|1771222878\n|switch|p2a: Ogerpon|Ogerpon-Cornerstone, F|100/100\n|-damage|p2a: Ogerpon|88/100|[from] Stealth Rock\n|turn|6\n|\n|t:|1771222881\n|move|p2a: Ogerpon|Swords Dance|p2a: Ogerpon\n|-boost|p2a: Ogerpon|atk|2\n|move|p1a: Azumarill|Liquidation|p2a: Ogerpon\n|-damage|p2a: Ogerpon|39/100\n|-unboost|p2a: Ogerpon|def|1\n|\n|-weather|none\n|upkeep\n|turn|7\n|\n|t:|1771222886\n|switch|p1a: Venusaur|Venusaur, F|100/100\n|move|p2a: Ogerpon|Horn Leech|p1a: Venusaur\n|-resisted|p1a: Venusaur\n|-damage|p1a: Venusaur|84/100\n|-heal|p2a: Ogerpon|49/100|[from] drain|[of] p1a: Venusaur\n|\n|upkeep\n|turn|8\n|\n|t:|1771222897\n|detailschange|p1a: Venusaur|Venusaur-Mega, F\n|-mega|p1a: Venusaur|Venusaur|Venusaurite\n|move|p2a: Ogerpon|Ivy Cudgel|p1a: Venusaur|[anim] Ivy Cudgel Rock\n|-damage|p1a: Venusaur|13/100\n|move|p1a: Venusaur|Giga Drain|p2a: Ogerpon\n|-crit|p2a: Ogerpon\n|-damage|p2a: Ogerpon|0 fnt\n|-heal|p1a: Venusaur|34/100|[from] drain|[of] p2a: Ogerpon\n|faint|p2a: Ogerpon\n|\n|upkeep\n|\n|t:|1771222904\n|switch|p2a: Zapdos|Zapdos|100/100\n|turn|9\n|\n|t:|1771222909\n|switch|p1a: Latios|Latios, M|44/100\n|move|p2a: Zapdos|Defog|p1a: Latios\n|-unboost|p1a: Latios|evasion|1\n|-sideend|p2: frost12080000|Stealth Rock|[from] move: Defog|[of] p2a: Zapdos\n|\n|upkeep\n|turn|10\n|\n|t:|1771222912\n|move|p1a: Latios|Trick|p2a: Zapdos\n|-activate|p1a: Latios|move: Trick|[of] p2a: Zapdos\n|-item|p2a: Zapdos|Choice Scarf|[from] move: Trick\n|-item|p1a: Latios|Heavy-Duty Boots|[from] move: Trick\n|move|p2a: Zapdos|Volt Switch|p1a: Latios\n|-resisted|p1a: Latios\n|-damage|p1a: Latios|28/100\n|\n|t:|1771222914\n|switch|p2a: Urshifu|Urshifu-Rapid-Strike, F|100/100|[from] Volt Switch\n|\n|upkeep\n|turn|11\n|\n|t:|1771222920\n|switch|p1a: Heatran|Heatran, F|11/100\n|move|p2a: Urshifu|U-turn|p1a: Heatran\n|-resisted|p1a: Heatran\n|-damage|p1a: Heatran|6/100\n|\n|t:|1771222926\n|switch|p2a: Tapu Fini|Tapu Fini, shiny|100/100|[from] U-turn\n|-fieldstart|move: Misty Terrain|[from] ability: Misty Surge|[of] p2a: Tapu Fini\n|\n|upkeep\n|turn|12\n|\n|t:|1771222929\n|move|p2a: Tapu Fini|Calm Mind|p2a: Tapu Fini\n|-boost|p2a: Tapu Fini|spa|1\n|-boost|p2a: Tapu Fini|spd|1\n|move|p1a: Heatran|Stealth Rock|p2a: Tapu Fini\n|-sidestart|p2: frost12080000|move: Stealth Rock\n|\n|upkeep\n|turn|13\n|\n|t:|1771222931\n|move|p2a: Tapu Fini|Calm Mind|p2a: Tapu Fini\n|-boost|p2a: Tapu Fini|spa|1\n|-boost|p2a: Tapu Fini|spd|1\n|move|p1a: Heatran|Taunt|p2a: Tapu Fini\n|-start|p2a: Tapu Fini|move: Taunt\n|\n|upkeep\n|turn|14\n|\n|t:|1771222933\n|move|p2a: Tapu Fini|Draining Kiss|p1a: Heatran\n|-resisted|p1a: Heatran\n|-damage|p1a: Heatran|1/100\n|move|p1a: Heatran|Magma Storm|p2a: Tapu Fini\n|-resisted|p2a: Tapu Fini\n|-damage|p2a: Tapu Fini|93/100\n|-activate|p2a: Tapu Fini|move: Magma Storm|[of] p1a: Heatran\n|\n|-heal|p2a: Tapu Fini|99/100|[from] item: Leftovers\n|-damage|p2a: Tapu Fini|86/100|[from] move: Magma Storm|[partiallytrapped]\n|upkeep\n|turn|15\n|\n|t:|1771222940\n|move|p2a: Tapu Fini|Draining Kiss|p1a: Heatran\n|-resisted|p1a: Heatran\n|-damage|p1a: Heatran|0 fnt\n|-heal|p2a: Tapu Fini|87/100|[from] drain|[of] p1a: Heatran\n|faint|p1a: Heatran\n|\n|-heal|p2a: Tapu Fini|93/100|[from] item: Leftovers\n|-end|p2a: Tapu Fini|Magma Storm|[partiallytrapped]|[silent]\n|-fieldend|Misty Terrain\n|upkeep\n|\n|t:|1771222944\n|switch|p1a: Venusaur|Venusaur-Mega, F|34/100\n|turn|16\n|\n|t:|1771222949\n|move|p2a: Tapu Fini|Surf|p1a: Venusaur\n|-resisted|p1a: Venusaur\n|-damage|p1a: Venusaur|11/100\n|move|p1a: Venusaur|Leech Seed|p2a: Tapu Fini\n|-start|p2a: Tapu Fini|move: Leech Seed\n|\n|-heal|p2a: Tapu Fini|99/100|[from] item: Leftovers\n|-damage|p2a: Tapu Fini|87/100|[from] Leech Seed|[of] p1a: Venusaur\n|-heal|p1a: Venusaur|23/100|[silent]\n|-end|p2a: Tapu Fini|move: Taunt\n|upkeep\n|turn|17\n|\n|t:|1771222953\n|switch|p1a: Azumarill|Azumarill, F, shiny|51/100\n|move|p2a: Tapu Fini|Surf|p1a: Azumarill\n|-resisted|p1a: Azumarill\n|-damage|p1a: Azumarill|22/100\n|\n|-heal|p2a: Tapu Fini|93/100|[from] item: Leftovers\n|-damage|p2a: Tapu Fini|80/100|[from] Leech Seed|[of] p1a: Azumarill\n|-heal|p1a: Azumarill|33/100|[silent]\n|upkeep\n|turn|18\n|\n|t:|1771222961\n|switch|p1a: Venusaur|Venusaur-Mega, F|23/100\n|move|p2a: Tapu Fini|Draining Kiss|p1a: Venusaur\n|-resisted|p1a: Venusaur\n|-damage|p1a: Venusaur|10/100\n|-heal|p2a: Tapu Fini|91/100|[from] drain|[of] p1a: Venusaur\n|\n|-heal|p2a: Tapu Fini|97/100|[from] item: Leftovers\n|-damage|p2a: Tapu Fini|85/100|[from] Leech Seed|[of] p1a: Venusaur\n|-heal|p1a: Venusaur|22/100|[silent]\n|upkeep\n|turn|19\n|\n|t:|1771222964\n|move|p2a: Tapu Fini|Surf|p1a: Venusaur\n|-resisted|p1a: Venusaur\n|-damage|p1a: Venusaur|0 fnt\n|faint|p1a: Venusaur\n|detailschange|p1: Venusaur|Venusaur, F|[silent]\n|\n|-heal|p2a: Tapu Fini|91/100|[from] item: Leftovers\n|upkeep\n|\n|t:|1771222966\n|switch|p1a: Gholdengo|Gholdengo|100/100\n|turn|20\n|\n|t:|1771222972\n|-zpower|p1a: Gholdengo\n|move|p1a: Gholdengo|Never-Ending Nightmare|p2a: Tapu Fini|[zeffect]\n|-damage|p2a: Tapu Fini|59/100\n|move|p2a: Tapu Fini|Surf|p1a: Gholdengo\n|-damage|p1a: Gholdengo|33/100\n|\n|-heal|p2a: Tapu Fini|65/100|[from] item: Leftovers\n|-damage|p2a: Tapu Fini|53/100|[from] Leech Seed|[of] p1a: Gholdengo\n|-heal|p1a: Gholdengo|46/100|[silent]\n|upkeep\n|turn|21\n|\n|t:|1771222977\n|move|p1a: Gholdengo|Recover|p1a: Gholdengo\n|-heal|p1a: Gholdengo|96/100\n|move|p2a: Tapu Fini|Surf|p1a: Gholdengo\n|-damage|p1a: Gholdengo|23/100\n|\n|-heal|p2a: Tapu Fini|59/100|[from] item: Leftovers\n|-damage|p2a: Tapu Fini|46/100|[from] Leech Seed|[of] p1a: Gholdengo\n|-heal|p1a: Gholdengo|37/100|[silent]\n|upkeep\n|turn|22\n|\n|t:|1771222985\n|switch|p2a: Zapdos|Zapdos|100/100\n|-damage|p2a: Zapdos|75/100|[from] Stealth Rock\n|move|p1a: Gholdengo|Recover|p1a: Gholdengo\n|-heal|p1a: Gholdengo|87/100\n|\n|upkeep\n|turn|23\n|\n|t:|1771222991\n|switch|p1a: Great Tusk|Great Tusk|100/100\n|move|p2a: Zapdos|Heat Wave|p1a: Great Tusk\n|-damage|p1a: Great Tusk|65/100\n|\n|upkeep\n|turn|24\n|\n|t:|1771223001\n|move|p2a: Zapdos|Heat Wave|p1a: Great Tusk\n|-damage|p1a: Great Tusk|30/100\n|move|p1a: Great Tusk|Rapid Spin|p2a: Zapdos\n|-damage|p2a: Zapdos|66/100\n|-boost|p1a: Great Tusk|spe|1\n|\n|upkeep\n|turn|25\n|\n|t:|1771223008\n|move|p1a: Great Tusk|Close Combat|p2a: Zapdos\n|-resisted|p2a: Zapdos\n|-damage|p2a: Zapdos|48/100\n|-unboost|p1a: Great Tusk|def|1\n|-unboost|p1a: Great Tusk|spd|1\n|move|p2a: Zapdos|Heat Wave|p1a: Great Tusk\n|-damage|p1a: Great Tusk|0 fnt\n|faint|p1a: Great Tusk\n|-end|p1a: Great Tusk|Protosynthesis|[silent]\n|\n|upkeep\n|\n|t:|1771223012\n|switch|p1a: Latios|Latios, M|28/100\n|turn|26\n|\n|t:|1771223017\n|move|p2a: Zapdos|Heat Wave|p1a: Latios\n|-resisted|p1a: Latios\n|-damage|p1a: Latios|15/100\n|move|p1a: Latios|Luster Purge|p2a: Zapdos\n|-damage|p2a: Zapdos|0 fnt\n|faint|p2a: Zapdos\n|\n|upkeep\n|\n|t:|1771223021\n|switch|p2a: Urshifu|Urshifu-Rapid-Strike, F|100/100\n|-damage|p2a: Urshifu|94/100|[from] Stealth Rock\n|turn|27\n|\n|t:|1771223024\n|move|p2a: Urshifu|U-turn|p1a: Latios\n|-supereffective|p1a: Latios\n|-damage|p1a: Latios|0 fnt\n|faint|p1a: Latios\n|\n|t:|1771223027\n|switch|p2a: Landorus|Landorus-Therian, M|100/100|[from] U-turn\n|-damage|p2a: Landorus|88/100|[from] Stealth Rock\n|\n|upkeep\n|\n|t:|1771223029\n|switch|p1a: Gholdengo|Gholdengo|87/100\n|turn|28\n|\n|t:|1771223032\n|move|p2a: Landorus|Earthquake|p1a: Gholdengo\n|-supereffective|p1a: Gholdengo\n|-damage|p1a: Gholdengo|0 fnt\n|faint|p1a: Gholdengo\n|\n|upkeep\n|-message|ndx_alt17 forfeited.\n|\n|win|frost12080000\n|raw|ndx_alt17's rating: 1625 &rarr; <strong>1601</strong><br />(-24 for losing)\n|raw|frost12080000's rating: 1562 &rarr; <strong>1586</strong><br />(+24 for winning)\n|l|☆ndx_alt17\n|player|p1|\n|l|☆frost12080000\n|player|p2|\n", "uploadtime": 1771223238, "views": 9, "formatid": "gen9nationaldex", "rating": 1586, "private": 0, "password": null}