{"id": "gen9nationaldex-2540408652", "format": "[Gen 9] National Dex", "players": ["quangangdui", "testingnewteams314"], "log": "|j|☆quangangdui\n|j|☆testingnewteams314\n|t:|1771198419\n|gametype|singles\n|player|p1|quangangdui|169|1670\n|player|p2|testingnewteams314|miku-grass|1678\n|gen|9\n|tier|[Gen 9] National Dex\n|rated|\n|rule|HP Percentage Mod: HP is shown in percentages\n|rule|Endless Battle Clause: Forcing endless battles is banned\n|rule|Species Clause: Limit one of each Pokémon\n|rule|OHKO Clause: OHKO moves are banned\n|rule|Evasion Clause: Evasion abilities, items, and moves are banned\n|rule|Evasion Abilities Clause: Evasion abilities are banned\n|rule|Evasion Items Clause: Evasion items are banned\n|rule|Evasion Moves Clause: Evasion moves are banned\n|rule|Sleep Clause Mod: Limit one foe put to sleep\n|rule|Terastal Clause: You cannot Terastallize\n|clearpoke\n|poke|p1|Tyranitar, F|\n|poke|p1|Ribombee, M|\n|poke|p1|Gholdengo|\n|poke|p1|Garchomp, F|\n|poke|p1|Enamorus, F|\n|poke|p1|Excadrill, F|\n|poke|p2|Kingambit, M|\n|poke|p2|Garchomp, F|\n|poke|p2|Zapdos|\n|poke|p2|Slowking-Galar, M|\n|poke|p2|Diancie|\n|poke|p2|Urshifu-*, M|\n|teampreview\n|inactive|Battle timer is ON: inactive players will automatically lose when time's up. (requested by testingnewteams314)\n|inactive|quangangdui has 120 seconds left.\n|inactive|quangangdui has 90 seconds left.\n|\n|t:|1771198508\n|teamsize|p1|6\n|teamsize|p2|6\n|start\n|switch|p1a: Ribombee|Ribombee, M|100/100\n|switch|p2a: icl i’m shiesty|Diancie, shiny|100/100\n|turn|1\n|inactive|quangangdui has 120 seconds left.\n|inactive|quangangdui has 90 seconds left.\n|\n|t:|1771198553\n|move|p1a: Ribombee|Moonblast|p2a: icl i’m shiesty\n|-damage|p2a: icl i’m shiesty|59/100\n|move|p2a: icl i’m shiesty|Mystical Fire|p1a: Ribombee\n|-supereffective|p1a: Ribombee\n|-damage|p1a: Ribombee|22/100\n|\n|upkeep\n|turn|2\n|inactive|quangangdui has 90 seconds left.\n|\n|t:|1771198569\n|switch|p1a: Tyranitar|Tyranitar, F|100/100\n|-weather|Sandstorm|[from] ability: Sand Stream|[of] p1a: Tyranitar\n|detailschange|p2a: icl i’m shiesty|Diancie-Mega, shiny\n|-mega|p2a: icl i’m shiesty|Diancie|Diancite\n|move|p2a: icl i’m shiesty|Moonblast|p1a: Tyranitar\n|-supereffective|p1a: Tyranitar\n|-crit|p1a: Tyranitar\n|-damage|p1a: Tyranitar|0 fnt\n|faint|p1a: Tyranitar\n|\n|-weather|Sandstorm|[upkeep]\n|upkeep\n|\n|t:|1771198578\n|switch|p1a: Excadrill|Excadrill, F|100/100\n|-item|p1a: Excadrill|Air Balloon\n|turn|3\n|\n|t:|1771198594\n|switch|p1a: Ribombee|Ribombee, M|22/100\n|switch|p2a: zapgoat|Zapdos|100/100\n|\n|-weather|Sandstorm|[upkeep]\n|-damage|p1a: Ribombee|16/100|[from] Sandstorm\n|-damage|p2a: zapgoat|94/100|[from] Sandstorm\n|upkeep\n|turn|4\n|\n|t:|1771198601\n|switch|p2a: icl i’m shiesty|Diancie-Mega, shiny|59/100\n|move|p1a: Ribombee|Skill Swap|p2a: icl i’m shiesty\n|-activate|p1a: Ribombee|Skill Swap|p2a: icl i’m shiesty|[ability] Magic Bounce|[ability2] Shield Dust\n|\n|-weather|Sandstorm|[upkeep]\n|-damage|p1a: Ribombee|10/100|[from] Sandstorm\n|upkeep\n|turn|5\n|\n|t:|1771198614\n|move|p1a: Ribombee|Sticky Web|p2a: icl i’m shiesty\n|-sidestart|p2: testingnewteams314|move: Sticky Web\n|move|p2a: icl i’m shiesty|Moonblast|p1a: Ribombee\n|-damage|p1a: Ribombee|0 fnt\n|faint|p1a: Ribombee\n|\n|-weather|Sandstorm|[upkeep]\n|upkeep\n|\n|t:|1771198622\n|switch|p1a: Gholdengo|Gholdengo|100/100\n|turn|6\n|\n|t:|1771198645\n|move|p2a: icl i’m shiesty|Earth Power|p1a: Gholdengo\n|-supereffective|p1a: Gholdengo\n|-damage|p1a: Gholdengo|17/100\n|-zpower|p1a: Gholdengo\n|move|p1a: Gholdengo|All-Out Pummeling|p2a: icl i’m shiesty|[zeffect]\n|-damage|p2a: icl i’m shiesty|0 fnt\n|faint|p2a: icl i’m shiesty\n|detailschange|p2: icl i’m shiesty|Diancie, shiny|[silent]\n|\n|-weather|none\n|upkeep\n|\n|t:|1771198656\n|switch|p2a: mr chomper|Garchomp, F|100/100\n|-activate|p2a: mr chomper|move: Sticky Web\n|-unboost|p2a: mr chomper|spe|1\n|turn|7\n|\n|t:|1771198661\n|switch|p1a: Enamorus|Enamorus, F|100/100\n|move|p2a: mr chomper|Stealth Rock|p1a: Enamorus\n|-sidestart|p1: quangangdui|move: Stealth Rock\n|\n|upkeep\n|turn|8\n|inactive|quangangdui has 120 seconds left.\n|\n|t:|1771198675\n|switch|p1a: Excadrill|Excadrill, F|100/100\n|-damage|p1a: Excadrill|97/100|[from] Stealth Rock\n|-item|p1a: Excadrill|Air Balloon\n|switch|p2a: pluto|Slowking-Galar, M, shiny|100/100\n|\n|upkeep\n|turn|9\n|inactive|quangangdui has 120 seconds left.\n|\n|t:|1771198684\n|switch|p2a: zapgoat|Zapdos|94/100\n|move|p1a: Excadrill|Rapid Spin|p2a: zapgoat\n|-damage|p2a: zapgoat|81/100\n|-boost|p1a: Excadrill|spe|1\n|-sideend|p1: quangangdui|Stealth Rock|[from] move: Rapid Spin|[of] p1a: Excadrill\n|\n|upkeep\n|turn|10\n|\n|t:|1771198692\n|switch|p1a: Garchomp|Garchomp, F|100/100\n|move|p2a: zapgoat|Heat Wave|p1a: Garchomp\n|-resisted|p1a: Garchomp\n|-damage|p1a: Garchomp|85/100\n|\n|upkeep\n|turn|11\n|\n|t:|1771198700\n|detailschange|p1a: Garchomp|Garchomp-Mega, F\n|-mega|p1a: Garchomp|Garchomp|Garchompite\n|move|p1a: Garchomp|Swords Dance|p1a: Garchomp\n|-boost|p1a: Garchomp|atk|2\n|move|p2a: zapgoat|Hurricane|p1a: Garchomp\n|-crit|p1a: Garchomp\n|-damage|p1a: Garchomp|15/100\n|-start|p1a: Garchomp|confusion\n|\n|upkeep\n|turn|12\n|\n|t:|1771198711\n|switch|p2a: master shifu|Urshifu-Rapid-Strike, M|100/100\n|-activate|p2a: master shifu|move: Sticky Web\n|-unboost|p2a: master shifu|spe|1\n|-activate|p1a: Garchomp|confusion\n|move|p1a: Garchomp|Scale Shot|p2a: master shifu\n|-damage|p2a: master shifu|69/100\n|-damage|p2a: master shifu|36/100\n|-damage|p2a: master shifu|0 fnt\n|faint|p2a: master shifu\n|-hitcount|p2: master shifu|3\n|-unboost|p1a: Garchomp|def|1\n|-boost|p1a: Garchomp|spe|1\n|\n|upkeep\n|\n|t:|1771198714\n|switch|p2a: deadz|Kingambit, M, shiny|100/100\n|-activate|p2a: deadz|move: Sticky Web\n|-unboost|p2a: deadz|spe|1\n|-activate|p2a: deadz|ability: Supreme Overlord\n|-start|p2a: deadz|fallen2|[silent]\n|turn|13\n|\n|t:|1771198733\n|switch|p1a: Gholdengo|Gholdengo|17/100\n|move|p2a: deadz|Sucker Punch||[still]\n|-fail|p2a: deadz\n|\n|upkeep\n|turn|14\n|\n|t:|1771198743\n|move|p2a: deadz|Sucker Punch|p1a: Gholdengo\n|-supereffective|p1a: Gholdengo\n|-damage|p1a: Gholdengo|0 fnt\n|faint|p1a: Gholdengo\n|\n|upkeep\n|\n|t:|1771198746\n|switch|p1a: Enamorus|Enamorus, F|100/100\n|turn|15\n|\n|t:|1771198749\n|-end|p2a: deadz|fallen2|[silent]\n|switch|p2a: pluto|Slowking-Galar, M, shiny|100/100\n|move|p1a: Enamorus|Healing Wish|p1a: Enamorus\n|faint|p1a: Enamorus\n|\n|upkeep\n|\n|t:|1771198752\n|switch|p1a: Garchomp|Garchomp-Mega, F|15/100\n|-heal|p1a: Garchomp|100/100|[from] move: Healing Wish\n|turn|16\n|\n|t:|1771198765\n|move|p1a: Garchomp|Earthquake|p2a: pluto\n|-supereffective|p2a: pluto\n|-damage|p2a: pluto|0 fnt\n|faint|p2a: pluto\n|\n|upkeep\n|\n|t:|1771198772\n|switch|p2a: zapgoat|Zapdos|81/100\n|turn|17\n|\n|t:|1771198778\n|move|p1a: Garchomp|Stone Edge|p2a: zapgoat\n|-supereffective|p2a: zapgoat\n|-damage|p2a: zapgoat|19/100\n|move|p2a: zapgoat|Hurricane|p1a: Garchomp|[miss]\n|-miss|p2a: zapgoat|p1a: Garchomp\n|\n|upkeep\n|turn|18\n|\n|t:|1771198794\n|move|p1a: Garchomp|Stone Edge|p2a: zapgoat\n|-supereffective|p2a: zapgoat\n|-damage|p2a: zapgoat|0 fnt\n|faint|p2a: zapgoat\n|\n|upkeep\n|\n|t:|1771198798\n|switch|p2a: mr chomper|Garchomp, F|100/100\n|-activate|p2a: mr chomper|move: Sticky Web\n|-unboost|p2a: mr chomper|spe|1\n|turn|19\n|\n|t:|1771198807\n|switch|p1a: Excadrill|Excadrill, F|97/100\n|-item|p1a: Excadrill|Air Balloon\n|-zpower|p2a: mr chomper\n|move|p2a: mr chomper|Devastating Drake|p1a: Excadrill|[zeffect]\n|-resisted|p1a: Excadrill\n|-damage|p1a: Excadrill|26/100\n|-enditem|p1a: Excadrill|Air Balloon\n|\n|upkeep\n|turn|20\n|\n|t:|1771198834\n|move|p1a: Excadrill|Earthquake|p2a: mr chomper\n|-damage|p2a: mr chomper|48/100\n|move|p2a: mr chomper|Earthquake|p1a: Excadrill\n|-supereffective|p1a: Excadrill\n|-damage|p1a: Excadrill|0 fnt\n|faint|p1a: Excadrill\n|\n|upkeep\n|\n|t:|1771198838\n|switch|p1a: Garchomp|Garchomp-Mega, F|100/100\n|turn|21\n|\n|t:|1771198845\n|move|p1a: Garchomp|Earthquake|p2a: mr chomper\n|-damage|p2a: mr chomper|0 fnt\n|faint|p2a: mr chomper\n|\n|upkeep\n|\n|t:|1771198850\n|switch|p2a: deadz|Kingambit, M, shiny|100/100\n|-activate|p2a: deadz|move: Sticky Web\n|-unboost|p2a: deadz|spe|1\n|-activate|p2a: deadz|ability: Supreme Overlord\n|-start|p2a: deadz|fallen5|[silent]\n|turn|22\n|\n|t:|1771198853\n|move|p2a: deadz|Sucker Punch|p1a: Garchomp\n|-damage|p1a: Garchomp|54/100\n|move|p1a: Garchomp|Earthquake|p2a: deadz\n|-supereffective|p2a: deadz\n|-crit|p2a: deadz\n|-damage|p2a: deadz|0 fnt\n|faint|p2a: deadz\n|-end|p2a: deadz|fallen5|[silent]\n|\n|win|quangangdui\n|raw|quangangdui's rating: 1670 &rarr; <strong>1690</strong><br />(+20 for winning)\n|raw|testingnewteams314's rating: 1678 &rarr; <strong>1658</strong><br />(-20 for losing)\n|l|☆quangangdui\n|player|p1|\n", "uploadtime": 1771199016, "views": 6, "formatid": "gen9nationaldex", "rating": 1658, "private": 0, "password": null}