{"id": "gen9nationaldex-2540376963", "format": "[Gen 9] National Dex", "players": ["dicolibri", "blackddarkness"], "log": "|j|☆dicolibri\n|j|☆blackddarkness\n|t:|1771194682\n|gametype|singles\n|player|p1|dicolibri|hiker|1769\n|player|p2|blackddarkness|169|1676\n|gen|9\n|tier|[Gen 9] National Dex\n|rated|\n|rule|HP Percentage Mod: HP is shown in percentages\n|rule|Endless Battle Clause: Forcing endless battles is banned\n|rule|Species Clause: Limit one of each Pokémon\n|rule|OHKO Clause: OHKO moves are banned\n|rule|Evasion Clause: Evasion abilities, items, and moves are banned\n|rule|Evasion Abilities Clause: Evasion abilities are banned\n|rule|Evasion Items Clause: Evasion items are banned\n|rule|Evasion Moves Clause: Evasion moves are banned\n|rule|Sleep Clause Mod: Limit one foe put to sleep\n|rule|Terastal Clause: You cannot Terastallize\n|clearpoke\n|poke|p1|Torkoal, F|\n|poke|p1|Slowbro, M|\n|poke|p1|Ursaluna, F|\n|poke|p1|Victini|\n|poke|p1|Exeggutor-Alola, F|\n|poke|p1|Hoopa-Unbound|\n|poke|p2|Mandibuzz, F|\n|poke|p2|Ogerpon-Wellspring, F|\n|poke|p2|Slowbro, M|\n|poke|p2|Clodsire, M|\n|poke|p2|Slowking-Galar, M|\n|poke|p2|Scizor, M|\n|teampreview\n|\n|t:|1771194692\n|teamsize|p1|6\n|teamsize|p2|6\n|start\n|switch|p1a: Torkoal|Torkoal, F|100/100\n|switch|p2a: Slowbro|Slowbro, M|100/100\n|-weather|SunnyDay|[from] ability: Drought|[of] p1a: Torkoal\n|turn|1\n|inactive|Battle timer is ON: inactive players will automatically lose when time's up. (requested by blackddarkness)\n|\n|t:|1771194704\n|switch|p2a: Slowking|Slowking-Galar, M|100/100\n|move|p1a: Torkoal|Stealth Rock|p2a: Slowking\n|-sidestart|p2: blackddarkness|move: Stealth Rock\n|\n|-weather|SunnyDay|[upkeep]\n|upkeep\n|turn|2\n|\n|t:|1771194711\n|switch|p1a: Victini|Victini|100/100\n|move|p2a: Slowking|Sludge Bomb|p1a: Victini\n|-damage|p1a: Victini|70/100\n|-status|p1a: Victini|psn\n|\n|-weather|SunnyDay|[upkeep]\n|-damage|p1a: Victini|58/100 psn|[from] psn\n|upkeep\n|turn|3\n|\n|t:|1771194721\n|switch|p2a: Slowbro|Slowbro, M|100/100\n|-damage|p2a: Slowbro|88/100|[from] Stealth Rock\n|move|p1a: Victini|V-create|p2a: Slowbro\n|-resisted|p2a: Slowbro\n|-damage|p2a: Slowbro|46/100\n|-unboost|p1a: Victini|spe|1\n|-unboost|p1a: Victini|def|1\n|-unboost|p1a: Victini|spd|1\n|-damage|p1a: Victini|41/100 psn|[from] item: Rocky Helmet|[of] p2a: Slowbro\n|\n|-weather|SunnyDay|[upkeep]\n|-damage|p1a: Victini|29/100 psn|[from] psn\n|upkeep\n|turn|4\n|\n|t:|1771194740\n|move|p1a: Victini|Bolt Strike|p2a: Slowbro\n|-supereffective|p2a: Slowbro\n|-damage|p2a: Slowbro|0 fnt\n|-damage|p1a: Victini|12/100 psn|[from] item: Rocky Helmet|[of] p2a: Slowbro\n|faint|p2a: Slowbro\n|\n|-weather|SunnyDay|[upkeep]\n|-damage|p1a: Victini|0 fnt|[from] psn\n|faint|p1a: Victini\n|upkeep\n|\n|t:|1771194754\n|switch|p1a: Exeggutor|Exeggutor-Alola, F|100/100\n|switch|p2a: Man|Mandibuzz, F, shiny|100/100\n|-item|p2a: Man|Heavy-Duty Boots|[from] ability: Frisk|[of] p1a: Exeggutor\n|turn|5\n|\n|t:|1771194764\n|switch|p2a: Slowking|Slowking-Galar, M|100/100\n|-damage|p2a: Slowking|88/100|[from] Stealth Rock\n|move|p1a: Exeggutor|Trick Room|p1a: Exeggutor\n|-fieldstart|move: Trick Room|[of] p1a: Exeggutor\n|\n|-weather|SunnyDay|[upkeep]\n|upkeep\n|turn|6\n|\n|t:|1771194774\n|switch|p1a: Ursaluna|Ursaluna, F|100/100\n|move|p2a: Slowking|Sludge Bomb|p1a: Ursaluna\n|-resisted|p1a: Ursaluna\n|-damage|p1a: Ursaluna|86/100\n|-status|p1a: Ursaluna|psn\n|\n|-weather|SunnyDay|[upkeep]\n|-damage|p1a: Ursaluna|74/100 psn|[from] psn\n|upkeep\n|turn|7\n|\n|t:|1771194787\n|switch|p2a: Scizor|Scizor, M|100/100\n|-damage|p2a: Scizor|88/100|[from] Stealth Rock\n|move|p1a: Ursaluna|Facade|p2a: Scizor\n|-resisted|p2a: Scizor\n|-damage|p2a: Scizor|39/100\n|\n|-weather|SunnyDay|[upkeep]\n|-damage|p1a: Ursaluna|61/100 psn|[from] psn\n|upkeep\n|turn|8\n|\n|t:|1771194797\n|detailschange|p2a: Scizor|Scizor-Mega, M\n|-mega|p2a: Scizor|Scizor|Scizorite\n|move|p2a: Scizor|Bullet Punch|p1a: Ursaluna\n|-damage|p1a: Ursaluna|40/100 psn\n|move|p1a: Ursaluna|Facade|p2a: Scizor\n|-resisted|p2a: Scizor\n|-damage|p2a: Scizor|4/100\n|\n|-weather|none\n|-damage|p1a: Ursaluna|27/100 psn|[from] psn\n|upkeep\n|turn|9\n|\n|t:|1771194806\n|switch|p1a: Torkoal|Torkoal, F|100/100\n|-weather|SunnyDay|[from] ability: Drought|[of] p1a: Torkoal\n|move|p2a: Scizor|Bullet Punch|p1a: Torkoal\n|-resisted|p1a: Torkoal\n|-damage|p1a: Torkoal|93/100\n|\n|-weather|SunnyDay|[upkeep]\n|-fieldend|move: Trick Room\n|upkeep\n|turn|10\n|\n|t:|1771194818\n|move|p2a: Scizor|Close Combat|p1a: Torkoal\n|-damage|p1a: Torkoal|70/100\n|-unboost|p2a: Scizor|def|1\n|-unboost|p2a: Scizor|spd|1\n|move|p1a: Torkoal|Will-O-Wisp|p2a: Scizor\n|-status|p2a: Scizor|brn\n|\n|-weather|SunnyDay|[upkeep]\n|-damage|p2a: Scizor|0 fnt|[from] brn\n|faint|p2a: Scizor\n|detailschange|p2: Scizor|Scizor, M|[silent]\n|upkeep\n|\n|t:|1771194830\n|switch|p2a: Clodsire|Clodsire, M, shiny|100/100\n|-damage|p2a: Clodsire|94/100|[from] Stealth Rock\n|turn|11\n|\n|t:|1771194839\n|move|p2a: Clodsire|Toxic|p1a: Torkoal\n|-status|p1a: Torkoal|tox\n|move|p1a: Torkoal|Will-O-Wisp|p2a: Clodsire\n|-status|p2a: Clodsire|brn\n|\n|-weather|SunnyDay|[upkeep]\n|-heal|p2a: Clodsire|100/100 brn|[from] item: Black Sludge\n|-damage|p1a: Torkoal|64/100 tox|[from] psn\n|-damage|p2a: Clodsire|94/100 brn|[from] brn\n|upkeep\n|turn|12\n|\n|t:|1771194854\n|switch|p1a: Hoopa|Hoopa-Unbound|100/100\n|move|p2a: Clodsire|Toxic|p1a: Hoopa\n|-status|p1a: Hoopa|tox\n|\n|-weather|SunnyDay|[upkeep]\n|-heal|p2a: Clodsire|100/100 brn|[from] item: Black Sludge\n|-damage|p1a: Hoopa|94/100 tox|[from] psn\n|-damage|p2a: Clodsire|94/100 brn|[from] brn\n|upkeep\n|turn|13\n|\n|t:|1771194864\n|switch|p2a: Man|Mandibuzz, F, shiny|100/100\n|move|p1a: Hoopa|Hyperspace Fury|p2a: Man\n|-resisted|p2a: Man\n|-damage|p2a: Man|74/100\n|-unboost|p1a: Hoopa|def|1\n|-damage|p1a: Hoopa|85/100 tox|[from] item: Life Orb\n|\n|-weather|SunnyDay|[upkeep]\n|-damage|p1a: Hoopa|72/100 tox|[from] psn\n|upkeep\n|turn|14\n|\n|t:|1771194873\n|switch|p1a: Exeggutor|Exeggutor-Alola, F|100/100\n|-item|p2a: Man|Heavy-Duty Boots|[from] ability: Frisk|[of] p1a: Exeggutor\n|move|p2a: Man|Defog|p1a: Exeggutor\n|-unboost|p1a: Exeggutor|evasion|1\n|-sideend|p2: blackddarkness|Stealth Rock|[from] move: Defog|[of] p2a: Man\n|\n|-weather|SunnyDay|[upkeep]\n|upkeep\n|turn|15\n|\n|t:|1771194896\n|move|p2a: Man|Roost|p2a: Man\n|-heal|p2a: Man|100/100\n|-singleturn|p2a: Man|move: Roost\n|move|p1a: Exeggutor|Draco Meteor|p2a: Man\n|-damage|p2a: Man|42/100\n|-unboost|p1a: Exeggutor|spa|2\n|\n|-weather|SunnyDay|[upkeep]\n|upkeep\n|turn|16\n|\n|t:|1771194908\n|move|p2a: Man|Roost|p2a: Man\n|-heal|p2a: Man|92/100\n|-singleturn|p2a: Man|move: Roost\n|move|p1a: Exeggutor|Trick Room|p1a: Exeggutor\n|-fieldstart|move: Trick Room|[of] p1a: Exeggutor\n|\n|-weather|none\n|upkeep\n|turn|17\n|\n|t:|1771194919\n|switch|p1a: Torkoal|Torkoal, F|64/100 tox\n|-weather|SunnyDay|[from] ability: Drought|[of] p1a: Torkoal\n|move|p2a: Man|Iron Defense|p2a: Man\n|-boost|p2a: Man|def|2\n|\n|-weather|SunnyDay|[upkeep]\n|-damage|p1a: Torkoal|58/100 tox|[from] psn\n|upkeep\n|turn|18\n|\n|t:|1771194930\n|switch|p2a: Clodsire|Clodsire, M, shiny|94/100 brn\n|move|p1a: Torkoal|Will-O-Wisp|p2a: Clodsire\n|-fail|p2a: Clodsire|brn\n|\n|-weather|SunnyDay|[upkeep]\n|-heal|p2a: Clodsire|100/100 brn|[from] item: Black Sludge\n|-damage|p1a: Torkoal|46/100 tox|[from] psn\n|-damage|p2a: Clodsire|94/100 brn|[from] brn\n|upkeep\n|turn|19\n|\n|t:|1771194940\n|move|p1a: Torkoal|Stealth Rock|p2a: Clodsire\n|-sidestart|p2: blackddarkness|move: Stealth Rock\n|move|p2a: Clodsire|Earthquake|p1a: Torkoal\n|-supereffective|p1a: Torkoal\n|-damage|p1a: Torkoal|31/100 tox\n|\n|-weather|SunnyDay|[upkeep]\n|-heal|p2a: Clodsire|100/100 brn|[from] item: Black Sludge\n|-damage|p1a: Torkoal|13/100 tox|[from] psn\n|-damage|p2a: Clodsire|94/100 brn|[from] brn\n|upkeep\n|turn|20\n|\n|t:|1771194951\n|switch|p1a: Exeggutor|Exeggutor-Alola, F|100/100\n|-item|p2a: Clodsire|Black Sludge|[from] ability: Frisk|[of] p1a: Exeggutor\n|move|p2a: Clodsire|Earthquake|p1a: Exeggutor\n|-resisted|p1a: Exeggutor\n|-damage|p1a: Exeggutor|94/100\n|\n|-weather|SunnyDay|[upkeep]\n|-heal|p2a: Clodsire|100/100 brn|[from] item: Black Sludge\n|-damage|p2a: Clodsire|94/100 brn|[from] brn\n|-fieldend|move: Trick Room\n|upkeep\n|turn|21\n|\n|t:|1771194962\n|-zpower|p1a: Exeggutor\n|move|p1a: Exeggutor|Bloom Doom|p2a: Clodsire|[zeffect]\n|-damage|p2a: Clodsire|37/100 brn\n|move|p2a: Clodsire|Toxic|p1a: Exeggutor\n|-status|p1a: Exeggutor|tox\n|\n|-weather|SunnyDay|[upkeep]\n|-heal|p2a: Clodsire|44/100 brn|[from] item: Black Sludge\n|-damage|p1a: Exeggutor|88/100 tox|[from] psn\n|-damage|p2a: Clodsire|37/100 brn|[from] brn\n|upkeep\n|turn|22\n|\n|t:|1771194974\n|move|p1a: Exeggutor|Solar Beam||[still]\n|-prepare|p1a: Exeggutor|Solar Beam\n|-anim|p1a: Exeggutor|Solar Beam|p2a: Clodsire\n|-damage|p2a: Clodsire|0 fnt\n|faint|p2a: Clodsire\n|\n|-weather|SunnyDay|[upkeep]\n|-damage|p1a: Exeggutor|75/100 tox|[from] psn\n|upkeep\n|\n|t:|1771194988\n|switch|p2a: Man|Mandibuzz, F, shiny|92/100\n|turn|23\n|\n|t:|1771194994\n|move|p2a: Man|Defog|p1a: Exeggutor\n|-unboost|p1a: Exeggutor|evasion|1\n|-sideend|p2: blackddarkness|Stealth Rock|[from] move: Defog|[of] p2a: Man\n|move|p1a: Exeggutor|Trick Room|p1a: Exeggutor\n|-fieldstart|move: Trick Room|[of] p1a: Exeggutor\n|\n|-weather|SunnyDay|[upkeep]\n|-damage|p1a: Exeggutor|57/100 tox|[from] psn\n|upkeep\n|turn|24\n|\n|t:|1771195005\n|move|p1a: Exeggutor|Draco Meteor|p2a: Man\n|-damage|p2a: Man|32/100\n|-unboost|p1a: Exeggutor|spa|2\n|move|p2a: Man|Roost|p2a: Man\n|-heal|p2a: Man|82/100\n|-singleturn|p2a: Man|move: Roost\n|\n|-weather|none\n|-damage|p1a: Exeggutor|33/100 tox|[from] psn\n|upkeep\n|turn|25\n|\n|t:|1771195027\n|switch|p1a: Torkoal|Torkoal, F|13/100 tox\n|-weather|SunnyDay|[from] ability: Drought|[of] p1a: Torkoal\n|move|p2a: Man|Foul Play|p1a: Torkoal\n|-crit|p1a: Torkoal\n|-damage|p1a: Torkoal|0 fnt\n|faint|p1a: Torkoal\n|\n|-weather|SunnyDay|[upkeep]\n|upkeep\n|\n|t:|1771195040\n|switch|p1a: Ursaluna|Ursaluna, F|27/100 psn\n|turn|26\n|\n|t:|1771195061\n|switch|p2a: Ogerpon|Ogerpon-Wellspring, F|100/100\n|move|p1a: Ursaluna|Facade|p2a: Ogerpon\n|-damage|p2a: Ogerpon|0 fnt\n|faint|p2a: Ogerpon\n|\n|-weather|SunnyDay|[upkeep]\n|-damage|p1a: Ursaluna|15/100 psn|[from] psn\n|upkeep\n|\n|t:|1771195069\n|switch|p2a: Slowking|Slowking-Galar, M|100/100\n|turn|27\n|\n|t:|1771195076\n|move|p1a: Ursaluna|Facade|p2a: Slowking\n|-damage|p2a: Slowking|0 fnt\n|faint|p2a: Slowking\n|\n|-weather|SunnyDay|[upkeep]\n|-damage|p1a: Ursaluna|3/100 psn|[from] psn\n|-fieldend|move: Trick Room\n|upkeep\n|\n|t:|1771195083\n|switch|p2a: Man|Mandibuzz, F, shiny|82/100\n|turn|28\n|\n|t:|1771195105\n|switch|p1a: Exeggutor|Exeggutor-Alola, F|33/100 tox\n|-item|p2a: Man|Heavy-Duty Boots|[from] ability: Frisk|[of] p1a: Exeggutor\n|move|p2a: Man|Foul Play|p1a: Exeggutor\n|-damage|p1a: Exeggutor|3/100 tox\n|\n|-weather|SunnyDay|[upkeep]\n|-damage|p1a: Exeggutor|0 fnt|[from] psn\n|faint|p1a: Exeggutor\n|upkeep\n|\n|t:|1771195114\n|switch|p1a: Slowbro|Slowbro, M|100/100\n|turn|29\n|\n|t:|1771195118\n|detailschange|p1a: Slowbro|Slowbro-Mega, M\n|-mega|p1a: Slowbro|Slowbro|Slowbronite\n|move|p2a: Man|Iron Defense|p2a: Man\n|-boost|p2a: Man|def|2\n|move|p1a: Slowbro|Flamethrower|p2a: Man\n|-crit|p2a: Man\n|-damage|p2a: Man|21/100\n|\n|-weather|SunnyDay|[upkeep]\n|upkeep\n|turn|30\n|\n|t:|1771195128\n|move|p2a: Man|Roost|p2a: Man\n|-heal|p2a: Man|71/100\n|-singleturn|p2a: Man|move: Roost\n|move|p1a: Slowbro|Flamethrower|p2a: Man\n|-damage|p2a: Man|29/100\n|\n|-weather|SunnyDay|[upkeep]\n|upkeep\n|turn|31\n|\n|t:|1771195136\n|move|p2a: Man|Roost|p2a: Man\n|-heal|p2a: Man|79/100\n|-singleturn|p2a: Man|move: Roost\n|move|p1a: Slowbro|Flamethrower|p2a: Man\n|-damage|p2a: Man|36/100\n|\n|-weather|SunnyDay|[upkeep]\n|upkeep\n|turn|32\n|\n|t:|1771195143\n|move|p2a: Man|Roost|p2a: Man\n|-heal|p2a: Man|86/100\n|-singleturn|p2a: Man|move: Roost\n|move|p1a: Slowbro|Flamethrower|p2a: Man\n|-damage|p2a: Man|44/100\n|\n|-weather|none\n|upkeep\n|turn|33\n|\n|t:|1771195151\n|move|p2a: Man|Roost|p2a: Man\n|-heal|p2a: Man|94/100\n|-singleturn|p2a: Man|move: Roost\n|move|p1a: Slowbro|Surf|p2a: Man\n|-damage|p2a: Man|51/100\n|\n|upkeep\n|turn|34\n|\n|t:|1771195166\n|move|p2a: Man|Foul Play|p1a: Slowbro\n|-supereffective|p1a: Slowbro\n|-damage|p1a: Slowbro|76/100\n|move|p1a: Slowbro|Trick Room|p1a: Slowbro\n|-fieldstart|move: Trick Room|[of] p1a: Slowbro\n|\n|upkeep\n|turn|35\n|\n|t:|1771195172\n|move|p1a: Slowbro|Surf|p2a: Man\n|-damage|p2a: Man|8/100\n|move|p2a: Man|Roost|p2a: Man\n|-heal|p2a: Man|58/100\n|-singleturn|p2a: Man|move: Roost\n|\n|upkeep\n|turn|36\n|-message|blackddarkness forfeited.\n|\n|win|dicolibri\n|raw|dicolibri's rating: 1769 &rarr; <strong>1784</strong><br />(+15 for winning)\n|raw|blackddarkness's rating: 1676 &rarr; <strong>1661</strong><br />(-15 for losing)\n|l|☆blackddarkness\n|player|p2|\n|l|☆dicolibri\n|player|p1|\n", "uploadtime": 1771195433, "views": 8, "formatid": "gen9nationaldex", "rating": 1661, "private": 0, "password": null}