{"id": "gen9nationaldex-2540438662", "format": "[Gen 9] National Dex", "players": ["Cerberus 17", "kidd0s2"], "log": "|j|☆Cerberus 17\n|j|☆kidd0s2\n|t:|1771202091\n|gametype|singles\n|player|p1|Cerberus 17|cynthia-gen4|1689\n|player|p2|kidd0s2|channeler-gen3|1676\n|gen|9\n|tier|[Gen 9] National Dex\n|rated|\n|rule|HP Percentage Mod: HP is shown in percentages\n|rule|Endless Battle Clause: Forcing endless battles is banned\n|rule|Species Clause: Limit one of each Pokémon\n|rule|OHKO Clause: OHKO moves are banned\n|rule|Evasion Clause: Evasion abilities, items, and moves are banned\n|rule|Evasion Abilities Clause: Evasion abilities are banned\n|rule|Evasion Items Clause: Evasion items are banned\n|rule|Evasion Moves Clause: Evasion moves are banned\n|rule|Sleep Clause Mod: Limit one foe put to sleep\n|rule|Terastal Clause: You cannot Terastallize\n|clearpoke\n|poke|p1|Tyranitar, F|\n|poke|p1|Kartana|\n|poke|p1|Diancie|\n|poke|p1|Excadrill, F|\n|poke|p1|Sinistcha-Masterpiece|\n|poke|p1|Kommo-o, M|\n|poke|p2|Ceruledge, M|\n|poke|p2|Hatterene, F|\n|poke|p2|Ting-Lu|\n|poke|p2|Urshifu-*, F|\n|poke|p2|Corviknight, M|\n|poke|p2|Latios, M|\n|teampreview\n|inactive|Battle timer is ON: inactive players will automatically lose when time's up. (requested by Cerberus 17)\n|inactive|kidd0s2 has 120 seconds left.\n|\n|t:|1771202123\n|teamsize|p1|6\n|teamsize|p2|6\n|start\n|switch|p1a: Excadrill|Excadrill, F|100/100\n|switch|p2a: Corviknight|Corviknight, M|100/100\n|-ability|p2a: Corviknight|Pressure\n|turn|1\n|\n|t:|1771202131\n|switch|p1a: Sinistcha|Sinistcha-Masterpiece|100/100\n|move|p2a: Corviknight|U-turn|p1a: Sinistcha\n|-damage|p1a: Sinistcha|91/100\n|\n|t:|1771202136\n|switch|p2a: Ceruledge|Ceruledge, M|100/100|[from] U-turn\n|\n|-heal|p1a: Sinistcha|97/100|[from] item: Leftovers\n|upkeep\n|turn|2\n|\n|t:|1771202146\n|switch|p2a: Urshifu|Urshifu-Rapid-Strike, F|100/100\n|move|p1a: Sinistcha|Scald|p2a: Urshifu\n|-resisted|p2a: Urshifu\n|-damage|p2a: Urshifu|83/100\n|\n|-heal|p1a: Sinistcha|100/100|[from] item: Leftovers\n|upkeep\n|turn|3\n|\n|t:|1771202153\n|move|p2a: Urshifu|U-turn|p1a: Sinistcha\n|-damage|p1a: Sinistcha|85/100\n|\n|t:|1771202156\n|switch|p2a: Corviknight|Corviknight, M|100/100|[from] U-turn\n|-ability|p2a: Corviknight|Pressure\n|move|p1a: Sinistcha|Matcha Gotcha|p2a: Corviknight\n|-resisted|p2a: Corviknight\n|-damage|p2a: Corviknight|93/100\n|-heal|p1a: Sinistcha|89/100|[from] drain|[of] p2a: Corviknight\n|-status|p2a: Corviknight|brn\n|\n|-heal|p1a: Sinistcha|95/100|[from] item: Leftovers\n|-damage|p2a: Corviknight|87/100 brn|[from] brn\n|upkeep\n|turn|4\n|\n|t:|1771202161\n|move|p1a: Sinistcha|Calm Mind|p1a: Sinistcha\n|-boost|p1a: Sinistcha|spa|1\n|-boost|p1a: Sinistcha|spd|1\n|move|p2a: Corviknight|Brave Bird|p1a: Sinistcha\n|-supereffective|p1a: Sinistcha\n|-damage|p1a: Sinistcha|70/100\n|-damage|p2a: Corviknight|80/100 brn|[from] Recoil\n|\n|-heal|p1a: Sinistcha|77/100|[from] item: Leftovers\n|-damage|p2a: Corviknight|74/100 brn|[from] brn\n|upkeep\n|turn|5\n|\n|t:|1771202168\n|move|p1a: Sinistcha|Calm Mind|p1a: Sinistcha\n|-boost|p1a: Sinistcha|spa|1\n|-boost|p1a: Sinistcha|spd|1\n|move|p2a: Corviknight|U-turn|p1a: Sinistcha\n|-damage|p1a: Sinistcha|71/100\n|\n|t:|1771202170\n|switch|p2a: Ceruledge|Ceruledge, M|100/100|[from] U-turn\n|\n|-heal|p1a: Sinistcha|77/100|[from] item: Leftovers\n|upkeep\n|turn|6\n|\n|t:|1771202177\n|switch|p1a: Tyranitar|Tyranitar, F|100/100\n|-weather|Sandstorm|[from] ability: Sand Stream|[of] p1a: Tyranitar\n|-zpower|p2a: Ceruledge\n|move|p2a: Ceruledge|Never-Ending Nightmare|p1a: Tyranitar|[zeffect]\n|-resisted|p1a: Tyranitar\n|-damage|p1a: Tyranitar|63/100\n|\n|-weather|Sandstorm|[upkeep]\n|-damage|p2a: Ceruledge|94/100|[from] Sandstorm\n|upkeep\n|turn|7\n|\n|t:|1771202188\n|switch|p1a: Diancie|Diancie|100/100\n|move|p2a: Ceruledge|Swords Dance|p2a: Ceruledge\n|-boost|p2a: Ceruledge|atk|2\n|\n|-weather|Sandstorm|[upkeep]\n|-damage|p2a: Ceruledge|88/100|[from] Sandstorm\n|upkeep\n|turn|8\n|\n|t:|1771202196\n|switch|p2a: Ting-Lu|Ting-Lu|100/100\n|-ability|p2a: Ting-Lu|Vessel of Ruin\n|detailschange|p1a: Diancie|Diancie-Mega\n|-mega|p1a: Diancie|Diancie|Diancite\n|move|p1a: Diancie|Diamond Storm|p2a: Ting-Lu\n|-resisted|p2a: Ting-Lu\n|-crit|p2a: Ting-Lu\n|-damage|p2a: Ting-Lu|79/100\n|-boost|p1a: Diancie|def|2\n|\n|-weather|Sandstorm|[upkeep]\n|-heal|p2a: Ting-Lu|85/100|[from] item: Leftovers\n|upkeep\n|turn|9\n|\n|t:|1771202205\n|move|p1a: Diancie|Stealth Rock|p2a: Ting-Lu\n|-sidestart|p2: kidd0s2|move: Stealth Rock\n|move|p2a: Ting-Lu|Ruination|p1a: Diancie\n|-damage|p1a: Diancie|51/100\n|\n|-weather|Sandstorm|[upkeep]\n|-heal|p2a: Ting-Lu|91/100|[from] item: Leftovers\n|upkeep\n|turn|10\n|\n|t:|1771202216\n|switch|p1a: Kommo-o|Kommo-o, M|100/100\n|move|p2a: Ting-Lu|Earthquake|p1a: Kommo-o\n|-damage|p1a: Kommo-o|62/100\n|\n|-weather|Sandstorm|[upkeep]\n|-damage|p1a: Kommo-o|56/100|[from] Sandstorm\n|-heal|p2a: Ting-Lu|97/100|[from] item: Leftovers\n|upkeep\n|turn|11\n|\n|t:|1771202222\n|switch|p2a: Hatterene|Hatterene, F|100/100\n|-damage|p2a: Hatterene|88/100|[from] Stealth Rock\n|move|p1a: Kommo-o|Poison Jab|p2a: Hatterene\n|-supereffective|p2a: Hatterene\n|-damage|p2a: Hatterene|56/100\n|\n|-weather|Sandstorm|[upkeep]\n|-damage|p1a: Kommo-o|50/100|[from] Sandstorm\n|-damage|p2a: Hatterene|50/100|[from] Sandstorm\n|-heal|p2a: Hatterene|56/100|[from] item: Leftovers\n|upkeep\n|turn|12\n|\n|t:|1771202238\n|switch|p1a: Excadrill|Excadrill, F|100/100\n|move|p2a: Hatterene|Draining Kiss|p1a: Excadrill\n|-resisted|p1a: Excadrill\n|-damage|p1a: Excadrill|86/100\n|-heal|p2a: Hatterene|68/100|[from] drain|[of] p1a: Excadrill\n|\n|-weather|Sandstorm|[upkeep]\n|-damage|p2a: Hatterene|62/100|[from] Sandstorm\n|-heal|p2a: Hatterene|68/100|[from] item: Leftovers\n|upkeep\n|turn|13\n|\n|t:|1771202251\n|switch|p1a: Diancie|Diancie-Mega|51/100\n|switch|p2a: Corviknight|Corviknight, M|74/100 brn\n|-damage|p2a: Corviknight|62/100 brn|[from] Stealth Rock\n|-ability|p2a: Corviknight|Pressure\n|\n|-weather|none\n|-damage|p2a: Corviknight|56/100 brn|[from] brn\n|upkeep\n|turn|14\n|\n|t:|1771202257\n|move|p1a: Diancie|Mystical Fire|p2a: Corviknight\n|-supereffective|p2a: Corviknight\n|-damage|p2a: Corviknight|0 fnt\n|faint|p2a: Corviknight\n|\n|upkeep\n|\n|t:|1771202261\n|switch|p2a: Urshifu|Urshifu-Rapid-Strike, F|83/100\n|-damage|p2a: Urshifu|77/100|[from] Stealth Rock\n|turn|15\n|\n|t:|1771202266\n|switch|p1a: Sinistcha|Sinistcha-Masterpiece|77/100\n|move|p2a: Urshifu|Surging Strikes|p1a: Sinistcha\n|-resisted|p1a: Sinistcha\n|-crit|p1a: Sinistcha\n|-damage|p1a: Sinistcha|70/100\n|-resisted|p1a: Sinistcha\n|-crit|p1a: Sinistcha\n|-damage|p1a: Sinistcha|64/100\n|-resisted|p1a: Sinistcha\n|-crit|p1a: Sinistcha\n|-damage|p1a: Sinistcha|56/100\n|-hitcount|p1a: Sinistcha|3\n|\n|-heal|p1a: Sinistcha|62/100|[from] item: Leftovers\n|upkeep\n|turn|16\n|-message|kidd0s2 forfeited.\n|\n|win|Cerberus 17\n|raw|Cerberus 17's rating: 1689 &rarr; <strong>1708</strong><br />(+19 for winning)\n|raw|kidd0s2's rating: 1676 &rarr; <strong>1657</strong><br />(-19 for losing)\n|l|☆kidd0s2\n|player|p2|\n|l|☆Cerberus 17\n|player|p1|\n", "uploadtime": 1771202458, "views": 8, "formatid": "gen9nationaldex", "rating": 1657, "private": 0, "password": null}