{"id": "gen9nationaldex-2540268979", "format": "[Gen 9] National Dex", "players": ["pat25", "cladfvv"], "log": "|j|☆pat25\n|j|☆cladfvv\n|t:|1771182818\n|gametype|singles\n|player|p1|pat25|ghetsis|1612\n|player|p2|cladfvv|265|1756\n|gen|9\n|tier|[Gen 9] National Dex\n|rated|\n|rule|HP Percentage Mod: HP is shown in percentages\n|rule|Endless Battle Clause: Forcing endless battles is banned\n|rule|Species Clause: Limit one of each Pokémon\n|rule|OHKO Clause: OHKO moves are banned\n|rule|Evasion Clause: Evasion abilities, items, and moves are banned\n|rule|Evasion Abilities Clause: Evasion abilities are banned\n|rule|Evasion Items Clause: Evasion items are banned\n|rule|Evasion Moves Clause: Evasion moves are banned\n|rule|Sleep Clause Mod: Limit one foe put to sleep\n|rule|Terastal Clause: You cannot Terastallize\n|clearpoke\n|poke|p1|Sceptile, M|\n|poke|p1|Arctovish|\n|poke|p1|Pecharunt|\n|poke|p1|Hydreigon, M|\n|poke|p1|Slowking-Galar, M|\n|poke|p1|Cetitan, M|\n|poke|p2|Landorus-Therian, M|\n|poke|p2|Tapu Lele|\n|poke|p2|Slowbro, M|\n|poke|p2|Samurott-Hisui, F|\n|poke|p2|Kyurem|\n|poke|p2|Gholdengo|\n|teampreview\n|inactive|Battle timer is ON: inactive players will automatically lose when time's up. (requested by pat25)\n|\n|t:|1771182836\n|teamsize|p1|6\n|teamsize|p2|6\n|start\n|switch|p1a: Sceptile|Sceptile, M|100/100\n|switch|p2a: Slowbro|Slowbro, M|100/100\n|turn|1\n|\n|t:|1771182841\n|switch|p2a: Gholdengo|Gholdengo|100/100\n|move|p1a: Sceptile|Work Up|p1a: Sceptile\n|-boost|p1a: Sceptile|atk|1\n|-boost|p1a: Sceptile|spa|1\n|\n|upkeep\n|turn|2\n|\n|t:|1771182847\n|switch|p2a: Tapu Lele|Tapu Lele|100/100\n|-fieldstart|move: Psychic Terrain|[from] ability: Psychic Surge|[of] p2a: Tapu Lele\n|detailschange|p1a: Sceptile|Sceptile-Mega, M\n|-mega|p1a: Sceptile|Sceptile|Sceptilite\n|move|p1a: Sceptile|Hidden Power|p2a: Tapu Lele\n|-damage|p2a: Tapu Lele|66/100\n|\n|upkeep\n|turn|3\n|\n|t:|1771182852\n|switch|p1a: Slowking|Slowking-Galar, M|100/100\n|move|p2a: Tapu Lele|Moonblast|p1a: Slowking\n|-resisted|p1a: Slowking\n|-damage|p1a: Slowking|87/100\n|-unboost|p1a: Slowking|spa|1\n|\n|upkeep\n|turn|4\n|\n|t:|1771182860\n|switch|p2a: Gholdengo|Gholdengo|100/100\n|-prepare|p1a: Slowking|Chilly Reception|[premajor]\n|move|p1a: Slowking|Chilly Reception|p1a: Slowking\n|-weather|Snowscape\n|j| psi00\n|\n|t:|1771182873\n|switch|p1a: Arctovish|Arctovish|100/100|[from] Chilly Reception\n|\n|-weather|Snowscape|[upkeep]\n|upkeep\n|turn|5\n|\n|t:|1771182880\n|move|p1a: Arctovish|Substitute|p1a: Arctovish\n|-start|p1a: Arctovish|Substitute\n|-damage|p1a: Arctovish|76/100\n|move|p2a: Gholdengo|Thunder Wave||[still]\n|-fail|p2a: Gholdengo\n|\n|-weather|Snowscape|[upkeep]\n|-heal|p1a: Arctovish|82/100|[from] item: Leftovers\n|upkeep\n|turn|6\n|\n|t:|1771182884\n|move|p1a: Arctovish|Fishious Rend|p2a: Gholdengo\n|-damage|p2a: Gholdengo|53/100\n|move|p2a: Gholdengo|Hex|p1a: Arctovish\n|-end|p1a: Arctovish|Substitute\n|\n|-weather|Snowscape|[upkeep]\n|-heal|p1a: Arctovish|88/100|[from] item: Leftovers\n|-heal|p2a: Gholdengo|59/100|[from] item: Leftovers\n|-fieldend|move: Psychic Terrain\n|upkeep\n|turn|7\n|\n|t:|1771182891\n|move|p1a: Arctovish|Substitute|p1a: Arctovish\n|-start|p1a: Arctovish|Substitute\n|-damage|p1a: Arctovish|63/100\n|move|p2a: Gholdengo|Recover|p2a: Gholdengo\n|-heal|p2a: Gholdengo|100/100\n|\n|-weather|Snowscape|[upkeep]\n|-heal|p1a: Arctovish|69/100|[from] item: Leftovers\n|upkeep\n|turn|8\n|\n|t:|1771182896\n|switch|p2a: Slowbro|Slowbro, M|100/100\n|move|p1a: Arctovish|Fishious Rend|p2a: Slowbro\n|-resisted|p2a: Slowbro\n|-damage|p2a: Slowbro|77/100\n|-damage|p1a: Arctovish|53/100|[from] item: Rocky Helmet|[of] p2a: Slowbro\n|\n|-weather|Snowscape|[upkeep]\n|-heal|p1a: Arctovish|59/100|[from] item: Leftovers\n|upkeep\n|turn|9\n|\n|t:|1771182904\n|switch|p2a: Gholdengo|Gholdengo|100/100\n|move|p1a: Arctovish|Freeze-Dry|p2a: Gholdengo\n|-resisted|p2a: Gholdengo\n|-damage|p2a: Gholdengo|91/100\n|\n|-weather|Snowscape|[upkeep]\n|-heal|p1a: Arctovish|65/100|[from] item: Leftovers\n|-heal|p2a: Gholdengo|97/100|[from] item: Leftovers\n|upkeep\n|turn|10\n|\n|t:|1771182906\n|move|p1a: Arctovish|Fishious Rend|p2a: Gholdengo\n|-damage|p2a: Gholdengo|44/100\n|move|p2a: Gholdengo|Hex|p1a: Arctovish\n|-crit|p1a: Arctovish\n|-end|p1a: Arctovish|Substitute\n|\n|-weather|Snowscape|[upkeep]\n|-heal|p1a: Arctovish|72/100|[from] item: Leftovers\n|-heal|p2a: Gholdengo|50/100|[from] item: Leftovers\n|upkeep\n|turn|11\n|\n|t:|1771182912\n|move|p1a: Arctovish|Substitute|p1a: Arctovish\n|-start|p1a: Arctovish|Substitute\n|-damage|p1a: Arctovish|47/100\n|move|p2a: Gholdengo|Recover|p2a: Gholdengo\n|-heal|p2a: Gholdengo|99/100\n|\n|-weather|none\n|-heal|p1a: Arctovish|53/100|[from] item: Leftovers\n|-heal|p2a: Gholdengo|100/100|[from] item: Leftovers\n|upkeep\n|turn|12\n|\n|t:|1771182916\n|move|p1a: Arctovish|Hail|p1a: Arctovish\n|-weather|Hail\n|move|p2a: Gholdengo|Hex|p1a: Arctovish\n|-end|p1a: Arctovish|Substitute\n|\n|-weather|Hail|[upkeep]\n|-damage|p2a: Gholdengo|94/100|[from] Hail\n|-heal|p1a: Arctovish|59/100|[from] item: Leftovers\n|-heal|p2a: Gholdengo|100/100|[from] item: Leftovers\n|upkeep\n|turn|13\n|\n|t:|1771182921\n|move|p1a: Arctovish|Fishious Rend|p2a: Gholdengo\n|-damage|p2a: Gholdengo|48/100\n|move|p2a: Gholdengo|Hex|p1a: Arctovish\n|-damage|p1a: Arctovish|28/100\n|\n|-weather|Hail|[upkeep]\n|-damage|p2a: Gholdengo|42/100|[from] Hail\n|-heal|p1a: Arctovish|34/100|[from] item: Leftovers\n|-heal|p2a: Gholdengo|48/100|[from] item: Leftovers\n|upkeep\n|turn|14\n|\n|t:|1771182931\n|switch|p2a: Slowbro|Slowbro, M|100/100\n|move|p1a: Arctovish|Fishious Rend|p2a: Slowbro\n|-resisted|p2a: Slowbro\n|-damage|p2a: Slowbro|78/100\n|-damage|p1a: Arctovish|18/100|[from] item: Rocky Helmet|[of] p2a: Slowbro\n|\n|-weather|Hail|[upkeep]\n|-damage|p2a: Slowbro|72/100|[from] Hail\n|-heal|p1a: Arctovish|24/100|[from] item: Leftovers\n|upkeep\n|turn|15\n|\n|t:|1771182935\n|switch|p1a: Sceptile|Sceptile-Mega, M|100/100\n|move|p2a: Slowbro|Psychic Noise|p1a: Sceptile\n|-damage|p1a: Sceptile|64/100\n|-start|p1a: Sceptile|move: Heal Block\n|\n|-weather|Hail|[upkeep]\n|-damage|p1a: Sceptile|58/100|[from] Hail\n|-damage|p2a: Slowbro|66/100|[from] Hail\n|upkeep\n|turn|16\n|\n|t:|1771182941\n|move|p1a: Sceptile|Energy Ball|p2a: Slowbro\n|-supereffective|p2a: Slowbro\n|-damage|p2a: Slowbro|0 fnt\n|faint|p2a: Slowbro\n|\n|-weather|none\n|-end|p1a: Sceptile|move: Heal Block\n|upkeep\n|l| psi00\n|\n|t:|1771182947\n|switch|p2a: Tapu Lele|Tapu Lele|66/100\n|-fieldstart|move: Psychic Terrain|[from] ability: Psychic Surge|[of] p2a: Tapu Lele\n|turn|17\n|\n|t:|1771182949\n|switch|p1a: Pecharunt|Pecharunt|100/100\n|move|p2a: Tapu Lele|Psyshock|p1a: Pecharunt\n|-supereffective|p1a: Pecharunt\n|-damage|p1a: Pecharunt|53/100\n|\n|upkeep\n|turn|18\n|\n|t:|1771182959\n|switch|p2a: Samurott|Samurott-Hisui, F|100/100\n|switch|p1a: Hydreigon|Hydreigon, M|100/100\n|\n|upkeep\n|turn|19\n|\n|t:|1771182968\n|move|p1a: Hydreigon|Stealth Rock|p2a: Samurott\n|-sidestart|p2: cladfvv|move: Stealth Rock\n|move|p2a: Samurott|Ceaseless Edge|p1a: Hydreigon\n|-resisted|p1a: Hydreigon\n|-damage|p1a: Hydreigon|80/100\n|-sidestart|p1: pat25|Spikes\n|\n|upkeep\n|turn|20\n|\n|t:|1771182974\n|move|p1a: Hydreigon|U-turn|p2a: Samurott\n|-supereffective|p2a: Samurott\n|-damage|p2a: Samurott|66/100\n|\n|t:|1771182985\n|switch|p1a: Pecharunt|Pecharunt|53/100|[from] U-turn\n|-damage|p1a: Pecharunt|41/100|[from] Spikes\n|move|p2a: Samurott|Ceaseless Edge|p1a: Pecharunt\n|-supereffective|p1a: Pecharunt\n|-damage|p1a: Pecharunt|0 fnt\n|-damage|p2a: Samurott|49/100|[from] item: Rocky Helmet|[of] p1a: Pecharunt\n|-sidestart|p1: pat25|Spikes\n|faint|p1a: Pecharunt\n|\n|upkeep\n|\n|t:|1771182993\n|switch|p1a: Hydreigon|Hydreigon, M|80/100\n|turn|21\n|\n|t:|1771182997\n|move|p1a: Hydreigon|Defog|p2a: Samurott\n|-unboost|p2a: Samurott|evasion|1\n|-sideend|p2: cladfvv|Stealth Rock|[from] move: Defog|[of] p1a: Hydreigon\n|-sideend|p1: pat25|Spikes|[from] move: Defog|[of] p1a: Hydreigon\n|-fieldend|move: Psychic Terrain\n|move|p2a: Samurott|Ceaseless Edge|p1a: Hydreigon\n|-resisted|p1a: Hydreigon\n|-damage|p1a: Hydreigon|60/100\n|-sidestart|p1: pat25|Spikes\n|\n|upkeep\n|turn|22\n|\n|t:|1771183003\n|move|p1a: Hydreigon|U-turn|p2a: Samurott\n|-supereffective|p2a: Samurott\n|-crit|p2a: Samurott\n|-damage|p2a: Samurott|0 fnt\n|faint|p2a: Samurott\n|\n|t:|1771183013\n|switch|p1a: Slowking|Slowking-Galar, M|100/100|[from] U-turn\n|-damage|p1a: Slowking|88/100|[from] Spikes\n|\n|upkeep\n|\n|t:|1771183017\n|switch|p2a: Landorus|Landorus-Therian, M|100/100\n|-ability|p2a: Landorus|Intimidate|boost\n|-unboost|p1a: Slowking|atk|1\n|turn|23\n|\n|t:|1771183019\n|switch|p1a: Hydreigon|Hydreigon, M|60/100\n|move|p2a: Landorus|Earthquake|p1a: Hydreigon\n|-immune|p1a: Hydreigon|[from] ability: Levitate\n|\n|upkeep\n|turn|24\n|\n|t:|1771183023\n|move|p2a: Landorus|Stone Edge|p1a: Hydreigon|[miss]\n|-miss|p2a: Landorus|p1a: Hydreigon\n|move|p1a: Hydreigon|U-turn|p2a: Landorus\n|-resisted|p2a: Landorus\n|-damage|p2a: Landorus|91/100\n|\n|t:|1771183029\n|switch|p1a: Slowking|Slowking-Galar, M|100/100|[from] U-turn\n|-damage|p1a: Slowking|88/100|[from] Spikes\n|\n|upkeep\n|turn|25\n|\n|t:|1771183032\n|switch|p1a: Hydreigon|Hydreigon, M|60/100\n|move|p2a: Landorus|Earthquake|p1a: Hydreigon\n|-immune|p1a: Hydreigon|[from] ability: Levitate\n|\n|upkeep\n|turn|26\n|\n|t:|1771183036\n|move|p2a: Landorus|Stone Edge|p1a: Hydreigon\n|-damage|p1a: Hydreigon|30/100\n|move|p1a: Hydreigon|Stealth Rock|p2a: Landorus\n|-sidestart|p2: cladfvv|move: Stealth Rock\n|\n|upkeep\n|turn|27\n|\n|t:|1771183041\n|move|p2a: Landorus|Stealth Rock|p1a: Hydreigon\n|-sidestart|p1: pat25|move: Stealth Rock\n|move|p1a: Hydreigon|U-turn|p2a: Landorus\n|-resisted|p2a: Landorus\n|-damage|p2a: Landorus|81/100\n|\n|t:|1771183043\n|switch|p1a: Cetitan|Cetitan, M|100/100|[from] U-turn\n|-damage|p1a: Cetitan|88/100|[from] Spikes\n|-damage|p1a: Cetitan|63/100|[from] Stealth Rock\n|\n|upkeep\n|turn|28\n|\n|t:|1771183050\n|switch|p2a: Kyurem|Kyurem|100/100\n|-ability|p2a: Kyurem|Pressure\n|move|p1a: Cetitan|Ice Shard|p2a: Kyurem\n|-damage|p2a: Kyurem|83/100\n|\n|upkeep\n|turn|29\n|\n|t:|1771183056\n|switch|p1a: Slowking|Slowking-Galar, M|100/100\n|-damage|p1a: Slowking|88/100|[from] Spikes\n|-damage|p1a: Slowking|76/100|[from] Stealth Rock\n|move|p2a: Kyurem|Earth Power|p1a: Slowking\n|-supereffective|p1a: Slowking\n|-damage|p1a: Slowking|40/100\n|\n|upkeep\n|turn|30\n|\n|t:|1771183064\n|move|p2a: Kyurem|Earth Power|p1a: Slowking\n|-supereffective|p1a: Slowking\n|-damage|p1a: Slowking|1/100\n|-prepare|p1a: Slowking|Chilly Reception|[premajor]\n|move|p1a: Slowking|Chilly Reception|p1a: Slowking\n|-weather|Snowscape\n|\n|t:|1771183075\n|switch|p1a: Sceptile|Sceptile-Mega, M|58/100|[from] Chilly Reception\n|-damage|p1a: Sceptile|45/100|[from] Spikes\n|-damage|p1a: Sceptile|33/100|[from] Stealth Rock\n|\n|-weather|Snowscape|[upkeep]\n|upkeep\n|turn|31\n|\n|t:|1771183079\n|switch|p2a: Tapu Lele|Tapu Lele|66/100\n|-damage|p2a: Tapu Lele|53/100|[from] Stealth Rock\n|-fieldstart|move: Psychic Terrain|[from] ability: Psychic Surge|[of] p2a: Tapu Lele\n|move|p1a: Sceptile|Dragon Pulse|p2a: Tapu Lele\n|-immune|p2a: Tapu Lele\n|\n|-weather|Snowscape|[upkeep]\n|upkeep\n|turn|32\n|\n|t:|1771183087\n|switch|p1a: Hydreigon|Hydreigon, M|30/100\n|move|p2a: Tapu Lele|Moonblast|p1a: Hydreigon\n|-supereffective|p1a: Hydreigon\n|-damage|p1a: Hydreigon|0 fnt\n|faint|p1a: Hydreigon\n|\n|-weather|Snowscape|[upkeep]\n|upkeep\n|\n|t:|1771183095\n|switch|p1a: Slowking|Slowking-Galar, M|34/100\n|-damage|p1a: Slowking|22/100|[from] Spikes\n|-damage|p1a: Slowking|9/100|[from] Stealth Rock\n|turn|33\n|\n|t:|1771183101\n|move|p2a: Tapu Lele|Moonblast|p1a: Slowking\n|-resisted|p1a: Slowking\n|-damage|p1a: Slowking|0 fnt\n|faint|p1a: Slowking\n|\n|-weather|Snowscape|[upkeep]\n|upkeep\n|\n|t:|1771183105\n|switch|p1a: Arctovish|Arctovish|24/100\n|-damage|p1a: Arctovish|11/100|[from] Spikes\n|-damage|p1a: Arctovish|0 fnt|[from] Stealth Rock\n|faint|p1a: Arctovish\n|\n|t:|1771183107\n|switch|p1a: Cetitan|Cetitan, M|63/100\n|-damage|p1a: Cetitan|51/100|[from] Spikes\n|-damage|p1a: Cetitan|26/100|[from] Stealth Rock\n|-enditem|p1a: Cetitan|Sitrus Berry|[eat]\n|-heal|p1a: Cetitan|51/100|[from] item: Sitrus Berry\n|turn|34\n|l|☆cladfvv\n|inactive|cladfvv disconnected and has a minute to reconnect!\n|player|p2|\n|j|☆cladfvv\n|inactive|cladfvv reconnected and has 120 seconds left.\n|player|p2|cladfvv|265|\n|\n|t:|1771183145\n|move|p1a: Cetitan|Ice Spinner|p2a: Tapu Lele\n|-damage|p2a: Tapu Lele|0 fnt\n|-fieldend|move: Psychic Terrain\n|faint|p2a: Tapu Lele\n|\n|-weather|Snowscape|[upkeep]\n|upkeep\n|\n|t:|1771183148\n|switch|p2a: Kyurem|Kyurem|83/100\n|-ability|p2a: Kyurem|Pressure\n|turn|35\n|\n|t:|1771183155\n|move|p1a: Cetitan|Earthquake|p2a: Kyurem\n|-damage|p2a: Kyurem|61/100\n|move|p2a: Kyurem|Draco Meteor|p1a: Cetitan\n|-damage|p1a: Cetitan|0 fnt\n|-unboost|p2a: Kyurem|spa|2\n|faint|p1a: Cetitan\n|\n|-weather|Snowscape|[upkeep]\n|upkeep\n|\n|t:|1771183161\n|switch|p1a: Sceptile|Sceptile-Mega, M|33/100\n|-damage|p1a: Sceptile|20/100|[from] Spikes\n|-damage|p1a: Sceptile|8/100|[from] Stealth Rock\n|turn|36\n|\n|t:|1771183165\n|move|p1a: Sceptile|Dragon Pulse|p2a: Kyurem\n|-supereffective|p2a: Kyurem\n|-damage|p2a: Kyurem|0 fnt\n|faint|p2a: Kyurem\n|\n|-weather|Snowscape|[upkeep]\n|upkeep\n|\n|t:|1771183166\n|switch|p2a: Gholdengo|Gholdengo|48/100\n|-damage|p2a: Gholdengo|42/100|[from] Stealth Rock\n|turn|37\n|\n|t:|1771183168\n|move|p1a: Sceptile|Hidden Power|p2a: Gholdengo\n|-supereffective|p2a: Gholdengo\n|-damage|p2a: Gholdengo|0 fnt\n|faint|p2a: Gholdengo\n|\n|-weather|none\n|upkeep\n|\n|t:|1771183171\n|switch|p2a: Landorus|Landorus-Therian, M|81/100\n|-damage|p2a: Landorus|69/100|[from] Stealth Rock\n|-ability|p2a: Landorus|Intimidate|boost\n|-unboost|p1a: Sceptile|atk|1\n|turn|38\n|\n|t:|1771183173\n|move|p1a: Sceptile|Energy Ball|p2a: Landorus\n|-damage|p2a: Landorus|2/100\n|move|p2a: Landorus|Earthquake|p1a: Sceptile\n|-resisted|p1a: Sceptile\n|-damage|p1a: Sceptile|0 fnt\n|faint|p1a: Sceptile\n|detailschange|p1: Sceptile|Sceptile, M|[silent]\n|\n|win|cladfvv\n|raw|pat25's rating: 1612 &rarr; <strong>1600</strong><br />(-12 for losing)\n|raw|cladfvv's rating: 1756 &rarr; <strong>1768</strong><br />(+12 for winning)\n|l|☆pat25\n|player|p1|\n|l|☆cladfvv\n|player|p2|\n|j|☆cladfvv\n|player|p2|cladfvv|265|\n|l|☆cladfvv\n|player|p2|\n", "uploadtime": 1771183407, "views": 9, "formatid": "gen9nationaldex", "rating": 1600, "private": 0, "password": null}