{"id": "gen9nationaldex-2540615482", "format": "[Gen 9] National Dex", "players": ["ffuy", "secondchx"], "log": "|j|☆ffuy\n|j|☆secondchx\n|t:|1771227766\n|gametype|singles\n|player|p1|ffuy|1|1573\n|player|p2|secondchx|iono|1592\n|gen|9\n|tier|[Gen 9] National Dex\n|rated|\n|rule|HP Percentage Mod: HP is shown in percentages\n|rule|Endless Battle Clause: Forcing endless battles is banned\n|rule|Species Clause: Limit one of each Pokémon\n|rule|OHKO Clause: OHKO moves are banned\n|rule|Evasion Clause: Evasion abilities, items, and moves are banned\n|rule|Evasion Abilities Clause: Evasion abilities are banned\n|rule|Evasion Items Clause: Evasion items are banned\n|rule|Evasion Moves Clause: Evasion moves are banned\n|rule|Sleep Clause Mod: Limit one foe put to sleep\n|rule|Terastal Clause: You cannot Terastallize\n|clearpoke\n|poke|p1|Diancie|\n|poke|p1|Tyranitar, F|\n|poke|p1|Alomomola, F|\n|poke|p1|Gliscor, F|\n|poke|p1|Urshifu-*, F|\n|poke|p1|Kyurem|\n|poke|p2|Great Tusk|\n|poke|p2|Terapagos, M|\n|poke|p2|Iron Crown|\n|poke|p2|Dragonite, M|\n|poke|p2|Scizor, M|\n|poke|p2|Ogerpon-Wellspring, F|\n|teampreview\n|inactive|Battle timer is ON: inactive players will automatically lose when time's up. (requested by ffuy)\n|inactive|ffuy has 120 seconds left.\n|\n|t:|1771227801\n|teamsize|p1|6\n|teamsize|p2|6\n|start\n|switch|p1a: Alomomola|Alomomola, F|100/100\n|switch|p2a: Scizor|Scizor, M|100/100\n|turn|1\n|\n|t:|1771227808\n|detailschange|p2a: Scizor|Scizor-Mega, M\n|-mega|p2a: Scizor|Scizor|Scizorite\n|move|p2a: Scizor|U-turn|p1a: Alomomola\n|-damage|p1a: Alomomola|78/100\n|\n|t:|1771227813\n|switch|p2a: Ogerpon|Ogerpon-Wellspring, F|100/100|[from] U-turn\n|move|p1a: Alomomola|Flip Turn|p2a: Ogerpon\n|-immune|p2a: Ogerpon|[from] ability: Water Absorb\n|\n|-heal|p1a: Alomomola|84/100|[from] item: Leftovers\n|upkeep\n|turn|2\n|\n|t:|1771227825\n|switch|p1a: Kyurem|Kyurem|100/100\n|-ability|p1a: Kyurem|Pressure\n|move|p2a: Ogerpon|Trailblaze|p1a: Kyurem\n|-resisted|p1a: Kyurem\n|-damage|p1a: Kyurem|87/100\n|-boost|p2a: Ogerpon|spe|1\n|\n|upkeep\n|turn|3\n|\n|t:|1771227835\n|move|p2a: Ogerpon|U-turn|p1a: Kyurem\n|-damage|p1a: Kyurem|62/100\n|\n|t:|1771227843\n|switch|p2a: Scizor|Scizor-Mega, M|100/100|[from] U-turn\n|move|p1a: Kyurem|Freeze-Dry|p2a: Scizor\n|-resisted|p2a: Scizor\n|-damage|p2a: Scizor|81/100\n|\n|upkeep\n|turn|4\n|\n|t:|1771227852\n|switch|p1a: Alomomola|Alomomola, F|100/100\n|move|p2a: Scizor|Swords Dance|p2a: Scizor\n|-boost|p2a: Scizor|atk|2\n|\n|upkeep\n|turn|5\n|\n|t:|1771227859\n|switch|p1a: Urshifu|Urshifu-Rapid-Strike, F|100/100\n|move|p2a: Scizor|U-turn|p1a: Urshifu\n|-resisted|p1a: Urshifu\n|-damage|p1a: Urshifu|52/100\n|\n|t:|1771227867\n|switch|p2a: Terapagos|Terapagos, M|100/100|[from] U-turn\n|-activate|p2a: Terapagos|ability: Tera Shift\n|detailschange|p2a: Terapagos|Terapagos-Terastal, M\n|-heal|p2a: Terapagos|100/100|[silent]\n|\n|-heal|p1a: Urshifu|59/100|[from] item: Leftovers\n|upkeep\n|turn|6\n|\n|t:|1771227886\n|switch|p1a: Tyranitar|Tyranitar, F|100/100\n|-weather|Sandstorm|[from] ability: Sand Stream|[of] p1a: Tyranitar\n|move|p2a: Terapagos|Tera Starstorm|p1a: Tyranitar\n|-resisted|p1a: Tyranitar\n|-damage|p1a: Tyranitar|92/100\n|\n|-weather|Sandstorm|[upkeep]\n|-damage|p2a: Terapagos|94/100|[from] Sandstorm\n|upkeep\n|turn|7\n|\n|t:|1771227896\n|move|p2a: Terapagos|Stealth Rock|p1a: Tyranitar\n|-sidestart|p1: ffuy|move: Stealth Rock\n|move|p1a: Tyranitar|Pursuit|p2a: Terapagos\n|-damage|p2a: Terapagos|75/100\n|\n|-weather|Sandstorm|[upkeep]\n|-damage|p2a: Terapagos|69/100|[from] Sandstorm\n|upkeep\n|turn|8\n|\n|t:|1771227907\n|switch|p2a: Ogerpon|Ogerpon-Wellspring, F|100/100\n|move|p1a: Tyranitar|Knock Off|p2a: Ogerpon\n|-damage|p2a: Ogerpon|62/100\n|\n|-weather|Sandstorm|[upkeep]\n|-damage|p2a: Ogerpon|56/100|[from] Sandstorm\n|upkeep\n|turn|9\n|\n|t:|1771227918\n|switch|p1a: Alomomola|Alomomola, F|100/100\n|-damage|p1a: Alomomola|88/100|[from] Stealth Rock\n|move|p2a: Ogerpon|Power Whip|p1a: Alomomola\n|-supereffective|p1a: Alomomola\n|-damage|p1a: Alomomola|11/100\n|\n|-weather|Sandstorm|[upkeep]\n|-damage|p2a: Ogerpon|50/100|[from] Sandstorm\n|-damage|p1a: Alomomola|4/100|[from] Sandstorm\n|-heal|p1a: Alomomola|11/100|[from] item: Leftovers\n|upkeep\n|turn|10\n|\n|t:|1771227934\n|move|p1a: Alomomola|Protect|p1a: Alomomola\n|-singleturn|p1a: Alomomola|Protect\n|move|p2a: Ogerpon|Trailblaze|p1a: Alomomola\n|-activate|p1a: Alomomola|move: Protect\n|\n|-weather|none\n|-heal|p1a: Alomomola|17/100|[from] item: Leftovers\n|upkeep\n|turn|11\n|\n|t:|1771227943\n|switch|p1a: Gliscor|Gliscor, F|100/100\n|-damage|p1a: Gliscor|88/100|[from] Stealth Rock\n|move|p2a: Ogerpon|Trailblaze|p1a: Gliscor\n|-damage|p1a: Gliscor|66/100\n|-boost|p2a: Ogerpon|spe|1\n|\n|-status|p1a: Gliscor|tox|[from] item: Toxic Orb\n|upkeep\n|turn|12\n|\n|t:|1771227954\n|move|p2a: Ogerpon|Ivy Cudgel|p1a: Gliscor|[anim] Ivy Cudgel Water\n|-supereffective|p1a: Gliscor\n|-crit|p1a: Gliscor\n|-damage|p1a: Gliscor|0 fnt\n|faint|p1a: Gliscor\n|\n|upkeep\n|\n|t:|1771227962\n|switch|p1a: Kyurem|Kyurem|62/100\n|-damage|p1a: Kyurem|37/100|[from] Stealth Rock\n|-ability|p1a: Kyurem|Pressure\n|turn|13\n|-message|ffuy forfeited.\n|\n|win|secondchx\n|raw|ffuy's rating: 1573 &rarr; <strong>1554</strong><br />(-19 for losing)\n|raw|secondchx's rating: 1592 &rarr; <strong>1611</strong><br />(+19 for winning)\n|l|☆ffuy\n|player|p1|\n|l|☆secondchx\n|player|p2|\n", "uploadtime": 1771228203, "views": 10, "formatid": "gen9nationaldex", "rating": 1554, "private": 0, "password": null}