{"id": "gen9nationaldex-2540679429", "format": "[Gen 9] National Dex", "players": ["Arvatiia", "sg pokemon"], "log": "|j|☆Arvatiia\n|j|☆sg pokemon\n|t:|1771239037\n|gametype|singles\n|player|p1|Arvatiia|roxie|1558\n|player|p2|sg pokemon|depotagent|1675\n|gen|9\n|tier|[Gen 9] National Dex\n|rated|\n|rule|HP Percentage Mod: HP is shown in percentages\n|rule|Endless Battle Clause: Forcing endless battles is banned\n|rule|Species Clause: Limit one of each Pokémon\n|rule|OHKO Clause: OHKO moves are banned\n|rule|Evasion Clause: Evasion abilities, items, and moves are banned\n|rule|Evasion Abilities Clause: Evasion abilities are banned\n|rule|Evasion Items Clause: Evasion items are banned\n|rule|Evasion Moves Clause: Evasion moves are banned\n|rule|Sleep Clause Mod: Limit one foe put to sleep\n|rule|Terastal Clause: You cannot Terastallize\n|clearpoke\n|poke|p1|Toxapex, F|\n|poke|p1|Corsola-Galar, F|\n|poke|p1|Clodsire, M|\n|poke|p1|Gliscor, M|\n|poke|p1|Corviknight, F|\n|poke|p1|Slowking-Galar, F|\n|poke|p2|Slowking-Galar, F|\n|poke|p2|Arctozolt|\n|poke|p2|Terapagos, M|\n|poke|p2|Landorus-Therian, M|\n|poke|p2|Tapu Lele|\n|poke|p2|Gyarados, F|\n|teampreview\n|inactive|Battle timer is ON: inactive players will automatically lose when time's up. (requested by sg pokemon)\n|\n|t:|1771239044\n|teamsize|p1|6\n|teamsize|p2|6\n|start\n|switch|p1a: Slowking|Slowking-Galar, F|100/100\n|switch|p2a: Landorus|Landorus-Therian, M|100/100\n|-ability|p2a: Landorus|Intimidate|boost\n|-unboost|p1a: Slowking|atk|1\n|turn|1\n|\n|t:|1771239054\n|move|p2a: Landorus|Earthquake|p1a: Slowking\n|-supereffective|p1a: Slowking\n|-damage|p1a: Slowking|13/100\n|move|p1a: Slowking|Ice Beam|p2a: Landorus\n|-supereffective|p2a: Landorus\n|-damage|p2a: Landorus|4/100\n|\n|upkeep\n|turn|2\n|\n|t:|1771239062\n|switch|p1a: Corsola|Corsola-Galar, F|100/100\n|move|p2a: Landorus|Stealth Rock|p1a: Corsola\n|-sidestart|p1: Arvatiia|move: Stealth Rock\n|\n|upkeep\n|turn|3\n|\n|t:|1771239067\n|move|p2a: Landorus|Taunt|p1a: Corsola\n|-start|p1a: Corsola|move: Taunt\n|cant|p1a: Corsola|move: Taunt|Stealth Rock\n|\n|upkeep\n|turn|4\n|\n|t:|1771239071\n|move|p2a: Landorus|U-turn|p1a: Corsola\n|-resisted|p1a: Corsola\n|-crit|p1a: Corsola\n|-damage|p1a: Corsola|92/100\n|\n|t:|1771239075\n|switch|p2a: Slowking|Slowking-Galar, F|100/100|[from] U-turn\n|move|p1a: Corsola|Night Shade|p2a: Slowking\n|-damage|p2a: Slowking|75/100\n|\n|upkeep\n|turn|5\n|\n|t:|1771239081\n|switch|p1a: Clodsire|Clodsire, M|100/100\n|-damage|p1a: Clodsire|94/100|[from] Stealth Rock\n|-prepare|p2a: Slowking|Chilly Reception|[premajor]\n|move|p2a: Slowking|Chilly Reception|p2a: Slowking\n|-weather|Snowscape\n|\n|t:|1771239087\n|switch|p2a: Arctozolt|Arctozolt|100/100|[from] Chilly Reception\n|\n|-weather|Snowscape|[upkeep]\n|-heal|p1a: Clodsire|100/100|[from] item: Black Sludge\n|upkeep\n|turn|6\n|\n|t:|1771239092\n|switch|p1a: Toxapex|Toxapex, F|100/100\n|-damage|p1a: Toxapex|88/100|[from] Stealth Rock\n|move|p2a: Arctozolt|Icicle Spear|p1a: Toxapex\n|-resisted|p1a: Toxapex\n|-damage|p1a: Toxapex|85/100\n|-resisted|p1a: Toxapex\n|-damage|p1a: Toxapex|81/100\n|-resisted|p1a: Toxapex\n|-damage|p1a: Toxapex|78/100\n|-resisted|p1a: Toxapex\n|-damage|p1a: Toxapex|74/100\n|-resisted|p1a: Toxapex\n|-damage|p1a: Toxapex|70/100\n|-hitcount|p1a: Toxapex|5\n|\n|-weather|Snowscape|[upkeep]\n|-heal|p1a: Toxapex|76/100|[from] item: Black Sludge\n|upkeep\n|turn|7\n|\n|t:|1771239106\n|move|p1a: Toxapex|Baneful Bunker|p1a: Toxapex\n|-singleturn|p1a: Toxapex|move: Protect\n|move|p2a: Arctozolt|Substitute|p2a: Arctozolt\n|-start|p2a: Arctozolt|Substitute\n|-damage|p2a: Arctozolt|76/100\n|\n|-weather|Snowscape|[upkeep]\n|-heal|p1a: Toxapex|82/100|[from] item: Black Sludge\n|upkeep\n|turn|8\n|\n|t:|1771239112\n|switch|p1a: Clodsire|Clodsire, M|100/100\n|-damage|p1a: Clodsire|94/100|[from] Stealth Rock\n|move|p2a: Arctozolt|Bolt Beak|p1a: Clodsire\n|-immune|p1a: Clodsire\n|\n|-weather|Snowscape|[upkeep]\n|-heal|p1a: Clodsire|100/100|[from] item: Black Sludge\n|upkeep\n|turn|9\n|\n|t:|1771239125\n|move|p2a: Arctozolt|Icicle Spear|p1a: Clodsire\n|-supereffective|p1a: Clodsire\n|-damage|p1a: Clodsire|75/100\n|-supereffective|p1a: Clodsire\n|-damage|p1a: Clodsire|50/100\n|-supereffective|p1a: Clodsire\n|-damage|p1a: Clodsire|25/100\n|-supereffective|p1a: Clodsire\n|-damage|p1a: Clodsire|0 fnt\n|faint|p1a: Clodsire\n|-hitcount|p1: Clodsire|4\n|\n|-weather|Snowscape|[upkeep]\n|upkeep\n|\n|t:|1771239134\n|switch|p1a: Toxapex|Toxapex, F|100/100\n|-damage|p1a: Toxapex|88/100|[from] Stealth Rock\n|turn|10\n|\n|t:|1771239139\n|move|p1a: Toxapex|Baneful Bunker|p1a: Toxapex\n|-singleturn|p1a: Toxapex|move: Protect\n|move|p2a: Arctozolt|Icicle Spear|p1a: Toxapex\n|-activate|p1a: Toxapex|move: Protect\n|\n|-weather|Snowscape|[upkeep]\n|-heal|p1a: Toxapex|94/100|[from] item: Black Sludge\n|upkeep\n|turn|11\n|\n|t:|1771239145\n|move|p2a: Arctozolt|Bolt Beak|p1a: Toxapex\n|-supereffective|p1a: Toxapex\n|-damage|p1a: Toxapex|0 fnt\n|faint|p1a: Toxapex\n|\n|-weather|Snowscape|[upkeep]\n|upkeep\n|-message|Arvatiia forfeited.\n|\n|win|sg pokemon\n|raw|Arvatiia's rating: 1558 &rarr; <strong>1544</strong><br />(-14 for losing)\n|raw|sg pokemon's rating: 1675 &rarr; <strong>1689</strong><br />(+14 for winning)\n|l|☆Arvatiia\n|player|p1|\n|l|☆sg pokemon\n|player|p2|\n", "uploadtime": 1771239355, "views": 8, "formatid": "gen9nationaldex", "rating": 1544, "private": 0, "password": null}