{"id": "gen9nationaldex-2540606026", "format": "[Gen 9] National Dex", "players": ["Ashy Tashy", "EZY6666"], "log": "|j|☆Ashy Tashy\n|j|☆EZY6666\n|t:|1771225991\n|gametype|singles\n|player|p1|Ashy Tashy|punkgirl-gen7|1492\n|player|p2|EZY6666|1|1539\n|gen|9\n|tier|[Gen 9] National Dex\n|rated|\n|rule|HP Percentage Mod: HP is shown in percentages\n|rule|Endless Battle Clause: Forcing endless battles is banned\n|rule|Species Clause: Limit one of each Pokémon\n|rule|OHKO Clause: OHKO moves are banned\n|rule|Evasion Clause: Evasion abilities, items, and moves are banned\n|rule|Evasion Abilities Clause: Evasion abilities are banned\n|rule|Evasion Items Clause: Evasion items are banned\n|rule|Evasion Moves Clause: Evasion moves are banned\n|rule|Sleep Clause Mod: Limit one foe put to sleep\n|rule|Terastal Clause: You cannot Terastallize\n|clearpoke\n|poke|p1|Terapagos, M|\n|poke|p1|Landorus-Therian, M|\n|poke|p1|Heatran, F|\n|poke|p1|Tangrowth, M|\n|poke|p1|Melmetal|\n|poke|p1|Manectric, M|\n|poke|p2|Tornadus-Therian, M|\n|poke|p2|Gholdengo|\n|poke|p2|Heatran, F|\n|poke|p2|Gliscor, M|\n|poke|p2|Slowbro, F|\n|poke|p2|Lopunny, M|\n|teampreview\n|inactive|Battle timer is ON: inactive players will automatically lose when time's up. (requested by Ashy Tashy)\n|\n|t:|1771226010\n|teamsize|p1|6\n|teamsize|p2|6\n|start\n|switch|p1a: Manectric|Manectric, M|100/100\n|switch|p2a: Slowbro|Slowbro, F|100/100\n|turn|1\n|\n|t:|1771226030\n|switch|p2a: Gliscor|Gliscor, M|100/100\n|detailschange|p1a: Manectric|Manectric-Mega, M\n|-mega|p1a: Manectric|Manectric|Manectite\n|-ability|p1a: Manectric|Intimidate|boost\n|-unboost|p2a: Gliscor|atk|1\n|move|p1a: Manectric|Thunder|p2a: Gliscor\n|-immune|p2a: Gliscor\n|\n|-status|p2a: Gliscor|tox|[from] item: Toxic Orb\n|upkeep\n|turn|2\n|\n|t:|1771226037\n|move|p1a: Manectric|Hidden Power|p2a: Gliscor\n|-supereffective|p2a: Gliscor\n|-damage|p2a: Gliscor|20/100 tox\n|move|p2a: Gliscor|Swords Dance|p2a: Gliscor\n|-boost|p2a: Gliscor|atk|2\n|\n|-heal|p2a: Gliscor|32/100 tox|[from] ability: Poison Heal\n|upkeep\n|turn|3\n|\n|t:|1771226045\n|move|p1a: Manectric|Hidden Power|p2a: Gliscor\n|-supereffective|p2a: Gliscor\n|-damage|p2a: Gliscor|0 fnt\n|faint|p2a: Gliscor\n|\n|upkeep\n|\n|t:|1771226054\n|switch|p2a: Heatran|Heatran, F|100/100\n|turn|4\n|\n|t:|1771226060\n|move|p1a: Manectric|Volt Switch|p2a: Heatran\n|-damage|p2a: Heatran|76/100\n|\n|t:|1771226064\n|switch|p1a: Landorus|Landorus-Therian, M|100/100|[from] Volt Switch\n|-ability|p1a: Landorus|Intimidate|boost\n|-unboost|p2a: Heatran|atk|1\n|move|p2a: Heatran|Magma Storm|p1a: Landorus\n|-crit|p1a: Landorus\n|-damage|p1a: Landorus|14/100\n|-activate|p1a: Landorus|move: Magma Storm|[of] p2a: Heatran\n|\n|-heal|p2a: Heatran|82/100|[from] item: Leftovers\n|-damage|p1a: Landorus|2/100|[from] move: Magma Storm|[partiallytrapped]\n|upkeep\n|turn|5\n|\n|t:|1771226072\n|move|p2a: Heatran|Protect|p2a: Heatran\n|-singleturn|p2a: Heatran|Protect\n|move|p1a: Landorus|Earthquake|p2a: Heatran\n|-activate|p2a: Heatran|move: Protect\n|\n|-heal|p2a: Heatran|89/100|[from] item: Leftovers\n|-damage|p1a: Landorus|0 fnt|[from] move: Magma Storm|[partiallytrapped]\n|faint|p1a: Landorus\n|upkeep\n|\n|t:|1771226082\n|switch|p1a: Terapagos|Terapagos, M|100/100\n|-activate|p1a: Terapagos|ability: Tera Shift\n|detailschange|p1a: Terapagos|Terapagos-Terastal, M\n|-heal|p1a: Terapagos|100/100|[silent]\n|turn|6\n|\n|t:|1771226087\n|move|p1a: Terapagos|Earth Power|p2a: Heatran\n|-supereffective|p2a: Heatran\n|-damage|p2a: Heatran|24/100\n|move|p2a: Heatran|Magma Storm|p1a: Terapagos\n|-activate|p1a: Terapagos|ability: Tera Shell\n|-resisted|p1a: Terapagos\n|-damage|p1a: Terapagos|78/100\n|-activate|p1a: Terapagos|move: Magma Storm|[of] p2a: Heatran\n|\n|-heal|p2a: Heatran|31/100|[from] item: Leftovers\n|-damage|p1a: Terapagos|66/100|[from] move: Magma Storm|[partiallytrapped]\n|upkeep\n|turn|7\n|\n|t:|1771226093\n|move|p2a: Heatran|Protect|p2a: Heatran\n|-singleturn|p2a: Heatran|Protect\n|move|p1a: Terapagos|Gravity|p1a: Terapagos\n|-fieldstart|move: Gravity\n|\n|-heal|p2a: Heatran|37/100|[from] item: Leftovers\n|-damage|p1a: Terapagos|53/100|[from] move: Magma Storm|[partiallytrapped]\n|upkeep\n|turn|8\n|\n|t:|1771226116\n|switch|p2a: Slowbro|Slowbro, F|100/100\n|move|p1a: Terapagos|Earth Power|p2a: Slowbro\n|-damage|p2a: Slowbro|73/100\n|\n|-end|p1a: Terapagos|Magma Storm|[partiallytrapped]|[silent]\n|upkeep\n|turn|9\n|\n|t:|1771226125\n|move|p1a: Terapagos|Tera Starstorm|p2a: Slowbro\n|-damage|p2a: Slowbro|13/100\n|move|p2a: Slowbro|Toxic|p1a: Terapagos\n|-status|p1a: Terapagos|tox\n|\n|-damage|p1a: Terapagos|47/100 tox|[from] psn\n|upkeep\n|turn|10\n|\n|t:|1771226140\n|switch|p2a: Gholdengo|Gholdengo|100/100\n|move|p1a: Terapagos|Earth Power|p2a: Gholdengo\n|-supereffective|p2a: Gholdengo\n|-damage|p2a: Gholdengo|44/100\n|\n|-damage|p1a: Terapagos|35/100 tox|[from] psn\n|upkeep\n|turn|11\n|\n|t:|1771226151\n|switch|p2a: Tornadus|Tornadus-Therian, M|100/100\n|move|p1a: Terapagos|Earth Power|p2a: Tornadus\n|-damage|p2a: Tornadus|73/100\n|\n|-damage|p1a: Terapagos|17/100 tox|[from] psn\n|-fieldend|move: Gravity\n|upkeep\n|turn|12\n|\n|t:|1771226156\n|move|p2a: Tornadus|U-turn|p1a: Terapagos\n|-damage|p1a: Terapagos|3/100 tox\n|\n|t:|1771226161\n|switch|p2a: Heatran|Heatran, F|37/100|[from] U-turn\n|move|p1a: Terapagos|Tera Starstorm|p2a: Heatran\n|-resisted|p2a: Heatran\n|-damage|p2a: Heatran|20/100\n|\n|-heal|p2a: Heatran|27/100|[from] item: Leftovers\n|-damage|p1a: Terapagos|0 fnt|[from] psn\n|faint|p1a: Terapagos\n|upkeep\n|\n|t:|1771226171\n|switch|p1a: Heatran|Heatran, F|100/100\n|turn|13\n|\n|t:|1771226174\n|move|p1a: Heatran|Earth Power|p2a: Heatran\n|-supereffective|p2a: Heatran\n|-damage|p2a: Heatran|0 fnt\n|faint|p2a: Heatran\n|\n|upkeep\n|\n|t:|1771226183\n|switch|p2a: Lopunny|Lopunny, M|100/100\n|turn|14\n|\n|t:|1771226196\n|switch|p1a: Tangrowth|Tangrowth, M|100/100\n|detailschange|p2a: Lopunny|Lopunny-Mega, M\n|-mega|p2a: Lopunny|Lopunny|Lopunnite\n|move|p2a: Lopunny|Close Combat|p1a: Tangrowth\n|-damage|p1a: Tangrowth|67/100\n|-unboost|p2a: Lopunny|def|1\n|-unboost|p2a: Lopunny|spd|1\n|-damage|p2a: Lopunny|84/100|[from] item: Rocky Helmet|[of] p1a: Tangrowth\n|\n|upkeep\n|turn|15\n|\n|t:|1771226201\n|switch|p2a: Slowbro|Slowbro, F|47/100\n|move|p1a: Tangrowth|Focus Blast|p2a: Slowbro\n|-resisted|p2a: Slowbro\n|-damage|p2a: Slowbro|30/100\n|\n|upkeep\n|turn|16\n|\n|t:|1771226204\n|move|p1a: Tangrowth|Giga Drain|p2a: Slowbro\n|-supereffective|p2a: Slowbro\n|-crit|p2a: Slowbro\n|-damage|p2a: Slowbro|0 fnt\n|-heal|p1a: Tangrowth|82/100|[from] drain|[of] p2a: Slowbro\n|faint|p2a: Slowbro\n|\n|upkeep\n|\n|t:|1771226210\n|switch|p2a: Gholdengo|Gholdengo|44/100\n|turn|17\n|\n|t:|1771226213\n|move|p2a: Gholdengo|Recover|p2a: Gholdengo\n|-heal|p2a: Gholdengo|94/100\n|move|p1a: Tangrowth|Knock Off|p2a: Gholdengo\n|-supereffective|p2a: Gholdengo\n|-damage|p2a: Gholdengo|62/100\n|\n|upkeep\n|turn|18\n|\n|t:|1771226232\n|switch|p1a: Melmetal|Melmetal|100/100\n|move|p2a: Gholdengo|Recover|p2a: Gholdengo\n|-heal|p2a: Gholdengo|100/100\n|\n|upkeep\n|turn|19\n|\n|t:|1771226238\n|move|p2a: Gholdengo|Nasty Plot|p2a: Gholdengo\n|-boost|p2a: Gholdengo|spa|2\n|move|p1a: Melmetal|Earthquake|p2a: Gholdengo\n|-supereffective|p2a: Gholdengo\n|-damage|p2a: Gholdengo|10/100\n|\n|upkeep\n|turn|20\n|c|☆Ashy Tashy|its a roll\n|c|☆Ashy Tashy|ik what ur thinking of\n|c|☆Ashy Tashy|its a roll\n|\n|t:|1771226262\n|move|p2a: Gholdengo|Shadow Ball|p1a: Melmetal\n|-crit|p1a: Melmetal\n|-damage|p1a: Melmetal|26/100\n|move|p1a: Melmetal|Double Iron Bash|p2a: Gholdengo\n|-resisted|p2a: Gholdengo\n|-damage|p2a: Gholdengo|0 fnt\n|faint|p2a: Gholdengo\n|-hitcount|p2: Gholdengo|1\n|\n|upkeep\n|\n|t:|1771226268\n|switch|p2a: Lopunny|Lopunny-Mega, M|84/100\n|turn|21\n|\n|t:|1771226273\n|switch|p2a: Tornadus|Tornadus-Therian, M|100/100\n|move|p1a: Melmetal|Double Iron Bash|p2a: Tornadus\n|-damage|p2a: Tornadus|53/100\n|-damage|p2a: Tornadus|10/100\n|-hitcount|p2a: Tornadus|2\n|\n|upkeep\n|turn|22\n|\n|t:|1771226279\n|move|p2a: Tornadus|Bleakwind Storm|p1a: Melmetal\n|-resisted|p1a: Melmetal\n|-damage|p1a: Melmetal|15/100\n|-unboost|p1a: Melmetal|spe|1\n|move|p1a: Melmetal|Double Iron Bash|p2a: Tornadus\n|-damage|p2a: Tornadus|0 fnt\n|faint|p2a: Tornadus\n|-hitcount|p2: Tornadus|1\n|\n|upkeep\n|\n|t:|1771226282\n|switch|p2a: Lopunny|Lopunny-Mega, M|84/100\n|turn|23\n|\n|t:|1771226286\n|move|p2a: Lopunny|Return|p1a: Melmetal\n|-resisted|p1a: Melmetal\n|-damage|p1a: Melmetal|0 fnt\n|faint|p1a: Melmetal\n|\n|upkeep\n|c|☆Ashy Tashy|gg\n|-message|EZY6666 forfeited.\n|\n|win|Ashy Tashy\n|raw|Ashy Tashy's rating: 1492 &rarr; <strong>1515</strong><br />(+23 for winning)\n|raw|EZY6666's rating: 1539 &rarr; <strong>1516</strong><br />(-23 for losing)\n|l|☆EZY6666\n|player|p2|\n|l|☆Ashy Tashy\n|player|p1|\n", "uploadtime": 1771226301, "views": 20, "formatid": "gen9nationaldex", "rating": 1515, "private": 0, "password": null}