{"id": "gen9nationaldex-2540772791", "format": "[Gen 9] National Dex", "players": ["windowc", "DriftedEx"], "log": "|j|☆windowc\n|j|☆DriftedEx\n|t:|1771252329\n|gametype|singles\n|player|p1|windowc|rosa-pokestar2|1513\n|player|p2|DriftedEx|rocketgrunt|1595\n|gen|9\n|tier|[Gen 9] National Dex\n|rated|\n|rule|HP Percentage Mod: HP is shown in percentages\n|rule|Endless Battle Clause: Forcing endless battles is banned\n|rule|Species Clause: Limit one of each Pokémon\n|rule|OHKO Clause: OHKO moves are banned\n|rule|Evasion Clause: Evasion abilities, items, and moves are banned\n|rule|Evasion Abilities Clause: Evasion abilities are banned\n|rule|Evasion Items Clause: Evasion items are banned\n|rule|Evasion Moves Clause: Evasion moves are banned\n|rule|Sleep Clause Mod: Limit one foe put to sleep\n|rule|Terastal Clause: You cannot Terastallize\n|clearpoke\n|poke|p1|Clamperl, F|\n|poke|p1|Pelipper, M|\n|poke|p1|Araquanid, M|\n|poke|p1|Swampert, F|\n|poke|p1|Basculegion-F, F|\n|poke|p1|Archaludon, F|\n|poke|p2|Ogerpon-Wellspring, F|\n|poke|p2|Dragonite, M|\n|poke|p2|Hatterene, F|\n|poke|p2|Volcarona, M|\n|poke|p2|Diancie|\n|poke|p2|Landorus-Therian, M|\n|teampreview\n|inactive|Battle timer is ON: inactive players will automatically lose when time's up. (requested by DriftedEx)\n|\n|t:|1771252339\n|teamsize|p1|6\n|teamsize|p2|6\n|start\n|switch|p1a: Araquanid|Araquanid, M|100/100\n|switch|p2a: Diancie|Diancie|100/100\n|turn|1\n|\n|t:|1771252366\n|switch|p1a: Swampert|Swampert, F|100/100\n|detailschange|p2a: Diancie|Diancie-Mega\n|-mega|p2a: Diancie|Diancie|Diancite\n|move|p2a: Diancie|Substitute|p2a: Diancie\n|-start|p2a: Diancie|Substitute\n|-damage|p2a: Diancie|76/100\n|\n|upkeep\n|turn|2\n|\n|t:|1771252371\n|detailschange|p1a: Swampert|Swampert-Mega, F\n|-mega|p1a: Swampert|Swampert|Swampertite\n|move|p2a: Diancie|Spikes|p1a: Swampert\n|-sidestart|p1: windowc|Spikes\n|move|p1a: Swampert|Flip Turn|p2a: Diancie\n|-supereffective|p2a: Diancie\n|-end|p2a: Diancie|Substitute\n|\n|t:|1771252385\n|switch|p1a: Araquanid|Araquanid, M|100/100|[from] Flip Turn\n|-damage|p1a: Araquanid|88/100|[from] Spikes\n|\n|upkeep\n|turn|3\n|\n|t:|1771252387\n|move|p2a: Diancie|Substitute|p2a: Diancie\n|-start|p2a: Diancie|Substitute\n|-damage|p2a: Diancie|51/100\n|move|p1a: Araquanid|Liquidation|p2a: Diancie\n|-supereffective|p2a: Diancie\n|-end|p2a: Diancie|Substitute\n|\n|upkeep\n|turn|4\n|\n|t:|1771252392\n|move|p2a: Diancie|Spikes|p1a: Araquanid\n|-sidestart|p1: windowc|Spikes\n|move|p1a: Araquanid|Liquidation|p2a: Diancie\n|-supereffective|p2a: Diancie\n|-damage|p2a: Diancie|0 fnt\n|faint|p2a: Diancie\n|detailschange|p2: Diancie|Diancie|[silent]\n|\n|upkeep\n|\n|t:|1771252412\n|switch|p2a: Ogerpon|Ogerpon-Wellspring, F|100/100\n|turn|5\n|\n|t:|1771252417\n|switch|p2a: Hatterene|Hatterene, F|100/100\n|move|p1a: Araquanid|Leech Life|p2a: Hatterene\n|-damage|p2a: Hatterene|75/100\n|-heal|p1a: Araquanid|99/100|[from] drain|[of] p2a: Hatterene\n|\n|-heal|p2a: Hatterene|81/100|[from] item: Leftovers\n|upkeep\n|turn|6\n|\n|t:|1771252435\n|move|p1a: Araquanid|Liquidation|p2a: Hatterene\n|-damage|p2a: Hatterene|32/100\n|move|p2a: Hatterene|Calm Mind|p2a: Hatterene\n|-boost|p2a: Hatterene|spa|1\n|-boost|p2a: Hatterene|spd|1\n|\n|-heal|p2a: Hatterene|38/100|[from] item: Leftovers\n|upkeep\n|turn|7\n|\n|t:|1771252440\n|switch|p2a: Ogerpon|Ogerpon-Wellspring, F|100/100\n|move|p1a: Araquanid|Liquidation|p2a: Ogerpon\n|-immune|p2a: Ogerpon|[from] ability: Water Absorb\n|\n|upkeep\n|turn|8\n|\n|t:|1771252441\n|move|p2a: Ogerpon|Swords Dance|p2a: Ogerpon\n|-boost|p2a: Ogerpon|atk|2\n|move|p1a: Araquanid|Leech Life|p2a: Ogerpon\n|-supereffective|p2a: Ogerpon\n|-damage|p2a: Ogerpon|18/100\n|-heal|p1a: Araquanid|100/100|[from] drain|[of] p2a: Ogerpon\n|\n|upkeep\n|turn|9\n|\n|t:|1771252446\n|move|p1a: Araquanid|Endure|p1a: Araquanid\n|-singleturn|p1a: Araquanid|move: Endure\n|move|p2a: Ogerpon|Power Whip|p1a: Araquanid\n|-activate|p1a: Araquanid|move: Endure\n|-damage|p1a: Araquanid|1/100\n|\n|upkeep\n|turn|10\n|-enditem|p1a: Araquanid|Custap Berry|[eat]\n|-activate|p1a: Araquanid|item: Custap Berry|[consumed]\n|\n|t:|1771252449\n|switch|p2a: Hatterene|Hatterene, F|38/100\n|move|p1a: Araquanid|Leech Life|p2a: Hatterene\n|-damage|p2a: Hatterene|13/100\n|-heal|p1a: Araquanid|12/100|[from] drain|[of] p2a: Hatterene\n|\n|-heal|p2a: Hatterene|19/100|[from] item: Leftovers\n|upkeep\n|turn|11\n|\n|t:|1771252456\n|move|p1a: Araquanid|Leech Life|p2a: Hatterene\n|-damage|p2a: Hatterene|0 fnt\n|-heal|p1a: Araquanid|21/100|[from] drain|[of] p2a: Hatterene\n|faint|p2a: Hatterene\n|\n|upkeep\n|\n|t:|1771252459\n|switch|p2a: Dragonite|Dragonite, M|100/100\n|turn|12\n|\n|t:|1771252467\n|switch|p1a: Pelipper|Pelipper, M|100/100\n|-weather|RainDance|[from] ability: Drizzle|[of] p1a: Pelipper\n|move|p2a: Dragonite|Substitute|p2a: Dragonite\n|-start|p2a: Dragonite|Substitute\n|-damage|p2a: Dragonite|76/100\n|\n|-weather|RainDance|[upkeep]\n|upkeep\n|turn|13\n|\n|t:|1771252476\n|move|p2a: Dragonite|Dragon Dance|p2a: Dragonite\n|-boost|p2a: Dragonite|atk|1\n|-boost|p2a: Dragonite|spe|1\n|move|p1a: Pelipper|U-turn|p2a: Dragonite\n|-resisted|p2a: Dragonite\n|-activate|p2a: Dragonite|move: Substitute|[damage]\n|\n|t:|1771252477\n|switch|p1a: Swampert|Swampert-Mega, F|100/100|[from] U-turn\n|-damage|p1a: Swampert|84/100|[from] Spikes\n|\n|-weather|RainDance|[upkeep]\n|upkeep\n|turn|14\n|\n|t:|1771252501\n|move|p1a: Swampert|Ice Punch|p2a: Dragonite\n|-supereffective|p2a: Dragonite\n|-end|p2a: Dragonite|Substitute\n|move|p2a: Dragonite|Scale Shot|p1a: Swampert\n|-damage|p1a: Swampert|65/100\n|-damage|p1a: Swampert|45/100\n|-crit|p1a: Swampert\n|-damage|p1a: Swampert|16/100\n|-crit|p1a: Swampert\n|-damage|p1a: Swampert|0 fnt\n|faint|p1a: Swampert\n|detailschange|p1: Swampert|Swampert, F|[silent]\n|-hitcount|p1: Swampert|4\n|-unboost|p2a: Dragonite|def|1\n|-boost|p2a: Dragonite|spe|1\n|\n|-weather|RainDance|[upkeep]\n|upkeep\n|\n|t:|1771252505\n|switch|p1a: Basculegion|Basculegion-F, F|100/100\n|-damage|p1a: Basculegion|84/100|[from] Spikes\n|turn|15\n|\n|t:|1771252507\n|move|p2a: Dragonite|Scale Shot|p1a: Basculegion\n|-damage|p1a: Basculegion|59/100\n|-damage|p1a: Basculegion|35/100\n|-damage|p1a: Basculegion|10/100\n|-damage|p1a: Basculegion|0 fnt\n|faint|p1a: Basculegion\n|-hitcount|p1: Basculegion|4\n|-unboost|p2a: Dragonite|def|1\n|-boost|p2a: Dragonite|spe|1\n|\n|-weather|RainDance|[upkeep]\n|upkeep\n|\n|t:|1771252510\n|switch|p1a: Archaludon|Archaludon, F|100/100\n|-damage|p1a: Archaludon|84/100|[from] Spikes\n|turn|16\n|\n|t:|1771252511\n|move|p2a: Dragonite|Scale Shot|p1a: Archaludon\n|-damage|p1a: Archaludon|65/100\n|-ability|p1a: Archaludon|Stamina|boost\n|-boost|p1a: Archaludon|def|1\n|-damage|p1a: Archaludon|54/100\n|-ability|p1a: Archaludon|Stamina|boost\n|-boost|p1a: Archaludon|def|1\n|-damage|p1a: Archaludon|45/100\n|-ability|p1a: Archaludon|Stamina|boost\n|-boost|p1a: Archaludon|def|1\n|-damage|p1a: Archaludon|39/100\n|-ability|p1a: Archaludon|Stamina|boost\n|-boost|p1a: Archaludon|def|1\n|-damage|p1a: Archaludon|33/100\n|-ability|p1a: Archaludon|Stamina|boost\n|-boost|p1a: Archaludon|def|1\n|-hitcount|p1a: Archaludon|5\n|-unboost|p2a: Dragonite|def|1\n|-boost|p2a: Dragonite|spe|1\n|move|p1a: Archaludon|Electro Shot||[still]\n|-prepare|p1a: Archaludon|Electro Shot\n|-boost|p1a: Archaludon|spa|1\n|-anim|p1a: Archaludon|Electro Shot|p2a: Dragonite\n|-damage|p2a: Dragonite|11/100\n|\n|-weather|RainDance|[upkeep]\n|upkeep\n|turn|17\n|\n|t:|1771252515\n|move|p2a: Dragonite|Earthquake|p1a: Archaludon\n|-supereffective|p1a: Archaludon\n|-damage|p1a: Archaludon|8/100\n|-ability|p1a: Archaludon|Stamina|boost\n|-boost|p1a: Archaludon|def|1\n|move|p1a: Archaludon|Electro Shot||[still]\n|-prepare|p1a: Archaludon|Electro Shot\n|-boost|p1a: Archaludon|spa|1\n|-anim|p1a: Archaludon|Electro Shot|p2a: Dragonite\n|-damage|p2a: Dragonite|0 fnt\n|faint|p2a: Dragonite\n|\n|-weather|RainDance|[upkeep]\n|upkeep\n|\n|t:|1771252520\n|switch|p2a: Volcarona|Volcarona, M|100/100\n|turn|18\n|\n|t:|1771252523\n|move|p2a: Volcarona|Bug Buzz|p1a: Archaludon\n|-resisted|p1a: Archaludon\n|-damage|p1a: Archaludon|0 fnt\n|faint|p1a: Archaludon\n|\n|-weather|RainDance|[upkeep]\n|upkeep\n|\n|t:|1771252528\n|switch|p1a: Clamperl|Clamperl, F|100/100\n|-damage|p1a: Clamperl|84/100|[from] Spikes\n|turn|19\n|\n|t:|1771252531\n|switch|p2a: Ogerpon|Ogerpon-Wellspring, F|18/100\n|move|p1a: Clamperl|Shell Smash|p1a: Clamperl\n|-unboost|p1a: Clamperl|def|1\n|-unboost|p1a: Clamperl|spd|1\n|-boost|p1a: Clamperl|atk|2\n|-boost|p1a: Clamperl|spa|2\n|-boost|p1a: Clamperl|spe|2\n|\n|-weather|none\n|upkeep\n|turn|20\n|\n|t:|1771252536\n|move|p1a: Clamperl|Ice Beam|p2a: Ogerpon\n|-damage|p2a: Ogerpon|0 fnt\n|faint|p2a: Ogerpon\n|\n|upkeep\n|\n|t:|1771252538\n|switch|p2a: Volcarona|Volcarona, M|100/100\n|turn|21\n|\n|t:|1771252540\n|move|p1a: Clamperl|Surf|p2a: Volcarona\n|-supereffective|p2a: Volcarona\n|-damage|p2a: Volcarona|0 fnt\n|faint|p2a: Volcarona\n|\n|upkeep\n|-message|DriftedEx forfeited.\n|\n|win|windowc\n|raw|windowc's rating: 1513 &rarr; <strong>1536</strong><br />(+23 for winning)\n|raw|DriftedEx's rating: 1571 &rarr; <strong>1548</strong><br />(-23 for losing)\n|l|☆DriftedEx\n|player|p2|\n|l|☆windowc\n|player|p1|\n", "uploadtime": 1771252544, "views": 6, "formatid": "gen9nationaldex", "rating": 1536, "private": 0, "password": null}