{"id": "gen9nationaldex-2540662825", "format": "[Gen 9] National Dex", "players": ["fludermay", "dippysauce"], "log": "|j|☆fludermay\n|j|☆dippysauce\n|t:|1771236297\n|gametype|singles\n|player|p1|fludermay|miku-ghost|1555\n|player|p2|dippysauce|101|1556\n|gen|9\n|tier|[Gen 9] National Dex\n|rated|\n|rule|HP Percentage Mod: HP is shown in percentages\n|rule|Endless Battle Clause: Forcing endless battles is banned\n|rule|Species Clause: Limit one of each Pokémon\n|rule|OHKO Clause: OHKO moves are banned\n|rule|Evasion Clause: Evasion abilities, items, and moves are banned\n|rule|Evasion Abilities Clause: Evasion abilities are banned\n|rule|Evasion Items Clause: Evasion items are banned\n|rule|Evasion Moves Clause: Evasion moves are banned\n|rule|Sleep Clause Mod: Limit one foe put to sleep\n|rule|Terastal Clause: You cannot Terastallize\n|clearpoke\n|poke|p1|Ting-Lu|\n|poke|p1|Clefable, F|\n|poke|p1|Pecharunt|\n|poke|p1|Skarmory, F|\n|poke|p1|Latios, M|\n|poke|p1|Gholdengo|\n|poke|p2|Ferrothorn, M|\n|poke|p2|Samurott-Hisui, F|\n|poke|p2|Iron Valiant|\n|poke|p2|Cinderace, M|\n|poke|p2|Landorus-Therian, M|\n|poke|p2|Latios, M|\n|teampreview\n|inactive|Battle timer is ON: inactive players will automatically lose when time's up. (requested by dippysauce)\n|\n|t:|1771236326\n|teamsize|p1|6\n|teamsize|p2|6\n|start\n|switch|p1a: Clefable|Clefable, F|100/100\n|switch|p2a: Landorus|Landorus-Therian, M|100/100\n|-ability|p2a: Landorus|Intimidate|boost\n|-unboost|p1a: Clefable|atk|1\n|turn|1\n|\n|t:|1771236336\n|move|p2a: Landorus|Taunt|p1a: Clefable\n|-start|p1a: Clefable|move: Taunt\n|move|p1a: Clefable|Knock Off|p2a: Landorus\n|-damage|p2a: Landorus|93/100\n|-enditem|p2a: Landorus|Rocky Helmet|[from] move: Knock Off|[of] p1a: Clefable\n|\n|upkeep\n|turn|2\n|\n|t:|1771236359\n|switch|p1a: Skarmory|Skarmory, F|100/100\n|move|p2a: Landorus|Stealth Rock|p1a: Skarmory\n|-sidestart|p1: fludermay|move: Stealth Rock\n|\n|upkeep\n|turn|3\n|\n|t:|1771236367\n|move|p2a: Landorus|Taunt|p1a: Skarmory\n|-start|p1a: Skarmory|move: Taunt\n|move|p1a: Skarmory|Brave Bird|p2a: Landorus\n|-damage|p2a: Landorus|68/100\n|-damage|p1a: Skarmory|91/100|[from] Recoil\n|\n|upkeep\n|turn|4\n|\n|t:|1771236373\n|move|p2a: Landorus|U-turn|p1a: Skarmory\n|-resisted|p1a: Skarmory\n|-damage|p1a: Skarmory|88/100\n|-damage|p2a: Landorus|51/100|[from] item: Rocky Helmet|[of] p1a: Skarmory\n|\n|t:|1771236378\n|switch|p2a: Ferrothorn|Ferrothorn, M|100/100|[from] U-turn\n|move|p1a: Skarmory|Brave Bird|p2a: Ferrothorn\n|-damage|p2a: Ferrothorn|75/100\n|-damage|p1a: Skarmory|76/100|[from] ability: Iron Barbs|[of] p2a: Ferrothorn\n|-damage|p1a: Skarmory|67/100|[from] Recoil\n|\n|-heal|p2a: Ferrothorn|81/100|[from] item: Leftovers\n|upkeep\n|turn|5\n|\n|t:|1771236396\n|switch|p1a: Clefable|Clefable, F|100/100\n|move|p2a: Ferrothorn|Knock Off|p1a: Clefable\n|-resisted|p1a: Clefable\n|-damage|p1a: Clefable|91/100\n|-enditem|p1a: Clefable|Leftovers|[from] move: Knock Off|[of] p2a: Ferrothorn\n|\n|-heal|p2a: Ferrothorn|87/100|[from] item: Leftovers\n|upkeep\n|turn|6\n|\n|t:|1771236404\n|move|p1a: Clefable|Stealth Rock|p2a: Ferrothorn\n|-sidestart|p2: dippysauce|move: Stealth Rock\n|move|p2a: Ferrothorn|Thunder Wave|p1a: Clefable\n|-status|p1a: Clefable|par\n|\n|-heal|p2a: Ferrothorn|93/100|[from] item: Leftovers\n|upkeep\n|turn|7\n|\n|t:|1771236415\n|move|p1a: Clefable|Knock Off|p2a: Ferrothorn\n|-damage|p2a: Ferrothorn|83/100\n|-activate|p2a: Ferrothorn|ability: Iron Barbs\n|-enditem|p2a: Ferrothorn|Leftovers|[from] move: Knock Off|[of] p1a: Clefable\n|move|p2a: Ferrothorn|Power Whip|p1a: Clefable\n|-damage|p1a: Clefable|58/100 par\n|\n|upkeep\n|turn|8\n|\n|t:|1771236431\n|switch|p1a: Latios|Latios, M|100/100\n|-damage|p1a: Latios|88/100|[from] Stealth Rock\n|move|p2a: Ferrothorn|Power Whip|p1a: Latios\n|-resisted|p1a: Latios\n|-damage|p1a: Latios|63/100\n|\n|upkeep\n|turn|9\n|\n|t:|1771236442\n|switch|p2a: Iron Valiant|Iron Valiant|100/100\n|-damage|p2a: Iron Valiant|94/100|[from] Stealth Rock\n|-enditem|p2a: Iron Valiant|Booster Energy\n|-activate|p2a: Iron Valiant|ability: Quark Drive|[fromitem]\n|-start|p2a: Iron Valiant|quarkdrivespe\n|detailschange|p1a: Latios|Latios-Mega, M\n|-mega|p1a: Latios|Latios|Latiosite\n|move|p1a: Latios|Mystical Fire|p2a: Iron Valiant\n|-damage|p2a: Iron Valiant|29/100\n|-unboost|p2a: Iron Valiant|spa|1\n|\n|upkeep\n|turn|10\n|\n|t:|1771236457\n|switch|p1a: Pecharunt|Pecharunt|100/100\n|move|p2a: Iron Valiant|Moonblast|p1a: Pecharunt\n|-resisted|p1a: Pecharunt\n|-damage|p1a: Pecharunt|84/100\n|\n|upkeep\n|turn|11\n|\n|t:|1771236465\n|switch|p1a: Ting-Lu|Ting-Lu|100/100\n|-damage|p1a: Ting-Lu|94/100|[from] Stealth Rock\n|-ability|p1a: Ting-Lu|Vessel of Ruin\n|move|p2a: Iron Valiant|Knock Off|p1a: Ting-Lu\n|-resisted|p1a: Ting-Lu\n|-damage|p1a: Ting-Lu|86/100\n|-enditem|p1a: Ting-Lu|Leftovers|[from] move: Knock Off|[of] p2a: Iron Valiant\n|\n|upkeep\n|turn|12\n|\n|t:|1771236475\n|-end|p2a: Iron Valiant|Quark Drive|[silent]\n|switch|p2a: Ferrothorn|Ferrothorn, M|83/100\n|-damage|p2a: Ferrothorn|77/100|[from] Stealth Rock\n|move|p1a: Ting-Lu|Earthquake|p2a: Ferrothorn\n|-damage|p2a: Ferrothorn|52/100\n|\n|upkeep\n|turn|13\n|\n|t:|1771236484\n|switch|p1a: Clefable|Clefable, F|58/100 par\n|move|p2a: Ferrothorn|Leech Seed|p1a: Clefable\n|-start|p1a: Clefable|move: Leech Seed\n|\n|upkeep\n|turn|14\n|\n|t:|1771236492\n|move|p1a: Clefable|Soft-Boiled|p1a: Clefable\n|-heal|p1a: Clefable|100/100 par\n|move|p2a: Ferrothorn|Power Whip|p1a: Clefable\n|-damage|p1a: Clefable|65/100 par\n|\n|upkeep\n|turn|15\n|\n|t:|1771236505\n|switch|p2a: Landorus|Landorus-Therian, M|51/100\n|-damage|p2a: Landorus|39/100|[from] Stealth Rock\n|-ability|p2a: Landorus|Intimidate|boost\n|-unboost|p1a: Clefable|atk|1\n|move|p1a: Clefable|Moonblast|p2a: Landorus\n|-damage|p2a: Landorus|7/100\n|\n|upkeep\n|turn|16\n|\n|t:|1771236516\n|switch|p1a: Skarmory|Skarmory, F|67/100\n|-damage|p1a: Skarmory|54/100|[from] Stealth Rock\n|move|p2a: Landorus|Earthquake|p1a: Skarmory\n|-immune|p1a: Skarmory\n|\n|upkeep\n|turn|17\n|\n|t:|1771236525\n|move|p2a: Landorus|Taunt|p1a: Skarmory\n|-start|p1a: Skarmory|move: Taunt\n|cant|p1a: Skarmory|move: Taunt|Spikes\n|\n|upkeep\n|turn|18\n|\n|t:|1771236534\n|move|p2a: Landorus|U-turn|p1a: Skarmory\n|-resisted|p1a: Skarmory\n|-damage|p1a: Skarmory|51/100\n|-damage|p2a: Landorus|0 fnt|[from] item: Rocky Helmet|[of] p1a: Skarmory\n|faint|p2a: Landorus\n|move|p1a: Skarmory|Brave Bird|p2: Landorus|[notarget]\n|-fail|p1a: Skarmory\n|\n|upkeep\n|\n|t:|1771236547\n|switch|p2a: Samurott|Samurott-Hisui, F|100/100\n|-damage|p2a: Samurott|88/100|[from] Stealth Rock\n|turn|19\n|\n|t:|1771236554\n|move|p2a: Samurott|Swords Dance|p2a: Samurott\n|-boost|p2a: Samurott|atk|2\n|move|p1a: Skarmory|Body Press|p2a: Samurott\n|-supereffective|p2a: Samurott\n|-damage|p2a: Samurott|16/100\n|\n|-end|p1a: Skarmory|move: Taunt\n|upkeep\n|turn|20\n|\n|t:|1771236570\n|move|p2a: Samurott|Ceaseless Edge|p1a: Skarmory\n|-damage|p1a: Skarmory|0 fnt\n|-damage|p2a: Samurott|0 fnt|[from] item: Rocky Helmet|[of] p1a: Skarmory\n|faint|p1a: Skarmory\n|faint|p2a: Samurott\n|\n|upkeep\n|\n|t:|1771236591\n|switch|p2a: Iron Valiant|Iron Valiant|29/100\n|switch|p1a: Gholdengo|Gholdengo|100/100\n|-damage|p1a: Gholdengo|94/100|[from] Stealth Rock\n|-damage|p2a: Iron Valiant|22/100|[from] Stealth Rock\n|turn|21\n|\n|t:|1771236596\n|move|p1a: Gholdengo|Shadow Ball|p2a: Iron Valiant\n|-damage|p2a: Iron Valiant|0 fnt\n|faint|p2a: Iron Valiant\n|-end|p2a: Iron Valiant|Quark Drive|[silent]\n|\n|upkeep\n|\n|t:|1771236600\n|switch|p2a: Cinderace|Cinderace, M|100/100\n|turn|22\n|\n|t:|1771236606\n|switch|p1a: Pecharunt|Pecharunt|84/100\n|move|p2a: Cinderace|Pyro Ball|p1a: Pecharunt\n|-damage|p1a: Pecharunt|58/100\n|\n|upkeep\n|turn|23\n|\n|t:|1771236612\n|move|p2a: Cinderace|U-turn|p1a: Pecharunt\n|-resisted|p1a: Pecharunt\n|-damage|p1a: Pecharunt|56/100\n|\n|t:|1771236616\n|switch|p2a: Ferrothorn|Ferrothorn, M|52/100|[from] U-turn\n|-damage|p2a: Ferrothorn|46/100|[from] Stealth Rock\n|move|p1a: Pecharunt|Recover|p1a: Pecharunt\n|-heal|p1a: Pecharunt|100/100\n|\n|upkeep\n|turn|24\n|\n|t:|1771236623\n|switch|p1a: Clefable|Clefable, F|65/100 par\n|switch|p2a: Cinderace|Cinderace, M|100/100\n|\n|upkeep\n|turn|25\n|\n|t:|1771236631\n|move|p2a: Cinderace|Pyro Ball|p1a: Clefable\n|-damage|p1a: Clefable|19/100 par\n|move|p1a: Clefable|Knock Off|p2a: Cinderace\n|-damage|p2a: Cinderace|82/100\n|-enditem|p2a: Cinderace|Heavy-Duty Boots|[from] move: Knock Off|[of] p1a: Clefable\n|\n|upkeep\n|turn|26\n|\n|t:|1771236638\n|switch|p1a: Pecharunt|Pecharunt|100/100\n|move|p2a: Cinderace|Pyro Ball|p1a: Pecharunt\n|-damage|p1a: Pecharunt|73/100\n|\n|upkeep\n|turn|27\n|\n|t:|1771236647\n|switch|p2a: Latios|Latios, M|100/100\n|-damage|p2a: Latios|88/100|[from] Stealth Rock\n|move|p1a: Pecharunt|Shadow Ball|p2a: Latios\n|-supereffective|p2a: Latios\n|-damage|p2a: Latios|40/100\n|\n|upkeep\n|turn|28\n|\n|t:|1771236655\n|switch|p1a: Ting-Lu|Ting-Lu|86/100\n|-damage|p1a: Ting-Lu|80/100|[from] Stealth Rock\n|-ability|p1a: Ting-Lu|Vessel of Ruin\n|detailschange|p2a: Latios|Latios-Mega, M\n|-mega|p2a: Latios|Latios|Latiosite\n|move|p2a: Latios|Luster Purge|p1a: Ting-Lu\n|-immune|p1a: Ting-Lu\n|\n|upkeep\n|turn|29\n|\n|t:|1771236661\n|move|p2a: Latios|Recover|p2a: Latios\n|-heal|p2a: Latios|90/100\n|move|p1a: Ting-Lu|Payback|p2a: Latios\n|-supereffective|p2a: Latios\n|-damage|p2a: Latios|11/100\n|\n|upkeep\n|turn|30\n|\n|t:|1771236666\n|move|p2a: Latios|Aura Sphere|p1a: Ting-Lu\n|-supereffective|p1a: Ting-Lu\n|-damage|p1a: Ting-Lu|52/100\n|move|p1a: Ting-Lu|Payback|p2a: Latios\n|-supereffective|p2a: Latios\n|-damage|p2a: Latios|0 fnt\n|faint|p2a: Latios\n|detailschange|p2: Latios|Latios, M|[silent]\n|\n|upkeep\n|-message|dippysauce forfeited.\n|\n|win|fludermay\n|raw|fludermay's rating: 1555 &rarr; <strong>1575</strong><br />(+20 for winning)\n|raw|dippysauce's rating: 1556 &rarr; <strong>1536</strong><br />(-20 for losing)\n|l|☆dippysauce\n|player|p2|\n|l|☆fludermay\n|player|p1|\n", "uploadtime": 1771236674, "views": 9, "formatid": "gen9nationaldex", "rating": 1536, "private": 0, "password": null}