{"id": "gen9nationaldex-2540678513", "format": "[Gen 9] National Dex", "players": ["joaojr", "Frost12080000"], "log": "|j|☆joaojr\n|j|☆Frost12080000\n|t:|1771238888\n|gametype|singles\n|player|p1|joaojr|1|1594\n|player|p2|Frost12080000|burglar|1585\n|gen|9\n|tier|[Gen 9] National Dex\n|rated|\n|rule|HP Percentage Mod: HP is shown in percentages\n|rule|Endless Battle Clause: Forcing endless battles is banned\n|rule|Species Clause: Limit one of each Pokémon\n|rule|OHKO Clause: OHKO moves are banned\n|rule|Evasion Clause: Evasion abilities, items, and moves are banned\n|rule|Evasion Abilities Clause: Evasion abilities are banned\n|rule|Evasion Items Clause: Evasion items are banned\n|rule|Evasion Moves Clause: Evasion moves are banned\n|rule|Sleep Clause Mod: Limit one foe put to sleep\n|rule|Terastal Clause: You cannot Terastallize\n|clearpoke\n|poke|p1|Shedinja|\n|poke|p1|Blissey, F|\n|poke|p1|Toxapex, F|\n|poke|p1|Gliscor, F|\n|poke|p1|Skarmory, F|\n|poke|p1|Gholdengo|\n|poke|p2|Chansey, F|\n|poke|p2|Pecharunt|\n|poke|p2|Tapu Fini|\n|poke|p2|Zapdos|\n|poke|p2|Ogerpon-Cornerstone, F|\n|poke|p2|Hatterene, F|\n|teampreview\n|\n|t:|1771238906\n|teamsize|p1|6\n|teamsize|p2|6\n|start\n|switch|p1a: Gholdengo|Gholdengo, shiny|100/100\n|switch|p2a: Hatterene|Hatterene, F|100/100\n|turn|1\n|inactive|Battle timer is ON: inactive players will automatically lose when time's up. (requested by Frost12080000)\n|\n|t:|1771238915\n|switch|p2a: Chansey|Chansey, F|100/100\n|move|p1a: Gholdengo|Make It Rain|p2a: Chansey\n|-damage|p2a: Chansey|88/100\n|-unboost|p1a: Gholdengo|spa|1\n|\n|upkeep\n|turn|2\n|\n|t:|1771238921\n|switch|p1a: Toxapex|Toxapex, F|100/100\n|move|p2a: Chansey|Psywave|p1a: Toxapex\n|-damage|p1a: Toxapex|60/100\n|\n|upkeep\n|turn|3\n|\n|t:|1771238925\n|move|p1a: Toxapex|Knock Off|p2a: Chansey\n|-damage|p2a: Chansey|77/100\n|-enditem|p2a: Chansey|Eviolite|[from] move: Knock Off|[of] p1a: Toxapex\n|move|p2a: Chansey|Psywave|p1a: Toxapex\n|-damage|p1a: Toxapex|22/100\n|\n|upkeep\n|turn|4\n|\n|t:|1771238937\n|switch|p1a: Shedinja|Shedinja|100/100\n|move|p2a: Chansey|Teleport|p2a: Chansey\n|\n|t:|1771238941\n|switch|p2a: Ogerpon|Ogerpon-Cornerstone, F|100/100|[from] Teleport\n|\n|upkeep\n|turn|5\n|\n|t:|1771238945\n|switch|p1a: Skarmory|Skarmory, F|100/100\n|move|p2a: Ogerpon|Swords Dance|p2a: Ogerpon\n|-boost|p2a: Ogerpon|atk|2\n|\n|upkeep\n|turn|6\n|\n|t:|1771238953\n|move|p2a: Ogerpon|Ivy Cudgel|p1a: Skarmory|[anim] Ivy Cudgel Rock\n|-damage|p1a: Skarmory|32/100\n|move|p1a: Skarmory|Body Press|p2a: Ogerpon\n|-supereffective|p2a: Ogerpon\n|-damage|p2a: Ogerpon|21/100\n|\n|upkeep\n|turn|7\n|\n|t:|1771238962\n|move|p2a: Ogerpon|Ivy Cudgel|p1a: Skarmory|[anim] Ivy Cudgel Rock\n|-damage|p1a: Skarmory|0 fnt\n|faint|p1a: Skarmory\n|\n|upkeep\n|\n|t:|1771238967\n|switch|p1a: Gliscor|Gliscor, F|100/100\n|turn|8\n|\n|t:|1771238971\n|move|p1a: Gliscor|Protect|p1a: Gliscor\n|-singleturn|p1a: Gliscor|Protect\n|move|p2a: Ogerpon|Horn Leech|p1a: Gliscor\n|-activate|p1a: Gliscor|move: Protect\n|\n|-status|p1a: Gliscor|tox|[from] item: Toxic Orb\n|upkeep\n|turn|9\n|\n|t:|1771238980\n|move|p2a: Ogerpon|Horn Leech|p1a: Gliscor\n|-damage|p1a: Gliscor|28/100 tox\n|-heal|p2a: Ogerpon|64/100|[from] drain|[of] p1a: Gliscor\n|move|p1a: Gliscor|Earthquake|p2a: Ogerpon\n|-damage|p2a: Ogerpon|17/100\n|\n|-heal|p1a: Gliscor|40/100 tox|[from] ability: Poison Heal\n|upkeep\n|turn|10\n|\n|t:|1771238993\n|move|p1a: Gliscor|Protect|p1a: Gliscor\n|-singleturn|p1a: Gliscor|Protect\n|move|p2a: Ogerpon|Horn Leech|p1a: Gliscor\n|-activate|p1a: Gliscor|move: Protect\n|\n|-heal|p1a: Gliscor|52/100 tox|[from] ability: Poison Heal\n|upkeep\n|turn|11\n|l|☆joaojr\n|inactive|joaojr disconnected and has a minute to reconnect!\n|player|p1|\n|j|☆joaojr\n|inactive|joaojr reconnected and has 125 seconds left.\n|player|p1|joaojr|1|\n|inactive|joaojr has 120 seconds left.\n|\n|t:|1771239029\n|switch|p1a: Shedinja|Shedinja|100/100\n|move|p2a: Ogerpon|Ivy Cudgel|p1a: Shedinja|[anim] Ivy Cudgel Rock\n|-supereffective|p1a: Shedinja\n|-damage|p1a: Shedinja|0 fnt\n|faint|p1a: Shedinja\n|\n|upkeep\n|\n|t:|1771239033\n|switch|p1a: Gliscor|Gliscor, F|52/100 tox\n|turn|12\n|\n|t:|1771239039\n|move|p1a: Gliscor|Protect|p1a: Gliscor\n|-singleturn|p1a: Gliscor|Protect\n|move|p2a: Ogerpon|Ivy Cudgel|p1a: Gliscor|[anim] Ivy Cudgel Rock\n|-activate|p1a: Gliscor|move: Protect\n|\n|-heal|p1a: Gliscor|65/100 tox|[from] ability: Poison Heal\n|upkeep\n|turn|13\n|\n|t:|1771239045\n|move|p2a: Ogerpon|Horn Leech|p1a: Gliscor\n|-damage|p1a: Gliscor|0 fnt\n|-heal|p2a: Ogerpon|55/100|[from] drain|[of] p1a: Gliscor\n|faint|p1a: Gliscor\n|\n|upkeep\n|-message|joaojr forfeited.\n|\n|win|Frost12080000\n|raw|joaojr's rating: 1594 &rarr; <strong>1573</strong><br />(-21 for losing)\n|raw|Frost12080000's rating: 1585 &rarr; <strong>1606</strong><br />(+21 for winning)\n|l|☆joaojr\n|player|p1|\n|l|☆Frost12080000\n|player|p2|\n", "uploadtime": 1771239219, "views": 10, "formatid": "gen9nationaldex", "rating": 1573, "private": 0, "password": null}