{"id": "gen9nationaldex-2540675380", "format": "[Gen 9] National Dex", "players": ["Larrea000", "Frost12080000"], "log": "|j|☆Larrea000\n|j|☆Frost12080000\n|t:|1771238388\n|gametype|singles\n|player|p1|Larrea000|olivia|1546\n|player|p2|Frost12080000|burglar|1596\n|gen|9\n|tier|[Gen 9] National Dex\n|rated|\n|rule|HP Percentage Mod: HP is shown in percentages\n|rule|Endless Battle Clause: Forcing endless battles is banned\n|rule|Species Clause: Limit one of each Pokémon\n|rule|OHKO Clause: OHKO moves are banned\n|rule|Evasion Clause: Evasion abilities, items, and moves are banned\n|rule|Evasion Abilities Clause: Evasion abilities are banned\n|rule|Evasion Items Clause: Evasion items are banned\n|rule|Evasion Moves Clause: Evasion moves are banned\n|rule|Sleep Clause Mod: Limit one foe put to sleep\n|rule|Terastal Clause: You cannot Terastallize\n|clearpoke\n|poke|p1|Gardevoir, F|\n|poke|p1|Corviknight, F|\n|poke|p1|Slowking-Galar, F|\n|poke|p1|Zamazenta-*|\n|poke|p1|Samurott-Hisui, F|\n|poke|p1|Garchomp, F|\n|poke|p2|Charizard, F|\n|poke|p2|Alomomola, M|\n|poke|p2|Zapdos|\n|poke|p2|Iron Valiant|\n|poke|p2|Urshifu-*, M|\n|poke|p2|Landorus-Therian, M|\n|teampreview\n|inactive|Battle timer is ON: inactive players will automatically lose when time's up. (requested by Larrea000)\n|\n|t:|1771238393\n|teamsize|p1|6\n|teamsize|p2|6\n|start\n|switch|p1a: Trigger|Garchomp, F|100/100\n|switch|p2a: Charizard|Charizard, F, shiny|100/100\n|turn|1\n|\n|t:|1771238400\n|detailschange|p2a: Charizard|Charizard-Mega-Y, F, shiny\n|-mega|p2a: Charizard|Charizard|Charizardite Y\n|-weather|SunnyDay|[from] ability: Drought|[of] p2a: Charizard\n|move|p1a: Trigger|Swords Dance|p1a: Trigger\n|-boost|p1a: Trigger|atk|2\n|move|p2a: Charizard|Weather Ball|p1a: Trigger\n|-resisted|p1a: Trigger\n|-damage|p1a: Trigger|45/100\n|\n|-weather|SunnyDay|[upkeep]\n|upkeep\n|turn|2\n|\n|t:|1771238410\n|switch|p2a: Iron Valiant|Iron Valiant, shiny|100/100\n|-zpower|p1a: Trigger\n|move|p1a: Trigger|Continental Crush|p2a: Iron Valiant|[zeffect]\n|-resisted|p2a: Iron Valiant\n|-crit|p2a: Iron Valiant\n|-damage|p2a: Iron Valiant|0 fnt\n|faint|p2a: Iron Valiant\n|-end|p2a: Iron Valiant|Quark Drive|[silent]\n|\n|-weather|SunnyDay|[upkeep]\n|upkeep\n|\n|t:|1771238415\n|switch|p2a: Urshifu|Urshifu-Rapid-Strike, M|100/100\n|turn|3\n|\n|t:|1771238419\n|switch|p1a: Count|Corviknight, F|100/100\n|-ability|p1a: Count|Pressure\n|move|p2a: Urshifu|Close Combat|p1a: Count\n|-crit|p1a: Count\n|-damage|p1a: Count|42/100\n|-unboost|p2a: Urshifu|def|1\n|-unboost|p2a: Urshifu|spd|1\n|-damage|p2a: Urshifu|84/100|[from] item: Rocky Helmet|[of] p1a: Count\n|\n|-weather|SunnyDay|[upkeep]\n|upkeep\n|turn|4\n|\n|t:|1771238424\n|move|p2a: Urshifu|Close Combat|p1a: Count\n|-damage|p1a: Count|4/100\n|-unboost|p2a: Urshifu|def|1\n|-unboost|p2a: Urshifu|spd|1\n|-damage|p2a: Urshifu|67/100|[from] item: Rocky Helmet|[of] p1a: Count\n|move|p1a: Count|Roost|p1a: Count\n|-heal|p1a: Count|54/100\n|-singleturn|p1a: Count|move: Roost\n|\n|-weather|SunnyDay|[upkeep]\n|upkeep\n|turn|5\n|\n|t:|1771238429\n|switch|p2a: Zapdos|Zapdos|100/100\n|move|p1a: Count|Roost|p1a: Count\n|-heal|p1a: Count|100/100\n|-singleturn|p1a: Count|move: Roost\n|\n|-weather|none\n|upkeep\n|turn|6\n|\n|t:|1771238432\n|switch|p1a: Trigger|Garchomp, F|45/100\n|move|p2a: Zapdos|Heat Wave|p1a: Trigger\n|-resisted|p1a: Trigger\n|-damage|p1a: Trigger|32/100\n|\n|upkeep\n|turn|7\n|\n|t:|1771238435\n|move|p1a: Trigger|Stealth Rock|p2a: Zapdos\n|-sidestart|p2: Frost12080000|move: Stealth Rock\n|move|p2a: Zapdos|Heat Wave|p1a: Trigger\n|-resisted|p1a: Trigger\n|-damage|p1a: Trigger|19/100\n|\n|upkeep\n|turn|8\n|\n|t:|1771238440\n|switch|p1a: Wiseman|Slowking-Galar, F|100/100\n|move|p2a: Zapdos|Heat Wave|p1a: Wiseman\n|-damage|p1a: Wiseman|85/100\n|-status|p1a: Wiseman|brn\n|\n|-damage|p1a: Wiseman|79/100 brn|[from] brn\n|upkeep\n|turn|9\n|\n|t:|1771238443\n|move|p2a: Zapdos|Defog|p1a: Wiseman\n|-unboost|p1a: Wiseman|evasion|1\n|-sideend|p2: Frost12080000|Stealth Rock|[from] move: Defog|[of] p2a: Zapdos\n|move|p1a: Wiseman|Future Sight|p2a: Zapdos\n|-start|p1a: Wiseman|move: Future Sight\n|\n|-damage|p1a: Wiseman|73/100 brn|[from] brn\n|upkeep\n|turn|10\n|\n|t:|1771238445\n|move|p2a: Zapdos|Volt Switch|p1a: Wiseman\n|-damage|p1a: Wiseman|56/100 brn\n|\n|t:|1771238448\n|switch|p2a: Charizard|Charizard-Mega-Y, F, shiny|100/100|[from] Volt Switch\n|-weather|SunnyDay|[from] ability: Drought|[of] p2a: Charizard\n|-prepare|p1a: Wiseman|Chilly Reception|[premajor]\n|move|p1a: Wiseman|Chilly Reception|p1a: Wiseman\n|-weather|Snowscape\n|\n|t:|1771238453\n|switch|p1a: Trigger|Garchomp, F|19/100|[from] Chilly Reception\n|\n|-weather|Snowscape|[upkeep]\n|upkeep\n|turn|11\n|\n|t:|1771238458\n|switch|p2a: Alomomola|Alomomola, M|100/100\n|move|p1a: Trigger|Stone Edge|p2a: Alomomola|[miss]\n|-miss|p1a: Trigger|p2a: Alomomola\n|\n|-weather|Snowscape|[upkeep]\n|-end|p2a: Alomomola|move: Future Sight\n|-damage|p2a: Alomomola|74/100\n|upkeep\n|turn|12\n|\n|t:|1771238462\n|move|p1a: Trigger|Stealth Rock|p2a: Alomomola\n|-sidestart|p2: Frost12080000|move: Stealth Rock\n|move|p2a: Alomomola|Flip Turn|p1a: Trigger\n|-damage|p1a: Trigger|2/100\n|-damage|p2a: Alomomola|62/100|[from] ability: Rough Skin|[of] p1a: Trigger\n|\n|t:|1771238464\n|switch|p2a: Zapdos|Zapdos|100/100|[from] Flip Turn\n|\n|-weather|Snowscape|[upkeep]\n|upkeep\n|turn|13\n|\n|t:|1771238468\n|move|p1a: Trigger|Stone Edge|p2a: Zapdos\n|-supereffective|p2a: Zapdos\n|-damage|p2a: Zapdos|49/100\n|move|p2a: Zapdos|Heat Wave|p1a: Trigger\n|-resisted|p1a: Trigger\n|-damage|p1a: Trigger|0 fnt\n|faint|p1a: Trigger\n|\n|-weather|Snowscape|[upkeep]\n|upkeep\n|\n|t:|1771238472\n|switch|p1a: Avril|Gardevoir, F, shiny|100/100\n|-ability|p1a: Avril|Static|Trace|[from] ability: Trace|[of] p2a: Zapdos\n|turn|14\n|\n|t:|1771238480\n|switch|p2a: Alomomola|Alomomola, M|62/100\n|-damage|p2a: Alomomola|49/100|[from] Stealth Rock\n|detailschange|p1a: Avril|Gardevoir-Mega, F, shiny\n|-mega|p1a: Avril|Gardevoir|Gardevoirite\n|move|p1a: Avril|Hyper Voice|p2a: Alomomola\n|-damage|p2a: Alomomola|12/100\n|\n|-weather|none\n|upkeep\n|turn|15\n|\n|t:|1771238489\n|move|p2a: Alomomola|Aqua Jet|p1a: Avril\n|-damage|p1a: Avril|80/100\n|move|p1a: Avril|Hyper Voice|p2a: Alomomola\n|-damage|p2a: Alomomola|0 fnt\n|faint|p2a: Alomomola\n|\n|upkeep\n|\n|t:|1771238492\n|switch|p2a: Urshifu|Urshifu-Rapid-Strike, M|67/100\n|-damage|p2a: Urshifu|61/100|[from] Stealth Rock\n|turn|16\n|\n|t:|1771238497\n|switch|p1a: Count|Corviknight, F|100/100\n|-ability|p1a: Count|Pressure\n|move|p2a: Urshifu|U-turn|p1a: Count\n|-resisted|p1a: Count\n|-damage|p1a: Count|97/100\n|-damage|p2a: Urshifu|44/100|[from] item: Rocky Helmet|[of] p1a: Count\n|\n|t:|1771238499\n|switch|p2a: Zapdos|Zapdos|49/100|[from] U-turn\n|\n|upkeep\n|turn|17\n|\n|t:|1771238502\n|switch|p1a: Avril|Gardevoir-Mega, F, shiny|80/100\n|move|p2a: Zapdos|Defog|p1a: Avril\n|-unboost|p1a: Avril|evasion|1\n|-sideend|p2: Frost12080000|Stealth Rock|[from] move: Defog|[of] p2a: Zapdos\n|\n|upkeep\n|turn|18\n|\n|t:|1771238510\n|move|p1a: Avril|Hyper Voice|p2a: Zapdos\n|-damage|p2a: Zapdos|0 fnt\n|faint|p2a: Zapdos\n|\n|upkeep\n|\n|t:|1771238514\n|switch|p2a: Charizard|Charizard-Mega-Y, F, shiny|100/100\n|-weather|SunnyDay|[from] ability: Drought|[of] p2a: Charizard\n|turn|19\n|\n|t:|1771238517\n|move|p1a: Avril|Psyshock|p2a: Charizard\n|-damage|p2a: Charizard|24/100\n|move|p2a: Charizard|Weather Ball|p1a: Avril\n|-damage|p1a: Avril|0 fnt\n|faint|p1a: Avril\n|detailschange|p1: Avril|Gardevoir, F, shiny|[silent]\n|\n|-weather|SunnyDay|[upkeep]\n|upkeep\n|\n|t:|1771238522\n|switch|p1a: High Roller|Samurott-Hisui, F|100/100\n|turn|20\n|\n|t:|1771238526\n|switch|p2a: Landorus|Landorus-Therian, M|100/100\n|-ability|p2a: Landorus|Intimidate|boost\n|-unboost|p1a: High Roller|atk|1\n|move|p1a: High Roller|Ceaseless Edge|p2a: Landorus\n|-damage|p2a: Landorus|73/100\n|-sidestart|p2: Frost12080000|Spikes\n|\n|-weather|SunnyDay|[upkeep]\n|upkeep\n|turn|21\n|\n|t:|1771238529\n|move|p1a: High Roller|Ceaseless Edge|p2a: Landorus\n|-damage|p2a: Landorus|42/100\n|-sidestart|p2: Frost12080000|Spikes\n|-zpower|p2a: Landorus\n|move|p2a: Landorus|Supersonic Skystrike|p1a: High Roller|[zeffect]\n|-damage|p1a: High Roller|0 fnt\n|faint|p1a: High Roller\n|\n|-weather|SunnyDay|[upkeep]\n|upkeep\n|\n|t:|1771238537\n|switch|p1a: PNG Dog|Zamazenta|100/100\n|-ability|p1a: PNG Dog|Dauntless Shield|boost\n|-boost|p1a: PNG Dog|def|1\n|turn|22\n|\n|t:|1771238539\n|move|p1a: PNG Dog|Close Combat|p2a: Landorus\n|-resisted|p2a: Landorus\n|-damage|p2a: Landorus|0 fnt\n|-unboost|p1a: PNG Dog|def|1\n|-unboost|p1a: PNG Dog|spd|1\n|faint|p2a: Landorus\n|\n|-weather|SunnyDay|[upkeep]\n|upkeep\n|\n|t:|1771238545\n|switch|p2a: Urshifu|Urshifu-Rapid-Strike, M|44/100\n|-damage|p2a: Urshifu|28/100|[from] Spikes\n|turn|23\n|\n|t:|1771238557\n|switch|p1a: Count|Corviknight, F|97/100\n|-ability|p1a: Count|Pressure\n|move|p2a: Urshifu|Close Combat|p1a: Count\n|-damage|p1a: Count|59/100\n|-unboost|p2a: Urshifu|def|1\n|-unboost|p2a: Urshifu|spd|1\n|-damage|p2a: Urshifu|11/100|[from] item: Rocky Helmet|[of] p1a: Count\n|\n|-weather|none\n|upkeep\n|turn|24\n|\n|t:|1771238560\n|switch|p2a: Charizard|Charizard-Mega-Y, F, shiny|24/100\n|-weather|SunnyDay|[from] ability: Drought|[of] p2a: Charizard\n|move|p1a: Count|U-turn|p2a: Charizard\n|-resisted|p2a: Charizard\n|-damage|p2a: Charizard|19/100\n|\n|t:|1771238561\n|switch|p1a: PNG Dog|Zamazenta|100/100|[from] U-turn\n|\n|-weather|SunnyDay|[upkeep]\n|upkeep\n|turn|25\n|\n|t:|1771238564\n|move|p1a: PNG Dog|Close Combat|p2a: Charizard\n|-resisted|p2a: Charizard\n|-damage|p2a: Charizard|0 fnt\n|-unboost|p1a: PNG Dog|def|1\n|-unboost|p1a: PNG Dog|spd|1\n|faint|p2a: Charizard\n|detailschange|p2: Charizard|Charizard, F, shiny|[silent]\n|\n|-weather|SunnyDay|[upkeep]\n|upkeep\n|-message|Frost12080000 forfeited.\n|\n|win|Larrea000\n|raw|Larrea000's rating: 1546 &rarr; <strong>1569</strong><br />(+23 for winning)\n|raw|Frost12080000's rating: 1596 &rarr; <strong>1573</strong><br />(-23 for losing)\n|l|☆Frost12080000\n|player|p2|\n|l|☆Larrea000\n|player|p1|\n", "uploadtime": 1771238946, "views": 14, "formatid": "gen9nationaldex", "rating": 1569, "private": 0, "password": null}