{"id": "gen9nationaldex-2540566161", "format": "[Gen 9] National Dex", "players": ["Crsiu", "IbukiOTTO"], "log": "|j|☆Crsiu\n|j|☆IbukiOTTO\n|t:|1771219038\n|gametype|singles\n|player|p1|Crsiu|n|1551\n|player|p2|IbukiOTTO|miku-ground|1546\n|gen|9\n|tier|[Gen 9] National Dex\n|rated|\n|rule|HP Percentage Mod: HP is shown in percentages\n|rule|Endless Battle Clause: Forcing endless battles is banned\n|rule|Species Clause: Limit one of each Pokémon\n|rule|OHKO Clause: OHKO moves are banned\n|rule|Evasion Clause: Evasion abilities, items, and moves are banned\n|rule|Evasion Abilities Clause: Evasion abilities are banned\n|rule|Evasion Items Clause: Evasion items are banned\n|rule|Evasion Moves Clause: Evasion moves are banned\n|rule|Sleep Clause Mod: Limit one foe put to sleep\n|rule|Terastal Clause: You cannot Terastallize\n|clearpoke\n|poke|p1|Blaziken, F|\n|poke|p1|Rillaboom, F|\n|poke|p1|Pinsir, F|\n|poke|p1|Raging Bolt|\n|poke|p1|Hatterene, F|\n|poke|p1|Alomomola, M|\n|poke|p2|Ribombee, M|\n|poke|p2|Gholdengo|\n|poke|p2|Ogerpon-Wellspring, F|\n|poke|p2|Charizard, F|\n|poke|p2|Raging Bolt|\n|poke|p2|Great Tusk|\n|teampreview\n|inactive|Battle timer is ON: inactive players will automatically lose when time's up. (requested by IbukiOTTO)\n|\n|t:|1771219065\n|teamsize|p1|6\n|teamsize|p2|6\n|start\n|switch|p1a: Raging Bolt|Raging Bolt|100/100\n|switch|p2a: Ribombee|Ribombee, M|100/100\n|turn|1\n|\n|t:|1771219071\n|move|p2a: Ribombee|Moonblast|p1a: Raging Bolt\n|-supereffective|p1a: Raging Bolt\n|-damage|p1a: Raging Bolt|31/100\n|move|p1a: Raging Bolt|Volt Switch|p2a: Ribombee\n|-enditem|p2a: Ribombee|Focus Sash\n|-damage|p2a: Ribombee|1/100\n|\n|t:|1771219075\n|-end|p1a: Raging Bolt|Protosynthesis|[silent]\n|switch|p1a: Hatterene|Hatterene, F|100/100|[from] Volt Switch\n|\n|upkeep\n|turn|2\n|inactive|IbukiOTTO has 120 seconds left.\n|\n|t:|1771219123\n|move|p2a: Ribombee|Moonblast|p1a: Hatterene\n|-crit|p1a: Hatterene\n|-damage|p1a: Hatterene|69/100\n|-unboost|p1a: Hatterene|spa|1\n|move|p1a: Hatterene|Draining Kiss|p2a: Ribombee\n|-damage|p2a: Ribombee|0 fnt\n|-heal|p1a: Hatterene|70/100|[from] drain|[of] p2a: Ribombee\n|faint|p2a: Ribombee\n|\n|upkeep\n|\n|t:|1771219129\n|switch|p2a: Ogerpon|Ogerpon-Wellspring, F|100/100\n|turn|3\n|\n|t:|1771219137\n|switch|p2a: Charizard|Charizard, F|100/100\n|move|p1a: Hatterene|Nuzzle|p2a: Charizard\n|-supereffective|p2a: Charizard\n|-damage|p2a: Charizard|89/100\n|-status|p2a: Charizard|par\n|\n|upkeep\n|turn|4\n|\n|t:|1771219146\n|switch|p1a: Raging Bolt|Raging Bolt|31/100\n|detailschange|p2a: Charizard|Charizard-Mega-Y, F\n|-mega|p2a: Charizard|Charizard|Charizardite Y\n|-weather|SunnyDay|[from] ability: Drought|[of] p2a: Charizard\n|-activate|p1a: Raging Bolt|ability: Protosynthesis\n|-start|p1a: Raging Bolt|protosynthesisspa\n|move|p2a: Charizard|Weather Ball|p1a: Raging Bolt\n|-resisted|p1a: Raging Bolt\n|-damage|p1a: Raging Bolt|0 fnt\n|faint|p1a: Raging Bolt\n|-end|p1a: Raging Bolt|Protosynthesis|[silent]\n|\n|-weather|SunnyDay|[upkeep]\n|upkeep\n|\n|t:|1771219157\n|switch|p1a: Blaziken|Blaziken, F, shiny|100/100\n|turn|5\n|\n|t:|1771219167\n|move|p1a: Blaziken|Swords Dance|p1a: Blaziken\n|-boost|p1a: Blaziken|atk|2\n|move|p2a: Charizard|Scorching Sands|p1a: Blaziken\n|-supereffective|p1a: Blaziken\n|-damage|p1a: Blaziken|14/100\n|\n|-weather|SunnyDay|[upkeep]\n|-heal|p1a: Blaziken|20/100|[from] item: Leftovers\n|-ability|p1a: Blaziken|Speed Boost|boost\n|-boost|p1a: Blaziken|spe|1\n|upkeep\n|turn|6\n|\n|t:|1771219173\n|move|p1a: Blaziken|Protect|p1a: Blaziken\n|-singleturn|p1a: Blaziken|Protect\n|cant|p2a: Charizard|par\n|\n|-weather|SunnyDay|[upkeep]\n|-heal|p1a: Blaziken|26/100|[from] item: Leftovers\n|-ability|p1a: Blaziken|Speed Boost|boost\n|-boost|p1a: Blaziken|spe|1\n|upkeep\n|turn|7\n|\n|t:|1771219177\n|move|p1a: Blaziken|Flare Blitz|p2a: Charizard\n|-resisted|p2a: Charizard\n|-damage|p2a: Charizard|0 fnt\n|faint|p2a: Charizard\n|detailschange|p2: Charizard|Charizard, F|[silent]\n|-damage|p1a: Blaziken|0 fnt|[from] Recoil\n|faint|p1a: Blaziken\n|\n|-weather|SunnyDay|[upkeep]\n|upkeep\n|\n|t:|1771219189\n|switch|p2a: Raging Bolt|Raging Bolt|100/100\n|switch|p1a: Pinsir|Pinsir, F|100/100\n|-activate|p2a: Raging Bolt|ability: Protosynthesis\n|-start|p2a: Raging Bolt|protosynthesisspa\n|turn|8\n|\n|t:|1771219200\n|switch|p1a: Hatterene|Hatterene, F|70/100\n|move|p2a: Raging Bolt|Thunderbolt|p1a: Hatterene\n|-damage|p1a: Hatterene|37/100\n|\n|-weather|none\n|-end|p2a: Raging Bolt|Protosynthesis\n|upkeep\n|turn|9\n|\n|t:|1771219213\n|move|p2a: Raging Bolt|Calm Mind|p2a: Raging Bolt\n|-boost|p2a: Raging Bolt|spa|1\n|-boost|p2a: Raging Bolt|spd|1\n|move|p1a: Hatterene|Draining Kiss|p2a: Raging Bolt\n|-supereffective|p2a: Raging Bolt\n|-damage|p2a: Raging Bolt|72/100\n|-heal|p1a: Hatterene|63/100|[from] drain|[of] p2a: Raging Bolt\n|\n|upkeep\n|turn|10\n|\n|t:|1771219219\n|move|p2a: Raging Bolt|Thunderbolt|p1a: Hatterene\n|-damage|p1a: Hatterene|18/100\n|move|p1a: Hatterene|Draining Kiss|p2a: Raging Bolt\n|-supereffective|p2a: Raging Bolt\n|-damage|p2a: Raging Bolt|43/100\n|-heal|p1a: Hatterene|45/100|[from] drain|[of] p2a: Raging Bolt\n|\n|upkeep\n|turn|11\n|\n|t:|1771219222\n|move|p2a: Raging Bolt|Thunderbolt|p1a: Hatterene\n|-damage|p1a: Hatterene|8/100\n|move|p1a: Hatterene|Draining Kiss|p2a: Raging Bolt\n|-supereffective|p2a: Raging Bolt\n|-crit|p2a: Raging Bolt\n|-damage|p2a: Raging Bolt|0 fnt\n|-heal|p1a: Hatterene|47/100|[from] drain|[of] p2a: Raging Bolt\n|faint|p2a: Raging Bolt\n|-end|p2a: Raging Bolt|Protosynthesis|[silent]\n|\n|upkeep\n|\n|t:|1771219227\n|switch|p2a: Gholdengo|Gholdengo|100/100\n|-item|p2a: Gholdengo|Air Balloon\n|turn|12\n|\n|t:|1771219233\n|move|p2a: Gholdengo|Shadow Ball|p1a: Hatterene\n|-supereffective|p1a: Hatterene\n|-damage|p1a: Hatterene|3/100\n|move|p1a: Hatterene|Nuzzle|p2a: Gholdengo\n|-damage|p2a: Gholdengo|96/100\n|-status|p2a: Gholdengo|par\n|-enditem|p2a: Gholdengo|Air Balloon\n|\n|upkeep\n|turn|13\n|\n|t:|1771219241\n|move|p2a: Gholdengo|Shadow Ball|p1a: Hatterene\n|-supereffective|p1a: Hatterene\n|-damage|p1a: Hatterene|0 fnt\n|faint|p1a: Hatterene\n|\n|upkeep\n|\n|t:|1771219247\n|switch|p1a: Pinsir|Pinsir, F|100/100\n|turn|14\n|\n|t:|1771219272\n|switch|p1a: Rillaboom|Rillaboom, F|100/100\n|-fieldstart|move: Grassy Terrain|[from] ability: Grassy Surge|[of] p1a: Rillaboom\n|move|p2a: Gholdengo|Shadow Ball|p1a: Rillaboom\n|-damage|p1a: Rillaboom|49/100\n|\n|-heal|p1a: Rillaboom|55/100|[from] Grassy Terrain\n|-heal|p2a: Gholdengo|100/100 par|[from] Grassy Terrain\n|upkeep\n|turn|15\n|\n|t:|1771219278\n|move|p1a: Rillaboom|Knock Off|p2a: Gholdengo\n|-supereffective|p2a: Gholdengo\n|-crit|p2a: Gholdengo\n|-damage|p2a: Gholdengo|14/100 par\n|move|p2a: Gholdengo|Shadow Ball|p1a: Rillaboom\n|-damage|p1a: Rillaboom|0 fnt\n|faint|p1a: Rillaboom\n|\n|-heal|p2a: Gholdengo|20/100 par|[from] Grassy Terrain\n|upkeep\n|\n|t:|1771219285\n|switch|p1a: Pinsir|Pinsir, F|100/100\n|turn|16\n|\n|t:|1771219289\n|move|p1a: Pinsir|Quick Attack|p2a: Gholdengo\n|-immune|p2a: Gholdengo\n|move|p2a: Gholdengo|Shadow Ball|p1a: Pinsir\n|-damage|p1a: Pinsir|26/100\n|\n|-heal|p1a: Pinsir|32/100|[from] Grassy Terrain\n|-heal|p2a: Gholdengo|26/100 par|[from] Grassy Terrain\n|upkeep\n|turn|17\n|\n|t:|1771219298\n|move|p1a: Pinsir|Earthquake|p2a: Gholdengo\n|-supereffective|p2a: Gholdengo\n|-damage|p2a: Gholdengo|0 fnt\n|faint|p2a: Gholdengo\n|-ability|p1a: Pinsir|Moxie|boost\n|-boost|p1a: Pinsir|atk|1\n|\n|-heal|p1a: Pinsir|39/100|[from] Grassy Terrain\n|upkeep\n|\n|t:|1771219301\n|switch|p2a: Great Tusk|Great Tusk|100/100\n|-enditem|p2a: Great Tusk|Booster Energy\n|-activate|p2a: Great Tusk|ability: Protosynthesis|[fromitem]\n|-start|p2a: Great Tusk|protosynthesisatk\n|turn|18\n|\n|t:|1771219309\n|detailschange|p1a: Pinsir|Pinsir-Mega, F\n|-mega|p1a: Pinsir|Pinsir|Pinsirite\n|move|p1a: Pinsir|Return|p2a: Great Tusk\n|-supereffective|p2a: Great Tusk\n|-damage|p2a: Great Tusk|0 fnt\n|faint|p2a: Great Tusk\n|-end|p2a: Great Tusk|Protosynthesis|[silent]\n|\n|-fieldend|move: Grassy Terrain\n|upkeep\n|\n|t:|1771219313\n|switch|p2a: Ogerpon|Ogerpon-Wellspring, F|100/100\n|turn|19\n|\n|t:|1771219320\n|move|p1a: Pinsir|Quick Attack|p2a: Ogerpon\n|-supereffective|p2a: Ogerpon\n|-damage|p2a: Ogerpon|0 fnt\n|faint|p2a: Ogerpon\n|\n|win|Crsiu\n|raw|Crsiu's rating: 1530 &rarr; <strong>1551</strong><br />(+21 for winning)\n|raw|IbukiOTTO's rating: 1546 &rarr; <strong>1525</strong><br />(-21 for losing)\n|l|☆IbukiOTTO\n|player|p2|\n|l|☆Crsiu\n|player|p1|\n", "uploadtime": 1771219659, "views": 4, "formatid": "gen9nationaldex", "rating": 1525, "private": 0, "password": null}