{"id": "gen9nationaldex-2540862209", "format": "[Gen 9] National Dex", "players": ["Yaoshi", "SakikoPlushie"], "log": "|j|☆Yaoshi\n|j|☆SakikoPlushie\n|t:|1771261631\n|gametype|singles\n|player|p1|Yaoshi|silver-masters|1587\n|player|p2|SakikoPlushie|miku-ghost|1603\n|gen|9\n|tier|[Gen 9] National Dex\n|rated|\n|rule|HP Percentage Mod: HP is shown in percentages\n|rule|Endless Battle Clause: Forcing endless battles is banned\n|rule|Species Clause: Limit one of each Pokémon\n|rule|OHKO Clause: OHKO moves are banned\n|rule|Evasion Clause: Evasion abilities, items, and moves are banned\n|rule|Evasion Abilities Clause: Evasion abilities are banned\n|rule|Evasion Items Clause: Evasion items are banned\n|rule|Evasion Moves Clause: Evasion moves are banned\n|rule|Sleep Clause Mod: Limit one foe put to sleep\n|rule|Terastal Clause: You cannot Terastallize\n|clearpoke\n|poke|p1|Landorus-Therian, M|\n|poke|p1|Banette, F|\n|poke|p1|Mew|\n|poke|p1|Melmetal|\n|poke|p1|Kyurem|\n|poke|p1|Alomomola, F|\n|poke|p2|Urshifu-*, F|\n|poke|p2|Rillaboom, F|\n|poke|p2|Mawile, F|\n|poke|p2|Archaludon, F|\n|poke|p2|Pelipper, F|\n|poke|p2|Basculegion, M|\n|teampreview\n|inactive|Battle timer is ON: inactive players will automatically lose when time's up. (requested by Yaoshi)\n|\n|t:|1771261647\n|teamsize|p1|6\n|teamsize|p2|6\n|start\n|switch|p1a: Melmetal|Melmetal, shiny|100/100\n|switch|p2a: Kanbaru|Urshifu-Rapid-Strike, F|100/100\n|turn|1\n|l|☆SakikoPlushie\n|inactive|SakikoPlushie disconnected and has a minute to reconnect!\n|player|p2|\n|j|☆SakikoPlushie\n|inactive|SakikoPlushie reconnected and has 135 seconds left.\n|player|p2|SakikoPlushie|miku-ghost|\n|inactive|SakikoPlushie has 120 seconds left.\n|\n|t:|1771261686\n|switch|p1a: Alomomola|Alomomola, F|100/100\n|move|p2a: Kanbaru|Surging Strikes|p1a: Alomomola\n|-resisted|p1a: Alomomola\n|-crit|p1a: Alomomola\n|-damage|p1a: Alomomola|95/100\n|-resisted|p1a: Alomomola\n|-crit|p1a: Alomomola\n|-damage|p1a: Alomomola|90/100\n|-resisted|p1a: Alomomola\n|-crit|p1a: Alomomola\n|-damage|p1a: Alomomola|84/100\n|-hitcount|p1a: Alomomola|3\n|\n|upkeep\n|turn|2\n|inactive|SakikoPlushie has 120 seconds left.\n|\n|t:|1771261698\n|move|p2a: Kanbaru|Swords Dance|p2a: Kanbaru\n|-boost|p2a: Kanbaru|atk|2\n|move|p1a: Alomomola|Flip Turn|p2a: Kanbaru\n|-resisted|p2a: Kanbaru\n|-damage|p2a: Kanbaru|93/100\n|\n|t:|1771261712\n|switch|p1a: Landorus|Landorus-Therian, M, shiny|100/100|[from] Flip Turn\n|-ability|p1a: Landorus|Intimidate|boost\n|-unboost|p2a: Kanbaru|atk|1\n|\n|upkeep\n|turn|3\n|\n|t:|1771261718\n|move|p1a: Landorus|U-turn|p2a: Kanbaru\n|-resisted|p2a: Kanbaru\n|-damage|p2a: Kanbaru|78/100\n|\n|t:|1771261721\n|switch|p1a: Alomomola|Alomomola, F|100/100|[from] U-turn\n|move|p2a: Kanbaru|Surging Strikes|p1a: Alomomola\n|-resisted|p1a: Alomomola\n|-crit|p1a: Alomomola\n|-damage|p1a: Alomomola|92/100\n|-resisted|p1a: Alomomola\n|-crit|p1a: Alomomola\n|-damage|p1a: Alomomola|83/100\n|-resisted|p1a: Alomomola\n|-crit|p1a: Alomomola\n|-damage|p1a: Alomomola|75/100\n|-hitcount|p1a: Alomomola|3\n|\n|upkeep\n|turn|4\n|\n|t:|1771261733\n|move|p2a: Kanbaru|Trailblaze|p1a: Alomomola\n|-supereffective|p1a: Alomomola\n|-damage|p1a: Alomomola|45/100\n|-boost|p2a: Kanbaru|spe|1\n|move|p1a: Alomomola|Scald|p2a: Kanbaru\n|-resisted|p2a: Kanbaru\n|-damage|p2a: Kanbaru|67/100\n|\n|upkeep\n|turn|5\n|\n|t:|1771261745\n|move|p2a: Kanbaru|Trailblaze|p1a: Alomomola\n|-supereffective|p1a: Alomomola\n|-damage|p1a: Alomomola|18/100\n|-boost|p2a: Kanbaru|spe|1\n|move|p1a: Alomomola|Scald|p2a: Kanbaru\n|-resisted|p2a: Kanbaru\n|-damage|p2a: Kanbaru|57/100\n|-status|p2a: Kanbaru|brn\n|\n|-damage|p2a: Kanbaru|50/100 brn|[from] brn\n|upkeep\n|turn|6\n|\n|t:|1771261756\n|switch|p1a: Landorus|Landorus-Therian, M, shiny|100/100\n|-ability|p1a: Landorus|Intimidate|boost\n|-unboost|p2a: Kanbaru|atk|1\n|move|p2a: Kanbaru|Swords Dance|p2a: Kanbaru\n|-boost|p2a: Kanbaru|atk|2\n|\n|-damage|p2a: Kanbaru|44/100 brn|[from] brn\n|upkeep\n|turn|7\n|\n|t:|1771261764\n|switch|p1a: Alomomola|Alomomola, F|51/100\n|move|p2a: Kanbaru|Surging Strikes|p1a: Alomomola\n|-resisted|p1a: Alomomola\n|-crit|p1a: Alomomola\n|-damage|p1a: Alomomola|46/100\n|-resisted|p1a: Alomomola\n|-crit|p1a: Alomomola\n|-damage|p1a: Alomomola|40/100\n|-resisted|p1a: Alomomola\n|-crit|p1a: Alomomola\n|-damage|p1a: Alomomola|35/100\n|-hitcount|p1a: Alomomola|3\n|\n|-damage|p2a: Kanbaru|38/100 brn|[from] brn\n|upkeep\n|turn|8\n|\n|t:|1771261771\n|switch|p1a: Kyurem|Kyurem|100/100\n|-ability|p1a: Kyurem|Pressure\n|move|p2a: Kanbaru|Surging Strikes|p1a: Kyurem\n|-resisted|p1a: Kyurem\n|-crit|p1a: Kyurem\n|-damage|p1a: Kyurem|91/100\n|-resisted|p1a: Kyurem\n|-crit|p1a: Kyurem\n|-damage|p1a: Kyurem|82/100\n|-resisted|p1a: Kyurem\n|-crit|p1a: Kyurem\n|-damage|p1a: Kyurem|72/100\n|-hitcount|p1a: Kyurem|3\n|\n|-damage|p2a: Kanbaru|32/100 brn|[from] brn\n|upkeep\n|turn|9\n|\n|t:|1771261781\n|switch|p1a: Alomomola|Alomomola, F|68/100\n|move|p2a: Kanbaru|Close Combat|p1a: Alomomola\n|-damage|p1a: Alomomola|34/100\n|-unboost|p2a: Kanbaru|def|1\n|-unboost|p2a: Kanbaru|spd|1\n|\n|-damage|p2a: Kanbaru|26/100 brn|[from] brn\n|upkeep\n|turn|10\n|\n|t:|1771261790\n|move|p1a: Alomomola|Protect|p1a: Alomomola\n|-singleturn|p1a: Alomomola|Protect\n|move|p2a: Kanbaru|Surging Strikes|p1a: Alomomola\n|-resisted|p1a: Alomomola\n|-crit|p1a: Alomomola\n|-damage|p1a: Alomomola|28/100\n|-resisted|p1a: Alomomola\n|-crit|p1a: Alomomola\n|-damage|p1a: Alomomola|22/100\n|-resisted|p1a: Alomomola\n|-crit|p1a: Alomomola\n|-damage|p1a: Alomomola|16/100\n|-hitcount|p1a: Alomomola|3\n|\n|-damage|p2a: Kanbaru|20/100 brn|[from] brn\n|upkeep\n|turn|11\n|\n|t:|1771261796\n|switch|p1a: Mew|Mew|100/100\n|move|p2a: Kanbaru|Close Combat|p1a: Mew\n|-resisted|p1a: Mew\n|-damage|p1a: Mew|81/100\n|-unboost|p2a: Kanbaru|def|1\n|-unboost|p2a: Kanbaru|spd|1\n|\n|-damage|p2a: Kanbaru|13/100 brn|[from] brn\n|upkeep\n|turn|12\n|\n|t:|1771261802\n|switch|p1a: Alomomola|Alomomola, F|50/100\n|move|p2a: Kanbaru|Surging Strikes|p1a: Alomomola\n|-resisted|p1a: Alomomola\n|-crit|p1a: Alomomola\n|-damage|p1a: Alomomola|44/100\n|-resisted|p1a: Alomomola\n|-crit|p1a: Alomomola\n|-damage|p1a: Alomomola|38/100\n|-resisted|p1a: Alomomola\n|-crit|p1a: Alomomola\n|-damage|p1a: Alomomola|32/100\n|-hitcount|p1a: Alomomola|3\n|\n|-damage|p2a: Kanbaru|7/100 brn|[from] brn\n|upkeep\n|turn|13\n|\n|t:|1771261811\n|switch|p1a: Kyurem|Kyurem|72/100\n|-ability|p1a: Kyurem|Pressure\n|move|p2a: Kanbaru|Swords Dance|p2a: Kanbaru\n|-boost|p2a: Kanbaru|atk|2\n|\n|-damage|p2a: Kanbaru|1/100 brn|[from] brn\n|upkeep\n|turn|14\n|\n|t:|1771261824\n|switch|p1a: Alomomola|Alomomola, F|66/100\n|move|p2a: Kanbaru|Close Combat|p1a: Alomomola\n|-damage|p1a: Alomomola|14/100\n|-unboost|p2a: Kanbaru|def|1\n|-unboost|p2a: Kanbaru|spd|1\n|\n|-damage|p2a: Kanbaru|0 fnt|[from] brn\n|faint|p2a: Kanbaru\n|upkeep\n|\n|t:|1771261833\n|switch|p2a: Shiori|Rillaboom, F|100/100\n|-fieldstart|move: Grassy Terrain|[from] ability: Grassy Surge|[of] p2a: Shiori\n|turn|15\n|\n|t:|1771261837\n|switch|p1a: Melmetal|Melmetal, shiny|100/100\n|move|p2a: Shiori|U-turn|p1a: Melmetal\n|-resisted|p1a: Melmetal\n|-damage|p1a: Melmetal|93/100\n|\n|t:|1771261846\n|switch|p2a: Ogurin|Archaludon, F|100/100|[from] U-turn\n|\n|-heal|p1a: Melmetal|99/100|[from] Grassy Terrain\n|upkeep\n|turn|16\n|\n|t:|1771261852\n|switch|p1a: Mew|Mew|81/100\n|move|p2a: Ogurin|Electro Shot||[still]\n|-prepare|p2a: Ogurin|Electro Shot\n|-boost|p2a: Ogurin|spa|1\n|\n|-heal|p1a: Mew|87/100|[from] Grassy Terrain\n|upkeep\n|turn|17\n|\n|t:|1771261857\n|move|p2a: Ogurin|Electro Shot|p1a: Mew|[from] lockedmove\n|-damage|p1a: Mew|25/100\n|move|p1a: Mew|Reflect Type|p2a: Ogurin\n|-start|p1a: Mew|typechange|[from] move: Reflect Type|[of] p2a: Ogurin\n|\n|-heal|p1a: Mew|31/100|[from] Grassy Terrain\n|upkeep\n|-start|p1a: Mew|typechange|Steel/Dragon|[silent]\n|turn|18\n|\n|t:|1771261865\n|move|p2a: Ogurin|Body Press|p1a: Mew\n|-supereffective|p1a: Mew\n|-damage|p1a: Mew|2/100\n|move|p1a: Mew|Calm Mind|p1a: Mew\n|-boost|p1a: Mew|spa|1\n|-boost|p1a: Mew|spd|1\n|\n|-heal|p1a: Mew|9/100|[from] Grassy Terrain\n|upkeep\n|turn|19\n|\n|t:|1771261874\n|move|p2a: Ogurin|Body Press|p1a: Mew\n|-supereffective|p1a: Mew\n|-damage|p1a: Mew|0 fnt\n|faint|p1a: Mew\n|\n|-fieldend|move: Grassy Terrain\n|upkeep\n|\n|t:|1771261879\n|switch|p1a: Landorus|Landorus-Therian, M, shiny|100/100\n|-ability|p1a: Landorus|Intimidate|boost\n|-unboost|p2a: Ogurin|atk|1\n|turn|20\n|\n|t:|1771261890\n|move|p1a: Landorus|Earthquake|p2a: Ogurin\n|-supereffective|p2a: Ogurin\n|-damage|p2a: Ogurin|5/100\n|-ability|p2a: Ogurin|Stamina|boost\n|-boost|p2a: Ogurin|def|1\n|move|p2a: Ogurin|Draco Meteor|p1a: Landorus\n|-damage|p1a: Landorus|0 fnt\n|-unboost|p2a: Ogurin|spa|2\n|faint|p1a: Landorus\n|\n|upkeep\n|\n|t:|1771261897\n|switch|p1a: Kyurem|Kyurem|72/100\n|-ability|p1a: Kyurem|Pressure\n|turn|21\n|\n|t:|1771261902\n|move|p1a: Kyurem|Earth Power|p2a: Ogurin\n|-supereffective|p2a: Ogurin\n|-damage|p2a: Ogurin|0 fnt\n|faint|p2a: Ogurin\n|\n|upkeep\n|\n|t:|1771261925\n|switch|p2a: Rina|Mawile, F|100/100\n|-ability|p2a: Rina|Intimidate|boost\n|-unboost|p1a: Kyurem|atk|1\n|turn|22\n|\n|t:|1771261935\n|detailschange|p2a: Rina|Mawile-Mega, F\n|-mega|p2a: Rina|Mawile|Mawilite\n|move|p1a: Kyurem|Earth Power|p2a: Rina\n|-supereffective|p2a: Rina\n|-damage|p2a: Rina|0 fnt\n|faint|p2a: Rina\n|detailschange|p2: Rina|Mawile, F|[silent]\n|\n|upkeep\n|\n|t:|1771261947\n|switch|p2a: Shiori|Rillaboom, F|100/100\n|-fieldstart|move: Grassy Terrain|[from] ability: Grassy Surge|[of] p2a: Shiori\n|turn|23\n|\n|t:|1771261954\n|switch|p1a: Melmetal|Melmetal, shiny|99/100\n|move|p2a: Shiori|Knock Off|p1a: Melmetal\n|-damage|p1a: Melmetal|77/100\n|-enditem|p1a: Melmetal|Assault Vest|[from] move: Knock Off|[of] p2a: Shiori\n|\n|-heal|p1a: Melmetal|83/100|[from] Grassy Terrain\n|upkeep\n|turn|24\n|\n|t:|1771261961\n|move|p2a: Shiori|U-turn|p1a: Melmetal\n|-resisted|p1a: Melmetal\n|-damage|p1a: Melmetal|75/100\n|\n|t:|1771261963\n|switch|p2a: Juvia|Pelipper, F|100/100|[from] U-turn\n|-weather|RainDance|[from] ability: Drizzle|[of] p2a: Juvia\n|move|p1a: Melmetal|Ice Punch|p2a: Juvia\n|-damage|p2a: Juvia|74/100\n|\n|-weather|RainDance|[upkeep]\n|-heal|p1a: Melmetal|81/100|[from] Grassy Terrain\n|upkeep\n|turn|25\n|\n|t:|1771261972\n|move|p2a: Juvia|U-turn|p1a: Melmetal\n|-resisted|p1a: Melmetal\n|-damage|p1a: Melmetal|79/100\n|\n|t:|1771261975\n|switch|p2a: Shiori|Rillaboom, F|100/100|[from] U-turn\n|move|p1a: Melmetal|Thunder Punch|p2a: Shiori\n|-resisted|p2a: Shiori\n|-damage|p2a: Shiori|84/100\n|\n|-weather|RainDance|[upkeep]\n|-heal|p2a: Shiori|91/100|[from] Grassy Terrain\n|-heal|p2a: Shiori|97/100|[from] item: Leftovers\n|-heal|p1a: Melmetal|85/100|[from] Grassy Terrain\n|upkeep\n|turn|26\n|\n|t:|1771261985\n|move|p2a: Shiori|Wood Hammer|p1a: Melmetal\n|-resisted|p1a: Melmetal\n|-damage|p1a: Melmetal|58/100\n|-damage|p2a: Shiori|87/100|[from] Recoil\n|move|p1a: Melmetal|Ice Punch|p2a: Shiori\n|-supereffective|p2a: Shiori\n|-damage|p2a: Shiori|25/100\n|-status|p2a: Shiori|frz\n|\n|-weather|RainDance|[upkeep]\n|-heal|p2a: Shiori|31/100 frz|[from] Grassy Terrain\n|-heal|p2a: Shiori|37/100 frz|[from] item: Leftovers\n|-heal|p1a: Melmetal|64/100|[from] Grassy Terrain\n|upkeep\n|turn|27\n|c|☆SakikoPlushie|lmao\n|c|☆Yaoshi|mb\n|\n|t:|1771261993\n|cant|p2a: Shiori|frz\n|move|p1a: Melmetal|Ice Punch|p2a: Shiori\n|-supereffective|p2a: Shiori\n|-damage|p2a: Shiori|0 fnt\n|faint|p2a: Shiori\n|\n|-weather|RainDance|[upkeep]\n|-heal|p1a: Melmetal|70/100|[from] Grassy Terrain\n|-fieldend|move: Grassy Terrain\n|upkeep\n|\n|t:|1771261997\n|switch|p2a: RiceShower|Basculegion, M|100/100\n|turn|28\n|\n|t:|1771262002\n|switch|p1a: Kyurem|Kyurem|72/100\n|-ability|p1a: Kyurem|Pressure\n|move|p2a: RiceShower|Wave Crash|p1a: Kyurem\n|-resisted|p1a: Kyurem\n|-crit|p1a: Kyurem\n|-damage|p1a: Kyurem|0 fnt\n|faint|p1a: Kyurem\n|-damage|p2a: RiceShower|76/100|[from] Recoil\n|\n|-weather|none\n|upkeep\n|\n|t:|1771262005\n|switch|p1a: Alomomola|Alomomola, F|47/100\n|turn|29\n|\n|t:|1771262010\n|switch|p2a: Juvia|Pelipper, F|74/100\n|-weather|RainDance|[from] ability: Drizzle|[of] p2a: Juvia\n|move|p1a: Alomomola|Wish|p1a: Alomomola\n|\n|-weather|RainDance|[upkeep]\n|upkeep\n|turn|30\n|\n|t:|1771262014\n|switch|p1a: Melmetal|Melmetal, shiny|70/100\n|move|p2a: Juvia|Hurricane|p1a: Melmetal\n|-resisted|p1a: Melmetal\n|-damage|p1a: Melmetal|53/100\n|\n|-weather|RainDance|[upkeep]\n|-heal|p1a: Melmetal|100/100|[from] move: Wish|[wisher] Alomomola\n|upkeep\n|turn|31\n|\n|t:|1771262021\n|move|p2a: Juvia|Hurricane|p1a: Melmetal\n|-resisted|p1a: Melmetal\n|-damage|p1a: Melmetal|86/100\n|-start|p1a: Melmetal|confusion\n|-activate|p1a: Melmetal|confusion\n|-damage|p1a: Melmetal|75/100|[from] confusion\n|\n|-weather|RainDance|[upkeep]\n|upkeep\n|turn|32\n|\n|t:|1771262028\n|move|p2a: Juvia|Hurricane|p1a: Melmetal\n|-resisted|p1a: Melmetal\n|-damage|p1a: Melmetal|59/100\n|-end|p1a: Melmetal|confusion\n|move|p1a: Melmetal|Thunder Punch|p2a: Juvia\n|-supereffective|p2a: Juvia\n|-damage|p2a: Juvia|0 fnt\n|faint|p2a: Juvia\n|\n|-weather|RainDance|[upkeep]\n|upkeep\n|\n|t:|1771262033\n|switch|p2a: RiceShower|Basculegion, M|76/100\n|turn|33\n|\n|t:|1771262036\n|move|p2a: RiceShower|Wave Crash|p1a: Melmetal\n|-damage|p1a: Melmetal|0 fnt\n|faint|p1a: Melmetal\n|-damage|p2a: RiceShower|54/100|[from] Recoil\n|\n|-weather|none\n|upkeep\n|\n|t:|1771262041\n|switch|p1a: Banette|Banette, F|100/100\n|turn|34\n|\n|t:|1771262045\n|detailschange|p1a: Banette|Banette-Mega, F\n|-mega|p1a: Banette|Banette|Banettite\n|move|p1a: Banette|Will-O-Wisp|p2a: RiceShower\n|-status|p2a: RiceShower|brn\n|move|p2a: RiceShower|Wave Crash|p1a: Banette\n|-damage|p1a: Banette|39/100\n|-damage|p2a: RiceShower|37/100 brn|[from] Recoil\n|\n|-damage|p2a: RiceShower|31/100 brn|[from] brn\n|upkeep\n|turn|35\n|\n|t:|1771262052\n|switch|p1a: Alomomola|Alomomola, F|80/100\n|move|p2a: RiceShower|Wave Crash|p1a: Alomomola\n|-resisted|p1a: Alomomola\n|-damage|p1a: Alomomola|68/100\n|-damage|p2a: RiceShower|14/100 brn|[from] item: Rocky Helmet|[of] p1a: Alomomola\n|-damage|p2a: RiceShower|9/100 brn|[from] Recoil\n|\n|-damage|p2a: RiceShower|3/100 brn|[from] brn\n|upkeep\n|turn|36\n|-message|SakikoPlushie forfeited.\n|\n|win|Yaoshi\n|raw|Yaoshi's rating: 1587 &rarr; <strong>1608</strong><br />(+21 for winning)\n|raw|SakikoPlushie's rating: 1603 &rarr; <strong>1582</strong><br />(-21 for losing)\n|l|☆SakikoPlushie\n|player|p2|\n|l|☆Yaoshi\n|player|p1|\n", "uploadtime": 1771261635, "views": 5, "formatid": "gen9nationaldex", "rating": 1582, "private": 0, "password": null}