{"id": "gen9nationaldex-2540235891", "format": "[Gen 9] National Dex", "players": ["BanTheMaster", "Cerberus 17"], "log": "|j|☆BanTheMaster\n|j|☆Cerberus 17\n|t:|1771179088\n|gametype|singles\n|player|p1|BanTheMaster|ingo|1655\n|player|p2|Cerberus 17|cynthia-gen4|1756\n|gen|9\n|tier|[Gen 9] National Dex\n|rated|\n|rule|HP Percentage Mod: HP is shown in percentages\n|rule|Endless Battle Clause: Forcing endless battles is banned\n|rule|Species Clause: Limit one of each Pokémon\n|rule|OHKO Clause: OHKO moves are banned\n|rule|Evasion Clause: Evasion abilities, items, and moves are banned\n|rule|Evasion Abilities Clause: Evasion abilities are banned\n|rule|Evasion Items Clause: Evasion items are banned\n|rule|Evasion Moves Clause: Evasion moves are banned\n|rule|Sleep Clause Mod: Limit one foe put to sleep\n|rule|Terastal Clause: You cannot Terastallize\n|clearpoke\n|poke|p1|Zamazenta-*|\n|poke|p1|Greninja-*, M|\n|poke|p1|Tapu Fini|\n|poke|p1|Iron Treads|\n|poke|p1|Pinsir, M|\n|poke|p1|Iron Moth|\n|poke|p2|Tyranitar, F|\n|poke|p2|Kartana|\n|poke|p2|Diancie|\n|poke|p2|Excadrill, M|\n|poke|p2|Sinistcha-Masterpiece|\n|poke|p2|Kommo-o, F|\n|teampreview\n|inactive|Battle timer is ON: inactive players will automatically lose when time's up. (requested by Cerberus 17)\n|\n|t:|1771179105\n|teamsize|p1|6\n|teamsize|p2|6\n|start\n|switch|p1a: Greninja|Greninja, M|100/100\n|switch|p2a: Sinistcha|Sinistcha-Masterpiece|100/100\n|turn|1\n|\n|t:|1771179117\n|switch|p2a: Tyranitar|Tyranitar, F|100/100\n|-weather|Sandstorm|[from] ability: Sand Stream|[of] p2a: Tyranitar\n|move|p1a: Greninja|Dark Pulse|p2a: Tyranitar\n|-resisted|p2a: Tyranitar\n|-damage|p2a: Tyranitar|91/100\n|\n|-weather|Sandstorm|[upkeep]\n|-damage|p1a: Greninja|95/100|[from] Sandstorm\n|upkeep\n|turn|2\n|\n|t:|1771179128\n|switch|p1a: Iron Treads|Iron Treads|100/100\n|move|p2a: Tyranitar|Knock Off|p1a: Iron Treads\n|-damage|p1a: Iron Treads|48/100\n|-enditem|p1a: Iron Treads|Leftovers|[from] move: Knock Off|[of] p2a: Tyranitar\n|\n|-weather|Sandstorm|[upkeep]\n|upkeep\n|turn|3\n|\n|t:|1771179141\n|switch|p2a: Kommo-o|Kommo-o, F|100/100\n|move|p1a: Iron Treads|Rapid Spin|p2a: Kommo-o\n|-damage|p2a: Kommo-o|86/100\n|-boost|p1a: Iron Treads|spe|1\n|\n|-weather|Sandstorm|[upkeep]\n|-damage|p2a: Kommo-o|80/100|[from] Sandstorm\n|upkeep\n|turn|4\n|\n|t:|1771179151\n|move|p1a: Iron Treads|Stealth Rock|p2a: Kommo-o\n|-sidestart|p2: Cerberus 17|move: Stealth Rock\n|move|p2a: Kommo-o|Poison Jab|p1a: Iron Treads\n|-immune|p1a: Iron Treads\n|\n|-weather|Sandstorm|[upkeep]\n|-damage|p2a: Kommo-o|74/100|[from] Sandstorm\n|upkeep\n|turn|5\n|\n|t:|1771179157\n|move|p1a: Iron Treads|Earthquake|p2a: Kommo-o\n|-damage|p2a: Kommo-o|28/100\n|move|p2a: Kommo-o|Drain Punch|p1a: Iron Treads\n|-supereffective|p1a: Iron Treads\n|-damage|p1a: Iron Treads|1/100\n|-heal|p2a: Kommo-o|54/100|[from] drain|[of] p1a: Iron Treads\n|\n|-weather|Sandstorm|[upkeep]\n|-damage|p2a: Kommo-o|48/100|[from] Sandstorm\n|upkeep\n|turn|6\n|\n|t:|1771179171\n|switch|p2a: Sinistcha|Sinistcha-Masterpiece|100/100\n|-damage|p2a: Sinistcha|88/100|[from] Stealth Rock\n|move|p1a: Iron Treads|Iron Head|p2a: Sinistcha\n|-damage|p2a: Sinistcha|62/100\n|\n|-weather|Sandstorm|[upkeep]\n|-damage|p2a: Sinistcha|56/100|[from] Sandstorm\n|-heal|p2a: Sinistcha|62/100|[from] item: Leftovers\n|upkeep\n|turn|7\n|\n|t:|1771179181\n|move|p1a: Iron Treads|Iron Head|p2a: Sinistcha\n|-damage|p2a: Sinistcha|37/100\n|move|p2a: Sinistcha|Strength Sap|p1a: Iron Treads\n|-unboost|p1a: Iron Treads|atk|1\n|-heal|p2a: Sinistcha|100/100\n|\n|-weather|Sandstorm|[upkeep]\n|-damage|p2a: Sinistcha|94/100|[from] Sandstorm\n|-heal|p2a: Sinistcha|100/100|[from] item: Leftovers\n|upkeep\n|turn|8\n|\n|t:|1771179187\n|move|p1a: Iron Treads|Iron Head|p2a: Sinistcha\n|-damage|p2a: Sinistcha|84/100\n|cant|p2a: Sinistcha|flinch\n|\n|-weather|none\n|-heal|p2a: Sinistcha|90/100|[from] item: Leftovers\n|upkeep\n|turn|9\n|\n|t:|1771179192\n|move|p1a: Iron Treads|Iron Head|p2a: Sinistcha\n|-damage|p2a: Sinistcha|72/100\n|move|p2a: Sinistcha|Calm Mind|p2a: Sinistcha\n|-boost|p2a: Sinistcha|spa|1\n|-boost|p2a: Sinistcha|spd|1\n|\n|-heal|p2a: Sinistcha|79/100|[from] item: Leftovers\n|upkeep\n|turn|10\n|\n|t:|1771179196\n|-end|p1a: Iron Treads|Quark Drive|[silent]\n|switch|p1a: Pinsir|Pinsir, M|100/100\n|move|p2a: Sinistcha|Calm Mind|p2a: Sinistcha\n|-boost|p2a: Sinistcha|spa|1\n|-boost|p2a: Sinistcha|spd|1\n|\n|-heal|p2a: Sinistcha|85/100|[from] item: Leftovers\n|upkeep\n|turn|11\n|\n|t:|1771179217\n|detailschange|p1a: Pinsir|Pinsir-Mega, M\n|-mega|p1a: Pinsir|Pinsir|Pinsirite\n|move|p1a: Pinsir|Return|p2a: Sinistcha\n|-supereffective|p2a: Sinistcha\n|-damage|p2a: Sinistcha|0 fnt\n|faint|p2a: Sinistcha\n|\n|upkeep\n|\n|t:|1771179221\n|switch|p2a: Diancie|Diancie|100/100\n|-damage|p2a: Diancie|88/100|[from] Stealth Rock\n|turn|12\n|\n|t:|1771179228\n|switch|p1a: Iron Treads|Iron Treads|1/100\n|move|p2a: Diancie|Stealth Rock|p1a: Iron Treads\n|-sidestart|p1: BanTheMaster|move: Stealth Rock\n|\n|upkeep\n|turn|13\n|\n|t:|1771179234\n|detailschange|p2a: Diancie|Diancie-Mega\n|-mega|p2a: Diancie|Diancie|Diancite\n|move|p2a: Diancie|Moonblast|p1a: Iron Treads\n|-resisted|p1a: Iron Treads\n|-damage|p1a: Iron Treads|0 fnt\n|faint|p1a: Iron Treads\n|-end|p1a: Iron Treads|Quark Drive|[silent]\n|\n|upkeep\n|\n|t:|1771179249\n|switch|p1a: Greninja|Greninja, M|95/100\n|-damage|p1a: Greninja|82/100|[from] Stealth Rock\n|turn|14\n|\n|t:|1771179274\n|switch|p2a: Tyranitar|Tyranitar, F|91/100\n|-damage|p2a: Tyranitar|78/100|[from] Stealth Rock\n|-weather|Sandstorm|[from] ability: Sand Stream|[of] p2a: Tyranitar\n|move|p1a: Greninja|Hydro Pump|p2a: Tyranitar\n|-supereffective|p2a: Tyranitar\n|-damage|p2a: Tyranitar|24/100\n|\n|-weather|Sandstorm|[upkeep]\n|-damage|p1a: Greninja|76/100|[from] Sandstorm\n|upkeep\n|turn|15\n|\n|t:|1771179281\n|move|p1a: Greninja|Hydro Pump|p2a: Tyranitar\n|-supereffective|p2a: Tyranitar\n|-damage|p2a: Tyranitar|0 fnt\n|faint|p2a: Tyranitar\n|-ability|p1a: Greninja|Battle Bond|boost\n|-boost|p1a: Greninja|atk|1\n|-boost|p1a: Greninja|spa|1\n|-boost|p1a: Greninja|spe|1\n|-activate|p1a: Greninja|ability: Battle Bond\n|\n|-weather|Sandstorm|[upkeep]\n|-damage|p1a: Greninja|70/100|[from] Sandstorm\n|upkeep\n|\n|t:|1771179286\n|switch|p2a: Excadrill|Excadrill, M|100/100\n|-damage|p2a: Excadrill|97/100|[from] Stealth Rock\n|turn|16\n|\n|t:|1771179300\n|move|p1a: Greninja|Water Shuriken|p2a: Excadrill\n|-supereffective|p2a: Excadrill\n|-damage|p2a: Excadrill|69/100\n|-supereffective|p2a: Excadrill\n|-damage|p2a: Excadrill|40/100\n|-hitcount|p2a: Excadrill|2\n|move|p2a: Excadrill|Earthquake|p1a: Greninja\n|-damage|p1a: Greninja|0 fnt\n|faint|p1a: Greninja\n|\n|-weather|Sandstorm|[upkeep]\n|upkeep\n|\n|t:|1771179308\n|switch|p1a: Zamazenta|Zamazenta|100/100\n|-damage|p1a: Zamazenta|94/100|[from] Stealth Rock\n|-ability|p1a: Zamazenta|Dauntless Shield|boost\n|-boost|p1a: Zamazenta|def|1\n|turn|17\n|\n|t:|1771179312\n|move|p2a: Excadrill|Earthquake|p1a: Zamazenta\n|-damage|p1a: Zamazenta|57/100\n|move|p1a: Zamazenta|Substitute|p1a: Zamazenta\n|-start|p1a: Zamazenta|Substitute\n|-damage|p1a: Zamazenta|32/100\n|\n|-weather|Sandstorm|[upkeep]\n|-damage|p1a: Zamazenta|25/100|[from] Sandstorm\n|-heal|p1a: Zamazenta|32/100|[from] item: Leftovers\n|upkeep\n|turn|18\n|\n|t:|1771179316\n|move|p2a: Excadrill|Earthquake|p1a: Zamazenta\n|-end|p1a: Zamazenta|Substitute\n|move|p1a: Zamazenta|Iron Defense|p1a: Zamazenta\n|-boost|p1a: Zamazenta|def|2\n|\n|-weather|Sandstorm|[upkeep]\n|-damage|p1a: Zamazenta|25/100|[from] Sandstorm\n|-heal|p1a: Zamazenta|32/100|[from] item: Leftovers\n|upkeep\n|turn|19\n|\n|t:|1771179323\n|move|p2a: Excadrill|Earthquake|p1a: Zamazenta\n|-damage|p1a: Zamazenta|11/100\n|move|p1a: Zamazenta|Body Press|p2a: Excadrill\n|-supereffective|p2a: Excadrill\n|-damage|p2a: Excadrill|0 fnt\n|faint|p2a: Excadrill\n|\n|-weather|Sandstorm|[upkeep]\n|-damage|p1a: Zamazenta|5/100|[from] Sandstorm\n|-heal|p1a: Zamazenta|11/100|[from] item: Leftovers\n|upkeep\n|\n|t:|1771179330\n|switch|p2a: Kartana|Kartana|100/100\n|-damage|p2a: Kartana|94/100|[from] Stealth Rock\n|turn|20\n|\n|t:|1771179337\n|move|p2a: Kartana|Smart Strike|p1a: Zamazenta\n|-damage|p1a: Zamazenta|0 fnt\n|faint|p1a: Zamazenta\n|-ability|p2a: Kartana|Beast Boost|boost\n|-boost|p2a: Kartana|atk|1\n|\n|-weather|Sandstorm|[upkeep]\n|upkeep\n|\n|t:|1771179344\n|switch|p1a: Iron Moth|Iron Moth|100/100\n|-damage|p1a: Iron Moth|76/100|[from] Stealth Rock\n|-enditem|p1a: Iron Moth|Booster Energy\n|-activate|p1a: Iron Moth|ability: Quark Drive|[fromitem]\n|-start|p1a: Iron Moth|quarkdrivespa\n|turn|21\n|inactive|Cerberus 17 has 120 seconds left.\n|\n|t:|1771179382\n|switch|p2a: Kommo-o|Kommo-o, F|48/100\n|-damage|p2a: Kommo-o|41/100|[from] Stealth Rock\n|move|p1a: Iron Moth|Agility|p1a: Iron Moth\n|-boost|p1a: Iron Moth|spe|2\n|\n|-weather|none\n|upkeep\n|turn|22\n|inactive|Cerberus 17 has 120 seconds left.\n|\n|t:|1771179388\n|move|p1a: Iron Moth|Sludge Wave|p2a: Kommo-o\n|-damage|p2a: Kommo-o|0 fnt\n|faint|p2a: Kommo-o\n|\n|upkeep\n|\n|t:|1771179391\n|switch|p2a: Diancie|Diancie-Mega|88/100\n|-damage|p2a: Diancie|76/100|[from] Stealth Rock\n|turn|23\n|\n|t:|1771179398\n|move|p1a: Iron Moth|Energy Ball|p2a: Diancie\n|-supereffective|p2a: Diancie\n|-damage|p2a: Diancie|0 fnt\n|faint|p2a: Diancie\n|detailschange|p2: Diancie|Diancie|[silent]\n|\n|upkeep\n|\n|t:|1771179401\n|switch|p2a: Kartana|Kartana|94/100\n|-damage|p2a: Kartana|88/100|[from] Stealth Rock\n|turn|24\n|\n|t:|1771179406\n|move|p1a: Iron Moth|Fiery Dance|p2a: Kartana\n|-supereffective|p2a: Kartana\n|-damage|p2a: Kartana|0 fnt\n|-boost|p1a: Iron Moth|spa|1\n|faint|p2a: Kartana\n|\n|win|BanTheMaster\n|raw|BanTheMaster's rating: 1655 &rarr; <strong>1681</strong><br />(+26 for winning)\n|raw|Cerberus 17's rating: 1756 &rarr; <strong>1730</strong><br />(-26 for losing)\n|l|☆Cerberus 17\n|player|p2|\n|l|☆BanTheMaster\n|player|p1|\n", "uploadtime": 1771179587, "views": 7, "formatid": "gen9nationaldex", "rating": 1681, "private": 0, "password": null}