{"id": "gen9nationaldex-2540577605", "format": "[Gen 9] National Dex", "players": ["Rootkitlo", "yubanmeiqin"], "log": "|j|☆Rootkitlo\n|j|☆yubanmeiqin\n|t:|1771220854\n|gametype|singles\n|player|p1|Rootkitlo|cynthia-gen4|1606\n|player|p2|yubanmeiqin|iono-masters|1593\n|gen|9\n|tier|[Gen 9] National Dex\n|rated|\n|rule|HP Percentage Mod: HP is shown in percentages\n|rule|Endless Battle Clause: Forcing endless battles is banned\n|rule|Species Clause: Limit one of each Pokémon\n|rule|OHKO Clause: OHKO moves are banned\n|rule|Evasion Clause: Evasion abilities, items, and moves are banned\n|rule|Evasion Abilities Clause: Evasion abilities are banned\n|rule|Evasion Items Clause: Evasion items are banned\n|rule|Evasion Moves Clause: Evasion moves are banned\n|rule|Sleep Clause Mod: Limit one foe put to sleep\n|rule|Terastal Clause: You cannot Terastallize\n|clearpoke\n|poke|p1|Landorus-Therian, M|\n|poke|p1|Great Tusk|\n|poke|p1|Ogerpon-Cornerstone, F|\n|poke|p1|Volcanion|\n|poke|p1|Iron Valiant|\n|poke|p1|Tyranitar, F|\n|poke|p2|Diancie|\n|poke|p2|Terapagos, M|\n|poke|p2|Ceruledge, M|\n|poke|p2|Ogerpon-Wellspring, F|\n|poke|p2|Dragonite, M|\n|poke|p2|Volcarona, F|\n|teampreview\n|inactive|Battle timer is ON: inactive players will automatically lose when time's up. (requested by yubanmeiqin)\n|\n|t:|1771220897\n|teamsize|p1|6\n|teamsize|p2|6\n|start\n|switch|p1a: Ogerpon|Ogerpon-Cornerstone, F|100/100\n|switch|p2a: Diamond Anon|Diancie|100/100\n|turn|1\n|\n|t:|1771220904\n|detailschange|p2a: Diamond Anon|Diancie-Mega\n|-mega|p2a: Diamond Anon|Diancie|Diancite\n|move|p2a: Diamond Anon|Stealth Rock|p1a: Ogerpon\n|-sidestart|p1: Rootkitlo|move: Stealth Rock\n|move|p1a: Ogerpon|Horn Leech|p2a: Diamond Anon\n|-supereffective|p2a: Diamond Anon\n|-damage|p2a: Diamond Anon|0 fnt\n|faint|p2a: Diamond Anon\n|detailschange|p2: Diamond Anon|Diancie|[silent]\n|\n|upkeep\n|\n|t:|1771220919\n|switch|p2a: Escape Saki|Ogerpon-Wellspring, F|100/100\n|turn|2\n|\n|t:|1771220928\n|move|p1a: Ogerpon|Horn Leech|p2a: Escape Saki\n|-damage|p2a: Escape Saki|40/100\n|move|p2a: Escape Saki|Trailblaze|p1a: Ogerpon\n|-crit|p1a: Ogerpon\n|-damage|p1a: Ogerpon|48/100\n|-boost|p2a: Escape Saki|spe|1\n|\n|upkeep\n|turn|3\n|\n|t:|1771220947\n|move|p2a: Escape Saki|Ivy Cudgel|p1a: Ogerpon|[anim] Ivy Cudgel Water\n|-damage|p1a: Ogerpon|0 fnt\n|faint|p1a: Ogerpon\n|\n|upkeep\n|\n|t:|1771220950\n|switch|p1a: Volcanion|Volcanion|100/100\n|-damage|p1a: Volcanion|75/100|[from] Stealth Rock\n|turn|4\n|\n|t:|1771220961\n|move|p2a: Escape Saki|Trailblaze|p1a: Volcanion\n|-damage|p1a: Volcanion|51/100\n|-boost|p2a: Escape Saki|spe|1\n|move|p1a: Volcanion|Steam Eruption|p2a: Escape Saki\n|-heal|p2a: Escape Saki|65/100|[from] ability: Water Absorb|[of] p1a: Volcanion\n|\n|upkeep\n|turn|5\n|\n|t:|1771220977\n|move|p2a: Escape Saki|Trailblaze|p1a: Volcanion\n|-damage|p1a: Volcanion|26/100\n|-boost|p2a: Escape Saki|spe|1\n|move|p1a: Volcanion|Flamethrower|p2a: Escape Saki\n|-damage|p2a: Escape Saki|5/100\n|\n|upkeep\n|turn|6\n|\n|t:|1771220984\n|move|p2a: Escape Saki|Trailblaze|p1a: Volcanion\n|-damage|p1a: Volcanion|3/100\n|-boost|p2a: Escape Saki|spe|1\n|move|p1a: Volcanion|Flamethrower|p2a: Escape Saki\n|-damage|p2a: Escape Saki|0 fnt\n|faint|p2a: Escape Saki\n|\n|upkeep\n|\n|t:|1771221002\n|switch|p2a: Shining Tomorin|Terapagos, M|100/100\n|-activate|p2a: Shining Tomorin|ability: Tera Shift\n|detailschange|p2a: Shining Tomorin|Terapagos-Terastal, M\n|-heal|p2a: Shining Tomorin|100/100|[silent]\n|turn|7\n|\n|t:|1771221004\n|move|p2a: Shining Tomorin|Rapid Spin|p1a: Volcanion\n|-damage|p1a: Volcanion|0 fnt\n|-boost|p2a: Shining Tomorin|spe|1\n|faint|p1a: Volcanion\n|\n|upkeep\n|\n|t:|1771221007\n|switch|p1a: Great Tusk|Great Tusk|100/100\n|turn|8\n|\n|t:|1771221018\n|switch|p2a: 10-day Rikki|Ceruledge, M|100/100\n|move|p1a: Great Tusk|Rapid Spin|p2a: 10-day Rikki\n|-immune|p2a: 10-day Rikki\n|\n|upkeep\n|turn|9\n|\n|t:|1771221025\n|-end|p1a: Great Tusk|Protosynthesis|[silent]\n|switch|p1a: Landorus|Landorus-Therian, M|100/100\n|-damage|p1a: Landorus|88/100|[from] Stealth Rock\n|-ability|p1a: Landorus|Intimidate|boost\n|-unboost|p2a: 10-day Rikki|atk|1\n|move|p2a: 10-day Rikki|Swords Dance|p2a: 10-day Rikki\n|-boost|p2a: 10-day Rikki|atk|2\n|\n|upkeep\n|turn|10\n|\n|t:|1771221035\n|move|p1a: Landorus|Stealth Rock|p2a: 10-day Rikki\n|-sidestart|p2: yubanmeiqin|move: Stealth Rock\n|move|p2a: 10-day Rikki|Poltergeist|p1a: Landorus\n|-activate|p1a: Landorus|move: Poltergeist|Rocky Helmet\n|-damage|p1a: Landorus|0 fnt\n|faint|p1a: Landorus\n|\n|upkeep\n|\n|t:|1771221044\n|switch|p1a: Tyranitar|Tyranitar, F|100/100\n|-damage|p1a: Tyranitar|88/100|[from] Stealth Rock\n|-weather|Sandstorm|[from] ability: Sand Stream|[of] p1a: Tyranitar\n|turn|11\n|\n|t:|1771221047\n|detailschange|p1a: Tyranitar|Tyranitar-Mega, F\n|-mega|p1a: Tyranitar|Tyranitar|Tyranitarite\n|move|p2a: 10-day Rikki|Close Combat|p1a: Tyranitar\n|-supereffective|p1a: Tyranitar\n|-damage|p1a: Tyranitar|0 fnt\n|-unboost|p2a: 10-day Rikki|def|1\n|-unboost|p2a: 10-day Rikki|spd|1\n|faint|p1a: Tyranitar\n|detailschange|p1: Tyranitar|Tyranitar, F|[silent]\n|\n|-weather|Sandstorm|[upkeep]\n|-damage|p2a: 10-day Rikki|94/100|[from] Sandstorm\n|upkeep\n|\n|t:|1771221059\n|switch|p1a: Great Tusk|Great Tusk|100/100\n|turn|12\n|\n|t:|1771221062\n|move|p1a: Great Tusk|Headlong Rush|p2a: 10-day Rikki\n|-supereffective|p2a: 10-day Rikki\n|-damage|p2a: 10-day Rikki|0 fnt\n|-unboost|p1a: Great Tusk|def|1\n|-unboost|p1a: Great Tusk|spd|1\n|faint|p2a: 10-day Rikki\n|\n|-weather|Sandstorm|[upkeep]\n|upkeep\n|\n|t:|1771221066\n|switch|p2a: Shining Tomorin|Terapagos-Terastal, M|100/100\n|turn|13\n|\n|t:|1771221069\n|move|p1a: Great Tusk|Rapid Spin|p2a: Shining Tomorin\n|-activate|p2a: Shining Tomorin|ability: Tera Shell\n|-resisted|p2a: Shining Tomorin\n|-damage|p2a: Shining Tomorin|92/100\n|-boost|p1a: Great Tusk|spe|1\n|-sideend|p1: Rootkitlo|Stealth Rock|[from] move: Rapid Spin|[of] p1a: Great Tusk\n|move|p2a: Shining Tomorin|Rapid Spin|p1a: Great Tusk\n|-damage|p1a: Great Tusk|82/100\n|-boost|p2a: Shining Tomorin|spe|1\n|-sideend|p2: yubanmeiqin|Stealth Rock|[from] move: Rapid Spin|[of] p2a: Shining Tomorin\n|\n|-weather|Sandstorm|[upkeep]\n|-damage|p2a: Shining Tomorin|86/100|[from] Sandstorm\n|upkeep\n|turn|14\n|\n|t:|1771221076\n|move|p1a: Great Tusk|Close Combat|p2a: Shining Tomorin\n|-supereffective|p2a: Shining Tomorin\n|-damage|p2a: Shining Tomorin|0 fnt\n|-unboost|p1a: Great Tusk|def|1\n|-unboost|p1a: Great Tusk|spd|1\n|faint|p2a: Shining Tomorin\n|\n|-weather|Sandstorm|[upkeep]\n|upkeep\n|\n|t:|1771221084\n|switch|p2a: Gentle Soyorin|Dragonite, M|100/100\n|turn|15\n|\n|t:|1771221092\n|move|p1a: Great Tusk|Ice Spinner|p2a: Gentle Soyorin\n|-supereffective|p2a: Gentle Soyorin\n|-damage|p2a: Gentle Soyorin|38/100\n|move|p2a: Gentle Soyorin|Encore|p1a: Great Tusk\n|-start|p1a: Great Tusk|Encore\n|\n|-weather|none\n|upkeep\n|turn|16\n|\n|t:|1771221095\n|move|p1a: Great Tusk|Ice Spinner|p2a: Gentle Soyorin\n|-supereffective|p2a: Gentle Soyorin\n|-crit|p2a: Gentle Soyorin\n|-damage|p2a: Gentle Soyorin|0 fnt\n|faint|p2a: Gentle Soyorin\n|\n|upkeep\n|\n|t:|1771221097\n|switch|p2a: macha Rana|Volcarona, F, shiny|100/100\n|turn|17\n|\n|t:|1771221099\n|-end|p1a: Great Tusk|Protosynthesis|[silent]\n|switch|p1a: Iron Valiant|Iron Valiant|100/100\n|-enditem|p1a: Iron Valiant|Booster Energy\n|-activate|p1a: Iron Valiant|ability: Quark Drive|[fromitem]\n|-start|p1a: Iron Valiant|quarkdrivespe\n|move|p2a: macha Rana|Substitute|p2a: macha Rana\n|-start|p2a: macha Rana|Substitute\n|-damage|p2a: macha Rana|76/100\n|\n|upkeep\n|turn|18\n|\n|t:|1771221104\n|move|p1a: Iron Valiant|Shadow Ball|p2a: macha Rana\n|-end|p2a: macha Rana|Substitute\n|-zpower|p2a: macha Rana\n|move|p2a: macha Rana|Savage Spin-Out|p1a: Iron Valiant|[zeffect]\n|-resisted|p1a: Iron Valiant\n|-damage|p1a: Iron Valiant|56/100\n|\n|upkeep\n|turn|19\n|\n|t:|1771221108\n|move|p1a: Iron Valiant|Shadow Ball|p2a: macha Rana\n|-damage|p2a: macha Rana|49/100\n|move|p2a: macha Rana|Quiver Dance|p2a: macha Rana\n|-boost|p2a: macha Rana|spa|1\n|-boost|p2a: macha Rana|spd|1\n|-boost|p2a: macha Rana|spe|1\n|\n|upkeep\n|turn|20\n|\n|t:|1771221111\n|move|p1a: Iron Valiant|Destiny Bond|p1a: Iron Valiant\n|-singlemove|p1a: Iron Valiant|Destiny Bond\n|move|p2a: macha Rana|Quiver Dance|p2a: macha Rana\n|-boost|p2a: macha Rana|spa|1\n|-boost|p2a: macha Rana|spd|1\n|-boost|p2a: macha Rana|spe|1\n|\n|upkeep\n|turn|21\n|\n|t:|1771221118\n|move|p2a: macha Rana|Quiver Dance|p2a: macha Rana\n|-boost|p2a: macha Rana|spa|1\n|-boost|p2a: macha Rana|spd|1\n|-boost|p2a: macha Rana|spe|1\n|move|p1a: Iron Valiant|Close Combat|p2a: macha Rana\n|-resisted|p2a: macha Rana\n|-damage|p2a: macha Rana|8/100\n|-unboost|p1a: Iron Valiant|def|1\n|-unboost|p1a: Iron Valiant|spd|1\n|\n|upkeep\n|turn|22\n|\n|t:|1771221124\n|move|p2a: macha Rana|Flamethrower|p1a: Iron Valiant\n|-damage|p1a: Iron Valiant|0 fnt\n|faint|p1a: Iron Valiant\n|-end|p1a: Iron Valiant|Quark Drive|[silent]\n|\n|upkeep\n|\n|t:|1771221126\n|switch|p1a: Great Tusk|Great Tusk|82/100\n|turn|23\n|\n|t:|1771221128\n|move|p2a: macha Rana|Flamethrower|p1a: Great Tusk\n|-damage|p1a: Great Tusk|0 fnt\n|faint|p1a: Great Tusk\n|-end|p1a: Great Tusk|Protosynthesis|[silent]\n|\n|win|yubanmeiqin\n|raw|Rootkitlo's rating: 1606 &rarr; <strong>1585</strong><br />(-21 for losing)\n|raw|yubanmeiqin's rating: 1593 &rarr; <strong>1614</strong><br />(+21 for winning)\n|l|☆yubanmeiqin\n|player|p2|\n|l|☆Rootkitlo\n|player|p1|\n", "uploadtime": 1771221448, "views": 5, "formatid": "gen9nationaldex", "rating": 1585, "private": 0, "password": null}