{"id": "gen9nationaldex-2540877396", "format": "[Gen 9] National Dex", "players": ["Crim777", "pablefe"], "log": "|j|☆Crim777\n|j|☆pablefe\n|t:|1771263117\n|gametype|singles\n|player|p1|Crim777|silver|1478\n|player|p2|pablefe|clair|1672\n|gen|9\n|tier|[Gen 9] National Dex\n|rated|\n|rule|HP Percentage Mod: HP is shown in percentages\n|rule|Endless Battle Clause: Forcing endless battles is banned\n|rule|Species Clause: Limit one of each Pokémon\n|rule|OHKO Clause: OHKO moves are banned\n|rule|Evasion Clause: Evasion abilities, items, and moves are banned\n|rule|Evasion Abilities Clause: Evasion abilities are banned\n|rule|Evasion Items Clause: Evasion items are banned\n|rule|Evasion Moves Clause: Evasion moves are banned\n|rule|Sleep Clause Mod: Limit one foe put to sleep\n|rule|Terastal Clause: You cannot Terastallize\n|clearpoke\n|poke|p1|Grimmsnarl, M|\n|poke|p1|Moltres|\n|poke|p1|Serperior, F|\n|poke|p1|Clodsire, M|\n|poke|p1|Kyurem|\n|poke|p1|Scizor, M|\n|poke|p2|Clefable, F|\n|poke|p2|Pecharunt|\n|poke|p2|Skarmory, M|\n|poke|p2|Latios, M|\n|poke|p2|Ting-Lu|\n|poke|p2|Gholdengo|\n|teampreview\n|\n|t:|1771263126\n|teamsize|p1|6\n|teamsize|p2|6\n|start\n|switch|p1a: Grimmsnarl|Grimmsnarl, M, shiny|100/100\n|switch|p2a: Skarmory|Skarmory, M|100/100\n|turn|1\n|inactive|Battle timer is ON: inactive players will automatically lose when time's up. (requested by pablefe)\n|\n|t:|1771263133\n|move|p1a: Grimmsnarl|Taunt|p2a: Skarmory\n|-start|p2a: Skarmory|move: Taunt\n|cant|p2a: Skarmory|move: Taunt|Spikes\n|\n|upkeep\n|turn|2\n|\n|t:|1771263138\n|switch|p2a: Pecharunt|Pecharunt|100/100\n|move|p1a: Grimmsnarl|Reflect|p1a: Grimmsnarl\n|-sidestart|p1: Crim777|Reflect\n|\n|upkeep\n|turn|3\n|\n|t:|1771263144\n|move|p1a: Grimmsnarl|Light Screen|p1a: Grimmsnarl\n|-sidestart|p1: Crim777|move: Light Screen\n|move|p2a: Pecharunt|Parting Shot|p1a: Grimmsnarl\n|-unboost|p1a: Grimmsnarl|atk|1\n|-unboost|p1a: Grimmsnarl|spa|1\n|\n|t:|1771263148\n|switch|p2a: Skarmory|Skarmory, M|100/100|[from] Parting Shot\n|\n|upkeep\n|turn|4\n|\n|t:|1771263153\n|move|p1a: Grimmsnarl|Taunt|p2a: Skarmory\n|-start|p2a: Skarmory|move: Taunt\n|cant|p2a: Skarmory|move: Taunt|Spikes\n|\n|upkeep\n|turn|5\n|\n|t:|1771263159\n|switch|p2a: Pecharunt|Pecharunt|100/100\n|move|p1a: Grimmsnarl|Parting Shot|p2a: Pecharunt\n|-unboost|p2a: Pecharunt|atk|1\n|-unboost|p2a: Pecharunt|spa|1\n|\n|t:|1771263173\n|switch|p1a: Kyurem|Kyurem, shiny|100/100|[from] Parting Shot\n|-ability|p1a: Kyurem|Pressure\n|\n|upkeep\n|turn|6\n|\n|t:|1771263181\n|move|p1a: Kyurem|Freeze-Dry|p2a: Pecharunt\n|-damage|p2a: Pecharunt|46/100\n|move|p2a: Pecharunt|Parting Shot|p1a: Kyurem\n|-unboost|p1a: Kyurem|atk|1\n|-unboost|p1a: Kyurem|spa|1\n|\n|t:|1771263186\n|switch|p2a: Clefable|Clefable, F|100/100|[from] Parting Shot\n|\n|upkeep\n|turn|7\n|\n|t:|1771263191\n|move|p1a: Kyurem|Freeze-Dry|p2a: Clefable\n|-damage|p2a: Clefable|69/100\n|move|p2a: Clefable|Stealth Rock|p1a: Kyurem\n|-sidestart|p1: Crim777|move: Stealth Rock\n|\n|-heal|p2a: Clefable|75/100|[from] item: Leftovers\n|upkeep\n|turn|8\n|\n|t:|1771263203\n|switch|p1a: Grimmsnarl|Grimmsnarl, M, shiny|100/100\n|-damage|p1a: Grimmsnarl|88/100|[from] Stealth Rock\n|move|p2a: Clefable|Knock Off|p1a: Grimmsnarl\n|-resisted|p1a: Grimmsnarl\n|-damage|p1a: Grimmsnarl|87/100\n|-enditem|p1a: Grimmsnarl|Light Clay|[from] move: Knock Off|[of] p2a: Clefable\n|\n|-heal|p2a: Clefable|81/100|[from] item: Leftovers\n|upkeep\n|turn|9\n|\n|t:|1771263213\n|move|p1a: Grimmsnarl|Parting Shot|p2a: Clefable\n|-unboost|p2a: Clefable|atk|1\n|-unboost|p2a: Clefable|spa|1\n|\n|t:|1771263216\n|switch|p1a: Moltres|Moltres|100/100|[from] Parting Shot\n|move|p2a: Clefable|Moonblast|p1a: Moltres\n|-resisted|p1a: Moltres\n|-damage|p1a: Moltres|96/100\n|-unboost|p1a: Moltres|spa|1\n|\n|-heal|p2a: Clefable|87/100|[from] item: Leftovers\n|-sideend|p1: Crim777|Reflect\n|upkeep\n|turn|10\n|\n|t:|1771263229\n|move|p1a: Moltres|Defog|p2a: Clefable\n|-unboost|p2a: Clefable|evasion|1\n|-sideend|p1: Crim777|Stealth Rock|[from] move: Defog|[of] p1a: Moltres\n|move|p2a: Clefable|Knock Off|p1a: Moltres\n|-damage|p1a: Moltres|89/100\n|-enditem|p1a: Moltres|Heavy-Duty Boots|[from] move: Knock Off|[of] p2a: Clefable\n|\n|-heal|p2a: Clefable|93/100|[from] item: Leftovers\n|-sideend|p1: Crim777|move: Light Screen\n|upkeep\n|turn|11\n|\n|t:|1771263239\n|move|p1a: Moltres|U-turn|p2a: Clefable\n|-resisted|p2a: Clefable\n|-damage|p2a: Clefable|88/100\n|\n|t:|1771263244\n|switch|p1a: Grimmsnarl|Grimmsnarl, M, shiny|87/100|[from] U-turn\n|move|p2a: Clefable|Stealth Rock|p1a: Grimmsnarl\n|-sidestart|p1: Crim777|move: Stealth Rock\n|\n|-heal|p2a: Clefable|94/100|[from] item: Leftovers\n|upkeep\n|turn|12\n|l|☆pablefe\n|inactive|pablefe disconnected and has a minute to reconnect!\n|player|p2|\n|inactive|pablefe has 30 seconds to reconnect!\n|inactive|pablefe has 20 seconds to reconnect!\n|inactive|pablefe has 15 seconds to reconnect!\n|inactive|pablefe has 10 seconds to reconnect!\n|inactive|pablefe has 5 seconds to reconnect!\n|j|☆pablefe\n|inactive|pablefe reconnected and has 70 seconds left.\n|player|p2|pablefe|clair|\n|\n|t:|1771263326\n|move|p1a: Grimmsnarl|Light Screen|p1a: Grimmsnarl\n|-sidestart|p1: Crim777|move: Light Screen\n|move|p2a: Clefable|Stealth Rock||[still]\n|-fail|p2a: Clefable\n|\n|-heal|p2a: Clefable|99/100|[from] item: Leftovers\n|upkeep\n|turn|13\n|\n|t:|1771263336\n|move|p1a: Grimmsnarl|Parting Shot|p2a: Clefable\n|-unboost|p2a: Clefable|atk|1\n|-unboost|p2a: Clefable|spa|1\n|\n|t:|1771263339\n|switch|p1a: Scizor|Scizor, M|100/100|[from] Parting Shot\n|-damage|p1a: Scizor|88/100|[from] Stealth Rock\n|move|p2a: Clefable|Moonblast|p1a: Scizor\n|-resisted|p1a: Scizor\n|-damage|p1a: Scizor|83/100\n|\n|-heal|p2a: Clefable|100/100|[from] item: Leftovers\n|upkeep\n|turn|14\n|c|☆pablefe|Bro stupid disconnect glitch\n|inactive|pablefe has 90 seconds left.\n|\n|t:|1771263350\n|switch|p2a: Skarmory|Skarmory, M|100/100\n|detailschange|p1a: Scizor|Scizor-Mega, M\n|-mega|p1a: Scizor|Scizor|Scizorite\n|move|p1a: Scizor|Swords Dance|p1a: Scizor\n|-boost|p1a: Scizor|atk|2\n|\n|upkeep\n|turn|15\n|inactive|pablefe has 90 seconds left.\n|\n|t:|1771263358\n|switch|p2a: Latios|Latios, M|100/100\n|move|p1a: Scizor|Swords Dance|p1a: Scizor\n|-boost|p1a: Scizor|atk|2\n|\n|upkeep\n|turn|16\n|\n|t:|1771263365\n|detailschange|p2a: Latios|Latios-Mega, M\n|-mega|p2a: Latios|Latios|Latiosite\n|move|p1a: Scizor|Bullet Punch|p2a: Latios\n|-damage|p2a: Latios|0 fnt\n|faint|p2a: Latios\n|detailschange|p2: Latios|Latios, M|[silent]\n|\n|-sideend|p1: Crim777|move: Light Screen\n|upkeep\n|\n|t:|1771263368\n|switch|p2a: Ting-Lu|Ting-Lu|100/100\n|-ability|p2a: Ting-Lu|Vessel of Ruin\n|turn|17\n|\n|t:|1771263376\n|move|p1a: Scizor|Bullet Punch|p2a: Ting-Lu\n|-damage|p2a: Ting-Lu|39/100\n|move|p2a: Ting-Lu|Whirlwind|p1a: Scizor\n|drag|p1a: Kyurem|Kyurem, shiny|100/100\n|-damage|p1a: Kyurem|76/100|[from] Stealth Rock\n|-ability|p1a: Kyurem|Pressure\n|\n|-heal|p2a: Ting-Lu|45/100|[from] item: Leftovers\n|upkeep\n|turn|18\n|inactive|pablefe has 120 seconds left.\n|\n|t:|1771263389\n|switch|p2a: Pecharunt|Pecharunt|46/100\n|move|p1a: Kyurem|Ice Beam|p2a: Pecharunt\n|-damage|p2a: Pecharunt|0 fnt\n|faint|p2a: Pecharunt\n|\n|upkeep\n|\n|t:|1771263393\n|switch|p2a: Gholdengo|Gholdengo|100/100\n|turn|19\n|\n|t:|1771263401\n|switch|p2a: Clefable|Clefable, F|100/100\n|switch|p1a: Grimmsnarl|Grimmsnarl, M, shiny|87/100\n|-damage|p1a: Grimmsnarl|74/100|[from] Stealth Rock\n|\n|upkeep\n|turn|20\n|\n|t:|1771263408\n|move|p1a: Grimmsnarl|Light Screen|p1a: Grimmsnarl\n|-sidestart|p1: Crim777|move: Light Screen\n|move|p2a: Clefable|Moonblast|p1a: Grimmsnarl\n|-supereffective|p1a: Grimmsnarl\n|-damage|p1a: Grimmsnarl|39/100\n|\n|upkeep\n|turn|21\n|\n|t:|1771263415\n|switch|p2a: Gholdengo|Gholdengo|100/100\n|move|p1a: Grimmsnarl|Parting Shot|p2a: Gholdengo\n|-immune|p2a: Gholdengo|[from] ability: Good as Gold\n|\n|upkeep\n|turn|22\n|\n|t:|1771263425\n|switch|p2a: Skarmory|Skarmory, M|100/100\n|switch|p1a: Clodsire|Clodsire, M|100/100\n|\n|upkeep\n|turn|23\n|\n|t:|1771263442\n|switch|p1a: Kyurem|Kyurem, shiny|76/100\n|-damage|p1a: Kyurem|51/100|[from] Stealth Rock\n|-ability|p1a: Kyurem|Pressure\n|move|p2a: Skarmory|Spikes|p1a: Kyurem\n|-sidestart|p1: Crim777|Spikes\n|\n|upkeep\n|turn|24\n|\n|t:|1771263452\n|move|p1a: Kyurem|Freeze-Dry|p2a: Skarmory\n|-damage|p2a: Skarmory|31/100\n|move|p2a: Skarmory|Body Press|p1a: Kyurem\n|-supereffective|p1a: Kyurem\n|-damage|p1a: Kyurem|0 fnt\n|faint|p1a: Kyurem\n|\n|-sideend|p1: Crim777|move: Light Screen\n|upkeep\n|\n|t:|1771263468\n|switch|p1a: Scizor|Scizor-Mega, M|83/100\n|-damage|p1a: Scizor|71/100|[from] Stealth Rock\n|-damage|p1a: Scizor|58/100|[from] Spikes\n|turn|25\n|\n|t:|1771263475\n|move|p2a: Skarmory|Brave Bird|p1a: Scizor\n|-damage|p1a: Scizor|31/100\n|-damage|p2a: Skarmory|22/100|[from] Recoil\n|move|p1a: Scizor|Swords Dance|p1a: Scizor\n|-boost|p1a: Scizor|atk|2\n|\n|upkeep\n|turn|26\n|\n|t:|1771263496\n|move|p2a: Skarmory|Roost|p2a: Skarmory\n|-heal|p2a: Skarmory|72/100\n|-singleturn|p2a: Skarmory|move: Roost\n|move|p1a: Scizor|Roost|p1a: Scizor\n|-heal|p1a: Scizor|81/100\n|-singleturn|p1a: Scizor|move: Roost\n|\n|upkeep\n|turn|27\n|\n|t:|1771263505\n|switch|p2a: Ting-Lu|Ting-Lu|45/100\n|-ability|p2a: Ting-Lu|Vessel of Ruin\n|move|p1a: Scizor|Swords Dance|p1a: Scizor\n|-boost|p1a: Scizor|atk|2\n|\n|-heal|p2a: Ting-Lu|51/100|[from] item: Leftovers\n|upkeep\n|turn|28\n|\n|t:|1771263517\n|move|p1a: Scizor|Bullet Punch|p2a: Ting-Lu\n|-damage|p2a: Ting-Lu|0 fnt\n|faint|p2a: Ting-Lu\n|\n|upkeep\n|\n|t:|1771263520\n|switch|p2a: Gholdengo|Gholdengo|100/100\n|turn|29\n|\n|t:|1771263524\n|move|p2a: Gholdengo|Shadow Ball|p1a: Scizor\n|-damage|p1a: Scizor|42/100\n|move|p1a: Scizor|Knock Off|p2a: Gholdengo\n|-supereffective|p2a: Gholdengo\n|-damage|p2a: Gholdengo|0 fnt\n|-enditem|p2a: Gholdengo|Choice Scarf|[from] move: Knock Off|[of] p1a: Scizor\n|faint|p2a: Gholdengo\n|\n|upkeep\n|\n|t:|1771263528\n|switch|p2a: Skarmory|Skarmory, M|72/100\n|turn|30\n|\n|t:|1771263538\n|move|p2a: Skarmory|Body Press|p1a: Scizor\n|-damage|p1a: Scizor|21/100\n|move|p1a: Scizor|Knock Off|p2a: Skarmory\n|-damage|p2a: Skarmory|0 fnt\n|-damage|p1a: Scizor|4/100|[from] item: Rocky Helmet|[of] p2a: Skarmory\n|-enditem|p2a: Skarmory|Rocky Helmet|[from] move: Knock Off|[of] p1a: Scizor\n|faint|p2a: Skarmory\n|\n|upkeep\n|\n|t:|1771263541\n|switch|p2a: Clefable|Clefable, F|100/100\n|turn|31\n|-message|pablefe forfeited.\n|\n|win|Crim777\n|raw|Crim777's rating: 1478 &rarr; <strong>1508</strong><br />(+30 for winning)\n|raw|pablefe's rating: 1672 &rarr; <strong>1642</strong><br />(-30 for losing)\n|l|☆pablefe\n|player|p2|\n", "uploadtime": 1771263600, "views": 4, "formatid": "gen9nationaldex", "rating": 1508, "private": 0, "password": null}