{"id": "gen9nationaldex-2540823578", "format": "[Gen 9] National Dex", "players": ["Fatmexican1", "poekmmo扎扎师最强"], "log": "|j|☆Fatmexican1\n|j|☆poekmmo扎扎师最强\n|t:|1771257781\n|gametype|singles\n|player|p1|Fatmexican1|1|1735\n|player|p2|poekmmo扎扎师最强|marnie-masters|1634\n|gen|9\n|tier|[Gen 9] National Dex\n|rated|\n|rule|HP Percentage Mod: HP is shown in percentages\n|rule|Endless Battle Clause: Forcing endless battles is banned\n|rule|Species Clause: Limit one of each Pokémon\n|rule|OHKO Clause: OHKO moves are banned\n|rule|Evasion Clause: Evasion abilities, items, and moves are banned\n|rule|Evasion Abilities Clause: Evasion abilities are banned\n|rule|Evasion Items Clause: Evasion items are banned\n|rule|Evasion Moves Clause: Evasion moves are banned\n|rule|Sleep Clause Mod: Limit one foe put to sleep\n|rule|Terastal Clause: You cannot Terastallize\n|clearpoke\n|poke|p1|Heatran, F|\n|poke|p1|Mawile, M|\n|poke|p1|Serperior, F|\n|poke|p1|Azumarill, M|\n|poke|p1|Zapdos-Galar|\n|poke|p1|Latios, M|\n|poke|p2|Tapu Lele|\n|poke|p2|Urshifu-*, M|\n|poke|p2|Melmetal|\n|poke|p2|Garchomp, F|\n|poke|p2|Zapdos|\n|poke|p2|Ferrothorn, F|\n|teampreview\n|inactive|Battle timer is ON: inactive players will automatically lose when time's up. (requested by poekmmo扎扎师最强)\n|\n|t:|1771257793\n|teamsize|p1|6\n|teamsize|p2|6\n|start\n|switch|p1a: Heatran|Heatran, F|100/100\n|switch|p2a: Melmetal|Melmetal|100/100\n|turn|1\n|\n|t:|1771257799\n|switch|p2a: Urshifu|Urshifu-Rapid-Strike, M|100/100\n|move|p1a: Heatran|Magma Storm|p2a: Urshifu\n|-resisted|p2a: Urshifu\n|-damage|p2a: Urshifu|54/100\n|-activate|p2a: Urshifu|move: Magma Storm|[of] p1a: Heatran\n|\n|-damage|p2a: Urshifu|42/100|[from] move: Magma Storm|[partiallytrapped]\n|upkeep\n|turn|2\n|\n|t:|1771257806\n|switch|p1a: Serperior|Serperior, F|100/100\n|move|p2a: Urshifu|Surging Strikes|p1a: Serperior\n|-resisted|p1a: Serperior\n|-crit|p1a: Serperior\n|-damage|p1a: Serperior|90/100\n|-resisted|p1a: Serperior\n|-crit|p1a: Serperior\n|-damage|p1a: Serperior|78/100\n|-resisted|p1a: Serperior\n|-crit|p1a: Serperior\n|-damage|p1a: Serperior|69/100\n|-hitcount|p1a: Serperior|3\n|\n|-end|p2a: Urshifu|Magma Storm|[partiallytrapped]|[silent]\n|upkeep\n|turn|3\n|j| corvipelon\n|\n|t:|1771257809\n|switch|p2a: Zapdos|Zapdos|100/100\n|move|p1a: Serperior|Leaf Storm|p2a: Zapdos\n|-resisted|p2a: Zapdos\n|-damage|p2a: Zapdos|77/100\n|-boost|p1a: Serperior|spa|2\n|\n|upkeep\n|turn|4\n|\n|t:|1771257813\n|switch|p1a: Heatran|Heatran, F|100/100\n|move|p2a: Zapdos|Hurricane|p1a: Heatran|[miss]\n|-miss|p2a: Zapdos|p1a: Heatran\n|\n|upkeep\n|turn|5\n|\n|t:|1771257820\n|move|p2a: Zapdos|Volt Switch|p1a: Heatran\n|-damage|p1a: Heatran|78/100\n|\n|t:|1771257822\n|switch|p2a: Garchomp|Garchomp, F|100/100|[from] Volt Switch\n|move|p1a: Heatran|Magma Storm|p2a: Garchomp|[miss]\n|-miss|p1a: Heatran|p2a: Garchomp\n|\n|-heal|p1a: Heatran|84/100|[from] item: Leftovers\n|upkeep\n|turn|6\n|\n|t:|1771257830\n|switch|p1a: Azumarill|Azumarill, M|100/100\n|move|p2a: Garchomp|Stealth Rock|p1a: Azumarill\n|-sidestart|p1: Fatmexican1|move: Stealth Rock\n|\n|upkeep\n|turn|7\n|\n|t:|1771257838\n|switch|p2a: Zapdos|Zapdos|77/100\n|move|p1a: Azumarill|Knock Off|p2a: Zapdos\n|-damage|p2a: Zapdos|49/100\n|-enditem|p2a: Zapdos|Heavy-Duty Boots|[from] move: Knock Off|[of] p1a: Azumarill\n|\n|upkeep\n|turn|8\n|\n|t:|1771257845\n|switch|p1a: Heatran|Heatran, F|84/100\n|-damage|p1a: Heatran|71/100|[from] Stealth Rock\n|move|p2a: Zapdos|Roost|p2a: Zapdos\n|-heal|p2a: Zapdos|99/100\n|-singleturn|p2a: Zapdos|move: Roost\n|\n|-heal|p1a: Heatran|77/100|[from] item: Leftovers\n|upkeep\n|turn|9\n|\n|t:|1771257848\n|move|p2a: Zapdos|Volt Switch|p1a: Heatran\n|-crit|p1a: Heatran\n|-damage|p1a: Heatran|40/100\n|\n|t:|1771257851\n|switch|p2a: Garchomp|Garchomp, F|100/100|[from] Volt Switch\n|move|p1a: Heatran|Stealth Rock|p2a: Garchomp\n|-sidestart|p2: poekmmo扎扎师最强|move: Stealth Rock\n|\n|-heal|p1a: Heatran|46/100|[from] item: Leftovers\n|upkeep\n|turn|10\n|\n|t:|1771257861\n|switch|p1a: Azumarill|Azumarill, M|100/100\n|-damage|p1a: Azumarill|88/100|[from] Stealth Rock\n|move|p2a: Garchomp|Earthquake|p1a: Azumarill\n|-damage|p1a: Azumarill|46/100\n|\n|upkeep\n|turn|11\n|\n|t:|1771257875\n|move|p2a: Garchomp|Earthquake|p1a: Azumarill\n|-crit|p1a: Azumarill\n|-damage|p1a: Azumarill|0 fnt\n|faint|p1a: Azumarill\n|\n|upkeep\n|\n|t:|1771257881\n|switch|p1a: Mawile|Mawile, M|100/100\n|-damage|p1a: Mawile|95/100|[from] Stealth Rock\n|-ability|p1a: Mawile|Intimidate|boost\n|-unboost|p2a: Garchomp|atk|1\n|turn|12\n|\n|t:|1771257885\n|switch|p1a: Zapdos|Zapdos-Galar|100/100\n|-damage|p1a: Zapdos|88/100|[from] Stealth Rock\n|move|p2a: Garchomp|Earthquake|p1a: Zapdos\n|-immune|p1a: Zapdos\n|\n|upkeep\n|turn|13\n|\n|t:|1771257887\n|move|p1a: Zapdos|Brave Bird|p2a: Garchomp\n|-damage|p2a: Garchomp|44/100\n|-damage|p1a: Zapdos|76/100|[from] ability: Rough Skin|[of] p2a: Garchomp\n|-damage|p1a: Zapdos|51/100|[from] Recoil\n|move|p2a: Garchomp|Toxic|p1a: Zapdos\n|-status|p1a: Zapdos|tox\n|\n|-heal|p2a: Garchomp|50/100|[from] item: Leftovers\n|-damage|p1a: Zapdos|45/100 tox|[from] psn\n|upkeep\n|turn|14\n|\n|t:|1771257897\n|move|p2a: Garchomp|Protect|p2a: Garchomp\n|-singleturn|p2a: Garchomp|Protect\n|move|p1a: Zapdos|Brave Bird|p2a: Garchomp\n|-activate|p2a: Garchomp|move: Protect\n|\n|-heal|p2a: Garchomp|56/100|[from] item: Leftovers\n|-damage|p1a: Zapdos|33/100 tox|[from] psn\n|upkeep\n|turn|15\n|\n|t:|1771257901\n|switch|p2a: Zapdos|Zapdos|99/100\n|-damage|p2a: Zapdos|74/100|[from] Stealth Rock\n|move|p1a: Zapdos|Brave Bird|p2a: Zapdos\n|-resisted|p2a: Zapdos\n|-damage|p2a: Zapdos|49/100\n|-damage|p1a: Zapdos|23/100 tox|[from] Recoil\n|\n|-damage|p1a: Zapdos|4/100 tox|[from] psn\n|upkeep\n|turn|16\n|\n|t:|1771257909\n|move|p1a: Zapdos|Brave Bird|p2a: Zapdos\n|-resisted|p2a: Zapdos\n|-damage|p2a: Zapdos|25/100\n|-damage|p1a: Zapdos|0 fnt|[from] Recoil\n|faint|p1a: Zapdos\n|move|p2a: Zapdos|Roost|p2a: Zapdos\n|-heal|p2a: Zapdos|75/100\n|-singleturn|p2a: Zapdos|move: Roost\n|\n|upkeep\n|\n|t:|1771257911\n|switch|p1a: Latios|Latios, M|100/100\n|-damage|p1a: Latios|88/100|[from] Stealth Rock\n|turn|17\n|\n|t:|1771257914\n|move|p1a: Latios|Draco Meteor|p2a: Zapdos\n|-damage|p2a: Zapdos|0 fnt\n|-unboost|p1a: Latios|spa|2\n|faint|p2a: Zapdos\n|\n|upkeep\n|\n|t:|1771257920\n|switch|p2a: Tapu Lele|Tapu Lele|100/100\n|-damage|p2a: Tapu Lele|88/100|[from] Stealth Rock\n|-fieldstart|move: Psychic Terrain|[from] ability: Psychic Surge|[of] p2a: Tapu Lele\n|turn|18\n|\n|t:|1771257923\n|switch|p1a: Heatran|Heatran, F|46/100\n|-damage|p1a: Heatran|33/100|[from] Stealth Rock\n|move|p2a: Tapu Lele|Future Sight|p1a: Heatran\n|-start|p2a: Tapu Lele|move: Future Sight\n|\n|-heal|p1a: Heatran|39/100|[from] item: Leftovers\n|upkeep\n|turn|19\n|\n|t:|1771257930\n|move|p2a: Tapu Lele|Focus Blast|p1a: Heatran|[miss]\n|-miss|p2a: Tapu Lele|p1a: Heatran\n|move|p1a: Heatran|Magma Storm|p2a: Tapu Lele\n|-damage|p2a: Tapu Lele|30/100\n|-activate|p2a: Tapu Lele|move: Magma Storm|[of] p1a: Heatran\n|\n|-heal|p1a: Heatran|46/100|[from] item: Leftovers\n|-damage|p2a: Tapu Lele|18/100|[from] move: Magma Storm|[partiallytrapped]\n|upkeep\n|turn|20\n|\n|t:|1771257942\n|move|p1a: Heatran|Protect|p1a: Heatran\n|-singleturn|p1a: Heatran|Protect\n|-zpower|p2a: Tapu Lele\n|move|p2a: Tapu Lele|Shattered Psyche|p1a: Heatran|[zeffect]\n|-resisted|p1a: Heatran\n|-zbroken|p1a: Heatran\n|-damage|p1a: Heatran|32/100\n|\n|-end|p1a: Heatran|move: Future Sight\n|-resisted|p1a: Heatran\n|-damage|p1a: Heatran|0 fnt\n|faint|p1a: Heatran\n|-end|p2a: Tapu Lele|Magma Storm|[partiallytrapped]|[silent]\n|upkeep\n|\n|t:|1771257957\n|switch|p1a: Serperior|Serperior, F|69/100\n|-damage|p1a: Serperior|56/100|[from] Stealth Rock\n|turn|21\n|\n|t:|1771257962\n|move|p1a: Serperior|Hidden Power|p2a: Tapu Lele\n|-damage|p2a: Tapu Lele|2/100\n|move|p2a: Tapu Lele|Psychic|p1a: Serperior\n|-damage|p1a: Serperior|0 fnt\n|faint|p1a: Serperior\n|\n|upkeep\n|-message|Fatmexican1 forfeited.\n|\n|win|poekmmo扎扎师最强\n|raw|Fatmexican1's rating: 1735 &rarr; <strong>1709</strong><br />(-26 for losing)\n|raw|poekmmo扎扎师最强's rating: 1634 &rarr; <strong>1660</strong><br />(+26 for winning)\n|l|☆Fatmexican1\n|player|p1|\n|l|☆poekmmo扎扎师最强\n|player|p2|\n", "uploadtime": 1771258208, "views": 4, "formatid": "gen9nationaldex", "rating": 1660, "private": 0, "password": null}