{"id": "gen9nationaldex-2540599323", "format": "[Gen 9] National Dex", "players": ["ndx_alt17", "Cerberus 17"], "log": "|j|☆ndx_alt17\n|j|☆Cerberus 17\n|t:|1771224701\n|gametype|singles\n|player|p1|ndx_alt17|nate|1590\n|player|p2|Cerberus 17|cynthia-gen4|1719\n|gen|9\n|tier|[Gen 9] National Dex\n|rated|\n|rule|HP Percentage Mod: HP is shown in percentages\n|rule|Endless Battle Clause: Forcing endless battles is banned\n|rule|Species Clause: Limit one of each Pokémon\n|rule|OHKO Clause: OHKO moves are banned\n|rule|Evasion Clause: Evasion abilities, items, and moves are banned\n|rule|Evasion Abilities Clause: Evasion abilities are banned\n|rule|Evasion Items Clause: Evasion items are banned\n|rule|Evasion Moves Clause: Evasion moves are banned\n|rule|Sleep Clause Mod: Limit one foe put to sleep\n|rule|Terastal Clause: You cannot Terastallize\n|clearpoke\n|poke|p1|Azumarill, F|\n|poke|p1|Gholdengo|\n|poke|p1|Venusaur, M|\n|poke|p1|Moltres|\n|poke|p1|Iron Valiant|\n|poke|p1|Landorus-Therian, M|\n|poke|p2|Tyranitar, F|\n|poke|p2|Kartana|\n|poke|p2|Diancie|\n|poke|p2|Excadrill, F|\n|poke|p2|Sinistcha-Masterpiece|\n|poke|p2|Kommo-o, F|\n|teampreview\n|inactive|Battle timer is ON: inactive players will automatically lose when time's up. (requested by Cerberus 17)\n|inactive|ndx_alt17 has 120 seconds left.\n|\n|t:|1771224760\n|teamsize|p1|6\n|teamsize|p2|6\n|start\n|switch|p1a: Landorus|Landorus-Therian, M|100/100\n|switch|p2a: Tyranitar|Tyranitar, F|100/100\n|-ability|p1a: Landorus|Intimidate|boost\n|-unboost|p2a: Tyranitar|atk|1\n|-weather|Sandstorm|[from] ability: Sand Stream|[of] p2a: Tyranitar\n|turn|1\n|\n|t:|1771224765\n|move|p1a: Landorus|Stealth Rock|p2a: Tyranitar\n|-sidestart|p2: Cerberus 17|move: Stealth Rock\n|move|p2a: Tyranitar|Avalanche|p1a: Landorus\n|-supereffective|p1a: Landorus\n|-damage|p1a: Landorus|33/100\n|-damage|p2a: Tyranitar|84/100|[from] item: Rocky Helmet|[of] p1a: Landorus\n|\n|-weather|Sandstorm|[upkeep]\n|upkeep\n|turn|2\n|\n|t:|1771224774\n|switch|p2a: Sinistcha|Sinistcha-Masterpiece|100/100\n|-damage|p2a: Sinistcha|88/100|[from] Stealth Rock\n|move|p1a: Landorus|U-turn|p2a: Sinistcha\n|-damage|p2a: Sinistcha|72/100\n|\n|t:|1771224777\n|switch|p1a: Iron Valiant|Iron Valiant, shiny|100/100|[from] U-turn\n|\n|-weather|Sandstorm|[upkeep]\n|-damage|p1a: Iron Valiant|94/100|[from] Sandstorm\n|-damage|p2a: Sinistcha|66/100|[from] Sandstorm\n|-heal|p2a: Sinistcha|72/100|[from] item: Leftovers\n|upkeep\n|turn|3\n|\n|t:|1771224795\n|switch|p2a: Excadrill|Excadrill, F|100/100\n|-damage|p2a: Excadrill|97/100|[from] Stealth Rock\n|move|p1a: Iron Valiant|Trick|p2a: Excadrill\n|-activate|p1a: Iron Valiant|move: Trick|[of] p2a: Excadrill\n|-item|p2a: Excadrill|Choice Scarf|[from] move: Trick\n|-item|p1a: Iron Valiant|Choice Band|[from] move: Trick\n|\n|-weather|Sandstorm|[upkeep]\n|-damage|p1a: Iron Valiant|88/100|[from] Sandstorm\n|upkeep\n|turn|4\n|\n|t:|1771224808\n|-end|p1a: Iron Valiant|Quark Drive|[silent]\n|switch|p1a: Moltres|Moltres|100/100\n|-ability|p1a: Moltres|Pressure\n|move|p2a: Excadrill|Rock Slide|p1a: Moltres\n|-supereffective|p1a: Moltres\n|-damage|p1a: Moltres|16/100\n|\n|-weather|Sandstorm|[upkeep]\n|-damage|p1a: Moltres|10/100|[from] Sandstorm\n|upkeep\n|turn|5\n|\n|t:|1771224819\n|switch|p1a: Venusaur|Venusaur, M, shiny|100/100\n|move|p2a: Excadrill|Rock Slide|p1a: Venusaur\n|-damage|p1a: Venusaur|79/100\n|\n|-weather|Sandstorm|[upkeep]\n|-damage|p1a: Venusaur|73/100|[from] Sandstorm\n|upkeep\n|turn|6\n|\n|t:|1771224827\n|switch|p2a: Kommo-o|Kommo-o, F|100/100\n|-damage|p2a: Kommo-o|94/100|[from] Stealth Rock\n|detailschange|p1a: Venusaur|Venusaur-Mega, M, shiny\n|-mega|p1a: Venusaur|Venusaur|Venusaurite\n|move|p1a: Venusaur|Synthesis|p1a: Venusaur\n|-heal|p1a: Venusaur|98/100\n|\n|-weather|Sandstorm|[upkeep]\n|-damage|p2a: Kommo-o|88/100|[from] Sandstorm\n|-damage|p1a: Venusaur|92/100|[from] Sandstorm\n|upkeep\n|turn|7\n|\n|t:|1771224835\n|switch|p1a: Azumarill|Azumarill, F, shiny|100/100\n|move|p2a: Kommo-o|Poison Jab|p1a: Azumarill\n|-supereffective|p1a: Azumarill\n|-damage|p1a: Azumarill|62/100\n|-status|p1a: Azumarill|psn\n|\n|-weather|Sandstorm|[upkeep]\n|-damage|p2a: Kommo-o|82/100|[from] Sandstorm\n|-damage|p1a: Azumarill|56/100 psn|[from] Sandstorm\n|-damage|p1a: Azumarill|44/100 psn|[from] psn\n|upkeep\n|turn|8\n|\n|t:|1771224846\n|switch|p2a: Sinistcha|Sinistcha-Masterpiece|72/100\n|-damage|p2a: Sinistcha|60/100|[from] Stealth Rock\n|move|p1a: Azumarill|Knock Off|p2a: Sinistcha\n|-supereffective|p2a: Sinistcha\n|-damage|p2a: Sinistcha|0 fnt\n|-enditem|p2a: Sinistcha|Leftovers|[from] move: Knock Off|[of] p1a: Azumarill\n|faint|p2a: Sinistcha\n|\n|-weather|none\n|-damage|p1a: Azumarill|31/100 psn|[from] psn\n|upkeep\n|\n|t:|1771224857\n|switch|p2a: Excadrill|Excadrill, F|97/100\n|-damage|p2a: Excadrill|94/100|[from] Stealth Rock\n|turn|9\n|\n|t:|1771224865\n|switch|p1a: Moltres|Moltres|10/100\n|-ability|p1a: Moltres|Pressure\n|move|p2a: Excadrill|Iron Head|p1a: Moltres\n|-resisted|p1a: Moltres\n|-damage|p1a: Moltres|0 fnt\n|faint|p1a: Moltres\n|\n|upkeep\n|\n|t:|1771224874\n|switch|p1a: Iron Valiant|Iron Valiant, shiny|88/100\n|turn|10\n|\n|t:|1771224878\n|move|p2a: Excadrill|Iron Head|p1a: Iron Valiant\n|-supereffective|p1a: Iron Valiant\n|-damage|p1a: Iron Valiant|0 fnt\n|faint|p1a: Iron Valiant\n|-end|p1a: Iron Valiant|Quark Drive|[silent]\n|\n|upkeep\n|\n|t:|1771224890\n|switch|p1a: Azumarill|Azumarill, F, shiny|31/100 psn\n|turn|11\n|\n|t:|1771224898\n|switch|p2a: Tyranitar|Tyranitar, F|84/100\n|-damage|p2a: Tyranitar|72/100|[from] Stealth Rock\n|-weather|Sandstorm|[from] ability: Sand Stream|[of] p2a: Tyranitar\n|move|p1a: Azumarill|Knock Off|p2a: Tyranitar\n|-resisted|p2a: Tyranitar\n|-damage|p2a: Tyranitar|46/100\n|-enditem|p2a: Tyranitar|Smooth Rock|[from] move: Knock Off|[of] p1a: Azumarill\n|\n|-weather|Sandstorm|[upkeep]\n|-damage|p1a: Azumarill|25/100 psn|[from] Sandstorm\n|-damage|p1a: Azumarill|13/100 psn|[from] psn\n|upkeep\n|turn|12\n|\n|t:|1771224913\n|switch|p1a: Gholdengo|Gholdengo|100/100\n|switch|p2a: Diancie|Diancie|100/100\n|-damage|p2a: Diancie|88/100|[from] Stealth Rock\n|\n|-weather|Sandstorm|[upkeep]\n|upkeep\n|turn|13\n|\n|t:|1771224929\n|detailschange|p2a: Diancie|Diancie-Mega\n|-mega|p2a: Diancie|Diancie|Diancite\n|move|p2a: Diancie|Mystical Fire|p1a: Gholdengo\n|-supereffective|p1a: Gholdengo\n|-damage|p1a: Gholdengo|25/100\n|-unboost|p1a: Gholdengo|spa|1\n|move|p1a: Gholdengo|Make It Rain|p2a: Diancie\n|-supereffective|p2a: Diancie\n|-damage|p2a: Diancie|0 fnt\n|-unboost|p1a: Gholdengo|spa|1\n|faint|p2a: Diancie\n|detailschange|p2: Diancie|Diancie|[silent]\n|\n|-weather|Sandstorm|[upkeep]\n|upkeep\n|\n|t:|1771224936\n|switch|p2a: Kartana|Kartana|100/100\n|-damage|p2a: Kartana|94/100|[from] Stealth Rock\n|turn|14\n|\n|t:|1771224943\n|move|p2a: Kartana|Smart Strike|p1a: Gholdengo\n|-resisted|p1a: Gholdengo\n|-damage|p1a: Gholdengo|0 fnt\n|faint|p1a: Gholdengo\n|-ability|p2a: Kartana|Beast Boost|boost\n|-boost|p2a: Kartana|atk|1\n|\n|-weather|Sandstorm|[upkeep]\n|upkeep\n|\n|t:|1771224947\n|switch|p1a: Landorus|Landorus-Therian, M|33/100\n|-ability|p1a: Landorus|Intimidate|boost\n|-unboost|p2a: Kartana|atk|1\n|turn|15\n|\n|t:|1771224950\n|switch|p1a: Venusaur|Venusaur-Mega, M, shiny|92/100\n|move|p2a: Kartana|Smart Strike|p1a: Venusaur\n|-damage|p1a: Venusaur|60/100\n|\n|-weather|Sandstorm|[upkeep]\n|-damage|p1a: Venusaur|54/100|[from] Sandstorm\n|upkeep\n|turn|16\n|\n|t:|1771224958\n|switch|p2a: Kommo-o|Kommo-o, F|82/100\n|-damage|p2a: Kommo-o|76/100|[from] Stealth Rock\n|move|p1a: Venusaur|Synthesis|p1a: Venusaur\n|-heal|p1a: Venusaur|79/100\n|\n|-weather|Sandstorm|[upkeep]\n|-damage|p2a: Kommo-o|70/100|[from] Sandstorm\n|-damage|p1a: Venusaur|73/100|[from] Sandstorm\n|upkeep\n|turn|17\n|-message|ndx_alt17 forfeited.\n|\n|win|Cerberus 17\n|raw|ndx_alt17's rating: 1566 &rarr; <strong>1554</strong><br />(-12 for losing)\n|raw|Cerberus 17's rating: 1719 &rarr; <strong>1731</strong><br />(+12 for winning)\n|l|☆Cerberus 17\n|player|p2|\n|l|☆ndx_alt17\n|player|p1|\n", "uploadtime": 1771225305, "views": 8, "formatid": "gen9nationaldex", "rating": 1554, "private": 0, "password": null}