{"id": "gen9nationaldex-2540764730", "format": "[Gen 9] National Dex", "players": ["n!ce ct", "ps一刀一个rz仔"], "log": "|j|☆n!ce ct\n|j|☆ps一刀一个rz仔\n|t:|1771251397\n|gametype|singles\n|player|p1|n!ce ct|emma-lza|1533\n|player|p2|ps一刀一个rz仔|volkner|1571\n|gen|9\n|tier|[Gen 9] National Dex\n|rated|\n|rule|HP Percentage Mod: HP is shown in percentages\n|rule|Endless Battle Clause: Forcing endless battles is banned\n|rule|Species Clause: Limit one of each Pokémon\n|rule|OHKO Clause: OHKO moves are banned\n|rule|Evasion Clause: Evasion abilities, items, and moves are banned\n|rule|Evasion Abilities Clause: Evasion abilities are banned\n|rule|Evasion Items Clause: Evasion items are banned\n|rule|Evasion Moves Clause: Evasion moves are banned\n|rule|Sleep Clause Mod: Limit one foe put to sleep\n|rule|Terastal Clause: You cannot Terastallize\n|clearpoke\n|poke|p1|Urshifu-*, F|\n|poke|p1|Slowking-Galar, M|\n|poke|p1|Altaria, M|\n|poke|p1|Landorus-Therian, M|\n|poke|p1|Zamazenta-*|\n|poke|p1|Cinderace, M|\n|poke|p2|Zapdos|\n|poke|p2|Samurott-Hisui, M|\n|poke|p2|Ninetales-Alola, F|\n|poke|p2|Mawile, F|\n|poke|p2|Garchomp, M|\n|poke|p2|Skeledirge, M|\n|teampreview\n|inactive|Battle timer is ON: inactive players will automatically lose when time's up. (requested by n!ce ct)\n|\n|t:|1771251436\n|teamsize|p1|6\n|teamsize|p2|6\n|start\n|switch|p1a: Landorus|Landorus-Therian, M|100/100\n|switch|p2a: Ninetales|Ninetales-Alola, F, shiny|100/100\n|-weather|Snowscape|[from] ability: Snow Warning|[of] p2a: Ninetales\n|-ability|p1a: Landorus|Intimidate|boost\n|-unboost|p2a: Ninetales|atk|1\n|turn|1\n|\n|t:|1771251446\n|switch|p1a: Slowking|Slowking-Galar, M|100/100\n|move|p2a: Ninetales|Freeze-Dry|p1a: Slowking\n|-damage|p1a: Slowking|87/100\n|\n|-weather|Snowscape|[upkeep]\n|upkeep\n|turn|2\n|\n|t:|1771251469\n|switch|p2a: Mawile|Mawile, F, shiny|100/100\n|-ability|p2a: Mawile|Intimidate|boost\n|-unboost|p1a: Slowking|atk|1\n|move|p1a: Slowking|Sludge Bomb|p2a: Mawile\n|-immune|p2a: Mawile\n|\n|-weather|Snowscape|[upkeep]\n|upkeep\n|turn|3\n|\n|t:|1771251484\n|detailschange|p2a: Mawile|Mawile-Mega, F, shiny\n|-mega|p2a: Mawile|Mawile|Mawilite\n|move|p2a: Mawile|Play Rough|p1a: Slowking\n|-resisted|p1a: Slowking\n|-damage|p1a: Slowking|38/100\n|move|p1a: Slowking|Flamethrower|p2a: Mawile\n|-supereffective|p2a: Mawile\n|-damage|p2a: Mawile|49/100\n|\n|-weather|Snowscape|[upkeep]\n|upkeep\n|turn|4\n|\n|t:|1771251497\n|switch|p1a: Landorus|Landorus-Therian, M|100/100\n|-ability|p1a: Landorus|Intimidate|boost\n|-unboost|p2a: Mawile|atk|1\n|move|p2a: Mawile|Swords Dance|p2a: Mawile\n|-boost|p2a: Mawile|atk|2\n|\n|-weather|Snowscape|[upkeep]\n|upkeep\n|turn|5\n|\n|t:|1771251506\n|move|p2a: Mawile|Sucker Punch|p1a: Landorus\n|-damage|p1a: Landorus|38/100\n|-damage|p2a: Mawile|32/100|[from] item: Rocky Helmet|[of] p1a: Landorus\n|move|p1a: Landorus|Earthquake|p2a: Mawile\n|-supereffective|p2a: Mawile\n|-damage|p2a: Mawile|0 fnt\n|faint|p2a: Mawile\n|detailschange|p2: Mawile|Mawile, F, shiny|[silent]\n|\n|-weather|none\n|upkeep\n|\n|t:|1771251520\n|switch|p2a: Garchomp|Garchomp, M, shiny|100/100\n|turn|6\n|\n|t:|1771251529\n|move|p2a: Garchomp|Scale Shot|p1a: Landorus\n|-damage|p1a: Landorus|24/100\n|-damage|p1a: Landorus|11/100\n|-damage|p1a: Landorus|0 fnt\n|faint|p1a: Landorus\n|-hitcount|p1: Landorus|3\n|-unboost|p2a: Garchomp|def|1\n|-boost|p2a: Garchomp|spe|1\n|\n|upkeep\n|\n|t:|1771251531\n|switch|p1a: Altaria|Altaria, M|100/100\n|turn|7\n|\n|t:|1771251551\n|detailschange|p1a: Altaria|Altaria-Mega, M\n|-mega|p1a: Altaria|Altaria|Altarianite\n|move|p2a: Garchomp|Earthquake|p1a: Altaria\n|-damage|p1a: Altaria|64/100\n|move|p1a: Altaria|Hyper Voice|p2a: Garchomp\n|-supereffective|p2a: Garchomp\n|-damage|p2a: Garchomp|10/100\n|\n|upkeep\n|turn|8\n|\n|t:|1771251568\n|move|p2a: Garchomp|Earthquake|p1a: Altaria\n|-damage|p1a: Altaria|27/100\n|move|p1a: Altaria|Roost|p1a: Altaria\n|-heal|p1a: Altaria|77/100\n|-singleturn|p1a: Altaria|move: Roost\n|\n|upkeep\n|turn|9\n|\n|t:|1771251578\n|move|p2a: Garchomp|Earthquake|p1a: Altaria\n|-damage|p1a: Altaria|36/100\n|move|p1a: Altaria|Roost|p1a: Altaria\n|-heal|p1a: Altaria|86/100\n|-singleturn|p1a: Altaria|move: Roost\n|\n|upkeep\n|turn|10\n|\n|t:|1771251584\n|move|p2a: Garchomp|Swords Dance|p2a: Garchomp\n|-boost|p2a: Garchomp|atk|2\n|move|p1a: Altaria|Roost|p1a: Altaria\n|-heal|p1a: Altaria|100/100\n|-singleturn|p1a: Altaria|move: Roost\n|\n|upkeep\n|turn|11\n|\n|t:|1771251591\n|move|p2a: Garchomp|Earthquake|p1a: Altaria\n|-damage|p1a: Altaria|28/100\n|move|p1a: Altaria|Hyper Voice|p2a: Garchomp\n|-supereffective|p2a: Garchomp\n|-damage|p2a: Garchomp|0 fnt\n|faint|p2a: Garchomp\n|\n|upkeep\n|\n|t:|1771251605\n|switch|p2a: Ninetales|Ninetales-Alola, F, shiny|100/100\n|-weather|Snowscape|[from] ability: Snow Warning|[of] p2a: Ninetales\n|turn|12\n|\n|t:|1771251619\n|move|p2a: Ninetales|Moonblast|p1a: Altaria\n|-supereffective|p1a: Altaria\n|-damage|p1a: Altaria|0 fnt\n|faint|p1a: Altaria\n|detailschange|p1: Altaria|Altaria, M|[silent]\n|\n|-weather|Snowscape|[upkeep]\n|upkeep\n|\n|t:|1771251622\n|switch|p1a: Zamazenta|Zamazenta|100/100\n|-ability|p1a: Zamazenta|Dauntless Shield|boost\n|-boost|p1a: Zamazenta|def|1\n|turn|13\n|\n|t:|1771251629\n|switch|p2a: Skeledirge|Skeledirge, M|100/100\n|move|p1a: Zamazenta|Heavy Slam|p2a: Skeledirge\n|-resisted|p2a: Skeledirge\n|-damage|p2a: Skeledirge|96/100\n|\n|-weather|Snowscape|[upkeep]\n|-heal|p2a: Skeledirge|100/100|[from] item: Leftovers\n|upkeep\n|turn|14\n|\n|t:|1771251639\n|switch|p1a: Slowking|Slowking-Galar, M|72/100\n|move|p2a: Skeledirge|Will-O-Wisp|p1a: Slowking\n|-status|p1a: Slowking|brn\n|\n|-weather|Snowscape|[upkeep]\n|-damage|p1a: Slowking|65/100 brn|[from] brn\n|upkeep\n|turn|15\n|\n|t:|1771251648\n|move|p2a: Skeledirge|Torch Song|p1a: Slowking\n|-damage|p1a: Slowking|44/100 brn\n|-boost|p2a: Skeledirge|spa|1\n|-prepare|p1a: Slowking|Chilly Reception|[premajor]\n|move|p1a: Slowking|Chilly Reception|p1a: Slowking\n|\n|t:|1771251651\n|switch|p1a: Urshifu|Urshifu-Rapid-Strike, F|100/100|[from] Chilly Reception\n|\n|-weather|Snowscape|[upkeep]\n|upkeep\n|turn|16\n|\n|t:|1771251668\n|switch|p2a: Zapdos|Zapdos, shiny|100/100\n|move|p1a: Urshifu|Substitute|p1a: Urshifu\n|-start|p1a: Urshifu|Substitute\n|-damage|p1a: Urshifu|76/100\n|\n|-weather|none\n|upkeep\n|turn|17\n|\n|t:|1771251678\n|move|p1a: Urshifu|Surging Strikes|p2a: Zapdos\n|-crit|p2a: Zapdos\n|-damage|p2a: Zapdos|82/100\n|-crit|p2a: Zapdos\n|-damage|p2a: Zapdos|64/100\n|-crit|p2a: Zapdos\n|-damage|p2a: Zapdos|46/100\n|-hitcount|p2a: Zapdos|3\n|move|p2a: Zapdos|Discharge|p1a: Urshifu\n|-supereffective|p1a: Urshifu\n|-end|p1a: Urshifu|Substitute\n|\n|upkeep\n|turn|18\n|\n|t:|1771251690\n|move|p1a: Urshifu|Surging Strikes|p2a: Zapdos\n|-crit|p2a: Zapdos\n|-damage|p2a: Zapdos|27/100\n|-crit|p2a: Zapdos\n|-damage|p2a: Zapdos|9/100\n|-crit|p2a: Zapdos\n|-damage|p2a: Zapdos|0 fnt\n|faint|p2a: Zapdos\n|-hitcount|p2: Zapdos|3\n|\n|upkeep\n|\n|t:|1771251700\n|switch|p2a: Ninetales|Ninetales-Alola, F, shiny|100/100\n|-weather|Snowscape|[from] ability: Snow Warning|[of] p2a: Ninetales\n|turn|19\n|\n|t:|1771251709\n|switch|p1a: Cinderace|Cinderace, M|100/100\n|move|p2a: Ninetales|Moonblast|p1a: Cinderace\n|-resisted|p1a: Cinderace\n|-damage|p1a: Cinderace|80/100\n|-unboost|p1a: Cinderace|spa|1\n|\n|-weather|Snowscape|[upkeep]\n|upkeep\n|turn|20\n|\n|t:|1771251719\n|switch|p2a: Skeledirge|Skeledirge, M|100/100\n|move|p1a: Cinderace|Pyro Ball|p2a: Skeledirge\n|-resisted|p2a: Skeledirge\n|-damage|p2a: Skeledirge|78/100\n|\n|-weather|Snowscape|[upkeep]\n|-heal|p2a: Skeledirge|84/100|[from] item: Leftovers\n|upkeep\n|turn|21\n|\n|t:|1771251729\n|move|p1a: Cinderace|U-turn|p2a: Skeledirge\n|-start|p1a: Cinderace|typechange|Bug|[from] ability: Libero\n|-resisted|p2a: Skeledirge\n|-damage|p2a: Skeledirge|78/100\n|\n|t:|1771251732\n|switch|p1a: Slowking|Slowking-Galar, M|77/100 brn|[from] U-turn\n|move|p2a: Skeledirge|Torch Song|p1a: Slowking\n|-damage|p1a: Slowking|56/100 brn\n|-boost|p2a: Skeledirge|spa|1\n|\n|-weather|Snowscape|[upkeep]\n|-heal|p2a: Skeledirge|84/100|[from] item: Leftovers\n|-damage|p1a: Slowking|50/100 brn|[from] brn\n|upkeep\n|turn|22\n|\n|t:|1771251759\n|switch|p1a: Cinderace|Cinderace, M|80/100\n|move|p2a: Skeledirge|Torch Song|p1a: Cinderace\n|-resisted|p1a: Cinderace\n|-damage|p1a: Cinderace|42/100\n|-boost|p2a: Skeledirge|spa|1\n|\n|-weather|Snowscape|[upkeep]\n|-heal|p2a: Skeledirge|90/100|[from] item: Leftovers\n|upkeep\n|turn|23\n|\n|t:|1771251769\n|move|p1a: Cinderace|Sucker Punch|p2a: Skeledirge\n|-start|p1a: Cinderace|typechange|Dark|[from] ability: Libero\n|-supereffective|p2a: Skeledirge\n|-damage|p2a: Skeledirge|41/100\n|move|p2a: Skeledirge|Torch Song|p1a: Cinderace\n|-damage|p1a: Cinderace|0 fnt\n|-boost|p2a: Skeledirge|spa|1\n|faint|p1a: Cinderace\n|\n|-weather|none\n|-heal|p2a: Skeledirge|47/100|[from] item: Leftovers\n|upkeep\n|\n|t:|1771251775\n|switch|p1a: Urshifu|Urshifu-Rapid-Strike, F|76/100\n|turn|24\n|\n|t:|1771251792\n|switch|p2a: Ninetales|Ninetales-Alola, F, shiny|100/100\n|-weather|Snowscape|[from] ability: Snow Warning|[of] p2a: Ninetales\n|move|p1a: Urshifu|Surging Strikes|p2a: Ninetales\n|-crit|p2a: Ninetales\n|-damage|p2a: Ninetales|79/100\n|-crit|p2a: Ninetales\n|-damage|p2a: Ninetales|60/100\n|-crit|p2a: Ninetales\n|-damage|p2a: Ninetales|41/100\n|-hitcount|p2a: Ninetales|3\n|\n|-weather|Snowscape|[upkeep]\n|upkeep\n|turn|25\n|\n|t:|1771251805\n|switch|p1a: Slowking|Slowking-Galar, M|83/100 brn\n|move|p2a: Ninetales|Aurora Veil|p2a: Ninetales\n|-sidestart|p2: ps一刀一个rz仔|move: Aurora Veil\n|\n|-weather|Snowscape|[upkeep]\n|-damage|p1a: Slowking|77/100 brn|[from] brn\n|upkeep\n|turn|26\n|\n|t:|1771251814\n|switch|p2a: Skeledirge|Skeledirge, M|47/100\n|move|p1a: Slowking|Sludge Bomb|p2a: Skeledirge\n|-resisted|p2a: Skeledirge\n|-damage|p2a: Skeledirge|38/100\n|\n|-weather|Snowscape|[upkeep]\n|-heal|p2a: Skeledirge|44/100|[from] item: Leftovers\n|-damage|p1a: Slowking|71/100 brn|[from] brn\n|upkeep\n|turn|27\n|\n|t:|1771251825\n|move|p2a: Skeledirge|Slack Off|p2a: Skeledirge\n|-heal|p2a: Skeledirge|94/100\n|-prepare|p1a: Slowking|Chilly Reception|[premajor]\n|move|p1a: Slowking|Chilly Reception|p1a: Slowking\n|\n|t:|1771251830\n|switch|p1a: Urshifu|Urshifu-Rapid-Strike, F|76/100|[from] Chilly Reception\n|\n|-weather|Snowscape|[upkeep]\n|-heal|p2a: Skeledirge|99/100|[from] item: Leftovers\n|upkeep\n|turn|28\n|\n|t:|1771251837\n|move|p1a: Urshifu|Surging Strikes|p2a: Skeledirge\n|-supereffective|p2a: Skeledirge\n|-crit|p2a: Skeledirge\n|-damage|p2a: Skeledirge|65/100\n|-supereffective|p2a: Skeledirge\n|-crit|p2a: Skeledirge\n|-damage|p2a: Skeledirge|31/100\n|-supereffective|p2a: Skeledirge\n|-crit|p2a: Skeledirge\n|-damage|p2a: Skeledirge|0 fnt\n|faint|p2a: Skeledirge\n|-hitcount|p2: Skeledirge|3\n|\n|-weather|none\n|upkeep\n|\n|t:|1771251852\n|switch|p2a: Samurott|Samurott-Hisui, M, shiny|100/100\n|turn|29\n|\n|t:|1771251865\n|move|p1a: Urshifu|Drain Punch|p2a: Samurott\n|-supereffective|p2a: Samurott\n|-damage|p2a: Samurott|46/100\n|-heal|p1a: Urshifu|100/100|[from] drain|[of] p2a: Samurott\n|move|p2a: Samurott|Ceaseless Edge|p1a: Urshifu\n|-resisted|p1a: Urshifu\n|-damage|p1a: Urshifu|76/100\n|-sidestart|p1: n!ce ct|Spikes\n|\n|upkeep\n|turn|30\n|-message|ps一刀一个rz仔 forfeited.\n|\n|win|n!ce ct\n|raw|n!ce ct's rating: 1533 &rarr; <strong>1555</strong><br />(+22 for winning)\n|raw|ps一刀一个rz仔's rating: 1571 &rarr; <strong>1549</strong><br />(-22 for losing)\n|l|☆ps一刀一个rz仔\n|player|p2|\n|l|☆n!ce ct\n|player|p1|\n", "uploadtime": 1771252027, "views": 4, "formatid": "gen9nationaldex", "rating": 1549, "private": 0, "password": null}