{"id": "gen9nationaldex-2540529252", "format": "[Gen 9] National Dex", "players": ["jjznb2", "emsioab"], "log": "|j|☆jjznb2\n|j|☆emsioab\n|t:|1771213603\n|gametype|singles\n|player|p1|jjznb2|hilda|1731\n|player|p2|emsioab|170|1769\n|gen|9\n|tier|[Gen 9] National Dex\n|rated|\n|rule|HP Percentage Mod: HP is shown in percentages\n|rule|Endless Battle Clause: Forcing endless battles is banned\n|rule|Species Clause: Limit one of each Pokémon\n|rule|OHKO Clause: OHKO moves are banned\n|rule|Evasion Clause: Evasion abilities, items, and moves are banned\n|rule|Evasion Abilities Clause: Evasion abilities are banned\n|rule|Evasion Items Clause: Evasion items are banned\n|rule|Evasion Moves Clause: Evasion moves are banned\n|rule|Sleep Clause Mod: Limit one foe put to sleep\n|rule|Terastal Clause: You cannot Terastallize\n|clearpoke\n|poke|p1|Pinsir, F|\n|poke|p1|Magnezone|\n|poke|p1|Corviknight, M|\n|poke|p1|Landorus-Therian, M|\n|poke|p1|Rotom-Wash|\n|poke|p1|Alomomola, M|\n|poke|p2|Ogerpon-Wellspring, F|\n|poke|p2|Clodsire, M|\n|poke|p2|Archaludon, M|\n|poke|p2|Banette, M|\n|poke|p2|Togekiss, F|\n|poke|p2|Kingambit, M|\n|teampreview\n|inactive|Battle timer is ON: inactive players will automatically lose when time's up. (requested by emsioab)\n|\n|t:|1771213610\n|teamsize|p1|6\n|teamsize|p2|6\n|start\n|switch|p1a: Pinsir|Pinsir, F|100/100\n|switch|p2a: Togekiss|Togekiss, F|100/100\n|turn|1\n|\n|t:|1771213618\n|switch|p1a: Rotom|Rotom-Wash|100/100\n|move|p2a: Togekiss|Air Slash|p1a: Rotom\n|-resisted|p1a: Rotom\n|-damage|p1a: Rotom|82/100\n|\n|-heal|p1a: Rotom|88/100|[from] item: Leftovers\n|upkeep\n|turn|2\n|\n|t:|1771213622\n|switch|p2a: Clodsire|Clodsire, M|100/100\n|move|p1a: Rotom|Will-O-Wisp|p2a: Clodsire|[miss]\n|-miss|p1a: Rotom|p2a: Clodsire\n|\n|-heal|p1a: Rotom|94/100|[from] item: Leftovers\n|upkeep\n|turn|3\n|\n|t:|1771213629\n|move|p1a: Rotom|Will-O-Wisp|p2a: Clodsire\n|-status|p2a: Clodsire|brn\n|move|p2a: Clodsire|Stealth Rock|p1a: Rotom\n|-sidestart|p1: jjznb2|move: Stealth Rock\n|\n|-heal|p1a: Rotom|100/100|[from] item: Leftovers\n|-damage|p2a: Clodsire|94/100 brn|[from] brn\n|upkeep\n|turn|4\n|\n|t:|1771213633\n|switch|p1a: Corviknight|Corviknight, M|100/100\n|-damage|p1a: Corviknight|88/100|[from] Stealth Rock\n|-ability|p1a: Corviknight|Pressure\n|move|p2a: Clodsire|Toxic|p1a: Corviknight\n|-immune|p1a: Corviknight\n|\n|-heal|p1a: Corviknight|94/100|[from] item: Leftovers\n|-heal|p2a: Clodsire|100/100 brn|[from] item: Black Sludge\n|-damage|p2a: Clodsire|94/100 brn|[from] brn\n|upkeep\n|turn|5\n|\n|t:|1771213637\n|switch|p2a: Ogerpon|Ogerpon-Wellspring, F|100/100\n|move|p1a: Corviknight|Defog|p2a: Ogerpon\n|-unboost|p2a: Ogerpon|evasion|1\n|-sideend|p1: jjznb2|Stealth Rock|[from] move: Defog|[of] p1a: Corviknight\n|\n|-heal|p1a: Corviknight|100/100|[from] item: Leftovers\n|upkeep\n|turn|6\n|\n|t:|1771213639\n|move|p2a: Ogerpon|Swords Dance|p2a: Ogerpon\n|-boost|p2a: Ogerpon|atk|2\n|move|p1a: Corviknight|Brave Bird|p2a: Ogerpon\n|-supereffective|p2a: Ogerpon\n|-damage|p2a: Ogerpon|0 fnt\n|faint|p2a: Ogerpon\n|-damage|p1a: Corviknight|76/100|[from] Recoil\n|\n|-heal|p1a: Corviknight|82/100|[from] item: Leftovers\n|upkeep\n|\n|t:|1771213644\n|switch|p2a: Kingambit|Kingambit, M|100/100\n|-activate|p2a: Kingambit|ability: Supreme Overlord\n|-start|p2a: Kingambit|fallen1|[silent]\n|turn|7\n|\n|t:|1771213649\n|move|p1a: Corviknight|U-turn|p2a: Kingambit\n|-damage|p2a: Kingambit|91/100\n|\n|t:|1771213652\n|switch|p1a: Landorus|Landorus-Therian, M|100/100|[from] U-turn\n|-ability|p1a: Landorus|Intimidate|boost\n|-unboost|p2a: Kingambit|atk|1\n|move|p2a: Kingambit|Swords Dance|p2a: Kingambit\n|-boost|p2a: Kingambit|atk|2\n|\n|upkeep\n|turn|8\n|\n|t:|1771213660\n|switch|p1a: Magnezone|Magnezone|100/100\n|move|p2a: Kingambit|Sucker Punch||[still]\n|-fail|p2a: Kingambit\n|\n|upkeep\n|turn|9\n|\n|t:|1771213667\n|move|p2a: Kingambit|Sucker Punch|p1a: Magnezone\n|-damage|p1a: Magnezone|10/100\n|move|p1a: Magnezone|Volt Switch|p2a: Kingambit\n|-damage|p2a: Kingambit|32/100\n|\n|t:|1771213669\n|switch|p1a: Landorus|Landorus-Therian, M|100/100|[from] Volt Switch\n|-ability|p1a: Landorus|Intimidate|boost\n|-unboost|p2a: Kingambit|atk|1\n|\n|upkeep\n|turn|10\n|\n|t:|1771213678\n|move|p1a: Landorus|Earthquake|p2a: Kingambit\n|-supereffective|p2a: Kingambit\n|-damage|p2a: Kingambit|0 fnt\n|faint|p2a: Kingambit\n|-end|p2a: Kingambit|fallen1|[silent]\n|\n|upkeep\n|-message|emsioab forfeited.\n|\n|win|jjznb2\n|raw|jjznb2's rating: 1731 &rarr; <strong>1753</strong><br />(+22 for winning)\n|raw|emsioab's rating: 1769 &rarr; <strong>1747</strong><br />(-22 for losing)\n|l|☆emsioab\n|player|p2|\n|l|☆jjznb2\n|player|p1|\n", "uploadtime": 1771213886, "views": 6, "formatid": "gen9nationaldex", "rating": 1747, "private": 0, "password": null}