{"id": "gen9nationaldex-2540465768", "format": "[Gen 9] National Dex", "players": ["FakeAltUserr", "Az4k4"], "log": "|j|☆FakeAltUserr\n|j|☆Az4k4\n|t:|1771205451\n|gametype|singles\n|player|p1|FakeAltUserr|ghetsis|1669\n|player|p2|Az4k4|n|1688\n|gen|9\n|tier|[Gen 9] National Dex\n|rated|\n|rule|HP Percentage Mod: HP is shown in percentages\n|rule|Endless Battle Clause: Forcing endless battles is banned\n|rule|Species Clause: Limit one of each Pokémon\n|rule|OHKO Clause: OHKO moves are banned\n|rule|Evasion Clause: Evasion abilities, items, and moves are banned\n|rule|Evasion Abilities Clause: Evasion abilities are banned\n|rule|Evasion Items Clause: Evasion items are banned\n|rule|Evasion Moves Clause: Evasion moves are banned\n|rule|Sleep Clause Mod: Limit one foe put to sleep\n|rule|Terastal Clause: You cannot Terastallize\n|clearpoke\n|poke|p1|Alomomola, M|\n|poke|p1|Ting-Lu|\n|poke|p1|Moltres|\n|poke|p1|Zamazenta-*|\n|poke|p1|Gholdengo|\n|poke|p1|Kyurem|\n|poke|p2|Greninja-*, M|\n|poke|p2|Garchomp, M|\n|poke|p2|Corviknight, F|\n|poke|p2|Pecharunt|\n|poke|p2|Diancie|\n|poke|p2|Volcarona, F|\n|teampreview\n|inactive|Battle timer is ON: inactive players will automatically lose when time's up. (requested by FakeAltUserr)\n|j| thefourdolf\n|inactive|FakeAltUserr has 120 seconds left.\n|\n|t:|1771205491\n|teamsize|p1|6\n|teamsize|p2|6\n|start\n|switch|p1a: Zamazenta|Zamazenta|100/100\n|switch|p2a: Garchomp|Garchomp, M|100/100\n|-ability|p1a: Zamazenta|Dauntless Shield|boost\n|-boost|p1a: Zamazenta|def|1\n|turn|1\n|\n|t:|1771205510\n|move|p2a: Garchomp|Protect|p2a: Garchomp\n|-singleturn|p2a: Garchomp|Protect\n|move|p1a: Zamazenta|Close Combat|p2a: Garchomp\n|-activate|p2a: Garchomp|move: Protect\n|\n|upkeep\n|turn|2\n|\n|t:|1771205515\n|switch|p1a: Ting-Lu|Ting-Lu|100/100\n|-ability|p1a: Ting-Lu|Vessel of Ruin\n|move|p2a: Garchomp|Stealth Rock|p1a: Ting-Lu\n|-sidestart|p1: FakeAltUserr|move: Stealth Rock\n|\n|upkeep\n|turn|3\n|\n|t:|1771205518\n|move|p2a: Garchomp|Toxic|p1a: Ting-Lu\n|-status|p1a: Ting-Lu|tox\n|move|p1a: Ting-Lu|Stealth Rock|p2a: Garchomp\n|-sidestart|p2: Az4k4|move: Stealth Rock\n|\n|-damage|p1a: Ting-Lu|94/100 tox|[from] psn\n|upkeep\n|turn|4\n|\n|t:|1771205524\n|move|p2a: Garchomp|Protect|p2a: Garchomp\n|-singleturn|p2a: Garchomp|Protect\n|move|p1a: Ting-Lu|Earthquake|p2a: Garchomp\n|-activate|p2a: Garchomp|move: Protect\n|\n|-heal|p1a: Ting-Lu|100/100 tox|[from] item: Leftovers\n|-damage|p1a: Ting-Lu|88/100 tox|[from] psn\n|upkeep\n|turn|5\n|\n|t:|1771205529\n|move|p2a: Garchomp|Earthquake|p1a: Ting-Lu\n|-damage|p1a: Ting-Lu|63/100 tox\n|move|p1a: Ting-Lu|Spikes|p2a: Garchomp\n|-sidestart|p2: Az4k4|Spikes\n|\n|-heal|p1a: Ting-Lu|70/100 tox|[from] item: Leftovers\n|-damage|p1a: Ting-Lu|51/100 tox|[from] psn\n|upkeep\n|turn|6\n|\n|t:|1771205536\n|switch|p1a: Zamazenta|Zamazenta|100/100\n|-damage|p1a: Zamazenta|94/100|[from] Stealth Rock\n|move|p2a: Garchomp|Earthquake|p1a: Zamazenta\n|-crit|p1a: Zamazenta\n|-damage|p1a: Zamazenta|31/100\n|\n|upkeep\n|turn|7\n|\n|t:|1771205543\n|move|p1a: Zamazenta|Close Combat|p2a: Garchomp\n|-damage|p2a: Garchomp|28/100\n|-unboost|p1a: Zamazenta|def|1\n|-unboost|p1a: Zamazenta|spd|1\n|-damage|p1a: Zamazenta|19/100|[from] ability: Rough Skin|[of] p2a: Garchomp\n|move|p2a: Garchomp|Toxic|p1a: Zamazenta\n|-status|p1a: Zamazenta|tox\n|\n|-heal|p2a: Garchomp|35/100|[from] item: Leftovers\n|-damage|p1a: Zamazenta|13/100 tox|[from] psn\n|upkeep\n|turn|8\n|\n|t:|1771205551\n|switch|p1a: Alomomola|Alomomola, M|100/100\n|-damage|p1a: Alomomola|88/100|[from] Stealth Rock\n|move|p2a: Garchomp|Protect||[still]\n|-fail|p2a: Garchomp\n|\n|-heal|p2a: Garchomp|41/100|[from] item: Leftovers\n|upkeep\n|turn|9\n|\n|t:|1771205555\n|move|p2a: Garchomp|Toxic|p1a: Alomomola\n|-status|p1a: Alomomola|tox\n|move|p1a: Alomomola|Flip Turn|p2a: Garchomp\n|-damage|p2a: Garchomp|27/100\n|-damage|p1a: Alomomola|76/100 tox|[from] ability: Rough Skin|[of] p2a: Garchomp\n|l| thefourdolf\n|\n|t:|1771205560\n|switch|p1a: Kyurem|Kyurem|100/100|[from] Flip Turn\n|-damage|p1a: Kyurem|76/100|[from] Stealth Rock\n|-ability|p1a: Kyurem|Pressure\n|\n|-heal|p2a: Garchomp|33/100|[from] item: Leftovers\n|upkeep\n|turn|10\n|\n|t:|1771205566\n|move|p1a: Kyurem|Substitute|p1a: Kyurem\n|-start|p1a: Kyurem|Substitute\n|-damage|p1a: Kyurem|51/100\n|move|p2a: Garchomp|Earthquake|p1a: Kyurem\n|-end|p1a: Kyurem|Substitute\n|\n|-heal|p2a: Garchomp|39/100|[from] item: Leftovers\n|upkeep\n|turn|11\n|\n|t:|1771205570\n|move|p1a: Kyurem|Roost|p1a: Kyurem\n|-heal|p1a: Kyurem|100/100\n|-singleturn|p1a: Kyurem|move: Roost\n|move|p2a: Garchomp|Earthquake|p1a: Kyurem\n|-damage|p1a: Kyurem|58/100\n|\n|-heal|p2a: Garchomp|45/100|[from] item: Leftovers\n|upkeep\n|turn|12\n|\n|t:|1771205573\n|move|p1a: Kyurem|Freeze-Dry|p2a: Garchomp\n|-supereffective|p2a: Garchomp\n|-crit|p2a: Garchomp\n|-damage|p2a: Garchomp|0 fnt\n|faint|p2a: Garchomp\n|\n|upkeep\n|\n|t:|1771205578\n|switch|p2a: Diancie|Diancie|100/100\n|-damage|p2a: Diancie|88/100|[from] Stealth Rock\n|-damage|p2a: Diancie|76/100|[from] Spikes\n|turn|13\n|\n|t:|1771205583\n|switch|p1a: Gholdengo|Gholdengo|100/100\n|-damage|p1a: Gholdengo|94/100|[from] Stealth Rock\n|detailschange|p2a: Diancie|Diancie-Mega\n|-mega|p2a: Diancie|Diancie|Diancite\n|move|p2a: Diancie|Diamond Storm|p1a: Gholdengo\n|-resisted|p1a: Gholdengo\n|-damage|p1a: Gholdengo|75/100\n|\n|upkeep\n|turn|14\n|\n|t:|1771205600\n|switch|p2a: Volcarona|Volcarona, F|100/100\n|move|p1a: Gholdengo|Make It Rain|p2a: Volcarona\n|-resisted|p2a: Volcarona\n|-damage|p2a: Volcarona|74/100\n|-unboost|p1a: Gholdengo|spa|1\n|\n|upkeep\n|turn|15\n|\n|t:|1771205606\n|switch|p1a: Moltres|Moltres|100/100\n|move|p2a: Volcarona|Quiver Dance|p2a: Volcarona\n|-boost|p2a: Volcarona|spa|1\n|-boost|p2a: Volcarona|spd|1\n|-boost|p2a: Volcarona|spe|1\n|\n|upkeep\n|turn|16\n|\n|t:|1771205609\n|move|p2a: Volcarona|Roost|p2a: Volcarona\n|-heal|p2a: Volcarona|100/100\n|-singleturn|p2a: Volcarona|move: Roost\n|move|p1a: Moltres|Flamethrower|p2a: Volcarona\n|-damage|p2a: Volcarona|78/100\n|\n|upkeep\n|turn|17\n|\n|t:|1771205612\n|move|p2a: Volcarona|Quiver Dance|p2a: Volcarona\n|-boost|p2a: Volcarona|spa|1\n|-boost|p2a: Volcarona|spd|1\n|-boost|p2a: Volcarona|spe|1\n|move|p1a: Moltres|U-turn|p2a: Volcarona\n|-resisted|p2a: Volcarona\n|-damage|p2a: Volcarona|71/100\n|\n|t:|1771205615\n|switch|p1a: Alomomola|Alomomola, M|100/100 tox|[from] U-turn\n|-damage|p1a: Alomomola|88/100 tox|[from] Stealth Rock\n|\n|-damage|p1a: Alomomola|82/100 tox|[from] psn\n|upkeep\n|turn|18\n|\n|t:|1771205621\n|move|p2a: Volcarona|Quiver Dance|p2a: Volcarona\n|-boost|p2a: Volcarona|spa|1\n|-boost|p2a: Volcarona|spd|1\n|-boost|p2a: Volcarona|spe|1\n|move|p1a: Alomomola|Flip Turn|p2a: Volcarona\n|-supereffective|p2a: Volcarona\n|-damage|p2a: Volcarona|40/100\n|-message|FakeAltUserr forfeited.\n|\n|win|Az4k4\n|raw|FakeAltUserr's rating: 1669 &rarr; <strong>1650</strong><br />(-19 for losing)\n|raw|Az4k4's rating: 1688 &rarr; <strong>1707</strong><br />(+19 for winning)\n|l|☆FakeAltUserr\n|player|p1|\n|l|☆Az4k4\n|player|p2|\n|j|☆Az4k4\n|player|p2|Az4k4|n|\n", "uploadtime": 1771205638, "views": 6, "formatid": "gen9nationaldex", "rating": 1650, "private": 0, "password": null}