{"id": "gen9nationaldex-2540772287", "format": "[Gen 9] National Dex", "players": ["ps一刀一个rz仔", "nomer 17"], "log": "|j|☆ps一刀一个rz仔\n|j|‽nomer 17\n|t:|1771252272\n|gametype|singles\n|player|p1|ps一刀一个rz仔|volkner|1523\n|player|p2|nomer 17|1|1732\n|gen|9\n|tier|[Gen 9] National Dex\n|rated|\n|rule|HP Percentage Mod: HP is shown in percentages\n|rule|Endless Battle Clause: Forcing endless battles is banned\n|rule|Species Clause: Limit one of each Pokémon\n|rule|OHKO Clause: OHKO moves are banned\n|rule|Evasion Clause: Evasion abilities, items, and moves are banned\n|rule|Evasion Abilities Clause: Evasion abilities are banned\n|rule|Evasion Items Clause: Evasion items are banned\n|rule|Evasion Moves Clause: Evasion moves are banned\n|rule|Sleep Clause Mod: Limit one foe put to sleep\n|rule|Terastal Clause: You cannot Terastallize\n|clearpoke\n|poke|p1|Zapdos|\n|poke|p1|Samurott-Hisui, M|\n|poke|p1|Ninetales-Alola, F|\n|poke|p1|Mawile, F|\n|poke|p1|Garchomp, M|\n|poke|p1|Skeledirge, M|\n|poke|p2|Lopunny, M|\n|poke|p2|Serperior, F|\n|poke|p2|Volcarona, F|\n|poke|p2|Corviknight, M|\n|poke|p2|Quagsire, M|\n|poke|p2|Umbreon, F|\n|teampreview\n|inactive|Battle timer is ON: inactive players will automatically lose when time's up. (requested by nomer 17)\n|\n|t:|1771252300\n|teamsize|p1|6\n|teamsize|p2|6\n|start\n|switch|p1a: Zapdos|Zapdos, shiny|100/100\n|switch|p2a: Lopunny|Lopunny, M|100/100\n|turn|1\n|\n|t:|1771252309\n|detailschange|p2a: Lopunny|Lopunny-Mega, M\n|-mega|p2a: Lopunny|Lopunny|Lopunnite\n|move|p2a: Lopunny|Triple Axel|p1a: Zapdos\n|-supereffective|p1a: Zapdos\n|-damage|p1a: Zapdos|87/100\n|-hitcount|p1a: Zapdos|1\n|move|p1a: Zapdos|Discharge|p2a: Lopunny\n|-damage|p2a: Lopunny|58/100\n|\n|upkeep\n|turn|2\n|\n|t:|1771252318\n|move|p2a: Lopunny|Triple Axel|p1a: Zapdos\n|-supereffective|p1a: Zapdos\n|-damage|p1a: Zapdos|75/100\n|-supereffective|p1a: Zapdos\n|-damage|p1a: Zapdos|52/100\n|-status|p2a: Lopunny|par|[from] ability: Static|[of] p1a: Zapdos\n|-supereffective|p1a: Zapdos\n|-damage|p1a: Zapdos|19/100\n|-hitcount|p1a: Zapdos|3\n|move|p1a: Zapdos|Discharge|p2a: Lopunny\n|-damage|p2a: Lopunny|16/100 par\n|\n|upkeep\n|turn|3\n|\n|t:|1771252333\n|move|p1a: Zapdos|Roost|p1a: Zapdos\n|-heal|p1a: Zapdos|69/100\n|-singleturn|p1a: Zapdos|move: Roost\n|move|p2a: Lopunny|Close Combat|p1a: Zapdos\n|-damage|p1a: Zapdos|18/100\n|-unboost|p2a: Lopunny|def|1\n|-unboost|p2a: Lopunny|spd|1\n|\n|upkeep\n|turn|4\n|\n|t:|1771252342\n|move|p1a: Zapdos|Discharge|p2a: Lopunny\n|-damage|p2a: Lopunny|0 fnt\n|faint|p2a: Lopunny\n|detailschange|p2: Lopunny|Lopunny, M|[silent]\n|\n|upkeep\n|\n|t:|1771252346\n|switch|p2a: Serperior|Serperior, F|100/100\n|turn|5\n|\n|t:|1771252350\n|move|p2a: Serperior|Leaf Storm|p1a: Zapdos\n|-resisted|p1a: Zapdos\n|-damage|p1a: Zapdos|0 fnt\n|-boost|p2a: Serperior|spa|2\n|faint|p1a: Zapdos\n|\n|upkeep\n|\n|t:|1771252359\n|switch|p1a: Ninetales|Ninetales-Alola, F, shiny|100/100\n|-weather|Snowscape|[from] ability: Snow Warning|[of] p1a: Ninetales\n|turn|6\n|\n|t:|1771252365\n|-zpower|p2a: Serperior\n|move|p2a: Serperior|Bloom Doom|p1a: Ninetales|[zeffect]\n|-damage|p1a: Ninetales|0 fnt\n|faint|p1a: Ninetales\n|\n|-weather|Snowscape|[upkeep]\n|upkeep\n|\n|t:|1771252374\n|switch|p1a: Skeledirge|Skeledirge, M|100/100\n|turn|7\n|\n|t:|1771252377\n|switch|p2a: Umbreon|Umbreon, F|100/100\n|move|p1a: Skeledirge|Torch Song|p2a: Umbreon\n|-damage|p2a: Umbreon|84/100\n|-boost|p1a: Skeledirge|spa|1\n|\n|-weather|Snowscape|[upkeep]\n|-heal|p2a: Umbreon|90/100|[from] item: Leftovers\n|upkeep\n|turn|8\n|\n|t:|1771252394\n|switch|p1a: Garchomp|Garchomp, M, shiny|100/100\n|move|p2a: Umbreon|Toxic|p1a: Garchomp\n|-status|p1a: Garchomp|tox\n|\n|-weather|Snowscape|[upkeep]\n|-heal|p2a: Umbreon|96/100|[from] item: Leftovers\n|-damage|p1a: Garchomp|94/100 tox|[from] psn\n|upkeep\n|turn|9\n|\n|t:|1771252404\n|switch|p1a: Mawile|Mawile, F, shiny|100/100\n|-ability|p1a: Mawile|Intimidate|boost\n|-unboost|p2a: Umbreon|atk|1\n|switch|p2a: Corviknight|Corviknight, M|100/100\n|-ability|p2a: Corviknight|Pressure\n|\n|-weather|Snowscape|[upkeep]\n|upkeep\n|turn|10\n|\n|t:|1771252415\n|detailschange|p1a: Mawile|Mawile-Mega, F, shiny\n|-mega|p1a: Mawile|Mawile|Mawilite\n|move|p2a: Corviknight|Bulk Up|p2a: Corviknight\n|-boost|p2a: Corviknight|atk|1\n|-boost|p2a: Corviknight|def|1\n|move|p1a: Mawile|Swords Dance|p1a: Mawile\n|-boost|p1a: Mawile|atk|2\n|\n|-weather|none\n|upkeep\n|turn|11\n|\n|t:|1771252425\n|move|p2a: Corviknight|Bulk Up|p2a: Corviknight\n|-boost|p2a: Corviknight|atk|1\n|-boost|p2a: Corviknight|def|1\n|move|p1a: Mawile|Swords Dance|p1a: Mawile\n|-boost|p1a: Mawile|atk|2\n|\n|upkeep\n|turn|12\n|\n|t:|1771252432\n|move|p2a: Corviknight|Bulk Up|p2a: Corviknight\n|-boost|p2a: Corviknight|atk|1\n|-boost|p2a: Corviknight|def|1\n|move|p1a: Mawile|Fire Fang|p2a: Corviknight\n|-supereffective|p2a: Corviknight\n|-damage|p2a: Corviknight|33/100\n|\n|-heal|p2a: Corviknight|40/100|[from] item: Leftovers\n|upkeep\n|turn|13\n|\n|t:|1771252443\n|move|p2a: Corviknight|Brave Bird|p1a: Mawile\n|-resisted|p1a: Mawile\n|-damage|p1a: Mawile|60/100\n|-damage|p2a: Corviknight|29/100|[from] Recoil\n|move|p1a: Mawile|Fire Fang|p2a: Corviknight\n|-supereffective|p2a: Corviknight\n|-crit|p2a: Corviknight\n|-damage|p2a: Corviknight|0 fnt\n|faint|p2a: Corviknight\n|\n|upkeep\n|\n|t:|1771252448\n|switch|p2a: Volcarona|Volcarona, F|100/100\n|turn|14\n|\n|t:|1771252459\n|switch|p1a: Garchomp|Garchomp, M, shiny|94/100 tox\n|move|p2a: Volcarona|Flamethrower|p1a: Garchomp\n|-resisted|p1a: Garchomp\n|-damage|p1a: Garchomp|74/100 tox\n|\n|-damage|p1a: Garchomp|68/100 tox|[from] psn\n|upkeep\n|turn|15\n|\n|t:|1771252471\n|switch|p2a: Quagsire|Quagsire, M|100/100\n|move|p1a: Garchomp|Scale Shot|p2a: Quagsire\n|-damage|p2a: Quagsire|91/100\n|-damage|p2a: Quagsire|82/100\n|-crit|p2a: Quagsire\n|-damage|p2a: Quagsire|67/100\n|-damage|p2a: Quagsire|58/100\n|-hitcount|p2a: Quagsire|4\n|-unboost|p1a: Garchomp|def|1\n|-boost|p1a: Garchomp|spe|1\n|\n|-damage|p1a: Garchomp|56/100 tox|[from] psn\n|upkeep\n|turn|16\n|\n|t:|1771252484\n|move|p1a: Garchomp|Swords Dance|p1a: Garchomp\n|-boost|p1a: Garchomp|atk|2\n|move|p2a: Quagsire|Recover|p2a: Quagsire\n|-heal|p2a: Quagsire|100/100\n|\n|-damage|p1a: Garchomp|37/100 tox|[from] psn\n|upkeep\n|turn|17\n|\n|t:|1771252493\n|move|p1a: Garchomp|Scale Shot|p2a: Quagsire\n|-damage|p2a: Quagsire|81/100\n|-damage|p2a: Quagsire|64/100\n|-crit|p2a: Quagsire\n|-damage|p2a: Quagsire|36/100\n|-damage|p2a: Quagsire|17/100\n|-damage|p2a: Quagsire|0 fnt\n|faint|p2a: Quagsire\n|-hitcount|p2: Quagsire|5\n|-unboost|p1a: Garchomp|def|1\n|-boost|p1a: Garchomp|spe|1\n|\n|-damage|p1a: Garchomp|13/100 tox|[from] psn\n|upkeep\n|\n|t:|1771252497\n|switch|p2a: Umbreon|Umbreon, F|96/100\n|turn|18\n|\n|t:|1771252510\n|move|p2a: Umbreon|Protect|p2a: Umbreon\n|-singleturn|p2a: Umbreon|Protect\n|move|p1a: Garchomp|Scale Shot|p2a: Umbreon\n|-activate|p2a: Umbreon|move: Protect\n|\n|-heal|p2a: Umbreon|100/100|[from] item: Leftovers\n|-damage|p1a: Garchomp|0 fnt|[from] psn\n|faint|p1a: Garchomp\n|upkeep\n|\n|t:|1771252521\n|switch|p1a: Mawile|Mawile-Mega, F, shiny|60/100\n|turn|19\n|\n|t:|1771252530\n|switch|p2a: Volcarona|Volcarona, F|100/100\n|move|p1a: Mawile|Swords Dance|p1a: Mawile\n|-boost|p1a: Mawile|atk|2\n|\n|upkeep\n|turn|20\n|\n|t:|1771252536\n|move|p1a: Mawile|Sucker Punch|p2a: Volcarona\n|-damage|p2a: Volcarona|3/100\n|move|p2a: Volcarona|Flamethrower|p1a: Mawile\n|-supereffective|p1a: Mawile\n|-damage|p1a: Mawile|0 fnt\n|faint|p1a: Mawile\n|detailschange|p1: Mawile|Mawile, F, shiny|[silent]\n|\n|upkeep\n|\n|t:|1771252545\n|switch|p1a: Skeledirge|Skeledirge, M|100/100\n|turn|21\n|\n|t:|1771252549\n|switch|p2a: Umbreon|Umbreon, F|100/100\n|move|p1a: Skeledirge|Torch Song|p2a: Umbreon\n|-damage|p2a: Umbreon|84/100\n|-boost|p1a: Skeledirge|spa|1\n|\n|-heal|p2a: Umbreon|90/100|[from] item: Leftovers\n|upkeep\n|turn|22\n|\n|t:|1771252558\n|move|p1a: Skeledirge|Torch Song|p2a: Umbreon\n|-damage|p2a: Umbreon|63/100\n|-boost|p1a: Skeledirge|spa|1\n|move|p2a: Umbreon|Toxic|p1a: Skeledirge\n|-status|p1a: Skeledirge|tox\n|\n|-heal|p2a: Umbreon|69/100|[from] item: Leftovers\n|-damage|p1a: Skeledirge|94/100 tox|[from] psn\n|upkeep\n|turn|23\n|\n|t:|1771252569\n|move|p2a: Umbreon|Protect|p2a: Umbreon\n|-singleturn|p2a: Umbreon|Protect\n|move|p1a: Skeledirge|Torch Song|p2a: Umbreon\n|-activate|p2a: Umbreon|move: Protect\n|\n|-heal|p1a: Skeledirge|100/100 tox|[from] item: Leftovers\n|-heal|p2a: Umbreon|75/100|[from] item: Leftovers\n|-damage|p1a: Skeledirge|88/100 tox|[from] psn\n|upkeep\n|turn|24\n|\n|t:|1771252578\n|move|p1a: Skeledirge|Torch Song|p2a: Umbreon\n|-damage|p2a: Umbreon|39/100\n|-boost|p1a: Skeledirge|spa|1\n|move|p2a: Umbreon|Wish|p2a: Umbreon\n|\n|-heal|p1a: Skeledirge|94/100 tox|[from] item: Leftovers\n|-heal|p2a: Umbreon|45/100|[from] item: Leftovers\n|-damage|p1a: Skeledirge|76/100 tox|[from] psn\n|upkeep\n|turn|25\n|\n|t:|1771252594\n|switch|p1a: Samurott|Samurott-Hisui, M, shiny|100/100\n|move|p2a: Umbreon|Protect||[still]\n|-fail|p2a: Umbreon\n|\n|-heal|p2a: Umbreon|95/100|[from] move: Wish|[wisher] Umbreon\n|-heal|p2a: Umbreon|100/100|[from] item: Leftovers\n|upkeep\n|turn|26\n|\n|t:|1771252603\n|switch|p2a: Volcarona|Volcarona, F|3/100\n|move|p1a: Samurott|Ceaseless Edge|p2a: Volcarona\n|-damage|p2a: Volcarona|0 fnt\n|-sidestart|p2: nomer 17|Spikes\n|faint|p2a: Volcarona\n|\n|upkeep\n|\n|t:|1771252606\n|switch|p2a: Serperior|Serperior, F|100/100\n|-damage|p2a: Serperior|88/100|[from] Spikes\n|turn|27\n|\n|t:|1771252619\n|switch|p1a: Skeledirge|Skeledirge, M|76/100 tox\n|move|p2a: Serperior|Leaf Storm|p1a: Skeledirge\n|-resisted|p1a: Skeledirge\n|-damage|p1a: Skeledirge|55/100 tox\n|-boost|p2a: Serperior|spa|2\n|\n|-heal|p1a: Skeledirge|61/100 tox|[from] item: Leftovers\n|-damage|p1a: Skeledirge|55/100 tox|[from] psn\n|upkeep\n|turn|28\n|\n|t:|1771252630\n|switch|p2a: Umbreon|Umbreon, F|100/100\n|-damage|p2a: Umbreon|88/100|[from] Spikes\n|move|p1a: Skeledirge|Will-O-Wisp||[still]\n|-status|p2a: Umbreon|brn\n|-activate|p2a: Umbreon|ability: Synchronize\n|-fail|p2a: Umbreon\n|\n|-heal|p1a: Skeledirge|61/100 tox|[from] item: Leftovers\n|-heal|p2a: Umbreon|94/100 brn|[from] item: Leftovers\n|-damage|p1a: Skeledirge|49/100 tox|[from] psn\n|-damage|p2a: Umbreon|88/100 brn|[from] brn\n|upkeep\n|turn|29\n|\n|t:|1771252643\n|move|p1a: Skeledirge|Torch Song|p2a: Umbreon\n|-damage|p2a: Umbreon|71/100 brn\n|-boost|p1a: Skeledirge|spa|1\n|move|p2a: Umbreon|Wish|p2a: Umbreon\n|\n|-heal|p1a: Skeledirge|55/100 tox|[from] item: Leftovers\n|-heal|p2a: Umbreon|77/100 brn|[from] item: Leftovers\n|-damage|p1a: Skeledirge|37/100 tox|[from] psn\n|-damage|p2a: Umbreon|71/100 brn|[from] brn\n|upkeep\n|turn|30\n|\n|t:|1771252655\n|switch|p1a: Samurott|Samurott-Hisui, M, shiny|100/100\n|move|p2a: Umbreon|Foul Play|p1a: Samurott\n|-resisted|p1a: Samurott\n|-damage|p1a: Samurott|84/100\n|\n|-heal|p2a: Umbreon|100/100 brn|[from] move: Wish|[wisher] Umbreon\n|-damage|p2a: Umbreon|94/100 brn|[from] brn\n|upkeep\n|turn|31\n|\n|t:|1771252668\n|move|p2a: Umbreon|Protect|p2a: Umbreon\n|-singleturn|p2a: Umbreon|Protect\n|move|p1a: Samurott|Sacred Sword|p2a: Umbreon\n|-activate|p2a: Umbreon|move: Protect\n|\n|-heal|p2a: Umbreon|100/100 brn|[from] item: Leftovers\n|-damage|p2a: Umbreon|94/100 brn|[from] brn\n|upkeep\n|turn|32\n|\n|t:|1771252679\n|switch|p2a: Serperior|Serperior, F|88/100\n|-damage|p2a: Serperior|76/100|[from] Spikes\n|move|p1a: Samurott|Ceaseless Edge|p2a: Serperior\n|-damage|p2a: Serperior|18/100\n|-sidestart|p2: nomer 17|Spikes\n|\n|upkeep\n|turn|33\n|\n|t:|1771252687\n|move|p1a: Samurott|Sucker Punch|p2a: Serperior\n|-damage|p2a: Serperior|0 fnt\n|faint|p2a: Serperior\n|\n|upkeep\n|\n|t:|1771252689\n|switch|p2a: Umbreon|Umbreon, F|94/100 brn\n|-damage|p2a: Umbreon|78/100 brn|[from] Spikes\n|turn|34\n|\n|t:|1771252695\n|move|p1a: Samurott|Sacred Sword|p2a: Umbreon\n|-supereffective|p2a: Umbreon\n|-damage|p2a: Umbreon|9/100 brn\n|move|p2a: Umbreon|Wish|p2a: Umbreon\n|\n|-heal|p2a: Umbreon|15/100 brn|[from] item: Leftovers\n|-damage|p2a: Umbreon|9/100 brn|[from] brn\n|upkeep\n|turn|35\n|-message|nomer 17 forfeited.\n|\n|win|ps一刀一个rz仔\n|raw|ps一刀一个rz仔's rating: 1523 &rarr; <strong>1554</strong><br />(+31 for winning)\n|raw|nomer 17's rating: 1732 &rarr; <strong>1701</strong><br />(-31 for losing)\n|l|‽nomer 17\n|player|p2|\n|l|☆ps一刀一个rz仔\n|player|p1|\n", "uploadtime": 1771252708, "views": 5, "formatid": "gen9nationaldex", "rating": 1554, "private": 0, "password": null}