{"id": "gen9nationaldex-2540329912", "format": "[Gen 9] National Dex", "players": ["BiuJJ", "cbmarcus"], "log": "|j|☆BiuJJ\n|j|☆cbmarcus\n|t:|1771189446\n|gametype|singles\n|player|p1|BiuJJ|1|1714\n|player|p2|cbmarcus|clair-gen2|1768\n|gen|9\n|tier|[Gen 9] National Dex\n|rated|\n|rule|HP Percentage Mod: HP is shown in percentages\n|rule|Endless Battle Clause: Forcing endless battles is banned\n|rule|Species Clause: Limit one of each Pokémon\n|rule|OHKO Clause: OHKO moves are banned\n|rule|Evasion Clause: Evasion abilities, items, and moves are banned\n|rule|Evasion Abilities Clause: Evasion abilities are banned\n|rule|Evasion Items Clause: Evasion items are banned\n|rule|Evasion Moves Clause: Evasion moves are banned\n|rule|Sleep Clause Mod: Limit one foe put to sleep\n|rule|Terastal Clause: You cannot Terastallize\n|clearpoke\n|poke|p1|Mimikyu, M|\n|poke|p1|Cresselia, F|\n|poke|p1|Samurott-Hisui, M|\n|poke|p1|Sinistcha|\n|poke|p1|Carbink, L1|\n|poke|p1|Mawile, F|\n|poke|p2|Landorus-Therian, M|\n|poke|p2|Magnezone|\n|poke|p2|Tapu Lele|\n|poke|p2|Kartana|\n|poke|p2|Diancie|\n|poke|p2|Gyarados, M|\n|teampreview\n|\n|t:|1771189466\n|teamsize|p1|6\n|teamsize|p2|6\n|start\n|switch|p1a: SimplePawn|Carbink, L1|100/100\n|switch|p2a: Landorus|Landorus-Therian, M|100/100\n|-ability|p2a: Landorus|Intimidate|boost\n|-unboost|p1a: SimplePawn|atk|1\n|turn|1\n|\n|t:|1771189487\n|move|p2a: Landorus|Stealth Rock|p1a: SimplePawn\n|-sidestart|p1: BiuJJ|move: Stealth Rock\n|move|p1a: SimplePawn|Trick Room|p1a: SimplePawn\n|-fieldstart|move: Trick Room|[of] p1a: SimplePawn\n|\n|upkeep\n|turn|2\n|\n|t:|1771189500\n|move|p1a: SimplePawn|Stealth Rock|p2a: Landorus\n|-sidestart|p2: cbmarcus|move: Stealth Rock\n|move|p2a: Landorus|Explosion|p1a: SimplePawn\n|-resisted|p1a: SimplePawn\n|-ability|p1a: SimplePawn|Sturdy\n|-damage|p1a: SimplePawn|9/100\n|faint|p2a: Landorus\n|\n|upkeep\n|\n|t:|1771189510\n|switch|p2a: Magnezone|Magnezone|100/100\n|-damage|p2a: Magnezone|94/100|[from] Stealth Rock\n|turn|3\n|\n|t:|1771189514\n|move|p1a: SimplePawn|Endeavor|p2a: Magnezone\n|-damage|p2a: Magnezone|1/100\n|move|p2a: Magnezone|Flash Cannon|p1a: SimplePawn\n|-supereffective|p1a: SimplePawn\n|-damage|p1a: SimplePawn|0 fnt\n|faint|p1a: SimplePawn\n|\n|upkeep\n|\n|t:|1771189516\n|switch|p1a: StacheKnight|Samurott-Hisui, M|100/100\n|-damage|p1a: StacheKnight|88/100|[from] Stealth Rock\n|turn|4\n|\n|t:|1771189520\n|move|p1a: StacheKnight|Ceaseless Edge|p2a: Magnezone\n|-damage|p2a: Magnezone|0 fnt\n|-sidestart|p2: cbmarcus|Spikes\n|faint|p2a: Magnezone\n|-damage|p1a: StacheKnight|78/100|[from] item: Life Orb\n|\n|upkeep\n|\n|t:|1771189525\n|switch|p2a: Kartana|Kartana|100/100\n|-damage|p2a: Kartana|94/100|[from] Stealth Rock\n|-damage|p2a: Kartana|82/100|[from] Spikes\n|turn|5\n|\n|t:|1771189530\n|switch|p1a: MadQueen|Mawile, F|100/100\n|-damage|p1a: MadQueen|95/100|[from] Stealth Rock\n|-ability|p1a: MadQueen|Intimidate|boost\n|-unboost|p2a: Kartana|atk|1\n|move|p2a: Kartana|Leaf Blade|p1a: MadQueen\n|-resisted|p1a: MadQueen\n|-damage|p1a: MadQueen|71/100\n|\n|-fieldend|move: Trick Room\n|upkeep\n|turn|6\n|\n|t:|1771189534\n|detailschange|p1a: MadQueen|Mawile-Mega, F\n|-mega|p1a: MadQueen|Mawile|Mawilite\n|move|p2a: Kartana|Leaf Blade|p1a: MadQueen\n|-resisted|p1a: MadQueen\n|-damage|p1a: MadQueen|52/100\n|move|p1a: MadQueen|Thunder Punch|p2a: Kartana\n|-resisted|p2a: Kartana\n|-damage|p2a: Kartana|54/100\n|\n|upkeep\n|turn|7\n|\n|t:|1771189541\n|move|p2a: Kartana|Leaf Blade|p1a: MadQueen\n|-resisted|p1a: MadQueen\n|-damage|p1a: MadQueen|33/100\n|move|p1a: MadQueen|Fire Fang|p2a: Kartana\n|-supereffective|p2a: Kartana\n|-damage|p2a: Kartana|0 fnt\n|faint|p2a: Kartana\n|\n|upkeep\n|inactive|Battle timer is ON: inactive players will automatically lose when time's up. (requested by BiuJJ)\n|\n|t:|1771189548\n|switch|p2a: Diancie|Diancie|100/100\n|-damage|p2a: Diancie|88/100|[from] Stealth Rock\n|-damage|p2a: Diancie|76/100|[from] Spikes\n|turn|8\n|\n|t:|1771189551\n|switch|p1a: MimiKing|Mimikyu, M|100/100\n|-damage|p1a: MimiKing|88/100|[from] Stealth Rock\n|move|p2a: Diancie|Earth Power|p1a: MimiKing\n|-activate|p1a: MimiKing|ability: Disguise\n|-damage|p1a: MimiKing|88/100\n|detailschange|p1a: MimiKing|Mimikyu-Busted, M\n|-damage|p1a: MimiKing|76/100|[from] pokemon: Mimikyu-Busted\n|-enditem|p1a: MimiKing|Red Card|[of] p2a: Diancie\n|drag|p2a: Tapu Lele|Tapu Lele|100/100\n|-damage|p2a: Tapu Lele|88/100|[from] Stealth Rock\n|-damage|p2a: Tapu Lele|76/100|[from] Spikes\n|-fieldstart|move: Psychic Terrain|[from] ability: Psychic Surge|[of] p2a: Tapu Lele\n|\n|upkeep\n|turn|9\n|\n|t:|1771189556\n|move|p2a: Tapu Lele|Moonblast|p1a: MimiKing\n|-damage|p1a: MimiKing|0 fnt\n|faint|p1a: MimiKing\n|\n|upkeep\n|\n|t:|1771189560\n|switch|p1a: HealTower|Cresselia, F|100/100\n|-damage|p1a: HealTower|88/100|[from] Stealth Rock\n|turn|10\n|\n|t:|1771189562\n|move|p2a: Tapu Lele|Moonblast|p1a: HealTower\n|-damage|p1a: HealTower|38/100\n|move|p1a: HealTower|Trick Room|p1a: HealTower\n|-fieldstart|move: Trick Room|[of] p1a: HealTower\n|\n|upkeep\n|turn|11\n|\n|t:|1771189565\n|move|p1a: HealTower|Lunar Dance|p1a: HealTower\n|faint|p1a: HealTower\n|move|p2a: Tapu Lele|Moonblast|p1: HealTower|[notarget]\n|-fail|p2a: Tapu Lele\n|\n|upkeep\n|\n|t:|1771189567\n|switch|p1a: MadQueen|Mawile-Mega, F|33/100\n|-heal|p1a: MadQueen|100/100|[from] move: Lunar Dance\n|-damage|p1a: MadQueen|95/100|[from] Stealth Rock\n|turn|12\n|\n|t:|1771189571\n|switch|p2a: Diancie|Diancie|76/100\n|-damage|p2a: Diancie|63/100|[from] Stealth Rock\n|-damage|p2a: Diancie|51/100|[from] Spikes\n|move|p1a: MadQueen|Play Rough|p2a: Diancie\n|-damage|p2a: Diancie|0 fnt\n|faint|p2a: Diancie\n|\n|-fieldend|move: Psychic Terrain\n|upkeep\n|\n|t:|1771189574\n|switch|p2a: Gyarados|Gyarados, M|100/100\n|-damage|p2a: Gyarados|76/100|[from] Stealth Rock\n|turn|13\n|\n|t:|1771189576\n|move|p1a: MadQueen|Thunder Punch|p2a: Gyarados\n|-supereffective|p2a: Gyarados\n|-damage|p2a: Gyarados|0 fnt\n|faint|p2a: Gyarados\n|\n|upkeep\n|-message|cbmarcus forfeited.\n|\n|win|BiuJJ\n|raw|BiuJJ's rating: 1714 &rarr; <strong>1737</strong><br />(+23 for winning)\n|raw|cbmarcus's rating: 1768 &rarr; <strong>1745</strong><br />(-23 for losing)\n|l|☆cbmarcus\n|player|p2|\n|l|☆BiuJJ\n|player|p1|\n", "uploadtime": 1771189765, "views": 7, "formatid": "gen9nationaldex", "rating": 1737, "private": 0, "password": null}