{"id": "gen9nationaldex-2540503050", "format": "[Gen 9] National Dex", "players": ["fight me son", "puddingss"], "log": "|j|☆fight me son\n|j|☆puddingss\n|t:|1771210126\n|gametype|singles\n|player|p1|fight me son|1|1697\n|player|p2|puddingss|2|1672\n|gen|9\n|tier|[Gen 9] National Dex\n|rated|\n|rule|HP Percentage Mod: HP is shown in percentages\n|rule|Endless Battle Clause: Forcing endless battles is banned\n|rule|Species Clause: Limit one of each Pokémon\n|rule|OHKO Clause: OHKO moves are banned\n|rule|Evasion Clause: Evasion abilities, items, and moves are banned\n|rule|Evasion Abilities Clause: Evasion abilities are banned\n|rule|Evasion Items Clause: Evasion items are banned\n|rule|Evasion Moves Clause: Evasion moves are banned\n|rule|Sleep Clause Mod: Limit one foe put to sleep\n|rule|Terastal Clause: You cannot Terastallize\n|clearpoke\n|poke|p1|Garchomp, F|\n|poke|p1|Xurkitree|\n|poke|p1|Tapu Lele|\n|poke|p1|Scizor, M|\n|poke|p1|Alomomola, F|\n|poke|p1|Tornadus-Therian, M|\n|poke|p2|Charizard, F|\n|poke|p2|Iron Treads|\n|poke|p2|Tapu Koko|\n|poke|p2|Archaludon, F|\n|poke|p2|Blaziken, F|\n|poke|p2|Hawlucha, M|\n|teampreview\n|\n|t:|1771210129\n|teamsize|p1|6\n|teamsize|p2|6\n|start\n|switch|p1a: Scizor|Scizor, M|100/100\n|switch|p2a: Archaludon|Archaludon, F|100/100\n|turn|1\n|inactive|Battle timer is ON: inactive players will automatically lose when time's up. (requested by fight me son)\n|\n|t:|1771210146\n|detailschange|p1a: Scizor|Scizor-Mega, M\n|-mega|p1a: Scizor|Scizor|Scizorite\n|move|p2a: Archaludon|Stealth Rock|p1a: Scizor\n|-sidestart|p1: fight me son|move: Stealth Rock\n|move|p1a: Scizor|Knock Off|p2a: Archaludon\n|-damage|p2a: Archaludon|84/100\n|\n|upkeep\n|turn|2\n|\n|t:|1771210154\n|move|p2a: Archaludon|Stealth Rock||[still]\n|-fail|p2a: Archaludon\n|move|p1a: Scizor|U-turn|p2a: Archaludon\n|-resisted|p2a: Archaludon\n|-damage|p2a: Archaludon|69/100\n|\n|t:|1771210159\n|switch|p1a: Tapu Lele|Tapu Lele|100/100|[from] U-turn\n|-damage|p1a: Tapu Lele|88/100|[from] Stealth Rock\n|-fieldstart|move: Psychic Terrain|[from] ability: Psychic Surge|[of] p1a: Tapu Lele\n|\n|upkeep\n|turn|3\n|\n|t:|1771210165\n|move|p1a: Tapu Lele|Moonblast|p2a: Archaludon\n|-damage|p2a: Archaludon|0 fnt\n|faint|p2a: Archaludon\n|\n|upkeep\n|\n|t:|1771210167\n|switch|p2a: Charizard|Charizard, F|100/100\n|turn|4\n|\n|t:|1771210170\n|switch|p1a: Garchomp|Garchomp, F|100/100\n|-damage|p1a: Garchomp|94/100|[from] Stealth Rock\n|detailschange|p2a: Charizard|Charizard-Mega-Y, F\n|-mega|p2a: Charizard|Charizard|Charizardite Y\n|-weather|SunnyDay|[from] ability: Drought|[of] p2a: Charizard\n|move|p2a: Charizard|Weather Ball|p1a: Garchomp\n|-resisted|p1a: Garchomp\n|-damage|p1a: Garchomp|65/100\n|\n|-weather|SunnyDay|[upkeep]\n|-heal|p1a: Garchomp|71/100|[from] item: Leftovers\n|upkeep\n|turn|5\n|\n|t:|1771210174\n|switch|p2a: Iron Treads|Iron Treads|100/100\n|-enditem|p2a: Iron Treads|Booster Energy\n|-activate|p2a: Iron Treads|ability: Quark Drive|[fromitem]\n|-start|p2a: Iron Treads|quarkdrivespe\n|move|p1a: Garchomp|Toxic|p2a: Iron Treads\n|-immune|p2a: Iron Treads\n|\n|-weather|SunnyDay|[upkeep]\n|-heal|p1a: Garchomp|77/100|[from] item: Leftovers\n|upkeep\n|turn|6\n|\n|t:|1771210177\n|switch|p1a: Alomomola|Alomomola, F|100/100\n|-damage|p1a: Alomomola|88/100|[from] Stealth Rock\n|move|p2a: Iron Treads|Ice Spinner|p1a: Alomomola\n|-resisted|p1a: Alomomola\n|-damage|p1a: Alomomola|82/100\n|-fieldend|move: Psychic Terrain\n|\n|-weather|SunnyDay|[upkeep]\n|-heal|p1a: Alomomola|88/100|[from] item: Leftovers\n|upkeep\n|turn|7\n|\n|t:|1771210182\n|move|p2a: Iron Treads|Earthquake|p1a: Alomomola\n|-damage|p1a: Alomomola|62/100\n|move|p1a: Alomomola|Scald|p2a: Iron Treads\n|-supereffective|p2a: Iron Treads\n|-damage|p2a: Iron Treads|82/100\n|\n|-weather|SunnyDay|[upkeep]\n|-heal|p1a: Alomomola|68/100|[from] item: Leftovers\n|upkeep\n|turn|8\n|\n|t:|1771210187\n|-end|p2a: Iron Treads|Quark Drive|[silent]\n|switch|p2a: Tapu Koko|Tapu Koko|100/100\n|-fieldstart|move: Electric Terrain|[from] ability: Electric Surge|[of] p2a: Tapu Koko\n|move|p1a: Alomomola|Scald|p2a: Tapu Koko\n|-damage|p2a: Tapu Koko|91/100\n|-status|p2a: Tapu Koko|brn\n|\n|-weather|none\n|-heal|p1a: Alomomola|74/100|[from] item: Leftovers\n|-damage|p2a: Tapu Koko|84/100 brn|[from] brn\n|upkeep\n|turn|9\n|\n|t:|1771210192\n|move|p1a: Alomomola|Protect|p1a: Alomomola\n|-singleturn|p1a: Alomomola|Protect\n|move|p2a: Tapu Koko|U-turn|p1a: Alomomola\n|-activate|p1a: Alomomola|move: Protect\n|\n|-heal|p1a: Alomomola|80/100|[from] item: Leftovers\n|-damage|p2a: Tapu Koko|78/100 brn|[from] brn\n|upkeep\n|turn|10\n|\n|t:|1771210198\n|switch|p1a: Xurkitree|Xurkitree|100/100\n|-damage|p1a: Xurkitree|88/100|[from] Stealth Rock\n|move|p2a: Tapu Koko|U-turn|p1a: Xurkitree\n|-damage|p1a: Xurkitree|76/100\n|\n|t:|1771210202\n|switch|p2a: Iron Treads|Iron Treads|82/100|[from] U-turn\n|-activate|p2a: Iron Treads|ability: Quark Drive\n|-start|p2a: Iron Treads|quarkdrivespe\n|\n|upkeep\n|turn|11\n|\n|t:|1771210205\n|-end|p2a: Iron Treads|Quark Drive|[silent]\n|switch|p2a: Charizard|Charizard-Mega-Y, F|100/100\n|-weather|SunnyDay|[from] ability: Drought|[of] p2a: Charizard\n|switch|p1a: Tornadus|Tornadus-Therian, M|100/100\n|\n|-weather|SunnyDay|[upkeep]\n|upkeep\n|turn|12\n|\n|t:|1771210209\n|move|p1a: Tornadus|Defog|p2a: Charizard\n|-unboost|p2a: Charizard|evasion|1\n|-sideend|p1: fight me son|Stealth Rock|[from] move: Defog|[of] p1a: Tornadus\n|-fieldend|move: Electric Terrain\n|move|p2a: Charizard|Weather Ball|p1a: Tornadus\n|-crit|p1a: Tornadus\n|-damage|p1a: Tornadus|0 fnt\n|faint|p1a: Tornadus\n|\n|-weather|SunnyDay|[upkeep]\n|upkeep\n|\n|t:|1771210212\n|switch|p1a: Garchomp|Garchomp, F|77/100\n|turn|13\n|\n|t:|1771210216\n|switch|p2a: Iron Treads|Iron Treads|82/100\n|move|p1a: Garchomp|Stealth Rock|p2a: Iron Treads\n|-sidestart|p2: puddingss|move: Stealth Rock\n|\n|-weather|SunnyDay|[upkeep]\n|-heal|p1a: Garchomp|84/100|[from] item: Leftovers\n|upkeep\n|turn|14\n|\n|t:|1771210220\n|switch|p1a: Alomomola|Alomomola, F|100/100\n|move|p2a: Iron Treads|Rapid Spin|p1a: Alomomola\n|-crit|p1a: Alomomola\n|-damage|p1a: Alomomola|87/100\n|-boost|p2a: Iron Treads|spe|1\n|-sideend|p2: puddingss|Stealth Rock|[from] move: Rapid Spin|[of] p2a: Iron Treads\n|\n|-weather|SunnyDay|[upkeep]\n|-heal|p1a: Alomomola|93/100|[from] item: Leftovers\n|upkeep\n|turn|15\n|\n|t:|1771210222\n|move|p2a: Iron Treads|Stealth Rock|p1a: Alomomola\n|-sidestart|p1: fight me son|move: Stealth Rock\n|move|p1a: Alomomola|Scald|p2a: Iron Treads\n|-supereffective|p2a: Iron Treads\n|-damage|p2a: Iron Treads|61/100\n|\n|-weather|none\n|-heal|p1a: Alomomola|99/100|[from] item: Leftovers\n|upkeep\n|turn|16\n|\n|t:|1771210227\n|-end|p2a: Iron Treads|Quark Drive|[silent]\n|switch|p2a: Tapu Koko|Tapu Koko|78/100 brn\n|-fieldstart|move: Electric Terrain|[from] ability: Electric Surge|[of] p2a: Tapu Koko\n|move|p1a: Alomomola|Flip Turn|p2a: Tapu Koko\n|-damage|p2a: Tapu Koko|57/100 brn\n|\n|t:|1771210255\n|switch|p1a: Tapu Lele|Tapu Lele|88/100|[from] Flip Turn\n|-damage|p1a: Tapu Lele|76/100|[from] Stealth Rock\n|-fieldstart|move: Psychic Terrain|[from] ability: Psychic Surge|[of] p1a: Tapu Lele\n|\n|-damage|p2a: Tapu Koko|51/100 brn|[from] brn\n|upkeep\n|turn|17\n|\n|t:|1771210262\n|move|p2a: Tapu Koko|U-turn|p1a: Tapu Lele\n|-damage|p1a: Tapu Lele|64/100\n|\n|t:|1771210264\n|switch|p2a: Iron Treads|Iron Treads|61/100|[from] U-turn\n|move|p1a: Tapu Lele|Moonblast|p2a: Iron Treads\n|-resisted|p2a: Iron Treads\n|-crit|p2a: Iron Treads\n|-damage|p2a: Iron Treads|7/100\n|\n|upkeep\n|turn|18\n|\n|t:|1771210267\n|move|p1a: Tapu Lele|Moonblast|p2a: Iron Treads\n|-resisted|p2a: Iron Treads\n|-damage|p2a: Iron Treads|0 fnt\n|faint|p2a: Iron Treads\n|-end|p2a: Iron Treads|Quark Drive|[silent]\n|\n|upkeep\n|\n|t:|1771210270\n|switch|p2a: Tapu Koko|Tapu Koko|51/100 brn\n|-fieldstart|move: Electric Terrain|[from] ability: Electric Surge|[of] p2a: Tapu Koko\n|turn|19\n|\n|t:|1771210274\n|switch|p1a: Garchomp|Garchomp, F|84/100\n|-damage|p1a: Garchomp|77/100|[from] Stealth Rock\n|move|p2a: Tapu Koko|U-turn|p1a: Garchomp\n|-damage|p1a: Garchomp|70/100\n|-damage|p2a: Tapu Koko|39/100 brn|[from] ability: Rough Skin|[of] p1a: Garchomp\n|\n|t:|1771210282\n|switch|p2a: Charizard|Charizard-Mega-Y, F|100/100|[from] U-turn\n|-weather|SunnyDay|[from] ability: Drought|[of] p2a: Charizard\n|\n|-weather|SunnyDay|[upkeep]\n|-heal|p1a: Garchomp|77/100|[from] item: Leftovers\n|upkeep\n|turn|20\n|\n|t:|1771210286\n|move|p2a: Charizard|Weather Ball|p1a: Garchomp\n|-resisted|p1a: Garchomp\n|-damage|p1a: Garchomp|43/100\n|move|p1a: Garchomp|Toxic|p2a: Charizard\n|-status|p2a: Charizard|tox\n|\n|-weather|SunnyDay|[upkeep]\n|-heal|p1a: Garchomp|50/100|[from] item: Leftovers\n|-damage|p2a: Charizard|94/100 tox|[from] psn\n|upkeep\n|turn|21\n|\n|t:|1771210290\n|move|p1a: Garchomp|Protect|p1a: Garchomp\n|-singleturn|p1a: Garchomp|Protect\n|move|p2a: Charizard|Weather Ball|p1a: Garchomp\n|-activate|p1a: Garchomp|move: Protect\n|\n|-weather|SunnyDay|[upkeep]\n|-heal|p1a: Garchomp|56/100|[from] item: Leftovers\n|-damage|p2a: Charizard|82/100 tox|[from] psn\n|upkeep\n|turn|22\n|\n|t:|1771210294\n|move|p2a: Charizard|Solar Beam||[still]\n|-prepare|p2a: Charizard|Solar Beam\n|-anim|p2a: Charizard|Solar Beam|p1a: Garchomp\n|-damage|p1a: Garchomp|22/100\n|move|p1a: Garchomp|Stealth Rock|p2a: Charizard\n|-sidestart|p2: puddingss|move: Stealth Rock\n|\n|-weather|SunnyDay|[upkeep]\n|-heal|p1a: Garchomp|29/100|[from] item: Leftovers\n|-damage|p2a: Charizard|64/100 tox|[from] psn\n|upkeep\n|turn|23\n|\n|t:|1771210298\n|move|p1a: Garchomp|Protect|p1a: Garchomp\n|-singleturn|p1a: Garchomp|Protect\n|move|p2a: Charizard|Solar Beam||[still]\n|-prepare|p2a: Charizard|Solar Beam\n|-anim|p2a: Charizard|Solar Beam|p1a: Garchomp\n|-activate|p1a: Garchomp|move: Protect\n|\n|-weather|none\n|-heal|p1a: Garchomp|35/100|[from] item: Leftovers\n|-damage|p2a: Charizard|40/100 tox|[from] psn\n|-fieldend|move: Electric Terrain\n|upkeep\n|turn|24\n|\n|t:|1771210304\n|move|p2a: Charizard|Scorching Sands|p1a: Garchomp\n|-damage|p1a: Garchomp|17/100\n|move|p1a: Garchomp|Earthquake|p2a: Charizard\n|-immune|p2a: Charizard\n|\n|-heal|p1a: Garchomp|23/100|[from] item: Leftovers\n|-damage|p2a: Charizard|10/100 tox|[from] psn\n|upkeep\n|turn|25\n|\n|t:|1771210306\n|move|p1a: Garchomp|Protect|p1a: Garchomp\n|-singleturn|p1a: Garchomp|Protect\n|move|p2a: Charizard|Scorching Sands|p1a: Garchomp\n|-activate|p1a: Garchomp|move: Protect\n|\n|-heal|p1a: Garchomp|29/100|[from] item: Leftovers\n|-damage|p2a: Charizard|0 fnt|[from] psn\n|faint|p2a: Charizard\n|detailschange|p2: Charizard|Charizard, F|[silent]\n|upkeep\n|\n|t:|1771210309\n|switch|p2a: Tapu Koko|Tapu Koko|39/100 brn\n|-damage|p2a: Tapu Koko|26/100 brn|[from] Stealth Rock\n|-fieldstart|move: Electric Terrain|[from] ability: Electric Surge|[of] p2a: Tapu Koko\n|turn|26\n|\n|t:|1771210324\n|move|p2a: Tapu Koko|Defog|p1a: Garchomp\n|-unboost|p1a: Garchomp|evasion|1\n|-sideend|p1: fight me son|Stealth Rock|[from] move: Defog|[of] p2a: Tapu Koko\n|-sideend|p2: puddingss|Stealth Rock|[from] move: Defog|[of] p2a: Tapu Koko\n|-fieldend|move: Electric Terrain\n|move|p1a: Garchomp|Earthquake|p2a: Tapu Koko\n|-supereffective|p2a: Tapu Koko\n|-damage|p2a: Tapu Koko|0 fnt\n|faint|p2a: Tapu Koko\n|\n|-heal|p1a: Garchomp|35/100|[from] item: Leftovers\n|upkeep\n|\n|t:|1771210330\n|switch|p2a: Hawlucha|Hawlucha, M|100/100\n|turn|27\n|\n|t:|1771210333\n|move|p2a: Hawlucha|Close Combat|p1a: Garchomp\n|-damage|p1a: Garchomp|0 fnt\n|-unboost|p2a: Hawlucha|def|1\n|-unboost|p2a: Hawlucha|spd|1\n|-damage|p2a: Hawlucha|88/100|[from] ability: Rough Skin|[of] p1a: Garchomp\n|faint|p1a: Garchomp\n|\n|upkeep\n|\n|t:|1771210335\n|switch|p1a: Alomomola|Alomomola, F|100/100\n|turn|28\n|\n|t:|1771210339\n|move|p2a: Hawlucha|Swords Dance|p2a: Hawlucha\n|-boost|p2a: Hawlucha|atk|2\n|move|p1a: Alomomola|Scald|p2a: Hawlucha\n|-damage|p2a: Hawlucha|56/100\n|\n|upkeep\n|turn|29\n|\n|t:|1771210346\n|move|p2a: Hawlucha|Swords Dance|p2a: Hawlucha\n|-boost|p2a: Hawlucha|atk|2\n|move|p1a: Alomomola|Flip Turn|p2a: Hawlucha\n|-damage|p2a: Hawlucha|23/100\n|\n|t:|1771210348\n|switch|p1a: Scizor|Scizor-Mega, M|100/100|[from] Flip Turn\n|\n|upkeep\n|turn|30\n|\n|t:|1771210354\n|move|p1a: Scizor|Bullet Punch|p2a: Hawlucha\n|-damage|p2a: Hawlucha|0 fnt\n|faint|p2a: Hawlucha\n|\n|upkeep\n|\n|t:|1771210355\n|switch|p2a: Blaziken|Blaziken, F|100/100\n|turn|31\n|\n|t:|1771210359\n|move|p2a: Blaziken|Swords Dance|p2a: Blaziken\n|-boost|p2a: Blaziken|atk|2\n|move|p1a: Scizor|U-turn|p2a: Blaziken\n|-resisted|p2a: Blaziken\n|-damage|p2a: Blaziken|87/100\n|\n|t:|1771210362\n|switch|p1a: Alomomola|Alomomola, F|100/100|[from] U-turn\n|\n|-ability|p2a: Blaziken|Speed Boost|boost\n|-boost|p2a: Blaziken|spe|1\n|upkeep\n|turn|32\n|\n|t:|1771210369\n|move|p2a: Blaziken|Close Combat|p1a: Alomomola\n|-damage|p1a: Alomomola|35/100\n|-unboost|p2a: Blaziken|def|1\n|-unboost|p2a: Blaziken|spd|1\n|move|p1a: Alomomola|Scald|p2a: Blaziken\n|-supereffective|p2a: Blaziken\n|-damage|p2a: Blaziken|22/100\n|\n|-heal|p1a: Alomomola|41/100|[from] item: Leftovers\n|-ability|p2a: Blaziken|Speed Boost|boost\n|-boost|p2a: Blaziken|spe|1\n|upkeep\n|turn|33\n|\n|t:|1771210372\n|move|p2a: Blaziken|Close Combat|p1a: Alomomola\n|-damage|p1a: Alomomola|0 fnt\n|-unboost|p2a: Blaziken|def|1\n|-unboost|p2a: Blaziken|spd|1\n|faint|p1a: Alomomola\n|\n|-ability|p2a: Blaziken|Speed Boost|boost\n|-boost|p2a: Blaziken|spe|1\n|upkeep\n|\n|t:|1771210377\n|switch|p1a: Scizor|Scizor-Mega, M|100/100\n|turn|34\n|\n|t:|1771210388\n|move|p1a: Scizor|Bullet Punch|p2a: Blaziken\n|-resisted|p2a: Blaziken\n|-damage|p2a: Blaziken|0 fnt\n|faint|p2a: Blaziken\n|\n|win|fight me son\n|raw|fight me son's rating: 1697 &rarr; <strong>1716</strong><br />(+19 for winning)\n|raw|puddingss's rating: 1672 &rarr; <strong>1653</strong><br />(-19 for losing)\n|l|☆fight me son\n|player|p1|\n", "uploadtime": 1771210643, "views": 9, "formatid": "gen9nationaldex", "rating": 1653, "private": 0, "password": null}