{"id": "gen9nationaldex-2540231710", "format": "[Gen 9] National Dex", "players": ["Spectre Ace", "Zoowahp"], "log": "|j|☆Spectre Ace\n|j|☆Zoowahp\n|t:|1771178613\n|gametype|singles\n|player|p1|Spectre Ace|juggler|1530\n|player|p2|Zoowahp|2|1543\n|gen|9\n|tier|[Gen 9] National Dex\n|rated|\n|rule|HP Percentage Mod: HP is shown in percentages\n|rule|Endless Battle Clause: Forcing endless battles is banned\n|rule|Species Clause: Limit one of each Pokémon\n|rule|OHKO Clause: OHKO moves are banned\n|rule|Evasion Clause: Evasion abilities, items, and moves are banned\n|rule|Evasion Abilities Clause: Evasion abilities are banned\n|rule|Evasion Items Clause: Evasion items are banned\n|rule|Evasion Moves Clause: Evasion moves are banned\n|rule|Sleep Clause Mod: Limit one foe put to sleep\n|rule|Terastal Clause: You cannot Terastallize\n|clearpoke\n|poke|p1|Tapu Koko|\n|poke|p1|Raichu-Alola, M|\n|poke|p1|Iron Valiant|\n|poke|p1|Landorus-Therian, M|\n|poke|p1|Slowking-Galar, F|\n|poke|p1|Ferrothorn, M|\n|poke|p2|Aerodactyl, F|\n|poke|p2|Latias, F|\n|poke|p2|Samurott-Hisui, M|\n|poke|p2|Heliolisk, M|\n|poke|p2|Great Tusk|\n|poke|p2|Iron Jugulis|\n|teampreview\n|inactive|Battle timer is ON: inactive players will automatically lose when time's up. (requested by Zoowahp)\n|\n|t:|1771178620\n|teamsize|p1|6\n|teamsize|p2|6\n|start\n|switch|p1a: Tapu Koko|Tapu Koko|100/100\n|switch|p2a: Great Tusk|Great Tusk|100/100\n|-fieldstart|move: Electric Terrain|[from] ability: Electric Surge|[of] p1a: Tapu Koko\n|turn|1\n|\n|t:|1771178624\n|move|p1a: Tapu Koko|Dazzling Gleam|p2a: Great Tusk\n|-supereffective|p2a: Great Tusk\n|-damage|p2a: Great Tusk|56/100\n|move|p2a: Great Tusk|Earthquake|p1a: Tapu Koko\n|-supereffective|p1a: Tapu Koko\n|-damage|p1a: Tapu Koko|0 fnt\n|faint|p1a: Tapu Koko\n|\n|upkeep\n|\n|t:|1771178627\n|switch|p1a: Raichu|Raichu-Alola, M, shiny|100/100\n|turn|2\n|\n|t:|1771178629\n|-end|p2a: Great Tusk|Protosynthesis|[silent]\n|switch|p2a: Samurott|Samurott-Hisui, M|100/100\n|move|p1a: Raichu|Psyshock|p2a: Samurott\n|-immune|p2a: Samurott\n|\n|upkeep\n|turn|3\n|\n|t:|1771178633\n|move|p1a: Raichu|Rising Voltage|p2a: Samurott\n|-hint|Rising Voltage's BP doubled on grounded target.\n|-supereffective|p2a: Samurott\n|-enditem|p2a: Samurott|Focus Sash\n|-damage|p2a: Samurott|1/100\n|-damage|p1a: Raichu|91/100|[from] item: Life Orb\n|move|p2a: Samurott|Sacred Sword|p1a: Raichu\n|-resisted|p1a: Raichu\n|-damage|p1a: Raichu|36/100\n|\n|upkeep\n|turn|4\n|\n|t:|1771178639\n|switch|p1a: Iron Valiant|Iron Valiant|100/100\n|-activate|p1a: Iron Valiant|ability: Quark Drive\n|-start|p1a: Iron Valiant|quarkdrivespe\n|move|p2a: Samurott|Aqua Jet|p1a: Iron Valiant\n|-damage|p1a: Iron Valiant|75/100\n|\n|upkeep\n|turn|5\n|\n|t:|1771178642\n|move|p2a: Samurott|Aqua Jet|p1a: Iron Valiant\n|-damage|p1a: Iron Valiant|48/100\n|move|p1a: Iron Valiant|Swords Dance|p1a: Iron Valiant\n|-boost|p1a: Iron Valiant|atk|2\n|\n|-fieldend|move: Electric Terrain\n|-end|p1a: Iron Valiant|Quark Drive\n|upkeep\n|turn|6\n|\n|t:|1771178645\n|move|p2a: Samurott|Aqua Jet|p1a: Iron Valiant\n|-damage|p1a: Iron Valiant|21/100\n|move|p1a: Iron Valiant|Knock Off|p2a: Samurott\n|-resisted|p2a: Samurott\n|-damage|p2a: Samurott|0 fnt\n|faint|p2a: Samurott\n|\n|upkeep\n|\n|t:|1771178658\n|switch|p2a: Iron Jugulis|Iron Jugulis, shiny|100/100\n|-enditem|p2a: Iron Jugulis|Booster Energy\n|-activate|p2a: Iron Jugulis|ability: Quark Drive|[fromitem]\n|-start|p2a: Iron Jugulis|quarkdrivespe\n|turn|7\n|\n|t:|1771178662\n|move|p2a: Iron Jugulis|Charge Beam|p1a: Iron Valiant\n|-damage|p1a: Iron Valiant|0 fnt\n|-boost|p2a: Iron Jugulis|spa|1\n|faint|p1a: Iron Valiant\n|-end|p1a: Iron Valiant|Quark Drive|[silent]\n|\n|upkeep\n|\n|t:|1771178665\n|switch|p1a: Slowking|Slowking-Galar, F|100/100\n|turn|8\n|\n|t:|1771178667\n|move|p2a: Iron Jugulis|Dark Pulse|p1a: Slowking\n|-supereffective|p1a: Slowking\n|-damage|p1a: Slowking|27/100\n|move|p1a: Slowking|Sludge Bomb|p2a: Iron Jugulis\n|-damage|p2a: Iron Jugulis|56/100\n|-status|p2a: Iron Jugulis|psn\n|\n|-damage|p2a: Iron Jugulis|44/100 psn|[from] psn\n|upkeep\n|turn|9\n|\n|t:|1771178674\n|switch|p1a: Ferrothorn|Ferrothorn, M|100/100\n|move|p2a: Iron Jugulis|Dark Pulse|p1a: Ferrothorn\n|-damage|p1a: Ferrothorn|54/100\n|\n|-heal|p1a: Ferrothorn|61/100|[from] item: Leftovers\n|-damage|p2a: Iron Jugulis|32/100 psn|[from] psn\n|upkeep\n|turn|10\n|\n|t:|1771178676\n|switch|p1a: Landorus|Landorus-Therian, M|100/100\n|-ability|p1a: Landorus|Intimidate|boost\n|-unboost|p2a: Iron Jugulis|atk|1\n|move|p2a: Iron Jugulis|Flamethrower|p1a: Landorus\n|-crit|p1a: Landorus\n|-damage|p1a: Landorus|31/100\n|\n|-damage|p2a: Iron Jugulis|19/100 psn|[from] psn\n|upkeep\n|turn|11\n|\n|t:|1771178681\n|move|p2a: Iron Jugulis|Dark Pulse|p1a: Landorus\n|-damage|p1a: Landorus|0 fnt\n|faint|p1a: Landorus\n|\n|-damage|p2a: Iron Jugulis|7/100 psn|[from] psn\n|upkeep\n|\n|t:|1771178684\n|switch|p1a: Ferrothorn|Ferrothorn, M|61/100\n|turn|12\n|\n|t:|1771178686\n|switch|p1a: Slowking|Slowking-Galar, F|60/100\n|move|p2a: Iron Jugulis|Dark Pulse|p1a: Slowking\n|-supereffective|p1a: Slowking\n|-damage|p1a: Slowking|0 fnt\n|faint|p1a: Slowking\n|\n|-damage|p2a: Iron Jugulis|0 fnt|[from] psn\n|faint|p2a: Iron Jugulis\n|-end|p2a: Iron Jugulis|Quark Drive|[silent]\n|upkeep\n|\n|t:|1771178689\n|switch|p2a: Latias|Latias, F, shiny|100/100\n|switch|p1a: Ferrothorn|Ferrothorn, M|61/100\n|turn|13\n|-message|Spectre Ace forfeited.\n|\n|win|Zoowahp\n|raw|Spectre Ace's rating: 1530 &rarr; <strong>1511</strong><br />(-19 for losing)\n|raw|Zoowahp's rating: 1543 &rarr; <strong>1562</strong><br />(+19 for winning)\n|l|☆Zoowahp\n|player|p2|\n|l|☆Spectre Ace\n|player|p1|\n", "uploadtime": 1771179042, "views": 7, "formatid": "gen9nationaldex", "rating": 1511, "private": 0, "password": null}