{"id": "gen9nationaldex-2540561266", "format": "[Gen 9] National Dex", "players": ["hhxh镜花水月", "TakeTheELNerd"], "log": "|j|☆hhxh镜花水月\n|j|☆TakeTheELNerd\n|t:|1771218276\n|gametype|singles\n|player|p1|hhxh镜花水月|miku-ghost|1552\n|player|p2|TakeTheELNerd|harlequin|1484\n|gen|9\n|tier|[Gen 9] National Dex\n|rated|\n|rule|HP Percentage Mod: HP is shown in percentages\n|rule|Endless Battle Clause: Forcing endless battles is banned\n|rule|Species Clause: Limit one of each Pokémon\n|rule|OHKO Clause: OHKO moves are banned\n|rule|Evasion Clause: Evasion abilities, items, and moves are banned\n|rule|Evasion Abilities Clause: Evasion abilities are banned\n|rule|Evasion Items Clause: Evasion items are banned\n|rule|Evasion Moves Clause: Evasion moves are banned\n|rule|Sleep Clause Mod: Limit one foe put to sleep\n|rule|Terastal Clause: You cannot Terastallize\n|clearpoke\n|poke|p1|Zamazenta-*|\n|poke|p1|Kingambit, F|\n|poke|p1|Ceruledge, F|\n|poke|p1|Landorus-Therian, M|\n|poke|p1|Diancie|\n|poke|p1|Ogerpon-Wellspring, F|\n|poke|p2|Tapu Koko|\n|poke|p2|Zapdos|\n|poke|p2|Rotom-Wash|\n|poke|p2|Iron Hands|\n|poke|p2|Regieleki|\n|poke|p2|Magnezone|\n|teampreview\n|\n|t:|1771218291\n|teamsize|p1|6\n|teamsize|p2|6\n|start\n|switch|p1a: Landorus|Landorus-Therian, M|100/100\n|switch|p2a: Magnezone|Magnezone|100/100\n|-ability|p1a: Landorus|Intimidate|boost\n|-unboost|p2a: Magnezone|atk|1\n|-item|p2a: Magnezone|Air Balloon\n|turn|1\n|\n|t:|1771218296\n|switch|p1a: Ceruledge|Ceruledge, F|100/100\n|move|p2a: Magnezone|Flash Cannon|p1a: Ceruledge\n|-resisted|p1a: Ceruledge\n|-damage|p1a: Ceruledge|72/100\n|\n|upkeep\n|turn|2\n|\n|t:|1771218305\n|switch|p2a: Rotom|Rotom-Wash|100/100\n|move|p1a: Ceruledge|Bitter Blade|p2a: Rotom\n|-resisted|p2a: Rotom\n|-damage|p2a: Rotom|84/100\n|-heal|p1a: Ceruledge|81/100|[from] drain|[of] p2a: Rotom\n|\n|-heal|p2a: Rotom|90/100|[from] item: Leftovers\n|upkeep\n|turn|3\n|\n|t:|1771218311\n|-zpower|p1a: Ceruledge\n|move|p1a: Ceruledge|Never-Ending Nightmare|p2a: Rotom|[zeffect]\n|-damage|p2a: Rotom|12/100\n|move|p2a: Rotom|Hydro Pump|p1a: Ceruledge\n|-supereffective|p1a: Ceruledge\n|-damage|p1a: Ceruledge|0 fnt\n|faint|p1a: Ceruledge\n|\n|-heal|p2a: Rotom|18/100|[from] item: Leftovers\n|upkeep\n|\n|t:|1771218315\n|switch|p1a: Ogerpon|Ogerpon-Wellspring, F|100/100\n|turn|4\n|\n|t:|1771218318\n|move|p1a: Ogerpon|Trailblaze|p2a: Rotom\n|-supereffective|p2a: Rotom\n|-damage|p2a: Rotom|0 fnt\n|-boost|p1a: Ogerpon|spe|1\n|faint|p2a: Rotom\n|\n|upkeep\n|\n|t:|1771218331\n|switch|p2a: Regieleki|Regieleki|100/100\n|turn|5\n|\n|t:|1771218335\n|move|p2a: Regieleki|Volt Switch|p1a: Ogerpon\n|-damage|p1a: Ogerpon|47/100\n|\n|t:|1771218339\n|switch|p2a: Magnezone|Magnezone|100/100|[from] Volt Switch\n|-item|p2a: Magnezone|Air Balloon\n|move|p1a: Ogerpon|Power Whip|p2a: Magnezone\n|-resisted|p2a: Magnezone\n|-damage|p2a: Magnezone|62/100\n|-enditem|p2a: Magnezone|Air Balloon\n|\n|upkeep\n|turn|6\n|\n|t:|1771218343\n|move|p1a: Ogerpon|Power Whip|p2a: Magnezone|[miss]\n|-miss|p1a: Ogerpon|p2a: Magnezone\n|move|p2a: Magnezone|Volt Switch|p1a: Ogerpon\n|-damage|p1a: Ogerpon|0 fnt\n|faint|p1a: Ogerpon\n|\n|t:|1771218350\n|switch|p2a: Tapu Koko|Tapu Koko|100/100|[from] Volt Switch\n|-fieldstart|move: Electric Terrain|[from] ability: Electric Surge|[of] p2a: Tapu Koko\n|\n|upkeep\n|\n|t:|1771218357\n|switch|p1a: Landorus|Landorus-Therian, M|100/100\n|-ability|p1a: Landorus|Intimidate|boost\n|-unboost|p2a: Tapu Koko|atk|1\n|turn|7\n|\n|t:|1771218369\n|move|p2a: Tapu Koko|Hidden Power|p1a: Landorus\n|-supereffective|p1a: Landorus\n|-damage|p1a: Landorus|0 fnt\n|faint|p1a: Landorus\n|\n|upkeep\n|\n|t:|1771218377\n|switch|p1a: Diancie|Diancie|100/100\n|turn|8\n|\n|t:|1771218381\n|switch|p2a: Magnezone|Magnezone|62/100\n|detailschange|p1a: Diancie|Diancie-Mega\n|-mega|p1a: Diancie|Diancie|Diancite\n|move|p1a: Diancie|Moonblast|p2a: Magnezone\n|-resisted|p2a: Magnezone\n|-damage|p2a: Magnezone|23/100\n|-unboost|p2a: Magnezone|spa|1\n|\n|upkeep\n|turn|9\n|\n|t:|1771218383\n|move|p1a: Diancie|Moonblast|p2a: Magnezone\n|-resisted|p2a: Magnezone\n|-damage|p2a: Magnezone|0 fnt\n|faint|p2a: Magnezone\n|\n|upkeep\n|\n|t:|1771218389\n|switch|p2a: Regieleki|Regieleki|100/100\n|turn|10\n|\n|t:|1771218393\n|move|p2a: Regieleki|Rising Voltage|p1a: Diancie\n|-hint|Rising Voltage's BP doubled on grounded target.\n|-damage|p1a: Diancie|0 fnt\n|faint|p1a: Diancie\n|detailschange|p1: Diancie|Diancie|[silent]\n|\n|-fieldend|move: Electric Terrain\n|upkeep\n|\n|t:|1771218399\n|switch|p1a: Zamazenta|Zamazenta|100/100\n|-ability|p1a: Zamazenta|Dauntless Shield|boost\n|-boost|p1a: Zamazenta|def|1\n|turn|11\n|\n|t:|1771218404\n|move|p2a: Regieleki|Volt Switch|p1a: Zamazenta\n|-damage|p1a: Zamazenta|62/100\n|\n|t:|1771218408\n|switch|p2a: Zapdos|Zapdos|100/100|[from] Volt Switch\n|move|p1a: Zamazenta|Iron Defense|p1a: Zamazenta\n|-boost|p1a: Zamazenta|def|2\n|\n|-heal|p1a: Zamazenta|68/100|[from] item: Leftovers\n|upkeep\n|turn|12\n|\n|t:|1771218411\n|move|p1a: Zamazenta|Substitute|p1a: Zamazenta\n|-start|p1a: Zamazenta|Substitute\n|-damage|p1a: Zamazenta|44/100\n|-zpower|p2a: Zapdos\n|move|p2a: Zapdos|Supersonic Skystrike|p1a: Zamazenta|[zeffect]\n|-supereffective|p1a: Zamazenta\n|-end|p1a: Zamazenta|Substitute\n|\n|-heal|p1a: Zamazenta|50/100|[from] item: Leftovers\n|upkeep\n|turn|13\n|\n|t:|1771218415\n|move|p1a: Zamazenta|Substitute|p1a: Zamazenta\n|-start|p1a: Zamazenta|Substitute\n|-damage|p1a: Zamazenta|25/100\n|move|p2a: Zapdos|Hurricane|p1a: Zamazenta\n|-supereffective|p1a: Zamazenta\n|-end|p1a: Zamazenta|Substitute\n|\n|-heal|p1a: Zamazenta|31/100|[from] item: Leftovers\n|upkeep\n|turn|14\n|\n|t:|1771218420\n|move|p1a: Zamazenta|Substitute|p1a: Zamazenta\n|-start|p1a: Zamazenta|Substitute\n|-damage|p1a: Zamazenta|6/100\n|move|p2a: Zapdos|Volt Switch|p1a: Zamazenta\n|-end|p1a: Zamazenta|Substitute\n|\n|t:|1771218423\n|switch|p2a: Regieleki|Regieleki|100/100|[from] Volt Switch\n|\n|-heal|p1a: Zamazenta|13/100|[from] item: Leftovers\n|upkeep\n|turn|15\n|-message|hhxh镜花水月 forfeited.\n|\n|win|TakeTheELNerd\n|raw|hhxh镜花水月's rating: 1552 &rarr; <strong>1528</strong><br />(-24 for losing)\n|raw|TakeTheELNerd's rating: 1484 &rarr; <strong>1508</strong><br />(+24 for winning)\n|l|☆hhxh镜花水月\n|player|p1|\n|l|☆TakeTheELNerd\n|player|p2|\n", "uploadtime": 1771218442, "views": 5, "formatid": "gen9nationaldex", "rating": 1508, "private": 0, "password": null}