{"id": "gen9nationaldex-2540578431", "format": "[Gen 9] National Dex", "players": ["Az4k4", "frost12080000"], "log": "|j|☆Az4k4\n|j|☆frost12080000\n|t:|1771220988\n|gametype|singles\n|player|p1|Az4k4|n|1581\n|player|p2|frost12080000|burglar|1553\n|gen|9\n|tier|[Gen 9] National Dex\n|rated|\n|rule|HP Percentage Mod: HP is shown in percentages\n|rule|Endless Battle Clause: Forcing endless battles is banned\n|rule|Species Clause: Limit one of each Pokémon\n|rule|OHKO Clause: OHKO moves are banned\n|rule|Evasion Clause: Evasion abilities, items, and moves are banned\n|rule|Evasion Abilities Clause: Evasion abilities are banned\n|rule|Evasion Items Clause: Evasion items are banned\n|rule|Evasion Moves Clause: Evasion moves are banned\n|rule|Sleep Clause Mod: Limit one foe put to sleep\n|rule|Terastal Clause: You cannot Terastallize\n|clearpoke\n|poke|p1|Moltres|\n|poke|p1|Great Tusk|\n|poke|p1|Ferrothorn, M|\n|poke|p1|Altaria, M|\n|poke|p1|Greninja-*, M|\n|poke|p1|Hoopa-Unbound|\n|poke|p2|Chansey, F|\n|poke|p2|Tapu Fini|\n|poke|p2|Zapdos|\n|poke|p2|Urshifu-*, M|\n|poke|p2|Charizard, F|\n|poke|p2|Ogerpon-Cornerstone, F|\n|teampreview\n|inactive|Battle timer is ON: inactive players will automatically lose when time's up. (requested by Az4k4)\n|\n|t:|1771221001\n|teamsize|p1|6\n|teamsize|p2|6\n|start\n|switch|p1a: Altaria|Altaria, M|100/100\n|switch|p2a: Urshifu|Urshifu-Rapid-Strike, M|100/100\n|-ability|p1a: Altaria|Cloud Nine\n|turn|1\n|\n|t:|1771221008\n|detailschange|p1a: Altaria|Altaria-Mega, M\n|-mega|p1a: Altaria|Altaria|Altarianite\n|move|p2a: Urshifu|U-turn|p1a: Altaria\n|-resisted|p1a: Altaria\n|-damage|p1a: Altaria|91/100\n|\n|t:|1771221017\n|switch|p2a: Tapu Fini|Tapu Fini, shiny|100/100|[from] U-turn\n|-fieldstart|move: Misty Terrain|[from] ability: Misty Surge|[of] p2a: Tapu Fini\n|move|p1a: Altaria|Toxic|p2a: Tapu Fini\n|-activate|p2a: Tapu Fini|move: Misty Terrain\n|\n|upkeep\n|turn|2\n|\n|t:|1771221020\n|switch|p1a: Ferrothorn|Ferrothorn, M|100/100\n|move|p2a: Tapu Fini|Calm Mind|p2a: Tapu Fini\n|-boost|p2a: Tapu Fini|spa|1\n|-boost|p2a: Tapu Fini|spd|1\n|\n|upkeep\n|turn|3\n|\n|t:|1771221025\n|move|p2a: Tapu Fini|Calm Mind|p2a: Tapu Fini\n|-boost|p2a: Tapu Fini|spa|1\n|-boost|p2a: Tapu Fini|spd|1\n|move|p1a: Ferrothorn|Power Whip|p2a: Tapu Fini\n|-supereffective|p2a: Tapu Fini\n|-damage|p2a: Tapu Fini|51/100\n|\n|-heal|p2a: Tapu Fini|57/100|[from] item: Leftovers\n|upkeep\n|turn|4\n|\n|t:|1771221037\n|switch|p2a: Charizard|Charizard, F, shiny|100/100\n|move|p1a: Ferrothorn|Stealth Rock|p2a: Charizard\n|-sidestart|p2: frost12080000|move: Stealth Rock\n|\n|upkeep\n|turn|5\n|\n|t:|1771221044\n|switch|p1a: Altaria|Altaria-Mega, M|91/100\n|detailschange|p2a: Charizard|Charizard-Mega-Y, F, shiny\n|-mega|p2a: Charizard|Charizard|Charizardite Y\n|-weather|SunnyDay|[from] ability: Drought|[of] p2a: Charizard\n|move|p2a: Charizard|Weather Ball|p1a: Altaria\n|-resisted|p1a: Altaria\n|-damage|p1a: Altaria|46/100\n|\n|-weather|SunnyDay|[upkeep]\n|-fieldend|Misty Terrain\n|upkeep\n|turn|6\n|\n|t:|1771221051\n|move|p2a: Charizard|Weather Ball|p1a: Altaria\n|-resisted|p1a: Altaria\n|-damage|p1a: Altaria|2/100\n|move|p1a: Altaria|Roost|p1a: Altaria\n|-heal|p1a: Altaria|53/100\n|-singleturn|p1a: Altaria|move: Roost\n|\n|-weather|SunnyDay|[upkeep]\n|upkeep\n|turn|7\n|\n|t:|1771221055\n|move|p2a: Charizard|Air Slash|p1a: Altaria\n|-damage|p1a: Altaria|12/100\n|cant|p1a: Altaria|flinch\n|\n|-weather|SunnyDay|[upkeep]\n|upkeep\n|turn|8\n|\n|t:|1771221060\n|move|p2a: Charizard|Weather Ball|p1a: Altaria\n|-resisted|p1a: Altaria\n|-damage|p1a: Altaria|0 fnt\n|faint|p1a: Altaria\n|detailschange|p1: Altaria|Altaria, M|[silent]\n|\n|-weather|SunnyDay|[upkeep]\n|upkeep\n|\n|t:|1771221062\n|switch|p1a: Hoopa|Hoopa-Unbound|100/100\n|turn|9\n|\n|t:|1771221067\n|move|p2a: Charizard|Weather Ball|p1a: Hoopa\n|-crit|p1a: Hoopa\n|-damage|p1a: Hoopa|25/100\n|move|p1a: Hoopa|Thunderbolt|p2a: Charizard\n|-supereffective|p2a: Charizard\n|-damage|p2a: Charizard|21/100\n|\n|-weather|none\n|upkeep\n|turn|10\n|\n|t:|1771221077\n|move|p2a: Charizard|Air Slash|p1a: Hoopa\n|-damage|p1a: Hoopa|0 fnt\n|faint|p1a: Hoopa\n|\n|upkeep\n|\n|t:|1771221079\n|switch|p1a: Greninja|Greninja, M|100/100\n|turn|11\n|\n|t:|1771221095\n|switch|p2a: Chansey|Chansey, F|100/100\n|-damage|p2a: Chansey|88/100|[from] Stealth Rock\n|move|p1a: Greninja|Hydro Pump|p2a: Chansey\n|-damage|p2a: Chansey|77/100\n|\n|upkeep\n|turn|12\n|\n|t:|1771221099\n|switch|p1a: Great Tusk|Great Tusk|100/100\n|move|p2a: Chansey|Teleport|p2a: Chansey\n|\n|t:|1771221106\n|switch|p2a: Zapdos|Zapdos|100/100|[from] Teleport\n|\n|upkeep\n|turn|13\n|\n|t:|1771221110\n|move|p1a: Great Tusk|Head Smash|p2a: Zapdos|[miss]\n|-miss|p1a: Great Tusk|p2a: Zapdos\n|move|p2a: Zapdos|Defog|p1a: Great Tusk\n|-unboost|p1a: Great Tusk|evasion|1\n|-sideend|p2: frost12080000|Stealth Rock|[from] move: Defog|[of] p2a: Zapdos\n|\n|upkeep\n|turn|14\n|\n|t:|1771221115\n|move|p1a: Great Tusk|Head Smash|p2a: Zapdos\n|-supereffective|p2a: Zapdos\n|-damage|p2a: Zapdos|26/100\n|-damage|p1a: Great Tusk|62/100|[from] Recoil\n|move|p2a: Zapdos|Heat Wave|p1a: Great Tusk\n|-damage|p1a: Great Tusk|20/100\n|\n|upkeep\n|turn|15\n|\n|t:|1771221124\n|switch|p2a: Urshifu|Urshifu-Rapid-Strike, M|100/100\n|move|p1a: Great Tusk|Head Smash|p2a: Urshifu\n|-resisted|p2a: Urshifu\n|-damage|p2a: Urshifu|76/100\n|-damage|p1a: Great Tusk|9/100|[from] Recoil\n|\n|upkeep\n|turn|16\n|\n|t:|1771221130\n|-end|p1a: Great Tusk|Protosynthesis|[silent]\n|switch|p1a: Moltres|Moltres|100/100\n|move|p2a: Urshifu|U-turn|p1a: Moltres\n|-resisted|p1a: Moltres\n|-damage|p1a: Moltres|97/100\n|-status|p2a: Urshifu|brn|[from] ability: Flame Body|[of] p1a: Moltres\n|\n|t:|1771221147\n|switch|p2a: Ogerpon|Ogerpon-Cornerstone, F|100/100|[from] U-turn\n|\n|upkeep\n|turn|17\n|\n|t:|1771221151\n|switch|p1a: Ferrothorn|Ferrothorn, M|100/100\n|move|p2a: Ogerpon|Swords Dance|p2a: Ogerpon\n|-boost|p2a: Ogerpon|atk|2\n|\n|upkeep\n|turn|18\n|\n|t:|1771221155\n|move|p2a: Ogerpon|Ivy Cudgel|p1a: Ferrothorn|[anim] Ivy Cudgel Rock\n|-resisted|p1a: Ferrothorn\n|-damage|p1a: Ferrothorn|63/100\n|move|p1a: Ferrothorn|Power Whip|p2a: Ogerpon\n|-damage|p2a: Ogerpon|45/100\n|\n|-heal|p1a: Ferrothorn|69/100|[from] item: Leftovers\n|upkeep\n|turn|19\n|\n|t:|1771221173\n|switch|p2a: Zapdos|Zapdos|26/100\n|move|p1a: Ferrothorn|Power Whip|p2a: Zapdos\n|-resisted|p2a: Zapdos\n|-damage|p2a: Zapdos|13/100\n|\n|-heal|p1a: Ferrothorn|75/100|[from] item: Leftovers\n|upkeep\n|turn|20\n|\n|t:|1771221178\n|switch|p1a: Greninja|Greninja, M|100/100\n|move|p2a: Zapdos|Roost|p2a: Zapdos\n|-heal|p2a: Zapdos|63/100\n|-singleturn|p2a: Zapdos|move: Roost\n|\n|upkeep\n|turn|21\n|\n|t:|1771221186\n|switch|p2a: Chansey|Chansey, F|77/100\n|move|p1a: Greninja|Ice Beam|p2a: Chansey\n|-damage|p2a: Chansey|70/100\n|\n|upkeep\n|turn|22\n|\n|t:|1771221189\n|switch|p1a: Ferrothorn|Ferrothorn, M|75/100\n|move|p2a: Chansey|Teleport|p2a: Chansey\n|\n|t:|1771221191\n|switch|p2a: Charizard|Charizard-Mega-Y, F, shiny|21/100|[from] Teleport\n|-weather|SunnyDay|[from] ability: Drought|[of] p2a: Charizard\n|\n|-weather|SunnyDay|[upkeep]\n|-heal|p1a: Ferrothorn|82/100|[from] item: Leftovers\n|upkeep\n|turn|23\n|\n|t:|1771221196\n|switch|p1a: Moltres|Moltres|97/100\n|move|p2a: Charizard|Weather Ball|p1a: Moltres\n|-resisted|p1a: Moltres\n|-damage|p1a: Moltres|45/100\n|\n|-weather|SunnyDay|[upkeep]\n|upkeep\n|turn|24\n|\n|t:|1771221199\n|move|p2a: Charizard|Weather Ball|p1a: Moltres\n|-resisted|p1a: Moltres\n|-damage|p1a: Moltres|0 fnt\n|faint|p1a: Moltres\n|\n|-weather|SunnyDay|[upkeep]\n|upkeep\n|\n|t:|1771221201\n|switch|p1a: Great Tusk|Great Tusk|9/100\n|-activate|p1a: Great Tusk|ability: Protosynthesis\n|-start|p1a: Great Tusk|protosynthesisatk\n|turn|25\n|\n|t:|1771221209\n|switch|p2a: Chansey|Chansey, F|70/100\n|move|p1a: Great Tusk|Close Combat|p2a: Chansey\n|-supereffective|p2a: Chansey\n|-damage|p2a: Chansey|0 fnt\n|-unboost|p1a: Great Tusk|def|1\n|-unboost|p1a: Great Tusk|spd|1\n|faint|p2a: Chansey\n|\n|-weather|SunnyDay|[upkeep]\n|upkeep\n|\n|t:|1771221212\n|switch|p2a: Urshifu|Urshifu-Rapid-Strike, M|76/100 brn\n|turn|26\n|\n|t:|1771221218\n|-end|p1a: Great Tusk|Protosynthesis|[silent]\n|switch|p1a: Ferrothorn|Ferrothorn, M|82/100\n|move|p2a: Urshifu|Close Combat|p1a: Ferrothorn\n|-supereffective|p1a: Ferrothorn\n|-damage|p1a: Ferrothorn|45/100\n|-unboost|p2a: Urshifu|def|1\n|-unboost|p2a: Urshifu|spd|1\n|-damage|p2a: Urshifu|64/100 brn|[from] ability: Iron Barbs|[of] p1a: Ferrothorn\n|\n|-weather|none\n|-heal|p1a: Ferrothorn|51/100|[from] item: Leftovers\n|-damage|p2a: Urshifu|58/100 brn|[from] brn\n|upkeep\n|turn|27\n|\n|t:|1771221221\n|move|p2a: Urshifu|Close Combat|p1a: Ferrothorn\n|-supereffective|p1a: Ferrothorn\n|-damage|p1a: Ferrothorn|12/100\n|-unboost|p2a: Urshifu|def|1\n|-unboost|p2a: Urshifu|spd|1\n|-damage|p2a: Urshifu|45/100 brn|[from] ability: Iron Barbs|[of] p1a: Ferrothorn\n|move|p1a: Ferrothorn|Leech Seed|p2a: Urshifu\n|-start|p2a: Urshifu|move: Leech Seed\n|\n|-heal|p1a: Ferrothorn|18/100|[from] item: Leftovers\n|-damage|p2a: Urshifu|33/100 brn|[from] Leech Seed|[of] p1a: Ferrothorn\n|-heal|p1a: Ferrothorn|30/100|[silent]\n|-damage|p2a: Urshifu|27/100 brn|[from] brn\n|upkeep\n|turn|28\n|\n|t:|1771221233\n|switch|p1a: Great Tusk|Great Tusk|9/100\n|move|p2a: Urshifu|Close Combat|p1a: Great Tusk\n|-damage|p1a: Great Tusk|0 fnt\n|-unboost|p2a: Urshifu|def|1\n|-unboost|p2a: Urshifu|spd|1\n|faint|p1a: Great Tusk\n|-end|p1a: Great Tusk|Protosynthesis|[silent]\n|\n|-damage|p2a: Urshifu|21/100 brn|[from] brn\n|upkeep\n|\n|t:|1771221235\n|switch|p1a: Greninja|Greninja, M|100/100\n|turn|29\n|\n|t:|1771221242\n|move|p1a: Greninja|Water Shuriken|p2a: Urshifu\n|-resisted|p2a: Urshifu\n|-damage|p2a: Urshifu|9/100 brn\n|-resisted|p2a: Urshifu\n|-damage|p2a: Urshifu|0 fnt\n|faint|p2a: Urshifu\n|-ability|p1a: Greninja|Battle Bond|boost\n|-boost|p1a: Greninja|atk|1\n|-boost|p1a: Greninja|spa|1\n|-boost|p1a: Greninja|spe|1\n|-activate|p1a: Greninja|ability: Battle Bond\n|-hitcount|p2: Urshifu|2\n|\n|upkeep\n|\n|t:|1771221248\n|switch|p2a: Tapu Fini|Tapu Fini, shiny|57/100\n|-fieldstart|move: Misty Terrain|[from] ability: Misty Surge|[of] p2a: Tapu Fini\n|turn|30\n|\n|t:|1771221250\n|-zpower|p1a: Greninja\n|move|p1a: Greninja|Hydro Vortex|p2a: Tapu Fini|[zeffect]\n|-resisted|p2a: Tapu Fini\n|-damage|p2a: Tapu Fini|7/100\n|move|p2a: Tapu Fini|Draining Kiss|p1a: Greninja\n|-supereffective|p1a: Greninja\n|-damage|p1a: Greninja|50/100\n|-heal|p2a: Tapu Fini|39/100|[from] drain|[of] p1a: Greninja\n|\n|-heal|p2a: Tapu Fini|45/100|[from] item: Leftovers\n|upkeep\n|turn|31\n|\n|t:|1771221259\n|switch|p1a: Ferrothorn|Ferrothorn, M|30/100\n|move|p2a: Tapu Fini|Draining Kiss|p1a: Ferrothorn\n|-resisted|p1a: Ferrothorn\n|-damage|p1a: Ferrothorn|24/100\n|-heal|p2a: Tapu Fini|50/100|[from] drain|[of] p1a: Ferrothorn\n|-damage|p2a: Tapu Fini|37/100|[from] ability: Iron Barbs|[of] p1a: Ferrothorn\n|\n|-heal|p2a: Tapu Fini|43/100|[from] item: Leftovers\n|-heal|p1a: Ferrothorn|30/100|[from] item: Leftovers\n|upkeep\n|turn|32\n|\n|t:|1771221265\n|switch|p2a: Ogerpon|Ogerpon-Cornerstone, F|45/100\n|move|p1a: Ferrothorn|Leech Seed|p2a: Ogerpon\n|-immune|p2a: Ogerpon\n|\n|-heal|p1a: Ferrothorn|36/100|[from] item: Leftovers\n|upkeep\n|turn|33\n|\n|t:|1771221268\n|move|p2a: Ogerpon|Ivy Cudgel|p1a: Ferrothorn|[anim] Ivy Cudgel Rock\n|-resisted|p1a: Ferrothorn\n|-damage|p1a: Ferrothorn|19/100\n|move|p1a: Ferrothorn|Power Whip|p2a: Ogerpon\n|-damage|p2a: Ogerpon|0 fnt\n|faint|p2a: Ogerpon\n|\n|-heal|p1a: Ferrothorn|25/100|[from] item: Leftovers\n|upkeep\n|\n|t:|1771221272\n|switch|p2a: Charizard|Charizard-Mega-Y, F, shiny|21/100\n|-weather|SunnyDay|[from] ability: Drought|[of] p2a: Charizard\n|turn|34\n|\n|t:|1771221275\n|move|p2a: Charizard|Weather Ball|p1a: Ferrothorn\n|-supereffective|p1a: Ferrothorn\n|-damage|p1a: Ferrothorn|0 fnt\n|faint|p1a: Ferrothorn\n|\n|-weather|SunnyDay|[upkeep]\n|-fieldend|Misty Terrain\n|upkeep\n|\n|t:|1771221276\n|switch|p1a: Greninja|Greninja, M|50/100\n|turn|35\n|\n|t:|1771221280\n|move|p1a: Greninja|Dark Pulse|p2a: Charizard\n|-damage|p2a: Charizard|0 fnt\n|faint|p2a: Charizard\n|detailschange|p2: Charizard|Charizard, F, shiny|[silent]\n|\n|-weather|SunnyDay|[upkeep]\n|upkeep\n|\n|t:|1771221282\n|switch|p2a: Tapu Fini|Tapu Fini, shiny|43/100\n|-fieldstart|move: Misty Terrain|[from] ability: Misty Surge|[of] p2a: Tapu Fini\n|turn|36\n|\n|t:|1771221285\n|move|p1a: Greninja|Dark Pulse|p2a: Tapu Fini\n|-resisted|p2a: Tapu Fini\n|-damage|p2a: Tapu Fini|29/100\n|move|p2a: Tapu Fini|Draining Kiss|p1a: Greninja\n|-supereffective|p1a: Greninja\n|-damage|p1a: Greninja|0 fnt\n|-heal|p2a: Tapu Fini|60/100|[from] drain|[of] p1a: Greninja\n|faint|p1a: Greninja\n|\n|win|frost12080000\n|raw|Az4k4's rating: 1581 &rarr; <strong>1559</strong><br />(-22 for losing)\n|raw|frost12080000's rating: 1553 &rarr; <strong>1575</strong><br />(+22 for winning)\n|l|☆Az4k4\n|player|p1|\n|l|☆frost12080000\n|player|p2|\n", "uploadtime": 1771221448, "views": 5, "formatid": "gen9nationaldex", "rating": 1559, "private": 0, "password": null}