{"id": "gen9nationaldex-2540797215", "format": "[Gen 9] National Dex", "players": ["ryangregory78", "xiiayu"], "log": "|j|☆ryangregory78\n|j|☆xiiayu\n|t:|1771255033\n|gametype|singles\n|player|p1|ryangregory78|1|1515\n|player|p2|xiiayu|hilbert|1603\n|gen|9\n|tier|[Gen 9] National Dex\n|rated|\n|rule|HP Percentage Mod: HP is shown in percentages\n|rule|Endless Battle Clause: Forcing endless battles is banned\n|rule|Species Clause: Limit one of each Pokémon\n|rule|OHKO Clause: OHKO moves are banned\n|rule|Evasion Clause: Evasion abilities, items, and moves are banned\n|rule|Evasion Abilities Clause: Evasion abilities are banned\n|rule|Evasion Items Clause: Evasion items are banned\n|rule|Evasion Moves Clause: Evasion moves are banned\n|rule|Sleep Clause Mod: Limit one foe put to sleep\n|rule|Terastal Clause: You cannot Terastallize\n|clearpoke\n|poke|p1|Manaphy|\n|poke|p1|Iron Valiant|\n|poke|p1|Dragonite, M|\n|poke|p1|Scizor, F|\n|poke|p1|Ogerpon-Cornerstone, F|\n|poke|p1|Iron Treads|\n|poke|p2|Tyranitar, F|\n|poke|p2|Urshifu-*, F|\n|poke|p2|Landorus-Therian, M|\n|poke|p2|Gholdengo|\n|poke|p2|Tapu Lele|\n|poke|p2|Terapagos, M|\n|teampreview\n|inactive|Battle timer is ON: inactive players will automatically lose when time's up. (requested by ryangregory78)\n|\n|t:|1771255049\n|teamsize|p1|6\n|teamsize|p2|6\n|start\n|switch|p1a: Iron Treads|Iron Treads|100/100\n|switch|p2a: perfumed garden|Landorus-Therian, M|100/100\n|-ability|p2a: perfumed garden|Intimidate|boost\n|-unboost|p1a: Iron Treads|atk|1\n|-enditem|p1a: Iron Treads|Booster Energy\n|-activate|p1a: Iron Treads|ability: Quark Drive|[fromitem]\n|-start|p1a: Iron Treads|quarkdrivespe\n|turn|1\n|l|☆ryangregory78\n|inactive|ryangregory78 disconnected and has a minute to reconnect!\n|player|p1|\n|j|☆ryangregory78\n|inactive|ryangregory78 reconnected and has 130 seconds left.\n|player|p1|ryangregory78|1|\n|\n|t:|1771255075\n|move|p1a: Iron Treads|Stealth Rock|p2a: perfumed garden\n|-sidestart|p2: xiiayu|move: Stealth Rock\n|move|p2a: perfumed garden|Stealth Rock|p1a: Iron Treads\n|-sidestart|p1: ryangregory78|move: Stealth Rock\n|\n|upkeep\n|turn|2\n|\n|t:|1771255078\n|move|p1a: Iron Treads|Rapid Spin|p2a: perfumed garden\n|-damage|p2a: perfumed garden|90/100\n|-boost|p1a: Iron Treads|spe|1\n|-damage|p1a: Iron Treads|84/100|[from] item: Rocky Helmet|[of] p2a: perfumed garden\n|-sideend|p1: ryangregory78|Stealth Rock|[from] move: Rapid Spin|[of] p1a: Iron Treads\n|move|p2a: perfumed garden|Earthquake|p1a: Iron Treads\n|-supereffective|p1a: Iron Treads\n|-damage|p1a: Iron Treads|0 fnt\n|faint|p1a: Iron Treads\n|-end|p1a: Iron Treads|Quark Drive|[silent]\n|\n|upkeep\n|\n|t:|1771255083\n|switch|p1a: Manaphy|Manaphy|100/100\n|turn|3\n|\n|t:|1771255090\n|move|p1a: Manaphy|Tail Glow|p1a: Manaphy\n|-boost|p1a: Manaphy|spa|3\n|move|p2a: perfumed garden|Taunt|p1a: Manaphy\n|-start|p1a: Manaphy|move: Taunt\n|\n|upkeep\n|turn|4\n|\n|t:|1771255096\n|move|p1a: Manaphy|Surf|p2a: perfumed garden\n|-supereffective|p2a: perfumed garden\n|-damage|p2a: perfumed garden|0 fnt\n|faint|p2a: perfumed garden\n|\n|upkeep\n|\n|t:|1771255109\n|switch|p2a: two bodies|Tapu Lele|100/100\n|-damage|p2a: two bodies|88/100|[from] Stealth Rock\n|-fieldstart|move: Psychic Terrain|[from] ability: Psychic Surge|[of] p2a: two bodies\n|turn|5\n|\n|t:|1771255111\n|move|p2a: two bodies|Psychic|p1a: Manaphy\n|-damage|p1a: Manaphy|39/100\n|move|p1a: Manaphy|Surf|p2a: two bodies\n|-damage|p2a: two bodies|0 fnt\n|faint|p2a: two bodies\n|\n|upkeep\n|\n|t:|1771255116\n|switch|p2a: party games|Terapagos, M|100/100\n|-activate|p2a: party games|ability: Tera Shift\n|detailschange|p2a: party games|Terapagos-Terastal, M\n|-heal|p2a: party games|100/100|[silent]\n|turn|6\n|\n|t:|1771255121\n|move|p1a: Manaphy|Surf|p2a: party games\n|-activate|p2a: party games|ability: Tera Shell\n|-resisted|p2a: party games\n|-damage|p2a: party games|52/100\n|move|p2a: party games|Rapid Spin|p1a: Manaphy\n|-damage|p1a: Manaphy|23/100\n|-boost|p2a: party games|spe|1\n|-sideend|p2: xiiayu|Stealth Rock|[from] move: Rapid Spin|[of] p2a: party games\n|\n|-end|p1a: Manaphy|move: Taunt\n|upkeep\n|turn|7\n|\n|t:|1771255126\n|switch|p1a: Scizor|Scizor, F|100/100\n|move|p2a: party games|Tera Starstorm|p1a: Scizor\n|-resisted|p1a: Scizor\n|-damage|p1a: Scizor|67/100\n|\n|upkeep\n|turn|8\n|\n|t:|1771255129\n|detailschange|p1a: Scizor|Scizor-Mega, F\n|-mega|p1a: Scizor|Scizor|Scizorite\n|move|p2a: party games|Flamethrower|p1a: Scizor\n|-supereffective|p1a: Scizor\n|-damage|p1a: Scizor|0 fnt\n|faint|p1a: Scizor\n|detailschange|p1: Scizor|Scizor, F|[silent]\n|\n|upkeep\n|\n|t:|1771255131\n|switch|p1a: Iron Valiant|Iron Valiant|100/100\n|-enditem|p1a: Iron Valiant|Booster Energy\n|-activate|p1a: Iron Valiant|ability: Quark Drive|[fromitem]\n|-start|p1a: Iron Valiant|quarkdrivespe\n|turn|9\n|\n|t:|1771255140\n|switch|p2a: winter love|Gholdengo|100/100\n|move|p1a: Iron Valiant|Calm Mind|p1a: Iron Valiant\n|-boost|p1a: Iron Valiant|spa|1\n|-boost|p1a: Iron Valiant|spd|1\n|\n|-fieldend|move: Psychic Terrain\n|upkeep\n|turn|10\n|\n|t:|1771255145\n|move|p1a: Iron Valiant|Thunderbolt|p2a: winter love\n|-damage|p2a: winter love|64/100\n|move|p2a: winter love|Thunder Wave|p1a: Iron Valiant\n|-status|p1a: Iron Valiant|par\n|\n|upkeep\n|turn|11\n|\n|t:|1771255151\n|cant|p1a: Iron Valiant|par\n|-zpower|p2a: winter love\n|move|p2a: winter love|Never-Ending Nightmare|p1a: Iron Valiant|[zeffect]\n|-damage|p1a: Iron Valiant|17/100 par\n|\n|upkeep\n|turn|12\n|\n|t:|1771255155\n|move|p1a: Iron Valiant|Thunderbolt|p2a: winter love\n|-damage|p2a: winter love|26/100\n|move|p2a: winter love|Recover|p2a: winter love\n|-heal|p2a: winter love|76/100\n|\n|upkeep\n|turn|13\n|\n|t:|1771255160\n|move|p1a: Iron Valiant|Calm Mind|p1a: Iron Valiant\n|-boost|p1a: Iron Valiant|spa|1\n|-boost|p1a: Iron Valiant|spd|1\n|move|p2a: winter love|Recover|p2a: winter love\n|-heal|p2a: winter love|100/100\n|\n|upkeep\n|turn|14\n|\n|t:|1771255162\n|cant|p1a: Iron Valiant|par\n|move|p2a: winter love|Hex|p1a: Iron Valiant\n|-damage|p1a: Iron Valiant|0 fnt\n|faint|p1a: Iron Valiant\n|-end|p1a: Iron Valiant|Quark Drive|[silent]\n|\n|upkeep\n|\n|t:|1771255165\n|switch|p1a: Dragonite|Dragonite, M|100/100\n|turn|15\n|\n|t:|1771255168\n|move|p1a: Dragonite|Dragon Dance|p1a: Dragonite\n|-boost|p1a: Dragonite|atk|1\n|-boost|p1a: Dragonite|spe|1\n|move|p2a: winter love|Thunder Wave|p1a: Dragonite\n|-status|p1a: Dragonite|par\n|\n|upkeep\n|turn|16\n|\n|t:|1771255171\n|move|p2a: winter love|Hex|p1a: Dragonite\n|-damage|p1a: Dragonite|69/100 par\n|move|p1a: Dragonite|Dragon Dance|p1a: Dragonite\n|-boost|p1a: Dragonite|atk|1\n|-boost|p1a: Dragonite|spe|1\n|\n|upkeep\n|turn|17\n|\n|t:|1771255182\n|move|p1a: Dragonite|Earthquake|p2a: winter love\n|-supereffective|p2a: winter love\n|-damage|p2a: winter love|0 fnt\n|faint|p2a: winter love\n|\n|upkeep\n|\n|t:|1771255193\n|switch|p2a: samthesambaman|Urshifu-Rapid-Strike, F|100/100\n|turn|18\n|\n|t:|1771255196\n|move|p2a: samthesambaman|Surging Strikes|p1a: Dragonite\n|-resisted|p1a: Dragonite\n|-crit|p1a: Dragonite\n|-damage|p1a: Dragonite|53/100 par\n|-resisted|p1a: Dragonite\n|-crit|p1a: Dragonite\n|-damage|p1a: Dragonite|38/100 par\n|-resisted|p1a: Dragonite\n|-crit|p1a: Dragonite\n|-damage|p1a: Dragonite|23/100 par\n|-hitcount|p1a: Dragonite|3\n|move|p1a: Dragonite|Dual Wingbeat|p2a: samthesambaman\n|-supereffective|p2a: samthesambaman\n|-damage|p2a: samthesambaman|0 fnt\n|faint|p2a: samthesambaman\n|-hitcount|p2: samthesambaman|1\n|\n|upkeep\n|\n|t:|1771255210\n|switch|p2a: party games|Terapagos-Terastal, M|52/100\n|turn|19\n|\n|t:|1771255212\n|move|p2a: party games|Tera Starstorm|p1a: Dragonite\n|-damage|p1a: Dragonite|0 fnt\n|faint|p1a: Dragonite\n|\n|upkeep\n|\n|t:|1771255213\n|switch|p1a: Ogerpon|Ogerpon-Cornerstone, F|100/100\n|turn|20\n|\n|t:|1771255217\n|switch|p2a: msgsfromthestars|Tyranitar, F|100/100\n|-weather|Sandstorm|[from] ability: Sand Stream|[of] p2a: msgsfromthestars\n|move|p1a: Ogerpon|Superpower|p2a: msgsfromthestars\n|-supereffective|p2a: msgsfromthestars\n|-damage|p2a: msgsfromthestars|0 fnt\n|-unboost|p1a: Ogerpon|atk|1\n|-unboost|p1a: Ogerpon|def|1\n|faint|p2a: msgsfromthestars\n|\n|-weather|Sandstorm|[upkeep]\n|upkeep\n|\n|t:|1771255220\n|switch|p2a: party games|Terapagos-Terastal, M|52/100\n|turn|21\n|\n|t:|1771255223\n|switch|p1a: Manaphy|Manaphy|23/100\n|move|p2a: party games|Rapid Spin|p1a: Manaphy\n|-damage|p1a: Manaphy|9/100\n|-boost|p2a: party games|spe|1\n|\n|-weather|Sandstorm|[upkeep]\n|-damage|p2a: party games|46/100|[from] Sandstorm\n|-damage|p1a: Manaphy|3/100|[from] Sandstorm\n|upkeep\n|turn|22\n|\n|t:|1771255230\n|move|p2a: party games|Rapid Spin|p1a: Manaphy\n|-damage|p1a: Manaphy|0 fnt\n|-boost|p2a: party games|spe|1\n|faint|p1a: Manaphy\n|\n|-weather|Sandstorm|[upkeep]\n|-damage|p2a: party games|40/100|[from] Sandstorm\n|upkeep\n|\n|t:|1771255232\n|switch|p1a: Ogerpon|Ogerpon-Cornerstone, F|100/100\n|turn|23\n|\n|t:|1771255238\n|move|p2a: party games|Earth Power|p1a: Ogerpon\n|-damage|p1a: Ogerpon|78/100\n|move|p1a: Ogerpon|Ivy Cudgel|p2a: party games|[anim] Ivy Cudgel Rock\n|-crit|p2a: party games\n|-damage|p2a: party games|0 fnt\n|faint|p2a: party games\n|\n|win|ryangregory78\n|raw|ryangregory78's rating: 1515 &rarr; <strong>1540</strong><br />(+25 for winning)\n|raw|xiiayu's rating: 1603 &rarr; <strong>1578</strong><br />(-25 for losing)\n|l|☆ryangregory78\n|player|p1|\n|j| klopppool\n|l|☆xiiayu\n|player|p2|\n|l| klopppool\n", "uploadtime": 1771255597, "views": 4, "formatid": "gen9nationaldex", "rating": 1540, "private": 0, "password": null}