{"id": "gen9nationaldex-2540368527", "format": "[Gen 9] National Dex", "players": ["BlanketEnthusiast", "Cerberus 17"], "log": "|j|☆BlanketEnthusiast\n|j|☆Cerberus 17\n|t:|1771193723\n|gametype|singles\n|player|p1|BlanketEnthusiast|dawn|1662\n|player|p2|Cerberus 17|cynthia-gen4|1769\n|gen|9\n|tier|[Gen 9] National Dex\n|rated|\n|rule|HP Percentage Mod: HP is shown in percentages\n|rule|Endless Battle Clause: Forcing endless battles is banned\n|rule|Species Clause: Limit one of each Pokémon\n|rule|OHKO Clause: OHKO moves are banned\n|rule|Evasion Clause: Evasion abilities, items, and moves are banned\n|rule|Evasion Abilities Clause: Evasion abilities are banned\n|rule|Evasion Items Clause: Evasion items are banned\n|rule|Evasion Moves Clause: Evasion moves are banned\n|rule|Sleep Clause Mod: Limit one foe put to sleep\n|rule|Terastal Clause: You cannot Terastallize\n|clearpoke\n|poke|p1|Tornadus-Therian, M|\n|poke|p1|Heatran, F|\n|poke|p1|Corviknight, M|\n|poke|p1|Tapu Lele|\n|poke|p1|Great Tusk|\n|poke|p1|Venusaur, F|\n|poke|p2|Tyranitar, F|\n|poke|p2|Kartana|\n|poke|p2|Diancie|\n|poke|p2|Excadrill, M|\n|poke|p2|Sinistcha-Masterpiece|\n|poke|p2|Kommo-o, F|\n|teampreview\n|inactive|Battle timer is ON: inactive players will automatically lose when time's up. (requested by Cerberus 17)\n|inactive|BlanketEnthusiast also wants the timer to be on.\n|\n|t:|1771193750\n|teamsize|p1|6\n|teamsize|p2|6\n|start\n|switch|p1a: Venusaur|Venusaur, F|100/100\n|switch|p2a: Diancie|Diancie|100/100\n|turn|1\n|\n|t:|1771193763\n|switch|p2a: Tyranitar|Tyranitar, F|100/100\n|-weather|Sandstorm|[from] ability: Sand Stream|[of] p2a: Tyranitar\n|detailschange|p1a: Venusaur|Venusaur-Mega, F\n|-mega|p1a: Venusaur|Venusaur|Venusaurite\n|move|p1a: Venusaur|Giga Drain|p2a: Tyranitar\n|-supereffective|p2a: Tyranitar\n|-damage|p2a: Tyranitar|52/100\n|\n|-weather|Sandstorm|[upkeep]\n|-damage|p1a: Venusaur|94/100|[from] Sandstorm\n|upkeep\n|turn|2\n|\n|t:|1771193774\n|switch|p2a: Kommo-o|Kommo-o, F|100/100\n|move|p1a: Venusaur|Giga Drain|p2a: Kommo-o\n|-resisted|p2a: Kommo-o\n|-damage|p2a: Kommo-o|75/100\n|-heal|p1a: Venusaur|100/100|[from] drain|[of] p2a: Kommo-o\n|\n|-weather|Sandstorm|[upkeep]\n|-damage|p2a: Kommo-o|69/100|[from] Sandstorm\n|-damage|p1a: Venusaur|94/100|[from] Sandstorm\n|upkeep\n|turn|3\n|\n|t:|1771193783\n|switch|p1a: Tapu Lele|Tapu Lele|100/100\n|-fieldstart|move: Psychic Terrain|[from] ability: Psychic Surge|[of] p1a: Tapu Lele\n|move|p2a: Kommo-o|Poison Jab|p1a: Tapu Lele\n|-supereffective|p1a: Tapu Lele\n|-damage|p1a: Tapu Lele|36/100\n|-status|p1a: Tapu Lele|psn\n|\n|-weather|Sandstorm|[upkeep]\n|-damage|p1a: Tapu Lele|30/100 psn|[from] Sandstorm\n|-damage|p2a: Kommo-o|62/100|[from] Sandstorm\n|-damage|p1a: Tapu Lele|17/100 psn|[from] psn\n|upkeep\n|turn|4\n|\n|t:|1771193802\n|switch|p1a: Venusaur|Venusaur-Mega, F|94/100\n|switch|p2a: Diancie|Diancie|100/100\n|\n|-weather|Sandstorm|[upkeep]\n|-damage|p1a: Venusaur|88/100|[from] Sandstorm\n|upkeep\n|turn|5\n|\n|t:|1771193812\n|move|p2a: Diancie|Stealth Rock|p1a: Venusaur\n|-sidestart|p1: BlanketEnthusiast|move: Stealth Rock\n|move|p1a: Venusaur|Giga Drain|p2a: Diancie\n|-supereffective|p2a: Diancie\n|-damage|p2a: Diancie|37/100\n|-heal|p1a: Venusaur|100/100|[from] drain|[of] p2a: Diancie\n|\n|-weather|Sandstorm|[upkeep]\n|-damage|p1a: Venusaur|94/100|[from] Sandstorm\n|upkeep\n|turn|6\n|\n|t:|1771193840\n|switch|p2a: Sinistcha|Sinistcha-Masterpiece|100/100\n|move|p1a: Venusaur|Giga Drain|p2a: Sinistcha\n|-resisted|p2a: Sinistcha\n|-damage|p2a: Sinistcha|75/100\n|-heal|p1a: Venusaur|100/100|[from] drain|[of] p2a: Sinistcha\n|\n|-weather|Sandstorm|[upkeep]\n|-damage|p1a: Venusaur|94/100|[from] Sandstorm\n|-damage|p2a: Sinistcha|69/100|[from] Sandstorm\n|-heal|p2a: Sinistcha|75/100|[from] item: Leftovers\n|upkeep\n|turn|7\n|\n|t:|1771193843\n|move|p1a: Venusaur|Sludge Bomb|p2a: Sinistcha\n|-damage|p2a: Sinistcha|12/100\n|move|p2a: Sinistcha|Calm Mind|p2a: Sinistcha\n|-boost|p2a: Sinistcha|spa|1\n|-boost|p2a: Sinistcha|spd|1\n|\n|-weather|Sandstorm|[upkeep]\n|-damage|p1a: Venusaur|88/100|[from] Sandstorm\n|-damage|p2a: Sinistcha|6/100|[from] Sandstorm\n|-heal|p2a: Sinistcha|12/100|[from] item: Leftovers\n|-fieldend|move: Psychic Terrain\n|upkeep\n|turn|8\n|\n|t:|1771193854\n|move|p1a: Venusaur|Giga Drain|p2a: Sinistcha\n|-resisted|p2a: Sinistcha\n|-damage|p2a: Sinistcha|0 fnt\n|-heal|p1a: Venusaur|94/100|[from] drain|[of] p2a: Sinistcha\n|faint|p2a: Sinistcha\n|\n|-weather|none\n|upkeep\n|\n|t:|1771193863\n|switch|p2a: Excadrill|Excadrill, M|100/100\n|turn|9\n|\n|t:|1771193866\n|move|p2a: Excadrill|Iron Head|p1a: Venusaur\n|-damage|p1a: Venusaur|47/100\n|move|p1a: Venusaur|Earth Power|p2a: Excadrill\n|-supereffective|p2a: Excadrill\n|-damage|p2a: Excadrill|16/100\n|\n|upkeep\n|turn|10\n|\n|t:|1771193876\n|switch|p1a: Corviknight|Corviknight, M|100/100\n|-damage|p1a: Corviknight|88/100|[from] Stealth Rock\n|-ability|p1a: Corviknight|Pressure\n|move|p2a: Excadrill|Iron Head|p1a: Corviknight\n|-resisted|p1a: Corviknight\n|-damage|p1a: Corviknight|63/100\n|-damage|p2a: Excadrill|0 fnt|[from] item: Rocky Helmet|[of] p1a: Corviknight\n|faint|p2a: Excadrill\n|\n|upkeep\n|\n|t:|1771193892\n|switch|p2a: Diancie|Diancie|37/100\n|turn|11\n|\n|t:|1771193897\n|detailschange|p2a: Diancie|Diancie-Mega\n|-mega|p2a: Diancie|Diancie|Diancite\n|move|p2a: Diancie|Mystical Fire|p1a: Corviknight\n|-supereffective|p1a: Corviknight\n|-damage|p1a: Corviknight|23/100\n|-unboost|p1a: Corviknight|spa|1\n|move|p1a: Corviknight|Defog|p2a: Diancie\n|move|p2a: Diancie|Defog|p1a: Corviknight|[from] ability: Magic Bounce\n|-unboost|p1a: Corviknight|evasion|1\n|-sideend|p1: BlanketEnthusiast|Stealth Rock|[from] move: Defog|[of] p2a: Diancie\n|\n|upkeep\n|turn|12\n|\n|t:|1771193907\n|switch|p1a: Tornadus|Tornadus-Therian, M|100/100\n|move|p2a: Diancie|Stealth Rock|p1a: Tornadus\n|-sidestart|p1: BlanketEnthusiast|move: Stealth Rock\n|\n|upkeep\n|turn|13\n|\n|t:|1771193910\n|switch|p2a: Tyranitar|Tyranitar, F|52/100\n|-weather|Sandstorm|[from] ability: Sand Stream|[of] p2a: Tyranitar\n|move|p1a: Tornadus|Focus Blast|p2a: Tyranitar\n|-supereffective|p2a: Tyranitar\n|-damage|p2a: Tyranitar|0 fnt\n|faint|p2a: Tyranitar\n|\n|-weather|Sandstorm|[upkeep]\n|-damage|p1a: Tornadus|94/100|[from] Sandstorm\n|upkeep\n|\n|t:|1771193924\n|switch|p2a: Diancie|Diancie-Mega|37/100\n|turn|14\n|\n|t:|1771193927\n|move|p1a: Tornadus|Focus Blast|p2a: Diancie\n|-damage|p2a: Diancie|0 fnt\n|faint|p2a: Diancie\n|detailschange|p2: Diancie|Diancie|[silent]\n|\n|-weather|Sandstorm|[upkeep]\n|-damage|p1a: Tornadus|88/100|[from] Sandstorm\n|upkeep\n|\n|t:|1771193939\n|switch|p2a: Kartana|Kartana|100/100\n|turn|15\n|\n|t:|1771193944\n|move|p2a: Kartana|Smart Strike|p1a: Tornadus\n|-damage|p1a: Tornadus|11/100\n|move|p1a: Tornadus|Focus Blast|p2a: Kartana\n|-supereffective|p2a: Kartana\n|-damage|p2a: Kartana|0 fnt\n|faint|p2a: Kartana\n|\n|-weather|Sandstorm|[upkeep]\n|-damage|p1a: Tornadus|5/100|[from] Sandstorm\n|upkeep\n|\n|t:|1771193948\n|switch|p2a: Kommo-o|Kommo-o, F|62/100\n|turn|16\n|\n|t:|1771193959\n|-zpower|p1a: Tornadus\n|move|p1a: Tornadus|Supersonic Skystrike|p2a: Kommo-o|[zeffect]\n|-supereffective|p2a: Kommo-o\n|-damage|p2a: Kommo-o|0 fnt\n|faint|p2a: Kommo-o\n|\n|win|BlanketEnthusiast\n|raw|BlanketEnthusiast's rating: 1662 &rarr; <strong>1688</strong><br />(+26 for winning)\n|raw|Cerberus 17's rating: 1769 &rarr; <strong>1743</strong><br />(-26 for losing)\n|l|☆Cerberus 17\n|player|p2|\n|l|☆BlanketEnthusiast\n|player|p1|\n", "uploadtime": 1771194191, "views": 7, "formatid": "gen9nationaldex", "rating": 1688, "private": 0, "password": null}