{"id": "gen9nationaldex-2540601525", "format": "[Gen 9] National Dex", "players": ["nicotinepouch", "frost12080000"], "log": "|j|☆nicotinepouch\n|j|☆frost12080000\n|t:|1771225124\n|gametype|singles\n|player|p1|nicotinepouch|marshal|1542\n|player|p2|frost12080000|burglar|1532\n|gen|9\n|tier|[Gen 9] National Dex\n|rated|\n|rule|HP Percentage Mod: HP is shown in percentages\n|rule|Endless Battle Clause: Forcing endless battles is banned\n|rule|Species Clause: Limit one of each Pokémon\n|rule|OHKO Clause: OHKO moves are banned\n|rule|Evasion Clause: Evasion abilities, items, and moves are banned\n|rule|Evasion Abilities Clause: Evasion abilities are banned\n|rule|Evasion Items Clause: Evasion items are banned\n|rule|Evasion Moves Clause: Evasion moves are banned\n|rule|Sleep Clause Mod: Limit one foe put to sleep\n|rule|Terastal Clause: You cannot Terastallize\n|clearpoke\n|poke|p1|Pinsir, F|\n|poke|p1|Great Tusk|\n|poke|p1|Iron Valiant|\n|poke|p1|Ceruledge, M|\n|poke|p1|Gholdengo|\n|poke|p1|Dragonite, F|\n|poke|p2|Tapu Fini|\n|poke|p2|Charizard, F|\n|poke|p2|Ogerpon-Cornerstone, F|\n|poke|p2|Landorus-Therian, M|\n|poke|p2|Gholdengo|\n|poke|p2|Alomomola, F|\n|teampreview\n|inactive|Battle timer is ON: inactive players will automatically lose when time's up. (requested by nicotinepouch)\n|\n|t:|1771225138\n|teamsize|p1|6\n|teamsize|p2|6\n|start\n|switch|p1a: Dragonite|Dragonite, F|100/100\n|switch|p2a: Ogerpon|Ogerpon-Cornerstone, F|100/100\n|turn|1\n|\n|t:|1771225143\n|move|p2a: Ogerpon|Ivy Cudgel|p1a: Dragonite|[anim] Ivy Cudgel Rock\n|-supereffective|p1a: Dragonite\n|-damage|p1a: Dragonite|35/100\n|move|p1a: Dragonite|Earthquake|p2a: Ogerpon\n|-damage|p2a: Ogerpon|50/100\n|\n|upkeep\n|turn|2\n|\n|t:|1771225154\n|switch|p2a: Charizard|Charizard, F, shiny|100/100\n|move|p1a: Dragonite|Extreme Speed|p2a: Charizard\n|-damage|p2a: Charizard|53/100\n|\n|upkeep\n|turn|3\n|\n|t:|1771225158\n|detailschange|p2a: Charizard|Charizard-Mega-Y, F, shiny\n|-mega|p2a: Charizard|Charizard|Charizardite Y\n|-weather|SunnyDay|[from] ability: Drought|[of] p2a: Charizard\n|move|p1a: Dragonite|Extreme Speed|p2a: Charizard\n|-damage|p2a: Charizard|12/100\n|move|p2a: Charizard|Weather Ball|p1a: Dragonite\n|-resisted|p1a: Dragonite\n|-damage|p1a: Dragonite|0 fnt\n|faint|p1a: Dragonite\n|\n|-weather|SunnyDay|[upkeep]\n|upkeep\n|\n|t:|1771225165\n|switch|p1a: Gholdengo|Gholdengo|100/100\n|turn|4\n|\n|t:|1771225170\n|switch|p1a: Ceruledge|Ceruledge, M|100/100\n|switch|p2a: Alomomola|Alomomola, F|100/100\n|\n|-weather|SunnyDay|[upkeep]\n|upkeep\n|turn|5\n|\n|t:|1771225179\n|move|p1a: Ceruledge|Swords Dance|p1a: Ceruledge\n|-boost|p1a: Ceruledge|atk|2\n|move|p2a: Alomomola|Flip Turn|p1a: Ceruledge\n|-supereffective|p1a: Ceruledge\n|-damage|p1a: Ceruledge|61/100\n|-ability|p1a: Ceruledge|Weak Armor|boost\n|-unboost|p1a: Ceruledge|def|1\n|-boost|p1a: Ceruledge|spe|2\n|\n|t:|1771225183\n|switch|p2a: Landorus|Landorus-Therian, M|100/100|[from] Flip Turn\n|-ability|p2a: Landorus|Intimidate|boost\n|-unboost|p1a: Ceruledge|atk|1\n|\n|-weather|SunnyDay|[upkeep]\n|upkeep\n|turn|6\n|\n|t:|1771225187\n|move|p1a: Ceruledge|Poltergeist|p2a: Landorus\n|-activate|p2a: Landorus|move: Poltergeist|Choice Scarf\n|-damage|p2a: Landorus|3/100\n|move|p2a: Landorus|Earthquake|p1a: Ceruledge\n|-supereffective|p1a: Ceruledge\n|-damage|p1a: Ceruledge|0 fnt\n|faint|p1a: Ceruledge\n|\n|-weather|SunnyDay|[upkeep]\n|upkeep\n|\n|t:|1771225200\n|switch|p1a: Gholdengo|Gholdengo|100/100\n|turn|7\n|\n|t:|1771225204\n|move|p2a: Landorus|Earthquake|p1a: Gholdengo\n|-supereffective|p1a: Gholdengo\n|-damage|p1a: Gholdengo|0 fnt\n|faint|p1a: Gholdengo\n|\n|-weather|none\n|upkeep\n|\n|t:|1771225215\n|switch|p1a: Pinsir|Pinsir, F|100/100\n|turn|8\n|\n|t:|1771225221\n|switch|p2a: Alomomola|Alomomola, F|100/100\n|detailschange|p1a: Pinsir|Pinsir-Mega, F\n|-mega|p1a: Pinsir|Pinsir|Pinsirite\n|move|p1a: Pinsir|Swords Dance|p1a: Pinsir\n|-boost|p1a: Pinsir|atk|2\n|\n|upkeep\n|turn|9\n|\n|t:|1771225223\n|move|p1a: Pinsir|Swords Dance|p1a: Pinsir\n|-boost|p1a: Pinsir|atk|2\n|move|p2a: Alomomola|Flip Turn|p1a: Pinsir\n|-damage|p1a: Pinsir|72/100\n|\n|t:|1771225227\n|switch|p2a: Gholdengo|Gholdengo|100/100|[from] Flip Turn\n|\n|upkeep\n|turn|10\n|\n|t:|1771225230\n|move|p1a: Pinsir|Return|p2a: Gholdengo\n|-resisted|p2a: Gholdengo\n|-damage|p2a: Gholdengo|11/100\n|-zpower|p2a: Gholdengo\n|move|p2a: Gholdengo|Never-Ending Nightmare|p1a: Pinsir|[zeffect]\n|-damage|p1a: Pinsir|0 fnt\n|faint|p1a: Pinsir\n|detailschange|p1: Pinsir|Pinsir, F|[silent]\n|\n|upkeep\n|\n|t:|1771225238\n|switch|p1a: Great Tusk|Great Tusk|100/100\n|turn|11\n|\n|t:|1771225244\n|move|p1a: Great Tusk|Stealth Rock|p2a: Gholdengo\n|-sidestart|p2: frost12080000|move: Stealth Rock\n|move|p2a: Gholdengo|Shadow Ball|p1a: Great Tusk\n|-damage|p1a: Great Tusk|40/100\n|\n|upkeep\n|turn|12\n|\n|t:|1771225248\n|move|p1a: Great Tusk|Ice Spinner|p2a: Gholdengo\n|-resisted|p2a: Gholdengo\n|-damage|p2a: Gholdengo|0 fnt\n|faint|p2a: Gholdengo\n|\n|upkeep\n|\n|t:|1771225251\n|switch|p2a: Alomomola|Alomomola, F|100/100\n|-damage|p2a: Alomomola|88/100|[from] Stealth Rock\n|turn|13\n|\n|t:|1771225255\n|move|p1a: Great Tusk|Headlong Rush|p2a: Alomomola\n|-damage|p2a: Alomomola|41/100\n|-unboost|p1a: Great Tusk|def|1\n|-unboost|p1a: Great Tusk|spd|1\n|move|p2a: Alomomola|Flip Turn|p1a: Great Tusk\n|-supereffective|p1a: Great Tusk\n|-damage|p1a: Great Tusk|0 fnt\n|faint|p1a: Great Tusk\n|-end|p1a: Great Tusk|Protosynthesis|[silent]\n|\n|t:|1771225260\n|switch|p2a: Tapu Fini|Tapu Fini, shiny|100/100|[from] Flip Turn\n|-damage|p2a: Tapu Fini|88/100|[from] Stealth Rock\n|-fieldstart|move: Misty Terrain|[from] ability: Misty Surge|[of] p2a: Tapu Fini\n|\n|-heal|p2a: Tapu Fini|94/100|[from] item: Leftovers\n|upkeep\n|\n|t:|1771225262\n|switch|p1a: Iron Valiant|Iron Valiant|100/100\n|-enditem|p1a: Iron Valiant|Booster Energy\n|-activate|p1a: Iron Valiant|ability: Quark Drive|[fromitem]\n|-start|p1a: Iron Valiant|quarkdrivespe\n|turn|14\n|\n|t:|1771225264\n|move|p1a: Iron Valiant|Moonblast|p2a: Tapu Fini\n|-damage|p2a: Tapu Fini|57/100\n|move|p2a: Tapu Fini|Draining Kiss|p1a: Iron Valiant\n|-supereffective|p1a: Iron Valiant\n|-damage|p1a: Iron Valiant|30/100\n|-heal|p2a: Tapu Fini|100/100|[from] drain|[of] p1a: Iron Valiant\n|\n|upkeep\n|turn|15\n|\n|t:|1771225266\n|move|p1a: Iron Valiant|Moonblast|p2a: Tapu Fini\n|-damage|p2a: Tapu Fini|65/100\n|move|p2a: Tapu Fini|Draining Kiss|p1a: Iron Valiant\n|-supereffective|p1a: Iron Valiant\n|-damage|p1a: Iron Valiant|0 fnt\n|-heal|p2a: Tapu Fini|84/100|[from] drain|[of] p1a: Iron Valiant\n|faint|p1a: Iron Valiant\n|-end|p1a: Iron Valiant|Quark Drive|[silent]\n|\n|win|frost12080000\n|raw|nicotinepouch's rating: 1542 &rarr; <strong>1521</strong><br />(-21 for losing)\n|raw|frost12080000's rating: 1532 &rarr; <strong>1553</strong><br />(+21 for winning)\n|l|☆frost12080000\n|player|p2|\n", "uploadtime": 1771225580, "views": 8, "formatid": "gen9nationaldex", "rating": 1521, "private": 0, "password": null}