{"id": "gen9nationaldex-2540572107", "format": "[Gen 9] National Dex", "players": ["Skyeees", "a2pro"], "log": "|j|☆Skyeees\n|j|☆a2pro\n|t:|1771219971\n|gametype|singles\n|player|p1|Skyeees|266|1537\n|player|p2|a2pro|gambler|1569\n|gen|9\n|tier|[Gen 9] National Dex\n|rated|\n|rule|HP Percentage Mod: HP is shown in percentages\n|rule|Endless Battle Clause: Forcing endless battles is banned\n|rule|Species Clause: Limit one of each Pokémon\n|rule|OHKO Clause: OHKO moves are banned\n|rule|Evasion Clause: Evasion abilities, items, and moves are banned\n|rule|Evasion Abilities Clause: Evasion abilities are banned\n|rule|Evasion Items Clause: Evasion items are banned\n|rule|Evasion Moves Clause: Evasion moves are banned\n|rule|Sleep Clause Mod: Limit one foe put to sleep\n|rule|Terastal Clause: You cannot Terastallize\n|clearpoke\n|poke|p1|Clefable, F|\n|poke|p1|Pecharunt|\n|poke|p1|Skarmory, F|\n|poke|p1|Latios, M|\n|poke|p1|Ting-Lu|\n|poke|p1|Gholdengo|\n|poke|p2|Volcanion|\n|poke|p2|Gliscor, M|\n|poke|p2|Chansey, F|\n|poke|p2|Banette, M|\n|poke|p2|Iron Valiant|\n|poke|p2|Garganacl, M|\n|teampreview\n|\n|t:|1771219995\n|teamsize|p1|6\n|teamsize|p2|6\n|start\n|switch|p1a: Latios|Latios, M|100/100\n|switch|p2a: Volcanion|Volcanion|100/100\n|turn|1\n|\n|t:|1771220001\n|switch|p2a: Chansey|Chansey, F|100/100\n|detailschange|p1a: Latios|Latios-Mega, M\n|-mega|p1a: Latios|Latios|Latiosite\n|move|p1a: Latios|Luster Purge|p2a: Chansey\n|-damage|p2a: Chansey|85/100\n|-unboost|p2a: Chansey|spd|1\n|\n|upkeep\n|turn|2\n|\n|t:|1771220006\n|switch|p1a: Clefable|Clefable, F|100/100\n|switch|p2a: Banette|Banette, M, shiny|100/100\n|-item|p1a: Clefable|Leftovers|[from] ability: Frisk|[of] p2a: Banette\n|\n|upkeep\n|turn|3\n|\n|t:|1771220010\n|detailschange|p2a: Banette|Banette-Mega, M, shiny\n|-mega|p2a: Banette|Banette|Banettite\n|move|p2a: Banette|Poltergeist|p1a: Clefable\n|-activate|p1a: Clefable|move: Poltergeist|Leftovers\n|-damage|p1a: Clefable|30/100\n|move|p1a: Clefable|Stealth Rock|p2a: Banette\n|-sidestart|p2: a2pro|move: Stealth Rock\n|\n|-heal|p1a: Clefable|36/100|[from] item: Leftovers\n|upkeep\n|turn|4\n|\n|t:|1771220017\n|switch|p1a: Ting-Lu|Ting-Lu|100/100\n|-ability|p1a: Ting-Lu|Vessel of Ruin\n|move|p2a: Banette|Poltergeist|p1a: Ting-Lu|[miss]\n|-miss|p2a: Banette|p1a: Ting-Lu\n|\n|upkeep\n|turn|5\n|\n|t:|1771220025\n|switch|p2a: Gliscor|Gliscor, M, shiny|100/100\n|-damage|p2a: Gliscor|88/100|[from] Stealth Rock\n|switch|p1a: Latios|Latios-Mega, M|100/100\n|\n|-status|p2a: Gliscor|tox|[from] item: Toxic Orb\n|upkeep\n|turn|6\n|\n|t:|1771220030\n|switch|p2a: Chansey|Chansey, F|85/100\n|-damage|p2a: Chansey|72/100|[from] Stealth Rock\n|move|p1a: Latios|Luster Purge|p2a: Chansey\n|-damage|p2a: Chansey|57/100\n|-unboost|p2a: Chansey|spd|1\n|\n|upkeep\n|turn|7\n|\n|t:|1771220033\n|move|p1a: Latios|Luster Purge|p2a: Chansey\n|-damage|p2a: Chansey|33/100\n|-unboost|p2a: Chansey|spd|1\n|move|p2a: Chansey|Wish|p2a: Chansey\n|\n|upkeep\n|turn|8\n|\n|t:|1771220036\n|move|p2a: Chansey|Protect|p2a: Chansey\n|-singleturn|p2a: Chansey|Protect\n|move|p1a: Latios|Luster Purge|p2a: Chansey\n|-activate|p2a: Chansey|move: Protect\n|\n|-heal|p2a: Chansey|83/100|[from] move: Wish|[wisher] Chansey\n|upkeep\n|turn|9\n|\n|t:|1771220043\n|switch|p1a: Clefable|Clefable, F|36/100\n|move|p2a: Chansey|Wish|p2a: Chansey\n|\n|-heal|p1a: Clefable|42/100|[from] item: Leftovers\n|upkeep\n|turn|10\n|\n|t:|1771220048\n|move|p1a: Clefable|Soft-Boiled|p1a: Clefable\n|-heal|p1a: Clefable|92/100\n|move|p2a: Chansey|Seismic Toss|p1a: Clefable\n|-damage|p1a: Clefable|66/100\n|\n|-heal|p2a: Chansey|100/100|[from] move: Wish|[wisher] Chansey\n|-heal|p1a: Clefable|73/100|[from] item: Leftovers\n|upkeep\n|turn|11\n|\n|t:|1771220051\n|move|p1a: Clefable|Knock Off|p2a: Chansey\n|-damage|p2a: Chansey|88/100\n|-enditem|p2a: Chansey|Eviolite|[from] move: Knock Off|[of] p1a: Clefable\n|move|p2a: Chansey|Toxic|p1a: Clefable\n|-status|p1a: Clefable|tox\n|\n|-heal|p1a: Clefable|79/100 tox|[from] item: Leftovers\n|upkeep\n|turn|12\n|\n|t:|1771220058\n|move|p1a: Clefable|Moonblast|p2a: Chansey\n|-crit|p2a: Chansey\n|-damage|p2a: Chansey|53/100\n|move|p2a: Chansey|Wish|p2a: Chansey\n|\n|-heal|p1a: Clefable|85/100 tox|[from] item: Leftovers\n|upkeep\n|turn|13\n|\n|t:|1771220069\n|switch|p1a: Latios|Latios-Mega, M|100/100\n|move|p2a: Chansey|Protect||[still]\n|-fail|p2a: Chansey\n|\n|-heal|p2a: Chansey|100/100|[from] move: Wish|[wisher] Chansey\n|upkeep\n|turn|14\n|\n|t:|1771220075\n|switch|p1a: Clefable|Clefable, F|85/100 tox\n|move|p2a: Chansey|Toxic|p1a: Clefable\n|-fail|p1a: Clefable|tox\n|\n|-heal|p1a: Clefable|91/100 tox|[from] item: Leftovers\n|upkeep\n|turn|15\n|\n|t:|1771220079\n|switch|p2a: Gliscor|Gliscor, M, shiny|88/100 tox\n|-damage|p2a: Gliscor|76/100 tox|[from] Stealth Rock\n|move|p1a: Clefable|Moonblast|p2a: Gliscor\n|-damage|p2a: Gliscor|35/100 tox\n|\n|-heal|p1a: Clefable|97/100 tox|[from] item: Leftovers\n|-heal|p2a: Gliscor|47/100 tox|[from] ability: Poison Heal\n|upkeep\n|turn|16\n|\n|t:|1771220085\n|switch|p1a: Skarmory|Skarmory, F|100/100\n|move|p2a: Gliscor|Defog|p1a: Skarmory\n|-unboost|p1a: Skarmory|evasion|1\n|-sideend|p2: a2pro|Stealth Rock|[from] move: Defog|[of] p2a: Gliscor\n|\n|-heal|p2a: Gliscor|60/100 tox|[from] ability: Poison Heal\n|upkeep\n|turn|17\n|\n|t:|1771220090\n|switch|p2a: Volcanion|Volcanion|100/100\n|move|p1a: Skarmory|Spikes|p2a: Volcanion\n|-sidestart|p2: a2pro|Spikes\n|\n|upkeep\n|turn|18\n|\n|t:|1771220117\n|switch|p1a: Clefable|Clefable, F|97/100 tox\n|move|p2a: Volcanion|Flamethrower|p1a: Clefable\n|-damage|p1a: Clefable|64/100 tox\n|\n|-heal|p1a: Clefable|70/100 tox|[from] item: Leftovers\n|upkeep\n|turn|19\n|\n|t:|1771220123\n|-zpower|p2a: Volcanion\n|move|p2a: Volcanion|Hydro Vortex|p1a: Clefable|[zeffect]\n|-damage|p1a: Clefable|4/100 tox\n|move|p1a: Clefable|Knock Off|p2a: Volcanion\n|-damage|p2a: Volcanion|93/100\n|\n|-heal|p1a: Clefable|10/100 tox|[from] item: Leftovers\n|upkeep\n|turn|20\n|j| klopppool\n|\n|t:|1771220137\n|switch|p1a: Latios|Latios-Mega, M|100/100\n|move|p2a: Volcanion|Flamethrower|p1a: Latios\n|-resisted|p1a: Latios\n|-damage|p1a: Latios|81/100\n|\n|upkeep\n|turn|21\n|\n|t:|1771220143\n|move|p1a: Latios|Luster Purge|p2a: Volcanion\n|-damage|p2a: Volcanion|40/100\n|move|p2a: Volcanion|Flamethrower|p1a: Latios\n|-resisted|p1a: Latios\n|-damage|p1a: Latios|59/100\n|\n|upkeep\n|turn|22\n|\n|t:|1771220147\n|switch|p2a: Chansey|Chansey, F|100/100\n|-damage|p2a: Chansey|88/100|[from] Spikes\n|move|p1a: Latios|Roost|p1a: Latios\n|-heal|p1a: Latios|100/100\n|-singleturn|p1a: Latios|move: Roost\n|\n|upkeep\n|turn|23\n|\n|t:|1771220162\n|switch|p1a: Clefable|Clefable, F|10/100 tox\n|move|p2a: Chansey|Seismic Toss|p1a: Clefable\n|-damage|p1a: Clefable|0 fnt\n|faint|p1a: Clefable\n|\n|upkeep\n|\n|t:|1771220172\n|switch|p1a: Skarmory|Skarmory, F|100/100\n|turn|24\n|\n|t:|1771220177\n|move|p1a: Skarmory|Body Press|p2a: Chansey\n|-supereffective|p2a: Chansey\n|-damage|p2a: Chansey|13/100\n|move|p2a: Chansey|Wish|p2a: Chansey\n|\n|upkeep\n|turn|25\n|\n|t:|1771220186\n|switch|p2a: Volcanion|Volcanion|40/100\n|-damage|p2a: Volcanion|28/100|[from] Spikes\n|move|p1a: Skarmory|Spikes|p2a: Volcanion\n|-sidestart|p2: a2pro|Spikes\n|\n|-heal|p2a: Volcanion|100/100|[from] move: Wish|[wisher] Chansey\n|upkeep\n|turn|26\n|\n|t:|1771220197\n|switch|p1a: Ting-Lu|Ting-Lu|100/100\n|-ability|p1a: Ting-Lu|Vessel of Ruin\n|move|p2a: Volcanion|Flamethrower|p1a: Ting-Lu\n|-damage|p1a: Ting-Lu|84/100\n|\n|-heal|p1a: Ting-Lu|90/100|[from] item: Leftovers\n|upkeep\n|turn|27\n|\n|t:|1771220203\n|move|p2a: Volcanion|Toxic|p1a: Ting-Lu\n|-status|p1a: Ting-Lu|tox\n|move|p1a: Ting-Lu|Earthquake|p2a: Volcanion\n|-supereffective|p2a: Volcanion\n|-crit|p2a: Volcanion\n|-damage|p2a: Volcanion|14/100\n|\n|-heal|p1a: Ting-Lu|97/100 tox|[from] item: Leftovers\n|-damage|p1a: Ting-Lu|90/100 tox|[from] psn\n|upkeep\n|turn|28\n|\n|t:|1771220209\n|move|p2a: Volcanion|Steam Eruption|p1a: Ting-Lu\n|-supereffective|p1a: Ting-Lu\n|-damage|p1a: Ting-Lu|44/100 tox\n|move|p1a: Ting-Lu|Rock Slide|p2a: Volcanion\n|-supereffective|p2a: Volcanion\n|-damage|p2a: Volcanion|0 fnt\n|faint|p2a: Volcanion\n|\n|-heal|p1a: Ting-Lu|50/100 tox|[from] item: Leftovers\n|-damage|p1a: Ting-Lu|37/100 tox|[from] psn\n|upkeep\n|\n|t:|1771220218\n|switch|p2a: Garganacl|Garganacl, M, shiny|100/100\n|-damage|p2a: Garganacl|84/100|[from] Spikes\n|turn|29\n|\n|t:|1771220222\n|move|p1a: Ting-Lu|Rest|p1a: Ting-Lu\n|-status|p1a: Ting-Lu|slp|[from] move: Rest\n|-heal|p1a: Ting-Lu|100/100 slp|[silent]\n|move|p2a: Garganacl|Salt Cure|p1a: Ting-Lu\n|-resisted|p1a: Ting-Lu\n|-damage|p1a: Ting-Lu|97/100 slp\n|-start|p1a: Ting-Lu|Salt Cure\n|\n|-heal|p1a: Ting-Lu|100/100 slp|[from] item: Leftovers\n|-heal|p2a: Garganacl|90/100|[from] item: Leftovers\n|-damage|p1a: Ting-Lu|88/100 slp|[from] Salt Cure\n|upkeep\n|turn|30\n|\n|t:|1771220229\n|switch|p1a: Gholdengo|Gholdengo|100/100\n|move|p2a: Garganacl|Iron Defense|p2a: Garganacl\n|-boost|p2a: Garganacl|def|2\n|\n|-heal|p2a: Garganacl|96/100|[from] item: Leftovers\n|upkeep\n|turn|31\n|\n|t:|1771220233\n|move|p1a: Gholdengo|Make It Rain|p2a: Garganacl\n|-supereffective|p2a: Garganacl\n|-damage|p2a: Garganacl|10/100\n|-unboost|p1a: Gholdengo|spa|1\n|move|p2a: Garganacl|Salt Cure|p1a: Gholdengo\n|-resisted|p1a: Gholdengo\n|-damage|p1a: Gholdengo|93/100\n|-start|p1a: Gholdengo|Salt Cure\n|\n|-heal|p2a: Garganacl|16/100|[from] item: Leftovers\n|-damage|p1a: Gholdengo|68/100|[from] Salt Cure\n|upkeep\n|turn|32\n|\n|t:|1771220238\n|move|p1a: Gholdengo|Make It Rain|p2a: Garganacl\n|-supereffective|p2a: Garganacl\n|-damage|p2a: Garganacl|0 fnt\n|-unboost|p1a: Gholdengo|spa|1\n|faint|p2a: Garganacl\n|\n|-damage|p1a: Gholdengo|43/100|[from] Salt Cure\n|upkeep\n|\n|t:|1771220264\n|switch|p2a: Iron Valiant|Iron Valiant|100/100\n|-damage|p2a: Iron Valiant|84/100|[from] Spikes\n|-enditem|p2a: Iron Valiant|Booster Energy\n|-activate|p2a: Iron Valiant|ability: Quark Drive|[fromitem]\n|-start|p2a: Iron Valiant|quarkdrivespe\n|turn|33\n|\n|t:|1771220274\n|switch|p1a: Pecharunt|Pecharunt|100/100\n|move|p2a: Iron Valiant|Swords Dance|p2a: Iron Valiant\n|-boost|p2a: Iron Valiant|atk|2\n|\n|upkeep\n|turn|34\n|\n|t:|1771220277\n|move|p2a: Iron Valiant|Swords Dance|p2a: Iron Valiant\n|-boost|p2a: Iron Valiant|atk|2\n|move|p1a: Pecharunt|Malignant Chain|p2a: Iron Valiant\n|-supereffective|p2a: Iron Valiant\n|-damage|p2a: Iron Valiant|0 fnt\n|faint|p2a: Iron Valiant\n|-end|p2a: Iron Valiant|Quark Drive|[silent]\n|\n|upkeep\n|\n|t:|1771220281\n|switch|p2a: Banette|Banette-Mega, M, shiny|100/100\n|-damage|p2a: Banette|84/100|[from] Spikes\n|turn|35\n|\n|t:|1771220286\n|move|p1a: Pecharunt|Foul Play|p2a: Banette\n|-supereffective|p2a: Banette\n|-damage|p2a: Banette|0 fnt\n|faint|p2a: Banette\n|detailschange|p2: Banette|Banette, M, shiny|[silent]\n|\n|upkeep\n|-message|a2pro forfeited.\n|\n|win|Skyeees\n|raw|Skyeees's rating: 1537 &rarr; <strong>1559</strong><br />(+22 for winning)\n|raw|a2pro's rating: 1569 &rarr; <strong>1547</strong><br />(-22 for losing)\n|l|☆a2pro\n|player|p2|\n|c|☆Skyeees|gg\n|l|☆Skyeees\n|player|p1|\n|l| klopppool\n", "uploadtime": 1771220622, "views": 9, "formatid": "gen9nationaldex", "rating": 1547, "private": 0, "password": null}