{"id": "gen9nationaldex-2540219741", "format": "[Gen 9] National Dex", "players": ["tpfire", "djalil le w7ch"], "log": "|j|☆tpfire\n|j|☆djalil le w7ch\n|t:|1771177255\n|gametype|singles\n|player|p1|tpfire|birdkeeper-gen4dp|1640\n|player|p2|djalil le w7ch|102|1592\n|gen|9\n|tier|[Gen 9] National Dex\n|rated|\n|rule|HP Percentage Mod: HP is shown in percentages\n|rule|Endless Battle Clause: Forcing endless battles is banned\n|rule|Species Clause: Limit one of each Pokémon\n|rule|OHKO Clause: OHKO moves are banned\n|rule|Evasion Clause: Evasion abilities, items, and moves are banned\n|rule|Evasion Abilities Clause: Evasion abilities are banned\n|rule|Evasion Items Clause: Evasion items are banned\n|rule|Evasion Moves Clause: Evasion moves are banned\n|rule|Sleep Clause Mod: Limit one foe put to sleep\n|rule|Terastal Clause: You cannot Terastallize\n|clearpoke\n|poke|p1|Rillaboom, F|\n|poke|p1|Slowking, M|\n|poke|p1|Zamazenta-*|\n|poke|p1|Iron Treads|\n|poke|p1|Moltres|\n|poke|p1|Diancie|\n|poke|p2|Alomomola, M|\n|poke|p2|Raging Bolt|\n|poke|p2|Lopunny, M|\n|poke|p2|Landorus-Therian, M|\n|poke|p2|Hatterene, F|\n|poke|p2|Kartana|\n|teampreview\n|inactive|Battle timer is ON: inactive players will automatically lose when time's up. (requested by tpfire)\n|\n|t:|1771177283\n|teamsize|p1|6\n|teamsize|p2|6\n|start\n|switch|p1a: Rillaboom|Rillaboom, F|100/100\n|switch|p2a: Landorus|Landorus-Therian, M|100/100\n|-fieldstart|move: Grassy Terrain|[from] ability: Grassy Surge|[of] p1a: Rillaboom\n|-ability|p2a: Landorus|Intimidate|boost\n|-unboost|p1a: Rillaboom|atk|1\n|turn|1\n|\n|t:|1771177287\n|switch|p1a: Slowking|Slowking, M|100/100\n|move|p2a: Landorus|U-turn|p1a: Slowking\n|-supereffective|p1a: Slowking\n|-damage|p1a: Slowking|66/100\n|\n|t:|1771177291\n|switch|p2a: Kartana|Kartana|100/100|[from] U-turn\n|\n|-heal|p1a: Slowking|72/100|[from] Grassy Terrain\n|upkeep\n|turn|2\n|\n|t:|1771177296\n|switch|p2a: Alomomola|Alomomola, M|100/100\n|switch|p1a: Moltres|Moltres|100/100\n|\n|upkeep\n|turn|3\n|\n|t:|1771177299\n|move|p1a: Moltres|U-turn|p2a: Alomomola\n|-damage|p2a: Alomomola|91/100\n|\n|t:|1771177300\n|switch|p1a: Slowking|Slowking, M|100/100|[from] U-turn\n|move|p2a: Alomomola|Flip Turn|p1a: Slowking\n|-resisted|p1a: Slowking\n|-damage|p1a: Slowking|94/100\n|\n|t:|1771177303\n|switch|p2a: Kartana|Kartana|100/100|[from] Flip Turn\n|\n|-heal|p1a: Slowking|99/100|[from] Grassy Terrain\n|upkeep\n|turn|4\n|\n|t:|1771177305\n|switch|p1a: Moltres|Moltres|100/100\n|move|p2a: Kartana|Knock Off|p1a: Moltres\n|-damage|p1a: Moltres|55/100\n|-enditem|p1a: Moltres|Heavy-Duty Boots|[from] move: Knock Off|[of] p2a: Kartana\n|\n|upkeep\n|turn|5\n|\n|t:|1771177309\n|switch|p2a: Hatterene|Hatterene, F|100/100\n|move|p1a: Moltres|Roost|p1a: Moltres\n|-heal|p1a: Moltres|100/100\n|-singleturn|p1a: Moltres|move: Roost\n|\n|-fieldend|move: Grassy Terrain\n|upkeep\n|turn|6\n|\n|t:|1771177317\n|move|p1a: Moltres|U-turn|p2a: Hatterene\n|-damage|p2a: Hatterene|84/100\n|\n|t:|1771177319\n|switch|p1a: Slowking|Slowking, M|100/100|[from] U-turn\n|move|p2a: Hatterene|Nuzzle|p1a: Slowking\n|-supereffective|p1a: Slowking\n|-damage|p1a: Slowking|94/100\n|-status|p1a: Slowking|par\n|\n|upkeep\n|turn|7\n|\n|t:|1771177326\n|move|p2a: Hatterene|Draining Kiss|p1a: Slowking\n|-damage|p1a: Slowking|75/100 par\n|-heal|p2a: Hatterene|100/100|[from] drain|[of] p1a: Slowking\n|move|p1a: Slowking|Future Sight|p2a: Hatterene\n|-start|p1a: Slowking|move: Future Sight\n|\n|upkeep\n|turn|8\n|\n|t:|1771177334\n|move|p2a: Hatterene|Draining Kiss|p1a: Slowking\n|-damage|p1a: Slowking|57/100 par\n|move|p1a: Slowking|Teleport|p1a: Slowking\n|\n|t:|1771177337\n|switch|p1a: Rillaboom|Rillaboom, F|100/100|[from] Teleport\n|-fieldstart|move: Grassy Terrain|[from] ability: Grassy Surge|[of] p1a: Rillaboom\n|\n|upkeep\n|turn|9\n|\n|t:|1771177344\n|switch|p2a: Landorus|Landorus-Therian, M|100/100\n|-ability|p2a: Landorus|Intimidate|boost\n|-unboost|p1a: Rillaboom|atk|1\n|move|p1a: Rillaboom|Wood Hammer|p2a: Landorus\n|-damage|p2a: Landorus|37/100\n|-damage|p1a: Rillaboom|84/100|[from] item: Rocky Helmet|[of] p2a: Landorus\n|-damage|p1a: Rillaboom|61/100|[from] Recoil\n|\n|-end|p2a: Landorus|move: Future Sight\n|-damage|p2a: Landorus|0 fnt\n|faint|p2a: Landorus\n|-heal|p1a: Rillaboom|67/100|[from] Grassy Terrain\n|upkeep\n|\n|t:|1771177353\n|switch|p2a: Raging Bolt|Raging Bolt|100/100\n|turn|10\n|\n|t:|1771177357\n|switch|p1a: Iron Treads|Iron Treads|100/100\n|move|p2a: Raging Bolt|Calm Mind|p2a: Raging Bolt\n|-boost|p2a: Raging Bolt|spa|1\n|-boost|p2a: Raging Bolt|spd|1\n|\n|upkeep\n|turn|11\n|\n|t:|1771177364\n|move|p1a: Iron Treads|High Horsepower|p2a: Raging Bolt\n|-supereffective|p2a: Raging Bolt\n|-damage|p2a: Raging Bolt|27/100\n|-zpower|p2a: Raging Bolt\n|move|p2a: Raging Bolt|Devastating Drake|p1a: Iron Treads|[zeffect]\n|-resisted|p1a: Iron Treads\n|-damage|p1a: Iron Treads|41/100\n|\n|-heal|p1a: Iron Treads|47/100|[from] Grassy Terrain\n|-heal|p1a: Iron Treads|53/100|[from] item: Leftovers\n|-heal|p2a: Raging Bolt|33/100|[from] Grassy Terrain\n|upkeep\n|turn|12\n|\n|t:|1771177373\n|-end|p2a: Raging Bolt|Protosynthesis|[silent]\n|switch|p2a: Alomomola|Alomomola, M|100/100\n|move|p1a: Iron Treads|Ice Spinner|p2a: Alomomola\n|-resisted|p2a: Alomomola\n|-damage|p2a: Alomomola|95/100\n|-fieldend|move: Grassy Terrain\n|\n|-heal|p1a: Iron Treads|59/100|[from] item: Leftovers\n|upkeep\n|turn|13\n|\n|t:|1771177380\n|-end|p1a: Iron Treads|Quark Drive|[silent]\n|switch|p1a: Slowking|Slowking, M|90/100 par\n|move|p2a: Alomomola|Flip Turn|p1a: Slowking\n|-resisted|p1a: Slowking\n|-damage|p1a: Slowking|84/100 par\n|\n|t:|1771177382\n|switch|p2a: Raging Bolt|Raging Bolt|33/100|[from] Flip Turn\n|\n|upkeep\n|turn|14\n|\n|t:|1771177386\n|switch|p1a: Iron Treads|Iron Treads|59/100\n|move|p2a: Raging Bolt|Dragon Pulse|p1a: Iron Treads\n|-resisted|p1a: Iron Treads\n|-damage|p1a: Iron Treads|38/100\n|\n|-heal|p1a: Iron Treads|44/100|[from] item: Leftovers\n|upkeep\n|turn|15\n|\n|t:|1771177390\n|-end|p2a: Raging Bolt|Protosynthesis|[silent]\n|switch|p2a: Alomomola|Alomomola, M|100/100\n|move|p1a: Iron Treads|Stealth Rock|p2a: Alomomola\n|-sidestart|p2: djalil le w7ch|move: Stealth Rock\n|\n|-heal|p1a: Iron Treads|50/100|[from] item: Leftovers\n|upkeep\n|turn|16\n|\n|t:|1771177397\n|-end|p1a: Iron Treads|Quark Drive|[silent]\n|switch|p1a: Slowking|Slowking, M|100/100 par\n|move|p2a: Alomomola|Wish|p2a: Alomomola\n|\n|upkeep\n|turn|17\n|\n|t:|1771177402\n|move|p2a: Alomomola|Flip Turn|p1a: Slowking\n|-resisted|p1a: Slowking\n|-damage|p1a: Slowking|94/100 par\n|\n|t:|1771177404\n|switch|p2a: Raging Bolt|Raging Bolt|33/100|[from] Flip Turn\n|-damage|p2a: Raging Bolt|21/100|[from] Stealth Rock\n|move|p1a: Slowking|Future Sight|p2a: Raging Bolt\n|-start|p1a: Slowking|move: Future Sight\n|\n|-heal|p2a: Raging Bolt|81/100|[from] move: Wish|[wisher] Alomomola\n|upkeep\n|turn|18\n|\n|t:|1771177412\n|switch|p1a: Diancie|Diancie|100/100\n|move|p2a: Raging Bolt|Dragon Pulse|p1a: Diancie\n|-immune|p1a: Diancie\n|\n|upkeep\n|turn|19\n|\n|t:|1771177417\n|-end|p2a: Raging Bolt|Protosynthesis|[silent]\n|switch|p2a: Hatterene|Hatterene, F|100/100\n|-damage|p2a: Hatterene|88/100|[from] Stealth Rock\n|detailschange|p1a: Diancie|Diancie-Mega\n|-mega|p1a: Diancie|Diancie|Diancite\n|move|p1a: Diancie|Moonblast|p2a: Hatterene\n|-damage|p2a: Hatterene|53/100\n|\n|-end|p2a: Hatterene|move: Future Sight\n|-resisted|p2a: Hatterene\n|-damage|p2a: Hatterene|40/100\n|upkeep\n|turn|20\n|\n|t:|1771177422\n|move|p1a: Diancie|Diamond Storm|p2a: Hatterene\n|-damage|p2a: Hatterene|0 fnt\n|-boost|p1a: Diancie|def|2\n|faint|p2a: Hatterene\n|\n|upkeep\n|\n|t:|1771177425\n|switch|p2a: Kartana|Kartana|100/100\n|-damage|p2a: Kartana|94/100|[from] Stealth Rock\n|turn|21\n|\n|t:|1771177428\n|switch|p1a: Moltres|Moltres|100/100\n|move|p2a: Kartana|Smart Strike|p1a: Moltres\n|-resisted|p1a: Moltres\n|-damage|p1a: Moltres|79/100\n|-status|p2a: Kartana|brn|[from] ability: Flame Body|[of] p1a: Moltres\n|\n|-damage|p2a: Kartana|88/100 brn|[from] brn\n|upkeep\n|turn|22\n|-message|djalil le w7ch forfeited.\n|\n|win|tpfire\n|raw|tpfire's rating: 1640 &rarr; <strong>1657</strong><br />(+17 for winning)\n|raw|djalil le w7ch's rating: 1592 &rarr; <strong>1575</strong><br />(-17 for losing)\n|l|☆djalil le w7ch\n|player|p2|\n|l|☆tpfire\n|player|p1|\n", "uploadtime": 1771177680, "views": 7, "formatid": "gen9nationaldex", "rating": 1575, "private": 0, "password": null}