{"id": "gen9nationaldex-2540226227", "format": "[Gen 9] National Dex", "players": ["My Pal Pawmot", "Thugshaker Broly"], "log": "|j|☆My Pal Pawmot\n|j|☆Thugshaker Broly\n|t:|1771177996\n|gametype|singles\n|player|p1|My Pal Pawmot|bea-masters|1588\n|player|p2|Thugshaker Broly|cynthia-masters3|1703\n|gen|9\n|tier|[Gen 9] National Dex\n|rated|\n|rule|HP Percentage Mod: HP is shown in percentages\n|rule|Endless Battle Clause: Forcing endless battles is banned\n|rule|Species Clause: Limit one of each Pokémon\n|rule|OHKO Clause: OHKO moves are banned\n|rule|Evasion Clause: Evasion abilities, items, and moves are banned\n|rule|Evasion Abilities Clause: Evasion abilities are banned\n|rule|Evasion Items Clause: Evasion items are banned\n|rule|Evasion Moves Clause: Evasion moves are banned\n|rule|Sleep Clause Mod: Limit one foe put to sleep\n|rule|Terastal Clause: You cannot Terastallize\n|clearpoke\n|poke|p1|Pawmot, M|\n|poke|p1|Hoopa-Unbound|\n|poke|p1|Gliscor, F|\n|poke|p1|Melmetal|\n|poke|p1|Alomomola, F|\n|poke|p1|Zapdos|\n|poke|p2|Charizard, M|\n|poke|p2|Garchomp, F|\n|poke|p2|Kingambit, F|\n|poke|p2|Raging Bolt|\n|poke|p2|Zamazenta-*|\n|poke|p2|Corviknight, M|\n|teampreview\n|\n|t:|1771178004\n|teamsize|p1|6\n|teamsize|p2|6\n|start\n|switch|p1a: Gliscor|Gliscor, F|100/100\n|switch|p2a: Manny Hefferly|Garchomp, F|100/100\n|turn|1\n|inactive|Battle timer is ON: inactive players will automatically lose when time's up. (requested by Thugshaker Broly)\n|\n|t:|1771178007\n|move|p2a: Manny Hefferly|Swords Dance|p2a: Manny Hefferly\n|-boost|p2a: Manny Hefferly|atk|2\n|move|p1a: Gliscor|Spikes|p2a: Manny Hefferly\n|-sidestart|p2: Thugshaker Broly|Spikes\n|\n|-status|p1a: Gliscor|tox|[from] item: Toxic Orb\n|upkeep\n|turn|2\n|\n|t:|1771178011\n|move|p2a: Manny Hefferly|Scale Shot|p1a: Gliscor\n|-damage|p1a: Gliscor|83/100 tox\n|-damage|p1a: Gliscor|62/100 tox\n|-damage|p1a: Gliscor|43/100 tox\n|-damage|p1a: Gliscor|23/100 tox\n|-damage|p1a: Gliscor|4/100 tox\n|-hitcount|p1a: Gliscor|5\n|-unboost|p2a: Manny Hefferly|def|1\n|-boost|p2a: Manny Hefferly|spe|1\n|move|p1a: Gliscor|Toxic|p2a: Manny Hefferly\n|-status|p2a: Manny Hefferly|tox\n|\n|-damage|p2a: Manny Hefferly|94/100 tox|[from] psn\n|-heal|p1a: Gliscor|17/100 tox|[from] ability: Poison Heal\n|upkeep\n|turn|3\n|\n|t:|1771178017\n|move|p1a: Gliscor|Protect|p1a: Gliscor\n|-singleturn|p1a: Gliscor|Protect\n|move|p2a: Manny Hefferly|Swords Dance|p2a: Manny Hefferly\n|-boost|p2a: Manny Hefferly|atk|2\n|\n|-damage|p2a: Manny Hefferly|82/100 tox|[from] psn\n|-heal|p1a: Gliscor|29/100 tox|[from] ability: Poison Heal\n|upkeep\n|turn|4\n|\n|t:|1771178025\n|move|p1a: Gliscor|Protect||[still]\n|-fail|p1a: Gliscor\n|move|p2a: Manny Hefferly|Scale Shot|p1a: Gliscor|[miss]\n|-miss|p2a: Manny Hefferly|p1a: Gliscor\n|\n|-damage|p2a: Manny Hefferly|64/100 tox|[from] psn\n|-heal|p1a: Gliscor|42/100 tox|[from] ability: Poison Heal\n|upkeep\n|turn|5\n|\n|t:|1771178031\n|move|p2a: Manny Hefferly|Swords Dance|p2a: Manny Hefferly\n|-boost|p2a: Manny Hefferly|atk|2\n|move|p1a: Gliscor|Earthquake|p2a: Manny Hefferly\n|-damage|p2a: Manny Hefferly|17/100 tox\n|\n|-damage|p2a: Manny Hefferly|0 fnt|[from] psn\n|faint|p2a: Manny Hefferly\n|-heal|p1a: Gliscor|54/100 tox|[from] ability: Poison Heal\n|upkeep\n|\n|t:|1771178034\n|switch|p2a: M preg|Charizard, M|100/100\n|turn|6\n|c|☆My Pal Pawmot|dumb\n|\n|t:|1771178042\n|move|p1a: Gliscor|Protect|p1a: Gliscor\n|-singleturn|p1a: Gliscor|Protect\n|move|p2a: M preg|Dragon Dance|p2a: M preg\n|-boost|p2a: M preg|atk|1\n|-boost|p2a: M preg|spe|1\n|\n|-heal|p1a: Gliscor|67/100 tox|[from] ability: Poison Heal\n|upkeep\n|turn|7\n|\n|t:|1771178050\n|detailschange|p2a: M preg|Charizard-Mega-X, M\n|-mega|p2a: M preg|Charizard|Charizardite X\n|move|p2a: M preg|Flare Blitz|p1a: Gliscor\n|-damage|p1a: Gliscor|0 fnt\n|faint|p1a: Gliscor\n|-damage|p2a: M preg|75/100|[from] Recoil\n|\n|upkeep\n|\n|t:|1771178057\n|switch|p1a: Pawmot|Pawmot, M|100/100\n|turn|8\n|\n|t:|1771178061\n|move|p1a: Pawmot|Close Combat|p2a: M preg\n|-damage|p2a: M preg|15/100\n|-unboost|p1a: Pawmot|def|1\n|-unboost|p1a: Pawmot|spd|1\n|move|p2a: M preg|Flare Blitz|p1a: Pawmot\n|-damage|p1a: Pawmot|0 fnt\n|faint|p1a: Pawmot\n|-damage|p2a: M preg|0 fnt|[from] Recoil\n|faint|p2a: M preg\n|detailschange|p2: M preg|Charizard, M|[silent]\n|\n|upkeep\n|\n|t:|1771178070\n|switch|p1a: Hoopa|Hoopa-Unbound|100/100\n|switch|p2a: Throat Goat|Raging Bolt|100/100\n|-damage|p2a: Throat Goat|88/100|[from] Spikes\n|turn|9\n|\n|t:|1771178074\n|move|p1a: Hoopa|Hyperspace Fury|p2a: Throat Goat\n|-damage|p2a: Throat Goat|6/100\n|-unboost|p1a: Hoopa|def|1\n|move|p2a: Throat Goat|Thunderbolt|p1a: Hoopa\n|-damage|p1a: Hoopa|57/100\n|\n|-heal|p2a: Throat Goat|13/100|[from] item: Leftovers\n|upkeep\n|turn|10\n|\n|t:|1771178080\n|-end|p2a: Throat Goat|Protosynthesis|[silent]\n|switch|p2a: BBC|Corviknight, M|100/100\n|-ability|p2a: BBC|Pressure\n|move|p1a: Hoopa|Hyperspace Fury|p2a: BBC\n|-damage|p2a: BBC|27/100\n|-unboost|p1a: Hoopa|def|1\n|\n|upkeep\n|turn|11\n|\n|t:|1771178082\n|move|p1a: Hoopa|Hyperspace Fury|p2a: BBC\n|-damage|p2a: BBC|0 fnt\n|-unboost|p1a: Hoopa|def|1\n|faint|p2a: BBC\n|\n|upkeep\n|\n|t:|1771178087\n|switch|p2a: Stupid dog|Zamazenta|100/100\n|-damage|p2a: Stupid dog|88/100|[from] Spikes\n|-ability|p2a: Stupid dog|Dauntless Shield|boost\n|-boost|p2a: Stupid dog|def|1\n|turn|12\n|\n|t:|1771178090\n|switch|p1a: Zapdos|Zapdos|100/100\n|move|p2a: Stupid dog|Close Combat|p1a: Zapdos\n|-resisted|p1a: Zapdos\n|-damage|p1a: Zapdos|67/100\n|-unboost|p2a: Stupid dog|def|1\n|-unboost|p2a: Stupid dog|spd|1\n|\n|upkeep\n|turn|13\n|\n|t:|1771178094\n|switch|p2a: Throat Goat|Raging Bolt|13/100\n|-damage|p2a: Throat Goat|0 fnt|[from] Spikes\n|faint|p2a: Throat Goat\n|-end|p2a: Throat Goat|Protosynthesis|[silent]\n|move|p1a: Zapdos|Roost|p1a: Zapdos\n|-heal|p1a: Zapdos|100/100\n|-singleturn|p1a: Zapdos|move: Roost\n|\n|upkeep\n|\n|t:|1771178097\n|switch|p2a: Stupid dog|Zamazenta|88/100\n|-damage|p2a: Stupid dog|76/100|[from] Spikes\n|turn|14\n|\n|t:|1771178099\n|switch|p1a: Alomomola|Alomomola, F|100/100\n|move|p2a: Stupid dog|Stone Edge|p1a: Alomomola\n|-damage|p1a: Alomomola|71/100\n|\n|upkeep\n|turn|15\n|\n|t:|1771178102\n|switch|p2a: The problem|Kingambit, F|100/100\n|-damage|p2a: The problem|88/100|[from] Spikes\n|-activate|p2a: The problem|ability: Supreme Overlord\n|-start|p2a: The problem|fallen4|[silent]\n|move|p1a: Alomomola|Flip Turn|p2a: The problem\n|-damage|p2a: The problem|75/100\n|\n|t:|1771178105\n|switch|p1a: Hoopa|Hoopa-Unbound|57/100|[from] Flip Turn\n|\n|upkeep\n|turn|16\n|\n|t:|1771178106\n|move|p2a: The problem|Sucker Punch||[still]\n|-fail|p2a: The problem\n|move|p1a: Hoopa|Trick|p2a: The problem\n|-activate|p1a: Hoopa|move: Trick|[of] p2a: The problem\n|-item|p2a: The problem|Choice Band|[from] move: Trick\n|-item|p1a: Hoopa|Focus Sash|[from] move: Trick\n|\n|upkeep\n|turn|17\n|\n|t:|1771178112\n|move|p1a: Hoopa|Drain Punch|p2a: The problem\n|-supereffective|p2a: The problem\n|-damage|p2a: The problem|0 fnt\n|-heal|p1a: Hoopa|100/100|[from] drain|[of] p2a: The problem\n|faint|p2a: The problem\n|-end|p2a: The problem|fallen4|[silent]\n|\n|upkeep\n|\n|t:|1771178115\n|switch|p2a: Stupid dog|Zamazenta|76/100\n|-damage|p2a: Stupid dog|64/100|[from] Spikes\n|turn|18\n|\n|t:|1771178122\n|move|p2a: Stupid dog|Close Combat|p1a: Hoopa\n|-enditem|p1a: Hoopa|Focus Sash\n|-damage|p1a: Hoopa|1/100\n|-unboost|p2a: Stupid dog|def|1\n|-unboost|p2a: Stupid dog|spd|1\n|move|p1a: Hoopa|Zen Headbutt|p2a: Stupid dog\n|-supereffective|p2a: Stupid dog\n|-damage|p2a: Stupid dog|0 fnt\n|faint|p2a: Stupid dog\n|-item|p1a: Hoopa|Choice Band|[from] ability: Magician|[of] p2: Stupid dog\n|\n|win|My Pal Pawmot\n|raw|My Pal Pawmot's rating: 1588 &rarr; <strong>1614</strong><br />(+26 for winning)\n|raw|Thugshaker Broly's rating: 1703 &rarr; <strong>1677</strong><br />(-26 for losing)\n|l|☆Thugshaker Broly\n|player|p2|\n|l|☆My Pal Pawmot\n|player|p1|\n", "uploadtime": 1771178360, "views": 7, "formatid": "gen9nationaldex", "rating": 1614, "private": 0, "password": null}