{"id": "gen9nationaldex-2540399095", "format": "[Gen 9] National Dex", "players": ["he898", "dicolibri"], "log": "|j|☆he898\n|j|☆dicolibri\n|t:|1771197262\n|gametype|singles\n|player|p1|he898|ghetsis-gen5bw|1553\n|player|p2|dicolibri|hiker|1837\n|gen|9\n|tier|[Gen 9] National Dex\n|rated|\n|rule|HP Percentage Mod: HP is shown in percentages\n|rule|Endless Battle Clause: Forcing endless battles is banned\n|rule|Species Clause: Limit one of each Pokémon\n|rule|OHKO Clause: OHKO moves are banned\n|rule|Evasion Clause: Evasion abilities, items, and moves are banned\n|rule|Evasion Abilities Clause: Evasion abilities are banned\n|rule|Evasion Items Clause: Evasion items are banned\n|rule|Evasion Moves Clause: Evasion moves are banned\n|rule|Sleep Clause Mod: Limit one foe put to sleep\n|rule|Terastal Clause: You cannot Terastallize\n|clearpoke\n|poke|p1|Gyarados, M|\n|poke|p1|Dragonite, M|\n|poke|p1|Iron Treads|\n|poke|p1|Okidogi, M|\n|poke|p1|Ceruledge, M|\n|poke|p1|Serperior, M|\n|poke|p2|Torkoal, M|\n|poke|p2|Slowbro, F|\n|poke|p2|Exeggutor-Alola, F|\n|poke|p2|Victini|\n|poke|p2|Ursaluna, M|\n|poke|p2|Hoopa-Unbound|\n|teampreview\n|\n|t:|1771197271\n|teamsize|p1|6\n|teamsize|p2|6\n|start\n|switch|p1a: Iron Treads|Iron Treads|100/100\n|switch|p2a: Torkoal|Torkoal, M|100/100\n|-weather|SunnyDay|[from] ability: Drought|[of] p2a: Torkoal\n|turn|1\n|inactive|Battle timer is ON: inactive players will automatically lose when time's up. (requested by dicolibri)\n|\n|t:|1771197275\n|move|p1a: Iron Treads|Earthquake|p2a: Torkoal\n|-supereffective|p2a: Torkoal\n|-damage|p2a: Torkoal|48/100\n|move|p2a: Torkoal|Will-O-Wisp|p1a: Iron Treads\n|-status|p1a: Iron Treads|brn\n|\n|-weather|SunnyDay|[upkeep]\n|-damage|p1a: Iron Treads|94/100 brn|[from] brn\n|upkeep\n|turn|2\n|\n|t:|1771197286\n|move|p1a: Iron Treads|Stealth Rock|p2a: Torkoal\n|-sidestart|p2: dicolibri|move: Stealth Rock\n|move|p2a: Torkoal|Stealth Rock|p1a: Iron Treads\n|-sidestart|p1: he898|move: Stealth Rock\n|\n|-weather|SunnyDay|[upkeep]\n|-damage|p1a: Iron Treads|88/100 brn|[from] brn\n|upkeep\n|turn|3\n|\n|t:|1771197304\n|switch|p2a: Exeggutor|Exeggutor-Alola, F|100/100\n|-damage|p2a: Exeggutor|88/100|[from] Stealth Rock\n|-item|p1a: Iron Treads|Focus Sash|[from] ability: Frisk|[of] p2a: Exeggutor\n|move|p1a: Iron Treads|Rapid Spin|p2a: Exeggutor\n|-damage|p2a: Exeggutor|80/100\n|-boost|p1a: Iron Treads|spe|1\n|-sideend|p1: he898|Stealth Rock|[from] move: Rapid Spin|[of] p1a: Iron Treads\n|\n|-weather|SunnyDay|[upkeep]\n|-damage|p1a: Iron Treads|82/100 brn|[from] brn\n|upkeep\n|turn|4\n|\n|t:|1771197312\n|move|p1a: Iron Treads|Iron Head|p2a: Exeggutor\n|-damage|p2a: Exeggutor|62/100\n|cant|p2a: Exeggutor|flinch\n|\n|-weather|SunnyDay|[upkeep]\n|-damage|p1a: Iron Treads|76/100 brn|[from] brn\n|upkeep\n|turn|5\n|\n|t:|1771197316\n|move|p1a: Iron Treads|Iron Head|p2a: Exeggutor\n|-damage|p2a: Exeggutor|43/100\n|move|p2a: Exeggutor|Trick Room|p2a: Exeggutor\n|-fieldstart|move: Trick Room|[of] p2a: Exeggutor\n|\n|-weather|SunnyDay|[upkeep]\n|-damage|p1a: Iron Treads|69/100 brn|[from] brn\n|upkeep\n|turn|6\n|\n|t:|1771197330\n|move|p2a: Exeggutor|Flamethrower|p1a: Iron Treads\n|-supereffective|p1a: Iron Treads\n|-crit|p1a: Iron Treads\n|-damage|p1a: Iron Treads|0 fnt\n|faint|p1a: Iron Treads\n|-end|p1a: Iron Treads|Quark Drive|[silent]\n|\n|-weather|SunnyDay|[upkeep]\n|upkeep\n|\n|t:|1771197334\n|switch|p1a: Ceruledge|Ceruledge, M|100/100\n|turn|7\n|\n|t:|1771197341\n|move|p2a: Exeggutor|Draco Meteor|p1a: Ceruledge\n|-crit|p1a: Ceruledge\n|-enditem|p1a: Ceruledge|Focus Sash\n|-damage|p1a: Ceruledge|1/100\n|-unboost|p2a: Exeggutor|spa|2\n|move|p1a: Ceruledge|Bitter Blade|p2a: Exeggutor\n|-damage|p2a: Exeggutor|0 fnt\n|-heal|p1a: Ceruledge|29/100|[from] drain|[of] p2a: Exeggutor\n|faint|p2a: Exeggutor\n|\n|-weather|SunnyDay|[upkeep]\n|upkeep\n|\n|t:|1771197359\n|switch|p2a: Slowbro|Slowbro, F|100/100\n|-damage|p2a: Slowbro|88/100|[from] Stealth Rock\n|turn|8\n|\n|t:|1771197378\n|move|p1a: Ceruledge|Shadow Sneak|p2a: Slowbro\n|-supereffective|p2a: Slowbro\n|-damage|p2a: Slowbro|57/100\n|move|p2a: Slowbro|Psychic|p1a: Ceruledge\n|-damage|p1a: Ceruledge|0 fnt\n|faint|p1a: Ceruledge\n|\n|-weather|none\n|upkeep\n|\n|t:|1771197391\n|switch|p1a: Serperior|Serperior, M|100/100\n|turn|9\n|\n|t:|1771197401\n|detailschange|p2a: Slowbro|Slowbro-Mega, F\n|-mega|p2a: Slowbro|Slowbro|Slowbronite\n|move|p2a: Slowbro|Flamethrower|p1a: Serperior\n|-supereffective|p1a: Serperior\n|-damage|p1a: Serperior|18/100\n|move|p1a: Serperior|Substitute|p1a: Serperior\n|-fail|p1a: Serperior|move: Substitute|[weak]\n|\n|-heal|p1a: Serperior|24/100|[from] item: Leftovers\n|-fieldend|move: Trick Room\n|upkeep\n|turn|10\n|\n|t:|1771197414\n|switch|p2a: Victini|Victini|100/100\n|-damage|p2a: Victini|76/100|[from] Stealth Rock\n|move|p1a: Serperior|Leaf Storm|p2a: Victini\n|-resisted|p2a: Victini\n|-damage|p2a: Victini|57/100\n|-boost|p1a: Serperior|spa|2\n|\n|-heal|p1a: Serperior|30/100|[from] item: Leftovers\n|upkeep\n|turn|11\n|\n|t:|1771197422\n|move|p1a: Serperior|Glare|p2a: Victini\n|-status|p2a: Victini|par\n|cant|p2a: Victini|par\n|\n|-heal|p1a: Serperior|36/100|[from] item: Leftovers\n|upkeep\n|turn|12\n|\n|t:|1771197426\n|move|p1a: Serperior|Leaf Storm|p2a: Victini\n|-resisted|p2a: Victini\n|-damage|p2a: Victini|23/100 par\n|-boost|p1a: Serperior|spa|2\n|move|p2a: Victini|Trick Room|p2a: Victini\n|-fieldstart|move: Trick Room|[of] p2a: Victini\n|\n|-heal|p1a: Serperior|42/100|[from] item: Leftovers\n|upkeep\n|turn|13\n|\n|t:|1771197430\n|move|p2a: Victini|V-create|p1a: Serperior\n|-supereffective|p1a: Serperior\n|-crit|p1a: Serperior\n|-damage|p1a: Serperior|0 fnt\n|-unboost|p2a: Victini|spe|1\n|-unboost|p2a: Victini|def|1\n|-unboost|p2a: Victini|spd|1\n|faint|p1a: Serperior\n|\n|upkeep\n|\n|t:|1771197434\n|switch|p1a: Gyarados|Gyarados, M|100/100\n|-ability|p1a: Gyarados|Intimidate|boost\n|-unboost|p2a: Victini|atk|1\n|turn|14\n|\n|t:|1771197438\n|switch|p1a: Okidogi|Okidogi, M|100/100\n|move|p2a: Victini|Bolt Strike|p1a: Okidogi\n|-damage|p1a: Okidogi|81/100\n|\n|-heal|p1a: Okidogi|87/100|[from] item: Black Sludge\n|upkeep\n|turn|15\n|\n|t:|1771197451\n|switch|p2a: Torkoal|Torkoal, M|48/100\n|-damage|p2a: Torkoal|23/100|[from] Stealth Rock\n|-weather|SunnyDay|[from] ability: Drought|[of] p2a: Torkoal\n|move|p1a: Okidogi|Drain Punch|p2a: Torkoal\n|-damage|p2a: Torkoal|1/100\n|-heal|p1a: Okidogi|97/100|[from] drain|[of] p2a: Torkoal\n|\n|-weather|SunnyDay|[upkeep]\n|-heal|p1a: Okidogi|100/100|[from] item: Black Sludge\n|upkeep\n|turn|16\n|\n|t:|1771197473\n|move|p2a: Torkoal|Stealth Rock|p1a: Okidogi\n|-sidestart|p1: he898|move: Stealth Rock\n|move|p1a: Okidogi|Drain Punch|p2a: Torkoal\n|-damage|p2a: Torkoal|0 fnt\n|faint|p2a: Torkoal\n|\n|-weather|SunnyDay|[upkeep]\n|-fieldend|move: Trick Room\n|upkeep\n|\n|t:|1771197480\n|switch|p2a: Slowbro|Slowbro-Mega, F|57/100\n|-damage|p2a: Slowbro|45/100|[from] Stealth Rock\n|turn|17\n|\n|t:|1771197482\n|move|p1a: Okidogi|Gunk Shot|p2a: Slowbro|[miss]\n|-miss|p1a: Okidogi|p2a: Slowbro\n|move|p2a: Slowbro|Trick Room|p2a: Slowbro\n|-fieldstart|move: Trick Room|[of] p2a: Slowbro\n|\n|-weather|SunnyDay|[upkeep]\n|upkeep\n|turn|18\n|\n|t:|1771197505\n|move|p2a: Slowbro|Psychic|p1a: Okidogi\n|-supereffective|p1a: Okidogi\n|-crit|p1a: Okidogi\n|-damage|p1a: Okidogi|0 fnt\n|faint|p1a: Okidogi\n|\n|-weather|SunnyDay|[upkeep]\n|upkeep\n|\n|t:|1771197514\n|switch|p1a: Dragonite|Dragonite, M|100/100\n|-damage|p1a: Dragonite|76/100|[from] Stealth Rock\n|turn|19\n|\n|t:|1771197519\n|switch|p2a: Victini|Victini|23/100 par\n|-damage|p2a: Victini|0 fnt|[from] Stealth Rock\n|faint|p2a: Victini\n|-zpower|p1a: Dragonite\n|move|p1a: Dragonite|Supersonic Skystrike|p2: Victini|[zeffect]|[notarget]\n|-fail|p1a: Dragonite\n|\n|-weather|SunnyDay|[upkeep]\n|upkeep\n|\n|t:|1771197527\n|switch|p2a: Hoopa|Hoopa-Unbound|100/100\n|-damage|p2a: Hoopa|88/100|[from] Stealth Rock\n|turn|20\n|\n|t:|1771197531\n|move|p2a: Hoopa|Hyperspace Fury|p1a: Dragonite\n|-damage|p1a: Dragonite|0 fnt\n|-unboost|p2a: Hoopa|def|1\n|faint|p1a: Dragonite\n|-damage|p2a: Hoopa|78/100|[from] item: Life Orb\n|\n|-weather|SunnyDay|[upkeep]\n|upkeep\n|\n|t:|1771197534\n|switch|p1a: Gyarados|Gyarados, M|100/100\n|-damage|p1a: Gyarados|76/100|[from] Stealth Rock\n|-ability|p1a: Gyarados|Intimidate|boost\n|-unboost|p2a: Hoopa|atk|1\n|turn|21\n|\n|t:|1771197548\n|detailschange|p1a: Gyarados|Gyarados-Mega, M\n|-mega|p1a: Gyarados|Gyarados|Gyaradosite\n|-ability|p1a: Gyarados|Mold Breaker\n|move|p2a: Hoopa|Hyperspace Fury|p1a: Gyarados\n|-resisted|p1a: Gyarados\n|-damage|p1a: Gyarados|47/100\n|-unboost|p2a: Hoopa|def|1\n|-damage|p2a: Hoopa|68/100|[from] item: Life Orb\n|move|p1a: Gyarados|Dragon Dance|p1a: Gyarados\n|-boost|p1a: Gyarados|atk|1\n|-boost|p1a: Gyarados|spe|1\n|\n|-weather|SunnyDay|[upkeep]\n|-fieldend|move: Trick Room\n|upkeep\n|turn|22\n|\n|t:|1771197556\n|move|p1a: Gyarados|Crunch|p2a: Hoopa\n|-damage|p2a: Hoopa|0 fnt\n|faint|p2a: Hoopa\n|\n|-weather|none\n|upkeep\n|\n|t:|1771197562\n|switch|p2a: Slowbro|Slowbro-Mega, F|45/100\n|-damage|p2a: Slowbro|33/100|[from] Stealth Rock\n|turn|23\n|\n|t:|1771197564\n|move|p1a: Gyarados|Crunch|p2a: Slowbro\n|-supereffective|p2a: Slowbro\n|-damage|p2a: Slowbro|0 fnt\n|faint|p2a: Slowbro\n|detailschange|p2: Slowbro|Slowbro, F|[silent]\n|\n|upkeep\n|\n|t:|1771197567\n|switch|p2a: Ursaluna|Ursaluna, M|100/100\n|-damage|p2a: Ursaluna|94/100|[from] Stealth Rock\n|turn|24\n|\n|t:|1771197570\n|move|p1a: Gyarados|Waterfall|p2a: Ursaluna\n|-supereffective|p2a: Ursaluna\n|-damage|p2a: Ursaluna|0 fnt\n|faint|p2a: Ursaluna\n|\n|win|he898\n|raw|he898's rating: 1553 &rarr; <strong>1586</strong><br />(+33 for winning)\n|raw|dicolibri's rating: 1837 &rarr; <strong>1804</strong><br />(-33 for losing)\n|c|☆he898|gg\n|c|☆dicolibri|gg\n|l|☆he898\n|player|p1|\n|l|☆dicolibri\n|player|p2|\n", "uploadtime": 1771197777, "views": 7, "formatid": "gen9nationaldex", "rating": 1586, "private": 0, "password": null}