{"id": "gen9nationaldex-2540916998", "format": "[Gen 9] National Dex", "players": ["DJ Farofa", "Pursuit Of Perfect"], "log": "|j|☆DJ Farofa\n|j|☆Pursuit Of Perfect\n|t:|1771266922\n|gametype|singles\n|player|p1|DJ Farofa|169|1602\n|player|p2|Pursuit Of Perfect|lucy|1692\n|gen|9\n|tier|[Gen 9] National Dex\n|rated|\n|rule|HP Percentage Mod: HP is shown in percentages\n|rule|Endless Battle Clause: Forcing endless battles is banned\n|rule|Species Clause: Limit one of each Pokémon\n|rule|OHKO Clause: OHKO moves are banned\n|rule|Evasion Clause: Evasion abilities, items, and moves are banned\n|rule|Evasion Abilities Clause: Evasion abilities are banned\n|rule|Evasion Items Clause: Evasion items are banned\n|rule|Evasion Moves Clause: Evasion moves are banned\n|rule|Sleep Clause Mod: Limit one foe put to sleep\n|rule|Terastal Clause: You cannot Terastallize\n|clearpoke\n|poke|p1|Arcanine-Hisui, F|\n|poke|p1|Landorus-Therian, M|\n|poke|p1|Corviknight, F|\n|poke|p1|Ogerpon-Wellspring, F|\n|poke|p1|Tyranitar, M|\n|poke|p1|Pecharunt|\n|poke|p2|Ferrothorn, M|\n|poke|p2|Hippowdon, M|\n|poke|p2|Sharpedo, F|\n|poke|p2|Salamence, F|\n|poke|p2|Bronzong|\n|poke|p2|Iron Valiant|\n|teampreview\n|\n|t:|1771266944\n|teamsize|p1|6\n|teamsize|p2|6\n|start\n|switch|p1a: Landorus|Landorus-Therian, M|100/100\n|switch|p2a: Bronzong|Bronzong|100/100\n|-ability|p1a: Landorus|Intimidate|boost\n|-unboost|p2a: Bronzong|atk|1\n|turn|1\n|\n|t:|1771266951\n|move|p1a: Landorus|U-turn|p2a: Bronzong\n|-damage|p2a: Bronzong|78/100\n|\n|t:|1771266955\n|switch|p1a: Pecharunt|Pecharunt|100/100|[from] U-turn\n|move|p2a: Bronzong|Toxic|p1a: Pecharunt\n|-immune|p1a: Pecharunt\n|\n|-heal|p2a: Bronzong|84/100|[from] item: Leftovers\n|upkeep\n|turn|2\n|\n|t:|1771266963\n|move|p2a: Bronzong|Protect|p2a: Bronzong\n|-singleturn|p2a: Bronzong|Protect\n|move|p1a: Pecharunt|Nasty Plot|p1a: Pecharunt\n|-boost|p1a: Pecharunt|spa|2\n|\n|-heal|p2a: Bronzong|90/100|[from] item: Leftovers\n|upkeep\n|turn|3\n|\n|t:|1771266966\n|move|p1a: Pecharunt|Shadow Ball|p2a: Bronzong\n|-supereffective|p2a: Bronzong\n|-damage|p2a: Bronzong|0 fnt\n|faint|p2a: Bronzong\n|\n|upkeep\n|\n|t:|1771266971\n|switch|p2a: Salamence|Salamence, F|100/100\n|-ability|p2a: Salamence|Intimidate|boost\n|-unboost|p1a: Pecharunt|atk|1\n|turn|4\n|\n|t:|1771266976\n|move|p2a: Salamence|Hurricane|p1a: Pecharunt\n|-damage|p1a: Pecharunt|58/100\n|-zpower|p1a: Pecharunt\n|move|p1a: Pecharunt|Never-Ending Nightmare|p2a: Salamence|[zeffect]\n|-damage|p2a: Salamence|0 fnt\n|faint|p2a: Salamence\n|\n|upkeep\n|\n|t:|1771266980\n|switch|p2a: Sharpedo|Sharpedo, F|100/100\n|turn|5\n|\n|t:|1771266986\n|switch|p1a: Corviknight|Corviknight, F|100/100\n|-ability|p1a: Corviknight|Pressure\n|detailschange|p2a: Sharpedo|Sharpedo-Mega, F\n|-mega|p2a: Sharpedo|Sharpedo|Sharpedonite\n|move|p2a: Sharpedo|Crunch|p1a: Corviknight\n|-damage|p1a: Corviknight|61/100\n|-damage|p2a: Sharpedo|84/100|[from] item: Rocky Helmet|[of] p1a: Corviknight\n|\n|upkeep\n|turn|6\n|\n|t:|1771266990\n|switch|p2a: Iron Valiant|Iron Valiant|100/100\n|move|p1a: Corviknight|U-turn|p2a: Iron Valiant\n|-resisted|p2a: Iron Valiant\n|-damage|p2a: Iron Valiant|96/100\n|\n|t:|1771266996\n|switch|p1a: Landorus|Landorus-Therian, M|100/100|[from] U-turn\n|-ability|p1a: Landorus|Intimidate|boost\n|-unboost|p2a: Iron Valiant|atk|1\n|\n|upkeep\n|turn|7\n|\n|t:|1771266998\n|move|p1a: Landorus|Earthquake|p2a: Iron Valiant\n|-damage|p2a: Iron Valiant|19/100\n|move|p2a: Iron Valiant|Moonblast|p1a: Landorus\n|-damage|p1a: Landorus|15/100\n|-unboost|p1a: Landorus|spa|1\n|\n|upkeep\n|turn|8\n|\n|t:|1771267002\n|-end|p2a: Iron Valiant|Quark Drive|[silent]\n|switch|p2a: Hippowdon|Hippowdon, M|100/100\n|-weather|Sandstorm|[from] ability: Sand Stream|[of] p2a: Hippowdon\n|move|p1a: Landorus|Earthquake|p2a: Hippowdon\n|-damage|p2a: Hippowdon|62/100\n|\n|-weather|Sandstorm|[upkeep]\n|-heal|p2a: Hippowdon|68/100|[from] item: Leftovers\n|upkeep\n|turn|9\n|j| Reyanek\n|\n|t:|1771267007\n|switch|p1a: Corviknight|Corviknight, F|61/100\n|-ability|p1a: Corviknight|Pressure\n|move|p2a: Hippowdon|Stealth Rock|p1a: Corviknight\n|-sidestart|p1: DJ Farofa|move: Stealth Rock\n|\n|-weather|Sandstorm|[upkeep]\n|-heal|p2a: Hippowdon|74/100|[from] item: Leftovers\n|upkeep\n|turn|10\n|\n|t:|1771267009\n|move|p1a: Corviknight|Defog|p2a: Hippowdon\n|-unboost|p2a: Hippowdon|evasion|1\n|-sideend|p1: DJ Farofa|Stealth Rock|[from] move: Defog|[of] p1a: Corviknight\n|move|p2a: Hippowdon|Earthquake|p1a: Corviknight\n|-immune|p1a: Corviknight\n|\n|-weather|Sandstorm|[upkeep]\n|-heal|p2a: Hippowdon|80/100|[from] item: Leftovers\n|upkeep\n|turn|11\n|\n|t:|1771267014\n|move|p1a: Corviknight|U-turn|p2a: Hippowdon\n|-damage|p2a: Hippowdon|71/100\n|\n|t:|1771267017\n|switch|p1a: Ogerpon|Ogerpon-Wellspring, F|100/100|[from] U-turn\n|move|p2a: Hippowdon|Earthquake|p1a: Ogerpon\n|-resisted|p1a: Ogerpon\n|-damage|p1a: Ogerpon|76/100\n|\n|-weather|Sandstorm|[upkeep]\n|-damage|p1a: Ogerpon|70/100|[from] Sandstorm\n|-heal|p2a: Hippowdon|77/100|[from] item: Leftovers\n|upkeep\n|turn|12\n|\n|t:|1771267021\n|switch|p2a: Ferrothorn|Ferrothorn, M|100/100\n|move|p1a: Ogerpon|Ivy Cudgel|p2a: Ferrothorn|[anim] Ivy Cudgel Water\n|-resisted|p2a: Ferrothorn\n|-crit|p2a: Ferrothorn\n|-damage|p2a: Ferrothorn|68/100\n|\n|-weather|none\n|-heal|p2a: Ferrothorn|74/100|[from] item: Leftovers\n|upkeep\n|turn|13\n|\n|t:|1771267024\n|switch|p1a: Pecharunt|Pecharunt|58/100\n|move|p2a: Ferrothorn|Spikes|p1a: Pecharunt\n|-sidestart|p1: DJ Farofa|Spikes\n|\n|-heal|p2a: Ferrothorn|80/100|[from] item: Leftovers\n|upkeep\n|turn|14\n|\n|t:|1771267030\n|move|p1a: Pecharunt|Recover|p1a: Pecharunt\n|-heal|p1a: Pecharunt|100/100\n|move|p2a: Ferrothorn|Leech Seed|p1a: Pecharunt\n|-start|p1a: Pecharunt|move: Leech Seed\n|\n|-heal|p2a: Ferrothorn|86/100|[from] item: Leftovers\n|-damage|p1a: Pecharunt|88/100|[from] Leech Seed|[of] p2a: Ferrothorn\n|-heal|p2a: Ferrothorn|98/100|[silent]\n|upkeep\n|turn|15\n|\n|t:|1771267035\n|switch|p2a: Sharpedo|Sharpedo-Mega, F|84/100\n|move|p1a: Pecharunt|Nasty Plot|p1a: Pecharunt\n|-boost|p1a: Pecharunt|spa|2\n|\n|-damage|p1a: Pecharunt|76/100|[from] Leech Seed|[of] p2a: Sharpedo\n|-heal|p2a: Sharpedo|99/100|[silent]\n|upkeep\n|turn|16\n|\n|t:|1771267039\n|move|p2a: Sharpedo|Protect|p2a: Sharpedo\n|-singleturn|p2a: Sharpedo|Protect\n|move|p1a: Pecharunt|Malignant Chain|p2a: Sharpedo\n|-activate|p2a: Sharpedo|move: Protect\n|\n|-damage|p1a: Pecharunt|63/100|[from] Leech Seed|[of] p2a: Sharpedo\n|-heal|p2a: Sharpedo|100/100|[silent]\n|upkeep\n|turn|17\n|\n|t:|1771267042\n|move|p2a: Sharpedo|Crunch|p1a: Pecharunt\n|-supereffective|p1a: Pecharunt\n|-damage|p1a: Pecharunt|0 fnt\n|faint|p1a: Pecharunt\n|\n|upkeep\n|\n|t:|1771267046\n|switch|p1a: Landorus|Landorus-Therian, M|15/100\n|-ability|p1a: Landorus|Intimidate|boost\n|-unboost|p2a: Sharpedo|atk|1\n|turn|18\n|\n|t:|1771267049\n|move|p2a: Sharpedo|Protect|p2a: Sharpedo\n|-singleturn|p2a: Sharpedo|Protect\n|move|p1a: Landorus|U-turn|p2a: Sharpedo\n|-activate|p2a: Sharpedo|move: Protect\n|\n|upkeep\n|turn|19\n|\n|t:|1771267054\n|switch|p2a: Ferrothorn|Ferrothorn, M|98/100\n|move|p1a: Landorus|U-turn|p2a: Ferrothorn\n|-damage|p2a: Ferrothorn|79/100\n|-damage|p1a: Landorus|3/100|[from] ability: Iron Barbs|[of] p2a: Ferrothorn\n|\n|t:|1771267056\n|switch|p1a: Arcanine|Arcanine-Hisui, F|100/100|[from] U-turn\n|-damage|p1a: Arcanine|88/100|[from] Spikes\n|\n|-heal|p2a: Ferrothorn|85/100|[from] item: Leftovers\n|upkeep\n|turn|20\n|\n|t:|1771267075\n|move|p1a: Arcanine|Flare Blitz|p2a: Ferrothorn\n|-supereffective|p2a: Ferrothorn\n|-damage|p2a: Ferrothorn|0 fnt\n|-damage|p1a: Arcanine|76/100|[from] ability: Iron Barbs|[of] p2a: Ferrothorn\n|faint|p2a: Ferrothorn\n|-damage|p1a: Arcanine|66/100|[from] item: Life Orb\n|\n|upkeep\n|\n|t:|1771267080\n|switch|p2a: Hippowdon|Hippowdon, M|77/100\n|-weather|Sandstorm|[from] ability: Sand Stream|[of] p2a: Hippowdon\n|turn|21\n|\n|t:|1771267086\n|switch|p1a: Corviknight|Corviknight, F|61/100\n|-ability|p1a: Corviknight|Pressure\n|move|p2a: Hippowdon|Stealth Rock|p1a: Corviknight\n|-sidestart|p1: DJ Farofa|move: Stealth Rock\n|\n|-weather|Sandstorm|[upkeep]\n|-heal|p2a: Hippowdon|83/100|[from] item: Leftovers\n|upkeep\n|turn|22\n|\n|t:|1771267090\n|switch|p2a: Iron Valiant|Iron Valiant|19/100\n|move|p1a: Corviknight|Defog|p2a: Iron Valiant\n|-unboost|p2a: Iron Valiant|evasion|1\n|-sideend|p1: DJ Farofa|Spikes|[from] move: Defog|[of] p1a: Corviknight\n|-sideend|p1: DJ Farofa|Stealth Rock|[from] move: Defog|[of] p1a: Corviknight\n|\n|-weather|Sandstorm|[upkeep]\n|-damage|p2a: Iron Valiant|13/100|[from] Sandstorm\n|upkeep\n|turn|23\n|\n|t:|1771267092\n|move|p2a: Iron Valiant|Thunderbolt|p1a: Corviknight\n|-supereffective|p1a: Corviknight\n|-damage|p1a: Corviknight|0 fnt\n|faint|p1a: Corviknight\n|\n|-weather|Sandstorm|[upkeep]\n|-damage|p2a: Iron Valiant|6/100|[from] Sandstorm\n|upkeep\n|\n|t:|1771267101\n|switch|p1a: Landorus|Landorus-Therian, M|3/100\n|-ability|p1a: Landorus|Intimidate|boost\n|-unboost|p2a: Iron Valiant|atk|1\n|turn|24\n|\n|t:|1771267106\n|-end|p2a: Iron Valiant|Quark Drive|[silent]\n|switch|p2a: Hippowdon|Hippowdon, M|83/100\n|move|p1a: Landorus|U-turn|p2a: Hippowdon\n|-damage|p2a: Hippowdon|63/100\n|\n|t:|1771267108\n|switch|p1a: Ogerpon|Ogerpon-Wellspring, F|70/100|[from] U-turn\n|\n|-weather|Sandstorm|[upkeep]\n|-damage|p1a: Ogerpon|64/100|[from] Sandstorm\n|-heal|p2a: Hippowdon|70/100|[from] item: Leftovers\n|upkeep\n|turn|25\n|\n|t:|1771267115\n|switch|p2a: Sharpedo|Sharpedo-Mega, F|100/100\n|move|p1a: Ogerpon|Power Whip|p2a: Sharpedo|[miss]\n|-miss|p1a: Ogerpon|p2a: Sharpedo\n|\n|-weather|none\n|upkeep\n|turn|26\n|\n|t:|1771267122\n|switch|p1a: Tyranitar|Tyranitar, M|100/100\n|-weather|Sandstorm|[from] ability: Sand Stream|[of] p1a: Tyranitar\n|move|p2a: Sharpedo|Crunch|p1a: Tyranitar\n|-resisted|p1a: Tyranitar\n|-damage|p1a: Tyranitar|72/100\n|\n|-weather|Sandstorm|[upkeep]\n|-damage|p2a: Sharpedo|94/100|[from] Sandstorm\n|upkeep\n|turn|27\n|\n|t:|1771267126\n|switch|p2a: Hippowdon|Hippowdon, M|70/100\n|detailschange|p1a: Tyranitar|Tyranitar-Mega, M\n|-mega|p1a: Tyranitar|Tyranitar|Tyranitarite\n|move|p1a: Tyranitar|Knock Off|p2a: Hippowdon\n|-damage|p2a: Hippowdon|25/100\n|-enditem|p2a: Hippowdon|Leftovers|[from] move: Knock Off|[of] p1a: Tyranitar\n|\n|-weather|Sandstorm|[upkeep]\n|upkeep\n|turn|28\n|\n|t:|1771267133\n|move|p1a: Tyranitar|Knock Off|p2a: Hippowdon\n|-damage|p2a: Hippowdon|0 fnt\n|faint|p2a: Hippowdon\n|\n|-weather|Sandstorm|[upkeep]\n|upkeep\n|-message|Pursuit Of Perfect forfeited.\n|\n|win|DJ Farofa\n|raw|DJ Farofa's rating: 1602 &rarr; <strong>1627</strong><br />(+25 for winning)\n|raw|Pursuit Of Perfect's rating: 1692 &rarr; <strong>1667</strong><br />(-25 for losing)\n|l|☆Pursuit Of Perfect\n|player|p2|\n|l|☆DJ Farofa\n|player|p1|\n", "uploadtime": 1771267269, "views": 2, "formatid": "gen9nationaldex", "rating": 1627, "private": 0, "password": null}