{"id": "gen9nationaldex-2540591039", "format": "[Gen 9] National Dex", "players": ["Az4k4", "snakadactyl"], "log": "|j|☆Az4k4\n|j|☆snakadactyl\n|t:|1771223183\n|gametype|singles\n|player|p1|Az4k4|n|1552\n|player|p2|snakadactyl|101|1553\n|gen|9\n|tier|[Gen 9] National Dex\n|rated|\n|rule|HP Percentage Mod: HP is shown in percentages\n|rule|Endless Battle Clause: Forcing endless battles is banned\n|rule|Species Clause: Limit one of each Pokémon\n|rule|OHKO Clause: OHKO moves are banned\n|rule|Evasion Clause: Evasion abilities, items, and moves are banned\n|rule|Evasion Abilities Clause: Evasion abilities are banned\n|rule|Evasion Items Clause: Evasion items are banned\n|rule|Evasion Moves Clause: Evasion moves are banned\n|rule|Sleep Clause Mod: Limit one foe put to sleep\n|rule|Terastal Clause: You cannot Terastallize\n|clearpoke\n|poke|p1|Hoopa-Unbound|\n|poke|p1|Alomomola, M|\n|poke|p1|Pecharunt|\n|poke|p1|Charizard, M|\n|poke|p1|Corviknight, M|\n|poke|p1|Great Tusk|\n|poke|p2|Kommo-o, M|\n|poke|p2|Altaria, M|\n|poke|p2|Kyurem|\n|poke|p2|Salamence, F|\n|poke|p2|Goodra-Hisui, M|\n|poke|p2|Haxorus, F|\n|teampreview\n|\n|t:|1771223192\n|teamsize|p1|6\n|teamsize|p2|6\n|start\n|switch|p1a: Hoopa|Hoopa-Unbound|100/100\n|switch|p2a: Kommo-o|Kommo-o, M|100/100\n|turn|1\n|\n|t:|1771223196\n|switch|p2a: Goodra|Goodra-Hisui, M|100/100\n|move|p1a: Hoopa|Psychic Noise|p2a: Goodra\n|-resisted|p2a: Goodra\n|-damage|p2a: Goodra|85/100\n|-start|p2a: Goodra|move: Heal Block\n|\n|upkeep\n|turn|2\n|inactive|Battle timer is ON: inactive players will automatically lose when time's up. (requested by Az4k4)\n|\n|t:|1771223202\n|move|p1a: Hoopa|Knock Off|p2a: Goodra\n|-damage|p2a: Goodra|43/100\n|-enditem|p2a: Goodra|Choice Specs|[from] move: Knock Off|[of] p1a: Hoopa\n|move|p2a: Goodra|Draco Meteor|p1a: Hoopa|[miss]\n|-miss|p2a: Goodra|p1a: Hoopa\n|\n|-end|p2a: Goodra|move: Heal Block\n|upkeep\n|turn|3\n|\n|t:|1771223206\n|move|p1a: Hoopa|Drain Punch|p2a: Goodra\n|-supereffective|p2a: Goodra\n|-damage|p2a: Goodra|0 fnt\n|faint|p2a: Goodra\n|\n|upkeep\n|\n|t:|1771223209\n|switch|p2a: Altaria|Altaria, M|100/100\n|turn|4\n|\n|t:|1771223218\n|switch|p1a: Pecharunt|Pecharunt|100/100\n|move|p2a: Altaria|Dragon Dance|p2a: Altaria\n|-boost|p2a: Altaria|atk|1\n|-boost|p2a: Altaria|spe|1\n|\n|upkeep\n|turn|5\n|\n|t:|1771223226\n|move|p2a: Altaria|Dragon Dance|p2a: Altaria\n|-boost|p2a: Altaria|atk|1\n|-boost|p2a: Altaria|spe|1\n|move|p1a: Pecharunt|Malignant Chain|p2a: Altaria\n|-damage|p2a: Altaria|54/100\n|\n|upkeep\n|turn|6\n|\n|t:|1771223233\n|detailschange|p2a: Altaria|Altaria-Mega, M\n|-mega|p2a: Altaria|Altaria|Altarianite\n|move|p2a: Altaria|Earthquake|p1a: Pecharunt\n|-supereffective|p1a: Pecharunt\n|-damage|p1a: Pecharunt|12/100\n|move|p1a: Pecharunt|Malignant Chain|p2a: Altaria\n|-supereffective|p2a: Altaria\n|-crit|p2a: Altaria\n|-damage|p2a: Altaria|0 fnt\n|faint|p2a: Altaria\n|detailschange|p2: Altaria|Altaria, M|[silent]\n|\n|upkeep\n|\n|t:|1771223235\n|switch|p2a: Kommo-o|Kommo-o, M|100/100\n|turn|7\n|\n|t:|1771223240\n|-zpower|p2a: Kommo-o\n|move|p2a: Kommo-o|Clangorous Soulblaze|p1a: Pecharunt|[zeffect]\n|-damage|p1a: Pecharunt|0 fnt\n|faint|p1a: Pecharunt\n|-boost|p2a: Kommo-o|atk|1\n|-boost|p2a: Kommo-o|def|1\n|-boost|p2a: Kommo-o|spa|1\n|-boost|p2a: Kommo-o|spd|1\n|-boost|p2a: Kommo-o|spe|1\n|\n|upkeep\n|\n|t:|1771223249\n|switch|p1a: Hoopa|Hoopa-Unbound|100/100\n|turn|8\n|\n|t:|1771223251\n|move|p2a: Kommo-o|Close Combat|p1a: Hoopa\n|-damage|p1a: Hoopa|3/100\n|-unboost|p2a: Kommo-o|def|1\n|-unboost|p2a: Kommo-o|spd|1\n|move|p1a: Hoopa|Psychic Noise|p2a: Kommo-o\n|-supereffective|p2a: Kommo-o\n|-damage|p2a: Kommo-o|0 fnt\n|faint|p2a: Kommo-o\n|\n|upkeep\n|\n|t:|1771223258\n|switch|p2a: Salamence|Salamence, F|100/100\n|-ability|p2a: Salamence|Intimidate|boost\n|-unboost|p1a: Hoopa|atk|1\n|turn|9\n|\n|t:|1771223261\n|move|p2a: Salamence|Flamethrower|p1a: Hoopa\n|-damage|p1a: Hoopa|0 fnt\n|faint|p1a: Hoopa\n|\n|upkeep\n|\n|t:|1771223264\n|switch|p1a: Charizard|Charizard, M|100/100\n|turn|10\n|\n|t:|1771223268\n|move|p1a: Charizard|Dragon Dance|p1a: Charizard\n|-boost|p1a: Charizard|atk|1\n|-boost|p1a: Charizard|spe|1\n|move|p2a: Salamence|Hurricane|p1a: Charizard\n|-damage|p1a: Charizard|29/100\n|-start|p1a: Charizard|confusion\n|\n|upkeep\n|turn|11\n|\n|t:|1771223272\n|detailschange|p1a: Charizard|Charizard-Mega-X, M\n|-mega|p1a: Charizard|Charizard|Charizardite X\n|-activate|p1a: Charizard|confusion\n|-damage|p1a: Charizard|6/100|[from] confusion\n|move|p2a: Salamence|Flamethrower|p1a: Charizard\n|-resisted|p1a: Charizard\n|-damage|p1a: Charizard|0 fnt\n|faint|p1a: Charizard\n|detailschange|p1: Charizard|Charizard, M|[silent]\n|\n|upkeep\n|\n|t:|1771223276\n|switch|p1a: Great Tusk|Great Tusk|100/100\n|turn|12\n|\n|t:|1771223282\n|move|p2a: Salamence|Hurricane|p1a: Great Tusk|[miss]\n|-miss|p2a: Salamence|p1a: Great Tusk\n|move|p1a: Great Tusk|Ice Spinner|p2a: Salamence\n|-supereffective|p2a: Salamence\n|-damage|p2a: Salamence|0 fnt\n|faint|p2a: Salamence\n|\n|upkeep\n|\n|t:|1771223284\n|switch|p2a: Kyurem|Kyurem|100/100\n|-ability|p2a: Kyurem|Pressure\n|turn|13\n|\n|t:|1771223287\n|-end|p1a: Great Tusk|Protosynthesis|[silent]\n|switch|p1a: Corviknight|Corviknight, M|100/100\n|-ability|p1a: Corviknight|Pressure\n|move|p2a: Kyurem|Freeze-Dry|p1a: Corviknight\n|-damage|p1a: Corviknight|55/100\n|\n|upkeep\n|turn|14\n|\n|t:|1771223289\n|move|p2a: Kyurem|Freeze-Dry|p1a: Corviknight\n|-damage|p1a: Corviknight|9/100\n|move|p1a: Corviknight|Roost|p1a: Corviknight\n|-heal|p1a: Corviknight|59/100\n|-singleturn|p1a: Corviknight|move: Roost\n|\n|upkeep\n|turn|15\n|\n|t:|1771223292\n|move|p2a: Kyurem|Freeze-Dry|p1a: Corviknight\n|-damage|p1a: Corviknight|14/100\n|move|p1a: Corviknight|Roost|p1a: Corviknight\n|-heal|p1a: Corviknight|64/100\n|-singleturn|p1a: Corviknight|move: Roost\n|\n|upkeep\n|turn|16\n|\n|t:|1771223296\n|move|p2a: Kyurem|Freeze-Dry|p1a: Corviknight\n|-damage|p1a: Corviknight|12/100\n|move|p1a: Corviknight|Brave Bird|p2a: Kyurem\n|-damage|p2a: Kyurem|66/100\n|-damage|p1a: Corviknight|1/100|[from] Recoil\n|\n|upkeep\n|turn|17\n|-message|Az4k4 forfeited.\n|\n|win|snakadactyl\n|raw|Az4k4's rating: 1552 &rarr; <strong>1532</strong><br />(-20 for losing)\n|raw|snakadactyl's rating: 1553 &rarr; <strong>1573</strong><br />(+20 for winning)\n|l|☆Az4k4\n|player|p1|\n|l|☆snakadactyl\n|player|p2|\n", "uploadtime": 1771223513, "views": 9, "formatid": "gen9nationaldex", "rating": 1532, "private": 0, "password": null}