{"id": "gen9nationaldex-2540370212", "format": "[Gen 9] National Dex", "players": ["des459yt", "ronciowman"], "log": "|j|☆des459yt\n|j|☆ronciowman\n|t:|1771193915\n|gametype|singles\n|player|p1|des459yt|1|1555\n|player|p2|ronciowman|winona|1648\n|gen|9\n|tier|[Gen 9] National Dex\n|rated|\n|rule|HP Percentage Mod: HP is shown in percentages\n|rule|Endless Battle Clause: Forcing endless battles is banned\n|rule|Species Clause: Limit one of each Pokémon\n|rule|OHKO Clause: OHKO moves are banned\n|rule|Evasion Clause: Evasion abilities, items, and moves are banned\n|rule|Evasion Abilities Clause: Evasion abilities are banned\n|rule|Evasion Items Clause: Evasion items are banned\n|rule|Evasion Moves Clause: Evasion moves are banned\n|rule|Sleep Clause Mod: Limit one foe put to sleep\n|rule|Terastal Clause: You cannot Terastallize\n|clearpoke\n|poke|p1|Steelix, M|\n|poke|p1|Alomomola, F|\n|poke|p1|Kommo-o, F|\n|poke|p1|Weavile, M|\n|poke|p1|Moltres|\n|poke|p1|Tapu Bulu|\n|poke|p2|Absol, M|\n|poke|p2|Tapu Lele|\n|poke|p2|Alomomola, M|\n|poke|p2|Cinderace, F|\n|poke|p2|Iron Valiant|\n|poke|p2|Ferrothorn, M|\n|teampreview\n|inactive|Battle timer is ON: inactive players will automatically lose when time's up. (requested by des459yt)\n|\n|t:|1771193925\n|teamsize|p1|6\n|teamsize|p2|6\n|start\n|switch|p1a: Steelix|Steelix, M|100/100\n|switch|p2a: Cinderace|Cinderace, F|100/100\n|turn|1\n|\n|t:|1771193929\n|switch|p1a: Moltres|Moltres|100/100\n|move|p2a: Cinderace|Will-O-Wisp|p1a: Moltres\n|-immune|p1a: Moltres\n|\n|upkeep\n|turn|2\n|\n|t:|1771193933\n|move|p2a: Cinderace|U-turn|p1a: Moltres\n|-resisted|p1a: Moltres\n|-damage|p1a: Moltres|96/100\n|\n|t:|1771193934\n|switch|p2a: Alomomola|Alomomola, M|100/100|[from] U-turn\n|move|p1a: Moltres|U-turn|p2a: Alomomola\n|-damage|p2a: Alomomola|90/100\n|\n|t:|1771193945\n|switch|p1a: Tapu Bulu|Tapu Bulu|100/100|[from] U-turn\n|-fieldstart|move: Grassy Terrain|[from] ability: Grassy Surge|[of] p1a: Tapu Bulu\n|\n|-heal|p2a: Alomomola|96/100|[from] Grassy Terrain\n|upkeep\n|turn|3\n|\n|t:|1771193949\n|switch|p2a: Ferrothorn|Ferrothorn, M|100/100\n|move|p1a: Tapu Bulu|Close Combat|p2a: Ferrothorn\n|-supereffective|p2a: Ferrothorn\n|-damage|p2a: Ferrothorn|14/100\n|-unboost|p1a: Tapu Bulu|def|1\n|-unboost|p1a: Tapu Bulu|spd|1\n|-damage|p1a: Tapu Bulu|88/100|[from] ability: Iron Barbs|[of] p2a: Ferrothorn\n|\n|-heal|p1a: Tapu Bulu|94/100|[from] Grassy Terrain\n|-heal|p2a: Ferrothorn|20/100|[from] Grassy Terrain\n|-heal|p2a: Ferrothorn|26/100|[from] item: Leftovers\n|upkeep\n|turn|4\n|\n|t:|1771193962\n|move|p1a: Tapu Bulu|Close Combat|p2a: Ferrothorn\n|-supereffective|p2a: Ferrothorn\n|-damage|p2a: Ferrothorn|0 fnt\n|-unboost|p1a: Tapu Bulu|def|1\n|-unboost|p1a: Tapu Bulu|spd|1\n|-damage|p1a: Tapu Bulu|82/100|[from] ability: Iron Barbs|[of] p2a: Ferrothorn\n|faint|p2a: Ferrothorn\n|\n|-heal|p1a: Tapu Bulu|88/100|[from] Grassy Terrain\n|upkeep\n|\n|t:|1771193967\n|switch|p2a: Cinderace|Cinderace, F|100/100\n|turn|5\n|\n|t:|1771193975\n|switch|p1a: Alomomola|Alomomola, F|100/100\n|move|p2a: Cinderace|Pyro Ball|p1a: Alomomola\n|-resisted|p1a: Alomomola\n|-damage|p1a: Alomomola|87/100\n|\n|-heal|p1a: Alomomola|93/100|[from] Grassy Terrain\n|upkeep\n|turn|6\n|\n|t:|1771193980\n|move|p2a: Cinderace|U-turn|p1a: Alomomola\n|-damage|p1a: Alomomola|83/100\n|\n|t:|1771193984\n|switch|p2a: Alomomola|Alomomola, M|100/100|[from] U-turn\n|move|p1a: Alomomola|Toxic|p2a: Alomomola\n|-status|p2a: Alomomola|tox\n|\n|-heal|p1a: Alomomola|89/100|[from] Grassy Terrain\n|-damage|p2a: Alomomola|94/100 tox|[from] psn\n|-fieldend|move: Grassy Terrain\n|upkeep\n|turn|7\n|\n|t:|1771193989\n|move|p1a: Alomomola|Protect|p1a: Alomomola\n|-singleturn|p1a: Alomomola|Protect\n|move|p2a: Alomomola|Flip Turn|p1a: Alomomola\n|-activate|p1a: Alomomola|move: Protect\n|\n|-damage|p2a: Alomomola|82/100 tox|[from] psn\n|upkeep\n|turn|8\n|\n|t:|1771193994\n|move|p2a: Alomomola|Flip Turn|p1a: Alomomola\n|-resisted|p1a: Alomomola\n|-damage|p1a: Alomomola|85/100\n|\n|t:|1771193998\n|switch|p2a: Tapu Lele|Tapu Lele, shiny|100/100|[from] Flip Turn\n|-fieldstart|move: Psychic Terrain|[from] ability: Psychic Surge|[of] p2a: Tapu Lele\n|move|p1a: Alomomola|Flip Turn|p2a: Tapu Lele\n|-damage|p2a: Tapu Lele|73/100\n|\n|t:|1771194009\n|switch|p1a: Tapu Bulu|Tapu Bulu|88/100|[from] Flip Turn\n|-fieldstart|move: Grassy Terrain|[from] ability: Grassy Surge|[of] p1a: Tapu Bulu\n|\n|-heal|p2a: Tapu Lele|80/100|[from] Grassy Terrain\n|-heal|p1a: Tapu Bulu|94/100|[from] Grassy Terrain\n|upkeep\n|turn|9\n|\n|t:|1771194016\n|switch|p2a: Cinderace|Cinderace, F|100/100\n|move|p1a: Tapu Bulu|Horn Leech|p2a: Cinderace\n|-resisted|p2a: Cinderace\n|-damage|p2a: Cinderace|50/100\n|-heal|p1a: Tapu Bulu|100/100|[from] drain|[of] p2a: Cinderace\n|\n|-heal|p2a: Cinderace|56/100|[from] Grassy Terrain\n|upkeep\n|turn|10\n|\n|t:|1771194021\n|switch|p1a: Alomomola|Alomomola, F|100/100\n|move|p2a: Cinderace|U-turn|p1a: Alomomola\n|-damage|p1a: Alomomola|90/100\n|\n|t:|1771194026\n|switch|p2a: Tapu Lele|Tapu Lele, shiny|80/100|[from] U-turn\n|-fieldstart|move: Psychic Terrain|[from] ability: Psychic Surge|[of] p2a: Tapu Lele\n|\n|upkeep\n|turn|11\n|\n|t:|1771194030\n|move|p1a: Alomomola|Protect|p1a: Alomomola\n|-singleturn|p1a: Alomomola|Protect\n|move|p2a: Tapu Lele|Skill Swap|p1a: Alomomola\n|-activate|p1a: Alomomola|move: Protect\n|\n|upkeep\n|turn|12\n|\n|t:|1771194036\n|move|p2a: Tapu Lele|Skill Swap|p1a: Alomomola\n|-activate|p2a: Tapu Lele|Skill Swap|p1a: Alomomola|[ability] Regenerator|[ability2] Psychic Surge\n|move|p1a: Alomomola|Toxic|p2a: Tapu Lele\n|-status|p2a: Tapu Lele|tox\n|\n|-damage|p2a: Tapu Lele|73/100 tox|[from] psn\n|upkeep\n|turn|13\n|\n|t:|1771194040\n|move|p2a: Tapu Lele|Psychic|p1a: Alomomola\n|-damage|p1a: Alomomola|8/100\n|move|p1a: Alomomola|Flip Turn|p2a: Tapu Lele\n|-damage|p2a: Tapu Lele|46/100 tox\n|\n|t:|1771194044\n|switch|p1a: Weavile|Weavile, M|100/100|[from] Flip Turn\n|-ability|p1a: Weavile|Pressure\n|\n|-damage|p2a: Tapu Lele|34/100 tox|[from] psn\n|upkeep\n|turn|14\n|\n|t:|1771194051\n|move|p1a: Weavile|Knock Off|p2a: Tapu Lele\n|-damage|p2a: Tapu Lele|0 fnt\n|-enditem|p2a: Tapu Lele|Twisted Spoon|[from] move: Knock Off|[of] p1a: Weavile\n|faint|p2a: Tapu Lele\n|\n|-fieldend|move: Psychic Terrain\n|upkeep\n|c|☆des459yt|nice tech\n|\n|t:|1771194057\n|switch|p2a: Iron Valiant|Iron Valiant|100/100\n|-enditem|p2a: Iron Valiant|Booster Energy\n|-activate|p2a: Iron Valiant|ability: Quark Drive|[fromitem]\n|-start|p2a: Iron Valiant|quarkdrivespe\n|turn|15\n|c|☆des459yt|thata kinda cool\n|c|☆ronciowman|thx\n|\n|t:|1771194066\n|switch|p1a: Moltres|Moltres|96/100\n|move|p2a: Iron Valiant|Knock Off|p1a: Moltres\n|-damage|p1a: Moltres|68/100\n|-enditem|p1a: Moltres|Heavy-Duty Boots|[from] move: Knock Off|[of] p2a: Iron Valiant\n|\n|upkeep\n|turn|16\n|\n|t:|1771194079\n|-end|p2a: Iron Valiant|Quark Drive|[silent]\n|switch|p2a: Alomomola|Alomomola, M|100/100 tox\n|move|p1a: Moltres|U-turn|p2a: Alomomola\n|-damage|p2a: Alomomola|90/100 tox\n|\n|t:|1771194084\n|switch|p1a: Alomomola|Alomomola, F|8/100|[from] U-turn\n|\n|-damage|p2a: Alomomola|84/100 tox|[from] psn\n|upkeep\n|turn|17\n|\n|t:|1771194092\n|switch|p1a: Tapu Bulu|Tapu Bulu|100/100\n|-fieldstart|move: Grassy Terrain|[from] ability: Grassy Surge|[of] p1a: Tapu Bulu\n|move|p2a: Alomomola|Alluring Voice|p1a: Tapu Bulu\n|-damage|p1a: Tapu Bulu|89/100\n|\n|-heal|p1a: Tapu Bulu|95/100|[from] Grassy Terrain\n|-heal|p2a: Alomomola|90/100 tox|[from] Grassy Terrain\n|-damage|p2a: Alomomola|78/100 tox|[from] psn\n|upkeep\n|turn|18\n|\n|t:|1771194102\n|move|p1a: Tapu Bulu|Horn Leech|p2a: Alomomola\n|-supereffective|p2a: Alomomola\n|-damage|p2a: Alomomola|0 fnt\n|-heal|p1a: Tapu Bulu|100/100|[from] drain|[of] p2a: Alomomola\n|faint|p2a: Alomomola\n|\n|upkeep\n|\n|t:|1771194109\n|switch|p2a: Cinderace|Cinderace, F|56/100\n|turn|19\n|\n|t:|1771194114\n|switch|p1a: Alomomola|Alomomola, F|42/100\n|move|p2a: Cinderace|Pyro Ball|p1a: Alomomola\n|-resisted|p1a: Alomomola\n|-damage|p1a: Alomomola|27/100\n|\n|-heal|p2a: Cinderace|63/100|[from] Grassy Terrain\n|-heal|p1a: Alomomola|33/100|[from] Grassy Terrain\n|upkeep\n|turn|20\n|c|☆ronciowman|bulu is a pain in the ass for my team\n|\n|t:|1771194125\n|move|p2a: Cinderace|U-turn|p1a: Alomomola\n|-damage|p1a: Alomomola|23/100\n|\n|t:|1771194127\n|switch|p2a: Iron Valiant|Iron Valiant|100/100|[from] U-turn\n|move|p1a: Alomomola|Wish|p1a: Alomomola\n|\n|-heal|p1a: Alomomola|29/100|[from] Grassy Terrain\n|upkeep\n|turn|21\n|c|☆des459yt|the random bulu goin crazy\n|\n|t:|1771194139\n|switch|p1a: Steelix|Steelix, M|100/100\n|move|p2a: Iron Valiant|Moonblast|p1a: Steelix\n|-resisted|p1a: Steelix\n|-damage|p1a: Steelix|79/100\n|\n|-heal|p1a: Steelix|100/100|[from] move: Wish|[wisher] Alomomola\n|-fieldend|move: Grassy Terrain\n|upkeep\n|turn|22\n|\n|t:|1771194146\n|detailschange|p1a: Steelix|Steelix-Mega, M\n|-mega|p1a: Steelix|Steelix|Steelixite\n|move|p2a: Iron Valiant|Close Combat|p1a: Steelix\n|-supereffective|p1a: Steelix\n|-crit|p1a: Steelix\n|-damage|p1a: Steelix|27/100\n|-unboost|p2a: Iron Valiant|def|1\n|-unboost|p2a: Iron Valiant|spd|1\n|move|p1a: Steelix|Gyro Ball|p2a: Iron Valiant\n|-supereffective|p2a: Iron Valiant\n|-damage|p2a: Iron Valiant|0 fnt\n|faint|p2a: Iron Valiant\n|-end|p2a: Iron Valiant|Quark Drive|[silent]\n|\n|upkeep\n|c|☆ronciowman|and moltres\n|\n|t:|1771194152\n|switch|p2a: Absol|Absol, M|100/100\n|-ability|p2a: Absol|Pressure\n|turn|23\n|c|☆des459yt|happens\n|c|☆ronciowman|y\n|c|☆des459yt|just a random person with pokemon u cant deal with\n|c|☆des459yt|y what\n|inactive|des459yt has 120 seconds left.\n|\n|t:|1771194185\n|switch|p1a: Alomomola|Alomomola, F|62/100\n|detailschange|p2a: Absol|Absol-Mega, M\n|-mega|p2a: Absol|Absol|Absolite\n|move|p2a: Absol|Fire Blast|p1a: Alomomola\n|-resisted|p1a: Alomomola\n|-damage|p1a: Alomomola|44/100\n|\n|upkeep\n|turn|24\n|c|☆ronciowman|yes it happens\n|\n|t:|1771194198\n|move|p2a: Absol|Knock Off|p1a: Alomomola\n|-damage|p1a: Alomomola|14/100\n|-enditem|p1a: Alomomola|Heavy-Duty Boots|[from] move: Knock Off|[of] p2a: Absol\n|move|p1a: Alomomola|Flip Turn|p2a: Absol\n|-damage|p2a: Absol|70/100\n|\n|t:|1771194209\n|switch|p1a: Moltres|Moltres|68/100|[from] Flip Turn\n|\n|upkeep\n|turn|25\n|\n|t:|1771194215\n|move|p2a: Absol|Knock Off|p1a: Moltres\n|-damage|p1a: Moltres|34/100\n|-status|p2a: Absol|brn|[from] ability: Flame Body|[of] p1a: Moltres\n|move|p1a: Moltres|Mystical Fire|p2a: Absol\n|-damage|p2a: Absol|2/100 brn\n|-unboost|p2a: Absol|spa|1\n|\n|-damage|p2a: Absol|0 fnt|[from] brn\n|faint|p2a: Absol\n|detailschange|p2: Absol|Absol, M|[silent]\n|upkeep\n|c|☆ronciowman|gg fren\n|c|☆des459yt|gg man\n|-message|ronciowman forfeited.\n|\n|win|des459yt\n|raw|des459yt's rating: 1555 &rarr; <strong>1580</strong><br />(+25 for winning)\n|raw|ronciowman's rating: 1648 &rarr; <strong>1623</strong><br />(-25 for losing)\n|l|☆ronciowman\n|player|p2|\n|l|☆des459yt\n|player|p1|\n", "uploadtime": 1771194467, "views": 9, "formatid": "gen9nationaldex", "rating": 1580, "private": 0, "password": null}