{"id": "gen9nationaldex-2540829848", "format": "[Gen 9] National Dex", "players": ["Vixen 4 Life", "AyyOmega"], "log": "|j|☆Vixen 4 Life\n|j|☆AyyOmega\n|t:|1771258420\n|gametype|singles\n|player|p1|Vixen 4 Life|emma|1691\n|player|p2|AyyOmega|102|1674\n|gen|9\n|tier|[Gen 9] National Dex\n|rated|\n|rule|HP Percentage Mod: HP is shown in percentages\n|rule|Endless Battle Clause: Forcing endless battles is banned\n|rule|Species Clause: Limit one of each Pokémon\n|rule|OHKO Clause: OHKO moves are banned\n|rule|Evasion Clause: Evasion abilities, items, and moves are banned\n|rule|Evasion Abilities Clause: Evasion abilities are banned\n|rule|Evasion Items Clause: Evasion items are banned\n|rule|Evasion Moves Clause: Evasion moves are banned\n|rule|Sleep Clause Mod: Limit one foe put to sleep\n|rule|Terastal Clause: You cannot Terastallize\n|clearpoke\n|poke|p1|Goodra-Hisui, M|\n|poke|p1|Ceruledge, M|\n|poke|p1|Clodsire, M|\n|poke|p1|Cyclizar, M|\n|poke|p1|Weezing-Galar, F|\n|poke|p1|Umbreon, M|\n|poke|p2|Tapu Koko|\n|poke|p2|Iron Valiant|\n|poke|p2|Tyranitar, M|\n|poke|p2|Zapdos|\n|poke|p2|Alomomola, F|\n|poke|p2|Garchomp, F|\n|teampreview\n|j| corvipelon\n|\n|t:|1771258450\n|teamsize|p1|6\n|teamsize|p2|6\n|start\n|switch|p1a: Doug Dimmadome|Weezing-Galar, F|100/100\n|switch|p2a: Tapu Koko|Tapu Koko|100/100\n|-fieldstart|move: Electric Terrain|[from] ability: Electric Surge|[of] p2a: Tapu Koko\n|turn|1\n|\n|t:|1771258455\n|switch|p1a: Goopy|Clodsire, M|100/100\n|move|p2a: Tapu Koko|U-turn|p1a: Goopy\n|-resisted|p1a: Goopy\n|-damage|p1a: Goopy|95/100\n|-damage|p2a: Tapu Koko|84/100|[from] item: Rocky Helmet|[of] p1a: Goopy\n|\n|t:|1771258458\n|switch|p2a: Tyranitar|Tyranitar, M|100/100|[from] U-turn\n|-weather|Sandstorm|[from] ability: Sand Stream|[of] p2a: Tyranitar\n|\n|-weather|Sandstorm|[upkeep]\n|upkeep\n|turn|2\n|\n|t:|1771258461\n|detailschange|p2a: Tyranitar|Tyranitar-Mega, M\n|-mega|p2a: Tyranitar|Tyranitar|Tyranitarite\n|move|p2a: Tyranitar|Pursuit|p1a: Goopy\n|-damage|p1a: Goopy|75/100\n|-damage|p2a: Tyranitar|84/100|[from] item: Rocky Helmet|[of] p1a: Goopy\n|move|p1a: Goopy|Earthquake|p2a: Tyranitar\n|-supereffective|p2a: Tyranitar\n|-damage|p2a: Tyranitar|46/100\n|\n|-weather|Sandstorm|[upkeep]\n|upkeep\n|turn|3\n|\n|t:|1771258471\n|switch|p1a: Doug Dimmadome|Weezing-Galar, F|100/100\n|move|p2a: Tyranitar|Knock Off|p1a: Doug Dimmadome\n|-resisted|p1a: Doug Dimmadome\n|-damage|p1a: Doug Dimmadome|64/100\n|-enditem|p1a: Doug Dimmadome|Choice Specs|[from] move: Knock Off|[of] p2a: Tyranitar\n|\n|-weather|Sandstorm|[upkeep]\n|-damage|p1a: Doug Dimmadome|58/100|[from] Sandstorm\n|upkeep\n|turn|4\n|\n|t:|1771258476\n|switch|p2a: Alomomola|Alomomola, F|100/100\n|move|p1a: Doug Dimmadome|Strange Steam|p2a: Alomomola\n|-damage|p2a: Alomomola|80/100\n|\n|-weather|Sandstorm|[upkeep]\n|-damage|p1a: Doug Dimmadome|52/100|[from] Sandstorm\n|-damage|p2a: Alomomola|74/100|[from] Sandstorm\n|upkeep\n|turn|5\n|\n|t:|1771258479\n|switch|p1a: Goopy|Clodsire, M|75/100\n|move|p2a: Alomomola|Flip Turn|p1a: Goopy\n|-heal|p1a: Goopy|99/100|[from] ability: Water Absorb|[of] p2a: Alomomola\n|\n|-weather|none\n|-fieldend|move: Electric Terrain\n|upkeep\n|turn|6\n|\n|t:|1771258485\n|switch|p2a: Garchomp|Garchomp, F|100/100\n|move|p1a: Goopy|Toxic|p2a: Garchomp\n|-status|p2a: Garchomp|tox\n|\n|-damage|p2a: Garchomp|94/100 tox|[from] psn\n|upkeep\n|turn|7\n|\n|t:|1771258492\n|switch|p1a: Yoru|Umbreon, M, shiny|100/100\n|move|p2a: Garchomp|Stealth Rock|p1a: Yoru\n|-sidestart|p1: Vixen 4 Life|move: Stealth Rock\n|\n|-damage|p2a: Garchomp|82/100 tox|[from] psn\n|upkeep\n|turn|8\n|\n|t:|1771258498\n|switch|p2a: Alomomola|Alomomola, F|100/100\n|move|p1a: Yoru|Foul Play|p2a: Alomomola\n|-damage|p2a: Alomomola|82/100\n|\n|upkeep\n|turn|9\n|\n|t:|1771258501\n|move|p1a: Yoru|Toxic|p2a: Alomomola\n|-status|p2a: Alomomola|tox\n|move|p2a: Alomomola|Flip Turn|p1a: Yoru\n|-damage|p1a: Yoru|90/100\n|\n|t:|1771258513\n|switch|p2a: Tapu Koko|Tapu Koko|84/100|[from] Flip Turn\n|-fieldstart|move: Electric Terrain|[from] ability: Electric Surge|[of] p2a: Tapu Koko\n|\n|-heal|p1a: Yoru|96/100|[from] item: Leftovers\n|upkeep\n|turn|10\n|\n|t:|1771258517\n|move|p1a: Yoru|Protect|p1a: Yoru\n|-singleturn|p1a: Yoru|Protect\n|move|p2a: Tapu Koko|U-turn|p1a: Yoru\n|-activate|p1a: Yoru|move: Protect\n|\n|-heal|p1a: Yoru|100/100|[from] item: Leftovers\n|upkeep\n|turn|11\n|\n|t:|1771258521\n|move|p2a: Tapu Koko|U-turn|p1a: Yoru\n|-supereffective|p1a: Yoru\n|-crit|p1a: Yoru\n|-damage|p1a: Yoru|71/100\n|\n|t:|1771258524\n|switch|p2a: Garchomp|Garchomp, F|82/100 tox|[from] U-turn\n|move|p1a: Yoru|Toxic|p2a: Garchomp\n|-fail|p2a: Garchomp|tox\n|\n|-heal|p1a: Yoru|78/100|[from] item: Leftovers\n|-damage|p2a: Garchomp|76/100 tox|[from] psn\n|upkeep\n|turn|12\n|\n|t:|1771258527\n|move|p1a: Yoru|Wish|p1a: Yoru\n|move|p2a: Garchomp|Dragon Tail|p1a: Yoru\n|-damage|p1a: Yoru|63/100\n|drag|p1a: Doug Dimmadome|Weezing-Galar, F|52/100\n|-damage|p1a: Doug Dimmadome|40/100|[from] Stealth Rock\n|\n|-damage|p2a: Garchomp|63/100 tox|[from] psn\n|upkeep\n|turn|13\n|\n|t:|1771258543\n|switch|p2a: Alomomola|Alomomola, F|100/100 tox\n|move|p1a: Doug Dimmadome|Strange Steam|p2a: Alomomola\n|-damage|p2a: Alomomola|79/100 tox\n|\n|-heal|p1a: Doug Dimmadome|100/100|[from] move: Wish|[wisher] Yoru\n|-damage|p2a: Alomomola|73/100 tox|[from] psn\n|-fieldend|move: Electric Terrain\n|upkeep\n|turn|14\n|\n|t:|1771258550\n|switch|p1a: Goopy|Clodsire, M|99/100\n|-damage|p1a: Goopy|94/100|[from] Stealth Rock\n|move|p2a: Alomomola|Flip Turn|p1a: Goopy\n|-heal|p1a: Goopy|100/100|[from] ability: Water Absorb|[of] p2a: Alomomola\n|\n|-damage|p2a: Alomomola|61/100 tox|[from] psn\n|upkeep\n|turn|15\n|\n|t:|1771258554\n|switch|p2a: Garchomp|Garchomp, F|63/100 tox\n|move|p1a: Goopy|Stealth Rock|p2a: Garchomp\n|-sidestart|p2: AyyOmega|move: Stealth Rock\n|\n|-damage|p2a: Garchomp|57/100 tox|[from] psn\n|upkeep\n|turn|16\n|\n|t:|1771258561\n|switch|p1a: Doug Dimmadome|Weezing-Galar, F|100/100\n|-damage|p1a: Doug Dimmadome|88/100|[from] Stealth Rock\n|move|p2a: Garchomp|Toxic|p1a: Doug Dimmadome\n|-immune|p1a: Doug Dimmadome\n|\n|-damage|p2a: Garchomp|45/100 tox|[from] psn\n|upkeep\n|turn|17\n|\n|t:|1771258572\n|switch|p2a: Zapdos|Zapdos|100/100\n|move|p1a: Doug Dimmadome|Strange Steam|p2a: Zapdos\n|-damage|p2a: Zapdos|63/100\n|-start|p2a: Zapdos|confusion\n|\n|upkeep\n|turn|18\n|\n|t:|1771258578\n|-activate|p2a: Zapdos|confusion\n|-damage|p2a: Zapdos|58/100|[from] confusion\n|move|p1a: Doug Dimmadome|Strange Steam|p2a: Zapdos\n|-damage|p2a: Zapdos|23/100\n|\n|upkeep\n|turn|19\n|\n|t:|1771258584\n|switch|p1a: Wheelie|Cyclizar, M|100/100\n|-damage|p1a: Wheelie|88/100|[from] Stealth Rock\n|-activate|p2a: Zapdos|confusion\n|move|p2a: Zapdos|Volt Switch|p1a: Wheelie\n|-resisted|p1a: Wheelie\n|-crit|p1a: Wheelie\n|-damage|p1a: Wheelie|68/100\n|\n|t:|1771258588\n|switch|p2a: Iron Valiant|Iron Valiant|100/100|[from] Volt Switch\n|-damage|p2a: Iron Valiant|94/100|[from] Stealth Rock\n|\n|upkeep\n|turn|20\n|\n|t:|1771258593\n|switch|p1a: Escargoon|Goodra-Hisui, M|100/100\n|-damage|p1a: Escargoon|94/100|[from] Stealth Rock\n|move|p2a: Iron Valiant|Moonblast|p1a: Escargoon\n|-damage|p1a: Escargoon|70/100\n|-unboost|p1a: Escargoon|spa|1\n|\n|upkeep\n|turn|21\n|\n|t:|1771258598\n|-end|p2a: Iron Valiant|Quark Drive|[silent]\n|switch|p2a: Tyranitar|Tyranitar-Mega, M|46/100\n|-damage|p2a: Tyranitar|33/100|[from] Stealth Rock\n|-weather|Sandstorm|[from] ability: Sand Stream|[of] p2a: Tyranitar\n|move|p1a: Escargoon|Heavy Slam|p2a: Tyranitar\n|-supereffective|p2a: Tyranitar\n|-damage|p2a: Tyranitar|16/100\n|\n|-weather|Sandstorm|[upkeep]\n|upkeep\n|turn|22\n|\n|t:|1771258603\n|switch|p1a: Doug Dimmadome|Weezing-Galar, F|88/100\n|-damage|p1a: Doug Dimmadome|76/100|[from] Stealth Rock\n|move|p2a: Tyranitar|Low Kick|p1a: Doug Dimmadome\n|-resisted|p1a: Doug Dimmadome\n|-damage|p1a: Doug Dimmadome|71/100\n|\n|-weather|Sandstorm|[upkeep]\n|-damage|p1a: Doug Dimmadome|65/100|[from] Sandstorm\n|upkeep\n|turn|23\n|\n|t:|1771258609\n|switch|p2a: Alomomola|Alomomola, F|94/100 tox\n|-damage|p2a: Alomomola|81/100 tox|[from] Stealth Rock\n|move|p1a: Doug Dimmadome|Strange Steam|p2a: Alomomola\n|-crit|p2a: Alomomola\n|-damage|p2a: Alomomola|52/100 tox\n|-start|p2a: Alomomola|confusion\n|\n|-weather|Sandstorm|[upkeep]\n|-damage|p1a: Doug Dimmadome|59/100|[from] Sandstorm\n|-damage|p2a: Alomomola|46/100 tox|[from] Sandstorm\n|-damage|p2a: Alomomola|40/100 tox|[from] psn\n|upkeep\n|turn|24\n|\n|t:|1771258613\n|switch|p1a: Goopy|Clodsire, M|100/100\n|-damage|p1a: Goopy|94/100|[from] Stealth Rock\n|-activate|p2a: Alomomola|confusion\n|-damage|p2a: Alomomola|35/100 tox|[from] confusion\n|\n|-weather|Sandstorm|[upkeep]\n|-damage|p2a: Alomomola|29/100 tox|[from] Sandstorm\n|-damage|p2a: Alomomola|17/100 tox|[from] psn\n|upkeep\n|turn|25\n|-message|AyyOmega forfeited.\n|\n|win|Vixen 4 Life\n|raw|Vixen 4 Life's rating: 1691 &rarr; <strong>1710</strong><br />(+19 for winning)\n|raw|AyyOmega's rating: 1674 &rarr; <strong>1655</strong><br />(-19 for losing)\n|l|☆AyyOmega\n|player|p2|\n|l|☆Vixen 4 Life\n|player|p1|\n|l| corvipelon\n", "uploadtime": 1771258622, "views": 11, "formatid": "gen9nationaldex", "rating": 1655, "private": 0, "password": null}