{"id": "gen9nationaldex-2540895370", "format": "[Gen 9] National Dex", "players": ["Cappypulpy", "bambuskarol"], "log": "|j|☆Cappypulpy\n|j|‽bambuskarol\n|t:|1771264844\n|gametype|singles\n|player|p1|Cappypulpy|169|1645\n|player|p2|bambuskarol|265|1717\n|gen|9\n|tier|[Gen 9] National Dex\n|rated|\n|rule|HP Percentage Mod: HP is shown in percentages\n|rule|Endless Battle Clause: Forcing endless battles is banned\n|rule|Species Clause: Limit one of each Pokémon\n|rule|OHKO Clause: OHKO moves are banned\n|rule|Evasion Clause: Evasion abilities, items, and moves are banned\n|rule|Evasion Abilities Clause: Evasion abilities are banned\n|rule|Evasion Items Clause: Evasion items are banned\n|rule|Evasion Moves Clause: Evasion moves are banned\n|rule|Sleep Clause Mod: Limit one foe put to sleep\n|rule|Terastal Clause: You cannot Terastallize\n|clearpoke\n|poke|p1|Altaria, F|\n|poke|p1|Muk-Alola, F|\n|poke|p1|Gholdengo|\n|poke|p1|Landorus-Therian, M|\n|poke|p1|Urshifu-*, F|\n|poke|p1|Serperior, M|\n|poke|p2|Charizard, F|\n|poke|p2|Great Tusk|\n|poke|p2|Raging Bolt|\n|poke|p2|Heatran, M|\n|poke|p2|Hatterene, F|\n|poke|p2|Ogerpon-Wellspring, F|\n|teampreview\n|inactive|Battle timer is ON: inactive players will automatically lose when time's up. (requested by Cappypulpy)\n|\n|t:|1771264849\n|teamsize|p1|6\n|teamsize|p2|6\n|start\n|switch|p1a: Altaria|Altaria, F|100/100\n|switch|p2a: Ogerpon|Ogerpon-Wellspring, F|100/100\n|turn|1\n|\n|t:|1771264853\n|detailschange|p1a: Altaria|Altaria-Mega, F\n|-mega|p1a: Altaria|Altaria|Altarianite\n|move|p2a: Ogerpon|Taunt|p1a: Altaria\n|-start|p1a: Altaria|move: Taunt\n|move|p1a: Altaria|Body Slam|p2a: Ogerpon\n|-damage|p2a: Ogerpon|54/100\n|\n|upkeep\n|turn|2\n|\n|t:|1771264864\n|move|p2a: Ogerpon|U-turn|p1a: Altaria\n|-resisted|p1a: Altaria\n|-damage|p1a: Altaria|91/100\n|\n|t:|1771264866\n|switch|p2a: Hatterene|Hatterene, F|100/100|[from] U-turn\n|move|p1a: Altaria|Body Slam|p2a: Hatterene\n|-damage|p2a: Hatterene|55/100\n|\n|upkeep\n|turn|3\n|\n|t:|1771264870\n|switch|p1a: Muk|Muk-Alola, F|100/100\n|move|p2a: Hatterene|Draining Kiss|p1a: Muk\n|-damage|p1a: Muk|90/100\n|-heal|p2a: Hatterene|66/100|[from] drain|[of] p1a: Muk\n|\n|upkeep\n|turn|4\n|\n|t:|1771264879\n|move|p1a: Muk|Knock Off|p2a: Hatterene\n|-damage|p2a: Hatterene|26/100\n|-enditem|p2a: Hatterene|Assault Vest|[from] move: Knock Off|[of] p1a: Muk\n|move|p2a: Hatterene|Nuzzle|p1a: Muk\n|-damage|p1a: Muk|86/100\n|-status|p1a: Muk|par\n|\n|upkeep\n|turn|5\n|\n|t:|1771264882\n|-activate|p2a: Hatterene|move: Pursuit\n|move|p1a: Muk|Pursuit|p2a: Hatterene|[from] Pursuit\n|-damage|p2a: Hatterene|0 fnt\n|faint|p2a: Hatterene\n|-hint|A Pokemon can't switch between when it runs out of HP and when it faints\n|\n|upkeep\n|\n|t:|1771264885\n|switch|p2a: Great Tusk|Great Tusk|100/100\n|turn|6\n|\n|t:|1771264888\n|switch|p1a: Landorus|Landorus-Therian, M|100/100\n|-ability|p1a: Landorus|Intimidate|boost\n|-unboost|p2a: Great Tusk|atk|1\n|move|p2a: Great Tusk|Stealth Rock|p1a: Landorus\n|-sidestart|p1: Cappypulpy|move: Stealth Rock\n|\n|upkeep\n|turn|7\n|\n|t:|1771264891\n|move|p1a: Landorus|Stealth Rock|p2a: Great Tusk\n|-sidestart|p2: bambuskarol|move: Stealth Rock\n|move|p2a: Great Tusk|Ice Spinner|p1a: Landorus\n|-supereffective|p1a: Landorus\n|-damage|p1a: Landorus|34/100\n|-damage|p2a: Great Tusk|84/100|[from] item: Rocky Helmet|[of] p1a: Landorus\n|\n|upkeep\n|turn|8\n|\n|t:|1771264898\n|move|p1a: Landorus|U-turn|p2a: Great Tusk\n|-resisted|p2a: Great Tusk\n|-damage|p2a: Great Tusk|78/100\n|-damage|p1a: Landorus|17/100|[from] item: Rocky Helmet|[of] p2a: Great Tusk\n|\n|t:|1771264899\n|switch|p1a: Urshifu|Urshifu-Rapid-Strike, F|100/100|[from] U-turn\n|-damage|p1a: Urshifu|94/100|[from] Stealth Rock\n|move|p2a: Great Tusk|Rapid Spin|p1a: Urshifu\n|-crit|p1a: Urshifu\n|-damage|p1a: Urshifu|73/100\n|-boost|p2a: Great Tusk|spe|1\n|-sideend|p2: bambuskarol|Stealth Rock|[from] move: Rapid Spin|[of] p2a: Great Tusk\n|\n|upkeep\n|turn|9\n|\n|t:|1771264907\n|move|p1a: Urshifu|U-turn|p2a: Great Tusk\n|-resisted|p2a: Great Tusk\n|-damage|p2a: Great Tusk|71/100\n|-damage|p1a: Urshifu|57/100|[from] item: Rocky Helmet|[of] p2a: Great Tusk\n|\n|t:|1771264908\n|switch|p1a: Serperior|Serperior, M|100/100|[from] U-turn\n|-damage|p1a: Serperior|88/100|[from] Stealth Rock\n|move|p2a: Great Tusk|Headlong Rush|p1a: Serperior\n|-resisted|p1a: Serperior\n|-damage|p1a: Serperior|68/100\n|-unboost|p2a: Great Tusk|def|1\n|-unboost|p2a: Great Tusk|spd|1\n|\n|-heal|p1a: Serperior|75/100|[from] item: Leftovers\n|upkeep\n|turn|10\n|\n|t:|1771264912\n|-end|p2a: Great Tusk|Protosynthesis|[silent]\n|switch|p2a: Charizard|Charizard, F|100/100\n|move|p1a: Serperior|Leaf Storm|p2a: Charizard\n|-resisted|p2a: Charizard\n|-damage|p2a: Charizard|86/100\n|-boost|p1a: Serperior|spa|2\n|\n|-heal|p1a: Serperior|81/100|[from] item: Leftovers\n|upkeep\n|turn|11\n|\n|t:|1771264917\n|detailschange|p2a: Charizard|Charizard-Mega-Y, F\n|-mega|p2a: Charizard|Charizard|Charizardite Y\n|-weather|SunnyDay|[from] ability: Drought|[of] p2a: Charizard\n|move|p1a: Serperior|Glare|p2a: Charizard\n|-status|p2a: Charizard|par\n|move|p2a: Charizard|Weather Ball|p1a: Serperior\n|-supereffective|p1a: Serperior\n|-damage|p1a: Serperior|0 fnt\n|faint|p1a: Serperior\n|\n|-weather|SunnyDay|[upkeep]\n|upkeep\n|\n|t:|1771264924\n|switch|p1a: Landorus|Landorus-Therian, M|17/100\n|-damage|p1a: Landorus|5/100|[from] Stealth Rock\n|-ability|p1a: Landorus|Intimidate|boost\n|-unboost|p2a: Charizard|atk|1\n|turn|12\n|\n|t:|1771264928\n|switch|p2a: Great Tusk|Great Tusk|71/100\n|-activate|p2a: Great Tusk|ability: Protosynthesis\n|-start|p2a: Great Tusk|protosynthesisdef\n|move|p1a: Landorus|Defog|p2a: Great Tusk\n|-unboost|p2a: Great Tusk|evasion|1\n|-sideend|p1: Cappypulpy|Stealth Rock|[from] move: Defog|[of] p1a: Landorus\n|\n|-weather|SunnyDay|[upkeep]\n|upkeep\n|turn|13\n|\n|t:|1771264933\n|move|p1a: Landorus|Stealth Rock|p2a: Great Tusk\n|-sidestart|p2: bambuskarol|move: Stealth Rock\n|move|p2a: Great Tusk|Ice Spinner|p1a: Landorus\n|-supereffective|p1a: Landorus\n|-damage|p1a: Landorus|0 fnt\n|-damage|p2a: Great Tusk|55/100|[from] item: Rocky Helmet|[of] p1a: Landorus\n|faint|p1a: Landorus\n|\n|-weather|SunnyDay|[upkeep]\n|upkeep\n|\n|t:|1771264944\n|switch|p1a: Gholdengo|Gholdengo|100/100\n|turn|14\n|\n|t:|1771264947\n|move|p2a: Great Tusk|Headlong Rush|p1a: Gholdengo\n|-supereffective|p1a: Gholdengo\n|-damage|p1a: Gholdengo|25/100\n|-unboost|p2a: Great Tusk|def|1\n|-unboost|p2a: Great Tusk|spd|1\n|-zpower|p1a: Gholdengo\n|move|p1a: Gholdengo|Never-Ending Nightmare|p2a: Great Tusk|[zeffect]\n|-damage|p2a: Great Tusk|0 fnt\n|faint|p2a: Great Tusk\n|-end|p2a: Great Tusk|Protosynthesis|[silent]\n|\n|-weather|SunnyDay|[upkeep]\n|upkeep\n|\n|t:|1771264950\n|switch|p2a: Charizard|Charizard-Mega-Y, F|86/100 par\n|-damage|p2a: Charizard|36/100 par|[from] Stealth Rock\n|turn|15\n|\n|t:|1771264953\n|move|p1a: Gholdengo|Shadow Ball|p2a: Charizard\n|-damage|p2a: Charizard|0 fnt\n|faint|p2a: Charizard\n|detailschange|p2: Charizard|Charizard, F|[silent]\n|\n|-weather|none\n|upkeep\n|\n|t:|1771264956\n|switch|p2a: Heatran|Heatran, M|100/100\n|-damage|p2a: Heatran|88/100|[from] Stealth Rock\n|turn|16\n|\n|t:|1771264962\n|move|p2a: Heatran|Eruption|p1a: Gholdengo\n|-supereffective|p1a: Gholdengo\n|-damage|p1a: Gholdengo|0 fnt\n|faint|p1a: Gholdengo\n|\n|upkeep\n|\n|t:|1771264965\n|switch|p1a: Urshifu|Urshifu-Rapid-Strike, F|57/100\n|turn|17\n|\n|t:|1771264972\n|switch|p2a: Ogerpon|Ogerpon-Wellspring, F|54/100\n|-damage|p2a: Ogerpon|41/100|[from] Stealth Rock\n|move|p1a: Urshifu|Close Combat|p2a: Ogerpon\n|-damage|p2a: Ogerpon|0 fnt\n|-unboost|p1a: Urshifu|def|1\n|-unboost|p1a: Urshifu|spd|1\n|faint|p2a: Ogerpon\n|\n|upkeep\n|\n|t:|1771264977\n|switch|p2a: Heatran|Heatran, M|88/100\n|-damage|p2a: Heatran|76/100|[from] Stealth Rock\n|turn|18\n|\n|t:|1771264981\n|switch|p1a: Muk|Muk-Alola, F|86/100 par\n|move|p2a: Heatran|Eruption|p1a: Muk\n|-damage|p1a: Muk|62/100 par\n|\n|upkeep\n|turn|19\n|\n|t:|1771264985\n|move|p2a: Heatran|Eruption|p1a: Muk\n|-damage|p1a: Muk|38/100 par\n|move|p1a: Muk|Knock Off|p2a: Heatran\n|-damage|p2a: Heatran|38/100\n|-enditem|p2a: Heatran|Choice Scarf|[from] move: Knock Off|[of] p1a: Muk\n|\n|upkeep\n|turn|20\n|\n|t:|1771264989\n|move|p2a: Heatran|Earth Power|p1a: Muk\n|-supereffective|p1a: Muk\n|-damage|p1a: Muk|14/100 par\n|move|p1a: Muk|Drain Punch|p2a: Heatran\n|-supereffective|p2a: Heatran\n|-damage|p2a: Heatran|2/100\n|-heal|p1a: Muk|28/100 par|[from] drain|[of] p2a: Heatran\n|\n|upkeep\n|turn|21\n|\n|t:|1771264992\n|move|p2a: Heatran|Earth Power|p1a: Muk\n|-supereffective|p1a: Muk\n|-damage|p1a: Muk|0 fnt\n|faint|p1a: Muk\n|\n|upkeep\n|\n|t:|1771264995\n|switch|p1a: Urshifu|Urshifu-Rapid-Strike, F|57/100\n|turn|22\n|\n|t:|1771264997\n|move|p1a: Urshifu|U-turn|p2a: Heatran\n|-resisted|p2a: Heatran\n|-damage|p2a: Heatran|0 fnt\n|faint|p2a: Heatran\n|\n|t:|1771264998\n|switch|p1a: Altaria|Altaria-Mega, F|91/100|[from] U-turn\n|\n|upkeep\n|\n|t:|1771265001\n|switch|p2a: Raging Bolt|Raging Bolt|100/100\n|-damage|p2a: Raging Bolt|88/100|[from] Stealth Rock\n|-item|p2a: Raging Bolt|Air Balloon\n|turn|23\n|\n|t:|1771265002\n|move|p2a: Raging Bolt|Thunderbolt|p1a: Altaria\n|-resisted|p1a: Altaria\n|-damage|p1a: Altaria|68/100\n|move|p1a: Altaria|Body Slam|p2a: Raging Bolt\n|-supereffective|p2a: Raging Bolt\n|-damage|p2a: Raging Bolt|16/100\n|-enditem|p2a: Raging Bolt|Air Balloon\n|\n|upkeep\n|turn|24\n|\n|t:|1771265005\n|move|p2a: Raging Bolt|Thunderbolt|p1a: Altaria\n|-resisted|p1a: Altaria\n|-damage|p1a: Altaria|46/100\n|move|p1a: Altaria|Body Slam|p2a: Raging Bolt\n|-supereffective|p2a: Raging Bolt\n|-damage|p2a: Raging Bolt|0 fnt\n|faint|p2a: Raging Bolt\n|-end|p2a: Raging Bolt|Protosynthesis|[silent]\n|\n|win|Cappypulpy\n|raw|Cappypulpy's rating: 1645 &rarr; <strong>1669</strong><br />(+24 for winning)\n|raw|bambuskarol's rating: 1717 &rarr; <strong>1693</strong><br />(-24 for losing)\n|l|‽bambuskarol\n|player|p2|\n|l|☆Cappypulpy\n|player|p1|\n", "uploadtime": 1771265205, "views": 3, "formatid": "gen9nationaldex", "rating": 1669, "private": 0, "password": null}