{"id": "gen9nationaldex-2540570948", "format": "[Gen 9] National Dex", "players": ["Rootkitlo", "Crsiu"], "log": "|j|☆Rootkitlo\n|j|☆Crsiu\n|t:|1771219791\n|gametype|singles\n|player|p1|Rootkitlo|cynthia-gen4|1636\n|player|p2|Crsiu|n|1570\n|gen|9\n|tier|[Gen 9] National Dex\n|rated|\n|rule|HP Percentage Mod: HP is shown in percentages\n|rule|Endless Battle Clause: Forcing endless battles is banned\n|rule|Species Clause: Limit one of each Pokémon\n|rule|OHKO Clause: OHKO moves are banned\n|rule|Evasion Clause: Evasion abilities, items, and moves are banned\n|rule|Evasion Abilities Clause: Evasion abilities are banned\n|rule|Evasion Items Clause: Evasion items are banned\n|rule|Evasion Moves Clause: Evasion moves are banned\n|rule|Sleep Clause Mod: Limit one foe put to sleep\n|rule|Terastal Clause: You cannot Terastallize\n|clearpoke\n|poke|p1|Landorus-Therian, M|\n|poke|p1|Zapdos|\n|poke|p1|Kingambit, M|\n|poke|p1|Toxapex, F|\n|poke|p1|Zamazenta-*|\n|poke|p1|Kartana|\n|poke|p2|Blaziken, M|\n|poke|p2|Rillaboom, M|\n|poke|p2|Pinsir, F|\n|poke|p2|Raging Bolt|\n|poke|p2|Hatterene, F|\n|poke|p2|Alomomola, F|\n|teampreview\n|inactive|Battle timer is ON: inactive players will automatically lose when time's up. (requested by Crsiu)\n|\n|t:|1771219817\n|teamsize|p1|6\n|teamsize|p2|6\n|start\n|switch|p1a: Landorus|Landorus-Therian, M|100/100\n|switch|p2a: Raging Bolt|Raging Bolt|100/100\n|-ability|p1a: Landorus|Intimidate|boost\n|-unboost|p2a: Raging Bolt|atk|1\n|turn|1\n|\n|t:|1771219823\n|move|p1a: Landorus|Earthquake|p2a: Raging Bolt\n|-supereffective|p2a: Raging Bolt\n|-damage|p2a: Raging Bolt|19/100\n|move|p2a: Raging Bolt|Draco Meteor|p1a: Landorus\n|-damage|p1a: Landorus|0 fnt\n|-unboost|p2a: Raging Bolt|spa|2\n|faint|p1a: Landorus\n|\n|upkeep\n|\n|t:|1771219835\n|switch|p1a: Zamazenta|Zamazenta|100/100\n|-ability|p1a: Zamazenta|Dauntless Shield|boost\n|-boost|p1a: Zamazenta|def|1\n|turn|2\n|\n|t:|1771219838\n|-end|p2a: Raging Bolt|Protosynthesis|[silent]\n|switch|p2a: Alomomola|Alomomola, F|100/100\n|move|p1a: Zamazenta|Substitute|p1a: Zamazenta\n|-start|p1a: Zamazenta|Substitute\n|-damage|p1a: Zamazenta|75/100\n|\n|-heal|p1a: Zamazenta|82/100|[from] item: Leftovers\n|upkeep\n|turn|3\n|\n|t:|1771219843\n|move|p1a: Zamazenta|Iron Defense|p1a: Zamazenta\n|-boost|p1a: Zamazenta|def|2\n|move|p2a: Alomomola|Wish|p2a: Alomomola\n|\n|-heal|p1a: Zamazenta|88/100|[from] item: Leftovers\n|upkeep\n|turn|4\n|\n|t:|1771219847\n|move|p1a: Zamazenta|Iron Defense|p1a: Zamazenta\n|-boost|p1a: Zamazenta|def|2\n|move|p2a: Alomomola|Flip Turn|p1a: Zamazenta\n|-activate|p1a: Zamazenta|move: Substitute|[damage]\n|\n|t:|1771219853\n|switch|p2a: Raging Bolt|Raging Bolt|19/100|[from] Flip Turn\n|\n|-heal|p2a: Raging Bolt|78/100|[from] move: Wish|[wisher] Alomomola\n|-heal|p1a: Zamazenta|94/100|[from] item: Leftovers\n|upkeep\n|turn|5\n|\n|t:|1771219856\n|move|p2a: Raging Bolt|Thunderclap|p1a: Zamazenta\n|-end|p1a: Zamazenta|Substitute\n|move|p1a: Zamazenta|Body Press|p2a: Raging Bolt\n|-damage|p2a: Raging Bolt|0 fnt\n|faint|p2a: Raging Bolt\n|-end|p2a: Raging Bolt|Protosynthesis|[silent]\n|\n|-heal|p1a: Zamazenta|100/100|[from] item: Leftovers\n|upkeep\n|\n|t:|1771219865\n|switch|p2a: Hatterene|Hatterene, F|100/100\n|turn|6\n|\n|t:|1771219870\n|switch|p1a: Zapdos|Zapdos|100/100\n|move|p2a: Hatterene|Psychic Noise|p1a: Zapdos\n|-damage|p1a: Zapdos|73/100\n|-start|p1a: Zapdos|move: Heal Block\n|\n|upkeep\n|turn|7\n|\n|t:|1771219882\n|switch|p2a: Rillaboom|Rillaboom, M|100/100\n|-fieldstart|move: Grassy Terrain|[from] ability: Grassy Surge|[of] p2a: Rillaboom\n|move|p1a: Zapdos|Volt Switch|p2a: Rillaboom\n|-resisted|p2a: Rillaboom\n|-damage|p2a: Rillaboom|83/100\n|\n|t:|1771219888\n|switch|p1a: Toxapex|Toxapex, F|100/100|[from] Volt Switch\n|\n|-heal|p2a: Rillaboom|89/100|[from] Grassy Terrain\n|upkeep\n|turn|8\n|\n|t:|1771219893\n|switch|p2a: Hatterene|Hatterene, F|100/100\n|move|p1a: Toxapex|Toxic Spikes|p2a: Hatterene\n|move|p2a: Hatterene|Toxic Spikes|p1a: Toxapex|[from] ability: Magic Bounce\n|-sidestart|p1: Rootkitlo|move: Toxic Spikes\n|\n|upkeep\n|turn|9\n|\n|t:|1771219900\n|switch|p1a: Zapdos|Zapdos|73/100\n|move|p2a: Hatterene|Psychic Noise|p1a: Zapdos\n|-damage|p1a: Zapdos|47/100\n|-start|p1a: Zapdos|move: Heal Block\n|\n|upkeep\n|turn|10\n|\n|t:|1771219906\n|move|p1a: Zapdos|Volt Switch|p2a: Hatterene\n|-damage|p2a: Hatterene|87/100\n|\n|t:|1771219908\n|switch|p1a: Kingambit|Kingambit, M|100/100|[from] Volt Switch\n|-activate|p1a: Kingambit|ability: Supreme Overlord\n|-start|p1a: Kingambit|fallen1|[silent]\n|move|p2a: Hatterene|Psychic Noise|p1a: Kingambit\n|-immune|p1a: Kingambit\n|\n|-heal|p2a: Hatterene|93/100|[from] Grassy Terrain\n|upkeep\n|turn|11\n|\n|t:|1771219913\n|switch|p2a: Alomomola|Alomomola, F|100/100\n|move|p1a: Kingambit|Knock Off|p2a: Alomomola\n|-damage|p2a: Alomomola|65/100\n|-damage|p1a: Kingambit|84/100|[from] item: Rocky Helmet|[of] p2a: Alomomola\n|-enditem|p2a: Alomomola|Rocky Helmet|[from] move: Knock Off|[of] p1a: Kingambit\n|\n|-heal|p1a: Kingambit|90/100|[from] Grassy Terrain\n|-heal|p1a: Kingambit|96/100|[from] item: Leftovers\n|-heal|p2a: Alomomola|71/100|[from] Grassy Terrain\n|-fieldend|move: Grassy Terrain\n|upkeep\n|turn|12\n|\n|t:|1771219922\n|-end|p1a: Kingambit|fallen1|[silent]\n|switch|p1a: Zapdos|Zapdos|47/100\n|move|p2a: Alomomola|Flip Turn|p1a: Zapdos\n|-damage|p1a: Zapdos|34/100\n|\n|t:|1771219934\n|switch|p2a: Pinsir|Pinsir, F|100/100|[from] Flip Turn\n|\n|upkeep\n|turn|13\n|\n|t:|1771219939\n|detailschange|p2a: Pinsir|Pinsir-Mega, F\n|-mega|p2a: Pinsir|Pinsir|Pinsirite\n|move|p2a: Pinsir|Return|p1a: Zapdos\n|-resisted|p1a: Zapdos\n|-damage|p1a: Zapdos|3/100\n|-status|p2a: Pinsir|par|[from] ability: Static|[of] p1a: Zapdos\n|move|p1a: Zapdos|Hurricane|p2a: Pinsir|[miss]\n|-miss|p1a: Zapdos|p2a: Pinsir\n|\n|upkeep\n|turn|14\n|\n|t:|1771219946\n|cant|p2a: Pinsir|par\n|move|p1a: Zapdos|Roost|p1a: Zapdos\n|-heal|p1a: Zapdos|53/100\n|-singleturn|p1a: Zapdos|move: Roost\n|\n|upkeep\n|turn|15\n|c|☆Crsiu|。。。。。\n|\n|t:|1771219964\n|move|p1a: Zapdos|Roost|p1a: Zapdos\n|-heal|p1a: Zapdos|100/100\n|-singleturn|p1a: Zapdos|move: Roost\n|move|p2a: Pinsir|Return|p1a: Zapdos\n|-resisted|p1a: Zapdos\n|-crit|p1a: Zapdos\n|-damage|p1a: Zapdos|48/100\n|\n|upkeep\n|turn|16\n|\n|t:|1771219976\n|move|p1a: Zapdos|Roost|p1a: Zapdos\n|-heal|p1a: Zapdos|98/100\n|-singleturn|p1a: Zapdos|move: Roost\n|move|p2a: Pinsir|Earthquake|p1a: Zapdos\n|-supereffective|p1a: Zapdos\n|-damage|p1a: Zapdos|31/100\n|\n|upkeep\n|turn|17\n|\n|t:|1771219987\n|move|p1a: Zapdos|Roost|p1a: Zapdos\n|-heal|p1a: Zapdos|81/100\n|-singleturn|p1a: Zapdos|move: Roost\n|move|p2a: Pinsir|Return|p1a: Zapdos\n|-resisted|p1a: Zapdos\n|-damage|p1a: Zapdos|50/100\n|\n|upkeep\n|turn|18\n|\n|t:|1771219995\n|move|p1a: Zapdos|Volt Switch|p2a: Pinsir\n|-supereffective|p2a: Pinsir\n|-damage|p2a: Pinsir|23/100 par\n|\n|t:|1771219997\n|switch|p1a: Toxapex|Toxapex, F|100/100|[from] Volt Switch\n|-sideend|p1: Rootkitlo|move: Toxic Spikes|[of] p1a: Toxapex\n|move|p2a: Pinsir|Earthquake|p1a: Toxapex\n|-supereffective|p1a: Toxapex\n|-damage|p1a: Toxapex|37/100\n|\n|-heal|p1a: Toxapex|44/100|[from] item: Leftovers\n|upkeep\n|turn|19\n|\n|t:|1771220005\n|move|p1a: Toxapex|Baneful Bunker|p1a: Toxapex\n|-singleturn|p1a: Toxapex|move: Protect\n|cant|p2a: Pinsir|par\n|\n|-heal|p1a: Toxapex|50/100|[from] item: Leftovers\n|upkeep\n|turn|20\n|\n|t:|1771220008\n|switch|p1a: Zapdos|Zapdos|50/100\n|move|p2a: Pinsir|Swords Dance|p2a: Pinsir\n|-boost|p2a: Pinsir|atk|2\n|\n|upkeep\n|turn|21\n|\n|t:|1771220011\n|move|p2a: Pinsir|Quick Attack|p1a: Zapdos\n|-resisted|p1a: Zapdos\n|-damage|p1a: Zapdos|23/100\n|move|p1a: Zapdos|Volt Switch|p2a: Pinsir\n|-supereffective|p2a: Pinsir\n|-damage|p2a: Pinsir|0 fnt\n|faint|p2a: Pinsir\n|detailschange|p2: Pinsir|Pinsir, F|[silent]\n|\n|t:|1771220020\n|switch|p1a: Toxapex|Toxapex, F|83/100|[from] Volt Switch\n|\n|-heal|p1a: Toxapex|89/100|[from] item: Leftovers\n|upkeep\n|\n|t:|1771220025\n|switch|p2a: Hatterene|Hatterene, F|93/100\n|turn|22\n|\n|t:|1771220028\n|switch|p1a: Kingambit|Kingambit, M|96/100\n|-activate|p1a: Kingambit|ability: Supreme Overlord\n|-start|p1a: Kingambit|fallen1|[silent]\n|move|p2a: Hatterene|Nuzzle|p1a: Kingambit\n|-damage|p1a: Kingambit|93/100\n|-status|p1a: Kingambit|par\n|\n|-heal|p1a: Kingambit|99/100 par|[from] item: Leftovers\n|upkeep\n|turn|23\n|\n|t:|1771220035\n|switch|p2a: Alomomola|Alomomola, F|100/100\n|move|p1a: Kingambit|Knock Off|p2a: Alomomola\n|-damage|p2a: Alomomola|77/100\n|\n|-heal|p1a: Kingambit|100/100 par|[from] item: Leftovers\n|upkeep\n|turn|24\n|\n|t:|1771220043\n|-end|p1a: Kingambit|fallen1|[silent]\n|switch|p1a: Zapdos|Zapdos|23/100\n|move|p2a: Alomomola|Flip Turn|p1a: Zapdos\n|-damage|p1a: Zapdos|9/100\n|\n|t:|1771220049\n|switch|p2a: Rillaboom|Rillaboom, M|89/100|[from] Flip Turn\n|-fieldstart|move: Grassy Terrain|[from] ability: Grassy Surge|[of] p2a: Rillaboom\n|\n|-heal|p2a: Rillaboom|95/100|[from] Grassy Terrain\n|upkeep\n|turn|25\n|\n|t:|1771220053\n|move|p2a: Rillaboom|Grassy Glide|p1a: Zapdos\n|-resisted|p1a: Zapdos\n|-damage|p1a: Zapdos|0 fnt\n|faint|p1a: Zapdos\n|\n|-heal|p2a: Rillaboom|100/100|[from] Grassy Terrain\n|upkeep\n|\n|t:|1771220059\n|switch|p1a: Kingambit|Kingambit, M|100/100 par\n|-activate|p1a: Kingambit|ability: Supreme Overlord\n|-start|p1a: Kingambit|fallen2|[silent]\n|turn|26\n|\n|t:|1771220062\n|-end|p1a: Kingambit|fallen2|[silent]\n|switch|p1a: Kartana|Kartana|100/100\n|move|p2a: Rillaboom|Drain Punch|p1a: Kartana\n|-supereffective|p1a: Kartana\n|-damage|p1a: Kartana|42/100\n|\n|-heal|p1a: Kartana|48/100|[from] Grassy Terrain\n|upkeep\n|turn|27\n|\n|t:|1771220071\n|switch|p1a: Toxapex|Toxapex, F|100/100\n|move|p2a: Rillaboom|Drain Punch|p1a: Toxapex\n|-resisted|p1a: Toxapex\n|-damage|p1a: Toxapex|90/100\n|\n|-heal|p1a: Toxapex|96/100|[from] Grassy Terrain\n|-heal|p1a: Toxapex|100/100|[from] item: Leftovers\n|upkeep\n|turn|28\n|\n|t:|1771220078\n|switch|p2a: Hatterene|Hatterene, F|93/100\n|switch|p1a: Kartana|Kartana|48/100\n|\n|-heal|p1a: Kartana|54/100|[from] Grassy Terrain\n|-heal|p2a: Hatterene|99/100|[from] Grassy Terrain\n|-fieldend|move: Grassy Terrain\n|upkeep\n|turn|29\n|\n|t:|1771220083\n|switch|p2a: Alomomola|Alomomola, F|100/100\n|move|p1a: Kartana|Smart Strike|p2a: Alomomola\n|-resisted|p2a: Alomomola\n|-damage|p2a: Alomomola|88/100\n|\n|upkeep\n|turn|30\n|\n|t:|1771220088\n|switch|p1a: Kingambit|Kingambit, M|100/100 par\n|-activate|p1a: Kingambit|ability: Supreme Overlord\n|-start|p1a: Kingambit|fallen2|[silent]\n|move|p2a: Alomomola|Flip Turn|p1a: Kingambit\n|-damage|p1a: Kingambit|87/100 par\n|\n|t:|1771220091\n|switch|p2a: Rillaboom|Rillaboom, M|100/100|[from] Flip Turn\n|-fieldstart|move: Grassy Terrain|[from] ability: Grassy Surge|[of] p2a: Rillaboom\n|\n|-heal|p1a: Kingambit|93/100 par|[from] Grassy Terrain\n|-heal|p1a: Kingambit|99/100 par|[from] item: Leftovers\n|upkeep\n|turn|31\n|\n|t:|1771220096\n|move|p2a: Rillaboom|Swords Dance|p2a: Rillaboom\n|-boost|p2a: Rillaboom|atk|2\n|move|p1a: Kingambit|Knock Off|p2a: Rillaboom\n|-damage|p2a: Rillaboom|56/100\n|\n|-heal|p2a: Rillaboom|62/100|[from] Grassy Terrain\n|-heal|p1a: Kingambit|100/100 par|[from] Grassy Terrain\n|upkeep\n|turn|32\n|\n|t:|1771220099\n|cant|p1a: Kingambit|par\n|move|p2a: Rillaboom|Drain Punch|p1a: Kingambit\n|-supereffective|p1a: Kingambit\n|-damage|p1a: Kingambit|0 fnt\n|-heal|p2a: Rillaboom|100/100|[from] drain|[of] p1a: Kingambit\n|faint|p1a: Kingambit\n|-end|p1a: Kingambit|fallen2|[silent]\n|\n|upkeep\n|\n|t:|1771220102\n|switch|p1a: Zamazenta|Zamazenta|100/100\n|turn|33\n|\n|t:|1771220106\n|move|p2a: Rillaboom|Grassy Glide|p1a: Zamazenta\n|-damage|p1a: Zamazenta|48/100\n|move|p1a: Zamazenta|Iron Defense|p1a: Zamazenta\n|-boost|p1a: Zamazenta|def|2\n|\n|-heal|p1a: Zamazenta|55/100|[from] Grassy Terrain\n|-heal|p1a: Zamazenta|61/100|[from] item: Leftovers\n|upkeep\n|turn|34\n|\n|t:|1771220112\n|switch|p2a: Hatterene|Hatterene, F|99/100\n|move|p1a: Zamazenta|Iron Defense|p1a: Zamazenta\n|-boost|p1a: Zamazenta|def|2\n|\n|-heal|p1a: Zamazenta|67/100|[from] Grassy Terrain\n|-heal|p1a: Zamazenta|73/100|[from] item: Leftovers\n|-heal|p2a: Hatterene|100/100|[from] Grassy Terrain\n|-fieldend|move: Grassy Terrain\n|upkeep\n|turn|35\n|\n|t:|1771220119\n|move|p1a: Zamazenta|Substitute|p1a: Zamazenta\n|-start|p1a: Zamazenta|Substitute\n|-damage|p1a: Zamazenta|48/100\n|move|p2a: Hatterene|Psychic Noise|p1a: Zamazenta\n|-supereffective|p1a: Zamazenta\n|-damage|p1a: Zamazenta|0 fnt\n|faint|p1a: Zamazenta\n|\n|upkeep\n|-message|Rootkitlo forfeited.\n|\n|win|Crsiu\n|raw|Rootkitlo's rating: 1636 &rarr; <strong>1612</strong><br />(-24 for losing)\n|raw|Crsiu's rating: 1570 &rarr; <strong>1594</strong><br />(+24 for winning)\n|l|☆Rootkitlo\n|player|p1|\n|l|☆Crsiu\n|player|p2|\n", "uploadtime": 1771220347, "views": 5, "formatid": "gen9nationaldex", "rating": 1594, "private": 0, "password": null}