{"id": "gen9nationaldex-2540217596", "format": "[Gen 9] National Dex", "players": ["Jaycobi1017", "lepooker"], "log": "|j|☆Jaycobi1017\n|j|☆lepooker\n|t:|1771177014\n|gametype|singles\n|player|p1|Jaycobi1017|brycenman|1551\n|player|p2|lepooker|giovanni|1599\n|gen|9\n|tier|[Gen 9] National Dex\n|rated|\n|rule|HP Percentage Mod: HP is shown in percentages\n|rule|Endless Battle Clause: Forcing endless battles is banned\n|rule|Species Clause: Limit one of each Pokémon\n|rule|OHKO Clause: OHKO moves are banned\n|rule|Evasion Clause: Evasion abilities, items, and moves are banned\n|rule|Evasion Abilities Clause: Evasion abilities are banned\n|rule|Evasion Items Clause: Evasion items are banned\n|rule|Evasion Moves Clause: Evasion moves are banned\n|rule|Sleep Clause Mod: Limit one foe put to sleep\n|rule|Terastal Clause: You cannot Terastallize\n|clearpoke\n|poke|p1|Aerodactyl, F|\n|poke|p1|Samurott-Hisui, F|\n|poke|p1|Scizor, M|\n|poke|p1|Iron Valiant|\n|poke|p1|Great Tusk|\n|poke|p1|Toxapex, M|\n|poke|p2|Mamoswine, M|\n|poke|p2|Cinderace, F|\n|poke|p2|Raging Bolt|\n|poke|p2|Zamazenta-*|\n|poke|p2|Enamorus-Therian, F|\n|poke|p2|Kingambit, F|\n|teampreview\n|inactive|Battle timer is ON: inactive players will automatically lose when time's up. (requested by Jaycobi1017)\n|\n|t:|1771177022\n|teamsize|p1|6\n|teamsize|p2|6\n|start\n|switch|p1a: Samurott|Samurott-Hisui, F|100/100\n|switch|p2a: Mamoswine|Mamoswine, M|100/100\n|turn|1\n|\n|t:|1771177025\n|move|p1a: Samurott|Ceaseless Edge|p2a: Mamoswine|[miss]\n|-miss|p1a: Samurott|p2a: Mamoswine\n|move|p2a: Mamoswine|Earthquake|p1a: Samurott\n|-damage|p1a: Samurott|21/100\n|\n|upkeep\n|turn|2\n|\n|t:|1771177029\n|move|p1a: Samurott|Razor Shell|p2a: Mamoswine\n|-supereffective|p2a: Mamoswine\n|-enditem|p2a: Mamoswine|Focus Sash\n|-damage|p2a: Mamoswine|1/100\n|-unboost|p2a: Mamoswine|def|1\n|move|p2a: Mamoswine|Earthquake|p1a: Samurott\n|-damage|p1a: Samurott|0 fnt\n|faint|p1a: Samurott\n|\n|upkeep\n|j| BouCouMussDiss\n|\n|t:|1771177035\n|switch|p1a: Great Tusk|Great Tusk|100/100\n|turn|3\n|\n|t:|1771177041\n|move|p2a: Mamoswine|Icicle Crash|p1a: Great Tusk|[miss]\n|-miss|p2a: Mamoswine|p1a: Great Tusk\n|move|p1a: Great Tusk|Rapid Spin|p2a: Mamoswine\n|-damage|p2a: Mamoswine|0 fnt\n|-boost|p1a: Great Tusk|spe|1\n|faint|p2a: Mamoswine\n|\n|upkeep\n|c|☆lepooker|deserved\n|\n|t:|1771177046\n|switch|p2a: Enamorus|Enamorus-Therian, F|100/100\n|turn|4\n|\n|t:|1771177051\n|-end|p1a: Great Tusk|Protosynthesis|[silent]\n|switch|p1a: Scizor|Scizor, M|100/100\n|move|p2a: Enamorus|Iron Defense|p2a: Enamorus\n|-boost|p2a: Enamorus|def|2\n|\n|upkeep\n|turn|5\n|\n|t:|1771177057\n|move|p1a: Scizor|Bullet Punch|p2a: Enamorus\n|-supereffective|p2a: Enamorus\n|-damage|p2a: Enamorus|57/100\n|move|p2a: Enamorus|Iron Defense|p2a: Enamorus\n|-boost|p2a: Enamorus|def|2\n|\n|-heal|p2a: Enamorus|63/100|[from] item: Leftovers\n|upkeep\n|turn|6\n|\n|t:|1771177065\n|switch|p1a: Toxapex|Toxapex, M|100/100\n|move|p2a: Enamorus|Earth Power|p1a: Toxapex\n|-supereffective|p1a: Toxapex\n|-damage|p1a: Toxapex|69/100\n|\n|-heal|p2a: Enamorus|69/100|[from] item: Leftovers\n|-heal|p1a: Toxapex|75/100|[from] item: Black Sludge\n|upkeep\n|turn|7\n|\n|t:|1771177069\n|switch|p2a: Kingambit|Kingambit, F|100/100\n|-activate|p2a: Kingambit|ability: Supreme Overlord\n|-start|p2a: Kingambit|fallen1|[silent]\n|move|p1a: Toxapex|Haze|p1a: Toxapex\n|-clearallboost\n|\n|-heal|p1a: Toxapex|81/100|[from] item: Black Sludge\n|upkeep\n|turn|8\n|\n|t:|1771177075\n|switch|p1a: Great Tusk|Great Tusk|100/100\n|move|p2a: Kingambit|Swords Dance|p2a: Kingambit\n|-boost|p2a: Kingambit|atk|2\n|\n|upkeep\n|turn|9\n|\n|t:|1771177081\n|-end|p2a: Kingambit|fallen1|[silent]\n|switch|p2a: Enamorus|Enamorus-Therian, F|69/100\n|move|p1a: Great Tusk|Earthquake|p2a: Enamorus\n|-immune|p2a: Enamorus\n|\n|-heal|p2a: Enamorus|75/100|[from] item: Leftovers\n|upkeep\n|turn|10\n|\n|t:|1771177086\n|move|p1a: Great Tusk|Ice Spinner|p2a: Enamorus\n|-supereffective|p2a: Enamorus\n|-damage|p2a: Enamorus|41/100\n|move|p2a: Enamorus|Draining Kiss|p1a: Great Tusk\n|-supereffective|p1a: Great Tusk\n|-damage|p1a: Great Tusk|44/100\n|-heal|p2a: Enamorus|91/100|[from] drain|[of] p1a: Great Tusk\n|\n|-heal|p1a: Great Tusk|50/100|[from] item: Leftovers\n|-heal|p2a: Enamorus|97/100|[from] item: Leftovers\n|upkeep\n|turn|11\n|\n|t:|1771177092\n|-end|p1a: Great Tusk|Protosynthesis|[silent]\n|switch|p1a: Scizor|Scizor, M|100/100\n|move|p2a: Enamorus|Earth Power|p1a: Scizor\n|-damage|p1a: Scizor|71/100\n|-unboost|p1a: Scizor|spd|1\n|\n|-heal|p2a: Enamorus|100/100|[from] item: Leftovers\n|upkeep\n|turn|12\n|\n|t:|1771177096\n|switch|p2a: Raging Bolt|Raging Bolt|100/100\n|-enditem|p2a: Raging Bolt|Booster Energy\n|-activate|p2a: Raging Bolt|ability: Protosynthesis|[fromitem]\n|-start|p2a: Raging Bolt|protosynthesisspa\n|move|p1a: Scizor|Bullet Punch|p2a: Raging Bolt\n|-resisted|p2a: Raging Bolt\n|-damage|p2a: Raging Bolt|78/100\n|\n|upkeep\n|turn|13\n|\n|t:|1771177106\n|switch|p1a: Iron Valiant|Iron Valiant|100/100\n|-enditem|p1a: Iron Valiant|Booster Energy\n|-activate|p1a: Iron Valiant|ability: Quark Drive|[fromitem]\n|-start|p1a: Iron Valiant|quarkdrivespe\n|move|p2a: Raging Bolt|Dragon Pulse|p1a: Iron Valiant\n|-immune|p1a: Iron Valiant\n|\n|upkeep\n|turn|14\n|\n|t:|1771177116\n|move|p1a: Iron Valiant|Calm Mind|p1a: Iron Valiant\n|-boost|p1a: Iron Valiant|spa|1\n|-boost|p1a: Iron Valiant|spd|1\n|move|p2a: Raging Bolt|Thunderbolt|p1a: Iron Valiant\n|-damage|p1a: Iron Valiant|7/100\n|\n|upkeep\n|turn|15\n|\n|t:|1771177125\n|move|p2a: Raging Bolt|Thunderclap||[still]\n|-fail|p2a: Raging Bolt\n|move|p1a: Iron Valiant|Calm Mind|p1a: Iron Valiant\n|-boost|p1a: Iron Valiant|spa|1\n|-boost|p1a: Iron Valiant|spd|1\n|\n|upkeep\n|turn|16\n|\n|t:|1771177134\n|move|p2a: Raging Bolt|Thunderclap||[still]\n|-fail|p2a: Raging Bolt\n|move|p1a: Iron Valiant|Calm Mind|p1a: Iron Valiant\n|-boost|p1a: Iron Valiant|spa|1\n|-boost|p1a: Iron Valiant|spd|1\n|\n|upkeep\n|turn|17\n|\n|t:|1771177136\n|move|p2a: Raging Bolt|Thunderclap||[still]\n|-fail|p2a: Raging Bolt\n|move|p1a: Iron Valiant|Calm Mind|p1a: Iron Valiant\n|-boost|p1a: Iron Valiant|spa|1\n|-boost|p1a: Iron Valiant|spd|1\n|\n|upkeep\n|turn|18\n|\n|t:|1771177140\n|move|p2a: Raging Bolt|Thunderclap|p1a: Iron Valiant\n|-damage|p1a: Iron Valiant|0 fnt\n|faint|p1a: Iron Valiant\n|-end|p1a: Iron Valiant|Quark Drive|[silent]\n|\n|upkeep\n|\n|t:|1771177144\n|switch|p1a: Great Tusk|Great Tusk|50/100\n|turn|19\n|\n|t:|1771177149\n|move|p2a: Raging Bolt|Dragon Pulse|p1a: Great Tusk\n|-damage|p1a: Great Tusk|0 fnt\n|faint|p1a: Great Tusk\n|-end|p1a: Great Tusk|Protosynthesis|[silent]\n|\n|upkeep\n|-message|Jaycobi1017 forfeited.\n|\n|win|lepooker\n|raw|Jaycobi1017's rating: 1551 &rarr; <strong>1534</strong><br />(-17 for losing)\n|raw|lepooker's rating: 1599 &rarr; <strong>1616</strong><br />(+17 for winning)\n|l|☆Jaycobi1017\n|player|p1|\n|l| BouCouMussDiss\n|l|☆lepooker\n|player|p2|\n", "uploadtime": 1771177407, "views": 12, "formatid": "gen9nationaldex", "rating": 1534, "private": 0, "password": null}