{"id": "gen9nationaldex-2540403084", "format": "[Gen 9] National Dex", "players": ["testingnewteams314", "fatw"], "log": "|j|☆testingnewteams314\n|j|☆fatw\n|t:|1771197745\n|gametype|singles\n|player|p1|testingnewteams314|miku-grass|1664\n|player|p2|fatw|1|1560\n|gen|9\n|tier|[Gen 9] National Dex\n|rated|\n|rule|HP Percentage Mod: HP is shown in percentages\n|rule|Endless Battle Clause: Forcing endless battles is banned\n|rule|Species Clause: Limit one of each Pokémon\n|rule|OHKO Clause: OHKO moves are banned\n|rule|Evasion Clause: Evasion abilities, items, and moves are banned\n|rule|Evasion Abilities Clause: Evasion abilities are banned\n|rule|Evasion Items Clause: Evasion items are banned\n|rule|Evasion Moves Clause: Evasion moves are banned\n|rule|Sleep Clause Mod: Limit one foe put to sleep\n|rule|Terastal Clause: You cannot Terastallize\n|clearpoke\n|poke|p1|Kingambit, M|\n|poke|p1|Garchomp, F|\n|poke|p1|Zapdos|\n|poke|p1|Slowking-Galar, F|\n|poke|p1|Diancie|\n|poke|p1|Urshifu-*, M|\n|poke|p2|Pelipper, F|\n|poke|p2|Barraskewda, F|\n|poke|p2|Kingdra, M|\n|poke|p2|Ferrothorn, M|\n|poke|p2|Dragonite, M|\n|poke|p2|Ting-Lu|\n|teampreview\n|inactive|Battle timer is ON: inactive players will automatically lose when time's up. (requested by testingnewteams314)\n|\n|t:|1771197759\n|teamsize|p1|6\n|teamsize|p2|6\n|start\n|switch|p1a: deadz|Kingambit, M, shiny|100/100\n|switch|p2a: Pelipper|Pelipper, F|100/100\n|-weather|RainDance|[from] ability: Drizzle|[of] p2a: Pelipper\n|turn|1\n|\n|t:|1771197763\n|move|p1a: deadz|Knock Off|p2a: Pelipper\n|-damage|p2a: Pelipper|60/100\n|-enditem|p2a: Pelipper|Damp Rock|[from] move: Knock Off|[of] p1a: deadz\n|move|p2a: Pelipper|Scald|p1a: deadz\n|-damage|p1a: deadz|55/100\n|-status|p1a: deadz|brn\n|\n|-weather|RainDance|[upkeep]\n|-heal|p1a: deadz|61/100 brn|[from] item: Leftovers\n|-damage|p1a: deadz|55/100 brn|[from] brn\n|upkeep\n|turn|2\n|\n|t:|1771197776\n|-end|p1a: deadz|fallenundefined|[silent]\n|switch|p1a: zapgoat|Zapdos|100/100\n|move|p2a: Pelipper|Roost|p2a: Pelipper\n|-heal|p2a: Pelipper|100/100\n|-singleturn|p2a: Pelipper|move: Roost\n|\n|-weather|RainDance|[upkeep]\n|upkeep\n|turn|3\n|\n|t:|1771197783\n|switch|p1a: master shifu|Urshifu-Rapid-Strike, M|100/100\n|switch|p2a: Ferrothorn|Ferrothorn, M|100/100\n|\n|-weather|RainDance|[upkeep]\n|upkeep\n|turn|4\n|\n|t:|1771197792\n|move|p1a: master shifu|Close Combat|p2a: Ferrothorn\n|-supereffective|p2a: Ferrothorn\n|-damage|p2a: Ferrothorn|20/100\n|-unboost|p1a: master shifu|def|1\n|-unboost|p1a: master shifu|spd|1\n|-damage|p1a: master shifu|88/100|[from] ability: Iron Barbs|[of] p2a: Ferrothorn\n|-enditem|p2a: Ferrothorn|Eject Button\n|\n|t:|1771197803\n|switch|p2a: Kingdra|Kingdra, M|100/100\n|\n|-weather|RainDance|[upkeep]\n|upkeep\n|turn|5\n|\n|t:|1771197826\n|switch|p1a: deadz|Kingambit, M, shiny|55/100 brn\n|move|p2a: Kingdra|Weather Ball|p1a: deadz\n|-damage|p1a: deadz|0 fnt\n|faint|p1a: deadz\n|-end|p1a: deadz|fallenundefined|[silent]\n|\n|-weather|RainDance|[upkeep]\n|upkeep\n|\n|t:|1771197828\n|switch|p1a: pluto|Slowking-Galar, F, shiny|100/100\n|turn|6\n|\n|t:|1771197841\n|switch|p2a: Barraskewda|Barraskewda, F|100/100\n|-prepare|p1a: pluto|Chilly Reception|[premajor]\n|move|p1a: pluto|Chilly Reception|p1a: pluto\n|-weather|Snowscape\n|\n|t:|1771197848\n|switch|p1a: mr chomper|Garchomp, F|100/100|[from] Chilly Reception\n|\n|-weather|Snowscape|[upkeep]\n|upkeep\n|turn|7\n|\n|t:|1771197871\n|move|p2a: Barraskewda|Flip Turn|p1a: mr chomper\n|-damage|p1a: mr chomper|55/100\n|-damage|p2a: Barraskewda|88/100|[from] ability: Rough Skin|[of] p1a: mr chomper\n|\n|t:|1771197873\n|switch|p2a: Pelipper|Pelipper, F|100/100|[from] Flip Turn\n|-weather|RainDance|[from] ability: Drizzle|[of] p2a: Pelipper\n|move|p1a: mr chomper|Stealth Rock|p2a: Pelipper\n|-sidestart|p2: fatw|move: Stealth Rock\n|\n|-weather|RainDance|[upkeep]\n|upkeep\n|turn|8\n|\n|t:|1771197877\n|-zpower|p1a: mr chomper\n|move|p1a: mr chomper|Devastating Drake|p2a: Pelipper|[zeffect]\n|-damage|p2a: Pelipper|21/100\n|move|p2a: Pelipper|Defog|p1a: mr chomper\n|-unboost|p1a: mr chomper|evasion|1\n|-sideend|p2: fatw|Stealth Rock|[from] move: Defog|[of] p2a: Pelipper\n|\n|-weather|RainDance|[upkeep]\n|upkeep\n|turn|9\n|\n|t:|1771197889\n|switch|p2a: Ferrothorn|Ferrothorn, M|20/100\n|move|p1a: mr chomper|Stealth Rock|p2a: Ferrothorn\n|-sidestart|p2: fatw|move: Stealth Rock\n|\n|-weather|RainDance|[upkeep]\n|upkeep\n|turn|10\n|\n|t:|1771197892\n|move|p1a: mr chomper|Earthquake|p2a: Ferrothorn\n|-damage|p2a: Ferrothorn|0 fnt\n|faint|p2a: Ferrothorn\n|\n|-weather|RainDance|[upkeep]\n|upkeep\n|\n|t:|1771197895\n|switch|p2a: Kingdra|Kingdra, M|100/100\n|-damage|p2a: Kingdra|88/100|[from] Stealth Rock\n|turn|11\n|\n|t:|1771197900\n|switch|p1a: pluto|Slowking-Galar, F, shiny|100/100\n|move|p2a: Kingdra|Flip Turn|p1a: pluto\n|-damage|p1a: pluto|73/100\n|\n|t:|1771197902\n|switch|p2a: Ting-Lu|Ting-Lu|100/100|[from] Flip Turn\n|-damage|p2a: Ting-Lu|94/100|[from] Stealth Rock\n|-ability|p2a: Ting-Lu|Vessel of Ruin\n|\n|-weather|none\n|upkeep\n|turn|12\n|\n|t:|1771197925\n|switch|p1a: icl i’m shiesty|Diancie, shiny|100/100\n|move|p2a: Ting-Lu|Throat Chop|p1a: icl i’m shiesty\n|-resisted|p1a: icl i’m shiesty\n|-damage|p1a: icl i’m shiesty|67/100\n|-start|p1a: icl i’m shiesty|Throat Chop|[silent]\n|\n|upkeep\n|turn|13\n|\n|t:|1771197934\n|switch|p2a: Pelipper|Pelipper, F|21/100\n|-damage|p2a: Pelipper|0 fnt|[from] Stealth Rock\n|faint|p2a: Pelipper\n|move|p1a: icl i’m shiesty|Moonblast|p2: Pelipper|[notarget]\n|-fail|p1a: icl i’m shiesty\n|\n|-end|p1a: icl i’m shiesty|Throat Chop|[silent]\n|upkeep\n|\n|t:|1771197936\n|switch|p2a: Barraskewda|Barraskewda, F|88/100\n|-damage|p2a: Barraskewda|76/100|[from] Stealth Rock\n|turn|14\n|\n|t:|1771197942\n|switch|p1a: master shifu|Urshifu-Rapid-Strike, M|88/100\n|move|p2a: Barraskewda|Flip Turn|p1a: master shifu\n|-resisted|p1a: master shifu\n|-damage|p1a: master shifu|62/100\n|\n|t:|1771197951\n|switch|p2a: Dragonite|Dragonite, M|100/100|[from] Flip Turn\n|-damage|p2a: Dragonite|76/100|[from] Stealth Rock\n|\n|upkeep\n|turn|15\n|\n|t:|1771197955\n|move|p1a: master shifu|Ice Spinner|p2a: Dragonite\n|-supereffective|p2a: Dragonite\n|-damage|p2a: Dragonite|0 fnt\n|faint|p2a: Dragonite\n|\n|upkeep\n|\n|t:|1771197959\n|switch|p2a: Kingdra|Kingdra, M|88/100\n|-damage|p2a: Kingdra|76/100|[from] Stealth Rock\n|turn|16\n|\n|t:|1771197965\n|switch|p1a: mr chomper|Garchomp, F|55/100\n|move|p2a: Kingdra|Hurricane|p1a: mr chomper|[miss]\n|-miss|p2a: Kingdra|p1a: mr chomper\n|\n|upkeep\n|turn|17\n|\n|t:|1771197970\n|move|p1a: mr chomper|Outrage|p2a: Kingdra\n|-supereffective|p2a: Kingdra\n|-damage|p2a: Kingdra|0 fnt\n|faint|p2a: Kingdra\n|\n|upkeep\n|-message|fatw forfeited.\n|\n|win|testingnewteams314\n|raw|testingnewteams314's rating: 1664 &rarr; <strong>1678</strong><br />(+14 for winning)\n|raw|fatw's rating: 1560 &rarr; <strong>1546</strong><br />(-14 for losing)\n|l|☆fatw\n|player|p2|\n", "uploadtime": 1771198190, "views": 11, "formatid": "gen9nationaldex", "rating": 1546, "private": 0, "password": null}