{"id": "gen9nationaldex-2540582066", "format": "[Gen 9] National Dex", "players": ["AyyOmega", "WangShixiong"], "log": "|j|☆AyyOmega\n|j|☆WangShixiong\n|t:|1771221609\n|gametype|singles\n|player|p1|AyyOmega|102|1645\n|player|p2|WangShixiong|cynthia-gen4|1764\n|gen|9\n|tier|[Gen 9] National Dex\n|rated|\n|rule|HP Percentage Mod: HP is shown in percentages\n|rule|Endless Battle Clause: Forcing endless battles is banned\n|rule|Species Clause: Limit one of each Pokémon\n|rule|OHKO Clause: OHKO moves are banned\n|rule|Evasion Clause: Evasion abilities, items, and moves are banned\n|rule|Evasion Abilities Clause: Evasion abilities are banned\n|rule|Evasion Items Clause: Evasion items are banned\n|rule|Evasion Moves Clause: Evasion moves are banned\n|rule|Sleep Clause Mod: Limit one foe put to sleep\n|rule|Terastal Clause: You cannot Terastallize\n|clearpoke\n|poke|p1|Tapu Koko|\n|poke|p1|Iron Valiant|\n|poke|p1|Tyranitar, M|\n|poke|p1|Zapdos|\n|poke|p1|Alomomola, M|\n|poke|p1|Garchomp, F|\n|poke|p2|Zamazenta-*|\n|poke|p2|Kingambit, M|\n|poke|p2|Ceruledge, M|\n|poke|p2|Landorus-Therian, M|\n|poke|p2|Diancie|\n|poke|p2|Ogerpon-Wellspring, F|\n|teampreview\n|inactive|Battle timer is ON: inactive players will automatically lose when time's up. (requested by WangShixiong)\n|inactive|AyyOmega has 120 seconds left.\n|\n|t:|1771221649\n|teamsize|p1|6\n|teamsize|p2|6\n|start\n|switch|p1a: Garchomp|Garchomp, F|100/100\n|switch|p2a: 旺仔小乔|Diancie, shiny|100/100\n|turn|1\n|\n|t:|1771221651\n|switch|p2a: 超雄|Landorus-Therian, M|100/100\n|-ability|p2a: 超雄|Intimidate|boost\n|-unboost|p1a: Garchomp|atk|1\n|move|p1a: Garchomp|Earthquake|p2a: 超雄\n|-immune|p2a: 超雄\n|\n|upkeep\n|turn|2\n|\n|t:|1771221657\n|move|p2a: 超雄|Stealth Rock|p1a: Garchomp\n|-sidestart|p1: AyyOmega|move: Stealth Rock\n|move|p1a: Garchomp|Toxic|p2a: 超雄\n|-status|p2a: 超雄|tox\n|\n|-damage|p2a: 超雄|94/100 tox|[from] psn\n|upkeep\n|turn|3\n|\n|t:|1771221661\n|move|p2a: 超雄|Taunt|p1a: Garchomp\n|-start|p1a: Garchomp|move: Taunt\n|cant|p1a: Garchomp|move: Taunt|Stealth Rock\n|\n|-damage|p2a: 超雄|82/100 tox|[from] psn\n|upkeep\n|turn|4\n|\n|t:|1771221665\n|move|p2a: 超雄|Earthquake|p1a: Garchomp\n|-damage|p1a: Garchomp|63/100\n|move|p1a: Garchomp|Dragon Tail|p2a: 超雄\n|-damage|p2a: 超雄|64/100 tox\n|drag|p2a: 黑手|Ceruledge, M|100/100\n|\n|upkeep\n|turn|5\n|\n|t:|1771221672\n|switch|p2a: 旺仔小乔|Diancie, shiny|100/100\n|move|p1a: Garchomp|Earthquake|p2a: 旺仔小乔\n|-supereffective|p2a: 旺仔小乔\n|-damage|p2a: 旺仔小乔|40/100\n|\n|-end|p1a: Garchomp|move: Taunt\n|upkeep\n|turn|6\n|\n|t:|1771221678\n|switch|p1a: Alomomola|Alomomola, M|100/100\n|-damage|p1a: Alomomola|88/100|[from] Stealth Rock\n|detailschange|p2a: 旺仔小乔|Diancie-Mega, shiny\n|-mega|p2a: 旺仔小乔|Diancie|Diancite\n|move|p2a: 旺仔小乔|Moonblast|p1a: Alomomola\n|-crit|p1a: Alomomola\n|-damage|p1a: Alomomola|42/100\n|-unboost|p1a: Alomomola|spa|1\n|\n|upkeep\n|turn|7\n|\n|t:|1771221682\n|switch|p2a: 愚者|Ogerpon-Wellspring, F|100/100\n|move|p1a: Alomomola|Flip Turn|p2a: 愚者\n|-immune|p2a: 愚者|[from] ability: Water Absorb\n|\n|upkeep\n|turn|8\n|\n|t:|1771221685\n|switch|p1a: Zapdos|Zapdos|100/100\n|move|p2a: 愚者|Ivy Cudgel|p1a: Zapdos|[anim] Ivy Cudgel Water\n|-damage|p1a: Zapdos|54/100\n|\n|upkeep\n|turn|9\n|\n|t:|1771221688\n|move|p2a: 愚者|Ivy Cudgel|p1a: Zapdos|[anim] Ivy Cudgel Water\n|-damage|p1a: Zapdos|11/100\n|move|p1a: Zapdos|Volt Switch|p2a: 愚者\n|-damage|p2a: 愚者|66/100\n|\n|t:|1771221691\n|switch|p1a: Tapu Koko|Tapu Koko|100/100|[from] Volt Switch\n|-damage|p1a: Tapu Koko|88/100|[from] Stealth Rock\n|-fieldstart|move: Electric Terrain|[from] ability: Electric Surge|[of] p1a: Tapu Koko\n|\n|upkeep\n|turn|10\n|\n|t:|1771221698\n|switch|p2a: 超雄|Landorus-Therian, M|64/100 tox\n|-ability|p2a: 超雄|Intimidate|boost\n|-unboost|p1a: Tapu Koko|atk|1\n|move|p1a: Tapu Koko|U-turn|p2a: 超雄\n|-resisted|p2a: 超雄\n|-damage|p2a: 超雄|59/100 tox\n|\n|t:|1771221700\n|switch|p1a: Iron Valiant|Iron Valiant|100/100|[from] U-turn\n|-damage|p1a: Iron Valiant|94/100|[from] Stealth Rock\n|-activate|p1a: Iron Valiant|ability: Quark Drive\n|-start|p1a: Iron Valiant|quarkdrivespa\n|\n|-damage|p2a: 超雄|52/100 tox|[from] psn\n|upkeep\n|turn|11\n|\n|t:|1771221704\n|switch|p2a: 黑手|Ceruledge, M|100/100\n|move|p1a: Iron Valiant|Moonblast|p2a: 黑手\n|-resisted|p2a: 黑手\n|-damage|p2a: 黑手|44/100\n|\n|upkeep\n|turn|12\n|\n|t:|1771221710\n|switch|p2a: 旺仔小乔|Diancie-Mega, shiny|40/100\n|move|p1a: Iron Valiant|Moonblast|p2a: 旺仔小乔\n|-damage|p2a: 旺仔小乔|0 fnt\n|faint|p2a: 旺仔小乔\n|detailschange|p2: 旺仔小乔|Diancie, shiny|[silent]\n|\n|upkeep\n|\n|t:|1771221713\n|switch|p2a: 不战而退人之兵|Kingambit, M|100/100\n|-activate|p2a: 不战而退人之兵|ability: Supreme Overlord\n|-start|p2a: 不战而退人之兵|fallen1|[silent]\n|-item|p2a: 不战而退人之兵|Air Balloon\n|turn|13\n|\n|t:|1771221724\n|-end|p1a: Iron Valiant|Quark Drive|[silent]\n|switch|p1a: Tyranitar|Tyranitar, M|100/100\n|-damage|p1a: Tyranitar|88/100|[from] Stealth Rock\n|-weather|Sandstorm|[from] ability: Sand Stream|[of] p1a: Tyranitar\n|move|p2a: 不战而退人之兵|Knock Off|p1a: Tyranitar\n|-resisted|p1a: Tyranitar\n|-damage|p1a: Tyranitar|70/100\n|\n|-weather|Sandstorm|[upkeep]\n|-fieldend|move: Electric Terrain\n|upkeep\n|turn|14\n|\n|t:|1771221727\n|-end|p2a: 不战而退人之兵|fallen1|[silent]\n|switch|p2a: 超雄|Landorus-Therian, M|52/100 tox\n|-ability|p2a: 超雄|Intimidate|boost\n|-unboost|p1a: Tyranitar|atk|1\n|detailschange|p1a: Tyranitar|Tyranitar-Mega, M\n|-mega|p1a: Tyranitar|Tyranitar|Tyranitarite\n|move|p1a: Tyranitar|Low Kick|p2a: 超雄\n|-resisted|p2a: 超雄\n|-damage|p2a: 超雄|40/100 tox\n|\n|-weather|Sandstorm|[upkeep]\n|-damage|p2a: 超雄|33/100 tox|[from] psn\n|upkeep\n|turn|15\n|\n|t:|1771221740\n|switch|p1a: Alomomola|Alomomola, M|76/100\n|-damage|p1a: Alomomola|63/100|[from] Stealth Rock\n|move|p2a: 超雄|Earthquake|p1a: Alomomola\n|-damage|p1a: Alomomola|32/100\n|\n|-weather|Sandstorm|[upkeep]\n|-damage|p1a: Alomomola|26/100|[from] Sandstorm\n|-damage|p2a: 超雄|21/100 tox|[from] psn\n|upkeep\n|turn|16\n|-enditem|p2a: 超雄|Custap Berry|[eat]\n|-activate|p2a: 超雄|item: Custap Berry|[consumed]\n|\n|t:|1771221750\n|switch|p1a: Zapdos|Zapdos|11/100\n|move|p2a: 超雄|Explosion|p1a: Zapdos\n|-damage|p1a: Zapdos|0 fnt\n|faint|p2a: 超雄\n|faint|p1a: Zapdos\n|\n|-weather|Sandstorm|[upkeep]\n|upkeep\n|\n|t:|1771221768\n|switch|p2a: 愚者|Ogerpon-Wellspring, F|66/100\n|switch|p1a: Tapu Koko|Tapu Koko|88/100\n|-damage|p1a: Tapu Koko|76/100|[from] Stealth Rock\n|-fieldstart|move: Electric Terrain|[from] ability: Electric Surge|[of] p1a: Tapu Koko\n|turn|17\n|\n|t:|1771221771\n|-zpower|p1a: Tapu Koko\n|move|p1a: Tapu Koko|Gigavolt Havoc|p2a: 愚者|[zeffect]\n|-damage|p2a: 愚者|0 fnt\n|faint|p2a: 愚者\n|\n|-weather|none\n|upkeep\n|\n|t:|1771221776\n|switch|p2a: Mamba out|Zamazenta|100/100\n|-ability|p2a: Mamba out|Dauntless Shield|boost\n|-boost|p2a: Mamba out|def|1\n|turn|18\n|\n|t:|1771221780\n|move|p2a: Mamba out|Iron Defense|p2a: Mamba out\n|-boost|p2a: Mamba out|def|2\n|move|p1a: Tapu Koko|Dazzling Gleam|p2a: Mamba out\n|-supereffective|p2a: Mamba out\n|-damage|p2a: Mamba out|49/100\n|\n|-heal|p2a: Mamba out|56/100|[from] item: Leftovers\n|upkeep\n|turn|19\n|\n|t:|1771221790\n|move|p2a: Mamba out|Body Press|p1a: Tapu Koko\n|-resisted|p1a: Tapu Koko\n|-crit|p1a: Tapu Koko\n|-damage|p1a: Tapu Koko|0 fnt\n|faint|p1a: Tapu Koko\n|\n|-heal|p2a: Mamba out|62/100|[from] item: Leftovers\n|upkeep\n|\n|t:|1771221793\n|switch|p1a: Iron Valiant|Iron Valiant|94/100\n|-damage|p1a: Iron Valiant|88/100|[from] Stealth Rock\n|-activate|p1a: Iron Valiant|ability: Quark Drive\n|-start|p1a: Iron Valiant|quarkdrivespa\n|turn|20\n|\n|t:|1771221797\n|move|p2a: Mamba out|Body Press|p1a: Iron Valiant\n|-resisted|p1a: Iron Valiant\n|-damage|p1a: Iron Valiant|38/100\n|move|p1a: Iron Valiant|Moonblast|p2a: Mamba out\n|-supereffective|p2a: Mamba out\n|-damage|p2a: Mamba out|0 fnt\n|faint|p2a: Mamba out\n|\n|upkeep\n|\n|t:|1771221800\n|switch|p2a: 不战而退人之兵|Kingambit, M|100/100\n|-activate|p2a: 不战而退人之兵|ability: Supreme Overlord\n|-start|p2a: 不战而退人之兵|fallen4|[silent]\n|-item|p2a: 不战而退人之兵|Air Balloon\n|turn|21\n|\n|t:|1771221803\n|move|p1a: Iron Valiant|Moonblast|p2a: 不战而退人之兵\n|-damage|p2a: 不战而退人之兵|0 fnt\n|-enditem|p2a: 不战而退人之兵|Air Balloon\n|faint|p2a: 不战而退人之兵\n|-end|p2a: 不战而退人之兵|fallen4|[silent]\n|\n|-fieldend|move: Electric Terrain\n|-end|p1a: Iron Valiant|Quark Drive\n|upkeep\n|-message|WangShixiong forfeited.\n|\n|win|AyyOmega\n|raw|AyyOmega's rating: 1645 &rarr; <strong>1672</strong><br />(+27 for winning)\n|raw|WangShixiong's rating: 1764 &rarr; <strong>1737</strong><br />(-27 for losing)\n|l|☆WangShixiong\n|player|p2|\n|l|☆AyyOmega\n|player|p1|\n", "uploadtime": 1771221999, "views": 6, "formatid": "gen9nationaldex", "rating": 1672, "private": 0, "password": null}