{"id": "gen9nationaldex-2540396860", "format": "[Gen 9] National Dex", "players": ["starebirdxx", "testingnewteams314"], "log": "|j|☆starebirdxx\n|j|☆testingnewteams314\n|t:|1771196992\n|gametype|singles\n|player|p1|starebirdxx|rosa|1695\n|player|p2|testingnewteams314|miku-grass|1693\n|gen|9\n|tier|[Gen 9] National Dex\n|rated|\n|rule|HP Percentage Mod: HP is shown in percentages\n|rule|Endless Battle Clause: Forcing endless battles is banned\n|rule|Species Clause: Limit one of each Pokémon\n|rule|OHKO Clause: OHKO moves are banned\n|rule|Evasion Clause: Evasion abilities, items, and moves are banned\n|rule|Evasion Abilities Clause: Evasion abilities are banned\n|rule|Evasion Items Clause: Evasion items are banned\n|rule|Evasion Moves Clause: Evasion moves are banned\n|rule|Sleep Clause Mod: Limit one foe put to sleep\n|rule|Terastal Clause: You cannot Terastallize\n|clearpoke\n|poke|p1|Hatterene, F|\n|poke|p1|Cresselia, F|\n|poke|p1|Porygon2|\n|poke|p1|Ursaluna, M|\n|poke|p1|Mawile, F|\n|poke|p1|Marowak-Alola, M|\n|poke|p2|Kingambit, F|\n|poke|p2|Garchomp, F|\n|poke|p2|Zapdos|\n|poke|p2|Slowking-Galar, M|\n|poke|p2|Diancie|\n|poke|p2|Urshifu-*, M|\n|teampreview\n|inactive|Battle timer is ON: inactive players will automatically lose when time's up. (requested by testingnewteams314)\n|\n|t:|1771197012\n|teamsize|p1|6\n|teamsize|p2|6\n|start\n|switch|p1a: Mawile|Mawile, F|100/100\n|switch|p2a: deadz|Kingambit, F, shiny|100/100\n|-ability|p1a: Mawile|Intimidate|boost\n|-unboost|p2a: deadz|atk|1\n|turn|1\n|\n|t:|1771197037\n|-end|p2a: deadz|fallenundefined|[silent]\n|switch|p2a: pluto|Slowking-Galar, M, shiny|100/100\n|detailschange|p1a: Mawile|Mawile-Mega, F\n|-mega|p1a: Mawile|Mawile|Mawilite\n|move|p1a: Mawile|Play Rough|p2a: pluto\n|-resisted|p2a: pluto\n|-damage|p2a: pluto|56/100\n|-unboost|p2a: pluto|atk|1\n|\n|upkeep\n|turn|2\n|inactive|testingnewteams314 has 120 seconds left.\n|\n|t:|1771197061\n|switch|p2a: mr chomper|Garchomp, F|100/100\n|move|p1a: Mawile|Knock Off|p2a: mr chomper\n|-crit|p2a: mr chomper\n|-damage|p2a: mr chomper|33/100\n|-damage|p1a: Mawile|88/100|[from] ability: Rough Skin|[of] p2a: mr chomper\n|\n|upkeep\n|turn|3\n|\n|t:|1771197069\n|switch|p1a: Cresselia|Cresselia, F|100/100\n|move|p2a: mr chomper|Stealth Rock|p1a: Cresselia\n|-sidestart|p1: starebirdxx|move: Stealth Rock\n|\n|upkeep\n|turn|4\n|inactive|testingnewteams314 has 120 seconds left.\n|\n|t:|1771197102\n|-zpower|p2a: mr chomper\n|move|p2a: mr chomper|Devastating Drake|p1a: Cresselia|[zeffect]\n|-damage|p1a: Cresselia|46/100\n|move|p1a: Cresselia|Trick Room|p1a: Cresselia\n|-fieldstart|move: Trick Room|[of] p1a: Cresselia\n|\n|upkeep\n|turn|5\n|\n|t:|1771197107\n|move|p1a: Cresselia|Moonlight|p1a: Cresselia\n|-heal|p1a: Cresselia|96/100\n|move|p2a: mr chomper|Outrage|p1a: Cresselia\n|-damage|p1a: Cresselia|64/100\n|-damage|p2a: mr chomper|16/100|[from] item: Rocky Helmet|[of] p1a: Cresselia\n|\n|upkeep\n|turn|6\n|\n|t:|1771197109\n|move|p1a: Cresselia|Ice Beam|p2a: mr chomper\n|-supereffective|p2a: mr chomper\n|-damage|p2a: mr chomper|0 fnt\n|faint|p2a: mr chomper\n|\n|upkeep\n|\n|t:|1771197112\n|switch|p2a: deadz|Kingambit, F, shiny|100/100\n|-activate|p2a: deadz|ability: Supreme Overlord\n|-start|p2a: deadz|fallen1|[silent]\n|turn|7\n|\n|t:|1771197123\n|switch|p1a: Mawile|Mawile-Mega, F|88/100\n|-damage|p1a: Mawile|82/100|[from] Stealth Rock\n|move|p2a: deadz|Knock Off|p1a: Mawile\n|-resisted|p1a: Mawile\n|-damage|p1a: Mawile|65/100\n|\n|upkeep\n|turn|8\n|\n|t:|1771197142\n|-end|p2a: deadz|fallen1|[silent]\n|switch|p2a: pluto|Slowking-Galar, M, shiny|90/100\n|move|p1a: Mawile|Play Rough|p2a: pluto\n|-resisted|p2a: pluto\n|-damage|p2a: pluto|41/100\n|\n|-fieldend|move: Trick Room\n|upkeep\n|turn|9\n|\n|t:|1771197146\n|move|p1a: Mawile|Knock Off|p2a: pluto\n|-supereffective|p2a: pluto\n|-damage|p2a: pluto|0 fnt\n|-enditem|p2a: pluto|Heavy-Duty Boots|[from] move: Knock Off|[of] p1a: Mawile\n|faint|p2a: pluto\n|\n|upkeep\n|\n|t:|1771197149\n|switch|p2a: icl i’m shiesty|Diancie, shiny|100/100\n|turn|10\n|\n|t:|1771197154\n|switch|p1a: Porygon2|Porygon2|100/100\n|-damage|p1a: Porygon2|88/100|[from] Stealth Rock\n|-ability|p1a: Porygon2|Clear Body|Trace|[from] ability: Trace|[of] p2a: icl i’m shiesty\n|detailschange|p2a: icl i’m shiesty|Diancie-Mega, shiny\n|-mega|p2a: icl i’m shiesty|Diancie|Diancite\n|move|p2a: icl i’m shiesty|Earth Power|p1a: Porygon2\n|-damage|p1a: Porygon2|70/100\n|\n|upkeep\n|turn|11\n|\n|t:|1771197170\n|switch|p2a: deadz|Kingambit, F, shiny|100/100\n|-activate|p2a: deadz|ability: Supreme Overlord\n|-start|p2a: deadz|fallen2|[silent]\n|move|p1a: Porygon2|Trick Room|p1a: Porygon2\n|-fieldstart|move: Trick Room|[of] p1a: Porygon2\n|\n|upkeep\n|turn|12\n|\n|t:|1771197175\n|move|p2a: deadz|Swords Dance|p2a: deadz\n|-boost|p2a: deadz|atk|2\n|move|p1a: Porygon2|Teleport|p1a: Porygon2\n|\n|t:|1771197177\n|switch|p1a: Ursaluna|Ursaluna, M|100/100|[from] Teleport\n|-damage|p1a: Ursaluna|94/100|[from] Stealth Rock\n|\n|-status|p1a: Ursaluna|brn|[from] item: Flame Orb\n|upkeep\n|turn|13\n|inactive|testingnewteams314 has 120 seconds left.\n|\n|t:|1771197214\n|move|p2a: deadz|Sucker Punch|p1a: Ursaluna\n|-damage|p1a: Ursaluna|32/100 brn\n|move|p1a: Ursaluna|Headlong Rush|p2a: deadz\n|-supereffective|p2a: deadz\n|-damage|p2a: deadz|0 fnt\n|-unboost|p1a: Ursaluna|def|1\n|-unboost|p1a: Ursaluna|spd|1\n|faint|p2a: deadz\n|-end|p2a: deadz|fallen2|[silent]\n|\n|-damage|p1a: Ursaluna|26/100 brn|[from] brn\n|upkeep\n|\n|t:|1771197225\n|switch|p2a: zapgoat|Zapdos|100/100\n|turn|14\n|\n|t:|1771197229\n|move|p1a: Ursaluna|Facade|p2a: zapgoat\n|-damage|p2a: zapgoat|18/100\n|move|p2a: zapgoat|Heat Wave|p1a: Ursaluna\n|-damage|p1a: Ursaluna|0 fnt\n|faint|p1a: Ursaluna\n|\n|upkeep\n|\n|t:|1771197240\n|switch|p1a: Cresselia|Cresselia, F|64/100\n|-damage|p1a: Cresselia|52/100|[from] Stealth Rock\n|turn|15\n|\n|t:|1771197243\n|move|p1a: Cresselia|Ice Beam|p2a: zapgoat\n|-supereffective|p2a: zapgoat\n|-damage|p2a: zapgoat|0 fnt\n|faint|p2a: zapgoat\n|\n|-fieldend|move: Trick Room\n|upkeep\n|\n|t:|1771197245\n|switch|p2a: icl i’m shiesty|Diancie-Mega, shiny|100/100\n|turn|16\n|\n|t:|1771197247\n|move|p2a: icl i’m shiesty|Moonblast|p1a: Cresselia\n|-damage|p1a: Cresselia|12/100\n|-unboost|p1a: Cresselia|spa|1\n|move|p1a: Cresselia|Trick Room|p1a: Cresselia\n|-fieldstart|move: Trick Room|[of] p1a: Cresselia\n|\n|upkeep\n|turn|17\n|\n|t:|1771197250\n|move|p1a: Cresselia|Lunar Dance|p1a: Cresselia\n|faint|p1a: Cresselia\n|move|p2a: icl i’m shiesty|Moonblast|p1: Cresselia|[notarget]\n|-fail|p2a: icl i’m shiesty\n|\n|upkeep\n|\n|t:|1771197257\n|switch|p1a: Hatterene|Hatterene, F|100/100\n|-damage|p1a: Hatterene|88/100|[from] Stealth Rock\n|turn|18\n|\n|t:|1771197265\n|-zpower|p1a: Hatterene\n|move|p1a: Hatterene|Twinkle Tackle|p2a: icl i’m shiesty|[zeffect]\n|-damage|p2a: icl i’m shiesty|0 fnt\n|faint|p2a: icl i’m shiesty\n|detailschange|p2: icl i’m shiesty|Diancie, shiny|[silent]\n|\n|upkeep\n|-message|testingnewteams314 forfeited.\n|\n|win|starebirdxx\n|raw|starebirdxx's rating: 1695 &rarr; <strong>1715</strong><br />(+20 for winning)\n|raw|testingnewteams314's rating: 1693 &rarr; <strong>1673</strong><br />(-20 for losing)\n|l|☆starebirdxx\n|player|p1|\n", "uploadtime": 1771197501, "views": 7, "formatid": "gen9nationaldex", "rating": 1673, "private": 0, "password": null}