{"id": "gen9nationaldex-2540911451", "format": "[Gen 9] National Dex", "players": ["bird_dooky", "Rohan15"], "log": "|j|☆bird_dooky\n|j|☆Rohan15\n|t:|1771266389\n|gametype|singles\n|player|p1|bird_dooky|psychicf-gen4|1491\n|player|p2|Rohan15|265|1567\n|gen|9\n|tier|[Gen 9] National Dex\n|rated|\n|rule|HP Percentage Mod: HP is shown in percentages\n|rule|Endless Battle Clause: Forcing endless battles is banned\n|rule|Species Clause: Limit one of each Pokémon\n|rule|OHKO Clause: OHKO moves are banned\n|rule|Evasion Clause: Evasion abilities, items, and moves are banned\n|rule|Evasion Abilities Clause: Evasion abilities are banned\n|rule|Evasion Items Clause: Evasion items are banned\n|rule|Evasion Moves Clause: Evasion moves are banned\n|rule|Sleep Clause Mod: Limit one foe put to sleep\n|rule|Terastal Clause: You cannot Terastallize\n|clearpoke\n|poke|p1|Garganacl, F|\n|poke|p1|Zapdos-Galar|\n|poke|p1|Iron Moth|\n|poke|p1|Zoroark-Hisui, F|\n|poke|p1|Iron Treads|\n|poke|p1|Gyarados, F|\n|poke|p2|Charizard, F|\n|poke|p2|Alomomola, M|\n|poke|p2|Raging Bolt|\n|poke|p2|Great Tusk|\n|poke|p2|Heatran, F|\n|poke|p2|Tapu Lele|\n|teampreview\n|inactive|Battle timer is ON: inactive players will automatically lose when time's up. (requested by bird_dooky)\n|inactive|Rohan15 also wants the timer to be on.\n|\n|t:|1771266414\n|teamsize|p1|6\n|teamsize|p2|6\n|start\n|switch|p1a: Garganacl|Garganacl, F, shiny|100/100\n|switch|p2a: Alomomola|Alomomola, M|100/100\n|turn|1\n|\n|t:|1771266435\n|move|p1a: Garganacl|Will-O-Wisp|p2a: Alomomola|[miss]\n|-miss|p1a: Garganacl|p2a: Alomomola\n|move|p2a: Alomomola|Toxic|p1a: Garganacl\n|-status|p1a: Garganacl|tox\n|\n|-damage|p1a: Garganacl|95/100 tox|[from] psn\n|upkeep\n|turn|2\n|\n|t:|1771266443\n|move|p1a: Garganacl|Will-O-Wisp|p2a: Alomomola\n|-status|p2a: Alomomola|brn\n|move|p2a: Alomomola|Flip Turn|p1a: Garganacl\n|-damage|p1a: Garganacl|75/100 tox\n|replace|p1a: Zoroark|Zoroark-Hisui, F, shiny\n|-end|p1a: Zoroark|Illusion\n|\n|t:|1771266460\n|switch|p2a: Heatran|Heatran, F|100/100|[from] Flip Turn\n|\n|-damage|p1a: Zoroark|63/100 tox|[from] psn\n|upkeep\n|turn|3\n|\n|t:|1771266471\n|switch|p1a: Garganacl|Garganacl, F, shiny|100/100\n|move|p2a: Heatran|Stealth Rock|p1a: Garganacl\n|-sidestart|p1: bird_dooky|move: Stealth Rock\n|\n|upkeep\n|turn|4\n|\n|t:|1771266477\n|move|p2a: Heatran|Toxic|p1a: Garganacl\n|-immune|p1a: Garganacl|[from] ability: Purifying Salt\n|move|p1a: Garganacl|Salt Cure|p2a: Heatran\n|-damage|p2a: Heatran|88/100\n|-start|p2a: Heatran|Salt Cure\n|\n|-heal|p2a: Heatran|94/100|[from] item: Leftovers\n|-damage|p2a: Heatran|69/100|[from] Salt Cure\n|upkeep\n|turn|5\n|\n|t:|1771266487\n|switch|p2a: Alomomola|Alomomola, M|100/100 brn\n|move|p1a: Garganacl|Stealth Rock|p2a: Alomomola\n|-sidestart|p2: Rohan15|move: Stealth Rock\n|\n|-damage|p2a: Alomomola|94/100 brn|[from] brn\n|upkeep\n|turn|6\n|\n|t:|1771266502\n|move|p1a: Garganacl|Protect|p1a: Garganacl\n|-singleturn|p1a: Garganacl|Protect\n|move|p2a: Alomomola|Flip Turn|p1a: Garganacl\n|-activate|p1a: Garganacl|move: Protect\n|\n|-damage|p2a: Alomomola|88/100 brn|[from] brn\n|upkeep\n|turn|7\n|\n|t:|1771266509\n|move|p2a: Alomomola|Flip Turn|p1a: Garganacl\n|-supereffective|p1a: Garganacl\n|-damage|p1a: Garganacl|90/100\n|\n|t:|1771266516\n|switch|p2a: Great Tusk|Great Tusk|100/100|[from] Flip Turn\n|move|p1a: Garganacl|Salt Cure|p2a: Great Tusk\n|-resisted|p2a: Great Tusk\n|-damage|p2a: Great Tusk|98/100\n|-start|p2a: Great Tusk|Salt Cure\n|\n|-heal|p1a: Garganacl|96/100|[from] item: Leftovers\n|-damage|p2a: Great Tusk|86/100|[from] Salt Cure\n|upkeep\n|turn|8\n|\n|t:|1771266526\n|move|p1a: Garganacl|Protect|p1a: Garganacl\n|-singleturn|p1a: Garganacl|Protect\n|move|p2a: Great Tusk|Close Combat|p1a: Garganacl\n|-activate|p1a: Garganacl|move: Protect\n|\n|-heal|p1a: Garganacl|100/100|[from] item: Leftovers\n|-damage|p2a: Great Tusk|73/100|[from] Salt Cure\n|upkeep\n|turn|9\n|\n|t:|1771266535\n|switch|p1a: Garganacl|Garganacl, F, shiny|63/100 tox\n|-damage|p1a: Garganacl|50/100 tox|[from] Stealth Rock\n|move|p2a: Great Tusk|Rapid Spin|p1a: Garganacl\n|-immune|p1a: Garganacl\n|\n|-damage|p1a: Garganacl|45/100 tox|[from] psn\n|-damage|p2a: Great Tusk|61/100|[from] Salt Cure\n|upkeep\n|turn|10\n|\n|t:|1771266547\n|-end|p2a: Great Tusk|Protosynthesis|[silent]\n|switch|p2a: Raging Bolt|Raging Bolt|100/100\n|-damage|p2a: Raging Bolt|88/100|[from] Stealth Rock\n|move|p1a: Garganacl|Shadow Ball|p2a: Raging Bolt\n|-damage|p2a: Raging Bolt|63/100\n|\n|-damage|p1a: Garganacl|33/100 tox|[from] psn\n|upkeep\n|turn|11\n|-message|Rohan15 forfeited.\n|\n|win|bird_dooky\n|raw|bird_dooky's rating: 1491 &rarr; <strong>1515</strong><br />(+24 for winning)\n|raw|Rohan15's rating: 1567 &rarr; <strong>1543</strong><br />(-24 for losing)\n|l|☆Rohan15\n|player|p2|\n|l|☆bird_dooky\n|player|p1|\n", "uploadtime": 1771266719, "views": 2, "formatid": "gen9nationaldex", "rating": 1515, "private": 0, "password": null}