{"id": "gen9nationaldex-2540764723", "format": "[Gen 9] National Dex", "players": ["luis1019", "Oddalex"], "log": "|j|☆luis1019\n|j|‽Oddalex\n|t:|1771251396\n|gametype|singles\n|player|p1|luis1019|102|1563\n|player|p2|Oddalex|102|1768\n|gen|9\n|tier|[Gen 9] National Dex\n|rated|\n|rule|HP Percentage Mod: HP is shown in percentages\n|rule|Endless Battle Clause: Forcing endless battles is banned\n|rule|Species Clause: Limit one of each Pokémon\n|rule|OHKO Clause: OHKO moves are banned\n|rule|Evasion Clause: Evasion abilities, items, and moves are banned\n|rule|Evasion Abilities Clause: Evasion abilities are banned\n|rule|Evasion Items Clause: Evasion items are banned\n|rule|Evasion Moves Clause: Evasion moves are banned\n|rule|Sleep Clause Mod: Limit one foe put to sleep\n|rule|Terastal Clause: You cannot Terastallize\n|clearpoke\n|poke|p1|Charizard, F|\n|poke|p1|Hippowdon, M|\n|poke|p1|Dragonite, F|\n|poke|p1|Excadrill, F|\n|poke|p1|Heatran, M|\n|poke|p1|Keldeo-Resolute|\n|poke|p2|Mawile, F|\n|poke|p2|Tapu Koko|\n|poke|p2|Iron Valiant|\n|poke|p2|Slowbro, M|\n|poke|p2|Ting-Lu|\n|poke|p2|Tornadus-Therian, M|\n|teampreview\n|inactive|Battle timer is ON: inactive players will automatically lose when time's up. (requested by Oddalex)\n|\n|t:|1771251443\n|teamsize|p1|6\n|teamsize|p2|6\n|start\n|switch|p1a: Charizard|Charizard, F|100/100\n|switch|p2a: Slowbro|Slowbro, M|100/100\n|turn|1\n|\n|t:|1771251449\n|switch|p2a: Ting-Lu|Ting-Lu|100/100\n|-ability|p2a: Ting-Lu|Vessel of Ruin\n|detailschange|p1a: Charizard|Charizard-Mega-Y, F\n|-mega|p1a: Charizard|Charizard|Charizardite Y\n|-weather|SunnyDay|[from] ability: Drought|[of] p1a: Charizard\n|move|p1a: Charizard|Solar Beam||[still]\n|-prepare|p1a: Charizard|Solar Beam\n|-anim|p1a: Charizard|Solar Beam|p2a: Ting-Lu\n|-supereffective|p2a: Ting-Lu\n|-damage|p2a: Ting-Lu|57/100\n|\n|-weather|SunnyDay|[upkeep]\n|-heal|p2a: Ting-Lu|64/100|[from] item: Leftovers\n|upkeep\n|turn|2\n|\n|t:|1771251457\n|move|p1a: Charizard|Solar Beam||[still]\n|-prepare|p1a: Charizard|Solar Beam\n|-anim|p1a: Charizard|Solar Beam|p2a: Ting-Lu\n|-supereffective|p2a: Ting-Lu\n|-damage|p2a: Ting-Lu|21/100\n|move|p2a: Ting-Lu|Stone Edge|p1a: Charizard\n|-supereffective|p1a: Charizard\n|-damage|p1a: Charizard|0 fnt\n|faint|p1a: Charizard\n|detailschange|p1: Charizard|Charizard, F|[silent]\n|\n|-weather|SunnyDay|[upkeep]\n|-heal|p2a: Ting-Lu|27/100|[from] item: Leftovers\n|upkeep\n|\n|t:|1771251466\n|switch|p1a: Keldeo|Keldeo-Resolute|100/100\n|turn|3\n|\n|t:|1771251472\n|switch|p1a: Heatran|Heatran, M|100/100\n|-item|p1a: Heatran|Air Balloon\n|switch|p2a: Slowbro|Slowbro, M|100/100\n|\n|-weather|SunnyDay|[upkeep]\n|upkeep\n|turn|4\n|\n|t:|1771251486\n|move|p1a: Heatran|Taunt|p2a: Slowbro\n|-start|p2a: Slowbro|move: Taunt\n|move|p2a: Slowbro|Scald|p1a: Heatran\n|-supereffective|p1a: Heatran\n|-damage|p1a: Heatran|84/100\n|-enditem|p1a: Heatran|Air Balloon\n|\n|-weather|SunnyDay|[upkeep]\n|upkeep\n|turn|5\n|\n|t:|1771251497\n|switch|p2a: Ting-Lu|Ting-Lu|27/100\n|-ability|p2a: Ting-Lu|Vessel of Ruin\n|move|p1a: Heatran|Fire Blast|p2a: Ting-Lu\n|-damage|p2a: Ting-Lu|0 fnt\n|faint|p2a: Ting-Lu\n|\n|-weather|none\n|upkeep\n|\n|t:|1771251506\n|switch|p2a: Iron Valiant|Iron Valiant, shiny|100/100\n|turn|6\n|\n|t:|1771251509\n|switch|p1a: Hippowdon|Hippowdon, M|100/100\n|-weather|Sandstorm|[from] ability: Sand Stream|[of] p1a: Hippowdon\n|move|p2a: Iron Valiant|Close Combat|p1a: Hippowdon\n|-damage|p1a: Hippowdon|69/100\n|-unboost|p2a: Iron Valiant|def|1\n|-unboost|p2a: Iron Valiant|spd|1\n|\n|-weather|Sandstorm|[upkeep]\n|-damage|p2a: Iron Valiant|94/100|[from] Sandstorm\n|-heal|p1a: Hippowdon|75/100|[from] item: Leftovers\n|upkeep\n|turn|7\n|\n|t:|1771251522\n|-end|p2a: Iron Valiant|Quark Drive|[silent]\n|switch|p2a: Tornadus|Tornadus-Therian, M|100/100\n|move|p1a: Hippowdon|Slack Off|p1a: Hippowdon\n|-heal|p1a: Hippowdon|100/100\n|\n|-weather|Sandstorm|[upkeep]\n|-damage|p2a: Tornadus|94/100|[from] Sandstorm\n|upkeep\n|turn|8\n|\n|t:|1771251528\n|switch|p1a: Heatran|Heatran, M|84/100\n|move|p2a: Tornadus|U-turn|p1a: Heatran\n|-resisted|p1a: Heatran\n|-damage|p1a: Heatran|81/100\n|\n|t:|1771251533\n|switch|p2a: Iron Valiant|Iron Valiant, shiny|94/100|[from] U-turn\n|\n|-weather|Sandstorm|[upkeep]\n|-damage|p2a: Iron Valiant|88/100|[from] Sandstorm\n|upkeep\n|turn|9\n|\n|t:|1771251536\n|move|p2a: Iron Valiant|Swords Dance|p2a: Iron Valiant\n|-boost|p2a: Iron Valiant|atk|2\n|move|p1a: Heatran|Fire Blast|p2a: Iron Valiant\n|-damage|p2a: Iron Valiant|0 fnt\n|faint|p2a: Iron Valiant\n|-end|p2a: Iron Valiant|Quark Drive|[silent]\n|\n|-weather|Sandstorm|[upkeep]\n|upkeep\n|\n|t:|1771251549\n|switch|p2a: Tapu Koko|Tapu Koko, shiny|100/100\n|-fieldstart|move: Electric Terrain|[from] ability: Electric Surge|[of] p2a: Tapu Koko\n|turn|10\n|\n|t:|1771251555\n|move|p2a: Tapu Koko|Volt Switch|p1a: Heatran\n|-damage|p1a: Heatran|47/100\n|\n|t:|1771251561\n|switch|p2a: Slowbro|Slowbro, M|100/100|[from] Volt Switch\n|move|p1a: Heatran|Earth Power|p2a: Slowbro\n|-crit|p2a: Slowbro\n|-damage|p2a: Slowbro|57/100\n|\n|-weather|none\n|upkeep\n|turn|11\n|\n|t:|1771251568\n|move|p1a: Heatran|Taunt|p2a: Slowbro\n|-start|p2a: Slowbro|move: Taunt\n|cant|p2a: Slowbro|move: Taunt|Teleport\n|\n|upkeep\n|turn|12\n|\n|t:|1771251575\n|move|p1a: Heatran|Fire Blast|p2a: Slowbro\n|-resisted|p2a: Slowbro\n|-damage|p2a: Slowbro|32/100\n|move|p2a: Slowbro|Scald|p1a: Heatran\n|-supereffective|p1a: Heatran\n|-damage|p1a: Heatran|13/100\n|\n|upkeep\n|turn|13\n|\n|t:|1771251582\n|move|p1a: Heatran|Earth Power|p2a: Slowbro\n|-damage|p2a: Slowbro|4/100\n|move|p2a: Slowbro|Scald|p1a: Heatran\n|-supereffective|p1a: Heatran\n|-damage|p1a: Heatran|0 fnt\n|faint|p1a: Heatran\n|\n|-end|p2a: Slowbro|move: Taunt\n|upkeep\n|\n|t:|1771251594\n|switch|p1a: Excadrill|Excadrill, F|100/100\n|turn|14\n|\n|t:|1771251596\n|switch|p2a: Tornadus|Tornadus-Therian, M|100/100\n|move|p1a: Excadrill|Rapid Spin|p2a: Tornadus\n|-damage|p2a: Tornadus|73/100\n|-boost|p1a: Excadrill|spe|1\n|-damage|p1a: Excadrill|91/100|[from] item: Life Orb\n|\n|-fieldend|move: Electric Terrain\n|upkeep\n|turn|15\n|\n|t:|1771251601\n|move|p1a: Excadrill|Rock Slide|p2a: Tornadus\n|-supereffective|p2a: Tornadus\n|-damage|p2a: Tornadus|0 fnt\n|faint|p2a: Tornadus\n|-damage|p1a: Excadrill|81/100|[from] item: Life Orb\n|\n|upkeep\n|\n|t:|1771251612\n|switch|p2a: Mawile|Mawile, F|100/100\n|-ability|p2a: Mawile|Intimidate|boost\n|-unboost|p1a: Excadrill|atk|1\n|turn|16\n|\n|t:|1771251618\n|switch|p1a: Hippowdon|Hippowdon, M|100/100\n|-weather|Sandstorm|[from] ability: Sand Stream|[of] p1a: Hippowdon\n|detailschange|p2a: Mawile|Mawile-Mega, F\n|-mega|p2a: Mawile|Mawile|Mawilite\n|move|p2a: Mawile|Knock Off|p1a: Hippowdon\n|-damage|p1a: Hippowdon|68/100\n|-enditem|p1a: Hippowdon|Leftovers|[from] move: Knock Off|[of] p2a: Mawile\n|\n|-weather|Sandstorm|[upkeep]\n|upkeep\n|turn|17\n|\n|t:|1771251626\n|move|p2a: Mawile|Swords Dance|p2a: Mawile\n|-boost|p2a: Mawile|atk|2\n|move|p1a: Hippowdon|Earthquake|p2a: Mawile\n|-supereffective|p2a: Mawile\n|-damage|p2a: Mawile|12/100\n|\n|-weather|Sandstorm|[upkeep]\n|upkeep\n|turn|18\n|\n|t:|1771251637\n|move|p2a: Mawile|Play Rough|p1a: Hippowdon\n|-damage|p1a: Hippowdon|0 fnt\n|faint|p1a: Hippowdon\n|\n|-weather|Sandstorm|[upkeep]\n|upkeep\n|\n|t:|1771251639\n|switch|p1a: Dragonite|Dragonite, F|100/100\n|turn|19\n|\n|t:|1771251646\n|move|p1a: Dragonite|Extreme Speed|p2a: Mawile\n|-resisted|p2a: Mawile\n|-damage|p2a: Mawile|0 fnt\n|faint|p2a: Mawile\n|detailschange|p2: Mawile|Mawile, F|[silent]\n|-damage|p1a: Dragonite|91/100|[from] item: Life Orb\n|\n|-weather|Sandstorm|[upkeep]\n|-damage|p1a: Dragonite|84/100|[from] Sandstorm\n|upkeep\n|\n|t:|1771251650\n|switch|p2a: Tapu Koko|Tapu Koko, shiny|100/100\n|-fieldstart|move: Electric Terrain|[from] ability: Electric Surge|[of] p2a: Tapu Koko\n|turn|20\n|\n|t:|1771251657\n|switch|p2a: Slowbro|Slowbro, M|37/100\n|switch|p1a: Excadrill|Excadrill, F|81/100\n|\n|-weather|none\n|upkeep\n|turn|21\n|\n|t:|1771251663\n|move|p1a: Excadrill|Earthquake|p2a: Slowbro\n|-damage|p2a: Slowbro|0 fnt\n|faint|p2a: Slowbro\n|-damage|p1a: Excadrill|71/100|[from] item: Life Orb\n|\n|upkeep\n|-message|Oddalex forfeited.\n|\n|win|luis1019\n|raw|luis1019's rating: 1563 &rarr; <strong>1594</strong><br />(+31 for winning)\n|raw|Oddalex's rating: 1768 &rarr; <strong>1737</strong><br />(-31 for losing)\n|l|‽Oddalex\n|player|p2|\n|l|☆luis1019\n|player|p1|\n", "uploadtime": 1771251890, "views": 4, "formatid": "gen9nationaldex", "rating": 1594, "private": 0, "password": null}