{"id": "gen9nationaldex-2540684210", "format": "[Gen 9] National Dex", "players": ["DriftedEx", "Feb.Shunran_春岚"], "log": "|j|☆DriftedEx\n|j|☆Feb.Shunran_春岚\n|t:|1771239826\n|gametype|singles\n|player|p1|DriftedEx|rocketgrunt|1649\n|player|p2|Feb.Shunran_春岚|169|1629\n|gen|9\n|tier|[Gen 9] National Dex\n|rated|\n|rule|HP Percentage Mod: HP is shown in percentages\n|rule|Endless Battle Clause: Forcing endless battles is banned\n|rule|Species Clause: Limit one of each Pokémon\n|rule|OHKO Clause: OHKO moves are banned\n|rule|Evasion Clause: Evasion abilities, items, and moves are banned\n|rule|Evasion Abilities Clause: Evasion abilities are banned\n|rule|Evasion Items Clause: Evasion items are banned\n|rule|Evasion Moves Clause: Evasion moves are banned\n|rule|Sleep Clause Mod: Limit one foe put to sleep\n|rule|Terastal Clause: You cannot Terastallize\n|clearpoke\n|poke|p1|Ogerpon-Wellspring, F|\n|poke|p1|Dragonite, F|\n|poke|p1|Hatterene, F|\n|poke|p1|Volcarona, M|\n|poke|p1|Diancie|\n|poke|p1|Landorus-Therian, M|\n|poke|p2|Ogerpon-Wellspring, F|\n|poke|p2|Garchomp, F|\n|poke|p2|Terapagos, M|\n|poke|p2|Banette, F|\n|poke|p2|Zamazenta-*|\n|poke|p2|Celesteela|\n|teampreview\n|inactive|Battle timer is ON: inactive players will automatically lose when time's up. (requested by DriftedEx)\n|\n|t:|1771239845\n|teamsize|p1|6\n|teamsize|p2|6\n|start\n|switch|p1a: Landorus|Landorus-Therian, M|100/100\n|switch|p2a: 大筒木|Celesteela|100/100\n|-ability|p1a: Landorus|Intimidate|boost\n|-unboost|p2a: 大筒木|atk|1\n|turn|1\n|\n|t:|1771239849\n|move|p1a: Landorus|Taunt|p2a: 大筒木\n|-start|p2a: 大筒木|move: Taunt\n|cant|p2a: 大筒木|move: Taunt|Autotomize\n|\n|upkeep\n|turn|2\n|\n|t:|1771239856\n|move|p1a: Landorus|Stealth Rock|p2a: 大筒木\n|-sidestart|p2: Feb.Shunran_春岚|move: Stealth Rock\n|move|p2a: 大筒木|Air Slash|p1a: Landorus\n|-damage|p1a: Landorus|57/100\n|\n|upkeep\n|turn|3\n|\n|t:|1771239861\n|move|p1a: Landorus|U-turn|p2a: 大筒木\n|-resisted|p2a: 大筒木\n|-damage|p2a: 大筒木|94/100\n|\n|t:|1771239863\n|switch|p1a: Volcarona|Volcarona, M|100/100|[from] U-turn\n|move|p2a: 大筒木|Meteor Beam||[still]\n|-prepare|p2a: 大筒木|Meteor Beam\n|-boost|p2a: 大筒木|spa|1\n|-enditem|p2a: 大筒木|Power Herb\n|-anim|p2a: 大筒木|Meteor Beam|p1a: Volcarona\n|-supereffective|p1a: Volcarona\n|-damage|p1a: Volcarona|0 fnt\n|faint|p1a: Volcarona\n|-ability|p2a: 大筒木|Beast Boost|boost\n|-boost|p2a: 大筒木|spa|1\n|\n|-end|p2a: 大筒木|move: Taunt\n|upkeep\n|\n|t:|1771239880\n|switch|p1a: Hatterene|Hatterene, F|100/100\n|turn|4\n|\n|t:|1771239889\n|move|p2a: 大筒木|Air Slash|p1a: Hatterene\n|-damage|p1a: Hatterene|25/100\n|move|p1a: Hatterene|Mystical Fire|p2a: 大筒木\n|-supereffective|p2a: 大筒木\n|-damage|p2a: 大筒木|46/100\n|-unboost|p2a: 大筒木|spa|1\n|\n|-heal|p1a: Hatterene|31/100|[from] item: Leftovers\n|upkeep\n|turn|5\n|\n|t:|1771239896\n|move|p2a: 大筒木|Autotomize|p2a: 大筒木\n|-boost|p2a: 大筒木|spe|2\n|-start|p2a: 大筒木|Autotomize\n|move|p1a: Hatterene|Mystical Fire|p2a: 大筒木\n|-supereffective|p2a: 大筒木\n|-damage|p2a: 大筒木|0 fnt\n|faint|p2a: 大筒木\n|\n|-heal|p1a: Hatterene|37/100|[from] item: Leftovers\n|upkeep\n|\n|t:|1771239901\n|switch|p2a: 弟龙大仁|Garchomp, F|100/100\n|-damage|p2a: 弟龙大仁|94/100|[from] Stealth Rock\n|turn|6\n|\n|t:|1771239904\n|move|p2a: 弟龙大仁|Earthquake|p1a: Hatterene\n|-damage|p1a: Hatterene|0 fnt\n|faint|p1a: Hatterene\n|\n|upkeep\n|\n|t:|1771239907\n|switch|p1a: Diancie|Diancie|100/100\n|turn|7\n|\n|t:|1771239915\n|detailschange|p1a: Diancie|Diancie-Mega\n|-mega|p1a: Diancie|Diancie|Diancite\n|move|p1a: Diancie|Moonblast|p2a: 弟龙大仁\n|-supereffective|p2a: 弟龙大仁\n|-damage|p2a: 弟龙大仁|0 fnt\n|faint|p2a: 弟龙大仁\n|\n|upkeep\n|\n|t:|1771239918\n|switch|p2a: 龟内|Terapagos, M|100/100\n|-activate|p2a: 龟内|ability: Tera Shift\n|detailschange|p2a: 龟内|Terapagos-Terastal, M\n|-heal|p2a: 龟内|100/100|[silent]\n|turn|8\n|\n|t:|1771239921\n|move|p1a: Diancie|Moonblast|p2a: 龟内\n|-activate|p2a: 龟内|ability: Tera Shell\n|-resisted|p2a: 龟内\n|-damage|p2a: 龟内|78/100\n|move|p2a: 龟内|Rapid Spin|p1a: Diancie\n|-resisted|p1a: Diancie\n|-damage|p1a: Diancie|93/100\n|-boost|p2a: 龟内|spe|1\n|-sideend|p2: Feb.Shunran_春岚|Stealth Rock|[from] move: Rapid Spin|[of] p2a: 龟内\n|\n|upkeep\n|turn|9\n|\n|t:|1771239926\n|move|p2a: 龟内|Earth Power|p1a: Diancie\n|-supereffective|p1a: Diancie\n|-damage|p1a: Diancie|34/100\n|move|p1a: Diancie|Moonblast|p2a: 龟内\n|-damage|p2a: 龟内|30/100\n|\n|upkeep\n|turn|10\n|\n|t:|1771239931\n|switch|p1a: Dragonite|Dragonite, F|100/100\n|move|p2a: 龟内|Tera Starstorm|p1a: Dragonite\n|-damage|p1a: Dragonite|70/100\n|\n|upkeep\n|turn|11\n|\n|t:|1771239934\n|move|p2a: 龟内|Ice Beam|p1a: Dragonite\n|-supereffective|p1a: Dragonite\n|-damage|p1a: Dragonite|0 fnt\n|faint|p1a: Dragonite\n|\n|upkeep\n|\n|t:|1771239936\n|switch|p1a: Ogerpon|Ogerpon-Wellspring, F|100/100\n|turn|12\n|\n|t:|1771239942\n|move|p2a: 龟内|Tera Starstorm|p1a: Ogerpon\n|-damage|p1a: Ogerpon|33/100\n|move|p1a: Ogerpon|Ivy Cudgel|p2a: 龟内|[anim] Ivy Cudgel Water\n|-damage|p2a: 龟内|0 fnt\n|faint|p2a: 龟内\n|\n|upkeep\n|\n|t:|1771239946\n|switch|p2a: 战斗爽|Zamazenta|100/100\n|-ability|p2a: 战斗爽|Dauntless Shield|boost\n|-boost|p2a: 战斗爽|def|1\n|turn|13\n|\n|t:|1771239955\n|switch|p1a: Landorus|Landorus-Therian, M|57/100\n|-ability|p1a: Landorus|Intimidate|boost\n|-unboost|p2a: 战斗爽|atk|1\n|move|p2a: 战斗爽|Ice Fang|p1a: Landorus\n|-supereffective|p1a: Landorus\n|-damage|p1a: Landorus|0 fnt\n|-damage|p2a: 战斗爽|84/100|[from] item: Rocky Helmet|[of] p1a: Landorus\n|faint|p1a: Landorus\n|\n|upkeep\n|\n|t:|1771239958\n|switch|p1a: Ogerpon|Ogerpon-Wellspring, F|33/100\n|turn|14\n|\n|t:|1771239960\n|move|p2a: 战斗爽|Close Combat|p1a: Ogerpon\n|-damage|p1a: Ogerpon|0 fnt\n|-unboost|p2a: 战斗爽|def|1\n|-unboost|p2a: 战斗爽|spd|1\n|faint|p1a: Ogerpon\n|\n|upkeep\n|\n|t:|1771239962\n|switch|p1a: Diancie|Diancie-Mega|34/100\n|turn|15\n|c|☆Feb.Shunran_春岚|gg\n|\n|t:|1771239967\n|move|p2a: 战斗爽|Close Combat|p1a: Diancie\n|-damage|p1a: Diancie|0 fnt\n|-unboost|p2a: 战斗爽|def|1\n|-unboost|p2a: 战斗爽|spd|1\n|faint|p1a: Diancie\n|detailschange|p1: Diancie|Diancie|[silent]\n|\n|win|Feb.Shunran_春岚\n|raw|DriftedEx's rating: 1649 &rarr; <strong>1628</strong><br />(-21 for losing)\n|raw|Feb.Shunran_春岚's rating: 1629 &rarr; <strong>1650</strong><br />(+21 for winning)\n|l|☆DriftedEx\n|player|p1|\n|l|☆Feb.Shunran_春岚\n|player|p2|\n|j|☆Feb.Shunran_春岚\n|player|p2|Feb.Shunran_春岚|169|\n|l|☆Feb.Shunran_春岚\n|player|p2|\n", "uploadtime": 1771240171, "views": 7, "formatid": "gen9nationaldex", "rating": 1628, "private": 0, "password": null}