{"id": "gen9nationaldex-2540487878", "format": "[Gen 9] National Dex", "players": ["testeo0014", "ND9RAI gotty"], "log": "|j|☆testeo0014\n|j|☆ND9RAI gotty\n|t:|1771208223\n|gametype|singles\n|player|p1|testeo0014|waiter|1528\n|player|p2|ND9RAI gotty|fisherman-gen4|1550\n|gen|9\n|tier|[Gen 9] National Dex\n|rated|\n|rule|HP Percentage Mod: HP is shown in percentages\n|rule|Endless Battle Clause: Forcing endless battles is banned\n|rule|Species Clause: Limit one of each Pokémon\n|rule|OHKO Clause: OHKO moves are banned\n|rule|Evasion Clause: Evasion abilities, items, and moves are banned\n|rule|Evasion Abilities Clause: Evasion abilities are banned\n|rule|Evasion Items Clause: Evasion items are banned\n|rule|Evasion Moves Clause: Evasion moves are banned\n|rule|Sleep Clause Mod: Limit one foe put to sleep\n|rule|Terastal Clause: You cannot Terastallize\n|clearpoke\n|poke|p1|Diggersby, M|\n|poke|p1|Kingambit, F|\n|poke|p1|Alomomola, F|\n|poke|p1|Great Tusk|\n|poke|p1|Gliscor, F|\n|poke|p1|Gholdengo|\n|poke|p2|Pecharunt|\n|poke|p2|Alomomola, M|\n|poke|p2|Zamazenta-*|\n|poke|p2|Iron Treads|\n|poke|p2|Tornadus-Therian, M|\n|poke|p2|Weavile, M|\n|teampreview\n|inactive|Battle timer is ON: inactive players will automatically lose when time's up. (requested by testeo0014)\n|\n|t:|1771208241\n|teamsize|p1|6\n|teamsize|p2|6\n|start\n|switch|p1a: Great Tusk|Great Tusk|100/100\n|switch|p2a: Weavile|Weavile, M|100/100\n|-ability|p2a: Weavile|Pressure\n|-enditem|p1a: Great Tusk|Booster Energy\n|-activate|p1a: Great Tusk|ability: Protosynthesis|[fromitem]\n|-start|p1a: Great Tusk|protosynthesisspe\n|turn|1\n|\n|t:|1771208248\n|move|p1a: Great Tusk|Stealth Rock|p2a: Weavile\n|-sidestart|p2: ND9RAI gotty|move: Stealth Rock\n|move|p2a: Weavile|Triple Axel|p1a: Great Tusk|[miss]\n|-miss|p2a: Weavile|p1a: Great Tusk\n|\n|upkeep\n|turn|2\n|\n|t:|1771208255\n|move|p1a: Great Tusk|Knock Off|p2a: Weavile\n|-resisted|p2a: Weavile\n|-damage|p2a: Weavile|74/100\n|-enditem|p2a: Weavile|Choice Band|[from] move: Knock Off|[of] p1a: Great Tusk\n|move|p2a: Weavile|Triple Axel|p1a: Great Tusk\n|-supereffective|p1a: Great Tusk\n|-damage|p1a: Great Tusk|87/100\n|-supereffective|p1a: Great Tusk\n|-damage|p1a: Great Tusk|61/100\n|-supereffective|p1a: Great Tusk\n|-damage|p1a: Great Tusk|27/100\n|-hitcount|p1a: Great Tusk|3\n|\n|upkeep\n|turn|3\n|\n|t:|1771208266\n|move|p1a: Great Tusk|Headlong Rush|p2a: Weavile\n|-damage|p2a: Weavile|0 fnt\n|-unboost|p1a: Great Tusk|def|1\n|-unboost|p1a: Great Tusk|spd|1\n|faint|p2a: Weavile\n|\n|upkeep\n|\n|t:|1771208274\n|switch|p2a: Alomomola|Alomomola, M|100/100\n|-damage|p2a: Alomomola|88/100|[from] Stealth Rock\n|turn|4\n|\n|t:|1771208279\n|move|p1a: Great Tusk|Knock Off|p2a: Alomomola\n|-damage|p2a: Alomomola|70/100\n|-enditem|p2a: Alomomola|Assault Vest|[from] move: Knock Off|[of] p1a: Great Tusk\n|move|p2a: Alomomola|Flip Turn|p1a: Great Tusk\n|-supereffective|p1a: Great Tusk\n|-damage|p1a: Great Tusk|0 fnt\n|faint|p1a: Great Tusk\n|-end|p1a: Great Tusk|Protosynthesis|[silent]\n|\n|t:|1771208292\n|switch|p2a: Pecharunt|Pecharunt|100/100|[from] Flip Turn\n|\n|upkeep\n|\n|t:|1771208298\n|switch|p1a: Kingambit|Kingambit, F|100/100\n|-activate|p1a: Kingambit|ability: Supreme Overlord\n|-start|p1a: Kingambit|fallen1|[silent]\n|turn|5\n|\n|t:|1771208302\n|move|p2a: Pecharunt|Parting Shot|p1a: Kingambit\n|-unboost|p1a: Kingambit|atk|1\n|-unboost|p1a: Kingambit|spa|1\n|\n|t:|1771208306\n|switch|p2a: Iron Treads|Iron Treads|100/100|[from] Parting Shot\n|-damage|p2a: Iron Treads|97/100|[from] Stealth Rock\n|move|p1a: Kingambit|Knock Off|p2a: Iron Treads\n|-damage|p2a: Iron Treads|62/100\n|-enditem|p2a: Iron Treads|Leftovers|[from] move: Knock Off|[of] p1a: Kingambit\n|\n|upkeep\n|turn|6\n|\n|t:|1771208327\n|-end|p1a: Kingambit|fallen1|[silent]\n|switch|p1a: Diggersby|Diggersby, M|100/100\n|move|p2a: Iron Treads|Rapid Spin|p1a: Diggersby\n|-damage|p1a: Diggersby|84/100\n|-boost|p2a: Iron Treads|spe|1\n|-sideend|p2: ND9RAI gotty|Stealth Rock|[from] move: Rapid Spin|[of] p2a: Iron Treads\n|\n|upkeep\n|turn|7\n|\n|t:|1771208337\n|move|p2a: Iron Treads|Knock Off|p1a: Diggersby\n|-damage|p1a: Diggersby|53/100\n|-enditem|p1a: Diggersby|Choice Band|[from] move: Knock Off|[of] p2a: Iron Treads\n|move|p1a: Diggersby|Earthquake|p2a: Iron Treads\n|-supereffective|p2a: Iron Treads\n|-damage|p2a: Iron Treads|0 fnt\n|faint|p2a: Iron Treads\n|-end|p2a: Iron Treads|Quark Drive|[silent]\n|\n|upkeep\n|\n|t:|1771208345\n|switch|p2a: Zamazenta|Zamazenta|100/100\n|-ability|p2a: Zamazenta|Dauntless Shield|boost\n|-boost|p2a: Zamazenta|def|1\n|turn|8\n|\n|t:|1771208370\n|switch|p1a: Gholdengo|Gholdengo|100/100\n|move|p2a: Zamazenta|Iron Defense|p2a: Zamazenta\n|-boost|p2a: Zamazenta|def|2\n|\n|upkeep\n|turn|9\n|inactive|testeo0014 has 120 seconds left.\n|\n|t:|1771208387\n|move|p2a: Zamazenta|Substitute|p2a: Zamazenta\n|-start|p2a: Zamazenta|Substitute\n|-damage|p2a: Zamazenta|76/100\n|move|p1a: Gholdengo|Nasty Plot|p1a: Gholdengo\n|-boost|p1a: Gholdengo|spa|2\n|\n|-heal|p2a: Zamazenta|82/100|[from] item: Leftovers\n|upkeep\n|turn|10\n|\n|t:|1771208391\n|move|p2a: Zamazenta|Crunch|p1a: Gholdengo\n|-supereffective|p1a: Gholdengo\n|-damage|p1a: Gholdengo|66/100\n|move|p1a: Gholdengo|Shadow Ball|p2a: Zamazenta\n|-end|p2a: Zamazenta|Substitute\n|\n|-heal|p2a: Zamazenta|88/100|[from] item: Leftovers\n|-heal|p1a: Gholdengo|72/100|[from] item: Leftovers\n|upkeep\n|turn|11\n|\n|t:|1771208397\n|move|p2a: Zamazenta|Crunch|p1a: Gholdengo\n|-supereffective|p1a: Gholdengo\n|-damage|p1a: Gholdengo|42/100\n|move|p1a: Gholdengo|Shadow Ball|p2a: Zamazenta\n|-damage|p2a: Zamazenta|25/100\n|\n|-heal|p2a: Zamazenta|31/100|[from] item: Leftovers\n|-heal|p1a: Gholdengo|48/100|[from] item: Leftovers\n|upkeep\n|turn|12\n|\n|t:|1771208403\n|move|p2a: Zamazenta|Crunch|p1a: Gholdengo\n|-supereffective|p1a: Gholdengo\n|-damage|p1a: Gholdengo|14/100\n|-unboost|p1a: Gholdengo|def|1\n|move|p1a: Gholdengo|Shadow Ball|p2a: Zamazenta\n|-damage|p2a: Zamazenta|0 fnt\n|faint|p2a: Zamazenta\n|\n|-heal|p1a: Gholdengo|20/100|[from] item: Leftovers\n|upkeep\n|\n|t:|1771208406\n|switch|p2a: Alomomola|Alomomola, M|100/100\n|turn|13\n|\n|t:|1771208409\n|move|p1a: Gholdengo|Recover|p1a: Gholdengo\n|-heal|p1a: Gholdengo|70/100\n|move|p2a: Alomomola|Flip Turn|p1a: Gholdengo\n|-damage|p1a: Gholdengo|53/100\n|\n|t:|1771208414\n|switch|p2a: Tornadus|Tornadus-Therian, M|100/100|[from] Flip Turn\n|\n|-heal|p1a: Gholdengo|59/100|[from] item: Leftovers\n|upkeep\n|turn|14\n|\n|t:|1771208419\n|move|p2a: Tornadus|Heat Wave|p1a: Gholdengo\n|-supereffective|p1a: Gholdengo\n|-damage|p1a: Gholdengo|1/100\n|move|p1a: Gholdengo|Make It Rain|p2a: Tornadus\n|-damage|p2a: Tornadus|0 fnt\n|-unboost|p1a: Gholdengo|spa|1\n|faint|p2a: Tornadus\n|\n|-heal|p1a: Gholdengo|7/100|[from] item: Leftovers\n|upkeep\n|\n|t:|1771208422\n|switch|p2a: Alomomola|Alomomola, M|100/100\n|turn|15\n|\n|t:|1771208425\n|move|p1a: Gholdengo|Recover|p1a: Gholdengo\n|-heal|p1a: Gholdengo|57/100\n|move|p2a: Alomomola|Flip Turn|p1a: Gholdengo\n|-damage|p1a: Gholdengo|39/100\n|-message|ND9RAI gotty forfeited.\n|\n|win|testeo0014\n|raw|testeo0014's rating: 1528 &rarr; <strong>1549</strong><br />(+21 for winning)\n|raw|ND9RAI gotty's rating: 1550 &rarr; <strong>1529</strong><br />(-21 for losing)\n|l|☆ND9RAI gotty\n|player|p2|\n|l|☆testeo0014\n|player|p1|\n", "uploadtime": 1771208616, "views": 7, "formatid": "gen9nationaldex", "rating": 1529, "private": 0, "password": null}