{"id": "gen9nationaldex-2540374470", "format": "[Gen 9] National Dex", "players": ["jerseyiteMa", "Mr-Mongol"], "log": "|j|☆jerseyiteMa\n|j|☆Mr-Mongol\n|t:|1771194395\n|gametype|singles\n|player|p1|jerseyiteMa|shelly|1593\n|player|p2|Mr-Mongol|hiker-gen4|1505\n|gen|9\n|tier|[Gen 9] National Dex\n|rated|\n|rule|HP Percentage Mod: HP is shown in percentages\n|rule|Endless Battle Clause: Forcing endless battles is banned\n|rule|Species Clause: Limit one of each Pokémon\n|rule|OHKO Clause: OHKO moves are banned\n|rule|Evasion Clause: Evasion abilities, items, and moves are banned\n|rule|Evasion Abilities Clause: Evasion abilities are banned\n|rule|Evasion Items Clause: Evasion items are banned\n|rule|Evasion Moves Clause: Evasion moves are banned\n|rule|Sleep Clause Mod: Limit one foe put to sleep\n|rule|Terastal Clause: You cannot Terastallize\n|clearpoke\n|poke|p1|Mawile, M|\n|poke|p1|Zapdos|\n|poke|p1|Ting-Lu|\n|poke|p1|Alomomola, F|\n|poke|p1|Gholdengo|\n|poke|p1|Buzzwole|\n|poke|p2|Lopunny, F|\n|poke|p2|Landorus-Therian, M|\n|poke|p2|Ferrothorn, M|\n|poke|p2|Kyurem|\n|poke|p2|Alomomola, M|\n|poke|p2|Pecharunt|\n|teampreview\n|\n|t:|1771194418\n|teamsize|p1|6\n|teamsize|p2|6\n|start\n|switch|p1a: Buzzwole|Buzzwole|100/100\n|switch|p2a: Kyurem|Kyurem|100/100\n|-ability|p2a: Kyurem|Pressure\n|turn|1\n|\n|t:|1771194422\n|switch|p2a: Landorus|Landorus-Therian, M|100/100\n|-ability|p2a: Landorus|Intimidate|boost\n|-unboost|p1a: Buzzwole|atk|1\n|move|p1a: Buzzwole|Close Combat|p2a: Landorus\n|-resisted|p2a: Landorus\n|-damage|p2a: Landorus|78/100\n|-unboost|p1a: Buzzwole|def|1\n|-unboost|p1a: Buzzwole|spd|1\n|-damage|p1a: Buzzwole|84/100|[from] item: Rocky Helmet|[of] p2a: Landorus\n|\n|upkeep\n|turn|2\n|\n|t:|1771194435\n|switch|p1a: Alomomola|Alomomola, F|100/100\n|move|p2a: Landorus|Toxic|p1a: Alomomola\n|-status|p1a: Alomomola|tox\n|\n|-damage|p1a: Alomomola|94/100 tox|[from] psn\n|upkeep\n|turn|3\n|\n|t:|1771194440\n|move|p2a: Landorus|U-turn|p1a: Alomomola\n|-damage|p1a: Alomomola|81/100 tox\n|\n|t:|1771194441\n|switch|p2a: Ferrothorn|Ferrothorn, M|100/100|[from] U-turn\n|move|p1a: Alomomola|Flip Turn|p2a: Ferrothorn\n|-resisted|p2a: Ferrothorn\n|-damage|p2a: Ferrothorn|95/100\n|-damage|p1a: Alomomola|69/100 tox|[from] ability: Iron Barbs|[of] p2a: Ferrothorn\n|\n|t:|1771194449\n|switch|p1a: Gholdengo|Gholdengo|100/100|[from] Flip Turn\n|\n|-heal|p2a: Ferrothorn|100/100|[from] item: Leftovers\n|upkeep\n|turn|4\n|\n|t:|1771194454\n|switch|p2a: Alomomola|Alomomola, M|100/100\n|move|p1a: Gholdengo|Trick|p2a: Alomomola\n|-activate|p1a: Gholdengo|move: Trick|[of] p2a: Alomomola\n|-item|p2a: Alomomola|Choice Scarf|[from] move: Trick\n|-item|p1a: Gholdengo|Assault Vest|[from] move: Trick\n|\n|upkeep\n|turn|5\n|\n|t:|1771194471\n|switch|p1a: Mawile|Mawile, M|100/100\n|-ability|p1a: Mawile|Intimidate|boost\n|-unboost|p2a: Alomomola|atk|1\n|move|p2a: Alomomola|Knock Off|p1a: Mawile\n|-resisted|p1a: Mawile\n|-damage|p1a: Mawile|95/100\n|\n|upkeep\n|turn|6\n|\n|t:|1771194477\n|switch|p2a: Landorus|Landorus-Therian, M|78/100\n|-ability|p2a: Landorus|Intimidate|boost\n|-unboost|p1a: Mawile|atk|1\n|detailschange|p1a: Mawile|Mawile-Mega, M\n|-mega|p1a: Mawile|Mawile|Mawilite\n|move|p1a: Mawile|Swords Dance|p1a: Mawile\n|-boost|p1a: Mawile|atk|2\n|\n|upkeep\n|turn|7\n|\n|t:|1771194486\n|switch|p1a: Alomomola|Alomomola, F|100/100 tox\n|move|p2a: Landorus|Earthquake|p1a: Alomomola\n|-damage|p1a: Alomomola|69/100 tox\n|\n|-damage|p1a: Alomomola|63/100 tox|[from] psn\n|upkeep\n|turn|8\n|\n|t:|1771194492\n|move|p2a: Landorus|U-turn|p1a: Alomomola\n|-damage|p1a: Alomomola|50/100 tox\n|\n|t:|1771194495\n|switch|p2a: Kyurem|Kyurem|100/100|[from] U-turn\n|-ability|p2a: Kyurem|Pressure\n|move|p1a: Alomomola|Flip Turn|p2a: Kyurem\n|-resisted|p2a: Kyurem\n|-damage|p2a: Kyurem|92/100\n|\n|t:|1771194504\n|switch|p1a: Gholdengo|Gholdengo|100/100|[from] Flip Turn\n|\n|upkeep\n|turn|9\n|\n|t:|1771194508\n|switch|p2a: Alomomola|Alomomola, M|100/100\n|move|p1a: Gholdengo|Make It Rain|p2a: Alomomola\n|-resisted|p2a: Alomomola\n|-damage|p2a: Alomomola|73/100\n|-unboost|p1a: Gholdengo|spa|1\n|\n|upkeep\n|turn|10\n|\n|t:|1771194520\n|switch|p1a: Mawile|Mawile-Mega, M|95/100\n|move|p2a: Alomomola|Flip Turn|p1a: Mawile\n|-crit|p1a: Mawile\n|-damage|p1a: Mawile|71/100\n|\n|t:|1771194530\n|switch|p2a: Ferrothorn|Ferrothorn, M|100/100|[from] Flip Turn\n|\n|upkeep\n|turn|11\n|\n|t:|1771194542\n|move|p1a: Mawile|Swords Dance|p1a: Mawile\n|-boost|p1a: Mawile|atk|2\n|move|p2a: Ferrothorn|Stealth Rock|p1a: Mawile\n|-sidestart|p1: jerseyiteMa|move: Stealth Rock\n|\n|upkeep\n|turn|12\n|\n|t:|1771194550\n|switch|p2a: Pecharunt|Pecharunt|100/100\n|move|p1a: Mawile|Play Rough|p2a: Pecharunt\n|-resisted|p2a: Pecharunt\n|-damage|p2a: Pecharunt|46/100\n|\n|upkeep\n|turn|13\n|\n|t:|1771194558\n|move|p1a: Mawile|Sucker Punch||[still]\n|-fail|p1a: Mawile\n|move|p2a: Pecharunt|Parting Shot|p1a: Mawile\n|-unboost|p1a: Mawile|atk|1\n|-unboost|p1a: Mawile|spa|1\n|\n|t:|1771194564\n|switch|p2a: Landorus|Landorus-Therian, M|78/100|[from] Parting Shot\n|-ability|p2a: Landorus|Intimidate|boost\n|-unboost|p1a: Mawile|atk|1\n|\n|upkeep\n|turn|14\n|\n|t:|1771194568\n|switch|p1a: Alomomola|Alomomola, F|84/100 tox\n|move|p2a: Landorus|Earthquake|p1a: Alomomola\n|-damage|p1a: Alomomola|54/100 tox\n|\n|-damage|p1a: Alomomola|48/100 tox|[from] psn\n|upkeep\n|turn|15\n|\n|t:|1771194573\n|move|p2a: Landorus|Earthquake|p1a: Alomomola\n|-damage|p1a: Alomomola|21/100 tox\n|move|p1a: Alomomola|Wish|p1a: Alomomola\n|\n|-damage|p1a: Alomomola|9/100 tox|[from] psn\n|upkeep\n|turn|16\n|\n|t:|1771194585\n|switch|p2a: Kyurem|Kyurem|92/100\n|-ability|p2a: Kyurem|Pressure\n|switch|p1a: Buzzwole|Buzzwole|84/100\n|-damage|p1a: Buzzwole|71/100|[from] Stealth Rock\n|\n|-heal|p1a: Buzzwole|100/100|[from] move: Wish|[wisher] Alomomola\n|upkeep\n|turn|17\n|\n|t:|1771194601\n|switch|p1a: Alomomola|Alomomola, F|42/100 tox\n|switch|p2a: Pecharunt|Pecharunt|46/100\n|\n|-damage|p1a: Alomomola|36/100 tox|[from] psn\n|upkeep\n|turn|18\n|\n|t:|1771194610\n|switch|p1a: Gholdengo|Gholdengo|100/100\n|-damage|p1a: Gholdengo|94/100|[from] Stealth Rock\n|move|p2a: Pecharunt|Hex|p1a: Gholdengo\n|-supereffective|p1a: Gholdengo\n|-damage|p1a: Gholdengo|60/100\n|\n|upkeep\n|turn|19\n|\n|t:|1771194618\n|switch|p2a: Alomomola|Alomomola, M|100/100\n|move|p1a: Gholdengo|Make It Rain|p2a: Alomomola\n|-resisted|p2a: Alomomola\n|-damage|p2a: Alomomola|75/100\n|-unboost|p1a: Gholdengo|spa|1\n|\n|upkeep\n|turn|20\n|\n|t:|1771194623\n|switch|p1a: Alomomola|Alomomola, F|69/100 tox\n|move|p2a: Alomomola|Flip Turn|p1a: Alomomola\n|-resisted|p1a: Alomomola\n|-damage|p1a: Alomomola|64/100 tox\n|\n|t:|1771194626\n|switch|p2a: Kyurem|Kyurem|92/100|[from] Flip Turn\n|-ability|p2a: Kyurem|Pressure\n|\n|-damage|p1a: Alomomola|58/100 tox|[from] psn\n|upkeep\n|turn|21\n|\n|t:|1771194637\n|switch|p1a: Ting-Lu|Ting-Lu|100/100\n|-damage|p1a: Ting-Lu|94/100|[from] Stealth Rock\n|-ability|p1a: Ting-Lu|Vessel of Ruin\n|move|p2a: Kyurem|Substitute|p2a: Kyurem\n|-start|p2a: Kyurem|Substitute\n|-damage|p2a: Kyurem|67/100\n|\n|-heal|p1a: Ting-Lu|100/100|[from] item: Leftovers\n|upkeep\n|turn|22\n|\n|t:|1771194644\n|move|p2a: Kyurem|Freeze-Dry|p1a: Ting-Lu\n|-supereffective|p1a: Ting-Lu\n|-damage|p1a: Ting-Lu|70/100\n|move|p1a: Ting-Lu|Whirlwind|p2a: Kyurem\n|drag|p2a: Landorus|Landorus-Therian, M|78/100\n|-ability|p2a: Landorus|Intimidate|boost\n|-unboost|p1a: Ting-Lu|atk|1\n|\n|-heal|p1a: Ting-Lu|76/100|[from] item: Leftovers\n|upkeep\n|turn|23\n|\n|t:|1771194652\n|switch|p1a: Alomomola|Alomomola, F|91/100 tox\n|move|p2a: Landorus|Taunt|p1a: Alomomola\n|-start|p1a: Alomomola|move: Taunt\n|\n|-damage|p1a: Alomomola|85/100 tox|[from] psn\n|upkeep\n|turn|24\n|\n|t:|1771194655\n|move|p2a: Landorus|U-turn|p1a: Alomomola\n|-damage|p1a: Alomomola|72/100 tox\n|\n|t:|1771194658\n|switch|p2a: Ferrothorn|Ferrothorn, M|100/100|[from] U-turn\n|move|p1a: Alomomola|Flip Turn|p2a: Ferrothorn\n|-resisted|p2a: Ferrothorn\n|-damage|p2a: Ferrothorn|95/100\n|-damage|p1a: Alomomola|60/100 tox|[from] ability: Iron Barbs|[of] p2a: Ferrothorn\n|\n|t:|1771194666\n|switch|p1a: Zapdos|Zapdos|100/100|[from] Flip Turn\n|\n|-heal|p2a: Ferrothorn|100/100|[from] item: Leftovers\n|upkeep\n|turn|25\n|\n|t:|1771194670\n|switch|p2a: Alomomola|Alomomola, M|100/100\n|move|p1a: Zapdos|Defog|p2a: Alomomola\n|-unboost|p2a: Alomomola|evasion|1\n|-sideend|p1: jerseyiteMa|Stealth Rock|[from] move: Defog|[of] p1a: Zapdos\n|\n|upkeep\n|turn|26\n|\n|t:|1771194675\n|switch|p1a: Alomomola|Alomomola, F|93/100 tox\n|move|p2a: Alomomola|Mirror Coat||[still]\n|-fail|p2a: Alomomola\n|\n|-damage|p1a: Alomomola|87/100 tox|[from] psn\n|upkeep\n|turn|27\n|\n|t:|1771194680\n|switch|p2a: Kyurem|Kyurem|67/100\n|-ability|p2a: Kyurem|Pressure\n|move|p1a: Alomomola|Wish|p1a: Alomomola\n|\n|-damage|p1a: Alomomola|74/100 tox|[from] psn\n|upkeep\n|turn|28\n|\n|t:|1771194686\n|switch|p1a: Gholdengo|Gholdengo|60/100\n|move|p2a: Kyurem|Freeze-Dry|p1a: Gholdengo\n|-resisted|p1a: Gholdengo\n|-damage|p1a: Gholdengo|46/100\n|\n|-heal|p1a: Gholdengo|100/100|[from] move: Wish|[wisher] Alomomola\n|upkeep\n|turn|29\n|\n|t:|1771194694\n|switch|p2a: Alomomola|Alomomola, M|100/100\n|move|p1a: Gholdengo|Thunder|p2a: Alomomola|[miss]\n|-miss|p1a: Gholdengo|p2a: Alomomola\n|\n|upkeep\n|turn|30\n|\n|t:|1771194700\n|switch|p1a: Alomomola|Alomomola, F|100/100 tox\n|move|p2a: Alomomola|Flip Turn|p1a: Alomomola\n|-resisted|p1a: Alomomola\n|-damage|p1a: Alomomola|96/100 tox\n|\n|t:|1771194708\n|switch|p2a: Ferrothorn|Ferrothorn, M|100/100|[from] Flip Turn\n|\n|-damage|p1a: Alomomola|90/100 tox|[from] psn\n|upkeep\n|turn|31\n|inactive|Battle timer is ON: inactive players will automatically lose when time's up. (requested by Mr-Mongol)\n|inactive|jerseyiteMa has 120 seconds left.\n|inactive|jerseyiteMa has 90 seconds left.\n|inactive|jerseyiteMa has 60 seconds left.\n|inactive|jerseyiteMa has 30 seconds left.\n|inactive|jerseyiteMa has 20 seconds left.\n|inactive|jerseyiteMa has 15 seconds left.\n|inactive|jerseyiteMa has 10 seconds left.\n|inactive|jerseyiteMa has 5 seconds left.\n|-message|jerseyiteMa lost due to inactivity.\n|\n|win|Mr-Mongol\n|raw|jerseyiteMa's rating: 1593 &rarr; <strong>1568</strong><br />(-25 for losing)\n|raw|Mr-Mongol's rating: 1505 &rarr; <strong>1530</strong><br />(+25 for winning)\n|l|☆jerseyiteMa\n|player|p1|\n", "uploadtime": 1771195157, "views": 8, "formatid": "gen9nationaldex", "rating": 1530, "private": 0, "password": null}