{"id": "gen9nationaldex-2540929746", "format": "[Gen 9] National Dex", "players": ["samzka", "Machpunch93"], "log": "|j|☆samzka\n|j|‽Machpunch93\n|t:|1771268165\n|gametype|singles\n|player|p1|samzka|101|1586\n|player|p2|Machpunch93|alder|1649\n|gen|9\n|tier|[Gen 9] National Dex\n|rated|\n|rule|HP Percentage Mod: HP is shown in percentages\n|rule|Endless Battle Clause: Forcing endless battles is banned\n|rule|Species Clause: Limit one of each Pokémon\n|rule|OHKO Clause: OHKO moves are banned\n|rule|Evasion Clause: Evasion abilities, items, and moves are banned\n|rule|Evasion Abilities Clause: Evasion abilities are banned\n|rule|Evasion Items Clause: Evasion items are banned\n|rule|Evasion Moves Clause: Evasion moves are banned\n|rule|Sleep Clause Mod: Limit one foe put to sleep\n|rule|Terastal Clause: You cannot Terastallize\n|clearpoke\n|poke|p1|Latios, M|\n|poke|p1|Iron Treads|\n|poke|p1|Pelipper, F|\n|poke|p1|Hatterene, F|\n|poke|p1|Tornadus-Therian, M|\n|poke|p1|Kabutops, M|\n|poke|p2|Ferrothorn, F|\n|poke|p2|Garchomp, M|\n|poke|p2|Togekiss, F|\n|poke|p2|Gyarados, F|\n|poke|p2|Pelipper, M|\n|poke|p2|Goodra-Hisui, F|\n|teampreview\n|\n|t:|1771268191\n|teamsize|p1|6\n|teamsize|p2|6\n|start\n|switch|p1a: Tornadus|Tornadus-Therian, M|100/100\n|switch|p2a: Gyarados|Gyarados, F|100/100\n|-ability|p2a: Gyarados|Intimidate|boost\n|-unboost|p1a: Tornadus|atk|1\n|turn|1\n|\n|t:|1771268203\n|move|p1a: Tornadus|Hurricane|p2a: Gyarados\n|-damage|p2a: Gyarados|18/100\n|-start|p2a: Gyarados|confusion\n|-activate|p2a: Gyarados|confusion\n|-damage|p2a: Gyarados|2/100|[from] confusion\n|\n|upkeep\n|turn|2\n|\n|t:|1771268210\n|switch|p2a: Goodra|Goodra-Hisui, F|100/100\n|move|p1a: Tornadus|Hurricane|p2a: Goodra\n|-resisted|p2a: Goodra\n|-damage|p2a: Goodra|83/100\n|\n|upkeep\n|turn|3\n|\n|t:|1771268217\n|switch|p1a: Iron Treads|Iron Treads|100/100\n|move|p2a: Goodra|Flamethrower|p1a: Iron Treads\n|-supereffective|p1a: Iron Treads\n|-damage|p1a: Iron Treads|39/100\n|\n|upkeep\n|turn|4\n|\n|t:|1771268227\n|-end|p1a: Iron Treads|Quark Drive|[silent]\n|switch|p1a: Pelipper|Pelipper, F|100/100\n|-weather|RainDance|[from] ability: Drizzle|[of] p1a: Pelipper\n|move|p2a: Goodra|Flamethrower|p1a: Pelipper\n|-resisted|p1a: Pelipper\n|-damage|p1a: Pelipper|89/100\n|\n|-weather|RainDance|[upkeep]\n|upkeep\n|turn|5\n|\n|t:|1771268236\n|move|p1a: Pelipper|Knock Off|p2a: Goodra\n|-damage|p2a: Goodra|69/100\n|-enditem|p2a: Goodra|Assault Vest|[from] move: Knock Off|[of] p1a: Pelipper\n|move|p2a: Goodra|Thunderbolt|p1a: Pelipper\n|-supereffective|p1a: Pelipper\n|-damage|p1a: Pelipper|0 fnt\n|faint|p1a: Pelipper\n|\n|-weather|RainDance|[upkeep]\n|upkeep\n|\n|t:|1771268268\n|switch|p1a: Tornadus|Tornadus-Therian, M|100/100\n|turn|6\n|\n|t:|1771268279\n|move|p1a: Tornadus|Focus Blast|p2a: Goodra\n|-supereffective|p2a: Goodra\n|-damage|p2a: Goodra|0 fnt\n|faint|p2a: Goodra\n|\n|-weather|RainDance|[upkeep]\n|upkeep\n|\n|t:|1771268294\n|switch|p2a: Pelipper|Pelipper, M|100/100\n|turn|7\n|\n|t:|1771268310\n|switch|p1a: Latios|Latios, M|100/100\n|move|p2a: Pelipper|Ice Beam|p1a: Latios\n|-supereffective|p1a: Latios\n|-crit|p1a: Latios\n|-damage|p1a: Latios|18/100\n|\n|-weather|RainDance|[upkeep]\n|upkeep\n|turn|8\n|\n|t:|1771268322\n|detailschange|p1a: Latios|Latios-Mega, M\n|-mega|p1a: Latios|Latios|Latiosite\n|move|p1a: Latios|Thunder|p2a: Pelipper\n|-supereffective|p2a: Pelipper\n|-damage|p2a: Pelipper|0 fnt\n|faint|p2a: Pelipper\n|\n|-weather|RainDance|[upkeep]\n|upkeep\n|\n|t:|1771268331\n|switch|p2a: Togekiss|Togekiss, F|100/100\n|turn|9\n|\n|t:|1771268336\n|switch|p1a: Hatterene|Hatterene, F|100/100\n|move|p2a: Togekiss|Air Slash|p1a: Hatterene|[miss]\n|-miss|p2a: Togekiss|p1a: Hatterene\n|\n|-weather|RainDance|[upkeep]\n|upkeep\n|turn|10\n|\n|t:|1771268346\n|switch|p1a: Tornadus|Tornadus-Therian, M|100/100\n|move|p2a: Togekiss|Air Slash|p1a: Tornadus\n|-damage|p1a: Tornadus|60/100\n|\n|-weather|RainDance|[upkeep]\n|upkeep\n|turn|11\n|\n|t:|1771268352\n|move|p2a: Togekiss|Air Slash|p1a: Tornadus\n|-damage|p1a: Tornadus|15/100\n|cant|p1a: Tornadus|flinch\n|\n|-weather|none\n|upkeep\n|turn|12\n|\n|t:|1771268359\n|switch|p1a: Hatterene|Hatterene, F|100/100\n|move|p2a: Togekiss|Air Slash|p1a: Hatterene\n|-damage|p1a: Hatterene|77/100\n|\n|upkeep\n|turn|13\n|\n|t:|1771268365\n|move|p2a: Togekiss|Air Slash|p1a: Hatterene\n|-damage|p1a: Hatterene|54/100\n|cant|p1a: Hatterene|flinch\n|\n|upkeep\n|turn|14\n|\n|t:|1771268370\n|move|p2a: Togekiss|Air Slash|p1a: Hatterene\n|-damage|p1a: Hatterene|31/100\n|cant|p1a: Hatterene|flinch\n|\n|upkeep\n|turn|15\n|\n|t:|1771268375\n|move|p2a: Togekiss|Air Slash|p1a: Hatterene\n|-damage|p1a: Hatterene|8/100\n|move|p1a: Hatterene|Nuzzle|p2a: Togekiss\n|-supereffective|p2a: Togekiss\n|-crit|p2a: Togekiss\n|-damage|p2a: Togekiss|84/100\n|-status|p2a: Togekiss|par\n|\n|upkeep\n|turn|16\n|\n|t:|1771268383\n|switch|p1a: Tornadus|Tornadus-Therian, M|49/100\n|move|p2a: Togekiss|Air Slash|p1a: Tornadus\n|-damage|p1a: Tornadus|8/100\n|\n|upkeep\n|turn|17\n|\n|t:|1771268390\n|move|p1a: Tornadus|U-turn|p2a: Togekiss\n|-resisted|p2a: Togekiss\n|-damage|p2a: Togekiss|81/100 par\n|\n|t:|1771268392\n|switch|p1a: Iron Treads|Iron Treads|39/100|[from] U-turn\n|move|p2a: Togekiss|Air Slash|p1a: Iron Treads\n|-resisted|p1a: Iron Treads\n|-damage|p1a: Iron Treads|21/100\n|\n|upkeep\n|turn|18\n|\n|t:|1771268400\n|switch|p2a: Gyarados|Gyarados, F|2/100\n|-ability|p2a: Gyarados|Intimidate|boost\n|-unboost|p1a: Iron Treads|atk|1\n|-zpower|p1a: Iron Treads\n|move|p1a: Iron Treads|Subzero Slammer|p2a: Gyarados|[zeffect]\n|-damage|p2a: Gyarados|0 fnt\n|faint|p2a: Gyarados\n|\n|upkeep\n|\n|t:|1771268413\n|switch|p2a: Garchomp|Garchomp, M|100/100\n|turn|19\n|\n|t:|1771268421\n|-end|p1a: Iron Treads|Quark Drive|[silent]\n|switch|p1a: Hatterene|Hatterene, F|8/100\n|move|p2a: Garchomp|Scale Shot|p1a: Hatterene\n|-immune|p1a: Hatterene\n|\n|upkeep\n|turn|20\n|\n|t:|1771268428\n|move|p2a: Garchomp|Earthquake|p1a: Hatterene\n|-damage|p1a: Hatterene|0 fnt\n|faint|p1a: Hatterene\n|\n|upkeep\n|\n|t:|1771268435\n|switch|p1a: Latios|Latios-Mega, M|18/100\n|turn|21\n|\n|t:|1771268442\n|switch|p2a: Togekiss|Togekiss, F|81/100 par\n|switch|p1a: Tornadus|Tornadus-Therian, M|42/100\n|\n|upkeep\n|turn|22\n|\n|t:|1771268452\n|move|p1a: Tornadus|U-turn|p2a: Togekiss\n|-resisted|p2a: Togekiss\n|-damage|p2a: Togekiss|76/100 par\n|\n|t:|1771268454\n|switch|p1a: Kabutops|Kabutops, M|100/100|[from] U-turn\n|cant|p2a: Togekiss|par\n|\n|upkeep\n|turn|23\n|\n|t:|1771268462\n|switch|p2a: Ferrothorn|Ferrothorn, F|100/100\n|move|p1a: Kabutops|Flip Turn|p2a: Ferrothorn\n|-resisted|p2a: Ferrothorn\n|-damage|p2a: Ferrothorn|86/100\n|-damage|p1a: Kabutops|88/100|[from] ability: Iron Barbs|[of] p2a: Ferrothorn\n|-damage|p1a: Kabutops|72/100|[from] item: Rocky Helmet|[of] p2a: Ferrothorn\n|\n|t:|1771268467\n|switch|p1a: Tornadus|Tornadus-Therian, M|75/100|[from] Flip Turn\n|\n|upkeep\n|turn|24\n|\n|t:|1771268479\n|switch|p2a: Togekiss|Togekiss, F|76/100 par\n|move|p1a: Tornadus|Hurricane|p2a: Togekiss|[miss]\n|-miss|p1a: Tornadus|p2a: Togekiss\n|\n|upkeep\n|turn|25\n|\n|t:|1771268486\n|move|p1a: Tornadus|Hurricane|p2a: Togekiss\n|-damage|p2a: Togekiss|7/100 par\n|move|p2a: Togekiss|Trick|p1a: Tornadus\n|-activate|p2a: Togekiss|move: Trick|[of] p1a: Tornadus\n|-item|p1a: Tornadus|Choice Scarf|[from] move: Trick\n|-item|p2a: Togekiss|Choice Specs|[from] move: Trick\n|\n|upkeep\n|turn|26\n|\n|t:|1771268494\n|move|p1a: Tornadus|Weather Ball|p2a: Togekiss\n|-damage|p2a: Togekiss|0 fnt\n|faint|p2a: Togekiss\n|\n|upkeep\n|\n|t:|1771268500\n|switch|p2a: Garchomp|Garchomp, M|100/100\n|turn|27\n|\n|t:|1771268517\n|switch|p1a: Latios|Latios-Mega, M|18/100\n|move|p2a: Garchomp|Scale Shot|p1a: Latios|[miss]\n|-miss|p2a: Garchomp|p1a: Latios\n|\n|upkeep\n|turn|28\n|\n|t:|1771268526\n|switch|p2a: Ferrothorn|Ferrothorn, F|86/100\n|move|p1a: Latios|Draco Meteor|p2a: Ferrothorn\n|-resisted|p2a: Ferrothorn\n|-damage|p2a: Ferrothorn|51/100\n|-unboost|p1a: Latios|spa|2\n|\n|upkeep\n|turn|29\n|\n|t:|1771268535\n|switch|p2a: Garchomp|Garchomp, M|100/100\n|move|p1a: Latios|Flip Turn|p2a: Garchomp\n|-damage|p2a: Garchomp|85/100\n|-damage|p1a: Latios|5/100|[from] ability: Rough Skin|[of] p2a: Garchomp\n|\n|t:|1771268544\n|switch|p1a: Tornadus|Tornadus-Therian, M|100/100|[from] Flip Turn\n|\n|upkeep\n|turn|30\n|\n|t:|1771268551\n|move|p1a: Tornadus|Hurricane|p2a: Garchomp|[miss]\n|-miss|p1a: Tornadus|p2a: Garchomp\n|move|p2a: Garchomp|Scale Shot|p1a: Tornadus\n|-crit|p1a: Tornadus\n|-damage|p1a: Tornadus|73/100\n|-damage|p1a: Tornadus|56/100\n|-damage|p1a: Tornadus|37/100\n|-damage|p1a: Tornadus|19/100\n|-damage|p1a: Tornadus|3/100\n|-hitcount|p1a: Tornadus|5\n|-unboost|p2a: Garchomp|def|1\n|-boost|p2a: Garchomp|spe|1\n|\n|upkeep\n|turn|31\n|\n|t:|1771268565\n|move|p1a: Tornadus|Hurricane|p2a: Garchomp\n|-damage|p2a: Garchomp|27/100\n|move|p2a: Garchomp|Scale Shot|p1a: Tornadus|[miss]\n|-miss|p2a: Garchomp|p1a: Tornadus\n|\n|upkeep\n|turn|32\n|\n|t:|1771268579\n|move|p1a: Tornadus|Hurricane|p2a: Garchomp\n|-damage|p2a: Garchomp|0 fnt\n|faint|p2a: Garchomp\n|\n|upkeep\n|\n|t:|1771268584\n|switch|p2a: Ferrothorn|Ferrothorn, F|51/100\n|turn|33\n|\n|t:|1771268592\n|move|p1a: Tornadus|Hurricane|p2a: Ferrothorn|[miss]\n|-miss|p1a: Tornadus|p2a: Ferrothorn\n|move|p2a: Ferrothorn|Leech Seed|p1a: Tornadus\n|-start|p1a: Tornadus|move: Leech Seed\n|\n|-damage|p1a: Tornadus|0 fnt|[from] Leech Seed|[of] p2a: Ferrothorn\n|-heal|p2a: Ferrothorn|53/100|[silent]\n|faint|p1a: Tornadus\n|upkeep\n|\n|t:|1771268596\n|switch|p1a: Latios|Latios-Mega, M|5/100\n|turn|34\n|\n|t:|1771268606\n|move|p1a: Latios|Draco Meteor|p2a: Ferrothorn\n|-resisted|p2a: Ferrothorn\n|-damage|p2a: Ferrothorn|17/100\n|-unboost|p1a: Latios|spa|2\n|move|p2a: Ferrothorn|Leech Seed|p1a: Latios\n|-start|p1a: Latios|move: Leech Seed\n|\n|-damage|p1a: Latios|0 fnt|[from] Leech Seed|[of] p2a: Ferrothorn\n|-heal|p2a: Ferrothorn|22/100|[silent]\n|faint|p1a: Latios\n|detailschange|p1: Latios|Latios, M|[silent]\n|upkeep\n|\n|t:|1771268609\n|switch|p1a: Iron Treads|Iron Treads|21/100\n|turn|35\n|\n|t:|1771268618\n|move|p1a: Iron Treads|Earthquake|p2a: Ferrothorn\n|-damage|p2a: Ferrothorn|0 fnt\n|faint|p2a: Ferrothorn\n|\n|win|samzka\n|raw|samzka's rating: 1586 &rarr; <strong>1610</strong><br />(+24 for winning)\n|raw|Machpunch93's rating: 1649 &rarr; <strong>1625</strong><br />(-24 for losing)\n|l|☆samzka\n|player|p1|\n|l|‽Machpunch93\n|player|p2|\n", "uploadtime": 1771268782, "views": 2, "formatid": "gen9nationaldex", "rating": 1610, "private": 0, "password": null}