{"id": "gen9nationaldex-2540597644", "format": "[Gen 9] National Dex", "players": ["chocolateovo", "nintenbocks"], "log": "|j|☆chocolateovo\n|j|☆nintenbocks\n|t:|1771224390\n|gametype|singles\n|player|p1|chocolateovo|hugh|1554\n|player|p2|nintenbocks|skyla|1551\n|gen|9\n|tier|[Gen 9] National Dex\n|rated|\n|rule|HP Percentage Mod: HP is shown in percentages\n|rule|Endless Battle Clause: Forcing endless battles is banned\n|rule|Species Clause: Limit one of each Pokémon\n|rule|OHKO Clause: OHKO moves are banned\n|rule|Evasion Clause: Evasion abilities, items, and moves are banned\n|rule|Evasion Abilities Clause: Evasion abilities are banned\n|rule|Evasion Items Clause: Evasion items are banned\n|rule|Evasion Moves Clause: Evasion moves are banned\n|rule|Sleep Clause Mod: Limit one foe put to sleep\n|rule|Terastal Clause: You cannot Terastallize\n|clearpoke\n|poke|p1|Shedinja|\n|poke|p1|Moltres|\n|poke|p1|Tyranitar, F|\n|poke|p1|Gliscor, M|\n|poke|p1|Gyarados, M|\n|poke|p1|Iron Valiant|\n|poke|p2|Hatterene, F|\n|poke|p2|Cresselia, F|\n|poke|p2|Porygon2|\n|poke|p2|Ursaluna, M|\n|poke|p2|Mawile, F|\n|poke|p2|Marowak-Alola, M|\n|teampreview\n|inactive|Battle timer is ON: inactive players will automatically lose when time's up. (requested by chocolateovo)\n|j| corvipelon\n|\n|t:|1771224412\n|teamsize|p1|6\n|teamsize|p2|6\n|start\n|switch|p1a: Gyarados|Gyarados, M|100/100\n|switch|p2a: Ballora|Hatterene, F|100/100\n|-ability|p1a: Gyarados|Intimidate|boost\n|-unboost|p2a: Ballora|atk|1\n|turn|1\n|\n|t:|1771224437\n|detailschange|p1a: Gyarados|Gyarados-Mega, M\n|-mega|p1a: Gyarados|Gyarados|Gyaradosite\n|-ability|p1a: Gyarados|Mold Breaker\n|move|p1a: Gyarados|Substitute|p1a: Gyarados\n|-start|p1a: Gyarados|Substitute\n|-damage|p1a: Gyarados|76/100\n|move|p2a: Ballora|Trick Room|p2a: Ballora\n|-fieldstart|move: Trick Room|[of] p2a: Ballora\n|\n|upkeep\n|turn|2\n|\n|t:|1771224456\n|-zpower|p2a: Ballora\n|move|p2a: Ballora|Twinkle Tackle|p1a: Gyarados|[zeffect]\n|-supereffective|p1a: Gyarados\n|-end|p1a: Gyarados|Substitute\n|move|p1a: Gyarados|Substitute|p1a: Gyarados\n|-start|p1a: Gyarados|Substitute\n|-damage|p1a: Gyarados|51/100\n|\n|upkeep\n|turn|3\n|\n|t:|1771224465\n|move|p2a: Ballora|Misty Explosion|p1a: Gyarados\n|-supereffective|p1a: Gyarados\n|-end|p1a: Gyarados|Substitute\n|faint|p2a: Ballora\n|move|p1a: Gyarados|Crunch|p2: Ballora|[notarget]\n|-fail|p1a: Gyarados\n|\n|upkeep\n|\n|t:|1771224481\n|switch|p2a: Bonnie|Marowak-Alola, M|100/100\n|turn|4\n|\n|t:|1771224489\n|switch|p1a: Gliscor|Gliscor, M, shiny|100/100\n|move|p2a: Bonnie|Bonemerang|p1a: Gliscor\n|-immune|p1a: Gliscor\n|\n|-status|p1a: Gliscor|tox|[from] item: Toxic Orb\n|upkeep\n|turn|5\n|\n|t:|1771224496\n|switch|p2a: Baby|Cresselia, F|100/100\n|move|p1a: Gliscor|Protect||[still]\n|-fail|p1a: Gliscor\n|\n|-fieldend|move: Trick Room\n|upkeep\n|turn|6\n|\n|t:|1771224503\n|move|p1a: Gliscor|Stealth Rock|p2a: Baby\n|-sidestart|p2: nintenbocks|move: Stealth Rock\n|move|p2a: Baby|Trick Room|p2a: Baby\n|-fieldstart|move: Trick Room|[of] p2a: Baby\n|\n|upkeep\n|turn|7\n|\n|t:|1771224529\n|switch|p2a: Freddy|Ursaluna, M|100/100\n|-damage|p2a: Freddy|94/100|[from] Stealth Rock\n|move|p1a: Gliscor|Earthquake|p2a: Freddy\n|-damage|p2a: Freddy|71/100\n|\n|-status|p2a: Freddy|brn|[from] item: Flame Orb\n|upkeep\n|turn|8\n|\n|t:|1771224539\n|move|p1a: Gliscor|Protect|p1a: Gliscor\n|-singleturn|p1a: Gliscor|Protect\n|move|p2a: Freddy|Swords Dance|p2a: Freddy\n|-boost|p2a: Freddy|atk|2\n|\n|-damage|p2a: Freddy|65/100 brn|[from] brn\n|upkeep\n|turn|9\n|\n|t:|1771224541\n|switch|p1a: Shedinja|Shedinja, shiny|100/100\n|move|p2a: Freddy|Facade|p1a: Shedinja\n|-immune|p1a: Shedinja|[from] ability: Wonder Guard\n|\n|-damage|p2a: Freddy|59/100 brn|[from] brn\n|upkeep\n|turn|10\n|\n|t:|1771224547\n|move|p1a: Shedinja|Protect|p1a: Shedinja\n|-singleturn|p1a: Shedinja|Protect\n|move|p2a: Freddy|Fire Punch|p1a: Shedinja\n|-activate|p1a: Shedinja|move: Protect\n|\n|-damage|p2a: Freddy|53/100 brn|[from] brn\n|-fieldend|move: Trick Room\n|upkeep\n|turn|11\n|\n|t:|1771224562\n|switch|p1a: Tyranitar|Tyranitar, F|100/100\n|-weather|Sandstorm|[from] ability: Sand Stream|[of] p1a: Tyranitar\n|move|p2a: Freddy|Facade|p1a: Tyranitar\n|-resisted|p1a: Tyranitar\n|-damage|p1a: Tyranitar|0 fnt\n|faint|p1a: Tyranitar\n|\n|-weather|Sandstorm|[upkeep]\n|-damage|p2a: Freddy|47/100 brn|[from] brn\n|upkeep\n|\n|t:|1771224573\n|switch|p1a: Iron Valiant|Iron Valiant|100/100\n|turn|12\n|\n|t:|1771224576\n|switch|p2a: Baby|Cresselia, F|100/100\n|-damage|p2a: Baby|88/100|[from] Stealth Rock\n|move|p1a: Iron Valiant|Knock Off|p2a: Baby\n|-supereffective|p2a: Baby\n|-damage|p2a: Baby|45/100\n|-damage|p1a: Iron Valiant|84/100|[from] item: Rocky Helmet|[of] p2a: Baby\n|-enditem|p2a: Baby|Rocky Helmet|[from] move: Knock Off|[of] p1a: Iron Valiant\n|-damage|p1a: Iron Valiant|74/100|[from] item: Life Orb\n|\n|-weather|Sandstorm|[upkeep]\n|-damage|p1a: Iron Valiant|68/100|[from] Sandstorm\n|-damage|p2a: Baby|39/100|[from] Sandstorm\n|upkeep\n|turn|13\n|\n|t:|1771224590\n|move|p1a: Iron Valiant|Moonblast|p2a: Baby\n|-damage|p2a: Baby|3/100\n|-damage|p1a: Iron Valiant|58/100|[from] item: Life Orb\n|move|p2a: Baby|Trick Room|p2a: Baby\n|-fieldstart|move: Trick Room|[of] p2a: Baby\n|\n|-weather|Sandstorm|[upkeep]\n|-damage|p2a: Baby|0 fnt|[from] Sandstorm\n|-damage|p1a: Iron Valiant|52/100|[from] Sandstorm\n|faint|p2a: Baby\n|upkeep\n|\n|t:|1771224599\n|switch|p2a: Bonnie|Marowak-Alola, M|100/100\n|-damage|p2a: Bonnie|76/100|[from] Stealth Rock\n|turn|14\n|\n|t:|1771224618\n|-end|p1a: Iron Valiant|Quark Drive|[silent]\n|switch|p1a: Gyarados|Gyarados-Mega, M|51/100\n|-ability|p1a: Gyarados|Mold Breaker\n|move|p2a: Bonnie|Flare Blitz|p1a: Gyarados\n|-resisted|p1a: Gyarados\n|-damage|p1a: Gyarados|3/100\n|\n|-weather|Sandstorm|[upkeep]\n|-damage|p2a: Bonnie|70/100|[from] Sandstorm\n|-damage|p1a: Gyarados|0 fnt|[from] Sandstorm\n|faint|p1a: Gyarados\n|detailschange|p1: Gyarados|Gyarados, M|[silent]\n|upkeep\n|\n|t:|1771224627\n|switch|p1a: Gliscor|Gliscor, M, shiny|100/100 tox\n|turn|15\n|\n|t:|1771224637\n|switch|p2a: F10-N4|Porygon2|100/100\n|-damage|p2a: F10-N4|88/100|[from] Stealth Rock\n|-ability|p2a: F10-N4|Poison Heal|Trace|[from] ability: Trace|[of] p1a: Gliscor\n|move|p1a: Gliscor|Earthquake|p2a: F10-N4\n|-damage|p2a: F10-N4|65/100\n|\n|-weather|none\n|upkeep\n|turn|16\n|\n|t:|1771224644\n|switch|p1a: Shedinja|Shedinja, shiny|100/100\n|move|p2a: F10-N4|Tri Attack|p1a: Shedinja\n|-immune|p1a: Shedinja|[from] ability: Wonder Guard\n|\n|upkeep\n|turn|17\n|\n|t:|1771224654\n|switch|p1a: Iron Valiant|Iron Valiant|52/100\n|move|p2a: F10-N4|Teleport|p2a: F10-N4\n|\n|t:|1771224657\n|switch|p2a: Chica|Mawile, F|100/100|[from] Teleport\n|-damage|p2a: Chica|95/100|[from] Stealth Rock\n|-ability|p2a: Chica|Intimidate|boost\n|-unboost|p1a: Iron Valiant|atk|1\n|\n|-fieldend|move: Trick Room\n|upkeep\n|turn|18\n|\n|t:|1771224663\n|-end|p1a: Iron Valiant|Quark Drive|[silent]\n|switch|p1a: Shedinja|Shedinja, shiny|100/100\n|detailschange|p2a: Chica|Mawile-Mega, F\n|-mega|p2a: Chica|Mawile|Mawilite\n|move|p2a: Chica|Knock Off|p1a: Shedinja\n|-supereffective|p1a: Shedinja\n|-damage|p1a: Shedinja|0 fnt\n|-enditem|p1a: Shedinja|Safety Goggles|[from] move: Knock Off|[of] p2a: Chica\n|faint|p1a: Shedinja\n|\n|upkeep\n|\n|t:|1771224669\n|switch|p1a: Moltres|Moltres, shiny|100/100\n|turn|19\n|\n|t:|1771224691\n|move|p1a: Moltres|Flamethrower|p2a: Chica\n|-supereffective|p2a: Chica\n|-damage|p2a: Chica|0 fnt\n|faint|p2a: Chica\n|detailschange|p2: Chica|Mawile, F|[silent]\n|\n|upkeep\n|\n|t:|1771224696\n|switch|p2a: F10-N4|Porygon2|65/100\n|-damage|p2a: F10-N4|53/100|[from] Stealth Rock\n|-ability|p2a: F10-N4|Flame Body|Trace|[from] ability: Trace|[of] p1a: Moltres\n|turn|20\n|\n|t:|1771224708\n|move|p1a: Moltres|Flamethrower|p2a: F10-N4\n|-damage|p2a: F10-N4|31/100\n|move|p2a: F10-N4|Trick Room|p2a: F10-N4\n|-fieldstart|move: Trick Room|[of] p2a: F10-N4\n|\n|upkeep\n|turn|21\n|\n|t:|1771224723\n|switch|p2a: Bonnie|Marowak-Alola, M|70/100\n|-damage|p2a: Bonnie|45/100|[from] Stealth Rock\n|move|p1a: Moltres|U-turn|p2a: Bonnie\n|-resisted|p2a: Bonnie\n|-damage|p2a: Bonnie|41/100\n|\n|t:|1771224729\n|switch|p1a: Gliscor|Gliscor, M, shiny|100/100 tox|[from] U-turn\n|\n|upkeep\n|turn|22\n|\n|t:|1771224735\n|move|p2a: Bonnie|Flare Blitz|p1a: Gliscor\n|-damage|p1a: Gliscor|27/100 tox\n|move|p1a: Gliscor|Earthquake|p2a: Bonnie\n|-supereffective|p2a: Bonnie\n|-damage|p2a: Bonnie|0 fnt\n|faint|p2a: Bonnie\n|\n|-heal|p1a: Gliscor|39/100 tox|[from] ability: Poison Heal\n|upkeep\n|\n|t:|1771224737\n|switch|p2a: F10-N4|Porygon2|31/100\n|-damage|p2a: F10-N4|18/100|[from] Stealth Rock\n|-ability|p2a: F10-N4|Poison Heal|Trace|[from] ability: Trace|[of] p1a: Gliscor\n|turn|23\n|\n|t:|1771224742\n|move|p1a: Gliscor|Protect|p1a: Gliscor\n|-singleturn|p1a: Gliscor|Protect\n|move|p2a: F10-N4|Recover|p2a: F10-N4\n|-heal|p2a: F10-N4|69/100\n|\n|-heal|p1a: Gliscor|52/100 tox|[from] ability: Poison Heal\n|upkeep\n|turn|24\n|\n|t:|1771224749\n|switch|p1a: Iron Valiant|Iron Valiant|52/100\n|move|p2a: F10-N4|Tri Attack|p1a: Iron Valiant\n|-damage|p1a: Iron Valiant|0 fnt\n|faint|p1a: Iron Valiant\n|-end|p1a: Iron Valiant|Quark Drive|[silent]\n|\n|-fieldend|move: Trick Room\n|upkeep\n|-message|chocolateovo forfeited.\n|\n|win|nintenbocks\n|raw|chocolateovo's rating: 1554 &rarr; <strong>1534</strong><br />(-20 for losing)\n|raw|nintenbocks's rating: 1551 &rarr; <strong>1571</strong><br />(+20 for winning)\n|l|☆chocolateovo\n|player|p1|\n|l|☆nintenbocks\n|player|p2|\n", "uploadtime": 1771225028, "views": 8, "formatid": "gen9nationaldex", "rating": 1534, "private": 0, "password": null}