{"id": "gen9nationaldex-2540580512", "format": "[Gen 9] National Dex", "players": ["Alastor_D", "Skyeees"], "log": "|j|☆Alastor_D\n|j|☆Skyeees\n|t:|1771221334\n|gametype|singles\n|player|p1|Alastor_D|alder|1489\n|player|p2|Skyeees|cynthia-gen4|1539\n|gen|9\n|tier|[Gen 9] National Dex\n|rated|\n|rule|HP Percentage Mod: HP is shown in percentages\n|rule|Endless Battle Clause: Forcing endless battles is banned\n|rule|Species Clause: Limit one of each Pokémon\n|rule|OHKO Clause: OHKO moves are banned\n|rule|Evasion Clause: Evasion abilities, items, and moves are banned\n|rule|Evasion Abilities Clause: Evasion abilities are banned\n|rule|Evasion Items Clause: Evasion items are banned\n|rule|Evasion Moves Clause: Evasion moves are banned\n|rule|Sleep Clause Mod: Limit one foe put to sleep\n|rule|Terastal Clause: You cannot Terastallize\n|clearpoke\n|poke|p1|Melmetal|\n|poke|p1|Banette, M|\n|poke|p1|Hatterene, F|\n|poke|p1|Cresselia, F|\n|poke|p1|Porygon2|\n|poke|p1|Ursaluna, F|\n|poke|p2|Clefable, F|\n|poke|p2|Pecharunt|\n|poke|p2|Skarmory, M|\n|poke|p2|Latios, M|\n|poke|p2|Ting-Lu|\n|poke|p2|Gholdengo|\n|teampreview\n|inactive|Battle timer is ON: inactive players will automatically lose when time's up. (requested by Alastor_D)\n|\n|t:|1771221356\n|teamsize|p1|6\n|teamsize|p2|6\n|start\n|switch|p1a: Melmetal|Melmetal|100/100\n|switch|p2a: Gholdengo|Gholdengo|100/100\n|turn|1\n|\n|t:|1771221363\n|switch|p2a: Skarmory|Skarmory, M|100/100\n|move|p1a: Melmetal|Earthquake|p2a: Skarmory\n|-immune|p2a: Skarmory\n|\n|upkeep\n|turn|2\n|\n|t:|1771221367\n|move|p2a: Skarmory|Spikes|p1a: Melmetal\n|-sidestart|p1: Alastor_D|Spikes\n|move|p1a: Melmetal|Thunder Punch|p2a: Skarmory\n|-supereffective|p2a: Skarmory\n|-damage|p2a: Skarmory|53/100\n|\n|upkeep\n|turn|3\n|\n|t:|1771221373\n|switch|p1a: Hatterene|Hatterene, F, shiny|100/100\n|-damage|p1a: Hatterene|88/100|[from] Spikes\n|move|p2a: Skarmory|Spikes|p1a: Hatterene\n|move|p1a: Hatterene|Spikes|p2a: Skarmory|[from] ability: Magic Bounce\n|-sidestart|p2: Skyeees|Spikes\n|\n|upkeep\n|turn|4\n|\n|t:|1771221379\n|switch|p2a: Gholdengo|Gholdengo|100/100\n|-damage|p2a: Gholdengo|88/100|[from] Spikes\n|move|p1a: Hatterene|Mystical Fire|p2a: Gholdengo\n|-supereffective|p2a: Gholdengo\n|-damage|p2a: Gholdengo|22/100\n|-unboost|p2a: Gholdengo|spa|1\n|\n|upkeep\n|turn|5\n|\n|t:|1771221389\n|switch|p1a: Porygon2|Porygon2, shiny|100/100\n|-damage|p1a: Porygon2|88/100|[from] Spikes\n|-ability|p1a: Porygon2|Good as Gold|Trace|[from] ability: Trace|[of] p2a: Gholdengo\n|move|p2a: Gholdengo|Make It Rain|p1a: Porygon2\n|-damage|p1a: Porygon2|63/100\n|-unboost|p2a: Gholdengo|spa|1\n|\n|upkeep\n|turn|6\n|\n|t:|1771221402\n|switch|p2a: Clefable|Clefable, F|100/100\n|move|p1a: Porygon2|Trick Room|p1a: Porygon2\n|-fieldstart|move: Trick Room|[of] p1a: Porygon2\n|\n|upkeep\n|turn|7\n|\n|t:|1771221408\n|move|p2a: Clefable|Knock Off|p1a: Porygon2\n|-damage|p1a: Porygon2|54/100\n|-enditem|p1a: Porygon2|Eviolite|[from] move: Knock Off|[of] p2a: Clefable\n|move|p1a: Porygon2|Teleport|p1a: Porygon2\n|\n|t:|1771221414\n|switch|p1a: Ursaluna|Ursaluna, F|100/100|[from] Teleport\n|-damage|p1a: Ursaluna|88/100|[from] Spikes\n|\n|-status|p1a: Ursaluna|brn|[from] item: Flame Orb\n|upkeep\n|turn|8\n|\n|t:|1771221431\n|switch|p2a: Gholdengo|Gholdengo|22/100\n|-damage|p2a: Gholdengo|10/100|[from] Spikes\n|move|p1a: Ursaluna|Swords Dance|p1a: Ursaluna\n|-boost|p1a: Ursaluna|atk|2\n|\n|-damage|p1a: Ursaluna|82/100 brn|[from] brn\n|upkeep\n|turn|9\n|\n|t:|1771221437\n|move|p1a: Ursaluna|Fire Punch|p2a: Gholdengo\n|-supereffective|p2a: Gholdengo\n|-damage|p2a: Gholdengo|0 fnt\n|faint|p2a: Gholdengo\n|\n|-damage|p1a: Ursaluna|76/100 brn|[from] brn\n|upkeep\n|\n|t:|1771221449\n|switch|p2a: Pecharunt|Pecharunt|100/100\n|turn|10\n|\n|t:|1771221454\n|switch|p2a: Skarmory|Skarmory, M|53/100\n|move|p1a: Ursaluna|Facade|p2a: Skarmory\n|-resisted|p2a: Skarmory\n|-damage|p2a: Skarmory|0 fnt\n|-damage|p1a: Ursaluna|59/100 brn|[from] item: Rocky Helmet|[of] p2a: Skarmory\n|faint|p2a: Skarmory\n|\n|-damage|p1a: Ursaluna|53/100 brn|[from] brn\n|-fieldend|move: Trick Room\n|upkeep\n|\n|t:|1771221466\n|switch|p2a: Latios|Latios, M|100/100\n|turn|11\n|\n|t:|1771221471\n|switch|p1a: Hatterene|Hatterene, F, shiny|88/100\n|-damage|p1a: Hatterene|76/100|[from] Spikes\n|detailschange|p2a: Latios|Latios-Mega, M\n|-mega|p2a: Latios|Latios|Latiosite\n|move|p2a: Latios|Ice Beam|p1a: Hatterene\n|-damage|p1a: Hatterene|41/100\n|\n|upkeep\n|turn|12\n|\n|t:|1771221479\n|move|p2a: Latios|Luster Purge|p1a: Hatterene\n|-resisted|p1a: Hatterene\n|-damage|p1a: Hatterene|8/100\n|move|p1a: Hatterene|Trick Room|p1a: Hatterene\n|-fieldstart|move: Trick Room|[of] p1a: Hatterene\n|\n|upkeep\n|turn|13\n|\n|t:|1771221487\n|move|p1a: Hatterene|Misty Explosion|p2a: Latios\n|-supereffective|p2a: Latios\n|-damage|p2a: Latios|0 fnt\n|faint|p1a: Hatterene\n|faint|p2a: Latios\n|detailschange|p2: Latios|Latios, M|[silent]\n|\n|upkeep\n|\n|t:|1771221495\n|switch|p1a: Ursaluna|Ursaluna, F|53/100 brn\n|switch|p2a: Ting-Lu|Ting-Lu|100/100\n|-damage|p1a: Ursaluna|41/100 brn|[from] Spikes\n|-damage|p2a: Ting-Lu|88/100|[from] Spikes\n|-ability|p2a: Ting-Lu|Vessel of Ruin\n|turn|14\n|\n|t:|1771221508\n|move|p1a: Ursaluna|Facade|p2a: Ting-Lu\n|-damage|p2a: Ting-Lu|17/100\n|move|p2a: Ting-Lu|Earthquake|p1a: Ursaluna\n|-damage|p1a: Ursaluna|14/100 brn\n|\n|-heal|p2a: Ting-Lu|23/100|[from] item: Leftovers\n|-damage|p1a: Ursaluna|8/100 brn|[from] brn\n|upkeep\n|turn|15\n|\n|t:|1771221521\n|move|p1a: Ursaluna|Headlong Rush|p2a: Ting-Lu\n|-damage|p2a: Ting-Lu|0 fnt\n|-unboost|p1a: Ursaluna|def|1\n|-unboost|p1a: Ursaluna|spd|1\n|faint|p2a: Ting-Lu\n|\n|-damage|p1a: Ursaluna|2/100 brn|[from] brn\n|upkeep\n|\n|t:|1771221525\n|switch|p2a: Clefable|Clefable, F|100/100\n|turn|16\n|\n|t:|1771221528\n|move|p1a: Ursaluna|Facade|p2a: Clefable\n|-damage|p2a: Clefable|0 fnt\n|faint|p2a: Clefable\n|\n|-damage|p1a: Ursaluna|0 fnt|[from] brn\n|faint|p1a: Ursaluna\n|-fieldend|move: Trick Room\n|upkeep\n|\n|t:|1771221533\n|switch|p2a: Pecharunt|Pecharunt|100/100\n|switch|p1a: Melmetal|Melmetal|100/100\n|-damage|p1a: Melmetal|88/100|[from] Spikes\n|turn|17\n|\n|t:|1771221537\n|move|p2a: Pecharunt|Foul Play|p1a: Melmetal\n|-damage|p1a: Melmetal|69/100\n|move|p1a: Melmetal|Double Iron Bash|p2a: Pecharunt\n|-damage|p2a: Pecharunt|75/100\n|-crit|p2a: Pecharunt\n|-damage|p2a: Pecharunt|40/100\n|-hitcount|p2a: Pecharunt|2\n|\n|upkeep\n|turn|18\n|\n|t:|1771221545\n|move|p2a: Pecharunt|Recover|p2a: Pecharunt\n|-heal|p2a: Pecharunt|90/100\n|move|p1a: Melmetal|Double Iron Bash|p2a: Pecharunt\n|-damage|p2a: Pecharunt|66/100\n|-damage|p2a: Pecharunt|41/100\n|-hitcount|p2a: Pecharunt|2\n|\n|upkeep\n|turn|19\n|\n|t:|1771221551\n|move|p2a: Pecharunt|Foul Play|p1a: Melmetal\n|-damage|p1a: Melmetal|50/100\n|move|p1a: Melmetal|Double Iron Bash|p2a: Pecharunt\n|-damage|p2a: Pecharunt|15/100\n|-damage|p2a: Pecharunt|0 fnt\n|faint|p2a: Pecharunt\n|-hitcount|p2: Pecharunt|2\n|\n|win|Alastor_D\n|raw|Alastor_D's rating: 1489 &rarr; <strong>1512</strong><br />(+23 for winning)\n|raw|Skyeees's rating: 1539 &rarr; <strong>1516</strong><br />(-23 for losing)\n|l|☆Skyeees\n|player|p2|\n|l|☆Alastor_D\n|player|p1|\n", "uploadtime": 1771221861, "views": 5, "formatid": "gen9nationaldex", "rating": 1512, "private": 0, "password": null}