{"id": "gen9nationaldex-2540836968", "format": "[Gen 9] National Dex", "players": ["Vixen 4 Life", "InvinIsAClown"], "log": "|j|☆Vixen 4 Life\n|j|☆InvinIsAClown\n|t:|1771259129\n|gametype|singles\n|player|p1|Vixen 4 Life|emma|1681\n|player|p2|InvinIsAClown|fisherman|1686\n|gen|9\n|tier|[Gen 9] National Dex\n|rated|\n|rule|HP Percentage Mod: HP is shown in percentages\n|rule|Endless Battle Clause: Forcing endless battles is banned\n|rule|Species Clause: Limit one of each Pokémon\n|rule|OHKO Clause: OHKO moves are banned\n|rule|Evasion Clause: Evasion abilities, items, and moves are banned\n|rule|Evasion Abilities Clause: Evasion abilities are banned\n|rule|Evasion Items Clause: Evasion items are banned\n|rule|Evasion Moves Clause: Evasion moves are banned\n|rule|Sleep Clause Mod: Limit one foe put to sleep\n|rule|Terastal Clause: You cannot Terastallize\n|clearpoke\n|poke|p1|Goodra-Hisui, M|\n|poke|p1|Ceruledge, F|\n|poke|p1|Clodsire, F|\n|poke|p1|Cyclizar, M|\n|poke|p1|Weezing-Galar, F|\n|poke|p1|Umbreon, M|\n|poke|p2|Blaziken, F|\n|poke|p2|Pinsir, F|\n|poke|p2|Terapagos, M|\n|poke|p2|Dragonite, M|\n|poke|p2|Iron Crown|\n|poke|p2|Iron Treads|\n|teampreview\n|\n|t:|1771259173\n|teamsize|p1|6\n|teamsize|p2|6\n|start\n|switch|p1a: Doug Dimmadome|Weezing-Galar, F|100/100\n|switch|p2a: Iron Treads|Iron Treads|100/100\n|-enditem|p2a: Iron Treads|Booster Energy\n|-activate|p2a: Iron Treads|ability: Quark Drive|[fromitem]\n|-start|p2a: Iron Treads|quarkdrivespe\n|turn|1\n|\n|t:|1771259177\n|move|p2a: Iron Treads|Steel Beam|p1a: Doug Dimmadome\n|-supereffective|p1a: Doug Dimmadome\n|-damage|p1a: Doug Dimmadome|0 fnt\n|-damage|p2a: Iron Treads|50/100|[from] steelbeam\n|faint|p1a: Doug Dimmadome\n|\n|upkeep\n|c|☆InvinIsAClown|gg\n|\n|t:|1771259188\n|switch|p1a: Wheelie|Cyclizar, M|100/100\n|turn|2\n|inactive|Battle timer is ON: inactive players will automatically lose when time's up. (requested by Vixen 4 Life)\n|\n|t:|1771259229\n|move|p2a: Iron Treads|Stealth Rock|p1a: Wheelie\n|-sidestart|p1: Vixen 4 Life|move: Stealth Rock\n|move|p1a: Wheelie|Overheat|p2a: Iron Treads\n|-supereffective|p2a: Iron Treads\n|-damage|p2a: Iron Treads|0 fnt\n|-unboost|p1a: Wheelie|spa|2\n|faint|p2a: Iron Treads\n|-end|p2a: Iron Treads|Quark Drive|[silent]\n|\n|upkeep\n|\n|t:|1771259243\n|switch|p2a: Blaziken|Blaziken, F|100/100\n|turn|3\n|\n|t:|1771259247\n|move|p2a: Blaziken|Protect|p2a: Blaziken\n|-singleturn|p2a: Blaziken|Protect\n|move|p1a: Wheelie|Rapid Spin|p2a: Blaziken\n|-activate|p2a: Blaziken|move: Protect\n|\n|-ability|p2a: Blaziken|Speed Boost|boost\n|-boost|p2a: Blaziken|spe|1\n|upkeep\n|turn|4\n|\n|t:|1771259250\n|move|p2a: Blaziken|Close Combat|p1a: Wheelie\n|-supereffective|p1a: Wheelie\n|-damage|p1a: Wheelie|0 fnt\n|-unboost|p2a: Blaziken|def|1\n|-unboost|p2a: Blaziken|spd|1\n|faint|p1a: Wheelie\n|-damage|p2a: Blaziken|91/100|[from] item: Life Orb\n|\n|-ability|p2a: Blaziken|Speed Boost|boost\n|-boost|p2a: Blaziken|spe|1\n|upkeep\n|\n|t:|1771259253\n|switch|p1a: Goopy|Clodsire, F|100/100\n|-damage|p1a: Goopy|94/100|[from] Stealth Rock\n|turn|5\n|\n|t:|1771259255\n|move|p2a: Blaziken|Flare Blitz|p1a: Goopy\n|-damage|p1a: Goopy|37/100\n|-damage|p2a: Blaziken|74/100|[from] item: Rocky Helmet|[of] p1a: Goopy\n|-damage|p2a: Blaziken|45/100|[from] Recoil\n|-damage|p2a: Blaziken|35/100|[from] item: Life Orb\n|move|p1a: Goopy|Earthquake|p2a: Blaziken\n|-supereffective|p2a: Blaziken\n|-damage|p2a: Blaziken|0 fnt\n|faint|p2a: Blaziken\n|\n|upkeep\n|\n|t:|1771259264\n|switch|p2a: Pinsir|Pinsir, F|100/100\n|turn|6\n|\n|t:|1771259267\n|detailschange|p2a: Pinsir|Pinsir-Mega, F\n|-mega|p2a: Pinsir|Pinsir|Pinsirite\n|move|p2a: Pinsir|Frustration|p1a: Goopy\n|-damage|p1a: Goopy|0 fnt\n|-damage|p2a: Pinsir|84/100|[from] item: Rocky Helmet|[of] p1a: Goopy\n|faint|p1a: Goopy\n|\n|upkeep\n|\n|t:|1771259272\n|switch|p1a: Yoru|Umbreon, M, shiny|100/100\n|-damage|p1a: Yoru|88/100|[from] Stealth Rock\n|turn|7\n|\n|t:|1771259286\n|move|p2a: Pinsir|Frustration|p1a: Yoru\n|-damage|p1a: Yoru|44/100\n|move|p1a: Yoru|Foul Play|p2a: Pinsir\n|-damage|p2a: Pinsir|22/100\n|\n|-heal|p1a: Yoru|50/100|[from] item: Leftovers\n|upkeep\n|turn|8\n|\n|t:|1771259292\n|move|p2a: Pinsir|Close Combat|p1a: Yoru\n|-supereffective|p1a: Yoru\n|-damage|p1a: Yoru|0 fnt\n|-unboost|p2a: Pinsir|def|1\n|-unboost|p2a: Pinsir|spd|1\n|faint|p1a: Yoru\n|\n|upkeep\n|\n|t:|1771259294\n|switch|p1a: Gawain|Ceruledge, F|100/100\n|-damage|p1a: Gawain|76/100|[from] Stealth Rock\n|turn|9\n|\n|t:|1771259299\n|move|p1a: Gawain|Shadow Sneak|p2a: Pinsir\n|-damage|p2a: Pinsir|0 fnt\n|faint|p2a: Pinsir\n|detailschange|p2: Pinsir|Pinsir, F|[silent]\n|\n|upkeep\n|\n|t:|1771259300\n|switch|p2a: Dragonite|Dragonite, M|100/100\n|turn|10\n|\n|t:|1771259303\n|move|p1a: Gawain|Shadow Sneak|p2a: Dragonite\n|-damage|p2a: Dragonite|83/100\n|move|p2a: Dragonite|Dragon Dance|p2a: Dragonite\n|-boost|p2a: Dragonite|atk|1\n|-boost|p2a: Dragonite|spe|1\n|\n|upkeep\n|turn|11\n|\n|t:|1771259305\n|move|p1a: Gawain|Shadow Sneak|p2a: Dragonite\n|-crit|p2a: Dragonite\n|-damage|p2a: Dragonite|32/100\n|move|p2a: Dragonite|Scale Shot|p1a: Gawain\n|-damage|p1a: Gawain|42/100\n|-damage|p1a: Gawain|11/100\n|-damage|p1a: Gawain|0 fnt\n|faint|p1a: Gawain\n|-hitcount|p1: Gawain|3\n|-unboost|p2a: Dragonite|def|1\n|-boost|p2a: Dragonite|spe|1\n|\n|upkeep\n|\n|t:|1771259307\n|switch|p1a: Escargoon|Goodra-Hisui, M|100/100\n|-damage|p1a: Escargoon|94/100|[from] Stealth Rock\n|turn|12\n|\n|t:|1771259310\n|move|p2a: Dragonite|Scale Shot|p1a: Escargoon\n|-damage|p1a: Escargoon|74/100\n|-damage|p1a: Escargoon|53/100\n|-damage|p1a: Escargoon|33/100\n|-damage|p1a: Escargoon|13/100\n|-hitcount|p1a: Escargoon|4\n|-unboost|p2a: Dragonite|def|1\n|-boost|p2a: Dragonite|spe|1\n|move|p1a: Escargoon|Ice Beam|p2a: Dragonite\n|-supereffective|p2a: Dragonite\n|-damage|p2a: Dragonite|0 fnt\n|faint|p2a: Dragonite\n|\n|upkeep\n|\n|t:|1771259314\n|switch|p2a: Iron Crown|Iron Crown|100/100\n|-enditem|p2a: Iron Crown|Booster Energy\n|-activate|p2a: Iron Crown|ability: Quark Drive|[fromitem]\n|-start|p2a: Iron Crown|quarkdrivespe\n|turn|13\n|\n|t:|1771259318\n|move|p2a: Iron Crown|Psychic Noise|p1a: Escargoon\n|-resisted|p1a: Escargoon\n|-damage|p1a: Escargoon|6/100\n|-start|p1a: Escargoon|move: Heal Block\n|move|p1a: Escargoon|Flamethrower|p2a: Iron Crown\n|-supereffective|p2a: Iron Crown\n|-damage|p2a: Iron Crown|54/100\n|\n|upkeep\n|turn|14\n|\n|t:|1771259321\n|move|p2a: Iron Crown|Psychic Noise|p1a: Escargoon\n|-resisted|p1a: Escargoon\n|-damage|p1a: Escargoon|1/100\n|move|p1a: Escargoon|Flamethrower|p2a: Iron Crown\n|-supereffective|p2a: Iron Crown\n|-damage|p2a: Iron Crown|10/100\n|\n|-end|p1a: Escargoon|move: Heal Block\n|upkeep\n|turn|15\n|\n|t:|1771259324\n|move|p2a: Iron Crown|Psychic Noise|p1a: Escargoon\n|-resisted|p1a: Escargoon\n|-damage|p1a: Escargoon|0 fnt\n|faint|p1a: Escargoon\n|\n|win|InvinIsAClown\n|raw|Vixen 4 Life's rating: 1681 &rarr; <strong>1661</strong><br />(-20 for losing)\n|raw|InvinIsAClown's rating: 1686 &rarr; <strong>1706</strong><br />(+20 for winning)\n|l|☆Vixen 4 Life\n|player|p1|\n", "uploadtime": 1771259581, "views": 4, "formatid": "gen9nationaldex", "rating": 1661, "private": 0, "password": null}