{"id": "gen9nationaldex-2540499112", "format": "[Gen 9] National Dex", "players": ["Jadii_Xii", "AyyOmega"], "log": "|j|☆Jadii_Xii\n|j|☆AyyOmega\n|t:|1771209630\n|gametype|singles\n|player|p1|Jadii_Xii|aaron|1653\n|player|p2|AyyOmega|102|1744\n|gen|9\n|tier|[Gen 9] National Dex\n|rated|\n|rule|HP Percentage Mod: HP is shown in percentages\n|rule|Endless Battle Clause: Forcing endless battles is banned\n|rule|Species Clause: Limit one of each Pokémon\n|rule|OHKO Clause: OHKO moves are banned\n|rule|Evasion Clause: Evasion abilities, items, and moves are banned\n|rule|Evasion Abilities Clause: Evasion abilities are banned\n|rule|Evasion Items Clause: Evasion items are banned\n|rule|Evasion Moves Clause: Evasion moves are banned\n|rule|Sleep Clause Mod: Limit one foe put to sleep\n|rule|Terastal Clause: You cannot Terastallize\n|clearpoke\n|poke|p1|Urshifu-*, M|\n|poke|p1|Porygon-Z|\n|poke|p1|Gengar, F|\n|poke|p1|Grimmsnarl, M|\n|poke|p1|Garchomp, F|\n|poke|p1|Volcarona, M|\n|poke|p2|Tapu Koko|\n|poke|p2|Iron Valiant|\n|poke|p2|Tyranitar, F|\n|poke|p2|Zapdos|\n|poke|p2|Alomomola, F|\n|poke|p2|Garchomp, M|\n|teampreview\n|inactive|Battle timer is ON: inactive players will automatically lose when time's up. (requested by Jadii_Xii)\n|\n|t:|1771209666\n|teamsize|p1|6\n|teamsize|p2|6\n|start\n|switch|p1a: Garchomp|Garchomp, F|100/100\n|switch|p2a: Tapu Koko|Tapu Koko|100/100\n|-fieldstart|move: Electric Terrain|[from] ability: Electric Surge|[of] p2a: Tapu Koko\n|turn|1\n|\n|t:|1771209670\n|switch|p2a: Alomomola|Alomomola, F|100/100\n|move|p1a: Garchomp|Earthquake|p2a: Alomomola\n|-damage|p2a: Alomomola|69/100\n|\n|upkeep\n|turn|2\n|\n|t:|1771209673\n|move|p1a: Garchomp|Stealth Rock|p2a: Alomomola\n|-sidestart|p2: AyyOmega|move: Stealth Rock\n|move|p2a: Alomomola|Flip Turn|p1a: Garchomp\n|-damage|p1a: Garchomp|86/100\n|-damage|p2a: Alomomola|57/100|[from] ability: Rough Skin|[of] p1a: Garchomp\n|-damage|p2a: Alomomola|40/100|[from] item: Rocky Helmet|[of] p1a: Garchomp\n|\n|t:|1771209678\n|switch|p2a: Iron Valiant|Iron Valiant|100/100|[from] Flip Turn\n|-damage|p2a: Iron Valiant|94/100|[from] Stealth Rock\n|-activate|p2a: Iron Valiant|ability: Quark Drive\n|-start|p2a: Iron Valiant|quarkdrivespa\n|\n|upkeep\n|turn|3\n|\n|t:|1771209682\n|switch|p1a: Volcarona|Volcarona, M|100/100\n|move|p2a: Iron Valiant|Moonblast|p1a: Volcarona\n|-resisted|p1a: Volcarona\n|-damage|p1a: Volcarona|49/100\n|\n|upkeep\n|turn|4\n|\n|t:|1771209684\n|move|p2a: Iron Valiant|Moonblast|p1a: Volcarona\n|-resisted|p1a: Volcarona\n|-damage|p1a: Volcarona|0 fnt\n|faint|p1a: Volcarona\n|\n|upkeep\n|\n|t:|1771209685\n|switch|p1a: Gengar|Gengar, F|100/100\n|turn|5\n|\n|t:|1771209689\n|-end|p2a: Iron Valiant|Quark Drive|[silent]\n|switch|p2a: Garchomp|Garchomp, M|100/100\n|-damage|p2a: Garchomp|94/100|[from] Stealth Rock\n|move|p1a: Gengar|Sludge Bomb|p2a: Garchomp\n|-resisted|p2a: Garchomp\n|-damage|p2a: Garchomp|80/100\n|-status|p2a: Garchomp|psn\n|\n|-damage|p2a: Garchomp|67/100 psn|[from] psn\n|-fieldend|move: Electric Terrain\n|upkeep\n|turn|6\n|\n|t:|1771209695\n|switch|p1a: Garchomp|Garchomp, F|86/100\n|move|p2a: Garchomp|Stealth Rock|p1a: Garchomp\n|-sidestart|p1: Jadii_Xii|move: Stealth Rock\n|\n|-damage|p2a: Garchomp|55/100 psn|[from] psn\n|upkeep\n|turn|7\n|\n|t:|1771209697\n|move|p1a: Garchomp|Earthquake|p2a: Garchomp\n|-crit|p2a: Garchomp\n|-damage|p2a: Garchomp|0 fnt\n|faint|p2a: Garchomp\n|\n|upkeep\n|\n|t:|1771209702\n|switch|p2a: Iron Valiant|Iron Valiant|94/100\n|-damage|p2a: Iron Valiant|88/100|[from] Stealth Rock\n|turn|8\n|\n|t:|1771209704\n|move|p2a: Iron Valiant|Moonblast|p1a: Garchomp\n|-supereffective|p1a: Garchomp\n|-damage|p1a: Garchomp|0 fnt\n|faint|p1a: Garchomp\n|\n|upkeep\n|\n|t:|1771209705\n|switch|p1a: Grimmsnarl|Grimmsnarl, M|100/100\n|-damage|p1a: Grimmsnarl|88/100|[from] Stealth Rock\n|turn|9\n|\n|t:|1771209708\n|move|p1a: Grimmsnarl|Thunder Wave|p2a: Iron Valiant\n|-status|p2a: Iron Valiant|par\n|cant|p2a: Iron Valiant|par\n|\n|upkeep\n|turn|10\n|\n|t:|1771209712\n|move|p1a: Grimmsnarl|Light Screen|p1a: Grimmsnarl\n|-sidestart|p1: Jadii_Xii|move: Light Screen\n|move|p2a: Iron Valiant|Moonblast|p1a: Grimmsnarl\n|-supereffective|p1a: Grimmsnarl\n|-damage|p1a: Grimmsnarl|16/100\n|\n|upkeep\n|turn|11\n|\n|t:|1771209714\n|move|p1a: Grimmsnarl|Reflect|p1a: Grimmsnarl\n|-sidestart|p1: Jadii_Xii|Reflect\n|move|p2a: Iron Valiant|Moonblast|p1a: Grimmsnarl\n|-supereffective|p1a: Grimmsnarl\n|-damage|p1a: Grimmsnarl|0 fnt\n|faint|p1a: Grimmsnarl\n|\n|upkeep\n|\n|t:|1771209719\n|switch|p1a: Urshifu|Urshifu-Rapid-Strike, M|100/100\n|-damage|p1a: Urshifu|94/100|[from] Stealth Rock\n|turn|12\n|\n|t:|1771209721\n|-end|p2a: Iron Valiant|Quark Drive|[silent]\n|switch|p2a: Zapdos|Zapdos|100/100\n|move|p1a: Urshifu|Surging Strikes|p2a: Zapdos\n|-crit|p2a: Zapdos\n|-damage|p2a: Zapdos|83/100\n|-crit|p2a: Zapdos\n|-damage|p2a: Zapdos|68/100\n|-crit|p2a: Zapdos\n|-damage|p2a: Zapdos|51/100\n|-hitcount|p2a: Zapdos|3\n|\n|upkeep\n|turn|13\n|\n|t:|1771209726\n|move|p1a: Urshifu|Surging Strikes|p2a: Zapdos\n|-crit|p2a: Zapdos\n|-damage|p2a: Zapdos|35/100\n|-crit|p2a: Zapdos\n|-damage|p2a: Zapdos|19/100\n|-crit|p2a: Zapdos\n|-damage|p2a: Zapdos|2/100\n|-hitcount|p2a: Zapdos|3\n|move|p2a: Zapdos|Volt Switch|p1a: Urshifu\n|-supereffective|p1a: Urshifu\n|-damage|p1a: Urshifu|47/100\n|\n|t:|1771209731\n|switch|p2a: Tapu Koko|Tapu Koko|100/100|[from] Volt Switch\n|-damage|p2a: Tapu Koko|88/100|[from] Stealth Rock\n|-fieldstart|move: Electric Terrain|[from] ability: Electric Surge|[of] p2a: Tapu Koko\n|\n|upkeep\n|turn|14\n|\n|t:|1771209737\n|switch|p1a: Gengar|Gengar, F|100/100\n|-damage|p1a: Gengar|88/100|[from] Stealth Rock\n|move|p2a: Tapu Koko|Thunderbolt|p1a: Gengar\n|-crit|p1a: Gengar\n|-damage|p1a: Gengar|0 fnt\n|-start|p2a: Tapu Koko|Disable|Thunderbolt|[from] ability: Cursed Body|[of] p1a: Gengar\n|faint|p1a: Gengar\n|\n|upkeep\n|\n|t:|1771209740\n|switch|p1a: Urshifu|Urshifu-Rapid-Strike, M|47/100\n|-damage|p1a: Urshifu|40/100|[from] Stealth Rock\n|turn|15\n|\n|t:|1771209743\n|-zpower|p2a: Tapu Koko\n|move|p2a: Tapu Koko|Gigavolt Havoc|p1a: Urshifu|[zeffect]\n|-supereffective|p1a: Urshifu\n|-damage|p1a: Urshifu|0 fnt\n|faint|p1a: Urshifu\n|\n|upkeep\n|\n|t:|1771209744\n|switch|p1a: Porygon-Z|Porygon-Z, shiny|100/100\n|-damage|p1a: Porygon-Z|88/100|[from] Stealth Rock\n|-ability|p1a: Porygon-Z|Download|boost\n|-boost|p1a: Porygon-Z|spa|1\n|turn|16\n|\n|t:|1771209747\n|move|p2a: Tapu Koko|U-turn|p1a: Porygon-Z\n|-damage|p1a: Porygon-Z|76/100\n|\n|t:|1771209749\n|switch|p2a: Tyranitar|Tyranitar, F|100/100|[from] U-turn\n|-damage|p2a: Tyranitar|88/100|[from] Stealth Rock\n|-weather|Sandstorm|[from] ability: Sand Stream|[of] p2a: Tyranitar\n|-zpower|p1a: Porygon-Z\n|move|p1a: Porygon-Z|Z-Conversion|p1a: Porygon-Z|[anim]Conversion\n|-boost|p1a: Porygon-Z|atk|1|[zeffect]\n|-boost|p1a: Porygon-Z|def|1|[zeffect]\n|-boost|p1a: Porygon-Z|spa|1|[zeffect]\n|-boost|p1a: Porygon-Z|spd|1|[zeffect]\n|-boost|p1a: Porygon-Z|spe|1|[zeffect]\n|-start|p1a: Porygon-Z|typechange|Ghost\n|\n|-weather|Sandstorm|[upkeep]\n|-damage|p1a: Porygon-Z|70/100|[from] Sandstorm\n|upkeep\n|turn|17\n|\n|t:|1771209753\n|detailschange|p2a: Tyranitar|Tyranitar-Mega, F\n|-mega|p2a: Tyranitar|Tyranitar|Tyranitarite\n|move|p1a: Porygon-Z|Ice Beam|p2a: Tyranitar\n|-damage|p2a: Tyranitar|54/100\n|move|p2a: Tyranitar|Knock Off|p1a: Porygon-Z\n|-supereffective|p1a: Porygon-Z\n|-damage|p1a: Porygon-Z|24/100\n|\n|-weather|Sandstorm|[upkeep]\n|-damage|p1a: Porygon-Z|18/100|[from] Sandstorm\n|-sideend|p1: Jadii_Xii|move: Light Screen\n|-fieldend|move: Electric Terrain\n|upkeep\n|turn|18\n|\n|t:|1771209762\n|move|p1a: Porygon-Z|Ice Beam|p2a: Tyranitar\n|-damage|p2a: Tyranitar|22/100\n|move|p2a: Tyranitar|Knock Off|p1a: Porygon-Z\n|-supereffective|p1a: Porygon-Z\n|-damage|p1a: Porygon-Z|0 fnt\n|faint|p1a: Porygon-Z\n|\n|win|AyyOmega\n|raw|Jadii_Xii's rating: 1653 &rarr; <strong>1638</strong><br />(-15 for losing)\n|raw|AyyOmega's rating: 1744 &rarr; <strong>1759</strong><br />(+15 for winning)\n|l|☆Jadii_Xii\n|player|p1|\n|c|☆AyyOmega|gg\n", "uploadtime": 1771209766, "views": 7, "formatid": "gen9nationaldex", "rating": 1638, "private": 0, "password": null}