{"id": "gen9nationaldex-2540763975", "format": "[Gen 9] National Dex", "players": ["Yaoshi", "riderzitto5"], "log": "|j|☆Yaoshi\n|j|☆riderzitto5\n|t:|1771251311\n|gametype|singles\n|player|p1|Yaoshi|silver-masters|1601\n|player|p2|riderzitto5|petrel|1679\n|gen|9\n|tier|[Gen 9] National Dex\n|rated|\n|rule|HP Percentage Mod: HP is shown in percentages\n|rule|Endless Battle Clause: Forcing endless battles is banned\n|rule|Species Clause: Limit one of each Pokémon\n|rule|OHKO Clause: OHKO moves are banned\n|rule|Evasion Clause: Evasion abilities, items, and moves are banned\n|rule|Evasion Abilities Clause: Evasion abilities are banned\n|rule|Evasion Items Clause: Evasion items are banned\n|rule|Evasion Moves Clause: Evasion moves are banned\n|rule|Sleep Clause Mod: Limit one foe put to sleep\n|rule|Terastal Clause: You cannot Terastallize\n|clearpoke\n|poke|p1|Landorus-Therian, M|\n|poke|p1|Gallade, M|\n|poke|p1|Victini|\n|poke|p1|Aegislash, M|\n|poke|p1|Alakazam, F|\n|poke|p1|Alomomola, M|\n|poke|p2|Chansey, F|\n|poke|p2|Toxapex, F|\n|poke|p2|Corviknight, M|\n|poke|p2|Clodsire, M|\n|poke|p2|Dondozo, M|\n|poke|p2|Sableye, F|\n|teampreview\n|inactive|Battle timer is ON: inactive players will automatically lose when time's up. (requested by Yaoshi)\n|\n|t:|1771251324\n|teamsize|p1|6\n|teamsize|p2|6\n|start\n|switch|p1a: YingLong|Landorus-Therian, M, shiny|100/100\n|switch|p2a: Timid|Sableye, F, shiny|100/100\n|-ability|p1a: YingLong|Intimidate|boost\n|-unboost|p2a: Timid|atk|1\n|turn|1\n|\n|t:|1771251331\n|switch|p1a: Nezha|Victini|100/100\n|move|p2a: Timid|Will-O-Wisp|p1a: Nezha\n|-immune|p1a: Nezha\n|\n|upkeep\n|turn|2\n|\n|t:|1771251334\n|detailschange|p2a: Timid|Sableye-Mega, F, shiny\n|-mega|p2a: Timid|Sableye|Sablenite\n|move|p2a: Timid|Protect|p2a: Timid\n|-singleturn|p2a: Timid|Protect\n|move|p1a: Nezha|Power-Up Punch|p2a: Timid\n|-activate|p2a: Timid|move: Protect\n|\n|upkeep\n|turn|3\n|\n|t:|1771251341\n|move|p1a: Nezha|V-create|p2a: Timid\n|-damage|p2a: Timid|45/100\n|-unboost|p1a: Nezha|spe|1\n|-unboost|p1a: Nezha|def|1\n|-unboost|p1a: Nezha|spd|1\n|move|p2a: Timid|Knock Off|p1a: Nezha\n|-supereffective|p1a: Nezha\n|-damage|p1a: Nezha|61/100\n|\n|upkeep\n|turn|4\n|\n|t:|1771251352\n|switch|p2a: Fish|Dondozo, M, shiny|100/100\n|move|p1a: Nezha|U-turn|p2a: Fish\n|-damage|p2a: Fish|91/100\n|\n|t:|1771251361\n|switch|p1a: máodùn|Aegislash, M, shiny|100/100|[from] U-turn\n|\n|-heal|p2a: Fish|97/100|[from] item: Leftovers\n|upkeep\n|turn|5\n|\n|t:|1771251366\n|move|p1a: máodùn|Toxic|p2a: Fish\n|-status|p2a: Fish|tox\n|move|p2a: Fish|Waterfall|p1a: máodùn\n|-damage|p1a: máodùn|79/100\n|\n|-heal|p1a: máodùn|85/100|[from] item: Leftovers\n|-heal|p2a: Fish|100/100 tox|[from] item: Leftovers\n|-damage|p2a: Fish|94/100 tox|[from] psn\n|upkeep\n|turn|6\n|\n|t:|1771251372\n|switch|p1a: Aoyu|Alomomola, M|100/100\n|move|p2a: Fish|Rest|p2a: Fish\n|-status|p2a: Fish|slp|[from] move: Rest\n|-heal|p2a: Fish|100/100 slp|[silent]\n|\n|upkeep\n|turn|7\n|\n|t:|1771251377\n|move|p1a: Aoyu|Flip Turn|p2a: Fish\n|-resisted|p2a: Fish\n|-damage|p2a: Fish|97/100 slp\n|\n|t:|1771251380\n|switch|p1a: YingLong|Landorus-Therian, M, shiny|100/100|[from] Flip Turn\n|-ability|p1a: YingLong|Intimidate|boost\n|-unboost|p2a: Fish|atk|1\n|cant|p2a: Fish|slp\n|move|p2a: Fish|Sleep Talk|p2a: Fish\n|move|p2a: Fish|Rest||[from] move: Sleep Talk|[still]\n|-fail|p2a: Fish\n|\n|-heal|p2a: Fish|100/100 slp|[from] item: Leftovers\n|upkeep\n|turn|8\n|\n|t:|1771251390\n|switch|p2a: Your BF|Corviknight, M|100/100\n|-ability|p2a: Your BF|Pressure\n|move|p1a: YingLong|U-turn|p2a: Your BF\n|-resisted|p2a: Your BF\n|-damage|p2a: Your BF|96/100\n|-damage|p1a: YingLong|84/100|[from] item: Rocky Helmet|[of] p2a: Your BF\n|\n|t:|1771251394\n|switch|p1a: Nezha|Victini|61/100|[from] U-turn\n|\n|upkeep\n|turn|9\n|\n|t:|1771251400\n|switch|p2a: Fish|Dondozo, M, shiny|100/100 slp\n|move|p1a: Nezha|Bolt Strike|p2a: Fish\n|-supereffective|p2a: Fish\n|-damage|p2a: Fish|66/100 slp\n|\n|-heal|p2a: Fish|72/100 slp|[from] item: Leftovers\n|upkeep\n|turn|10\n|\n|t:|1771251406\n|move|p1a: Nezha|Bolt Strike|p2a: Fish\n|-supereffective|p2a: Fish\n|-damage|p2a: Fish|36/100 slp\n|cant|p2a: Fish|slp\n|move|p2a: Fish|Sleep Talk|p2a: Fish\n|move|p2a: Fish|Rest||[from] move: Sleep Talk|[still]\n|-fail|p2a: Fish\n|\n|-heal|p2a: Fish|42/100 slp|[from] item: Leftovers\n|upkeep\n|turn|11\n|\n|t:|1771251414\n|move|p1a: Nezha|Bolt Strike|p2a: Fish\n|-supereffective|p2a: Fish\n|-crit|p2a: Fish\n|-damage|p2a: Fish|0 fnt\n|faint|p2a: Fish\n|\n|upkeep\n|\n|t:|1771251420\n|switch|p2a: ThePex|Toxapex, F, shiny|100/100\n|turn|12\n|\n|t:|1771251423\n|move|p1a: Nezha|Bolt Strike|p2a: ThePex\n|-supereffective|p2a: ThePex\n|-damage|p2a: ThePex|58/100\n|move|p2a: ThePex|Toxic|p1a: Nezha\n|-status|p1a: Nezha|tox\n|\n|-heal|p2a: ThePex|64/100|[from] item: Black Sludge\n|-damage|p1a: Nezha|55/100 tox|[from] psn\n|upkeep\n|turn|13\n|\n|t:|1771251428\n|move|p1a: Nezha|Power-Up Punch|p2a: ThePex\n|-resisted|p2a: ThePex\n|-damage|p2a: ThePex|60/100\n|-boost|p1a: Nezha|atk|1\n|move|p2a: ThePex|Recover|p2a: ThePex\n|-heal|p2a: ThePex|100/100\n|\n|-damage|p1a: Nezha|43/100 tox|[from] psn\n|upkeep\n|turn|14\n|\n|t:|1771251431\n|move|p1a: Nezha|Bolt Strike|p2a: ThePex\n|-supereffective|p2a: ThePex\n|-damage|p2a: ThePex|29/100\n|-status|p2a: ThePex|par\n|move|p2a: ThePex|Haze|p2a: ThePex\n|-clearallboost\n|\n|-heal|p2a: ThePex|35/100 par|[from] item: Black Sludge\n|-damage|p1a: Nezha|24/100 tox|[from] psn\n|upkeep\n|turn|15\n|\n|t:|1771251437\n|switch|p2a: hehhehe|Clodsire, M, shiny|100/100\n|move|p1a: Nezha|U-turn|p2a: hehhehe\n|-resisted|p2a: hehhehe\n|-damage|p2a: hehhehe|90/100\n|\n|t:|1771251440\n|switch|p1a: YingLong|Landorus-Therian, M, shiny|84/100|[from] U-turn\n|-ability|p1a: YingLong|Intimidate|boost\n|-unboost|p2a: hehhehe|atk|1\n|\n|-heal|p2a: hehhehe|96/100|[from] item: Black Sludge\n|upkeep\n|turn|16\n|\n|t:|1771251442\n|switch|p2a: Your BF|Corviknight, M|96/100\n|-ability|p2a: Your BF|Pressure\n|move|p1a: YingLong|U-turn|p2a: Your BF\n|-resisted|p2a: Your BF\n|-damage|p2a: Your BF|92/100\n|-damage|p1a: YingLong|67/100|[from] item: Rocky Helmet|[of] p2a: Your BF\n|\n|t:|1771251447\n|switch|p1a: Aoyu|Alomomola, M|100/100|[from] U-turn\n|\n|upkeep\n|turn|17\n|\n|t:|1771251462\n|move|p2a: Your BF|Body Press|p1a: Aoyu\n|-damage|p1a: Aoyu|88/100\n|-damage|p2a: Your BF|76/100|[from] item: Rocky Helmet|[of] p1a: Aoyu\n|move|p1a: Aoyu|Wish|p1a: Aoyu\n|\n|upkeep\n|turn|18\n|\n|t:|1771251475\n|switch|p2a: ThePex|Toxapex, F, shiny|68/100 par\n|move|p1a: Aoyu|Flip Turn|p2a: ThePex\n|-resisted|p2a: ThePex\n|-damage|p2a: ThePex|63/100 par\n|\n|t:|1771251480\n|switch|p1a: Nezha|Victini|24/100 tox|[from] Flip Turn\n|\n|-heal|p1a: Nezha|100/100 tox|[from] move: Wish|[wisher] Aoyu\n|-heal|p2a: ThePex|69/100 par|[from] item: Black Sludge\n|-damage|p1a: Nezha|94/100 tox|[from] psn\n|upkeep\n|turn|19\n|\n|t:|1771251487\n|move|p1a: Nezha|Power-Up Punch|p2a: ThePex\n|-resisted|p2a: ThePex\n|-damage|p2a: ThePex|66/100 par\n|-boost|p1a: Nezha|atk|1\n|cant|p2a: ThePex|par\n|\n|-heal|p2a: ThePex|71/100 par|[from] item: Black Sludge\n|-damage|p1a: Nezha|82/100 tox|[from] psn\n|upkeep\n|turn|20\n|\n|t:|1771251493\n|switch|p2a: hehhehe|Clodsire, M, shiny|96/100\n|move|p1a: Nezha|Bolt Strike|p2a: hehhehe\n|-immune|p2a: hehhehe\n|\n|-heal|p2a: hehhehe|100/100|[from] item: Black Sludge\n|-damage|p1a: Nezha|64/100 tox|[from] psn\n|upkeep\n|turn|21\n|\n|t:|1771251500\n|switch|p2a: ThePex|Toxapex, F, shiny|100/100 par\n|-zpower|p1a: Nezha\n|move|p1a: Nezha|Inferno Overdrive|p2a: ThePex|[zeffect]\n|-resisted|p2a: ThePex\n|-damage|p2a: ThePex|57/100 par\n|\n|-heal|p2a: ThePex|63/100 par|[from] item: Black Sludge\n|-damage|p1a: Nezha|39/100 tox|[from] psn\n|upkeep\n|turn|22\n|\n|t:|1771251511\n|switch|p2a: hehhehe|Clodsire, M, shiny|100/100\n|move|p1a: Nezha|V-create|p2a: hehhehe\n|-damage|p2a: hehhehe|9/100\n|-unboost|p1a: Nezha|spe|1\n|-unboost|p1a: Nezha|def|1\n|-unboost|p1a: Nezha|spd|1\n|\n|-heal|p2a: hehhehe|16/100|[from] item: Black Sludge\n|-damage|p1a: Nezha|8/100 tox|[from] psn\n|upkeep\n|turn|23\n|\n|t:|1771251521\n|move|p1a: Nezha|U-turn|p2a: hehhehe\n|-resisted|p2a: hehhehe\n|-damage|p2a: hehhehe|3/100\n|\n|t:|1771251524\n|switch|p1a: Shin Lim|Alakazam, F|100/100|[from] U-turn\n|move|p2a: hehhehe|Recover|p2a: hehhehe\n|-heal|p2a: hehhehe|53/100\n|\n|-heal|p2a: hehhehe|60/100|[from] item: Black Sludge\n|upkeep\n|turn|24\n|\n|t:|1771251535\n|move|p1a: Shin Lim|Psychic|p2a: hehhehe\n|-supereffective|p2a: hehhehe\n|-damage|p2a: hehhehe|0 fnt\n|faint|p2a: hehhehe\n|\n|upkeep\n|\n|t:|1771251538\n|switch|p2a: EggChan|Chansey, F, shiny|100/100\n|turn|25\n|\n|t:|1771251541\n|switch|p1a: Aoyu|Alomomola, M|100/100\n|move|p2a: EggChan|Wish|p2a: EggChan\n|\n|upkeep\n|turn|26\n|\n|t:|1771251544\n|switch|p2a: Timid|Sableye-Mega, F, shiny|45/100\n|move|p1a: Aoyu|Wish|p1a: Aoyu\n|\n|-heal|p2a: Timid|100/100|[from] move: Wish|[wisher] EggChan\n|upkeep\n|turn|27\n|\n|t:|1771251549\n|move|p2a: Timid|Protect|p2a: Timid\n|-singleturn|p2a: Timid|Protect\n|move|p1a: Aoyu|Flip Turn|p2a: Timid\n|-activate|p2a: Timid|move: Protect\n|\n|upkeep\n|turn|28\n|c|☆Yaoshi|that gets wish?\n|\n|t:|1771251559\n|switch|p2a: ThePex|Toxapex, F, shiny|96/100 par\n|move|p1a: Aoyu|Wish|p1a: Aoyu\n|\n|-heal|p2a: ThePex|100/100 par|[from] item: Black Sludge\n|upkeep\n|turn|29\n|\n|t:|1771251562\n|move|p1a: Aoyu|Flip Turn|p2a: ThePex\n|-resisted|p2a: ThePex\n|-damage|p2a: ThePex|96/100 par\n|\n|t:|1771251565\n|switch|p1a: Nezha|Victini|8/100 tox|[from] Flip Turn\n|move|p2a: ThePex|Scald|p1a: Nezha\n|-supereffective|p1a: Nezha\n|-damage|p1a: Nezha|0 fnt\n|faint|p1a: Nezha\n|\n|-heal|p2a: ThePex|100/100 par|[from] item: Black Sludge\n|upkeep\n|\n|t:|1771251568\n|switch|p1a: YingLong|Landorus-Therian, M, shiny|67/100\n|-ability|p1a: YingLong|Intimidate|boost\n|-unboost|p2a: ThePex|atk|1\n|turn|30\n|\n|t:|1771251572\n|switch|p2a: Your BF|Corviknight, M|76/100\n|-ability|p2a: Your BF|Pressure\n|move|p1a: YingLong|Earthquake|p2a: Your BF\n|-immune|p2a: Your BF\n|\n|upkeep\n|turn|31\n|\n|t:|1771251579\n|switch|p1a: Aoyu|Alomomola, M|100/100\n|move|p2a: Your BF|Roost|p2a: Your BF\n|-heal|p2a: Your BF|100/100\n|-singleturn|p2a: Your BF|move: Roost\n|\n|upkeep\n|turn|32\n|\n|t:|1771251583\n|switch|p2a: ThePex|Toxapex, F, shiny|100/100 par\n|move|p1a: Aoyu|Flip Turn|p2a: ThePex\n|-resisted|p2a: ThePex\n|-damage|p2a: ThePex|96/100 par\n|\n|t:|1771251590\n|switch|p1a: Shi Yan Ming|Gallade, M, shiny|100/100|[from] Flip Turn\n|\n|-heal|p2a: ThePex|100/100 par|[from] item: Black Sludge\n|upkeep\n|turn|33\n|\n|t:|1771251597\n|detailschange|p1a: Shi Yan Ming|Gallade-Mega, M, shiny\n|-mega|p1a: Shi Yan Ming|Gallade|Galladite\n|move|p1a: Shi Yan Ming|Bulk Up|p1a: Shi Yan Ming\n|-boost|p1a: Shi Yan Ming|atk|1\n|-boost|p1a: Shi Yan Ming|def|1\n|cant|p2a: ThePex|par\n|\n|upkeep\n|turn|34\n|\n|t:|1771251603\n|move|p1a: Shi Yan Ming|Zen Headbutt|p2a: ThePex|[miss]\n|-miss|p1a: Shi Yan Ming|p2a: ThePex\n|cant|p2a: ThePex|par\n|\n|upkeep\n|turn|35\n|\n|t:|1771251609\n|switch|p2a: Your BF|Corviknight, M|100/100\n|-ability|p2a: Your BF|Pressure\n|move|p1a: Shi Yan Ming|Zen Headbutt|p2a: Your BF\n|-resisted|p2a: Your BF\n|-damage|p2a: Your BF|80/100\n|-damage|p1a: Shi Yan Ming|84/100|[from] item: Rocky Helmet|[of] p2a: Your BF\n|\n|upkeep\n|turn|36\n|\n|t:|1771251615\n|move|p1a: Shi Yan Ming|Bulk Up|p1a: Shi Yan Ming\n|-boost|p1a: Shi Yan Ming|atk|1\n|-boost|p1a: Shi Yan Ming|def|1\n|move|p2a: Your BF|Iron Defense|p2a: Your BF\n|-boost|p2a: Your BF|def|2\n|\n|upkeep\n|turn|37\n|\n|t:|1771251620\n|switch|p1a: máodùn|Aegislash, M, shiny|85/100\n|move|p2a: Your BF|Iron Defense|p2a: Your BF\n|-boost|p2a: Your BF|def|2\n|\n|-heal|p1a: máodùn|91/100|[from] item: Leftovers\n|upkeep\n|turn|38\n|\n|t:|1771251625\n|switch|p2a: ThePex|Toxapex, F, shiny|100/100 par\n|move|p1a: máodùn|Toxic||[still]\n|-fail|p1a: máodùn\n|\n|-heal|p1a: máodùn|97/100|[from] item: Leftovers\n|upkeep\n|turn|39\n|\n|t:|1771251630\n|switch|p1a: Shin Lim|Alakazam, F|100/100\n|move|p2a: ThePex|Scald|p1a: Shin Lim\n|-damage|p1a: Shin Lim|77/100\n|\n|upkeep\n|turn|40\n|\n|t:|1771251638\n|switch|p1a: Aoyu|Alomomola, M|100/100\n|switch|p2a: EggChan|Chansey, F, shiny|100/100\n|\n|upkeep\n|turn|41\n|\n|t:|1771251644\n|move|p2a: EggChan|Toxic|p1a: Aoyu\n|-status|p1a: Aoyu|tox\n|move|p1a: Aoyu|Wish|p1a: Aoyu\n|\n|-damage|p1a: Aoyu|94/100 tox|[from] psn\n|upkeep\n|turn|42\n|\n|t:|1771251649\n|switch|p1a: Shin Lim|Alakazam, F|77/100\n|move|p2a: EggChan|Wish|p2a: EggChan\n|\n|-heal|p1a: Shin Lim|100/100|[from] move: Wish|[wisher] Aoyu\n|upkeep\n|turn|43\n|\n|t:|1771251657\n|switch|p1a: Aoyu|Alomomola, M|100/100 tox\n|move|p2a: EggChan|Seismic Toss|p1a: Aoyu\n|-damage|p1a: Aoyu|82/100 tox\n|-damage|p2a: EggChan|84/100|[from] item: Rocky Helmet|[of] p1a: Aoyu\n|\n|-heal|p2a: EggChan|100/100|[from] move: Wish|[wisher] EggChan\n|-damage|p1a: Aoyu|76/100 tox|[from] psn\n|upkeep\n|turn|44\n|\n|t:|1771251661\n|move|p2a: EggChan|Seismic Toss|p1a: Aoyu\n|-damage|p1a: Aoyu|57/100 tox\n|-damage|p2a: EggChan|84/100|[from] item: Rocky Helmet|[of] p1a: Aoyu\n|move|p1a: Aoyu|Wish|p1a: Aoyu\n|\n|-damage|p1a: Aoyu|45/100 tox|[from] psn\n|upkeep\n|turn|45\n|\n|t:|1771251665\n|switch|p1a: YingLong|Landorus-Therian, M, shiny|67/100\n|-ability|p1a: YingLong|Intimidate|boost\n|-unboost|p2a: EggChan|atk|1\n|move|p2a: EggChan|Seismic Toss|p1a: YingLong\n|-damage|p1a: YingLong|36/100\n|\n|-heal|p1a: YingLong|100/100|[from] move: Wish|[wisher] Aoyu\n|upkeep\n|turn|46\n|\n|t:|1771251670\n|move|p1a: YingLong|U-turn|p2a: EggChan\n|-damage|p2a: EggChan|62/100\n|\n|t:|1771251672\n|switch|p1a: máodùn|Aegislash, M, shiny|97/100|[from] U-turn\n|move|p2a: EggChan|Toxic|p1a: máodùn|[miss]\n|-miss|p2a: EggChan|p1a: máodùn\n|\n|-heal|p1a: máodùn|100/100|[from] item: Leftovers\n|upkeep\n|turn|47\n|\n|t:|1771251679\n|switch|p2a: ThePex|Toxapex, F, shiny|100/100 par\n|move|p1a: máodùn|Toxic||[still]\n|-fail|p1a: máodùn\n|\n|upkeep\n|turn|48\n|\n|t:|1771251683\n|switch|p1a: Aoyu|Alomomola, M|78/100 tox\n|move|p2a: ThePex|Scald|p1a: Aoyu\n|-resisted|p1a: Aoyu\n|-damage|p1a: Aoyu|68/100 tox\n|\n|-damage|p1a: Aoyu|62/100 tox|[from] psn\n|upkeep\n|turn|49\n|\n|t:|1771251687\n|move|p1a: Aoyu|Wish|p1a: Aoyu\n|move|p2a: ThePex|Toxic|p1a: Aoyu\n|-fail|p1a: Aoyu|tox\n|\n|-damage|p1a: Aoyu|49/100 tox|[from] psn\n|upkeep\n|turn|50\n|\n|t:|1771251690\n|move|p1a: Aoyu|Flip Turn|p2a: ThePex\n|-resisted|p2a: ThePex\n|-damage|p2a: ThePex|96/100 par\n|\n|t:|1771251692\n|switch|p1a: Shi Yan Ming|Gallade-Mega, M, shiny|84/100|[from] Flip Turn\n|move|p2a: ThePex|Toxic|p1a: Shi Yan Ming\n|-status|p1a: Shi Yan Ming|tox\n|\n|-heal|p1a: Shi Yan Ming|100/100 tox|[from] move: Wish|[wisher] Aoyu\n|-heal|p2a: ThePex|100/100 par|[from] item: Black Sludge\n|-damage|p1a: Shi Yan Ming|94/100 tox|[from] psn\n|upkeep\n|turn|51\n|\n|t:|1771251700\n|switch|p2a: Your BF|Corviknight, M|80/100\n|-ability|p2a: Your BF|Pressure\n|move|p1a: Shi Yan Ming|Bulk Up|p1a: Shi Yan Ming\n|-boost|p1a: Shi Yan Ming|atk|1\n|-boost|p1a: Shi Yan Ming|def|1\n|\n|-damage|p1a: Shi Yan Ming|82/100 tox|[from] psn\n|upkeep\n|turn|52\n|\n|t:|1771251708\n|switch|p1a: Shin Lim|Alakazam, F|100/100\n|move|p2a: Your BF|Iron Defense|p2a: Your BF\n|-boost|p2a: Your BF|def|2\n|\n|upkeep\n|turn|53\n|\n|t:|1771251721\n|switch|p2a: EggChan|Chansey, F, shiny|62/100\n|move|p1a: Shin Lim|Psychic|p2a: EggChan\n|-damage|p2a: EggChan|46/100\n|\n|upkeep\n|turn|54\n|\n|t:|1771251729\n|switch|p1a: YingLong|Landorus-Therian, M, shiny|100/100\n|-ability|p1a: YingLong|Intimidate|boost\n|-unboost|p2a: EggChan|atk|1\n|move|p2a: EggChan|Soft-Boiled|p2a: EggChan\n|-heal|p2a: EggChan|96/100\n|\n|upkeep\n|turn|55\n|\n|t:|1771251733\n|switch|p2a: Your BF|Corviknight, M|80/100\n|-ability|p2a: Your BF|Pressure\n|move|p1a: YingLong|Earthquake|p2a: Your BF\n|-immune|p2a: Your BF\n|\n|upkeep\n|turn|56\n|\n|t:|1771251741\n|switch|p1a: Aoyu|Alomomola, M|83/100 tox\n|move|p2a: Your BF|Roost|p2a: Your BF\n|-heal|p2a: Your BF|100/100\n|-singleturn|p2a: Your BF|move: Roost\n|\n|-damage|p1a: Aoyu|76/100 tox|[from] psn\n|upkeep\n|turn|57\n|\n|t:|1771251745\n|move|p2a: Your BF|Iron Defense|p2a: Your BF\n|-boost|p2a: Your BF|def|2\n|move|p1a: Aoyu|Flip Turn|p2a: Your BF\n|-damage|p2a: Your BF|96/100\n|-damage|p1a: Aoyu|60/100 tox|[from] item: Rocky Helmet|[of] p2a: Your BF\n|\n|t:|1771251755\n|switch|p1a: Shin Lim|Alakazam, F|100/100|[from] Flip Turn\n|\n|upkeep\n|turn|58\n|\n|t:|1771251783\n|switch|p2a: EggChan|Chansey, F, shiny|96/100\n|move|p1a: Shin Lim|Counter||[still]\n|-fail|p1a: Shin Lim\n|\n|upkeep\n|turn|59\n|\n|t:|1771251789\n|switch|p1a: YingLong|Landorus-Therian, M, shiny|100/100\n|-ability|p1a: YingLong|Intimidate|boost\n|-unboost|p2a: EggChan|atk|1\n|move|p2a: EggChan|Toxic|p1a: YingLong\n|-status|p1a: YingLong|tox\n|\n|-damage|p1a: YingLong|94/100 tox|[from] psn\n|upkeep\n|turn|60\n|\n|t:|1771251795\n|switch|p2a: Your BF|Corviknight, M|96/100\n|-ability|p2a: Your BF|Pressure\n|move|p1a: YingLong|U-turn|p2a: Your BF\n|-resisted|p2a: Your BF\n|-damage|p2a: Your BF|91/100\n|-damage|p1a: YingLong|78/100 tox|[from] item: Rocky Helmet|[of] p2a: Your BF\n|\n|t:|1771251800\n|switch|p1a: Aoyu|Alomomola, M|93/100 tox|[from] U-turn\n|\n|-damage|p1a: Aoyu|87/100 tox|[from] psn\n|upkeep\n|turn|61\n|\n|t:|1771251804\n|move|p2a: Your BF|Body Press|p1a: Aoyu\n|-damage|p1a: Aoyu|73/100 tox\n|-damage|p2a: Your BF|75/100|[from] item: Rocky Helmet|[of] p1a: Aoyu\n|move|p1a: Aoyu|Scald|p2a: Your BF\n|-damage|p2a: Your BF|61/100\n|\n|-damage|p1a: Aoyu|60/100 tox|[from] psn\n|upkeep\n|turn|62\n|\n|t:|1771251812\n|move|p2a: Your BF|Roost|p2a: Your BF\n|-heal|p2a: Your BF|100/100\n|-singleturn|p2a: Your BF|move: Roost\n|move|p1a: Aoyu|Scald|p2a: Your BF\n|-damage|p2a: Your BF|87/100\n|-status|p2a: Your BF|brn\n|\n|-damage|p1a: Aoyu|42/100 tox|[from] psn\n|-damage|p2a: Your BF|81/100 brn|[from] brn\n|upkeep\n|turn|63\n|\n|t:|1771251821\n|move|p2a: Your BF|Body Press|p1a: Aoyu\n|-crit|p1a: Aoyu\n|-damage|p1a: Aoyu|30/100 tox\n|-damage|p2a: Your BF|65/100 brn|[from] item: Rocky Helmet|[of] p1a: Aoyu\n|move|p1a: Aoyu|Flip Turn|p2a: Your BF\n|-damage|p2a: Your BF|55/100 brn\n|-damage|p1a: Aoyu|14/100 tox|[from] item: Rocky Helmet|[of] p2a: Your BF\n|\n|t:|1771251825\n|switch|p1a: Shin Lim|Alakazam, F|100/100|[from] Flip Turn\n|\n|-damage|p2a: Your BF|49/100 brn|[from] brn\n|upkeep\n|turn|64\n|\n|t:|1771251829\n|switch|p2a: EggChan|Chansey, F, shiny|96/100\n|move|p1a: Shin Lim|Psychic|p2a: EggChan\n|-damage|p2a: EggChan|81/100\n|\n|upkeep\n|turn|65\n|\n|t:|1771251833\n|switch|p1a: Aoyu|Alomomola, M|47/100 tox\n|move|p2a: EggChan|Wish|p2a: EggChan\n|\n|-damage|p1a: Aoyu|41/100 tox|[from] psn\n|upkeep\n|turn|66\n|\n|t:|1771251835\n|move|p2a: EggChan|Seismic Toss|p1a: Aoyu\n|-damage|p1a: Aoyu|22/100 tox\n|-damage|p2a: EggChan|65/100|[from] item: Rocky Helmet|[of] p1a: Aoyu\n|move|p1a: Aoyu|Flip Turn|p2a: EggChan\n|-damage|p2a: EggChan|52/100\n|\n|t:|1771251843\n|switch|p1a: Shi Yan Ming|Gallade-Mega, M, shiny|82/100 tox|[from] Flip Turn\n|\n|-heal|p2a: EggChan|100/100|[from] move: Wish|[wisher] EggChan\n|-damage|p1a: Shi Yan Ming|76/100 tox|[from] psn\n|upkeep\n|turn|67\n|\n|t:|1771251852\n|move|p1a: Shi Yan Ming|Bulk Up|p1a: Shi Yan Ming\n|-boost|p1a: Shi Yan Ming|atk|1\n|-boost|p1a: Shi Yan Ming|def|1\n|move|p2a: EggChan|Wish|p2a: EggChan\n|\n|-damage|p1a: Shi Yan Ming|64/100 tox|[from] psn\n|upkeep\n|turn|68\n|\n|t:|1771251855\n|switch|p2a: Your BF|Corviknight, M|49/100 brn\n|-ability|p2a: Your BF|Pressure\n|move|p1a: Shi Yan Ming|Drain Punch|p2a: Your BF\n|-damage|p2a: Your BF|6/100 brn\n|-heal|p1a: Shi Yan Ming|95/100 tox|[from] drain|[of] p2a: Your BF\n|-damage|p1a: Shi Yan Ming|78/100 tox|[from] item: Rocky Helmet|[of] p2a: Your BF\n|\n|-heal|p2a: Your BF|86/100 brn|[from] move: Wish|[wisher] EggChan\n|-damage|p1a: Shi Yan Ming|60/100 tox|[from] psn\n|-damage|p2a: Your BF|80/100 brn|[from] brn\n|upkeep\n|turn|69\n|\n|t:|1771251866\n|move|p1a: Shi Yan Ming|Drain Punch|p2a: Your BF\n|-damage|p2a: Your BF|44/100 brn\n|-heal|p1a: Shi Yan Ming|86/100 tox|[from] drain|[of] p2a: Your BF\n|-damage|p1a: Shi Yan Ming|69/100 tox|[from] item: Rocky Helmet|[of] p2a: Your BF\n|move|p2a: Your BF|Iron Defense|p2a: Your BF\n|-boost|p2a: Your BF|def|2\n|\n|-damage|p1a: Shi Yan Ming|45/100 tox|[from] psn\n|-damage|p2a: Your BF|38/100 brn|[from] brn\n|upkeep\n|turn|70\n|\n|t:|1771251874\n|switch|p1a: Shin Lim|Alakazam, F|100/100\n|move|p2a: Your BF|Roost|p2a: Your BF\n|-heal|p2a: Your BF|88/100 brn\n|-singleturn|p2a: Your BF|move: Roost\n|\n|-damage|p2a: Your BF|81/100 brn|[from] brn\n|upkeep\n|turn|71\n|\n|t:|1771251880\n|switch|p1a: máodùn|Aegislash, M, shiny|100/100\n|switch|p2a: EggChan|Chansey, F, shiny|100/100\n|\n|upkeep\n|turn|72\n|\n|t:|1771251884\n|switch|p2a: ThePex|Toxapex, F, shiny|100/100 par\n|move|p1a: máodùn|Toxic||[still]\n|-fail|p1a: máodùn\n|\n|upkeep\n|turn|73\n|\n|t:|1771251890\n|switch|p2a: Timid|Sableye-Mega, F, shiny|100/100\n|-formechange|p1a: máodùn|Aegislash-Blade||[from] ability: Stance Change\n|move|p1a: máodùn|Shadow Ball|p2a: Timid\n|-damage|p2a: Timid|66/100\n|\n|upkeep\n|turn|74\n|\n|t:|1771251897\n|-formechange|p1a: máodùn|Aegislash||[from] ability: Stance Change\n|move|p1a: máodùn|King's Shield|p1a: máodùn\n|-singleturn|p1a: máodùn|Protect\n|move|p2a: Timid|Recover|p2a: Timid\n|-heal|p2a: Timid|100/100\n|\n|upkeep\n|turn|75\n|\n|t:|1771251901\n|switch|p1a: YingLong|Landorus-Therian, M, shiny|78/100 tox\n|-ability|p1a: YingLong|Intimidate|boost\n|-unboost|p2a: Timid|atk|1\n|move|p2a: Timid|Knock Off|p1a: YingLong\n|-damage|p1a: YingLong|54/100 tox\n|-enditem|p1a: YingLong|Choice Scarf|[from] move: Knock Off|[of] p2a: Timid\n|\n|-damage|p1a: YingLong|48/100 tox|[from] psn\n|upkeep\n|turn|76\n|\n|t:|1771251911\n|move|p2a: Timid|Protect|p2a: Timid\n|-singleturn|p2a: Timid|Protect\n|move|p1a: YingLong|U-turn|p2a: Timid\n|-activate|p2a: Timid|move: Protect\n|\n|-damage|p1a: YingLong|36/100 tox|[from] psn\n|upkeep\n|turn|77\n|\n|t:|1771251918\n|move|p1a: YingLong|U-turn|p2a: Timid\n|-damage|p2a: Timid|81/100\n|\n|t:|1771251922\n|switch|p1a: máodùn|Aegislash, M, shiny|100/100|[from] U-turn\n|move|p2a: Timid|Knock Off|p1a: máodùn\n|-supereffective|p1a: máodùn\n|-damage|p1a: máodùn|72/100\n|-enditem|p1a: máodùn|Leftovers|[from] move: Knock Off|[of] p2a: Timid\n|\n|upkeep\n|turn|78\n|\n|t:|1771251930\n|switch|p1a: Shin Lim|Alakazam, F|100/100\n|switch|p2a: ThePex|Toxapex, F, shiny|100/100 par\n|\n|upkeep\n|turn|79\n|\n|t:|1771251934\n|switch|p2a: EggChan|Chansey, F, shiny|100/100\n|move|p1a: Shin Lim|Psychic|p2a: EggChan\n|-damage|p2a: EggChan|87/100\n|\n|upkeep\n|turn|80\n|\n|t:|1771251939\n|move|p1a: Shin Lim|Psychic|p2a: EggChan\n|-damage|p2a: EggChan|72/100\n|-unboost|p2a: EggChan|spd|1\n|move|p2a: EggChan|Seismic Toss|p1a: Shin Lim\n|-damage|p1a: Shin Lim|61/100\n|\n|upkeep\n|turn|81\n|\n|t:|1771251946\n|switch|p2a: Timid|Sableye-Mega, F, shiny|81/100\n|move|p1a: Shin Lim|Counter||[still]\n|-fail|p1a: Shin Lim\n|\n|upkeep\n|turn|82\n|\n|t:|1771251949\n|switch|p2a: EggChan|Chansey, F, shiny|72/100\n|move|p1a: Shin Lim|Dazzling Gleam|p2a: EggChan\n|-damage|p2a: EggChan|63/100\n|\n|upkeep\n|turn|83\n|\n|t:|1771251954\n|move|p1a: Shin Lim|Psychic|p2a: EggChan\n|-damage|p2a: EggChan|49/100\n|-unboost|p2a: EggChan|spd|1\n|move|p2a: EggChan|Wish|p2a: EggChan\n|\n|upkeep\n|turn|84\n|\n|t:|1771251958\n|move|p1a: Shin Lim|Dazzling Gleam|p2a: EggChan\n|-damage|p2a: EggChan|36/100\n|move|p2a: EggChan|Seismic Toss|p1a: Shin Lim\n|-damage|p1a: Shin Lim|21/100\n|\n|-heal|p2a: EggChan|86/100|[from] move: Wish|[wisher] EggChan\n|upkeep\n|turn|85\n|\n|t:|1771251963\n|switch|p1a: Aoyu|Alomomola, M|56/100 tox\n|move|p2a: EggChan|Seismic Toss|p1a: Aoyu\n|-damage|p1a: Aoyu|37/100 tox\n|-damage|p2a: EggChan|69/100|[from] item: Rocky Helmet|[of] p1a: Aoyu\n|\n|-damage|p1a: Aoyu|31/100 tox|[from] psn\n|upkeep\n|turn|86\n|\n|t:|1771251966\n|move|p2a: EggChan|Seismic Toss|p1a: Aoyu\n|-damage|p1a: Aoyu|12/100 tox\n|-damage|p2a: EggChan|53/100|[from] item: Rocky Helmet|[of] p1a: Aoyu\n|move|p1a: Aoyu|Wish|p1a: Aoyu\n|\n|-damage|p1a: Aoyu|0 fnt|[from] psn\n|faint|p1a: Aoyu\n|upkeep\n|\n|t:|1771251975\n|switch|p1a: Shi Yan Ming|Gallade-Mega, M, shiny|45/100 tox\n|turn|87\n|\n|t:|1771251980\n|switch|p1a: Shin Lim|Alakazam, F|21/100\n|switch|p2a: Your BF|Corviknight, M|81/100 brn\n|-ability|p2a: Your BF|Pressure\n|\n|-heal|p1a: Shin Lim|100/100|[from] move: Wish|[wisher] Aoyu\n|-damage|p2a: Your BF|75/100 brn|[from] brn\n|upkeep\n|turn|88\n|\n|t:|1771251985\n|switch|p1a: YingLong|Landorus-Therian, M, shiny|36/100 tox\n|-ability|p1a: YingLong|Intimidate|boost\n|-unboost|p2a: Your BF|atk|1\n|switch|p2a: EggChan|Chansey, F, shiny|53/100\n|\n|-damage|p1a: YingLong|29/100 tox|[from] psn\n|upkeep\n|turn|89\n|\n|t:|1771251989\n|switch|p2a: Your BF|Corviknight, M|75/100 brn\n|-ability|p2a: Your BF|Pressure\n|move|p1a: YingLong|U-turn|p2a: Your BF\n|-resisted|p2a: Your BF\n|-crit|p2a: Your BF\n|-damage|p2a: Your BF|68/100 brn\n|-damage|p1a: YingLong|13/100 tox|[from] item: Rocky Helmet|[of] p2a: Your BF\n|\n|t:|1771251992\n|switch|p1a: máodùn|Aegislash, M, shiny|72/100|[from] U-turn\n|\n|-damage|p2a: Your BF|62/100 brn|[from] brn\n|upkeep\n|turn|90\n|\n|t:|1771251999\n|switch|p1a: Shin Lim|Alakazam, F|100/100\n|move|p2a: Your BF|Roost|p2a: Your BF\n|-heal|p2a: Your BF|100/100 brn\n|-singleturn|p2a: Your BF|move: Roost\n|\n|-damage|p2a: Your BF|94/100 brn|[from] brn\n|upkeep\n|turn|91\n|\n|t:|1771252007\n|switch|p2a: EggChan|Chansey, F, shiny|53/100\n|move|p1a: Shin Lim|Dazzling Gleam|p2a: EggChan\n|-damage|p2a: EggChan|44/100\n|\n|upkeep\n|turn|92\n|\n|t:|1771252012\n|move|p1a: Shin Lim|Psychic|p2a: EggChan\n|-damage|p2a: EggChan|30/100\n|move|p2a: EggChan|Soft-Boiled|p2a: EggChan\n|-heal|p2a: EggChan|80/100\n|\n|upkeep\n|turn|93\n|\n|t:|1771252016\n|switch|p1a: Shi Yan Ming|Gallade-Mega, M, shiny|45/100 tox\n|move|p2a: EggChan|Wish|p2a: EggChan\n|\n|-damage|p1a: Shi Yan Ming|39/100 tox|[from] psn\n|upkeep\n|turn|94\n|\n|t:|1771252020\n|switch|p2a: Your BF|Corviknight, M|94/100 brn\n|-ability|p2a: Your BF|Pressure\n|move|p1a: Shi Yan Ming|Bulk Up|p1a: Shi Yan Ming\n|-boost|p1a: Shi Yan Ming|atk|1\n|-boost|p1a: Shi Yan Ming|def|1\n|\n|-heal|p2a: Your BF|100/100 brn|[from] move: Wish|[wisher] EggChan\n|-damage|p1a: Shi Yan Ming|27/100 tox|[from] psn\n|-damage|p2a: Your BF|94/100 brn|[from] brn\n|upkeep\n|turn|95\n|\n|t:|1771252028\n|move|p1a: Shi Yan Ming|Drain Punch|p2a: Your BF\n|-crit|p2a: Your BF\n|-damage|p2a: Your BF|35/100 brn\n|-heal|p1a: Shi Yan Ming|69/100 tox|[from] drain|[of] p2a: Your BF\n|-damage|p1a: Shi Yan Ming|52/100 tox|[from] item: Rocky Helmet|[of] p2a: Your BF\n|move|p2a: Your BF|Iron Defense|p2a: Your BF\n|-boost|p2a: Your BF|def|2\n|\n|-damage|p1a: Shi Yan Ming|34/100 tox|[from] psn\n|-damage|p2a: Your BF|28/100 brn|[from] brn\n|upkeep\n|turn|96\n|\n|t:|1771252032\n|move|p1a: Shi Yan Ming|Drain Punch|p2a: Your BF\n|-damage|p2a: Your BF|9/100 brn\n|-heal|p1a: Shi Yan Ming|48/100 tox|[from] drain|[of] p2a: Your BF\n|-damage|p1a: Shi Yan Ming|32/100 tox|[from] item: Rocky Helmet|[of] p2a: Your BF\n|move|p2a: Your BF|Roost|p2a: Your BF\n|-heal|p2a: Your BF|59/100 brn\n|-singleturn|p2a: Your BF|move: Roost\n|\n|-damage|p1a: Shi Yan Ming|8/100 tox|[from] psn\n|-damage|p2a: Your BF|53/100 brn|[from] brn\n|upkeep\n|turn|97\n|\n|t:|1771252037\n|move|p1a: Shi Yan Ming|Drain Punch|p2a: Your BF\n|-damage|p2a: Your BF|33/100 brn\n|-heal|p1a: Shi Yan Ming|22/100 tox|[from] drain|[of] p2a: Your BF\n|-damage|p1a: Shi Yan Ming|5/100 tox|[from] item: Rocky Helmet|[of] p2a: Your BF\n|move|p2a: Your BF|Roost|p2a: Your BF\n|-heal|p2a: Your BF|83/100 brn\n|-singleturn|p2a: Your BF|move: Roost\n|\n|-damage|p1a: Shi Yan Ming|0 fnt|[from] psn\n|faint|p1a: Shi Yan Ming\n|detailschange|p1: Shi Yan Ming|Gallade, M, shiny|[silent]\n|-damage|p2a: Your BF|77/100 brn|[from] brn\n|upkeep\n|\n|t:|1771252040\n|switch|p1a: YingLong|Landorus-Therian, M, shiny|13/100 tox\n|-ability|p1a: YingLong|Intimidate|boost\n|-unboost|p2a: Your BF|atk|1\n|turn|98\n|\n|t:|1771252045\n|move|p1a: YingLong|Stone Edge|p2a: Your BF|[miss]\n|-miss|p1a: YingLong|p2a: Your BF\n|move|p2a: Your BF|Roost|p2a: Your BF\n|-heal|p2a: Your BF|100/100 brn\n|-singleturn|p2a: Your BF|move: Roost\n|\n|-damage|p1a: YingLong|7/100 tox|[from] psn\n|-damage|p2a: Your BF|94/100 brn|[from] brn\n|upkeep\n|turn|99\n|\n|t:|1771252048\n|move|p1a: YingLong|Stone Edge|p2a: Your BF\n|-damage|p2a: Your BF|81/100 brn\n|move|p2a: Your BF|Body Press|p1a: YingLong\n|-resisted|p1a: YingLong\n|-damage|p1a: YingLong|0 fnt\n|faint|p1a: YingLong\n|\n|-damage|p2a: Your BF|74/100 brn|[from] brn\n|upkeep\n|\n|t:|1771252052\n|switch|p1a: máodùn|Aegislash, M, shiny|72/100\n|turn|100\n|\n|t:|1771252054\n|switch|p2a: ThePex|Toxapex, F, shiny|100/100 par\n|move|p1a: máodùn|Toxic||[still]\n|-fail|p1a: máodùn\n|\n|upkeep\n|turn|101\n|\n|t:|1771252058\n|-formechange|p1a: máodùn|Aegislash-Blade||[from] ability: Stance Change\n|move|p1a: máodùn|Shadow Ball|p2a: ThePex\n|-damage|p2a: ThePex|72/100 par\n|move|p2a: ThePex|Scald|p1a: máodùn\n|-damage|p1a: máodùn|52/100\n|\n|-heal|p2a: ThePex|78/100 par|[from] item: Black Sludge\n|upkeep\n|turn|102\n|\n|t:|1771252066\n|switch|p1a: Shin Lim|Alakazam, F|100/100\n|move|p2a: ThePex|Scald|p1a: Shin Lim\n|-damage|p1a: Shin Lim|79/100\n|-status|p1a: Shin Lim|brn\n|\n|-heal|p2a: ThePex|84/100 par|[from] item: Black Sludge\n|upkeep\n|turn|103\n|\n|t:|1771252070\n|switch|p2a: EggChan|Chansey, F, shiny|80/100\n|move|p1a: Shin Lim|Dazzling Gleam|p2a: EggChan\n|-damage|p2a: EggChan|72/100\n|\n|upkeep\n|turn|104\n|\n|t:|1771252076\n|move|p1a: Shin Lim|Psychic|p2a: EggChan\n|-damage|p2a: EggChan|58/100\n|-unboost|p2a: EggChan|spd|1\n|move|p2a: EggChan|Wish|p2a: EggChan\n|\n|upkeep\n|turn|105\n|-message|Yaoshi forfeited.\n|\n|win|riderzitto5\n|raw|Yaoshi's rating: 1601 &rarr; <strong>1585</strong><br />(-16 for losing)\n|raw|riderzitto5's rating: 1679 &rarr; <strong>1695</strong><br />(+16 for winning)\n|l|☆Yaoshi\n|player|p1|\n|l|☆riderzitto5\n|player|p2|\n", "uploadtime": 1771252301, "views": 3, "formatid": "gen9nationaldex", "rating": 1585, "private": 0, "password": null}