{"id": "gen9nationaldex-2540766976", "format": "[Gen 9] National Dex", "players": ["jianshengjiang", "Kana Arima CEO"], "log": "|j|☆jianshengjiang\n|j|☆Kana Arima CEO\n|t:|1771251662\n|gametype|singles\n|player|p1|jianshengjiang|170|1716\n|player|p2|Kana Arima CEO|pokemonrangerf|1608\n|gen|9\n|tier|[Gen 9] National Dex\n|rated|\n|rule|HP Percentage Mod: HP is shown in percentages\n|rule|Endless Battle Clause: Forcing endless battles is banned\n|rule|Species Clause: Limit one of each Pokémon\n|rule|OHKO Clause: OHKO moves are banned\n|rule|Evasion Clause: Evasion abilities, items, and moves are banned\n|rule|Evasion Abilities Clause: Evasion abilities are banned\n|rule|Evasion Items Clause: Evasion items are banned\n|rule|Evasion Moves Clause: Evasion moves are banned\n|rule|Sleep Clause Mod: Limit one foe put to sleep\n|rule|Terastal Clause: You cannot Terastallize\n|clearpoke\n|poke|p1|Iron Thorns|\n|poke|p1|Tapu Koko|\n|poke|p1|Iron Valiant|\n|poke|p1|Iron Treads|\n|poke|p1|Hawlucha, F|\n|poke|p1|Rotom-Wash|\n|poke|p2|Medicham, M|\n|poke|p2|Celesteela|\n|poke|p2|Tapu Koko|\n|poke|p2|Alomomola, M|\n|poke|p2|Iron Moth|\n|poke|p2|Great Tusk|\n|teampreview\n|inactive|Battle timer is ON: inactive players will automatically lose when time's up. (requested by jianshengjiang)\n|inactive|Kana Arima CEO also wants the timer to be on.\n|\n|t:|1771251669\n|teamsize|p1|6\n|teamsize|p2|6\n|start\n|switch|p1a: Tapu Koko|Tapu Koko|100/100\n|switch|p2a: Medicham|Medicham, M, shiny|100/100\n|-fieldstart|move: Electric Terrain|[from] ability: Electric Surge|[of] p1a: Tapu Koko\n|turn|1\n|\n|t:|1771251678\n|detailschange|p2a: Medicham|Medicham-Mega, M, shiny\n|-mega|p2a: Medicham|Medicham|Medichamite\n|move|p2a: Medicham|Fake Out|p1a: Tapu Koko\n|-damage|p1a: Tapu Koko|67/100\n|cant|p1a: Tapu Koko|flinch\n|\n|upkeep\n|turn|2\n|\n|t:|1771251683\n|switch|p2a: murazx|Alomomola, M|100/100\n|move|p1a: Tapu Koko|U-turn|p2a: murazx\n|-damage|p2a: murazx|90/100\n|\n|t:|1771251687\n|switch|p1a: Iron Thorns|Iron Thorns|100/100|[from] U-turn\n|-activate|p1a: Iron Thorns|ability: Quark Drive\n|-start|p1a: Iron Thorns|quarkdriveatk\n|\n|upkeep\n|turn|3\n|\n|t:|1771251690\n|move|p1a: Iron Thorns|Dragon Dance|p1a: Iron Thorns\n|-boost|p1a: Iron Thorns|atk|1\n|-boost|p1a: Iron Thorns|spe|1\n|move|p2a: murazx|Flip Turn|p1a: Iron Thorns\n|-supereffective|p1a: Iron Thorns\n|-damage|p1a: Iron Thorns|69/100\n|\n|t:|1771251698\n|switch|p2a: Great Tusk|Great Tusk|100/100|[from] Flip Turn\n|\n|upkeep\n|turn|4\n|inactive|jianshengjiang has 120 seconds left.\n|\n|t:|1771251733\n|move|p1a: Iron Thorns|Earthquake|p2a: Great Tusk\n|-damage|p2a: Great Tusk|50/100\n|move|p2a: Great Tusk|Headlong Rush|p1a: Iron Thorns\n|-supereffective|p1a: Iron Thorns\n|-damage|p1a: Iron Thorns|0 fnt\n|-unboost|p2a: Great Tusk|def|1\n|-unboost|p2a: Great Tusk|spd|1\n|faint|p1a: Iron Thorns\n|-end|p1a: Iron Thorns|Quark Drive|[silent]\n|\n|upkeep\n|inactive|jianshengjiang has 120 seconds left.\n|\n|t:|1771251740\n|switch|p1a: Rotom|Rotom-Wash|100/100\n|turn|5\n|\n|t:|1771251743\n|move|p2a: Great Tusk|Stealth Rock|p1a: Rotom\n|-sidestart|p1: jianshengjiang|move: Stealth Rock\n|move|p1a: Rotom|Will-O-Wisp|p2a: Great Tusk\n|-status|p2a: Great Tusk|brn\n|\n|-damage|p2a: Great Tusk|44/100 brn|[from] brn\n|-fieldend|move: Electric Terrain\n|upkeep\n|turn|6\n|\n|t:|1771251748\n|-end|p2a: Great Tusk|Protosynthesis|[silent]\n|switch|p2a: murazx|Alomomola, M|100/100\n|move|p1a: Rotom|Volt Switch|p2a: murazx\n|-supereffective|p2a: murazx\n|-damage|p2a: murazx|69/100\n|\n|t:|1771251751\n|switch|p1a: Tapu Koko|Tapu Koko|67/100|[from] Volt Switch\n|-fieldstart|move: Electric Terrain|[from] ability: Electric Surge|[of] p1a: Tapu Koko\n|\n|upkeep\n|turn|7\n|\n|t:|1771251753\n|move|p1a: Tapu Koko|Roost|p1a: Tapu Koko\n|-heal|p1a: Tapu Koko|100/100\n|-singleturn|p1a: Tapu Koko|move: Roost\n|move|p2a: murazx|Mirror Coat||[still]\n|-fail|p2a: murazx\n|\n|upkeep\n|turn|8\n|\n|t:|1771251755\n|move|p1a: Tapu Koko|U-turn|p2a: murazx\n|-damage|p2a: murazx|59/100\n|\n|t:|1771251759\n|switch|p1a: Iron Treads|Iron Treads|100/100|[from] U-turn\n|-damage|p1a: Iron Treads|97/100|[from] Stealth Rock\n|-activate|p1a: Iron Treads|ability: Quark Drive\n|-start|p1a: Iron Treads|quarkdrivespe\n|move|p2a: murazx|Flip Turn|p1a: Iron Treads\n|-supereffective|p1a: Iron Treads\n|-damage|p1a: Iron Treads|71/100\n|\n|t:|1771251767\n|switch|p2a: Medicham|Medicham-Mega, M, shiny|100/100|[from] Flip Turn\n|\n|upkeep\n|turn|9\n|\n|t:|1771251778\n|move|p2a: Medicham|Fake Out|p1a: Iron Treads\n|-resisted|p1a: Iron Treads\n|-damage|p1a: Iron Treads|60/100\n|cant|p1a: Iron Treads|flinch\n|\n|upkeep\n|turn|10\n|\n|t:|1771251782\n|switch|p2a: Celesteela|Celesteela|100/100\n|-zpower|p1a: Iron Treads\n|move|p1a: Iron Treads|Subzero Slammer|p2a: Celesteela|[zeffect]\n|-damage|p2a: Celesteela|62/100\n|\n|-heal|p2a: Celesteela|68/100|[from] item: Leftovers\n|-fieldend|move: Electric Terrain\n|-end|p1a: Iron Treads|Quark Drive\n|upkeep\n|turn|11\n|\n|t:|1771251784\n|move|p1a: Iron Treads|Rapid Spin|p2a: Celesteela\n|-resisted|p2a: Celesteela\n|-damage|p2a: Celesteela|62/100\n|-boost|p1a: Iron Treads|spe|1\n|-sideend|p1: jianshengjiang|Stealth Rock|[from] move: Rapid Spin|[of] p1a: Iron Treads\n|move|p2a: Celesteela|Leech Seed|p1a: Iron Treads\n|-start|p1a: Iron Treads|move: Leech Seed\n|\n|-heal|p2a: Celesteela|69/100|[from] item: Leftovers\n|-damage|p1a: Iron Treads|48/100|[from] Leech Seed|[of] p2a: Celesteela\n|-heal|p2a: Celesteela|79/100|[silent]\n|upkeep\n|turn|12\n|\n|t:|1771251790\n|-end|p1a: Iron Treads|Quark Drive|[silent]\n|switch|p1a: Tapu Koko|Tapu Koko|100/100\n|-fieldstart|move: Electric Terrain|[from] ability: Electric Surge|[of] p1a: Tapu Koko\n|move|p2a: Celesteela|Air Slash|p1a: Tapu Koko\n|-resisted|p1a: Tapu Koko\n|-damage|p1a: Tapu Koko|81/100\n|\n|-heal|p2a: Celesteela|85/100|[from] item: Leftovers\n|upkeep\n|turn|13\n|\n|t:|1771251795\n|move|p1a: Tapu Koko|U-turn|p2a: Celesteela\n|-resisted|p2a: Celesteela\n|-damage|p2a: Celesteela|82/100\n|\n|t:|1771251803\n|switch|p1a: Hawlucha|Hawlucha, F|100/100|[from] U-turn\n|-enditem|p1a: Hawlucha|Electric Seed\n|-boost|p1a: Hawlucha|def|1|[from] item: Electric Seed\n|move|p2a: Celesteela|Leech Seed|p1a: Hawlucha\n|-start|p1a: Hawlucha|move: Leech Seed\n|\n|-heal|p2a: Celesteela|88/100|[from] item: Leftovers\n|-damage|p1a: Hawlucha|88/100|[from] Leech Seed|[of] p2a: Celesteela\n|-heal|p2a: Celesteela|97/100|[silent]\n|upkeep\n|turn|14\n|\n|t:|1771251807\n|move|p1a: Hawlucha|Swords Dance|p1a: Hawlucha\n|-boost|p1a: Hawlucha|atk|2\n|move|p2a: Celesteela|Air Slash|p1a: Hawlucha\n|-supereffective|p1a: Hawlucha\n|-damage|p1a: Hawlucha|0 fnt\n|faint|p1a: Hawlucha\n|-ability|p2a: Celesteela|Beast Boost|boost\n|-boost|p2a: Celesteela|spd|1\n|\n|-heal|p2a: Celesteela|100/100|[from] item: Leftovers\n|upkeep\n|\n|t:|1771251814\n|switch|p1a: Rotom|Rotom-Wash|100/100\n|turn|15\n|\n|t:|1771251816\n|move|p1a: Rotom|Will-O-Wisp|p2a: Celesteela\n|-status|p2a: Celesteela|brn\n|move|p2a: Celesteela|Leech Seed|p1a: Rotom\n|-start|p1a: Rotom|move: Leech Seed\n|\n|-damage|p1a: Rotom|88/100|[from] Leech Seed|[of] p2a: Celesteela\n|-damage|p2a: Celesteela|94/100 brn|[from] brn\n|upkeep\n|turn|16\n|\n|t:|1771251822\n|switch|p1a: Iron Treads|Iron Treads|48/100\n|-activate|p1a: Iron Treads|ability: Quark Drive\n|-start|p1a: Iron Treads|quarkdrivespe\n|move|p2a: Celesteela|Protect||[still]\n|-fail|p2a: Celesteela\n|\n|-heal|p2a: Celesteela|100/100 brn|[from] item: Leftovers\n|-damage|p2a: Celesteela|94/100 brn|[from] brn\n|-fieldend|move: Electric Terrain\n|-end|p1a: Iron Treads|Quark Drive\n|upkeep\n|turn|17\n|\n|t:|1771251824\n|move|p1a: Iron Treads|Ice Spinner|p2a: Celesteela\n|-damage|p2a: Celesteela|76/100 brn\n|move|p2a: Celesteela|Leech Seed|p1a: Iron Treads\n|-start|p1a: Iron Treads|move: Leech Seed\n|\n|-heal|p2a: Celesteela|82/100 brn|[from] item: Leftovers\n|-damage|p1a: Iron Treads|35/100|[from] Leech Seed|[of] p2a: Celesteela\n|-heal|p2a: Celesteela|92/100 brn|[silent]\n|-damage|p2a: Celesteela|86/100 brn|[from] brn\n|upkeep\n|turn|18\n|\n|t:|1771251826\n|-end|p1a: Iron Treads|Quark Drive|[silent]\n|switch|p1a: Tapu Koko|Tapu Koko|81/100\n|-fieldstart|move: Electric Terrain|[from] ability: Electric Surge|[of] p1a: Tapu Koko\n|move|p2a: Celesteela|Air Slash|p1a: Tapu Koko\n|-resisted|p1a: Tapu Koko\n|-damage|p1a: Tapu Koko|60/100\n|\n|-heal|p2a: Celesteela|92/100 brn|[from] item: Leftovers\n|-damage|p2a: Celesteela|86/100 brn|[from] brn\n|upkeep\n|turn|19\n|\n|t:|1771251831\n|move|p1a: Tapu Koko|Roost|p1a: Tapu Koko\n|-heal|p1a: Tapu Koko|100/100\n|-singleturn|p1a: Tapu Koko|move: Roost\n|move|p2a: Celesteela|Leech Seed|p1a: Tapu Koko\n|-start|p1a: Tapu Koko|move: Leech Seed\n|\n|-heal|p2a: Celesteela|92/100 brn|[from] item: Leftovers\n|-damage|p1a: Tapu Koko|88/100|[from] Leech Seed|[of] p2a: Celesteela\n|-heal|p2a: Celesteela|100/100 brn|[silent]\n|-damage|p2a: Celesteela|94/100 brn|[from] brn\n|upkeep\n|turn|20\n|\n|t:|1771251835\n|move|p1a: Tapu Koko|Thunderbolt|p2a: Celesteela\n|-supereffective|p2a: Celesteela\n|-damage|p2a: Celesteela|52/100 brn\n|move|p2a: Celesteela|Heavy Slam|p1a: Tapu Koko\n|-damage|p1a: Tapu Koko|58/100\n|\n|-heal|p2a: Celesteela|58/100 brn|[from] item: Leftovers\n|-damage|p1a: Tapu Koko|45/100|[from] Leech Seed|[of] p2a: Celesteela\n|-heal|p2a: Celesteela|66/100 brn|[silent]\n|-damage|p2a: Celesteela|60/100 brn|[from] brn\n|upkeep\n|turn|21\n|\n|t:|1771251838\n|move|p2a: Celesteela|Protect|p2a: Celesteela\n|-singleturn|p2a: Celesteela|Protect\n|move|p1a: Tapu Koko|U-turn|p2a: Celesteela\n|-activate|p2a: Celesteela|move: Protect\n|\n|-heal|p2a: Celesteela|66/100 brn|[from] item: Leftovers\n|-damage|p1a: Tapu Koko|33/100|[from] Leech Seed|[of] p2a: Celesteela\n|-heal|p2a: Celesteela|75/100 brn|[silent]\n|-damage|p2a: Celesteela|69/100 brn|[from] brn\n|upkeep\n|turn|22\n|\n|t:|1771251841\n|move|p1a: Tapu Koko|Roost|p1a: Tapu Koko\n|-heal|p1a: Tapu Koko|83/100\n|-singleturn|p1a: Tapu Koko|move: Roost\n|move|p2a: Celesteela|Heavy Slam|p1a: Tapu Koko\n|-damage|p1a: Tapu Koko|54/100\n|\n|-heal|p2a: Celesteela|75/100 brn|[from] item: Leftovers\n|-damage|p1a: Tapu Koko|42/100|[from] Leech Seed|[of] p2a: Celesteela\n|-heal|p2a: Celesteela|84/100 brn|[silent]\n|-damage|p2a: Celesteela|78/100 brn|[from] brn\n|-fieldend|move: Electric Terrain\n|upkeep\n|turn|23\n|\n|t:|1771251845\n|switch|p1a: Rotom|Rotom-Wash|88/100\n|switch|p2a: Great Tusk|Great Tusk|44/100 brn\n|\n|-heal|p1a: Rotom|94/100|[from] item: Leftovers\n|-damage|p2a: Great Tusk|37/100 brn|[from] brn\n|upkeep\n|turn|24\n|\n|t:|1771251849\n|move|p2a: Great Tusk|Stealth Rock|p1a: Rotom\n|-sidestart|p1: jianshengjiang|move: Stealth Rock\n|move|p1a: Rotom|Hydro Pump|p2a: Great Tusk\n|-supereffective|p2a: Great Tusk\n|-damage|p2a: Great Tusk|0 fnt\n|faint|p2a: Great Tusk\n|-end|p2a: Great Tusk|Protosynthesis|[silent]\n|\n|-heal|p1a: Rotom|100/100|[from] item: Leftovers\n|upkeep\n|\n|t:|1771251852\n|switch|p2a: Medicham|Medicham-Mega, M, shiny|100/100\n|turn|25\n|\n|t:|1771251855\n|move|p2a: Medicham|Fake Out|p1a: Rotom\n|-damage|p1a: Rotom|83/100\n|cant|p1a: Rotom|flinch\n|\n|-heal|p1a: Rotom|89/100|[from] item: Leftovers\n|upkeep\n|turn|26\n|\n|t:|1771251857\n|move|p2a: Medicham|Close Combat|p1a: Rotom\n|-damage|p1a: Rotom|8/100\n|-unboost|p2a: Medicham|def|1\n|-unboost|p2a: Medicham|spd|1\n|move|p1a: Rotom|Will-O-Wisp|p2a: Medicham\n|-status|p2a: Medicham|brn\n|\n|-heal|p1a: Rotom|14/100|[from] item: Leftovers\n|-damage|p2a: Medicham|94/100 brn|[from] brn\n|upkeep\n|turn|27\n|\n|t:|1771251860\n|move|p2a: Medicham|Close Combat|p1a: Rotom\n|-damage|p1a: Rotom|0 fnt\n|-unboost|p2a: Medicham|def|1\n|-unboost|p2a: Medicham|spd|1\n|faint|p1a: Rotom\n|\n|-damage|p2a: Medicham|88/100 brn|[from] brn\n|upkeep\n|\n|t:|1771251863\n|switch|p1a: Tapu Koko|Tapu Koko|42/100\n|-fieldstart|move: Electric Terrain|[from] ability: Electric Surge|[of] p1a: Tapu Koko\n|turn|28\n|\n|t:|1771251866\n|move|p1a: Tapu Koko|Roost|p1a: Tapu Koko\n|-heal|p1a: Tapu Koko|92/100\n|-singleturn|p1a: Tapu Koko|move: Roost\n|move|p2a: Medicham|Close Combat|p1a: Tapu Koko\n|-resisted|p1a: Tapu Koko\n|-damage|p1a: Tapu Koko|59/100\n|-unboost|p2a: Medicham|def|1\n|-unboost|p2a: Medicham|spd|1\n|\n|-damage|p2a: Medicham|82/100 brn|[from] brn\n|upkeep\n|turn|29\n|\n|t:|1771251868\n|move|p1a: Tapu Koko|U-turn|p2a: Medicham\n|-damage|p2a: Medicham|21/100 brn\n|\n|t:|1771251870\n|switch|p1a: Iron Treads|Iron Treads|35/100|[from] U-turn\n|-damage|p1a: Iron Treads|32/100|[from] Stealth Rock\n|-activate|p1a: Iron Treads|ability: Quark Drive\n|-start|p1a: Iron Treads|quarkdrivespe\n|move|p2a: Medicham|Zen Headbutt|p1a: Iron Treads\n|-resisted|p1a: Iron Treads\n|-damage|p1a: Iron Treads|17/100\n|\n|-damage|p2a: Medicham|15/100 brn|[from] brn\n|upkeep\n|turn|30\n|\n|t:|1771251874\n|move|p1a: Iron Treads|Rapid Spin|p2a: Medicham\n|-damage|p2a: Medicham|0 fnt\n|-boost|p1a: Iron Treads|spe|1\n|-sideend|p1: jianshengjiang|Stealth Rock|[from] move: Rapid Spin|[of] p1a: Iron Treads\n|faint|p2a: Medicham\n|detailschange|p2: Medicham|Medicham, M, shiny|[silent]\n|\n|upkeep\n|\n|t:|1771251877\n|switch|p2a: murazx|Alomomola, M|92/100\n|turn|31\n|\n|t:|1771251880\n|move|p1a: Iron Treads|Supercell Slam|p2a: murazx\n|-supereffective|p2a: murazx\n|-damage|p2a: murazx|47/100\n|move|p2a: murazx|Flip Turn|p1a: Iron Treads\n|-supereffective|p1a: Iron Treads\n|-damage|p1a: Iron Treads|0 fnt\n|faint|p1a: Iron Treads\n|-end|p1a: Iron Treads|Quark Drive|[silent]\n|\n|t:|1771251884\n|switch|p2a: Iron Moth|Iron Moth|100/100|[from] Flip Turn\n|-activate|p2a: Iron Moth|ability: Quark Drive\n|-start|p2a: Iron Moth|quarkdrivespe\n|\n|upkeep\n|\n|t:|1771251892\n|switch|p1a: Iron Valiant|Iron Valiant|100/100\n|-activate|p1a: Iron Valiant|ability: Quark Drive\n|-start|p1a: Iron Valiant|quarkdrivespe\n|turn|32\n|\n|t:|1771251895\n|move|p1a: Iron Valiant|Thunderbolt|p2a: Iron Moth\n|-damage|p2a: Iron Moth|38/100\n|move|p2a: Iron Moth|Sludge Wave|p1a: Iron Valiant\n|-supereffective|p1a: Iron Valiant\n|-damage|p1a: Iron Valiant|0 fnt\n|faint|p1a: Iron Valiant\n|-end|p1a: Iron Valiant|Quark Drive|[silent]\n|\n|-fieldend|move: Electric Terrain\n|-end|p2a: Iron Moth|Quark Drive\n|upkeep\n|\n|t:|1771251898\n|switch|p1a: Tapu Koko|Tapu Koko|59/100\n|-fieldstart|move: Electric Terrain|[from] ability: Electric Surge|[of] p1a: Tapu Koko\n|-activate|p2a: Iron Moth|ability: Quark Drive\n|-start|p2a: Iron Moth|quarkdrivespe\n|turn|33\n|\n|t:|1771251899\n|move|p2a: Iron Moth|Sludge Wave|p1a: Tapu Koko\n|-supereffective|p1a: Tapu Koko\n|-damage|p1a: Tapu Koko|0 fnt\n|faint|p1a: Tapu Koko\n|\n|win|Kana Arima CEO\n|raw|jianshengjiang's rating: 1716 &rarr; <strong>1690</strong><br />(-26 for losing)\n|raw|Kana Arima CEO's rating: 1608 &rarr; <strong>1634</strong><br />(+26 for winning)\n|l|☆jianshengjiang\n|player|p1|\n|l|☆Kana Arima CEO\n|player|p2|\n", "uploadtime": 1771252027, "views": 4, "formatid": "gen9nationaldex", "rating": 1634, "private": 0, "password": null}