{"id": "gen9nationaldex-2540785993", "format": "[Gen 9] National Dex", "players": ["Oddalex", "Fugos"], "log": "|j|‽Oddalex\n|j|☆Fugos\n|t:|1771253823\n|gametype|singles\n|player|p1|Oddalex|102|1641\n|player|p2|Fugos|engineer-gen3|1661\n|gen|9\n|tier|[Gen 9] National Dex\n|rated|\n|rule|HP Percentage Mod: HP is shown in percentages\n|rule|Endless Battle Clause: Forcing endless battles is banned\n|rule|Species Clause: Limit one of each Pokémon\n|rule|OHKO Clause: OHKO moves are banned\n|rule|Evasion Clause: Evasion abilities, items, and moves are banned\n|rule|Evasion Abilities Clause: Evasion abilities are banned\n|rule|Evasion Items Clause: Evasion items are banned\n|rule|Evasion Moves Clause: Evasion moves are banned\n|rule|Sleep Clause Mod: Limit one foe put to sleep\n|rule|Terastal Clause: You cannot Terastallize\n|clearpoke\n|poke|p1|Mawile, F|\n|poke|p1|Tapu Koko|\n|poke|p1|Iron Valiant|\n|poke|p1|Slowbro, M|\n|poke|p1|Ting-Lu|\n|poke|p1|Tornadus-Therian, M|\n|poke|p2|Cyclizar, F|\n|poke|p2|Ditto|\n|poke|p2|Dubwool, F|\n|poke|p2|Pidgeot, F|\n|poke|p2|Dunsparce, F|\n|poke|p2|Arboliva, M|\n|teampreview\n|inactive|Battle timer is ON: inactive players will automatically lose when time's up. (requested by Oddalex)\n|\n|t:|1771253837\n|teamsize|p1|6\n|teamsize|p2|6\n|start\n|switch|p1a: Tapu Koko|Tapu Koko, shiny|100/100\n|switch|p2a: Dunsparce|Dunsparce, F|100/100\n|-fieldstart|move: Electric Terrain|[from] ability: Electric Surge|[of] p1a: Tapu Koko\n|turn|1\n|\n|t:|1771253845\n|move|p1a: Tapu Koko|Volt Switch|p2a: Dunsparce\n|-damage|p2a: Dunsparce|70/100\n|\n|t:|1771253849\n|switch|p1a: Mawile|Mawile, F|100/100|[from] Volt Switch\n|-ability|p1a: Mawile|Intimidate|boost\n|-unboost|p2a: Dunsparce|atk|1\n|move|p2a: Dunsparce|Stealth Rock|p1a: Mawile\n|-sidestart|p1: Oddalex|move: Stealth Rock\n|\n|upkeep\n|turn|2\n|\n|t:|1771253859\n|switch|p2a: Dubwool|Dubwool, F|100/100\n|detailschange|p1a: Mawile|Mawile-Mega, F\n|-mega|p1a: Mawile|Mawile|Mawilite\n|move|p1a: Mawile|Knock Off|p2a: Dubwool\n|-damage|p2a: Dubwool|78/100\n|-enditem|p2a: Dubwool|Leftovers|[from] move: Knock Off|[of] p1a: Mawile\n|\n|upkeep\n|turn|3\n|\n|t:|1771253872\n|switch|p1a: Slowbro|Slowbro, M|100/100\n|-damage|p1a: Slowbro|88/100|[from] Stealth Rock\n|move|p2a: Dubwool|Cotton Guard|p2a: Dubwool\n|-boost|p2a: Dubwool|def|3\n|\n|upkeep\n|turn|4\n|\n|t:|1771253881\n|switch|p2a: Cyclizar|Cyclizar, F|100/100\n|move|p1a: Slowbro|Future Sight|p2a: Cyclizar\n|-start|p1a: Slowbro|move: Future Sight\n|\n|upkeep\n|turn|5\n|\n|t:|1771253887\n|move|p2a: Cyclizar|Knock Off|p1a: Slowbro\n|-supereffective|p1a: Slowbro\n|-damage|p1a: Slowbro|61/100\n|-damage|p2a: Cyclizar|84/100|[from] item: Rocky Helmet|[of] p1a: Slowbro\n|-enditem|p1a: Slowbro|Rocky Helmet|[from] move: Knock Off|[of] p2a: Cyclizar\n|move|p1a: Slowbro|Teleport|p1a: Slowbro\n|\n|t:|1771253896\n|switch|p1a: Iron Valiant|Iron Valiant, shiny|100/100|[from] Teleport\n|-damage|p1a: Iron Valiant|94/100|[from] Stealth Rock\n|-activate|p1a: Iron Valiant|ability: Quark Drive\n|-start|p1a: Iron Valiant|quarkdrivespe\n|\n|-fieldend|move: Electric Terrain\n|-end|p1a: Iron Valiant|Quark Drive\n|upkeep\n|turn|6\n|\n|t:|1771253915\n|switch|p2a: Dunsparce|Dunsparce, F|70/100\n|move|p1a: Iron Valiant|Close Combat|p2a: Dunsparce\n|-supereffective|p2a: Dunsparce\n|-damage|p2a: Dunsparce|0 fnt\n|-unboost|p1a: Iron Valiant|def|1\n|-unboost|p1a: Iron Valiant|spd|1\n|faint|p2a: Dunsparce\n|\n|-hint|Future Sight did not hit because the target is fainted.\n|upkeep\n|inactive|Fugos has 120 seconds left.\n|\n|t:|1771253940\n|switch|p2a: Ditto|Ditto|100/100\n|-transform|p2a: Ditto|p1a: Iron Valiant|[from] ability: Imposter\n|turn|7\n|\n|t:|1771253946\n|-end|p1a: Iron Valiant|Quark Drive|[silent]\n|switch|p1a: Tornadus|Tornadus-Therian, M|100/100\n|move|p2a: Ditto|Close Combat|p1a: Tornadus\n|-resisted|p1a: Tornadus\n|-damage|p1a: Tornadus|69/100\n|-unboost|p2a: Ditto|def|1\n|-unboost|p2a: Ditto|spd|1\n|\n|upkeep\n|turn|8\n|\n|t:|1771253953\n|-end|p2a: Ditto|Quark Drive|[silent]\n|switch|p2a: Cyclizar|Cyclizar, F|100/100\n|move|p1a: Tornadus|Defog|p2a: Cyclizar\n|-unboost|p2a: Cyclizar|evasion|1\n|-sideend|p1: Oddalex|Stealth Rock|[from] move: Defog|[of] p1a: Tornadus\n|\n|upkeep\n|turn|9\n|\n|t:|1771253962\n|switch|p1a: Slowbro|Slowbro, M|94/100\n|move|p2a: Cyclizar|U-turn|p1a: Slowbro\n|-supereffective|p1a: Slowbro\n|-damage|p1a: Slowbro|76/100\n|\n|t:|1771253974\n|switch|p2a: Arboliva|Arboliva, M, shiny|100/100|[from] U-turn\n|\n|upkeep\n|turn|10\n|\n|t:|1771253983\n|switch|p1a: Tornadus|Tornadus-Therian, M|100/100\n|move|p2a: Arboliva|Leaf Storm|p1a: Tornadus\n|-resisted|p1a: Tornadus\n|-damage|p1a: Tornadus|67/100\n|-unboost|p2a: Arboliva|spa|2\n|\n|upkeep\n|turn|11\n|\n|t:|1771253990\n|move|p2a: Arboliva|Endure|p2a: Arboliva\n|-singleturn|p2a: Arboliva|move: Endure\n|move|p1a: Tornadus|U-turn|p2a: Arboliva\n|-supereffective|p2a: Arboliva\n|-damage|p2a: Arboliva|61/100\n|\n|t:|1771254003\n|switch|p1a: Mawile|Mawile-Mega, F|100/100|[from] U-turn\n|\n|upkeep\n|turn|12\n|\n|t:|1771254007\n|switch|p2a: Dubwool|Dubwool, F|78/100\n|move|p1a: Mawile|Play Rough|p2a: Dubwool\n|-damage|p2a: Dubwool|44/100\n|\n|upkeep\n|turn|13\n|\n|t:|1771254015\n|switch|p1a: Slowbro|Slowbro, M|100/100\n|move|p2a: Dubwool|Rest|p2a: Dubwool\n|-status|p2a: Dubwool|slp|[from] move: Rest\n|-heal|p2a: Dubwool|100/100 slp|[silent]\n|\n|upkeep\n|turn|14\n|\n|t:|1771254023\n|switch|p2a: Arboliva|Arboliva, M, shiny|61/100\n|move|p1a: Slowbro|Future Sight|p2a: Arboliva\n|-start|p1a: Slowbro|move: Future Sight\n|\n|upkeep\n|turn|15\n|\n|t:|1771254030\n|switch|p1a: Tornadus|Tornadus-Therian, M|100/100\n|move|p2a: Arboliva|Leaf Storm|p1a: Tornadus\n|-resisted|p1a: Tornadus\n|-damage|p1a: Tornadus|63/100\n|-unboost|p2a: Arboliva|spa|2\n|\n|upkeep\n|turn|16\n|\n|t:|1771254036\n|switch|p2a: Cyclizar|Cyclizar, F|100/100\n|move|p1a: Tornadus|U-turn|p2a: Cyclizar\n|-damage|p2a: Cyclizar|80/100\n|\n|t:|1771254042\n|switch|p1a: Iron Valiant|Iron Valiant, shiny|94/100|[from] U-turn\n|\n|-end|p2a: Cyclizar|move: Future Sight\n|-damage|p2a: Cyclizar|50/100\n|upkeep\n|turn|17\n|\n|t:|1771254067\n|switch|p2a: Ditto|Ditto|100/100\n|-transform|p2a: Ditto|p1a: Iron Valiant|[from] ability: Imposter\n|move|p1a: Iron Valiant|Close Combat|p2a: Ditto\n|-resisted|p2a: Ditto\n|-damage|p2a: Ditto|61/100\n|-unboost|p1a: Iron Valiant|def|1\n|-unboost|p1a: Iron Valiant|spd|1\n|\n|upkeep\n|turn|18\n|\n|t:|1771254077\n|-end|p1a: Iron Valiant|Quark Drive|[silent]\n|switch|p1a: Slowbro|Slowbro, M|100/100\n|move|p2a: Ditto|Zen Headbutt|p1a: Slowbro\n|-resisted|p1a: Slowbro\n|-crit|p1a: Slowbro\n|-damage|p1a: Slowbro|87/100\n|\n|upkeep\n|turn|19\n|\n|t:|1771254086\n|-end|p2a: Ditto|Quark Drive|[silent]\n|switch|p2a: Cyclizar|Cyclizar, F|83/100\n|move|p1a: Slowbro|Thunder Wave|p2a: Cyclizar\n|-status|p2a: Cyclizar|par\n|\n|upkeep\n|turn|20\n|\n|t:|1771254093\n|move|p2a: Cyclizar|U-turn|p1a: Slowbro\n|-supereffective|p1a: Slowbro\n|-damage|p1a: Slowbro|70/100\n|\n|t:|1771254097\n|switch|p2a: Arboliva|Arboliva, M, shiny|61/100|[from] U-turn\n|move|p1a: Slowbro|Future Sight|p2a: Arboliva\n|-start|p1a: Slowbro|move: Future Sight\n|\n|upkeep\n|turn|21\n|\n|t:|1771254107\n|switch|p2a: Cyclizar|Cyclizar, F|100/100 par\n|switch|p1a: Tornadus|Tornadus-Therian, M|96/100\n|\n|upkeep\n|turn|22\n|\n|t:|1771254115\n|move|p1a: Tornadus|U-turn|p2a: Cyclizar\n|-damage|p2a: Cyclizar|79/100 par\n|\n|t:|1771254122\n|switch|p1a: Iron Valiant|Iron Valiant, shiny|94/100|[from] U-turn\n|cant|p2a: Cyclizar|par\n|\n|-end|p2a: Cyclizar|move: Future Sight\n|-damage|p2a: Cyclizar|52/100 par\n|upkeep\n|turn|23\n|l|☆Fugos\n|inactive|Fugos disconnected and has a minute to reconnect!\n|player|p2|\n|inactive|Fugos has 30 seconds to reconnect!\n|inactive|Fugos has 20 seconds to reconnect!\n|inactive|Fugos has 15 seconds to reconnect!\n|j|☆Fugos\n|inactive|Fugos reconnected and has 95 seconds left.\n|player|p2|Fugos|engineer-gen3|\n|inactive|Fugos has 90 seconds left.\n|\n|t:|1771254190\n|switch|p2a: Dubwool|Dubwool, F|100/100 slp\n|move|p1a: Iron Valiant|Close Combat|p2a: Dubwool\n|-supereffective|p2a: Dubwool\n|-damage|p2a: Dubwool|58/100 slp\n|-unboost|p1a: Iron Valiant|def|1\n|-unboost|p1a: Iron Valiant|spd|1\n|\n|upkeep\n|turn|24\n|inactive|Fugos has 90 seconds left.\n|\n|t:|1771254211\n|switch|p2a: Ditto|Ditto|61/100\n|-transform|p2a: Ditto|p1a: Iron Valiant|[from] ability: Imposter\n|move|p1a: Iron Valiant|Close Combat|p2a: Ditto\n|-resisted|p2a: Ditto\n|-damage|p2a: Ditto|7/100\n|-unboost|p1a: Iron Valiant|def|1\n|-unboost|p1a: Iron Valiant|spd|1\n|\n|upkeep\n|turn|25\n|inactive|Fugos has 90 seconds left.\n|\n|t:|1771254225\n|-end|p1a: Iron Valiant|Quark Drive|[silent]\n|switch|p1a: Slowbro|Slowbro, M|100/100\n|move|p2a: Ditto|Close Combat|p1a: Slowbro\n|-resisted|p1a: Slowbro\n|-damage|p1a: Slowbro|83/100\n|-unboost|p2a: Ditto|def|1\n|-unboost|p2a: Ditto|spd|1\n|\n|upkeep\n|turn|26\n|\n|t:|1771254232\n|-end|p2a: Ditto|Quark Drive|[silent]\n|switch|p2a: Cyclizar|Cyclizar, F|85/100 par\n|move|p1a: Slowbro|Teleport|p1a: Slowbro\n|\n|t:|1771254236\n|switch|p1a: Iron Valiant|Iron Valiant, shiny|94/100|[from] Teleport\n|\n|upkeep\n|turn|27\n|\n|t:|1771254244\n|switch|p2a: Ditto|Ditto|7/100\n|-transform|p2a: Ditto|p1a: Iron Valiant|[from] ability: Imposter\n|move|p1a: Iron Valiant|Close Combat|p2a: Ditto\n|-resisted|p2a: Ditto\n|-damage|p2a: Ditto|0 fnt\n|-unboost|p1a: Iron Valiant|def|1\n|-unboost|p1a: Iron Valiant|spd|1\n|faint|p2a: Ditto\n|-end|p2a: Ditto|Quark Drive|[silent]\n|\n|upkeep\n|\n|t:|1771254246\n|switch|p2a: Arboliva|Arboliva, M, shiny|61/100\n|turn|28\n|\n|t:|1771254260\n|-end|p1a: Iron Valiant|Quark Drive|[silent]\n|switch|p1a: Tornadus|Tornadus-Therian, M|100/100\n|move|p2a: Arboliva|Endure||[still]\n|-fail|p2a: Arboliva\n|\n|upkeep\n|turn|29\n|\n|t:|1771254265\n|move|p2a: Arboliva|Endure|p2a: Arboliva\n|-singleturn|p2a: Arboliva|move: Endure\n|move|p1a: Tornadus|U-turn|p2a: Arboliva\n|-supereffective|p2a: Arboliva\n|-damage|p2a: Arboliva|28/100\n|\n|t:|1771254274\n|switch|p1a: Tapu Koko|Tapu Koko, shiny|100/100|[from] U-turn\n|-fieldstart|move: Electric Terrain|[from] ability: Electric Surge|[of] p1a: Tapu Koko\n|\n|upkeep\n|turn|30\n|\n|t:|1771254282\n|switch|p2a: Cyclizar|Cyclizar, F|100/100 par\n|move|p1a: Tapu Koko|Dazzling Gleam|p2a: Cyclizar\n|-supereffective|p2a: Cyclizar\n|-damage|p2a: Cyclizar|35/100 par\n|\n|upkeep\n|turn|31\n|\n|t:|1771254291\n|move|p1a: Tapu Koko|Dazzling Gleam|p2a: Cyclizar\n|-supereffective|p2a: Cyclizar\n|-damage|p2a: Cyclizar|0 fnt\n|faint|p2a: Cyclizar\n|\n|upkeep\n|\n|t:|1771254294\n|switch|p2a: Arboliva|Arboliva, M, shiny|28/100\n|turn|32\n|\n|t:|1771254298\n|move|p2a: Arboliva|Endure|p2a: Arboliva\n|-singleturn|p2a: Arboliva|move: Endure\n|move|p1a: Tapu Koko|Dazzling Gleam|p2a: Arboliva\n|-activate|p2a: Arboliva|move: Endure\n|-damage|p2a: Arboliva|1/100\n|\n|upkeep\n|turn|33\n|-enditem|p2a: Arboliva|Custap Berry|[eat]\n|-activate|p2a: Arboliva|item: Custap Berry|[consumed]\n|\n|t:|1771254300\n|move|p2a: Arboliva|Flail|p1a: Tapu Koko\n|-damage|p1a: Tapu Koko|0 fnt\n|faint|p1a: Tapu Koko\n|\n|-fieldend|move: Electric Terrain\n|-item|p2a: Arboliva|Custap Berry|[from] ability: Harvest\n|upkeep\n|\n|t:|1771254312\n|switch|p1a: Tornadus|Tornadus-Therian, M|100/100\n|turn|34\n|-enditem|p2a: Arboliva|Custap Berry|[eat]\n|-activate|p2a: Arboliva|item: Custap Berry|[consumed]\n|\n|t:|1771254317\n|move|p2a: Arboliva|Flail|p1a: Tornadus\n|-damage|p1a: Tornadus|17/100\n|move|p1a: Tornadus|U-turn|p2a: Arboliva\n|-supereffective|p2a: Arboliva\n|-damage|p2a: Arboliva|0 fnt\n|faint|p2a: Arboliva\n|\n|t:|1771254334\n|switch|p1a: Mawile|Mawile-Mega, F|100/100|[from] U-turn\n|\n|upkeep\n|\n|t:|1771254338\n|switch|p2a: Dubwool|Dubwool, F|58/100 slp\n|turn|35\n|\n|t:|1771254340\n|cant|p2a: Dubwool|slp\n|move|p2a: Dubwool|Sleep Talk|p2a: Dubwool\n|move|p2a: Dubwool|Body Press|p1a: Mawile|[from] move: Sleep Talk\n|-damage|p1a: Mawile|72/100\n|move|p1a: Mawile|Swords Dance|p1a: Mawile\n|-boost|p1a: Mawile|atk|2\n|\n|upkeep\n|turn|36\n|\n|t:|1771254348\n|cant|p2a: Dubwool|slp\n|move|p2a: Dubwool|Sleep Talk|p2a: Dubwool\n|move|p2a: Dubwool|Cotton Guard|p2a: Dubwool|[from] move: Sleep Talk\n|-boost|p2a: Dubwool|def|3\n|move|p1a: Mawile|Play Rough|p2a: Dubwool\n|-damage|p2a: Dubwool|33/100 slp\n|-unboost|p2a: Dubwool|atk|1\n|\n|upkeep\n|turn|37\n|\n|t:|1771254362\n|switch|p1a: Slowbro|Slowbro, M|100/100\n|-curestatus|p2a: Dubwool|slp|[msg]\n|move|p2a: Dubwool|Body Press|p1a: Slowbro\n|-resisted|p1a: Slowbro\n|-damage|p1a: Slowbro|83/100\n|\n|upkeep\n|turn|38\n|\n|t:|1771254368\n|move|p2a: Dubwool|Rest|p2a: Dubwool\n|-status|p2a: Dubwool|slp|[from] move: Rest\n|-heal|p2a: Dubwool|100/100 slp|[silent]\n|move|p1a: Slowbro|Future Sight|p2a: Dubwool\n|-start|p1a: Slowbro|move: Future Sight\n|\n|upkeep\n|turn|39\n|\n|t:|1771254373\n|cant|p2a: Dubwool|slp\n|move|p2a: Dubwool|Sleep Talk|p2a: Dubwool\n|move|p2a: Dubwool|Rest||[from] move: Sleep Talk|[still]\n|-fail|p2a: Dubwool\n|move|p1a: Slowbro|Scald|p2a: Dubwool\n|-damage|p2a: Dubwool|69/100 slp\n|\n|upkeep\n|turn|40\n|\n|t:|1771254383\n|cant|p2a: Dubwool|slp\n|move|p2a: Dubwool|Sleep Talk|p2a: Dubwool\n|move|p2a: Dubwool|Body Press|p1a: Slowbro|[from] move: Sleep Talk\n|-resisted|p1a: Slowbro\n|-damage|p1a: Slowbro|63/100\n|move|p1a: Slowbro|Scald|p2a: Dubwool\n|-damage|p2a: Dubwool|38/100 slp\n|\n|-end|p2a: Dubwool|move: Future Sight\n|-crit|p2a: Dubwool\n|-damage|p2a: Dubwool|0 fnt\n|faint|p2a: Dubwool\n|upkeep\n|\n|t:|1771254385\n|switch|p2a: Pidgeot|Pidgeot, F|100/100\n|turn|41\n|\n|t:|1771254392\n|switch|p1a: Tornadus|Tornadus-Therian, M|50/100\n|detailschange|p2a: Pidgeot|Pidgeot-Mega, F\n|-mega|p2a: Pidgeot|Pidgeot|Pidgeotite\n|move|p2a: Pidgeot|Hurricane|p1a: Tornadus\n|-damage|p1a: Tornadus|0 fnt\n|faint|p1a: Tornadus\n|\n|upkeep\n|\n|t:|1771254394\n|switch|p1a: Slowbro|Slowbro, M|96/100\n|turn|42\n|\n|t:|1771254396\n|move|p2a: Pidgeot|Hurricane|p1a: Slowbro\n|-damage|p1a: Slowbro|32/100\n|move|p1a: Slowbro|Thunder Wave|p2a: Pidgeot\n|-status|p2a: Pidgeot|par\n|\n|upkeep\n|turn|43\n|\n|t:|1771254402\n|move|p2a: Pidgeot|Hurricane|p1a: Slowbro\n|-damage|p1a: Slowbro|0 fnt\n|faint|p1a: Slowbro\n|\n|upkeep\n|\n|t:|1771254407\n|switch|p1a: Ting-Lu|Ting-Lu|100/100\n|-ability|p1a: Ting-Lu|Vessel of Ruin\n|turn|44\n|\n|t:|1771254410\n|move|p2a: Pidgeot|Hurricane|p1a: Ting-Lu\n|-damage|p1a: Ting-Lu|77/100\n|move|p1a: Ting-Lu|Stone Edge|p2a: Pidgeot\n|-supereffective|p2a: Pidgeot\n|-damage|p2a: Pidgeot|37/100 par\n|\n|-heal|p1a: Ting-Lu|83/100|[from] item: Leftovers\n|upkeep\n|turn|45\n|\n|t:|1771254415\n|move|p2a: Pidgeot|Hurricane|p1a: Ting-Lu\n|-damage|p1a: Ting-Lu|56/100\n|-start|p1a: Ting-Lu|confusion\n|-activate|p1a: Ting-Lu|confusion\n|-damage|p1a: Ting-Lu|51/100|[from] confusion\n|\n|-heal|p1a: Ting-Lu|57/100|[from] item: Leftovers\n|upkeep\n|turn|46\n|\n|t:|1771254422\n|move|p2a: Pidgeot|Hurricane|p1a: Ting-Lu\n|-damage|p1a: Ting-Lu|30/100\n|-end|p1a: Ting-Lu|confusion\n|move|p1a: Ting-Lu|Stone Edge|p2a: Pidgeot\n|-supereffective|p2a: Pidgeot\n|-damage|p2a: Pidgeot|0 fnt\n|faint|p2a: Pidgeot\n|detailschange|p2: Pidgeot|Pidgeot, F|[silent]\n|\n|win|Oddalex\n|raw|Oddalex's rating: 1641 &rarr; <strong>1662</strong><br />(+21 for winning)\n|raw|Fugos's rating: 1661 &rarr; <strong>1640</strong><br />(-21 for losing)\n|l|‽Oddalex\n|player|p1|\n|l|☆Fugos\n|player|p2|\n", "uploadtime": 1771254635, "views": 4, "formatid": "gen9nationaldex", "rating": 1640, "private": 0, "password": null}