{"id": "gen9nationaldex-2540857466", "format": "[Gen 9] National Dex", "players": ["ndx_alt17", "FakeAltUserr"], "log": "|j|☆ndx_alt17\n|j|☆FakeAltUserr\n|t:|1771261164\n|gametype|singles\n|player|p1|ndx_alt17|nate|1665\n|player|p2|FakeAltUserr|ghetsis|1613\n|gen|9\n|tier|[Gen 9] National Dex\n|rated|\n|rule|HP Percentage Mod: HP is shown in percentages\n|rule|Endless Battle Clause: Forcing endless battles is banned\n|rule|Species Clause: Limit one of each Pokémon\n|rule|OHKO Clause: OHKO moves are banned\n|rule|Evasion Clause: Evasion abilities, items, and moves are banned\n|rule|Evasion Abilities Clause: Evasion abilities are banned\n|rule|Evasion Items Clause: Evasion items are banned\n|rule|Evasion Moves Clause: Evasion moves are banned\n|rule|Sleep Clause Mod: Limit one foe put to sleep\n|rule|Terastal Clause: You cannot Terastallize\n|clearpoke\n|poke|p1|Azumarill, F|\n|poke|p1|Kyurem|\n|poke|p1|Lopunny, M|\n|poke|p1|Heatran, F|\n|poke|p1|Landorus-Therian, M|\n|poke|p1|Latias, F|\n|poke|p2|Alomomola, M|\n|poke|p2|Latios, M|\n|poke|p2|Weavile, F|\n|poke|p2|Gholdengo|\n|poke|p2|Gliscor, F|\n|poke|p2|Zamazenta-*|\n|teampreview\n|inactive|Battle timer is ON: inactive players will automatically lose when time's up. (requested by FakeAltUserr)\n|inactive|ndx_alt17 has 120 seconds left.\n|\n|t:|1771261198\n|teamsize|p1|6\n|teamsize|p2|6\n|start\n|switch|p1a: Kyurem|Kyurem|100/100\n|switch|p2a: Latios|Latios, M|100/100\n|-ability|p1a: Kyurem|Pressure\n|turn|1\n|\n|t:|1771261213\n|switch|p1a: Azumarill|Azumarill, F, shiny|100/100\n|detailschange|p2a: Latios|Latios-Mega, M\n|-mega|p2a: Latios|Latios|Latiosite\n|move|p2a: Latios|Aura Sphere|p1a: Azumarill\n|-resisted|p1a: Azumarill\n|-damage|p1a: Azumarill|84/100\n|\n|upkeep\n|turn|2\n|\n|t:|1771261223\n|switch|p2a: Gholdengo|Gholdengo|100/100\n|move|p1a: Azumarill|Knock Off|p2a: Gholdengo\n|-supereffective|p2a: Gholdengo\n|-damage|p2a: Gholdengo|37/100\n|\n|upkeep\n|turn|3\n|\n|t:|1771261235\n|switch|p1a: Heatran|Heatran, F|100/100\n|-item|p1a: Heatran|Air Balloon\n|move|p2a: Gholdengo|Nasty Plot|p2a: Gholdengo\n|-boost|p2a: Gholdengo|spa|2\n|\n|upkeep\n|turn|4\n|\n|t:|1771261248\n|switch|p1a: Lopunny|Lopunny, M|100/100\n|-zpower|p2a: Gholdengo\n|move|p2a: Gholdengo|Never-Ending Nightmare|p1a: Lopunny|[zeffect]\n|-immune|p1a: Lopunny\n|\n|upkeep\n|turn|5\n|\n|t:|1771261253\n|switch|p2a: Alomomola|Alomomola, M|100/100\n|detailschange|p1a: Lopunny|Lopunny-Mega, M\n|-mega|p1a: Lopunny|Lopunny|Lopunnite\n|move|p1a: Lopunny|U-turn|p2a: Alomomola\n|-damage|p2a: Alomomola|81/100\n|\n|t:|1771261257\n|switch|p1a: Kyurem|Kyurem|100/100|[from] U-turn\n|-ability|p1a: Kyurem|Pressure\n|\n|upkeep\n|turn|6\n|\n|t:|1771261264\n|move|p1a: Kyurem|Substitute|p1a: Kyurem\n|-start|p1a: Kyurem|Substitute\n|-damage|p1a: Kyurem|75/100\n|move|p2a: Alomomola|Flip Turn|p1a: Kyurem\n|-resisted|p1a: Kyurem\n|-activate|p1a: Kyurem|move: Substitute|[damage]\n|\n|t:|1771261267\n|switch|p2a: Zamazenta|Zamazenta|100/100|[from] Flip Turn\n|-ability|p2a: Zamazenta|Dauntless Shield|boost\n|-boost|p2a: Zamazenta|def|1\n|\n|-heal|p1a: Kyurem|82/100|[from] item: Leftovers\n|upkeep\n|turn|7\n|\n|t:|1771261270\n|move|p2a: Zamazenta|Close Combat|p1a: Kyurem\n|-supereffective|p1a: Kyurem\n|-end|p1a: Kyurem|Substitute\n|-unboost|p2a: Zamazenta|def|1\n|-unboost|p2a: Zamazenta|spd|1\n|move|p1a: Kyurem|Freeze-Dry|p2a: Zamazenta\n|-damage|p2a: Zamazenta|58/100\n|\n|-heal|p1a: Kyurem|88/100|[from] item: Leftovers\n|upkeep\n|turn|8\n|\n|t:|1771261298\n|switch|p2a: Latios|Latios-Mega, M|100/100\n|switch|p1a: Landorus|Landorus-Therian, M|100/100\n|-ability|p1a: Landorus|Intimidate|boost\n|-unboost|p2a: Latios|atk|1\n|\n|upkeep\n|turn|9\n|\n|t:|1771261302\n|move|p2a: Latios|Luster Purge|p1a: Landorus\n|-damage|p1a: Landorus|41/100\n|move|p1a: Landorus|U-turn|p2a: Latios\n|-supereffective|p2a: Latios\n|-damage|p2a: Latios|51/100\n|\n|t:|1771261309\n|switch|p1a: Latias|Latias, F|100/100|[from] U-turn\n|\n|upkeep\n|turn|10\n|\n|t:|1771261313\n|switch|p2a: Alomomola|Alomomola, M|100/100\n|move|p1a: Latias|Calm Mind|p1a: Latias\n|-boost|p1a: Latias|spa|1\n|-boost|p1a: Latias|spd|1\n|\n|upkeep\n|turn|11\n|\n|t:|1771261317\n|switch|p1a: Heatran|Heatran, F|100/100\n|-item|p1a: Heatran|Air Balloon\n|move|p2a: Alomomola|Toxic|p1a: Heatran\n|-immune|p1a: Heatran\n|\n|upkeep\n|turn|12\n|\n|t:|1771261320\n|move|p1a: Heatran|Stealth Rock|p2a: Alomomola\n|-sidestart|p2: FakeAltUserr|move: Stealth Rock\n|move|p2a: Alomomola|Flip Turn|p1a: Heatran\n|-supereffective|p1a: Heatran\n|-crit|p1a: Heatran\n|-damage|p1a: Heatran|60/100\n|-enditem|p1a: Heatran|Air Balloon\n|\n|t:|1771261325\n|switch|p2a: Gliscor|Gliscor, F|100/100|[from] Flip Turn\n|-damage|p2a: Gliscor|88/100|[from] Stealth Rock\n|\n|-status|p2a: Gliscor|tox|[from] item: Toxic Orb\n|upkeep\n|turn|13\n|\n|t:|1771261328\n|move|p2a: Gliscor|Spikes|p1a: Heatran\n|-sidestart|p1: ndx_alt17|Spikes\n|move|p1a: Heatran|Magma Storm|p2a: Gliscor\n|-damage|p2a: Gliscor|35/100 tox\n|-activate|p2a: Gliscor|move: Magma Storm|[of] p1a: Heatran\n|\n|-heal|p2a: Gliscor|48/100 tox|[from] ability: Poison Heal\n|-damage|p2a: Gliscor|35/100 tox|[from] move: Magma Storm|[partiallytrapped]\n|upkeep\n|turn|14\n|\n|t:|1771261334\n|switch|p1a: Landorus|Landorus-Therian, M|41/100\n|-ability|p1a: Landorus|Intimidate|boost\n|-unboost|p2a: Gliscor|atk|1\n|move|p2a: Gliscor|U-turn|p1a: Landorus\n|-resisted|p1a: Landorus\n|-damage|p1a: Landorus|36/100\n|\n|t:|1771261340\n|switch|p2a: Weavile|Weavile, F|100/100|[from] U-turn\n|\n|-heal|p1a: Landorus|42/100|[from] item: Leftovers\n|upkeep\n|turn|15\n|\n|t:|1771261352\n|switch|p1a: Lopunny|Lopunny-Mega, M|100/100\n|-damage|p1a: Lopunny|88/100|[from] Spikes\n|move|p2a: Weavile|Knock Off|p1a: Lopunny\n|-resisted|p1a: Lopunny\n|-damage|p1a: Lopunny|68/100\n|\n|upkeep\n|turn|16\n|\n|t:|1771261357\n|switch|p2a: Alomomola|Alomomola, M|100/100\n|move|p1a: Lopunny|U-turn|p2a: Alomomola\n|-damage|p2a: Alomomola|81/100\n|\n|t:|1771261359\n|switch|p1a: Kyurem|Kyurem|88/100|[from] U-turn\n|-damage|p1a: Kyurem|75/100|[from] Spikes\n|-ability|p1a: Kyurem|Pressure\n|\n|-heal|p1a: Kyurem|82/100|[from] item: Leftovers\n|upkeep\n|turn|17\n|\n|t:|1771261364\n|move|p1a: Kyurem|Substitute|p1a: Kyurem\n|-start|p1a: Kyurem|Substitute\n|-damage|p1a: Kyurem|57/100\n|move|p2a: Alomomola|Wish|p2a: Alomomola\n|\n|-heal|p1a: Kyurem|63/100|[from] item: Leftovers\n|upkeep\n|turn|18\n|\n|t:|1771261370\n|move|p1a: Kyurem|Earth Power|p2a: Alomomola\n|-damage|p2a: Alomomola|62/100\n|move|p2a: Alomomola|Flip Turn|p1a: Kyurem\n|-resisted|p1a: Kyurem\n|-activate|p1a: Kyurem|move: Substitute|[damage]\n|\n|t:|1771261377\n|switch|p2a: Zamazenta|Zamazenta|58/100|[from] Flip Turn\n|\n|-heal|p2a: Zamazenta|100/100|[from] move: Wish|[wisher] Alomomola\n|-heal|p1a: Kyurem|69/100|[from] item: Leftovers\n|upkeep\n|turn|19\n|\n|t:|1771261383\n|move|p2a: Zamazenta|Close Combat|p1a: Kyurem\n|-supereffective|p1a: Kyurem\n|-end|p1a: Kyurem|Substitute\n|-unboost|p2a: Zamazenta|def|1\n|-unboost|p2a: Zamazenta|spd|1\n|move|p1a: Kyurem|Substitute|p1a: Kyurem\n|-start|p1a: Kyurem|Substitute\n|-damage|p1a: Kyurem|44/100\n|\n|-heal|p1a: Kyurem|50/100|[from] item: Leftovers\n|upkeep\n|turn|20\n|\n|t:|1771261390\n|move|p2a: Zamazenta|Close Combat|p1a: Kyurem\n|-supereffective|p1a: Kyurem\n|-end|p1a: Kyurem|Substitute\n|-unboost|p2a: Zamazenta|def|1\n|-unboost|p2a: Zamazenta|spd|1\n|move|p1a: Kyurem|Roost|p1a: Kyurem\n|-heal|p1a: Kyurem|99/100\n|-singleturn|p1a: Kyurem|move: Roost\n|\n|-heal|p1a: Kyurem|100/100|[from] item: Leftovers\n|upkeep\n|turn|21\n|\n|t:|1771261395\n|switch|p1a: Latias|Latias, F|100/100\n|move|p2a: Zamazenta|Close Combat|p1a: Latias\n|-resisted|p1a: Latias\n|-damage|p1a: Latias|71/100\n|-unboost|p2a: Zamazenta|def|1\n|-unboost|p2a: Zamazenta|spd|1\n|\n|upkeep\n|turn|22\n|\n|t:|1771261400\n|switch|p2a: Weavile|Weavile, F|100/100\n|move|p1a: Latias|Psyshock|p2a: Weavile\n|-immune|p2a: Weavile\n|\n|upkeep\n|turn|23\n|\n|t:|1771261404\n|-activate|p1a: Latias|move: Pursuit\n|move|p2a: Weavile|Pursuit|p1a: Latias|[from] Pursuit\n|-supereffective|p1a: Latias\n|-enditem|p1a: Latias|Colbur Berry|[eat]\n|-enditem|p1a: Latias|Colbur Berry|[weaken]\n|-damage|p1a: Latias|30/100\n|switch|p1a: Lopunny|Lopunny-Mega, M|68/100\n|-damage|p1a: Lopunny|56/100|[from] Spikes\n|\n|upkeep\n|turn|24\n|\n|t:|1771261412\n|switch|p2a: Alomomola|Alomomola, M|95/100\n|move|p1a: Lopunny|U-turn|p2a: Alomomola\n|-damage|p2a: Alomomola|78/100\n|\n|t:|1771261415\n|switch|p1a: Kyurem|Kyurem|100/100|[from] U-turn\n|-damage|p1a: Kyurem|88/100|[from] Spikes\n|-ability|p1a: Kyurem|Pressure\n|\n|-heal|p1a: Kyurem|94/100|[from] item: Leftovers\n|upkeep\n|turn|25\n|\n|t:|1771261419\n|move|p1a: Kyurem|Substitute|p1a: Kyurem\n|-start|p1a: Kyurem|Substitute\n|-damage|p1a: Kyurem|69/100\n|move|p2a: Alomomola|Flip Turn|p1a: Kyurem\n|-resisted|p1a: Kyurem\n|-activate|p1a: Kyurem|move: Substitute|[damage]\n|\n|t:|1771261437\n|switch|p2a: Zamazenta|Zamazenta|100/100|[from] Flip Turn\n|\n|-heal|p1a: Kyurem|75/100|[from] item: Leftovers\n|upkeep\n|turn|26\n|l|☆ndx_alt17\n|inactive|ndx_alt17 disconnected and has a minute to reconnect!\n|player|p1|\n|j|☆ndx_alt17\n|inactive|ndx_alt17 reconnected and has 120 seconds left.\n|player|p1|ndx_alt17|nate|\n|\n|t:|1771261493\n|move|p2a: Zamazenta|Heavy Slam|p1a: Kyurem\n|-supereffective|p1a: Kyurem\n|-end|p1a: Kyurem|Substitute\n|move|p1a: Kyurem|Substitute|p1a: Kyurem\n|-start|p1a: Kyurem|Substitute\n|-damage|p1a: Kyurem|50/100\n|\n|-heal|p1a: Kyurem|57/100|[from] item: Leftovers\n|upkeep\n|turn|27\n|\n|t:|1771261497\n|move|p2a: Zamazenta|Heavy Slam|p1a: Kyurem\n|-supereffective|p1a: Kyurem\n|-activate|p1a: Kyurem|move: Substitute|[damage]\n|move|p1a: Kyurem|Freeze-Dry|p2a: Zamazenta\n|-damage|p2a: Zamazenta|74/100\n|\n|-heal|p1a: Kyurem|63/100|[from] item: Leftovers\n|upkeep\n|turn|28\n|\n|t:|1771261505\n|move|p2a: Zamazenta|Heavy Slam|p1a: Kyurem\n|-supereffective|p1a: Kyurem\n|-end|p1a: Kyurem|Substitute\n|move|p1a: Kyurem|Substitute|p1a: Kyurem\n|-start|p1a: Kyurem|Substitute\n|-damage|p1a: Kyurem|38/100\n|\n|-heal|p1a: Kyurem|44/100|[from] item: Leftovers\n|upkeep\n|turn|29\n|\n|t:|1771261509\n|move|p2a: Zamazenta|Stone Edge|p1a: Kyurem\n|-supereffective|p1a: Kyurem\n|-end|p1a: Kyurem|Substitute\n|move|p1a: Kyurem|Roost|p1a: Kyurem\n|-heal|p1a: Kyurem|94/100\n|-singleturn|p1a: Kyurem|move: Roost\n|\n|-heal|p1a: Kyurem|99/100|[from] item: Leftovers\n|upkeep\n|turn|30\n|inactive|ndx_alt17 has 120 seconds left.\n|\n|t:|1771261537\n|switch|p1a: Landorus|Landorus-Therian, M|42/100\n|-ability|p1a: Landorus|Intimidate|boost\n|-unboost|p2a: Zamazenta|atk|1\n|move|p2a: Zamazenta|Stone Edge|p1a: Landorus\n|-damage|p1a: Landorus|20/100\n|\n|-heal|p1a: Landorus|26/100|[from] item: Leftovers\n|upkeep\n|turn|31\n|\n|t:|1771261547\n|switch|p2a: Gliscor|Gliscor, F|35/100 tox\n|-damage|p2a: Gliscor|23/100 tox|[from] Stealth Rock\n|move|p1a: Landorus|Earthquake|p2a: Gliscor\n|-immune|p2a: Gliscor\n|\n|-heal|p1a: Landorus|32/100|[from] item: Leftovers\n|-heal|p2a: Gliscor|35/100 tox|[from] ability: Poison Heal\n|upkeep\n|turn|32\n|\n|t:|1771261554\n|move|p2a: Gliscor|Protect|p2a: Gliscor\n|-singleturn|p2a: Gliscor|Protect\n|move|p1a: Landorus|U-turn|p2a: Gliscor\n|-activate|p2a: Gliscor|move: Protect\n|\n|-heal|p1a: Landorus|38/100|[from] item: Leftovers\n|-heal|p2a: Gliscor|48/100 tox|[from] ability: Poison Heal\n|upkeep\n|turn|33\n|\n|t:|1771261559\n|move|p1a: Landorus|U-turn|p2a: Gliscor\n|-resisted|p2a: Gliscor\n|-damage|p2a: Gliscor|40/100 tox\n|\n|t:|1771261561\n|switch|p1a: Azumarill|Azumarill, F, shiny|84/100|[from] U-turn\n|-damage|p1a: Azumarill|72/100|[from] Spikes\n|move|p2a: Gliscor|U-turn|p1a: Azumarill\n|-resisted|p1a: Azumarill\n|-damage|p1a: Azumarill|65/100\n|\n|t:|1771261567\n|switch|p2a: Gholdengo|Gholdengo|37/100|[from] U-turn\n|-damage|p2a: Gholdengo|31/100|[from] Stealth Rock\n|\n|upkeep\n|turn|34\n|\n|t:|1771261571\n|move|p1a: Azumarill|Aqua Jet|p2a: Gholdengo\n|-damage|p2a: Gholdengo|2/100\n|move|p2a: Gholdengo|Recover|p2a: Gholdengo\n|-heal|p2a: Gholdengo|52/100\n|\n|upkeep\n|turn|35\n|\n|t:|1771261575\n|switch|p1a: Lopunny|Lopunny-Mega, M|56/100\n|-damage|p1a: Lopunny|44/100|[from] Spikes\n|move|p2a: Gholdengo|Recover|p2a: Gholdengo\n|-heal|p2a: Gholdengo|100/100\n|\n|upkeep\n|turn|36\n|\n|t:|1771261579\n|switch|p2a: Alomomola|Alomomola, M|100/100\n|move|p1a: Lopunny|U-turn|p2a: Alomomola\n|-damage|p2a: Alomomola|81/100\n|\n|t:|1771261582\n|switch|p1a: Kyurem|Kyurem|99/100|[from] U-turn\n|-damage|p1a: Kyurem|88/100|[from] Spikes\n|-ability|p1a: Kyurem|Pressure\n|\n|-heal|p1a: Kyurem|94/100|[from] item: Leftovers\n|upkeep\n|turn|37\n|\n|t:|1771261587\n|move|p1a: Kyurem|Freeze-Dry|p2a: Alomomola\n|-supereffective|p2a: Alomomola\n|-damage|p2a: Alomomola|36/100\n|move|p2a: Alomomola|Wish|p2a: Alomomola\n|\n|-heal|p1a: Kyurem|99/100|[from] item: Leftovers\n|upkeep\n|turn|38\n|\n|t:|1771261592\n|switch|p2a: Gholdengo|Gholdengo|100/100\n|-damage|p2a: Gholdengo|94/100|[from] Stealth Rock\n|move|p1a: Kyurem|Substitute|p1a: Kyurem\n|-start|p1a: Kyurem|Substitute\n|-damage|p1a: Kyurem|75/100\n|\n|-heal|p2a: Gholdengo|100/100|[from] move: Wish|[wisher] Alomomola\n|-heal|p1a: Kyurem|81/100|[from] item: Leftovers\n|upkeep\n|turn|39\n|\n|t:|1771261596\n|move|p1a: Kyurem|Earth Power|p2a: Gholdengo\n|-supereffective|p2a: Gholdengo\n|-damage|p2a: Gholdengo|52/100\n|move|p2a: Gholdengo|Shadow Ball|p1a: Kyurem\n|-end|p1a: Kyurem|Substitute\n|\n|-heal|p1a: Kyurem|88/100|[from] item: Leftovers\n|upkeep\n|turn|40\n|\n|t:|1771261604\n|move|p1a: Kyurem|Substitute|p1a: Kyurem\n|-start|p1a: Kyurem|Substitute\n|-damage|p1a: Kyurem|63/100\n|move|p2a: Gholdengo|Make It Rain|p1a: Kyurem\n|-supereffective|p1a: Kyurem\n|-end|p1a: Kyurem|Substitute\n|-unboost|p2a: Gholdengo|spa|1\n|\n|-heal|p1a: Kyurem|69/100|[from] item: Leftovers\n|upkeep\n|turn|41\n|\n|t:|1771261607\n|move|p1a: Kyurem|Substitute|p1a: Kyurem\n|-start|p1a: Kyurem|Substitute\n|-damage|p1a: Kyurem|44/100\n|move|p2a: Gholdengo|Make It Rain|p1a: Kyurem\n|-supereffective|p1a: Kyurem\n|-end|p1a: Kyurem|Substitute\n|-unboost|p2a: Gholdengo|spa|1\n|\n|-heal|p1a: Kyurem|50/100|[from] item: Leftovers\n|upkeep\n|turn|42\n|\n|t:|1771261611\n|move|p1a: Kyurem|Roost|p1a: Kyurem\n|-heal|p1a: Kyurem|99/100\n|-singleturn|p1a: Kyurem|move: Roost\n|move|p2a: Gholdengo|Recover|p2a: Gholdengo\n|-heal|p2a: Gholdengo|100/100\n|\n|-heal|p1a: Kyurem|100/100|[from] item: Leftovers\n|upkeep\n|turn|43\n|\n|t:|1771261615\n|switch|p2a: Alomomola|Alomomola, M|69/100\n|move|p1a: Kyurem|Earth Power|p2a: Alomomola\n|-damage|p2a: Alomomola|48/100\n|-unboost|p2a: Alomomola|spd|1\n|\n|upkeep\n|turn|44\n|\n|t:|1771261624\n|switch|p2a: Gholdengo|Gholdengo|100/100\n|-damage|p2a: Gholdengo|94/100|[from] Stealth Rock\n|move|p1a: Kyurem|Substitute|p1a: Kyurem\n|-start|p1a: Kyurem|Substitute\n|-damage|p1a: Kyurem|75/100\n|\n|-heal|p1a: Kyurem|82/100|[from] item: Leftovers\n|upkeep\n|turn|45\n|\n|t:|1771261628\n|move|p1a: Kyurem|Earth Power|p2a: Gholdengo\n|-supereffective|p2a: Gholdengo\n|-damage|p2a: Gholdengo|47/100\n|move|p2a: Gholdengo|Shadow Ball|p1a: Kyurem\n|-end|p1a: Kyurem|Substitute\n|\n|-heal|p1a: Kyurem|88/100|[from] item: Leftovers\n|upkeep\n|turn|46\n|\n|t:|1771261634\n|move|p1a: Kyurem|Earth Power|p2a: Gholdengo\n|-supereffective|p2a: Gholdengo\n|-damage|p2a: Gholdengo|0 fnt\n|faint|p2a: Gholdengo\n|\n|-heal|p1a: Kyurem|94/100|[from] item: Leftovers\n|upkeep\n|\n|t:|1771261639\n|switch|p2a: Weavile|Weavile, F|100/100\n|turn|47\n|\n|t:|1771261645\n|switch|p1a: Azumarill|Azumarill, F, shiny|65/100\n|-damage|p1a: Azumarill|52/100|[from] Spikes\n|move|p2a: Weavile|Icicle Crash|p1a: Azumarill\n|-resisted|p1a: Azumarill\n|-damage|p1a: Azumarill|32/100\n|\n|upkeep\n|turn|48\n|\n|t:|1771261656\n|switch|p2a: Alomomola|Alomomola, M|81/100\n|move|p1a: Azumarill|Play Rough|p2a: Alomomola|[miss]\n|-miss|p1a: Azumarill|p2a: Alomomola\n|\n|upkeep\n|turn|49\n|\n|t:|1771261660\n|move|p2a: Alomomola|Flip Turn|p1a: Azumarill\n|-resisted|p1a: Azumarill\n|-damage|p1a: Azumarill|24/100\n|\n|t:|1771261665\n|switch|p2a: Gliscor|Gliscor, F|40/100 tox|[from] Flip Turn\n|-damage|p2a: Gliscor|28/100 tox|[from] Stealth Rock\n|move|p1a: Azumarill|Play Rough|p2a: Gliscor|[miss]\n|-miss|p1a: Azumarill|p2a: Gliscor\n|\n|-heal|p2a: Gliscor|40/100 tox|[from] ability: Poison Heal\n|upkeep\n|turn|50\n|\n|t:|1771261670\n|switch|p1a: Kyurem|Kyurem|94/100\n|-damage|p1a: Kyurem|82/100|[from] Spikes\n|-ability|p1a: Kyurem|Pressure\n|move|p2a: Gliscor|Protect||[still]\n|-fail|p2a: Gliscor\n|\n|-heal|p1a: Kyurem|88/100|[from] item: Leftovers\n|-heal|p2a: Gliscor|53/100 tox|[from] ability: Poison Heal\n|upkeep\n|turn|51\n|\n|t:|1771261675\n|switch|p2a: Zamazenta|Zamazenta|74/100\n|move|p1a: Kyurem|Substitute|p1a: Kyurem\n|-start|p1a: Kyurem|Substitute\n|-damage|p1a: Kyurem|63/100\n|\n|-heal|p1a: Kyurem|69/100|[from] item: Leftovers\n|upkeep\n|turn|52\n|\n|t:|1771261678\n|move|p2a: Zamazenta|Heavy Slam|p1a: Kyurem\n|-supereffective|p1a: Kyurem\n|-activate|p1a: Kyurem|move: Substitute|[damage]\n|move|p1a: Kyurem|Freeze-Dry|p2a: Zamazenta\n|-damage|p2a: Zamazenta|47/100\n|\n|-heal|p1a: Kyurem|75/100|[from] item: Leftovers\n|upkeep\n|turn|53\n|\n|t:|1771261687\n|move|p2a: Zamazenta|Heavy Slam|p1a: Kyurem\n|-supereffective|p1a: Kyurem\n|-end|p1a: Kyurem|Substitute\n|move|p1a: Kyurem|Freeze-Dry|p2a: Zamazenta\n|-damage|p2a: Zamazenta|21/100\n|\n|-heal|p1a: Kyurem|81/100|[from] item: Leftovers\n|upkeep\n|turn|54\n|\n|t:|1771261692\n|switch|p1a: Landorus|Landorus-Therian, M|38/100\n|-ability|p1a: Landorus|Intimidate|boost\n|-unboost|p2a: Zamazenta|atk|1\n|move|p2a: Zamazenta|Close Combat|p1a: Landorus\n|-resisted|p1a: Landorus\n|-damage|p1a: Landorus|20/100\n|-unboost|p2a: Zamazenta|def|1\n|-unboost|p2a: Zamazenta|spd|1\n|\n|-heal|p1a: Landorus|26/100|[from] item: Leftovers\n|upkeep\n|turn|55\n|\n|t:|1771261696\n|move|p2a: Zamazenta|Stone Edge|p1a: Landorus\n|-damage|p1a: Landorus|5/100\n|move|p1a: Landorus|Earthquake|p2a: Zamazenta\n|-damage|p2a: Zamazenta|0 fnt\n|faint|p2a: Zamazenta\n|\n|-heal|p1a: Landorus|11/100|[from] item: Leftovers\n|upkeep\n|-message|FakeAltUserr forfeited.\n|\n|win|ndx_alt17\n|raw|ndx_alt17's rating: 1665 &rarr; <strong>1682</strong><br />(+17 for winning)\n|raw|FakeAltUserr's rating: 1613 &rarr; <strong>1596</strong><br />(-17 for losing)\n|l|☆FakeAltUserr\n|player|p2|\n|l|☆ndx_alt17\n|player|p1|\n", "uploadtime": 1771261901, "views": 3, "formatid": "gen9nationaldex", "rating": 1596, "private": 0, "password": null}