{"id": "gen9nationaldex-2540567751", "format": "[Gen 9] National Dex", "players": ["Az4k4", "rainfarmer"], "log": "|j|☆Az4k4\n|j|☆rainfarmer\n|t:|1771219284\n|gametype|singles\n|player|p1|Az4k4|n|1671\n|player|p2|rainfarmer|101|1590\n|gen|9\n|tier|[Gen 9] National Dex\n|rated|\n|rule|HP Percentage Mod: HP is shown in percentages\n|rule|Endless Battle Clause: Forcing endless battles is banned\n|rule|Species Clause: Limit one of each Pokémon\n|rule|OHKO Clause: OHKO moves are banned\n|rule|Evasion Clause: Evasion abilities, items, and moves are banned\n|rule|Evasion Abilities Clause: Evasion abilities are banned\n|rule|Evasion Items Clause: Evasion items are banned\n|rule|Evasion Moves Clause: Evasion moves are banned\n|rule|Sleep Clause Mod: Limit one foe put to sleep\n|rule|Terastal Clause: You cannot Terastallize\n|clearpoke\n|poke|p1|Greninja-*, M|\n|poke|p1|Charizard, M|\n|poke|p1|Kingambit, M|\n|poke|p1|Great Tusk|\n|poke|p1|Zamazenta-*|\n|poke|p1|Corviknight, M|\n|poke|p2|Tapu Koko|\n|poke|p2|Weavile, M|\n|poke|p2|Slowking-Galar, F|\n|poke|p2|Corviknight, M|\n|poke|p2|Garchomp, M|\n|poke|p2|Terapagos, M|\n|teampreview\n|inactive|Battle timer is ON: inactive players will automatically lose when time's up. (requested by Az4k4)\n|\n|t:|1771219293\n|teamsize|p1|6\n|teamsize|p2|6\n|start\n|switch|p1a: Great Tusk|Great Tusk|100/100\n|switch|p2a: Tapu Koko|Tapu Koko|100/100\n|-fieldstart|move: Electric Terrain|[from] ability: Electric Surge|[of] p2a: Tapu Koko\n|turn|1\n|\n|t:|1771219296\n|move|p1a: Great Tusk|Headlong Rush|p2a: Tapu Koko\n|-supereffective|p2a: Tapu Koko\n|-damage|p2a: Tapu Koko|0 fnt\n|-unboost|p1a: Great Tusk|def|1\n|-unboost|p1a: Great Tusk|spd|1\n|faint|p2a: Tapu Koko\n|\n|upkeep\n|\n|t:|1771219299\n|switch|p2a: Garchomp|Garchomp, M|100/100\n|turn|2\n|\n|t:|1771219310\n|move|p1a: Great Tusk|Headlong Rush|p2a: Garchomp\n|-damage|p2a: Garchomp|42/100\n|-unboost|p1a: Great Tusk|def|1\n|-unboost|p1a: Great Tusk|spd|1\n|-damage|p1a: Great Tusk|88/100|[from] ability: Rough Skin|[of] p2a: Garchomp\n|move|p2a: Garchomp|Stealth Rock|p1a: Great Tusk\n|-sidestart|p1: Az4k4|move: Stealth Rock\n|\n|upkeep\n|turn|3\n|\n|t:|1771219314\n|switch|p2a: Corviknight|Corviknight, M|100/100\n|-ability|p2a: Corviknight|Pressure\n|move|p1a: Great Tusk|Headlong Rush|p2a: Corviknight\n|-immune|p2a: Corviknight\n|\n|upkeep\n|turn|4\n|\n|t:|1771219318\n|-end|p1a: Great Tusk|Protosynthesis|[silent]\n|switch|p1a: Corviknight|Corviknight, M|100/100\n|-damage|p1a: Corviknight|88/100|[from] Stealth Rock\n|-ability|p1a: Corviknight|Pressure\n|move|p2a: Corviknight|U-turn|p1a: Corviknight\n|-resisted|p1a: Corviknight\n|-crit|p1a: Corviknight\n|-damage|p1a: Corviknight|84/100\n|-damage|p2a: Corviknight|84/100|[from] item: Rocky Helmet|[of] p1a: Corviknight\n|\n|t:|1771219322\n|switch|p2a: Terapagos|Terapagos, M|100/100|[from] U-turn\n|-activate|p2a: Terapagos|ability: Tera Shift\n|detailschange|p2a: Terapagos|Terapagos-Terastal, M\n|-heal|p2a: Terapagos|100/100|[silent]\n|\n|upkeep\n|turn|5\n|\n|t:|1771219326\n|move|p2a: Terapagos|Flamethrower|p1a: Corviknight\n|-supereffective|p1a: Corviknight\n|-damage|p1a: Corviknight|34/100\n|move|p1a: Corviknight|Defog|p2a: Terapagos\n|-unboost|p2a: Terapagos|evasion|1\n|-sideend|p1: Az4k4|Stealth Rock|[from] move: Defog|[of] p1a: Corviknight\n|-fieldend|move: Electric Terrain\n|\n|upkeep\n|turn|6\n|\n|t:|1771219335\n|move|p2a: Terapagos|Flamethrower|p1a: Corviknight\n|-supereffective|p1a: Corviknight\n|-damage|p1a: Corviknight|0 fnt\n|faint|p1a: Corviknight\n|\n|upkeep\n|\n|t:|1771219340\n|switch|p1a: Zamazenta|Zamazenta|100/100\n|-ability|p1a: Zamazenta|Dauntless Shield|boost\n|-boost|p1a: Zamazenta|def|1\n|turn|7\n|\n|t:|1771219346\n|switch|p2a: Corviknight|Corviknight, M|84/100\n|-ability|p2a: Corviknight|Pressure\n|move|p1a: Zamazenta|Crunch|p2a: Corviknight\n|-damage|p2a: Corviknight|69/100\n|-damage|p1a: Zamazenta|84/100|[from] item: Rocky Helmet|[of] p2a: Corviknight\n|\n|upkeep\n|turn|8\n|\n|t:|1771219350\n|-zpower|p1a: Zamazenta\n|move|p1a: Zamazenta|All-Out Pummeling|p2a: Corviknight|[zeffect]\n|-damage|p2a: Corviknight|11/100\n|move|p2a: Corviknight|Roost|p2a: Corviknight\n|-heal|p2a: Corviknight|61/100\n|-singleturn|p2a: Corviknight|move: Roost\n|\n|upkeep\n|turn|9\n|\n|t:|1771219355\n|switch|p1a: Charizard|Charizard, M|100/100\n|move|p2a: Corviknight|U-turn|p1a: Charizard\n|-resisted|p1a: Charizard\n|-damage|p1a: Charizard|95/100\n|\n|t:|1771219360\n|switch|p2a: Garchomp|Garchomp, M|42/100|[from] U-turn\n|\n|upkeep\n|turn|10\n|\n|t:|1771219370\n|switch|p1a: Great Tusk|Great Tusk|88/100\n|move|p2a: Garchomp|Stealth Rock|p1a: Great Tusk\n|-sidestart|p1: Az4k4|move: Stealth Rock\n|\n|upkeep\n|turn|11\n|\n|t:|1771219375\n|switch|p2a: Corviknight|Corviknight, M|61/100\n|-ability|p2a: Corviknight|Pressure\n|move|p1a: Great Tusk|Ice Spinner|p2a: Corviknight\n|-damage|p2a: Corviknight|45/100\n|-damage|p1a: Great Tusk|72/100|[from] item: Rocky Helmet|[of] p2a: Corviknight\n|\n|upkeep\n|turn|12\n|\n|t:|1771219386\n|-end|p1a: Great Tusk|Protosynthesis|[silent]\n|switch|p1a: Kingambit|Kingambit, M|100/100\n|-damage|p1a: Kingambit|94/100|[from] Stealth Rock\n|-activate|p1a: Kingambit|ability: Supreme Overlord\n|-start|p1a: Kingambit|fallen1|[silent]\n|move|p2a: Corviknight|Roost|p2a: Corviknight\n|-heal|p2a: Corviknight|95/100\n|-singleturn|p2a: Corviknight|move: Roost\n|\n|upkeep\n|turn|13\n|\n|t:|1771219389\n|move|p2a: Corviknight|Iron Defense|p2a: Corviknight\n|-boost|p2a: Corviknight|def|2\n|move|p1a: Kingambit|Knock Off|p2a: Corviknight\n|-damage|p2a: Corviknight|74/100\n|-damage|p1a: Kingambit|78/100|[from] item: Rocky Helmet|[of] p2a: Corviknight\n|-enditem|p2a: Corviknight|Rocky Helmet|[from] move: Knock Off|[of] p1a: Kingambit\n|\n|upkeep\n|turn|14\n|\n|t:|1771219393\n|-end|p1a: Kingambit|fallen1|[silent]\n|switch|p1a: Greninja|Greninja, M|100/100\n|-damage|p1a: Greninja|88/100|[from] Stealth Rock\n|move|p2a: Corviknight|Body Press|p1a: Greninja\n|-supereffective|p1a: Greninja\n|-damage|p1a: Greninja|0 fnt\n|faint|p1a: Greninja\n|\n|upkeep\n|-message|Az4k4 forfeited.\n|\n|win|rainfarmer\n|raw|Az4k4's rating: 1671 &rarr; <strong>1646</strong><br />(-25 for losing)\n|raw|rainfarmer's rating: 1590 &rarr; <strong>1615</strong><br />(+25 for winning)\n|l|☆Az4k4\n|player|p1|\n", "uploadtime": 1771219401, "views": 10, "formatid": "gen9nationaldex", "rating": 1615, "private": 0, "password": null}