{"id": "gen9nationaldex-2540627922", "format": "[Gen 9] National Dex", "players": ["xorialle", "Cerberus 17"], "log": "|j|☆xorialle\n|j|☆Cerberus 17\n|t:|1771230125\n|gametype|singles\n|player|p1|xorialle|blue|1512\n|player|p2|Cerberus 17|cynthia-gen4|1743\n|gen|9\n|tier|[Gen 9] National Dex\n|rated|\n|rule|HP Percentage Mod: HP is shown in percentages\n|rule|Endless Battle Clause: Forcing endless battles is banned\n|rule|Species Clause: Limit one of each Pokémon\n|rule|OHKO Clause: OHKO moves are banned\n|rule|Evasion Clause: Evasion abilities, items, and moves are banned\n|rule|Evasion Abilities Clause: Evasion abilities are banned\n|rule|Evasion Items Clause: Evasion items are banned\n|rule|Evasion Moves Clause: Evasion moves are banned\n|rule|Sleep Clause Mod: Limit one foe put to sleep\n|rule|Terastal Clause: You cannot Terastallize\n|clearpoke\n|poke|p1|Hydreigon, M|\n|poke|p1|Victini|\n|poke|p1|Keldeo-Resolute|\n|poke|p1|Excadrill, F|\n|poke|p1|Gigalith, F|\n|poke|p1|Amoonguss, M|\n|poke|p2|Tyranitar, F|\n|poke|p2|Kartana|\n|poke|p2|Diancie|\n|poke|p2|Excadrill, F|\n|poke|p2|Sinistcha-Masterpiece|\n|poke|p2|Kommo-o, M|\n|teampreview\n|inactive|Battle timer is ON: inactive players will automatically lose when time's up. (requested by Cerberus 17)\n|\n|t:|1771230144\n|teamsize|p1|6\n|teamsize|p2|6\n|start\n|switch|p1a: Gigalith|Gigalith, F|100/100\n|switch|p2a: Kommo-o|Kommo-o, M|100/100\n|-weather|Sandstorm|[from] ability: Sand Stream|[of] p1a: Gigalith\n|turn|1\n|\n|t:|1771230157\n|-zpower|p2a: Kommo-o\n|move|p2a: Kommo-o|Clangorous Soulblaze|p1a: Gigalith|[zeffect]\n|-damage|p1a: Gigalith|71/100\n|-boost|p2a: Kommo-o|atk|1\n|-boost|p2a: Kommo-o|def|1\n|-boost|p2a: Kommo-o|spa|1\n|-boost|p2a: Kommo-o|spd|1\n|-boost|p2a: Kommo-o|spe|1\n|move|p1a: Gigalith|Earthquake|p2a: Kommo-o\n|-damage|p2a: Kommo-o|82/100\n|\n|-weather|Sandstorm|[upkeep]\n|-damage|p2a: Kommo-o|76/100|[from] Sandstorm\n|upkeep\n|turn|2\n|\n|t:|1771230173\n|switch|p1a: Amoonguss|Amoonguss, M|100/100\n|move|p2a: Kommo-o|Drain Punch|p1a: Amoonguss\n|-resisted|p1a: Amoonguss\n|-damage|p1a: Amoonguss|85/100\n|-heal|p2a: Kommo-o|88/100|[from] drain|[of] p1a: Amoonguss\n|-damage|p2a: Kommo-o|72/100|[from] item: Rocky Helmet|[of] p1a: Amoonguss\n|\n|-weather|Sandstorm|[upkeep]\n|-damage|p2a: Kommo-o|65/100|[from] Sandstorm\n|-damage|p1a: Amoonguss|78/100|[from] Sandstorm\n|upkeep\n|turn|3\n|\n|t:|1771230189\n|switch|p1a: Keldeo|Keldeo-Resolute|100/100\n|move|p2a: Kommo-o|Flamethrower|p1a: Keldeo\n|-resisted|p1a: Keldeo\n|-damage|p1a: Keldeo|76/100\n|\n|-weather|Sandstorm|[upkeep]\n|-damage|p1a: Keldeo|70/100|[from] Sandstorm\n|-damage|p2a: Kommo-o|59/100|[from] Sandstorm\n|upkeep\n|turn|4\n|\n|t:|1771230200\n|move|p1a: Keldeo|Air Slash|p2a: Kommo-o\n|-supereffective|p2a: Kommo-o\n|-damage|p2a: Kommo-o|13/100\n|move|p2a: Kommo-o|Clanging Scales|p1a: Keldeo\n|-damage|p1a: Keldeo|0 fnt\n|faint|p1a: Keldeo\n|-unboost|p2a: Kommo-o|def|1\n|\n|-weather|Sandstorm|[upkeep]\n|-damage|p2a: Kommo-o|7/100|[from] Sandstorm\n|upkeep\n|\n|t:|1771230211\n|switch|p1a: Excadrill|Excadrill, F|100/100\n|turn|5\n|\n|t:|1771230222\n|move|p2a: Kommo-o|Drain Punch|p1a: Excadrill\n|-supereffective|p1a: Excadrill\n|-damage|p1a: Excadrill|0 fnt\n|-heal|p2a: Kommo-o|69/100|[from] drain|[of] p1a: Excadrill\n|faint|p1a: Excadrill\n|\n|-weather|none\n|upkeep\n|\n|t:|1771230232\n|switch|p1a: Victini|Victini|100/100\n|turn|6\n|\n|t:|1771230236\n|move|p2a: Kommo-o|Clanging Scales|p1a: Victini\n|-damage|p1a: Victini|33/100\n|-unboost|p2a: Kommo-o|def|1\n|move|p1a: Victini|Thunder Wave|p2a: Kommo-o\n|-status|p2a: Kommo-o|par\n|\n|upkeep\n|turn|7\n|\n|t:|1771230252\n|move|p1a: Victini|Bolt Strike|p2a: Kommo-o\n|-resisted|p2a: Kommo-o\n|-damage|p2a: Kommo-o|40/100 par\n|move|p2a: Kommo-o|Clanging Scales|p1a: Victini\n|-damage|p1a: Victini|0 fnt\n|faint|p1a: Victini\n|-unboost|p2a: Kommo-o|def|1\n|\n|upkeep\n|-message|xorialle forfeited.\n|\n|win|Cerberus 17\n|raw|xorialle's rating: 1512 &rarr; <strong>1504</strong><br />(-8 for losing)\n|raw|Cerberus 17's rating: 1743 &rarr; <strong>1751</strong><br />(+8 for winning)\n|l|☆xorialle\n|player|p1|\n|l|☆Cerberus 17\n|player|p2|\n", "uploadtime": 1771230548, "views": 10, "formatid": "gen9nationaldex", "rating": 1504, "private": 0, "password": null}