{"id": "gen9nationaldex-2540498199", "format": "[Gen 9] National Dex", "players": ["dupr0", "Bungeleid"], "log": "|j|☆dupr0\n|j|☆Bungeleid\n|t:|1771209516\n|gametype|singles\n|player|p1|dupr0|marnie|1559\n|player|p2|Bungeleid|boarder|1553\n|gen|9\n|tier|[Gen 9] National Dex\n|rated|\n|rule|HP Percentage Mod: HP is shown in percentages\n|rule|Endless Battle Clause: Forcing endless battles is banned\n|rule|Species Clause: Limit one of each Pokémon\n|rule|OHKO Clause: OHKO moves are banned\n|rule|Evasion Clause: Evasion abilities, items, and moves are banned\n|rule|Evasion Abilities Clause: Evasion abilities are banned\n|rule|Evasion Items Clause: Evasion items are banned\n|rule|Evasion Moves Clause: Evasion moves are banned\n|rule|Sleep Clause Mod: Limit one foe put to sleep\n|rule|Terastal Clause: You cannot Terastallize\n|clearpoke\n|poke|p1|Gholdengo|\n|poke|p1|Garchomp, F|\n|poke|p1|Latios, M|\n|poke|p1|Alomomola, M|\n|poke|p1|Diancie|\n|poke|p1|Lokix, F|\n|poke|p2|Latios, M|\n|poke|p2|Zamazenta-*|\n|poke|p2|Gholdengo|\n|poke|p2|Samurott-Hisui, F|\n|poke|p2|Landorus-Therian, M|\n|poke|p2|Cinderace, M|\n|teampreview\n|inactive|Battle timer is ON: inactive players will automatically lose when time's up. (requested by dupr0)\n|\n|t:|1771209535\n|teamsize|p1|6\n|teamsize|p2|6\n|start\n|switch|p1a: Lokix|Lokix, F|100/100\n|switch|p2a: Garfield|Landorus-Therian, M|100/100\n|-ability|p2a: Garfield|Intimidate|boost\n|-unboost|p1a: Lokix|atk|1\n|turn|1\n|\n|t:|1771209543\n|move|p2a: Garfield|Stealth Rock|p1a: Lokix\n|-sidestart|p1: dupr0|move: Stealth Rock\n|move|p1a: Lokix|U-turn|p2a: Garfield\n|-resisted|p2a: Garfield\n|-damage|p2a: Garfield|79/100\n|-damage|p1a: Lokix|84/100|[from] item: Rocky Helmet|[of] p2a: Garfield\n|\n|t:|1771209546\n|switch|p1a: Latios|Latios, M|100/100|[from] U-turn\n|-damage|p1a: Latios|88/100|[from] Stealth Rock\n|\n|upkeep\n|turn|2\n|\n|t:|1771209551\n|switch|p2a: Samurai Sack|Samurott-Hisui, F|100/100\n|move|p1a: Latios|Draco Meteor|p2a: Samurai Sack\n|-damage|p2a: Samurai Sack|0 fnt\n|-unboost|p1a: Latios|spa|2\n|faint|p2a: Samurai Sack\n|\n|upkeep\n|\n|t:|1771209560\n|switch|p2a: Hat Rabbit|Cinderace, M|100/100\n|turn|3\n|\n|t:|1771209565\n|switch|p1a: Diancie|Diancie|100/100\n|-damage|p1a: Diancie|88/100|[from] Stealth Rock\n|move|p2a: Hat Rabbit|Swords Dance|p2a: Hat Rabbit\n|-start|p2a: Hat Rabbit|typechange|Normal|[from] ability: Libero\n|-boost|p2a: Hat Rabbit|atk|2\n|\n|upkeep\n|turn|4\n|\n|t:|1771209584\n|move|p2a: Hat Rabbit|High Jump Kick|p1a: Diancie\n|-damage|p1a: Diancie|24/100\n|move|p1a: Diancie|Endeavor|p2a: Hat Rabbit\n|-damage|p2a: Hat Rabbit|24/100\n|\n|upkeep\n|turn|5\n|\n|t:|1771209597\n|switch|p1a: Garchomp|Garchomp, F|100/100\n|-damage|p1a: Garchomp|94/100|[from] Stealth Rock\n|move|p2a: Hat Rabbit|Pyro Ball|p1a: Garchomp\n|-resisted|p1a: Garchomp\n|-damage|p1a: Garchomp|60/100\n|\n|upkeep\n|turn|6\n|\n|t:|1771209601\n|-zpower|p2a: Hat Rabbit\n|move|p2a: Hat Rabbit|Breakneck Blitz|p1a: Garchomp|[zeffect]\n|-damage|p1a: Garchomp|0 fnt\n|faint|p1a: Garchomp\n|\n|upkeep\n|\n|t:|1771209603\n|switch|p1a: Lokix|Lokix, F|84/100\n|turn|7\n|\n|t:|1771209611\n|switch|p2a: Garfield|Landorus-Therian, M|79/100\n|-ability|p2a: Garfield|Intimidate|boost\n|-unboost|p1a: Lokix|atk|1\n|move|p1a: Lokix|First Impression|p2a: Garfield\n|-resisted|p2a: Garfield\n|-damage|p2a: Garfield|50/100\n|-damage|p1a: Lokix|67/100|[from] item: Rocky Helmet|[of] p2a: Garfield\n|\n|upkeep\n|turn|8\n|\n|t:|1771209618\n|switch|p1a: Alomomola|Alomomola, M|100/100\n|move|p2a: Garfield|Toxic|p1a: Alomomola\n|-status|p1a: Alomomola|tox\n|\n|-damage|p1a: Alomomola|94/100 tox|[from] psn\n|upkeep\n|turn|9\n|\n|t:|1771209624\n|move|p2a: Garfield|Taunt|p1a: Alomomola\n|-start|p1a: Alomomola|move: Taunt\n|cant|p1a: Alomomola|move: Taunt|Wish\n|\n|-damage|p1a: Alomomola|82/100 tox|[from] psn\n|upkeep\n|turn|10\n|\n|t:|1771209625\n|move|p2a: Garfield|Earthquake|p1a: Alomomola\n|-damage|p1a: Alomomola|56/100 tox\n|move|p1a: Alomomola|Flip Turn|p2a: Garfield\n|-supereffective|p2a: Garfield\n|-damage|p2a: Garfield|19/100\n|-damage|p1a: Alomomola|39/100 tox|[from] item: Rocky Helmet|[of] p2a: Garfield\n|\n|t:|1771209633\n|switch|p1a: Latios|Latios, M|88/100|[from] Flip Turn\n|-damage|p1a: Latios|76/100|[from] Stealth Rock\n|\n|upkeep\n|turn|11\n|\n|t:|1771209639\n|move|p1a: Latios|Luster Purge|p2a: Garfield\n|-damage|p2a: Garfield|0 fnt\n|faint|p2a: Garfield\n|\n|upkeep\n|\n|t:|1771209643\n|switch|p2a: Hat Rabbit|Cinderace, M|24/100\n|turn|12\n|\n|t:|1771209651\n|switch|p1a: Alomomola|Alomomola, M|73/100 tox\n|move|p2a: Hat Rabbit|Double-Edge|p1a: Alomomola\n|-start|p2a: Hat Rabbit|typechange|Normal|[from] ability: Libero\n|-damage|p1a: Alomomola|38/100 tox\n|-damage|p2a: Hat Rabbit|7/100|[from] Recoil\n|\n|-damage|p1a: Alomomola|32/100 tox|[from] psn\n|upkeep\n|turn|13\n|\n|t:|1771209679\n|switch|p1a: Latios|Latios, M|76/100\n|-damage|p1a: Latios|64/100|[from] Stealth Rock\n|move|p2a: Hat Rabbit|Double-Edge|p1a: Latios\n|-damage|p1a: Latios|0 fnt\n|faint|p1a: Latios\n|-damage|p2a: Hat Rabbit|0 fnt|[from] Recoil\n|faint|p2a: Hat Rabbit\n|\n|upkeep\n|\n|t:|1771209693\n|switch|p2a: Call it H or T|Gholdengo|100/100\n|switch|p1a: Gholdengo|Gholdengo|100/100\n|-damage|p1a: Gholdengo|94/100|[from] Stealth Rock\n|turn|14\n|\n|t:|1771209700\n|move|p2a: Call it H or T|Shadow Ball|p1a: Gholdengo\n|-supereffective|p1a: Gholdengo\n|-damage|p1a: Gholdengo|27/100\n|-zpower|p1a: Gholdengo\n|move|p1a: Gholdengo|Never-Ending Nightmare|p2a: Call it H or T|[zeffect]\n|-supereffective|p2a: Call it H or T\n|-damage|p2a: Call it H or T|0 fnt\n|faint|p2a: Call it H or T\n|\n|upkeep\n|\n|t:|1771209711\n|switch|p2a: Njau|Latios, M|100/100\n|turn|15\n|\n|t:|1771209715\n|detailschange|p2a: Njau|Latios-Mega, M\n|-mega|p2a: Njau|Latios|Latiosite\n|move|p2a: Njau|Mystical Fire|p1a: Gholdengo\n|-supereffective|p1a: Gholdengo\n|-damage|p1a: Gholdengo|0 fnt\n|faint|p1a: Gholdengo\n|\n|upkeep\n|\n|t:|1771209718\n|switch|p1a: Lokix|Lokix, F|67/100\n|turn|16\n|\n|t:|1771209721\n|switch|p2a: Color Out of Space|Zamazenta|100/100\n|-ability|p2a: Color Out of Space|Dauntless Shield|boost\n|-boost|p2a: Color Out of Space|def|1\n|move|p1a: Lokix|First Impression|p2a: Color Out of Space\n|-resisted|p2a: Color Out of Space\n|-damage|p2a: Color Out of Space|75/100\n|\n|upkeep\n|turn|17\n|\n|t:|1771209729\n|move|p2a: Color Out of Space|Stone Edge|p1a: Lokix\n|-supereffective|p1a: Lokix\n|-damage|p1a: Lokix|0 fnt\n|faint|p1a: Lokix\n|\n|upkeep\n|\n|t:|1771209732\n|switch|p1a: Alomomola|Alomomola, M|65/100 tox\n|turn|18\n|\n|t:|1771209736\n|move|p2a: Color Out of Space|Close Combat|p1a: Alomomola\n|-damage|p1a: Alomomola|30/100 tox\n|-unboost|p2a: Color Out of Space|def|1\n|-unboost|p2a: Color Out of Space|spd|1\n|move|p1a: Alomomola|Toxic|p2a: Color Out of Space\n|-status|p2a: Color Out of Space|tox\n|\n|-damage|p2a: Color Out of Space|68/100 tox|[from] psn\n|-damage|p1a: Alomomola|24/100 tox|[from] psn\n|upkeep\n|turn|19\n|\n|t:|1771209742\n|switch|p1a: Diancie|Diancie|24/100\n|-damage|p1a: Diancie|12/100|[from] Stealth Rock\n|move|p2a: Color Out of Space|Close Combat|p1a: Diancie\n|-damage|p1a: Diancie|0 fnt\n|-unboost|p2a: Color Out of Space|def|1\n|-unboost|p2a: Color Out of Space|spd|1\n|faint|p1a: Diancie\n|\n|-damage|p2a: Color Out of Space|56/100 tox|[from] psn\n|upkeep\n|\n|t:|1771209744\n|switch|p1a: Alomomola|Alomomola, M|57/100 tox\n|turn|20\n|\n|t:|1771209745\n|move|p2a: Color Out of Space|Close Combat|p1a: Alomomola\n|-crit|p1a: Alomomola\n|-damage|p1a: Alomomola|0 fnt\n|-unboost|p2a: Color Out of Space|def|1\n|-unboost|p2a: Color Out of Space|spd|1\n|faint|p1a: Alomomola\n|\n|win|Bungeleid\n|raw|dupr0's rating: 1559 &rarr; <strong>1539</strong><br />(-20 for losing)\n|raw|Bungeleid's rating: 1553 &rarr; <strong>1573</strong><br />(+20 for winning)\n|l|☆dupr0\n|player|p1|\n|l|☆Bungeleid\n|player|p2|\n", "uploadtime": 1771209967, "views": 7, "formatid": "gen9nationaldex", "rating": 1539, "private": 0, "password": null}