{"id": "gen9nationaldex-2540738246", "format": "[Gen 9] National Dex", "players": ["tamsyy", "e6e"], "log": "|j|☆tamsyy\n|j|☆e6e\n|t:|1771248038\n|gametype|singles\n|player|p1|tamsyy|ghetsis|1638\n|player|p2|e6e|mallow|1646\n|gen|9\n|tier|[Gen 9] National Dex\n|rated|\n|rule|HP Percentage Mod: HP is shown in percentages\n|rule|Endless Battle Clause: Forcing endless battles is banned\n|rule|Species Clause: Limit one of each Pokémon\n|rule|OHKO Clause: OHKO moves are banned\n|rule|Evasion Clause: Evasion abilities, items, and moves are banned\n|rule|Evasion Abilities Clause: Evasion abilities are banned\n|rule|Evasion Items Clause: Evasion items are banned\n|rule|Evasion Moves Clause: Evasion moves are banned\n|rule|Sleep Clause Mod: Limit one foe put to sleep\n|rule|Terastal Clause: You cannot Terastallize\n|clearpoke\n|poke|p1|Diancie|\n|poke|p1|Garchomp, M|\n|poke|p1|Dragonite, M|\n|poke|p1|Volcarona, M|\n|poke|p1|Terapagos, M|\n|poke|p1|Kingambit, M|\n|poke|p2|Mawile, F|\n|poke|p2|Indeedee, M|\n|poke|p2|Hatterene, F|\n|poke|p2|Iron Hands|\n|poke|p2|Hoopa-Unbound|\n|poke|p2|Mimikyu, F|\n|teampreview\n|inactive|Battle timer is ON: inactive players will automatically lose when time's up. (requested by tamsyy)\n|\n|t:|1771248064\n|teamsize|p1|6\n|teamsize|p2|6\n|start\n|switch|p1a: Diancie|Diancie|100/100\n|switch|p2a: G.O.A.T|Iron Hands, shiny|100/100\n|turn|1\n|\n|t:|1771248068\n|detailschange|p1a: Diancie|Diancie-Mega\n|-mega|p1a: Diancie|Diancie|Diancite\n|move|p1a: Diancie|Substitute|p1a: Diancie\n|-start|p1a: Diancie|Substitute\n|-damage|p1a: Diancie|76/100\n|move|p2a: G.O.A.T|Heavy Slam|p1a: Diancie\n|-supereffective|p1a: Diancie\n|-crit|p1a: Diancie\n|-end|p1a: Diancie|Substitute\n|\n|upkeep\n|turn|2\n|\n|t:|1771248074\n|move|p1a: Diancie|Substitute|p1a: Diancie\n|-start|p1a: Diancie|Substitute\n|-damage|p1a: Diancie|51/100\n|move|p2a: G.O.A.T|Heavy Slam|p1a: Diancie\n|-supereffective|p1a: Diancie\n|-end|p1a: Diancie|Substitute\n|\n|upkeep\n|turn|3\n|\n|t:|1771248076\n|move|p1a: Diancie|Stealth Rock|p2a: G.O.A.T\n|-sidestart|p2: e6e|move: Stealth Rock\n|move|p2a: G.O.A.T|Heavy Slam|p1a: Diancie\n|-supereffective|p1a: Diancie\n|-damage|p1a: Diancie|0 fnt\n|faint|p1a: Diancie\n|detailschange|p1: Diancie|Diancie|[silent]\n|\n|upkeep\n|\n|t:|1771248079\n|switch|p1a: Garchomp|Garchomp, M|100/100\n|turn|4\n|\n|t:|1771248095\n|-end|p2a: G.O.A.T|Quark Drive|[silent]\n|switch|p2a: Kaneki|Indeedee, M|100/100\n|-damage|p2a: Kaneki|88/100|[from] Stealth Rock\n|-fieldstart|move: Psychic Terrain|[from] ability: Psychic Surge|[of] p2a: Kaneki\n|move|p1a: Garchomp|Earthquake|p2a: Kaneki\n|-damage|p2a: Kaneki|36/100\n|\n|upkeep\n|turn|5\n|\n|t:|1771248105\n|switch|p2a: Mimi|Mimikyu, F, shiny|100/100\n|-damage|p2a: Mimi|88/100|[from] Stealth Rock\n|move|p1a: Garchomp|Earthquake|p2a: Mimi\n|-activate|p2a: Mimi|ability: Disguise\n|-damage|p2a: Mimi|88/100\n|detailschange|p2a: Mimi|Mimikyu-Busted, F, shiny\n|-damage|p2a: Mimi|76/100|[from] pokemon: Mimikyu-Busted\n|-enditem|p2a: Mimi|Red Card|[of] p1a: Garchomp\n|drag|p1a: Terapagos|Terapagos, M|100/100\n|-activate|p1a: Terapagos|ability: Tera Shift\n|detailschange|p1a: Terapagos|Terapagos-Terastal, M\n|-heal|p1a: Terapagos|100/100|[silent]\n|\n|upkeep\n|turn|6\n|\n|t:|1771248115\n|switch|p1a: Kingambit|Kingambit, M, shiny|100/100\n|-activate|p1a: Kingambit|ability: Supreme Overlord\n|-start|p1a: Kingambit|fallen1|[silent]\n|switch|p2a: Netanyahu|Hoopa-Unbound|100/100\n|-damage|p2a: Netanyahu|88/100|[from] Stealth Rock\n|-enditem|p2a: Netanyahu|Psychic Seed\n|-boost|p2a: Netanyahu|spd|1|[from] item: Psychic Seed\n|\n|upkeep\n|turn|7\n|\n|t:|1771248138\n|-end|p1a: Kingambit|fallen1|[silent]\n|switch|p1a: Garchomp|Garchomp, M|100/100\n|move|p2a: Netanyahu|Focus Blast|p1a: Garchomp\n|-damage|p1a: Garchomp|47/100\n|-item|p2a: Netanyahu|Loaded Dice|[from] ability: Magician|[of] p1a: Garchomp\n|\n|upkeep\n|turn|8\n|\n|t:|1771248143\n|move|p1a: Garchomp|Scale Shot|p2a: Netanyahu|[miss]\n|-miss|p1a: Garchomp|p2a: Netanyahu\n|move|p2a: Netanyahu|Trick Room|p2a: Netanyahu\n|-fieldstart|move: Trick Room|[of] p2a: Netanyahu\n|\n|upkeep\n|turn|9\n|\n|t:|1771248148\n|move|p2a: Netanyahu|Expanding Force|p1a: Garchomp\n|-damage|p1a: Garchomp|0 fnt\n|faint|p1a: Garchomp\n|\n|upkeep\n|\n|t:|1771248152\n|switch|p1a: Kingambit|Kingambit, M, shiny|100/100\n|-activate|p1a: Kingambit|ability: Supreme Overlord\n|-start|p1a: Kingambit|fallen2|[silent]\n|turn|10\n|\n|t:|1771248155\n|move|p2a: Netanyahu|Focus Blast|p1a: Kingambit\n|-supereffective|p1a: Kingambit\n|-damage|p1a: Kingambit|0 fnt\n|faint|p1a: Kingambit\n|-end|p1a: Kingambit|fallen2|[silent]\n|\n|upkeep\n|\n|t:|1771248164\n|switch|p1a: Terapagos|Terapagos-Terastal, M|100/100\n|turn|11\n|\n|t:|1771248168\n|move|p2a: Netanyahu|Expanding Force|p1a: Terapagos\n|-activate|p1a: Terapagos|ability: Tera Shell\n|-resisted|p1a: Terapagos\n|-damage|p1a: Terapagos|49/100\n|move|p1a: Terapagos|Calm Mind|p1a: Terapagos\n|-boost|p1a: Terapagos|spa|1\n|-boost|p1a: Terapagos|spd|1\n|\n|-fieldend|move: Psychic Terrain\n|upkeep\n|turn|12\n|\n|t:|1771248172\n|move|p2a: Netanyahu|Hyperspace Fury|p1a: Terapagos\n|-damage|p1a: Terapagos|0 fnt\n|-unboost|p2a: Netanyahu|def|1\n|faint|p1a: Terapagos\n|\n|-fieldend|move: Trick Room\n|upkeep\n|\n|t:|1771248176\n|switch|p1a: Dragonite|Dragonite, M|100/100\n|turn|13\n|\n|t:|1771248186\n|switch|p2a: Mimi|Mimikyu-Busted, F, shiny|76/100\n|-damage|p2a: Mimi|63/100|[from] Stealth Rock\n|move|p1a: Dragonite|Dragon Dance|p1a: Dragonite\n|-boost|p1a: Dragonite|atk|1\n|-boost|p1a: Dragonite|spe|1\n|\n|upkeep\n|turn|14\n|\n|t:|1771248191\n|move|p1a: Dragonite|Earthquake|p2a: Mimi\n|-damage|p2a: Mimi|17/100\n|move|p2a: Mimi|Trick Room|p2a: Mimi\n|-fieldstart|move: Trick Room|[of] p2a: Mimi\n|\n|upkeep\n|turn|15\n|\n|t:|1771248195\n|move|p2a: Mimi|Curse|p1a: Dragonite\n|-start|p1a: Dragonite|Curse|[of] p2a: Mimi\n|-damage|p2a: Mimi|0 fnt\n|faint|p2a: Mimi\n|move|p1a: Dragonite|Earthquake|p2: Mimi|[notarget]\n|-fail|p1a: Dragonite\n|\n|-damage|p1a: Dragonite|76/100|[from] Curse\n|upkeep\n|\n|t:|1771248204\n|switch|p2a: G.O.A.T|Iron Hands, shiny|100/100\n|-damage|p2a: G.O.A.T|94/100|[from] Stealth Rock\n|turn|16\n|\n|t:|1771248211\n|move|p2a: G.O.A.T|Ice Punch|p1a: Dragonite\n|-supereffective|p1a: Dragonite\n|-damage|p1a: Dragonite|0 fnt\n|faint|p1a: Dragonite\n|\n|upkeep\n|\n|t:|1771248214\n|switch|p1a: Volcarona|Volcarona, M|100/100\n|turn|17\n|\n|t:|1771248216\n|move|p2a: G.O.A.T|Supercell Slam|p1a: Volcarona\n|-damage|p1a: Volcarona|5/100\n|move|p1a: Volcarona|Flamethrower|p2a: G.O.A.T\n|-damage|p2a: G.O.A.T|70/100\n|\n|-heal|p1a: Volcarona|11/100|[from] item: Leftovers\n|upkeep\n|turn|18\n|c|☆tamsyy|well played indeed\n|-message|tamsyy forfeited.\n|\n|win|e6e\n|raw|tamsyy's rating: 1638 &rarr; <strong>1618</strong><br />(-20 for losing)\n|raw|e6e's rating: 1646 &rarr; <strong>1666</strong><br />(+20 for winning)\n|l|☆tamsyy\n|player|p1|\n|c|☆e6e|thx\n", "uploadtime": 1771248457, "views": 4, "formatid": "gen9nationaldex", "rating": 1618, "private": 0, "password": null}