{"id": "gen9nationaldex-2540229900", "format": "[Gen 9] National Dex", "players": ["des459yt", "Spectre Ace"], "log": "|j|☆des459yt\n|j|☆Spectre Ace\n|t:|1771178401\n|gametype|singles\n|player|p1|des459yt|1|1527\n|player|p2|Spectre Ace|169|1509\n|gen|9\n|tier|[Gen 9] National Dex\n|rated|\n|rule|HP Percentage Mod: HP is shown in percentages\n|rule|Endless Battle Clause: Forcing endless battles is banned\n|rule|Species Clause: Limit one of each Pokémon\n|rule|OHKO Clause: OHKO moves are banned\n|rule|Evasion Clause: Evasion abilities, items, and moves are banned\n|rule|Evasion Abilities Clause: Evasion abilities are banned\n|rule|Evasion Items Clause: Evasion items are banned\n|rule|Evasion Moves Clause: Evasion moves are banned\n|rule|Sleep Clause Mod: Limit one foe put to sleep\n|rule|Terastal Clause: You cannot Terastallize\n|clearpoke\n|poke|p1|Steelix, F|\n|poke|p1|Alomomola, F|\n|poke|p1|Kommo-o, F|\n|poke|p1|Weavile, M|\n|poke|p1|Moltres|\n|poke|p1|Tapu Bulu|\n|poke|p2|Tapu Koko|\n|poke|p2|Raichu-Alola, M|\n|poke|p2|Iron Valiant|\n|poke|p2|Landorus-Therian, M|\n|poke|p2|Slowking-Galar, M|\n|poke|p2|Ferrothorn, M|\n|teampreview\n|inactive|Battle timer is ON: inactive players will automatically lose when time's up. (requested by des459yt)\n|\n|t:|1771178416\n|teamsize|p1|6\n|teamsize|p2|6\n|start\n|switch|p1a: Steelix|Steelix, F|100/100\n|switch|p2a: Slowking|Slowking-Galar, M|100/100\n|turn|1\n|\n|t:|1771178421\n|switch|p2a: Landorus|Landorus-Therian, M|100/100\n|-ability|p2a: Landorus|Intimidate|boost\n|-unboost|p1a: Steelix|atk|1\n|detailschange|p1a: Steelix|Steelix-Mega, F\n|-mega|p1a: Steelix|Steelix|Steelixite\n|move|p1a: Steelix|Stealth Rock|p2a: Landorus\n|-sidestart|p2: Spectre Ace|move: Stealth Rock\n|\n|upkeep\n|turn|2\n|\n|t:|1771178425\n|switch|p1a: Alomomola|Alomomola, F|100/100\n|move|p2a: Landorus|Stealth Rock|p1a: Alomomola\n|-sidestart|p1: des459yt|move: Stealth Rock\n|\n|upkeep\n|turn|3\n|\n|t:|1771178429\n|move|p2a: Landorus|U-turn|p1a: Alomomola\n|-damage|p1a: Alomomola|90/100\n|\n|t:|1771178431\n|switch|p2a: Ferrothorn|Ferrothorn, M|100/100|[from] U-turn\n|-damage|p2a: Ferrothorn|94/100|[from] Stealth Rock\n|move|p1a: Alomomola|Flip Turn|p2a: Ferrothorn\n|-resisted|p2a: Ferrothorn\n|-damage|p2a: Ferrothorn|89/100\n|-damage|p1a: Alomomola|77/100|[from] ability: Iron Barbs|[of] p2a: Ferrothorn\n|\n|t:|1771178433\n|switch|p1a: Moltres|Moltres|100/100|[from] Flip Turn\n|\n|-heal|p2a: Ferrothorn|95/100|[from] item: Leftovers\n|upkeep\n|turn|4\n|\n|t:|1771178437\n|switch|p2a: Slowking|Slowking-Galar, M|100/100\n|move|p1a: Moltres|U-turn|p2a: Slowking\n|-damage|p2a: Slowking|86/100\n|\n|t:|1771178440\n|switch|p1a: Weavile|Weavile, M|100/100|[from] U-turn\n|-ability|p1a: Weavile|Pressure\n|\n|upkeep\n|turn|5\n|\n|t:|1771178444\n|move|p1a: Weavile|Knock Off|p2a: Slowking\n|-supereffective|p2a: Slowking\n|-damage|p2a: Slowking|0 fnt\n|-enditem|p2a: Slowking|Heavy-Duty Boots|[from] move: Knock Off|[of] p1a: Weavile\n|faint|p2a: Slowking\n|\n|upkeep\n|\n|t:|1771178447\n|switch|p2a: Iron Valiant|Iron Valiant|100/100\n|-damage|p2a: Iron Valiant|94/100|[from] Stealth Rock\n|turn|6\n|\n|t:|1771178456\n|switch|p1a: Moltres|Moltres|100/100\n|move|p2a: Iron Valiant|Swords Dance|p2a: Iron Valiant\n|-boost|p2a: Iron Valiant|atk|2\n|\n|upkeep\n|turn|7\n|\n|t:|1771178460\n|-zpower|p2a: Iron Valiant\n|move|p2a: Iron Valiant|Black Hole Eclipse|p1a: Moltres|[zeffect]\n|-damage|p1a: Moltres|25/100\n|move|p1a: Moltres|Mystical Fire|p2a: Iron Valiant\n|-damage|p2a: Iron Valiant|38/100\n|-unboost|p2a: Iron Valiant|spa|1\n|\n|upkeep\n|turn|8\n|\n|t:|1771178468\n|move|p2a: Iron Valiant|Knock Off|p1a: Moltres\n|-damage|p1a: Moltres|0 fnt\n|-status|p2a: Iron Valiant|brn|[from] ability: Flame Body|[of] p1a: Moltres\n|-enditem|p1a: Moltres|Heavy-Duty Boots|[from] move: Knock Off|[of] p2a: Iron Valiant\n|faint|p1a: Moltres\n|\n|-damage|p2a: Iron Valiant|32/100 brn|[from] brn\n|upkeep\n|\n|t:|1771178471\n|switch|p1a: Alomomola|Alomomola, F|100/100\n|turn|9\n|\n|t:|1771178474\n|move|p2a: Iron Valiant|Knock Off|p1a: Alomomola\n|-damage|p1a: Alomomola|84/100\n|-enditem|p1a: Alomomola|Heavy-Duty Boots|[from] move: Knock Off|[of] p2a: Iron Valiant\n|move|p1a: Alomomola|Wish|p1a: Alomomola\n|\n|-damage|p2a: Iron Valiant|25/100 brn|[from] brn\n|upkeep\n|turn|10\n|\n|t:|1771178478\n|move|p2a: Iron Valiant|Close Combat|p1a: Alomomola\n|-damage|p1a: Alomomola|50/100\n|-unboost|p2a: Iron Valiant|def|1\n|-unboost|p2a: Iron Valiant|spd|1\n|move|p1a: Alomomola|Flip Turn|p2a: Iron Valiant\n|-damage|p2a: Iron Valiant|0 fnt\n|faint|p2a: Iron Valiant\n|-end|p2a: Iron Valiant|Quark Drive|[silent]\n|\n|t:|1771178486\n|switch|p1a: Steelix|Steelix-Mega, F|100/100|[from] Flip Turn\n|-damage|p1a: Steelix|97/100|[from] Stealth Rock\n|\n|-heal|p1a: Steelix|100/100|[from] move: Wish|[wisher] Alomomola\n|upkeep\n|\n|t:|1771178489\n|switch|p2a: Ferrothorn|Ferrothorn, M|95/100\n|-damage|p2a: Ferrothorn|89/100|[from] Stealth Rock\n|turn|11\n|\n|t:|1771178503\n|switch|p1a: Tapu Bulu|Tapu Bulu|100/100\n|-damage|p1a: Tapu Bulu|88/100|[from] Stealth Rock\n|-fieldstart|move: Grassy Terrain|[from] ability: Grassy Surge|[of] p1a: Tapu Bulu\n|move|p2a: Ferrothorn|Spikes|p1a: Tapu Bulu\n|-sidestart|p1: des459yt|Spikes\n|\n|-heal|p1a: Tapu Bulu|94/100|[from] Grassy Terrain\n|-heal|p2a: Ferrothorn|95/100|[from] Grassy Terrain\n|-heal|p2a: Ferrothorn|100/100|[from] item: Leftovers\n|upkeep\n|turn|12\n|\n|t:|1771178509\n|switch|p2a: Tapu Koko|Tapu Koko|100/100\n|-fieldstart|move: Electric Terrain|[from] ability: Electric Surge|[of] p2a: Tapu Koko\n|move|p1a: Tapu Bulu|Superpower|p2a: Tapu Koko\n|-resisted|p2a: Tapu Koko\n|-damage|p2a: Tapu Koko|52/100\n|-unboost|p1a: Tapu Bulu|atk|1\n|-unboost|p1a: Tapu Bulu|def|1\n|\n|upkeep\n|turn|13\n|\n|t:|1771178512\n|switch|p1a: Steelix|Steelix-Mega, F|100/100\n|-damage|p1a: Steelix|97/100|[from] Stealth Rock\n|-damage|p1a: Steelix|85/100|[from] Spikes\n|move|p2a: Tapu Koko|U-turn|p1a: Steelix\n|-resisted|p1a: Steelix\n|-crit|p1a: Steelix\n|-damage|p1a: Steelix|79/100\n|\n|t:|1771178514\n|switch|p2a: Landorus|Landorus-Therian, M|100/100|[from] U-turn\n|-damage|p2a: Landorus|88/100|[from] Stealth Rock\n|-ability|p2a: Landorus|Intimidate|boost\n|-unboost|p1a: Steelix|atk|1\n|\n|upkeep\n|turn|14\n|\n|t:|1771178517\n|switch|p1a: Alomomola|Alomomola, F|84/100\n|-damage|p1a: Alomomola|71/100|[from] Stealth Rock\n|-damage|p1a: Alomomola|59/100|[from] Spikes\n|move|p2a: Landorus|Earthquake|p1a: Alomomola\n|-damage|p1a: Alomomola|32/100\n|\n|upkeep\n|turn|15\n|\n|t:|1771178521\n|move|p2a: Landorus|Earthquake|p1a: Alomomola\n|-damage|p1a: Alomomola|9/100\n|move|p1a: Alomomola|Wish|p1a: Alomomola\n|\n|upkeep\n|turn|16\n|\n|t:|1771178526\n|move|p1a: Alomomola|Protect|p1a: Alomomola\n|-singleturn|p1a: Alomomola|Protect\n|move|p2a: Landorus|Earthquake|p1a: Alomomola\n|-activate|p1a: Alomomola|move: Protect\n|\n|-heal|p1a: Alomomola|59/100|[from] move: Wish|[wisher] Alomomola\n|-fieldend|move: Electric Terrain\n|upkeep\n|turn|17\n|\n|t:|1771178528\n|move|p2a: Landorus|Earthquake|p1a: Alomomola\n|-damage|p1a: Alomomola|34/100\n|move|p1a: Alomomola|Wish|p1a: Alomomola\n|\n|upkeep\n|turn|18\n|\n|t:|1771178533\n|move|p2a: Landorus|Taunt|p1a: Alomomola\n|-start|p1a: Alomomola|move: Taunt\n|cant|p1a: Alomomola|move: Taunt|Wish\n|\n|-heal|p1a: Alomomola|84/100|[from] move: Wish|[wisher] Alomomola\n|upkeep\n|turn|19\n|\n|t:|1771178538\n|move|p2a: Landorus|U-turn|p1a: Alomomola\n|-damage|p1a: Alomomola|73/100\n|\n|t:|1771178540\n|switch|p2a: Tapu Koko|Tapu Koko|52/100|[from] U-turn\n|-fieldstart|move: Electric Terrain|[from] ability: Electric Surge|[of] p2a: Tapu Koko\n|move|p1a: Alomomola|Flip Turn|p2a: Tapu Koko\n|-damage|p2a: Tapu Koko|30/100\n|\n|t:|1771178550\n|switch|p1a: Tapu Bulu|Tapu Bulu|94/100|[from] Flip Turn\n|-damage|p1a: Tapu Bulu|82/100|[from] Stealth Rock\n|-damage|p1a: Tapu Bulu|70/100|[from] Spikes\n|-fieldstart|move: Grassy Terrain|[from] ability: Grassy Surge|[of] p1a: Tapu Bulu\n|\n|-heal|p2a: Tapu Koko|36/100|[from] Grassy Terrain\n|-heal|p1a: Tapu Bulu|76/100|[from] Grassy Terrain\n|upkeep\n|turn|20\n|\n|t:|1771178555\n|switch|p2a: Landorus|Landorus-Therian, M|88/100\n|-damage|p2a: Landorus|76/100|[from] Stealth Rock\n|-ability|p2a: Landorus|Intimidate|boost\n|-unboost|p1a: Tapu Bulu|atk|1\n|move|p1a: Tapu Bulu|Horn Leech|p2a: Landorus\n|-damage|p2a: Landorus|27/100\n|-heal|p1a: Tapu Bulu|100/100|[from] drain|[of] p2a: Landorus\n|-damage|p1a: Tapu Bulu|84/100|[from] item: Rocky Helmet|[of] p2a: Landorus\n|\n|-heal|p1a: Tapu Bulu|90/100|[from] Grassy Terrain\n|upkeep\n|turn|21\n|\n|t:|1771178558\n|move|p2a: Landorus|U-turn|p1a: Tapu Bulu\n|-damage|p1a: Tapu Bulu|66/100\n|\n|t:|1771178560\n|switch|p2a: Ferrothorn|Ferrothorn, M|100/100|[from] U-turn\n|-damage|p2a: Ferrothorn|94/100|[from] Stealth Rock\n|move|p1a: Tapu Bulu|Horn Leech|p2a: Ferrothorn\n|-resisted|p2a: Ferrothorn\n|-damage|p2a: Ferrothorn|85/100\n|-heal|p1a: Tapu Bulu|72/100|[from] drain|[of] p2a: Ferrothorn\n|-damage|p1a: Tapu Bulu|60/100|[from] ability: Iron Barbs|[of] p2a: Ferrothorn\n|\n|-heal|p1a: Tapu Bulu|66/100|[from] Grassy Terrain\n|-heal|p2a: Ferrothorn|91/100|[from] Grassy Terrain\n|-heal|p2a: Ferrothorn|97/100|[from] item: Leftovers\n|upkeep\n|turn|22\n|\n|t:|1771178564\n|switch|p1a: Kommo-o|Kommo-o, F|100/100\n|-damage|p1a: Kommo-o|94/100|[from] Stealth Rock\n|-damage|p1a: Kommo-o|82/100|[from] Spikes\n|move|p2a: Ferrothorn|Spikes|p1a: Kommo-o\n|-sidestart|p1: des459yt|Spikes\n|\n|-heal|p1a: Kommo-o|88/100|[from] Grassy Terrain\n|-heal|p2a: Ferrothorn|100/100|[from] Grassy Terrain\n|upkeep\n|turn|23\n|\n|t:|1771178569\n|switch|p2a: Tapu Koko|Tapu Koko|36/100\n|-fieldstart|move: Electric Terrain|[from] ability: Electric Surge|[of] p2a: Tapu Koko\n|-zpower|p1a: Kommo-o\n|move|p1a: Kommo-o|Clangorous Soulblaze|p2a: Tapu Koko|[zeffect]\n|-immune|p2a: Tapu Koko\n|\n|upkeep\n|turn|24\n|\n|t:|1771178575\n|move|p2a: Tapu Koko|Dazzling Gleam|p1a: Kommo-o\n|-supereffective|p1a: Kommo-o\n|-damage|p1a: Kommo-o|0 fnt\n|faint|p1a: Kommo-o\n|\n|upkeep\n|\n|t:|1771178578\n|switch|p1a: Tapu Bulu|Tapu Bulu|66/100\n|-damage|p1a: Tapu Bulu|53/100|[from] Stealth Rock\n|-damage|p1a: Tapu Bulu|37/100|[from] Spikes\n|-fieldstart|move: Grassy Terrain|[from] ability: Grassy Surge|[of] p1a: Tapu Bulu\n|turn|25\n|\n|t:|1771178582\n|move|p2a: Tapu Koko|U-turn|p1a: Tapu Bulu\n|-damage|p1a: Tapu Bulu|20/100\n|\n|t:|1771178584\n|switch|p2a: Landorus|Landorus-Therian, M|27/100|[from] U-turn\n|-damage|p2a: Landorus|15/100|[from] Stealth Rock\n|-ability|p2a: Landorus|Intimidate|boost\n|-unboost|p1a: Tapu Bulu|atk|1\n|move|p1a: Tapu Bulu|Superpower|p2a: Landorus\n|-resisted|p2a: Landorus\n|-damage|p2a: Landorus|0 fnt\n|-unboost|p1a: Tapu Bulu|atk|1\n|-unboost|p1a: Tapu Bulu|def|1\n|-damage|p1a: Tapu Bulu|4/100|[from] item: Rocky Helmet|[of] p2a: Landorus\n|faint|p2a: Landorus\n|\n|-heal|p1a: Tapu Bulu|10/100|[from] Grassy Terrain\n|upkeep\n|\n|t:|1771178586\n|switch|p2a: Tapu Koko|Tapu Koko|36/100\n|-fieldstart|move: Electric Terrain|[from] ability: Electric Surge|[of] p2a: Tapu Koko\n|turn|26\n|\n|t:|1771178590\n|switch|p1a: Steelix|Steelix-Mega, F|79/100\n|-damage|p1a: Steelix|76/100|[from] Stealth Rock\n|-damage|p1a: Steelix|59/100|[from] Spikes\n|move|p2a: Tapu Koko|U-turn|p1a: Steelix\n|-resisted|p1a: Steelix\n|-damage|p1a: Steelix|56/100\n|\n|t:|1771178592\n|switch|p2a: Raichu|Raichu-Alola, M, shiny|100/100|[from] U-turn\n|-damage|p2a: Raichu|88/100|[from] Stealth Rock\n|\n|upkeep\n|turn|27\n|\n|t:|1771178596\n|move|p2a: Raichu|Surf|p1a: Steelix\n|-supereffective|p1a: Steelix\n|-crit|p1a: Steelix\n|-damage|p1a: Steelix|0 fnt\n|faint|p1a: Steelix\n|detailschange|p1: Steelix|Steelix, F|[silent]\n|-damage|p2a: Raichu|78/100|[from] item: Life Orb\n|\n|upkeep\n|-message|des459yt forfeited.\n|\n|win|Spectre Ace\n|raw|des459yt's rating: 1527 &rarr; <strong>1506</strong><br />(-21 for losing)\n|raw|Spectre Ace's rating: 1509 &rarr; <strong>1530</strong><br />(+21 for winning)\n|l|☆des459yt\n|player|p1|\n", "uploadtime": 1771178769, "views": 7, "formatid": "gen9nationaldex", "rating": 1506, "private": 0, "password": null}