{"id": "gen9nationaldex-2540614718", "format": "[Gen 9] National Dex", "players": ["xiaojy", "Eatredbullking"], "log": "|j|☆xiaojy\n|j|☆Eatredbullking\n|t:|1771227626\n|gametype|singles\n|player|p1|xiaojy|nate|1525\n|player|p2|Eatredbullking|miku-flying|1536\n|gen|9\n|tier|[Gen 9] National Dex\n|rated|\n|rule|HP Percentage Mod: HP is shown in percentages\n|rule|Endless Battle Clause: Forcing endless battles is banned\n|rule|Species Clause: Limit one of each Pokémon\n|rule|OHKO Clause: OHKO moves are banned\n|rule|Evasion Clause: Evasion abilities, items, and moves are banned\n|rule|Evasion Abilities Clause: Evasion abilities are banned\n|rule|Evasion Items Clause: Evasion items are banned\n|rule|Evasion Moves Clause: Evasion moves are banned\n|rule|Sleep Clause Mod: Limit one foe put to sleep\n|rule|Terastal Clause: You cannot Terastallize\n|clearpoke\n|poke|p1|Zamazenta-*|\n|poke|p1|Zapdos|\n|poke|p1|Medicham, M|\n|poke|p1|Gholdengo|\n|poke|p1|Kingambit, M|\n|poke|p1|Volcarona, F|\n|poke|p2|Hydreigon, M|\n|poke|p2|Tapu Lele|\n|poke|p2|Urshifu-*, M|\n|poke|p2|Gholdengo|\n|poke|p2|Toxapex, F|\n|poke|p2|Landorus-Therian, M|\n|teampreview\n|inactive|Battle timer is ON: inactive players will automatically lose when time's up. (requested by xiaojy)\n|inactive|xiaojy has 120 seconds left.\n|\n|t:|1771227661\n|teamsize|p1|6\n|teamsize|p2|6\n|start\n|switch|p1a: 列缺霹雳，丘峦崩摧|Zapdos, shiny|100/100\n|switch|p2a: Tapu Lele|Tapu Lele, shiny|100/100\n|-fieldstart|move: Psychic Terrain|[from] ability: Psychic Surge|[of] p2a: Tapu Lele\n|turn|1\n|\n|t:|1771227670\n|switch|p1a: 黑云压城城欲摧，甲光向日金鳞开|Gholdengo, shiny|100/100\n|move|p2a: Tapu Lele|Psychic|p1a: 黑云压城城欲摧，甲光向日金鳞开\n|-resisted|p1a: 黑云压城城欲摧，甲光向日金鳞开\n|-damage|p1a: 黑云压城城欲摧，甲光向日金鳞开|75/100\n|\n|-heal|p1a: 黑云压城城欲摧，甲光向日金鳞开|81/100|[from] item: Leftovers\n|upkeep\n|turn|2\n|\n|t:|1771227678\n|switch|p2a: Landorus|Landorus-Therian, M|100/100\n|-ability|p2a: Landorus|Intimidate|boost\n|-unboost|p1a: 黑云压城城欲摧，甲光向日金鳞开|atk|1\n|move|p1a: 黑云压城城欲摧，甲光向日金鳞开|Make It Rain|p2a: Landorus\n|-crit|p2a: Landorus\n|-damage|p2a: Landorus|36/100\n|-unboost|p1a: 黑云压城城欲摧，甲光向日金鳞开|spa|1\n|\n|-heal|p1a: 黑云压城城欲摧，甲光向日金鳞开|87/100|[from] item: Leftovers\n|upkeep\n|turn|3\n|\n|t:|1771227693\n|switch|p1a: 列缺霹雳，丘峦崩摧|Zapdos, shiny|100/100\n|move|p2a: Landorus|Earthquake|p1a: 列缺霹雳，丘峦崩摧\n|-immune|p1a: 列缺霹雳，丘峦崩摧\n|\n|upkeep\n|turn|4\n|\n|t:|1771227698\n|switch|p2a: Toxapex|Toxapex, F, shiny|100/100\n|move|p1a: 列缺霹雳，丘峦崩摧|U-turn|p2a: Toxapex\n|-resisted|p2a: Toxapex\n|-damage|p2a: Toxapex|96/100\n|-damage|p1a: 列缺霹雳，丘峦崩摧|84/100|[from] item: Rocky Helmet|[of] p2a: Toxapex\n|\n|t:|1771227708\n|switch|p1a: Kingambit|Kingambit, M|100/100|[from] U-turn\n|\n|upkeep\n|turn|5\n|\n|t:|1771227710\n|move|p1a: Kingambit|Swords Dance|p1a: Kingambit\n|-boost|p1a: Kingambit|atk|2\n|move|p2a: Toxapex|Scald|p1a: Kingambit\n|-damage|p1a: Kingambit|86/100\n|\n|-fieldend|move: Psychic Terrain\n|upkeep\n|turn|6\n|\n|t:|1771227713\n|switch|p2a: Landorus|Landorus-Therian, M|36/100\n|-ability|p2a: Landorus|Intimidate|boost\n|-unboost|p1a: Kingambit|atk|1\n|move|p1a: Kingambit|Psycho Cut|p2a: Landorus\n|-damage|p2a: Landorus|0 fnt\n|faint|p2a: Landorus\n|\n|upkeep\n|\n|t:|1771227719\n|switch|p2a: Urshifu|Urshifu-Rapid-Strike, M|100/100\n|turn|7\n|\n|t:|1771227722\n|-end|p1a: Kingambit|fallenundefined|[silent]\n|switch|p1a: 列缺霹雳，丘峦崩摧|Zapdos, shiny|84/100\n|move|p2a: Urshifu|Surging Strikes|p1a: 列缺霹雳，丘峦崩摧\n|-crit|p1a: 列缺霹雳，丘峦崩摧\n|-damage|p1a: 列缺霹雳，丘峦崩摧|65/100\n|-crit|p1a: 列缺霹雳，丘峦崩摧\n|-damage|p1a: 列缺霹雳，丘峦崩摧|48/100\n|-crit|p1a: 列缺霹雳，丘峦崩摧\n|-damage|p1a: 列缺霹雳，丘峦崩摧|32/100\n|-hitcount|p1a: 列缺霹雳，丘峦崩摧|3\n|\n|upkeep\n|turn|8\n|\n|t:|1771227730\n|move|p2a: Urshifu|Surging Strikes|p1a: 列缺霹雳，丘峦崩摧\n|-crit|p1a: 列缺霹雳，丘峦崩摧\n|-damage|p1a: 列缺霹雳，丘峦崩摧|14/100\n|-crit|p1a: 列缺霹雳，丘峦崩摧\n|-damage|p1a: 列缺霹雳，丘峦崩摧|0 fnt\n|faint|p1a: 列缺霹雳，丘峦崩摧\n|-hitcount|p1: 列缺霹雳，丘峦崩摧|2\n|\n|upkeep\n|\n|t:|1771227737\n|switch|p1a: 黑云压城城欲摧，甲光向日金鳞开|Gholdengo, shiny|87/100\n|turn|9\n|\n|t:|1771227748\n|move|p2a: Urshifu|Surging Strikes|p1a: 黑云压城城欲摧，甲光向日金鳞开\n|-crit|p1a: 黑云压城城欲摧，甲光向日金鳞开\n|-damage|p1a: 黑云压城城欲摧，甲光向日金鳞开|68/100\n|-crit|p1a: 黑云压城城欲摧，甲光向日金鳞开\n|-damage|p1a: 黑云压城城欲摧，甲光向日金鳞开|52/100\n|-crit|p1a: 黑云压城城欲摧，甲光向日金鳞开\n|-damage|p1a: 黑云压城城欲摧，甲光向日金鳞开|35/100\n|-hitcount|p1a: 黑云压城城欲摧，甲光向日金鳞开|3\n|move|p1a: 黑云压城城欲摧，甲光向日金鳞开|Thunder Wave|p2a: Urshifu\n|-status|p2a: Urshifu|par\n|\n|-heal|p1a: 黑云压城城欲摧，甲光向日金鳞开|41/100|[from] item: Leftovers\n|upkeep\n|turn|10\n|\n|t:|1771227777\n|switch|p2a: Hydreigon|Hydreigon, M|100/100\n|move|p1a: 黑云压城城欲摧，甲光向日金鳞开|Recover|p1a: 黑云压城城欲摧，甲光向日金鳞开\n|-heal|p1a: 黑云压城城欲摧，甲光向日金鳞开|91/100\n|\n|-heal|p1a: 黑云压城城欲摧，甲光向日金鳞开|97/100|[from] item: Leftovers\n|upkeep\n|turn|11\n|\n|t:|1771227780\n|move|p2a: Hydreigon|Dark Pulse|p1a: 黑云压城城欲摧，甲光向日金鳞开\n|-supereffective|p1a: 黑云压城城欲摧，甲光向日金鳞开\n|-damage|p1a: 黑云压城城欲摧，甲光向日金鳞开|0 fnt\n|faint|p1a: 黑云压城城欲摧，甲光向日金鳞开\n|\n|upkeep\n|\n|t:|1771227784\n|switch|p1a: 力拔山兮气盖世|Medicham, M|100/100\n|turn|12\n|\n|t:|1771227792\n|detailschange|p1a: 力拔山兮气盖世|Medicham-Mega, M\n|-mega|p1a: 力拔山兮气盖世|Medicham|Medichamite\n|move|p2a: Hydreigon|Dark Pulse|p1a: 力拔山兮气盖世\n|-damage|p1a: 力拔山兮气盖世|17/100\n|cant|p1a: 力拔山兮气盖世|flinch\n|\n|upkeep\n|turn|13\n|inactive|xiaojy has 120 seconds left.\n|\n|t:|1771227825\n|switch|p2a: Tapu Lele|Tapu Lele, shiny|100/100\n|-fieldstart|move: Psychic Terrain|[from] ability: Psychic Surge|[of] p2a: Tapu Lele\n|switch|p1a: 缚龙铁甲盾 斩敌志在胸|Zamazenta, shiny|100/100\n|-ability|p1a: 缚龙铁甲盾 斩敌志在胸|Dauntless Shield|boost\n|-boost|p1a: 缚龙铁甲盾 斩敌志在胸|def|1\n|\n|upkeep\n|turn|14\n|\n|t:|1771227832\n|move|p2a: Tapu Lele|Psychic|p1a: 缚龙铁甲盾 斩敌志在胸\n|-supereffective|p1a: 缚龙铁甲盾 斩敌志在胸\n|-damage|p1a: 缚龙铁甲盾 斩敌志在胸|28/100\n|move|p1a: 缚龙铁甲盾 斩敌志在胸|Psychic Fangs|p2a: Tapu Lele\n|-resisted|p2a: Tapu Lele\n|-damage|p2a: Tapu Lele|72/100\n|\n|upkeep\n|turn|15\n|\n|t:|1771227839\n|switch|p2a: Hydreigon|Hydreigon, M|100/100\n|switch|p1a: Kingambit|Kingambit, M|86/100\n|-activate|p1a: Kingambit|ability: Supreme Overlord\n|-start|p1a: Kingambit|fallen2|[silent]\n|\n|upkeep\n|turn|16\n|\n|t:|1771227844\n|-end|p1a: Kingambit|fallen2|[silent]\n|switch|p1a: 力拔山兮气盖世|Medicham-Mega, M|17/100\n|move|p2a: Hydreigon|Fire Blast|p1a: 力拔山兮气盖世|[miss]\n|-miss|p2a: Hydreigon|p1a: 力拔山兮气盖世\n|\n|upkeep\n|turn|17\n|\n|t:|1771227848\n|move|p2a: Hydreigon|Fire Blast|p1a: 力拔山兮气盖世\n|-damage|p1a: 力拔山兮气盖世|0 fnt\n|faint|p1a: 力拔山兮气盖世\n|detailschange|p1: 力拔山兮气盖世|Medicham, M|[silent]\n|\n|-fieldend|move: Psychic Terrain\n|upkeep\n|\n|t:|1771227854\n|switch|p1a: Volcarona|Volcarona, F|100/100\n|turn|18\n|\n|t:|1771227858\n|switch|p2a: Toxapex|Toxapex, F, shiny|100/100\n|move|p1a: Volcarona|Substitute|p1a: Volcarona\n|-start|p1a: Volcarona|Substitute\n|-damage|p1a: Volcarona|76/100\n|\n|upkeep\n|turn|19\n|\n|t:|1771227861\n|move|p1a: Volcarona|Quiver Dance|p1a: Volcarona\n|-boost|p1a: Volcarona|spa|1\n|-boost|p1a: Volcarona|spd|1\n|-boost|p1a: Volcarona|spe|1\n|move|p2a: Toxapex|Haze|p2a: Toxapex\n|-clearallboost\n|\n|upkeep\n|turn|20\n|\n|t:|1771227868\n|switch|p1a: 缚龙铁甲盾 斩敌志在胸|Zamazenta, shiny|28/100\n|move|p2a: Toxapex|Haze|p2a: Toxapex\n|-clearallboost\n|\n|upkeep\n|turn|21\n|\n|t:|1771227870\n|move|p1a: 缚龙铁甲盾 斩敌志在胸|Psychic Fangs|p2a: Toxapex\n|-supereffective|p2a: Toxapex\n|-damage|p2a: Toxapex|58/100\n|-damage|p1a: 缚龙铁甲盾 斩敌志在胸|11/100|[from] item: Rocky Helmet|[of] p2a: Toxapex\n|move|p2a: Toxapex|Scald|p1a: 缚龙铁甲盾 斩敌志在胸\n|-damage|p1a: 缚龙铁甲盾 斩敌志在胸|1/100\n|\n|upkeep\n|turn|22\n|\n|t:|1771227879\n|switch|p2a: Hydreigon|Hydreigon, M|100/100\n|move|p1a: 缚龙铁甲盾 斩敌志在胸|Stone Edge|p2a: Hydreigon|[miss]\n|-miss|p1a: 缚龙铁甲盾 斩敌志在胸|p2a: Hydreigon\n|\n|upkeep\n|turn|23\n|\n|t:|1771227886\n|move|p1a: 缚龙铁甲盾 斩敌志在胸|Stone Edge|p2a: Hydreigon|[miss]\n|-miss|p1a: 缚龙铁甲盾 斩敌志在胸|p2a: Hydreigon\n|move|p2a: Hydreigon|Earth Power|p1a: 缚龙铁甲盾 斩敌志在胸\n|-damage|p1a: 缚龙铁甲盾 斩敌志在胸|0 fnt\n|faint|p1a: 缚龙铁甲盾 斩敌志在胸\n|\n|upkeep\n|\n|t:|1771227897\n|switch|p1a: Volcarona|Volcarona, F|76/100\n|turn|24\n|\n|t:|1771227900\n|move|p1a: Volcarona|Quiver Dance|p1a: Volcarona\n|-boost|p1a: Volcarona|spa|1\n|-boost|p1a: Volcarona|spd|1\n|-boost|p1a: Volcarona|spe|1\n|move|p2a: Hydreigon|Earth Power|p1a: Volcarona\n|-damage|p1a: Volcarona|44/100\n|\n|upkeep\n|turn|25\n|\n|t:|1771227907\n|move|p1a: Volcarona|Quiver Dance|p1a: Volcarona\n|-boost|p1a: Volcarona|spa|1\n|-boost|p1a: Volcarona|spd|1\n|-boost|p1a: Volcarona|spe|1\n|move|p2a: Hydreigon|Earth Power|p1a: Volcarona\n|-damage|p1a: Volcarona|19/100\n|\n|upkeep\n|turn|26\n|\n|t:|1771227921\n|move|p1a: Volcarona|Bug Buzz|p2a: Hydreigon\n|-supereffective|p2a: Hydreigon\n|-damage|p2a: Hydreigon|0 fnt\n|faint|p2a: Hydreigon\n|\n|upkeep\n|\n|t:|1771227924\n|switch|p2a: Urshifu|Urshifu-Rapid-Strike, M|100/100 par\n|turn|27\n|\n|t:|1771227937\n|move|p2a: Urshifu|Aqua Jet|p1a: Volcarona\n|-supereffective|p1a: Volcarona\n|-damage|p1a: Volcarona|0 fnt\n|faint|p1a: Volcarona\n|\n|upkeep\n|\n|t:|1771227943\n|switch|p1a: Kingambit|Kingambit, M|86/100\n|-activate|p1a: Kingambit|ability: Supreme Overlord\n|-start|p1a: Kingambit|fallen5|[silent]\n|turn|28\n|\n|t:|1771227945\n|cant|p2a: Urshifu|par\n|move|p1a: Kingambit|Swords Dance|p1a: Kingambit\n|-boost|p1a: Kingambit|atk|2\n|\n|upkeep\n|turn|29\n|\n|t:|1771227947\n|move|p2a: Urshifu|Close Combat|p1a: Kingambit\n|-supereffective|p1a: Kingambit\n|-damage|p1a: Kingambit|0 fnt\n|-unboost|p2a: Urshifu|def|1\n|-unboost|p2a: Urshifu|spd|1\n|faint|p1a: Kingambit\n|-end|p1a: Kingambit|fallen5|[silent]\n|\n|win|Eatredbullking\n|raw|xiaojy's rating: 1525 &rarr; <strong>1506</strong><br />(-19 for losing)\n|raw|Eatredbullking's rating: 1536 &rarr; <strong>1555</strong><br />(+19 for winning)\n|l|☆Eatredbullking\n|player|p2|\n|l|☆xiaojy\n|player|p1|\n", "uploadtime": 1771228341, "views": 13, "formatid": "gen9nationaldex", "rating": 1506, "private": 0, "password": null}