{"id": "gen9nationaldex-2540573100", "format": "[Gen 9] National Dex", "players": ["djalil le w7ch", "Rootkitlo"], "log": "|j|☆djalil le w7ch\n|j|☆Rootkitlo\n|t:|1771220134\n|gametype|singles\n|player|p1|djalil le w7ch|266|1622\n|player|p2|Rootkitlo|cynthia-gen4|1612\n|gen|9\n|tier|[Gen 9] National Dex\n|rated|\n|rule|HP Percentage Mod: HP is shown in percentages\n|rule|Endless Battle Clause: Forcing endless battles is banned\n|rule|Species Clause: Limit one of each Pokémon\n|rule|OHKO Clause: OHKO moves are banned\n|rule|Evasion Clause: Evasion abilities, items, and moves are banned\n|rule|Evasion Abilities Clause: Evasion abilities are banned\n|rule|Evasion Items Clause: Evasion items are banned\n|rule|Evasion Moves Clause: Evasion moves are banned\n|rule|Sleep Clause Mod: Limit one foe put to sleep\n|rule|Terastal Clause: You cannot Terastallize\n|clearpoke\n|poke|p1|Alomomola, F|\n|poke|p1|Raging Bolt|\n|poke|p1|Lopunny, F|\n|poke|p1|Landorus-Therian, M|\n|poke|p1|Hatterene, F|\n|poke|p1|Kartana|\n|poke|p2|Landorus-Therian, M|\n|poke|p2|Zapdos|\n|poke|p2|Kingambit, F|\n|poke|p2|Toxapex, F|\n|poke|p2|Zamazenta-*|\n|poke|p2|Kartana|\n|teampreview\n|\n|t:|1771220143\n|teamsize|p1|6\n|teamsize|p2|6\n|start\n|switch|p1a: Landorus|Landorus-Therian, M|100/100\n|switch|p2a: Landorus|Landorus-Therian, M|100/100\n|-ability|p1a: Landorus|Intimidate|boost\n|-unboost|p2a: Landorus|atk|1\n|-ability|p2a: Landorus|Intimidate|boost\n|-unboost|p1a: Landorus|atk|1\n|turn|1\n|\n|t:|1771220151\n|move|p1a: Landorus|U-turn|p2a: Landorus\n|-resisted|p2a: Landorus\n|-damage|p2a: Landorus|96/100\n|\n|t:|1771220157\n|switch|p1a: Hatterene|Hatterene, F|100/100|[from] U-turn\n|move|p2a: Landorus|Stealth Rock|p1a: Hatterene\n|move|p1a: Hatterene|Stealth Rock|p2a: Landorus|[from] ability: Magic Bounce\n|-sidestart|p2: Rootkitlo|move: Stealth Rock\n|\n|-heal|p2a: Landorus|100/100|[from] item: Leftovers\n|upkeep\n|turn|2\n|\n|t:|1771220165\n|switch|p1a: Alomomola|Alomomola, F|100/100\n|move|p2a: Landorus|Earthquake|p1a: Alomomola\n|-damage|p1a: Alomomola|81/100\n|\n|upkeep\n|turn|3\n|\n|t:|1771220170\n|move|p2a: Landorus|Toxic|p1a: Alomomola\n|-status|p1a: Alomomola|tox\n|move|p1a: Alomomola|Scald|p2a: Landorus\n|-supereffective|p2a: Landorus\n|-damage|p2a: Landorus|72/100\n|-status|p2a: Landorus|brn\n|\n|-heal|p2a: Landorus|78/100 brn|[from] item: Leftovers\n|-damage|p1a: Alomomola|75/100 tox|[from] psn\n|-damage|p2a: Landorus|72/100 brn|[from] brn\n|upkeep\n|turn|4\n|\n|t:|1771220174\n|move|p2a: Landorus|U-turn|p1a: Alomomola\n|-damage|p1a: Alomomola|70/100 tox\n|\n|t:|1771220176\n|switch|p2a: Zapdos|Zapdos|100/100|[from] U-turn\n|move|p1a: Alomomola|Flip Turn|p2a: Zapdos\n|-damage|p2a: Zapdos|87/100\n|\n|t:|1771220183\n|switch|p1a: Raging Bolt|Raging Bolt|100/100|[from] Flip Turn\n|\n|upkeep\n|turn|5\n|\n|t:|1771220190\n|move|p1a: Raging Bolt|Calm Mind|p1a: Raging Bolt\n|-boost|p1a: Raging Bolt|spa|1\n|-boost|p1a: Raging Bolt|spd|1\n|move|p2a: Zapdos|Defog|p1a: Raging Bolt\n|-unboost|p1a: Raging Bolt|evasion|1\n|-sideend|p2: Rootkitlo|Stealth Rock|[from] move: Defog|[of] p2a: Zapdos\n|\n|upkeep\n|turn|6\n|\n|t:|1771220198\n|switch|p2a: Landorus|Landorus-Therian, M|72/100 brn\n|-ability|p2a: Landorus|Intimidate|boost\n|-unboost|p1a: Raging Bolt|atk|1\n|move|p1a: Raging Bolt|Dragon Pulse|p2a: Landorus\n|-damage|p2a: Landorus|0 fnt\n|faint|p2a: Landorus\n|\n|upkeep\n|\n|t:|1771220205\n|switch|p2a: Kingambit|Kingambit, F|100/100\n|-activate|p2a: Kingambit|ability: Supreme Overlord\n|-start|p2a: Kingambit|fallen1|[silent]\n|turn|7\n|\n|t:|1771220209\n|move|p1a: Raging Bolt|Thunderbolt|p2a: Kingambit\n|-damage|p2a: Kingambit|6/100\n|move|p2a: Kingambit|Knock Off|p1a: Raging Bolt\n|-damage|p1a: Raging Bolt|64/100\n|\n|-heal|p2a: Kingambit|13/100|[from] item: Leftovers\n|upkeep\n|turn|8\n|\n|t:|1771220217\n|-end|p2a: Kingambit|fallen1|[silent]\n|switch|p2a: Zapdos|Zapdos|87/100\n|move|p1a: Raging Bolt|Thunderbolt|p2a: Zapdos\n|-damage|p2a: Zapdos|16/100\n|\n|upkeep\n|turn|9\n|\n|t:|1771220223\n|move|p1a: Raging Bolt|Thunderbolt|p2a: Zapdos\n|-damage|p2a: Zapdos|0 fnt\n|faint|p2a: Zapdos\n|\n|upkeep\n|\n|t:|1771220226\n|switch|p2a: Zamazenta|Zamazenta|100/100\n|-ability|p2a: Zamazenta|Dauntless Shield|boost\n|-boost|p2a: Zamazenta|def|1\n|turn|10\n|\n|t:|1771220230\n|move|p2a: Zamazenta|Body Press|p1a: Raging Bolt\n|-damage|p1a: Raging Bolt|6/100\n|-zpower|p1a: Raging Bolt\n|move|p1a: Raging Bolt|Devastating Drake|p2a: Zamazenta|[zeffect]\n|-damage|p2a: Zamazenta|0 fnt\n|faint|p2a: Zamazenta\n|\n|upkeep\n|-message|Rootkitlo forfeited.\n|\n|win|djalil le w7ch\n|raw|djalil le w7ch's rating: 1622 &rarr; <strong>1641</strong><br />(+19 for winning)\n|raw|Rootkitlo's rating: 1612 &rarr; <strong>1593</strong><br />(-19 for losing)\n|l|☆Rootkitlo\n|player|p2|\n|l|☆djalil le w7ch\n|player|p1|\n", "uploadtime": 1771220485, "views": 8, "formatid": "gen9nationaldex", "rating": 1593, "private": 0, "password": null}