{"id": "gen9nationaldex-2540599792", "format": "[Gen 9] National Dex", "players": ["riderzitto5", "WangShixiong"], "log": "|j|☆riderzitto5\n|j|‽WangShixiong\n|t:|1771224791\n|gametype|singles\n|player|p1|riderzitto5|petrel|1746\n|player|p2|WangShixiong|cynthia-gen4|1826\n|gen|9\n|tier|[Gen 9] National Dex\n|rated|\n|rule|HP Percentage Mod: HP is shown in percentages\n|rule|Endless Battle Clause: Forcing endless battles is banned\n|rule|Species Clause: Limit one of each Pokémon\n|rule|OHKO Clause: OHKO moves are banned\n|rule|Evasion Clause: Evasion abilities, items, and moves are banned\n|rule|Evasion Abilities Clause: Evasion abilities are banned\n|rule|Evasion Items Clause: Evasion items are banned\n|rule|Evasion Moves Clause: Evasion moves are banned\n|rule|Sleep Clause Mod: Limit one foe put to sleep\n|rule|Terastal Clause: You cannot Terastallize\n|clearpoke\n|poke|p1|Chansey, F|\n|poke|p1|Toxapex, F|\n|poke|p1|Gliscor, F|\n|poke|p1|Clodsire, M|\n|poke|p1|Dondozo, F|\n|poke|p1|Sableye, M|\n|poke|p2|Zamazenta-*|\n|poke|p2|Kingambit, F|\n|poke|p2|Ceruledge, F|\n|poke|p2|Landorus-Therian, M|\n|poke|p2|Diancie|\n|poke|p2|Ogerpon-Wellspring, F|\n|teampreview\n|inactive|Battle timer is ON: inactive players will automatically lose when time's up. (requested by WangShixiong)\n|c|☆riderzitto5|nihao\n|\n|t:|1771224805\n|teamsize|p1|6\n|teamsize|p2|6\n|start\n|switch|p1a: Poison|Gliscor, F, shiny|100/100\n|switch|p2a: Diancie|Diancie, shiny|100/100\n|turn|1\n|c|☆riderzitto5|xiongdi\n|\n|t:|1771224812\n|switch|p2a: Landorus|Landorus-Therian, M|100/100\n|-ability|p2a: Landorus|Intimidate|boost\n|-unboost|p1a: Poison|atk|1\n|move|p1a: Poison|Protect||[still]\n|-fail|p1a: Poison\n|\n|-status|p1a: Poison|tox|[from] item: Toxic Orb\n|upkeep\n|turn|2\n|\n|t:|1771224815\n|move|p2a: Landorus|Taunt|p1a: Poison\n|-start|p1a: Poison|move: Taunt\n|move|p1a: Poison|Knock Off|p2a: Landorus\n|-damage|p2a: Landorus|86/100\n|-enditem|p2a: Landorus|Custap Berry|[from] move: Knock Off|[of] p1a: Poison\n|\n|upkeep\n|turn|3\n|\n|t:|1771224819\n|move|p2a: Landorus|Stealth Rock|p1a: Poison\n|-sidestart|p1: riderzitto5|move: Stealth Rock\n|move|p1a: Poison|Knock Off|p2a: Landorus\n|-damage|p2a: Landorus|76/100\n|\n|upkeep\n|turn|4\n|\n|t:|1771224828\n|switch|p2a: Diancie|Diancie, shiny|100/100\n|move|p1a: Poison|Knock Off|p2a: Diancie\n|-resisted|p2a: Diancie\n|-damage|p2a: Diancie|95/100\n|\n|-end|p1a: Poison|move: Taunt\n|upkeep\n|turn|5\n|\n|t:|1771224831\n|detailschange|p2a: Diancie|Diancie-Mega, shiny\n|-mega|p2a: Diancie|Diancie|Diancite\n|move|p2a: Diancie|Moonblast|p1a: Poison\n|-damage|p1a: Poison|48/100 tox\n|move|p1a: Poison|Defog|p2a: Diancie\n|move|p2a: Diancie|Defog|p1a: Poison|[from] ability: Magic Bounce\n|-unboost|p1a: Poison|evasion|1\n|-sideend|p1: riderzitto5|Stealth Rock|[from] move: Defog|[of] p2a: Diancie\n|\n|-heal|p1a: Poison|61/100 tox|[from] ability: Poison Heal\n|upkeep\n|turn|6\n|\n|t:|1771224836\n|switch|p2a: Landorus|Landorus-Therian, M|76/100\n|-ability|p2a: Landorus|Intimidate|boost\n|-unboost|p1a: Poison|atk|1\n|move|p1a: Poison|Protect||[still]\n|-fail|p1a: Poison\n|\n|-heal|p1a: Poison|73/100 tox|[from] ability: Poison Heal\n|upkeep\n|turn|7\n|\n|t:|1771224840\n|switch|p1a: Timid|Sableye, M, shiny|100/100\n|move|p2a: Landorus|Taunt|p1a: Timid\n|-start|p1a: Timid|move: Taunt\n|\n|upkeep\n|turn|8\n|\n|t:|1771224845\n|switch|p2a: Diancie|Diancie-Mega, shiny|95/100\n|detailschange|p1a: Timid|Sableye-Mega, M, shiny\n|-mega|p1a: Timid|Sableye|Sablenite\n|move|p1a: Timid|Knock Off|p2a: Diancie\n|-resisted|p2a: Diancie\n|-damage|p2a: Diancie|81/100\n|\n|upkeep\n|turn|9\n|\n|t:|1771224851\n|switch|p2a: Landorus|Landorus-Therian, M|76/100\n|-ability|p2a: Landorus|Intimidate|boost\n|-unboost|p1a: Timid|atk|1\n|switch|p1a: hehhehe|Clodsire, M, shiny|100/100\n|\n|upkeep\n|turn|10\n|\n|t:|1771224855\n|switch|p2a: Diancie|Diancie-Mega, shiny|81/100\n|switch|p1a: Timid|Sableye-Mega, M, shiny|100/100\n|\n|upkeep\n|turn|11\n|\n|t:|1771224858\n|switch|p2a: Landorus|Landorus-Therian, M|76/100\n|-ability|p2a: Landorus|Intimidate|boost\n|-unboost|p1a: Timid|atk|1\n|switch|p1a: hehhehe|Clodsire, M, shiny|100/100\n|\n|upkeep\n|turn|12\n|\n|t:|1771224862\n|switch|p1a: Timid|Sableye-Mega, M, shiny|100/100\n|move|p2a: Landorus|Earthquake|p1a: Timid\n|-damage|p1a: Timid|66/100\n|\n|upkeep\n|turn|13\n|\n|t:|1771224866\n|move|p2a: Landorus|Earthquake|p1a: Timid\n|-damage|p1a: Timid|30/100\n|move|p1a: Timid|Recover|p1a: Timid\n|-heal|p1a: Timid|80/100\n|\n|upkeep\n|turn|14\n|\n|t:|1771224870\n|switch|p2a: Diancie|Diancie-Mega, shiny|81/100\n|switch|p1a: Poison|Gliscor, F, shiny|73/100 tox\n|\n|-heal|p1a: Poison|86/100 tox|[from] ability: Poison Heal\n|upkeep\n|turn|15\n|\n|t:|1771224874\n|switch|p2a: Landorus|Landorus-Therian, M|76/100\n|-ability|p2a: Landorus|Intimidate|boost\n|-unboost|p1a: Poison|atk|1\n|move|p1a: Poison|Protect||[still]\n|-fail|p1a: Poison\n|\n|-heal|p1a: Poison|98/100 tox|[from] ability: Poison Heal\n|upkeep\n|turn|16\n|\n|t:|1771224878\n|switch|p2a: Diancie|Diancie-Mega, shiny|81/100\n|switch|p1a: Timid|Sableye-Mega, M, shiny|80/100\n|\n|upkeep\n|turn|17\n|\n|t:|1771224886\n|switch|p2a: Landorus|Landorus-Therian, M|76/100\n|-ability|p2a: Landorus|Intimidate|boost\n|-unboost|p1a: Timid|atk|1\n|switch|p1a: EggChan|Chansey, F, shiny|100/100\n|\n|upkeep\n|turn|18\n|\n|t:|1771224889\n|switch|p2a: Diancie|Diancie-Mega, shiny|81/100\n|move|p1a: EggChan|Toxic|p2a: Diancie\n|move|p2a: Diancie|Toxic|p1a: EggChan|[from] ability: Magic Bounce\n|-status|p1a: EggChan|tox\n|\n|-damage|p1a: EggChan|94/100 tox|[from] psn\n|upkeep\n|turn|19\n|\n|t:|1771224894\n|move|p2a: Diancie|Earth Power|p1a: EggChan\n|-damage|p1a: EggChan|84/100 tox\n|move|p1a: EggChan|Wish|p1a: EggChan\n|\n|-damage|p1a: EggChan|72/100 tox|[from] psn\n|upkeep\n|turn|20\n|\n|t:|1771224898\n|switch|p2a: Landorus|Landorus-Therian, M|76/100\n|-ability|p2a: Landorus|Intimidate|boost\n|-unboost|p1a: EggChan|atk|1\n|move|p1a: EggChan|Seismic Toss|p2a: Landorus\n|-damage|p2a: Landorus|47/100\n|\n|-heal|p1a: EggChan|100/100 tox|[from] move: Wish|[wisher] EggChan\n|-damage|p1a: EggChan|82/100 tox|[from] psn\n|upkeep\n|turn|21\n|\n|t:|1771224901\n|-curestatus|p1a: EggChan|tox|[from] ability: Natural Cure\n|switch|p1a: Timid|Sableye-Mega, M, shiny|80/100\n|move|p2a: Landorus|Earthquake|p1a: Timid\n|-damage|p1a: Timid|48/100\n|\n|upkeep\n|turn|22\n|\n|t:|1771224906\n|move|p2a: Landorus|Earthquake|p1a: Timid\n|-damage|p1a: Timid|14/100\n|move|p1a: Timid|Recover|p1a: Timid\n|-heal|p1a: Timid|65/100\n|\n|upkeep\n|turn|23\n|\n|t:|1771224908\n|move|p2a: Landorus|Earthquake|p1a: Timid\n|-damage|p1a: Timid|32/100\n|move|p1a: Timid|Will-O-Wisp|p2a: Landorus\n|-status|p2a: Landorus|brn\n|\n|-damage|p2a: Landorus|41/100 brn|[from] brn\n|upkeep\n|turn|24\n|\n|t:|1771224913\n|switch|p2a: Diancie|Diancie-Mega, shiny|81/100\n|move|p1a: Timid|Recover|p1a: Timid\n|-heal|p1a: Timid|82/100\n|\n|upkeep\n|turn|25\n|\n|t:|1771224921\n|switch|p2a: Kingambit|Kingambit, F|100/100\n|-item|p2a: Kingambit|Air Balloon\n|move|p1a: Timid|Protect||[still]\n|-fail|p1a: Timid\n|\n|upkeep\n|turn|26\n|\n|t:|1771224925\n|-end|p2a: Kingambit|fallenundefined|[silent]\n|switch|p2a: Diancie|Diancie-Mega, shiny|81/100\n|move|p1a: Timid|Will-O-Wisp|p2a: Diancie\n|move|p2a: Diancie|Will-O-Wisp|p1a: Timid|[from] ability: Magic Bounce\n|-status|p1a: Timid|brn\n|\n|-damage|p1a: Timid|76/100 brn|[from] brn\n|upkeep\n|turn|27\n|\n|t:|1771224929\n|switch|p2a: Kingambit|Kingambit, F|100/100\n|-item|p2a: Kingambit|Air Balloon\n|switch|p1a: hehhehe|Clodsire, M, shiny|100/100\n|\n|upkeep\n|turn|28\n|\n|t:|1771224934\n|switch|p1a: Poison|Gliscor, F, shiny|98/100 tox\n|move|p2a: Kingambit|Knock Off|p1a: Poison\n|-damage|p1a: Poison|51/100 tox\n|-enditem|p1a: Poison|Toxic Orb|[from] move: Knock Off|[of] p2a: Kingambit\n|\n|-heal|p1a: Poison|64/100 tox|[from] ability: Poison Heal\n|upkeep\n|turn|29\n|\n|t:|1771224939\n|-end|p2a: Kingambit|fallenundefined|[silent]\n|switch|p2a: Diancie|Diancie-Mega, shiny|81/100\n|move|p1a: Poison|Protect||[still]\n|-fail|p1a: Poison\n|\n|-heal|p1a: Poison|76/100 tox|[from] ability: Poison Heal\n|upkeep\n|turn|30\n|\n|t:|1771224942\n|move|p1a: Poison|Protect|p1a: Poison\n|-singleturn|p1a: Poison|Protect\n|move|p2a: Diancie|Moonblast|p1a: Poison\n|-activate|p1a: Poison|move: Protect\n|\n|-heal|p1a: Poison|89/100 tox|[from] ability: Poison Heal\n|upkeep\n|turn|31\n|\n|t:|1771224946\n|switch|p1a: hehhehe|Clodsire, M, shiny|100/100\n|move|p2a: Diancie|Diamond Storm|p1a: hehhehe\n|-resisted|p1a: hehhehe\n|-crit|p1a: hehhehe\n|-damage|p1a: hehhehe|57/100\n|-boost|p2a: Diancie|def|2\n|\n|-heal|p1a: hehhehe|63/100|[from] item: Black Sludge\n|upkeep\n|turn|32\n|\n|t:|1771224952\n|switch|p2a: Kingambit|Kingambit, F|100/100\n|-item|p2a: Kingambit|Air Balloon\n|move|p1a: hehhehe|Recover|p1a: hehhehe\n|-heal|p1a: hehhehe|100/100\n|\n|upkeep\n|turn|33\n|\n|t:|1771224958\n|switch|p1a: Poison|Gliscor, F, shiny|89/100 tox\n|move|p2a: Kingambit|Knock Off|p1a: Poison\n|-damage|p1a: Poison|60/100 tox\n|\n|-heal|p1a: Poison|72/100 tox|[from] ability: Poison Heal\n|upkeep\n|turn|34\n|\n|t:|1771224963\n|-end|p2a: Kingambit|fallenundefined|[silent]\n|switch|p2a: Diancie|Diancie-Mega, shiny|81/100\n|move|p1a: Poison|Knock Off|p2a: Diancie\n|-resisted|p2a: Diancie\n|-damage|p2a: Diancie|71/100\n|\n|-heal|p1a: Poison|85/100 tox|[from] ability: Poison Heal\n|upkeep\n|turn|35\n|\n|t:|1771224968\n|move|p1a: Poison|Protect|p1a: Poison\n|-singleturn|p1a: Poison|Protect\n|move|p2a: Diancie|Earth Power|p1a: Poison\n|-activate|p1a: Poison|move: Protect\n|\n|-heal|p1a: Poison|97/100 tox|[from] ability: Poison Heal\n|upkeep\n|turn|36\n|\n|t:|1771224973\n|switch|p1a: hehhehe|Clodsire, M, shiny|100/100\n|move|p2a: Diancie|Diamond Storm|p1a: hehhehe\n|-resisted|p1a: hehhehe\n|-damage|p1a: hehhehe|72/100\n|\n|-heal|p1a: hehhehe|78/100|[from] item: Black Sludge\n|upkeep\n|turn|37\n|\n|t:|1771224979\n|switch|p2a: Kingambit|Kingambit, F|100/100\n|-item|p2a: Kingambit|Air Balloon\n|move|p1a: hehhehe|Stealth Rock|p2a: Kingambit\n|-sidestart|p2: WangShixiong|move: Stealth Rock\n|\n|-heal|p1a: hehhehe|85/100|[from] item: Black Sludge\n|upkeep\n|turn|38\n|\n|t:|1771224985\n|switch|p1a: Poison|Gliscor, F, shiny|97/100 tox\n|move|p2a: Kingambit|Swords Dance|p2a: Kingambit\n|-boost|p2a: Kingambit|atk|2\n|\n|-heal|p1a: Poison|100/100 tox|[from] ability: Poison Heal\n|upkeep\n|turn|39\n|\n|t:|1771224990\n|move|p1a: Poison|Protect|p1a: Poison\n|-singleturn|p1a: Poison|Protect\n|move|p2a: Kingambit|Iron Head|p1a: Poison\n|-activate|p1a: Poison|move: Protect\n|\n|upkeep\n|turn|40\n|\n|t:|1771224994\n|switch|p1a: Fish|Dondozo, F, shiny|100/100\n|move|p2a: Kingambit|Knock Off|p1a: Fish\n|-damage|p1a: Fish|75/100\n|-enditem|p1a: Fish|Leftovers|[from] move: Knock Off|[of] p2a: Kingambit\n|\n|upkeep\n|turn|41\n|\n|t:|1771224998\n|move|p2a: Kingambit|Iron Head|p1a: Fish\n|-resisted|p1a: Fish\n|-damage|p1a: Fish|64/100\n|move|p1a: Fish|Waterfall|p2a: Kingambit\n|-damage|p2a: Kingambit|77/100\n|-enditem|p2a: Kingambit|Air Balloon\n|\n|upkeep\n|turn|42\n|\n|t:|1771225001\n|move|p2a: Kingambit|Knock Off|p1a: Fish\n|-damage|p1a: Fish|47/100\n|move|p1a: Fish|Waterfall|p2a: Kingambit\n|-damage|p2a: Kingambit|56/100\n|\n|upkeep\n|turn|43\n|\n|t:|1771225003\n|-end|p2a: Kingambit|fallenundefined|[silent]\n|switch|p2a: Ogerpon|Ogerpon-Wellspring, F|100/100\n|-damage|p2a: Ogerpon|88/100|[from] Stealth Rock\n|move|p1a: Fish|Rest|p1a: Fish\n|-status|p1a: Fish|slp|[from] move: Rest\n|-heal|p1a: Fish|100/100 slp|[silent]\n|\n|upkeep\n|turn|44\n|\n|t:|1771225007\n|switch|p1a: ThePex|Toxapex, F, shiny|100/100\n|move|p2a: Ogerpon|Swords Dance|p2a: Ogerpon\n|-boost|p2a: Ogerpon|atk|2\n|\n|upkeep\n|turn|45\n|\n|t:|1771225011\n|move|p2a: Ogerpon|Power Whip|p1a: ThePex\n|-damage|p1a: ThePex|2/100\n|-damage|p2a: Ogerpon|72/100|[from] item: Rocky Helmet|[of] p1a: ThePex\n|move|p1a: ThePex|Sludge Bomb|p2a: Ogerpon\n|-supereffective|p2a: Ogerpon\n|-damage|p2a: Ogerpon|29/100\n|\n|upkeep\n|turn|46\n|\n|t:|1771225021\n|switch|p1a: hehhehe|Clodsire, M, shiny|85/100\n|move|p2a: Ogerpon|Swords Dance|p2a: Ogerpon\n|-boost|p2a: Ogerpon|atk|2\n|\n|-heal|p1a: hehhehe|91/100|[from] item: Black Sludge\n|upkeep\n|turn|47\n|\n|t:|1771225029\n|move|p2a: Ogerpon|Ivy Cudgel|p1a: hehhehe|[anim] Ivy Cudgel Water\n|-supereffective|p1a: hehhehe\n|-damage|p1a: hehhehe|0 fnt\n|faint|p1a: hehhehe\n|\n|upkeep\n|\n|t:|1771225033\n|switch|p1a: Fish|Dondozo, F, shiny|100/100 slp\n|turn|48\n|\n|t:|1771225035\n|move|p2a: Ogerpon|Power Whip|p1a: Fish\n|-supereffective|p1a: Fish\n|-damage|p1a: Fish|38/100 slp\n|cant|p1a: Fish|slp\n|move|p1a: Fish|Sleep Talk|p1a: Fish\n|move|p1a: Fish|Rest||[from] move: Sleep Talk|[still]\n|-fail|p1a: Fish\n|\n|upkeep\n|turn|49\n|\n|t:|1771225040\n|move|p2a: Ogerpon|Power Whip|p1a: Fish\n|-supereffective|p1a: Fish\n|-crit|p1a: Fish\n|-damage|p1a: Fish|0 fnt\n|faint|p1a: Fish\n|\n|upkeep\n|-message|riderzitto5 forfeited.\n|\n|win|WangShixiong\n|raw|riderzitto5's rating: 1746 &rarr; <strong>1731</strong><br />(-15 for losing)\n|raw|WangShixiong's rating: 1826 &rarr; <strong>1841</strong><br />(+15 for winning)\n|l|☆riderzitto5\n|player|p1|\n|l|‽WangShixiong\n|player|p2|\n|j|‽WangShixiong\n|player|p2|WangShixiong|cynthia-gen4|\n|l|‽WangShixiong\n|player|p2|\n|j|‽WangShixiong\n|player|p2|WangShixiong|cynthia-gen4|\n|l|‽WangShixiong\n|player|p2|\n", "uploadtime": 1771225305, "views": 14, "formatid": "gen9nationaldex", "rating": 1731, "private": 0, "password": null}