{"id": "gen9nationaldex-2540235835", "format": "[Gen 9] National Dex", "players": ["stowt", "FCT77"], "log": "|j|☆stowt\n|j|☆FCT77\n|t:|1771179082\n|gametype|singles\n|player|p1|stowt|169|1586\n|player|p2|FCT77|mira|1570\n|gen|9\n|tier|[Gen 9] National Dex\n|rated|\n|rule|HP Percentage Mod: HP is shown in percentages\n|rule|Endless Battle Clause: Forcing endless battles is banned\n|rule|Species Clause: Limit one of each Pokémon\n|rule|OHKO Clause: OHKO moves are banned\n|rule|Evasion Clause: Evasion abilities, items, and moves are banned\n|rule|Evasion Abilities Clause: Evasion abilities are banned\n|rule|Evasion Items Clause: Evasion items are banned\n|rule|Evasion Moves Clause: Evasion moves are banned\n|rule|Sleep Clause Mod: Limit one foe put to sleep\n|rule|Terastal Clause: You cannot Terastallize\n|clearpoke\n|poke|p1|Slowbro-Galar, M|\n|poke|p1|Tapu Lele|\n|poke|p1|Zamazenta-*|\n|poke|p1|Ting-Lu|\n|poke|p1|Corsola-Galar, M|\n|poke|p1|Cinderace, F|\n|poke|p2|Medicham, F|\n|poke|p2|Gholdengo|\n|poke|p2|Pecharunt|\n|poke|p2|Ting-Lu|\n|poke|p2|Garchomp, M|\n|poke|p2|Gliscor, F|\n|teampreview\n|inactive|Battle timer is ON: inactive players will automatically lose when time's up. (requested by stowt)\n|\n|t:|1771179105\n|teamsize|p1|6\n|teamsize|p2|6\n|start\n|switch|p1a: Tapu Lele|Tapu Lele, shiny|100/100\n|switch|p2a: Pecharunt|Pecharunt|100/100\n|-fieldstart|move: Psychic Terrain|[from] ability: Psychic Surge|[of] p1a: Tapu Lele\n|turn|1\n|\n|t:|1771179125\n|switch|p2a: Ting-Lu|Ting-Lu|100/100\n|-ability|p2a: Ting-Lu|Vessel of Ruin\n|-zpower|p1a: Tapu Lele\n|move|p1a: Tapu Lele|Shattered Psyche|p2a: Ting-Lu|[zeffect]\n|-immune|p2a: Ting-Lu\n|\n|upkeep\n|turn|2\n|\n|t:|1771179139\n|move|p1a: Tapu Lele|Calm Mind|p1a: Tapu Lele\n|-boost|p1a: Tapu Lele|spa|1\n|-boost|p1a: Tapu Lele|spd|1\n|move|p2a: Ting-Lu|Spikes|p1a: Tapu Lele\n|-sidestart|p1: stowt|Spikes\n|\n|upkeep\n|turn|3\n|\n|t:|1771179144\n|move|p1a: Tapu Lele|Moonblast|p2a: Ting-Lu\n|-supereffective|p2a: Ting-Lu\n|-damage|p2a: Ting-Lu|39/100\n|move|p2a: Ting-Lu|Whirlwind|p1a: Tapu Lele\n|drag|p1a: Cinderace|Cinderace, F|100/100\n|\n|-heal|p2a: Ting-Lu|46/100|[from] item: Leftovers\n|upkeep\n|turn|4\n|\n|t:|1771179151\n|move|p1a: Cinderace|U-turn|p2a: Ting-Lu\n|-supereffective|p2a: Ting-Lu\n|-damage|p2a: Ting-Lu|23/100\n|\n|t:|1771179159\n|switch|p1a: Tapu Lele|Tapu Lele, shiny|100/100|[from] U-turn\n|-damage|p1a: Tapu Lele|88/100|[from] Spikes\n|move|p2a: Ting-Lu|Spikes|p1a: Tapu Lele\n|-sidestart|p1: stowt|Spikes\n|\n|-heal|p2a: Ting-Lu|29/100|[from] item: Leftovers\n|upkeep\n|turn|5\n|\n|t:|1771179164\n|switch|p2a: Gholdengo|Gholdengo|100/100\n|move|p1a: Tapu Lele|Moonblast|p2a: Gholdengo\n|-resisted|p2a: Gholdengo\n|-damage|p2a: Gholdengo|77/100\n|-unboost|p2a: Gholdengo|spa|1\n|\n|-fieldend|move: Psychic Terrain\n|upkeep\n|turn|6\n|\n|t:|1771179170\n|switch|p1a: Ting-Lu|Ting-Lu|100/100\n|-damage|p1a: Ting-Lu|84/100|[from] Spikes\n|-ability|p1a: Ting-Lu|Vessel of Ruin\n|switch|p2a: Medicham|Medicham, F|100/100\n|\n|-heal|p1a: Ting-Lu|90/100|[from] item: Leftovers\n|upkeep\n|turn|7\n|\n|t:|1771179176\n|switch|p1a: Corsola|Corsola-Galar, M|100/100\n|-damage|p1a: Corsola|84/100|[from] Spikes\n|detailschange|p2a: Medicham|Medicham-Mega, F\n|-mega|p2a: Medicham|Medicham|Medichamite\n|move|p2a: Medicham|Close Combat|p1a: Corsola\n|-immune|p1a: Corsola\n|\n|upkeep\n|turn|8\n|\n|t:|1771179187\n|switch|p2a: Gholdengo|Gholdengo|77/100\n|move|p1a: Corsola|Will-O-Wisp|p2a: Gholdengo\n|-immune|p2a: Gholdengo|[from] ability: Good as Gold\n|\n|upkeep\n|turn|9\n|\n|t:|1771179192\n|move|p1a: Corsola|Protect|p1a: Corsola\n|-singleturn|p1a: Corsola|Protect\n|move|p2a: Gholdengo|Nasty Plot|p2a: Gholdengo\n|-boost|p2a: Gholdengo|spa|2\n|\n|upkeep\n|turn|10\n|\n|t:|1771179196\n|switch|p1a: Ting-Lu|Ting-Lu|90/100\n|-damage|p1a: Ting-Lu|74/100|[from] Spikes\n|-ability|p1a: Ting-Lu|Vessel of Ruin\n|move|p2a: Gholdengo|Shadow Ball|p1a: Ting-Lu\n|-resisted|p1a: Ting-Lu\n|-damage|p1a: Ting-Lu|59/100\n|-unboost|p1a: Ting-Lu|spd|1\n|\n|-heal|p1a: Ting-Lu|65/100|[from] item: Leftovers\n|upkeep\n|turn|11\n|\n|t:|1771179201\n|-zpower|p2a: Gholdengo\n|move|p2a: Gholdengo|All-Out Pummeling|p1a: Ting-Lu|[zeffect]\n|-supereffective|p1a: Ting-Lu\n|-damage|p1a: Ting-Lu|0 fnt\n|faint|p1a: Ting-Lu\n|\n|upkeep\n|\n|t:|1771179208\n|switch|p1a: Cinderace|Cinderace, F|100/100\n|turn|12\n|\n|t:|1771179210\n|move|p1a: Cinderace|Pyro Ball|p2a: Gholdengo\n|-supereffective|p2a: Gholdengo\n|-damage|p2a: Gholdengo|0 fnt\n|faint|p2a: Gholdengo\n|\n|upkeep\n|\n|t:|1771179214\n|switch|p2a: Medicham|Medicham-Mega, F|100/100\n|turn|13\n|\n|t:|1771179217\n|switch|p1a: Corsola|Corsola-Galar, M|84/100\n|-damage|p1a: Corsola|67/100|[from] Spikes\n|move|p2a: Medicham|Fake Out|p1a: Corsola\n|-immune|p1a: Corsola\n|\n|upkeep\n|turn|14\n|\n|t:|1771179222\n|switch|p2a: Pecharunt|Pecharunt|100/100\n|move|p1a: Corsola|Will-O-Wisp|p2a: Pecharunt|[miss]\n|-miss|p1a: Corsola|p2a: Pecharunt\n|\n|upkeep\n|turn|15\n|\n|t:|1771179227\n|switch|p1a: Slowbro|Slowbro-Galar, M|100/100\n|-damage|p1a: Slowbro|84/100|[from] Spikes\n|move|p2a: Pecharunt|Malignant Chain|p1a: Slowbro\n|-resisted|p1a: Slowbro\n|-damage|p1a: Slowbro|65/100\n|\n|upkeep\n|turn|16\n|\n|t:|1771179236\n|move|p2a: Pecharunt|Parting Shot|p1a: Slowbro\n|-unboost|p1a: Slowbro|atk|1\n|-unboost|p1a: Slowbro|spa|1\n|\n|t:|1771179239\n|switch|p2a: Gliscor|Gliscor, F|100/100|[from] Parting Shot\n|move|p1a: Slowbro|Psyshock|p2a: Gliscor\n|-damage|p2a: Gliscor|87/100\n|\n|-status|p2a: Gliscor|tox|[from] item: Toxic Orb\n|upkeep\n|turn|17\n|\n|t:|1771179244\n|move|p2a: Gliscor|Knock Off|p1a: Slowbro\n|-supereffective|p1a: Slowbro\n|-damage|p1a: Slowbro|46/100\n|move|p1a: Slowbro|Slack Off|p1a: Slowbro\n|-heal|p1a: Slowbro|96/100\n|\n|-heal|p2a: Gliscor|99/100 tox|[from] ability: Poison Heal\n|upkeep\n|turn|18\n|\n|t:|1771179247\n|move|p2a: Gliscor|Swords Dance|p2a: Gliscor\n|-boost|p2a: Gliscor|atk|2\n|move|p1a: Slowbro|Calm Mind|p1a: Slowbro\n|-boost|p1a: Slowbro|spa|1\n|-boost|p1a: Slowbro|spd|1\n|\n|-heal|p2a: Gliscor|100/100 tox|[from] ability: Poison Heal\n|upkeep\n|turn|19\n|\n|t:|1771179252\n|detailschange|p1a: Slowbro|Slowbro-Mega, M\n|-mega|p1a: Slowbro|Slowbro|Slowbronite\n|move|p2a: Gliscor|Facade|p1a: Slowbro\n|-damage|p1a: Slowbro|71/100\n|move|p1a: Slowbro|Calm Mind|p1a: Slowbro\n|-boost|p1a: Slowbro|spa|1\n|-boost|p1a: Slowbro|spd|1\n|\n|upkeep\n|turn|20\n|\n|t:|1771179256\n|move|p2a: Gliscor|Swords Dance|p2a: Gliscor\n|-boost|p2a: Gliscor|atk|2\n|move|p1a: Slowbro|Scald|p2a: Gliscor\n|-supereffective|p2a: Gliscor\n|-damage|p2a: Gliscor|8/100 tox\n|\n|-heal|p2a: Gliscor|21/100 tox|[from] ability: Poison Heal\n|upkeep\n|turn|21\n|\n|t:|1771179261\n|move|p2a: Gliscor|Facade|p1a: Slowbro\n|-damage|p1a: Slowbro|29/100\n|move|p1a: Slowbro|Scald|p2a: Gliscor\n|-supereffective|p2a: Gliscor\n|-damage|p2a: Gliscor|0 fnt\n|faint|p2a: Gliscor\n|\n|upkeep\n|\n|t:|1771179267\n|switch|p2a: Medicham|Medicham-Mega, F|100/100\n|turn|22\n|\n|t:|1771179268\n|move|p2a: Medicham|Fake Out|p1a: Slowbro\n|-damage|p1a: Slowbro|18/100\n|cant|p1a: Slowbro|flinch\n|\n|upkeep\n|turn|23\n|\n|t:|1771179272\n|move|p2a: Medicham|Zen Headbutt|p1a: Slowbro\n|-resisted|p1a: Slowbro\n|-damage|p1a: Slowbro|3/100\n|move|p1a: Slowbro|Slack Off|p1a: Slowbro\n|-heal|p1a: Slowbro|53/100\n|\n|upkeep\n|turn|24\n|\n|t:|1771179277\n|switch|p2a: Garchomp|Garchomp, M|100/100\n|move|p1a: Slowbro|Scald|p2a: Garchomp\n|-damage|p2a: Garchomp|46/100\n|-status|p2a: Garchomp|brn\n|\n|-damage|p2a: Garchomp|40/100 brn|[from] brn\n|upkeep\n|turn|25\n|\n|t:|1771179282\n|move|p2a: Garchomp|Stealth Rock|p1a: Slowbro\n|-sidestart|p1: stowt|move: Stealth Rock\n|move|p1a: Slowbro|Slack Off|p1a: Slowbro\n|-heal|p1a: Slowbro|100/100\n|\n|-damage|p2a: Garchomp|34/100 brn|[from] brn\n|upkeep\n|turn|26\n|\n|t:|1771179286\n|move|p2a: Garchomp|Earthquake|p1a: Slowbro\n|-damage|p1a: Slowbro|89/100\n|move|p1a: Slowbro|Calm Mind|p1a: Slowbro\n|-boost|p1a: Slowbro|spa|1\n|-boost|p1a: Slowbro|spd|1\n|\n|-damage|p2a: Garchomp|28/100 brn|[from] brn\n|upkeep\n|turn|27\n|\n|t:|1771179291\n|move|p2a: Garchomp|Earthquake|p1a: Slowbro\n|-damage|p1a: Slowbro|77/100\n|move|p1a: Slowbro|Scald|p2a: Garchomp\n|-damage|p2a: Garchomp|0 fnt\n|faint|p2a: Garchomp\n|\n|upkeep\n|\n|t:|1771179294\n|switch|p2a: Pecharunt|Pecharunt|100/100\n|turn|28\n|\n|t:|1771179296\n|move|p2a: Pecharunt|Malignant Chain|p1a: Slowbro\n|-damage|p1a: Slowbro|64/100\n|move|p1a: Slowbro|Psyshock|p2a: Pecharunt\n|-supereffective|p2a: Pecharunt\n|-damage|p2a: Pecharunt|25/100\n|\n|upkeep\n|turn|29\n|\n|t:|1771179301\n|move|p2a: Pecharunt|Malignant Chain|p1a: Slowbro\n|-damage|p1a: Slowbro|50/100\n|move|p1a: Slowbro|Slack Off|p1a: Slowbro\n|-heal|p1a: Slowbro|99/100\n|\n|upkeep\n|turn|30\n|\n|t:|1771179305\n|move|p2a: Pecharunt|Malignant Chain|p1a: Slowbro\n|-damage|p1a: Slowbro|88/100\n|-status|p1a: Slowbro|tox\n|-start|p1a: Slowbro|confusion|[from] ability: Poison Puppeteer|[of] p2a: Pecharunt\n|-activate|p1a: Slowbro|confusion\n|-damage|p1a: Slowbro|86/100 tox|[from] confusion\n|\n|-damage|p1a: Slowbro|80/100 tox|[from] psn\n|upkeep\n|turn|31\n|\n|t:|1771179308\n|switch|p2a: Ting-Lu|Ting-Lu|29/100\n|-ability|p2a: Ting-Lu|Vessel of Ruin\n|-end|p1a: Slowbro|confusion\n|move|p1a: Slowbro|Scald|p2a: Ting-Lu\n|-supereffective|p2a: Ting-Lu\n|-damage|p2a: Ting-Lu|0 fnt\n|faint|p2a: Ting-Lu\n|\n|-damage|p1a: Slowbro|68/100 tox|[from] psn\n|upkeep\n|\n|t:|1771179311\n|switch|p2a: Medicham|Medicham-Mega, F|100/100\n|turn|32\n|\n|t:|1771179315\n|move|p2a: Medicham|Fake Out|p1a: Slowbro\n|-damage|p1a: Slowbro|58/100 tox\n|cant|p1a: Slowbro|flinch\n|\n|-damage|p1a: Slowbro|39/100 tox|[from] psn\n|upkeep\n|turn|33\n|\n|t:|1771179319\n|switch|p2a: Pecharunt|Pecharunt|25/100\n|move|p1a: Slowbro|Slack Off|p1a: Slowbro\n|-heal|p1a: Slowbro|89/100 tox\n|\n|-damage|p1a: Slowbro|65/100 tox|[from] psn\n|upkeep\n|turn|34\n|\n|t:|1771179323\n|move|p2a: Pecharunt|Recover|p2a: Pecharunt\n|-heal|p2a: Pecharunt|75/100\n|move|p1a: Slowbro|Scald|p2a: Pecharunt\n|-damage|p2a: Pecharunt|5/100\n|\n|-damage|p1a: Slowbro|35/100 tox|[from] psn\n|upkeep\n|turn|35\n|\n|t:|1771179326\n|move|p2a: Pecharunt|Hex|p1a: Slowbro\n|-supereffective|p1a: Slowbro\n|-damage|p1a: Slowbro|1/100 tox\n|move|p1a: Slowbro|Scald|p2a: Pecharunt\n|-damage|p2a: Pecharunt|0 fnt\n|faint|p2a: Pecharunt\n|\n|-damage|p1a: Slowbro|0 fnt|[from] psn\n|faint|p1a: Slowbro\n|detailschange|p1: Slowbro|Slowbro-Galar, M|[silent]\n|upkeep\n|\n|t:|1771179331\n|switch|p2a: Medicham|Medicham-Mega, F|100/100\n|switch|p1a: Cinderace|Cinderace, F|100/100\n|turn|36\n|\n|t:|1771179337\n|move|p2a: Medicham|Fake Out|p1a: Cinderace\n|-damage|p1a: Cinderace|65/100\n|cant|p1a: Cinderace|flinch\n|\n|upkeep\n|turn|37\n|\n|t:|1771179339\n|move|p1a: Cinderace|Court Change|p1a: Cinderace\n|-swapsideconditions\n|-activate|p1a: Cinderace|move: Court Change\n|move|p2a: Medicham|Zen Headbutt|p1a: Cinderace\n|-damage|p1a: Cinderace|0 fnt\n|faint|p1a: Cinderace\n|\n|upkeep\n|\n|t:|1771179343\n|switch|p1a: Corsola|Corsola-Galar, M|67/100\n|turn|38\n|\n|t:|1771179345\n|move|p2a: Medicham|Zen Headbutt|p1a: Corsola\n|-damage|p1a: Corsola|13/100\n|-start|p2a: Medicham|Disable|Zen Headbutt|[from] ability: Cursed Body|[of] p1a: Corsola\n|move|p1a: Corsola|Strength Sap|p2a: Medicham\n|-unboost|p2a: Medicham|atk|1\n|-heal|p1a: Corsola|100/100\n|\n|upkeep\n|turn|39\n|-message|FCT77 forfeited.\n|\n|win|stowt\n|raw|stowt's rating: 1586 &rarr; <strong>1605</strong><br />(+19 for winning)\n|raw|FCT77's rating: 1570 &rarr; <strong>1551</strong><br />(-19 for losing)\n|l|☆FCT77\n|player|p2|\n|l|☆stowt\n|player|p1|\n", "uploadtime": 1771179587, "views": 7, "formatid": "gen9nationaldex", "rating": 1551, "private": 0, "password": null}