{"id": "gen9nationaldex-2540452452", "format": "[Gen 9] National Dex", "players": ["so88", "fuguier"], "log": "|j|☆so88\n|j|☆fuguier\n|t:|1771203804\n|gametype|singles\n|player|p1|so88|2|1536\n|player|p2|fuguier|102|1497\n|gen|9\n|tier|[Gen 9] National Dex\n|rated|\n|rule|HP Percentage Mod: HP is shown in percentages\n|rule|Endless Battle Clause: Forcing endless battles is banned\n|rule|Species Clause: Limit one of each Pokémon\n|rule|OHKO Clause: OHKO moves are banned\n|rule|Evasion Clause: Evasion abilities, items, and moves are banned\n|rule|Evasion Abilities Clause: Evasion abilities are banned\n|rule|Evasion Items Clause: Evasion items are banned\n|rule|Evasion Moves Clause: Evasion moves are banned\n|rule|Sleep Clause Mod: Limit one foe put to sleep\n|rule|Terastal Clause: You cannot Terastallize\n|clearpoke\n|poke|p1|Iron Valiant|\n|poke|p1|Tapu Koko|\n|poke|p1|Kingambit, F|\n|poke|p1|Alomomola, F|\n|poke|p1|Landorus-Therian, M|\n|poke|p1|Ferrothorn, M|\n|poke|p2|Iron Treads|\n|poke|p2|Kommo-o, M|\n|poke|p2|Venusaur, M|\n|poke|p2|Keldeo|\n|poke|p2|Landorus-Therian, M|\n|poke|p2|Weavile, F|\n|teampreview\n|inactive|Battle timer is ON: inactive players will automatically lose when time's up. (requested by so88)\n|inactive|fuguier has 120 seconds left.\n|\n|t:|1771203837\n|teamsize|p1|6\n|teamsize|p2|6\n|start\n|switch|p1a: Tapu Koko|Tapu Koko|100/100\n|switch|p2a: THE GOAT!!!|Venusaur, M, shiny|100/100\n|-fieldstart|move: Electric Terrain|[from] ability: Electric Surge|[of] p1a: Tapu Koko\n|turn|1\n|\n|t:|1771203845\n|detailschange|p2a: THE GOAT!!!|Venusaur-Mega, M, shiny\n|-mega|p2a: THE GOAT!!!|Venusaur|Venusaurite\n|move|p1a: Tapu Koko|U-turn|p2a: THE GOAT!!!\n|-damage|p2a: THE GOAT!!!|90/100\n|\n|t:|1771203850\n|switch|p1a: Ferrothorn|Ferrothorn, M|100/100|[from] U-turn\n|move|p2a: THE GOAT!!!|Giga Drain|p1a: Ferrothorn\n|-resisted|p1a: Ferrothorn\n|-damage|p1a: Ferrothorn|95/100\n|-heal|p2a: THE GOAT!!!|93/100|[from] drain|[of] p1a: Ferrothorn\n|\n|-heal|p1a: Ferrothorn|100/100|[from] item: Leftovers\n|upkeep\n|turn|2\n|\n|t:|1771203859\n|move|p2a: THE GOAT!!!|Hidden Power|p1a: Ferrothorn\n|-supereffective|p1a: Ferrothorn\n|-damage|p1a: Ferrothorn|48/100\n|move|p1a: Ferrothorn|Stealth Rock|p2a: THE GOAT!!!\n|-sidestart|p2: fuguier|move: Stealth Rock\n|\n|-heal|p1a: Ferrothorn|54/100|[from] item: Leftovers\n|upkeep\n|turn|3\n|\n|t:|1771203869\n|switch|p1a: Alomomola|Alomomola, F|100/100\n|move|p2a: THE GOAT!!!|Giga Drain|p1a: Alomomola\n|-supereffective|p1a: Alomomola\n|-damage|p1a: Alomomola|69/100\n|-heal|p2a: THE GOAT!!!|100/100|[from] drain|[of] p1a: Alomomola\n|\n|upkeep\n|turn|4\n|\n|t:|1771203885\n|switch|p2a: 铁大象|Iron Treads, shiny|100/100\n|-damage|p2a: 铁大象|97/100|[from] Stealth Rock\n|-activate|p2a: 铁大象|ability: Quark Drive\n|-start|p2a: 铁大象|quarkdrivespe\n|move|p1a: Alomomola|Mirror Coat||[still]\n|-fail|p1a: Alomomola\n|\n|-heal|p2a: 铁大象|100/100|[from] item: Leftovers\n|upkeep\n|turn|5\n|\n|t:|1771203894\n|switch|p1a: Landorus|Landorus-Therian, M|100/100\n|-ability|p1a: Landorus|Intimidate|boost\n|-unboost|p2a: 铁大象|atk|1\n|move|p2a: 铁大象|Rapid Spin|p1a: Landorus\n|-damage|p1a: Landorus|92/100\n|-boost|p2a: 铁大象|spe|1\n|-damage|p2a: 铁大象|84/100|[from] item: Rocky Helmet|[of] p1a: Landorus\n|-sideend|p2: fuguier|Stealth Rock|[from] move: Rapid Spin|[of] p2a: 铁大象\n|\n|-heal|p2a: 铁大象|90/100|[from] item: Leftovers\n|-fieldend|move: Electric Terrain\n|-end|p2a: 铁大象|Quark Drive\n|upkeep\n|turn|6\n|\n|t:|1771203908\n|move|p2a: 铁大象|Stealth Rock|p1a: Landorus\n|-sidestart|p1: so88|move: Stealth Rock\n|move|p1a: Landorus|Toxic|p2a: 铁大象\n|-immune|p2a: 铁大象\n|\n|-heal|p2a: 铁大象|96/100|[from] item: Leftovers\n|upkeep\n|turn|7\n|\n|t:|1771203915\n|-end|p2a: 铁大象|Quark Drive|[silent]\n|switch|p2a: 打妞拉的远房亲戚|Weavile, F, shiny|100/100\n|-ability|p2a: 打妞拉的远房亲戚|Pressure\n|move|p1a: Landorus|Defog|p2a: 打妞拉的远房亲戚\n|-unboost|p2a: 打妞拉的远房亲戚|evasion|1\n|-sideend|p1: so88|Stealth Rock|[from] move: Defog|[of] p1a: Landorus\n|\n|upkeep\n|turn|8\n|\n|t:|1771203923\n|switch|p1a: Ferrothorn|Ferrothorn, M|54/100\n|move|p2a: 打妞拉的远房亲戚|Knock Off|p1a: Ferrothorn\n|-damage|p1a: Ferrothorn|6/100\n|-damage|p2a: 打妞拉的远房亲戚|88/100|[from] ability: Iron Barbs|[of] p1a: Ferrothorn\n|-enditem|p1a: Ferrothorn|Leftovers|[from] move: Knock Off|[of] p2a: 打妞拉的远房亲戚\n|\n|upkeep\n|turn|9\n|\n|t:|1771203931\n|move|p2a: 打妞拉的远房亲戚|Knock Off|p1a: Ferrothorn\n|-damage|p1a: Ferrothorn|0 fnt\n|-damage|p2a: 打妞拉的远房亲戚|76/100|[from] ability: Iron Barbs|[of] p1a: Ferrothorn\n|faint|p1a: Ferrothorn\n|\n|upkeep\n|\n|t:|1771203935\n|switch|p1a: Tapu Koko|Tapu Koko|100/100\n|-fieldstart|move: Electric Terrain|[from] ability: Electric Surge|[of] p1a: Tapu Koko\n|turn|10\n|\n|t:|1771203951\n|switch|p2a: 铁大象|Iron Treads, shiny|96/100\n|-activate|p2a: 铁大象|ability: Quark Drive\n|-start|p2a: 铁大象|quarkdrivespe\n|move|p1a: Tapu Koko|U-turn|p2a: 铁大象\n|-resisted|p2a: 铁大象\n|-damage|p2a: 铁大象|91/100\n|\n|t:|1771203956\n|switch|p1a: Landorus|Landorus-Therian, M|92/100|[from] U-turn\n|-ability|p1a: Landorus|Intimidate|boost\n|-unboost|p2a: 铁大象|atk|1\n|\n|-heal|p2a: 铁大象|97/100|[from] item: Leftovers\n|upkeep\n|turn|11\n|\n|t:|1771203972\n|-end|p2a: 铁大象|Quark Drive|[silent]\n|switch|p2a: I HATE CHARIZARD|Landorus-Therian, M|100/100\n|-ability|p2a: I HATE CHARIZARD|Intimidate|boost\n|-unboost|p1a: Landorus|atk|1\n|move|p1a: Landorus|Earthquake|p2a: I HATE CHARIZARD\n|-immune|p2a: I HATE CHARIZARD\n|\n|upkeep\n|turn|12\n|\n|t:|1771203981\n|move|p2a: I HATE CHARIZARD|Knock Off|p1a: Landorus\n|-damage|p1a: Landorus|60/100\n|-damage|p2a: I HATE CHARIZARD|84/100|[from] item: Rocky Helmet|[of] p1a: Landorus\n|-enditem|p1a: Landorus|Rocky Helmet|[from] move: Knock Off|[of] p2a: I HATE CHARIZARD\n|move|p1a: Landorus|Toxic|p2a: I HATE CHARIZARD\n|-status|p2a: I HATE CHARIZARD|tox\n|\n|-damage|p2a: I HATE CHARIZARD|78/100 tox|[from] psn\n|upkeep\n|turn|13\n|\n|t:|1771204000\n|switch|p2a: STALL BREAKER|Keldeo|100/100\n|move|p1a: Landorus|U-turn|p2a: STALL BREAKER\n|-resisted|p2a: STALL BREAKER\n|-damage|p2a: STALL BREAKER|92/100\n|\n|t:|1771204003\n|switch|p1a: Iron Valiant|Iron Valiant|100/100|[from] U-turn\n|-activate|p1a: Iron Valiant|ability: Quark Drive\n|-start|p1a: Iron Valiant|quarkdrivespa\n|\n|-heal|p2a: STALL BREAKER|98/100|[from] item: Leftovers\n|upkeep\n|turn|14\n|\n|t:|1771204023\n|switch|p2a: THE GOAT!!!|Venusaur-Mega, M, shiny|100/100\n|move|p1a: Iron Valiant|Moonblast|p2a: THE GOAT!!!\n|-resisted|p2a: THE GOAT!!!\n|-damage|p2a: THE GOAT!!!|60/100\n|-unboost|p2a: THE GOAT!!!|spa|1\n|\n|-fieldend|move: Electric Terrain\n|-end|p1a: Iron Valiant|Quark Drive\n|upkeep\n|turn|15\n|\n|t:|1771204042\n|-end|p1a: Iron Valiant|Quark Drive|[silent]\n|switch|p1a: Alomomola|Alomomola, F|100/100\n|move|p2a: THE GOAT!!!|Synthesis|p2a: THE GOAT!!!\n|-heal|p2a: THE GOAT!!!|100/100\n|\n|upkeep\n|turn|16\n|\n|t:|1771204049\n|switch|p2a: STALL BREAKER|Keldeo|98/100\n|move|p1a: Alomomola|Flip Turn|p2a: STALL BREAKER\n|-resisted|p2a: STALL BREAKER\n|-damage|p2a: STALL BREAKER|89/100\n|\n|t:|1771204052\n|switch|p1a: Tapu Koko|Tapu Koko|100/100|[from] Flip Turn\n|-fieldstart|move: Electric Terrain|[from] ability: Electric Surge|[of] p1a: Tapu Koko\n|\n|-heal|p2a: STALL BREAKER|96/100|[from] item: Leftovers\n|upkeep\n|turn|17\n|\n|t:|1771204060\n|move|p1a: Tapu Koko|U-turn|p2a: STALL BREAKER\n|-resisted|p2a: STALL BREAKER\n|-damage|p2a: STALL BREAKER|86/100\n|\n|t:|1771204063\n|switch|p1a: Alomomola|Alomomola, F|100/100|[from] U-turn\n|move|p2a: STALL BREAKER|Substitute|p2a: STALL BREAKER\n|-start|p2a: STALL BREAKER|Substitute\n|-damage|p2a: STALL BREAKER|61/100\n|\n|-heal|p2a: STALL BREAKER|67/100|[from] item: Leftovers\n|upkeep\n|turn|18\n|\n|t:|1771204071\n|move|p2a: STALL BREAKER|Calm Mind|p2a: STALL BREAKER\n|-boost|p2a: STALL BREAKER|spa|1\n|-boost|p2a: STALL BREAKER|spd|1\n|move|p1a: Alomomola|Flip Turn|p2a: STALL BREAKER\n|-resisted|p2a: STALL BREAKER\n|-activate|p2a: STALL BREAKER|move: Substitute|[damage]\n|\n|t:|1771204073\n|switch|p1a: Tapu Koko|Tapu Koko|100/100|[from] Flip Turn\n|\n|-heal|p2a: STALL BREAKER|73/100|[from] item: Leftovers\n|upkeep\n|turn|19\n|\n|t:|1771204081\n|move|p1a: Tapu Koko|Thunderbolt|p2a: STALL BREAKER\n|-supereffective|p2a: STALL BREAKER\n|-end|p2a: STALL BREAKER|Substitute\n|move|p2a: STALL BREAKER|Substitute|p2a: STALL BREAKER\n|-start|p2a: STALL BREAKER|Substitute\n|-damage|p2a: STALL BREAKER|48/100\n|\n|-heal|p2a: STALL BREAKER|55/100|[from] item: Leftovers\n|upkeep\n|turn|20\n|\n|t:|1771204088\n|move|p1a: Tapu Koko|Thunderbolt|p2a: STALL BREAKER\n|-supereffective|p2a: STALL BREAKER\n|-end|p2a: STALL BREAKER|Substitute\n|move|p2a: STALL BREAKER|Surf|p1a: Tapu Koko\n|-damage|p1a: Tapu Koko|0 fnt\n|faint|p1a: Tapu Koko\n|\n|-heal|p2a: STALL BREAKER|61/100|[from] item: Leftovers\n|-fieldend|move: Electric Terrain\n|upkeep\n|\n|t:|1771204092\n|switch|p1a: Iron Valiant|Iron Valiant|100/100\n|turn|21\n|\n|t:|1771204100\n|move|p2a: STALL BREAKER|Surf|p1a: Iron Valiant\n|-damage|p1a: Iron Valiant|0 fnt\n|faint|p1a: Iron Valiant\n|-end|p1a: Iron Valiant|Quark Drive|[silent]\n|\n|-heal|p2a: STALL BREAKER|67/100|[from] item: Leftovers\n|upkeep\n|-message|so88 forfeited.\n|\n|win|fuguier\n|raw|so88's rating: 1536 &rarr; <strong>1514</strong><br />(-22 for losing)\n|raw|fuguier's rating: 1497 &rarr; <strong>1519</strong><br />(+22 for winning)\n|l|☆so88\n|player|p1|\n|l|☆fuguier\n|player|p2|\n", "uploadtime": 1771204425, "views": 6, "formatid": "gen9nationaldex", "rating": 1514, "private": 0, "password": null}