{"id": "gen9nationaldex-2540547081", "format": "[Gen 9] National Dex", "players": ["Might drago", "dragon god111龙王"], "log": "|j|☆Might drago\n|j|☆dragon god111龙王\n|t:|1771216106\n|gametype|singles\n|player|p1|Might drago|swimmerf-gen6|1600\n|player|p2|dragon god111龙王|pokemaniac|1517\n|gen|9\n|tier|[Gen 9] National Dex\n|rated|\n|rule|HP Percentage Mod: HP is shown in percentages\n|rule|Endless Battle Clause: Forcing endless battles is banned\n|rule|Species Clause: Limit one of each Pokémon\n|rule|OHKO Clause: OHKO moves are banned\n|rule|Evasion Clause: Evasion abilities, items, and moves are banned\n|rule|Evasion Abilities Clause: Evasion abilities are banned\n|rule|Evasion Items Clause: Evasion items are banned\n|rule|Evasion Moves Clause: Evasion moves are banned\n|rule|Sleep Clause Mod: Limit one foe put to sleep\n|rule|Terastal Clause: You cannot Terastallize\n|clearpoke\n|poke|p1|Ting-Lu|\n|poke|p1|Zamazenta-*|\n|poke|p1|Heatran, F|\n|poke|p1|Garganacl, F|\n|poke|p1|Venusaur, M|\n|poke|p1|Corviknight, M|\n|poke|p2|Camerupt, M|\n|poke|p2|Terapagos, M|\n|poke|p2|Pecharunt|\n|poke|p2|Greninja-*, M|\n|poke|p2|Terrakion|\n|poke|p2|Scizor, M|\n|teampreview\n|inactive|Battle timer is ON: inactive players will automatically lose when time's up. (requested by dragon god111龙王)\n|\n|t:|1771216123\n|teamsize|p1|6\n|teamsize|p2|6\n|start\n|switch|p1a: King-Lu|Ting-Lu|100/100\n|switch|p2a: Scizor|Scizor, M|100/100\n|-ability|p1a: King-Lu|Vessel of Ruin\n|turn|1\n|\n|t:|1771216133\n|switch|p1a: Heatran|Heatran, F|100/100\n|-item|p1a: Heatran|Air Balloon\n|move|p2a: Scizor|U-turn|p1a: Heatran\n|-resisted|p1a: Heatran\n|-damage|p1a: Heatran|84/100\n|-enditem|p1a: Heatran|Air Balloon\n|\n|t:|1771216141\n|switch|p2a: Camerupt|Camerupt, M|100/100|[from] U-turn\n|\n|upkeep\n|turn|2\n|\n|t:|1771216147\n|switch|p1a: King-Lu|Ting-Lu|100/100\n|-ability|p1a: King-Lu|Vessel of Ruin\n|detailschange|p2a: Camerupt|Camerupt-Mega, M\n|-mega|p2a: Camerupt|Camerupt|Cameruptite\n|move|p2a: Camerupt|Earth Power|p1a: King-Lu\n|-damage|p1a: King-Lu|59/100\n|\n|upkeep\n|turn|3\n|j| hhxh镜花水月\n|\n|t:|1771216166\n|switch|p2a: Greninja|Greninja, M|100/100\n|move|p1a: King-Lu|Earthquake|p2a: Greninja\n|-damage|p2a: Greninja|0 fnt\n|faint|p2a: Greninja\n|\n|upkeep\n|\n|t:|1771216175\n|switch|p2a: Scizor|Scizor, M|100/100\n|turn|4\n|\n|t:|1771216178\n|switch|p1a: Heatran|Heatran, F|84/100\n|move|p2a: Scizor|U-turn|p1a: Heatran\n|-resisted|p1a: Heatran\n|-damage|p1a: Heatran|69/100\n|\n|t:|1771216185\n|switch|p2a: Terrakion|Terrakion|100/100|[from] U-turn\n|-item|p2a: Terrakion|Air Balloon\n|\n|upkeep\n|turn|5\n|\n|t:|1771216188\n|switch|p1a: Corviknight|Corviknight, M|100/100\n|-ability|p1a: Corviknight|Pressure\n|move|p2a: Terrakion|Swords Dance|p2a: Terrakion\n|-boost|p2a: Terrakion|atk|2\n|\n|upkeep\n|turn|6\n|\n|t:|1771216196\n|move|p2a: Terrakion|Stone Edge|p1a: Corviknight\n|-damage|p1a: Corviknight|38/100\n|move|p1a: Corviknight|U-turn|p2a: Terrakion\n|-resisted|p2a: Terrakion\n|-damage|p2a: Terrakion|92/100\n|-enditem|p2a: Terrakion|Air Balloon\n|j| dtybb\n|\n|t:|1771216199\n|switch|p1a: Zama Bin Laden|Zamazenta|100/100|[from] U-turn\n|-ability|p1a: Zama Bin Laden|Dauntless Shield|boost\n|-boost|p1a: Zama Bin Laden|def|1\n|\n|upkeep\n|turn|7\n|\n|t:|1771216206\n|switch|p1a: King-Lu|Ting-Lu|59/100\n|-ability|p1a: King-Lu|Vessel of Ruin\n|switch|p2a: Pecharunt|Pecharunt|100/100\n|\n|upkeep\n|turn|8\n|\n|t:|1771216217\n|switch|p2a: Scizor|Scizor, M|100/100\n|move|p1a: King-Lu|Earthquake|p2a: Scizor\n|-damage|p2a: Scizor|23/100\n|\n|upkeep\n|turn|9\n|\n|t:|1771216222\n|switch|p1a: Heatran|Heatran, F|69/100\n|move|p2a: Scizor|U-turn|p1a: Heatran\n|-resisted|p1a: Heatran\n|-damage|p1a: Heatran|55/100\n|-status|p2a: Scizor|brn|[from] ability: Flame Body|[of] p1a: Heatran\n|\n|t:|1771216234\n|switch|p2a: Camerupt|Camerupt-Mega, M|100/100|[from] U-turn\n|\n|upkeep\n|turn|10\n|\n|t:|1771216244\n|switch|p2a: Terrakion|Terrakion|92/100\n|move|p1a: Heatran|Earth Power|p2a: Terrakion\n|-supereffective|p2a: Terrakion\n|-damage|p2a: Terrakion|11/100\n|\n|upkeep\n|turn|11\n|\n|t:|1771216254\n|switch|p1a: Corviknight|Corviknight, M|38/100\n|-ability|p1a: Corviknight|Pressure\n|move|p2a: Terrakion|Close Combat|p1a: Corviknight\n|-damage|p1a: Corviknight|0 fnt\n|-unboost|p2a: Terrakion|def|1\n|-unboost|p2a: Terrakion|spd|1\n|-damage|p2a: Terrakion|0 fnt|[from] item: Rocky Helmet|[of] p1a: Corviknight\n|faint|p1a: Corviknight\n|faint|p2a: Terrakion\n|\n|upkeep\n|c|☆dragon god111龙王|我这把打的一坨大粪啊\n|c|☆dragon god111龙王|🌚\n|inactive|dragon god111龙王 has 120 seconds left.\n|\n|t:|1771216280\n|switch|p2a: Scizor|Scizor, M|23/100 brn\n|switch|p1a: Heatran|Heatran, F|55/100\n|turn|12\n|l| dtybb\n|\n|t:|1771216283\n|move|p1a: Heatran|Magma Storm|p2a: Scizor\n|-supereffective|p2a: Scizor\n|-damage|p2a: Scizor|0 fnt\n|faint|p2a: Scizor\n|\n|upkeep\n|\n|t:|1771216286\n|switch|p2a: Camerupt|Camerupt-Mega, M|100/100\n|turn|13\n|\n|t:|1771216310\n|move|p1a: Heatran|Earth Power|p2a: Camerupt\n|-supereffective|p2a: Camerupt\n|-damage|p2a: Camerupt|39/100\n|move|p2a: Camerupt|Earth Power|p1a: Heatran\n|-supereffective|p1a: Heatran\n|-damage|p1a: Heatran|0 fnt\n|faint|p1a: Heatran\n|\n|upkeep\n|c|☆dragon god111龙王|这头带古鼎鹿也太阴间了\n|\n|t:|1771216314\n|switch|p1a: King-Lu|Ting-Lu|59/100\n|-ability|p1a: King-Lu|Vessel of Ruin\n|turn|14\n|\n|t:|1771216316\n|move|p1a: King-Lu|Earthquake|p2a: Camerupt\n|-supereffective|p2a: Camerupt\n|-damage|p2a: Camerupt|0 fnt\n|faint|p2a: Camerupt\n|detailschange|p2: Camerupt|Camerupt, M|[silent]\n|\n|upkeep\n|\n|t:|1771216318\n|switch|p2a: Terapagos|Terapagos, M|100/100\n|-activate|p2a: Terapagos|ability: Tera Shift\n|detailschange|p2a: Terapagos|Terapagos-Terastal, M\n|-heal|p2a: Terapagos|100/100|[silent]\n|turn|15\n|\n|t:|1771216327\n|move|p2a: Terapagos|Tera Starstorm|p1a: King-Lu\n|-damage|p1a: King-Lu|20/100\n|move|p1a: King-Lu|Earthquake|p2a: Terapagos\n|-activate|p2a: Terapagos|ability: Tera Shell\n|-resisted|p2a: Terapagos\n|-damage|p2a: Terapagos|70/100\n|\n|upkeep\n|turn|16\n|\n|t:|1771216334\n|move|p2a: Terapagos|Tera Starstorm|p1a: King-Lu\n|-damage|p1a: King-Lu|0 fnt\n|faint|p1a: King-Lu\n|\n|upkeep\n|\n|t:|1771216335\n|switch|p1a: Garganacl|Garganacl, F|100/100\n|turn|17\n|\n|t:|1771216346\n|move|p2a: Terapagos|Tera Starstorm|p1a: Garganacl\n|-resisted|p1a: Garganacl\n|-damage|p1a: Garganacl|79/100\n|move|p1a: Garganacl|Salt Cure|p2a: Terapagos\n|-damage|p2a: Terapagos|59/100\n|-start|p2a: Terapagos|Salt Cure\n|\n|-heal|p1a: Garganacl|85/100|[from] item: Leftovers\n|-damage|p2a: Terapagos|47/100|[from] Salt Cure\n|upkeep\n|turn|18\n|-message|dragon god111龙王 forfeited.\n|\n|win|Might drago\n|raw|Might drago's rating: 1600 &rarr; <strong>1615</strong><br />(+15 for winning)\n|raw|dragon god111龙王's rating: 1517 &rarr; <strong>1502</strong><br />(-15 for losing)\n|l|☆dragon god111龙王\n|player|p2|\n|l| hhxh镜花水月\n|l|☆Might drago\n|player|p1|\n", "uploadtime": 1771216726, "views": 6, "formatid": "gen9nationaldex", "rating": 1502, "private": 0, "password": null}