{"id": "gen9nationaldex-2540212225", "format": "[Gen 9] National Dex", "players": ["Zoowahp", "CanaryKill"], "log": "|j|☆Zoowahp\n|j|☆CanaryKill\n|t:|1771176389\n|gametype|singles\n|player|p1|Zoowahp|2|1534\n|player|p2|CanaryKill|101|1682\n|gen|9\n|tier|[Gen 9] National Dex\n|rated|\n|rule|HP Percentage Mod: HP is shown in percentages\n|rule|Endless Battle Clause: Forcing endless battles is banned\n|rule|Species Clause: Limit one of each Pokémon\n|rule|OHKO Clause: OHKO moves are banned\n|rule|Evasion Clause: Evasion abilities, items, and moves are banned\n|rule|Evasion Abilities Clause: Evasion abilities are banned\n|rule|Evasion Items Clause: Evasion items are banned\n|rule|Evasion Moves Clause: Evasion moves are banned\n|rule|Sleep Clause Mod: Limit one foe put to sleep\n|rule|Terastal Clause: You cannot Terastallize\n|clearpoke\n|poke|p1|Aerodactyl, M|\n|poke|p1|Latias, F|\n|poke|p1|Samurott-Hisui, M|\n|poke|p1|Heliolisk, M|\n|poke|p1|Great Tusk|\n|poke|p1|Iron Jugulis|\n|poke|p2|Iron Leaves|\n|poke|p2|Tapu Koko|\n|poke|p2|Great Tusk|\n|poke|p2|Charizard, F|\n|poke|p2|Iron Hands|\n|poke|p2|Iron Crown|\n|teampreview\n|inactive|Battle timer is ON: inactive players will automatically lose when time's up. (requested by CanaryKill)\n|\n|t:|1771176399\n|teamsize|p1|6\n|teamsize|p2|6\n|start\n|switch|p1a: Heliolisk|Heliolisk, M|100/100\n|switch|p2a: Charizard|Charizard, F|100/100\n|-item|p1a: Heliolisk|Air Balloon\n|turn|1\n|\n|t:|1771176404\n|switch|p2a: Iron Hands|Iron Hands|100/100\n|move|p1a: Heliolisk|Volt Switch|p2a: Iron Hands\n|-resisted|p2a: Iron Hands\n|-crit|p2a: Iron Hands\n|-damage|p2a: Iron Hands|85/100\n|\n|t:|1771176409\n|switch|p1a: Latias|Latias, F, shiny|100/100|[from] Volt Switch\n|\n|upkeep\n|turn|2\n|\n|t:|1771176412\n|-end|p2a: Iron Hands|Quark Drive|[silent]\n|switch|p2a: Tapu Koko|Tapu Koko|100/100\n|-fieldstart|move: Electric Terrain|[from] ability: Electric Surge|[of] p2a: Tapu Koko\n|move|p1a: Latias|Mist Ball|p2a: Tapu Koko\n|-damage|p2a: Tapu Koko|5/100\n|\n|upkeep\n|turn|3\n|\n|t:|1771176417\n|move|p2a: Tapu Koko|Dazzling Gleam|p1a: Latias\n|-supereffective|p1a: Latias\n|-damage|p1a: Latias|17/100\n|move|p1a: Latias|Mist Ball|p2a: Tapu Koko\n|-damage|p2a: Tapu Koko|0 fnt\n|faint|p2a: Tapu Koko\n|\n|upkeep\n|\n|t:|1771176425\n|switch|p2a: Iron Crown|Iron Crown|100/100\n|-activate|p2a: Iron Crown|ability: Quark Drive\n|-start|p2a: Iron Crown|quarkdrivespa\n|turn|4\n|\n|t:|1771176433\n|move|p2a: Iron Crown|Tachyon Cutter|p1a: Latias\n|-damage|p1a: Latias|0 fnt\n|faint|p1a: Latias\n|-hitcount|p1: Latias|1\n|\n|upkeep\n|\n|t:|1771176438\n|switch|p1a: Samurott|Samurott-Hisui, M|100/100\n|turn|5\n|\n|t:|1771176440\n|-end|p2a: Iron Crown|Quark Drive|[silent]\n|switch|p2a: Great Tusk|Great Tusk|100/100\n|move|p1a: Samurott|Ceaseless Edge|p2a: Great Tusk\n|-resisted|p2a: Great Tusk\n|-damage|p2a: Great Tusk|86/100\n|-damage|p1a: Samurott|84/100|[from] item: Rocky Helmet|[of] p2a: Great Tusk\n|-sidestart|p2: CanaryKill|Spikes\n|\n|upkeep\n|turn|6\n|\n|t:|1771176442\n|move|p2a: Great Tusk|Rapid Spin|p1a: Samurott\n|-damage|p1a: Samurott|64/100\n|-boost|p2a: Great Tusk|spe|1\n|-sideend|p2: CanaryKill|Spikes|[from] move: Rapid Spin|[of] p2a: Great Tusk\n|move|p1a: Samurott|Aqua Cutter|p2a: Great Tusk\n|-supereffective|p2a: Great Tusk\n|-damage|p2a: Great Tusk|14/100\n|\n|-fieldend|move: Electric Terrain\n|upkeep\n|turn|7\n|\n|t:|1771176445\n|move|p1a: Samurott|Aqua Jet|p2a: Great Tusk\n|-supereffective|p2a: Great Tusk\n|-damage|p2a: Great Tusk|0 fnt\n|-damage|p1a: Samurott|48/100|[from] item: Rocky Helmet|[of] p2a: Great Tusk\n|faint|p2a: Great Tusk\n|-end|p2a: Great Tusk|Protosynthesis|[silent]\n|\n|upkeep\n|\n|t:|1771176447\n|switch|p2a: Charizard|Charizard, F|100/100\n|turn|8\n|\n|t:|1771176452\n|detailschange|p2a: Charizard|Charizard-Mega-Y, F\n|-mega|p2a: Charizard|Charizard|Charizardite Y\n|-weather|SunnyDay|[from] ability: Drought|[of] p2a: Charizard\n|move|p2a: Charizard|Solar Beam||[still]\n|-prepare|p2a: Charizard|Solar Beam\n|-anim|p2a: Charizard|Solar Beam|p1a: Samurott\n|-supereffective|p1a: Samurott\n|-damage|p1a: Samurott|0 fnt\n|faint|p1a: Samurott\n|\n|-weather|SunnyDay|[upkeep]\n|upkeep\n|\n|t:|1771176463\n|switch|p1a: Heliolisk|Heliolisk, M|100/100\n|-item|p1a: Heliolisk|Air Balloon\n|turn|9\n|\n|t:|1771176468\n|move|p1a: Heliolisk|Glare|p2a: Charizard\n|-status|p2a: Charizard|par\n|move|p2a: Charizard|Weather Ball|p1a: Heliolisk\n|-damage|p1a: Heliolisk|0 fnt\n|-enditem|p1a: Heliolisk|Air Balloon\n|faint|p1a: Heliolisk\n|\n|-weather|SunnyDay|[upkeep]\n|upkeep\n|\n|t:|1771176473\n|switch|p1a: Aerodactyl|Aerodactyl, M|100/100\n|-ability|p1a: Aerodactyl|Pressure\n|turn|10\n|\n|t:|1771176479\n|detailschange|p1a: Aerodactyl|Aerodactyl-Mega, M\n|-mega|p1a: Aerodactyl|Aerodactyl|Aerodactylite\n|move|p1a: Aerodactyl|Dragon Dance|p1a: Aerodactyl\n|-boost|p1a: Aerodactyl|atk|1\n|-boost|p1a: Aerodactyl|spe|1\n|move|p2a: Charizard|Solar Beam||[still]\n|-prepare|p2a: Charizard|Solar Beam\n|-anim|p2a: Charizard|Solar Beam|p1a: Aerodactyl\n|-damage|p1a: Aerodactyl|45/100\n|\n|-weather|SunnyDay|[upkeep]\n|upkeep\n|turn|11\n|\n|t:|1771176490\n|move|p1a: Aerodactyl|Rock Slide|p2a: Charizard|[miss]\n|-miss|p1a: Aerodactyl|p2a: Charizard\n|cant|p2a: Charizard|par\n|\n|-weather|SunnyDay|[upkeep]\n|upkeep\n|turn|12\n|\n|t:|1771176494\n|move|p1a: Aerodactyl|Rock Slide|p2a: Charizard|[miss]\n|-miss|p1a: Aerodactyl|p2a: Charizard\n|move|p2a: Charizard|Solar Beam||[still]\n|-prepare|p2a: Charizard|Solar Beam\n|-anim|p2a: Charizard|Solar Beam|p1a: Aerodactyl\n|-damage|p1a: Aerodactyl|0 fnt\n|faint|p1a: Aerodactyl\n|detailschange|p1: Aerodactyl|Aerodactyl, M|[silent]\n|\n|-weather|none\n|upkeep\n|\n|t:|1771176501\n|switch|p1a: Iron Jugulis|Iron Jugulis, shiny|100/100\n|-enditem|p1a: Iron Jugulis|Booster Energy\n|-activate|p1a: Iron Jugulis|ability: Quark Drive|[fromitem]\n|-start|p1a: Iron Jugulis|quarkdrivespe\n|turn|13\n|\n|t:|1771176511\n|move|p1a: Iron Jugulis|Charge Beam|p2a: Charizard\n|-supereffective|p2a: Charizard\n|-damage|p2a: Charizard|63/100 par\n|-boost|p1a: Iron Jugulis|spa|1\n|move|p2a: Charizard|Overheat|p1a: Iron Jugulis\n|-damage|p1a: Iron Jugulis|3/100\n|-unboost|p2a: Charizard|spa|2\n|\n|upkeep\n|turn|14\n|\n|t:|1771176522\n|switch|p2a: Iron Hands|Iron Hands|85/100\n|move|p1a: Iron Jugulis|Dark Pulse|p2a: Iron Hands\n|-resisted|p2a: Iron Hands\n|-damage|p2a: Iron Hands|67/100\n|\n|upkeep\n|turn|15\n|\n|t:|1771176523\n|move|p1a: Iron Jugulis|Air Slash|p2a: Iron Hands\n|-damage|p2a: Iron Hands|29/100\n|move|p2a: Iron Hands|Thunder Punch|p1a: Iron Jugulis\n|-supereffective|p1a: Iron Jugulis\n|-damage|p1a: Iron Jugulis|0 fnt\n|faint|p1a: Iron Jugulis\n|-end|p1a: Iron Jugulis|Quark Drive|[silent]\n|\n|upkeep\n|\n|t:|1771176527\n|switch|p1a: Great Tusk|Great Tusk|100/100\n|turn|16\n|-message|Zoowahp forfeited.\n|\n|win|CanaryKill\n|raw|Zoowahp's rating: 1534 &rarr; <strong>1522</strong><br />(-12 for losing)\n|raw|CanaryKill's rating: 1682 &rarr; <strong>1694</strong><br />(+12 for winning)\n|l|☆Zoowahp\n|player|p1|\n|l|☆CanaryKill\n|player|p2|\n", "uploadtime": 1771176862, "views": 6, "formatid": "gen9nationaldex", "rating": 1522, "private": 0, "password": null}