{"id": "gen9nationaldex-2540425807", "format": "[Gen 9] National Dex", "players": ["goychomp", "Cerberus 17"], "log": "|j|☆goychomp\n|j|☆Cerberus 17\n|t:|1771200514\n|gametype|singles\n|player|p1|goychomp|li|1737\n|player|p2|Cerberus 17|cynthia-gen4|1723\n|gen|9\n|tier|[Gen 9] National Dex\n|rated|\n|rule|HP Percentage Mod: HP is shown in percentages\n|rule|Endless Battle Clause: Forcing endless battles is banned\n|rule|Species Clause: Limit one of each Pokémon\n|rule|OHKO Clause: OHKO moves are banned\n|rule|Evasion Clause: Evasion abilities, items, and moves are banned\n|rule|Evasion Abilities Clause: Evasion abilities are banned\n|rule|Evasion Items Clause: Evasion items are banned\n|rule|Evasion Moves Clause: Evasion moves are banned\n|rule|Sleep Clause Mod: Limit one foe put to sleep\n|rule|Terastal Clause: You cannot Terastallize\n|clearpoke\n|poke|p1|Diancie|\n|poke|p1|Garchomp, M|\n|poke|p1|Dragonite, M|\n|poke|p1|Volcarona, F|\n|poke|p1|Terapagos, M|\n|poke|p1|Kingambit, M|\n|poke|p2|Tyranitar, F|\n|poke|p2|Kartana|\n|poke|p2|Diancie|\n|poke|p2|Excadrill, M|\n|poke|p2|Sinistcha-Masterpiece|\n|poke|p2|Kommo-o, M|\n|teampreview\n|inactive|Battle timer is ON: inactive players will automatically lose when time's up. (requested by Cerberus 17)\n|\n|t:|1771200526\n|teamsize|p1|6\n|teamsize|p2|6\n|start\n|switch|p1a: Diancie|Diancie|100/100\n|switch|p2a: Tyranitar|Tyranitar, F|100/100\n|-weather|Sandstorm|[from] ability: Sand Stream|[of] p2a: Tyranitar\n|turn|1\n|\n|t:|1771200538\n|switch|p2a: Excadrill|Excadrill, M|100/100\n|move|p1a: Diancie|Stealth Rock|p2a: Excadrill\n|-sidestart|p2: Cerberus 17|move: Stealth Rock\n|\n|-weather|Sandstorm|[upkeep]\n|upkeep\n|turn|2\n|\n|t:|1771200545\n|move|p2a: Excadrill|Earthquake|p1a: Diancie\n|-supereffective|p1a: Diancie\n|-damage|p1a: Diancie|0 fnt\n|faint|p1a: Diancie\n|\n|-weather|Sandstorm|[upkeep]\n|upkeep\n|\n|t:|1771200551\n|switch|p1a: Garchomp|Garchomp, M|100/100\n|turn|3\n|\n|t:|1771200556\n|switch|p2a: Sinistcha|Sinistcha-Masterpiece|100/100\n|-damage|p2a: Sinistcha|88/100|[from] Stealth Rock\n|move|p1a: Garchomp|Earthquake|p2a: Sinistcha\n|-resisted|p2a: Sinistcha\n|-damage|p2a: Sinistcha|72/100\n|\n|-weather|Sandstorm|[upkeep]\n|-damage|p2a: Sinistcha|66/100|[from] Sandstorm\n|-heal|p2a: Sinistcha|72/100|[from] item: Leftovers\n|upkeep\n|turn|4\n|\n|t:|1771200562\n|move|p1a: Garchomp|Swords Dance|p1a: Garchomp\n|-boost|p1a: Garchomp|atk|2\n|move|p2a: Sinistcha|Matcha Gotcha|p1a: Garchomp\n|-damage|p1a: Garchomp|68/100\n|-heal|p2a: Sinistcha|89/100|[from] drain|[of] p1a: Garchomp\n|-status|p1a: Garchomp|brn\n|\n|-weather|Sandstorm|[upkeep]\n|-damage|p2a: Sinistcha|83/100|[from] Sandstorm\n|-heal|p2a: Sinistcha|89/100|[from] item: Leftovers\n|-damage|p1a: Garchomp|62/100 brn|[from] brn\n|upkeep\n|turn|5\n|\n|t:|1771200566\n|move|p1a: Garchomp|Scale Shot|p2a: Sinistcha\n|-damage|p2a: Sinistcha|79/100\n|-damage|p2a: Sinistcha|70/100\n|-damage|p2a: Sinistcha|60/100\n|-damage|p2a: Sinistcha|51/100\n|-damage|p2a: Sinistcha|43/100\n|-hitcount|p2a: Sinistcha|5\n|-unboost|p1a: Garchomp|def|1\n|-boost|p1a: Garchomp|spe|1\n|move|p2a: Sinistcha|Calm Mind|p2a: Sinistcha\n|-boost|p2a: Sinistcha|spa|1\n|-boost|p2a: Sinistcha|spd|1\n|\n|-weather|Sandstorm|[upkeep]\n|-damage|p2a: Sinistcha|37/100|[from] Sandstorm\n|-heal|p2a: Sinistcha|43/100|[from] item: Leftovers\n|-damage|p1a: Garchomp|55/100 brn|[from] brn\n|upkeep\n|turn|6\n|\n|t:|1771200574\n|move|p1a: Garchomp|Scale Shot|p2a: Sinistcha\n|-damage|p2a: Sinistcha|34/100\n|-damage|p2a: Sinistcha|25/100\n|-damage|p2a: Sinistcha|16/100\n|-damage|p2a: Sinistcha|6/100\n|-damage|p2a: Sinistcha|0 fnt\n|faint|p2a: Sinistcha\n|-hitcount|p2: Sinistcha|5\n|-unboost|p1a: Garchomp|def|1\n|-boost|p1a: Garchomp|spe|1\n|\n|-weather|Sandstorm|[upkeep]\n|-damage|p1a: Garchomp|49/100 brn|[from] brn\n|upkeep\n|\n|t:|1771200597\n|switch|p2a: Kartana|Kartana|100/100\n|-damage|p2a: Kartana|94/100|[from] Stealth Rock\n|turn|7\n|\n|t:|1771200606\n|move|p1a: Garchomp|Fire Fang|p2a: Kartana\n|-supereffective|p2a: Kartana\n|-damage|p2a: Kartana|3/100\n|-status|p2a: Kartana|brn\n|move|p2a: Kartana|Knock Off|p1a: Garchomp\n|-damage|p1a: Garchomp|3/100 brn\n|-damage|p2a: Kartana|0 fnt|[from] ability: Rough Skin|[of] p1a: Garchomp\n|faint|p2a: Kartana\n|\n|-weather|Sandstorm|[upkeep]\n|-damage|p1a: Garchomp|0 fnt|[from] brn\n|faint|p1a: Garchomp\n|upkeep\n|\n|t:|1771200619\n|switch|p1a: Kingambit|Kingambit, M, shiny|100/100\n|switch|p2a: Diancie|Diancie|100/100\n|-damage|p2a: Diancie|88/100|[from] Stealth Rock\n|-activate|p1a: Kingambit|ability: Supreme Overlord\n|-start|p1a: Kingambit|fallen2|[silent]\n|turn|8\n|\n|t:|1771200637\n|switch|p2a: Excadrill|Excadrill, M|100/100\n|-damage|p2a: Excadrill|97/100|[from] Stealth Rock\n|move|p1a: Kingambit|Iron Head|p2a: Excadrill\n|-resisted|p2a: Excadrill\n|-damage|p2a: Excadrill|55/100\n|\n|-weather|none\n|upkeep\n|turn|9\n|\n|t:|1771200645\n|move|p1a: Kingambit|Sucker Punch|p2a: Excadrill\n|-damage|p2a: Excadrill|0 fnt\n|faint|p2a: Excadrill\n|\n|upkeep\n|\n|t:|1771200649\n|switch|p2a: Kommo-o|Kommo-o, M|100/100\n|-damage|p2a: Kommo-o|94/100|[from] Stealth Rock\n|turn|10\n|\n|t:|1771200660\n|-zpower|p2a: Kommo-o\n|move|p2a: Kommo-o|Clangorous Soulblaze|p1a: Kingambit|[zeffect]\n|-resisted|p1a: Kingambit\n|-damage|p1a: Kingambit|51/100\n|-boost|p2a: Kommo-o|atk|1\n|-boost|p2a: Kommo-o|def|1\n|-boost|p2a: Kommo-o|spa|1\n|-boost|p2a: Kommo-o|spd|1\n|-boost|p2a: Kommo-o|spe|1\n|move|p1a: Kingambit|Iron Head|p2a: Kommo-o\n|-damage|p2a: Kommo-o|58/100\n|\n|upkeep\n|turn|11\n|\n|t:|1771200665\n|move|p1a: Kingambit|Sucker Punch|p2a: Kommo-o\n|-resisted|p2a: Kommo-o\n|-damage|p2a: Kommo-o|40/100\n|move|p2a: Kommo-o|Drain Punch|p1a: Kingambit\n|-supereffective|p1a: Kingambit\n|-damage|p1a: Kingambit|0 fnt\n|-heal|p2a: Kommo-o|69/100|[from] drain|[of] p1a: Kingambit\n|faint|p1a: Kingambit\n|-end|p1a: Kingambit|fallen2|[silent]\n|\n|upkeep\n|\n|t:|1771200671\n|switch|p1a: Dragonite|Dragonite, M|100/100\n|turn|12\n|\n|t:|1771200677\n|move|p2a: Kommo-o|Poison Jab|p1a: Dragonite\n|-damage|p1a: Dragonite|84/100\n|-zpower|p1a: Dragonite\n|move|p1a: Dragonite|Devastating Drake|p2a: Kommo-o|[zeffect]\n|-supereffective|p2a: Kommo-o\n|-damage|p2a: Kommo-o|0 fnt\n|faint|p2a: Kommo-o\n|\n|upkeep\n|\n|t:|1771200689\n|switch|p2a: Diancie|Diancie|88/100\n|-damage|p2a: Diancie|76/100|[from] Stealth Rock\n|turn|13\n|\n|t:|1771200695\n|detailschange|p2a: Diancie|Diancie-Mega\n|-mega|p2a: Diancie|Diancie|Diancite\n|move|p2a: Diancie|Diamond Storm|p1a: Dragonite|[miss]\n|-miss|p2a: Diancie|p1a: Dragonite\n|move|p1a: Dragonite|Dragon Dance|p1a: Dragonite\n|-boost|p1a: Dragonite|atk|1\n|-boost|p1a: Dragonite|spe|1\n|\n|upkeep\n|turn|14\n|\n|t:|1771200701\n|move|p1a: Dragonite|Earthquake|p2a: Diancie\n|-supereffective|p2a: Diancie\n|-damage|p2a: Diancie|0 fnt\n|faint|p2a: Diancie\n|detailschange|p2: Diancie|Diancie|[silent]\n|\n|upkeep\n|\n|t:|1771200703\n|switch|p2a: Tyranitar|Tyranitar, F|100/100\n|-damage|p2a: Tyranitar|88/100|[from] Stealth Rock\n|-weather|Sandstorm|[from] ability: Sand Stream|[of] p2a: Tyranitar\n|turn|15\n|\n|t:|1771200707\n|move|p1a: Dragonite|Earthquake|p2a: Tyranitar\n|-supereffective|p2a: Tyranitar\n|-damage|p2a: Tyranitar|12/100\n|move|p2a: Tyranitar|Stone Edge|p1a: Dragonite\n|-supereffective|p1a: Dragonite\n|-damage|p1a: Dragonite|0 fnt\n|faint|p1a: Dragonite\n|\n|-weather|Sandstorm|[upkeep]\n|upkeep\n|\n|t:|1771200710\n|switch|p1a: Volcarona|Volcarona, F|100/100\n|turn|16\n|\n|t:|1771200713\n|move|p1a: Volcarona|Bug Buzz|p2a: Tyranitar\n|-supereffective|p2a: Tyranitar\n|-crit|p2a: Tyranitar\n|-damage|p2a: Tyranitar|0 fnt\n|faint|p2a: Tyranitar\n|\n|win|goychomp\n|raw|goychomp's rating: 1737 &rarr; <strong>1756</strong><br />(+19 for winning)\n|raw|Cerberus 17's rating: 1723 &rarr; <strong>1704</strong><br />(-19 for losing)\n|l|☆goychomp\n|player|p1|\n|l|☆Cerberus 17\n|player|p2|\n", "uploadtime": 1771200942, "views": 7, "formatid": "gen9nationaldex", "rating": 1704, "private": 0, "password": null}