{"id": "gen9nationaldex-2540581318", "format": "[Gen 9] National Dex", "players": ["peashooter xia", "riderzitto5"], "log": "|j|☆peashooter xia\n|j|☆riderzitto5\n|t:|1771221473\n|gametype|singles\n|player|p1|peashooter xia|dawn|1680\n|player|p2|riderzitto5|petrel|1798\n|gen|9\n|tier|[Gen 9] National Dex\n|rated|\n|rule|HP Percentage Mod: HP is shown in percentages\n|rule|Endless Battle Clause: Forcing endless battles is banned\n|rule|Species Clause: Limit one of each Pokémon\n|rule|OHKO Clause: OHKO moves are banned\n|rule|Evasion Clause: Evasion abilities, items, and moves are banned\n|rule|Evasion Abilities Clause: Evasion abilities are banned\n|rule|Evasion Items Clause: Evasion items are banned\n|rule|Evasion Moves Clause: Evasion moves are banned\n|rule|Sleep Clause Mod: Limit one foe put to sleep\n|rule|Terastal Clause: You cannot Terastallize\n|clearpoke\n|poke|p1|Tornadus-Therian, M|\n|poke|p1|Gliscor, M|\n|poke|p1|Toxapex, M|\n|poke|p1|Scizor, M|\n|poke|p1|Reuniclus, M|\n|poke|p1|Hydrapple, M|\n|poke|p2|Chansey, F|\n|poke|p2|Toxapex, F|\n|poke|p2|Gliscor, F|\n|poke|p2|Clodsire, F|\n|poke|p2|Dondozo, M|\n|poke|p2|Sableye, M|\n|teampreview\n|\n|t:|1771221487\n|teamsize|p1|6\n|teamsize|p2|6\n|start\n|switch|p1a: Toxapex|Toxapex, M|100/100\n|switch|p2a: Timid|Sableye, M, shiny|100/100\n|turn|1\n|\n|t:|1771221491\n|detailschange|p2a: Timid|Sableye-Mega, M, shiny\n|-mega|p2a: Timid|Sableye|Sablenite\n|move|p1a: Toxapex|Scald|p2a: Timid\n|-damage|p2a: Timid|83/100\n|move|p2a: Timid|Knock Off|p1a: Toxapex\n|-damage|p1a: Toxapex|76/100\n|-enditem|p1a: Toxapex|Heavy-Duty Boots|[from] move: Knock Off|[of] p2a: Timid\n|\n|upkeep\n|turn|2\n|\n|t:|1771221496\n|move|p1a: Toxapex|Scald|p2a: Timid\n|-damage|p2a: Timid|68/100\n|move|p2a: Timid|Will-O-Wisp|p1a: Toxapex\n|-status|p1a: Toxapex|brn\n|\n|-damage|p1a: Toxapex|70/100 brn|[from] brn\n|upkeep\n|turn|3\n|\n|t:|1771221502\n|move|p2a: Timid|Protect|p2a: Timid\n|-singleturn|p2a: Timid|Protect\n|move|p1a: Toxapex|Scald|p2a: Timid\n|-activate|p2a: Timid|move: Protect\n|\n|-damage|p1a: Toxapex|65/100 brn|[from] brn\n|upkeep\n|turn|4\n|\n|t:|1771221506\n|switch|p2a: ThePex|Toxapex, F, shiny|100/100\n|move|p1a: Toxapex|Scald|p2a: ThePex\n|-resisted|p2a: ThePex\n|-damage|p2a: ThePex|94/100\n|-status|p2a: ThePex|brn\n|\n|-damage|p2a: ThePex|88/100 brn|[from] brn\n|-damage|p1a: Toxapex|59/100 brn|[from] brn\n|upkeep\n|turn|5\n|\n|t:|1771221519\n|switch|p1a: Reuniclus|Reuniclus, M|100/100\n|move|p2a: ThePex|Toxic Spikes|p1a: Reuniclus\n|-sidestart|p1: peashooter xia|move: Toxic Spikes\n|\n|-damage|p2a: ThePex|82/100 brn|[from] brn\n|upkeep\n|turn|6\n|\n|t:|1771221524\n|switch|p2a: EggChan|Chansey, F, shiny|100/100\n|switch|p1a: Gliscor|Gliscor, M|100/100\n|\n|-status|p1a: Gliscor|tox|[from] item: Toxic Orb\n|upkeep\n|turn|7\n|\n|t:|1771221534\n|switch|p2a: Timid|Sableye-Mega, M, shiny|68/100\n|move|p1a: Gliscor|Earthquake|p2a: Timid\n|-damage|p2a: Timid|46/100\n|\n|upkeep\n|turn|8\n|\n|t:|1771221543\n|switch|p1a: Scizor|Scizor, M|100/100\n|move|p2a: Timid|Recover|p2a: Timid\n|-heal|p2a: Timid|96/100\n|\n|upkeep\n|turn|9\n|\n|t:|1771221546\n|detailschange|p1a: Scizor|Scizor-Mega, M\n|-mega|p1a: Scizor|Scizor|Scizorite\n|move|p1a: Scizor|U-turn|p2a: Timid\n|-damage|p2a: Timid|73/100\n|\n|t:|1771221551\n|switch|p1a: Toxapex|Toxapex, M|92/100 brn|[from] U-turn\n|-sideend|p1: peashooter xia|move: Toxic Spikes|[of] p1a: Toxapex\n|move|p2a: Timid|Will-O-Wisp|p1a: Toxapex\n|-fail|p1a: Toxapex|brn\n|\n|-damage|p1a: Toxapex|86/100 brn|[from] brn\n|upkeep\n|turn|10\n|\n|t:|1771221555\n|switch|p2a: ThePex|Toxapex, F, shiny|100/100 brn\n|move|p1a: Toxapex|Scald|p2a: ThePex\n|-resisted|p2a: ThePex\n|-damage|p2a: ThePex|95/100 brn\n|\n|-damage|p2a: ThePex|89/100 brn|[from] brn\n|-damage|p1a: Toxapex|80/100 brn|[from] brn\n|upkeep\n|turn|11\n|\n|t:|1771221560\n|switch|p1a: Gliscor|Gliscor, M|100/100 tox\n|move|p2a: ThePex|Toxic Spikes|p1a: Gliscor\n|-sidestart|p1: peashooter xia|move: Toxic Spikes\n|\n|-damage|p2a: ThePex|83/100 brn|[from] brn\n|upkeep\n|turn|12\n|\n|t:|1771221564\n|switch|p2a: Poison|Gliscor, F, shiny|100/100\n|move|p1a: Gliscor|Stealth Rock|p2a: Poison\n|-sidestart|p2: riderzitto5|move: Stealth Rock\n|\n|-status|p2a: Poison|tox|[from] item: Toxic Orb\n|upkeep\n|turn|13\n|\n|t:|1771221573\n|switch|p1a: Reuniclus|Reuniclus, M|100/100\n|-status|p1a: Reuniclus|psn\n|move|p2a: Poison|Defog|p1a: Reuniclus\n|-unboost|p1a: Reuniclus|evasion|1\n|-sideend|p1: peashooter xia|Toxic Spikes|[from] move: Defog|[of] p2a: Poison\n|-sideend|p2: riderzitto5|Stealth Rock|[from] move: Defog|[of] p2a: Poison\n|\n|upkeep\n|turn|14\n|\n|t:|1771221578\n|move|p2a: Poison|Knock Off|p1a: Reuniclus\n|-supereffective|p1a: Reuniclus\n|-damage|p1a: Reuniclus|81/100 psn\n|move|p1a: Reuniclus|Calm Mind|p1a: Reuniclus\n|-boost|p1a: Reuniclus|spa|1\n|-boost|p1a: Reuniclus|spd|1\n|\n|upkeep\n|turn|15\n|\n|t:|1771221605\n|switch|p2a: Fish|Dondozo, M, shiny|100/100\n|move|p1a: Reuniclus|Stored Power|p2a: Fish\n|-damage|p2a: Fish|77/100\n|\n|-heal|p2a: Fish|83/100|[from] item: Leftovers\n|upkeep\n|turn|16\n|\n|t:|1771221610\n|switch|p1a: Hydrapple|Hydrapple, M|100/100\n|move|p2a: Fish|Curse|p2a: Fish\n|-unboost|p2a: Fish|spe|1\n|-boost|p2a: Fish|atk|1\n|-boost|p2a: Fish|def|1\n|\n|-heal|p2a: Fish|90/100|[from] item: Leftovers\n|upkeep\n|turn|17\n|l|☆peashooter xia\n|player|p1|\n|\n|t:|1771221618\n|switch|p2a: hehhehe|Clodsire, F, shiny|100/100\n|move|p1a: Hydrapple|Giga Drain|p2a: hehhehe\n|-damage|p2a: hehhehe|83/100\n|\n|-heal|p2a: hehhehe|90/100|[from] item: Black Sludge\n|upkeep\n|turn|18\n|j|☆peashooter xia\n|player|p1|peashooter xia|dawn|\n|inactive|Battle timer is ON: inactive players will automatically lose when time's up. (requested by riderzitto5)\n|c|☆riderzitto5|你好\n|inactive|peashooter xia has 120 seconds left.\n|\n|t:|1771221694\n|switch|p1a: Gliscor|Gliscor, M|100/100 tox\n|move|p2a: hehhehe|Stealth Rock|p1a: Gliscor\n|-sidestart|p1: peashooter xia|move: Stealth Rock\n|\n|-heal|p2a: hehhehe|96/100|[from] item: Black Sludge\n|upkeep\n|turn|19\n|c|☆peashooter xia|sry\n|inactive|riderzitto5 has 120 seconds left.\n|\n|t:|1771221725\n|switch|p2a: Poison|Gliscor, F, shiny|100/100 tox\n|move|p1a: Gliscor|Stealth Rock|p2a: Poison\n|-sidestart|p2: riderzitto5|move: Stealth Rock\n|\n|upkeep\n|turn|20\n|\n|t:|1771221729\n|move|p2a: Poison|Spikes|p1a: Gliscor\n|-sidestart|p1: peashooter xia|Spikes\n|move|p1a: Gliscor|Earthquake|p2a: Poison\n|-immune|p2a: Poison\n|\n|upkeep\n|turn|21\n|c|☆peashooter xia|国人吗？\n|c|☆riderzitto5|是的\n|\n|t:|1771221746\n|move|p1a: Gliscor|Toxic|p2a: Poison\n|-fail|p2a: Poison|tox\n|move|p2a: Poison|Spikes|p1a: Gliscor\n|-sidestart|p1: peashooter xia|Spikes\n|\n|upkeep\n|turn|22\n|\n|t:|1771221752\n|switch|p1a: Reuniclus|Reuniclus, M|81/100 psn\n|move|p2a: Poison|Spikes|p1a: Reuniclus\n|-sidestart|p1: peashooter xia|Spikes\n|\n|upkeep\n|turn|23\n|\n|t:|1771221760\n|switch|p2a: EggChan|Chansey, F, shiny|100/100\n|-damage|p2a: EggChan|88/100|[from] Stealth Rock\n|move|p1a: Reuniclus|Calm Mind|p1a: Reuniclus\n|-boost|p1a: Reuniclus|spa|1\n|-boost|p1a: Reuniclus|spd|1\n|\n|upkeep\n|turn|24\n|\n|t:|1771221765\n|move|p2a: EggChan|Seismic Toss|p1a: Reuniclus\n|-damage|p1a: Reuniclus|57/100 psn\n|move|p1a: Reuniclus|Calm Mind|p1a: Reuniclus\n|-boost|p1a: Reuniclus|spa|1\n|-boost|p1a: Reuniclus|spd|1\n|\n|upkeep\n|turn|25\n|\n|t:|1771221768\n|move|p2a: EggChan|Seismic Toss|p1a: Reuniclus\n|-damage|p1a: Reuniclus|33/100 psn\n|move|p1a: Reuniclus|Recover|p1a: Reuniclus\n|-heal|p1a: Reuniclus|83/100 psn\n|\n|upkeep\n|turn|26\n|\n|t:|1771221771\n|move|p2a: EggChan|Seismic Toss|p1a: Reuniclus\n|-damage|p1a: Reuniclus|60/100 psn\n|move|p1a: Reuniclus|Calm Mind|p1a: Reuniclus\n|-boost|p1a: Reuniclus|spa|1\n|-boost|p1a: Reuniclus|spd|1\n|\n|upkeep\n|turn|27\n|\n|t:|1771221775\n|move|p2a: EggChan|Seismic Toss|p1a: Reuniclus\n|-damage|p1a: Reuniclus|36/100 psn\n|move|p1a: Reuniclus|Recover|p1a: Reuniclus\n|-heal|p1a: Reuniclus|86/100 psn\n|\n|upkeep\n|turn|28\n|\n|t:|1771221778\n|move|p2a: EggChan|Seismic Toss|p1a: Reuniclus\n|-damage|p1a: Reuniclus|63/100 psn\n|-zpower|p1a: Reuniclus\n|move|p1a: Reuniclus|All-Out Pummeling|p2a: EggChan|[zeffect]\n|-supereffective|p2a: EggChan\n|-damage|p2a: EggChan|22/100\n|\n|upkeep\n|turn|29\n|\n|t:|1771221782\n|move|p2a: EggChan|Soft-Boiled|p2a: EggChan\n|-heal|p2a: EggChan|72/100\n|move|p1a: Reuniclus|Stored Power|p2a: EggChan\n|-damage|p2a: EggChan|36/100\n|\n|upkeep\n|turn|30\n|\n|t:|1771221786\n|move|p2a: EggChan|Soft-Boiled|p2a: EggChan\n|-heal|p2a: EggChan|86/100\n|move|p1a: Reuniclus|Calm Mind|p1a: Reuniclus\n|-boost|p1a: Reuniclus|spa|1\n|-boost|p1a: Reuniclus|spd|1\n|\n|upkeep\n|turn|31\n|\n|t:|1771221792\n|switch|p2a: Timid|Sableye-Mega, M, shiny|73/100\n|-damage|p2a: Timid|61/100|[from] Stealth Rock\n|move|p1a: Reuniclus|Recover|p1a: Reuniclus\n|-heal|p1a: Reuniclus|100/100 psn\n|\n|upkeep\n|turn|32\n|\n|t:|1771221798\n|switch|p1a: Gliscor|Gliscor, M|100/100 tox\n|-damage|p1a: Gliscor|88/100 tox|[from] Stealth Rock\n|move|p2a: Timid|Recover|p2a: Timid\n|-heal|p2a: Timid|100/100\n|\n|-heal|p1a: Gliscor|100/100 tox|[from] ability: Poison Heal\n|upkeep\n|turn|33\n|\n|t:|1771221803\n|switch|p2a: Poison|Gliscor, F, shiny|100/100 tox\n|-damage|p2a: Poison|88/100 tox|[from] Stealth Rock\n|move|p1a: Gliscor|Toxic|p2a: Poison\n|-fail|p2a: Poison|tox\n|\n|-heal|p2a: Poison|100/100 tox|[from] ability: Poison Heal\n|upkeep\n|turn|34\n|\n|t:|1771221810\n|switch|p1a: Reuniclus|Reuniclus, M|100/100 psn\n|move|p2a: Poison|Knock Off|p1a: Reuniclus\n|-supereffective|p1a: Reuniclus\n|-damage|p1a: Reuniclus|80/100 psn\n|\n|upkeep\n|turn|35\n|\n|t:|1771221815\n|move|p2a: Poison|Knock Off|p1a: Reuniclus\n|-supereffective|p1a: Reuniclus\n|-damage|p1a: Reuniclus|60/100 psn\n|move|p1a: Reuniclus|Calm Mind|p1a: Reuniclus\n|-boost|p1a: Reuniclus|spa|1\n|-boost|p1a: Reuniclus|spd|1\n|\n|upkeep\n|turn|36\n|\n|t:|1771221821\n|switch|p2a: Timid|Sableye-Mega, M, shiny|100/100\n|-damage|p2a: Timid|88/100|[from] Stealth Rock\n|move|p1a: Reuniclus|Stored Power|p2a: Timid\n|-immune|p2a: Timid\n|\n|upkeep\n|turn|37\n|\n|t:|1771221826\n|switch|p1a: Gliscor|Gliscor, M|100/100 tox\n|-damage|p1a: Gliscor|88/100 tox|[from] Stealth Rock\n|move|p2a: Timid|Knock Off|p1a: Gliscor\n|-damage|p1a: Gliscor|65/100 tox\n|-enditem|p1a: Gliscor|Toxic Orb|[from] move: Knock Off|[of] p2a: Timid\n|\n|-heal|p1a: Gliscor|77/100 tox|[from] ability: Poison Heal\n|upkeep\n|turn|38\n|-message|peashooter xia forfeited.\n|\n|win|riderzitto5\n|raw|peashooter xia's rating: 1680 &rarr; <strong>1667</strong><br />(-13 for losing)\n|raw|riderzitto5's rating: 1798 &rarr; <strong>1811</strong><br />(+13 for winning)\n|l|☆peashooter xia\n|player|p1|\n|l|☆riderzitto5\n|player|p2|\n", "uploadtime": 1771221999, "views": 6, "formatid": "gen9nationaldex", "rating": 1667, "private": 0, "password": null}