{"id": "gen9nationaldex-2540953635", "format": "[Gen 9] National Dex", "players": ["ffuy", "TDPapa2410"], "log": "|j|☆ffuy\n|j|☆TDPapa2410\n|t:|1771270415\n|gametype|singles\n|player|p1|ffuy|1|1506\n|player|p2|TDPapa2410|169|1577\n|gen|9\n|tier|[Gen 9] National Dex\n|rated|\n|rule|HP Percentage Mod: HP is shown in percentages\n|rule|Endless Battle Clause: Forcing endless battles is banned\n|rule|Species Clause: Limit one of each Pokémon\n|rule|OHKO Clause: OHKO moves are banned\n|rule|Evasion Clause: Evasion abilities, items, and moves are banned\n|rule|Evasion Abilities Clause: Evasion abilities are banned\n|rule|Evasion Items Clause: Evasion items are banned\n|rule|Evasion Moves Clause: Evasion moves are banned\n|rule|Sleep Clause Mod: Limit one foe put to sleep\n|rule|Terastal Clause: You cannot Terastallize\n|clearpoke\n|poke|p1|Diancie|\n|poke|p1|Tyranitar, F|\n|poke|p1|Alomomola, M|\n|poke|p1|Urshifu-*, F|\n|poke|p1|Kyurem|\n|poke|p1|Gliscor, M|\n|poke|p2|Greninja-*, F|\n|poke|p2|Pawmot, F|\n|poke|p2|Landorus-Therian, M|\n|poke|p2|Heatran, M|\n|poke|p2|Terapagos, M|\n|poke|p2|Diancie|\n|teampreview\n|inactive|Battle timer is ON: inactive players will automatically lose when time's up. (requested by ffuy)\n|\n|t:|1771270438\n|teamsize|p1|6\n|teamsize|p2|6\n|start\n|switch|p1a: Tyranitar|Tyranitar, F|100/100\n|switch|p2a: Pawmot|Pawmot, F|100/100\n|-weather|Sandstorm|[from] ability: Sand Stream|[of] p1a: Tyranitar\n|turn|1\n|\n|t:|1771270447\n|switch|p1a: Alomomola|Alomomola, M|100/100\n|move|p2a: Pawmot|Close Combat|p1a: Alomomola\n|-damage|p1a: Alomomola|58/100\n|-unboost|p2a: Pawmot|def|1\n|-unboost|p2a: Pawmot|spd|1\n|-damage|p2a: Pawmot|84/100|[from] item: Rocky Helmet|[of] p1a: Alomomola\n|-damage|p2a: Pawmot|74/100|[from] item: Life Orb\n|\n|-weather|Sandstorm|[upkeep]\n|-damage|p2a: Pawmot|68/100|[from] Sandstorm\n|-damage|p1a: Alomomola|52/100|[from] Sandstorm\n|upkeep\n|turn|2\n|\n|t:|1771270455\n|switch|p1a: Gliscor|Gliscor, M|100/100\n|move|p2a: Pawmot|Double Shock|p1a: Gliscor\n|-immune|p1a: Gliscor\n|\n|-weather|Sandstorm|[upkeep]\n|-damage|p2a: Pawmot|62/100|[from] Sandstorm\n|-status|p1a: Gliscor|tox|[from] item: Toxic Orb\n|upkeep\n|turn|3\n|\n|t:|1771270465\n|switch|p1a: Kyurem|Kyurem|100/100\n|-ability|p1a: Kyurem|Pressure\n|move|p2a: Pawmot|Ice Punch|p1a: Kyurem\n|-damage|p1a: Kyurem|71/100\n|-damage|p2a: Pawmot|52/100|[from] item: Life Orb\n|\n|-weather|Sandstorm|[upkeep]\n|-damage|p1a: Kyurem|65/100|[from] Sandstorm\n|-damage|p2a: Pawmot|46/100|[from] Sandstorm\n|upkeep\n|turn|4\n|\n|t:|1771270477\n|move|p1a: Kyurem|Earth Power|p2a: Pawmot\n|-supereffective|p2a: Pawmot\n|-damage|p2a: Pawmot|0 fnt\n|faint|p2a: Pawmot\n|\n|-weather|Sandstorm|[upkeep]\n|-damage|p1a: Kyurem|59/100|[from] Sandstorm\n|upkeep\n|\n|t:|1771270489\n|switch|p2a: Landorus|Landorus-Therian, M|100/100\n|-ability|p2a: Landorus|Intimidate|boost\n|-unboost|p1a: Kyurem|atk|1\n|turn|5\n|\n|t:|1771270492\n|switch|p1a: Gliscor|Gliscor, M|100/100 tox\n|move|p2a: Landorus|Swords Dance|p2a: Landorus\n|-boost|p2a: Landorus|atk|2\n|\n|-weather|none\n|upkeep\n|turn|6\n|\n|t:|1771270497\n|-zpower|p2a: Landorus\n|move|p2a: Landorus|Supersonic Skystrike|p1a: Gliscor|[zeffect]\n|-damage|p1a: Gliscor|0 fnt\n|faint|p1a: Gliscor\n|\n|upkeep\n|\n|t:|1771270506\n|switch|p1a: Urshifu|Urshifu-Rapid-Strike, F|100/100\n|turn|7\n|\n|t:|1771270514\n|move|p1a: Urshifu|Surging Strikes|p2a: Landorus\n|-supereffective|p2a: Landorus\n|-crit|p2a: Landorus\n|-damage|p2a: Landorus|52/100\n|-supereffective|p2a: Landorus\n|-crit|p2a: Landorus\n|-damage|p2a: Landorus|6/100\n|-supereffective|p2a: Landorus\n|-crit|p2a: Landorus\n|-damage|p2a: Landorus|0 fnt\n|faint|p2a: Landorus\n|-hitcount|p2: Landorus|3\n|\n|upkeep\n|\n|t:|1771270517\n|switch|p2a: Diancie|Diancie|100/100\n|turn|8\n|\n|t:|1771270522\n|switch|p1a: Tyranitar|Tyranitar, F|100/100\n|-weather|Sandstorm|[from] ability: Sand Stream|[of] p1a: Tyranitar\n|detailschange|p2a: Diancie|Diancie-Mega\n|-mega|p2a: Diancie|Diancie|Diancite\n|move|p2a: Diancie|Moonblast|p1a: Tyranitar\n|-supereffective|p1a: Tyranitar\n|-damage|p1a: Tyranitar|69/100\n|-unboost|p1a: Tyranitar|spa|1\n|\n|-weather|Sandstorm|[upkeep]\n|upkeep\n|turn|9\n|\n|t:|1771270530\n|move|p2a: Diancie|Diamond Storm|p1a: Tyranitar\n|-damage|p1a: Tyranitar|31/100\n|move|p1a: Tyranitar|Earthquake|p2a: Diancie\n|-supereffective|p2a: Diancie\n|-damage|p2a: Diancie|26/100\n|\n|-weather|Sandstorm|[upkeep]\n|upkeep\n|turn|10\n|inactive|ffuy has 120 seconds left.\n|\n|t:|1771270562\n|move|p2a: Diancie|Diamond Storm|p1a: Tyranitar\n|-damage|p1a: Tyranitar|0 fnt\n|faint|p1a: Tyranitar\n|\n|-weather|Sandstorm|[upkeep]\n|upkeep\n|\n|t:|1771270565\n|switch|p1a: Kyurem|Kyurem|59/100\n|-ability|p1a: Kyurem|Pressure\n|turn|11\n|\n|t:|1771270573\n|switch|p2a: Terapagos|Terapagos, M|100/100\n|-activate|p2a: Terapagos|ability: Tera Shift\n|detailschange|p2a: Terapagos|Terapagos-Terastal, M\n|-heal|p2a: Terapagos|100/100|[silent]\n|move|p1a: Kyurem|Earth Power|p2a: Terapagos\n|-activate|p2a: Terapagos|ability: Tera Shell\n|-resisted|p2a: Terapagos\n|-damage|p2a: Terapagos|86/100\n|\n|-weather|Sandstorm|[upkeep]\n|-damage|p1a: Kyurem|53/100|[from] Sandstorm\n|-damage|p2a: Terapagos|80/100|[from] Sandstorm\n|upkeep\n|turn|12\n|\n|t:|1771270581\n|switch|p1a: Diancie|Diancie|100/100\n|move|p2a: Terapagos|Tera Starstorm|p1a: Diancie\n|-resisted|p1a: Diancie\n|-damage|p1a: Diancie|80/100\n|\n|-weather|none\n|upkeep\n|turn|13\n|\n|t:|1771270588\n|detailschange|p1a: Diancie|Diancie-Mega\n|-mega|p1a: Diancie|Diancie|Diancite\n|move|p1a: Diancie|Moonblast|p2a: Terapagos\n|-damage|p2a: Terapagos|26/100\n|move|p2a: Terapagos|Rapid Spin|p1a: Diancie\n|-resisted|p1a: Diancie\n|-crit|p1a: Diancie\n|-damage|p1a: Diancie|64/100\n|-boost|p2a: Terapagos|spe|1\n|\n|upkeep\n|turn|14\n|\n|t:|1771270598\n|move|p2a: Terapagos|Earth Power|p1a: Diancie\n|-supereffective|p1a: Diancie\n|-damage|p1a: Diancie|0 fnt\n|faint|p1a: Diancie\n|detailschange|p1: Diancie|Diancie|[silent]\n|\n|upkeep\n|\n|t:|1771270611\n|switch|p1a: Kyurem|Kyurem|53/100\n|-ability|p1a: Kyurem|Pressure\n|turn|15\n|\n|t:|1771270614\n|move|p1a: Kyurem|Earth Power|p2a: Terapagos\n|-damage|p2a: Terapagos|0 fnt\n|faint|p2a: Terapagos\n|\n|upkeep\n|\n|t:|1771270618\n|switch|p2a: Greninja|Greninja, F|100/100\n|turn|16\n|\n|t:|1771270628\n|switch|p1a: Alomomola|Alomomola, M|85/100\n|move|p2a: Greninja|Sludge Wave|p1a: Alomomola\n|-start|p2a: Greninja|typechange|Poison|[from] ability: Protean\n|-damage|p1a: Alomomola|34/100\n|\n|upkeep\n|turn|17\n|\n|t:|1771270649\n|move|p2a: Greninja|Sludge Wave|p1a: Alomomola\n|-damage|p1a: Alomomola|0 fnt\n|faint|p1a: Alomomola\n|\n|upkeep\n|\n|t:|1771270652\n|switch|p1a: Kyurem|Kyurem|53/100\n|-ability|p1a: Kyurem|Pressure\n|turn|18\n|\n|t:|1771270655\n|move|p2a: Greninja|Sludge Wave|p1a: Kyurem\n|-damage|p1a: Kyurem|9/100\n|move|p1a: Kyurem|Earth Power|p2a: Greninja\n|-supereffective|p2a: Greninja\n|-crit|p2a: Greninja\n|-damage|p2a: Greninja|0 fnt\n|faint|p2a: Greninja\n|\n|upkeep\n|\n|t:|1771270662\n|switch|p2a: Heatran|Heatran, M|100/100\n|turn|19\n|\n|t:|1771270666\n|switch|p1a: Urshifu|Urshifu-Rapid-Strike, F|100/100\n|move|p2a: Heatran|Earth Power|p1a: Urshifu\n|-damage|p1a: Urshifu|61/100\n|\n|-heal|p1a: Urshifu|67/100|[from] item: Leftovers\n|upkeep\n|turn|20\n|\n|t:|1771270671\n|move|p1a: Urshifu|Surging Strikes|p2a: Heatran\n|-supereffective|p2a: Heatran\n|-crit|p2a: Heatran\n|-damage|p2a: Heatran|66/100\n|-supereffective|p2a: Heatran\n|-crit|p2a: Heatran\n|-damage|p2a: Heatran|28/100\n|-supereffective|p2a: Heatran\n|-crit|p2a: Heatran\n|-damage|p2a: Heatran|0 fnt\n|faint|p2a: Heatran\n|-hitcount|p2: Heatran|3\n|\n|-heal|p1a: Urshifu|73/100|[from] item: Leftovers\n|upkeep\n|\n|t:|1771270674\n|switch|p2a: Diancie|Diancie-Mega|26/100\n|turn|21\n|\n|t:|1771270676\n|move|p2a: Diancie|Moonblast|p1a: Urshifu\n|-supereffective|p1a: Urshifu\n|-damage|p1a: Urshifu|0 fnt\n|faint|p1a: Urshifu\n|\n|upkeep\n|\n|t:|1771270679\n|switch|p1a: Kyurem|Kyurem|9/100\n|-ability|p1a: Kyurem|Pressure\n|turn|22\n|\n|t:|1771270681\n|move|p1a: Kyurem|Earth Power|p2a: Diancie\n|-supereffective|p2a: Diancie\n|-damage|p2a: Diancie|0 fnt\n|faint|p2a: Diancie\n|detailschange|p2: Diancie|Diancie|[silent]\n|\n|win|ffuy\n|raw|ffuy's rating: 1506 &rarr; <strong>1530</strong><br />(+24 for winning)\n|raw|TDPapa2410's rating: 1577 &rarr; <strong>1553</strong><br />(-24 for losing)\n|l|☆TDPapa2410\n|player|p2|\n|l|☆ffuy\n|player|p1|\n|j|☆TDPapa2410\n|player|p2|TDPapa2410|169|\n", "uploadtime": 1771270847, "views": 1, "formatid": "gen9nationaldex", "rating": 1530, "private": 0, "password": null}