{"id": "gen9nationaldex-2540261266", "format": "[Gen 9] National Dex", "players": ["zyzyno.1", "Machpunch93"], "log": "|j|☆zyzyno.1\n|j|‽Machpunch93\n|t:|1771181966\n|gametype|singles\n|player|p1|zyzyno.1|cynthia-gen4|1550\n|player|p2|Machpunch93|alder|1574\n|gen|9\n|tier|[Gen 9] National Dex\n|rated|\n|rule|HP Percentage Mod: HP is shown in percentages\n|rule|Endless Battle Clause: Forcing endless battles is banned\n|rule|Species Clause: Limit one of each Pokémon\n|rule|OHKO Clause: OHKO moves are banned\n|rule|Evasion Clause: Evasion abilities, items, and moves are banned\n|rule|Evasion Abilities Clause: Evasion abilities are banned\n|rule|Evasion Items Clause: Evasion items are banned\n|rule|Evasion Moves Clause: Evasion moves are banned\n|rule|Sleep Clause Mod: Limit one foe put to sleep\n|rule|Terastal Clause: You cannot Terastallize\n|clearpoke\n|poke|p1|Crustle, M|\n|poke|p1|Pinsir, M|\n|poke|p1|Hatterene, F|\n|poke|p1|Great Tusk|\n|poke|p1|Gholdengo|\n|poke|p1|Samurott-Hisui, M|\n|poke|p2|Charizard, M|\n|poke|p2|Heatran, M|\n|poke|p2|Landorus-Therian, M|\n|poke|p2|Zapdos|\n|poke|p2|Zeraora|\n|poke|p2|Melmetal|\n|teampreview\n|\n|t:|1771182001\n|teamsize|p1|6\n|teamsize|p2|6\n|start\n|switch|p1a: Crustle|Crustle, M|100/100\n|switch|p2a: Zapdos|Zapdos|100/100\n|turn|1\n|\n|t:|1771182008\n|move|p2a: Zapdos|Discharge|p1a: Crustle\n|-damage|p1a: Crustle|28/100\n|move|p1a: Crustle|Shell Smash|p1a: Crustle\n|-unboost|p1a: Crustle|def|1\n|-unboost|p1a: Crustle|spd|1\n|-boost|p1a: Crustle|atk|2\n|-boost|p1a: Crustle|spa|2\n|-boost|p1a: Crustle|spe|2\n|\n|upkeep\n|turn|2\n|\n|t:|1771182016\n|switch|p2a: Melmetal|Melmetal|100/100\n|-zpower|p1a: Crustle\n|move|p1a: Crustle|Continental Crush|p2a: Melmetal|[zeffect]\n|-resisted|p2a: Melmetal\n|-damage|p2a: Melmetal|45/100\n|\n|upkeep\n|turn|3\n|\n|t:|1771182027\n|move|p1a: Crustle|Earthquake|p2a: Melmetal\n|-supereffective|p2a: Melmetal\n|-damage|p2a: Melmetal|0 fnt\n|faint|p2a: Melmetal\n|\n|upkeep\n|\n|t:|1771182032\n|switch|p2a: Landorus|Landorus-Therian, M|100/100\n|-ability|p2a: Landorus|Intimidate|boost\n|-unboost|p1a: Crustle|atk|1\n|turn|4\n|\n|t:|1771182041\n|move|p2a: Landorus|Knock Off|p1a: Crustle\n|-damage|p1a: Crustle|0 fnt\n|faint|p1a: Crustle\n|\n|upkeep\n|\n|t:|1771182081\n|switch|p1a: Pinsir|Pinsir, M|100/100\n|turn|5\n|\n|t:|1771182085\n|switch|p2a: Zapdos|Zapdos|100/100\n|detailschange|p1a: Pinsir|Pinsir-Mega, M\n|-mega|p1a: Pinsir|Pinsir|Pinsirite\n|move|p1a: Pinsir|Return|p2a: Zapdos\n|-resisted|p2a: Zapdos\n|-damage|p2a: Zapdos|66/100\n|\n|upkeep\n|turn|6\n|\n|t:|1771182097\n|switch|p1a: Samurott|Samurott-Hisui, M|100/100\n|move|p2a: Zapdos|Heat Wave|p1a: Samurott\n|-resisted|p1a: Samurott\n|-damage|p1a: Samurott|87/100\n|\n|upkeep\n|turn|7\n|\n|t:|1771182117\n|move|p2a: Zapdos|Discharge|p1a: Samurott\n|-supereffective|p1a: Samurott\n|-crit|p1a: Samurott\n|-damage|p1a: Samurott|0 fnt\n|faint|p1a: Samurott\n|\n|upkeep\n|inactive|Battle timer is ON: inactive players will automatically lose when time's up. (requested by zyzyno.1)\n|\n|t:|1771182144\n|switch|p1a: Gholdengo|Gholdengo|100/100\n|turn|8\n|\n|t:|1771182153\n|switch|p2a: Landorus|Landorus-Therian, M|100/100\n|-ability|p2a: Landorus|Intimidate|boost\n|-unboost|p1a: Gholdengo|atk|1\n|move|p1a: Gholdengo|Shadow Ball|p2a: Landorus\n|-damage|p2a: Landorus|44/100\n|\n|upkeep\n|turn|9\n|\n|t:|1771182175\n|switch|p1a: Pinsir|Pinsir-Mega, M|100/100\n|move|p2a: Landorus|Earthquake|p1a: Pinsir\n|-immune|p1a: Pinsir\n|\n|upkeep\n|turn|10\n|\n|t:|1771182183\n|switch|p2a: Zapdos|Zapdos|66/100\n|move|p1a: Pinsir|Swords Dance|p1a: Pinsir\n|-boost|p1a: Pinsir|atk|2\n|\n|upkeep\n|turn|11\n|\n|t:|1771182190\n|move|p1a: Pinsir|Return|p2a: Zapdos\n|-resisted|p2a: Zapdos\n|-damage|p2a: Zapdos|0 fnt\n|faint|p2a: Zapdos\n|\n|upkeep\n|\n|t:|1771182195\n|switch|p2a: Zeraora|Zeraora|100/100\n|turn|12\n|\n|t:|1771182207\n|switch|p1a: Great Tusk|Great Tusk|100/100\n|-enditem|p1a: Great Tusk|Booster Energy\n|-activate|p1a: Great Tusk|ability: Protosynthesis|[fromitem]\n|-start|p1a: Great Tusk|protosynthesisspe\n|move|p2a: Zeraora|Bulk Up|p2a: Zeraora\n|-boost|p2a: Zeraora|atk|1\n|-boost|p2a: Zeraora|def|1\n|\n|upkeep\n|turn|13\n|\n|t:|1771182216\n|switch|p2a: Landorus|Landorus-Therian, M|44/100\n|-ability|p2a: Landorus|Intimidate|boost\n|-unboost|p1a: Great Tusk|atk|1\n|move|p1a: Great Tusk|Bulk Up|p1a: Great Tusk\n|-boost|p1a: Great Tusk|atk|1\n|-boost|p1a: Great Tusk|def|1\n|\n|upkeep\n|turn|14\n|\n|t:|1771182225\n|switch|p2a: Charizard|Charizard, M|100/100\n|move|p1a: Great Tusk|Ice Spinner|p2a: Charizard\n|-damage|p2a: Charizard|69/100\n|\n|upkeep\n|turn|15\n|inactive|zyzyno.1 has 120 seconds left.\n|\n|t:|1771182261\n|detailschange|p2a: Charizard|Charizard-Mega-Y, M\n|-mega|p2a: Charizard|Charizard|Charizardite Y\n|-weather|SunnyDay|[from] ability: Drought|[of] p2a: Charizard\n|move|p1a: Great Tusk|Ice Spinner|p2a: Charizard\n|-crit|p2a: Charizard\n|-damage|p2a: Charizard|17/100\n|move|p2a: Charizard|Fire Blast|p1a: Great Tusk\n|-damage|p1a: Great Tusk|0 fnt\n|faint|p1a: Great Tusk\n|-end|p1a: Great Tusk|Protosynthesis|[silent]\n|\n|-weather|SunnyDay|[upkeep]\n|upkeep\n|\n|t:|1771182271\n|switch|p1a: Pinsir|Pinsir-Mega, M|100/100\n|turn|16\n|\n|t:|1771182276\n|move|p1a: Pinsir|Return|p2a: Charizard\n|-damage|p2a: Charizard|0 fnt\n|faint|p2a: Charizard\n|detailschange|p2: Charizard|Charizard, M|[silent]\n|\n|-weather|SunnyDay|[upkeep]\n|upkeep\n|\n|t:|1771182282\n|switch|p2a: Zeraora|Zeraora|100/100\n|turn|17\n|\n|t:|1771182289\n|switch|p2a: Heatran|Heatran, M|100/100\n|switch|p1a: Hatterene|Hatterene, F|100/100\n|\n|-weather|SunnyDay|[upkeep]\n|upkeep\n|turn|18\n|inactive|zyzyno.1 has 120 seconds left.\n|\n|t:|1771182336\n|move|p2a: Heatran|Magma Storm|p1a: Hatterene\n|-damage|p1a: Hatterene|11/100\n|-activate|p1a: Hatterene|move: Magma Storm|[of] p2a: Heatran\n|move|p1a: Hatterene|Nuzzle|p2a: Heatran\n|-damage|p2a: Heatran|96/100\n|-status|p2a: Heatran|par\n|\n|-weather|SunnyDay|[upkeep]\n|-damage|p1a: Hatterene|0 fnt|[from] move: Magma Storm|[partiallytrapped]\n|faint|p1a: Hatterene\n|upkeep\n|\n|t:|1771182340\n|switch|p1a: Pinsir|Pinsir-Mega, M|100/100\n|turn|19\n|\n|t:|1771182349\n|move|p1a: Pinsir|Swords Dance|p1a: Pinsir\n|-boost|p1a: Pinsir|atk|2\n|cant|p2a: Heatran|par\n|\n|-weather|none\n|upkeep\n|turn|20\n|\n|t:|1771182357\n|switch|p2a: Landorus|Landorus-Therian, M|44/100\n|-ability|p2a: Landorus|Intimidate|boost\n|-unboost|p1a: Pinsir|atk|1\n|move|p1a: Pinsir|Earthquake|p2a: Landorus\n|-immune|p2a: Landorus\n|\n|upkeep\n|turn|21\n|inactive|zyzyno.1 has 120 seconds left.\n|\n|t:|1771182381\n|move|p1a: Pinsir|Quick Attack|p2a: Landorus\n|-damage|p2a: Landorus|0 fnt\n|faint|p2a: Landorus\n|\n|upkeep\n|\n|t:|1771182385\n|switch|p2a: Zeraora|Zeraora|100/100\n|turn|22\n|\n|t:|1771182408\n|switch|p1a: Gholdengo|Gholdengo|100/100\n|move|p2a: Zeraora|Plasma Fists|p1a: Gholdengo\n|-damage|p1a: Gholdengo|49/100\n|-fieldactivate|move: Ion Deluge\n|-hint|Normal-type moves become Electric-type after using Plasma Fists.\n|\n|upkeep\n|turn|23\n|\n|t:|1771182430\n|move|p1a: Gholdengo|Focus Blast|p2a: Zeraora\n|-crit|p2a: Zeraora\n|-damage|p2a: Zeraora|16/100\n|move|p2a: Zeraora|Plasma Fists|p1a: Gholdengo\n|-damage|p1a: Gholdengo|0 fnt\n|-fieldactivate|move: Ion Deluge\n|-hint|Normal-type moves become Electric-type after using Plasma Fists.\n|faint|p1a: Gholdengo\n|\n|-heal|p2a: Zeraora|22/100|[from] item: Leftovers\n|upkeep\n|\n|t:|1771182434\n|switch|p1a: Pinsir|Pinsir-Mega, M|100/100\n|turn|24\n|c|☆zyzyno.1|my b\n|\n|t:|1771182445\n|switch|p2a: Heatran|Heatran, M|96/100 par\n|move|p1a: Pinsir|Quick Attack|p2a: Heatran\n|-resisted|p2a: Heatran\n|-damage|p2a: Heatran|81/100 par\n|\n|upkeep\n|turn|25\n|\n|t:|1771182451\n|move|p1a: Pinsir|Earthquake|p2a: Heatran\n|-supereffective|p2a: Heatran\n|-damage|p2a: Heatran|0 fnt\n|faint|p2a: Heatran\n|\n|upkeep\n|\n|t:|1771182456\n|switch|p2a: Zeraora|Zeraora|22/100\n|turn|26\n|\n|t:|1771182459\n|move|p1a: Pinsir|Quick Attack|p2a: Zeraora\n|-resisted|p2a: Zeraora\n|-damage|p2a: Zeraora|5/100\n|move|p2a: Zeraora|Plasma Fists|p1a: Pinsir\n|-supereffective|p1a: Pinsir\n|-damage|p1a: Pinsir|7/100\n|-fieldactivate|move: Ion Deluge\n|-hint|Normal-type moves become Electric-type after using Plasma Fists.\n|\n|-heal|p2a: Zeraora|11/100|[from] item: Leftovers\n|upkeep\n|turn|27\n|\n|t:|1771182470\n|move|p1a: Pinsir|Quick Attack|p2a: Zeraora\n|-resisted|p2a: Zeraora\n|-damage|p2a: Zeraora|0 fnt\n|faint|p2a: Zeraora\n|\n|win|zyzyno.1\n|raw|zyzyno.1's rating: 1550 &rarr; <strong>1571</strong><br />(+21 for winning)\n|raw|Machpunch93's rating: 1574 &rarr; <strong>1553</strong><br />(-21 for losing)\n|l|‽Machpunch93\n|player|p2|\n|l|☆zyzyno.1\n|player|p1|\n", "uploadtime": 1771182726, "views": 9, "formatid": "gen9nationaldex", "rating": 1553, "private": 0, "password": null}