{"id": "gen9nationaldex-2540246022", "format": "[Gen 9] National Dex", "players": ["BanTheMaster", "Vixen 4 Life"], "log": "|j|☆BanTheMaster\n|j|☆Vixen 4 Life\n|t:|1771180220\n|gametype|singles\n|player|p1|BanTheMaster|ingo|1697\n|player|p2|Vixen 4 Life|emma|1660\n|gen|9\n|tier|[Gen 9] National Dex\n|rated|\n|rule|HP Percentage Mod: HP is shown in percentages\n|rule|Endless Battle Clause: Forcing endless battles is banned\n|rule|Species Clause: Limit one of each Pokémon\n|rule|OHKO Clause: OHKO moves are banned\n|rule|Evasion Clause: Evasion abilities, items, and moves are banned\n|rule|Evasion Abilities Clause: Evasion abilities are banned\n|rule|Evasion Items Clause: Evasion items are banned\n|rule|Evasion Moves Clause: Evasion moves are banned\n|rule|Sleep Clause Mod: Limit one foe put to sleep\n|rule|Terastal Clause: You cannot Terastallize\n|clearpoke\n|poke|p1|Zamazenta-*|\n|poke|p1|Greninja-*, M|\n|poke|p1|Tapu Fini|\n|poke|p1|Iron Treads|\n|poke|p1|Pinsir, M|\n|poke|p1|Iron Moth|\n|poke|p2|Goodra-Hisui, M|\n|poke|p2|Ceruledge, M|\n|poke|p2|Clodsire, F|\n|poke|p2|Cyclizar, F|\n|poke|p2|Weezing-Galar, F|\n|poke|p2|Umbreon, M|\n|teampreview\n|inactive|Battle timer is ON: inactive players will automatically lose when time's up. (requested by BanTheMaster)\n|inactive|Vixen 4 Life has 120 seconds left.\n|\n|t:|1771180261\n|teamsize|p1|6\n|teamsize|p2|6\n|start\n|switch|p1a: Iron Treads|Iron Treads|100/100\n|switch|p2a: Doug Dimmadome|Weezing-Galar, F|100/100\n|turn|1\n|\n|t:|1771180266\n|move|p1a: Iron Treads|Stealth Rock|p2a: Doug Dimmadome\n|-sidestart|p2: Vixen 4 Life|move: Stealth Rock\n|move|p2a: Doug Dimmadome|Overheat|p1a: Iron Treads|[miss]\n|-miss|p2a: Doug Dimmadome|p1a: Iron Treads\n|\n|upkeep\n|turn|2\n|j| Reyanek\n|\n|t:|1771180280\n|-end|p1a: Iron Treads|Quark Drive|[silent]\n|switch|p1a: Tapu Fini|Tapu Fini|100/100\n|-fieldstart|move: Misty Terrain|[from] ability: Misty Surge|[of] p1a: Tapu Fini\n|move|p2a: Doug Dimmadome|Overheat|p1a: Tapu Fini\n|-resisted|p1a: Tapu Fini\n|-damage|p1a: Tapu Fini|85/100\n|-unboost|p2a: Doug Dimmadome|spa|2\n|\n|-heal|p1a: Tapu Fini|91/100|[from] item: Leftovers\n|upkeep\n|turn|3\n|\n|t:|1771180283\n|switch|p2a: Goopy|Clodsire, F|100/100\n|-damage|p2a: Goopy|94/100|[from] Stealth Rock\n|move|p1a: Tapu Fini|Calm Mind|p1a: Tapu Fini\n|-boost|p1a: Tapu Fini|spa|1\n|-boost|p1a: Tapu Fini|spd|1\n|\n|-heal|p1a: Tapu Fini|97/100|[from] item: Leftovers\n|upkeep\n|turn|4\n|\n|t:|1771180287\n|switch|p1a: Iron Treads|Iron Treads|100/100\n|move|p2a: Goopy|Earthquake|p1a: Iron Treads\n|-supereffective|p1a: Iron Treads\n|-damage|p1a: Iron Treads|53/100\n|\n|-heal|p1a: Iron Treads|59/100|[from] item: Leftovers\n|upkeep\n|turn|5\n|\n|t:|1771180292\n|move|p1a: Iron Treads|Iron Head|p2a: Goopy\n|-damage|p2a: Goopy|68/100\n|-damage|p1a: Iron Treads|43/100|[from] item: Rocky Helmet|[of] p2a: Goopy\n|cant|p2a: Goopy|flinch\n|\n|-heal|p1a: Iron Treads|49/100|[from] item: Leftovers\n|upkeep\n|turn|6\n|\n|t:|1771180298\n|move|p1a: Iron Treads|Earthquake|p2a: Goopy\n|-supereffective|p2a: Goopy\n|-damage|p2a: Goopy|0 fnt\n|faint|p2a: Goopy\n|\n|-heal|p1a: Iron Treads|55/100|[from] item: Leftovers\n|-fieldend|Misty Terrain\n|upkeep\n|\n|t:|1771180301\n|switch|p2a: Wheelie|Cyclizar, F|100/100\n|-damage|p2a: Wheelie|88/100|[from] Stealth Rock\n|turn|7\n|\n|t:|1771180307\n|move|p2a: Wheelie|Rapid Spin|p1a: Iron Treads\n|-resisted|p1a: Iron Treads\n|-damage|p1a: Iron Treads|48/100\n|-boost|p2a: Wheelie|spe|1\n|-sideend|p2: Vixen 4 Life|Stealth Rock|[from] move: Rapid Spin|[of] p2a: Wheelie\n|move|p1a: Iron Treads|Rapid Spin|p2a: Wheelie\n|-damage|p2a: Wheelie|68/100\n|-boost|p1a: Iron Treads|spe|1\n|\n|-heal|p1a: Iron Treads|54/100|[from] item: Leftovers\n|upkeep\n|turn|8\n|\n|t:|1771180312\n|move|p2a: Wheelie|Overheat|p1a: Iron Treads\n|-supereffective|p1a: Iron Treads\n|-damage|p1a: Iron Treads|0 fnt\n|-unboost|p2a: Wheelie|spa|2\n|faint|p1a: Iron Treads\n|-end|p1a: Iron Treads|Quark Drive|[silent]\n|\n|upkeep\n|\n|t:|1771180328\n|switch|p1a: Tapu Fini|Tapu Fini|97/100\n|-fieldstart|move: Misty Terrain|[from] ability: Misty Surge|[of] p1a: Tapu Fini\n|turn|9\n|\n|t:|1771180335\n|move|p2a: Wheelie|U-turn|p1a: Tapu Fini\n|-resisted|p1a: Tapu Fini\n|-damage|p1a: Tapu Fini|91/100\n|\n|t:|1771180338\n|switch|p2a: Escargoon|Goodra-Hisui, M|100/100|[from] U-turn\n|move|p1a: Tapu Fini|Calm Mind|p1a: Tapu Fini\n|-boost|p1a: Tapu Fini|spa|1\n|-boost|p1a: Tapu Fini|spd|1\n|\n|-heal|p1a: Tapu Fini|97/100|[from] item: Leftovers\n|upkeep\n|turn|10\n|\n|t:|1771180343\n|move|p1a: Tapu Fini|Iron Defense|p1a: Tapu Fini\n|-boost|p1a: Tapu Fini|def|2\n|move|p2a: Escargoon|Heavy Slam|p1a: Tapu Fini\n|-damage|p1a: Tapu Fini|78/100\n|\n|-heal|p1a: Tapu Fini|84/100|[from] item: Leftovers\n|upkeep\n|turn|11\n|\n|t:|1771180349\n|move|p1a: Tapu Fini|Calm Mind|p1a: Tapu Fini\n|-boost|p1a: Tapu Fini|spa|1\n|-boost|p1a: Tapu Fini|spd|1\n|move|p2a: Escargoon|Heavy Slam|p1a: Tapu Fini\n|-damage|p1a: Tapu Fini|64/100\n|\n|-heal|p1a: Tapu Fini|70/100|[from] item: Leftovers\n|upkeep\n|turn|12\n|\n|t:|1771180360\n|move|p1a: Tapu Fini|Iron Defense|p1a: Tapu Fini\n|-boost|p1a: Tapu Fini|def|2\n|move|p2a: Escargoon|Heavy Slam|p1a: Tapu Fini\n|-damage|p1a: Tapu Fini|58/100\n|\n|-heal|p1a: Tapu Fini|64/100|[from] item: Leftovers\n|upkeep\n|turn|13\n|\n|t:|1771180373\n|move|p1a: Tapu Fini|Draining Kiss|p2a: Escargoon\n|-damage|p2a: Escargoon|87/100\n|-heal|p1a: Tapu Fini|74/100|[from] drain|[of] p2a: Escargoon\n|move|p2a: Escargoon|Heavy Slam|p1a: Tapu Fini\n|-damage|p1a: Tapu Fini|62/100\n|\n|-heal|p1a: Tapu Fini|68/100|[from] item: Leftovers\n|-fieldend|Misty Terrain\n|upkeep\n|turn|14\n|\n|t:|1771180384\n|switch|p2a: Doug Dimmadome|Weezing-Galar, F|100/100\n|move|p1a: Tapu Fini|Calm Mind|p1a: Tapu Fini\n|-boost|p1a: Tapu Fini|spa|1\n|-boost|p1a: Tapu Fini|spd|1\n|\n|-heal|p1a: Tapu Fini|74/100|[from] item: Leftovers\n|upkeep\n|turn|15\n|\n|t:|1771180392\n|move|p1a: Tapu Fini|Stored Power|p2a: Doug Dimmadome\n|-supereffective|p2a: Doug Dimmadome\n|-damage|p2a: Doug Dimmadome|0 fnt\n|faint|p2a: Doug Dimmadome\n|\n|-heal|p1a: Tapu Fini|80/100|[from] item: Leftovers\n|upkeep\n|l| Reyanek\n|-message|Vixen 4 Life forfeited.\n|\n|win|BanTheMaster\n|raw|BanTheMaster's rating: 1697 &rarr; <strong>1715</strong><br />(+18 for winning)\n|raw|Vixen 4 Life's rating: 1660 &rarr; <strong>1642</strong><br />(-18 for losing)\n|l|☆Vixen 4 Life\n|player|p2|\n|l|☆BanTheMaster\n|player|p1|\n", "uploadtime": 1771180542, "views": 8, "formatid": "gen9nationaldex", "rating": 1642, "private": 0, "password": null}