{"id": "gen9nationaldex-2540337117", "format": "[Gen 9] National Dex", "players": ["rasb", "xorialle"], "log": "|j|☆rasb\n|j|☆xorialle\n|t:|1771190235\n|gametype|singles\n|player|p1|rasb|266|1535\n|player|p2|xorialle|blue|1520\n|gen|9\n|tier|[Gen 9] National Dex\n|rated|\n|rule|HP Percentage Mod: HP is shown in percentages\n|rule|Endless Battle Clause: Forcing endless battles is banned\n|rule|Species Clause: Limit one of each Pokémon\n|rule|OHKO Clause: OHKO moves are banned\n|rule|Evasion Clause: Evasion abilities, items, and moves are banned\n|rule|Evasion Abilities Clause: Evasion abilities are banned\n|rule|Evasion Items Clause: Evasion items are banned\n|rule|Evasion Moves Clause: Evasion moves are banned\n|rule|Sleep Clause Mod: Limit one foe put to sleep\n|rule|Terastal Clause: You cannot Terastallize\n|clearpoke\n|poke|p1|Charizard, F|\n|poke|p1|Great Tusk|\n|poke|p1|Ceruledge, F|\n|poke|p1|Raging Bolt|\n|poke|p1|Heatran, M|\n|poke|p1|Hatterene, F|\n|poke|p2|Amoonguss, F|\n|poke|p2|Darmanitan, F|\n|poke|p2|Conkeldurr, M|\n|poke|p2|Gigalith, F|\n|poke|p2|Landorus-Therian, M|\n|poke|p2|Alomomola, M|\n|teampreview\n|inactive|Battle timer is ON: inactive players will automatically lose when time's up. (requested by rasb)\n|\n|t:|1771190243\n|teamsize|p1|6\n|teamsize|p2|6\n|start\n|switch|p1a: Great Tusk|Great Tusk|100/100\n|switch|p2a: Darmanitan|Darmanitan, F|100/100\n|turn|1\n|\n|t:|1771190253\n|move|p2a: Darmanitan|U-turn|p1a: Great Tusk\n|-resisted|p1a: Great Tusk\n|-damage|p1a: Great Tusk|94/100\n|-damage|p2a: Darmanitan|84/100|[from] item: Rocky Helmet|[of] p1a: Great Tusk\n|\n|t:|1771190257\n|switch|p2a: Alomomola|Alomomola, M|100/100|[from] U-turn\n|move|p1a: Great Tusk|Stealth Rock|p2a: Alomomola\n|-sidestart|p2: xorialle|move: Stealth Rock\n|\n|upkeep\n|turn|2\n|\n|t:|1771190265\n|-end|p1a: Great Tusk|Protosynthesis|[silent]\n|switch|p1a: Hatterene|Hatterene, F|100/100\n|move|p2a: Alomomola|Wish|p2a: Alomomola\n|\n|upkeep\n|turn|3\n|\n|t:|1771190272\n|move|p2a: Alomomola|Flip Turn|p1a: Hatterene\n|-damage|p1a: Hatterene|83/100\n|\n|t:|1771190278\n|switch|p2a: Gigalith|Gigalith, F|100/100|[from] Flip Turn\n|-damage|p2a: Gigalith|88/100|[from] Stealth Rock\n|-weather|Sandstorm|[from] ability: Sand Stream|[of] p2a: Gigalith\n|move|p1a: Hatterene|Draining Kiss|p2a: Gigalith\n|-damage|p2a: Gigalith|75/100\n|-heal|p1a: Hatterene|95/100|[from] drain|[of] p2a: Gigalith\n|\n|-weather|Sandstorm|[upkeep]\n|-damage|p1a: Hatterene|89/100|[from] Sandstorm\n|-heal|p2a: Gigalith|100/100|[from] move: Wish|[wisher] Alomomola\n|upkeep\n|turn|4\n|\n|t:|1771190293\n|switch|p1a: Great Tusk|Great Tusk|94/100\n|move|p2a: Gigalith|Earthquake|p1a: Great Tusk\n|-damage|p1a: Great Tusk|73/100\n|\n|-weather|Sandstorm|[upkeep]\n|upkeep\n|turn|5\n|\n|t:|1771190303\n|switch|p2a: Alomomola|Alomomola, M|100/100\n|-damage|p2a: Alomomola|88/100|[from] Stealth Rock\n|move|p1a: Great Tusk|Headlong Rush|p2a: Alomomola\n|-damage|p2a: Alomomola|62/100\n|-unboost|p1a: Great Tusk|def|1\n|-unboost|p1a: Great Tusk|spd|1\n|-damage|p1a: Great Tusk|57/100|[from] item: Rocky Helmet|[of] p2a: Alomomola\n|\n|-weather|Sandstorm|[upkeep]\n|-damage|p2a: Alomomola|55/100|[from] Sandstorm\n|upkeep\n|turn|6\n|\n|t:|1771190315\n|-end|p1a: Great Tusk|Protosynthesis|[silent]\n|switch|p1a: Raging Bolt|Raging Bolt|100/100\n|move|p2a: Alomomola|Wish|p2a: Alomomola\n|\n|-weather|Sandstorm|[upkeep]\n|-damage|p1a: Raging Bolt|94/100|[from] Sandstorm\n|-damage|p2a: Alomomola|49/100|[from] Sandstorm\n|-heal|p1a: Raging Bolt|100/100|[from] item: Leftovers\n|upkeep\n|turn|7\n|\n|t:|1771190324\n|switch|p2a: Gigalith|Gigalith, F|100/100\n|-damage|p2a: Gigalith|88/100|[from] Stealth Rock\n|move|p1a: Raging Bolt|Calm Mind|p1a: Raging Bolt\n|-boost|p1a: Raging Bolt|spa|1\n|-boost|p1a: Raging Bolt|spd|1\n|\n|-weather|none\n|-heal|p2a: Gigalith|100/100|[from] move: Wish|[wisher] Alomomola\n|upkeep\n|turn|8\n|inactive|rasb has 120 seconds left.\n|\n|t:|1771190357\n|move|p1a: Raging Bolt|Thunderbolt|p2a: Gigalith\n|-damage|p2a: Gigalith|38/100\n|move|p2a: Gigalith|Earthquake|p1a: Raging Bolt\n|-supereffective|p1a: Raging Bolt\n|-damage|p1a: Raging Bolt|37/100\n|\n|-heal|p1a: Raging Bolt|43/100|[from] item: Leftovers\n|upkeep\n|turn|9\n|\n|t:|1771190366\n|switch|p2a: Amoonguss|Amoonguss, F|100/100\n|-damage|p2a: Amoonguss|88/100|[from] Stealth Rock\n|move|p1a: Raging Bolt|Draco Meteor|p2a: Amoonguss\n|-damage|p2a: Amoonguss|38/100\n|-unboost|p1a: Raging Bolt|spa|2\n|\n|-heal|p1a: Raging Bolt|49/100|[from] item: Leftovers\n|upkeep\n|turn|10\n|\n|t:|1771190378\n|-end|p1a: Raging Bolt|Protosynthesis|[silent]\n|switch|p1a: Heatran|Heatran, M|100/100\n|move|p2a: Amoonguss|Sludge Bomb|p1a: Heatran\n|-immune|p1a: Heatran\n|\n|upkeep\n|turn|11\n|\n|t:|1771190386\n|switch|p2a: Landorus|Landorus-Therian, M|100/100\n|-damage|p2a: Landorus|88/100|[from] Stealth Rock\n|-ability|p2a: Landorus|Intimidate|boost\n|-unboost|p1a: Heatran|atk|1\n|move|p1a: Heatran|Eruption|p2a: Landorus\n|-damage|p2a: Landorus|0 fnt\n|faint|p2a: Landorus\n|\n|upkeep\n|\n|t:|1771190406\n|switch|p2a: Conkeldurr|Conkeldurr, M|100/100\n|-damage|p2a: Conkeldurr|94/100|[from] Stealth Rock\n|turn|12\n|\n|t:|1771190418\n|switch|p1a: Ceruledge|Ceruledge, F|100/100\n|switch|p2a: Alomomola|Alomomola, M|83/100\n|-damage|p2a: Alomomola|70/100|[from] Stealth Rock\n|\n|upkeep\n|turn|13\n|\n|t:|1771190426\n|move|p1a: Ceruledge|Swords Dance|p1a: Ceruledge\n|-boost|p1a: Ceruledge|atk|2\n|move|p2a: Alomomola|Toxic|p1a: Ceruledge\n|-status|p1a: Ceruledge|tox\n|\n|-damage|p1a: Ceruledge|94/100 tox|[from] psn\n|upkeep\n|turn|14\n|\n|t:|1771190435\n|-zpower|p1a: Ceruledge\n|move|p1a: Ceruledge|Never-Ending Nightmare|p2a: Alomomola|[zeffect]\n|-damage|p2a: Alomomola|0 fnt\n|faint|p2a: Alomomola\n|\n|-damage|p1a: Ceruledge|82/100 tox|[from] psn\n|upkeep\n|\n|t:|1771190449\n|switch|p2a: Darmanitan|Darmanitan, F|84/100\n|-damage|p2a: Darmanitan|59/100|[from] Stealth Rock\n|turn|15\n|\n|t:|1771190459\n|switch|p1a: Great Tusk|Great Tusk|57/100\n|move|p2a: Darmanitan|Rock Slide|p1a: Great Tusk|[miss]\n|-miss|p2a: Darmanitan|p1a: Great Tusk\n|\n|upkeep\n|turn|16\n|-message|xorialle forfeited.\n|\n|win|rasb\n|raw|rasb's rating: 1535 &rarr; <strong>1554</strong><br />(+19 for winning)\n|raw|xorialle's rating: 1520 &rarr; <strong>1501</strong><br />(-19 for losing)\n|l|☆xorialle\n|player|p2|\n|l|☆rasb\n|player|p1|\n", "uploadtime": 1771190481, "views": 8, "formatid": "gen9nationaldex", "rating": 1501, "private": 0, "password": null}