{"id": "gen9nationaldex-2540760820", "format": "[Gen 9] National Dex", "players": ["riderzitto5", "Queijolol"], "log": "|j|☆riderzitto5\n|j|☆Queijolol\n|t:|1771250927\n|gametype|singles\n|player|p1|riderzitto5|petrel|1599\n|player|p2|Queijolol|cheren-gen5bw2|1580\n|gen|9\n|tier|[Gen 9] National Dex\n|rated|\n|rule|HP Percentage Mod: HP is shown in percentages\n|rule|Endless Battle Clause: Forcing endless battles is banned\n|rule|Species Clause: Limit one of each Pokémon\n|rule|OHKO Clause: OHKO moves are banned\n|rule|Evasion Clause: Evasion abilities, items, and moves are banned\n|rule|Evasion Abilities Clause: Evasion abilities are banned\n|rule|Evasion Items Clause: Evasion items are banned\n|rule|Evasion Moves Clause: Evasion moves are banned\n|rule|Sleep Clause Mod: Limit one foe put to sleep\n|rule|Terastal Clause: You cannot Terastallize\n|clearpoke\n|poke|p1|Chansey, F|\n|poke|p1|Toxapex, F|\n|poke|p1|Corviknight, M|\n|poke|p1|Clodsire, F|\n|poke|p1|Dondozo, M|\n|poke|p1|Sableye, M|\n|poke|p2|Kyurem|\n|poke|p2|Pecharunt|\n|poke|p2|Kingambit, M|\n|poke|p2|Great Tusk|\n|poke|p2|Latios, M|\n|poke|p2|Primarina, M|\n|teampreview\n|l|☆Queijolol\n|player|p2|\n|j|☆Queijolol\n|player|p2|Queijolol|cheren-gen5bw2|\n|\n|t:|1771250941\n|teamsize|p1|6\n|teamsize|p2|6\n|start\n|switch|p1a: Timid|Sableye, M, shiny|100/100\n|switch|p2a: Kyurem|Kyurem|100/100\n|-ability|p2a: Kyurem|Pressure\n|turn|1\n|\n|t:|1771250945\n|move|p1a: Timid|Will-O-Wisp|p2a: Kyurem\n|-status|p2a: Kyurem|brn\n|move|p2a: Kyurem|Substitute|p2a: Kyurem\n|-start|p2a: Kyurem|Substitute\n|-damage|p2a: Kyurem|76/100 brn\n|\n|-damage|p2a: Kyurem|69/100 brn|[from] brn\n|upkeep\n|turn|2\n|\n|t:|1771250952\n|detailschange|p1a: Timid|Sableye-Mega, M, shiny\n|-mega|p1a: Timid|Sableye|Sablenite\n|move|p1a: Timid|Protect|p1a: Timid\n|-singleturn|p1a: Timid|Protect\n|move|p2a: Kyurem|Freeze-Dry|p1a: Timid\n|-activate|p1a: Timid|move: Protect\n|\n|-damage|p2a: Kyurem|63/100 brn|[from] brn\n|upkeep\n|turn|3\n|\n|t:|1771250964\n|switch|p2a: Kingambit|Kingambit, M|100/100\n|switch|p1a: EggChan|Chansey, F, shiny|100/100\n|\n|upkeep\n|turn|4\n|\n|t:|1771250968\n|switch|p1a: Your BF|Corviknight, M|100/100\n|-ability|p1a: Your BF|Pressure\n|move|p2a: Kingambit|Knock Off|p1a: Your BF\n|-damage|p1a: Your BF|52/100\n|-damage|p2a: Kingambit|84/100|[from] item: Rocky Helmet|[of] p1a: Your BF\n|-enditem|p1a: Your BF|Rocky Helmet|[from] move: Knock Off|[of] p2a: Kingambit\n|\n|upkeep\n|turn|5\n|\n|t:|1771250976\n|-end|p2a: Kingambit|fallenundefined|[silent]\n|switch|p2a: Primarina|Primarina, M|100/100\n|move|p1a: Your BF|Roost|p1a: Your BF\n|-heal|p1a: Your BF|100/100\n|-singleturn|p1a: Your BF|move: Roost\n|\n|upkeep\n|turn|6\n|\n|t:|1771250980\n|switch|p1a: hehhehe|Clodsire, F, shiny|100/100\n|move|p2a: Primarina|Psychic Noise|p1a: hehhehe\n|-supereffective|p1a: hehhehe\n|-damage|p1a: hehhehe|64/100\n|-start|p1a: hehhehe|move: Heal Block\n|\n|upkeep\n|turn|7\n|\n|t:|1771250987\n|move|p2a: Primarina|Psychic Noise|p1a: hehhehe\n|-supereffective|p1a: hehhehe\n|-damage|p1a: hehhehe|29/100\n|move|p1a: hehhehe|Stealth Rock|p2a: Primarina\n|-sidestart|p2: Queijolol|move: Stealth Rock\n|\n|-end|p1a: hehhehe|move: Heal Block\n|upkeep\n|turn|8\n|\n|t:|1771250995\n|switch|p2a: Kingambit|Kingambit, M|84/100\n|-damage|p2a: Kingambit|78/100|[from] Stealth Rock\n|switch|p1a: EggChan|Chansey, F, shiny|100/100\n|\n|upkeep\n|turn|9\n|\n|t:|1771250999\n|-activate|p1a: EggChan|move: Pursuit\n|move|p2a: Kingambit|Pursuit|p1a: EggChan|[from] Pursuit\n|-damage|p1a: EggChan|51/100\n|switch|p1a: Your BF|Corviknight, M|100/100\n|-ability|p1a: Your BF|Pressure\n|\n|upkeep\n|turn|10\n|\n|t:|1771251009\n|switch|p1a: EggChan|Chansey, F, shiny|51/100\n|-end|p2a: Kingambit|fallenundefined|[silent]\n|switch|p2a: Great Tusk|Great Tusk|100/100\n|\n|upkeep\n|turn|11\n|\n|t:|1771251015\n|switch|p1a: Your BF|Corviknight, M|100/100\n|-ability|p1a: Your BF|Pressure\n|move|p2a: Great Tusk|Knock Off|p1a: Your BF\n|-damage|p1a: Your BF|86/100\n|\n|upkeep\n|turn|12\n|\n|t:|1771251024\n|switch|p1a: Timid|Sableye-Mega, M, shiny|100/100\n|move|p2a: Great Tusk|Rapid Spin|p1a: Timid\n|-immune|p1a: Timid\n|\n|upkeep\n|turn|13\n|\n|t:|1771251029\n|move|p2a: Great Tusk|Knock Off|p1a: Timid\n|-damage|p1a: Timid|84/100\n|move|p1a: Timid|Will-O-Wisp|p2a: Great Tusk\n|-status|p2a: Great Tusk|brn\n|\n|-damage|p2a: Great Tusk|94/100 brn|[from] brn\n|upkeep\n|turn|14\n|\n|t:|1771251033\n|-end|p2a: Great Tusk|Protosynthesis|[silent]\n|switch|p2a: Primarina|Primarina, M|100/100\n|-damage|p2a: Primarina|88/100|[from] Stealth Rock\n|move|p1a: Timid|Knock Off|p2a: Primarina\n|-resisted|p2a: Primarina\n|-damage|p2a: Primarina|69/100\n|-enditem|p2a: Primarina|Assault Vest|[from] move: Knock Off|[of] p1a: Timid\n|\n|upkeep\n|turn|15\n|\n|t:|1771251040\n|move|p1a: Timid|Protect|p1a: Timid\n|-singleturn|p1a: Timid|Protect\n|move|p2a: Primarina|Psychic Noise|p1a: Timid\n|-activate|p1a: Timid|move: Protect\n|\n|upkeep\n|turn|16\n|\n|t:|1771251052\n|switch|p1a: Your BF|Corviknight, M|86/100\n|-ability|p1a: Your BF|Pressure\n|move|p2a: Primarina|Draining Kiss|p1a: Your BF\n|-resisted|p1a: Your BF\n|-damage|p1a: Your BF|76/100\n|-heal|p2a: Primarina|78/100|[from] drain|[of] p1a: Your BF\n|\n|upkeep\n|turn|17\n|\n|t:|1771251061\n|switch|p1a: Timid|Sableye-Mega, M, shiny|84/100\n|move|p2a: Primarina|Psychic Noise|p1a: Timid\n|-damage|p1a: Timid|51/100\n|-start|p1a: Timid|move: Heal Block\n|\n|upkeep\n|turn|18\n|\n|t:|1771251075\n|switch|p2a: Kingambit|Kingambit, M|78/100\n|-damage|p2a: Kingambit|71/100|[from] Stealth Rock\n|switch|p1a: ThePex|Toxapex, F, shiny|100/100\n|\n|upkeep\n|turn|19\n|\n|t:|1771251082\n|switch|p1a: Your BF|Corviknight, M|76/100\n|-ability|p1a: Your BF|Pressure\n|move|p2a: Kingambit|Knock Off|p1a: Your BF\n|-damage|p1a: Your BF|44/100\n|\n|upkeep\n|turn|20\n|\n|t:|1771251089\n|-end|p2a: Kingambit|fallenundefined|[silent]\n|switch|p2a: Primarina|Primarina, M|78/100\n|-damage|p2a: Primarina|66/100|[from] Stealth Rock\n|move|p1a: Your BF|Roost|p1a: Your BF\n|-heal|p1a: Your BF|94/100\n|-singleturn|p1a: Your BF|move: Roost\n|\n|upkeep\n|turn|21\n|\n|t:|1771251094\n|switch|p1a: ThePex|Toxapex, F, shiny|100/100\n|move|p2a: Primarina|Psychic Noise|p1a: ThePex\n|-resisted|p1a: ThePex\n|-damage|p1a: ThePex|88/100\n|-start|p1a: ThePex|move: Heal Block\n|\n|upkeep\n|turn|22\n|\n|t:|1771251101\n|switch|p2a: Latios|Latios, M|100/100\n|-damage|p2a: Latios|88/100|[from] Stealth Rock\n|move|p1a: ThePex|Toxic|p2a: Latios\n|-status|p2a: Latios|tox\n|\n|-damage|p2a: Latios|82/100 tox|[from] psn\n|-end|p1a: ThePex|move: Heal Block\n|upkeep\n|turn|23\n|\n|t:|1771251109\n|switch|p1a: EggChan|Chansey, F, shiny|51/100\n|detailschange|p2a: Latios|Latios-Mega, M\n|-mega|p2a: Latios|Latios|Latiosite\n|move|p2a: Latios|Mystical Fire|p1a: EggChan\n|-crit|p1a: EggChan\n|-damage|p1a: EggChan|37/100\n|-unboost|p1a: EggChan|spa|1\n|\n|-damage|p2a: Latios|70/100 tox|[from] psn\n|upkeep\n|turn|24\n|\n|t:|1771251115\n|switch|p2a: Kingambit|Kingambit, M|71/100\n|-damage|p2a: Kingambit|65/100|[from] Stealth Rock\n|move|p1a: EggChan|Soft-Boiled|p1a: EggChan\n|-heal|p1a: EggChan|87/100\n|\n|upkeep\n|turn|25\n|\n|t:|1771251121\n|-activate|p1a: EggChan|move: Pursuit\n|move|p2a: Kingambit|Pursuit|p1a: EggChan|[from] Pursuit\n|-damage|p1a: EggChan|39/100\n|switch|p1a: Your BF|Corviknight, M|94/100\n|-ability|p1a: Your BF|Pressure\n|\n|upkeep\n|turn|26\n|\n|t:|1771251126\n|-end|p2a: Kingambit|fallenundefined|[silent]\n|switch|p2a: Pecharunt|Pecharunt|100/100\n|move|p1a: Your BF|Body Press|p2a: Pecharunt\n|-immune|p2a: Pecharunt\n|\n|upkeep\n|turn|27\n|\n|t:|1771251131\n|switch|p1a: hehhehe|Clodsire, F, shiny|29/100\n|move|p2a: Pecharunt|Parting Shot|p1a: hehhehe\n|-unboost|p1a: hehhehe|atk|1\n|-unboost|p1a: hehhehe|spa|1\n|\n|t:|1771251135\n|switch|p2a: Kingambit|Kingambit, M|65/100|[from] Parting Shot\n|-damage|p2a: Kingambit|59/100|[from] Stealth Rock\n|\n|-heal|p1a: hehhehe|35/100|[from] item: Black Sludge\n|upkeep\n|turn|28\n|\n|t:|1771251137\n|move|p2a: Kingambit|Pursuit|p1a: hehhehe\n|-damage|p1a: hehhehe|0 fnt\n|faint|p1a: hehhehe\n|\n|upkeep\n|\n|t:|1771251145\n|switch|p1a: Timid|Sableye-Mega, M, shiny|51/100\n|turn|29\n|\n|t:|1771251146\n|move|p2a: Kingambit|Pursuit|p1a: Timid\n|-damage|p1a: Timid|25/100\n|move|p1a: Timid|Recover|p1a: Timid\n|-heal|p1a: Timid|75/100\n|\n|upkeep\n|turn|30\n|\n|t:|1771251150\n|-end|p2a: Kingambit|fallenundefined|[silent]\n|switch|p2a: Pecharunt|Pecharunt|100/100\n|move|p1a: Timid|Will-O-Wisp|p2a: Pecharunt\n|-status|p2a: Pecharunt|brn\n|\n|-damage|p2a: Pecharunt|94/100 brn|[from] brn\n|upkeep\n|turn|31\n|\n|t:|1771251154\n|switch|p1a: ThePex|Toxapex, F, shiny|100/100\n|move|p2a: Pecharunt|Parting Shot|p1a: ThePex\n|-unboost|p1a: ThePex|atk|1\n|-unboost|p1a: ThePex|spa|1\n|\n|t:|1771251157\n|switch|p2a: Latios|Latios-Mega, M|70/100 tox|[from] Parting Shot\n|-damage|p2a: Latios|58/100 tox|[from] Stealth Rock\n|\n|-damage|p2a: Latios|52/100 tox|[from] psn\n|upkeep\n|turn|32\n|\n|t:|1771251161\n|switch|p2a: Kingambit|Kingambit, M|59/100\n|-damage|p2a: Kingambit|53/100|[from] Stealth Rock\n|switch|p1a: EggChan|Chansey, F, shiny|39/100\n|\n|upkeep\n|turn|33\n|\n|t:|1771251164\n|move|p2a: Kingambit|Pursuit|p1a: EggChan\n|-damage|p1a: EggChan|16/100\n|move|p1a: EggChan|Soft-Boiled|p1a: EggChan\n|-heal|p1a: EggChan|66/100\n|\n|upkeep\n|turn|34\n|\n|t:|1771251168\n|-end|p2a: Kingambit|fallenundefined|[silent]\n|switch|p2a: Pecharunt|Pecharunt|94/100 brn\n|move|p1a: EggChan|Seismic Toss|p2a: Pecharunt\n|-immune|p2a: Pecharunt\n|\n|-damage|p2a: Pecharunt|88/100 brn|[from] brn\n|upkeep\n|turn|35\n|\n|t:|1771251171\n|move|p2a: Pecharunt|Parting Shot|p1a: EggChan\n|-unboost|p1a: EggChan|atk|1\n|-unboost|p1a: EggChan|spa|1\n|\n|t:|1771251173\n|switch|p2a: Kingambit|Kingambit, M|53/100|[from] Parting Shot\n|-damage|p2a: Kingambit|46/100|[from] Stealth Rock\n|move|p1a: EggChan|Soft-Boiled|p1a: EggChan\n|-heal|p1a: EggChan|100/100\n|\n|upkeep\n|turn|36\n|\n|t:|1771251176\n|switch|p1a: Your BF|Corviknight, M|94/100\n|-ability|p1a: Your BF|Pressure\n|move|p2a: Kingambit|Low Kick|p1a: Your BF\n|-damage|p1a: Your BF|66/100\n|\n|upkeep\n|turn|37\n|\n|t:|1771251183\n|move|p1a: Your BF|Body Press|p2a: Kingambit\n|-supereffective|p2a: Kingambit\n|-damage|p2a: Kingambit|0 fnt\n|faint|p2a: Kingambit\n|-end|p2a: Kingambit|fallenundefined|[silent]\n|\n|upkeep\n|\n|t:|1771251186\n|switch|p2a: Latios|Latios-Mega, M|52/100 tox\n|-damage|p2a: Latios|40/100 tox|[from] Stealth Rock\n|turn|38\n|-message|Queijolol forfeited.\n|\n|win|riderzitto5\n|raw|riderzitto5's rating: 1599 &rarr; <strong>1618</strong><br />(+19 for winning)\n|raw|Queijolol's rating: 1580 &rarr; <strong>1561</strong><br />(-19 for losing)\n|l|☆Queijolol\n|player|p2|\n|l|☆riderzitto5\n|player|p1|\n", "uploadtime": 1771251340, "views": 3, "formatid": "gen9nationaldex", "rating": 1561, "private": 0, "password": null}