{"id": "gen9nationaldex-2540619005", "format": "[Gen 9] National Dex", "players": ["Az4k4", "zKaori"], "log": "|j|☆Az4k4\n|j|☆zKaori\n|t:|1771228423\n|gametype|singles\n|player|p1|Az4k4|n|1514\n|player|p2|zKaori|wally|1624\n|gen|9\n|tier|[Gen 9] National Dex\n|rated|\n|rule|HP Percentage Mod: HP is shown in percentages\n|rule|Endless Battle Clause: Forcing endless battles is banned\n|rule|Species Clause: Limit one of each Pokémon\n|rule|OHKO Clause: OHKO moves are banned\n|rule|Evasion Clause: Evasion abilities, items, and moves are banned\n|rule|Evasion Abilities Clause: Evasion abilities are banned\n|rule|Evasion Items Clause: Evasion items are banned\n|rule|Evasion Moves Clause: Evasion moves are banned\n|rule|Sleep Clause Mod: Limit one foe put to sleep\n|rule|Terastal Clause: You cannot Terastallize\n|clearpoke\n|poke|p1|Blacephalon|\n|poke|p1|Kingambit, M|\n|poke|p1|Great Tusk|\n|poke|p1|Ferrothorn, M|\n|poke|p1|Diancie|\n|poke|p1|Zapdos|\n|poke|p2|Zamazenta-*|\n|poke|p2|Corviknight, F|\n|poke|p2|Polteageist|\n|poke|p2|Cloyster, F|\n|poke|p2|Great Tusk|\n|poke|p2|Altaria, M|\n|teampreview\n|inactive|Battle timer is ON: inactive players will automatically lose when time's up. (requested by zKaori)\n|\n|t:|1771228442\n|teamsize|p1|6\n|teamsize|p2|6\n|start\n|switch|p1a: Diancie|Diancie|100/100\n|switch|p2a: Zamazenta|Zamazenta|100/100\n|-ability|p2a: Zamazenta|Dauntless Shield|boost\n|-boost|p2a: Zamazenta|def|1\n|turn|1\n|\n|t:|1771228455\n|detailschange|p1a: Diancie|Diancie-Mega\n|-mega|p1a: Diancie|Diancie|Diancite\n|move|p2a: Zamazenta|Light Screen|p2a: Zamazenta\n|-sidestart|p2: zKaori|move: Light Screen\n|move|p1a: Diancie|Moonblast|p2a: Zamazenta\n|-supereffective|p2a: Zamazenta\n|-damage|p2a: Zamazenta|58/100\n|-unboost|p2a: Zamazenta|spa|1\n|\n|upkeep\n|turn|2\n|\n|t:|1771228461\n|move|p2a: Zamazenta|Body Press|p1a: Diancie\n|-damage|p1a: Diancie|37/100\n|move|p1a: Diancie|Moonblast|p2a: Zamazenta\n|-supereffective|p2a: Zamazenta\n|-damage|p2a: Zamazenta|16/100\n|\n|upkeep\n|turn|3\n|\n|t:|1771228466\n|switch|p1a: Zapdos|Zapdos|100/100\n|move|p2a: Zamazenta|Reflect|p2a: Zamazenta\n|-sidestart|p2: zKaori|Reflect\n|\n|upkeep\n|turn|4\n|\n|t:|1771228472\n|move|p2a: Zamazenta|Body Press|p1a: Zapdos\n|-resisted|p1a: Zapdos\n|-damage|p1a: Zapdos|74/100\n|-status|p2a: Zamazenta|par|[from] ability: Static|[of] p1a: Zapdos\n|move|p1a: Zapdos|Hurricane|p2a: Zamazenta\n|-supereffective|p2a: Zamazenta\n|-damage|p2a: Zamazenta|0 fnt\n|faint|p2a: Zamazenta\n|\n|upkeep\n|\n|t:|1771228492\n|switch|p2a: Polteageist|Polteageist|100/100\n|turn|5\n|\n|t:|1771228496\n|move|p1a: Zapdos|Volt Switch|p2a: Polteageist\n|-damage|p2a: Polteageist|79/100\n|-start|p1a: Zapdos|Disable|Volt Switch|[from] ability: Cursed Body|[of] p2a: Polteageist\n|\n|t:|1771228498\n|switch|p1a: Kingambit|Kingambit, M|100/100|[from] Volt Switch\n|move|p2a: Polteageist|Shell Smash|p2a: Polteageist\n|-unboost|p2a: Polteageist|def|1\n|-unboost|p2a: Polteageist|spd|1\n|-boost|p2a: Polteageist|atk|2\n|-boost|p2a: Polteageist|spa|2\n|-boost|p2a: Polteageist|spe|2\n|-enditem|p2a: Polteageist|White Herb\n|-clearnegativeboost|p2a: Polteageist|[silent]\n|\n|upkeep\n|turn|6\n|\n|t:|1771228502\n|move|p2a: Polteageist|Strength Sap|p1a: Kingambit\n|-unboost|p1a: Kingambit|atk|1\n|-heal|p2a: Polteageist|100/100\n|move|p1a: Kingambit|Swords Dance|p1a: Kingambit\n|-boost|p1a: Kingambit|atk|2\n|\n|upkeep\n|turn|7\n|\n|t:|1771228509\n|move|p2a: Polteageist|Shadow Ball|p1a: Kingambit\n|-resisted|p1a: Kingambit\n|-damage|p1a: Kingambit|54/100\n|-unboost|p1a: Kingambit|spd|1\n|move|p1a: Kingambit|Swords Dance|p1a: Kingambit\n|-boost|p1a: Kingambit|atk|2\n|\n|upkeep\n|turn|8\n|\n|t:|1771228514\n|move|p1a: Kingambit|Sucker Punch||[still]\n|-fail|p1a: Kingambit\n|move|p2a: Polteageist|Strength Sap|p1a: Kingambit\n|-unboost|p1a: Kingambit|atk|1\n|\n|-sideend|p2: zKaori|move: Light Screen\n|upkeep\n|turn|9\n|\n|t:|1771228521\n|move|p2a: Polteageist|Shadow Ball|p1a: Kingambit\n|-resisted|p1a: Kingambit\n|-damage|p1a: Kingambit|0 fnt\n|faint|p1a: Kingambit\n|-end|p1a: Kingambit|fallenundefined|[silent]\n|\n|upkeep\n|\n|t:|1771228527\n|switch|p1a: Ferrothorn|Ferrothorn, M|100/100\n|turn|10\n|\n|t:|1771228532\n|move|p2a: Polteageist|Shadow Ball|p1a: Ferrothorn\n|-damage|p1a: Ferrothorn|41/100\n|move|p1a: Ferrothorn|Leech Seed|p2a: Polteageist\n|-start|p2a: Polteageist|move: Leech Seed\n|\n|-heal|p1a: Ferrothorn|47/100|[from] item: Leftovers\n|-damage|p2a: Polteageist|88/100|[from] Leech Seed|[of] p1a: Ferrothorn\n|-heal|p1a: Ferrothorn|56/100|[silent]\n|-sideend|p2: zKaori|Reflect\n|upkeep\n|turn|11\n|\n|t:|1771228543\n|switch|p1a: Diancie|Diancie-Mega|37/100\n|move|p2a: Polteageist|Shell Smash|p2a: Polteageist\n|-unboost|p2a: Polteageist|def|1\n|-unboost|p2a: Polteageist|spd|1\n|-boost|p2a: Polteageist|atk|2\n|-boost|p2a: Polteageist|spa|2\n|-boost|p2a: Polteageist|spe|2\n|\n|-damage|p2a: Polteageist|76/100|[from] Leech Seed|[of] p1a: Diancie\n|-heal|p1a: Diancie|50/100|[silent]\n|upkeep\n|turn|12\n|\n|t:|1771228548\n|move|p2a: Polteageist|Shadow Ball|p1a: Diancie\n|-damage|p1a: Diancie|0 fnt\n|faint|p1a: Diancie\n|detailschange|p1: Diancie|Diancie|[silent]\n|\n|upkeep\n|-message|Az4k4 forfeited.\n|\n|win|zKaori\n|raw|Az4k4's rating: 1514 &rarr; <strong>1500</strong><br />(-14 for losing)\n|raw|zKaori's rating: 1624 &rarr; <strong>1638</strong><br />(+14 for winning)\n|l|☆Az4k4\n|player|p1|\n|l|☆zKaori\n|player|p2|\n", "uploadtime": 1771228893, "views": 9, "formatid": "gen9nationaldex", "rating": 1500, "private": 0, "password": null}