{"id": "gen9nationaldex-2540431164", "format": "[Gen 9] National Dex", "players": ["Misty Biitch", "Cerberus 17"], "log": "|j|☆Misty Biitch\n|j|☆Cerberus 17\n|t:|1771201180\n|gametype|singles\n|player|p1|Misty Biitch|misty|1746\n|player|p2|Cerberus 17|cynthia-gen4|1697\n|gen|9\n|tier|[Gen 9] National Dex\n|rated|\n|rule|HP Percentage Mod: HP is shown in percentages\n|rule|Endless Battle Clause: Forcing endless battles is banned\n|rule|Species Clause: Limit one of each Pokémon\n|rule|OHKO Clause: OHKO moves are banned\n|rule|Evasion Clause: Evasion abilities, items, and moves are banned\n|rule|Evasion Abilities Clause: Evasion abilities are banned\n|rule|Evasion Items Clause: Evasion items are banned\n|rule|Evasion Moves Clause: Evasion moves are banned\n|rule|Sleep Clause Mod: Limit one foe put to sleep\n|rule|Terastal Clause: You cannot Terastallize\n|clearpoke\n|poke|p1|Kingdra, F|\n|poke|p1|Pelipper, F|\n|poke|p1|Swampert, F|\n|poke|p1|Urshifu-*, F|\n|poke|p1|Ludicolo, F|\n|poke|p1|Barraskewda, F|\n|poke|p2|Tyranitar, F|\n|poke|p2|Kartana|\n|poke|p2|Diancie|\n|poke|p2|Excadrill, M|\n|poke|p2|Sinistcha-Masterpiece|\n|poke|p2|Kommo-o, M|\n|teampreview\n|inactive|Battle timer is ON: inactive players will automatically lose when time's up. (requested by Cerberus 17)\n|inactive|Misty Biitch also wants the timer to be on.\n|\n|t:|1771201194\n|teamsize|p1|6\n|teamsize|p2|6\n|start\n|switch|p1a: Swampert|Swampert, F|100/100\n|switch|p2a: Sinistcha|Sinistcha-Masterpiece|100/100\n|turn|1\n|\n|t:|1771201200\n|switch|p1a: Pelipper|Pelipper, F|100/100\n|-weather|RainDance|[from] ability: Drizzle|[of] p1a: Pelipper\n|move|p2a: Sinistcha|Matcha Gotcha|p1a: Pelipper\n|-damage|p1a: Pelipper|57/100\n|\n|-weather|RainDance|[upkeep]\n|upkeep\n|turn|2\n|\n|t:|1771201205\n|switch|p2a: Tyranitar|Tyranitar, F|100/100\n|-weather|Sandstorm|[from] ability: Sand Stream|[of] p2a: Tyranitar\n|switch|p1a: Ludicolo|Ludicolo, F|100/100\n|\n|-weather|Sandstorm|[upkeep]\n|-damage|p1a: Ludicolo|95/100|[from] Sandstorm\n|upkeep\n|turn|3\n|inactive|Misty Biitch has 120 seconds left.\n|\n|t:|1771201239\n|switch|p1a: Swampert|Swampert, F|100/100\n|switch|p2a: Kommo-o|Kommo-o, M|100/100\n|\n|-weather|Sandstorm|[upkeep]\n|-damage|p2a: Kommo-o|94/100|[from] Sandstorm\n|upkeep\n|turn|4\n|inactive|Misty Biitch has 120 seconds left.\n|j| Soluc\n|inactive|Misty Biitch has 90 seconds left.\n|inactive|Misty Biitch has 60 seconds left.\n|\n|t:|1771201312\n|detailschange|p1a: Swampert|Swampert-Mega, F\n|-mega|p1a: Swampert|Swampert|Swampertite\n|-zpower|p2a: Kommo-o\n|move|p2a: Kommo-o|Clangorous Soulblaze|p1a: Swampert|[zeffect]\n|-damage|p1a: Swampert|29/100\n|-boost|p2a: Kommo-o|atk|1\n|-boost|p2a: Kommo-o|def|1\n|-boost|p2a: Kommo-o|spa|1\n|-boost|p2a: Kommo-o|spd|1\n|-boost|p2a: Kommo-o|spe|1\n|move|p1a: Swampert|Stealth Rock|p2a: Kommo-o\n|-sidestart|p2: Cerberus 17|move: Stealth Rock\n|\n|-weather|Sandstorm|[upkeep]\n|-damage|p2a: Kommo-o|88/100|[from] Sandstorm\n|upkeep\n|turn|5\n|inactive|Misty Biitch has 60 seconds left.\n|\n|t:|1771201329\n|move|p2a: Kommo-o|Clanging Scales|p1a: Swampert\n|-damage|p1a: Swampert|0 fnt\n|faint|p1a: Swampert\n|detailschange|p1: Swampert|Swampert, F|[silent]\n|-unboost|p2a: Kommo-o|def|1\n|\n|-weather|Sandstorm|[upkeep]\n|-damage|p2a: Kommo-o|82/100|[from] Sandstorm\n|upkeep\n|inactive|Misty Biitch has 60 seconds left.\n|inactive|Misty Biitch has 30 seconds left.\n|\n|t:|1771201368\n|switch|p1a: Pelipper|Pelipper, F|57/100\n|-weather|RainDance|[from] ability: Drizzle|[of] p1a: Pelipper\n|turn|6\n|\n|t:|1771201372\n|switch|p1a: Ludicolo|Ludicolo, F|95/100\n|move|p2a: Kommo-o|Clanging Scales|p1a: Ludicolo\n|-damage|p1a: Ludicolo|16/100\n|-unboost|p2a: Kommo-o|def|1\n|\n|-weather|RainDance|[upkeep]\n|upkeep\n|turn|7\n|\n|t:|1771201390\n|move|p1a: Ludicolo|Ice Beam|p2a: Kommo-o\n|-supereffective|p2a: Kommo-o\n|-damage|p2a: Kommo-o|20/100\n|-damage|p1a: Ludicolo|6/100|[from] item: Life Orb\n|move|p2a: Kommo-o|Drain Punch|p1a: Ludicolo\n|-damage|p1a: Ludicolo|0 fnt\n|-heal|p2a: Kommo-o|24/100|[from] drain|[of] p1a: Ludicolo\n|faint|p1a: Ludicolo\n|\n|-weather|RainDance|[upkeep]\n|upkeep\n|\n|t:|1771201395\n|switch|p1a: Kingdra|Kingdra, F|100/100\n|turn|8\n|\n|t:|1771201398\n|move|p1a: Kingdra|Weather Ball|p2a: Kommo-o\n|-resisted|p2a: Kommo-o\n|-damage|p2a: Kommo-o|0 fnt\n|faint|p2a: Kommo-o\n|\n|-weather|RainDance|[upkeep]\n|upkeep\n|\n|t:|1771201402\n|switch|p2a: Tyranitar|Tyranitar, F|100/100\n|-damage|p2a: Tyranitar|88/100|[from] Stealth Rock\n|-weather|Sandstorm|[from] ability: Sand Stream|[of] p2a: Tyranitar\n|turn|9\n|\n|t:|1771201412\n|switch|p1a: Urshifu|Urshifu-Rapid-Strike, F|100/100\n|move|p2a: Tyranitar|Knock Off|p1a: Urshifu\n|-resisted|p1a: Urshifu\n|-damage|p1a: Urshifu|71/100\n|-enditem|p1a: Urshifu|Choice Band|[from] move: Knock Off|[of] p2a: Tyranitar\n|\n|-weather|Sandstorm|[upkeep]\n|-damage|p1a: Urshifu|65/100|[from] Sandstorm\n|upkeep\n|turn|10\n|\n|t:|1771201418\n|switch|p2a: Sinistcha|Sinistcha-Masterpiece|100/100\n|-damage|p2a: Sinistcha|88/100|[from] Stealth Rock\n|move|p1a: Urshifu|U-turn|p2a: Sinistcha\n|-damage|p2a: Sinistcha|68/100\n|\n|t:|1771201422\n|switch|p1a: Pelipper|Pelipper, F|57/100|[from] U-turn\n|-weather|RainDance|[from] ability: Drizzle|[of] p1a: Pelipper\n|\n|-weather|RainDance|[upkeep]\n|-heal|p2a: Sinistcha|74/100|[from] item: Leftovers\n|upkeep\n|turn|11\n|\n|t:|1771201427\n|switch|p2a: Diancie|Diancie|100/100\n|-damage|p2a: Diancie|88/100|[from] Stealth Rock\n|move|p1a: Pelipper|U-turn|p2a: Diancie\n|-resisted|p2a: Diancie\n|-damage|p2a: Diancie|84/100\n|\n|t:|1771201433\n|switch|p1a: Barraskewda|Barraskewda, F|100/100|[from] U-turn\n|\n|-weather|RainDance|[upkeep]\n|upkeep\n|turn|12\n|\n|t:|1771201445\n|switch|p2a: Sinistcha|Sinistcha-Masterpiece|74/100\n|-damage|p2a: Sinistcha|62/100|[from] Stealth Rock\n|move|p1a: Barraskewda|Flip Turn|p2a: Sinistcha\n|-resisted|p2a: Sinistcha\n|-damage|p2a: Sinistcha|40/100\n|-damage|p1a: Barraskewda|91/100|[from] item: Life Orb\n|inactive|Misty Biitch has 90 seconds left.\n|\n|t:|1771201464\n|switch|p1a: Urshifu|Urshifu-Rapid-Strike, F|65/100|[from] Flip Turn\n|\n|-weather|RainDance|[upkeep]\n|-heal|p2a: Sinistcha|46/100|[from] item: Leftovers\n|upkeep\n|turn|13\n|\n|t:|1771201473\n|move|p1a: Urshifu|Surging Strikes|p2a: Sinistcha\n|-resisted|p2a: Sinistcha\n|-crit|p2a: Sinistcha\n|-damage|p2a: Sinistcha|35/100\n|-resisted|p2a: Sinistcha\n|-crit|p2a: Sinistcha\n|-damage|p2a: Sinistcha|24/100\n|-resisted|p2a: Sinistcha\n|-crit|p2a: Sinistcha\n|-damage|p2a: Sinistcha|12/100\n|-hitcount|p2a: Sinistcha|3\n|move|p2a: Sinistcha|Strength Sap|p1a: Urshifu\n|-unboost|p1a: Urshifu|atk|1\n|-heal|p2a: Sinistcha|100/100\n|\n|-weather|RainDance|[upkeep]\n|upkeep\n|turn|14\n|\n|t:|1771201482\n|move|p1a: Urshifu|U-turn|p2a: Sinistcha\n|-damage|p2a: Sinistcha|87/100\n|\n|t:|1771201487\n|switch|p1a: Kingdra|Kingdra, F|100/100|[from] U-turn\n|move|p2a: Sinistcha|Matcha Gotcha|p1a: Kingdra\n|-damage|p1a: Kingdra|57/100\n|-heal|p2a: Sinistcha|100/100|[from] drain|[of] p1a: Kingdra\n|-status|p1a: Kingdra|brn\n|\n|-weather|RainDance|[upkeep]\n|-damage|p1a: Kingdra|51/100 brn|[from] brn\n|upkeep\n|turn|15\n|\n|t:|1771201501\n|switch|p2a: Tyranitar|Tyranitar, F|88/100\n|-damage|p2a: Tyranitar|76/100|[from] Stealth Rock\n|-weather|Sandstorm|[from] ability: Sand Stream|[of] p2a: Tyranitar\n|move|p1a: Kingdra|Hurricane|p2a: Tyranitar|[miss]\n|-miss|p1a: Kingdra|p2a: Tyranitar\n|\n|-weather|Sandstorm|[upkeep]\n|-damage|p1a: Kingdra|45/100 brn|[from] Sandstorm\n|-damage|p1a: Kingdra|39/100 brn|[from] brn\n|upkeep\n|turn|16\n|\n|t:|1771201510\n|-activate|p1a: Kingdra|move: Pursuit\n|move|p2a: Tyranitar|Pursuit|p1a: Kingdra|[from] Pursuit\n|-damage|p1a: Kingdra|0 fnt\n|faint|p1a: Kingdra\n|-hint|A Pokemon can't switch between when it runs out of HP and when it faints\n|\n|-weather|Sandstorm|[upkeep]\n|upkeep\n|\n|t:|1771201516\n|switch|p1a: Pelipper|Pelipper, F|57/100\n|-weather|RainDance|[from] ability: Drizzle|[of] p1a: Pelipper\n|turn|17\n|\n|t:|1771201526\n|move|p1a: Pelipper|U-turn|p2a: Tyranitar\n|-supereffective|p2a: Tyranitar\n|-crit|p2a: Tyranitar\n|-damage|p2a: Tyranitar|57/100\n|\n|t:|1771201531\n|switch|p1a: Urshifu|Urshifu-Rapid-Strike, F|65/100|[from] U-turn\n|move|p2a: Tyranitar|Stone Edge|p1a: Urshifu\n|-resisted|p1a: Urshifu\n|-crit|p1a: Urshifu\n|-damage|p1a: Urshifu|21/100\n|\n|-weather|RainDance|[upkeep]\n|upkeep\n|turn|18\n|\n|t:|1771201538\n|switch|p2a: Sinistcha|Sinistcha-Masterpiece|100/100\n|-damage|p2a: Sinistcha|88/100|[from] Stealth Rock\n|move|p1a: Urshifu|Surging Strikes|p2a: Sinistcha\n|-resisted|p2a: Sinistcha\n|-crit|p2a: Sinistcha\n|-damage|p2a: Sinistcha|78/100\n|-resisted|p2a: Sinistcha\n|-crit|p2a: Sinistcha\n|-damage|p2a: Sinistcha|66/100\n|-resisted|p2a: Sinistcha\n|-crit|p2a: Sinistcha\n|-damage|p2a: Sinistcha|56/100\n|-hitcount|p2a: Sinistcha|3\n|\n|-weather|RainDance|[upkeep]\n|-heal|p2a: Sinistcha|62/100|[from] item: Leftovers\n|upkeep\n|turn|19\n|\n|t:|1771201554\n|move|p1a: Urshifu|U-turn|p2a: Sinistcha\n|-damage|p2a: Sinistcha|44/100\n|\n|t:|1771201560\n|switch|p1a: Pelipper|Pelipper, F|57/100|[from] U-turn\n|move|p2a: Sinistcha|Strength Sap|p1a: Pelipper\n|-unboost|p1a: Pelipper|atk|1\n|-heal|p2a: Sinistcha|80/100\n|\n|-weather|RainDance|[upkeep]\n|-heal|p2a: Sinistcha|86/100|[from] item: Leftovers\n|upkeep\n|turn|20\n|\n|t:|1771201570\n|switch|p2a: Tyranitar|Tyranitar, F|57/100\n|-damage|p2a: Tyranitar|45/100|[from] Stealth Rock\n|-weather|Sandstorm|[from] ability: Sand Stream|[of] p2a: Tyranitar\n|move|p1a: Pelipper|Roost|p1a: Pelipper\n|-heal|p1a: Pelipper|100/100\n|-singleturn|p1a: Pelipper|move: Roost\n|\n|-weather|Sandstorm|[upkeep]\n|-damage|p1a: Pelipper|94/100|[from] Sandstorm\n|upkeep\n|turn|21\n|\n|t:|1771201579\n|move|p1a: Pelipper|U-turn|p2a: Tyranitar\n|-supereffective|p2a: Tyranitar\n|-damage|p2a: Tyranitar|36/100\n|\n|t:|1771201583\n|switch|p1a: Urshifu|Urshifu-Rapid-Strike, F|21/100|[from] U-turn\n|move|p2a: Tyranitar|Knock Off|p1a: Urshifu\n|-resisted|p1a: Urshifu\n|-crit|p1a: Urshifu\n|-damage|p1a: Urshifu|0 fnt\n|faint|p1a: Urshifu\n|\n|-weather|Sandstorm|[upkeep]\n|upkeep\n|\n|t:|1771201584\n|switch|p1a: Barraskewda|Barraskewda, F|91/100\n|turn|22\n|inactive|Cerberus 17 has 120 seconds left.\n|\n|t:|1771201619\n|switch|p2a: Sinistcha|Sinistcha-Masterpiece|86/100\n|-damage|p2a: Sinistcha|73/100|[from] Stealth Rock\n|move|p1a: Barraskewda|Close Combat|p2a: Sinistcha\n|-immune|p2a: Sinistcha\n|\n|-weather|Sandstorm|[upkeep]\n|-damage|p1a: Barraskewda|85/100|[from] Sandstorm\n|-damage|p2a: Sinistcha|67/100|[from] Sandstorm\n|-heal|p2a: Sinistcha|73/100|[from] item: Leftovers\n|upkeep\n|turn|23\n|\n|t:|1771201627\n|move|p1a: Barraskewda|Rain Dance|p1a: Barraskewda\n|-weather|RainDance\n|move|p2a: Sinistcha|Matcha Gotcha|p1a: Barraskewda\n|-supereffective|p1a: Barraskewda\n|-damage|p1a: Barraskewda|0 fnt\n|-heal|p2a: Sinistcha|100/100|[from] drain|[of] p1a: Barraskewda\n|faint|p1a: Barraskewda\n|\n|-weather|RainDance|[upkeep]\n|upkeep\n|\n|t:|1771201629\n|switch|p1a: Pelipper|Pelipper, F|94/100\n|turn|24\n|\n|t:|1771201634\n|switch|p2a: Tyranitar|Tyranitar, F|36/100\n|-damage|p2a: Tyranitar|24/100|[from] Stealth Rock\n|-weather|Sandstorm|[from] ability: Sand Stream|[of] p2a: Tyranitar\n|move|p1a: Pelipper|Hurricane|p2a: Tyranitar\n|-resisted|p2a: Tyranitar\n|-damage|p2a: Tyranitar|13/100\n|\n|-weather|Sandstorm|[upkeep]\n|-damage|p1a: Pelipper|88/100|[from] Sandstorm\n|upkeep\n|turn|25\n|\n|t:|1771201654\n|move|p1a: Pelipper|U-turn|p2a: Tyranitar\n|-supereffective|p2a: Tyranitar\n|-damage|p2a: Tyranitar|0 fnt\n|faint|p2a: Tyranitar\n|\n|-weather|Sandstorm|[upkeep]\n|-damage|p1a: Pelipper|82/100|[from] Sandstorm\n|upkeep\n|\n|t:|1771201660\n|switch|p2a: Diancie|Diancie|84/100\n|-damage|p2a: Diancie|71/100|[from] Stealth Rock\n|turn|26\n|\n|t:|1771201665\n|detailschange|p2a: Diancie|Diancie-Mega\n|-mega|p2a: Diancie|Diancie|Diancite\n|move|p2a: Diancie|Moonblast|p1a: Pelipper\n|-damage|p1a: Pelipper|5/100\n|move|p1a: Pelipper|Hurricane|p2a: Diancie|[miss]\n|-miss|p1a: Pelipper|p2a: Diancie\n|\n|-weather|Sandstorm|[upkeep]\n|-damage|p1a: Pelipper|0 fnt|[from] Sandstorm\n|faint|p1a: Pelipper\n|\n|win|Cerberus 17\n|raw|Misty Biitch's rating: 1729 &rarr; <strong>1707</strong><br />(-22 for losing)\n|raw|Cerberus 17's rating: 1697 &rarr; <strong>1719</strong><br />(+22 for winning)\n|l|☆Cerberus 17\n|player|p2|\n|l| Soluc\n", "uploadtime": 1771201906, "views": 8, "formatid": "gen9nationaldex", "rating": 1707, "private": 0, "password": null}