{"id": "gen9nationaldex-2540237599", "format": "[Gen 9] National Dex", "players": ["tpfire", "kownish"], "log": "|j|☆tpfire\n|j|☆kownish\n|t:|1771179285\n|gametype|singles\n|player|p1|tpfire|birdkeeper-gen4dp|1689\n|player|p2|kownish|wattson|1650\n|gen|9\n|tier|[Gen 9] National Dex\n|rated|\n|rule|HP Percentage Mod: HP is shown in percentages\n|rule|Endless Battle Clause: Forcing endless battles is banned\n|rule|Species Clause: Limit one of each Pokémon\n|rule|OHKO Clause: OHKO moves are banned\n|rule|Evasion Clause: Evasion abilities, items, and moves are banned\n|rule|Evasion Abilities Clause: Evasion abilities are banned\n|rule|Evasion Items Clause: Evasion items are banned\n|rule|Evasion Moves Clause: Evasion moves are banned\n|rule|Sleep Clause Mod: Limit one foe put to sleep\n|rule|Terastal Clause: You cannot Terastallize\n|clearpoke\n|poke|p1|Rillaboom, F|\n|poke|p1|Slowking, M|\n|poke|p1|Zamazenta-*|\n|poke|p1|Iron Treads|\n|poke|p1|Moltres|\n|poke|p1|Diancie|\n|poke|p2|Tapu Lele|\n|poke|p2|Iron Treads|\n|poke|p2|Moltres|\n|poke|p2|Samurott-Hisui, M|\n|poke|p2|Zamazenta-*|\n|poke|p2|Venusaur, M|\n|teampreview\n|inactive|Battle timer is ON: inactive players will automatically lose when time's up. (requested by kownish)\n|inactive|tpfire also wants the timer to be on.\n|\n|t:|1771179305\n|teamsize|p1|6\n|teamsize|p2|6\n|start\n|switch|p1a: Rillaboom|Rillaboom, F|100/100\n|switch|p2a: Samurott|Samurott-Hisui, M|100/100\n|-fieldstart|move: Grassy Terrain|[from] ability: Grassy Surge|[of] p1a: Rillaboom\n|turn|1\n|\n|t:|1771179310\n|switch|p2a: Venusaur|Venusaur, M|100/100\n|move|p1a: Rillaboom|Knock Off|p2a: Venusaur\n|-damage|p2a: Venusaur|58/100\n|\n|-heal|p2a: Venusaur|65/100|[from] Grassy Terrain\n|upkeep\n|turn|2\n|\n|t:|1771179319\n|switch|p1a: Moltres|Moltres|100/100\n|detailschange|p2a: Venusaur|Venusaur-Mega, M\n|-mega|p2a: Venusaur|Venusaur|Venusaurite\n|move|p2a: Venusaur|Sludge Bomb|p1a: Moltres\n|-damage|p1a: Moltres|65/100\n|\n|-heal|p2a: Venusaur|71/100|[from] Grassy Terrain\n|upkeep\n|turn|3\n|\n|t:|1771179325\n|move|p2a: Venusaur|Sludge Bomb|p1a: Moltres\n|-damage|p1a: Moltres|35/100\n|-status|p1a: Moltres|psn\n|move|p1a: Moltres|Brave Bird|p2a: Venusaur\n|-supereffective|p2a: Venusaur\n|-crit|p2a: Venusaur\n|-damage|p2a: Venusaur|0 fnt\n|faint|p2a: Venusaur\n|detailschange|p2: Venusaur|Venusaur, M|[silent]\n|-damage|p1a: Moltres|13/100 psn|[from] Recoil\n|\n|-damage|p1a: Moltres|1/100 psn|[from] psn\n|upkeep\n|\n|t:|1771179333\n|switch|p2a: Samurott|Samurott-Hisui, M|100/100\n|turn|4\n|\n|t:|1771179335\n|move|p2a: Samurott|Ceaseless Edge|p1a: Moltres\n|-damage|p1a: Moltres|0 fnt\n|-sidestart|p1: tpfire|Spikes\n|faint|p1a: Moltres\n|\n|upkeep\n|\n|t:|1771179340\n|switch|p1a: Rillaboom|Rillaboom, F|100/100\n|-damage|p1a: Rillaboom|88/100|[from] Spikes\n|turn|5\n|\n|t:|1771179353\n|switch|p2a: Moltres|Moltres|100/100\n|move|p1a: Rillaboom|U-turn|p2a: Moltres\n|-resisted|p2a: Moltres\n|-damage|p2a: Moltres|90/100\n|-status|p1a: Rillaboom|brn|[from] ability: Flame Body|[of] p2a: Moltres\n|\n|t:|1771179356\n|switch|p1a: Diancie|Diancie|100/100|[from] U-turn\n|-damage|p1a: Diancie|88/100|[from] Spikes\n|\n|-heal|p1a: Diancie|94/100|[from] Grassy Terrain\n|-fieldend|move: Grassy Terrain\n|upkeep\n|turn|6\n|\n|t:|1771179364\n|switch|p2a: Iron Treads|Iron Treads|100/100\n|-item|p2a: Iron Treads|Air Balloon\n|detailschange|p1a: Diancie|Diancie-Mega\n|-mega|p1a: Diancie|Diancie|Diancite\n|move|p1a: Diancie|Diamond Storm|p2a: Iron Treads\n|-resisted|p2a: Iron Treads\n|-damage|p2a: Iron Treads|88/100\n|-boost|p1a: Diancie|def|2\n|-enditem|p2a: Iron Treads|Air Balloon\n|\n|upkeep\n|turn|7\n|\n|t:|1771179394\n|move|p1a: Diancie|Earth Power|p2a: Iron Treads\n|-supereffective|p2a: Iron Treads\n|-damage|p2a: Iron Treads|0 fnt\n|faint|p2a: Iron Treads\n|-end|p2a: Iron Treads|Quark Drive|[silent]\n|\n|upkeep\n|\n|t:|1771179401\n|switch|p2a: eve|Tapu Lele, shiny|100/100\n|-fieldstart|move: Psychic Terrain|[from] ability: Psychic Surge|[of] p2a: eve\n|turn|8\n|\n|t:|1771179404\n|switch|p1a: Slowking|Slowking, M|100/100\n|-zpower|p2a: eve\n|move|p2a: eve|Shattered Psyche|p1a: Slowking|[zeffect]\n|-resisted|p1a: Slowking\n|-damage|p1a: Slowking|54/100\n|\n|upkeep\n|turn|9\n|\n|t:|1771179408\n|move|p2a: eve|Calm Mind|p2a: eve\n|-boost|p2a: eve|spa|1\n|-boost|p2a: eve|spd|1\n|move|p1a: Slowking|Teleport|p1a: Slowking\n|\n|t:|1771179416\n|switch|p1a: Rillaboom|Rillaboom, F|88/100 brn|[from] Teleport\n|-damage|p1a: Rillaboom|76/100 brn|[from] Spikes\n|-fieldstart|move: Grassy Terrain|[from] ability: Grassy Surge|[of] p1a: Rillaboom\n|\n|-heal|p1a: Rillaboom|82/100 brn|[from] Grassy Terrain\n|-damage|p1a: Rillaboom|76/100 brn|[from] brn\n|upkeep\n|turn|10\n|\n|t:|1771179427\n|move|p1a: Rillaboom|Grassy Glide|p2a: eve\n|-damage|p2a: eve|52/100\n|move|p2a: eve|Psychic|p1a: Rillaboom\n|-damage|p1a: Rillaboom|0 fnt\n|faint|p1a: Rillaboom\n|\n|-heal|p2a: eve|58/100|[from] Grassy Terrain\n|upkeep\n|inactive|tpfire has 120 seconds left.\n|\n|t:|1771179457\n|switch|p1a: Diancie|Diancie-Mega|94/100\n|-damage|p1a: Diancie|82/100|[from] Spikes\n|turn|11\n|\n|t:|1771179465\n|move|p1a: Diancie|Diamond Storm|p2a: eve\n|-damage|p2a: eve|0 fnt\n|faint|p2a: eve\n|\n|-heal|p1a: Diancie|88/100|[from] Grassy Terrain\n|upkeep\n|\n|t:|1771179470\n|switch|p2a: Samurott|Samurott-Hisui, M|100/100\n|turn|12\n|\n|t:|1771179486\n|switch|p1a: Iron Treads|Iron Treads|100/100\n|-damage|p1a: Iron Treads|88/100|[from] Spikes\n|move|p2a: Samurott|Razor Shell|p1a: Iron Treads\n|-supereffective|p1a: Iron Treads\n|-damage|p1a: Iron Treads|8/100\n|-unboost|p1a: Iron Treads|def|1\n|\n|-heal|p1a: Iron Treads|14/100|[from] Grassy Terrain\n|-heal|p1a: Iron Treads|20/100|[from] item: Leftovers\n|upkeep\n|turn|13\n|\n|t:|1771179494\n|move|p2a: Samurott|Razor Shell|p1a: Iron Treads\n|-supereffective|p1a: Iron Treads\n|-damage|p1a: Iron Treads|0 fnt\n|faint|p1a: Iron Treads\n|-end|p1a: Iron Treads|Quark Drive|[silent]\n|\n|-fieldend|move: Grassy Terrain\n|upkeep\n|\n|t:|1771179496\n|switch|p1a: Zamazenta|Zamazenta|100/100\n|-damage|p1a: Zamazenta|88/100|[from] Spikes\n|-ability|p1a: Zamazenta|Dauntless Shield|boost\n|-boost|p1a: Zamazenta|def|1\n|turn|14\n|\n|t:|1771179500\n|switch|p2a: Moltres|Moltres|90/100\n|move|p1a: Zamazenta|Stone Edge|p2a: Moltres\n|-supereffective|p2a: Moltres\n|-damage|p2a: Moltres|0 fnt\n|faint|p2a: Moltres\n|-damage|p1a: Zamazenta|78/100|[from] item: Life Orb\n|\n|upkeep\n|\n|t:|1771179507\n|switch|p2a: Zamazenta|Zamazenta, shiny|100/100\n|-ability|p2a: Zamazenta|Dauntless Shield|boost\n|-boost|p2a: Zamazenta|def|1\n|turn|15\n|\n|t:|1771179513\n|switch|p1a: Slowking|Slowking, M|87/100\n|move|p2a: Zamazenta|Close Combat|p1a: Slowking\n|-resisted|p1a: Slowking\n|-damage|p1a: Slowking|64/100\n|-unboost|p2a: Zamazenta|def|1\n|-unboost|p2a: Zamazenta|spd|1\n|\n|upkeep\n|turn|16\n|\n|t:|1771179516\n|move|p2a: Zamazenta|Crunch|p1a: Slowking\n|-supereffective|p1a: Slowking\n|-damage|p1a: Slowking|26/100\n|move|p1a: Slowking|Teleport|p1a: Slowking\n|\n|t:|1771179528\n|switch|p1a: Zamazenta|Zamazenta|78/100|[from] Teleport\n|-damage|p1a: Zamazenta|66/100|[from] Spikes\n|\n|upkeep\n|turn|17\n|\n|t:|1771179533\n|move|p2a: Zamazenta|Close Combat|p1a: Zamazenta\n|-damage|p1a: Zamazenta|12/100\n|-unboost|p2a: Zamazenta|def|1\n|-unboost|p2a: Zamazenta|spd|1\n|move|p1a: Zamazenta|Close Combat|p2a: Zamazenta\n|-damage|p2a: Zamazenta|0 fnt\n|-unboost|p1a: Zamazenta|def|1\n|-unboost|p1a: Zamazenta|spd|1\n|faint|p2a: Zamazenta\n|-damage|p1a: Zamazenta|2/100|[from] item: Life Orb\n|\n|upkeep\n|\n|t:|1771179538\n|switch|p2a: Samurott|Samurott-Hisui, M|100/100\n|turn|18\n|\n|t:|1771179542\n|move|p2a: Samurott|Razor Shell|p1a: Zamazenta\n|-damage|p1a: Zamazenta|0 fnt\n|faint|p1a: Zamazenta\n|\n|upkeep\n|\n|t:|1771179544\n|switch|p1a: Slowking|Slowking, M|60/100\n|turn|19\n|\n|t:|1771179546\n|move|p2a: Samurott|Razor Shell|p1a: Slowking\n|-resisted|p1a: Slowking\n|-damage|p1a: Slowking|38/100\n|-unboost|p1a: Slowking|def|1\n|move|p1a: Slowking|Thunder Wave|p2a: Samurott\n|-status|p2a: Samurott|par\n|\n|upkeep\n|turn|20\n|\n|t:|1771179554\n|move|p2a: Samurott|Razor Shell|p1a: Slowking\n|-resisted|p1a: Slowking\n|-damage|p1a: Slowking|6/100\n|-unboost|p1a: Slowking|def|1\n|move|p1a: Slowking|Scald|p2a: Samurott\n|-resisted|p2a: Samurott\n|-damage|p2a: Samurott|80/100 par\n|\n|upkeep\n|turn|21\n|\n|t:|1771179566\n|cant|p2a: Samurott|par\n|move|p1a: Slowking|Teleport|p1a: Slowking\n|\n|t:|1771179567\n|switch|p1a: Diancie|Diancie-Mega|88/100|[from] Teleport\n|-damage|p1a: Diancie|76/100|[from] Spikes\n|\n|upkeep\n|turn|22\n|\n|t:|1771179569\n|move|p1a: Diancie|Moonblast|p2a: Samurott\n|-supereffective|p2a: Samurott\n|-damage|p2a: Samurott|0 fnt\n|faint|p2a: Samurott\n|\n|win|tpfire\n|raw|tpfire's rating: 1689 &rarr; <strong>1707</strong><br />(+18 for winning)\n|raw|kownish's rating: 1650 &rarr; <strong>1632</strong><br />(-18 for losing)\n|l|☆kownish\n|player|p2|\n", "uploadtime": 1771179723, "views": 7, "formatid": "gen9nationaldex", "rating": 1632, "private": 0, "password": null}