{"id": "gen9nationaldex-2540822389", "format": "[Gen 9] National Dex", "players": ["darcy_pham", "InvinIsAClown"], "log": "|j|☆darcy_pham\n|j|☆InvinIsAClown\n|t:|1771257656\n|gametype|singles\n|player|p1|darcy_pham|clown|1606\n|player|p2|InvinIsAClown|fisherman|1647\n|gen|9\n|tier|[Gen 9] National Dex\n|rated|\n|rule|HP Percentage Mod: HP is shown in percentages\n|rule|Endless Battle Clause: Forcing endless battles is banned\n|rule|Species Clause: Limit one of each Pokémon\n|rule|OHKO Clause: OHKO moves are banned\n|rule|Evasion Clause: Evasion abilities, items, and moves are banned\n|rule|Evasion Abilities Clause: Evasion abilities are banned\n|rule|Evasion Items Clause: Evasion items are banned\n|rule|Evasion Moves Clause: Evasion moves are banned\n|rule|Sleep Clause Mod: Limit one foe put to sleep\n|rule|Terastal Clause: You cannot Terastallize\n|clearpoke\n|poke|p1|Toxapex, M|\n|poke|p1|Hatterene, F|\n|poke|p1|Scizor, F|\n|poke|p1|Zeraora|\n|poke|p1|Kommo-o, F|\n|poke|p1|Landorus-Therian, M|\n|poke|p2|Samurott-Hisui, M|\n|poke|p2|Iron Crown|\n|poke|p2|Charizard, M|\n|poke|p2|Great Tusk|\n|poke|p2|Tornadus-Therian, M|\n|poke|p2|Alomomola, M|\n|teampreview\n|inactive|Battle timer is ON: inactive players will automatically lose when time's up. (requested by darcy_pham)\n|inactive|InvinIsAClown has 120 seconds left.\n|j| Arorever Love\n|\n|t:|1771257697\n|teamsize|p1|6\n|teamsize|p2|6\n|start\n|switch|p1a: Zeraora|Zeraora|100/100\n|switch|p2a: Great Tusk|Great Tusk|100/100\n|turn|1\n|l| Arorever Love\n|\n|t:|1771257704\n|move|p1a: Zeraora|Grass Knot|p2a: Great Tusk\n|-supereffective|p2a: Great Tusk\n|-damage|p2a: Great Tusk|0 fnt\n|faint|p2a: Great Tusk\n|-end|p2a: Great Tusk|Protosynthesis|[silent]\n|-damage|p1a: Zeraora|91/100|[from] item: Life Orb\n|\n|upkeep\n|\n|t:|1771257715\n|switch|p2a: Charizard|Charizard, M|100/100\n|turn|2\n|\n|t:|1771257718\n|detailschange|p2a: Charizard|Charizard-Mega-X, M\n|-mega|p2a: Charizard|Charizard|Charizardite X\n|move|p1a: Zeraora|Volt Switch|p2a: Charizard\n|-resisted|p2a: Charizard\n|-damage|p2a: Charizard|72/100\n|-damage|p1a: Zeraora|81/100|[from] item: Life Orb\n|\n|t:|1771257724\n|switch|p1a: Landorus|Landorus-Therian, M|100/100|[from] Volt Switch\n|-ability|p1a: Landorus|Intimidate|boost\n|-unboost|p2a: Charizard|atk|1\n|move|p2a: Charizard|Swords Dance|p2a: Charizard\n|-boost|p2a: Charizard|atk|2\n|\n|upkeep\n|turn|3\n|\n|t:|1771257731\n|move|p1a: Landorus|Earthquake|p2a: Charizard\n|-supereffective|p2a: Charizard\n|-crit|p2a: Charizard\n|-damage|p2a: Charizard|0 fnt\n|faint|p2a: Charizard\n|detailschange|p2: Charizard|Charizard, M|[silent]\n|\n|upkeep\n|\n|t:|1771257734\n|switch|p2a: Samurott|Samurott-Hisui, M|100/100\n|turn|4\n|\n|t:|1771257741\n|switch|p1a: Toxapex|Toxapex, M|100/100\n|move|p2a: Samurott|Ceaseless Edge|p1a: Toxapex\n|-damage|p1a: Toxapex|68/100\n|-damage|p2a: Samurott|84/100|[from] item: Rocky Helmet|[of] p1a: Toxapex\n|-sidestart|p1: darcy_pham|Spikes\n|\n|upkeep\n|turn|5\n|\n|t:|1771257749\n|move|p2a: Samurott|Swords Dance|p2a: Samurott\n|-boost|p2a: Samurott|atk|2\n|move|p1a: Toxapex|Toxic|p2a: Samurott\n|-status|p2a: Samurott|tox\n|\n|-damage|p2a: Samurott|78/100 tox|[from] psn\n|upkeep\n|turn|6\n|\n|t:|1771257756\n|move|p2a: Samurott|Ceaseless Edge|p1a: Toxapex\n|-damage|p1a: Toxapex|0 fnt\n|-damage|p2a: Samurott|61/100 tox|[from] item: Rocky Helmet|[of] p1a: Toxapex\n|-sidestart|p1: darcy_pham|Spikes\n|faint|p1a: Toxapex\n|\n|-damage|p2a: Samurott|49/100 tox|[from] psn\n|upkeep\n|\n|t:|1771257766\n|switch|p1a: Landorus|Landorus-Therian, M|100/100\n|-ability|p1a: Landorus|Intimidate|boost\n|-unboost|p2a: Samurott|atk|1\n|turn|7\n|\n|t:|1771257770\n|switch|p2a: Alomomola|Alomomola, M|100/100\n|move|p1a: Landorus|U-turn|p2a: Alomomola\n|-damage|p2a: Alomomola|85/100\n|\n|t:|1771257779\n|switch|p1a: Zeraora|Zeraora|81/100|[from] U-turn\n|-damage|p1a: Zeraora|65/100|[from] Spikes\n|\n|upkeep\n|turn|8\n|\n|t:|1771257784\n|move|p1a: Zeraora|Taunt|p2a: Alomomola\n|-start|p2a: Alomomola|move: Taunt\n|move|p2a: Alomomola|Mirror Coat||[still]\n|-fail|p2a: Alomomola\n|\n|upkeep\n|turn|9\n|\n|t:|1771257792\n|switch|p1a: Landorus|Landorus-Therian, M|100/100\n|-ability|p1a: Landorus|Intimidate|boost\n|-unboost|p2a: Alomomola|atk|1\n|move|p2a: Alomomola|Flip Turn|p1a: Landorus\n|-supereffective|p1a: Landorus\n|-damage|p1a: Landorus|76/100\n|\n|t:|1771257800\n|switch|p2a: Tornadus|Tornadus-Therian, M|100/100|[from] Flip Turn\n|\n|upkeep\n|turn|10\n|\n|t:|1771257810\n|move|p1a: Landorus|Defog|p2a: Tornadus\n|-unboost|p2a: Tornadus|evasion|1\n|-sideend|p1: darcy_pham|Spikes|[from] move: Defog|[of] p1a: Landorus\n|move|p2a: Tornadus|Bleakwind Storm|p1a: Landorus\n|-damage|p1a: Landorus|0 fnt\n|faint|p1a: Landorus\n|\n|upkeep\n|\n|t:|1771257819\n|switch|p1a: Zeraora|Zeraora|65/100\n|turn|11\n|\n|t:|1771257823\n|switch|p2a: Alomomola|Alomomola, M|100/100\n|move|p1a: Zeraora|Volt Switch|p2a: Alomomola\n|-supereffective|p2a: Alomomola\n|-damage|p2a: Alomomola|51/100\n|-damage|p1a: Zeraora|55/100|[from] item: Life Orb\n|\n|t:|1771257830\n|switch|p1a: Kommo-o|Kommo-o, F|100/100|[from] Volt Switch\n|\n|upkeep\n|turn|12\n|\n|t:|1771257836\n|-zpower|p1a: Kommo-o\n|move|p1a: Kommo-o|Clangorous Soulblaze|p2a: Alomomola|[zeffect]\n|-damage|p2a: Alomomola|2/100\n|-boost|p1a: Kommo-o|atk|1\n|-boost|p1a: Kommo-o|def|1\n|-boost|p1a: Kommo-o|spa|1\n|-boost|p1a: Kommo-o|spd|1\n|-boost|p1a: Kommo-o|spe|1\n|move|p2a: Alomomola|Flip Turn|p1a: Kommo-o\n|-resisted|p1a: Kommo-o\n|-damage|p1a: Kommo-o|95/100\n|\n|t:|1771257845\n|switch|p2a: Iron Crown|Iron Crown|100/100|[from] Flip Turn\n|-enditem|p2a: Iron Crown|Booster Energy\n|-activate|p2a: Iron Crown|ability: Quark Drive|[fromitem]\n|-start|p2a: Iron Crown|quarkdrivespe\n|\n|upkeep\n|turn|13\n|\n|t:|1771257854\n|move|p2a: Iron Crown|Calm Mind|p2a: Iron Crown\n|-boost|p2a: Iron Crown|spa|1\n|-boost|p2a: Iron Crown|spd|1\n|move|p1a: Kommo-o|Flamethrower|p2a: Iron Crown\n|-supereffective|p2a: Iron Crown\n|-damage|p2a: Iron Crown|49/100\n|\n|upkeep\n|turn|14\n|\n|t:|1771257860\n|move|p2a: Iron Crown|Psyshock|p1a: Kommo-o\n|-supereffective|p1a: Kommo-o\n|-damage|p1a: Kommo-o|9/100\n|move|p1a: Kommo-o|Flamethrower|p2a: Iron Crown\n|-supereffective|p2a: Iron Crown\n|-damage|p2a: Iron Crown|0 fnt\n|faint|p2a: Iron Crown\n|-end|p2a: Iron Crown|Quark Drive|[silent]\n|\n|upkeep\n|\n|t:|1771257864\n|switch|p2a: Samurott|Samurott-Hisui, M|49/100 tox\n|turn|15\n|\n|t:|1771257869\n|move|p2a: Samurott|Sucker Punch|p1a: Kommo-o\n|-resisted|p1a: Kommo-o\n|-damage|p1a: Kommo-o|0 fnt\n|faint|p1a: Kommo-o\n|\n|-damage|p2a: Samurott|43/100 tox|[from] psn\n|upkeep\n|-message|InvinIsAClown forfeited.\n|\n|win|darcy_pham\n|raw|darcy_pham's rating: 1606 &rarr; <strong>1628</strong><br />(+22 for winning)\n|raw|InvinIsAClown's rating: 1647 &rarr; <strong>1625</strong><br />(-22 for losing)\n|l|☆InvinIsAClown\n|player|p2|\n|l|☆darcy_pham\n|player|p1|\n", "uploadtime": 1771258071, "views": 4, "formatid": "gen9nationaldex", "rating": 1625, "private": 0, "password": null}