{"id": "gen9nationaldex-2540666479", "format": "[Gen 9] National Dex", "players": ["spirefire", "shierrr"], "log": "|j|☆spirefire\n|j|☆shierrr\n|t:|1771236918\n|gametype|singles\n|player|p1|spirefire|miku-ghost|1668\n|player|p2|shierrr|maid|1626\n|gen|9\n|tier|[Gen 9] National Dex\n|rated|\n|rule|HP Percentage Mod: HP is shown in percentages\n|rule|Endless Battle Clause: Forcing endless battles is banned\n|rule|Species Clause: Limit one of each Pokémon\n|rule|OHKO Clause: OHKO moves are banned\n|rule|Evasion Clause: Evasion abilities, items, and moves are banned\n|rule|Evasion Abilities Clause: Evasion abilities are banned\n|rule|Evasion Items Clause: Evasion items are banned\n|rule|Evasion Moves Clause: Evasion moves are banned\n|rule|Sleep Clause Mod: Limit one foe put to sleep\n|rule|Terastal Clause: You cannot Terastallize\n|clearpoke\n|poke|p1|Magnezone|\n|poke|p1|Pinsir, M|\n|poke|p1|Cinderace, M|\n|poke|p1|Tapu Bulu|\n|poke|p1|Alomomola, M|\n|poke|p1|Iron Treads|\n|poke|p2|Glimmora, F|\n|poke|p2|Sinistcha-Masterpiece|\n|poke|p2|Terapagos, M|\n|poke|p2|Zamazenta-*|\n|poke|p2|Kingambit, F|\n|poke|p2|Charizard, M|\n|teampreview\n|inactive|Battle timer is ON: inactive players will automatically lose when time's up. (requested by spirefire)\n|\n|t:|1771236934\n|teamsize|p1|6\n|teamsize|p2|6\n|start\n|switch|p1a: Alomomola|Alomomola, M|100/100\n|switch|p2a: Charizard|Charizard, M|100/100\n|turn|1\n|\n|t:|1771236951\n|detailschange|p2a: Charizard|Charizard-Mega-Y, M\n|-mega|p2a: Charizard|Charizard|Charizardite Y\n|-weather|SunnyDay|[from] ability: Drought|[of] p2a: Charizard\n|move|p2a: Charizard|Weather Ball|p1a: Alomomola\n|-resisted|p1a: Alomomola\n|-damage|p1a: Alomomola|77/100\n|move|p1a: Alomomola|Mirror Coat|p2a: Charizard\n|-damage|p2a: Charizard|26/100\n|\n|-weather|SunnyDay|[upkeep]\n|upkeep\n|turn|2\n|\n|t:|1771236955\n|move|p2a: Charizard|Roost|p2a: Charizard\n|-heal|p2a: Charizard|77/100\n|-singleturn|p2a: Charizard|move: Roost\n|move|p1a: Alomomola|Flip Turn|p2a: Charizard\n|-supereffective|p2a: Charizard\n|-damage|p2a: Charizard|54/100\n|\n|t:|1771236961\n|switch|p1a: Cinderace|Cinderace, M|100/100|[from] Flip Turn\n|\n|-weather|SunnyDay|[upkeep]\n|upkeep\n|turn|3\n|\n|t:|1771236965\n|switch|p2a: Glimmora|Glimmora, F|100/100\n|move|p1a: Cinderace|Pyro Ball|p2a: Glimmora\n|-resisted|p2a: Glimmora\n|-damage|p2a: Glimmora|45/100\n|-activate|p2a: Glimmora|ability: Toxic Debris\n|-sidestart|p1: spirefire|move: Toxic Spikes\n|\n|-weather|SunnyDay|[upkeep]\n|upkeep\n|turn|4\n|\n|t:|1771236971\n|move|p1a: Cinderace|Pyro Ball|p2a: Glimmora\n|-resisted|p2a: Glimmora\n|-damage|p2a: Glimmora|0 fnt\n|-activate|p2a: Glimmora|ability: Toxic Debris\n|-sidestart|p1: spirefire|move: Toxic Spikes\n|faint|p2a: Glimmora\n|\n|-weather|SunnyDay|[upkeep]\n|upkeep\n|\n|t:|1771236975\n|switch|p2a: Zamazenta|Zamazenta|100/100\n|-ability|p2a: Zamazenta|Dauntless Shield|boost\n|-boost|p2a: Zamazenta|def|1\n|turn|5\n|\n|t:|1771236984\n|switch|p1a: Alomomola|Alomomola, M|100/100\n|-status|p1a: Alomomola|tox\n|move|p2a: Zamazenta|Substitute|p2a: Zamazenta\n|-start|p2a: Zamazenta|Substitute\n|-damage|p2a: Zamazenta|76/100\n|\n|-weather|none\n|-heal|p2a: Zamazenta|82/100|[from] item: Leftovers\n|-damage|p1a: Alomomola|94/100 tox|[from] psn\n|upkeep\n|turn|6\n|\n|t:|1771236986\n|move|p2a: Zamazenta|Iron Defense|p2a: Zamazenta\n|-boost|p2a: Zamazenta|def|2\n|move|p1a: Alomomola|Flip Turn|p2a: Zamazenta\n|-activate|p2a: Zamazenta|move: Substitute|[damage]\n|\n|t:|1771236993\n|switch|p1a: Iron Treads|Iron Treads|100/100|[from] Flip Turn\n|-enditem|p1a: Iron Treads|Booster Energy\n|-activate|p1a: Iron Treads|ability: Quark Drive|[fromitem]\n|-start|p1a: Iron Treads|quarkdrivespe\n|\n|-heal|p2a: Zamazenta|88/100|[from] item: Leftovers\n|upkeep\n|turn|7\n|\n|t:|1771236997\n|move|p1a: Iron Treads|Rapid Spin|p2a: Zamazenta\n|-activate|p2a: Zamazenta|move: Substitute|[damage]\n|-sideend|p1: spirefire|Toxic Spikes|[from] move: Rapid Spin|[of] p1a: Iron Treads\n|-boost|p1a: Iron Treads|spe|1\n|move|p2a: Zamazenta|Body Press|p1a: Iron Treads\n|-supereffective|p1a: Iron Treads\n|-damage|p1a: Iron Treads|0 fnt\n|faint|p1a: Iron Treads\n|-end|p1a: Iron Treads|Quark Drive|[silent]\n|\n|-heal|p2a: Zamazenta|94/100|[from] item: Leftovers\n|upkeep\n|\n|t:|1771237004\n|switch|p1a: Tapu Bulu|Tapu Bulu|100/100\n|-fieldstart|move: Grassy Terrain|[from] ability: Grassy Surge|[of] p1a: Tapu Bulu\n|turn|8\n|\n|t:|1771237009\n|move|p2a: Zamazenta|Iron Defense|p2a: Zamazenta\n|-boost|p2a: Zamazenta|def|2\n|move|p1a: Tapu Bulu|Horn Leech|p2a: Zamazenta\n|-activate|p2a: Zamazenta|move: Substitute|[damage]\n|\n|-heal|p2a: Zamazenta|100/100|[from] Grassy Terrain\n|upkeep\n|turn|9\n|\n|t:|1771237011\n|move|p2a: Zamazenta|Body Press|p1a: Tapu Bulu\n|-resisted|p1a: Tapu Bulu\n|-damage|p1a: Tapu Bulu|63/100\n|move|p1a: Tapu Bulu|Horn Leech|p2a: Zamazenta\n|-end|p2a: Zamazenta|Substitute\n|-heal|p1a: Tapu Bulu|65/100|[from] drain|[of] p2a: Zamazenta\n|\n|-heal|p1a: Tapu Bulu|71/100|[from] Grassy Terrain\n|-heal|p1a: Tapu Bulu|77/100|[from] item: Leftovers\n|upkeep\n|turn|10\n|\n|t:|1771237014\n|move|p2a: Zamazenta|Substitute|p2a: Zamazenta\n|-start|p2a: Zamazenta|Substitute\n|-damage|p2a: Zamazenta|76/100\n|move|p1a: Tapu Bulu|Nature's Madness|p2a: Zamazenta\n|-end|p2a: Zamazenta|Substitute\n|\n|-heal|p2a: Zamazenta|82/100|[from] Grassy Terrain\n|-heal|p2a: Zamazenta|88/100|[from] item: Leftovers\n|-heal|p1a: Tapu Bulu|83/100|[from] Grassy Terrain\n|-heal|p1a: Tapu Bulu|89/100|[from] item: Leftovers\n|upkeep\n|turn|11\n|\n|t:|1771237016\n|move|p2a: Zamazenta|Body Press|p1a: Tapu Bulu\n|-resisted|p1a: Tapu Bulu\n|-damage|p1a: Tapu Bulu|52/100\n|move|p1a: Tapu Bulu|Nature's Madness|p2a: Zamazenta\n|-damage|p2a: Zamazenta|44/100\n|\n|-heal|p2a: Zamazenta|51/100|[from] Grassy Terrain\n|-heal|p2a: Zamazenta|57/100|[from] item: Leftovers\n|-heal|p1a: Tapu Bulu|58/100|[from] Grassy Terrain\n|-heal|p1a: Tapu Bulu|64/100|[from] item: Leftovers\n|upkeep\n|turn|12\n|\n|t:|1771237020\n|move|p2a: Zamazenta|Body Press|p1a: Tapu Bulu\n|-resisted|p1a: Tapu Bulu\n|-damage|p1a: Tapu Bulu|25/100\n|move|p1a: Tapu Bulu|Toxic|p2a: Zamazenta\n|-status|p2a: Zamazenta|tox\n|\n|-heal|p2a: Zamazenta|63/100 tox|[from] Grassy Terrain\n|-heal|p2a: Zamazenta|69/100 tox|[from] item: Leftovers\n|-heal|p1a: Tapu Bulu|31/100|[from] Grassy Terrain\n|-heal|p1a: Tapu Bulu|37/100|[from] item: Leftovers\n|-damage|p2a: Zamazenta|63/100 tox|[from] psn\n|-fieldend|move: Grassy Terrain\n|upkeep\n|turn|13\n|\n|t:|1771237024\n|move|p1a: Tapu Bulu|Protect|p1a: Tapu Bulu\n|-singleturn|p1a: Tapu Bulu|Protect\n|move|p2a: Zamazenta|Body Press|p1a: Tapu Bulu\n|-activate|p1a: Tapu Bulu|move: Protect\n|\n|-heal|p2a: Zamazenta|69/100 tox|[from] item: Leftovers\n|-heal|p1a: Tapu Bulu|43/100|[from] item: Leftovers\n|-damage|p2a: Zamazenta|57/100 tox|[from] psn\n|upkeep\n|turn|14\n|\n|t:|1771237027\n|switch|p1a: Alomomola|Alomomola, M|100/100 tox\n|move|p2a: Zamazenta|Body Press|p1a: Alomomola\n|-damage|p1a: Alomomola|30/100 tox\n|\n|-heal|p2a: Zamazenta|63/100 tox|[from] item: Leftovers\n|-damage|p2a: Zamazenta|44/100 tox|[from] psn\n|-damage|p1a: Alomomola|24/100 tox|[from] psn\n|upkeep\n|turn|15\n|\n|t:|1771237034\n|move|p1a: Alomomola|Aqua Jet|p2a: Zamazenta\n|-damage|p2a: Zamazenta|42/100 tox\n|move|p2a: Zamazenta|Body Press|p1a: Alomomola\n|-damage|p1a: Alomomola|0 fnt\n|faint|p1a: Alomomola\n|\n|-heal|p2a: Zamazenta|48/100 tox|[from] item: Leftovers\n|-damage|p2a: Zamazenta|23/100 tox|[from] psn\n|upkeep\n|\n|t:|1771237037\n|switch|p1a: Tapu Bulu|Tapu Bulu|43/100\n|-fieldstart|move: Grassy Terrain|[from] ability: Grassy Surge|[of] p1a: Tapu Bulu\n|turn|16\n|\n|t:|1771237044\n|switch|p2a: Charizard|Charizard-Mega-Y, M|54/100\n|-weather|SunnyDay|[from] ability: Drought|[of] p2a: Charizard\n|move|p1a: Tapu Bulu|Toxic|p2a: Charizard\n|-status|p2a: Charizard|tox\n|\n|-weather|SunnyDay|[upkeep]\n|-heal|p1a: Tapu Bulu|49/100|[from] Grassy Terrain\n|-heal|p1a: Tapu Bulu|55/100|[from] item: Leftovers\n|-damage|p2a: Charizard|48/100 tox|[from] psn\n|upkeep\n|turn|17\n|\n|t:|1771237053\n|move|p1a: Tapu Bulu|Protect|p1a: Tapu Bulu\n|-singleturn|p1a: Tapu Bulu|Protect\n|move|p2a: Charizard|Weather Ball|p1a: Tapu Bulu\n|-activate|p1a: Tapu Bulu|move: Protect\n|\n|-weather|SunnyDay|[upkeep]\n|-heal|p1a: Tapu Bulu|61/100|[from] Grassy Terrain\n|-heal|p1a: Tapu Bulu|67/100|[from] item: Leftovers\n|-damage|p2a: Charizard|36/100 tox|[from] psn\n|upkeep\n|turn|18\n|\n|t:|1771237056\n|switch|p1a: Cinderace|Cinderace, M|100/100\n|move|p2a: Charizard|Weather Ball|p1a: Cinderace\n|-resisted|p1a: Cinderace\n|-damage|p1a: Cinderace|46/100\n|\n|-weather|SunnyDay|[upkeep]\n|-heal|p1a: Cinderace|52/100|[from] Grassy Terrain\n|-damage|p2a: Charizard|18/100 tox|[from] psn\n|upkeep\n|turn|19\n|\n|t:|1771237060\n|move|p1a: Cinderace|U-turn|p2a: Charizard\n|-resisted|p2a: Charizard\n|-damage|p2a: Charizard|12/100 tox\n|\n|t:|1771237065\n|switch|p1a: Magnezone|Magnezone|100/100|[from] U-turn\n|move|p2a: Charizard|Weather Ball|p1a: Magnezone\n|-supereffective|p1a: Magnezone\n|-damage|p1a: Magnezone|0 fnt\n|faint|p1a: Magnezone\n|\n|-weather|SunnyDay|[upkeep]\n|-damage|p2a: Charizard|0 fnt|[from] psn\n|faint|p2a: Charizard\n|detailschange|p2: Charizard|Charizard, M|[silent]\n|upkeep\n|\n|t:|1771237078\n|switch|p2a: Terapagos|Terapagos, M|100/100\n|switch|p1a: Tapu Bulu|Tapu Bulu|67/100\n|-activate|p2a: Terapagos|ability: Tera Shift\n|detailschange|p2a: Terapagos|Terapagos-Terastal, M\n|-heal|p2a: Terapagos|100/100|[silent]\n|turn|20\n|\n|t:|1771237082\n|move|p2a: Terapagos|Flamethrower|p1a: Tapu Bulu\n|-supereffective|p1a: Tapu Bulu\n|-damage|p1a: Tapu Bulu|0 fnt\n|faint|p1a: Tapu Bulu\n|\n|-weather|none\n|-fieldend|move: Grassy Terrain\n|upkeep\n|\n|t:|1771237085\n|switch|p1a: Cinderace|Cinderace, M|52/100\n|turn|21\n|\n|t:|1771237098\n|switch|p2a: Zamazenta|Zamazenta|23/100 tox\n|move|p1a: Cinderace|Pyro Ball|p2a: Zamazenta\n|-damage|p2a: Zamazenta|0 fnt\n|faint|p2a: Zamazenta\n|\n|upkeep\n|\n|t:|1771237101\n|switch|p2a: Sinistcha|Sinistcha-Masterpiece|100/100\n|turn|22\n|\n|t:|1771237105\n|move|p1a: Cinderace|Will-O-Wisp|p2a: Sinistcha\n|-status|p2a: Sinistcha|brn\n|move|p2a: Sinistcha|Stun Spore|p1a: Cinderace|[miss]\n|-miss|p2a: Sinistcha|p1a: Cinderace\n|\n|-damage|p2a: Sinistcha|98/100 brn|[from] brn\n|upkeep\n|turn|23\n|\n|t:|1771237109\n|move|p1a: Cinderace|Pyro Ball|p2a: Sinistcha\n|-supereffective|p2a: Sinistcha\n|-crit|p2a: Sinistcha\n|-damage|p2a: Sinistcha|40/100 brn\n|move|p2a: Sinistcha|Stun Spore|p1a: Cinderace\n|-status|p1a: Cinderace|par\n|\n|-heal|p2a: Sinistcha|46/100 brn|[from] item: Leftovers\n|-damage|p2a: Sinistcha|44/100 brn|[from] brn\n|upkeep\n|turn|24\n|\n|t:|1771237113\n|move|p1a: Cinderace|Pyro Ball|p2a: Sinistcha\n|-supereffective|p2a: Sinistcha\n|-damage|p2a: Sinistcha|9/100 brn\n|move|p2a: Sinistcha|Strength Sap|p1a: Cinderace\n|-unboost|p1a: Cinderace|atk|1\n|-heal|p2a: Sinistcha|96/100 brn\n|\n|-heal|p2a: Sinistcha|100/100 brn|[from] item: Leftovers\n|-damage|p2a: Sinistcha|98/100 brn|[from] brn\n|upkeep\n|turn|25\n|\n|t:|1771237118\n|move|p1a: Cinderace|U-turn|p2a: Sinistcha\n|-damage|p2a: Sinistcha|89/100 brn\n|\n|t:|1771237121\n|switch|p1a: Pinsir|Pinsir, M|100/100|[from] U-turn\n|move|p2a: Sinistcha|Night Shade|p1a: Pinsir\n|-damage|p1a: Pinsir|64/100\n|\n|-heal|p2a: Sinistcha|95/100 brn|[from] item: Leftovers\n|-damage|p2a: Sinistcha|92/100 brn|[from] brn\n|upkeep\n|turn|26\n|\n|t:|1771237124\n|detailschange|p1a: Pinsir|Pinsir-Mega, M\n|-mega|p1a: Pinsir|Pinsir|Pinsirite\n|move|p1a: Pinsir|Swords Dance|p1a: Pinsir\n|-boost|p1a: Pinsir|atk|2\n|move|p2a: Sinistcha|Strength Sap|p1a: Pinsir\n|-unboost|p1a: Pinsir|atk|1\n|-heal|p2a: Sinistcha|100/100 brn\n|\n|-damage|p2a: Sinistcha|98/100 brn|[from] brn\n|upkeep\n|turn|27\n|\n|t:|1771237128\n|move|p1a: Pinsir|Swords Dance|p1a: Pinsir\n|-boost|p1a: Pinsir|atk|2\n|move|p2a: Sinistcha|Stun Spore|p1a: Pinsir\n|-status|p1a: Pinsir|par\n|\n|-heal|p2a: Sinistcha|100/100 brn|[from] item: Leftovers\n|-damage|p2a: Sinistcha|98/100 brn|[from] brn\n|upkeep\n|turn|28\n|\n|t:|1771237133\n|move|p2a: Sinistcha|Night Shade|p1a: Pinsir\n|-damage|p1a: Pinsir|27/100 par\n|move|p1a: Pinsir|Double-Edge|p2a: Sinistcha\n|-supereffective|p2a: Sinistcha\n|-damage|p2a: Sinistcha|0 fnt\n|faint|p2a: Sinistcha\n|-damage|p1a: Pinsir|0 fnt|[from] Recoil\n|faint|p1a: Pinsir\n|detailschange|p1: Pinsir|Pinsir, M|[silent]\n|\n|upkeep\n|-message|spirefire forfeited.\n|\n|win|shierrr\n|raw|spirefire's rating: 1668 &rarr; <strong>1646</strong><br />(-22 for losing)\n|raw|shierrr's rating: 1626 &rarr; <strong>1648</strong><br />(+22 for winning)\n|l|☆spirefire\n|player|p1|\n|l|☆shierrr\n|player|p2|\n", "uploadtime": 1771237313, "views": 8, "formatid": "gen9nationaldex", "rating": 1646, "private": 0, "password": null}