{"id": "gen9nationaldex-2540499818", "format": "[Gen 9] National Dex", "players": ["YonexMiku", "darretyle"], "log": "|j|☆YonexMiku\n|j|☆darretyle\n|t:|1771209722\n|gametype|singles\n|player|p1|YonexMiku|miku-ground|1610\n|player|p2|darretyle|bugcatcher-gen4dp|1659\n|gen|9\n|tier|[Gen 9] National Dex\n|rated|\n|rule|HP Percentage Mod: HP is shown in percentages\n|rule|Endless Battle Clause: Forcing endless battles is banned\n|rule|Species Clause: Limit one of each Pokémon\n|rule|OHKO Clause: OHKO moves are banned\n|rule|Evasion Clause: Evasion abilities, items, and moves are banned\n|rule|Evasion Abilities Clause: Evasion abilities are banned\n|rule|Evasion Items Clause: Evasion items are banned\n|rule|Evasion Moves Clause: Evasion moves are banned\n|rule|Sleep Clause Mod: Limit one foe put to sleep\n|rule|Terastal Clause: You cannot Terastallize\n|clearpoke\n|poke|p1|Alomomola, M|\n|poke|p1|Slowking-Galar, F|\n|poke|p1|Muk-Alola, F|\n|poke|p1|Ting-Lu|\n|poke|p1|Aggron, F|\n|poke|p1|Weezing-Galar, F|\n|poke|p2|Greninja-*, M|\n|poke|p2|Venusaur, F|\n|poke|p2|Dragonite, M|\n|poke|p2|Ting-Lu|\n|poke|p2|Gholdengo|\n|poke|p2|Great Tusk|\n|teampreview\n|\n|t:|1771209735\n|teamsize|p1|6\n|teamsize|p2|6\n|start\n|switch|p1a: Muk|Muk-Alola, F|100/100\n|switch|p2a: Venusaur|Venusaur, F|100/100\n|turn|1\n|\n|t:|1771209750\n|switch|p1a: Slowking|Slowking-Galar, F|100/100\n|detailschange|p2a: Venusaur|Venusaur-Mega, F\n|-mega|p2a: Venusaur|Venusaur|Venusaurite\n|move|p2a: Venusaur|Earth Power|p1a: Slowking\n|-supereffective|p1a: Slowking\n|-damage|p1a: Slowking|66/100\n|\n|upkeep\n|turn|2\n|\n|t:|1771209777\n|move|p2a: Venusaur|Earth Power|p1a: Slowking\n|-supereffective|p1a: Slowking\n|-damage|p1a: Slowking|31/100\n|move|p1a: Slowking|Future Sight|p2a: Venusaur\n|-start|p1a: Slowking|move: Future Sight\n|\n|upkeep\n|turn|3\n|\n|t:|1771209787\n|switch|p1a: Weezing|Weezing-Galar, F|100/100\n|move|p2a: Venusaur|Earth Power|p1a: Weezing\n|-immune|p1a: Weezing|[from] ability: Levitate\n|\n|upkeep\n|turn|4\n|\n|t:|1771209793\n|switch|p2a: Ting-Lu|Ting-Lu|100/100\n|-ability|p2a: Ting-Lu|Vessel of Ruin\n|move|p1a: Weezing|Flamethrower|p2a: Ting-Lu\n|-damage|p2a: Ting-Lu|92/100\n|\n|-end|p2a: Ting-Lu|move: Future Sight\n|-immune|p2a: Ting-Lu\n|-heal|p2a: Ting-Lu|98/100|[from] item: Leftovers\n|upkeep\n|turn|5\n|\n|t:|1771209799\n|move|p1a: Weezing|Strange Steam|p2a: Ting-Lu\n|-supereffective|p2a: Ting-Lu\n|-damage|p2a: Ting-Lu|77/100\n|move|p2a: Ting-Lu|Stealth Rock|p1a: Weezing\n|-sidestart|p1: YonexMiku|move: Stealth Rock\n|\n|-heal|p2a: Ting-Lu|84/100|[from] item: Leftovers\n|upkeep\n|turn|6\n|\n|t:|1771209808\n|switch|p2a: Venusaur|Venusaur-Mega, F|100/100\n|move|p1a: Weezing|Defog|p2a: Venusaur\n|-unboost|p2a: Venusaur|evasion|1\n|-sideend|p1: YonexMiku|Stealth Rock|[from] move: Defog|[of] p1a: Weezing\n|\n|upkeep\n|turn|7\n|\n|t:|1771209814\n|move|p2a: Venusaur|Sludge Bomb|p1a: Weezing\n|-damage|p1a: Weezing|43/100\n|move|p1a: Weezing|Flamethrower|p2a: Venusaur\n|-supereffective|p2a: Venusaur\n|-damage|p2a: Venusaur|87/100\n|\n|-heal|p1a: Weezing|49/100|[from] item: Black Sludge\n|upkeep\n|turn|8\n|\n|t:|1771209819\n|switch|p1a: Slowking|Slowking-Galar, F|64/100\n|move|p2a: Venusaur|Earth Power|p1a: Slowking\n|-supereffective|p1a: Slowking\n|-damage|p1a: Slowking|34/100\n|\n|upkeep\n|turn|9\n|\n|t:|1771209826\n|switch|p1a: Ting-Lu|Ting-Lu|100/100\n|-ability|p1a: Ting-Lu|Vessel of Ruin\n|move|p2a: Venusaur|Earth Power|p1a: Ting-Lu\n|-damage|p1a: Ting-Lu|90/100\n|-unboost|p1a: Ting-Lu|spd|1\n|\n|upkeep\n|turn|10\n|\n|t:|1771209835\n|move|p2a: Venusaur|Giga Drain|p1a: Ting-Lu\n|-supereffective|p1a: Ting-Lu\n|-damage|p1a: Ting-Lu|53/100\n|-heal|p2a: Venusaur|100/100|[from] drain|[of] p1a: Ting-Lu\n|move|p1a: Ting-Lu|Ruination|p2a: Venusaur\n|-damage|p2a: Venusaur|50/100\n|\n|upkeep\n|turn|11\n|\n|t:|1771209878\n|switch|p1a: Muk|Muk-Alola, F|100/100\n|move|p2a: Venusaur|Giga Drain|p1a: Muk\n|-resisted|p1a: Muk\n|-damage|p1a: Muk|89/100\n|-heal|p2a: Venusaur|57/100|[from] drain|[of] p1a: Muk\n|\n|upkeep\n|turn|12\n|\n|t:|1771209914\n|switch|p1a: Slowking|Slowking-Galar, F|68/100\n|move|p2a: Venusaur|Synthesis|p2a: Venusaur\n|-heal|p2a: Venusaur|100/100\n|\n|upkeep\n|turn|13\n|\n|t:|1771209934\n|move|p2a: Venusaur|Earth Power|p1a: Slowking\n|-supereffective|p1a: Slowking\n|-damage|p1a: Slowking|32/100\n|move|p1a: Slowking|Future Sight|p2a: Venusaur\n|-start|p1a: Slowking|move: Future Sight\n|\n|upkeep\n|turn|14\n|\n|t:|1771209966\n|switch|p1a: Alomomola|Alomomola, M|100/100\n|move|p2a: Venusaur|Sludge Bomb|p1a: Alomomola\n|-damage|p1a: Alomomola|45/100\n|\n|-heal|p1a: Alomomola|51/100|[from] item: Leftovers\n|upkeep\n|turn|15\n|\n|t:|1771209976\n|switch|p1a: Aggron|Aggron, F|100/100\n|move|p2a: Venusaur|Giga Drain|p1a: Aggron\n|-damage|p1a: Aggron|47/100\n|\n|-end|p2a: Venusaur|move: Future Sight\n|-supereffective|p2a: Venusaur\n|-damage|p2a: Venusaur|3/100\n|upkeep\n|turn|16\n|\n|t:|1771209984\n|detailschange|p1a: Aggron|Aggron-Mega, F\n|-mega|p1a: Aggron|Aggron|Aggronite\n|move|p2a: Venusaur|Earth Power|p1a: Aggron\n|-supereffective|p1a: Aggron\n|-damage|p1a: Aggron|0 fnt\n|faint|p1a: Aggron\n|detailschange|p1: Aggron|Aggron, F|[silent]\n|\n|upkeep\n|\n|t:|1771209989\n|switch|p1a: Muk|Muk-Alola, F|89/100\n|turn|17\n|\n|t:|1771209993\n|switch|p2a: Ting-Lu|Ting-Lu|84/100\n|-ability|p2a: Ting-Lu|Vessel of Ruin\n|move|p1a: Muk|Knock Off|p2a: Ting-Lu\n|-resisted|p2a: Ting-Lu\n|-damage|p2a: Ting-Lu|72/100\n|-status|p2a: Ting-Lu|psn|[from] ability: Poison Touch|[of] p1a: Muk\n|-enditem|p2a: Ting-Lu|Leftovers|[from] move: Knock Off|[of] p1a: Muk\n|\n|-damage|p2a: Ting-Lu|59/100 psn|[from] psn\n|upkeep\n|turn|18\n|\n|t:|1771210031\n|move|p2a: Ting-Lu|Stealth Rock|p1a: Muk\n|-sidestart|p1: YonexMiku|move: Stealth Rock\n|move|p1a: Muk|Drain Punch|p2a: Ting-Lu\n|-supereffective|p2a: Ting-Lu\n|-damage|p2a: Ting-Lu|30/100 psn\n|-heal|p1a: Muk|100/100|[from] drain|[of] p2a: Ting-Lu\n|\n|-damage|p2a: Ting-Lu|18/100 psn|[from] psn\n|upkeep\n|turn|19\n|\n|t:|1771210036\n|move|p2a: Ting-Lu|Spikes|p1a: Muk\n|-sidestart|p1: YonexMiku|Spikes\n|move|p1a: Muk|Drain Punch|p2a: Ting-Lu\n|-supereffective|p2a: Ting-Lu\n|-damage|p2a: Ting-Lu|0 fnt\n|faint|p2a: Ting-Lu\n|\n|upkeep\n|\n|t:|1771210040\n|switch|p2a: Venusaur|Venusaur-Mega, F|3/100\n|turn|20\n|\n|t:|1771210046\n|move|p2a: Venusaur|Synthesis|p2a: Venusaur\n|-heal|p2a: Venusaur|53/100\n|move|p1a: Muk|Knock Off|p2a: Venusaur\n|-damage|p2a: Venusaur|28/100\n|\n|upkeep\n|turn|21\n|\n|t:|1771210051\n|move|p2a: Venusaur|Synthesis|p2a: Venusaur\n|-heal|p2a: Venusaur|78/100\n|move|p1a: Muk|Knock Off|p2a: Venusaur\n|-damage|p2a: Venusaur|52/100\n|\n|upkeep\n|turn|22\n|\n|t:|1771210066\n|switch|p1a: Slowking|Slowking-Galar, F|66/100\n|-damage|p1a: Slowking|53/100|[from] Stealth Rock\n|-damage|p1a: Slowking|41/100|[from] Spikes\n|move|p2a: Venusaur|Synthesis|p2a: Venusaur\n|-heal|p2a: Venusaur|100/100\n|\n|upkeep\n|turn|23\n|\n|t:|1771210077\n|move|p2a: Venusaur|Earth Power|p1a: Slowking\n|-supereffective|p1a: Slowking\n|-damage|p1a: Slowking|8/100\n|move|p1a: Slowking|Future Sight|p2a: Venusaur\n|-start|p1a: Slowking|move: Future Sight\n|\n|upkeep\n|turn|24\n|\n|t:|1771210083\n|move|p2a: Venusaur|Sludge Bomb|p1a: Slowking\n|-resisted|p1a: Slowking\n|-damage|p1a: Slowking|0 fnt\n|faint|p1a: Slowking\n|\n|upkeep\n|\n|t:|1771210087\n|switch|p1a: Muk|Muk-Alola, F|100/100\n|-damage|p1a: Muk|88/100|[from] Stealth Rock\n|-damage|p1a: Muk|76/100|[from] Spikes\n|turn|25\n|\n|t:|1771210089\n|switch|p2a: Greninja|Greninja, M|100/100\n|move|p1a: Muk|Knock Off|p2a: Greninja\n|-resisted|p2a: Greninja\n|-damage|p2a: Greninja|73/100\n|\n|-end|p2a: Greninja|move: Future Sight\n|-immune|p2a: Greninja\n|upkeep\n|turn|26\n|\n|t:|1771210093\n|switch|p2a: Venusaur|Venusaur-Mega, F|100/100\n|move|p1a: Muk|Drain Punch|p2a: Venusaur\n|-resisted|p2a: Venusaur\n|-damage|p2a: Venusaur|90/100\n|-heal|p1a: Muk|80/100|[from] drain|[of] p2a: Venusaur\n|\n|upkeep\n|turn|27\n|-message|YonexMiku forfeited.\n|\n|win|darretyle\n|raw|YonexMiku's rating: 1610 &rarr; <strong>1593</strong><br />(-17 for losing)\n|raw|darretyle's rating: 1659 &rarr; <strong>1676</strong><br />(+17 for winning)\n|l|☆YonexMiku\n|player|p1|\n|l|☆darretyle\n|player|p2|\n", "uploadtime": 1771210105, "views": 8, "formatid": "gen9nationaldex", "rating": 1593, "private": 0, "password": null}