{"id": "gen9nationaldex-2540861924", "format": "[Gen 9] National Dex", "players": ["Cerberus 17", "calamityiscoming2"], "log": "|j|☆Cerberus 17\n|j|☆calamityiscoming2\n|t:|1771261600\n|gametype|singles\n|player|p1|Cerberus 17|cynthia-gen4|1779\n|player|p2|calamityiscoming2|bellelba|1840\n|gen|9\n|tier|[Gen 9] National Dex\n|rated|\n|rule|HP Percentage Mod: HP is shown in percentages\n|rule|Endless Battle Clause: Forcing endless battles is banned\n|rule|Species Clause: Limit one of each Pokémon\n|rule|OHKO Clause: OHKO moves are banned\n|rule|Evasion Clause: Evasion abilities, items, and moves are banned\n|rule|Evasion Abilities Clause: Evasion abilities are banned\n|rule|Evasion Items Clause: Evasion items are banned\n|rule|Evasion Moves Clause: Evasion moves are banned\n|rule|Sleep Clause Mod: Limit one foe put to sleep\n|rule|Terastal Clause: You cannot Terastallize\n|clearpoke\n|poke|p1|Tyranitar, F|\n|poke|p1|Kartana|\n|poke|p1|Diancie|\n|poke|p1|Excadrill, M|\n|poke|p1|Sinistcha-Masterpiece|\n|poke|p1|Kommo-o, F|\n|poke|p2|Ogerpon-Cornerstone, F|\n|poke|p2|Lopunny, F|\n|poke|p2|Gholdengo|\n|poke|p2|Garchomp, F|\n|poke|p2|Alomomola, M|\n|poke|p2|Zapdos|\n|teampreview\n|inactive|Battle timer is ON: inactive players will automatically lose when time's up. (requested by Cerberus 17)\n|\n|t:|1771261610\n|teamsize|p1|6\n|teamsize|p2|6\n|start\n|switch|p1a: Tyranitar|Tyranitar, F|100/100\n|switch|p2a: Alomomola|Alomomola, M|100/100\n|-weather|Sandstorm|[from] ability: Sand Stream|[of] p1a: Tyranitar\n|turn|1\n|inactive|calamityiscoming2 has 120 seconds left.\n|\n|t:|1771261642\n|move|p2a: Alomomola|Flip Turn|p1a: Tyranitar\n|-supereffective|p1a: Tyranitar\n|-damage|p1a: Tyranitar|77/100\n|inactive|calamityiscoming2 has 120 seconds left.\n|\n|t:|1771261648\n|switch|p2a: Garchomp|Garchomp, F|100/100|[from] Flip Turn\n|move|p1a: Tyranitar|Knock Off|p2a: Garchomp\n|-damage|p2a: Garchomp|51/100\n|-damage|p1a: Tyranitar|64/100|[from] ability: Rough Skin|[of] p2a: Garchomp\n|-enditem|p2a: Garchomp|Leftovers|[from] move: Knock Off|[of] p1a: Tyranitar\n|\n|-weather|Sandstorm|[upkeep]\n|upkeep\n|turn|2\n|\n|t:|1771261658\n|switch|p1a: Sinistcha|Sinistcha-Masterpiece|100/100\n|move|p2a: Garchomp|Stealth Rock|p1a: Sinistcha\n|-sidestart|p1: Cerberus 17|move: Stealth Rock\n|\n|-weather|Sandstorm|[upkeep]\n|-damage|p1a: Sinistcha|94/100|[from] Sandstorm\n|-heal|p1a: Sinistcha|100/100|[from] item: Leftovers\n|upkeep\n|turn|3\n|\n|t:|1771261674\n|move|p2a: Garchomp|Toxic|p1a: Sinistcha|[miss]\n|-miss|p2a: Garchomp|p1a: Sinistcha\n|move|p1a: Sinistcha|Calm Mind|p1a: Sinistcha\n|-boost|p1a: Sinistcha|spa|1\n|-boost|p1a: Sinistcha|spd|1\n|\n|-weather|Sandstorm|[upkeep]\n|-damage|p1a: Sinistcha|94/100|[from] Sandstorm\n|-heal|p1a: Sinistcha|100/100|[from] item: Leftovers\n|upkeep\n|turn|4\n|\n|t:|1771261677\n|move|p2a: Garchomp|Toxic|p1a: Sinistcha\n|-status|p1a: Sinistcha|tox\n|move|p1a: Sinistcha|Matcha Gotcha|p2a: Garchomp\n|-damage|p2a: Garchomp|18/100\n|\n|-weather|Sandstorm|[upkeep]\n|-damage|p1a: Sinistcha|94/100 tox|[from] Sandstorm\n|-heal|p1a: Sinistcha|100/100 tox|[from] item: Leftovers\n|-damage|p1a: Sinistcha|94/100 tox|[from] psn\n|upkeep\n|turn|5\n|\n|t:|1771261686\n|move|p2a: Garchomp|Protect|p2a: Garchomp\n|-singleturn|p2a: Garchomp|Protect\n|move|p1a: Sinistcha|Scald|p2a: Garchomp\n|-activate|p2a: Garchomp|move: Protect\n|\n|-weather|Sandstorm|[upkeep]\n|-damage|p1a: Sinistcha|88/100 tox|[from] Sandstorm\n|-heal|p1a: Sinistcha|94/100 tox|[from] item: Leftovers\n|-damage|p1a: Sinistcha|82/100 tox|[from] psn\n|upkeep\n|turn|6\n|\n|t:|1771261697\n|move|p2a: Garchomp|Protect|p2a: Garchomp\n|-singleturn|p2a: Garchomp|Protect\n|move|p1a: Sinistcha|Scald|p2a: Garchomp\n|-activate|p2a: Garchomp|move: Protect\n|\n|-weather|Sandstorm|[upkeep]\n|-damage|p1a: Sinistcha|76/100 tox|[from] Sandstorm\n|-heal|p1a: Sinistcha|82/100 tox|[from] item: Leftovers\n|-damage|p1a: Sinistcha|64/100 tox|[from] psn\n|upkeep\n|turn|7\n|\n|t:|1771261701\n|move|p2a: Garchomp|Earthquake|p1a: Sinistcha\n|-resisted|p1a: Sinistcha\n|-damage|p1a: Sinistcha|49/100 tox\n|move|p1a: Sinistcha|Matcha Gotcha|p2a: Garchomp\n|-damage|p2a: Garchomp|0 fnt\n|-heal|p1a: Sinistcha|60/100 tox|[from] drain|[of] p2a: Garchomp\n|faint|p2a: Garchomp\n|\n|-weather|Sandstorm|[upkeep]\n|-damage|p1a: Sinistcha|54/100 tox|[from] Sandstorm\n|-heal|p1a: Sinistcha|60/100 tox|[from] item: Leftovers\n|-damage|p1a: Sinistcha|36/100 tox|[from] psn\n|upkeep\n|\n|t:|1771261705\n|switch|p2a: Lopunny|Lopunny, F|100/100\n|turn|8\n|\n|t:|1771261714\n|detailschange|p2a: Lopunny|Lopunny-Mega, F\n|-mega|p2a: Lopunny|Lopunny|Lopunnite\n|move|p2a: Lopunny|Fake Out|p1a: Sinistcha\n|-damage|p1a: Sinistcha|22/100 tox\n|cant|p1a: Sinistcha|flinch\n|\n|-weather|none\n|-heal|p1a: Sinistcha|28/100 tox|[from] item: Leftovers\n|-damage|p1a: Sinistcha|0 fnt|[from] psn\n|faint|p1a: Sinistcha\n|upkeep\n|\n|t:|1771261725\n|switch|p1a: Kartana|Kartana|100/100\n|-damage|p1a: Kartana|94/100|[from] Stealth Rock\n|turn|9\n|inactive|calamityiscoming2 has 120 seconds left.\n|\n|t:|1771261766\n|switch|p1a: Tyranitar|Tyranitar, F|64/100\n|-damage|p1a: Tyranitar|52/100|[from] Stealth Rock\n|-weather|Sandstorm|[from] ability: Sand Stream|[of] p1a: Tyranitar\n|switch|p2a: Zapdos|Zapdos|100/100\n|\n|-weather|Sandstorm|[upkeep]\n|-damage|p2a: Zapdos|94/100|[from] Sandstorm\n|upkeep\n|turn|10\n|\n|t:|1771261788\n|switch|p1a: Diancie|Diancie|100/100\n|-damage|p1a: Diancie|88/100|[from] Stealth Rock\n|move|p2a: Zapdos|Volt Switch|p1a: Diancie\n|-damage|p1a: Diancie|65/100\n|inactive|calamityiscoming2 has 120 seconds left.\n|\n|t:|1771261796\n|switch|p2a: Alomomola|Alomomola, M|100/100|[from] Volt Switch\n|\n|-weather|Sandstorm|[upkeep]\n|-damage|p2a: Alomomola|94/100|[from] Sandstorm\n|upkeep\n|turn|11\n|\n|t:|1771261799\n|move|p1a: Diancie|Stealth Rock|p2a: Alomomola\n|-sidestart|p2: calamityiscoming2|move: Stealth Rock\n|move|p2a: Alomomola|Flip Turn|p1a: Diancie\n|-supereffective|p1a: Diancie\n|-damage|p1a: Diancie|30/100\n|\n|t:|1771261802\n|switch|p2a: Lopunny|Lopunny-Mega, F|100/100|[from] Flip Turn\n|-damage|p2a: Lopunny|95/100|[from] Stealth Rock\n|\n|-weather|Sandstorm|[upkeep]\n|-damage|p2a: Lopunny|89/100|[from] Sandstorm\n|upkeep\n|turn|12\n|\n|t:|1771261815\n|switch|p1a: Tyranitar|Tyranitar, F|52/100\n|-damage|p1a: Tyranitar|40/100|[from] Stealth Rock\n|move|p2a: Lopunny|Close Combat|p1a: Tyranitar\n|-supereffective|p1a: Tyranitar\n|-damage|p1a: Tyranitar|0 fnt\n|-unboost|p2a: Lopunny|def|1\n|-unboost|p2a: Lopunny|spd|1\n|faint|p1a: Tyranitar\n|\n|-weather|Sandstorm|[upkeep]\n|-damage|p2a: Lopunny|83/100|[from] Sandstorm\n|upkeep\n|\n|t:|1771261818\n|switch|p1a: Kommo-o|Kommo-o, F|100/100\n|-damage|p1a: Kommo-o|94/100|[from] Stealth Rock\n|turn|13\n|inactive|calamityiscoming2 has 120 seconds left.\n|\n|t:|1771261848\n|move|p2a: Lopunny|Triple Axel|p1a: Kommo-o|[miss]\n|-miss|p2a: Lopunny|p1a: Kommo-o\n|-zpower|p1a: Kommo-o\n|move|p1a: Kommo-o|Clangorous Soulblaze|p2a: Lopunny|[zeffect]\n|-damage|p2a: Lopunny|0 fnt\n|faint|p2a: Lopunny\n|detailschange|p2: Lopunny|Lopunny, F|[silent]\n|-boost|p1a: Kommo-o|atk|1\n|-boost|p1a: Kommo-o|def|1\n|-boost|p1a: Kommo-o|spa|1\n|-boost|p1a: Kommo-o|spd|1\n|-boost|p1a: Kommo-o|spe|1\n|\n|-weather|Sandstorm|[upkeep]\n|-damage|p1a: Kommo-o|88/100|[from] Sandstorm\n|upkeep\n|c|☆calamityiscoming2|society\n|inactive|calamityiscoming2 has 120 seconds left.\n|c|☆Cerberus 17|we live in one\n|inactive|calamityiscoming2 has 90 seconds left.\n|c|☆calamityiscoming2|set up for av mola\n|\n|t:|1771261889\n|switch|p2a: Gholdengo|Gholdengo|100/100\n|-damage|p2a: Gholdengo|94/100|[from] Stealth Rock\n|turn|14\n|\n|t:|1771261894\n|move|p1a: Kommo-o|Flamethrower|p2a: Gholdengo\n|-supereffective|p2a: Gholdengo\n|-damage|p2a: Gholdengo|19/100\n|-zpower|p2a: Gholdengo\n|move|p2a: Gholdengo|Never-Ending Nightmare|p1a: Kommo-o|[zeffect]\n|-damage|p1a: Kommo-o|33/100\n|\n|-weather|Sandstorm|[upkeep]\n|-damage|p1a: Kommo-o|27/100|[from] Sandstorm\n|upkeep\n|turn|15\n|\n|t:|1771261903\n|move|p1a: Kommo-o|Clanging Scales|p2a: Gholdengo\n|-resisted|p2a: Gholdengo\n|-damage|p2a: Gholdengo|0 fnt\n|faint|p2a: Gholdengo\n|-unboost|p1a: Kommo-o|def|1\n|\n|-weather|Sandstorm|[upkeep]\n|-damage|p1a: Kommo-o|21/100|[from] Sandstorm\n|upkeep\n|\n|t:|1771261913\n|switch|p2a: Alomomola|Alomomola, M|100/100\n|-damage|p2a: Alomomola|88/100|[from] Stealth Rock\n|turn|16\n|\n|t:|1771261923\n|move|p1a: Kommo-o|Drain Punch|p2a: Alomomola\n|-crit|p2a: Alomomola\n|-damage|p2a: Alomomola|49/100\n|-heal|p1a: Kommo-o|53/100|[from] drain|[of] p2a: Alomomola\n|move|p2a: Alomomola|Mirror Coat||[still]\n|-fail|p2a: Alomomola\n|\n|-weather|none\n|upkeep\n|turn|17\n|-message|calamityiscoming2 forfeited.\n|\n|win|Cerberus 17\n|raw|Cerberus 17's rating: 1779 &rarr; <strong>1802</strong><br />(+23 for winning)\n|raw|calamityiscoming2's rating: 1840 &rarr; <strong>1817</strong><br />(-23 for losing)\n|l|☆calamityiscoming2\n|player|p2|\n|l|☆Cerberus 17\n|player|p1|\n", "uploadtime": 1771262176, "views": 6, "formatid": "gen9nationaldex", "rating": 1802, "private": 0, "password": null}