{"id": "gen9nationaldex-2540597842", "format": "[Gen 9] National Dex", "players": ["WangShixiong", "heimao1"], "log": "|j|‽WangShixiong\n|j|☆heimao1\n|t:|1771224425\n|gametype|singles\n|player|p1|WangShixiong|cynthia-gen4|1785\n|player|p2|heimao1|102|1732\n|gen|9\n|tier|[Gen 9] National Dex\n|rated|\n|rule|HP Percentage Mod: HP is shown in percentages\n|rule|Endless Battle Clause: Forcing endless battles is banned\n|rule|Species Clause: Limit one of each Pokémon\n|rule|OHKO Clause: OHKO moves are banned\n|rule|Evasion Clause: Evasion abilities, items, and moves are banned\n|rule|Evasion Abilities Clause: Evasion abilities are banned\n|rule|Evasion Items Clause: Evasion items are banned\n|rule|Evasion Moves Clause: Evasion moves are banned\n|rule|Sleep Clause Mod: Limit one foe put to sleep\n|rule|Terastal Clause: You cannot Terastallize\n|clearpoke\n|poke|p1|Zamazenta-*|\n|poke|p1|Kingambit, M|\n|poke|p1|Ceruledge, F|\n|poke|p1|Landorus-Therian, M|\n|poke|p1|Diancie|\n|poke|p1|Ogerpon-Wellspring, F|\n|poke|p2|Ogerpon-Wellspring, F|\n|poke|p2|Dragonite, M|\n|poke|p2|Volcarona, M|\n|poke|p2|Landorus-Therian, M|\n|poke|p2|Great Tusk|\n|poke|p2|Tapu Lele|\n|teampreview\n|inactive|Battle timer is ON: inactive players will automatically lose when time's up. (requested by WangShixiong)\n|j| zzzzzzccclll\n|\n|t:|1771224439\n|teamsize|p1|6\n|teamsize|p2|6\n|start\n|switch|p1a: Landorus|Landorus-Therian, M|100/100\n|switch|p2a: Landorus|Landorus-Therian, M|100/100\n|-ability|p1a: Landorus|Intimidate|boost\n|-unboost|p2a: Landorus|atk|1\n|-ability|p2a: Landorus|Intimidate|boost\n|-unboost|p1a: Landorus|atk|1\n|turn|1\n|j| Is7533\n|l| Is7533\n|\n|t:|1771224448\n|switch|p2a: Ogerpon|Ogerpon-Wellspring, F|100/100\n|move|p1a: Landorus|Stealth Rock|p2a: Ogerpon\n|-sidestart|p2: heimao1|move: Stealth Rock\n|\n|upkeep\n|turn|2\n|\n|t:|1771224462\n|switch|p1a: Ogerpon|Ogerpon-Wellspring, F|100/100\n|move|p2a: Ogerpon|Ivy Cudgel|p1a: Ogerpon|[anim] Ivy Cudgel Water\n|-immune|p1a: Ogerpon|[from] ability: Water Absorb\n|\n|upkeep\n|turn|3\n|\n|t:|1771224475\n|move|p2a: Ogerpon|Swords Dance|p2a: Ogerpon\n|-boost|p2a: Ogerpon|atk|2\n|move|p1a: Ogerpon|Power Whip|p2a: Ogerpon\n|-damage|p2a: Ogerpon|11/100\n|\n|upkeep\n|turn|4\n|\n|t:|1771224482\n|switch|p1a: Ceruledge|Ceruledge, F|100/100\n|move|p2a: Ogerpon|Play Rough|p1a: Ceruledge\n|-resisted|p1a: Ceruledge\n|-damage|p1a: Ceruledge|48/100\n|-ability|p1a: Ceruledge|Weak Armor|boost\n|-unboost|p1a: Ceruledge|def|1\n|-boost|p1a: Ceruledge|spe|2\n|\n|upkeep\n|turn|5\n|\n|t:|1771224492\n|switch|p2a: Landorus|Landorus-Therian, M|100/100\n|-damage|p2a: Landorus|88/100|[from] Stealth Rock\n|-ability|p2a: Landorus|Intimidate|boost\n|-unboost|p1a: Ceruledge|atk|1\n|move|p1a: Ceruledge|Bitter Blade|p2a: Landorus\n|-damage|p2a: Landorus|51/100\n|-heal|p1a: Ceruledge|69/100|[from] drain|[of] p2a: Landorus\n|\n|upkeep\n|turn|6\n|\n|t:|1771224503\n|move|p1a: Ceruledge|Poltergeist|p2a: Landorus\n|-activate|p2a: Landorus|move: Poltergeist|Focus Sash\n|-damage|p2a: Landorus|5/100\n|move|p2a: Landorus|Stealth Rock|p1a: Ceruledge\n|-sidestart|p1: WangShixiong|move: Stealth Rock\n|\n|upkeep\n|turn|7\n|\n|t:|1771224511\n|move|p1a: Ceruledge|Bitter Blade|p2a: Landorus\n|-damage|p2a: Landorus|0 fnt\n|-heal|p1a: Ceruledge|72/100|[from] drain|[of] p2a: Landorus\n|faint|p2a: Landorus\n|\n|upkeep\n|\n|t:|1771224518\n|switch|p2a: Great Tusk|Great Tusk|100/100\n|-damage|p2a: Great Tusk|98/100|[from] Stealth Rock\n|-enditem|p2a: Great Tusk|Booster Energy\n|-activate|p2a: Great Tusk|ability: Protosynthesis|[fromitem]\n|-start|p2a: Great Tusk|protosynthesisatk\n|turn|8\n|j| ghdsghjjjffssg\n|\n|t:|1771224524\n|switch|p1a: Landorus|Landorus-Therian, M|100/100\n|-damage|p1a: Landorus|88/100|[from] Stealth Rock\n|-ability|p1a: Landorus|Intimidate|boost\n|-unboost|p2a: Great Tusk|atk|1\n|move|p2a: Great Tusk|Bulk Up|p2a: Great Tusk\n|-boost|p2a: Great Tusk|atk|1\n|-boost|p2a: Great Tusk|def|1\n|\n|upkeep\n|turn|9\n|\n|t:|1771224534\n|move|p1a: Landorus|Explosion|p2a: Great Tusk\n|-damage|p2a: Great Tusk|60/100\n|faint|p1a: Landorus\n|move|p2a: Great Tusk|Rapid Spin|p1: Landorus|[notarget]\n|-fail|p2a: Great Tusk\n|\n|upkeep\n|\n|t:|1771224536\n|switch|p1a: Diancie|Diancie, shiny|100/100\n|-damage|p1a: Diancie|88/100|[from] Stealth Rock\n|turn|10\n|\n|t:|1771224546\n|detailschange|p1a: Diancie|Diancie-Mega, shiny\n|-mega|p1a: Diancie|Diancie|Diancite\n|move|p1a: Diancie|Moonblast|p2a: Great Tusk\n|-supereffective|p2a: Great Tusk\n|-damage|p2a: Great Tusk|0 fnt\n|faint|p2a: Great Tusk\n|-end|p2a: Great Tusk|Protosynthesis|[silent]\n|\n|upkeep\n|\n|t:|1771224554\n|switch|p2a: Tapu Lele|Tapu Lele|100/100\n|-damage|p2a: Tapu Lele|88/100|[from] Stealth Rock\n|-fieldstart|move: Psychic Terrain|[from] ability: Psychic Surge|[of] p2a: Tapu Lele\n|turn|11\n|\n|t:|1771224560\n|move|p1a: Diancie|Diamond Storm|p2a: Tapu Lele\n|-damage|p2a: Tapu Lele|13/100\n|move|p2a: Tapu Lele|Psychic|p1a: Diancie\n|-damage|p1a: Diancie|0 fnt\n|faint|p1a: Diancie\n|detailschange|p1: Diancie|Diancie, shiny|[silent]\n|-damage|p2a: Tapu Lele|3/100|[from] item: Life Orb\n|\n|upkeep\n|\n|t:|1771224567\n|switch|p1a: Ceruledge|Ceruledge, F|72/100\n|-damage|p1a: Ceruledge|47/100|[from] Stealth Rock\n|turn|12\n|\n|t:|1771224572\n|move|p1a: Ceruledge|Endure|p1a: Ceruledge\n|-singleturn|p1a: Ceruledge|move: Endure\n|move|p2a: Tapu Lele|Psychic|p1a: Ceruledge\n|-activate|p1a: Ceruledge|move: Endure\n|-damage|p1a: Ceruledge|1/100\n|-damage|p2a: Tapu Lele|0 fnt|[from] item: Life Orb\n|faint|p2a: Tapu Lele\n|\n|upkeep\n|\n|t:|1771224581\n|switch|p2a: Dragonite|Dragonite, M|100/100\n|-damage|p2a: Dragonite|76/100|[from] Stealth Rock\n|turn|13\n|\n|t:|1771224586\n|-zpower|p1a: Ceruledge\n|move|p1a: Ceruledge|Never-Ending Nightmare|p2a: Dragonite|[zeffect]\n|-damage|p2a: Dragonite|0 fnt\n|faint|p2a: Dragonite\n|\n|upkeep\n|-message|heimao1 forfeited.\n|\n|win|WangShixiong\n|raw|WangShixiong's rating: 1785 &rarr; <strong>1802</strong><br />(+17 for winning)\n|raw|heimao1's rating: 1732 &rarr; <strong>1715</strong><br />(-17 for losing)\n|l|‽WangShixiong\n|player|p1|\n|j|‽WangShixiong\n|player|p1|WangShixiong|cynthia-gen4|\n|l|☆heimao1\n|player|p2|\n|l| ghdsghjjjffssg\n", "uploadtime": 1771224752, "views": 15, "formatid": "gen9nationaldex", "rating": 1715, "private": 0, "password": null}