{"id": "gen9nationaldex-2540403695", "format": "[Gen 9] National Dex", "players": ["des459yt", "jerseyiteMa"], "log": "|j|☆des459yt\n|j|☆jerseyiteMa\n|t:|1771197822\n|gametype|singles\n|player|p1|des459yt|1|1613\n|player|p2|jerseyiteMa|shelly|1553\n|gen|9\n|tier|[Gen 9] National Dex\n|rated|\n|rule|HP Percentage Mod: HP is shown in percentages\n|rule|Endless Battle Clause: Forcing endless battles is banned\n|rule|Species Clause: Limit one of each Pokémon\n|rule|OHKO Clause: OHKO moves are banned\n|rule|Evasion Clause: Evasion abilities, items, and moves are banned\n|rule|Evasion Abilities Clause: Evasion abilities are banned\n|rule|Evasion Items Clause: Evasion items are banned\n|rule|Evasion Moves Clause: Evasion moves are banned\n|rule|Sleep Clause Mod: Limit one foe put to sleep\n|rule|Terastal Clause: You cannot Terastallize\n|clearpoke\n|poke|p1|Steelix, F|\n|poke|p1|Alomomola, F|\n|poke|p1|Kommo-o, F|\n|poke|p1|Weavile, M|\n|poke|p1|Moltres|\n|poke|p1|Tapu Bulu|\n|poke|p2|Mawile, F|\n|poke|p2|Zapdos|\n|poke|p2|Ting-Lu|\n|poke|p2|Alomomola, M|\n|poke|p2|Gholdengo|\n|poke|p2|Buzzwole|\n|teampreview\n|inactive|Battle timer is ON: inactive players will automatically lose when time's up. (requested by des459yt)\n|c|☆jerseyiteMa|yo\n|c|☆des459yt|sup\n|c|☆jerseyiteMa|i js sold a 100 turn game\n|c|☆des459yt|rip\n|c|☆jerseyiteMa|im deadass abt to cry\n|\n|t:|1771197850\n|teamsize|p1|6\n|teamsize|p2|6\n|start\n|switch|p1a: Steelix|Steelix, F|100/100\n|switch|p2a: Buzzwole|Buzzwole|100/100\n|turn|1\n|\n|t:|1771197857\n|switch|p2a: Alomomola|Alomomola, M|100/100\n|detailschange|p1a: Steelix|Steelix-Mega, F\n|-mega|p1a: Steelix|Steelix|Steelixite\n|move|p1a: Steelix|Stealth Rock|p2a: Alomomola\n|-sidestart|p2: jerseyiteMa|move: Stealth Rock\n|\n|upkeep\n|turn|2\n|\n|t:|1771197868\n|switch|p1a: Tapu Bulu|Tapu Bulu|100/100\n|-fieldstart|move: Grassy Terrain|[from] ability: Grassy Surge|[of] p1a: Tapu Bulu\n|move|p2a: Alomomola|Wish|p2a: Alomomola\n|\n|upkeep\n|turn|3\n|\n|t:|1771197876\n|switch|p2a: Gholdengo|Gholdengo|100/100\n|-damage|p2a: Gholdengo|94/100|[from] Stealth Rock\n|move|p1a: Tapu Bulu|Horn Leech|p2a: Gholdengo\n|-resisted|p2a: Gholdengo\n|-damage|p2a: Gholdengo|45/100\n|\n|-heal|p2a: Gholdengo|100/100|[from] move: Wish|[wisher] Alomomola\n|upkeep\n|turn|4\n|\n|t:|1771197885\n|switch|p1a: Moltres|Moltres|100/100\n|move|p2a: Gholdengo|Make It Rain|p1a: Moltres\n|-resisted|p1a: Moltres\n|-damage|p1a: Moltres|78/100\n|-unboost|p2a: Gholdengo|spa|1\n|\n|upkeep\n|turn|5\n|\n|t:|1771197890\n|switch|p2a: Alomomola|Alomomola, M|100/100\n|move|p1a: Moltres|Mystical Fire|p2a: Alomomola\n|-resisted|p2a: Alomomola\n|-damage|p2a: Alomomola|87/100\n|-unboost|p2a: Alomomola|spa|1\n|\n|-heal|p2a: Alomomola|93/100|[from] Grassy Terrain\n|upkeep\n|turn|6\n|\n|t:|1771197893\n|move|p1a: Moltres|U-turn|p2a: Alomomola\n|-damage|p2a: Alomomola|84/100\n|\n|t:|1771197896\n|switch|p1a: Alomomola|Alomomola, F|100/100|[from] U-turn\n|move|p2a: Alomomola|Flip Turn|p1a: Alomomola\n|-resisted|p1a: Alomomola\n|-damage|p1a: Alomomola|96/100\n|\n|t:|1771197901\n|switch|p2a: Gholdengo|Gholdengo|100/100|[from] Flip Turn\n|-damage|p2a: Gholdengo|94/100|[from] Stealth Rock\n|\n|-heal|p2a: Gholdengo|100/100|[from] Grassy Terrain\n|-heal|p1a: Alomomola|100/100|[from] Grassy Terrain\n|-fieldend|move: Grassy Terrain\n|upkeep\n|turn|7\n|\n|t:|1771197907\n|move|p2a: Gholdengo|Trick|p1a: Alomomola\n|-activate|p2a: Gholdengo|move: Trick|[of] p1a: Alomomola\n|-item|p1a: Alomomola|Choice Scarf|[from] move: Trick\n|-item|p2a: Gholdengo|Heavy-Duty Boots|[from] move: Trick\n|move|p1a: Alomomola|Flip Turn|p2a: Gholdengo\n|-damage|p2a: Gholdengo|82/100\n|\n|t:|1771197914\n|switch|p1a: Weavile|Weavile, M|100/100|[from] Flip Turn\n|-ability|p1a: Weavile|Pressure\n|\n|upkeep\n|turn|8\n|\n|t:|1771197919\n|switch|p2a: Mawile|Mawile, F|100/100\n|-damage|p2a: Mawile|95/100|[from] Stealth Rock\n|-ability|p2a: Mawile|Intimidate|boost\n|-unboost|p1a: Weavile|atk|1\n|move|p1a: Weavile|Knock Off|p2a: Mawile\n|-resisted|p2a: Mawile\n|-damage|p2a: Mawile|82/100\n|\n|upkeep\n|turn|9\n|\n|t:|1771197928\n|switch|p1a: Steelix|Steelix-Mega, F|100/100\n|switch|p2a: Buzzwole|Buzzwole|100/100\n|-damage|p2a: Buzzwole|88/100|[from] Stealth Rock\n|\n|upkeep\n|turn|10\n|\n|t:|1771197932\n|switch|p2a: Alomomola|Alomomola, M|100/100\n|switch|p1a: Moltres|Moltres|78/100\n|\n|upkeep\n|turn|11\n|\n|t:|1771197937\n|move|p1a: Moltres|U-turn|p2a: Alomomola\n|-damage|p2a: Alomomola|91/100\n|\n|t:|1771197939\n|switch|p1a: Alomomola|Alomomola, F|100/100|[from] U-turn\n|move|p2a: Alomomola|Flip Turn|p1a: Alomomola\n|-resisted|p1a: Alomomola\n|-damage|p1a: Alomomola|96/100\n|\n|t:|1771197948\n|switch|p2a: Zapdos|Zapdos|100/100|[from] Flip Turn\n|\n|upkeep\n|turn|12\n|\n|t:|1771197955\n|switch|p1a: Steelix|Steelix-Mega, F|100/100\n|move|p2a: Zapdos|Defog|p1a: Steelix\n|-unboost|p1a: Steelix|evasion|1\n|-sideend|p2: jerseyiteMa|Stealth Rock|[from] move: Defog|[of] p2a: Zapdos\n|\n|upkeep\n|turn|13\n|\n|t:|1771197959\n|switch|p2a: Alomomola|Alomomola, M|100/100\n|move|p1a: Steelix|Stealth Rock|p2a: Alomomola\n|-sidestart|p2: jerseyiteMa|move: Stealth Rock\n|\n|upkeep\n|turn|14\n|\n|t:|1771197964\n|switch|p1a: Alomomola|Alomomola, F|100/100\n|move|p2a: Alomomola|Wish|p2a: Alomomola\n|\n|upkeep\n|turn|15\n|\n|t:|1771197967\n|move|p1a: Alomomola|Toxic|p2a: Alomomola\n|-status|p2a: Alomomola|tox\n|move|p2a: Alomomola|Flip Turn|p1a: Alomomola\n|-resisted|p1a: Alomomola\n|-damage|p1a: Alomomola|96/100\n|\n|t:|1771197973\n|switch|p2a: Mawile|Mawile, F|82/100|[from] Flip Turn\n|-damage|p2a: Mawile|76/100|[from] Stealth Rock\n|-ability|p2a: Mawile|Intimidate|boost\n|-unboost|p1a: Alomomola|atk|1\n|\n|-heal|p2a: Mawile|100/100|[from] move: Wish|[wisher] Alomomola\n|upkeep\n|turn|16\n|\n|t:|1771197977\n|switch|p1a: Moltres|Moltres|78/100\n|detailschange|p2a: Mawile|Mawile-Mega, F\n|-mega|p2a: Mawile|Mawile|Mawilite\n|move|p2a: Mawile|Swords Dance|p2a: Mawile\n|-boost|p2a: Mawile|atk|2\n|\n|upkeep\n|turn|17\n|\n|t:|1771197982\n|switch|p1a: Steelix|Steelix-Mega, F|100/100\n|switch|p2a: Alomomola|Alomomola, M|100/100 tox\n|\n|-damage|p2a: Alomomola|94/100 tox|[from] psn\n|upkeep\n|turn|18\n|\n|t:|1771197986\n|move|p2a: Alomomola|Flip Turn|p1a: Steelix\n|-supereffective|p1a: Steelix\n|-damage|p1a: Steelix|85/100\n|\n|t:|1771197991\n|switch|p2a: Zapdos|Zapdos|100/100|[from] Flip Turn\n|move|p1a: Steelix|Roar|p2a: Zapdos\n|drag|p2a: Gholdengo|Gholdengo|82/100\n|\n|upkeep\n|turn|19\n|\n|t:|1771198002\n|switch|p2a: Zapdos|Zapdos|100/100\n|move|p1a: Steelix|High Horsepower|p2a: Zapdos\n|-immune|p2a: Zapdos\n|\n|upkeep\n|turn|20\n|\n|t:|1771198006\n|switch|p1a: Weavile|Weavile, M|100/100\n|-ability|p1a: Weavile|Pressure\n|move|p2a: Zapdos|Defog|p1a: Weavile\n|-unboost|p1a: Weavile|evasion|1\n|-sideend|p2: jerseyiteMa|Stealth Rock|[from] move: Defog|[of] p2a: Zapdos\n|\n|upkeep\n|turn|21\n|\n|t:|1771198016\n|switch|p2a: Mawile|Mawile-Mega, F|100/100\n|move|p1a: Weavile|Knock Off|p2a: Mawile\n|-resisted|p2a: Mawile\n|-damage|p2a: Mawile|85/100\n|\n|upkeep\n|turn|22\n|c|☆jerseyiteMa|this is gonna be another long ass game huh\n|\n|t:|1771198024\n|switch|p1a: Steelix|Steelix-Mega, F|85/100\n|switch|p2a: Buzzwole|Buzzwole|88/100\n|\n|upkeep\n|turn|23\n|c|☆des459yt|yup\n|\n|t:|1771198033\n|switch|p2a: Alomomola|Alomomola, M|100/100 tox\n|switch|p1a: Alomomola|Alomomola, F|100/100\n|\n|-damage|p2a: Alomomola|94/100 tox|[from] psn\n|upkeep\n|turn|24\n|c|☆des459yt|were both running fat mons\n|c|☆des459yt|especially mola\n|c|☆jerseyiteMa|god so help me\n|\n|t:|1771198052\n|move|p1a: Alomomola|Wish|p1a: Alomomola\n|move|p2a: Alomomola|Toxic|p1a: Alomomola|[miss]\n|-miss|p2a: Alomomola|p1a: Alomomola\n|\n|-damage|p2a: Alomomola|82/100 tox|[from] psn\n|upkeep\n|turn|25\n|\n|t:|1771198056\n|switch|p1a: Steelix|Steelix-Mega, F|85/100\n|move|p2a: Alomomola|Flip Turn|p1a: Steelix\n|-supereffective|p1a: Steelix\n|-damage|p1a: Steelix|71/100\n|\n|t:|1771198073\n|switch|p2a: Zapdos|Zapdos|100/100|[from] Flip Turn\n|\n|-heal|p1a: Steelix|100/100|[from] move: Wish|[wisher] Alomomola\n|upkeep\n|turn|26\n|c|☆des459yt|listen i also dont wanna be here all night\n|\n|t:|1771198082\n|move|p2a: Zapdos|Hurricane|p1a: Steelix\n|-resisted|p1a: Steelix\n|-damage|p1a: Steelix|85/100\n|-start|p1a: Steelix|confusion\n|-activate|p1a: Steelix|confusion\n|move|p1a: Steelix|Stealth Rock|p2a: Zapdos\n|-sidestart|p2: jerseyiteMa|move: Stealth Rock\n|\n|upkeep\n|turn|27\n|\n|t:|1771198088\n|switch|p1a: Weavile|Weavile, M|100/100\n|-ability|p1a: Weavile|Pressure\n|move|p2a: Zapdos|Defog|p1a: Weavile\n|-unboost|p1a: Weavile|evasion|1\n|-sideend|p2: jerseyiteMa|Stealth Rock|[from] move: Defog|[of] p2a: Zapdos\n|\n|upkeep\n|turn|28\n|\n|t:|1771198092\n|switch|p2a: Mawile|Mawile-Mega, F|85/100\n|move|p1a: Weavile|Knock Off|p2a: Mawile\n|-resisted|p2a: Mawile\n|-damage|p2a: Mawile|69/100\n|\n|upkeep\n|turn|29\n|\n|t:|1771198097\n|switch|p1a: Tapu Bulu|Tapu Bulu|100/100\n|-fieldstart|move: Grassy Terrain|[from] ability: Grassy Surge|[of] p1a: Tapu Bulu\n|switch|p2a: Alomomola|Alomomola, M|100/100 tox\n|\n|-damage|p2a: Alomomola|94/100 tox|[from] psn\n|upkeep\n|turn|30\n|\n|t:|1771198108\n|switch|p1a: Weavile|Weavile, M|100/100\n|-ability|p1a: Weavile|Pressure\n|switch|p2a: Zapdos|Zapdos|100/100\n|\n|upkeep\n|turn|31\n|\n|t:|1771198116\n|switch|p2a: Alomomola|Alomomola, M|100/100 tox\n|move|p1a: Weavile|Knock Off|p2a: Alomomola\n|-damage|p2a: Alomomola|69/100 tox\n|-enditem|p2a: Alomomola|Heavy-Duty Boots|[from] move: Knock Off|[of] p1a: Weavile\n|\n|-heal|p2a: Alomomola|75/100 tox|[from] Grassy Terrain\n|-damage|p2a: Alomomola|69/100 tox|[from] psn\n|upkeep\n|turn|32\n|\n|t:|1771198120\n|switch|p1a: Steelix|Steelix-Mega, F|85/100\n|move|p2a: Alomomola|Wish|p2a: Alomomola\n|\n|-heal|p2a: Alomomola|75/100 tox|[from] Grassy Terrain\n|-heal|p1a: Steelix|91/100|[from] Grassy Terrain\n|-damage|p2a: Alomomola|63/100 tox|[from] psn\n|upkeep\n|turn|33\n|\n|t:|1771198126\n|switch|p2a: Mawile|Mawile-Mega, F|69/100\n|move|p1a: Steelix|Roar|p2a: Mawile\n|drag|p2a: Gholdengo|Gholdengo|82/100\n|\n|-heal|p2a: Gholdengo|100/100|[from] move: Wish|[wisher] Alomomola\n|-heal|p1a: Steelix|97/100|[from] Grassy Terrain\n|-fieldend|move: Grassy Terrain\n|upkeep\n|turn|34\n|\n|t:|1771198132\n|switch|p2a: Alomomola|Alomomola, M|96/100 tox\n|move|p1a: Steelix|Stealth Rock|p2a: Alomomola\n|-sidestart|p2: jerseyiteMa|move: Stealth Rock\n|\n|-damage|p2a: Alomomola|90/100 tox|[from] psn\n|upkeep\n|turn|35\n|\n|t:|1771198136\n|move|p2a: Alomomola|Wish|p2a: Alomomola\n|move|p1a: Steelix|Roar|p2a: Alomomola\n|drag|p2a: Gholdengo|Gholdengo|100/100\n|\n|upkeep\n|turn|36\n|\n|t:|1771198155\n|switch|p2a: Zapdos|Zapdos|100/100\n|move|p1a: Steelix|High Horsepower|p2a: Zapdos\n|-immune|p2a: Zapdos\n|\n|upkeep\n|turn|37\n|\n|t:|1771198160\n|move|p2a: Zapdos|Volt Switch|p1a: Steelix\n|-immune|p1a: Steelix\n|move|p1a: Steelix|Stealth Rock||[still]\n|-fail|p1a: Steelix\n|\n|upkeep\n|turn|38\n|\n|t:|1771198164\n|move|p2a: Zapdos|Defog|p1a: Steelix\n|-unboost|p1a: Steelix|evasion|1\n|-sideend|p2: jerseyiteMa|Stealth Rock|[from] move: Defog|[of] p2a: Zapdos\n|move|p1a: Steelix|Roar|p2a: Zapdos\n|drag|p2a: Ting-Lu|Ting-Lu|100/100\n|-ability|p2a: Ting-Lu|Vessel of Ruin\n|\n|upkeep\n|turn|39\n|c|☆jerseyiteMa|they dont prepare you to see a fat ass steelix in nat dex\n|\n|t:|1771198191\n|switch|p2a: Alomomola|Alomomola, M|100/100 tox\n|switch|p1a: Weavile|Weavile, M|100/100\n|-ability|p1a: Weavile|Pressure\n|\n|-damage|p2a: Alomomola|94/100 tox|[from] psn\n|upkeep\n|turn|40\n|\n|t:|1771198197\n|switch|p1a: Steelix|Steelix-Mega, F|97/100\n|move|p2a: Alomomola|Flip Turn|p1a: Steelix\n|-supereffective|p1a: Steelix\n|-damage|p1a: Steelix|81/100\n|c|☆des459yt|so true\n|\n|t:|1771198208\n|switch|p2a: Buzzwole|Buzzwole|88/100|[from] Flip Turn\n|\n|upkeep\n|turn|41\n|c|☆des459yt|im experimenting with mons\n|inactive|jerseyiteMa has 120 seconds left.\n|\n|t:|1771198232\n|switch|p2a: Zapdos|Zapdos|100/100\n|switch|p1a: Alomomola|Alomomola, F|100/100\n|\n|upkeep\n|turn|42\n|\n|t:|1771198240\n|switch|p2a: Gholdengo|Gholdengo|100/100\n|move|p1a: Alomomola|Wish|p1a: Alomomola\n|\n|upkeep\n|turn|43\n|\n|t:|1771198254\n|switch|p1a: Moltres|Moltres|78/100\n|move|p2a: Gholdengo|Shadow Ball|p1a: Moltres\n|-damage|p1a: Moltres|47/100\n|\n|-heal|p1a: Moltres|100/100|[from] move: Wish|[wisher] Alomomola\n|upkeep\n|turn|44\n|\n|t:|1771198263\n|switch|p2a: Alomomola|Alomomola, M|100/100 tox\n|move|p1a: Moltres|U-turn|p2a: Alomomola\n|-damage|p2a: Alomomola|92/100 tox\n|\n|t:|1771198265\n|switch|p1a: Steelix|Steelix-Mega, F|81/100|[from] U-turn\n|\n|-damage|p2a: Alomomola|86/100 tox|[from] psn\n|upkeep\n|turn|45\n|c|☆jerseyiteMa|honestly i havent played showdown in a long time\n|\n|t:|1771198275\n|move|p2a: Alomomola|Flip Turn|p1a: Steelix\n|-supereffective|p1a: Steelix\n|-damage|p1a: Steelix|65/100\n|\n|t:|1771198280\n|switch|p2a: Zapdos|Zapdos|100/100|[from] Flip Turn\n|move|p1a: Steelix|Stealth Rock|p2a: Zapdos\n|-sidestart|p2: jerseyiteMa|move: Stealth Rock\n|\n|upkeep\n|turn|46\n|c|☆jerseyiteMa|this weekend's been my first time in months\n|c|☆des459yt|i kept taking breaks bc all u see is stall\n|inactive|des459yt has 120 seconds left.\n|\n|t:|1771198315\n|switch|p1a: Kommo-o|Kommo-o, F|100/100\n|move|p2a: Zapdos|Defog|p1a: Kommo-o\n|-unboost|p1a: Kommo-o|evasion|1\n|-sideend|p2: jerseyiteMa|Stealth Rock|[from] move: Defog|[of] p2a: Zapdos\n|\n|upkeep\n|turn|47\n|\n|t:|1771198324\n|move|p1a: Kommo-o|Close Combat|p2a: Zapdos\n|-resisted|p2a: Zapdos\n|-damage|p2a: Zapdos|80/100\n|-unboost|p1a: Kommo-o|def|1\n|-unboost|p1a: Kommo-o|spd|1\n|move|p2a: Zapdos|Hurricane|p1a: Kommo-o\n|-supereffective|p1a: Kommo-o\n|-damage|p1a: Kommo-o|0 fnt\n|faint|p1a: Kommo-o\n|\n|upkeep\n|\n|t:|1771198327\n|switch|p1a: Steelix|Steelix-Mega, F|65/100\n|turn|48\n|c|☆jerseyiteMa|lowk everytime i see standard stall i js auto forfeit\n|c|☆jerseyiteMa|i aint got the energy for it\n|c|☆des459yt|lucky\n|\n|t:|1771198343\n|switch|p2a: Alomomola|Alomomola, M|100/100 tox\n|move|p1a: Steelix|Stealth Rock|p2a: Alomomola\n|-sidestart|p2: jerseyiteMa|move: Stealth Rock\n|\n|-damage|p2a: Alomomola|94/100 tox|[from] psn\n|upkeep\n|turn|49\n|c|☆des459yt|nvm\n|c|☆des459yt|i feel that\n|c|☆des459yt|stall so borin\n|\n|t:|1771198358\n|move|p2a: Alomomola|Flip Turn|p1a: Steelix\n|-supereffective|p1a: Steelix\n|-damage|p1a: Steelix|50/100\n|\n|t:|1771198363\n|switch|p2a: Zapdos|Zapdos|80/100|[from] Flip Turn\n|move|p1a: Steelix|Roar|p2a: Zapdos\n|drag|p2a: Alomomola|Alomomola, M|100/100 tox\n|-damage|p2a: Alomomola|88/100 tox|[from] Stealth Rock\n|\n|-damage|p2a: Alomomola|82/100 tox|[from] psn\n|upkeep\n|turn|50\n|\n|t:|1771198370\n|switch|p1a: Alomomola|Alomomola, F|100/100\n|move|p2a: Alomomola|Flip Turn|p1a: Alomomola\n|-resisted|p1a: Alomomola\n|-damage|p1a: Alomomola|96/100\n|\n|t:|1771198390\n|switch|p2a: Zapdos|Zapdos|80/100|[from] Flip Turn\n|\n|upkeep\n|turn|51\n|c|☆des459yt|u also see mola on every team\n|\n|t:|1771198400\n|switch|p2a: Alomomola|Alomomola, M|100/100 tox\n|-damage|p2a: Alomomola|88/100 tox|[from] Stealth Rock\n|move|p1a: Alomomola|Toxic|p2a: Alomomola|[miss]\n|-miss|p1a: Alomomola|p2a: Alomomola\n|\n|-damage|p2a: Alomomola|82/100 tox|[from] psn\n|upkeep\n|turn|52\n|c|☆jerseyiteMa|yeah but i always b running a mola too\n|c|☆jerseyiteMa|im no better\n|\n|t:|1771198412\n|switch|p1a: Steelix|Steelix-Mega, F|50/100\n|move|p2a: Alomomola|Wish|p2a: Alomomola\n|\n|-damage|p2a: Alomomola|70/100 tox|[from] psn\n|upkeep\n|turn|53\n|\n|t:|1771198420\n|move|p2a: Alomomola|Flip Turn|p1a: Steelix\n|-supereffective|p1a: Steelix\n|-damage|p1a: Steelix|34/100\n|\n|t:|1771198424\n|switch|p2a: Zapdos|Zapdos|80/100|[from] Flip Turn\n|move|p1a: Steelix|Roar|p2a: Zapdos\n|drag|p2a: Mawile|Mawile-Mega, F|69/100\n|-damage|p2a: Mawile|63/100|[from] Stealth Rock\n|\n|-heal|p2a: Mawile|100/100|[from] move: Wish|[wisher] Alomomola\n|upkeep\n|turn|54\n|c|☆des459yt|i dont run mola often\n|c|☆jerseyiteMa|oh that was a lucky roar\n|\n|t:|1771198439\n|switch|p2a: Alomomola|Alomomola, M|100/100 tox\n|-damage|p2a: Alomomola|88/100 tox|[from] Stealth Rock\n|switch|p1a: Alomomola|Alomomola, F|100/100\n|\n|-damage|p2a: Alomomola|82/100 tox|[from] psn\n|upkeep\n|turn|55\n|c|☆jerseyiteMa|i see why you're running it atm\n|c|☆des459yt|i was praying to not get that\n|\n|t:|1771198451\n|move|p1a: Alomomola|Wish|p1a: Alomomola\n|move|p2a: Alomomola|Toxic|p1a: Alomomola|[miss]\n|-miss|p2a: Alomomola|p1a: Alomomola\n|\n|-damage|p2a: Alomomola|70/100 tox|[from] psn\n|upkeep\n|turn|56\n|c|☆jerseyiteMa|that steelix got no recovery\n|\n|t:|1771198456\n|switch|p1a: Steelix|Steelix-Mega, F|34/100\n|move|p2a: Alomomola|Flip Turn|p1a: Steelix\n|-supereffective|p1a: Steelix\n|-damage|p1a: Steelix|17/100\n|c|☆des459yt|yup\n|\n|t:|1771198462\n|switch|p2a: Zapdos|Zapdos|80/100|[from] Flip Turn\n|\n|-heal|p1a: Steelix|92/100|[from] move: Wish|[wisher] Alomomola\n|upkeep\n|turn|57\n|\n|t:|1771198466\n|move|p2a: Zapdos|Defog|p1a: Steelix\n|-unboost|p1a: Steelix|evasion|1\n|-sideend|p2: jerseyiteMa|Stealth Rock|[from] move: Defog|[of] p2a: Zapdos\n|move|p1a: Steelix|Stealth Rock|p2a: Zapdos\n|-sidestart|p2: jerseyiteMa|move: Stealth Rock\n|\n|upkeep\n|turn|58\n|\n|t:|1771198479\n|switch|p2a: Alomomola|Alomomola, M|100/100 tox\n|-damage|p2a: Alomomola|88/100 tox|[from] Stealth Rock\n|move|p1a: Steelix|Stealth Rock||[still]\n|-fail|p1a: Steelix\n|\n|-damage|p2a: Alomomola|82/100 tox|[from] psn\n|upkeep\n|turn|59\n|\n|t:|1771198486\n|move|p2a: Alomomola|Flip Turn|p1a: Steelix\n|-supereffective|p1a: Steelix\n|-damage|p1a: Steelix|77/100\n|\n|t:|1771198498\n|switch|p2a: Zapdos|Zapdos|80/100|[from] Flip Turn\n|move|p1a: Steelix|Roar|p2a: Zapdos\n|drag|p2a: Buzzwole|Buzzwole|88/100\n|-damage|p2a: Buzzwole|76/100|[from] Stealth Rock\n|\n|upkeep\n|turn|60\n|\n|t:|1771198506\n|switch|p1a: Alomomola|Alomomola, F|100/100\n|move|p2a: Buzzwole|Close Combat|p1a: Alomomola\n|-damage|p1a: Alomomola|63/100\n|-unboost|p2a: Buzzwole|def|1\n|-unboost|p2a: Buzzwole|spd|1\n|\n|upkeep\n|turn|61\n|\n|t:|1771198515\n|switch|p2a: Alomomola|Alomomola, M|100/100 tox\n|-damage|p2a: Alomomola|88/100 tox|[from] Stealth Rock\n|move|p1a: Alomomola|Flip Turn|p2a: Alomomola\n|-resisted|p2a: Alomomola\n|-damage|p2a: Alomomola|84/100 tox\n|\n|t:|1771198520\n|switch|p1a: Tapu Bulu|Tapu Bulu|100/100|[from] Flip Turn\n|-fieldstart|move: Grassy Terrain|[from] ability: Grassy Surge|[of] p1a: Tapu Bulu\n|\n|-heal|p2a: Alomomola|90/100 tox|[from] Grassy Terrain\n|-damage|p2a: Alomomola|84/100 tox|[from] psn\n|upkeep\n|turn|62\n|\n|t:|1771198531\n|switch|p2a: Gholdengo|Gholdengo|100/100\n|move|p1a: Tapu Bulu|Wood Hammer|p2a: Gholdengo\n|-resisted|p2a: Gholdengo\n|-damage|p2a: Gholdengo|20/100\n|-damage|p1a: Tapu Bulu|73/100|[from] Recoil\n|\n|-heal|p2a: Gholdengo|26/100|[from] Grassy Terrain\n|-heal|p1a: Tapu Bulu|79/100|[from] Grassy Terrain\n|upkeep\n|turn|63\n|c|☆jerseyiteMa|sheesh\n|\n|t:|1771198544\n|switch|p2a: Zapdos|Zapdos|80/100\n|switch|p1a: Moltres|Moltres|100/100\n|\n|upkeep\n|turn|64\n|\n|t:|1771198551\n|switch|p1a: Steelix|Steelix-Mega, F|77/100\n|move|p2a: Zapdos|Defog|p1a: Steelix\n|-unboost|p1a: Steelix|evasion|1\n|-sideend|p2: jerseyiteMa|Stealth Rock|[from] move: Defog|[of] p2a: Zapdos\n|-fieldend|move: Grassy Terrain\n|\n|upkeep\n|turn|65\n|\n|t:|1771198555\n|switch|p2a: Alomomola|Alomomola, M|100/100 tox\n|move|p1a: Steelix|Stealth Rock|p2a: Alomomola\n|-sidestart|p2: jerseyiteMa|move: Stealth Rock\n|\n|-damage|p2a: Alomomola|94/100 tox|[from] psn\n|upkeep\n|turn|66\n|\n|t:|1771198559\n|move|p2a: Alomomola|Wish|p2a: Alomomola\n|move|p1a: Steelix|Roar|p2a: Alomomola\n|drag|p2a: Buzzwole|Buzzwole|76/100\n|-damage|p2a: Buzzwole|63/100|[from] Stealth Rock\n|\n|upkeep\n|turn|67\n|\n|t:|1771198565\n|move|p2a: Buzzwole|Close Combat|p1a: Steelix\n|-supereffective|p1a: Steelix\n|-damage|p1a: Steelix|18/100\n|-unboost|p2a: Buzzwole|def|1\n|-unboost|p2a: Buzzwole|spd|1\n|move|p1a: Steelix|Roar|p2a: Buzzwole\n|drag|p2a: Alomomola|Alomomola, M|100/100 tox\n|-damage|p2a: Alomomola|88/100 tox|[from] Stealth Rock\n|\n|-heal|p2a: Alomomola|100/100 tox|[from] move: Wish|[wisher] Alomomola\n|-damage|p2a: Alomomola|94/100 tox|[from] psn\n|upkeep\n|turn|68\n|\n|t:|1771198573\n|switch|p1a: Alomomola|Alomomola, F|97/100\n|move|p2a: Alomomola|Flip Turn|p1a: Alomomola\n|-resisted|p1a: Alomomola\n|-damage|p1a: Alomomola|92/100\n|\n|t:|1771198580\n|switch|p2a: Gholdengo|Gholdengo|26/100|[from] Flip Turn\n|\n|upkeep\n|turn|69\n|\n|t:|1771198584\n|move|p2a: Gholdengo|Thunder|p1a: Alomomola\n|-supereffective|p1a: Alomomola\n|-damage|p1a: Alomomola|2/100\n|move|p1a: Alomomola|Wish|p1a: Alomomola\n|\n|upkeep\n|turn|70\n|c|☆des459yt|thunder!!!!!!!!\n|\n|t:|1771198617\n|switch|p1a: Tapu Bulu|Tapu Bulu|79/100\n|-fieldstart|move: Grassy Terrain|[from] ability: Grassy Surge|[of] p1a: Tapu Bulu\n|move|p2a: Gholdengo|Make It Rain|p1a: Tapu Bulu\n|-supereffective|p1a: Tapu Bulu\n|-damage|p1a: Tapu Bulu|0 fnt\n|-unboost|p2a: Gholdengo|spa|1\n|faint|p1a: Tapu Bulu\n|\n|-heal|p2a: Gholdengo|32/100|[from] Grassy Terrain\n|upkeep\n|\n|t:|1771198626\n|switch|p1a: Weavile|Weavile, M|100/100\n|-ability|p1a: Weavile|Pressure\n|turn|71\n|\n|t:|1771198632\n|switch|p1a: Steelix|Steelix-Mega, F|18/100\n|switch|p2a: Mawile|Mawile-Mega, F|100/100\n|-damage|p2a: Mawile|95/100|[from] Stealth Rock\n|\n|-heal|p2a: Mawile|100/100|[from] Grassy Terrain\n|-heal|p1a: Steelix|24/100|[from] Grassy Terrain\n|upkeep\n|turn|72\n|\n|t:|1771198641\n|move|p2a: Mawile|Swords Dance|p2a: Mawile\n|-boost|p2a: Mawile|atk|2\n|move|p1a: Steelix|High Horsepower|p2a: Mawile\n|-supereffective|p2a: Mawile\n|-damage|p2a: Mawile|29/100\n|\n|-heal|p2a: Mawile|35/100|[from] Grassy Terrain\n|-heal|p1a: Steelix|30/100|[from] Grassy Terrain\n|upkeep\n|turn|73\n|\n|t:|1771198652\n|switch|p1a: Moltres|Moltres|100/100\n|move|p2a: Mawile|Play Rough|p1a: Moltres\n|-resisted|p1a: Moltres\n|-damage|p1a: Moltres|17/100\n|-status|p2a: Mawile|brn|[from] ability: Flame Body|[of] p1a: Moltres\n|\n|-heal|p2a: Mawile|41/100 brn|[from] Grassy Terrain\n|-damage|p2a: Mawile|35/100 brn|[from] brn\n|upkeep\n|turn|74\n|\n|t:|1771198658\n|switch|p2a: Alomomola|Alomomola, M|100/100 tox\n|-damage|p2a: Alomomola|88/100 tox|[from] Stealth Rock\n|move|p1a: Moltres|Roost|p1a: Moltres\n|-heal|p1a: Moltres|67/100\n|-singleturn|p1a: Moltres|move: Roost\n|\n|-heal|p1a: Moltres|74/100|[from] Grassy Terrain\n|-heal|p2a: Alomomola|94/100 tox|[from] Grassy Terrain\n|-damage|p2a: Alomomola|88/100 tox|[from] psn\n|-fieldend|move: Grassy Terrain\n|upkeep\n|turn|75\n|c|☆jerseyiteMa|honestly i only really run thunder because i have nothing for rain\n|\n|t:|1771198675\n|move|p1a: Moltres|U-turn|p2a: Alomomola\n|-damage|p2a: Alomomola|79/100 tox\n|c|☆jerseyiteMa|it just turn one nukes pelipper and then yeah im chill\n|c|☆des459yt|lol\n|\n|t:|1771198693\n|switch|p1a: Alomomola|Alomomola, F|35/100|[from] U-turn\n|move|p2a: Alomomola|Wish|p2a: Alomomola\n|\n|-damage|p2a: Alomomola|67/100 tox|[from] psn\n|upkeep\n|turn|76\n|\n|t:|1771198700\n|move|p1a: Alomomola|Wish|p1a: Alomomola\n|move|p2a: Alomomola|Flip Turn|p1a: Alomomola\n|-resisted|p1a: Alomomola\n|-damage|p1a: Alomomola|31/100\n|\n|t:|1771198706\n|switch|p2a: Gholdengo|Gholdengo|32/100|[from] Flip Turn\n|\n|-heal|p2a: Gholdengo|100/100|[from] move: Wish|[wisher] Alomomola\n|upkeep\n|turn|77\n|\n|t:|1771198717\n|switch|p1a: Moltres|Moltres|74/100\n|move|p2a: Gholdengo|Shadow Ball|p1a: Moltres\n|-damage|p1a: Moltres|42/100\n|-unboost|p1a: Moltres|spd|1\n|\n|-heal|p1a: Moltres|100/100|[from] move: Wish|[wisher] Alomomola\n|upkeep\n|turn|78\n|c|☆jerseyiteMa|theres a lot of things i struggle w regarding this team tbh but i js dont feel like making a new one yk\n|c|☆des459yt|yay\n|c|☆jerseyiteMa|melmetal is genuinely the worst thing ever\n|\n|t:|1771198744\n|switch|p2a: Alomomola|Alomomola, M|99/100 tox\n|-damage|p2a: Alomomola|88/100 tox|[from] Stealth Rock\n|move|p1a: Moltres|U-turn|p2a: Alomomola\n|-damage|p2a: Alomomola|79/100 tox\n|c|☆des459yt|XD\n|c|☆des459yt|but i hate tera so no gen 9\n|\n|t:|1771198761\n|switch|p1a: Weavile|Weavile, M|100/100|[from] U-turn\n|-ability|p1a: Weavile|Pressure\n|\n|-damage|p2a: Alomomola|72/100 tox|[from] psn\n|upkeep\n|turn|79\n|\n|t:|1771198766\n|move|p1a: Weavile|Swords Dance|p1a: Weavile\n|-boost|p1a: Weavile|atk|2\n|move|p2a: Alomomola|Flip Turn|p1a: Weavile\n|-damage|p1a: Weavile|72/100\n|\n|t:|1771198771\n|switch|p2a: Buzzwole|Buzzwole|63/100|[from] Flip Turn\n|-damage|p2a: Buzzwole|51/100|[from] Stealth Rock\n|\n|upkeep\n|turn|80\n|\n|t:|1771198776\n|move|p2a: Buzzwole|Close Combat|p1a: Weavile\n|-supereffective|p1a: Weavile\n|-damage|p1a: Weavile|0 fnt\n|-unboost|p2a: Buzzwole|def|1\n|-unboost|p2a: Buzzwole|spd|1\n|faint|p1a: Weavile\n|-ability|p2a: Buzzwole|Beast Boost|boost\n|-boost|p2a: Buzzwole|atk|1\n|\n|upkeep\n|c|☆des459yt|oh cmon\n|\n|t:|1771198786\n|switch|p1a: Alomomola|Alomomola, F|64/100\n|turn|81\n|c|☆jerseyiteMa|lowk\n|c|☆des459yt|never seen scarf buzz\n|c|☆jerseyiteMa|its for zard y\n|c|☆des459yt|weavile won\n|c|☆jerseyiteMa|bc i got no answer for that\n|c|☆des459yt|:(\n|inactive|jerseyiteMa has 120 seconds left.\n|c|☆jerseyiteMa|yeah weavile ran through without the scarf\n|\n|t:|1771198821\n|switch|p2a: Alomomola|Alomomola, M|100/100 tox\n|-damage|p2a: Alomomola|88/100 tox|[from] Stealth Rock\n|move|p1a: Alomomola|Wish|p1a: Alomomola\n|\n|-damage|p2a: Alomomola|82/100 tox|[from] psn\n|upkeep\n|turn|82\n|inactive|jerseyiteMa has 120 seconds left.\n|\n|t:|1771198827\n|switch|p1a: Steelix|Steelix-Mega, F|30/100\n|move|p2a: Alomomola|Wish|p2a: Alomomola\n|\n|-heal|p1a: Steelix|100/100|[from] move: Wish|[wisher] Alomomola\n|-damage|p2a: Alomomola|70/100 tox|[from] psn\n|upkeep\n|turn|83\n|\n|t:|1771198833\n|move|p2a: Alomomola|Flip Turn|p1a: Steelix\n|-supereffective|p1a: Steelix\n|-damage|p1a: Steelix|85/100\n|\n|t:|1771198839\n|switch|p2a: Buzzwole|Buzzwole|51/100|[from] Flip Turn\n|-damage|p2a: Buzzwole|39/100|[from] Stealth Rock\n|move|p1a: Steelix|Roar|p2a: Buzzwole\n|drag|p2a: Mawile|Mawile-Mega, F|35/100 brn\n|-damage|p2a: Mawile|29/100 brn|[from] Stealth Rock\n|\n|-heal|p2a: Mawile|100/100 brn|[from] move: Wish|[wisher] Alomomola\n|-damage|p2a: Mawile|95/100 brn|[from] brn\n|upkeep\n|turn|84\n|\n|t:|1771198848\n|switch|p2a: Alomomola|Alomomola, M|100/100 tox\n|-damage|p2a: Alomomola|88/100 tox|[from] Stealth Rock\n|move|p1a: Steelix|High Horsepower|p2a: Alomomola\n|-damage|p2a: Alomomola|63/100 tox\n|\n|-damage|p2a: Alomomola|57/100 tox|[from] psn\n|upkeep\n|turn|85\n|\n|t:|1771198852\n|move|p2a: Alomomola|Wish|p2a: Alomomola\n|move|p1a: Steelix|High Horsepower|p2a: Alomomola\n|-damage|p2a: Alomomola|35/100 tox\n|\n|-damage|p2a: Alomomola|22/100 tox|[from] psn\n|upkeep\n|turn|86\n|\n|t:|1771198857\n|switch|p2a: Zapdos|Zapdos|80/100\n|move|p1a: Steelix|Roar|p2a: Zapdos\n|drag|p2a: Alomomola|Alomomola, M|56/100 tox\n|-damage|p2a: Alomomola|43/100 tox|[from] Stealth Rock\n|\n|-heal|p2a: Alomomola|93/100 tox|[from] move: Wish|[wisher] Alomomola\n|-damage|p2a: Alomomola|87/100 tox|[from] psn\n|upkeep\n|turn|87\n|\n|t:|1771198864\n|move|p2a: Alomomola|Flip Turn|p1a: Steelix\n|-supereffective|p1a: Steelix\n|-damage|p1a: Steelix|69/100\n|\n|t:|1771198871\n|switch|p2a: Zapdos|Zapdos|80/100|[from] Flip Turn\n|move|p1a: Steelix|Roar|p2a: Zapdos\n|drag|p2a: Alomomola|Alomomola, M|100/100 tox\n|-damage|p2a: Alomomola|88/100 tox|[from] Stealth Rock\n|\n|-damage|p2a: Alomomola|82/100 tox|[from] psn\n|upkeep\n|turn|88\n|c|☆des459yt|jesus game\n|c|☆des459yt|drag out anything else\n|\n|t:|1771198893\n|move|p2a: Alomomola|Flip Turn|p1a: Steelix\n|-supereffective|p1a: Steelix\n|-damage|p1a: Steelix|55/100\n|\n|t:|1771198897\n|switch|p2a: Zapdos|Zapdos|80/100|[from] Flip Turn\n|move|p1a: Steelix|Roar|p2a: Zapdos\n|drag|p2a: Ting-Lu|Ting-Lu|100/100\n|-damage|p2a: Ting-Lu|94/100|[from] Stealth Rock\n|-ability|p2a: Ting-Lu|Vessel of Ruin\n|\n|-heal|p2a: Ting-Lu|100/100|[from] item: Leftovers\n|upkeep\n|turn|89\n|c|☆des459yt|thank u\n|\n|t:|1771198906\n|switch|p1a: Alomomola|Alomomola, F|98/100\n|move|p2a: Ting-Lu|Earthquake|p1a: Alomomola\n|-damage|p1a: Alomomola|76/100\n|\n|upkeep\n|turn|90\n|\n|t:|1771198912\n|switch|p2a: Alomomola|Alomomola, M|100/100 tox\n|-damage|p2a: Alomomola|88/100 tox|[from] Stealth Rock\n|move|p1a: Alomomola|Wish|p1a: Alomomola\n|\n|-damage|p2a: Alomomola|82/100 tox|[from] psn\n|upkeep\n|turn|91\n|\n|t:|1771198919\n|switch|p1a: Steelix|Steelix-Mega, F|55/100\n|move|p2a: Alomomola|Wish|p2a: Alomomola\n|\n|-heal|p1a: Steelix|100/100|[from] move: Wish|[wisher] Alomomola\n|-damage|p2a: Alomomola|70/100 tox|[from] psn\n|upkeep\n|turn|92\n|\n|t:|1771198931\n|switch|p2a: Zapdos|Zapdos|80/100\n|move|p1a: Steelix|Roar|p2a: Zapdos\n|drag|p2a: Alomomola|Alomomola, M|100/100 tox\n|-damage|p2a: Alomomola|88/100 tox|[from] Stealth Rock\n|\n|-heal|p2a: Alomomola|100/100 tox|[from] move: Wish|[wisher] Alomomola\n|-damage|p2a: Alomomola|94/100 tox|[from] psn\n|upkeep\n|turn|93\n|\n|t:|1771198939\n|move|p2a: Alomomola|Flip Turn|p1a: Steelix\n|-supereffective|p1a: Steelix\n|-damage|p1a: Steelix|85/100\n|\n|t:|1771198948\n|switch|p2a: Ting-Lu|Ting-Lu|100/100|[from] Flip Turn\n|-damage|p2a: Ting-Lu|94/100|[from] Stealth Rock\n|-ability|p2a: Ting-Lu|Vessel of Ruin\n|move|p1a: Steelix|Roar|p2a: Ting-Lu\n|drag|p2a: Mawile|Mawile-Mega, F|95/100 brn\n|-damage|p2a: Mawile|89/100 brn|[from] Stealth Rock\n|\n|-damage|p2a: Mawile|83/100 brn|[from] brn\n|upkeep\n|turn|94\n|\n|t:|1771198956\n|switch|p2a: Alomomola|Alomomola, M|100/100 tox\n|-damage|p2a: Alomomola|88/100 tox|[from] Stealth Rock\n|move|p1a: Steelix|Roar|p2a: Alomomola\n|drag|p2a: Mawile|Mawile-Mega, F|83/100 brn\n|-damage|p2a: Mawile|77/100 brn|[from] Stealth Rock\n|\n|-damage|p2a: Mawile|71/100 brn|[from] brn\n|upkeep\n|turn|95\n|\n|t:|1771198964\n|switch|p2a: Alomomola|Alomomola, M|100/100 tox\n|-damage|p2a: Alomomola|88/100 tox|[from] Stealth Rock\n|move|p1a: Steelix|Roar|p2a: Alomomola\n|drag|p2a: Buzzwole|Buzzwole|39/100\n|-damage|p2a: Buzzwole|26/100|[from] Stealth Rock\n|\n|upkeep\n|turn|96\n|\n|t:|1771198983\n|switch|p2a: Alomomola|Alomomola, M|100/100 tox\n|-damage|p2a: Alomomola|88/100 tox|[from] Stealth Rock\n|move|p1a: Steelix|Gyro Ball|p2a: Alomomola\n|-resisted|p2a: Alomomola\n|-damage|p2a: Alomomola|81/100 tox\n|\n|-damage|p2a: Alomomola|75/100 tox|[from] psn\n|upkeep\n|turn|97\n|\n|t:|1771198989\n|move|p2a: Alomomola|Wish|p2a: Alomomola\n|move|p1a: Steelix|Roar|p2a: Alomomola\n|drag|p2a: Zapdos|Zapdos|80/100\n|\n|upkeep\n|turn|98\n|\n|t:|1771198995\n|switch|p2a: Ting-Lu|Ting-Lu|94/100\n|-damage|p2a: Ting-Lu|88/100|[from] Stealth Rock\n|-ability|p2a: Ting-Lu|Vessel of Ruin\n|move|p1a: Steelix|Stealth Rock||[still]\n|-fail|p1a: Steelix\n|\n|-heal|p2a: Ting-Lu|100/100|[from] move: Wish|[wisher] Alomomola\n|upkeep\n|turn|99\n|\n|t:|1771199003\n|switch|p1a: Moltres|Moltres|100/100\n|move|p2a: Ting-Lu|Earthquake|p1a: Moltres\n|-immune|p1a: Moltres\n|\n|upkeep\n|turn|100\n|c|☆jerseyiteMa|i honestly thought that was body press the whole game wow\n|\n|t:|1771199023\n|move|p1a: Moltres|U-turn|p2a: Ting-Lu\n|-supereffective|p2a: Ting-Lu\n|-damage|p2a: Ting-Lu|85/100\n|c|☆des459yt|nope\n|\n|t:|1771199034\n|switch|p1a: Alomomola|Alomomola, F|100/100|[from] U-turn\n|move|p2a: Ting-Lu|Stealth Rock|p1a: Alomomola\n|-sidestart|p1: des459yt|move: Stealth Rock\n|\n|-heal|p2a: Ting-Lu|91/100|[from] item: Leftovers\n|upkeep\n|turn|101\n|\n|t:|1771199038\n|switch|p2a: Alomomola|Alomomola, M|100/100 tox\n|-damage|p2a: Alomomola|88/100 tox|[from] Stealth Rock\n|move|p1a: Alomomola|Toxic|p2a: Alomomola\n|-fail|p2a: Alomomola|tox\n|\n|-damage|p2a: Alomomola|82/100 tox|[from] psn\n|upkeep\n|turn|102\n|\n|t:|1771199043\n|switch|p1a: Steelix|Steelix-Mega, F|85/100\n|-damage|p1a: Steelix|82/100|[from] Stealth Rock\n|move|p2a: Alomomola|Wish|p2a: Alomomola\n|\n|-damage|p2a: Alomomola|70/100 tox|[from] psn\n|upkeep\n|turn|103\n|\n|t:|1771199053\n|switch|p2a: Ting-Lu|Ting-Lu|91/100\n|-damage|p2a: Ting-Lu|85/100|[from] Stealth Rock\n|-ability|p2a: Ting-Lu|Vessel of Ruin\n|move|p1a: Steelix|Roar|p2a: Ting-Lu\n|drag|p2a: Alomomola|Alomomola, M|100/100 tox\n|-damage|p2a: Alomomola|88/100 tox|[from] Stealth Rock\n|\n|-heal|p2a: Alomomola|100/100 tox|[from] move: Wish|[wisher] Alomomola\n|-damage|p2a: Alomomola|94/100 tox|[from] psn\n|upkeep\n|turn|104\n|c|☆jerseyiteMa|can this deadass drag out anything else\n|c|☆des459yt|i should put spikes on this\n|c|☆des459yt|team\n|inactive|des459yt has 120 seconds left.\n|c|☆des459yt|might be doin something with all this roaring\n|\n|t:|1771199095\n|move|p2a: Alomomola|Protect|p2a: Alomomola\n|-singleturn|p2a: Alomomola|Protect\n|move|p1a: Steelix|Roar|p2a: Alomomola\n|drag|p2a: Ting-Lu|Ting-Lu|85/100\n|-damage|p2a: Ting-Lu|79/100|[from] Stealth Rock\n|-ability|p2a: Ting-Lu|Vessel of Ruin\n|\n|-heal|p2a: Ting-Lu|85/100|[from] item: Leftovers\n|upkeep\n|turn|105\n|c|☆jerseyiteMa|what item was on that bulu\n|c|☆des459yt|band\n|\n|t:|1771199106\n|switch|p1a: Alomomola|Alomomola, F|100/100\n|-damage|p1a: Alomomola|88/100|[from] Stealth Rock\n|move|p2a: Ting-Lu|Earthquake|p1a: Alomomola\n|-damage|p1a: Alomomola|68/100\n|\n|-heal|p2a: Ting-Lu|91/100|[from] item: Leftovers\n|upkeep\n|turn|106\n|\n|t:|1771199110\n|switch|p2a: Alomomola|Alomomola, M|100/100 tox\n|-damage|p2a: Alomomola|88/100 tox|[from] Stealth Rock\n|move|p1a: Alomomola|Wish|p1a: Alomomola\n|\n|-damage|p2a: Alomomola|82/100 tox|[from] psn\n|upkeep\n|turn|107\n|\n|t:|1771199116\n|switch|p1a: Steelix|Steelix-Mega, F|82/100\n|-damage|p1a: Steelix|79/100|[from] Stealth Rock\n|move|p2a: Alomomola|Flip Turn|p1a: Steelix\n|-supereffective|p1a: Steelix\n|-damage|p1a: Steelix|65/100\n|\n|t:|1771199121\n|switch|p2a: Ting-Lu|Ting-Lu|91/100|[from] Flip Turn\n|-damage|p2a: Ting-Lu|85/100|[from] Stealth Rock\n|-ability|p2a: Ting-Lu|Vessel of Ruin\n|\n|-heal|p1a: Steelix|100/100|[from] move: Wish|[wisher] Alomomola\n|-heal|p2a: Ting-Lu|91/100|[from] item: Leftovers\n|upkeep\n|turn|108\n|inactive|des459yt has 120 seconds left.\n|\n|t:|1771199129\n|switch|p1a: Alomomola|Alomomola, F|100/100\n|-damage|p1a: Alomomola|88/100|[from] Stealth Rock\n|move|p2a: Ting-Lu|Earthquake|p1a: Alomomola\n|-damage|p1a: Alomomola|68/100\n|\n|-heal|p2a: Ting-Lu|97/100|[from] item: Leftovers\n|upkeep\n|turn|109\n|\n|t:|1771199133\n|switch|p2a: Alomomola|Alomomola, M|100/100 tox\n|-damage|p2a: Alomomola|88/100 tox|[from] Stealth Rock\n|move|p1a: Alomomola|Flip Turn|p2a: Alomomola\n|-resisted|p2a: Alomomola\n|-damage|p2a: Alomomola|83/100 tox\n|\n|t:|1771199136\n|switch|p1a: Steelix|Steelix-Mega, F|100/100|[from] Flip Turn\n|-damage|p1a: Steelix|97/100|[from] Stealth Rock\n|\n|-damage|p2a: Alomomola|77/100 tox|[from] psn\n|upkeep\n|turn|110\n|\n|t:|1771199142\n|move|p2a: Alomomola|Protect|p2a: Alomomola\n|-singleturn|p2a: Alomomola|Protect\n|move|p1a: Steelix|Roar|p2a: Alomomola\n|drag|p2a: Mawile|Mawile-Mega, F|71/100 brn\n|-damage|p2a: Mawile|65/100 brn|[from] Stealth Rock\n|\n|-damage|p2a: Mawile|59/100 brn|[from] brn\n|upkeep\n|turn|111\n|\n|t:|1771199149\n|switch|p2a: Zapdos|Zapdos|80/100\n|move|p1a: Steelix|Roar|p2a: Zapdos\n|drag|p2a: Ting-Lu|Ting-Lu|97/100\n|-damage|p2a: Ting-Lu|91/100|[from] Stealth Rock\n|-ability|p2a: Ting-Lu|Vessel of Ruin\n|\n|-heal|p2a: Ting-Lu|97/100|[from] item: Leftovers\n|upkeep\n|turn|112\n|\n|t:|1771199156\n|switch|p1a: Alomomola|Alomomola, F|100/100\n|-damage|p1a: Alomomola|88/100|[from] Stealth Rock\n|move|p2a: Ting-Lu|Whirlwind|p1a: Alomomola\n|drag|p1a: Moltres|Moltres|100/100\n|\n|-heal|p2a: Ting-Lu|100/100|[from] item: Leftovers\n|upkeep\n|turn|113\n|\n|t:|1771199161\n|move|p1a: Moltres|U-turn|p2a: Ting-Lu\n|-supereffective|p2a: Ting-Lu\n|-damage|p2a: Ting-Lu|84/100\n|\n|t:|1771199163\n|switch|p1a: Alomomola|Alomomola, F|100/100|[from] U-turn\n|-damage|p1a: Alomomola|88/100|[from] Stealth Rock\n|move|p2a: Ting-Lu|Whirlwind|p1a: Alomomola\n|drag|p1a: Steelix|Steelix-Mega, F|97/100\n|-damage|p1a: Steelix|94/100|[from] Stealth Rock\n|\n|-heal|p2a: Ting-Lu|90/100|[from] item: Leftovers\n|upkeep\n|turn|114\n|\n|t:|1771199170\n|switch|p1a: Alomomola|Alomomola, F|100/100\n|-damage|p1a: Alomomola|88/100|[from] Stealth Rock\n|move|p2a: Ting-Lu|Earthquake|p1a: Alomomola\n|-damage|p1a: Alomomola|67/100\n|\n|-heal|p2a: Ting-Lu|96/100|[from] item: Leftovers\n|upkeep\n|turn|115\n|\n|t:|1771199176\n|switch|p2a: Alomomola|Alomomola, M|100/100 tox\n|-damage|p2a: Alomomola|88/100 tox|[from] Stealth Rock\n|move|p1a: Alomomola|Flip Turn|p2a: Alomomola\n|-resisted|p2a: Alomomola\n|-damage|p2a: Alomomola|83/100 tox\n|\n|t:|1771199178\n|switch|p1a: Steelix|Steelix-Mega, F|94/100|[from] Flip Turn\n|-damage|p1a: Steelix|91/100|[from] Stealth Rock\n|\n|-damage|p2a: Alomomola|77/100 tox|[from] psn\n|upkeep\n|turn|116\n|\n|t:|1771199190\n|move|p2a: Alomomola|Wish|p2a: Alomomola\n|move|p1a: Steelix|Roar|p2a: Alomomola\n|drag|p2a: Ting-Lu|Ting-Lu|96/100\n|-damage|p2a: Ting-Lu|90/100|[from] Stealth Rock\n|-ability|p2a: Ting-Lu|Vessel of Ruin\n|\n|-heal|p2a: Ting-Lu|96/100|[from] item: Leftovers\n|upkeep\n|turn|117\n|\n|t:|1771199198\n|switch|p2a: Buzzwole|Buzzwole|26/100\n|-damage|p2a: Buzzwole|14/100|[from] Stealth Rock\n|move|p1a: Steelix|Roar|p2a: Buzzwole\n|drag|p2a: Alomomola|Alomomola, M|100/100 tox\n|-damage|p2a: Alomomola|88/100 tox|[from] Stealth Rock\n|\n|-heal|p2a: Alomomola|100/100 tox|[from] move: Wish|[wisher] Alomomola\n|-damage|p2a: Alomomola|94/100 tox|[from] psn\n|upkeep\n|turn|118\n|\n|t:|1771199209\n|switch|p2a: Zapdos|Zapdos|80/100\n|move|p1a: Steelix|Roar|p2a: Zapdos\n|drag|p2a: Alomomola|Alomomola, M|100/100 tox\n|-damage|p2a: Alomomola|88/100 tox|[from] Stealth Rock\n|\n|-damage|p2a: Alomomola|82/100 tox|[from] psn\n|upkeep\n|turn|119\n|\n|t:|1771199220\n|switch|p2a: Zapdos|Zapdos|80/100\n|move|p1a: Steelix|Roar|p2a: Zapdos\n|drag|p2a: Ting-Lu|Ting-Lu|96/100\n|-damage|p2a: Ting-Lu|90/100|[from] Stealth Rock\n|-ability|p2a: Ting-Lu|Vessel of Ruin\n|\n|-heal|p2a: Ting-Lu|96/100|[from] item: Leftovers\n|upkeep\n|turn|120\n|c|☆jerseyiteMa|js hootin n roarin\n|c|☆des459yt|this roar makin me sad rn\n|\n|t:|1771199248\n|switch|p1a: Alomomola|Alomomola, F|100/100\n|-damage|p1a: Alomomola|88/100|[from] Stealth Rock\n|move|p2a: Ting-Lu|Earthquake|p1a: Alomomola\n|-damage|p1a: Alomomola|67/100\n|\n|-heal|p2a: Ting-Lu|100/100|[from] item: Leftovers\n|upkeep\n|turn|121\n|\n|t:|1771199256\n|switch|p2a: Zapdos|Zapdos|80/100\n|move|p1a: Alomomola|Flip Turn|p2a: Zapdos\n|-damage|p2a: Zapdos|67/100\n|\n|t:|1771199259\n|switch|p1a: Moltres|Moltres|100/100|[from] Flip Turn\n|\n|upkeep\n|turn|122\n|\n|t:|1771199264\n|move|p2a: Zapdos|Roost|p2a: Zapdos\n|-heal|p2a: Zapdos|100/100\n|-singleturn|p2a: Zapdos|move: Roost\n|move|p1a: Moltres|Mystical Fire|p2a: Zapdos\n|-damage|p2a: Zapdos|68/100\n|-unboost|p2a: Zapdos|spa|1\n|\n|upkeep\n|turn|123\n|\n|t:|1771199269\n|move|p2a: Zapdos|Defog|p1a: Moltres\n|-unboost|p1a: Moltres|evasion|1\n|-sideend|p1: des459yt|Stealth Rock|[from] move: Defog|[of] p2a: Zapdos\n|-sideend|p2: jerseyiteMa|Stealth Rock|[from] move: Defog|[of] p2a: Zapdos\n|move|p1a: Moltres|Mystical Fire|p2a: Zapdos\n|-damage|p2a: Zapdos|37/100\n|-unboost|p2a: Zapdos|spa|1\n|\n|upkeep\n|turn|124\n|\n|t:|1771199273\n|move|p2a: Zapdos|Roost|p2a: Zapdos\n|-heal|p2a: Zapdos|87/100\n|-singleturn|p2a: Zapdos|move: Roost\n|move|p1a: Moltres|Mystical Fire|p2a: Zapdos\n|-damage|p2a: Zapdos|59/100\n|-unboost|p2a: Zapdos|spa|1\n|\n|upkeep\n|turn|125\n|\n|t:|1771199277\n|switch|p2a: Alomomola|Alomomola, M|100/100 tox\n|move|p1a: Moltres|Mystical Fire|p2a: Alomomola\n|-resisted|p2a: Alomomola\n|-damage|p2a: Alomomola|85/100 tox\n|-unboost|p2a: Alomomola|spa|1\n|\n|-damage|p2a: Alomomola|79/100 tox|[from] psn\n|upkeep\n|turn|126\n|\n|t:|1771199282\n|move|p1a: Moltres|U-turn|p2a: Alomomola\n|-damage|p2a: Alomomola|70/100 tox\n|\n|t:|1771199284\n|switch|p1a: Steelix|Steelix-Mega, F|91/100|[from] U-turn\n|move|p2a: Alomomola|Flip Turn|p1a: Steelix\n|-supereffective|p1a: Steelix\n|-damage|p1a: Steelix|76/100\n|\n|t:|1771199300\n|switch|p2a: Ting-Lu|Ting-Lu|100/100|[from] Flip Turn\n|-ability|p2a: Ting-Lu|Vessel of Ruin\n|\n|upkeep\n|turn|127\n|\n|t:|1771199307\n|move|p2a: Ting-Lu|Ruination|p1a: Steelix\n|-damage|p1a: Steelix|38/100\n|move|p1a: Steelix|Stealth Rock|p2a: Ting-Lu\n|-sidestart|p2: jerseyiteMa|move: Stealth Rock\n|\n|upkeep\n|turn|128\n|\n|t:|1771199311\n|switch|p1a: Alomomola|Alomomola, F|99/100\n|move|p2a: Ting-Lu|Ruination|p1a: Alomomola\n|-damage|p1a: Alomomola|50/100\n|\n|upkeep\n|turn|129\n|\n|t:|1771199316\n|switch|p2a: Gholdengo|Gholdengo|100/100\n|move|p1a: Alomomola|Wish|p1a: Alomomola\n|\n|upkeep\n|turn|130\n|\n|t:|1771199324\n|switch|p1a: Steelix|Steelix-Mega, F|38/100\n|move|p2a: Gholdengo|Shadow Ball|p1a: Steelix\n|-damage|p1a: Steelix|5/100\n|\n|-heal|p1a: Steelix|80/100|[from] move: Wish|[wisher] Alomomola\n|upkeep\n|turn|131\n|c|☆jerseyiteMa|lord\n|\n|t:|1771199333\n|switch|p2a: Zapdos|Zapdos|59/100\n|switch|p1a: Moltres|Moltres|100/100\n|\n|upkeep\n|turn|132\n|\n|t:|1771199337\n|move|p2a: Zapdos|Roost|p2a: Zapdos\n|-heal|p2a: Zapdos|100/100\n|-singleturn|p2a: Zapdos|move: Roost\n|move|p1a: Moltres|Mystical Fire|p2a: Zapdos\n|-damage|p2a: Zapdos|69/100\n|-unboost|p2a: Zapdos|spa|1\n|\n|upkeep\n|turn|133\n|\n|t:|1771199341\n|move|p2a: Zapdos|Defog|p1a: Moltres\n|-unboost|p1a: Moltres|evasion|1\n|-sideend|p2: jerseyiteMa|Stealth Rock|[from] move: Defog|[of] p2a: Zapdos\n|move|p1a: Moltres|Mystical Fire|p2a: Zapdos\n|-damage|p2a: Zapdos|36/100\n|-unboost|p2a: Zapdos|spa|1\n|\n|upkeep\n|turn|134\n|c|☆des459yt|hope u didnt have any plans tonight\n|\n|t:|1771199356\n|switch|p2a: Alomomola|Alomomola, M|100/100 tox\n|move|p1a: Moltres|Mystical Fire|p2a: Alomomola\n|-resisted|p2a: Alomomola\n|-damage|p2a: Alomomola|87/100 tox\n|-unboost|p2a: Alomomola|spa|1\n|\n|-damage|p2a: Alomomola|80/100 tox|[from] psn\n|upkeep\n|turn|135\n|\n|t:|1771199366\n|move|p1a: Moltres|U-turn|p2a: Alomomola\n|-damage|p2a: Alomomola|72/100 tox\n|\n|t:|1771199369\n|switch|p1a: Steelix|Steelix-Mega, F|80/100|[from] U-turn\n|move|p2a: Alomomola|Flip Turn|p1a: Steelix\n|-supereffective|p1a: Steelix\n|-damage|p1a: Steelix|65/100\n|\n|t:|1771199379\n|switch|p2a: Ting-Lu|Ting-Lu|100/100|[from] Flip Turn\n|-ability|p2a: Ting-Lu|Vessel of Ruin\n|\n|upkeep\n|turn|136\n|\n|t:|1771199383\n|switch|p1a: Alomomola|Alomomola, F|84/100\n|move|p2a: Ting-Lu|Ruination|p1a: Alomomola\n|-damage|p1a: Alomomola|42/100\n|\n|upkeep\n|turn|137\n|\n|t:|1771199386\n|switch|p2a: Gholdengo|Gholdengo|100/100\n|move|p1a: Alomomola|Wish|p1a: Alomomola\n|\n|upkeep\n|turn|138\n|\n|t:|1771199396\n|switch|p1a: Steelix|Steelix-Mega, F|65/100\n|move|p2a: Gholdengo|Shadow Ball|p1a: Steelix\n|-damage|p1a: Steelix|34/100\n|\n|-heal|p1a: Steelix|100/100|[from] move: Wish|[wisher] Alomomola\n|upkeep\n|turn|139\n|\n|t:|1771199402\n|switch|p2a: Ting-Lu|Ting-Lu|100/100\n|-ability|p2a: Ting-Lu|Vessel of Ruin\n|move|p1a: Steelix|Stealth Rock|p2a: Ting-Lu\n|-sidestart|p2: jerseyiteMa|move: Stealth Rock\n|\n|upkeep\n|turn|140\n|\n|t:|1771199409\n|switch|p1a: Moltres|Moltres|100/100\n|move|p2a: Ting-Lu|Ruination|p1a: Moltres\n|-damage|p1a: Moltres|50/100\n|\n|upkeep\n|turn|141\n|\n|t:|1771199419\n|switch|p2a: Alomomola|Alomomola, M|100/100 tox\n|-damage|p2a: Alomomola|88/100 tox|[from] Stealth Rock\n|move|p1a: Moltres|Roost|p1a: Moltres\n|-heal|p1a: Moltres|100/100\n|-singleturn|p1a: Moltres|move: Roost\n|\n|-damage|p2a: Alomomola|82/100 tox|[from] psn\n|upkeep\n|turn|142\n|\n|t:|1771199425\n|move|p1a: Moltres|U-turn|p2a: Alomomola\n|-damage|p2a: Alomomola|73/100 tox\n|\n|t:|1771199427\n|switch|p1a: Steelix|Steelix-Mega, F|100/100|[from] U-turn\n|move|p2a: Alomomola|Toxic|p1a: Steelix|[miss]\n|-miss|p2a: Alomomola|p1a: Steelix\n|\n|-damage|p2a: Alomomola|61/100 tox|[from] psn\n|upkeep\n|turn|143\n|\n|t:|1771199433\n|move|p2a: Alomomola|Protect|p2a: Alomomola\n|-singleturn|p2a: Alomomola|Protect\n|move|p1a: Steelix|Roar|p2a: Alomomola\n|drag|p2a: Mawile|Mawile-Mega, F|59/100 brn\n|-damage|p2a: Mawile|53/100 brn|[from] Stealth Rock\n|\n|-damage|p2a: Mawile|47/100 brn|[from] brn\n|upkeep\n|turn|144\n|\n|t:|1771199442\n|switch|p2a: Zapdos|Zapdos|36/100\n|move|p1a: Steelix|High Horsepower|p2a: Zapdos\n|-immune|p2a: Zapdos\n|\n|upkeep\n|turn|145\n|\n|t:|1771199448\n|switch|p1a: Alomomola|Alomomola, F|75/100\n|move|p2a: Zapdos|Roost|p2a: Zapdos\n|-heal|p2a: Zapdos|86/100\n|-singleturn|p2a: Zapdos|move: Roost\n|\n|upkeep\n|turn|146\n|\n|t:|1771199452\n|move|p2a: Zapdos|Defog|p1a: Alomomola\n|-unboost|p1a: Alomomola|evasion|1\n|-sideend|p2: jerseyiteMa|Stealth Rock|[from] move: Defog|[of] p2a: Zapdos\n|move|p1a: Alomomola|Toxic|p2a: Zapdos\n|-status|p2a: Zapdos|tox\n|\n|-damage|p2a: Zapdos|80/100 tox|[from] psn\n|upkeep\n|turn|147\n|\n|t:|1771199458\n|switch|p1a: Steelix|Steelix-Mega, F|100/100\n|move|p2a: Zapdos|Volt Switch|p1a: Steelix\n|-immune|p1a: Steelix\n|\n|-damage|p2a: Zapdos|68/100 tox|[from] psn\n|upkeep\n|turn|148\n|\n|t:|1771199462\n|switch|p2a: Ting-Lu|Ting-Lu|100/100\n|-ability|p2a: Ting-Lu|Vessel of Ruin\n|move|p1a: Steelix|Stealth Rock|p2a: Ting-Lu\n|-sidestart|p2: jerseyiteMa|move: Stealth Rock\n|\n|upkeep\n|turn|149\n|\n|t:|1771199471\n|switch|p1a: Alomomola|Alomomola, F|100/100\n|move|p2a: Ting-Lu|Whirlwind|p1a: Alomomola\n|drag|p1a: Steelix|Steelix-Mega, F|100/100\n|\n|upkeep\n|turn|150\n|\n|t:|1771199476\n|switch|p2a: Zapdos|Zapdos|68/100 tox\n|switch|p1a: Alomomola|Alomomola, F|100/100\n|\n|-damage|p2a: Zapdos|62/100 tox|[from] psn\n|upkeep\n|turn|151\n|\n|t:|1771199483\n|switch|p1a: Steelix|Steelix-Mega, F|100/100\n|move|p2a: Zapdos|Volt Switch|p1a: Steelix\n|-immune|p1a: Steelix\n|\n|-damage|p2a: Zapdos|50/100 tox|[from] psn\n|upkeep\n|turn|152\n|\n|t:|1771199488\n|switch|p2a: Ting-Lu|Ting-Lu|100/100\n|-damage|p2a: Ting-Lu|94/100|[from] Stealth Rock\n|-ability|p2a: Ting-Lu|Vessel of Ruin\n|move|p1a: Steelix|High Horsepower|p2a: Ting-Lu\n|-damage|p2a: Ting-Lu|72/100\n|\n|-heal|p2a: Ting-Lu|78/100|[from] item: Leftovers\n|upkeep\n|turn|153\n|\n|t:|1771199495\n|switch|p1a: Alomomola|Alomomola, F|100/100\n|move|p2a: Ting-Lu|Earthquake|p1a: Alomomola\n|-damage|p1a: Alomomola|80/100\n|\n|-heal|p2a: Ting-Lu|84/100|[from] item: Leftovers\n|upkeep\n|turn|154\n|\n|t:|1771199505\n|switch|p2a: Gholdengo|Gholdengo|100/100\n|move|p1a: Alomomola|Flip Turn|p2a: Gholdengo\n|-crit|p2a: Gholdengo\n|-damage|p2a: Gholdengo|72/100\n|\n|t:|1771199507\n|switch|p1a: Steelix|Steelix-Mega, F|100/100|[from] Flip Turn\n|\n|upkeep\n|turn|155\n|\n|t:|1771199513\n|switch|p2a: Zapdos|Zapdos|50/100 tox\n|move|p1a: Steelix|High Horsepower|p2a: Zapdos\n|-immune|p2a: Zapdos\n|\n|-damage|p2a: Zapdos|44/100 tox|[from] psn\n|upkeep\n|turn|156\n|\n|t:|1771199517\n|move|p2a: Zapdos|Roost|p2a: Zapdos\n|-heal|p2a: Zapdos|94/100 tox\n|-singleturn|p2a: Zapdos|move: Roost\n|move|p1a: Steelix|High Horsepower|p2a: Zapdos\n|-supereffective|p2a: Zapdos\n|-damage|p2a: Zapdos|28/100 tox\n|-status|p1a: Steelix|par|[from] ability: Static|[of] p2a: Zapdos\n|\n|-damage|p2a: Zapdos|16/100 tox|[from] psn\n|upkeep\n|turn|157\n|\n|t:|1771199528\n|switch|p2a: Alomomola|Alomomola, M|94/100 tox\n|-damage|p2a: Alomomola|82/100 tox|[from] Stealth Rock\n|cant|p1a: Steelix|par\n|\n|-damage|p2a: Alomomola|76/100 tox|[from] psn\n|upkeep\n|turn|158\n|\n|t:|1771199534\n|move|p2a: Alomomola|Wish|p2a: Alomomola\n|move|p1a: Steelix|Roar|p2a: Alomomola\n|drag|p2a: Mawile|Mawile-Mega, F|47/100 brn\n|-damage|p2a: Mawile|41/100 brn|[from] Stealth Rock\n|\n|-damage|p2a: Mawile|35/100 brn|[from] brn\n|upkeep\n|turn|159\n|\n|t:|1771199541\n|switch|p2a: Ting-Lu|Ting-Lu|84/100\n|-damage|p2a: Ting-Lu|78/100|[from] Stealth Rock\n|-ability|p2a: Ting-Lu|Vessel of Ruin\n|move|p1a: Steelix|Gyro Ball|p2a: Ting-Lu\n|-damage|p2a: Ting-Lu|52/100\n|\n|-heal|p2a: Ting-Lu|98/100|[from] move: Wish|[wisher] Alomomola\n|-heal|p2a: Ting-Lu|100/100|[from] item: Leftovers\n|upkeep\n|turn|160\n|\n|t:|1771199551\n|switch|p1a: Alomomola|Alomomola, F|100/100\n|move|p2a: Ting-Lu|Earthquake|p1a: Alomomola\n|-damage|p1a: Alomomola|82/100\n|\n|upkeep\n|turn|161\n|\n|t:|1771199559\n|switch|p2a: Gholdengo|Gholdengo|72/100\n|move|p1a: Alomomola|Flip Turn|p2a: Gholdengo\n|-damage|p2a: Gholdengo|54/100\n|\n|t:|1771199561\n|switch|p1a: Steelix|Steelix-Mega, F|100/100 par|[from] Flip Turn\n|\n|upkeep\n|turn|162\n|\n|t:|1771199569\n|switch|p2a: Zapdos|Zapdos|16/100 tox\n|move|p1a: Steelix|Roar|p2a: Zapdos\n|drag|p2a: Gholdengo|Gholdengo|54/100\n|\n|upkeep\n|turn|163\n|\n|t:|1771199576\n|switch|p2a: Ting-Lu|Ting-Lu|100/100\n|-damage|p2a: Ting-Lu|94/100|[from] Stealth Rock\n|-ability|p2a: Ting-Lu|Vessel of Ruin\n|move|p1a: Steelix|High Horsepower|p2a: Ting-Lu\n|-damage|p2a: Ting-Lu|71/100\n|\n|-heal|p2a: Ting-Lu|77/100|[from] item: Leftovers\n|upkeep\n|turn|164\n|\n|t:|1771199585\n|switch|p1a: Alomomola|Alomomola, F|100/100\n|move|p2a: Ting-Lu|Ruination|p1a: Alomomola\n|-damage|p1a: Alomomola|50/100\n|\n|-heal|p2a: Ting-Lu|83/100|[from] item: Leftovers\n|upkeep\n|turn|165\n|\n|t:|1771199591\n|switch|p2a: Gholdengo|Gholdengo|54/100\n|move|p1a: Alomomola|Flip Turn|p2a: Gholdengo\n|-damage|p2a: Gholdengo|36/100\n|\n|t:|1771199595\n|switch|p1a: Moltres|Moltres|100/100|[from] Flip Turn\n|\n|upkeep\n|turn|166\n|\n|t:|1771199601\n|switch|p2a: Alomomola|Alomomola, M|100/100 tox\n|-damage|p2a: Alomomola|88/100 tox|[from] Stealth Rock\n|move|p1a: Moltres|U-turn|p2a: Alomomola\n|-damage|p2a: Alomomola|80/100 tox\n|\n|t:|1771199605\n|switch|p1a: Steelix|Steelix-Mega, F|100/100 par|[from] U-turn\n|\n|-damage|p2a: Alomomola|74/100 tox|[from] psn\n|upkeep\n|turn|167\n|\n|t:|1771199612\n|move|p2a: Alomomola|Wish|p2a: Alomomola\n|move|p1a: Steelix|Roar|p2a: Alomomola\n|drag|p2a: Ting-Lu|Ting-Lu|83/100\n|-damage|p2a: Ting-Lu|77/100|[from] Stealth Rock\n|-ability|p2a: Ting-Lu|Vessel of Ruin\n|\n|-heal|p2a: Ting-Lu|83/100|[from] item: Leftovers\n|upkeep\n|turn|168\n|\n|t:|1771199624\n|switch|p2a: Zapdos|Zapdos|16/100 tox\n|cant|p1a: Steelix|par\n|\n|-heal|p2a: Zapdos|78/100 tox|[from] move: Wish|[wisher] Alomomola\n|-damage|p2a: Zapdos|72/100 tox|[from] psn\n|upkeep\n|turn|169\n|c|☆des459yt|nooooooooo\n|c|☆des459yt|i went for gyro\n|\n|t:|1771199640\n|switch|p2a: Ting-Lu|Ting-Lu|83/100\n|-damage|p2a: Ting-Lu|77/100|[from] Stealth Rock\n|-ability|p2a: Ting-Lu|Vessel of Ruin\n|move|p1a: Steelix|Stealth Rock||[still]\n|-fail|p1a: Steelix\n|\n|-heal|p2a: Ting-Lu|83/100|[from] item: Leftovers\n|upkeep\n|turn|170\n|\n|t:|1771199651\n|switch|p1a: Alomomola|Alomomola, F|84/100\n|move|p2a: Ting-Lu|Ruination|p1a: Alomomola\n|-damage|p1a: Alomomola|42/100\n|\n|-heal|p2a: Ting-Lu|90/100|[from] item: Leftovers\n|upkeep\n|turn|171\n|\n|t:|1771199662\n|switch|p2a: Alomomola|Alomomola, M|100/100 tox\n|-damage|p2a: Alomomola|88/100 tox|[from] Stealth Rock\n|move|p1a: Alomomola|Flip Turn|p2a: Alomomola\n|-resisted|p2a: Alomomola\n|-crit|p2a: Alomomola\n|-damage|p2a: Alomomola|81/100 tox\n|\n|t:|1771199666\n|switch|p1a: Moltres|Moltres|100/100|[from] Flip Turn\n|\n|-damage|p2a: Alomomola|75/100 tox|[from] psn\n|upkeep\n|turn|172\n|\n|t:|1771199681\n|move|p1a: Moltres|U-turn|p2a: Alomomola\n|-damage|p2a: Alomomola|66/100 tox\n|\n|t:|1771199683\n|switch|p1a: Alomomola|Alomomola, F|76/100|[from] U-turn\n|move|p2a: Alomomola|Flip Turn|p1a: Alomomola\n|-resisted|p1a: Alomomola\n|-damage|p1a: Alomomola|71/100\n|\n|t:|1771199692\n|switch|p2a: Gholdengo|Gholdengo|36/100|[from] Flip Turn\n|\n|upkeep\n|turn|173\n|\n|t:|1771199700\n|switch|p1a: Steelix|Steelix-Mega, F|100/100 par\n|move|p2a: Gholdengo|Thunder|p1a: Steelix\n|-immune|p1a: Steelix\n|\n|upkeep\n|turn|174\n|\n|t:|1771199706\n|switch|p2a: Zapdos|Zapdos|72/100 tox\n|cant|p1a: Steelix|par\n|\n|-damage|p2a: Zapdos|66/100 tox|[from] psn\n|upkeep\n|turn|175\n|\n|t:|1771199713\n|switch|p2a: Ting-Lu|Ting-Lu|90/100\n|-damage|p2a: Ting-Lu|83/100|[from] Stealth Rock\n|-ability|p2a: Ting-Lu|Vessel of Ruin\n|cant|p1a: Steelix|par\n|\n|-heal|p2a: Ting-Lu|90/100|[from] item: Leftovers\n|upkeep\n|turn|176\n|\n|t:|1771199722\n|switch|p1a: Moltres|Moltres|100/100\n|move|p2a: Ting-Lu|Stealth Rock|p1a: Moltres\n|-sidestart|p1: des459yt|move: Stealth Rock\n|\n|-heal|p2a: Ting-Lu|96/100|[from] item: Leftovers\n|upkeep\n|turn|177\n|\n|t:|1771199728\n|switch|p2a: Alomomola|Alomomola, M|99/100 tox\n|-damage|p2a: Alomomola|87/100 tox|[from] Stealth Rock\n|move|p1a: Moltres|U-turn|p2a: Alomomola\n|-damage|p2a: Alomomola|79/100 tox\n|\n|t:|1771199733\n|switch|p1a: Alomomola|Alomomola, F|100/100|[from] U-turn\n|-damage|p1a: Alomomola|88/100|[from] Stealth Rock\n|\n|-damage|p2a: Alomomola|73/100 tox|[from] psn\n|upkeep\n|turn|178\n|\n|t:|1771199738\n|move|p1a: Alomomola|Flip Turn|p2a: Alomomola\n|-resisted|p2a: Alomomola\n|-damage|p2a: Alomomola|68/100 tox\n|\n|t:|1771199740\n|switch|p1a: Steelix|Steelix-Mega, F|100/100 par|[from] Flip Turn\n|-damage|p1a: Steelix|97/100 par|[from] Stealth Rock\n|move|p2a: Alomomola|Toxic||[still]\n|-fail|p2a: Alomomola\n|\n|-damage|p2a: Alomomola|55/100 tox|[from] psn\n|upkeep\n|turn|179\n|\n|t:|1771199748\n|move|p2a: Alomomola|Protect|p2a: Alomomola\n|-singleturn|p2a: Alomomola|Protect\n|move|p1a: Steelix|Gyro Ball|p2a: Alomomola\n|-activate|p2a: Alomomola|move: Protect\n|\n|-damage|p2a: Alomomola|37/100 tox|[from] psn\n|upkeep\n|turn|180\n|\n|t:|1771199755\n|switch|p2a: Ting-Lu|Ting-Lu|96/100\n|-damage|p2a: Ting-Lu|90/100|[from] Stealth Rock\n|-ability|p2a: Ting-Lu|Vessel of Ruin\n|switch|p1a: Alomomola|Alomomola, F|100/100\n|-damage|p1a: Alomomola|88/100|[from] Stealth Rock\n|\n|-heal|p2a: Ting-Lu|96/100|[from] item: Leftovers\n|upkeep\n|turn|181\n|\n|t:|1771199762\n|switch|p2a: Alomomola|Alomomola, M|70/100 tox\n|-damage|p2a: Alomomola|58/100 tox|[from] Stealth Rock\n|move|p1a: Alomomola|Flip Turn|p2a: Alomomola\n|-resisted|p2a: Alomomola\n|-damage|p2a: Alomomola|53/100 tox\n|\n|t:|1771199765\n|switch|p1a: Moltres|Moltres|100/100|[from] Flip Turn\n|\n|-damage|p2a: Alomomola|46/100 tox|[from] psn\n|upkeep\n|turn|182\n|\n|t:|1771199770\n|switch|p2a: Ting-Lu|Ting-Lu|96/100\n|-damage|p2a: Ting-Lu|90/100|[from] Stealth Rock\n|-ability|p2a: Ting-Lu|Vessel of Ruin\n|move|p1a: Moltres|U-turn|p2a: Ting-Lu\n|-supereffective|p2a: Ting-Lu\n|-damage|p2a: Ting-Lu|72/100\n|\n|t:|1771199772\n|switch|p1a: Alomomola|Alomomola, F|100/100|[from] U-turn\n|-damage|p1a: Alomomola|88/100|[from] Stealth Rock\n|\n|-heal|p2a: Ting-Lu|79/100|[from] item: Leftovers\n|upkeep\n|turn|183\n|\n|t:|1771199779\n|switch|p2a: Alomomola|Alomomola, M|80/100 tox\n|-damage|p2a: Alomomola|67/100 tox|[from] Stealth Rock\n|move|p1a: Alomomola|Flip Turn|p2a: Alomomola\n|-resisted|p2a: Alomomola\n|-damage|p2a: Alomomola|62/100 tox\n|\n|t:|1771199781\n|switch|p1a: Moltres|Moltres|100/100|[from] Flip Turn\n|\n|-damage|p2a: Alomomola|56/100 tox|[from] psn\n|upkeep\n|turn|184\n|\n|t:|1771199787\n|move|p1a: Moltres|U-turn|p2a: Alomomola\n|-damage|p2a: Alomomola|48/100 tox\n|\n|t:|1771199789\n|switch|p1a: Alomomola|Alomomola, F|100/100|[from] U-turn\n|-damage|p1a: Alomomola|88/100|[from] Stealth Rock\n|move|p2a: Alomomola|Toxic|p1a: Alomomola\n|-status|p1a: Alomomola|tox\n|\n|-damage|p1a: Alomomola|82/100 tox|[from] psn\n|-damage|p2a: Alomomola|36/100 tox|[from] psn\n|upkeep\n|turn|185\n|\n|t:|1771199796\n|switch|p2a: Zapdos|Zapdos|66/100 tox\n|move|p1a: Alomomola|Toxic|p2a: Zapdos\n|-fail|p2a: Zapdos|tox\n|\n|-damage|p2a: Zapdos|60/100 tox|[from] psn\n|-damage|p1a: Alomomola|70/100 tox|[from] psn\n|upkeep\n|turn|186\n|\n|t:|1771199800\n|switch|p1a: Moltres|Moltres|100/100\n|move|p2a: Zapdos|Roost|p2a: Zapdos\n|-heal|p2a: Zapdos|100/100 tox\n|-singleturn|p2a: Zapdos|move: Roost\n|\n|-damage|p2a: Zapdos|88/100 tox|[from] psn\n|upkeep\n|turn|187\n|\n|t:|1771199805\n|switch|p1a: Steelix|Steelix-Mega, F|97/100 par\n|-damage|p1a: Steelix|94/100 par|[from] Stealth Rock\n|move|p2a: Zapdos|Volt Switch|p1a: Steelix\n|-immune|p1a: Steelix\n|\n|-damage|p2a: Zapdos|70/100 tox|[from] psn\n|upkeep\n|turn|188\n|\n|t:|1771199812\n|switch|p2a: Ting-Lu|Ting-Lu|79/100\n|-damage|p2a: Ting-Lu|72/100|[from] Stealth Rock\n|-ability|p2a: Ting-Lu|Vessel of Ruin\n|switch|p1a: Moltres|Moltres|100/100\n|\n|-heal|p2a: Ting-Lu|79/100|[from] item: Leftovers\n|upkeep\n|turn|189\n|\n|t:|1771199822\n|switch|p2a: Mawile|Mawile-Mega, F|35/100 brn\n|-damage|p2a: Mawile|29/100 brn|[from] Stealth Rock\n|move|p1a: Moltres|U-turn|p2a: Mawile\n|-resisted|p2a: Mawile\n|-damage|p2a: Mawile|26/100 brn\n|\n|t:|1771199829\n|switch|p1a: Steelix|Steelix-Mega, F|94/100 par|[from] U-turn\n|-damage|p1a: Steelix|91/100 par|[from] Stealth Rock\n|\n|-damage|p2a: Mawile|20/100 brn|[from] brn\n|upkeep\n|turn|190\n|\n|t:|1771199834\n|switch|p2a: Ting-Lu|Ting-Lu|79/100\n|-damage|p2a: Ting-Lu|72/100|[from] Stealth Rock\n|-ability|p2a: Ting-Lu|Vessel of Ruin\n|move|p1a: Steelix|High Horsepower|p2a: Ting-Lu\n|-damage|p2a: Ting-Lu|50/100\n|\n|-heal|p2a: Ting-Lu|56/100|[from] item: Leftovers\n|upkeep\n|turn|191\n|\n|t:|1771199841\n|switch|p1a: Alomomola|Alomomola, F|100/100 tox\n|-damage|p1a: Alomomola|88/100 tox|[from] Stealth Rock\n|move|p2a: Ting-Lu|Ruination|p1a: Alomomola\n|-damage|p1a: Alomomola|44/100 tox\n|\n|-heal|p2a: Ting-Lu|62/100|[from] item: Leftovers\n|-damage|p1a: Alomomola|38/100 tox|[from] psn\n|upkeep\n|turn|192\n|\n|t:|1771199848\n|move|p1a: Alomomola|Flip Turn|p2a: Ting-Lu\n|-supereffective|p2a: Ting-Lu\n|-damage|p2a: Ting-Lu|43/100\n|\n|t:|1771199850\n|switch|p1a: Moltres|Moltres|100/100|[from] Flip Turn\n|move|p2a: Ting-Lu|Earthquake|p1a: Moltres\n|-immune|p1a: Moltres\n|\n|-heal|p2a: Ting-Lu|50/100|[from] item: Leftovers\n|upkeep\n|turn|193\n|\n|t:|1771199854\n|switch|p2a: Alomomola|Alomomola, M|69/100 tox\n|-damage|p2a: Alomomola|56/100 tox|[from] Stealth Rock\n|move|p1a: Moltres|Mystical Fire|p2a: Alomomola\n|-resisted|p2a: Alomomola\n|-damage|p2a: Alomomola|42/100 tox\n|-unboost|p2a: Alomomola|spa|1\n|\n|-damage|p2a: Alomomola|36/100 tox|[from] psn\n|upkeep\n|turn|194\n|\n|t:|1771199860\n|move|p1a: Moltres|U-turn|p2a: Alomomola\n|-damage|p2a: Alomomola|27/100 tox\n|\n|t:|1771199865\n|switch|p1a: Steelix|Steelix-Mega, F|91/100 par|[from] U-turn\n|-damage|p1a: Steelix|88/100 par|[from] Stealth Rock\n|move|p2a: Alomomola|Flip Turn|p1a: Steelix\n|-supereffective|p1a: Steelix\n|-damage|p1a: Steelix|73/100 par\n|\n|t:|1771199878\n|switch|p2a: Gholdengo|Gholdengo|36/100|[from] Flip Turn\n|\n|upkeep\n|turn|195\n|\n|t:|1771199881\n|switch|p2a: Zapdos|Zapdos|70/100 tox\n|move|p1a: Steelix|High Horsepower|p2a: Zapdos\n|-immune|p2a: Zapdos\n|\n|-damage|p2a: Zapdos|64/100 tox|[from] psn\n|upkeep\n|turn|196\n|inactive|jerseyiteMa has 120 seconds left.\n|\n|t:|1771199939\n|switch|p2a: Alomomola|Alomomola, M|60/100 tox\n|-damage|p2a: Alomomola|47/100 tox|[from] Stealth Rock\n|switch|p1a: Moltres|Moltres|100/100\n|\n|-damage|p2a: Alomomola|41/100 tox|[from] psn\n|upkeep\n|turn|197\n|inactive|jerseyiteMa has 90 seconds left.\n|\n|t:|1771199952\n|move|p1a: Moltres|U-turn|p2a: Alomomola\n|-damage|p2a: Alomomola|32/100 tox\n|\n|t:|1771199955\n|switch|p1a: Steelix|Steelix-Mega, F|73/100 par|[from] U-turn\n|-damage|p1a: Steelix|70/100 par|[from] Stealth Rock\n|move|p2a: Alomomola|Toxic||[still]\n|-fail|p2a: Alomomola\n|\n|-damage|p2a: Alomomola|20/100 tox|[from] psn\n|upkeep\n|turn|198\n|\n|t:|1771199960\n|switch|p1a: Alomomola|Alomomola, F|71/100 tox\n|-damage|p1a: Alomomola|59/100 tox|[from] Stealth Rock\n|move|p2a: Alomomola|Flip Turn|p1a: Alomomola\n|-resisted|p1a: Alomomola\n|-damage|p1a: Alomomola|55/100 tox\n|\n|t:|1771199964\n|switch|p2a: Gholdengo|Gholdengo|36/100|[from] Flip Turn\n|\n|-damage|p1a: Alomomola|48/100 tox|[from] psn\n|upkeep\n|turn|199\n|\n|t:|1771199975\n|switch|p1a: Moltres|Moltres|100/100\n|move|p2a: Gholdengo|Shadow Ball|p1a: Moltres\n|-damage|p1a: Moltres|70/100\n|-unboost|p1a: Moltres|spd|1\n|\n|upkeep\n|turn|200\n|\n|t:|1771199982\n|move|p2a: Gholdengo|Shadow Ball|p1a: Moltres\n|-damage|p1a: Moltres|24/100\n|move|p1a: Moltres|Mystical Fire|p2a: Gholdengo\n|-supereffective|p2a: Gholdengo\n|-damage|p2a: Gholdengo|0 fnt\n|faint|p2a: Gholdengo\n|\n|upkeep\n|c|☆jerseyiteMa|oh\n|inactive|jerseyiteMa has 90 seconds left.\n|c|☆des459yt|spd moltres baby\n|c|☆jerseyiteMa|huh that might b gg lowk\n|c|☆jerseyiteMa|deadass didnt think you wouldve risked the thunder\n|\n|t:|1771200011\n|switch|p2a: Zapdos|Zapdos|64/100 tox\n|turn|201\n|c|☆des459yt|i needed to\n|c|☆des459yt|i want this match to end\n|\n|t:|1771200031\n|switch|p1a: Alomomola|Alomomola, F|82/100 tox\n|-damage|p1a: Alomomola|69/100 tox|[from] Stealth Rock\n|move|p2a: Zapdos|Hurricane|p1a: Alomomola|[miss]\n|-miss|p2a: Zapdos|p1a: Alomomola\n|\n|-damage|p2a: Zapdos|58/100 tox|[from] psn\n|-damage|p1a: Alomomola|63/100 tox|[from] psn\n|upkeep\n|turn|202\n|\n|t:|1771200034\n|move|p2a: Zapdos|Volt Switch|p1a: Alomomola\n|-supereffective|p1a: Alomomola\n|-damage|p1a: Alomomola|0 fnt\n|faint|p1a: Alomomola\n|\n|t:|1771200040\n|switch|p2a: Ting-Lu|Ting-Lu|50/100|[from] Volt Switch\n|-damage|p2a: Ting-Lu|43/100|[from] Stealth Rock\n|-ability|p2a: Ting-Lu|Vessel of Ruin\n|\n|-heal|p2a: Ting-Lu|50/100|[from] item: Leftovers\n|upkeep\n|c|☆des459yt|ahh shit didnt think that would kill\n|\n|t:|1771200055\n|switch|p1a: Moltres|Moltres|24/100\n|turn|203\n|\n|t:|1771200066\n|switch|p2a: Alomomola|Alomomola, M|53/100 tox\n|-damage|p2a: Alomomola|40/100 tox|[from] Stealth Rock\n|move|p1a: Moltres|Roost|p1a: Moltres\n|-heal|p1a: Moltres|74/100\n|-singleturn|p1a: Moltres|move: Roost\n|\n|-damage|p2a: Alomomola|34/100 tox|[from] psn\n|upkeep\n|turn|204\n|\n|t:|1771200071\n|move|p1a: Moltres|Mystical Fire|p2a: Alomomola\n|-resisted|p2a: Alomomola\n|-damage|p2a: Alomomola|21/100 tox\n|-unboost|p2a: Alomomola|spa|1\n|move|p2a: Alomomola|Wish|p2a: Alomomola\n|\n|-damage|p2a: Alomomola|9/100 tox|[from] psn\n|upkeep\n|turn|205\n|\n|t:|1771200075\n|switch|p2a: Ting-Lu|Ting-Lu|50/100\n|-damage|p2a: Ting-Lu|43/100|[from] Stealth Rock\n|-ability|p2a: Ting-Lu|Vessel of Ruin\n|move|p1a: Moltres|U-turn|p2a: Ting-Lu\n|-supereffective|p2a: Ting-Lu\n|-damage|p2a: Ting-Lu|27/100\n|\n|t:|1771200077\n|switch|p1a: Steelix|Steelix-Mega, F|70/100 par|[from] U-turn\n|-damage|p1a: Steelix|67/100 par|[from] Stealth Rock\n|\n|-heal|p2a: Ting-Lu|73/100|[from] move: Wish|[wisher] Alomomola\n|-heal|p2a: Ting-Lu|79/100|[from] item: Leftovers\n|upkeep\n|turn|206\n|\n|t:|1771200086\n|switch|p1a: Moltres|Moltres|74/100\n|move|p2a: Ting-Lu|Ruination|p1a: Moltres\n|-damage|p1a: Moltres|37/100\n|\n|-heal|p2a: Ting-Lu|85/100|[from] item: Leftovers\n|upkeep\n|turn|207\n|\n|t:|1771200092\n|switch|p2a: Zapdos|Zapdos|58/100 tox\n|move|p1a: Moltres|Mystical Fire|p2a: Zapdos\n|-damage|p2a: Zapdos|28/100 tox\n|-unboost|p2a: Zapdos|spa|1\n|\n|-damage|p2a: Zapdos|22/100 tox|[from] psn\n|upkeep\n|turn|208\n|\n|t:|1771200097\n|switch|p1a: Steelix|Steelix-Mega, F|67/100 par\n|-damage|p1a: Steelix|63/100 par|[from] Stealth Rock\n|move|p2a: Zapdos|Volt Switch|p1a: Steelix\n|-immune|p1a: Steelix\n|\n|-damage|p2a: Zapdos|10/100 tox|[from] psn\n|upkeep\n|turn|209\n|\n|t:|1771200106\n|switch|p2a: Mawile|Mawile-Mega, F|20/100 brn\n|-damage|p2a: Mawile|14/100 brn|[from] Stealth Rock\n|move|p1a: Steelix|High Horsepower|p2a: Mawile\n|-supereffective|p2a: Mawile\n|-damage|p2a: Mawile|0 fnt\n|faint|p2a: Mawile\n|detailschange|p2: Mawile|Mawile, F|[silent]\n|\n|upkeep\n|\n|t:|1771200113\n|switch|p2a: Ting-Lu|Ting-Lu|85/100\n|-damage|p2a: Ting-Lu|79/100|[from] Stealth Rock\n|-ability|p2a: Ting-Lu|Vessel of Ruin\n|turn|210\n|\n|t:|1771200116\n|switch|p2a: Zapdos|Zapdos|10/100 tox\n|switch|p1a: Moltres|Moltres|37/100\n|\n|-damage|p2a: Zapdos|4/100 tox|[from] psn\n|upkeep\n|turn|211\n|\n|t:|1771200127\n|move|p2a: Zapdos|Roost|p2a: Zapdos\n|-heal|p2a: Zapdos|54/100 tox\n|-singleturn|p2a: Zapdos|move: Roost\n|move|p1a: Moltres|Roost|p1a: Moltres\n|-heal|p1a: Moltres|87/100\n|-singleturn|p1a: Moltres|move: Roost\n|\n|-damage|p2a: Zapdos|42/100 tox|[from] psn\n|upkeep\n|turn|212\n|\n|t:|1771200135\n|switch|p2a: Alomomola|Alomomola, M|42/100 tox\n|-damage|p2a: Alomomola|30/100 tox|[from] Stealth Rock\n|move|p1a: Moltres|Mystical Fire|p2a: Alomomola\n|-resisted|p2a: Alomomola\n|-damage|p2a: Alomomola|16/100 tox\n|-unboost|p2a: Alomomola|spa|1\n|\n|-damage|p2a: Alomomola|10/100 tox|[from] psn\n|upkeep\n|turn|213\n|inactive|jerseyiteMa has 60 seconds left.\n|\n|t:|1771200142\n|switch|p2a: Ting-Lu|Ting-Lu|79/100\n|-damage|p2a: Ting-Lu|73/100|[from] Stealth Rock\n|-ability|p2a: Ting-Lu|Vessel of Ruin\n|move|p1a: Moltres|U-turn|p2a: Ting-Lu\n|-supereffective|p2a: Ting-Lu\n|-damage|p2a: Ting-Lu|55/100\n|\n|t:|1771200144\n|switch|p1a: Steelix|Steelix-Mega, F|63/100 par|[from] U-turn\n|-damage|p1a: Steelix|60/100 par|[from] Stealth Rock\n|\n|-heal|p2a: Ting-Lu|61/100|[from] item: Leftovers\n|upkeep\n|turn|214\n|inactive|jerseyiteMa has 60 seconds left.\n|\n|t:|1771200151\n|switch|p1a: Moltres|Moltres|87/100\n|move|p2a: Ting-Lu|Ruination|p1a: Moltres\n|-damage|p1a: Moltres|44/100\n|\n|-heal|p2a: Ting-Lu|68/100|[from] item: Leftovers\n|upkeep\n|turn|215\n|inactive|jerseyiteMa has 60 seconds left.\n|\n|t:|1771200162\n|switch|p2a: Alomomola|Alomomola, M|43/100 tox\n|-damage|p2a: Alomomola|31/100 tox|[from] Stealth Rock\n|move|p1a: Moltres|U-turn|p2a: Alomomola\n|-damage|p2a: Alomomola|22/100 tox\n|\n|t:|1771200169\n|switch|p1a: Steelix|Steelix-Mega, F|60/100 par|[from] U-turn\n|-damage|p1a: Steelix|57/100 par|[from] Stealth Rock\n|\n|-damage|p2a: Alomomola|16/100 tox|[from] psn\n|upkeep\n|turn|216\n|\n|t:|1771200173\n|move|p2a: Alomomola|Flip Turn|p1a: Steelix\n|-supereffective|p1a: Steelix\n|-damage|p1a: Steelix|42/100 par\n|\n|t:|1771200177\n|switch|p2a: Zapdos|Zapdos|42/100 tox|[from] Flip Turn\n|move|p1a: Steelix|Roar|p2a: Zapdos\n|drag|p2a: Buzzwole|Buzzwole|14/100\n|-damage|p2a: Buzzwole|1/100|[from] Stealth Rock\n|\n|upkeep\n|turn|217\n|\n|t:|1771200189\n|switch|p1a: Moltres|Moltres|44/100\n|move|p2a: Buzzwole|Close Combat|p1a: Moltres\n|-resisted|p1a: Moltres\n|-damage|p1a: Moltres|11/100\n|-unboost|p2a: Buzzwole|def|1\n|-unboost|p2a: Buzzwole|spd|1\n|-status|p2a: Buzzwole|brn|[from] ability: Flame Body|[of] p1a: Moltres\n|\n|-damage|p2a: Buzzwole|0 fnt|[from] brn\n|faint|p2a: Buzzwole\n|upkeep\n|\n|t:|1771200198\n|switch|p2a: Zapdos|Zapdos|42/100 tox\n|turn|218\n|\n|t:|1771200202\n|switch|p1a: Steelix|Steelix-Mega, F|42/100 par\n|-damage|p1a: Steelix|39/100 par|[from] Stealth Rock\n|move|p2a: Zapdos|Volt Switch|p1a: Steelix\n|-immune|p1a: Steelix\n|\n|-damage|p2a: Zapdos|36/100 tox|[from] psn\n|upkeep\n|turn|219\n|c|☆jerseyiteMa|oh man\n|c|☆jerseyiteMa|i wouldve won w out the proc\n|inactive|jerseyiteMa has 60 seconds left.\n|c|☆des459yt|wish i didnt sack mola\n|c|☆des459yt|but im falling asleep\n|\n|t:|1771200231\n|switch|p1a: Moltres|Moltres|11/100\n|move|p2a: Zapdos|Roost|p2a: Zapdos\n|-heal|p2a: Zapdos|86/100 tox\n|-singleturn|p2a: Zapdos|move: Roost\n|\n|-damage|p2a: Zapdos|74/100 tox|[from] psn\n|upkeep\n|turn|220\n|c|☆jerseyiteMa|what time zone r u in\n|inactive|jerseyiteMa has 60 seconds left.\n|inactive|des459yt has 120 seconds left.\n|c|☆des459yt|eastern\n|\n|t:|1771200251\n|switch|p2a: Alomomola|Alomomola, M|49/100 tox\n|-damage|p2a: Alomomola|36/100 tox|[from] Stealth Rock\n|switch|p1a: Steelix|Steelix-Mega, F|39/100 par\n|-damage|p1a: Steelix|36/100 par|[from] Stealth Rock\n|\n|-damage|p2a: Alomomola|30/100 tox|[from] psn\n|upkeep\n|turn|221\n|\n|t:|1771200256\n|move|p2a: Alomomola|Flip Turn|p1a: Steelix\n|-supereffective|p1a: Steelix\n|-damage|p1a: Steelix|22/100 par\n|\n|t:|1771200259\n|switch|p2a: Ting-Lu|Ting-Lu|68/100|[from] Flip Turn\n|-damage|p2a: Ting-Lu|61/100|[from] Stealth Rock\n|-ability|p2a: Ting-Lu|Vessel of Ruin\n|move|p1a: Steelix|High Horsepower|p2a: Ting-Lu\n|-damage|p2a: Ting-Lu|40/100\n|\n|-heal|p2a: Ting-Lu|46/100|[from] item: Leftovers\n|upkeep\n|turn|222\n|inactive|jerseyiteMa has 60 seconds left.\n|\n|t:|1771200267\n|switch|p2a: Zapdos|Zapdos|74/100 tox\n|switch|p1a: Moltres|Moltres|11/100\n|\n|-damage|p2a: Zapdos|68/100 tox|[from] psn\n|upkeep\n|turn|223\n|inactive|des459yt has 120 seconds left.\n|inactive|jerseyiteMa has 60 seconds left.\n|c|☆des459yt|yay i lost\n|c|☆des459yt|ggs\n|c|☆jerseyiteMa|its not over im a really bad seller but gg\n|\n|t:|1771200291\n|switch|p1a: Steelix|Steelix-Mega, F|22/100 par\n|-damage|p1a: Steelix|19/100 par|[from] Stealth Rock\n|move|p2a: Zapdos|Volt Switch|p1a: Steelix\n|-immune|p1a: Steelix\n|\n|-damage|p2a: Zapdos|56/100 tox|[from] psn\n|upkeep\n|turn|224\n|c|☆des459yt|steelix literally bout to die\n|\n|t:|1771200310\n|move|p2a: Zapdos|Volt Switch|p1a: Steelix\n|-immune|p1a: Steelix\n|move|p1a: Steelix|High Horsepower|p2a: Zapdos\n|-immune|p2a: Zapdos\n|\n|-damage|p2a: Zapdos|38/100 tox|[from] psn\n|upkeep\n|turn|225\n|\n|t:|1771200319\n|switch|p2a: Alomomola|Alomomola, M|64/100 tox\n|-damage|p2a: Alomomola|51/100 tox|[from] Stealth Rock\n|cant|p1a: Steelix|par\n|\n|-damage|p2a: Alomomola|45/100 tox|[from] psn\n|upkeep\n|turn|226\n|\n|t:|1771200323\n|move|p2a: Alomomola|Flip Turn|p1a: Steelix\n|-supereffective|p1a: Steelix\n|-damage|p1a: Steelix|3/100 par\n|\n|t:|1771200326\n|switch|p2a: Ting-Lu|Ting-Lu|46/100|[from] Flip Turn\n|-damage|p2a: Ting-Lu|40/100|[from] Stealth Rock\n|-ability|p2a: Ting-Lu|Vessel of Ruin\n|move|p1a: Steelix|Roar|p2a: Ting-Lu\n|drag|p2a: Alomomola|Alomomola, M|78/100 tox\n|-damage|p2a: Alomomola|66/100 tox|[from] Stealth Rock\n|\n|-damage|p2a: Alomomola|59/100 tox|[from] psn\n|upkeep\n|turn|227\n|\n|t:|1771200329\n|move|p2a: Alomomola|Flip Turn|p1a: Steelix\n|-supereffective|p1a: Steelix\n|-crit|p1a: Steelix\n|-damage|p1a: Steelix|0 fnt\n|faint|p1a: Steelix\n|detailschange|p1: Steelix|Steelix, F|[silent]\n|\n|t:|1771200332\n|switch|p2a: Zapdos|Zapdos|38/100 tox|[from] Flip Turn\n|\n|-damage|p2a: Zapdos|32/100 tox|[from] psn\n|upkeep\n|-message|des459yt forfeited.\n|\n|win|jerseyiteMa\n|raw|des459yt's rating: 1613 &rarr; <strong>1590</strong><br />(-23 for losing)\n|raw|jerseyiteMa's rating: 1553 &rarr; <strong>1576</strong><br />(+23 for winning)\n|c|☆jerseyiteMa|okay gg\n|c|☆jerseyiteMa|wp man\n|c|☆des459yt|u 2\n|c|☆des459yt|gl on nexr\n|c|☆jerseyiteMa|u too\n|l|☆des459yt\n|player|p1|\n|l|☆jerseyiteMa\n|player|p2|\n", "uploadtime": 1771200529, "views": 7, "formatid": "gen9nationaldex", "rating": 1576, "private": 0, "password": null}