{"id": "gen9nationaldex-2540334038", "format": "[Gen 9] National Dex", "players": ["Newlucas393", "dicolibri"], "log": "|badge|p1|bronze|gen9uu|100-8\n|uhtml|medal-msg|<div class=\"broadcast-blue\">Curious what those medals under the avatar are? PS now has Ladder Seasons! For more information, check out the <a href=\"https://www.smogon.com/forums/threads/3740067/\">thread on Smogon.</a></div>\n|j|☆Newlucas393\n|j|☆dicolibri\n|t:|1771189901\n|gametype|singles\n|player|p1|Newlucas393|zinnia|1729\n|player|p2|dicolibri|hiker|1700\n|gen|9\n|tier|[Gen 9] National Dex\n|rated|\n|rule|HP Percentage Mod: HP is shown in percentages\n|rule|Endless Battle Clause: Forcing endless battles is banned\n|rule|Species Clause: Limit one of each Pokémon\n|rule|OHKO Clause: OHKO moves are banned\n|rule|Evasion Clause: Evasion abilities, items, and moves are banned\n|rule|Evasion Abilities Clause: Evasion abilities are banned\n|rule|Evasion Items Clause: Evasion items are banned\n|rule|Evasion Moves Clause: Evasion moves are banned\n|rule|Sleep Clause Mod: Limit one foe put to sleep\n|rule|Terastal Clause: You cannot Terastallize\n|clearpoke\n|poke|p1|Lopunny, M|\n|poke|p1|Zapdos|\n|poke|p1|Ting-Lu|\n|poke|p1|Alomomola, M|\n|poke|p1|Kartana|\n|poke|p1|Volcarona, M|\n|poke|p2|Torkoal, F|\n|poke|p2|Slowbro, F|\n|poke|p2|Ursaluna, M|\n|poke|p2|Victini|\n|poke|p2|Exeggutor-Alola, F|\n|poke|p2|Hoopa-Unbound|\n|teampreview\n|inactive|Battle timer is ON: inactive players will automatically lose when time's up. (requested by dicolibri)\n|\n|t:|1771189914\n|teamsize|p1|6\n|teamsize|p2|6\n|start\n|switch|p1a: Lopunny|Lopunny, M|100/100\n|switch|p2a: Torkoal|Torkoal, F|100/100\n|-weather|SunnyDay|[from] ability: Drought|[of] p2a: Torkoal\n|turn|1\n|\n|t:|1771189918\n|detailschange|p1a: Lopunny|Lopunny-Mega, M\n|-mega|p1a: Lopunny|Lopunny|Lopunnite\n|move|p1a: Lopunny|Fake Out|p2a: Torkoal\n|-damage|p2a: Torkoal|89/100\n|cant|p2a: Torkoal|flinch\n|\n|-weather|SunnyDay|[upkeep]\n|upkeep\n|turn|2\n|\n|t:|1771189926\n|switch|p1a: Alomomola|Alomomola, M|100/100\n|move|p2a: Torkoal|Stealth Rock|p1a: Alomomola\n|-sidestart|p1: Newlucas393|move: Stealth Rock\n|\n|-weather|SunnyDay|[upkeep]\n|upkeep\n|turn|3\n|\n|t:|1771189945\n|switch|p2a: Exeggutor|Exeggutor-Alola, F|100/100\n|-item|p1a: Alomomola|Heavy-Duty Boots|[from] ability: Frisk|[of] p2a: Exeggutor\n|move|p1a: Alomomola|Toxic|p2a: Exeggutor\n|-status|p2a: Exeggutor|tox\n|\n|-weather|SunnyDay|[upkeep]\n|-damage|p2a: Exeggutor|94/100 tox|[from] psn\n|upkeep\n|turn|4\n|\n|t:|1771189958\n|move|p1a: Alomomola|Protect|p1a: Alomomola\n|-singleturn|p1a: Alomomola|Protect\n|move|p2a: Exeggutor|Trick Room|p2a: Exeggutor\n|-fieldstart|move: Trick Room|[of] p2a: Exeggutor\n|\n|-weather|SunnyDay|[upkeep]\n|-damage|p2a: Exeggutor|82/100 tox|[from] psn\n|upkeep\n|turn|5\n|\n|t:|1771189972\n|switch|p2a: Ursaluna|Ursaluna, M|100/100\n|switch|p1a: Zapdos|Zapdos|100/100\n|\n|-weather|SunnyDay|[upkeep]\n|-status|p2a: Ursaluna|brn|[from] item: Flame Orb\n|upkeep\n|turn|6\n|\n|t:|1771189994\n|move|p2a: Ursaluna|Facade|p1a: Zapdos\n|-damage|p1a: Zapdos|6/100\n|move|p1a: Zapdos|Hurricane|p2a: Ursaluna|[miss]\n|-miss|p1a: Zapdos|p2a: Ursaluna\n|\n|-weather|SunnyDay|[upkeep]\n|-damage|p2a: Ursaluna|94/100 brn|[from] brn\n|upkeep\n|turn|7\n|\n|t:|1771190003\n|move|p2a: Ursaluna|Facade|p1a: Zapdos\n|-damage|p1a: Zapdos|0 fnt\n|faint|p1a: Zapdos\n|\n|-weather|SunnyDay|[upkeep]\n|-damage|p2a: Ursaluna|88/100 brn|[from] brn\n|upkeep\n|\n|t:|1771190014\n|switch|p1a: Lopunny|Lopunny-Mega, M|100/100\n|-damage|p1a: Lopunny|95/100|[from] Stealth Rock\n|turn|8\n|\n|t:|1771190019\n|switch|p2a: Slowbro|Slowbro, F|100/100\n|move|p1a: Lopunny|Fake Out|p2a: Slowbro\n|-damage|p2a: Slowbro|84/100\n|\n|-weather|none\n|-fieldend|move: Trick Room\n|upkeep\n|turn|9\n|\n|t:|1771190024\n|move|p1a: Lopunny|U-turn|p2a: Slowbro\n|-supereffective|p2a: Slowbro\n|-damage|p2a: Slowbro|45/100\n|\n|t:|1771190028\n|switch|p1a: Kartana|Kartana|100/100|[from] U-turn\n|-damage|p1a: Kartana|94/100|[from] Stealth Rock\n|move|p2a: Slowbro|Trick Room|p2a: Slowbro\n|-fieldstart|move: Trick Room|[of] p2a: Slowbro\n|\n|upkeep\n|turn|10\n|\n|t:|1771190035\n|move|p2a: Slowbro|Flamethrower|p1a: Kartana\n|-supereffective|p1a: Kartana\n|-damage|p1a: Kartana|0 fnt\n|faint|p1a: Kartana\n|\n|upkeep\n|j| cashbandicook\n|l| cashbandicook\n|\n|t:|1771190054\n|switch|p1a: Lopunny|Lopunny-Mega, M|95/100\n|-damage|p1a: Lopunny|89/100|[from] Stealth Rock\n|turn|11\n|\n|t:|1771190077\n|move|p1a: Lopunny|Fake Out|p2a: Slowbro\n|-damage|p2a: Slowbro|28/100\n|cant|p2a: Slowbro|flinch\n|\n|upkeep\n|turn|12\n|\n|t:|1771190081\n|move|p2a: Slowbro|Psychic|p1a: Lopunny\n|-supereffective|p1a: Lopunny\n|-damage|p1a: Lopunny|0 fnt\n|faint|p1a: Lopunny\n|detailschange|p1: Lopunny|Lopunny, M|[silent]\n|\n|upkeep\n|\n|t:|1771190094\n|switch|p1a: Volcarona|Volcarona, M|100/100\n|turn|13\n|\n|t:|1771190101\n|detailschange|p2a: Slowbro|Slowbro-Mega, F\n|-mega|p2a: Slowbro|Slowbro|Slowbronite\n|move|p2a: Slowbro|Surf|p1a: Volcarona\n|-supereffective|p1a: Volcarona\n|-damage|p1a: Volcarona|0 fnt\n|faint|p1a: Volcarona\n|\n|-fieldend|move: Trick Room\n|upkeep\n|-message|Newlucas393 forfeited.\n|\n|win|dicolibri\n|raw|Newlucas393's rating: 1729 &rarr; <strong>1707</strong><br />(-22 for losing)\n|raw|dicolibri's rating: 1700 &rarr; <strong>1722</strong><br />(+22 for winning)\n|l|☆Newlucas393\n|player|p1|\n|l|☆dicolibri\n|player|p2|\n", "uploadtime": 1771190317, "views": 8, "formatid": "gen9nationaldex", "rating": 1707, "private": 0, "password": null}