{"id": "gen9nationaldex-2540738696", "format": "[Gen 9] National Dex", "players": ["Oddalex", "n!ce ct"], "log": "|j|‽Oddalex\n|j|☆n!ce ct\n|t:|1771248097\n|gametype|singles\n|player|p1|Oddalex|102|1626\n|player|p2|n!ce ct|emma-lza|1608\n|gen|9\n|tier|[Gen 9] National Dex\n|rated|\n|rule|HP Percentage Mod: HP is shown in percentages\n|rule|Endless Battle Clause: Forcing endless battles is banned\n|rule|Species Clause: Limit one of each Pokémon\n|rule|OHKO Clause: OHKO moves are banned\n|rule|Evasion Clause: Evasion abilities, items, and moves are banned\n|rule|Evasion Abilities Clause: Evasion abilities are banned\n|rule|Evasion Items Clause: Evasion items are banned\n|rule|Evasion Moves Clause: Evasion moves are banned\n|rule|Sleep Clause Mod: Limit one foe put to sleep\n|rule|Terastal Clause: You cannot Terastallize\n|clearpoke\n|poke|p1|Mawile, F|\n|poke|p1|Tapu Koko|\n|poke|p1|Iron Valiant|\n|poke|p1|Slowbro, M|\n|poke|p1|Ting-Lu|\n|poke|p1|Tornadus-Therian, M|\n|poke|p2|Tapu Fini|\n|poke|p2|Slowbro-Galar, F|\n|poke|p2|Zapdos|\n|poke|p2|Ting-Lu|\n|poke|p2|Zamazenta-*|\n|poke|p2|Victini|\n|teampreview\n|\n|t:|1771248127\n|teamsize|p1|6\n|teamsize|p2|6\n|start\n|switch|p1a: Mawile|Mawile, F|100/100\n|switch|p2a: Victini|Victini|100/100\n|-ability|p1a: Mawile|Intimidate|boost\n|-unboost|p2a: Victini|atk|1\n|turn|1\n|\n|t:|1771248143\n|switch|p2a: Zapdos|Zapdos|100/100\n|switch|p1a: Slowbro|Slowbro, M|100/100\n|\n|upkeep\n|turn|2\n|\n|t:|1771248155\n|switch|p2a: Tapu Fini|Tapu Fini|100/100\n|-fieldstart|move: Misty Terrain|[from] ability: Misty Surge|[of] p2a: Tapu Fini\n|switch|p1a: Ting-Lu|Ting-Lu|100/100\n|-ability|p1a: Ting-Lu|Vessel of Ruin\n|\n|upkeep\n|turn|3\n|\n|t:|1771248167\n|switch|p1a: Tapu Koko|Tapu Koko, shiny|100/100\n|-fieldstart|move: Electric Terrain|[from] ability: Electric Surge|[of] p1a: Tapu Koko\n|move|p2a: Tapu Fini|Calm Mind|p2a: Tapu Fini\n|-boost|p2a: Tapu Fini|spa|1\n|-boost|p2a: Tapu Fini|spd|1\n|\n|upkeep\n|turn|4\n|\n|t:|1771248175\n|move|p1a: Tapu Koko|Thunderbolt|p2a: Tapu Fini\n|-supereffective|p2a: Tapu Fini\n|-damage|p2a: Tapu Fini|19/100\n|move|p2a: Tapu Fini|Draining Kiss|p1a: Tapu Koko\n|-damage|p1a: Tapu Koko|63/100\n|-heal|p2a: Tapu Fini|41/100|[from] drain|[of] p1a: Tapu Koko\n|\n|-heal|p2a: Tapu Fini|48/100|[from] item: Leftovers\n|upkeep\n|turn|5\n|\n|t:|1771248181\n|switch|p2a: Ting-Lu|Ting-Lu|100/100\n|-ability|p2a: Ting-Lu|Vessel of Ruin\n|move|p1a: Tapu Koko|Thunderbolt|p2a: Ting-Lu\n|-immune|p2a: Ting-Lu\n|\n|upkeep\n|turn|6\n|\n|t:|1771248185\n|switch|p1a: Slowbro|Slowbro, M|100/100\n|move|p2a: Ting-Lu|Stealth Rock|p1a: Slowbro\n|-sidestart|p1: Oddalex|move: Stealth Rock\n|\n|upkeep\n|turn|7\n|\n|t:|1771248190\n|switch|p2a: Tapu Fini|Tapu Fini|48/100\n|-fieldstart|move: Misty Terrain|[from] ability: Misty Surge|[of] p2a: Tapu Fini\n|move|p1a: Slowbro|Teleport|p1a: Slowbro\n|\n|t:|1771248195\n|switch|p1a: Tapu Koko|Tapu Koko, shiny|63/100|[from] Teleport\n|-damage|p1a: Tapu Koko|51/100|[from] Stealth Rock\n|-fieldstart|move: Electric Terrain|[from] ability: Electric Surge|[of] p1a: Tapu Koko\n|\n|-heal|p2a: Tapu Fini|54/100|[from] item: Leftovers\n|upkeep\n|turn|8\n|\n|t:|1771248201\n|switch|p2a: Ting-Lu|Ting-Lu|100/100\n|-ability|p2a: Ting-Lu|Vessel of Ruin\n|move|p1a: Tapu Koko|Dazzling Gleam|p2a: Ting-Lu\n|-supereffective|p2a: Ting-Lu\n|-damage|p2a: Ting-Lu|61/100\n|\n|-heal|p2a: Ting-Lu|67/100|[from] item: Leftovers\n|upkeep\n|turn|9\n|\n|t:|1771248209\n|switch|p1a: Tornadus|Tornadus-Therian, M|100/100\n|switch|p2a: Slowbro|Slowbro-Galar, F|100/100\n|\n|upkeep\n|turn|10\n|\n|t:|1771248215\n|switch|p2a: Zapdos|Zapdos|100/100\n|move|p1a: Tornadus|Defog|p2a: Zapdos\n|-unboost|p2a: Zapdos|evasion|1\n|-sideend|p1: Oddalex|Stealth Rock|[from] move: Defog|[of] p1a: Tornadus\n|-fieldend|move: Electric Terrain\n|\n|upkeep\n|turn|11\n|inactive|Battle timer is ON: inactive players will automatically lose when time's up. (requested by n!ce ct)\n|inactive|n!ce ct has 120 seconds left.\n|\n|t:|1771248267\n|switch|p1a: Ting-Lu|Ting-Lu|100/100\n|-ability|p1a: Ting-Lu|Vessel of Ruin\n|switch|p2a: Tapu Fini|Tapu Fini|54/100\n|-fieldstart|move: Misty Terrain|[from] ability: Misty Surge|[of] p2a: Tapu Fini\n|\n|-heal|p2a: Tapu Fini|60/100|[from] item: Leftovers\n|upkeep\n|turn|12\n|c|☆n!ce ct|1\n|l|☆n!ce ct\n|inactive|n!ce ct disconnected and has a minute to reconnect!\n|player|p2|\n|j|☆n!ce ct\n|inactive|n!ce ct reconnected and has 130 seconds left.\n|player|p2|n!ce ct|emma-lza|\n|\n|t:|1771248294\n|switch|p1a: Slowbro|Slowbro, M|100/100\n|move|p2a: Tapu Fini|Draining Kiss|p1a: Slowbro\n|-crit|p1a: Slowbro\n|-damage|p1a: Slowbro|76/100\n|-heal|p2a: Tapu Fini|81/100|[from] drain|[of] p1a: Slowbro\n|-damage|p2a: Tapu Fini|64/100|[from] item: Rocky Helmet|[of] p1a: Slowbro\n|\n|-heal|p2a: Tapu Fini|71/100|[from] item: Leftovers\n|upkeep\n|turn|13\n|\n|t:|1771248298\n|move|p2a: Tapu Fini|Taunt|p1a: Slowbro\n|-start|p1a: Slowbro|move: Taunt\n|cant|p1a: Slowbro|move: Taunt|Teleport\n|\n|-heal|p2a: Tapu Fini|77/100|[from] item: Leftovers\n|upkeep\n|turn|14\n|\n|t:|1771248304\n|switch|p1a: Tapu Koko|Tapu Koko, shiny|51/100\n|-fieldstart|move: Electric Terrain|[from] ability: Electric Surge|[of] p1a: Tapu Koko\n|move|p2a: Tapu Fini|Draining Kiss|p1a: Tapu Koko\n|-damage|p1a: Tapu Koko|25/100\n|-heal|p2a: Tapu Fini|92/100|[from] drain|[of] p1a: Tapu Koko\n|\n|-heal|p2a: Tapu Fini|98/100|[from] item: Leftovers\n|upkeep\n|turn|15\n|\n|t:|1771248312\n|switch|p2a: Slowbro|Slowbro-Galar, F|100/100\n|move|p1a: Tapu Koko|Thunderbolt|p2a: Slowbro\n|-damage|p2a: Slowbro|13/100\n|\n|upkeep\n|turn|16\n|\n|t:|1771248317\n|switch|p1a: Mawile|Mawile, F|100/100\n|-ability|p1a: Mawile|Intimidate|boost\n|-unboost|p2a: Slowbro|atk|1\n|switch|p2a: Ting-Lu|Ting-Lu|67/100\n|-ability|p2a: Ting-Lu|Vessel of Ruin\n|\n|-heal|p2a: Ting-Lu|73/100|[from] item: Leftovers\n|upkeep\n|turn|17\n|\n|t:|1771248323\n|detailschange|p1a: Mawile|Mawile-Mega, F\n|-mega|p1a: Mawile|Mawile|Mawilite\n|move|p1a: Mawile|Play Rough|p2a: Ting-Lu\n|-supereffective|p2a: Ting-Lu\n|-damage|p2a: Ting-Lu|0 fnt\n|faint|p2a: Ting-Lu\n|\n|upkeep\n|\n|t:|1771248328\n|switch|p2a: Victini|Victini|100/100\n|turn|18\n|\n|t:|1771248347\n|switch|p1a: Slowbro|Slowbro, M|100/100\n|move|p2a: Victini|V-create|p1a: Slowbro\n|-resisted|p1a: Slowbro\n|-damage|p1a: Slowbro|77/100\n|-unboost|p2a: Victini|spe|1\n|-unboost|p2a: Victini|def|1\n|-unboost|p2a: Victini|spd|1\n|-damage|p2a: Victini|84/100|[from] item: Rocky Helmet|[of] p1a: Slowbro\n|\n|-fieldend|move: Electric Terrain\n|upkeep\n|turn|19\n|\n|t:|1771248367\n|switch|p2a: Tapu Fini|Tapu Fini|98/100\n|-fieldstart|move: Misty Terrain|[from] ability: Misty Surge|[of] p2a: Tapu Fini\n|move|p1a: Slowbro|Teleport|p1a: Slowbro\n|\n|t:|1771248370\n|switch|p1a: Tapu Koko|Tapu Koko, shiny|25/100|[from] Teleport\n|-fieldstart|move: Electric Terrain|[from] ability: Electric Surge|[of] p1a: Tapu Koko\n|\n|-heal|p2a: Tapu Fini|100/100|[from] item: Leftovers\n|upkeep\n|turn|20\n|\n|t:|1771248382\n|switch|p2a: Zapdos|Zapdos|100/100\n|move|p1a: Tapu Koko|Thunderbolt|p2a: Zapdos\n|-damage|p2a: Zapdos|29/100\n|\n|upkeep\n|turn|21\n|\n|t:|1771248386\n|move|p1a: Tapu Koko|Thunderbolt|p2a: Zapdos\n|-damage|p2a: Zapdos|0 fnt\n|faint|p2a: Zapdos\n|\n|upkeep\n|\n|t:|1771248396\n|switch|p2a: Victini|Victini|84/100\n|turn|22\n|\n|t:|1771248400\n|switch|p1a: Slowbro|Slowbro, M|100/100\n|move|p2a: Victini|Trick|p1a: Slowbro\n|-activate|p2a: Victini|move: Trick|[of] p1a: Slowbro\n|-item|p1a: Slowbro|Choice Scarf|[from] move: Trick\n|-item|p2a: Victini|Rocky Helmet|[from] move: Trick\n|\n|upkeep\n|turn|23\n|\n|t:|1771248407\n|move|p2a: Victini|U-turn|p1a: Slowbro\n|-supereffective|p1a: Slowbro\n|-damage|p1a: Slowbro|77/100\n|\n|t:|1771248412\n|switch|p2a: Tapu Fini|Tapu Fini|100/100|[from] U-turn\n|-fieldstart|move: Misty Terrain|[from] ability: Misty Surge|[of] p2a: Tapu Fini\n|move|p1a: Slowbro|Teleport|p1a: Slowbro\n|\n|t:|1771248415\n|switch|p1a: Tapu Koko|Tapu Koko, shiny|25/100|[from] Teleport\n|-fieldstart|move: Electric Terrain|[from] ability: Electric Surge|[of] p1a: Tapu Koko\n|\n|upkeep\n|turn|24\n|\n|t:|1771248420\n|move|p1a: Tapu Koko|Thunderbolt|p2a: Tapu Fini\n|-supereffective|p2a: Tapu Fini\n|-damage|p2a: Tapu Fini|0 fnt\n|faint|p2a: Tapu Fini\n|\n|upkeep\n|-message|n!ce ct forfeited.\n|\n|win|Oddalex\n|raw|Oddalex's rating: 1626 &rarr; <strong>1645</strong><br />(+19 for winning)\n|raw|n!ce ct's rating: 1608 &rarr; <strong>1589</strong><br />(-19 for losing)\n|l|☆n!ce ct\n|player|p2|\n", "uploadtime": 1771248595, "views": 5, "formatid": "gen9nationaldex", "rating": 1589, "private": 0, "password": null}