{"id": "gen9nationaldex-2540437526", "format": "[Gen 9] National Dex", "players": ["goychomp", "Misty Biitch"], "log": "|j|☆goychomp\n|j|☆Misty Biitch\n|t:|1771201956\n|gametype|singles\n|player|p1|goychomp|li|1704\n|player|p2|Misty Biitch|misty|1721\n|gen|9\n|tier|[Gen 9] National Dex\n|rated|\n|rule|HP Percentage Mod: HP is shown in percentages\n|rule|Endless Battle Clause: Forcing endless battles is banned\n|rule|Species Clause: Limit one of each Pokémon\n|rule|OHKO Clause: OHKO moves are banned\n|rule|Evasion Clause: Evasion abilities, items, and moves are banned\n|rule|Evasion Abilities Clause: Evasion abilities are banned\n|rule|Evasion Items Clause: Evasion items are banned\n|rule|Evasion Moves Clause: Evasion moves are banned\n|rule|Sleep Clause Mod: Limit one foe put to sleep\n|rule|Terastal Clause: You cannot Terastallize\n|clearpoke\n|poke|p1|Diancie|\n|poke|p1|Garchomp, M|\n|poke|p1|Dragonite, M|\n|poke|p1|Volcarona, M|\n|poke|p1|Terapagos, M|\n|poke|p1|Kingambit, M|\n|poke|p2|Kingdra, F|\n|poke|p2|Pelipper, F|\n|poke|p2|Swampert, F|\n|poke|p2|Urshifu-*, F|\n|poke|p2|Ludicolo, F|\n|poke|p2|Barraskewda, F|\n|teampreview\n|inactive|Battle timer is ON: inactive players will automatically lose when time's up. (requested by Misty Biitch)\n|\n|t:|1771201964\n|teamsize|p1|6\n|teamsize|p2|6\n|start\n|switch|p1a: Diancie|Diancie|100/100\n|switch|p2a: Pelipper|Pelipper, F|100/100\n|-weather|RainDance|[from] ability: Drizzle|[of] p2a: Pelipper\n|turn|1\n|\n|t:|1771201967\n|switch|p2a: Swampert|Swampert, F|100/100\n|detailschange|p1a: Diancie|Diancie-Mega\n|-mega|p1a: Diancie|Diancie|Diancite\n|move|p1a: Diancie|Moonblast|p2a: Swampert\n|-damage|p2a: Swampert|48/100\n|\n|-weather|RainDance|[upkeep]\n|upkeep\n|turn|2\n|\n|t:|1771201978\n|switch|p1a: Kingambit|Kingambit, M, shiny|100/100\n|detailschange|p2a: Swampert|Swampert-Mega, F\n|-mega|p2a: Swampert|Swampert|Swampertite\n|move|p2a: Swampert|Liquidation|p1a: Kingambit\n|-crit|p1a: Kingambit\n|-damage|p1a: Kingambit|0 fnt\n|faint|p1a: Kingambit\n|-end|p1a: Kingambit|fallenundefined|[silent]\n|\n|-weather|RainDance|[upkeep]\n|upkeep\n|\n|t:|1771201987\n|switch|p1a: Terapagos|Terapagos, M|100/100\n|-activate|p1a: Terapagos|ability: Tera Shift\n|detailschange|p1a: Terapagos|Terapagos-Terastal, M\n|-heal|p1a: Terapagos|100/100|[silent]\n|turn|3\n|\n|t:|1771201990\n|move|p2a: Swampert|Liquidation|p1a: Terapagos\n|-activate|p1a: Terapagos|ability: Tera Shell\n|-resisted|p1a: Terapagos\n|-damage|p1a: Terapagos|63/100\n|move|p1a: Terapagos|Tera Starstorm|p2a: Swampert\n|-damage|p2a: Swampert|0 fnt\n|faint|p2a: Swampert\n|detailschange|p2: Swampert|Swampert, F|[silent]\n|\n|-weather|RainDance|[upkeep]\n|upkeep\n|\n|t:|1771201997\n|switch|p2a: Kingdra|Kingdra, F|100/100\n|turn|4\n|\n|t:|1771202000\n|move|p2a: Kingdra|Weather Ball|p1a: Terapagos\n|-damage|p1a: Terapagos|0 fnt\n|faint|p1a: Terapagos\n|\n|-weather|RainDance|[upkeep]\n|upkeep\n|\n|t:|1771202002\n|switch|p1a: Dragonite|Dragonite, M|100/100\n|turn|5\n|\n|t:|1771202006\n|move|p2a: Kingdra|Weather Ball|p1a: Dragonite\n|-resisted|p1a: Dragonite\n|-damage|p1a: Dragonite|74/100\n|move|p1a: Dragonite|Dragon Dance|p1a: Dragonite\n|-boost|p1a: Dragonite|atk|1\n|-boost|p1a: Dragonite|spe|1\n|\n|-weather|RainDance|[upkeep]\n|upkeep\n|turn|6\n|\n|t:|1771202013\n|switch|p2a: Ludicolo|Ludicolo, F|100/100\n|-zpower|p1a: Dragonite\n|move|p1a: Dragonite|Devastating Drake|p2a: Ludicolo|[zeffect]\n|-damage|p2a: Ludicolo|0 fnt\n|faint|p2a: Ludicolo\n|\n|-weather|RainDance|[upkeep]\n|upkeep\n|\n|t:|1771202017\n|switch|p2a: Kingdra|Kingdra, F|100/100\n|turn|7\n|\n|t:|1771202020\n|switch|p1a: Diancie|Diancie-Mega|100/100\n|move|p2a: Kingdra|Draco Meteor|p1a: Diancie\n|-immune|p1a: Diancie\n|\n|-weather|RainDance|[upkeep]\n|upkeep\n|turn|8\n|\n|t:|1771202027\n|switch|p2a: Urshifu|Urshifu-Rapid-Strike, F|100/100\n|move|p1a: Diancie|Substitute|p1a: Diancie\n|-start|p1a: Diancie|Substitute\n|-damage|p1a: Diancie|76/100\n|\n|-weather|none\n|upkeep\n|turn|9\n|\n|t:|1771202031\n|move|p1a: Diancie|Moonblast|p2a: Urshifu\n|-supereffective|p2a: Urshifu\n|-damage|p2a: Urshifu|0 fnt\n|faint|p2a: Urshifu\n|\n|upkeep\n|\n|t:|1771202036\n|switch|p2a: Barraskewda|Barraskewda, F|100/100\n|turn|10\n|\n|t:|1771202039\n|move|p2a: Barraskewda|Flip Turn|p1a: Diancie\n|-supereffective|p1a: Diancie\n|-end|p1a: Diancie|Substitute\n|-damage|p2a: Barraskewda|91/100|[from] item: Life Orb\n|\n|t:|1771202042\n|switch|p2a: Pelipper|Pelipper, F|100/100|[from] Flip Turn\n|-weather|RainDance|[from] ability: Drizzle|[of] p2a: Pelipper\n|move|p1a: Diancie|Moonblast|p2a: Pelipper\n|-damage|p2a: Pelipper|26/100\n|\n|-weather|RainDance|[upkeep]\n|upkeep\n|turn|11\n|\n|t:|1771202046\n|move|p1a: Diancie|Substitute|p1a: Diancie\n|-start|p1a: Diancie|Substitute\n|-damage|p1a: Diancie|51/100\n|move|p2a: Pelipper|U-turn|p1a: Diancie\n|-resisted|p1a: Diancie\n|-activate|p1a: Diancie|move: Substitute|[damage]\n|\n|t:|1771202048\n|switch|p2a: Barraskewda|Barraskewda, F|91/100|[from] U-turn\n|\n|-weather|RainDance|[upkeep]\n|upkeep\n|turn|12\n|\n|t:|1771202050\n|move|p2a: Barraskewda|Flip Turn|p1a: Diancie\n|-supereffective|p1a: Diancie\n|-end|p1a: Diancie|Substitute\n|-damage|p2a: Barraskewda|81/100|[from] item: Life Orb\n|\n|t:|1771202053\n|switch|p2a: Pelipper|Pelipper, F|26/100|[from] Flip Turn\n|move|p1a: Diancie|Moonblast|p2a: Pelipper\n|-damage|p2a: Pelipper|0 fnt\n|faint|p2a: Pelipper\n|\n|-weather|RainDance|[upkeep]\n|upkeep\n|\n|t:|1771202054\n|switch|p2a: Barraskewda|Barraskewda, F|81/100\n|turn|13\n|\n|t:|1771202059\n|move|p2a: Barraskewda|Flip Turn|p1a: Diancie\n|-supereffective|p1a: Diancie\n|-damage|p1a: Diancie|0 fnt\n|faint|p1a: Diancie\n|detailschange|p1: Diancie|Diancie|[silent]\n|-damage|p2a: Barraskewda|71/100|[from] item: Life Orb\n|\n|t:|1771202062\n|switch|p2a: Kingdra|Kingdra, F|100/100|[from] Flip Turn\n|\n|-weather|RainDance|[upkeep]\n|upkeep\n|\n|t:|1771202071\n|switch|p1a: Volcarona|Volcarona, M|100/100\n|turn|14\n|\n|t:|1771202076\n|move|p2a: Kingdra|Weather Ball|p1a: Volcarona\n|-supereffective|p1a: Volcarona\n|-damage|p1a: Volcarona|0 fnt\n|faint|p1a: Volcarona\n|\n|-weather|RainDance|[upkeep]\n|upkeep\n|\n|t:|1771202077\n|switch|p1a: Dragonite|Dragonite, M|74/100\n|turn|15\n|\n|t:|1771202080\n|switch|p2a: Barraskewda|Barraskewda, F|71/100\n|move|p1a: Dragonite|Outrage|p2a: Barraskewda\n|-damage|p2a: Barraskewda|0 fnt\n|faint|p2a: Barraskewda\n|\n|-weather|RainDance|[upkeep]\n|upkeep\n|\n|t:|1771202082\n|switch|p2a: Kingdra|Kingdra, F|100/100\n|turn|16\n|\n|t:|1771202085\n|move|p2a: Kingdra|Draco Meteor|p1a: Dragonite\n|-supereffective|p1a: Dragonite\n|-damage|p1a: Dragonite|0 fnt\n|-unboost|p2a: Kingdra|spa|2\n|faint|p1a: Dragonite\n|\n|-weather|RainDance|[upkeep]\n|upkeep\n|\n|t:|1771202087\n|switch|p1a: Garchomp|Garchomp, M|100/100\n|turn|17\n|\n|t:|1771202094\n|move|p2a: Kingdra|Draco Meteor|p1a: Garchomp\n|-supereffective|p1a: Garchomp\n|-damage|p1a: Garchomp|6/100\n|-unboost|p2a: Kingdra|spa|2\n|move|p1a: Garchomp|Earthquake|p2a: Kingdra\n|-damage|p2a: Kingdra|35/100\n|\n|-weather|none\n|upkeep\n|turn|18\n|\n|t:|1771202097\n|move|p1a: Garchomp|Earthquake|p2a: Kingdra\n|-damage|p2a: Kingdra|0 fnt\n|faint|p2a: Kingdra\n|\n|win|goychomp\n|raw|goychomp's rating: 1704 &rarr; <strong>1725</strong><br />(+21 for winning)\n|raw|Misty Biitch's rating: 1721 &rarr; <strong>1700</strong><br />(-21 for losing)\n|l|☆goychomp\n|player|p1|\n|l|☆Misty Biitch\n|player|p2|\n", "uploadtime": 1771202319, "views": 10, "formatid": "gen9nationaldex", "rating": 1700, "private": 0, "password": null}