{"id": "gen9nationaldex-2540617658", "format": "[Gen 9] National Dex", "players": ["fartpoopgaming4", "ffuy"], "log": "|j|‽fartpoopgaming4\n|j|☆ffuy\n|t:|1771228173\n|gametype|singles\n|player|p1|fartpoopgaming4|1|1542\n|player|p2|ffuy|1|1567\n|gen|9\n|tier|[Gen 9] National Dex\n|rated|\n|rule|HP Percentage Mod: HP is shown in percentages\n|rule|Endless Battle Clause: Forcing endless battles is banned\n|rule|Species Clause: Limit one of each Pokémon\n|rule|OHKO Clause: OHKO moves are banned\n|rule|Evasion Clause: Evasion abilities, items, and moves are banned\n|rule|Evasion Abilities Clause: Evasion abilities are banned\n|rule|Evasion Items Clause: Evasion items are banned\n|rule|Evasion Moves Clause: Evasion moves are banned\n|rule|Sleep Clause Mod: Limit one foe put to sleep\n|rule|Terastal Clause: You cannot Terastallize\n|clearpoke\n|poke|p1|Banette, F|\n|poke|p1|Urshifu-*, F|\n|poke|p1|Slowking-Galar, L99, F|\n|poke|p1|Alomomola, L99, F|\n|poke|p1|Landorus-Therian, M|\n|poke|p1|Raging Bolt|\n|poke|p2|Diancie|\n|poke|p2|Tyranitar, F|\n|poke|p2|Alomomola, F|\n|poke|p2|Gliscor, F|\n|poke|p2|Urshifu-*, M|\n|poke|p2|Kyurem|\n|teampreview\n|inactive|Battle timer is ON: inactive players will automatically lose when time's up. (requested by fartpoopgaming4)\n|inactive|ffuy also wants the timer to be on.\n|\n|t:|1771228193\n|teamsize|p1|6\n|teamsize|p2|6\n|start\n|switch|p1a: Landorus|Landorus-Therian, M|100/100\n|switch|p2a: Alomomola|Alomomola, F|100/100\n|-ability|p1a: Landorus|Intimidate|boost\n|-unboost|p2a: Alomomola|atk|1\n|turn|1\n|\n|t:|1771228197\n|move|p1a: Landorus|Stealth Rock|p2a: Alomomola\n|-sidestart|p2: ffuy|move: Stealth Rock\n|move|p2a: Alomomola|Flip Turn|p1a: Landorus\n|-supereffective|p1a: Landorus\n|-damage|p1a: Landorus|77/100\n|\n|t:|1771228201\n|switch|p2a: Gliscor|Gliscor, F|100/100|[from] Flip Turn\n|-damage|p2a: Gliscor|88/100|[from] Stealth Rock\n|\n|-status|p2a: Gliscor|tox|[from] item: Toxic Orb\n|upkeep\n|turn|2\n|\n|t:|1771228203\n|switch|p1a: Alomomola|Alomomola, L99, F|100/100\n|move|p2a: Gliscor|Defog|p1a: Alomomola\n|-unboost|p1a: Alomomola|evasion|1\n|-sideend|p2: ffuy|Stealth Rock|[from] move: Defog|[of] p2a: Gliscor\n|\n|-heal|p2a: Gliscor|100/100 tox|[from] ability: Poison Heal\n|upkeep\n|turn|3\n|\n|t:|1771228210\n|switch|p2a: Alomomola|Alomomola, F|100/100\n|move|p1a: Alomomola|Flip Turn|p2a: Alomomola\n|-resisted|p2a: Alomomola\n|-damage|p2a: Alomomola|97/100\n|\n|t:|1771228213\n|switch|p1a: Raging Bolt|Raging Bolt|100/100|[from] Flip Turn\n|\n|-heal|p2a: Alomomola|100/100|[from] item: Leftovers\n|upkeep\n|turn|4\n|\n|t:|1771228220\n|move|p2a: Alomomola|Protect|p2a: Alomomola\n|-singleturn|p2a: Alomomola|Protect\n|move|p1a: Raging Bolt|Draco Meteor|p2a: Alomomola\n|-activate|p2a: Alomomola|move: Protect\n|\n|upkeep\n|turn|5\n|\n|t:|1771228223\n|switch|p2a: Gliscor|Gliscor, F|100/100 tox\n|move|p1a: Raging Bolt|Draco Meteor|p2a: Gliscor\n|-damage|p2a: Gliscor|41/100 tox\n|-unboost|p1a: Raging Bolt|spa|2\n|\n|-heal|p2a: Gliscor|53/100 tox|[from] ability: Poison Heal\n|upkeep\n|turn|6\n|\n|t:|1771228227\n|-end|p1a: Raging Bolt|Protosynthesis|[silent]\n|switch|p1a: Alomomola|Alomomola, L99, F|100/100\n|move|p2a: Gliscor|U-turn|p1a: Alomomola\n|-damage|p1a: Alomomola|92/100\n|\n|t:|1771228229\n|switch|p2a: Urshifu|Urshifu-Rapid-Strike, M|100/100|[from] U-turn\n|\n|upkeep\n|turn|7\n|\n|t:|1771228231\n|move|p2a: Urshifu|Substitute|p2a: Urshifu\n|-start|p2a: Urshifu|Substitute\n|-damage|p2a: Urshifu|76/100\n|move|p1a: Alomomola|Flip Turn|p2a: Urshifu\n|-resisted|p2a: Urshifu\n|-activate|p2a: Urshifu|move: Substitute|[damage]\n|\n|t:|1771228236\n|switch|p1a: Banette|Banette, F|100/100|[from] Flip Turn\n|-item|p2a: Urshifu|Leftovers|[from] ability: Frisk|[of] p1a: Banette\n|\n|-heal|p2a: Urshifu|82/100|[from] item: Leftovers\n|upkeep\n|turn|8\n|j| Reyanek\n|\n|t:|1771228246\n|switch|p2a: Alomomola|Alomomola, F|100/100\n|switch|p1a: Alomomola|Alomomola, L99, F|100/100\n|\n|upkeep\n|turn|9\n|\n|t:|1771228257\n|move|p2a: Alomomola|Flip Turn|p1a: Alomomola\n|-resisted|p1a: Alomomola\n|-damage|p1a: Alomomola|95/100\n|\n|t:|1771228263\n|switch|p2a: Gliscor|Gliscor, F|53/100 tox|[from] Flip Turn\n|move|p1a: Alomomola|Flip Turn|p2a: Gliscor\n|-supereffective|p2a: Gliscor\n|-damage|p2a: Gliscor|27/100 tox\n|\n|t:|1771228266\n|switch|p1a: Urshifu|Urshifu-Rapid-Strike, F|100/100|[from] Flip Turn\n|\n|-heal|p2a: Gliscor|40/100 tox|[from] ability: Poison Heal\n|upkeep\n|turn|10\n|\n|t:|1771228272\n|switch|p2a: Alomomola|Alomomola, F|100/100\n|move|p1a: Urshifu|Close Combat|p2a: Alomomola\n|-damage|p2a: Alomomola|48/100\n|-unboost|p1a: Urshifu|def|1\n|-unboost|p1a: Urshifu|spd|1\n|\n|-heal|p2a: Alomomola|54/100|[from] item: Leftovers\n|upkeep\n|turn|11\n|\n|t:|1771228274\n|move|p1a: Urshifu|Close Combat|p2a: Alomomola\n|-damage|p2a: Alomomola|4/100\n|-unboost|p1a: Urshifu|def|1\n|-unboost|p1a: Urshifu|spd|1\n|move|p2a: Alomomola|Flip Turn|p1a: Urshifu\n|-resisted|p1a: Urshifu\n|-damage|p1a: Urshifu|85/100\n|\n|t:|1771228282\n|switch|p2a: Urshifu|Urshifu-Rapid-Strike, M|82/100|[from] Flip Turn\n|\n|-heal|p2a: Urshifu|88/100|[from] item: Leftovers\n|upkeep\n|turn|12\n|\n|t:|1771228289\n|switch|p1a: Alomomola|Alomomola, L99, F|100/100\n|move|p2a: Urshifu|Substitute|p2a: Urshifu\n|-start|p2a: Urshifu|Substitute\n|-damage|p2a: Urshifu|63/100\n|\n|-heal|p2a: Urshifu|69/100|[from] item: Leftovers\n|upkeep\n|turn|13\n|\n|t:|1771228296\n|move|p2a: Urshifu|Drain Punch|p1a: Alomomola\n|-damage|p1a: Alomomola|77/100\n|-heal|p2a: Urshifu|85/100|[from] drain|[of] p1a: Alomomola\n|move|p1a: Alomomola|Flip Turn|p2a: Urshifu\n|-resisted|p2a: Urshifu\n|-activate|p2a: Urshifu|move: Substitute|[damage]\n|\n|t:|1771228302\n|switch|p1a: Landorus|Landorus-Therian, M|77/100|[from] Flip Turn\n|-ability|p1a: Landorus|Intimidate|boost\n|-immune|p2a: Urshifu\n|\n|-heal|p2a: Urshifu|91/100|[from] item: Leftovers\n|upkeep\n|turn|14\n|\n|t:|1771228306\n|move|p1a: Landorus|U-turn|p2a: Urshifu\n|-resisted|p2a: Urshifu\n|-activate|p2a: Urshifu|move: Substitute|[damage]\n|\n|t:|1771228308\n|switch|p1a: Alomomola|Alomomola, L99, F|100/100|[from] U-turn\n|move|p2a: Urshifu|Swords Dance|p2a: Urshifu\n|-boost|p2a: Urshifu|atk|2\n|\n|-heal|p2a: Urshifu|97/100|[from] item: Leftovers\n|upkeep\n|turn|15\n|\n|t:|1771228315\n|move|p2a: Urshifu|Drain Punch|p1a: Alomomola\n|-damage|p1a: Alomomola|49/100\n|-heal|p2a: Urshifu|100/100|[from] drain|[of] p1a: Alomomola\n|move|p1a: Alomomola|Flip Turn|p2a: Urshifu\n|-resisted|p2a: Urshifu\n|-end|p2a: Urshifu|Substitute\n|\n|t:|1771228321\n|switch|p1a: Banette|Banette, F|100/100|[from] Flip Turn\n|-item|p2a: Urshifu|Leftovers|[from] ability: Frisk|[of] p1a: Banette\n|\n|upkeep\n|turn|16\n|\n|t:|1771228332\n|switch|p2a: Alomomola|Alomomola, F|38/100\n|detailschange|p1a: Banette|Banette-Mega, F\n|-mega|p1a: Banette|Banette|Banettite\n|move|p1a: Banette|Encore||[still]\n|-fail|p1a: Banette\n|\n|-heal|p2a: Alomomola|44/100|[from] item: Leftovers\n|upkeep\n|turn|17\n|\n|t:|1771228338\n|switch|p1a: Alomomola|Alomomola, L99, F|82/100\n|move|p2a: Alomomola|Protect||[still]\n|-fail|p2a: Alomomola\n|\n|-heal|p2a: Alomomola|50/100|[from] item: Leftovers\n|upkeep\n|turn|18\n|\n|t:|1771228343\n|move|p2a: Alomomola|Flip Turn|p1a: Alomomola\n|-resisted|p1a: Alomomola\n|-damage|p1a: Alomomola|77/100\n|\n|t:|1771228353\n|switch|p2a: Kyurem|Kyurem|100/100|[from] Flip Turn\n|-ability|p2a: Kyurem|Pressure\n|move|p1a: Alomomola|Flip Turn|p2a: Kyurem\n|-resisted|p2a: Kyurem\n|-damage|p2a: Kyurem|94/100\n|\n|t:|1771228361\n|switch|p1a: Urshifu|Urshifu-Rapid-Strike, F|85/100|[from] Flip Turn\n|\n|upkeep\n|turn|19\n|\n|t:|1771228386\n|switch|p2a: Gliscor|Gliscor, F|40/100 tox\n|move|p1a: Urshifu|Close Combat|p2a: Gliscor\n|-resisted|p2a: Gliscor\n|-damage|p2a: Gliscor|5/100 tox\n|-unboost|p1a: Urshifu|def|1\n|-unboost|p1a: Urshifu|spd|1\n|\n|-heal|p2a: Gliscor|17/100 tox|[from] ability: Poison Heal\n|upkeep\n|turn|20\n|\n|t:|1771228394\n|move|p1a: Urshifu|Close Combat|p2a: Gliscor\n|-resisted|p2a: Gliscor\n|-damage|p2a: Gliscor|0 fnt\n|-unboost|p1a: Urshifu|def|1\n|-unboost|p1a: Urshifu|spd|1\n|faint|p2a: Gliscor\n|\n|upkeep\n|\n|t:|1771228396\n|switch|p2a: Urshifu|Urshifu-Rapid-Strike, M|100/100\n|turn|21\n|\n|t:|1771228403\n|switch|p1a: Banette|Banette-Mega, F|100/100\n|move|p2a: Urshifu|Surging Strikes|p1a: Banette\n|-crit|p1a: Banette\n|-damage|p1a: Banette|76/100\n|-crit|p1a: Banette\n|-damage|p1a: Banette|49/100\n|-crit|p1a: Banette\n|-damage|p1a: Banette|21/100\n|-hitcount|p1a: Banette|3\n|\n|upkeep\n|turn|22\n|\n|t:|1771228411\n|switch|p2a: Alomomola|Alomomola, F|83/100\n|switch|p1a: Raging Bolt|Raging Bolt|100/100\n|\n|-heal|p2a: Alomomola|90/100|[from] item: Leftovers\n|upkeep\n|turn|23\n|\n|t:|1771228416\n|move|p2a: Alomomola|Protect|p2a: Alomomola\n|-singleturn|p2a: Alomomola|Protect\n|move|p1a: Raging Bolt|Volt Switch|p2a: Alomomola\n|-activate|p2a: Alomomola|move: Protect\n|\n|-heal|p2a: Alomomola|96/100|[from] item: Leftovers\n|upkeep\n|turn|24\n|\n|t:|1771228421\n|switch|p2a: Tyranitar|Tyranitar, F|100/100\n|-weather|Sandstorm|[from] ability: Sand Stream|[of] p2a: Tyranitar\n|move|p1a: Raging Bolt|Volt Switch|p2a: Tyranitar\n|-damage|p2a: Tyranitar|89/100\n|\n|t:|1771228423\n|-end|p1a: Raging Bolt|Protosynthesis|[silent]\n|switch|p1a: Urshifu|Urshifu-Rapid-Strike, F|85/100|[from] Volt Switch\n|\n|-weather|Sandstorm|[upkeep]\n|-damage|p1a: Urshifu|79/100|[from] Sandstorm\n|upkeep\n|turn|25\n|\n|t:|1771228426\n|switch|p2a: Alomomola|Alomomola, F|100/100\n|move|p1a: Urshifu|U-turn|p2a: Alomomola\n|-damage|p2a: Alomomola|82/100\n|\n|t:|1771228432\n|switch|p1a: Raging Bolt|Raging Bolt|100/100|[from] U-turn\n|\n|-weather|Sandstorm|[upkeep]\n|-damage|p1a: Raging Bolt|94/100|[from] Sandstorm\n|-damage|p2a: Alomomola|76/100|[from] Sandstorm\n|-heal|p2a: Alomomola|82/100|[from] item: Leftovers\n|upkeep\n|turn|26\n|\n|t:|1771228457\n|move|p1a: Raging Bolt|Volt Switch|p2a: Alomomola\n|-supereffective|p2a: Alomomola\n|-damage|p2a: Alomomola|0 fnt\n|faint|p2a: Alomomola\n|\n|t:|1771228462\n|-end|p1a: Raging Bolt|Protosynthesis|[silent]\n|switch|p1a: Alomomola|Alomomola, L99, F|100/100|[from] Volt Switch\n|\n|-weather|Sandstorm|[upkeep]\n|-damage|p1a: Alomomola|94/100|[from] Sandstorm\n|upkeep\n|\n|t:|1771228464\n|switch|p2a: Urshifu|Urshifu-Rapid-Strike, M|100/100\n|turn|27\n|\n|t:|1771228471\n|move|p2a: Urshifu|Substitute|p2a: Urshifu\n|-start|p2a: Urshifu|Substitute\n|-damage|p2a: Urshifu|76/100\n|move|p1a: Alomomola|Flip Turn|p2a: Urshifu\n|-resisted|p2a: Urshifu\n|-activate|p2a: Urshifu|move: Substitute|[damage]\n|\n|t:|1771228481\n|switch|p1a: Raging Bolt|Raging Bolt|94/100|[from] Flip Turn\n|\n|-weather|Sandstorm|[upkeep]\n|-damage|p2a: Urshifu|69/100|[from] Sandstorm\n|-damage|p1a: Raging Bolt|88/100|[from] Sandstorm\n|-heal|p2a: Urshifu|76/100|[from] item: Leftovers\n|upkeep\n|turn|28\n|\n|t:|1771228485\n|move|p2a: Urshifu|Surging Strikes|p1a: Raging Bolt\n|-resisted|p1a: Raging Bolt\n|-crit|p1a: Raging Bolt\n|-damage|p1a: Raging Bolt|78/100\n|-resisted|p1a: Raging Bolt\n|-crit|p1a: Raging Bolt\n|-damage|p1a: Raging Bolt|69/100\n|-resisted|p1a: Raging Bolt\n|-crit|p1a: Raging Bolt\n|-damage|p1a: Raging Bolt|60/100\n|-hitcount|p1a: Raging Bolt|3\n|move|p1a: Raging Bolt|Volt Switch|p2a: Urshifu\n|-supereffective|p2a: Urshifu\n|-end|p2a: Urshifu|Substitute\n|\n|t:|1771228491\n|-end|p1a: Raging Bolt|Protosynthesis|[silent]\n|switch|p1a: Landorus|Landorus-Therian, M|77/100|[from] Volt Switch\n|-ability|p1a: Landorus|Intimidate|boost\n|-unboost|p2a: Urshifu|atk|1\n|\n|-weather|none\n|-heal|p2a: Urshifu|82/100|[from] item: Leftovers\n|upkeep\n|turn|29\n|\n|t:|1771228496\n|move|p1a: Landorus|U-turn|p2a: Urshifu\n|-resisted|p2a: Urshifu\n|-damage|p2a: Urshifu|68/100\n|\n|t:|1771228499\n|switch|p1a: Alomomola|Alomomola, L99, F|100/100|[from] U-turn\n|move|p2a: Urshifu|Surging Strikes|p1a: Alomomola\n|-resisted|p1a: Alomomola\n|-crit|p1a: Alomomola\n|-damage|p1a: Alomomola|94/100\n|-resisted|p1a: Alomomola\n|-crit|p1a: Alomomola\n|-damage|p1a: Alomomola|88/100\n|-resisted|p1a: Alomomola\n|-crit|p1a: Alomomola\n|-damage|p1a: Alomomola|83/100\n|-hitcount|p1a: Alomomola|3\n|\n|-heal|p2a: Urshifu|74/100|[from] item: Leftovers\n|upkeep\n|turn|30\n|\n|t:|1771228503\n|move|p2a: Urshifu|Swords Dance|p2a: Urshifu\n|-boost|p2a: Urshifu|atk|2\n|move|p1a: Alomomola|Wish|p1a: Alomomola\n|\n|-heal|p2a: Urshifu|81/100|[from] item: Leftovers\n|upkeep\n|turn|31\n|\n|t:|1771228523\n|move|p2a: Urshifu|Drain Punch|p1a: Alomomola\n|-damage|p1a: Alomomola|50/100\n|-heal|p2a: Urshifu|100/100|[from] drain|[of] p1a: Alomomola\n|move|p1a: Alomomola|Flip Turn|p2a: Urshifu\n|-resisted|p2a: Urshifu\n|-damage|p2a: Urshifu|92/100\n|\n|t:|1771228526\n|switch|p1a: Banette|Banette-Mega, F|21/100|[from] Flip Turn\n|\n|-heal|p1a: Banette|94/100|[from] move: Wish|[wisher] Alomomola\n|-heal|p2a: Urshifu|98/100|[from] item: Leftovers\n|upkeep\n|turn|32\n|\n|t:|1771228528\n|switch|p2a: Tyranitar|Tyranitar, F|89/100\n|-weather|Sandstorm|[from] ability: Sand Stream|[of] p2a: Tyranitar\n|move|p1a: Banette|Encore|p2a: Tyranitar\n|-hint|Since gen 7, Dark is immune to Prankster moves.\n|-immune|p2a: Tyranitar\n|\n|-weather|Sandstorm|[upkeep]\n|-damage|p1a: Banette|88/100|[from] Sandstorm\n|upkeep\n|turn|33\n|\n|t:|1771228532\n|-activate|p1a: Banette|move: Pursuit\n|move|p2a: Tyranitar|Pursuit|p1a: Banette|[from] Pursuit\n|-supereffective|p1a: Banette\n|-damage|p1a: Banette|0 fnt\n|faint|p1a: Banette\n|detailschange|p1: Banette|Banette, F|[silent]\n|-hint|A Pokemon can't switch between when it runs out of HP and when it faints\n|\n|-weather|Sandstorm|[upkeep]\n|upkeep\n|\n|t:|1771228535\n|switch|p1a: Landorus|Landorus-Therian, M|77/100\n|-ability|p1a: Landorus|Intimidate|boost\n|-unboost|p2a: Tyranitar|atk|1\n|turn|34\n|\n|t:|1771228549\n|switch|p2a: Kyurem|Kyurem|94/100\n|-ability|p2a: Kyurem|Pressure\n|move|p1a: Landorus|Earthquake|p2a: Kyurem\n|-damage|p2a: Kyurem|40/100\n|\n|-weather|Sandstorm|[upkeep]\n|-damage|p2a: Kyurem|34/100|[from] Sandstorm\n|upkeep\n|turn|35\n|\n|t:|1771228553\n|move|p2a: Kyurem|Freeze-Dry|p1a: Landorus\n|-supereffective|p1a: Landorus\n|-damage|p1a: Landorus|0 fnt\n|faint|p1a: Landorus\n|\n|-weather|Sandstorm|[upkeep]\n|-damage|p2a: Kyurem|28/100|[from] Sandstorm\n|upkeep\n|\n|t:|1771228558\n|switch|p1a: Slowking|Slowking-Galar, L99, F|100/100\n|turn|36\n|\n|t:|1771228562\n|switch|p2a: Tyranitar|Tyranitar, F|89/100\n|-prepare|p1a: Slowking|Chilly Reception|[premajor]\n|move|p1a: Slowking|Chilly Reception|p1a: Slowking\n|-weather|Snowscape\n|\n|t:|1771228564\n|switch|p1a: Urshifu|Urshifu-Rapid-Strike, F|79/100|[from] Chilly Reception\n|\n|-weather|Snowscape|[upkeep]\n|upkeep\n|turn|37\n|\n|t:|1771228570\n|switch|p2a: Kyurem|Kyurem|28/100\n|-ability|p2a: Kyurem|Pressure\n|move|p1a: Urshifu|Surging Strikes|p2a: Kyurem\n|-resisted|p2a: Kyurem\n|-crit|p2a: Kyurem\n|-damage|p2a: Kyurem|19/100\n|-resisted|p2a: Kyurem\n|-crit|p2a: Kyurem\n|-damage|p2a: Kyurem|10/100\n|-resisted|p2a: Kyurem\n|-crit|p2a: Kyurem\n|-damage|p2a: Kyurem|0 fnt\n|faint|p2a: Kyurem\n|-hitcount|p2: Kyurem|3\n|\n|-weather|Snowscape|[upkeep]\n|upkeep\n|\n|t:|1771228572\n|switch|p2a: Urshifu|Urshifu-Rapid-Strike, M|98/100\n|turn|38\n|\n|t:|1771228578\n|move|p1a: Urshifu|Surging Strikes|p2a: Urshifu\n|-resisted|p2a: Urshifu\n|-crit|p2a: Urshifu\n|-damage|p2a: Urshifu|83/100\n|-resisted|p2a: Urshifu\n|-crit|p2a: Urshifu\n|-damage|p2a: Urshifu|69/100\n|-resisted|p2a: Urshifu\n|-crit|p2a: Urshifu\n|-damage|p2a: Urshifu|55/100\n|-hitcount|p2a: Urshifu|3\n|move|p2a: Urshifu|Drain Punch|p1a: Urshifu\n|-damage|p1a: Urshifu|37/100\n|-heal|p2a: Urshifu|76/100|[from] drain|[of] p1a: Urshifu\n|\n|-weather|Snowscape|[upkeep]\n|-heal|p2a: Urshifu|82/100|[from] item: Leftovers\n|upkeep\n|turn|39\n|\n|t:|1771228582\n|switch|p1a: Raging Bolt|Raging Bolt|60/100\n|move|p2a: Urshifu|Drain Punch|p1a: Raging Bolt\n|-damage|p1a: Raging Bolt|23/100\n|-heal|p2a: Urshifu|100/100|[from] drain|[of] p1a: Raging Bolt\n|\n|-weather|Snowscape|[upkeep]\n|upkeep\n|turn|40\n|\n|t:|1771228586\n|move|p2a: Urshifu|Substitute|p2a: Urshifu\n|-start|p2a: Urshifu|Substitute\n|-damage|p2a: Urshifu|76/100\n|move|p1a: Raging Bolt|Volt Switch|p2a: Urshifu\n|-supereffective|p2a: Urshifu\n|-end|p2a: Urshifu|Substitute\n|\n|t:|1771228593\n|-end|p1a: Raging Bolt|Protosynthesis|[silent]\n|switch|p1a: Slowking|Slowking-Galar, L99, F|100/100|[from] Volt Switch\n|\n|-weather|none\n|-heal|p2a: Urshifu|82/100|[from] item: Leftovers\n|upkeep\n|turn|41\n|\n|t:|1771228595\n|switch|p2a: Tyranitar|Tyranitar, F|89/100\n|-weather|Sandstorm|[from] ability: Sand Stream|[of] p2a: Tyranitar\n|move|p1a: Slowking|Future Sight|p2a: Tyranitar\n|-start|p1a: Slowking|move: Future Sight\n|\n|-weather|Sandstorm|[upkeep]\n|-damage|p1a: Slowking|94/100|[from] Sandstorm\n|upkeep\n|turn|42\n|\n|t:|1771228603\n|move|p2a: Tyranitar|Knock Off|p1a: Slowking\n|-supereffective|p1a: Slowking\n|-damage|p1a: Slowking|4/100\n|-enditem|p1a: Slowking|Heavy-Duty Boots|[from] move: Knock Off|[of] p2a: Tyranitar\n|-prepare|p1a: Slowking|Chilly Reception|[premajor]\n|move|p1a: Slowking|Chilly Reception|p1a: Slowking\n|-weather|Snowscape\n|\n|t:|1771228605\n|switch|p1a: Urshifu|Urshifu-Rapid-Strike, F|37/100|[from] Chilly Reception\n|\n|-weather|Snowscape|[upkeep]\n|upkeep\n|turn|43\n|inactive|ffuy has 120 seconds left.\n|\n|t:|1771228655\n|switch|p2a: Diancie|Diancie|100/100\n|move|p1a: Urshifu|Surging Strikes|p2a: Diancie\n|-supereffective|p2a: Diancie\n|-crit|p2a: Diancie\n|-damage|p2a: Diancie|33/100\n|-supereffective|p2a: Diancie\n|-crit|p2a: Diancie\n|-damage|p2a: Diancie|0 fnt\n|faint|p2a: Diancie\n|-hitcount|p2: Diancie|2\n|\n|-weather|Snowscape|[upkeep]\n|-hint|Future Sight did not hit because the target is fainted.\n|upkeep\n|\n|t:|1771228659\n|switch|p2a: Urshifu|Urshifu-Rapid-Strike, M|82/100\n|turn|44\n|\n|t:|1771228662\n|switch|p1a: Alomomola|Alomomola, L99, F|83/100\n|move|p2a: Urshifu|Substitute|p2a: Urshifu\n|-start|p2a: Urshifu|Substitute\n|-damage|p2a: Urshifu|57/100\n|\n|-weather|Snowscape|[upkeep]\n|-heal|p2a: Urshifu|63/100|[from] item: Leftovers\n|upkeep\n|turn|45\n|\n|t:|1771228668\n|move|p2a: Urshifu|Swords Dance|p2a: Urshifu\n|-boost|p2a: Urshifu|atk|2\n|move|p1a: Alomomola|Wish|p1a: Alomomola\n|\n|-weather|Snowscape|[upkeep]\n|-heal|p2a: Urshifu|69/100|[from] item: Leftovers\n|upkeep\n|turn|46\n|\n|t:|1771228674\n|move|p2a: Urshifu|Swords Dance|p2a: Urshifu\n|-boost|p2a: Urshifu|atk|2\n|move|p1a: Alomomola|Flip Turn|p2a: Urshifu\n|-resisted|p2a: Urshifu\n|-activate|p2a: Urshifu|move: Substitute|[damage]\n|\n|t:|1771228683\n|switch|p1a: Raging Bolt|Raging Bolt|23/100|[from] Flip Turn\n|\n|-weather|none\n|-heal|p1a: Raging Bolt|83/100|[from] move: Wish|[wisher] Alomomola\n|-heal|p2a: Urshifu|75/100|[from] item: Leftovers\n|upkeep\n|turn|47\n|\n|t:|1771228688\n|move|p2a: Urshifu|Drain Punch|p1a: Raging Bolt\n|-damage|p1a: Raging Bolt|0 fnt\n|-heal|p2a: Urshifu|100/100|[from] drain|[of] p1a: Raging Bolt\n|faint|p1a: Raging Bolt\n|-end|p1a: Raging Bolt|Protosynthesis|[silent]\n|\n|upkeep\n|-message|fartpoopgaming4 forfeited.\n|\n|win|ffuy\n|raw|fartpoopgaming4's rating: 1542 &rarr; <strong>1523</strong><br />(-19 for losing)\n|raw|ffuy's rating: 1567 &rarr; <strong>1586</strong><br />(+19 for winning)\n|l|‽fartpoopgaming4\n|player|p1|\n|j|‽fartpoopgaming4\n|player|p1|fartpoopgaming4|1|\n", "uploadtime": 1771228694, "views": 13, "formatid": "gen9nationaldex", "rating": 1523, "private": 0, "password": null}