{"id": "gen9nationaldex-2540523898", "format": "[Gen 9] National Dex", "players": ["banmuvgc", "secondchx"], "log": "|j|☆banmuvgc\n|j|☆secondchx\n|t:|1771212878\n|gametype|singles\n|player|p1|banmuvgc|giovanni|1533\n|player|p2|secondchx|iono|1600\n|gen|9\n|tier|[Gen 9] National Dex\n|rated|\n|rule|HP Percentage Mod: HP is shown in percentages\n|rule|Endless Battle Clause: Forcing endless battles is banned\n|rule|Species Clause: Limit one of each Pokémon\n|rule|OHKO Clause: OHKO moves are banned\n|rule|Evasion Clause: Evasion abilities, items, and moves are banned\n|rule|Evasion Abilities Clause: Evasion abilities are banned\n|rule|Evasion Items Clause: Evasion items are banned\n|rule|Evasion Moves Clause: Evasion moves are banned\n|rule|Sleep Clause Mod: Limit one foe put to sleep\n|rule|Terastal Clause: You cannot Terastallize\n|clearpoke\n|poke|p1|Ninetales-Alola, F|\n|poke|p1|Altaria, M|\n|poke|p1|Weavile, M|\n|poke|p1|Cobalion|\n|poke|p1|Rapidash-Galar, F|\n|poke|p1|Incineroar, F|\n|poke|p2|Great Tusk|\n|poke|p2|Terapagos, M|\n|poke|p2|Iron Crown|\n|poke|p2|Dragonite, M|\n|poke|p2|Scizor, M|\n|poke|p2|Ogerpon-Wellspring, F|\n|teampreview\n|\n|t:|1771212904\n|teamsize|p1|6\n|teamsize|p2|6\n|start\n|switch|p1a: Ninetales|Ninetales-Alola, F|100/100\n|switch|p2a: Scizor|Scizor, M|100/100\n|-weather|Snowscape|[from] ability: Snow Warning|[of] p1a: Ninetales\n|turn|1\n|\n|t:|1771212912\n|detailschange|p2a: Scizor|Scizor-Mega, M\n|-mega|p2a: Scizor|Scizor|Scizorite\n|move|p2a: Scizor|Bullet Punch|p1a: Ninetales\n|-supereffective|p1a: Ninetales\n|-damage|p1a: Ninetales|0 fnt\n|faint|p1a: Ninetales\n|\n|-weather|Snowscape|[upkeep]\n|upkeep\n|\n|t:|1771212918\n|switch|p1a: Incineroar|Incineroar, F|100/100\n|-ability|p1a: Incineroar|Intimidate|boost\n|-unboost|p2a: Scizor|atk|1\n|turn|2\n|\n|t:|1771212929\n|switch|p2a: Dragonite|Dragonite, M|100/100\n|move|p1a: Incineroar|Will-O-Wisp|p2a: Dragonite\n|-status|p2a: Dragonite|brn\n|\n|-weather|Snowscape|[upkeep]\n|-damage|p2a: Dragonite|94/100 brn|[from] brn\n|upkeep\n|turn|3\n|\n|t:|1771212942\n|move|p2a: Dragonite|Earthquake|p1a: Incineroar\n|-supereffective|p1a: Incineroar\n|-damage|p1a: Incineroar|66/100\n|move|p1a: Incineroar|U-turn|p2a: Dragonite\n|-resisted|p2a: Dragonite\n|-damage|p2a: Dragonite|84/100 brn\n|\n|t:|1771212958\n|switch|p1a: Altaria|Altaria, M|100/100|[from] U-turn\n|-ability|p1a: Altaria|Cloud Nine\n|\n|-weather|Snowscape|[upkeep]\n|-damage|p2a: Dragonite|78/100 brn|[from] brn\n|upkeep\n|turn|4\n|\n|t:|1771212978\n|switch|p2a: Terapagos|Terapagos, M|100/100\n|-activate|p2a: Terapagos|ability: Tera Shift\n|detailschange|p2a: Terapagos|Terapagos-Terastal, M\n|-heal|p2a: Terapagos|100/100|[silent]\n|detailschange|p1a: Altaria|Altaria-Mega, M\n|-mega|p1a: Altaria|Altaria|Altarianite\n|move|p1a: Altaria|Dragon Dance|p1a: Altaria\n|-boost|p1a: Altaria|atk|1\n|-boost|p1a: Altaria|spe|1\n|\n|-weather|Snowscape|[upkeep]\n|upkeep\n|turn|5\n|\n|t:|1771212991\n|move|p1a: Altaria|Play Rough|p2a: Terapagos\n|-activate|p2a: Terapagos|ability: Tera Shell\n|-resisted|p2a: Terapagos\n|-damage|p2a: Terapagos|72/100\n|move|p2a: Terapagos|Tera Starstorm|p1a: Altaria\n|-damage|p1a: Altaria|36/100\n|\n|-weather|none\n|upkeep\n|turn|6\n|\n|t:|1771213003\n|switch|p2a: Dragonite|Dragonite, M|78/100 brn\n|move|p1a: Altaria|Play Rough|p2a: Dragonite\n|-supereffective|p2a: Dragonite\n|-damage|p2a: Dragonite|0 fnt\n|faint|p2a: Dragonite\n|\n|upkeep\n|\n|t:|1771213011\n|switch|p2a: Scizor|Scizor-Mega, M|100/100\n|turn|7\n|\n|t:|1771213025\n|switch|p1a: Incineroar|Incineroar, F|66/100\n|-ability|p1a: Incineroar|Intimidate|boost\n|-unboost|p2a: Scizor|atk|1\n|move|p2a: Scizor|Bullet Punch|p1a: Incineroar\n|-resisted|p1a: Incineroar\n|-crit|p1a: Incineroar\n|-damage|p1a: Incineroar|40/100\n|\n|upkeep\n|turn|8\n|\n|t:|1771213039\n|switch|p2a: Terapagos|Terapagos-Terastal, M|72/100\n|move|p1a: Incineroar|Will-O-Wisp|p2a: Terapagos\n|-status|p2a: Terapagos|brn\n|\n|-damage|p2a: Terapagos|66/100 brn|[from] brn\n|upkeep\n|turn|9\n|\n|t:|1771213048\n|switch|p1a: Cobalion|Cobalion|100/100\n|move|p2a: Terapagos|Stealth Rock|p1a: Cobalion\n|-sidestart|p1: banmuvgc|move: Stealth Rock\n|\n|-damage|p2a: Terapagos|60/100 brn|[from] brn\n|upkeep\n|turn|10\n|\n|t:|1771213055\n|move|p1a: Cobalion|Volt Switch|p2a: Terapagos\n|-damage|p2a: Terapagos|45/100 brn\n|\n|t:|1771213059\n|switch|p1a: Altaria|Altaria-Mega, M|36/100|[from] Volt Switch\n|-damage|p1a: Altaria|23/100|[from] Stealth Rock\n|move|p2a: Terapagos|Flamethrower|p1a: Altaria\n|-resisted|p1a: Altaria\n|-damage|p1a: Altaria|10/100\n|\n|-damage|p2a: Terapagos|39/100 brn|[from] brn\n|upkeep\n|turn|11\n|\n|t:|1771213069\n|move|p2a: Terapagos|Rapid Spin|p1a: Altaria\n|-damage|p1a: Altaria|3/100\n|-boost|p2a: Terapagos|spe|1\n|move|p1a: Altaria|Roar|p2a: Terapagos\n|drag|p2a: Great Tusk|Great Tusk|100/100\n|-enditem|p2a: Great Tusk|Booster Energy\n|-activate|p2a: Great Tusk|ability: Protosynthesis|[fromitem]\n|-start|p2a: Great Tusk|protosynthesisatk\n|\n|upkeep\n|turn|12\n|\n|t:|1771213080\n|move|p2a: Great Tusk|Rapid Spin|p1a: Altaria\n|-damage|p1a: Altaria|0 fnt\n|-boost|p2a: Great Tusk|spe|1\n|faint|p1a: Altaria\n|detailschange|p1: Altaria|Altaria, M|[silent]\n|\n|upkeep\n|\n|t:|1771213086\n|switch|p1a: Weavile|Weavile, M|100/100\n|-damage|p1a: Weavile|76/100|[from] Stealth Rock\n|-ability|p1a: Weavile|Pressure\n|turn|13\n|\n|t:|1771213094\n|move|p1a: Weavile|Ice Shard|p2a: Great Tusk\n|-supereffective|p2a: Great Tusk\n|-damage|p2a: Great Tusk|70/100\n|move|p2a: Great Tusk|Headlong Rush|p1a: Weavile\n|-damage|p1a: Weavile|0 fnt\n|-unboost|p2a: Great Tusk|def|1\n|-unboost|p2a: Great Tusk|spd|1\n|faint|p1a: Weavile\n|\n|upkeep\n|\n|t:|1771213104\n|switch|p1a: Rapidash|Rapidash-Galar, F|100/100\n|-damage|p1a: Rapidash|88/100|[from] Stealth Rock\n|turn|14\n|\n|t:|1771213109\n|move|p2a: Great Tusk|Headlong Rush|p1a: Rapidash\n|-damage|p1a: Rapidash|1/100\n|-unboost|p2a: Great Tusk|def|1\n|-unboost|p2a: Great Tusk|spd|1\n|move|p1a: Rapidash|Agility|p1a: Rapidash\n|-boost|p1a: Rapidash|spe|2\n|\n|-heal|p1a: Rapidash|7/100|[from] item: Leftovers\n|upkeep\n|turn|15\n|\n|t:|1771213121\n|move|p1a: Rapidash|Stored Power|p2a: Great Tusk\n|-supereffective|p2a: Great Tusk\n|-damage|p2a: Great Tusk|0 fnt\n|faint|p2a: Great Tusk\n|-end|p2a: Great Tusk|Protosynthesis|[silent]\n|\n|-heal|p1a: Rapidash|13/100|[from] item: Leftovers\n|upkeep\n|\n|t:|1771213128\n|switch|p2a: Scizor|Scizor-Mega, M|100/100\n|turn|16\n|\n|t:|1771213132\n|switch|p1a: Cobalion|Cobalion|100/100\n|-damage|p1a: Cobalion|97/100|[from] Stealth Rock\n|move|p2a: Scizor|Bullet Punch|p1a: Cobalion\n|-resisted|p1a: Cobalion\n|-damage|p1a: Cobalion|84/100\n|-damage|p2a: Scizor|84/100|[from] item: Rocky Helmet|[of] p1a: Cobalion\n|\n|upkeep\n|turn|17\n|\n|t:|1771213155\n|switch|p2a: Iron Crown|Iron Crown|100/100\n|-enditem|p2a: Iron Crown|Booster Energy\n|-activate|p2a: Iron Crown|ability: Quark Drive|[fromitem]\n|-start|p2a: Iron Crown|quarkdrivespe\n|move|p1a: Cobalion|Thunder Wave|p2a: Iron Crown\n|-status|p2a: Iron Crown|par\n|\n|upkeep\n|turn|18\n|\n|t:|1771213163\n|move|p1a: Cobalion|Aura Sphere|p2a: Iron Crown\n|-damage|p2a: Iron Crown|73/100 par\n|cant|p2a: Iron Crown|par\n|\n|upkeep\n|turn|19\n|\n|t:|1771213171\n|move|p1a: Cobalion|Volt Switch|p2a: Iron Crown\n|-damage|p2a: Iron Crown|56/100 par\n|\n|t:|1771213173\n|switch|p1a: Rapidash|Rapidash-Galar, F|13/100|[from] Volt Switch\n|-damage|p1a: Rapidash|0 fnt|[from] Stealth Rock\n|faint|p1a: Rapidash\n|cant|p2a: Iron Crown|par\n|\n|upkeep\n|\n|t:|1771213175\n|switch|p1a: Incineroar|Incineroar, F|40/100\n|-damage|p1a: Incineroar|15/100|[from] Stealth Rock\n|-ability|p1a: Incineroar|Intimidate|boost\n|-unboost|p2a: Iron Crown|atk|1\n|turn|20\n|\n|t:|1771213185\n|move|p2a: Iron Crown|Tachyon Cutter|p1a: Incineroar\n|-resisted|p1a: Incineroar\n|-damage|p1a: Incineroar|6/100\n|-resisted|p1a: Incineroar\n|-damage|p1a: Incineroar|0 fnt\n|faint|p1a: Incineroar\n|-hitcount|p1: Incineroar|2\n|\n|upkeep\n|\n|t:|1771213190\n|switch|p1a: Cobalion|Cobalion|84/100\n|-damage|p1a: Cobalion|81/100|[from] Stealth Rock\n|turn|21\n|\n|t:|1771213197\n|move|p1a: Cobalion|Aura Sphere|p2a: Iron Crown\n|-damage|p2a: Iron Crown|28/100 par\n|cant|p2a: Iron Crown|par\n|\n|upkeep\n|turn|22\n|\n|t:|1771213203\n|move|p1a: Cobalion|Aura Sphere|p2a: Iron Crown\n|-damage|p2a: Iron Crown|2/100 par\n|cant|p2a: Iron Crown|par\n|\n|upkeep\n|turn|23\n|\n|t:|1771213209\n|move|p1a: Cobalion|Aura Sphere|p2a: Iron Crown\n|-damage|p2a: Iron Crown|0 fnt\n|faint|p2a: Iron Crown\n|-end|p2a: Iron Crown|Quark Drive|[silent]\n|\n|upkeep\n|\n|t:|1771213219\n|switch|p2a: Terapagos|Terapagos-Terastal, M|39/100 brn\n|turn|24\n|\n|t:|1771213263\n|move|p1a: Cobalion|Aura Sphere|p2a: Terapagos\n|-supereffective|p2a: Terapagos\n|-damage|p2a: Terapagos|0 fnt\n|faint|p2a: Terapagos\n|\n|upkeep\n|\n|t:|1771213276\n|switch|p2a: Ogerpon|Ogerpon-Wellspring, F|100/100\n|turn|25\n|\n|t:|1771213280\n|move|p2a: Ogerpon|Ivy Cudgel|p1a: Cobalion|[anim] Ivy Cudgel Water\n|-damage|p1a: Cobalion|41/100\n|move|p1a: Cobalion|Thunder Wave|p2a: Ogerpon\n|-status|p2a: Ogerpon|par\n|\n|upkeep\n|turn|26\n|\n|t:|1771213287\n|move|p1a: Cobalion|Aura Sphere|p2a: Ogerpon\n|-crit|p2a: Ogerpon\n|-damage|p2a: Ogerpon|53/100 par\n|move|p2a: Ogerpon|Ivy Cudgel|p1a: Cobalion|[anim] Ivy Cudgel Water\n|-crit|p1a: Cobalion\n|-damage|p1a: Cobalion|0 fnt\n|faint|p1a: Cobalion\n|\n|win|secondchx\n|raw|banmuvgc's rating: 1533 &rarr; <strong>1517</strong><br />(-16 for losing)\n|raw|secondchx's rating: 1600 &rarr; <strong>1616</strong><br />(+16 for winning)\n|l|☆banmuvgc\n|player|p1|\n|l|☆secondchx\n|player|p2|\n|j|☆secondchx\n|player|p2|secondchx|iono|\n", "uploadtime": 1771213616, "views": 6, "formatid": "gen9nationaldex", "rating": 1517, "private": 0, "password": null}