{"id": "gen9nationaldex-2540769109", "format": "[Gen 9] National Dex", "players": ["AyyOmega", "jianshengjiang"], "log": "|j|☆AyyOmega\n|j|☆jianshengjiang\n|t:|1771251908\n|gametype|singles\n|player|p1|AyyOmega|102|1626\n|player|p2|jianshengjiang|170|1690\n|gen|9\n|tier|[Gen 9] National Dex\n|rated|\n|rule|HP Percentage Mod: HP is shown in percentages\n|rule|Endless Battle Clause: Forcing endless battles is banned\n|rule|Species Clause: Limit one of each Pokémon\n|rule|OHKO Clause: OHKO moves are banned\n|rule|Evasion Clause: Evasion abilities, items, and moves are banned\n|rule|Evasion Abilities Clause: Evasion abilities are banned\n|rule|Evasion Items Clause: Evasion items are banned\n|rule|Evasion Moves Clause: Evasion moves are banned\n|rule|Sleep Clause Mod: Limit one foe put to sleep\n|rule|Terastal Clause: You cannot Terastallize\n|clearpoke\n|poke|p1|Zamazenta-*|\n|poke|p1|Tapu Lele|\n|poke|p1|Alomomola, F|\n|poke|p1|Scizor, F|\n|poke|p1|Landorus-Therian, M|\n|poke|p1|Terapagos, M|\n|poke|p2|Iron Thorns|\n|poke|p2|Tapu Koko|\n|poke|p2|Iron Valiant|\n|poke|p2|Iron Treads|\n|poke|p2|Hawlucha, F|\n|poke|p2|Rotom-Wash|\n|teampreview\n|inactive|Battle timer is ON: inactive players will automatically lose when time's up. (requested by jianshengjiang)\n|\n|t:|1771251918\n|teamsize|p1|6\n|teamsize|p2|6\n|start\n|switch|p1a: Landorus|Landorus-Therian, M|100/100\n|switch|p2a: Tapu Koko|Tapu Koko|100/100\n|-ability|p1a: Landorus|Intimidate|boost\n|-unboost|p2a: Tapu Koko|atk|1\n|-fieldstart|move: Electric Terrain|[from] ability: Electric Surge|[of] p2a: Tapu Koko\n|turn|1\n|\n|t:|1771251924\n|move|p1a: Landorus|Earthquake|p2a: Tapu Koko\n|-supereffective|p2a: Tapu Koko\n|-crit|p2a: Tapu Koko\n|-damage|p2a: Tapu Koko|0 fnt\n|faint|p2a: Tapu Koko\n|\n|upkeep\n|\n|t:|1771251926\n|switch|p2a: Rotom|Rotom-Wash|100/100\n|turn|2\n|\n|t:|1771251933\n|switch|p1a: Alomomola|Alomomola, F|100/100\n|move|p2a: Rotom|Will-O-Wisp|p1a: Alomomola\n|-status|p1a: Alomomola|brn\n|\n|-damage|p1a: Alomomola|94/100 brn|[from] brn\n|upkeep\n|turn|3\n|\n|t:|1771251938\n|move|p2a: Rotom|Volt Switch|p1a: Alomomola\n|-supereffective|p1a: Alomomola\n|-damage|p1a: Alomomola|65/100 brn\n|\n|t:|1771251945\n|switch|p2a: Iron Thorns|Iron Thorns|100/100|[from] Volt Switch\n|-activate|p2a: Iron Thorns|ability: Quark Drive\n|-start|p2a: Iron Thorns|quarkdriveatk\n|move|p1a: Alomomola|Mirror Coat|p2a: Iron Thorns\n|-damage|p2a: Iron Thorns|18/100\n|\n|-damage|p1a: Alomomola|59/100 brn|[from] brn\n|upkeep\n|turn|4\n|\n|t:|1771251950\n|switch|p1a: Landorus|Landorus-Therian, M|100/100\n|-ability|p1a: Landorus|Intimidate|boost\n|-unboost|p2a: Iron Thorns|atk|1\n|move|p2a: Iron Thorns|Dragon Dance|p2a: Iron Thorns\n|-boost|p2a: Iron Thorns|atk|1\n|-boost|p2a: Iron Thorns|spe|1\n|\n|upkeep\n|turn|5\n|\n|t:|1771251955\n|move|p1a: Landorus|Earthquake|p2a: Iron Thorns\n|-supereffective|p2a: Iron Thorns\n|-damage|p2a: Iron Thorns|0 fnt\n|faint|p2a: Iron Thorns\n|-end|p2a: Iron Thorns|Quark Drive|[silent]\n|\n|-fieldend|move: Electric Terrain\n|upkeep\n|\n|t:|1771251960\n|switch|p2a: Rotom|Rotom-Wash|100/100\n|turn|6\n|\n|t:|1771251963\n|switch|p1a: Alomomola|Alomomola, F|92/100 brn\n|move|p2a: Rotom|Hydro Pump|p1a: Alomomola\n|-resisted|p1a: Alomomola\n|-damage|p1a: Alomomola|82/100 brn\n|\n|-damage|p1a: Alomomola|76/100 brn|[from] brn\n|upkeep\n|turn|7\n|\n|t:|1771251966\n|move|p2a: Rotom|Volt Switch|p1a: Alomomola\n|-supereffective|p1a: Alomomola\n|-damage|p1a: Alomomola|48/100 brn\n|\n|t:|1771251975\n|switch|p2a: Hawlucha|Hawlucha, F|100/100|[from] Volt Switch\n|move|p1a: Alomomola|Flip Turn|p2a: Hawlucha\n|-damage|p2a: Hawlucha|90/100\n|\n|t:|1771251978\n|switch|p1a: Tapu Lele|Tapu Lele|100/100|[from] Flip Turn\n|-fieldstart|move: Psychic Terrain|[from] ability: Psychic Surge|[of] p1a: Tapu Lele\n|\n|upkeep\n|turn|8\n|\n|t:|1771251988\n|switch|p2a: Iron Treads|Iron Treads|100/100\n|move|p1a: Tapu Lele|Psychic|p2a: Iron Treads\n|-resisted|p2a: Iron Treads\n|-damage|p2a: Iron Treads|33/100\n|\n|upkeep\n|turn|9\n|\n|t:|1771251992\n|-zpower|p2a: Iron Treads\n|move|p2a: Iron Treads|Subzero Slammer|p1a: Tapu Lele|[zeffect]\n|-damage|p1a: Tapu Lele|30/100\n|move|p1a: Tapu Lele|Psychic|p2a: Iron Treads\n|-resisted|p2a: Iron Treads\n|-damage|p2a: Iron Treads|0 fnt\n|faint|p2a: Iron Treads\n|-end|p2a: Iron Treads|Quark Drive|[silent]\n|\n|upkeep\n|\n|t:|1771251995\n|switch|p2a: Iron Valiant|Iron Valiant|100/100\n|turn|10\n|\n|t:|1771252001\n|switch|p1a: Alomomola|Alomomola, F|81/100 brn\n|move|p2a: Iron Valiant|Shadow Ball|p1a: Alomomola\n|-damage|p1a: Alomomola|57/100 brn\n|-unboost|p1a: Alomomola|spd|1\n|\n|-damage|p1a: Alomomola|51/100 brn|[from] brn\n|upkeep\n|turn|11\n|\n|t:|1771252004\n|move|p2a: Iron Valiant|Shadow Ball|p1a: Alomomola\n|-damage|p1a: Alomomola|20/100 brn\n|move|p1a: Alomomola|Flip Turn|p2a: Iron Valiant\n|-damage|p2a: Iron Valiant|90/100\n|\n|t:|1771252009\n|switch|p1a: Scizor|Scizor, F|100/100|[from] Flip Turn\n|\n|-fieldend|move: Psychic Terrain\n|upkeep\n|turn|12\n|\n|t:|1771252013\n|-end|p2a: Iron Valiant|Quark Drive|[silent]\n|switch|p2a: Rotom|Rotom-Wash|100/100\n|detailschange|p1a: Scizor|Scizor-Mega, F\n|-mega|p1a: Scizor|Scizor|Scizorite\n|move|p1a: Scizor|Bullet Punch|p2a: Rotom\n|-resisted|p2a: Rotom\n|-damage|p2a: Rotom|93/100\n|\n|-heal|p2a: Rotom|99/100|[from] item: Leftovers\n|upkeep\n|turn|13\n|\n|t:|1771252018\n|move|p2a: Rotom|Will-O-Wisp|p1a: Scizor\n|-status|p1a: Scizor|brn\n|move|p1a: Scizor|U-turn|p2a: Rotom\n|-damage|p2a: Rotom|81/100\n|\n|t:|1771252021\n|switch|p1a: Tapu Lele|Tapu Lele|30/100|[from] U-turn\n|-fieldstart|move: Psychic Terrain|[from] ability: Psychic Surge|[of] p1a: Tapu Lele\n|\n|-heal|p2a: Rotom|88/100|[from] item: Leftovers\n|upkeep\n|turn|14\n|\n|t:|1771252027\n|move|p1a: Tapu Lele|Psychic|p2a: Rotom\n|-damage|p2a: Rotom|0 fnt\n|faint|p2a: Rotom\n|\n|upkeep\n|\n|t:|1771252031\n|switch|p2a: Iron Valiant|Iron Valiant|90/100\n|turn|15\n|\n|t:|1771252035\n|switch|p1a: Alomomola|Alomomola, F|53/100 brn\n|move|p2a: Iron Valiant|Moonblast|p1a: Alomomola\n|-damage|p1a: Alomomola|17/100 brn\n|\n|-damage|p1a: Alomomola|10/100 brn|[from] brn\n|upkeep\n|turn|16\n|\n|t:|1771252038\n|switch|p1a: Scizor|Scizor-Mega, F|100/100 brn\n|move|p2a: Iron Valiant|Moonblast|p1a: Scizor\n|-resisted|p1a: Scizor\n|-damage|p1a: Scizor|63/100 brn\n|-unboost|p1a: Scizor|spa|1\n|\n|-damage|p1a: Scizor|57/100 brn|[from] brn\n|upkeep\n|turn|17\n|\n|t:|1771252043\n|-end|p2a: Iron Valiant|Quark Drive|[silent]\n|switch|p2a: Hawlucha|Hawlucha, F|90/100\n|move|p1a: Scizor|Roost|p1a: Scizor\n|-heal|p1a: Scizor|100/100 brn\n|-singleturn|p1a: Scizor|move: Roost\n|\n|-damage|p1a: Scizor|94/100 brn|[from] brn\n|-fieldend|move: Psychic Terrain\n|upkeep\n|turn|18\n|\n|t:|1771252050\n|move|p2a: Hawlucha|Fire Punch|p1a: Scizor\n|-supereffective|p1a: Scizor\n|-damage|p1a: Scizor|29/100 brn\n|move|p1a: Scizor|U-turn|p2a: Hawlucha\n|-resisted|p2a: Hawlucha\n|-damage|p2a: Hawlucha|82/100\n|\n|t:|1771252054\n|switch|p1a: Tapu Lele|Tapu Lele|30/100|[from] U-turn\n|-fieldstart|move: Psychic Terrain|[from] ability: Psychic Surge|[of] p1a: Tapu Lele\n|\n|upkeep\n|turn|19\n|\n|t:|1771252061\n|move|p2a: Hawlucha|Acrobatics|p1a: Tapu Lele\n|-damage|p1a: Tapu Lele|0 fnt\n|faint|p1a: Tapu Lele\n|\n|upkeep\n|\n|t:|1771252069\n|switch|p1a: Zamazenta|Zamazenta|100/100\n|-ability|p1a: Zamazenta|Dauntless Shield|boost\n|-boost|p1a: Zamazenta|def|1\n|turn|20\n|\n|t:|1771252072\n|move|p1a: Zamazenta|Iron Defense|p1a: Zamazenta\n|-boost|p1a: Zamazenta|def|2\n|move|p2a: Hawlucha|Acrobatics|p1a: Zamazenta\n|-supereffective|p1a: Zamazenta\n|-crit|p1a: Zamazenta\n|-damage|p1a: Zamazenta|36/100\n|\n|-heal|p1a: Zamazenta|42/100|[from] item: Leftovers\n|upkeep\n|turn|21\n|\n|t:|1771252078\n|move|p1a: Zamazenta|Body Press|p2a: Hawlucha\n|-resisted|p2a: Hawlucha\n|-damage|p2a: Hawlucha|28/100\n|move|p2a: Hawlucha|Acrobatics|p1a: Zamazenta\n|-supereffective|p1a: Zamazenta\n|-crit|p1a: Zamazenta\n|-damage|p1a: Zamazenta|0 fnt\n|faint|p1a: Zamazenta\n|\n|upkeep\n|\n|t:|1771252091\n|switch|p1a: Terapagos|Terapagos, M|100/100\n|-activate|p1a: Terapagos|ability: Tera Shift\n|detailschange|p1a: Terapagos|Terapagos-Terastal, M\n|-heal|p1a: Terapagos|100/100|[silent]\n|turn|22\n|\n|t:|1771252096\n|move|p2a: Hawlucha|Acrobatics|p1a: Terapagos\n|-activate|p1a: Terapagos|ability: Tera Shell\n|-resisted|p1a: Terapagos\n|-damage|p1a: Terapagos|88/100\n|move|p1a: Terapagos|Rapid Spin|p2a: Hawlucha\n|-damage|p2a: Hawlucha|5/100\n|-boost|p1a: Terapagos|spe|1\n|\n|-fieldend|move: Psychic Terrain\n|upkeep\n|turn|23\n|\n|t:|1771252102\n|move|p1a: Terapagos|Tera Starstorm|p2a: Hawlucha\n|-damage|p2a: Hawlucha|0 fnt\n|faint|p2a: Hawlucha\n|\n|upkeep\n|\n|t:|1771252104\n|switch|p2a: Iron Valiant|Iron Valiant|90/100\n|turn|24\n|\n|t:|1771252107\n|move|p1a: Terapagos|Tera Starstorm|p2a: Iron Valiant\n|-damage|p2a: Iron Valiant|0 fnt\n|faint|p2a: Iron Valiant\n|-end|p2a: Iron Valiant|Quark Drive|[silent]\n|\n|win|AyyOmega\n|raw|AyyOmega's rating: 1626 &rarr; <strong>1650</strong><br />(+24 for winning)\n|raw|jianshengjiang's rating: 1690 &rarr; <strong>1666</strong><br />(-24 for losing)\n|c|☆AyyOmega|gg\n|l|☆jianshengjiang\n|player|p2|\n|l|☆AyyOmega\n|player|p1|\n", "uploadtime": 1771252301, "views": 8, "formatid": "gen9nationaldex", "rating": 1650, "private": 0, "password": null}