{"id": "gen9nationaldex-2540731643", "format": "[Gen 9] National Dex", "players": ["TNT800", "riderzitto5"], "log": "|j|☆TNT800\n|j|☆riderzitto5\n|t:|1771247143\n|gametype|singles\n|player|p1|TNT800|lass-gen4dp|1662\n|player|p2|riderzitto5|petrel|1629\n|gen|9\n|tier|[Gen 9] National Dex\n|rated|\n|rule|HP Percentage Mod: HP is shown in percentages\n|rule|Endless Battle Clause: Forcing endless battles is banned\n|rule|Species Clause: Limit one of each Pokémon\n|rule|OHKO Clause: OHKO moves are banned\n|rule|Evasion Clause: Evasion abilities, items, and moves are banned\n|rule|Evasion Abilities Clause: Evasion abilities are banned\n|rule|Evasion Items Clause: Evasion items are banned\n|rule|Evasion Moves Clause: Evasion moves are banned\n|rule|Sleep Clause Mod: Limit one foe put to sleep\n|rule|Terastal Clause: You cannot Terastallize\n|clearpoke\n|poke|p1|Jirachi|\n|poke|p1|Ninetales-Alola, F|\n|poke|p1|Suicune|\n|poke|p1|Great Tusk|\n|poke|p1|Tapu Lele|\n|poke|p1|Glimmora, M|\n|poke|p2|Hatterene, F|\n|poke|p2|Cresselia, F|\n|poke|p2|Porygon2|\n|poke|p2|Ursaluna, M|\n|poke|p2|Mawile, F|\n|poke|p2|Marowak-Alola, M|\n|teampreview\n|inactive|Battle timer is ON: inactive players will automatically lose when time's up. (requested by TNT800)\n|\n|t:|1771247156\n|teamsize|p1|6\n|teamsize|p2|6\n|start\n|switch|p1a: Jirachi|Jirachi, shiny|100/100\n|switch|p2a: Ballora|Hatterene, F|100/100\n|turn|1\n|\n|t:|1771247163\n|switch|p2a: Freddy|Ursaluna, M|100/100\n|move|p1a: Jirachi|Iron Head|p2a: Freddy\n|-damage|p2a: Freddy|81/100\n|\n|-status|p2a: Freddy|brn|[from] item: Flame Orb\n|upkeep\n|turn|2\n|\n|t:|1771247171\n|switch|p1a: Glimmora|Glimmora, M|100/100\n|move|p2a: Freddy|Fire Punch|p1a: Glimmora\n|-resisted|p1a: Glimmora\n|-damage|p1a: Glimmora|74/100\n|-activate|p1a: Glimmora|ability: Toxic Debris\n|-sidestart|p2: riderzitto5|move: Toxic Spikes\n|\n|-damage|p2a: Freddy|75/100 brn|[from] brn\n|upkeep\n|turn|3\n|\n|t:|1771247180\n|move|p1a: Glimmora|Earth Power|p2a: Freddy\n|-damage|p2a: Freddy|45/100 brn\n|move|p2a: Freddy|Headlong Rush|p1a: Glimmora\n|-supereffective|p1a: Glimmora\n|-damage|p1a: Glimmora|0 fnt\n|-unboost|p2a: Freddy|def|1\n|-unboost|p2a: Freddy|spd|1\n|-activate|p1a: Glimmora|ability: Toxic Debris\n|-sidestart|p2: riderzitto5|move: Toxic Spikes\n|faint|p1a: Glimmora\n|\n|-damage|p2a: Freddy|39/100 brn|[from] brn\n|upkeep\n|\n|t:|1771247191\n|switch|p1a: Jirachi|Jirachi, shiny|100/100\n|turn|4\n|\n|t:|1771247196\n|switch|p2a: Baby|Cresselia, F|100/100\n|move|p1a: Jirachi|Iron Head|p2a: Baby\n|-damage|p2a: Baby|86/100\n|-damage|p1a: Jirachi|84/100|[from] item: Rocky Helmet|[of] p2a: Baby\n|\n|upkeep\n|turn|5\n|\n|t:|1771247202\n|-zpower|p1a: Jirachi\n|move|p1a: Jirachi|Z-Happy Hour|p1a: Jirachi|[anim]Happy Hour\n|-boost|p1a: Jirachi|atk|1|[zeffect]\n|-boost|p1a: Jirachi|def|1|[zeffect]\n|-boost|p1a: Jirachi|spa|1|[zeffect]\n|-boost|p1a: Jirachi|spd|1|[zeffect]\n|-boost|p1a: Jirachi|spe|1|[zeffect]\n|move|p2a: Baby|Trick Room|p2a: Baby\n|-fieldstart|move: Trick Room|[of] p2a: Baby\n|\n|upkeep\n|turn|6\n|\n|t:|1771247211\n|move|p2a: Baby|Lunar Dance|p2a: Baby\n|faint|p2a: Baby\n|move|p1a: Jirachi|Cosmic Power|p1a: Jirachi\n|-boost|p1a: Jirachi|def|1\n|-boost|p1a: Jirachi|spd|1\n|\n|upkeep\n|\n|t:|1771247218\n|switch|p2a: Bonnie|Marowak-Alola, M|100/100\n|-status|p2a: Bonnie|tox\n|turn|7\n|\n|t:|1771247222\n|move|p2a: Bonnie|Flare Blitz|p1a: Jirachi\n|-supereffective|p1a: Jirachi\n|-damage|p1a: Jirachi|0 fnt\n|faint|p1a: Jirachi\n|\n|-damage|p2a: Bonnie|94/100 tox|[from] psn\n|upkeep\n|\n|t:|1771247227\n|switch|p1a: Suicune|Suicune|100/100\n|-ability|p1a: Suicune|Pressure\n|turn|8\n|l|☆riderzitto5\n|inactive|riderzitto5 disconnected and has a minute to reconnect!\n|player|p2|\n|j|☆riderzitto5\n|inactive|riderzitto5 reconnected and has 130 seconds left.\n|player|p2|riderzitto5|petrel|\n|\n|t:|1771247256\n|move|p2a: Bonnie|Poltergeist|p1a: Suicune|[miss]\n|-miss|p2a: Bonnie|p1a: Suicune\n|move|p1a: Suicune|Scald|p2a: Bonnie\n|-supereffective|p2a: Bonnie\n|-damage|p2a: Bonnie|31/100 tox\n|\n|-damage|p2a: Bonnie|18/100 tox|[from] psn\n|upkeep\n|turn|9\n|\n|t:|1771247261\n|move|p1a: Suicune|Protect|p1a: Suicune\n|-singleturn|p1a: Suicune|Protect\n|move|p2a: Bonnie|Poltergeist|p1a: Suicune\n|-activate|p1a: Suicune|move: Protect\n|\n|-damage|p2a: Bonnie|0 fnt|[from] psn\n|faint|p2a: Bonnie\n|-fieldend|move: Trick Room\n|upkeep\n|\n|t:|1771247266\n|switch|p2a: Ballora|Hatterene, F|100/100\n|-status|p2a: Ballora|tox\n|turn|10\n|\n|t:|1771247269\n|move|p1a: Suicune|Substitute|p1a: Suicune\n|-start|p1a: Suicune|Substitute\n|-damage|p1a: Suicune|75/100\n|move|p2a: Ballora|Trick Room|p2a: Ballora\n|-fieldstart|move: Trick Room|[of] p2a: Ballora\n|\n|-heal|p1a: Suicune|82/100|[from] item: Leftovers\n|-damage|p2a: Ballora|95/100 tox|[from] psn\n|upkeep\n|turn|11\n|\n|t:|1771247272\n|move|p1a: Suicune|Protect|p1a: Suicune\n|-singleturn|p1a: Suicune|Protect\n|move|p2a: Ballora|Psychic Noise|p1a: Suicune\n|-activate|p1a: Suicune|move: Protect\n|\n|-heal|p1a: Suicune|88/100|[from] item: Leftovers\n|-damage|p2a: Ballora|83/100 tox|[from] psn\n|upkeep\n|turn|12\n|\n|t:|1771247278\n|move|p2a: Ballora|Psychic Noise|p1a: Suicune\n|-damage|p1a: Suicune|56/100\n|-start|p1a: Suicune|move: Heal Block\n|move|p1a: Suicune|Scald|p2a: Ballora\n|-damage|p2a: Ballora|57/100 tox\n|\n|-damage|p2a: Ballora|39/100 tox|[from] psn\n|upkeep\n|turn|13\n|\n|t:|1771247283\n|move|p1a: Suicune|Protect|p1a: Suicune\n|-singleturn|p1a: Suicune|Protect\n|move|p2a: Ballora|Healing Wish|p2a: Ballora\n|faint|p2a: Ballora\n|\n|-end|p1a: Suicune|move: Heal Block\n|upkeep\n|\n|t:|1771247287\n|switch|p2a: Chica|Mawile, F|100/100\n|-ability|p2a: Chica|Intimidate|boost\n|-immune|p1a: Suicune\n|turn|14\n|\n|t:|1771247292\n|detailschange|p2a: Chica|Mawile-Mega, F\n|-mega|p2a: Chica|Mawile|Mawilite\n|move|p2a: Chica|Play Rough|p1a: Suicune\n|-end|p1a: Suicune|Substitute\n|move|p1a: Suicune|Scald|p2a: Chica\n|-damage|p2a: Chica|68/100\n|-status|p2a: Chica|brn\n|\n|-heal|p1a: Suicune|63/100|[from] item: Leftovers\n|-damage|p2a: Chica|63/100 brn|[from] brn\n|-fieldend|move: Trick Room\n|upkeep\n|turn|15\n|\n|t:|1771247300\n|move|p1a: Suicune|Scald|p2a: Chica\n|-crit|p2a: Chica\n|-damage|p2a: Chica|15/100 brn\n|move|p2a: Chica|Swords Dance|p2a: Chica\n|-boost|p2a: Chica|atk|2\n|\n|-heal|p1a: Suicune|69/100|[from] item: Leftovers\n|-damage|p2a: Chica|9/100 brn|[from] brn\n|upkeep\n|turn|16\n|\n|t:|1771247303\n|move|p1a: Suicune|Protect|p1a: Suicune\n|-singleturn|p1a: Suicune|Protect\n|move|p2a: Chica|Sucker Punch||[still]\n|-fail|p2a: Chica\n|\n|-heal|p1a: Suicune|75/100|[from] item: Leftovers\n|-damage|p2a: Chica|3/100 brn|[from] brn\n|upkeep\n|turn|17\n|\n|t:|1771247306\n|move|p1a: Suicune|Substitute|p1a: Suicune\n|-start|p1a: Suicune|Substitute\n|-damage|p1a: Suicune|50/100\n|move|p2a: Chica|Knock Off|p1a: Suicune\n|-end|p1a: Suicune|Substitute\n|\n|-heal|p1a: Suicune|56/100|[from] item: Leftovers\n|-damage|p2a: Chica|0 fnt|[from] brn\n|faint|p2a: Chica\n|detailschange|p2: Chica|Mawile, F|[silent]\n|upkeep\n|\n|t:|1771247311\n|switch|p2a: Freddy|Ursaluna, M|39/100 brn\n|-heal|p2a: Freddy|100/100|[from] move: Lunar Dance\n|-status|p2a: Freddy|tox\n|turn|18\n|\n|t:|1771247316\n|move|p1a: Suicune|Scald|p2a: Freddy\n|-supereffective|p2a: Freddy\n|-crit|p2a: Freddy\n|-damage|p2a: Freddy|33/100 tox\n|move|p2a: Freddy|Facade|p1a: Suicune\n|-damage|p1a: Suicune|0 fnt\n|faint|p1a: Suicune\n|\n|-damage|p2a: Freddy|27/100 tox|[from] psn\n|upkeep\n|\n|t:|1771247324\n|switch|p1a: Great Tusk|Great Tusk|100/100\n|-enditem|p1a: Great Tusk|Booster Energy\n|-activate|p1a: Great Tusk|ability: Protosynthesis|[fromitem]\n|-start|p1a: Great Tusk|protosynthesisatk\n|turn|19\n|\n|t:|1771247336\n|switch|p2a: F10-N4|Porygon2|100/100\n|-status|p2a: F10-N4|tox\n|move|p1a: Great Tusk|Close Combat|p2a: F10-N4\n|-supereffective|p2a: F10-N4\n|-damage|p2a: F10-N4|0 fnt\n|-unboost|p1a: Great Tusk|def|1\n|-unboost|p1a: Great Tusk|spd|1\n|faint|p2a: F10-N4\n|\n|upkeep\n|-message|riderzitto5 forfeited.\n|\n|win|TNT800\n|raw|TNT800's rating: 1662 &rarr; <strong>1680</strong><br />(+18 for winning)\n|raw|riderzitto5's rating: 1629 &rarr; <strong>1611</strong><br />(-18 for losing)\n|l|☆riderzitto5\n|player|p2|\n|l|☆TNT800\n|player|p1|\n", "uploadtime": 1771247497, "views": 3, "formatid": "gen9nationaldex", "rating": 1611, "private": 0, "password": null}