{"id": "gen9nationaldex-2540597799", "format": "[Gen 9] National Dex", "players": ["AyyOmega", "Cerberus 17"], "log": "|j|☆AyyOmega\n|j|☆Cerberus 17\n|t:|1771224418\n|gametype|singles\n|player|p1|AyyOmega|102|1676\n|player|p2|Cerberus 17|cynthia-gen4|1700\n|gen|9\n|tier|[Gen 9] National Dex\n|rated|\n|rule|HP Percentage Mod: HP is shown in percentages\n|rule|Endless Battle Clause: Forcing endless battles is banned\n|rule|Species Clause: Limit one of each Pokémon\n|rule|OHKO Clause: OHKO moves are banned\n|rule|Evasion Clause: Evasion abilities, items, and moves are banned\n|rule|Evasion Abilities Clause: Evasion abilities are banned\n|rule|Evasion Items Clause: Evasion items are banned\n|rule|Evasion Moves Clause: Evasion moves are banned\n|rule|Sleep Clause Mod: Limit one foe put to sleep\n|rule|Terastal Clause: You cannot Terastallize\n|clearpoke\n|poke|p1|Tapu Koko|\n|poke|p1|Iron Valiant|\n|poke|p1|Tyranitar, M|\n|poke|p1|Zapdos|\n|poke|p1|Alomomola, F|\n|poke|p1|Garchomp, F|\n|poke|p2|Tyranitar, M|\n|poke|p2|Kartana|\n|poke|p2|Diancie|\n|poke|p2|Excadrill, F|\n|poke|p2|Sinistcha-Masterpiece|\n|poke|p2|Kommo-o, M|\n|teampreview\n|inactive|Battle timer is ON: inactive players will automatically lose when time's up. (requested by Cerberus 17)\n|\n|t:|1771224441\n|teamsize|p1|6\n|teamsize|p2|6\n|start\n|switch|p1a: Garchomp|Garchomp, F|100/100\n|switch|p2a: Diancie|Diancie|100/100\n|turn|1\n|\n|t:|1771224447\n|detailschange|p2a: Diancie|Diancie-Mega\n|-mega|p2a: Diancie|Diancie|Diancite\n|move|p2a: Diancie|Moonblast|p1a: Garchomp\n|-supereffective|p1a: Garchomp\n|-damage|p1a: Garchomp|15/100\n|move|p1a: Garchomp|Earthquake|p2a: Diancie\n|-supereffective|p2a: Diancie\n|-damage|p2a: Diancie|0 fnt\n|faint|p2a: Diancie\n|detailschange|p2: Diancie|Diancie|[silent]\n|\n|upkeep\n|\n|t:|1771224455\n|switch|p2a: Kartana|Kartana|100/100\n|turn|2\n|\n|t:|1771224458\n|switch|p1a: Zapdos|Zapdos|100/100\n|move|p2a: Kartana|Knock Off|p1a: Zapdos\n|-damage|p1a: Zapdos|61/100\n|-enditem|p1a: Zapdos|Heavy-Duty Boots|[from] move: Knock Off|[of] p2a: Kartana\n|\n|upkeep\n|turn|3\n|\n|t:|1771224462\n|switch|p2a: Tyranitar|Tyranitar, M|100/100\n|-weather|Sandstorm|[from] ability: Sand Stream|[of] p2a: Tyranitar\n|move|p1a: Zapdos|Volt Switch|p2a: Tyranitar\n|-damage|p2a: Tyranitar|84/100\n|\n|t:|1771224464\n|switch|p1a: Tyranitar|Tyranitar, M|100/100|[from] Volt Switch\n|\n|-weather|Sandstorm|[upkeep]\n|upkeep\n|turn|4\n|\n|t:|1771224471\n|switch|p2a: Kommo-o|Kommo-o, M|100/100\n|detailschange|p1a: Tyranitar|Tyranitar-Mega, M\n|-mega|p1a: Tyranitar|Tyranitar|Tyranitarite\n|move|p1a: Tyranitar|Low Kick|p2a: Kommo-o\n|-damage|p2a: Kommo-o|67/100\n|\n|-weather|Sandstorm|[upkeep]\n|-damage|p2a: Kommo-o|61/100|[from] Sandstorm\n|upkeep\n|turn|5\n|\n|t:|1771224482\n|switch|p1a: Tapu Koko|Tapu Koko|100/100\n|-fieldstart|move: Electric Terrain|[from] ability: Electric Surge|[of] p1a: Tapu Koko\n|move|p2a: Kommo-o|Poison Jab|p1a: Tapu Koko\n|-supereffective|p1a: Tapu Koko\n|-damage|p1a: Tapu Koko|49/100\n|-status|p1a: Tapu Koko|psn\n|\n|-weather|Sandstorm|[upkeep]\n|-damage|p1a: Tapu Koko|42/100 psn|[from] Sandstorm\n|-damage|p2a: Kommo-o|55/100|[from] Sandstorm\n|-damage|p1a: Tapu Koko|30/100 psn|[from] psn\n|upkeep\n|turn|6\n|\n|t:|1771224492\n|switch|p2a: Excadrill|Excadrill, F|100/100\n|move|p1a: Tapu Koko|U-turn|p2a: Excadrill\n|-resisted|p2a: Excadrill\n|-damage|p2a: Excadrill|89/100\n|\n|t:|1771224500\n|switch|p1a: Iron Valiant|Iron Valiant|100/100|[from] U-turn\n|-activate|p1a: Iron Valiant|ability: Quark Drive\n|-start|p1a: Iron Valiant|quarkdrivespa\n|\n|-weather|Sandstorm|[upkeep]\n|-damage|p1a: Iron Valiant|94/100|[from] Sandstorm\n|upkeep\n|turn|7\n|c|☆AyyOmega|forgot to say hf\n|inactive|Cerberus 17 has 120 seconds left.\n|c|☆Cerberus 17|I'm not having fun with that Valiant though\n|c|☆Cerberus 17|But hf to you too, friend\n|inactive|Cerberus 17 has 90 seconds left.\n|\n|t:|1771224566\n|switch|p2a: Sinistcha|Sinistcha-Masterpiece|100/100\n|move|p1a: Iron Valiant|Vacuum Wave|p2a: Sinistcha\n|-immune|p2a: Sinistcha\n|\n|-weather|Sandstorm|[upkeep]\n|-damage|p1a: Iron Valiant|88/100|[from] Sandstorm\n|-damage|p2a: Sinistcha|94/100|[from] Sandstorm\n|-heal|p2a: Sinistcha|100/100|[from] item: Leftovers\n|upkeep\n|turn|8\n|inactive|Cerberus 17 has 90 seconds left.\n|\n|t:|1771224576\n|-end|p1a: Iron Valiant|Quark Drive|[silent]\n|switch|p1a: Tyranitar|Tyranitar-Mega, M|100/100\n|move|p2a: Sinistcha|Scald|p1a: Tyranitar\n|-supereffective|p1a: Tyranitar\n|-damage|p1a: Tyranitar|77/100\n|-status|p1a: Tyranitar|brn\n|\n|-weather|Sandstorm|[upkeep]\n|-damage|p2a: Sinistcha|94/100|[from] Sandstorm\n|-heal|p2a: Sinistcha|100/100|[from] item: Leftovers\n|-damage|p1a: Tyranitar|71/100 brn|[from] brn\n|upkeep\n|turn|9\n|inactive|Cerberus 17 has 90 seconds left.\n|\n|t:|1771224589\n|move|p1a: Tyranitar|Pursuit|p2a: Sinistcha\n|-supereffective|p2a: Sinistcha\n|-damage|p2a: Sinistcha|81/100\n|move|p2a: Sinistcha|Strength Sap|p1a: Tyranitar\n|-unboost|p1a: Tyranitar|atk|1\n|-heal|p2a: Sinistcha|100/100\n|\n|-weather|Sandstorm|[upkeep]\n|-damage|p2a: Sinistcha|94/100|[from] Sandstorm\n|-heal|p2a: Sinistcha|100/100|[from] item: Leftovers\n|-damage|p1a: Tyranitar|65/100 brn|[from] brn\n|-fieldend|move: Electric Terrain\n|upkeep\n|turn|10\n|inactive|Cerberus 17 has 90 seconds left.\n|\n|t:|1771224614\n|move|p1a: Tyranitar|Knock Off|p2a: Sinistcha\n|-supereffective|p2a: Sinistcha\n|-damage|p2a: Sinistcha|68/100\n|-enditem|p2a: Sinistcha|Leftovers|[from] move: Knock Off|[of] p1a: Tyranitar\n|move|p2a: Sinistcha|Calm Mind|p2a: Sinistcha\n|-boost|p2a: Sinistcha|spa|1\n|-boost|p2a: Sinistcha|spd|1\n|\n|-weather|none\n|-damage|p1a: Tyranitar|59/100 brn|[from] brn\n|upkeep\n|turn|11\n|\n|t:|1771224623\n|switch|p1a: Garchomp|Garchomp, F|15/100\n|move|p2a: Sinistcha|Matcha Gotcha|p1a: Garchomp\n|-damage|p1a: Garchomp|0 fnt\n|-heal|p2a: Sinistcha|76/100|[from] drain|[of] p1a: Garchomp\n|faint|p1a: Garchomp\n|\n|upkeep\n|\n|t:|1771224633\n|switch|p1a: Tapu Koko|Tapu Koko|30/100 psn\n|-fieldstart|move: Electric Terrain|[from] ability: Electric Surge|[of] p1a: Tapu Koko\n|turn|12\n|\n|t:|1771224640\n|move|p1a: Tapu Koko|U-turn|p2a: Sinistcha\n|-damage|p2a: Sinistcha|66/100\n|\n|t:|1771224649\n|switch|p1a: Alomomola|Alomomola, F|100/100|[from] U-turn\n|move|p2a: Sinistcha|Strength Sap|p1a: Alomomola\n|-unboost|p1a: Alomomola|atk|1\n|-heal|p2a: Sinistcha|100/100\n|\n|upkeep\n|turn|13\n|j| ghdsghjjjffssg\n|\n|t:|1771224657\n|move|p2a: Sinistcha|Calm Mind|p2a: Sinistcha\n|-boost|p2a: Sinistcha|spa|1\n|-boost|p2a: Sinistcha|spd|1\n|move|p1a: Alomomola|Mirror Coat||[still]\n|-fail|p1a: Alomomola\n|\n|upkeep\n|turn|14\n|\n|t:|1771224666\n|move|p2a: Sinistcha|Calm Mind|p2a: Sinistcha\n|-boost|p2a: Sinistcha|spa|1\n|-boost|p2a: Sinistcha|spd|1\n|move|p1a: Alomomola|Flip Turn|p2a: Sinistcha\n|-resisted|p2a: Sinistcha\n|-damage|p2a: Sinistcha|97/100\n|c|☆AyyOmega|dam\n|c|☆AyyOmega|gg\n|-message|AyyOmega forfeited.\n|\n|win|Cerberus 17\n|raw|AyyOmega's rating: 1676 &rarr; <strong>1657</strong><br />(-19 for losing)\n|raw|Cerberus 17's rating: 1700 &rarr; <strong>1719</strong><br />(+19 for winning)\n|l|☆AyyOmega\n|player|p1|\n|c|☆Cerberus 17|gg\n|l| ghdsghjjjffssg\n|l|☆Cerberus 17\n|player|p2|\n", "uploadtime": 1771224891, "views": 8, "formatid": "gen9nationaldex", "rating": 1657, "private": 0, "password": null}