{"id": "gen9nationaldex-2540264574", "format": "[Gen 9] National Dex", "players": ["testeo0014", "jblockman77"], "log": "|j|☆testeo0014\n|j|☆jblockman77\n|t:|1771182334\n|gametype|singles\n|player|p1|testeo0014|waiter|1518\n|player|p2|jblockman77|n|1528\n|gen|9\n|tier|[Gen 9] National Dex\n|rated|\n|rule|HP Percentage Mod: HP is shown in percentages\n|rule|Endless Battle Clause: Forcing endless battles is banned\n|rule|Species Clause: Limit one of each Pokémon\n|rule|OHKO Clause: OHKO moves are banned\n|rule|Evasion Clause: Evasion abilities, items, and moves are banned\n|rule|Evasion Abilities Clause: Evasion abilities are banned\n|rule|Evasion Items Clause: Evasion items are banned\n|rule|Evasion Moves Clause: Evasion moves are banned\n|rule|Sleep Clause Mod: Limit one foe put to sleep\n|rule|Terastal Clause: You cannot Terastallize\n|clearpoke\n|poke|p1|Gardevoir, F|\n|poke|p1|Alomomola, M|\n|poke|p1|Cinderace, F|\n|poke|p1|Zapdos|\n|poke|p1|Diggersby, M|\n|poke|p1|Kommo-o, M|\n|poke|p2|Gholdengo|\n|poke|p2|Kyurem|\n|poke|p2|Garganacl, F|\n|poke|p2|Slowking-Galar, F|\n|poke|p2|Kingambit, F|\n|poke|p2|Corviknight, F|\n|teampreview\n|inactive|Battle timer is ON: inactive players will automatically lose when time's up. (requested by testeo0014)\n|\n|t:|1771182361\n|teamsize|p1|6\n|teamsize|p2|6\n|start\n|switch|p1a: Cinderace|Cinderace, F|100/100\n|switch|p2a: Slowking|Slowking-Galar, F, shiny|100/100\n|turn|1\n|\n|t:|1771182364\n|move|p1a: Cinderace|U-turn|p2a: Slowking\n|-start|p1a: Cinderace|typechange|Bug|[from] ability: Libero\n|-damage|p2a: Slowking|67/100\n|\n|t:|1771182367\n|switch|p1a: Diggersby|Diggersby, M|100/100|[from] U-turn\n|move|p2a: Slowking|Thunder Wave|p1a: Diggersby\n|-immune|p1a: Diggersby\n|\n|upkeep\n|turn|2\n|\n|t:|1771182374\n|switch|p2a: Corviknight|Corviknight, F, shiny|100/100\n|-ability|p2a: Corviknight|Pressure\n|move|p1a: Diggersby|U-turn|p2a: Corviknight\n|-resisted|p2a: Corviknight\n|-damage|p2a: Corviknight|94/100\n|-damage|p1a: Diggersby|84/100|[from] item: Rocky Helmet|[of] p2a: Corviknight\n|\n|t:|1771182381\n|switch|p1a: Zapdos|Zapdos|100/100|[from] U-turn\n|\n|upkeep\n|turn|3\n|\n|t:|1771182384\n|move|p1a: Zapdos|Volt Switch|p2a: Corviknight\n|-supereffective|p2a: Corviknight\n|-damage|p2a: Corviknight|43/100\n|\n|t:|1771182392\n|switch|p1a: Cinderace|Cinderace, F|100/100|[from] Volt Switch\n|move|p2a: Corviknight|U-turn|p1a: Cinderace\n|-resisted|p1a: Cinderace\n|-damage|p1a: Cinderace|90/100\n|\n|t:|1771182398\n|switch|p2a: Slowking|Slowking-Galar, F, shiny|99/100|[from] U-turn\n|\n|upkeep\n|turn|4\n|\n|t:|1771182401\n|move|p1a: Cinderace|U-turn|p2a: Slowking\n|-start|p1a: Cinderace|typechange|Bug|[from] ability: Libero\n|-damage|p2a: Slowking|62/100\n|\n|t:|1771182412\n|switch|p1a: Diggersby|Diggersby, M|84/100|[from] U-turn\n|-prepare|p2a: Slowking|Chilly Reception|[premajor]\n|move|p2a: Slowking|Chilly Reception|p2a: Slowking\n|-weather|Snowscape\n|\n|t:|1771182414\n|switch|p2a: Kyurem|Kyurem, shiny|100/100|[from] Chilly Reception\n|-ability|p2a: Kyurem|Pressure\n|\n|-weather|Snowscape|[upkeep]\n|upkeep\n|turn|5\n|\n|t:|1771182419\n|switch|p1a: Alomomola|Alomomola, M|100/100\n|move|p2a: Kyurem|Dragon Dance|p2a: Kyurem\n|-boost|p2a: Kyurem|atk|1\n|-boost|p2a: Kyurem|spe|1\n|\n|-weather|Snowscape|[upkeep]\n|upkeep\n|turn|6\n|\n|t:|1771182429\n|move|p2a: Kyurem|Scale Shot|p1a: Alomomola|[miss]\n|-miss|p2a: Kyurem|p1a: Alomomola\n|move|p1a: Alomomola|Knock Off|p2a: Kyurem\n|-damage|p2a: Kyurem|92/100\n|\n|-weather|Snowscape|[upkeep]\n|upkeep\n|turn|7\n|c|☆jblockman77|oh I forgot loaded dice...\n|\n|t:|1771182449\n|move|p2a: Kyurem|Scale Shot|p1a: Alomomola\n|-damage|p1a: Alomomola|86/100\n|-damage|p1a: Alomomola|73/100\n|-hitcount|p1a: Alomomola|2\n|-unboost|p2a: Kyurem|def|1\n|-boost|p2a: Kyurem|spe|1\n|move|p1a: Alomomola|Flip Turn|p2a: Kyurem\n|-resisted|p2a: Kyurem\n|-damage|p2a: Kyurem|83/100\n|inactive|testeo0014 has 120 seconds left.\n|\n|t:|1771182478\n|switch|p1a: Gardevoir|Gardevoir, F|100/100|[from] Flip Turn\n|-ability|p1a: Gardevoir|Pressure|Trace|[from] ability: Trace|[of] p2a: Kyurem\n|-ability|p1a: Gardevoir|Pressure\n|\n|-weather|Snowscape|[upkeep]\n|upkeep\n|turn|8\n|\n|t:|1771182484\n|switch|p1a: Alomomola|Alomomola, M|100/100\n|move|p2a: Kyurem|Icicle Spear|p1a: Alomomola\n|-resisted|p1a: Alomomola\n|-damage|p1a: Alomomola|93/100\n|-resisted|p1a: Alomomola\n|-damage|p1a: Alomomola|85/100\n|-hitcount|p1a: Alomomola|2\n|\n|-weather|none\n|upkeep\n|turn|9\n|\n|t:|1771182488\n|move|p2a: Kyurem|Scale Shot|p1a: Alomomola\n|-damage|p1a: Alomomola|71/100\n|-damage|p1a: Alomomola|56/100\n|-damage|p1a: Alomomola|41/100\n|-hitcount|p1a: Alomomola|3\n|-unboost|p2a: Kyurem|def|1\n|-boost|p2a: Kyurem|spe|1\n|move|p1a: Alomomola|Flip Turn|p2a: Kyurem\n|-resisted|p2a: Kyurem\n|-damage|p2a: Kyurem|66/100\n|\n|t:|1771182491\n|switch|p1a: Diggersby|Diggersby, M|84/100|[from] Flip Turn\n|\n|upkeep\n|turn|10\n|\n|t:|1771182495\n|move|p1a: Diggersby|Quick Attack|p2a: Kyurem\n|-damage|p2a: Kyurem|0 fnt\n|faint|p2a: Kyurem\n|\n|upkeep\n|\n|t:|1771182503\n|switch|p2a: Corviknight|Corviknight, F, shiny|43/100\n|-ability|p2a: Corviknight|Pressure\n|turn|11\n|\n|t:|1771182506\n|switch|p1a: Zapdos|Zapdos|100/100\n|move|p2a: Corviknight|Roost|p2a: Corviknight\n|-heal|p2a: Corviknight|93/100\n|-singleturn|p2a: Corviknight|move: Roost\n|\n|upkeep\n|turn|12\n|\n|t:|1771182508\n|switch|p2a: Garganacl|Garganacl, F, shiny|100/100\n|move|p1a: Zapdos|Volt Switch|p2a: Garganacl\n|-damage|p2a: Garganacl|80/100\n|\n|t:|1771182511\n|switch|p1a: Diggersby|Diggersby, M|84/100|[from] Volt Switch\n|\n|-heal|p2a: Garganacl|87/100|[from] item: Leftovers\n|upkeep\n|turn|13\n|\n|t:|1771182515\n|switch|p2a: Gholdengo|Gholdengo, shiny|100/100\n|-item|p2a: Gholdengo|Air Balloon\n|move|p1a: Diggersby|U-turn|p2a: Gholdengo\n|-resisted|p2a: Gholdengo\n|-damage|p2a: Gholdengo|91/100\n|-enditem|p2a: Gholdengo|Air Balloon\n|\n|t:|1771182523\n|switch|p1a: Alomomola|Alomomola, M|75/100|[from] U-turn\n|\n|upkeep\n|turn|14\n|\n|t:|1771182527\n|move|p2a: Gholdengo|Shadow Ball|p1a: Alomomola\n|-damage|p1a: Alomomola|58/100\n|move|p1a: Alomomola|Flip Turn|p2a: Gholdengo\n|-damage|p2a: Gholdengo|79/100\n|\n|t:|1771182534\n|switch|p1a: Zapdos|Zapdos|100/100|[from] Flip Turn\n|\n|upkeep\n|turn|15\n|\n|t:|1771182536\n|move|p1a: Zapdos|Discharge|p2a: Gholdengo\n|-damage|p2a: Gholdengo|48/100\n|move|p2a: Gholdengo|Nasty Plot|p2a: Gholdengo\n|-boost|p2a: Gholdengo|spa|2\n|\n|upkeep\n|turn|16\n|\n|t:|1771182551\n|move|p1a: Zapdos|Discharge|p2a: Gholdengo\n|-damage|p2a: Gholdengo|17/100\n|move|p2a: Gholdengo|Recover|p2a: Gholdengo\n|-heal|p2a: Gholdengo|67/100\n|\n|upkeep\n|turn|17\n|\n|t:|1771182555\n|move|p1a: Zapdos|Discharge|p2a: Gholdengo\n|-damage|p2a: Gholdengo|36/100\n|move|p2a: Gholdengo|Shadow Ball|p1a: Zapdos\n|-damage|p1a: Zapdos|38/100\n|\n|upkeep\n|turn|18\n|\n|t:|1771182564\n|move|p1a: Zapdos|Volt Switch|p2a: Gholdengo\n|-damage|p2a: Gholdengo|9/100\n|\n|t:|1771182566\n|switch|p1a: Kommo-o|Kommo-o, M|100/100|[from] Volt Switch\n|move|p2a: Gholdengo|Recover|p2a: Gholdengo\n|-heal|p2a: Gholdengo|59/100\n|\n|upkeep\n|turn|19\n|\n|t:|1771182588\n|switch|p1a: Alomomola|Alomomola, M|91/100\n|move|p2a: Gholdengo|Make It Rain|p1a: Alomomola\n|-resisted|p1a: Alomomola\n|-damage|p1a: Alomomola|64/100\n|-unboost|p2a: Gholdengo|spa|1\n|\n|upkeep\n|turn|20\n|\n|t:|1771182594\n|move|p2a: Gholdengo|Recover|p2a: Gholdengo\n|-heal|p2a: Gholdengo|100/100\n|move|p1a: Alomomola|Flip Turn|p2a: Gholdengo\n|-damage|p2a: Gholdengo|88/100\n|\n|t:|1771182601\n|switch|p1a: Cinderace|Cinderace, F|90/100|[from] Flip Turn\n|\n|upkeep\n|turn|21\n|\n|t:|1771182606\n|switch|p2a: Garganacl|Garganacl, F, shiny|87/100\n|move|p1a: Cinderace|Pyro Ball|p2a: Garganacl\n|-resisted|p2a: Garganacl\n|-damage|p2a: Garganacl|66/100\n|\n|-heal|p2a: Garganacl|73/100|[from] item: Leftovers\n|upkeep\n|turn|22\n|\n|t:|1771182610\n|move|p1a: Cinderace|Low Kick|p2a: Garganacl\n|-start|p1a: Cinderace|typechange|Fighting|[from] ability: Libero\n|-supereffective|p2a: Garganacl\n|-damage|p2a: Garganacl|0 fnt\n|faint|p2a: Garganacl\n|\n|upkeep\n|\n|t:|1771182614\n|switch|p2a: Slowking|Slowking-Galar, F, shiny|95/100\n|turn|23\n|\n|t:|1771182616\n|move|p1a: Cinderace|U-turn|p2a: Slowking\n|-damage|p2a: Slowking|72/100\n|\n|t:|1771182618\n|switch|p1a: Diggersby|Diggersby, M|84/100|[from] U-turn\n|move|p2a: Slowking|Future Sight|p1a: Diggersby\n|-start|p2a: Slowking|move: Future Sight\n|\n|upkeep\n|turn|24\n|\n|t:|1771182622\n|switch|p2a: Corviknight|Corviknight, F, shiny|93/100\n|-ability|p2a: Corviknight|Pressure\n|move|p1a: Diggersby|U-turn|p2a: Corviknight\n|-resisted|p2a: Corviknight\n|-damage|p2a: Corviknight|85/100\n|-damage|p1a: Diggersby|68/100|[from] item: Rocky Helmet|[of] p2a: Corviknight\n|\n|t:|1771182626\n|switch|p1a: Gardevoir|Gardevoir, F|100/100|[from] U-turn\n|-ability|p1a: Gardevoir|Pressure|Trace|[from] ability: Trace|[of] p2a: Corviknight\n|-ability|p1a: Gardevoir|Pressure\n|\n|upkeep\n|turn|25\n|\n|t:|1771182631\n|detailschange|p1a: Gardevoir|Gardevoir-Mega, F\n|-mega|p1a: Gardevoir|Gardevoir|Gardevoirite\n|move|p1a: Gardevoir|Mystical Fire|p2a: Corviknight\n|-supereffective|p2a: Corviknight\n|-damage|p2a: Corviknight|25/100\n|-unboost|p2a: Corviknight|spa|1\n|move|p2a: Corviknight|U-turn|p1a: Gardevoir\n|-damage|p1a: Gardevoir|77/100\n|\n|t:|1771182637\n|switch|p2a: Slowking|Slowking-Galar, F, shiny|100/100|[from] U-turn\n|\n|-end|p1a: Gardevoir|move: Future Sight\n|-resisted|p1a: Gardevoir\n|-damage|p1a: Gardevoir|54/100\n|upkeep\n|turn|26\n|\n|t:|1771182644\n|switch|p1a: Diggersby|Diggersby, M|68/100\n|-prepare|p2a: Slowking|Chilly Reception|[premajor]\n|move|p2a: Slowking|Chilly Reception|p2a: Slowking\n|-weather|Snowscape\n|\n|t:|1771182646\n|switch|p2a: Corviknight|Corviknight, F, shiny|25/100|[from] Chilly Reception\n|-ability|p2a: Corviknight|Pressure\n|\n|-weather|Snowscape|[upkeep]\n|upkeep\n|turn|27\n|\n|t:|1771182654\n|switch|p1a: Zapdos|Zapdos|38/100\n|move|p2a: Corviknight|U-turn|p1a: Zapdos\n|-resisted|p1a: Zapdos\n|-damage|p1a: Zapdos|33/100\n|\n|t:|1771182657\n|switch|p2a: Gholdengo|Gholdengo, shiny|88/100|[from] U-turn\n|\n|-weather|Snowscape|[upkeep]\n|upkeep\n|turn|28\n|\n|t:|1771182661\n|move|p1a: Zapdos|Volt Switch|p2a: Gholdengo\n|-damage|p2a: Gholdengo|63/100\n|\n|t:|1771182663\n|switch|p1a: Alomomola|Alomomola, M|97/100|[from] Volt Switch\n|move|p2a: Gholdengo|Shadow Ball|p1a: Alomomola\n|-damage|p1a: Alomomola|78/100\n|-unboost|p1a: Alomomola|spd|1\n|\n|-weather|Snowscape|[upkeep]\n|upkeep\n|turn|29\n|\n|t:|1771182666\n|move|p2a: Gholdengo|Nasty Plot|p2a: Gholdengo\n|-boost|p2a: Gholdengo|spa|2\n|move|p1a: Alomomola|Flip Turn|p2a: Gholdengo\n|-damage|p2a: Gholdengo|50/100\n|\n|t:|1771182669\n|switch|p1a: Cinderace|Cinderace, F|90/100|[from] Flip Turn\n|\n|-weather|Snowscape|[upkeep]\n|upkeep\n|turn|30\n|\n|t:|1771182672\n|switch|p2a: Slowking|Slowking-Galar, F, shiny|100/100\n|move|p1a: Cinderace|Pyro Ball|p2a: Slowking\n|-damage|p2a: Slowking|44/100\n|\n|-weather|none\n|upkeep\n|turn|31\n|\n|t:|1771182680\n|move|p1a: Cinderace|Pyro Ball|p2a: Slowking\n|-damage|p2a: Slowking|0 fnt\n|faint|p2a: Slowking\n|\n|upkeep\n|\n|t:|1771182686\n|switch|p2a: Kingambit|Kingambit, F|100/100\n|-activate|p2a: Kingambit|ability: Supreme Overlord\n|-start|p2a: Kingambit|fallen3|[silent]\n|turn|32\n|\n|t:|1771182691\n|move|p2a: Kingambit|Sucker Punch|p1a: Cinderace\n|-damage|p1a: Cinderace|0 fnt\n|faint|p1a: Cinderace\n|\n|upkeep\n|\n|t:|1771182697\n|switch|p1a: Kommo-o|Kommo-o, M|100/100\n|turn|33\n|\n|t:|1771182703\n|-end|p2a: Kingambit|fallen3|[silent]\n|switch|p2a: Corviknight|Corviknight, F, shiny|25/100\n|-ability|p2a: Corviknight|Pressure\n|move|p1a: Kommo-o|Vacuum Wave|p2a: Corviknight\n|-damage|p2a: Corviknight|8/100\n|\n|upkeep\n|turn|34\n|\n|t:|1771182707\n|-zpower|p1a: Kommo-o\n|move|p1a: Kommo-o|Clangorous Soulblaze|p2a: Corviknight|[zeffect]\n|-resisted|p2a: Corviknight\n|-damage|p2a: Corviknight|0 fnt\n|faint|p2a: Corviknight\n|-boost|p1a: Kommo-o|atk|1\n|-boost|p1a: Kommo-o|def|1\n|-boost|p1a: Kommo-o|spa|1\n|-boost|p1a: Kommo-o|spd|1\n|-boost|p1a: Kommo-o|spe|1\n|\n|upkeep\n|\n|t:|1771182709\n|switch|p2a: Gholdengo|Gholdengo, shiny|50/100\n|turn|35\n|\n|t:|1771182712\n|move|p1a: Kommo-o|Throat Chop|p2a: Gholdengo\n|-supereffective|p2a: Gholdengo\n|-damage|p2a: Gholdengo|12/100\n|-start|p2a: Gholdengo|Throat Chop|[silent]\n|move|p2a: Gholdengo|Recover|p2a: Gholdengo\n|-heal|p2a: Gholdengo|62/100\n|\n|upkeep\n|turn|36\n|\n|t:|1771182716\n|move|p1a: Kommo-o|Throat Chop|p2a: Gholdengo\n|-supereffective|p2a: Gholdengo\n|-damage|p2a: Gholdengo|21/100\n|move|p2a: Gholdengo|Recover|p2a: Gholdengo\n|-heal|p2a: Gholdengo|71/100\n|\n|-end|p2a: Gholdengo|Throat Chop|[silent]\n|upkeep\n|turn|37\n|\n|t:|1771182718\n|move|p1a: Kommo-o|Throat Chop|p2a: Gholdengo\n|-supereffective|p2a: Gholdengo\n|-damage|p2a: Gholdengo|31/100\n|-start|p2a: Gholdengo|Throat Chop|[silent]\n|move|p2a: Gholdengo|Recover|p2a: Gholdengo\n|-heal|p2a: Gholdengo|81/100\n|\n|upkeep\n|turn|38\n|\n|t:|1771182721\n|move|p1a: Kommo-o|Throat Chop|p2a: Gholdengo\n|-supereffective|p2a: Gholdengo\n|-damage|p2a: Gholdengo|40/100\n|move|p2a: Gholdengo|Nasty Plot|p2a: Gholdengo\n|-boost|p2a: Gholdengo|spa|2\n|\n|-end|p2a: Gholdengo|Throat Chop|[silent]\n|upkeep\n|turn|39\n|\n|t:|1771182724\n|move|p1a: Kommo-o|Throat Chop|p2a: Gholdengo\n|-supereffective|p2a: Gholdengo\n|-damage|p2a: Gholdengo|1/100\n|-start|p2a: Gholdengo|Throat Chop|[silent]\n|move|p2a: Gholdengo|Recover|p2a: Gholdengo\n|-heal|p2a: Gholdengo|51/100\n|\n|upkeep\n|turn|40\n|\n|t:|1771182733\n|switch|p1a: Zapdos|Zapdos|33/100\n|move|p2a: Gholdengo|Recover|p2a: Gholdengo\n|-heal|p2a: Gholdengo|100/100\n|\n|-end|p2a: Gholdengo|Throat Chop|[silent]\n|upkeep\n|turn|41\n|\n|t:|1771182736\n|move|p1a: Zapdos|Discharge|p2a: Gholdengo\n|-damage|p2a: Gholdengo|69/100\n|-status|p2a: Gholdengo|par\n|cant|p2a: Gholdengo|par\n|\n|upkeep\n|turn|42\n|\n|t:|1771182741\n|move|p1a: Zapdos|Volt Switch|p2a: Gholdengo\n|-damage|p2a: Gholdengo|42/100 par\n|\n|t:|1771182744\n|switch|p1a: Alomomola|Alomomola, M|100/100|[from] Volt Switch\n|move|p2a: Gholdengo|Make It Rain|p1a: Alomomola\n|-resisted|p1a: Alomomola\n|-damage|p1a: Alomomola|73/100\n|-unboost|p2a: Gholdengo|spa|1\n|\n|upkeep\n|turn|43\n|\n|t:|1771182747\n|move|p1a: Alomomola|Flip Turn|p2a: Gholdengo\n|-damage|p2a: Gholdengo|30/100 par\n|\n|t:|1771182750\n|switch|p1a: Gardevoir|Gardevoir-Mega, F|54/100|[from] Flip Turn\n|cant|p2a: Gholdengo|par\n|\n|upkeep\n|turn|44\n|\n|t:|1771182757\n|move|p1a: Gardevoir|Mystical Fire|p2a: Gholdengo\n|-supereffective|p2a: Gholdengo\n|-damage|p2a: Gholdengo|0 fnt\n|faint|p2a: Gholdengo\n|\n|upkeep\n|\n|t:|1771182758\n|switch|p2a: Kingambit|Kingambit, F|100/100\n|-activate|p2a: Kingambit|ability: Supreme Overlord\n|-start|p2a: Kingambit|fallen5|[silent]\n|turn|45\n|\n|t:|1771182760\n|move|p2a: Kingambit|Sucker Punch|p1a: Gardevoir\n|-damage|p1a: Gardevoir|0 fnt\n|faint|p1a: Gardevoir\n|detailschange|p1: Gardevoir|Gardevoir, F|[silent]\n|\n|upkeep\n|\n|t:|1771182769\n|switch|p1a: Diggersby|Diggersby, M|68/100\n|turn|46\n|\n|t:|1771182772\n|move|p1a: Diggersby|Quick Attack|p2a: Kingambit\n|-resisted|p2a: Kingambit\n|-damage|p2a: Kingambit|86/100\n|move|p2a: Kingambit|Knock Off|p1a: Diggersby\n|-damage|p1a: Diggersby|0 fnt\n|-enditem|p1a: Diggersby|Choice Band|[from] move: Knock Off|[of] p2a: Kingambit\n|faint|p1a: Diggersby\n|\n|upkeep\n|\n|t:|1771182776\n|switch|p1a: Kommo-o|Kommo-o, M|100/100\n|turn|47\n|\n|t:|1771182780\n|move|p1a: Kommo-o|Vacuum Wave|p2a: Kingambit\n|-supereffective|p2a: Kingambit\n|-damage|p2a: Kingambit|11/100\n|move|p2a: Kingambit|Iron Head|p1a: Kommo-o\n|-damage|p1a: Kommo-o|36/100\n|\n|upkeep\n|turn|48\n|\n|t:|1771182784\n|move|p1a: Kommo-o|Vacuum Wave|p2a: Kingambit\n|-supereffective|p2a: Kingambit\n|-damage|p2a: Kingambit|0 fnt\n|faint|p2a: Kingambit\n|-end|p2a: Kingambit|fallen5|[silent]\n|\n|win|testeo0014\n|raw|testeo0014's rating: 1518 &rarr; <strong>1539</strong><br />(+21 for winning)\n|raw|jblockman77's rating: 1528 &rarr; <strong>1507</strong><br />(-21 for losing)\n|l|☆jblockman77\n|player|p2|\n|l|☆testeo0014\n|player|p1|\n", "uploadtime": 1771182998, "views": 11, "formatid": "gen9nationaldex", "rating": 1507, "private": 0, "password": null}