{"id": "gen9nationaldex-2540859278", "format": "[Gen 9] National Dex", "players": ["Clangviction", "calamityiscoming2"], "log": "|j|☆Clangviction\n|j|☆calamityiscoming2\n|t:|1771261341\n|gametype|singles\n|player|p1|Clangviction|hilda|1707\n|player|p2|calamityiscoming2|bellelba|1869\n|gen|9\n|tier|[Gen 9] National Dex\n|rated|\n|rule|HP Percentage Mod: HP is shown in percentages\n|rule|Endless Battle Clause: Forcing endless battles is banned\n|rule|Species Clause: Limit one of each Pokémon\n|rule|OHKO Clause: OHKO moves are banned\n|rule|Evasion Clause: Evasion abilities, items, and moves are banned\n|rule|Evasion Abilities Clause: Evasion abilities are banned\n|rule|Evasion Items Clause: Evasion items are banned\n|rule|Evasion Moves Clause: Evasion moves are banned\n|rule|Sleep Clause Mod: Limit one foe put to sleep\n|rule|Terastal Clause: You cannot Terastallize\n|clearpoke\n|poke|p1|Volcarona, M|\n|poke|p1|Beedrill, F|\n|poke|p1|Zapdos|\n|poke|p1|Great Tusk|\n|poke|p1|Tapu Lele|\n|poke|p1|Samurott-Hisui, F|\n|poke|p2|Ogerpon-Cornerstone, F|\n|poke|p2|Lopunny, M|\n|poke|p2|Gholdengo|\n|poke|p2|Garchomp, F|\n|poke|p2|Alomomola, F|\n|poke|p2|Zapdos|\n|teampreview\n|inactive|Battle timer is ON: inactive players will automatically lose when time's up. (requested by Clangviction)\n|\n|t:|1771261348\n|teamsize|p1|6\n|teamsize|p2|6\n|start\n|switch|p1a: Samurott|Samurott-Hisui, F|100/100\n|switch|p2a: Alomomola|Alomomola, F|100/100\n|turn|1\n|\n|t:|1771261353\n|move|p1a: Samurott|Taunt|p2a: Alomomola\n|-start|p2a: Alomomola|move: Taunt\n|move|p2a: Alomomola|Flip Turn|p1a: Samurott\n|-resisted|p1a: Samurott\n|-damage|p1a: Samurott|90/100\n|\n|t:|1771261358\n|switch|p2a: Ogerpon|Ogerpon-Cornerstone, F|100/100|[from] Flip Turn\n|\n|upkeep\n|turn|2\n|\n|t:|1771261362\n|switch|p1a: Zapdos|Zapdos|100/100\n|move|p2a: Ogerpon|Power Whip|p1a: Zapdos\n|-resisted|p1a: Zapdos\n|-damage|p1a: Zapdos|74/100\n|-status|p2a: Ogerpon|par|[from] ability: Static|[of] p1a: Zapdos\n|\n|upkeep\n|turn|3\n|\n|t:|1771261365\n|move|p1a: Zapdos|Volt Switch|p2a: Ogerpon\n|-resisted|p2a: Ogerpon\n|-damage|p2a: Ogerpon|82/100 par\n|c|☆calamityiscoming2|agency\n|\n|t:|1771261370\n|switch|p1a: Samurott|Samurott-Hisui, F|90/100|[from] Volt Switch\n|move|p2a: Ogerpon|Ivy Cudgel|p1a: Samurott|[anim] Ivy Cudgel Rock\n|-damage|p1a: Samurott|20/100\n|\n|upkeep\n|turn|4\n|\n|t:|1771261374\n|move|p1a: Samurott|Ceaseless Edge|p2a: Ogerpon\n|-damage|p2a: Ogerpon|29/100 par\n|-sidestart|p2: calamityiscoming2|Spikes\n|cant|p2a: Ogerpon|par\n|\n|upkeep\n|turn|5\n|\n|t:|1771261378\n|move|p1a: Samurott|Ceaseless Edge|p2a: Ogerpon\n|-damage|p2a: Ogerpon|0 fnt\n|-sidestart|p2: calamityiscoming2|Spikes\n|faint|p2a: Ogerpon\n|\n|upkeep\n|c|☆calamityiscoming2|agency\n|\n|t:|1771261382\n|switch|p2a: Zapdos|Zapdos|100/100\n|turn|6\n|\n|t:|1771261385\n|move|p1a: Samurott|Taunt|p2a: Zapdos\n|-start|p2a: Zapdos|move: Taunt\n|cant|p2a: Zapdos|move: Taunt|Defog\n|\n|upkeep\n|turn|7\n|\n|t:|1771261389\n|move|p1a: Samurott|Ceaseless Edge|p2a: Zapdos\n|-damage|p2a: Zapdos|69/100\n|-status|p1a: Samurott|par|[from] ability: Static|[of] p2a: Zapdos\n|-sidestart|p2: calamityiscoming2|Spikes\n|move|p2a: Zapdos|Hurricane|p1a: Samurott\n|-damage|p1a: Samurott|0 fnt\n|faint|p1a: Samurott\n|\n|upkeep\n|\n|t:|1771261396\n|switch|p1a: Tapu Lele|Tapu Lele|100/100\n|-fieldstart|move: Psychic Terrain|[from] ability: Psychic Surge|[of] p1a: Tapu Lele\n|turn|8\n|\n|t:|1771261398\n|switch|p2a: Gholdengo|Gholdengo|100/100\n|-damage|p2a: Gholdengo|76/100|[from] Spikes\n|move|p1a: Tapu Lele|Psychic|p2a: Gholdengo\n|-resisted|p2a: Gholdengo\n|-damage|p2a: Gholdengo|46/100\n|\n|upkeep\n|turn|9\n|\n|t:|1771261406\n|switch|p1a: Volcarona|Volcarona, M|100/100\n|move|p2a: Gholdengo|Recover|p2a: Gholdengo\n|-heal|p2a: Gholdengo|96/100\n|\n|upkeep\n|turn|10\n|\n|t:|1771261416\n|switch|p2a: Alomomola|Alomomola, F|100/100\n|-damage|p2a: Alomomola|76/100|[from] Spikes\n|move|p1a: Volcarona|Fiery Dance|p2a: Alomomola\n|-resisted|p2a: Alomomola\n|-crit|p2a: Alomomola\n|-damage|p2a: Alomomola|57/100\n|-boost|p1a: Volcarona|spa|1\n|\n|upkeep\n|turn|11\n|\n|t:|1771261421\n|move|p1a: Volcarona|Quiver Dance|p1a: Volcarona\n|-boost|p1a: Volcarona|spa|1\n|-boost|p1a: Volcarona|spd|1\n|-boost|p1a: Volcarona|spe|1\n|move|p2a: Alomomola|Flip Turn|p1a: Volcarona\n|-supereffective|p1a: Volcarona\n|-damage|p1a: Volcarona|46/100\n|-status|p2a: Alomomola|brn|[from] ability: Flame Body|[of] p1a: Volcarona\n|\n|t:|1771261435\n|switch|p2a: Garchomp|Garchomp, F|100/100|[from] Flip Turn\n|-damage|p2a: Garchomp|75/100|[from] Spikes\n|\n|-heal|p2a: Garchomp|82/100|[from] item: Leftovers\n|upkeep\n|turn|12\n|\n|t:|1771261442\n|move|p1a: Volcarona|Bug Buzz|p2a: Garchomp\n|-damage|p2a: Garchomp|15/100\n|move|p2a: Garchomp|Earthquake|p1a: Volcarona\n|-damage|p1a: Volcarona|0 fnt\n|faint|p1a: Volcarona\n|\n|-heal|p2a: Garchomp|21/100|[from] item: Leftovers\n|-fieldend|move: Psychic Terrain\n|upkeep\n|\n|t:|1771261449\n|switch|p1a: Great Tusk|Great Tusk|100/100\n|-enditem|p1a: Great Tusk|Booster Energy\n|-activate|p1a: Great Tusk|ability: Protosynthesis|[fromitem]\n|-start|p1a: Great Tusk|protosynthesisatk\n|turn|13\n|\n|t:|1771261452\n|move|p2a: Garchomp|Toxic|p1a: Great Tusk\n|-status|p1a: Great Tusk|tox\n|move|p1a: Great Tusk|Rapid Spin|p2a: Garchomp\n|-damage|p2a: Garchomp|0 fnt\n|-boost|p1a: Great Tusk|spe|1\n|-damage|p1a: Great Tusk|88/100 tox|[from] ability: Rough Skin|[of] p2a: Garchomp\n|faint|p2a: Garchomp\n|\n|-damage|p1a: Great Tusk|82/100 tox|[from] psn\n|upkeep\n|\n|t:|1771261459\n|switch|p2a: Zapdos|Zapdos|69/100\n|turn|14\n|\n|t:|1771261463\n|move|p1a: Great Tusk|Ice Spinner|p2a: Zapdos\n|-supereffective|p2a: Zapdos\n|-crit|p2a: Zapdos\n|-damage|p2a: Zapdos|0 fnt\n|faint|p2a: Zapdos\n|\n|-damage|p1a: Great Tusk|69/100 tox|[from] psn\n|upkeep\n|c|☆Clangviction|Mb\n|\n|t:|1771261476\n|switch|p2a: Lopunny|Lopunny, M|100/100\n|-damage|p2a: Lopunny|76/100|[from] Spikes\n|turn|15\n|\n|t:|1771261480\n|-end|p1a: Great Tusk|Protosynthesis|[silent]\n|switch|p1a: Tapu Lele|Tapu Lele|100/100\n|-fieldstart|move: Psychic Terrain|[from] ability: Psychic Surge|[of] p1a: Tapu Lele\n|detailschange|p2a: Lopunny|Lopunny-Mega, M\n|-mega|p2a: Lopunny|Lopunny|Lopunnite\n|move|p2a: Lopunny|Fake Out|p1a: Tapu Lele\n|-activate|p1a: Tapu Lele|move: Psychic Terrain\n|\n|upkeep\n|turn|16\n|\n|t:|1771261483\n|switch|p2a: Gholdengo|Gholdengo|96/100\n|-damage|p2a: Gholdengo|71/100|[from] Spikes\n|move|p1a: Tapu Lele|Psychic|p2a: Gholdengo\n|-resisted|p2a: Gholdengo\n|-damage|p2a: Gholdengo|43/100\n|\n|upkeep\n|turn|17\n|\n|t:|1771261487\n|switch|p1a: Beedrill|Beedrill, F|100/100\n|move|p2a: Gholdengo|Recover|p2a: Gholdengo\n|-heal|p2a: Gholdengo|93/100\n|\n|upkeep\n|turn|18\n|\n|t:|1771261489\n|detailschange|p1a: Beedrill|Beedrill-Mega, F\n|-mega|p1a: Beedrill|Beedrill|Beedrillite\n|move|p1a: Beedrill|Knock Off|p2a: Gholdengo\n|-supereffective|p2a: Gholdengo\n|-damage|p2a: Gholdengo|54/100\n|move|p2a: Gholdengo|Shadow Ball|p1a: Beedrill\n|-damage|p1a: Beedrill|48/100\n|\n|upkeep\n|turn|19\n|\n|t:|1771261493\n|move|p1a: Beedrill|Drill Run|p2a: Gholdengo\n|-supereffective|p2a: Gholdengo\n|-damage|p2a: Gholdengo|9/100\n|move|p2a: Gholdengo|Recover|p2a: Gholdengo\n|-heal|p2a: Gholdengo|59/100\n|\n|-fieldend|move: Psychic Terrain\n|upkeep\n|turn|20\n|\n|t:|1771261501\n|move|p1a: Beedrill|Drill Run|p2a: Gholdengo\n|-supereffective|p2a: Gholdengo\n|-damage|p2a: Gholdengo|16/100\n|move|p2a: Gholdengo|Shadow Ball|p1a: Beedrill\n|-damage|p1a: Beedrill|0 fnt\n|faint|p1a: Beedrill\n|detailschange|p1: Beedrill|Beedrill, F|[silent]\n|\n|upkeep\n|\n|t:|1771261505\n|switch|p1a: Tapu Lele|Tapu Lele|100/100\n|-fieldstart|move: Psychic Terrain|[from] ability: Psychic Surge|[of] p1a: Tapu Lele\n|turn|21\n|\n|t:|1771261508\n|move|p1a: Tapu Lele|Psychic|p2a: Gholdengo\n|-resisted|p2a: Gholdengo\n|-damage|p2a: Gholdengo|0 fnt\n|faint|p2a: Gholdengo\n|\n|upkeep\n|\n|t:|1771261509\n|switch|p2a: Alomomola|Alomomola, F|91/100 brn\n|-damage|p2a: Alomomola|66/100 brn|[from] Spikes\n|turn|22\n|\n|t:|1771261515\n|switch|p1a: Great Tusk|Great Tusk|69/100 tox\n|move|p2a: Alomomola|Mirror Coat||[still]\n|-fail|p2a: Alomomola\n|\n|-damage|p1a: Great Tusk|63/100 tox|[from] psn\n|-damage|p2a: Alomomola|59/100 brn|[from] brn\n|upkeep\n|turn|23\n|\n|t:|1771261523\n|move|p1a: Great Tusk|Close Combat|p2a: Alomomola\n|-damage|p2a: Alomomola|16/100 brn\n|-unboost|p1a: Great Tusk|def|1\n|-unboost|p1a: Great Tusk|spd|1\n|move|p2a: Alomomola|Scald|p1a: Great Tusk\n|-supereffective|p1a: Great Tusk\n|-damage|p1a: Great Tusk|11/100 tox\n|\n|-damage|p1a: Great Tusk|0 fnt|[from] psn\n|faint|p1a: Great Tusk\n|-end|p1a: Great Tusk|Protosynthesis|[silent]\n|-damage|p2a: Alomomola|10/100 brn|[from] brn\n|upkeep\n|\n|t:|1771261529\n|switch|p1a: Tapu Lele|Tapu Lele|100/100\n|turn|24\n|\n|t:|1771261531\n|move|p1a: Tapu Lele|Psychic|p2a: Alomomola\n|-damage|p2a: Alomomola|0 fnt\n|faint|p2a: Alomomola\n|\n|upkeep\n|\n|t:|1771261533\n|switch|p2a: Lopunny|Lopunny-Mega, M|76/100\n|-damage|p2a: Lopunny|51/100|[from] Spikes\n|turn|25\n|\n|t:|1771261536\n|move|p1a: Tapu Lele|Psychic|p2a: Lopunny\n|-supereffective|p2a: Lopunny\n|-damage|p2a: Lopunny|0 fnt\n|faint|p2a: Lopunny\n|detailschange|p2: Lopunny|Lopunny, M|[silent]\n|\n|win|Clangviction\n|raw|Clangviction's rating: 1707 &rarr; <strong>1736</strong><br />(+29 for winning)\n|raw|calamityiscoming2's rating: 1869 &rarr; <strong>1840</strong><br />(-29 for losing)\n|l|☆calamityiscoming2\n|player|p2|\n|l|☆Clangviction\n|player|p1|\n", "uploadtime": 1771261763, "views": 3, "formatid": "gen9nationaldex", "rating": 1736, "private": 0, "password": null}