{"id": "gen9nationaldex-2540712056", "format": "[Gen 9] National Dex", "players": ["kidd0s2", "AgencyBlundAMD"], "log": "|j|☆kidd0s2\n|j|‽AgencyBlundAMD\n|t:|1771244315\n|gametype|singles\n|player|p1|kidd0s2|channeler-gen3|1662\n|player|p2|AgencyBlundAMD|artist-gen4|1599\n|gen|9\n|tier|[Gen 9] National Dex\n|rated|\n|rule|HP Percentage Mod: HP is shown in percentages\n|rule|Endless Battle Clause: Forcing endless battles is banned\n|rule|Species Clause: Limit one of each Pokémon\n|rule|OHKO Clause: OHKO moves are banned\n|rule|Evasion Clause: Evasion abilities, items, and moves are banned\n|rule|Evasion Abilities Clause: Evasion abilities are banned\n|rule|Evasion Items Clause: Evasion items are banned\n|rule|Evasion Moves Clause: Evasion moves are banned\n|rule|Sleep Clause Mod: Limit one foe put to sleep\n|rule|Terastal Clause: You cannot Terastallize\n|clearpoke\n|poke|p1|Sableye, F|\n|poke|p1|Tornadus-Therian, M|\n|poke|p1|Clodsire, F|\n|poke|p1|Dondozo, F|\n|poke|p1|Corviknight, M|\n|poke|p1|Chansey, F|\n|poke|p2|Zeraora|\n|poke|p2|Kyurem|\n|poke|p2|Weezing-Galar, F|\n|poke|p2|Greninja-*, M|\n|poke|p2|Scizor, M|\n|poke|p2|Zapdos|\n|teampreview\n|\n|t:|1771244345\n|teamsize|p1|6\n|teamsize|p2|6\n|start\n|switch|p1a: Tornadus|Tornadus-Therian, M|100/100\n|switch|p2a: Weezing|Weezing-Galar, F|100/100\n|-ability|p2a: Weezing|Neutralizing Gas\n|turn|1\n|\n|t:|1771244350\n|move|p1a: Tornadus|Nasty Plot|p1a: Tornadus\n|-boost|p1a: Tornadus|spa|2\n|move|p2a: Weezing|Toxic Spikes|p1a: Tornadus\n|-sidestart|p1: kidd0s2|move: Toxic Spikes\n|\n|upkeep\n|turn|2\n|\n|t:|1771244354\n|move|p1a: Tornadus|Hurricane|p2a: Weezing|[miss]\n|-miss|p1a: Tornadus|p2a: Weezing\n|move|p2a: Weezing|Clear Smog|p1a: Tornadus\n|-damage|p1a: Tornadus|81/100\n|-clearboost|p1a: Tornadus\n|\n|upkeep\n|turn|3\n|\n|t:|1771244357\n|-end|p2a: Weezing|ability: Neutralizing Gas\n|switch|p2a: Zapdos|Zapdos|100/100\n|move|p1a: Tornadus|Nasty Plot|p1a: Tornadus\n|-boost|p1a: Tornadus|spa|2\n|\n|upkeep\n|turn|4\n|\n|t:|1771244383\n|switch|p1a: Clodsire|Clodsire, F|100/100\n|-sideend|p1: kidd0s2|move: Toxic Spikes|[of] p1a: Clodsire\n|move|p2a: Zapdos|Hurricane|p1a: Clodsire\n|-damage|p1a: Clodsire|53/100\n|-start|p1a: Clodsire|confusion\n|\n|upkeep\n|turn|5\n|\n|t:|1771244388\n|move|p2a: Zapdos|Hurricane|p1a: Clodsire|[miss]\n|-miss|p2a: Zapdos|p1a: Clodsire\n|-activate|p1a: Clodsire|confusion\n|move|p1a: Clodsire|Spikes|p2a: Zapdos\n|-sidestart|p2: AgencyBlundAMD|Spikes\n|\n|upkeep\n|turn|6\n|\n|t:|1771244393\n|switch|p1a: Chansey|Chansey, F|100/100\n|move|p2a: Zapdos|Hurricane|p1a: Chansey\n|-damage|p1a: Chansey|73/100\n|\n|upkeep\n|turn|7\n|inactive|Battle timer is ON: inactive players will automatically lose when time's up. (requested by AgencyBlundAMD)\n|\n|t:|1771244399\n|switch|p2a: Scizor|Scizor, M|100/100\n|-damage|p2a: Scizor|88/100|[from] Spikes\n|move|p1a: Chansey|Toxic|p2a: Scizor\n|-immune|p2a: Scizor\n|\n|upkeep\n|turn|8\n|\n|t:|1771244403\n|switch|p1a: Sableye|Sableye, F|100/100\n|detailschange|p2a: Scizor|Scizor-Mega, M\n|-mega|p2a: Scizor|Scizor|Scizorite\n|move|p2a: Scizor|Knock Off|p1a: Sableye\n|-damage|p1a: Sableye|75/100\n|\n|upkeep\n|turn|9\n|\n|t:|1771244415\n|switch|p2a: Weezing|Weezing-Galar, F|100/100\n|-ability|p2a: Weezing|Neutralizing Gas\n|-damage|p2a: Weezing|88/100|[from] Spikes\n|detailschange|p1a: Sableye|Sableye-Mega, F\n|-mega|p1a: Sableye|Sableye|Sablenite\n|move|p1a: Sableye|Will-O-Wisp|p2a: Weezing\n|-status|p2a: Weezing|brn\n|\n|-heal|p2a: Weezing|94/100 brn|[from] item: Black Sludge\n|-damage|p2a: Weezing|88/100 brn|[from] brn\n|upkeep\n|turn|10\n|\n|t:|1771244421\n|move|p2a: Weezing|Will-O-Wisp|p1a: Sableye\n|-status|p1a: Sableye|brn\n|move|p1a: Sableye|Knock Off|p2a: Weezing\n|-resisted|p2a: Weezing\n|-damage|p2a: Weezing|82/100 brn\n|-enditem|p2a: Weezing|Black Sludge|[from] move: Knock Off|[of] p1a: Sableye\n|\n|-damage|p2a: Weezing|76/100 brn|[from] brn\n|-damage|p1a: Sableye|69/100 brn|[from] brn\n|upkeep\n|turn|11\n|\n|t:|1771244426\n|move|p2a: Weezing|Toxic Spikes|p1a: Sableye\n|-sidestart|p1: kidd0s2|move: Toxic Spikes\n|move|p1a: Sableye|Recover|p1a: Sableye\n|-heal|p1a: Sableye|100/100 brn\n|\n|-damage|p2a: Weezing|70/100 brn|[from] brn\n|-damage|p1a: Sableye|95/100 brn|[from] brn\n|upkeep\n|turn|12\n|\n|t:|1771244431\n|switch|p1a: Clodsire|Clodsire, F|53/100\n|-sideend|p1: kidd0s2|move: Toxic Spikes|[of] p1a: Clodsire\n|move|p2a: Weezing|Will-O-Wisp|p1a: Clodsire\n|-status|p1a: Clodsire|brn\n|\n|-damage|p2a: Weezing|64/100 brn|[from] brn\n|-damage|p1a: Clodsire|47/100 brn|[from] brn\n|upkeep\n|turn|13\n|\n|t:|1771244437\n|move|p2a: Weezing|Toxic Spikes|p1a: Clodsire\n|-sidestart|p1: kidd0s2|move: Toxic Spikes\n|move|p1a: Clodsire|Recover|p1a: Clodsire\n|-heal|p1a: Clodsire|97/100 brn\n|\n|-damage|p2a: Weezing|58/100 brn|[from] brn\n|-damage|p1a: Clodsire|91/100 brn|[from] brn\n|upkeep\n|turn|14\n|\n|t:|1771244444\n|-end|p2a: Weezing|ability: Neutralizing Gas\n|switch|p2a: Scizor|Scizor-Mega, M|88/100\n|-damage|p2a: Scizor|76/100|[from] Spikes\n|move|p1a: Clodsire|Spikes|p2a: Scizor\n|-sidestart|p2: AgencyBlundAMD|Spikes\n|\n|-damage|p1a: Clodsire|84/100 brn|[from] brn\n|upkeep\n|turn|15\n|\n|t:|1771244448\n|switch|p1a: Corviknight|Corviknight, M|100/100\n|-ability|p1a: Corviknight|Pressure\n|move|p2a: Scizor|Knock Off|p1a: Corviknight\n|-crit|p1a: Corviknight\n|-damage|p1a: Corviknight|63/100\n|-damage|p2a: Scizor|59/100|[from] item: Rocky Helmet|[of] p1a: Corviknight\n|-enditem|p1a: Corviknight|Rocky Helmet|[from] move: Knock Off|[of] p2a: Scizor\n|\n|upkeep\n|turn|16\n|\n|t:|1771244455\n|switch|p1a: Chansey|Chansey, F|73/100\n|-status|p1a: Chansey|psn\n|move|p2a: Scizor|Roost|p2a: Scizor\n|-heal|p2a: Scizor|100/100\n|-singleturn|p2a: Scizor|move: Roost\n|\n|-damage|p1a: Chansey|60/100 psn|[from] psn\n|upkeep\n|turn|17\n|\n|t:|1771244460\n|-curestatus|p1a: Chansey|psn|[from] ability: Natural Cure\n|switch|p1a: Corviknight|Corviknight, M|63/100\n|-ability|p1a: Corviknight|Pressure\n|move|p2a: Scizor|Knock Off|p1a: Corviknight\n|-damage|p1a: Corviknight|46/100\n|\n|upkeep\n|turn|18\n|\n|t:|1771244465\n|move|p1a: Corviknight|Roost|p1a: Corviknight\n|-heal|p1a: Corviknight|96/100\n|-singleturn|p1a: Corviknight|move: Roost\n|move|p2a: Scizor|Knock Off|p1a: Corviknight\n|-damage|p1a: Corviknight|80/100\n|\n|upkeep\n|turn|19\n|\n|t:|1771244470\n|move|p1a: Corviknight|Defog|p2a: Scizor\n|-unboost|p2a: Scizor|evasion|1\n|-sideend|p2: AgencyBlundAMD|Spikes|[from] move: Defog|[of] p1a: Corviknight\n|-sideend|p1: kidd0s2|Toxic Spikes|[from] move: Defog|[of] p1a: Corviknight\n|move|p2a: Scizor|Knock Off|p1a: Corviknight\n|-damage|p1a: Corviknight|64/100\n|\n|upkeep\n|turn|20\n|\n|t:|1771244475\n|move|p1a: Corviknight|Iron Defense|p1a: Corviknight\n|-boost|p1a: Corviknight|def|2\n|move|p2a: Scizor|Knock Off|p1a: Corviknight\n|-damage|p1a: Corviknight|56/100\n|\n|upkeep\n|turn|21\n|\n|t:|1771244478\n|switch|p2a: Zapdos|Zapdos|100/100\n|move|p1a: Corviknight|Body Press|p2a: Zapdos\n|-resisted|p2a: Zapdos\n|-damage|p2a: Zapdos|70/100\n|\n|upkeep\n|turn|22\n|\n|t:|1771244486\n|switch|p1a: Chansey|Chansey, F|60/100\n|move|p2a: Zapdos|Hurricane|p1a: Chansey\n|-damage|p1a: Chansey|35/100\n|\n|upkeep\n|turn|23\n|\n|t:|1771244492\n|switch|p2a: Scizor|Scizor-Mega, M|100/100\n|move|p1a: Chansey|Soft-Boiled|p1a: Chansey\n|-heal|p1a: Chansey|86/100\n|\n|upkeep\n|turn|24\n|\n|t:|1771244497\n|switch|p1a: Corviknight|Corviknight, M|56/100\n|-ability|p1a: Corviknight|Pressure\n|move|p2a: Scizor|Knock Off|p1a: Corviknight\n|-damage|p1a: Corviknight|41/100\n|\n|upkeep\n|turn|25\n|\n|t:|1771244504\n|switch|p2a: Zapdos|Zapdos|70/100\n|move|p1a: Corviknight|Roost|p1a: Corviknight\n|-heal|p1a: Corviknight|91/100\n|-singleturn|p1a: Corviknight|move: Roost\n|\n|upkeep\n|turn|26\n|\n|t:|1771244509\n|switch|p1a: Clodsire|Clodsire, F|84/100 brn\n|move|p2a: Zapdos|Volt Switch|p1a: Clodsire\n|-immune|p1a: Clodsire\n|\n|-damage|p1a: Clodsire|78/100 brn|[from] brn\n|upkeep\n|turn|27\n|\n|t:|1771244513\n|switch|p2a: Scizor|Scizor-Mega, M|100/100\n|move|p1a: Clodsire|Spikes|p2a: Scizor\n|-sidestart|p2: AgencyBlundAMD|Spikes\n|\n|-damage|p1a: Clodsire|72/100 brn|[from] brn\n|upkeep\n|turn|28\n|\n|t:|1771244520\n|switch|p1a: Tornadus|Tornadus-Therian, M|100/100\n|move|p2a: Scizor|Knock Off|p1a: Tornadus\n|-damage|p1a: Tornadus|67/100\n|\n|upkeep\n|turn|29\n|\n|t:|1771244525\n|switch|p2a: Zapdos|Zapdos|70/100\n|move|p1a: Tornadus|Heat Wave|p2a: Zapdos|[miss]\n|-miss|p1a: Tornadus|p2a: Zapdos\n|\n|upkeep\n|turn|30\n|\n|t:|1771244532\n|switch|p1a: Chansey|Chansey, F|86/100\n|move|p2a: Zapdos|Hurricane|p1a: Chansey|[miss]\n|-miss|p2a: Zapdos|p1a: Chansey\n|\n|upkeep\n|turn|31\n|\n|t:|1771244538\n|switch|p2a: Weezing|Weezing-Galar, F|58/100 brn\n|-ability|p2a: Weezing|Neutralizing Gas\n|-damage|p2a: Weezing|46/100 brn|[from] Spikes\n|move|p1a: Chansey|Stealth Rock|p2a: Weezing\n|-sidestart|p2: AgencyBlundAMD|move: Stealth Rock\n|\n|-damage|p2a: Weezing|40/100 brn|[from] brn\n|upkeep\n|turn|32\n|\n|t:|1771244542\n|switch|p1a: Tornadus|Tornadus-Therian, M|99/100\n|move|p2a: Weezing|Toxic Spikes|p1a: Tornadus\n|-sidestart|p1: kidd0s2|move: Toxic Spikes\n|\n|-damage|p2a: Weezing|34/100 brn|[from] brn\n|upkeep\n|turn|33\n|j| blackddarkness\n|\n|t:|1771244546\n|move|p1a: Tornadus|Nasty Plot|p1a: Tornadus\n|-boost|p1a: Tornadus|spa|2\n|move|p2a: Weezing|Pain Split|p1a: Tornadus\n|-sethp|p1a: Tornadus|69/100|[from] move: Pain Split|[silent]\n|-sethp|p2a: Weezing|62/100 brn|[from] move: Pain Split\n|\n|-damage|p2a: Weezing|56/100 brn|[from] brn\n|upkeep\n|turn|34\n|\n|t:|1771244551\n|-end|p2a: Weezing|ability: Neutralizing Gas\n|switch|p2a: Zapdos|Zapdos|70/100\n|-damage|p2a: Zapdos|45/100|[from] Stealth Rock\n|move|p1a: Tornadus|Heat Wave|p2a: Zapdos\n|-damage|p2a: Zapdos|0 fnt\n|faint|p2a: Zapdos\n|\n|upkeep\n|\n|t:|1771244558\n|switch|p2a: Greninja|Greninja, M|100/100\n|-damage|p2a: Greninja|88/100|[from] Spikes\n|-damage|p2a: Greninja|76/100|[from] Stealth Rock\n|turn|35\n|\n|t:|1771244564\n|switch|p1a: Clodsire|Clodsire, F|72/100 brn\n|-sideend|p1: kidd0s2|move: Toxic Spikes|[of] p1a: Clodsire\n|move|p2a: Greninja|Ice Beam|p1a: Clodsire\n|-supereffective|p1a: Clodsire\n|-damage|p1a: Clodsire|37/100 brn\n|-damage|p2a: Greninja|66/100|[from] item: Life Orb\n|\n|-damage|p1a: Clodsire|31/100 brn|[from] brn\n|upkeep\n|turn|36\n|\n|t:|1771244570\n|switch|p1a: Chansey|Chansey, F|86/100\n|move|p2a: Greninja|Ice Beam|p1a: Chansey\n|-damage|p1a: Chansey|75/100\n|-damage|p2a: Greninja|56/100|[from] item: Life Orb\n|\n|upkeep\n|turn|37\n|\n|t:|1771244576\n|switch|p2a: Scizor|Scizor-Mega, M|100/100\n|-damage|p2a: Scizor|88/100|[from] Spikes\n|-damage|p2a: Scizor|76/100|[from] Stealth Rock\n|move|p1a: Chansey|Toxic|p2a: Scizor\n|-immune|p2a: Scizor\n|\n|upkeep\n|turn|38\n|\n|t:|1771244583\n|switch|p1a: Sableye|Sableye-Mega, F|95/100 brn\n|move|p2a: Scizor|Defog|p1a: Sableye\n|move|p1a: Sableye|Defog|p2a: Scizor|[from] ability: Magic Bounce\n|-unboost|p2a: Scizor|evasion|1\n|-sideend|p2: AgencyBlundAMD|Spikes|[from] move: Defog|[of] p1a: Sableye\n|-sideend|p2: AgencyBlundAMD|Stealth Rock|[from] move: Defog|[of] p1a: Sableye\n|\n|-damage|p1a: Sableye|89/100 brn|[from] brn\n|upkeep\n|turn|39\n|\n|t:|1771244590\n|switch|p2a: Weezing|Weezing-Galar, F|56/100 brn\n|-ability|p2a: Weezing|Neutralizing Gas\n|switch|p1a: Tornadus|Tornadus-Therian, M|100/100\n|\n|-damage|p2a: Weezing|50/100 brn|[from] brn\n|upkeep\n|turn|40\n|\n|t:|1771244596\n|move|p1a: Tornadus|Hurricane|p2a: Weezing|[miss]\n|-miss|p1a: Tornadus|p2a: Weezing\n|move|p2a: Weezing|Pain Split|p1a: Tornadus\n|-sethp|p1a: Tornadus|78/100|[from] move: Pain Split|[silent]\n|-sethp|p2a: Weezing|70/100 brn|[from] move: Pain Split\n|\n|-damage|p2a: Weezing|64/100 brn|[from] brn\n|upkeep\n|turn|41\n|\n|t:|1771244602\n|-zpower|p1a: Tornadus\n|move|p1a: Tornadus|Supersonic Skystrike|p2a: Weezing|[zeffect]\n|-damage|p2a: Weezing|0 fnt\n|faint|p2a: Weezing\n|-end|p2a: Weezing|ability: Neutralizing Gas\n|\n|upkeep\n|\n|t:|1771244610\n|switch|p2a: Kyurem|Kyurem|100/100\n|-ability|p2a: Kyurem|Pressure\n|turn|42\n|\n|t:|1771244620\n|switch|p1a: Clodsire|Clodsire, F|31/100 brn\n|move|p2a: Kyurem|Scale Shot|p1a: Clodsire\n|-damage|p1a: Clodsire|15/100 brn\n|-damage|p1a: Clodsire|1/100 brn\n|-damage|p1a: Clodsire|0 fnt\n|faint|p1a: Clodsire\n|-hitcount|p1: Clodsire|3\n|-unboost|p2a: Kyurem|def|1\n|-boost|p2a: Kyurem|spe|1\n|\n|upkeep\n|\n|t:|1771244626\n|switch|p1a: Sableye|Sableye-Mega, F|89/100 brn\n|turn|43\n|\n|t:|1771244632\n|move|p2a: Kyurem|Substitute|p2a: Kyurem\n|-start|p2a: Kyurem|Substitute\n|-damage|p2a: Kyurem|76/100\n|move|p1a: Sableye|Will-O-Wisp||[still]\n|-fail|p1a: Sableye\n|\n|-damage|p1a: Sableye|83/100 brn|[from] brn\n|upkeep\n|turn|44\n|\n|t:|1771244639\n|switch|p1a: Corviknight|Corviknight, M|91/100\n|-ability|p1a: Corviknight|Pressure\n|move|p2a: Kyurem|Icicle Spear|p1a: Corviknight\n|-damage|p1a: Corviknight|82/100\n|-crit|p1a: Corviknight\n|-damage|p1a: Corviknight|69/100\n|-damage|p1a: Corviknight|60/100\n|-damage|p1a: Corviknight|50/100\n|-hitcount|p1a: Corviknight|4\n|\n|upkeep\n|turn|45\n|\n|t:|1771244646\n|move|p2a: Kyurem|Icicle Spear|p1a: Corviknight\n|-damage|p1a: Corviknight|41/100\n|-damage|p1a: Corviknight|31/100\n|-damage|p1a: Corviknight|22/100\n|-damage|p1a: Corviknight|13/100\n|-damage|p1a: Corviknight|3/100\n|-hitcount|p1a: Corviknight|5\n|move|p1a: Corviknight|Roost|p1a: Corviknight\n|-heal|p1a: Corviknight|53/100\n|-singleturn|p1a: Corviknight|move: Roost\n|\n|upkeep\n|turn|46\n|\n|t:|1771244656\n|move|p2a: Kyurem|Icicle Spear|p1a: Corviknight\n|-damage|p1a: Corviknight|44/100\n|-damage|p1a: Corviknight|35/100\n|-damage|p1a: Corviknight|26/100\n|-damage|p1a: Corviknight|17/100\n|-damage|p1a: Corviknight|7/100\n|-hitcount|p1a: Corviknight|5\n|move|p1a: Corviknight|Iron Defense|p1a: Corviknight\n|-boost|p1a: Corviknight|def|2\n|\n|upkeep\n|turn|47\n|\n|t:|1771244660\n|move|p2a: Kyurem|Icicle Spear|p1a: Corviknight\n|-damage|p1a: Corviknight|3/100\n|-damage|p1a: Corviknight|0 fnt\n|faint|p1a: Corviknight\n|-hitcount|p1: Corviknight|2\n|\n|upkeep\n|\n|t:|1771244664\n|switch|p1a: Dondozo|Dondozo, F|100/100\n|turn|48\n|\n|t:|1771244670\n|switch|p2a: Greninja|Greninja, M|56/100\n|move|p1a: Dondozo|Waterfall|p2a: Greninja\n|-resisted|p2a: Greninja\n|-damage|p2a: Greninja|34/100\n|\n|upkeep\n|turn|49\n|\n|t:|1771244675\n|switch|p1a: Chansey|Chansey, F|75/100\n|move|p2a: Greninja|Dark Pulse|p1a: Chansey\n|-damage|p1a: Chansey|60/100\n|-damage|p2a: Greninja|24/100|[from] item: Life Orb\n|\n|upkeep\n|turn|50\n|\n|t:|1771244681\n|switch|p2a: Kyurem|Kyurem|76/100\n|-ability|p2a: Kyurem|Pressure\n|move|p1a: Chansey|Stealth Rock|p2a: Kyurem\n|-sidestart|p2: AgencyBlundAMD|move: Stealth Rock\n|\n|upkeep\n|turn|51\n|\n|t:|1771244685\n|move|p2a: Kyurem|Scale Shot|p1a: Chansey\n|-damage|p1a: Chansey|51/100\n|-damage|p1a: Chansey|42/100\n|-damage|p1a: Chansey|33/100\n|-damage|p1a: Chansey|25/100\n|-hitcount|p1a: Chansey|4\n|-unboost|p2a: Kyurem|def|1\n|-boost|p2a: Kyurem|spe|1\n|move|p1a: Chansey|Seismic Toss|p2a: Kyurem\n|-damage|p2a: Kyurem|53/100\n|\n|upkeep\n|turn|52\n|\n|t:|1771244695\n|switch|p1a: Dondozo|Dondozo, F|100/100\n|move|p2a: Kyurem|Scale Shot|p1a: Dondozo\n|-damage|p1a: Dondozo|94/100\n|-damage|p1a: Dondozo|89/100\n|-damage|p1a: Dondozo|83/100\n|-damage|p1a: Dondozo|76/100\n|-hitcount|p1a: Dondozo|4\n|-unboost|p2a: Kyurem|def|1\n|-boost|p2a: Kyurem|spe|1\n|\n|upkeep\n|turn|53\n|\n|t:|1771244703\n|move|p2a: Kyurem|Scale Shot|p1a: Dondozo\n|-damage|p1a: Dondozo|70/100\n|-damage|p1a: Dondozo|63/100\n|-damage|p1a: Dondozo|57/100\n|-damage|p1a: Dondozo|50/100\n|-hitcount|p1a: Dondozo|4\n|-unboost|p2a: Kyurem|def|1\n|-boost|p2a: Kyurem|spe|1\n|move|p1a: Dondozo|Body Press|p2a: Kyurem\n|-supereffective|p2a: Kyurem\n|-damage|p2a: Kyurem|6/100\n|\n|upkeep\n|turn|54\n|\n|t:|1771244707\n|move|p2a: Kyurem|Scale Shot|p1a: Dondozo\n|-damage|p1a: Dondozo|44/100\n|-damage|p1a: Dondozo|38/100\n|-damage|p1a: Dondozo|31/100\n|-damage|p1a: Dondozo|25/100\n|-hitcount|p1a: Dondozo|4\n|-unboost|p2a: Kyurem|def|1\n|-boost|p2a: Kyurem|spe|1\n|move|p1a: Dondozo|Rest|p1a: Dondozo\n|-status|p1a: Dondozo|slp|[from] move: Rest\n|-heal|p1a: Dondozo|100/100 slp|[silent]\n|\n|upkeep\n|turn|55\n|\n|t:|1771244712\n|switch|p2a: Zeraora|Zeraora|100/100\n|-damage|p2a: Zeraora|88/100|[from] Stealth Rock\n|cant|p1a: Dondozo|slp\n|move|p1a: Dondozo|Sleep Talk|p1a: Dondozo\n|move|p1a: Dondozo|Rest||[from] move: Sleep Talk|[still]\n|-fail|p1a: Dondozo\n|\n|-heal|p2a: Zeraora|94/100|[from] item: Leftovers\n|upkeep\n|turn|56\n|\n|t:|1771244721\n|switch|p1a: Chansey|Chansey, F|25/100\n|move|p2a: Zeraora|Plasma Fists|p1a: Chansey\n|-crit|p1a: Chansey\n|-damage|p1a: Chansey|0 fnt\n|-fieldactivate|move: Ion Deluge\n|-hint|Normal-type moves become Electric-type after using Plasma Fists.\n|faint|p1a: Chansey\n|\n|-heal|p2a: Zeraora|99/100|[from] item: Leftovers\n|upkeep\n|\n|t:|1771244725\n|switch|p1a: Sableye|Sableye-Mega, F|83/100 brn\n|turn|57\n|\n|t:|1771244729\n|switch|p2a: Kyurem|Kyurem|6/100\n|-damage|p2a: Kyurem|0 fnt|[from] Stealth Rock\n|faint|p2a: Kyurem\n|move|p1a: Sableye|Will-O-Wisp|p2: Kyurem|[notarget]\n|-fail|p1a: Sableye\n|\n|-damage|p1a: Sableye|77/100 brn|[from] brn\n|upkeep\n|\n|t:|1771244738\n|switch|p2a: Greninja|Greninja, M|24/100\n|-damage|p2a: Greninja|12/100|[from] Stealth Rock\n|turn|58\n|\n|t:|1771244744\n|switch|p1a: Tornadus|Tornadus-Therian, M|100/100\n|move|p2a: Greninja|Dark Pulse|p1a: Tornadus\n|-damage|p1a: Tornadus|40/100\n|-damage|p2a: Greninja|2/100|[from] item: Life Orb\n|\n|upkeep\n|turn|59\n|\n|t:|1771244753\n|move|p2a: Greninja|Dark Pulse|p1a: Tornadus\n|-damage|p1a: Tornadus|0 fnt\n|faint|p1a: Tornadus\n|-ability|p2a: Greninja|Battle Bond|boost\n|-boost|p2a: Greninja|atk|1\n|-boost|p2a: Greninja|spa|1\n|-boost|p2a: Greninja|spe|1\n|-activate|p2a: Greninja|ability: Battle Bond\n|-damage|p2a: Greninja|0 fnt|[from] item: Life Orb\n|faint|p2a: Greninja\n|\n|upkeep\n|\n|t:|1771244758\n|switch|p2a: Zeraora|Zeraora|99/100\n|switch|p1a: Sableye|Sableye-Mega, F|77/100 brn\n|-damage|p2a: Zeraora|88/100|[from] Stealth Rock\n|turn|60\n|\n|t:|1771244761\n|move|p2a: Zeraora|Substitute|p2a: Zeraora\n|-start|p2a: Zeraora|Substitute\n|-damage|p2a: Zeraora|63/100\n|move|p1a: Sableye|Will-O-Wisp||[still]\n|-fail|p1a: Sableye\n|\n|-heal|p2a: Zeraora|69/100|[from] item: Leftovers\n|-damage|p1a: Sableye|71/100 brn|[from] brn\n|upkeep\n|turn|61\n|\n|t:|1771244765\n|move|p2a: Zeraora|Plasma Fists|p1a: Sableye\n|-damage|p1a: Sableye|38/100 brn\n|-fieldactivate|move: Ion Deluge\n|-hint|Normal-type moves become Electric-type after using Plasma Fists.\n|move|p1a: Sableye|Knock Off|p2a: Zeraora\n|-activate|p2a: Zeraora|move: Substitute|[damage]\n|\n|-heal|p2a: Zeraora|75/100|[from] item: Leftovers\n|-damage|p1a: Sableye|32/100 brn|[from] brn\n|upkeep\n|turn|62\n|\n|t:|1771244770\n|move|p2a: Zeraora|Plasma Fists|p1a: Sableye\n|-damage|p1a: Sableye|0 fnt\n|-fieldactivate|move: Ion Deluge\n|-hint|Normal-type moves become Electric-type after using Plasma Fists.\n|faint|p1a: Sableye\n|detailschange|p1: Sableye|Sableye, F|[silent]\n|\n|-heal|p2a: Zeraora|81/100|[from] item: Leftovers\n|upkeep\n|-message|kidd0s2 forfeited.\n|\n|win|AgencyBlundAMD\n|raw|kidd0s2's rating: 1662 &rarr; <strong>1638</strong><br />(-24 for losing)\n|raw|AgencyBlundAMD's rating: 1599 &rarr; <strong>1623</strong><br />(+24 for winning)\n|l|☆kidd0s2\n|player|p1|\n|l|‽AgencyBlundAMD\n|player|p2|\n", "uploadtime": 1771244937, "views": 5, "formatid": "gen9nationaldex", "rating": 1623, "private": 0, "password": null}