{"id": "gen9nationaldex-2540886829", "format": "[Gen 9] National Dex", "players": ["bambuskarol", "calamityiscoming2"], "log": "|j|‽bambuskarol\n|j|☆calamityiscoming2\n|t:|1771264025\n|gametype|singles\n|player|p1|bambuskarol|265|1661\n|player|p2|calamityiscoming2|bellelba|1820\n|gen|9\n|tier|[Gen 9] National Dex\n|rated|\n|rule|HP Percentage Mod: HP is shown in percentages\n|rule|Endless Battle Clause: Forcing endless battles is banned\n|rule|Species Clause: Limit one of each Pokémon\n|rule|OHKO Clause: OHKO moves are banned\n|rule|Evasion Clause: Evasion abilities, items, and moves are banned\n|rule|Evasion Abilities Clause: Evasion abilities are banned\n|rule|Evasion Items Clause: Evasion items are banned\n|rule|Evasion Moves Clause: Evasion moves are banned\n|rule|Sleep Clause Mod: Limit one foe put to sleep\n|rule|Terastal Clause: You cannot Terastallize\n|clearpoke\n|poke|p1|Charizard, M|\n|poke|p1|Great Tusk|\n|poke|p1|Raging Bolt|\n|poke|p1|Heatran, M|\n|poke|p1|Hatterene, F|\n|poke|p1|Ogerpon-Wellspring, F|\n|poke|p2|Ogerpon-Cornerstone, F|\n|poke|p2|Lopunny, M|\n|poke|p2|Gholdengo|\n|poke|p2|Garchomp, M|\n|poke|p2|Alomomola, F|\n|poke|p2|Zapdos|\n|teampreview\n|inactive|Battle timer is ON: inactive players will automatically lose when time's up. (requested by bambuskarol)\n|\n|t:|1771264030\n|teamsize|p1|6\n|teamsize|p2|6\n|start\n|switch|p1a: Ogerpon|Ogerpon-Wellspring, F|100/100\n|switch|p2a: Ogerpon|Ogerpon-Cornerstone, F|100/100\n|turn|1\n|\n|t:|1771264046\n|switch|p2a: Zapdos|Zapdos|100/100\n|move|p1a: Ogerpon|Ivy Cudgel|p2a: Zapdos|[anim] Ivy Cudgel Water\n|-damage|p2a: Zapdos|54/100\n|\n|upkeep\n|turn|2\n|\n|t:|1771264053\n|move|p1a: Ogerpon|Ivy Cudgel|p2a: Zapdos|[anim] Ivy Cudgel Water\n|-damage|p2a: Zapdos|11/100\n|move|p2a: Zapdos|Volt Switch|p1a: Ogerpon\n|-damage|p1a: Ogerpon|64/100\n|\n|t:|1771264056\n|switch|p2a: Lopunny|Lopunny, M|100/100|[from] Volt Switch\n|\n|upkeep\n|turn|3\n|\n|t:|1771264059\n|switch|p1a: Great Tusk|Great Tusk|100/100\n|detailschange|p2a: Lopunny|Lopunny-Mega, M\n|-mega|p2a: Lopunny|Lopunny|Lopunnite\n|move|p2a: Lopunny|Return|p1a: Great Tusk\n|-damage|p1a: Great Tusk|70/100\n|-damage|p2a: Lopunny|84/100|[from] item: Rocky Helmet|[of] p1a: Great Tusk\n|\n|upkeep\n|turn|4\n|\n|t:|1771264061\n|switch|p2a: Zapdos|Zapdos|11/100\n|move|p1a: Great Tusk|Stealth Rock|p2a: Zapdos\n|-sidestart|p2: calamityiscoming2|move: Stealth Rock\n|\n|upkeep\n|turn|5\n|\n|t:|1771264064\n|move|p2a: Zapdos|Hurricane|p1a: Great Tusk|[miss]\n|-miss|p2a: Zapdos|p1a: Great Tusk\n|move|p1a: Great Tusk|Ice Spinner|p2a: Zapdos\n|-supereffective|p2a: Zapdos\n|-damage|p2a: Zapdos|0 fnt\n|faint|p2a: Zapdos\n|\n|upkeep\n|c|☆calamityiscoming2|agency\n|\n|t:|1771264078\n|switch|p2a: Alomomola|Alomomola, F|100/100\n|-damage|p2a: Alomomola|88/100|[from] Stealth Rock\n|turn|6\n|\n|t:|1771264086\n|-end|p1a: Great Tusk|Protosynthesis|[silent]\n|switch|p1a: Ogerpon|Ogerpon-Wellspring, F|64/100\n|switch|p2a: Lopunny|Lopunny-Mega, M|84/100\n|-damage|p2a: Lopunny|78/100|[from] Stealth Rock\n|\n|upkeep\n|turn|7\n|\n|t:|1771264090\n|switch|p2a: Gholdengo|Gholdengo|100/100\n|-damage|p2a: Gholdengo|94/100|[from] Stealth Rock\n|switch|p1a: Great Tusk|Great Tusk|70/100\n|\n|upkeep\n|turn|8\n|\n|t:|1771264097\n|move|p1a: Great Tusk|Headlong Rush|p2a: Gholdengo\n|-supereffective|p2a: Gholdengo\n|-damage|p2a: Gholdengo|13/100\n|-unboost|p1a: Great Tusk|def|1\n|-unboost|p1a: Great Tusk|spd|1\n|-zpower|p2a: Gholdengo\n|move|p2a: Gholdengo|Never-Ending Nightmare|p1a: Great Tusk|[zeffect]\n|-damage|p1a: Great Tusk|0 fnt\n|faint|p1a: Great Tusk\n|-end|p1a: Great Tusk|Protosynthesis|[silent]\n|\n|upkeep\n|\n|t:|1771264101\n|switch|p1a: Charizard|Charizard, M|100/100\n|turn|9\n|\n|t:|1771264103\n|switch|p2a: Alomomola|Alomomola, F|100/100\n|-damage|p2a: Alomomola|88/100|[from] Stealth Rock\n|detailschange|p1a: Charizard|Charizard-Mega-Y, M\n|-mega|p1a: Charizard|Charizard|Charizardite Y\n|-weather|SunnyDay|[from] ability: Drought|[of] p1a: Charizard\n|move|p1a: Charizard|Weather Ball|p2a: Alomomola\n|-resisted|p2a: Alomomola\n|-damage|p2a: Alomomola|63/100\n|\n|-weather|SunnyDay|[upkeep]\n|upkeep\n|turn|10\n|\n|t:|1771264105\n|move|p1a: Charizard|Solar Beam||[still]\n|-prepare|p1a: Charizard|Solar Beam\n|-anim|p1a: Charizard|Solar Beam|p2a: Alomomola\n|-supereffective|p2a: Alomomola\n|-damage|p2a: Alomomola|13/100\n|move|p2a: Alomomola|Flip Turn|p1a: Charizard\n|-supereffective|p1a: Charizard\n|-damage|p1a: Charizard|78/100\n|\n|t:|1771264107\n|switch|p2a: Ogerpon|Ogerpon-Cornerstone, F|100/100|[from] Flip Turn\n|-damage|p2a: Ogerpon|88/100|[from] Stealth Rock\n|\n|-weather|SunnyDay|[upkeep]\n|upkeep\n|turn|11\n|\n|t:|1771264114\n|switch|p1a: Ogerpon|Ogerpon-Wellspring, F|64/100\n|move|p2a: Ogerpon|Ivy Cudgel|p1a: Ogerpon|[anim] Ivy Cudgel Rock\n|-damage|p1a: Ogerpon|0 fnt\n|faint|p1a: Ogerpon\n|\n|-weather|SunnyDay|[upkeep]\n|upkeep\n|\n|t:|1771264119\n|switch|p1a: Heatran|Heatran, M|100/100\n|turn|12\n|\n|t:|1771264126\n|switch|p2a: Garchomp|Garchomp, M|100/100\n|-damage|p2a: Garchomp|94/100|[from] Stealth Rock\n|move|p1a: Heatran|Eruption|p2a: Garchomp\n|-resisted|p2a: Garchomp\n|-damage|p2a: Garchomp|54/100\n|\n|-weather|SunnyDay|[upkeep]\n|-heal|p2a: Garchomp|60/100|[from] item: Leftovers\n|upkeep\n|turn|13\n|\n|t:|1771264133\n|switch|p1a: Hatterene|Hatterene, F|100/100\n|move|p2a: Garchomp|Earthquake|p1a: Hatterene\n|-damage|p1a: Hatterene|50/100\n|\n|-weather|none\n|-heal|p2a: Garchomp|66/100|[from] item: Leftovers\n|upkeep\n|turn|14\n|\n|t:|1771264136\n|move|p2a: Garchomp|Earthquake|p1a: Hatterene\n|-damage|p1a: Hatterene|5/100\n|move|p1a: Hatterene|Draining Kiss|p2a: Garchomp\n|-supereffective|p2a: Garchomp\n|-damage|p2a: Garchomp|27/100\n|-heal|p1a: Hatterene|44/100|[from] drain|[of] p2a: Garchomp\n|-damage|p1a: Hatterene|31/100|[from] ability: Rough Skin|[of] p2a: Garchomp\n|\n|-heal|p2a: Garchomp|33/100|[from] item: Leftovers\n|upkeep\n|turn|15\n|\n|t:|1771264142\n|switch|p1a: Charizard|Charizard-Mega-Y, M|78/100\n|-weather|SunnyDay|[from] ability: Drought|[of] p1a: Charizard\n|move|p2a: Garchomp|Earthquake|p1a: Charizard\n|-immune|p1a: Charizard\n|\n|-weather|SunnyDay|[upkeep]\n|-heal|p2a: Garchomp|39/100|[from] item: Leftovers\n|upkeep\n|turn|16\n|\n|t:|1771264146\n|switch|p2a: Gholdengo|Gholdengo|13/100\n|-damage|p2a: Gholdengo|7/100|[from] Stealth Rock\n|move|p1a: Charizard|Weather Ball|p2a: Gholdengo\n|-supereffective|p2a: Gholdengo\n|-damage|p2a: Gholdengo|0 fnt\n|faint|p2a: Gholdengo\n|\n|-weather|SunnyDay|[upkeep]\n|upkeep\n|\n|t:|1771264148\n|switch|p2a: Ogerpon|Ogerpon-Cornerstone, F|88/100\n|-damage|p2a: Ogerpon|76/100|[from] Stealth Rock\n|turn|17\n|\n|t:|1771264150\n|switch|p1a: Hatterene|Hatterene, F|31/100\n|move|p2a: Ogerpon|Ivy Cudgel|p1a: Hatterene|[anim] Ivy Cudgel Rock\n|-damage|p1a: Hatterene|0 fnt\n|faint|p1a: Hatterene\n|\n|-weather|SunnyDay|[upkeep]\n|upkeep\n|\n|t:|1771264151\n|switch|p1a: Heatran|Heatran, M|100/100\n|turn|18\n|\n|t:|1771264159\n|switch|p2a: Garchomp|Garchomp, M|39/100\n|-damage|p2a: Garchomp|33/100|[from] Stealth Rock\n|move|p1a: Heatran|Eruption|p2a: Garchomp\n|-resisted|p2a: Garchomp\n|-damage|p2a: Garchomp|0 fnt\n|faint|p2a: Garchomp\n|\n|-weather|SunnyDay|[upkeep]\n|upkeep\n|\n|t:|1771264161\n|switch|p2a: Alomomola|Alomomola, F|46/100\n|-damage|p2a: Alomomola|33/100|[from] Stealth Rock\n|turn|19\n|\n|t:|1771264163\n|move|p1a: Heatran|Eruption|p2a: Alomomola\n|-resisted|p2a: Alomomola\n|-damage|p2a: Alomomola|1/100\n|move|p2a: Alomomola|Flip Turn|p1a: Heatran\n|-supereffective|p1a: Heatran\n|-damage|p1a: Heatran|86/100\n|\n|t:|1771264168\n|switch|p2a: Lopunny|Lopunny-Mega, M|78/100|[from] Flip Turn\n|-damage|p2a: Lopunny|72/100|[from] Stealth Rock\n|\n|-weather|none\n|upkeep\n|turn|20\n|\n|t:|1771264171\n|switch|p1a: Charizard|Charizard-Mega-Y, M|78/100\n|-weather|SunnyDay|[from] ability: Drought|[of] p1a: Charizard\n|move|p2a: Lopunny|Fake Out|p1a: Charizard\n|-damage|p1a: Charizard|46/100\n|\n|-weather|SunnyDay|[upkeep]\n|upkeep\n|turn|21\n|\n|t:|1771264174\n|move|p2a: Lopunny|Return|p1a: Charizard\n|-damage|p1a: Charizard|0 fnt\n|faint|p1a: Charizard\n|detailschange|p1: Charizard|Charizard, M|[silent]\n|\n|-weather|SunnyDay|[upkeep]\n|upkeep\n|\n|t:|1771264176\n|switch|p1a: Heatran|Heatran, M|86/100\n|turn|22\n|\n|t:|1771264180\n|move|p1a: Heatran|Eruption|p2a: Lopunny\n|-crit|p2a: Lopunny\n|-damage|p2a: Lopunny|0 fnt\n|faint|p2a: Lopunny\n|detailschange|p2: Lopunny|Lopunny, M|[silent]\n|\n|-weather|SunnyDay|[upkeep]\n|upkeep\n|\n|t:|1771264183\n|switch|p2a: Alomomola|Alomomola, F|34/100\n|-damage|p2a: Alomomola|22/100|[from] Stealth Rock\n|turn|23\n|\n|t:|1771264185\n|move|p1a: Heatran|Eruption|p2a: Alomomola\n|-resisted|p2a: Alomomola\n|-damage|p2a: Alomomola|0 fnt\n|faint|p2a: Alomomola\n|\n|-weather|SunnyDay|[upkeep]\n|upkeep\n|\n|t:|1771264187\n|switch|p2a: Ogerpon|Ogerpon-Cornerstone, F|76/100\n|-damage|p2a: Ogerpon|64/100|[from] Stealth Rock\n|turn|24\n|\n|t:|1771264188\n|move|p1a: Heatran|Eruption|p2a: Ogerpon\n|-damage|p2a: Ogerpon|0 fnt\n|faint|p2a: Ogerpon\n|\n|win|bambuskarol\n|raw|bambuskarol's rating: 1661 &rarr; <strong>1690</strong><br />(+29 for winning)\n|raw|calamityiscoming2's rating: 1820 &rarr; <strong>1791</strong><br />(-29 for losing)\n|l|☆calamityiscoming2\n|player|p2|\n|l|‽bambuskarol\n|player|p1|\n", "uploadtime": 1771264379, "views": 3, "formatid": "gen9nationaldex", "rating": 1690, "private": 0, "password": null}