{"id": "gen9nationaldex-2540630105", "format": "[Gen 9] National Dex", "players": ["Cerberus 17", "riderzitto5"], "log": "|j|☆Cerberus 17\n|j|☆riderzitto5\n|t:|1771230530\n|gametype|singles\n|player|p1|Cerberus 17|cynthia-gen4|1733\n|player|p2|riderzitto5|petrel|1671\n|gen|9\n|tier|[Gen 9] National Dex\n|rated|\n|rule|HP Percentage Mod: HP is shown in percentages\n|rule|Endless Battle Clause: Forcing endless battles is banned\n|rule|Species Clause: Limit one of each Pokémon\n|rule|OHKO Clause: OHKO moves are banned\n|rule|Evasion Clause: Evasion abilities, items, and moves are banned\n|rule|Evasion Abilities Clause: Evasion abilities are banned\n|rule|Evasion Items Clause: Evasion items are banned\n|rule|Evasion Moves Clause: Evasion moves are banned\n|rule|Sleep Clause Mod: Limit one foe put to sleep\n|rule|Terastal Clause: You cannot Terastallize\n|clearpoke\n|poke|p1|Tyranitar, F|\n|poke|p1|Kartana|\n|poke|p1|Diancie|\n|poke|p1|Excadrill, M|\n|poke|p1|Sinistcha-Masterpiece|\n|poke|p1|Kommo-o, M|\n|poke|p2|Chansey, F|\n|poke|p2|Ditto|\n|poke|p2|Gliscor, F|\n|poke|p2|Clodsire, F|\n|poke|p2|Dondozo, M|\n|poke|p2|Sableye, M|\n|teampreview\n|inactive|Battle timer is ON: inactive players will automatically lose when time's up. (requested by Cerberus 17)\n|inactive|riderzitto5 has 120 seconds left.\n|\n|t:|1771230572\n|teamsize|p1|6\n|teamsize|p2|6\n|start\n|switch|p1a: Kartana|Kartana|100/100\n|switch|p2a: Timid|Sableye, M, shiny|100/100\n|turn|1\n|\n|t:|1771230578\n|switch|p1a: Sinistcha|Sinistcha-Masterpiece|100/100\n|move|p2a: Timid|Will-O-Wisp|p1a: Sinistcha\n|-status|p1a: Sinistcha|brn\n|\n|-damage|p1a: Sinistcha|98/100 brn|[from] brn\n|upkeep\n|turn|2\n|\n|t:|1771230590\n|move|p1a: Sinistcha|Calm Mind|p1a: Sinistcha\n|-boost|p1a: Sinistcha|spa|1\n|-boost|p1a: Sinistcha|spd|1\n|move|p2a: Timid|Knock Off|p1a: Sinistcha\n|-supereffective|p1a: Sinistcha\n|-damage|p1a: Sinistcha|63/100 brn\n|-enditem|p1a: Sinistcha|Leftovers|[from] move: Knock Off|[of] p2a: Timid\n|\n|-damage|p1a: Sinistcha|60/100 brn|[from] brn\n|upkeep\n|turn|3\n|\n|t:|1771230594\n|switch|p2a: EggChan|Chansey, F, shiny|100/100\n|move|p1a: Sinistcha|Matcha Gotcha|p2a: EggChan\n|-damage|p2a: EggChan|87/100\n|-heal|p1a: Sinistcha|73/100 brn|[from] drain|[of] p2a: EggChan\n|\n|-damage|p1a: Sinistcha|70/100 brn|[from] brn\n|upkeep\n|turn|4\n|\n|t:|1771230601\n|move|p1a: Sinistcha|Calm Mind|p1a: Sinistcha\n|-boost|p1a: Sinistcha|spa|1\n|-boost|p1a: Sinistcha|spd|1\n|move|p2a: EggChan|Wish|p2a: EggChan\n|\n|-damage|p1a: Sinistcha|67/100 brn|[from] brn\n|upkeep\n|turn|5\n|\n|t:|1771230608\n|move|p1a: Sinistcha|Matcha Gotcha|p2a: EggChan\n|-damage|p2a: EggChan|70/100\n|-heal|p1a: Sinistcha|83/100 brn|[from] drain|[of] p2a: EggChan\n|move|p2a: EggChan|Seismic Toss|p1a: Sinistcha\n|-immune|p1a: Sinistcha\n|\n|-heal|p2a: EggChan|100/100|[from] move: Wish|[wisher] EggChan\n|-damage|p1a: Sinistcha|80/100 brn|[from] brn\n|upkeep\n|turn|6\n|\n|t:|1771230615\n|move|p1a: Sinistcha|Calm Mind|p1a: Sinistcha\n|-boost|p1a: Sinistcha|spa|1\n|-boost|p1a: Sinistcha|spd|1\n|move|p2a: EggChan|Wish|p2a: EggChan\n|\n|-damage|p1a: Sinistcha|77/100 brn|[from] brn\n|upkeep\n|turn|7\n|\n|t:|1771230619\n|move|p1a: Sinistcha|Matcha Gotcha|p2a: EggChan\n|-damage|p2a: EggChan|78/100\n|-heal|p1a: Sinistcha|98/100 brn|[from] drain|[of] p2a: EggChan\n|move|p2a: EggChan|Seismic Toss|p1a: Sinistcha\n|-immune|p1a: Sinistcha\n|\n|-heal|p2a: EggChan|100/100|[from] move: Wish|[wisher] EggChan\n|-damage|p1a: Sinistcha|95/100 brn|[from] brn\n|upkeep\n|turn|8\n|\n|t:|1771230627\n|move|p1a: Sinistcha|Calm Mind|p1a: Sinistcha\n|-boost|p1a: Sinistcha|spa|1\n|-boost|p1a: Sinistcha|spd|1\n|move|p2a: EggChan|Seismic Toss|p1a: Sinistcha\n|-immune|p1a: Sinistcha\n|\n|-damage|p1a: Sinistcha|92/100 brn|[from] brn\n|upkeep\n|turn|9\n|\n|t:|1771230630\n|move|p1a: Sinistcha|Calm Mind|p1a: Sinistcha\n|-boost|p1a: Sinistcha|spa|1\n|-boost|p1a: Sinistcha|spd|1\n|move|p2a: EggChan|Seismic Toss|p1a: Sinistcha\n|-immune|p1a: Sinistcha\n|\n|-damage|p1a: Sinistcha|90/100 brn|[from] brn\n|upkeep\n|turn|10\n|\n|t:|1771230632\n|move|p1a: Sinistcha|Calm Mind|p1a: Sinistcha\n|-boost|p1a: Sinistcha|spa|1\n|-boost|p1a: Sinistcha|spd|1\n|move|p2a: EggChan|Wish|p2a: EggChan\n|\n|-damage|p1a: Sinistcha|87/100 brn|[from] brn\n|upkeep\n|turn|11\n|\n|t:|1771230634\n|switch|p2a: Ditto|Ditto|100/100\n|-transform|p2a: Ditto|p1a: Sinistcha|[from] ability: Imposter\n|move|p1a: Sinistcha|Matcha Gotcha|p2a: Ditto\n|-resisted|p2a: Ditto\n|-damage|p2a: Ditto|77/100\n|-heal|p1a: Sinistcha|97/100 brn|[from] drain|[of] p2a: Ditto\n|\n|-heal|p2a: Ditto|100/100|[from] move: Wish|[wisher] EggChan\n|-damage|p1a: Sinistcha|94/100 brn|[from] brn\n|upkeep\n|turn|12\n|\n|t:|1771230645\n|move|p2a: Ditto|Matcha Gotcha|p1a: Sinistcha\n|-resisted|p1a: Sinistcha\n|-damage|p1a: Sinistcha|76/100 brn\n|move|p1a: Sinistcha|Matcha Gotcha|p2a: Ditto\n|-resisted|p2a: Ditto\n|-crit|p2a: Ditto\n|-damage|p2a: Ditto|0 fnt\n|-heal|p1a: Sinistcha|100/100 brn|[from] drain|[of] p2a: Ditto\n|faint|p2a: Ditto\n|\n|-damage|p1a: Sinistcha|98/100 brn|[from] brn\n|upkeep\n|c|☆riderzitto5|HAHAHAHAAH\n|\n|t:|1771230655\n|switch|p2a: hehhehe|Clodsire, F, shiny|100/100\n|turn|13\n|\n|t:|1771230658\n|move|p1a: Sinistcha|Matcha Gotcha|p2a: hehhehe\n|-damage|p2a: hehhehe|83/100\n|-heal|p1a: Sinistcha|100/100 brn|[from] drain|[of] p2a: hehhehe\n|move|p2a: hehhehe|Stealth Rock|p1a: Sinistcha\n|-sidestart|p1: Cerberus 17|move: Stealth Rock\n|\n|-heal|p2a: hehhehe|89/100|[from] item: Black Sludge\n|-damage|p1a: Sinistcha|98/100 brn|[from] brn\n|upkeep\n|turn|14\n|c|☆riderzitto5|OFC BRO\n|\n|t:|1771230665\n|move|p1a: Sinistcha|Scald|p2a: hehhehe\n|-supereffective|p2a: hehhehe\n|-damage|p2a: hehhehe|67/100\n|-status|p2a: hehhehe|brn\n|move|p2a: hehhehe|Poison Jab|p1a: Sinistcha\n|-damage|p1a: Sinistcha|91/100 brn\n|\n|-heal|p2a: hehhehe|74/100 brn|[from] item: Black Sludge\n|-damage|p1a: Sinistcha|88/100 brn|[from] brn\n|-damage|p2a: hehhehe|67/100 brn|[from] brn\n|upkeep\n|turn|15\n|c|☆riderzitto5|OFC CRIT\n|c|☆riderzitto5|OFC BURN\n|\n|t:|1771230677\n|move|p1a: Sinistcha|Scald|p2a: hehhehe\n|-supereffective|p2a: hehhehe\n|-crit|p2a: hehhehe\n|-damage|p2a: hehhehe|34/100 brn\n|move|p2a: hehhehe|Recover|p2a: hehhehe\n|-heal|p2a: hehhehe|84/100 brn\n|\n|-heal|p2a: hehhehe|90/100 brn|[from] item: Black Sludge\n|-damage|p1a: Sinistcha|85/100 brn|[from] brn\n|-damage|p2a: hehhehe|84/100 brn|[from] brn\n|upkeep\n|turn|16\n|\n|t:|1771230682\n|move|p1a: Sinistcha|Scald|p2a: hehhehe\n|-supereffective|p2a: hehhehe\n|-damage|p2a: hehhehe|63/100 brn\n|move|p2a: hehhehe|Poison Jab|p1a: Sinistcha\n|-damage|p1a: Sinistcha|78/100 brn\n|\n|-heal|p2a: hehhehe|69/100 brn|[from] item: Black Sludge\n|-damage|p1a: Sinistcha|75/100 brn|[from] brn\n|-damage|p2a: hehhehe|63/100 brn|[from] brn\n|upkeep\n|turn|17\n|\n|t:|1771230686\n|move|p1a: Sinistcha|Scald|p2a: hehhehe\n|-supereffective|p2a: hehhehe\n|-damage|p2a: hehhehe|41/100 brn\n|move|p2a: hehhehe|Recover|p2a: hehhehe\n|-heal|p2a: hehhehe|91/100 brn\n|\n|-heal|p2a: hehhehe|97/100 brn|[from] item: Black Sludge\n|-damage|p1a: Sinistcha|72/100 brn|[from] brn\n|-damage|p2a: hehhehe|91/100 brn|[from] brn\n|upkeep\n|turn|18\n|\n|t:|1771230689\n|move|p1a: Sinistcha|Matcha Gotcha|p2a: hehhehe\n|-damage|p2a: hehhehe|74/100 brn\n|-heal|p1a: Sinistcha|83/100 brn|[from] drain|[of] p2a: hehhehe\n|move|p2a: hehhehe|Poison Jab|p1a: Sinistcha\n|-damage|p1a: Sinistcha|76/100 brn\n|\n|-heal|p2a: hehhehe|80/100 brn|[from] item: Black Sludge\n|-damage|p1a: Sinistcha|73/100 brn|[from] brn\n|-damage|p2a: hehhehe|74/100 brn|[from] brn\n|upkeep\n|turn|19\n|\n|t:|1771230694\n|move|p1a: Sinistcha|Matcha Gotcha|p2a: hehhehe\n|-damage|p2a: hehhehe|57/100 brn\n|-heal|p1a: Sinistcha|85/100 brn|[from] drain|[of] p2a: hehhehe\n|move|p2a: hehhehe|Poison Jab|p1a: Sinistcha\n|-damage|p1a: Sinistcha|78/100 brn\n|\n|-heal|p2a: hehhehe|63/100 brn|[from] item: Black Sludge\n|-damage|p1a: Sinistcha|75/100 brn|[from] brn\n|-damage|p2a: hehhehe|57/100 brn|[from] brn\n|upkeep\n|turn|20\n|-message|riderzitto5 forfeited.\n|\n|win|Cerberus 17\n|raw|Cerberus 17's rating: 1733 &rarr; <strong>1749</strong><br />(+16 for winning)\n|raw|riderzitto5's rating: 1671 &rarr; <strong>1655</strong><br />(-16 for losing)\n|l|☆riderzitto5\n|player|p2|\n|l|☆Cerberus 17\n|player|p1|\n", "uploadtime": 1771230824, "views": 10, "formatid": "gen9nationaldex", "rating": 1655, "private": 0, "password": null}