{"id": "gen9nationaldex-2540766288", "format": "[Gen 9] National Dex", "players": ["Chigusa_24zono", "spirefire"], "log": "|j|☆Chigusa_24zono\n|j|☆spirefire\n|t:|1771251579\n|gametype|singles\n|player|p1|Chigusa_24zono|lass|1538\n|player|p2|spirefire|miku-ghost|1581\n|gen|9\n|tier|[Gen 9] National Dex\n|rated|\n|rule|HP Percentage Mod: HP is shown in percentages\n|rule|Endless Battle Clause: Forcing endless battles is banned\n|rule|Species Clause: Limit one of each Pokémon\n|rule|OHKO Clause: OHKO moves are banned\n|rule|Evasion Clause: Evasion abilities, items, and moves are banned\n|rule|Evasion Abilities Clause: Evasion abilities are banned\n|rule|Evasion Items Clause: Evasion items are banned\n|rule|Evasion Moves Clause: Evasion moves are banned\n|rule|Sleep Clause Mod: Limit one foe put to sleep\n|rule|Terastal Clause: You cannot Terastallize\n|clearpoke\n|poke|p1|Landorus-Therian, M|\n|poke|p1|Kommo-o, F|\n|poke|p1|Mawile, F|\n|poke|p1|Muk-Alola, F|\n|poke|p1|Slowbro, F|\n|poke|p1|Terapagos, M|\n|poke|p2|Grimmsnarl, M|\n|poke|p2|Volcarona, F|\n|poke|p2|Great Tusk|\n|poke|p2|Gyarados, M|\n|poke|p2|Glimmora, M|\n|poke|p2|Latias, F|\n|teampreview\n|inactive|Battle timer is ON: inactive players will automatically lose when time's up. (requested by spirefire)\n|\n|t:|1771251594\n|teamsize|p1|6\n|teamsize|p2|6\n|start\n|switch|p1a: Landorus|Landorus-Therian, M, shiny|100/100\n|switch|p2a: Glimmora|Glimmora, M|100/100\n|-ability|p1a: Landorus|Intimidate|boost\n|-unboost|p2a: Glimmora|atk|1\n|turn|1\n|\n|t:|1771251600\n|switch|p2a: Gyarados|Gyarados, M|100/100\n|-ability|p2a: Gyarados|Intimidate|boost\n|-unboost|p1a: Landorus|atk|1\n|move|p1a: Landorus|Earthquake|p2a: Gyarados\n|-immune|p2a: Gyarados\n|\n|upkeep\n|turn|2\n|\n|t:|1771251608\n|switch|p1a: Mawile|Mawile, F, shiny|100/100\n|-ability|p1a: Mawile|Intimidate|boost\n|-unboost|p2a: Gyarados|atk|1\n|move|p2a: Gyarados|Crunch|p1a: Mawile\n|-resisted|p1a: Mawile\n|-damage|p1a: Mawile|89/100\n|-unboost|p1a: Mawile|def|1\n|\n|upkeep\n|turn|3\n|\n|t:|1771251628\n|switch|p2a: Glimmora|Glimmora, M|100/100\n|detailschange|p1a: Mawile|Mawile-Mega, F, shiny\n|-mega|p1a: Mawile|Mawile|Mawilite\n|move|p1a: Mawile|Knock Off|p2a: Glimmora\n|-damage|p2a: Glimmora|29/100\n|-activate|p2a: Glimmora|ability: Toxic Debris\n|-sidestart|p1: Chigusa_24zono|move: Toxic Spikes\n|-enditem|p2a: Glimmora|Power Herb|[from] move: Knock Off|[of] p1a: Mawile\n|\n|upkeep\n|turn|4\n|\n|t:|1771251643\n|switch|p2a: Great Tusk|Great Tusk|100/100\n|-enditem|p2a: Great Tusk|Booster Energy\n|-activate|p2a: Great Tusk|ability: Protosynthesis|[fromitem]\n|-start|p2a: Great Tusk|protosynthesisatk\n|move|p1a: Mawile|Knock Off|p2a: Great Tusk\n|-resisted|p2a: Great Tusk\n|-damage|p2a: Great Tusk|86/100\n|\n|upkeep\n|turn|5\n|\n|t:|1771251651\n|switch|p1a: Landorus|Landorus-Therian, M, shiny|100/100\n|-ability|p1a: Landorus|Intimidate|boost\n|-unboost|p2a: Great Tusk|atk|1\n|move|p2a: Great Tusk|Stealth Rock|p1a: Landorus\n|-sidestart|p1: Chigusa_24zono|move: Stealth Rock\n|\n|upkeep\n|turn|6\n|\n|t:|1771251660\n|move|p1a: Landorus|U-turn|p2a: Great Tusk\n|-resisted|p2a: Great Tusk\n|-damage|p2a: Great Tusk|76/100\n|\n|t:|1771251662\n|switch|p1a: Muk|Muk-Alola, F, shiny|100/100|[from] U-turn\n|-sideend|p1: Chigusa_24zono|move: Toxic Spikes|[of] p1a: Muk\n|-damage|p1a: Muk|88/100|[from] Stealth Rock\n|move|p2a: Great Tusk|Head Smash|p1a: Muk\n|-damage|p1a: Muk|38/100\n|-damage|p2a: Great Tusk|48/100|[from] Recoil\n|\n|upkeep\n|turn|7\n|\n|t:|1771251669\n|move|p1a: Muk|Shadow Sneak|p2a: Great Tusk\n|-damage|p2a: Great Tusk|39/100\n|move|p2a: Great Tusk|Head Smash|p1a: Muk\n|-damage|p1a: Muk|0 fnt\n|faint|p1a: Muk\n|-damage|p2a: Great Tusk|18/100|[from] Recoil\n|\n|upkeep\n|\n|t:|1771251672\n|switch|p1a: Landorus|Landorus-Therian, M, shiny|100/100\n|-damage|p1a: Landorus|88/100|[from] Stealth Rock\n|-ability|p1a: Landorus|Intimidate|boost\n|-unboost|p2a: Great Tusk|atk|1\n|turn|8\n|\n|t:|1771251676\n|-end|p2a: Great Tusk|Protosynthesis|[silent]\n|switch|p2a: Gyarados|Gyarados, M|100/100\n|-ability|p2a: Gyarados|Intimidate|boost\n|-unboost|p1a: Landorus|atk|1\n|move|p1a: Landorus|Earthquake|p2a: Gyarados\n|-immune|p2a: Gyarados\n|\n|upkeep\n|turn|9\n|\n|t:|1771251684\n|switch|p1a: Slowbro|Slowbro, F, shiny|100/100\n|-damage|p1a: Slowbro|88/100|[from] Stealth Rock\n|move|p2a: Gyarados|Dragon Dance|p2a: Gyarados\n|-boost|p2a: Gyarados|atk|1\n|-boost|p2a: Gyarados|spe|1\n|\n|upkeep\n|turn|10\n|\n|t:|1771251698\n|switch|p1a: Landorus|Landorus-Therian, M, shiny|88/100\n|-damage|p1a: Landorus|76/100|[from] Stealth Rock\n|-ability|p1a: Landorus|Intimidate|boost\n|-unboost|p2a: Gyarados|atk|1\n|detailschange|p2a: Gyarados|Gyarados-Mega, M\n|-mega|p2a: Gyarados|Gyarados|Gyaradosite\n|-ability|p2a: Gyarados|Mold Breaker\n|move|p2a: Gyarados|Crunch|p1a: Landorus\n|-damage|p1a: Landorus|22/100\n|\n|upkeep\n|turn|11\n|\n|t:|1771251704\n|switch|p2a: Glimmora|Glimmora, M|29/100\n|move|p1a: Landorus|Explosion|p2a: Glimmora\n|-resisted|p2a: Glimmora\n|-damage|p2a: Glimmora|0 fnt\n|-activate|p2a: Glimmora|ability: Toxic Debris\n|-sidestart|p1: Chigusa_24zono|move: Toxic Spikes\n|faint|p1a: Landorus\n|faint|p2a: Glimmora\n|\n|upkeep\n|\n|t:|1771251708\n|switch|p1a: Terapagos|Terapagos, M|100/100\n|switch|p2a: Grimmsnarl|Grimmsnarl, M|100/100\n|-activate|p1a: Terapagos|ability: Tera Shift\n|detailschange|p1a: Terapagos|Terapagos-Terastal, M\n|-heal|p1a: Terapagos|100/100|[silent]\n|turn|12\n|\n|t:|1771251715\n|move|p2a: Grimmsnarl|Light Screen|p2a: Grimmsnarl\n|-sidestart|p2: spirefire|move: Light Screen\n|move|p1a: Terapagos|Rapid Spin|p2a: Grimmsnarl\n|-damage|p2a: Grimmsnarl|87/100\n|-boost|p1a: Terapagos|spe|1\n|-sideend|p1: Chigusa_24zono|Toxic Spikes|[from] move: Rapid Spin|[of] p1a: Terapagos\n|-sideend|p1: Chigusa_24zono|Stealth Rock|[from] move: Rapid Spin|[of] p1a: Terapagos\n|\n|upkeep\n|turn|13\n|\n|t:|1771251718\n|move|p2a: Grimmsnarl|Taunt|p1a: Terapagos\n|-start|p1a: Terapagos|move: Taunt\n|cant|p1a: Terapagos|move: Taunt|Stealth Rock\n|\n|upkeep\n|turn|14\n|\n|t:|1771251722\n|switch|p1a: Slowbro|Slowbro, F, shiny|100/100\n|move|p2a: Grimmsnarl|Superpower|p1a: Slowbro\n|-resisted|p1a: Slowbro\n|-damage|p1a: Slowbro|91/100\n|-unboost|p2a: Grimmsnarl|atk|1\n|-unboost|p2a: Grimmsnarl|def|1\n|-damage|p2a: Grimmsnarl|70/100|[from] item: Rocky Helmet|[of] p1a: Slowbro\n|\n|upkeep\n|turn|15\n|\n|t:|1771251728\n|move|p2a: Grimmsnarl|Taunt|p1a: Slowbro\n|-start|p1a: Slowbro|move: Taunt\n|move|p1a: Slowbro|Scald|p2a: Grimmsnarl\n|-damage|p2a: Grimmsnarl|55/100\n|-status|p2a: Grimmsnarl|brn\n|\n|-damage|p2a: Grimmsnarl|49/100 brn|[from] brn\n|upkeep\n|turn|16\n|\n|t:|1771251734\n|switch|p2a: Latias|Latias, F, shiny|100/100\n|move|p1a: Slowbro|Scald|p2a: Latias\n|-resisted|p2a: Latias\n|-damage|p2a: Latias|95/100\n|-status|p2a: Latias|brn\n|\n|-damage|p2a: Latias|89/100 brn|[from] brn\n|upkeep\n|turn|17\n|\n|t:|1771251740\n|switch|p1a: Mawile|Mawile-Mega, F, shiny|89/100\n|move|p2a: Latias|Calm Mind|p2a: Latias\n|-boost|p2a: Latias|spa|1\n|-boost|p2a: Latias|spd|1\n|\n|-damage|p2a: Latias|83/100 brn|[from] brn\n|upkeep\n|turn|18\n|\n|t:|1771251749\n|move|p2a: Latias|Stored Power|p1a: Mawile\n|-resisted|p1a: Mawile\n|-damage|p1a: Mawile|61/100\n|move|p1a: Mawile|Play Rough|p2a: Latias\n|-supereffective|p2a: Latias\n|-damage|p2a: Latias|0 fnt\n|faint|p2a: Latias\n|\n|upkeep\n|\n|t:|1771251752\n|switch|p2a: Volcarona|Volcarona, F|100/100\n|turn|19\n|\n|t:|1771251759\n|switch|p1a: Slowbro|Slowbro, F, shiny|100/100\n|move|p2a: Volcarona|Substitute|p2a: Volcarona\n|-start|p2a: Volcarona|Substitute\n|-damage|p2a: Volcarona|76/100\n|\n|-sideend|p2: spirefire|move: Light Screen\n|upkeep\n|turn|20\n|\n|t:|1771251761\n|-zpower|p2a: Volcarona\n|move|p2a: Volcarona|Savage Spin-Out|p1a: Slowbro|[zeffect]\n|-supereffective|p1a: Slowbro\n|-damage|p1a: Slowbro|0 fnt\n|faint|p1a: Slowbro\n|\n|upkeep\n|\n|t:|1771251765\n|switch|p1a: Kommo-o|Kommo-o, F, shiny|100/100\n|turn|21\n|\n|t:|1771251770\n|switch|p2a: Grimmsnarl|Grimmsnarl, M|49/100 brn\n|-zpower|p1a: Kommo-o\n|move|p1a: Kommo-o|Clangorous Soulblaze|p2a: Grimmsnarl|[zeffect]\n|-immune|p2a: Grimmsnarl\n|\n|-damage|p2a: Grimmsnarl|43/100 brn|[from] brn\n|upkeep\n|turn|22\n|\n|t:|1771251781\n|switch|p1a: Terapagos|Terapagos-Terastal, M|100/100\n|move|p2a: Grimmsnarl|Light Screen|p2a: Grimmsnarl\n|-sidestart|p2: spirefire|move: Light Screen\n|\n|-damage|p2a: Grimmsnarl|37/100 brn|[from] brn\n|upkeep\n|turn|23\n|\n|t:|1771251786\n|move|p2a: Grimmsnarl|Taunt|p1a: Terapagos\n|-start|p1a: Terapagos|move: Taunt\n|move|p1a: Terapagos|Tera Starstorm|p2a: Grimmsnarl\n|-damage|p2a: Grimmsnarl|10/100 brn\n|\n|-damage|p2a: Grimmsnarl|4/100 brn|[from] brn\n|upkeep\n|turn|24\n|\n|t:|1771251789\n|move|p2a: Grimmsnarl|Reflect|p2a: Grimmsnarl\n|-sidestart|p2: spirefire|Reflect\n|move|p1a: Terapagos|Rapid Spin|p2a: Grimmsnarl\n|-damage|p2a: Grimmsnarl|0 fnt\n|-boost|p1a: Terapagos|spe|1\n|faint|p2a: Grimmsnarl\n|\n|upkeep\n|\n|t:|1771251792\n|switch|p2a: Volcarona|Volcarona, F|76/100\n|turn|25\n|\n|t:|1771251798\n|move|p1a: Terapagos|Tera Starstorm|p2a: Volcarona\n|-damage|p2a: Volcarona|46/100\n|move|p2a: Volcarona|Quiver Dance|p2a: Volcarona\n|-boost|p2a: Volcarona|spa|1\n|-boost|p2a: Volcarona|spd|1\n|-boost|p2a: Volcarona|spe|1\n|\n|-end|p1a: Terapagos|move: Taunt\n|upkeep\n|turn|26\n|\n|t:|1771251801\n|move|p2a: Volcarona|Bug Buzz|p1a: Terapagos\n|-activate|p1a: Terapagos|ability: Tera Shell\n|-resisted|p1a: Terapagos\n|-damage|p1a: Terapagos|68/100\n|-unboost|p1a: Terapagos|spd|1\n|move|p1a: Terapagos|Tera Starstorm|p2a: Volcarona\n|-damage|p2a: Volcarona|25/100\n|\n|upkeep\n|turn|27\n|\n|t:|1771251803\n|move|p2a: Volcarona|Bug Buzz|p1a: Terapagos\n|-damage|p1a: Terapagos|0 fnt\n|faint|p1a: Terapagos\n|\n|upkeep\n|\n|t:|1771251807\n|switch|p1a: Kommo-o|Kommo-o, F, shiny|100/100\n|turn|28\n|\n|t:|1771251811\n|move|p2a: Volcarona|Bug Buzz|p1a: Kommo-o\n|-immune|p1a: Kommo-o|[from] ability: Soundproof\n|move|p1a: Kommo-o|Clanging Scales|p2a: Volcarona\n|-damage|p2a: Volcarona|10/100\n|-unboost|p1a: Kommo-o|def|1\n|\n|upkeep\n|turn|29\n|\n|t:|1771251816\n|move|p2a: Volcarona|Fiery Dance|p1a: Kommo-o\n|-resisted|p1a: Kommo-o\n|-damage|p1a: Kommo-o|63/100\n|move|p1a: Kommo-o|Earthquake|p2a: Volcarona\n|-damage|p2a: Volcarona|0 fnt\n|faint|p2a: Volcarona\n|\n|-sideend|p2: spirefire|move: Light Screen\n|upkeep\n|\n|t:|1771251823\n|switch|p2a: Great Tusk|Great Tusk|18/100\n|turn|30\n|\n|t:|1771251826\n|move|p2a: Great Tusk|Headlong Rush|p1a: Kommo-o\n|-damage|p1a: Kommo-o|0 fnt\n|-unboost|p2a: Great Tusk|def|1\n|-unboost|p2a: Great Tusk|spd|1\n|faint|p1a: Kommo-o\n|\n|upkeep\n|\n|t:|1771251828\n|switch|p1a: Mawile|Mawile-Mega, F, shiny|61/100\n|turn|31\n|\n|t:|1771251830\n|move|p1a: Mawile|Sucker Punch|p2a: Great Tusk\n|-resisted|p2a: Great Tusk\n|-damage|p2a: Great Tusk|6/100\n|move|p2a: Great Tusk|Headlong Rush|p1a: Mawile\n|-supereffective|p1a: Mawile\n|-damage|p1a: Mawile|0 fnt\n|-unboost|p2a: Great Tusk|def|1\n|-unboost|p2a: Great Tusk|spd|1\n|faint|p1a: Mawile\n|detailschange|p1: Mawile|Mawile, F, shiny|[silent]\n|\n|win|spirefire\n|raw|Chigusa_24zono's rating: 1538 &rarr; <strong>1520</strong><br />(-18 for losing)\n|raw|spirefire's rating: 1581 &rarr; <strong>1599</strong><br />(+18 for winning)\n|l|☆Chigusa_24zono\n|player|p1|\n|l|☆spirefire\n|player|p2|\n", "uploadtime": 1771252027, "views": 5, "formatid": "gen9nationaldex", "rating": 1520, "private": 0, "password": null}