{"id": "gen9nationaldex-2540739547", "format": "[Gen 9] National Dex", "players": ["yuxia233", "spirefire"], "log": "|j|☆yuxia233\n|j|☆spirefire\n|t:|1771248208\n|gametype|singles\n|player|p1|yuxia233|dawn|1640\n|player|p2|spirefire|miku-ghost|1595\n|gen|9\n|tier|[Gen 9] National Dex\n|rated|\n|rule|HP Percentage Mod: HP is shown in percentages\n|rule|Endless Battle Clause: Forcing endless battles is banned\n|rule|Species Clause: Limit one of each Pokémon\n|rule|OHKO Clause: OHKO moves are banned\n|rule|Evasion Clause: Evasion abilities, items, and moves are banned\n|rule|Evasion Abilities Clause: Evasion abilities are banned\n|rule|Evasion Items Clause: Evasion items are banned\n|rule|Evasion Moves Clause: Evasion moves are banned\n|rule|Sleep Clause Mod: Limit one foe put to sleep\n|rule|Terastal Clause: You cannot Terastallize\n|clearpoke\n|poke|p1|Kingambit, F|\n|poke|p1|Zamazenta-*|\n|poke|p1|Diancie|\n|poke|p1|Landorus-Therian, M|\n|poke|p1|Alomomola, M|\n|poke|p1|Clodsire, M|\n|poke|p2|Slowbro, F|\n|poke|p2|Muk-Alola, F|\n|poke|p2|Landorus-Therian, M|\n|poke|p2|Mawile, F|\n|poke|p2|Terapagos, M|\n|poke|p2|Kommo-o, M|\n|teampreview\n|inactive|Battle timer is ON: inactive players will automatically lose when time's up. (requested by spirefire)\n|inactive|yuxia233 also wants the timer to be on.\n|\n|t:|1771248224\n|teamsize|p1|6\n|teamsize|p2|6\n|start\n|switch|p1a: Landorus|Landorus-Therian, M|100/100\n|switch|p2a: Slowbro|Slowbro, F|100/100\n|-ability|p1a: Landorus|Intimidate|boost\n|-unboost|p2a: Slowbro|atk|1\n|turn|1\n|\n|t:|1771248228\n|move|p1a: Landorus|Stealth Rock|p2a: Slowbro\n|-sidestart|p2: spirefire|move: Stealth Rock\n|move|p2a: Slowbro|Teleport|p2a: Slowbro\n|\n|t:|1771248234\n|switch|p2a: Terapagos|Terapagos, M|100/100|[from] Teleport\n|-activate|p2a: Terapagos|ability: Tera Shift\n|detailschange|p2a: Terapagos|Terapagos-Terastal, M\n|-heal|p2a: Terapagos|100/100|[silent]\n|\n|upkeep\n|turn|2\n|\n|t:|1771248239\n|move|p1a: Landorus|U-turn|p2a: Terapagos\n|-activate|p2a: Terapagos|ability: Tera Shell\n|-resisted|p2a: Terapagos\n|-damage|p2a: Terapagos|88/100\n|\n|t:|1771248244\n|switch|p1a: Kingambit|Kingambit, F|100/100|[from] U-turn\n|move|p2a: Terapagos|Rapid Spin|p1a: Kingambit\n|-resisted|p1a: Kingambit\n|-damage|p1a: Kingambit|95/100\n|-boost|p2a: Terapagos|spe|1\n|-sideend|p2: spirefire|Stealth Rock|[from] move: Rapid Spin|[of] p2a: Terapagos\n|\n|upkeep\n|turn|3\n|\n|t:|1771248249\n|move|p2a: Terapagos|Flamethrower|p1a: Kingambit\n|-supereffective|p1a: Kingambit\n|-damage|p1a: Kingambit|40/100\n|move|p1a: Kingambit|Low Kick|p2a: Terapagos\n|-supereffective|p2a: Terapagos\n|-damage|p2a: Terapagos|52/100\n|\n|upkeep\n|turn|4\n|\n|t:|1771248256\n|-end|p1a: Kingambit|fallenundefined|[silent]\n|switch|p1a: Clodsire|Clodsire, M|100/100\n|move|p2a: Terapagos|Stealth Rock|p1a: Clodsire\n|-sidestart|p1: yuxia233|move: Stealth Rock\n|\n|upkeep\n|turn|5\n|\n|t:|1771248259\n|switch|p2a: Landorus|Landorus-Therian, M|100/100\n|-ability|p2a: Landorus|Intimidate|boost\n|-unboost|p1a: Clodsire|atk|1\n|move|p1a: Clodsire|Earthquake|p2a: Landorus\n|-immune|p2a: Landorus\n|\n|upkeep\n|turn|6\n|\n|t:|1771248265\n|switch|p1a: Alomomola|Alomomola, M|100/100\n|-damage|p1a: Alomomola|88/100|[from] Stealth Rock\n|move|p2a: Landorus|U-turn|p1a: Alomomola\n|-damage|p1a: Alomomola|72/100\n|-damage|p2a: Landorus|84/100|[from] item: Rocky Helmet|[of] p1a: Alomomola\n|\n|t:|1771248268\n|switch|p2a: Muk|Muk-Alola, F|100/100|[from] U-turn\n|\n|upkeep\n|turn|7\n|\n|t:|1771248273\n|move|p2a: Muk|Knock Off|p1a: Alomomola\n|-damage|p1a: Alomomola|46/100\n|-damage|p2a: Muk|84/100|[from] item: Rocky Helmet|[of] p1a: Alomomola\n|-enditem|p1a: Alomomola|Rocky Helmet|[from] move: Knock Off|[of] p2a: Muk\n|move|p1a: Alomomola|Flip Turn|p2a: Muk\n|-damage|p2a: Muk|66/100\n|\n|t:|1771248275\n|switch|p1a: Landorus|Landorus-Therian, M|100/100|[from] Flip Turn\n|-damage|p1a: Landorus|88/100|[from] Stealth Rock\n|-ability|p1a: Landorus|Intimidate|boost\n|-unboost|p2a: Muk|atk|1\n|\n|-heal|p1a: Landorus|94/100|[from] item: Leftovers\n|upkeep\n|turn|8\n|\n|t:|1771248278\n|switch|p2a: Landorus|Landorus-Therian, M|84/100\n|-ability|p2a: Landorus|Intimidate|boost\n|-unboost|p1a: Landorus|atk|1\n|move|p1a: Landorus|Earthquake|p2a: Landorus\n|-immune|p2a: Landorus\n|\n|-heal|p1a: Landorus|99/100|[from] item: Leftovers\n|upkeep\n|turn|9\n|\n|t:|1771248285\n|move|p2a: Landorus|U-turn|p1a: Landorus\n|-resisted|p1a: Landorus\n|-damage|p1a: Landorus|83/100\n|\n|t:|1771248288\n|switch|p2a: Slowbro|Slowbro, F|100/100|[from] U-turn\n|move|p1a: Landorus|Defog|p2a: Slowbro\n|-unboost|p2a: Slowbro|evasion|1\n|-sideend|p1: yuxia233|Stealth Rock|[from] move: Defog|[of] p1a: Landorus\n|\n|-heal|p1a: Landorus|89/100|[from] item: Leftovers\n|upkeep\n|turn|10\n|\n|t:|1771248291\n|move|p1a: Landorus|Stealth Rock|p2a: Slowbro\n|-sidestart|p2: spirefire|move: Stealth Rock\n|move|p2a: Slowbro|Teleport|p2a: Slowbro\n|\n|t:|1771248294\n|switch|p2a: Terapagos|Terapagos-Terastal, M|52/100|[from] Teleport\n|\n|-heal|p1a: Landorus|95/100|[from] item: Leftovers\n|upkeep\n|turn|11\n|\n|t:|1771248297\n|move|p1a: Landorus|Earthquake|p2a: Terapagos\n|-damage|p2a: Terapagos|17/100\n|move|p2a: Terapagos|Rapid Spin|p1a: Landorus\n|-damage|p1a: Landorus|76/100\n|-boost|p2a: Terapagos|spe|1\n|-sideend|p2: spirefire|Stealth Rock|[from] move: Rapid Spin|[of] p2a: Terapagos\n|\n|-heal|p1a: Landorus|82/100|[from] item: Leftovers\n|upkeep\n|turn|12\n|\n|t:|1771248304\n|move|p2a: Terapagos|Tera Starstorm|p1a: Landorus\n|-damage|p1a: Landorus|11/100\n|move|p1a: Landorus|Earthquake|p2a: Terapagos\n|-damage|p2a: Terapagos|0 fnt\n|faint|p2a: Terapagos\n|\n|-heal|p1a: Landorus|17/100|[from] item: Leftovers\n|upkeep\n|\n|t:|1771248309\n|switch|p2a: Landorus|Landorus-Therian, M|84/100\n|-ability|p2a: Landorus|Intimidate|boost\n|-unboost|p1a: Landorus|atk|1\n|turn|13\n|\n|t:|1771248312\n|move|p2a: Landorus|Stone Edge|p1a: Landorus\n|-damage|p1a: Landorus|0 fnt\n|faint|p1a: Landorus\n|\n|upkeep\n|\n|t:|1771248315\n|switch|p1a: Alomomola|Alomomola, M|80/100\n|turn|14\n|\n|t:|1771248318\n|switch|p2a: Slowbro|Slowbro, F|100/100\n|move|p1a: Alomomola|Flip Turn|p2a: Slowbro\n|-resisted|p2a: Slowbro\n|-damage|p2a: Slowbro|96/100\n|-damage|p1a: Alomomola|63/100|[from] item: Rocky Helmet|[of] p2a: Slowbro\n|\n|t:|1771248321\n|switch|p1a: Kingambit|Kingambit, F|40/100|[from] Flip Turn\n|-activate|p1a: Kingambit|ability: Supreme Overlord\n|-start|p1a: Kingambit|fallen1|[silent]\n|\n|upkeep\n|turn|15\n|\n|t:|1771248324\n|-activate|p2a: Slowbro|move: Pursuit\n|move|p1a: Kingambit|Pursuit|p2a: Slowbro|[from] Pursuit\n|-supereffective|p2a: Slowbro\n|-damage|p2a: Slowbro|19/100\n|-damage|p1a: Kingambit|23/100|[from] item: Rocky Helmet|[of] p2a: Slowbro\n|switch|p2a: Kommo-o|Kommo-o, M|100/100\n|\n|upkeep\n|turn|16\n|\n|t:|1771248330\n|-end|p1a: Kingambit|fallen1|[silent]\n|switch|p1a: Diancie|Diancie|100/100\n|move|p2a: Kommo-o|Earthquake|p1a: Diancie\n|-supereffective|p1a: Diancie\n|-damage|p1a: Diancie|47/100\n|\n|upkeep\n|turn|17\n|\n|t:|1771248336\n|switch|p2a: Muk|Muk-Alola, F|66/100\n|detailschange|p1a: Diancie|Diancie-Mega\n|-mega|p1a: Diancie|Diancie|Diancite\n|move|p1a: Diancie|Moonblast|p2a: Muk\n|-damage|p2a: Muk|34/100\n|\n|upkeep\n|turn|18\n|\n|t:|1771248345\n|move|p1a: Diancie|Earth Power|p2a: Muk\n|-supereffective|p2a: Muk\n|-damage|p2a: Muk|0 fnt\n|faint|p2a: Muk\n|\n|upkeep\n|\n|t:|1771248349\n|switch|p2a: Landorus|Landorus-Therian, M|84/100\n|-ability|p2a: Landorus|Intimidate|boost\n|-unboost|p1a: Diancie|atk|1\n|turn|19\n|\n|t:|1771248351\n|switch|p1a: Alomomola|Alomomola, M|96/100\n|move|p2a: Landorus|Earthquake|p1a: Alomomola\n|-damage|p1a: Alomomola|61/100\n|\n|upkeep\n|turn|20\n|\n|t:|1771248359\n|move|p2a: Landorus|Earthquake|p1a: Alomomola\n|-crit|p1a: Alomomola\n|-damage|p1a: Alomomola|9/100\n|move|p1a: Alomomola|Wish|p1a: Alomomola\n|\n|upkeep\n|turn|21\n|\n|t:|1771248364\n|move|p1a: Alomomola|Protect|p1a: Alomomola\n|-singleturn|p1a: Alomomola|Protect\n|move|p2a: Landorus|Earthquake|p1a: Alomomola\n|-activate|p1a: Alomomola|move: Protect\n|\n|-heal|p1a: Alomomola|59/100|[from] move: Wish|[wisher] Alomomola\n|upkeep\n|turn|22\n|\n|t:|1771248368\n|move|p2a: Landorus|Earthquake|p1a: Alomomola\n|-damage|p1a: Alomomola|28/100\n|move|p1a: Alomomola|Wish|p1a: Alomomola\n|\n|upkeep\n|turn|23\n|\n|t:|1771248372\n|switch|p2a: Kommo-o|Kommo-o, M|100/100\n|switch|p1a: Zamazenta|Zamazenta|100/100\n|-ability|p1a: Zamazenta|Dauntless Shield|boost\n|-boost|p1a: Zamazenta|def|1\n|\n|upkeep\n|turn|24\n|\n|t:|1771248377\n|switch|p2a: Slowbro|Slowbro, F|52/100\n|move|p1a: Zamazenta|Iron Defense|p1a: Zamazenta\n|-boost|p1a: Zamazenta|def|2\n|\n|upkeep\n|turn|25\n|\n|t:|1771248382\n|move|p1a: Zamazenta|Crunch|p2a: Slowbro\n|-supereffective|p2a: Slowbro\n|-damage|p2a: Slowbro|27/100\n|-damage|p1a: Zamazenta|84/100|[from] item: Rocky Helmet|[of] p2a: Slowbro\n|move|p2a: Slowbro|Trick Room|p2a: Slowbro\n|-fieldstart|move: Trick Room|[of] p2a: Slowbro\n|\n|-heal|p1a: Zamazenta|90/100|[from] item: Leftovers\n|upkeep\n|turn|26\n|\n|t:|1771248388\n|switch|p1a: Kingambit|Kingambit, F|23/100\n|-activate|p1a: Kingambit|ability: Supreme Overlord\n|-start|p1a: Kingambit|fallen1|[silent]\n|move|p2a: Slowbro|Psychic Noise|p1a: Kingambit\n|-immune|p1a: Kingambit\n|\n|upkeep\n|turn|27\n|\n|t:|1771248395\n|move|p2a: Slowbro|Scald|p1a: Kingambit\n|-damage|p1a: Kingambit|0 fnt\n|faint|p1a: Kingambit\n|-end|p1a: Kingambit|fallen1|[silent]\n|\n|upkeep\n|\n|t:|1771248402\n|switch|p1a: Alomomola|Alomomola, M|61/100\n|turn|28\n|\n|t:|1771248406\n|move|p1a: Alomomola|Wish|p1a: Alomomola\n|move|p2a: Slowbro|Teleport|p2a: Slowbro\n|\n|t:|1771248408\n|switch|p2a: Mawile|Mawile, F|100/100|[from] Teleport\n|-ability|p2a: Mawile|Intimidate|boost\n|-unboost|p1a: Alomomola|atk|1\n|\n|upkeep\n|turn|29\n|\n|t:|1771248416\n|detailschange|p2a: Mawile|Mawile-Mega, F\n|-mega|p2a: Mawile|Mawile|Mawilite\n|move|p1a: Alomomola|Flip Turn|p2a: Mawile\n|-damage|p2a: Mawile|91/100\n|\n|t:|1771248420\n|switch|p1a: Zamazenta|Zamazenta|90/100|[from] Flip Turn\n|move|p2a: Mawile|Play Rough|p1a: Zamazenta\n|-supereffective|p1a: Zamazenta\n|-damage|p1a: Zamazenta|0 fnt\n|faint|p1a: Zamazenta\n|\n|-fieldend|move: Trick Room\n|upkeep\n|\n|t:|1771248422\n|switch|p1a: Diancie|Diancie-Mega|47/100\n|turn|30\n|\n|t:|1771248431\n|switch|p2a: Landorus|Landorus-Therian, M|84/100\n|-ability|p2a: Landorus|Intimidate|boost\n|-unboost|p1a: Diancie|atk|1\n|move|p1a: Diancie|Earth Power|p2a: Landorus\n|-immune|p2a: Landorus\n|\n|upkeep\n|turn|31\n|\n|t:|1771248433\n|switch|p1a: Alomomola|Alomomola, M|95/100\n|move|p2a: Landorus|Earthquake|p1a: Alomomola\n|-crit|p1a: Alomomola\n|-damage|p1a: Alomomola|43/100\n|\n|upkeep\n|turn|32\n|\n|t:|1771248441\n|switch|p2a: Slowbro|Slowbro, F|60/100\n|move|p1a: Alomomola|Flip Turn|p2a: Slowbro\n|-resisted|p2a: Slowbro\n|-damage|p2a: Slowbro|56/100\n|-damage|p1a: Alomomola|26/100|[from] item: Rocky Helmet|[of] p2a: Slowbro\n|\n|t:|1771248443\n|switch|p1a: Clodsire|Clodsire, M|100/100|[from] Flip Turn\n|\n|upkeep\n|turn|33\n|\n|t:|1771248447\n|move|p2a: Slowbro|Psychic Noise|p1a: Clodsire\n|-supereffective|p1a: Clodsire\n|-damage|p1a: Clodsire|74/100\n|-start|p1a: Clodsire|move: Heal Block\n|move|p1a: Clodsire|Earthquake|p2a: Slowbro\n|-damage|p2a: Slowbro|38/100\n|\n|upkeep\n|turn|34\n|\n|t:|1771248453\n|move|p1a: Clodsire|Earthquake|p2a: Slowbro\n|-damage|p2a: Slowbro|23/100\n|move|p2a: Slowbro|Teleport|p2a: Slowbro\n|\n|t:|1771248455\n|switch|p2a: Mawile|Mawile-Mega, F|91/100|[from] Teleport\n|\n|-end|p1a: Clodsire|move: Heal Block\n|upkeep\n|turn|35\n|\n|t:|1771248461\n|move|p2a: Mawile|Knock Off|p1a: Clodsire\n|-damage|p1a: Clodsire|4/100\n|-enditem|p1a: Clodsire|Heavy-Duty Boots|[from] move: Knock Off|[of] p2a: Mawile\n|move|p1a: Clodsire|Earthquake|p2a: Mawile\n|-supereffective|p2a: Mawile\n|-crit|p2a: Mawile\n|-damage|p2a: Mawile|11/100\n|\n|upkeep\n|turn|36\n|\n|t:|1771248464\n|move|p2a: Mawile|Knock Off|p1a: Clodsire\n|-damage|p1a: Clodsire|0 fnt\n|faint|p1a: Clodsire\n|\n|upkeep\n|\n|t:|1771248466\n|switch|p1a: Diancie|Diancie-Mega|47/100\n|turn|37\n|\n|t:|1771248469\n|switch|p2a: Slowbro|Slowbro, F|56/100\n|move|p1a: Diancie|Moonblast|p2a: Slowbro\n|-damage|p2a: Slowbro|0 fnt\n|faint|p2a: Slowbro\n|\n|upkeep\n|\n|t:|1771248471\n|switch|p2a: Landorus|Landorus-Therian, M|84/100\n|-ability|p2a: Landorus|Intimidate|boost\n|-unboost|p1a: Diancie|atk|1\n|turn|38\n|\n|t:|1771248478\n|switch|p1a: Alomomola|Alomomola, M|59/100\n|move|p2a: Landorus|U-turn|p1a: Alomomola\n|-damage|p1a: Alomomola|44/100\n|\n|t:|1771248481\n|switch|p2a: Mawile|Mawile-Mega, F|11/100|[from] U-turn\n|\n|upkeep\n|turn|39\n|\n|t:|1771248489\n|move|p2a: Mawile|Play Rough|p1a: Alomomola\n|-damage|p1a: Alomomola|0 fnt\n|faint|p1a: Alomomola\n|\n|upkeep\n|\n|t:|1771248492\n|switch|p1a: Diancie|Diancie-Mega|47/100\n|turn|40\n|-message|yuxia233 forfeited.\n|\n|win|spirefire\n|raw|yuxia233's rating: 1640 &rarr; <strong>1617</strong><br />(-23 for losing)\n|raw|spirefire's rating: 1595 &rarr; <strong>1618</strong><br />(+23 for winning)\n|l|☆yuxia233\n|player|p1|\n|l|☆spirefire\n|player|p2|\n", "uploadtime": 1771248732, "views": 3, "formatid": "gen9nationaldex", "rating": 1617, "private": 0, "password": null}