{"id": "gen9nationaldex-2540621584", "format": "[Gen 9] National Dex", "players": ["Monster_Catcher.5", "ndx_alt17"], "log": "|j|☆Monster_Catcher.5\n|j|☆ndx_alt17\n|t:|1771228912\n|gametype|singles\n|player|p1|Monster_Catcher.5|acetrainer|1540\n|player|p2|ndx_alt17|nate|1597\n|gen|9\n|tier|[Gen 9] National Dex\n|rated|\n|rule|HP Percentage Mod: HP is shown in percentages\n|rule|Endless Battle Clause: Forcing endless battles is banned\n|rule|Species Clause: Limit one of each Pokémon\n|rule|OHKO Clause: OHKO moves are banned\n|rule|Evasion Clause: Evasion abilities, items, and moves are banned\n|rule|Evasion Abilities Clause: Evasion abilities are banned\n|rule|Evasion Items Clause: Evasion items are banned\n|rule|Evasion Moves Clause: Evasion moves are banned\n|rule|Sleep Clause Mod: Limit one foe put to sleep\n|rule|Terastal Clause: You cannot Terastallize\n|clearpoke\n|poke|p1|Scizor, F|\n|poke|p1|Great Tusk|\n|poke|p1|Garchomp, F|\n|poke|p1|Raging Bolt|\n|poke|p1|Iron Valiant|\n|poke|p1|Tornadus-Therian, M|\n|poke|p2|Azumarill, F|\n|poke|p2|Gholdengo|\n|poke|p2|Ferrothorn, M|\n|poke|p2|Charizard, M|\n|poke|p2|Zamazenta-*|\n|poke|p2|Gliscor, M|\n|teampreview\n|inactive|Battle timer is ON: inactive players will automatically lose when time's up. (requested by ndx_alt17)\n|\n|t:|1771229021\n|teamsize|p1|6\n|teamsize|p2|6\n|start\n|switch|p1a: Raging Bolt|Raging Bolt|100/100\n|switch|p2a: Azumarill|Azumarill, F, shiny|100/100\n|turn|1\n|\n|t:|1771229029\n|move|p1a: Raging Bolt|Volt Switch|p2a: Azumarill\n|-supereffective|p2a: Azumarill\n|-damage|p2a: Azumarill|34/100\n|\n|t:|1771229038\n|-end|p1a: Raging Bolt|Protosynthesis|[silent]\n|switch|p1a: Scizor|Scizor, F|100/100|[from] Volt Switch\n|move|p2a: Azumarill|Play Rough|p1a: Scizor\n|-resisted|p1a: Scizor\n|-damage|p1a: Scizor|56/100\n|-unboost|p1a: Scizor|atk|1\n|\n|upkeep\n|turn|2\n|\n|t:|1771229048\n|switch|p2a: Charizard|Charizard, M|100/100\n|detailschange|p1a: Scizor|Scizor-Mega, F\n|-mega|p1a: Scizor|Scizor|Scizorite\n|move|p1a: Scizor|U-turn|p2a: Charizard\n|-resisted|p2a: Charizard\n|-damage|p2a: Charizard|92/100\n|inactive|Monster_Catcher.5 has 120 seconds left.\n|\n|t:|1771229074\n|switch|p1a: Garchomp|Garchomp, F|100/100|[from] U-turn\n|\n|upkeep\n|turn|3\n|inactive|ndx_alt17 has 120 seconds left.\n|\n|t:|1771229108\n|detailschange|p2a: Charizard|Charizard-Mega-X, M\n|-mega|p2a: Charizard|Charizard|Charizardite X\n|move|p2a: Charizard|Dragon Claw|p1a: Garchomp\n|-supereffective|p1a: Garchomp\n|-damage|p1a: Garchomp|0 fnt\n|-damage|p2a: Charizard|80/100|[from] ability: Rough Skin|[of] p1a: Garchomp\n|faint|p1a: Garchomp\n|\n|upkeep\n|inactive|Monster_Catcher.5 has 120 seconds left.\n|\n|t:|1771229122\n|switch|p1a: Great Tusk|Great Tusk|100/100\n|turn|4\n|inactive|Monster_Catcher.5 has 120 seconds left.\n|\n|t:|1771229137\n|switch|p2a: Zamazenta|Zamazenta, shiny|100/100\n|-ability|p2a: Zamazenta|Dauntless Shield|boost\n|-boost|p2a: Zamazenta|def|1\n|move|p1a: Great Tusk|Headlong Rush|p2a: Zamazenta\n|-damage|p2a: Zamazenta|72/100\n|-unboost|p1a: Great Tusk|def|1\n|-unboost|p1a: Great Tusk|spd|1\n|\n|-heal|p2a: Zamazenta|78/100|[from] item: Leftovers\n|upkeep\n|turn|5\n|\n|t:|1771229148\n|-end|p1a: Great Tusk|Protosynthesis|[silent]\n|switch|p1a: Tornadus|Tornadus-Therian, M|100/100\n|move|p2a: Zamazenta|Substitute|p2a: Zamazenta\n|-start|p2a: Zamazenta|Substitute\n|-damage|p2a: Zamazenta|53/100\n|\n|-heal|p2a: Zamazenta|59/100|[from] item: Leftovers\n|upkeep\n|turn|6\n|\n|t:|1771229155\n|move|p2a: Zamazenta|Iron Defense|p2a: Zamazenta\n|-boost|p2a: Zamazenta|def|2\n|move|p1a: Tornadus|Hurricane|p2a: Zamazenta|[miss]\n|-miss|p1a: Tornadus|p2a: Zamazenta\n|\n|-heal|p2a: Zamazenta|65/100|[from] item: Leftovers\n|upkeep\n|turn|7\n|\n|t:|1771229159\n|move|p2a: Zamazenta|Body Press|p1a: Tornadus\n|-resisted|p1a: Tornadus\n|-damage|p1a: Tornadus|49/100\n|move|p1a: Tornadus|Hurricane|p2a: Zamazenta\n|-supereffective|p2a: Zamazenta\n|-crit|p2a: Zamazenta\n|-end|p2a: Zamazenta|Substitute\n|\n|-heal|p2a: Zamazenta|72/100|[from] item: Leftovers\n|upkeep\n|turn|8\n|\n|t:|1771229170\n|switch|p1a: Great Tusk|Great Tusk|100/100\n|move|p2a: Zamazenta|Body Press|p1a: Great Tusk\n|-damage|p1a: Great Tusk|60/100\n|-damage|p2a: Zamazenta|55/100|[from] item: Rocky Helmet|[of] p1a: Great Tusk\n|\n|-heal|p2a: Zamazenta|61/100|[from] item: Leftovers\n|upkeep\n|turn|9\n|\n|t:|1771229181\n|move|p2a: Zamazenta|Iron Defense|p2a: Zamazenta\n|-boost|p2a: Zamazenta|def|2\n|move|p1a: Great Tusk|Headlong Rush|p2a: Zamazenta\n|-damage|p2a: Zamazenta|51/100\n|-unboost|p1a: Great Tusk|def|1\n|-unboost|p1a: Great Tusk|spd|1\n|\n|-heal|p2a: Zamazenta|57/100|[from] item: Leftovers\n|upkeep\n|turn|10\n|\n|t:|1771229189\n|-end|p1a: Great Tusk|Protosynthesis|[silent]\n|switch|p1a: Raging Bolt|Raging Bolt|100/100\n|move|p2a: Zamazenta|Substitute|p2a: Zamazenta\n|-start|p2a: Zamazenta|Substitute\n|-damage|p2a: Zamazenta|32/100\n|\n|-heal|p2a: Zamazenta|38/100|[from] item: Leftovers\n|upkeep\n|turn|11\n|\n|t:|1771229202\n|move|p1a: Raging Bolt|Thunderclap|p2a: Zamazenta\n|-end|p2a: Zamazenta|Substitute\n|move|p2a: Zamazenta|Body Press|p1a: Raging Bolt\n|-damage|p1a: Raging Bolt|14/100\n|\n|-heal|p2a: Zamazenta|45/100|[from] item: Leftovers\n|-heal|p1a: Raging Bolt|20/100|[from] item: Leftovers\n|upkeep\n|turn|12\n|\n|t:|1771229208\n|move|p2a: Zamazenta|Substitute|p2a: Zamazenta\n|-start|p2a: Zamazenta|Substitute\n|-damage|p2a: Zamazenta|20/100\n|move|p1a: Raging Bolt|Volt Switch|p2a: Zamazenta\n|-activate|p2a: Zamazenta|move: Substitute|[damage]\n|\n|t:|1771229218\n|-end|p1a: Raging Bolt|Protosynthesis|[silent]\n|switch|p1a: Scizor|Scizor-Mega, F|56/100|[from] Volt Switch\n|\n|-heal|p2a: Zamazenta|26/100|[from] item: Leftovers\n|upkeep\n|turn|13\n|\n|t:|1771229222\n|move|p2a: Zamazenta|Body Press|p1a: Scizor\n|-damage|p1a: Scizor|0 fnt\n|faint|p1a: Scizor\n|detailschange|p1: Scizor|Scizor, F|[silent]\n|\n|-heal|p2a: Zamazenta|32/100|[from] item: Leftovers\n|upkeep\n|\n|t:|1771229227\n|switch|p1a: Raging Bolt|Raging Bolt|20/100\n|turn|14\n|\n|t:|1771229231\n|move|p1a: Raging Bolt|Thunderclap|p2a: Zamazenta\n|-end|p2a: Zamazenta|Substitute\n|move|p2a: Zamazenta|Body Press|p1a: Raging Bolt\n|-damage|p1a: Raging Bolt|0 fnt\n|faint|p1a: Raging Bolt\n|-end|p1a: Raging Bolt|Protosynthesis|[silent]\n|\n|-heal|p2a: Zamazenta|38/100|[from] item: Leftovers\n|upkeep\n|\n|t:|1771229234\n|switch|p1a: Iron Valiant|Iron Valiant|100/100\n|turn|15\n|\n|t:|1771229246\n|move|p2a: Zamazenta|Body Press|p1a: Iron Valiant\n|-resisted|p1a: Iron Valiant\n|-damage|p1a: Iron Valiant|25/100\n|move|p1a: Iron Valiant|Moonblast|p2a: Zamazenta\n|-supereffective|p2a: Zamazenta\n|-damage|p2a: Zamazenta|0 fnt\n|faint|p2a: Zamazenta\n|-damage|p1a: Iron Valiant|15/100|[from] item: Life Orb\n|\n|upkeep\n|\n|t:|1771229253\n|switch|p2a: Azumarill|Azumarill, F, shiny|34/100\n|turn|16\n|\n|t:|1771229258\n|-end|p1a: Iron Valiant|Quark Drive|[silent]\n|switch|p1a: Tornadus|Tornadus-Therian, M|82/100\n|move|p2a: Azumarill|Aqua Jet|p1a: Tornadus\n|-damage|p1a: Tornadus|41/100\n|\n|upkeep\n|turn|17\n|\n|t:|1771229285\n|switch|p1a: Great Tusk|Great Tusk|60/100\n|switch|p2a: Ferrothorn|Ferrothorn, M|100/100\n|\n|upkeep\n|turn|18\n|\n|t:|1771229292\n|move|p1a: Great Tusk|Knock Off|p2a: Ferrothorn\n|-damage|p2a: Ferrothorn|82/100\n|-damage|p1a: Great Tusk|47/100|[from] ability: Iron Barbs|[of] p2a: Ferrothorn\n|-enditem|p2a: Ferrothorn|Leftovers|[from] move: Knock Off|[of] p1a: Great Tusk\n|move|p2a: Ferrothorn|Stealth Rock|p1a: Great Tusk\n|-sidestart|p1: Monster_Catcher.5|move: Stealth Rock\n|\n|upkeep\n|turn|19\n|\n|t:|1771229303\n|move|p1a: Great Tusk|Rapid Spin|p2a: Ferrothorn\n|-resisted|p2a: Ferrothorn\n|-damage|p2a: Ferrothorn|77/100\n|-boost|p1a: Great Tusk|spe|1\n|-damage|p1a: Great Tusk|35/100|[from] ability: Iron Barbs|[of] p2a: Ferrothorn\n|-sideend|p1: Monster_Catcher.5|Stealth Rock|[from] move: Rapid Spin|[of] p1a: Great Tusk\n|move|p2a: Ferrothorn|Stealth Rock|p1a: Great Tusk\n|-sidestart|p1: Monster_Catcher.5|move: Stealth Rock\n|\n|upkeep\n|turn|20\n|\n|t:|1771229319\n|move|p1a: Great Tusk|Rapid Spin|p2a: Ferrothorn\n|-resisted|p2a: Ferrothorn\n|-damage|p2a: Ferrothorn|72/100\n|-boost|p1a: Great Tusk|spe|1\n|-damage|p1a: Great Tusk|22/100|[from] ability: Iron Barbs|[of] p2a: Ferrothorn\n|-sideend|p1: Monster_Catcher.5|Stealth Rock|[from] move: Rapid Spin|[of] p1a: Great Tusk\n|move|p2a: Ferrothorn|Leech Seed|p1a: Great Tusk\n|-start|p1a: Great Tusk|move: Leech Seed\n|\n|-damage|p1a: Great Tusk|10/100|[from] Leech Seed|[of] p2a: Ferrothorn\n|-heal|p2a: Ferrothorn|87/100|[silent]\n|upkeep\n|turn|21\n|\n|t:|1771229329\n|-end|p1a: Great Tusk|Protosynthesis|[silent]\n|switch|p1a: Tornadus|Tornadus-Therian, M|75/100\n|move|p2a: Ferrothorn|Stealth Rock|p1a: Tornadus\n|-sidestart|p1: Monster_Catcher.5|move: Stealth Rock\n|\n|upkeep\n|turn|22\n|\n|t:|1771229335\n|move|p1a: Tornadus|Taunt|p2a: Ferrothorn\n|-start|p2a: Ferrothorn|move: Taunt\n|move|p2a: Ferrothorn|Knock Off|p1a: Tornadus\n|-damage|p1a: Tornadus|52/100\n|-enditem|p1a: Tornadus|Heavy-Duty Boots|[from] move: Knock Off|[of] p2a: Ferrothorn\n|\n|upkeep\n|turn|23\n|\n|t:|1771229339\n|move|p1a: Tornadus|Hurricane|p2a: Ferrothorn\n|-damage|p2a: Ferrothorn|60/100\n|-start|p2a: Ferrothorn|confusion\n|-activate|p2a: Ferrothorn|confusion\n|move|p2a: Ferrothorn|Knock Off|p1a: Tornadus\n|-damage|p1a: Tornadus|37/100\n|\n|upkeep\n|turn|24\n|\n|t:|1771229345\n|move|p1a: Tornadus|Hurricane|p2a: Ferrothorn\n|-damage|p2a: Ferrothorn|28/100\n|-activate|p2a: Ferrothorn|confusion\n|move|p2a: Ferrothorn|Knock Off|p1a: Tornadus\n|-damage|p1a: Tornadus|22/100\n|\n|-end|p2a: Ferrothorn|move: Taunt\n|upkeep\n|turn|25\n|\n|t:|1771229351\n|move|p1a: Tornadus|Hurricane|p2a: Ferrothorn\n|-damage|p2a: Ferrothorn|0 fnt\n|faint|p2a: Ferrothorn\n|\n|upkeep\n|\n|t:|1771229353\n|switch|p2a: Charizard|Charizard-Mega-X, M|80/100\n|turn|26\n|\n|t:|1771229363\n|move|p1a: Tornadus|Hurricane|p2a: Charizard|[miss]\n|-miss|p1a: Tornadus|p2a: Charizard\n|move|p2a: Charizard|Dragon Dance|p2a: Charizard\n|-boost|p2a: Charizard|atk|1\n|-boost|p2a: Charizard|spe|1\n|\n|upkeep\n|turn|27\n|-message|Monster_Catcher.5 forfeited.\n|\n|win|ndx_alt17\n|raw|Monster_Catcher.5's rating: 1540 &rarr; <strong>1523</strong><br />(-17 for losing)\n|raw|ndx_alt17's rating: 1597 &rarr; <strong>1614</strong><br />(+17 for winning)\n|l|☆Monster_Catcher.5\n|player|p1|\n|l|☆ndx_alt17\n|player|p2|\n", "uploadtime": 1771229721, "views": 10, "formatid": "gen9nationaldex", "rating": 1523, "private": 0, "password": null}