{"id": "gen9nationaldex-2540567892", "format": "[Gen 9] National Dex", "players": ["ajdrawshq", "fosts"], "log": "|j|☆ajdrawshq\n|j|☆fosts\n|t:|1771219308\n|gametype|singles\n|player|p1|ajdrawshq|silver|1688\n|player|p2|fosts|hilbert-masters|1609\n|gen|9\n|tier|[Gen 9] National Dex\n|rated|\n|rule|HP Percentage Mod: HP is shown in percentages\n|rule|Endless Battle Clause: Forcing endless battles is banned\n|rule|Species Clause: Limit one of each Pokémon\n|rule|OHKO Clause: OHKO moves are banned\n|rule|Evasion Clause: Evasion abilities, items, and moves are banned\n|rule|Evasion Abilities Clause: Evasion abilities are banned\n|rule|Evasion Items Clause: Evasion items are banned\n|rule|Evasion Moves Clause: Evasion moves are banned\n|rule|Sleep Clause Mod: Limit one foe put to sleep\n|rule|Terastal Clause: You cannot Terastallize\n|clearpoke\n|poke|p1|Charizard, F|\n|poke|p1|Iron Valiant|\n|poke|p1|Ribombee, F|\n|poke|p1|Victini|\n|poke|p1|Corviknight, F|\n|poke|p1|Raging Bolt|\n|poke|p2|Alomomola, F|\n|poke|p2|Ogerpon-Wellspring, F|\n|poke|p2|Gyarados, F|\n|poke|p2|Tornadus-Therian, M|\n|poke|p2|Blissey, F|\n|poke|p2|Iron Valiant|\n|teampreview\n|inactive|Battle timer is ON: inactive players will automatically lose when time's up. (requested by fosts)\n|inactive|ajdrawshq also wants the timer to be on.\n|\n|t:|1771219315\n|teamsize|p1|6\n|teamsize|p2|6\n|start\n|switch|p1a: Kris|Iron Valiant|100/100\n|switch|p2a: Tornadus|Tornadus-Therian, M|100/100\n|turn|1\n|\n|t:|1771219320\n|-end|p1a: Kris|Quark Drive|[silent]\n|switch|p1a: Tenna|Raging Bolt|100/100\n|move|p2a: Tornadus|Toxic|p1a: Tenna\n|-status|p1a: Tenna|tox\n|\n|-damage|p1a: Tenna|94/100 tox|[from] psn\n|upkeep\n|turn|2\n|\n|t:|1771219326\n|switch|p2a: Blissey|Blissey, F|100/100\n|move|p1a: Tenna|Volt Switch|p2a: Blissey\n|-damage|p2a: Blissey|85/100\n|\n|t:|1771219331\n|-end|p1a: Tenna|Protosynthesis|[silent]\n|switch|p1a: Kris|Iron Valiant|100/100|[from] Volt Switch\n|\n|-heal|p2a: Blissey|91/100|[from] item: Leftovers\n|upkeep\n|turn|3\n|\n|t:|1771219335\n|move|p1a: Kris|Knock Off|p2a: Blissey\n|-damage|p2a: Blissey|56/100\n|-enditem|p2a: Blissey|Leftovers|[from] move: Knock Off|[of] p1a: Kris\n|-damage|p1a: Kris|91/100|[from] item: Life Orb\n|move|p2a: Blissey|Counter|p1a: Kris\n|-damage|p1a: Kris|0 fnt\n|faint|p1a: Kris\n|-end|p1a: Kris|Quark Drive|[silent]\n|\n|upkeep\n|\n|t:|1771219351\n|switch|p1a: Charizard|Charizard, F|100/100\n|turn|4\n|\n|t:|1771219354\n|switch|p1a: Roaring|Corviknight, F|100/100\n|move|p2a: Blissey|Soft-Boiled|p2a: Blissey\n|-heal|p2a: Blissey|100/100\n|\n|upkeep\n|turn|5\n|\n|t:|1771219359\n|move|p1a: Roaring|Bulk Up|p1a: Roaring\n|-boost|p1a: Roaring|atk|1\n|-boost|p1a: Roaring|def|1\n|move|p2a: Blissey|Seismic Toss|p1a: Roaring\n|-damage|p1a: Roaring|75/100\n|\n|-heal|p1a: Roaring|82/100|[from] item: Leftovers\n|upkeep\n|turn|6\n|\n|t:|1771219368\n|switch|p2a: Ogerpon|Ogerpon-Wellspring, F|100/100\n|move|p1a: Roaring|Agility|p1a: Roaring\n|-boost|p1a: Roaring|spe|2\n|\n|-heal|p1a: Roaring|88/100|[from] item: Leftovers\n|upkeep\n|turn|7\n|\n|t:|1771219371\n|move|p1a: Roaring|Bulk Up|p1a: Roaring\n|-boost|p1a: Roaring|atk|1\n|-boost|p1a: Roaring|def|1\n|move|p2a: Ogerpon|Taunt|p1a: Roaring\n|-start|p1a: Roaring|move: Taunt\n|\n|-heal|p1a: Roaring|94/100|[from] item: Leftovers\n|upkeep\n|turn|8\n|\n|t:|1771219378\n|switch|p2a: Gyarados|Gyarados, F|100/100\n|-ability|p2a: Gyarados|Intimidate|boost\n|-ability|p1a: Roaring|Mirror Armor\n|-unboost|p2a: Gyarados|atk|1\n|move|p1a: Roaring|Power Trip|p2a: Gyarados\n|-damage|p2a: Gyarados|20/100\n|\n|-heal|p1a: Roaring|100/100|[from] item: Leftovers\n|upkeep\n|turn|9\n|\n|t:|1771219384\n|move|p1a: Roaring|Power Trip|p2a: Gyarados\n|-damage|p2a: Gyarados|0 fnt\n|faint|p2a: Gyarados\n|\n|upkeep\n|\n|t:|1771219386\n|switch|p2a: Blissey|Blissey, F|100/100\n|turn|10\n|\n|t:|1771219397\n|switch|p1a: Charizard|Charizard, F|100/100\n|move|p2a: Blissey|Counter||[still]\n|-fail|p2a: Blissey\n|\n|upkeep\n|turn|11\n|\n|t:|1771219401\n|move|p1a: Charizard|Dragon Dance|p1a: Charizard\n|-boost|p1a: Charizard|atk|1\n|-boost|p1a: Charizard|spe|1\n|move|p2a: Blissey|Toxic|p1a: Charizard|[miss]\n|-miss|p2a: Blissey|p1a: Charizard\n|\n|upkeep\n|turn|12\n|\n|t:|1771219405\n|switch|p1a: Roaring|Corviknight, F|100/100\n|move|p2a: Blissey|Toxic|p1a: Roaring\n|-immune|p1a: Roaring\n|\n|upkeep\n|turn|13\n|\n|t:|1771219413\n|switch|p2a: Ogerpon|Ogerpon-Wellspring, F|100/100\n|move|p1a: Roaring|Agility|p1a: Roaring\n|-boost|p1a: Roaring|spe|2\n|\n|upkeep\n|turn|14\n|\n|t:|1771219415\n|move|p1a: Roaring|Bulk Up|p1a: Roaring\n|-boost|p1a: Roaring|atk|1\n|-boost|p1a: Roaring|def|1\n|move|p2a: Ogerpon|Taunt|p1a: Roaring\n|-start|p1a: Roaring|move: Taunt\n|\n|upkeep\n|turn|15\n|\n|t:|1771219419\n|move|p1a: Roaring|Power Trip|p2a: Ogerpon\n|-damage|p2a: Ogerpon|54/100\n|move|p2a: Ogerpon|Ivy Cudgel|p1a: Roaring|[anim] Ivy Cudgel Water\n|-damage|p1a: Roaring|70/100\n|\n|-heal|p1a: Roaring|76/100|[from] item: Leftovers\n|upkeep\n|turn|16\n|\n|t:|1771219426\n|move|p1a: Roaring|Power Trip|p2a: Ogerpon\n|-damage|p2a: Ogerpon|2/100\n|move|p2a: Ogerpon|Ivy Cudgel|p1a: Roaring|[anim] Ivy Cudgel Water\n|-damage|p1a: Roaring|45/100\n|\n|-heal|p1a: Roaring|51/100|[from] item: Leftovers\n|upkeep\n|turn|17\n|\n|t:|1771219429\n|move|p1a: Roaring|Power Trip|p2a: Ogerpon\n|-damage|p2a: Ogerpon|0 fnt\n|faint|p2a: Ogerpon\n|\n|-heal|p1a: Roaring|57/100|[from] item: Leftovers\n|-end|p1a: Roaring|move: Taunt\n|upkeep\n|\n|t:|1771219431\n|switch|p2a: Blissey|Blissey, F|100/100\n|turn|18\n|\n|t:|1771219438\n|move|p1a: Roaring|Bulk Up|p1a: Roaring\n|-boost|p1a: Roaring|atk|1\n|-boost|p1a: Roaring|def|1\n|move|p2a: Blissey|Seismic Toss|p1a: Roaring\n|-damage|p1a: Roaring|32/100\n|\n|-heal|p1a: Roaring|38/100|[from] item: Leftovers\n|upkeep\n|turn|19\n|\n|t:|1771219440\n|move|p1a: Roaring|Roost|p1a: Roaring\n|-heal|p1a: Roaring|88/100\n|-singleturn|p1a: Roaring|move: Roost\n|move|p2a: Blissey|Seismic Toss|p1a: Roaring\n|-damage|p1a: Roaring|63/100\n|\n|-heal|p1a: Roaring|70/100|[from] item: Leftovers\n|upkeep\n|turn|20\n|\n|t:|1771219443\n|switch|p2a: Iron Valiant|Iron Valiant|100/100\n|-enditem|p2a: Iron Valiant|Booster Energy\n|-activate|p2a: Iron Valiant|ability: Quark Drive|[fromitem]\n|-start|p2a: Iron Valiant|quarkdrivespe\n|move|p1a: Roaring|Bulk Up|p1a: Roaring\n|-boost|p1a: Roaring|atk|1\n|-boost|p1a: Roaring|def|1\n|\n|-heal|p1a: Roaring|76/100|[from] item: Leftovers\n|upkeep\n|turn|21\n|\n|t:|1771219450\n|move|p2a: Iron Valiant|Destiny Bond|p2a: Iron Valiant\n|-singlemove|p2a: Iron Valiant|Destiny Bond\n|move|p1a: Roaring|Agility|p1a: Roaring\n|-boost|p1a: Roaring|spe|2\n|\n|-heal|p1a: Roaring|82/100|[from] item: Leftovers\n|upkeep\n|turn|22\n|\n|t:|1771219458\n|move|p1a: Roaring|Agility|p1a: Roaring\n|-boost|p1a: Roaring|spe|2\n|move|p2a: Iron Valiant|Drain Punch|p1a: Roaring\n|-damage|p1a: Roaring|69/100\n|\n|-heal|p1a: Roaring|75/100|[from] item: Leftovers\n|upkeep\n|turn|23\n|\n|t:|1771219461\n|move|p1a: Roaring|Power Trip|p2a: Iron Valiant\n|-resisted|p2a: Iron Valiant\n|-damage|p2a: Iron Valiant|47/100\n|move|p2a: Iron Valiant|Destiny Bond|p2a: Iron Valiant\n|-singlemove|p2a: Iron Valiant|Destiny Bond\n|\n|-heal|p1a: Roaring|82/100|[from] item: Leftovers\n|upkeep\n|turn|24\n|-message|fosts forfeited.\n|\n|win|ajdrawshq\n|raw|ajdrawshq's rating: 1688 &rarr; <strong>1704</strong><br />(+16 for winning)\n|raw|fosts's rating: 1609 &rarr; <strong>1593</strong><br />(-16 for losing)\n|l|☆fosts\n|player|p2|\n|l|☆ajdrawshq\n|player|p1|\n", "uploadtime": 1771219659, "views": 4, "formatid": "gen9nationaldex", "rating": 1593, "private": 0, "password": null}