{"id": "gen9nationaldex-2540594090", "format": "[Gen 9] National Dex", "players": ["AgencyBlundAMD", "spirefire"], "log": "|j|‽AgencyBlundAMD\n|j|☆spirefire\n|t:|1771223737\n|gametype|singles\n|player|p1|AgencyBlundAMD|artist-gen4|1625\n|player|p2|spirefire|miku-ghost|1671\n|gen|9\n|tier|[Gen 9] National Dex\n|rated|\n|rule|HP Percentage Mod: HP is shown in percentages\n|rule|Endless Battle Clause: Forcing endless battles is banned\n|rule|Species Clause: Limit one of each Pokémon\n|rule|OHKO Clause: OHKO moves are banned\n|rule|Evasion Clause: Evasion abilities, items, and moves are banned\n|rule|Evasion Abilities Clause: Evasion abilities are banned\n|rule|Evasion Items Clause: Evasion items are banned\n|rule|Evasion Moves Clause: Evasion moves are banned\n|rule|Sleep Clause Mod: Limit one foe put to sleep\n|rule|Terastal Clause: You cannot Terastallize\n|clearpoke\n|poke|p1|Dragonite, M|\n|poke|p1|Garchomp, F|\n|poke|p1|Nidoking, M|\n|poke|p1|Ribombee, F|\n|poke|p1|Ting-Lu|\n|poke|p1|Gholdengo|\n|poke|p2|Magnezone|\n|poke|p2|Pinsir, M|\n|poke|p2|Cinderace, F|\n|poke|p2|Tapu Bulu|\n|poke|p2|Alomomola, F|\n|poke|p2|Iron Treads|\n|teampreview\n|inactive|Battle timer is ON: inactive players will automatically lose when time's up. (requested by spirefire)\n|inactive|AgencyBlundAMD has 120 seconds left.\n|\n|t:|1771223793\n|teamsize|p1|6\n|teamsize|p2|6\n|start\n|switch|p1a: Gholdengo|Gholdengo|100/100\n|switch|p2a: Cinderace|Cinderace, F|100/100\n|turn|1\n|\n|t:|1771223802\n|switch|p1a: Ting-Lu|Ting-Lu|100/100\n|-ability|p1a: Ting-Lu|Vessel of Ruin\n|move|p2a: Cinderace|Pyro Ball|p1a: Ting-Lu\n|-damage|p1a: Ting-Lu|71/100\n|\n|-heal|p1a: Ting-Lu|77/100|[from] item: Leftovers\n|upkeep\n|turn|2\n|\n|t:|1771223809\n|move|p2a: Cinderace|U-turn|p1a: Ting-Lu\n|-supereffective|p1a: Ting-Lu\n|-damage|p1a: Ting-Lu|54/100\n|\n|t:|1771223812\n|switch|p2a: Tapu Bulu|Tapu Bulu|100/100|[from] U-turn\n|-fieldstart|move: Grassy Terrain|[from] ability: Grassy Surge|[of] p2a: Tapu Bulu\n|move|p1a: Ting-Lu|Stealth Rock|p2a: Tapu Bulu\n|-sidestart|p2: spirefire|move: Stealth Rock\n|\n|-heal|p1a: Ting-Lu|60/100|[from] Grassy Terrain\n|-heal|p1a: Ting-Lu|66/100|[from] item: Leftovers\n|upkeep\n|turn|3\n|\n|t:|1771223820\n|move|p2a: Tapu Bulu|Nature's Madness|p1a: Ting-Lu\n|-damage|p1a: Ting-Lu|33/100\n|move|p1a: Ting-Lu|Ruination|p2a: Tapu Bulu\n|-damage|p2a: Tapu Bulu|50/100\n|\n|-heal|p2a: Tapu Bulu|57/100|[from] Grassy Terrain\n|-heal|p2a: Tapu Bulu|63/100|[from] item: Leftovers\n|-heal|p1a: Ting-Lu|40/100|[from] Grassy Terrain\n|-heal|p1a: Ting-Lu|46/100|[from] item: Leftovers\n|upkeep\n|turn|4\n|\n|t:|1771223830\n|switch|p1a: Dragonite|Dragonite, M|100/100\n|move|p2a: Tapu Bulu|Horn Leech|p1a: Dragonite\n|-resisted|p1a: Dragonite\n|-crit|p1a: Dragonite\n|-damage|p1a: Dragonite|93/100\n|-heal|p2a: Tapu Bulu|67/100|[from] drain|[of] p1a: Dragonite\n|\n|-heal|p2a: Tapu Bulu|73/100|[from] Grassy Terrain\n|-heal|p2a: Tapu Bulu|79/100|[from] item: Leftovers\n|upkeep\n|turn|5\n|j| ghdsghjjjffssg\n|\n|t:|1771223838\n|switch|p1a: Gholdengo|Gholdengo|100/100\n|move|p2a: Tapu Bulu|Toxic|p1a: Gholdengo\n|-immune|p1a: Gholdengo|[from] ability: Good as Gold\n|\n|-heal|p2a: Tapu Bulu|85/100|[from] Grassy Terrain\n|-heal|p2a: Tapu Bulu|91/100|[from] item: Leftovers\n|upkeep\n|turn|6\n|\n|t:|1771223843\n|move|p2a: Tapu Bulu|Protect|p2a: Tapu Bulu\n|-singleturn|p2a: Tapu Bulu|Protect\n|move|p1a: Gholdengo|Shadow Ball|p2a: Tapu Bulu\n|-activate|p2a: Tapu Bulu|move: Protect\n|\n|-heal|p2a: Tapu Bulu|97/100|[from] Grassy Terrain\n|-heal|p2a: Tapu Bulu|100/100|[from] item: Leftovers\n|-fieldend|move: Grassy Terrain\n|upkeep\n|turn|7\n|\n|t:|1771223849\n|switch|p2a: Alomomola|Alomomola, F|100/100\n|-damage|p2a: Alomomola|88/100|[from] Stealth Rock\n|move|p1a: Gholdengo|Shadow Ball|p2a: Alomomola\n|-damage|p2a: Alomomola|66/100\n|\n|upkeep\n|turn|8\n|\n|t:|1771223854\n|switch|p1a: Ting-Lu|Ting-Lu|46/100\n|-ability|p1a: Ting-Lu|Vessel of Ruin\n|move|p2a: Alomomola|Flip Turn|p1a: Ting-Lu\n|-supereffective|p1a: Ting-Lu\n|-damage|p1a: Ting-Lu|26/100\n|\n|t:|1771223865\n|switch|p2a: Cinderace|Cinderace, F|100/100|[from] Flip Turn\n|\n|-heal|p1a: Ting-Lu|32/100|[from] item: Leftovers\n|upkeep\n|turn|9\n|\n|t:|1771223874\n|move|p2a: Cinderace|Pyro Ball|p1a: Ting-Lu\n|-damage|p1a: Ting-Lu|5/100\n|move|p1a: Ting-Lu|Ruination|p2a: Cinderace\n|-damage|p2a: Cinderace|50/100\n|\n|-heal|p1a: Ting-Lu|11/100|[from] item: Leftovers\n|upkeep\n|turn|10\n|\n|t:|1771223884\n|move|p2a: Cinderace|U-turn|p1a: Ting-Lu\n|-supereffective|p1a: Ting-Lu\n|-damage|p1a: Ting-Lu|0 fnt\n|faint|p1a: Ting-Lu\n|\n|t:|1771223889\n|switch|p2a: Alomomola|Alomomola, F|99/100|[from] U-turn\n|-damage|p2a: Alomomola|87/100|[from] Stealth Rock\n|\n|upkeep\n|\n|t:|1771223899\n|switch|p1a: Garchomp|Garchomp, F|100/100\n|turn|11\n|\n|t:|1771223902\n|move|p1a: Garchomp|Swords Dance|p1a: Garchomp\n|-boost|p1a: Garchomp|atk|2\n|move|p2a: Alomomola|Flip Turn|p1a: Garchomp\n|-damage|p1a: Garchomp|85/100\n|-damage|p2a: Alomomola|75/100|[from] ability: Rough Skin|[of] p1a: Garchomp\n|\n|t:|1771223906\n|switch|p2a: Tapu Bulu|Tapu Bulu|100/100|[from] Flip Turn\n|-damage|p2a: Tapu Bulu|88/100|[from] Stealth Rock\n|-fieldstart|move: Grassy Terrain|[from] ability: Grassy Surge|[of] p2a: Tapu Bulu\n|\n|-heal|p1a: Garchomp|91/100|[from] Grassy Terrain\n|-heal|p2a: Tapu Bulu|94/100|[from] Grassy Terrain\n|-heal|p2a: Tapu Bulu|99/100|[from] item: Leftovers\n|upkeep\n|turn|12\n|\n|t:|1771223913\n|move|p1a: Garchomp|Stone Edge|p2a: Tapu Bulu\n|-damage|p2a: Tapu Bulu|52/100\n|move|p2a: Tapu Bulu|Nature's Madness|p1a: Garchomp\n|-damage|p1a: Garchomp|46/100\n|\n|-heal|p1a: Garchomp|52/100|[from] Grassy Terrain\n|-heal|p2a: Tapu Bulu|58/100|[from] Grassy Terrain\n|-heal|p2a: Tapu Bulu|64/100|[from] item: Leftovers\n|upkeep\n|turn|13\n|\n|t:|1771223919\n|move|p1a: Garchomp|Swords Dance|p1a: Garchomp\n|-boost|p1a: Garchomp|atk|2\n|move|p2a: Tapu Bulu|Horn Leech|p1a: Garchomp\n|-crit|p1a: Garchomp\n|-damage|p1a: Garchomp|0 fnt\n|-heal|p2a: Tapu Bulu|94/100|[from] drain|[of] p1a: Garchomp\n|-damage|p2a: Tapu Bulu|81/100|[from] ability: Rough Skin|[of] p1a: Garchomp\n|faint|p1a: Garchomp\n|\n|-heal|p2a: Tapu Bulu|87/100|[from] Grassy Terrain\n|-heal|p2a: Tapu Bulu|94/100|[from] item: Leftovers\n|upkeep\n|\n|t:|1771223928\n|switch|p1a: Nidoking|Nidoking, M|100/100\n|turn|14\n|\n|t:|1771223936\n|switch|p2a: Alomomola|Alomomola, F|100/100\n|-damage|p2a: Alomomola|88/100|[from] Stealth Rock\n|move|p1a: Nidoking|Fire Blast|p2a: Alomomola\n|-resisted|p2a: Alomomola\n|-damage|p2a: Alomomola|73/100\n|\n|-heal|p2a: Alomomola|80/100|[from] Grassy Terrain\n|upkeep\n|turn|15\n|\n|t:|1771223940\n|switch|p1a: Gholdengo|Gholdengo|100/100\n|move|p2a: Alomomola|Knock Off|p1a: Gholdengo\n|-supereffective|p1a: Gholdengo\n|-damage|p1a: Gholdengo|57/100\n|-enditem|p1a: Gholdengo|Choice Scarf|[from] move: Knock Off|[of] p2a: Alomomola\n|\n|-heal|p1a: Gholdengo|63/100|[from] Grassy Terrain\n|-heal|p2a: Alomomola|86/100|[from] Grassy Terrain\n|-fieldend|move: Grassy Terrain\n|upkeep\n|turn|16\n|\n|t:|1771223947\n|move|p1a: Gholdengo|Shadow Ball|p2a: Alomomola\n|-damage|p2a: Alomomola|63/100\n|move|p2a: Alomomola|Mirror Coat|p1a: Gholdengo\n|-damage|p1a: Gholdengo|0 fnt\n|faint|p1a: Gholdengo\n|\n|upkeep\n|\n|t:|1771223953\n|switch|p1a: Dragonite|Dragonite, M|93/100\n|turn|17\n|\n|t:|1771223956\n|move|p1a: Dragonite|Substitute|p1a: Dragonite\n|-start|p1a: Dragonite|Substitute\n|-damage|p1a: Dragonite|68/100\n|move|p2a: Alomomola|Flip Turn|p1a: Dragonite\n|-resisted|p1a: Dragonite\n|-activate|p1a: Dragonite|move: Substitute|[damage]\n|\n|t:|1771223963\n|switch|p2a: Iron Treads|Iron Treads|100/100|[from] Flip Turn\n|-damage|p2a: Iron Treads|97/100|[from] Stealth Rock\n|-enditem|p2a: Iron Treads|Booster Energy\n|-activate|p2a: Iron Treads|ability: Quark Drive|[fromitem]\n|-start|p2a: Iron Treads|quarkdrivespe\n|\n|upkeep\n|turn|18\n|\n|t:|1771223966\n|move|p2a: Iron Treads|Ice Spinner|p1a: Dragonite\n|-supereffective|p1a: Dragonite\n|-end|p1a: Dragonite|Substitute\n|move|p1a: Dragonite|Dragon Dance|p1a: Dragonite\n|-boost|p1a: Dragonite|atk|1\n|-boost|p1a: Dragonite|spe|1\n|\n|upkeep\n|turn|19\n|\n|t:|1771223971\n|move|p2a: Iron Treads|Ice Spinner|p1a: Dragonite\n|-supereffective|p1a: Dragonite\n|-damage|p1a: Dragonite|0 fnt\n|faint|p1a: Dragonite\n|\n|upkeep\n|\n|t:|1771223973\n|switch|p1a: Ribombee|Ribombee, F|100/100\n|turn|20\n|\n|t:|1771223977\n|move|p2a: Iron Treads|Rapid Spin|p1a: Ribombee\n|-damage|p1a: Ribombee|71/100\n|-boost|p2a: Iron Treads|spe|1\n|-sideend|p2: spirefire|Stealth Rock|[from] move: Rapid Spin|[of] p2a: Iron Treads\n|move|p1a: Ribombee|Stun Spore|p2a: Iron Treads\n|-status|p2a: Iron Treads|par\n|\n|upkeep\n|turn|21\n|\n|t:|1771223984\n|move|p2a: Iron Treads|Ice Spinner|p1a: Ribombee\n|-damage|p1a: Ribombee|23/100\n|move|p1a: Ribombee|Sticky Web|p2a: Iron Treads\n|-sidestart|p2: spirefire|move: Sticky Web\n|\n|upkeep\n|turn|22\n|\n|t:|1771223988\n|move|p2a: Iron Treads|Stealth Rock|p1a: Ribombee\n|-sidestart|p1: AgencyBlundAMD|move: Stealth Rock\n|move|p1a: Ribombee|Moonblast|p2a: Iron Treads\n|-resisted|p2a: Iron Treads\n|-damage|p2a: Iron Treads|69/100 par\n|\n|upkeep\n|turn|23\n|\n|t:|1771223991\n|move|p2a: Iron Treads|Rapid Spin|p1a: Ribombee\n|-damage|p1a: Ribombee|0 fnt\n|-boost|p2a: Iron Treads|spe|1\n|-sideend|p2: spirefire|Sticky Web|[from] move: Rapid Spin|[of] p2a: Iron Treads\n|faint|p1a: Ribombee\n|\n|upkeep\n|\n|t:|1771223993\n|switch|p1a: Nidoking|Nidoking, M|100/100\n|-damage|p1a: Nidoking|95/100|[from] Stealth Rock\n|turn|24\n|\n|t:|1771223996\n|move|p2a: Iron Treads|High Horsepower|p1a: Nidoking\n|-supereffective|p1a: Nidoking\n|-damage|p1a: Nidoking|0 fnt\n|faint|p1a: Nidoking\n|\n|win|spirefire\n|raw|AgencyBlundAMD's rating: 1625 &rarr; <strong>1608</strong><br />(-17 for losing)\n|raw|spirefire's rating: 1671 &rarr; <strong>1688</strong><br />(+17 for winning)\n|l|‽AgencyBlundAMD\n|player|p1|\n|l|☆spirefire\n|player|p2|\n|l| ghdsghjjjffssg\n", "uploadtime": 1771224002, "views": 14, "formatid": "gen9nationaldex", "rating": 1608, "private": 0, "password": null}