{"id": "gen9nationaldex-2540246765", "format": "[Gen 9] National Dex", "players": ["Thugshaker Broly", "Cerberus 17"], "log": "|j|☆Thugshaker Broly\n|j|☆Cerberus 17\n|t:|1771180309\n|gametype|singles\n|player|p1|Thugshaker Broly|cynthia-masters3|1712\n|player|p2|Cerberus 17|cynthia-gen4|1761\n|gen|9\n|tier|[Gen 9] National Dex\n|rated|\n|rule|HP Percentage Mod: HP is shown in percentages\n|rule|Endless Battle Clause: Forcing endless battles is banned\n|rule|Species Clause: Limit one of each Pokémon\n|rule|OHKO Clause: OHKO moves are banned\n|rule|Evasion Clause: Evasion abilities, items, and moves are banned\n|rule|Evasion Abilities Clause: Evasion abilities are banned\n|rule|Evasion Items Clause: Evasion items are banned\n|rule|Evasion Moves Clause: Evasion moves are banned\n|rule|Sleep Clause Mod: Limit one foe put to sleep\n|rule|Terastal Clause: You cannot Terastallize\n|clearpoke\n|poke|p1|Charizard, F|\n|poke|p1|Garchomp, M|\n|poke|p1|Kingambit, F|\n|poke|p1|Raging Bolt|\n|poke|p1|Zamazenta-*|\n|poke|p1|Corviknight, M|\n|poke|p2|Tyranitar, F|\n|poke|p2|Kartana|\n|poke|p2|Diancie|\n|poke|p2|Excadrill, F|\n|poke|p2|Sinistcha-Masterpiece|\n|poke|p2|Kommo-o, F|\n|teampreview\n|inactive|Battle timer is ON: inactive players will automatically lose when time's up. (requested by Cerberus 17)\n|\n|t:|1771180332\n|teamsize|p1|6\n|teamsize|p2|6\n|start\n|switch|p1a: Stupid dog|Zamazenta|100/100\n|switch|p2a: Tyranitar|Tyranitar, F|100/100\n|-ability|p1a: Stupid dog|Dauntless Shield|boost\n|-boost|p1a: Stupid dog|def|1\n|-weather|Sandstorm|[from] ability: Sand Stream|[of] p2a: Tyranitar\n|turn|1\n|\n|t:|1771180336\n|switch|p2a: Sinistcha|Sinistcha-Masterpiece|100/100\n|move|p1a: Stupid dog|Close Combat|p2a: Sinistcha\n|-immune|p2a: Sinistcha\n|\n|-weather|Sandstorm|[upkeep]\n|-damage|p1a: Stupid dog|94/100|[from] Sandstorm\n|-damage|p2a: Sinistcha|94/100|[from] Sandstorm\n|-heal|p2a: Sinistcha|100/100|[from] item: Leftovers\n|upkeep\n|turn|2\n|\n|t:|1771180343\n|switch|p1a: Throat Goat|Raging Bolt|100/100\n|move|p2a: Sinistcha|Scald|p1a: Throat Goat\n|-resisted|p1a: Throat Goat\n|-damage|p1a: Throat Goat|92/100\n|\n|-weather|Sandstorm|[upkeep]\n|-damage|p1a: Throat Goat|86/100|[from] Sandstorm\n|-damage|p2a: Sinistcha|94/100|[from] Sandstorm\n|-heal|p1a: Throat Goat|92/100|[from] item: Leftovers\n|-heal|p2a: Sinistcha|100/100|[from] item: Leftovers\n|upkeep\n|turn|3\n|\n|t:|1771180352\n|switch|p2a: Diancie|Diancie|100/100\n|move|p1a: Throat Goat|Dragon Pulse|p2a: Diancie\n|-immune|p2a: Diancie\n|\n|-weather|Sandstorm|[upkeep]\n|-damage|p1a: Throat Goat|86/100|[from] Sandstorm\n|-heal|p1a: Throat Goat|92/100|[from] item: Leftovers\n|upkeep\n|turn|4\n|\n|t:|1771180356\n|-end|p1a: Throat Goat|Protosynthesis|[silent]\n|switch|p1a: BBC|Corviknight, M|100/100\n|-ability|p1a: BBC|Pressure\n|move|p2a: Diancie|Stealth Rock|p1a: BBC\n|-sidestart|p1: Thugshaker Broly|move: Stealth Rock\n|\n|-weather|Sandstorm|[upkeep]\n|upkeep\n|turn|5\n|\n|t:|1771180359\n|detailschange|p2a: Diancie|Diancie-Mega\n|-mega|p2a: Diancie|Diancie|Diancite\n|move|p2a: Diancie|Mystical Fire|p1a: BBC\n|-supereffective|p1a: BBC\n|-damage|p1a: BBC|53/100\n|-unboost|p1a: BBC|spa|1\n|move|p1a: BBC|Defog|p2a: Diancie\n|move|p2a: Diancie|Defog|p1a: BBC|[from] ability: Magic Bounce\n|-unboost|p1a: BBC|evasion|1\n|-sideend|p1: Thugshaker Broly|Stealth Rock|[from] move: Defog|[of] p2a: Diancie\n|\n|-weather|Sandstorm|[upkeep]\n|upkeep\n|turn|6\n|\n|t:|1771180377\n|move|p2a: Diancie|Diamond Storm|p1a: BBC\n|-crit|p1a: BBC\n|-damage|p1a: BBC|0 fnt\n|faint|p1a: BBC\n|\n|-weather|Sandstorm|[upkeep]\n|upkeep\n|\n|t:|1771180383\n|switch|p1a: Stupid dog|Zamazenta|94/100\n|turn|7\n|\n|t:|1771180388\n|switch|p2a: Sinistcha|Sinistcha-Masterpiece|100/100\n|move|p1a: Stupid dog|Close Combat|p2a: Sinistcha\n|-immune|p2a: Sinistcha\n|\n|-weather|Sandstorm|[upkeep]\n|-damage|p1a: Stupid dog|88/100|[from] Sandstorm\n|-damage|p2a: Sinistcha|94/100|[from] Sandstorm\n|-heal|p2a: Sinistcha|100/100|[from] item: Leftovers\n|upkeep\n|turn|8\n|\n|t:|1771180396\n|switch|p1a: M preg|Charizard, F|100/100\n|move|p2a: Sinistcha|Matcha Gotcha|p1a: M preg\n|-resisted|p1a: M preg\n|-damage|p1a: M preg|90/100\n|\n|-weather|none\n|upkeep\n|turn|9\n|j| Reyanek\n|\n|t:|1771180404\n|switch|p2a: Diancie|Diancie-Mega|100/100\n|detailschange|p1a: M preg|Charizard-Mega-X, F\n|-mega|p1a: M preg|Charizard|Charizardite X\n|move|p1a: M preg|Dragon Dance|p1a: M preg\n|-boost|p1a: M preg|atk|1\n|-boost|p1a: M preg|spe|1\n|\n|upkeep\n|turn|10\n|\n|t:|1771180412\n|switch|p2a: Tyranitar|Tyranitar, F|100/100\n|-weather|Sandstorm|[from] ability: Sand Stream|[of] p2a: Tyranitar\n|move|p1a: M preg|Earthquake|p2a: Tyranitar\n|-supereffective|p2a: Tyranitar\n|-damage|p2a: Tyranitar|19/100\n|\n|-weather|Sandstorm|[upkeep]\n|-damage|p1a: M preg|84/100|[from] Sandstorm\n|upkeep\n|turn|11\n|\n|t:|1771180425\n|move|p1a: M preg|Dragon Dance|p1a: M preg\n|-boost|p1a: M preg|atk|1\n|-boost|p1a: M preg|spe|1\n|move|p2a: Tyranitar|Knock Off|p1a: M preg\n|-damage|p1a: M preg|43/100\n|\n|-weather|Sandstorm|[upkeep]\n|-damage|p1a: M preg|37/100|[from] Sandstorm\n|upkeep\n|turn|12\n|\n|t:|1771180434\n|move|p1a: M preg|Earthquake|p2a: Tyranitar\n|-supereffective|p2a: Tyranitar\n|-damage|p2a: Tyranitar|0 fnt\n|faint|p2a: Tyranitar\n|\n|-weather|Sandstorm|[upkeep]\n|-damage|p1a: M preg|31/100|[from] Sandstorm\n|upkeep\n|\n|t:|1771180451\n|switch|p2a: Sinistcha|Sinistcha-Masterpiece|100/100\n|turn|13\n|\n|t:|1771180453\n|move|p1a: M preg|Flare Blitz|p2a: Sinistcha\n|-supereffective|p2a: Sinistcha\n|-damage|p2a: Sinistcha|0 fnt\n|faint|p2a: Sinistcha\n|-damage|p1a: M preg|0 fnt|[from] Recoil\n|faint|p1a: M preg\n|detailschange|p1: M preg|Charizard, F|[silent]\n|\n|-weather|Sandstorm|[upkeep]\n|upkeep\n|\n|t:|1771180460\n|switch|p1a: Manny Hefferly|Garchomp, M|100/100\n|switch|p2a: Diancie|Diancie-Mega|100/100\n|turn|14\n|\n|t:|1771180463\n|move|p2a: Diancie|Moonblast|p1a: Manny Hefferly\n|-supereffective|p1a: Manny Hefferly\n|-damage|p1a: Manny Hefferly|0 fnt\n|faint|p1a: Manny Hefferly\n|\n|-weather|Sandstorm|[upkeep]\n|upkeep\n|\n|t:|1771180467\n|switch|p1a: Stupid dog|Zamazenta|88/100\n|turn|15\n|\n|t:|1771180470\n|move|p1a: Stupid dog|Close Combat|p2a: Diancie\n|-crit|p2a: Diancie\n|-damage|p2a: Diancie|0 fnt\n|-unboost|p1a: Stupid dog|def|1\n|-unboost|p1a: Stupid dog|spd|1\n|faint|p2a: Diancie\n|detailschange|p2: Diancie|Diancie|[silent]\n|\n|-weather|Sandstorm|[upkeep]\n|-damage|p1a: Stupid dog|82/100|[from] Sandstorm\n|upkeep\n|\n|t:|1771180491\n|switch|p2a: Kartana|Kartana|100/100\n|turn|16\n|\n|t:|1771180499\n|move|p2a: Kartana|Sacred Sword|p1a: Stupid dog\n|-damage|p1a: Stupid dog|44/100\n|move|p1a: Stupid dog|Close Combat|p2a: Kartana\n|-supereffective|p2a: Kartana\n|-damage|p2a: Kartana|0 fnt\n|-unboost|p1a: Stupid dog|def|1\n|-unboost|p1a: Stupid dog|spd|1\n|faint|p2a: Kartana\n|\n|-weather|Sandstorm|[upkeep]\n|-damage|p1a: Stupid dog|37/100|[from] Sandstorm\n|upkeep\n|\n|t:|1771180505\n|switch|p2a: Excadrill|Excadrill, F|100/100\n|turn|17\n|\n|t:|1771180510\n|switch|p1a: Throat Goat|Raging Bolt|92/100\n|move|p2a: Excadrill|Earthquake|p1a: Throat Goat\n|-supereffective|p1a: Throat Goat\n|-damage|p1a: Throat Goat|0 fnt\n|faint|p1a: Throat Goat\n|-end|p1a: Throat Goat|Protosynthesis|[silent]\n|\n|-weather|none\n|upkeep\n|\n|t:|1771180513\n|switch|p1a: Stupid dog|Zamazenta|37/100\n|turn|18\n|\n|t:|1771180517\n|move|p1a: Stupid dog|Close Combat|p2a: Excadrill\n|-supereffective|p2a: Excadrill\n|-damage|p2a: Excadrill|0 fnt\n|-unboost|p1a: Stupid dog|def|1\n|-unboost|p1a: Stupid dog|spd|1\n|faint|p2a: Excadrill\n|\n|upkeep\n|\n|t:|1771180519\n|switch|p2a: Kommo-o|Kommo-o, F|100/100\n|turn|19\n|\n|t:|1771180521\n|move|p1a: Stupid dog|Close Combat|p2a: Kommo-o\n|-damage|p2a: Kommo-o|13/100\n|-unboost|p1a: Stupid dog|def|1\n|-unboost|p1a: Stupid dog|spd|1\n|-zpower|p2a: Kommo-o\n|move|p2a: Kommo-o|Clangorous Soulblaze|p1a: Stupid dog|[zeffect]\n|-damage|p1a: Stupid dog|0 fnt\n|faint|p1a: Stupid dog\n|-boost|p2a: Kommo-o|atk|1\n|-boost|p2a: Kommo-o|def|1\n|-boost|p2a: Kommo-o|spa|1\n|-boost|p2a: Kommo-o|spd|1\n|-boost|p2a: Kommo-o|spe|1\n|\n|upkeep\n|\n|t:|1771180523\n|switch|p1a: The problem|Kingambit, F|100/100\n|-activate|p1a: The problem|ability: Supreme Overlord\n|-start|p1a: The problem|fallen5|[silent]\n|turn|20\n|\n|t:|1771180525\n|move|p1a: The problem|Sucker Punch|p2a: Kommo-o\n|-resisted|p2a: Kommo-o\n|-damage|p2a: Kommo-o|0 fnt\n|faint|p2a: Kommo-o\n|\n|win|Thugshaker Broly\n|raw|Thugshaker Broly's rating: 1712 &rarr; <strong>1735</strong><br />(+23 for winning)\n|raw|Cerberus 17's rating: 1761 &rarr; <strong>1738</strong><br />(-23 for losing)\n|l|☆Cerberus 17\n|player|p2|\n|l|☆Thugshaker Broly\n|player|p1|\n", "uploadtime": 1771180678, "views": 8, "formatid": "gen9nationaldex", "rating": 1735, "private": 0, "password": null}