{"id": "gen9nationaldex-2540571854", "format": "[Gen 9] National Dex", "players": ["WangShixiong", "we so vile"], "log": "|j|☆WangShixiong\n|j|☆we so vile\n|t:|1771219929\n|gametype|singles\n|player|p1|WangShixiong|cynthia-gen4|1883\n|player|p2|we so vile|miku-flying|1729\n|gen|9\n|tier|[Gen 9] National Dex\n|rated|\n|rule|HP Percentage Mod: HP is shown in percentages\n|rule|Endless Battle Clause: Forcing endless battles is banned\n|rule|Species Clause: Limit one of each Pokémon\n|rule|OHKO Clause: OHKO moves are banned\n|rule|Evasion Clause: Evasion abilities, items, and moves are banned\n|rule|Evasion Abilities Clause: Evasion abilities are banned\n|rule|Evasion Items Clause: Evasion items are banned\n|rule|Evasion Moves Clause: Evasion moves are banned\n|rule|Sleep Clause Mod: Limit one foe put to sleep\n|rule|Terastal Clause: You cannot Terastallize\n|clearpoke\n|poke|p1|Zamazenta-*|\n|poke|p1|Kingambit, M|\n|poke|p1|Ceruledge, F|\n|poke|p1|Landorus-Therian, M|\n|poke|p1|Diancie|\n|poke|p1|Ogerpon-Wellspring, F|\n|poke|p2|Samurott-Hisui, M|\n|poke|p2|Gholdengo|\n|poke|p2|Chesnaught, M|\n|poke|p2|Clodsire, F|\n|poke|p2|Dragonite, M|\n|poke|p2|Weavile, M|\n|teampreview\n|inactive|Battle timer is ON: inactive players will automatically lose when time's up. (requested by we so vile)\n|inactive|WangShixiong also wants the timer to be on.\n|j| dtybb\n|inactive|we so vile has 120 seconds left.\n|\n|t:|1771219964\n|teamsize|p1|6\n|teamsize|p2|6\n|start\n|switch|p1a: 旺仔小乔|Diancie, shiny|100/100\n|switch|p2a: Omoro|Samurott-Hisui, M|100/100\n|turn|1\n|\n|t:|1771219969\n|switch|p1a: 超雄|Landorus-Therian, M|100/100\n|-ability|p1a: 超雄|Intimidate|boost\n|-unboost|p2a: Omoro|atk|1\n|move|p2a: Omoro|Flip Turn|p1a: 超雄\n|-supereffective|p1a: 超雄\n|-damage|p1a: 超雄|60/100\n|\n|t:|1771219972\n|switch|p2a: Franz|Gholdengo|100/100|[from] Flip Turn\n|-item|p2a: Franz|Air Balloon\n|\n|upkeep\n|turn|2\n|\n|t:|1771219977\n|move|p1a: 超雄|Stealth Rock|p2a: Franz\n|-sidestart|p2: we so vile|move: Stealth Rock\n|move|p2a: Franz|Make It Rain|p1a: 超雄\n|-damage|p1a: 超雄|0 fnt\n|-unboost|p2a: Franz|spa|1\n|faint|p1a: 超雄\n|\n|upkeep\n|\n|t:|1771219981\n|switch|p1a: 旺仔小乔|Diancie, shiny|100/100\n|turn|3\n|\n|t:|1771219997\n|detailschange|p1a: 旺仔小乔|Diancie-Mega, shiny\n|-mega|p1a: 旺仔小乔|Diancie|Diancite\n|move|p1a: 旺仔小乔|Mystical Fire|p2a: Franz\n|-supereffective|p2a: Franz\n|-crit|p2a: Franz\n|-damage|p2a: Franz|4/100\n|-unboost|p2a: Franz|spa|1\n|-enditem|p2a: Franz|Air Balloon\n|move|p2a: Franz|Make It Rain|p1a: 旺仔小乔\n|-supereffective|p1a: 旺仔小乔\n|-damage|p1a: 旺仔小乔|0 fnt\n|-unboost|p2a: Franz|spa|1\n|faint|p1a: 旺仔小乔\n|detailschange|p1: 旺仔小乔|Diancie, shiny|[silent]\n|\n|upkeep\n|\n|t:|1771220009\n|switch|p1a: 不战而退人之兵|Kingambit, M|100/100\n|-activate|p1a: 不战而退人之兵|ability: Supreme Overlord\n|-start|p1a: 不战而退人之兵|fallen2|[silent]\n|-item|p1a: 不战而退人之兵|Air Balloon\n|turn|4\n|\n|t:|1771220011\n|move|p2a: Franz|Make It Rain|p1a: 不战而退人之兵\n|-resisted|p1a: 不战而退人之兵\n|-damage|p1a: 不战而退人之兵|85/100\n|-unboost|p2a: Franz|spa|1\n|-enditem|p1a: 不战而退人之兵|Air Balloon\n|move|p1a: 不战而退人之兵|Knock Off|p2a: Franz\n|-supereffective|p2a: Franz\n|-crit|p2a: Franz\n|-damage|p2a: Franz|0 fnt\n|faint|p2a: Franz\n|\n|upkeep\n|\n|t:|1771220016\n|switch|p2a: Hank|Chesnaught, M, shiny|100/100\n|-damage|p2a: Hank|94/100|[from] Stealth Rock\n|turn|5\n|\n|t:|1771220019\n|move|p1a: 不战而退人之兵|Knock Off|p2a: Hank\n|-resisted|p2a: Hank\n|-damage|p2a: Hank|74/100\n|-damage|p1a: 不战而退人之兵|69/100|[from] item: Rocky Helmet|[of] p2a: Hank\n|-enditem|p2a: Hank|Rocky Helmet|[from] move: Knock Off|[of] p1a: 不战而退人之兵\n|move|p2a: Hank|Body Press|p1a: 不战而退人之兵\n|-supereffective|p1a: 不战而退人之兵\n|-damage|p1a: 不战而退人之兵|0 fnt\n|faint|p1a: 不战而退人之兵\n|-end|p1a: 不战而退人之兵|fallen2|[silent]\n|\n|upkeep\n|\n|t:|1771220021\n|switch|p1a: 黑手|Ceruledge, F|100/100\n|turn|6\n|\n|t:|1771220037\n|switch|p2a: Sergeant|Weavile, M|100/100\n|-ability|p2a: Sergeant|Pressure\n|move|p1a: 黑手|Swords Dance|p1a: 黑手\n|-boost|p1a: 黑手|atk|2\n|\n|upkeep\n|turn|7\n|\n|t:|1771220044\n|switch|p2a: Omoro|Samurott-Hisui, M|100/100\n|-damage|p2a: Omoro|88/100|[from] Stealth Rock\n|move|p1a: 黑手|Bitter Blade|p2a: Omoro\n|-resisted|p2a: Omoro\n|-crit|p2a: Omoro\n|-damage|p2a: Omoro|3/100\n|\n|upkeep\n|turn|8\n|\n|t:|1771220060\n|move|p1a: 黑手|Endure|p1a: 黑手\n|-singleturn|p1a: 黑手|move: Endure\n|move|p2a: Omoro|Ceaseless Edge|p1a: 黑手\n|-supereffective|p1a: 黑手\n|-activate|p1a: 黑手|move: Endure\n|-damage|p1a: 黑手|1/100\n|-ability|p1a: 黑手|Weak Armor|boost\n|-unboost|p1a: 黑手|def|1\n|-boost|p1a: 黑手|spe|2\n|-sidestart|p1: WangShixiong|Spikes\n|\n|upkeep\n|turn|9\n|\n|t:|1771220062\n|move|p1a: 黑手|Bitter Blade|p2a: Omoro\n|-resisted|p2a: Omoro\n|-damage|p2a: Omoro|0 fnt\n|-heal|p1a: 黑手|2/100|[from] drain|[of] p2a: Omoro\n|faint|p2a: Omoro\n|\n|upkeep\n|\n|t:|1771220065\n|switch|p2a: Sergeant|Weavile, M|100/100\n|-ability|p2a: Sergeant|Pressure\n|turn|10\n|\n|t:|1771220068\n|switch|p1a: Mamba out|Zamazenta|100/100\n|-damage|p1a: Mamba out|88/100|[from] Spikes\n|-ability|p1a: Mamba out|Dauntless Shield|boost\n|-boost|p1a: Mamba out|def|1\n|move|p2a: Sergeant|Ice Shard|p1a: Mamba out\n|-damage|p1a: Mamba out|76/100\n|\n|-heal|p1a: Mamba out|83/100|[from] item: Leftovers\n|upkeep\n|turn|11\n|\n|t:|1771220071\n|switch|p2a: Hank|Chesnaught, M, shiny|74/100\n|-damage|p2a: Hank|68/100|[from] Stealth Rock\n|move|p1a: Mamba out|Iron Defense|p1a: Mamba out\n|-boost|p1a: Mamba out|def|2\n|\n|-heal|p1a: Mamba out|89/100|[from] item: Leftovers\n|upkeep\n|turn|12\n|\n|t:|1771220073\n|move|p1a: Mamba out|Body Press|p2a: Hank\n|-damage|p2a: Hank|23/100\n|move|p2a: Hank|Iron Defense|p2a: Hank\n|-boost|p2a: Hank|def|2\n|\n|-heal|p1a: Mamba out|95/100|[from] item: Leftovers\n|upkeep\n|turn|13\n|\n|t:|1771220076\n|move|p1a: Mamba out|Body Press|p2a: Hank\n|-damage|p2a: Hank|0 fnt\n|faint|p2a: Hank\n|\n|-heal|p1a: Mamba out|100/100|[from] item: Leftovers\n|upkeep\n|\n|t:|1771220079\n|switch|p2a: Fuchsia|Clodsire, F, shiny|100/100\n|-damage|p2a: Fuchsia|94/100|[from] Stealth Rock\n|turn|14\n|\n|t:|1771220081\n|move|p1a: Mamba out|Substitute|p1a: Mamba out\n|-start|p1a: Mamba out|Substitute\n|-damage|p1a: Mamba out|76/100\n|move|p2a: Fuchsia|Earthquake|p1a: Mamba out\n|-activate|p1a: Mamba out|move: Substitute|[damage]\n|\n|-heal|p1a: Mamba out|82/100|[from] item: Leftovers\n|-heal|p2a: Fuchsia|100/100|[from] item: Black Sludge\n|upkeep\n|turn|15\n|\n|t:|1771220083\n|move|p1a: Mamba out|Iron Defense|p1a: Mamba out\n|-boost|p1a: Mamba out|def|2\n|move|p2a: Fuchsia|Earthquake|p1a: Mamba out\n|-end|p1a: Mamba out|Substitute\n|\n|-heal|p1a: Mamba out|88/100|[from] item: Leftovers\n|upkeep\n|turn|16\n|\n|t:|1771220086\n|move|p1a: Mamba out|Substitute|p1a: Mamba out\n|-start|p1a: Mamba out|Substitute\n|-damage|p1a: Mamba out|63/100\n|move|p2a: Fuchsia|Earthquake|p1a: Mamba out\n|-activate|p1a: Mamba out|move: Substitute|[damage]\n|\n|-heal|p1a: Mamba out|69/100|[from] item: Leftovers\n|upkeep\n|turn|17\n|\n|t:|1771220087\n|move|p1a: Mamba out|Crunch|p2a: Fuchsia\n|-crit|p2a: Fuchsia\n|-damage|p2a: Fuchsia|65/100\n|move|p2a: Fuchsia|Earthquake|p1a: Mamba out\n|-end|p1a: Mamba out|Substitute\n|\n|-heal|p1a: Mamba out|76/100|[from] item: Leftovers\n|-heal|p2a: Fuchsia|71/100|[from] item: Black Sludge\n|upkeep\n|turn|18\n|\n|t:|1771220089\n|move|p1a: Mamba out|Substitute|p1a: Mamba out\n|-start|p1a: Mamba out|Substitute\n|-damage|p1a: Mamba out|51/100\n|move|p2a: Fuchsia|Earthquake|p1a: Mamba out\n|-activate|p1a: Mamba out|move: Substitute|[damage]\n|\n|-heal|p1a: Mamba out|57/100|[from] item: Leftovers\n|-heal|p2a: Fuchsia|77/100|[from] item: Black Sludge\n|upkeep\n|turn|19\n|\n|t:|1771220091\n|move|p1a: Mamba out|Crunch|p2a: Fuchsia\n|-damage|p2a: Fuchsia|54/100\n|move|p2a: Fuchsia|Earthquake|p1a: Mamba out\n|-end|p1a: Mamba out|Substitute\n|\n|-heal|p1a: Mamba out|63/100|[from] item: Leftovers\n|-heal|p2a: Fuchsia|60/100|[from] item: Black Sludge\n|upkeep\n|turn|20\n|\n|t:|1771220093\n|move|p1a: Mamba out|Crunch|p2a: Fuchsia\n|-damage|p2a: Fuchsia|36/100\n|-unboost|p2a: Fuchsia|def|1\n|move|p2a: Fuchsia|Earthquake|p1a: Mamba out\n|-damage|p1a: Mamba out|43/100\n|\n|-heal|p1a: Mamba out|49/100|[from] item: Leftovers\n|-heal|p2a: Fuchsia|42/100|[from] item: Black Sludge\n|upkeep\n|turn|21\n|\n|t:|1771220101\n|switch|p2a: Gustad|Dragonite, M|100/100\n|move|p1a: Mamba out|Crunch|p2a: Gustad\n|-damage|p2a: Gustad|88/100\n|\n|-heal|p1a: Mamba out|56/100|[from] item: Leftovers\n|upkeep\n|turn|22\n|\n|t:|1771220109\n|switch|p2a: Sergeant|Weavile, M|100/100\n|-ability|p2a: Sergeant|Pressure\n|move|p1a: Mamba out|Substitute|p1a: Mamba out\n|-start|p1a: Mamba out|Substitute\n|-damage|p1a: Mamba out|31/100\n|\n|-heal|p1a: Mamba out|37/100|[from] item: Leftovers\n|upkeep\n|turn|23\n|\n|t:|1771220112\n|move|p1a: Mamba out|Body Press|p2a: Sergeant\n|-supereffective|p2a: Sergeant\n|-damage|p2a: Sergeant|0 fnt\n|faint|p2a: Sergeant\n|\n|-heal|p1a: Mamba out|43/100|[from] item: Leftovers\n|upkeep\n|\n|t:|1771220113\n|switch|p2a: Fuchsia|Clodsire, F, shiny|42/100\n|-damage|p2a: Fuchsia|36/100|[from] Stealth Rock\n|turn|24\n|\n|t:|1771220115\n|move|p1a: Mamba out|Crunch|p2a: Fuchsia\n|-damage|p2a: Fuchsia|12/100\n|-unboost|p2a: Fuchsia|def|1\n|move|p2a: Fuchsia|Recover|p2a: Fuchsia\n|-heal|p2a: Fuchsia|62/100\n|\n|-heal|p1a: Mamba out|49/100|[from] item: Leftovers\n|-heal|p2a: Fuchsia|68/100|[from] item: Black Sludge\n|upkeep\n|turn|25\n|\n|t:|1771220117\n|move|p1a: Mamba out|Crunch|p2a: Fuchsia\n|-damage|p2a: Fuchsia|33/100\n|move|p2a: Fuchsia|Recover|p2a: Fuchsia\n|-heal|p2a: Fuchsia|83/100\n|\n|-heal|p1a: Mamba out|56/100|[from] item: Leftovers\n|-heal|p2a: Fuchsia|89/100|[from] item: Black Sludge\n|upkeep\n|turn|26\n|\n|t:|1771220123\n|move|p1a: Mamba out|Crunch|p2a: Fuchsia\n|-damage|p2a: Fuchsia|53/100\n|move|p2a: Fuchsia|Earthquake|p1a: Mamba out\n|-activate|p1a: Mamba out|move: Substitute|[damage]\n|\n|-heal|p1a: Mamba out|62/100|[from] item: Leftovers\n|-heal|p2a: Fuchsia|60/100|[from] item: Black Sludge\n|upkeep\n|turn|27\n|\n|t:|1771220125\n|move|p1a: Mamba out|Body Press|p2a: Fuchsia\n|-resisted|p2a: Fuchsia\n|-damage|p2a: Fuchsia|32/100\n|move|p2a: Fuchsia|Earthquake|p1a: Mamba out\n|-end|p1a: Mamba out|Substitute\n|\n|-heal|p1a: Mamba out|68/100|[from] item: Leftovers\n|-heal|p2a: Fuchsia|38/100|[from] item: Black Sludge\n|upkeep\n|turn|28\n|\n|t:|1771220129\n|move|p1a: Mamba out|Crunch|p2a: Fuchsia\n|-damage|p2a: Fuchsia|4/100\n|move|p2a: Fuchsia|Recover|p2a: Fuchsia\n|-heal|p2a: Fuchsia|54/100\n|\n|-heal|p1a: Mamba out|74/100|[from] item: Leftovers\n|-heal|p2a: Fuchsia|61/100|[from] item: Black Sludge\n|upkeep\n|turn|29\n|\n|t:|1771220135\n|move|p1a: Mamba out|Substitute|p1a: Mamba out\n|-start|p1a: Mamba out|Substitute\n|-damage|p1a: Mamba out|49/100\n|move|p2a: Fuchsia|Earthquake|p1a: Mamba out\n|-activate|p1a: Mamba out|move: Substitute|[damage]\n|\n|-heal|p1a: Mamba out|56/100|[from] item: Leftovers\n|-heal|p2a: Fuchsia|67/100|[from] item: Black Sludge\n|upkeep\n|turn|30\n|\n|t:|1771220138\n|move|p1a: Mamba out|Crunch|p2a: Fuchsia\n|-damage|p2a: Fuchsia|31/100\n|move|p2a: Fuchsia|Earthquake|p1a: Mamba out\n|-end|p1a: Mamba out|Substitute\n|\n|-heal|p1a: Mamba out|62/100|[from] item: Leftovers\n|-heal|p2a: Fuchsia|37/100|[from] item: Black Sludge\n|upkeep\n|turn|31\n|\n|t:|1771220146\n|move|p1a: Mamba out|Crunch|p2a: Fuchsia\n|-damage|p2a: Fuchsia|3/100\n|-unboost|p2a: Fuchsia|def|1\n|move|p2a: Fuchsia|Recover|p2a: Fuchsia\n|-heal|p2a: Fuchsia|53/100\n|\n|-heal|p1a: Mamba out|68/100|[from] item: Leftovers\n|-heal|p2a: Fuchsia|59/100|[from] item: Black Sludge\n|upkeep\n|turn|32\n|-message|we so vile forfeited.\n|\n|win|WangShixiong\n|raw|WangShixiong's rating: 1883 &rarr; <strong>1895</strong><br />(+12 for winning)\n|raw|we so vile's rating: 1729 &rarr; <strong>1717</strong><br />(-12 for losing)\n|l|☆we so vile\n|player|p2|\n|l| dtybb\n|l|☆WangShixiong\n|player|p1|\n", "uploadtime": 1771220347, "views": 5, "formatid": "gen9nationaldex", "rating": 1717, "private": 0, "password": null}