{"id": "gen9nationaldex-2540609256", "format": "[Gen 9] National Dex", "players": ["Conno2429", "WangShixiong"], "log": "|j|☆Conno2429\n|j|‽WangShixiong\n|t:|1771226599\n|gametype|singles\n|player|p1|Conno2429|steven|1679\n|player|p2|WangShixiong|cynthia-gen4|1850\n|gen|9\n|tier|[Gen 9] National Dex\n|rated|\n|rule|HP Percentage Mod: HP is shown in percentages\n|rule|Endless Battle Clause: Forcing endless battles is banned\n|rule|Species Clause: Limit one of each Pokémon\n|rule|OHKO Clause: OHKO moves are banned\n|rule|Evasion Clause: Evasion abilities, items, and moves are banned\n|rule|Evasion Abilities Clause: Evasion abilities are banned\n|rule|Evasion Items Clause: Evasion items are banned\n|rule|Evasion Moves Clause: Evasion moves are banned\n|rule|Sleep Clause Mod: Limit one foe put to sleep\n|rule|Terastal Clause: You cannot Terastallize\n|clearpoke\n|poke|p1|Gyarados, F|\n|poke|p1|Ferrothorn, F|\n|poke|p1|Volcarona, F|\n|poke|p1|Zapdos|\n|poke|p1|Garchomp, M|\n|poke|p1|Melmetal|\n|poke|p2|Zamazenta-*|\n|poke|p2|Kingambit, F|\n|poke|p2|Ceruledge, M|\n|poke|p2|Landorus-Therian, M|\n|poke|p2|Diancie|\n|poke|p2|Ogerpon-Wellspring, F|\n|teampreview\n|inactive|Battle timer is ON: inactive players will automatically lose when time's up. (requested by WangShixiong)\n|\n|t:|1771226604\n|teamsize|p1|6\n|teamsize|p2|6\n|start\n|switch|p1a: Melmetal|Melmetal|100/100\n|switch|p2a: Diancie|Diancie, shiny|100/100\n|turn|1\n|\n|t:|1771226612\n|switch|p2a: Landorus|Landorus-Therian, M|100/100\n|-ability|p2a: Landorus|Intimidate|boost\n|-unboost|p1a: Melmetal|atk|1\n|move|p1a: Melmetal|Double Iron Bash|p2a: Landorus\n|-damage|p2a: Landorus|71/100\n|-damage|p2a: Landorus|40/100\n|-hitcount|p2a: Landorus|2\n|\n|upkeep\n|turn|2\n|\n|t:|1771226616\n|switch|p1a: Zapdos|Zapdos|100/100\n|move|p2a: Landorus|Stealth Rock|p1a: Zapdos\n|-sidestart|p1: Conno2429|move: Stealth Rock\n|\n|upkeep\n|turn|3\n|\n|t:|1771226618\n|move|p2a: Landorus|Taunt|p1a: Zapdos\n|-start|p1a: Zapdos|move: Taunt\n|cant|p1a: Zapdos|move: Taunt|Defog\n|\n|upkeep\n|turn|4\n|\n|t:|1771226620\n|switch|p2a: Diancie|Diancie, shiny|100/100\n|move|p1a: Zapdos|Hurricane|p2a: Diancie|[miss]\n|-miss|p1a: Zapdos|p2a: Diancie\n|\n|upkeep\n|turn|5\n|\n|t:|1771226624\n|switch|p1a: Melmetal|Melmetal|100/100\n|-damage|p1a: Melmetal|94/100|[from] Stealth Rock\n|detailschange|p2a: Diancie|Diancie-Mega, shiny\n|-mega|p2a: Diancie|Diancie|Diancite\n|move|p2a: Diancie|Mystical Fire|p1a: Melmetal\n|-supereffective|p1a: Melmetal\n|-damage|p1a: Melmetal|61/100\n|-unboost|p1a: Melmetal|spa|1\n|\n|upkeep\n|turn|6\n|\n|t:|1771226628\n|switch|p2a: Ceruledge|Ceruledge, M|100/100\n|move|p1a: Melmetal|Double Iron Bash|p2a: Ceruledge\n|-resisted|p2a: Ceruledge\n|-damage|p2a: Ceruledge|72/100\n|-ability|p2a: Ceruledge|Weak Armor|boost\n|-unboost|p2a: Ceruledge|def|1\n|-boost|p2a: Ceruledge|spe|2\n|-resisted|p2a: Ceruledge\n|-damage|p2a: Ceruledge|31/100\n|-ability|p2a: Ceruledge|Weak Armor|boost\n|-unboost|p2a: Ceruledge|def|1\n|-boost|p2a: Ceruledge|spe|2\n|-hitcount|p2a: Ceruledge|2\n|\n|upkeep\n|turn|7\n|\n|t:|1771226635\n|switch|p1a: Garchomp|Garchomp, M|100/100\n|-damage|p1a: Garchomp|94/100|[from] Stealth Rock\n|move|p2a: Ceruledge|Swords Dance|p2a: Ceruledge\n|-boost|p2a: Ceruledge|atk|2\n|\n|upkeep\n|turn|8\n|\n|t:|1771226643\n|-zpower|p2a: Ceruledge\n|move|p2a: Ceruledge|Never-Ending Nightmare|p1a: Garchomp|[zeffect]\n|-damage|p1a: Garchomp|0 fnt\n|faint|p1a: Garchomp\n|\n|upkeep\n|\n|t:|1771226645\n|switch|p1a: Gyarados|Gyarados, F|100/100\n|-damage|p1a: Gyarados|76/100|[from] Stealth Rock\n|-ability|p1a: Gyarados|Intimidate|boost\n|-unboost|p2a: Ceruledge|atk|1\n|turn|9\n|\n|t:|1771226649\n|detailschange|p1a: Gyarados|Gyarados-Mega, F\n|-mega|p1a: Gyarados|Gyarados|Gyaradosite\n|-ability|p1a: Gyarados|Mold Breaker\n|move|p2a: Ceruledge|Poltergeist|p1a: Gyarados\n|-activate|p1a: Gyarados|move: Poltergeist|Gyaradosite\n|-resisted|p1a: Gyarados\n|-damage|p1a: Gyarados|37/100\n|move|p1a: Gyarados|Waterfall|p2a: Ceruledge\n|-supereffective|p2a: Ceruledge\n|-damage|p2a: Ceruledge|0 fnt\n|faint|p2a: Ceruledge\n|\n|upkeep\n|\n|t:|1771226653\n|switch|p2a: Diancie|Diancie-Mega, shiny|100/100\n|turn|10\n|\n|t:|1771226660\n|move|p2a: Diancie|Moonblast|p1a: Gyarados\n|-supereffective|p1a: Gyarados\n|-crit|p1a: Gyarados\n|-damage|p1a: Gyarados|0 fnt\n|faint|p1a: Gyarados\n|detailschange|p1: Gyarados|Gyarados, F|[silent]\n|\n|upkeep\n|\n|t:|1771226662\n|switch|p1a: Melmetal|Melmetal|61/100\n|-damage|p1a: Melmetal|55/100|[from] Stealth Rock\n|turn|11\n|\n|t:|1771226667\n|switch|p2a: Ogerpon|Ogerpon-Wellspring, F|100/100\n|move|p1a: Melmetal|Double Iron Bash|p2a: Ogerpon\n|-resisted|p2a: Ogerpon\n|-damage|p2a: Ogerpon|71/100\n|-resisted|p2a: Ogerpon\n|-damage|p2a: Ogerpon|45/100\n|-hitcount|p2a: Ogerpon|2\n|\n|upkeep\n|turn|12\n|\n|t:|1771226671\n|switch|p1a: Ferrothorn|Ferrothorn, F|100/100\n|-damage|p1a: Ferrothorn|94/100|[from] Stealth Rock\n|move|p2a: Ogerpon|Ivy Cudgel|p1a: Ferrothorn|[anim] Ivy Cudgel Water\n|-resisted|p1a: Ferrothorn\n|-damage|p1a: Ferrothorn|71/100\n|\n|upkeep\n|turn|13\n|\n|t:|1771226674\n|move|p2a: Ogerpon|Taunt|p1a: Ferrothorn\n|-start|p1a: Ferrothorn|move: Taunt\n|cant|p1a: Ferrothorn|move: Taunt|Spikes\n|\n|upkeep\n|turn|14\n|\n|t:|1771226677\n|switch|p2a: Landorus|Landorus-Therian, M|40/100\n|-ability|p2a: Landorus|Intimidate|boost\n|-unboost|p1a: Ferrothorn|atk|1\n|move|p1a: Ferrothorn|Knock Off|p2a: Landorus\n|-damage|p2a: Landorus|23/100\n|-enditem|p2a: Landorus|Custap Berry|[from] move: Knock Off|[of] p1a: Ferrothorn\n|\n|upkeep\n|turn|15\n|\n|t:|1771226679\n|switch|p1a: Zapdos|Zapdos|100/100\n|move|p2a: Landorus|Earthquake|p1a: Zapdos\n|-immune|p1a: Zapdos\n|\n|upkeep\n|turn|16\n|\n|t:|1771226681\n|move|p2a: Landorus|Explosion|p1a: Zapdos\n|-damage|p1a: Zapdos|30/100\n|faint|p2a: Landorus\n|move|p1a: Zapdos|Hurricane|p2: Landorus|[notarget]\n|-fail|p1a: Zapdos\n|\n|upkeep\n|\n|t:|1771226684\n|switch|p2a: Diancie|Diancie-Mega, shiny|100/100\n|turn|17\n|\n|t:|1771226689\n|move|p2a: Diancie|Diamond Storm|p1a: Zapdos\n|-supereffective|p1a: Zapdos\n|-damage|p1a: Zapdos|0 fnt\n|-boost|p2a: Diancie|def|2\n|faint|p1a: Zapdos\n|\n|upkeep\n|\n|t:|1771226691\n|switch|p1a: Melmetal|Melmetal|55/100\n|-damage|p1a: Melmetal|49/100|[from] Stealth Rock\n|turn|18\n|\n|t:|1771226693\n|move|p2a: Diancie|Earth Power|p1a: Melmetal\n|-supereffective|p1a: Melmetal\n|-damage|p1a: Melmetal|12/100\n|move|p1a: Melmetal|Double Iron Bash|p2a: Diancie\n|-supereffective|p2a: Diancie\n|-damage|p2a: Diancie|0 fnt\n|faint|p2a: Diancie\n|detailschange|p2: Diancie|Diancie, shiny|[silent]\n|-hitcount|p2: Diancie|1\n|\n|upkeep\n|\n|t:|1771226700\n|switch|p2a: Kingambit|Kingambit, F|100/100\n|-activate|p2a: Kingambit|ability: Supreme Overlord\n|-start|p2a: Kingambit|fallen3|[silent]\n|-item|p2a: Kingambit|Air Balloon\n|turn|19\n|\n|t:|1771226704\n|move|p2a: Kingambit|Sucker Punch|p1a: Melmetal\n|-damage|p1a: Melmetal|0 fnt\n|faint|p1a: Melmetal\n|\n|upkeep\n|\n|t:|1771226706\n|switch|p1a: Volcarona|Volcarona, F|100/100\n|turn|20\n|\n|t:|1771226708\n|move|p1a: Volcarona|Fiery Dance|p2a: Kingambit\n|-supereffective|p2a: Kingambit\n|-damage|p2a: Kingambit|17/100\n|-boost|p1a: Volcarona|spa|1\n|-enditem|p2a: Kingambit|Air Balloon\n|move|p2a: Kingambit|Knock Off|p1a: Volcarona\n|-damage|p1a: Volcarona|0 fnt\n|-enditem|p1a: Volcarona|Heavy-Duty Boots|[from] move: Knock Off|[of] p2a: Kingambit\n|faint|p1a: Volcarona\n|\n|upkeep\n|-message|Conno2429 forfeited.\n|\n|win|WangShixiong\n|raw|Conno2429's rating: 1679 &rarr; <strong>1668</strong><br />(-11 for losing)\n|raw|WangShixiong's rating: 1850 &rarr; <strong>1861</strong><br />(+11 for winning)\n|l|☆Conno2429\n|player|p1|\n|l|‽WangShixiong\n|player|p2|\n|j|‽WangShixiong\n|player|p2|WangShixiong|cynthia-gen4|\n|l|‽WangShixiong\n|player|p2|\n", "uploadtime": 1771226960, "views": 16, "formatid": "gen9nationaldex", "rating": 1668, "private": 0, "password": null}