{"id": "gen9nationaldex-2540580296", "format": "[Gen 9] National Dex", "players": ["frost12080000", "Rootkitlo"], "log": "|j|☆frost12080000\n|j|☆Rootkitlo\n|t:|1771221298\n|gametype|singles\n|player|p1|frost12080000|burglar|1575\n|player|p2|Rootkitlo|cynthia-gen4|1563\n|gen|9\n|tier|[Gen 9] National Dex\n|rated|\n|rule|HP Percentage Mod: HP is shown in percentages\n|rule|Endless Battle Clause: Forcing endless battles is banned\n|rule|Species Clause: Limit one of each Pokémon\n|rule|OHKO Clause: OHKO moves are banned\n|rule|Evasion Clause: Evasion abilities, items, and moves are banned\n|rule|Evasion Abilities Clause: Evasion abilities are banned\n|rule|Evasion Items Clause: Evasion items are banned\n|rule|Evasion Moves Clause: Evasion moves are banned\n|rule|Sleep Clause Mod: Limit one foe put to sleep\n|rule|Terastal Clause: You cannot Terastallize\n|clearpoke\n|poke|p1|Chansey, F|\n|poke|p1|Tapu Fini|\n|poke|p1|Zapdos|\n|poke|p1|Urshifu-*, F|\n|poke|p1|Charizard, F|\n|poke|p1|Ogerpon-Cornerstone, F|\n|poke|p2|Landorus-Therian, M|\n|poke|p2|Great Tusk|\n|poke|p2|Ogerpon-Cornerstone, F|\n|poke|p2|Volcanion|\n|poke|p2|Iron Valiant|\n|poke|p2|Tyranitar, F|\n|teampreview\n|\n|t:|1771221304\n|teamsize|p1|6\n|teamsize|p2|6\n|start\n|switch|p1a: Urshifu|Urshifu-Rapid-Strike, F|100/100\n|switch|p2a: Tyranitar|Tyranitar, F|100/100\n|-weather|Sandstorm|[from] ability: Sand Stream|[of] p2a: Tyranitar\n|turn|1\n|inactive|Battle timer is ON: inactive players will automatically lose when time's up. (requested by frost12080000)\n|\n|t:|1771221319\n|switch|p2a: Volcanion|Volcanion|100/100\n|move|p1a: Urshifu|Close Combat|p2a: Volcanion\n|-damage|p2a: Volcanion|49/100\n|-unboost|p1a: Urshifu|def|1\n|-unboost|p1a: Urshifu|spd|1\n|\n|-weather|Sandstorm|[upkeep]\n|-damage|p1a: Urshifu|94/100|[from] Sandstorm\n|-damage|p2a: Volcanion|43/100|[from] Sandstorm\n|upkeep\n|turn|2\n|\n|t:|1771221325\n|switch|p2a: Landorus|Landorus-Therian, M|100/100\n|-ability|p2a: Landorus|Intimidate|boost\n|-unboost|p1a: Urshifu|atk|1\n|move|p1a: Urshifu|Close Combat|p2a: Landorus\n|-resisted|p2a: Landorus\n|-damage|p2a: Landorus|76/100\n|-unboost|p1a: Urshifu|def|1\n|-unboost|p1a: Urshifu|spd|1\n|-damage|p1a: Urshifu|78/100|[from] item: Rocky Helmet|[of] p2a: Landorus\n|\n|-weather|Sandstorm|[upkeep]\n|-damage|p1a: Urshifu|72/100|[from] Sandstorm\n|upkeep\n|turn|3\n|\n|t:|1771221339\n|switch|p1a: Zapdos|Zapdos|100/100\n|move|p2a: Landorus|Stealth Rock|p1a: Zapdos\n|-sidestart|p1: frost12080000|move: Stealth Rock\n|\n|-weather|Sandstorm|[upkeep]\n|-damage|p1a: Zapdos|94/100|[from] Sandstorm\n|upkeep\n|turn|4\n|\n|t:|1771221344\n|move|p2a: Landorus|Explosion|p1a: Zapdos\n|-damage|p1a: Zapdos|28/100\n|faint|p2a: Landorus\n|move|p1a: Zapdos|Defog|p2: Landorus|[notarget]\n|-fail|p1a: Zapdos\n|\n|-weather|Sandstorm|[upkeep]\n|-damage|p1a: Zapdos|22/100|[from] Sandstorm\n|upkeep\n|\n|t:|1771221354\n|switch|p2a: Ogerpon|Ogerpon-Cornerstone, F|100/100\n|turn|5\n|\n|t:|1771221362\n|switch|p1a: Urshifu|Urshifu-Rapid-Strike, F|72/100\n|-damage|p1a: Urshifu|65/100|[from] Stealth Rock\n|move|p2a: Ogerpon|Ivy Cudgel|p1a: Urshifu|[anim] Ivy Cudgel Rock\n|-resisted|p1a: Urshifu\n|-damage|p1a: Urshifu|38/100\n|\n|-weather|none\n|upkeep\n|turn|6\n|\n|t:|1771221369\n|move|p1a: Urshifu|U-turn|p2a: Ogerpon\n|-supereffective|p2a: Ogerpon\n|-damage|p2a: Ogerpon|42/100\n|\n|t:|1771221382\n|switch|p1a: Zapdos|Zapdos|22/100|[from] U-turn\n|move|p2a: Ogerpon|Horn Leech|p1a: Zapdos\n|-resisted|p1a: Zapdos\n|-damage|p1a: Zapdos|7/100\n|-heal|p2a: Ogerpon|51/100|[from] drain|[of] p1a: Zapdos\n|\n|upkeep\n|turn|7\n|\n|t:|1771221386\n|move|p2a: Ogerpon|Ivy Cudgel|p1a: Zapdos|[anim] Ivy Cudgel Rock\n|-supereffective|p1a: Zapdos\n|-crit|p1a: Zapdos\n|-damage|p1a: Zapdos|0 fnt\n|faint|p1a: Zapdos\n|\n|upkeep\n|\n|t:|1771221393\n|switch|p1a: Urshifu|Urshifu-Rapid-Strike, F|38/100\n|-damage|p1a: Urshifu|31/100|[from] Stealth Rock\n|turn|8\n|\n|t:|1771221400\n|switch|p2a: Volcanion|Volcanion|43/100\n|move|p1a: Urshifu|Close Combat|p2a: Volcanion\n|-damage|p2a: Volcanion|0 fnt\n|-unboost|p1a: Urshifu|def|1\n|-unboost|p1a: Urshifu|spd|1\n|faint|p2a: Volcanion\n|\n|upkeep\n|\n|t:|1771221402\n|switch|p2a: Iron Valiant|Iron Valiant|100/100\n|-enditem|p2a: Iron Valiant|Booster Energy\n|-activate|p2a: Iron Valiant|ability: Quark Drive|[fromitem]\n|-start|p2a: Iron Valiant|quarkdrivespe\n|turn|9\n|\n|t:|1771221422\n|switch|p1a: Chansey|Chansey, F|100/100\n|-damage|p1a: Chansey|88/100|[from] Stealth Rock\n|move|p2a: Iron Valiant|Moonblast|p1a: Chansey\n|-damage|p1a: Chansey|75/100\n|\n|upkeep\n|turn|10\n|\n|t:|1771221431\n|move|p2a: Iron Valiant|Close Combat|p1a: Chansey\n|-supereffective|p1a: Chansey\n|-damage|p1a: Chansey|0 fnt\n|-unboost|p2a: Iron Valiant|def|1\n|-unboost|p2a: Iron Valiant|spd|1\n|faint|p1a: Chansey\n|\n|upkeep\n|\n|t:|1771221437\n|switch|p1a: Tapu Fini|Tapu Fini, shiny|100/100\n|-damage|p1a: Tapu Fini|88/100|[from] Stealth Rock\n|-fieldstart|move: Misty Terrain|[from] ability: Misty Surge|[of] p1a: Tapu Fini\n|turn|11\n|\n|t:|1771221439\n|move|p2a: Iron Valiant|Moonblast|p1a: Tapu Fini\n|-damage|p1a: Tapu Fini|52/100\n|move|p1a: Tapu Fini|Calm Mind|p1a: Tapu Fini\n|-boost|p1a: Tapu Fini|spa|1\n|-boost|p1a: Tapu Fini|spd|1\n|\n|-heal|p1a: Tapu Fini|58/100|[from] item: Leftovers\n|upkeep\n|turn|12\n|\n|t:|1771221444\n|move|p2a: Iron Valiant|Moonblast|p1a: Tapu Fini\n|-damage|p1a: Tapu Fini|31/100\n|move|p1a: Tapu Fini|Draining Kiss|p2a: Iron Valiant\n|-supereffective|p2a: Iron Valiant\n|-damage|p2a: Iron Valiant|0 fnt\n|-heal|p1a: Tapu Fini|95/100|[from] drain|[of] p2a: Iron Valiant\n|faint|p2a: Iron Valiant\n|-end|p2a: Iron Valiant|Quark Drive|[silent]\n|\n|-heal|p1a: Tapu Fini|100/100|[from] item: Leftovers\n|upkeep\n|\n|t:|1771221452\n|switch|p2a: Ogerpon|Ogerpon-Cornerstone, F|51/100\n|turn|13\n|\n|t:|1771221458\n|switch|p1a: Charizard|Charizard, F, shiny|100/100\n|-damage|p1a: Charizard|51/100|[from] Stealth Rock\n|move|p2a: Ogerpon|Horn Leech|p1a: Charizard\n|-resisted|p1a: Charizard\n|-damage|p1a: Charizard|36/100\n|-heal|p2a: Ogerpon|58/100|[from] drain|[of] p1a: Charizard\n|\n|upkeep\n|turn|14\n|\n|t:|1771221464\n|switch|p1a: Urshifu|Urshifu-Rapid-Strike, F|31/100\n|-damage|p1a: Urshifu|25/100|[from] Stealth Rock\n|move|p2a: Ogerpon|Ivy Cudgel|p1a: Urshifu|[anim] Ivy Cudgel Rock\n|-resisted|p1a: Urshifu\n|-damage|p1a: Urshifu|0 fnt\n|faint|p1a: Urshifu\n|\n|upkeep\n|\n|t:|1771221466\n|switch|p1a: Ogerpon|Ogerpon-Cornerstone, F|100/100\n|-damage|p1a: Ogerpon|88/100|[from] Stealth Rock\n|turn|15\n|\n|t:|1771221474\n|move|p2a: Ogerpon|Horn Leech|p1a: Ogerpon\n|-damage|p1a: Ogerpon|29/100\n|-heal|p2a: Ogerpon|88/100|[from] drain|[of] p1a: Ogerpon\n|move|p1a: Ogerpon|Swords Dance|p1a: Ogerpon\n|-boost|p1a: Ogerpon|atk|2\n|\n|-fieldend|Misty Terrain\n|upkeep\n|turn|16\n|\n|t:|1771221480\n|move|p2a: Ogerpon|Horn Leech|p1a: Ogerpon\n|-damage|p1a: Ogerpon|0 fnt\n|-heal|p2a: Ogerpon|100/100|[from] drain|[of] p1a: Ogerpon\n|faint|p1a: Ogerpon\n|\n|upkeep\n|-message|frost12080000 forfeited.\n|\n|win|Rootkitlo\n|raw|frost12080000's rating: 1575 &rarr; <strong>1554</strong><br />(-21 for losing)\n|raw|Rootkitlo's rating: 1563 &rarr; <strong>1584</strong><br />(+21 for winning)\n|l|☆frost12080000\n|player|p1|\n|l|☆Rootkitlo\n|player|p2|\n", "uploadtime": 1771221724, "views": 5, "formatid": "gen9nationaldex", "rating": 1554, "private": 0, "password": null}