{"id": "gen9nationaldex-2540690543", "format": "[Gen 9] National Dex", "players": ["jblockman77", "That_Louis"], "log": "|j|☆jblockman77\n|j|☆That_Louis\n|t:|1771240872\n|gametype|singles\n|player|p1|jblockman77|n|1643\n|player|p2|That_Louis|roughneck-gen4|1596\n|gen|9\n|tier|[Gen 9] National Dex\n|rated|\n|rule|HP Percentage Mod: HP is shown in percentages\n|rule|Endless Battle Clause: Forcing endless battles is banned\n|rule|Species Clause: Limit one of each Pokémon\n|rule|OHKO Clause: OHKO moves are banned\n|rule|Evasion Clause: Evasion abilities, items, and moves are banned\n|rule|Evasion Abilities Clause: Evasion abilities are banned\n|rule|Evasion Items Clause: Evasion items are banned\n|rule|Evasion Moves Clause: Evasion moves are banned\n|rule|Sleep Clause Mod: Limit one foe put to sleep\n|rule|Terastal Clause: You cannot Terastallize\n|clearpoke\n|poke|p1|Tapu Koko|\n|poke|p1|Volcarona, F|\n|poke|p1|Iron Valiant|\n|poke|p1|Kingambit, M|\n|poke|p1|Great Tusk|\n|poke|p1|Alomomola, F|\n|poke|p2|Zapdos-Galar|\n|poke|p2|Raging Bolt|\n|poke|p2|Ting-Lu|\n|poke|p2|Cinderace, F|\n|poke|p2|Slowbro, M|\n|poke|p2|Gholdengo|\n|teampreview\n|\n|t:|1771240889\n|teamsize|p1|6\n|teamsize|p2|6\n|start\n|switch|p1a: Tapu Koko|Tapu Koko|100/100\n|switch|p2a: Gholdengo|Gholdengo|100/100\n|-fieldstart|move: Electric Terrain|[from] ability: Electric Surge|[of] p1a: Tapu Koko\n|turn|1\n|\n|t:|1771240891\n|move|p2a: Gholdengo|Make It Rain|p1a: Tapu Koko\n|-damage|p1a: Tapu Koko|0 fnt\n|-unboost|p2a: Gholdengo|spa|1\n|faint|p1a: Tapu Koko\n|\n|upkeep\n|\n|t:|1771240908\n|switch|p1a: Great Tusk|Great Tusk|100/100\n|turn|2\n|\n|t:|1771240913\n|switch|p2a: Slowbro|Slowbro, M|100/100\n|move|p1a: Great Tusk|Stealth Rock|p2a: Slowbro\n|-sidestart|p2: That_Louis|move: Stealth Rock\n|\n|upkeep\n|turn|3\n|\n|t:|1771240928\n|move|p1a: Great Tusk|Rapid Spin|p2a: Slowbro\n|-damage|p2a: Slowbro|90/100\n|-boost|p1a: Great Tusk|spe|1\n|-damage|p1a: Great Tusk|84/100|[from] item: Rocky Helmet|[of] p2a: Slowbro\n|move|p2a: Slowbro|Future Sight|p1a: Great Tusk\n|-start|p2a: Slowbro|move: Future Sight\n|\n|upkeep\n|turn|4\n|\n|t:|1771240931\n|-end|p1a: Great Tusk|Protosynthesis|[silent]\n|switch|p1a: Alomomola|Alomomola, F|100/100\n|move|p2a: Slowbro|Teleport|p2a: Slowbro\n|\n|t:|1771240937\n|switch|p2a: Raging Bolt|Raging Bolt|100/100|[from] Teleport\n|-damage|p2a: Raging Bolt|88/100|[from] Stealth Rock\n|\n|upkeep\n|turn|5\n|\n|t:|1771240941\n|move|p2a: Raging Bolt|Thunderbolt|p1a: Alomomola\n|-supereffective|p1a: Alomomola\n|-damage|p1a: Alomomola|36/100\n|move|p1a: Alomomola|Mirror Coat|p2a: Raging Bolt\n|-damage|p2a: Raging Bolt|0 fnt\n|faint|p2a: Raging Bolt\n|-end|p2a: Raging Bolt|Protosynthesis|[silent]\n|\n|-end|p1a: Alomomola|move: Future Sight\n|-damage|p1a: Alomomola|15/100\n|-fieldend|move: Electric Terrain\n|upkeep\n|\n|t:|1771240948\n|switch|p2a: Zapdos|Zapdos-Galar, shiny|100/100\n|-damage|p2a: Zapdos|88/100|[from] Stealth Rock\n|turn|6\n|\n|t:|1771240962\n|switch|p1a: Kingambit|Kingambit, M|100/100\n|-activate|p1a: Kingambit|ability: Supreme Overlord\n|-start|p1a: Kingambit|fallen1|[silent]\n|move|p2a: Zapdos|U-turn|p1a: Kingambit\n|-damage|p1a: Kingambit|77/100\n|\n|t:|1771240970\n|switch|p2a: Ting-Lu|Ting-Lu|100/100|[from] U-turn\n|-damage|p2a: Ting-Lu|94/100|[from] Stealth Rock\n|-ability|p2a: Ting-Lu|Vessel of Ruin\n|\n|-heal|p2a: Ting-Lu|100/100|[from] item: Leftovers\n|upkeep\n|turn|7\n|\n|t:|1771240976\n|-end|p1a: Kingambit|fallen1|[silent]\n|switch|p1a: Great Tusk|Great Tusk|84/100\n|move|p2a: Ting-Lu|Earthquake|p1a: Great Tusk\n|-damage|p1a: Great Tusk|58/100\n|\n|upkeep\n|turn|8\n|\n|t:|1771240982\n|switch|p2a: Slowbro|Slowbro, M|100/100\n|-damage|p2a: Slowbro|88/100|[from] Stealth Rock\n|move|p1a: Great Tusk|Ice Spinner|p2a: Slowbro\n|-resisted|p2a: Slowbro\n|-damage|p2a: Slowbro|80/100\n|-damage|p1a: Great Tusk|41/100|[from] item: Rocky Helmet|[of] p2a: Slowbro\n|\n|upkeep\n|turn|9\n|\n|t:|1771240987\n|-end|p1a: Great Tusk|Protosynthesis|[silent]\n|switch|p1a: Alomomola|Alomomola, F|48/100\n|move|p2a: Slowbro|Future Sight|p1a: Alomomola\n|-start|p2a: Slowbro|move: Future Sight\n|\n|upkeep\n|turn|10\n|\n|t:|1771240990\n|move|p1a: Alomomola|Knock Off|p2a: Slowbro\n|-supereffective|p2a: Slowbro\n|-damage|p2a: Slowbro|57/100\n|-damage|p1a: Alomomola|32/100|[from] item: Rocky Helmet|[of] p2a: Slowbro\n|-enditem|p2a: Slowbro|Rocky Helmet|[from] move: Knock Off|[of] p1a: Alomomola\n|move|p2a: Slowbro|Teleport|p2a: Slowbro\n|\n|t:|1771240993\n|switch|p2a: Zapdos|Zapdos-Galar, shiny|88/100|[from] Teleport\n|-damage|p2a: Zapdos|76/100|[from] Stealth Rock\n|\n|upkeep\n|turn|11\n|\n|t:|1771241000\n|switch|p1a: Iron Valiant|Iron Valiant|100/100\n|move|p2a: Zapdos|Close Combat|p1a: Iron Valiant\n|-resisted|p1a: Iron Valiant\n|-damage|p1a: Iron Valiant|42/100\n|-unboost|p2a: Zapdos|def|1\n|-unboost|p2a: Zapdos|spd|1\n|\n|-end|p1a: Iron Valiant|move: Future Sight\n|-supereffective|p1a: Iron Valiant\n|-damage|p1a: Iron Valiant|0 fnt\n|faint|p1a: Iron Valiant\n|-end|p1a: Iron Valiant|Quark Drive|[silent]\n|upkeep\n|\n|t:|1771241030\n|switch|p1a: Volcarona|Volcarona, F|100/100\n|turn|12\n|\n|t:|1771241046\n|switch|p2a: Ting-Lu|Ting-Lu|100/100\n|-damage|p2a: Ting-Lu|94/100|[from] Stealth Rock\n|-ability|p2a: Ting-Lu|Vessel of Ruin\n|move|p1a: Volcarona|Quiver Dance|p1a: Volcarona\n|-boost|p1a: Volcarona|spa|1\n|-boost|p1a: Volcarona|spd|1\n|-boost|p1a: Volcarona|spe|1\n|\n|-heal|p2a: Ting-Lu|100/100|[from] item: Leftovers\n|upkeep\n|turn|13\n|\n|t:|1771241049\n|move|p1a: Volcarona|Flamethrower|p2a: Ting-Lu\n|-damage|p2a: Ting-Lu|75/100\n|move|p2a: Ting-Lu|Rock Slide|p1a: Volcarona\n|-supereffective|p1a: Volcarona\n|-damage|p1a: Volcarona|20/100\n|\n|-heal|p2a: Ting-Lu|81/100|[from] item: Leftovers\n|upkeep\n|turn|14\n|\n|t:|1771241059\n|move|p1a: Volcarona|Flamethrower|p2a: Ting-Lu\n|-damage|p2a: Ting-Lu|56/100\n|-status|p2a: Ting-Lu|brn\n|move|p2a: Ting-Lu|Earthquake|p1a: Volcarona\n|-damage|p1a: Volcarona|0 fnt\n|faint|p1a: Volcarona\n|\n|-heal|p2a: Ting-Lu|62/100 brn|[from] item: Leftovers\n|-damage|p2a: Ting-Lu|56/100 brn|[from] brn\n|upkeep\n|\n|t:|1771241067\n|switch|p1a: Great Tusk|Great Tusk|41/100\n|turn|15\n|\n|t:|1771241081\n|switch|p2a: Slowbro|Slowbro, M|90/100\n|-damage|p2a: Slowbro|78/100|[from] Stealth Rock\n|move|p1a: Great Tusk|Headlong Rush|p2a: Slowbro\n|-damage|p2a: Slowbro|43/100\n|-unboost|p1a: Great Tusk|def|1\n|-unboost|p1a: Great Tusk|spd|1\n|\n|upkeep\n|turn|16\n|\n|t:|1771241088\n|-end|p1a: Great Tusk|Protosynthesis|[silent]\n|switch|p1a: Alomomola|Alomomola, F|65/100\n|move|p2a: Slowbro|Slack Off|p2a: Slowbro\n|-heal|p2a: Slowbro|93/100\n|\n|upkeep\n|turn|17\n|\n|t:|1771241091\n|move|p1a: Alomomola|Knock Off|p2a: Slowbro\n|-supereffective|p2a: Slowbro\n|-damage|p2a: Slowbro|80/100\n|move|p2a: Slowbro|Future Sight|p1a: Alomomola\n|-start|p2a: Slowbro|move: Future Sight\n|\n|upkeep\n|turn|18\n|\n|t:|1771241095\n|move|p1a: Alomomola|Flip Turn|p2a: Slowbro\n|-resisted|p2a: Slowbro\n|-damage|p2a: Slowbro|75/100\n|\n|t:|1771241100\n|switch|p1a: Great Tusk|Great Tusk|41/100|[from] Flip Turn\n|move|p2a: Slowbro|Teleport|p2a: Slowbro\n|\n|t:|1771241108\n|switch|p2a: Zapdos|Zapdos-Galar, shiny|76/100|[from] Teleport\n|-damage|p2a: Zapdos|63/100|[from] Stealth Rock\n|\n|upkeep\n|turn|19\n|\n|t:|1771241111\n|-end|p1a: Great Tusk|Protosynthesis|[silent]\n|switch|p1a: Alomomola|Alomomola, F|98/100\n|move|p2a: Zapdos|Close Combat|p1a: Alomomola\n|-damage|p1a: Alomomola|38/100\n|-unboost|p2a: Zapdos|def|1\n|-unboost|p2a: Zapdos|spd|1\n|\n|-end|p1a: Alomomola|move: Future Sight\n|-damage|p1a: Alomomola|15/100\n|upkeep\n|turn|20\n|\n|t:|1771241114\n|move|p2a: Zapdos|Close Combat|p1a: Alomomola\n|-damage|p1a: Alomomola|0 fnt\n|-unboost|p2a: Zapdos|def|1\n|-unboost|p2a: Zapdos|spd|1\n|faint|p1a: Alomomola\n|\n|upkeep\n|\n|t:|1771241116\n|switch|p1a: Great Tusk|Great Tusk|41/100\n|turn|21\n|\n|t:|1771241119\n|switch|p2a: Slowbro|Slowbro, M|100/100\n|-damage|p2a: Slowbro|88/100|[from] Stealth Rock\n|move|p1a: Great Tusk|Headlong Rush|p2a: Slowbro\n|-damage|p2a: Slowbro|51/100\n|-unboost|p1a: Great Tusk|def|1\n|-unboost|p1a: Great Tusk|spd|1\n|\n|upkeep\n|turn|22\n|\n|t:|1771241141\n|move|p1a: Great Tusk|Rapid Spin|p2a: Slowbro\n|-damage|p2a: Slowbro|40/100\n|-boost|p1a: Great Tusk|spe|1\n|move|p2a: Slowbro|Scald|p1a: Great Tusk\n|-supereffective|p1a: Great Tusk\n|-damage|p1a: Great Tusk|0 fnt\n|faint|p1a: Great Tusk\n|-end|p1a: Great Tusk|Protosynthesis|[silent]\n|\n|upkeep\n|\n|t:|1771241147\n|switch|p1a: Kingambit|Kingambit, M|77/100\n|-activate|p1a: Kingambit|ability: Supreme Overlord\n|-start|p1a: Kingambit|fallen5|[silent]\n|turn|23\n|\n|t:|1771241150\n|move|p1a: Kingambit|Swords Dance|p1a: Kingambit\n|-boost|p1a: Kingambit|atk|2\n|move|p2a: Slowbro|Teleport|p2a: Slowbro\n|\n|t:|1771241155\n|switch|p2a: Cinderace|Cinderace, F, shiny|100/100|[from] Teleport\n|\n|upkeep\n|turn|24\n|\n|t:|1771241164\n|move|p2a: Cinderace|Will-O-Wisp|p1a: Kingambit\n|-status|p1a: Kingambit|brn\n|move|p1a: Kingambit|Knock Off|p2a: Cinderace\n|-damage|p2a: Cinderace|0 fnt\n|-enditem|p2a: Cinderace|Heavy-Duty Boots|[from] move: Knock Off|[of] p1a: Kingambit\n|faint|p2a: Cinderace\n|\n|-damage|p1a: Kingambit|71/100 brn|[from] brn\n|upkeep\n|j| Villain gligar\n|\n|t:|1771241176\n|switch|p2a: Zapdos|Zapdos-Galar, shiny|63/100\n|-damage|p2a: Zapdos|51/100|[from] Stealth Rock\n|turn|25\n|\n|t:|1771241181\n|move|p1a: Kingambit|Sucker Punch|p2a: Zapdos\n|-resisted|p2a: Zapdos\n|-damage|p2a: Zapdos|7/100\n|move|p2a: Zapdos|Close Combat|p1a: Kingambit\n|-supereffective|p1a: Kingambit\n|-damage|p1a: Kingambit|0 fnt\n|-unboost|p2a: Zapdos|def|1\n|-unboost|p2a: Zapdos|spd|1\n|faint|p1a: Kingambit\n|-end|p1a: Kingambit|fallen5|[silent]\n|\n|win|That_Louis\n|raw|jblockman77's rating: 1643 &rarr; <strong>1620</strong><br />(-23 for losing)\n|raw|That_Louis's rating: 1596 &rarr; <strong>1619</strong><br />(+23 for winning)\n|l|☆jblockman77\n|player|p1|\n|l|☆That_Louis\n|player|p2|\n|l| Villain gligar\n", "uploadtime": 1771241397, "views": 6, "formatid": "gen9nationaldex", "rating": 1619, "private": 0, "password": null}