{"id": "gen9nationaldex-2540565011", "format": "[Gen 9] National Dex", "players": ["fosts", "sdaDAC"], "log": "|j|☆fosts\n|j|☆sdaDAC\n|t:|1771218857\n|gametype|singles\n|player|p1|fosts|hilbert-masters|1636\n|player|p2|sdaDAC|169|1506\n|gen|9\n|tier|[Gen 9] National Dex\n|rated|\n|rule|HP Percentage Mod: HP is shown in percentages\n|rule|Endless Battle Clause: Forcing endless battles is banned\n|rule|Species Clause: Limit one of each Pokémon\n|rule|OHKO Clause: OHKO moves are banned\n|rule|Evasion Clause: Evasion abilities, items, and moves are banned\n|rule|Evasion Abilities Clause: Evasion abilities are banned\n|rule|Evasion Items Clause: Evasion items are banned\n|rule|Evasion Moves Clause: Evasion moves are banned\n|rule|Sleep Clause Mod: Limit one foe put to sleep\n|rule|Terastal Clause: You cannot Terastallize\n|clearpoke\n|poke|p1|Alomomola, F|\n|poke|p1|Ogerpon-Wellspring, F|\n|poke|p1|Gyarados, M|\n|poke|p1|Tornadus-Therian, M|\n|poke|p1|Blissey, F|\n|poke|p1|Iron Valiant|\n|poke|p2|Latios, M|\n|poke|p2|Kingambit, M|\n|poke|p2|Zamazenta-*|\n|poke|p2|Weezing-Galar, F|\n|poke|p2|Moltres|\n|poke|p2|Ferrothorn, F|\n|teampreview\n|inactive|Battle timer is ON: inactive players will automatically lose when time's up. (requested by fosts)\n|\n|t:|1771218881\n|teamsize|p1|6\n|teamsize|p2|6\n|start\n|switch|p1a: Blissey|Blissey, F|100/100\n|switch|p2a: Ferrothorn|Ferrothorn, F|100/100\n|turn|1\n|\n|t:|1771218891\n|move|p1a: Blissey|Seismic Toss|p2a: Ferrothorn\n|-damage|p2a: Ferrothorn|72/100\n|-damage|p1a: Blissey|88/100|[from] ability: Iron Barbs|[of] p2a: Ferrothorn\n|move|p2a: Ferrothorn|Knock Off|p1a: Blissey\n|-damage|p1a: Blissey|69/100\n|-enditem|p1a: Blissey|Leftovers|[from] move: Knock Off|[of] p2a: Ferrothorn\n|\n|-heal|p2a: Ferrothorn|78/100|[from] item: Leftovers\n|upkeep\n|turn|2\n|\n|t:|1771218898\n|move|p1a: Blissey|Seismic Toss|p2a: Ferrothorn\n|-damage|p2a: Ferrothorn|50/100\n|-damage|p1a: Blissey|56/100|[from] ability: Iron Barbs|[of] p2a: Ferrothorn\n|move|p2a: Ferrothorn|Stealth Rock|p1a: Blissey\n|-sidestart|p1: fosts|move: Stealth Rock\n|\n|-heal|p2a: Ferrothorn|56/100|[from] item: Leftovers\n|upkeep\n|turn|3\n|\n|t:|1771218903\n|move|p2a: Ferrothorn|Leech Seed|p1a: Blissey\n|-start|p1a: Blissey|move: Leech Seed\n|move|p1a: Blissey|Counter||[still]\n|-fail|p1a: Blissey\n|\n|-heal|p2a: Ferrothorn|62/100|[from] item: Leftovers\n|-damage|p1a: Blissey|44/100|[from] Leech Seed|[of] p2a: Ferrothorn\n|-heal|p2a: Ferrothorn|88/100|[silent]\n|upkeep\n|turn|4\n|\n|t:|1771218916\n|switch|p1a: Tornadus|Tornadus-Therian, M|100/100\n|move|p2a: Ferrothorn|Knock Off|p1a: Tornadus\n|-damage|p1a: Tornadus|76/100\n|-enditem|p1a: Tornadus|Heavy-Duty Boots|[from] move: Knock Off|[of] p2a: Ferrothorn\n|\n|-heal|p2a: Ferrothorn|94/100|[from] item: Leftovers\n|upkeep\n|turn|5\n|\n|t:|1771218942\n|switch|p2a: Latios|Latios, M|100/100\n|move|p1a: Tornadus|Defog|p2a: Latios\n|-unboost|p2a: Latios|evasion|1\n|-sideend|p1: fosts|Stealth Rock|[from] move: Defog|[of] p1a: Tornadus\n|\n|upkeep\n|turn|6\n|\n|t:|1771218956\n|detailschange|p2a: Latios|Latios-Mega, M\n|-mega|p2a: Latios|Latios|Latiosite\n|move|p1a: Tornadus|U-turn|p2a: Latios\n|-supereffective|p2a: Latios\n|-damage|p2a: Latios|66/100\n|\n|t:|1771218959\n|switch|p1a: Blissey|Blissey, F|44/100|[from] U-turn\n|move|p2a: Latios|Luster Purge|p1a: Blissey\n|-damage|p1a: Blissey|21/100\n|\n|upkeep\n|turn|7\n|\n|t:|1771218971\n|switch|p1a: Alomomola|Alomomola, F|100/100\n|move|p2a: Latios|Luster Purge|p1a: Alomomola\n|-damage|p1a: Alomomola|66/100\n|\n|upkeep\n|turn|8\n|\n|t:|1771218979\n|switch|p2a: Kingambit|Kingambit, M|100/100\n|move|p1a: Alomomola|Flip Turn|p2a: Kingambit\n|-damage|p2a: Kingambit|87/100\n|\n|t:|1771218985\n|switch|p1a: Iron Valiant|Iron Valiant|100/100|[from] Flip Turn\n|-enditem|p1a: Iron Valiant|Booster Energy\n|-activate|p1a: Iron Valiant|ability: Quark Drive|[fromitem]\n|-start|p1a: Iron Valiant|quarkdrivespe\n|\n|upkeep\n|turn|9\n|\n|t:|1771218989\n|-end|p2a: Kingambit|fallenundefined|[silent]\n|switch|p2a: Moltres|Moltres|100/100\n|move|p1a: Iron Valiant|Drain Punch|p2a: Moltres\n|-resisted|p2a: Moltres\n|-damage|p2a: Moltres|80/100\n|\n|upkeep\n|turn|10\n|\n|t:|1771218997\n|-end|p1a: Iron Valiant|Quark Drive|[silent]\n|switch|p1a: Blissey|Blissey, F|21/100\n|move|p2a: Moltres|Flamethrower|p1a: Blissey\n|-damage|p1a: Blissey|7/100\n|\n|upkeep\n|turn|11\n|\n|t:|1771219001\n|move|p2a: Moltres|Flamethrower|p1a: Blissey\n|-damage|p1a: Blissey|0 fnt\n|faint|p1a: Blissey\n|\n|upkeep\n|\n|t:|1771219004\n|switch|p1a: Gyarados|Gyarados, M|100/100\n|-ability|p1a: Gyarados|Intimidate|boost\n|-unboost|p2a: Moltres|atk|1\n|turn|12\n|\n|t:|1771219010\n|move|p1a: Gyarados|Dragon Dance|p1a: Gyarados\n|-boost|p1a: Gyarados|atk|1\n|-boost|p1a: Gyarados|spe|1\n|move|p2a: Moltres|Toxic|p1a: Gyarados|[miss]\n|-miss|p2a: Moltres|p1a: Gyarados\n|\n|upkeep\n|turn|13\n|\n|t:|1771219014\n|move|p1a: Gyarados|Substitute|p1a: Gyarados\n|-start|p1a: Gyarados|Substitute\n|-damage|p1a: Gyarados|76/100\n|move|p2a: Moltres|Toxic||[still]\n|-fail|p2a: Moltres\n|\n|upkeep\n|turn|14\n|\n|t:|1771219021\n|move|p1a: Gyarados|Dragon Dance|p1a: Gyarados\n|-boost|p1a: Gyarados|atk|1\n|-boost|p1a: Gyarados|spe|1\n|move|p2a: Moltres|Flamethrower|p1a: Gyarados\n|-resisted|p1a: Gyarados\n|-activate|p1a: Gyarados|move: Substitute|[damage]\n|\n|upkeep\n|turn|15\n|\n|t:|1771219027\n|move|p1a: Gyarados|Dragon Dance|p1a: Gyarados\n|-boost|p1a: Gyarados|atk|1\n|-boost|p1a: Gyarados|spe|1\n|move|p2a: Moltres|Flamethrower|p1a: Gyarados\n|-resisted|p1a: Gyarados\n|-end|p1a: Gyarados|Substitute\n|\n|upkeep\n|turn|16\n|\n|t:|1771219029\n|move|p1a: Gyarados|Substitute|p1a: Gyarados\n|-start|p1a: Gyarados|Substitute\n|-damage|p1a: Gyarados|51/100\n|move|p2a: Moltres|U-turn|p1a: Gyarados\n|-resisted|p1a: Gyarados\n|-activate|p1a: Gyarados|move: Substitute|[damage]\n|\n|t:|1771219035\n|switch|p2a: Kingambit|Kingambit, M|87/100|[from] U-turn\n|\n|upkeep\n|turn|17\n|\n|t:|1771219038\n|detailschange|p1a: Gyarados|Gyarados-Mega, M\n|-mega|p1a: Gyarados|Gyarados|Gyaradosite\n|-ability|p1a: Gyarados|Mold Breaker\n|move|p1a: Gyarados|Waterfall|p2a: Kingambit\n|-damage|p2a: Kingambit|0 fnt\n|faint|p2a: Kingambit\n|-end|p2a: Kingambit|fallenundefined|[silent]\n|\n|upkeep\n|\n|t:|1771219044\n|switch|p2a: Weezing|Weezing-Galar, F|100/100\n|-ability|p2a: Weezing|Neutralizing Gas\n|turn|18\n|\n|t:|1771219048\n|move|p1a: Gyarados|Waterfall|p2a: Weezing\n|-crit|p2a: Weezing\n|-damage|p2a: Weezing|0 fnt\n|faint|p2a: Weezing\n|-end|p2a: Weezing|ability: Neutralizing Gas\n|-ability|p1a: Gyarados|Mold Breaker\n|\n|upkeep\n|\n|t:|1771219051\n|switch|p2a: Moltres|Moltres|80/100\n|turn|19\n|\n|t:|1771219055\n|move|p1a: Gyarados|Waterfall|p2a: Moltres\n|-supereffective|p2a: Moltres\n|-damage|p2a: Moltres|0 fnt\n|-status|p1a: Gyarados|brn|[from] ability: Flame Body|[of] p2a: Moltres\n|faint|p2a: Moltres\n|\n|-damage|p1a: Gyarados|44/100 brn|[from] brn\n|upkeep\n|\n|t:|1771219060\n|switch|p2a: Ferrothorn|Ferrothorn, F|94/100\n|turn|20\n|\n|t:|1771219064\n|move|p1a: Gyarados|Substitute|p1a: Gyarados\n|-fail|p1a: Gyarados|move: Substitute\n|move|p2a: Ferrothorn|Power Whip|p1a: Gyarados\n|-supereffective|p1a: Gyarados\n|-end|p1a: Gyarados|Substitute\n|\n|-heal|p2a: Ferrothorn|99/100|[from] item: Leftovers\n|-damage|p1a: Gyarados|38/100 brn|[from] brn\n|upkeep\n|turn|21\n|\n|t:|1771219070\n|move|p1a: Gyarados|Crunch|p2a: Ferrothorn\n|-damage|p2a: Ferrothorn|65/100\n|-damage|p1a: Gyarados|26/100 brn|[from] ability: Iron Barbs|[of] p2a: Ferrothorn\n|move|p2a: Ferrothorn|Power Whip|p1a: Gyarados\n|-supereffective|p1a: Gyarados\n|-damage|p1a: Gyarados|0 fnt\n|faint|p1a: Gyarados\n|detailschange|p1: Gyarados|Gyarados, M|[silent]\n|\n|-heal|p2a: Ferrothorn|71/100|[from] item: Leftovers\n|upkeep\n|\n|t:|1771219077\n|switch|p1a: Iron Valiant|Iron Valiant|100/100\n|turn|22\n|\n|t:|1771219081\n|move|p1a: Iron Valiant|Swords Dance|p1a: Iron Valiant\n|-boost|p1a: Iron Valiant|atk|2\n|move|p2a: Ferrothorn|Power Whip|p1a: Iron Valiant\n|-damage|p1a: Iron Valiant|48/100\n|\n|-heal|p2a: Ferrothorn|77/100|[from] item: Leftovers\n|upkeep\n|turn|23\n|\n|t:|1771219087\n|move|p1a: Iron Valiant|Drain Punch|p2a: Ferrothorn\n|-supereffective|p2a: Ferrothorn\n|-damage|p2a: Ferrothorn|0 fnt\n|-heal|p1a: Iron Valiant|95/100|[from] drain|[of] p2a: Ferrothorn\n|-damage|p1a: Iron Valiant|82/100|[from] ability: Iron Barbs|[of] p2a: Ferrothorn\n|faint|p2a: Ferrothorn\n|\n|upkeep\n|\n|t:|1771219089\n|switch|p2a: Zamazenta|Zamazenta|100/100\n|-ability|p2a: Zamazenta|Dauntless Shield|boost\n|-boost|p2a: Zamazenta|def|1\n|turn|24\n|\n|t:|1771219091\n|move|p2a: Zamazenta|Heavy Slam|p1a: Iron Valiant\n|-supereffective|p1a: Iron Valiant\n|-damage|p1a: Iron Valiant|0 fnt\n|faint|p1a: Iron Valiant\n|-end|p1a: Iron Valiant|Quark Drive|[silent]\n|\n|upkeep\n|\n|t:|1771219096\n|switch|p1a: Tornadus|Tornadus-Therian, M|100/100\n|turn|25\n|\n|t:|1771219098\n|switch|p2a: Latios|Latios-Mega, M|66/100\n|move|p1a: Tornadus|Toxic|p2a: Latios\n|-status|p2a: Latios|tox\n|\n|-damage|p2a: Latios|60/100 tox|[from] psn\n|upkeep\n|turn|26\n|\n|t:|1771219113\n|move|p1a: Tornadus|U-turn|p2a: Latios\n|-supereffective|p2a: Latios\n|-damage|p2a: Latios|25/100 tox\n|\n|t:|1771219117\n|switch|p1a: Alomomola|Alomomola, F|99/100|[from] U-turn\n|move|p2a: Latios|Recover|p2a: Latios\n|-heal|p2a: Latios|75/100 tox\n|\n|-damage|p2a: Latios|63/100 tox|[from] psn\n|upkeep\n|turn|27\n|\n|t:|1771219123\n|move|p2a: Latios|Luster Purge|p1a: Alomomola\n|-damage|p1a: Alomomola|65/100\n|move|p1a: Alomomola|Flip Turn|p2a: Latios\n|-resisted|p2a: Latios\n|-damage|p2a: Latios|54/100 tox\n|\n|t:|1771219126\n|switch|p1a: Tornadus|Tornadus-Therian, M|100/100|[from] Flip Turn\n|\n|-damage|p2a: Latios|36/100 tox|[from] psn\n|upkeep\n|turn|28\n|\n|t:|1771219130\n|move|p1a: Tornadus|U-turn|p2a: Latios\n|-supereffective|p2a: Latios\n|-damage|p2a: Latios|0 fnt\n|faint|p2a: Latios\n|detailschange|p2: Latios|Latios, M|[silent]\n|\n|t:|1771219137\n|switch|p1a: Ogerpon|Ogerpon-Wellspring, F|100/100|[from] U-turn\n|\n|upkeep\n|\n|t:|1771219139\n|switch|p2a: Zamazenta|Zamazenta|100/100\n|turn|29\n|\n|t:|1771219141\n|move|p2a: Zamazenta|Close Combat|p1a: Ogerpon\n|-damage|p1a: Ogerpon|0 fnt\n|-unboost|p2a: Zamazenta|def|1\n|-unboost|p2a: Zamazenta|spd|1\n|faint|p1a: Ogerpon\n|\n|upkeep\n|\n|t:|1771219148\n|switch|p1a: Tornadus|Tornadus-Therian, M|100/100\n|turn|30\n|\n|t:|1771219151\n|move|p2a: Zamazenta|Close Combat|p1a: Tornadus\n|-resisted|p1a: Tornadus\n|-crit|p1a: Tornadus\n|-damage|p1a: Tornadus|24/100\n|-unboost|p2a: Zamazenta|def|1\n|-unboost|p2a: Zamazenta|spd|1\n|move|p1a: Tornadus|Toxic|p2a: Zamazenta\n|-status|p2a: Zamazenta|tox\n|\n|-damage|p2a: Zamazenta|94/100 tox|[from] psn\n|upkeep\n|turn|31\n|\n|t:|1771219157\n|switch|p1a: Alomomola|Alomomola, F|98/100\n|move|p2a: Zamazenta|Close Combat|p1a: Alomomola\n|-damage|p1a: Alomomola|40/100\n|-unboost|p2a: Zamazenta|def|1\n|-unboost|p2a: Zamazenta|spd|1\n|\n|-damage|p2a: Zamazenta|82/100 tox|[from] psn\n|upkeep\n|turn|32\n|\n|t:|1771219166\n|switch|p1a: Tornadus|Tornadus-Therian, M|58/100\n|move|p2a: Zamazenta|Close Combat|p1a: Tornadus\n|-resisted|p1a: Tornadus\n|-crit|p1a: Tornadus\n|-damage|p1a: Tornadus|0 fnt\n|-unboost|p2a: Zamazenta|def|1\n|-unboost|p2a: Zamazenta|spd|1\n|faint|p1a: Tornadus\n|\n|-damage|p2a: Zamazenta|64/100 tox|[from] psn\n|upkeep\n|\n|t:|1771219170\n|switch|p1a: Alomomola|Alomomola, F|74/100\n|turn|33\n|\n|t:|1771219173\n|move|p1a: Alomomola|Aqua Jet|p2a: Zamazenta\n|-damage|p2a: Zamazenta|30/100 tox\n|move|p2a: Zamazenta|Close Combat|p1a: Alomomola\n|-crit|p1a: Alomomola\n|-damage|p1a: Alomomola|0 fnt\n|-unboost|p2a: Zamazenta|def|1\n|-unboost|p2a: Zamazenta|spd|1\n|faint|p1a: Alomomola\n|\n|win|sdaDAC\n|raw|fosts's rating: 1636 &rarr; <strong>1609</strong><br />(-27 for losing)\n|raw|sdaDAC's rating: 1506 &rarr; <strong>1533</strong><br />(+27 for winning)\n|c|☆fosts|bro\n|c|☆fosts|3 crits\n|j| Theworldhasseen\n|l|☆fosts\n|player|p1|\n|l|☆sdaDAC\n|player|p2|\n|j|☆sdaDAC\n|player|p2|sdaDAC|169|\n|l| Theworldhasseen\n|l|☆sdaDAC\n|player|p2|\n", "uploadtime": 1771219278, "views": 7, "formatid": "gen9nationaldex", "rating": 1533, "private": 0, "password": null}