{"id": "gen9nationaldex-2540573648", "format": "[Gen 9] National Dex", "players": ["frost12080000", "as666777软萌天下"], "log": "|j|☆frost12080000\n|j|☆as666777软萌天下\n|t:|1771220221\n|gametype|singles\n|player|p1|frost12080000|burglar|1528\n|player|p2|as666777软萌天下|elesa|1486\n|gen|9\n|tier|[Gen 9] National Dex\n|rated|\n|rule|HP Percentage Mod: HP is shown in percentages\n|rule|Endless Battle Clause: Forcing endless battles is banned\n|rule|Species Clause: Limit one of each Pokémon\n|rule|OHKO Clause: OHKO moves are banned\n|rule|Evasion Clause: Evasion abilities, items, and moves are banned\n|rule|Evasion Abilities Clause: Evasion abilities are banned\n|rule|Evasion Items Clause: Evasion items are banned\n|rule|Evasion Moves Clause: Evasion moves are banned\n|rule|Sleep Clause Mod: Limit one foe put to sleep\n|rule|Terastal Clause: You cannot Terastallize\n|clearpoke\n|poke|p1|Chansey, F|\n|poke|p1|Tapu Fini|\n|poke|p1|Zapdos|\n|poke|p1|Urshifu-*, M|\n|poke|p1|Charizard, F|\n|poke|p1|Ogerpon-Cornerstone, F|\n|poke|p2|Ogerpon-Wellspring, F|\n|poke|p2|Dragonite, F|\n|poke|p2|Hatterene, F|\n|poke|p2|Volcarona, M|\n|poke|p2|Diancie|\n|poke|p2|Landorus-Therian, M|\n|teampreview\n|inactive|Battle timer is ON: inactive players will automatically lose when time's up. (requested by as666777软萌天下)\n|\n|t:|1771220231\n|teamsize|p1|6\n|teamsize|p2|6\n|start\n|switch|p1a: Urshifu|Urshifu-Rapid-Strike, M|100/100\n|switch|p2a: #GoonRoundtable|Diancie|100/100\n|turn|1\n|\n|t:|1771220240\n|move|p1a: Urshifu|U-turn|p2a: #GoonRoundtable\n|-resisted|p2a: #GoonRoundtable\n|-damage|p2a: #GoonRoundtable|91/100\n|\n|t:|1771220245\n|switch|p1a: Ogerpon|Ogerpon-Cornerstone, F|100/100|[from] U-turn\n|move|p2a: #GoonRoundtable|Substitute|p2a: #GoonRoundtable\n|-start|p2a: #GoonRoundtable|Substitute\n|-damage|p2a: #GoonRoundtable|66/100\n|\n|upkeep\n|turn|2\n|\n|t:|1771220257\n|move|p1a: Ogerpon|Horn Leech|p2a: #GoonRoundtable\n|-supereffective|p2a: #GoonRoundtable\n|-end|p2a: #GoonRoundtable|Substitute\n|move|p2a: #GoonRoundtable|Spikes|p1a: Ogerpon\n|-sidestart|p1: frost12080000|Spikes\n|\n|upkeep\n|turn|3\n|\n|t:|1771220274\n|detailschange|p2a: #GoonRoundtable|Diancie-Mega\n|-mega|p2a: #GoonRoundtable|Diancie|Diancite\n|move|p1a: Ogerpon|Swords Dance|p1a: Ogerpon\n|-boost|p1a: Ogerpon|atk|2\n|move|p2a: #GoonRoundtable|Moonblast|p1a: Ogerpon\n|-damage|p1a: Ogerpon|41/100\n|\n|upkeep\n|turn|4\n|\n|t:|1771220281\n|move|p2a: #GoonRoundtable|Moonblast|p1a: Ogerpon\n|-damage|p1a: Ogerpon|0 fnt\n|faint|p1a: Ogerpon\n|\n|upkeep\n|\n|t:|1771220290\n|switch|p1a: Urshifu|Urshifu-Rapid-Strike, M|100/100\n|-damage|p1a: Urshifu|88/100|[from] Spikes\n|turn|5\n|\n|t:|1771220294\n|switch|p2a: HeDontHaveInternet|Ogerpon-Wellspring, F|100/100\n|move|p1a: Urshifu|Surging Strikes|p2a: HeDontHaveInternet\n|-immune|p2a: HeDontHaveInternet|[from] ability: Water Absorb\n|\n|upkeep\n|turn|6\n|\n|t:|1771220299\n|switch|p1a: Charizard|Charizard, F, shiny|100/100\n|move|p2a: HeDontHaveInternet|Swords Dance|p2a: HeDontHaveInternet\n|-boost|p2a: HeDontHaveInternet|atk|2\n|\n|upkeep\n|turn|7\n|\n|t:|1771220304\n|switch|p1a: Zapdos|Zapdos|100/100\n|move|p2a: HeDontHaveInternet|Ivy Cudgel|p1a: Zapdos|[anim] Ivy Cudgel Water\n|-crit|p1a: Zapdos\n|-damage|p1a: Zapdos|0 fnt\n|faint|p1a: Zapdos\n|\n|upkeep\n|\n|t:|1771220306\n|switch|p1a: Urshifu|Urshifu-Rapid-Strike, M|88/100\n|-damage|p1a: Urshifu|76/100|[from] Spikes\n|turn|8\n|\n|t:|1771220312\n|move|p1a: Urshifu|Close Combat|p2a: HeDontHaveInternet\n|-damage|p2a: HeDontHaveInternet|23/100\n|-unboost|p1a: Urshifu|def|1\n|-unboost|p1a: Urshifu|spd|1\n|move|p2a: HeDontHaveInternet|Ivy Cudgel|p1a: Urshifu|[anim] Ivy Cudgel Water\n|-resisted|p1a: Urshifu\n|-damage|p1a: Urshifu|0 fnt\n|faint|p1a: Urshifu\n|\n|upkeep\n|-message|frost12080000 forfeited.\n|\n|win|as666777软萌天下\n|raw|frost12080000's rating: 1528 &rarr; <strong>1506</strong><br />(-22 for losing)\n|raw|as666777软萌天下's rating: 1486 &rarr; <strong>1508</strong><br />(+22 for winning)\n|l|☆frost12080000\n|player|p1|\n|l|☆as666777软萌天下\n|player|p2|\n", "uploadtime": 1771220622, "views": 6, "formatid": "gen9nationaldex", "rating": 1506, "private": 0, "password": null}