{"id": "gen9nationaldex-2540761068", "format": "[Gen 9] National Dex", "players": ["AyyOmega", "hzozv"], "log": "|j|☆AyyOmega\n|j|☆hzozv\n|t:|1771250954\n|gametype|singles\n|player|p1|AyyOmega|102|1608\n|player|p2|hzozv|unknown|1639\n|gen|9\n|tier|[Gen 9] National Dex\n|rated|\n|rule|HP Percentage Mod: HP is shown in percentages\n|rule|Endless Battle Clause: Forcing endless battles is banned\n|rule|Species Clause: Limit one of each Pokémon\n|rule|OHKO Clause: OHKO moves are banned\n|rule|Evasion Clause: Evasion abilities, items, and moves are banned\n|rule|Evasion Abilities Clause: Evasion abilities are banned\n|rule|Evasion Items Clause: Evasion items are banned\n|rule|Evasion Moves Clause: Evasion moves are banned\n|rule|Sleep Clause Mod: Limit one foe put to sleep\n|rule|Terastal Clause: You cannot Terastallize\n|clearpoke\n|poke|p1|Tapu Koko|\n|poke|p1|Iron Valiant|\n|poke|p1|Tyranitar, M|\n|poke|p1|Zapdos|\n|poke|p1|Alomomola, F|\n|poke|p1|Garchomp, F|\n|poke|p2|Slowking-Galar, M|\n|poke|p2|Mabosstiff, F|\n|poke|p2|Latios, M|\n|poke|p2|Gholdengo|\n|poke|p2|Landorus-Therian, M|\n|poke|p2|Alomomola, L99, M|\n|teampreview\n|inactive|Battle timer is ON: inactive players will automatically lose when time's up. (requested by hzozv)\n|\n|t:|1771250968\n|teamsize|p1|6\n|teamsize|p2|6\n|start\n|switch|p1a: Garchomp|Garchomp, F|100/100\n|switch|p2a: Alomomola|Alomomola, L99, M|100/100\n|turn|1\n|\n|t:|1771250972\n|move|p1a: Garchomp|Toxic|p2a: Alomomola\n|-status|p2a: Alomomola|tox\n|move|p2a: Alomomola|Toxic|p1a: Garchomp\n|-status|p1a: Garchomp|tox\n|\n|-damage|p1a: Garchomp|94/100 tox|[from] psn\n|-damage|p2a: Alomomola|94/100 tox|[from] psn\n|upkeep\n|turn|2\n|\n|t:|1771250978\n|move|p1a: Garchomp|Stealth Rock|p2a: Alomomola\n|-sidestart|p2: hzozv|move: Stealth Rock\n|move|p2a: Alomomola|Wish|p2a: Alomomola\n|\n|-damage|p1a: Garchomp|82/100 tox|[from] psn\n|-damage|p2a: Alomomola|82/100 tox|[from] psn\n|upkeep\n|turn|3\n|\n|t:|1771250982\n|move|p2a: Alomomola|Flip Turn|p1a: Garchomp\n|-damage|p1a: Garchomp|68/100 tox\n|-damage|p2a: Alomomola|70/100 tox|[from] ability: Rough Skin|[of] p1a: Garchomp\n|-damage|p2a: Alomomola|53/100 tox|[from] item: Rocky Helmet|[of] p1a: Garchomp\n|\n|t:|1771250989\n|switch|p2a: Slowking|Slowking-Galar, M|100/100|[from] Flip Turn\n|move|p1a: Garchomp|Dragon Tail|p2a: Slowking\n|-damage|p2a: Slowking|74/100\n|drag|p2a: Landorus|Landorus-Therian, M|100/100\n|-damage|p2a: Landorus|88/100|[from] Stealth Rock\n|-ability|p2a: Landorus|Intimidate|boost\n|-unboost|p1a: Garchomp|atk|1\n|\n|-heal|p2a: Landorus|100/100|[from] move: Wish|[wisher] Alomomola\n|-damage|p1a: Garchomp|49/100 tox|[from] psn\n|upkeep\n|turn|4\n|\n|t:|1771251004\n|move|p2a: Landorus|Stealth Rock|p1a: Garchomp\n|-sidestart|p1: AyyOmega|move: Stealth Rock\n|move|p1a: Garchomp|Toxic|p2a: Landorus\n|-status|p2a: Landorus|tox\n|\n|-damage|p2a: Landorus|94/100 tox|[from] psn\n|-damage|p1a: Garchomp|24/100 tox|[from] psn\n|upkeep\n|turn|5\n|\n|t:|1771251008\n|switch|p1a: Alomomola|Alomomola, F|100/100\n|-damage|p1a: Alomomola|88/100|[from] Stealth Rock\n|move|p2a: Landorus|Knock Off|p1a: Alomomola\n|-damage|p1a: Alomomola|68/100\n|-enditem|p1a: Alomomola|Assault Vest|[from] move: Knock Off|[of] p2a: Landorus\n|\n|-damage|p2a: Landorus|82/100 tox|[from] psn\n|upkeep\n|turn|6\n|\n|t:|1771251031\n|switch|p2a: Gholdengo|Gholdengo|100/100\n|-damage|p2a: Gholdengo|94/100|[from] Stealth Rock\n|move|p1a: Alomomola|Flip Turn|p2a: Gholdengo\n|-damage|p2a: Gholdengo|75/100\n|\n|t:|1771251037\n|switch|p1a: Tyranitar|Tyranitar, M|100/100|[from] Flip Turn\n|-damage|p1a: Tyranitar|88/100|[from] Stealth Rock\n|-weather|Sandstorm|[from] ability: Sand Stream|[of] p1a: Tyranitar\n|\n|-weather|Sandstorm|[upkeep]\n|upkeep\n|turn|7\n|\n|t:|1771251047\n|detailschange|p1a: Tyranitar|Tyranitar-Mega, M\n|-mega|p1a: Tyranitar|Tyranitar|Tyranitarite\n|move|p2a: Gholdengo|Focus Blast|p1a: Tyranitar|[miss]\n|-miss|p2a: Gholdengo|p1a: Tyranitar\n|move|p1a: Tyranitar|Pursuit|p2a: Gholdengo\n|-supereffective|p2a: Gholdengo\n|-damage|p2a: Gholdengo|13/100\n|\n|-weather|Sandstorm|[upkeep]\n|upkeep\n|turn|8\n|\n|t:|1771251060\n|switch|p2a: Alomomola|Alomomola, L99, M|86/100 tox\n|-damage|p2a: Alomomola|74/100 tox|[from] Stealth Rock\n|switch|p1a: Alomomola|Alomomola, F|100/100\n|-damage|p1a: Alomomola|88/100|[from] Stealth Rock\n|\n|-weather|Sandstorm|[upkeep]\n|-damage|p1a: Alomomola|82/100|[from] Sandstorm\n|-damage|p2a: Alomomola|68/100 tox|[from] Sandstorm\n|-damage|p2a: Alomomola|61/100 tox|[from] psn\n|upkeep\n|turn|9\n|\n|t:|1771251066\n|move|p1a: Alomomola|Flip Turn|p2a: Alomomola\n|-resisted|p2a: Alomomola\n|-damage|p2a: Alomomola|57/100 tox\n|-damage|p1a: Alomomola|65/100|[from] item: Rocky Helmet|[of] p2a: Alomomola\n|\n|t:|1771251069\n|switch|p1a: Tapu Koko|Tapu Koko|100/100|[from] Flip Turn\n|-damage|p1a: Tapu Koko|88/100|[from] Stealth Rock\n|-fieldstart|move: Electric Terrain|[from] ability: Electric Surge|[of] p1a: Tapu Koko\n|move|p2a: Alomomola|Wish|p2a: Alomomola\n|\n|-weather|Sandstorm|[upkeep]\n|-damage|p1a: Tapu Koko|82/100|[from] Sandstorm\n|-damage|p2a: Alomomola|50/100 tox|[from] Sandstorm\n|-damage|p2a: Alomomola|38/100 tox|[from] psn\n|upkeep\n|turn|10\n|\n|t:|1771251084\n|switch|p2a: Latios|Latios, M|100/100\n|-damage|p2a: Latios|88/100|[from] Stealth Rock\n|move|p1a: Tapu Koko|Hidden Power|p2a: Latios\n|-supereffective|p2a: Latios\n|-damage|p2a: Latios|52/100\n|\n|-weather|none\n|-heal|p2a: Latios|100/100|[from] move: Wish|[wisher] Alomomola\n|upkeep\n|turn|11\n|\n|t:|1771251093\n|detailschange|p2a: Latios|Latios-Mega, M\n|-mega|p2a: Latios|Latios|Latiosite\n|move|p1a: Tapu Koko|U-turn|p2a: Latios\n|-supereffective|p2a: Latios\n|-damage|p2a: Latios|60/100\n|\n|t:|1771251097\n|switch|p1a: Alomomola|Alomomola, F|99/100|[from] U-turn\n|-damage|p1a: Alomomola|86/100|[from] Stealth Rock\n|move|p2a: Latios|Draco Meteor|p1a: Alomomola\n|-damage|p1a: Alomomola|18/100\n|-unboost|p2a: Latios|spa|2\n|\n|upkeep\n|turn|12\n|\n|t:|1771251116\n|switch|p2a: Mabosstiff|Mabosstiff, F|100/100\n|-damage|p2a: Mabosstiff|88/100|[from] Stealth Rock\n|switch|p1a: Tyranitar|Tyranitar-Mega, M|88/100\n|-damage|p1a: Tyranitar|76/100|[from] Stealth Rock\n|-weather|Sandstorm|[from] ability: Sand Stream|[of] p1a: Tyranitar\n|\n|-weather|Sandstorm|[upkeep]\n|-damage|p2a: Mabosstiff|82/100|[from] Sandstorm\n|upkeep\n|turn|13\n|\n|t:|1771251126\n|move|p2a: Mabosstiff|Play Rough|p1a: Tyranitar\n|-supereffective|p1a: Tyranitar\n|-damage|p1a: Tyranitar|19/100\n|move|p1a: Tyranitar|Low Kick|p2a: Mabosstiff\n|-supereffective|p2a: Mabosstiff\n|-damage|p2a: Mabosstiff|0 fnt\n|faint|p2a: Mabosstiff\n|\n|-weather|Sandstorm|[upkeep]\n|-fieldend|move: Electric Terrain\n|upkeep\n|\n|t:|1771251138\n|switch|p2a: Landorus|Landorus-Therian, M|82/100 tox\n|-damage|p2a: Landorus|70/100 tox|[from] Stealth Rock\n|-ability|p2a: Landorus|Intimidate|boost\n|-unboost|p1a: Tyranitar|atk|1\n|turn|14\n|\n|t:|1771251141\n|switch|p1a: Zapdos|Zapdos|100/100\n|move|p2a: Landorus|Earthquake|p1a: Zapdos\n|-immune|p1a: Zapdos\n|\n|-weather|Sandstorm|[upkeep]\n|-damage|p1a: Zapdos|94/100|[from] Sandstorm\n|-damage|p2a: Landorus|64/100 tox|[from] psn\n|upkeep\n|turn|15\n|\n|t:|1771251153\n|move|p2a: Landorus|Knock Off|p1a: Zapdos\n|-damage|p1a: Zapdos|70/100\n|-enditem|p1a: Zapdos|Heavy-Duty Boots|[from] move: Knock Off|[of] p2a: Landorus\n|move|p1a: Zapdos|Defog|p2a: Landorus\n|-unboost|p2a: Landorus|evasion|1\n|-sideend|p2: hzozv|Stealth Rock|[from] move: Defog|[of] p1a: Zapdos\n|-sideend|p1: AyyOmega|Stealth Rock|[from] move: Defog|[of] p1a: Zapdos\n|\n|-weather|Sandstorm|[upkeep]\n|-damage|p1a: Zapdos|64/100|[from] Sandstorm\n|-damage|p2a: Landorus|52/100 tox|[from] psn\n|upkeep\n|turn|16\n|\n|t:|1771251165\n|switch|p2a: Latios|Latios-Mega, M|60/100\n|move|p1a: Zapdos|Roost|p1a: Zapdos\n|-heal|p1a: Zapdos|100/100\n|-singleturn|p1a: Zapdos|move: Roost\n|\n|-weather|none\n|upkeep\n|turn|17\n|\n|t:|1771251169\n|move|p2a: Latios|Roost|p2a: Latios\n|-heal|p2a: Latios|100/100\n|-singleturn|p2a: Latios|move: Roost\n|move|p1a: Zapdos|Volt Switch|p2a: Latios\n|-resisted|p2a: Latios\n|-damage|p2a: Latios|86/100\n|\n|t:|1771251182\n|switch|p1a: Iron Valiant|Iron Valiant|100/100|[from] Volt Switch\n|\n|upkeep\n|turn|18\n|\n|t:|1771251190\n|-end|p1a: Iron Valiant|Quark Drive|[silent]\n|switch|p1a: Tyranitar|Tyranitar-Mega, M|19/100\n|-weather|Sandstorm|[from] ability: Sand Stream|[of] p1a: Tyranitar\n|move|p2a: Latios|Luster Purge|p1a: Tyranitar\n|-immune|p1a: Tyranitar\n|\n|-weather|Sandstorm|[upkeep]\n|-damage|p2a: Latios|80/100|[from] Sandstorm\n|upkeep\n|turn|19\n|\n|t:|1771251203\n|switch|p2a: Alomomola|Alomomola, L99, M|71/100 tox\n|switch|p1a: Tapu Koko|Tapu Koko|82/100\n|-fieldstart|move: Electric Terrain|[from] ability: Electric Surge|[of] p1a: Tapu Koko\n|\n|-weather|Sandstorm|[upkeep]\n|-damage|p1a: Tapu Koko|76/100|[from] Sandstorm\n|-damage|p2a: Alomomola|65/100 tox|[from] Sandstorm\n|-damage|p2a: Alomomola|59/100 tox|[from] psn\n|upkeep\n|turn|20\n|\n|t:|1771251211\n|switch|p2a: Slowking|Slowking-Galar, M|100/100\n|move|p1a: Tapu Koko|U-turn|p2a: Slowking\n|-damage|p2a: Slowking|84/100\n|\n|t:|1771251218\n|switch|p1a: Tyranitar|Tyranitar-Mega, M|19/100|[from] U-turn\n|\n|-weather|Sandstorm|[upkeep]\n|-damage|p2a: Slowking|78/100|[from] Sandstorm\n|upkeep\n|turn|21\n|\n|t:|1771251224\n|move|p1a: Tyranitar|Knock Off|p2a: Slowking\n|-supereffective|p2a: Slowking\n|-damage|p2a: Slowking|0 fnt\n|-enditem|p2a: Slowking|Heavy-Duty Boots|[from] move: Knock Off|[of] p1a: Tyranitar\n|faint|p2a: Slowking\n|\n|-weather|Sandstorm|[upkeep]\n|upkeep\n|\n|t:|1771251227\n|switch|p2a: Landorus|Landorus-Therian, M|52/100 tox\n|-ability|p2a: Landorus|Intimidate|boost\n|-unboost|p1a: Tyranitar|atk|1\n|turn|22\n|\n|t:|1771251231\n|switch|p1a: Zapdos|Zapdos|100/100\n|move|p2a: Landorus|Stealth Rock|p1a: Zapdos\n|-sidestart|p1: AyyOmega|move: Stealth Rock\n|\n|-weather|none\n|-damage|p2a: Landorus|46/100 tox|[from] psn\n|upkeep\n|turn|23\n|\n|t:|1771251237\n|switch|p2a: Gholdengo|Gholdengo|13/100\n|move|p1a: Zapdos|Defog|p2a: Gholdengo\n|-immune|p2a: Gholdengo|[from] ability: Good as Gold\n|\n|-fieldend|move: Electric Terrain\n|upkeep\n|turn|24\n|\n|t:|1771251247\n|switch|p2a: Latios|Latios-Mega, M|80/100\n|move|p1a: Zapdos|Volt Switch|p2a: Latios\n|-resisted|p2a: Latios\n|-damage|p2a: Latios|67/100\n|\n|t:|1771251263\n|switch|p1a: Tapu Koko|Tapu Koko|76/100|[from] Volt Switch\n|-damage|p1a: Tapu Koko|63/100|[from] Stealth Rock\n|-fieldstart|move: Electric Terrain|[from] ability: Electric Surge|[of] p1a: Tapu Koko\n|\n|upkeep\n|turn|25\n|\n|t:|1771251269\n|move|p1a: Tapu Koko|U-turn|p2a: Latios\n|-supereffective|p2a: Latios\n|-damage|p2a: Latios|31/100\n|\n|t:|1771251271\n|switch|p1a: Tyranitar|Tyranitar-Mega, M|19/100|[from] U-turn\n|-damage|p1a: Tyranitar|6/100|[from] Stealth Rock\n|-weather|Sandstorm|[from] ability: Sand Stream|[of] p1a: Tyranitar\n|move|p2a: Latios|Luster Purge|p1a: Tyranitar\n|-immune|p1a: Tyranitar\n|\n|-weather|Sandstorm|[upkeep]\n|-damage|p2a: Latios|25/100|[from] Sandstorm\n|upkeep\n|turn|26\n|\n|t:|1771251275\n|move|p2a: Latios|Mystical Fire|p1a: Tyranitar\n|-resisted|p1a: Tyranitar\n|-damage|p1a: Tyranitar|0 fnt\n|faint|p1a: Tyranitar\n|detailschange|p1: Tyranitar|Tyranitar, M|[silent]\n|\n|-weather|Sandstorm|[upkeep]\n|-damage|p2a: Latios|19/100|[from] Sandstorm\n|upkeep\n|\n|t:|1771251283\n|switch|p1a: Tapu Koko|Tapu Koko|63/100\n|-damage|p1a: Tapu Koko|51/100|[from] Stealth Rock\n|turn|27\n|\n|t:|1771251299\n|switch|p2a: Alomomola|Alomomola, L99, M|92/100 tox\n|move|p1a: Tapu Koko|U-turn|p2a: Alomomola\n|-damage|p2a: Alomomola|82/100 tox\n|-damage|p1a: Tapu Koko|35/100|[from] item: Rocky Helmet|[of] p2a: Alomomola\n|\n|t:|1771251306\n|switch|p1a: Iron Valiant|Iron Valiant|100/100|[from] U-turn\n|-damage|p1a: Iron Valiant|94/100|[from] Stealth Rock\n|-activate|p1a: Iron Valiant|ability: Quark Drive\n|-start|p1a: Iron Valiant|quarkdrivespa\n|\n|-weather|Sandstorm|[upkeep]\n|-damage|p1a: Iron Valiant|88/100|[from] Sandstorm\n|-damage|p2a: Alomomola|76/100 tox|[from] Sandstorm\n|-damage|p2a: Alomomola|70/100 tox|[from] psn\n|upkeep\n|turn|28\n|\n|t:|1771251316\n|switch|p2a: Landorus|Landorus-Therian, M|46/100 tox\n|-ability|p2a: Landorus|Intimidate|boost\n|-unboost|p1a: Iron Valiant|atk|1\n|move|p1a: Iron Valiant|Moonblast|p2a: Landorus\n|-damage|p2a: Landorus|0 fnt\n|faint|p2a: Landorus\n|\n|-weather|Sandstorm|[upkeep]\n|-damage|p1a: Iron Valiant|82/100|[from] Sandstorm\n|-fieldend|move: Electric Terrain\n|-end|p1a: Iron Valiant|Quark Drive\n|upkeep\n|\n|t:|1771251322\n|switch|p2a: Latios|Latios-Mega, M|19/100\n|turn|29\n|\n|t:|1771251328\n|move|p2a: Latios|Roost|p2a: Latios\n|-heal|p2a: Latios|70/100\n|-singleturn|p2a: Latios|move: Roost\n|move|p1a: Iron Valiant|Moonblast|p2a: Latios\n|-supereffective|p2a: Latios\n|-damage|p2a: Latios|0 fnt\n|faint|p2a: Latios\n|detailschange|p2: Latios|Latios, M|[silent]\n|\n|-weather|none\n|upkeep\n|-message|hzozv forfeited.\n|\n|win|AyyOmega\n|raw|AyyOmega's rating: 1608 &rarr; <strong>1630</strong><br />(+22 for winning)\n|raw|hzozv's rating: 1639 &rarr; <strong>1617</strong><br />(-22 for losing)\n|l|☆hzozv\n|player|p2|\n|c|☆AyyOmega|gg\n|l|☆AyyOmega\n|player|p1|\n", "uploadtime": 1771251478, "views": 3, "formatid": "gen9nationaldex", "rating": 1617, "private": 0, "password": null}