{"id": "gen9nationaldex-2540760564", "format": "[Gen 9] National Dex", "players": ["stowt", "adjudicate"], "log": "|j|☆stowt\n|j|☆adjudicate\n|t:|1771250895\n|gametype|singles\n|player|p1|stowt|266|1592\n|player|p2|adjudicate|linebacker|1627\n|gen|9\n|tier|[Gen 9] National Dex\n|rated|\n|rule|HP Percentage Mod: HP is shown in percentages\n|rule|Endless Battle Clause: Forcing endless battles is banned\n|rule|Species Clause: Limit one of each Pokémon\n|rule|OHKO Clause: OHKO moves are banned\n|rule|Evasion Clause: Evasion abilities, items, and moves are banned\n|rule|Evasion Abilities Clause: Evasion abilities are banned\n|rule|Evasion Items Clause: Evasion items are banned\n|rule|Evasion Moves Clause: Evasion moves are banned\n|rule|Sleep Clause Mod: Limit one foe put to sleep\n|rule|Terastal Clause: You cannot Terastallize\n|clearpoke\n|poke|p1|Slowbro-Galar, F|\n|poke|p1|Tapu Lele|\n|poke|p1|Zamazenta-*|\n|poke|p1|Ting-Lu|\n|poke|p1|Corsola-Galar, M|\n|poke|p1|Cinderace, M|\n|poke|p2|Zeraora|\n|poke|p2|Tapu Koko|\n|poke|p2|Raging Bolt|\n|poke|p2|Celesteela|\n|poke|p2|Venusaur, M|\n|poke|p2|Terapagos, M|\n|teampreview\n|inactive|Battle timer is ON: inactive players will automatically lose when time's up. (requested by adjudicate)\n|inactive|stowt also wants the timer to be on.\n|inactive|stowt has 120 seconds left.\n|\n|t:|1771250932\n|teamsize|p1|6\n|teamsize|p2|6\n|start\n|switch|p1a: Slowbro|Slowbro-Galar, F|100/100\n|switch|p2a: top zlave|Tapu Koko|100/100\n|-fieldstart|move: Electric Terrain|[from] ability: Electric Surge|[of] p2a: top zlave\n|turn|1\n|\n|t:|1771250942\n|move|p2a: top zlave|Volt Switch|p1a: Slowbro\n|-damage|p1a: Slowbro|39/100\n|\n|t:|1771250947\n|switch|p2a: celery slave|Celesteela|100/100|[from] Volt Switch\n|move|p1a: Slowbro|Scald|p2a: celery slave\n|-damage|p2a: celery slave|90/100\n|\n|upkeep\n|turn|2\n|\n|t:|1771250965\n|switch|p1a: Cinderace|Cinderace, M|100/100\n|move|p2a: celery slave|Air Slash|p1a: Cinderace\n|-damage|p1a: Cinderace|58/100\n|\n|upkeep\n|turn|3\n|\n|t:|1771250974\n|switch|p2a: rage zlave|Raging Bolt|100/100\n|move|p1a: Cinderace|Will-O-Wisp|p2a: rage zlave\n|-status|p2a: rage zlave|brn\n|\n|-damage|p2a: rage zlave|94/100 brn|[from] brn\n|upkeep\n|turn|4\n|\n|t:|1771250990\n|switch|p1a: Ting-Lu|Ting-Lu|100/100\n|-ability|p1a: Ting-Lu|Vessel of Ruin\n|move|p2a: rage zlave|Thunderclap||[still]\n|-fail|p2a: rage zlave\n|\n|-damage|p2a: rage zlave|88/100 brn|[from] brn\n|upkeep\n|turn|5\n|\n|t:|1771250993\n|switch|p1a: Tapu Lele|Tapu Lele, shiny|100/100\n|-fieldstart|move: Psychic Terrain|[from] ability: Psychic Surge|[of] p1a: Tapu Lele\n|-zpower|p2a: rage zlave\n|move|p2a: rage zlave|Devastating Drake|p1a: Tapu Lele|[zeffect]\n|-immune|p1a: Tapu Lele\n|\n|-damage|p2a: rage zlave|82/100 brn|[from] brn\n|upkeep\n|turn|6\n|\n|t:|1771250998\n|-end|p2a: rage zlave|Protosynthesis|[silent]\n|switch|p2a: celery slave|Celesteela|90/100\n|move|p1a: Tapu Lele|Moonblast|p2a: celery slave\n|-resisted|p2a: celery slave\n|-damage|p2a: celery slave|76/100\n|\n|upkeep\n|turn|7\n|\n|t:|1771251009\n|switch|p1a: Corsola|Corsola-Galar, M|100/100\n|move|p2a: celery slave|Earthquake|p1a: Corsola\n|-damage|p1a: Corsola|84/100\n|\n|upkeep\n|turn|8\n|\n|t:|1771251013\n|switch|p2a: rage zlave|Raging Bolt|82/100 brn\n|move|p1a: Corsola|Will-O-Wisp|p2a: rage zlave\n|-fail|p2a: rage zlave|brn\n|\n|-damage|p2a: rage zlave|76/100 brn|[from] brn\n|upkeep\n|turn|9\n|\n|t:|1771251019\n|move|p2a: rage zlave|Draco Meteor|p1a: Corsola\n|-damage|p1a: Corsola|46/100\n|-unboost|p2a: rage zlave|spa|2\n|move|p1a: Corsola|Whirlpool|p2a: rage zlave\n|-resisted|p2a: rage zlave\n|-damage|p2a: rage zlave|73/100 brn\n|-activate|p2a: rage zlave|move: Whirlpool|[of] p1a: Corsola\n|\n|-damage|p2a: rage zlave|67/100 brn|[from] brn\n|-damage|p2a: rage zlave|55/100 brn|[from] move: Whirlpool|[partiallytrapped]\n|-fieldend|move: Psychic Terrain\n|upkeep\n|turn|10\n|\n|t:|1771251023\n|move|p2a: rage zlave|Volt Switch|p1a: Corsola\n|-damage|p1a: Corsola|34/100\n|\n|t:|1771251030\n|-end|p2a: rage zlave|Protosynthesis|[silent]\n|switch|p2a: venus slav|Venusaur, M|100/100|[from] Volt Switch\n|move|p1a: Corsola|Strength Sap|p2a: venus slav\n|-unboost|p2a: venus slav|atk|1\n|-heal|p1a: Corsola|81/100\n|\n|upkeep\n|turn|11\n|\n|t:|1771251046\n|switch|p1a: Slowbro|Slowbro-Galar, F|73/100\n|detailschange|p2a: venus slav|Venusaur-Mega, M\n|-mega|p2a: venus slav|Venusaur|Venusaurite\n|move|p2a: venus slav|Sludge Bomb|p1a: Slowbro\n|-resisted|p1a: Slowbro\n|-damage|p1a: Slowbro|45/100\n|\n|upkeep\n|turn|12\n|\n|t:|1771251052\n|move|p2a: venus slav|Earth Power|p1a: Slowbro\n|-supereffective|p1a: Slowbro\n|-damage|p1a: Slowbro|0 fnt\n|faint|p1a: Slowbro\n|\n|upkeep\n|\n|t:|1771251058\n|switch|p1a: Cinderace|Cinderace, M|58/100\n|turn|13\n|\n|t:|1771251067\n|move|p1a: Cinderace|Pyro Ball|p2a: venus slav\n|-supereffective|p2a: venus slav\n|-damage|p2a: venus slav|57/100\n|move|p2a: venus slav|Sludge Bomb|p1a: Cinderace\n|-damage|p1a: Cinderace|0 fnt\n|faint|p1a: Cinderace\n|\n|upkeep\n|\n|t:|1771251080\n|switch|p1a: Tapu Lele|Tapu Lele, shiny|100/100\n|-fieldstart|move: Psychic Terrain|[from] ability: Psychic Surge|[of] p1a: Tapu Lele\n|turn|14\n|\n|t:|1771251086\n|switch|p2a: rage zlave|Raging Bolt|55/100 brn\n|move|p1a: Tapu Lele|Calm Mind|p1a: Tapu Lele\n|-boost|p1a: Tapu Lele|spa|1\n|-boost|p1a: Tapu Lele|spd|1\n|\n|-damage|p2a: rage zlave|49/100 brn|[from] brn\n|upkeep\n|turn|15\n|\n|t:|1771251094\n|move|p1a: Tapu Lele|Moonblast|p2a: rage zlave\n|-supereffective|p2a: rage zlave\n|-crit|p2a: rage zlave\n|-damage|p2a: rage zlave|0 fnt\n|faint|p2a: rage zlave\n|-end|p2a: rage zlave|Protosynthesis|[silent]\n|\n|upkeep\n|\n|t:|1771251095\n|switch|p2a: celery slave|Celesteela|76/100\n|turn|16\n|\n|t:|1771251100\n|move|p1a: Tapu Lele|Hidden Power|p2a: celery slave\n|-supereffective|p2a: celery slave\n|-damage|p2a: celery slave|40/100\n|move|p2a: celery slave|Heavy Slam|p1a: Tapu Lele\n|-supereffective|p1a: Tapu Lele\n|-crit|p1a: Tapu Lele\n|-damage|p1a: Tapu Lele|0 fnt\n|faint|p1a: Tapu Lele\n|-ability|p2a: celery slave|Beast Boost|boost\n|-boost|p2a: celery slave|spa|1\n|\n|upkeep\n|\n|t:|1771251107\n|switch|p1a: Corsola|Corsola-Galar, M|81/100\n|turn|17\n|\n|t:|1771251112\n|move|p2a: celery slave|Air Slash|p1a: Corsola\n|-damage|p1a: Corsola|59/100\n|-start|p2a: celery slave|Disable|Air Slash|[from] ability: Cursed Body|[of] p1a: Corsola\n|move|p1a: Corsola|Will-O-Wisp|p2a: celery slave\n|-status|p2a: celery slave|brn\n|\n|-damage|p2a: celery slave|34/100 brn|[from] brn\n|upkeep\n|turn|18\n|\n|t:|1771251122\n|switch|p2a: venus slav|Venusaur-Mega, M|57/100\n|move|p1a: Corsola|Strength Sap|p2a: venus slav\n|-unboost|p2a: venus slav|atk|1\n|-heal|p1a: Corsola|100/100\n|\n|-fieldend|move: Psychic Terrain\n|upkeep\n|turn|19\n|\n|t:|1771251128\n|move|p2a: venus slav|Sludge Bomb|p1a: Corsola\n|-resisted|p1a: Corsola\n|-damage|p1a: Corsola|90/100\n|move|p1a: Corsola|Will-O-Wisp|p2a: venus slav\n|-status|p2a: venus slav|brn\n|\n|-damage|p2a: venus slav|51/100 brn|[from] brn\n|upkeep\n|turn|20\n|\n|t:|1771251136\n|switch|p1a: Zamazenta|Zamazenta|100/100\n|-ability|p1a: Zamazenta|Dauntless Shield|boost\n|-boost|p1a: Zamazenta|def|1\n|move|p2a: venus slav|Sludge Bomb|p1a: Zamazenta\n|-damage|p1a: Zamazenta|71/100\n|-status|p1a: Zamazenta|psn\n|\n|-damage|p1a: Zamazenta|59/100 psn|[from] psn\n|-damage|p2a: venus slav|45/100 brn|[from] brn\n|upkeep\n|turn|21\n|\n|t:|1771251144\n|move|p1a: Zamazenta|Crunch|p2a: venus slav\n|-damage|p2a: venus slav|27/100 brn\n|move|p2a: venus slav|Giga Drain|p1a: Zamazenta\n|-damage|p1a: Zamazenta|37/100 psn\n|-heal|p2a: venus slav|37/100 brn|[from] drain|[of] p1a: Zamazenta\n|\n|-damage|p1a: Zamazenta|25/100 psn|[from] psn\n|-damage|p2a: venus slav|31/100 brn|[from] brn\n|upkeep\n|turn|22\n|\n|t:|1771251168\n|move|p1a: Zamazenta|Crunch|p2a: venus slav\n|-damage|p2a: venus slav|12/100 brn\n|move|p2a: venus slav|Giga Drain|p1a: Zamazenta\n|-damage|p1a: Zamazenta|1/100 psn\n|-heal|p2a: venus slav|23/100 brn|[from] drain|[of] p1a: Zamazenta\n|\n|-damage|p1a: Zamazenta|0 fnt|[from] psn\n|faint|p1a: Zamazenta\n|-damage|p2a: venus slav|17/100 brn|[from] brn\n|upkeep\n|\n|t:|1771251181\n|switch|p1a: Corsola|Corsola-Galar, M|90/100\n|turn|23\n|\n|t:|1771251185\n|move|p1a: Corsola|Protect|p1a: Corsola\n|-singleturn|p1a: Corsola|Protect\n|move|p2a: venus slav|Giga Drain|p1a: Corsola\n|-activate|p1a: Corsola|move: Protect\n|\n|-damage|p2a: venus slav|11/100 brn|[from] brn\n|upkeep\n|turn|24\n|\n|t:|1771251190\n|move|p2a: venus slav|Giga Drain|p1a: Corsola\n|-damage|p1a: Corsola|71/100\n|-heal|p2a: venus slav|19/100 brn|[from] drain|[of] p1a: Corsola\n|-start|p2a: venus slav|Disable|Giga Drain|[from] ability: Cursed Body|[of] p1a: Corsola\n|move|p1a: Corsola|Whirlpool|p2a: venus slav\n|-resisted|p2a: venus slav\n|-damage|p2a: venus slav|17/100 brn\n|-activate|p2a: venus slav|move: Whirlpool|[of] p1a: Corsola\n|\n|-damage|p2a: venus slav|11/100 brn|[from] brn\n|-damage|p2a: venus slav|0 fnt|[from] move: Whirlpool|[partiallytrapped]\n|faint|p2a: venus slav\n|detailschange|p2: venus slav|Venusaur, M|[silent]\n|upkeep\n|\n|t:|1771251210\n|switch|p2a: top zlave|Tapu Koko|100/100\n|-fieldstart|move: Electric Terrain|[from] ability: Electric Surge|[of] p2a: top zlave\n|turn|25\n|\n|t:|1771251216\n|move|p1a: Corsola|Protect|p1a: Corsola\n|-singleturn|p1a: Corsola|Protect\n|move|p2a: top zlave|Dazzling Gleam|p1a: Corsola\n|-activate|p1a: Corsola|move: Protect\n|\n|upkeep\n|turn|26\n|\n|t:|1771251221\n|move|p2a: top zlave|Dazzling Gleam|p1a: Corsola\n|-damage|p1a: Corsola|46/100\n|move|p1a: Corsola|Strength Sap|p2a: top zlave\n|-unboost|p2a: top zlave|atk|1\n|-heal|p1a: Corsola|100/100\n|\n|upkeep\n|turn|27\n|\n|t:|1771251239\n|switch|p2a: terrapin t slave|Terapagos, M|100/100\n|-activate|p2a: terrapin t slave|ability: Tera Shift\n|detailschange|p2a: terrapin t slave|Terapagos-Terastal, M\n|-heal|p2a: terrapin t slave|100/100|[silent]\n|move|p1a: Corsola|Whirlpool|p2a: terrapin t slave\n|-activate|p2a: terrapin t slave|ability: Tera Shell\n|-resisted|p2a: terrapin t slave\n|-damage|p2a: terrapin t slave|98/100\n|-activate|p2a: terrapin t slave|move: Whirlpool|[of] p1a: Corsola\n|\n|-damage|p2a: terrapin t slave|85/100|[from] move: Whirlpool|[partiallytrapped]\n|upkeep\n|turn|28\n|\n|t:|1771251252\n|move|p2a: terrapin t slave|Stealth Rock|p1a: Corsola\n|-sidestart|p1: stowt|move: Stealth Rock\n|move|p1a: Corsola|Will-O-Wisp|p2a: terrapin t slave\n|-status|p2a: terrapin t slave|brn\n|\n|-damage|p2a: terrapin t slave|79/100 brn|[from] brn\n|-damage|p2a: terrapin t slave|67/100 brn|[from] move: Whirlpool|[partiallytrapped]\n|upkeep\n|turn|29\n|\n|t:|1771251265\n|move|p1a: Corsola|Protect|p1a: Corsola\n|-singleturn|p1a: Corsola|Protect\n|move|p2a: terrapin t slave|Earth Power|p1a: Corsola\n|-activate|p1a: Corsola|move: Protect\n|\n|-damage|p2a: terrapin t slave|61/100 brn|[from] brn\n|-damage|p2a: terrapin t slave|49/100 brn|[from] move: Whirlpool|[partiallytrapped]\n|-fieldend|move: Electric Terrain\n|upkeep\n|turn|30\n|\n|t:|1771251275\n|move|p2a: terrapin t slave|Earth Power|p1a: Corsola\n|-damage|p1a: Corsola|86/100\n|move|p1a: Corsola|Strength Sap|p2a: terrapin t slave\n|-unboost|p2a: terrapin t slave|atk|1\n|-heal|p1a: Corsola|100/100\n|\n|-damage|p2a: terrapin t slave|42/100 brn|[from] brn\n|-damage|p2a: terrapin t slave|30/100 brn|[from] move: Whirlpool|[partiallytrapped]\n|upkeep\n|turn|31\n|\n|t:|1771251289\n|move|p2a: terrapin t slave|Earth Power|p1a: Corsola\n|-crit|p1a: Corsola\n|-damage|p1a: Corsola|81/100\n|-start|p2a: terrapin t slave|Disable|Earth Power|[from] ability: Cursed Body|[of] p1a: Corsola\n|move|p1a: Corsola|Whirlpool|p2a: terrapin t slave|[miss]\n|-miss|p1a: Corsola|p2a: terrapin t slave\n|\n|-damage|p2a: terrapin t slave|24/100 brn|[from] brn\n|-damage|p2a: terrapin t slave|12/100 brn|[from] move: Whirlpool|[partiallytrapped]\n|upkeep\n|turn|32\n|\n|t:|1771251298\n|move|p2a: terrapin t slave|Rapid Spin|p1a: Corsola\n|-immune|p1a: Corsola\n|move|p1a: Corsola|Strength Sap|p2a: terrapin t slave\n|-unboost|p2a: terrapin t slave|atk|1\n|-heal|p1a: Corsola|100/100\n|\n|-damage|p2a: terrapin t slave|6/100 brn|[from] brn\n|-end|p2a: terrapin t slave|Whirlpool|[partiallytrapped]\n|upkeep\n|turn|33\n|\n|t:|1771251310\n|switch|p2a: top zlave|Tapu Koko|100/100\n|-fieldstart|move: Electric Terrain|[from] ability: Electric Surge|[of] p2a: top zlave\n|move|p1a: Corsola|Protect||[still]\n|-fail|p1a: Corsola\n|\n|upkeep\n|turn|34\n|\n|t:|1771251316\n|move|p1a: Corsola|Protect|p1a: Corsola\n|-singleturn|p1a: Corsola|Protect\n|move|p2a: top zlave|Volt Switch|p1a: Corsola\n|-activate|p1a: Corsola|move: Protect\n|\n|upkeep\n|turn|35\n|\n|t:|1771251320\n|switch|p2a: terrapin t slave|Terapagos-Terastal, M|6/100 brn\n|switch|p1a: Ting-Lu|Ting-Lu|100/100\n|-damage|p1a: Ting-Lu|94/100|[from] Stealth Rock\n|-ability|p1a: Ting-Lu|Vessel of Ruin\n|\n|-heal|p1a: Ting-Lu|100/100|[from] item: Leftovers\n|-damage|p2a: terrapin t slave|0 fnt|[from] brn\n|faint|p2a: terrapin t slave\n|upkeep\n|\n|t:|1771251332\n|switch|p2a: zero zlaves|Zeraora|100/100\n|turn|36\n|\n|t:|1771251347\n|move|p2a: zero zlaves|Close Combat|p1a: Ting-Lu\n|-supereffective|p1a: Ting-Lu\n|-damage|p1a: Ting-Lu|51/100\n|-unboost|p2a: zero zlaves|def|1\n|-unboost|p2a: zero zlaves|spd|1\n|-damage|p2a: zero zlaves|91/100|[from] item: Life Orb\n|move|p1a: Ting-Lu|Earthquake|p2a: zero zlaves\n|-supereffective|p2a: zero zlaves\n|-damage|p2a: zero zlaves|0 fnt\n|faint|p2a: zero zlaves\n|\n|-heal|p1a: Ting-Lu|57/100|[from] item: Leftovers\n|upkeep\n|\n|t:|1771251368\n|switch|p2a: celery slave|Celesteela|34/100 brn\n|turn|37\n|\n|t:|1771251372\n|move|p1a: Ting-Lu|Protect|p1a: Ting-Lu\n|-singleturn|p1a: Ting-Lu|Protect\n|move|p2a: celery slave|Air Slash|p1a: Ting-Lu\n|-activate|p1a: Ting-Lu|move: Protect\n|\n|-heal|p1a: Ting-Lu|63/100|[from] item: Leftovers\n|-damage|p2a: celery slave|28/100 brn|[from] brn\n|-fieldend|move: Electric Terrain\n|upkeep\n|turn|38\n|\n|t:|1771251380\n|move|p2a: celery slave|Air Slash|p1a: Ting-Lu\n|-damage|p1a: Ting-Lu|51/100\n|cant|p1a: Ting-Lu|flinch\n|\n|-heal|p1a: Ting-Lu|57/100|[from] item: Leftovers\n|-damage|p2a: celery slave|22/100 brn|[from] brn\n|upkeep\n|turn|39\n|\n|t:|1771251398\n|move|p1a: Ting-Lu|Protect|p1a: Ting-Lu\n|-singleturn|p1a: Ting-Lu|Protect\n|move|p2a: celery slave|Air Slash|p1a: Ting-Lu\n|-activate|p1a: Ting-Lu|move: Protect\n|\n|-heal|p1a: Ting-Lu|63/100|[from] item: Leftovers\n|-damage|p2a: celery slave|16/100 brn|[from] brn\n|upkeep\n|turn|40\n|-message|adjudicate forfeited.\n|\n|win|stowt\n|raw|stowt's rating: 1592 &rarr; <strong>1614</strong><br />(+22 for winning)\n|raw|adjudicate's rating: 1627 &rarr; <strong>1605</strong><br />(-22 for losing)\n|l|☆stowt\n|player|p1|\n", "uploadtime": 1771251615, "views": 3, "formatid": "gen9nationaldex", "rating": 1605, "private": 0, "password": null}