{"id": "gen9nationaldex-2540595840", "format": "[Gen 9] National Dex", "players": ["Cerberus 17", "heimao1"], "log": "|j|☆Cerberus 17\n|j|☆heimao1\n|t:|1771224051\n|gametype|singles\n|player|p1|Cerberus 17|cynthia-gen4|1675\n|player|p2|heimao1|102|1757\n|gen|9\n|tier|[Gen 9] National Dex\n|rated|\n|rule|HP Percentage Mod: HP is shown in percentages\n|rule|Endless Battle Clause: Forcing endless battles is banned\n|rule|Species Clause: Limit one of each Pokémon\n|rule|OHKO Clause: OHKO moves are banned\n|rule|Evasion Clause: Evasion abilities, items, and moves are banned\n|rule|Evasion Abilities Clause: Evasion abilities are banned\n|rule|Evasion Items Clause: Evasion items are banned\n|rule|Evasion Moves Clause: Evasion moves are banned\n|rule|Sleep Clause Mod: Limit one foe put to sleep\n|rule|Terastal Clause: You cannot Terastallize\n|clearpoke\n|poke|p1|Tyranitar, M|\n|poke|p1|Kartana|\n|poke|p1|Diancie|\n|poke|p1|Excadrill, F|\n|poke|p1|Sinistcha-Masterpiece|\n|poke|p1|Kommo-o, F|\n|poke|p2|Ogerpon-Wellspring, F|\n|poke|p2|Dragonite, M|\n|poke|p2|Volcarona, F|\n|poke|p2|Landorus-Therian, M|\n|poke|p2|Great Tusk|\n|poke|p2|Tapu Lele|\n|teampreview\n|inactive|Battle timer is ON: inactive players will automatically lose when time's up. (requested by Cerberus 17)\n|\n|t:|1771224060\n|teamsize|p1|6\n|teamsize|p2|6\n|start\n|switch|p1a: Tyranitar|Tyranitar, M|100/100\n|switch|p2a: Landorus|Landorus-Therian, M|100/100\n|-ability|p2a: Landorus|Intimidate|boost\n|-unboost|p1a: Tyranitar|atk|1\n|-weather|Sandstorm|[from] ability: Sand Stream|[of] p1a: Tyranitar\n|turn|1\n|\n|t:|1771224070\n|move|p2a: Landorus|Earthquake|p1a: Tyranitar\n|-supereffective|p1a: Tyranitar\n|-damage|p1a: Tyranitar|17/100\n|move|p1a: Tyranitar|Avalanche|p2a: Landorus\n|-supereffective|p2a: Landorus\n|-enditem|p2a: Landorus|Focus Sash\n|-damage|p2a: Landorus|1/100\n|\n|-weather|Sandstorm|[upkeep]\n|upkeep\n|turn|2\n|\n|t:|1771224083\n|switch|p1a: Sinistcha|Sinistcha-Masterpiece|100/100\n|move|p2a: Landorus|U-turn|p1a: Sinistcha\n|-damage|p1a: Sinistcha|82/100\n|\n|t:|1771224102\n|switch|p2a: Volcarona|Volcarona, F|100/100|[from] U-turn\n|\n|-weather|Sandstorm|[upkeep]\n|-damage|p2a: Volcarona|94/100|[from] Sandstorm\n|-damage|p1a: Sinistcha|76/100|[from] Sandstorm\n|-heal|p1a: Sinistcha|82/100|[from] item: Leftovers\n|upkeep\n|turn|3\n|j| ghdsghjjjffssg\n|\n|t:|1771224124\n|switch|p1a: Kommo-o|Kommo-o, F|100/100\n|move|p2a: Volcarona|Quiver Dance|p2a: Volcarona\n|-boost|p2a: Volcarona|spa|1\n|-boost|p2a: Volcarona|spd|1\n|-boost|p2a: Volcarona|spe|1\n|\n|-weather|Sandstorm|[upkeep]\n|-damage|p2a: Volcarona|88/100|[from] Sandstorm\n|-damage|p1a: Kommo-o|94/100|[from] Sandstorm\n|upkeep\n|turn|4\n|j| rizz of reko\n|\n|t:|1771224135\n|switch|p2a: Tapu Lele|Tapu Lele|100/100\n|-fieldstart|move: Psychic Terrain|[from] ability: Psychic Surge|[of] p2a: Tapu Lele\n|move|p1a: Kommo-o|Poison Jab|p2a: Tapu Lele\n|-supereffective|p2a: Tapu Lele\n|-damage|p2a: Tapu Lele|42/100\n|-status|p2a: Tapu Lele|psn\n|\n|-weather|Sandstorm|[upkeep]\n|-damage|p2a: Tapu Lele|36/100 psn|[from] Sandstorm\n|-damage|p1a: Kommo-o|88/100|[from] Sandstorm\n|-damage|p2a: Tapu Lele|24/100 psn|[from] psn\n|upkeep\n|turn|5\n|j| corvipelon\n|\n|t:|1771224153\n|switch|p1a: Diancie|Diancie|100/100\n|move|p2a: Tapu Lele|Psychic|p1a: Diancie\n|-damage|p1a: Diancie|42/100\n|-damage|p2a: Tapu Lele|14/100 psn|[from] item: Life Orb\n|\n|-weather|Sandstorm|[upkeep]\n|-damage|p2a: Tapu Lele|8/100 psn|[from] Sandstorm\n|-damage|p2a: Tapu Lele|0 fnt|[from] psn\n|faint|p2a: Tapu Lele\n|upkeep\n|inactive|heimao1 has 120 seconds left.\n|\n|t:|1771224165\n|switch|p2a: Ogerpon|Ogerpon-Wellspring, F|100/100\n|turn|6\n|\n|t:|1771224178\n|detailschange|p1a: Diancie|Diancie-Mega\n|-mega|p1a: Diancie|Diancie|Diancite\n|move|p1a: Diancie|Stealth Rock|p2a: Ogerpon\n|-sidestart|p2: heimao1|move: Stealth Rock\n|move|p2a: Ogerpon|Ivy Cudgel|p1a: Diancie|[anim] Ivy Cudgel Water\n|-supereffective|p1a: Diancie\n|-damage|p1a: Diancie|0 fnt\n|faint|p1a: Diancie\n|detailschange|p1: Diancie|Diancie|[silent]\n|\n|-weather|Sandstorm|[upkeep]\n|-damage|p2a: Ogerpon|95/100|[from] Sandstorm\n|upkeep\n|l| corvipelon\n|j| corvipelon\n|\n|t:|1771224195\n|switch|p1a: Kommo-o|Kommo-o, F|88/100\n|turn|7\n|\n|t:|1771224199\n|move|p2a: Ogerpon|Play Rough|p1a: Kommo-o\n|-supereffective|p1a: Kommo-o\n|-damage|p1a: Kommo-o|0 fnt\n|faint|p1a: Kommo-o\n|\n|-weather|Sandstorm|[upkeep]\n|-damage|p2a: Ogerpon|89/100|[from] Sandstorm\n|upkeep\n|\n|t:|1771224216\n|switch|p1a: Kartana|Kartana|100/100\n|turn|8\n|\n|t:|1771224221\n|switch|p1a: Tyranitar|Tyranitar, M|17/100\n|switch|p2a: Landorus|Landorus-Therian, M|1/100\n|-damage|p2a: Landorus|0 fnt|[from] Stealth Rock\n|faint|p2a: Landorus\n|\n|-weather|none\n|-fieldend|move: Psychic Terrain\n|upkeep\n|l| rizz of reko\n|\n|t:|1771224231\n|switch|p2a: Great Tusk|Great Tusk|100/100\n|-damage|p2a: Great Tusk|98/100|[from] Stealth Rock\n|-enditem|p2a: Great Tusk|Booster Energy\n|-activate|p2a: Great Tusk|ability: Protosynthesis|[fromitem]\n|-start|p2a: Great Tusk|protosynthesisatk\n|turn|9\n|\n|t:|1771224237\n|switch|p1a: Sinistcha|Sinistcha-Masterpiece|82/100\n|move|p2a: Great Tusk|Bulk Up|p2a: Great Tusk\n|-boost|p2a: Great Tusk|atk|1\n|-boost|p2a: Great Tusk|def|1\n|\n|-heal|p1a: Sinistcha|88/100|[from] item: Leftovers\n|upkeep\n|turn|10\n|\n|t:|1771224247\n|move|p2a: Great Tusk|Ice Spinner|p1a: Sinistcha\n|-supereffective|p1a: Sinistcha\n|-damage|p1a: Sinistcha|0 fnt\n|faint|p1a: Sinistcha\n|\n|upkeep\n|\n|t:|1771224265\n|switch|p1a: Tyranitar|Tyranitar, M|17/100\n|-weather|Sandstorm|[from] ability: Sand Stream|[of] p1a: Tyranitar\n|turn|11\n|\n|t:|1771224274\n|move|p2a: Great Tusk|Rapid Spin|p1a: Tyranitar\n|-resisted|p1a: Tyranitar\n|-damage|p1a: Tyranitar|3/100\n|-boost|p2a: Great Tusk|spe|1\n|-sideend|p2: heimao1|Stealth Rock|[from] move: Rapid Spin|[of] p2a: Great Tusk\n|move|p1a: Tyranitar|Avalanche|p2a: Great Tusk\n|-supereffective|p2a: Great Tusk\n|-damage|p2a: Great Tusk|55/100\n|\n|-weather|Sandstorm|[upkeep]\n|upkeep\n|turn|12\n|\n|t:|1771224284\n|move|p2a: Great Tusk|Bulk Up|p2a: Great Tusk\n|-boost|p2a: Great Tusk|atk|1\n|-boost|p2a: Great Tusk|def|1\n|move|p1a: Tyranitar|Avalanche|p2a: Great Tusk\n|-supereffective|p2a: Great Tusk\n|-damage|p2a: Great Tusk|39/100\n|\n|-weather|Sandstorm|[upkeep]\n|upkeep\n|turn|13\n|\n|t:|1771224293\n|move|p2a: Great Tusk|Bulk Up|p2a: Great Tusk\n|-boost|p2a: Great Tusk|atk|1\n|-boost|p2a: Great Tusk|def|1\n|move|p1a: Tyranitar|Avalanche|p2a: Great Tusk\n|-supereffective|p2a: Great Tusk\n|-damage|p2a: Great Tusk|25/100\n|\n|-weather|Sandstorm|[upkeep]\n|upkeep\n|turn|14\n|\n|t:|1771224303\n|move|p2a: Great Tusk|Rapid Spin|p1a: Tyranitar\n|-resisted|p1a: Tyranitar\n|-damage|p1a: Tyranitar|0 fnt\n|-boost|p2a: Great Tusk|spe|1\n|faint|p1a: Tyranitar\n|\n|-weather|Sandstorm|[upkeep]\n|upkeep\n|\n|t:|1771224306\n|switch|p1a: Excadrill|Excadrill, F|100/100\n|turn|15\n|\n|t:|1771224316\n|move|p1a: Excadrill|Earthquake|p2a: Great Tusk\n|-damage|p2a: Great Tusk|0 fnt\n|faint|p2a: Great Tusk\n|-end|p2a: Great Tusk|Protosynthesis|[silent]\n|\n|-weather|Sandstorm|[upkeep]\n|upkeep\n|\n|t:|1771224329\n|switch|p2a: Ogerpon|Ogerpon-Wellspring, F|89/100\n|turn|16\n|\n|t:|1771224336\n|move|p1a: Excadrill|Earthquake|p2a: Ogerpon\n|-resisted|p2a: Ogerpon\n|-damage|p2a: Ogerpon|40/100\n|move|p2a: Ogerpon|Ivy Cudgel|p1a: Excadrill|[anim] Ivy Cudgel Water\n|-supereffective|p1a: Excadrill\n|-damage|p1a: Excadrill|0 fnt\n|faint|p1a: Excadrill\n|\n|-weather|Sandstorm|[upkeep]\n|-damage|p2a: Ogerpon|34/100|[from] Sandstorm\n|upkeep\n|\n|t:|1771224341\n|switch|p1a: Kartana|Kartana|100/100\n|turn|17\n|\n|t:|1771224352\n|switch|p2a: Dragonite|Dragonite, M|100/100\n|move|p1a: Kartana|Knock Off|p2a: Dragonite\n|-damage|p2a: Dragonite|84/100\n|\n|-weather|Sandstorm|[upkeep]\n|-damage|p2a: Dragonite|78/100|[from] Sandstorm\n|upkeep\n|turn|18\n|\n|t:|1771224361\n|move|p1a: Kartana|Knock Off|p2a: Dragonite\n|-damage|p2a: Dragonite|45/100\n|move|p2a: Dragonite|Dragon Dance|p2a: Dragonite\n|-boost|p2a: Dragonite|atk|1\n|-boost|p2a: Dragonite|spe|1\n|\n|-weather|none\n|upkeep\n|turn|19\n|\n|t:|1771224369\n|move|p1a: Kartana|Knock Off|p2a: Dragonite\n|-damage|p2a: Dragonite|13/100\n|-zpower|p2a: Dragonite\n|move|p2a: Dragonite|Devastating Drake|p1a: Kartana|[zeffect]\n|-resisted|p1a: Kartana\n|-damage|p1a: Kartana|20/100\n|\n|upkeep\n|turn|20\n|\n|t:|1771224381\n|move|p1a: Kartana|Knock Off|p2a: Dragonite\n|-damage|p2a: Dragonite|0 fnt\n|faint|p2a: Dragonite\n|-ability|p1a: Kartana|Beast Boost|boost\n|-boost|p1a: Kartana|atk|1\n|\n|upkeep\n|\n|t:|1771224387\n|switch|p2a: Volcarona|Volcarona, F|88/100\n|turn|21\n|\n|t:|1771224390\n|move|p1a: Kartana|Knock Off|p2a: Volcarona\n|-damage|p2a: Volcarona|0 fnt\n|-enditem|p2a: Volcarona|Life Orb|[from] move: Knock Off|[of] p1a: Kartana\n|faint|p2a: Volcarona\n|-ability|p1a: Kartana|Beast Boost|boost\n|-boost|p1a: Kartana|atk|1\n|\n|upkeep\n|\n|t:|1771224397\n|switch|p2a: Ogerpon|Ogerpon-Wellspring, F|34/100\n|turn|22\n|\n|t:|1771224401\n|move|p1a: Kartana|Knock Off|p2a: Ogerpon\n|-damage|p2a: Ogerpon|0 fnt\n|faint|p2a: Ogerpon\n|\n|win|Cerberus 17\n|raw|Cerberus 17's rating: 1675 &rarr; <strong>1700</strong><br />(+25 for winning)\n|raw|heimao1's rating: 1757 &rarr; <strong>1732</strong><br />(-25 for losing)\n|l|☆Cerberus 17\n|player|p1|\n|l|☆heimao1\n|player|p2|\n|l| ghdsghjjjffssg\n", "uploadtime": 1771224614, "views": 12, "formatid": "gen9nationaldex", "rating": 1700, "private": 0, "password": null}