{"id": "gen9nationaldex-2540786095", "format": "[Gen 9] National Dex", "players": ["testeo0014", "Yaoshi"], "log": "|j|☆testeo0014\n|j|☆Yaoshi\n|t:|1771253834\n|gametype|singles\n|player|p1|testeo0014|waiter|1575\n|player|p2|Yaoshi|silver-masters|1588\n|gen|9\n|tier|[Gen 9] National Dex\n|rated|\n|rule|HP Percentage Mod: HP is shown in percentages\n|rule|Endless Battle Clause: Forcing endless battles is banned\n|rule|Species Clause: Limit one of each Pokémon\n|rule|OHKO Clause: OHKO moves are banned\n|rule|Evasion Clause: Evasion abilities, items, and moves are banned\n|rule|Evasion Abilities Clause: Evasion abilities are banned\n|rule|Evasion Items Clause: Evasion items are banned\n|rule|Evasion Moves Clause: Evasion moves are banned\n|rule|Sleep Clause Mod: Limit one foe put to sleep\n|rule|Terastal Clause: You cannot Terastallize\n|clearpoke\n|poke|p1|Diggersby, F|\n|poke|p1|Kingambit, F|\n|poke|p1|Alomomola, M|\n|poke|p1|Great Tusk|\n|poke|p1|Gholdengo|\n|poke|p1|Ferrothorn, M|\n|poke|p2|Landorus-Therian, M|\n|poke|p2|Gallade, M|\n|poke|p2|Victini|\n|poke|p2|Aegislash, M|\n|poke|p2|Zeraora|\n|poke|p2|Alomomola, F|\n|teampreview\n|inactive|Battle timer is ON: inactive players will automatically lose when time's up. (requested by testeo0014)\n|inactive|Yaoshi also wants the timer to be on.\n|\n|t:|1771253852\n|teamsize|p1|6\n|teamsize|p2|6\n|start\n|switch|p1a: Great Tusk|Great Tusk|100/100\n|switch|p2a: Victini|Victini|100/100\n|-enditem|p1a: Great Tusk|Booster Energy\n|-activate|p1a: Great Tusk|ability: Protosynthesis|[fromitem]\n|-start|p1a: Great Tusk|protosynthesisspe\n|turn|1\n|\n|t:|1771253861\n|switch|p2a: Alomomola|Alomomola, F|100/100\n|move|p1a: Great Tusk|Headlong Rush|p2a: Alomomola\n|-crit|p2a: Alomomola\n|-damage|p2a: Alomomola|56/100\n|-unboost|p1a: Great Tusk|def|1\n|-unboost|p1a: Great Tusk|spd|1\n|-damage|p1a: Great Tusk|84/100|[from] item: Rocky Helmet|[of] p2a: Alomomola\n|\n|upkeep\n|turn|2\n|\n|t:|1771253865\n|move|p1a: Great Tusk|Stealth Rock|p2a: Alomomola\n|-sidestart|p2: Yaoshi|move: Stealth Rock\n|move|p2a: Alomomola|Flip Turn|p1a: Great Tusk\n|-supereffective|p1a: Great Tusk\n|-damage|p1a: Great Tusk|51/100\n|\n|t:|1771253871\n|switch|p2a: Landorus|Landorus-Therian, M, shiny|100/100|[from] Flip Turn\n|-damage|p2a: Landorus|88/100|[from] Stealth Rock\n|-ability|p2a: Landorus|Intimidate|boost\n|-unboost|p1a: Great Tusk|atk|1\n|\n|upkeep\n|turn|3\n|\n|t:|1771253875\n|move|p1a: Great Tusk|Ice Spinner|p2a: Landorus\n|-supereffective|p2a: Landorus\n|-damage|p2a: Landorus|18/100\n|move|p2a: Landorus|Defog|p1a: Great Tusk\n|-unboost|p1a: Great Tusk|evasion|1\n|-sideend|p2: Yaoshi|Stealth Rock|[from] move: Defog|[of] p2a: Landorus\n|\n|upkeep\n|turn|4\n|\n|t:|1771253878\n|switch|p2a: Alomomola|Alomomola, F|89/100\n|move|p1a: Great Tusk|Stealth Rock|p2a: Alomomola\n|-sidestart|p2: Yaoshi|move: Stealth Rock\n|\n|upkeep\n|turn|5\n|\n|t:|1771253890\n|-end|p1a: Great Tusk|Protosynthesis|[silent]\n|switch|p1a: Alomomola|Alomomola, M|100/100\n|move|p2a: Alomomola|Wish|p2a: Alomomola\n|\n|upkeep\n|turn|6\n|\n|t:|1771253895\n|move|p1a: Alomomola|Flip Turn|p2a: Alomomola\n|-resisted|p2a: Alomomola\n|-damage|p2a: Alomomola|85/100\n|-damage|p1a: Alomomola|84/100|[from] item: Rocky Helmet|[of] p2a: Alomomola\n|\n|t:|1771253908\n|switch|p1a: Ferrothorn|Ferrothorn, M|100/100|[from] Flip Turn\n|move|p2a: Alomomola|Flip Turn|p1a: Ferrothorn\n|-resisted|p1a: Ferrothorn\n|-damage|p1a: Ferrothorn|95/100\n|-damage|p2a: Alomomola|72/100|[from] ability: Iron Barbs|[of] p1a: Ferrothorn\n|\n|t:|1771253911\n|switch|p2a: Landorus|Landorus-Therian, M, shiny|18/100|[from] Flip Turn\n|-damage|p2a: Landorus|6/100|[from] Stealth Rock\n|-ability|p2a: Landorus|Intimidate|boost\n|-unboost|p1a: Ferrothorn|atk|1\n|\n|-heal|p2a: Landorus|89/100|[from] move: Wish|[wisher] Alomomola\n|-heal|p1a: Ferrothorn|100/100|[from] item: Leftovers\n|upkeep\n|turn|7\n|\n|t:|1771253915\n|move|p2a: Landorus|Defog|p1a: Ferrothorn\n|-unboost|p1a: Ferrothorn|evasion|1\n|-sideend|p2: Yaoshi|Stealth Rock|[from] move: Defog|[of] p2a: Landorus\n|move|p1a: Ferrothorn|Toxic|p2a: Landorus\n|-status|p2a: Landorus|tox\n|\n|-damage|p2a: Landorus|83/100 tox|[from] psn\n|upkeep\n|turn|8\n|\n|t:|1771253919\n|switch|p2a: Victini|Victini|100/100\n|move|p1a: Ferrothorn|Spikes|p2a: Victini\n|-sidestart|p2: Yaoshi|Spikes\n|\n|upkeep\n|turn|9\n|\n|t:|1771253924\n|switch|p1a: Alomomola|Alomomola, M|100/100\n|move|p2a: Victini|Power-Up Punch|p1a: Alomomola\n|-damage|p1a: Alomomola|92/100\n|-boost|p2a: Victini|atk|1\n|\n|upkeep\n|turn|10\n|\n|t:|1771253930\n|move|p2a: Victini|Bolt Strike|p1a: Alomomola\n|-supereffective|p1a: Alomomola\n|-damage|p1a: Alomomola|11/100\n|move|p1a: Alomomola|Flip Turn|p2a: Victini\n|-supereffective|p2a: Victini\n|-crit|p2a: Victini\n|-damage|p2a: Victini|54/100\n|\n|t:|1771253934\n|switch|p1a: Diggersby|Diggersby, F|100/100|[from] Flip Turn\n|\n|upkeep\n|turn|11\n|\n|t:|1771253939\n|move|p1a: Diggersby|Quick Attack|p2a: Victini\n|-damage|p2a: Victini|15/100\n|move|p2a: Victini|V-create|p1a: Diggersby\n|-damage|p1a: Diggersby|0 fnt\n|-unboost|p2a: Victini|spe|1\n|-unboost|p2a: Victini|def|1\n|-unboost|p2a: Victini|spd|1\n|faint|p1a: Diggersby\n|\n|upkeep\n|\n|t:|1771253949\n|switch|p1a: Alomomola|Alomomola, M|44/100\n|turn|12\n|\n|t:|1771253953\n|move|p1a: Alomomola|Aqua Jet|p2a: Victini\n|-supereffective|p2a: Victini\n|-damage|p2a: Victini|0 fnt\n|faint|p2a: Victini\n|\n|upkeep\n|\n|t:|1771253957\n|switch|p2a: Gallade|Gallade, M, shiny|100/100\n|-damage|p2a: Gallade|88/100|[from] Spikes\n|turn|13\n|\n|t:|1771253966\n|detailschange|p2a: Gallade|Gallade-Mega, M, shiny\n|-mega|p2a: Gallade|Gallade|Galladite\n|move|p2a: Gallade|Bulk Up|p2a: Gallade\n|-boost|p2a: Gallade|atk|1\n|-boost|p2a: Gallade|def|1\n|move|p1a: Alomomola|Flip Turn|p2a: Gallade\n|-damage|p2a: Gallade|74/100\n|\n|t:|1771253977\n|switch|p1a: Gholdengo|Gholdengo|100/100|[from] Flip Turn\n|\n|upkeep\n|turn|14\n|\n|t:|1771253981\n|move|p2a: Gallade|Earthquake|p1a: Gholdengo\n|-supereffective|p1a: Gholdengo\n|-damage|p1a: Gholdengo|24/100\n|move|p1a: Gholdengo|Shadow Ball|p2a: Gallade\n|-supereffective|p2a: Gallade\n|-damage|p2a: Gallade|2/100\n|\n|-heal|p1a: Gholdengo|30/100|[from] item: Leftovers\n|upkeep\n|turn|15\n|\n|t:|1771253994\n|move|p2a: Gallade|Earthquake|p1a: Gholdengo\n|-supereffective|p1a: Gholdengo\n|-damage|p1a: Gholdengo|0 fnt\n|faint|p1a: Gholdengo\n|\n|upkeep\n|\n|t:|1771253999\n|switch|p1a: Alomomola|Alomomola, M|77/100\n|turn|16\n|\n|t:|1771254002\n|move|p2a: Gallade|Drain Punch|p1a: Alomomola\n|-damage|p1a: Alomomola|23/100\n|-heal|p2a: Gallade|52/100|[from] drain|[of] p1a: Alomomola\n|move|p1a: Alomomola|Flip Turn|p2a: Gallade\n|-damage|p2a: Gallade|38/100\n|\n|t:|1771254006\n|switch|p1a: Kingambit|Kingambit, F|100/100|[from] Flip Turn\n|-activate|p1a: Kingambit|ability: Supreme Overlord\n|-start|p1a: Kingambit|fallen2|[silent]\n|\n|upkeep\n|turn|17\n|\n|t:|1771254014\n|-end|p1a: Kingambit|fallen2|[silent]\n|switch|p1a: Ferrothorn|Ferrothorn, M|100/100\n|move|p2a: Gallade|Bulk Up|p2a: Gallade\n|-boost|p2a: Gallade|atk|1\n|-boost|p2a: Gallade|def|1\n|\n|upkeep\n|turn|18\n|-message|testeo0014 forfeited.\n|\n|win|Yaoshi\n|raw|testeo0014's rating: 1575 &rarr; <strong>1556</strong><br />(-19 for losing)\n|raw|Yaoshi's rating: 1588 &rarr; <strong>1607</strong><br />(+19 for winning)\n|l|☆testeo0014\n|player|p1|\n|l|☆Yaoshi\n|player|p2|\n", "uploadtime": 1771254222, "views": 5, "formatid": "gen9nationaldex", "rating": 1556, "private": 0, "password": null}