{"id": "gen9nationaldex-2540790714", "format": "[Gen 9] National Dex", "players": ["Yaoshi", "Heroadrix"], "log": "|j|☆Yaoshi\n|j|☆Heroadrix\n|t:|1771254347\n|gametype|singles\n|player|p1|Yaoshi|silver-masters|1590\n|player|p2|Heroadrix|266|1528\n|gen|9\n|tier|[Gen 9] National Dex\n|rated|\n|rule|HP Percentage Mod: HP is shown in percentages\n|rule|Endless Battle Clause: Forcing endless battles is banned\n|rule|Species Clause: Limit one of each Pokémon\n|rule|OHKO Clause: OHKO moves are banned\n|rule|Evasion Clause: Evasion abilities, items, and moves are banned\n|rule|Evasion Abilities Clause: Evasion abilities are banned\n|rule|Evasion Items Clause: Evasion items are banned\n|rule|Evasion Moves Clause: Evasion moves are banned\n|rule|Sleep Clause Mod: Limit one foe put to sleep\n|rule|Terastal Clause: You cannot Terastallize\n|clearpoke\n|poke|p1|Landorus-Therian, M|\n|poke|p1|Gallade, M|\n|poke|p1|Victini|\n|poke|p1|Aegislash, F|\n|poke|p1|Zeraora|\n|poke|p1|Alomomola, M|\n|poke|p2|Breloom, F|\n|poke|p2|Great Tusk|\n|poke|p2|Gholdengo|\n|poke|p2|Diancie|\n|poke|p2|Urshifu-*, F|\n|poke|p2|Galvantula, M|\n|teampreview\n|inactive|Battle timer is ON: inactive players will automatically lose when time's up. (requested by Yaoshi)\n|inactive|Heroadrix also wants the timer to be on.\n|\n|t:|1771254368\n|teamsize|p1|6\n|teamsize|p2|6\n|start\n|switch|p1a: Aegislash|Aegislash, F, shiny|100/100\n|switch|p2a: Galvantula|Galvantula, M|100/100\n|turn|1\n|\n|t:|1771254373\n|move|p2a: Galvantula|Sticky Web|p1a: Aegislash\n|-sidestart|p1: Yaoshi|move: Sticky Web\n|move|p1a: Aegislash|Toxic|p2a: Galvantula\n|-status|p2a: Galvantula|tox\n|\n|-damage|p2a: Galvantula|94/100 tox|[from] psn\n|upkeep\n|turn|2\n|\n|t:|1771254376\n|switch|p1a: Landorus|Landorus-Therian, M, shiny|100/100\n|-ability|p1a: Landorus|Intimidate|boost\n|-unboost|p2a: Galvantula|atk|1\n|move|p2a: Galvantula|Thunder Wave|p1a: Landorus\n|-immune|p1a: Landorus\n|\n|-damage|p2a: Galvantula|82/100 tox|[from] psn\n|upkeep\n|turn|3\n|\n|t:|1771254380\n|move|p1a: Landorus|Defog|p2a: Galvantula\n|-unboost|p2a: Galvantula|evasion|1\n|-sideend|p1: Yaoshi|Sticky Web|[from] move: Defog|[of] p1a: Landorus\n|move|p2a: Galvantula|Bug Buzz|p1a: Landorus\n|-resisted|p1a: Landorus\n|-damage|p1a: Landorus|78/100\n|\n|-damage|p2a: Galvantula|64/100 tox|[from] psn\n|upkeep\n|turn|4\n|\n|t:|1771254385\n|move|p1a: Landorus|Defog|p2a: Galvantula\n|-unboost|p2a: Galvantula|evasion|1\n|move|p2a: Galvantula|Sticky Web|p1a: Landorus\n|-sidestart|p1: Yaoshi|move: Sticky Web\n|\n|-damage|p2a: Galvantula|40/100 tox|[from] psn\n|upkeep\n|turn|5\n|\n|t:|1771254390\n|switch|p2a: Gholdengo|Gholdengo|100/100\n|-item|p2a: Gholdengo|Air Balloon\n|move|p1a: Landorus|Defog|p2a: Gholdengo\n|-immune|p2a: Gholdengo|[from] ability: Good as Gold\n|\n|upkeep\n|turn|6\n|\n|t:|1771254396\n|switch|p1a: Alomomola|Alomomola, M|100/100\n|-activate|p1a: Alomomola|move: Sticky Web\n|-unboost|p1a: Alomomola|spe|1\n|move|p2a: Gholdengo|Shadow Ball|p1a: Alomomola\n|-damage|p1a: Alomomola|49/100\n|\n|upkeep\n|turn|7\n|\n|t:|1771254407\n|switch|p1a: Landorus|Landorus-Therian, M, shiny|78/100\n|-ability|p1a: Landorus|Intimidate|boost\n|-unboost|p2a: Gholdengo|atk|1\n|move|p2a: Gholdengo|Shadow Ball|p1a: Landorus\n|-damage|p1a: Landorus|22/100\n|\n|upkeep\n|turn|8\n|\n|t:|1771254413\n|move|p1a: Landorus|U-turn|p2a: Gholdengo\n|-resisted|p2a: Gholdengo\n|-damage|p2a: Gholdengo|93/100\n|-enditem|p2a: Gholdengo|Air Balloon\n|\n|t:|1771254419\n|switch|p1a: Aegislash|Aegislash, F, shiny|100/100|[from] U-turn\n|-activate|p1a: Aegislash|move: Sticky Web\n|-unboost|p1a: Aegislash|spe|1\n|move|p2a: Gholdengo|Shadow Ball|p1a: Aegislash\n|-supereffective|p1a: Aegislash\n|-damage|p1a: Aegislash|54/100\n|\n|-heal|p1a: Aegislash|60/100|[from] item: Leftovers\n|upkeep\n|turn|9\n|\n|t:|1771254426\n|move|p2a: Gholdengo|Shadow Ball|p1a: Aegislash\n|-supereffective|p1a: Aegislash\n|-damage|p1a: Aegislash|6/100\n|-formechange|p1a: Aegislash|Aegislash-Blade||[from] ability: Stance Change\n|move|p1a: Aegislash|Shadow Ball|p2a: Gholdengo\n|-supereffective|p2a: Gholdengo\n|-damage|p2a: Gholdengo|13/100\n|\n|-heal|p1a: Aegislash|12/100|[from] item: Leftovers\n|upkeep\n|turn|10\n|\n|t:|1771254429\n|move|p2a: Gholdengo|Shadow Ball|p1a: Aegislash\n|-supereffective|p1a: Aegislash\n|-damage|p1a: Aegislash|0 fnt\n|faint|p1a: Aegislash\n|\n|upkeep\n|\n|t:|1771254433\n|switch|p1a: Landorus|Landorus-Therian, M, shiny|22/100\n|-ability|p1a: Landorus|Intimidate|boost\n|-unboost|p2a: Gholdengo|atk|1\n|turn|11\n|\n|t:|1771254436\n|move|p1a: Landorus|Earthquake|p2a: Gholdengo\n|-supereffective|p2a: Gholdengo\n|-damage|p2a: Gholdengo|0 fnt\n|faint|p2a: Gholdengo\n|\n|upkeep\n|\n|t:|1771254442\n|switch|p2a: Urshifu|Urshifu-Rapid-Strike, F|100/100\n|turn|12\n|\n|t:|1771254445\n|switch|p1a: Alomomola|Alomomola, M|83/100\n|-activate|p1a: Alomomola|move: Sticky Web\n|-unboost|p1a: Alomomola|spe|1\n|move|p2a: Urshifu|Trailblaze|p1a: Alomomola\n|-supereffective|p1a: Alomomola\n|-damage|p1a: Alomomola|64/100\n|-boost|p2a: Urshifu|spe|1\n|\n|upkeep\n|turn|13\n|\n|t:|1771254448\n|move|p2a: Urshifu|Swords Dance|p2a: Urshifu\n|-boost|p2a: Urshifu|atk|2\n|move|p1a: Alomomola|Wish|p1a: Alomomola\n|\n|upkeep\n|turn|14\n|\n|t:|1771254454\n|move|p2a: Urshifu|Trailblaze|p1a: Alomomola\n|-supereffective|p1a: Alomomola\n|-damage|p1a: Alomomola|19/100\n|-boost|p2a: Urshifu|spe|1\n|move|p1a: Alomomola|Flip Turn|p2a: Urshifu\n|-resisted|p2a: Urshifu\n|-damage|p2a: Urshifu|93/100\n|\n|t:|1771254462\n|switch|p1a: Landorus|Landorus-Therian, M, shiny|22/100|[from] Flip Turn\n|-ability|p1a: Landorus|Intimidate|boost\n|-unboost|p2a: Urshifu|atk|1\n|\n|-heal|p1a: Landorus|100/100|[from] move: Wish|[wisher] Alomomola\n|upkeep\n|turn|15\n|\n|t:|1771254468\n|move|p2a: Urshifu|Surging Strikes|p1a: Landorus\n|-supereffective|p1a: Landorus\n|-crit|p1a: Landorus\n|-damage|p1a: Landorus|22/100\n|-supereffective|p1a: Landorus\n|-crit|p1a: Landorus\n|-damage|p1a: Landorus|0 fnt\n|faint|p1a: Landorus\n|-hitcount|p1: Landorus|2\n|\n|upkeep\n|\n|t:|1771254471\n|switch|p1a: Alomomola|Alomomola, M|53/100\n|-activate|p1a: Alomomola|move: Sticky Web\n|-unboost|p1a: Alomomola|spe|1\n|turn|16\n|\n|t:|1771254473\n|switch|p1a: Zeraora|Zeraora|100/100\n|-activate|p1a: Zeraora|move: Sticky Web\n|-unboost|p1a: Zeraora|spe|1\n|move|p2a: Urshifu|Swords Dance|p2a: Urshifu\n|-boost|p2a: Urshifu|atk|2\n|\n|upkeep\n|turn|17\n|\n|t:|1771254478\n|move|p2a: Urshifu|Surging Strikes|p1a: Zeraora\n|-crit|p1a: Zeraora\n|-damage|p1a: Zeraora|39/100\n|-crit|p1a: Zeraora\n|-damage|p1a: Zeraora|0 fnt\n|faint|p1a: Zeraora\n|-hitcount|p1: Zeraora|2\n|\n|upkeep\n|\n|t:|1771254480\n|switch|p1a: Alomomola|Alomomola, M|86/100\n|-activate|p1a: Alomomola|move: Sticky Web\n|-unboost|p1a: Alomomola|spe|1\n|turn|18\n|\n|t:|1771254486\n|move|p2a: Urshifu|Drain Punch|p1a: Alomomola\n|-damage|p1a: Alomomola|29/100\n|-heal|p2a: Urshifu|100/100|[from] drain|[of] p1a: Alomomola\n|move|p1a: Alomomola|Scald|p2a: Urshifu\n|-resisted|p2a: Urshifu\n|-damage|p2a: Urshifu|91/100\n|\n|upkeep\n|turn|19\n|\n|t:|1771254490\n|move|p2a: Urshifu|Trailblaze|p1a: Alomomola\n|-supereffective|p1a: Alomomola\n|-damage|p1a: Alomomola|0 fnt\n|-boost|p2a: Urshifu|spe|1\n|faint|p1a: Alomomola\n|\n|upkeep\n|\n|t:|1771254493\n|switch|p1a: Victini|Victini|100/100\n|-activate|p1a: Victini|move: Sticky Web\n|-unboost|p1a: Victini|spe|1\n|turn|20\n|\n|t:|1771254496\n|move|p2a: Urshifu|Surging Strikes|p1a: Victini\n|-supereffective|p1a: Victini\n|-crit|p1a: Victini\n|-damage|p1a: Victini|0 fnt\n|faint|p1a: Victini\n|-hitcount|p1: Victini|1\n|\n|upkeep\n|-message|Yaoshi forfeited.\n|\n|win|Heroadrix\n|raw|Yaoshi's rating: 1590 &rarr; <strong>1566</strong><br />(-24 for losing)\n|raw|Heroadrix's rating: 1528 &rarr; <strong>1552</strong><br />(+24 for winning)\n|l|☆Yaoshi\n|player|p1|\n|l|☆Heroadrix\n|player|p2|\n", "uploadtime": 1771254635, "views": 4, "formatid": "gen9nationaldex", "rating": 1552, "private": 0, "password": null}