{"id": "gen9nationaldex-2540588072", "format": "[Gen 9] National Dex", "players": ["ezclapperez89", "Rootkitlo"], "log": "|j|☆ezclapperez89\n|j|☆Rootkitlo\n|t:|1771222658\n|gametype|singles\n|player|p1|ezclapperez89|1|1519\n|player|p2|Rootkitlo|cynthia-gen4|1560\n|gen|9\n|tier|[Gen 9] National Dex\n|rated|\n|rule|HP Percentage Mod: HP is shown in percentages\n|rule|Endless Battle Clause: Forcing endless battles is banned\n|rule|Species Clause: Limit one of each Pokémon\n|rule|OHKO Clause: OHKO moves are banned\n|rule|Evasion Clause: Evasion abilities, items, and moves are banned\n|rule|Evasion Abilities Clause: Evasion abilities are banned\n|rule|Evasion Items Clause: Evasion items are banned\n|rule|Evasion Moves Clause: Evasion moves are banned\n|rule|Sleep Clause Mod: Limit one foe put to sleep\n|rule|Terastal Clause: You cannot Terastallize\n|clearpoke\n|poke|p1|Grimmsnarl, M|\n|poke|p1|Volcarona, M|\n|poke|p1|Garchomp, M|\n|poke|p1|Maushold|\n|poke|p1|Iron Valiant|\n|poke|p1|Gyarados, M|\n|poke|p2|Pecharunt|\n|poke|p2|Garchomp, F|\n|poke|p2|Kingambit, F|\n|poke|p2|Great Tusk|\n|poke|p2|Tapu Lele|\n|poke|p2|Charizard, F|\n|teampreview\n|inactive|Battle timer is ON: inactive players will automatically lose when time's up. (requested by ezclapperez89)\n|\n|t:|1771222665\n|teamsize|p1|6\n|teamsize|p2|6\n|start\n|switch|p1a: Grimmsnarl|Grimmsnarl, M|100/100\n|switch|p2a: Pecharunt|Pecharunt|100/100\n|turn|1\n|\n|t:|1771222670\n|move|p1a: Grimmsnarl|Light Screen|p1a: Grimmsnarl\n|-sidestart|p1: ezclapperez89|move: Light Screen\n|move|p2a: Pecharunt|Malignant Chain|p1a: Grimmsnarl\n|-supereffective|p1a: Grimmsnarl\n|-damage|p1a: Grimmsnarl|73/100\n|\n|upkeep\n|turn|2\n|\n|t:|1771222675\n|move|p1a: Grimmsnarl|Parting Shot|p2a: Pecharunt\n|-unboost|p2a: Pecharunt|atk|1\n|-unboost|p2a: Pecharunt|spa|1\n|\n|t:|1771222679\n|switch|p1a: Volcarona|Volcarona, M|100/100|[from] Parting Shot\n|move|p2a: Pecharunt|Malignant Chain|p1a: Volcarona\n|-damage|p1a: Volcarona|90/100\n|\n|upkeep\n|turn|3\n|\n|t:|1771222682\n|move|p1a: Volcarona|Substitute|p1a: Volcarona\n|-start|p1a: Volcarona|Substitute\n|-damage|p1a: Volcarona|65/100\n|move|p2a: Pecharunt|Curse|p1a: Volcarona\n|-start|p1a: Volcarona|Curse|[of] p2a: Pecharunt\n|-damage|p2a: Pecharunt|51/100\n|\n|-heal|p2a: Pecharunt|57/100|[from] item: Leftovers\n|-damage|p1a: Volcarona|40/100|[from] Curse\n|upkeep\n|turn|4\n|\n|t:|1771222694\n|move|p1a: Volcarona|Fiery Dance|p2a: Pecharunt\n|-damage|p2a: Pecharunt|16/100\n|move|p2a: Pecharunt|Parting Shot|p1a: Volcarona\n|-unboost|p1a: Volcarona|atk|1\n|-unboost|p1a: Volcarona|spa|1\n|\n|t:|1771222699\n|switch|p2a: Garchomp|Garchomp, F|100/100|[from] Parting Shot\n|\n|-damage|p1a: Volcarona|15/100|[from] Curse\n|upkeep\n|turn|5\n|\n|t:|1771222703\n|move|p2a: Garchomp|Stealth Rock|p1a: Volcarona\n|-sidestart|p1: ezclapperez89|move: Stealth Rock\n|-zpower|p1a: Volcarona\n|move|p1a: Volcarona|Savage Spin-Out|p2a: Garchomp|[zeffect]\n|-damage|p2a: Garchomp|15/100\n|\n|-damage|p1a: Volcarona|0 fnt|[from] Curse\n|faint|p1a: Volcarona\n|upkeep\n|\n|t:|1771222719\n|switch|p1a: Maushold|Maushold|100/100\n|-damage|p1a: Maushold|88/100|[from] Stealth Rock\n|turn|6\n|\n|t:|1771222732\n|switch|p2a: Pecharunt|Pecharunt|16/100\n|move|p1a: Maushold|Tidy Up|p1a: Maushold\n|-sideend|p1: ezclapperez89|Stealth Rock\n|-activate|p1a: Maushold|move: Tidy Up\n|-boost|p1a: Maushold|atk|1\n|-boost|p1a: Maushold|spe|1\n|\n|-heal|p2a: Pecharunt|22/100|[from] item: Leftovers\n|upkeep\n|turn|7\n|\n|t:|1771222734\n|move|p1a: Maushold|Bite|p2a: Pecharunt\n|-supereffective|p2a: Pecharunt\n|-damage|p2a: Pecharunt|0 fnt\n|faint|p2a: Pecharunt\n|\n|upkeep\n|\n|t:|1771222743\n|switch|p2a: Kingambit|Kingambit, F|100/100\n|-activate|p2a: Kingambit|ability: Supreme Overlord\n|-start|p2a: Kingambit|fallen1|[silent]\n|turn|8\n|\n|t:|1771222749\n|move|p1a: Maushold|Population Bomb|p2a: Kingambit\n|-resisted|p2a: Kingambit\n|-crit|p2a: Kingambit\n|-damage|p2a: Kingambit|92/100\n|-resisted|p2a: Kingambit\n|-damage|p2a: Kingambit|86/100\n|-resisted|p2a: Kingambit\n|-damage|p2a: Kingambit|80/100\n|-resisted|p2a: Kingambit\n|-damage|p2a: Kingambit|73/100\n|-resisted|p2a: Kingambit\n|-damage|p2a: Kingambit|67/100\n|-resisted|p2a: Kingambit\n|-damage|p2a: Kingambit|61/100\n|-resisted|p2a: Kingambit\n|-damage|p2a: Kingambit|54/100\n|-resisted|p2a: Kingambit\n|-damage|p2a: Kingambit|47/100\n|-resisted|p2a: Kingambit\n|-damage|p2a: Kingambit|41/100\n|-resisted|p2a: Kingambit\n|-damage|p2a: Kingambit|34/100\n|-hitcount|p2a: Kingambit|10\n|move|p2a: Kingambit|Knock Off|p1a: Maushold\n|-damage|p1a: Maushold|0 fnt\n|-enditem|p1a: Maushold|Wide Lens|[from] move: Knock Off|[of] p2a: Kingambit\n|faint|p1a: Maushold\n|\n|-sideend|p1: ezclapperez89|move: Light Screen\n|upkeep\n|\n|t:|1771222753\n|switch|p1a: Gyarados|Gyarados, M|100/100\n|-ability|p1a: Gyarados|Intimidate|boost\n|-unboost|p2a: Kingambit|atk|1\n|turn|9\n|\n|t:|1771222760\n|-end|p2a: Kingambit|fallen1|[silent]\n|switch|p2a: Garchomp|Garchomp, F|15/100\n|move|p1a: Gyarados|Dragon Dance|p1a: Gyarados\n|-boost|p1a: Gyarados|atk|1\n|-boost|p1a: Gyarados|spe|1\n|\n|upkeep\n|turn|10\n|\n|t:|1771222769\n|move|p1a: Gyarados|Waterfall|p2a: Garchomp\n|-damage|p2a: Garchomp|0 fnt\n|-damage|p1a: Gyarados|88/100|[from] ability: Rough Skin|[of] p2a: Garchomp\n|-damage|p1a: Gyarados|71/100|[from] item: Rocky Helmet|[of] p2a: Garchomp\n|faint|p2a: Garchomp\n|\n|upkeep\n|\n|t:|1771222776\n|switch|p2a: Charizard|Charizard, F|100/100\n|turn|11\n|\n|t:|1771222781\n|detailschange|p1a: Gyarados|Gyarados-Mega, M\n|-mega|p1a: Gyarados|Gyarados|Gyaradosite\n|-ability|p1a: Gyarados|Mold Breaker\n|detailschange|p2a: Charizard|Charizard-Mega-Y, F\n|-mega|p2a: Charizard|Charizard|Charizardite Y\n|-weather|SunnyDay|[from] ability: Drought|[of] p2a: Charizard\n|move|p1a: Gyarados|Waterfall|p2a: Charizard\n|-supereffective|p2a: Charizard\n|-crit|p2a: Charizard\n|-damage|p2a: Charizard|0 fnt\n|faint|p2a: Charizard\n|detailschange|p2: Charizard|Charizard, F|[silent]\n|\n|-weather|SunnyDay|[upkeep]\n|upkeep\n|\n|t:|1771222789\n|switch|p2a: Great Tusk|Great Tusk|100/100\n|-activate|p2a: Great Tusk|ability: Protosynthesis\n|-start|p2a: Great Tusk|protosynthesisspe\n|turn|12\n|\n|t:|1771222795\n|move|p2a: Great Tusk|Headlong Rush|p1a: Gyarados\n|-damage|p1a: Gyarados|19/100\n|-unboost|p2a: Great Tusk|def|1\n|-unboost|p2a: Great Tusk|spd|1\n|move|p1a: Gyarados|Waterfall|p2a: Great Tusk\n|-supereffective|p2a: Great Tusk\n|-damage|p2a: Great Tusk|31/100\n|\n|-weather|SunnyDay|[upkeep]\n|upkeep\n|turn|13\n|\n|t:|1771222800\n|move|p2a: Great Tusk|Headlong Rush|p1a: Gyarados\n|-damage|p1a: Gyarados|0 fnt\n|-unboost|p2a: Great Tusk|def|1\n|-unboost|p2a: Great Tusk|spd|1\n|faint|p1a: Gyarados\n|detailschange|p1: Gyarados|Gyarados, M|[silent]\n|\n|-weather|SunnyDay|[upkeep]\n|upkeep\n|\n|t:|1771222806\n|switch|p1a: Grimmsnarl|Grimmsnarl, M|73/100\n|turn|14\n|\n|t:|1771222811\n|-end|p2a: Great Tusk|Protosynthesis|[silent]\n|switch|p2a: Kingambit|Kingambit, F|34/100\n|-activate|p2a: Kingambit|ability: Supreme Overlord\n|-start|p2a: Kingambit|fallen3|[silent]\n|move|p1a: Grimmsnarl|Reflect|p1a: Grimmsnarl\n|-sidestart|p1: ezclapperez89|Reflect\n|\n|-weather|SunnyDay|[upkeep]\n|upkeep\n|turn|15\n|\n|t:|1771222816\n|move|p2a: Kingambit|Iron Head|p1a: Grimmsnarl\n|-supereffective|p1a: Grimmsnarl\n|-damage|p1a: Grimmsnarl|11/100\n|move|p1a: Grimmsnarl|Spirit Break|p2a: Kingambit\n|-damage|p2a: Kingambit|10/100\n|-unboost|p2a: Kingambit|spa|1\n|\n|-weather|none\n|upkeep\n|turn|16\n|\n|t:|1771222821\n|move|p1a: Grimmsnarl|Light Screen|p1a: Grimmsnarl\n|-sidestart|p1: ezclapperez89|move: Light Screen\n|move|p2a: Kingambit|Iron Head|p1a: Grimmsnarl\n|-supereffective|p1a: Grimmsnarl\n|-damage|p1a: Grimmsnarl|0 fnt\n|faint|p1a: Grimmsnarl\n|\n|upkeep\n|\n|t:|1771222830\n|switch|p1a: Garchomp|Garchomp, M|100/100\n|turn|17\n|\n|t:|1771222832\n|move|p1a: Garchomp|Earthquake|p2a: Kingambit\n|-supereffective|p2a: Kingambit\n|-damage|p2a: Kingambit|0 fnt\n|faint|p2a: Kingambit\n|-end|p2a: Kingambit|fallen3|[silent]\n|\n|upkeep\n|\n|t:|1771222834\n|switch|p2a: Tapu Lele|Tapu Lele|100/100\n|-fieldstart|move: Psychic Terrain|[from] ability: Psychic Surge|[of] p2a: Tapu Lele\n|turn|18\n|\n|t:|1771222836\n|move|p1a: Garchomp|Earthquake|p2a: Tapu Lele\n|-damage|p2a: Tapu Lele|13/100\n|-zpower|p2a: Tapu Lele\n|move|p2a: Tapu Lele|Twinkle Tackle|p1a: Garchomp|[zeffect]\n|-supereffective|p1a: Garchomp\n|-damage|p1a: Garchomp|2/100\n|\n|upkeep\n|turn|19\n|\n|t:|1771222840\n|move|p1a: Garchomp|Earthquake|p2a: Tapu Lele\n|-damage|p2a: Tapu Lele|0 fnt\n|faint|p2a: Tapu Lele\n|\n|upkeep\n|-message|Rootkitlo forfeited.\n|\n|win|ezclapperez89\n|raw|ezclapperez89's rating: 1519 &rarr; <strong>1541</strong><br />(+22 for winning)\n|raw|Rootkitlo's rating: 1560 &rarr; <strong>1538</strong><br />(-22 for losing)\n|l|☆Rootkitlo\n|player|p2|\n|l|☆ezclapperez89\n|player|p1|\n", "uploadtime": 1771222862, "views": 6, "formatid": "gen9nationaldex", "rating": 1538, "private": 0, "password": null}