{"id": "gen9nationaldex-2540842221", "format": "[Gen 9] National Dex", "players": ["lepooker", "Vixen 4 Life"], "log": "|j|☆lepooker\n|j|☆Vixen 4 Life\n|t:|1771259654\n|gametype|singles\n|player|p1|lepooker|giovanni|1587\n|player|p2|Vixen 4 Life|emma|1652\n|gen|9\n|tier|[Gen 9] National Dex\n|rated|\n|rule|HP Percentage Mod: HP is shown in percentages\n|rule|Endless Battle Clause: Forcing endless battles is banned\n|rule|Species Clause: Limit one of each Pokémon\n|rule|OHKO Clause: OHKO moves are banned\n|rule|Evasion Clause: Evasion abilities, items, and moves are banned\n|rule|Evasion Abilities Clause: Evasion abilities are banned\n|rule|Evasion Items Clause: Evasion items are banned\n|rule|Evasion Moves Clause: Evasion moves are banned\n|rule|Sleep Clause Mod: Limit one foe put to sleep\n|rule|Terastal Clause: You cannot Terastallize\n|clearpoke\n|poke|p1|Mamoswine, M|\n|poke|p1|Cinderace, F|\n|poke|p1|Raging Bolt|\n|poke|p1|Zamazenta-*|\n|poke|p1|Enamorus-Therian, F|\n|poke|p1|Kingambit, F|\n|poke|p2|Goodra-Hisui, F|\n|poke|p2|Ceruledge, F|\n|poke|p2|Clodsire, M|\n|poke|p2|Cyclizar, F|\n|poke|p2|Weezing-Galar, M|\n|poke|p2|Umbreon, M|\n|teampreview\n|j| repeatttt\n|inactive|Battle timer is ON: inactive players will automatically lose when time's up. (requested by lepooker)\n|\n|t:|1771259661\n|teamsize|p1|6\n|teamsize|p2|6\n|start\n|switch|p1a: Mamoswine|Mamoswine, M|100/100\n|switch|p2a: Doug Dimmadome|Weezing-Galar, M|100/100\n|turn|1\n|\n|t:|1771259673\n|move|p1a: Mamoswine|Icicle Crash|p2a: Doug Dimmadome\n|-damage|p2a: Doug Dimmadome|55/100\n|cant|p2a: Doug Dimmadome|flinch\n|\n|upkeep\n|turn|2\n|\n|t:|1771259677\n|move|p1a: Mamoswine|Icicle Crash|p2a: Doug Dimmadome\n|-damage|p2a: Doug Dimmadome|7/100\n|cant|p2a: Doug Dimmadome|flinch\n|\n|upkeep\n|turn|3\n|\n|t:|1771259683\n|switch|p2a: Yoru|Umbreon, M, shiny|100/100\n|move|p1a: Mamoswine|Ice Shard|p2a: Yoru\n|-damage|p2a: Yoru|87/100\n|\n|-heal|p2a: Yoru|93/100|[from] item: Leftovers\n|upkeep\n|turn|4\n|\n|t:|1771259687\n|move|p1a: Mamoswine|Icicle Crash|p2a: Yoru\n|-damage|p2a: Yoru|65/100\n|cant|p2a: Yoru|flinch\n|\n|-heal|p2a: Yoru|71/100|[from] item: Leftovers\n|upkeep\n|turn|5\n|\n|t:|1771259698\n|move|p1a: Mamoswine|Icicle Crash|p2a: Yoru|[miss]\n|-miss|p1a: Mamoswine|p2a: Yoru\n|move|p2a: Yoru|Foul Play|p1a: Mamoswine\n|-damage|p1a: Mamoswine|41/100\n|\n|-heal|p2a: Yoru|77/100|[from] item: Leftovers\n|upkeep\n|turn|6\n|\n|t:|1771259704\n|move|p1a: Mamoswine|Stealth Rock|p2a: Yoru\n|-sidestart|p2: Vixen 4 Life|move: Stealth Rock\n|move|p2a: Yoru|Wish|p2a: Yoru\n|\n|-heal|p2a: Yoru|83/100|[from] item: Leftovers\n|upkeep\n|turn|7\n|\n|t:|1771259711\n|move|p1a: Mamoswine|Icicle Crash|p2a: Yoru\n|-crit|p2a: Yoru\n|-damage|p2a: Yoru|38/100\n|cant|p2a: Yoru|flinch\n|\n|-heal|p2a: Yoru|88/100|[from] move: Wish|[wisher] Yoru\n|-heal|p2a: Yoru|94/100|[from] item: Leftovers\n|upkeep\n|turn|8\n|\n|t:|1771259716\n|move|p1a: Mamoswine|Icicle Crash|p2a: Yoru\n|-damage|p2a: Yoru|66/100\n|cant|p2a: Yoru|flinch\n|\n|-heal|p2a: Yoru|72/100|[from] item: Leftovers\n|upkeep\n|turn|9\n|\n|t:|1771259719\n|move|p2a: Yoru|Protect|p2a: Yoru\n|-singleturn|p2a: Yoru|Protect\n|move|p1a: Mamoswine|Icicle Crash|p2a: Yoru\n|-activate|p2a: Yoru|move: Protect\n|\n|-heal|p2a: Yoru|78/100|[from] item: Leftovers\n|upkeep\n|turn|10\n|\n|t:|1771259721\n|move|p1a: Mamoswine|Icicle Crash|p2a: Yoru\n|-damage|p2a: Yoru|49/100\n|cant|p2a: Yoru|flinch\n|\n|-heal|p2a: Yoru|55/100|[from] item: Leftovers\n|upkeep\n|turn|11\n|\n|t:|1771259725\n|move|p1a: Mamoswine|Icicle Crash|p2a: Yoru\n|-damage|p2a: Yoru|25/100\n|move|p2a: Yoru|Wish|p2a: Yoru\n|\n|-heal|p2a: Yoru|31/100|[from] item: Leftovers\n|upkeep\n|turn|12\n|\n|t:|1771259731\n|move|p2a: Yoru|Protect|p2a: Yoru\n|-singleturn|p2a: Yoru|Protect\n|move|p1a: Mamoswine|Earthquake|p2a: Yoru\n|-activate|p2a: Yoru|move: Protect\n|\n|-heal|p2a: Yoru|81/100|[from] move: Wish|[wisher] Yoru\n|-heal|p2a: Yoru|87/100|[from] item: Leftovers\n|upkeep\n|turn|13\n|\n|t:|1771259733\n|move|p1a: Mamoswine|Icicle Crash|p2a: Yoru\n|-damage|p2a: Yoru|57/100\n|move|p2a: Yoru|Wish|p2a: Yoru\n|\n|-heal|p2a: Yoru|63/100|[from] item: Leftovers\n|upkeep\n|turn|14\n|\n|t:|1771259738\n|move|p1a: Mamoswine|Earthquake|p2a: Yoru\n|-damage|p2a: Yoru|31/100\n|move|p2a: Yoru|Foul Play|p1a: Mamoswine\n|-damage|p1a: Mamoswine|0 fnt\n|faint|p1a: Mamoswine\n|\n|-heal|p2a: Yoru|81/100|[from] move: Wish|[wisher] Yoru\n|-heal|p2a: Yoru|87/100|[from] item: Leftovers\n|upkeep\n|inactive|lepooker has 120 seconds left.\n|\n|t:|1771259772\n|switch|p1a: Zamazenta|Zamazenta|100/100\n|-ability|p1a: Zamazenta|Dauntless Shield|boost\n|-boost|p1a: Zamazenta|def|1\n|turn|15\n|\n|t:|1771259774\n|switch|p2a: Goopy|Clodsire, M|100/100\n|-damage|p2a: Goopy|94/100|[from] Stealth Rock\n|move|p1a: Zamazenta|Substitute|p1a: Zamazenta\n|-start|p1a: Zamazenta|Substitute\n|-damage|p1a: Zamazenta|75/100\n|\n|-heal|p1a: Zamazenta|82/100|[from] item: Leftovers\n|upkeep\n|turn|16\n|\n|t:|1771259779\n|move|p1a: Zamazenta|Crunch|p2a: Goopy\n|-damage|p2a: Goopy|78/100\n|-damage|p1a: Zamazenta|65/100|[from] item: Rocky Helmet|[of] p2a: Goopy\n|move|p2a: Goopy|Stealth Rock|p1a: Zamazenta\n|-sidestart|p1: lepooker|move: Stealth Rock\n|\n|-heal|p1a: Zamazenta|71/100|[from] item: Leftovers\n|upkeep\n|turn|17\n|j| Reyanek\n|\n|t:|1771259789\n|move|p1a: Zamazenta|Iron Defense|p1a: Zamazenta\n|-boost|p1a: Zamazenta|def|2\n|move|p2a: Goopy|Earthquake|p1a: Zamazenta\n|-activate|p1a: Zamazenta|move: Substitute|[damage]\n|\n|-heal|p1a: Zamazenta|78/100|[from] item: Leftovers\n|upkeep\n|turn|18\n|\n|t:|1771259792\n|move|p1a: Zamazenta|Body Press|p2a: Goopy\n|-resisted|p2a: Goopy\n|-damage|p2a: Goopy|45/100\n|-damage|p1a: Zamazenta|61/100|[from] item: Rocky Helmet|[of] p2a: Goopy\n|move|p2a: Goopy|Recover|p2a: Goopy\n|-heal|p2a: Goopy|95/100\n|\n|-heal|p1a: Zamazenta|67/100|[from] item: Leftovers\n|upkeep\n|turn|19\n|\n|t:|1771259795\n|move|p1a: Zamazenta|Iron Defense|p1a: Zamazenta\n|-boost|p1a: Zamazenta|def|2\n|move|p2a: Goopy|Earthquake|p1a: Zamazenta\n|-activate|p1a: Zamazenta|move: Substitute|[damage]\n|\n|-heal|p1a: Zamazenta|73/100|[from] item: Leftovers\n|upkeep\n|turn|20\n|\n|t:|1771259797\n|move|p1a: Zamazenta|Iron Defense|p1a: Zamazenta\n|-boost|p1a: Zamazenta|def|1\n|move|p2a: Goopy|Earthquake|p1a: Zamazenta\n|-activate|p1a: Zamazenta|move: Substitute|[damage]\n|\n|-heal|p1a: Zamazenta|80/100|[from] item: Leftovers\n|upkeep\n|turn|21\n|\n|t:|1771259799\n|move|p1a: Zamazenta|Body Press|p2a: Goopy\n|-resisted|p2a: Goopy\n|-damage|p2a: Goopy|46/100\n|-damage|p1a: Zamazenta|63/100|[from] item: Rocky Helmet|[of] p2a: Goopy\n|move|p2a: Goopy|Earthquake|p1a: Zamazenta\n|-activate|p1a: Zamazenta|move: Substitute|[damage]\n|\n|-heal|p1a: Zamazenta|69/100|[from] item: Leftovers\n|upkeep\n|turn|22\n|\n|t:|1771259803\n|move|p1a: Zamazenta|Body Press|p2a: Goopy\n|-resisted|p2a: Goopy\n|-crit|p2a: Goopy\n|-damage|p2a: Goopy|0 fnt\n|-damage|p1a: Zamazenta|53/100|[from] item: Rocky Helmet|[of] p2a: Goopy\n|faint|p2a: Goopy\n|\n|-heal|p1a: Zamazenta|59/100|[from] item: Leftovers\n|upkeep\n|\n|t:|1771259805\n|switch|p2a: Gawain|Ceruledge, F|100/100\n|-damage|p2a: Gawain|76/100|[from] Stealth Rock\n|turn|23\n|\n|t:|1771259808\n|move|p1a: Zamazenta|Crunch|p2a: Gawain\n|-supereffective|p2a: Gawain\n|-damage|p2a: Gawain|6/100\n|move|p2a: Gawain|Bitter Blade|p1a: Zamazenta\n|-end|p1a: Zamazenta|Substitute\n|-heal|p2a: Gawain|7/100|[from] drain|[of] p1a: Zamazenta\n|\n|-heal|p1a: Zamazenta|65/100|[from] item: Leftovers\n|upkeep\n|turn|24\n|\n|t:|1771259812\n|move|p1a: Zamazenta|Crunch|p2a: Gawain\n|-supereffective|p2a: Gawain\n|-damage|p2a: Gawain|0 fnt\n|faint|p2a: Gawain\n|\n|-heal|p1a: Zamazenta|71/100|[from] item: Leftovers\n|upkeep\n|-message|Vixen 4 Life forfeited.\n|\n|win|lepooker\n|raw|lepooker's rating: 1587 &rarr; <strong>1611</strong><br />(+24 for winning)\n|raw|Vixen 4 Life's rating: 1652 &rarr; <strong>1628</strong><br />(-24 for losing)\n|l|☆Vixen 4 Life\n|player|p2|\n|l|☆lepooker\n|player|p1|\n|l| Reyanek\n", "uploadtime": 1771259994, "views": 4, "formatid": "gen9nationaldex", "rating": 1611, "private": 0, "password": null}