{"id": "gen9nationaldex-2540606123", "format": "[Gen 9] National Dex", "players": ["feebaccs", "lh09"], "log": "|j|☆feebaccs\n|j|☆lh09\n|t:|1771226011\n|gametype|singles\n|player|p1|feebaccs|morty|1508\n|player|p2|lh09|hilbert|1589\n|gen|9\n|tier|[Gen 9] National Dex\n|rated|\n|rule|HP Percentage Mod: HP is shown in percentages\n|rule|Endless Battle Clause: Forcing endless battles is banned\n|rule|Species Clause: Limit one of each Pokémon\n|rule|OHKO Clause: OHKO moves are banned\n|rule|Evasion Clause: Evasion abilities, items, and moves are banned\n|rule|Evasion Abilities Clause: Evasion abilities are banned\n|rule|Evasion Items Clause: Evasion items are banned\n|rule|Evasion Moves Clause: Evasion moves are banned\n|rule|Sleep Clause Mod: Limit one foe put to sleep\n|rule|Terastal Clause: You cannot Terastallize\n|clearpoke\n|poke|p1|Pelipper, L99, M|\n|poke|p1|Archaludon, F|\n|poke|p1|Tapu Lele|\n|poke|p1|Barraskewda, F|\n|poke|p1|Kingdra, M|\n|poke|p1|Swampert, M|\n|poke|p2|Morpeko, F|\n|poke|p2|Kommo-o, F|\n|poke|p2|Terapagos, M|\n|poke|p2|Ting-Lu|\n|poke|p2|Charizard, M|\n|poke|p2|Tapu Lele|\n|teampreview\n|inactive|Battle timer is ON: inactive players will automatically lose when time's up. (requested by lh09)\n|inactive|feebaccs also wants the timer to be on.\n|\n|t:|1771226024\n|teamsize|p1|6\n|teamsize|p2|6\n|start\n|switch|p1a: Barraskewda|Barraskewda, F|100/100\n|switch|p2a: Charizard|Charizard, M|100/100\n|turn|1\n|\n|t:|1771226030\n|detailschange|p2a: Charizard|Charizard-Mega-Y, M\n|-mega|p2a: Charizard|Charizard|Charizardite Y\n|-weather|SunnyDay|[from] ability: Drought|[of] p2a: Charizard\n|move|p1a: Barraskewda|Flip Turn|p2a: Charizard\n|-supereffective|p2a: Charizard\n|-damage|p2a: Charizard|35/100\n|-damage|p1a: Barraskewda|91/100|[from] item: Life Orb\n|inactive|feebaccs has 120 seconds left.\n|\n|t:|1771226061\n|switch|p1a: Kingdra|Kingdra, M|100/100|[from] Flip Turn\n|move|p2a: Charizard|Ancient Power|p1a: Kingdra\n|-damage|p1a: Kingdra|71/100\n|\n|-weather|SunnyDay|[upkeep]\n|upkeep\n|turn|2\n|\n|t:|1771226072\n|switch|p2a: Tapu Lele|Tapu Lele|100/100\n|-fieldstart|move: Psychic Terrain|[from] ability: Psychic Surge|[of] p2a: Tapu Lele\n|move|p1a: Kingdra|Flip Turn|p2a: Tapu Lele\n|-damage|p2a: Tapu Lele|82/100\n|-damage|p1a: Kingdra|61/100|[from] item: Life Orb\n|\n|t:|1771226078\n|switch|p1a: Pelipper|Pelipper, L99, M|100/100|[from] Flip Turn\n|-weather|RainDance|[from] ability: Drizzle|[of] p1a: Pelipper\n|\n|-weather|RainDance|[upkeep]\n|upkeep\n|turn|3\n|inactive|feebaccs has 120 seconds left.\n|\n|t:|1771226093\n|move|p2a: Tapu Lele|Psychic|p1a: Pelipper\n|-damage|p1a: Pelipper|43/100\n|move|p1a: Pelipper|U-turn|p2a: Tapu Lele\n|-damage|p2a: Tapu Lele|70/100\n|inactive|feebaccs has 120 seconds left.\n|\n|t:|1771226099\n|switch|p1a: Barraskewda|Barraskewda, F|91/100|[from] U-turn\n|\n|-weather|RainDance|[upkeep]\n|upkeep\n|turn|4\n|\n|t:|1771226109\n|switch|p2a: Charizard|Charizard-Mega-Y, M|35/100\n|-weather|SunnyDay|[from] ability: Drought|[of] p2a: Charizard\n|move|p1a: Barraskewda|Flip Turn|p2a: Charizard\n|-supereffective|p2a: Charizard\n|-damage|p2a: Charizard|0 fnt\n|faint|p2a: Charizard\n|detailschange|p2: Charizard|Charizard, M|[silent]\n|-damage|p1a: Barraskewda|81/100|[from] item: Life Orb\n|\n|t:|1771226121\n|switch|p1a: Pelipper|Pelipper, L99, M|43/100|[from] Flip Turn\n|-weather|RainDance|[from] ability: Drizzle|[of] p1a: Pelipper\n|\n|-weather|RainDance|[upkeep]\n|upkeep\n|\n|t:|1771226124\n|switch|p2a: Morpeko|Morpeko, F|100/100\n|turn|5\n|\n|t:|1771226135\n|switch|p1a: Swampert|Swampert, M|100/100\n|move|p2a: Morpeko|Aura Wheel|p1a: Swampert\n|-immune|p1a: Swampert\n|\n|-weather|RainDance|[upkeep]\n|-formechange|p2a: Morpeko|Morpeko-Hangry||[from] ability: Hunger Switch\n|upkeep\n|turn|6\n|\n|t:|1771226153\n|detailschange|p1a: Swampert|Swampert-Mega, M\n|-mega|p1a: Swampert|Swampert|Swampertite\n|move|p1a: Swampert|Flip Turn|p2a: Morpeko\n|-damage|p2a: Morpeko|2/100\n|\n|t:|1771226160\n|switch|p1a: Archaludon|Archaludon, F|100/100|[from] Flip Turn\n|move|p2a: Morpeko|Aura Wheel|p1a: Archaludon\n|-damage|p1a: Archaludon|60/100\n|-boost|p2a: Morpeko|spe|1\n|-ability|p1a: Archaludon|Stamina|boost\n|-boost|p1a: Archaludon|def|1\n|\n|-weather|RainDance|[upkeep]\n|-fieldend|move: Psychic Terrain\n|-formechange|p2a: Morpeko|Morpeko||[from] ability: Hunger Switch\n|upkeep\n|turn|7\n|inactive|feebaccs has 120 seconds left.\n|\n|t:|1771226185\n|move|p2a: Morpeko|Endeavor|p1a: Archaludon\n|-damage|p1a: Archaludon|2/100\n|-ability|p1a: Archaludon|Stamina|boost\n|-boost|p1a: Archaludon|def|1\n|move|p1a: Archaludon|Dragon Pulse|p2a: Morpeko\n|-damage|p2a: Morpeko|0 fnt\n|faint|p2a: Morpeko\n|\n|-weather|RainDance|[upkeep]\n|upkeep\n|\n|t:|1771226188\n|switch|p2a: Ting-Lu|Ting-Lu|100/100\n|-ability|p2a: Ting-Lu|Vessel of Ruin\n|turn|8\n|\n|t:|1771226194\n|switch|p1a: Barraskewda|Barraskewda, F|81/100\n|move|p2a: Ting-Lu|Stealth Rock|p1a: Barraskewda\n|-sidestart|p1: feebaccs|move: Stealth Rock\n|\n|-weather|RainDance|[upkeep]\n|upkeep\n|turn|9\n|\n|t:|1771226204\n|switch|p2a: Kommo-o|Kommo-o, F|100/100\n|move|p1a: Barraskewda|Liquidation|p2a: Kommo-o\n|-resisted|p2a: Kommo-o\n|-damage|p2a: Kommo-o|54/100\n|-unboost|p2a: Kommo-o|def|1\n|-damage|p1a: Barraskewda|71/100|[from] item: Life Orb\n|\n|-weather|RainDance|[upkeep]\n|upkeep\n|turn|10\n|\n|t:|1771226219\n|move|p1a: Barraskewda|Liquidation|p2a: Kommo-o\n|-resisted|p2a: Kommo-o\n|-damage|p2a: Kommo-o|0 fnt\n|faint|p2a: Kommo-o\n|-damage|p1a: Barraskewda|61/100|[from] item: Life Orb\n|\n|-weather|RainDance|[upkeep]\n|upkeep\n|\n|t:|1771226228\n|switch|p2a: Terapagos|Terapagos, M|100/100\n|-activate|p2a: Terapagos|ability: Tera Shift\n|detailschange|p2a: Terapagos|Terapagos-Terastal, M\n|-heal|p2a: Terapagos|100/100|[silent]\n|turn|11\n|\n|t:|1771226231\n|move|p1a: Barraskewda|Flip Turn|p2a: Terapagos\n|-activate|p2a: Terapagos|ability: Tera Shell\n|-resisted|p2a: Terapagos\n|-damage|p2a: Terapagos|69/100\n|-damage|p1a: Barraskewda|51/100|[from] item: Life Orb\n|\n|t:|1771226234\n|switch|p1a: Archaludon|Archaludon, F|2/100|[from] Flip Turn\n|-damage|p1a: Archaludon|0 fnt|[from] Stealth Rock\n|faint|p1a: Archaludon\n|move|p2a: Terapagos|Rapid Spin|p1: Archaludon|[notarget]\n|-fail|p2a: Terapagos\n|\n|-weather|none\n|upkeep\n|-message|lh09 forfeited.\n|\n|win|feebaccs\n|raw|feebaccs's rating: 1508 &rarr; <strong>1533</strong><br />(+25 for winning)\n|raw|lh09's rating: 1589 &rarr; <strong>1564</strong><br />(-25 for losing)\n|l|☆feebaccs\n|player|p1|\n", "uploadtime": 1771226546, "views": 12, "formatid": "gen9nationaldex", "rating": 1533, "private": 0, "password": null}