{"id": "gen9nationaldex-2540775228", "format": "[Gen 9] National Dex", "players": ["Yaoshi", "Oddalex"], "log": "|j|☆Yaoshi\n|j|‽Oddalex\n|t:|1771252613\n|gametype|singles\n|player|p1|Yaoshi|silver-masters|1561\n|player|p2|Oddalex|102|1696\n|gen|9\n|tier|[Gen 9] National Dex\n|rated|\n|rule|HP Percentage Mod: HP is shown in percentages\n|rule|Endless Battle Clause: Forcing endless battles is banned\n|rule|Species Clause: Limit one of each Pokémon\n|rule|OHKO Clause: OHKO moves are banned\n|rule|Evasion Clause: Evasion abilities, items, and moves are banned\n|rule|Evasion Abilities Clause: Evasion abilities are banned\n|rule|Evasion Items Clause: Evasion items are banned\n|rule|Evasion Moves Clause: Evasion moves are banned\n|rule|Sleep Clause Mod: Limit one foe put to sleep\n|rule|Terastal Clause: You cannot Terastallize\n|clearpoke\n|poke|p1|Landorus-Therian, M|\n|poke|p1|Gallade, M|\n|poke|p1|Victini|\n|poke|p1|Aegislash, F|\n|poke|p1|Zeraora|\n|poke|p1|Alomomola, M|\n|poke|p2|Mawile, F|\n|poke|p2|Tapu Koko|\n|poke|p2|Iron Valiant|\n|poke|p2|Slowbro, M|\n|poke|p2|Ting-Lu|\n|poke|p2|Tornadus-Therian, M|\n|teampreview\n|inactive|Battle timer is ON: inactive players will automatically lose when time's up. (requested by Yaoshi)\n|\n|t:|1771252622\n|teamsize|p1|6\n|teamsize|p2|6\n|start\n|switch|p1a: Landorus|Landorus-Therian, M, shiny|100/100\n|switch|p2a: Slowbro|Slowbro, M|100/100\n|-ability|p1a: Landorus|Intimidate|boost\n|-unboost|p2a: Slowbro|atk|1\n|turn|1\n|\n|t:|1771252626\n|switch|p1a: Alomomola|Alomomola, M|100/100\n|move|p2a: Slowbro|Scald|p1a: Alomomola\n|-resisted|p1a: Alomomola\n|-damage|p1a: Alomomola|84/100\n|\n|upkeep\n|turn|2\n|\n|t:|1771252633\n|move|p1a: Alomomola|Flip Turn|p2a: Slowbro\n|-resisted|p2a: Slowbro\n|-damage|p2a: Slowbro|96/100\n|-damage|p1a: Alomomola|68/100|[from] item: Rocky Helmet|[of] p2a: Slowbro\n|\n|t:|1771252638\n|switch|p1a: Aegislash|Aegislash, F, shiny|100/100|[from] Flip Turn\n|move|p2a: Slowbro|Future Sight|p1a: Aegislash\n|-start|p2a: Slowbro|move: Future Sight\n|\n|upkeep\n|turn|3\n|\n|t:|1771252645\n|switch|p2a: Ting-Lu|Ting-Lu|100/100\n|-ability|p2a: Ting-Lu|Vessel of Ruin\n|move|p1a: Aegislash|Toxic|p2a: Ting-Lu\n|-status|p2a: Ting-Lu|tox\n|\n|-damage|p2a: Ting-Lu|94/100 tox|[from] psn\n|upkeep\n|turn|4\n|\n|t:|1771252655\n|move|p1a: Aegislash|King's Shield|p1a: Aegislash\n|-singleturn|p1a: Aegislash|Protect\n|move|p2a: Ting-Lu|Stealth Rock|p1a: Aegislash\n|-sidestart|p1: Yaoshi|move: Stealth Rock\n|\n|-end|p1a: Aegislash|move: Future Sight\n|-resisted|p1a: Aegislash\n|-damage|p1a: Aegislash|91/100\n|-heal|p1a: Aegislash|97/100|[from] item: Leftovers\n|-heal|p2a: Ting-Lu|100/100 tox|[from] item: Leftovers\n|-damage|p2a: Ting-Lu|88/100 tox|[from] psn\n|upkeep\n|turn|5\n|\n|t:|1771252659\n|switch|p1a: Alomomola|Alomomola, M|100/100\n|-damage|p1a: Alomomola|88/100|[from] Stealth Rock\n|move|p2a: Ting-Lu|Earthquake|p1a: Alomomola\n|-damage|p1a: Alomomola|67/100\n|\n|-heal|p2a: Ting-Lu|94/100 tox|[from] item: Leftovers\n|-damage|p2a: Ting-Lu|76/100 tox|[from] psn\n|upkeep\n|turn|6\n|\n|t:|1771252662\n|switch|p2a: Slowbro|Slowbro, M|100/100\n|move|p1a: Alomomola|Flip Turn|p2a: Slowbro\n|-resisted|p2a: Slowbro\n|-damage|p2a: Slowbro|96/100\n|-damage|p1a: Alomomola|50/100|[from] item: Rocky Helmet|[of] p2a: Slowbro\n|\n|t:|1771252667\n|switch|p1a: Landorus|Landorus-Therian, M, shiny|100/100|[from] Flip Turn\n|-damage|p1a: Landorus|88/100|[from] Stealth Rock\n|-ability|p1a: Landorus|Intimidate|boost\n|-unboost|p2a: Slowbro|atk|1\n|\n|upkeep\n|turn|7\n|\n|t:|1771252671\n|move|p1a: Landorus|Defog|p2a: Slowbro\n|-unboost|p2a: Slowbro|evasion|1\n|-sideend|p1: Yaoshi|Stealth Rock|[from] move: Defog|[of] p1a: Landorus\n|move|p2a: Slowbro|Scald|p1a: Landorus\n|-supereffective|p1a: Landorus\n|-damage|p1a: Landorus|17/100\n|\n|upkeep\n|turn|8\n|\n|t:|1771252678\n|switch|p1a: Alomomola|Alomomola, M|84/100\n|move|p2a: Slowbro|Future Sight|p1a: Alomomola\n|-start|p2a: Slowbro|move: Future Sight\n|\n|upkeep\n|turn|9\n|\n|t:|1771252683\n|move|p1a: Alomomola|Wish|p1a: Alomomola\n|move|p2a: Slowbro|Teleport|p2a: Slowbro\n|\n|t:|1771252687\n|switch|p2a: Tapu Koko|Tapu Koko, shiny|100/100|[from] Teleport\n|-fieldstart|move: Electric Terrain|[from] ability: Electric Surge|[of] p2a: Tapu Koko\n|\n|upkeep\n|turn|10\n|\n|t:|1771252690\n|switch|p1a: Zeraora|Zeraora|100/100\n|move|p2a: Tapu Koko|Thunderbolt|p1a: Zeraora\n|-immune|p1a: Zeraora|[from] ability: Volt Absorb\n|\n|-end|p1a: Zeraora|move: Future Sight\n|-damage|p1a: Zeraora|50/100\n|-heal|p1a: Zeraora|100/100|[from] move: Wish|[wisher] Alomomola\n|upkeep\n|turn|11\n|\n|t:|1771252697\n|switch|p2a: Ting-Lu|Ting-Lu|76/100 tox\n|-ability|p2a: Ting-Lu|Vessel of Ruin\n|move|p1a: Zeraora|Bulk Up|p1a: Zeraora\n|-boost|p1a: Zeraora|atk|1\n|-boost|p1a: Zeraora|def|1\n|\n|-heal|p2a: Ting-Lu|82/100 tox|[from] item: Leftovers\n|-damage|p2a: Ting-Lu|76/100 tox|[from] psn\n|upkeep\n|turn|12\n|\n|t:|1771252704\n|move|p1a: Zeraora|Bulk Up|p1a: Zeraora\n|-boost|p1a: Zeraora|atk|1\n|-boost|p1a: Zeraora|def|1\n|move|p2a: Ting-Lu|Earthquake|p1a: Zeraora\n|-supereffective|p1a: Zeraora\n|-damage|p1a: Zeraora|56/100\n|\n|-heal|p1a: Zeraora|62/100|[from] item: Leftovers\n|-heal|p2a: Ting-Lu|82/100 tox|[from] item: Leftovers\n|-damage|p2a: Ting-Lu|69/100 tox|[from] psn\n|upkeep\n|turn|13\n|\n|t:|1771252711\n|move|p1a: Zeraora|Bulk Up|p1a: Zeraora\n|-boost|p1a: Zeraora|atk|1\n|-boost|p1a: Zeraora|def|1\n|move|p2a: Ting-Lu|Earthquake|p1a: Zeraora\n|-supereffective|p1a: Zeraora\n|-damage|p1a: Zeraora|23/100\n|\n|-heal|p1a: Zeraora|29/100|[from] item: Leftovers\n|-heal|p2a: Ting-Lu|76/100 tox|[from] item: Leftovers\n|-damage|p2a: Ting-Lu|57/100 tox|[from] psn\n|-fieldend|move: Electric Terrain\n|upkeep\n|turn|14\n|\n|t:|1771252717\n|switch|p2a: Tapu Koko|Tapu Koko, shiny|100/100\n|-fieldstart|move: Electric Terrain|[from] ability: Electric Surge|[of] p2a: Tapu Koko\n|move|p1a: Zeraora|Drain Punch|p2a: Tapu Koko\n|-resisted|p2a: Tapu Koko\n|-crit|p2a: Tapu Koko\n|-damage|p2a: Tapu Koko|47/100\n|-heal|p1a: Zeraora|50/100|[from] drain|[of] p2a: Tapu Koko\n|\n|-heal|p1a: Zeraora|57/100|[from] item: Leftovers\n|upkeep\n|turn|15\n|\n|t:|1771252725\n|switch|p2a: Slowbro|Slowbro, M|100/100\n|move|p1a: Zeraora|Plasma Fists|p2a: Slowbro\n|-supereffective|p2a: Slowbro\n|-damage|p2a: Slowbro|0 fnt\n|-fieldactivate|move: Ion Deluge\n|-hint|Normal-type moves become Electric-type after using Plasma Fists.\n|-damage|p1a: Zeraora|40/100|[from] item: Rocky Helmet|[of] p2a: Slowbro\n|faint|p2a: Slowbro\n|\n|-heal|p1a: Zeraora|46/100|[from] item: Leftovers\n|upkeep\n|\n|t:|1771252735\n|switch|p2a: Iron Valiant|Iron Valiant, shiny|100/100\n|-activate|p2a: Iron Valiant|ability: Quark Drive\n|-start|p2a: Iron Valiant|quarkdrivespe\n|turn|16\n|\n|t:|1771252741\n|switch|p1a: Aegislash|Aegislash, F, shiny|97/100\n|move|p2a: Iron Valiant|Close Combat|p1a: Aegislash\n|-immune|p1a: Aegislash\n|\n|-heal|p1a: Aegislash|100/100|[from] item: Leftovers\n|upkeep\n|turn|17\n|\n|t:|1771252746\n|-end|p2a: Iron Valiant|Quark Drive|[silent]\n|switch|p2a: Ting-Lu|Ting-Lu|57/100 tox\n|-ability|p2a: Ting-Lu|Vessel of Ruin\n|-formechange|p1a: Aegislash|Aegislash-Blade||[from] ability: Stance Change\n|move|p1a: Aegislash|Flash Cannon|p2a: Ting-Lu\n|-damage|p2a: Ting-Lu|43/100 tox\n|\n|-heal|p2a: Ting-Lu|49/100 tox|[from] item: Leftovers\n|-damage|p2a: Ting-Lu|43/100 tox|[from] psn\n|upkeep\n|turn|18\n|\n|t:|1771252755\n|switch|p1a: Landorus|Landorus-Therian, M, shiny|17/100\n|-ability|p1a: Landorus|Intimidate|boost\n|-unboost|p2a: Ting-Lu|atk|1\n|move|p2a: Ting-Lu|Stealth Rock|p1a: Landorus\n|-sidestart|p1: Yaoshi|move: Stealth Rock\n|\n|-heal|p2a: Ting-Lu|49/100 tox|[from] item: Leftovers\n|-damage|p2a: Ting-Lu|36/100 tox|[from] psn\n|-fieldend|move: Electric Terrain\n|upkeep\n|turn|19\n|\n|t:|1771252760\n|move|p1a: Landorus|Defog|p2a: Ting-Lu\n|-unboost|p2a: Ting-Lu|evasion|1\n|-sideend|p1: Yaoshi|Stealth Rock|[from] move: Defog|[of] p1a: Landorus\n|move|p2a: Ting-Lu|Stone Edge|p1a: Landorus\n|-crit|p1a: Landorus\n|-damage|p1a: Landorus|0 fnt\n|faint|p1a: Landorus\n|\n|-heal|p2a: Ting-Lu|43/100 tox|[from] item: Leftovers\n|-damage|p2a: Ting-Lu|24/100 tox|[from] psn\n|upkeep\n|\n|t:|1771252764\n|switch|p1a: Zeraora|Zeraora|46/100\n|turn|20\n|\n|t:|1771252769\n|move|p1a: Zeraora|Drain Punch|p2a: Ting-Lu\n|-supereffective|p2a: Ting-Lu\n|-damage|p2a: Ting-Lu|2/100 tox\n|-heal|p1a: Zeraora|62/100|[from] drain|[of] p2a: Ting-Lu\n|move|p2a: Ting-Lu|Earthquake|p1a: Zeraora\n|-supereffective|p1a: Zeraora\n|-damage|p1a: Zeraora|4/100\n|\n|-heal|p1a: Zeraora|10/100|[from] item: Leftovers\n|-heal|p2a: Ting-Lu|8/100 tox|[from] item: Leftovers\n|-damage|p2a: Ting-Lu|0 fnt|[from] psn\n|faint|p2a: Ting-Lu\n|upkeep\n|\n|t:|1771252775\n|switch|p2a: Mawile|Mawile, F|100/100\n|-ability|p2a: Mawile|Intimidate|boost\n|-unboost|p1a: Zeraora|atk|1\n|turn|21\n|\n|t:|1771252780\n|switch|p1a: Alomomola|Alomomola, M|100/100\n|detailschange|p2a: Mawile|Mawile-Mega, F\n|-mega|p2a: Mawile|Mawile|Mawilite\n|move|p2a: Mawile|Knock Off|p1a: Alomomola\n|-damage|p1a: Alomomola|64/100\n|-damage|p2a: Mawile|84/100|[from] item: Rocky Helmet|[of] p1a: Alomomola\n|-enditem|p1a: Alomomola|Rocky Helmet|[from] move: Knock Off|[of] p2a: Mawile\n|\n|upkeep\n|turn|22\n|\n|t:|1771252787\n|move|p2a: Mawile|Play Rough|p1a: Alomomola\n|-damage|p1a: Alomomola|17/100\n|move|p1a: Alomomola|Scald|p2a: Mawile\n|-damage|p2a: Mawile|67/100\n|\n|upkeep\n|turn|23\n|\n|t:|1771252793\n|switch|p1a: Victini|Victini|100/100\n|move|p2a: Mawile|Knock Off|p1a: Victini\n|-supereffective|p1a: Victini\n|-damage|p1a: Victini|12/100\n|\n|upkeep\n|turn|24\n|\n|t:|1771252808\n|switch|p1a: Alomomola|Alomomola, M|51/100\n|move|p2a: Mawile|Sucker Punch||[still]\n|-fail|p2a: Mawile\n|\n|upkeep\n|turn|25\n|\n|t:|1771252814\n|switch|p1a: Victini|Victini|12/100\n|move|p2a: Mawile|Play Rough|p1a: Victini\n|-resisted|p1a: Victini\n|-damage|p1a: Victini|0 fnt\n|faint|p1a: Victini\n|\n|upkeep\n|\n|t:|1771252817\n|switch|p1a: Alomomola|Alomomola, M|84/100\n|turn|26\n|\n|t:|1771252819\n|move|p2a: Mawile|Swords Dance|p2a: Mawile\n|-boost|p2a: Mawile|atk|2\n|move|p1a: Alomomola|Scald|p2a: Mawile\n|-damage|p2a: Mawile|47/100\n|-status|p2a: Mawile|brn\n|\n|-damage|p2a: Mawile|41/100 brn|[from] brn\n|upkeep\n|turn|27\n|\n|t:|1771252826\n|move|p2a: Mawile|Swords Dance|p2a: Mawile\n|-boost|p2a: Mawile|atk|2\n|move|p1a: Alomomola|Flip Turn|p2a: Mawile\n|-damage|p2a: Mawile|25/100 brn\n|\n|t:|1771252830\n|switch|p1a: Zeraora|Zeraora|10/100|[from] Flip Turn\n|\n|-heal|p1a: Zeraora|17/100|[from] item: Leftovers\n|-damage|p2a: Mawile|19/100 brn|[from] brn\n|upkeep\n|turn|28\n|\n|t:|1771252833\n|move|p2a: Mawile|Sucker Punch||[still]\n|-fail|p2a: Mawile\n|move|p1a: Zeraora|Bulk Up|p1a: Zeraora\n|-boost|p1a: Zeraora|atk|1\n|-boost|p1a: Zeraora|def|1\n|\n|-heal|p1a: Zeraora|23/100|[from] item: Leftovers\n|-damage|p2a: Mawile|13/100 brn|[from] brn\n|upkeep\n|turn|29\n|\n|t:|1771252837\n|move|p1a: Zeraora|Bulk Up|p1a: Zeraora\n|-boost|p1a: Zeraora|atk|1\n|-boost|p1a: Zeraora|def|1\n|move|p2a: Mawile|Play Rough|p1a: Zeraora|[miss]\n|-miss|p2a: Mawile|p1a: Zeraora\n|\n|-heal|p1a: Zeraora|29/100|[from] item: Leftovers\n|-damage|p2a: Mawile|7/100 brn|[from] brn\n|upkeep\n|turn|30\n|\n|t:|1771252842\n|move|p2a: Mawile|Sucker Punch||[still]\n|-fail|p2a: Mawile\n|move|p1a: Zeraora|Bulk Up|p1a: Zeraora\n|-boost|p1a: Zeraora|atk|1\n|-boost|p1a: Zeraora|def|1\n|\n|-heal|p1a: Zeraora|35/100|[from] item: Leftovers\n|-damage|p2a: Mawile|1/100 brn|[from] brn\n|upkeep\n|turn|31\n|\n|t:|1771252847\n|move|p2a: Mawile|Sucker Punch||[still]\n|-fail|p2a: Mawile\n|move|p1a: Zeraora|Bulk Up|p1a: Zeraora\n|-boost|p1a: Zeraora|atk|1\n|-boost|p1a: Zeraora|def|1\n|\n|-heal|p1a: Zeraora|41/100|[from] item: Leftovers\n|-damage|p2a: Mawile|0 fnt|[from] brn\n|faint|p2a: Mawile\n|detailschange|p2: Mawile|Mawile, F|[silent]\n|upkeep\n|\n|t:|1771252853\n|switch|p2a: Tapu Koko|Tapu Koko, shiny|47/100\n|-fieldstart|move: Electric Terrain|[from] ability: Electric Surge|[of] p2a: Tapu Koko\n|turn|32\n|\n|t:|1771252858\n|move|p1a: Zeraora|Drain Punch|p2a: Tapu Koko\n|-resisted|p2a: Tapu Koko\n|-damage|p2a: Tapu Koko|0 fnt\n|-heal|p1a: Zeraora|60/100|[from] drain|[of] p2a: Tapu Koko\n|faint|p2a: Tapu Koko\n|\n|-heal|p1a: Zeraora|66/100|[from] item: Leftovers\n|upkeep\n|-message|Oddalex forfeited.\n|\n|win|Yaoshi\n|raw|Yaoshi's rating: 1561 &rarr; <strong>1588</strong><br />(+27 for winning)\n|raw|Oddalex's rating: 1696 &rarr; <strong>1669</strong><br />(-27 for losing)\n|l|‽Oddalex\n|player|p2|\n", "uploadtime": 1771252868, "views": 9, "formatid": "gen9nationaldex", "rating": 1588, "private": 0, "password": null}