{"id": "gen9nationaldex-2540877630", "format": "[Gen 9] National Dex", "players": ["biger01", "Machpunch93"], "log": "|j|☆biger01\n|j|‽Machpunch93\n|t:|1771263143\n|gametype|singles\n|player|p1|biger01|102|1634\n|player|p2|Machpunch93|alder|1674\n|gen|9\n|tier|[Gen 9] National Dex\n|rated|\n|rule|HP Percentage Mod: HP is shown in percentages\n|rule|Endless Battle Clause: Forcing endless battles is banned\n|rule|Species Clause: Limit one of each Pokémon\n|rule|OHKO Clause: OHKO moves are banned\n|rule|Evasion Clause: Evasion abilities, items, and moves are banned\n|rule|Evasion Abilities Clause: Evasion abilities are banned\n|rule|Evasion Items Clause: Evasion items are banned\n|rule|Evasion Moves Clause: Evasion moves are banned\n|rule|Sleep Clause Mod: Limit one foe put to sleep\n|rule|Terastal Clause: You cannot Terastallize\n|clearpoke\n|poke|p1|Cinderace, F|\n|poke|p1|Latios, M|\n|poke|p1|Landorus-Therian, M|\n|poke|p1|Urshifu-*, M|\n|poke|p1|Melmetal|\n|poke|p1|Slowbro, M|\n|poke|p2|Ferrothorn, M|\n|poke|p2|Garchomp, M|\n|poke|p2|Togekiss, M|\n|poke|p2|Gyarados, M|\n|poke|p2|Pelipper, M|\n|poke|p2|Goodra-Hisui, M|\n|teampreview\n|inactive|Battle timer is ON: inactive players will automatically lose when time's up. (requested by biger01)\n|\n|t:|1771263166\n|teamsize|p1|6\n|teamsize|p2|6\n|start\n|switch|p1a: Latios|Latios, M|100/100\n|switch|p2a: Pelipper|Pelipper, M|100/100\n|-weather|RainDance|[from] ability: Drizzle|[of] p2a: Pelipper\n|turn|1\n|\n|t:|1771263181\n|switch|p2a: Goodra|Goodra-Hisui, M|100/100\n|detailschange|p1a: Latios|Latios-Mega, M\n|-mega|p1a: Latios|Latios|Latiosite\n|move|p1a: Latios|Luster Purge|p2a: Goodra\n|-resisted|p2a: Goodra\n|-damage|p2a: Goodra|89/100\n|-unboost|p2a: Goodra|spd|1\n|\n|-weather|RainDance|[upkeep]\n|upkeep\n|turn|2\n|\n|t:|1771263196\n|switch|p1a: Melmetal|Melmetal|100/100\n|switch|p2a: Ferrothorn|Ferrothorn, M|100/100\n|\n|-weather|RainDance|[upkeep]\n|upkeep\n|turn|3\n|\n|t:|1771263206\n|move|p1a: Melmetal|Earthquake|p2a: Ferrothorn\n|-damage|p2a: Ferrothorn|80/100\n|move|p2a: Ferrothorn|Knock Off|p1a: Melmetal\n|-damage|p1a: Melmetal|90/100\n|-enditem|p1a: Melmetal|Leftovers|[from] move: Knock Off|[of] p2a: Ferrothorn\n|\n|-weather|RainDance|[upkeep]\n|upkeep\n|turn|4\n|\n|t:|1771263215\n|switch|p1a: Landorus|Landorus-Therian, M|100/100\n|-ability|p1a: Landorus|Intimidate|boost\n|-unboost|p2a: Ferrothorn|atk|1\n|move|p2a: Ferrothorn|Leech Seed|p1a: Landorus\n|-start|p1a: Landorus|move: Leech Seed\n|\n|-weather|RainDance|[upkeep]\n|-damage|p1a: Landorus|88/100|[from] Leech Seed|[of] p2a: Ferrothorn\n|-heal|p2a: Ferrothorn|91/100|[silent]\n|upkeep\n|turn|5\n|\n|t:|1771263224\n|move|p1a: Landorus|Stealth Rock|p2a: Ferrothorn\n|-sidestart|p2: Machpunch93|move: Stealth Rock\n|move|p2a: Ferrothorn|Knock Off|p1a: Landorus\n|-damage|p1a: Landorus|78/100\n|\n|-weather|none\n|-damage|p1a: Landorus|66/100|[from] Leech Seed|[of] p2a: Ferrothorn\n|-heal|p2a: Ferrothorn|100/100|[silent]\n|upkeep\n|turn|6\n|\n|t:|1771263236\n|switch|p2a: Pelipper|Pelipper, M|100/100\n|-weather|RainDance|[from] ability: Drizzle|[of] p2a: Pelipper\n|move|p1a: Landorus|Earthquake|p2a: Pelipper\n|-immune|p2a: Pelipper\n|\n|-weather|RainDance|[upkeep]\n|-damage|p1a: Landorus|53/100|[from] Leech Seed|[of] p2a: Pelipper\n|upkeep\n|turn|7\n|\n|t:|1771263245\n|switch|p2a: Ferrothorn|Ferrothorn, M|100/100\n|-damage|p2a: Ferrothorn|94/100|[from] Stealth Rock\n|move|p1a: Landorus|Stone Edge|p2a: Ferrothorn\n|-resisted|p2a: Ferrothorn\n|-damage|p2a: Ferrothorn|84/100\n|\n|-weather|RainDance|[upkeep]\n|-damage|p1a: Landorus|41/100|[from] Leech Seed|[of] p2a: Ferrothorn\n|-heal|p2a: Ferrothorn|95/100|[silent]\n|upkeep\n|turn|8\n|\n|t:|1771263257\n|move|p2a: Ferrothorn|Protect|p2a: Ferrothorn\n|-singleturn|p2a: Ferrothorn|Protect\n|move|p1a: Landorus|Earthquake|p2a: Ferrothorn\n|-activate|p2a: Ferrothorn|move: Protect\n|\n|-weather|RainDance|[upkeep]\n|-damage|p1a: Landorus|29/100|[from] Leech Seed|[of] p2a: Ferrothorn\n|-heal|p2a: Ferrothorn|100/100|[silent]\n|upkeep\n|turn|9\n|\n|t:|1771263271\n|move|p1a: Landorus|Earthquake|p2a: Ferrothorn\n|-crit|p2a: Ferrothorn\n|-damage|p2a: Ferrothorn|48/100\n|move|p2a: Ferrothorn|Body Press|p1a: Landorus\n|-resisted|p1a: Landorus\n|-damage|p1a: Landorus|11/100\n|\n|-weather|RainDance|[upkeep]\n|-damage|p1a: Landorus|0 fnt|[from] Leech Seed|[of] p2a: Ferrothorn\n|-heal|p2a: Ferrothorn|57/100|[silent]\n|faint|p1a: Landorus\n|upkeep\n|\n|t:|1771263282\n|switch|p1a: Urshifu|Urshifu-Rapid-Strike, M|100/100\n|turn|10\n|\n|t:|1771263292\n|move|p1a: Urshifu|Close Combat|p2a: Ferrothorn\n|-supereffective|p2a: Ferrothorn\n|-damage|p2a: Ferrothorn|0 fnt\n|-unboost|p1a: Urshifu|def|1\n|-unboost|p1a: Urshifu|spd|1\n|-damage|p1a: Urshifu|88/100|[from] ability: Iron Barbs|[of] p2a: Ferrothorn\n|-damage|p1a: Urshifu|72/100|[from] item: Rocky Helmet|[of] p2a: Ferrothorn\n|faint|p2a: Ferrothorn\n|\n|-weather|none\n|upkeep\n|\n|t:|1771263322\n|switch|p2a: Togekiss|Togekiss, M|100/100\n|-damage|p2a: Togekiss|76/100|[from] Stealth Rock\n|turn|11\n|inactive|Machpunch93 has 120 seconds left.\n|\n|t:|1771263346\n|switch|p1a: Melmetal|Melmetal|90/100\n|move|p2a: Togekiss|Trick|p1a: Melmetal\n|-activate|p2a: Togekiss|move: Trick|[of] p1a: Melmetal\n|-item|p1a: Melmetal|Choice Scarf|[from] move: Trick\n|-enditem|p2a: Togekiss|Choice Scarf|[silent]|[from] move: Trick\n|\n|upkeep\n|turn|12\n|inactive|Machpunch93 has 120 seconds left.\n|\n|t:|1771263360\n|switch|p2a: Gyarados|Gyarados, M|100/100\n|-damage|p2a: Gyarados|76/100|[from] Stealth Rock\n|-ability|p2a: Gyarados|Intimidate|boost\n|-unboost|p1a: Melmetal|atk|1\n|move|p1a: Melmetal|Earthquake|p2a: Gyarados\n|-immune|p2a: Gyarados\n|\n|upkeep\n|turn|13\n|\n|t:|1771263371\n|switch|p1a: Urshifu|Urshifu-Rapid-Strike, M|72/100\n|move|p2a: Gyarados|Dragon Dance|p2a: Gyarados\n|-boost|p2a: Gyarados|atk|1\n|-boost|p2a: Gyarados|spe|1\n|\n|upkeep\n|turn|14\n|inactive|Machpunch93 has 120 seconds left.\n|\n|t:|1771263395\n|move|p1a: Urshifu|Close Combat|p2a: Gyarados\n|-resisted|p2a: Gyarados\n|-damage|p2a: Gyarados|38/100\n|-unboost|p1a: Urshifu|def|1\n|-unboost|p1a: Urshifu|spd|1\n|move|p2a: Gyarados|Dragon Dance|p2a: Gyarados\n|-boost|p2a: Gyarados|atk|1\n|-boost|p2a: Gyarados|spe|1\n|\n|upkeep\n|turn|15\n|inactive|Machpunch93 has 120 seconds left.\n|\n|t:|1771263405\n|detailschange|p2a: Gyarados|Gyarados-Mega, M\n|-mega|p2a: Gyarados|Gyarados|Gyaradosite\n|-ability|p2a: Gyarados|Mold Breaker\n|move|p2a: Gyarados|Power Whip|p1a: Urshifu\n|-supereffective|p1a: Urshifu\n|-damage|p1a: Urshifu|0 fnt\n|faint|p1a: Urshifu\n|\n|upkeep\n|\n|t:|1771263411\n|switch|p1a: Melmetal|Melmetal|90/100\n|turn|16\n|\n|t:|1771263416\n|move|p2a: Gyarados|Waterfall|p1a: Melmetal\n|-damage|p1a: Melmetal|37/100\n|move|p1a: Melmetal|Double Iron Bash|p2a: Gyarados\n|-resisted|p2a: Gyarados\n|-damage|p2a: Gyarados|19/100\n|-resisted|p2a: Gyarados\n|-damage|p2a: Gyarados|0 fnt\n|faint|p2a: Gyarados\n|detailschange|p2: Gyarados|Gyarados, M|[silent]\n|-hitcount|p2: Gyarados|2\n|\n|upkeep\n|inactive|Machpunch93 has 120 seconds left.\n|\n|t:|1771263432\n|switch|p2a: Pelipper|Pelipper, M|100/100\n|-weather|RainDance|[from] ability: Drizzle|[of] p2a: Pelipper\n|turn|17\n|\n|t:|1771263438\n|move|p2a: Pelipper|Defog|p1a: Melmetal\n|-unboost|p1a: Melmetal|evasion|1\n|-sideend|p2: Machpunch93|Stealth Rock|[from] move: Defog|[of] p2a: Pelipper\n|move|p1a: Melmetal|Double Iron Bash|p2a: Pelipper\n|-resisted|p2a: Pelipper\n|-damage|p2a: Pelipper|81/100\n|-resisted|p2a: Pelipper\n|-damage|p2a: Pelipper|62/100\n|-hitcount|p2a: Pelipper|2\n|\n|-weather|RainDance|[upkeep]\n|upkeep\n|turn|18\n|\n|t:|1771263448\n|move|p2a: Pelipper|Scald|p1a: Melmetal\n|-damage|p1a: Melmetal|0 fnt\n|faint|p1a: Melmetal\n|\n|-weather|RainDance|[upkeep]\n|upkeep\n|\n|t:|1771263453\n|switch|p1a: Latios|Latios-Mega, M|100/100\n|turn|19\n|\n|t:|1771263460\n|move|p1a: Latios|Luster Purge|p2a: Pelipper\n|-damage|p2a: Pelipper|0 fnt\n|faint|p2a: Pelipper\n|\n|-weather|RainDance|[upkeep]\n|upkeep\n|\n|t:|1771263468\n|switch|p2a: Togekiss|Togekiss, M|76/100\n|turn|20\n|\n|t:|1771263482\n|switch|p1a: Cinderace|Cinderace, F|100/100\n|move|p2a: Togekiss|Air Slash|p1a: Cinderace\n|-damage|p1a: Cinderace|43/100\n|\n|-weather|RainDance|[upkeep]\n|upkeep\n|turn|21\n|\n|t:|1771263493\n|move|p1a: Cinderace|Pyro Ball|p2a: Togekiss\n|-damage|p2a: Togekiss|45/100\n|move|p2a: Togekiss|Air Slash|p1a: Cinderace\n|-damage|p1a: Cinderace|0 fnt\n|faint|p1a: Cinderace\n|\n|-weather|none\n|upkeep\n|\n|t:|1771263498\n|switch|p1a: Latios|Latios-Mega, M|100/100\n|turn|22\n|\n|t:|1771263511\n|move|p1a: Latios|Luster Purge|p2a: Togekiss\n|-damage|p2a: Togekiss|0 fnt\n|faint|p2a: Togekiss\n|\n|upkeep\n|\n|t:|1771263523\n|switch|p2a: Goodra|Goodra-Hisui, M|89/100\n|turn|23\n|\n|t:|1771263528\n|switch|p1a: Slowbro|Slowbro, M|100/100\n|move|p2a: Goodra|Ice Beam|p1a: Slowbro\n|-resisted|p1a: Slowbro\n|-damage|p1a: Slowbro|86/100\n|\n|upkeep\n|turn|24\n|\n|t:|1771263535\n|move|p2a: Goodra|Thunderbolt|p1a: Slowbro\n|-supereffective|p1a: Slowbro\n|-damage|p1a: Slowbro|19/100\n|move|p1a: Slowbro|Future Sight|p2a: Goodra\n|-start|p1a: Slowbro|move: Future Sight\n|\n|upkeep\n|turn|25\n|\n|t:|1771263541\n|switch|p1a: Latios|Latios-Mega, M|100/100\n|move|p2a: Goodra|Thunderbolt|p1a: Latios\n|-resisted|p1a: Latios\n|-damage|p1a: Latios|86/100\n|\n|upkeep\n|turn|26\n|\n|t:|1771263547\n|move|p1a: Latios|Mystical Fire|p2a: Goodra\n|-damage|p2a: Goodra|74/100\n|-unboost|p2a: Goodra|spa|1\n|move|p2a: Goodra|Ice Beam|p1a: Latios\n|-supereffective|p1a: Latios\n|-damage|p1a: Latios|48/100\n|\n|-end|p2a: Goodra|move: Future Sight\n|-resisted|p2a: Goodra\n|-damage|p2a: Goodra|64/100\n|upkeep\n|turn|27\n|\n|t:|1771263558\n|move|p1a: Latios|Recover|p1a: Latios\n|-heal|p1a: Latios|99/100\n|move|p2a: Goodra|Thunderbolt|p1a: Latios\n|-resisted|p1a: Latios\n|-damage|p1a: Latios|88/100\n|\n|upkeep\n|turn|28\n|\n|t:|1771263567\n|move|p1a: Latios|Mystical Fire|p2a: Goodra\n|-damage|p2a: Goodra|50/100\n|-unboost|p2a: Goodra|spa|1\n|move|p2a: Goodra|Ice Beam|p1a: Latios\n|-supereffective|p1a: Latios\n|-damage|p1a: Latios|56/100\n|-status|p1a: Latios|frz\n|\n|upkeep\n|turn|29\n|\n|t:|1771263577\n|switch|p2a: Garchomp|Garchomp, M|100/100\n|cant|p1a: Latios|frz\n|\n|upkeep\n|turn|30\n|j| serendipity119\n|\n|t:|1771263582\n|cant|p1a: Latios|frz\n|move|p2a: Garchomp|Scale Shot|p1a: Latios\n|-supereffective|p1a: Latios\n|-damage|p1a: Latios|28/100 frz\n|-supereffective|p1a: Latios\n|-damage|p1a: Latios|0 fnt\n|faint|p1a: Latios\n|detailschange|p1: Latios|Latios, M|[silent]\n|-hitcount|p1: Latios|2\n|-unboost|p2a: Garchomp|def|1\n|-boost|p2a: Garchomp|spe|1\n|\n|upkeep\n|c|☆biger01|nice freeze\n|\n|t:|1771263595\n|switch|p1a: Slowbro|Slowbro, M|52/100\n|turn|31\n|-message|biger01 forfeited.\n|\n|win|Machpunch93\n|raw|biger01's rating: 1634 &rarr; <strong>1616</strong><br />(-18 for losing)\n|raw|Machpunch93's rating: 1674 &rarr; <strong>1692</strong><br />(+18 for winning)\n|l|☆biger01\n|player|p1|\n|l|‽Machpunch93\n|player|p2|\n", "uploadtime": 1771263827, "views": 4, "formatid": "gen9nationaldex", "rating": 1616, "private": 0, "password": null}