{"id": "gen9nationaldex-2540647374", "format": "[Gen 9] National Dex", "players": ["pixl toshy", "bambuskarol"], "log": "|j|☆pixl toshy\n|j|☆bambuskarol\n|t:|1771233645\n|gametype|singles\n|player|p1|pixl toshy|170|1612\n|player|p2|bambuskarol|2|1672\n|gen|9\n|tier|[Gen 9] National Dex\n|rated|\n|rule|HP Percentage Mod: HP is shown in percentages\n|rule|Endless Battle Clause: Forcing endless battles is banned\n|rule|Species Clause: Limit one of each Pokémon\n|rule|OHKO Clause: OHKO moves are banned\n|rule|Evasion Clause: Evasion abilities, items, and moves are banned\n|rule|Evasion Abilities Clause: Evasion abilities are banned\n|rule|Evasion Items Clause: Evasion items are banned\n|rule|Evasion Moves Clause: Evasion moves are banned\n|rule|Sleep Clause Mod: Limit one foe put to sleep\n|rule|Terastal Clause: You cannot Terastallize\n|clearpoke\n|poke|p1|Heracross, F|\n|poke|p1|Tapu Lele|\n|poke|p1|Ribombee, F|\n|poke|p1|Tapu Koko|\n|poke|p1|Gholdengo|\n|poke|p1|Tyranitar, M|\n|poke|p2|Charizard, F|\n|poke|p2|Great Tusk|\n|poke|p2|Raging Bolt|\n|poke|p2|Heatran, M|\n|poke|p2|Hatterene, F|\n|poke|p2|Ogerpon-Wellspring, F|\n|teampreview\n|inactive|Battle timer is ON: inactive players will automatically lose when time's up. (requested by bambuskarol)\n|\n|t:|1771233652\n|teamsize|p1|6\n|teamsize|p2|6\n|start\n|switch|p1a: Heracross|Heracross, F|100/100\n|switch|p2a: Ogerpon|Ogerpon-Wellspring, F|100/100\n|turn|1\n|\n|t:|1771233657\n|detailschange|p1a: Heracross|Heracross-Mega, F\n|-mega|p1a: Heracross|Heracross|Heracronite\n|move|p2a: Ogerpon|U-turn|p1a: Heracross\n|-resisted|p1a: Heracross\n|-damage|p1a: Heracross|87/100\n|\n|t:|1771233665\n|switch|p2a: Heatran|Heatran, M|100/100|[from] U-turn\n|move|p1a: Heracross|Pin Missile|p2a: Heatran\n|-resisted|p2a: Heatran\n|-damage|p2a: Heatran|96/100\n|-resisted|p2a: Heatran\n|-damage|p2a: Heatran|92/100\n|-resisted|p2a: Heatran\n|-damage|p2a: Heatran|88/100\n|-resisted|p2a: Heatran\n|-damage|p2a: Heatran|84/100\n|-resisted|p2a: Heatran\n|-damage|p2a: Heatran|80/100\n|-hitcount|p2a: Heatran|5\n|\n|upkeep\n|turn|2\n|\n|t:|1771233667\n|move|p2a: Heatran|Eruption|p1a: Heracross\n|-supereffective|p1a: Heracross\n|-damage|p1a: Heracross|0 fnt\n|faint|p1a: Heracross\n|detailschange|p1: Heracross|Heracross, F|[silent]\n|\n|upkeep\n|\n|t:|1771233672\n|switch|p1a: Tyranitar|Tyranitar, M|100/100\n|-weather|Sandstorm|[from] ability: Sand Stream|[of] p1a: Tyranitar\n|turn|3\n|\n|t:|1771233677\n|switch|p2a: Great Tusk|Great Tusk|100/100\n|move|p1a: Tyranitar|Iron Head|p2a: Great Tusk\n|-damage|p2a: Great Tusk|86/100\n|-damage|p1a: Tyranitar|84/100|[from] item: Rocky Helmet|[of] p2a: Great Tusk\n|\n|-weather|Sandstorm|[upkeep]\n|-heal|p1a: Tyranitar|90/100|[from] item: Leftovers\n|upkeep\n|turn|4\n|\n|t:|1771233680\n|switch|p1a: Ribombee|Ribombee, F|100/100\n|move|p2a: Great Tusk|Stealth Rock|p1a: Ribombee\n|-sidestart|p1: pixl toshy|move: Stealth Rock\n|\n|-weather|Sandstorm|[upkeep]\n|-damage|p1a: Ribombee|94/100|[from] Sandstorm\n|upkeep\n|turn|5\n|\n|t:|1771233683\n|-end|p2a: Great Tusk|Protosynthesis|[silent]\n|switch|p2a: Hatterene|Hatterene, F|100/100\n|move|p1a: Ribombee|Moonblast|p2a: Hatterene\n|-damage|p2a: Hatterene|77/100\n|\n|-weather|Sandstorm|[upkeep]\n|-damage|p1a: Ribombee|88/100|[from] Sandstorm\n|-damage|p2a: Hatterene|71/100|[from] Sandstorm\n|upkeep\n|turn|6\n|\n|t:|1771233688\n|move|p1a: Ribombee|U-turn|p2a: Hatterene\n|-damage|p2a: Hatterene|57/100\n|\n|t:|1771233691\n|switch|p1a: Tyranitar|Tyranitar, M|90/100|[from] U-turn\n|-damage|p1a: Tyranitar|78/100|[from] Stealth Rock\n|move|p2a: Hatterene|Draining Kiss|p1a: Tyranitar\n|-supereffective|p1a: Tyranitar\n|-crit|p1a: Tyranitar\n|-damage|p1a: Tyranitar|20/100\n|-heal|p2a: Hatterene|100/100|[from] drain|[of] p1a: Tyranitar\n|\n|-weather|Sandstorm|[upkeep]\n|-damage|p2a: Hatterene|95/100|[from] Sandstorm\n|-heal|p1a: Tyranitar|26/100|[from] item: Leftovers\n|upkeep\n|turn|7\n|\n|t:|1771233703\n|switch|p2a: Great Tusk|Great Tusk|86/100\n|move|p1a: Tyranitar|Stealth Rock|p2a: Great Tusk\n|-sidestart|p2: bambuskarol|move: Stealth Rock\n|\n|-weather|none\n|-heal|p1a: Tyranitar|32/100|[from] item: Leftovers\n|upkeep\n|turn|8\n|\n|t:|1771233709\n|switch|p1a: Gholdengo|Gholdengo|100/100\n|-damage|p1a: Gholdengo|94/100|[from] Stealth Rock\n|-item|p1a: Gholdengo|Air Balloon\n|move|p2a: Great Tusk|Headlong Rush|p1a: Gholdengo\n|-immune|p1a: Gholdengo\n|\n|upkeep\n|turn|9\n|\n|t:|1771233714\n|move|p1a: Gholdengo|Make It Rain|p2a: Great Tusk\n|-damage|p2a: Great Tusk|7/100\n|-unboost|p1a: Gholdengo|spa|1\n|move|p2a: Great Tusk|Ice Spinner|p1a: Gholdengo\n|-resisted|p1a: Gholdengo\n|-damage|p1a: Gholdengo|82/100\n|-enditem|p1a: Gholdengo|Air Balloon\n|\n|upkeep\n|turn|10\n|\n|t:|1771233723\n|-end|p2a: Great Tusk|Protosynthesis|[silent]\n|switch|p2a: Heatran|Heatran, M|80/100\n|-damage|p2a: Heatran|67/100|[from] Stealth Rock\n|move|p1a: Gholdengo|Shadow Ball|p2a: Heatran\n|-damage|p2a: Heatran|37/100\n|\n|upkeep\n|turn|11\n|\n|t:|1771233730\n|switch|p1a: Tyranitar|Tyranitar, M|32/100\n|-damage|p1a: Tyranitar|20/100|[from] Stealth Rock\n|-weather|Sandstorm|[from] ability: Sand Stream|[of] p1a: Tyranitar\n|move|p2a: Heatran|Earth Power|p1a: Tyranitar\n|-supereffective|p1a: Tyranitar\n|-damage|p1a: Tyranitar|0 fnt\n|faint|p1a: Tyranitar\n|\n|-weather|Sandstorm|[upkeep]\n|upkeep\n|\n|t:|1771233736\n|switch|p1a: Gholdengo|Gholdengo|82/100\n|-damage|p1a: Gholdengo|76/100|[from] Stealth Rock\n|turn|12\n|\n|t:|1771233738\n|move|p2a: Heatran|Earth Power|p1a: Gholdengo\n|-supereffective|p1a: Gholdengo\n|-damage|p1a: Gholdengo|0 fnt\n|faint|p1a: Gholdengo\n|\n|-weather|Sandstorm|[upkeep]\n|upkeep\n|c|☆pixl toshy|i'ms tupid\n|\n|t:|1771233743\n|switch|p1a: Tapu Koko|Tapu Koko|100/100\n|-damage|p1a: Tapu Koko|88/100|[from] Stealth Rock\n|-fieldstart|move: Electric Terrain|[from] ability: Electric Surge|[of] p1a: Tapu Koko\n|-item|p1a: Tapu Koko|Air Balloon\n|turn|13\n|\n|t:|1771233749\n|switch|p2a: Great Tusk|Great Tusk|7/100\n|-damage|p2a: Great Tusk|4/100|[from] Stealth Rock\n|move|p1a: Tapu Koko|Volt Switch|p2a: Great Tusk\n|-immune|p2a: Great Tusk\n|\n|-weather|Sandstorm|[upkeep]\n|-damage|p1a: Tapu Koko|82/100|[from] Sandstorm\n|upkeep\n|turn|14\n|\n|t:|1771233755\n|move|p1a: Tapu Koko|Grass Knot|p2a: Great Tusk\n|-supereffective|p2a: Great Tusk\n|-damage|p2a: Great Tusk|0 fnt\n|-damage|p1a: Tapu Koko|66/100|[from] item: Rocky Helmet|[of] p2a: Great Tusk\n|faint|p2a: Great Tusk\n|-end|p2a: Great Tusk|Protosynthesis|[silent]\n|\n|-weather|Sandstorm|[upkeep]\n|-damage|p1a: Tapu Koko|60/100|[from] Sandstorm\n|upkeep\n|j| Vaitas\n|\n|t:|1771233759\n|switch|p2a: Hatterene|Hatterene, F|95/100\n|-damage|p2a: Hatterene|82/100|[from] Stealth Rock\n|turn|15\n|\n|t:|1771233767\n|move|p1a: Tapu Koko|Thunderbolt|p2a: Hatterene\n|-damage|p2a: Hatterene|60/100\n|move|p2a: Hatterene|Psyshock|p1a: Tapu Koko\n|-crit|p1a: Tapu Koko\n|-damage|p1a: Tapu Koko|0 fnt\n|-enditem|p1a: Tapu Koko|Air Balloon\n|faint|p1a: Tapu Koko\n|\n|-weather|none\n|upkeep\n|-message|pixl toshy forfeited.\n|\n|win|bambuskarol\n|raw|pixl toshy's rating: 1612 &rarr; <strong>1595</strong><br />(-17 for losing)\n|raw|bambuskarol's rating: 1672 &rarr; <strong>1689</strong><br />(+17 for winning)\n|l|☆pixl toshy\n|player|p1|\n|l|☆bambuskarol\n|player|p2|\n|l| Vaitas\n", "uploadtime": 1771233909, "views": 10, "formatid": "gen9nationaldex", "rating": 1595, "private": 0, "password": null}