{"id": "gen9nationaldex-2540633852", "format": "[Gen 9] National Dex", "players": ["redfoxTAP", "Jadii_Xii"], "log": "|j|☆redfoxTAP\n|j|☆Jadii_Xii\n|t:|1771231222\n|gametype|singles\n|player|p1|redfoxTAP|hiker-gen4|1524\n|player|p2|Jadii_Xii|aaron|1593\n|gen|9\n|tier|[Gen 9] National Dex\n|rated|\n|rule|HP Percentage Mod: HP is shown in percentages\n|rule|Endless Battle Clause: Forcing endless battles is banned\n|rule|Species Clause: Limit one of each Pokémon\n|rule|OHKO Clause: OHKO moves are banned\n|rule|Evasion Clause: Evasion abilities, items, and moves are banned\n|rule|Evasion Abilities Clause: Evasion abilities are banned\n|rule|Evasion Items Clause: Evasion items are banned\n|rule|Evasion Moves Clause: Evasion moves are banned\n|rule|Sleep Clause Mod: Limit one foe put to sleep\n|rule|Terastal Clause: You cannot Terastallize\n|clearpoke\n|poke|p1|Shedinja|\n|poke|p1|Blissey, F|\n|poke|p1|Toxapex, F|\n|poke|p1|Gholdengo|\n|poke|p1|Skarmory, F|\n|poke|p1|Gliscor, F|\n|poke|p2|Urshifu-*, M|\n|poke|p2|Porygon-Z|\n|poke|p2|Gengar, F|\n|poke|p2|Grimmsnarl, M|\n|poke|p2|Garchomp, F|\n|poke|p2|Volcarona, M|\n|teampreview\n|inactive|Battle timer is ON: inactive players will automatically lose when time's up. (requested by redfoxTAP)\n|\n|t:|1771231228\n|teamsize|p1|6\n|teamsize|p2|6\n|start\n|switch|p1a: Gliscor|Gliscor, F|100/100\n|switch|p2a: Porygon-Z|Porygon-Z, shiny|100/100\n|-ability|p2a: Porygon-Z|Download|boost\n|-boost|p2a: Porygon-Z|spa|1\n|turn|1\n|\n|t:|1771231233\n|move|p1a: Gliscor|Protect|p1a: Gliscor\n|-singleturn|p1a: Gliscor|Protect\n|move|p2a: Porygon-Z|Ice Beam|p1a: Gliscor\n|-activate|p1a: Gliscor|move: Protect\n|\n|-status|p1a: Gliscor|tox|[from] item: Toxic Orb\n|upkeep\n|turn|2\n|\n|t:|1771231237\n|switch|p2a: Gengar|Gengar, F|100/100\n|switch|p1a: Toxapex|Toxapex, F|100/100\n|\n|upkeep\n|turn|3\n|\n|t:|1771231244\n|move|p2a: Gengar|Mean Look|p1a: Toxapex\n|-activate|p1a: Toxapex|trapped\n|move|p1a: Toxapex|Knock Off|p2a: Gengar\n|-supereffective|p2a: Gengar\n|-damage|p2a: Gengar|44/100\n|-enditem|p2a: Gengar|Focus Sash|[from] move: Knock Off|[of] p1a: Toxapex\n|\n|upkeep\n|turn|4\n|\n|t:|1771231252\n|switch|p2a: Garchomp|Garchomp, F|100/100\n|move|p1a: Toxapex|Scald|p2a: Garchomp\n|-damage|p2a: Garchomp|85/100\n|\n|upkeep\n|turn|5\n|\n|t:|1771231262\n|switch|p1a: Gliscor|Gliscor, F|100/100 tox\n|move|p2a: Garchomp|Earthquake|p1a: Gliscor\n|-immune|p1a: Gliscor\n|\n|upkeep\n|turn|6\n|\n|t:|1771231265\n|move|p2a: Garchomp|Stealth Rock|p1a: Gliscor\n|-sidestart|p1: redfoxTAP|move: Stealth Rock\n|move|p1a: Gliscor|Toxic|p2a: Garchomp\n|-status|p2a: Garchomp|tox\n|\n|-damage|p2a: Garchomp|78/100 tox|[from] psn\n|upkeep\n|turn|7\n|\n|t:|1771231268\n|switch|p2a: Volcarona|Volcarona, M|100/100\n|move|p1a: Gliscor|Stealth Rock|p2a: Volcarona\n|-sidestart|p2: Jadii_Xii|move: Stealth Rock\n|\n|upkeep\n|turn|8\n|\n|t:|1771231271\n|switch|p2a: Garchomp|Garchomp, F|78/100 tox\n|-damage|p2a: Garchomp|72/100 tox|[from] Stealth Rock\n|switch|p1a: Blissey|Blissey, F|100/100\n|\n|-damage|p2a: Garchomp|66/100 tox|[from] psn\n|upkeep\n|turn|9\n|\n|t:|1771231276\n|switch|p1a: Gliscor|Gliscor, F|100/100 tox\n|-damage|p1a: Gliscor|88/100 tox|[from] Stealth Rock\n|move|p2a: Garchomp|Earthquake|p1a: Gliscor\n|-immune|p1a: Gliscor\n|\n|-damage|p2a: Garchomp|54/100 tox|[from] psn\n|-heal|p1a: Gliscor|100/100 tox|[from] ability: Poison Heal\n|upkeep\n|turn|10\n|\n|t:|1771231284\n|move|p1a: Gliscor|Earthquake|p2a: Garchomp\n|-damage|p2a: Garchomp|28/100 tox\n|move|p2a: Garchomp|Roar|p1a: Gliscor\n|drag|p1a: Shedinja|Shedinja|100/100\n|\n|-damage|p2a: Garchomp|10/100 tox|[from] psn\n|upkeep\n|turn|11\n|\n|t:|1771231290\n|move|p1a: Shedinja|Protect|p1a: Shedinja\n|-singleturn|p1a: Shedinja|Protect\n|move|p2a: Garchomp|Roar|p1a: Shedinja\n|drag|p1a: Blissey|Blissey, F|100/100\n|\n|-damage|p2a: Garchomp|0 fnt|[from] psn\n|faint|p2a: Garchomp\n|upkeep\n|\n|t:|1771231295\n|switch|p2a: Gengar|Gengar, F|44/100\n|-damage|p2a: Gengar|32/100|[from] Stealth Rock\n|turn|12\n|\n|t:|1771231301\n|switch|p1a: Toxapex|Toxapex, F|100/100\n|move|p2a: Gengar|Mean Look|p1a: Toxapex\n|-activate|p1a: Toxapex|trapped\n|\n|upkeep\n|turn|13\n|\n|t:|1771231306\n|move|p2a: Gengar|Taunt|p1a: Toxapex\n|-start|p1a: Toxapex|move: Taunt\n|move|p1a: Toxapex|Knock Off|p2a: Gengar\n|-supereffective|p2a: Gengar\n|-damage|p2a: Gengar|0 fnt\n|faint|p2a: Gengar\n|\n|upkeep\n|\n|t:|1771231311\n|switch|p2a: Urshifu|Urshifu-Rapid-Strike, M|100/100\n|-damage|p2a: Urshifu|94/100|[from] Stealth Rock\n|turn|14\n|\n|t:|1771231316\n|switch|p2a: Porygon-Z|Porygon-Z, shiny|100/100\n|-damage|p2a: Porygon-Z|88/100|[from] Stealth Rock\n|-ability|p2a: Porygon-Z|Download|boost\n|-boost|p2a: Porygon-Z|spa|1\n|move|p1a: Toxapex|Knock Off|p2a: Porygon-Z\n|-damage|p2a: Porygon-Z|72/100\n|\n|upkeep\n|turn|15\n|\n|t:|1771231322\n|switch|p1a: Blissey|Blissey, F|100/100\n|move|p2a: Porygon-Z|Thunderbolt|p1a: Blissey\n|-damage|p1a: Blissey|85/100\n|\n|upkeep\n|turn|16\n|\n|t:|1771231327\n|move|p2a: Porygon-Z|Conversion|p2a: Porygon-Z\n|-start|p2a: Porygon-Z|typechange|Ghost\n|move|p1a: Blissey|Seismic Toss|p2a: Porygon-Z\n|-immune|p2a: Porygon-Z\n|\n|upkeep\n|turn|17\n|\n|t:|1771231331\n|move|p2a: Porygon-Z|Thunderbolt|p1a: Blissey\n|-damage|p1a: Blissey|70/100\n|move|p1a: Blissey|Calm Mind|p1a: Blissey\n|-boost|p1a: Blissey|spa|1\n|-boost|p1a: Blissey|spd|1\n|\n|upkeep\n|turn|18\n|\n|t:|1771231335\n|switch|p2a: Urshifu|Urshifu-Rapid-Strike, M|94/100\n|-damage|p2a: Urshifu|88/100|[from] Stealth Rock\n|move|p1a: Blissey|Calm Mind|p1a: Blissey\n|-boost|p1a: Blissey|spa|1\n|-boost|p1a: Blissey|spd|1\n|\n|upkeep\n|turn|19\n|\n|t:|1771231337\n|switch|p1a: Toxapex|Toxapex, F|100/100\n|move|p2a: Urshifu|Drain Punch|p1a: Toxapex\n|-resisted|p1a: Toxapex\n|-damage|p1a: Toxapex|87/100\n|-heal|p2a: Urshifu|94/100|[from] drain|[of] p1a: Toxapex\n|\n|upkeep\n|turn|20\n|\n|t:|1771231344\n|switch|p2a: Grimmsnarl|Grimmsnarl, M|100/100\n|-damage|p2a: Grimmsnarl|88/100|[from] Stealth Rock\n|move|p1a: Toxapex|Toxic|p2a: Grimmsnarl\n|-status|p2a: Grimmsnarl|tox\n|\n|-damage|p2a: Grimmsnarl|82/100 tox|[from] psn\n|upkeep\n|turn|21\n|\n|t:|1771231348\n|switch|p1a: Gholdengo|Gholdengo|100/100\n|move|p2a: Grimmsnarl|Thunder Wave|p1a: Gholdengo\n|-immune|p1a: Gholdengo|[from] ability: Good as Gold\n|\n|-damage|p2a: Grimmsnarl|70/100 tox|[from] psn\n|upkeep\n|turn|22\n|\n|t:|1771231360\n|switch|p1a: Blissey|Blissey, F|70/100\n|switch|p2a: Volcarona|Volcarona, M|100/100\n|\n|upkeep\n|turn|23\n|\n|t:|1771231367\n|move|p2a: Volcarona|Quiver Dance|p2a: Volcarona\n|-boost|p2a: Volcarona|spa|1\n|-boost|p2a: Volcarona|spd|1\n|-boost|p2a: Volcarona|spe|1\n|move|p1a: Blissey|Wish|p1a: Blissey\n|\n|upkeep\n|turn|24\n|\n|t:|1771231369\n|move|p2a: Volcarona|Quiver Dance|p2a: Volcarona\n|-boost|p2a: Volcarona|spa|1\n|-boost|p2a: Volcarona|spd|1\n|-boost|p2a: Volcarona|spe|1\n|move|p1a: Blissey|Calm Mind|p1a: Blissey\n|-boost|p1a: Blissey|spa|1\n|-boost|p1a: Blissey|spd|1\n|\n|-heal|p1a: Blissey|100/100|[from] move: Wish|[wisher] Blissey\n|upkeep\n|turn|25\n|\n|t:|1771231371\n|move|p2a: Volcarona|Quiver Dance|p2a: Volcarona\n|-boost|p2a: Volcarona|spa|1\n|-boost|p2a: Volcarona|spd|1\n|-boost|p2a: Volcarona|spe|1\n|move|p1a: Blissey|Calm Mind|p1a: Blissey\n|-boost|p1a: Blissey|spa|1\n|-boost|p1a: Blissey|spd|1\n|\n|upkeep\n|turn|26\n|\n|t:|1771231372\n|move|p2a: Volcarona|Quiver Dance|p2a: Volcarona\n|-boost|p2a: Volcarona|spa|1\n|-boost|p2a: Volcarona|spd|1\n|-boost|p2a: Volcarona|spe|1\n|move|p1a: Blissey|Calm Mind|p1a: Blissey\n|-boost|p1a: Blissey|spa|1\n|-boost|p1a: Blissey|spd|1\n|\n|upkeep\n|turn|27\n|\n|t:|1771231374\n|move|p2a: Volcarona|Quiver Dance|p2a: Volcarona\n|-boost|p2a: Volcarona|spa|1\n|-boost|p2a: Volcarona|spd|1\n|-boost|p2a: Volcarona|spe|1\n|move|p1a: Blissey|Calm Mind|p1a: Blissey\n|-boost|p1a: Blissey|spa|1\n|-boost|p1a: Blissey|spd|1\n|\n|upkeep\n|turn|28\n|\n|t:|1771231375\n|move|p2a: Volcarona|Quiver Dance|p2a: Volcarona\n|-boost|p2a: Volcarona|spa|1\n|-boost|p2a: Volcarona|spd|1\n|-boost|p2a: Volcarona|spe|1\n|move|p1a: Blissey|Calm Mind|p1a: Blissey\n|-boost|p1a: Blissey|spa|1\n|-boost|p1a: Blissey|spd|1\n|\n|upkeep\n|turn|29\n|\n|t:|1771231377\n|move|p2a: Volcarona|Bug Buzz|p1a: Blissey\n|-damage|p1a: Blissey|84/100\n|move|p1a: Blissey|Seismic Toss|p2a: Volcarona\n|-damage|p2a: Volcarona|69/100\n|-status|p1a: Blissey|brn|[from] ability: Flame Body|[of] p2a: Volcarona\n|\n|-damage|p1a: Blissey|78/100 brn|[from] brn\n|upkeep\n|turn|30\n|\n|t:|1771231380\n|move|p2a: Volcarona|Bug Buzz|p1a: Blissey\n|-damage|p1a: Blissey|60/100 brn\n|move|p1a: Blissey|Seismic Toss|p2a: Volcarona\n|-damage|p2a: Volcarona|37/100\n|\n|-damage|p1a: Blissey|54/100 brn|[from] brn\n|upkeep\n|turn|31\n|\n|t:|1771231382\n|move|p2a: Volcarona|Giga Drain|p1a: Blissey\n|-damage|p1a: Blissey|44/100 brn\n|-heal|p2a: Volcarona|47/100|[from] drain|[of] p1a: Blissey\n|move|p1a: Blissey|Seismic Toss|p2a: Volcarona\n|-damage|p2a: Volcarona|16/100\n|\n|-damage|p1a: Blissey|38/100 brn|[from] brn\n|upkeep\n|turn|32\n|\n|t:|1771231385\n|move|p2a: Volcarona|Giga Drain|p1a: Blissey\n|-damage|p1a: Blissey|29/100 brn\n|-heal|p2a: Volcarona|25/100|[from] drain|[of] p1a: Blissey\n|move|p1a: Blissey|Wish|p1a: Blissey\n|\n|-damage|p1a: Blissey|23/100 brn|[from] brn\n|upkeep\n|turn|33\n|\n|t:|1771231387\n|move|p2a: Volcarona|Giga Drain|p1a: Blissey\n|-damage|p1a: Blissey|14/100 brn\n|-heal|p2a: Volcarona|34/100|[from] drain|[of] p1a: Blissey\n|move|p1a: Blissey|Seismic Toss|p2a: Volcarona\n|-damage|p2a: Volcarona|2/100\n|\n|-heal|p1a: Blissey|64/100 brn|[from] move: Wish|[wisher] Blissey\n|-damage|p1a: Blissey|58/100 brn|[from] brn\n|upkeep\n|turn|34\n|\n|t:|1771231390\n|move|p2a: Volcarona|Bug Buzz|p1a: Blissey\n|-damage|p1a: Blissey|40/100 brn\n|move|p1a: Blissey|Wish|p1a: Blissey\n|\n|-damage|p1a: Blissey|34/100 brn|[from] brn\n|upkeep\n|turn|35\n|\n|t:|1771231393\n|move|p2a: Volcarona|Giga Drain|p1a: Blissey\n|-damage|p1a: Blissey|25/100 brn\n|-heal|p2a: Volcarona|12/100|[from] drain|[of] p1a: Blissey\n|move|p1a: Blissey|Seismic Toss|p2a: Volcarona\n|-damage|p2a: Volcarona|0 fnt\n|faint|p2a: Volcarona\n|\n|-heal|p1a: Blissey|75/100 brn|[from] move: Wish|[wisher] Blissey\n|-damage|p1a: Blissey|69/100 brn|[from] brn\n|upkeep\n|\n|t:|1771231397\n|switch|p2a: Urshifu|Urshifu-Rapid-Strike, M|94/100\n|-damage|p2a: Urshifu|88/100|[from] Stealth Rock\n|turn|36\n|\n|t:|1771231401\n|-curestatus|p1a: Blissey|brn|[from] ability: Natural Cure\n|switch|p1a: Toxapex|Toxapex, F|100/100\n|move|p2a: Urshifu|Drain Punch|p1a: Toxapex\n|-resisted|p1a: Toxapex\n|-damage|p1a: Toxapex|87/100\n|-heal|p2a: Urshifu|94/100|[from] drain|[of] p1a: Toxapex\n|\n|upkeep\n|turn|37\n|\n|t:|1771231404\n|switch|p2a: Grimmsnarl|Grimmsnarl, M|70/100 tox\n|-damage|p2a: Grimmsnarl|57/100 tox|[from] Stealth Rock\n|move|p1a: Toxapex|Toxic|p2a: Grimmsnarl\n|-fail|p2a: Grimmsnarl|tox\n|\n|-damage|p2a: Grimmsnarl|51/100 tox|[from] psn\n|upkeep\n|turn|38\n|\n|t:|1771231411\n|switch|p1a: Gholdengo|Gholdengo|100/100\n|move|p2a: Grimmsnarl|Spirit Break|p1a: Gholdengo\n|-resisted|p1a: Gholdengo\n|-damage|p1a: Gholdengo|90/100\n|-unboost|p1a: Gholdengo|spa|1\n|\n|-damage|p2a: Grimmsnarl|39/100 tox|[from] psn\n|upkeep\n|turn|39\n|\n|t:|1771231419\n|move|p2a: Grimmsnarl|Light Screen|p2a: Grimmsnarl\n|-sidestart|p2: Jadii_Xii|move: Light Screen\n|move|p1a: Gholdengo|Nasty Plot|p1a: Gholdengo\n|-boost|p1a: Gholdengo|spa|2\n|\n|-damage|p2a: Grimmsnarl|20/100 tox|[from] psn\n|upkeep\n|turn|40\n|\n|t:|1771231421\n|move|p1a: Gholdengo|Recover|p1a: Gholdengo\n|-heal|p1a: Gholdengo|100/100\n|move|p2a: Grimmsnarl|Spirit Break|p1a: Gholdengo\n|-resisted|p1a: Gholdengo\n|-crit|p1a: Gholdengo\n|-damage|p1a: Gholdengo|82/100\n|-unboost|p1a: Gholdengo|spa|1\n|\n|-damage|p2a: Grimmsnarl|0 fnt|[from] psn\n|faint|p2a: Grimmsnarl\n|upkeep\n|\n|t:|1771231423\n|switch|p2a: Porygon-Z|Porygon-Z, shiny|72/100\n|-damage|p2a: Porygon-Z|59/100|[from] Stealth Rock\n|-ability|p2a: Porygon-Z|Download|boost\n|-boost|p2a: Porygon-Z|spa|1\n|turn|41\n|\n|t:|1771231431\n|switch|p1a: Blissey|Blissey, F|69/100\n|-zpower|p2a: Porygon-Z\n|move|p2a: Porygon-Z|Z-Conversion|p2a: Porygon-Z|[anim]Conversion\n|-boost|p2a: Porygon-Z|atk|1|[zeffect]\n|-boost|p2a: Porygon-Z|def|1|[zeffect]\n|-boost|p2a: Porygon-Z|spa|1|[zeffect]\n|-boost|p2a: Porygon-Z|spd|1|[zeffect]\n|-boost|p2a: Porygon-Z|spe|1|[zeffect]\n|-start|p2a: Porygon-Z|typechange|Ghost\n|\n|upkeep\n|turn|42\n|\n|t:|1771231433\n|move|p2a: Porygon-Z|Ice Beam|p1a: Blissey\n|-damage|p1a: Blissey|49/100\n|move|p1a: Blissey|Wish|p1a: Blissey\n|\n|upkeep\n|turn|43\n|\n|t:|1771231435\n|move|p2a: Porygon-Z|Ice Beam|p1a: Blissey\n|-damage|p1a: Blissey|30/100\n|move|p1a: Blissey|Calm Mind|p1a: Blissey\n|-boost|p1a: Blissey|spa|1\n|-boost|p1a: Blissey|spd|1\n|\n|-heal|p1a: Blissey|80/100|[from] move: Wish|[wisher] Blissey\n|upkeep\n|turn|44\n|\n|t:|1771231439\n|move|p2a: Porygon-Z|Ice Beam|p1a: Blissey\n|-damage|p1a: Blissey|65/100\n|move|p1a: Blissey|Calm Mind|p1a: Blissey\n|-boost|p1a: Blissey|spa|1\n|-boost|p1a: Blissey|spd|1\n|\n|upkeep\n|turn|45\n|\n|t:|1771231441\n|move|p2a: Porygon-Z|Ice Beam|p1a: Blissey\n|-damage|p1a: Blissey|55/100\n|move|p1a: Blissey|Wish|p1a: Blissey\n|\n|upkeep\n|turn|46\n|\n|t:|1771231444\n|move|p1a: Blissey|Protect|p1a: Blissey\n|-singleturn|p1a: Blissey|Protect\n|move|p2a: Porygon-Z|Ice Beam|p1a: Blissey\n|-activate|p1a: Blissey|move: Protect\n|\n|-heal|p1a: Blissey|100/100|[from] move: Wish|[wisher] Blissey\n|-sideend|p2: Jadii_Xii|move: Light Screen\n|upkeep\n|turn|47\n|c|☆Jadii_Xii|sigh\n|\n|t:|1771231454\n|move|p2a: Porygon-Z|Conversion||[still]\n|-fail|p2a: Porygon-Z\n|move|p1a: Blissey|Calm Mind|p1a: Blissey\n|-boost|p1a: Blissey|spa|1\n|-boost|p1a: Blissey|spd|1\n|\n|upkeep\n|turn|48\n|c|☆redfoxTAP|O.o\n|\n|t:|1771231473\n|move|p2a: Porygon-Z|Conversion||[still]\n|-fail|p2a: Porygon-Z\n|move|p1a: Blissey|Calm Mind|p1a: Blissey\n|-boost|p1a: Blissey|spa|1\n|-boost|p1a: Blissey|spd|1\n|\n|upkeep\n|turn|49\n|\n|t:|1771231475\n|move|p2a: Porygon-Z|Conversion||[still]\n|-fail|p2a: Porygon-Z\n|move|p1a: Blissey|Calm Mind|p1a: Blissey\n|-boost|p1a: Blissey|spa|1\n|-boost|p1a: Blissey|spd|1\n|\n|upkeep\n|turn|50\n|\n|t:|1771231477\n|move|p2a: Porygon-Z|Conversion||[still]\n|-fail|p2a: Porygon-Z\n|move|p1a: Blissey|Calm Mind|p1a: Blissey\n|-boost|p1a: Blissey|spa|1\n|-boost|p1a: Blissey|spd|1\n|\n|upkeep\n|turn|51\n|\n|t:|1771231479\n|move|p2a: Porygon-Z|Conversion||[still]\n|-fail|p2a: Porygon-Z\n|move|p1a: Blissey|Calm Mind|p1a: Blissey\n|-boost|p1a: Blissey|spa|0\n|-boost|p1a: Blissey|spd|0\n|\n|upkeep\n|turn|52\n|\n|t:|1771231482\n|move|p2a: Porygon-Z|Conversion||[still]\n|-fail|p2a: Porygon-Z\n|move|p1a: Blissey|Calm Mind|p1a: Blissey\n|-boost|p1a: Blissey|spa|0\n|-boost|p1a: Blissey|spd|0\n|\n|upkeep\n|turn|53\n|\n|t:|1771231484\n|move|p2a: Porygon-Z|Thunderbolt|p1a: Blissey\n|-damage|p1a: Blissey|95/100\n|move|p1a: Blissey|Calm Mind|p1a: Blissey\n|-boost|p1a: Blissey|spa|0\n|-boost|p1a: Blissey|spd|0\n|\n|upkeep\n|turn|54\n|\n|t:|1771231487\n|move|p2a: Porygon-Z|Conversion||[still]\n|-fail|p2a: Porygon-Z\n|move|p1a: Blissey|Seismic Toss|p2a: Porygon-Z\n|-immune|p2a: Porygon-Z\n|\n|upkeep\n|turn|55\n|\n|t:|1771231489\n|move|p2a: Porygon-Z|Conversion||[still]\n|-fail|p2a: Porygon-Z\n|move|p1a: Blissey|Seismic Toss|p2a: Porygon-Z\n|-immune|p2a: Porygon-Z\n|\n|upkeep\n|turn|56\n|\n|t:|1771231492\n|move|p2a: Porygon-Z|Shadow Ball|p1a: Blissey\n|-immune|p1a: Blissey\n|move|p1a: Blissey|Seismic Toss|p2a: Porygon-Z\n|-immune|p2a: Porygon-Z\n|\n|upkeep\n|turn|57\n|\n|t:|1771231498\n|move|p2a: Porygon-Z|Shadow Ball|p1a: Blissey\n|-immune|p1a: Blissey\n|move|p1a: Blissey|Calm Mind|p1a: Blissey\n|-boost|p1a: Blissey|spa|0\n|-boost|p1a: Blissey|spd|0\n|\n|upkeep\n|turn|58\n|\n|t:|1771231500\n|move|p2a: Porygon-Z|Conversion||[still]\n|-fail|p2a: Porygon-Z\n|move|p1a: Blissey|Seismic Toss|p2a: Porygon-Z\n|-immune|p2a: Porygon-Z\n|\n|upkeep\n|turn|59\n|\n|t:|1771231503\n|move|p2a: Porygon-Z|Conversion||[still]\n|-fail|p2a: Porygon-Z\n|move|p1a: Blissey|Seismic Toss|p2a: Porygon-Z\n|-immune|p2a: Porygon-Z\n|\n|upkeep\n|turn|60\n|\n|t:|1771231505\n|move|p2a: Porygon-Z|Conversion||[still]\n|-fail|p2a: Porygon-Z\n|move|p1a: Blissey|Seismic Toss|p2a: Porygon-Z\n|-immune|p2a: Porygon-Z\n|\n|upkeep\n|turn|61\n|\n|t:|1771231508\n|move|p2a: Porygon-Z|Conversion||[still]\n|-fail|p2a: Porygon-Z\n|move|p1a: Blissey|Seismic Toss|p2a: Porygon-Z\n|-immune|p2a: Porygon-Z\n|\n|upkeep\n|turn|62\n|\n|t:|1771231510\n|move|p2a: Porygon-Z|Conversion||[still]\n|-fail|p2a: Porygon-Z\n|move|p1a: Blissey|Seismic Toss|p2a: Porygon-Z\n|-immune|p2a: Porygon-Z\n|\n|upkeep\n|turn|63\n|\n|t:|1771231512\n|move|p2a: Porygon-Z|Conversion||[still]\n|-fail|p2a: Porygon-Z\n|move|p1a: Blissey|Seismic Toss|p2a: Porygon-Z\n|-immune|p2a: Porygon-Z\n|\n|upkeep\n|turn|64\n|\n|t:|1771231514\n|move|p2a: Porygon-Z|Conversion||[still]\n|-fail|p2a: Porygon-Z\n|move|p1a: Blissey|Seismic Toss|p2a: Porygon-Z\n|-immune|p2a: Porygon-Z\n|\n|upkeep\n|turn|65\n|\n|t:|1771231516\n|move|p2a: Porygon-Z|Shadow Ball|p1a: Blissey\n|-immune|p1a: Blissey\n|move|p1a: Blissey|Seismic Toss|p2a: Porygon-Z\n|-immune|p2a: Porygon-Z\n|\n|upkeep\n|turn|66\n|\n|t:|1771231519\n|move|p2a: Porygon-Z|Shadow Ball|p1a: Blissey\n|-immune|p1a: Blissey\n|move|p1a: Blissey|Seismic Toss|p2a: Porygon-Z\n|-immune|p2a: Porygon-Z\n|\n|upkeep\n|turn|67\n|\n|t:|1771231522\n|move|p2a: Porygon-Z|Shadow Ball|p1a: Blissey\n|-immune|p1a: Blissey\n|move|p1a: Blissey|Seismic Toss|p2a: Porygon-Z\n|-immune|p2a: Porygon-Z\n|\n|upkeep\n|turn|68\n|\n|t:|1771231523\n|move|p2a: Porygon-Z|Shadow Ball|p1a: Blissey\n|-immune|p1a: Blissey\n|move|p1a: Blissey|Seismic Toss|p2a: Porygon-Z\n|-immune|p2a: Porygon-Z\n|\n|upkeep\n|turn|69\n|\n|t:|1771231525\n|move|p2a: Porygon-Z|Conversion||[still]\n|-fail|p2a: Porygon-Z\n|move|p1a: Blissey|Seismic Toss|p2a: Porygon-Z\n|-immune|p2a: Porygon-Z\n|\n|upkeep\n|turn|70\n|\n|t:|1771231527\n|move|p2a: Porygon-Z|Conversion||[still]\n|-fail|p2a: Porygon-Z\n|move|p1a: Blissey|Seismic Toss|p2a: Porygon-Z\n|-immune|p2a: Porygon-Z\n|\n|upkeep\n|turn|71\n|\n|t:|1771231528\n|move|p2a: Porygon-Z|Conversion||[still]\n|-fail|p2a: Porygon-Z\n|move|p1a: Blissey|Seismic Toss|p2a: Porygon-Z\n|-immune|p2a: Porygon-Z\n|\n|upkeep\n|turn|72\n|\n|t:|1771231530\n|switch|p1a: Toxapex|Toxapex, F|100/100\n|move|p2a: Porygon-Z|Shadow Ball|p1a: Toxapex\n|-damage|p1a: Toxapex|33/100\n|\n|upkeep\n|turn|73\n|\n|t:|1771231535\n|move|p2a: Porygon-Z|Shadow Ball|p1a: Toxapex\n|-damage|p1a: Toxapex|0 fnt\n|faint|p1a: Toxapex\n|\n|upkeep\n|\n|t:|1771231540\n|switch|p1a: Skarmory|Skarmory, F|100/100\n|-damage|p1a: Skarmory|88/100|[from] Stealth Rock\n|turn|74\n|\n|t:|1771231545\n|move|p2a: Porygon-Z|Shadow Ball|p1a: Skarmory\n|-damage|p1a: Skarmory|0 fnt\n|faint|p1a: Skarmory\n|\n|upkeep\n|\n|t:|1771231549\n|switch|p1a: Gliscor|Gliscor, F|100/100 tox\n|-damage|p1a: Gliscor|88/100 tox|[from] Stealth Rock\n|turn|75\n|\n|t:|1771231551\n|move|p1a: Gliscor|Protect|p1a: Gliscor\n|-singleturn|p1a: Gliscor|Protect\n|move|p2a: Porygon-Z|Ice Beam|p1a: Gliscor\n|-activate|p1a: Gliscor|move: Protect\n|\n|-heal|p1a: Gliscor|100/100 tox|[from] ability: Poison Heal\n|upkeep\n|turn|76\n|\n|t:|1771231556\n|switch|p1a: Gholdengo|Gholdengo|82/100\n|move|p2a: Porygon-Z|Shadow Ball|p1a: Gholdengo\n|-supereffective|p1a: Gholdengo\n|-damage|p1a: Gholdengo|0 fnt\n|faint|p1a: Gholdengo\n|\n|upkeep\n|\n|t:|1771231560\n|switch|p1a: Blissey|Blissey, F|95/100\n|turn|77\n|\n|t:|1771231564\n|move|p2a: Porygon-Z|Ice Beam|p1a: Blissey\n|-damage|p1a: Blissey|77/100\n|-status|p1a: Blissey|frz\n|-curestatus|p1a: Blissey|frz|[msg]\n|move|p1a: Blissey|Calm Mind|p1a: Blissey\n|-boost|p1a: Blissey|spa|1\n|-boost|p1a: Blissey|spd|1\n|\n|upkeep\n|turn|78\n|\n|t:|1771231569\n|move|p2a: Porygon-Z|Shadow Ball|p1a: Blissey\n|-immune|p1a: Blissey\n|move|p1a: Blissey|Calm Mind|p1a: Blissey\n|-boost|p1a: Blissey|spa|1\n|-boost|p1a: Blissey|spd|1\n|\n|upkeep\n|turn|79\n|\n|t:|1771231571\n|move|p1a: Blissey|Protect|p1a: Blissey\n|-singleturn|p1a: Blissey|Protect\n|move|p2a: Porygon-Z|Shadow Ball|p1a: Blissey\n|-activate|p1a: Blissey|move: Protect\n|\n|upkeep\n|turn|80\n|\n|t:|1771231575\n|move|p2a: Porygon-Z|Conversion||[still]\n|-fail|p2a: Porygon-Z\n|move|p1a: Blissey|Seismic Toss|p2a: Porygon-Z\n|-immune|p2a: Porygon-Z\n|\n|upkeep\n|turn|81\n|\n|t:|1771231582\n|move|p2a: Porygon-Z|Ice Beam|p1a: Blissey\n|-damage|p1a: Blissey|68/100\n|move|p1a: Blissey|Seismic Toss|p2a: Porygon-Z\n|-immune|p2a: Porygon-Z\n|\n|upkeep\n|turn|82\n|\n|t:|1771231584\n|move|p2a: Porygon-Z|Conversion||[still]\n|-fail|p2a: Porygon-Z\n|move|p1a: Blissey|Wish|p1a: Blissey\n|\n|upkeep\n|turn|83\n|\n|t:|1771231586\n|move|p1a: Blissey|Protect|p1a: Blissey\n|-singleturn|p1a: Blissey|Protect\n|move|p2a: Porygon-Z|Conversion||[still]\n|-fail|p2a: Porygon-Z\n|\n|-heal|p1a: Blissey|100/100|[from] move: Wish|[wisher] Blissey\n|upkeep\n|turn|84\n|\n|t:|1771231589\n|move|p2a: Porygon-Z|Conversion||[still]\n|-fail|p2a: Porygon-Z\n|move|p1a: Blissey|Seismic Toss|p2a: Porygon-Z\n|-immune|p2a: Porygon-Z\n|\n|upkeep\n|turn|85\n|\n|t:|1771231592\n|move|p2a: Porygon-Z|Conversion||[still]\n|-fail|p2a: Porygon-Z\n|move|p1a: Blissey|Seismic Toss|p2a: Porygon-Z\n|-immune|p2a: Porygon-Z\n|\n|upkeep\n|turn|86\n|\n|t:|1771231594\n|move|p2a: Porygon-Z|Shadow Ball|p1a: Blissey\n|-immune|p1a: Blissey\n|move|p1a: Blissey|Seismic Toss|p2a: Porygon-Z\n|-immune|p2a: Porygon-Z\n|\n|upkeep\n|turn|87\n|\n|t:|1771231599\n|move|p2a: Porygon-Z|Shadow Ball|p1a: Blissey\n|-immune|p1a: Blissey\n|move|p1a: Blissey|Calm Mind|p1a: Blissey\n|-boost|p1a: Blissey|spa|1\n|-boost|p1a: Blissey|spd|1\n|\n|upkeep\n|turn|88\n|\n|t:|1771231601\n|move|p2a: Porygon-Z|Conversion||[still]\n|-fail|p2a: Porygon-Z\n|move|p1a: Blissey|Calm Mind|p1a: Blissey\n|-boost|p1a: Blissey|spa|1\n|-boost|p1a: Blissey|spd|1\n|\n|upkeep\n|turn|89\n|\n|t:|1771231603\n|move|p2a: Porygon-Z|Conversion||[still]\n|-fail|p2a: Porygon-Z\n|move|p1a: Blissey|Calm Mind|p1a: Blissey\n|-boost|p1a: Blissey|spa|1\n|-boost|p1a: Blissey|spd|1\n|\n|upkeep\n|turn|90\n|\n|t:|1771231605\n|move|p2a: Porygon-Z|Conversion||[still]\n|-fail|p2a: Porygon-Z\n|move|p1a: Blissey|Calm Mind|p1a: Blissey\n|-boost|p1a: Blissey|spa|1\n|-boost|p1a: Blissey|spd|1\n|\n|upkeep\n|turn|91\n|\n|t:|1771231607\n|move|p2a: Porygon-Z|Thunderbolt|p1a: Blissey\n|-damage|p1a: Blissey|95/100\n|move|p1a: Blissey|Calm Mind|p1a: Blissey\n|-boost|p1a: Blissey|spa|0\n|-boost|p1a: Blissey|spd|0\n|\n|upkeep\n|turn|92\n|\n|t:|1771231610\n|move|p2a: Porygon-Z|Thunderbolt|p1a: Blissey\n|-damage|p1a: Blissey|91/100\n|move|p1a: Blissey|Seismic Toss|p2a: Porygon-Z\n|-immune|p2a: Porygon-Z\n|\n|upkeep\n|turn|93\n|\n|t:|1771231612\n|move|p2a: Porygon-Z|Thunderbolt|p1a: Blissey\n|-damage|p1a: Blissey|85/100\n|move|p1a: Blissey|Seismic Toss|p2a: Porygon-Z\n|-immune|p2a: Porygon-Z\n|\n|upkeep\n|turn|94\n|\n|t:|1771231615\n|switch|p1a: Gliscor|Gliscor, F|100/100 tox\n|-damage|p1a: Gliscor|88/100 tox|[from] Stealth Rock\n|move|p2a: Porygon-Z|Thunderbolt|p1a: Gliscor\n|-immune|p1a: Gliscor\n|\n|-heal|p1a: Gliscor|100/100 tox|[from] ability: Poison Heal\n|upkeep\n|turn|95\n|\n|t:|1771231621\n|move|p1a: Gliscor|Protect|p1a: Gliscor\n|-singleturn|p1a: Gliscor|Protect\n|move|p2a: Porygon-Z|Shadow Ball|p1a: Gliscor\n|-activate|p1a: Gliscor|move: Protect\n|\n|upkeep\n|turn|96\n|\n|t:|1771231625\n|switch|p1a: Blissey|Blissey, F|85/100\n|move|p2a: Porygon-Z|Shadow Ball|p1a: Blissey\n|-immune|p1a: Blissey\n|\n|upkeep\n|turn|97\n|\n|t:|1771231631\n|move|p1a: Blissey|Protect|p1a: Blissey\n|-singleturn|p1a: Blissey|Protect\n|move|p2a: Porygon-Z|Ice Beam|p1a: Blissey\n|-activate|p1a: Blissey|move: Protect\n|\n|upkeep\n|turn|98\n|\n|t:|1771231636\n|switch|p1a: Shedinja|Shedinja|100/100\n|move|p2a: Porygon-Z|Shadow Ball|p1a: Shedinja\n|-supereffective|p1a: Shedinja\n|-damage|p1a: Shedinja|0 fnt\n|faint|p1a: Shedinja\n|\n|upkeep\n|\n|t:|1771231638\n|switch|p1a: Blissey|Blissey, F|85/100\n|turn|99\n|c|☆Jadii_Xii|gg\n|\n|t:|1771231643\n|move|p1a: Blissey|Protect|p1a: Blissey\n|-singleturn|p1a: Blissey|Protect\n|move|p2a: Porygon-Z|Shadow Ball|p1a: Blissey\n|-activate|p1a: Blissey|move: Protect\n|\n|upkeep\n|turn|100\n|\n|t:|1771231646\n|move|p2a: Porygon-Z|Shadow Ball|p1a: Blissey\n|-immune|p1a: Blissey\n|move|p1a: Blissey|Wish|p1a: Blissey\n|\n|upkeep\n|turn|101\n|\n|t:|1771231648\n|move|p2a: Porygon-Z|Shadow Ball|p1a: Blissey\n|-immune|p1a: Blissey\n|move|p1a: Blissey|Calm Mind|p1a: Blissey\n|-boost|p1a: Blissey|spa|1\n|-boost|p1a: Blissey|spd|1\n|\n|-heal|p1a: Blissey|100/100|[from] move: Wish|[wisher] Blissey\n|upkeep\n|turn|102\n|\n|t:|1771231650\n|move|p2a: Porygon-Z|Shadow Ball|p1a: Blissey\n|-immune|p1a: Blissey\n|move|p1a: Blissey|Calm Mind|p1a: Blissey\n|-boost|p1a: Blissey|spa|1\n|-boost|p1a: Blissey|spd|1\n|\n|upkeep\n|turn|103\n|\n|t:|1771231652\n|move|p2a: Porygon-Z|Shadow Ball|p1a: Blissey\n|-immune|p1a: Blissey\n|move|p1a: Blissey|Calm Mind|p1a: Blissey\n|-boost|p1a: Blissey|spa|1\n|-boost|p1a: Blissey|spd|1\n|\n|upkeep\n|turn|104\n|\n|t:|1771231653\n|move|p2a: Porygon-Z|Shadow Ball|p1a: Blissey\n|-immune|p1a: Blissey\n|move|p1a: Blissey|Calm Mind|p1a: Blissey\n|-boost|p1a: Blissey|spa|1\n|-boost|p1a: Blissey|spd|1\n|\n|upkeep\n|turn|105\n|\n|t:|1771231655\n|move|p2a: Porygon-Z|Shadow Ball|p1a: Blissey\n|-immune|p1a: Blissey\n|move|p1a: Blissey|Calm Mind|p1a: Blissey\n|-boost|p1a: Blissey|spa|1\n|-boost|p1a: Blissey|spd|1\n|\n|upkeep\n|turn|106\n|\n|t:|1771231657\n|move|p2a: Porygon-Z|Thunderbolt|p1a: Blissey\n|-crit|p1a: Blissey\n|-damage|p1a: Blissey|72/100\n|move|p1a: Blissey|Calm Mind|p1a: Blissey\n|-boost|p1a: Blissey|spa|1\n|-boost|p1a: Blissey|spd|1\n|\n|upkeep\n|turn|107\n|\n|t:|1771231660\n|move|p2a: Porygon-Z|Conversion||[still]\n|-fail|p2a: Porygon-Z\n|move|p1a: Blissey|Wish|p1a: Blissey\n|\n|upkeep\n|turn|108\n|\n|t:|1771231663\n|move|p2a: Porygon-Z|Conversion||[still]\n|-fail|p2a: Porygon-Z\n|move|p1a: Blissey|Calm Mind|p1a: Blissey\n|-boost|p1a: Blissey|spa|0\n|-boost|p1a: Blissey|spd|0\n|\n|-heal|p1a: Blissey|100/100|[from] move: Wish|[wisher] Blissey\n|upkeep\n|turn|109\n|\n|t:|1771231666\n|move|p2a: Porygon-Z|Conversion||[still]\n|-fail|p2a: Porygon-Z\n|move|p1a: Blissey|Calm Mind|p1a: Blissey\n|-boost|p1a: Blissey|spa|0\n|-boost|p1a: Blissey|spd|0\n|\n|upkeep\n|turn|110\n|\n|t:|1771231667\n|move|p2a: Porygon-Z|Conversion||[still]\n|-fail|p2a: Porygon-Z\n|move|p1a: Blissey|Seismic Toss|p2a: Porygon-Z\n|-immune|p2a: Porygon-Z\n|\n|upkeep\n|turn|111\n|\n|t:|1771231669\n|move|p2a: Porygon-Z|Conversion||[still]\n|-fail|p2a: Porygon-Z\n|move|p1a: Blissey|Seismic Toss|p2a: Porygon-Z\n|-immune|p2a: Porygon-Z\n|\n|upkeep\n|turn|112\n|\n|t:|1771231674\n|switch|p1a: Gliscor|Gliscor, F|100/100 tox\n|-damage|p1a: Gliscor|88/100 tox|[from] Stealth Rock\n|move|p2a: Porygon-Z|Conversion||[still]\n|-fail|p2a: Porygon-Z\n|\n|-heal|p1a: Gliscor|100/100 tox|[from] ability: Poison Heal\n|upkeep\n|turn|113\n|\n|t:|1771231679\n|move|p1a: Gliscor|Protect|p1a: Gliscor\n|-singleturn|p1a: Gliscor|Protect\n|move|p2a: Porygon-Z|Ice Beam|p1a: Gliscor\n|-activate|p1a: Gliscor|move: Protect\n|\n|upkeep\n|turn|114\n|\n|t:|1771231683\n|switch|p1a: Blissey|Blissey, F|100/100\n|move|p2a: Porygon-Z|Ice Beam|p1a: Blissey\n|-damage|p1a: Blissey|79/100\n|\n|upkeep\n|turn|115\n|\n|t:|1771231689\n|move|p1a: Blissey|Protect|p1a: Blissey\n|-singleturn|p1a: Blissey|Protect\n|move|p2a: Porygon-Z|Ice Beam|p1a: Blissey\n|-activate|p1a: Blissey|move: Protect\n|\n|upkeep\n|turn|116\n|\n|t:|1771231693\n|switch|p2a: Urshifu|Urshifu-Rapid-Strike, M|94/100\n|-damage|p2a: Urshifu|88/100|[from] Stealth Rock\n|move|p1a: Blissey|Protect||[still]\n|-fail|p1a: Blissey\n|\n|upkeep\n|turn|117\n|\n|t:|1771231696\n|switch|p1a: Gliscor|Gliscor, F|100/100 tox\n|-damage|p1a: Gliscor|88/100 tox|[from] Stealth Rock\n|move|p2a: Urshifu|Swords Dance|p2a: Urshifu\n|-boost|p2a: Urshifu|atk|2\n|\n|-heal|p1a: Gliscor|100/100 tox|[from] ability: Poison Heal\n|upkeep\n|turn|118\n|\n|t:|1771231704\n|move|p1a: Gliscor|Protect|p1a: Gliscor\n|-singleturn|p1a: Gliscor|Protect\n|move|p2a: Urshifu|Surging Strikes|p1a: Gliscor\n|-activate|p1a: Gliscor|move: Protect\n|\n|upkeep\n|turn|119\n|\n|t:|1771231712\n|move|p2a: Urshifu|Surging Strikes|p1a: Gliscor\n|-supereffective|p1a: Gliscor\n|-crit|p1a: Gliscor\n|-damage|p1a: Gliscor|27/100 tox\n|-supereffective|p1a: Gliscor\n|-crit|p1a: Gliscor\n|-damage|p1a: Gliscor|0 fnt\n|faint|p1a: Gliscor\n|-hitcount|p1: Gliscor|2\n|\n|upkeep\n|-message|redfoxTAP forfeited.\n|\n|win|Jadii_Xii\n|raw|redfoxTAP's rating: 1524 &rarr; <strong>1508</strong><br />(-16 for losing)\n|raw|Jadii_Xii's rating: 1593 &rarr; <strong>1609</strong><br />(+16 for winning)\n|l|☆redfoxTAP\n|player|p1|\n", "uploadtime": 1771232614, "views": 12, "formatid": "gen9nationaldex", "rating": 1508, "private": 0, "password": null}