{"id": "gen9nationaldex-2540238829", "format": "[Gen 9] National Dex", "players": ["stowt", "Cerberus 17"], "log": "|j|☆stowt\n|j|☆Cerberus 17\n|t:|1771179423\n|gametype|singles\n|player|p1|stowt|169|1605\n|player|p2|Cerberus 17|cynthia-gen4|1730\n|gen|9\n|tier|[Gen 9] National Dex\n|rated|\n|rule|HP Percentage Mod: HP is shown in percentages\n|rule|Endless Battle Clause: Forcing endless battles is banned\n|rule|Species Clause: Limit one of each Pokémon\n|rule|OHKO Clause: OHKO moves are banned\n|rule|Evasion Clause: Evasion abilities, items, and moves are banned\n|rule|Evasion Abilities Clause: Evasion abilities are banned\n|rule|Evasion Items Clause: Evasion items are banned\n|rule|Evasion Moves Clause: Evasion moves are banned\n|rule|Sleep Clause Mod: Limit one foe put to sleep\n|rule|Terastal Clause: You cannot Terastallize\n|clearpoke\n|poke|p1|Slowbro-Galar, F|\n|poke|p1|Tapu Lele|\n|poke|p1|Zamazenta-*|\n|poke|p1|Ting-Lu|\n|poke|p1|Corsola-Galar, M|\n|poke|p1|Cinderace, F|\n|poke|p2|Tyranitar, M|\n|poke|p2|Kartana|\n|poke|p2|Diancie|\n|poke|p2|Excadrill, F|\n|poke|p2|Sinistcha-Masterpiece|\n|poke|p2|Kommo-o, M|\n|teampreview\n|inactive|Battle timer is ON: inactive players will automatically lose when time's up. (requested by Cerberus 17)\n|inactive|stowt also wants the timer to be on.\n|inactive|Cerberus 17 has 120 seconds left.\n|\n|t:|1771179457\n|teamsize|p1|6\n|teamsize|p2|6\n|start\n|switch|p1a: Cinderace|Cinderace, F|100/100\n|switch|p2a: Kommo-o|Kommo-o, M|100/100\n|turn|1\n|\n|t:|1771179467\n|move|p1a: Cinderace|Will-O-Wisp|p2a: Kommo-o\n|-status|p2a: Kommo-o|brn\n|move|p2a: Kommo-o|Poison Jab|p1a: Cinderace\n|-damage|p1a: Cinderace|87/100\n|\n|-damage|p2a: Kommo-o|94/100 brn|[from] brn\n|upkeep\n|turn|2\n|\n|t:|1771179473\n|move|p1a: Cinderace|U-turn|p2a: Kommo-o\n|-resisted|p2a: Kommo-o\n|-damage|p2a: Kommo-o|84/100 brn\n|\n|t:|1771179483\n|switch|p1a: Slowbro|Slowbro-Galar, F|100/100|[from] U-turn\n|move|p2a: Kommo-o|Poison Jab|p1a: Slowbro\n|-resisted|p1a: Slowbro\n|-damage|p1a: Slowbro|97/100\n|\n|-damage|p2a: Kommo-o|78/100 brn|[from] brn\n|upkeep\n|turn|3\n|\n|t:|1771179492\n|switch|p1a: Cinderace|Cinderace, F|87/100\n|-zpower|p2a: Kommo-o\n|move|p2a: Kommo-o|Clangorous Soulblaze|p1a: Cinderace|[zeffect]\n|-damage|p1a: Cinderace|0 fnt\n|faint|p1a: Cinderace\n|-boost|p2a: Kommo-o|atk|1\n|-boost|p2a: Kommo-o|def|1\n|-boost|p2a: Kommo-o|spa|1\n|-boost|p2a: Kommo-o|spd|1\n|-boost|p2a: Kommo-o|spe|1\n|\n|-damage|p2a: Kommo-o|72/100 brn|[from] brn\n|upkeep\n|\n|t:|1771179495\n|switch|p1a: Slowbro|Slowbro-Galar, F|100/100\n|turn|4\n|\n|t:|1771179503\n|detailschange|p1a: Slowbro|Slowbro-Mega, F\n|-mega|p1a: Slowbro|Slowbro|Slowbronite\n|move|p2a: Kommo-o|Clanging Scales|p1a: Slowbro\n|-damage|p1a: Slowbro|21/100\n|-unboost|p2a: Kommo-o|def|1\n|move|p1a: Slowbro|Psyshock|p2a: Kommo-o\n|-supereffective|p2a: Kommo-o\n|-damage|p2a: Kommo-o|4/100 brn\n|\n|-damage|p2a: Kommo-o|0 fnt|[from] brn\n|faint|p2a: Kommo-o\n|upkeep\n|\n|t:|1771179513\n|switch|p2a: Kartana|Kartana|100/100\n|turn|5\n|\n|t:|1771179519\n|switch|p1a: Zamazenta|Zamazenta|100/100\n|-ability|p1a: Zamazenta|Dauntless Shield|boost\n|-boost|p1a: Zamazenta|def|1\n|move|p2a: Kartana|Leaf Blade|p1a: Zamazenta\n|-damage|p1a: Zamazenta|58/100\n|\n|upkeep\n|turn|6\n|\n|t:|1771179528\n|switch|p2a: Sinistcha|Sinistcha-Masterpiece|100/100\n|move|p1a: Zamazenta|Crunch|p2a: Sinistcha\n|-supereffective|p2a: Sinistcha\n|-damage|p2a: Sinistcha|65/100\n|\n|-heal|p2a: Sinistcha|71/100|[from] item: Leftovers\n|upkeep\n|turn|7\n|\n|t:|1771179538\n|switch|p1a: Slowbro|Slowbro-Mega, F|21/100\n|move|p2a: Sinistcha|Matcha Gotcha|p1a: Slowbro\n|-supereffective|p1a: Slowbro\n|-damage|p1a: Slowbro|0 fnt\n|-heal|p2a: Sinistcha|82/100|[from] drain|[of] p1a: Slowbro\n|faint|p1a: Slowbro\n|detailschange|p1: Slowbro|Slowbro-Galar, F|[silent]\n|\n|-heal|p2a: Sinistcha|88/100|[from] item: Leftovers\n|upkeep\n|\n|t:|1771179551\n|switch|p1a: Tapu Lele|Tapu Lele, shiny|100/100\n|-fieldstart|move: Psychic Terrain|[from] ability: Psychic Surge|[of] p1a: Tapu Lele\n|turn|8\n|\n|t:|1771179556\n|switch|p2a: Tyranitar|Tyranitar, M|100/100\n|-weather|Sandstorm|[from] ability: Sand Stream|[of] p2a: Tyranitar\n|move|p1a: Tapu Lele|Calm Mind|p1a: Tapu Lele\n|-boost|p1a: Tapu Lele|spa|1\n|-boost|p1a: Tapu Lele|spd|1\n|\n|-weather|Sandstorm|[upkeep]\n|-damage|p1a: Tapu Lele|94/100|[from] Sandstorm\n|upkeep\n|turn|9\n|\n|t:|1771179572\n|switch|p2a: Diancie|Diancie|100/100\n|move|p1a: Tapu Lele|Moonblast|p2a: Diancie\n|-damage|p2a: Diancie|49/100\n|\n|-weather|Sandstorm|[upkeep]\n|-damage|p1a: Tapu Lele|88/100|[from] Sandstorm\n|upkeep\n|turn|10\n|\n|t:|1771179580\n|switch|p1a: Ting-Lu|Ting-Lu|100/100\n|-ability|p1a: Ting-Lu|Vessel of Ruin\n|detailschange|p2a: Diancie|Diancie-Mega\n|-mega|p2a: Diancie|Diancie|Diancite\n|move|p2a: Diancie|Diamond Storm|p1a: Ting-Lu\n|-resisted|p1a: Ting-Lu\n|-damage|p1a: Ting-Lu|86/100\n|\n|-weather|Sandstorm|[upkeep]\n|-heal|p1a: Ting-Lu|92/100|[from] item: Leftovers\n|upkeep\n|turn|11\n|\n|t:|1771179586\n|move|p2a: Diancie|Moonblast|p1a: Ting-Lu\n|-supereffective|p1a: Ting-Lu\n|-damage|p1a: Ting-Lu|43/100\n|-unboost|p1a: Ting-Lu|spa|1\n|move|p1a: Ting-Lu|Ruination|p2a: Diancie\n|-damage|p2a: Diancie|25/100\n|\n|-weather|Sandstorm|[upkeep]\n|-heal|p1a: Ting-Lu|49/100|[from] item: Leftovers\n|upkeep\n|turn|12\n|\n|t:|1771179593\n|move|p1a: Ting-Lu|Protect|p1a: Ting-Lu\n|-singleturn|p1a: Ting-Lu|Protect\n|move|p2a: Diancie|Moonblast|p1a: Ting-Lu\n|-activate|p1a: Ting-Lu|move: Protect\n|\n|-weather|Sandstorm|[upkeep]\n|-heal|p1a: Ting-Lu|55/100|[from] item: Leftovers\n|-fieldend|move: Psychic Terrain\n|upkeep\n|turn|13\n|\n|t:|1771179596\n|move|p2a: Diancie|Moonblast|p1a: Ting-Lu\n|-supereffective|p1a: Ting-Lu\n|-damage|p1a: Ting-Lu|3/100\n|move|p1a: Ting-Lu|Earthquake|p2a: Diancie\n|-supereffective|p2a: Diancie\n|-damage|p2a: Diancie|0 fnt\n|faint|p2a: Diancie\n|detailschange|p2: Diancie|Diancie|[silent]\n|\n|-weather|Sandstorm|[upkeep]\n|-heal|p1a: Ting-Lu|9/100|[from] item: Leftovers\n|upkeep\n|\n|t:|1771179600\n|switch|p2a: Kartana|Kartana|100/100\n|turn|14\n|\n|t:|1771179603\n|move|p1a: Ting-Lu|Protect|p1a: Ting-Lu\n|-singleturn|p1a: Ting-Lu|Protect\n|move|p2a: Kartana|Leaf Blade|p1a: Ting-Lu\n|-activate|p1a: Ting-Lu|move: Protect\n|\n|-weather|Sandstorm|[upkeep]\n|-heal|p1a: Ting-Lu|15/100|[from] item: Leftovers\n|upkeep\n|turn|15\n|\n|t:|1771179610\n|switch|p1a: Corsola|Corsola-Galar, M|100/100\n|move|p2a: Kartana|Leaf Blade|p1a: Corsola\n|-damage|p1a: Corsola|55/100\n|\n|-weather|none\n|upkeep\n|turn|16\n|\n|t:|1771179620\n|switch|p2a: Sinistcha|Sinistcha-Masterpiece|88/100\n|move|p1a: Corsola|Strength Sap|p2a: Sinistcha\n|-unboost|p2a: Sinistcha|atk|1\n|-heal|p1a: Corsola|89/100\n|\n|-heal|p2a: Sinistcha|94/100|[from] item: Leftovers\n|upkeep\n|turn|17\n|\n|t:|1771179630\n|switch|p1a: Ting-Lu|Ting-Lu|15/100\n|-ability|p1a: Ting-Lu|Vessel of Ruin\n|move|p2a: Sinistcha|Scald|p1a: Ting-Lu\n|-supereffective|p1a: Ting-Lu\n|-damage|p1a: Ting-Lu|0 fnt\n|faint|p1a: Ting-Lu\n|\n|-heal|p2a: Sinistcha|100/100|[from] item: Leftovers\n|upkeep\n|\n|t:|1771179635\n|switch|p1a: Tapu Lele|Tapu Lele, shiny|88/100\n|-fieldstart|move: Psychic Terrain|[from] ability: Psychic Surge|[of] p1a: Tapu Lele\n|turn|18\n|\n|t:|1771179641\n|switch|p2a: Tyranitar|Tyranitar, M|100/100\n|-weather|Sandstorm|[from] ability: Sand Stream|[of] p2a: Tyranitar\n|move|p1a: Tapu Lele|Calm Mind|p1a: Tapu Lele\n|-boost|p1a: Tapu Lele|spa|1\n|-boost|p1a: Tapu Lele|spd|1\n|\n|-weather|Sandstorm|[upkeep]\n|-damage|p1a: Tapu Lele|82/100|[from] Sandstorm\n|upkeep\n|turn|19\n|\n|t:|1771179650\n|move|p1a: Tapu Lele|Moonblast|p2a: Tyranitar\n|-supereffective|p2a: Tyranitar\n|-damage|p2a: Tyranitar|17/100\n|move|p2a: Tyranitar|Knock Off|p1a: Tapu Lele\n|-damage|p1a: Tapu Lele|28/100\n|\n|-weather|Sandstorm|[upkeep]\n|-damage|p1a: Tapu Lele|21/100|[from] Sandstorm\n|upkeep\n|turn|20\n|\n|t:|1771179659\n|move|p1a: Tapu Lele|Moonblast|p2a: Tyranitar\n|-supereffective|p2a: Tyranitar\n|-damage|p2a: Tyranitar|0 fnt\n|faint|p2a: Tyranitar\n|\n|-weather|Sandstorm|[upkeep]\n|-damage|p1a: Tapu Lele|15/100|[from] Sandstorm\n|upkeep\n|\n|t:|1771179665\n|switch|p2a: Kartana|Kartana|100/100\n|turn|21\n|\n|t:|1771179670\n|switch|p1a: Zamazenta|Zamazenta|58/100\n|move|p2a: Kartana|Leaf Blade|p1a: Zamazenta\n|-damage|p1a: Zamazenta|0 fnt\n|faint|p1a: Zamazenta\n|-ability|p2a: Kartana|Beast Boost|boost\n|-boost|p2a: Kartana|atk|1\n|\n|-weather|Sandstorm|[upkeep]\n|upkeep\n|\n|t:|1771179673\n|switch|p1a: Corsola|Corsola-Galar, M|89/100\n|turn|22\n|\n|t:|1771179678\n|move|p2a: Kartana|Leaf Blade|p1a: Corsola\n|-damage|p1a: Corsola|13/100\n|move|p1a: Corsola|Strength Sap|p2a: Kartana\n|-unboost|p2a: Kartana|atk|1\n|-heal|p1a: Corsola|100/100\n|\n|-weather|Sandstorm|[upkeep]\n|-damage|p1a: Corsola|94/100|[from] Sandstorm\n|-fieldend|move: Psychic Terrain\n|upkeep\n|turn|23\n|\n|t:|1771179686\n|move|p2a: Kartana|Leaf Blade|p1a: Corsola\n|-damage|p1a: Corsola|45/100\n|move|p1a: Corsola|Will-O-Wisp|p2a: Kartana\n|-status|p2a: Kartana|brn\n|\n|-weather|Sandstorm|[upkeep]\n|-damage|p1a: Corsola|39/100|[from] Sandstorm\n|-damage|p2a: Kartana|94/100 brn|[from] brn\n|upkeep\n|turn|24\n|\n|t:|1771179692\n|move|p2a: Kartana|Leaf Blade|p1a: Corsola\n|-crit|p1a: Corsola\n|-damage|p1a: Corsola|4/100\n|-start|p2a: Kartana|Disable|Leaf Blade|[from] ability: Cursed Body|[of] p1a: Corsola\n|move|p1a: Corsola|Strength Sap|p2a: Kartana\n|-unboost|p2a: Kartana|atk|1\n|-heal|p1a: Corsola|100/100\n|\n|-weather|Sandstorm|[upkeep]\n|-damage|p1a: Corsola|94/100|[from] Sandstorm\n|-damage|p2a: Kartana|88/100 brn|[from] brn\n|upkeep\n|turn|25\n|\n|t:|1771179697\n|switch|p2a: Sinistcha|Sinistcha-Masterpiece|100/100\n|move|p1a: Corsola|Whirlpool|p2a: Sinistcha|[miss]\n|-miss|p1a: Corsola|p2a: Sinistcha\n|\n|-weather|none\n|upkeep\n|turn|26\n|\n|t:|1771179704\n|move|p2a: Sinistcha|Calm Mind|p2a: Sinistcha\n|-boost|p2a: Sinistcha|spa|1\n|-boost|p2a: Sinistcha|spd|1\n|move|p1a: Corsola|Will-O-Wisp|p2a: Sinistcha\n|-status|p2a: Sinistcha|brn\n|\n|-damage|p2a: Sinistcha|98/100 brn|[from] brn\n|upkeep\n|turn|27\n|\n|t:|1771179709\n|move|p2a: Sinistcha|Calm Mind|p2a: Sinistcha\n|-boost|p2a: Sinistcha|spa|1\n|-boost|p2a: Sinistcha|spd|1\n|move|p1a: Corsola|Whirlpool|p2a: Sinistcha\n|-resisted|p2a: Sinistcha\n|-damage|p2a: Sinistcha|96/100 brn\n|-activate|p2a: Sinistcha|move: Whirlpool|[of] p1a: Corsola\n|\n|-heal|p2a: Sinistcha|100/100 brn|[from] item: Leftovers\n|-damage|p2a: Sinistcha|98/100 brn|[from] brn\n|-damage|p2a: Sinistcha|85/100 brn|[from] move: Whirlpool|[partiallytrapped]\n|upkeep\n|turn|28\n|\n|t:|1771179714\n|move|p2a: Sinistcha|Matcha Gotcha|p1a: Corsola\n|-damage|p1a: Corsola|64/100\n|-heal|p2a: Sinistcha|99/100 brn|[from] drain|[of] p1a: Corsola\n|move|p1a: Corsola|Strength Sap|p2a: Sinistcha\n|-unboost|p2a: Sinistcha|atk|1\n|-heal|p1a: Corsola|98/100\n|\n|-heal|p2a: Sinistcha|100/100 brn|[from] item: Leftovers\n|-damage|p2a: Sinistcha|98/100 brn|[from] brn\n|-damage|p2a: Sinistcha|85/100 brn|[from] move: Whirlpool|[partiallytrapped]\n|upkeep\n|turn|29\n|\n|t:|1771179722\n|switch|p1a: Tapu Lele|Tapu Lele, shiny|15/100\n|-fieldstart|move: Psychic Terrain|[from] ability: Psychic Surge|[of] p1a: Tapu Lele\n|move|p2a: Sinistcha|Calm Mind|p2a: Sinistcha\n|-boost|p2a: Sinistcha|spa|1\n|-boost|p2a: Sinistcha|spd|1\n|\n|-heal|p2a: Sinistcha|91/100 brn|[from] item: Leftovers\n|-damage|p2a: Sinistcha|88/100 brn|[from] brn\n|-end|p2a: Sinistcha|Whirlpool|[partiallytrapped]|[silent]\n|upkeep\n|turn|30\n|\n|t:|1771179725\n|-zpower|p1a: Tapu Lele\n|move|p1a: Tapu Lele|Shattered Psyche|p2a: Sinistcha|[zeffect]\n|-damage|p2a: Sinistcha|38/100 brn\n|move|p2a: Sinistcha|Scald|p1a: Tapu Lele\n|-damage|p1a: Tapu Lele|0 fnt\n|faint|p1a: Tapu Lele\n|\n|-heal|p2a: Sinistcha|44/100 brn|[from] item: Leftovers\n|-damage|p2a: Sinistcha|41/100 brn|[from] brn\n|upkeep\n|\n|t:|1771179735\n|switch|p1a: Corsola|Corsola-Galar, M|98/100\n|turn|31\n|\n|t:|1771179740\n|move|p1a: Corsola|Protect|p1a: Corsola\n|-singleturn|p1a: Corsola|Protect\n|move|p2a: Sinistcha|Strength Sap|p1a: Corsola\n|-activate|p1a: Corsola|move: Protect\n|\n|-heal|p2a: Sinistcha|47/100 brn|[from] item: Leftovers\n|-damage|p2a: Sinistcha|44/100 brn|[from] brn\n|upkeep\n|turn|32\n|\n|t:|1771179743\n|move|p2a: Sinistcha|Matcha Gotcha|p1a: Corsola\n|-damage|p1a: Corsola|55/100\n|-heal|p2a: Sinistcha|65/100 brn|[from] drain|[of] p1a: Corsola\n|-start|p2a: Sinistcha|Disable|Matcha Gotcha|[from] ability: Cursed Body|[of] p1a: Corsola\n|move|p1a: Corsola|Whirlpool|p2a: Sinistcha\n|-resisted|p2a: Sinistcha\n|-damage|p2a: Sinistcha|63/100 brn\n|-activate|p2a: Sinistcha|move: Whirlpool|[of] p1a: Corsola\n|\n|-heal|p2a: Sinistcha|69/100 brn|[from] item: Leftovers\n|-damage|p2a: Sinistcha|66/100 brn|[from] brn\n|-damage|p2a: Sinistcha|54/100 brn|[from] move: Whirlpool|[partiallytrapped]\n|upkeep\n|turn|33\n|\n|t:|1771179751\n|move|p2a: Sinistcha|Strength Sap|p1a: Corsola\n|-unboost|p1a: Corsola|atk|1\n|-heal|p2a: Sinistcha|84/100 brn\n|move|p1a: Corsola|Strength Sap|p2a: Sinistcha\n|-unboost|p2a: Sinistcha|atk|1\n|-heal|p1a: Corsola|77/100\n|\n|-heal|p2a: Sinistcha|90/100 brn|[from] item: Leftovers\n|-damage|p2a: Sinistcha|87/100 brn|[from] brn\n|-damage|p2a: Sinistcha|74/100 brn|[from] move: Whirlpool|[partiallytrapped]\n|-fieldend|move: Psychic Terrain\n|upkeep\n|turn|34\n|\n|t:|1771179758\n|move|p2a: Sinistcha|Scald|p1a: Corsola\n|-damage|p1a: Corsola|51/100\n|-status|p1a: Corsola|brn\n|move|p1a: Corsola|Whirlpool|p2a: Sinistcha\n|-resisted|p2a: Sinistcha\n|-damage|p2a: Sinistcha|73/100 brn\n|\n|-heal|p2a: Sinistcha|79/100 brn|[from] item: Leftovers\n|-damage|p2a: Sinistcha|77/100 brn|[from] brn\n|-damage|p1a: Corsola|45/100 brn|[from] brn\n|-damage|p2a: Sinistcha|64/100 brn|[from] move: Whirlpool|[partiallytrapped]\n|upkeep\n|turn|35\n|\n|t:|1771179763\n|move|p2a: Sinistcha|Calm Mind|p2a: Sinistcha\n|-boost|p2a: Sinistcha|spa|1\n|-boost|p2a: Sinistcha|spd|1\n|move|p1a: Corsola|Strength Sap|p2a: Sinistcha\n|-unboost|p2a: Sinistcha|atk|1\n|-heal|p1a: Corsola|62/100 brn\n|\n|-heal|p2a: Sinistcha|70/100 brn|[from] item: Leftovers\n|-damage|p2a: Sinistcha|67/100 brn|[from] brn\n|-damage|p1a: Corsola|56/100 brn|[from] brn\n|-damage|p2a: Sinistcha|55/100 brn|[from] move: Whirlpool|[partiallytrapped]\n|-end|p2a: Sinistcha|Disable\n|upkeep\n|turn|36\n|\n|t:|1771179767\n|move|p1a: Corsola|Protect|p1a: Corsola\n|-singleturn|p1a: Corsola|Protect\n|move|p2a: Sinistcha|Matcha Gotcha|p1a: Corsola\n|-activate|p1a: Corsola|move: Protect\n|\n|-heal|p2a: Sinistcha|61/100 brn|[from] item: Leftovers\n|-damage|p2a: Sinistcha|58/100 brn|[from] brn\n|-damage|p1a: Corsola|50/100 brn|[from] brn\n|-end|p2a: Sinistcha|Whirlpool|[partiallytrapped]\n|upkeep\n|turn|37\n|\n|t:|1771179770\n|move|p2a: Sinistcha|Matcha Gotcha|p1a: Corsola\n|-damage|p1a: Corsola|5/100 brn\n|-heal|p2a: Sinistcha|79/100 brn|[from] drain|[of] p1a: Corsola\n|move|p1a: Corsola|Whirlpool|p2a: Sinistcha\n|-resisted|p2a: Sinistcha\n|-damage|p2a: Sinistcha|78/100 brn\n|-activate|p2a: Sinistcha|move: Whirlpool|[of] p1a: Corsola\n|\n|-heal|p2a: Sinistcha|84/100 brn|[from] item: Leftovers\n|-damage|p2a: Sinistcha|81/100 brn|[from] brn\n|-damage|p1a: Corsola|0 fnt|[from] brn\n|faint|p1a: Corsola\n|\n|win|Cerberus 17\n|raw|stowt's rating: 1605 &rarr; <strong>1592</strong><br />(-13 for losing)\n|raw|Cerberus 17's rating: 1730 &rarr; <strong>1743</strong><br />(+13 for winning)\n|c|☆stowt|gg\n|c|☆Cerberus 17|gg\n|l|☆stowt\n|player|p1|\n|l|☆Cerberus 17\n|player|p2|\n", "uploadtime": 1771179996, "views": 8, "formatid": "gen9nationaldex", "rating": 1592, "private": 0, "password": null}