{"id": "gen9nationaldex-2540604994", "format": "[Gen 9] National Dex", "players": ["feebaccs", "Cerberus 17"], "log": "|j|☆feebaccs\n|j|☆Cerberus 17\n|t:|1771225794\n|gametype|singles\n|player|p1|feebaccs|morty|1519\n|player|p2|Cerberus 17|cynthia-gen4|1695\n|gen|9\n|tier|[Gen 9] National Dex\n|rated|\n|rule|HP Percentage Mod: HP is shown in percentages\n|rule|Endless Battle Clause: Forcing endless battles is banned\n|rule|Species Clause: Limit one of each Pokémon\n|rule|OHKO Clause: OHKO moves are banned\n|rule|Evasion Clause: Evasion abilities, items, and moves are banned\n|rule|Evasion Abilities Clause: Evasion abilities are banned\n|rule|Evasion Items Clause: Evasion items are banned\n|rule|Evasion Moves Clause: Evasion moves are banned\n|rule|Sleep Clause Mod: Limit one foe put to sleep\n|rule|Terastal Clause: You cannot Terastallize\n|clearpoke\n|poke|p1|Pelipper, L99, F|\n|poke|p1|Archaludon, F|\n|poke|p1|Tapu Lele|\n|poke|p1|Barraskewda, M|\n|poke|p1|Kingdra, F|\n|poke|p1|Swampert, M|\n|poke|p2|Tyranitar, M|\n|poke|p2|Kartana|\n|poke|p2|Diancie|\n|poke|p2|Excadrill, M|\n|poke|p2|Sinistcha-Masterpiece|\n|poke|p2|Kommo-o, M|\n|teampreview\n|inactive|Battle timer is ON: inactive players will automatically lose when time's up. (requested by Cerberus 17)\n|inactive|feebaccs also wants the timer to be on.\n|inactive|feebaccs has 120 seconds left.\n|inactive|Cerberus 17 has 120 seconds left.\n|\n|t:|1771225849\n|teamsize|p1|6\n|teamsize|p2|6\n|start\n|switch|p1a: Barraskewda|Barraskewda, M|100/100\n|switch|p2a: Sinistcha|Sinistcha-Masterpiece|100/100\n|turn|1\n|\n|t:|1771225859\n|switch|p1a: Archaludon|Archaludon, F|100/100\n|move|p2a: Sinistcha|Matcha Gotcha|p1a: Archaludon\n|-resisted|p1a: Archaludon\n|-damage|p1a: Archaludon|93/100\n|-ability|p1a: Archaludon|Stamina|boost\n|-boost|p1a: Archaludon|def|1\n|\n|upkeep\n|turn|2\n|\n|t:|1771225876\n|move|p1a: Archaludon|Dragon Pulse|p2a: Sinistcha\n|-damage|p2a: Sinistcha|41/100\n|move|p2a: Sinistcha|Calm Mind|p2a: Sinistcha\n|-boost|p2a: Sinistcha|spa|1\n|-boost|p2a: Sinistcha|spd|1\n|\n|-heal|p2a: Sinistcha|47/100|[from] item: Leftovers\n|upkeep\n|turn|3\n|\n|t:|1771225884\n|move|p1a: Archaludon|Dragon Pulse|p2a: Sinistcha\n|-damage|p2a: Sinistcha|10/100\n|move|p2a: Sinistcha|Strength Sap|p1a: Archaludon\n|-unboost|p1a: Archaludon|atk|1\n|-heal|p2a: Sinistcha|66/100\n|\n|-heal|p2a: Sinistcha|72/100|[from] item: Leftovers\n|upkeep\n|turn|4\n|\n|t:|1771225892\n|move|p1a: Archaludon|Dragon Pulse|p2a: Sinistcha\n|-damage|p2a: Sinistcha|33/100\n|move|p2a: Sinistcha|Calm Mind|p2a: Sinistcha\n|-boost|p2a: Sinistcha|spa|1\n|-boost|p2a: Sinistcha|spd|1\n|\n|-heal|p2a: Sinistcha|40/100|[from] item: Leftovers\n|upkeep\n|turn|5\n|\n|t:|1771225903\n|move|p1a: Archaludon|Dragon Pulse|p2a: Sinistcha\n|-damage|p2a: Sinistcha|13/100\n|move|p2a: Sinistcha|Strength Sap|p1a: Archaludon\n|-unboost|p1a: Archaludon|atk|1\n|-heal|p2a: Sinistcha|50/100\n|\n|-heal|p2a: Sinistcha|56/100|[from] item: Leftovers\n|upkeep\n|turn|6\n|\n|t:|1771225909\n|move|p1a: Archaludon|Dragon Pulse|p2a: Sinistcha\n|-damage|p2a: Sinistcha|28/100\n|move|p2a: Sinistcha|Calm Mind|p2a: Sinistcha\n|-boost|p2a: Sinistcha|spa|1\n|-boost|p2a: Sinistcha|spd|1\n|\n|-heal|p2a: Sinistcha|34/100|[from] item: Leftovers\n|upkeep\n|turn|7\n|\n|t:|1771225938\n|move|p1a: Archaludon|Electro Shot||[still]\n|-prepare|p1a: Archaludon|Electro Shot\n|-boost|p1a: Archaludon|spa|1\n|move|p2a: Sinistcha|Strength Sap|p1a: Archaludon\n|-unboost|p1a: Archaludon|atk|1\n|-heal|p2a: Sinistcha|62/100\n|\n|-heal|p2a: Sinistcha|68/100|[from] item: Leftovers\n|upkeep\n|turn|8\n|\n|t:|1771225946\n|move|p1a: Archaludon|Electro Shot|p2a: Sinistcha|[from] lockedmove\n|-resisted|p2a: Sinistcha\n|-damage|p2a: Sinistcha|51/100\n|move|p2a: Sinistcha|Matcha Gotcha|p1a: Archaludon\n|-resisted|p1a: Archaludon\n|-damage|p1a: Archaludon|76/100\n|-heal|p2a: Sinistcha|59/100|[from] drain|[of] p1a: Archaludon\n|-ability|p1a: Archaludon|Stamina|boost\n|-boost|p1a: Archaludon|def|1\n|\n|-heal|p2a: Sinistcha|65/100|[from] item: Leftovers\n|upkeep\n|turn|9\n|\n|t:|1771225963\n|move|p1a: Archaludon|Flash Cannon|p2a: Sinistcha\n|-crit|p2a: Sinistcha\n|-damage|p2a: Sinistcha|0 fnt\n|faint|p2a: Sinistcha\n|\n|upkeep\n|\n|t:|1771225973\n|switch|p2a: Kartana|Kartana|100/100\n|turn|10\n|\n|t:|1771225989\n|move|p2a: Kartana|Sacred Sword|p1a: Archaludon\n|-supereffective|p1a: Archaludon\n|-damage|p1a: Archaludon|0 fnt\n|faint|p1a: Archaludon\n|-ability|p2a: Kartana|Beast Boost|boost\n|-boost|p2a: Kartana|atk|1\n|\n|upkeep\n|\n|t:|1771225999\n|switch|p1a: Barraskewda|Barraskewda, M|100/100\n|turn|11\n|\n|t:|1771226003\n|move|p2a: Kartana|Sacred Sword|p1a: Barraskewda\n|-damage|p1a: Barraskewda|0 fnt\n|faint|p1a: Barraskewda\n|-ability|p2a: Kartana|Beast Boost|boost\n|-boost|p2a: Kartana|atk|1\n|\n|upkeep\n|-message|feebaccs forfeited.\n|\n|win|Cerberus 17\n|raw|feebaccs's rating: 1519 &rarr; <strong>1508</strong><br />(-11 for losing)\n|raw|Cerberus 17's rating: 1695 &rarr; <strong>1706</strong><br />(+11 for winning)\n|l|☆feebaccs\n|player|p1|\n|l|☆Cerberus 17\n|player|p2|\n", "uploadtime": 1771226408, "views": 10, "formatid": "gen9nationaldex", "rating": 1508, "private": 0, "password": null}