{"id": "gen9nationaldex-2540409359", "format": "[Gen 9] National Dex", "players": ["BanTheMaster", "tspinner5000"], "log": "|j|☆BanTheMaster\n|j|☆tspinner5000\n|t:|1771198506\n|gametype|singles\n|player|p1|BanTheMaster|ingo|1699\n|player|p2|tspinner5000|n-masters2|1604\n|gen|9\n|tier|[Gen 9] National Dex\n|rated|\n|rule|HP Percentage Mod: HP is shown in percentages\n|rule|Endless Battle Clause: Forcing endless battles is banned\n|rule|Species Clause: Limit one of each Pokémon\n|rule|OHKO Clause: OHKO moves are banned\n|rule|Evasion Clause: Evasion abilities, items, and moves are banned\n|rule|Evasion Abilities Clause: Evasion abilities are banned\n|rule|Evasion Items Clause: Evasion items are banned\n|rule|Evasion Moves Clause: Evasion moves are banned\n|rule|Sleep Clause Mod: Limit one foe put to sleep\n|rule|Terastal Clause: You cannot Terastallize\n|clearpoke\n|poke|p1|Gyarados, F|\n|poke|p1|Latios, M|\n|poke|p1|Heatran, M|\n|poke|p1|Glimmora, F|\n|poke|p1|Kartana|\n|poke|p1|Garchomp, M|\n|poke|p2|Heatran, F|\n|poke|p2|Ferrothorn, F|\n|poke|p2|Landorus-Therian, M|\n|poke|p2|Samurott-Hisui, F|\n|poke|p2|Latios, M|\n|poke|p2|Tapu Lele|\n|teampreview\n|inactive|Battle timer is ON: inactive players will automatically lose when time's up. (requested by BanTheMaster)\n|\n|t:|1771198528\n|teamsize|p1|6\n|teamsize|p2|6\n|start\n|switch|p1a: Kartana|Kartana|100/100\n|switch|p2a: Latios|Latios, M|100/100\n|turn|1\n|\n|t:|1771198543\n|switch|p1a: Heatran|Heatran, M|100/100\n|detailschange|p2a: Latios|Latios-Mega, M\n|-mega|p2a: Latios|Latios|Latiosite\n|move|p2a: Latios|Mystical Fire|p1a: Heatran\n|-start|p1a: Heatran|ability: Flash Fire\n|\n|upkeep\n|turn|2\n|\n|t:|1771198549\n|move|p1a: Heatran|Flash Cannon|p2a: Latios\n|-damage|p2a: Latios|59/100\n|move|p2a: Latios|Aura Sphere|p1a: Heatran\n|-supereffective|p1a: Heatran\n|-damage|p1a: Heatran|32/100\n|\n|upkeep\n|turn|3\n|inactive|BanTheMaster has 120 seconds left.\n|\n|t:|1771198580\n|-end|p1a: Heatran|ability: Flash Fire|[silent]\n|switch|p1a: Latios|Latios, M|100/100\n|move|p2a: Latios|Recover|p2a: Latios\n|-heal|p2a: Latios|100/100\n|\n|upkeep\n|turn|4\n|\n|t:|1771198585\n|switch|p2a: Tapu Lele|Tapu Lele|100/100\n|-fieldstart|move: Psychic Terrain|[from] ability: Psychic Surge|[of] p2a: Tapu Lele\n|move|p1a: Latios|Draco Meteor|p2a: Tapu Lele\n|-immune|p2a: Tapu Lele\n|\n|upkeep\n|turn|5\n|\n|t:|1771198590\n|switch|p1a: Heatran|Heatran, M|32/100\n|move|p2a: Tapu Lele|Moonblast|p1a: Heatran\n|-resisted|p1a: Heatran\n|-damage|p1a: Heatran|19/100\n|-unboost|p1a: Heatran|spa|1\n|\n|upkeep\n|turn|6\n|\n|t:|1771198599\n|switch|p2a: Heatran|Heatran, F|100/100\n|move|p1a: Heatran|Flamethrower|p2a: Heatran\n|-start|p2a: Heatran|ability: Flash Fire\n|\n|upkeep\n|turn|7\n|\n|t:|1771198604\n|switch|p1a: Latios|Latios, M|100/100\n|move|p2a: Heatran|Magma Storm|p1a: Latios\n|-resisted|p1a: Latios\n|-damage|p1a: Latios|67/100\n|-activate|p1a: Latios|move: Magma Storm|[of] p2a: Heatran\n|\n|-damage|p1a: Latios|54/100|[from] move: Magma Storm|[partiallytrapped]\n|upkeep\n|turn|8\n|\n|t:|1771198608\n|move|p2a: Heatran|Protect|p2a: Heatran\n|-singleturn|p2a: Heatran|Protect\n|move|p1a: Latios|Calm Mind|p1a: Latios\n|-boost|p1a: Latios|spa|1\n|-boost|p1a: Latios|spd|1\n|\n|-damage|p1a: Latios|42/100|[from] move: Magma Storm|[partiallytrapped]\n|-fieldend|move: Psychic Terrain\n|upkeep\n|turn|9\n|\n|t:|1771198613\n|move|p1a: Latios|Luster Purge|p2a: Heatran\n|-resisted|p2a: Heatran\n|-damage|p2a: Heatran|73/100\n|move|p2a: Heatran|Toxic|p1a: Latios\n|-status|p1a: Latios|tox\n|\n|-heal|p2a: Heatran|80/100|[from] item: Leftovers\n|-damage|p1a: Latios|36/100 tox|[from] psn\n|-damage|p1a: Latios|24/100 tox|[from] move: Magma Storm|[partiallytrapped]\n|upkeep\n|turn|10\n|\n|t:|1771198634\n|move|p1a: Latios|Luster Purge|p2a: Heatran\n|-resisted|p2a: Heatran\n|-damage|p2a: Heatran|51/100\n|-unboost|p2a: Heatran|spd|1\n|move|p2a: Heatran|Magma Storm|p1a: Latios\n|-resisted|p1a: Latios\n|-damage|p1a: Latios|1/100 tox\n|\n|-heal|p2a: Heatran|57/100|[from] item: Leftovers\n|-damage|p1a: Latios|0 fnt|[from] psn\n|faint|p1a: Latios\n|upkeep\n|\n|t:|1771198641\n|switch|p1a: Glimmora|Glimmora, F|100/100\n|turn|11\n|\n|t:|1771198644\n|move|p1a: Glimmora|Stealth Rock|p2a: Heatran\n|-sidestart|p2: tspinner5000|move: Stealth Rock\n|move|p2a: Heatran|Earth Power|p1a: Glimmora\n|-supereffective|p1a: Glimmora\n|-enditem|p1a: Glimmora|Focus Sash\n|-damage|p1a: Glimmora|1/100\n|\n|-heal|p2a: Heatran|64/100|[from] item: Leftovers\n|upkeep\n|turn|12\n|\n|t:|1771198651\n|-end|p2a: Heatran|ability: Flash Fire|[silent]\n|switch|p2a: Latios|Latios-Mega, M|100/100\n|-damage|p2a: Latios|88/100|[from] Stealth Rock\n|move|p1a: Glimmora|Memento|p2a: Latios\n|-unboost|p2a: Latios|atk|2\n|-unboost|p2a: Latios|spa|2\n|faint|p1a: Glimmora\n|\n|upkeep\n|\n|t:|1771198664\n|switch|p1a: Kartana|Kartana|100/100\n|turn|13\n|\n|t:|1771198669\n|switch|p2a: Landorus|Landorus-Therian, M|100/100\n|-damage|p2a: Landorus|88/100|[from] Stealth Rock\n|-ability|p2a: Landorus|Intimidate|boost\n|-unboost|p1a: Kartana|atk|1\n|move|p1a: Kartana|Knock Off|p2a: Landorus\n|-damage|p2a: Landorus|60/100\n|-damage|p1a: Kartana|84/100|[from] item: Rocky Helmet|[of] p2a: Landorus\n|-enditem|p2a: Landorus|Rocky Helmet|[from] move: Knock Off|[of] p1a: Kartana\n|-damage|p1a: Kartana|74/100|[from] item: Life Orb\n|\n|upkeep\n|turn|14\n|\n|t:|1771198679\n|move|p1a: Kartana|Leaf Blade|p2a: Landorus\n|-damage|p2a: Landorus|23/100\n|-damage|p1a: Kartana|65/100|[from] item: Life Orb\n|move|p2a: Landorus|U-turn|p1a: Kartana\n|-damage|p1a: Kartana|40/100\n|\n|t:|1771198686\n|switch|p2a: Latios|Latios-Mega, M|88/100|[from] U-turn\n|-damage|p2a: Latios|76/100|[from] Stealth Rock\n|\n|upkeep\n|turn|15\n|\n|t:|1771198689\n|move|p2a: Latios|Aura Sphere|p1a: Kartana\n|-supereffective|p1a: Kartana\n|-damage|p1a: Kartana|0 fnt\n|faint|p1a: Kartana\n|\n|upkeep\n|\n|t:|1771198693\n|switch|p1a: Gyarados|Gyarados, F|100/100\n|-ability|p1a: Gyarados|Intimidate|boost\n|-unboost|p2a: Latios|atk|1\n|turn|16\n|\n|t:|1771198697\n|move|p2a: Latios|Aura Sphere|p1a: Gyarados\n|-resisted|p1a: Gyarados\n|-crit|p1a: Gyarados\n|-damage|p1a: Gyarados|75/100\n|move|p1a: Gyarados|Dragon Dance|p1a: Gyarados\n|-boost|p1a: Gyarados|atk|1\n|-boost|p1a: Gyarados|spe|1\n|\n|upkeep\n|turn|17\n|\n|t:|1771198705\n|switch|p2a: Landorus|Landorus-Therian, M|23/100\n|-damage|p2a: Landorus|11/100|[from] Stealth Rock\n|-ability|p2a: Landorus|Intimidate|boost\n|-unboost|p1a: Gyarados|atk|1\n|detailschange|p1a: Gyarados|Gyarados-Mega, F\n|-mega|p1a: Gyarados|Gyarados|Gyaradosite\n|-ability|p1a: Gyarados|Mold Breaker\n|move|p1a: Gyarados|Dragon Dance|p1a: Gyarados\n|-boost|p1a: Gyarados|atk|1\n|-boost|p1a: Gyarados|spe|1\n|\n|upkeep\n|turn|18\n|\n|t:|1771198713\n|move|p1a: Gyarados|Crunch|p2a: Landorus\n|-damage|p2a: Landorus|0 fnt\n|faint|p2a: Landorus\n|\n|upkeep\n|\n|t:|1771198715\n|switch|p2a: Ferrothorn|Ferrothorn, F|100/100\n|-damage|p2a: Ferrothorn|95/100|[from] Stealth Rock\n|turn|19\n|\n|t:|1771198717\n|switch|p1a: Heatran|Heatran, M|19/100\n|move|p2a: Ferrothorn|Power Whip|p1a: Heatran\n|-resisted|p1a: Heatran\n|-damage|p1a: Heatran|9/100\n|\n|-heal|p2a: Ferrothorn|100/100|[from] item: Leftovers\n|upkeep\n|turn|20\n|\n|t:|1771198721\n|switch|p2a: Latios|Latios-Mega, M|76/100\n|-damage|p2a: Latios|64/100|[from] Stealth Rock\n|move|p1a: Heatran|Earth Power|p2a: Latios\n|-immune|p2a: Latios|[from] ability: Levitate\n|\n|upkeep\n|turn|21\n|\n|t:|1771198725\n|move|p1a: Heatran|Earth Power|p2a: Latios\n|-immune|p2a: Latios|[from] ability: Levitate\n|move|p2a: Latios|Aura Sphere|p1a: Heatran\n|-supereffective|p1a: Heatran\n|-damage|p1a: Heatran|0 fnt\n|faint|p1a: Heatran\n|\n|upkeep\n|\n|t:|1771198729\n|switch|p1a: Garchomp|Garchomp, M|100/100\n|turn|22\n|\n|t:|1771198733\n|move|p2a: Latios|Luster Purge|p1a: Garchomp\n|-damage|p1a: Garchomp|33/100\n|move|p1a: Garchomp|Hone Claws|p1a: Garchomp\n|-boost|p1a: Garchomp|atk|1\n|-boost|p1a: Garchomp|accuracy|1\n|\n|upkeep\n|turn|23\n|\n|t:|1771198738\n|move|p2a: Latios|Luster Purge|p1a: Garchomp\n|-damage|p1a: Garchomp|0 fnt\n|faint|p1a: Garchomp\n|\n|upkeep\n|\n|t:|1771198740\n|switch|p1a: Gyarados|Gyarados-Mega, F|75/100\n|-ability|p1a: Gyarados|Mold Breaker\n|turn|24\n|\n|t:|1771198742\n|move|p2a: Latios|Aura Sphere|p1a: Gyarados\n|-supereffective|p1a: Gyarados\n|-damage|p1a: Gyarados|19/100\n|move|p1a: Gyarados|Dragon Dance|p1a: Gyarados\n|-boost|p1a: Gyarados|atk|1\n|-boost|p1a: Gyarados|spe|1\n|\n|upkeep\n|turn|25\n|\n|t:|1771198747\n|switch|p2a: Ferrothorn|Ferrothorn, F|100/100\n|-damage|p2a: Ferrothorn|95/100|[from] Stealth Rock\n|move|p1a: Gyarados|Crunch|p2a: Ferrothorn\n|-damage|p2a: Ferrothorn|46/100\n|-damage|p1a: Gyarados|6/100|[from] ability: Iron Barbs|[of] p2a: Ferrothorn\n|\n|-heal|p2a: Ferrothorn|52/100|[from] item: Leftovers\n|upkeep\n|turn|26\n|\n|t:|1771198753\n|move|p1a: Gyarados|Crunch|p2a: Ferrothorn\n|-damage|p2a: Ferrothorn|7/100\n|-unboost|p2a: Ferrothorn|def|1\n|-damage|p1a: Gyarados|0 fnt|[from] ability: Iron Barbs|[of] p2a: Ferrothorn\n|faint|p1a: Gyarados\n|detailschange|p1: Gyarados|Gyarados, F|[silent]\n|\n|win|tspinner5000\n|raw|BanTheMaster's rating: 1699 &rarr; <strong>1674</strong><br />(-25 for losing)\n|raw|tspinner5000's rating: 1604 &rarr; <strong>1629</strong><br />(+25 for winning)\n|l|☆BanTheMaster\n|player|p1|\n|l|☆tspinner5000\n|player|p2|\n", "uploadtime": 1771199016, "views": 6, "formatid": "gen9nationaldex", "rating": 1629, "private": 0, "password": null}