{"id": "gen9nationaldex-2540514672", "format": "[Gen 9] National Dex", "players": ["roninakahito", "fight me son"], "log": "|j|☆roninakahito\n|j|☆fight me son\n|t:|1771211655\n|gametype|singles\n|player|p1|roninakahito|caitlin|1658\n|player|p2|fight me son|1|1682\n|gen|9\n|tier|[Gen 9] National Dex\n|rated|\n|rule|HP Percentage Mod: HP is shown in percentages\n|rule|Endless Battle Clause: Forcing endless battles is banned\n|rule|Species Clause: Limit one of each Pokémon\n|rule|OHKO Clause: OHKO moves are banned\n|rule|Evasion Clause: Evasion abilities, items, and moves are banned\n|rule|Evasion Abilities Clause: Evasion abilities are banned\n|rule|Evasion Items Clause: Evasion items are banned\n|rule|Evasion Moves Clause: Evasion moves are banned\n|rule|Sleep Clause Mod: Limit one foe put to sleep\n|rule|Terastal Clause: You cannot Terastallize\n|clearpoke\n|poke|p1|Rillaboom, F|\n|poke|p1|Great Tusk|\n|poke|p1|Suicune|\n|poke|p1|Iron Crown|\n|poke|p1|Tyranitar, M|\n|poke|p1|Volcarona, F|\n|poke|p2|Garchomp, M|\n|poke|p2|Xurkitree|\n|poke|p2|Tapu Lele|\n|poke|p2|Scizor, F|\n|poke|p2|Alomomola, M|\n|poke|p2|Tornadus-Therian, M|\n|teampreview\n|inactive|Battle timer is ON: inactive players will automatically lose when time's up. (requested by roninakahito)\n|\n|t:|1771211665\n|teamsize|p1|6\n|teamsize|p2|6\n|start\n|switch|p1a: Volcarona|Volcarona, F|100/100\n|switch|p2a: Scizor|Scizor, F|100/100\n|turn|1\n|\n|t:|1771211672\n|switch|p2a: Garchomp|Garchomp, M|100/100\n|move|p1a: Volcarona|Quiver Dance|p1a: Volcarona\n|-boost|p1a: Volcarona|spa|1\n|-boost|p1a: Volcarona|spd|1\n|-boost|p1a: Volcarona|spe|1\n|\n|upkeep\n|turn|2\n|\n|t:|1771211676\n|move|p1a: Volcarona|Substitute|p1a: Volcarona\n|-start|p1a: Volcarona|Substitute\n|-damage|p1a: Volcarona|76/100\n|move|p2a: Garchomp|Earthquake|p1a: Volcarona\n|-end|p1a: Volcarona|Substitute\n|\n|-heal|p1a: Volcarona|82/100|[from] item: Leftovers\n|upkeep\n|turn|3\n|\n|t:|1771211679\n|switch|p1a: Rillaboom|Rillaboom, F|100/100\n|-fieldstart|move: Grassy Terrain|[from] ability: Grassy Surge|[of] p1a: Rillaboom\n|move|p2a: Garchomp|Earthquake|p1a: Rillaboom\n|-resisted|p1a: Rillaboom\n|-damage|p1a: Rillaboom|88/100\n|\n|-heal|p1a: Rillaboom|95/100|[from] Grassy Terrain\n|upkeep\n|turn|4\n|\n|t:|1771211682\n|switch|p1a: Volcarona|Volcarona, F|82/100\n|switch|p2a: Tornadus|Tornadus-Therian, M|100/100\n|\n|-heal|p1a: Volcarona|88/100|[from] Grassy Terrain\n|-heal|p1a: Volcarona|94/100|[from] item: Leftovers\n|upkeep\n|turn|5\n|\n|t:|1771211684\n|switch|p1a: Suicune|Suicune|100/100\n|-ability|p1a: Suicune|Pressure\n|move|p2a: Tornadus|Hurricane|p1a: Suicune|[miss]\n|-miss|p2a: Tornadus|p1a: Suicune\n|\n|upkeep\n|turn|6\n|\n|t:|1771211687\n|move|p2a: Tornadus|U-turn|p1a: Suicune\n|-damage|p1a: Suicune|89/100\n|\n|t:|1771211690\n|switch|p2a: Xurkitree|Xurkitree|100/100|[from] U-turn\n|move|p1a: Suicune|Substitute|p1a: Suicune\n|-start|p1a: Suicune|Substitute\n|-damage|p1a: Suicune|64/100\n|\n|-heal|p1a: Suicune|70/100|[from] Grassy Terrain\n|-heal|p1a: Suicune|76/100|[from] item: Leftovers\n|upkeep\n|turn|7\n|\n|t:|1771211693\n|move|p1a: Suicune|Protect|p1a: Suicune\n|-singleturn|p1a: Suicune|Protect\n|move|p2a: Xurkitree|Thunderbolt|p1a: Suicune\n|-activate|p1a: Suicune|move: Protect\n|\n|-heal|p1a: Suicune|83/100|[from] Grassy Terrain\n|-heal|p1a: Suicune|89/100|[from] item: Leftovers\n|-fieldend|move: Grassy Terrain\n|upkeep\n|turn|8\n|\n|t:|1771211695\n|move|p2a: Xurkitree|Thunderbolt|p1a: Suicune\n|-supereffective|p1a: Suicune\n|-end|p1a: Suicune|Substitute\n|move|p1a: Suicune|Scald|p2a: Xurkitree\n|-damage|p2a: Xurkitree|60/100\n|-status|p2a: Xurkitree|brn\n|\n|-heal|p1a: Suicune|95/100|[from] item: Leftovers\n|-damage|p2a: Xurkitree|54/100 brn|[from] brn\n|upkeep\n|turn|9\n|\n|t:|1771211700\n|switch|p2a: Alomomola|Alomomola, M|100/100\n|move|p1a: Suicune|Protect||[still]\n|-fail|p1a: Suicune\n|\n|-heal|p1a: Suicune|100/100|[from] item: Leftovers\n|upkeep\n|turn|10\n|\n|t:|1771211705\n|move|p1a: Suicune|Substitute|p1a: Suicune\n|-start|p1a: Suicune|Substitute\n|-damage|p1a: Suicune|75/100\n|move|p2a: Alomomola|Flip Turn|p1a: Suicune\n|-resisted|p1a: Suicune\n|-activate|p1a: Suicune|move: Substitute|[damage]\n|\n|t:|1771211707\n|switch|p2a: Tapu Lele|Tapu Lele|100/100|[from] Flip Turn\n|-fieldstart|move: Psychic Terrain|[from] ability: Psychic Surge|[of] p2a: Tapu Lele\n|\n|-heal|p1a: Suicune|82/100|[from] item: Leftovers\n|upkeep\n|turn|11\n|\n|t:|1771211714\n|move|p1a: Suicune|Protect|p1a: Suicune\n|-singleturn|p1a: Suicune|Protect\n|move|p2a: Tapu Lele|Thunderbolt|p1a: Suicune\n|-activate|p1a: Suicune|move: Protect\n|\n|-heal|p1a: Suicune|88/100|[from] item: Leftovers\n|upkeep\n|turn|12\n|\n|t:|1771211716\n|move|p2a: Tapu Lele|Thunderbolt|p1a: Suicune\n|-supereffective|p1a: Suicune\n|-end|p1a: Suicune|Substitute\n|move|p1a: Suicune|Calm Mind|p1a: Suicune\n|-boost|p1a: Suicune|spa|1\n|-boost|p1a: Suicune|spd|1\n|\n|-heal|p1a: Suicune|94/100|[from] item: Leftovers\n|upkeep\n|turn|13\n|\n|t:|1771211718\n|move|p1a: Suicune|Protect|p1a: Suicune\n|-singleturn|p1a: Suicune|Protect\n|move|p2a: Tapu Lele|Thunderbolt|p1a: Suicune\n|-activate|p1a: Suicune|move: Protect\n|\n|-heal|p1a: Suicune|99/100|[from] item: Leftovers\n|upkeep\n|turn|14\n|\n|t:|1771211720\n|switch|p1a: Great Tusk|Great Tusk|100/100\n|move|p2a: Tapu Lele|Thunderbolt|p1a: Great Tusk\n|-immune|p1a: Great Tusk\n|\n|-fieldend|move: Psychic Terrain\n|upkeep\n|turn|15\n|\n|t:|1771211722\n|switch|p2a: Alomomola|Alomomola, M|100/100\n|-end|p1a: Great Tusk|Protosynthesis|[silent]\n|switch|p1a: Suicune|Suicune|99/100\n|-ability|p1a: Suicune|Pressure\n|\n|-heal|p1a: Suicune|100/100|[from] item: Leftovers\n|upkeep\n|turn|16\n|\n|t:|1771211725\n|move|p1a: Suicune|Substitute|p1a: Suicune\n|-start|p1a: Suicune|Substitute\n|-damage|p1a: Suicune|75/100\n|move|p2a: Alomomola|Wish|p2a: Alomomola\n|\n|-heal|p1a: Suicune|82/100|[from] item: Leftovers\n|upkeep\n|turn|17\n|\n|t:|1771211728\n|move|p1a: Suicune|Calm Mind|p1a: Suicune\n|-boost|p1a: Suicune|spa|1\n|-boost|p1a: Suicune|spd|1\n|move|p2a: Alomomola|Flip Turn|p1a: Suicune\n|-resisted|p1a: Suicune\n|-activate|p1a: Suicune|move: Substitute|[damage]\n|\n|t:|1771211730\n|switch|p2a: Xurkitree|Xurkitree|54/100 brn|[from] Flip Turn\n|\n|-heal|p2a: Xurkitree|100/100 brn|[from] move: Wish|[wisher] Alomomola\n|-heal|p1a: Suicune|88/100|[from] item: Leftovers\n|-damage|p2a: Xurkitree|94/100 brn|[from] brn\n|upkeep\n|turn|18\n|\n|t:|1771211733\n|move|p1a: Suicune|Protect|p1a: Suicune\n|-singleturn|p1a: Suicune|Protect\n|move|p2a: Xurkitree|Thunderbolt|p1a: Suicune\n|-activate|p1a: Suicune|move: Protect\n|\n|-heal|p1a: Suicune|94/100|[from] item: Leftovers\n|-damage|p2a: Xurkitree|88/100 brn|[from] brn\n|upkeep\n|turn|19\n|\n|t:|1771211735\n|move|p2a: Xurkitree|Thunderbolt|p1a: Suicune\n|-supereffective|p1a: Suicune\n|-end|p1a: Suicune|Substitute\n|move|p1a: Suicune|Calm Mind|p1a: Suicune\n|-boost|p1a: Suicune|spa|1\n|-boost|p1a: Suicune|spd|1\n|\n|-heal|p1a: Suicune|99/100|[from] item: Leftovers\n|-damage|p2a: Xurkitree|82/100 brn|[from] brn\n|upkeep\n|turn|20\n|\n|t:|1771211738\n|move|p1a: Suicune|Protect|p1a: Suicune\n|-singleturn|p1a: Suicune|Protect\n|move|p2a: Xurkitree|Thunderbolt|p1a: Suicune\n|-activate|p1a: Suicune|move: Protect\n|\n|-heal|p1a: Suicune|100/100|[from] item: Leftovers\n|-damage|p2a: Xurkitree|76/100 brn|[from] brn\n|upkeep\n|turn|21\n|\n|t:|1771211739\n|switch|p1a: Great Tusk|Great Tusk|100/100\n|move|p2a: Xurkitree|Thunderbolt|p1a: Great Tusk\n|-immune|p1a: Great Tusk\n|\n|-damage|p2a: Xurkitree|70/100 brn|[from] brn\n|upkeep\n|turn|22\n|\n|t:|1771211744\n|switch|p2a: Tornadus|Tornadus-Therian, M|100/100\n|move|p1a: Great Tusk|Rapid Spin|p2a: Tornadus\n|-damage|p2a: Tornadus|83/100\n|-boost|p1a: Great Tusk|spe|1\n|\n|upkeep\n|turn|23\n|\n|t:|1771211747\n|-end|p1a: Great Tusk|Protosynthesis|[silent]\n|switch|p1a: Suicune|Suicune|100/100\n|-ability|p1a: Suicune|Pressure\n|move|p2a: Tornadus|U-turn|p1a: Suicune\n|-damage|p1a: Suicune|90/100\n|\n|t:|1771211758\n|switch|p2a: Garchomp|Garchomp, M|100/100|[from] U-turn\n|\n|-heal|p1a: Suicune|96/100|[from] item: Leftovers\n|upkeep\n|turn|24\n|\n|t:|1771211762\n|move|p2a: Garchomp|Toxic|p1a: Suicune\n|-status|p1a: Suicune|tox\n|move|p1a: Suicune|Scald|p2a: Garchomp\n|-damage|p2a: Garchomp|85/100\n|-status|p2a: Garchomp|brn\n|\n|-heal|p2a: Garchomp|91/100 brn|[from] item: Leftovers\n|-heal|p1a: Suicune|100/100 tox|[from] item: Leftovers\n|-damage|p1a: Suicune|94/100 tox|[from] psn\n|-damage|p2a: Garchomp|85/100 brn|[from] brn\n|upkeep\n|turn|25\n|\n|t:|1771211766\n|switch|p1a: Great Tusk|Great Tusk|100/100\n|move|p2a: Garchomp|Stealth Rock|p1a: Great Tusk\n|-sidestart|p1: roninakahito|move: Stealth Rock\n|\n|-heal|p2a: Garchomp|91/100 brn|[from] item: Leftovers\n|-damage|p2a: Garchomp|85/100 brn|[from] brn\n|upkeep\n|turn|26\n|\n|t:|1771211768\n|switch|p2a: Alomomola|Alomomola, M|100/100\n|move|p1a: Great Tusk|Rapid Spin|p2a: Alomomola\n|-damage|p2a: Alomomola|91/100\n|-boost|p1a: Great Tusk|spe|1\n|-sideend|p1: roninakahito|Stealth Rock|[from] move: Rapid Spin|[of] p1a: Great Tusk\n|\n|-heal|p2a: Alomomola|97/100|[from] item: Leftovers\n|upkeep\n|turn|27\n|\n|t:|1771211772\n|-end|p1a: Great Tusk|Protosynthesis|[silent]\n|switch|p1a: Rillaboom|Rillaboom, F|95/100\n|-fieldstart|move: Grassy Terrain|[from] ability: Grassy Surge|[of] p1a: Rillaboom\n|move|p2a: Alomomola|Flip Turn|p1a: Rillaboom\n|-resisted|p1a: Rillaboom\n|-damage|p1a: Rillaboom|86/100\n|\n|t:|1771211775\n|switch|p2a: Scizor|Scizor, F|100/100|[from] Flip Turn\n|\n|-heal|p1a: Rillaboom|93/100|[from] Grassy Terrain\n|upkeep\n|turn|28\n|\n|t:|1771211777\n|switch|p1a: Volcarona|Volcarona, F|94/100\n|detailschange|p2a: Scizor|Scizor-Mega, F\n|-mega|p2a: Scizor|Scizor|Scizorite\n|move|p2a: Scizor|Knock Off|p1a: Volcarona\n|-damage|p1a: Volcarona|43/100\n|-enditem|p1a: Volcarona|Leftovers|[from] move: Knock Off|[of] p2a: Scizor\n|\n|-heal|p1a: Volcarona|49/100|[from] Grassy Terrain\n|upkeep\n|turn|29\n|\n|t:|1771211784\n|switch|p2a: Garchomp|Garchomp, M|85/100 brn\n|move|p1a: Volcarona|Quiver Dance|p1a: Volcarona\n|-boost|p1a: Volcarona|spa|1\n|-boost|p1a: Volcarona|spd|1\n|-boost|p1a: Volcarona|spe|1\n|\n|-heal|p1a: Volcarona|55/100|[from] Grassy Terrain\n|-heal|p2a: Garchomp|91/100 brn|[from] Grassy Terrain\n|-heal|p2a: Garchomp|97/100 brn|[from] item: Leftovers\n|-damage|p2a: Garchomp|91/100 brn|[from] brn\n|upkeep\n|turn|30\n|\n|t:|1771211787\n|move|p1a: Volcarona|Giga Drain|p2a: Garchomp\n|-damage|p2a: Garchomp|52/100 brn\n|-heal|p1a: Volcarona|82/100|[from] drain|[of] p2a: Garchomp\n|move|p2a: Garchomp|Earthquake|p1a: Volcarona\n|-damage|p1a: Volcarona|66/100\n|\n|-heal|p1a: Volcarona|73/100|[from] Grassy Terrain\n|-heal|p2a: Garchomp|58/100 brn|[from] Grassy Terrain\n|-heal|p2a: Garchomp|64/100 brn|[from] item: Leftovers\n|-damage|p2a: Garchomp|58/100 brn|[from] brn\n|upkeep\n|turn|31\n|\n|t:|1771211791\n|move|p1a: Volcarona|Substitute|p1a: Volcarona\n|-start|p1a: Volcarona|Substitute\n|-damage|p1a: Volcarona|48/100\n|move|p2a: Garchomp|Toxic||[still]\n|-fail|p2a: Garchomp\n|\n|-heal|p1a: Volcarona|54/100|[from] Grassy Terrain\n|-heal|p2a: Garchomp|64/100 brn|[from] Grassy Terrain\n|-heal|p2a: Garchomp|70/100 brn|[from] item: Leftovers\n|-damage|p2a: Garchomp|64/100 brn|[from] brn\n|-fieldend|move: Grassy Terrain\n|upkeep\n|turn|32\n|\n|t:|1771211794\n|move|p1a: Volcarona|Giga Drain|p2a: Garchomp\n|-damage|p2a: Garchomp|34/100 brn\n|-heal|p1a: Volcarona|74/100|[from] drain|[of] p2a: Garchomp\n|move|p2a: Garchomp|Earthquake|p1a: Volcarona\n|-end|p1a: Volcarona|Substitute\n|\n|-heal|p2a: Garchomp|40/100 brn|[from] item: Leftovers\n|-damage|p2a: Garchomp|34/100 brn|[from] brn\n|upkeep\n|turn|33\n|\n|t:|1771211800\n|move|p1a: Volcarona|Giga Drain|p2a: Garchomp\n|-damage|p2a: Garchomp|6/100 brn\n|-heal|p1a: Volcarona|93/100|[from] drain|[of] p2a: Garchomp\n|move|p2a: Garchomp|Earthquake|p1a: Volcarona\n|-damage|p1a: Volcarona|60/100\n|\n|-heal|p2a: Garchomp|12/100 brn|[from] item: Leftovers\n|-damage|p2a: Garchomp|6/100 brn|[from] brn\n|upkeep\n|turn|34\n|\n|t:|1771211802\n|move|p1a: Volcarona|Fiery Dance|p2a: Garchomp\n|-resisted|p2a: Garchomp\n|-damage|p2a: Garchomp|0 fnt\n|-boost|p1a: Volcarona|spa|1\n|faint|p2a: Garchomp\n|\n|upkeep\n|\n|t:|1771211805\n|switch|p2a: Tapu Lele|Tapu Lele|100/100\n|-fieldstart|move: Psychic Terrain|[from] ability: Psychic Surge|[of] p2a: Tapu Lele\n|turn|35\n|\n|t:|1771211807\n|move|p2a: Tapu Lele|Psyshock|p1a: Volcarona\n|-damage|p1a: Volcarona|0 fnt\n|faint|p1a: Volcarona\n|\n|upkeep\n|\n|t:|1771211810\n|switch|p1a: Tyranitar|Tyranitar, M|100/100\n|-weather|Sandstorm|[from] ability: Sand Stream|[of] p1a: Tyranitar\n|turn|36\n|\n|t:|1771211819\n|switch|p2a: Scizor|Scizor-Mega, F|100/100\n|detailschange|p1a: Tyranitar|Tyranitar-Mega, M\n|-mega|p1a: Tyranitar|Tyranitar|Tyranitarite\n|move|p1a: Tyranitar|Knock Off|p2a: Scizor\n|-damage|p2a: Scizor|76/100\n|\n|-weather|Sandstorm|[upkeep]\n|upkeep\n|turn|37\n|\n|t:|1771211821\n|switch|p1a: Suicune|Suicune|94/100 tox\n|-ability|p1a: Suicune|Pressure\n|move|p2a: Scizor|U-turn|p1a: Suicune\n|-damage|p1a: Suicune|70/100 tox\n|\n|t:|1771211827\n|switch|p2a: Alomomola|Alomomola, M|100/100|[from] U-turn\n|\n|-weather|Sandstorm|[upkeep]\n|-damage|p1a: Suicune|64/100 tox|[from] Sandstorm\n|-damage|p2a: Alomomola|94/100|[from] Sandstorm\n|-heal|p1a: Suicune|70/100 tox|[from] item: Leftovers\n|-heal|p2a: Alomomola|100/100|[from] item: Leftovers\n|-damage|p1a: Suicune|64/100 tox|[from] psn\n|upkeep\n|turn|38\n|\n|t:|1771211830\n|switch|p1a: Rillaboom|Rillaboom, F|93/100\n|-fieldstart|move: Grassy Terrain|[from] ability: Grassy Surge|[of] p1a: Rillaboom\n|move|p2a: Alomomola|Wish|p2a: Alomomola\n|\n|-weather|Sandstorm|[upkeep]\n|-damage|p1a: Rillaboom|86/100|[from] Sandstorm\n|-damage|p2a: Alomomola|94/100|[from] Sandstorm\n|-heal|p1a: Rillaboom|93/100|[from] Grassy Terrain\n|-heal|p2a: Alomomola|100/100|[from] Grassy Terrain\n|upkeep\n|turn|39\n|\n|t:|1771211835\n|switch|p1a: Iron Crown|Iron Crown|100/100\n|switch|p2a: Scizor|Scizor-Mega, F|76/100\n|\n|-weather|Sandstorm|[upkeep]\n|-heal|p2a: Scizor|100/100|[from] move: Wish|[wisher] Alomomola\n|upkeep\n|turn|40\n|\n|t:|1771211842\n|move|p1a: Iron Crown|Iron Defense|p1a: Iron Crown\n|-boost|p1a: Iron Crown|def|2\n|move|p2a: Scizor|U-turn|p1a: Iron Crown\n|-damage|p1a: Iron Crown|83/100\n|\n|t:|1771211844\n|switch|p2a: Xurkitree|Xurkitree|70/100 brn|[from] U-turn\n|\n|-weather|none\n|-heal|p2a: Xurkitree|76/100 brn|[from] Grassy Terrain\n|-heal|p1a: Iron Crown|89/100|[from] Grassy Terrain\n|-damage|p2a: Xurkitree|70/100 brn|[from] brn\n|upkeep\n|turn|41\n|\n|t:|1771211847\n|move|p2a: Xurkitree|Thunderbolt|p1a: Iron Crown\n|-damage|p1a: Iron Crown|35/100\n|move|p1a: Iron Crown|Agility|p1a: Iron Crown\n|-boost|p1a: Iron Crown|spe|2\n|\n|-heal|p1a: Iron Crown|42/100|[from] Grassy Terrain\n|-heal|p2a: Xurkitree|76/100 brn|[from] Grassy Terrain\n|-damage|p2a: Xurkitree|70/100 brn|[from] brn\n|upkeep\n|turn|42\n|\n|t:|1771211853\n|move|p1a: Iron Crown|Stored Power|p2a: Xurkitree\n|-damage|p2a: Xurkitree|0 fnt\n|faint|p2a: Xurkitree\n|\n|-heal|p1a: Iron Crown|48/100|[from] Grassy Terrain\n|-fieldend|move: Grassy Terrain\n|upkeep\n|\n|t:|1771211856\n|switch|p2a: Scizor|Scizor-Mega, F|100/100\n|turn|43\n|\n|t:|1771211860\n|move|p1a: Iron Crown|Iron Defense|p1a: Iron Crown\n|-boost|p1a: Iron Crown|def|2\n|move|p2a: Scizor|Knock Off|p1a: Iron Crown\n|-supereffective|p1a: Iron Crown\n|-damage|p1a: Iron Crown|25/100\n|-enditem|p1a: Iron Crown|Weakness Policy\n|-boost|p1a: Iron Crown|atk|2|[from] item: Weakness Policy\n|-boost|p1a: Iron Crown|spa|2|[from] item: Weakness Policy\n|\n|upkeep\n|turn|44\n|\n|t:|1771211867\n|move|p1a: Iron Crown|Stored Power|p2a: Scizor\n|-resisted|p2a: Scizor\n|-damage|p2a: Scizor|0 fnt\n|faint|p2a: Scizor\n|detailschange|p2: Scizor|Scizor, F|[silent]\n|\n|upkeep\n|-message|fight me son forfeited.\n|\n|win|roninakahito\n|raw|roninakahito's rating: 1658 &rarr; <strong>1679</strong><br />(+21 for winning)\n|raw|fight me son's rating: 1682 &rarr; <strong>1661</strong><br />(-21 for losing)\n|l|☆fight me son\n|player|p2|\n|l|☆roninakahito\n|player|p1|\n", "uploadtime": 1771212129, "views": 6, "formatid": "gen9nationaldex", "rating": 1661, "private": 0, "password": null}