{"id": "gen9nationaldex-2540711707", "format": "[Gen 9] National Dex", "players": ["Laughs2Giggles", "barbordor"], "log": "|j|☆Laughs2Giggles\n|j|☆barbordor\n|t:|1771244262\n|gametype|singles\n|player|p1|Laughs2Giggles|flint|1589\n|player|p2|barbordor|169|1656\n|gen|9\n|tier|[Gen 9] National Dex\n|rated|\n|rule|HP Percentage Mod: HP is shown in percentages\n|rule|Endless Battle Clause: Forcing endless battles is banned\n|rule|Species Clause: Limit one of each Pokémon\n|rule|OHKO Clause: OHKO moves are banned\n|rule|Evasion Clause: Evasion abilities, items, and moves are banned\n|rule|Evasion Abilities Clause: Evasion abilities are banned\n|rule|Evasion Items Clause: Evasion items are banned\n|rule|Evasion Moves Clause: Evasion moves are banned\n|rule|Sleep Clause Mod: Limit one foe put to sleep\n|rule|Terastal Clause: You cannot Terastallize\n|clearpoke\n|poke|p1|Slowbro, F|\n|poke|p1|Melmetal|\n|poke|p1|Raging Bolt|\n|poke|p1|Rillaboom, F|\n|poke|p1|Hawlucha, M|\n|poke|p1|Cinderace, M|\n|poke|p2|Araquanid, F|\n|poke|p2|Breloom, F|\n|poke|p2|Gholdengo|\n|poke|p2|Terapagos, M|\n|poke|p2|Thundurus-Therian, M|\n|poke|p2|Aerodactyl, F|\n|teampreview\n|inactive|Battle timer is ON: inactive players will automatically lose when time's up. (requested by barbordor)\n|inactive|Laughs2Giggles has 120 seconds left.\n|\n|t:|1771244314\n|teamsize|p1|6\n|teamsize|p2|6\n|start\n|switch|p1a: Melmetal|Melmetal|100/100\n|switch|p2a: Thundurus|Thundurus-Therian, M|100/100\n|turn|1\n|\n|t:|1771244319\n|move|p1a: Melmetal|Protect|p1a: Melmetal\n|-singleturn|p1a: Melmetal|Protect\n|-zpower|p2a: Thundurus\n|move|p2a: Thundurus|All-Out Pummeling|p1a: Melmetal|[zeffect]\n|-supereffective|p1a: Melmetal\n|-zbroken|p1a: Melmetal\n|-damage|p1a: Melmetal|62/100\n|\n|-heal|p1a: Melmetal|68/100|[from] item: Leftovers\n|upkeep\n|turn|2\n|\n|t:|1771244344\n|switch|p1a: Raging Bolt|Raging Bolt|100/100\n|-enditem|p1a: Raging Bolt|Booster Energy\n|-activate|p1a: Raging Bolt|ability: Protosynthesis|[fromitem]\n|-start|p1a: Raging Bolt|protosynthesisspa\n|move|p2a: Thundurus|Focus Blast|p1a: Raging Bolt|[miss]\n|-miss|p2a: Thundurus|p1a: Raging Bolt\n|\n|upkeep\n|turn|3\n|\n|t:|1771244356\n|move|p2a: Thundurus|Hidden Power|p1a: Raging Bolt\n|-supereffective|p1a: Raging Bolt\n|-damage|p1a: Raging Bolt|56/100\n|move|p1a: Raging Bolt|Volt Switch|p2a: Thundurus\n|-immune|p2a: Thundurus|[from] ability: Volt Absorb\n|\n|upkeep\n|turn|4\n|\n|t:|1771244361\n|move|p2a: Thundurus|Hidden Power|p1a: Raging Bolt\n|-supereffective|p1a: Raging Bolt\n|-damage|p1a: Raging Bolt|15/100\n|move|p1a: Raging Bolt|Draco Meteor|p2a: Thundurus\n|-damage|p2a: Thundurus|0 fnt\n|-unboost|p1a: Raging Bolt|spa|2\n|faint|p2a: Thundurus\n|\n|upkeep\n|\n|t:|1771244364\n|switch|p2a: Araquanid|Araquanid, F|100/100\n|turn|5\n|\n|t:|1771244370\n|move|p1a: Raging Bolt|Thunderbolt|p2a: Araquanid\n|-supereffective|p2a: Araquanid\n|-damage|p2a: Araquanid|42/100\n|move|p2a: Araquanid|Mirror Coat|p1a: Raging Bolt\n|-damage|p1a: Raging Bolt|0 fnt\n|faint|p1a: Raging Bolt\n|-end|p1a: Raging Bolt|Protosynthesis|[silent]\n|\n|upkeep\n|\n|t:|1771244382\n|switch|p1a: Rillaboom|Rillaboom, F, shiny|100/100\n|-fieldstart|move: Grassy Terrain|[from] ability: Grassy Surge|[of] p1a: Rillaboom\n|turn|6\n|\n|t:|1771244385\n|move|p1a: Rillaboom|Grassy Glide|p2a: Araquanid\n|-damage|p2a: Araquanid|0 fnt\n|faint|p2a: Araquanid\n|\n|upkeep\n|\n|t:|1771244388\n|switch|p2a: Aerodactyl|Aerodactyl, F|100/100\n|turn|7\n|\n|t:|1771244392\n|switch|p2a: Breloom|Breloom, F|100/100\n|switch|p1a: Melmetal|Melmetal|68/100\n|\n|-heal|p1a: Melmetal|74/100|[from] Grassy Terrain\n|-heal|p1a: Melmetal|80/100|[from] item: Leftovers\n|upkeep\n|turn|8\n|\n|t:|1771244398\n|move|p1a: Melmetal|Protect|p1a: Melmetal\n|-singleturn|p1a: Melmetal|Protect\n|move|p2a: Breloom|Spore|p1a: Melmetal\n|-activate|p1a: Melmetal|move: Protect\n|\n|-heal|p1a: Melmetal|86/100|[from] Grassy Terrain\n|-heal|p1a: Melmetal|92/100|[from] item: Leftovers\n|upkeep\n|turn|9\n|\n|t:|1771244410\n|switch|p1a: Rillaboom|Rillaboom, F, shiny|100/100\n|move|p2a: Breloom|Bullet Seed|p1a: Rillaboom\n|-resisted|p1a: Rillaboom\n|-damage|p1a: Rillaboom|88/100\n|-resisted|p1a: Rillaboom\n|-damage|p1a: Rillaboom|75/100\n|-resisted|p1a: Rillaboom\n|-damage|p1a: Rillaboom|64/100\n|-resisted|p1a: Rillaboom\n|-damage|p1a: Rillaboom|51/100\n|-resisted|p1a: Rillaboom\n|-damage|p1a: Rillaboom|38/100\n|-hitcount|p1a: Rillaboom|5\n|\n|-heal|p1a: Rillaboom|45/100|[from] Grassy Terrain\n|upkeep\n|turn|10\n|\n|t:|1771244427\n|move|p1a: Rillaboom|Grassy Glide|p2a: Breloom\n|-resisted|p2a: Breloom\n|-damage|p2a: Breloom|71/100\n|move|p2a: Breloom|Bullet Seed|p1a: Rillaboom\n|-resisted|p1a: Rillaboom\n|-damage|p1a: Rillaboom|33/100\n|-resisted|p1a: Rillaboom\n|-damage|p1a: Rillaboom|23/100\n|-resisted|p1a: Rillaboom\n|-damage|p1a: Rillaboom|11/100\n|-resisted|p1a: Rillaboom\n|-damage|p1a: Rillaboom|0 fnt\n|faint|p1a: Rillaboom\n|-hitcount|p1: Rillaboom|4\n|\n|-heal|p2a: Breloom|78/100|[from] Grassy Terrain\n|upkeep\n|\n|t:|1771244433\n|switch|p1a: Hawlucha|Hawlucha, M, shiny|100/100\n|-enditem|p1a: Hawlucha|Grassy Seed\n|-boost|p1a: Hawlucha|def|1|[from] item: Grassy Seed\n|turn|11\n|\n|t:|1771244440\n|move|p1a: Hawlucha|Swords Dance|p1a: Hawlucha\n|-boost|p1a: Hawlucha|atk|2\n|move|p2a: Breloom|Bullet Seed|p1a: Hawlucha\n|-resisted|p1a: Hawlucha\n|-damage|p1a: Hawlucha|89/100\n|-resisted|p1a: Hawlucha\n|-damage|p1a: Hawlucha|77/100\n|-resisted|p1a: Hawlucha\n|-damage|p1a: Hawlucha|64/100\n|-resisted|p1a: Hawlucha\n|-damage|p1a: Hawlucha|52/100\n|-hitcount|p1a: Hawlucha|4\n|\n|-heal|p2a: Breloom|84/100|[from] Grassy Terrain\n|upkeep\n|turn|12\n|\n|t:|1771244454\n|switch|p2a: Aerodactyl|Aerodactyl, F|100/100\n|move|p1a: Hawlucha|Acrobatics|p2a: Aerodactyl\n|-resisted|p2a: Aerodactyl\n|-damage|p2a: Aerodactyl|17/100\n|\n|upkeep\n|turn|13\n|\n|t:|1771244458\n|detailschange|p2a: Aerodactyl|Aerodactyl-Mega, F\n|-mega|p2a: Aerodactyl|Aerodactyl|Aerodactylite\n|move|p1a: Hawlucha|Acrobatics|p2a: Aerodactyl\n|-resisted|p2a: Aerodactyl\n|-crit|p2a: Aerodactyl\n|-damage|p2a: Aerodactyl|0 fnt\n|faint|p2a: Aerodactyl\n|detailschange|p2: Aerodactyl|Aerodactyl, F|[silent]\n|\n|-fieldend|move: Grassy Terrain\n|upkeep\n|\n|t:|1771244461\n|switch|p2a: Terapagos|Terapagos, M|100/100\n|-activate|p2a: Terapagos|ability: Tera Shift\n|detailschange|p2a: Terapagos|Terapagos-Terastal, M\n|-heal|p2a: Terapagos|100/100|[silent]\n|turn|14\n|\n|t:|1771244471\n|move|p1a: Hawlucha|Acrobatics|p2a: Terapagos\n|-activate|p2a: Terapagos|ability: Tera Shell\n|-resisted|p2a: Terapagos\n|-damage|p2a: Terapagos|55/100\n|move|p2a: Terapagos|Tera Starstorm|p1a: Hawlucha\n|-damage|p1a: Hawlucha|0 fnt\n|faint|p1a: Hawlucha\n|\n|upkeep\n|\n|t:|1771244487\n|switch|p1a: Slowbro|Slowbro, F|100/100\n|turn|15\n|\n|t:|1771244491\n|switch|p2a: Gholdengo|Gholdengo|100/100\n|-item|p2a: Gholdengo|Air Balloon\n|move|p1a: Slowbro|Future Sight|p2a: Gholdengo\n|-start|p1a: Slowbro|move: Future Sight\n|\n|upkeep\n|turn|16\n|\n|t:|1771244499\n|move|p2a: Gholdengo|Shadow Ball|p1a: Slowbro\n|-supereffective|p1a: Slowbro\n|-damage|p1a: Slowbro|15/100\n|move|p1a: Slowbro|Trick Room|p1a: Slowbro\n|-fieldstart|move: Trick Room|[of] p1a: Slowbro\n|\n|upkeep\n|turn|17\n|\n|t:|1771244505\n|switch|p2a: Terapagos|Terapagos-Terastal, M|55/100\n|move|p1a: Slowbro|Scald|p2a: Terapagos\n|-damage|p2a: Terapagos|30/100\n|\n|-end|p2a: Terapagos|move: Future Sight\n|-damage|p2a: Terapagos|0 fnt\n|faint|p2a: Terapagos\n|upkeep\n|\n|t:|1771244509\n|switch|p2a: Breloom|Breloom, F|84/100\n|turn|18\n|\n|t:|1771244515\n|move|p1a: Slowbro|Future Sight|p2a: Breloom\n|-start|p1a: Slowbro|move: Future Sight\n|move|p2a: Breloom|Spore|p1a: Slowbro\n|-status|p1a: Slowbro|slp|[from] move: Spore\n|\n|upkeep\n|turn|19\n|\n|t:|1771244519\n|cant|p1a: Slowbro|slp\n|move|p2a: Breloom|Swords Dance|p2a: Breloom\n|-boost|p2a: Breloom|atk|2\n|\n|upkeep\n|turn|20\n|\n|t:|1771244524\n|switch|p2a: Gholdengo|Gholdengo|100/100\n|-item|p2a: Gholdengo|Air Balloon\n|cant|p1a: Slowbro|slp\n|\n|-end|p2a: Gholdengo|move: Future Sight\n|-resisted|p2a: Gholdengo\n|-damage|p2a: Gholdengo|75/100\n|-enditem|p2a: Gholdengo|Air Balloon\n|-fieldend|move: Trick Room\n|upkeep\n|turn|21\n|\n|t:|1771244530\n|switch|p2a: Breloom|Breloom, F|84/100\n|-curestatus|p1a: Slowbro|slp|[msg]\n|move|p1a: Slowbro|Trick Room|p1a: Slowbro\n|-fieldstart|move: Trick Room|[of] p1a: Slowbro\n|\n|upkeep\n|turn|22\n|\n|t:|1771244539\n|move|p1a: Slowbro|Future Sight|p2a: Breloom\n|-start|p1a: Slowbro|move: Future Sight\n|move|p2a: Breloom|Spore|p1a: Slowbro\n|-status|p1a: Slowbro|slp|[from] move: Spore\n|\n|upkeep\n|turn|23\n|j| blackddarkness\n|\n|t:|1771244544\n|switch|p2a: Gholdengo|Gholdengo|75/100\n|cant|p1a: Slowbro|slp\n|\n|upkeep\n|turn|24\n|\n|t:|1771244548\n|move|p2a: Gholdengo|Nasty Plot|p2a: Gholdengo\n|-boost|p2a: Gholdengo|spa|2\n|-curestatus|p1a: Slowbro|slp|[msg]\n|move|p1a: Slowbro|Teleport|p1a: Slowbro\n|\n|t:|1771244554\n|switch|p1a: Melmetal|Melmetal|92/100|[from] Teleport\n|\n|-end|p2a: Gholdengo|move: Future Sight\n|-resisted|p2a: Gholdengo\n|-damage|p2a: Gholdengo|48/100\n|-heal|p1a: Melmetal|99/100|[from] item: Leftovers\n|upkeep\n|turn|25\n|\n|t:|1771244558\n|move|p1a: Melmetal|Double Iron Bash|p2a: Gholdengo\n|-resisted|p2a: Gholdengo\n|-damage|p2a: Gholdengo|22/100\n|-resisted|p2a: Gholdengo\n|-damage|p2a: Gholdengo|0 fnt\n|faint|p2a: Gholdengo\n|-hitcount|p2: Gholdengo|2\n|\n|-heal|p1a: Melmetal|100/100|[from] item: Leftovers\n|-fieldend|move: Trick Room\n|upkeep\n|\n|t:|1771244560\n|switch|p2a: Breloom|Breloom, F|84/100\n|turn|26\n|\n|t:|1771244574\n|move|p2a: Breloom|Spore|p1a: Melmetal\n|-status|p1a: Melmetal|slp|[from] move: Spore\n|cant|p1a: Melmetal|slp\n|\n|upkeep\n|turn|27\n|\n|t:|1771244578\n|move|p2a: Breloom|Swords Dance|p2a: Breloom\n|-boost|p2a: Breloom|atk|2\n|cant|p1a: Melmetal|slp\n|\n|upkeep\n|turn|28\n|\n|t:|1771244581\n|move|p2a: Breloom|Swords Dance|p2a: Breloom\n|-boost|p2a: Breloom|atk|2\n|cant|p1a: Melmetal|slp\n|\n|upkeep\n|turn|29\n|\n|t:|1771244583\n|move|p2a: Breloom|Mach Punch|p1a: Melmetal\n|-supereffective|p1a: Melmetal\n|-damage|p1a: Melmetal|0 fnt\n|faint|p1a: Melmetal\n|\n|upkeep\n|\n|t:|1771244586\n|switch|p1a: Slowbro|Slowbro, F|48/100\n|turn|30\n|\n|t:|1771244588\n|move|p2a: Breloom|Bullet Seed|p1a: Slowbro\n|-supereffective|p1a: Slowbro\n|-damage|p1a: Slowbro|0 fnt\n|faint|p1a: Slowbro\n|-hitcount|p1: Slowbro|1\n|\n|upkeep\n|\n|t:|1771244590\n|switch|p1a: Cinderace|Cinderace, M|100/100\n|turn|31\n|\n|t:|1771244593\n|move|p2a: Breloom|Mach Punch|p1a: Cinderace\n|-damage|p1a: Cinderace|0 fnt\n|faint|p1a: Cinderace\n|\n|win|barbordor\n|raw|Laughs2Giggles's rating: 1589 &rarr; <strong>1573</strong><br />(-16 for losing)\n|raw|barbordor's rating: 1656 &rarr; <strong>1672</strong><br />(+16 for winning)\n|l|☆Laughs2Giggles\n|player|p1|\n|l|☆barbordor\n|player|p2|\n", "uploadtime": 1771244801, "views": 5, "formatid": "gen9nationaldex", "rating": 1573, "private": 0, "password": null}