{"id": "gen9nationaldex-2540840557", "format": "[Gen 9] National Dex", "players": ["Red over MT Silver", "Cerberus 17"], "log": "|j|☆Red over MT Silver\n|j|☆Cerberus 17\n|t:|1771259497\n|gametype|singles\n|player|p1|Red over MT Silver|unknown|1738\n|player|p2|Cerberus 17|cynthia-gen4|1721\n|gen|9\n|tier|[Gen 9] National Dex\n|rated|\n|rule|HP Percentage Mod: HP is shown in percentages\n|rule|Endless Battle Clause: Forcing endless battles is banned\n|rule|Species Clause: Limit one of each Pokémon\n|rule|OHKO Clause: OHKO moves are banned\n|rule|Evasion Clause: Evasion abilities, items, and moves are banned\n|rule|Evasion Abilities Clause: Evasion abilities are banned\n|rule|Evasion Items Clause: Evasion items are banned\n|rule|Evasion Moves Clause: Evasion moves are banned\n|rule|Sleep Clause Mod: Limit one foe put to sleep\n|rule|Terastal Clause: You cannot Terastallize\n|clearpoke\n|poke|p1|Charizard, M|\n|poke|p1|Tornadus-Therian, M|\n|poke|p1|Clefable, M|\n|poke|p1|Toxapex, M|\n|poke|p1|Chansey, F|\n|poke|p1|Gliscor, M|\n|poke|p2|Tyranitar, M|\n|poke|p2|Kartana|\n|poke|p2|Diancie|\n|poke|p2|Excadrill, F|\n|poke|p2|Sinistcha-Masterpiece|\n|poke|p2|Kommo-o, F|\n|teampreview\n|inactive|Battle timer is ON: inactive players will automatically lose when time's up. (requested by Cerberus 17)\n|\n|t:|1771259523\n|teamsize|p1|6\n|teamsize|p2|6\n|start\n|switch|p1a: Toxapex|Toxapex, M|100/100\n|switch|p2a: Tyranitar|Tyranitar, M|100/100\n|-weather|Sandstorm|[from] ability: Sand Stream|[of] p2a: Tyranitar\n|turn|1\n|\n|t:|1771259540\n|move|p2a: Tyranitar|Knock Off|p1a: Toxapex\n|-damage|p1a: Toxapex|69/100\n|-damage|p2a: Tyranitar|84/100|[from] item: Rocky Helmet|[of] p1a: Toxapex\n|-enditem|p1a: Toxapex|Rocky Helmet|[from] move: Knock Off|[of] p2a: Tyranitar\n|move|p1a: Toxapex|Toxic Spikes|p2a: Tyranitar\n|-sidestart|p2: Cerberus 17|move: Toxic Spikes\n|\n|-weather|Sandstorm|[upkeep]\n|-damage|p1a: Toxapex|63/100|[from] Sandstorm\n|upkeep\n|turn|2\n|\n|t:|1771259550\n|switch|p2a: Kartana|Kartana|100/100\n|move|p1a: Toxapex|Scald|p2a: Kartana\n|-resisted|p2a: Kartana\n|-damage|p2a: Kartana|73/100\n|\n|-weather|Sandstorm|[upkeep]\n|-damage|p1a: Toxapex|56/100|[from] Sandstorm\n|upkeep\n|turn|3\n|\n|t:|1771259562\n|switch|p1a: Tornadus|Tornadus-Therian, M|100/100\n|move|p2a: Kartana|Leaf Blade|p1a: Tornadus\n|-resisted|p1a: Tornadus\n|-damage|p1a: Tornadus|53/100\n|\n|-weather|Sandstorm|[upkeep]\n|-damage|p1a: Tornadus|47/100|[from] Sandstorm\n|upkeep\n|turn|4\n|\n|t:|1771259568\n|switch|p1a: Charizard|Charizard, M|100/100\n|move|p2a: Kartana|Leaf Blade|p1a: Charizard\n|-resisted|p1a: Charizard\n|-damage|p1a: Charizard|81/100\n|\n|-weather|Sandstorm|[upkeep]\n|-damage|p1a: Charizard|75/100|[from] Sandstorm\n|upkeep\n|turn|5\n|\n|t:|1771259579\n|switch|p2a: Diancie|Diancie|100/100\n|-status|p2a: Diancie|psn\n|detailschange|p1a: Charizard|Charizard-Mega-X, M\n|-mega|p1a: Charizard|Charizard|Charizardite X\n|move|p1a: Charizard|Flare Blitz|p2a: Diancie\n|-resisted|p2a: Diancie\n|-damage|p2a: Diancie|65/100 psn\n|-damage|p1a: Charizard|65/100|[from] Recoil\n|\n|-weather|Sandstorm|[upkeep]\n|-damage|p1a: Charizard|59/100|[from] Sandstorm\n|-damage|p2a: Diancie|53/100 psn|[from] psn\n|upkeep\n|turn|6\n|\n|t:|1771259589\n|switch|p1a: Chansey|Chansey, F|100/100\n|move|p2a: Diancie|Stealth Rock|p1a: Chansey\n|-sidestart|p1: Red over MT Silver|move: Stealth Rock\n|\n|-weather|Sandstorm|[upkeep]\n|-damage|p1a: Chansey|94/100|[from] Sandstorm\n|-damage|p2a: Diancie|40/100 psn|[from] psn\n|upkeep\n|turn|7\n|\n|t:|1771259596\n|switch|p2a: Excadrill|Excadrill, F|100/100\n|move|p1a: Chansey|Teleport|p1a: Chansey\n|\n|t:|1771259599\n|switch|p1a: Gliscor|Gliscor, M, shiny|100/100|[from] Teleport\n|-damage|p1a: Gliscor|88/100|[from] Stealth Rock\n|\n|-weather|Sandstorm|[upkeep]\n|-status|p1a: Gliscor|tox|[from] item: Toxic Orb\n|upkeep\n|turn|8\n|\n|t:|1771259605\n|move|p2a: Excadrill|Iron Head|p1a: Gliscor\n|-damage|p1a: Gliscor|29/100 tox\n|move|p1a: Gliscor|Defog|p2a: Excadrill\n|-unboost|p2a: Excadrill|evasion|1\n|-sideend|p2: Cerberus 17|Toxic Spikes|[from] move: Defog|[of] p1a: Gliscor\n|-sideend|p1: Red over MT Silver|Stealth Rock|[from] move: Defog|[of] p1a: Gliscor\n|\n|-weather|none\n|-heal|p1a: Gliscor|41/100 tox|[from] ability: Poison Heal\n|upkeep\n|turn|9\n|\n|t:|1771259617\n|switch|p1a: Toxapex|Toxapex, M|90/100\n|switch|p2a: Kartana|Kartana|73/100\n|\n|upkeep\n|turn|10\n|\n|t:|1771259622\n|move|p2a: Kartana|Leaf Blade|p1a: Toxapex\n|-damage|p1a: Toxapex|53/100\n|move|p1a: Toxapex|Toxic Spikes|p2a: Kartana\n|-sidestart|p2: Cerberus 17|move: Toxic Spikes\n|\n|upkeep\n|turn|11\n|\n|t:|1771259631\n|move|p2a: Kartana|Leaf Blade|p1a: Toxapex\n|-damage|p1a: Toxapex|13/100\n|move|p1a: Toxapex|Scald|p2a: Kartana\n|-resisted|p2a: Kartana\n|-damage|p2a: Kartana|46/100\n|-status|p2a: Kartana|brn\n|\n|-damage|p2a: Kartana|40/100 brn|[from] brn\n|upkeep\n|turn|12\n|\n|t:|1771259635\n|switch|p1a: Tornadus|Tornadus-Therian, M|80/100\n|move|p2a: Kartana|Leaf Blade|p1a: Tornadus\n|-resisted|p1a: Tornadus\n|-damage|p1a: Tornadus|59/100\n|\n|-damage|p2a: Kartana|34/100 brn|[from] brn\n|upkeep\n|turn|13\n|\n|t:|1771259640\n|switch|p2a: Tyranitar|Tyranitar, M|84/100\n|-status|p2a: Tyranitar|psn\n|-weather|Sandstorm|[from] ability: Sand Stream|[of] p2a: Tyranitar\n|move|p1a: Tornadus|Substitute|p1a: Tornadus\n|-start|p1a: Tornadus|Substitute\n|-damage|p1a: Tornadus|34/100\n|\n|-weather|Sandstorm|[upkeep]\n|-damage|p1a: Tornadus|28/100|[from] Sandstorm\n|-damage|p2a: Tyranitar|72/100 psn|[from] psn\n|upkeep\n|turn|14\n|\n|t:|1771259645\n|move|p1a: Tornadus|Focus Blast|p2a: Tyranitar\n|-supereffective|p2a: Tyranitar\n|-damage|p2a: Tyranitar|0 fnt\n|faint|p2a: Tyranitar\n|\n|-weather|Sandstorm|[upkeep]\n|-damage|p1a: Tornadus|22/100|[from] Sandstorm\n|upkeep\n|\n|t:|1771259654\n|switch|p2a: Kartana|Kartana|34/100 brn\n|turn|15\n|j| peregrine99\n|\n|t:|1771259662\n|move|p2a: Kartana|Smart Strike|p1a: Tornadus\n|-end|p1a: Tornadus|Substitute\n|move|p1a: Tornadus|Hurricane|p2a: Kartana|[miss]\n|-miss|p1a: Tornadus|p2a: Kartana\n|\n|-weather|Sandstorm|[upkeep]\n|-damage|p1a: Tornadus|16/100|[from] Sandstorm\n|-damage|p2a: Kartana|28/100 brn|[from] brn\n|upkeep\n|turn|16\n|\n|t:|1771259671\n|switch|p2a: Excadrill|Excadrill, F|100/100\n|switch|p1a: Toxapex|Toxapex, M|47/100\n|\n|-weather|Sandstorm|[upkeep]\n|-damage|p1a: Toxapex|40/100|[from] Sandstorm\n|upkeep\n|turn|17\n|\n|t:|1771259682\n|move|p2a: Excadrill|Iron Head|p1a: Toxapex\n|-resisted|p1a: Toxapex\n|-damage|p1a: Toxapex|22/100\n|move|p1a: Toxapex|Scald|p2a: Excadrill\n|-supereffective|p2a: Excadrill\n|-damage|p2a: Excadrill|56/100\n|\n|-weather|Sandstorm|[upkeep]\n|-damage|p1a: Toxapex|15/100|[from] Sandstorm\n|upkeep\n|turn|18\n|\n|t:|1771259693\n|move|p1a: Toxapex|Baneful Bunker|p1a: Toxapex\n|-singleturn|p1a: Toxapex|move: Protect\n|move|p2a: Excadrill|Iron Head|p1a: Toxapex\n|-activate|p1a: Toxapex|move: Protect\n|\n|-weather|Sandstorm|[upkeep]\n|-damage|p1a: Toxapex|9/100|[from] Sandstorm\n|upkeep\n|turn|19\n|\n|t:|1771259720\n|move|p1a: Toxapex|Baneful Bunker|p1a: Toxapex\n|-singleturn|p1a: Toxapex|move: Protect\n|move|p2a: Excadrill|Iron Head|p1a: Toxapex\n|-activate|p1a: Toxapex|move: Protect\n|\n|-weather|Sandstorm|[upkeep]\n|-damage|p1a: Toxapex|3/100|[from] Sandstorm\n|upkeep\n|turn|20\n|\n|t:|1771259727\n|move|p1a: Toxapex|Baneful Bunker||[still]\n|-fail|p1a: Toxapex\n|move|p2a: Excadrill|Iron Head|p1a: Toxapex\n|-resisted|p1a: Toxapex\n|-damage|p1a: Toxapex|0 fnt\n|faint|p1a: Toxapex\n|\n|-weather|none\n|upkeep\n|\n|t:|1771259732\n|switch|p1a: Charizard|Charizard-Mega-X, M|59/100\n|turn|21\n|\n|t:|1771259738\n|switch|p2a: Kartana|Kartana|28/100 brn\n|move|p1a: Charizard|Flare Blitz|p2a: Kartana\n|-supereffective|p2a: Kartana\n|-damage|p2a: Kartana|0 fnt\n|faint|p2a: Kartana\n|-damage|p1a: Charizard|51/100|[from] Recoil\n|\n|upkeep\n|\n|t:|1771259742\n|switch|p2a: Sinistcha|Sinistcha-Masterpiece|100/100\n|-status|p2a: Sinistcha|psn\n|turn|22\n|\n|t:|1771259750\n|switch|p1a: Chansey|Chansey, F|94/100\n|move|p2a: Sinistcha|Strength Sap|p1a: Chansey\n|-unboost|p1a: Chansey|atk|1\n|\n|-damage|p2a: Sinistcha|88/100 psn|[from] psn\n|upkeep\n|turn|23\n|\n|t:|1771259764\n|switch|p2a: Excadrill|Excadrill, F|56/100\n|move|p1a: Chansey|Teleport|p1a: Chansey\n|\n|t:|1771259767\n|switch|p1a: Charizard|Charizard-Mega-X, M|51/100|[from] Teleport\n|\n|upkeep\n|turn|24\n|\n|t:|1771259778\n|switch|p2a: Sinistcha|Sinistcha-Masterpiece|88/100 psn\n|move|p1a: Charizard|Flare Blitz|p2a: Sinistcha\n|-supereffective|p2a: Sinistcha\n|-damage|p2a: Sinistcha|36/100 psn\n|-damage|p1a: Charizard|31/100|[from] Recoil\n|\n|-heal|p2a: Sinistcha|42/100 psn|[from] item: Leftovers\n|-damage|p2a: Sinistcha|30/100 psn|[from] psn\n|upkeep\n|turn|25\n|\n|t:|1771259789\n|move|p1a: Charizard|Dragon Claw|p2a: Sinistcha\n|-damage|p2a: Sinistcha|0 fnt\n|faint|p2a: Sinistcha\n|\n|upkeep\n|\n|t:|1771259792\n|switch|p2a: Diancie|Diancie|40/100 psn\n|turn|26\n|\n|t:|1771259799\n|switch|p1a: Chansey|Chansey, F|94/100\n|detailschange|p2a: Diancie|Diancie-Mega\n|-mega|p2a: Diancie|Diancie|Diancite\n|move|p2a: Diancie|Diamond Storm|p1a: Chansey\n|-damage|p1a: Chansey|62/100\n|-boost|p2a: Diancie|def|2\n|\n|-damage|p2a: Diancie|28/100 psn|[from] psn\n|upkeep\n|turn|27\n|\n|t:|1771259806\n|move|p2a: Diancie|Stealth Rock|p1a: Chansey\n|-sidestart|p1: Red over MT Silver|move: Stealth Rock\n|move|p1a: Chansey|Soft-Boiled|p1a: Chansey\n|-heal|p1a: Chansey|100/100\n|\n|-damage|p2a: Diancie|15/100 psn|[from] psn\n|upkeep\n|turn|28\n|\n|t:|1771259818\n|move|p2a: Diancie|Diamond Storm|p1a: Chansey\n|-damage|p1a: Chansey|66/100\n|move|p1a: Chansey|Thunder Wave|p2a: Diancie\n|move|p2a: Diancie|Thunder Wave|p1a: Chansey|[from] ability: Magic Bounce\n|-status|p1a: Chansey|par\n|\n|-damage|p2a: Diancie|3/100 psn|[from] psn\n|upkeep\n|turn|29\n|\n|t:|1771259827\n|move|p2a: Diancie|Diamond Storm|p1a: Chansey\n|-damage|p1a: Chansey|36/100 par\n|-boost|p2a: Diancie|def|2\n|move|p1a: Chansey|Teleport|p1a: Chansey\n|\n|t:|1771259842\n|-curestatus|p1a: Chansey|par|[from] ability: Natural Cure\n|switch|p1a: Tornadus|Tornadus-Therian, M|49/100|[from] Teleport\n|-damage|p1a: Tornadus|25/100|[from] Stealth Rock\n|\n|-damage|p2a: Diancie|0 fnt|[from] psn\n|faint|p2a: Diancie\n|detailschange|p2: Diancie|Diancie|[silent]\n|upkeep\n|\n|t:|1771259855\n|switch|p2a: Excadrill|Excadrill, F|56/100\n|turn|30\n|\n|t:|1771259859\n|move|p1a: Tornadus|Focus Blast|p2a: Excadrill|[miss]\n|-miss|p1a: Tornadus|p2a: Excadrill\n|move|p2a: Excadrill|Rapid Spin|p1a: Tornadus\n|-damage|p1a: Tornadus|0 fnt\n|-boost|p2a: Excadrill|spe|1\n|-sideend|p2: Cerberus 17|Toxic Spikes|[from] move: Rapid Spin|[of] p2a: Excadrill\n|faint|p1a: Tornadus\n|\n|upkeep\n|-message|Red over MT Silver forfeited.\n|\n|win|Cerberus 17\n|raw|Red over MT Silver's rating: 1738 &rarr; <strong>1717</strong><br />(-21 for losing)\n|raw|Cerberus 17's rating: 1721 &rarr; <strong>1742</strong><br />(+21 for winning)\n|l|☆Red over MT Silver\n|player|p1|\n|l|☆Cerberus 17\n|player|p2|\n|l| peregrine99\n", "uploadtime": 1771260131, "views": 4, "formatid": "gen9nationaldex", "rating": 1717, "private": 0, "password": null}