{"id": "gen9nationaldex-2540206205", "format": "[Gen 9] National Dex", "players": ["blackddarkness", "newlucas393"], "log": "|badge|p2|bronze|gen9uu|100-8\n|uhtml|medal-msg|<div class=\"broadcast-blue\">Curious what those medals under the avatar are? PS now has Ladder Seasons! For more information, check out the <a href=\"https://www.smogon.com/forums/threads/3740067/\">thread on Smogon.</a></div>\n|j|☆blackddarkness\n|j|☆newlucas393\n|t:|1771175695\n|gametype|singles\n|player|p1|blackddarkness|266|1692\n|player|p2|newlucas393|zinnia|1784\n|gen|9\n|tier|[Gen 9] National Dex\n|rated|\n|rule|HP Percentage Mod: HP is shown in percentages\n|rule|Endless Battle Clause: Forcing endless battles is banned\n|rule|Species Clause: Limit one of each Pokémon\n|rule|OHKO Clause: OHKO moves are banned\n|rule|Evasion Clause: Evasion abilities, items, and moves are banned\n|rule|Evasion Abilities Clause: Evasion abilities are banned\n|rule|Evasion Items Clause: Evasion items are banned\n|rule|Evasion Moves Clause: Evasion moves are banned\n|rule|Sleep Clause Mod: Limit one foe put to sleep\n|rule|Terastal Clause: You cannot Terastallize\n|clearpoke\n|poke|p1|Mandibuzz, F|\n|poke|p1|Ogerpon-Wellspring, F|\n|poke|p1|Slowbro, M|\n|poke|p1|Clodsire, M|\n|poke|p1|Slowking-Galar, F|\n|poke|p1|Scizor, M|\n|poke|p2|Medicham, M|\n|poke|p2|Zapdos|\n|poke|p2|Ting-Lu|\n|poke|p2|Alomomola, F|\n|poke|p2|Kartana|\n|poke|p2|Volcarona, F|\n|teampreview\n|inactive|Battle timer is ON: inactive players will automatically lose when time's up. (requested by blackddarkness)\n|inactive|newlucas393 also wants the timer to be on.\n|\n|t:|1771175712\n|teamsize|p1|6\n|teamsize|p2|6\n|start\n|switch|p1a: Slowbro|Slowbro, M|100/100\n|switch|p2a: Kartana|Kartana|100/100\n|turn|1\n|\n|t:|1771175717\n|switch|p1a: Scizor|Scizor, M|100/100\n|-zpower|p2a: Kartana\n|move|p2a: Kartana|Bloom Doom|p1a: Scizor|[zeffect]\n|-resisted|p1a: Scizor\n|-crit|p1a: Scizor\n|-damage|p1a: Scizor|67/100\n|\n|upkeep\n|turn|2\n|\n|t:|1771175727\n|switch|p2a: Zapdos|Zapdos|100/100\n|detailschange|p1a: Scizor|Scizor-Mega, M\n|-mega|p1a: Scizor|Scizor|Scizorite\n|move|p1a: Scizor|Roost|p1a: Scizor\n|-heal|p1a: Scizor|100/100\n|-singleturn|p1a: Scizor|move: Roost\n|\n|upkeep\n|turn|3\n|\n|t:|1771175745\n|switch|p2a: Medicham|Medicham, M|100/100\n|switch|p1a: Clodsire|Clodsire, M, shiny|100/100\n|\n|upkeep\n|turn|4\n|\n|t:|1771175755\n|switch|p1a: Slowbro|Slowbro, M|100/100\n|detailschange|p2a: Medicham|Medicham-Mega, M\n|-mega|p2a: Medicham|Medicham|Medichamite\n|move|p2a: Medicham|Zen Headbutt|p1a: Slowbro\n|-resisted|p1a: Slowbro\n|-damage|p1a: Slowbro|81/100\n|-damage|p2a: Medicham|84/100|[from] item: Rocky Helmet|[of] p1a: Slowbro\n|\n|upkeep\n|turn|5\n|\n|t:|1771175770\n|switch|p2a: Ting-Lu|Ting-Lu|100/100\n|-ability|p2a: Ting-Lu|Vessel of Ruin\n|move|p1a: Slowbro|Teleport|p1a: Slowbro\n|\n|t:|1771175775\n|switch|p1a: Ogerpon|Ogerpon-Wellspring, F|100/100|[from] Teleport\n|\n|upkeep\n|turn|6\n|\n|t:|1771175782\n|switch|p2a: Zapdos|Zapdos|100/100\n|move|p1a: Ogerpon|Ivy Cudgel|p2a: Zapdos|[anim] Ivy Cudgel Water\n|-damage|p2a: Zapdos|53/100\n|\n|upkeep\n|turn|7\n|\n|t:|1771175791\n|switch|p1a: Clodsire|Clodsire, M, shiny|100/100\n|move|p2a: Zapdos|Roost|p2a: Zapdos\n|-heal|p2a: Zapdos|100/100\n|-singleturn|p2a: Zapdos|move: Roost\n|\n|upkeep\n|turn|8\n|j| salmonelephant\n|\n|t:|1771175798\n|switch|p2a: Ting-Lu|Ting-Lu|100/100\n|-ability|p2a: Ting-Lu|Vessel of Ruin\n|move|p1a: Clodsire|Toxic|p2a: Ting-Lu\n|-status|p2a: Ting-Lu|tox\n|\n|-damage|p2a: Ting-Lu|94/100 tox|[from] psn\n|upkeep\n|turn|9\n|inactive|newlucas393 has 120 seconds left.\n|inactive|newlucas393 has 90 seconds left.\n|\n|t:|1771175862\n|switch|p1a: Ogerpon|Ogerpon-Wellspring, F|100/100\n|move|p2a: Ting-Lu|Stealth Rock|p1a: Ogerpon\n|-sidestart|p1: blackddarkness|move: Stealth Rock\n|\n|-heal|p2a: Ting-Lu|100/100 tox|[from] item: Leftovers\n|-damage|p2a: Ting-Lu|88/100 tox|[from] psn\n|upkeep\n|turn|10\n|\n|t:|1771175878\n|switch|p2a: Zapdos|Zapdos|100/100\n|move|p1a: Ogerpon|Ivy Cudgel|p2a: Zapdos|[anim] Ivy Cudgel Water\n|-damage|p2a: Zapdos|55/100\n|\n|upkeep\n|turn|11\n|inactive|newlucas393 has 90 seconds left.\n|inactive|newlucas393 has 60 seconds left.\n|\n|t:|1771175945\n|move|p1a: Ogerpon|Ivy Cudgel|p2a: Zapdos|[anim] Ivy Cudgel Water\n|-damage|p2a: Zapdos|12/100\n|move|p2a: Zapdos|Roost|p2a: Zapdos\n|-heal|p2a: Zapdos|62/100\n|-singleturn|p2a: Zapdos|move: Roost\n|\n|upkeep\n|turn|12\n|\n|t:|1771175968\n|switch|p1a: Slowking|Slowking-Galar, F|100/100\n|-damage|p1a: Slowking|88/100|[from] Stealth Rock\n|move|p2a: Zapdos|Roost|p2a: Zapdos\n|-heal|p2a: Zapdos|100/100\n|-singleturn|p2a: Zapdos|move: Roost\n|\n|upkeep\n|turn|13\n|\n|t:|1771175979\n|move|p2a: Zapdos|Volt Switch|p1a: Slowking\n|-damage|p1a: Slowking|76/100\n|\n|t:|1771175984\n|switch|p2a: Ting-Lu|Ting-Lu|88/100 tox|[from] Volt Switch\n|-ability|p2a: Ting-Lu|Vessel of Ruin\n|move|p1a: Slowking|Hydro Pump|p2a: Ting-Lu\n|-supereffective|p2a: Ting-Lu\n|-damage|p2a: Ting-Lu|65/100 tox\n|\n|-heal|p2a: Ting-Lu|71/100 tox|[from] item: Leftovers\n|-damage|p2a: Ting-Lu|65/100 tox|[from] psn\n|upkeep\n|turn|14\n|inactive|newlucas393 has 60 seconds left.\n|l| salmonelephant\n|j| CipherKaos\n|\n|t:|1771176004\n|switch|p2a: Zapdos|Zapdos|100/100\n|switch|p1a: Man|Mandibuzz, F, shiny|100/100\n|\n|upkeep\n|turn|15\n|\n|t:|1771176012\n|switch|p1a: Slowking|Slowking-Galar, F|100/100\n|-damage|p1a: Slowking|88/100|[from] Stealth Rock\n|move|p2a: Zapdos|Volt Switch|p1a: Slowking\n|-damage|p1a: Slowking|76/100\n|\n|t:|1771176018\n|switch|p2a: Kartana|Kartana|100/100|[from] Volt Switch\n|\n|upkeep\n|turn|16\n|inactive|newlucas393 has 60 seconds left.\n|\n|t:|1771176026\n|switch|p1a: Scizor|Scizor-Mega, M|100/100\n|-damage|p1a: Scizor|88/100|[from] Stealth Rock\n|move|p2a: Kartana|Sacred Sword|p1a: Scizor\n|-damage|p1a: Scizor|67/100\n|\n|upkeep\n|turn|17\n|\n|t:|1771176035\n|switch|p2a: Alomomola|Alomomola, F|100/100\n|move|p1a: Scizor|Roost|p1a: Scizor\n|-heal|p1a: Scizor|100/100\n|-singleturn|p1a: Scizor|move: Roost\n|\n|upkeep\n|turn|18\n|\n|t:|1771176043\n|switch|p1a: Slowking|Slowking-Galar, F|100/100\n|-damage|p1a: Slowking|88/100|[from] Stealth Rock\n|move|p2a: Alomomola|Flip Turn|p1a: Slowking\n|-damage|p1a: Slowking|71/100\n|\n|t:|1771176050\n|switch|p2a: Kartana|Kartana|100/100|[from] Flip Turn\n|\n|upkeep\n|turn|19\n|\n|t:|1771176055\n|switch|p1a: Scizor|Scizor-Mega, M|100/100\n|-damage|p1a: Scizor|88/100|[from] Stealth Rock\n|move|p2a: Kartana|Knock Off|p1a: Scizor\n|-damage|p1a: Scizor|71/100\n|\n|upkeep\n|turn|20\n|\n|t:|1771176066\n|switch|p2a: Alomomola|Alomomola, F|100/100\n|move|p1a: Scizor|Roost|p1a: Scizor\n|-heal|p1a: Scizor|100/100\n|-singleturn|p1a: Scizor|move: Roost\n|\n|upkeep\n|turn|21\n|inactive|newlucas393 has 90 seconds left.\n|\n|t:|1771176072\n|switch|p1a: Slowking|Slowking-Galar, F|100/100\n|-damage|p1a: Slowking|88/100|[from] Stealth Rock\n|move|p2a: Alomomola|Toxic|p1a: Slowking\n|-immune|p1a: Slowking\n|\n|upkeep\n|turn|22\n|inactive|newlucas393 has 90 seconds left.\n|\n|t:|1771176086\n|switch|p1a: Ogerpon|Ogerpon-Wellspring, F|100/100\n|-damage|p1a: Ogerpon|88/100|[from] Stealth Rock\n|move|p2a: Alomomola|Flip Turn|p1a: Ogerpon\n|-heal|p1a: Ogerpon|100/100|[from] ability: Water Absorb|[of] p2a: Alomomola\n|\n|upkeep\n|turn|23\n|\n|t:|1771176103\n|switch|p1a: Slowking|Slowking-Galar, F|100/100\n|-damage|p1a: Slowking|88/100|[from] Stealth Rock\n|switch|p2a: Zapdos|Zapdos|100/100\n|\n|upkeep\n|turn|24\n|\n|t:|1771176110\n|switch|p1a: Clodsire|Clodsire, M, shiny|100/100\n|-damage|p1a: Clodsire|94/100|[from] Stealth Rock\n|move|p2a: Zapdos|Volt Switch|p1a: Clodsire\n|-immune|p1a: Clodsire\n|\n|-heal|p1a: Clodsire|100/100|[from] item: Black Sludge\n|upkeep\n|turn|25\n|\n|t:|1771176119\n|switch|p2a: Ting-Lu|Ting-Lu|65/100 tox\n|-ability|p2a: Ting-Lu|Vessel of Ruin\n|move|p1a: Clodsire|Earthquake|p2a: Ting-Lu\n|-damage|p2a: Ting-Lu|49/100 tox\n|\n|-heal|p2a: Ting-Lu|55/100 tox|[from] item: Leftovers\n|-damage|p2a: Ting-Lu|49/100 tox|[from] psn\n|upkeep\n|turn|26\n|\n|t:|1771176134\n|switch|p2a: Kartana|Kartana|100/100\n|switch|p1a: Slowbro|Slowbro, M|100/100\n|-damage|p1a: Slowbro|88/100|[from] Stealth Rock\n|\n|upkeep\n|turn|27\n|\n|t:|1771176143\n|move|p2a: Kartana|Knock Off|p1a: Slowbro\n|-supereffective|p1a: Slowbro\n|-damage|p1a: Slowbro|38/100\n|-damage|p2a: Kartana|84/100|[from] item: Rocky Helmet|[of] p1a: Slowbro\n|-enditem|p1a: Slowbro|Rocky Helmet|[from] move: Knock Off|[of] p2a: Kartana\n|move|p1a: Slowbro|Teleport|p1a: Slowbro\n|\n|t:|1771176150\n|switch|p1a: Scizor|Scizor-Mega, M|100/100|[from] Teleport\n|-damage|p1a: Scizor|88/100|[from] Stealth Rock\n|\n|upkeep\n|turn|28\n|inactive|newlucas393 has 120 seconds left.\n|\n|t:|1771176158\n|switch|p2a: Alomomola|Alomomola, F|100/100\n|switch|p1a: Clodsire|Clodsire, M, shiny|100/100\n|-damage|p1a: Clodsire|94/100|[from] Stealth Rock\n|\n|-heal|p1a: Clodsire|100/100|[from] item: Black Sludge\n|upkeep\n|turn|29\n|\n|t:|1771176166\n|move|p2a: Alomomola|Wish|p2a: Alomomola\n|move|p1a: Clodsire|Toxic|p2a: Alomomola\n|-status|p2a: Alomomola|tox\n|\n|-damage|p2a: Alomomola|94/100 tox|[from] psn\n|upkeep\n|turn|30\n|\n|t:|1771176173\n|switch|p2a: Ting-Lu|Ting-Lu|49/100 tox\n|-ability|p2a: Ting-Lu|Vessel of Ruin\n|switch|p1a: Ogerpon|Ogerpon-Wellspring, F|100/100\n|-damage|p1a: Ogerpon|88/100|[from] Stealth Rock\n|\n|-heal|p2a: Ting-Lu|95/100 tox|[from] move: Wish|[wisher] Alomomola\n|-heal|p2a: Ting-Lu|100/100 tox|[from] item: Leftovers\n|-damage|p2a: Ting-Lu|94/100 tox|[from] psn\n|upkeep\n|turn|31\n|\n|t:|1771176185\n|switch|p2a: Zapdos|Zapdos|100/100\n|move|p1a: Ogerpon|Ivy Cudgel|p2a: Zapdos|[anim] Ivy Cudgel Water\n|-damage|p2a: Zapdos|57/100\n|\n|upkeep\n|turn|32\n|\n|t:|1771176194\n|switch|p1a: Clodsire|Clodsire, M, shiny|100/100\n|-damage|p1a: Clodsire|94/100|[from] Stealth Rock\n|move|p2a: Zapdos|Roost|p2a: Zapdos\n|-heal|p2a: Zapdos|100/100\n|-singleturn|p2a: Zapdos|move: Roost\n|\n|-heal|p1a: Clodsire|100/100|[from] item: Black Sludge\n|upkeep\n|turn|33\n|\n|t:|1771176211\n|switch|p2a: Ting-Lu|Ting-Lu|94/100 tox\n|-ability|p2a: Ting-Lu|Vessel of Ruin\n|move|p1a: Clodsire|Earthquake|p2a: Ting-Lu\n|-damage|p2a: Ting-Lu|78/100 tox\n|\n|-heal|p2a: Ting-Lu|85/100 tox|[from] item: Leftovers\n|-damage|p2a: Ting-Lu|78/100 tox|[from] psn\n|upkeep\n|turn|34\n|\n|t:|1771176222\n|switch|p1a: Man|Mandibuzz, F, shiny|100/100\n|move|p2a: Ting-Lu|Earthquake|p1a: Man\n|-immune|p1a: Man\n|\n|-heal|p2a: Ting-Lu|85/100 tox|[from] item: Leftovers\n|-damage|p2a: Ting-Lu|72/100 tox|[from] psn\n|upkeep\n|turn|35\n|\n|t:|1771176230\n|switch|p2a: Zapdos|Zapdos|100/100\n|move|p1a: Man|Defog|p2a: Zapdos\n|-unboost|p2a: Zapdos|evasion|1\n|-sideend|p1: blackddarkness|Stealth Rock|[from] move: Defog|[of] p1a: Man\n|\n|upkeep\n|turn|36\n|\n|t:|1771176242\n|switch|p2a: Medicham|Medicham-Mega, M|84/100\n|switch|p1a: Slowking|Slowking-Galar, F|100/100\n|\n|upkeep\n|turn|37\n|\n|t:|1771176250\n|move|p2a: Medicham|Zen Headbutt|p1a: Slowking\n|-damage|p1a: Slowking|28/100\n|move|p1a: Slowking|Psyshock|p2a: Medicham\n|-damage|p2a: Medicham|39/100\n|\n|upkeep\n|turn|38\n|\n|t:|1771176260\n|switch|p1a: Slowbro|Slowbro, M|72/100\n|move|p2a: Medicham|Zen Headbutt|p1a: Slowbro\n|-resisted|p1a: Slowbro\n|-damage|p1a: Slowbro|52/100\n|\n|upkeep\n|turn|39\n|\n|t:|1771176269\n|switch|p2a: Alomomola|Alomomola, F|100/100 tox\n|move|p1a: Slowbro|Scald|p2a: Alomomola\n|-resisted|p2a: Alomomola\n|-damage|p2a: Alomomola|88/100 tox\n|\n|-damage|p2a: Alomomola|82/100 tox|[from] psn\n|upkeep\n|turn|40\n|\n|t:|1771176277\n|switch|p1a: Slowking|Slowking-Galar, F|61/100\n|move|p2a: Alomomola|Wish|p2a: Alomomola\n|\n|-damage|p2a: Alomomola|69/100 tox|[from] psn\n|upkeep\n|turn|41\n|\n|t:|1771176284\n|switch|p1a: Ogerpon|Ogerpon-Wellspring, F|88/100\n|move|p2a: Alomomola|Flip Turn|p1a: Ogerpon\n|-heal|p1a: Ogerpon|100/100|[from] ability: Water Absorb|[of] p2a: Alomomola\n|\n|-heal|p2a: Alomomola|100/100 tox|[from] move: Wish|[wisher] Alomomola\n|-damage|p2a: Alomomola|82/100 tox|[from] psn\n|upkeep\n|turn|42\n|\n|t:|1771176296\n|switch|p1a: Slowking|Slowking-Galar, F|95/100\n|move|p2a: Alomomola|Toxic|p1a: Slowking\n|-immune|p1a: Slowking\n|\n|-damage|p2a: Alomomola|57/100 tox|[from] psn\n|upkeep\n|turn|43\n|\n|t:|1771176304\n|switch|p2a: Ting-Lu|Ting-Lu|72/100 tox\n|-ability|p2a: Ting-Lu|Vessel of Ruin\n|move|p1a: Slowking|Sludge Bomb|p2a: Ting-Lu\n|-resisted|p2a: Ting-Lu\n|-damage|p2a: Ting-Lu|65/100 tox\n|\n|-heal|p2a: Ting-Lu|71/100 tox|[from] item: Leftovers\n|-damage|p2a: Ting-Lu|65/100 tox|[from] psn\n|upkeep\n|turn|44\n|\n|t:|1771176320\n|switch|p1a: Man|Mandibuzz, F, shiny|100/100\n|move|p2a: Ting-Lu|Stealth Rock|p1a: Man\n|-sidestart|p1: blackddarkness|move: Stealth Rock\n|\n|-heal|p2a: Ting-Lu|71/100 tox|[from] item: Leftovers\n|-damage|p2a: Ting-Lu|59/100 tox|[from] psn\n|upkeep\n|turn|45\n|\n|t:|1771176332\n|switch|p2a: Alomomola|Alomomola, F|91/100 tox\n|move|p1a: Man|Defog|p2a: Alomomola\n|-unboost|p2a: Alomomola|evasion|1\n|-sideend|p1: blackddarkness|Stealth Rock|[from] move: Defog|[of] p1a: Man\n|\n|-damage|p2a: Alomomola|85/100 tox|[from] psn\n|upkeep\n|turn|46\n|\n|t:|1771176341\n|switch|p1a: Slowking|Slowking-Galar, F|100/100\n|move|p2a: Alomomola|Wish|p2a: Alomomola\n|\n|-damage|p2a: Alomomola|72/100 tox|[from] psn\n|upkeep\n|turn|47\n|\n|t:|1771176350\n|switch|p2a: Medicham|Medicham-Mega, M|39/100\n|move|p1a: Slowking|Psyshock|p2a: Medicham\n|-damage|p2a: Medicham|0 fnt\n|faint|p2a: Medicham\n|detailschange|p2: Medicham|Medicham, M|[silent]\n|\n|upkeep\n|\n|t:|1771176368\n|switch|p2a: Kartana|Kartana|84/100\n|turn|48\n|\n|t:|1771176382\n|switch|p1a: Scizor|Scizor-Mega, M|88/100\n|move|p2a: Kartana|Knock Off|p1a: Scizor\n|-damage|p1a: Scizor|71/100\n|\n|upkeep\n|turn|49\n|\n|t:|1771176390\n|switch|p2a: Alomomola|Alomomola, F|100/100 tox\n|move|p1a: Scizor|Roost|p1a: Scizor\n|-heal|p1a: Scizor|100/100\n|-singleturn|p1a: Scizor|move: Roost\n|\n|-damage|p2a: Alomomola|94/100 tox|[from] psn\n|upkeep\n|turn|50\n|\n|t:|1771176399\n|switch|p1a: Slowking|Slowking-Galar, F|100/100\n|move|p2a: Alomomola|Flip Turn|p1a: Slowking\n|-damage|p1a: Slowking|83/100\n|\n|t:|1771176404\n|switch|p2a: Kartana|Kartana|84/100|[from] Flip Turn\n|\n|upkeep\n|turn|51\n|\n|t:|1771176410\n|switch|p1a: Scizor|Scizor-Mega, M|100/100\n|move|p2a: Kartana|Knock Off|p1a: Scizor\n|-damage|p1a: Scizor|83/100\n|\n|upkeep\n|turn|52\n|\n|t:|1771176417\n|switch|p2a: Alomomola|Alomomola, F|100/100 tox\n|switch|p1a: Clodsire|Clodsire, M, shiny|100/100\n|\n|-damage|p2a: Alomomola|94/100 tox|[from] psn\n|upkeep\n|turn|53\n|\n|t:|1771176432\n|switch|p1a: Slowking|Slowking-Galar, F|100/100\n|move|p2a: Alomomola|Flip Turn|p1a: Slowking\n|-damage|p1a: Slowking|83/100\n|\n|t:|1771176437\n|switch|p2a: Kartana|Kartana|84/100|[from] Flip Turn\n|\n|upkeep\n|turn|54\n|\n|t:|1771176442\n|switch|p1a: Scizor|Scizor-Mega, M|83/100\n|move|p2a: Kartana|Knock Off|p1a: Scizor\n|-damage|p1a: Scizor|66/100\n|\n|upkeep\n|turn|55\n|\n|t:|1771176451\n|switch|p2a: Alomomola|Alomomola, F|100/100 tox\n|move|p1a: Scizor|Roost|p1a: Scizor\n|-heal|p1a: Scizor|100/100\n|-singleturn|p1a: Scizor|move: Roost\n|\n|-damage|p2a: Alomomola|94/100 tox|[from] psn\n|upkeep\n|turn|56\n|\n|t:|1771176459\n|switch|p1a: Slowking|Slowking-Galar, F|100/100\n|move|p2a: Alomomola|Flip Turn|p1a: Slowking\n|-damage|p1a: Slowking|82/100\n|\n|t:|1771176463\n|switch|p2a: Kartana|Kartana|84/100|[from] Flip Turn\n|\n|upkeep\n|turn|57\n|\n|t:|1771176467\n|switch|p1a: Scizor|Scizor-Mega, M|100/100\n|move|p2a: Kartana|Knock Off|p1a: Scizor\n|-damage|p1a: Scizor|84/100\n|\n|upkeep\n|turn|58\n|\n|t:|1771176479\n|move|p2a: Kartana|Sacred Sword|p1a: Scizor\n|-crit|p1a: Scizor\n|-damage|p1a: Scizor|50/100\n|move|p1a: Scizor|U-turn|p2a: Kartana\n|-damage|p2a: Kartana|48/100\n|\n|t:|1771176486\n|switch|p1a: Ogerpon|Ogerpon-Wellspring, F|100/100|[from] U-turn\n|\n|upkeep\n|turn|59\n|\n|t:|1771176491\n|switch|p2a: Zapdos|Zapdos|100/100\n|move|p1a: Ogerpon|Swords Dance|p1a: Ogerpon\n|-boost|p1a: Ogerpon|atk|2\n|\n|upkeep\n|turn|60\n|\n|t:|1771176498\n|switch|p1a: Clodsire|Clodsire, M, shiny|100/100\n|move|p2a: Zapdos|Hurricane|p1a: Clodsire\n|-damage|p1a: Clodsire|76/100\n|-start|p1a: Clodsire|confusion\n|\n|-heal|p1a: Clodsire|82/100|[from] item: Black Sludge\n|upkeep\n|turn|61\n|\n|t:|1771176510\n|switch|p2a: Alomomola|Alomomola, F|100/100 tox\n|switch|p1a: Slowking|Slowking-Galar, F|100/100\n|\n|-damage|p2a: Alomomola|94/100 tox|[from] psn\n|upkeep\n|turn|62\n|\n|t:|1771176518\n|move|p2a: Alomomola|Flip Turn|p1a: Slowking\n|-damage|p1a: Slowking|82/100\n|\n|t:|1771176524\n|switch|p2a: Ting-Lu|Ting-Lu|59/100 tox|[from] Flip Turn\n|-ability|p2a: Ting-Lu|Vessel of Ruin\n|move|p1a: Slowking|Sludge Bomb|p2a: Ting-Lu\n|-resisted|p2a: Ting-Lu\n|-damage|p2a: Ting-Lu|52/100 tox\n|\n|-heal|p2a: Ting-Lu|58/100 tox|[from] item: Leftovers\n|-damage|p2a: Ting-Lu|52/100 tox|[from] psn\n|upkeep\n|turn|63\n|\n|t:|1771176537\n|switch|p1a: Man|Mandibuzz, F, shiny|100/100\n|move|p2a: Ting-Lu|Stealth Rock|p1a: Man\n|-sidestart|p1: blackddarkness|move: Stealth Rock\n|\n|-heal|p2a: Ting-Lu|58/100 tox|[from] item: Leftovers\n|-damage|p2a: Ting-Lu|45/100 tox|[from] psn\n|upkeep\n|turn|64\n|\n|t:|1771176546\n|switch|p2a: Alomomola|Alomomola, F|100/100 tox\n|move|p1a: Man|Defog|p2a: Alomomola\n|-unboost|p2a: Alomomola|evasion|1\n|-sideend|p1: blackddarkness|Stealth Rock|[from] move: Defog|[of] p1a: Man\n|\n|-damage|p2a: Alomomola|94/100 tox|[from] psn\n|upkeep\n|turn|65\n|\n|t:|1771176557\n|switch|p1a: Scizor|Scizor-Mega, M|50/100\n|move|p2a: Alomomola|Wish|p2a: Alomomola\n|\n|-damage|p2a: Alomomola|82/100 tox|[from] psn\n|upkeep\n|turn|66\n|\n|t:|1771176565\n|move|p1a: Scizor|Roost|p1a: Scizor\n|-heal|p1a: Scizor|99/100\n|-singleturn|p1a: Scizor|move: Roost\n|move|p2a: Alomomola|Toxic|p1a: Scizor\n|-immune|p1a: Scizor\n|\n|-heal|p2a: Alomomola|100/100 tox|[from] move: Wish|[wisher] Alomomola\n|-damage|p2a: Alomomola|82/100 tox|[from] psn\n|upkeep\n|turn|67\n|\n|t:|1771176577\n|switch|p1a: Slowking|Slowking-Galar, F|100/100\n|move|p2a: Alomomola|Flip Turn|p1a: Slowking\n|-damage|p1a: Slowking|84/100\n|\n|t:|1771176584\n|switch|p2a: Kartana|Kartana|48/100|[from] Flip Turn\n|\n|upkeep\n|turn|68\n|\n|t:|1771176593\n|switch|p1a: Scizor|Scizor-Mega, M|99/100\n|move|p2a: Kartana|Knock Off|p1a: Scizor\n|-damage|p1a: Scizor|84/100\n|\n|upkeep\n|turn|69\n|\n|t:|1771176600\n|switch|p2a: Volcarona|Volcarona, F|100/100\n|move|p1a: Scizor|U-turn|p2a: Volcarona\n|-resisted|p2a: Volcarona\n|-damage|p2a: Volcarona|73/100\n|-status|p1a: Scizor|brn|[from] ability: Flame Body|[of] p2a: Volcarona\n|\n|t:|1771176607\n|switch|p1a: Ogerpon|Ogerpon-Wellspring, F|100/100|[from] U-turn\n|\n|upkeep\n|turn|70\n|\n|t:|1771176611\n|switch|p2a: Zapdos|Zapdos|100/100\n|move|p1a: Ogerpon|Ivy Cudgel|p2a: Zapdos|[anim] Ivy Cudgel Water\n|-damage|p2a: Zapdos|58/100\n|\n|upkeep\n|turn|71\n|\n|t:|1771176619\n|move|p1a: Ogerpon|Ivy Cudgel|p2a: Zapdos|[anim] Ivy Cudgel Water\n|-damage|p2a: Zapdos|13/100\n|move|p2a: Zapdos|Roost|p2a: Zapdos\n|-heal|p2a: Zapdos|63/100\n|-singleturn|p2a: Zapdos|move: Roost\n|\n|upkeep\n|turn|72\n|\n|t:|1771176627\n|switch|p1a: Clodsire|Clodsire, M, shiny|82/100\n|move|p2a: Zapdos|Roost|p2a: Zapdos\n|-heal|p2a: Zapdos|100/100\n|-singleturn|p2a: Zapdos|move: Roost\n|\n|-heal|p1a: Clodsire|88/100|[from] item: Black Sludge\n|upkeep\n|turn|73\n|\n|t:|1771176643\n|switch|p2a: Ting-Lu|Ting-Lu|45/100 tox\n|-ability|p2a: Ting-Lu|Vessel of Ruin\n|switch|p1a: Ogerpon|Ogerpon-Wellspring, F|100/100\n|\n|-heal|p2a: Ting-Lu|52/100 tox|[from] item: Leftovers\n|-damage|p2a: Ting-Lu|45/100 tox|[from] psn\n|upkeep\n|turn|74\n|\n|t:|1771176655\n|switch|p2a: Alomomola|Alomomola, F|100/100 tox\n|move|p1a: Ogerpon|Ivy Cudgel|p2a: Alomomola|[anim] Ivy Cudgel Water\n|-resisted|p2a: Alomomola\n|-damage|p2a: Alomomola|83/100 tox\n|\n|-damage|p2a: Alomomola|77/100 tox|[from] psn\n|upkeep\n|turn|75\n|\n|t:|1771176665\n|switch|p2a: Zapdos|Zapdos|100/100\n|move|p1a: Ogerpon|Swords Dance|p1a: Ogerpon\n|-boost|p1a: Ogerpon|atk|2\n|\n|upkeep\n|turn|76\n|\n|t:|1771176673\n|switch|p1a: Slowking|Slowking-Galar, F|100/100\n|move|p2a: Zapdos|Hurricane|p1a: Slowking|[miss]\n|-miss|p2a: Zapdos|p1a: Slowking\n|\n|upkeep\n|turn|77\n|\n|t:|1771176683\n|move|p2a: Zapdos|Volt Switch|p1a: Slowking\n|-damage|p1a: Slowking|87/100\n|\n|t:|1771176687\n|switch|p2a: Ting-Lu|Ting-Lu|45/100 tox|[from] Volt Switch\n|-ability|p2a: Ting-Lu|Vessel of Ruin\n|move|p1a: Slowking|Sludge Bomb|p2a: Ting-Lu\n|-resisted|p2a: Ting-Lu\n|-damage|p2a: Ting-Lu|39/100 tox\n|\n|-heal|p2a: Ting-Lu|45/100 tox|[from] item: Leftovers\n|-damage|p2a: Ting-Lu|39/100 tox|[from] psn\n|upkeep\n|turn|78\n|\n|t:|1771176698\n|move|p2a: Ting-Lu|Stealth Rock|p1a: Slowking\n|-sidestart|p1: blackddarkness|move: Stealth Rock\n|move|p1a: Slowking|Hydro Pump|p2a: Ting-Lu\n|-supereffective|p2a: Ting-Lu\n|-damage|p2a: Ting-Lu|16/100 tox\n|\n|-heal|p2a: Ting-Lu|23/100 tox|[from] item: Leftovers\n|-damage|p2a: Ting-Lu|10/100 tox|[from] psn\n|upkeep\n|turn|79\n|\n|t:|1771176721\n|switch|p2a: Alomomola|Alomomola, F|100/100 tox\n|switch|p1a: Ogerpon|Ogerpon-Wellspring, F|100/100\n|-damage|p1a: Ogerpon|88/100|[from] Stealth Rock\n|\n|-damage|p2a: Alomomola|94/100 tox|[from] psn\n|upkeep\n|turn|80\n|\n|t:|1771176739\n|switch|p2a: Zapdos|Zapdos|100/100\n|move|p1a: Ogerpon|Swords Dance|p1a: Ogerpon\n|-boost|p1a: Ogerpon|atk|2\n|\n|upkeep\n|turn|81\n|\n|t:|1771176746\n|switch|p1a: Slowking|Slowking-Galar, F|100/100\n|-damage|p1a: Slowking|88/100|[from] Stealth Rock\n|move|p2a: Zapdos|Hurricane|p1a: Slowking\n|-damage|p1a: Slowking|68/100\n|-start|p1a: Slowking|confusion\n|\n|upkeep\n|turn|82\n|\n|t:|1771176756\n|switch|p1a: Clodsire|Clodsire, M, shiny|88/100\n|-damage|p1a: Clodsire|82/100|[from] Stealth Rock\n|move|p2a: Zapdos|Volt Switch|p1a: Clodsire\n|-immune|p1a: Clodsire\n|\n|-heal|p1a: Clodsire|88/100|[from] item: Black Sludge\n|upkeep\n|turn|83\n|\n|t:|1771176768\n|switch|p2a: Alomomola|Alomomola, F|100/100 tox\n|switch|p1a: Ogerpon|Ogerpon-Wellspring, F|88/100\n|-damage|p1a: Ogerpon|76/100|[from] Stealth Rock\n|\n|-damage|p2a: Alomomola|94/100 tox|[from] psn\n|upkeep\n|turn|84\n|\n|t:|1771176776\n|move|p1a: Ogerpon|Swords Dance|p1a: Ogerpon\n|-boost|p1a: Ogerpon|atk|2\n|move|p2a: Alomomola|Toxic|p1a: Ogerpon\n|-status|p1a: Ogerpon|tox\n|\n|-damage|p1a: Ogerpon|70/100 tox|[from] psn\n|-damage|p2a: Alomomola|82/100 tox|[from] psn\n|upkeep\n|turn|85\n|\n|t:|1771176784\n|move|p2a: Alomomola|Protect|p2a: Alomomola\n|-singleturn|p2a: Alomomola|Protect\n|move|p1a: Ogerpon|Horn Leech|p2a: Alomomola\n|-activate|p2a: Alomomola|move: Protect\n|\n|-damage|p1a: Ogerpon|58/100 tox|[from] psn\n|-damage|p2a: Alomomola|64/100 tox|[from] psn\n|upkeep\n|turn|86\n|\n|t:|1771176792\n|switch|p2a: Ting-Lu|Ting-Lu|10/100 tox\n|-ability|p2a: Ting-Lu|Vessel of Ruin\n|move|p1a: Ogerpon|Ivy Cudgel|p2a: Ting-Lu|[anim] Ivy Cudgel Water\n|-supereffective|p2a: Ting-Lu\n|-damage|p2a: Ting-Lu|0 fnt\n|faint|p2a: Ting-Lu\n|\n|-damage|p1a: Ogerpon|40/100 tox|[from] psn\n|upkeep\n|\n|t:|1771176799\n|switch|p2a: Zapdos|Zapdos|100/100\n|turn|87\n|\n|t:|1771176806\n|switch|p1a: Slowking|Slowking-Galar, F|100/100\n|-damage|p1a: Slowking|88/100|[from] Stealth Rock\n|move|p2a: Zapdos|Volt Switch|p1a: Slowking\n|-crit|p1a: Slowking\n|-damage|p1a: Slowking|71/100\n|\n|t:|1771176810\n|switch|p2a: Kartana|Kartana|48/100|[from] Volt Switch\n|\n|upkeep\n|turn|88\n|\n|t:|1771176819\n|switch|p1a: Scizor|Scizor-Mega, M|84/100 brn\n|-damage|p1a: Scizor|72/100 brn|[from] Stealth Rock\n|move|p2a: Kartana|Knock Off|p1a: Scizor\n|-damage|p1a: Scizor|55/100 brn\n|\n|-damage|p1a: Scizor|49/100 brn|[from] brn\n|upkeep\n|turn|89\n|\n|t:|1771176827\n|move|p2a: Kartana|Sacred Sword|p1a: Scizor\n|-damage|p1a: Scizor|26/100 brn\n|move|p1a: Scizor|Roost|p1a: Scizor\n|-heal|p1a: Scizor|76/100 brn\n|-singleturn|p1a: Scizor|move: Roost\n|\n|-damage|p1a: Scizor|70/100 brn|[from] brn\n|upkeep\n|turn|90\n|\n|t:|1771176837\n|move|p2a: Kartana|Sacred Sword|p1a: Scizor\n|-damage|p1a: Scizor|48/100 brn\n|move|p1a: Scizor|U-turn|p2a: Kartana\n|-damage|p2a: Kartana|28/100\n|\n|t:|1771176849\n|switch|p1a: Man|Mandibuzz, F, shiny|100/100|[from] U-turn\n|\n|upkeep\n|turn|91\n|\n|t:|1771176856\n|switch|p2a: Zapdos|Zapdos|100/100\n|move|p1a: Man|Defog|p2a: Zapdos\n|-unboost|p2a: Zapdos|evasion|1\n|-sideend|p1: blackddarkness|Stealth Rock|[from] move: Defog|[of] p1a: Man\n|\n|upkeep\n|turn|92\n|\n|t:|1771176865\n|switch|p2a: Alomomola|Alomomola, F|97/100 tox\n|switch|p1a: Slowking|Slowking-Galar, F|100/100\n|\n|-damage|p2a: Alomomola|91/100 tox|[from] psn\n|upkeep\n|turn|93\n|\n|t:|1771176885\n|switch|p1a: Slowbro|Slowbro, M|85/100\n|move|p2a: Alomomola|Wish|p2a: Alomomola\n|\n|-damage|p2a: Alomomola|78/100 tox|[from] psn\n|upkeep\n|turn|94\n|\n|t:|1771176901\n|move|p2a: Alomomola|Toxic|p1a: Slowbro\n|-status|p1a: Slowbro|tox\n|move|p1a: Slowbro|Psychic Noise|p2a: Alomomola\n|-damage|p2a: Alomomola|55/100 tox\n|-start|p2a: Alomomola|move: Heal Block\n|\n|-damage|p2a: Alomomola|37/100 tox|[from] psn\n|-damage|p1a: Slowbro|79/100 tox|[from] psn\n|upkeep\n|turn|95\n|\n|t:|1771176913\n|switch|p2a: Zapdos|Zapdos|100/100\n|move|p1a: Slowbro|Scald|p2a: Zapdos\n|-damage|p2a: Zapdos|72/100\n|-status|p2a: Zapdos|brn\n|\n|-damage|p1a: Slowbro|67/100 tox|[from] psn\n|-damage|p2a: Zapdos|66/100 brn|[from] brn\n|upkeep\n|turn|96\n|\n|t:|1771176925\n|switch|p1a: Slowking|Slowking-Galar, F|100/100\n|move|p2a: Zapdos|Roost|p2a: Zapdos\n|-heal|p2a: Zapdos|100/100 brn\n|-singleturn|p2a: Zapdos|move: Roost\n|\n|-damage|p2a: Zapdos|94/100 brn|[from] brn\n|upkeep\n|turn|97\n|\n|t:|1771176934\n|switch|p1a: Clodsire|Clodsire, M, shiny|88/100\n|move|p2a: Zapdos|Volt Switch|p1a: Clodsire\n|-immune|p1a: Clodsire\n|\n|-heal|p1a: Clodsire|95/100|[from] item: Black Sludge\n|-damage|p2a: Zapdos|88/100 brn|[from] brn\n|upkeep\n|turn|98\n|\n|t:|1771176956\n|switch|p2a: Alomomola|Alomomola, F|70/100 tox\n|switch|p1a: Ogerpon|Ogerpon-Wellspring, F|40/100 tox\n|\n|-damage|p1a: Ogerpon|34/100 tox|[from] psn\n|-damage|p2a: Alomomola|64/100 tox|[from] psn\n|upkeep\n|turn|99\n|\n|t:|1771176974\n|switch|p2a: Zapdos|Zapdos|88/100 brn\n|move|p1a: Ogerpon|Horn Leech|p2a: Zapdos\n|-resisted|p2a: Zapdos\n|-damage|p2a: Zapdos|70/100 brn\n|-heal|p1a: Ogerpon|46/100 tox|[from] drain|[of] p2a: Zapdos\n|\n|-damage|p1a: Ogerpon|34/100 tox|[from] psn\n|-damage|p2a: Zapdos|64/100 brn|[from] brn\n|upkeep\n|turn|100\n|\n|t:|1771176990\n|switch|p1a: Slowking|Slowking-Galar, F|100/100\n|switch|p2a: Kartana|Kartana|28/100\n|\n|upkeep\n|turn|101\n|\n|t:|1771176998\n|switch|p1a: Man|Mandibuzz, F, shiny|100/100\n|move|p2a: Kartana|Knock Off|p1a: Man\n|-resisted|p1a: Man\n|-damage|p1a: Man|89/100\n|-enditem|p1a: Man|Heavy-Duty Boots|[from] move: Knock Off|[of] p2a: Kartana\n|\n|upkeep\n|turn|102\n|\n|t:|1771177009\n|switch|p2a: Alomomola|Alomomola, F|97/100 tox\n|switch|p1a: Slowbro|Slowbro, M|99/100 tox\n|\n|-damage|p2a: Alomomola|91/100 tox|[from] psn\n|-damage|p1a: Slowbro|94/100 tox|[from] psn\n|upkeep\n|turn|103\n|\n|t:|1771177017\n|move|p2a: Alomomola|Wish|p2a: Alomomola\n|move|p1a: Slowbro|Psychic Noise|p2a: Alomomola\n|-damage|p2a: Alomomola|69/100 tox\n|-start|p2a: Alomomola|move: Heal Block\n|\n|-damage|p2a: Alomomola|57/100 tox|[from] psn\n|-damage|p1a: Slowbro|82/100 tox|[from] psn\n|upkeep\n|turn|104\n|\n|t:|1771177026\n|move|p2a: Alomomola|Flip Turn|p1a: Slowbro\n|-resisted|p1a: Slowbro\n|-damage|p1a: Slowbro|77/100 tox\n|\n|t:|1771177035\n|switch|p2a: Volcarona|Volcarona, F|73/100|[from] Flip Turn\n|move|p1a: Slowbro|Psychic Noise|p2a: Volcarona\n|-damage|p2a: Volcarona|46/100\n|-start|p2a: Volcarona|move: Heal Block\n|\n|-damage|p1a: Slowbro|59/100 tox|[from] psn\n|upkeep\n|turn|105\n|\n|t:|1771177048\n|switch|p2a: Kartana|Kartana|28/100\n|switch|p1a: Clodsire|Clodsire, M, shiny|95/100\n|\n|-heal|p1a: Clodsire|100/100|[from] item: Black Sludge\n|upkeep\n|turn|106\n|\n|t:|1771177056\n|switch|p1a: Man|Mandibuzz, F, shiny|89/100\n|move|p2a: Kartana|Leaf Blade|p1a: Man\n|-resisted|p1a: Man\n|-damage|p1a: Man|73/100\n|\n|upkeep\n|turn|107\n|\n|t:|1771177069\n|switch|p2a: Alomomola|Alomomola, F|90/100 tox\n|switch|p1a: Slowbro|Slowbro, M|92/100 tox\n|\n|-damage|p2a: Alomomola|84/100 tox|[from] psn\n|-damage|p1a: Slowbro|86/100 tox|[from] psn\n|upkeep\n|turn|108\n|\n|t:|1771177076\n|move|p2a: Alomomola|Flip Turn|p1a: Slowbro\n|-resisted|p1a: Slowbro\n|-damage|p1a: Slowbro|81/100 tox\n|\n|t:|1771177083\n|switch|p2a: Volcarona|Volcarona, F|46/100|[from] Flip Turn\n|move|p1a: Slowbro|Psychic Noise|p2a: Volcarona\n|-crit|p2a: Volcarona\n|-damage|p2a: Volcarona|5/100\n|-start|p2a: Volcarona|move: Heal Block\n|\n|-damage|p1a: Slowbro|69/100 tox|[from] psn\n|upkeep\n|turn|109\n|\n|t:|1771177095\n|switch|p1a: Slowking|Slowking-Galar, F|100/100\n|move|p2a: Volcarona|Bug Buzz|p1a: Slowking\n|-damage|p1a: Slowking|81/100\n|\n|-end|p2a: Volcarona|move: Heal Block\n|upkeep\n|turn|110\n|\n|t:|1771177105\n|move|p2a: Volcarona|Flamethrower|p1a: Slowking\n|-damage|p1a: Slowking|60/100\n|move|p1a: Slowking|Psyshock|p2a: Volcarona\n|-damage|p2a: Volcarona|0 fnt\n|faint|p2a: Volcarona\n|\n|upkeep\n|inactive|newlucas393 has 120 seconds left.\n|\n|t:|1771177118\n|switch|p2a: Kartana|Kartana|28/100\n|turn|111\n|\n|t:|1771177123\n|switch|p1a: Man|Mandibuzz, F, shiny|73/100\n|move|p2a: Kartana|Smart Strike|p1a: Man\n|-damage|p1a: Man|48/100\n|\n|upkeep\n|turn|112\n|\n|t:|1771177130\n|move|p2a: Kartana|Sacred Sword|p1a: Man\n|-damage|p1a: Man|26/100\n|move|p1a: Man|Roost|p1a: Man\n|-heal|p1a: Man|76/100\n|-singleturn|p1a: Man|move: Roost\n|\n|upkeep\n|turn|113\n|-message|newlucas393 forfeited.\n|\n|win|blackddarkness\n|raw|blackddarkness's rating: 1692 &rarr; <strong>1717</strong><br />(+25 for winning)\n|raw|newlucas393's rating: 1784 &rarr; <strong>1759</strong><br />(-25 for losing)\n|l|☆newlucas393\n|player|p2|\n|l| CipherKaos\n", "uploadtime": 1771177271, "views": 7, "formatid": "gen9nationaldex", "rating": 1717, "private": 0, "password": null}