{"id": "gen9nationaldex-2540739979", "format": "[Gen 9] National Dex", "players": ["pichaexplosiva", "Misty Biitch"], "log": "|j|☆pichaexplosiva\n|j|☆Misty Biitch\n|t:|1771248265\n|gametype|singles\n|player|p1|pichaexplosiva|102|1626\n|player|p2|Misty Biitch|misty|1527\n|gen|9\n|tier|[Gen 9] National Dex\n|rated|\n|rule|HP Percentage Mod: HP is shown in percentages\n|rule|Endless Battle Clause: Forcing endless battles is banned\n|rule|Species Clause: Limit one of each Pokémon\n|rule|OHKO Clause: OHKO moves are banned\n|rule|Evasion Clause: Evasion abilities, items, and moves are banned\n|rule|Evasion Abilities Clause: Evasion abilities are banned\n|rule|Evasion Items Clause: Evasion items are banned\n|rule|Evasion Moves Clause: Evasion moves are banned\n|rule|Sleep Clause Mod: Limit one foe put to sleep\n|rule|Terastal Clause: You cannot Terastallize\n|clearpoke\n|poke|p1|Scizor, F|\n|poke|p1|Latios, M|\n|poke|p1|Ting-Lu|\n|poke|p1|Zapdos|\n|poke|p1|Gholdengo|\n|poke|p1|Urshifu-*, M|\n|poke|p2|Kingdra, F|\n|poke|p2|Pelipper, F|\n|poke|p2|Swampert, F|\n|poke|p2|Urshifu-*, F|\n|poke|p2|Ludicolo, F|\n|poke|p2|Barraskewda, F|\n|teampreview\n|inactive|Battle timer is ON: inactive players will automatically lose when time's up. (requested by Misty Biitch)\n|inactive|Misty Biitch has 120 seconds left.\n|inactive|Misty Biitch has 90 seconds left.\n|\n|t:|1771248349\n|teamsize|p1|6\n|teamsize|p2|6\n|start\n|switch|p1a: Latios|Latios, M|100/100\n|switch|p2a: Pelipper|Pelipper, F|100/100\n|-weather|RainDance|[from] ability: Drizzle|[of] p2a: Pelipper\n|turn|1\n|\n|t:|1771248359\n|switch|p2a: Swampert|Swampert, F|100/100\n|detailschange|p1a: Latios|Latios-Mega, M\n|-mega|p1a: Latios|Latios|Latiosite\n|move|p1a: Latios|Luster Purge|p2a: Swampert\n|-damage|p2a: Swampert|34/100\n|-unboost|p2a: Swampert|spd|1\n|\n|-weather|RainDance|[upkeep]\n|upkeep\n|turn|2\n|\n|t:|1771248365\n|detailschange|p2a: Swampert|Swampert-Mega, F\n|-mega|p2a: Swampert|Swampert|Swampertite\n|move|p2a: Swampert|Stealth Rock|p1a: Latios\n|-sidestart|p1: pichaexplosiva|move: Stealth Rock\n|move|p1a: Latios|Luster Purge|p2a: Swampert\n|-damage|p2a: Swampert|0 fnt\n|faint|p2a: Swampert\n|detailschange|p2: Swampert|Swampert, F|[silent]\n|\n|-weather|RainDance|[upkeep]\n|upkeep\n|\n|t:|1771248381\n|switch|p2a: Ludicolo|Ludicolo, F|100/100\n|turn|3\n|\n|t:|1771248387\n|switch|p1a: Gholdengo|Gholdengo|100/100\n|-damage|p1a: Gholdengo|94/100|[from] Stealth Rock\n|move|p2a: Ludicolo|Ice Beam|p1a: Gholdengo\n|-resisted|p1a: Gholdengo\n|-damage|p1a: Gholdengo|80/100\n|-damage|p2a: Ludicolo|91/100|[from] item: Life Orb\n|\n|-weather|RainDance|[upkeep]\n|upkeep\n|turn|4\n|\n|t:|1771248390\n|move|p2a: Ludicolo|Weather Ball|p1a: Gholdengo\n|-damage|p1a: Gholdengo|3/100\n|-damage|p2a: Ludicolo|81/100|[from] item: Life Orb\n|-zpower|p1a: Gholdengo\n|move|p1a: Gholdengo|Never-Ending Nightmare|p2a: Ludicolo|[zeffect]\n|-damage|p2a: Ludicolo|0 fnt\n|faint|p2a: Ludicolo\n|\n|-weather|RainDance|[upkeep]\n|upkeep\n|\n|t:|1771248394\n|switch|p2a: Kingdra|Kingdra, F|100/100\n|turn|5\n|\n|t:|1771248396\n|move|p2a: Kingdra|Weather Ball|p1a: Gholdengo\n|-damage|p1a: Gholdengo|0 fnt\n|faint|p1a: Gholdengo\n|\n|-weather|RainDance|[upkeep]\n|upkeep\n|\n|t:|1771248403\n|switch|p1a: Latios|Latios-Mega, M|100/100\n|-damage|p1a: Latios|88/100|[from] Stealth Rock\n|turn|6\n|\n|t:|1771248407\n|switch|p2a: Urshifu|Urshifu-Rapid-Strike, F|100/100\n|move|p1a: Latios|Luster Purge|p2a: Urshifu\n|-supereffective|p2a: Urshifu\n|-damage|p2a: Urshifu|0 fnt\n|faint|p2a: Urshifu\n|\n|-weather|RainDance|[upkeep]\n|upkeep\n|\n|t:|1771248409\n|switch|p2a: Kingdra|Kingdra, F|100/100\n|turn|7\n|\n|t:|1771248414\n|switch|p1a: Scizor|Scizor, F|100/100\n|-damage|p1a: Scizor|88/100|[from] Stealth Rock\n|move|p2a: Kingdra|Weather Ball|p1a: Scizor\n|-damage|p1a: Scizor|0 fnt\n|faint|p1a: Scizor\n|\n|-weather|RainDance|[upkeep]\n|upkeep\n|\n|t:|1771248420\n|switch|p1a: Urshifu|Urshifu-Rapid-Strike, M|100/100\n|-damage|p1a: Urshifu|94/100|[from] Stealth Rock\n|turn|8\n|\n|t:|1771248423\n|move|p2a: Kingdra|Weather Ball|p1a: Urshifu\n|-resisted|p1a: Urshifu\n|-damage|p1a: Urshifu|21/100\n|move|p1a: Urshifu|U-turn|p2a: Kingdra\n|-damage|p2a: Kingdra|72/100\n|\n|t:|1771248427\n|switch|p1a: Zapdos|Zapdos|100/100|[from] U-turn\n|\n|-weather|none\n|upkeep\n|turn|9\n|\n|t:|1771248430\n|switch|p2a: Pelipper|Pelipper, F|100/100\n|-weather|RainDance|[from] ability: Drizzle|[of] p2a: Pelipper\n|move|p1a: Zapdos|Volt Switch|p2a: Pelipper\n|-supereffective|p2a: Pelipper\n|-damage|p2a: Pelipper|0 fnt\n|faint|p2a: Pelipper\n|\n|t:|1771248435\n|switch|p1a: Urshifu|Urshifu-Rapid-Strike, M|21/100|[from] Volt Switch\n|-damage|p1a: Urshifu|15/100|[from] Stealth Rock\n|\n|-weather|RainDance|[upkeep]\n|upkeep\n|\n|t:|1771248444\n|switch|p2a: Barraskewda|Barraskewda, F|100/100\n|turn|10\n|\n|t:|1771248446\n|move|p2a: Barraskewda|Close Combat|p1a: Urshifu\n|-damage|p1a: Urshifu|0 fnt\n|-unboost|p2a: Barraskewda|def|1\n|-unboost|p2a: Barraskewda|spd|1\n|faint|p1a: Urshifu\n|-damage|p2a: Barraskewda|91/100|[from] item: Life Orb\n|\n|-weather|RainDance|[upkeep]\n|upkeep\n|\n|t:|1771248452\n|switch|p1a: Latios|Latios-Mega, M|88/100\n|-damage|p1a: Latios|76/100|[from] Stealth Rock\n|turn|11\n|\n|t:|1771248456\n|move|p2a: Barraskewda|Aqua Jet|p1a: Latios\n|-resisted|p1a: Latios\n|-damage|p1a: Latios|51/100\n|-damage|p2a: Barraskewda|81/100|[from] item: Life Orb\n|move|p1a: Latios|Luster Purge|p2a: Barraskewda\n|-damage|p2a: Barraskewda|0 fnt\n|faint|p2a: Barraskewda\n|\n|-weather|RainDance|[upkeep]\n|upkeep\n|\n|t:|1771248463\n|switch|p2a: Kingdra|Kingdra, F|72/100\n|turn|12\n|\n|t:|1771248466\n|move|p2a: Kingdra|Weather Ball|p1a: Latios\n|-resisted|p1a: Latios\n|-damage|p1a: Latios|0 fnt\n|faint|p1a: Latios\n|detailschange|p1: Latios|Latios, M|[silent]\n|\n|-weather|RainDance|[upkeep]\n|upkeep\n|\n|t:|1771248471\n|switch|p1a: Ting-Lu|Ting-Lu|100/100\n|-damage|p1a: Ting-Lu|94/100|[from] Stealth Rock\n|-ability|p1a: Ting-Lu|Vessel of Ruin\n|turn|13\n|\n|t:|1771248473\n|move|p2a: Kingdra|Weather Ball|p1a: Ting-Lu\n|-supereffective|p1a: Ting-Lu\n|-damage|p1a: Ting-Lu|15/100\n|move|p1a: Ting-Lu|Earthquake|p2a: Kingdra\n|-damage|p2a: Kingdra|25/100\n|\n|-weather|RainDance|[upkeep]\n|-heal|p1a: Ting-Lu|21/100|[from] item: Leftovers\n|upkeep\n|turn|14\n|\n|t:|1771248477\n|move|p2a: Kingdra|Weather Ball|p1a: Ting-Lu\n|-supereffective|p1a: Ting-Lu\n|-damage|p1a: Ting-Lu|0 fnt\n|faint|p1a: Ting-Lu\n|\n|-weather|RainDance|[upkeep]\n|upkeep\n|\n|t:|1771248478\n|switch|p1a: Zapdos|Zapdos|100/100\n|turn|15\n|\n|t:|1771248481\n|move|p2a: Kingdra|Weather Ball|p1a: Zapdos\n|-damage|p1a: Zapdos|0 fnt\n|faint|p1a: Zapdos\n|\n|win|Misty Biitch\n|raw|pichaexplosiva's rating: 1626 &rarr; <strong>1600</strong><br />(-26 for losing)\n|raw|Misty Biitch's rating: 1527 &rarr; <strong>1553</strong><br />(+26 for winning)\n|l|☆pichaexplosiva\n|player|p1|\n|l|☆Misty Biitch\n|player|p2|\n", "uploadtime": 1771248869, "views": 3, "formatid": "gen9nationaldex", "rating": 1553, "private": 0, "password": null}