{"id": "gen9nationaldex-2540416739", "format": "[Gen 9] National Dex", "players": ["goychomp", "Misty Biitch"], "log": "|j|☆goychomp\n|j|☆Misty Biitch\n|t:|1771199404\n|gametype|singles\n|player|p1|goychomp|li|1742\n|player|p2|Misty Biitch|misty|1716\n|gen|9\n|tier|[Gen 9] National Dex\n|rated|\n|rule|HP Percentage Mod: HP is shown in percentages\n|rule|Endless Battle Clause: Forcing endless battles is banned\n|rule|Species Clause: Limit one of each Pokémon\n|rule|OHKO Clause: OHKO moves are banned\n|rule|Evasion Clause: Evasion abilities, items, and moves are banned\n|rule|Evasion Abilities Clause: Evasion abilities are banned\n|rule|Evasion Items Clause: Evasion items are banned\n|rule|Evasion Moves Clause: Evasion moves are banned\n|rule|Sleep Clause Mod: Limit one foe put to sleep\n|rule|Terastal Clause: You cannot Terastallize\n|clearpoke\n|poke|p1|Diancie|\n|poke|p1|Garchomp, M|\n|poke|p1|Dragonite, F|\n|poke|p1|Volcarona, M|\n|poke|p1|Terapagos, M|\n|poke|p1|Kingambit, M|\n|poke|p2|Kingdra, F|\n|poke|p2|Pelipper, F|\n|poke|p2|Swampert, F|\n|poke|p2|Ludicolo, F|\n|poke|p2|Urshifu-*, F|\n|poke|p2|Barraskewda, F|\n|teampreview\n|inactive|Battle timer is ON: inactive players will automatically lose when time's up. (requested by Misty Biitch)\n|\n|t:|1771199417\n|teamsize|p1|6\n|teamsize|p2|6\n|start\n|switch|p1a: Diancie|Diancie|100/100\n|switch|p2a: Pelipper|Pelipper, F|100/100\n|-weather|RainDance|[from] ability: Drizzle|[of] p2a: Pelipper\n|turn|1\n|\n|t:|1771199432\n|switch|p2a: Swampert|Swampert, F|100/100\n|move|p1a: Diancie|Substitute|p1a: Diancie\n|-start|p1a: Diancie|Substitute\n|-damage|p1a: Diancie|76/100\n|\n|-weather|RainDance|[upkeep]\n|upkeep\n|turn|2\n|\n|t:|1771199452\n|detailschange|p2a: Swampert|Swampert-Mega, F\n|-mega|p2a: Swampert|Swampert|Swampertite\n|detailschange|p1a: Diancie|Diancie-Mega\n|-mega|p1a: Diancie|Diancie|Diancite\n|move|p2a: Swampert|Liquidation|p1a: Diancie\n|-supereffective|p1a: Diancie\n|-end|p1a: Diancie|Substitute\n|move|p1a: Diancie|Stealth Rock|p2a: Swampert\n|-sidestart|p2: Misty Biitch|move: Stealth Rock\n|\n|-weather|RainDance|[upkeep]\n|upkeep\n|turn|3\n|\n|t:|1771199455\n|move|p2a: Swampert|Stealth Rock|p1a: Diancie\n|move|p1a: Diancie|Stealth Rock||[from] ability: Magic Bounce|[still]\n|-fail|p1a: Diancie\n|move|p1a: Diancie|Moonblast|p2a: Swampert\n|-damage|p2a: Swampert|52/100\n|\n|-weather|RainDance|[upkeep]\n|upkeep\n|turn|4\n|\n|t:|1771199463\n|move|p2a: Swampert|Liquidation|p1a: Diancie\n|-supereffective|p1a: Diancie\n|-damage|p1a: Diancie|0 fnt\n|faint|p1a: Diancie\n|detailschange|p1: Diancie|Diancie|[silent]\n|\n|-weather|RainDance|[upkeep]\n|upkeep\n|\n|t:|1771199465\n|switch|p1a: Dragonite|Dragonite, F|100/100\n|turn|5\n|\n|t:|1771199470\n|move|p2a: Swampert|Ice Punch|p1a: Dragonite\n|-supereffective|p1a: Dragonite\n|-damage|p1a: Dragonite|29/100\n|move|p1a: Dragonite|Dragon Dance|p1a: Dragonite\n|-boost|p1a: Dragonite|atk|1\n|-boost|p1a: Dragonite|spe|1\n|\n|-weather|RainDance|[upkeep]\n|upkeep\n|turn|6\n|\n|t:|1771199486\n|move|p1a: Dragonite|Extreme Speed|p2a: Swampert\n|-damage|p2a: Swampert|15/100\n|move|p2a: Swampert|Ice Punch|p1a: Dragonite\n|-supereffective|p1a: Dragonite\n|-damage|p1a: Dragonite|0 fnt\n|faint|p1a: Dragonite\n|\n|-weather|RainDance|[upkeep]\n|upkeep\n|\n|t:|1771199494\n|switch|p1a: Kingambit|Kingambit, M, shiny|100/100\n|-activate|p1a: Kingambit|ability: Supreme Overlord\n|-start|p1a: Kingambit|fallen2|[silent]\n|turn|7\n|\n|t:|1771199497\n|move|p2a: Swampert|Stealth Rock|p1a: Kingambit\n|-sidestart|p1: goychomp|move: Stealth Rock\n|move|p1a: Kingambit|Swords Dance|p1a: Kingambit\n|-boost|p1a: Kingambit|atk|2\n|\n|-weather|RainDance|[upkeep]\n|upkeep\n|turn|8\n|\n|t:|1771199500\n|move|p1a: Kingambit|Sucker Punch|p2a: Swampert\n|-damage|p2a: Swampert|0 fnt\n|faint|p2a: Swampert\n|detailschange|p2: Swampert|Swampert, F|[silent]\n|\n|-weather|none\n|upkeep\n|\n|t:|1771199503\n|switch|p2a: Pelipper|Pelipper, F|100/100\n|-damage|p2a: Pelipper|76/100|[from] Stealth Rock\n|-weather|RainDance|[from] ability: Drizzle|[of] p2a: Pelipper\n|turn|9\n|\n|t:|1771199507\n|move|p1a: Kingambit|Knock Off|p2a: Pelipper\n|-damage|p2a: Pelipper|0 fnt\n|-enditem|p2a: Pelipper|Damp Rock|[from] move: Knock Off|[of] p1a: Kingambit\n|faint|p2a: Pelipper\n|\n|-weather|RainDance|[upkeep]\n|upkeep\n|\n|t:|1771199514\n|switch|p2a: Urshifu|Urshifu-Rapid-Strike, F|100/100\n|-damage|p2a: Urshifu|94/100|[from] Stealth Rock\n|turn|10\n|\n|t:|1771199519\n|move|p2a: Urshifu|Aqua Jet|p1a: Kingambit\n|-damage|p1a: Kingambit|60/100\n|move|p1a: Kingambit|Sucker Punch||[still]\n|-fail|p1a: Kingambit\n|\n|-weather|RainDance|[upkeep]\n|upkeep\n|turn|11\n|\n|t:|1771199524\n|move|p2a: Urshifu|Aqua Jet|p1a: Kingambit\n|-damage|p1a: Kingambit|18/100\n|move|p1a: Kingambit|Knock Off|p2a: Urshifu\n|-resisted|p2a: Urshifu\n|-damage|p2a: Urshifu|12/100\n|-enditem|p2a: Urshifu|Choice Band|[from] move: Knock Off|[of] p1a: Kingambit\n|\n|-weather|RainDance|[upkeep]\n|upkeep\n|turn|12\n|\n|t:|1771199530\n|move|p2a: Urshifu|Aqua Jet|p1a: Kingambit\n|-damage|p1a: Kingambit|0 fnt\n|faint|p1a: Kingambit\n|-end|p1a: Kingambit|fallen2|[silent]\n|\n|-weather|RainDance|[upkeep]\n|upkeep\n|\n|t:|1771199532\n|switch|p1a: Terapagos|Terapagos, M|100/100\n|-activate|p1a: Terapagos|ability: Tera Shift\n|detailschange|p1a: Terapagos|Terapagos-Terastal, M\n|-heal|p1a: Terapagos|100/100|[silent]\n|turn|13\n|\n|t:|1771199536\n|move|p1a: Terapagos|Rapid Spin|p2a: Urshifu\n|-damage|p2a: Urshifu|0 fnt\n|-boost|p1a: Terapagos|spe|1\n|-sideend|p1: goychomp|Stealth Rock|[from] move: Rapid Spin|[of] p1a: Terapagos\n|faint|p2a: Urshifu\n|\n|-weather|RainDance|[upkeep]\n|upkeep\n|\n|t:|1771199548\n|switch|p2a: Ludicolo|Ludicolo, F|100/100\n|-damage|p2a: Ludicolo|88/100|[from] Stealth Rock\n|turn|14\n|\n|t:|1771199550\n|move|p2a: Ludicolo|Weather Ball|p1a: Terapagos\n|-activate|p1a: Terapagos|ability: Tera Shell\n|-resisted|p1a: Terapagos\n|-damage|p1a: Terapagos|56/100\n|-damage|p2a: Ludicolo|78/100|[from] item: Life Orb\n|move|p1a: Terapagos|Calm Mind|p1a: Terapagos\n|-boost|p1a: Terapagos|spa|1\n|-boost|p1a: Terapagos|spd|1\n|\n|-weather|RainDance|[upkeep]\n|upkeep\n|turn|15\n|\n|t:|1771199557\n|move|p2a: Ludicolo|Leaf Storm|p1a: Terapagos\n|-damage|p1a: Terapagos|5/100\n|-unboost|p2a: Ludicolo|spa|2\n|-damage|p2a: Ludicolo|68/100|[from] item: Life Orb\n|move|p1a: Terapagos|Tera Starstorm|p2a: Ludicolo\n|-damage|p2a: Ludicolo|0 fnt\n|faint|p2a: Ludicolo\n|\n|-weather|RainDance|[upkeep]\n|upkeep\n|\n|t:|1771199569\n|switch|p2a: Barraskewda|Barraskewda, F|100/100\n|-damage|p2a: Barraskewda|88/100|[from] Stealth Rock\n|turn|16\n|\n|t:|1771199577\n|move|p2a: Barraskewda|Aqua Jet|p1a: Terapagos\n|-damage|p1a: Terapagos|0 fnt\n|faint|p1a: Terapagos\n|-damage|p2a: Barraskewda|78/100|[from] item: Life Orb\n|\n|-weather|none\n|upkeep\n|\n|t:|1771199579\n|switch|p1a: Garchomp|Garchomp, M|100/100\n|turn|17\n|\n|t:|1771199586\n|move|p2a: Barraskewda|Rain Dance|p2a: Barraskewda\n|-weather|RainDance\n|move|p1a: Garchomp|Earthquake|p2a: Barraskewda\n|-damage|p2a: Barraskewda|0 fnt\n|faint|p2a: Barraskewda\n|\n|-weather|RainDance|[upkeep]\n|upkeep\n|\n|t:|1771199590\n|switch|p2a: Kingdra|Kingdra, F|100/100\n|-damage|p2a: Kingdra|88/100|[from] Stealth Rock\n|turn|18\n|\n|t:|1771199592\n|move|p2a: Kingdra|Weather Ball|p1a: Garchomp\n|-damage|p1a: Garchomp|0 fnt\n|faint|p1a: Garchomp\n|\n|-weather|RainDance|[upkeep]\n|upkeep\n|\n|t:|1771199595\n|switch|p1a: Volcarona|Volcarona, M|100/100\n|turn|19\n|\n|t:|1771199598\n|move|p2a: Kingdra|Weather Ball|p1a: Volcarona\n|-supereffective|p1a: Volcarona\n|-damage|p1a: Volcarona|0 fnt\n|faint|p1a: Volcarona\n|\n|win|Misty Biitch\n|raw|goychomp's rating: 1757 &rarr; <strong>1735</strong><br />(-22 for losing)\n|raw|Misty Biitch's rating: 1716 &rarr; <strong>1738</strong><br />(+22 for winning)\n|l|☆goychomp\n|player|p1|\n|l|☆Misty Biitch\n|player|p2|\n", "uploadtime": 1771199841, "views": 9, "formatid": "gen9nationaldex", "rating": 1735, "private": 0, "password": null}