{"id": "gen9nationaldex-2540810759", "format": "[Gen 9] National Dex", "players": ["spirefire", "fosts"], "log": "|j|☆spirefire\n|j|☆fosts\n|t:|1771256448\n|gametype|singles\n|player|p1|spirefire|miku-ghost|1598\n|player|p2|fosts|hilbert-masters|1568\n|gen|9\n|tier|[Gen 9] National Dex\n|rated|\n|rule|HP Percentage Mod: HP is shown in percentages\n|rule|Endless Battle Clause: Forcing endless battles is banned\n|rule|Species Clause: Limit one of each Pokémon\n|rule|OHKO Clause: OHKO moves are banned\n|rule|Evasion Clause: Evasion abilities, items, and moves are banned\n|rule|Evasion Abilities Clause: Evasion abilities are banned\n|rule|Evasion Items Clause: Evasion items are banned\n|rule|Evasion Moves Clause: Evasion moves are banned\n|rule|Sleep Clause Mod: Limit one foe put to sleep\n|rule|Terastal Clause: You cannot Terastallize\n|clearpoke\n|poke|p1|Grimmsnarl, M|\n|poke|p1|Volcarona, F|\n|poke|p1|Great Tusk|\n|poke|p1|Gyarados, F|\n|poke|p1|Glimmora, F|\n|poke|p1|Latias, F|\n|poke|p2|Shedinja|\n|poke|p2|Blissey, F|\n|poke|p2|Alomomola, F|\n|poke|p2|Gyarados, F|\n|poke|p2|Gliscor, F|\n|poke|p2|Garganacl, F|\n|teampreview\n|inactive|Battle timer is ON: inactive players will automatically lose when time's up. (requested by fosts)\n|inactive|spirefire also wants the timer to be on.\n|inactive|fosts has 120 seconds left.\n|\n|t:|1771256485\n|teamsize|p1|6\n|teamsize|p2|6\n|start\n|switch|p1a: Glimmora|Glimmora, F|100/100\n|switch|p2a: Gyarados|Gyarados, F|100/100\n|-ability|p2a: Gyarados|Intimidate|boost\n|-unboost|p1a: Glimmora|atk|1\n|turn|1\n|\n|t:|1771256493\n|move|p2a: Gyarados|Substitute|p2a: Gyarados\n|-start|p2a: Gyarados|Substitute\n|-damage|p2a: Gyarados|76/100\n|move|p1a: Glimmora|Meteor Beam||[still]\n|-prepare|p1a: Glimmora|Meteor Beam\n|-boost|p1a: Glimmora|spa|1\n|-enditem|p1a: Glimmora|Power Herb\n|-anim|p1a: Glimmora|Meteor Beam|p2a: Gyarados|[miss]\n|-miss|p1a: Glimmora|p2a: Gyarados\n|\n|upkeep\n|turn|2\n|\n|t:|1771256500\n|move|p2a: Gyarados|Waterfall|p1a: Glimmora\n|-supereffective|p1a: Glimmora\n|-damage|p1a: Glimmora|11/100\n|-activate|p1a: Glimmora|ability: Toxic Debris\n|-sidestart|p2: fosts|move: Toxic Spikes\n|move|p1a: Glimmora|Earth Power|p2a: Gyarados\n|-immune|p2a: Gyarados\n|\n|upkeep\n|turn|3\n|\n|t:|1771256510\n|switch|p1a: Gyarados|Gyarados, F|100/100\n|-ability|p1a: Gyarados|Intimidate|boost\n|-immune|p2a: Gyarados\n|move|p2a: Gyarados|Waterfall|p1a: Gyarados\n|-resisted|p1a: Gyarados\n|-damage|p1a: Gyarados|75/100\n|\n|upkeep\n|turn|4\n|\n|t:|1771256515\n|move|p2a: Gyarados|Dragon Dance|p2a: Gyarados\n|-boost|p2a: Gyarados|atk|1\n|-boost|p2a: Gyarados|spe|1\n|move|p1a: Gyarados|Crunch|p2a: Gyarados\n|-end|p2a: Gyarados|Substitute\n|\n|upkeep\n|turn|5\n|\n|t:|1771256519\n|move|p2a: Gyarados|Crunch|p1a: Gyarados\n|-damage|p1a: Gyarados|26/100\n|move|p1a: Gyarados|Dragon Dance|p1a: Gyarados\n|-boost|p1a: Gyarados|atk|1\n|-boost|p1a: Gyarados|spe|1\n|\n|upkeep\n|turn|6\n|\n|t:|1771256522\n|detailschange|p1a: Gyarados|Gyarados-Mega, F\n|-mega|p1a: Gyarados|Gyarados|Gyaradosite\n|-ability|p1a: Gyarados|Mold Breaker\n|move|p1a: Gyarados|Crunch|p2a: Gyarados\n|-damage|p2a: Gyarados|0 fnt\n|faint|p2a: Gyarados\n|\n|upkeep\n|\n|t:|1771256531\n|switch|p2a: Blissey|Blissey, F|100/100\n|-status|p2a: Blissey|psn\n|turn|7\n|\n|t:|1771256533\n|switch|p1a: Glimmora|Glimmora, F|11/100\n|move|p2a: Blissey|Counter||[still]\n|-fail|p2a: Blissey\n|\n|-damage|p2a: Blissey|88/100 psn|[from] psn\n|upkeep\n|turn|8\n|\n|t:|1771256542\n|-curestatus|p2a: Blissey|psn|[from] ability: Natural Cure\n|switch|p2a: Gliscor|Gliscor, F|100/100\n|move|p1a: Glimmora|Earth Power|p2a: Gliscor\n|-immune|p2a: Gliscor\n|\n|-status|p2a: Gliscor|tox|[from] item: Toxic Orb\n|upkeep\n|turn|9\n|\n|t:|1771256551\n|move|p1a: Glimmora|Sludge Bomb|p2a: Gliscor\n|-resisted|p2a: Gliscor\n|-damage|p2a: Gliscor|69/100 tox\n|move|p2a: Gliscor|Toxic|p1a: Glimmora\n|-immune|p1a: Glimmora\n|\n|-heal|p2a: Gliscor|82/100 tox|[from] ability: Poison Heal\n|upkeep\n|turn|10\n|\n|t:|1771256556\n|move|p2a: Gliscor|Protect|p2a: Gliscor\n|-singleturn|p2a: Gliscor|Protect\n|move|p1a: Glimmora|Sludge Bomb|p2a: Gliscor\n|-activate|p2a: Gliscor|move: Protect\n|\n|-heal|p2a: Gliscor|94/100 tox|[from] ability: Poison Heal\n|upkeep\n|turn|11\n|\n|t:|1771256559\n|move|p1a: Glimmora|Sludge Bomb|p2a: Gliscor\n|-resisted|p2a: Gliscor\n|-damage|p2a: Gliscor|62/100 tox\n|move|p2a: Gliscor|Defog|p1a: Glimmora\n|-unboost|p1a: Glimmora|evasion|1\n|-sideend|p2: fosts|Toxic Spikes|[from] move: Defog|[of] p2a: Gliscor\n|\n|-heal|p2a: Gliscor|74/100 tox|[from] ability: Poison Heal\n|upkeep\n|turn|12\n|\n|t:|1771256565\n|move|p2a: Gliscor|Protect|p2a: Gliscor\n|-singleturn|p2a: Gliscor|Protect\n|move|p1a: Glimmora|Meteor Beam||[still]\n|-prepare|p1a: Glimmora|Meteor Beam\n|-boost|p1a: Glimmora|spa|1\n|\n|-heal|p2a: Gliscor|87/100 tox|[from] ability: Poison Heal\n|upkeep\n|turn|13\n|\n|t:|1771256569\n|switch|p2a: Blissey|Blissey, F|88/100\n|move|p1a: Glimmora|Meteor Beam|p2a: Blissey|[from] lockedmove\n|-damage|p2a: Blissey|53/100\n|\n|-heal|p2a: Blissey|59/100|[from] item: Leftovers\n|upkeep\n|turn|14\n|\n|t:|1771256573\n|move|p1a: Glimmora|Sludge Bomb|p2a: Blissey\n|-damage|p2a: Blissey|32/100\n|move|p2a: Blissey|Stealth Rock|p1a: Glimmora\n|-sidestart|p1: spirefire|move: Stealth Rock\n|\n|-heal|p2a: Blissey|38/100|[from] item: Leftovers\n|upkeep\n|turn|15\n|\n|t:|1771256578\n|move|p1a: Glimmora|Sludge Bomb|p2a: Blissey\n|-damage|p2a: Blissey|10/100\n|move|p2a: Blissey|Soft-Boiled|p2a: Blissey\n|-heal|p2a: Blissey|60/100\n|\n|-heal|p2a: Blissey|66/100|[from] item: Leftovers\n|upkeep\n|turn|16\n|\n|t:|1771256583\n|switch|p2a: Gliscor|Gliscor, F|87/100 tox\n|move|p1a: Glimmora|Meteor Beam||[still]\n|-prepare|p1a: Glimmora|Meteor Beam\n|-boost|p1a: Glimmora|spa|1\n|\n|-heal|p2a: Gliscor|99/100 tox|[from] ability: Poison Heal\n|upkeep\n|turn|17\n|\n|t:|1771256589\n|move|p2a: Gliscor|Protect|p2a: Gliscor\n|-singleturn|p2a: Gliscor|Protect\n|move|p1a: Glimmora|Meteor Beam|p2a: Gliscor|[from] lockedmove\n|-activate|p2a: Gliscor|move: Protect\n|\n|-heal|p2a: Gliscor|100/100 tox|[from] ability: Poison Heal\n|upkeep\n|turn|18\n|\n|t:|1771256609\n|move|p1a: Glimmora|Sludge Bomb|p2a: Gliscor\n|-resisted|p2a: Gliscor\n|-damage|p2a: Gliscor|43/100 tox\n|move|p2a: Gliscor|Knock Off|p1a: Glimmora\n|-damage|p1a: Glimmora|0 fnt\n|-activate|p1a: Glimmora|ability: Toxic Debris\n|-sidestart|p2: fosts|move: Toxic Spikes\n|faint|p1a: Glimmora\n|\n|-heal|p2a: Gliscor|56/100 tox|[from] ability: Poison Heal\n|upkeep\n|\n|t:|1771256617\n|switch|p1a: Great Tusk|Great Tusk|100/100\n|-damage|p1a: Great Tusk|98/100|[from] Stealth Rock\n|-enditem|p1a: Great Tusk|Booster Energy\n|-activate|p1a: Great Tusk|ability: Protosynthesis|[fromitem]\n|-start|p1a: Great Tusk|protosynthesisatk\n|turn|19\n|\n|t:|1771256620\n|move|p2a: Gliscor|Protect|p2a: Gliscor\n|-singleturn|p2a: Gliscor|Protect\n|move|p1a: Great Tusk|Stealth Rock|p2a: Gliscor\n|-sidestart|p2: fosts|move: Stealth Rock\n|\n|-heal|p2a: Gliscor|68/100 tox|[from] ability: Poison Heal\n|upkeep\n|turn|20\n|\n|t:|1771256628\n|move|p1a: Great Tusk|Head Smash|p2a: Gliscor\n|-damage|p2a: Gliscor|28/100 tox\n|-damage|p1a: Great Tusk|78/100|[from] Recoil\n|move|p2a: Gliscor|Defog|p1a: Great Tusk\n|-unboost|p1a: Great Tusk|evasion|1\n|-sideend|p1: spirefire|Stealth Rock|[from] move: Defog|[of] p2a: Gliscor\n|-sideend|p2: fosts|Toxic Spikes|[from] move: Defog|[of] p2a: Gliscor\n|-sideend|p2: fosts|Stealth Rock|[from] move: Defog|[of] p2a: Gliscor\n|\n|-heal|p2a: Gliscor|40/100 tox|[from] ability: Poison Heal\n|upkeep\n|turn|21\n|\n|t:|1771256637\n|move|p1a: Great Tusk|Stealth Rock|p2a: Gliscor\n|-sidestart|p2: fosts|move: Stealth Rock\n|move|p2a: Gliscor|Toxic|p1a: Great Tusk\n|-status|p1a: Great Tusk|tox\n|\n|-damage|p1a: Great Tusk|72/100 tox|[from] psn\n|-heal|p2a: Gliscor|53/100 tox|[from] ability: Poison Heal\n|upkeep\n|turn|22\n|\n|t:|1771256642\n|-end|p1a: Great Tusk|Protosynthesis|[silent]\n|switch|p1a: Grimmsnarl|Grimmsnarl, M|100/100\n|move|p2a: Gliscor|Protect||[still]\n|-fail|p2a: Gliscor\n|\n|-heal|p2a: Gliscor|65/100 tox|[from] ability: Poison Heal\n|upkeep\n|turn|23\n|\n|t:|1771256645\n|move|p1a: Grimmsnarl|Taunt|p2a: Gliscor\n|-start|p2a: Gliscor|move: Taunt\n|move|p2a: Gliscor|Knock Off|p1a: Grimmsnarl\n|-resisted|p1a: Grimmsnarl\n|-damage|p1a: Grimmsnarl|96/100\n|-enditem|p1a: Grimmsnarl|Light Clay|[from] move: Knock Off|[of] p2a: Gliscor\n|\n|-heal|p2a: Gliscor|78/100 tox|[from] ability: Poison Heal\n|upkeep\n|turn|24\n|\n|t:|1771256654\n|switch|p2a: Alomomola|Alomomola, F|100/100\n|-damage|p2a: Alomomola|88/100|[from] Stealth Rock\n|switch|p1a: Great Tusk|Great Tusk|72/100 tox\n|\n|-heal|p2a: Alomomola|94/100|[from] item: Leftovers\n|-damage|p1a: Great Tusk|66/100 tox|[from] psn\n|upkeep\n|turn|25\n|\n|t:|1771256658\n|move|p1a: Great Tusk|Headlong Rush|p2a: Alomomola\n|-damage|p2a: Alomomola|55/100\n|-unboost|p1a: Great Tusk|def|1\n|-unboost|p1a: Great Tusk|spd|1\n|move|p2a: Alomomola|Wish|p2a: Alomomola\n|\n|-heal|p2a: Alomomola|61/100|[from] item: Leftovers\n|-damage|p1a: Great Tusk|53/100 tox|[from] psn\n|upkeep\n|turn|26\n|\n|t:|1771256671\n|-end|p1a: Great Tusk|Protosynthesis|[silent]\n|switch|p1a: Volcarona|Volcarona, F|100/100\n|move|p2a: Alomomola|Flip Turn|p1a: Volcarona\n|-supereffective|p1a: Volcarona\n|-damage|p1a: Volcarona|48/100\n|\n|t:|1771256674\n|switch|p2a: Blissey|Blissey, F|66/100|[from] Flip Turn\n|-damage|p2a: Blissey|54/100|[from] Stealth Rock\n|\n|-heal|p2a: Blissey|87/100|[from] move: Wish|[wisher] Alomomola\n|-heal|p2a: Blissey|93/100|[from] item: Leftovers\n|upkeep\n|turn|27\n|\n|t:|1771256680\n|move|p1a: Volcarona|Substitute|p1a: Volcarona\n|-start|p1a: Volcarona|Substitute\n|-damage|p1a: Volcarona|24/100\n|move|p2a: Blissey|Stealth Rock|p1a: Volcarona\n|-sidestart|p1: spirefire|move: Stealth Rock\n|\n|-heal|p2a: Blissey|99/100|[from] item: Leftovers\n|upkeep\n|turn|28\n|\n|t:|1771256684\n|move|p1a: Volcarona|Quiver Dance|p1a: Volcarona\n|-boost|p1a: Volcarona|spa|1\n|-boost|p1a: Volcarona|spd|1\n|-boost|p1a: Volcarona|spe|1\n|move|p2a: Blissey|Psywave|p1a: Volcarona\n|-end|p1a: Volcarona|Substitute\n|\n|-heal|p2a: Blissey|100/100|[from] item: Leftovers\n|upkeep\n|turn|29\n|\n|t:|1771256688\n|-zpower|p1a: Volcarona\n|move|p1a: Volcarona|Savage Spin-Out|p2a: Blissey|[zeffect]\n|-damage|p2a: Blissey|24/100\n|move|p2a: Blissey|Psywave|p1a: Volcarona\n|-damage|p1a: Volcarona|0 fnt\n|faint|p1a: Volcarona\n|\n|-heal|p2a: Blissey|30/100|[from] item: Leftovers\n|upkeep\n|\n|t:|1771256692\n|switch|p1a: Great Tusk|Great Tusk|53/100 tox\n|-damage|p1a: Great Tusk|50/100 tox|[from] Stealth Rock\n|turn|30\n|\n|t:|1771256698\n|switch|p2a: Gliscor|Gliscor, F|78/100 tox\n|-damage|p2a: Gliscor|65/100 tox|[from] Stealth Rock\n|move|p1a: Great Tusk|Head Smash|p2a: Gliscor\n|-damage|p2a: Gliscor|33/100 tox\n|-damage|p1a: Great Tusk|35/100 tox|[from] Recoil\n|\n|-damage|p1a: Great Tusk|29/100 tox|[from] psn\n|-heal|p2a: Gliscor|45/100 tox|[from] ability: Poison Heal\n|upkeep\n|turn|31\n|\n|t:|1771256703\n|move|p2a: Gliscor|Protect|p2a: Gliscor\n|-singleturn|p2a: Gliscor|Protect\n|move|p1a: Great Tusk|Rapid Spin|p2a: Gliscor\n|-activate|p2a: Gliscor|move: Protect\n|\n|-damage|p1a: Great Tusk|16/100 tox|[from] psn\n|-heal|p2a: Gliscor|58/100 tox|[from] ability: Poison Heal\n|upkeep\n|turn|32\n|\n|t:|1771256708\n|move|p1a: Great Tusk|Rapid Spin|p2a: Gliscor\n|-damage|p2a: Gliscor|47/100 tox\n|-boost|p1a: Great Tusk|spe|1\n|-sideend|p1: spirefire|Stealth Rock|[from] move: Rapid Spin|[of] p1a: Great Tusk\n|move|p2a: Gliscor|Defog|p1a: Great Tusk\n|-unboost|p1a: Great Tusk|evasion|1\n|-sideend|p2: fosts|Stealth Rock|[from] move: Defog|[of] p2a: Gliscor\n|\n|-damage|p1a: Great Tusk|0 fnt|[from] psn\n|faint|p1a: Great Tusk\n|-end|p1a: Great Tusk|Protosynthesis|[silent]\n|-heal|p2a: Gliscor|59/100 tox|[from] ability: Poison Heal\n|upkeep\n|\n|t:|1771256713\n|switch|p1a: Gyarados|Gyarados-Mega, F|26/100\n|-ability|p1a: Gyarados|Mold Breaker\n|turn|33\n|\n|t:|1771256721\n|move|p1a: Gyarados|Dragon Dance|p1a: Gyarados\n|-boost|p1a: Gyarados|atk|1\n|-boost|p1a: Gyarados|spe|1\n|move|p2a: Gliscor|Toxic|p1a: Gyarados\n|-status|p1a: Gyarados|tox\n|\n|-damage|p1a: Gyarados|20/100 tox|[from] psn\n|-heal|p2a: Gliscor|72/100 tox|[from] ability: Poison Heal\n|upkeep\n|turn|34\n|\n|t:|1771256728\n|move|p2a: Gliscor|Protect|p2a: Gliscor\n|-singleturn|p2a: Gliscor|Protect\n|move|p1a: Gyarados|Dragon Dance|p1a: Gyarados\n|-boost|p1a: Gyarados|atk|1\n|-boost|p1a: Gyarados|spe|1\n|\n|-damage|p1a: Gyarados|8/100 tox|[from] psn\n|-heal|p2a: Gliscor|84/100 tox|[from] ability: Poison Heal\n|upkeep\n|turn|35\n|\n|t:|1771256740\n|switch|p2a: Garganacl|Garganacl, F|100/100\n|move|p1a: Gyarados|Power Whip|p2a: Garganacl\n|-supereffective|p2a: Garganacl\n|-crit|p2a: Garganacl\n|-damage|p2a: Garganacl|0 fnt\n|faint|p2a: Garganacl\n|\n|-damage|p1a: Gyarados|0 fnt|[from] psn\n|faint|p1a: Gyarados\n|detailschange|p1: Gyarados|Gyarados, F|[silent]\n|upkeep\n|-message|spirefire forfeited.\n|\n|win|fosts\n|raw|spirefire's rating: 1598 &rarr; <strong>1576</strong><br />(-22 for losing)\n|raw|fosts's rating: 1568 &rarr; <strong>1590</strong><br />(+22 for winning)\n|l|☆spirefire\n|player|p1|\n|l|☆fosts\n|player|p2|\n", "uploadtime": 1771256972, "views": 7, "formatid": "gen9nationaldex", "rating": 1576, "private": 0, "password": null}