{"id": "gen9nationaldex-2540455092", "format": "[Gen 9] National Dex", "players": ["my pal pawmot", "Machpunch93"], "log": "|j|☆my pal pawmot\n|j|‽Machpunch93\n|t:|1771204129\n|gametype|singles\n|player|p1|my pal pawmot|bea-masters|1629\n|player|p2|Machpunch93|alder|1647\n|gen|9\n|tier|[Gen 9] National Dex\n|rated|\n|rule|HP Percentage Mod: HP is shown in percentages\n|rule|Endless Battle Clause: Forcing endless battles is banned\n|rule|Species Clause: Limit one of each Pokémon\n|rule|OHKO Clause: OHKO moves are banned\n|rule|Evasion Clause: Evasion abilities, items, and moves are banned\n|rule|Evasion Abilities Clause: Evasion abilities are banned\n|rule|Evasion Items Clause: Evasion items are banned\n|rule|Evasion Moves Clause: Evasion moves are banned\n|rule|Sleep Clause Mod: Limit one foe put to sleep\n|rule|Terastal Clause: You cannot Terastallize\n|clearpoke\n|poke|p1|Pawmot, M|\n|poke|p1|Hoopa-Unbound|\n|poke|p1|Gliscor, F|\n|poke|p1|Melmetal|\n|poke|p1|Alomomola, M|\n|poke|p1|Zapdos|\n|poke|p2|Charizard, F|\n|poke|p2|Heatran, F|\n|poke|p2|Landorus-Therian, M|\n|poke|p2|Zapdos|\n|poke|p2|Zeraora|\n|poke|p2|Melmetal|\n|teampreview\n|inactive|Battle timer is ON: inactive players will automatically lose when time's up. (requested by my pal pawmot)\n|\n|t:|1771204141\n|teamsize|p1|6\n|teamsize|p2|6\n|start\n|switch|p1a: Gliscor|Gliscor, F|100/100\n|switch|p2a: Landorus|Landorus-Therian, M|100/100\n|-ability|p2a: Landorus|Intimidate|boost\n|-unboost|p1a: Gliscor|atk|1\n|turn|1\n|\n|t:|1771204148\n|move|p1a: Gliscor|Protect|p1a: Gliscor\n|-singleturn|p1a: Gliscor|Protect\n|move|p2a: Landorus|Knock Off|p1a: Gliscor\n|-activate|p1a: Gliscor|move: Protect\n|\n|-status|p1a: Gliscor|tox|[from] item: Toxic Orb\n|upkeep\n|turn|2\n|\n|t:|1771204156\n|switch|p2a: Melmetal|Melmetal|100/100\n|move|p1a: Gliscor|Toxic|p2a: Melmetal\n|-immune|p2a: Melmetal\n|\n|upkeep\n|turn|3\n|\n|t:|1771204163\n|switch|p2a: Charizard|Charizard, F|100/100\n|move|p1a: Gliscor|Spikes|p2a: Charizard\n|-sidestart|p2: Machpunch93|Spikes\n|\n|upkeep\n|turn|4\n|\n|t:|1771204169\n|detailschange|p2a: Charizard|Charizard-Mega-Y, F\n|-mega|p2a: Charizard|Charizard|Charizardite Y\n|-weather|SunnyDay|[from] ability: Drought|[of] p2a: Charizard\n|move|p2a: Charizard|Fire Blast|p1a: Gliscor\n|-damage|p1a: Gliscor|12/100 tox\n|move|p1a: Gliscor|Toxic|p2a: Charizard\n|-status|p2a: Charizard|tox\n|\n|-weather|SunnyDay|[upkeep]\n|-damage|p2a: Charizard|94/100 tox|[from] psn\n|-heal|p1a: Gliscor|25/100 tox|[from] ability: Poison Heal\n|upkeep\n|turn|5\n|\n|t:|1771204183\n|move|p1a: Gliscor|Protect|p1a: Gliscor\n|-singleturn|p1a: Gliscor|Protect\n|move|p2a: Charizard|Fire Blast|p1a: Gliscor\n|-activate|p1a: Gliscor|move: Protect\n|\n|-weather|SunnyDay|[upkeep]\n|-damage|p2a: Charizard|82/100 tox|[from] psn\n|-heal|p1a: Gliscor|37/100 tox|[from] ability: Poison Heal\n|upkeep\n|turn|6\n|\n|t:|1771204193\n|switch|p1a: Alomomola|Alomomola, M|100/100\n|move|p2a: Charizard|Solar Beam||[still]\n|-prepare|p2a: Charizard|Solar Beam\n|-anim|p2a: Charizard|Solar Beam|p1a: Alomomola\n|-supereffective|p1a: Alomomola\n|-damage|p1a: Alomomola|12/100\n|\n|-weather|SunnyDay|[upkeep]\n|-damage|p2a: Charizard|64/100 tox|[from] psn\n|upkeep\n|turn|7\n|\n|t:|1771204204\n|move|p1a: Alomomola|Protect|p1a: Alomomola\n|-singleturn|p1a: Alomomola|Protect\n|move|p2a: Charizard|Fire Blast|p1a: Alomomola\n|-activate|p1a: Alomomola|move: Protect\n|\n|-weather|SunnyDay|[upkeep]\n|-damage|p2a: Charizard|40/100 tox|[from] psn\n|upkeep\n|turn|8\n|\n|t:|1771204216\n|move|p2a: Charizard|Fire Blast|p1a: Alomomola\n|-resisted|p1a: Alomomola\n|-damage|p1a: Alomomola|0 fnt\n|faint|p1a: Alomomola\n|\n|-weather|none\n|-damage|p2a: Charizard|10/100 tox|[from] psn\n|upkeep\n|\n|t:|1771204222\n|switch|p1a: Hoopa|Hoopa-Unbound|100/100\n|turn|9\n|\n|t:|1771204226\n|move|p2a: Charizard|Fire Blast|p1a: Hoopa\n|-damage|p1a: Hoopa|38/100\n|move|p1a: Hoopa|Hyperspace Fury|p2a: Charizard\n|-damage|p2a: Charizard|0 fnt\n|-unboost|p1a: Hoopa|def|1\n|faint|p2a: Charizard\n|detailschange|p2: Charizard|Charizard, F|[silent]\n|\n|upkeep\n|\n|t:|1771204241\n|switch|p2a: Zeraora|Zeraora|100/100\n|-damage|p2a: Zeraora|88/100|[from] Spikes\n|turn|10\n|\n|t:|1771204258\n|switch|p1a: Gliscor|Gliscor, F|37/100 tox\n|move|p2a: Zeraora|Bulk Up|p2a: Zeraora\n|-boost|p2a: Zeraora|atk|1\n|-boost|p2a: Zeraora|def|1\n|\n|-heal|p2a: Zeraora|94/100|[from] item: Leftovers\n|-heal|p1a: Gliscor|50/100 tox|[from] ability: Poison Heal\n|upkeep\n|turn|11\n|j| xyyyyyz\n|\n|t:|1771204269\n|switch|p2a: Melmetal|Melmetal|100/100\n|-damage|p2a: Melmetal|88/100|[from] Spikes\n|move|p1a: Gliscor|Earthquake|p2a: Melmetal\n|-supereffective|p2a: Melmetal\n|-damage|p2a: Melmetal|55/100\n|\n|-heal|p1a: Gliscor|62/100 tox|[from] ability: Poison Heal\n|upkeep\n|turn|12\n|l| xyyyyyz\n|\n|t:|1771204279\n|move|p1a: Gliscor|Protect|p1a: Gliscor\n|-singleturn|p1a: Gliscor|Protect\n|move|p2a: Melmetal|Ice Punch|p1a: Gliscor\n|-activate|p1a: Gliscor|move: Protect\n|\n|-heal|p1a: Gliscor|75/100 tox|[from] ability: Poison Heal\n|upkeep\n|turn|13\n|\n|t:|1771204308\n|switch|p1a: Melmetal|Melmetal|100/100\n|switch|p2a: Landorus|Landorus-Therian, M|100/100\n|-ability|p2a: Landorus|Intimidate|boost\n|-unboost|p1a: Melmetal|atk|1\n|\n|upkeep\n|turn|14\n|\n|t:|1771204316\n|switch|p1a: Gliscor|Gliscor, F|75/100 tox\n|move|p2a: Landorus|Knock Off|p1a: Gliscor\n|-damage|p1a: Gliscor|49/100 tox\n|-enditem|p1a: Gliscor|Toxic Orb|[from] move: Knock Off|[of] p2a: Landorus\n|\n|-heal|p1a: Gliscor|62/100 tox|[from] ability: Poison Heal\n|upkeep\n|turn|15\n|\n|t:|1771204328\n|switch|p2a: Zapdos|Zapdos|100/100\n|move|p1a: Gliscor|Spikes|p2a: Zapdos\n|-sidestart|p2: Machpunch93|Spikes\n|\n|-heal|p1a: Gliscor|74/100 tox|[from] ability: Poison Heal\n|upkeep\n|turn|16\n|\n|t:|1771204338\n|move|p2a: Zapdos|Hidden Power|p1a: Gliscor\n|-supereffective|p1a: Gliscor\n|-crit|p1a: Gliscor\n|-damage|p1a: Gliscor|0 fnt\n|faint|p1a: Gliscor\n|\n|upkeep\n|\n|t:|1771204345\n|switch|p1a: Melmetal|Melmetal|100/100\n|turn|17\n|\n|t:|1771204349\n|move|p2a: Zapdos|Heat Wave|p1a: Melmetal\n|-supereffective|p1a: Melmetal\n|-damage|p1a: Melmetal|60/100\n|-status|p1a: Melmetal|brn\n|move|p1a: Melmetal|Ice Punch|p2a: Zapdos\n|-supereffective|p2a: Zapdos\n|-damage|p2a: Zapdos|66/100\n|\n|-damage|p1a: Melmetal|54/100 brn|[from] brn\n|upkeep\n|turn|18\n|-message|my pal pawmot forfeited.\n|\n|win|Machpunch93\n|raw|my pal pawmot's rating: 1629 &rarr; <strong>1610</strong><br />(-19 for losing)\n|raw|Machpunch93's rating: 1647 &rarr; <strong>1666</strong><br />(+19 for winning)\n|l|☆my pal pawmot\n|player|p1|\n|l|‽Machpunch93\n|player|p2|\n", "uploadtime": 1771204560, "views": 6, "formatid": "gen9nationaldex", "rating": 1610, "private": 0, "password": null}