{"id": "gen9nationaldex-2540353074", "format": "[Gen 9] National Dex", "players": ["tpfire", "czarek29"], "log": "|j|☆tpfire\n|j|☆czarek29\n|t:|1771191985\n|gametype|singles\n|player|p1|tpfire|birdkeeper-gen4dp|1633\n|player|p2|czarek29|170|1589\n|gen|9\n|tier|[Gen 9] National Dex\n|rated|\n|rule|HP Percentage Mod: HP is shown in percentages\n|rule|Endless Battle Clause: Forcing endless battles is banned\n|rule|Species Clause: Limit one of each Pokémon\n|rule|OHKO Clause: OHKO moves are banned\n|rule|Evasion Clause: Evasion abilities, items, and moves are banned\n|rule|Evasion Abilities Clause: Evasion abilities are banned\n|rule|Evasion Items Clause: Evasion items are banned\n|rule|Evasion Moves Clause: Evasion moves are banned\n|rule|Sleep Clause Mod: Limit one foe put to sleep\n|rule|Terastal Clause: You cannot Terastallize\n|clearpoke\n|poke|p1|Rillaboom, M|\n|poke|p1|Slowking, F|\n|poke|p1|Zamazenta-*|\n|poke|p1|Iron Treads|\n|poke|p1|Moltres|\n|poke|p1|Diancie|\n|poke|p2|Serperior, F|\n|poke|p2|Lopunny, F|\n|poke|p2|Mamoswine, F|\n|poke|p2|Slowbro, M|\n|poke|p2|Heatran, F|\n|poke|p2|Togekiss, F|\n|teampreview\n|inactive|Battle timer is ON: inactive players will automatically lose when time's up. (requested by tpfire)\n|\n|t:|1771191998\n|teamsize|p1|6\n|teamsize|p2|6\n|start\n|switch|p1a: Iron Treads|Iron Treads|100/100\n|switch|p2a: Serperior|Serperior, F|100/100\n|turn|1\n|\n|t:|1771192001\n|-end|p1a: Iron Treads|Quark Drive|[silent]\n|switch|p1a: Moltres|Moltres|100/100\n|move|p2a: Serperior|Glare|p1a: Moltres\n|-status|p1a: Moltres|par\n|\n|upkeep\n|turn|2\n|\n|t:|1771192004\n|switch|p2a: Heatran|Heatran, F|100/100\n|move|p1a: Moltres|U-turn|p2a: Heatran\n|-resisted|p2a: Heatran\n|-damage|p2a: Heatran|98/100\n|\n|t:|1771192008\n|switch|p1a: Iron Treads|Iron Treads|100/100|[from] U-turn\n|\n|-heal|p2a: Heatran|100/100|[from] item: Leftovers\n|upkeep\n|turn|3\n|\n|t:|1771192013\n|switch|p2a: Slowbro|Slowbro, M|100/100\n|move|p1a: Iron Treads|Stealth Rock|p2a: Slowbro\n|-sidestart|p2: czarek29|move: Stealth Rock\n|\n|upkeep\n|turn|4\n|\n|t:|1771192016\n|-end|p1a: Iron Treads|Quark Drive|[silent]\n|switch|p1a: Slowking|Slowking, F|100/100\n|move|p2a: Slowbro|Scald|p1a: Slowking\n|-resisted|p1a: Slowking\n|-damage|p1a: Slowking|90/100\n|-status|p1a: Slowking|brn\n|\n|-damage|p1a: Slowking|84/100 brn|[from] brn\n|upkeep\n|turn|5\n|\n|t:|1771192020\n|move|p1a: Slowking|Future Sight|p2a: Slowbro\n|-start|p1a: Slowking|move: Future Sight\n|move|p2a: Slowbro|Teleport|p2a: Slowbro\n|\n|t:|1771192028\n|switch|p2a: Lopunny|Lopunny, F|100/100|[from] Teleport\n|-damage|p2a: Lopunny|88/100|[from] Stealth Rock\n|\n|-damage|p1a: Slowking|78/100 brn|[from] brn\n|upkeep\n|turn|6\n|\n|t:|1771192030\n|detailschange|p2a: Lopunny|Lopunny-Mega, F\n|-mega|p2a: Lopunny|Lopunny|Lopunnite\n|move|p2a: Lopunny|U-turn|p1a: Slowking\n|-supereffective|p1a: Slowking\n|-damage|p1a: Slowking|42/100 brn\n|\n|t:|1771192035\n|switch|p2a: Slowbro|Slowbro, M|100/100|[from] U-turn\n|-damage|p2a: Slowbro|88/100|[from] Stealth Rock\n|move|p1a: Slowking|Teleport|p1a: Slowking\n|\n|t:|1771192037\n|switch|p1a: Rillaboom|Rillaboom, M|100/100|[from] Teleport\n|-fieldstart|move: Grassy Terrain|[from] ability: Grassy Surge|[of] p1a: Rillaboom\n|\n|-heal|p2a: Slowbro|94/100|[from] Grassy Terrain\n|upkeep\n|turn|7\n|\n|t:|1771192041\n|switch|p2a: Heatran|Heatran, F|100/100\n|-damage|p2a: Heatran|88/100|[from] Stealth Rock\n|move|p1a: Rillaboom|Wood Hammer|p2a: Heatran\n|-resisted|p2a: Heatran\n|-damage|p2a: Heatran|59/100\n|-damage|p1a: Rillaboom|90/100|[from] Recoil\n|\n|-end|p2a: Heatran|move: Future Sight\n|-resisted|p2a: Heatran\n|-damage|p2a: Heatran|46/100\n|-heal|p1a: Rillaboom|96/100|[from] Grassy Terrain\n|-heal|p2a: Heatran|52/100|[from] Grassy Terrain\n|-heal|p2a: Heatran|58/100|[from] item: Leftovers\n|upkeep\n|turn|8\n|\n|t:|1771192048\n|switch|p1a: Diancie|Diancie|100/100\n|move|p2a: Heatran|Magma Storm|p1a: Diancie\n|-resisted|p1a: Diancie\n|-damage|p1a: Diancie|78/100\n|-activate|p1a: Diancie|move: Magma Storm|[of] p2a: Heatran\n|\n|-heal|p1a: Diancie|84/100|[from] Grassy Terrain\n|-heal|p2a: Heatran|64/100|[from] Grassy Terrain\n|-heal|p2a: Heatran|71/100|[from] item: Leftovers\n|-damage|p1a: Diancie|72/100|[from] move: Magma Storm|[partiallytrapped]\n|upkeep\n|turn|9\n|\n|t:|1771192056\n|switch|p2a: Serperior|Serperior, F|100/100\n|-damage|p2a: Serperior|88/100|[from] Stealth Rock\n|detailschange|p1a: Diancie|Diancie-Mega\n|-mega|p1a: Diancie|Diancie|Diancite\n|move|p1a: Diancie|Diamond Storm|p2a: Serperior\n|-damage|p2a: Serperior|25/100\n|-boost|p1a: Diancie|def|2\n|\n|-heal|p2a: Serperior|31/100|[from] Grassy Terrain\n|-heal|p2a: Serperior|37/100|[from] item: Leftovers\n|-heal|p1a: Diancie|78/100|[from] Grassy Terrain\n|-end|p1a: Diancie|Magma Storm|[partiallytrapped]|[silent]\n|upkeep\n|turn|10\n|\n|t:|1771192060\n|switch|p1a: Moltres|Moltres|100/100 par\n|move|p2a: Serperior|Leaf Storm|p1a: Moltres\n|-resisted|p1a: Moltres\n|-damage|p1a: Moltres|90/100 par\n|-boost|p2a: Serperior|spa|2\n|\n|-heal|p2a: Serperior|43/100|[from] Grassy Terrain\n|-heal|p2a: Serperior|50/100|[from] item: Leftovers\n|-fieldend|move: Grassy Terrain\n|upkeep\n|turn|11\n|\n|t:|1771192063\n|move|p2a: Serperior|Substitute|p2a: Serperior\n|-start|p2a: Serperior|Substitute\n|-damage|p2a: Serperior|25/100\n|cant|p1a: Moltres|par\n|\n|-heal|p2a: Serperior|31/100|[from] item: Leftovers\n|upkeep\n|turn|12\n|\n|t:|1771192069\n|move|p2a: Serperior|Leaf Storm|p1a: Moltres\n|-resisted|p1a: Moltres\n|-damage|p1a: Moltres|74/100 par\n|-boost|p2a: Serperior|spa|2\n|cant|p1a: Moltres|par\n|\n|-heal|p2a: Serperior|37/100|[from] item: Leftovers\n|upkeep\n|turn|13\n|\n|t:|1771192072\n|move|p2a: Serperior|Leaf Storm|p1a: Moltres\n|-resisted|p1a: Moltres\n|-damage|p1a: Moltres|49/100 par\n|-boost|p2a: Serperior|spa|2\n|cant|p1a: Moltres|par\n|\n|-heal|p2a: Serperior|43/100|[from] item: Leftovers\n|upkeep\n|turn|14\n|\n|t:|1771192075\n|move|p2a: Serperior|Hidden Power|p1a: Moltres\n|-resisted|p1a: Moltres\n|-damage|p1a: Moltres|30/100 par\n|move|p1a: Moltres|U-turn|p2a: Serperior\n|-supereffective|p2a: Serperior\n|-end|p2a: Serperior|Substitute\n|\n|t:|1771192078\n|switch|p1a: Zamazenta|Zamazenta|100/100|[from] U-turn\n|-ability|p1a: Zamazenta|Dauntless Shield|boost\n|-boost|p1a: Zamazenta|def|1\n|\n|-heal|p2a: Serperior|50/100|[from] item: Leftovers\n|upkeep\n|turn|15\n|\n|t:|1771192082\n|switch|p1a: Rillaboom|Rillaboom, M|96/100\n|-fieldstart|move: Grassy Terrain|[from] ability: Grassy Surge|[of] p1a: Rillaboom\n|switch|p2a: Slowbro|Slowbro, M|100/100\n|-damage|p2a: Slowbro|88/100|[from] Stealth Rock\n|\n|-heal|p1a: Rillaboom|100/100|[from] Grassy Terrain\n|-heal|p2a: Slowbro|94/100|[from] Grassy Terrain\n|upkeep\n|turn|16\n|\n|t:|1771192085\n|switch|p2a: Togekiss|Togekiss, F|100/100\n|move|p1a: Rillaboom|Knock Off|p2a: Togekiss\n|-resisted|p2a: Togekiss\n|-damage|p2a: Togekiss|80/100\n|-enditem|p2a: Togekiss|Heavy-Duty Boots|[from] move: Knock Off|[of] p1a: Rillaboom\n|\n|upkeep\n|turn|17\n|\n|t:|1771192088\n|switch|p1a: Diancie|Diancie-Mega|78/100\n|move|p2a: Togekiss|Thunder Wave|p1a: Diancie\n|move|p1a: Diancie|Thunder Wave|p2a: Togekiss|[from] ability: Magic Bounce\n|-status|p2a: Togekiss|par\n|\n|-heal|p1a: Diancie|84/100|[from] Grassy Terrain\n|upkeep\n|turn|18\n|\n|t:|1771192092\n|move|p1a: Diancie|Diamond Storm|p2a: Togekiss\n|-supereffective|p2a: Togekiss\n|-damage|p2a: Togekiss|0 fnt\n|faint|p2a: Togekiss\n|\n|-heal|p1a: Diancie|91/100|[from] Grassy Terrain\n|upkeep\n|\n|t:|1771192095\n|switch|p2a: Serperior|Serperior, F|50/100\n|-damage|p2a: Serperior|37/100|[from] Stealth Rock\n|turn|19\n|\n|t:|1771192098\n|switch|p1a: Moltres|Moltres|30/100 par\n|move|p2a: Serperior|Leaf Storm|p1a: Moltres|[miss]\n|-miss|p2a: Serperior|p1a: Moltres\n|\n|-heal|p2a: Serperior|43/100|[from] Grassy Terrain\n|-heal|p2a: Serperior|50/100|[from] item: Leftovers\n|-fieldend|move: Grassy Terrain\n|upkeep\n|turn|20\n|\n|t:|1771192103\n|switch|p2a: Heatran|Heatran, F|71/100\n|-damage|p2a: Heatran|58/100|[from] Stealth Rock\n|move|p1a: Moltres|U-turn|p2a: Heatran\n|-resisted|p2a: Heatran\n|-damage|p2a: Heatran|55/100\n|\n|t:|1771192107\n|switch|p1a: Diancie|Diancie-Mega|91/100|[from] U-turn\n|\n|-heal|p2a: Heatran|61/100|[from] item: Leftovers\n|upkeep\n|turn|21\n|\n|t:|1771192111\n|move|p1a: Diancie|Earth Power|p2a: Heatran\n|-supereffective|p2a: Heatran\n|-damage|p2a: Heatran|0 fnt\n|faint|p2a: Heatran\n|\n|upkeep\n|\n|t:|1771192115\n|switch|p2a: Serperior|Serperior, F|50/100\n|-damage|p2a: Serperior|37/100|[from] Stealth Rock\n|turn|22\n|\n|t:|1771192118\n|switch|p1a: Rillaboom|Rillaboom, M|100/100\n|-fieldstart|move: Grassy Terrain|[from] ability: Grassy Surge|[of] p1a: Rillaboom\n|move|p2a: Serperior|Leaf Storm|p1a: Rillaboom\n|-resisted|p1a: Rillaboom\n|-damage|p1a: Rillaboom|59/100\n|-boost|p2a: Serperior|spa|2\n|\n|-heal|p2a: Serperior|43/100|[from] Grassy Terrain\n|-heal|p2a: Serperior|50/100|[from] item: Leftovers\n|-heal|p1a: Rillaboom|65/100|[from] Grassy Terrain\n|upkeep\n|turn|23\n|\n|t:|1771192123\n|switch|p1a: Moltres|Moltres|30/100 par\n|move|p2a: Serperior|Leaf Storm|p1a: Moltres\n|-resisted|p1a: Moltres\n|-damage|p1a: Moltres|9/100 par\n|-boost|p2a: Serperior|spa|2\n|\n|-heal|p2a: Serperior|56/100|[from] Grassy Terrain\n|-heal|p2a: Serperior|62/100|[from] item: Leftovers\n|upkeep\n|turn|24\n|\n|t:|1771192126\n|move|p2a: Serperior|Hidden Power|p1a: Moltres\n|-resisted|p1a: Moltres\n|-damage|p1a: Moltres|0 fnt\n|faint|p1a: Moltres\n|\n|-heal|p2a: Serperior|68/100|[from] Grassy Terrain\n|-heal|p2a: Serperior|75/100|[from] item: Leftovers\n|upkeep\n|\n|t:|1771192128\n|switch|p1a: Zamazenta|Zamazenta|100/100\n|turn|25\n|\n|t:|1771192130\n|move|p1a: Zamazenta|Close Combat|p2a: Serperior\n|-damage|p2a: Serperior|0 fnt\n|-unboost|p1a: Zamazenta|def|1\n|-unboost|p1a: Zamazenta|spd|1\n|faint|p2a: Serperior\n|-damage|p1a: Zamazenta|91/100|[from] item: Life Orb\n|\n|-heal|p1a: Zamazenta|97/100|[from] Grassy Terrain\n|upkeep\n|\n|t:|1771192136\n|switch|p2a: Slowbro|Slowbro, M|100/100\n|-damage|p2a: Slowbro|88/100|[from] Stealth Rock\n|turn|26\n|\n|t:|1771192138\n|switch|p1a: Slowking|Slowking, F|75/100 brn\n|move|p2a: Slowbro|Future Sight|p1a: Slowking\n|-start|p2a: Slowbro|move: Future Sight\n|\n|-heal|p2a: Slowbro|94/100|[from] Grassy Terrain\n|-heal|p1a: Slowking|81/100 brn|[from] Grassy Terrain\n|-damage|p1a: Slowking|75/100 brn|[from] brn\n|-fieldend|move: Grassy Terrain\n|upkeep\n|turn|27\n|\n|t:|1771192143\n|move|p2a: Slowbro|Teleport|p2a: Slowbro\n|\n|t:|1771192146\n|switch|p2a: Mamoswine|Mamoswine, F|100/100|[from] Teleport\n|-damage|p2a: Mamoswine|88/100|[from] Stealth Rock\n|move|p1a: Slowking|Teleport|p1a: Slowking\n|\n|t:|1771192155\n|switch|p1a: Zamazenta|Zamazenta|97/100|[from] Teleport\n|\n|upkeep\n|turn|28\n|\n|t:|1771192159\n|switch|p2a: Slowbro|Slowbro, M|100/100\n|-damage|p2a: Slowbro|88/100|[from] Stealth Rock\n|move|p1a: Zamazenta|Close Combat|p2a: Slowbro\n|-resisted|p2a: Slowbro\n|-damage|p2a: Slowbro|66/100\n|-unboost|p1a: Zamazenta|def|1\n|-unboost|p1a: Zamazenta|spd|1\n|-damage|p1a: Zamazenta|80/100|[from] item: Rocky Helmet|[of] p2a: Slowbro\n|-damage|p1a: Zamazenta|70/100|[from] item: Life Orb\n|\n|-end|p1a: Zamazenta|move: Future Sight\n|-supereffective|p1a: Zamazenta\n|-damage|p1a: Zamazenta|0 fnt\n|faint|p1a: Zamazenta\n|upkeep\n|\n|t:|1771192163\n|switch|p1a: Rillaboom|Rillaboom, M|65/100\n|-fieldstart|move: Grassy Terrain|[from] ability: Grassy Surge|[of] p1a: Rillaboom\n|turn|29\n|\n|t:|1771192170\n|move|p1a: Rillaboom|Wood Hammer|p2a: Slowbro\n|-supereffective|p2a: Slowbro\n|-damage|p2a: Slowbro|0 fnt\n|-damage|p1a: Rillaboom|48/100|[from] item: Rocky Helmet|[of] p2a: Slowbro\n|faint|p2a: Slowbro\n|-damage|p1a: Rillaboom|24/100|[from] Recoil\n|\n|-heal|p1a: Rillaboom|30/100|[from] Grassy Terrain\n|upkeep\n|\n|t:|1771192175\n|switch|p2a: Lopunny|Lopunny-Mega, F|88/100\n|-damage|p2a: Lopunny|82/100|[from] Stealth Rock\n|turn|30\n|\n|t:|1771192181\n|switch|p1a: Iron Treads|Iron Treads|100/100\n|move|p2a: Lopunny|Frustration|p1a: Iron Treads\n|-resisted|p1a: Iron Treads\n|-damage|p1a: Iron Treads|80/100\n|\n|-heal|p2a: Lopunny|88/100|[from] Grassy Terrain\n|-heal|p1a: Iron Treads|86/100|[from] Grassy Terrain\n|-heal|p1a: Iron Treads|93/100|[from] item: Leftovers\n|upkeep\n|turn|31\n|\n|t:|1771192184\n|move|p2a: Lopunny|Close Combat|p1a: Iron Treads\n|-supereffective|p1a: Iron Treads\n|-damage|p1a: Iron Treads|0 fnt\n|-unboost|p2a: Lopunny|def|1\n|-unboost|p2a: Lopunny|spd|1\n|faint|p1a: Iron Treads\n|-end|p1a: Iron Treads|Quark Drive|[silent]\n|\n|-heal|p2a: Lopunny|94/100|[from] Grassy Terrain\n|upkeep\n|\n|t:|1771192187\n|switch|p1a: Rillaboom|Rillaboom, M|30/100\n|turn|32\n|\n|t:|1771192196\n|switch|p2a: Mamoswine|Mamoswine, F|88/100\n|-damage|p2a: Mamoswine|76/100|[from] Stealth Rock\n|move|p1a: Rillaboom|Grassy Glide|p2a: Mamoswine\n|-supereffective|p2a: Mamoswine\n|-damage|p2a: Mamoswine|0 fnt\n|faint|p2a: Mamoswine\n|\n|-heal|p1a: Rillaboom|36/100|[from] Grassy Terrain\n|upkeep\n|\n|t:|1771192198\n|switch|p2a: Lopunny|Lopunny-Mega, F|94/100\n|-damage|p2a: Lopunny|88/100|[from] Stealth Rock\n|turn|33\n|\n|t:|1771192204\n|switch|p1a: Diancie|Diancie-Mega|91/100\n|move|p2a: Lopunny|Frustration|p1a: Diancie\n|-resisted|p1a: Diancie\n|-damage|p1a: Diancie|52/100\n|\n|-heal|p2a: Lopunny|94/100|[from] Grassy Terrain\n|-heal|p1a: Diancie|58/100|[from] Grassy Terrain\n|-fieldend|move: Grassy Terrain\n|upkeep\n|turn|34\n|\n|t:|1771192207\n|move|p2a: Lopunny|Close Combat|p1a: Diancie\n|-damage|p1a: Diancie|0 fnt\n|-unboost|p2a: Lopunny|def|1\n|-unboost|p2a: Lopunny|spd|1\n|faint|p1a: Diancie\n|detailschange|p1: Diancie|Diancie|[silent]\n|\n|upkeep\n|\n|t:|1771192210\n|switch|p1a: Rillaboom|Rillaboom, M|36/100\n|-fieldstart|move: Grassy Terrain|[from] ability: Grassy Surge|[of] p1a: Rillaboom\n|turn|35\n|\n|t:|1771192213\n|move|p1a: Rillaboom|Grassy Glide|p2a: Lopunny\n|-damage|p2a: Lopunny|0 fnt\n|faint|p2a: Lopunny\n|detailschange|p2: Lopunny|Lopunny, F|[silent]\n|\n|win|tpfire\n|raw|tpfire's rating: 1633 &rarr; <strong>1650</strong><br />(+17 for winning)\n|raw|czarek29's rating: 1589 &rarr; <strong>1572</strong><br />(-17 for losing)\n|l|☆czarek29\n|player|p2|\n|l|☆tpfire\n|player|p1|\n", "uploadtime": 1771192391, "views": 7, "formatid": "gen9nationaldex", "rating": 1572, "private": 0, "password": null}