{"id": "gen9nationaldex-2540619200", "format": "[Gen 9] National Dex", "players": ["secondchx", "Eatredbullking"], "log": "|j|☆secondchx\n|j|☆Eatredbullking\n|t:|1771228459\n|gametype|singles\n|player|p1|secondchx|iono|1613\n|player|p2|Eatredbullking|miku-flying|1570\n|gen|9\n|tier|[Gen 9] National Dex\n|rated|\n|rule|HP Percentage Mod: HP is shown in percentages\n|rule|Endless Battle Clause: Forcing endless battles is banned\n|rule|Species Clause: Limit one of each Pokémon\n|rule|OHKO Clause: OHKO moves are banned\n|rule|Evasion Clause: Evasion abilities, items, and moves are banned\n|rule|Evasion Abilities Clause: Evasion abilities are banned\n|rule|Evasion Items Clause: Evasion items are banned\n|rule|Evasion Moves Clause: Evasion moves are banned\n|rule|Sleep Clause Mod: Limit one foe put to sleep\n|rule|Terastal Clause: You cannot Terastallize\n|clearpoke\n|poke|p1|Great Tusk|\n|poke|p1|Terapagos, M|\n|poke|p1|Iron Crown|\n|poke|p1|Dragonite, M|\n|poke|p1|Scizor, M|\n|poke|p1|Ogerpon-Wellspring, F|\n|poke|p2|Hydreigon, M|\n|poke|p2|Tapu Lele|\n|poke|p2|Urshifu-*, M|\n|poke|p2|Gholdengo|\n|poke|p2|Toxapex, F|\n|poke|p2|Landorus-Therian, M|\n|teampreview\n|\n|t:|1771228482\n|teamsize|p1|6\n|teamsize|p2|6\n|start\n|switch|p1a: Scizor|Scizor, M|100/100\n|switch|p2a: Urshifu|Urshifu-Rapid-Strike, M|100/100\n|turn|1\n|\n|t:|1771228493\n|detailschange|p1a: Scizor|Scizor-Mega, M\n|-mega|p1a: Scizor|Scizor|Scizorite\n|move|p2a: Urshifu|Close Combat|p1a: Scizor\n|-damage|p1a: Scizor|56/100\n|-unboost|p2a: Urshifu|def|1\n|-unboost|p2a: Urshifu|spd|1\n|move|p1a: Scizor|U-turn|p2a: Urshifu\n|-resisted|p2a: Urshifu\n|-damage|p2a: Urshifu|70/100\n|inactive|Battle timer is ON: inactive players will automatically lose when time's up. (requested by Eatredbullking)\n|\n|t:|1771228503\n|switch|p1a: Ogerpon|Ogerpon-Wellspring, F|100/100|[from] U-turn\n|\n|upkeep\n|turn|2\n|\n|t:|1771228510\n|move|p1a: Ogerpon|Trailblaze|p2a: Urshifu\n|-supereffective|p2a: Urshifu\n|-damage|p2a: Urshifu|0 fnt\n|-boost|p1a: Ogerpon|spe|1\n|faint|p2a: Urshifu\n|\n|upkeep\n|\n|t:|1771228515\n|switch|p2a: Landorus|Landorus-Therian, M|100/100\n|-ability|p2a: Landorus|Intimidate|boost\n|-unboost|p1a: Ogerpon|atk|1\n|turn|3\n|\n|t:|1771228520\n|move|p1a: Ogerpon|Ivy Cudgel|p2a: Landorus|[anim] Ivy Cudgel Water\n|-supereffective|p2a: Landorus\n|-damage|p2a: Landorus|26/100\n|move|p2a: Landorus|U-turn|p1a: Ogerpon\n|-supereffective|p1a: Ogerpon\n|-damage|p1a: Ogerpon|42/100\n|\n|t:|1771228528\n|switch|p2a: Toxapex|Toxapex, F, shiny|100/100|[from] U-turn\n|\n|upkeep\n|turn|4\n|\n|t:|1771228542\n|switch|p1a: Iron Crown|Iron Crown|100/100\n|-enditem|p1a: Iron Crown|Booster Energy\n|-activate|p1a: Iron Crown|ability: Quark Drive|[fromitem]\n|-start|p1a: Iron Crown|quarkdrivespe\n|move|p2a: Toxapex|Haze|p2a: Toxapex\n|-clearallboost\n|\n|upkeep\n|turn|5\n|\n|t:|1771228551\n|switch|p2a: Hydreigon|Hydreigon, M|100/100\n|move|p1a: Iron Crown|Psychic Noise|p2a: Hydreigon\n|-immune|p2a: Hydreigon\n|\n|upkeep\n|turn|6\n|\n|t:|1771228563\n|move|p1a: Iron Crown|Focus Blast|p2a: Hydreigon|[miss]\n|-miss|p1a: Iron Crown|p2a: Hydreigon\n|move|p2a: Hydreigon|Dark Pulse|p1a: Iron Crown\n|-supereffective|p1a: Iron Crown\n|-damage|p1a: Iron Crown|0 fnt\n|faint|p1a: Iron Crown\n|-end|p1a: Iron Crown|Quark Drive|[silent]\n|\n|upkeep\n|\n|t:|1771228573\n|switch|p1a: Terapagos|Terapagos, M|100/100\n|-activate|p1a: Terapagos|ability: Tera Shift\n|detailschange|p1a: Terapagos|Terapagos-Terastal, M\n|-heal|p1a: Terapagos|100/100|[silent]\n|turn|7\n|\n|t:|1771228584\n|move|p2a: Hydreigon|Dark Pulse|p1a: Terapagos\n|-activate|p1a: Terapagos|ability: Tera Shell\n|-resisted|p1a: Terapagos\n|-damage|p1a: Terapagos|72/100\n|move|p1a: Terapagos|Rapid Spin|p2a: Hydreigon\n|-damage|p2a: Hydreigon|81/100\n|-boost|p1a: Terapagos|spe|1\n|\n|upkeep\n|turn|8\n|\n|t:|1771228593\n|move|p1a: Terapagos|Tera Starstorm|p2a: Hydreigon\n|-damage|p2a: Hydreigon|13/100\n|move|p2a: Hydreigon|Dark Pulse|p1a: Terapagos\n|-damage|p1a: Terapagos|11/100\n|\n|upkeep\n|turn|9\n|\n|t:|1771228603\n|switch|p2a: Landorus|Landorus-Therian, M|26/100\n|-ability|p2a: Landorus|Intimidate|boost\n|-unboost|p1a: Terapagos|atk|1\n|move|p1a: Terapagos|Rapid Spin|p2a: Landorus\n|-damage|p2a: Landorus|16/100\n|-boost|p1a: Terapagos|spe|1\n|-damage|p1a: Terapagos|0 fnt|[from] item: Rocky Helmet|[of] p2a: Landorus\n|faint|p1a: Terapagos\n|\n|upkeep\n|\n|t:|1771228620\n|switch|p1a: Great Tusk|Great Tusk|100/100\n|-enditem|p1a: Great Tusk|Booster Energy\n|-activate|p1a: Great Tusk|ability: Protosynthesis|[fromitem]\n|-start|p1a: Great Tusk|protosynthesisatk\n|turn|10\n|\n|t:|1771228629\n|switch|p2a: Gholdengo|Gholdengo|100/100\n|-item|p2a: Gholdengo|Air Balloon\n|move|p1a: Great Tusk|Ice Spinner|p2a: Gholdengo\n|-resisted|p2a: Gholdengo\n|-damage|p2a: Gholdengo|82/100\n|-enditem|p2a: Gholdengo|Air Balloon\n|\n|upkeep\n|turn|11\n|\n|t:|1771228642\n|switch|p2a: Landorus|Landorus-Therian, M|16/100\n|-ability|p2a: Landorus|Intimidate|boost\n|-unboost|p1a: Great Tusk|atk|1\n|move|p1a: Great Tusk|Headlong Rush|p2a: Landorus\n|-immune|p2a: Landorus\n|\n|upkeep\n|turn|12\n|\n|t:|1771228650\n|move|p1a: Great Tusk|Rapid Spin|p2a: Landorus\n|-damage|p2a: Landorus|0 fnt\n|-boost|p1a: Great Tusk|spe|1\n|-damage|p1a: Great Tusk|84/100|[from] item: Rocky Helmet|[of] p2a: Landorus\n|faint|p2a: Landorus\n|\n|upkeep\n|\n|t:|1771228657\n|switch|p2a: Tapu Lele|Tapu Lele, shiny|100/100\n|-fieldstart|move: Psychic Terrain|[from] ability: Psychic Surge|[of] p2a: Tapu Lele\n|turn|13\n|\n|t:|1771228664\n|move|p2a: Tapu Lele|Moonblast|p1a: Great Tusk\n|-supereffective|p1a: Great Tusk\n|-damage|p1a: Great Tusk|0 fnt\n|faint|p1a: Great Tusk\n|-end|p1a: Great Tusk|Protosynthesis|[silent]\n|\n|upkeep\n|\n|t:|1771228672\n|switch|p1a: Scizor|Scizor-Mega, M|56/100\n|turn|14\n|\n|t:|1771228677\n|switch|p2a: Toxapex|Toxapex, F, shiny|100/100\n|move|p1a: Scizor|U-turn|p2a: Toxapex\n|-resisted|p2a: Toxapex\n|-damage|p2a: Toxapex|84/100\n|-damage|p1a: Scizor|40/100|[from] item: Rocky Helmet|[of] p2a: Toxapex\n|\n|t:|1771228684\n|switch|p1a: Dragonite|Dragonite, M|100/100|[from] U-turn\n|\n|upkeep\n|turn|15\n|\n|t:|1771228694\n|move|p1a: Dragonite|Substitute|p1a: Dragonite\n|-start|p1a: Dragonite|Substitute\n|-damage|p1a: Dragonite|76/100\n|move|p2a: Toxapex|Toxic||[still]\n|-fail|p2a: Toxapex\n|\n|upkeep\n|turn|16\n|\n|t:|1771228712\n|move|p1a: Dragonite|Dragon Dance|p1a: Dragonite\n|-boost|p1a: Dragonite|atk|1\n|-boost|p1a: Dragonite|spe|1\n|move|p2a: Toxapex|Haze|p2a: Toxapex\n|-clearallboost\n|\n|upkeep\n|turn|17\n|\n|t:|1771228719\n|move|p1a: Dragonite|Dragon Dance|p1a: Dragonite\n|-boost|p1a: Dragonite|atk|1\n|-boost|p1a: Dragonite|spe|1\n|move|p2a: Toxapex|Haze|p2a: Toxapex\n|-clearallboost\n|\n|-fieldend|move: Psychic Terrain\n|upkeep\n|turn|18\n|\n|t:|1771228728\n|move|p1a: Dragonite|Earthquake|p2a: Toxapex\n|-supereffective|p2a: Toxapex\n|-damage|p2a: Toxapex|27/100\n|move|p2a: Toxapex|Haze|p2a: Toxapex\n|-clearallboost\n|\n|upkeep\n|turn|19\n|\n|t:|1771228736\n|move|p1a: Dragonite|Dragon Dance|p1a: Dragonite\n|-boost|p1a: Dragonite|atk|1\n|-boost|p1a: Dragonite|spe|1\n|move|p2a: Toxapex|Haze|p2a: Toxapex\n|-clearallboost\n|\n|upkeep\n|turn|20\n|\n|t:|1771228745\n|move|p1a: Dragonite|Earthquake|p2a: Toxapex\n|-supereffective|p2a: Toxapex\n|-damage|p2a: Toxapex|0 fnt\n|faint|p2a: Toxapex\n|\n|upkeep\n|\n|t:|1771228747\n|switch|p2a: Hydreigon|Hydreigon, M|13/100\n|turn|21\n|\n|t:|1771228764\n|move|p2a: Hydreigon|Draco Meteor|p1a: Dragonite\n|-supereffective|p1a: Dragonite\n|-end|p1a: Dragonite|Substitute\n|-unboost|p2a: Hydreigon|spa|2\n|move|p1a: Dragonite|Dragon Dance|p1a: Dragonite\n|-boost|p1a: Dragonite|atk|1\n|-boost|p1a: Dragonite|spe|1\n|\n|upkeep\n|turn|22\n|\n|t:|1771228773\n|move|p1a: Dragonite|Substitute|p1a: Dragonite\n|-start|p1a: Dragonite|Substitute\n|-damage|p1a: Dragonite|51/100\n|move|p2a: Hydreigon|Draco Meteor|p1a: Dragonite\n|-supereffective|p1a: Dragonite\n|-end|p1a: Dragonite|Substitute\n|-unboost|p2a: Hydreigon|spa|2\n|\n|upkeep\n|turn|23\n|\n|t:|1771228781\n|move|p1a: Dragonite|Substitute|p1a: Dragonite\n|-start|p1a: Dragonite|Substitute\n|-damage|p1a: Dragonite|26/100\n|move|p2a: Hydreigon|Draco Meteor|p1a: Dragonite\n|-supereffective|p1a: Dragonite\n|-end|p1a: Dragonite|Substitute\n|-unboost|p2a: Hydreigon|spa|2\n|\n|upkeep\n|turn|24\n|\n|t:|1771228789\n|move|p1a: Dragonite|Substitute|p1a: Dragonite\n|-start|p1a: Dragonite|Substitute\n|-damage|p1a: Dragonite|1/100\n|move|p2a: Hydreigon|Draco Meteor|p1a: Dragonite\n|-supereffective|p1a: Dragonite\n|-end|p1a: Dragonite|Substitute\n|\n|upkeep\n|turn|25\n|\n|t:|1771228800\n|move|p1a: Dragonite|Dual Wingbeat|p2a: Hydreigon\n|-damage|p2a: Hydreigon|0 fnt\n|faint|p2a: Hydreigon\n|-hitcount|p2: Hydreigon|1\n|\n|upkeep\n|\n|t:|1771228803\n|switch|p2a: Tapu Lele|Tapu Lele, shiny|100/100\n|-fieldstart|move: Psychic Terrain|[from] ability: Psychic Surge|[of] p2a: Tapu Lele\n|turn|26\n|\n|t:|1771228810\n|move|p2a: Tapu Lele|Psychic|p1a: Dragonite\n|-damage|p1a: Dragonite|0 fnt\n|faint|p1a: Dragonite\n|\n|upkeep\n|\n|t:|1771228825\n|switch|p1a: Scizor|Scizor-Mega, M|40/100\n|turn|27\n|\n|t:|1771228829\n|move|p2a: Tapu Lele|Psychic|p1a: Scizor\n|-resisted|p1a: Scizor\n|-damage|p1a: Scizor|9/100\n|move|p1a: Scizor|U-turn|p2a: Tapu Lele\n|-damage|p2a: Tapu Lele|32/100\n|\n|t:|1771228834\n|switch|p1a: Ogerpon|Ogerpon-Wellspring, F|42/100|[from] U-turn\n|\n|upkeep\n|turn|28\n|\n|t:|1771228857\n|move|p2a: Tapu Lele|Psychic|p1a: Ogerpon\n|-damage|p1a: Ogerpon|0 fnt\n|faint|p1a: Ogerpon\n|\n|upkeep\n|\n|t:|1771228861\n|switch|p1a: Scizor|Scizor-Mega, M|9/100\n|turn|29\n|\n|t:|1771228865\n|move|p2a: Tapu Lele|Psychic|p1a: Scizor\n|-resisted|p1a: Scizor\n|-damage|p1a: Scizor|0 fnt\n|faint|p1a: Scizor\n|detailschange|p1: Scizor|Scizor, M|[silent]\n|\n|win|Eatredbullking\n|raw|secondchx's rating: 1613 &rarr; <strong>1591</strong><br />(-22 for losing)\n|raw|Eatredbullking's rating: 1570 &rarr; <strong>1592</strong><br />(+22 for winning)\n|l|☆secondchx\n|player|p1|\n|l|☆Eatredbullking\n|player|p2|\n", "uploadtime": 1771229031, "views": 9, "formatid": "gen9nationaldex", "rating": 1591, "private": 0, "password": null}