{"id": "gen9nationaldex-2540521898", "format": "[Gen 9] National Dex", "players": ["secondchx", "fosts"], "log": "|j|☆secondchx\n|j|☆fosts\n|t:|1771212615\n|gametype|singles\n|player|p1|secondchx|iono|1580\n|player|p2|fosts|hilbert-masters|1583\n|gen|9\n|tier|[Gen 9] National Dex\n|rated|\n|rule|HP Percentage Mod: HP is shown in percentages\n|rule|Endless Battle Clause: Forcing endless battles is banned\n|rule|Species Clause: Limit one of each Pokémon\n|rule|OHKO Clause: OHKO moves are banned\n|rule|Evasion Clause: Evasion abilities, items, and moves are banned\n|rule|Evasion Abilities Clause: Evasion abilities are banned\n|rule|Evasion Items Clause: Evasion items are banned\n|rule|Evasion Moves Clause: Evasion moves are banned\n|rule|Sleep Clause Mod: Limit one foe put to sleep\n|rule|Terastal Clause: You cannot Terastallize\n|clearpoke\n|poke|p1|Great Tusk|\n|poke|p1|Terapagos, M|\n|poke|p1|Iron Crown|\n|poke|p1|Dragonite, M|\n|poke|p1|Scizor, F|\n|poke|p1|Ogerpon-Wellspring, F|\n|poke|p2|Torkoal, M|\n|poke|p2|Blaziken, F|\n|poke|p2|Blacephalon|\n|poke|p2|Darmanitan, M|\n|poke|p2|Raging Bolt|\n|poke|p2|Zapdos|\n|teampreview\n|inactive|Battle timer is ON: inactive players will automatically lose when time's up. (requested by fosts)\n|\n|t:|1771212639\n|teamsize|p1|6\n|teamsize|p2|6\n|start\n|switch|p1a: Terapagos|Terapagos, M|100/100\n|switch|p2a: Cluck Norris|Blaziken, F|100/100\n|-activate|p1a: Terapagos|ability: Tera Shift\n|detailschange|p1a: Terapagos|Terapagos-Terastal, M\n|-heal|p1a: Terapagos|100/100|[silent]\n|turn|1\n|\n|t:|1771212648\n|switch|p2a: John Henry|Torkoal, M|100/100\n|-weather|SunnyDay|[from] ability: Drought|[of] p2a: John Henry\n|move|p1a: Terapagos|Rapid Spin|p2a: John Henry\n|-damage|p2a: John Henry|89/100\n|-boost|p1a: Terapagos|spe|1\n|\n|-weather|SunnyDay|[upkeep]\n|upkeep\n|turn|2\n|\n|t:|1771212658\n|move|p1a: Terapagos|Tera Starstorm|p2a: John Henry\n|-damage|p2a: John Henry|18/100\n|move|p2a: John Henry|Stealth Rock|p1a: Terapagos\n|-sidestart|p1: secondchx|move: Stealth Rock\n|\n|-weather|SunnyDay|[upkeep]\n|upkeep\n|turn|3\n|\n|t:|1771212673\n|switch|p2a: Old Carpet|Zapdos|100/100\n|move|p1a: Terapagos|Stealth Rock|p2a: Old Carpet\n|-sidestart|p2: fosts|move: Stealth Rock\n|\n|-weather|SunnyDay|[upkeep]\n|upkeep\n|turn|4\n|\n|t:|1771212680\n|move|p1a: Terapagos|Tera Starstorm|p2a: Old Carpet\n|-damage|p2a: Old Carpet|39/100\n|move|p2a: Old Carpet|Discharge|p1a: Terapagos\n|-activate|p1a: Terapagos|ability: Tera Shell\n|-resisted|p1a: Terapagos\n|-damage|p1a: Terapagos|81/100\n|\n|-weather|SunnyDay|[upkeep]\n|upkeep\n|turn|5\n|\n|t:|1771212690\n|move|p1a: Terapagos|Tera Starstorm|p2a: Old Carpet\n|-damage|p2a: Old Carpet|0 fnt\n|faint|p2a: Old Carpet\n|\n|-weather|SunnyDay|[upkeep]\n|upkeep\n|\n|t:|1771212700\n|switch|p2a: Kamikaze|Darmanitan, M|100/100\n|-damage|p2a: Kamikaze|75/100|[from] Stealth Rock\n|turn|6\n|\n|t:|1771212707\n|move|p1a: Terapagos|Tera Starstorm|p2a: Kamikaze\n|-crit|p2a: Kamikaze\n|-damage|p2a: Kamikaze|0 fnt\n|faint|p2a: Kamikaze\n|\n|-weather|SunnyDay|[upkeep]\n|upkeep\n|\n|t:|1771212712\n|switch|p2a: Happy Bolt|Raging Bolt|100/100\n|-damage|p2a: Happy Bolt|88/100|[from] Stealth Rock\n|-activate|p2a: Happy Bolt|ability: Protosynthesis\n|-start|p2a: Happy Bolt|protosynthesisspa\n|turn|7\n|\n|t:|1771212734\n|move|p1a: Terapagos|Tera Starstorm|p2a: Happy Bolt\n|-damage|p2a: Happy Bolt|48/100\n|move|p2a: Happy Bolt|Weather Ball|p1a: Terapagos\n|-damage|p1a: Terapagos|12/100\n|\n|-weather|SunnyDay|[upkeep]\n|upkeep\n|turn|8\n|inactive|fosts has 120 seconds left.\n|\n|t:|1771212770\n|move|p1a: Terapagos|Tera Starstorm|p2a: Happy Bolt\n|-damage|p2a: Happy Bolt|8/100\n|move|p2a: Happy Bolt|Weather Ball|p1a: Terapagos\n|-damage|p1a: Terapagos|0 fnt\n|faint|p1a: Terapagos\n|\n|-weather|none\n|-end|p2a: Happy Bolt|Protosynthesis\n|upkeep\n|inactive|secondchx has 120 seconds left.\n|\n|t:|1771212785\n|switch|p1a: Great Tusk|Great Tusk|100/100\n|-damage|p1a: Great Tusk|98/100|[from] Stealth Rock\n|-enditem|p1a: Great Tusk|Booster Energy\n|-activate|p1a: Great Tusk|ability: Protosynthesis|[fromitem]\n|-start|p1a: Great Tusk|protosynthesisatk\n|turn|9\n|inactive|secondchx has 120 seconds left.\n|\n|t:|1771212792\n|-end|p2a: Happy Bolt|Protosynthesis|[silent]\n|switch|p2a: John Henry|Torkoal, M|18/100\n|-damage|p2a: John Henry|0 fnt|[from] Stealth Rock\n|faint|p2a: John Henry\n|move|p1a: Great Tusk|Rapid Spin|p2: John Henry|[notarget]\n|-fail|p1a: Great Tusk\n|\n|upkeep\n|\n|t:|1771212795\n|switch|p2a: Cluck Norris|Blaziken, F|100/100\n|-damage|p2a: Cluck Norris|88/100|[from] Stealth Rock\n|turn|10\n|\n|t:|1771212802\n|move|p2a: Cluck Norris|Protect|p2a: Cluck Norris\n|-singleturn|p2a: Cluck Norris|Protect\n|move|p1a: Great Tusk|Rapid Spin|p2a: Cluck Norris\n|-activate|p2a: Cluck Norris|move: Protect\n|\n|-ability|p2a: Cluck Norris|Speed Boost|boost\n|-boost|p2a: Cluck Norris|spe|1\n|upkeep\n|turn|11\n|\n|t:|1771212810\n|-zpower|p2a: Cluck Norris\n|move|p2a: Cluck Norris|Z-Mirror Move|p1a: Great Tusk|[anim]Mirror Move\n|-boost|p2a: Cluck Norris|atk|2|[zeffect]\n|move|p2a: Cluck Norris|Breakneck Blitz|p1a: Great Tusk|[from] move: Mirror Move\n|-damage|p1a: Great Tusk|45/100\n|move|p1a: Great Tusk|Headlong Rush|p2a: Cluck Norris\n|-supereffective|p2a: Cluck Norris\n|-damage|p2a: Cluck Norris|0 fnt\n|-unboost|p1a: Great Tusk|def|1\n|-unboost|p1a: Great Tusk|spd|1\n|faint|p2a: Cluck Norris\n|\n|upkeep\n|\n|t:|1771212814\n|switch|p2a: Party Popper|Blacephalon, shiny|100/100\n|-damage|p2a: Party Popper|75/100|[from] Stealth Rock\n|turn|12\n|\n|t:|1771212828\n|move|p2a: Party Popper|Shadow Ball|p1a: Great Tusk\n|-damage|p1a: Great Tusk|0 fnt\n|faint|p1a: Great Tusk\n|-end|p1a: Great Tusk|Protosynthesis|[silent]\n|-ability|p2a: Party Popper|Beast Boost|boost\n|-boost|p2a: Party Popper|spa|1\n|\n|upkeep\n|\n|t:|1771212836\n|switch|p1a: Ogerpon|Ogerpon-Wellspring, F|100/100\n|-damage|p1a: Ogerpon|88/100|[from] Stealth Rock\n|turn|13\n|\n|t:|1771212848\n|move|p2a: Party Popper|Shadow Ball|p1a: Ogerpon\n|-damage|p1a: Ogerpon|5/100\n|move|p1a: Ogerpon|Ivy Cudgel|p2a: Party Popper|[anim] Ivy Cudgel Water\n|-supereffective|p2a: Party Popper\n|-damage|p2a: Party Popper|0 fnt\n|faint|p2a: Party Popper\n|\n|upkeep\n|-message|fosts forfeited.\n|\n|win|secondchx\n|raw|secondchx's rating: 1580 &rarr; <strong>1600</strong><br />(+20 for winning)\n|raw|fosts's rating: 1583 &rarr; <strong>1563</strong><br />(-20 for losing)\n|l|☆fosts\n|player|p2|\n|l|☆secondchx\n|player|p1|\n", "uploadtime": 1771213075, "views": 5, "formatid": "gen9nationaldex", "rating": 1563, "private": 0, "password": null}