{"id": "gen9nationaldex-2540718166", "format": "[Gen 9] National Dex", "players": ["sg pokemon", "n!ce ct"], "log": "|j|☆sg pokemon\n|j|☆n!ce ct\n|t:|1771245232\n|gametype|singles\n|player|p1|sg pokemon|depotagent|1718\n|player|p2|n!ce ct|emma-lza|1621\n|gen|9\n|tier|[Gen 9] National Dex\n|rated|\n|rule|HP Percentage Mod: HP is shown in percentages\n|rule|Endless Battle Clause: Forcing endless battles is banned\n|rule|Species Clause: Limit one of each Pokémon\n|rule|OHKO Clause: OHKO moves are banned\n|rule|Evasion Clause: Evasion abilities, items, and moves are banned\n|rule|Evasion Abilities Clause: Evasion abilities are banned\n|rule|Evasion Items Clause: Evasion items are banned\n|rule|Evasion Moves Clause: Evasion moves are banned\n|rule|Sleep Clause Mod: Limit one foe put to sleep\n|rule|Terastal Clause: You cannot Terastallize\n|clearpoke\n|poke|p1|Slowking-Galar, F|\n|poke|p1|Arctozolt|\n|poke|p1|Terapagos, M|\n|poke|p1|Landorus-Therian, M|\n|poke|p1|Tapu Lele|\n|poke|p1|Gyarados, F|\n|poke|p2|Tapu Fini|\n|poke|p2|Slowbro-Galar, F|\n|poke|p2|Zapdos|\n|poke|p2|Ting-Lu|\n|poke|p2|Zamazenta-*|\n|poke|p2|Victini|\n|teampreview\n|inactive|Battle timer is ON: inactive players will automatically lose when time's up. (requested by sg pokemon)\n|\n|t:|1771245262\n|teamsize|p1|6\n|teamsize|p2|6\n|start\n|switch|p1a: Landorus|Landorus-Therian, M|100/100\n|switch|p2a: Tapu Fini|Tapu Fini|100/100\n|-ability|p1a: Landorus|Intimidate|boost\n|-unboost|p2a: Tapu Fini|atk|1\n|-fieldstart|move: Misty Terrain|[from] ability: Misty Surge|[of] p2a: Tapu Fini\n|turn|1\n|\n|t:|1771245272\n|move|p1a: Landorus|U-turn|p2a: Tapu Fini\n|-resisted|p2a: Tapu Fini\n|-damage|p2a: Tapu Fini|92/100\n|\n|t:|1771245275\n|switch|p1a: Slowking|Slowking-Galar, F|100/100|[from] U-turn\n|move|p2a: Tapu Fini|Calm Mind|p2a: Tapu Fini\n|-boost|p2a: Tapu Fini|spa|1\n|-boost|p2a: Tapu Fini|spd|1\n|\n|-heal|p2a: Tapu Fini|98/100|[from] item: Leftovers\n|upkeep\n|turn|2\n|\n|t:|1771245283\n|switch|p2a: Ting-Lu|Ting-Lu|100/100\n|-ability|p2a: Ting-Lu|Vessel of Ruin\n|move|p1a: Slowking|Sludge Bomb|p2a: Ting-Lu\n|-resisted|p2a: Ting-Lu\n|-damage|p2a: Ting-Lu|94/100\n|\n|-heal|p2a: Ting-Lu|99/100|[from] item: Leftovers\n|upkeep\n|turn|3\n|\n|t:|1771245292\n|switch|p1a: Landorus|Landorus-Therian, M|100/100\n|-ability|p1a: Landorus|Intimidate|boost\n|-unboost|p2a: Ting-Lu|atk|1\n|move|p2a: Ting-Lu|Earthquake|p1a: Landorus\n|-immune|p1a: Landorus\n|\n|-heal|p2a: Ting-Lu|100/100|[from] item: Leftovers\n|upkeep\n|turn|4\n|\n|t:|1771245300\n|move|p1a: Landorus|Taunt|p2a: Ting-Lu\n|-start|p2a: Ting-Lu|move: Taunt\n|cant|p2a: Ting-Lu|move: Taunt|Stealth Rock\n|\n|upkeep\n|turn|5\n|\n|t:|1771245307\n|switch|p2a: Tapu Fini|Tapu Fini|98/100\n|move|p1a: Landorus|Stealth Rock|p2a: Tapu Fini\n|-sidestart|p2: n!ce ct|move: Stealth Rock\n|\n|-heal|p2a: Tapu Fini|100/100|[from] item: Leftovers\n|-fieldend|Misty Terrain\n|upkeep\n|turn|6\n|\n|t:|1771245315\n|move|p1a: Landorus|U-turn|p2a: Tapu Fini\n|-resisted|p2a: Tapu Fini\n|-damage|p2a: Tapu Fini|92/100\n|\n|t:|1771245318\n|switch|p1a: Slowking|Slowking-Galar, F|100/100|[from] U-turn\n|move|p2a: Tapu Fini|Surf|p1a: Slowking\n|-damage|p1a: Slowking|81/100\n|\n|-heal|p2a: Tapu Fini|98/100|[from] item: Leftovers\n|upkeep\n|turn|7\n|\n|t:|1771245325\n|switch|p2a: Ting-Lu|Ting-Lu|100/100\n|-damage|p2a: Ting-Lu|94/100|[from] Stealth Rock\n|-ability|p2a: Ting-Lu|Vessel of Ruin\n|-prepare|p1a: Slowking|Chilly Reception|[premajor]\n|move|p1a: Slowking|Chilly Reception|p1a: Slowking\n|-weather|Snowscape\n|\n|t:|1771245333\n|switch|p1a: Arctozolt|Arctozolt|100/100|[from] Chilly Reception\n|\n|-weather|Snowscape|[upkeep]\n|-heal|p2a: Ting-Lu|100/100|[from] item: Leftovers\n|upkeep\n|turn|8\n|\n|t:|1771245346\n|move|p1a: Arctozolt|Icicle Spear|p2a: Ting-Lu\n|-supereffective|p2a: Ting-Lu\n|-damage|p2a: Ting-Lu|88/100\n|-supereffective|p2a: Ting-Lu\n|-damage|p2a: Ting-Lu|74/100\n|-supereffective|p2a: Ting-Lu\n|-damage|p2a: Ting-Lu|62/100\n|-supereffective|p2a: Ting-Lu\n|-crit|p2a: Ting-Lu\n|-damage|p2a: Ting-Lu|43/100\n|-hitcount|p2a: Ting-Lu|4\n|move|p2a: Ting-Lu|Earthquake|p1a: Arctozolt\n|-supereffective|p1a: Arctozolt\n|-damage|p1a: Arctozolt|48/100\n|\n|-weather|Snowscape|[upkeep]\n|-heal|p2a: Ting-Lu|50/100|[from] item: Leftovers\n|upkeep\n|turn|9\n|j| jjznb2\n|\n|t:|1771245359\n|move|p1a: Arctozolt|Icicle Spear|p2a: Ting-Lu\n|-supereffective|p2a: Ting-Lu\n|-damage|p2a: Ting-Lu|37/100\n|-supereffective|p2a: Ting-Lu\n|-damage|p2a: Ting-Lu|26/100\n|-supereffective|p2a: Ting-Lu\n|-damage|p2a: Ting-Lu|13/100\n|-supereffective|p2a: Ting-Lu\n|-damage|p2a: Ting-Lu|2/100\n|-supereffective|p2a: Ting-Lu\n|-damage|p2a: Ting-Lu|0 fnt\n|faint|p2a: Ting-Lu\n|-hitcount|p2: Ting-Lu|5\n|\n|-weather|Snowscape|[upkeep]\n|upkeep\n|\n|t:|1771245366\n|switch|p2a: Zamazenta|Zamazenta|100/100\n|-damage|p2a: Zamazenta|94/100|[from] Stealth Rock\n|-ability|p2a: Zamazenta|Dauntless Shield|boost\n|-boost|p2a: Zamazenta|def|1\n|turn|10\n|\n|t:|1771245380\n|switch|p1a: Landorus|Landorus-Therian, M|100/100\n|-ability|p1a: Landorus|Intimidate|boost\n|-unboost|p2a: Zamazenta|atk|1\n|switch|p2a: Tapu Fini|Tapu Fini|98/100\n|-damage|p2a: Tapu Fini|86/100|[from] Stealth Rock\n|-fieldstart|move: Misty Terrain|[from] ability: Misty Surge|[of] p2a: Tapu Fini\n|\n|-weather|Snowscape|[upkeep]\n|-heal|p2a: Tapu Fini|92/100|[from] item: Leftovers\n|upkeep\n|turn|11\n|\n|t:|1771245391\n|move|p1a: Landorus|U-turn|p2a: Tapu Fini\n|-resisted|p2a: Tapu Fini\n|-damage|p2a: Tapu Fini|84/100\n|\n|t:|1771245394\n|switch|p1a: Arctozolt|Arctozolt|48/100|[from] U-turn\n|move|p2a: Tapu Fini|Calm Mind|p2a: Tapu Fini\n|-boost|p2a: Tapu Fini|spa|1\n|-boost|p2a: Tapu Fini|spd|1\n|\n|-weather|Snowscape|[upkeep]\n|-heal|p2a: Tapu Fini|90/100|[from] item: Leftovers\n|upkeep\n|turn|12\n|\n|t:|1771245403\n|switch|p2a: Zapdos|Zapdos|100/100\n|move|p1a: Arctozolt|Bolt Beak|p2a: Zapdos\n|-damage|p2a: Zapdos|50/100\n|\n|-weather|Snowscape|[upkeep]\n|upkeep\n|turn|13\n|-message|n!ce ct forfeited.\n|\n|win|sg pokemon\n|raw|sg pokemon's rating: 1718 &rarr; <strong>1733</strong><br />(+15 for winning)\n|raw|n!ce ct's rating: 1621 &rarr; <strong>1606</strong><br />(-15 for losing)\n|l|☆n!ce ct\n|player|p2|\n|j| medasus\n|l| medasus\n|l|☆sg pokemon\n|player|p1|\n|j| trufs\n|l| trufs\n", "uploadtime": 1771245412, "views": 12, "formatid": "gen9nationaldex", "rating": 1606, "private": 0, "password": null}