{"id": "gen9nationaldex-2540876221", "format": "[Gen 9] National Dex", "players": ["he898", "Yaoshi"], "log": "|j|☆he898\n|j|☆Yaoshi\n|t:|1771263005\n|gametype|singles\n|player|p1|he898|ghetsis-gen5bw|1601\n|player|p2|Yaoshi|silver-masters|1663\n|gen|9\n|tier|[Gen 9] National Dex\n|rated|\n|rule|HP Percentage Mod: HP is shown in percentages\n|rule|Endless Battle Clause: Forcing endless battles is banned\n|rule|Species Clause: Limit one of each Pokémon\n|rule|OHKO Clause: OHKO moves are banned\n|rule|Evasion Clause: Evasion abilities, items, and moves are banned\n|rule|Evasion Abilities Clause: Evasion abilities are banned\n|rule|Evasion Items Clause: Evasion items are banned\n|rule|Evasion Moves Clause: Evasion moves are banned\n|rule|Sleep Clause Mod: Limit one foe put to sleep\n|rule|Terastal Clause: You cannot Terastallize\n|clearpoke\n|poke|p1|Gyarados, M|\n|poke|p1|Dragonite, M|\n|poke|p1|Iron Treads|\n|poke|p1|Okidogi, M|\n|poke|p1|Ceruledge, M|\n|poke|p1|Serperior, M|\n|poke|p2|Landorus-Therian, M|\n|poke|p2|Banette, F|\n|poke|p2|Mew|\n|poke|p2|Melmetal|\n|poke|p2|Kyurem|\n|poke|p2|Alomomola, F|\n|teampreview\n|inactive|Battle timer is ON: inactive players will automatically lose when time's up. (requested by Yaoshi)\n|\n|t:|1771263018\n|teamsize|p1|6\n|teamsize|p2|6\n|start\n|switch|p1a: Serperior|Serperior, M|100/100\n|switch|p2a: Landorus|Landorus-Therian, M, shiny|100/100\n|-ability|p2a: Landorus|Intimidate|boost\n|-boost|p1a: Serperior|atk|1\n|turn|1\n|\n|t:|1771263034\n|move|p2a: Landorus|U-turn|p1a: Serperior\n|-supereffective|p1a: Serperior\n|-damage|p1a: Serperior|39/100\n|\n|t:|1771263038\n|switch|p2a: Melmetal|Melmetal, shiny|100/100|[from] U-turn\n|move|p1a: Serperior|Glare|p2a: Melmetal\n|-status|p2a: Melmetal|par\n|\n|-heal|p1a: Serperior|45/100|[from] item: Leftovers\n|upkeep\n|turn|2\n|\n|t:|1771263051\n|switch|p1a: Iron Treads|Iron Treads|100/100\n|move|p2a: Melmetal|Double Iron Bash|p1a: Iron Treads\n|-resisted|p1a: Iron Treads\n|-damage|p1a: Iron Treads|80/100\n|-resisted|p1a: Iron Treads\n|-damage|p1a: Iron Treads|60/100\n|-hitcount|p1a: Iron Treads|2\n|\n|upkeep\n|turn|3\n|\n|t:|1771263069\n|switch|p2a: Alomomola|Alomomola, F|100/100\n|move|p1a: Iron Treads|Stealth Rock|p2a: Alomomola\n|-sidestart|p2: Yaoshi|move: Stealth Rock\n|\n|upkeep\n|turn|4\n|inactive|he898 has 120 seconds left.\n|\n|t:|1771263111\n|-end|p1a: Iron Treads|Quark Drive|[silent]\n|switch|p1a: Serperior|Serperior, M|45/100\n|move|p2a: Alomomola|Flip Turn|p1a: Serperior\n|-resisted|p1a: Serperior\n|-damage|p1a: Serperior|36/100\n|\n|t:|1771263117\n|switch|p2a: Landorus|Landorus-Therian, M, shiny|100/100|[from] Flip Turn\n|-damage|p2a: Landorus|88/100|[from] Stealth Rock\n|-ability|p2a: Landorus|Intimidate|boost\n|-boost|p1a: Serperior|atk|1\n|\n|-heal|p1a: Serperior|42/100|[from] item: Leftovers\n|upkeep\n|turn|5\n|inactive|he898 has 120 seconds left.\n|\n|t:|1771263125\n|move|p2a: Landorus|U-turn|p1a: Serperior\n|-supereffective|p1a: Serperior\n|-crit|p1a: Serperior\n|-damage|p1a: Serperior|0 fnt\n|faint|p1a: Serperior\n|\n|t:|1771263131\n|switch|p2a: Alomomola|Alomomola, F|100/100|[from] U-turn\n|-damage|p2a: Alomomola|88/100|[from] Stealth Rock\n|\n|upkeep\n|\n|t:|1771263138\n|switch|p1a: Okidogi|Okidogi, M|100/100\n|turn|6\n|\n|t:|1771263142\n|move|p1a: Okidogi|Bulk Up|p1a: Okidogi\n|-boost|p1a: Okidogi|atk|1\n|-boost|p1a: Okidogi|def|1\n|move|p2a: Alomomola|Flip Turn|p1a: Okidogi\n|-damage|p1a: Okidogi|92/100\n|\n|t:|1771263148\n|switch|p2a: Banette|Banette, F|100/100|[from] Flip Turn\n|-damage|p2a: Banette|88/100|[from] Stealth Rock\n|-item|p1a: Okidogi|Black Sludge|[from] ability: Frisk|[of] p2a: Banette\n|\n|-heal|p1a: Okidogi|98/100|[from] item: Black Sludge\n|upkeep\n|turn|7\n|\n|t:|1771263156\n|switch|p1a: Ceruledge|Ceruledge, M|100/100\n|detailschange|p2a: Banette|Banette-Mega, F\n|-mega|p2a: Banette|Banette|Banettite\n|move|p2a: Banette|Will-O-Wisp|p1a: Ceruledge\n|-immune|p1a: Ceruledge\n|\n|upkeep\n|turn|8\n|\n|t:|1771263166\n|switch|p2a: Landorus|Landorus-Therian, M, shiny|88/100\n|-damage|p2a: Landorus|76/100|[from] Stealth Rock\n|-ability|p2a: Landorus|Intimidate|boost\n|-unboost|p1a: Ceruledge|atk|1\n|move|p1a: Ceruledge|Poltergeist|p2a: Landorus\n|-activate|p2a: Landorus|move: Poltergeist|Choice Scarf\n|-damage|p2a: Landorus|31/100\n|\n|upkeep\n|turn|9\n|\n|t:|1771263176\n|switch|p1a: Gyarados|Gyarados, M|100/100\n|-ability|p1a: Gyarados|Intimidate|boost\n|-unboost|p2a: Landorus|atk|1\n|move|p2a: Landorus|Earthquake|p1a: Gyarados\n|-immune|p1a: Gyarados\n|\n|upkeep\n|turn|10\n|\n|t:|1771263181\n|switch|p2a: Alomomola|Alomomola, F|100/100\n|-damage|p2a: Alomomola|88/100|[from] Stealth Rock\n|move|p1a: Gyarados|Dragon Dance|p1a: Gyarados\n|-boost|p1a: Gyarados|atk|1\n|-boost|p1a: Gyarados|spe|1\n|\n|upkeep\n|turn|11\n|\n|t:|1771263187\n|detailschange|p1a: Gyarados|Gyarados-Mega, M\n|-mega|p1a: Gyarados|Gyarados|Gyaradosite\n|-ability|p1a: Gyarados|Mold Breaker\n|move|p1a: Gyarados|Crunch|p2a: Alomomola\n|-damage|p2a: Alomomola|48/100\n|-damage|p1a: Gyarados|84/100|[from] item: Rocky Helmet|[of] p2a: Alomomola\n|move|p2a: Alomomola|Flip Turn|p1a: Gyarados\n|-resisted|p1a: Gyarados\n|-damage|p1a: Gyarados|76/100\n|\n|t:|1771263196\n|switch|p2a: Kyurem|Kyurem|100/100|[from] Flip Turn\n|-damage|p2a: Kyurem|76/100|[from] Stealth Rock\n|-ability|p2a: Kyurem|Pressure\n|\n|upkeep\n|turn|12\n|\n|t:|1771263200\n|move|p1a: Gyarados|Crunch|p2a: Kyurem\n|-damage|p2a: Kyurem|3/100\n|move|p2a: Kyurem|Freeze-Dry|p1a: Gyarados\n|-supereffective|p1a: Gyarados\n|-damage|p1a: Gyarados|0 fnt\n|faint|p1a: Gyarados\n|detailschange|p1: Gyarados|Gyarados, M|[silent]\n|\n|upkeep\n|\n|t:|1771263207\n|switch|p1a: Ceruledge|Ceruledge, M|100/100\n|turn|13\n|\n|t:|1771263210\n|switch|p2a: Alomomola|Alomomola, F|81/100\n|-damage|p2a: Alomomola|68/100|[from] Stealth Rock\n|move|p1a: Ceruledge|Shadow Sneak|p2a: Alomomola\n|-damage|p2a: Alomomola|57/100\n|-damage|p1a: Ceruledge|84/100|[from] item: Rocky Helmet|[of] p2a: Alomomola\n|\n|upkeep\n|turn|14\n|\n|t:|1771263216\n|move|p1a: Ceruledge|Swords Dance|p1a: Ceruledge\n|-boost|p1a: Ceruledge|atk|2\n|move|p2a: Alomomola|Wish|p2a: Alomomola\n|\n|upkeep\n|turn|15\n|\n|t:|1771263218\n|move|p2a: Alomomola|Protect|p2a: Alomomola\n|-singleturn|p2a: Alomomola|Protect\n|move|p1a: Ceruledge|Poltergeist|p2a: Alomomola\n|-activate|p2a: Alomomola|move: Protect\n|\n|-heal|p2a: Alomomola|100/100|[from] move: Wish|[wisher] Alomomola\n|upkeep\n|turn|16\n|\n|t:|1771263220\n|move|p1a: Ceruledge|Poltergeist|p2a: Alomomola\n|-activate|p2a: Alomomola|move: Poltergeist|Rocky Helmet\n|-damage|p2a: Alomomola|36/100\n|move|p2a: Alomomola|Scald|p1a: Ceruledge\n|-supereffective|p1a: Ceruledge\n|-damage|p1a: Ceruledge|50/100\n|\n|upkeep\n|turn|17\n|\n|t:|1771263227\n|move|p1a: Ceruledge|Poltergeist|p2a: Alomomola\n|-activate|p2a: Alomomola|move: Poltergeist|Rocky Helmet\n|-damage|p2a: Alomomola|0 fnt\n|faint|p2a: Alomomola\n|\n|upkeep\n|\n|t:|1771263232\n|switch|p2a: Landorus|Landorus-Therian, M, shiny|31/100\n|-damage|p2a: Landorus|19/100|[from] Stealth Rock\n|-ability|p2a: Landorus|Intimidate|boost\n|-unboost|p1a: Ceruledge|atk|1\n|turn|18\n|\n|t:|1771263235\n|move|p1a: Ceruledge|Shadow Sneak|p2a: Landorus\n|-damage|p2a: Landorus|0 fnt\n|faint|p2a: Landorus\n|\n|upkeep\n|\n|t:|1771263243\n|switch|p2a: Melmetal|Melmetal, shiny|100/100 par\n|-damage|p2a: Melmetal|94/100 par|[from] Stealth Rock\n|turn|19\n|\n|t:|1771263246\n|move|p1a: Ceruledge|Bitter Blade|p2a: Melmetal\n|-supereffective|p2a: Melmetal\n|-damage|p2a: Melmetal|9/100 par\n|-heal|p1a: Ceruledge|100/100|[from] drain|[of] p2a: Melmetal\n|cant|p2a: Melmetal|par\n|\n|upkeep\n|turn|20\n|\n|t:|1771263252\n|move|p1a: Ceruledge|Bitter Blade|p2a: Melmetal\n|-supereffective|p2a: Melmetal\n|-damage|p2a: Melmetal|0 fnt\n|faint|p2a: Melmetal\n|\n|upkeep\n|-message|Yaoshi forfeited.\n|\n|win|he898\n|raw|he898's rating: 1601 &rarr; <strong>1625</strong><br />(+24 for winning)\n|raw|Yaoshi's rating: 1663 &rarr; <strong>1639</strong><br />(-24 for losing)\n|l|☆Yaoshi\n|player|p2|\n|l|☆he898\n|player|p1|\n", "uploadtime": 1771263415, "views": 11, "formatid": "gen9nationaldex", "rating": 1625, "private": 0, "password": null}