{"id": "gen9nationaldex-2540724966", "format": "[Gen 9] National Dex", "players": ["AgencyBlundAMD", "spirefire"], "log": "|j|‽AgencyBlundAMD\n|j|☆spirefire\n|t:|1771246212\n|gametype|singles\n|player|p1|AgencyBlundAMD|artist-gen4|1618\n|player|p2|spirefire|miku-ghost|1668\n|gen|9\n|tier|[Gen 9] National Dex\n|rated|\n|rule|HP Percentage Mod: HP is shown in percentages\n|rule|Endless Battle Clause: Forcing endless battles is banned\n|rule|Species Clause: Limit one of each Pokémon\n|rule|OHKO Clause: OHKO moves are banned\n|rule|Evasion Clause: Evasion abilities, items, and moves are banned\n|rule|Evasion Abilities Clause: Evasion abilities are banned\n|rule|Evasion Items Clause: Evasion items are banned\n|rule|Evasion Moves Clause: Evasion moves are banned\n|rule|Sleep Clause Mod: Limit one foe put to sleep\n|rule|Terastal Clause: You cannot Terastallize\n|clearpoke\n|poke|p1|Dragonite, M|\n|poke|p1|Garchomp, M|\n|poke|p1|Nidoking, M|\n|poke|p1|Ribombee, F|\n|poke|p1|Ting-Lu|\n|poke|p1|Gholdengo|\n|poke|p2|Magnezone|\n|poke|p2|Pinsir, M|\n|poke|p2|Cinderace, M|\n|poke|p2|Tapu Bulu|\n|poke|p2|Alomomola, F|\n|poke|p2|Iron Treads|\n|teampreview\n|inactive|Battle timer is ON: inactive players will automatically lose when time's up. (requested by spirefire)\n|\n|t:|1771246220\n|teamsize|p1|6\n|teamsize|p2|6\n|start\n|switch|p1a: Nidoking|Nidoking, M|100/100\n|switch|p2a: Cinderace|Cinderace, M|100/100\n|turn|1\n|\n|t:|1771246227\n|move|p2a: Cinderace|U-turn|p1a: Nidoking\n|-resisted|p1a: Nidoking\n|-damage|p1a: Nidoking|87/100\n|\n|t:|1771246229\n|switch|p2a: Alomomola|Alomomola, F|100/100|[from] U-turn\n|move|p1a: Nidoking|Fire Blast|p2a: Alomomola\n|-resisted|p2a: Alomomola\n|-damage|p2a: Alomomola|87/100\n|\n|upkeep\n|turn|2\n|\n|t:|1771246238\n|switch|p1a: Ting-Lu|Ting-Lu|100/100\n|-ability|p1a: Ting-Lu|Vessel of Ruin\n|move|p2a: Alomomola|Flip Turn|p1a: Ting-Lu\n|-supereffective|p1a: Ting-Lu\n|-damage|p1a: Ting-Lu|83/100\n|\n|t:|1771246248\n|switch|p2a: Tapu Bulu|Tapu Bulu|100/100|[from] Flip Turn\n|-fieldstart|move: Grassy Terrain|[from] ability: Grassy Surge|[of] p2a: Tapu Bulu\n|\n|-heal|p1a: Ting-Lu|89/100|[from] Grassy Terrain\n|-heal|p1a: Ting-Lu|95/100|[from] item: Leftovers\n|upkeep\n|turn|3\n|\n|t:|1771246253\n|switch|p1a: Gholdengo|Gholdengo|100/100\n|move|p2a: Tapu Bulu|Horn Leech|p1a: Gholdengo\n|-resisted|p1a: Gholdengo\n|-damage|p1a: Gholdengo|77/100\n|\n|-heal|p1a: Gholdengo|83/100|[from] Grassy Terrain\n|upkeep\n|turn|4\n|\n|t:|1771246256\n|move|p2a: Tapu Bulu|Protect|p2a: Tapu Bulu\n|-singleturn|p2a: Tapu Bulu|Protect\n|move|p1a: Gholdengo|Trick|p2a: Tapu Bulu\n|-activate|p2a: Tapu Bulu|move: Protect\n|\n|-heal|p1a: Gholdengo|89/100|[from] Grassy Terrain\n|upkeep\n|turn|5\n|\n|t:|1771246260\n|switch|p2a: Iron Treads|Iron Treads|100/100\n|-enditem|p2a: Iron Treads|Booster Energy\n|-activate|p2a: Iron Treads|ability: Quark Drive|[fromitem]\n|-start|p2a: Iron Treads|quarkdrivespe\n|move|p1a: Gholdengo|Trick|p2a: Iron Treads\n|-activate|p1a: Gholdengo|move: Trick|[of] p2a: Iron Treads\n|-item|p2a: Iron Treads|Choice Scarf|[from] move: Trick\n|-enditem|p1a: Gholdengo|Choice Scarf|[silent]|[from] move: Trick\n|\n|-heal|p1a: Gholdengo|95/100|[from] Grassy Terrain\n|upkeep\n|turn|6\n|\n|t:|1771246275\n|switch|p1a: Ting-Lu|Ting-Lu|95/100\n|-ability|p1a: Ting-Lu|Vessel of Ruin\n|move|p2a: Iron Treads|Stealth Rock|p1a: Ting-Lu\n|-sidestart|p1: AgencyBlundAMD|move: Stealth Rock\n|\n|-heal|p1a: Ting-Lu|100/100|[from] Grassy Terrain\n|-fieldend|move: Grassy Terrain\n|upkeep\n|turn|7\n|\n|t:|1771246281\n|-end|p2a: Iron Treads|Quark Drive|[silent]\n|switch|p2a: Alomomola|Alomomola, F|100/100\n|move|p1a: Ting-Lu|Stealth Rock|p2a: Alomomola\n|-sidestart|p2: spirefire|move: Stealth Rock\n|\n|upkeep\n|turn|8\n|\n|t:|1771246284\n|move|p1a: Ting-Lu|Ruination|p2a: Alomomola\n|-damage|p2a: Alomomola|51/100\n|move|p2a: Alomomola|Knock Off|p1a: Ting-Lu\n|-resisted|p1a: Ting-Lu\n|-damage|p1a: Ting-Lu|96/100\n|-enditem|p1a: Ting-Lu|Leftovers|[from] move: Knock Off|[of] p2a: Alomomola\n|\n|upkeep\n|turn|9\n|\n|t:|1771246290\n|move|p2a: Alomomola|Flip Turn|p1a: Ting-Lu\n|-supereffective|p1a: Ting-Lu\n|-damage|p1a: Ting-Lu|77/100\n|\n|t:|1771246292\n|switch|p2a: Tapu Bulu|Tapu Bulu|100/100|[from] Flip Turn\n|-damage|p2a: Tapu Bulu|88/100|[from] Stealth Rock\n|-fieldstart|move: Grassy Terrain|[from] ability: Grassy Surge|[of] p2a: Tapu Bulu\n|move|p1a: Ting-Lu|Whirlwind|p2a: Tapu Bulu\n|drag|p2a: Pinsir|Pinsir, M|100/100\n|-damage|p2a: Pinsir|76/100|[from] Stealth Rock\n|\n|-heal|p2a: Pinsir|82/100|[from] Grassy Terrain\n|-heal|p1a: Ting-Lu|83/100|[from] Grassy Terrain\n|upkeep\n|turn|10\n|\n|t:|1771246304\n|move|p2a: Pinsir|Close Combat|p1a: Ting-Lu\n|-supereffective|p1a: Ting-Lu\n|-damage|p1a: Ting-Lu|37/100\n|-unboost|p2a: Pinsir|def|1\n|-unboost|p2a: Pinsir|spd|1\n|move|p1a: Ting-Lu|Whirlwind|p2a: Pinsir\n|drag|p2a: Iron Treads|Iron Treads|100/100\n|-damage|p2a: Iron Treads|97/100|[from] Stealth Rock\n|\n|-heal|p2a: Iron Treads|100/100|[from] Grassy Terrain\n|-heal|p1a: Ting-Lu|43/100|[from] Grassy Terrain\n|upkeep\n|turn|11\n|\n|t:|1771246309\n|move|p2a: Iron Treads|Ice Spinner|p1a: Ting-Lu\n|-supereffective|p1a: Ting-Lu\n|-damage|p1a: Ting-Lu|17/100\n|-fieldend|move: Grassy Terrain\n|move|p1a: Ting-Lu|Earthquake|p2a: Iron Treads\n|-supereffective|p2a: Iron Treads\n|-damage|p2a: Iron Treads|28/100\n|\n|upkeep\n|turn|12\n|\n|t:|1771246314\n|switch|p1a: Gholdengo|Gholdengo|95/100\n|-damage|p1a: Gholdengo|89/100|[from] Stealth Rock\n|move|p2a: Iron Treads|Ice Spinner|p1a: Gholdengo\n|-resisted|p1a: Gholdengo\n|-crit|p1a: Gholdengo\n|-damage|p1a: Gholdengo|67/100\n|\n|upkeep\n|turn|13\n|\n|t:|1771246320\n|-end|p2a: Iron Treads|Quark Drive|[silent]\n|switch|p2a: Alomomola|Alomomola, F|84/100\n|-damage|p2a: Alomomola|71/100|[from] Stealth Rock\n|move|p1a: Gholdengo|Shadow Ball|p2a: Alomomola\n|-damage|p2a: Alomomola|49/100\n|-unboost|p2a: Alomomola|spd|1\n|\n|upkeep\n|turn|14\n|\n|t:|1771246326\n|move|p1a: Gholdengo|Shadow Ball|p2a: Alomomola\n|-damage|p2a: Alomomola|12/100\n|move|p2a: Alomomola|Flip Turn|p1a: Gholdengo\n|-damage|p1a: Gholdengo|48/100\n|\n|t:|1771246331\n|switch|p2a: Cinderace|Cinderace, M|100/100|[from] Flip Turn\n|\n|upkeep\n|turn|15\n|\n|t:|1771246336\n|switch|p1a: Ting-Lu|Ting-Lu|17/100\n|-damage|p1a: Ting-Lu|11/100|[from] Stealth Rock\n|-ability|p1a: Ting-Lu|Vessel of Ruin\n|move|p2a: Cinderace|Pyro Ball|p1a: Ting-Lu\n|-damage|p1a: Ting-Lu|0 fnt\n|faint|p1a: Ting-Lu\n|\n|upkeep\n|\n|t:|1771246345\n|switch|p1a: Ribombee|Ribombee, F|100/100\n|-damage|p1a: Ribombee|76/100|[from] Stealth Rock\n|turn|16\n|\n|t:|1771246353\n|move|p1a: Ribombee|Stun Spore|p2a: Cinderace\n|-status|p2a: Cinderace|par\n|cant|p2a: Cinderace|par\n|\n|upkeep\n|turn|17\n|\n|t:|1771246362\n|move|p1a: Ribombee|Moonblast|p2a: Cinderace\n|-resisted|p2a: Cinderace\n|-damage|p2a: Cinderace|77/100 par\n|move|p2a: Cinderace|Court Change|p2a: Cinderace\n|-swapsideconditions\n|-activate|p2a: Cinderace|move: Court Change\n|\n|upkeep\n|turn|18\n|\n|t:|1771246370\n|move|p1a: Ribombee|Sticky Web|p2a: Cinderace\n|-sidestart|p2: spirefire|move: Sticky Web\n|cant|p2a: Cinderace|par\n|\n|upkeep\n|turn|19\n|\n|t:|1771246378\n|move|p1a: Ribombee|Skill Swap|p2a: Cinderace\n|-activate|p1a: Ribombee|Skill Swap|p2a: Cinderace|[ability] Blaze|[ability2] Sweet Veil\n|move|p2a: Cinderace|Court Change|p2a: Cinderace\n|-swapsideconditions\n|-activate|p2a: Cinderace|move: Court Change\n|\n|upkeep\n|turn|20\n|\n|t:|1771246385\n|move|p1a: Ribombee|Moonblast|p2a: Cinderace\n|-resisted|p2a: Cinderace\n|-damage|p2a: Cinderace|49/100 par\n|cant|p2a: Cinderace|par\n|\n|upkeep\n|turn|21\n|\n|t:|1771246391\n|move|p1a: Ribombee|Sticky Web|p2a: Cinderace\n|-sidestart|p2: spirefire|move: Sticky Web\n|move|p2a: Cinderace|Pyro Ball|p1a: Ribombee\n|-supereffective|p1a: Ribombee\n|-damage|p1a: Ribombee|0 fnt\n|faint|p1a: Ribombee\n|\n|upkeep\n|\n|t:|1771246400\n|switch|p1a: Gholdengo|Gholdengo|48/100\n|-damage|p1a: Gholdengo|42/100|[from] Stealth Rock\n|-activate|p1a: Gholdengo|move: Sticky Web\n|-unboost|p1a: Gholdengo|spe|1\n|turn|22\n|\n|t:|1771246403\n|move|p1a: Gholdengo|Shadow Ball|p2a: Cinderace\n|-damage|p2a: Cinderace|0 fnt\n|faint|p2a: Cinderace\n|\n|upkeep\n|\n|t:|1771246411\n|switch|p2a: Alomomola|Alomomola, F|45/100\n|-damage|p2a: Alomomola|32/100|[from] Stealth Rock\n|-activate|p2a: Alomomola|move: Sticky Web\n|-unboost|p2a: Alomomola|spe|1\n|turn|23\n|\n|t:|1771246419\n|move|p1a: Gholdengo|Trick|p2a: Alomomola\n|-activate|p1a: Gholdengo|move: Trick|[of] p2a: Alomomola\n|-enditem|p2a: Alomomola|Assault Vest|[silent]|[from] move: Trick\n|-item|p1a: Gholdengo|Assault Vest|[from] move: Trick\n|move|p2a: Alomomola|Flip Turn|p1a: Gholdengo\n|-damage|p1a: Gholdengo|24/100\n|\n|t:|1771246430\n|switch|p2a: Magnezone|Magnezone|100/100|[from] Flip Turn\n|-damage|p2a: Magnezone|94/100|[from] Stealth Rock\n|-activate|p2a: Magnezone|move: Sticky Web\n|-unboost|p2a: Magnezone|spe|1\n|\n|upkeep\n|turn|24\n|\n|t:|1771246437\n|move|p1a: Gholdengo|Shadow Ball|p2a: Magnezone\n|-damage|p2a: Magnezone|41/100\n|move|p2a: Magnezone|Substitute|p2a: Magnezone\n|-start|p2a: Magnezone|Substitute\n|-damage|p2a: Magnezone|16/100\n|\n|upkeep\n|turn|25\n|\n|t:|1771246441\n|move|p1a: Gholdengo|Shadow Ball|p2a: Magnezone\n|-end|p2a: Magnezone|Substitute\n|move|p2a: Magnezone|Thunderbolt|p1a: Gholdengo\n|-crit|p1a: Gholdengo\n|-damage|p1a: Gholdengo|0 fnt\n|faint|p1a: Gholdengo\n|\n|upkeep\n|\n|t:|1771246455\n|switch|p1a: Dragonite|Dragonite, M|100/100\n|turn|26\n|\n|t:|1771246460\n|move|p1a: Dragonite|Dragon Dance|p1a: Dragonite\n|-boost|p1a: Dragonite|atk|1\n|-boost|p1a: Dragonite|spe|1\n|-zpower|p2a: Magnezone\n|move|p2a: Magnezone|Corkscrew Crash|p1a: Dragonite|[zeffect]\n|-damage|p1a: Dragonite|45/100\n|\n|upkeep\n|turn|27\n|\n|t:|1771246462\n|move|p1a: Dragonite|Roost|p1a: Dragonite\n|-heal|p1a: Dragonite|95/100\n|-singleturn|p1a: Dragonite|move: Roost\n|move|p2a: Magnezone|Thunderbolt|p1a: Dragonite\n|-resisted|p1a: Dragonite\n|-damage|p1a: Dragonite|71/100\n|\n|upkeep\n|turn|28\n|\n|t:|1771246466\n|move|p1a: Dragonite|Roost|p1a: Dragonite\n|-heal|p1a: Dragonite|100/100\n|-singleturn|p1a: Dragonite|move: Roost\n|move|p2a: Magnezone|Steel Beam|p1a: Dragonite\n|-damage|p1a: Dragonite|62/100\n|-damage|p2a: Magnezone|0 fnt|[from] steelbeam\n|faint|p2a: Magnezone\n|\n|upkeep\n|\n|t:|1771246470\n|switch|p2a: Tapu Bulu|Tapu Bulu|88/100\n|-damage|p2a: Tapu Bulu|75/100|[from] Stealth Rock\n|-activate|p2a: Tapu Bulu|move: Sticky Web\n|-unboost|p2a: Tapu Bulu|spe|1\n|-fieldstart|move: Grassy Terrain|[from] ability: Grassy Surge|[of] p2a: Tapu Bulu\n|turn|29\n|\n|t:|1771246483\n|switch|p1a: Nidoking|Nidoking, M|87/100\n|-damage|p1a: Nidoking|81/100|[from] Stealth Rock\n|-activate|p1a: Nidoking|move: Sticky Web\n|-unboost|p1a: Nidoking|spe|1\n|switch|p2a: Alomomola|Alomomola, F|66/100\n|-damage|p2a: Alomomola|53/100|[from] Stealth Rock\n|-activate|p2a: Alomomola|move: Sticky Web\n|-unboost|p2a: Alomomola|spe|1\n|\n|-heal|p1a: Nidoking|87/100|[from] Grassy Terrain\n|-heal|p2a: Alomomola|59/100|[from] Grassy Terrain\n|upkeep\n|turn|30\n|\n|t:|1771246487\n|move|p1a: Nidoking|Thunderbolt|p2a: Alomomola\n|-supereffective|p2a: Alomomola\n|-damage|p2a: Alomomola|0 fnt\n|faint|p2a: Alomomola\n|\n|-heal|p1a: Nidoking|93/100|[from] Grassy Terrain\n|upkeep\n|\n|t:|1771246489\n|switch|p2a: Iron Treads|Iron Treads|28/100\n|-damage|p2a: Iron Treads|24/100|[from] Stealth Rock\n|-activate|p2a: Iron Treads|move: Sticky Web\n|-unboost|p2a: Iron Treads|spe|1\n|turn|31\n|\n|t:|1771246498\n|move|p2a: Iron Treads|Rapid Spin|p1a: Nidoking\n|-damage|p1a: Nidoking|71/100\n|-boost|p2a: Iron Treads|spe|1\n|-sideend|p2: spirefire|Stealth Rock|[from] move: Rapid Spin|[of] p2a: Iron Treads\n|-sideend|p2: spirefire|Sticky Web|[from] move: Rapid Spin|[of] p2a: Iron Treads\n|move|p1a: Nidoking|Ice Beam|p2a: Iron Treads\n|-damage|p2a: Iron Treads|0 fnt\n|faint|p2a: Iron Treads\n|-end|p2a: Iron Treads|Quark Drive|[silent]\n|\n|-heal|p1a: Nidoking|77/100|[from] Grassy Terrain\n|upkeep\n|\n|t:|1771246515\n|switch|p2a: Pinsir|Pinsir, M|82/100\n|turn|32\n|\n|t:|1771246520\n|detailschange|p2a: Pinsir|Pinsir-Mega, M\n|-mega|p2a: Pinsir|Pinsir|Pinsirite\n|move|p2a: Pinsir|Double-Edge|p1a: Nidoking\n|-damage|p1a: Nidoking|0 fnt\n|faint|p1a: Nidoking\n|-damage|p2a: Pinsir|53/100|[from] Recoil\n|\n|upkeep\n|\n|t:|1771246525\n|switch|p1a: Garchomp|Garchomp, M|100/100\n|-damage|p1a: Garchomp|94/100|[from] Stealth Rock\n|-activate|p1a: Garchomp|move: Sticky Web\n|-unboost|p1a: Garchomp|spe|1\n|turn|33\n|\n|t:|1771246529\n|switch|p2a: Tapu Bulu|Tapu Bulu|75/100\n|move|p1a: Garchomp|Scale Shot|p2a: Tapu Bulu\n|-immune|p2a: Tapu Bulu\n|\n|-heal|p2a: Tapu Bulu|82/100|[from] Grassy Terrain\n|-heal|p2a: Tapu Bulu|88/100|[from] item: Leftovers\n|-heal|p1a: Garchomp|100/100|[from] Grassy Terrain\n|-fieldend|move: Grassy Terrain\n|upkeep\n|turn|34\n|\n|t:|1771246536\n|move|p2a: Tapu Bulu|Toxic|p1a: Garchomp\n|-status|p1a: Garchomp|tox\n|move|p1a: Garchomp|Swords Dance|p1a: Garchomp\n|-boost|p1a: Garchomp|atk|2\n|\n|-heal|p2a: Tapu Bulu|94/100|[from] item: Leftovers\n|-damage|p1a: Garchomp|94/100 tox|[from] psn\n|upkeep\n|turn|35\n|\n|t:|1771246540\n|move|p2a: Tapu Bulu|Nature's Madness|p1a: Garchomp\n|-damage|p1a: Garchomp|47/100 tox\n|move|p1a: Garchomp|Swords Dance|p1a: Garchomp\n|-boost|p1a: Garchomp|atk|2\n|\n|-heal|p2a: Tapu Bulu|99/100|[from] item: Leftovers\n|-damage|p1a: Garchomp|35/100 tox|[from] psn\n|upkeep\n|turn|36\n|\n|t:|1771246544\n|move|p2a: Tapu Bulu|Protect|p2a: Tapu Bulu\n|-singleturn|p2a: Tapu Bulu|Protect\n|move|p1a: Garchomp|Stone Edge|p2a: Tapu Bulu\n|-activate|p2a: Tapu Bulu|move: Protect\n|\n|-heal|p2a: Tapu Bulu|100/100|[from] item: Leftovers\n|-damage|p1a: Garchomp|17/100 tox|[from] psn\n|upkeep\n|turn|37\n|\n|t:|1771246551\n|move|p2a: Tapu Bulu|Horn Leech|p1a: Garchomp\n|-damage|p1a: Garchomp|0 fnt\n|-damage|p2a: Tapu Bulu|88/100|[from] ability: Rough Skin|[of] p1a: Garchomp\n|faint|p1a: Garchomp\n|\n|-heal|p2a: Tapu Bulu|94/100|[from] item: Leftovers\n|upkeep\n|\n|t:|1771246553\n|switch|p1a: Dragonite|Dragonite, M|62/100\n|turn|38\n|\n|t:|1771246557\n|move|p1a: Dragonite|Dragon Dance|p1a: Dragonite\n|-boost|p1a: Dragonite|atk|1\n|-boost|p1a: Dragonite|spe|1\n|move|p2a: Tapu Bulu|Toxic|p1a: Dragonite\n|-status|p1a: Dragonite|tox\n|\n|-heal|p2a: Tapu Bulu|99/100|[from] item: Leftovers\n|-damage|p1a: Dragonite|56/100 tox|[from] psn\n|upkeep\n|turn|39\n|\n|t:|1771246560\n|move|p1a: Dragonite|Dragon Dance|p1a: Dragonite\n|-boost|p1a: Dragonite|atk|1\n|-boost|p1a: Dragonite|spe|1\n|move|p2a: Tapu Bulu|Nature's Madness|p1a: Dragonite\n|-damage|p1a: Dragonite|28/100 tox\n|\n|-heal|p2a: Tapu Bulu|100/100|[from] item: Leftovers\n|-damage|p1a: Dragonite|16/100 tox|[from] psn\n|upkeep\n|turn|40\n|\n|t:|1771246564\n|move|p1a: Dragonite|Roost|p1a: Dragonite\n|-heal|p1a: Dragonite|66/100 tox\n|-singleturn|p1a: Dragonite|move: Roost\n|move|p2a: Tapu Bulu|Nature's Madness|p1a: Dragonite\n|-damage|p1a: Dragonite|33/100 tox\n|\n|-damage|p1a: Dragonite|15/100 tox|[from] psn\n|upkeep\n|turn|41\n|\n|t:|1771246567\n|move|p1a: Dragonite|Earthquake|p2a: Tapu Bulu\n|-resisted|p2a: Tapu Bulu\n|-damage|p2a: Tapu Bulu|75/100\n|move|p2a: Tapu Bulu|Nature's Madness|p1a: Dragonite\n|-damage|p1a: Dragonite|8/100 tox\n|\n|-heal|p2a: Tapu Bulu|81/100|[from] item: Leftovers\n|-damage|p1a: Dragonite|0 fnt|[from] psn\n|faint|p1a: Dragonite\n|\n|win|spirefire\n|raw|AgencyBlundAMD's rating: 1618 &rarr; <strong>1601</strong><br />(-17 for losing)\n|raw|spirefire's rating: 1668 &rarr; <strong>1685</strong><br />(+17 for winning)\n|l|‽AgencyBlundAMD\n|player|p1|\n", "uploadtime": 1771246582, "views": 11, "formatid": "gen9nationaldex", "rating": 1601, "private": 0, "password": null}