{"id": "gen9nationaldex-2540524604", "format": "[Gen 9] National Dex", "players": ["fosts", "jjznb2"], "log": "|j|☆fosts\n|j|☆jjznb2\n|t:|1771212975\n|gametype|singles\n|player|p1|fosts|hilbert-masters|1581\n|player|p2|jjznb2|hilda|1691\n|gen|9\n|tier|[Gen 9] National Dex\n|rated|\n|rule|HP Percentage Mod: HP is shown in percentages\n|rule|Endless Battle Clause: Forcing endless battles is banned\n|rule|Species Clause: Limit one of each Pokémon\n|rule|OHKO Clause: OHKO moves are banned\n|rule|Evasion Clause: Evasion abilities, items, and moves are banned\n|rule|Evasion Abilities Clause: Evasion abilities are banned\n|rule|Evasion Items Clause: Evasion items are banned\n|rule|Evasion Moves Clause: Evasion moves are banned\n|rule|Sleep Clause Mod: Limit one foe put to sleep\n|rule|Terastal Clause: You cannot Terastallize\n|clearpoke\n|poke|p1|Torkoal, F|\n|poke|p1|Blaziken, F|\n|poke|p1|Blacephalon|\n|poke|p1|Darmanitan, F|\n|poke|p1|Raging Bolt|\n|poke|p1|Zapdos|\n|poke|p2|Scizor, M|\n|poke|p2|Ting-Lu|\n|poke|p2|Raging Bolt|\n|poke|p2|Toxapex, M|\n|poke|p2|Cinderace, M|\n|poke|p2|Corviknight, M|\n|teampreview\n|inactive|Battle timer is ON: inactive players will automatically lose when time's up. (requested by fosts)\n|inactive|fosts has 120 seconds left.\n|\n|t:|1771213010\n|teamsize|p1|6\n|teamsize|p2|6\n|start\n|switch|p1a: John Henry|Torkoal, F|100/100\n|switch|p2a: Ting-Lu|Ting-Lu|100/100\n|-ability|p2a: Ting-Lu|Vessel of Ruin\n|-weather|SunnyDay|[from] ability: Drought|[of] p1a: John Henry\n|turn|1\n|\n|t:|1771213015\n|move|p2a: Ting-Lu|Ruination|p1a: John Henry\n|-damage|p1a: John Henry|51/100\n|move|p1a: John Henry|Stealth Rock|p2a: Ting-Lu\n|-sidestart|p2: jjznb2|move: Stealth Rock\n|\n|-weather|SunnyDay|[upkeep]\n|upkeep\n|turn|2\n|\n|t:|1771213021\n|move|p2a: Ting-Lu|Spikes|p1a: John Henry\n|-sidestart|p1: fosts|Spikes\n|move|p1a: John Henry|Body Press|p2a: Ting-Lu\n|-supereffective|p2a: Ting-Lu\n|-damage|p2a: Ting-Lu|68/100\n|-damage|p1a: John Henry|34/100|[from] item: Rocky Helmet|[of] p2a: Ting-Lu\n|\n|-weather|SunnyDay|[upkeep]\n|upkeep\n|turn|3\n|\n|t:|1771213029\n|switch|p1a: Kamikaze|Darmanitan, F|100/100\n|-damage|p1a: Kamikaze|88/100|[from] Spikes\n|move|p2a: Ting-Lu|Earthquake|p1a: Kamikaze\n|-supereffective|p1a: Kamikaze\n|-damage|p1a: Kamikaze|0 fnt\n|faint|p1a: Kamikaze\n|\n|-weather|SunnyDay|[upkeep]\n|upkeep\n|\n|t:|1771213031\n|switch|p1a: Cluck Norris|Blaziken, F|100/100\n|-damage|p1a: Cluck Norris|88/100|[from] Spikes\n|turn|4\n|\n|t:|1771213036\n|switch|p2a: Toxapex|Toxapex, M|100/100\n|-damage|p2a: Toxapex|88/100|[from] Stealth Rock\n|-zpower|p1a: Cluck Norris\n|move|p1a: Cluck Norris|Z-Mirror Move||[anim]Mirror Move|[still]\n|-boost|p1a: Cluck Norris|atk|2|[zeffect]\n|-fail|p1a: Cluck Norris\n|\n|-weather|SunnyDay|[upkeep]\n|-heal|p2a: Toxapex|94/100|[from] item: Black Sludge\n|-ability|p1a: Cluck Norris|Speed Boost|boost\n|-boost|p1a: Cluck Norris|spe|1\n|upkeep\n|turn|5\n|\n|t:|1771213049\n|move|p1a: Cluck Norris|Thunder Punch|p2a: Toxapex\n|-supereffective|p2a: Toxapex\n|-damage|p2a: Toxapex|17/100\n|move|p2a: Toxapex|Haze|p2a: Toxapex\n|-clearallboost\n|\n|-weather|SunnyDay|[upkeep]\n|-heal|p2a: Toxapex|23/100|[from] item: Black Sludge\n|-ability|p1a: Cluck Norris|Speed Boost|boost\n|-boost|p1a: Cluck Norris|spe|1\n|upkeep\n|turn|6\n|\n|t:|1771213054\n|switch|p2a: Raging Bolt|Raging Bolt|100/100\n|-damage|p2a: Raging Bolt|88/100|[from] Stealth Rock\n|-activate|p2a: Raging Bolt|ability: Protosynthesis\n|-start|p2a: Raging Bolt|protosynthesisspa\n|move|p1a: Cluck Norris|Flare Blitz|p2a: Raging Bolt\n|-resisted|p2a: Raging Bolt\n|-damage|p2a: Raging Bolt|44/100\n|-damage|p1a: Cluck Norris|68/100|[from] Recoil\n|\n|-weather|SunnyDay|[upkeep]\n|-heal|p2a: Raging Bolt|50/100|[from] item: Leftovers\n|-ability|p1a: Cluck Norris|Speed Boost|boost\n|-boost|p1a: Cluck Norris|spe|1\n|upkeep\n|turn|7\n|\n|t:|1771213059\n|move|p2a: Raging Bolt|Thunderclap|p1a: Cluck Norris\n|-damage|p1a: Cluck Norris|0 fnt\n|faint|p1a: Cluck Norris\n|\n|-weather|SunnyDay|[upkeep]\n|-heal|p2a: Raging Bolt|56/100|[from] item: Leftovers\n|upkeep\n|\n|t:|1771213063\n|switch|p1a: Happy Bolt|Raging Bolt|100/100\n|-damage|p1a: Happy Bolt|88/100|[from] Spikes\n|-activate|p1a: Happy Bolt|ability: Protosynthesis\n|-start|p1a: Happy Bolt|protosynthesisspa\n|turn|8\n|\n|t:|1771213071\n|-end|p2a: Raging Bolt|Protosynthesis|[silent]\n|switch|p2a: Scizor|Scizor, M|100/100\n|-damage|p2a: Scizor|88/100|[from] Stealth Rock\n|move|p1a: Happy Bolt|Weather Ball|p2a: Scizor\n|-supereffective|p2a: Scizor\n|-damage|p2a: Scizor|0 fnt\n|faint|p2a: Scizor\n|\n|-weather|none\n|-end|p1a: Happy Bolt|Protosynthesis\n|upkeep\n|\n|t:|1771213081\n|switch|p2a: Raging Bolt|Raging Bolt|56/100\n|-damage|p2a: Raging Bolt|44/100|[from] Stealth Rock\n|turn|9\n|\n|t:|1771213092\n|move|p2a: Raging Bolt|Draco Meteor|p1a: Happy Bolt\n|-supereffective|p1a: Happy Bolt\n|-damage|p1a: Happy Bolt|0 fnt\n|-unboost|p2a: Raging Bolt|spa|2\n|faint|p1a: Happy Bolt\n|-end|p1a: Happy Bolt|Protosynthesis|[silent]\n|\n|-heal|p2a: Raging Bolt|50/100|[from] item: Leftovers\n|upkeep\n|\n|t:|1771213096\n|switch|p1a: John Henry|Torkoal, F|34/100\n|-damage|p1a: John Henry|22/100|[from] Spikes\n|-weather|SunnyDay|[from] ability: Drought|[of] p1a: John Henry\n|-activate|p2a: Raging Bolt|ability: Protosynthesis\n|-start|p2a: Raging Bolt|protosynthesisspe\n|turn|10\n|\n|t:|1771213105\n|move|p2a: Raging Bolt|Thunderbolt|p1a: John Henry\n|-damage|p1a: John Henry|0 fnt\n|faint|p1a: John Henry\n|\n|-weather|SunnyDay|[upkeep]\n|-heal|p2a: Raging Bolt|56/100|[from] item: Leftovers\n|upkeep\n|\n|t:|1771213121\n|switch|p1a: Old Carpet|Zapdos|100/100\n|turn|11\n|\n|t:|1771213126\n|move|p2a: Raging Bolt|Calm Mind|p2a: Raging Bolt\n|-boost|p2a: Raging Bolt|spa|1\n|-boost|p2a: Raging Bolt|spd|1\n|move|p1a: Old Carpet|Weather Ball|p2a: Raging Bolt\n|-resisted|p2a: Raging Bolt\n|-damage|p2a: Raging Bolt|41/100\n|\n|-weather|SunnyDay|[upkeep]\n|-heal|p2a: Raging Bolt|47/100|[from] item: Leftovers\n|upkeep\n|turn|12\n|\n|t:|1771213132\n|move|p2a: Raging Bolt|Calm Mind|p2a: Raging Bolt\n|-boost|p2a: Raging Bolt|spa|1\n|-boost|p2a: Raging Bolt|spd|1\n|move|p1a: Old Carpet|Weather Ball|p2a: Raging Bolt\n|-resisted|p2a: Raging Bolt\n|-damage|p2a: Raging Bolt|37/100\n|\n|-weather|SunnyDay|[upkeep]\n|-heal|p2a: Raging Bolt|43/100|[from] item: Leftovers\n|upkeep\n|turn|13\n|\n|t:|1771213140\n|move|p2a: Raging Bolt|Calm Mind|p2a: Raging Bolt\n|-boost|p2a: Raging Bolt|spa|1\n|-boost|p2a: Raging Bolt|spd|1\n|move|p1a: Old Carpet|Weather Ball|p2a: Raging Bolt\n|-resisted|p2a: Raging Bolt\n|-damage|p2a: Raging Bolt|35/100\n|\n|-weather|SunnyDay|[upkeep]\n|-heal|p2a: Raging Bolt|41/100|[from] item: Leftovers\n|upkeep\n|turn|14\n|-message|fosts forfeited.\n|\n|win|jjznb2\n|raw|fosts's rating: 1581 &rarr; <strong>1567</strong><br />(-14 for losing)\n|raw|jjznb2's rating: 1691 &rarr; <strong>1705</strong><br />(+14 for winning)\n|l|☆fosts\n|player|p1|\n|l|☆jjznb2\n|player|p2|\n", "uploadtime": 1771213345, "views": 5, "formatid": "gen9nationaldex", "rating": 1567, "private": 0, "password": null}