{"id": "gen9nationaldex-2540376770", "format": "[Gen 9] National Dex", "players": ["iamveeeeeerrrybad", "Clangviction"], "log": "|j|☆iamveeeeeerrrybad\n|j|☆Clangviction\n|t:|1771194660\n|gametype|singles\n|player|p1|iamveeeeeerrrybad|brycenman|1707\n|player|p2|Clangviction|hilda|1607\n|gen|9\n|tier|[Gen 9] National Dex\n|rated|\n|rule|HP Percentage Mod: HP is shown in percentages\n|rule|Endless Battle Clause: Forcing endless battles is banned\n|rule|Species Clause: Limit one of each Pokémon\n|rule|OHKO Clause: OHKO moves are banned\n|rule|Evasion Clause: Evasion abilities, items, and moves are banned\n|rule|Evasion Abilities Clause: Evasion abilities are banned\n|rule|Evasion Items Clause: Evasion items are banned\n|rule|Evasion Moves Clause: Evasion moves are banned\n|rule|Sleep Clause Mod: Limit one foe put to sleep\n|rule|Terastal Clause: You cannot Terastallize\n|clearpoke\n|poke|p1|Gyarados, F|\n|poke|p1|Arctozolt|\n|poke|p1|Ninetales-Alola, M|\n|poke|p1|Landorus-Therian, M|\n|poke|p1|Heatran, F|\n|poke|p1|Raging Bolt|\n|poke|p2|Volcarona, F|\n|poke|p2|Beedrill, F|\n|poke|p2|Zapdos|\n|poke|p2|Great Tusk|\n|poke|p2|Tapu Lele|\n|poke|p2|Samurott-Hisui, F|\n|teampreview\n|inactive|Battle timer is ON: inactive players will automatically lose when time's up. (requested by Clangviction)\n|\n|t:|1771194673\n|teamsize|p1|6\n|teamsize|p2|6\n|start\n|switch|p1a: Landorus|Landorus-Therian, M|100/100\n|switch|p2a: Beedrill|Beedrill, F|100/100\n|-ability|p1a: Landorus|Intimidate|boost\n|-unboost|p2a: Beedrill|atk|1\n|turn|1\n|\n|t:|1771194676\n|switch|p2a: Zapdos|Zapdos|100/100\n|move|p1a: Landorus|Stone Edge|p2a: Zapdos\n|-supereffective|p2a: Zapdos\n|-crit|p2a: Zapdos\n|-damage|p2a: Zapdos|20/100\n|\n|upkeep\n|turn|2\n|\n|t:|1771194679\n|switch|p2a: Great Tusk|Great Tusk|100/100\n|-enditem|p2a: Great Tusk|Booster Energy\n|-activate|p2a: Great Tusk|ability: Protosynthesis|[fromitem]\n|-start|p2a: Great Tusk|protosynthesisatk\n|move|p1a: Landorus|Stone Edge|p2a: Great Tusk\n|-resisted|p2a: Great Tusk\n|-damage|p2a: Great Tusk|95/100\n|\n|upkeep\n|turn|3\n|\n|t:|1771194683\n|switch|p1a: Ninetales|Ninetales-Alola, M|100/100\n|-weather|Snowscape|[from] ability: Snow Warning|[of] p1a: Ninetales\n|move|p2a: Great Tusk|Headlong Rush|p1a: Ninetales\n|-damage|p1a: Ninetales|11/100\n|-unboost|p2a: Great Tusk|def|1\n|-unboost|p2a: Great Tusk|spd|1\n|\n|-weather|Snowscape|[upkeep]\n|upkeep\n|turn|4\n|\n|t:|1771194690\n|-end|p2a: Great Tusk|Protosynthesis|[silent]\n|switch|p2a: Volcarona|Volcarona, F|100/100\n|move|p1a: Ninetales|Blizzard|p2a: Volcarona\n|-resisted|p2a: Volcarona\n|-damage|p2a: Volcarona|79/100\n|\n|-weather|Snowscape|[upkeep]\n|upkeep\n|turn|5\n|\n|t:|1771194693\n|switch|p1a: Landorus|Landorus-Therian, M|100/100\n|-ability|p1a: Landorus|Intimidate|boost\n|-unboost|p2a: Volcarona|atk|1\n|move|p2a: Volcarona|Quiver Dance|p2a: Volcarona\n|-boost|p2a: Volcarona|spa|1\n|-boost|p2a: Volcarona|spd|1\n|-boost|p2a: Volcarona|spe|1\n|\n|-weather|Snowscape|[upkeep]\n|upkeep\n|turn|6\n|\n|t:|1771194697\n|switch|p2a: Great Tusk|Great Tusk|95/100\n|move|p1a: Landorus|Stone Edge|p2a: Great Tusk\n|-resisted|p2a: Great Tusk\n|-crit|p2a: Great Tusk\n|-damage|p2a: Great Tusk|86/100\n|\n|-weather|Snowscape|[upkeep]\n|upkeep\n|turn|7\n|\n|t:|1771194701\n|move|p1a: Landorus|Earthquake|p2a: Great Tusk\n|-damage|p2a: Great Tusk|51/100\n|move|p2a: Great Tusk|Ice Spinner|p1a: Landorus\n|-supereffective|p1a: Landorus\n|-enditem|p1a: Landorus|Focus Sash\n|-damage|p1a: Landorus|1/100\n|\n|-weather|Snowscape|[upkeep]\n|upkeep\n|turn|8\n|\n|t:|1771194705\n|move|p1a: Landorus|Earthquake|p2a: Great Tusk\n|-damage|p2a: Great Tusk|14/100\n|move|p2a: Great Tusk|Rapid Spin|p1a: Landorus\n|-damage|p1a: Landorus|0 fnt\n|-boost|p2a: Great Tusk|spe|1\n|faint|p1a: Landorus\n|\n|-weather|Snowscape|[upkeep]\n|upkeep\n|\n|t:|1771194707\n|switch|p1a: Arctozolt|Arctozolt|100/100\n|turn|9\n|\n|t:|1771194712\n|move|p1a: Arctozolt|Icicle Crash|p2a: Great Tusk\n|-supereffective|p2a: Great Tusk\n|-damage|p2a: Great Tusk|0 fnt\n|faint|p2a: Great Tusk\n|-end|p2a: Great Tusk|Protosynthesis|[silent]\n|-damage|p1a: Arctozolt|91/100|[from] item: Life Orb\n|\n|-weather|Snowscape|[upkeep]\n|upkeep\n|\n|t:|1771194719\n|switch|p2a: Samurott|Samurott-Hisui, F|100/100\n|turn|10\n|\n|t:|1771194722\n|move|p1a: Arctozolt|Bolt Beak|p2a: Samurott\n|-supereffective|p2a: Samurott\n|-enditem|p2a: Samurott|Focus Sash\n|-damage|p2a: Samurott|1/100\n|-damage|p1a: Arctozolt|81/100|[from] item: Life Orb\n|move|p2a: Samurott|Ceaseless Edge|p1a: Arctozolt\n|-damage|p1a: Arctozolt|44/100\n|-sidestart|p1: iamveeeeeerrrybad|Spikes\n|\n|-weather|none\n|upkeep\n|turn|11\n|\n|t:|1771194733\n|switch|p1a: Ninetales|Ninetales-Alola, M|11/100\n|-damage|p1a: Ninetales|0 fnt|[from] Spikes\n|faint|p1a: Ninetales\n|move|p2a: Samurott|Ceaseless Edge|p1: Ninetales|[notarget]\n|-fail|p2a: Samurott\n|\n|upkeep\n|\n|t:|1771194738\n|switch|p1a: Raging Bolt|Raging Bolt|100/100\n|-damage|p1a: Raging Bolt|88/100|[from] Spikes\n|turn|12\n|\n|t:|1771194741\n|switch|p2a: Tapu Lele|Tapu Lele|100/100\n|-fieldstart|move: Psychic Terrain|[from] ability: Psychic Surge|[of] p2a: Tapu Lele\n|move|p1a: Raging Bolt|Thunderclap||[still]\n|-fail|p1a: Raging Bolt\n|\n|upkeep\n|turn|13\n|\n|t:|1771194746\n|move|p2a: Tapu Lele|Moonblast|p1a: Raging Bolt\n|-supereffective|p1a: Raging Bolt\n|-damage|p1a: Raging Bolt|35/100\n|move|p1a: Raging Bolt|Thunderbolt|p2a: Tapu Lele\n|-damage|p2a: Tapu Lele|40/100\n|\n|upkeep\n|turn|14\n|\n|t:|1771194753\n|move|p2a: Tapu Lele|Moonblast|p1a: Raging Bolt\n|-supereffective|p1a: Raging Bolt\n|-damage|p1a: Raging Bolt|0 fnt\n|faint|p1a: Raging Bolt\n|-end|p1a: Raging Bolt|Protosynthesis|[silent]\n|\n|upkeep\n|\n|t:|1771194755\n|switch|p1a: Gyarados|Gyarados, F|100/100\n|-ability|p1a: Gyarados|Intimidate|boost\n|-unboost|p2a: Tapu Lele|atk|1\n|turn|15\n|\n|t:|1771194759\n|move|p2a: Tapu Lele|Moonblast|p1a: Gyarados\n|-damage|p1a: Gyarados|49/100\n|-unboost|p1a: Gyarados|spa|1\n|move|p1a: Gyarados|Dragon Dance|p1a: Gyarados\n|-boost|p1a: Gyarados|atk|1\n|-boost|p1a: Gyarados|spe|1\n|\n|upkeep\n|turn|16\n|\n|t:|1771194766\n|detailschange|p1a: Gyarados|Gyarados-Mega, F\n|-mega|p1a: Gyarados|Gyarados|Gyaradosite\n|-ability|p1a: Gyarados|Mold Breaker\n|move|p2a: Tapu Lele|Moonblast|p1a: Gyarados\n|-supereffective|p1a: Gyarados\n|-damage|p1a: Gyarados|0 fnt\n|faint|p1a: Gyarados\n|detailschange|p1: Gyarados|Gyarados, F|[silent]\n|\n|-fieldend|move: Psychic Terrain\n|upkeep\n|\n|t:|1771194770\n|switch|p1a: Heatran|Heatran, F|100/100\n|-damage|p1a: Heatran|88/100|[from] Spikes\n|turn|17\n|\n|t:|1771194776\n|switch|p2a: Zapdos|Zapdos|20/100\n|move|p1a: Heatran|Magma Storm|p2a: Zapdos\n|-damage|p2a: Zapdos|0 fnt\n|faint|p2a: Zapdos\n|\n|upkeep\n|\n|t:|1771194779\n|switch|p2a: Samurott|Samurott-Hisui, F|1/100\n|turn|18\n|\n|t:|1771194782\n|move|p2a: Samurott|Razor Shell|p1a: Heatran\n|-supereffective|p1a: Heatran\n|-damage|p1a: Heatran|0 fnt\n|faint|p1a: Heatran\n|\n|upkeep\n|\n|t:|1771194784\n|switch|p1a: Arctozolt|Arctozolt|44/100\n|-damage|p1a: Arctozolt|31/100|[from] Spikes\n|turn|19\n|\n|t:|1771194786\n|move|p2a: Samurott|Razor Shell|p1a: Arctozolt\n|-damage|p1a: Arctozolt|0 fnt\n|faint|p1a: Arctozolt\n|\n|win|Clangviction\n|raw|iamveeeeeerrrybad's rating: 1707 &rarr; <strong>1681</strong><br />(-26 for losing)\n|raw|Clangviction's rating: 1607 &rarr; <strong>1633</strong><br />(+26 for winning)\n|l|☆iamveeeeeerrrybad\n|player|p1|\n|l|☆Clangviction\n|player|p2|\n", "uploadtime": 1771195019, "views": 8, "formatid": "gen9nationaldex", "rating": 1633, "private": 0, "password": null}