{"id": "gen9nationaldex-2540857256", "format": "[Gen 9] National Dex", "players": ["KeyuZhou", "Yaoshi"], "log": "|j|‽KeyuZhou\n|j|☆Yaoshi\n|t:|1771261143\n|gametype|singles\n|player|p1|KeyuZhou|red|1532\n|player|p2|Yaoshi|silver-masters|1612\n|gen|9\n|tier|[Gen 9] National Dex\n|rated|\n|rule|HP Percentage Mod: HP is shown in percentages\n|rule|Endless Battle Clause: Forcing endless battles is banned\n|rule|Species Clause: Limit one of each Pokémon\n|rule|OHKO Clause: OHKO moves are banned\n|rule|Evasion Clause: Evasion abilities, items, and moves are banned\n|rule|Evasion Abilities Clause: Evasion abilities are banned\n|rule|Evasion Items Clause: Evasion items are banned\n|rule|Evasion Moves Clause: Evasion moves are banned\n|rule|Sleep Clause Mod: Limit one foe put to sleep\n|rule|Terastal Clause: You cannot Terastallize\n|clearpoke\n|poke|p1|Hatterene, F|\n|poke|p1|Great Tusk|\n|poke|p1|Ferrothorn, M|\n|poke|p1|Iron Valiant|\n|poke|p1|Empoleon, F|\n|poke|p1|Pinsir, M|\n|poke|p2|Landorus-Therian, M|\n|poke|p2|Absol, M|\n|poke|p2|Mew|\n|poke|p2|Melmetal|\n|poke|p2|Kyurem|\n|poke|p2|Alomomola, M|\n|teampreview\n|inactive|Battle timer is ON: inactive players will automatically lose when time's up. (requested by Yaoshi)\n|\n|t:|1771261159\n|teamsize|p1|6\n|teamsize|p2|6\n|start\n|switch|p1a: Hatterene|Hatterene, F|100/100\n|switch|p2a: Kyurem|Kyurem|100/100\n|-ability|p2a: Kyurem|Pressure\n|turn|1\n|\n|t:|1771261168\n|switch|p2a: Melmetal|Melmetal, shiny|100/100\n|move|p1a: Hatterene|Draining Kiss|p2a: Melmetal\n|-resisted|p2a: Melmetal\n|-damage|p2a: Melmetal|95/100\n|\n|upkeep\n|turn|2\n|\n|t:|1771261174\n|switch|p1a: Ferrothorn|Ferrothorn, M|100/100\n|move|p2a: Melmetal|Double Iron Bash|p1a: Ferrothorn\n|-resisted|p1a: Ferrothorn\n|-damage|p1a: Ferrothorn|87/100\n|-damage|p2a: Melmetal|82/100|[from] ability: Iron Barbs|[of] p1a: Ferrothorn\n|-resisted|p1a: Ferrothorn\n|-damage|p1a: Ferrothorn|72/100\n|-damage|p2a: Melmetal|70/100|[from] ability: Iron Barbs|[of] p1a: Ferrothorn\n|-hitcount|p1a: Ferrothorn|2\n|\n|-heal|p1a: Ferrothorn|79/100|[from] item: Leftovers\n|upkeep\n|turn|3\n|\n|t:|1771261186\n|switch|p2a: Alomomola|Alomomola, M|100/100\n|move|p1a: Ferrothorn|Stealth Rock|p2a: Alomomola\n|-sidestart|p2: Yaoshi|move: Stealth Rock\n|\n|-heal|p1a: Ferrothorn|85/100|[from] item: Leftovers\n|upkeep\n|turn|4\n|\n|t:|1771261192\n|move|p2a: Alomomola|Scald|p1a: Ferrothorn\n|-resisted|p1a: Ferrothorn\n|-damage|p1a: Ferrothorn|79/100\n|move|p1a: Ferrothorn|Leech Seed|p2a: Alomomola\n|-start|p2a: Alomomola|move: Leech Seed\n|\n|-heal|p1a: Ferrothorn|85/100|[from] item: Leftovers\n|-damage|p2a: Alomomola|88/100|[from] Leech Seed|[of] p1a: Ferrothorn\n|-heal|p1a: Ferrothorn|100/100|[silent]\n|upkeep\n|turn|5\n|\n|t:|1771261201\n|switch|p2a: Landorus|Landorus-Therian, M, shiny|100/100\n|-damage|p2a: Landorus|88/100|[from] Stealth Rock\n|-ability|p2a: Landorus|Intimidate|boost\n|-unboost|p1a: Ferrothorn|atk|1\n|switch|p1a: Empoleon|Empoleon, F|100/100\n|\n|upkeep\n|turn|6\n|\n|t:|1771261214\n|switch|p1a: Pinsir|Pinsir, M|100/100\n|move|p2a: Landorus|Defog|p1a: Pinsir\n|-unboost|p1a: Pinsir|evasion|1\n|-sideend|p2: Yaoshi|Stealth Rock|[from] move: Defog|[of] p2a: Landorus\n|\n|upkeep\n|turn|7\n|\n|t:|1771261223\n|switch|p2a: Alomomola|Alomomola, M|100/100\n|detailschange|p1a: Pinsir|Pinsir-Mega, M\n|-mega|p1a: Pinsir|Pinsir|Pinsirite\n|move|p1a: Pinsir|Frustration|p2a: Alomomola\n|-damage|p2a: Alomomola|61/100\n|-damage|p1a: Pinsir|84/100|[from] item: Rocky Helmet|[of] p2a: Alomomola\n|\n|upkeep\n|turn|8\n|\n|t:|1771261232\n|switch|p1a: Empoleon|Empoleon, F|100/100\n|move|p2a: Alomomola|Flip Turn|p1a: Empoleon\n|-resisted|p1a: Empoleon\n|-damage|p1a: Empoleon|92/100\n|\n|t:|1771261242\n|switch|p2a: Landorus|Landorus-Therian, M, shiny|88/100|[from] Flip Turn\n|-ability|p2a: Landorus|Intimidate|boost\n|-unboost|p1a: Empoleon|atk|1\n|-ability|p1a: Empoleon|Competitive|boost\n|-boost|p1a: Empoleon|spa|2\n|\n|-heal|p1a: Empoleon|98/100|[from] item: Leftovers\n|upkeep\n|turn|9\n|\n|t:|1771261251\n|switch|p1a: Hatterene|Hatterene, F|100/100\n|move|p2a: Landorus|Earthquake|p1a: Hatterene\n|-crit|p1a: Hatterene\n|-damage|p1a: Hatterene|19/100\n|\n|-heal|p1a: Hatterene|25/100|[from] item: Leftovers\n|upkeep\n|turn|10\n|\n|t:|1771261261\n|switch|p1a: Pinsir|Pinsir-Mega, M|84/100\n|move|p2a: Landorus|Earthquake|p1a: Pinsir\n|-immune|p1a: Pinsir\n|\n|upkeep\n|turn|11\n|\n|t:|1771261267\n|switch|p2a: Alomomola|Alomomola, M|94/100\n|move|p1a: Pinsir|Swords Dance|p1a: Pinsir\n|-boost|p1a: Pinsir|atk|2\n|\n|upkeep\n|turn|12\n|\n|t:|1771261273\n|move|p1a: Pinsir|Frustration|p2a: Alomomola\n|-damage|p2a: Alomomola|14/100\n|-damage|p1a: Pinsir|67/100|[from] item: Rocky Helmet|[of] p2a: Alomomola\n|move|p2a: Alomomola|Flip Turn|p1a: Pinsir\n|-damage|p1a: Pinsir|49/100\n|\n|t:|1771261279\n|switch|p2a: Landorus|Landorus-Therian, M, shiny|88/100|[from] Flip Turn\n|-ability|p2a: Landorus|Intimidate|boost\n|-unboost|p1a: Pinsir|atk|1\n|\n|upkeep\n|turn|13\n|\n|t:|1771261285\n|switch|p2a: Melmetal|Melmetal, shiny|70/100\n|switch|p1a: Ferrothorn|Ferrothorn, M|100/100\n|\n|upkeep\n|turn|14\n|\n|t:|1771261292\n|move|p2a: Melmetal|Superpower|p1a: Ferrothorn\n|-supereffective|p1a: Ferrothorn\n|-damage|p1a: Ferrothorn|39/100\n|-unboost|p2a: Melmetal|atk|1\n|-unboost|p2a: Melmetal|def|1\n|-damage|p2a: Melmetal|57/100|[from] ability: Iron Barbs|[of] p1a: Ferrothorn\n|move|p1a: Ferrothorn|Stealth Rock|p2a: Melmetal\n|-sidestart|p2: Yaoshi|move: Stealth Rock\n|\n|-heal|p1a: Ferrothorn|45/100|[from] item: Leftovers\n|upkeep\n|turn|15\n|\n|t:|1771261305\n|switch|p2a: Landorus|Landorus-Therian, M, shiny|88/100\n|-damage|p2a: Landorus|76/100|[from] Stealth Rock\n|-ability|p2a: Landorus|Intimidate|boost\n|-unboost|p1a: Ferrothorn|atk|1\n|switch|p1a: Hatterene|Hatterene, F|25/100\n|\n|-heal|p1a: Hatterene|31/100|[from] item: Leftovers\n|upkeep\n|turn|16\n|\n|t:|1771261315\n|move|p2a: Landorus|Stone Edge|p1a: Hatterene\n|-damage|p1a: Hatterene|0 fnt\n|faint|p1a: Hatterene\n|\n|upkeep\n|\n|t:|1771261319\n|switch|p1a: Great Tusk|Great Tusk|100/100\n|turn|17\n|\n|t:|1771261324\n|switch|p2a: Mew|Mew|100/100\n|-damage|p2a: Mew|88/100|[from] Stealth Rock\n|move|p1a: Great Tusk|Rapid Spin|p2a: Mew\n|-damage|p2a: Mew|75/100\n|-boost|p1a: Great Tusk|spe|1\n|\n|upkeep\n|turn|18\n|\n|t:|1771261334\n|move|p1a: Great Tusk|Close Combat|p2a: Mew\n|-resisted|p2a: Mew\n|-damage|p2a: Mew|53/100\n|-unboost|p1a: Great Tusk|def|1\n|-unboost|p1a: Great Tusk|spd|1\n|move|p2a: Mew|Draining Kiss|p1a: Great Tusk\n|-supereffective|p1a: Great Tusk\n|-damage|p1a: Great Tusk|66/100\n|-heal|p2a: Mew|78/100|[from] drain|[of] p1a: Great Tusk\n|\n|upkeep\n|turn|19\n|\n|t:|1771261343\n|-end|p1a: Great Tusk|Protosynthesis|[silent]\n|switch|p1a: Empoleon|Empoleon, F|98/100\n|move|p2a: Mew|Calm Mind|p2a: Mew\n|-boost|p2a: Mew|spa|1\n|-boost|p2a: Mew|spd|1\n|\n|-heal|p1a: Empoleon|100/100|[from] item: Leftovers\n|upkeep\n|turn|20\n|\n|t:|1771261351\n|move|p2a: Mew|Calm Mind|p2a: Mew\n|-boost|p2a: Mew|spa|1\n|-boost|p2a: Mew|spd|1\n|move|p1a: Empoleon|Toxic|p2a: Mew\n|-status|p2a: Mew|tox\n|-activate|p2a: Mew|ability: Synchronize\n|-immune|p1a: Empoleon\n|\n|-damage|p2a: Mew|72/100 tox|[from] psn\n|upkeep\n|turn|21\n|\n|t:|1771261368\n|move|p2a: Mew|Calm Mind|p2a: Mew\n|-boost|p2a: Mew|spa|1\n|-boost|p2a: Mew|spd|1\n|move|p1a: Empoleon|Roost||[still]\n|-fail|p1a: Empoleon|heal\n|\n|-damage|p2a: Mew|60/100 tox|[from] psn\n|upkeep\n|turn|22\n|\n|t:|1771261380\n|switch|p1a: Ferrothorn|Ferrothorn, M|45/100\n|move|p2a: Mew|Psychic|p1a: Ferrothorn\n|-resisted|p1a: Ferrothorn\n|-damage|p1a: Ferrothorn|13/100\n|\n|-heal|p1a: Ferrothorn|19/100|[from] item: Leftovers\n|-damage|p2a: Mew|41/100 tox|[from] psn\n|upkeep\n|turn|23\n|\n|t:|1771261388\n|move|p1a: Ferrothorn|Protect|p1a: Ferrothorn\n|-singleturn|p1a: Ferrothorn|Protect\n|-zpower|p2a: Mew\n|move|p2a: Mew|Genesis Supernova|p1a: Ferrothorn|[zeffect]\n|-resisted|p1a: Ferrothorn\n|-zbroken|p1a: Ferrothorn\n|-damage|p1a: Ferrothorn|2/100\n|-fieldstart|move: Psychic Terrain\n|\n|-heal|p1a: Ferrothorn|9/100|[from] item: Leftovers\n|-damage|p2a: Mew|16/100 tox|[from] psn\n|upkeep\n|turn|24\n|\n|t:|1771261401\n|switch|p1a: Empoleon|Empoleon, F|100/100\n|move|p2a: Mew|Psychic|p1a: Empoleon\n|-resisted|p1a: Empoleon\n|-damage|p1a: Empoleon|63/100\n|\n|-heal|p1a: Empoleon|69/100|[from] item: Leftovers\n|-damage|p2a: Mew|0 fnt|[from] psn\n|faint|p2a: Mew\n|upkeep\n|\n|t:|1771261414\n|switch|p2a: Alomomola|Alomomola, M|47/100\n|-damage|p2a: Alomomola|34/100|[from] Stealth Rock\n|turn|25\n|\n|t:|1771261418\n|switch|p2a: Kyurem|Kyurem|100/100\n|-damage|p2a: Kyurem|76/100|[from] Stealth Rock\n|-ability|p2a: Kyurem|Pressure\n|move|p1a: Empoleon|Toxic|p2a: Kyurem\n|-status|p2a: Kyurem|tox\n|\n|-heal|p1a: Empoleon|75/100|[from] item: Leftovers\n|-damage|p2a: Kyurem|70/100 tox|[from] psn\n|upkeep\n|turn|26\n|\n|t:|1771261432\n|move|p2a: Kyurem|Earth Power|p1a: Empoleon\n|-supereffective|p1a: Empoleon\n|-damage|p1a: Empoleon|5/100\n|move|p1a: Empoleon|Roost|p1a: Empoleon\n|-heal|p1a: Empoleon|55/100\n|-singleturn|p1a: Empoleon|move: Roost\n|\n|-heal|p1a: Empoleon|61/100|[from] item: Leftovers\n|-damage|p2a: Kyurem|57/100 tox|[from] psn\n|upkeep\n|turn|27\n|\n|t:|1771261443\n|switch|p1a: Ferrothorn|Ferrothorn, M|9/100\n|move|p2a: Kyurem|Earth Power|p1a: Ferrothorn\n|-damage|p1a: Ferrothorn|0 fnt\n|faint|p1a: Ferrothorn\n|\n|-damage|p2a: Kyurem|39/100 tox|[from] psn\n|-fieldend|move: Psychic Terrain\n|upkeep\n|\n|t:|1771261452\n|switch|p1a: Pinsir|Pinsir-Mega, M|49/100\n|turn|28\n|\n|t:|1771261456\n|switch|p2a: Landorus|Landorus-Therian, M, shiny|76/100\n|-damage|p2a: Landorus|63/100|[from] Stealth Rock\n|-ability|p2a: Landorus|Intimidate|boost\n|-unboost|p1a: Pinsir|atk|1\n|move|p1a: Pinsir|Frustration|p2a: Landorus\n|-damage|p2a: Landorus|11/100\n|\n|upkeep\n|turn|29\n|\n|t:|1771261466\n|switch|p2a: Alomomola|Alomomola, M|68/100\n|-damage|p2a: Alomomola|55/100|[from] Stealth Rock\n|move|p1a: Pinsir|Quick Attack|p2a: Alomomola\n|-damage|p2a: Alomomola|45/100\n|-damage|p1a: Pinsir|33/100|[from] item: Rocky Helmet|[of] p2a: Alomomola\n|\n|upkeep\n|turn|30\n|\n|t:|1771261473\n|switch|p1a: Empoleon|Empoleon, F|61/100\n|move|p2a: Alomomola|Wish|p2a: Alomomola\n|\n|-heal|p1a: Empoleon|67/100|[from] item: Leftovers\n|upkeep\n|turn|31\n|\n|t:|1771261480\n|switch|p2a: Melmetal|Melmetal, shiny|57/100\n|-damage|p2a: Melmetal|51/100|[from] Stealth Rock\n|move|p1a: Empoleon|Toxic|p2a: Melmetal\n|-immune|p2a: Melmetal\n|\n|-heal|p2a: Melmetal|100/100|[from] move: Wish|[wisher] Alomomola\n|-heal|p1a: Empoleon|74/100|[from] item: Leftovers\n|upkeep\n|turn|32\n|\n|t:|1771261489\n|switch|p1a: Great Tusk|Great Tusk|66/100\n|move|p2a: Melmetal|Thunder Punch|p1a: Great Tusk\n|-immune|p1a: Great Tusk\n|\n|upkeep\n|turn|33\n|\n|t:|1771261498\n|-end|p1a: Great Tusk|Protosynthesis|[silent]\n|switch|p1a: Empoleon|Empoleon, F|74/100\n|switch|p2a: Landorus|Landorus-Therian, M, shiny|11/100\n|-damage|p2a: Landorus|0 fnt|[from] Stealth Rock\n|faint|p2a: Landorus\n|\n|-heal|p1a: Empoleon|80/100|[from] item: Leftovers\n|upkeep\n|\n|t:|1771261503\n|switch|p2a: Absol|Absol, M|100/100\n|-damage|p2a: Absol|88/100|[from] Stealth Rock\n|turn|34\n|\n|t:|1771261517\n|switch|p1a: Iron Valiant|Iron Valiant|100/100\n|-enditem|p1a: Iron Valiant|Booster Energy\n|-activate|p1a: Iron Valiant|ability: Quark Drive|[fromitem]\n|-start|p1a: Iron Valiant|quarkdrivespe\n|detailschange|p2a: Absol|Absol-Mega, M\n|-mega|p2a: Absol|Absol|Absolite\n|move|p2a: Absol|Swords Dance|p2a: Absol\n|-boost|p2a: Absol|atk|2\n|\n|upkeep\n|turn|35\n|\n|t:|1771261526\n|switch|p2a: Melmetal|Melmetal, shiny|100/100\n|-damage|p2a: Melmetal|94/100|[from] Stealth Rock\n|move|p1a: Iron Valiant|Close Combat|p2a: Melmetal\n|-supereffective|p2a: Melmetal\n|-damage|p2a: Melmetal|36/100\n|-unboost|p1a: Iron Valiant|def|1\n|-unboost|p1a: Iron Valiant|spd|1\n|\n|upkeep\n|turn|36\n|\n|t:|1771261534\n|move|p1a: Iron Valiant|Close Combat|p2a: Melmetal\n|-supereffective|p2a: Melmetal\n|-damage|p2a: Melmetal|0 fnt\n|-unboost|p1a: Iron Valiant|def|1\n|-unboost|p1a: Iron Valiant|spd|1\n|faint|p2a: Melmetal\n|\n|upkeep\n|-message|Yaoshi forfeited.\n|\n|win|KeyuZhou\n|raw|KeyuZhou's rating: 1532 &rarr; <strong>1557</strong><br />(+25 for winning)\n|raw|Yaoshi's rating: 1612 &rarr; <strong>1587</strong><br />(-25 for losing)\n|l|☆Yaoshi\n|player|p2|\n|l|‽KeyuZhou\n|player|p1|\n", "uploadtime": 1771261901, "views": 3, "formatid": "gen9nationaldex", "rating": 1557, "private": 0, "password": null}