{"id": "gen9nationaldex-2540619929", "format": "[Gen 9] National Dex", "players": ["iammistagrinch", "ndx_alt17"], "log": "|j|☆iammistagrinch\n|j|☆ndx_alt17\n|t:|1771228595\n|gametype|singles\n|player|p1|iammistagrinch|102|1610\n|player|p2|ndx_alt17|nate|1592\n|gen|9\n|tier|[Gen 9] National Dex\n|rated|\n|rule|HP Percentage Mod: HP is shown in percentages\n|rule|Endless Battle Clause: Forcing endless battles is banned\n|rule|Species Clause: Limit one of each Pokémon\n|rule|OHKO Clause: OHKO moves are banned\n|rule|Evasion Clause: Evasion abilities, items, and moves are banned\n|rule|Evasion Abilities Clause: Evasion abilities are banned\n|rule|Evasion Items Clause: Evasion items are banned\n|rule|Evasion Moves Clause: Evasion moves are banned\n|rule|Sleep Clause Mod: Limit one foe put to sleep\n|rule|Terastal Clause: You cannot Terastallize\n|clearpoke\n|poke|p1|Celesteela|\n|poke|p1|Terapagos, M|\n|poke|p1|Kommo-o, M|\n|poke|p1|Venusaur, M|\n|poke|p1|Dragonite, M|\n|poke|p1|Ting-Lu|\n|poke|p2|Azumarill, F|\n|poke|p2|Gholdengo|\n|poke|p2|Ferrothorn, M|\n|poke|p2|Charizard, M|\n|poke|p2|Zamazenta-*|\n|poke|p2|Gliscor, M|\n|teampreview\n|inactive|Battle timer is ON: inactive players will automatically lose when time's up. (requested by iammistagrinch)\n|\n|t:|1771228605\n|teamsize|p1|6\n|teamsize|p2|6\n|start\n|switch|p1a: Dragonite|Dragonite, M|100/100\n|switch|p2a: Charizard|Charizard, M|100/100\n|turn|1\n|\n|t:|1771228613\n|move|p2a: Charizard|Dragon Claw|p1a: Dragonite\n|-supereffective|p1a: Dragonite\n|-damage|p1a: Dragonite|77/100\n|move|p1a: Dragonite|Outrage|p2a: Charizard\n|-damage|p2a: Charizard|0 fnt\n|faint|p2a: Charizard\n|\n|upkeep\n|\n|t:|1771228617\n|switch|p2a: Azumarill|Azumarill, F, shiny|100/100\n|turn|2\n|\n|t:|1771228623\n|move|p1a: Dragonite|Outrage|p2a: Azumarill|[from] lockedmove\n|-immune|p2a: Azumarill\n|move|p2a: Azumarill|Play Rough|p1a: Dragonite\n|-supereffective|p1a: Dragonite\n|-damage|p1a: Dragonite|0 fnt\n|faint|p1a: Dragonite\n|\n|upkeep\n|\n|t:|1771228634\n|switch|p1a: Venusaur|Venusaur, M|100/100\n|turn|3\n|\n|t:|1771228638\n|switch|p2a: Ferrothorn|Ferrothorn, M|100/100\n|detailschange|p1a: Venusaur|Venusaur-Mega, M\n|-mega|p1a: Venusaur|Venusaur|Venusaurite\n|move|p1a: Venusaur|Sludge Bomb|p2a: Ferrothorn\n|-immune|p2a: Ferrothorn\n|\n|upkeep\n|turn|4\n|\n|t:|1771228641\n|move|p1a: Venusaur|Hidden Power|p2a: Ferrothorn\n|-supereffective|p2a: Ferrothorn\n|-damage|p2a: Ferrothorn|35/100\n|move|p2a: Ferrothorn|Stealth Rock|p1a: Venusaur\n|-sidestart|p1: iammistagrinch|move: Stealth Rock\n|\n|-heal|p2a: Ferrothorn|41/100|[from] item: Leftovers\n|upkeep\n|turn|5\n|\n|t:|1771228652\n|switch|p2a: Gliscor|Gliscor, M, shiny|100/100\n|move|p1a: Venusaur|Hidden Power|p2a: Gliscor\n|-damage|p2a: Gliscor|82/100\n|\n|-status|p2a: Gliscor|tox|[from] item: Toxic Orb\n|upkeep\n|turn|6\n|\n|t:|1771228657\n|move|p2a: Gliscor|Earthquake|p1a: Venusaur\n|-damage|p1a: Venusaur|70/100\n|move|p1a: Venusaur|Giga Drain|p2a: Gliscor\n|-damage|p2a: Gliscor|48/100 tox\n|-heal|p1a: Venusaur|91/100|[from] drain|[of] p2a: Gliscor\n|\n|-heal|p2a: Gliscor|60/100 tox|[from] ability: Poison Heal\n|upkeep\n|turn|7\n|\n|t:|1771228661\n|move|p2a: Gliscor|Earthquake|p1a: Venusaur\n|-damage|p1a: Venusaur|62/100\n|move|p1a: Venusaur|Giga Drain|p2a: Gliscor\n|-damage|p2a: Gliscor|28/100 tox\n|-heal|p1a: Venusaur|81/100|[from] drain|[of] p2a: Gliscor\n|\n|-heal|p2a: Gliscor|41/100 tox|[from] ability: Poison Heal\n|upkeep\n|turn|8\n|\n|t:|1771228666\n|move|p2a: Gliscor|Protect|p2a: Gliscor\n|-singleturn|p2a: Gliscor|Protect\n|move|p1a: Venusaur|Giga Drain|p2a: Gliscor\n|-activate|p2a: Gliscor|move: Protect\n|\n|-heal|p2a: Gliscor|53/100 tox|[from] ability: Poison Heal\n|upkeep\n|turn|9\n|\n|t:|1771228672\n|move|p2a: Gliscor|Earthquake|p1a: Venusaur\n|-damage|p1a: Venusaur|49/100\n|move|p1a: Venusaur|Giga Drain|p2a: Gliscor\n|-damage|p2a: Gliscor|19/100 tox\n|-heal|p1a: Venusaur|70/100|[from] drain|[of] p2a: Gliscor\n|\n|-heal|p2a: Gliscor|31/100 tox|[from] ability: Poison Heal\n|upkeep\n|turn|10\n|\n|t:|1771228678\n|move|p2a: Gliscor|Earthquake|p1a: Venusaur\n|-damage|p1a: Venusaur|41/100\n|move|p1a: Venusaur|Giga Drain|p2a: Gliscor\n|-damage|p2a: Gliscor|0 fnt\n|-heal|p1a: Venusaur|59/100|[from] drain|[of] p2a: Gliscor\n|faint|p2a: Gliscor\n|\n|upkeep\n|\n|t:|1771228681\n|switch|p2a: Gholdengo|Gholdengo|100/100\n|turn|11\n|\n|t:|1771228688\n|move|p2a: Gholdengo|Nasty Plot|p2a: Gholdengo\n|-boost|p2a: Gholdengo|spa|2\n|move|p1a: Venusaur|Earth Power|p2a: Gholdengo\n|-supereffective|p2a: Gholdengo\n|-damage|p2a: Gholdengo|30/100\n|\n|upkeep\n|turn|12\n|\n|t:|1771228694\n|switch|p1a: Celesteela|Celesteela|100/100\n|-damage|p1a: Celesteela|88/100|[from] Stealth Rock\n|move|p2a: Gholdengo|Make It Rain|p1a: Celesteela\n|-resisted|p1a: Celesteela\n|-crit|p1a: Celesteela\n|-damage|p1a: Celesteela|25/100\n|-unboost|p2a: Gholdengo|spa|1\n|\n|upkeep\n|turn|13\n|\n|t:|1771228700\n|move|p2a: Gholdengo|Make It Rain|p1a: Celesteela\n|-resisted|p1a: Celesteela\n|-damage|p1a: Celesteela|0 fnt\n|-unboost|p2a: Gholdengo|spa|1\n|faint|p1a: Celesteela\n|\n|upkeep\n|\n|t:|1771228712\n|switch|p1a: Ting-Lu|Ting-Lu|100/100\n|-damage|p1a: Ting-Lu|94/100|[from] Stealth Rock\n|-ability|p1a: Ting-Lu|Vessel of Ruin\n|turn|14\n|\n|t:|1771228715\n|switch|p2a: Azumarill|Azumarill, F, shiny|100/100\n|move|p1a: Ting-Lu|Earthquake|p2a: Azumarill\n|-damage|p2a: Azumarill|63/100\n|\n|upkeep\n|turn|15\n|\n|t:|1771228718\n|move|p2a: Azumarill|Liquidation|p1a: Ting-Lu\n|-supereffective|p1a: Ting-Lu\n|-damage|p1a: Ting-Lu|4/100\n|-damage|p2a: Azumarill|46/100|[from] item: Rocky Helmet|[of] p1a: Ting-Lu\n|move|p1a: Ting-Lu|Ruination|p2a: Azumarill\n|-damage|p2a: Azumarill|23/100\n|\n|upkeep\n|turn|16\n|\n|t:|1771228725\n|move|p2a: Azumarill|Liquidation|p1a: Ting-Lu\n|-supereffective|p1a: Ting-Lu\n|-damage|p1a: Ting-Lu|0 fnt\n|-damage|p2a: Azumarill|7/100|[from] item: Rocky Helmet|[of] p1a: Ting-Lu\n|faint|p1a: Ting-Lu\n|\n|upkeep\n|\n|t:|1771228729\n|switch|p1a: Venusaur|Venusaur-Mega, M|59/100\n|-damage|p1a: Venusaur|46/100|[from] Stealth Rock\n|turn|17\n|\n|t:|1771228736\n|switch|p2a: Gholdengo|Gholdengo|30/100\n|move|p1a: Venusaur|Hidden Power|p2a: Gholdengo\n|-supereffective|p2a: Gholdengo\n|-crit|p2a: Gholdengo\n|-damage|p2a: Gholdengo|0 fnt\n|faint|p2a: Gholdengo\n|\n|upkeep\n|\n|t:|1771228739\n|switch|p2a: Zamazenta|Zamazenta, shiny|100/100\n|-ability|p2a: Zamazenta|Dauntless Shield|boost\n|-boost|p2a: Zamazenta|def|1\n|turn|18\n|\n|t:|1771228747\n|move|p2a: Zamazenta|Substitute|p2a: Zamazenta\n|-start|p2a: Zamazenta|Substitute\n|-damage|p2a: Zamazenta|75/100\n|move|p1a: Venusaur|Giga Drain|p2a: Zamazenta\n|-crit|p2a: Zamazenta\n|-end|p2a: Zamazenta|Substitute\n|-heal|p1a: Venusaur|62/100|[from] drain|[of] p2a: Zamazenta\n|\n|-heal|p2a: Zamazenta|82/100|[from] item: Leftovers\n|upkeep\n|turn|19\n|\n|t:|1771228751\n|move|p2a: Zamazenta|Iron Defense|p2a: Zamazenta\n|-boost|p2a: Zamazenta|def|2\n|move|p1a: Venusaur|Giga Drain|p2a: Zamazenta\n|-damage|p2a: Zamazenta|46/100\n|-heal|p1a: Venusaur|83/100|[from] drain|[of] p2a: Zamazenta\n|\n|-heal|p2a: Zamazenta|53/100|[from] item: Leftovers\n|upkeep\n|turn|20\n|-message|ndx_alt17 forfeited.\n|\n|win|iammistagrinch\n|raw|iammistagrinch's rating: 1610 &rarr; <strong>1629</strong><br />(+19 for winning)\n|raw|ndx_alt17's rating: 1592 &rarr; <strong>1573</strong><br />(-19 for losing)\n|l|☆ndx_alt17\n|player|p2|\n|l|☆iammistagrinch\n|player|p1|\n", "uploadtime": 1771228893, "views": 9, "formatid": "gen9nationaldex", "rating": 1573, "private": 0, "password": null}