{"id": "gen9nationaldex-2540535376", "format": "[Gen 9] National Dex", "players": ["Might drago", "JTP2000"], "log": "|j|☆Might drago\n|j|☆JTP2000\n|t:|1771214436\n|gametype|singles\n|player|p1|Might drago|swimmerf-gen6|1551\n|player|p2|JTP2000|raihan|1600\n|gen|9\n|tier|[Gen 9] National Dex\n|rated|\n|rule|HP Percentage Mod: HP is shown in percentages\n|rule|Endless Battle Clause: Forcing endless battles is banned\n|rule|Species Clause: Limit one of each Pokémon\n|rule|OHKO Clause: OHKO moves are banned\n|rule|Evasion Clause: Evasion abilities, items, and moves are banned\n|rule|Evasion Abilities Clause: Evasion abilities are banned\n|rule|Evasion Items Clause: Evasion items are banned\n|rule|Evasion Moves Clause: Evasion moves are banned\n|rule|Sleep Clause Mod: Limit one foe put to sleep\n|rule|Terastal Clause: You cannot Terastallize\n|clearpoke\n|poke|p1|Charizard, M|\n|poke|p1|Great Tusk|\n|poke|p1|Hatterene, F|\n|poke|p1|Corviknight, M|\n|poke|p1|Alomomola, L99, M|\n|poke|p1|Amoonguss, M|\n|poke|p2|Tyranitar, M|\n|poke|p2|Excadrill, M|\n|poke|p2|Alomomola, F|\n|poke|p2|Tapu Lele|\n|poke|p2|Zapdos|\n|poke|p2|Zamazenta-*|\n|teampreview\n|\n|t:|1771214471\n|teamsize|p1|6\n|teamsize|p2|6\n|start\n|switch|p1a: Amoonguss|Amoonguss, M|100/100\n|switch|p2a: Kusotori|Zapdos|100/100\n|turn|1\n|\n|t:|1771214474\n|switch|p1a: Alomomola|Alomomola, L99, M|100/100\n|move|p2a: Kusotori|Hurricane|p1a: Alomomola\n|-damage|p1a: Alomomola|77/100\n|\n|upkeep\n|turn|2\n|\n|t:|1771214477\n|move|p2a: Kusotori|Volt Switch|p1a: Alomomola\n|-supereffective|p1a: Alomomola\n|-damage|p1a: Alomomola|47/100\n|\n|t:|1771214481\n|switch|p2a: Gurren|Tyranitar, M|100/100|[from] Volt Switch\n|-weather|Sandstorm|[from] ability: Sand Stream|[of] p2a: Gurren\n|move|p1a: Alomomola|Flip Turn|p2a: Gurren\n|-supereffective|p2a: Gurren\n|-damage|p2a: Gurren|71/100\n|\n|t:|1771214484\n|switch|p1a: Charizard|Charizard, M|100/100|[from] Flip Turn\n|\n|-weather|Sandstorm|[upkeep]\n|-damage|p1a: Charizard|94/100|[from] Sandstorm\n|upkeep\n|turn|3\n|inactive|Battle timer is ON: inactive players will automatically lose when time's up. (requested by Might drago)\n|\n|t:|1771214488\n|detailschange|p1a: Charizard|Charizard-Mega-Y, M\n|-mega|p1a: Charizard|Charizard|Charizardite Y\n|-weather|SunnyDay|[from] ability: Drought|[of] p1a: Charizard\n|detailschange|p2a: Gurren|Tyranitar-Mega, M\n|-mega|p2a: Gurren|Tyranitar|Tyranitarite\n|-weather|Sandstorm|[from] ability: Sand Stream|[of] p2a: Gurren\n|move|p1a: Charizard|Focus Blast|p2a: Gurren|[miss]\n|-miss|p1a: Charizard|p2a: Gurren\n|move|p2a: Gurren|Stone Edge|p1a: Charizard\n|-supereffective|p1a: Charizard\n|-damage|p1a: Charizard|0 fnt\n|faint|p1a: Charizard\n|detailschange|p1: Charizard|Charizard, M|[silent]\n|\n|-weather|Sandstorm|[upkeep]\n|upkeep\n|\n|t:|1771214494\n|switch|p1a: Great Tusk|Great Tusk|100/100\n|turn|4\n|\n|t:|1771214498\n|switch|p2a: Pink Thing|Alomomola, F|100/100\n|move|p1a: Great Tusk|Stone Edge|p2a: Pink Thing\n|-damage|p2a: Pink Thing|75/100\n|\n|-weather|Sandstorm|[upkeep]\n|-damage|p2a: Pink Thing|69/100|[from] Sandstorm\n|upkeep\n|turn|5\n|\n|t:|1771214501\n|-end|p1a: Great Tusk|Protosynthesis|[silent]\n|switch|p1a: Amoonguss|Amoonguss, M|100/100\n|move|p2a: Pink Thing|Flip Turn|p1a: Amoonguss\n|-resisted|p1a: Amoonguss\n|-damage|p1a: Amoonguss|94/100\n|\n|t:|1771214504\n|switch|p2a: Layla|Tapu Lele|100/100|[from] Flip Turn\n|-fieldstart|move: Psychic Terrain|[from] ability: Psychic Surge|[of] p2a: Layla\n|\n|-weather|Sandstorm|[upkeep]\n|-damage|p2a: Layla|94/100|[from] Sandstorm\n|-damage|p1a: Amoonguss|88/100|[from] Sandstorm\n|-heal|p1a: Amoonguss|94/100|[from] item: Black Sludge\n|upkeep\n|turn|6\n|\n|t:|1771214509\n|switch|p1a: Alomomola|Alomomola, L99, M|80/100\n|move|p2a: Layla|Future Sight|p1a: Alomomola\n|-start|p2a: Layla|move: Future Sight\n|\n|-weather|Sandstorm|[upkeep]\n|-damage|p2a: Layla|88/100|[from] Sandstorm\n|-damage|p1a: Alomomola|74/100|[from] Sandstorm\n|upkeep\n|turn|7\n|\n|t:|1771214514\n|switch|p2a: Warwick|Zamazenta|100/100\n|-ability|p2a: Warwick|Dauntless Shield|boost\n|-boost|p2a: Warwick|def|1\n|move|p1a: Alomomola|Flip Turn|p2a: Warwick\n|-damage|p2a: Warwick|92/100\n|\n|t:|1771214516\n|switch|p1a: Amoonguss|Amoonguss, M|100/100|[from] Flip Turn\n|\n|-weather|none\n|-heal|p2a: Warwick|98/100|[from] item: Leftovers\n|upkeep\n|turn|8\n|\n|t:|1771214521\n|switch|p1a: Hatterene|Hatterene, F, shiny|100/100\n|move|p2a: Warwick|Iron Defense|p2a: Warwick\n|-boost|p2a: Warwick|def|2\n|\n|-end|p1a: Hatterene|move: Future Sight\n|-resisted|p1a: Hatterene\n|-damage|p1a: Hatterene|55/100\n|-heal|p2a: Warwick|100/100|[from] item: Leftovers\n|-heal|p1a: Hatterene|61/100|[from] item: Leftovers\n|upkeep\n|turn|9\n|\n|t:|1771214524\n|move|p2a: Warwick|Heavy Slam|p1a: Hatterene\n|-supereffective|p1a: Hatterene\n|-damage|p1a: Hatterene|0 fnt\n|faint|p1a: Hatterene\n|\n|-fieldend|move: Psychic Terrain\n|upkeep\n|\n|t:|1771214527\n|switch|p1a: Amoonguss|Amoonguss, M|100/100\n|turn|10\n|\n|t:|1771214535\n|switch|p2a: Kusotori|Zapdos|100/100\n|move|p1a: Amoonguss|Spore|p2a: Kusotori\n|-status|p2a: Kusotori|slp|[from] move: Spore\n|\n|upkeep\n|turn|11\n|\n|t:|1771214538\n|cant|p2a: Kusotori|slp\n|move|p1a: Amoonguss|Sludge Bomb|p2a: Kusotori\n|-damage|p2a: Kusotori|72/100 slp\n|\n|upkeep\n|turn|12\n|\n|t:|1771214541\n|cant|p2a: Kusotori|slp\n|move|p1a: Amoonguss|Sludge Bomb|p2a: Kusotori\n|-damage|p2a: Kusotori|44/100 slp\n|\n|upkeep\n|turn|13\n|\n|t:|1771214544\n|-curestatus|p2a: Kusotori|slp|[msg]\n|move|p2a: Kusotori|Roost|p2a: Kusotori\n|-heal|p2a: Kusotori|94/100\n|-singleturn|p2a: Kusotori|move: Roost\n|move|p1a: Amoonguss|Sludge Bomb|p2a: Kusotori\n|-damage|p2a: Kusotori|68/100\n|\n|upkeep\n|turn|14\n|\n|t:|1771214546\n|move|p2a: Kusotori|Hurricane|p1a: Amoonguss|[miss]\n|-miss|p2a: Kusotori|p1a: Amoonguss\n|move|p1a: Amoonguss|Spore|p2a: Kusotori\n|-status|p2a: Kusotori|slp|[from] move: Spore\n|\n|upkeep\n|turn|15\n|\n|t:|1771214549\n|cant|p2a: Kusotori|slp\n|move|p1a: Amoonguss|Sludge Bomb|p2a: Kusotori\n|-damage|p2a: Kusotori|44/100 slp\n|\n|upkeep\n|turn|16\n|\n|t:|1771214557\n|switch|p2a: Lagann|Excadrill, M|100/100\n|move|p1a: Amoonguss|Sludge Bomb|p2a: Lagann\n|-immune|p2a: Lagann\n|\n|upkeep\n|turn|17\n|\n|t:|1771214561\n|move|p2a: Lagann|Earthquake|p1a: Amoonguss\n|-crit|p1a: Amoonguss\n|-damage|p1a: Amoonguss|47/100\n|move|p1a: Amoonguss|Giga Drain|p2a: Lagann\n|-damage|p2a: Lagann|81/100\n|-heal|p1a: Amoonguss|56/100|[from] drain|[of] p2a: Lagann\n|\n|-heal|p1a: Amoonguss|62/100|[from] item: Black Sludge\n|upkeep\n|turn|18\n|\n|t:|1771214565\n|switch|p1a: Corviknight|Corviknight, M, shiny|100/100\n|-ability|p1a: Corviknight|Pressure\n|move|p2a: Lagann|Earthquake|p1a: Corviknight\n|-immune|p1a: Corviknight\n|\n|upkeep\n|turn|19\n|\n|t:|1771214567\n|switch|p2a: Kusotori|Zapdos|44/100 slp\n|move|p1a: Corviknight|U-turn|p2a: Kusotori\n|-resisted|p2a: Kusotori\n|-damage|p2a: Kusotori|39/100 slp\n|-status|p1a: Corviknight|par|[from] ability: Static|[of] p2a: Kusotori\n|\n|t:|1771214569\n|switch|p1a: Amoonguss|Amoonguss, M|95/100|[from] U-turn\n|\n|-heal|p1a: Amoonguss|100/100|[from] item: Black Sludge\n|upkeep\n|turn|20\n|\n|t:|1771214573\n|switch|p2a: Lagann|Excadrill, M|81/100\n|move|p1a: Amoonguss|Sludge Bomb|p2a: Lagann\n|-immune|p2a: Lagann\n|\n|upkeep\n|turn|21\n|\n|t:|1771214578\n|move|p2a: Lagann|Rock Slide|p1a: Amoonguss\n|-damage|p1a: Amoonguss|81/100\n|move|p1a: Amoonguss|Giga Drain|p2a: Lagann\n|-damage|p2a: Lagann|59/100\n|-heal|p1a: Amoonguss|90/100|[from] drain|[of] p2a: Lagann\n|\n|-heal|p1a: Amoonguss|96/100|[from] item: Black Sludge\n|upkeep\n|turn|22\n|\n|t:|1771214582\n|switch|p2a: Kusotori|Zapdos|39/100 slp\n|move|p1a: Amoonguss|Sludge Bomb|p2a: Kusotori\n|-damage|p2a: Kusotori|11/100 slp\n|\n|-heal|p1a: Amoonguss|100/100|[from] item: Black Sludge\n|upkeep\n|turn|23\n|\n|t:|1771214588\n|switch|p2a: Pink Thing|Alomomola, F|100/100\n|move|p1a: Amoonguss|Sludge Bomb|p2a: Pink Thing\n|-damage|p2a: Pink Thing|80/100\n|-status|p2a: Pink Thing|psn\n|\n|-damage|p2a: Pink Thing|67/100 psn|[from] psn\n|upkeep\n|turn|24\n|\n|t:|1771214592\n|move|p2a: Pink Thing|Flip Turn|p1a: Amoonguss\n|-resisted|p1a: Amoonguss\n|-damage|p1a: Amoonguss|94/100\n|\n|t:|1771214596\n|switch|p2a: Gurren|Tyranitar-Mega, M|71/100|[from] Flip Turn\n|-weather|Sandstorm|[from] ability: Sand Stream|[of] p2a: Gurren\n|move|p1a: Amoonguss|Giga Drain|p2a: Gurren\n|-supereffective|p2a: Gurren\n|-damage|p2a: Gurren|46/100\n|-heal|p1a: Amoonguss|100/100|[from] drain|[of] p2a: Gurren\n|\n|-weather|Sandstorm|[upkeep]\n|-damage|p1a: Amoonguss|94/100|[from] Sandstorm\n|-heal|p1a: Amoonguss|100/100|[from] item: Black Sludge\n|upkeep\n|turn|25\n|\n|t:|1771214600\n|switch|p1a: Great Tusk|Great Tusk|100/100\n|move|p2a: Gurren|Knock Off|p1a: Great Tusk\n|-resisted|p1a: Great Tusk\n|-damage|p1a: Great Tusk|75/100\n|-enditem|p1a: Great Tusk|Choice Scarf|[from] move: Knock Off|[of] p2a: Gurren\n|\n|-weather|Sandstorm|[upkeep]\n|upkeep\n|turn|26\n|inactive|JTP2000 has 120 seconds left.\n|\n|t:|1771214647\n|switch|p2a: Pink Thing|Alomomola, F|99/100 psn\n|move|p1a: Great Tusk|Headlong Rush|p2a: Pink Thing\n|-damage|p2a: Pink Thing|62/100 psn\n|-unboost|p1a: Great Tusk|def|1\n|-unboost|p1a: Great Tusk|spd|1\n|\n|-weather|Sandstorm|[upkeep]\n|-damage|p2a: Pink Thing|56/100 psn|[from] Sandstorm\n|-damage|p2a: Pink Thing|44/100 psn|[from] psn\n|upkeep\n|turn|27\n|\n|t:|1771214660\n|move|p1a: Great Tusk|Headlong Rush|p2a: Pink Thing\n|-damage|p2a: Pink Thing|0 fnt\n|-unboost|p1a: Great Tusk|def|1\n|-unboost|p1a: Great Tusk|spd|1\n|faint|p2a: Pink Thing\n|\n|-weather|Sandstorm|[upkeep]\n|upkeep\n|\n|t:|1771214668\n|switch|p2a: Kusotori|Zapdos|11/100 slp\n|turn|28\n|\n|t:|1771214671\n|move|p1a: Great Tusk|Stone Edge|p2a: Kusotori|[miss]\n|-miss|p1a: Great Tusk|p2a: Kusotori\n|-curestatus|p2a: Kusotori|slp|[msg]\n|move|p2a: Kusotori|Roost|p2a: Kusotori\n|-heal|p2a: Kusotori|61/100\n|-singleturn|p2a: Kusotori|move: Roost\n|\n|-weather|none\n|upkeep\n|turn|29\n|\n|t:|1771214676\n|switch|p2a: Warwick|Zamazenta|100/100\n|move|p1a: Great Tusk|Stone Edge|p2a: Warwick\n|-resisted|p2a: Warwick\n|-damage|p2a: Warwick|87/100\n|\n|-heal|p2a: Warwick|93/100|[from] item: Leftovers\n|upkeep\n|turn|30\n|\n|t:|1771214683\n|switch|p2a: Layla|Tapu Lele|88/100\n|-fieldstart|move: Psychic Terrain|[from] ability: Psychic Surge|[of] p2a: Layla\n|-end|p1a: Great Tusk|Protosynthesis|[silent]\n|switch|p1a: Amoonguss|Amoonguss, M|100/100\n|\n|upkeep\n|turn|31\n|\n|t:|1771214688\n|switch|p1a: Alomomola|Alomomola, L99, M|100/100\n|move|p2a: Layla|Future Sight|p1a: Alomomola\n|-start|p2a: Layla|move: Future Sight\n|\n|upkeep\n|turn|32\n|\n|t:|1771214693\n|switch|p2a: Kusotori|Zapdos|61/100\n|move|p1a: Alomomola|Flip Turn|p2a: Kusotori\n|-damage|p2a: Kusotori|49/100\n|\n|t:|1771214696\n|switch|p1a: Amoonguss|Amoonguss, M|100/100|[from] Flip Turn\n|\n|upkeep\n|turn|33\n|\n|t:|1771214700\n|switch|p1a: Alomomola|Alomomola, L99, M|100/100\n|move|p2a: Kusotori|Roost|p2a: Kusotori\n|-heal|p2a: Kusotori|99/100\n|-singleturn|p2a: Kusotori|move: Roost\n|\n|-end|p1a: Alomomola|move: Future Sight\n|-damage|p1a: Alomomola|62/100\n|upkeep\n|turn|34\n|\n|t:|1771214703\n|move|p2a: Kusotori|Volt Switch|p1a: Alomomola\n|-supereffective|p1a: Alomomola\n|-damage|p1a: Alomomola|31/100\n|\n|t:|1771214708\n|switch|p2a: Layla|Tapu Lele|88/100|[from] Volt Switch\n|move|p1a: Alomomola|Flip Turn|p2a: Layla\n|-damage|p2a: Layla|65/100\n|\n|t:|1771214711\n|switch|p1a: Amoonguss|Amoonguss, M|100/100|[from] Flip Turn\n|\n|-fieldend|move: Psychic Terrain\n|upkeep\n|turn|35\n|\n|t:|1771214718\n|switch|p2a: Gurren|Tyranitar-Mega, M|46/100\n|-weather|Sandstorm|[from] ability: Sand Stream|[of] p2a: Gurren\n|move|p1a: Amoonguss|Sludge Bomb|p2a: Gurren\n|-resisted|p2a: Gurren\n|-damage|p2a: Gurren|39/100\n|\n|-weather|Sandstorm|[upkeep]\n|-damage|p1a: Amoonguss|94/100|[from] Sandstorm\n|-heal|p1a: Amoonguss|100/100|[from] item: Black Sludge\n|upkeep\n|turn|36\n|\n|t:|1771214722\n|move|p2a: Gurren|Knock Off|p1a: Amoonguss\n|-damage|p1a: Amoonguss|49/100\n|-enditem|p1a: Amoonguss|Black Sludge|[from] move: Knock Off|[of] p2a: Gurren\n|move|p1a: Amoonguss|Giga Drain|p2a: Gurren\n|-supereffective|p2a: Gurren\n|-damage|p2a: Gurren|15/100\n|-heal|p1a: Amoonguss|59/100|[from] drain|[of] p2a: Gurren\n|\n|-weather|Sandstorm|[upkeep]\n|-damage|p1a: Amoonguss|53/100|[from] Sandstorm\n|upkeep\n|turn|37\n|\n|t:|1771214728\n|switch|p2a: Kusotori|Zapdos|99/100\n|move|p1a: Amoonguss|Giga Drain|p2a: Kusotori\n|-resisted|p2a: Kusotori\n|-crit|p2a: Kusotori\n|-damage|p2a: Kusotori|82/100\n|-heal|p1a: Amoonguss|61/100|[from] drain|[of] p2a: Kusotori\n|\n|-weather|Sandstorm|[upkeep]\n|-damage|p2a: Kusotori|76/100|[from] Sandstorm\n|-damage|p1a: Amoonguss|55/100|[from] Sandstorm\n|upkeep\n|turn|38\n|\n|t:|1771214733\n|switch|p1a: Alomomola|Alomomola, L99, M|64/100\n|move|p2a: Kusotori|Hurricane|p1a: Alomomola\n|-damage|p1a: Alomomola|42/100\n|-start|p1a: Alomomola|confusion\n|\n|-weather|Sandstorm|[upkeep]\n|-damage|p2a: Kusotori|70/100|[from] Sandstorm\n|-damage|p1a: Alomomola|36/100|[from] Sandstorm\n|upkeep\n|turn|39\n|\n|t:|1771214736\n|switch|p1a: Great Tusk|Great Tusk|75/100\n|move|p2a: Kusotori|Volt Switch|p1a: Great Tusk\n|-immune|p1a: Great Tusk\n|\n|-weather|none\n|upkeep\n|turn|40\n|\n|t:|1771214739\n|move|p1a: Great Tusk|Stone Edge|p2a: Kusotori\n|-supereffective|p2a: Kusotori\n|-damage|p2a: Kusotori|20/100\n|move|p2a: Kusotori|Hurricane|p1a: Great Tusk|[miss]\n|-miss|p2a: Kusotori|p1a: Great Tusk\n|\n|upkeep\n|turn|41\n|\n|t:|1771214742\n|switch|p2a: Warwick|Zamazenta|93/100\n|move|p1a: Great Tusk|Stone Edge|p2a: Warwick\n|-resisted|p2a: Warwick\n|-damage|p2a: Warwick|79/100\n|\n|-heal|p2a: Warwick|85/100|[from] item: Leftovers\n|upkeep\n|turn|42\n|\n|t:|1771214749\n|-end|p1a: Great Tusk|Protosynthesis|[silent]\n|switch|p1a: Amoonguss|Amoonguss, M|88/100\n|move|p2a: Warwick|Heavy Slam|p1a: Amoonguss\n|-damage|p1a: Amoonguss|61/100\n|\n|-heal|p2a: Warwick|91/100|[from] item: Leftovers\n|upkeep\n|turn|43\n|\n|t:|1771214758\n|switch|p2a: Gurren|Tyranitar-Mega, M|15/100\n|-weather|Sandstorm|[from] ability: Sand Stream|[of] p2a: Gurren\n|move|p1a: Amoonguss|Spore|p2a: Gurren\n|-status|p2a: Gurren|slp|[from] move: Spore\n|\n|-weather|Sandstorm|[upkeep]\n|-damage|p1a: Amoonguss|55/100|[from] Sandstorm\n|upkeep\n|turn|44\n|\n|t:|1771214762\n|cant|p2a: Gurren|slp\n|move|p1a: Amoonguss|Giga Drain|p2a: Gurren\n|-supereffective|p2a: Gurren\n|-damage|p2a: Gurren|0 fnt\n|-heal|p1a: Amoonguss|61/100|[from] drain|[of] p2a: Gurren\n|faint|p2a: Gurren\n|detailschange|p2: Gurren|Tyranitar, M|[silent]\n|\n|-weather|Sandstorm|[upkeep]\n|-damage|p1a: Amoonguss|55/100|[from] Sandstorm\n|upkeep\n|\n|t:|1771214766\n|switch|p2a: Layla|Tapu Lele|65/100\n|-fieldstart|move: Psychic Terrain|[from] ability: Psychic Surge|[of] p2a: Layla\n|turn|45\n|\n|t:|1771214772\n|switch|p1a: Corviknight|Corviknight, M, shiny|100/100 par\n|-ability|p1a: Corviknight|Pressure\n|move|p2a: Layla|Psychic|p1a: Corviknight\n|-resisted|p1a: Corviknight\n|-damage|p1a: Corviknight|71/100 par\n|\n|-weather|Sandstorm|[upkeep]\n|-damage|p2a: Layla|59/100|[from] Sandstorm\n|upkeep\n|turn|46\n|\n|t:|1771214775\n|move|p2a: Layla|Future Sight|p1a: Corviknight\n|-start|p2a: Layla|move: Future Sight\n|move|p1a: Corviknight|U-turn|p2a: Layla\n|-damage|p2a: Layla|35/100\n|\n|t:|1771214781\n|switch|p1a: Alomomola|Alomomola, L99, M|69/100|[from] U-turn\n|\n|-weather|Sandstorm|[upkeep]\n|-damage|p2a: Layla|29/100|[from] Sandstorm\n|-damage|p1a: Alomomola|63/100|[from] Sandstorm\n|upkeep\n|turn|47\n|\n|t:|1771214785\n|switch|p2a: Warwick|Zamazenta|91/100\n|move|p1a: Alomomola|Flip Turn|p2a: Warwick\n|-damage|p2a: Warwick|78/100\n|\n|t:|1771214788\n|switch|p1a: Corviknight|Corviknight, M, shiny|71/100 par|[from] Flip Turn\n|-ability|p1a: Corviknight|Pressure\n|\n|-weather|none\n|-heal|p2a: Warwick|84/100|[from] item: Leftovers\n|upkeep\n|turn|48\n|\n|t:|1771214795\n|move|p2a: Warwick|Iron Defense|p2a: Warwick\n|-boost|p2a: Warwick|def|2\n|move|p1a: Corviknight|U-turn|p2a: Warwick\n|-resisted|p2a: Warwick\n|-damage|p2a: Warwick|81/100\n|\n|t:|1771214796\n|switch|p1a: Alomomola|Alomomola, L99, M|96/100|[from] U-turn\n|\n|-end|p1a: Alomomola|move: Future Sight\n|-damage|p1a: Alomomola|56/100\n|-heal|p2a: Warwick|88/100|[from] item: Leftovers\n|upkeep\n|turn|49\n|\n|t:|1771214799\n|switch|p1a: Amoonguss|Amoonguss, M|88/100\n|move|p2a: Warwick|Body Press|p1a: Amoonguss\n|-resisted|p1a: Amoonguss\n|-damage|p1a: Amoonguss|63/100\n|\n|-heal|p2a: Warwick|94/100|[from] item: Leftovers\n|-fieldend|move: Psychic Terrain\n|upkeep\n|turn|50\n|\n|t:|1771214803\n|switch|p2a: Kusotori|Zapdos|20/100\n|move|p1a: Amoonguss|Spore|p2a: Kusotori\n|-status|p2a: Kusotori|slp|[from] move: Spore\n|\n|upkeep\n|turn|51\n|\n|t:|1771214805\n|cant|p2a: Kusotori|slp\n|move|p1a: Amoonguss|Sludge Bomb|p2a: Kusotori\n|-damage|p2a: Kusotori|0 fnt\n|faint|p2a: Kusotori\n|\n|upkeep\n|\n|t:|1771214808\n|switch|p2a: Layla|Tapu Lele|29/100\n|-fieldstart|move: Psychic Terrain|[from] ability: Psychic Surge|[of] p2a: Layla\n|turn|52\n|\n|t:|1771214811\n|switch|p1a: Alomomola|Alomomola, L99, M|89/100\n|move|p2a: Layla|Future Sight|p1a: Alomomola\n|-start|p2a: Layla|move: Future Sight\n|\n|upkeep\n|turn|53\n|\n|t:|1771214813\n|move|p2a: Layla|Psychic|p1a: Alomomola\n|-damage|p1a: Alomomola|61/100\n|-unboost|p1a: Alomomola|spd|1\n|move|p1a: Alomomola|Flip Turn|p2a: Layla\n|-damage|p2a: Layla|3/100\n|\n|t:|1771214816\n|switch|p1a: Corviknight|Corviknight, M, shiny|71/100 par|[from] Flip Turn\n|-ability|p1a: Corviknight|Pressure\n|\n|upkeep\n|turn|54\n|\n|t:|1771214819\n|-zpower|p2a: Layla\n|move|p2a: Layla|All-Out Pummeling|p1a: Corviknight|[zeffect]\n|-damage|p1a: Corviknight|8/100 par\n|cant|p1a: Corviknight|par\n|\n|-end|p1a: Corviknight|move: Future Sight\n|-resisted|p1a: Corviknight\n|-damage|p1a: Corviknight|0 fnt\n|faint|p1a: Corviknight\n|upkeep\n|\n|t:|1771214821\n|switch|p1a: Alomomola|Alomomola, L99, M|94/100\n|turn|55\n|\n|t:|1771214824\n|switch|p2a: Warwick|Zamazenta|94/100\n|move|p1a: Alomomola|Flip Turn|p2a: Warwick\n|-damage|p2a: Warwick|80/100\n|\n|t:|1771214826\n|switch|p1a: Amoonguss|Amoonguss, M|96/100|[from] Flip Turn\n|\n|-heal|p2a: Warwick|86/100|[from] item: Leftovers\n|upkeep\n|turn|56\n|\n|t:|1771214830\n|move|p2a: Warwick|Iron Defense|p2a: Warwick\n|-boost|p2a: Warwick|def|2\n|move|p1a: Amoonguss|Giga Drain|p2a: Warwick\n|-damage|p2a: Warwick|65/100\n|-heal|p1a: Amoonguss|100/100|[from] drain|[of] p2a: Warwick\n|\n|-heal|p2a: Warwick|71/100|[from] item: Leftovers\n|-fieldend|move: Psychic Terrain\n|upkeep\n|turn|57\n|\n|t:|1771214835\n|move|p2a: Warwick|Heavy Slam|p1a: Amoonguss\n|-damage|p1a: Amoonguss|75/100\n|move|p1a: Amoonguss|Spore|p2a: Warwick\n|-status|p2a: Warwick|slp|[from] move: Spore\n|\n|-heal|p2a: Warwick|77/100 slp|[from] item: Leftovers\n|upkeep\n|turn|58\n|\n|t:|1771214839\n|switch|p2a: Lagann|Excadrill, M|59/100\n|move|p1a: Amoonguss|Spore|p2a: Lagann\n|-message|Sleep Clause Mod activated.\n|-hint|Sleep Clause Mod prevents players from putting more than one of their opponent's Pokémon to sleep at a time\n|\n|upkeep\n|turn|59\n|\n|t:|1771214845\n|move|p2a: Lagann|Earthquake|p1a: Amoonguss\n|-damage|p1a: Amoonguss|39/100\n|move|p1a: Amoonguss|Giga Drain|p2a: Lagann\n|-damage|p2a: Lagann|38/100\n|-heal|p1a: Amoonguss|48/100|[from] drain|[of] p2a: Lagann\n|\n|upkeep\n|turn|60\n|\n|t:|1771214848\n|move|p2a: Lagann|Earthquake|p1a: Amoonguss\n|-damage|p1a: Amoonguss|10/100\n|move|p1a: Amoonguss|Giga Drain|p2a: Lagann\n|-damage|p2a: Lagann|17/100\n|-heal|p1a: Amoonguss|19/100|[from] drain|[of] p2a: Lagann\n|\n|upkeep\n|turn|61\n|\n|t:|1771214851\n|switch|p1a: Alomomola|Alomomola, L99, M|100/100\n|move|p2a: Lagann|Earthquake|p1a: Alomomola\n|-damage|p1a: Alomomola|59/100\n|\n|upkeep\n|turn|62\n|\n|t:|1771214858\n|move|p2a: Lagann|Earthquake|p1a: Alomomola\n|-damage|p1a: Alomomola|13/100\n|move|p1a: Alomomola|Flip Turn|p2a: Lagann\n|-supereffective|p2a: Lagann\n|-damage|p2a: Lagann|0 fnt\n|faint|p2a: Lagann\n|\n|t:|1771214860\n|switch|p1a: Amoonguss|Amoonguss, M|52/100|[from] Flip Turn\n|\n|upkeep\n|\n|t:|1771214862\n|switch|p2a: Layla|Tapu Lele|3/100\n|-fieldstart|move: Psychic Terrain|[from] ability: Psychic Surge|[of] p2a: Layla\n|turn|63\n|\n|t:|1771214866\n|switch|p1a: Great Tusk|Great Tusk|75/100\n|move|p2a: Layla|Psychic|p1a: Great Tusk\n|-supereffective|p1a: Great Tusk\n|-damage|p1a: Great Tusk|0 fnt\n|faint|p1a: Great Tusk\n|-end|p1a: Great Tusk|Protosynthesis|[silent]\n|\n|upkeep\n|\n|t:|1771214867\n|switch|p1a: Alomomola|Alomomola, L99, M|47/100\n|turn|64\n|\n|t:|1771214874\n|switch|p2a: Warwick|Zamazenta|77/100 slp\n|move|p1a: Alomomola|Flip Turn|p2a: Warwick\n|-damage|p2a: Warwick|64/100 slp\n|\n|t:|1771214875\n|switch|p1a: Amoonguss|Amoonguss, M|85/100|[from] Flip Turn\n|\n|-heal|p2a: Warwick|70/100 slp|[from] item: Leftovers\n|upkeep\n|turn|65\n|\n|t:|1771214880\n|cant|p2a: Warwick|slp\n|move|p1a: Amoonguss|Sludge Bomb|p2a: Warwick\n|-damage|p2a: Warwick|43/100 slp\n|\n|-heal|p2a: Warwick|49/100 slp|[from] item: Leftovers\n|upkeep\n|turn|66\n|\n|t:|1771214884\n|-curestatus|p2a: Warwick|slp|[msg]\n|move|p2a: Warwick|Heavy Slam|p1a: Amoonguss\n|-damage|p1a: Amoonguss|59/100\n|move|p1a: Amoonguss|Sludge Bomb|p2a: Warwick\n|-damage|p2a: Warwick|21/100\n|-status|p2a: Warwick|psn\n|\n|-heal|p2a: Warwick|27/100 psn|[from] item: Leftovers\n|-damage|p2a: Warwick|15/100 psn|[from] psn\n|upkeep\n|turn|67\n|\n|t:|1771214887\n|move|p2a: Warwick|Heavy Slam|p1a: Amoonguss\n|-damage|p1a: Amoonguss|36/100\n|move|p1a: Amoonguss|Giga Drain|p2a: Warwick\n|-damage|p2a: Warwick|0 fnt\n|-heal|p1a: Amoonguss|41/100|[from] drain|[of] p2a: Warwick\n|faint|p2a: Warwick\n|\n|-fieldend|move: Psychic Terrain\n|upkeep\n|\n|t:|1771214890\n|switch|p2a: Layla|Tapu Lele|3/100\n|-fieldstart|move: Psychic Terrain|[from] ability: Psychic Surge|[of] p2a: Layla\n|turn|68\n|\n|t:|1771214892\n|move|p2a: Layla|Psychic|p1a: Amoonguss\n|-supereffective|p1a: Amoonguss\n|-damage|p1a: Amoonguss|0 fnt\n|faint|p1a: Amoonguss\n|\n|upkeep\n|\n|t:|1771214893\n|switch|p1a: Alomomola|Alomomola, L99, M|80/100\n|turn|69\n|\n|t:|1771214897\n|move|p2a: Layla|Psychic|p1a: Alomomola\n|-damage|p1a: Alomomola|48/100\n|move|p1a: Alomomola|Liquidation|p2a: Layla\n|-damage|p2a: Layla|0 fnt\n|faint|p2a: Layla\n|\n|win|Might drago\n|raw|Might drago's rating: 1551 &rarr; <strong>1574</strong><br />(+23 for winning)\n|raw|JTP2000's rating: 1600 &rarr; <strong>1577</strong><br />(-23 for losing)\n|l|☆JTP2000\n|player|p2|\n|l|☆Might drago\n|player|p1|\n", "uploadtime": 1771215103, "views": 6, "formatid": "gen9nationaldex", "rating": 1574, "private": 0, "password": null}