{"id": "gen9nationaldex-2540769355", "format": "[Gen 9] National Dex", "players": ["Laughs2Giggles", "mew354"], "log": "|j|☆Laughs2Giggles\n|j|☆mew354\n|t:|1771251935\n|gametype|singles\n|player|p1|Laughs2Giggles|flint|1537\n|player|p2|mew354|n|1596\n|gen|9\n|tier|[Gen 9] National Dex\n|rated|\n|rule|HP Percentage Mod: HP is shown in percentages\n|rule|Endless Battle Clause: Forcing endless battles is banned\n|rule|Species Clause: Limit one of each Pokémon\n|rule|OHKO Clause: OHKO moves are banned\n|rule|Evasion Clause: Evasion abilities, items, and moves are banned\n|rule|Evasion Abilities Clause: Evasion abilities are banned\n|rule|Evasion Items Clause: Evasion items are banned\n|rule|Evasion Moves Clause: Evasion moves are banned\n|rule|Sleep Clause Mod: Limit one foe put to sleep\n|rule|Terastal Clause: You cannot Terastallize\n|clearpoke\n|poke|p1|Necrozma|\n|poke|p1|Pecharunt|\n|poke|p1|Skeledirge, M|\n|poke|p1|Samurott-Hisui, M|\n|poke|p1|Ferrothorn, F|\n|poke|p1|Great Tusk|\n|poke|p2|Tapu Koko|\n|poke|p2|Landorus-Therian, M|\n|poke|p2|Pinsir, M|\n|poke|p2|Greninja-*, M|\n|poke|p2|Volcarona, M|\n|poke|p2|Great Tusk|\n|teampreview\n|inactive|Battle timer is ON: inactive players will automatically lose when time's up. (requested by Laughs2Giggles)\n|\n|t:|1771251962\n|teamsize|p1|6\n|teamsize|p2|6\n|start\n|switch|p1a: Samurott|Samurott-Hisui, M, shiny|100/100\n|switch|p2a: Greninja|Greninja, M|100/100\n|turn|1\n|\n|t:|1771251976\n|move|p2a: Greninja|Hydro Pump|p1a: Samurott\n|-resisted|p1a: Samurott\n|-damage|p1a: Samurott|65/100\n|move|p1a: Samurott|Ceaseless Edge|p2a: Greninja\n|-resisted|p2a: Greninja\n|-crit|p2a: Greninja\n|-damage|p2a: Greninja|45/100\n|-sidestart|p2: mew354|Spikes\n|\n|upkeep\n|turn|2\n|\n|t:|1771251984\n|move|p2a: Greninja|Hydro Pump|p1a: Samurott\n|-resisted|p1a: Samurott\n|-damage|p1a: Samurott|31/100\n|move|p1a: Samurott|Ceaseless Edge|p2a: Greninja\n|-resisted|p2a: Greninja\n|-damage|p2a: Greninja|4/100\n|-sidestart|p2: mew354|Spikes\n|\n|upkeep\n|turn|3\n|\n|t:|1771251993\n|move|p2a: Greninja|Water Shuriken|p1a: Samurott\n|-resisted|p1a: Samurott\n|-damage|p1a: Samurott|26/100\n|-resisted|p1a: Samurott\n|-damage|p1a: Samurott|22/100\n|-resisted|p1a: Samurott\n|-damage|p1a: Samurott|17/100\n|-hitcount|p1a: Samurott|3\n|move|p1a: Samurott|Sucker Punch||[still]\n|-fail|p1a: Samurott\n|\n|upkeep\n|turn|4\n|\n|t:|1771251998\n|move|p2a: Greninja|Water Shuriken|p1a: Samurott\n|-resisted|p1a: Samurott\n|-damage|p1a: Samurott|12/100\n|-resisted|p1a: Samurott\n|-damage|p1a: Samurott|8/100\n|-hitcount|p1a: Samurott|2\n|move|p1a: Samurott|Ceaseless Edge|p2a: Greninja|[miss]\n|-miss|p1a: Samurott|p2a: Greninja\n|\n|upkeep\n|turn|5\n|\n|t:|1771252006\n|move|p2a: Greninja|Water Shuriken|p1a: Samurott\n|-resisted|p1a: Samurott\n|-damage|p1a: Samurott|3/100\n|-resisted|p1a: Samurott\n|-damage|p1a: Samurott|0 fnt\n|faint|p1a: Samurott\n|-ability|p2a: Greninja|Battle Bond|boost\n|-boost|p2a: Greninja|atk|1\n|-boost|p2a: Greninja|spa|1\n|-boost|p2a: Greninja|spe|1\n|-activate|p2a: Greninja|ability: Battle Bond\n|-hitcount|p1: Samurott|2\n|\n|upkeep\n|\n|t:|1771252012\n|switch|p1a: Ferrothorn|Ferrothorn, F|100/100\n|turn|6\n|\n|t:|1771252019\n|-zpower|p2a: Greninja\n|move|p2a: Greninja|Hydro Vortex|p1a: Ferrothorn|[zeffect]\n|-resisted|p1a: Ferrothorn\n|-damage|p1a: Ferrothorn|43/100\n|move|p1a: Ferrothorn|Knock Off|p2a: Greninja\n|-resisted|p2a: Greninja\n|-damage|p2a: Greninja|0 fnt\n|faint|p2a: Greninja\n|\n|upkeep\n|\n|t:|1771252034\n|switch|p2a: Great Tusk|Great Tusk|100/100\n|turn|7\n|\n|t:|1771252039\n|switch|p1a: Pecharunt|Pecharunt|100/100\n|move|p2a: Great Tusk|Headlong Rush|p1a: Pecharunt\n|-supereffective|p1a: Pecharunt\n|-damage|p1a: Pecharunt|40/100\n|-unboost|p2a: Great Tusk|def|1\n|-unboost|p2a: Great Tusk|spd|1\n|-damage|p2a: Great Tusk|84/100|[from] item: Rocky Helmet|[of] p1a: Pecharunt\n|\n|upkeep\n|turn|8\n|\n|t:|1771252049\n|move|p2a: Great Tusk|Headlong Rush|p1a: Pecharunt\n|-supereffective|p1a: Pecharunt\n|-damage|p1a: Pecharunt|0 fnt\n|-unboost|p2a: Great Tusk|def|1\n|-unboost|p2a: Great Tusk|spd|1\n|-damage|p2a: Great Tusk|68/100|[from] item: Rocky Helmet|[of] p1a: Pecharunt\n|faint|p1a: Pecharunt\n|\n|upkeep\n|\n|t:|1771252062\n|switch|p1a: Great Tusk|Great Tusk|100/100\n|turn|9\n|\n|t:|1771252067\n|-end|p2a: Great Tusk|Protosynthesis|[silent]\n|switch|p2a: Volcarona|Volcarona, M|100/100\n|move|p1a: Great Tusk|Rapid Spin|p2a: Volcarona\n|-damage|p2a: Volcarona|71/100\n|-boost|p1a: Great Tusk|spe|1\n|-status|p1a: Great Tusk|brn|[from] ability: Flame Body|[of] p2a: Volcarona\n|\n|-damage|p1a: Great Tusk|94/100 brn|[from] brn\n|upkeep\n|turn|10\n|\n|t:|1771252075\n|-end|p1a: Great Tusk|Protosynthesis|[silent]\n|switch|p1a: Skeledirge|Skeledirge, M|100/100\n|move|p2a: Volcarona|Quiver Dance|p2a: Volcarona\n|-boost|p2a: Volcarona|spa|1\n|-boost|p2a: Volcarona|spd|1\n|-boost|p2a: Volcarona|spe|1\n|\n|upkeep\n|turn|11\n|\n|t:|1771252079\n|move|p2a: Volcarona|Hidden Power|p1a: Skeledirge\n|-supereffective|p1a: Skeledirge\n|-damage|p1a: Skeledirge|71/100\n|move|p1a: Skeledirge|Torch Song|p2a: Volcarona\n|-damage|p2a: Volcarona|41/100\n|-boost|p1a: Skeledirge|spa|1\n|\n|upkeep\n|turn|12\n|\n|t:|1771252086\n|move|p2a: Volcarona|Hidden Power|p1a: Skeledirge\n|-supereffective|p1a: Skeledirge\n|-damage|p1a: Skeledirge|37/100\n|move|p1a: Skeledirge|Will-O-Wisp|p2a: Volcarona\n|-immune|p2a: Volcarona\n|\n|upkeep\n|turn|13\n|\n|t:|1771252093\n|move|p2a: Volcarona|Hidden Power|p1a: Skeledirge\n|-supereffective|p1a: Skeledirge\n|-damage|p1a: Skeledirge|8/100\n|move|p1a: Skeledirge|Slack Off|p1a: Skeledirge\n|-heal|p1a: Skeledirge|58/100\n|\n|upkeep\n|turn|14\n|\n|t:|1771252099\n|move|p2a: Volcarona|Hidden Power|p1a: Skeledirge\n|-supereffective|p1a: Skeledirge\n|-damage|p1a: Skeledirge|26/100\n|move|p1a: Skeledirge|Slack Off|p1a: Skeledirge\n|-heal|p1a: Skeledirge|76/100\n|\n|upkeep\n|turn|15\n|\n|t:|1771252104\n|move|p2a: Volcarona|Hidden Power|p1a: Skeledirge\n|-supereffective|p1a: Skeledirge\n|-damage|p1a: Skeledirge|46/100\n|move|p1a: Skeledirge|Slack Off|p1a: Skeledirge\n|-heal|p1a: Skeledirge|96/100\n|\n|upkeep\n|turn|16\n|\n|t:|1771252109\n|move|p2a: Volcarona|Hidden Power|p1a: Skeledirge\n|-supereffective|p1a: Skeledirge\n|-damage|p1a: Skeledirge|66/100\n|move|p1a: Skeledirge|Torch Song|p2a: Volcarona\n|-damage|p2a: Volcarona|0 fnt\n|-boost|p1a: Skeledirge|spa|1\n|faint|p2a: Volcarona\n|\n|upkeep\n|\n|t:|1771252116\n|switch|p2a: Great Tusk|Great Tusk|68/100\n|turn|17\n|\n|t:|1771252121\n|move|p2a: Great Tusk|Headlong Rush|p1a: Skeledirge\n|-supereffective|p1a: Skeledirge\n|-damage|p1a: Skeledirge|0 fnt\n|-unboost|p2a: Great Tusk|def|1\n|-unboost|p2a: Great Tusk|spd|1\n|faint|p1a: Skeledirge\n|\n|upkeep\n|\n|t:|1771252124\n|switch|p1a: Necrozma|Necrozma|100/100\n|turn|18\n|\n|t:|1771252130\n|move|p2a: Great Tusk|Rapid Spin|p1a: Necrozma\n|-damage|p1a: Necrozma|86/100\n|-boost|p2a: Great Tusk|spe|1\n|-sideend|p2: mew354|Spikes|[from] move: Rapid Spin|[of] p2a: Great Tusk\n|move|p1a: Necrozma|Cosmic Power|p1a: Necrozma\n|-boost|p1a: Necrozma|def|1\n|-boost|p1a: Necrozma|spd|1\n|\n|-heal|p1a: Necrozma|92/100|[from] item: Leftovers\n|upkeep\n|turn|19\n|\n|t:|1771252137\n|move|p2a: Great Tusk|Headlong Rush|p1a: Necrozma\n|-damage|p1a: Necrozma|61/100\n|-unboost|p2a: Great Tusk|def|1\n|-unboost|p2a: Great Tusk|spd|1\n|move|p1a: Necrozma|Cosmic Power|p1a: Necrozma\n|-boost|p1a: Necrozma|def|1\n|-boost|p1a: Necrozma|spd|1\n|\n|-heal|p1a: Necrozma|67/100|[from] item: Leftovers\n|upkeep\n|turn|20\n|\n|t:|1771252144\n|-end|p2a: Great Tusk|Protosynthesis|[silent]\n|switch|p2a: Landorus|Landorus-Therian, M|100/100\n|-ability|p2a: Landorus|Intimidate|boost\n|-unboost|p1a: Necrozma|atk|1\n|move|p1a: Necrozma|Cosmic Power|p1a: Necrozma\n|-boost|p1a: Necrozma|def|1\n|-boost|p1a: Necrozma|spd|1\n|\n|-heal|p1a: Necrozma|73/100|[from] item: Leftovers\n|upkeep\n|turn|21\n|\n|t:|1771252149\n|move|p2a: Landorus|Taunt|p1a: Necrozma\n|-start|p1a: Necrozma|move: Taunt\n|cant|p1a: Necrozma|move: Taunt|Morning Sun\n|\n|-heal|p1a: Necrozma|79/100|[from] item: Leftovers\n|upkeep\n|turn|22\n|\n|t:|1771252155\n|move|p2a: Landorus|Earthquake|p1a: Necrozma\n|-damage|p1a: Necrozma|65/100\n|move|p1a: Necrozma|Stored Power|p2a: Landorus\n|-damage|p2a: Landorus|35/100\n|\n|-heal|p1a: Necrozma|71/100|[from] item: Leftovers\n|upkeep\n|turn|23\n|\n|t:|1771252161\n|move|p2a: Landorus|Earthquake|p1a: Necrozma\n|-damage|p1a: Necrozma|54/100\n|move|p1a: Necrozma|Stored Power|p2a: Landorus\n|-damage|p2a: Landorus|0 fnt\n|faint|p2a: Landorus\n|\n|-heal|p1a: Necrozma|60/100|[from] item: Leftovers\n|-end|p1a: Necrozma|move: Taunt\n|upkeep\n|\n|t:|1771252167\n|switch|p2a: Tapu Koko|Tapu Koko|100/100\n|-fieldstart|move: Electric Terrain|[from] ability: Electric Surge|[of] p2a: Tapu Koko\n|turn|24\n|\n|t:|1771252171\n|move|p2a: Tapu Koko|Thunderbolt|p1a: Necrozma\n|-damage|p1a: Necrozma|35/100\n|move|p1a: Necrozma|Morning Sun|p1a: Necrozma\n|-heal|p1a: Necrozma|85/100\n|\n|-heal|p1a: Necrozma|91/100|[from] item: Leftovers\n|upkeep\n|turn|25\n|\n|t:|1771252177\n|move|p2a: Tapu Koko|Thunderbolt|p1a: Necrozma\n|-damage|p1a: Necrozma|70/100\n|move|p1a: Necrozma|Charge Beam|p2a: Tapu Koko\n|-resisted|p2a: Tapu Koko\n|-damage|p2a: Tapu Koko|86/100\n|-boost|p1a: Necrozma|spa|1\n|\n|-heal|p1a: Necrozma|76/100|[from] item: Leftovers\n|upkeep\n|turn|26\n|\n|t:|1771252183\n|move|p2a: Tapu Koko|Thunderbolt|p1a: Necrozma\n|-damage|p1a: Necrozma|53/100\n|move|p1a: Necrozma|Cosmic Power|p1a: Necrozma\n|-boost|p1a: Necrozma|def|1\n|-boost|p1a: Necrozma|spd|1\n|\n|-heal|p1a: Necrozma|59/100|[from] item: Leftovers\n|upkeep\n|turn|27\n|\n|t:|1771252186\n|move|p2a: Tapu Koko|Thunderbolt|p1a: Necrozma\n|-damage|p1a: Necrozma|40/100\n|move|p1a: Necrozma|Morning Sun|p1a: Necrozma\n|-heal|p1a: Necrozma|90/100\n|\n|-heal|p1a: Necrozma|96/100|[from] item: Leftovers\n|upkeep\n|turn|28\n|\n|t:|1771252191\n|move|p2a: Tapu Koko|Thunderbolt|p1a: Necrozma\n|-damage|p1a: Necrozma|78/100\n|move|p1a: Necrozma|Stored Power|p2a: Tapu Koko\n|-damage|p2a: Tapu Koko|0 fnt\n|faint|p2a: Tapu Koko\n|\n|-heal|p1a: Necrozma|84/100|[from] item: Leftovers\n|-fieldend|move: Electric Terrain\n|upkeep\n|\n|t:|1771252196\n|switch|p2a: Pinsir|Pinsir, M, shiny|100/100\n|turn|29\n|\n|t:|1771252201\n|detailschange|p2a: Pinsir|Pinsir-Mega, M, shiny\n|-mega|p2a: Pinsir|Pinsir|Pinsirite\n|move|p2a: Pinsir|Return|p1a: Necrozma\n|-damage|p1a: Necrozma|63/100\n|move|p1a: Necrozma|Stored Power|p2a: Pinsir\n|-damage|p2a: Pinsir|0 fnt\n|faint|p2a: Pinsir\n|detailschange|p2: Pinsir|Pinsir, M, shiny|[silent]\n|\n|-heal|p1a: Necrozma|69/100|[from] item: Leftovers\n|upkeep\n|\n|t:|1771252207\n|switch|p2a: Great Tusk|Great Tusk|68/100\n|turn|30\n|\n|t:|1771252210\n|move|p2a: Great Tusk|Headlong Rush|p1a: Necrozma\n|-damage|p1a: Necrozma|53/100\n|-unboost|p2a: Great Tusk|def|1\n|-unboost|p2a: Great Tusk|spd|1\n|move|p1a: Necrozma|Stored Power|p2a: Great Tusk\n|-supereffective|p2a: Great Tusk\n|-crit|p2a: Great Tusk\n|-damage|p2a: Great Tusk|0 fnt\n|faint|p2a: Great Tusk\n|-end|p2a: Great Tusk|Protosynthesis|[silent]\n|\n|win|Laughs2Giggles\n|raw|Laughs2Giggles's rating: 1537 &rarr; <strong>1560</strong><br />(+23 for winning)\n|raw|mew354's rating: 1596 &rarr; <strong>1573</strong><br />(-23 for losing)\n|l|☆mew354\n|player|p2|\n|l|☆Laughs2Giggles\n|player|p1|\n", "uploadtime": 1771252438, "views": 5, "formatid": "gen9nationaldex", "rating": 1560, "private": 0, "password": null}