{"id": "gen9nationaldex-2540663917", "format": "[Gen 9] National Dex", "players": ["Pope Temporal", "starebirdxx"], "log": "|j|☆Pope Temporal\n|j|☆starebirdxx\n|t:|1771236486\n|gametype|singles\n|player|p1|Pope Temporal|cynthia-gen4|1613\n|player|p2|starebirdxx|rosa|1614\n|gen|9\n|tier|[Gen 9] National Dex\n|rated|\n|rule|HP Percentage Mod: HP is shown in percentages\n|rule|Endless Battle Clause: Forcing endless battles is banned\n|rule|Species Clause: Limit one of each Pokémon\n|rule|OHKO Clause: OHKO moves are banned\n|rule|Evasion Clause: Evasion abilities, items, and moves are banned\n|rule|Evasion Abilities Clause: Evasion abilities are banned\n|rule|Evasion Items Clause: Evasion items are banned\n|rule|Evasion Moves Clause: Evasion moves are banned\n|rule|Sleep Clause Mod: Limit one foe put to sleep\n|rule|Terastal Clause: You cannot Terastallize\n|clearpoke\n|poke|p1|Lopunny, F|\n|poke|p1|Tapu Koko|\n|poke|p1|Gholdengo|\n|poke|p1|Iron Valiant|\n|poke|p1|Landorus-Therian, M|\n|poke|p1|Samurott-Hisui, M|\n|poke|p2|Hatterene, F|\n|poke|p2|Cresselia, F|\n|poke|p2|Porygon2|\n|poke|p2|Ursaluna, M|\n|poke|p2|Mawile, F|\n|poke|p2|Marowak-Alola, M|\n|teampreview\n|inactive|Battle timer is ON: inactive players will automatically lose when time's up. (requested by Pope Temporal)\n|\n|t:|1771236497\n|teamsize|p1|6\n|teamsize|p2|6\n|start\n|switch|p1a: Samurott|Samurott-Hisui, M|100/100\n|switch|p2a: Mawile|Mawile, F|100/100\n|-ability|p2a: Mawile|Intimidate|boost\n|-unboost|p1a: Samurott|atk|1\n|turn|1\n|\n|t:|1771236507\n|switch|p1a: Gholdengo|Gholdengo|100/100\n|detailschange|p2a: Mawile|Mawile-Mega, F\n|-mega|p2a: Mawile|Mawile|Mawilite\n|move|p2a: Mawile|Play Rough|p1a: Gholdengo|[miss]\n|-miss|p2a: Mawile|p1a: Gholdengo\n|\n|upkeep\n|turn|2\n|\n|t:|1771236513\n|switch|p1a: Lopunny|Lopunny, F|100/100\n|switch|p2a: Porygon2|Porygon2|100/100\n|-ability|p2a: Porygon2|Cute Charm|Trace|[from] ability: Trace|[of] p1a: Lopunny\n|\n|upkeep\n|turn|3\n|\n|t:|1771236518\n|switch|p2a: Cresselia|Cresselia, F|100/100\n|detailschange|p1a: Lopunny|Lopunny-Mega, F\n|-mega|p1a: Lopunny|Lopunny|Lopunnite\n|move|p1a: Lopunny|U-turn|p2a: Cresselia\n|-supereffective|p2a: Cresselia\n|-damage|p2a: Cresselia|73/100\n|-damage|p1a: Lopunny|84/100|[from] item: Rocky Helmet|[of] p2a: Cresselia\n|\n|t:|1771236520\n|switch|p1a: Samurott|Samurott-Hisui, M|100/100|[from] U-turn\n|\n|upkeep\n|turn|4\n|\n|t:|1771236524\n|switch|p2a: Mawile|Mawile-Mega, F|100/100\n|move|p1a: Samurott|Ceaseless Edge|p2a: Mawile\n|-resisted|p2a: Mawile\n|-damage|p2a: Mawile|80/100\n|-sidestart|p2: starebirdxx|Spikes\n|\n|upkeep\n|turn|5\n|\n|t:|1771236527\n|move|p1a: Samurott|Razor Shell|p2a: Mawile\n|-damage|p2a: Mawile|33/100\n|-unboost|p2a: Mawile|def|1\n|move|p2a: Mawile|Play Rough|p1a: Samurott\n|-supereffective|p1a: Samurott\n|-damage|p1a: Samurott|0 fnt\n|-damage|p2a: Mawile|16/100|[from] item: Rocky Helmet|[of] p1a: Samurott\n|faint|p1a: Samurott\n|\n|upkeep\n|\n|t:|1771236536\n|switch|p1a: Iron Valiant|Iron Valiant|100/100\n|turn|6\n|\n|t:|1771236547\n|move|p1a: Iron Valiant|Knock Off|p2a: Mawile\n|-resisted|p2a: Mawile\n|-damage|p2a: Mawile|0 fnt\n|faint|p2a: Mawile\n|detailschange|p2: Mawile|Mawile, F|[silent]\n|-damage|p1a: Iron Valiant|91/100|[from] item: Life Orb\n|\n|upkeep\n|\n|t:|1771236551\n|switch|p2a: Hatterene|Hatterene, F|100/100\n|-damage|p2a: Hatterene|88/100|[from] Spikes\n|turn|7\n|\n|t:|1771236553\n|-end|p1a: Iron Valiant|Quark Drive|[silent]\n|switch|p1a: Gholdengo|Gholdengo|100/100\n|move|p2a: Hatterene|Trick Room|p2a: Hatterene\n|-fieldstart|move: Trick Room|[of] p2a: Hatterene\n|\n|upkeep\n|turn|8\n|\n|t:|1771236564\n|switch|p2a: Porygon2|Porygon2|100/100\n|-damage|p2a: Porygon2|88/100|[from] Spikes\n|-ability|p2a: Porygon2|Good as Gold|Trace|[from] ability: Trace|[of] p1a: Gholdengo\n|move|p1a: Gholdengo|Make It Rain|p2a: Porygon2\n|-damage|p2a: Porygon2|58/100\n|-unboost|p1a: Gholdengo|spa|1\n|\n|upkeep\n|turn|9\n|\n|t:|1771236568\n|move|p1a: Gholdengo|Make It Rain|p2a: Porygon2\n|-damage|p2a: Porygon2|39/100\n|-unboost|p1a: Gholdengo|spa|1\n|move|p2a: Porygon2|Teleport|p2a: Porygon2\n|\n|t:|1771236574\n|switch|p2a: Ursaluna|Ursaluna, M|100/100|[from] Teleport\n|-damage|p2a: Ursaluna|88/100|[from] Spikes\n|\n|-status|p2a: Ursaluna|brn|[from] item: Flame Orb\n|upkeep\n|turn|10\n|\n|t:|1771236578\n|switch|p1a: Landorus|Landorus-Therian, M|100/100\n|-ability|p1a: Landorus|Intimidate|boost\n|-unboost|p2a: Ursaluna|atk|1\n|move|p2a: Ursaluna|Swords Dance|p2a: Ursaluna\n|-boost|p2a: Ursaluna|atk|2\n|\n|-damage|p2a: Ursaluna|82/100 brn|[from] brn\n|upkeep\n|turn|11\n|l|☆starebirdxx\n|inactive|starebirdxx disconnected and has a minute to reconnect!\n|player|p2|\n|inactive|starebirdxx has 30 seconds to reconnect!\n|inactive|starebirdxx has 20 seconds to reconnect!\n|inactive|starebirdxx has 15 seconds to reconnect!\n|inactive|starebirdxx has 10 seconds to reconnect!\n|j|☆starebirdxx\n|inactive|starebirdxx reconnected and has 85 seconds left.\n|player|p2|starebirdxx|rosa|\n|\n|t:|1771236645\n|switch|p1a: Gholdengo|Gholdengo|100/100\n|move|p2a: Ursaluna|Fire Punch|p1a: Gholdengo\n|-supereffective|p1a: Gholdengo\n|-damage|p1a: Gholdengo|0 fnt\n|faint|p1a: Gholdengo\n|\n|-damage|p2a: Ursaluna|76/100 brn|[from] brn\n|-fieldend|move: Trick Room\n|upkeep\n|\n|t:|1771236651\n|switch|p1a: Iron Valiant|Iron Valiant|91/100\n|turn|12\n|\n|t:|1771236667\n|switch|p2a: Hatterene|Hatterene, F|88/100\n|-damage|p2a: Hatterene|76/100|[from] Spikes\n|move|p1a: Iron Valiant|Close Combat|p2a: Hatterene\n|-resisted|p2a: Hatterene\n|-damage|p2a: Hatterene|55/100\n|-unboost|p1a: Iron Valiant|def|1\n|-unboost|p1a: Iron Valiant|spd|1\n|-damage|p1a: Iron Valiant|81/100|[from] item: Life Orb\n|\n|upkeep\n|turn|13\n|\n|t:|1771236670\n|move|p1a: Iron Valiant|Moonblast|p2a: Hatterene\n|-damage|p2a: Hatterene|0 fnt\n|faint|p2a: Hatterene\n|-damage|p1a: Iron Valiant|71/100|[from] item: Life Orb\n|\n|upkeep\n|\n|t:|1771236676\n|switch|p2a: Cresselia|Cresselia, F|73/100\n|turn|14\n|\n|t:|1771236680\n|-end|p1a: Iron Valiant|Quark Drive|[silent]\n|switch|p1a: Landorus|Landorus-Therian, M|100/100\n|-ability|p1a: Landorus|Intimidate|boost\n|-unboost|p2a: Cresselia|atk|1\n|move|p2a: Cresselia|Trick Room|p2a: Cresselia\n|-fieldstart|move: Trick Room|[of] p2a: Cresselia\n|\n|upkeep\n|turn|15\n|\n|t:|1771236683\n|move|p2a: Cresselia|Ice Beam|p1a: Landorus\n|-supereffective|p1a: Landorus\n|-damage|p1a: Landorus|20/100\n|move|p1a: Landorus|U-turn|p2a: Cresselia\n|-supereffective|p2a: Cresselia\n|-damage|p2a: Cresselia|45/100\n|-damage|p1a: Landorus|4/100|[from] item: Rocky Helmet|[of] p2a: Cresselia\n|\n|t:|1771236688\n|switch|p1a: Tapu Koko|Tapu Koko|100/100|[from] U-turn\n|-fieldstart|move: Electric Terrain|[from] ability: Electric Surge|[of] p1a: Tapu Koko\n|\n|upkeep\n|turn|16\n|\n|t:|1771236691\n|move|p2a: Cresselia|Moonlight|p2a: Cresselia\n|-heal|p2a: Cresselia|95/100\n|move|p1a: Tapu Koko|U-turn|p2a: Cresselia\n|-supereffective|p2a: Cresselia\n|-damage|p2a: Cresselia|76/100\n|-damage|p1a: Tapu Koko|84/100|[from] item: Rocky Helmet|[of] p2a: Cresselia\n|\n|t:|1771236693\n|switch|p1a: Landorus|Landorus-Therian, M|4/100|[from] U-turn\n|-ability|p1a: Landorus|Intimidate|boost\n|-unboost|p2a: Cresselia|atk|1\n|\n|upkeep\n|turn|17\n|\n|t:|1771236696\n|switch|p1a: Tapu Koko|Tapu Koko|84/100\n|move|p2a: Cresselia|Ice Beam|p1a: Tapu Koko\n|-damage|p1a: Tapu Koko|57/100\n|\n|upkeep\n|turn|18\n|\n|t:|1771236700\n|move|p2a: Cresselia|Ice Beam|p1a: Tapu Koko\n|-damage|p1a: Tapu Koko|30/100\n|move|p1a: Tapu Koko|Discharge|p2a: Cresselia\n|-damage|p2a: Cresselia|48/100\n|\n|-fieldend|move: Trick Room\n|upkeep\n|turn|19\n|\n|t:|1771236704\n|move|p1a: Tapu Koko|U-turn|p2a: Cresselia\n|-supereffective|p2a: Cresselia\n|-damage|p2a: Cresselia|31/100\n|-damage|p1a: Tapu Koko|14/100|[from] item: Rocky Helmet|[of] p2a: Cresselia\n|\n|t:|1771236707\n|switch|p1a: Lopunny|Lopunny-Mega, F|84/100|[from] U-turn\n|move|p2a: Cresselia|Trick Room|p2a: Cresselia\n|-fieldstart|move: Trick Room|[of] p2a: Cresselia\n|\n|upkeep\n|turn|20\n|\n|t:|1771236718\n|move|p2a: Cresselia|Lunar Dance|p2a: Cresselia\n|faint|p2a: Cresselia\n|move|p1a: Lopunny|U-turn|p2: Cresselia|[notarget]\n|-fail|p1a: Lopunny\n|\n|upkeep\n|\n|t:|1771236719\n|switch|p2a: Marowak|Marowak-Alola, M|100/100\n|-damage|p2a: Marowak|88/100|[from] Spikes\n|turn|21\n|\n|t:|1771236722\n|switch|p1a: Landorus|Landorus-Therian, M|4/100\n|-ability|p1a: Landorus|Intimidate|boost\n|-unboost|p2a: Marowak|atk|1\n|move|p2a: Marowak|Flare Blitz|p1a: Landorus\n|-damage|p1a: Landorus|0 fnt\n|faint|p1a: Landorus\n|\n|upkeep\n|\n|t:|1771236729\n|switch|p1a: Lopunny|Lopunny-Mega, F|84/100\n|turn|22\n|\n|t:|1771236731\n|move|p1a: Lopunny|Fake Out|p2a: Marowak\n|-damage|p2a: Marowak|68/100\n|cant|p2a: Marowak|flinch\n|\n|-fieldend|move: Electric Terrain\n|upkeep\n|turn|23\n|\n|t:|1771236734\n|switch|p1a: Tapu Koko|Tapu Koko|14/100\n|-fieldstart|move: Electric Terrain|[from] ability: Electric Surge|[of] p1a: Tapu Koko\n|move|p2a: Marowak|Flare Blitz|p1a: Tapu Koko\n|-damage|p1a: Tapu Koko|0 fnt\n|faint|p1a: Tapu Koko\n|\n|-fieldend|move: Trick Room\n|upkeep\n|\n|t:|1771236737\n|switch|p1a: Lopunny|Lopunny-Mega, F|84/100\n|turn|24\n|\n|t:|1771236740\n|move|p1a: Lopunny|Fake Out|p2a: Marowak\n|-damage|p2a: Marowak|45/100\n|cant|p2a: Marowak|flinch\n|\n|upkeep\n|turn|25\n|\n|t:|1771236742\n|move|p1a: Lopunny|Close Combat|p2a: Marowak\n|-damage|p2a: Marowak|0 fnt\n|-unboost|p1a: Lopunny|def|1\n|-unboost|p1a: Lopunny|spd|1\n|faint|p2a: Marowak\n|\n|upkeep\n|\n|t:|1771236745\n|switch|p2a: Porygon2|Porygon2|39/100\n|-heal|p2a: Porygon2|100/100|[from] move: Lunar Dance\n|-damage|p2a: Porygon2|88/100|[from] Spikes\n|-ability|p2a: Porygon2|Scrappy|Trace|[from] ability: Trace|[of] p1a: Lopunny\n|turn|26\n|\n|t:|1771236772\n|move|p1a: Lopunny|Close Combat|p2a: Porygon2\n|-supereffective|p2a: Porygon2\n|-damage|p2a: Porygon2|0 fnt\n|-unboost|p1a: Lopunny|def|1\n|-unboost|p1a: Lopunny|spd|1\n|faint|p2a: Porygon2\n|\n|upkeep\n|-message|starebirdxx forfeited.\n|\n|win|Pope Temporal\n|raw|Pope Temporal's rating: 1613 &rarr; <strong>1633</strong><br />(+20 for winning)\n|raw|starebirdxx's rating: 1614 &rarr; <strong>1594</strong><br />(-20 for losing)\n|l|☆starebirdxx\n|player|p2|\n|l|☆Pope Temporal\n|player|p1|\n", "uploadtime": 1771237041, "views": 8, "formatid": "gen9nationaldex", "rating": 1594, "private": 0, "password": null}