{"id": "gen9nationaldex-2540413649", "format": "[Gen 9] National Dex", "players": ["Rhinohammer318", "blackddarkness"], "log": "|j|☆Rhinohammer318\n|j|☆blackddarkness\n|t:|1771199024\n|gametype|singles\n|player|p1|Rhinohammer318|harlequin|1576\n|player|p2|blackddarkness|169|1661\n|gen|9\n|tier|[Gen 9] National Dex\n|rated|\n|rule|HP Percentage Mod: HP is shown in percentages\n|rule|Endless Battle Clause: Forcing endless battles is banned\n|rule|Species Clause: Limit one of each Pokémon\n|rule|OHKO Clause: OHKO moves are banned\n|rule|Evasion Clause: Evasion abilities, items, and moves are banned\n|rule|Evasion Abilities Clause: Evasion abilities are banned\n|rule|Evasion Items Clause: Evasion items are banned\n|rule|Evasion Moves Clause: Evasion moves are banned\n|rule|Sleep Clause Mod: Limit one foe put to sleep\n|rule|Terastal Clause: You cannot Terastallize\n|clearpoke\n|poke|p1|Goodra-Hisui, F|\n|poke|p1|Tapu Bulu|\n|poke|p1|Lokix, F|\n|poke|p1|Sandy Shocks|\n|poke|p1|Hawlucha, F|\n|poke|p1|Samurott-Hisui, F|\n|poke|p2|Mandibuzz, F|\n|poke|p2|Ogerpon-Wellspring, F|\n|poke|p2|Slowbro, M|\n|poke|p2|Clodsire, M|\n|poke|p2|Slowking-Galar, M|\n|poke|p2|Scizor, F|\n|teampreview\n|\n|t:|1771199047\n|teamsize|p1|6\n|teamsize|p2|6\n|start\n|switch|p1a: Lokix|Lokix, F|100/100\n|switch|p2a: Ogerpon|Ogerpon-Wellspring, F|100/100\n|turn|1\n|inactive|Battle timer is ON: inactive players will automatically lose when time's up. (requested by blackddarkness)\n|\n|t:|1771199052\n|switch|p2a: Scizor|Scizor, F|100/100\n|move|p1a: Lokix|First Impression|p2a: Scizor\n|-resisted|p2a: Scizor\n|-damage|p2a: Scizor|72/100\n|\n|upkeep\n|turn|2\n|\n|t:|1771199063\n|detailschange|p2a: Scizor|Scizor-Mega, F\n|-mega|p2a: Scizor|Scizor|Scizorite\n|move|p1a: Lokix|Sucker Punch|p2a: Scizor\n|-damage|p2a: Scizor|53/100\n|move|p2a: Scizor|U-turn|p1a: Lokix\n|-supereffective|p1a: Lokix\n|-damage|p1a: Lokix|0 fnt\n|faint|p1a: Lokix\n|\n|t:|1771199073\n|switch|p2a: Slowbro|Slowbro, M|100/100|[from] U-turn\n|\n|upkeep\n|\n|t:|1771199076\n|switch|p1a: Samurott|Samurott-Hisui, F|100/100\n|turn|3\n|\n|t:|1771199081\n|move|p1a: Samurott|Ceaseless Edge|p2a: Slowbro\n|-supereffective|p2a: Slowbro\n|-damage|p2a: Slowbro|48/100\n|-damage|p1a: Samurott|84/100|[from] item: Rocky Helmet|[of] p2a: Slowbro\n|-sidestart|p2: blackddarkness|Spikes\n|move|p2a: Slowbro|Scald|p1a: Samurott\n|-resisted|p1a: Samurott\n|-damage|p1a: Samurott|64/100\n|\n|upkeep\n|turn|4\n|\n|t:|1771199090\n|switch|p2a: Man|Mandibuzz, F, shiny|100/100\n|move|p1a: Samurott|Ceaseless Edge|p2a: Man\n|-resisted|p2a: Man\n|-crit|p2a: Man\n|-damage|p2a: Man|81/100\n|-sidestart|p2: blackddarkness|Spikes\n|\n|upkeep\n|turn|5\n|\n|t:|1771199099\n|switch|p1a: Sandy Shocks|Sandy Shocks|100/100\n|move|p2a: Man|Defog|p1a: Sandy Shocks\n|-unboost|p1a: Sandy Shocks|evasion|1\n|-sideend|p2: blackddarkness|Spikes|[from] move: Defog|[of] p2a: Man\n|\n|upkeep\n|turn|6\n|\n|t:|1771199107\n|switch|p2a: Clodsire|Clodsire, M, shiny|100/100\n|move|p1a: Sandy Shocks|Stealth Rock|p2a: Clodsire\n|-sidestart|p2: blackddarkness|move: Stealth Rock\n|\n|upkeep\n|turn|7\n|\n|t:|1771199115\n|-end|p1a: Sandy Shocks|Protosynthesis|[silent]\n|switch|p1a: Tapu Bulu|Tapu Bulu|100/100\n|-fieldstart|move: Grassy Terrain|[from] ability: Grassy Surge|[of] p1a: Tapu Bulu\n|move|p2a: Clodsire|Toxic|p1a: Tapu Bulu\n|-status|p1a: Tapu Bulu|tox\n|\n|-damage|p1a: Tapu Bulu|94/100 tox|[from] psn\n|upkeep\n|turn|8\n|\n|t:|1771199137\n|switch|p2a: Man|Mandibuzz, F, shiny|81/100\n|-zpower|p1a: Tapu Bulu\n|move|p1a: Tapu Bulu|Continental Crush|p2a: Man|[zeffect]\n|-supereffective|p2a: Man\n|-damage|p2a: Man|5/100\n|\n|-heal|p1a: Tapu Bulu|100/100 tox|[from] Grassy Terrain\n|-damage|p1a: Tapu Bulu|88/100 tox|[from] psn\n|upkeep\n|turn|9\n|\n|t:|1771199156\n|switch|p2a: Clodsire|Clodsire, M, shiny|100/100\n|-damage|p2a: Clodsire|94/100|[from] Stealth Rock\n|move|p1a: Tapu Bulu|Horn Leech|p2a: Clodsire\n|-damage|p2a: Clodsire|39/100\n|-heal|p1a: Tapu Bulu|100/100 tox|[from] drain|[of] p2a: Clodsire\n|\n|-heal|p2a: Clodsire|45/100|[from] Grassy Terrain\n|-heal|p2a: Clodsire|51/100|[from] item: Black Sludge\n|-damage|p1a: Tapu Bulu|82/100 tox|[from] psn\n|upkeep\n|turn|10\n|inactive|blackddarkness has 120 seconds left.\n|\n|t:|1771199173\n|switch|p2a: Slowking|Slowking-Galar, M|100/100\n|-damage|p2a: Slowking|88/100|[from] Stealth Rock\n|move|p1a: Tapu Bulu|Horn Leech|p2a: Slowking\n|-resisted|p2a: Slowking\n|-damage|p2a: Slowking|62/100\n|-heal|p1a: Tapu Bulu|97/100 tox|[from] drain|[of] p2a: Slowking\n|\n|-heal|p1a: Tapu Bulu|100/100 tox|[from] Grassy Terrain\n|-heal|p2a: Slowking|68/100|[from] Grassy Terrain\n|-damage|p1a: Tapu Bulu|76/100 tox|[from] psn\n|upkeep\n|turn|11\n|inactive|blackddarkness has 120 seconds left.\n|\n|t:|1771199191\n|switch|p1a: Samurott|Samurott-Hisui, F|64/100\n|move|p2a: Slowking|Sludge Bomb|p1a: Samurott\n|-damage|p1a: Samurott|16/100\n|\n|-heal|p1a: Samurott|22/100|[from] Grassy Terrain\n|-heal|p2a: Slowking|74/100|[from] Grassy Terrain\n|-fieldend|move: Grassy Terrain\n|upkeep\n|turn|12\n|\n|t:|1771199201\n|switch|p2a: Scizor|Scizor-Mega, F|53/100\n|-damage|p2a: Scizor|40/100|[from] Stealth Rock\n|move|p1a: Samurott|Ceaseless Edge|p2a: Scizor\n|-damage|p2a: Scizor|17/100\n|-sidestart|p2: blackddarkness|Spikes\n|\n|upkeep\n|turn|13\n|\n|t:|1771199208\n|switch|p1a: Sandy Shocks|Sandy Shocks|100/100\n|move|p2a: Scizor|Bullet Punch|p1a: Sandy Shocks\n|-resisted|p1a: Sandy Shocks\n|-damage|p1a: Sandy Shocks|84/100\n|\n|upkeep\n|turn|14\n|\n|t:|1771199223\n|move|p2a: Scizor|Bullet Punch|p1a: Sandy Shocks\n|-resisted|p1a: Sandy Shocks\n|-damage|p1a: Sandy Shocks|69/100\n|move|p1a: Sandy Shocks|Volt Switch|p2a: Scizor\n|-damage|p2a: Scizor|0 fnt\n|faint|p2a: Scizor\n|detailschange|p2: Scizor|Scizor, F|[silent]\n|\n|t:|1771199230\n|-end|p1a: Sandy Shocks|Protosynthesis|[silent]\n|switch|p1a: Tapu Bulu|Tapu Bulu|76/100 tox|[from] Volt Switch\n|-fieldstart|move: Grassy Terrain|[from] ability: Grassy Surge|[of] p1a: Tapu Bulu\n|\n|-heal|p1a: Tapu Bulu|82/100 tox|[from] Grassy Terrain\n|-damage|p1a: Tapu Bulu|76/100 tox|[from] psn\n|upkeep\n|\n|t:|1771199238\n|switch|p2a: Slowking|Slowking-Galar, M|100/100\n|-damage|p2a: Slowking|88/100|[from] Stealth Rock\n|-damage|p2a: Slowking|76/100|[from] Spikes\n|turn|15\n|\n|t:|1771199245\n|switch|p1a: Goodra|Goodra-Hisui, F|100/100\n|move|p2a: Slowking|Flamethrower|p1a: Goodra\n|-damage|p1a: Goodra|90/100\n|\n|-heal|p1a: Goodra|96/100|[from] Grassy Terrain\n|-heal|p2a: Slowking|82/100|[from] Grassy Terrain\n|upkeep\n|turn|16\n|\n|t:|1771199255\n|move|p2a: Slowking|Flamethrower|p1a: Goodra\n|-damage|p1a: Goodra|86/100\n|move|p1a: Goodra|Dragon Tail|p2a: Slowking\n|-damage|p2a: Slowking|62/100\n|drag|p2a: Ogerpon|Ogerpon-Wellspring, F|100/100\n|-damage|p2a: Ogerpon|88/100|[from] Stealth Rock\n|-damage|p2a: Ogerpon|76/100|[from] Spikes\n|\n|-heal|p2a: Ogerpon|82/100|[from] Grassy Terrain\n|-heal|p1a: Goodra|92/100|[from] Grassy Terrain\n|upkeep\n|turn|17\n|\n|t:|1771199266\n|move|p2a: Ogerpon|Superpower|p1a: Goodra\n|-supereffective|p1a: Goodra\n|-damage|p1a: Goodra|9/100\n|-unboost|p2a: Ogerpon|atk|1\n|-unboost|p2a: Ogerpon|def|1\n|move|p1a: Goodra|Dragon Tail|p2a: Ogerpon\n|-damage|p2a: Ogerpon|43/100\n|drag|p2a: Clodsire|Clodsire, M, shiny|51/100\n|-damage|p2a: Clodsire|45/100|[from] Stealth Rock\n|-damage|p2a: Clodsire|32/100|[from] Spikes\n|\n|-heal|p1a: Goodra|15/100|[from] Grassy Terrain\n|-heal|p2a: Clodsire|39/100|[from] Grassy Terrain\n|-heal|p2a: Clodsire|45/100|[from] item: Black Sludge\n|upkeep\n|turn|18\n|\n|t:|1771199280\n|switch|p1a: Tapu Bulu|Tapu Bulu|76/100 tox\n|move|p2a: Clodsire|Recover|p2a: Clodsire\n|-heal|p2a: Clodsire|95/100\n|\n|-heal|p1a: Tapu Bulu|82/100 tox|[from] Grassy Terrain\n|-heal|p2a: Clodsire|100/100|[from] Grassy Terrain\n|-damage|p1a: Tapu Bulu|76/100 tox|[from] psn\n|-fieldend|move: Grassy Terrain\n|upkeep\n|turn|19\n|\n|t:|1771199290\n|switch|p1a: Goodra|Goodra-Hisui, F|15/100\n|switch|p2a: Slowking|Slowking-Galar, M|95/100\n|-damage|p2a: Slowking|82/100|[from] Stealth Rock\n|-damage|p2a: Slowking|70/100|[from] Spikes\n|\n|upkeep\n|turn|20\n|\n|t:|1771199298\n|move|p1a: Goodra|Flash Cannon|p2a: Slowking\n|-damage|p2a: Slowking|54/100\n|move|p2a: Slowking|Flamethrower|p1a: Goodra\n|-damage|p1a: Goodra|5/100\n|\n|upkeep\n|turn|21\n|\n|t:|1771199321\n|switch|p2a: Slowbro|Slowbro, M|81/100\n|-damage|p2a: Slowbro|69/100|[from] Stealth Rock\n|-damage|p2a: Slowbro|57/100|[from] Spikes\n|move|p1a: Goodra|Dragon Tail|p2a: Slowbro\n|-damage|p2a: Slowbro|43/100\n|-damage|p1a: Goodra|0 fnt|[from] item: Rocky Helmet|[of] p2a: Slowbro\n|faint|p1a: Goodra\n|drag|p2a: Clodsire|Clodsire, M, shiny|100/100\n|-damage|p2a: Clodsire|94/100|[from] Stealth Rock\n|-damage|p2a: Clodsire|82/100|[from] Spikes\n|\n|-heal|p2a: Clodsire|88/100|[from] item: Black Sludge\n|upkeep\n|\n|t:|1771199327\n|switch|p1a: Tapu Bulu|Tapu Bulu|76/100 tox\n|-fieldstart|move: Grassy Terrain|[from] ability: Grassy Surge|[of] p1a: Tapu Bulu\n|turn|22\n|\n|t:|1771199343\n|switch|p2a: Slowking|Slowking-Galar, M|87/100\n|-damage|p2a: Slowking|75/100|[from] Stealth Rock\n|-damage|p2a: Slowking|62/100|[from] Spikes\n|move|p1a: Tapu Bulu|Horn Leech|p2a: Slowking\n|-resisted|p2a: Slowking\n|-damage|p2a: Slowking|36/100\n|-heal|p1a: Tapu Bulu|91/100 tox|[from] drain|[of] p2a: Slowking\n|\n|-heal|p1a: Tapu Bulu|98/100 tox|[from] Grassy Terrain\n|-heal|p2a: Slowking|42/100|[from] Grassy Terrain\n|-damage|p1a: Tapu Bulu|91/100 tox|[from] psn\n|upkeep\n|turn|23\n|\n|t:|1771199358\n|move|p1a: Tapu Bulu|High Horsepower|p2a: Slowking\n|-supereffective|p2a: Slowking\n|-damage|p2a: Slowking|0 fnt\n|faint|p2a: Slowking\n|\n|-heal|p1a: Tapu Bulu|98/100 tox|[from] Grassy Terrain\n|-damage|p1a: Tapu Bulu|85/100 tox|[from] psn\n|upkeep\n|inactive|blackddarkness has 120 seconds left.\n|-message|blackddarkness forfeited.\n|\n|win|Rhinohammer318\n|raw|Rhinohammer318's rating: 1576 &rarr; <strong>1601</strong><br />(+25 for winning)\n|raw|blackddarkness's rating: 1661 &rarr; <strong>1636</strong><br />(-25 for losing)\n|l|☆blackddarkness\n|player|p2|\n|l|☆Rhinohammer318\n|player|p1|\n", "uploadtime": 1771199566, "views": 6, "formatid": "gen9nationaldex", "rating": 1601, "private": 0, "password": null}