{"id": "gen9nationaldex-2540592270", "format": "[Gen 9] National Dex", "players": ["snakadactyl", "peashooter xia"], "log": "|j|☆snakadactyl\n|j|☆peashooter xia\n|t:|1771223406\n|gametype|singles\n|player|p1|snakadactyl|101|1559\n|player|p2|peashooter xia|dawn|1682\n|gen|9\n|tier|[Gen 9] National Dex\n|rated|\n|rule|HP Percentage Mod: HP is shown in percentages\n|rule|Endless Battle Clause: Forcing endless battles is banned\n|rule|Species Clause: Limit one of each Pokémon\n|rule|OHKO Clause: OHKO moves are banned\n|rule|Evasion Clause: Evasion abilities, items, and moves are banned\n|rule|Evasion Abilities Clause: Evasion abilities are banned\n|rule|Evasion Items Clause: Evasion items are banned\n|rule|Evasion Moves Clause: Evasion moves are banned\n|rule|Sleep Clause Mod: Limit one foe put to sleep\n|rule|Terastal Clause: You cannot Terastallize\n|clearpoke\n|poke|p1|Kommo-o, F|\n|poke|p1|Altaria, M|\n|poke|p1|Kyurem|\n|poke|p1|Salamence, F|\n|poke|p1|Goodra-Hisui, M|\n|poke|p1|Haxorus, M|\n|poke|p2|Terapagos, M|\n|poke|p2|Manaphy|\n|poke|p2|Pinsir, F|\n|poke|p2|Kyurem|\n|poke|p2|Iron Valiant|\n|poke|p2|Gholdengo|\n|teampreview\n|\n|t:|1771223415\n|teamsize|p1|6\n|teamsize|p2|6\n|start\n|switch|p1a: Salamence|Salamence, F|100/100\n|switch|p2a: Terapagos|Terapagos, M|100/100\n|-activate|p2a: Terapagos|ability: Tera Shift\n|detailschange|p2a: Terapagos|Terapagos-Terastal, M\n|-heal|p2a: Terapagos|100/100|[silent]\n|-ability|p1a: Salamence|Intimidate|boost\n|-unboost|p2a: Terapagos|atk|1\n|turn|1\n|\n|t:|1771223420\n|move|p1a: Salamence|Flamethrower|p2a: Terapagos\n|-activate|p2a: Terapagos|ability: Tera Shell\n|-resisted|p2a: Terapagos\n|-damage|p2a: Terapagos|87/100\n|move|p2a: Terapagos|Tera Starstorm|p1a: Salamence\n|-damage|p1a: Salamence|39/100\n|\n|upkeep\n|turn|2\n|inactive|Battle timer is ON: inactive players will automatically lose when time's up. (requested by snakadactyl)\n|\n|t:|1771223427\n|move|p1a: Salamence|Hurricane|p2a: Terapagos\n|-damage|p2a: Terapagos|36/100\n|-start|p2a: Terapagos|confusion\n|-activate|p2a: Terapagos|confusion\n|move|p2a: Terapagos|Tera Starstorm|p1a: Salamence\n|-damage|p1a: Salamence|0 fnt\n|faint|p1a: Salamence\n|\n|upkeep\n|\n|t:|1771223437\n|switch|p1a: Kyurem|Kyurem|100/100\n|-ability|p1a: Kyurem|Pressure\n|turn|3\n|c|☆peashooter xia|。\n|\n|t:|1771223455\n|move|p1a: Kyurem|Freeze-Dry|p2a: Terapagos\n|-damage|p2a: Terapagos|0 fnt\n|faint|p2a: Terapagos\n|\n|upkeep\n|\n|t:|1771223460\n|switch|p2a: Gholdengo|Gholdengo|100/100\n|-item|p2a: Gholdengo|Air Balloon\n|turn|4\n|\n|t:|1771223464\n|switch|p1a: Altaria|Altaria, M|100/100\n|move|p2a: Gholdengo|Thunder Wave|p1a: Altaria\n|-status|p1a: Altaria|par\n|\n|upkeep\n|turn|5\n|\n|t:|1771223477\n|-curestatus|p1a: Altaria|par|[from] ability: Natural Cure\n|switch|p1a: Goodra|Goodra-Hisui, M|100/100\n|move|p2a: Gholdengo|Nasty Plot|p2a: Gholdengo\n|-boost|p2a: Gholdengo|spa|2\n|\n|upkeep\n|turn|6\n|\n|t:|1771223496\n|move|p2a: Gholdengo|Shadow Ball|p1a: Goodra\n|-damage|p1a: Goodra|48/100\n|-unboost|p1a: Goodra|spd|1\n|move|p1a: Goodra|Flamethrower|p2a: Gholdengo\n|-supereffective|p2a: Gholdengo\n|-damage|p2a: Gholdengo|0 fnt\n|-enditem|p2a: Gholdengo|Air Balloon\n|faint|p2a: Gholdengo\n|\n|upkeep\n|\n|t:|1771223501\n|switch|p2a: Pinsir|Pinsir, F|100/100\n|turn|7\n|\n|t:|1771223511\n|detailschange|p2a: Pinsir|Pinsir-Mega, F\n|-mega|p2a: Pinsir|Pinsir|Pinsirite\n|move|p2a: Pinsir|Earthquake|p1a: Goodra\n|-supereffective|p1a: Goodra\n|-damage|p1a: Goodra|0 fnt\n|faint|p1a: Goodra\n|\n|upkeep\n|\n|t:|1771223518\n|switch|p1a: Kyurem|Kyurem|100/100\n|-ability|p1a: Kyurem|Pressure\n|turn|8\n|\n|t:|1771223521\n|move|p2a: Pinsir|Double-Edge|p1a: Kyurem\n|-damage|p1a: Kyurem|16/100\n|-damage|p2a: Pinsir|60/100|[from] Recoil\n|move|p1a: Kyurem|Freeze-Dry|p2a: Pinsir\n|-supereffective|p2a: Pinsir\n|-damage|p2a: Pinsir|0 fnt\n|faint|p2a: Pinsir\n|detailschange|p2: Pinsir|Pinsir, F|[silent]\n|\n|upkeep\n|\n|t:|1771223531\n|switch|p2a: Iron Valiant|Iron Valiant|100/100\n|-enditem|p2a: Iron Valiant|Booster Energy\n|-activate|p2a: Iron Valiant|ability: Quark Drive|[fromitem]\n|-start|p2a: Iron Valiant|quarkdrivespe\n|turn|9\n|\n|t:|1771223561\n|move|p2a: Iron Valiant|Moonblast|p1a: Kyurem\n|-supereffective|p1a: Kyurem\n|-damage|p1a: Kyurem|0 fnt\n|faint|p1a: Kyurem\n|\n|upkeep\n|\n|t:|1771223564\n|switch|p1a: Altaria|Altaria, M|100/100\n|turn|10\n|\n|t:|1771223567\n|detailschange|p1a: Altaria|Altaria-Mega, M\n|-mega|p1a: Altaria|Altaria|Altarianite\n|move|p2a: Iron Valiant|Moonblast|p1a: Altaria\n|-supereffective|p1a: Altaria\n|-damage|p1a: Altaria|0 fnt\n|faint|p1a: Altaria\n|detailschange|p1: Altaria|Altaria, M|[silent]\n|\n|upkeep\n|-message|snakadactyl forfeited.\n|\n|win|peashooter xia\n|raw|snakadactyl's rating: 1559 &rarr; <strong>1546</strong><br />(-13 for losing)\n|raw|peashooter xia's rating: 1682 &rarr; <strong>1695</strong><br />(+13 for winning)\n|l|☆snakadactyl\n|player|p1|\n|l|☆peashooter xia\n|player|p2|\n|j|☆peashooter xia\n|player|p2|peashooter xia|dawn|\n|l|☆peashooter xia\n|player|p2|\n", "uploadtime": 1771223925, "views": 7, "formatid": "gen9nationaldex", "rating": 1546, "private": 0, "password": null}