{"id": "gen9nationaldex-2540657534", "format": "[Gen 9] National Dex", "players": ["ChoomahD", "repeatttt"], "log": "|j|☆ChoomahD\n|j|☆repeatttt\n|t:|1771235395\n|gametype|singles\n|player|p1|ChoomahD|101|1721\n|player|p2|repeatttt|leon-masters|1767\n|gen|9\n|tier|[Gen 9] National Dex\n|rated|\n|rule|HP Percentage Mod: HP is shown in percentages\n|rule|Endless Battle Clause: Forcing endless battles is banned\n|rule|Species Clause: Limit one of each Pokémon\n|rule|OHKO Clause: OHKO moves are banned\n|rule|Evasion Clause: Evasion abilities, items, and moves are banned\n|rule|Evasion Abilities Clause: Evasion abilities are banned\n|rule|Evasion Items Clause: Evasion items are banned\n|rule|Evasion Moves Clause: Evasion moves are banned\n|rule|Sleep Clause Mod: Limit one foe put to sleep\n|rule|Terastal Clause: You cannot Terastallize\n|clearpoke\n|poke|p1|Kingambit, M|\n|poke|p1|Altaria, M|\n|poke|p1|Gholdengo|\n|poke|p1|Great Tusk|\n|poke|p1|Meowscarada, F|\n|poke|p1|Alomomola, M|\n|poke|p2|Slowbro, M|\n|poke|p2|Clodsire, F|\n|poke|p2|Tapu Lele|\n|poke|p2|Kingambit, M|\n|poke|p2|Heatran, M|\n|poke|p2|Corviknight, M|\n|teampreview\n|\n|t:|1771235416\n|teamsize|p1|6\n|teamsize|p2|6\n|start\n|switch|p1a: Kingambit|Kingambit, M|100/100\n|switch|p2a: Heatran|Heatran, M|100/100\n|turn|1\n|\n|t:|1771235420\n|-end|p1a: Kingambit|fallenundefined|[silent]\n|switch|p1a: Alomomola|Alomomola, M|100/100\n|move|p2a: Heatran|Eruption|p1a: Alomomola\n|-resisted|p1a: Alomomola\n|-damage|p1a: Alomomola|68/100\n|\n|upkeep\n|turn|2\n|\n|t:|1771235423\n|switch|p2a: Clodsire|Clodsire, F|100/100\n|move|p1a: Alomomola|Flip Turn|p2a: Clodsire\n|-immune|p2a: Clodsire|[from] ability: Water Absorb\n|\n|upkeep\n|turn|3\n|\n|t:|1771235426\n|switch|p1a: Gholdengo|Gholdengo|100/100\n|switch|p2a: Heatran|Heatran, M|100/100\n|\n|upkeep\n|turn|4\n|\n|t:|1771235430\n|switch|p1a: Alomomola|Alomomola, M|100/100\n|move|p2a: Heatran|Eruption|p1a: Alomomola\n|-resisted|p1a: Alomomola\n|-damage|p1a: Alomomola|69/100\n|\n|upkeep\n|turn|5\n|\n|t:|1771235438\n|move|p2a: Heatran|Eruption|p1a: Alomomola\n|-resisted|p1a: Alomomola\n|-crit|p1a: Alomomola\n|-damage|p1a: Alomomola|24/100\n|move|p1a: Alomomola|Flip Turn|p2a: Heatran\n|-supereffective|p2a: Heatran\n|-damage|p2a: Heatran|65/100\n|\n|t:|1771235454\n|switch|p1a: Meowscarada|Meowscarada, F|100/100|[from] Flip Turn\n|\n|upkeep\n|turn|6\n|\n|t:|1771235456\n|move|p1a: Meowscarada|Knock Off|p2a: Heatran\n|-start|p1a: Meowscarada|typechange|Dark|[from] ability: Protean\n|-damage|p2a: Heatran|23/100\n|-enditem|p2a: Heatran|Choice Specs|[from] move: Knock Off|[of] p1a: Meowscarada\n|move|p2a: Heatran|Eruption|p1a: Meowscarada\n|-damage|p1a: Meowscarada|69/100\n|\n|upkeep\n|turn|7\n|\n|t:|1771235463\n|switch|p1a: Alomomola|Alomomola, M|57/100\n|switch|p2a: Kingambit|Kingambit, M|100/100\n|\n|upkeep\n|turn|8\n|\n|t:|1771235473\n|-activate|p1a: Alomomola|move: Pursuit\n|move|p2a: Kingambit|Pursuit|p1a: Alomomola|[from] Pursuit\n|-damage|p1a: Alomomola|6/100\n|switch|p1a: Great Tusk|Great Tusk|100/100\n|\n|upkeep\n|turn|9\n|\n|t:|1771235479\n|switch|p2a: Heatran|Heatran, M|23/100\n|move|p1a: Great Tusk|Stealth Rock|p2a: Heatran\n|-sidestart|p2: repeatttt|move: Stealth Rock\n|\n|upkeep\n|turn|10\n|\n|t:|1771235487\n|-end|p1a: Great Tusk|Protosynthesis|[silent]\n|switch|p1a: Altaria|Altaria, M|100/100\n|move|p2a: Heatran|Flamethrower|p1a: Altaria\n|-resisted|p1a: Altaria\n|-damage|p1a: Altaria|76/100\n|\n|upkeep\n|turn|11\n|\n|t:|1771235497\n|detailschange|p1a: Altaria|Altaria-Mega, M\n|-mega|p1a: Altaria|Altaria|Altarianite\n|move|p2a: Heatran|Flash Cannon|p1a: Altaria\n|-supereffective|p1a: Altaria\n|-damage|p1a: Altaria|0 fnt\n|faint|p1a: Altaria\n|detailschange|p1: Altaria|Altaria, M|[silent]\n|\n|upkeep\n|c|☆ChoomahD|lol forgot I knocked you off hahaha\n|c|☆ChoomahD|Watching TV not paying attention mb\n|c|☆repeatttt|lol why u flip heatran knowing i got clodsire\n|inactive|Battle timer is ON: inactive players will automatically lose when time's up. (requested by repeatttt)\n|\n|t:|1771235531\n|switch|p1a: Alomomola|Alomomola, M|39/100\n|turn|12\n|\n|t:|1771235536\n|switch|p2a: Clodsire|Clodsire, F|100/100\n|-damage|p2a: Clodsire|94/100|[from] Stealth Rock\n|switch|p1a: Great Tusk|Great Tusk|100/100\n|\n|-heal|p2a: Clodsire|100/100|[from] item: Black Sludge\n|upkeep\n|turn|13\n|\n|t:|1771235543\n|-end|p1a: Great Tusk|Protosynthesis|[silent]\n|switch|p1a: Gholdengo|Gholdengo|100/100\n|switch|p2a: Heatran|Heatran, M|23/100\n|-damage|p2a: Heatran|10/100|[from] Stealth Rock\n|\n|upkeep\n|turn|14\n|\n|t:|1771235547\n|switch|p1a: Alomomola|Alomomola, M|73/100\n|move|p2a: Heatran|Flamethrower|p1a: Alomomola\n|-resisted|p1a: Alomomola\n|-damage|p1a: Alomomola|59/100\n|-status|p1a: Alomomola|brn\n|\n|-damage|p1a: Alomomola|53/100 brn|[from] brn\n|upkeep\n|turn|15\n|\n|t:|1771235556\n|move|p1a: Alomomola|Aqua Jet|p2a: Heatran\n|-supereffective|p2a: Heatran\n|-damage|p2a: Heatran|0 fnt\n|faint|p2a: Heatran\n|\n|-damage|p1a: Alomomola|47/100 brn|[from] brn\n|upkeep\n|\n|t:|1771235558\n|switch|p2a: Kingambit|Kingambit, M|100/100\n|-damage|p2a: Kingambit|94/100|[from] Stealth Rock\n|turn|16\n|j| Vaitas\n|\n|t:|1771235568\n|switch|p1a: Great Tusk|Great Tusk|100/100\n|move|p2a: Kingambit|Knock Off|p1a: Great Tusk\n|-resisted|p1a: Great Tusk\n|-damage|p1a: Great Tusk|73/100\n|-enditem|p1a: Great Tusk|Heavy-Duty Boots|[from] move: Knock Off|[of] p2a: Kingambit\n|\n|upkeep\n|turn|17\n|\n|t:|1771235574\n|move|p1a: Great Tusk|Headlong Rush|p2a: Kingambit\n|-supereffective|p2a: Kingambit\n|-damage|p2a: Kingambit|20/100\n|-unboost|p1a: Great Tusk|def|1\n|-unboost|p1a: Great Tusk|spd|1\n|move|p2a: Kingambit|Knock Off|p1a: Great Tusk\n|-resisted|p1a: Great Tusk\n|-damage|p1a: Great Tusk|44/100\n|\n|upkeep\n|turn|18\n|\n|t:|1771235582\n|move|p1a: Great Tusk|Headlong Rush|p2a: Kingambit\n|-supereffective|p2a: Kingambit\n|-damage|p2a: Kingambit|0 fnt\n|-unboost|p1a: Great Tusk|def|1\n|-unboost|p1a: Great Tusk|spd|1\n|faint|p2a: Kingambit\n|\n|upkeep\n|\n|t:|1771235586\n|switch|p2a: Tapu Lele|Tapu Lele|100/100\n|-damage|p2a: Tapu Lele|88/100|[from] Stealth Rock\n|-fieldstart|move: Psychic Terrain|[from] ability: Psychic Surge|[of] p2a: Tapu Lele\n|turn|19\n|\n|t:|1771235594\n|-end|p1a: Great Tusk|Protosynthesis|[silent]\n|switch|p1a: Kingambit|Kingambit, M|100/100\n|-activate|p1a: Kingambit|ability: Supreme Overlord\n|-start|p1a: Kingambit|fallen1|[silent]\n|move|p2a: Tapu Lele|Psychic|p1a: Kingambit\n|-immune|p1a: Kingambit\n|\n|upkeep\n|turn|20\n|\n|t:|1771235598\n|switch|p2a: Corviknight|Corviknight, M|100/100\n|-damage|p2a: Corviknight|88/100|[from] Stealth Rock\n|-ability|p2a: Corviknight|Pressure\n|move|p1a: Kingambit|Iron Head|p2a: Corviknight\n|-resisted|p2a: Corviknight\n|-damage|p2a: Corviknight|64/100\n|-damage|p1a: Kingambit|84/100|[from] item: Rocky Helmet|[of] p2a: Corviknight\n|\n|upkeep\n|turn|21\n|\n|t:|1771235604\n|-end|p1a: Kingambit|fallen1|[silent]\n|switch|p1a: Gholdengo|Gholdengo|100/100\n|move|p2a: Corviknight|Roost|p2a: Corviknight\n|-heal|p2a: Corviknight|100/100\n|-singleturn|p2a: Corviknight|move: Roost\n|\n|upkeep\n|turn|22\n|\n|t:|1771235609\n|-zpower|p1a: Gholdengo\n|move|p1a: Gholdengo|Never-Ending Nightmare|p2a: Corviknight|[zeffect]\n|-damage|p2a: Corviknight|18/100\n|move|p2a: Corviknight|U-turn|p1a: Gholdengo\n|-resisted|p1a: Gholdengo\n|-damage|p1a: Gholdengo|97/100\n|\n|t:|1771235612\n|switch|p2a: Clodsire|Clodsire, F|100/100|[from] U-turn\n|-damage|p2a: Clodsire|94/100|[from] Stealth Rock\n|\n|-heal|p2a: Clodsire|100/100|[from] item: Black Sludge\n|upkeep\n|turn|23\n|\n|t:|1771235615\n|move|p1a: Gholdengo|Nasty Plot|p1a: Gholdengo\n|-boost|p1a: Gholdengo|spa|2\n|move|p2a: Clodsire|Stealth Rock|p1a: Gholdengo\n|-sidestart|p1: ChoomahD|move: Stealth Rock\n|\n|-fieldend|move: Psychic Terrain\n|upkeep\n|turn|24\n|\n|t:|1771235620\n|move|p1a: Gholdengo|Shadow Ball|p2a: Clodsire\n|-damage|p2a: Clodsire|46/100\n|-unboost|p2a: Clodsire|spd|1\n|move|p2a: Clodsire|Earthquake|p1a: Gholdengo\n|-supereffective|p1a: Gholdengo\n|-damage|p1a: Gholdengo|40/100\n|\n|-heal|p2a: Clodsire|52/100|[from] item: Black Sludge\n|upkeep\n|turn|25\n|\n|t:|1771235627\n|move|p1a: Gholdengo|Shadow Ball|p2a: Clodsire\n|-damage|p2a: Clodsire|0 fnt\n|faint|p2a: Clodsire\n|\n|upkeep\n|\n|t:|1771235629\n|switch|p2a: Tapu Lele|Tapu Lele|88/100\n|-damage|p2a: Tapu Lele|76/100|[from] Stealth Rock\n|-fieldstart|move: Psychic Terrain|[from] ability: Psychic Surge|[of] p2a: Tapu Lele\n|turn|26\n|\n|t:|1771235634\n|move|p2a: Tapu Lele|Moonblast|p1a: Gholdengo\n|-resisted|p1a: Gholdengo\n|-damage|p1a: Gholdengo|6/100\n|move|p1a: Gholdengo|Make It Rain|p2a: Tapu Lele\n|-supereffective|p2a: Tapu Lele\n|-damage|p2a: Tapu Lele|0 fnt\n|-unboost|p1a: Gholdengo|spa|1\n|faint|p2a: Tapu Lele\n|\n|upkeep\n|\n|t:|1771235636\n|switch|p2a: Corviknight|Corviknight, M|18/100\n|-damage|p2a: Corviknight|5/100|[from] Stealth Rock\n|-ability|p2a: Corviknight|Pressure\n|turn|27\n|-message|repeatttt forfeited.\n|\n|win|ChoomahD\n|raw|ChoomahD's rating: 1721 &rarr; <strong>1744</strong><br />(+23 for winning)\n|raw|repeatttt's rating: 1767 &rarr; <strong>1744</strong><br />(-23 for losing)\n|l|☆repeatttt\n|player|p2|\n|c|☆ChoomahD|Gg\n|l|☆ChoomahD\n|player|p1|\n", "uploadtime": 1771235816, "views": 11, "formatid": "gen9nationaldex", "rating": 1744, "private": 0, "password": null}