{"id": "gen9nationaldex-2540590436", "format": "[Gen 9] National Dex", "players": ["Rootkitlo", "wuerling"], "log": "|j|☆Rootkitlo\n|j|☆wuerling\n|t:|1771223076\n|gametype|singles\n|player|p1|Rootkitlo|cynthia-gen4|1517\n|player|p2|wuerling|266|1562\n|gen|9\n|tier|[Gen 9] National Dex\n|rated|\n|rule|HP Percentage Mod: HP is shown in percentages\n|rule|Endless Battle Clause: Forcing endless battles is banned\n|rule|Species Clause: Limit one of each Pokémon\n|rule|OHKO Clause: OHKO moves are banned\n|rule|Evasion Clause: Evasion abilities, items, and moves are banned\n|rule|Evasion Abilities Clause: Evasion abilities are banned\n|rule|Evasion Items Clause: Evasion items are banned\n|rule|Evasion Moves Clause: Evasion moves are banned\n|rule|Sleep Clause Mod: Limit one foe put to sleep\n|rule|Terastal Clause: You cannot Terastallize\n|clearpoke\n|poke|p1|Charizard, M|\n|poke|p1|Alomomola, M|\n|poke|p1|Zapdos|\n|poke|p1|Iron Valiant|\n|poke|p1|Heatran, F|\n|poke|p1|Urshifu-*, F|\n|poke|p2|Terapagos, M|\n|poke|p2|Ogerpon-Wellspring, F|\n|poke|p2|Volcarona, M|\n|poke|p2|Zamazenta-*|\n|poke|p2|Hatterene, F|\n|poke|p2|Dragonite, F|\n|teampreview\n|\n|t:|1771223106\n|teamsize|p1|6\n|teamsize|p2|6\n|start\n|switch|p1a: Heatran|Heatran, F|100/100\n|switch|p2a: Hatterene|Hatterene, F|100/100\n|turn|1\n|\n|t:|1771223114\n|move|p1a: Heatran|Magma Storm|p2a: Hatterene\n|-damage|p2a: Hatterene|58/100\n|-activate|p2a: Hatterene|move: Magma Storm|[of] p1a: Heatran\n|move|p2a: Hatterene|Calm Mind|p2a: Hatterene\n|-boost|p2a: Hatterene|spa|1\n|-boost|p2a: Hatterene|spd|1\n|\n|-heal|p2a: Hatterene|64/100|[from] item: Leftovers\n|-damage|p2a: Hatterene|52/100|[from] move: Magma Storm|[partiallytrapped]\n|upkeep\n|turn|2\n|\n|t:|1771223121\n|move|p1a: Heatran|Earth Power|p2a: Hatterene\n|-damage|p2a: Hatterene|33/100\n|move|p2a: Hatterene|Draining Kiss|p1a: Heatran\n|-resisted|p1a: Heatran\n|-damage|p1a: Heatran|94/100\n|-heal|p2a: Hatterene|39/100|[from] drain|[of] p1a: Heatran\n|\n|-heal|p1a: Heatran|99/100|[from] item: Leftovers\n|-heal|p2a: Hatterene|45/100|[from] item: Leftovers\n|-damage|p2a: Hatterene|33/100|[from] move: Magma Storm|[partiallytrapped]\n|upkeep\n|turn|3\n|\n|t:|1771223126\n|move|p1a: Heatran|Magma Storm|p2a: Hatterene\n|-damage|p2a: Hatterene|4/100\n|move|p2a: Hatterene|Psyshock|p1a: Heatran\n|-resisted|p1a: Heatran\n|-damage|p1a: Heatran|74/100\n|\n|-heal|p1a: Heatran|80/100|[from] item: Leftovers\n|-heal|p2a: Hatterene|10/100|[from] item: Leftovers\n|-damage|p2a: Hatterene|0 fnt|[from] move: Magma Storm|[partiallytrapped]\n|faint|p2a: Hatterene\n|upkeep\n|\n|t:|1771223135\n|switch|p2a: Ogerpon|Ogerpon-Wellspring, F|100/100\n|turn|4\n|\n|t:|1771223146\n|switch|p1a: Zapdos|Zapdos|100/100\n|move|p2a: Ogerpon|Swords Dance|p2a: Ogerpon\n|-boost|p2a: Ogerpon|atk|2\n|\n|upkeep\n|turn|5\n|\n|t:|1771223154\n|move|p2a: Ogerpon|Ivy Cudgel|p1a: Zapdos|[anim] Ivy Cudgel Water\n|-damage|p1a: Zapdos|17/100\n|move|p1a: Zapdos|Discharge|p2a: Ogerpon\n|-damage|p2a: Ogerpon|63/100\n|\n|upkeep\n|turn|6\n|\n|t:|1771223161\n|move|p2a: Ogerpon|Ivy Cudgel|p1a: Zapdos|[anim] Ivy Cudgel Water\n|-damage|p1a: Zapdos|0 fnt\n|faint|p1a: Zapdos\n|\n|upkeep\n|\n|t:|1771223162\n|switch|p1a: Urshifu|Urshifu-Rapid-Strike, F|100/100\n|turn|7\n|\n|t:|1771223171\n|switch|p2a: Terapagos|Terapagos, M|100/100\n|-activate|p2a: Terapagos|ability: Tera Shift\n|detailschange|p2a: Terapagos|Terapagos-Terastal, M\n|-heal|p2a: Terapagos|100/100|[silent]\n|move|p1a: Urshifu|U-turn|p2a: Terapagos\n|-activate|p2a: Terapagos|ability: Tera Shell\n|-resisted|p2a: Terapagos\n|-crit|p2a: Terapagos\n|-damage|p2a: Terapagos|82/100\n|\n|t:|1771223175\n|switch|p1a: Iron Valiant|Iron Valiant|100/100|[from] U-turn\n|\n|-heal|p2a: Terapagos|88/100|[from] item: Leftovers\n|upkeep\n|turn|8\n|c|☆wuerling|桃子的队\n|\n|t:|1771223191\n|move|p1a: Iron Valiant|Close Combat|p2a: Terapagos\n|-supereffective|p2a: Terapagos\n|-damage|p2a: Terapagos|0 fnt\n|-unboost|p1a: Iron Valiant|def|1\n|-unboost|p1a: Iron Valiant|spd|1\n|faint|p2a: Terapagos\n|-damage|p1a: Iron Valiant|91/100|[from] item: Life Orb\n|\n|upkeep\n|c|☆Rootkitlo|是\n|\n|t:|1771223200\n|switch|p2a: Dragonite|Dragonite, F|100/100\n|turn|9\n|c|☆Rootkitlo|桃子是谁\n|\n|t:|1771223204\n|move|p1a: Iron Valiant|Moonblast|p2a: Dragonite\n|-supereffective|p2a: Dragonite\n|-damage|p2a: Dragonite|41/100\n|-damage|p1a: Iron Valiant|81/100|[from] item: Life Orb\n|move|p2a: Dragonite|Dragon Dance|p2a: Dragonite\n|-boost|p2a: Dragonite|atk|1\n|-boost|p2a: Dragonite|spe|1\n|\n|upkeep\n|turn|10\n|c|☆Rootkitlo|（\n|\n|t:|1771223216\n|move|p2a: Dragonite|Earthquake|p1a: Iron Valiant\n|-damage|p1a: Iron Valiant|0 fnt\n|faint|p1a: Iron Valiant\n|-end|p1a: Iron Valiant|Quark Drive|[silent]\n|\n|upkeep\n|\n|t:|1771223219\n|switch|p1a: Urshifu|Urshifu-Rapid-Strike, F|100/100\n|turn|11\n|c|☆wuerling|b站复制的吗\n|c|☆Rootkitlo|嗯呢\n|c|☆wuerling|你复制的那个就叫桃子\n|c|☆Rootkitlo|原来如此\n|c|☆wuerling|1558706292\n|c|☆wuerling|这是我 QQ可以加一下\n|c|☆Rootkitlo|加了\n|\n|t:|1771223291\n|switch|p2a: Ogerpon|Ogerpon-Wellspring, F|63/100\n|move|p1a: Urshifu|Ice Spinner|p2a: Ogerpon\n|-damage|p2a: Ogerpon|25/100\n|\n|upkeep\n|turn|12\n|\n|t:|1771223298\n|switch|p2a: Zamazenta|Zamazenta|100/100\n|-ability|p2a: Zamazenta|Dauntless Shield|boost\n|-boost|p2a: Zamazenta|def|1\n|move|p1a: Urshifu|Ice Spinner|p2a: Zamazenta\n|-damage|p2a: Zamazenta|88/100\n|\n|-heal|p2a: Zamazenta|94/100|[from] item: Leftovers\n|upkeep\n|turn|13\n|c|☆Rootkitlo|没了\n|c|☆Rootkitlo|处理不了盾了\n|\n|t:|1771223325\n|switch|p1a: Charizard|Charizard, M|100/100\n|move|p2a: Zamazenta|Substitute|p2a: Zamazenta\n|-start|p2a: Zamazenta|Substitute\n|-damage|p2a: Zamazenta|69/100\n|\n|-heal|p2a: Zamazenta|75/100|[from] item: Leftovers\n|upkeep\n|turn|14\n|\n|t:|1771223342\n|detailschange|p1a: Charizard|Charizard-Mega-Y, M\n|-mega|p1a: Charizard|Charizard|Charizardite Y\n|-weather|SunnyDay|[from] ability: Drought|[of] p1a: Charizard\n|move|p2a: Zamazenta|Body Press|p1a: Charizard\n|-resisted|p1a: Charizard\n|-damage|p1a: Charizard|62/100\n|move|p1a: Charizard|Weather Ball|p2a: Zamazenta\n|-end|p2a: Zamazenta|Substitute\n|\n|-weather|SunnyDay|[upkeep]\n|-heal|p2a: Zamazenta|81/100|[from] item: Leftovers\n|upkeep\n|turn|15\n|\n|t:|1771223356\n|switch|p2a: Dragonite|Dragonite, F|41/100\n|move|p1a: Charizard|Weather Ball|p2a: Dragonite\n|-resisted|p2a: Dragonite\n|-damage|p2a: Dragonite|0 fnt\n|faint|p2a: Dragonite\n|\n|-weather|SunnyDay|[upkeep]\n|upkeep\n|\n|t:|1771223363\n|switch|p2a: Ogerpon|Ogerpon-Wellspring, F|25/100\n|turn|16\n|\n|t:|1771223371\n|switch|p1a: Alomomola|Alomomola, M|100/100\n|move|p2a: Ogerpon|Ivy Cudgel|p1a: Alomomola|[anim] Ivy Cudgel Water\n|-resisted|p1a: Alomomola\n|-damage|p1a: Alomomola|90/100\n|\n|-weather|SunnyDay|[upkeep]\n|upkeep\n|turn|17\n|\n|t:|1771223389\n|move|p2a: Ogerpon|Power Whip|p1a: Alomomola\n|-supereffective|p1a: Alomomola\n|-damage|p1a: Alomomola|0 fnt\n|faint|p1a: Alomomola\n|\n|-weather|SunnyDay|[upkeep]\n|upkeep\n|\n|t:|1771223391\n|switch|p1a: Urshifu|Urshifu-Rapid-Strike, F|100/100\n|turn|18\n|\n|t:|1771223396\n|switch|p2a: Volcarona|Volcarona, M|100/100\n|move|p1a: Urshifu|U-turn|p2a: Volcarona\n|-resisted|p2a: Volcarona\n|-damage|p2a: Volcarona|86/100\n|\n|t:|1771223400\n|switch|p1a: Heatran|Heatran, F|80/100|[from] U-turn\n|\n|-weather|none\n|-heal|p2a: Volcarona|92/100|[from] item: Leftovers\n|-heal|p1a: Heatran|86/100|[from] item: Leftovers\n|upkeep\n|turn|19\n|j| corvipelon\n|\n|t:|1771223407\n|switch|p2a: Zamazenta|Zamazenta|81/100\n|move|p1a: Heatran|Taunt|p2a: Zamazenta\n|-start|p2a: Zamazenta|move: Taunt\n|\n|-heal|p2a: Zamazenta|88/100|[from] item: Leftovers\n|-heal|p1a: Heatran|92/100|[from] item: Leftovers\n|upkeep\n|turn|20\n|\n|t:|1771223410\n|move|p2a: Zamazenta|Body Press|p1a: Heatran\n|-supereffective|p1a: Heatran\n|-damage|p1a: Heatran|28/100\n|move|p1a: Heatran|Magma Storm|p2a: Zamazenta\n|-damage|p2a: Zamazenta|51/100\n|-activate|p2a: Zamazenta|move: Magma Storm|[of] p1a: Heatran\n|\n|-heal|p2a: Zamazenta|57/100|[from] item: Leftovers\n|-heal|p1a: Heatran|34/100|[from] item: Leftovers\n|-damage|p2a: Zamazenta|44/100|[from] move: Magma Storm|[partiallytrapped]\n|upkeep\n|turn|21\n|\n|t:|1771223415\n|move|p2a: Zamazenta|Body Press|p1a: Heatran\n|-supereffective|p1a: Heatran\n|-damage|p1a: Heatran|0 fnt\n|faint|p1a: Heatran\n|\n|-heal|p2a: Zamazenta|51/100|[from] item: Leftovers\n|-end|p2a: Zamazenta|Magma Storm|[partiallytrapped]|[silent]\n|-end|p2a: Zamazenta|move: Taunt\n|upkeep\n|\n|t:|1771223423\n|switch|p1a: Charizard|Charizard-Mega-Y, M|62/100\n|-weather|SunnyDay|[from] ability: Drought|[of] p1a: Charizard\n|turn|22\n|\n|t:|1771223433\n|move|p2a: Zamazenta|Body Press|p1a: Charizard\n|-resisted|p1a: Charizard\n|-damage|p1a: Charizard|38/100\n|move|p1a: Charizard|Weather Ball|p2a: Zamazenta\n|-damage|p2a: Zamazenta|0 fnt\n|faint|p2a: Zamazenta\n|\n|-weather|SunnyDay|[upkeep]\n|upkeep\n|\n|t:|1771223436\n|switch|p2a: Ogerpon|Ogerpon-Wellspring, F|25/100\n|turn|23\n|\n|t:|1771223440\n|move|p2a: Ogerpon|Ivy Cudgel|p1a: Charizard|[anim] Ivy Cudgel Water\n|-supereffective|p1a: Charizard\n|-damage|p1a: Charizard|0 fnt\n|faint|p1a: Charizard\n|detailschange|p1: Charizard|Charizard, M|[silent]\n|\n|-weather|SunnyDay|[upkeep]\n|upkeep\n|\n|t:|1771223442\n|switch|p1a: Urshifu|Urshifu-Rapid-Strike, F|100/100\n|turn|24\n|\n|t:|1771223445\n|move|p1a: Urshifu|Close Combat|p2a: Ogerpon\n|-damage|p2a: Ogerpon|0 fnt\n|-unboost|p1a: Urshifu|def|1\n|-unboost|p1a: Urshifu|spd|1\n|faint|p2a: Ogerpon\n|\n|-weather|SunnyDay|[upkeep]\n|upkeep\n|\n|t:|1771223448\n|switch|p2a: Volcarona|Volcarona, M|92/100\n|turn|25\n|\n|t:|1771223452\n|move|p1a: Urshifu|Close Combat|p2a: Volcarona\n|-resisted|p2a: Volcarona\n|-damage|p2a: Volcarona|57/100\n|-unboost|p1a: Urshifu|def|1\n|-unboost|p1a: Urshifu|spd|1\n|-status|p1a: Urshifu|brn|[from] ability: Flame Body|[of] p2a: Volcarona\n|move|p2a: Volcarona|Quiver Dance|p2a: Volcarona\n|-boost|p2a: Volcarona|spa|1\n|-boost|p2a: Volcarona|spd|1\n|-boost|p2a: Volcarona|spe|1\n|\n|-weather|SunnyDay|[upkeep]\n|-heal|p2a: Volcarona|63/100|[from] item: Leftovers\n|-damage|p1a: Urshifu|94/100 brn|[from] brn\n|upkeep\n|turn|26\n|\n|t:|1771223455\n|move|p1a: Urshifu|Close Combat|p2a: Volcarona\n|-resisted|p2a: Volcarona\n|-damage|p2a: Volcarona|45/100\n|-unboost|p1a: Urshifu|def|1\n|-unboost|p1a: Urshifu|spd|1\n|move|p2a: Volcarona|Roost|p2a: Volcarona\n|-heal|p2a: Volcarona|95/100\n|-singleturn|p2a: Volcarona|move: Roost\n|\n|-weather|none\n|-heal|p2a: Volcarona|100/100|[from] item: Leftovers\n|-damage|p1a: Urshifu|88/100 brn|[from] brn\n|upkeep\n|turn|27\n|\n|t:|1771223459\n|move|p1a: Urshifu|Close Combat|p2a: Volcarona\n|-resisted|p2a: Volcarona\n|-damage|p2a: Volcarona|82/100\n|-unboost|p1a: Urshifu|def|1\n|-unboost|p1a: Urshifu|spd|1\n|move|p2a: Volcarona|Bug Buzz|p1a: Urshifu\n|-resisted|p1a: Urshifu\n|-damage|p1a: Urshifu|0 fnt\n|faint|p1a: Urshifu\n|\n|win|wuerling\n|raw|Rootkitlo's rating: 1517 &rarr; <strong>1500</strong><br />(-17 for losing)\n|raw|wuerling's rating: 1562 &rarr; <strong>1579</strong><br />(+17 for winning)\n|l|☆Rootkitlo\n|player|p1|\n", "uploadtime": 1771223468, "views": 19, "formatid": "gen9nationaldex", "rating": 1500, "private": 0, "password": null}