{"id": "gen9nationaldex-2540517372", "format": "[Gen 9] National Dex", "players": ["fosts", "jjznb2"], "log": "|j|☆fosts\n|j|☆jjznb2\n|t:|1771212012\n|gametype|singles\n|player|p1|fosts|hilbert-masters|1588\n|player|p2|jjznb2|hilda|1641\n|gen|9\n|tier|[Gen 9] National Dex\n|rated|\n|rule|HP Percentage Mod: HP is shown in percentages\n|rule|Endless Battle Clause: Forcing endless battles is banned\n|rule|Species Clause: Limit one of each Pokémon\n|rule|OHKO Clause: OHKO moves are banned\n|rule|Evasion Clause: Evasion abilities, items, and moves are banned\n|rule|Evasion Abilities Clause: Evasion abilities are banned\n|rule|Evasion Items Clause: Evasion items are banned\n|rule|Evasion Moves Clause: Evasion moves are banned\n|rule|Sleep Clause Mod: Limit one foe put to sleep\n|rule|Terastal Clause: You cannot Terastallize\n|clearpoke\n|poke|p1|Shedinja|\n|poke|p1|Blissey, F|\n|poke|p1|Alomomola, F|\n|poke|p1|Gyarados, M|\n|poke|p1|Gliscor, M|\n|poke|p1|Garganacl, F|\n|poke|p2|Scizor, M|\n|poke|p2|Ting-Lu|\n|poke|p2|Raging Bolt|\n|poke|p2|Toxapex, M|\n|poke|p2|Cinderace, F|\n|poke|p2|Corviknight, M|\n|teampreview\n|inactive|Battle timer is ON: inactive players will automatically lose when time's up. (requested by fosts)\n|\n|t:|1771212034\n|teamsize|p1|6\n|teamsize|p2|6\n|start\n|switch|p1a: Blissey|Blissey, F|100/100\n|switch|p2a: Scizor|Scizor, M|100/100\n|turn|1\n|\n|t:|1771212038\n|detailschange|p2a: Scizor|Scizor-Mega, M\n|-mega|p2a: Scizor|Scizor|Scizorite\n|move|p2a: Scizor|Curse|p2a: Scizor\n|-unboost|p2a: Scizor|spe|1\n|-boost|p2a: Scizor|atk|1\n|-boost|p2a: Scizor|def|1\n|move|p1a: Blissey|Stealth Rock|p2a: Scizor\n|-sidestart|p2: jjznb2|move: Stealth Rock\n|\n|upkeep\n|turn|2\n|\n|t:|1771212044\n|switch|p1a: Immortal|Shedinja|100/100\n|move|p2a: Scizor|Knock Off|p1a: Immortal\n|-supereffective|p1a: Immortal\n|-damage|p1a: Immortal|0 fnt\n|-enditem|p1a: Immortal|Heavy-Duty Boots|[from] move: Knock Off|[of] p2a: Scizor\n|faint|p1a: Immortal\n|\n|upkeep\n|\n|t:|1771212046\n|switch|p1a: Garganacl|Garganacl, F|100/100\n|turn|3\n|\n|t:|1771212054\n|move|p2a: Scizor|Knock Off|p1a: Garganacl\n|-damage|p1a: Garganacl|75/100\n|-enditem|p1a: Garganacl|Leftovers|[from] move: Knock Off|[of] p2a: Scizor\n|move|p1a: Garganacl|Salt Cure|p2a: Scizor\n|-damage|p2a: Scizor|94/100\n|-start|p2a: Scizor|Salt Cure\n|\n|-damage|p2a: Scizor|69/100|[from] Salt Cure\n|upkeep\n|turn|4\n|\n|t:|1771212059\n|switch|p2a: Ting-Lu|Ting-Lu|100/100\n|-damage|p2a: Ting-Lu|94/100|[from] Stealth Rock\n|-ability|p2a: Ting-Lu|Vessel of Ruin\n|switch|p1a: Alomomola|Alomomola, F|100/100\n|\n|upkeep\n|turn|5\n|\n|t:|1771212064\n|move|p2a: Ting-Lu|Spikes|p1a: Alomomola\n|-sidestart|p1: fosts|Spikes\n|move|p1a: Alomomola|Knock Off|p2a: Ting-Lu\n|-resisted|p2a: Ting-Lu\n|-damage|p2a: Ting-Lu|90/100\n|-damage|p1a: Alomomola|84/100|[from] item: Rocky Helmet|[of] p2a: Ting-Lu\n|-enditem|p2a: Ting-Lu|Rocky Helmet|[from] move: Knock Off|[of] p1a: Alomomola\n|\n|-heal|p1a: Alomomola|90/100|[from] item: Leftovers\n|upkeep\n|turn|6\n|\n|t:|1771212070\n|move|p2a: Ting-Lu|Spikes|p1a: Alomomola\n|-sidestart|p1: fosts|Spikes\n|move|p1a: Alomomola|Wish|p1a: Alomomola\n|\n|-heal|p1a: Alomomola|96/100|[from] item: Leftovers\n|upkeep\n|turn|7\n|\n|t:|1771212074\n|move|p2a: Ting-Lu|Spikes|p1a: Alomomola\n|-sidestart|p1: fosts|Spikes\n|move|p1a: Alomomola|Flip Turn|p2a: Ting-Lu\n|-supereffective|p2a: Ting-Lu\n|-damage|p2a: Ting-Lu|72/100\n|\n|t:|1771212077\n|switch|p1a: Gliscor|Gliscor, M|100/100|[from] Flip Turn\n|\n|-status|p1a: Gliscor|tox|[from] item: Toxic Orb\n|upkeep\n|turn|8\n|\n|t:|1771212082\n|switch|p2a: Scizor|Scizor-Mega, M|69/100\n|-damage|p2a: Scizor|57/100|[from] Stealth Rock\n|move|p1a: Gliscor|Defog|p2a: Scizor\n|-unboost|p2a: Scizor|evasion|1\n|-sideend|p2: jjznb2|Stealth Rock|[from] move: Defog|[of] p1a: Gliscor\n|-sideend|p1: fosts|Spikes|[from] move: Defog|[of] p1a: Gliscor\n|\n|upkeep\n|turn|9\n|\n|t:|1771212087\n|switch|p1a: Gyarados|Gyarados, M|100/100\n|-ability|p1a: Gyarados|Intimidate|boost\n|-unboost|p2a: Scizor|atk|1\n|move|p2a: Scizor|Roost|p2a: Scizor\n|-heal|p2a: Scizor|100/100\n|-singleturn|p2a: Scizor|move: Roost\n|\n|upkeep\n|turn|10\n|\n|t:|1771212105\n|switch|p1a: Alomomola|Alomomola, F|100/100\n|move|p2a: Scizor|Curse|p2a: Scizor\n|-unboost|p2a: Scizor|spe|1\n|-boost|p2a: Scizor|atk|1\n|-boost|p2a: Scizor|def|1\n|\n|upkeep\n|turn|11\n|\n|t:|1771212109\n|move|p2a: Scizor|Knock Off|p1a: Alomomola\n|-damage|p1a: Alomomola|80/100\n|-enditem|p1a: Alomomola|Leftovers|[from] move: Knock Off|[of] p2a: Scizor\n|move|p1a: Alomomola|Flip Turn|p2a: Scizor\n|-damage|p2a: Scizor|93/100\n|\n|t:|1771212116\n|switch|p1a: Garganacl|Garganacl, F|75/100|[from] Flip Turn\n|\n|upkeep\n|turn|12\n|\n|t:|1771212120\n|switch|p2a: Ting-Lu|Ting-Lu|72/100\n|-ability|p2a: Ting-Lu|Vessel of Ruin\n|move|p1a: Garganacl|Salt Cure|p2a: Ting-Lu\n|-resisted|p2a: Ting-Lu\n|-damage|p2a: Ting-Lu|68/100\n|-start|p2a: Ting-Lu|Salt Cure\n|\n|-damage|p2a: Ting-Lu|56/100|[from] Salt Cure\n|upkeep\n|turn|13\n|\n|t:|1771212127\n|move|p2a: Ting-Lu|Spikes|p1a: Garganacl\n|-sidestart|p1: fosts|Spikes\n|move|p1a: Garganacl|Iron Defense|p1a: Garganacl\n|-boost|p1a: Garganacl|def|2\n|\n|-damage|p2a: Ting-Lu|43/100|[from] Salt Cure\n|upkeep\n|turn|14\n|\n|t:|1771212133\n|switch|p2a: Toxapex|Toxapex, M|100/100\n|move|p1a: Garganacl|Body Press|p2a: Toxapex\n|-resisted|p2a: Toxapex\n|-damage|p2a: Toxapex|77/100\n|\n|-heal|p2a: Toxapex|84/100|[from] item: Black Sludge\n|upkeep\n|turn|15\n|\n|t:|1771212141\n|move|p2a: Toxapex|Haze|p2a: Toxapex\n|-clearallboost\n|move|p1a: Garganacl|Salt Cure|p2a: Toxapex\n|-damage|p2a: Toxapex|74/100\n|-start|p2a: Toxapex|Salt Cure\n|\n|-heal|p2a: Toxapex|80/100|[from] item: Black Sludge\n|-damage|p2a: Toxapex|55/100|[from] Salt Cure\n|upkeep\n|turn|16\n|\n|t:|1771212145\n|switch|p2a: Raging Bolt|Raging Bolt|100/100\n|move|p1a: Garganacl|Iron Defense|p1a: Garganacl\n|-boost|p1a: Garganacl|def|2\n|\n|upkeep\n|turn|17\n|\n|t:|1771212153\n|switch|p1a: Blissey|Blissey, F|100/100\n|-damage|p1a: Blissey|88/100|[from] Spikes\n|move|p2a: Raging Bolt|Thunderbolt|p1a: Blissey\n|-damage|p1a: Blissey|69/100\n|\n|-heal|p1a: Blissey|76/100|[from] item: Leftovers\n|upkeep\n|turn|18\n|\n|t:|1771212158\n|-end|p2a: Raging Bolt|Protosynthesis|[silent]\n|switch|p2a: Ting-Lu|Ting-Lu|43/100\n|-ability|p2a: Ting-Lu|Vessel of Ruin\n|move|p1a: Blissey|Psywave|p2a: Ting-Lu\n|-immune|p2a: Ting-Lu\n|\n|-heal|p1a: Blissey|82/100|[from] item: Leftovers\n|upkeep\n|turn|19\n|\n|t:|1771212168\n|switch|p1a: Gliscor|Gliscor, M|100/100 tox\n|move|p2a: Ting-Lu|Rest|p2a: Ting-Lu\n|-status|p2a: Ting-Lu|slp|[from] move: Rest\n|-heal|p2a: Ting-Lu|100/100 slp|[silent]\n|\n|upkeep\n|turn|20\n|\n|t:|1771212174\n|switch|p2a: Scizor|Scizor-Mega, M|93/100\n|move|p1a: Gliscor|Toxic|p2a: Scizor|[miss]\n|-miss|p1a: Gliscor|p2a: Scizor\n|\n|upkeep\n|turn|21\n|\n|t:|1771212177\n|move|p1a: Gliscor|Defog|p2a: Scizor\n|-unboost|p2a: Scizor|evasion|1\n|-sideend|p1: fosts|Spikes|[from] move: Defog|[of] p1a: Gliscor\n|move|p2a: Scizor|Curse|p2a: Scizor\n|-unboost|p2a: Scizor|spe|1\n|-boost|p2a: Scizor|atk|1\n|-boost|p2a: Scizor|def|1\n|\n|upkeep\n|turn|22\n|\n|t:|1771212188\n|switch|p1a: Gyarados|Gyarados, M|100/100\n|-ability|p1a: Gyarados|Intimidate|boost\n|-unboost|p2a: Scizor|atk|1\n|move|p2a: Scizor|Curse|p2a: Scizor\n|-unboost|p2a: Scizor|spe|1\n|-boost|p2a: Scizor|atk|1\n|-boost|p2a: Scizor|def|1\n|\n|upkeep\n|turn|23\n|\n|t:|1771212191\n|switch|p1a: Alomomola|Alomomola, F|100/100\n|move|p2a: Scizor|Curse|p2a: Scizor\n|-unboost|p2a: Scizor|spe|1\n|-boost|p2a: Scizor|atk|1\n|-boost|p2a: Scizor|def|1\n|\n|upkeep\n|turn|24\n|\n|t:|1771212196\n|move|p1a: Alomomola|Wish|p1a: Alomomola\n|move|p2a: Scizor|Curse|p2a: Scizor\n|-unboost|p2a: Scizor|spe|1\n|-boost|p2a: Scizor|atk|1\n|-boost|p2a: Scizor|def|1\n|\n|upkeep\n|turn|25\n|\n|t:|1771212200\n|switch|p1a: Garganacl|Garganacl, F|75/100\n|move|p2a: Scizor|Curse|p2a: Scizor\n|-unboost|p2a: Scizor|spe|1\n|-boost|p2a: Scizor|atk|1\n|-boost|p2a: Scizor|def|1\n|\n|-heal|p1a: Garganacl|100/100|[from] move: Wish|[wisher] Alomomola\n|upkeep\n|turn|26\n|\n|t:|1771212203\n|move|p2a: Scizor|Bullet Punch|p1a: Garganacl\n|-supereffective|p1a: Garganacl\n|-damage|p1a: Garganacl|0 fnt\n|faint|p1a: Garganacl\n|\n|upkeep\n|-message|fosts forfeited.\n|\n|win|jjznb2\n|raw|fosts's rating: 1588 &rarr; <strong>1571</strong><br />(-17 for losing)\n|raw|jjznb2's rating: 1641 &rarr; <strong>1658</strong><br />(+17 for winning)\n|l|☆fosts\n|player|p1|\n|l|☆jjznb2\n|player|p2|\n", "uploadtime": 1771212399, "views": 6, "formatid": "gen9nationaldex", "rating": 1571, "private": 0, "password": null}