{"id": "gen9nationaldex-2540372569", "format": "[Gen 9] National Dex", "players": ["Laughs2Giggles", "he898"], "log": "|j|☆Laughs2Giggles\n|j|☆he898\n|t:|1771194180\n|gametype|singles\n|player|p1|Laughs2Giggles|flint|1609\n|player|p2|he898|ghetsis-gen5bw|1597\n|gen|9\n|tier|[Gen 9] National Dex\n|rated|\n|rule|HP Percentage Mod: HP is shown in percentages\n|rule|Endless Battle Clause: Forcing endless battles is banned\n|rule|Species Clause: Limit one of each Pokémon\n|rule|OHKO Clause: OHKO moves are banned\n|rule|Evasion Clause: Evasion abilities, items, and moves are banned\n|rule|Evasion Abilities Clause: Evasion abilities are banned\n|rule|Evasion Items Clause: Evasion items are banned\n|rule|Evasion Moves Clause: Evasion moves are banned\n|rule|Sleep Clause Mod: Limit one foe put to sleep\n|rule|Terastal Clause: You cannot Terastallize\n|clearpoke\n|poke|p1|Grimmsnarl, M|\n|poke|p1|Landorus-Therian, M|\n|poke|p1|Slowking-Galar, F|\n|poke|p1|Mew|\n|poke|p1|Araquanid, F|\n|poke|p1|Terapagos, M|\n|poke|p2|Gyarados, M|\n|poke|p2|Dragonite, M|\n|poke|p2|Iron Treads|\n|poke|p2|Okidogi, M|\n|poke|p2|Ceruledge, M|\n|poke|p2|Serperior, M|\n|teampreview\n|inactive|Battle timer is ON: inactive players will automatically lose when time's up. (requested by Laughs2Giggles)\n|\n|t:|1771194191\n|teamsize|p1|6\n|teamsize|p2|6\n|start\n|switch|p1a: Grimmsnarl|Grimmsnarl, M|100/100\n|switch|p2a: Iron Treads|Iron Treads|100/100\n|turn|1\n|\n|t:|1771194194\n|move|p1a: Grimmsnarl|Parting Shot|p2a: Iron Treads\n|-unboost|p2a: Iron Treads|atk|1\n|-unboost|p2a: Iron Treads|spa|1\n|\n|t:|1771194209\n|switch|p1a: Araquanid|Araquanid, F, shiny|100/100|[from] Parting Shot\n|move|p2a: Iron Treads|Iron Head|p1a: Araquanid\n|-resisted|p1a: Araquanid\n|-damage|p1a: Araquanid|85/100\n|\n|upkeep\n|turn|2\n|\n|t:|1771194218\n|move|p2a: Iron Treads|Stealth Rock|p1a: Araquanid\n|-sidestart|p1: Laughs2Giggles|move: Stealth Rock\n|move|p1a: Araquanid|Liquidation|p2a: Iron Treads\n|-supereffective|p2a: Iron Treads\n|-enditem|p2a: Iron Treads|Focus Sash\n|-damage|p2a: Iron Treads|1/100\n|-unboost|p2a: Iron Treads|def|1\n|\n|upkeep\n|turn|3\n|\n|t:|1771194226\n|move|p2a: Iron Treads|Earthquake|p1a: Araquanid\n|-resisted|p1a: Araquanid\n|-damage|p1a: Araquanid|63/100\n|move|p1a: Araquanid|Liquidation|p2a: Iron Treads\n|-supereffective|p2a: Iron Treads\n|-damage|p2a: Iron Treads|0 fnt\n|faint|p2a: Iron Treads\n|-end|p2a: Iron Treads|Quark Drive|[silent]\n|\n|upkeep\n|\n|t:|1771194236\n|switch|p2a: Dragonite|Dragonite, M|100/100\n|turn|4\n|\n|t:|1771194241\n|-zpower|p2a: Dragonite\n|move|p2a: Dragonite|Supersonic Skystrike|p1a: Araquanid|[zeffect]\n|-supereffective|p1a: Araquanid\n|-crit|p1a: Araquanid\n|-damage|p1a: Araquanid|0 fnt\n|faint|p1a: Araquanid\n|\n|upkeep\n|\n|t:|1771194256\n|switch|p1a: Terapagos|Terapagos, M|100/100\n|-activate|p1a: Terapagos|ability: Tera Shift\n|detailschange|p1a: Terapagos|Terapagos-Terastal, M\n|-heal|p1a: Terapagos|100/100|[silent]\n|turn|5\n|\n|t:|1771194262\n|move|p1a: Terapagos|Rapid Spin|p2a: Dragonite\n|-damage|p2a: Dragonite|92/100\n|-boost|p1a: Terapagos|spe|1\n|-sideend|p1: Laughs2Giggles|Stealth Rock|[from] move: Rapid Spin|[of] p1a: Terapagos\n|move|p2a: Dragonite|Dragon Claw|p1a: Terapagos\n|-activate|p1a: Terapagos|ability: Tera Shell\n|-resisted|p1a: Terapagos\n|-crit|p1a: Terapagos\n|-damage|p1a: Terapagos|69/100\n|\n|upkeep\n|turn|6\n|\n|t:|1771194271\n|move|p1a: Terapagos|Tera Starstorm|p2a: Dragonite\n|-damage|p2a: Dragonite|35/100\n|move|p2a: Dragonite|Dragon Claw|p1a: Terapagos\n|-damage|p1a: Terapagos|26/100\n|\n|upkeep\n|turn|7\n|\n|t:|1771194277\n|move|p1a: Terapagos|Tera Starstorm|p2a: Dragonite\n|-damage|p2a: Dragonite|0 fnt\n|faint|p2a: Dragonite\n|\n|upkeep\n|\n|t:|1771194292\n|switch|p2a: Ceruledge|Ceruledge, M|100/100\n|turn|8\n|\n|t:|1771194298\n|switch|p1a: Landorus|Landorus-Therian, M|100/100\n|-ability|p1a: Landorus|Intimidate|boost\n|-unboost|p2a: Ceruledge|atk|1\n|move|p2a: Ceruledge|Bitter Blade|p1a: Landorus\n|-damage|p1a: Landorus|66/100\n|\n|upkeep\n|turn|9\n|\n|t:|1771194306\n|switch|p2a: Gyarados|Gyarados, M|100/100\n|-ability|p2a: Gyarados|Intimidate|boost\n|-unboost|p1a: Landorus|atk|1\n|move|p1a: Landorus|U-turn|p2a: Gyarados\n|-resisted|p2a: Gyarados\n|-damage|p2a: Gyarados|81/100\n|\n|t:|1771194314\n|switch|p1a: Grimmsnarl|Grimmsnarl, M|100/100|[from] U-turn\n|\n|upkeep\n|turn|10\n|\n|t:|1771194318\n|detailschange|p2a: Gyarados|Gyarados-Mega, M\n|-mega|p2a: Gyarados|Gyarados|Gyaradosite\n|-ability|p2a: Gyarados|Mold Breaker\n|move|p1a: Grimmsnarl|Trick|p2a: Gyarados\n|-hint|Since gen 7, Dark is immune to Prankster moves.\n|-immune|p2a: Gyarados\n|move|p2a: Gyarados|Dragon Dance|p2a: Gyarados\n|-boost|p2a: Gyarados|atk|1\n|-boost|p2a: Gyarados|spe|1\n|\n|upkeep\n|turn|11\n|\n|t:|1771194324\n|move|p2a: Gyarados|Waterfall|p1a: Grimmsnarl\n|-damage|p1a: Grimmsnarl|6/100\n|move|p1a: Grimmsnarl|Spirit Break|p2a: Gyarados\n|-supereffective|p2a: Gyarados\n|-damage|p2a: Gyarados|5/100\n|-unboost|p2a: Gyarados|spa|1\n|\n|upkeep\n|turn|12\n|\n|t:|1771194337\n|move|p1a: Grimmsnarl|Sucker Punch|p2a: Gyarados\n|-resisted|p2a: Gyarados\n|-damage|p2a: Gyarados|0 fnt\n|faint|p2a: Gyarados\n|detailschange|p2: Gyarados|Gyarados, M|[silent]\n|\n|upkeep\n|\n|t:|1771194342\n|switch|p2a: Serperior|Serperior, M|100/100\n|turn|13\n|\n|t:|1771194346\n|move|p1a: Grimmsnarl|Trick|p2a: Serperior\n|-activate|p1a: Grimmsnarl|move: Trick|[of] p2a: Serperior\n|-item|p2a: Serperior|Iron Ball|[from] move: Trick\n|-item|p1a: Grimmsnarl|Leftovers|[from] move: Trick\n|move|p2a: Serperior|Hidden Power|p1a: Grimmsnarl\n|-damage|p1a: Grimmsnarl|0 fnt\n|faint|p1a: Grimmsnarl\n|\n|upkeep\n|\n|t:|1771194355\n|switch|p1a: Landorus|Landorus-Therian, M|66/100\n|-ability|p1a: Landorus|Intimidate|boost\n|-boost|p2a: Serperior|atk|1\n|turn|14\n|\n|t:|1771194357\n|move|p1a: Landorus|U-turn|p2a: Serperior\n|-supereffective|p2a: Serperior\n|-damage|p2a: Serperior|0 fnt\n|faint|p2a: Serperior\n|\n|t:|1771194367\n|switch|p1a: Slowking|Slowking-Galar, F|100/100|[from] U-turn\n|\n|upkeep\n|\n|t:|1771194375\n|switch|p2a: Ceruledge|Ceruledge, M|100/100\n|turn|15\n|\n|t:|1771194386\n|switch|p1a: Landorus|Landorus-Therian, M|66/100\n|-ability|p1a: Landorus|Intimidate|boost\n|-unboost|p2a: Ceruledge|atk|1\n|move|p2a: Ceruledge|Swords Dance|p2a: Ceruledge\n|-boost|p2a: Ceruledge|atk|2\n|\n|upkeep\n|turn|16\n|\n|t:|1771194414\n|switch|p1a: Mew|Mew|100/100\n|move|p2a: Ceruledge|Poltergeist|p1a: Mew\n|-activate|p1a: Mew|move: Poltergeist|Light Clay\n|-supereffective|p1a: Mew\n|-damage|p1a: Mew|0 fnt\n|faint|p1a: Mew\n|\n|upkeep\n|\n|t:|1771194420\n|switch|p1a: Landorus|Landorus-Therian, M|66/100\n|-ability|p1a: Landorus|Intimidate|boost\n|-unboost|p2a: Ceruledge|atk|1\n|turn|17\n|\n|t:|1771194442\n|move|p2a: Ceruledge|Swords Dance|p2a: Ceruledge\n|-boost|p2a: Ceruledge|atk|2\n|move|p1a: Landorus|Earthquake|p2a: Ceruledge\n|-supereffective|p2a: Ceruledge\n|-enditem|p2a: Ceruledge|Focus Sash\n|-damage|p2a: Ceruledge|1/100\n|-ability|p2a: Ceruledge|Weak Armor|boost\n|-unboost|p2a: Ceruledge|def|1\n|-boost|p2a: Ceruledge|spe|2\n|\n|upkeep\n|turn|18\n|\n|t:|1771194447\n|move|p2a: Ceruledge|Bitter Blade|p1a: Landorus\n|-damage|p1a: Landorus|0 fnt\n|-heal|p2a: Ceruledge|37/100|[from] drain|[of] p1a: Landorus\n|faint|p1a: Landorus\n|\n|upkeep\n|-message|Laughs2Giggles forfeited.\n|\n|win|he898\n|raw|Laughs2Giggles's rating: 1609 &rarr; <strong>1588</strong><br />(-21 for losing)\n|raw|he898's rating: 1597 &rarr; <strong>1618</strong><br />(+21 for winning)\n|l|☆Laughs2Giggles\n|player|p1|\n|l|☆he898\n|player|p2|\n", "uploadtime": 1771194604, "views": 7, "formatid": "gen9nationaldex", "rating": 1588, "private": 0, "password": null}