{"id": "gen9nationaldex-2540582923", "format": "[Gen 9] National Dex", "players": ["daniel241595", "Rootkitlo"], "log": "|j|☆daniel241595\n|j|☆Rootkitlo\n|t:|1771221756\n|gametype|singles\n|player|p1|daniel241595|170|1701\n|player|p2|Rootkitlo|cynthia-gen4|1564\n|gen|9\n|tier|[Gen 9] National Dex\n|rated|\n|rule|HP Percentage Mod: HP is shown in percentages\n|rule|Endless Battle Clause: Forcing endless battles is banned\n|rule|Species Clause: Limit one of each Pokémon\n|rule|OHKO Clause: OHKO moves are banned\n|rule|Evasion Clause: Evasion abilities, items, and moves are banned\n|rule|Evasion Abilities Clause: Evasion abilities are banned\n|rule|Evasion Items Clause: Evasion items are banned\n|rule|Evasion Moves Clause: Evasion moves are banned\n|rule|Sleep Clause Mod: Limit one foe put to sleep\n|rule|Terastal Clause: You cannot Terastallize\n|clearpoke\n|poke|p1|Arcanine-Hisui, M|\n|poke|p1|Milotic, F|\n|poke|p1|Electivire, F|\n|poke|p1|Hydreigon, F|\n|poke|p1|Chesnaught, M|\n|poke|p1|Hatterene, F|\n|poke|p2|Ogerpon, F|\n|poke|p2|Rillaboom, M|\n|poke|p2|Great Tusk|\n|poke|p2|Gholdengo|\n|poke|p2|Moltres|\n|poke|p2|Samurott-Hisui, F|\n|teampreview\n|inactive|Battle timer is ON: inactive players will automatically lose when time's up. (requested by daniel241595)\n|\n|t:|1771221780\n|teamsize|p1|6\n|teamsize|p2|6\n|start\n|switch|p1a: Electivire|Electivire, F|100/100\n|switch|p2a: Great Tusk|Great Tusk|100/100\n|turn|1\n|\n|t:|1771221786\n|switch|p1a: Hatterene|Hatterene, F, shiny|100/100\n|move|p2a: Great Tusk|Stealth Rock|p1a: Hatterene\n|move|p1a: Hatterene|Stealth Rock|p2a: Great Tusk|[from] ability: Magic Bounce\n|-sidestart|p2: Rootkitlo|move: Stealth Rock\n|\n|upkeep\n|turn|2\n|\n|t:|1771221794\n|-end|p2a: Great Tusk|Protosynthesis|[silent]\n|switch|p2a: Moltres|Moltres|100/100\n|move|p1a: Hatterene|Draining Kiss|p2a: Moltres\n|-resisted|p2a: Moltres\n|-damage|p2a: Moltres|88/100\n|-status|p1a: Hatterene|brn|[from] ability: Flame Body|[of] p2a: Moltres\n|\n|-damage|p1a: Hatterene|95/100 brn|[from] brn\n|upkeep\n|turn|3\n|\n|t:|1771221802\n|switch|p1a: Arcanine|Arcanine-Hisui, M|100/100\n|move|p2a: Moltres|Hurricane|p1a: Arcanine\n|-resisted|p1a: Arcanine\n|-damage|p1a: Arcanine|78/100\n|\n|upkeep\n|turn|4\n|\n|t:|1771221814\n|switch|p2a: Samurott|Samurott-Hisui, F|100/100\n|-damage|p2a: Samurott|88/100|[from] Stealth Rock\n|move|p1a: Arcanine|Head Smash|p2a: Samurott\n|-damage|p2a: Samurott|0 fnt\n|faint|p2a: Samurott\n|\n|upkeep\n|\n|t:|1771221822\n|switch|p2a: Great Tusk|Great Tusk|100/100\n|turn|5\n|\n|t:|1771221833\n|switch|p1a: Chesnaught|Chesnaught, M|100/100\n|move|p2a: Great Tusk|Rapid Spin|p1a: Chesnaught\n|-crit|p1a: Chesnaught\n|-damage|p1a: Chesnaught|85/100\n|-boost|p2a: Great Tusk|spe|1\n|-sideend|p2: Rootkitlo|Stealth Rock|[from] move: Rapid Spin|[of] p2a: Great Tusk\n|\n|-heal|p1a: Chesnaught|92/100|[from] item: Leftovers\n|upkeep\n|turn|6\n|\n|t:|1771221838\n|-end|p2a: Great Tusk|Protosynthesis|[silent]\n|switch|p2a: Moltres|Moltres|88/100\n|move|p1a: Chesnaught|Spikes|p2a: Moltres\n|-sidestart|p2: Rootkitlo|Spikes\n|\n|-heal|p1a: Chesnaught|98/100|[from] item: Leftovers\n|upkeep\n|turn|7\n|\n|t:|1771221847\n|switch|p1a: Milotic|Milotic, F|100/100\n|move|p2a: Moltres|Hurricane|p1a: Milotic|[miss]\n|-miss|p2a: Moltres|p1a: Milotic\n|\n|upkeep\n|turn|8\n|\n|t:|1771221854\n|move|p2a: Moltres|Will-O-Wisp|p1a: Milotic\n|-status|p1a: Milotic|brn\n|move|p1a: Milotic|Scald|p2a: Moltres\n|-supereffective|p2a: Moltres\n|-damage|p2a: Moltres|35/100\n|\n|-damage|p1a: Milotic|94/100 brn|[from] brn\n|upkeep\n|turn|9\n|\n|t:|1771221861\n|switch|p2a: Rillaboom|Rillaboom, M|100/100\n|-damage|p2a: Rillaboom|88/100|[from] Spikes\n|-fieldstart|move: Grassy Terrain|[from] ability: Grassy Surge|[of] p2a: Rillaboom\n|move|p1a: Milotic|Scald|p2a: Rillaboom\n|-resisted|p2a: Rillaboom\n|-crit|p2a: Rillaboom\n|-damage|p2a: Rillaboom|61/100\n|\n|-heal|p2a: Rillaboom|68/100|[from] Grassy Terrain\n|-heal|p1a: Milotic|100/100 brn|[from] Grassy Terrain\n|-damage|p1a: Milotic|94/100 brn|[from] brn\n|upkeep\n|turn|10\n|\n|t:|1771221865\n|switch|p1a: Chesnaught|Chesnaught, M|98/100\n|move|p2a: Rillaboom|Swords Dance|p2a: Rillaboom\n|-boost|p2a: Rillaboom|atk|2\n|\n|-heal|p2a: Rillaboom|74/100|[from] Grassy Terrain\n|-heal|p1a: Chesnaught|100/100|[from] Grassy Terrain\n|upkeep\n|turn|11\n|\n|t:|1771221872\n|move|p2a: Rillaboom|Knock Off|p1a: Chesnaught\n|-resisted|p1a: Chesnaught\n|-damage|p1a: Chesnaught|82/100\n|-enditem|p1a: Chesnaught|Leftovers|[from] move: Knock Off|[of] p2a: Rillaboom\n|move|p1a: Chesnaught|Iron Defense|p1a: Chesnaught\n|-boost|p1a: Chesnaught|def|2\n|\n|-heal|p2a: Rillaboom|80/100|[from] Grassy Terrain\n|-heal|p1a: Chesnaught|88/100|[from] Grassy Terrain\n|upkeep\n|turn|12\n|\n|t:|1771221876\n|switch|p2a: Moltres|Moltres|35/100\n|move|p1a: Chesnaught|Body Press|p2a: Moltres\n|-resisted|p2a: Moltres\n|-damage|p2a: Moltres|7/100\n|\n|-heal|p1a: Chesnaught|94/100|[from] Grassy Terrain\n|upkeep\n|turn|13\n|\n|t:|1771221880\n|switch|p1a: Milotic|Milotic, F|94/100 brn\n|move|p2a: Moltres|Roost|p2a: Moltres\n|-heal|p2a: Moltres|57/100\n|-singleturn|p2a: Moltres|move: Roost\n|\n|-heal|p2a: Moltres|63/100|[from] Grassy Terrain\n|-heal|p1a: Milotic|100/100 brn|[from] Grassy Terrain\n|-damage|p1a: Milotic|94/100 brn|[from] brn\n|upkeep\n|turn|14\n|\n|t:|1771221885\n|switch|p2a: Rillaboom|Rillaboom, M|80/100\n|-damage|p2a: Rillaboom|67/100|[from] Spikes\n|move|p1a: Milotic|Scald|p2a: Rillaboom\n|-resisted|p2a: Rillaboom\n|-damage|p2a: Rillaboom|50/100\n|\n|-heal|p2a: Rillaboom|56/100|[from] Grassy Terrain\n|-heal|p1a: Milotic|100/100 brn|[from] Grassy Terrain\n|-damage|p1a: Milotic|94/100 brn|[from] brn\n|upkeep\n|turn|15\n|\n|t:|1771221891\n|switch|p1a: Chesnaught|Chesnaught, M|94/100\n|move|p2a: Rillaboom|Grassy Glide|p1a: Chesnaught\n|-resisted|p1a: Chesnaught\n|-damage|p1a: Chesnaught|83/100\n|\n|-heal|p2a: Rillaboom|62/100|[from] Grassy Terrain\n|-heal|p1a: Chesnaught|89/100|[from] Grassy Terrain\n|upkeep\n|turn|16\n|\n|t:|1771221898\n|move|p2a: Rillaboom|Grassy Glide|p1a: Chesnaught\n|-resisted|p1a: Chesnaught\n|-damage|p1a: Chesnaught|78/100\n|move|p1a: Chesnaught|Spikes|p2a: Rillaboom\n|-sidestart|p2: Rootkitlo|Spikes\n|\n|-heal|p2a: Rillaboom|68/100|[from] Grassy Terrain\n|-heal|p1a: Chesnaught|84/100|[from] Grassy Terrain\n|-fieldend|move: Grassy Terrain\n|upkeep\n|turn|17\n|\n|t:|1771221904\n|switch|p2a: Gholdengo|Gholdengo|100/100\n|-item|p2a: Gholdengo|Air Balloon\n|move|p1a: Chesnaught|Spikes|p2a: Gholdengo\n|-sidestart|p2: Rootkitlo|Spikes\n|\n|upkeep\n|turn|18\n|\n|t:|1771221910\n|switch|p1a: Milotic|Milotic, F|94/100 brn\n|move|p2a: Gholdengo|Shadow Ball|p1a: Milotic\n|-damage|p1a: Milotic|67/100 brn\n|\n|-heal|p1a: Milotic|73/100 brn|[from] item: Leftovers\n|-damage|p1a: Milotic|67/100 brn|[from] brn\n|upkeep\n|turn|19\n|\n|t:|1771221918\n|switch|p2a: Great Tusk|Great Tusk|100/100\n|move|p1a: Milotic|Flip Turn|p2a: Great Tusk\n|-supereffective|p2a: Great Tusk\n|-damage|p2a: Great Tusk|91/100\n|\n|t:|1771221943\n|switch|p1a: Hatterene|Hatterene, F, shiny|95/100 brn|[from] Flip Turn\n|\n|-heal|p1a: Hatterene|100/100 brn|[from] item: Leftovers\n|-damage|p1a: Hatterene|95/100 brn|[from] brn\n|upkeep\n|turn|20\n|-message|Rootkitlo forfeited.\n|\n|win|daniel241595\n|raw|daniel241595's rating: 1701 &rarr; <strong>1713</strong><br />(+12 for winning)\n|raw|Rootkitlo's rating: 1564 &rarr; <strong>1552</strong><br />(-12 for losing)\n|l|☆Rootkitlo\n|player|p2|\n", "uploadtime": 1771221982, "views": 10, "formatid": "gen9nationaldex", "rating": 1552, "private": 0, "password": null}