{"id": "gen9nationaldex-2540221819", "format": "[Gen 9] National Dex", "players": ["yjw123", "Crsiu"], "log": "|j|☆yjw123\n|j|☆Crsiu\n|t:|1771177491\n|gametype|singles\n|player|p1|yjw123|266|1621\n|player|p2|Crsiu|n|1672\n|gen|9\n|tier|[Gen 9] National Dex\n|rated|\n|rule|HP Percentage Mod: HP is shown in percentages\n|rule|Endless Battle Clause: Forcing endless battles is banned\n|rule|Species Clause: Limit one of each Pokémon\n|rule|OHKO Clause: OHKO moves are banned\n|rule|Evasion Clause: Evasion abilities, items, and moves are banned\n|rule|Evasion Abilities Clause: Evasion abilities are banned\n|rule|Evasion Items Clause: Evasion items are banned\n|rule|Evasion Moves Clause: Evasion moves are banned\n|rule|Sleep Clause Mod: Limit one foe put to sleep\n|rule|Terastal Clause: You cannot Terastallize\n|clearpoke\n|poke|p1|Tapu Lele|\n|poke|p1|Urshifu-*, M|\n|poke|p1|Raging Bolt|\n|poke|p1|Empoleon, M|\n|poke|p1|Banette, F|\n|poke|p1|Landorus-Therian, M|\n|poke|p2|Blaziken, M|\n|poke|p2|Tapu Lele|\n|poke|p2|Iron Treads|\n|poke|p2|Ninetales-Alola, M|\n|poke|p2|Raging Bolt|\n|poke|p2|Ursaluna, F|\n|teampreview\n|inactive|Battle timer is ON: inactive players will automatically lose when time's up. (requested by Crsiu)\n|\n|t:|1771177504\n|teamsize|p1|6\n|teamsize|p2|6\n|start\n|switch|p1a: Empoleon|Empoleon, M|100/100\n|switch|p2a: Iron Treads|Iron Treads|100/100\n|turn|1\n|\n|t:|1771177509\n|switch|p1a: Landorus|Landorus-Therian, M|100/100\n|-ability|p1a: Landorus|Intimidate|boost\n|-unboost|p2a: Iron Treads|atk|1\n|move|p2a: Iron Treads|Stealth Rock|p1a: Landorus\n|-sidestart|p1: yjw123|move: Stealth Rock\n|\n|upkeep\n|turn|2\n|j| gafgaefafgsfdg\n|\n|t:|1771177515\n|move|p2a: Iron Treads|Knock Off|p1a: Landorus\n|-damage|p1a: Landorus|84/100\n|-damage|p2a: Iron Treads|84/100|[from] item: Rocky Helmet|[of] p1a: Landorus\n|-enditem|p1a: Landorus|Rocky Helmet|[from] move: Knock Off|[of] p2a: Iron Treads\n|move|p1a: Landorus|Earth Power|p2a: Iron Treads\n|-supereffective|p2a: Iron Treads\n|-damage|p2a: Iron Treads|0 fnt\n|faint|p2a: Iron Treads\n|-end|p2a: Iron Treads|Quark Drive|[silent]\n|\n|upkeep\n|\n|t:|1771177520\n|switch|p2a: Ninetales|Ninetales-Alola, M|100/100\n|-weather|Snowscape|[from] ability: Snow Warning|[of] p2a: Ninetales\n|turn|3\n|\n|t:|1771177524\n|switch|p1a: Empoleon|Empoleon, M|100/100\n|-damage|p1a: Empoleon|94/100|[from] Stealth Rock\n|move|p2a: Ninetales|Freeze-Dry|p1a: Empoleon\n|-damage|p1a: Empoleon|81/100\n|\n|-weather|Snowscape|[upkeep]\n|upkeep\n|turn|4\n|\n|t:|1771177529\n|move|p2a: Ninetales|Aurora Veil|p2a: Ninetales\n|-sidestart|p2: Crsiu|move: Aurora Veil\n|move|p1a: Empoleon|Defog|p2a: Ninetales\n|-unboost|p2a: Ninetales|evasion|1\n|-sideend|p2: Crsiu|move: Aurora Veil\n|-sideend|p1: yjw123|Stealth Rock|[from] move: Defog|[of] p1a: Empoleon\n|\n|-weather|Snowscape|[upkeep]\n|upkeep\n|turn|5\n|\n|t:|1771177534\n|move|p2a: Ninetales|Encore|p1a: Empoleon\n|-start|p1a: Empoleon|Encore\n|move|p1a: Empoleon|Defog|p2a: Ninetales\n|-unboost|p2a: Ninetales|evasion|1\n|\n|-weather|Snowscape|[upkeep]\n|upkeep\n|turn|6\n|\n|t:|1771177538\n|move|p2a: Ninetales|Aurora Veil|p2a: Ninetales\n|-sidestart|p2: Crsiu|move: Aurora Veil\n|move|p1a: Empoleon|Defog|p2a: Ninetales\n|-unboost|p2a: Ninetales|evasion|1\n|-sideend|p2: Crsiu|move: Aurora Veil\n|\n|-weather|Snowscape|[upkeep]\n|upkeep\n|turn|7\n|\n|t:|1771177546\n|switch|p2a: Raging Bolt|Raging Bolt|100/100\n|switch|p1a: Tapu Lele|Tapu Lele|100/100\n|-fieldstart|move: Psychic Terrain|[from] ability: Psychic Surge|[of] p1a: Tapu Lele\n|\n|-weather|none\n|upkeep\n|turn|8\n|\n|t:|1771177554\n|-zpower|p1a: Tapu Lele\n|move|p1a: Tapu Lele|Shattered Psyche|p2a: Raging Bolt|[zeffect]\n|-damage|p2a: Raging Bolt|0 fnt\n|faint|p2a: Raging Bolt\n|-end|p2a: Raging Bolt|Protosynthesis|[silent]\n|\n|upkeep\n|\n|t:|1771177570\n|switch|p2a: Ninetales|Ninetales-Alola, M|100/100\n|-weather|Snowscape|[from] ability: Snow Warning|[of] p2a: Ninetales\n|turn|9\n|\n|t:|1771177576\n|move|p2a: Ninetales|Aurora Veil|p2a: Ninetales\n|-sidestart|p2: Crsiu|move: Aurora Veil\n|move|p1a: Tapu Lele|Future Sight|p2a: Ninetales\n|-start|p1a: Tapu Lele|move: Future Sight\n|\n|-weather|Snowscape|[upkeep]\n|upkeep\n|turn|10\n|\n|t:|1771177580\n|switch|p1a: Empoleon|Empoleon, M|81/100\n|move|p2a: Ninetales|Encore||[still]\n|-fail|p2a: Ninetales\n|\n|-weather|Snowscape|[upkeep]\n|upkeep\n|turn|11\n|\n|t:|1771177584\n|move|p2a: Ninetales|Freeze-Dry|p1a: Empoleon\n|-damage|p1a: Empoleon|67/100\n|move|p1a: Empoleon|Defog|p2a: Ninetales\n|-unboost|p2a: Ninetales|evasion|1\n|-sideend|p2: Crsiu|move: Aurora Veil\n|-fieldend|move: Psychic Terrain\n|\n|-weather|Snowscape|[upkeep]\n|-end|p2a: Ninetales|move: Future Sight\n|-crit|p2a: Ninetales\n|-damage|p2a: Ninetales|0 fnt\n|faint|p2a: Ninetales\n|upkeep\n|\n|t:|1771177597\n|switch|p2a: Ursaluna|Ursaluna, F|100/100\n|turn|12\n|\n|t:|1771177603\n|switch|p1a: Landorus|Landorus-Therian, M|84/100\n|-ability|p1a: Landorus|Intimidate|boost\n|-unboost|p2a: Ursaluna|atk|1\n|move|p2a: Ursaluna|Swords Dance|p2a: Ursaluna\n|-boost|p2a: Ursaluna|atk|2\n|\n|-weather|Snowscape|[upkeep]\n|-status|p2a: Ursaluna|brn|[from] item: Flame Orb\n|upkeep\n|turn|13\n|\n|t:|1771177610\n|move|p1a: Landorus|Stealth Rock|p2a: Ursaluna\n|-sidestart|p2: Crsiu|move: Stealth Rock\n|move|p2a: Ursaluna|Facade|p1a: Landorus\n|-damage|p1a: Landorus|0 fnt\n|faint|p1a: Landorus\n|\n|-weather|none\n|-damage|p2a: Ursaluna|94/100 brn|[from] brn\n|upkeep\n|\n|t:|1771177615\n|switch|p1a: Tapu Lele|Tapu Lele|100/100\n|-fieldstart|move: Psychic Terrain|[from] ability: Psychic Surge|[of] p1a: Tapu Lele\n|turn|14\n|\n|t:|1771177618\n|move|p1a: Tapu Lele|Moonblast|p2a: Ursaluna\n|-damage|p2a: Ursaluna|50/100 brn\n|move|p2a: Ursaluna|Facade|p1a: Tapu Lele\n|-damage|p1a: Tapu Lele|0 fnt\n|faint|p1a: Tapu Lele\n|\n|-damage|p2a: Ursaluna|44/100 brn|[from] brn\n|upkeep\n|\n|t:|1771177622\n|switch|p1a: Urshifu|Urshifu-Rapid-Strike, M|100/100\n|turn|15\n|\n|t:|1771177625\n|move|p1a: Urshifu|Surging Strikes|p2a: Ursaluna\n|-supereffective|p2a: Ursaluna\n|-crit|p2a: Ursaluna\n|-damage|p2a: Ursaluna|16/100 brn\n|-supereffective|p2a: Ursaluna\n|-crit|p2a: Ursaluna\n|-damage|p2a: Ursaluna|0 fnt\n|faint|p2a: Ursaluna\n|-hitcount|p2: Ursaluna|2\n|\n|upkeep\n|\n|t:|1771177627\n|switch|p2a: Tapu Lele|Tapu Lele|100/100\n|-damage|p2a: Tapu Lele|88/100|[from] Stealth Rock\n|turn|16\n|\n|t:|1771177633\n|move|p1a: Urshifu|Surging Strikes|p2a: Tapu Lele\n|-crit|p2a: Tapu Lele\n|-damage|p2a: Tapu Lele|56/100\n|-crit|p2a: Tapu Lele\n|-damage|p2a: Tapu Lele|27/100\n|-crit|p2a: Tapu Lele\n|-damage|p2a: Tapu Lele|0 fnt\n|faint|p2a: Tapu Lele\n|-hitcount|p2: Tapu Lele|3\n|\n|upkeep\n|inactive|Crsiu has 120 seconds left.\n|inactive|Crsiu has 90 seconds left.\n|inactive|Crsiu has 60 seconds left.\n|inactive|Crsiu has 30 seconds left.\n|inactive|Crsiu has 20 seconds left.\n|inactive|Crsiu has 15 seconds left.\n|inactive|Crsiu has 10 seconds left.\n|inactive|Crsiu has 5 seconds left.\n|-message|Crsiu lost due to inactivity.\n|\n|win|yjw123\n|raw|yjw123's rating: 1621 &rarr; <strong>1644</strong><br />(+23 for winning)\n|raw|Crsiu's rating: 1672 &rarr; <strong>1649</strong><br />(-23 for losing)\n|l|☆yjw123\n|player|p1|\n", "uploadtime": 1771177952, "views": 7, "formatid": "gen9nationaldex", "rating": 1644, "private": 0, "password": null}