{"id": "gen9nationaldex-2540948879", "format": "[Gen 9] National Dex", "players": ["fluxzer", "pablefe"], "log": "|j|☆fluxzer\n|j|☆pablefe\n|t:|1771269980\n|gametype|singles\n|player|p1|fluxzer|clemont|1563\n|player|p2|pablefe|clair|1673\n|gen|9\n|tier|[Gen 9] National Dex\n|rated|\n|rule|HP Percentage Mod: HP is shown in percentages\n|rule|Endless Battle Clause: Forcing endless battles is banned\n|rule|Species Clause: Limit one of each Pokémon\n|rule|OHKO Clause: OHKO moves are banned\n|rule|Evasion Clause: Evasion abilities, items, and moves are banned\n|rule|Evasion Abilities Clause: Evasion abilities are banned\n|rule|Evasion Items Clause: Evasion items are banned\n|rule|Evasion Moves Clause: Evasion moves are banned\n|rule|Sleep Clause Mod: Limit one foe put to sleep\n|rule|Terastal Clause: You cannot Terastallize\n|clearpoke\n|poke|p1|Tapu Fini|\n|poke|p1|Kyurem|\n|poke|p1|Ting-Lu|\n|poke|p1|Kingambit, F|\n|poke|p1|Corviknight, F|\n|poke|p1|Zamazenta-*|\n|poke|p2|Clefable, F|\n|poke|p2|Pecharunt|\n|poke|p2|Skarmory, F|\n|poke|p2|Latios, M|\n|poke|p2|Ting-Lu|\n|poke|p2|Gholdengo|\n|teampreview\n|c|☆fluxzer|easy ass win omg\n|inactive|Battle timer is ON: inactive players will automatically lose when time's up. (requested by fluxzer)\n|\n|t:|1771269995\n|teamsize|p1|6\n|teamsize|p2|6\n|start\n|switch|p1a: Ting-Lu|Ting-Lu|100/100\n|switch|p2a: Gholdengo|Gholdengo|100/100\n|-ability|p1a: Ting-Lu|Vessel of Ruin\n|turn|1\n|\n|t:|1771270011\n|switch|p2a: Skarmory|Skarmory, F|100/100\n|move|p1a: Ting-Lu|Rock Slide|p2a: Skarmory\n|-damage|p2a: Skarmory|88/100\n|\n|upkeep\n|turn|2\n|\n|t:|1771270015\n|move|p2a: Skarmory|Spikes|p1a: Ting-Lu\n|-sidestart|p1: fluxzer|Spikes\n|move|p1a: Ting-Lu|Stealth Rock|p2a: Skarmory\n|-sidestart|p2: pablefe|move: Stealth Rock\n|\n|upkeep\n|turn|3\n|\n|t:|1771270021\n|switch|p1a: Kyurem|Kyurem|100/100\n|-damage|p1a: Kyurem|88/100|[from] Spikes\n|-ability|p1a: Kyurem|Pressure\n|move|p2a: Skarmory|Spikes|p1a: Kyurem\n|-sidestart|p1: fluxzer|Spikes\n|\n|upkeep\n|turn|4\n|\n|t:|1771270032\n|switch|p2a: Gholdengo|Gholdengo|100/100\n|-damage|p2a: Gholdengo|94/100|[from] Stealth Rock\n|move|p1a: Kyurem|Ice Beam|p2a: Gholdengo\n|-resisted|p2a: Gholdengo\n|-damage|p2a: Gholdengo|56/100\n|-status|p2a: Gholdengo|frz\n|\n|upkeep\n|turn|5\n|\n|t:|1771270037\n|cant|p2a: Gholdengo|frz\n|move|p1a: Kyurem|Ice Beam|p2a: Gholdengo\n|-resisted|p2a: Gholdengo\n|-damage|p2a: Gholdengo|14/100 frz\n|\n|upkeep\n|turn|6\n|\n|t:|1771270041\n|-curestatus|p2a: Gholdengo|frz|[msg]\n|move|p2a: Gholdengo|Make It Rain|p1a: Kyurem\n|-supereffective|p1a: Kyurem\n|-damage|p1a: Kyurem|0 fnt\n|-unboost|p2a: Gholdengo|spa|1\n|faint|p1a: Kyurem\n|\n|upkeep\n|c|☆fluxzer|scarf gold huh\n|\n|t:|1771270052\n|switch|p1a: Zamazenta|Zamazenta, shiny|100/100\n|-damage|p1a: Zamazenta|84/100|[from] Spikes\n|-ability|p1a: Zamazenta|Dauntless Shield|boost\n|-boost|p1a: Zamazenta|def|1\n|turn|7\n|\n|t:|1771270057\n|move|p2a: Gholdengo|Make It Rain|p1a: Zamazenta\n|-damage|p1a: Zamazenta|49/100\n|-unboost|p2a: Gholdengo|spa|1\n|move|p1a: Zamazenta|Heavy Slam|p2a: Gholdengo\n|-resisted|p2a: Gholdengo\n|-damage|p2a: Gholdengo|0 fnt\n|faint|p2a: Gholdengo\n|\n|-heal|p1a: Zamazenta|56/100|[from] item: Leftovers\n|upkeep\n|\n|t:|1771270061\n|switch|p2a: Pecharunt|Pecharunt|100/100\n|turn|8\n|\n|t:|1771270064\n|switch|p1a: Kingambit|Kingambit, F|100/100\n|-damage|p1a: Kingambit|84/100|[from] Spikes\n|-activate|p1a: Kingambit|ability: Supreme Overlord\n|-start|p1a: Kingambit|fallen1|[silent]\n|move|p2a: Pecharunt|Parting Shot|p1a: Kingambit\n|-unboost|p1a: Kingambit|atk|1\n|-unboost|p1a: Kingambit|spa|1\n|\n|t:|1771270068\n|switch|p2a: Skarmory|Skarmory, F|88/100|[from] Parting Shot\n|-damage|p2a: Skarmory|76/100|[from] Stealth Rock\n|\n|upkeep\n|turn|9\n|\n|t:|1771270074\n|-end|p1a: Kingambit|fallen1|[silent]\n|switch|p1a: Tapu Fini|Tapu Fini, shiny|100/100\n|-damage|p1a: Tapu Fini|84/100|[from] Spikes\n|-fieldstart|move: Misty Terrain|[from] ability: Misty Surge|[of] p1a: Tapu Fini\n|move|p2a: Skarmory|Body Press|p1a: Tapu Fini\n|-resisted|p1a: Tapu Fini\n|-damage|p1a: Tapu Fini|74/100\n|\n|-heal|p1a: Tapu Fini|80/100|[from] item: Leftovers\n|upkeep\n|turn|10\n|\n|t:|1771270084\n|switch|p2a: Pecharunt|Pecharunt|100/100\n|move|p1a: Tapu Fini|Taunt|p2a: Pecharunt\n|-start|p2a: Pecharunt|move: Taunt\n|\n|-heal|p1a: Tapu Fini|86/100|[from] item: Leftovers\n|upkeep\n|turn|11\n|\n|t:|1771270091\n|switch|p1a: Kingambit|Kingambit, F|84/100\n|-damage|p1a: Kingambit|68/100|[from] Spikes\n|-activate|p1a: Kingambit|ability: Supreme Overlord\n|-start|p1a: Kingambit|fallen1|[silent]\n|move|p2a: Pecharunt|Shadow Ball|p1a: Kingambit\n|-resisted|p1a: Kingambit\n|-damage|p1a: Kingambit|54/100\n|-unboost|p1a: Kingambit|spd|1\n|\n|upkeep\n|turn|12\n|\n|t:|1771270100\n|-activate|p2a: Pecharunt|move: Pursuit\n|move|p1a: Kingambit|Pursuit|p2a: Pecharunt|[from] Pursuit\n|-supereffective|p2a: Pecharunt\n|-damage|p2a: Pecharunt|45/100\n|switch|p2a: Skarmory|Skarmory, F|76/100\n|-damage|p2a: Skarmory|63/100|[from] Stealth Rock\n|\n|upkeep\n|turn|13\n|\n|t:|1771270106\n|-end|p1a: Kingambit|fallen1|[silent]\n|switch|p1a: Tapu Fini|Tapu Fini, shiny|86/100\n|-damage|p1a: Tapu Fini|70/100|[from] Spikes\n|move|p2a: Skarmory|Spikes|p1a: Tapu Fini\n|-sidestart|p1: fluxzer|Spikes\n|\n|-heal|p1a: Tapu Fini|76/100|[from] item: Leftovers\n|-fieldend|Misty Terrain\n|upkeep\n|turn|14\n|\n|t:|1771270110\n|move|p1a: Tapu Fini|Calm Mind|p1a: Tapu Fini\n|-boost|p1a: Tapu Fini|spa|1\n|-boost|p1a: Tapu Fini|spd|1\n|move|p2a: Skarmory|Roost|p2a: Skarmory\n|-heal|p2a: Skarmory|100/100\n|-singleturn|p2a: Skarmory|move: Roost\n|\n|-heal|p1a: Tapu Fini|82/100|[from] item: Leftovers\n|upkeep\n|turn|15\n|\n|t:|1771270117\n|switch|p2a: Ting-Lu|Ting-Lu|100/100\n|-damage|p2a: Ting-Lu|94/100|[from] Stealth Rock\n|-ability|p2a: Ting-Lu|Vessel of Ruin\n|move|p1a: Tapu Fini|Scald|p2a: Ting-Lu\n|-supereffective|p2a: Ting-Lu\n|-damage|p2a: Ting-Lu|59/100\n|\n|-heal|p1a: Tapu Fini|88/100|[from] item: Leftovers\n|-heal|p2a: Ting-Lu|65/100|[from] item: Leftovers\n|upkeep\n|turn|16\n|\n|t:|1771270120\n|move|p1a: Tapu Fini|Taunt|p2a: Ting-Lu\n|-start|p2a: Ting-Lu|move: Taunt\n|cant|p2a: Ting-Lu|move: Taunt|Whirlwind\n|\n|-heal|p1a: Tapu Fini|94/100|[from] item: Leftovers\n|-heal|p2a: Ting-Lu|72/100|[from] item: Leftovers\n|upkeep\n|turn|17\n|\n|t:|1771270126\n|move|p1a: Tapu Fini|Calm Mind|p1a: Tapu Fini\n|-boost|p1a: Tapu Fini|spa|1\n|-boost|p1a: Tapu Fini|spd|1\n|move|p2a: Ting-Lu|Ruination|p1a: Tapu Fini\n|-damage|p1a: Tapu Fini|47/100\n|\n|-heal|p1a: Tapu Fini|53/100|[from] item: Leftovers\n|-heal|p2a: Ting-Lu|78/100|[from] item: Leftovers\n|upkeep\n|turn|18\n|\n|t:|1771270136\n|move|p1a: Tapu Fini|Draining Kiss|p2a: Ting-Lu\n|-supereffective|p2a: Ting-Lu\n|-damage|p2a: Ting-Lu|51/100\n|-heal|p1a: Tapu Fini|84/100|[from] drain|[of] p2a: Ting-Lu\n|move|p2a: Ting-Lu|Earthquake|p1a: Tapu Fini\n|-damage|p1a: Tapu Fini|60/100\n|\n|-heal|p1a: Tapu Fini|66/100|[from] item: Leftovers\n|-heal|p2a: Ting-Lu|57/100|[from] item: Leftovers\n|-end|p2a: Ting-Lu|move: Taunt\n|upkeep\n|turn|19\n|\n|t:|1771270140\n|move|p1a: Tapu Fini|Taunt|p2a: Ting-Lu\n|-start|p2a: Ting-Lu|move: Taunt\n|cant|p2a: Ting-Lu|move: Taunt|Whirlwind\n|\n|-heal|p1a: Tapu Fini|72/100|[from] item: Leftovers\n|-heal|p2a: Ting-Lu|63/100|[from] item: Leftovers\n|upkeep\n|turn|20\n|\n|t:|1771270143\n|move|p1a: Tapu Fini|Draining Kiss|p2a: Ting-Lu\n|-supereffective|p2a: Ting-Lu\n|-damage|p2a: Ting-Lu|37/100\n|-heal|p1a: Tapu Fini|100/100|[from] drain|[of] p2a: Ting-Lu\n|move|p2a: Ting-Lu|Ruination|p1a: Tapu Fini\n|-damage|p1a: Tapu Fini|50/100\n|\n|-heal|p1a: Tapu Fini|57/100|[from] item: Leftovers\n|-heal|p2a: Ting-Lu|44/100|[from] item: Leftovers\n|upkeep\n|turn|21\n|\n|t:|1771270148\n|move|p1a: Tapu Fini|Draining Kiss|p2a: Ting-Lu\n|-supereffective|p2a: Ting-Lu\n|-damage|p2a: Ting-Lu|18/100\n|-heal|p1a: Tapu Fini|86/100|[from] drain|[of] p2a: Ting-Lu\n|move|p2a: Ting-Lu|Ruination|p1a: Tapu Fini\n|-damage|p1a: Tapu Fini|43/100\n|\n|-heal|p1a: Tapu Fini|49/100|[from] item: Leftovers\n|-heal|p2a: Ting-Lu|24/100|[from] item: Leftovers\n|-end|p2a: Ting-Lu|move: Taunt\n|upkeep\n|turn|22\n|\n|t:|1771270155\n|move|p1a: Tapu Fini|Draining Kiss|p2a: Ting-Lu\n|-supereffective|p2a: Ting-Lu\n|-damage|p2a: Ting-Lu|0 fnt\n|-heal|p1a: Tapu Fini|75/100|[from] drain|[of] p2a: Ting-Lu\n|faint|p2a: Ting-Lu\n|\n|-heal|p1a: Tapu Fini|82/100|[from] item: Leftovers\n|upkeep\n|\n|t:|1771270158\n|switch|p2a: Pecharunt|Pecharunt|45/100\n|turn|23\n|\n|t:|1771270162\n|move|p1a: Tapu Fini|Scald|p2a: Pecharunt\n|-damage|p2a: Pecharunt|0 fnt\n|faint|p2a: Pecharunt\n|\n|-heal|p1a: Tapu Fini|88/100|[from] item: Leftovers\n|upkeep\n|\n|t:|1771270167\n|switch|p2a: Clefable|Clefable, F|100/100\n|turn|24\n|c|☆fluxzer|just forfeit\n|\n|t:|1771270172\n|move|p1a: Tapu Fini|Taunt|p2a: Clefable\n|-start|p2a: Clefable|move: Taunt\n|move|p2a: Clefable|Moonblast|p1a: Tapu Fini\n|-damage|p1a: Tapu Fini|74/100\n|-unboost|p1a: Tapu Fini|spa|1\n|\n|-heal|p1a: Tapu Fini|80/100|[from] item: Leftovers\n|upkeep\n|turn|25\n|\n|t:|1771270177\n|move|p1a: Tapu Fini|Scald|p2a: Clefable\n|-damage|p2a: Clefable|60/100\n|-status|p2a: Clefable|brn\n|move|p2a: Clefable|Knock Off|p1a: Tapu Fini\n|-resisted|p1a: Tapu Fini\n|-damage|p1a: Tapu Fini|78/100\n|-enditem|p1a: Tapu Fini|Leftovers|[from] move: Knock Off|[of] p2a: Clefable\n|\n|-heal|p2a: Clefable|66/100 brn|[from] item: Leftovers\n|upkeep\n|turn|26\n|\n|t:|1771270184\n|move|p1a: Tapu Fini|Scald|p2a: Clefable\n|-damage|p2a: Clefable|26/100 brn\n|move|p2a: Clefable|Moonblast|p1a: Tapu Fini\n|-damage|p1a: Tapu Fini|66/100\n|\n|-heal|p2a: Clefable|32/100 brn|[from] item: Leftovers\n|-end|p2a: Clefable|move: Taunt\n|upkeep\n|turn|27\n|c|☆fluxzer|it's impossible for u to win...\n|\n|t:|1771270193\n|move|p1a: Tapu Fini|Calm Mind|p1a: Tapu Fini\n|-boost|p1a: Tapu Fini|spa|1\n|-boost|p1a: Tapu Fini|spd|1\n|move|p2a: Clefable|Stealth Rock|p1a: Tapu Fini\n|-sidestart|p1: fluxzer|move: Stealth Rock\n|\n|-heal|p2a: Clefable|38/100 brn|[from] item: Leftovers\n|upkeep\n|turn|28\n|\n|t:|1771270199\n|move|p1a: Tapu Fini|Calm Mind|p1a: Tapu Fini\n|-boost|p1a: Tapu Fini|spa|1\n|-boost|p1a: Tapu Fini|spd|1\n|move|p2a: Clefable|Moonblast|p1a: Tapu Fini\n|-damage|p1a: Tapu Fini|58/100\n|\n|-heal|p2a: Clefable|44/100 brn|[from] item: Leftovers\n|upkeep\n|turn|29\n|\n|t:|1771270205\n|move|p1a: Tapu Fini|Taunt|p2a: Clefable\n|-start|p2a: Clefable|move: Taunt\n|move|p2a: Clefable|Moonblast|p1a: Tapu Fini\n|-damage|p1a: Tapu Fini|50/100\n|-unboost|p1a: Tapu Fini|spa|1\n|\n|-heal|p2a: Clefable|50/100 brn|[from] item: Leftovers\n|upkeep\n|turn|30\n|\n|t:|1771270208\n|move|p1a: Tapu Fini|Scald|p2a: Clefable\n|-damage|p2a: Clefable|0 fnt\n|faint|p2a: Clefable\n|\n|upkeep\n|\n|t:|1771270222\n|switch|p2a: Skarmory|Skarmory, F|100/100\n|-damage|p2a: Skarmory|88/100|[from] Stealth Rock\n|turn|31\n|\n|t:|1771270225\n|move|p1a: Tapu Fini|Scald|p2a: Skarmory\n|-damage|p2a: Skarmory|12/100\n|-status|p2a: Skarmory|brn\n|move|p2a: Skarmory|Brave Bird|p1a: Tapu Fini\n|-damage|p1a: Tapu Fini|38/100\n|-damage|p2a: Skarmory|8/100 brn|[from] Recoil\n|\n|-damage|p2a: Skarmory|2/100 brn|[from] brn\n|upkeep\n|turn|32\n|\n|t:|1771270229\n|move|p1a: Tapu Fini|Draining Kiss|p2a: Skarmory\n|-resisted|p2a: Skarmory\n|-damage|p2a: Skarmory|0 fnt\n|-heal|p1a: Tapu Fini|39/100|[from] drain|[of] p2a: Skarmory\n|-damage|p1a: Tapu Fini|22/100|[from] item: Rocky Helmet|[of] p2a: Skarmory\n|faint|p2a: Skarmory\n|\n|upkeep\n|\n|t:|1771270231\n|switch|p2a: Latios|Latios, M|100/100\n|-damage|p2a: Latios|88/100|[from] Stealth Rock\n|turn|33\n|\n|t:|1771270235\n|detailschange|p2a: Latios|Latios-Mega, M\n|-mega|p2a: Latios|Latios|Latiosite\n|move|p2a: Latios|Luster Purge|p1a: Tapu Fini\n|-damage|p1a: Tapu Fini|7/100\n|-unboost|p1a: Tapu Fini|spd|1\n|move|p1a: Tapu Fini|Draining Kiss|p2a: Latios\n|-supereffective|p2a: Latios\n|-damage|p2a: Latios|22/100\n|-heal|p1a: Tapu Fini|50/100|[from] drain|[of] p2a: Latios\n|\n|upkeep\n|turn|34\n|-message|pablefe forfeited.\n|\n|win|fluxzer\n|raw|fluxzer's rating: 1563 &rarr; <strong>1589</strong><br />(+26 for winning)\n|raw|pablefe's rating: 1673 &rarr; <strong>1647</strong><br />(-26 for losing)\n|l|☆pablefe\n|player|p2|\n", "uploadtime": 1771270244, "views": 0, "formatid": "gen9nationaldex", "rating": 1589, "private": 0, "password": null}