{"id": "gen9nationaldex-2540752096", "format": "[Gen 9] National Dex", "players": ["Danjneesan", "adjudicate"], "log": "|j|☆Danjneesan\n|j|☆adjudicate\n|t:|1771249829\n|gametype|singles\n|player|p1|Danjneesan|veteranf|1494\n|player|p2|adjudicate|linebacker|1662\n|gen|9\n|tier|[Gen 9] National Dex\n|rated|\n|rule|HP Percentage Mod: HP is shown in percentages\n|rule|Endless Battle Clause: Forcing endless battles is banned\n|rule|Species Clause: Limit one of each Pokémon\n|rule|OHKO Clause: OHKO moves are banned\n|rule|Evasion Clause: Evasion abilities, items, and moves are banned\n|rule|Evasion Abilities Clause: Evasion abilities are banned\n|rule|Evasion Items Clause: Evasion items are banned\n|rule|Evasion Moves Clause: Evasion moves are banned\n|rule|Sleep Clause Mod: Limit one foe put to sleep\n|rule|Terastal Clause: You cannot Terastallize\n|clearpoke\n|poke|p1|Ogerpon-Wellspring, F|\n|poke|p1|Gliscor, M|\n|poke|p1|Volcarona, M|\n|poke|p1|Tapu Lele|\n|poke|p1|Dragonite, F|\n|poke|p1|Mawile, M|\n|poke|p2|Mawile, F|\n|poke|p2|Iron Valiant|\n|poke|p2|Zapdos|\n|poke|p2|Tornadus-Therian, M|\n|poke|p2|Kingambit, F|\n|poke|p2|Swampert, M|\n|teampreview\n|inactive|Battle timer is ON: inactive players will automatically lose when time's up. (requested by adjudicate)\n|inactive|adjudicate has 120 seconds left.\n|\n|t:|1771249876\n|teamsize|p1|6\n|teamsize|p2|6\n|start\n|switch|p1a: Tapu Lele|Tapu Lele|100/100\n|switch|p2a: Zapdos|Zapdos|100/100\n|-fieldstart|move: Psychic Terrain|[from] ability: Psychic Surge|[of] p1a: Tapu Lele\n|turn|1\n|\n|t:|1771249885\n|move|p1a: Tapu Lele|Psyshock|p2a: Zapdos\n|-damage|p2a: Zapdos|34/100\n|move|p2a: Zapdos|Volt Switch|p1a: Tapu Lele\n|-damage|p1a: Tapu Lele|63/100\n|inactive|adjudicate has 120 seconds left.\n|\n|t:|1771249932\n|switch|p2a: Swampert|Swampert, M|100/100|[from] Volt Switch\n|\n|upkeep\n|turn|2\n|\n|t:|1771249938\n|switch|p1a: Ogerpon|Ogerpon-Wellspring, F|100/100\n|move|p2a: Swampert|Stealth Rock|p1a: Ogerpon\n|-sidestart|p1: Danjneesan|move: Stealth Rock\n|\n|upkeep\n|turn|3\n|\n|t:|1771249947\n|switch|p2a: Tornadus|Tornadus-Therian, M|100/100\n|move|p1a: Ogerpon|Power Whip|p2a: Tornadus\n|-resisted|p2a: Tornadus\n|-damage|p2a: Tornadus|50/100\n|\n|upkeep\n|turn|4\n|\n|t:|1771249954\n|-zpower|p2a: Tornadus\n|move|p2a: Tornadus|Supersonic Skystrike|p1a: Ogerpon|[zeffect]\n|-supereffective|p1a: Ogerpon\n|-damage|p1a: Ogerpon|0 fnt\n|faint|p1a: Ogerpon\n|\n|upkeep\n|\n|t:|1771249970\n|switch|p1a: Tapu Lele|Tapu Lele|63/100\n|-damage|p1a: Tapu Lele|51/100|[from] Stealth Rock\n|turn|5\n|\n|t:|1771249979\n|switch|p2a: Mawile|Mawile, F|100/100\n|-ability|p2a: Mawile|Intimidate|boost\n|-unboost|p1a: Tapu Lele|atk|1\n|move|p1a: Tapu Lele|Moonblast|p2a: Mawile\n|-resisted|p2a: Mawile\n|-damage|p2a: Mawile|47/100\n|-unboost|p2a: Mawile|spa|1\n|\n|-fieldend|move: Psychic Terrain\n|upkeep\n|turn|6\n|\n|t:|1771249988\n|switch|p1a: Volcarona|Volcarona, M|100/100\n|detailschange|p2a: Mawile|Mawile-Mega, F\n|-mega|p2a: Mawile|Mawile|Mawilite\n|move|p2a: Mawile|Play Rough|p1a: Volcarona\n|-resisted|p1a: Volcarona\n|-damage|p1a: Volcarona|53/100\n|\n|upkeep\n|turn|7\n|\n|t:|1771250001\n|move|p1a: Volcarona|Quiver Dance|p1a: Volcarona\n|-boost|p1a: Volcarona|spa|1\n|-boost|p1a: Volcarona|spd|1\n|-boost|p1a: Volcarona|spe|1\n|move|p2a: Mawile|Play Rough|p1a: Volcarona\n|-resisted|p1a: Volcarona\n|-crit|p1a: Volcarona\n|-damage|p1a: Volcarona|0 fnt\n|faint|p1a: Volcarona\n|\n|upkeep\n|\n|t:|1771250017\n|switch|p1a: Gliscor|Gliscor, M|100/100\n|-damage|p1a: Gliscor|88/100|[from] Stealth Rock\n|turn|8\n|\n|t:|1771250023\n|switch|p2a: Zapdos|Zapdos|34/100\n|move|p1a: Gliscor|Earthquake|p2a: Zapdos\n|-immune|p2a: Zapdos\n|\n|-status|p1a: Gliscor|tox|[from] item: Toxic Orb\n|upkeep\n|turn|9\n|\n|t:|1771250031\n|move|p2a: Zapdos|Hidden Power|p1a: Gliscor\n|-supereffective|p1a: Gliscor\n|-damage|p1a: Gliscor|9/100 tox\n|move|p1a: Gliscor|Toxic|p2a: Zapdos\n|-status|p2a: Zapdos|tox\n|\n|-damage|p2a: Zapdos|28/100 tox|[from] psn\n|-heal|p1a: Gliscor|22/100 tox|[from] ability: Poison Heal\n|upkeep\n|turn|10\n|\n|t:|1771250040\n|switch|p2a: Tornadus|Tornadus-Therian, M|83/100\n|move|p1a: Gliscor|Protect||[still]\n|-fail|p1a: Gliscor\n|\n|-heal|p1a: Gliscor|34/100 tox|[from] ability: Poison Heal\n|upkeep\n|turn|11\n|\n|t:|1771250046\n|move|p1a: Gliscor|Protect|p1a: Gliscor\n|-singleturn|p1a: Gliscor|Protect\n|move|p2a: Tornadus|Substitute|p2a: Tornadus\n|-start|p2a: Tornadus|Substitute\n|-damage|p2a: Tornadus|59/100\n|\n|-heal|p1a: Gliscor|47/100 tox|[from] ability: Poison Heal\n|upkeep\n|turn|12\n|\n|t:|1771250053\n|move|p2a: Tornadus|Bleakwind Storm|p1a: Gliscor\n|-damage|p1a: Gliscor|10/100 tox\n|move|p1a: Gliscor|Spikes|p2a: Tornadus\n|-sidestart|p2: adjudicate|Spikes\n|\n|-heal|p1a: Gliscor|22/100 tox|[from] ability: Poison Heal\n|upkeep\n|turn|13\n|\n|t:|1771250059\n|move|p1a: Gliscor|Protect|p1a: Gliscor\n|-singleturn|p1a: Gliscor|Protect\n|move|p2a: Tornadus|Nasty Plot|p2a: Tornadus\n|-boost|p2a: Tornadus|spa|2\n|\n|-heal|p1a: Gliscor|35/100 tox|[from] ability: Poison Heal\n|upkeep\n|turn|14\n|\n|t:|1771250066\n|move|p2a: Tornadus|Nasty Plot|p2a: Tornadus\n|-boost|p2a: Tornadus|spa|2\n|move|p1a: Gliscor|Spikes|p2a: Tornadus\n|-sidestart|p2: adjudicate|Spikes\n|\n|-heal|p1a: Gliscor|47/100 tox|[from] ability: Poison Heal\n|upkeep\n|turn|15\n|\n|t:|1771250073\n|move|p2a: Tornadus|Bleakwind Storm|p1a: Gliscor\n|-damage|p1a: Gliscor|0 fnt\n|faint|p1a: Gliscor\n|\n|upkeep\n|\n|t:|1771250078\n|switch|p1a: Dragonite|Dragonite, F|100/100\n|turn|16\n|\n|t:|1771250081\n|move|p2a: Tornadus|Bleakwind Storm|p1a: Dragonite|[miss]\n|-miss|p2a: Tornadus|p1a: Dragonite\n|move|p1a: Dragonite|Dragon Dance|p1a: Dragonite\n|-boost|p1a: Dragonite|atk|1\n|-boost|p1a: Dragonite|spe|1\n|\n|upkeep\n|turn|17\n|\n|t:|1771250087\n|move|p1a: Dragonite|Dual Wingbeat|p2a: Tornadus\n|-end|p2a: Tornadus|Substitute\n|-damage|p2a: Tornadus|14/100\n|-hitcount|p2a: Tornadus|2\n|move|p2a: Tornadus|Bleakwind Storm|p1a: Dragonite|[miss]\n|-miss|p2a: Tornadus|p1a: Dragonite\n|\n|upkeep\n|turn|18\n|\n|t:|1771250109\n|move|p1a: Dragonite|Ice Spinner|p2a: Tornadus\n|-supereffective|p2a: Tornadus\n|-damage|p2a: Tornadus|0 fnt\n|faint|p2a: Tornadus\n|\n|upkeep\n|\n|t:|1771250124\n|switch|p2a: Zapdos|Zapdos|28/100 tox\n|turn|19\n|\n|t:|1771250148\n|move|p1a: Dragonite|Ice Spinner|p2a: Zapdos\n|-supereffective|p2a: Zapdos\n|-damage|p2a: Zapdos|0 fnt\n|-status|p1a: Dragonite|par|[from] ability: Static|[of] p2a: Zapdos\n|faint|p2a: Zapdos\n|\n|upkeep\n|inactive|adjudicate has 120 seconds left.\n|\n|t:|1771250172\n|switch|p2a: Swampert|Swampert, M|100/100\n|-damage|p2a: Swampert|84/100|[from] Spikes\n|turn|20\n|\n|t:|1771250177\n|move|p1a: Dragonite|Dual Wingbeat|p2a: Swampert\n|-damage|p2a: Swampert|53/100\n|-damage|p2a: Swampert|22/100\n|-hitcount|p2a: Swampert|2\n|move|p2a: Swampert|Ice Beam|p1a: Dragonite\n|-supereffective|p1a: Dragonite\n|-damage|p1a: Dragonite|54/100 par\n|\n|upkeep\n|turn|21\n|\n|t:|1771250185\n|move|p1a: Dragonite|Earthquake|p2a: Swampert\n|-damage|p2a: Swampert|0 fnt\n|faint|p2a: Swampert\n|\n|upkeep\n|\n|t:|1771250188\n|switch|p2a: Iron Valiant|Iron Valiant|100/100\n|-damage|p2a: Iron Valiant|84/100|[from] Spikes\n|-enditem|p2a: Iron Valiant|Booster Energy\n|-activate|p2a: Iron Valiant|ability: Quark Drive|[fromitem]\n|-start|p2a: Iron Valiant|quarkdrivespe\n|turn|22\n|\n|t:|1771250193\n|move|p2a: Iron Valiant|Spirit Break|p1a: Dragonite\n|-supereffective|p1a: Dragonite\n|-damage|p1a: Dragonite|0 fnt\n|faint|p1a: Dragonite\n|\n|upkeep\n|\n|t:|1771250198\n|switch|p1a: Mawile|Mawile, M|100/100\n|-damage|p1a: Mawile|95/100|[from] Stealth Rock\n|-ability|p1a: Mawile|Intimidate|boost\n|-unboost|p2a: Iron Valiant|atk|1\n|turn|23\n|\n|t:|1771250207\n|-end|p2a: Iron Valiant|Quark Drive|[silent]\n|switch|p2a: Mawile|Mawile-Mega, F|47/100\n|-damage|p2a: Mawile|30/100|[from] Spikes\n|detailschange|p1a: Mawile|Mawile-Mega, M\n|-mega|p1a: Mawile|Mawile|Mawilite\n|move|p1a: Mawile|Thunder Punch|p2a: Mawile\n|-damage|p2a: Mawile|0 fnt\n|faint|p2a: Mawile\n|detailschange|p2: Mawile|Mawile, F|[silent]\n|\n|upkeep\n|\n|t:|1771250215\n|switch|p2a: Kingambit|Kingambit, F|100/100\n|-damage|p2a: Kingambit|84/100|[from] Spikes\n|-activate|p2a: Kingambit|ability: Supreme Overlord\n|-start|p2a: Kingambit|fallen4|[silent]\n|turn|24\n|\n|t:|1771250220\n|move|p1a: Mawile|Fire Fang|p2a: Kingambit\n|-supereffective|p2a: Kingambit\n|-damage|p2a: Kingambit|16/100\n|move|p2a: Kingambit|Iron Head|p1a: Mawile\n|-damage|p1a: Mawile|23/100\n|\n|upkeep\n|turn|25\n|\n|t:|1771250234\n|move|p2a: Kingambit|Sucker Punch|p1a: Mawile\n|-resisted|p1a: Mawile\n|-damage|p1a: Mawile|0 fnt\n|faint|p1a: Mawile\n|detailschange|p1: Mawile|Mawile, M|[silent]\n|\n|upkeep\n|\n|t:|1771250238\n|switch|p1a: Tapu Lele|Tapu Lele|51/100\n|-damage|p1a: Tapu Lele|38/100|[from] Stealth Rock\n|-fieldstart|move: Psychic Terrain|[from] ability: Psychic Surge|[of] p1a: Tapu Lele\n|turn|26\n|\n|t:|1771250244\n|move|p1a: Tapu Lele|Moonblast|p2a: Kingambit\n|-damage|p2a: Kingambit|0 fnt\n|faint|p2a: Kingambit\n|-end|p2a: Kingambit|fallen4|[silent]\n|\n|upkeep\n|-message|adjudicate forfeited.\n|\n|win|Danjneesan\n|raw|Danjneesan's rating: 1494 &rarr; <strong>1523</strong><br />(+29 for winning)\n|raw|adjudicate's rating: 1672 &rarr; <strong>1643</strong><br />(-29 for losing)\n|l|☆adjudicate\n|player|p2|\n|l|☆Danjneesan\n|player|p1|\n|j|☆adjudicate\n|player|p2|adjudicate|linebacker|\n", "uploadtime": 1771250288, "views": 8, "formatid": "gen9nationaldex", "rating": 1523, "private": 0, "password": null}