{"id": "gen9nationaldex-2540599195", "format": "[Gen 9] National Dex", "players": ["heimao1", "Conno2429"], "log": "|j|☆heimao1\n|j|☆Conno2429\n|t:|1771224676\n|gametype|singles\n|player|p1|heimao1|102|1715\n|player|p2|Conno2429|steven|1667\n|gen|9\n|tier|[Gen 9] National Dex\n|rated|\n|rule|HP Percentage Mod: HP is shown in percentages\n|rule|Endless Battle Clause: Forcing endless battles is banned\n|rule|Species Clause: Limit one of each Pokémon\n|rule|OHKO Clause: OHKO moves are banned\n|rule|Evasion Clause: Evasion abilities, items, and moves are banned\n|rule|Evasion Abilities Clause: Evasion abilities are banned\n|rule|Evasion Items Clause: Evasion items are banned\n|rule|Evasion Moves Clause: Evasion moves are banned\n|rule|Sleep Clause Mod: Limit one foe put to sleep\n|rule|Terastal Clause: You cannot Terastallize\n|clearpoke\n|poke|p1|Ogerpon-Wellspring, F|\n|poke|p1|Dragonite, M|\n|poke|p1|Volcarona, M|\n|poke|p1|Landorus-Therian, M|\n|poke|p1|Great Tusk|\n|poke|p1|Tapu Lele|\n|poke|p2|Gyarados, M|\n|poke|p2|Ferrothorn, M|\n|poke|p2|Volcarona, M|\n|poke|p2|Zapdos|\n|poke|p2|Garchomp, M|\n|poke|p2|Melmetal|\n|teampreview\n|inactive|Battle timer is ON: inactive players will automatically lose when time's up. (requested by heimao1)\n|\n|t:|1771224689\n|teamsize|p1|6\n|teamsize|p2|6\n|start\n|switch|p1a: Landorus|Landorus-Therian, M|100/100\n|switch|p2a: Zapdos|Zapdos|100/100\n|-ability|p1a: Landorus|Intimidate|boost\n|-unboost|p2a: Zapdos|atk|1\n|turn|1\n|\n|t:|1771224697\n|move|p1a: Landorus|Stealth Rock|p2a: Zapdos\n|-sidestart|p2: Conno2429|move: Stealth Rock\n|move|p2a: Zapdos|Hurricane|p1a: Landorus\n|-damage|p1a: Landorus|38/100\n|-start|p1a: Landorus|confusion\n|\n|upkeep\n|turn|2\n|\n|t:|1771224704\n|-activate|p1a: Landorus|confusion\n|move|p1a: Landorus|Taunt|p2a: Zapdos\n|-start|p2a: Zapdos|move: Taunt\n|cant|p2a: Zapdos|move: Taunt|Defog\n|\n|upkeep\n|turn|3\n|\n|t:|1771224710\n|-activate|p1a: Landorus|confusion\n|move|p1a: Landorus|U-turn|p2a: Zapdos\n|-resisted|p2a: Zapdos\n|-damage|p2a: Zapdos|88/100\n|-status|p1a: Landorus|par|[from] ability: Static|[of] p2a: Zapdos\n|\n|t:|1771224715\n|switch|p1a: Tapu Lele|Tapu Lele|100/100|[from] U-turn\n|-fieldstart|move: Psychic Terrain|[from] ability: Psychic Surge|[of] p1a: Tapu Lele\n|move|p2a: Zapdos|Hurricane|p1a: Tapu Lele\n|-damage|p1a: Tapu Lele|48/100\n|-start|p1a: Tapu Lele|confusion\n|\n|upkeep\n|turn|4\n|j| ghdsghjjjffssg\n|\n|t:|1771224729\n|switch|p2a: Melmetal|Melmetal|100/100\n|-damage|p2a: Melmetal|94/100|[from] Stealth Rock\n|-activate|p1a: Tapu Lele|confusion\n|move|p1a: Tapu Lele|Calm Mind|p1a: Tapu Lele\n|-boost|p1a: Tapu Lele|spa|1\n|-boost|p1a: Tapu Lele|spd|1\n|\n|upkeep\n|turn|5\n|\n|t:|1771224738\n|-end|p1a: Tapu Lele|confusion\n|move|p1a: Tapu Lele|Focus Blast|p2a: Melmetal\n|-supereffective|p2a: Melmetal\n|-damage|p2a: Melmetal|8/100\n|-unboost|p2a: Melmetal|spd|1\n|-damage|p1a: Tapu Lele|38/100|[from] item: Life Orb\n|move|p2a: Melmetal|Double Iron Bash|p1a: Tapu Lele\n|-supereffective|p1a: Tapu Lele\n|-damage|p1a: Tapu Lele|0 fnt\n|faint|p1a: Tapu Lele\n|-hitcount|p1: Tapu Lele|1\n|\n|upkeep\n|inactive|heimao1 has 120 seconds left.\n|\n|t:|1771224769\n|switch|p1a: Great Tusk|Great Tusk|100/100\n|-enditem|p1a: Great Tusk|Booster Energy\n|-activate|p1a: Great Tusk|ability: Protosynthesis|[fromitem]\n|-start|p1a: Great Tusk|protosynthesisatk\n|turn|6\n|\n|t:|1771224774\n|move|p1a: Great Tusk|Bulk Up|p1a: Great Tusk\n|-boost|p1a: Great Tusk|atk|1\n|-boost|p1a: Great Tusk|def|1\n|move|p2a: Melmetal|Double Iron Bash|p1a: Great Tusk\n|-damage|p1a: Great Tusk|79/100\n|-damage|p1a: Great Tusk|58/100\n|-hitcount|p1a: Great Tusk|2\n|\n|upkeep\n|turn|7\n|\n|t:|1771224785\n|move|p1a: Great Tusk|Rapid Spin|p2a: Melmetal\n|-resisted|p2a: Melmetal\n|-damage|p2a: Melmetal|0 fnt\n|-boost|p1a: Great Tusk|spe|1\n|faint|p2a: Melmetal\n|\n|-fieldend|move: Psychic Terrain\n|upkeep\n|\n|t:|1771224792\n|switch|p2a: Gyarados|Gyarados, M|100/100\n|-damage|p2a: Gyarados|76/100|[from] Stealth Rock\n|-ability|p2a: Gyarados|Intimidate|boost\n|-unboost|p1a: Great Tusk|atk|1\n|turn|8\n|\n|t:|1771224819\n|detailschange|p2a: Gyarados|Gyarados-Mega, M\n|-mega|p2a: Gyarados|Gyarados|Gyaradosite\n|-ability|p2a: Gyarados|Mold Breaker\n|move|p1a: Great Tusk|Bulk Up|p1a: Great Tusk\n|-boost|p1a: Great Tusk|atk|1\n|-boost|p1a: Great Tusk|def|1\n|move|p2a: Gyarados|Waterfall|p1a: Great Tusk\n|-supereffective|p1a: Great Tusk\n|-damage|p1a: Great Tusk|22/100\n|\n|upkeep\n|turn|9\n|\n|t:|1771224830\n|switch|p2a: Ferrothorn|Ferrothorn, M|100/100\n|-damage|p2a: Ferrothorn|94/100|[from] Stealth Rock\n|move|p1a: Great Tusk|Close Combat|p2a: Ferrothorn\n|-supereffective|p2a: Ferrothorn\n|-damage|p2a: Ferrothorn|0 fnt\n|-unboost|p1a: Great Tusk|def|1\n|-unboost|p1a: Great Tusk|spd|1\n|-damage|p1a: Great Tusk|10/100|[from] ability: Iron Barbs|[of] p2a: Ferrothorn\n|-damage|p1a: Great Tusk|0 fnt|[from] item: Rocky Helmet|[of] p2a: Ferrothorn\n|faint|p2a: Ferrothorn\n|faint|p1a: Great Tusk\n|-end|p1a: Great Tusk|Protosynthesis|[silent]\n|\n|upkeep\n|inactive|heimao1 has 120 seconds left.\n|\n|t:|1771224848\n|switch|p1a: Ogerpon|Ogerpon-Wellspring, F|100/100\n|switch|p2a: Zapdos|Zapdos|88/100\n|turn|10\n|\n|t:|1771224854\n|move|p1a: Ogerpon|Swords Dance|p1a: Ogerpon\n|-boost|p1a: Ogerpon|atk|2\n|move|p2a: Zapdos|Hurricane|p1a: Ogerpon|[miss]\n|-miss|p2a: Zapdos|p1a: Ogerpon\n|\n|upkeep\n|turn|11\n|\n|t:|1771224861\n|move|p1a: Ogerpon|Ivy Cudgel|p2a: Zapdos|[anim] Ivy Cudgel Water\n|-damage|p2a: Zapdos|0 fnt\n|faint|p2a: Zapdos\n|\n|upkeep\n|\n|t:|1771224863\n|switch|p2a: Garchomp|Garchomp, M|100/100\n|-damage|p2a: Garchomp|94/100|[from] Stealth Rock\n|turn|12\n|\n|t:|1771224870\n|move|p1a: Ogerpon|Play Rough|p2a: Garchomp\n|-supereffective|p2a: Garchomp\n|-damage|p2a: Garchomp|0 fnt\n|-damage|p1a: Ogerpon|88/100|[from] ability: Rough Skin|[of] p2a: Garchomp\n|faint|p2a: Garchomp\n|\n|upkeep\n|-message|Conno2429 forfeited.\n|\n|win|heimao1\n|raw|heimao1's rating: 1715 &rarr; <strong>1732</strong><br />(+17 for winning)\n|raw|Conno2429's rating: 1667 &rarr; <strong>1650</strong><br />(-17 for losing)\n|l|☆Conno2429\n|player|p2|\n|l|☆heimao1\n|player|p1|\n|l| ghdsghjjjffssg\n", "uploadtime": 1771225028, "views": 8, "formatid": "gen9nationaldex", "rating": 1650, "private": 0, "password": null}