{"id": "gen9nationaldex-2540770943", "format": "[Gen 9] National Dex", "players": ["jianshengjiang", "cladfvv"], "log": "|j|☆jianshengjiang\n|j|‽cladfvv\n|t:|1771252114\n|gametype|singles\n|player|p1|jianshengjiang|170|1666\n|player|p2|cladfvv|1|1682\n|gen|9\n|tier|[Gen 9] National Dex\n|rated|\n|rule|HP Percentage Mod: HP is shown in percentages\n|rule|Endless Battle Clause: Forcing endless battles is banned\n|rule|Species Clause: Limit one of each Pokémon\n|rule|OHKO Clause: OHKO moves are banned\n|rule|Evasion Clause: Evasion abilities, items, and moves are banned\n|rule|Evasion Abilities Clause: Evasion abilities are banned\n|rule|Evasion Items Clause: Evasion items are banned\n|rule|Evasion Moves Clause: Evasion moves are banned\n|rule|Sleep Clause Mod: Limit one foe put to sleep\n|rule|Terastal Clause: You cannot Terastallize\n|clearpoke\n|poke|p1|Iron Thorns|\n|poke|p1|Tapu Koko|\n|poke|p1|Iron Valiant|\n|poke|p1|Iron Treads|\n|poke|p1|Hawlucha, F|\n|poke|p1|Rotom-Wash|\n|poke|p2|Landorus-Therian, M|\n|poke|p2|Tapu Lele|\n|poke|p2|Slowbro, F|\n|poke|p2|Samurott-Hisui, M|\n|poke|p2|Kyurem|\n|poke|p2|Gholdengo|\n|teampreview\n|inactive|Battle timer is ON: inactive players will automatically lose when time's up. (requested by jianshengjiang)\n|\n|t:|1771252118\n|teamsize|p1|6\n|teamsize|p2|6\n|start\n|switch|p1a: Tapu Koko|Tapu Koko|100/100\n|switch|p2a: Landorus|Landorus-Therian, M|100/100\n|-fieldstart|move: Electric Terrain|[from] ability: Electric Surge|[of] p1a: Tapu Koko\n|-ability|p2a: Landorus|Intimidate|boost\n|-unboost|p1a: Tapu Koko|atk|1\n|turn|1\n|\n|t:|1771252121\n|switch|p1a: Hawlucha|Hawlucha, F|100/100\n|-enditem|p1a: Hawlucha|Electric Seed\n|-boost|p1a: Hawlucha|def|1|[from] item: Electric Seed\n|move|p2a: Landorus|Earthquake|p1a: Hawlucha\n|-immune|p1a: Hawlucha\n|\n|upkeep\n|turn|2\n|\n|t:|1771252127\n|switch|p2a: Gholdengo|Gholdengo|100/100\n|move|p1a: Hawlucha|Swords Dance|p1a: Hawlucha\n|-boost|p1a: Hawlucha|atk|2\n|\n|upkeep\n|turn|3\n|\n|t:|1771252130\n|move|p1a: Hawlucha|Fire Punch|p2a: Gholdengo\n|-supereffective|p2a: Gholdengo\n|-damage|p2a: Gholdengo|35/100\n|move|p2a: Gholdengo|Thunder Wave|p1a: Hawlucha\n|-status|p1a: Hawlucha|par\n|\n|-heal|p2a: Gholdengo|41/100|[from] item: Leftovers\n|upkeep\n|turn|4\n|\n|t:|1771252135\n|switch|p2a: Slowbro|Slowbro, F|100/100\n|cant|p1a: Hawlucha|par\n|\n|upkeep\n|turn|5\n|\n|t:|1771252140\n|cant|p1a: Hawlucha|par\n|move|p2a: Slowbro|Psychic Noise|p1a: Hawlucha\n|-supereffective|p1a: Hawlucha\n|-damage|p1a: Hawlucha|20/100 par\n|-start|p1a: Hawlucha|move: Heal Block\n|\n|-fieldend|move: Electric Terrain\n|upkeep\n|turn|6\n|\n|t:|1771252142\n|move|p1a: Hawlucha|Acrobatics|p2a: Slowbro\n|-damage|p2a: Slowbro|38/100\n|-damage|p1a: Hawlucha|3/100 par|[from] item: Rocky Helmet|[of] p2a: Slowbro\n|move|p2a: Slowbro|Teleport|p2a: Slowbro\n|\n|t:|1771252157\n|switch|p2a: Gholdengo|Gholdengo|41/100|[from] Teleport\n|\n|-heal|p2a: Gholdengo|47/100|[from] item: Leftovers\n|-end|p1a: Hawlucha|move: Heal Block\n|upkeep\n|turn|7\n|\n|t:|1771252160\n|switch|p2a: Slowbro|Slowbro, F|71/100\n|move|p1a: Hawlucha|Fire Punch|p2a: Slowbro\n|-resisted|p2a: Slowbro\n|-damage|p2a: Slowbro|59/100\n|-damage|p1a: Hawlucha|0 fnt|[from] item: Rocky Helmet|[of] p2a: Slowbro\n|faint|p1a: Hawlucha\n|\n|upkeep\n|\n|t:|1771252164\n|switch|p1a: Tapu Koko|Tapu Koko|100/100\n|-fieldstart|move: Electric Terrain|[from] ability: Electric Surge|[of] p1a: Tapu Koko\n|turn|8\n|\n|t:|1771252169\n|move|p1a: Tapu Koko|U-turn|p2a: Slowbro\n|-supereffective|p2a: Slowbro\n|-damage|p2a: Slowbro|40/100\n|-damage|p1a: Tapu Koko|84/100|[from] item: Rocky Helmet|[of] p2a: Slowbro\n|\n|t:|1771252175\n|switch|p1a: Iron Thorns|Iron Thorns|100/100|[from] U-turn\n|-activate|p1a: Iron Thorns|ability: Quark Drive\n|-start|p1a: Iron Thorns|quarkdriveatk\n|move|p2a: Slowbro|Teleport|p2a: Slowbro\n|\n|t:|1771252180\n|switch|p2a: Landorus|Landorus-Therian, M|100/100|[from] Teleport\n|-ability|p2a: Landorus|Intimidate|boost\n|-unboost|p1a: Iron Thorns|atk|1\n|\n|upkeep\n|turn|9\n|\n|t:|1771252186\n|-end|p1a: Iron Thorns|Quark Drive|[silent]\n|switch|p1a: Rotom|Rotom-Wash|100/100\n|move|p2a: Landorus|Earthquake|p1a: Rotom\n|-immune|p1a: Rotom|[from] ability: Levitate\n|\n|upkeep\n|turn|10\n|\n|t:|1771252190\n|switch|p2a: Kyurem|Kyurem|100/100\n|-ability|p2a: Kyurem|Pressure\n|move|p1a: Rotom|Hydro Pump|p2a: Kyurem|[miss]\n|-miss|p1a: Rotom|p2a: Kyurem\n|\n|upkeep\n|turn|11\n|\n|t:|1771252194\n|move|p2a: Kyurem|Freeze-Dry|p1a: Rotom\n|-supereffective|p1a: Rotom\n|-damage|p1a: Rotom|25/100\n|move|p1a: Rotom|Volt Switch|p2a: Kyurem\n|-resisted|p2a: Kyurem\n|-damage|p2a: Kyurem|88/100\n|\n|t:|1771252200\n|switch|p1a: Iron Valiant|Iron Valiant|100/100|[from] Volt Switch\n|-activate|p1a: Iron Valiant|ability: Quark Drive\n|-start|p1a: Iron Valiant|quarkdrivespe\n|\n|upkeep\n|turn|12\n|\n|t:|1771252203\n|switch|p2a: Tapu Lele|Tapu Lele|100/100\n|-fieldstart|move: Psychic Terrain|[from] ability: Psychic Surge|[of] p2a: Tapu Lele\n|-end|p1a: Iron Valiant|Quark Drive\n|move|p1a: Iron Valiant|Moonblast|p2a: Tapu Lele\n|-damage|p2a: Tapu Lele|26/100\n|\n|upkeep\n|turn|13\n|\n|t:|1771252211\n|move|p2a: Tapu Lele|Psychic|p1a: Iron Valiant\n|-supereffective|p1a: Iron Valiant\n|-damage|p1a: Iron Valiant|0 fnt\n|faint|p1a: Iron Valiant\n|-end|p1a: Iron Valiant|Quark Drive|[silent]\n|\n|upkeep\n|\n|t:|1771252214\n|switch|p1a: Tapu Koko|Tapu Koko|84/100\n|-fieldstart|move: Electric Terrain|[from] ability: Electric Surge|[of] p1a: Tapu Koko\n|turn|14\n|\n|t:|1771252226\n|switch|p2a: Slowbro|Slowbro, F|74/100\n|switch|p1a: Iron Thorns|Iron Thorns|100/100\n|-activate|p1a: Iron Thorns|ability: Quark Drive\n|-start|p1a: Iron Thorns|quarkdriveatk\n|\n|upkeep\n|turn|15\n|\n|t:|1771252232\n|switch|p2a: Landorus|Landorus-Therian, M|100/100\n|-ability|p2a: Landorus|Intimidate|boost\n|-unboost|p1a: Iron Thorns|atk|1\n|move|p1a: Iron Thorns|Dragon Dance|p1a: Iron Thorns\n|-boost|p1a: Iron Thorns|atk|1\n|-boost|p1a: Iron Thorns|spe|1\n|\n|upkeep\n|turn|16\n|\n|t:|1771252239\n|move|p1a: Iron Thorns|Rock Blast|p2a: Landorus\n|-damage|p2a: Landorus|80/100\n|-crit|p2a: Landorus\n|-damage|p2a: Landorus|46/100\n|-damage|p2a: Landorus|26/100\n|-damage|p2a: Landorus|6/100\n|-damage|p2a: Landorus|0 fnt\n|faint|p2a: Landorus\n|-hitcount|p2: Landorus|5\n|\n|upkeep\n|\n|t:|1771252257\n|switch|p2a: Tapu Lele|Tapu Lele|26/100\n|-fieldstart|move: Psychic Terrain|[from] ability: Psychic Surge|[of] p2a: Tapu Lele\n|-end|p1a: Iron Thorns|Quark Drive\n|turn|17\n|\n|t:|1771252271\n|-end|p1a: Iron Thorns|Quark Drive|[silent]\n|switch|p1a: Tapu Koko|Tapu Koko|84/100\n|-fieldstart|move: Electric Terrain|[from] ability: Electric Surge|[of] p1a: Tapu Koko\n|move|p2a: Tapu Lele|Psychic|p1a: Tapu Koko\n|-damage|p1a: Tapu Koko|14/100\n|\n|upkeep\n|turn|18\n|\n|t:|1771252275\n|switch|p1a: Iron Treads|Iron Treads|100/100\n|-activate|p1a: Iron Treads|ability: Quark Drive\n|-start|p1a: Iron Treads|quarkdrivespe\n|move|p2a: Tapu Lele|Psychic|p1a: Iron Treads\n|-resisted|p1a: Iron Treads\n|-damage|p1a: Iron Treads|67/100\n|\n|upkeep\n|turn|19\n|\n|t:|1771252285\n|switch|p2a: Slowbro|Slowbro, F|100/100\n|move|p1a: Iron Treads|Earthquake|p2a: Slowbro\n|-damage|p2a: Slowbro|74/100\n|\n|upkeep\n|turn|20\n|\n|t:|1771252292\n|move|p1a: Iron Treads|Supercell Slam|p2a: Slowbro\n|-supereffective|p2a: Slowbro\n|-damage|p2a: Slowbro|22/100\n|-damage|p1a: Iron Treads|51/100|[from] item: Rocky Helmet|[of] p2a: Slowbro\n|move|p2a: Slowbro|Teleport|p2a: Slowbro\n|\n|t:|1771252300\n|switch|p2a: Tapu Lele|Tapu Lele|26/100|[from] Teleport\n|-fieldstart|move: Psychic Terrain|[from] ability: Psychic Surge|[of] p2a: Tapu Lele\n|-end|p1a: Iron Treads|Quark Drive\n|\n|upkeep\n|turn|21\n|\n|t:|1771252308\n|switch|p2a: Slowbro|Slowbro, F|55/100\n|move|p1a: Iron Treads|Earthquake|p2a: Slowbro\n|-damage|p2a: Slowbro|30/100\n|\n|upkeep\n|turn|22\n|\n|t:|1771252314\n|-end|p1a: Iron Treads|Quark Drive|[silent]\n|switch|p1a: Tapu Koko|Tapu Koko|14/100\n|-fieldstart|move: Electric Terrain|[from] ability: Electric Surge|[of] p1a: Tapu Koko\n|move|p2a: Slowbro|Teleport|p2a: Slowbro\n|\n|t:|1771252317\n|switch|p2a: Tapu Lele|Tapu Lele|26/100|[from] Teleport\n|-fieldstart|move: Psychic Terrain|[from] ability: Psychic Surge|[of] p2a: Tapu Lele\n|\n|upkeep\n|turn|23\n|\n|t:|1771252321\n|switch|p1a: Rotom|Rotom-Wash|25/100\n|move|p2a: Tapu Lele|Psychic|p1a: Rotom\n|-damage|p1a: Rotom|0 fnt\n|faint|p1a: Rotom\n|\n|upkeep\n|\n|t:|1771252322\n|switch|p1a: Tapu Koko|Tapu Koko|14/100\n|-fieldstart|move: Electric Terrain|[from] ability: Electric Surge|[of] p1a: Tapu Koko\n|turn|24\n|\n|t:|1771252328\n|move|p2a: Tapu Lele|Psychic|p1a: Tapu Koko\n|-crit|p1a: Tapu Koko\n|-damage|p1a: Tapu Koko|0 fnt\n|faint|p1a: Tapu Koko\n|\n|upkeep\n|\n|t:|1771252331\n|switch|p1a: Iron Thorns|Iron Thorns|100/100\n|-activate|p1a: Iron Thorns|ability: Quark Drive\n|-start|p1a: Iron Thorns|quarkdriveatk\n|turn|25\n|\n|t:|1771252338\n|move|p2a: Tapu Lele|Psychic|p1a: Iron Thorns\n|-damage|p1a: Iron Thorns|45/100\n|move|p1a: Iron Thorns|Dragon Dance|p1a: Iron Thorns\n|-boost|p1a: Iron Thorns|atk|1\n|-boost|p1a: Iron Thorns|spe|1\n|\n|upkeep\n|turn|26\n|\n|t:|1771252344\n|move|p2a: Tapu Lele|Psychic|p1a: Iron Thorns\n|-damage|p1a: Iron Thorns|0 fnt\n|faint|p1a: Iron Thorns\n|-end|p1a: Iron Thorns|Quark Drive|[silent]\n|\n|upkeep\n|\n|t:|1771252346\n|switch|p1a: Iron Treads|Iron Treads|51/100\n|-activate|p1a: Iron Treads|ability: Quark Drive\n|-start|p1a: Iron Treads|quarkdrivespe\n|turn|27\n|\n|t:|1771252352\n|switch|p2a: Slowbro|Slowbro, F|63/100\n|move|p1a: Iron Treads|Rapid Spin|p2a: Slowbro\n|-damage|p2a: Slowbro|54/100\n|-boost|p1a: Iron Treads|spe|1\n|-damage|p1a: Iron Treads|34/100|[from] item: Rocky Helmet|[of] p2a: Slowbro\n|\n|upkeep\n|turn|28\n|\n|t:|1771252358\n|-zpower|p1a: Iron Treads\n|move|p1a: Iron Treads|Subzero Slammer|p2a: Slowbro|[zeffect]\n|-resisted|p2a: Slowbro\n|-damage|p2a: Slowbro|40/100\n|move|p2a: Slowbro|Teleport|p2a: Slowbro\n|-message|jianshengjiang forfeited.\n|\n|win|cladfvv\n|raw|jianshengjiang's rating: 1666 &rarr; <strong>1647</strong><br />(-19 for losing)\n|raw|cladfvv's rating: 1682 &rarr; <strong>1701</strong><br />(+19 for winning)\n|l|☆jianshengjiang\n|player|p1|\n|l|‽cladfvv\n|player|p2|\n", "uploadtime": 1771252576, "views": 5, "formatid": "gen9nationaldex", "rating": 1647, "private": 0, "password": null}