{"id": "gen9nationaldex-2540675896", "format": "[Gen 9] National Dex", "players": ["redfoxTAP", "meimeisamayeah"], "log": "|j|☆redfoxTAP\n|j|☆meimeisamayeah\n|t:|1771238471\n|gametype|singles\n|player|p1|redfoxTAP|hiker-gen4|1573\n|player|p2|meimeisamayeah|101|1664\n|gen|9\n|tier|[Gen 9] National Dex\n|rated|\n|rule|HP Percentage Mod: HP is shown in percentages\n|rule|Endless Battle Clause: Forcing endless battles is banned\n|rule|Species Clause: Limit one of each Pokémon\n|rule|OHKO Clause: OHKO moves are banned\n|rule|Evasion Clause: Evasion abilities, items, and moves are banned\n|rule|Evasion Abilities Clause: Evasion abilities are banned\n|rule|Evasion Items Clause: Evasion items are banned\n|rule|Evasion Moves Clause: Evasion moves are banned\n|rule|Sleep Clause Mod: Limit one foe put to sleep\n|rule|Terastal Clause: You cannot Terastallize\n|clearpoke\n|poke|p1|Shedinja|\n|poke|p1|Blissey, F|\n|poke|p1|Toxapex, F|\n|poke|p1|Gholdengo|\n|poke|p1|Skarmory, F|\n|poke|p1|Gliscor, F|\n|poke|p2|Ribombee, F|\n|poke|p2|Kingambit, M|\n|poke|p2|Volcarona, F|\n|poke|p2|Glimmora, M|\n|poke|p2|Scizor, F|\n|poke|p2|Gholdengo|\n|teampreview\n|inactive|Battle timer is ON: inactive players will automatically lose when time's up. (requested by redfoxTAP)\n|\n|t:|1771238494\n|teamsize|p1|6\n|teamsize|p2|6\n|start\n|switch|p1a: Gliscor|Gliscor, F|100/100\n|switch|p2a: Ribombee|Ribombee, F|100/100\n|turn|1\n|\n|t:|1771238501\n|move|p2a: Ribombee|Stun Spore|p1a: Gliscor|[miss]\n|-miss|p2a: Ribombee|p1a: Gliscor\n|move|p1a: Gliscor|Toxic|p2a: Ribombee|[miss]\n|-miss|p1a: Gliscor|p2a: Ribombee\n|\n|-status|p1a: Gliscor|tox|[from] item: Toxic Orb\n|upkeep\n|turn|2\n|\n|t:|1771238507\n|move|p2a: Ribombee|Skill Swap|p1a: Gliscor\n|-activate|p2a: Ribombee|Skill Swap|p1a: Gliscor|[ability] Poison Heal|[ability2] Shield Dust\n|move|p1a: Gliscor|Stealth Rock|p2a: Ribombee\n|-sidestart|p2: meimeisamayeah|move: Stealth Rock\n|\n|-damage|p1a: Gliscor|94/100 tox|[from] psn\n|upkeep\n|turn|3\n|\n|t:|1771238512\n|move|p2a: Ribombee|Sticky Web|p1a: Gliscor\n|-sidestart|p1: redfoxTAP|move: Sticky Web\n|move|p1a: Gliscor|Toxic|p2a: Ribombee\n|-status|p2a: Ribombee|tox\n|\n|-damage|p1a: Gliscor|82/100 tox|[from] psn\n|upkeep\n|turn|4\n|\n|t:|1771238523\n|switch|p1a: Blissey|Blissey, F|100/100\n|move|p2a: Ribombee|Moonblast|p1a: Blissey\n|-damage|p1a: Blissey|91/100\n|\n|upkeep\n|turn|5\n|\n|t:|1771238530\n|switch|p1a: Gholdengo|Gholdengo|100/100\n|move|p2a: Ribombee|Stun Spore|p1a: Gholdengo\n|-immune|p1a: Gholdengo|[from] ability: Good as Gold\n|\n|upkeep\n|turn|6\n|\n|t:|1771238536\n|move|p2a: Ribombee|Moonblast|p1a: Gholdengo\n|-resisted|p1a: Gholdengo\n|-damage|p1a: Gholdengo|87/100\n|move|p1a: Gholdengo|Shadow Ball|p2a: Ribombee\n|-damage|p2a: Ribombee|50/100 tox\n|\n|-heal|p2a: Ribombee|62/100 tox|[from] ability: Poison Heal\n|upkeep\n|turn|7\n|\n|t:|1771238542\n|move|p2a: Ribombee|Moonblast|p1a: Gholdengo\n|-resisted|p1a: Gholdengo\n|-damage|p1a: Gholdengo|72/100\n|move|p1a: Gholdengo|Nasty Plot|p1a: Gholdengo\n|-boost|p1a: Gholdengo|spa|2\n|\n|-heal|p2a: Ribombee|75/100 tox|[from] ability: Poison Heal\n|upkeep\n|turn|8\n|\n|t:|1771238547\n|move|p2a: Ribombee|Moonblast|p1a: Gholdengo\n|-resisted|p1a: Gholdengo\n|-damage|p1a: Gholdengo|56/100\n|-unboost|p1a: Gholdengo|spa|1\n|move|p1a: Gholdengo|Recover|p1a: Gholdengo\n|-heal|p1a: Gholdengo|100/100\n|\n|-heal|p2a: Ribombee|87/100 tox|[from] ability: Poison Heal\n|upkeep\n|turn|9\n|\n|t:|1771238551\n|move|p2a: Ribombee|Moonblast|p1a: Gholdengo\n|-resisted|p1a: Gholdengo\n|-damage|p1a: Gholdengo|86/100\n|move|p1a: Gholdengo|Shadow Ball|p2a: Ribombee\n|-damage|p2a: Ribombee|11/100 tox\n|\n|-heal|p2a: Ribombee|23/100 tox|[from] ability: Poison Heal\n|upkeep\n|turn|10\n|\n|t:|1771238556\n|move|p2a: Ribombee|Moonblast|p1a: Gholdengo\n|-resisted|p1a: Gholdengo\n|-damage|p1a: Gholdengo|70/100\n|-unboost|p1a: Gholdengo|spa|1\n|move|p1a: Gholdengo|Shadow Ball|p2a: Ribombee\n|-crit|p2a: Ribombee\n|-damage|p2a: Ribombee|0 fnt\n|faint|p2a: Ribombee\n|\n|upkeep\n|\n|t:|1771238566\n|switch|p2a: Gholdengo|Gholdengo|100/100\n|-damage|p2a: Gholdengo|94/100|[from] Stealth Rock\n|-item|p2a: Gholdengo|Air Balloon\n|turn|11\n|\n|t:|1771238571\n|switch|p1a: Blissey|Blissey, F|91/100\n|move|p2a: Gholdengo|Nasty Plot|p2a: Gholdengo\n|-boost|p2a: Gholdengo|spa|2\n|\n|upkeep\n|turn|12\n|\n|t:|1771238574\n|move|p2a: Gholdengo|Nasty Plot|p2a: Gholdengo\n|-boost|p2a: Gholdengo|spa|2\n|move|p1a: Blissey|Calm Mind|p1a: Blissey\n|-boost|p1a: Blissey|spa|1\n|-boost|p1a: Blissey|spd|1\n|\n|upkeep\n|turn|13\n|\n|t:|1771238580\n|move|p2a: Gholdengo|Focus Blast|p1a: Blissey\n|-supereffective|p1a: Blissey\n|-damage|p1a: Blissey|37/100\n|move|p1a: Blissey|Wish|p1a: Blissey\n|\n|upkeep\n|turn|14\n|\n|t:|1771238592\n|switch|p2a: Glimmora|Glimmora, M|100/100\n|-damage|p2a: Glimmora|88/100|[from] Stealth Rock\n|move|p1a: Blissey|Protect||[still]\n|-fail|p1a: Blissey\n|\n|-heal|p1a: Blissey|87/100|[from] move: Wish|[wisher] Blissey\n|upkeep\n|turn|15\n|\n|t:|1771238598\n|switch|p1a: Gholdengo|Gholdengo|70/100\n|move|p2a: Glimmora|Stealth Rock|p1a: Gholdengo\n|-sidestart|p1: redfoxTAP|move: Stealth Rock\n|\n|upkeep\n|turn|16\n|\n|t:|1771238605\n|move|p2a: Glimmora|Earth Power|p1a: Gholdengo\n|-supereffective|p1a: Gholdengo\n|-damage|p1a: Gholdengo|9/100\n|move|p1a: Gholdengo|Psyshock|p2a: Glimmora\n|-supereffective|p2a: Glimmora\n|-damage|p2a: Glimmora|30/100\n|\n|upkeep\n|turn|17\n|\n|t:|1771238613\n|switch|p1a: Gliscor|Gliscor, F|82/100 tox\n|-damage|p1a: Gliscor|69/100 tox|[from] Stealth Rock\n|move|p2a: Glimmora|Meteor Beam||[still]\n|-prepare|p2a: Glimmora|Meteor Beam\n|-boost|p2a: Glimmora|spa|1\n|-enditem|p2a: Glimmora|Power Herb\n|-anim|p2a: Glimmora|Meteor Beam|p1a: Gliscor\n|-damage|p1a: Gliscor|0 fnt\n|faint|p1a: Gliscor\n|\n|upkeep\n|\n|t:|1771238621\n|switch|p1a: Skarmory|Skarmory, F|100/100\n|-damage|p1a: Skarmory|88/100|[from] Stealth Rock\n|turn|18\n|\n|t:|1771238629\n|move|p2a: Glimmora|Energy Ball|p1a: Skarmory\n|-resisted|p1a: Skarmory\n|-damage|p1a: Skarmory|72/100\n|-unboost|p1a: Skarmory|spd|1\n|move|p1a: Skarmory|Body Press|p2a: Glimmora\n|-damage|p2a: Glimmora|0 fnt\n|-activate|p2a: Glimmora|ability: Toxic Debris\n|-sidestart|p1: redfoxTAP|move: Toxic Spikes\n|faint|p2a: Glimmora\n|\n|upkeep\n|\n|t:|1771238637\n|switch|p2a: Gholdengo|Gholdengo|94/100\n|-damage|p2a: Gholdengo|88/100|[from] Stealth Rock\n|-item|p2a: Gholdengo|Air Balloon\n|turn|19\n|\n|t:|1771238641\n|switch|p1a: Blissey|Blissey, F|87/100\n|move|p2a: Gholdengo|Nasty Plot|p2a: Gholdengo\n|-boost|p2a: Gholdengo|spa|2\n|\n|upkeep\n|turn|20\n|\n|t:|1771238647\n|move|p2a: Gholdengo|Focus Blast|p1a: Blissey\n|-supereffective|p1a: Blissey\n|-damage|p1a: Blissey|30/100\n|move|p1a: Blissey|Wish|p1a: Blissey\n|\n|upkeep\n|turn|21\n|\n|t:|1771238657\n|move|p1a: Blissey|Protect|p1a: Blissey\n|-singleturn|p1a: Blissey|Protect\n|move|p2a: Gholdengo|Nasty Plot|p2a: Gholdengo\n|-boost|p2a: Gholdengo|spa|2\n|\n|-heal|p1a: Blissey|80/100|[from] move: Wish|[wisher] Blissey\n|upkeep\n|turn|22\n|\n|t:|1771238661\n|move|p2a: Gholdengo|Focus Blast|p1a: Blissey\n|-supereffective|p1a: Blissey\n|-damage|p1a: Blissey|0 fnt\n|faint|p1a: Blissey\n|\n|upkeep\n|\n|t:|1771238671\n|switch|p1a: Toxapex|Toxapex, F|100/100\n|-sideend|p1: redfoxTAP|move: Toxic Spikes|[of] p1a: Toxapex\n|turn|23\n|\n|t:|1771238676\n|move|p2a: Gholdengo|Shadow Ball|p1a: Toxapex\n|-damage|p1a: Toxapex|0 fnt\n|faint|p1a: Toxapex\n|\n|upkeep\n|-message|redfoxTAP forfeited.\n|\n|win|meimeisamayeah\n|raw|redfoxTAP's rating: 1573 &rarr; <strong>1558</strong><br />(-15 for losing)\n|raw|meimeisamayeah's rating: 1664 &rarr; <strong>1679</strong><br />(+15 for winning)\n|l|☆redfoxTAP\n|player|p1|\n|l|☆meimeisamayeah\n|player|p2|\n", "uploadtime": 1771238946, "views": 8, "formatid": "gen9nationaldex", "rating": 1558, "private": 0, "password": null}