{"id": "gen9nationaldex-2540238161", "format": "[Gen 9] National Dex", "players": ["testaltlol", "ryangregory78"], "log": "|j|☆testaltlol\n|j|☆ryangregory78\n|t:|1771179346\n|gametype|singles\n|player|p1|testaltlol|170|1496\n|player|p2|ryangregory78|2|1579\n|gen|9\n|tier|[Gen 9] National Dex\n|rated|\n|rule|HP Percentage Mod: HP is shown in percentages\n|rule|Endless Battle Clause: Forcing endless battles is banned\n|rule|Species Clause: Limit one of each Pokémon\n|rule|OHKO Clause: OHKO moves are banned\n|rule|Evasion Clause: Evasion abilities, items, and moves are banned\n|rule|Evasion Abilities Clause: Evasion abilities are banned\n|rule|Evasion Items Clause: Evasion items are banned\n|rule|Evasion Moves Clause: Evasion moves are banned\n|rule|Sleep Clause Mod: Limit one foe put to sleep\n|rule|Terastal Clause: You cannot Terastallize\n|clearpoke\n|poke|p1|Ninetales-Alola, F|\n|poke|p1|Ogerpon-Wellspring, F|\n|poke|p1|Kommo-o, M|\n|poke|p1|Gholdengo|\n|poke|p1|Charizard, F|\n|poke|p1|Terapagos, M|\n|poke|p2|Manaphy|\n|poke|p2|Iron Valiant|\n|poke|p2|Dragonite, F|\n|poke|p2|Scizor, F|\n|poke|p2|Ogerpon-Cornerstone, F|\n|poke|p2|Iron Treads|\n|teampreview\n|inactive|Battle timer is ON: inactive players will automatically lose when time's up. (requested by ryangregory78)\n|l|☆ryangregory78\n|inactive|ryangregory78 disconnected and has a minute to reconnect!\n|player|p2|\n|inactive|testaltlol has 120 seconds left.\n|\n|t:|1771179387\n|teamsize|p1|6\n|teamsize|p2|6\n|start\n|switch|p1a: Gholdengo|Gholdengo|100/100\n|switch|p2a: Ogerpon|Ogerpon-Cornerstone, F|100/100\n|turn|1\n|j|☆ryangregory78\n|inactive|ryangregory78 reconnected and has 150 seconds left.\n|player|p2|ryangregory78|2|\n|\n|t:|1771179395\n|switch|p2a: Iron Treads|Iron Treads|100/100\n|-enditem|p2a: Iron Treads|Booster Energy\n|-activate|p2a: Iron Treads|ability: Quark Drive|[fromitem]\n|-start|p2a: Iron Treads|quarkdrivespe\n|move|p1a: Gholdengo|Shadow Ball|p2a: Iron Treads\n|-damage|p2a: Iron Treads|38/100\n|-unboost|p2a: Iron Treads|spd|1\n|\n|upkeep\n|turn|2\n|\n|t:|1771179409\n|move|p2a: Iron Treads|Stealth Rock|p1a: Gholdengo\n|-sidestart|p1: testaltlol|move: Stealth Rock\n|move|p1a: Gholdengo|Shadow Ball|p2a: Iron Treads\n|-damage|p2a: Iron Treads|0 fnt\n|faint|p2a: Iron Treads\n|-end|p2a: Iron Treads|Quark Drive|[silent]\n|\n|upkeep\n|\n|t:|1771179431\n|switch|p2a: Dragonite|Dragonite, F|100/100\n|turn|3\n|\n|t:|1771179435\n|move|p2a: Dragonite|Dragon Dance|p2a: Dragonite\n|-boost|p2a: Dragonite|atk|1\n|-boost|p2a: Dragonite|spe|1\n|move|p1a: Gholdengo|Shadow Ball|p2a: Dragonite\n|-damage|p2a: Dragonite|75/100\n|\n|upkeep\n|turn|4\n|\n|t:|1771179448\n|move|p2a: Dragonite|Earthquake|p1a: Gholdengo\n|-supereffective|p1a: Gholdengo\n|-damage|p1a: Gholdengo|0 fnt\n|faint|p1a: Gholdengo\n|\n|upkeep\n|\n|t:|1771179450\n|switch|p1a: Terapagos|Terapagos, M|100/100\n|-activate|p1a: Terapagos|ability: Tera Shift\n|detailschange|p1a: Terapagos|Terapagos-Terastal, M\n|-heal|p1a: Terapagos|100/100|[silent]\n|turn|5\n|inactive|ryangregory78 has 120 seconds left.\n|\n|t:|1771179487\n|switch|p2a: Manaphy|Manaphy|100/100\n|move|p1a: Terapagos|Rapid Spin|p2a: Manaphy\n|-damage|p2a: Manaphy|86/100\n|-boost|p1a: Terapagos|spe|1\n|-sideend|p1: testaltlol|Stealth Rock|[from] move: Rapid Spin|[of] p1a: Terapagos\n|\n|upkeep\n|turn|6\n|inactive|ryangregory78 has 120 seconds left.\n|\n|t:|1771179504\n|move|p1a: Terapagos|Calm Mind|p1a: Terapagos\n|-boost|p1a: Terapagos|spa|1\n|-boost|p1a: Terapagos|spd|1\n|move|p2a: Manaphy|Surf|p1a: Terapagos\n|-activate|p1a: Terapagos|ability: Tera Shell\n|-resisted|p1a: Terapagos\n|-damage|p1a: Terapagos|88/100\n|\n|upkeep\n|turn|7\n|\n|t:|1771179515\n|move|p1a: Terapagos|Tera Starstorm|p2a: Manaphy\n|-damage|p2a: Manaphy|4/100\n|move|p2a: Manaphy|Tail Glow|p2a: Manaphy\n|-boost|p2a: Manaphy|spa|3\n|\n|upkeep\n|turn|8\n|\n|t:|1771179520\n|move|p1a: Terapagos|Rapid Spin|p2a: Manaphy\n|-damage|p2a: Manaphy|0 fnt\n|-boost|p1a: Terapagos|spe|1\n|faint|p2a: Manaphy\n|\n|upkeep\n|\n|t:|1771179524\n|switch|p2a: Scizor|Scizor, F|100/100\n|turn|9\n|\n|t:|1771179526\n|detailschange|p2a: Scizor|Scizor-Mega, F\n|-mega|p2a: Scizor|Scizor|Scizorite\n|move|p1a: Terapagos|Flamethrower|p2a: Scizor\n|-supereffective|p2a: Scizor\n|-damage|p2a: Scizor|0 fnt\n|faint|p2a: Scizor\n|detailschange|p2: Scizor|Scizor, F|[silent]\n|\n|upkeep\n|-message|ryangregory78 forfeited.\n|\n|win|testaltlol\n|raw|testaltlol's rating: 1496 &rarr; <strong>1521</strong><br />(+25 for winning)\n|raw|ryangregory78's rating: 1579 &rarr; <strong>1554</strong><br />(-25 for losing)\n|l|☆ryangregory78\n|player|p2|\n|l|☆testaltlol\n|player|p1|\n", "uploadtime": 1771179723, "views": 7, "formatid": "gen9nationaldex", "rating": 1521, "private": 0, "password": null}