{"id": "gen9nationaldex-2540525180", "format": "[Gen 9] National Dex", "players": ["emsioab", "calamityiscoming2"], "log": "|j|☆emsioab\n|j|☆calamityiscoming2\n|t:|1771213053\n|gametype|singles\n|player|p1|emsioab|170|1776\n|player|p2|calamityiscoming2|bellelba|1850\n|gen|9\n|tier|[Gen 9] National Dex\n|rated|\n|rule|HP Percentage Mod: HP is shown in percentages\n|rule|Endless Battle Clause: Forcing endless battles is banned\n|rule|Species Clause: Limit one of each Pokémon\n|rule|OHKO Clause: OHKO moves are banned\n|rule|Evasion Clause: Evasion abilities, items, and moves are banned\n|rule|Evasion Abilities Clause: Evasion abilities are banned\n|rule|Evasion Items Clause: Evasion items are banned\n|rule|Evasion Moves Clause: Evasion moves are banned\n|rule|Sleep Clause Mod: Limit one foe put to sleep\n|rule|Terastal Clause: You cannot Terastallize\n|clearpoke\n|poke|p1|Ogerpon-Wellspring, F|\n|poke|p1|Clodsire, M|\n|poke|p1|Archaludon, M|\n|poke|p1|Banette, F|\n|poke|p1|Togekiss, F|\n|poke|p1|Kingambit, M|\n|poke|p2|Zamazenta-*|\n|poke|p2|Iron Crown|\n|poke|p2|Gholdengo|\n|poke|p2|Kingambit, F|\n|poke|p2|Dragonite, M|\n|poke|p2|Raging Bolt|\n|teampreview\n|inactive|Battle timer is ON: inactive players will automatically lose when time's up. (requested by emsioab)\n|\n|t:|1771213067\n|teamsize|p1|6\n|teamsize|p2|6\n|start\n|switch|p1a: Clodsire|Clodsire, M|100/100\n|switch|p2a: Zamazenta|Zamazenta|100/100\n|-ability|p2a: Zamazenta|Dauntless Shield|boost\n|-boost|p2a: Zamazenta|def|1\n|turn|1\n|\n|t:|1771213071\n|move|p2a: Zamazenta|Reflect|p2a: Zamazenta\n|-sidestart|p2: calamityiscoming2|Reflect\n|move|p1a: Clodsire|Stealth Rock|p2a: Zamazenta\n|-sidestart|p2: calamityiscoming2|move: Stealth Rock\n|\n|upkeep\n|turn|2\n|\n|t:|1771213073\n|move|p2a: Zamazenta|Light Screen|p2a: Zamazenta\n|-sidestart|p2: calamityiscoming2|move: Light Screen\n|move|p1a: Clodsire|Toxic|p2a: Zamazenta\n|-status|p2a: Zamazenta|tox\n|\n|-damage|p2a: Zamazenta|94/100 tox|[from] psn\n|upkeep\n|turn|3\n|\n|t:|1771213080\n|switch|p2a: Iron Crown|Iron Crown|100/100\n|-damage|p2a: Iron Crown|94/100|[from] Stealth Rock\n|-enditem|p2a: Iron Crown|Booster Energy\n|-activate|p2a: Iron Crown|ability: Quark Drive|[fromitem]\n|-start|p2a: Iron Crown|quarkdrivespe\n|switch|p1a: Togekiss|Togekiss, F|100/100\n|\n|upkeep\n|turn|4\n|\n|t:|1771213086\n|switch|p1a: Kingambit|Kingambit, M|100/100\n|move|p2a: Iron Crown|Calm Mind|p2a: Iron Crown\n|-boost|p2a: Iron Crown|spa|1\n|-boost|p2a: Iron Crown|spd|1\n|\n|upkeep\n|turn|5\n|\n|t:|1771213090\n|-end|p1a: Kingambit|fallenundefined|[silent]\n|switch|p1a: Banette|Banette, F|100/100\n|move|p2a: Iron Crown|Iron Defense|p2a: Iron Crown\n|-boost|p2a: Iron Crown|def|2\n|\n|upkeep\n|turn|6\n|\n|t:|1771213093\n|detailschange|p1a: Banette|Banette-Mega, F\n|-mega|p1a: Banette|Banette|Banettite\n|move|p1a: Banette|Encore|p2a: Iron Crown\n|-start|p2a: Iron Crown|Encore\n|move|p2a: Iron Crown|Iron Defense|p2a: Iron Crown\n|-boost|p2a: Iron Crown|def|2\n|\n|upkeep\n|turn|7\n|\n|t:|1771213099\n|move|p1a: Banette|Shadow Sneak|p2a: Iron Crown\n|-supereffective|p2a: Iron Crown\n|-damage|p2a: Iron Crown|86/100\n|move|p2a: Iron Crown|Iron Defense|p2a: Iron Crown\n|-boost|p2a: Iron Crown|def|2\n|\n|upkeep\n|turn|8\n|\n|t:|1771213102\n|move|p1a: Banette|Shadow Sneak|p2a: Iron Crown\n|-supereffective|p2a: Iron Crown\n|-damage|p2a: Iron Crown|79/100\n|move|p2a: Iron Crown|Iron Defense|p2a: Iron Crown\n|-boost|p2a: Iron Crown|def|0\n|\n|-end|p2a: Iron Crown|Encore\n|-sideend|p2: calamityiscoming2|Reflect\n|upkeep\n|turn|9\n|\n|t:|1771213105\n|move|p1a: Banette|Encore|p2a: Iron Crown\n|-start|p2a: Iron Crown|Encore\n|move|p2a: Iron Crown|Iron Defense|p2a: Iron Crown\n|-boost|p2a: Iron Crown|def|0\n|\n|-sideend|p2: calamityiscoming2|move: Light Screen\n|upkeep\n|turn|10\n|\n|t:|1771213107\n|move|p1a: Banette|Shadow Sneak|p2a: Iron Crown\n|-supereffective|p2a: Iron Crown\n|-damage|p2a: Iron Crown|65/100\n|move|p2a: Iron Crown|Iron Defense|p2a: Iron Crown\n|-boost|p2a: Iron Crown|def|0\n|\n|upkeep\n|turn|11\n|\n|t:|1771213109\n|move|p1a: Banette|Shadow Sneak|p2a: Iron Crown\n|-supereffective|p2a: Iron Crown\n|-damage|p2a: Iron Crown|52/100\n|move|p2a: Iron Crown|Iron Defense|p2a: Iron Crown\n|-boost|p2a: Iron Crown|def|0\n|\n|-end|p2a: Iron Crown|Encore\n|upkeep\n|turn|12\n|\n|t:|1771213116\n|move|p1a: Banette|Encore|p2a: Iron Crown\n|-start|p2a: Iron Crown|Encore\n|move|p2a: Iron Crown|Iron Defense|p2a: Iron Crown\n|-boost|p2a: Iron Crown|def|0\n|\n|upkeep\n|turn|13\n|\n|t:|1771213121\n|switch|p1a: Clodsire|Clodsire, M|100/100\n|move|p2a: Iron Crown|Iron Defense|p2a: Iron Crown\n|-boost|p2a: Iron Crown|def|0\n|\n|upkeep\n|turn|14\n|\n|t:|1771213124\n|move|p2a: Iron Crown|Iron Defense|p2a: Iron Crown\n|-boost|p2a: Iron Crown|def|0\n|move|p1a: Clodsire|Earthquake|p2a: Iron Crown\n|-supereffective|p2a: Iron Crown\n|-damage|p2a: Iron Crown|0 fnt\n|faint|p2a: Iron Crown\n|-end|p2a: Iron Crown|Quark Drive|[silent]\n|\n|upkeep\n|\n|t:|1771213130\n|switch|p2a: Kingambit|Kingambit, F|100/100\n|-damage|p2a: Kingambit|94/100|[from] Stealth Rock\n|-activate|p2a: Kingambit|ability: Supreme Overlord\n|-start|p2a: Kingambit|fallen1|[silent]\n|turn|15\n|\n|t:|1771213135\n|switch|p1a: Archaludon|Archaludon, M|100/100\n|move|p2a: Kingambit|Knock Off|p1a: Archaludon\n|-damage|p1a: Archaludon|46/100\n|-ability|p1a: Archaludon|Stamina|boost\n|-boost|p1a: Archaludon|def|1\n|-enditem|p1a: Archaludon|Leftovers|[from] move: Knock Off|[of] p2a: Kingambit\n|\n|upkeep\n|turn|16\n|\n|t:|1771213140\n|-end|p2a: Kingambit|fallen1|[silent]\n|switch|p2a: Zamazenta|Zamazenta|94/100 tox\n|-damage|p2a: Zamazenta|88/100 tox|[from] Stealth Rock\n|move|p1a: Archaludon|Body Press|p2a: Zamazenta\n|-damage|p2a: Zamazenta|60/100 tox\n|\n|-damage|p2a: Zamazenta|54/100 tox|[from] psn\n|upkeep\n|turn|17\n|\n|t:|1771213145\n|move|p2a: Zamazenta|Reflect|p2a: Zamazenta\n|-sidestart|p2: calamityiscoming2|Reflect\n|move|p1a: Archaludon|Draco Meteor|p2a: Zamazenta\n|-damage|p2a: Zamazenta|9/100 tox\n|-unboost|p1a: Archaludon|spa|2\n|\n|-damage|p2a: Zamazenta|0 fnt|[from] psn\n|faint|p2a: Zamazenta\n|upkeep\n|\n|t:|1771213151\n|switch|p2a: Gholdengo|Gholdengo|100/100\n|-damage|p2a: Gholdengo|94/100|[from] Stealth Rock\n|-item|p2a: Gholdengo|Air Balloon\n|turn|18\n|j| Soluc\n|\n|t:|1771213155\n|move|p2a: Gholdengo|Nasty Plot|p2a: Gholdengo\n|-boost|p2a: Gholdengo|spa|2\n|move|p1a: Archaludon|Draco Meteor|p2a: Gholdengo\n|-resisted|p2a: Gholdengo\n|-damage|p2a: Gholdengo|78/100\n|-unboost|p1a: Archaludon|spa|2\n|-enditem|p2a: Gholdengo|Air Balloon\n|\n|upkeep\n|turn|19\n|\n|t:|1771213157\n|switch|p1a: Clodsire|Clodsire, M|100/100\n|move|p2a: Gholdengo|Shadow Ball|p1a: Clodsire\n|-damage|p1a: Clodsire|76/100\n|\n|-heal|p1a: Clodsire|82/100|[from] item: Black Sludge\n|upkeep\n|turn|20\n|\n|t:|1771213160\n|move|p2a: Gholdengo|Shadow Ball|p1a: Clodsire\n|-damage|p1a: Clodsire|59/100\n|move|p1a: Clodsire|Earthquake|p2a: Gholdengo\n|-supereffective|p2a: Gholdengo\n|-damage|p2a: Gholdengo|47/100\n|\n|-heal|p1a: Clodsire|65/100|[from] item: Black Sludge\n|upkeep\n|turn|21\n|\n|t:|1771213163\n|move|p2a: Gholdengo|Shadow Ball|p1a: Clodsire\n|-damage|p1a: Clodsire|41/100\n|move|p1a: Clodsire|Recover|p1a: Clodsire\n|-heal|p1a: Clodsire|91/100\n|\n|-heal|p1a: Clodsire|97/100|[from] item: Black Sludge\n|upkeep\n|turn|22\n|\n|t:|1771213168\n|move|p2a: Gholdengo|Shadow Ball|p1a: Clodsire\n|-damage|p1a: Clodsire|75/100\n|move|p1a: Clodsire|Earthquake|p2a: Gholdengo\n|-supereffective|p2a: Gholdengo\n|-damage|p2a: Gholdengo|15/100\n|\n|-heal|p1a: Clodsire|82/100|[from] item: Black Sludge\n|upkeep\n|turn|23\n|\n|t:|1771213197\n|move|p2a: Gholdengo|Make It Rain|p1a: Clodsire\n|-damage|p1a: Clodsire|49/100\n|-unboost|p2a: Gholdengo|spa|1\n|move|p1a: Clodsire|Recover|p1a: Clodsire\n|-heal|p1a: Clodsire|99/100\n|\n|-heal|p1a: Clodsire|100/100|[from] item: Black Sludge\n|upkeep\n|turn|24\n|\n|t:|1771213225\n|move|p2a: Gholdengo|Make It Rain|p1a: Clodsire\n|-damage|p1a: Clodsire|64/100\n|-unboost|p2a: Gholdengo|spa|1\n|move|p1a: Clodsire|Earthquake|p2a: Gholdengo\n|-supereffective|p2a: Gholdengo\n|-damage|p2a: Gholdengo|0 fnt\n|faint|p2a: Gholdengo\n|\n|-heal|p1a: Clodsire|70/100|[from] item: Black Sludge\n|-sideend|p2: calamityiscoming2|Reflect\n|upkeep\n|\n|t:|1771213229\n|switch|p2a: Dragonite|Dragonite, M|100/100\n|-damage|p2a: Dragonite|76/100|[from] Stealth Rock\n|turn|25\n|\n|t:|1771213233\n|move|p2a: Dragonite|Dragon Dance|p2a: Dragonite\n|-boost|p2a: Dragonite|atk|1\n|-boost|p2a: Dragonite|spe|1\n|move|p1a: Clodsire|Toxic|p2a: Dragonite\n|-status|p2a: Dragonite|tox\n|\n|-heal|p1a: Clodsire|76/100|[from] item: Black Sludge\n|-damage|p2a: Dragonite|70/100 tox|[from] psn\n|upkeep\n|turn|26\n|\n|t:|1771213235\n|switch|p1a: Togekiss|Togekiss, F|100/100\n|move|p2a: Dragonite|Earthquake|p1a: Togekiss\n|-immune|p1a: Togekiss\n|\n|-damage|p2a: Dragonite|57/100 tox|[from] psn\n|upkeep\n|turn|27\n|-message|calamityiscoming2 forfeited.\n|\n|win|emsioab\n|raw|emsioab's rating: 1776 &rarr; <strong>1800</strong><br />(+24 for winning)\n|raw|calamityiscoming2's rating: 1850 &rarr; <strong>1826</strong><br />(-24 for losing)\n|l|☆calamityiscoming2\n|player|p2|\n|l|☆emsioab\n|player|p1|\n|l| Soluc\n", "uploadtime": 1771213481, "views": 7, "formatid": "gen9nationaldex", "rating": 1800, "private": 0, "password": null}