{"id": "gen9nationaldex-2540801058", "format": "[Gen 9] National Dex", "players": ["jerseyiteMa", "InvinIsAClown"], "log": "|j|☆jerseyiteMa\n|j|☆InvinIsAClown\n|t:|1771255433\n|gametype|singles\n|player|p1|jerseyiteMa|shelly|1587\n|player|p2|InvinIsAClown|fisherman|1660\n|gen|9\n|tier|[Gen 9] National Dex\n|rated|\n|rule|HP Percentage Mod: HP is shown in percentages\n|rule|Endless Battle Clause: Forcing endless battles is banned\n|rule|Species Clause: Limit one of each Pokémon\n|rule|OHKO Clause: OHKO moves are banned\n|rule|Evasion Clause: Evasion abilities, items, and moves are banned\n|rule|Evasion Abilities Clause: Evasion abilities are banned\n|rule|Evasion Items Clause: Evasion items are banned\n|rule|Evasion Moves Clause: Evasion moves are banned\n|rule|Sleep Clause Mod: Limit one foe put to sleep\n|rule|Terastal Clause: You cannot Terastallize\n|clearpoke\n|poke|p1|Mawile, M|\n|poke|p1|Zapdos|\n|poke|p1|Ting-Lu|\n|poke|p1|Alomomola, M|\n|poke|p1|Gholdengo|\n|poke|p1|Buzzwole|\n|poke|p2|Blaziken, F|\n|poke|p2|Pinsir, F|\n|poke|p2|Terapagos, M|\n|poke|p2|Dragonite, F|\n|poke|p2|Iron Crown|\n|poke|p2|Iron Treads|\n|teampreview\n|\n|t:|1771255463\n|teamsize|p1|6\n|teamsize|p2|6\n|start\n|switch|p1a: Alomomola|Alomomola, M|100/100\n|switch|p2a: Blaziken|Blaziken, F|100/100\n|turn|1\n|\n|t:|1771255476\n|switch|p2a: Iron Treads|Iron Treads|100/100\n|-enditem|p2a: Iron Treads|Booster Energy\n|-activate|p2a: Iron Treads|ability: Quark Drive|[fromitem]\n|-start|p2a: Iron Treads|quarkdrivespe\n|move|p1a: Alomomola|Flip Turn|p2a: Iron Treads\n|-supereffective|p2a: Iron Treads\n|-damage|p2a: Iron Treads|72/100\n|\n|t:|1771255488\n|switch|p1a: Buzzwole|Buzzwole|100/100|[from] Flip Turn\n|\n|upkeep\n|turn|2\n|\n|t:|1771255500\n|move|p2a: Iron Treads|Steel Beam|p1a: Buzzwole\n|-damage|p1a: Buzzwole|26/100\n|-damage|p2a: Iron Treads|22/100|[from] steelbeam\n|move|p1a: Buzzwole|Close Combat|p2a: Iron Treads\n|-supereffective|p2a: Iron Treads\n|-damage|p2a: Iron Treads|0 fnt\n|-unboost|p1a: Buzzwole|def|1\n|-unboost|p1a: Buzzwole|spd|1\n|faint|p2a: Iron Treads\n|-end|p2a: Iron Treads|Quark Drive|[silent]\n|-ability|p1a: Buzzwole|Beast Boost|boost\n|-boost|p1a: Buzzwole|atk|1\n|\n|upkeep\n|\n|t:|1771255512\n|switch|p2a: Blaziken|Blaziken, F|100/100\n|turn|3\n|\n|t:|1771255516\n|move|p1a: Buzzwole|Close Combat|p2a: Blaziken\n|-damage|p2a: Blaziken|0 fnt\n|-unboost|p1a: Buzzwole|def|1\n|-unboost|p1a: Buzzwole|spd|1\n|faint|p2a: Blaziken\n|-ability|p1a: Buzzwole|Beast Boost|boost\n|-boost|p1a: Buzzwole|atk|1\n|\n|upkeep\n|\n|t:|1771255523\n|switch|p2a: Dragonite|Dragonite, F|100/100\n|turn|4\n|\n|t:|1771255532\n|switch|p1a: Ting-Lu|Ting-Lu|100/100\n|-ability|p1a: Ting-Lu|Vessel of Ruin\n|move|p2a: Dragonite|Dragon Dance|p2a: Dragonite\n|-boost|p2a: Dragonite|atk|1\n|-boost|p2a: Dragonite|spe|1\n|\n|upkeep\n|turn|5\n|\n|t:|1771255535\n|move|p2a: Dragonite|Scale Shot|p1a: Ting-Lu\n|-damage|p1a: Ting-Lu|89/100\n|-damage|p1a: Ting-Lu|76/100\n|-damage|p1a: Ting-Lu|65/100\n|-damage|p1a: Ting-Lu|53/100\n|-hitcount|p1a: Ting-Lu|4\n|-unboost|p2a: Dragonite|def|1\n|-boost|p2a: Dragonite|spe|1\n|move|p1a: Ting-Lu|Whirlwind|p2a: Dragonite\n|drag|p2a: Iron Crown|Iron Crown|100/100\n|-enditem|p2a: Iron Crown|Booster Energy\n|-activate|p2a: Iron Crown|ability: Quark Drive|[fromitem]\n|-start|p2a: Iron Crown|quarkdrivespe\n|\n|-heal|p1a: Ting-Lu|59/100|[from] item: Leftovers\n|upkeep\n|turn|6\n|\n|t:|1771255542\n|switch|p1a: Gholdengo|Gholdengo|100/100\n|move|p2a: Iron Crown|Focus Blast|p1a: Gholdengo\n|-immune|p1a: Gholdengo\n|\n|upkeep\n|turn|7\n|\n|t:|1771255547\n|move|p2a: Iron Crown|Tachyon Cutter|p1a: Gholdengo\n|-resisted|p1a: Gholdengo\n|-damage|p1a: Gholdengo|87/100\n|-resisted|p1a: Gholdengo\n|-damage|p1a: Gholdengo|73/100\n|-hitcount|p1a: Gholdengo|2\n|move|p1a: Gholdengo|Shadow Ball|p2a: Iron Crown\n|-supereffective|p2a: Iron Crown\n|-damage|p2a: Iron Crown|14/100\n|\n|upkeep\n|turn|8\n|\n|t:|1771255551\n|move|p2a: Iron Crown|Psychic Noise|p1a: Gholdengo\n|-resisted|p1a: Gholdengo\n|-damage|p1a: Gholdengo|52/100\n|-start|p1a: Gholdengo|move: Heal Block\n|move|p1a: Gholdengo|Shadow Ball|p2a: Iron Crown\n|-supereffective|p2a: Iron Crown\n|-damage|p2a: Iron Crown|0 fnt\n|faint|p2a: Iron Crown\n|-end|p2a: Iron Crown|Quark Drive|[silent]\n|\n|upkeep\n|\n|t:|1771255562\n|switch|p2a: Terapagos|Terapagos, M|100/100\n|-activate|p2a: Terapagos|ability: Tera Shift\n|detailschange|p2a: Terapagos|Terapagos-Terastal, M\n|-heal|p2a: Terapagos|100/100|[silent]\n|turn|9\n|\n|t:|1771255572\n|switch|p1a: Alomomola|Alomomola, M|100/100\n|move|p2a: Terapagos|Calm Mind|p2a: Terapagos\n|-boost|p2a: Terapagos|spa|1\n|-boost|p2a: Terapagos|spd|1\n|\n|upkeep\n|turn|10\n|\n|t:|1771255576\n|move|p2a: Terapagos|Tera Starstorm|p1a: Alomomola\n|-damage|p1a: Alomomola|25/100\n|move|p1a: Alomomola|Flip Turn|p2a: Terapagos\n|-activate|p2a: Terapagos|ability: Tera Shell\n|-resisted|p2a: Terapagos\n|-damage|p2a: Terapagos|92/100\n|\n|t:|1771255584\n|switch|p1a: Buzzwole|Buzzwole|26/100|[from] Flip Turn\n|\n|upkeep\n|turn|11\n|\n|t:|1771255587\n|switch|p2a: Pinsir|Pinsir, F|100/100\n|move|p1a: Buzzwole|Close Combat|p2a: Pinsir\n|-resisted|p2a: Pinsir\n|-damage|p2a: Pinsir|60/100\n|-unboost|p1a: Buzzwole|def|1\n|-unboost|p1a: Buzzwole|spd|1\n|\n|upkeep\n|turn|12\n|\n|t:|1771255592\n|switch|p1a: Mawile|Mawile, M|100/100\n|-ability|p1a: Mawile|Intimidate|boost\n|-fail|p2a: Pinsir|unboost|Attack|[from] ability: Hyper Cutter|[of] p2a: Pinsir\n|detailschange|p2a: Pinsir|Pinsir-Mega, F\n|-mega|p2a: Pinsir|Pinsir|Pinsirite\n|move|p2a: Pinsir|Swords Dance|p2a: Pinsir\n|-boost|p2a: Pinsir|atk|2\n|\n|upkeep\n|turn|13\n|\n|t:|1771255600\n|switch|p1a: Zapdos|Zapdos|100/100\n|move|p2a: Pinsir|Close Combat|p1a: Zapdos\n|-resisted|p1a: Zapdos\n|-damage|p1a: Zapdos|63/100\n|-unboost|p2a: Pinsir|def|1\n|-unboost|p2a: Pinsir|spd|1\n|-status|p2a: Pinsir|par|[from] ability: Static|[of] p1a: Zapdos\n|\n|upkeep\n|turn|14\n|\n|t:|1771255606\n|move|p1a: Zapdos|Volt Switch|p2a: Pinsir\n|-supereffective|p2a: Pinsir\n|-damage|p2a: Pinsir|0 fnt\n|faint|p2a: Pinsir\n|detailschange|p2: Pinsir|Pinsir, F|[silent]\n|\n|t:|1771255611\n|switch|p1a: Buzzwole|Buzzwole|26/100|[from] Volt Switch\n|\n|upkeep\n|\n|t:|1771255614\n|switch|p2a: Terapagos|Terapagos-Terastal, M|92/100\n|turn|15\n|\n|t:|1771255617\n|move|p1a: Buzzwole|Close Combat|p2a: Terapagos\n|-supereffective|p2a: Terapagos\n|-damage|p2a: Terapagos|0 fnt\n|-unboost|p1a: Buzzwole|def|1\n|-unboost|p1a: Buzzwole|spd|1\n|faint|p2a: Terapagos\n|-ability|p1a: Buzzwole|Beast Boost|boost\n|-boost|p1a: Buzzwole|atk|1\n|\n|upkeep\n|\n|t:|1771255619\n|switch|p2a: Dragonite|Dragonite, F|100/100\n|turn|16\n|\n|t:|1771255624\n|switch|p1a: Mawile|Mawile, M|100/100\n|-ability|p1a: Mawile|Intimidate|boost\n|-unboost|p2a: Dragonite|atk|1\n|move|p2a: Dragonite|Dragon Dance|p2a: Dragonite\n|-boost|p2a: Dragonite|atk|1\n|-boost|p2a: Dragonite|spe|1\n|\n|upkeep\n|turn|17\n|\n|t:|1771255628\n|detailschange|p1a: Mawile|Mawile-Mega, M\n|-mega|p1a: Mawile|Mawile|Mawilite\n|move|p2a: Dragonite|Fire Punch|p1a: Mawile\n|-supereffective|p1a: Mawile\n|-damage|p1a: Mawile|44/100\n|move|p1a: Mawile|Play Rough|p2a: Dragonite\n|-supereffective|p2a: Dragonite\n|-damage|p2a: Dragonite|0 fnt\n|faint|p2a: Dragonite\n|\n|win|jerseyiteMa\n|raw|jerseyiteMa's rating: 1587 &rarr; <strong>1611</strong><br />(+24 for winning)\n|raw|InvinIsAClown's rating: 1660 &rarr; <strong>1636</strong><br />(-24 for losing)\n|l|☆InvinIsAClown\n|player|p2|\n", "uploadtime": 1771255872, "views": 5, "formatid": "gen9nationaldex", "rating": 1611, "private": 0, "password": null}