{"id": "gen9nationaldex-2540629909", "format": "[Gen 9] National Dex", "players": ["ezclapperez89", "zmdalan"], "log": "|j|☆ezclapperez89\n|j|☆zmdalan\n|t:|1771230493\n|gametype|singles\n|player|p1|ezclapperez89|1|1594\n|player|p2|zmdalan|1|1646\n|gen|9\n|tier|[Gen 9] National Dex\n|rated|\n|rule|HP Percentage Mod: HP is shown in percentages\n|rule|Endless Battle Clause: Forcing endless battles is banned\n|rule|Species Clause: Limit one of each Pokémon\n|rule|OHKO Clause: OHKO moves are banned\n|rule|Evasion Clause: Evasion abilities, items, and moves are banned\n|rule|Evasion Abilities Clause: Evasion abilities are banned\n|rule|Evasion Items Clause: Evasion items are banned\n|rule|Evasion Moves Clause: Evasion moves are banned\n|rule|Sleep Clause Mod: Limit one foe put to sleep\n|rule|Terastal Clause: You cannot Terastallize\n|clearpoke\n|poke|p1|Grimmsnarl, M|\n|poke|p1|Volcarona, M|\n|poke|p1|Garchomp, F|\n|poke|p1|Maushold|\n|poke|p1|Iron Valiant|\n|poke|p1|Gyarados, M|\n|poke|p2|Tapu Koko|\n|poke|p2|Raging Bolt|\n|poke|p2|Regieleki|\n|poke|p2|Charizard, M|\n|poke|p2|Iron Crown|\n|poke|p2|Ditto|\n|teampreview\n|inactive|Battle timer is ON: inactive players will automatically lose when time's up. (requested by zmdalan)\n|\n|t:|1771230511\n|teamsize|p1|6\n|teamsize|p2|6\n|start\n|switch|p1a: Grimmsnarl|Grimmsnarl, M|100/100\n|switch|p2a: Tapu Koko|Tapu Koko|100/100\n|-fieldstart|move: Electric Terrain|[from] ability: Electric Surge|[of] p2a: Tapu Koko\n|turn|1\n|\n|t:|1771230515\n|move|p1a: Grimmsnarl|Light Screen|p1a: Grimmsnarl\n|-sidestart|p1: ezclapperez89|move: Light Screen\n|move|p2a: Tapu Koko|Taunt|p1a: Grimmsnarl\n|-start|p1a: Grimmsnarl|move: Taunt\n|\n|upkeep\n|turn|2\n|\n|t:|1771230520\n|switch|p1a: Garchomp|Garchomp, F|100/100\n|move|p2a: Tapu Koko|U-turn|p1a: Garchomp\n|-damage|p1a: Garchomp|84/100\n|-damage|p2a: Tapu Koko|88/100|[from] ability: Rough Skin|[of] p1a: Garchomp\n|\n|t:|1771230529\n|switch|p2a: Charizard|Charizard, M|100/100|[from] U-turn\n|\n|upkeep\n|turn|3\n|\n|t:|1771230536\n|detailschange|p2a: Charizard|Charizard-Mega-Y, M\n|-mega|p2a: Charizard|Charizard|Charizardite Y\n|-weather|SunnyDay|[from] ability: Drought|[of] p2a: Charizard\n|move|p1a: Garchomp|Scale Shot|p2a: Charizard\n|-damage|p2a: Charizard|82/100\n|-damage|p2a: Charizard|62/100\n|-damage|p2a: Charizard|45/100\n|-damage|p2a: Charizard|27/100\n|-hitcount|p2a: Charizard|4\n|-unboost|p1a: Garchomp|def|1\n|-boost|p1a: Garchomp|spe|1\n|move|p2a: Charizard|Dragon Pulse|p1a: Garchomp\n|-supereffective|p1a: Garchomp\n|-damage|p1a: Garchomp|44/100\n|\n|-weather|SunnyDay|[upkeep]\n|upkeep\n|turn|4\n|\n|t:|1771230545\n|move|p1a: Garchomp|Scale Shot|p2a: Charizard\n|-damage|p2a: Charizard|9/100\n|-damage|p2a: Charizard|0 fnt\n|faint|p2a: Charizard\n|detailschange|p2: Charizard|Charizard, M|[silent]\n|-hitcount|p2: Charizard|2\n|-unboost|p1a: Garchomp|def|1\n|-boost|p1a: Garchomp|spe|1\n|\n|-weather|SunnyDay|[upkeep]\n|upkeep\n|\n|t:|1771230547\n|switch|p2a: Ditto|Ditto|100/100\n|-transform|p2a: Ditto|p1a: Garchomp|[from] ability: Imposter\n|turn|5\n|\n|t:|1771230554\n|switch|p1a: Gyarados|Gyarados, M|100/100\n|-ability|p1a: Gyarados|Intimidate|boost\n|-unboost|p2a: Ditto|atk|1\n|move|p2a: Ditto|Earthquake|p1a: Gyarados\n|-immune|p1a: Gyarados\n|\n|-weather|SunnyDay|[upkeep]\n|upkeep\n|turn|6\n|\n|t:|1771230559\n|switch|p2a: Regieleki|Regieleki|100/100\n|move|p1a: Gyarados|Dragon Dance|p1a: Gyarados\n|-boost|p1a: Gyarados|atk|1\n|-boost|p1a: Gyarados|spe|1\n|\n|-weather|SunnyDay|[upkeep]\n|upkeep\n|turn|7\n|\n|t:|1771230563\n|switch|p1a: Garchomp|Garchomp, F|44/100\n|move|p2a: Regieleki|Rising Voltage|p1a: Garchomp\n|-immune|p1a: Garchomp\n|\n|-weather|none\n|upkeep\n|turn|8\n|\n|t:|1771230572\n|switch|p2a: Tapu Koko|Tapu Koko|88/100\n|move|p1a: Garchomp|Earthquake|p2a: Tapu Koko\n|-supereffective|p2a: Tapu Koko\n|-damage|p2a: Tapu Koko|0 fnt\n|faint|p2a: Tapu Koko\n|\n|-sideend|p1: ezclapperez89|move: Light Screen\n|-fieldend|move: Electric Terrain\n|upkeep\n|\n|t:|1771230576\n|switch|p2a: Ditto|Ditto|100/100\n|-transform|p2a: Ditto|p1a: Garchomp|[from] ability: Imposter\n|turn|9\n|\n|t:|1771230584\n|switch|p2a: Iron Crown|Iron Crown|100/100\n|switch|p1a: Iron Valiant|Iron Valiant|100/100\n|-enditem|p1a: Iron Valiant|Booster Energy\n|-activate|p1a: Iron Valiant|ability: Quark Drive|[fromitem]\n|-start|p1a: Iron Valiant|quarkdrivespe\n|\n|upkeep\n|turn|10\n|\n|t:|1771230590\n|move|p1a: Iron Valiant|Knock Off|p2a: Iron Crown\n|-supereffective|p2a: Iron Crown\n|-damage|p2a: Iron Crown|48/100\n|-enditem|p2a: Iron Crown|Weakness Policy\n|-boost|p2a: Iron Crown|atk|2|[from] item: Weakness Policy\n|-boost|p2a: Iron Crown|spa|2|[from] item: Weakness Policy\n|move|p2a: Iron Crown|Agility|p2a: Iron Crown\n|-boost|p2a: Iron Crown|spe|2\n|\n|upkeep\n|turn|11\n|\n|t:|1771230598\n|move|p2a: Iron Crown|Stored Power|p1a: Iron Valiant\n|-supereffective|p1a: Iron Valiant\n|-damage|p1a: Iron Valiant|0 fnt\n|faint|p1a: Iron Valiant\n|-end|p1a: Iron Valiant|Quark Drive|[silent]\n|\n|upkeep\n|\n|t:|1771230602\n|switch|p1a: Grimmsnarl|Grimmsnarl, M|100/100\n|turn|12\n|\n|t:|1771230607\n|move|p1a: Grimmsnarl|Light Screen|p1a: Grimmsnarl\n|-sidestart|p1: ezclapperez89|move: Light Screen\n|move|p2a: Iron Crown|Calm Mind|p2a: Iron Crown\n|-boost|p2a: Iron Crown|spa|1\n|-boost|p2a: Iron Crown|spd|1\n|\n|upkeep\n|turn|13\n|\n|t:|1771230614\n|move|p1a: Grimmsnarl|Parting Shot|p2a: Iron Crown\n|-unboost|p2a: Iron Crown|atk|1\n|-unboost|p2a: Iron Crown|spa|1\n|\n|t:|1771230616\n|switch|p1a: Gyarados|Gyarados, M|100/100|[from] Parting Shot\n|-ability|p1a: Gyarados|Intimidate|boost\n|-unboost|p2a: Iron Crown|atk|1\n|move|p2a: Iron Crown|Agility|p2a: Iron Crown\n|-boost|p2a: Iron Crown|spe|2\n|\n|upkeep\n|turn|14\n|\n|t:|1771230621\n|detailschange|p1a: Gyarados|Gyarados-Mega, M\n|-mega|p1a: Gyarados|Gyarados|Gyaradosite\n|-ability|p1a: Gyarados|Mold Breaker\n|move|p2a: Iron Crown|Focus Blast|p1a: Gyarados|[miss]\n|-miss|p2a: Iron Crown|p1a: Gyarados\n|move|p1a: Gyarados|Crunch|p2a: Iron Crown\n|-supereffective|p2a: Iron Crown\n|-damage|p2a: Iron Crown|0 fnt\n|faint|p2a: Iron Crown\n|-end|p2a: Iron Crown|Quark Drive|[silent]\n|\n|upkeep\n|\n|t:|1771230628\n|switch|p2a: Raging Bolt|Raging Bolt|100/100\n|turn|15\n|\n|t:|1771230632\n|switch|p1a: Grimmsnarl|Grimmsnarl, M|100/100\n|move|p2a: Raging Bolt|Rising Voltage|p1a: Grimmsnarl\n|-damage|p1a: Grimmsnarl|79/100\n|\n|upkeep\n|turn|16\n|-message|zmdalan forfeited.\n|\n|win|ezclapperez89\n|raw|ezclapperez89's rating: 1594 &rarr; <strong>1617</strong><br />(+23 for winning)\n|raw|zmdalan's rating: 1646 &rarr; <strong>1623</strong><br />(-23 for losing)\n|l|☆zmdalan\n|player|p2|\n", "uploadtime": 1771230644, "views": 10, "formatid": "gen9nationaldex", "rating": 1617, "private": 0, "password": null}