{"id": "gen9nationaldex-2540764193", "format": "[Gen 9] National Dex", "players": ["hzozv", "xiiayu"], "log": "|j|☆hzozv\n|j|☆xiiayu\n|t:|1771251335\n|gametype|singles\n|player|p1|hzozv|unknown|1617\n|player|p2|xiiayu|hilbert|1555\n|gen|9\n|tier|[Gen 9] National Dex\n|rated|\n|rule|HP Percentage Mod: HP is shown in percentages\n|rule|Endless Battle Clause: Forcing endless battles is banned\n|rule|Species Clause: Limit one of each Pokémon\n|rule|OHKO Clause: OHKO moves are banned\n|rule|Evasion Clause: Evasion abilities, items, and moves are banned\n|rule|Evasion Abilities Clause: Evasion abilities are banned\n|rule|Evasion Items Clause: Evasion items are banned\n|rule|Evasion Moves Clause: Evasion moves are banned\n|rule|Sleep Clause Mod: Limit one foe put to sleep\n|rule|Terastal Clause: You cannot Terastallize\n|clearpoke\n|poke|p1|Slowking-Galar, F|\n|poke|p1|Mabosstiff, F|\n|poke|p1|Latios, M|\n|poke|p1|Gholdengo|\n|poke|p1|Landorus-Therian, M|\n|poke|p1|Alomomola, L99, F|\n|poke|p2|Tyranitar, F|\n|poke|p2|Urshifu-*, F|\n|poke|p2|Landorus-Therian, M|\n|poke|p2|Gholdengo|\n|poke|p2|Tapu Lele|\n|poke|p2|Terapagos, M|\n|teampreview\n|inactive|Battle timer is ON: inactive players will automatically lose when time's up. (requested by hzozv)\n|\n|t:|1771251349\n|teamsize|p1|6\n|teamsize|p2|6\n|start\n|switch|p1a: Alomomola|Alomomola, L99, F|100/100\n|switch|p2a: msgsfromthestars|Tyranitar, F|100/100\n|-weather|Sandstorm|[from] ability: Sand Stream|[of] p2a: msgsfromthestars\n|turn|1\n|\n|t:|1771251357\n|detailschange|p2a: msgsfromthestars|Tyranitar-Mega, F\n|-mega|p2a: msgsfromthestars|Tyranitar|Tyranitarite\n|move|p2a: msgsfromthestars|Knock Off|p1a: Alomomola\n|-damage|p1a: Alomomola|58/100\n|-damage|p2a: msgsfromthestars|84/100|[from] item: Rocky Helmet|[of] p1a: Alomomola\n|-enditem|p1a: Alomomola|Rocky Helmet|[from] move: Knock Off|[of] p2a: msgsfromthestars\n|move|p1a: Alomomola|Toxic|p2a: msgsfromthestars\n|-status|p2a: msgsfromthestars|tox\n|\n|-weather|Sandstorm|[upkeep]\n|-damage|p1a: Alomomola|51/100|[from] Sandstorm\n|-damage|p2a: msgsfromthestars|78/100 tox|[from] psn\n|upkeep\n|turn|2\n|\n|t:|1771251373\n|switch|p1a: Landorus|Landorus-Therian, M|100/100\n|-ability|p1a: Landorus|Intimidate|boost\n|-unboost|p2a: msgsfromthestars|atk|1\n|move|p2a: msgsfromthestars|Knock Off|p1a: Landorus\n|-damage|p1a: Landorus|58/100\n|-damage|p2a: msgsfromthestars|61/100 tox|[from] item: Rocky Helmet|[of] p1a: Landorus\n|-enditem|p1a: Landorus|Rocky Helmet|[from] move: Knock Off|[of] p2a: msgsfromthestars\n|\n|-weather|Sandstorm|[upkeep]\n|-damage|p2a: msgsfromthestars|49/100 tox|[from] psn\n|upkeep\n|turn|3\n|\n|t:|1771251384\n|switch|p2a: party games|Terapagos, M|100/100\n|-activate|p2a: party games|ability: Tera Shift\n|detailschange|p2a: party games|Terapagos-Terastal, M\n|-heal|p2a: party games|100/100|[silent]\n|move|p1a: Landorus|Knock Off|p2a: party games\n|-activate|p2a: party games|ability: Tera Shell\n|-resisted|p2a: party games\n|-crit|p2a: party games\n|-damage|p2a: party games|77/100\n|-enditem|p2a: party games|Heavy-Duty Boots|[from] move: Knock Off|[of] p1a: Landorus\n|\n|-weather|Sandstorm|[upkeep]\n|-damage|p2a: party games|71/100|[from] Sandstorm\n|upkeep\n|turn|4\n|\n|t:|1771251402\n|switch|p1a: Gholdengo|Gholdengo|100/100\n|switch|p2a: msgsfromthestars|Tyranitar-Mega, F|49/100 tox\n|\n|-weather|Sandstorm|[upkeep]\n|-damage|p2a: msgsfromthestars|43/100 tox|[from] psn\n|upkeep\n|turn|5\n|\n|t:|1771251408\n|move|p1a: Gholdengo|Make It Rain|p2a: msgsfromthestars\n|-supereffective|p2a: msgsfromthestars\n|-damage|p2a: msgsfromthestars|0 fnt\n|-unboost|p1a: Gholdengo|spa|1\n|faint|p2a: msgsfromthestars\n|detailschange|p2: msgsfromthestars|Tyranitar, F|[silent]\n|\n|-weather|none\n|upkeep\n|\n|t:|1771251420\n|switch|p2a: samthesambaman|Urshifu-Rapid-Strike, F|100/100\n|turn|6\n|\n|t:|1771251436\n|switch|p1a: Alomomola|Alomomola, L99, F|85/100\n|move|p2a: samthesambaman|Close Combat|p1a: Alomomola\n|-damage|p1a: Alomomola|32/100\n|-unboost|p2a: samthesambaman|def|1\n|-unboost|p2a: samthesambaman|spd|1\n|\n|upkeep\n|turn|7\n|\n|t:|1771251443\n|switch|p2a: perfumed garden|Landorus-Therian, M|100/100\n|-ability|p2a: perfumed garden|Intimidate|boost\n|-unboost|p1a: Alomomola|atk|1\n|switch|p1a: Gholdengo|Gholdengo|100/100\n|\n|upkeep\n|turn|8\n|\n|t:|1771251457\n|switch|p1a: Landorus|Landorus-Therian, M|58/100\n|-ability|p1a: Landorus|Intimidate|boost\n|-unboost|p2a: perfumed garden|atk|1\n|move|p2a: perfumed garden|Stealth Rock|p1a: Landorus\n|-sidestart|p1: hzozv|move: Stealth Rock\n|\n|upkeep\n|turn|9\n|\n|t:|1771251462\n|move|p1a: Landorus|Stealth Rock|p2a: perfumed garden\n|-sidestart|p2: xiiayu|move: Stealth Rock\n|move|p2a: perfumed garden|Taunt|p1a: Landorus\n|-start|p1a: Landorus|move: Taunt\n|\n|upkeep\n|turn|10\n|\n|t:|1771251466\n|move|p1a: Landorus|Knock Off|p2a: perfumed garden\n|-damage|p2a: perfumed garden|72/100\n|-damage|p1a: Landorus|42/100|[from] item: Rocky Helmet|[of] p2a: perfumed garden\n|-enditem|p2a: perfumed garden|Rocky Helmet|[from] move: Knock Off|[of] p1a: Landorus\n|move|p2a: perfumed garden|U-turn|p1a: Landorus\n|-resisted|p1a: Landorus\n|-damage|p1a: Landorus|34/100\n|\n|t:|1771251472\n|switch|p2a: party games|Terapagos-Terastal, M|71/100|[from] U-turn\n|-damage|p2a: party games|59/100|[from] Stealth Rock\n|\n|upkeep\n|turn|11\n|\n|t:|1771251485\n|move|p1a: Landorus|Earthquake|p2a: party games\n|-damage|p2a: party games|14/100\n|move|p2a: party games|Earth Power|p1a: Landorus\n|-immune|p1a: Landorus\n|\n|upkeep\n|turn|12\n|\n|t:|1771251492\n|switch|p2a: perfumed garden|Landorus-Therian, M|72/100\n|-damage|p2a: perfumed garden|60/100|[from] Stealth Rock\n|-ability|p2a: perfumed garden|Intimidate|boost\n|-unboost|p1a: Landorus|atk|1\n|move|p1a: Landorus|Knock Off|p2a: perfumed garden\n|-damage|p2a: perfumed garden|47/100\n|\n|-end|p1a: Landorus|move: Taunt\n|upkeep\n|turn|13\n|\n|t:|1771251500\n|switch|p1a: Alomomola|Alomomola, L99, F|65/100\n|-damage|p1a: Alomomola|53/100|[from] Stealth Rock\n|move|p2a: perfumed garden|U-turn|p1a: Alomomola\n|-damage|p1a: Alomomola|39/100\n|\n|t:|1771251505\n|switch|p2a: party games|Terapagos-Terastal, M|14/100|[from] U-turn\n|-damage|p2a: party games|2/100|[from] Stealth Rock\n|\n|upkeep\n|turn|14\n|\n|t:|1771251512\n|move|p1a: Alomomola|Protect|p1a: Alomomola\n|-singleturn|p1a: Alomomola|Protect\n|move|p2a: party games|Rapid Spin|p1a: Alomomola\n|-activate|p1a: Alomomola|move: Protect\n|\n|upkeep\n|turn|15\n|\n|t:|1771251525\n|switch|p1a: Gholdengo|Gholdengo|100/100\n|-damage|p1a: Gholdengo|94/100|[from] Stealth Rock\n|move|p2a: party games|Tera Starstorm|p1a: Gholdengo\n|-immune|p1a: Gholdengo\n|\n|upkeep\n|turn|16\n|\n|t:|1771251530\n|move|p1a: Gholdengo|Make It Rain|p2a: party games\n|-damage|p2a: party games|0 fnt\n|-unboost|p1a: Gholdengo|spa|1\n|faint|p2a: party games\n|\n|upkeep\n|\n|t:|1771251546\n|switch|p2a: two bodies|Tapu Lele|100/100\n|-damage|p2a: two bodies|88/100|[from] Stealth Rock\n|-fieldstart|move: Psychic Terrain|[from] ability: Psychic Surge|[of] p2a: two bodies\n|turn|17\n|\n|t:|1771251551\n|move|p2a: two bodies|Psychic|p1a: Gholdengo\n|-resisted|p1a: Gholdengo\n|-damage|p1a: Gholdengo|61/100\n|move|p1a: Gholdengo|Make It Rain|p2a: two bodies\n|-supereffective|p2a: two bodies\n|-damage|p2a: two bodies|4/100\n|-unboost|p1a: Gholdengo|spa|1\n|\n|upkeep\n|turn|18\n|\n|t:|1771251564\n|switch|p1a: Slowking|Slowking-Galar, F|100/100\n|move|p2a: two bodies|Psychic|p1a: Slowking\n|-damage|p1a: Slowking|66/100\n|\n|upkeep\n|turn|19\n|\n|t:|1771251569\n|move|p2a: two bodies|Psychic|p1a: Slowking\n|-damage|p1a: Slowking|32/100\n|-unboost|p1a: Slowking|spd|1\n|-prepare|p1a: Slowking|Chilly Reception|[premajor]\n|move|p1a: Slowking|Chilly Reception|p1a: Slowking\n|-weather|Snowscape\n|\n|t:|1771251575\n|switch|p1a: Alomomola|Alomomola, L99, F|72/100|[from] Chilly Reception\n|-damage|p1a: Alomomola|59/100|[from] Stealth Rock\n|\n|-weather|Snowscape|[upkeep]\n|upkeep\n|turn|20\n|\n|t:|1771251578\n|switch|p1a: Mabosstiff|Mabosstiff, F|100/100\n|-damage|p1a: Mabosstiff|88/100|[from] Stealth Rock\n|move|p2a: two bodies|Psychic|p1a: Mabosstiff\n|-immune|p1a: Mabosstiff\n|\n|-weather|Snowscape|[upkeep]\n|upkeep\n|turn|21\n|\n|t:|1771251584\n|switch|p2a: perfumed garden|Landorus-Therian, M|47/100\n|-damage|p2a: perfumed garden|35/100|[from] Stealth Rock\n|-ability|p2a: perfumed garden|Intimidate|boost\n|-unboost|p1a: Mabosstiff|atk|1\n|move|p1a: Mabosstiff|Lash Out|p2a: perfumed garden\n|-crit|p2a: perfumed garden\n|-damage|p2a: perfumed garden|0 fnt\n|faint|p2a: perfumed garden\n|\n|-weather|Snowscape|[upkeep]\n|-fieldend|move: Psychic Terrain\n|upkeep\n|\n|t:|1771251589\n|switch|p2a: samthesambaman|Urshifu-Rapid-Strike, F|100/100\n|-damage|p2a: samthesambaman|94/100|[from] Stealth Rock\n|turn|22\n|\n|t:|1771251597\n|switch|p1a: Alomomola|Alomomola, L99, F|93/100\n|-damage|p1a: Alomomola|80/100|[from] Stealth Rock\n|move|p2a: samthesambaman|Surging Strikes|p1a: Alomomola\n|-resisted|p1a: Alomomola\n|-crit|p1a: Alomomola\n|-damage|p1a: Alomomola|71/100\n|-resisted|p1a: Alomomola\n|-crit|p1a: Alomomola\n|-damage|p1a: Alomomola|61/100\n|-resisted|p1a: Alomomola\n|-crit|p1a: Alomomola\n|-damage|p1a: Alomomola|52/100\n|-hitcount|p1a: Alomomola|3\n|\n|-weather|Snowscape|[upkeep]\n|upkeep\n|turn|23\n|\n|t:|1771251601\n|switch|p1a: Latios|Latios, M|100/100\n|-damage|p1a: Latios|88/100|[from] Stealth Rock\n|move|p2a: samthesambaman|Surging Strikes|p1a: Latios\n|-resisted|p1a: Latios\n|-crit|p1a: Latios\n|-damage|p1a: Latios|69/100\n|-resisted|p1a: Latios\n|-crit|p1a: Latios\n|-damage|p1a: Latios|48/100\n|-resisted|p1a: Latios\n|-crit|p1a: Latios\n|-damage|p1a: Latios|27/100\n|-hitcount|p1a: Latios|3\n|\n|-weather|none\n|upkeep\n|turn|24\n|\n|t:|1771251606\n|switch|p2a: winter love|Gholdengo|100/100\n|-damage|p2a: winter love|94/100|[from] Stealth Rock\n|detailschange|p1a: Latios|Latios-Mega, M\n|-mega|p1a: Latios|Latios|Latiosite\n|move|p1a: Latios|Luster Purge|p2a: winter love\n|-resisted|p2a: winter love\n|-damage|p2a: winter love|68/100\n|\n|upkeep\n|turn|25\n|\n|t:|1771251615\n|switch|p1a: Mabosstiff|Mabosstiff, F|88/100\n|-damage|p1a: Mabosstiff|76/100|[from] Stealth Rock\n|move|p2a: winter love|Recover|p2a: winter love\n|-heal|p2a: winter love|100/100\n|\n|upkeep\n|turn|26\n|\n|t:|1771251621\n|move|p1a: Mabosstiff|Lash Out|p2a: winter love\n|-supereffective|p2a: winter love\n|-damage|p2a: winter love|21/100\n|move|p2a: winter love|Focus Blast|p1a: Mabosstiff\n|-supereffective|p1a: Mabosstiff\n|-damage|p1a: Mabosstiff|0 fnt\n|faint|p1a: Mabosstiff\n|\n|upkeep\n|\n|t:|1771251636\n|switch|p1a: Landorus|Landorus-Therian, M|34/100\n|-damage|p1a: Landorus|22/100|[from] Stealth Rock\n|-ability|p1a: Landorus|Intimidate|boost\n|-unboost|p2a: winter love|atk|1\n|turn|27\n|\n|t:|1771251640\n|move|p1a: Landorus|Knock Off|p2a: winter love\n|-supereffective|p2a: winter love\n|-damage|p2a: winter love|0 fnt\n|faint|p2a: winter love\n|\n|upkeep\n|\n|t:|1771251644\n|switch|p2a: samthesambaman|Urshifu-Rapid-Strike, F|94/100\n|-damage|p2a: samthesambaman|88/100|[from] Stealth Rock\n|turn|28\n|\n|t:|1771251648\n|move|p2a: samthesambaman|Surging Strikes|p1a: Landorus\n|-supereffective|p1a: Landorus\n|-crit|p1a: Landorus\n|-damage|p1a: Landorus|0 fnt\n|faint|p1a: Landorus\n|-hitcount|p1: Landorus|1\n|\n|upkeep\n|\n|t:|1771251654\n|switch|p1a: Latios|Latios-Mega, M|27/100\n|-damage|p1a: Latios|14/100|[from] Stealth Rock\n|turn|29\n|\n|t:|1771251658\n|move|p1a: Latios|Roost|p1a: Latios\n|-heal|p1a: Latios|65/100\n|-singleturn|p1a: Latios|move: Roost\n|move|p2a: samthesambaman|Surging Strikes|p1a: Latios\n|-resisted|p1a: Latios\n|-crit|p1a: Latios\n|-damage|p1a: Latios|47/100\n|-resisted|p1a: Latios\n|-crit|p1a: Latios\n|-damage|p1a: Latios|30/100\n|-resisted|p1a: Latios\n|-crit|p1a: Latios\n|-damage|p1a: Latios|12/100\n|-hitcount|p1a: Latios|3\n|\n|upkeep\n|turn|30\n|\n|t:|1771251664\n|switch|p2a: two bodies|Tapu Lele|4/100\n|-damage|p2a: two bodies|0 fnt|[from] Stealth Rock\n|faint|p2a: two bodies\n|move|p1a: Latios|Luster Purge|p2: two bodies|[notarget]\n|-fail|p1a: Latios\n|\n|upkeep\n|\n|t:|1771251666\n|switch|p2a: samthesambaman|Urshifu-Rapid-Strike, F|88/100\n|-damage|p2a: samthesambaman|82/100|[from] Stealth Rock\n|turn|31\n|l|☆xiiayu\n|inactive|xiiayu disconnected and has a minute to reconnect!\n|player|p2|\n|inactive|xiiayu has 30 seconds to reconnect!\n|inactive|xiiayu has 20 seconds to reconnect!\n|inactive|xiiayu has 15 seconds to reconnect!\n|inactive|xiiayu has 10 seconds to reconnect!\n|inactive|xiiayu has 5 seconds to reconnect!\n|-message|xiiayu lost due to inactivity.\n|\n|win|hzozv\n|raw|hzozv's rating: 1617 &rarr; <strong>1633</strong><br />(+16 for winning)\n|raw|xiiayu's rating: 1555 &rarr; <strong>1539</strong><br />(-16 for losing)\n|l|☆hzozv\n|player|p1|\n", "uploadtime": 1771251890, "views": 4, "formatid": "gen9nationaldex", "rating": 1539, "private": 0, "password": null}