{"id": "gen9nationaldex-2540450881", "format": "[Gen 9] National Dex", "players": ["CharlesSilverstein", "Cerberus 17"], "log": "|j|☆CharlesSilverstein\n|j|☆Cerberus 17\n|t:|1771203606\n|gametype|singles\n|player|p1|CharlesSilverstein|2|1686\n|player|p2|Cerberus 17|cynthia-gen4|1687\n|gen|9\n|tier|[Gen 9] National Dex\n|rated|\n|rule|HP Percentage Mod: HP is shown in percentages\n|rule|Endless Battle Clause: Forcing endless battles is banned\n|rule|Species Clause: Limit one of each Pokémon\n|rule|OHKO Clause: OHKO moves are banned\n|rule|Evasion Clause: Evasion abilities, items, and moves are banned\n|rule|Evasion Abilities Clause: Evasion abilities are banned\n|rule|Evasion Items Clause: Evasion items are banned\n|rule|Evasion Moves Clause: Evasion moves are banned\n|rule|Sleep Clause Mod: Limit one foe put to sleep\n|rule|Terastal Clause: You cannot Terastallize\n|clearpoke\n|poke|p1|Weavile, M|\n|poke|p1|Ogerpon-Wellspring, F|\n|poke|p1|Moltres|\n|poke|p1|Landorus-Therian, M|\n|poke|p1|Tapu Koko|\n|poke|p1|Hatterene, F|\n|poke|p2|Tyranitar, M|\n|poke|p2|Kartana|\n|poke|p2|Diancie|\n|poke|p2|Excadrill, M|\n|poke|p2|Sinistcha-Masterpiece|\n|poke|p2|Kommo-o, M|\n|teampreview\n|inactive|Battle timer is ON: inactive players will automatically lose when time's up. (requested by Cerberus 17)\n|\n|t:|1771203621\n|teamsize|p1|6\n|teamsize|p2|6\n|start\n|switch|p1a: Ogerpon|Ogerpon-Wellspring, F|100/100\n|switch|p2a: Tyranitar|Tyranitar, M|100/100\n|-weather|Sandstorm|[from] ability: Sand Stream|[of] p2a: Tyranitar\n|turn|1\n|\n|t:|1771203631\n|switch|p1a: Weavile|Weavile, M, shiny|100/100\n|-ability|p1a: Weavile|Pressure\n|switch|p2a: Sinistcha|Sinistcha-Masterpiece|100/100\n|\n|-weather|Sandstorm|[upkeep]\n|-damage|p1a: Weavile|94/100|[from] Sandstorm\n|-damage|p2a: Sinistcha|94/100|[from] Sandstorm\n|-heal|p2a: Sinistcha|100/100|[from] item: Leftovers\n|upkeep\n|turn|2\n|\n|t:|1771203659\n|move|p1a: Weavile|Triple Axel|p2a: Sinistcha|[miss]\n|-miss|p1a: Weavile|p2a: Sinistcha\n|move|p2a: Sinistcha|Strength Sap|p1a: Weavile\n|-unboost|p1a: Weavile|atk|1\n|\n|-weather|Sandstorm|[upkeep]\n|-damage|p1a: Weavile|88/100|[from] Sandstorm\n|-damage|p2a: Sinistcha|94/100|[from] Sandstorm\n|-heal|p2a: Sinistcha|100/100|[from] item: Leftovers\n|upkeep\n|turn|3\n|\n|t:|1771203674\n|switch|p1a: Moltres|Moltres|100/100\n|move|p2a: Sinistcha|Matcha Gotcha|p1a: Moltres\n|-resisted|p1a: Moltres\n|-damage|p1a: Moltres|94/100\n|\n|-weather|Sandstorm|[upkeep]\n|-damage|p1a: Moltres|88/100|[from] Sandstorm\n|-damage|p2a: Sinistcha|94/100|[from] Sandstorm\n|-heal|p2a: Sinistcha|100/100|[from] item: Leftovers\n|upkeep\n|turn|4\n|\n|t:|1771203678\n|switch|p2a: Diancie|Diancie|100/100\n|move|p1a: Moltres|Mystical Fire|p2a: Diancie\n|-resisted|p2a: Diancie\n|-damage|p2a: Diancie|90/100\n|\n|-weather|Sandstorm|[upkeep]\n|-damage|p1a: Moltres|82/100|[from] Sandstorm\n|upkeep\n|turn|5\n|\n|t:|1771203687\n|switch|p1a: Landorus|Landorus-Therian, M|100/100\n|-ability|p1a: Landorus|Intimidate|boost\n|-fail|p2a: Diancie|unboost|[from] ability: Clear Body|[of] p2a: Diancie\n|move|p2a: Diancie|Stealth Rock|p1a: Landorus\n|-sidestart|p1: CharlesSilverstein|move: Stealth Rock\n|\n|-weather|Sandstorm|[upkeep]\n|upkeep\n|turn|6\n|\n|t:|1771203693\n|switch|p2a: Sinistcha|Sinistcha-Masterpiece|100/100\n|move|p1a: Landorus|Earth Power|p2a: Sinistcha\n|-resisted|p2a: Sinistcha\n|-damage|p2a: Sinistcha|82/100\n|\n|-weather|Sandstorm|[upkeep]\n|-damage|p2a: Sinistcha|76/100|[from] Sandstorm\n|-heal|p2a: Sinistcha|82/100|[from] item: Leftovers\n|upkeep\n|turn|7\n|\n|t:|1771203699\n|move|p1a: Landorus|U-turn|p2a: Sinistcha\n|-damage|p2a: Sinistcha|67/100\n|\n|t:|1771203701\n|switch|p1a: Moltres|Moltres|82/100|[from] U-turn\n|move|p2a: Sinistcha|Scald|p1a: Moltres\n|-supereffective|p1a: Moltres\n|-damage|p1a: Moltres|48/100\n|\n|-weather|Sandstorm|[upkeep]\n|-damage|p1a: Moltres|42/100|[from] Sandstorm\n|-damage|p2a: Sinistcha|61/100|[from] Sandstorm\n|-heal|p2a: Sinistcha|67/100|[from] item: Leftovers\n|upkeep\n|turn|8\n|\n|t:|1771203709\n|switch|p2a: Diancie|Diancie|90/100\n|move|p1a: Moltres|Defog|p2a: Diancie\n|-fail|p2a: Diancie|unboost|[from] ability: Clear Body|[of] p2a: Diancie\n|-sideend|p1: CharlesSilverstein|Stealth Rock|[from] move: Defog|[of] p1a: Moltres\n|\n|-weather|none\n|upkeep\n|turn|9\n|\n|t:|1771203724\n|switch|p1a: Ogerpon|Ogerpon-Wellspring, F|100/100\n|detailschange|p2a: Diancie|Diancie-Mega\n|-mega|p2a: Diancie|Diancie|Diancite\n|move|p2a: Diancie|Moonblast|p1a: Ogerpon\n|-damage|p1a: Ogerpon|35/100\n|-unboost|p1a: Ogerpon|spa|1\n|\n|upkeep\n|turn|10\n|\n|t:|1771203733\n|switch|p2a: Sinistcha|Sinistcha-Masterpiece|67/100\n|move|p1a: Ogerpon|Ivy Cudgel|p2a: Sinistcha|[anim] Ivy Cudgel Water\n|-resisted|p2a: Sinistcha\n|-damage|p2a: Sinistcha|48/100\n|\n|-heal|p2a: Sinistcha|54/100|[from] item: Leftovers\n|upkeep\n|turn|11\n|\n|t:|1771203739\n|move|p1a: Ogerpon|Taunt|p2a: Sinistcha\n|-start|p2a: Sinistcha|move: Taunt\n|cant|p2a: Sinistcha|move: Taunt|Strength Sap\n|\n|-heal|p2a: Sinistcha|60/100|[from] item: Leftovers\n|upkeep\n|turn|12\n|\n|t:|1771203750\n|switch|p1a: Hatterene|Hatterene, F|100/100\n|move|p2a: Sinistcha|Matcha Gotcha|p1a: Hatterene\n|-damage|p1a: Hatterene|65/100\n|-heal|p2a: Sinistcha|76/100|[from] drain|[of] p1a: Hatterene\n|\n|-heal|p2a: Sinistcha|82/100|[from] item: Leftovers\n|upkeep\n|turn|13\n|\n|t:|1771203764\n|switch|p2a: Tyranitar|Tyranitar, M|100/100\n|-weather|Sandstorm|[from] ability: Sand Stream|[of] p2a: Tyranitar\n|move|p1a: Hatterene|Psychic Noise|p2a: Tyranitar\n|-immune|p2a: Tyranitar\n|\n|-weather|Sandstorm|[upkeep]\n|-damage|p1a: Hatterene|59/100|[from] Sandstorm\n|upkeep\n|turn|14\n|\n|t:|1771203770\n|switch|p1a: Landorus|Landorus-Therian, M|100/100\n|-ability|p1a: Landorus|Intimidate|boost\n|-unboost|p2a: Tyranitar|atk|1\n|move|p2a: Tyranitar|Knock Off|p1a: Landorus\n|-damage|p1a: Landorus|63/100\n|-damage|p2a: Tyranitar|84/100|[from] item: Rocky Helmet|[of] p1a: Landorus\n|-enditem|p1a: Landorus|Rocky Helmet|[from] move: Knock Off|[of] p2a: Tyranitar\n|\n|-weather|Sandstorm|[upkeep]\n|upkeep\n|turn|15\n|\n|t:|1771203777\n|move|p1a: Landorus|U-turn|p2a: Tyranitar\n|-supereffective|p2a: Tyranitar\n|-damage|p2a: Tyranitar|51/100\n|\n|t:|1771203783\n|switch|p1a: Hatterene|Hatterene, F|59/100|[from] U-turn\n|move|p2a: Tyranitar|Avalanche|p1a: Hatterene\n|-damage|p1a: Hatterene|45/100\n|-damage|p2a: Tyranitar|35/100|[from] item: Rocky Helmet|[of] p1a: Hatterene\n|\n|-weather|Sandstorm|[upkeep]\n|-damage|p1a: Hatterene|39/100|[from] Sandstorm\n|upkeep\n|turn|16\n|\n|t:|1771203791\n|switch|p1a: Landorus|Landorus-Therian, M|63/100\n|-ability|p1a: Landorus|Intimidate|boost\n|-unboost|p2a: Tyranitar|atk|1\n|move|p2a: Tyranitar|Knock Off|p1a: Landorus\n|-damage|p1a: Landorus|44/100\n|\n|-weather|Sandstorm|[upkeep]\n|upkeep\n|turn|17\n|\n|t:|1771203797\n|switch|p2a: Sinistcha|Sinistcha-Masterpiece|82/100\n|move|p1a: Landorus|U-turn|p2a: Sinistcha\n|-damage|p2a: Sinistcha|68/100\n|\n|t:|1771203799\n|switch|p1a: Weavile|Weavile, M, shiny|88/100|[from] U-turn\n|-ability|p1a: Weavile|Pressure\n|\n|-weather|Sandstorm|[upkeep]\n|-damage|p1a: Weavile|82/100|[from] Sandstorm\n|-damage|p2a: Sinistcha|62/100|[from] Sandstorm\n|-heal|p2a: Sinistcha|68/100|[from] item: Leftovers\n|upkeep\n|turn|18\n|\n|t:|1771203812\n|move|p1a: Weavile|Triple Axel|p2a: Sinistcha\n|-supereffective|p2a: Sinistcha\n|-damage|p2a: Sinistcha|55/100\n|-supereffective|p2a: Sinistcha\n|-damage|p2a: Sinistcha|25/100\n|-supereffective|p2a: Sinistcha\n|-damage|p2a: Sinistcha|0 fnt\n|faint|p2a: Sinistcha\n|-hitcount|p2: Sinistcha|3\n|\n|-weather|Sandstorm|[upkeep]\n|-damage|p1a: Weavile|76/100|[from] Sandstorm\n|upkeep\n|\n|t:|1771203818\n|switch|p2a: Diancie|Diancie-Mega|90/100\n|turn|19\n|\n|t:|1771203843\n|move|p1a: Weavile|Triple Axel|p2a: Diancie\n|-damage|p2a: Diancie|75/100\n|-damage|p2a: Diancie|50/100\n|-hitcount|p2a: Diancie|2\n|move|p2a: Diancie|Moonblast|p1a: Weavile\n|-supereffective|p1a: Weavile\n|-damage|p1a: Weavile|0 fnt\n|faint|p1a: Weavile\n|\n|-weather|Sandstorm|[upkeep]\n|upkeep\n|\n|t:|1771203854\n|switch|p1a: Tapu Koko|Tapu Koko|100/100\n|-fieldstart|move: Electric Terrain|[from] ability: Electric Surge|[of] p1a: Tapu Koko\n|turn|20\n|\n|t:|1771203864\n|switch|p2a: Excadrill|Excadrill, M|100/100\n|move|p1a: Tapu Koko|U-turn|p2a: Excadrill\n|-resisted|p2a: Excadrill\n|-damage|p2a: Excadrill|88/100\n|\n|t:|1771203870\n|switch|p1a: Landorus|Landorus-Therian, M|44/100|[from] U-turn\n|-ability|p1a: Landorus|Intimidate|boost\n|-unboost|p2a: Excadrill|atk|1\n|\n|-weather|none\n|upkeep\n|turn|21\n|\n|t:|1771203877\n|switch|p2a: Tyranitar|Tyranitar, M|35/100\n|-weather|Sandstorm|[from] ability: Sand Stream|[of] p2a: Tyranitar\n|move|p1a: Landorus|Earth Power|p2a: Tyranitar\n|-supereffective|p2a: Tyranitar\n|-damage|p2a: Tyranitar|0 fnt\n|faint|p2a: Tyranitar\n|\n|-weather|Sandstorm|[upkeep]\n|upkeep\n|\n|t:|1771203883\n|switch|p2a: Diancie|Diancie-Mega|50/100\n|turn|22\n|\n|t:|1771203895\n|switch|p1a: Hatterene|Hatterene, F|39/100\n|move|p2a: Diancie|Moonblast|p1a: Hatterene\n|-damage|p1a: Hatterene|0 fnt\n|faint|p1a: Hatterene\n|\n|-weather|Sandstorm|[upkeep]\n|upkeep\n|\n|t:|1771203900\n|switch|p1a: Tapu Koko|Tapu Koko|100/100\n|turn|23\n|inactive|CharlesSilverstein has 120 seconds left.\n|\n|t:|1771203932\n|move|p1a: Tapu Koko|Thunderbolt|p2a: Diancie\n|-crit|p2a: Diancie\n|-damage|p2a: Diancie|0 fnt\n|faint|p2a: Diancie\n|detailschange|p2: Diancie|Diancie|[silent]\n|\n|-weather|Sandstorm|[upkeep]\n|-damage|p1a: Tapu Koko|94/100|[from] Sandstorm\n|upkeep\n|\n|t:|1771203937\n|switch|p2a: Excadrill|Excadrill, M|88/100\n|turn|24\n|\n|t:|1771203952\n|switch|p1a: Landorus|Landorus-Therian, M|44/100\n|-ability|p1a: Landorus|Intimidate|boost\n|-unboost|p2a: Excadrill|atk|1\n|move|p2a: Excadrill|Rock Slide|p1a: Landorus\n|-damage|p1a: Landorus|19/100\n|\n|-weather|Sandstorm|[upkeep]\n|-fieldend|move: Electric Terrain\n|upkeep\n|turn|25\n|\n|t:|1771203958\n|switch|p1a: Ogerpon|Ogerpon-Wellspring, F|35/100\n|move|p2a: Excadrill|Rock Slide|p1a: Ogerpon\n|-damage|p1a: Ogerpon|0 fnt\n|faint|p1a: Ogerpon\n|\n|-weather|Sandstorm|[upkeep]\n|upkeep\n|\n|t:|1771203965\n|switch|p1a: Landorus|Landorus-Therian, M|19/100\n|-ability|p1a: Landorus|Intimidate|boost\n|-unboost|p2a: Excadrill|atk|1\n|turn|26\n|\n|t:|1771203986\n|switch|p2a: Kartana|Kartana|100/100\n|move|p1a: Landorus|Earth Power|p2a: Kartana\n|-damage|p2a: Kartana|6/100\n|\n|-weather|Sandstorm|[upkeep]\n|upkeep\n|turn|27\n|\n|t:|1771203992\n|switch|p1a: Moltres|Moltres|42/100\n|move|p2a: Kartana|Knock Off|p1a: Moltres\n|-damage|p1a: Moltres|1/100\n|-status|p2a: Kartana|brn|[from] ability: Flame Body|[of] p1a: Moltres\n|-enditem|p1a: Moltres|Heavy-Duty Boots|[from] move: Knock Off|[of] p2a: Kartana\n|\n|-weather|Sandstorm|[upkeep]\n|-damage|p1a: Moltres|0 fnt|[from] Sandstorm\n|faint|p1a: Moltres\n|-damage|p2a: Kartana|0 fnt|[from] brn\n|faint|p2a: Kartana\n|upkeep\n|inactive|Cerberus 17 has 120 seconds left.\n|\n|t:|1771204033\n|switch|p2a: Excadrill|Excadrill, M|88/100\n|switch|p1a: Tapu Koko|Tapu Koko|94/100\n|-fieldstart|move: Electric Terrain|[from] ability: Electric Surge|[of] p1a: Tapu Koko\n|turn|28\n|\n|t:|1771204039\n|switch|p1a: Landorus|Landorus-Therian, M|19/100\n|-ability|p1a: Landorus|Intimidate|boost\n|-unboost|p2a: Excadrill|atk|1\n|move|p2a: Excadrill|Iron Head|p1a: Landorus\n|-damage|p1a: Landorus|0 fnt\n|faint|p1a: Landorus\n|\n|-weather|none\n|upkeep\n|\n|t:|1771204044\n|switch|p1a: Tapu Koko|Tapu Koko|94/100\n|turn|29\n|\n|t:|1771204048\n|switch|p2a: Kommo-o|Kommo-o, M|100/100\n|move|p1a: Tapu Koko|Dazzling Gleam|p2a: Kommo-o\n|-supereffective|p2a: Kommo-o\n|-damage|p2a: Kommo-o|0 fnt\n|faint|p2a: Kommo-o\n|\n|upkeep\n|\n|t:|1771204050\n|switch|p2a: Excadrill|Excadrill, M|88/100\n|turn|30\n|\n|t:|1771204052\n|move|p1a: Tapu Koko|Dazzling Gleam|p2a: Excadrill\n|-resisted|p2a: Excadrill\n|-damage|p2a: Excadrill|64/100\n|move|p2a: Excadrill|Earthquake|p1a: Tapu Koko\n|-supereffective|p1a: Tapu Koko\n|-damage|p1a: Tapu Koko|0 fnt\n|faint|p1a: Tapu Koko\n|\n|win|Cerberus 17\n|raw|CharlesSilverstein's rating: 1686 &rarr; <strong>1666</strong><br />(-20 for losing)\n|raw|Cerberus 17's rating: 1687 &rarr; <strong>1707</strong><br />(+20 for winning)\n|l|☆Cerberus 17\n|player|p2|\n|l|☆CharlesSilverstein\n|player|p1|\n", "uploadtime": 1771204290, "views": 6, "formatid": "gen9nationaldex", "rating": 1666, "private": 0, "password": null}