{"id": "gen9nationaldex-2540492445", "format": "[Gen 9] National Dex", "players": ["dupr0", "shixuan云中"], "log": "|j|☆dupr0\n|j|☆shixuan云中\n|t:|1771208796\n|gametype|singles\n|player|p1|dupr0|marnie|1544\n|player|p2|shixuan云中|101|1669\n|gen|9\n|tier|[Gen 9] National Dex\n|rated|\n|rule|HP Percentage Mod: HP is shown in percentages\n|rule|Endless Battle Clause: Forcing endless battles is banned\n|rule|Species Clause: Limit one of each Pokémon\n|rule|OHKO Clause: OHKO moves are banned\n|rule|Evasion Clause: Evasion abilities, items, and moves are banned\n|rule|Evasion Abilities Clause: Evasion abilities are banned\n|rule|Evasion Items Clause: Evasion items are banned\n|rule|Evasion Moves Clause: Evasion moves are banned\n|rule|Sleep Clause Mod: Limit one foe put to sleep\n|rule|Terastal Clause: You cannot Terastallize\n|clearpoke\n|poke|p1|Gholdengo|\n|poke|p1|Garchomp, M|\n|poke|p1|Latios, M|\n|poke|p1|Alomomola, F|\n|poke|p1|Diancie|\n|poke|p1|Lokix, F|\n|poke|p2|Diancie|\n|poke|p2|Raging Bolt|\n|poke|p2|Landorus-Therian, M|\n|poke|p2|Ogerpon-Wellspring, F|\n|poke|p2|Iron Crown|\n|poke|p2|Sealeo, F|\n|teampreview\n|inactive|Battle timer is ON: inactive players will automatically lose when time's up. (requested by dupr0)\n|\n|t:|1771208814\n|teamsize|p1|6\n|teamsize|p2|6\n|start\n|switch|p1a: Garchomp|Garchomp, M|100/100\n|switch|p2a: Ogerpon|Ogerpon-Wellspring, F|100/100\n|turn|1\n|\n|t:|1771208818\n|move|p2a: Ogerpon|Ivy Cudgel|p1a: Garchomp|[anim] Ivy Cudgel Water\n|-damage|p1a: Garchomp|47/100\n|move|p1a: Garchomp|Spikes|p2a: Ogerpon\n|-sidestart|p2: shixuan云中|Spikes\n|\n|upkeep\n|turn|2\n|\n|t:|1771208826\n|switch|p1a: Latios|Latios, M|100/100\n|move|p2a: Ogerpon|Ivy Cudgel|p1a: Latios|[anim] Ivy Cudgel Water\n|-resisted|p1a: Latios\n|-damage|p1a: Latios|64/100\n|\n|upkeep\n|turn|3\n|\n|t:|1771208833\n|switch|p2a: Diancie|Diancie|100/100\n|-damage|p2a: Diancie|88/100|[from] Spikes\n|move|p1a: Latios|Mystical Fire|p2a: Diancie\n|-resisted|p2a: Diancie\n|-damage|p2a: Diancie|75/100\n|\n|upkeep\n|turn|4\n|\n|t:|1771208846\n|switch|p1a: Diancie|Diancie|100/100\n|detailschange|p2a: Diancie|Diancie-Mega\n|-mega|p2a: Diancie|Diancie|Diancite\n|move|p2a: Diancie|Moonblast|p1a: Diancie\n|-damage|p1a: Diancie|50/100\n|\n|upkeep\n|turn|5\n|\n|t:|1771208852\n|detailschange|p1a: Diancie|Diancie-Mega\n|-mega|p1a: Diancie|Diancie|Diancite\n|move|p2a: Diancie|Earth Power|p1a: Diancie\n|-supereffective|p1a: Diancie\n|-damage|p1a: Diancie|0 fnt\n|faint|p1a: Diancie\n|detailschange|p1: Diancie|Diancie|[silent]\n|\n|upkeep\n|\n|t:|1771208860\n|switch|p1a: Alomomola|Alomomola, F|100/100\n|turn|6\n|\n|t:|1771208863\n|move|p2a: Diancie|Moonblast|p1a: Alomomola\n|-damage|p1a: Alomomola|52/100\n|-unboost|p1a: Alomomola|spa|1\n|move|p1a: Alomomola|Flip Turn|p2a: Diancie\n|-supereffective|p2a: Diancie\n|-crit|p2a: Diancie\n|-damage|p2a: Diancie|0 fnt\n|faint|p2a: Diancie\n|detailschange|p2: Diancie|Diancie|[silent]\n|\n|t:|1771208868\n|switch|p1a: Lokix|Lokix, F|100/100|[from] Flip Turn\n|\n|upkeep\n|\n|t:|1771208872\n|switch|p2a: Landorus|Landorus-Therian, M|100/100\n|-ability|p2a: Landorus|Intimidate|boost\n|-unboost|p1a: Lokix|atk|1\n|turn|7\n|\n|t:|1771208882\n|move|p1a: Lokix|U-turn|p2a: Landorus\n|-resisted|p2a: Landorus\n|-damage|p2a: Landorus|78/100\n|-damage|p1a: Lokix|84/100|[from] item: Rocky Helmet|[of] p2a: Landorus\n|\n|t:|1771208885\n|switch|p1a: Garchomp|Garchomp, M|47/100|[from] U-turn\n|move|p2a: Landorus|Defog|p1a: Garchomp\n|-unboost|p1a: Garchomp|evasion|1\n|-sideend|p2: shixuan云中|Spikes|[from] move: Defog|[of] p2a: Landorus\n|\n|upkeep\n|turn|8\n|\n|t:|1771208889\n|move|p1a: Garchomp|Toxic|p2a: Landorus\n|-status|p2a: Landorus|tox\n|move|p2a: Landorus|Earthquake|p1a: Garchomp\n|-damage|p1a: Garchomp|1/100\n|\n|-damage|p2a: Landorus|72/100 tox|[from] psn\n|upkeep\n|turn|9\n|\n|t:|1771208894\n|move|p1a: Garchomp|Spikes|p2a: Landorus\n|-sidestart|p2: shixuan云中|Spikes\n|move|p2a: Landorus|Earthquake|p1a: Garchomp\n|-damage|p1a: Garchomp|0 fnt\n|faint|p1a: Garchomp\n|\n|-damage|p2a: Landorus|60/100 tox|[from] psn\n|upkeep\n|\n|t:|1771208900\n|switch|p1a: Latios|Latios, M|64/100\n|turn|10\n|\n|t:|1771208902\n|move|p1a: Latios|Luster Purge|p2a: Landorus\n|-damage|p2a: Landorus|9/100 tox\n|move|p2a: Landorus|Defog|p1a: Latios\n|-unboost|p1a: Latios|evasion|1\n|-sideend|p2: shixuan云中|Spikes|[from] move: Defog|[of] p2a: Landorus\n|\n|-damage|p2a: Landorus|0 fnt|[from] psn\n|faint|p2a: Landorus\n|upkeep\n|\n|t:|1771208910\n|switch|p2a: Iron Crown|Iron Crown|100/100\n|-enditem|p2a: Iron Crown|Booster Energy\n|-activate|p2a: Iron Crown|ability: Quark Drive|[fromitem]\n|-start|p2a: Iron Crown|quarkdrivespe\n|turn|11\n|\n|t:|1771208914\n|move|p2a: Iron Crown|Tachyon Cutter|p1a: Latios\n|-damage|p1a: Latios|39/100\n|-damage|p1a: Latios|14/100\n|-hitcount|p1a: Latios|2\n|move|p1a: Latios|Mystical Fire|p2a: Iron Crown\n|-supereffective|p2a: Iron Crown\n|-damage|p2a: Iron Crown|46/100\n|-unboost|p2a: Iron Crown|spa|1\n|\n|upkeep\n|turn|12\n|\n|t:|1771208918\n|switch|p1a: Gholdengo|Gholdengo|100/100\n|move|p2a: Iron Crown|Tachyon Cutter|p1a: Gholdengo\n|-resisted|p1a: Gholdengo\n|-damage|p1a: Gholdengo|93/100\n|-resisted|p1a: Gholdengo\n|-damage|p1a: Gholdengo|86/100\n|-hitcount|p1a: Gholdengo|2\n|\n|upkeep\n|turn|13\n|\n|t:|1771208924\n|-end|p2a: Iron Crown|Quark Drive|[silent]\n|switch|p2a: Ogerpon|Ogerpon-Wellspring, F|100/100\n|switch|p1a: Alomomola|Alomomola, F|85/100\n|\n|upkeep\n|turn|14\n|\n|t:|1771208927\n|move|p2a: Ogerpon|Taunt|p1a: Alomomola\n|-start|p1a: Alomomola|move: Taunt\n|cant|p1a: Alomomola|move: Taunt|Toxic\n|\n|upkeep\n|turn|15\n|\n|t:|1771208936\n|switch|p2a: 突击检查：我叫什么名字😋|Sealeo, F|100/100\n|switch|p1a: Latios|Latios, M|14/100\n|\n|upkeep\n|turn|16\n|\n|t:|1771208942\n|move|p1a: Latios|Roost|p1a: Latios\n|-heal|p1a: Latios|64/100\n|-singleturn|p1a: Latios|move: Roost\n|move|p2a: 突击检查：我叫什么名字😋|Icicle Spear|p1a: Latios\n|-supereffective|p1a: Latios\n|-damage|p1a: Latios|45/100\n|-supereffective|p1a: Latios\n|-damage|p1a: Latios|27/100\n|-supereffective|p1a: Latios\n|-damage|p1a: Latios|6/100\n|-hitcount|p1a: Latios|3\n|\n|upkeep\n|turn|17\n|\n|t:|1771208952\n|switch|p1a: Gholdengo|Gholdengo|86/100\n|move|p2a: 突击检查：我叫什么名字😋|Yawn|p1a: Gholdengo\n|-immune|p1a: Gholdengo|[from] ability: Good as Gold\n|\n|upkeep\n|turn|18\n|\n|t:|1771208957\n|switch|p2a: Iron Crown|Iron Crown|46/100\n|move|p1a: Gholdengo|Hex|p2a: Iron Crown\n|-supereffective|p2a: Iron Crown\n|-damage|p2a: Iron Crown|0 fnt\n|faint|p2a: Iron Crown\n|-end|p2a: Iron Crown|Quark Drive|[silent]\n|\n|upkeep\n|\n|t:|1771208959\n|switch|p2a: Raging Bolt|Raging Bolt|100/100\n|turn|19\n|\n|t:|1771208966\n|-zpower|p1a: Gholdengo\n|move|p1a: Gholdengo|Never-Ending Nightmare|p2a: Raging Bolt|[zeffect]\n|-damage|p2a: Raging Bolt|37/100\n|move|p2a: Raging Bolt|Volt Switch|p1a: Gholdengo\n|-damage|p1a: Gholdengo|49/100\n|\n|t:|1771208972\n|-end|p2a: Raging Bolt|Protosynthesis|[silent]\n|switch|p2a: Ogerpon|Ogerpon-Wellspring, F|100/100|[from] Volt Switch\n|\n|upkeep\n|turn|20\n|\n|t:|1771208976\n|move|p2a: Ogerpon|Ivy Cudgel|p1a: Gholdengo|[anim] Ivy Cudgel Water\n|-damage|p1a: Gholdengo|6/100\n|move|p1a: Gholdengo|Recover|p1a: Gholdengo\n|-heal|p1a: Gholdengo|56/100\n|\n|upkeep\n|turn|21\n|\n|t:|1771208983\n|switch|p1a: Latios|Latios, M|6/100\n|move|p2a: Ogerpon|Swords Dance|p2a: Ogerpon\n|-boost|p2a: Ogerpon|atk|2\n|\n|upkeep\n|turn|22\n|\n|t:|1771208986\n|move|p2a: Ogerpon|Ivy Cudgel|p1a: Latios|[anim] Ivy Cudgel Water\n|-resisted|p1a: Latios\n|-damage|p1a: Latios|0 fnt\n|faint|p1a: Latios\n|\n|upkeep\n|\n|t:|1771208987\n|switch|p1a: Lokix|Lokix, F|84/100\n|turn|23\n|\n|t:|1771208991\n|switch|p2a: Raging Bolt|Raging Bolt|37/100\n|move|p1a: Lokix|First Impression|p2a: Raging Bolt\n|-damage|p2a: Raging Bolt|2/100\n|\n|upkeep\n|turn|24\n|\n|t:|1771208995\n|move|p1a: Lokix|Sucker Punch|p2a: Raging Bolt\n|-damage|p2a: Raging Bolt|0 fnt\n|faint|p2a: Raging Bolt\n|-end|p2a: Raging Bolt|Protosynthesis|[silent]\n|\n|upkeep\n|\n|t:|1771208997\n|switch|p2a: 突击检查：我叫什么名字😋|Sealeo, F|100/100\n|turn|25\n|\n|t:|1771209000\n|move|p1a: Lokix|Knock Off|p2a: 突击检查：我叫什么名字😋\n|-damage|p2a: 突击检查：我叫什么名字😋|66/100\n|-enditem|p2a: 突击检查：我叫什么名字😋|Eviolite|[from] move: Knock Off|[of] p1a: Lokix\n|move|p2a: 突击检查：我叫什么名字😋|Yawn|p1a: Lokix\n|-start|p1a: Lokix|move: Yawn|[of] p2a: 突击检查：我叫什么名字😋\n|\n|upkeep\n|turn|26\n|\n|t:|1771209004\n|move|p1a: Lokix|U-turn|p2a: 突击检查：我叫什么名字😋\n|-damage|p2a: 突击检查：我叫什么名字😋|33/100\n|\n|t:|1771209008\n|switch|p1a: Gholdengo|Gholdengo|56/100|[from] U-turn\n|move|p2a: 突击检查：我叫什么名字😋|Belly Drum||[still]\n|-fail|p2a: 突击检查：我叫什么名字😋\n|\n|upkeep\n|turn|27\n|\n|t:|1771209013\n|move|p1a: Gholdengo|Thunder Wave|p2a: 突击检查：我叫什么名字😋\n|-status|p2a: 突击检查：我叫什么名字😋|par\n|cant|p2a: 突击检查：我叫什么名字😋|par\n|\n|upkeep\n|turn|28\n|\n|t:|1771209016\n|move|p1a: Gholdengo|Recover|p1a: Gholdengo\n|-heal|p1a: Gholdengo|100/100\n|cant|p2a: 突击检查：我叫什么名字😋|par\n|\n|upkeep\n|turn|29\n|\n|t:|1771209018\n|move|p1a: Gholdengo|Hex|p2a: 突击检查：我叫什么名字😋\n|-damage|p2a: 突击检查：我叫什么名字😋|0 fnt\n|faint|p2a: 突击检查：我叫什么名字😋\n|\n|upkeep\n|\n|t:|1771209020\n|switch|p2a: Ogerpon|Ogerpon-Wellspring, F|100/100\n|turn|30\n|\n|t:|1771209022\n|move|p2a: Ogerpon|Ivy Cudgel|p1a: Gholdengo|[anim] Ivy Cudgel Water\n|-damage|p1a: Gholdengo|56/100\n|move|p1a: Gholdengo|Thunder Wave|p2a: Ogerpon|[miss]\n|-miss|p1a: Gholdengo|p2a: Ogerpon\n|\n|upkeep\n|turn|31\n|-message|shixuan云中 forfeited.\n|\n|win|dupr0\n|raw|dupr0's rating: 1544 &rarr; <strong>1571</strong><br />(+27 for winning)\n|raw|shixuan云中's rating: 1669 &rarr; <strong>1642</strong><br />(-27 for losing)\n|l|☆shixuan云中\n|player|p2|\n|l|☆dupr0\n|player|p1|\n", "uploadtime": 1771209156, "views": 7, "formatid": "gen9nationaldex", "rating": 1571, "private": 0, "password": null}