{"id": "gen9nationaldex-2540541117", "format": "[Gen 9] National Dex", "players": ["Az4k4", "darretyle"], "log": "|j|☆Az4k4\n|j|☆darretyle\n|t:|1771215249\n|gametype|singles\n|player|p1|Az4k4|n|1701\n|player|p2|darretyle|bugcatcher-gen4dp|1657\n|gen|9\n|tier|[Gen 9] National Dex\n|rated|\n|rule|HP Percentage Mod: HP is shown in percentages\n|rule|Endless Battle Clause: Forcing endless battles is banned\n|rule|Species Clause: Limit one of each Pokémon\n|rule|OHKO Clause: OHKO moves are banned\n|rule|Evasion Clause: Evasion abilities, items, and moves are banned\n|rule|Evasion Abilities Clause: Evasion abilities are banned\n|rule|Evasion Items Clause: Evasion items are banned\n|rule|Evasion Moves Clause: Evasion moves are banned\n|rule|Sleep Clause Mod: Limit one foe put to sleep\n|rule|Terastal Clause: You cannot Terastallize\n|clearpoke\n|poke|p1|Greninja-*, M|\n|poke|p1|Garchomp, F|\n|poke|p1|Corviknight, M|\n|poke|p1|Pecharunt|\n|poke|p1|Diancie|\n|poke|p1|Volcarona, M|\n|poke|p2|Greninja-*, M|\n|poke|p2|Venusaur, F|\n|poke|p2|Dragonite, F|\n|poke|p2|Ting-Lu|\n|poke|p2|Gholdengo|\n|poke|p2|Great Tusk|\n|teampreview\n|\n|t:|1771215259\n|teamsize|p1|6\n|teamsize|p2|6\n|start\n|switch|p1a: Greninja|Greninja, M|100/100\n|switch|p2a: Ting-Lu|Ting-Lu|100/100\n|-ability|p2a: Ting-Lu|Vessel of Ruin\n|turn|1\n|\n|t:|1771215264\n|move|p1a: Greninja|Ice Beam|p2a: Ting-Lu\n|-start|p1a: Greninja|typechange|Ice|[from] ability: Protean\n|-supereffective|p2a: Ting-Lu\n|-damage|p2a: Ting-Lu|54/100\n|move|p2a: Ting-Lu|Stealth Rock|p1a: Greninja\n|-sidestart|p1: Az4k4|move: Stealth Rock\n|\n|-heal|p2a: Ting-Lu|60/100|[from] item: Leftovers\n|upkeep\n|turn|2\n|\n|t:|1771215275\n|switch|p2a: Greninja|Greninja, M|100/100\n|move|p1a: Greninja|Ice Beam|p2a: Greninja\n|-resisted|p2a: Greninja\n|-damage|p2a: Greninja|51/100\n|\n|upkeep\n|turn|3\n|\n|t:|1771215283\n|switch|p1a: Corviknight|Corviknight, M|100/100\n|-damage|p1a: Corviknight|88/100|[from] Stealth Rock\n|-ability|p1a: Corviknight|Pressure\n|move|p2a: Greninja|Hydro Pump|p1a: Corviknight\n|-damage|p1a: Corviknight|43/100\n|\n|upkeep\n|turn|4\n|\n|t:|1771215298\n|move|p2a: Greninja|Hydro Pump|p1a: Corviknight|[miss]\n|-miss|p2a: Greninja|p1a: Corviknight\n|move|p1a: Corviknight|Roost|p1a: Corviknight\n|-heal|p1a: Corviknight|93/100\n|-singleturn|p1a: Corviknight|move: Roost\n|\n|upkeep\n|turn|5\n|inactive|Battle timer is ON: inactive players will automatically lose when time's up. (requested by Az4k4)\n|\n|t:|1771215307\n|move|p2a: Greninja|Hydro Pump|p1a: Corviknight\n|-damage|p1a: Corviknight|53/100\n|move|p1a: Corviknight|U-turn|p2a: Greninja\n|-supereffective|p2a: Greninja\n|-damage|p2a: Greninja|6/100\n|\n|t:|1771215316\n|switch|p1a: Greninja|Greninja, M|100/100|[from] U-turn\n|-damage|p1a: Greninja|88/100|[from] Stealth Rock\n|\n|upkeep\n|turn|6\n|\n|t:|1771215320\n|switch|p2a: Venusaur|Venusaur, F|100/100\n|move|p1a: Greninja|Hydro Pump|p2a: Venusaur|[miss]\n|-start|p1a: Greninja|typechange|Water|[from] ability: Protean\n|-miss|p1a: Greninja|p2a: Venusaur\n|\n|upkeep\n|turn|7\n|\n|t:|1771215331\n|switch|p1a: Corviknight|Corviknight, M|53/100\n|-damage|p1a: Corviknight|41/100|[from] Stealth Rock\n|-ability|p1a: Corviknight|Pressure\n|detailschange|p2a: Venusaur|Venusaur-Mega, F\n|-mega|p2a: Venusaur|Venusaur|Venusaurite\n|move|p2a: Venusaur|Giga Drain|p1a: Corviknight\n|-resisted|p1a: Corviknight\n|-damage|p1a: Corviknight|32/100\n|\n|upkeep\n|turn|8\n|\n|t:|1771215336\n|switch|p2a: Gholdengo|Gholdengo|100/100\n|-item|p2a: Gholdengo|Air Balloon\n|move|p1a: Corviknight|Roost|p1a: Corviknight\n|-heal|p1a: Corviknight|82/100\n|-singleturn|p1a: Corviknight|move: Roost\n|\n|upkeep\n|turn|9\n|\n|t:|1771215339\n|move|p2a: Gholdengo|Thunder Wave|p1a: Corviknight\n|-status|p1a: Corviknight|par\n|cant|p1a: Corviknight|par\n|\n|upkeep\n|turn|10\n|\n|t:|1771215342\n|move|p2a: Gholdengo|Hex|p1a: Corviknight\n|-damage|p1a: Corviknight|32/100 par\n|move|p1a: Corviknight|U-turn|p2a: Gholdengo\n|-resisted|p2a: Gholdengo\n|-damage|p2a: Gholdengo|98/100\n|-enditem|p2a: Gholdengo|Air Balloon\n|\n|t:|1771215344\n|switch|p1a: Garchomp|Garchomp, F|100/100|[from] U-turn\n|-damage|p1a: Garchomp|94/100|[from] Stealth Rock\n|\n|-heal|p1a: Garchomp|100/100|[from] item: Leftovers\n|upkeep\n|turn|11\n|\n|t:|1771215348\n|switch|p2a: Great Tusk|Great Tusk|100/100\n|move|p1a: Garchomp|Stealth Rock|p2a: Great Tusk\n|-sidestart|p2: darretyle|move: Stealth Rock\n|\n|upkeep\n|turn|12\n|\n|t:|1771215353\n|move|p1a: Garchomp|Toxic|p2a: Great Tusk\n|-status|p2a: Great Tusk|tox\n|move|p2a: Great Tusk|Headlong Rush|p1a: Garchomp\n|-damage|p1a: Garchomp|43/100\n|-unboost|p2a: Great Tusk|def|1\n|-unboost|p2a: Great Tusk|spd|1\n|-damage|p2a: Great Tusk|88/100 tox|[from] ability: Rough Skin|[of] p1a: Garchomp\n|\n|-heal|p1a: Garchomp|49/100|[from] item: Leftovers\n|-damage|p2a: Great Tusk|82/100 tox|[from] psn\n|upkeep\n|turn|13\n|\n|t:|1771215357\n|move|p1a: Garchomp|Protect|p1a: Garchomp\n|-singleturn|p1a: Garchomp|Protect\n|move|p2a: Great Tusk|Rapid Spin|p1a: Garchomp\n|-activate|p1a: Garchomp|move: Protect\n|\n|-heal|p1a: Garchomp|55/100|[from] item: Leftovers\n|-damage|p2a: Great Tusk|69/100 tox|[from] psn\n|upkeep\n|turn|14\n|\n|t:|1771215369\n|switch|p1a: Corviknight|Corviknight, M|32/100 par\n|-damage|p1a: Corviknight|19/100 par|[from] Stealth Rock\n|-ability|p1a: Corviknight|Pressure\n|move|p2a: Great Tusk|Rapid Spin|p1a: Corviknight\n|-resisted|p1a: Corviknight\n|-damage|p1a: Corviknight|13/100 par\n|-boost|p2a: Great Tusk|spe|1\n|-damage|p2a: Great Tusk|53/100 tox|[from] item: Rocky Helmet|[of] p1a: Corviknight\n|-sideend|p2: darretyle|Stealth Rock|[from] move: Rapid Spin|[of] p2a: Great Tusk\n|\n|-damage|p2a: Great Tusk|34/100 tox|[from] psn\n|upkeep\n|turn|15\n|\n|t:|1771215374\n|move|p2a: Great Tusk|Ice Spinner|p1a: Corviknight\n|-damage|p1a: Corviknight|0 fnt\n|-damage|p2a: Great Tusk|18/100 tox|[from] item: Rocky Helmet|[of] p1a: Corviknight\n|faint|p1a: Corviknight\n|\n|-damage|p2a: Great Tusk|0 fnt|[from] psn\n|faint|p2a: Great Tusk\n|-end|p2a: Great Tusk|Protosynthesis|[silent]\n|upkeep\n|\n|t:|1771215381\n|switch|p2a: Greninja|Greninja, M|6/100\n|switch|p1a: Greninja|Greninja, M|88/100\n|-damage|p1a: Greninja|76/100|[from] Stealth Rock\n|turn|16\n|\n|t:|1771215385\n|switch|p2a: Venusaur|Venusaur-Mega, F|100/100\n|move|p1a: Greninja|Dark Pulse|p2a: Venusaur\n|-start|p1a: Greninja|typechange|Dark|[from] ability: Protean\n|-damage|p2a: Venusaur|60/100\n|\n|upkeep\n|turn|17\n|\n|t:|1771215390\n|switch|p1a: Volcarona|Volcarona, M|100/100\n|move|p2a: Venusaur|Giga Drain|p1a: Volcarona\n|-resisted|p1a: Volcarona\n|-damage|p1a: Volcarona|92/100\n|-heal|p2a: Venusaur|65/100|[from] drain|[of] p1a: Volcarona\n|\n|upkeep\n|turn|18\n|\n|t:|1771215393\n|move|p1a: Volcarona|Quiver Dance|p1a: Volcarona\n|-boost|p1a: Volcarona|spa|1\n|-boost|p1a: Volcarona|spd|1\n|-boost|p1a: Volcarona|spe|1\n|move|p2a: Venusaur|Sludge Bomb|p1a: Volcarona\n|-damage|p1a: Volcarona|63/100\n|\n|upkeep\n|turn|19\n|\n|t:|1771215400\n|move|p1a: Volcarona|Quiver Dance|p1a: Volcarona\n|-boost|p1a: Volcarona|spa|1\n|-boost|p1a: Volcarona|spd|1\n|-boost|p1a: Volcarona|spe|1\n|move|p2a: Venusaur|Sludge Bomb|p1a: Volcarona\n|-damage|p1a: Volcarona|44/100\n|-status|p1a: Volcarona|psn\n|\n|-damage|p1a: Volcarona|32/100 psn|[from] psn\n|upkeep\n|turn|20\n|\n|t:|1771215402\n|move|p1a: Volcarona|Roost|p1a: Volcarona\n|-heal|p1a: Volcarona|82/100 psn\n|-singleturn|p1a: Volcarona|move: Roost\n|move|p2a: Venusaur|Sludge Bomb|p1a: Volcarona\n|-damage|p1a: Volcarona|62/100 psn\n|\n|-damage|p1a: Volcarona|49/100 psn|[from] psn\n|upkeep\n|turn|21\n|\n|t:|1771215405\n|move|p1a: Volcarona|Flamethrower|p2a: Venusaur\n|-supereffective|p2a: Venusaur\n|-damage|p2a: Venusaur|0 fnt\n|faint|p2a: Venusaur\n|detailschange|p2: Venusaur|Venusaur, F|[silent]\n|\n|-damage|p1a: Volcarona|37/100 psn|[from] psn\n|upkeep\n|\n|t:|1771215411\n|switch|p2a: Dragonite|Dragonite, F|100/100\n|turn|22\n|\n|t:|1771215415\n|move|p1a: Volcarona|Flamethrower|p2a: Dragonite\n|-resisted|p2a: Dragonite\n|-damage|p2a: Dragonite|84/100\n|move|p2a: Dragonite|Dragon Tail|p1a: Volcarona\n|-damage|p1a: Volcarona|6/100 psn\n|-status|p2a: Dragonite|brn|[from] ability: Flame Body|[of] p1a: Volcarona\n|drag|p1a: Garchomp|Garchomp, F|55/100\n|-damage|p1a: Garchomp|49/100|[from] Stealth Rock\n|\n|-heal|p1a: Garchomp|55/100|[from] item: Leftovers\n|-damage|p2a: Dragonite|78/100 brn|[from] brn\n|upkeep\n|turn|23\n|\n|t:|1771215421\n|switch|p2a: Greninja|Greninja, M|6/100\n|move|p1a: Garchomp|Stealth Rock|p2a: Greninja\n|-sidestart|p2: darretyle|move: Stealth Rock\n|\n|-heal|p1a: Garchomp|62/100|[from] item: Leftovers\n|upkeep\n|turn|24\n|\n|t:|1771215426\n|move|p1a: Garchomp|Protect|p1a: Garchomp\n|-singleturn|p1a: Garchomp|Protect\n|-zpower|p2a: Greninja\n|move|p2a: Greninja|Hydro Vortex|p1a: Garchomp|[zeffect]\n|-zbroken|p1a: Garchomp\n|-damage|p1a: Garchomp|48/100\n|\n|-heal|p1a: Garchomp|54/100|[from] item: Leftovers\n|upkeep\n|turn|25\n|\n|t:|1771215434\n|switch|p1a: Volcarona|Volcarona, M|6/100 psn\n|move|p2a: Greninja|Ice Beam|p1a: Volcarona\n|-resisted|p1a: Volcarona\n|-damage|p1a: Volcarona|0 fnt\n|faint|p1a: Volcarona\n|-ability|p2a: Greninja|Battle Bond|boost\n|-boost|p2a: Greninja|atk|1\n|-boost|p2a: Greninja|spa|1\n|-boost|p2a: Greninja|spe|1\n|-activate|p2a: Greninja|ability: Battle Bond\n|\n|upkeep\n|\n|t:|1771215441\n|switch|p1a: Greninja|Greninja, M|76/100\n|-damage|p1a: Greninja|64/100|[from] Stealth Rock\n|turn|26\n|\n|t:|1771215446\n|move|p2a: Greninja|Hydro Pump|p1a: Greninja|[miss]\n|-miss|p2a: Greninja|p1a: Greninja\n|move|p1a: Greninja|Dark Pulse|p2a: Greninja\n|-start|p1a: Greninja|typechange|Dark|[from] ability: Protean\n|-resisted|p2a: Greninja\n|-crit|p2a: Greninja\n|-damage|p2a: Greninja|0 fnt\n|faint|p2a: Greninja\n|\n|upkeep\n|\n|t:|1771215449\n|switch|p2a: Ting-Lu|Ting-Lu|60/100\n|-damage|p2a: Ting-Lu|54/100|[from] Stealth Rock\n|-ability|p2a: Ting-Lu|Vessel of Ruin\n|turn|27\n|\n|t:|1771215453\n|switch|p1a: Garchomp|Garchomp, F|54/100\n|-damage|p1a: Garchomp|48/100|[from] Stealth Rock\n|move|p2a: Ting-Lu|Earthquake|p1a: Garchomp\n|-damage|p1a: Garchomp|15/100\n|\n|-heal|p1a: Garchomp|21/100|[from] item: Leftovers\n|-heal|p2a: Ting-Lu|60/100|[from] item: Leftovers\n|upkeep\n|turn|28\n|\n|t:|1771215457\n|move|p1a: Garchomp|Toxic|p2a: Ting-Lu\n|-status|p2a: Ting-Lu|tox\n|move|p2a: Ting-Lu|Earthquake|p1a: Garchomp\n|-damage|p1a: Garchomp|0 fnt\n|faint|p1a: Garchomp\n|\n|-heal|p2a: Ting-Lu|66/100 tox|[from] item: Leftovers\n|-damage|p2a: Ting-Lu|60/100 tox|[from] psn\n|upkeep\n|\n|t:|1771215460\n|switch|p1a: Greninja|Greninja, M|64/100\n|-damage|p1a: Greninja|51/100|[from] Stealth Rock\n|turn|29\n|\n|t:|1771215465\n|move|p1a: Greninja|Hydro Pump|p2a: Ting-Lu\n|-start|p1a: Greninja|typechange|Water|[from] ability: Protean\n|-supereffective|p2a: Ting-Lu\n|-damage|p2a: Ting-Lu|0 fnt\n|faint|p2a: Ting-Lu\n|\n|upkeep\n|\n|t:|1771215467\n|switch|p2a: Dragonite|Dragonite, F|78/100 brn\n|turn|30\n|\n|t:|1771215470\n|move|p1a: Greninja|Hydro Pump|p2a: Dragonite\n|-resisted|p2a: Dragonite\n|-damage|p2a: Dragonite|48/100 brn\n|move|p2a: Dragonite|Earthquake|p1a: Greninja\n|-damage|p1a: Greninja|24/100\n|\n|-damage|p2a: Dragonite|42/100 brn|[from] brn\n|upkeep\n|turn|31\n|\n|t:|1771215479\n|move|p1a: Greninja|Hydro Pump|p2a: Dragonite\n|-resisted|p2a: Dragonite\n|-damage|p2a: Dragonite|16/100 brn\n|move|p2a: Dragonite|Roost|p2a: Dragonite\n|-heal|p2a: Dragonite|66/100 brn\n|-singleturn|p2a: Dragonite|move: Roost\n|\n|-damage|p2a: Dragonite|59/100 brn|[from] brn\n|upkeep\n|turn|32\n|\n|t:|1771215484\n|move|p1a: Greninja|Hydro Pump|p2a: Dragonite\n|-resisted|p2a: Dragonite\n|-damage|p2a: Dragonite|32/100 brn\n|move|p2a: Dragonite|Roost|p2a: Dragonite\n|-heal|p2a: Dragonite|82/100 brn\n|-singleturn|p2a: Dragonite|move: Roost\n|\n|-damage|p2a: Dragonite|76/100 brn|[from] brn\n|upkeep\n|turn|33\n|\n|t:|1771215487\n|move|p1a: Greninja|Hydro Pump|p2a: Dragonite|[miss]\n|-miss|p1a: Greninja|p2a: Dragonite\n|move|p2a: Dragonite|Roost|p2a: Dragonite\n|-heal|p2a: Dragonite|100/100 brn\n|-singleturn|p2a: Dragonite|move: Roost\n|\n|-damage|p2a: Dragonite|94/100 brn|[from] brn\n|upkeep\n|turn|34\n|\n|t:|1771215490\n|move|p1a: Greninja|Hydro Pump|p2a: Dragonite\n|-resisted|p2a: Dragonite\n|-damage|p2a: Dragonite|64/100 brn\n|move|p2a: Dragonite|Earthquake|p1a: Greninja\n|-damage|p1a: Greninja|0 fnt\n|faint|p1a: Greninja\n|\n|-damage|p2a: Dragonite|58/100 brn|[from] brn\n|upkeep\n|\n|t:|1771215495\n|switch|p1a: Diancie|Diancie|100/100\n|-damage|p1a: Diancie|88/100|[from] Stealth Rock\n|turn|35\n|\n|t:|1771215498\n|detailschange|p1a: Diancie|Diancie-Mega\n|-mega|p1a: Diancie|Diancie|Diancite\n|move|p1a: Diancie|Diamond Storm|p2a: Dragonite\n|-supereffective|p2a: Dragonite\n|-damage|p2a: Dragonite|0 fnt\n|-boost|p1a: Diancie|def|2\n|faint|p2a: Dragonite\n|\n|upkeep\n|\n|t:|1771215500\n|switch|p2a: Gholdengo|Gholdengo|98/100\n|-damage|p2a: Gholdengo|92/100|[from] Stealth Rock\n|turn|36\n|\n|t:|1771215503\n|move|p1a: Diancie|Mystical Fire|p2a: Gholdengo\n|-supereffective|p2a: Gholdengo\n|-damage|p2a: Gholdengo|31/100\n|-unboost|p2a: Gholdengo|spa|1\n|move|p2a: Gholdengo|Make It Rain|p1a: Diancie\n|-supereffective|p1a: Diancie\n|-damage|p1a: Diancie|0 fnt\n|-unboost|p2a: Gholdengo|spa|1\n|faint|p1a: Diancie\n|detailschange|p1: Diancie|Diancie|[silent]\n|\n|upkeep\n|\n|t:|1771215506\n|switch|p1a: Pecharunt|Pecharunt|100/100\n|-damage|p1a: Pecharunt|88/100|[from] Stealth Rock\n|turn|37\n|\n|t:|1771215508\n|move|p1a: Pecharunt|Shadow Ball|p2a: Gholdengo\n|-supereffective|p2a: Gholdengo\n|-damage|p2a: Gholdengo|0 fnt\n|faint|p2a: Gholdengo\n|\n|win|Az4k4\n|raw|Az4k4's rating: 1701 &rarr; <strong>1718</strong><br />(+17 for winning)\n|raw|darretyle's rating: 1657 &rarr; <strong>1640</strong><br />(-17 for losing)\n|l|☆darretyle\n|player|p2|\n|l|☆Az4k4\n|player|p1|\n", "uploadtime": 1771215644, "views": 6, "formatid": "gen9nationaldex", "rating": 1640, "private": 0, "password": null}