{"id": "gen9nationaldex-2540771808", "format": "[Gen 9] National Dex", "players": ["sa290715", "starebirdxx"], "log": "|j|☆sa290715\n|j|☆starebirdxx\n|t:|1771252215\n|gametype|singles\n|player|p1|sa290715|elesa|1635\n|player|p2|starebirdxx|rosa|1577\n|gen|9\n|tier|[Gen 9] National Dex\n|rated|\n|rule|HP Percentage Mod: HP is shown in percentages\n|rule|Endless Battle Clause: Forcing endless battles is banned\n|rule|Species Clause: Limit one of each Pokémon\n|rule|OHKO Clause: OHKO moves are banned\n|rule|Evasion Clause: Evasion abilities, items, and moves are banned\n|rule|Evasion Abilities Clause: Evasion abilities are banned\n|rule|Evasion Items Clause: Evasion items are banned\n|rule|Evasion Moves Clause: Evasion moves are banned\n|rule|Sleep Clause Mod: Limit one foe put to sleep\n|rule|Terastal Clause: You cannot Terastallize\n|clearpoke\n|poke|p1|Iron Boulder|\n|poke|p1|Great Tusk|\n|poke|p1|Charizard, M|\n|poke|p1|Terapagos, M|\n|poke|p1|Dragonite, M|\n|poke|p1|Gholdengo|\n|poke|p2|Hatterene, F|\n|poke|p2|Cresselia, F|\n|poke|p2|Porygon2|\n|poke|p2|Ursaluna, M|\n|poke|p2|Mawile, F|\n|poke|p2|Marowak-Alola, M|\n|teampreview\n|inactive|Battle timer is ON: inactive players will automatically lose when time's up. (requested by sa290715)\n|\n|t:|1771252224\n|teamsize|p1|6\n|teamsize|p2|6\n|start\n|switch|p1a: Gholdengo|Gholdengo|100/100\n|switch|p2a: Marowak|Marowak-Alola, M|100/100\n|turn|1\n|\n|t:|1771252230\n|switch|p2a: Porygon2|Porygon2|100/100\n|-ability|p2a: Porygon2|Good as Gold|Trace|[from] ability: Trace|[of] p1a: Gholdengo\n|move|p1a: Gholdengo|Shadow Ball|p2a: Porygon2\n|-immune|p2a: Porygon2\n|\n|upkeep\n|turn|2\n|\n|t:|1771252240\n|switch|p1a: Dragonite|Dragonite, M|100/100\n|move|p2a: Porygon2|Trick Room|p2a: Porygon2\n|-fieldstart|move: Trick Room|[of] p2a: Porygon2\n|\n|upkeep\n|turn|3\n|\n|t:|1771252249\n|-zpower|p1a: Dragonite\n|move|p1a: Dragonite|Devastating Drake|p2a: Porygon2|[zeffect]\n|-damage|p2a: Porygon2|35/100\n|move|p2a: Porygon2|Teleport|p2a: Porygon2\n|\n|t:|1771252255\n|switch|p2a: Mawile|Mawile, F|100/100|[from] Teleport\n|-ability|p2a: Mawile|Intimidate|boost\n|-unboost|p1a: Dragonite|atk|1\n|\n|upkeep\n|turn|4\n|\n|t:|1771252262\n|switch|p1a: Gholdengo|Gholdengo|100/100\n|detailschange|p2a: Mawile|Mawile-Mega, F\n|-mega|p2a: Mawile|Mawile|Mawilite\n|move|p2a: Mawile|Swords Dance|p2a: Mawile\n|-boost|p2a: Mawile|atk|2\n|\n|upkeep\n|turn|5\n|\n|t:|1771252281\n|move|p2a: Mawile|Knock Off|p1a: Gholdengo\n|-supereffective|p1a: Gholdengo\n|-damage|p1a: Gholdengo|0 fnt\n|-enditem|p1a: Gholdengo|Choice Scarf|[from] move: Knock Off|[of] p2a: Mawile\n|faint|p1a: Gholdengo\n|\n|upkeep\n|\n|t:|1771252287\n|switch|p1a: Charizard|Charizard, M, shiny|100/100\n|turn|6\n|\n|t:|1771252291\n|detailschange|p1a: Charizard|Charizard-Mega-Y, M, shiny\n|-mega|p1a: Charizard|Charizard|Charizardite Y\n|-weather|SunnyDay|[from] ability: Drought|[of] p1a: Charizard\n|move|p2a: Mawile|Knock Off|p1a: Charizard\n|-damage|p1a: Charizard|0 fnt\n|faint|p1a: Charizard\n|detailschange|p1: Charizard|Charizard, M, shiny|[silent]\n|\n|-weather|SunnyDay|[upkeep]\n|-fieldend|move: Trick Room\n|upkeep\n|\n|t:|1771252300\n|switch|p1a: Great Tusk|Great Tusk|100/100\n|-activate|p1a: Great Tusk|ability: Protosynthesis\n|-start|p1a: Great Tusk|protosynthesisatk\n|turn|7\n|\n|t:|1771252305\n|switch|p2a: Cresselia|Cresselia, F|100/100\n|move|p1a: Great Tusk|Headlong Rush|p2a: Cresselia\n|-immune|p2a: Cresselia|[from] ability: Levitate\n|\n|-weather|SunnyDay|[upkeep]\n|upkeep\n|turn|8\n|\n|t:|1771252325\n|-end|p1a: Great Tusk|Protosynthesis|[silent]\n|switch|p1a: Terapagos|Terapagos, M|100/100\n|-activate|p1a: Terapagos|ability: Tera Shift\n|detailschange|p1a: Terapagos|Terapagos-Terastal, M\n|-heal|p1a: Terapagos|100/100|[silent]\n|switch|p2a: Hatterene|Hatterene, F|100/100\n|\n|-weather|SunnyDay|[upkeep]\n|upkeep\n|turn|9\n|\n|t:|1771252344\n|move|p1a: Terapagos|Tera Starstorm|p2a: Hatterene\n|-damage|p2a: Hatterene|34/100\n|move|p2a: Hatterene|Trick Room|p2a: Hatterene\n|-fieldstart|move: Trick Room|[of] p2a: Hatterene\n|\n|-weather|SunnyDay|[upkeep]\n|upkeep\n|turn|10\n|\n|t:|1771252353\n|-zpower|p2a: Hatterene\n|move|p2a: Hatterene|Twinkle Tackle|p1a: Terapagos|[zeffect]\n|-activate|p1a: Terapagos|ability: Tera Shell\n|-resisted|p1a: Terapagos\n|-damage|p1a: Terapagos|48/100\n|move|p1a: Terapagos|Tera Starstorm|p2a: Hatterene\n|-damage|p2a: Hatterene|0 fnt\n|faint|p2a: Hatterene\n|\n|-weather|none\n|upkeep\n|\n|t:|1771252357\n|switch|p2a: Marowak|Marowak-Alola, M|100/100\n|turn|11\n|\n|t:|1771252370\n|move|p2a: Marowak|Flare Blitz|p1a: Terapagos\n|-damage|p1a: Terapagos|0 fnt\n|faint|p1a: Terapagos\n|\n|upkeep\n|\n|t:|1771252376\n|switch|p1a: Iron Boulder|Iron Boulder|100/100\n|-enditem|p1a: Iron Boulder|Booster Energy\n|-activate|p1a: Iron Boulder|ability: Quark Drive|[fromitem]\n|-start|p1a: Iron Boulder|quarkdrivespe\n|turn|12\n|\n|t:|1771252385\n|-end|p1a: Iron Boulder|Quark Drive|[silent]\n|switch|p1a: Dragonite|Dragonite, M|100/100\n|move|p2a: Marowak|Poltergeist|p1a: Dragonite\n|-activate|p1a: Dragonite|move: Poltergeist|Dragonium Z\n|-damage|p1a: Dragonite|48/100\n|\n|upkeep\n|turn|13\n|\n|t:|1771252394\n|move|p2a: Marowak|Poltergeist|p1a: Dragonite\n|-activate|p1a: Dragonite|move: Poltergeist|Dragonium Z\n|-damage|p1a: Dragonite|0 fnt\n|faint|p1a: Dragonite\n|\n|-fieldend|move: Trick Room\n|upkeep\n|\n|t:|1771252403\n|switch|p1a: Iron Boulder|Iron Boulder|100/100\n|turn|14\n|\n|t:|1771252407\n|switch|p2a: Porygon2|Porygon2|35/100\n|move|p1a: Iron Boulder|Mighty Cleave|p2a: Porygon2\n|-crit|p2a: Porygon2\n|-damage|p2a: Porygon2|0 fnt\n|faint|p2a: Porygon2\n|\n|upkeep\n|\n|t:|1771252422\n|switch|p2a: Ursaluna|Ursaluna, M|100/100\n|turn|15\n|\n|t:|1771252426\n|move|p1a: Iron Boulder|Swords Dance|p1a: Iron Boulder\n|-boost|p1a: Iron Boulder|atk|2\n|move|p2a: Ursaluna|Headlong Rush|p1a: Iron Boulder\n|-supereffective|p1a: Iron Boulder\n|-damage|p1a: Iron Boulder|0 fnt\n|-unboost|p2a: Ursaluna|def|1\n|-unboost|p2a: Ursaluna|spd|1\n|faint|p1a: Iron Boulder\n|-end|p1a: Iron Boulder|Quark Drive|[silent]\n|\n|-status|p2a: Ursaluna|brn|[from] item: Flame Orb\n|upkeep\n|\n|t:|1771252438\n|switch|p1a: Great Tusk|Great Tusk|100/100\n|turn|16\n|-message|sa290715 forfeited.\n|\n|win|starebirdxx\n|raw|sa290715's rating: 1635 &rarr; <strong>1612</strong><br />(-23 for losing)\n|raw|starebirdxx's rating: 1577 &rarr; <strong>1600</strong><br />(+23 for winning)\n|l|☆sa290715\n|player|p1|\n|l|☆starebirdxx\n|player|p2|\n", "uploadtime": 1771252576, "views": 5, "formatid": "gen9nationaldex", "rating": 1600, "private": 0, "password": null}