{"id": "gen9nationaldex-2540663713", "format": "[Gen 9] National Dex", "players": ["repeatttt", "Cerberus 17"], "log": "|j|☆repeatttt\n|j|☆Cerberus 17\n|t:|1771236452\n|gametype|singles\n|player|p1|repeatttt|leon-masters|1765\n|player|p2|Cerberus 17|cynthia-gen4|1744\n|gen|9\n|tier|[Gen 9] National Dex\n|rated|\n|rule|HP Percentage Mod: HP is shown in percentages\n|rule|Endless Battle Clause: Forcing endless battles is banned\n|rule|Species Clause: Limit one of each Pokémon\n|rule|OHKO Clause: OHKO moves are banned\n|rule|Evasion Clause: Evasion abilities, items, and moves are banned\n|rule|Evasion Abilities Clause: Evasion abilities are banned\n|rule|Evasion Items Clause: Evasion items are banned\n|rule|Evasion Moves Clause: Evasion moves are banned\n|rule|Sleep Clause Mod: Limit one foe put to sleep\n|rule|Terastal Clause: You cannot Terastallize\n|clearpoke\n|poke|p1|Slowbro, F|\n|poke|p1|Clodsire, F|\n|poke|p1|Tapu Lele|\n|poke|p1|Kingambit, M|\n|poke|p1|Heatran, M|\n|poke|p1|Corviknight, F|\n|poke|p2|Tyranitar, M|\n|poke|p2|Kartana|\n|poke|p2|Diancie|\n|poke|p2|Excadrill, M|\n|poke|p2|Sinistcha-Masterpiece|\n|poke|p2|Kommo-o, F|\n|teampreview\n|inactive|Battle timer is ON: inactive players will automatically lose when time's up. (requested by Cerberus 17)\n|\n|t:|1771236476\n|teamsize|p1|6\n|teamsize|p2|6\n|start\n|switch|p1a: Heatran|Heatran, M|100/100\n|switch|p2a: Kommo-o|Kommo-o, F|100/100\n|turn|1\n|\n|t:|1771236482\n|switch|p1a: Tapu Lele|Tapu Lele|100/100\n|-fieldstart|move: Psychic Terrain|[from] ability: Psychic Surge|[of] p1a: Tapu Lele\n|move|p2a: Kommo-o|Poison Jab|p1a: Tapu Lele\n|-supereffective|p1a: Tapu Lele\n|-damage|p1a: Tapu Lele|39/100\n|\n|upkeep\n|turn|2\n|\n|t:|1771236503\n|switch|p2a: Tyranitar|Tyranitar, M|100/100\n|-weather|Sandstorm|[from] ability: Sand Stream|[of] p2a: Tyranitar\n|move|p1a: Tapu Lele|Moonblast|p2a: Tyranitar\n|-supereffective|p2a: Tyranitar\n|-damage|p2a: Tyranitar|16/100\n|-unboost|p2a: Tyranitar|spa|1\n|\n|-weather|Sandstorm|[upkeep]\n|-damage|p1a: Tapu Lele|33/100|[from] Sandstorm\n|upkeep\n|turn|3\n|\n|t:|1771236516\n|switch|p2a: Diancie|Diancie|100/100\n|move|p1a: Tapu Lele|Moonblast|p2a: Diancie\n|-damage|p2a: Diancie|42/100\n|\n|-weather|Sandstorm|[upkeep]\n|-damage|p1a: Tapu Lele|26/100|[from] Sandstorm\n|upkeep\n|turn|4\n|\n|t:|1771236527\n|detailschange|p2a: Diancie|Diancie-Mega\n|-mega|p2a: Diancie|Diancie|Diancite\n|move|p2a: Diancie|Diamond Storm|p1a: Tapu Lele\n|-damage|p1a: Tapu Lele|0 fnt\n|-boost|p2a: Diancie|def|2\n|faint|p1a: Tapu Lele\n|\n|-weather|Sandstorm|[upkeep]\n|upkeep\n|\n|t:|1771236530\n|switch|p1a: Clodsire|Clodsire, F|100/100\n|turn|5\n|\n|t:|1771236536\n|move|p2a: Diancie|Stealth Rock|p1a: Clodsire\n|-sidestart|p1: repeatttt|move: Stealth Rock\n|move|p1a: Clodsire|Earthquake|p2a: Diancie\n|-supereffective|p2a: Diancie\n|-damage|p2a: Diancie|6/100\n|\n|-weather|Sandstorm|[upkeep]\n|-fieldend|move: Psychic Terrain\n|upkeep\n|turn|6\n|\n|t:|1771236542\n|switch|p2a: Kartana|Kartana|100/100\n|move|p1a: Clodsire|Earthquake|p2a: Kartana\n|-damage|p2a: Kartana|69/100\n|\n|-weather|Sandstorm|[upkeep]\n|upkeep\n|turn|7\n|\n|t:|1771236548\n|move|p2a: Kartana|Sacred Sword|p1a: Clodsire\n|-resisted|p1a: Clodsire\n|-damage|p1a: Clodsire|76/100\n|move|p1a: Clodsire|Stealth Rock|p2a: Kartana\n|-sidestart|p2: Cerberus 17|move: Stealth Rock\n|\n|-weather|Sandstorm|[upkeep]\n|-heal|p1a: Clodsire|82/100|[from] item: Black Sludge\n|upkeep\n|turn|8\n|\n|t:|1771236556\n|switch|p2a: Sinistcha|Sinistcha-Masterpiece|100/100\n|-damage|p2a: Sinistcha|88/100|[from] Stealth Rock\n|move|p1a: Clodsire|Earthquake|p2a: Sinistcha\n|-resisted|p2a: Sinistcha\n|-damage|p2a: Sinistcha|77/100\n|\n|-weather|Sandstorm|[upkeep]\n|-damage|p2a: Sinistcha|71/100|[from] Sandstorm\n|-heal|p2a: Sinistcha|77/100|[from] item: Leftovers\n|-heal|p1a: Clodsire|89/100|[from] item: Black Sludge\n|upkeep\n|turn|9\n|\n|t:|1771236567\n|move|p2a: Sinistcha|Scald|p1a: Clodsire\n|-heal|p1a: Clodsire|100/100|[from] ability: Water Absorb|[of] p2a: Sinistcha\n|move|p1a: Clodsire|Toxic|p2a: Sinistcha\n|-status|p2a: Sinistcha|tox\n|\n|-weather|none\n|-heal|p2a: Sinistcha|83/100 tox|[from] item: Leftovers\n|-damage|p2a: Sinistcha|77/100 tox|[from] psn\n|upkeep\n|turn|10\n|\n|t:|1771236577\n|switch|p2a: Tyranitar|Tyranitar, M|16/100\n|-damage|p2a: Tyranitar|3/100|[from] Stealth Rock\n|-weather|Sandstorm|[from] ability: Sand Stream|[of] p2a: Tyranitar\n|switch|p1a: Kingambit|Kingambit, M|100/100\n|-damage|p1a: Kingambit|94/100|[from] Stealth Rock\n|\n|-weather|Sandstorm|[upkeep]\n|upkeep\n|turn|11\n|\n|t:|1771236586\n|switch|p1a: Corviknight|Corviknight, F|100/100\n|-damage|p1a: Corviknight|88/100|[from] Stealth Rock\n|-ability|p1a: Corviknight|Pressure\n|move|p2a: Tyranitar|Knock Off|p1a: Corviknight\n|-damage|p1a: Corviknight|52/100\n|-damage|p2a: Tyranitar|0 fnt|[from] item: Rocky Helmet|[of] p1a: Corviknight\n|faint|p2a: Tyranitar\n|\n|-weather|Sandstorm|[upkeep]\n|upkeep\n|\n|t:|1771236599\n|switch|p2a: Kommo-o|Kommo-o, F|100/100\n|-damage|p2a: Kommo-o|94/100|[from] Stealth Rock\n|turn|12\n|\n|t:|1771236604\n|-zpower|p2a: Kommo-o\n|move|p2a: Kommo-o|Clangorous Soulblaze|p1a: Corviknight|[zeffect]\n|-resisted|p1a: Corviknight\n|-damage|p1a: Corviknight|13/100\n|-boost|p2a: Kommo-o|atk|1\n|-boost|p2a: Kommo-o|def|1\n|-boost|p2a: Kommo-o|spa|1\n|-boost|p2a: Kommo-o|spd|1\n|-boost|p2a: Kommo-o|spe|1\n|move|p1a: Corviknight|Brave Bird|p2a: Kommo-o\n|-supereffective|p2a: Kommo-o\n|-damage|p2a: Kommo-o|43/100\n|-damage|p1a: Corviknight|0 fnt|[from] Recoil\n|faint|p1a: Corviknight\n|\n|-weather|Sandstorm|[upkeep]\n|-damage|p2a: Kommo-o|37/100|[from] Sandstorm\n|upkeep\n|\n|t:|1771236606\n|switch|p1a: Slowbro|Slowbro, F|100/100\n|-damage|p1a: Slowbro|88/100|[from] Stealth Rock\n|turn|13\n|\n|t:|1771236609\n|move|p2a: Kommo-o|Clanging Scales|p1a: Slowbro\n|-damage|p1a: Slowbro|14/100\n|-unboost|p2a: Kommo-o|def|1\n|move|p1a: Slowbro|Trick Room|p1a: Slowbro\n|-fieldstart|move: Trick Room|[of] p1a: Slowbro\n|\n|-weather|Sandstorm|[upkeep]\n|-damage|p1a: Slowbro|8/100|[from] Sandstorm\n|-damage|p2a: Kommo-o|30/100|[from] Sandstorm\n|upkeep\n|turn|14\n|\n|t:|1771236619\n|move|p1a: Slowbro|Psychic Noise|p2a: Kommo-o\n|-immune|p2a: Kommo-o|[from] ability: Soundproof\n|move|p2a: Kommo-o|Drain Punch|p1a: Slowbro\n|-resisted|p1a: Slowbro\n|-damage|p1a: Slowbro|0 fnt\n|-heal|p2a: Kommo-o|36/100|[from] drain|[of] p1a: Slowbro\n|-damage|p2a: Kommo-o|19/100|[from] item: Rocky Helmet|[of] p1a: Slowbro\n|faint|p1a: Slowbro\n|\n|-weather|Sandstorm|[upkeep]\n|-damage|p2a: Kommo-o|13/100|[from] Sandstorm\n|upkeep\n|\n|t:|1771236622\n|switch|p1a: Kingambit|Kingambit, M|94/100\n|-damage|p1a: Kingambit|88/100|[from] Stealth Rock\n|turn|15\n|\n|t:|1771236627\n|move|p1a: Kingambit|Knock Off|p2a: Kommo-o\n|-resisted|p2a: Kommo-o\n|-damage|p2a: Kommo-o|0 fnt\n|faint|p2a: Kommo-o\n|\n|-weather|Sandstorm|[upkeep]\n|upkeep\n|\n|t:|1771236637\n|switch|p2a: Kartana|Kartana|69/100\n|-damage|p2a: Kartana|63/100|[from] Stealth Rock\n|turn|16\n|\n|t:|1771236646\n|move|p1a: Kingambit|Knock Off|p2a: Kartana\n|-crit|p2a: Kartana\n|-damage|p2a: Kartana|0 fnt\n|-enditem|p2a: Kartana|Choice Scarf|[from] move: Knock Off|[of] p1a: Kingambit\n|faint|p2a: Kartana\n|\n|-weather|Sandstorm|[upkeep]\n|upkeep\n|\n|t:|1771236653\n|switch|p2a: Sinistcha|Sinistcha-Masterpiece|77/100 tox\n|-damage|p2a: Sinistcha|65/100 tox|[from] Stealth Rock\n|turn|17\n|\n|t:|1771236655\n|move|p1a: Kingambit|Knock Off|p2a: Sinistcha\n|-supereffective|p2a: Sinistcha\n|-crit|p2a: Sinistcha\n|-damage|p2a: Sinistcha|0 fnt\n|-enditem|p2a: Sinistcha|Leftovers|[from] move: Knock Off|[of] p1a: Kingambit\n|faint|p2a: Sinistcha\n|\n|-weather|none\n|-fieldend|move: Trick Room\n|upkeep\n|\n|t:|1771236660\n|switch|p2a: Excadrill|Excadrill, M|100/100\n|-damage|p2a: Excadrill|97/100|[from] Stealth Rock\n|turn|18\n|\n|t:|1771236664\n|move|p2a: Excadrill|Earthquake|p1a: Kingambit\n|-supereffective|p1a: Kingambit\n|-damage|p1a: Kingambit|0 fnt\n|faint|p1a: Kingambit\n|\n|upkeep\n|\n|t:|1771236667\n|switch|p1a: Heatran|Heatran, M|100/100\n|-damage|p1a: Heatran|88/100|[from] Stealth Rock\n|turn|19\n|\n|t:|1771236671\n|move|p2a: Excadrill|Earthquake|p1a: Heatran\n|-supereffective|p1a: Heatran\n|-damage|p1a: Heatran|0 fnt\n|faint|p1a: Heatran\n|\n|upkeep\n|-message|repeatttt forfeited.\n|\n|win|Cerberus 17\n|raw|repeatttt's rating: 1765 &rarr; <strong>1744</strong><br />(-21 for losing)\n|raw|Cerberus 17's rating: 1744 &rarr; <strong>1765</strong><br />(+21 for winning)\n|l|☆repeatttt\n|player|p1|\n|l|☆Cerberus 17\n|player|p2|\n", "uploadtime": 1771236904, "views": 11, "formatid": "gen9nationaldex", "rating": 1744, "private": 0, "password": null}