{"id": "gen9nationaldex-2540568919", "format": "[Gen 9] National Dex", "players": ["fosts", "tspinner5000"], "log": "|j|☆fosts\n|j|☆tspinner5000\n|t:|1771219467\n|gametype|singles\n|player|p1|fosts|hilbert-masters|1593\n|player|p2|tspinner5000|n-masters2|1655\n|gen|9\n|tier|[Gen 9] National Dex\n|rated|\n|rule|HP Percentage Mod: HP is shown in percentages\n|rule|Endless Battle Clause: Forcing endless battles is banned\n|rule|Species Clause: Limit one of each Pokémon\n|rule|OHKO Clause: OHKO moves are banned\n|rule|Evasion Clause: Evasion abilities, items, and moves are banned\n|rule|Evasion Abilities Clause: Evasion abilities are banned\n|rule|Evasion Items Clause: Evasion items are banned\n|rule|Evasion Moves Clause: Evasion moves are banned\n|rule|Sleep Clause Mod: Limit one foe put to sleep\n|rule|Terastal Clause: You cannot Terastallize\n|clearpoke\n|poke|p1|Alomomola, F|\n|poke|p1|Ogerpon-Wellspring, F|\n|poke|p1|Gyarados, F|\n|poke|p1|Tornadus-Therian, M|\n|poke|p1|Blissey, F|\n|poke|p1|Iron Valiant|\n|poke|p2|Heatran, F|\n|poke|p2|Ferrothorn, M|\n|poke|p2|Landorus-Therian, M|\n|poke|p2|Samurott-Hisui, F|\n|poke|p2|Latios, M|\n|poke|p2|Tapu Lele|\n|teampreview\n|inactive|Battle timer is ON: inactive players will automatically lose when time's up. (requested by fosts)\n|\n|t:|1771219481\n|teamsize|p1|6\n|teamsize|p2|6\n|start\n|switch|p1a: Ogerpon|Ogerpon-Wellspring, F|100/100\n|switch|p2a: Tapu Lele|Tapu Lele|100/100\n|-fieldstart|move: Psychic Terrain|[from] ability: Psychic Surge|[of] p2a: Tapu Lele\n|turn|1\n|\n|t:|1771219486\n|switch|p2a: Ferrothorn|Ferrothorn, M|100/100\n|switch|p1a: Alomomola|Alomomola, F|100/100\n|\n|upkeep\n|turn|2\n|\n|t:|1771219491\n|switch|p1a: Gyarados|Gyarados, F|100/100\n|-ability|p1a: Gyarados|Intimidate|boost\n|-unboost|p2a: Ferrothorn|atk|1\n|move|p2a: Ferrothorn|Stealth Rock|p1a: Gyarados\n|-sidestart|p1: fosts|move: Stealth Rock\n|\n|upkeep\n|turn|3\n|\n|t:|1771219494\n|move|p1a: Gyarados|Substitute|p1a: Gyarados\n|-start|p1a: Gyarados|Substitute\n|-damage|p1a: Gyarados|76/100\n|move|p2a: Ferrothorn|Power Whip|p1a: Gyarados\n|-end|p1a: Gyarados|Substitute\n|\n|upkeep\n|turn|4\n|\n|t:|1771219497\n|move|p1a: Gyarados|Substitute|p1a: Gyarados\n|-start|p1a: Gyarados|Substitute\n|-damage|p1a: Gyarados|51/100\n|move|p2a: Ferrothorn|Power Whip|p1a: Gyarados|[miss]\n|-miss|p2a: Ferrothorn|p1a: Gyarados\n|\n|upkeep\n|turn|5\n|\n|t:|1771219499\n|move|p1a: Gyarados|Dragon Dance|p1a: Gyarados\n|-boost|p1a: Gyarados|atk|1\n|-boost|p1a: Gyarados|spe|1\n|move|p2a: Ferrothorn|Power Whip|p1a: Gyarados\n|-end|p1a: Gyarados|Substitute\n|\n|-fieldend|move: Psychic Terrain\n|upkeep\n|turn|6\n|\n|t:|1771219501\n|move|p1a: Gyarados|Substitute|p1a: Gyarados\n|-start|p1a: Gyarados|Substitute\n|-damage|p1a: Gyarados|26/100\n|move|p2a: Ferrothorn|Power Whip|p1a: Gyarados\n|-end|p1a: Gyarados|Substitute\n|\n|upkeep\n|turn|7\n|\n|t:|1771219505\n|switch|p1a: Tornadus|Tornadus-Therian, M|100/100\n|move|p2a: Ferrothorn|Power Whip|p1a: Tornadus\n|-resisted|p1a: Tornadus\n|-damage|p1a: Tornadus|86/100\n|\n|upkeep\n|turn|8\n|\n|t:|1771219509\n|move|p1a: Tornadus|Defog|p2a: Ferrothorn\n|-unboost|p2a: Ferrothorn|evasion|1\n|-sideend|p1: fosts|Stealth Rock|[from] move: Defog|[of] p1a: Tornadus\n|move|p2a: Ferrothorn|Stealth Rock|p1a: Tornadus\n|-sidestart|p1: fosts|move: Stealth Rock\n|\n|upkeep\n|turn|9\n|\n|t:|1771219513\n|switch|p2a: Heatran|Heatran, F|100/100\n|move|p1a: Tornadus|Defog|p2a: Heatran\n|-unboost|p2a: Heatran|evasion|1\n|-sideend|p1: fosts|Stealth Rock|[from] move: Defog|[of] p1a: Tornadus\n|\n|upkeep\n|turn|10\n|\n|t:|1771219517\n|move|p1a: Tornadus|Knock Off|p2a: Heatran\n|-damage|p2a: Heatran|83/100\n|-enditem|p2a: Heatran|Leftovers|[from] move: Knock Off|[of] p1a: Tornadus\n|move|p2a: Heatran|Toxic|p1a: Tornadus\n|-status|p1a: Tornadus|tox\n|\n|-damage|p1a: Tornadus|80/100 tox|[from] psn\n|upkeep\n|turn|11\n|\n|t:|1771219519\n|move|p1a: Tornadus|U-turn|p2a: Heatran\n|-resisted|p2a: Heatran\n|-damage|p2a: Heatran|80/100\n|\n|t:|1771219525\n|switch|p1a: Ogerpon|Ogerpon-Wellspring, F|100/100|[from] U-turn\n|move|p2a: Heatran|Magma Storm|p1a: Ogerpon\n|-damage|p1a: Ogerpon|48/100\n|-activate|p1a: Ogerpon|move: Magma Storm|[of] p2a: Heatran\n|\n|-damage|p1a: Ogerpon|35/100|[from] move: Magma Storm|[partiallytrapped]\n|upkeep\n|turn|12\n|\n|t:|1771219529\n|move|p2a: Heatran|Protect|p2a: Heatran\n|-singleturn|p2a: Heatran|Protect\n|move|p1a: Ogerpon|Ivy Cudgel|p2a: Heatran|[anim] Ivy Cudgel Water\n|-activate|p2a: Heatran|move: Protect\n|\n|-damage|p1a: Ogerpon|23/100|[from] move: Magma Storm|[partiallytrapped]\n|upkeep\n|turn|13\n|\n|t:|1771219531\n|switch|p2a: Ferrothorn|Ferrothorn, M|100/100\n|move|p1a: Ogerpon|Ivy Cudgel|p2a: Ferrothorn|[anim] Ivy Cudgel Water\n|-resisted|p2a: Ferrothorn\n|-damage|p2a: Ferrothorn|80/100\n|\n|-heal|p2a: Ferrothorn|86/100|[from] item: Leftovers\n|-end|p1a: Ogerpon|Magma Storm|[partiallytrapped]|[silent]\n|upkeep\n|turn|14\n|\n|t:|1771219539\n|move|p1a: Ogerpon|Taunt|p2a: Ferrothorn\n|-start|p2a: Ferrothorn|move: Taunt\n|cant|p2a: Ferrothorn|move: Taunt|Stealth Rock\n|\n|-heal|p2a: Ferrothorn|92/100|[from] item: Leftovers\n|upkeep\n|turn|15\n|\n|t:|1771219544\n|switch|p1a: Iron Valiant|Iron Valiant|100/100\n|-enditem|p1a: Iron Valiant|Booster Energy\n|-activate|p1a: Iron Valiant|ability: Quark Drive|[fromitem]\n|-start|p1a: Iron Valiant|quarkdrivespe\n|move|p2a: Ferrothorn|Gyro Ball|p1a: Iron Valiant\n|-supereffective|p1a: Iron Valiant\n|-damage|p1a: Iron Valiant|0 fnt\n|faint|p1a: Iron Valiant\n|-end|p1a: Iron Valiant|Quark Drive|[silent]\n|\n|-heal|p2a: Ferrothorn|98/100|[from] item: Leftovers\n|upkeep\n|-message|fosts forfeited.\n|\n|win|tspinner5000\n|raw|fosts's rating: 1593 &rarr; <strong>1577</strong><br />(-16 for losing)\n|raw|tspinner5000's rating: 1655 &rarr; <strong>1671</strong><br />(+16 for winning)\n|l|☆fosts\n|player|p1|\n", "uploadtime": 1771219797, "views": 4, "formatid": "gen9nationaldex", "rating": 1577, "private": 0, "password": null}