{"id": "gen9nationaldex-2540628686", "format": "[Gen 9] National Dex", "players": ["nicotinepouch", "xorialle"], "log": "|j|☆nicotinepouch\n|j|☆xorialle\n|t:|1771230269\n|gametype|singles\n|player|p1|nicotinepouch|marshal|1538\n|player|p2|xorialle|blue|1504\n|gen|9\n|tier|[Gen 9] National Dex\n|rated|\n|rule|HP Percentage Mod: HP is shown in percentages\n|rule|Endless Battle Clause: Forcing endless battles is banned\n|rule|Species Clause: Limit one of each Pokémon\n|rule|OHKO Clause: OHKO moves are banned\n|rule|Evasion Clause: Evasion abilities, items, and moves are banned\n|rule|Evasion Abilities Clause: Evasion abilities are banned\n|rule|Evasion Items Clause: Evasion items are banned\n|rule|Evasion Moves Clause: Evasion moves are banned\n|rule|Sleep Clause Mod: Limit one foe put to sleep\n|rule|Terastal Clause: You cannot Terastallize\n|clearpoke\n|poke|p1|Pinsir, M|\n|poke|p1|Terapagos, M|\n|poke|p1|Iron Valiant|\n|poke|p1|Gholdengo|\n|poke|p1|Dragonite, F|\n|poke|p1|Iron Boulder|\n|poke|p2|Hydreigon, F|\n|poke|p2|Victini|\n|poke|p2|Keldeo-Resolute|\n|poke|p2|Excadrill, F|\n|poke|p2|Gigalith, M|\n|poke|p2|Amoonguss, F|\n|teampreview\n|inactive|Battle timer is ON: inactive players will automatically lose when time's up. (requested by nicotinepouch)\n|\n|t:|1771230284\n|teamsize|p1|6\n|teamsize|p2|6\n|start\n|switch|p1a: Dragonite|Dragonite, F|100/100\n|switch|p2a: Keldeo|Keldeo-Resolute|100/100\n|turn|1\n|\n|t:|1771230290\n|move|p2a: Keldeo|Scald|p1a: Dragonite\n|-resisted|p1a: Dragonite\n|-damage|p1a: Dragonite|90/100\n|-status|p1a: Dragonite|brn\n|move|p1a: Dragonite|Dragon Dance|p1a: Dragonite\n|-boost|p1a: Dragonite|atk|1\n|-boost|p1a: Dragonite|spe|1\n|\n|-damage|p1a: Dragonite|84/100 brn|[from] brn\n|upkeep\n|turn|2\n|\n|t:|1771230300\n|switch|p2a: Amoonguss|Amoonguss, F|100/100\n|move|p1a: Dragonite|Dragon Dance|p1a: Dragonite\n|-boost|p1a: Dragonite|atk|1\n|-boost|p1a: Dragonite|spe|1\n|\n|-damage|p1a: Dragonite|78/100 brn|[from] brn\n|upkeep\n|turn|3\n|\n|t:|1771230309\n|move|p1a: Dragonite|Ice Spinner|p2a: Amoonguss\n|-supereffective|p2a: Amoonguss\n|-damage|p2a: Amoonguss|55/100\n|-damage|p1a: Dragonite|61/100 brn|[from] item: Rocky Helmet|[of] p2a: Amoonguss\n|move|p2a: Amoonguss|Foul Play|p1a: Dragonite\n|-damage|p1a: Dragonite|0 fnt\n|faint|p1a: Dragonite\n|\n|upkeep\n|\n|t:|1771230316\n|switch|p1a: Pinsir|Pinsir, M|100/100\n|turn|4\n|\n|t:|1771230328\n|detailschange|p1a: Pinsir|Pinsir-Mega, M\n|-mega|p1a: Pinsir|Pinsir|Pinsirite\n|move|p1a: Pinsir|Return|p2a: Amoonguss\n|-supereffective|p2a: Amoonguss\n|-damage|p2a: Amoonguss|0 fnt\n|-damage|p1a: Pinsir|84/100|[from] item: Rocky Helmet|[of] p2a: Amoonguss\n|faint|p2a: Amoonguss\n|\n|upkeep\n|\n|t:|1771230336\n|switch|p2a: Gigalith|Gigalith, M|100/100\n|-weather|Sandstorm|[from] ability: Sand Stream|[of] p2a: Gigalith\n|turn|5\n|\n|t:|1771230341\n|move|p1a: Pinsir|Close Combat|p2a: Gigalith\n|-supereffective|p2a: Gigalith\n|-damage|p2a: Gigalith|29/100\n|-unboost|p1a: Pinsir|def|1\n|-unboost|p1a: Pinsir|spd|1\n|move|p2a: Gigalith|Rock Blast|p1a: Pinsir\n|-supereffective|p1a: Pinsir\n|-damage|p1a: Pinsir|4/100\n|-supereffective|p1a: Pinsir\n|-damage|p1a: Pinsir|0 fnt\n|faint|p1a: Pinsir\n|detailschange|p1: Pinsir|Pinsir, M|[silent]\n|-hitcount|p1: Pinsir|2\n|\n|-weather|Sandstorm|[upkeep]\n|upkeep\n|\n|t:|1771230352\n|switch|p1a: Iron Boulder|Iron Boulder|100/100\n|-item|p1a: Iron Boulder|Air Balloon\n|turn|6\n|\n|t:|1771230376\n|move|p1a: Iron Boulder|Zen Headbutt|p2a: Gigalith\n|-damage|p2a: Gigalith|3/100\n|cant|p2a: Gigalith|flinch\n|\n|-weather|Sandstorm|[upkeep]\n|upkeep\n|turn|7\n|\n|t:|1771230386\n|move|p1a: Iron Boulder|Mighty Cleave|p2a: Gigalith\n|-damage|p2a: Gigalith|0 fnt\n|faint|p2a: Gigalith\n|\n|-weather|Sandstorm|[upkeep]\n|upkeep\n|\n|t:|1771230392\n|switch|p2a: Keldeo|Keldeo-Resolute|100/100\n|turn|8\n|\n|t:|1771230404\n|move|p2a: Keldeo|Scald|p1a: Iron Boulder\n|-supereffective|p1a: Iron Boulder\n|-damage|p1a: Iron Boulder|48/100\n|-enditem|p1a: Iron Boulder|Air Balloon\n|move|p1a: Iron Boulder|Zen Headbutt|p2a: Keldeo\n|-supereffective|p2a: Keldeo\n|-damage|p2a: Keldeo|9/100\n|\n|-weather|Sandstorm|[upkeep]\n|-damage|p2a: Keldeo|3/100|[from] Sandstorm\n|upkeep\n|turn|9\n|\n|t:|1771230427\n|-end|p1a: Iron Boulder|Quark Drive|[silent]\n|switch|p1a: Gholdengo|Gholdengo|100/100\n|move|p2a: Keldeo|Scald|p1a: Gholdengo\n|-damage|p1a: Gholdengo|52/100\n|\n|-weather|none\n|upkeep\n|turn|10\n|\n|t:|1771230438\n|move|p2a: Keldeo|Scald|p1a: Gholdengo\n|-damage|p1a: Gholdengo|0 fnt\n|faint|p1a: Gholdengo\n|\n|upkeep\n|\n|t:|1771230448\n|switch|p1a: Iron Valiant|Iron Valiant|100/100\n|-enditem|p1a: Iron Valiant|Booster Energy\n|-activate|p1a: Iron Valiant|ability: Quark Drive|[fromitem]\n|-start|p1a: Iron Valiant|quarkdrivespe\n|turn|11\n|\n|t:|1771230453\n|switch|p2a: Victini|Victini|100/100\n|move|p1a: Iron Valiant|Moonblast|p2a: Victini\n|-resisted|p2a: Victini\n|-damage|p2a: Victini|78/100\n|\n|upkeep\n|turn|12\n|\n|t:|1771230460\n|move|p1a: Iron Valiant|Destiny Bond|p1a: Iron Valiant\n|-singlemove|p1a: Iron Valiant|Destiny Bond\n|move|p2a: Victini|Thunder Wave|p1a: Iron Valiant\n|-status|p1a: Iron Valiant|par\n|\n|upkeep\n|turn|13\n|\n|t:|1771230477\n|move|p2a: Victini|Blue Flare|p1a: Iron Valiant\n|-damage|p1a: Iron Valiant|12/100 par\n|move|p1a: Iron Valiant|Shadow Ball|p2a: Victini\n|-supereffective|p2a: Victini\n|-damage|p2a: Victini|23/100\n|\n|upkeep\n|turn|14\n|\n|t:|1771230486\n|move|p2a: Victini|V-create|p1a: Iron Valiant\n|-damage|p1a: Iron Valiant|0 fnt\n|-unboost|p2a: Victini|spe|1\n|-unboost|p2a: Victini|def|1\n|-unboost|p2a: Victini|spd|1\n|faint|p1a: Iron Valiant\n|-end|p1a: Iron Valiant|Quark Drive|[silent]\n|\n|upkeep\n|\n|t:|1771230496\n|switch|p1a: Iron Boulder|Iron Boulder|48/100\n|turn|15\n|\n|t:|1771230501\n|move|p1a: Iron Boulder|Mighty Cleave|p2a: Victini\n|-supereffective|p2a: Victini\n|-damage|p2a: Victini|0 fnt\n|faint|p2a: Victini\n|\n|upkeep\n|\n|t:|1771230507\n|switch|p2a: Keldeo|Keldeo-Resolute|3/100\n|turn|16\n|\n|t:|1771230522\n|move|p2a: Keldeo|Flip Turn|p1a: Iron Boulder\n|-supereffective|p1a: Iron Boulder\n|-damage|p1a: Iron Boulder|11/100\n|\n|t:|1771230533\n|switch|p2a: Excadrill|Excadrill, F|100/100|[from] Flip Turn\n|move|p1a: Iron Boulder|Mighty Cleave|p2a: Excadrill\n|-resisted|p2a: Excadrill\n|-damage|p2a: Excadrill|85/100\n|\n|upkeep\n|turn|17\n|\n|t:|1771230545\n|move|p1a: Iron Boulder|Mighty Cleave|p2a: Excadrill\n|-resisted|p2a: Excadrill\n|-damage|p2a: Excadrill|68/100\n|move|p2a: Excadrill|Earthquake|p1a: Iron Boulder\n|-supereffective|p1a: Iron Boulder\n|-damage|p1a: Iron Boulder|0 fnt\n|faint|p1a: Iron Boulder\n|-end|p1a: Iron Boulder|Quark Drive|[silent]\n|\n|upkeep\n|\n|t:|1771230549\n|switch|p1a: Terapagos|Terapagos, M|100/100\n|-activate|p1a: Terapagos|ability: Tera Shift\n|detailschange|p1a: Terapagos|Terapagos-Terastal, M\n|-heal|p1a: Terapagos|100/100|[silent]\n|turn|18\n|\n|t:|1771230559\n|move|p2a: Excadrill|Rapid Spin|p1a: Terapagos\n|-activate|p1a: Terapagos|ability: Tera Shell\n|-resisted|p1a: Terapagos\n|-damage|p1a: Terapagos|92/100\n|-boost|p2a: Excadrill|spe|1\n|move|p1a: Terapagos|Rapid Spin|p2a: Excadrill\n|-resisted|p2a: Excadrill\n|-damage|p2a: Excadrill|57/100\n|-boost|p1a: Terapagos|spe|1\n|\n|upkeep\n|turn|19\n|\n|t:|1771230569\n|move|p2a: Excadrill|Earthquake|p1a: Terapagos\n|-damage|p1a: Terapagos|45/100\n|move|p1a: Terapagos|Flamethrower|p2a: Excadrill\n|-supereffective|p2a: Excadrill\n|-damage|p2a: Excadrill|0 fnt\n|faint|p2a: Excadrill\n|\n|upkeep\n|\n|t:|1771230577\n|switch|p2a: Keldeo|Keldeo-Resolute|3/100\n|turn|20\n|\n|t:|1771230581\n|move|p2a: Keldeo|Secret Sword|p1a: Terapagos\n|-supereffective|p1a: Terapagos\n|-damage|p1a: Terapagos|0 fnt\n|faint|p1a: Terapagos\n|\n|win|xorialle\n|raw|nicotinepouch's rating: 1538 &rarr; <strong>1516</strong><br />(-22 for losing)\n|raw|xorialle's rating: 1504 &rarr; <strong>1526</strong><br />(+22 for winning)\n|l|☆xorialle\n|player|p2|\n|l|☆nicotinepouch\n|player|p1|\n", "uploadtime": 1771230962, "views": 12, "formatid": "gen9nationaldex", "rating": 1516, "private": 0, "password": null}