{"id": "gen9nationaldex-2540211499", "format": "[Gen 9] National Dex", "players": ["gottapokeemall", "Crsiu"], "log": "|j|☆gottapokeemall\n|j|☆Crsiu\n|t:|1771176308\n|gametype|singles\n|player|p1|gottapokeemall|flannery|1569\n|player|p2|Crsiu|n|1628\n|gen|9\n|tier|[Gen 9] National Dex\n|rated|\n|rule|HP Percentage Mod: HP is shown in percentages\n|rule|Endless Battle Clause: Forcing endless battles is banned\n|rule|Species Clause: Limit one of each Pokémon\n|rule|OHKO Clause: OHKO moves are banned\n|rule|Evasion Clause: Evasion abilities, items, and moves are banned\n|rule|Evasion Abilities Clause: Evasion abilities are banned\n|rule|Evasion Items Clause: Evasion items are banned\n|rule|Evasion Moves Clause: Evasion moves are banned\n|rule|Sleep Clause Mod: Limit one foe put to sleep\n|rule|Terastal Clause: You cannot Terastallize\n|clearpoke\n|poke|p1|Glimmora, F|\n|poke|p1|Latios, M|\n|poke|p1|Zapdos-Galar|\n|poke|p1|Basculegion-F, F|\n|poke|p1|Great Tusk|\n|poke|p1|Blacephalon|\n|poke|p2|Blaziken, F|\n|poke|p2|Tapu Lele|\n|poke|p2|Iron Treads|\n|poke|p2|Ninetales-Alola, F|\n|poke|p2|Raging Bolt|\n|poke|p2|Ursaluna, M|\n|teampreview\n|c|☆gottapokeemall|glhf\n|\n|t:|1771176314\n|teamsize|p1|6\n|teamsize|p2|6\n|start\n|switch|p1a: Glimmora|Glimmora, F|100/100\n|switch|p2a: Raging Bolt|Raging Bolt|100/100\n|turn|1\n|inactive|Battle timer is ON: inactive players will automatically lose when time's up. (requested by Crsiu)\n|\n|t:|1771176324\n|move|p1a: Glimmora|Spikes|p2a: Raging Bolt\n|-sidestart|p2: Crsiu|Spikes\n|move|p2a: Raging Bolt|Volt Switch|p1a: Glimmora\n|-damage|p1a: Glimmora|14/100\n|\n|t:|1771176329\n|-end|p2a: Raging Bolt|Protosynthesis|[silent]\n|switch|p2a: Iron Treads|Iron Treads|100/100|[from] Volt Switch\n|-damage|p2a: Iron Treads|88/100|[from] Spikes\n|\n|upkeep\n|turn|2\n|\n|t:|1771176332\n|switch|p1a: Basculegion|Basculegion-F, F|100/100\n|move|p2a: Iron Treads|Knock Off|p1a: Basculegion\n|-supereffective|p1a: Basculegion\n|-crit|p1a: Basculegion\n|-damage|p1a: Basculegion|0 fnt\n|-enditem|p1a: Basculegion|Spooky Plate|[from] move: Knock Off|[of] p2a: Iron Treads\n|faint|p1a: Basculegion\n|\n|upkeep\n|\n|t:|1771176337\n|switch|p1a: Blacephalon|Blacephalon|100/100\n|turn|3\n|\n|t:|1771176340\n|-end|p2a: Iron Treads|Quark Drive|[silent]\n|switch|p2a: Raging Bolt|Raging Bolt|100/100\n|-damage|p2a: Raging Bolt|88/100|[from] Spikes\n|move|p1a: Blacephalon|Flamethrower|p2a: Raging Bolt\n|-resisted|p2a: Raging Bolt\n|-crit|p2a: Raging Bolt\n|-damage|p2a: Raging Bolt|55/100\n|\n|upkeep\n|turn|4\n|\n|t:|1771176350\n|switch|p1a: Glimmora|Glimmora, F|14/100\n|move|p2a: Raging Bolt|Volt Switch|p1a: Glimmora\n|-damage|p1a: Glimmora|0 fnt\n|faint|p1a: Glimmora\n|\n|t:|1771176362\n|-end|p2a: Raging Bolt|Protosynthesis|[silent]\n|switch|p2a: Ursaluna|Ursaluna, M|100/100|[from] Volt Switch\n|-damage|p2a: Ursaluna|88/100|[from] Spikes\n|\n|-status|p2a: Ursaluna|brn|[from] item: Flame Orb\n|upkeep\n|\n|t:|1771176380\n|switch|p1a: Zapdos|Zapdos-Galar|100/100\n|turn|5\n|\n|t:|1771176385\n|switch|p2a: Tapu Lele|Tapu Lele|100/100\n|-damage|p2a: Tapu Lele|88/100|[from] Spikes\n|-fieldstart|move: Psychic Terrain|[from] ability: Psychic Surge|[of] p2a: Tapu Lele\n|move|p1a: Zapdos|U-turn|p2a: Tapu Lele\n|-damage|p2a: Tapu Lele|52/100\n|\n|t:|1771176398\n|switch|p1a: Blacephalon|Blacephalon|100/100|[from] U-turn\n|\n|upkeep\n|turn|6\n|\n|t:|1771176404\n|switch|p2a: Raging Bolt|Raging Bolt|55/100\n|-damage|p2a: Raging Bolt|43/100|[from] Spikes\n|move|p1a: Blacephalon|Flamethrower|p2a: Raging Bolt\n|-resisted|p2a: Raging Bolt\n|-damage|p2a: Raging Bolt|21/100\n|\n|upkeep\n|turn|7\n|\n|t:|1771176417\n|-end|p2a: Raging Bolt|Protosynthesis|[silent]\n|switch|p2a: Blaziken|Blaziken, F, shiny|100/100\n|-damage|p2a: Blaziken|88/100|[from] Spikes\n|move|p1a: Blacephalon|Flamethrower|p2a: Blaziken\n|-resisted|p2a: Blaziken\n|-damage|p2a: Blaziken|46/100\n|\n|upkeep\n|turn|8\n|\n|t:|1771176426\n|switch|p1a: Zapdos|Zapdos-Galar|100/100\n|move|p2a: Blaziken|Blaze Kick|p1a: Zapdos\n|-damage|p1a: Zapdos|46/100\n|\n|-ability|p2a: Blaziken|Speed Boost|boost\n|-boost|p2a: Blaziken|spe|1\n|upkeep\n|turn|9\n|\n|t:|1771176431\n|move|p2a: Blaziken|Endure|p2a: Blaziken\n|-singleturn|p2a: Blaziken|move: Endure\n|move|p1a: Zapdos|Brave Bird|p2a: Blaziken\n|-supereffective|p2a: Blaziken\n|-activate|p2a: Blaziken|move: Endure\n|-damage|p2a: Blaziken|1/100\n|-damage|p1a: Zapdos|32/100|[from] Recoil\n|\n|-fieldend|move: Psychic Terrain\n|-ability|p2a: Blaziken|Speed Boost|boost\n|-boost|p2a: Blaziken|spe|1\n|upkeep\n|turn|10\n|\n|t:|1771176439\n|move|p2a: Blaziken|Reversal|p1a: Zapdos\n|-resisted|p1a: Zapdos\n|-damage|p1a: Zapdos|0 fnt\n|faint|p1a: Zapdos\n|\n|-ability|p2a: Blaziken|Speed Boost|boost\n|-boost|p2a: Blaziken|spe|1\n|upkeep\n|c|☆gottapokeemall|uh oh\n|\n|t:|1771176444\n|switch|p1a: Latios|Latios, M|100/100\n|turn|11\n|\n|t:|1771176454\n|switch|p2a: Raging Bolt|Raging Bolt|21/100\n|-damage|p2a: Raging Bolt|9/100|[from] Spikes\n|detailschange|p1a: Latios|Latios-Mega, M\n|-mega|p1a: Latios|Latios|Latiosite\n|move|p1a: Latios|Luster Purge|p2a: Raging Bolt\n|-damage|p2a: Raging Bolt|0 fnt\n|faint|p2a: Raging Bolt\n|-end|p2a: Raging Bolt|Protosynthesis|[silent]\n|\n|upkeep\n|\n|t:|1771176459\n|switch|p2a: Ninetales|Ninetales-Alola, F|100/100\n|-damage|p2a: Ninetales|88/100|[from] Spikes\n|-weather|Snowscape|[from] ability: Snow Warning|[of] p2a: Ninetales\n|turn|12\n|\n|t:|1771176464\n|move|p1a: Latios|Thunder Wave|p2a: Ninetales\n|-status|p2a: Ninetales|par\n|move|p2a: Ninetales|Aurora Veil|p2a: Ninetales\n|-sidestart|p2: Crsiu|move: Aurora Veil\n|\n|-weather|Snowscape|[upkeep]\n|upkeep\n|turn|13\n|\n|t:|1771176470\n|switch|p2a: Iron Treads|Iron Treads|88/100\n|-damage|p2a: Iron Treads|76/100|[from] Spikes\n|move|p1a: Latios|Luster Purge|p2a: Iron Treads\n|-resisted|p2a: Iron Treads\n|-damage|p2a: Iron Treads|55/100\n|\n|-weather|Snowscape|[upkeep]\n|upkeep\n|turn|14\n|\n|t:|1771176479\n|switch|p1a: Great Tusk|Great Tusk|100/100\n|move|p2a: Iron Treads|Rapid Spin|p1a: Great Tusk\n|-damage|p1a: Great Tusk|89/100\n|-boost|p2a: Iron Treads|spe|1\n|-sideend|p2: Crsiu|Spikes|[from] move: Rapid Spin|[of] p2a: Iron Treads\n|\n|-weather|Snowscape|[upkeep]\n|upkeep\n|turn|15\n|\n|t:|1771176493\n|-end|p2a: Iron Treads|Quark Drive|[silent]\n|switch|p2a: Blaziken|Blaziken, F, shiny|1/100\n|move|p1a: Great Tusk|Stealth Rock|p2a: Blaziken\n|-sidestart|p2: Crsiu|move: Stealth Rock\n|\n|-weather|Snowscape|[upkeep]\n|upkeep\n|turn|16\n|\n|t:|1771176498\n|move|p1a: Great Tusk|Rapid Spin|p2a: Blaziken\n|-crit|p2a: Blaziken\n|-damage|p2a: Blaziken|0 fnt\n|-boost|p1a: Great Tusk|spe|1\n|faint|p2a: Blaziken\n|\n|-weather|none\n|upkeep\n|\n|t:|1771176500\n|switch|p2a: Iron Treads|Iron Treads|55/100\n|-damage|p2a: Iron Treads|52/100|[from] Stealth Rock\n|turn|17\n|\n|t:|1771176502\n|move|p1a: Great Tusk|Headlong Rush|p2a: Iron Treads\n|-supereffective|p2a: Iron Treads\n|-damage|p2a: Iron Treads|0 fnt\n|-unboost|p1a: Great Tusk|def|1\n|-unboost|p1a: Great Tusk|spd|1\n|faint|p2a: Iron Treads\n|-end|p2a: Iron Treads|Quark Drive|[silent]\n|\n|upkeep\n|\n|t:|1771176506\n|switch|p2a: Tapu Lele|Tapu Lele|52/100\n|-damage|p2a: Tapu Lele|39/100|[from] Stealth Rock\n|-fieldstart|move: Psychic Terrain|[from] ability: Psychic Surge|[of] p2a: Tapu Lele\n|turn|18\n|\n|t:|1771176512\n|move|p2a: Tapu Lele|Psychic|p1a: Great Tusk\n|-supereffective|p1a: Great Tusk\n|-damage|p1a: Great Tusk|0 fnt\n|faint|p1a: Great Tusk\n|-end|p1a: Great Tusk|Protosynthesis|[silent]\n|\n|upkeep\n|\n|t:|1771176525\n|switch|p1a: Blacephalon|Blacephalon|100/100\n|turn|19\n|\n|t:|1771176531\n|switch|p1a: Latios|Latios-Mega, M|100/100\n|move|p2a: Tapu Lele|Psychic|p1a: Latios\n|-resisted|p1a: Latios\n|-damage|p1a: Latios|70/100\n|\n|-sideend|p2: Crsiu|move: Aurora Veil\n|upkeep\n|turn|20\n|\n|t:|1771176535\n|switch|p2a: Ninetales|Ninetales-Alola, F|88/100 par\n|-damage|p2a: Ninetales|63/100 par|[from] Stealth Rock\n|-weather|Snowscape|[from] ability: Snow Warning|[of] p2a: Ninetales\n|move|p1a: Latios|Luster Purge|p2a: Ninetales\n|-damage|p2a: Ninetales|1/100 par\n|-unboost|p2a: Ninetales|spd|1\n|\n|-weather|Snowscape|[upkeep]\n|upkeep\n|turn|21\n|\n|t:|1771176539\n|move|p1a: Latios|Ice Beam|p2a: Ninetales\n|-resisted|p2a: Ninetales\n|-damage|p2a: Ninetales|0 fnt\n|faint|p2a: Ninetales\n|\n|-weather|Snowscape|[upkeep]\n|upkeep\n|\n|t:|1771176541\n|switch|p2a: Ursaluna|Ursaluna, M|88/100 brn\n|-damage|p2a: Ursaluna|82/100 brn|[from] Stealth Rock\n|turn|22\n|\n|t:|1771176545\n|move|p1a: Latios|Luster Purge|p2a: Ursaluna\n|-damage|p2a: Ursaluna|32/100 brn\n|-unboost|p2a: Ursaluna|spd|1\n|move|p2a: Ursaluna|Facade|p1a: Latios\n|-damage|p1a: Latios|0 fnt\n|faint|p1a: Latios\n|detailschange|p1: Latios|Latios, M|[silent]\n|\n|-weather|Snowscape|[upkeep]\n|-damage|p2a: Ursaluna|26/100 brn|[from] brn\n|-fieldend|move: Psychic Terrain\n|upkeep\n|\n|t:|1771176549\n|switch|p1a: Blacephalon|Blacephalon|100/100\n|turn|23\n|\n|t:|1771176552\n|move|p1a: Blacephalon|Flamethrower|p2a: Ursaluna\n|-damage|p2a: Ursaluna|0 fnt\n|faint|p2a: Ursaluna\n|-ability|p1a: Blacephalon|Beast Boost|boost\n|-boost|p1a: Blacephalon|spa|1\n|\n|-weather|Snowscape|[upkeep]\n|upkeep\n|\n|t:|1771176554\n|switch|p2a: Tapu Lele|Tapu Lele|39/100\n|-damage|p2a: Tapu Lele|27/100|[from] Stealth Rock\n|-fieldstart|move: Psychic Terrain|[from] ability: Psychic Surge|[of] p2a: Tapu Lele\n|turn|24\n|c|☆gottapokeemall|gg\n|\n|t:|1771176557\n|move|p1a: Blacephalon|Flamethrower|p2a: Tapu Lele\n|-damage|p2a: Tapu Lele|0 fnt\n|faint|p2a: Tapu Lele\n|\n|win|gottapokeemall\n|raw|gottapokeemall's rating: 1569 &rarr; <strong>1591</strong><br />(+22 for winning)\n|raw|Crsiu's rating: 1603 &rarr; <strong>1581</strong><br />(-22 for losing)\n|l|☆gottapokeemall\n|player|p1|\n|l|☆Crsiu\n|player|p2|\n", "uploadtime": 1771176726, "views": 6, "formatid": "gen9nationaldex", "rating": 1581, "private": 0, "password": null}