{"id": "gen9nationaldex-2540213509", "format": "[Gen 9] National Dex", "players": ["Zoowahp", "Jaycobi1017"], "log": "|j|☆Zoowahp\n|j|☆Jaycobi1017\n|t:|1771176536\n|gametype|singles\n|player|p1|Zoowahp|2|1522\n|player|p2|Jaycobi1017|brycenman|1548\n|gen|9\n|tier|[Gen 9] National Dex\n|rated|\n|rule|HP Percentage Mod: HP is shown in percentages\n|rule|Endless Battle Clause: Forcing endless battles is banned\n|rule|Species Clause: Limit one of each Pokémon\n|rule|OHKO Clause: OHKO moves are banned\n|rule|Evasion Clause: Evasion abilities, items, and moves are banned\n|rule|Evasion Abilities Clause: Evasion abilities are banned\n|rule|Evasion Items Clause: Evasion items are banned\n|rule|Evasion Moves Clause: Evasion moves are banned\n|rule|Sleep Clause Mod: Limit one foe put to sleep\n|rule|Terastal Clause: You cannot Terastallize\n|clearpoke\n|poke|p1|Aerodactyl, M|\n|poke|p1|Latias, F|\n|poke|p1|Samurott-Hisui, M|\n|poke|p1|Heliolisk, F|\n|poke|p1|Great Tusk|\n|poke|p1|Iron Jugulis|\n|poke|p2|Aerodactyl, M|\n|poke|p2|Samurott-Hisui, M|\n|poke|p2|Scizor, M|\n|poke|p2|Iron Valiant|\n|poke|p2|Great Tusk|\n|poke|p2|Toxapex, M|\n|teampreview\n|inactive|Battle timer is ON: inactive players will automatically lose when time's up. (requested by Zoowahp)\n|inactive|Jaycobi1017 also wants the timer to be on.\n|\n|t:|1771176546\n|teamsize|p1|6\n|teamsize|p2|6\n|start\n|switch|p1a: Heliolisk|Heliolisk, F|100/100\n|switch|p2a: Samurott|Samurott-Hisui, M|100/100\n|-item|p1a: Heliolisk|Air Balloon\n|turn|1\n|\n|t:|1771176552\n|move|p1a: Heliolisk|Volt Switch|p2a: Samurott\n|-supereffective|p2a: Samurott\n|-enditem|p2a: Samurott|Focus Sash\n|-damage|p2a: Samurott|1/100\n|\n|t:|1771176556\n|switch|p1a: Great Tusk|Great Tusk|100/100|[from] Volt Switch\n|move|p2a: Samurott|Ceaseless Edge|p1a: Great Tusk\n|-resisted|p1a: Great Tusk\n|-damage|p1a: Great Tusk|83/100\n|-sidestart|p1: Zoowahp|Spikes\n|\n|upkeep\n|turn|2\n|\n|t:|1771176567\n|switch|p2a: Great Tusk|Great Tusk|100/100\n|-end|p1a: Great Tusk|Protosynthesis|[silent]\n|switch|p1a: Heliolisk|Heliolisk, F|100/100\n|-item|p1a: Heliolisk|Air Balloon\n|\n|upkeep\n|turn|3\n|\n|t:|1771176581\n|move|p1a: Heliolisk|Glare|p2a: Great Tusk\n|-status|p2a: Great Tusk|par\n|move|p2a: Great Tusk|Stealth Rock|p1a: Heliolisk\n|-sidestart|p1: Zoowahp|move: Stealth Rock\n|\n|upkeep\n|turn|4\n|\n|t:|1771176590\n|move|p1a: Heliolisk|Surf|p2a: Great Tusk\n|-supereffective|p2a: Great Tusk\n|-damage|p2a: Great Tusk|20/100 par\n|cant|p2a: Great Tusk|par\n|\n|-heal|p2a: Great Tusk|26/100 par|[from] item: Leftovers\n|upkeep\n|turn|5\n|\n|t:|1771176594\n|-end|p2a: Great Tusk|Protosynthesis|[silent]\n|switch|p2a: Scizor|Scizor, M|100/100\n|move|p1a: Heliolisk|Surf|p2a: Scizor\n|-damage|p2a: Scizor|70/100\n|\n|upkeep\n|turn|6\n|\n|t:|1771176596\n|move|p1a: Heliolisk|Glare|p2a: Scizor\n|-status|p2a: Scizor|par\n|move|p2a: Scizor|U-turn|p1a: Heliolisk\n|-damage|p1a: Heliolisk|0 fnt\n|-enditem|p1a: Heliolisk|Air Balloon\n|faint|p1a: Heliolisk\n|\n|t:|1771176608\n|switch|p2a: Samurott|Samurott-Hisui, M|1/100|[from] U-turn\n|\n|upkeep\n|\n|t:|1771176611\n|switch|p1a: Great Tusk|Great Tusk|83/100\n|-damage|p1a: Great Tusk|70/100|[from] Spikes\n|-damage|p1a: Great Tusk|67/100|[from] Stealth Rock\n|turn|7\n|\n|t:|1771176625\n|switch|p2a: Scizor|Scizor, M|70/100 par\n|move|p1a: Great Tusk|Rapid Spin|p2a: Scizor\n|-resisted|p2a: Scizor\n|-damage|p2a: Scizor|61/100 par\n|-boost|p1a: Great Tusk|spe|1\n|-sideend|p1: Zoowahp|Spikes|[from] move: Rapid Spin|[of] p1a: Great Tusk\n|-sideend|p1: Zoowahp|Stealth Rock|[from] move: Rapid Spin|[of] p1a: Great Tusk\n|\n|upkeep\n|turn|8\n|\n|t:|1771176633\n|move|p2a: Scizor|Bullet Punch|p1a: Great Tusk\n|-damage|p1a: Great Tusk|30/100\n|move|p1a: Great Tusk|Earthquake|p2a: Scizor\n|-damage|p2a: Scizor|3/100 par\n|\n|upkeep\n|turn|9\n|\n|t:|1771176637\n|cant|p2a: Scizor|par\n|move|p1a: Great Tusk|Earthquake|p2a: Scizor\n|-damage|p2a: Scizor|0 fnt\n|faint|p2a: Scizor\n|\n|upkeep\n|\n|t:|1771176641\n|switch|p2a: Iron Valiant|Iron Valiant|100/100\n|-enditem|p2a: Iron Valiant|Booster Energy\n|-activate|p2a: Iron Valiant|ability: Quark Drive|[fromitem]\n|-start|p2a: Iron Valiant|quarkdrivespe\n|turn|10\n|\n|t:|1771176648\n|move|p2a: Iron Valiant|Moonblast|p1a: Great Tusk\n|-supereffective|p1a: Great Tusk\n|-damage|p1a: Great Tusk|0 fnt\n|faint|p1a: Great Tusk\n|-end|p1a: Great Tusk|Protosynthesis|[silent]\n|\n|upkeep\n|\n|t:|1771176650\n|switch|p1a: Samurott|Samurott-Hisui, M|100/100\n|turn|11\n|\n|t:|1771176653\n|move|p2a: Iron Valiant|Moonblast|p1a: Samurott\n|-supereffective|p1a: Samurott\n|-enditem|p1a: Samurott|Focus Sash\n|-damage|p1a: Samurott|1/100\n|move|p1a: Samurott|Aqua Cutter|p2a: Iron Valiant\n|-damage|p2a: Iron Valiant|29/100\n|\n|upkeep\n|turn|12\n|\n|t:|1771176659\n|move|p1a: Samurott|Aqua Jet|p2a: Iron Valiant\n|-damage|p2a: Iron Valiant|5/100\n|move|p2a: Iron Valiant|Moonblast|p1a: Samurott\n|-supereffective|p1a: Samurott\n|-damage|p1a: Samurott|0 fnt\n|faint|p1a: Samurott\n|\n|upkeep\n|\n|t:|1771176665\n|switch|p1a: Aerodactyl|Aerodactyl, M|100/100\n|-ability|p1a: Aerodactyl|Pressure\n|turn|13\n|\n|t:|1771176672\n|detailschange|p1a: Aerodactyl|Aerodactyl-Mega, M\n|-mega|p1a: Aerodactyl|Aerodactyl|Aerodactylite\n|move|p2a: Iron Valiant|Moonblast|p1a: Aerodactyl\n|-damage|p1a: Aerodactyl|43/100\n|-unboost|p1a: Aerodactyl|spa|1\n|move|p1a: Aerodactyl|Dragon Dance|p1a: Aerodactyl\n|-boost|p1a: Aerodactyl|atk|1\n|-boost|p1a: Aerodactyl|spe|1\n|\n|upkeep\n|turn|14\n|\n|t:|1771176696\n|-end|p2a: Iron Valiant|Quark Drive|[silent]\n|switch|p2a: Great Tusk|Great Tusk|26/100 par\n|move|p1a: Aerodactyl|Earthquake|p2a: Great Tusk\n|-damage|p2a: Great Tusk|0 fnt\n|faint|p2a: Great Tusk\n|-end|p2a: Great Tusk|Protosynthesis|[silent]\n|\n|upkeep\n|\n|t:|1771176701\n|switch|p2a: Samurott|Samurott-Hisui, M|1/100\n|turn|15\n|\n|t:|1771176704\n|move|p2a: Samurott|Sucker Punch|p1a: Aerodactyl\n|-damage|p1a: Aerodactyl|0 fnt\n|faint|p1a: Aerodactyl\n|detailschange|p1: Aerodactyl|Aerodactyl, M|[silent]\n|\n|upkeep\n|\n|t:|1771176707\n|switch|p1a: Iron Jugulis|Iron Jugulis, shiny|100/100\n|-enditem|p1a: Iron Jugulis|Booster Energy\n|-activate|p1a: Iron Jugulis|ability: Quark Drive|[fromitem]\n|-start|p1a: Iron Jugulis|quarkdrivespe\n|turn|16\n|\n|t:|1771176709\n|move|p1a: Iron Jugulis|Charge Beam|p2a: Samurott\n|-supereffective|p2a: Samurott\n|-damage|p2a: Samurott|0 fnt\n|faint|p2a: Samurott\n|\n|upkeep\n|\n|t:|1771176717\n|switch|p2a: Aerodactyl|Aerodactyl, M|100/100\n|-ability|p2a: Aerodactyl|Pressure\n|turn|17\n|\n|t:|1771176721\n|detailschange|p2a: Aerodactyl|Aerodactyl-Mega, M\n|-mega|p2a: Aerodactyl|Aerodactyl|Aerodactylite\n|move|p1a: Iron Jugulis|Dark Pulse|p2a: Aerodactyl\n|-damage|p2a: Aerodactyl|57/100\n|move|p2a: Aerodactyl|Stone Edge|p1a: Iron Jugulis\n|-supereffective|p1a: Iron Jugulis\n|-damage|p1a: Iron Jugulis|0 fnt\n|faint|p1a: Iron Jugulis\n|-end|p1a: Iron Jugulis|Quark Drive|[silent]\n|\n|upkeep\n|-message|Zoowahp forfeited.\n|\n|win|Jaycobi1017\n|raw|Zoowahp's rating: 1522 &rarr; <strong>1503</strong><br />(-19 for losing)\n|raw|Jaycobi1017's rating: 1548 &rarr; <strong>1567</strong><br />(+19 for winning)\n|l|☆Zoowahp\n|player|p1|\n|l|☆Jaycobi1017\n|player|p2|\n", "uploadtime": 1771176998, "views": 16, "formatid": "gen9nationaldex", "rating": 1503, "private": 0, "password": null}