{"id": "gen9nationaldex-2540645148", "format": "[Gen 9] National Dex", "players": ["Crsiu", "prithalt67"], "log": "|j|☆Crsiu\n|j|‽prithalt67\n|t:|1771233256\n|gametype|singles\n|player|p1|Crsiu|n|1498\n|player|p2|prithalt67|n|1615\n|gen|9\n|tier|[Gen 9] National Dex\n|rated|\n|rule|HP Percentage Mod: HP is shown in percentages\n|rule|Endless Battle Clause: Forcing endless battles is banned\n|rule|Species Clause: Limit one of each Pokémon\n|rule|OHKO Clause: OHKO moves are banned\n|rule|Evasion Clause: Evasion abilities, items, and moves are banned\n|rule|Evasion Abilities Clause: Evasion abilities are banned\n|rule|Evasion Items Clause: Evasion items are banned\n|rule|Evasion Moves Clause: Evasion moves are banned\n|rule|Sleep Clause Mod: Limit one foe put to sleep\n|rule|Terastal Clause: You cannot Terastallize\n|clearpoke\n|poke|p1|Blaziken, M|\n|poke|p1|Tapu Lele|\n|poke|p1|Iron Treads|\n|poke|p1|Iron Crown|\n|poke|p1|Hawlucha, F|\n|poke|p1|Kingambit, F|\n|poke|p2|Charizard, F|\n|poke|p2|Hatterene, F|\n|poke|p2|Heatran, F|\n|poke|p2|Brute Bonnet|\n|poke|p2|Raging Bolt|\n|poke|p2|Great Tusk|\n|teampreview\n|inactive|Battle timer is ON: inactive players will automatically lose when time's up. (requested by prithalt67)\n|\n|t:|1771233272\n|teamsize|p1|6\n|teamsize|p2|6\n|start\n|switch|p1a: Tapu Lele|Tapu Lele|100/100\n|switch|p2a: Charizard|Charizard, F|100/100\n|-fieldstart|move: Psychic Terrain|[from] ability: Psychic Surge|[of] p1a: Tapu Lele\n|turn|1\n|\n|t:|1771233283\n|detailschange|p2a: Charizard|Charizard-Mega-Y, F\n|-mega|p2a: Charizard|Charizard|Charizardite Y\n|-weather|SunnyDay|[from] ability: Drought|[of] p2a: Charizard\n|move|p2a: Charizard|Weather Ball|p1a: Tapu Lele\n|-damage|p1a: Tapu Lele|1/100\n|move|p1a: Tapu Lele|Thunderbolt|p2a: Charizard\n|-supereffective|p2a: Charizard\n|-damage|p2a: Charizard|49/100\n|\n|-weather|SunnyDay|[upkeep]\n|upkeep\n|turn|2\n|\n|t:|1771233292\n|switch|p1a: Iron Treads|Iron Treads|100/100\n|move|p2a: Charizard|Scorching Sands|p1a: Iron Treads\n|-supereffective|p1a: Iron Treads\n|-damage|p1a: Iron Treads|13/100\n|\n|-weather|SunnyDay|[upkeep]\n|upkeep\n|turn|3\n|\n|t:|1771233298\n|move|p1a: Iron Treads|Stealth Rock|p2a: Charizard\n|-sidestart|p2: prithalt67|move: Stealth Rock\n|move|p2a: Charizard|Roost|p2a: Charizard\n|-heal|p2a: Charizard|99/100\n|-singleturn|p2a: Charizard|move: Roost\n|\n|-weather|SunnyDay|[upkeep]\n|upkeep\n|turn|4\n|\n|t:|1771233305\n|move|p1a: Iron Treads|Ice Spinner|p2a: Charizard\n|-damage|p2a: Charizard|70/100\n|-fieldend|move: Psychic Terrain\n|move|p2a: Charizard|Weather Ball|p1a: Iron Treads\n|-supereffective|p1a: Iron Treads\n|-damage|p1a: Iron Treads|0 fnt\n|faint|p1a: Iron Treads\n|-end|p1a: Iron Treads|Quark Drive|[silent]\n|\n|-weather|SunnyDay|[upkeep]\n|upkeep\n|\n|t:|1771233318\n|switch|p1a: Iron Crown|Iron Crown|100/100\n|turn|5\n|\n|t:|1771233322\n|move|p1a: Iron Crown|Volt Switch|p2a: Charizard\n|-supereffective|p2a: Charizard\n|-damage|p2a: Charizard|29/100\n|\n|t:|1771233326\n|-end|p1a: Iron Crown|Quark Drive|[silent]\n|switch|p1a: Tapu Lele|Tapu Lele|1/100|[from] Volt Switch\n|-fieldstart|move: Psychic Terrain|[from] ability: Psychic Surge|[of] p1a: Tapu Lele\n|move|p2a: Charizard|Weather Ball|p1a: Tapu Lele\n|-crit|p1a: Tapu Lele\n|-damage|p1a: Tapu Lele|0 fnt\n|faint|p1a: Tapu Lele\n|\n|-weather|none\n|upkeep\n|\n|t:|1771233345\n|switch|p1a: Hawlucha|Hawlucha, F|100/100\n|-enditem|p1a: Hawlucha|Psychic Seed\n|-boost|p1a: Hawlucha|spd|1|[from] item: Psychic Seed\n|turn|6\n|\n|t:|1771233356\n|switch|p2a: Hatterene|Hatterene, F|100/100\n|-damage|p2a: Hatterene|88/100|[from] Stealth Rock\n|move|p1a: Hawlucha|Swords Dance|p1a: Hawlucha\n|-boost|p1a: Hawlucha|atk|2\n|\n|upkeep\n|turn|7\n|\n|t:|1771233364\n|move|p1a: Hawlucha|Acrobatics|p2a: Hatterene\n|-damage|p2a: Hatterene|0 fnt\n|faint|p2a: Hatterene\n|\n|upkeep\n|\n|t:|1771233375\n|switch|p2a: Great Tusk|Great Tusk|100/100\n|-damage|p2a: Great Tusk|97/100|[from] Stealth Rock\n|-enditem|p2a: Great Tusk|Booster Energy\n|-activate|p2a: Great Tusk|ability: Protosynthesis|[fromitem]\n|-start|p2a: Great Tusk|protosynthesisspe\n|turn|8\n|\n|t:|1771233378\n|move|p1a: Hawlucha|Acrobatics|p2a: Great Tusk\n|-supereffective|p2a: Great Tusk\n|-damage|p2a: Great Tusk|0 fnt\n|faint|p2a: Great Tusk\n|-end|p2a: Great Tusk|Protosynthesis|[silent]\n|\n|upkeep\n|\n|t:|1771233388\n|switch|p2a: Heatran|Heatran, F|100/100\n|-damage|p2a: Heatran|88/100|[from] Stealth Rock\n|turn|9\n|\n|t:|1771233392\n|switch|p2a: Charizard|Charizard-Mega-Y, F|29/100\n|-damage|p2a: Charizard|0 fnt|[from] Stealth Rock\n|faint|p2a: Charizard\n|detailschange|p2: Charizard|Charizard, F|[silent]\n|move|p1a: Hawlucha|Close Combat|p2: Charizard|[notarget]\n|-fail|p1a: Hawlucha\n|\n|upkeep\n|\n|t:|1771233396\n|switch|p2a: Raging Bolt|Raging Bolt|100/100\n|-damage|p2a: Raging Bolt|88/100|[from] Stealth Rock\n|turn|10\n|\n|t:|1771233403\n|move|p2a: Raging Bolt|Thunderclap|p1a: Hawlucha\n|-hint|Psychic Terrain doesn't affect Pokémon immune to Ground.\n|-supereffective|p1a: Hawlucha\n|-damage|p1a: Hawlucha|12/100\n|move|p1a: Hawlucha|Close Combat|p2a: Raging Bolt\n|-damage|p2a: Raging Bolt|4/100\n|-unboost|p1a: Hawlucha|def|1\n|-unboost|p1a: Hawlucha|spd|1\n|\n|upkeep\n|turn|11\n|\n|t:|1771233414\n|switch|p1a: Iron Crown|Iron Crown|100/100\n|move|p2a: Raging Bolt|Thunderclap||[still]\n|-fail|p2a: Raging Bolt\n|\n|upkeep\n|turn|12\n|\n|t:|1771233418\n|move|p1a: Iron Crown|Volt Switch|p2a: Raging Bolt\n|-resisted|p2a: Raging Bolt\n|-damage|p2a: Raging Bolt|1/100\n|\n|t:|1771233421\n|-end|p1a: Iron Crown|Quark Drive|[silent]\n|switch|p1a: Hawlucha|Hawlucha, F|12/100|[from] Volt Switch\n|move|p2a: Raging Bolt|Thunderbolt|p1a: Hawlucha\n|-supereffective|p1a: Hawlucha\n|-damage|p1a: Hawlucha|0 fnt\n|faint|p1a: Hawlucha\n|\n|-fieldend|move: Psychic Terrain\n|upkeep\n|\n|t:|1771233428\n|switch|p1a: Iron Crown|Iron Crown|100/100\n|turn|13\n|\n|t:|1771233431\n|move|p2a: Raging Bolt|Thunderclap|p1a: Iron Crown\n|-damage|p1a: Iron Crown|60/100\n|move|p1a: Iron Crown|Volt Switch|p2a: Raging Bolt\n|-resisted|p2a: Raging Bolt\n|-damage|p2a: Raging Bolt|0 fnt\n|faint|p2a: Raging Bolt\n|-end|p2a: Raging Bolt|Protosynthesis|[silent]\n|\n|t:|1771233440\n|-end|p1a: Iron Crown|Quark Drive|[silent]\n|switch|p1a: Blaziken|Blaziken, M, shiny|100/100|[from] Volt Switch\n|\n|upkeep\n|\n|t:|1771233443\n|switch|p2a: Brute Bonnet|Brute Bonnet|100/100\n|-damage|p2a: Brute Bonnet|88/100|[from] Stealth Rock\n|turn|14\n|\n|t:|1771233449\n|switch|p1a: Iron Crown|Iron Crown|60/100\n|move|p2a: Brute Bonnet|Spore|p1a: Iron Crown\n|-status|p1a: Iron Crown|slp|[from] move: Spore\n|\n|upkeep\n|turn|15\n|\n|t:|1771233453\n|-end|p1a: Iron Crown|Quark Drive|[silent]\n|switch|p1a: Kingambit|Kingambit, F|100/100\n|-activate|p1a: Kingambit|ability: Supreme Overlord\n|-start|p1a: Kingambit|fallen3|[silent]\n|move|p2a: Brute Bonnet|Crunch|p1a: Kingambit\n|-resisted|p1a: Kingambit\n|-damage|p1a: Kingambit|86/100\n|\n|upkeep\n|turn|16\n|\n|t:|1771233457\n|-end|p2a: Brute Bonnet|Protosynthesis|[silent]\n|switch|p2a: Heatran|Heatran, F|88/100\n|-damage|p2a: Heatran|76/100|[from] Stealth Rock\n|move|p1a: Kingambit|Low Kick|p2a: Heatran\n|-supereffective|p2a: Heatran\n|-damage|p2a: Heatran|0 fnt\n|faint|p2a: Heatran\n|\n|upkeep\n|-message|prithalt67 forfeited.\n|\n|win|Crsiu\n|raw|Crsiu's rating: 1477 &rarr; <strong>1505</strong><br />(+28 for winning)\n|raw|prithalt67's rating: 1615 &rarr; <strong>1587</strong><br />(-28 for losing)\n|l|‽prithalt67\n|player|p2|\n|l|☆Crsiu\n|player|p1|\n", "uploadtime": 1771233773, "views": 9, "formatid": "gen9nationaldex", "rating": 1505, "private": 0, "password": null}