{"id": "gen9nationaldex-2540581914", "format": "[Gen 9] National Dex", "players": ["redfoxTAP", "rainfarmer"], "log": "|j|☆redfoxTAP\n|j|☆rainfarmer\n|t:|1771221584\n|gametype|singles\n|player|p1|redfoxTAP|hiker-gen4|1493\n|player|p2|rainfarmer|101|1608\n|gen|9\n|tier|[Gen 9] National Dex\n|rated|\n|rule|HP Percentage Mod: HP is shown in percentages\n|rule|Endless Battle Clause: Forcing endless battles is banned\n|rule|Species Clause: Limit one of each Pokémon\n|rule|OHKO Clause: OHKO moves are banned\n|rule|Evasion Clause: Evasion abilities, items, and moves are banned\n|rule|Evasion Abilities Clause: Evasion abilities are banned\n|rule|Evasion Items Clause: Evasion items are banned\n|rule|Evasion Moves Clause: Evasion moves are banned\n|rule|Sleep Clause Mod: Limit one foe put to sleep\n|rule|Terastal Clause: You cannot Terastallize\n|clearpoke\n|poke|p1|Shedinja|\n|poke|p1|Blissey, F|\n|poke|p1|Toxapex, F|\n|poke|p1|Gholdengo|\n|poke|p1|Skarmory, M|\n|poke|p1|Gliscor, M|\n|poke|p2|Tapu Koko|\n|poke|p2|Kyurem|\n|poke|p2|Slowking-Galar, F|\n|poke|p2|Corviknight, M|\n|poke|p2|Gyarados, F|\n|poke|p2|Iron Treads|\n|teampreview\n|inactive|Battle timer is ON: inactive players will automatically lose when time's up. (requested by redfoxTAP)\n|\n|t:|1771221601\n|teamsize|p1|6\n|teamsize|p2|6\n|start\n|switch|p1a: Gliscor|Gliscor, M|100/100\n|switch|p2a: Kyurem|Kyurem|100/100\n|-ability|p2a: Kyurem|Pressure\n|turn|1\n|\n|t:|1771221604\n|move|p1a: Gliscor|Protect|p1a: Gliscor\n|-singleturn|p1a: Gliscor|Protect\n|move|p2a: Kyurem|Substitute|p2a: Kyurem\n|-start|p2a: Kyurem|Substitute\n|-damage|p2a: Kyurem|76/100\n|\n|-status|p1a: Gliscor|tox|[from] item: Toxic Orb\n|upkeep\n|turn|2\n|\n|t:|1771221615\n|switch|p1a: Blissey|Blissey, F|100/100\n|move|p2a: Kyurem|Freeze-Dry|p1a: Blissey\n|-damage|p1a: Blissey|90/100\n|\n|upkeep\n|turn|3\n|\n|t:|1771221620\n|move|p2a: Kyurem|Earth Power|p1a: Blissey\n|-damage|p1a: Blissey|81/100\n|move|p1a: Blissey|Seismic Toss|p2a: Kyurem\n|-activate|p2a: Kyurem|move: Substitute|[damage]\n|\n|upkeep\n|turn|4\n|\n|t:|1771221623\n|move|p2a: Kyurem|Earth Power|p1a: Blissey\n|-damage|p1a: Blissey|72/100\n|-unboost|p1a: Blissey|spd|1\n|move|p1a: Blissey|Seismic Toss|p2a: Kyurem\n|-end|p2a: Kyurem|Substitute\n|\n|upkeep\n|turn|5\n|\n|t:|1771221627\n|move|p2a: Kyurem|Substitute|p2a: Kyurem\n|-start|p2a: Kyurem|Substitute\n|-damage|p2a: Kyurem|51/100\n|move|p1a: Blissey|Wish|p1a: Blissey\n|\n|upkeep\n|turn|6\n|\n|t:|1771221631\n|move|p2a: Kyurem|Roost|p2a: Kyurem\n|-heal|p2a: Kyurem|100/100\n|-singleturn|p2a: Kyurem|move: Roost\n|move|p1a: Blissey|Calm Mind|p1a: Blissey\n|-boost|p1a: Blissey|spa|1\n|-boost|p1a: Blissey|spd|1\n|\n|-heal|p1a: Blissey|100/100|[from] move: Wish|[wisher] Blissey\n|upkeep\n|turn|7\n|\n|t:|1771221639\n|switch|p2a: Gyarados|Gyarados, F|100/100\n|-ability|p2a: Gyarados|Intimidate|boost\n|-unboost|p1a: Blissey|atk|1\n|move|p1a: Blissey|Calm Mind|p1a: Blissey\n|-boost|p1a: Blissey|spa|1\n|-boost|p1a: Blissey|spd|1\n|\n|upkeep\n|turn|8\n|\n|t:|1771221644\n|switch|p1a: Toxapex|Toxapex, F|100/100\n|detailschange|p2a: Gyarados|Gyarados-Mega, F\n|-mega|p2a: Gyarados|Gyarados|Gyaradosite\n|-ability|p2a: Gyarados|Mold Breaker\n|move|p2a: Gyarados|Dragon Dance|p2a: Gyarados\n|-boost|p2a: Gyarados|atk|1\n|-boost|p2a: Gyarados|spe|1\n|\n|upkeep\n|turn|9\n|\n|t:|1771221649\n|move|p2a: Gyarados|Earthquake|p1a: Toxapex\n|-supereffective|p1a: Toxapex\n|-damage|p1a: Toxapex|29/100\n|move|p1a: Toxapex|Toxic|p2a: Gyarados\n|-status|p2a: Gyarados|tox\n|\n|-damage|p2a: Gyarados|94/100 tox|[from] psn\n|upkeep\n|turn|10\n|\n|t:|1771221656\n|switch|p2a: Iron Treads|Iron Treads|100/100\n|switch|p1a: Skarmory|Skarmory, M|100/100\n|\n|upkeep\n|turn|11\n|\n|t:|1771221660\n|move|p2a: Iron Treads|Stealth Rock|p1a: Skarmory\n|-sidestart|p1: redfoxTAP|move: Stealth Rock\n|move|p1a: Skarmory|Iron Defense|p1a: Skarmory\n|-boost|p1a: Skarmory|def|2\n|\n|upkeep\n|turn|12\n|\n|t:|1771221663\n|-end|p2a: Iron Treads|Quark Drive|[silent]\n|switch|p2a: Tapu Koko|Tapu Koko|100/100\n|-fieldstart|move: Electric Terrain|[from] ability: Electric Surge|[of] p2a: Tapu Koko\n|move|p1a: Skarmory|Body Press|p2a: Tapu Koko\n|-resisted|p2a: Tapu Koko\n|-damage|p2a: Tapu Koko|56/100\n|\n|upkeep\n|turn|13\n|\n|t:|1771221667\n|switch|p1a: Gliscor|Gliscor, M|100/100 tox\n|-damage|p1a: Gliscor|88/100 tox|[from] Stealth Rock\n|move|p2a: Tapu Koko|U-turn|p1a: Gliscor\n|-resisted|p1a: Gliscor\n|-damage|p1a: Gliscor|82/100 tox\n|\n|t:|1771221670\n|switch|p2a: Kyurem|Kyurem|100/100|[from] U-turn\n|-ability|p2a: Kyurem|Pressure\n|\n|-heal|p1a: Gliscor|95/100 tox|[from] ability: Poison Heal\n|upkeep\n|turn|14\n|\n|t:|1771221676\n|switch|p2a: Gyarados|Gyarados-Mega, F|94/100 tox\n|-ability|p2a: Gyarados|Mold Breaker\n|move|p1a: Gliscor|Protect||[still]\n|-fail|p1a: Gliscor\n|\n|-damage|p2a: Gyarados|88/100 tox|[from] psn\n|-heal|p1a: Gliscor|100/100 tox|[from] ability: Poison Heal\n|upkeep\n|turn|15\n|\n|t:|1771221684\n|switch|p1a: Shedinja|Shedinja|100/100\n|move|p2a: Gyarados|Dragon Dance|p2a: Gyarados\n|-boost|p2a: Gyarados|atk|1\n|-boost|p2a: Gyarados|spe|1\n|\n|-damage|p2a: Gyarados|76/100 tox|[from] psn\n|upkeep\n|turn|16\n|\n|t:|1771221689\n|move|p1a: Shedinja|Protect|p1a: Shedinja\n|-singleturn|p1a: Shedinja|Protect\n|move|p2a: Gyarados|Crunch|p1a: Shedinja\n|-activate|p1a: Shedinja|move: Protect\n|\n|-damage|p2a: Gyarados|58/100 tox|[from] psn\n|-fieldend|move: Electric Terrain\n|upkeep\n|turn|17\n|\n|t:|1771221696\n|switch|p1a: Skarmory|Skarmory, M|100/100\n|-damage|p1a: Skarmory|88/100|[from] Stealth Rock\n|move|p2a: Gyarados|Crunch|p1a: Skarmory\n|-damage|p1a: Skarmory|41/100\n|-unboost|p1a: Skarmory|def|1\n|-damage|p2a: Gyarados|42/100 tox|[from] item: Rocky Helmet|[of] p1a: Skarmory\n|\n|-damage|p2a: Gyarados|17/100 tox|[from] psn\n|upkeep\n|turn|18\n|\n|t:|1771221707\n|switch|p1a: Toxapex|Toxapex, F|62/100\n|move|p2a: Gyarados|Crunch|p1a: Toxapex\n|-damage|p1a: Toxapex|21/100\n|\n|-damage|p2a: Gyarados|0 fnt|[from] psn\n|faint|p2a: Gyarados\n|detailschange|p2: Gyarados|Gyarados, F|[silent]\n|upkeep\n|\n|t:|1771221720\n|switch|p2a: Iron Treads|Iron Treads|100/100\n|turn|19\n|\n|t:|1771221724\n|switch|p1a: Skarmory|Skarmory, M|41/100\n|-damage|p1a: Skarmory|29/100|[from] Stealth Rock\n|move|p2a: Iron Treads|Earthquake|p1a: Skarmory\n|-immune|p1a: Skarmory\n|\n|upkeep\n|turn|20\n|\n|t:|1771221729\n|-zpower|p2a: Iron Treads\n|move|p2a: Iron Treads|Gigavolt Havoc|p1a: Skarmory|[zeffect]\n|-supereffective|p1a: Skarmory\n|-damage|p1a: Skarmory|0 fnt\n|faint|p1a: Skarmory\n|\n|upkeep\n|\n|t:|1771221741\n|switch|p1a: Gliscor|Gliscor, M|100/100 tox\n|-damage|p1a: Gliscor|88/100 tox|[from] Stealth Rock\n|turn|21\n|\n|t:|1771221758\n|-end|p2a: Iron Treads|Quark Drive|[silent]\n|switch|p2a: Corviknight|Corviknight, M|100/100\n|-ability|p2a: Corviknight|Pressure\n|move|p1a: Gliscor|Stealth Rock|p2a: Corviknight\n|-sidestart|p2: rainfarmer|move: Stealth Rock\n|\n|-heal|p1a: Gliscor|100/100 tox|[from] ability: Poison Heal\n|upkeep\n|turn|22\n|\n|t:|1771221762\n|switch|p1a: Gholdengo|Gholdengo|100/100\n|move|p2a: Corviknight|U-turn|p1a: Gholdengo\n|-resisted|p1a: Gholdengo\n|-damage|p1a: Gholdengo|98/100\n|\n|t:|1771221767\n|switch|p2a: Iron Treads|Iron Treads|100/100|[from] U-turn\n|-damage|p2a: Iron Treads|97/100|[from] Stealth Rock\n|\n|upkeep\n|turn|23\n|\n|t:|1771221775\n|-end|p2a: Iron Treads|Quark Drive|[silent]\n|switch|p2a: Slowking|Slowking-Galar, F|100/100\n|switch|p1a: Gliscor|Gliscor, M|100/100 tox\n|-damage|p1a: Gliscor|88/100 tox|[from] Stealth Rock\n|\n|-heal|p1a: Gliscor|100/100 tox|[from] ability: Poison Heal\n|upkeep\n|turn|24\n|\n|t:|1771221781\n|switch|p2a: Corviknight|Corviknight, M|100/100\n|-damage|p2a: Corviknight|88/100|[from] Stealth Rock\n|-ability|p2a: Corviknight|Pressure\n|move|p1a: Gliscor|Earthquake|p2a: Corviknight\n|-immune|p2a: Corviknight\n|\n|upkeep\n|turn|25\n|\n|t:|1771221787\n|switch|p1a: Shedinja|Shedinja|100/100\n|move|p2a: Corviknight|U-turn|p1a: Shedinja\n|-immune|p1a: Shedinja|[from] ability: Wonder Guard\n|\n|upkeep\n|turn|26\n|\n|t:|1771221791\n|move|p1a: Shedinja|Protect|p1a: Shedinja\n|-singleturn|p1a: Shedinja|Protect\n|move|p2a: Corviknight|Iron Defense|p2a: Corviknight\n|-boost|p2a: Corviknight|def|2\n|\n|upkeep\n|turn|27\n|\n|t:|1771221796\n|move|p1a: Shedinja|Will-O-Wisp|p2a: Corviknight\n|-status|p2a: Corviknight|brn\n|move|p2a: Corviknight|Iron Defense|p2a: Corviknight\n|-boost|p2a: Corviknight|def|2\n|\n|-damage|p2a: Corviknight|82/100 brn|[from] brn\n|upkeep\n|turn|28\n|\n|t:|1771221804\n|switch|p1a: Gliscor|Gliscor, M|100/100 tox\n|-damage|p1a: Gliscor|88/100 tox|[from] Stealth Rock\n|move|p2a: Corviknight|Iron Defense|p2a: Corviknight\n|-boost|p2a: Corviknight|def|2\n|\n|-heal|p1a: Gliscor|100/100 tox|[from] ability: Poison Heal\n|-damage|p2a: Corviknight|76/100 brn|[from] brn\n|upkeep\n|turn|29\n|\n|t:|1771221810\n|move|p1a: Gliscor|Protect|p1a: Gliscor\n|-singleturn|p1a: Gliscor|Protect\n|move|p2a: Corviknight|Body Press|p1a: Gliscor\n|-activate|p1a: Gliscor|move: Protect\n|\n|-damage|p2a: Corviknight|70/100 brn|[from] brn\n|upkeep\n|turn|30\n|\n|t:|1771221815\n|switch|p1a: Shedinja|Shedinja|100/100\n|move|p2a: Corviknight|Body Press|p1a: Shedinja\n|-immune|p1a: Shedinja|[from] ability: Wonder Guard\n|\n|-damage|p2a: Corviknight|64/100 brn|[from] brn\n|upkeep\n|turn|31\n|\n|t:|1771221819\n|move|p1a: Shedinja|Protect|p1a: Shedinja\n|-singleturn|p1a: Shedinja|Protect\n|move|p2a: Corviknight|Body Press|p1a: Shedinja\n|-activate|p1a: Shedinja|move: Protect\n|\n|-damage|p2a: Corviknight|58/100 brn|[from] brn\n|upkeep\n|turn|32\n|\n|t:|1771221828\n|switch|p1a: Gholdengo|Gholdengo|98/100\n|switch|p2a: Slowking|Slowking-Galar, F|100/100\n|\n|upkeep\n|turn|33\n|\n|t:|1771221835\n|move|p1a: Gholdengo|Nasty Plot|p1a: Gholdengo\n|-boost|p1a: Gholdengo|spa|2\n|-prepare|p2a: Slowking|Chilly Reception|[premajor]\n|move|p2a: Slowking|Chilly Reception|p2a: Slowking\n|-weather|Snowscape\n|\n|t:|1771221837\n|switch|p2a: Iron Treads|Iron Treads|97/100|[from] Chilly Reception\n|-damage|p2a: Iron Treads|94/100|[from] Stealth Rock\n|\n|-weather|Snowscape|[upkeep]\n|upkeep\n|turn|34\n|\n|t:|1771221844\n|switch|p1a: Gliscor|Gliscor, M|100/100 tox\n|-damage|p1a: Gliscor|88/100 tox|[from] Stealth Rock\n|move|p2a: Iron Treads|Earthquake|p1a: Gliscor\n|-immune|p1a: Gliscor\n|\n|-weather|Snowscape|[upkeep]\n|-heal|p1a: Gliscor|100/100 tox|[from] ability: Poison Heal\n|upkeep\n|turn|35\n|-message|rainfarmer forfeited.\n|\n|win|redfoxTAP\n|raw|redfoxTAP's rating: 1493 &rarr; <strong>1519</strong><br />(+26 for winning)\n|raw|rainfarmer's rating: 1608 &rarr; <strong>1582</strong><br />(-26 for losing)\n|l|☆rainfarmer\n|player|p2|\n|l|☆redfoxTAP\n|player|p1|\n", "uploadtime": 1771222137, "views": 6, "formatid": "gen9nationaldex", "rating": 1519, "private": 0, "password": null}