{"id": "gen9nationaldex-2540649360", "format": "[Gen 9] National Dex", "players": ["G6Gambit", "Crsiu"], "log": "|j|☆G6Gambit\n|j|☆Crsiu\n|t:|1771233998\n|gametype|singles\n|player|p1|G6Gambit|miku-ghost|1552\n|player|p2|Crsiu|n|1539\n|gen|9\n|tier|[Gen 9] National Dex\n|rated|\n|rule|HP Percentage Mod: HP is shown in percentages\n|rule|Endless Battle Clause: Forcing endless battles is banned\n|rule|Species Clause: Limit one of each Pokémon\n|rule|OHKO Clause: OHKO moves are banned\n|rule|Evasion Clause: Evasion abilities, items, and moves are banned\n|rule|Evasion Abilities Clause: Evasion abilities are banned\n|rule|Evasion Items Clause: Evasion items are banned\n|rule|Evasion Moves Clause: Evasion moves are banned\n|rule|Sleep Clause Mod: Limit one foe put to sleep\n|rule|Terastal Clause: You cannot Terastallize\n|clearpoke\n|poke|p1|Torkoal, F|\n|poke|p1|Charizard, M|\n|poke|p1|Gholdengo|\n|poke|p1|Landorus-Therian, M|\n|poke|p1|Raging Bolt|\n|poke|p1|Venusaur, F|\n|poke|p2|Blaziken, M|\n|poke|p2|Tapu Lele|\n|poke|p2|Iron Treads|\n|poke|p2|Iron Crown|\n|poke|p2|Hawlucha, F|\n|poke|p2|Kingambit, M|\n|teampreview\n|inactive|Battle timer is ON: inactive players will automatically lose when time's up. (requested by Crsiu)\n|j| repeatttt\n|\n|t:|1771234010\n|teamsize|p1|6\n|teamsize|p2|6\n|start\n|switch|p1a: Landorus|Landorus-Therian, M|100/100\n|switch|p2a: Iron Treads|Iron Treads|100/100\n|-ability|p1a: Landorus|Intimidate|boost\n|-unboost|p2a: Iron Treads|atk|1\n|turn|1\n|\n|t:|1771234021\n|move|p1a: Landorus|Earthquake|p2a: Iron Treads\n|-supereffective|p2a: Iron Treads\n|-enditem|p2a: Iron Treads|Focus Sash\n|-damage|p2a: Iron Treads|1/100\n|move|p2a: Iron Treads|Stealth Rock|p1a: Landorus\n|-sidestart|p1: G6Gambit|move: Stealth Rock\n|\n|upkeep\n|turn|2\n|\n|t:|1771234029\n|-end|p2a: Iron Treads|Quark Drive|[silent]\n|switch|p2a: Hawlucha|Hawlucha, F|100/100\n|move|p1a: Landorus|Earthquake|p2a: Hawlucha\n|-immune|p2a: Hawlucha\n|\n|upkeep\n|turn|3\n|\n|t:|1771234039\n|switch|p1a: Gholdengo|Gholdengo|100/100\n|-damage|p1a: Gholdengo|94/100|[from] Stealth Rock\n|switch|p2a: Iron Treads|Iron Treads|1/100\n|\n|upkeep\n|turn|4\n|\n|t:|1771234054\n|switch|p1a: Landorus|Landorus-Therian, M|100/100\n|-damage|p1a: Landorus|88/100|[from] Stealth Rock\n|-ability|p1a: Landorus|Intimidate|boost\n|-unboost|p2a: Iron Treads|atk|1\n|move|p2a: Iron Treads|Knock Off|p1a: Landorus\n|-damage|p1a: Landorus|62/100\n|-enditem|p1a: Landorus|Choice Scarf|[from] move: Knock Off|[of] p2a: Iron Treads\n|\n|upkeep\n|turn|5\n|\n|t:|1771234064\n|move|p2a: Iron Treads|Endeavor|p1a: Landorus\n|-damage|p1a: Landorus|1/100\n|move|p1a: Landorus|Defog|p2a: Iron Treads\n|-unboost|p2a: Iron Treads|evasion|1\n|-sideend|p1: G6Gambit|Stealth Rock|[from] move: Defog|[of] p1a: Landorus\n|\n|upkeep\n|turn|6\n|\n|t:|1771234071\n|switch|p1a: Torkoal|Torkoal, F|100/100\n|-weather|SunnyDay|[from] ability: Drought|[of] p1a: Torkoal\n|move|p2a: Iron Treads|Rapid Spin|p1a: Torkoal\n|-damage|p1a: Torkoal|92/100\n|-boost|p2a: Iron Treads|spe|1\n|\n|-weather|SunnyDay|[upkeep]\n|upkeep\n|turn|7\n|\n|t:|1771234084\n|move|p2a: Iron Treads|Endeavor|p1a: Torkoal\n|-damage|p1a: Torkoal|1/100\n|move|p1a: Torkoal|Rapid Spin|p2a: Iron Treads\n|-resisted|p2a: Iron Treads\n|-damage|p2a: Iron Treads|0 fnt\n|-boost|p1a: Torkoal|spe|1\n|faint|p2a: Iron Treads\n|-end|p2a: Iron Treads|Quark Drive|[silent]\n|\n|-weather|SunnyDay|[upkeep]\n|upkeep\n|\n|t:|1771234097\n|switch|p2a: Tapu Lele|Tapu Lele|100/100\n|-fieldstart|move: Psychic Terrain|[from] ability: Psychic Surge|[of] p2a: Tapu Lele\n|turn|8\n|\n|t:|1771234106\n|switch|p1a: Landorus|Landorus-Therian, M|1/100\n|-ability|p1a: Landorus|Intimidate|boost\n|-unboost|p2a: Tapu Lele|atk|1\n|move|p2a: Tapu Lele|Thunderbolt|p1a: Landorus\n|-immune|p1a: Landorus\n|\n|-weather|SunnyDay|[upkeep]\n|upkeep\n|turn|9\n|\n|t:|1771234115\n|move|p1a: Landorus|Earthquake|p2a: Tapu Lele\n|-damage|p2a: Tapu Lele|17/100\n|move|p2a: Tapu Lele|Moonblast|p1a: Landorus\n|-damage|p1a: Landorus|0 fnt\n|faint|p1a: Landorus\n|\n|-weather|SunnyDay|[upkeep]\n|upkeep\n|\n|t:|1771234129\n|switch|p1a: Venusaur|Venusaur, F|100/100\n|turn|10\n|\n|t:|1771234142\n|switch|p2a: Hawlucha|Hawlucha, F|100/100\n|-enditem|p2a: Hawlucha|Psychic Seed\n|-boost|p2a: Hawlucha|spd|1|[from] item: Psychic Seed\n|move|p1a: Venusaur|Weather Ball|p2a: Hawlucha\n|-damage|p2a: Hawlucha|26/100\n|-damage|p1a: Venusaur|91/100|[from] item: Life Orb\n|\n|-weather|SunnyDay|[upkeep]\n|upkeep\n|turn|11\n|\n|t:|1771234157\n|move|p2a: Hawlucha|Acrobatics|p1a: Venusaur\n|-supereffective|p1a: Venusaur\n|-damage|p1a: Venusaur|0 fnt\n|faint|p1a: Venusaur\n|\n|-weather|SunnyDay|[upkeep]\n|upkeep\n|\n|t:|1771234164\n|switch|p1a: Raging Bolt|Raging Bolt|100/100\n|-activate|p1a: Raging Bolt|ability: Protosynthesis\n|-start|p1a: Raging Bolt|protosynthesisspa\n|turn|12\n|\n|t:|1771234171\n|move|p2a: Hawlucha|Close Combat|p1a: Raging Bolt\n|-damage|p1a: Raging Bolt|46/100\n|-unboost|p2a: Hawlucha|def|1\n|-unboost|p2a: Hawlucha|spd|1\n|move|p1a: Raging Bolt|Calm Mind|p1a: Raging Bolt\n|-boost|p1a: Raging Bolt|spa|1\n|-boost|p1a: Raging Bolt|spd|1\n|\n|-weather|SunnyDay|[upkeep]\n|upkeep\n|turn|13\n|\n|t:|1771234192\n|move|p1a: Raging Bolt|Thunderclap|p2a: Hawlucha\n|-hint|Psychic Terrain doesn't affect Pokémon immune to Ground.\n|-supereffective|p2a: Hawlucha\n|-damage|p2a: Hawlucha|0 fnt\n|faint|p2a: Hawlucha\n|\n|-weather|none\n|-end|p1a: Raging Bolt|Protosynthesis\n|upkeep\n|\n|t:|1771234195\n|switch|p2a: Iron Crown|Iron Crown|100/100\n|turn|14\n|\n|t:|1771234202\n|move|p2a: Iron Crown|Expanding Force|p1a: Raging Bolt\n|-damage|p1a: Raging Bolt|0 fnt\n|faint|p1a: Raging Bolt\n|-end|p1a: Raging Bolt|Protosynthesis|[silent]\n|\n|upkeep\n|\n|t:|1771234215\n|switch|p1a: Torkoal|Torkoal, F|1/100\n|-weather|SunnyDay|[from] ability: Drought|[of] p1a: Torkoal\n|turn|15\n|\n|t:|1771234220\n|move|p2a: Iron Crown|Expanding Force|p1a: Torkoal\n|-damage|p1a: Torkoal|0 fnt\n|faint|p1a: Torkoal\n|\n|-weather|SunnyDay|[upkeep]\n|-fieldend|move: Psychic Terrain\n|upkeep\n|\n|t:|1771234222\n|switch|p1a: Charizard|Charizard, M|100/100\n|turn|16\n|\n|t:|1771234230\n|-end|p2a: Iron Crown|Quark Drive|[silent]\n|switch|p2a: Tapu Lele|Tapu Lele|17/100\n|-fieldstart|move: Psychic Terrain|[from] ability: Psychic Surge|[of] p2a: Tapu Lele\n|detailschange|p1a: Charizard|Charizard-Mega-X, M\n|-mega|p1a: Charizard|Charizard|Charizardite X\n|move|p1a: Charizard|Flare Blitz|p2a: Tapu Lele\n|-damage|p2a: Tapu Lele|0 fnt\n|faint|p2a: Tapu Lele\n|-damage|p1a: Charizard|95/100|[from] Recoil\n|\n|-weather|SunnyDay|[upkeep]\n|upkeep\n|\n|t:|1771234242\n|switch|p2a: Blaziken|Blaziken, M, shiny|100/100\n|turn|17\n|\n|t:|1771234247\n|move|p1a: Charizard|Dragon Dance|p1a: Charizard\n|-boost|p1a: Charizard|atk|1\n|-boost|p1a: Charizard|spe|1\n|move|p2a: Blaziken|Swords Dance|p2a: Blaziken\n|-boost|p2a: Blaziken|atk|2\n|\n|-weather|SunnyDay|[upkeep]\n|-ability|p2a: Blaziken|Speed Boost|boost\n|-boost|p2a: Blaziken|spe|1\n|upkeep\n|turn|18\n|\n|t:|1771234254\n|move|p1a: Charizard|Earthquake|p2a: Blaziken\n|-supereffective|p2a: Blaziken\n|-enditem|p2a: Blaziken|Focus Sash\n|-damage|p2a: Blaziken|1/100\n|move|p2a: Blaziken|Swords Dance|p2a: Blaziken\n|-boost|p2a: Blaziken|atk|2\n|\n|-weather|SunnyDay|[upkeep]\n|-ability|p2a: Blaziken|Speed Boost|boost\n|-boost|p2a: Blaziken|spe|1\n|upkeep\n|turn|19\n|\n|t:|1771234267\n|move|p2a: Blaziken|Endure|p2a: Blaziken\n|-singleturn|p2a: Blaziken|move: Endure\n|move|p1a: Charizard|Earthquake|p2a: Blaziken\n|-supereffective|p2a: Blaziken\n|-activate|p2a: Blaziken|move: Endure\n|-damage|p2a: Blaziken|1/100\n|\n|-weather|SunnyDay|[upkeep]\n|-ability|p2a: Blaziken|Speed Boost|boost\n|-boost|p2a: Blaziken|spe|1\n|upkeep\n|turn|20\n|\n|t:|1771234283\n|move|p2a: Blaziken|Reversal|p1a: Charizard\n|-damage|p1a: Charizard|0 fnt\n|faint|p1a: Charizard\n|detailschange|p1: Charizard|Charizard, M|[silent]\n|\n|-weather|SunnyDay|[upkeep]\n|-ability|p2a: Blaziken|Speed Boost|boost\n|-boost|p2a: Blaziken|spe|1\n|upkeep\n|\n|t:|1771234286\n|switch|p1a: Gholdengo|Gholdengo|94/100\n|turn|21\n|\n|t:|1771234292\n|move|p2a: Blaziken|Blaze Kick|p1a: Gholdengo\n|-supereffective|p1a: Gholdengo\n|-damage|p1a: Gholdengo|0 fnt\n|-damage|p2a: Blaziken|0 fnt|[from] item: Rocky Helmet|[of] p1a: Gholdengo\n|faint|p1a: Gholdengo\n|faint|p2a: Blaziken\n|\n|win|Crsiu\n|raw|G6Gambit's rating: 1552 &rarr; <strong>1531</strong><br />(-21 for losing)\n|raw|Crsiu's rating: 1539 &rarr; <strong>1560</strong><br />(+21 for winning)\n|l|☆Crsiu\n|player|p2|\n|l|☆G6Gambit\n|player|p1|\n", "uploadtime": 1771234590, "views": 13, "formatid": "gen9nationaldex", "rating": 1531, "private": 0, "password": null}