{"id": "gen9nationaldex-2540242138", "format": "[Gen 9] National Dex", "players": ["Cerberus 17", "tpfire"], "log": "|j|☆Cerberus 17\n|j|☆tpfire\n|t:|1771179786\n|gametype|singles\n|player|p1|Cerberus 17|cynthia-gen4|1743\n|player|p2|tpfire|birdkeeper-gen4dp|1707\n|gen|9\n|tier|[Gen 9] National Dex\n|rated|\n|rule|HP Percentage Mod: HP is shown in percentages\n|rule|Endless Battle Clause: Forcing endless battles is banned\n|rule|Species Clause: Limit one of each Pokémon\n|rule|OHKO Clause: OHKO moves are banned\n|rule|Evasion Clause: Evasion abilities, items, and moves are banned\n|rule|Evasion Abilities Clause: Evasion abilities are banned\n|rule|Evasion Items Clause: Evasion items are banned\n|rule|Evasion Moves Clause: Evasion moves are banned\n|rule|Sleep Clause Mod: Limit one foe put to sleep\n|rule|Terastal Clause: You cannot Terastallize\n|clearpoke\n|poke|p1|Tyranitar, F|\n|poke|p1|Kartana|\n|poke|p1|Diancie|\n|poke|p1|Excadrill, M|\n|poke|p1|Sinistcha-Masterpiece|\n|poke|p1|Kommo-o, F|\n|poke|p2|Rillaboom, M|\n|poke|p2|Slowking, M|\n|poke|p2|Zamazenta-*|\n|poke|p2|Iron Treads|\n|poke|p2|Moltres|\n|poke|p2|Diancie|\n|teampreview\n|inactive|Battle timer is ON: inactive players will automatically lose when time's up. (requested by tpfire)\n|inactive|Cerberus 17 also wants the timer to be on.\n|inactive|Cerberus 17 has 120 seconds left.\n|inactive|tpfire has 120 seconds left.\n|\n|t:|1771179834\n|teamsize|p1|6\n|teamsize|p2|6\n|start\n|switch|p1a: Kommo-o|Kommo-o, F|100/100\n|switch|p2a: Rillaboom|Rillaboom, M|100/100\n|-fieldstart|move: Grassy Terrain|[from] ability: Grassy Surge|[of] p2a: Rillaboom\n|turn|1\n|\n|t:|1771179841\n|move|p1a: Kommo-o|Poison Jab|p2a: Rillaboom\n|-supereffective|p2a: Rillaboom\n|-damage|p2a: Rillaboom|55/100\n|-status|p2a: Rillaboom|psn\n|move|p2a: Rillaboom|U-turn|p1a: Kommo-o\n|-resisted|p1a: Kommo-o\n|-damage|p1a: Kommo-o|82/100\n|\n|t:|1771179849\n|switch|p2a: Diancie|Diancie|100/100|[from] U-turn\n|\n|-heal|p1a: Kommo-o|88/100|[from] Grassy Terrain\n|upkeep\n|turn|2\n|\n|t:|1771179853\n|switch|p1a: Tyranitar|Tyranitar, F|100/100\n|-weather|Sandstorm|[from] ability: Sand Stream|[of] p1a: Tyranitar\n|detailschange|p2a: Diancie|Diancie-Mega\n|-mega|p2a: Diancie|Diancie|Diancite\n|move|p2a: Diancie|Moonblast|p1a: Tyranitar\n|-supereffective|p1a: Tyranitar\n|-damage|p1a: Tyranitar|42/100\n|-unboost|p1a: Tyranitar|spa|1\n|\n|-weather|Sandstorm|[upkeep]\n|-heal|p1a: Tyranitar|48/100|[from] Grassy Terrain\n|upkeep\n|turn|3\n|\n|t:|1771179857\n|switch|p1a: Excadrill|Excadrill, M|100/100\n|move|p2a: Diancie|Moonblast|p1a: Excadrill\n|-resisted|p1a: Excadrill\n|-damage|p1a: Excadrill|62/100\n|\n|-weather|Sandstorm|[upkeep]\n|-heal|p1a: Excadrill|68/100|[from] Grassy Terrain\n|upkeep\n|turn|4\n|\n|t:|1771179862\n|switch|p2a: Slowking|Slowking, M|100/100\n|move|p1a: Excadrill|Rock Slide|p2a: Slowking\n|-damage|p2a: Slowking|71/100\n|\n|-weather|Sandstorm|[upkeep]\n|-damage|p2a: Slowking|64/100|[from] Sandstorm\n|-heal|p1a: Excadrill|74/100|[from] Grassy Terrain\n|-heal|p2a: Slowking|71/100|[from] Grassy Terrain\n|upkeep\n|turn|5\n|\n|t:|1771179868\n|switch|p1a: Sinistcha|Sinistcha-Masterpiece|100/100\n|move|p2a: Slowking|Teleport|p2a: Slowking\n|\n|t:|1771179872\n|switch|p2a: Moltres|Moltres|100/100|[from] Teleport\n|\n|-weather|Sandstorm|[upkeep]\n|-damage|p2a: Moltres|94/100|[from] Sandstorm\n|-damage|p1a: Sinistcha|94/100|[from] Sandstorm\n|-heal|p1a: Sinistcha|100/100|[from] Grassy Terrain\n|-fieldend|move: Grassy Terrain\n|upkeep\n|turn|6\n|\n|t:|1771179878\n|switch|p1a: Diancie|Diancie|100/100\n|move|p2a: Moltres|Brave Bird|p1a: Diancie\n|-resisted|p1a: Diancie\n|-damage|p1a: Diancie|82/100\n|-damage|p2a: Moltres|90/100|[from] Recoil\n|\n|-weather|Sandstorm|[upkeep]\n|-damage|p2a: Moltres|84/100|[from] Sandstorm\n|upkeep\n|turn|7\n|\n|t:|1771179891\n|switch|p2a: Slowking|Slowking, M|100/100\n|move|p1a: Diancie|Stealth Rock|p2a: Slowking\n|-sidestart|p2: tpfire|move: Stealth Rock\n|\n|-weather|Sandstorm|[upkeep]\n|-damage|p2a: Slowking|94/100|[from] Sandstorm\n|upkeep\n|turn|8\n|\n|t:|1771179896\n|detailschange|p1a: Diancie|Diancie-Mega\n|-mega|p1a: Diancie|Diancie|Diancite\n|move|p1a: Diancie|Moonblast|p2a: Slowking\n|-damage|p2a: Slowking|48/100\n|move|p2a: Slowking|Teleport|p2a: Slowking\n|\n|t:|1771179901\n|switch|p2a: Rillaboom|Rillaboom, M|55/100 psn|[from] Teleport\n|-damage|p2a: Rillaboom|43/100 psn|[from] Stealth Rock\n|-fieldstart|move: Grassy Terrain|[from] ability: Grassy Surge|[of] p2a: Rillaboom\n|\n|-weather|Sandstorm|[upkeep]\n|-damage|p2a: Rillaboom|37/100 psn|[from] Sandstorm\n|-heal|p1a: Diancie|88/100|[from] Grassy Terrain\n|-heal|p2a: Rillaboom|43/100 psn|[from] Grassy Terrain\n|-damage|p2a: Rillaboom|31/100 psn|[from] psn\n|upkeep\n|turn|9\n|\n|t:|1771179912\n|switch|p1a: Sinistcha|Sinistcha-Masterpiece|100/100\n|move|p2a: Rillaboom|U-turn|p1a: Sinistcha\n|-damage|p1a: Sinistcha|74/100\n|\n|t:|1771179930\n|switch|p2a: Moltres|Moltres|84/100|[from] U-turn\n|\n|-weather|none\n|-heal|p1a: Sinistcha|80/100|[from] Grassy Terrain\n|-heal|p1a: Sinistcha|86/100|[from] item: Leftovers\n|upkeep\n|turn|10\n|\n|t:|1771179942\n|move|p2a: Moltres|U-turn|p1a: Sinistcha\n|-damage|p1a: Sinistcha|76/100\n|\n|t:|1771179945\n|switch|p2a: Rillaboom|Rillaboom, M|31/100 psn|[from] U-turn\n|-damage|p2a: Rillaboom|18/100 psn|[from] Stealth Rock\n|move|p1a: Sinistcha|Strength Sap|p2a: Rillaboom\n|-unboost|p2a: Rillaboom|atk|1\n|-heal|p1a: Sinistcha|100/100\n|\n|-heal|p2a: Rillaboom|25/100 psn|[from] Grassy Terrain\n|-damage|p2a: Rillaboom|12/100 psn|[from] psn\n|upkeep\n|turn|11\n|\n|t:|1771179952\n|move|p2a: Rillaboom|U-turn|p1a: Sinistcha\n|-damage|p1a: Sinistcha|82/100\n|\n|t:|1771179955\n|switch|p2a: Moltres|Moltres|84/100|[from] U-turn\n|move|p1a: Sinistcha|Scald|p2a: Moltres\n|-supereffective|p2a: Moltres\n|-damage|p2a: Moltres|55/100\n|\n|-heal|p1a: Sinistcha|88/100|[from] Grassy Terrain\n|-heal|p1a: Sinistcha|94/100|[from] item: Leftovers\n|upkeep\n|turn|12\n|\n|t:|1771179963\n|switch|p1a: Tyranitar|Tyranitar, F|48/100\n|-weather|Sandstorm|[from] ability: Sand Stream|[of] p1a: Tyranitar\n|move|p2a: Moltres|Roost|p2a: Moltres\n|-heal|p2a: Moltres|100/100\n|-singleturn|p2a: Moltres|move: Roost\n|\n|-weather|Sandstorm|[upkeep]\n|-damage|p2a: Moltres|94/100|[from] Sandstorm\n|-heal|p2a: Moltres|100/100|[from] Grassy Terrain\n|-heal|p1a: Tyranitar|54/100|[from] Grassy Terrain\n|-fieldend|move: Grassy Terrain\n|upkeep\n|turn|13\n|\n|t:|1771179969\n|switch|p2a: Iron Treads|Iron Treads|100/100\n|-damage|p2a: Iron Treads|97/100|[from] Stealth Rock\n|move|p1a: Tyranitar|Knock Off|p2a: Iron Treads\n|-damage|p2a: Iron Treads|53/100\n|-enditem|p2a: Iron Treads|Leftovers|[from] move: Knock Off|[of] p1a: Tyranitar\n|\n|-weather|Sandstorm|[upkeep]\n|upkeep\n|turn|14\n|\n|t:|1771179977\n|switch|p1a: Sinistcha|Sinistcha-Masterpiece|94/100\n|move|p2a: Iron Treads|Stealth Rock|p1a: Sinistcha\n|-sidestart|p1: Cerberus 17|move: Stealth Rock\n|\n|-weather|Sandstorm|[upkeep]\n|-damage|p1a: Sinistcha|88/100|[from] Sandstorm\n|-heal|p1a: Sinistcha|94/100|[from] item: Leftovers\n|upkeep\n|turn|15\n|\n|t:|1771179988\n|move|p2a: Iron Treads|Ice Spinner|p1a: Sinistcha\n|-supereffective|p1a: Sinistcha\n|-damage|p1a: Sinistcha|66/100\n|move|p1a: Sinistcha|Calm Mind|p1a: Sinistcha\n|-boost|p1a: Sinistcha|spa|1\n|-boost|p1a: Sinistcha|spd|1\n|\n|-weather|Sandstorm|[upkeep]\n|-damage|p1a: Sinistcha|60/100|[from] Sandstorm\n|-heal|p1a: Sinistcha|66/100|[from] item: Leftovers\n|upkeep\n|turn|16\n|\n|t:|1771179993\n|-end|p2a: Iron Treads|Quark Drive|[silent]\n|switch|p2a: Rillaboom|Rillaboom, M|12/100 psn\n|-damage|p2a: Rillaboom|0 fnt|[from] Stealth Rock\n|faint|p2a: Rillaboom\n|move|p1a: Sinistcha|Strength Sap|p2: Rillaboom|[notarget]\n|-fail|p1a: Sinistcha\n|\n|-weather|Sandstorm|[upkeep]\n|-damage|p1a: Sinistcha|60/100|[from] Sandstorm\n|-heal|p1a: Sinistcha|66/100|[from] item: Leftovers\n|upkeep\n|\n|t:|1771179995\n|switch|p2a: Zamazenta|Zamazenta|100/100\n|-damage|p2a: Zamazenta|94/100|[from] Stealth Rock\n|-ability|p2a: Zamazenta|Dauntless Shield|boost\n|-boost|p2a: Zamazenta|def|1\n|turn|17\n|\n|t:|1771179999\n|move|p2a: Zamazenta|Crunch|p1a: Sinistcha\n|-supereffective|p1a: Sinistcha\n|-damage|p1a: Sinistcha|16/100\n|-damage|p2a: Zamazenta|84/100|[from] item: Life Orb\n|move|p1a: Sinistcha|Matcha Gotcha|p2a: Zamazenta\n|-damage|p2a: Zamazenta|43/100\n|-heal|p1a: Sinistcha|35/100|[from] drain|[of] p2a: Zamazenta\n|\n|-weather|Sandstorm|[upkeep]\n|-damage|p2a: Zamazenta|37/100|[from] Sandstorm\n|-damage|p1a: Sinistcha|29/100|[from] Sandstorm\n|-heal|p1a: Sinistcha|35/100|[from] item: Leftovers\n|upkeep\n|turn|18\n|\n|t:|1771180023\n|switch|p1a: Excadrill|Excadrill, M|74/100\n|-damage|p1a: Excadrill|71/100|[from] Stealth Rock\n|move|p2a: Zamazenta|Crunch|p1a: Excadrill\n|-damage|p1a: Excadrill|18/100\n|-damage|p2a: Zamazenta|27/100|[from] item: Life Orb\n|\n|-weather|Sandstorm|[upkeep]\n|-damage|p2a: Zamazenta|21/100|[from] Sandstorm\n|upkeep\n|turn|19\n|\n|t:|1771180029\n|switch|p2a: Moltres|Moltres|100/100\n|move|p1a: Excadrill|Earthquake|p2a: Moltres\n|-immune|p2a: Moltres\n|\n|-weather|none\n|upkeep\n|turn|20\n|\n|t:|1771180033\n|switch|p1a: Diancie|Diancie-Mega|88/100\n|-damage|p1a: Diancie|76/100|[from] Stealth Rock\n|switch|p2a: Slowking|Slowking, M|81/100\n|\n|upkeep\n|turn|21\n|\n|t:|1771180037\n|move|p1a: Diancie|Moonblast|p2a: Slowking\n|-damage|p2a: Slowking|39/100\n|move|p2a: Slowking|Scald|p1a: Diancie\n|-supereffective|p1a: Diancie\n|-damage|p1a: Diancie|0 fnt\n|faint|p1a: Diancie\n|detailschange|p1: Diancie|Diancie|[silent]\n|\n|upkeep\n|\n|t:|1771180050\n|switch|p1a: Tyranitar|Tyranitar, F|54/100\n|-damage|p1a: Tyranitar|42/100|[from] Stealth Rock\n|-weather|Sandstorm|[from] ability: Sand Stream|[of] p1a: Tyranitar\n|turn|22\n|\n|t:|1771180056\n|switch|p2a: Zamazenta|Zamazenta|21/100\n|-damage|p2a: Zamazenta|15/100|[from] Stealth Rock\n|move|p1a: Tyranitar|Knock Off|p2a: Zamazenta\n|-resisted|p2a: Zamazenta\n|-damage|p2a: Zamazenta|0 fnt\n|-enditem|p2a: Zamazenta|Life Orb|[from] move: Knock Off|[of] p1a: Tyranitar\n|faint|p2a: Zamazenta\n|\n|-weather|Sandstorm|[upkeep]\n|upkeep\n|\n|t:|1771180059\n|switch|p2a: Diancie|Diancie-Mega|100/100\n|-damage|p2a: Diancie|88/100|[from] Stealth Rock\n|turn|23\n|\n|t:|1771180082\n|switch|p1a: Sinistcha|Sinistcha-Masterpiece|35/100\n|-damage|p1a: Sinistcha|23/100|[from] Stealth Rock\n|move|p2a: Diancie|Moonblast|p1a: Sinistcha\n|-damage|p1a: Sinistcha|0 fnt\n|faint|p1a: Sinistcha\n|\n|-weather|Sandstorm|[upkeep]\n|upkeep\n|\n|t:|1771180090\n|switch|p1a: Excadrill|Excadrill, M|18/100\n|-damage|p1a: Excadrill|15/100|[from] Stealth Rock\n|turn|24\n|\n|t:|1771180094\n|switch|p2a: Moltres|Moltres|100/100\n|move|p1a: Excadrill|Rock Slide|p2a: Moltres\n|-supereffective|p2a: Moltres\n|-damage|p2a: Moltres|0 fnt\n|faint|p2a: Moltres\n|\n|-weather|Sandstorm|[upkeep]\n|upkeep\n|\n|t:|1771180097\n|switch|p2a: Slowking|Slowking, M|73/100\n|turn|25\n|\n|t:|1771180109\n|move|p1a: Excadrill|Rock Slide|p2a: Slowking\n|-damage|p2a: Slowking|41/100\n|cant|p2a: Slowking|flinch\n|\n|-weather|Sandstorm|[upkeep]\n|-damage|p2a: Slowking|35/100|[from] Sandstorm\n|upkeep\n|turn|26\n|\n|t:|1771180115\n|move|p1a: Excadrill|Rock Slide|p2a: Slowking\n|-damage|p2a: Slowking|6/100\n|move|p2a: Slowking|Teleport|p2a: Slowking\n|\n|t:|1771180118\n|switch|p2a: Iron Treads|Iron Treads|53/100|[from] Teleport\n|-damage|p2a: Iron Treads|49/100|[from] Stealth Rock\n|\n|-weather|Sandstorm|[upkeep]\n|upkeep\n|turn|27\n|\n|t:|1771180128\n|switch|p1a: Kartana|Kartana|100/100\n|-damage|p1a: Kartana|94/100|[from] Stealth Rock\n|move|p2a: Iron Treads|High Horsepower|p1a: Kartana\n|-damage|p1a: Kartana|56/100\n|\n|-weather|Sandstorm|[upkeep]\n|upkeep\n|turn|28\n|\n|t:|1771180133\n|move|p1a: Kartana|Leaf Blade|p2a: Iron Treads\n|-crit|p2a: Iron Treads\n|-damage|p2a: Iron Treads|0 fnt\n|faint|p2a: Iron Treads\n|-end|p2a: Iron Treads|Quark Drive|[silent]\n|-ability|p1a: Kartana|Beast Boost|boost\n|-boost|p1a: Kartana|atk|1\n|\n|-weather|Sandstorm|[upkeep]\n|upkeep\n|-message|tpfire forfeited.\n|\n|win|Cerberus 17\n|raw|Cerberus 17's rating: 1743 &rarr; <strong>1761</strong><br />(+18 for winning)\n|raw|tpfire's rating: 1707 &rarr; <strong>1689</strong><br />(-18 for losing)\n|l|☆tpfire\n|player|p2|\n|l|☆Cerberus 17\n|player|p1|\n", "uploadtime": 1771180268, "views": 8, "formatid": "gen9nationaldex", "rating": 1689, "private": 0, "password": null}