{"id": "gen9nationaldex-2540580130", "format": "[Gen 9] National Dex", "players": ["cbmarcus", "mongibongi"], "log": "|j|☆cbmarcus\n|j|☆mongibongi\n|t:|1771221267\n|gametype|singles\n|player|p1|cbmarcus|clair-gen2|1702\n|player|p2|mongibongi|skierf|1743\n|gen|9\n|tier|[Gen 9] National Dex\n|rated|\n|rule|HP Percentage Mod: HP is shown in percentages\n|rule|Endless Battle Clause: Forcing endless battles is banned\n|rule|Species Clause: Limit one of each Pokémon\n|rule|OHKO Clause: OHKO moves are banned\n|rule|Evasion Clause: Evasion abilities, items, and moves are banned\n|rule|Evasion Abilities Clause: Evasion abilities are banned\n|rule|Evasion Items Clause: Evasion items are banned\n|rule|Evasion Moves Clause: Evasion moves are banned\n|rule|Sleep Clause Mod: Limit one foe put to sleep\n|rule|Terastal Clause: You cannot Terastallize\n|clearpoke\n|poke|p1|Landorus-Therian, M|\n|poke|p1|Magnezone|\n|poke|p1|Tapu Lele|\n|poke|p1|Kartana|\n|poke|p1|Diancie|\n|poke|p1|Gyarados, M|\n|poke|p2|Iron Valiant|\n|poke|p2|Kingambit, F|\n|poke|p2|Gliscor, F|\n|poke|p2|Tangrowth, M|\n|poke|p2|Iron Treads|\n|poke|p2|Latios, M|\n|teampreview\n|\n|t:|1771221285\n|teamsize|p1|6\n|teamsize|p2|6\n|start\n|switch|p1a: Landorus|Landorus-Therian, M|100/100\n|switch|p2a: POUND TOWN 2|Iron Treads|100/100\n|-ability|p1a: Landorus|Intimidate|boost\n|-unboost|p2a: POUND TOWN 2|atk|1\n|turn|1\n|\n|t:|1771221289\n|-zpower|p2a: POUND TOWN 2\n|move|p2a: POUND TOWN 2|Subzero Slammer|p1a: Landorus|[zeffect]\n|-supereffective|p1a: Landorus\n|-enditem|p1a: Landorus|Focus Sash\n|-damage|p1a: Landorus|1/100\n|move|p1a: Landorus|Earthquake|p2a: POUND TOWN 2\n|-supereffective|p2a: POUND TOWN 2\n|-damage|p2a: POUND TOWN 2|0 fnt\n|faint|p2a: POUND TOWN 2\n|-end|p2a: POUND TOWN 2|Quark Drive|[silent]\n|\n|upkeep\n|\n|t:|1771221300\n|switch|p2a: HELLCATS SRTs|Latios, M, shiny|100/100\n|turn|2\n|\n|t:|1771221306\n|switch|p1a: Tapu Lele|Tapu Lele|100/100\n|-fieldstart|move: Psychic Terrain|[from] ability: Psychic Surge|[of] p1a: Tapu Lele\n|detailschange|p2a: HELLCATS SRTs|Latios-Mega, M, shiny\n|-mega|p2a: HELLCATS SRTs|Latios|Latiosite\n|move|p2a: HELLCATS SRTs|Mystical Fire|p1a: Tapu Lele\n|-damage|p1a: Tapu Lele|67/100\n|-unboost|p1a: Tapu Lele|spa|1\n|\n|upkeep\n|turn|3\n|\n|t:|1771221309\n|switch|p2a: 50mgSpironolactone|Kingambit, F, shiny|100/100\n|move|p1a: Tapu Lele|Moonblast|p2a: 50mgSpironolactone\n|-damage|p2a: 50mgSpironolactone|69/100\n|\n|upkeep\n|turn|4\n|\n|t:|1771221311\n|move|p1a: Tapu Lele|Moonblast|p2a: 50mgSpironolactone\n|-damage|p2a: 50mgSpironolactone|36/100\n|move|p2a: 50mgSpironolactone|Pursuit|p1a: Tapu Lele\n|-damage|p1a: Tapu Lele|30/100\n|\n|upkeep\n|turn|5\n|\n|t:|1771221316\n|move|p1a: Tapu Lele|Moonblast|p2a: 50mgSpironolactone\n|-damage|p2a: 50mgSpironolactone|4/100\n|-unboost|p2a: 50mgSpironolactone|spa|1\n|-ability|p2a: 50mgSpironolactone|Defiant|boost\n|-boost|p2a: 50mgSpironolactone|atk|2\n|move|p2a: 50mgSpironolactone|Pursuit|p1a: Tapu Lele\n|-damage|p1a: Tapu Lele|0 fnt\n|faint|p1a: Tapu Lele\n|\n|upkeep\n|\n|t:|1771221320\n|switch|p1a: Diancie|Diancie|100/100\n|turn|6\n|\n|t:|1771221323\n|detailschange|p1a: Diancie|Diancie-Mega\n|-mega|p1a: Diancie|Diancie|Diancite\n|move|p1a: Diancie|Moonblast|p2a: 50mgSpironolactone\n|-damage|p2a: 50mgSpironolactone|0 fnt\n|faint|p2a: 50mgSpironolactone\n|\n|-fieldend|move: Psychic Terrain\n|upkeep\n|\n|t:|1771221328\n|switch|p2a: IN SEXYY WE TRUST|Gliscor, F|100/100\n|turn|7\n|\n|t:|1771221331\n|switch|p1a: Landorus|Landorus-Therian, M|1/100\n|-ability|p1a: Landorus|Intimidate|boost\n|-unboost|p2a: IN SEXYY WE TRUST|atk|1\n|move|p2a: IN SEXYY WE TRUST|Earthquake|p1a: Landorus\n|-immune|p1a: Landorus\n|\n|-status|p2a: IN SEXYY WE TRUST|tox|[from] item: Toxic Orb\n|upkeep\n|turn|8\n|\n|t:|1771221334\n|move|p1a: Landorus|Explosion|p2a: IN SEXYY WE TRUST\n|-damage|p2a: IN SEXYY WE TRUST|30/100 tox\n|faint|p1a: Landorus\n|move|p2a: IN SEXYY WE TRUST|Spikes|p1: Landorus\n|-sidestart|p1: cbmarcus|Spikes\n|\n|-heal|p2a: IN SEXYY WE TRUST|43/100 tox|[from] ability: Poison Heal\n|upkeep\n|\n|t:|1771221337\n|switch|p1a: Gyarados|Gyarados, M|100/100\n|turn|9\n|\n|t:|1771221339\n|switch|p2a: SHAKE YO DREADS|Tangrowth, M|100/100\n|move|p1a: Gyarados|Dragon Dance|p1a: Gyarados\n|-boost|p1a: Gyarados|atk|1\n|-boost|p1a: Gyarados|spe|1\n|\n|upkeep\n|turn|10\n|\n|t:|1771221342\n|-zpower|p1a: Gyarados\n|move|p1a: Gyarados|Supersonic Skystrike|p2a: SHAKE YO DREADS|[zeffect]\n|-supereffective|p2a: SHAKE YO DREADS\n|-damage|p2a: SHAKE YO DREADS|0 fnt\n|faint|p2a: SHAKE YO DREADS\n|-ability|p1a: Gyarados|Moxie|boost\n|-boost|p1a: Gyarados|atk|1\n|\n|upkeep\n|-message|mongibongi forfeited.\n|\n|win|cbmarcus\n|raw|cbmarcus's rating: 1702 &rarr; <strong>1724</strong><br />(+22 for winning)\n|raw|mongibongi's rating: 1743 &rarr; <strong>1721</strong><br />(-22 for losing)\n|l|☆mongibongi\n|player|p2|\n|l|☆cbmarcus\n|player|p1|\n", "uploadtime": 1771221586, "views": 5, "formatid": "gen9nationaldex", "rating": 1721, "private": 0, "password": null}