{"id": "gen9nationaldex-2540435475", "format": "[Gen 9] National Dex", "players": ["dddddddfhhhvc", "Cerberus 17"], "log": "|j|☆dddddddfhhhvc\n|j|☆Cerberus 17\n|t:|1771201707\n|gametype|singles\n|player|p1|dddddddfhhhvc|psychicf-gen4|1521\n|player|p2|Cerberus 17|cynthia-gen4|1719\n|gen|9\n|tier|[Gen 9] National Dex\n|rated|\n|rule|HP Percentage Mod: HP is shown in percentages\n|rule|Endless Battle Clause: Forcing endless battles is banned\n|rule|Species Clause: Limit one of each Pokémon\n|rule|OHKO Clause: OHKO moves are banned\n|rule|Evasion Clause: Evasion abilities, items, and moves are banned\n|rule|Evasion Abilities Clause: Evasion abilities are banned\n|rule|Evasion Items Clause: Evasion items are banned\n|rule|Evasion Moves Clause: Evasion moves are banned\n|rule|Sleep Clause Mod: Limit one foe put to sleep\n|rule|Terastal Clause: You cannot Terastallize\n|clearpoke\n|poke|p1|Chesnaught, M|\n|poke|p1|Skeledirge, F|\n|poke|p1|Tapu Fini|\n|poke|p1|Terapagos, M|\n|poke|p1|Ting-Lu|\n|poke|p1|Bronzong|\n|poke|p2|Tyranitar, M|\n|poke|p2|Kartana|\n|poke|p2|Diancie|\n|poke|p2|Excadrill, F|\n|poke|p2|Sinistcha-Masterpiece|\n|poke|p2|Kommo-o, F|\n|teampreview\n|inactive|Battle timer is ON: inactive players will automatically lose when time's up. (requested by Cerberus 17)\n|\n|t:|1771201719\n|teamsize|p1|6\n|teamsize|p2|6\n|start\n|switch|p1a: Bronzong|Bronzong|100/100\n|switch|p2a: Kommo-o|Kommo-o, F|100/100\n|turn|1\n|\n|t:|1771201726\n|move|p2a: Kommo-o|Flamethrower|p1a: Bronzong\n|-supereffective|p1a: Bronzong\n|-damage|p1a: Bronzong|64/100\n|move|p1a: Bronzong|Stealth Rock|p2a: Kommo-o\n|-sidestart|p2: Cerberus 17|move: Stealth Rock\n|\n|-heal|p1a: Bronzong|71/100|[from] item: Leftovers\n|upkeep\n|turn|2\n|\n|t:|1771201740\n|switch|p1a: Skeledirge|Skeledirge, F|100/100\n|move|p2a: Kommo-o|Poison Jab|p1a: Skeledirge\n|-resisted|p1a: Skeledirge\n|-damage|p1a: Skeledirge|92/100\n|-status|p1a: Skeledirge|psn\n|\n|-damage|p1a: Skeledirge|79/100 psn|[from] psn\n|upkeep\n|turn|3\n|\n|t:|1771201747\n|switch|p2a: Tyranitar|Tyranitar, M|100/100\n|-damage|p2a: Tyranitar|88/100|[from] Stealth Rock\n|-weather|Sandstorm|[from] ability: Sand Stream|[of] p2a: Tyranitar\n|move|p1a: Skeledirge|Will-O-Wisp|p2a: Tyranitar|[miss]\n|-miss|p1a: Skeledirge|p2a: Tyranitar\n|\n|-weather|Sandstorm|[upkeep]\n|-damage|p1a: Skeledirge|73/100 psn|[from] Sandstorm\n|-damage|p1a: Skeledirge|61/100 psn|[from] psn\n|upkeep\n|turn|4\n|\n|t:|1771201757\n|switch|p1a: Chesnaught|Chesnaught, M|100/100\n|switch|p2a: Sinistcha|Sinistcha-Masterpiece|100/100\n|-damage|p2a: Sinistcha|88/100|[from] Stealth Rock\n|\n|-weather|Sandstorm|[upkeep]\n|-damage|p2a: Sinistcha|82/100|[from] Sandstorm\n|-damage|p1a: Chesnaught|94/100|[from] Sandstorm\n|-heal|p2a: Sinistcha|88/100|[from] item: Leftovers\n|upkeep\n|turn|5\n|\n|t:|1771201763\n|move|p2a: Sinistcha|Calm Mind|p2a: Sinistcha\n|-boost|p2a: Sinistcha|spa|1\n|-boost|p2a: Sinistcha|spd|1\n|move|p1a: Chesnaught|Knock Off|p2a: Sinistcha\n|-supereffective|p2a: Sinistcha\n|-damage|p2a: Sinistcha|53/100\n|-enditem|p2a: Sinistcha|Leftovers|[from] move: Knock Off|[of] p1a: Chesnaught\n|\n|-weather|Sandstorm|[upkeep]\n|-damage|p2a: Sinistcha|47/100|[from] Sandstorm\n|-damage|p1a: Chesnaught|88/100|[from] Sandstorm\n|upkeep\n|turn|6\n|\n|t:|1771201784\n|switch|p1a: Tapu Fini|Tapu Fini|100/100\n|-fieldstart|move: Misty Terrain|[from] ability: Misty Surge|[of] p1a: Tapu Fini\n|move|p2a: Sinistcha|Strength Sap|p1a: Tapu Fini\n|-unboost|p1a: Tapu Fini|atk|1\n|-heal|p2a: Sinistcha|96/100\n|\n|-weather|Sandstorm|[upkeep]\n|-damage|p1a: Tapu Fini|94/100|[from] Sandstorm\n|-damage|p2a: Sinistcha|90/100|[from] Sandstorm\n|upkeep\n|turn|7\n|\n|t:|1771201787\n|move|p1a: Tapu Fini|Trick|p2a: Sinistcha\n|-activate|p1a: Tapu Fini|move: Trick|[of] p2a: Sinistcha\n|-item|p2a: Sinistcha|Choice Scarf|[from] move: Trick\n|-enditem|p1a: Tapu Fini|Choice Scarf|[silent]|[from] move: Trick\n|move|p2a: Sinistcha|Matcha Gotcha|p1a: Tapu Fini|[miss]\n|-miss|p2a: Sinistcha|p1a: Tapu Fini\n|\n|-weather|Sandstorm|[upkeep]\n|-damage|p1a: Tapu Fini|88/100|[from] Sandstorm\n|-damage|p2a: Sinistcha|84/100|[from] Sandstorm\n|upkeep\n|turn|8\n|\n|t:|1771201803\n|switch|p1a: Skeledirge|Skeledirge, F|61/100 psn\n|switch|p2a: Excadrill|Excadrill, F|100/100\n|-damage|p2a: Excadrill|97/100|[from] Stealth Rock\n|\n|-weather|Sandstorm|[upkeep]\n|-damage|p1a: Skeledirge|55/100 psn|[from] Sandstorm\n|-damage|p1a: Skeledirge|42/100 psn|[from] psn\n|upkeep\n|turn|9\n|\n|t:|1771201812\n|switch|p1a: Chesnaught|Chesnaught, M|88/100\n|move|p2a: Excadrill|Rapid Spin|p1a: Chesnaught\n|-damage|p1a: Chesnaught|72/100\n|-boost|p2a: Excadrill|spe|1\n|-damage|p2a: Excadrill|81/100|[from] item: Rocky Helmet|[of] p1a: Chesnaught\n|-sideend|p2: Cerberus 17|Stealth Rock|[from] move: Rapid Spin|[of] p2a: Excadrill\n|\n|-weather|Sandstorm|[upkeep]\n|-damage|p1a: Chesnaught|66/100|[from] Sandstorm\n|upkeep\n|turn|10\n|\n|t:|1771201820\n|switch|p2a: Sinistcha|Sinistcha-Masterpiece|84/100\n|move|p1a: Chesnaught|Synthesis|p1a: Chesnaught\n|-heal|p1a: Chesnaught|91/100\n|\n|-weather|none\n|-fieldend|Misty Terrain\n|upkeep\n|turn|11\n|\n|t:|1771201825\n|switch|p1a: Ting-Lu|Ting-Lu|100/100\n|-ability|p1a: Ting-Lu|Vessel of Ruin\n|move|p2a: Sinistcha|Scald|p1a: Ting-Lu\n|-supereffective|p1a: Ting-Lu\n|-damage|p1a: Ting-Lu|84/100\n|\n|-heal|p1a: Ting-Lu|90/100|[from] item: Leftovers\n|upkeep\n|turn|12\n|\n|t:|1771201829\n|move|p2a: Sinistcha|Scald|p1a: Ting-Lu\n|-supereffective|p1a: Ting-Lu\n|-damage|p1a: Ting-Lu|71/100\n|-status|p1a: Ting-Lu|brn\n|move|p1a: Ting-Lu|Spikes|p2a: Sinistcha\n|-sidestart|p2: Cerberus 17|Spikes\n|\n|-heal|p1a: Ting-Lu|78/100 brn|[from] item: Leftovers\n|-damage|p1a: Ting-Lu|71/100 brn|[from] brn\n|upkeep\n|turn|13\n|\n|t:|1771201841\n|switch|p2a: Kommo-o|Kommo-o, F|100/100\n|-damage|p2a: Kommo-o|88/100|[from] Spikes\n|switch|p1a: Tapu Fini|Tapu Fini|88/100\n|-fieldstart|move: Misty Terrain|[from] ability: Misty Surge|[of] p1a: Tapu Fini\n|\n|upkeep\n|turn|14\n|\n|t:|1771201852\n|switch|p2a: Sinistcha|Sinistcha-Masterpiece|84/100\n|-damage|p2a: Sinistcha|71/100|[from] Spikes\n|move|p1a: Tapu Fini|Moonblast|p2a: Sinistcha\n|-crit|p2a: Sinistcha\n|-damage|p2a: Sinistcha|0 fnt\n|faint|p2a: Sinistcha\n|\n|upkeep\n|\n|t:|1771201862\n|switch|p2a: Kartana|Kartana|100/100\n|-damage|p2a: Kartana|88/100|[from] Spikes\n|turn|15\n|c|☆dddddddfhhhvc|did you know? im gaming\n|\n|t:|1771201874\n|switch|p1a: Chesnaught|Chesnaught, M|91/100\n|move|p2a: Kartana|Knock Off|p1a: Chesnaught\n|-resisted|p1a: Chesnaught\n|-damage|p1a: Chesnaught|78/100\n|-damage|p2a: Kartana|72/100|[from] item: Rocky Helmet|[of] p1a: Chesnaught\n|-enditem|p1a: Chesnaught|Rocky Helmet|[from] move: Knock Off|[of] p2a: Kartana\n|\n|upkeep\n|turn|16\n|\n|t:|1771201883\n|switch|p2a: Kommo-o|Kommo-o, F|88/100\n|-damage|p2a: Kommo-o|76/100|[from] Spikes\n|move|p1a: Chesnaught|Body Press|p2a: Kommo-o\n|-damage|p2a: Kommo-o|30/100\n|\n|upkeep\n|turn|17\n|\n|t:|1771201907\n|switch|p1a: Bronzong|Bronzong|71/100\n|move|p2a: Kommo-o|Flamethrower|p1a: Bronzong\n|-supereffective|p1a: Bronzong\n|-damage|p1a: Bronzong|38/100\n|\n|-heal|p1a: Bronzong|44/100|[from] item: Leftovers\n|-fieldend|Misty Terrain\n|upkeep\n|turn|18\n|\n|t:|1771201916\n|move|p2a: Kommo-o|Flamethrower|p1a: Bronzong\n|-supereffective|p1a: Bronzong\n|-damage|p1a: Bronzong|11/100\n|move|p1a: Bronzong|Stealth Rock|p2a: Kommo-o\n|-sidestart|p2: Cerberus 17|move: Stealth Rock\n|\n|-heal|p1a: Bronzong|17/100|[from] item: Leftovers\n|upkeep\n|turn|19\n|\n|t:|1771201929\n|move|p2a: Kommo-o|Poison Jab|p1a: Bronzong\n|-immune|p1a: Bronzong\n|move|p1a: Bronzong|Psychic Noise|p2a: Kommo-o\n|-immune|p2a: Kommo-o|[from] ability: Soundproof\n|\n|-heal|p1a: Bronzong|23/100|[from] item: Leftovers\n|upkeep\n|turn|20\n|\n|t:|1771201936\n|move|p2a: Kommo-o|Flamethrower|p1a: Bronzong\n|-supereffective|p1a: Bronzong\n|-damage|p1a: Bronzong|0 fnt\n|faint|p1a: Bronzong\n|\n|upkeep\n|\n|t:|1771201943\n|switch|p1a: Tapu Fini|Tapu Fini|88/100\n|-fieldstart|move: Misty Terrain|[from] ability: Misty Surge|[of] p1a: Tapu Fini\n|turn|21\n|\n|t:|1771201952\n|move|p2a: Kommo-o|Poison Jab|p1a: Tapu Fini\n|-supereffective|p1a: Tapu Fini\n|-damage|p1a: Tapu Fini|41/100\n|move|p1a: Tapu Fini|Moonblast|p2a: Kommo-o\n|-supereffective|p2a: Kommo-o\n|-damage|p2a: Kommo-o|0 fnt\n|faint|p2a: Kommo-o\n|\n|upkeep\n|\n|t:|1771201963\n|switch|p2a: Diancie|Diancie|100/100\n|-damage|p2a: Diancie|88/100|[from] Spikes\n|-damage|p2a: Diancie|76/100|[from] Stealth Rock\n|turn|22\n|\n|t:|1771201970\n|detailschange|p2a: Diancie|Diancie-Mega\n|-mega|p2a: Diancie|Diancie|Diancite\n|move|p2a: Diancie|Moonblast|p1a: Tapu Fini\n|-damage|p1a: Tapu Fini|0 fnt\n|faint|p1a: Tapu Fini\n|\n|upkeep\n|\n|t:|1771201972\n|switch|p1a: Terapagos|Terapagos, M|100/100\n|-activate|p1a: Terapagos|ability: Tera Shift\n|detailschange|p1a: Terapagos|Terapagos-Terastal, M\n|-heal|p1a: Terapagos|100/100|[silent]\n|turn|23\n|\n|t:|1771201977\n|move|p2a: Diancie|Mystical Fire|p1a: Terapagos\n|-activate|p1a: Terapagos|ability: Tera Shell\n|-resisted|p1a: Terapagos\n|-damage|p1a: Terapagos|85/100\n|-unboost|p1a: Terapagos|spa|1\n|move|p1a: Terapagos|Earth Power|p2a: Diancie\n|-supereffective|p2a: Diancie\n|-damage|p2a: Diancie|22/100\n|\n|upkeep\n|turn|24\n|\n|t:|1771202003\n|move|p2a: Diancie|Moonblast|p1a: Terapagos\n|-damage|p1a: Terapagos|30/100\n|move|p1a: Terapagos|Earth Power|p2a: Diancie\n|-supereffective|p2a: Diancie\n|-damage|p2a: Diancie|0 fnt\n|faint|p2a: Diancie\n|detailschange|p2: Diancie|Diancie|[silent]\n|\n|upkeep\n|inactive|Cerberus 17 has 120 seconds left.\n|\n|t:|1771202031\n|switch|p2a: Excadrill|Excadrill, F|81/100\n|-damage|p2a: Excadrill|68/100|[from] Spikes\n|-damage|p2a: Excadrill|65/100|[from] Stealth Rock\n|turn|25\n|\n|t:|1771202040\n|move|p2a: Excadrill|Iron Head|p1a: Terapagos\n|-damage|p1a: Terapagos|0 fnt\n|faint|p1a: Terapagos\n|\n|-fieldend|Misty Terrain\n|upkeep\n|\n|t:|1771202043\n|switch|p1a: Chesnaught|Chesnaught, M|78/100\n|turn|26\n|\n|t:|1771202049\n|switch|p2a: Tyranitar|Tyranitar, M|88/100\n|-damage|p2a: Tyranitar|76/100|[from] Spikes\n|-damage|p2a: Tyranitar|63/100|[from] Stealth Rock\n|-weather|Sandstorm|[from] ability: Sand Stream|[of] p2a: Tyranitar\n|move|p1a: Chesnaught|Iron Defense|p1a: Chesnaught\n|-boost|p1a: Chesnaught|def|2\n|\n|-weather|Sandstorm|[upkeep]\n|-damage|p1a: Chesnaught|72/100|[from] Sandstorm\n|upkeep\n|turn|27\n|\n|t:|1771202055\n|move|p1a: Chesnaught|Body Press|p2a: Tyranitar\n|-supereffective|p2a: Tyranitar\n|-damage|p2a: Tyranitar|0 fnt\n|faint|p2a: Tyranitar\n|\n|-weather|Sandstorm|[upkeep]\n|-damage|p1a: Chesnaught|65/100|[from] Sandstorm\n|upkeep\n|\n|t:|1771202069\n|switch|p2a: Excadrill|Excadrill, F|65/100\n|-damage|p2a: Excadrill|53/100|[from] Spikes\n|-damage|p2a: Excadrill|50/100|[from] Stealth Rock\n|turn|28\n|\n|t:|1771202074\n|move|p2a: Excadrill|Iron Head|p1a: Chesnaught\n|-damage|p1a: Chesnaught|49/100\n|move|p1a: Chesnaught|Body Press|p2a: Excadrill\n|-supereffective|p2a: Excadrill\n|-damage|p2a: Excadrill|0 fnt\n|faint|p2a: Excadrill\n|\n|-weather|Sandstorm|[upkeep]\n|-damage|p1a: Chesnaught|43/100|[from] Sandstorm\n|upkeep\n|\n|t:|1771202079\n|switch|p2a: Kartana|Kartana|72/100\n|-damage|p2a: Kartana|59/100|[from] Spikes\n|-damage|p2a: Kartana|53/100|[from] Stealth Rock\n|turn|29\n|\n|t:|1771202083\n|move|p2a: Kartana|Leaf Blade|p1a: Chesnaught\n|-resisted|p1a: Chesnaught\n|-damage|p1a: Chesnaught|34/100\n|move|p1a: Chesnaught|Body Press|p2a: Kartana\n|-supereffective|p2a: Kartana\n|-damage|p2a: Kartana|0 fnt\n|faint|p2a: Kartana\n|\n|win|dddddddfhhhvc\n|raw|dddddddfhhhvc's rating: 1521 &rarr; <strong>1551</strong><br />(+30 for winning)\n|raw|Cerberus 17's rating: 1719 &rarr; <strong>1689</strong><br />(-30 for losing)\n|l|☆Cerberus 17\n|player|p2|\n|l|☆dddddddfhhhvc\n|player|p1|\n|j|☆dddddddfhhhvc\n|player|p1|dddddddfhhhvc|psychicf-gen4|\n|l|☆dddddddfhhhvc\n|player|p1|\n", "uploadtime": 1771202103, "views": 43, "formatid": "gen9nationaldex", "rating": 1551, "private": 0, "password": null}