{"id": "gen9nationaldex-2540751077", "format": "[Gen 9] National Dex", "players": ["WangShixiong", "Oddalex"], "log": "|j|☆WangShixiong\n|j|‽Oddalex\n|t:|1771249700\n|gametype|singles\n|player|p1|WangShixiong|cynthia-gen4|1770\n|player|p2|Oddalex|102|1683\n|gen|9\n|tier|[Gen 9] National Dex\n|rated|\n|rule|HP Percentage Mod: HP is shown in percentages\n|rule|Endless Battle Clause: Forcing endless battles is banned\n|rule|Species Clause: Limit one of each Pokémon\n|rule|OHKO Clause: OHKO moves are banned\n|rule|Evasion Clause: Evasion abilities, items, and moves are banned\n|rule|Evasion Abilities Clause: Evasion abilities are banned\n|rule|Evasion Items Clause: Evasion items are banned\n|rule|Evasion Moves Clause: Evasion moves are banned\n|rule|Sleep Clause Mod: Limit one foe put to sleep\n|rule|Terastal Clause: You cannot Terastallize\n|clearpoke\n|poke|p1|Zamazenta-*|\n|poke|p1|Kingambit, M|\n|poke|p1|Ceruledge, M|\n|poke|p1|Landorus-Therian, M|\n|poke|p1|Diancie|\n|poke|p1|Ogerpon-Wellspring, F|\n|poke|p2|Mawile, F|\n|poke|p2|Tapu Koko|\n|poke|p2|Iron Valiant|\n|poke|p2|Slowbro, M|\n|poke|p2|Ting-Lu|\n|poke|p2|Tornadus-Therian, M|\n|teampreview\n|inactive|Battle timer is ON: inactive players will automatically lose when time's up. (requested by WangShixiong)\n|inactive|WangShixiong has 120 seconds left.\n|\n|t:|1771249732\n|teamsize|p1|6\n|teamsize|p2|6\n|start\n|switch|p1a: 旺仔小乔|Diancie, shiny|100/100\n|switch|p2a: Slowbro|Slowbro, M|100/100\n|turn|1\n|\n|t:|1771249736\n|detailschange|p1a: 旺仔小乔|Diancie-Mega, shiny\n|-mega|p1a: 旺仔小乔|Diancie|Diancite\n|move|p1a: 旺仔小乔|Moonblast|p2a: Slowbro\n|-damage|p2a: Slowbro|37/100\n|move|p2a: Slowbro|Scald|p1a: 旺仔小乔\n|-supereffective|p1a: 旺仔小乔\n|-damage|p1a: 旺仔小乔|21/100\n|\n|upkeep\n|turn|2\n|\n|t:|1771249745\n|switch|p2a: Ting-Lu|Ting-Lu|100/100\n|-ability|p2a: Ting-Lu|Vessel of Ruin\n|move|p1a: 旺仔小乔|Moonblast|p2a: Ting-Lu\n|-supereffective|p2a: Ting-Lu\n|-damage|p2a: Ting-Lu|49/100\n|-unboost|p2a: Ting-Lu|spa|1\n|\n|-heal|p2a: Ting-Lu|55/100|[from] item: Leftovers\n|upkeep\n|turn|3\n|\n|t:|1771249754\n|move|p1a: 旺仔小乔|Moonblast|p2a: Ting-Lu\n|-supereffective|p2a: Ting-Lu\n|-damage|p2a: Ting-Lu|10/100\n|move|p2a: Ting-Lu|Earthquake|p1a: 旺仔小乔\n|-supereffective|p1a: 旺仔小乔\n|-damage|p1a: 旺仔小乔|0 fnt\n|faint|p1a: 旺仔小乔\n|detailschange|p1: 旺仔小乔|Diancie, shiny|[silent]\n|\n|-heal|p2a: Ting-Lu|16/100|[from] item: Leftovers\n|upkeep\n|\n|t:|1771249758\n|switch|p1a: 超雄|Landorus-Therian, M|100/100\n|-ability|p1a: 超雄|Intimidate|boost\n|-unboost|p2a: Ting-Lu|atk|1\n|turn|4\n|\n|t:|1771249763\n|switch|p2a: Tornadus|Tornadus-Therian, M|100/100\n|move|p1a: 超雄|Taunt|p2a: Tornadus\n|-start|p2a: Tornadus|move: Taunt\n|\n|upkeep\n|turn|5\n|\n|t:|1771249768\n|move|p2a: Tornadus|Bleakwind Storm|p1a: 超雄\n|-damage|p1a: 超雄|52/100\n|move|p1a: 超雄|Stealth Rock|p2a: Tornadus\n|-sidestart|p2: Oddalex|move: Stealth Rock\n|\n|upkeep\n|turn|6\n|\n|t:|1771249773\n|move|p2a: Tornadus|Bleakwind Storm|p1a: 超雄\n|-damage|p1a: 超雄|11/100\n|move|p1a: 超雄|Explosion|p2a: Tornadus\n|-damage|p2a: Tornadus|15/100\n|faint|p1a: 超雄\n|\n|-end|p2a: Tornadus|move: Taunt\n|upkeep\n|\n|t:|1771249779\n|switch|p1a: 不战而退人之兵|Kingambit, M|100/100\n|-activate|p1a: 不战而退人之兵|ability: Supreme Overlord\n|-start|p1a: 不战而退人之兵|fallen2|[silent]\n|-item|p1a: 不战而退人之兵|Air Balloon\n|turn|7\n|\n|t:|1771249785\n|move|p2a: Tornadus|Heat Wave|p1a: 不战而退人之兵\n|-supereffective|p1a: 不战而退人之兵\n|-damage|p1a: 不战而退人之兵|51/100\n|-enditem|p1a: 不战而退人之兵|Air Balloon\n|move|p1a: 不战而退人之兵|Swords Dance|p1a: 不战而退人之兵\n|-boost|p1a: 不战而退人之兵|atk|2\n|\n|upkeep\n|turn|8\n|\n|t:|1771249791\n|move|p2a: Tornadus|Defog|p1a: 不战而退人之兵\n|-unboost|p1a: 不战而退人之兵|evasion|1\n|-sideend|p2: Oddalex|Stealth Rock|[from] move: Defog|[of] p2a: Tornadus\n|move|p1a: 不战而退人之兵|Knock Off|p2a: Tornadus\n|-damage|p2a: Tornadus|0 fnt\n|-enditem|p2a: Tornadus|Heavy-Duty Boots|[from] move: Knock Off|[of] p1a: 不战而退人之兵\n|faint|p2a: Tornadus\n|\n|upkeep\n|\n|t:|1771249796\n|switch|p2a: Tapu Koko|Tapu Koko, shiny|100/100\n|-fieldstart|move: Electric Terrain|[from] ability: Electric Surge|[of] p2a: Tapu Koko\n|turn|9\n|\n|t:|1771249800\n|move|p2a: Tapu Koko|Volt Switch|p1a: 不战而退人之兵\n|-damage|p1a: 不战而退人之兵|0 fnt\n|faint|p1a: 不战而退人之兵\n|-end|p1a: 不战而退人之兵|fallen2|[silent]\n|\n|t:|1771249819\n|switch|p2a: Slowbro|Slowbro, M|70/100|[from] Volt Switch\n|\n|upkeep\n|\n|t:|1771249822\n|switch|p1a: 愚者|Ogerpon-Wellspring, F|100/100\n|turn|10\n|\n|t:|1771249824\n|switch|p2a: Ting-Lu|Ting-Lu|16/100\n|-ability|p2a: Ting-Lu|Vessel of Ruin\n|move|p1a: 愚者|Power Whip|p2a: Ting-Lu\n|-supereffective|p2a: Ting-Lu\n|-damage|p2a: Ting-Lu|0 fnt\n|faint|p2a: Ting-Lu\n|\n|upkeep\n|\n|t:|1771249831\n|switch|p2a: Mawile|Mawile, F|100/100\n|-ability|p2a: Mawile|Intimidate|boost\n|-unboost|p1a: 愚者|atk|1\n|turn|11\n|\n|t:|1771249835\n|detailschange|p2a: Mawile|Mawile-Mega, F\n|-mega|p2a: Mawile|Mawile|Mawilite\n|move|p1a: 愚者|Ivy Cudgel|p2a: Mawile|[anim] Ivy Cudgel Water\n|-damage|p2a: Mawile|57/100\n|move|p2a: Mawile|Play Rough|p1a: 愚者\n|-damage|p1a: 愚者|0 fnt\n|faint|p1a: 愚者\n|\n|upkeep\n|\n|t:|1771249839\n|switch|p1a: Mamba out|Zamazenta|100/100\n|-ability|p1a: Mamba out|Dauntless Shield|boost\n|-boost|p1a: Mamba out|def|1\n|turn|12\n|\n|t:|1771249846\n|move|p1a: Mamba out|Body Press|p2a: Mawile\n|-damage|p2a: Mawile|7/100\n|move|p2a: Mawile|Play Rough|p1a: Mamba out|[miss]\n|-miss|p2a: Mawile|p1a: Mamba out\n|\n|upkeep\n|turn|13\n|\n|t:|1771249851\n|switch|p2a: Slowbro|Slowbro, M|100/100\n|move|p1a: Mamba out|Substitute|p1a: Mamba out\n|-start|p1a: Mamba out|Substitute\n|-damage|p1a: Mamba out|76/100\n|\n|-heal|p1a: Mamba out|82/100|[from] item: Leftovers\n|-fieldend|move: Electric Terrain\n|upkeep\n|turn|14\n|\n|t:|1771249854\n|move|p1a: Mamba out|Iron Defense|p1a: Mamba out\n|-boost|p1a: Mamba out|def|2\n|move|p2a: Slowbro|Future Sight|p1a: Mamba out\n|-start|p2a: Slowbro|move: Future Sight\n|\n|-heal|p1a: Mamba out|88/100|[from] item: Leftovers\n|upkeep\n|turn|15\n|j| corvipelon\n|\n|t:|1771249856\n|move|p1a: Mamba out|Crunch|p2a: Slowbro\n|-supereffective|p2a: Slowbro\n|-damage|p2a: Slowbro|76/100\n|-unboost|p2a: Slowbro|def|1\n|-damage|p1a: Mamba out|72/100|[from] item: Rocky Helmet|[of] p2a: Slowbro\n|move|p2a: Slowbro|Scald|p1a: Mamba out\n|-activate|p1a: Mamba out|move: Substitute|[damage]\n|\n|-heal|p1a: Mamba out|78/100|[from] item: Leftovers\n|upkeep\n|turn|16\n|\n|t:|1771249859\n|move|p1a: Mamba out|Crunch|p2a: Slowbro\n|-supereffective|p2a: Slowbro\n|-damage|p2a: Slowbro|39/100\n|-damage|p1a: Mamba out|61/100|[from] item: Rocky Helmet|[of] p2a: Slowbro\n|move|p2a: Slowbro|Scald|p1a: Mamba out\n|-end|p1a: Mamba out|Substitute\n|\n|-end|p1a: Mamba out|move: Future Sight\n|-supereffective|p1a: Mamba out\n|-damage|p1a: Mamba out|0 fnt\n|faint|p1a: Mamba out\n|upkeep\n|\n|t:|1771249860\n|switch|p1a: 黑手|Ceruledge, M|100/100\n|turn|17\n|\n|t:|1771249864\n|move|p1a: 黑手|Poltergeist|p2a: Slowbro\n|-activate|p2a: Slowbro|move: Poltergeist|Rocky Helmet\n|-supereffective|p2a: Slowbro\n|-damage|p2a: Slowbro|0 fnt\n|faint|p2a: Slowbro\n|\n|upkeep\n|\n|t:|1771249866\n|switch|p2a: Tapu Koko|Tapu Koko, shiny|100/100\n|-fieldstart|move: Electric Terrain|[from] ability: Electric Surge|[of] p2a: Tapu Koko\n|turn|18\n|\n|t:|1771249872\n|move|p2a: Tapu Koko|Thunderbolt|p1a: 黑手\n|-damage|p1a: 黑手|19/100\n|-zpower|p1a: 黑手\n|move|p1a: 黑手|Never-Ending Nightmare|p2a: Tapu Koko|[zeffect]\n|-damage|p2a: Tapu Koko|0 fnt\n|faint|p2a: Tapu Koko\n|\n|upkeep\n|\n|t:|1771249883\n|switch|p2a: Iron Valiant|Iron Valiant, shiny|100/100\n|-activate|p2a: Iron Valiant|ability: Quark Drive\n|-start|p2a: Iron Valiant|quarkdrivespe\n|turn|19\n|\n|t:|1771249885\n|move|p1a: 黑手|Endure|p1a: 黑手\n|-singleturn|p1a: 黑手|move: Endure\n|-zpower|p2a: Iron Valiant\n|move|p2a: Iron Valiant|Shattered Psyche|p1a: 黑手|[zeffect]\n|-activate|p1a: 黑手|move: Endure\n|-damage|p1a: 黑手|1/100\n|-ability|p1a: 黑手|Weak Armor|boost\n|-unboost|p1a: 黑手|def|1\n|-boost|p1a: 黑手|spe|2\n|\n|upkeep\n|turn|20\n|\n|t:|1771249896\n|move|p1a: 黑手|Poltergeist|p2a: Iron Valiant\n|-activate|p2a: Iron Valiant|move: Poltergeist|Psychium Z\n|-damage|p2a: Iron Valiant|26/100\n|move|p2a: Iron Valiant|Ice Punch|p1a: 黑手\n|-resisted|p1a: 黑手\n|-damage|p1a: 黑手|0 fnt\n|faint|p1a: 黑手\n|\n|win|Oddalex\n|raw|WangShixiong's rating: 1770 &rarr; <strong>1745</strong><br />(-25 for losing)\n|raw|Oddalex's rating: 1683 &rarr; <strong>1708</strong><br />(+25 for winning)\n|l|☆WangShixiong\n|player|p1|\n|j|☆WangShixiong\n|player|p1|WangShixiong|cynthia-gen4|\n|l|☆WangShixiong\n|player|p1|\n|j|☆WangShixiong\n|player|p1|WangShixiong|cynthia-gen4|\n|l|‽Oddalex\n|player|p2|\n|l|☆WangShixiong\n|player|p1|\n|j|☆WangShixiong\n|player|p1|WangShixiong|cynthia-gen4|\n|l|☆WangShixiong\n|player|p1|\n|j|☆WangShixiong\n|player|p1|WangShixiong|cynthia-gen4|\n|l|☆WangShixiong\n|player|p1|\n", "uploadtime": 1771250106, "views": 6, "formatid": "gen9nationaldex", "rating": 1708, "private": 0, "password": null}