{"id": "gen9nationaldex-2540581773", "format": "[Gen 9] National Dex", "players": ["cbmarcus", "daniel241595"], "log": "|j|☆cbmarcus\n|j|☆daniel241595\n|t:|1771221558\n|gametype|singles\n|player|p1|cbmarcus|clair-gen2|1753\n|player|p2|daniel241595|170|1719\n|gen|9\n|tier|[Gen 9] National Dex\n|rated|\n|rule|HP Percentage Mod: HP is shown in percentages\n|rule|Endless Battle Clause: Forcing endless battles is banned\n|rule|Species Clause: Limit one of each Pokémon\n|rule|OHKO Clause: OHKO moves are banned\n|rule|Evasion Clause: Evasion abilities, items, and moves are banned\n|rule|Evasion Abilities Clause: Evasion abilities are banned\n|rule|Evasion Items Clause: Evasion items are banned\n|rule|Evasion Moves Clause: Evasion moves are banned\n|rule|Sleep Clause Mod: Limit one foe put to sleep\n|rule|Terastal Clause: You cannot Terastallize\n|clearpoke\n|poke|p1|Landorus-Therian, M|\n|poke|p1|Magnezone|\n|poke|p1|Tapu Lele|\n|poke|p1|Kartana|\n|poke|p1|Diancie|\n|poke|p1|Gyarados, F|\n|poke|p2|Arcanine-Hisui, M|\n|poke|p2|Milotic, F|\n|poke|p2|Electivire, F|\n|poke|p2|Hydreigon, F|\n|poke|p2|Chesnaught, M|\n|poke|p2|Hatterene, F|\n|teampreview\n|inactive|Battle timer is ON: inactive players will automatically lose when time's up. (requested by daniel241595)\n|\n|t:|1771221578\n|teamsize|p1|6\n|teamsize|p2|6\n|start\n|switch|p1a: Landorus|Landorus-Therian, M|100/100\n|switch|p2a: Milotic|Milotic, F|100/100\n|-ability|p1a: Landorus|Intimidate|boost\n|-unboost|p2a: Milotic|atk|1\n|turn|1\n|\n|t:|1771221582\n|move|p1a: Landorus|Earthquake|p2a: Milotic\n|-damage|p2a: Milotic|51/100\n|move|p2a: Milotic|Scald|p1a: Landorus\n|-supereffective|p1a: Landorus\n|-damage|p1a: Landorus|29/100\n|\n|-heal|p2a: Milotic|57/100|[from] item: Leftovers\n|upkeep\n|turn|2\n|\n|t:|1771221588\n|move|p1a: Landorus|Explosion|p2a: Milotic\n|-crit|p2a: Milotic\n|-damage|p2a: Milotic|0 fnt\n|faint|p1a: Landorus\n|faint|p2a: Milotic\n|\n|upkeep\n|\n|t:|1771221598\n|switch|p1a: Diancie|Diancie|100/100\n|switch|p2a: Electivire|Electivire, F|100/100\n|turn|3\n|\n|t:|1771221605\n|detailschange|p1a: Diancie|Diancie-Mega\n|-mega|p1a: Diancie|Diancie|Diancite\n|move|p2a: Electivire|Supercell Slam|p1a: Diancie\n|-damage|p1a: Diancie|30/100\n|move|p1a: Diancie|Earth Power|p2a: Electivire\n|-supereffective|p2a: Electivire\n|-damage|p2a: Electivire|0 fnt\n|faint|p2a: Electivire\n|\n|upkeep\n|\n|t:|1771221612\n|switch|p2a: Hatterene|Hatterene, F, shiny|100/100\n|turn|4\n|\n|t:|1771221619\n|switch|p1a: Magnezone|Magnezone|100/100\n|move|p2a: Hatterene|Nuzzle|p1a: Magnezone\n|-resisted|p1a: Magnezone\n|-damage|p1a: Magnezone|99/100\n|\n|upkeep\n|turn|5\n|\n|t:|1771221640\n|switch|p2a: Hydreigon|Hydreigon, F|100/100\n|move|p1a: Magnezone|Flash Cannon|p2a: Hydreigon\n|-damage|p2a: Hydreigon|60/100\n|\n|upkeep\n|turn|6\n|\n|t:|1771221650\n|move|p2a: Hydreigon|Earth Power|p1a: Magnezone\n|-supereffective|p1a: Magnezone\n|-damage|p1a: Magnezone|0 fnt\n|faint|p1a: Magnezone\n|\n|upkeep\n|\n|t:|1771221660\n|switch|p1a: Tapu Lele|Tapu Lele|100/100\n|-fieldstart|move: Psychic Terrain|[from] ability: Psychic Surge|[of] p1a: Tapu Lele\n|turn|7\n|\n|t:|1771221676\n|switch|p2a: Arcanine|Arcanine-Hisui, M|100/100\n|move|p1a: Tapu Lele|Moonblast|p2a: Arcanine\n|-resisted|p2a: Arcanine\n|-damage|p2a: Arcanine|64/100\n|\n|upkeep\n|turn|8\n|\n|t:|1771221688\n|move|p1a: Tapu Lele|Moonblast|p2a: Arcanine\n|-resisted|p2a: Arcanine\n|-damage|p2a: Arcanine|27/100\n|move|p2a: Arcanine|Head Smash|p1a: Tapu Lele|[miss]\n|-miss|p2a: Arcanine|p1a: Tapu Lele\n|\n|upkeep\n|turn|9\n|inactive|daniel241595 has 120 seconds left.\n|\n|t:|1771221709\n|move|p1a: Tapu Lele|Moonblast|p2a: Arcanine\n|-resisted|p2a: Arcanine\n|-damage|p2a: Arcanine|0 fnt\n|faint|p2a: Arcanine\n|\n|upkeep\n|\n|t:|1771221710\n|switch|p2a: Hatterene|Hatterene, F, shiny|100/100\n|turn|10\n|\n|t:|1771221718\n|move|p1a: Tapu Lele|Moonblast|p2a: Hatterene\n|-damage|p2a: Hatterene|39/100\n|-unboost|p2a: Hatterene|spa|1\n|move|p2a: Hatterene|Nuzzle|p1a: Tapu Lele\n|-damage|p1a: Tapu Lele|93/100\n|-status|p1a: Tapu Lele|par\n|\n|-heal|p2a: Hatterene|45/100|[from] item: Leftovers\n|upkeep\n|turn|11\n|\n|t:|1771221728\n|move|p1a: Tapu Lele|Moonblast|p2a: Hatterene\n|-damage|p2a: Hatterene|0 fnt\n|faint|p2a: Hatterene\n|\n|-fieldend|move: Psychic Terrain\n|upkeep\n|\n|t:|1771221731\n|switch|p2a: Hydreigon|Hydreigon, F|60/100\n|turn|12\n|\n|t:|1771221742\n|move|p2a: Hydreigon|Nasty Plot|p2a: Hydreigon\n|-boost|p2a: Hydreigon|spa|2\n|cant|p1a: Tapu Lele|par\n|\n|upkeep\n|turn|13\n|\n|t:|1771221747\n|move|p2a: Hydreigon|Earth Power|p1a: Tapu Lele\n|-damage|p1a: Tapu Lele|23/100 par\n|move|p1a: Tapu Lele|Moonblast|p2a: Hydreigon\n|-supereffective|p2a: Hydreigon\n|-damage|p2a: Hydreigon|0 fnt\n|faint|p2a: Hydreigon\n|\n|upkeep\n|-message|daniel241595 forfeited.\n|\n|win|cbmarcus\n|raw|cbmarcus's rating: 1753 &rarr; <strong>1771</strong><br />(+18 for winning)\n|raw|daniel241595's rating: 1719 &rarr; <strong>1701</strong><br />(-18 for losing)\n|l|☆daniel241595\n|player|p2|\n|l|☆cbmarcus\n|player|p1|\n", "uploadtime": 1771221999, "views": 20, "formatid": "gen9nationaldex", "rating": 1701, "private": 0, "password": null}