{"id": "gen9nationaldex-2540566395", "format": "[Gen 9] National Dex", "players": ["ajdrawshq", "Az4k4"], "log": "|j|☆ajdrawshq\n|j|☆Az4k4\n|t:|1771219076\n|gametype|singles\n|player|p1|ajdrawshq|silver|1667\n|player|p2|Az4k4|n|1692\n|gen|9\n|tier|[Gen 9] National Dex\n|rated|\n|rule|HP Percentage Mod: HP is shown in percentages\n|rule|Endless Battle Clause: Forcing endless battles is banned\n|rule|Species Clause: Limit one of each Pokémon\n|rule|OHKO Clause: OHKO moves are banned\n|rule|Evasion Clause: Evasion abilities, items, and moves are banned\n|rule|Evasion Abilities Clause: Evasion abilities are banned\n|rule|Evasion Items Clause: Evasion items are banned\n|rule|Evasion Moves Clause: Evasion moves are banned\n|rule|Sleep Clause Mod: Limit one foe put to sleep\n|rule|Terastal Clause: You cannot Terastallize\n|clearpoke\n|poke|p1|Charizard, F|\n|poke|p1|Iron Valiant|\n|poke|p1|Ribombee, F|\n|poke|p1|Victini|\n|poke|p1|Corviknight, F|\n|poke|p1|Raging Bolt|\n|poke|p2|Greninja-*, M|\n|poke|p2|Charizard, F|\n|poke|p2|Kingambit, F|\n|poke|p2|Great Tusk|\n|poke|p2|Zamazenta-*|\n|poke|p2|Corviknight, M|\n|teampreview\n|inactive|Battle timer is ON: inactive players will automatically lose when time's up. (requested by ajdrawshq)\n|\n|t:|1771219083\n|teamsize|p1|6\n|teamsize|p2|6\n|start\n|switch|p1a: Ralsei|Ribombee, F|100/100\n|switch|p2a: Charizard|Charizard, F|100/100\n|turn|1\n|\n|t:|1771219090\n|move|p1a: Ralsei|Quiver Dance|p1a: Ralsei\n|-boost|p1a: Ralsei|spa|1\n|-boost|p1a: Ralsei|spd|1\n|-boost|p1a: Ralsei|spe|1\n|move|p2a: Charizard|Temper Flare|p1a: Ralsei\n|-supereffective|p1a: Ralsei\n|-enditem|p1a: Ralsei|Focus Sash\n|-damage|p1a: Ralsei|1/100\n|\n|upkeep\n|turn|2\n|\n|t:|1771219097\n|switch|p2a: Corviknight|Corviknight, M|100/100\n|-ability|p2a: Corviknight|Pressure\n|move|p1a: Ralsei|Hidden Power|p2a: Corviknight\n|-damage|p2a: Corviknight|76/100\n|\n|upkeep\n|turn|3\n|\n|t:|1771219100\n|move|p1a: Ralsei|Moonblast|p2a: Corviknight\n|-resisted|p2a: Corviknight\n|-damage|p2a: Corviknight|48/100\n|move|p2a: Corviknight|U-turn|p1a: Ralsei\n|-resisted|p1a: Ralsei\n|-crit|p1a: Ralsei\n|-damage|p1a: Ralsei|0 fnt\n|faint|p1a: Ralsei\n|\n|t:|1771219108\n|switch|p2a: Charizard|Charizard, F|100/100|[from] U-turn\n|\n|upkeep\n|\n|t:|1771219123\n|switch|p1a: Tenna|Raging Bolt|100/100\n|turn|4\n|\n|t:|1771219134\n|detailschange|p2a: Charizard|Charizard-Mega-X, F\n|-mega|p2a: Charizard|Charizard|Charizardite X\n|move|p2a: Charizard|Dragon Dance|p2a: Charizard\n|-boost|p2a: Charizard|atk|1\n|-boost|p2a: Charizard|spe|1\n|move|p1a: Tenna|Draco Meteor|p2a: Charizard\n|-supereffective|p2a: Charizard\n|-damage|p2a: Charizard|0 fnt\n|-unboost|p1a: Tenna|spa|2\n|faint|p2a: Charizard\n|detailschange|p2: Charizard|Charizard, F|[silent]\n|\n|upkeep\n|\n|t:|1771219142\n|switch|p2a: Zamazenta|Zamazenta|100/100\n|-ability|p2a: Zamazenta|Dauntless Shield|boost\n|-boost|p2a: Zamazenta|def|1\n|turn|5\n|\n|t:|1771219147\n|move|p2a: Zamazenta|Close Combat|p1a: Tenna\n|-damage|p1a: Tenna|53/100\n|-unboost|p2a: Zamazenta|def|1\n|-unboost|p2a: Zamazenta|spd|1\n|move|p1a: Tenna|Volt Switch|p2a: Zamazenta\n|-damage|p2a: Zamazenta|69/100\n|\n|t:|1771219151\n|-end|p1a: Tenna|Protosynthesis|[silent]\n|switch|p1a: Charizard|Charizard, F|100/100|[from] Volt Switch\n|\n|upkeep\n|turn|6\n|\n|t:|1771219154\n|move|p2a: Zamazenta|Stone Edge|p1a: Charizard\n|-supereffective|p1a: Charizard\n|-crit|p1a: Charizard\n|-damage|p1a: Charizard|0 fnt\n|faint|p1a: Charizard\n|\n|upkeep\n|\n|t:|1771219166\n|switch|p1a: Tenna|Raging Bolt|53/100\n|turn|7\n|\n|t:|1771219169\n|-zpower|p2a: Zamazenta\n|move|p2a: Zamazenta|All-Out Pummeling|p1a: Tenna|[zeffect]\n|-damage|p1a: Tenna|0 fnt\n|faint|p1a: Tenna\n|-end|p1a: Tenna|Protosynthesis|[silent]\n|\n|upkeep\n|\n|t:|1771219173\n|switch|p1a: Roaring|Corviknight, F|100/100\n|turn|8\n|\n|t:|1771219176\n|move|p2a: Zamazenta|Close Combat|p1a: Roaring\n|-damage|p1a: Roaring|51/100\n|-unboost|p2a: Zamazenta|def|1\n|-unboost|p2a: Zamazenta|spd|1\n|move|p1a: Roaring|Agility|p1a: Roaring\n|-boost|p1a: Roaring|spe|2\n|\n|-heal|p1a: Roaring|57/100|[from] item: Leftovers\n|upkeep\n|turn|9\n|\n|t:|1771219187\n|switch|p2a: Greninja|Greninja, M|100/100\n|move|p1a: Roaring|Bulk Up|p1a: Roaring\n|-boost|p1a: Roaring|atk|1\n|-boost|p1a: Roaring|def|1\n|\n|-heal|p1a: Roaring|63/100|[from] item: Leftovers\n|upkeep\n|turn|10\n|\n|t:|1771219194\n|move|p1a: Roaring|Roost|p1a: Roaring\n|-heal|p1a: Roaring|100/100\n|-singleturn|p1a: Roaring|move: Roost\n|move|p2a: Greninja|Hydro Pump|p1a: Roaring\n|-damage|p1a: Roaring|35/100\n|-damage|p2a: Greninja|91/100|[from] item: Life Orb\n|\n|-heal|p1a: Roaring|41/100|[from] item: Leftovers\n|upkeep\n|turn|11\n|\n|t:|1771219203\n|move|p1a: Roaring|Roost|p1a: Roaring\n|-heal|p1a: Roaring|91/100\n|-singleturn|p1a: Roaring|move: Roost\n|move|p2a: Greninja|Hydro Pump|p1a: Roaring|[miss]\n|-miss|p2a: Greninja|p1a: Roaring\n|\n|-heal|p1a: Roaring|98/100|[from] item: Leftovers\n|upkeep\n|turn|12\n|\n|t:|1771219212\n|move|p1a: Roaring|Power Trip|p2a: Greninja\n|-resisted|p2a: Greninja\n|-damage|p2a: Greninja|61/100\n|move|p2a: Greninja|Hydro Pump|p1a: Roaring|[miss]\n|-miss|p2a: Greninja|p1a: Roaring\n|\n|-heal|p1a: Roaring|100/100|[from] item: Leftovers\n|upkeep\n|turn|13\n|\n|t:|1771219217\n|move|p1a: Roaring|Power Trip|p2a: Greninja\n|-resisted|p2a: Greninja\n|-damage|p2a: Greninja|28/100\n|move|p2a: Greninja|Hydro Pump|p1a: Roaring\n|-damage|p1a: Roaring|41/100\n|-damage|p2a: Greninja|18/100|[from] item: Life Orb\n|\n|-heal|p1a: Roaring|47/100|[from] item: Leftovers\n|upkeep\n|turn|14\n|\n|t:|1771219224\n|move|p2a: Greninja|Water Shuriken|p1a: Roaring\n|-damage|p1a: Roaring|38/100\n|-damage|p1a: Roaring|30/100\n|-crit|p1a: Roaring\n|-damage|p1a: Roaring|18/100\n|-hitcount|p1a: Roaring|3\n|-damage|p2a: Greninja|8/100|[from] item: Life Orb\n|move|p1a: Roaring|Power Trip|p2a: Greninja\n|-resisted|p2a: Greninja\n|-damage|p2a: Greninja|0 fnt\n|faint|p2a: Greninja\n|\n|-heal|p1a: Roaring|24/100|[from] item: Leftovers\n|upkeep\n|\n|t:|1771219233\n|switch|p2a: Kingambit|Kingambit, F|100/100\n|-activate|p2a: Kingambit|ability: Supreme Overlord\n|-start|p2a: Kingambit|fallen2|[silent]\n|turn|15\n|\n|t:|1771219237\n|move|p1a: Roaring|Roost|p1a: Roaring\n|-heal|p1a: Roaring|74/100\n|-singleturn|p1a: Roaring|move: Roost\n|move|p2a: Kingambit|Knock Off|p1a: Roaring\n|-damage|p1a: Roaring|28/100\n|-enditem|p1a: Roaring|Leftovers|[from] move: Knock Off|[of] p2a: Kingambit\n|\n|upkeep\n|turn|16\n|\n|t:|1771219241\n|move|p1a: Roaring|Roost|p1a: Roaring\n|-heal|p1a: Roaring|78/100\n|-singleturn|p1a: Roaring|move: Roost\n|move|p2a: Kingambit|Low Kick|p1a: Roaring\n|-supereffective|p1a: Roaring\n|-damage|p1a: Roaring|38/100\n|\n|upkeep\n|turn|17\n|\n|t:|1771219248\n|move|p1a: Roaring|Roost|p1a: Roaring\n|-heal|p1a: Roaring|88/100\n|-singleturn|p1a: Roaring|move: Roost\n|move|p2a: Kingambit|Low Kick|p1a: Roaring\n|-supereffective|p1a: Roaring\n|-damage|p1a: Roaring|48/100\n|\n|upkeep\n|turn|18\n|\n|t:|1771219252\n|move|p1a: Roaring|Bulk Up|p1a: Roaring\n|-boost|p1a: Roaring|atk|1\n|-boost|p1a: Roaring|def|1\n|move|p2a: Kingambit|Low Kick|p1a: Roaring\n|-damage|p1a: Roaring|34/100\n|\n|upkeep\n|turn|19\n|\n|t:|1771219256\n|move|p1a: Roaring|Roost|p1a: Roaring\n|-heal|p1a: Roaring|84/100\n|-singleturn|p1a: Roaring|move: Roost\n|move|p2a: Kingambit|Knock Off|p1a: Roaring\n|-damage|p1a: Roaring|60/100\n|\n|upkeep\n|turn|20\n|\n|t:|1771219258\n|move|p1a: Roaring|Bulk Up|p1a: Roaring\n|-boost|p1a: Roaring|atk|1\n|-boost|p1a: Roaring|def|1\n|move|p2a: Kingambit|Knock Off|p1a: Roaring\n|-damage|p1a: Roaring|41/100\n|\n|upkeep\n|turn|21\n|\n|t:|1771219270\n|move|p1a: Roaring|Bulk Up|p1a: Roaring\n|-boost|p1a: Roaring|atk|1\n|-boost|p1a: Roaring|def|1\n|move|p2a: Kingambit|Low Kick|p1a: Roaring\n|-damage|p1a: Roaring|30/100\n|\n|upkeep\n|turn|22\n|\n|t:|1771219274\n|move|p1a: Roaring|Roost|p1a: Roaring\n|-heal|p1a: Roaring|80/100\n|-singleturn|p1a: Roaring|move: Roost\n|move|p2a: Kingambit|Knock Off|p1a: Roaring\n|-damage|p1a: Roaring|65/100\n|\n|upkeep\n|turn|23\n|-message|Az4k4 forfeited.\n|\n|win|ajdrawshq\n|raw|ajdrawshq's rating: 1667 &rarr; <strong>1688</strong><br />(+21 for winning)\n|raw|Az4k4's rating: 1692 &rarr; <strong>1671</strong><br />(-21 for losing)\n|l|☆Az4k4\n|player|p2|\n|l|☆ajdrawshq\n|player|p1|\n", "uploadtime": 1771219522, "views": 4, "formatid": "gen9nationaldex", "rating": 1671, "private": 0, "password": null}