{"id": "gen9nationaldex-2540709540", "format": "[Gen 9] National Dex", "players": ["AgencyBlundAMD", "Frost12080000"], "log": "|j|‽AgencyBlundAMD\n|j|☆Frost12080000\n|t:|1771243931\n|gametype|singles\n|player|p1|AgencyBlundAMD|artist-gen4|1574\n|player|p2|Frost12080000|burglar|1657\n|gen|9\n|tier|[Gen 9] National Dex\n|rated|\n|rule|HP Percentage Mod: HP is shown in percentages\n|rule|Endless Battle Clause: Forcing endless battles is banned\n|rule|Species Clause: Limit one of each Pokémon\n|rule|OHKO Clause: OHKO moves are banned\n|rule|Evasion Clause: Evasion abilities, items, and moves are banned\n|rule|Evasion Abilities Clause: Evasion abilities are banned\n|rule|Evasion Items Clause: Evasion items are banned\n|rule|Evasion Moves Clause: Evasion moves are banned\n|rule|Sleep Clause Mod: Limit one foe put to sleep\n|rule|Terastal Clause: You cannot Terastallize\n|clearpoke\n|poke|p1|Zeraora|\n|poke|p1|Kyurem|\n|poke|p1|Weezing-Galar, M|\n|poke|p1|Greninja-*, M|\n|poke|p1|Scizor, M|\n|poke|p1|Zapdos|\n|poke|p2|Chansey, F|\n|poke|p2|Pecharunt|\n|poke|p2|Tapu Fini|\n|poke|p2|Zapdos|\n|poke|p2|Ogerpon-Cornerstone, F|\n|poke|p2|Scizor, M|\n|teampreview\n|\n|t:|1771243970\n|teamsize|p1|6\n|teamsize|p2|6\n|start\n|switch|p1a: Scizor|Scizor, M|100/100\n|switch|p2a: Ogerpon|Ogerpon-Cornerstone, F|100/100\n|turn|1\n|\n|t:|1771243973\n|detailschange|p1a: Scizor|Scizor-Mega, M\n|-mega|p1a: Scizor|Scizor|Scizorite\n|move|p2a: Ogerpon|Swords Dance|p2a: Ogerpon\n|-boost|p2a: Ogerpon|atk|2\n|move|p1a: Scizor|Knock Off|p2a: Ogerpon\n|-damage|p2a: Ogerpon|68/100\n|\n|upkeep\n|turn|2\n|\n|t:|1771243977\n|move|p1a: Scizor|Bullet Punch|p2a: Ogerpon\n|-supereffective|p2a: Ogerpon\n|-damage|p2a: Ogerpon|0 fnt\n|faint|p2a: Ogerpon\n|\n|upkeep\n|inactive|Battle timer is ON: inactive players will automatically lose when time's up. (requested by AgencyBlundAMD)\n|\n|t:|1771243983\n|switch|p2a: Chansey|Chansey, F|100/100\n|turn|3\n|\n|t:|1771243986\n|switch|p2a: Zapdos|Zapdos|100/100\n|move|p1a: Scizor|Knock Off|p2a: Zapdos\n|-damage|p2a: Zapdos|76/100\n|-enditem|p2a: Zapdos|Heavy-Duty Boots|[from] move: Knock Off|[of] p1a: Scizor\n|\n|upkeep\n|turn|4\n|\n|t:|1771243990\n|switch|p1a: Zeraora|Zeraora|100/100\n|move|p2a: Zapdos|Heat Wave|p1a: Zeraora\n|-damage|p1a: Zeraora|66/100\n|\n|-heal|p1a: Zeraora|72/100|[from] item: Leftovers\n|upkeep\n|turn|5\n|\n|t:|1771243995\n|switch|p2a: Pecharunt|Pecharunt|100/100\n|move|p1a: Zeraora|Bulk Up|p1a: Zeraora\n|-boost|p1a: Zeraora|atk|1\n|-boost|p1a: Zeraora|def|1\n|\n|-heal|p1a: Zeraora|78/100|[from] item: Leftovers\n|upkeep\n|turn|6\n|\n|t:|1771243997\n|move|p1a: Zeraora|Substitute|p1a: Zeraora\n|-start|p1a: Zeraora|Substitute\n|-damage|p1a: Zeraora|53/100\n|move|p2a: Pecharunt|Malignant Chain|p1a: Zeraora\n|-end|p1a: Zeraora|Substitute\n|\n|-heal|p1a: Zeraora|59/100|[from] item: Leftovers\n|upkeep\n|turn|7\n|\n|t:|1771243999\n|move|p1a: Zeraora|Plasma Fists|p2a: Pecharunt\n|-damage|p2a: Pecharunt|67/100\n|-fieldactivate|move: Ion Deluge\n|-hint|Normal-type moves become Electric-type after using Plasma Fists.\n|-damage|p1a: Zeraora|42/100|[from] item: Rocky Helmet|[of] p2a: Pecharunt\n|move|p2a: Pecharunt|Malignant Chain|p1a: Zeraora\n|-damage|p1a: Zeraora|1/100\n|-status|p1a: Zeraora|tox\n|-start|p1a: Zeraora|confusion|[from] ability: Poison Puppeteer|[of] p2a: Pecharunt\n|\n|-heal|p1a: Zeraora|7/100 tox|[from] item: Leftovers\n|-damage|p1a: Zeraora|1/100 tox|[from] psn\n|upkeep\n|turn|8\n|\n|t:|1771244008\n|-activate|p1a: Zeraora|confusion\n|move|p1a: Zeraora|Plasma Fists|p2a: Pecharunt\n|-damage|p2a: Pecharunt|29/100\n|-fieldactivate|move: Ion Deluge\n|-hint|Normal-type moves become Electric-type after using Plasma Fists.\n|-damage|p1a: Zeraora|0 fnt|[from] item: Rocky Helmet|[of] p2a: Pecharunt\n|faint|p1a: Zeraora\n|move|p2a: Pecharunt|Recover|p2a: Pecharunt\n|-heal|p2a: Pecharunt|79/100\n|\n|upkeep\n|\n|t:|1771244014\n|switch|p1a: Zapdos|Zapdos|100/100\n|turn|9\n|\n|t:|1771244018\n|switch|p2a: Chansey|Chansey, F|100/100\n|move|p1a: Zapdos|Hurricane|p2a: Chansey|[miss]\n|-miss|p1a: Zapdos|p2a: Chansey\n|\n|upkeep\n|turn|10\n|\n|t:|1771244021\n|switch|p1a: Scizor|Scizor-Mega, M|100/100\n|move|p2a: Chansey|Teleport|p2a: Chansey\n|\n|t:|1771244023\n|switch|p2a: Zapdos|Zapdos|76/100|[from] Teleport\n|\n|upkeep\n|turn|11\n|\n|t:|1771244027\n|switch|p1a: Zapdos|Zapdos|100/100\n|move|p2a: Zapdos|Volt Switch|p1a: Zapdos\n|-damage|p1a: Zapdos|69/100\n|\n|t:|1771244031\n|switch|p2a: Chansey|Chansey, F|100/100|[from] Volt Switch\n|\n|upkeep\n|turn|12\n|\n|t:|1771244033\n|move|p1a: Zapdos|Thunderbolt|p2a: Chansey\n|-damage|p2a: Chansey|83/100\n|-status|p2a: Chansey|par\n|cant|p2a: Chansey|par\n|\n|upkeep\n|turn|13\n|\n|t:|1771244036\n|switch|p1a: Scizor|Scizor-Mega, M|100/100\n|cant|p2a: Chansey|par\n|\n|upkeep\n|turn|14\n|\n|t:|1771244037\n|move|p1a: Scizor|Knock Off|p2a: Chansey\n|-damage|p2a: Chansey|55/100 par\n|-enditem|p2a: Chansey|Eviolite|[from] move: Knock Off|[of] p1a: Scizor\n|move|p2a: Chansey|Teleport|p2a: Chansey\n|\n|t:|1771244039\n|-curestatus|p2a: Chansey|par|[from] ability: Natural Cure\n|switch|p2a: Zapdos|Zapdos|76/100|[from] Teleport\n|\n|upkeep\n|turn|15\n|\n|t:|1771244044\n|switch|p1a: Zapdos|Zapdos|69/100\n|move|p2a: Zapdos|Volt Switch|p1a: Zapdos\n|-damage|p1a: Zapdos|36/100\n|\n|t:|1771244046\n|switch|p2a: Pecharunt|Pecharunt|79/100|[from] Volt Switch\n|\n|upkeep\n|turn|16\n|\n|t:|1771244049\n|move|p1a: Zapdos|Hurricane|p2a: Pecharunt\n|-damage|p2a: Pecharunt|0 fnt\n|faint|p2a: Pecharunt\n|\n|upkeep\n|\n|t:|1771244055\n|switch|p2a: Zapdos|Zapdos|76/100\n|turn|17\n|\n|t:|1771244063\n|switch|p1a: Weezing|Weezing-Galar, M|100/100\n|-ability|p1a: Weezing|Neutralizing Gas\n|move|p2a: Zapdos|Volt Switch|p1a: Weezing\n|-damage|p1a: Weezing|69/100\n|\n|t:|1771244068\n|switch|p2a: Chansey|Chansey, F|55/100|[from] Volt Switch\n|\n|-heal|p1a: Weezing|75/100|[from] item: Black Sludge\n|upkeep\n|turn|18\n|\n|t:|1771244073\n|move|p1a: Weezing|Toxic Spikes|p2a: Chansey\n|-sidestart|p2: Frost12080000|move: Toxic Spikes\n|move|p2a: Chansey|Psywave|p1a: Weezing\n|-damage|p1a: Weezing|31/100\n|\n|-heal|p1a: Weezing|37/100|[from] item: Black Sludge\n|upkeep\n|turn|19\n|\n|t:|1771244078\n|move|p1a: Weezing|Pain Split|p2a: Chansey\n|-sethp|p2a: Chansey|37/100|[from] move: Pain Split|[silent]\n|-sethp|p1a: Weezing|71/100|[from] move: Pain Split\n|move|p2a: Chansey|Psywave|p1a: Weezing\n|-damage|p1a: Weezing|56/100\n|\n|-heal|p1a: Weezing|62/100|[from] item: Black Sludge\n|upkeep\n|turn|20\n|\n|t:|1771244085\n|move|p1a: Weezing|Toxic Spikes|p2a: Chansey\n|-sidestart|p2: Frost12080000|move: Toxic Spikes\n|move|p2a: Chansey|Soft-Boiled|p2a: Chansey\n|-heal|p2a: Chansey|87/100\n|\n|-heal|p1a: Weezing|68/100|[from] item: Black Sludge\n|upkeep\n|turn|21\n|\n|t:|1771244091\n|-end|p1a: Weezing|ability: Neutralizing Gas\n|switch|p1a: Scizor|Scizor-Mega, M|100/100\n|switch|p2a: Zapdos|Zapdos|76/100\n|\n|upkeep\n|turn|22\n|\n|t:|1771244096\n|switch|p1a: Kyurem|Kyurem|100/100\n|-ability|p1a: Kyurem|Pressure\n|move|p2a: Zapdos|Defog|p1a: Kyurem\n|-unboost|p1a: Kyurem|evasion|1\n|-sideend|p2: Frost12080000|Toxic Spikes|[from] move: Defog|[of] p2a: Zapdos\n|\n|upkeep\n|turn|23\n|\n|t:|1771244101\n|switch|p2a: Scizor|Scizor, M|100/100\n|move|p1a: Kyurem|Icicle Spear|p2a: Scizor\n|-resisted|p2a: Scizor\n|-damage|p2a: Scizor|94/100\n|-resisted|p2a: Scizor\n|-damage|p2a: Scizor|87/100\n|-resisted|p2a: Scizor\n|-damage|p2a: Scizor|81/100\n|-resisted|p2a: Scizor\n|-damage|p2a: Scizor|74/100\n|-hitcount|p2a: Scizor|4\n|\n|upkeep\n|turn|24\n|\n|t:|1771244106\n|switch|p1a: Greninja|Greninja, M|100/100\n|detailschange|p2a: Scizor|Scizor-Mega, M\n|-mega|p2a: Scizor|Scizor|Scizorite\n|move|p2a: Scizor|U-turn|p1a: Greninja\n|-supereffective|p1a: Greninja\n|-damage|p1a: Greninja|0 fnt\n|faint|p1a: Greninja\n|\n|t:|1771244113\n|switch|p2a: Tapu Fini|Tapu Fini, shiny|100/100|[from] U-turn\n|-fieldstart|move: Misty Terrain|[from] ability: Misty Surge|[of] p2a: Tapu Fini\n|\n|upkeep\n|\n|t:|1771244118\n|switch|p1a: Weezing|Weezing-Galar, M|68/100\n|-ability|p1a: Weezing|Neutralizing Gas\n|turn|25\n|\n|t:|1771244125\n|switch|p2a: Scizor|Scizor-Mega, M|74/100\n|-end|p1a: Weezing|ability: Neutralizing Gas\n|switch|p1a: Zapdos|Zapdos|36/100\n|\n|upkeep\n|turn|26\n|\n|t:|1771244130\n|move|p1a: Zapdos|Volt Switch|p2a: Scizor\n|-damage|p2a: Scizor|22/100\n|\n|t:|1771244133\n|switch|p1a: Scizor|Scizor-Mega, M|100/100|[from] Volt Switch\n|move|p2a: Scizor|U-turn|p1a: Scizor\n|-resisted|p1a: Scizor\n|-damage|p1a: Scizor|87/100\n|\n|t:|1771244137\n|switch|p2a: Zapdos|Zapdos|76/100|[from] U-turn\n|\n|upkeep\n|turn|27\n|\n|t:|1771244140\n|switch|p1a: Weezing|Weezing-Galar, M|68/100\n|-ability|p1a: Weezing|Neutralizing Gas\n|move|p2a: Zapdos|Volt Switch|p1a: Weezing\n|-damage|p1a: Weezing|39/100\n|\n|t:|1771244143\n|switch|p2a: Scizor|Scizor-Mega, M|22/100|[from] Volt Switch\n|\n|-heal|p1a: Weezing|45/100|[from] item: Black Sludge\n|upkeep\n|turn|28\n|\n|t:|1771244149\n|-end|p1a: Weezing|ability: Neutralizing Gas\n|switch|p1a: Scizor|Scizor-Mega, M|87/100\n|move|p2a: Scizor|Roost|p2a: Scizor\n|-heal|p2a: Scizor|72/100\n|-singleturn|p2a: Scizor|move: Roost\n|\n|-fieldend|Misty Terrain\n|upkeep\n|turn|29\n|\n|t:|1771244155\n|switch|p1a: Zapdos|Zapdos|36/100\n|switch|p2a: Zapdos|Zapdos|76/100\n|\n|upkeep\n|turn|30\n|\n|t:|1771244166\n|move|p1a: Zapdos|Volt Switch|p2a: Zapdos\n|-damage|p2a: Zapdos|28/100\n|\n|t:|1771244171\n|switch|p1a: Weezing|Weezing-Galar, M|45/100|[from] Volt Switch\n|-ability|p1a: Weezing|Neutralizing Gas\n|move|p2a: Zapdos|Volt Switch|p1a: Weezing\n|-damage|p1a: Weezing|16/100\n|\n|t:|1771244181\n|switch|p2a: Scizor|Scizor-Mega, M|72/100|[from] Volt Switch\n|\n|-heal|p1a: Weezing|22/100|[from] item: Black Sludge\n|upkeep\n|turn|31\n|\n|t:|1771244184\n|move|p2a: Scizor|U-turn|p1a: Weezing\n|-resisted|p1a: Weezing\n|-damage|p1a: Weezing|14/100\n|\n|t:|1771244209\n|switch|p2a: Zapdos|Zapdos|28/100|[from] U-turn\n|move|p1a: Weezing|Will-O-Wisp|p2a: Zapdos\n|-status|p2a: Zapdos|brn\n|\n|-heal|p1a: Weezing|20/100|[from] item: Black Sludge\n|-damage|p2a: Zapdos|22/100 brn|[from] brn\n|upkeep\n|turn|32\n|\n|t:|1771244218\n|move|p2a: Zapdos|Roost|p2a: Zapdos\n|-heal|p2a: Zapdos|72/100 brn\n|-singleturn|p2a: Zapdos|move: Roost\n|move|p1a: Weezing|Pain Split|p2a: Zapdos\n|-sethp|p2a: Zapdos|45/100 brn|[from] move: Pain Split|[silent]\n|-sethp|p1a: Weezing|51/100|[from] move: Pain Split\n|\n|-heal|p1a: Weezing|57/100|[from] item: Black Sludge\n|-damage|p2a: Zapdos|39/100 brn|[from] brn\n|upkeep\n|turn|33\n|\n|t:|1771244230\n|move|p2a: Zapdos|Volt Switch|p1a: Weezing\n|-crit|p1a: Weezing\n|-damage|p1a: Weezing|16/100\n|\n|t:|1771244238\n|switch|p2a: Scizor|Scizor-Mega, M|72/100|[from] Volt Switch\n|move|p1a: Weezing|Toxic Spikes|p2a: Scizor\n|-sidestart|p2: Frost12080000|move: Toxic Spikes\n|\n|-heal|p1a: Weezing|22/100|[from] item: Black Sludge\n|upkeep\n|turn|34\n|\n|t:|1771244243\n|-end|p1a: Weezing|ability: Neutralizing Gas\n|switch|p1a: Scizor|Scizor-Mega, M|87/100\n|move|p2a: Scizor|Bullet Punch|p1a: Scizor\n|-resisted|p1a: Scizor\n|-damage|p1a: Scizor|75/100\n|\n|upkeep\n|turn|35\n|\n|t:|1771244248\n|move|p1a: Scizor|Knock Off|p2a: Scizor\n|-damage|p2a: Scizor|53/100\n|move|p2a: Scizor|Close Combat|p1a: Scizor\n|-damage|p1a: Scizor|45/100\n|-unboost|p2a: Scizor|def|1\n|-unboost|p2a: Scizor|spd|1\n|\n|upkeep\n|turn|36\n|\n|t:|1771244256\n|move|p2a: Scizor|Close Combat|p1a: Scizor\n|-damage|p1a: Scizor|16/100\n|-unboost|p2a: Scizor|def|1\n|-unboost|p2a: Scizor|spd|1\n|move|p1a: Scizor|Knock Off|p2a: Scizor\n|-damage|p2a: Scizor|15/100\n|\n|upkeep\n|turn|37\n|\n|t:|1771244262\n|move|p1a: Scizor|Bullet Punch|p2a: Scizor\n|-resisted|p2a: Scizor\n|-damage|p2a: Scizor|0 fnt\n|faint|p2a: Scizor\n|detailschange|p2: Scizor|Scizor, M|[silent]\n|\n|upkeep\n|\n|t:|1771244265\n|switch|p2a: Tapu Fini|Tapu Fini, shiny|100/100\n|-status|p2a: Tapu Fini|psn\n|-fieldstart|move: Misty Terrain|[from] ability: Misty Surge|[of] p2a: Tapu Fini\n|turn|38\n|\n|t:|1771244270\n|move|p1a: Scizor|Bullet Punch|p2a: Tapu Fini\n|-damage|p2a: Tapu Fini|76/100 psn\n|move|p2a: Tapu Fini|Surf|p1a: Scizor\n|-damage|p1a: Scizor|0 fnt\n|faint|p1a: Scizor\n|detailschange|p1: Scizor|Scizor, M|[silent]\n|\n|-heal|p2a: Tapu Fini|82/100 psn|[from] item: Leftovers\n|-damage|p2a: Tapu Fini|70/100 psn|[from] psn\n|upkeep\n|\n|t:|1771244273\n|switch|p1a: Zapdos|Zapdos|36/100\n|turn|39\n|\n|t:|1771244278\n|move|p1a: Zapdos|Volt Switch|p2a: Tapu Fini\n|-supereffective|p2a: Tapu Fini\n|-damage|p2a: Tapu Fini|0 fnt\n|faint|p2a: Tapu Fini\n|\n|t:|1771244283\n|switch|p1a: Weezing|Weezing-Galar, M|22/100|[from] Volt Switch\n|-ability|p1a: Weezing|Neutralizing Gas\n|\n|-heal|p1a: Weezing|28/100|[from] item: Black Sludge\n|upkeep\n|\n|t:|1771244287\n|switch|p2a: Chansey|Chansey, F|87/100\n|turn|40\n|\n|t:|1771244291\n|move|p1a: Weezing|Pain Split|p2a: Chansey\n|-sethp|p2a: Chansey|51/100|[from] move: Pain Split|[silent]\n|-sethp|p1a: Weezing|98/100|[from] move: Pain Split\n|move|p2a: Chansey|Psywave|p1a: Weezing\n|-damage|p1a: Weezing|75/100\n|\n|-heal|p1a: Weezing|81/100|[from] item: Black Sludge\n|upkeep\n|turn|41\n|-message|Frost12080000 forfeited.\n|\n|win|AgencyBlundAMD\n|raw|AgencyBlundAMD's rating: 1574 &rarr; <strong>1599</strong><br />(+25 for winning)\n|raw|Frost12080000's rating: 1657 &rarr; <strong>1632</strong><br />(-25 for losing)\n|l|☆Frost12080000\n|player|p2|\n|l|‽AgencyBlundAMD\n|player|p1|\n", "uploadtime": 1771244529, "views": 5, "formatid": "gen9nationaldex", "rating": 1599, "private": 0, "password": null}