{"id": "gen9nationaldex-2540402322", "format": "[Gen 9] National Dex", "players": ["des459yt", "CanaryKill"], "log": "|j|☆des459yt\n|j|☆CanaryKill\n|t:|1771197652\n|gametype|singles\n|player|p1|des459yt|1|1590\n|player|p2|CanaryKill|101|1626\n|gen|9\n|tier|[Gen 9] National Dex\n|rated|\n|rule|HP Percentage Mod: HP is shown in percentages\n|rule|Endless Battle Clause: Forcing endless battles is banned\n|rule|Species Clause: Limit one of each Pokémon\n|rule|OHKO Clause: OHKO moves are banned\n|rule|Evasion Clause: Evasion abilities, items, and moves are banned\n|rule|Evasion Abilities Clause: Evasion abilities are banned\n|rule|Evasion Items Clause: Evasion items are banned\n|rule|Evasion Moves Clause: Evasion moves are banned\n|rule|Sleep Clause Mod: Limit one foe put to sleep\n|rule|Terastal Clause: You cannot Terastallize\n|clearpoke\n|poke|p1|Steelix, M|\n|poke|p1|Alomomola, M|\n|poke|p1|Kommo-o, M|\n|poke|p1|Weavile, F|\n|poke|p1|Moltres|\n|poke|p1|Tapu Bulu|\n|poke|p2|Gardevoir, M|\n|poke|p2|Golem-Alola, F|\n|poke|p2|Ogerpon-Wellspring, F|\n|poke|p2|Iron Treads|\n|poke|p2|Dragonite, M|\n|poke|p2|Ting-Lu|\n|teampreview\n|inactive|Battle timer is ON: inactive players will automatically lose when time's up. (requested by CanaryKill)\n|inactive|des459yt also wants the timer to be on.\n|\n|t:|1771197666\n|teamsize|p1|6\n|teamsize|p2|6\n|start\n|switch|p1a: Steelix|Steelix, M|100/100\n|switch|p2a: Gardevoir|Gardevoir, M|100/100\n|turn|1\n|inactive|des459yt has 120 seconds left.\n|\n|t:|1771197701\n|switch|p2a: Ting-Lu|Ting-Lu|100/100\n|-ability|p2a: Ting-Lu|Vessel of Ruin\n|detailschange|p1a: Steelix|Steelix-Mega, M\n|-mega|p1a: Steelix|Steelix|Steelixite\n|move|p1a: Steelix|Gyro Ball|p2a: Ting-Lu\n|-damage|p2a: Ting-Lu|91/100\n|\n|-heal|p2a: Ting-Lu|97/100|[from] item: Leftovers\n|upkeep\n|turn|2\n|\n|t:|1771197706\n|move|p2a: Ting-Lu|Stealth Rock|p1a: Steelix\n|-sidestart|p1: des459yt|move: Stealth Rock\n|move|p1a: Steelix|Stealth Rock|p2a: Ting-Lu\n|-sidestart|p2: CanaryKill|move: Stealth Rock\n|\n|-heal|p2a: Ting-Lu|100/100|[from] item: Leftovers\n|upkeep\n|turn|3\n|\n|t:|1771197708\n|switch|p1a: Alomomola|Alomomola, M|100/100\n|move|p2a: Ting-Lu|Ruination|p1a: Alomomola\n|-damage|p1a: Alomomola|50/100\n|\n|upkeep\n|turn|4\n|\n|t:|1771197712\n|switch|p2a: Ogerpon|Ogerpon-Wellspring, F|100/100\n|-damage|p2a: Ogerpon|88/100|[from] Stealth Rock\n|move|p1a: Alomomola|Toxic|p2a: Ogerpon\n|-status|p2a: Ogerpon|tox\n|\n|-damage|p2a: Ogerpon|82/100 tox|[from] psn\n|upkeep\n|turn|5\n|\n|t:|1771197720\n|switch|p1a: Tapu Bulu|Tapu Bulu|100/100\n|-damage|p1a: Tapu Bulu|88/100|[from] Stealth Rock\n|-fieldstart|move: Grassy Terrain|[from] ability: Grassy Surge|[of] p1a: Tapu Bulu\n|move|p2a: Ogerpon|Horn Leech|p1a: Tapu Bulu\n|-resisted|p1a: Tapu Bulu\n|-damage|p1a: Tapu Bulu|57/100\n|-heal|p2a: Ogerpon|98/100 tox|[from] drain|[of] p1a: Tapu Bulu\n|\n|-heal|p2a: Ogerpon|100/100 tox|[from] Grassy Terrain\n|-heal|p1a: Tapu Bulu|63/100|[from] Grassy Terrain\n|-damage|p2a: Ogerpon|89/100 tox|[from] psn\n|upkeep\n|turn|6\n|\n|t:|1771197727\n|switch|p2a: Iron Treads|Iron Treads|100/100\n|-damage|p2a: Iron Treads|97/100|[from] Stealth Rock\n|move|p1a: Tapu Bulu|Horn Leech|p2a: Iron Treads\n|-damage|p2a: Iron Treads|24/100\n|-heal|p1a: Tapu Bulu|100/100|[from] drain|[of] p2a: Iron Treads\n|\n|-heal|p2a: Iron Treads|30/100|[from] Grassy Terrain\n|upkeep\n|turn|7\n|\n|t:|1771197738\n|move|p2a: Iron Treads|Rapid Spin|p1a: Tapu Bulu\n|-damage|p1a: Tapu Bulu|86/100\n|-boost|p2a: Iron Treads|spe|1\n|-sideend|p2: CanaryKill|Stealth Rock|[from] move: Rapid Spin|[of] p2a: Iron Treads\n|move|p1a: Tapu Bulu|Horn Leech|p2a: Iron Treads\n|-damage|p2a: Iron Treads|0 fnt\n|-heal|p1a: Tapu Bulu|100/100|[from] drain|[of] p2a: Iron Treads\n|faint|p2a: Iron Treads\n|-end|p2a: Iron Treads|Quark Drive|[silent]\n|\n|upkeep\n|\n|t:|1771197744\n|switch|p2a: Dragonite|Dragonite, M|100/100\n|turn|8\n|\n|t:|1771197747\n|switch|p1a: Steelix|Steelix-Mega, M|100/100\n|-damage|p1a: Steelix|97/100|[from] Stealth Rock\n|move|p2a: Dragonite|Iron Head|p1a: Steelix\n|-resisted|p1a: Steelix\n|-damage|p1a: Steelix|87/100\n|\n|-heal|p1a: Steelix|93/100|[from] Grassy Terrain\n|upkeep\n|turn|9\n|\n|t:|1771197752\n|switch|p2a: Ogerpon|Ogerpon-Wellspring, F|89/100 tox\n|move|p1a: Steelix|Stealth Rock|p2a: Ogerpon\n|-sidestart|p2: CanaryKill|move: Stealth Rock\n|\n|-heal|p2a: Ogerpon|95/100 tox|[from] Grassy Terrain\n|-heal|p1a: Steelix|99/100|[from] Grassy Terrain\n|-damage|p2a: Ogerpon|89/100 tox|[from] psn\n|-fieldend|move: Grassy Terrain\n|upkeep\n|turn|10\n|\n|t:|1771197755\n|switch|p1a: Tapu Bulu|Tapu Bulu|100/100\n|-damage|p1a: Tapu Bulu|88/100|[from] Stealth Rock\n|-fieldstart|move: Grassy Terrain|[from] ability: Grassy Surge|[of] p1a: Tapu Bulu\n|move|p2a: Ogerpon|Horn Leech|p1a: Tapu Bulu\n|-resisted|p1a: Tapu Bulu\n|-damage|p1a: Tapu Bulu|58/100\n|-heal|p2a: Ogerpon|100/100 tox|[from] drain|[of] p1a: Tapu Bulu\n|\n|-heal|p1a: Tapu Bulu|64/100|[from] Grassy Terrain\n|-damage|p2a: Ogerpon|89/100 tox|[from] psn\n|upkeep\n|turn|11\n|\n|t:|1771197758\n|move|p2a: Ogerpon|Horn Leech|p1a: Tapu Bulu\n|-resisted|p1a: Tapu Bulu\n|-damage|p1a: Tapu Bulu|34/100\n|-heal|p2a: Ogerpon|100/100 tox|[from] drain|[of] p1a: Tapu Bulu\n|move|p1a: Tapu Bulu|Horn Leech|p2a: Ogerpon\n|-damage|p2a: Ogerpon|0 fnt\n|-heal|p1a: Tapu Bulu|84/100|[from] drain|[of] p2a: Ogerpon\n|faint|p2a: Ogerpon\n|\n|-heal|p1a: Tapu Bulu|90/100|[from] Grassy Terrain\n|upkeep\n|\n|t:|1771197762\n|switch|p2a: Gardevoir|Gardevoir, M|100/100\n|-damage|p2a: Gardevoir|88/100|[from] Stealth Rock\n|turn|12\n|\n|t:|1771197764\n|switch|p1a: Moltres|Moltres|100/100\n|detailschange|p2a: Gardevoir|Gardevoir-Mega, M\n|-mega|p2a: Gardevoir|Gardevoir|Gardevoirite\n|move|p2a: Gardevoir|Mystical Fire|p1a: Moltres\n|-resisted|p1a: Moltres\n|-damage|p1a: Moltres|90/100\n|-unboost|p1a: Moltres|spa|1\n|\n|-heal|p2a: Gardevoir|94/100|[from] Grassy Terrain\n|upkeep\n|turn|13\n|\n|t:|1771197775\n|move|p2a: Gardevoir|Calm Mind|p2a: Gardevoir\n|-boost|p2a: Gardevoir|spa|1\n|-boost|p2a: Gardevoir|spd|1\n|move|p1a: Moltres|U-turn|p2a: Gardevoir\n|-crit|p2a: Gardevoir\n|-damage|p2a: Gardevoir|53/100\n|\n|t:|1771197783\n|switch|p1a: Steelix|Steelix-Mega, M|99/100|[from] U-turn\n|-damage|p1a: Steelix|97/100|[from] Stealth Rock\n|\n|-heal|p2a: Gardevoir|59/100|[from] Grassy Terrain\n|-heal|p1a: Steelix|100/100|[from] Grassy Terrain\n|upkeep\n|turn|14\n|\n|t:|1771197793\n|move|p2a: Gardevoir|Mystical Fire|p1a: Steelix\n|-supereffective|p1a: Steelix\n|-damage|p1a: Steelix|37/100\n|-unboost|p1a: Steelix|spa|1\n|move|p1a: Steelix|Gyro Ball|p2a: Gardevoir\n|-supereffective|p2a: Gardevoir\n|-crit|p2a: Gardevoir\n|-damage|p2a: Gardevoir|0 fnt\n|faint|p2a: Gardevoir\n|detailschange|p2: Gardevoir|Gardevoir, M|[silent]\n|\n|-heal|p1a: Steelix|43/100|[from] Grassy Terrain\n|-fieldend|move: Grassy Terrain\n|upkeep\n|\n|t:|1771197802\n|switch|p2a: Dragonite|Dragonite, M|100/100\n|-damage|p2a: Dragonite|76/100|[from] Stealth Rock\n|turn|15\n|\n|t:|1771197809\n|switch|p1a: Alomomola|Alomomola, M|84/100\n|move|p2a: Dragonite|Earthquake|p1a: Alomomola\n|-damage|p1a: Alomomola|50/100\n|\n|upkeep\n|turn|16\n|-message|CanaryKill forfeited.\n|\n|win|des459yt\n|raw|des459yt's rating: 1590 &rarr; <strong>1613</strong><br />(+23 for winning)\n|raw|CanaryKill's rating: 1641 &rarr; <strong>1618</strong><br />(-23 for losing)\n|l|☆CanaryKill\n|player|p2|\n|l|☆des459yt\n|player|p1|\n", "uploadtime": 1771198052, "views": 13, "formatid": "gen9nationaldex", "rating": 1613, "private": 0, "password": null}