{"id": "gen9nationaldex-2540426931", "format": "[Gen 9] National Dex", "players": ["DriftedEx", "Jadii_Xii"], "log": "|j|☆DriftedEx\n|j|☆Jadii_Xii\n|t:|1771200655\n|gametype|singles\n|player|p1|DriftedEx|rocketgrunt|1701\n|player|p2|Jadii_Xii|aaron|1666\n|gen|9\n|tier|[Gen 9] National Dex\n|rated|\n|rule|HP Percentage Mod: HP is shown in percentages\n|rule|Endless Battle Clause: Forcing endless battles is banned\n|rule|Species Clause: Limit one of each Pokémon\n|rule|OHKO Clause: OHKO moves are banned\n|rule|Evasion Clause: Evasion abilities, items, and moves are banned\n|rule|Evasion Abilities Clause: Evasion abilities are banned\n|rule|Evasion Items Clause: Evasion items are banned\n|rule|Evasion Moves Clause: Evasion moves are banned\n|rule|Sleep Clause Mod: Limit one foe put to sleep\n|rule|Terastal Clause: You cannot Terastallize\n|clearpoke\n|poke|p1|Clefable, M|\n|poke|p1|Pecharunt|\n|poke|p1|Skarmory, M|\n|poke|p1|Latios, M|\n|poke|p1|Ting-Lu|\n|poke|p1|Gholdengo|\n|poke|p2|Urshifu-*, M|\n|poke|p2|Porygon-Z|\n|poke|p2|Gengar, F|\n|poke|p2|Grimmsnarl, M|\n|poke|p2|Garchomp, F|\n|poke|p2|Volcarona, M|\n|teampreview\n|inactive|Battle timer is ON: inactive players will automatically lose when time's up. (requested by DriftedEx)\n|\n|t:|1771200674\n|teamsize|p1|6\n|teamsize|p2|6\n|start\n|switch|p1a: Pecharunt|Pecharunt|100/100\n|switch|p2a: Urshifu|Urshifu-Rapid-Strike, M|100/100\n|turn|1\n|\n|t:|1771200676\n|switch|p2a: Gengar|Gengar, F|100/100\n|move|p1a: Pecharunt|Shadow Ball|p2a: Gengar\n|-supereffective|p2a: Gengar\n|-damage|p2a: Gengar|23/100\n|\n|upkeep\n|turn|2\n|\n|t:|1771200680\n|switch|p1a: Ting-Lu|Ting-Lu|100/100\n|-ability|p1a: Ting-Lu|Vessel of Ruin\n|move|p2a: Gengar|Taunt|p1a: Ting-Lu\n|-start|p1a: Ting-Lu|move: Taunt\n|\n|upkeep\n|turn|3\n|\n|t:|1771200683\n|switch|p2a: Garchomp|Garchomp, F|100/100\n|move|p1a: Ting-Lu|Rock Slide|p2a: Garchomp\n|-resisted|p2a: Garchomp\n|-damage|p2a: Garchomp|93/100\n|\n|upkeep\n|turn|4\n|\n|t:|1771200685\n|move|p2a: Garchomp|Stealth Rock|p1a: Ting-Lu\n|-sidestart|p1: DriftedEx|move: Stealth Rock\n|move|p1a: Ting-Lu|Earthquake|p2a: Garchomp\n|-damage|p2a: Garchomp|59/100\n|\n|-end|p1a: Ting-Lu|move: Taunt\n|upkeep\n|turn|5\n|\n|t:|1771200687\n|move|p2a: Garchomp|Earthquake|p1a: Ting-Lu\n|-damage|p1a: Ting-Lu|77/100\n|move|p1a: Ting-Lu|Earthquake|p2a: Garchomp\n|-damage|p2a: Garchomp|26/100\n|\n|-heal|p1a: Ting-Lu|83/100|[from] item: Leftovers\n|upkeep\n|turn|6\n|\n|t:|1771200689\n|move|p2a: Garchomp|Earthquake|p1a: Ting-Lu\n|-damage|p1a: Ting-Lu|58/100\n|move|p1a: Ting-Lu|Earthquake|p2a: Garchomp\n|-damage|p2a: Garchomp|0 fnt\n|faint|p2a: Garchomp\n|\n|-heal|p1a: Ting-Lu|65/100|[from] item: Leftovers\n|upkeep\n|\n|t:|1771200692\n|switch|p2a: Urshifu|Urshifu-Rapid-Strike, M|100/100\n|turn|7\n|\n|t:|1771200701\n|switch|p1a: Pecharunt|Pecharunt|100/100\n|move|p2a: Urshifu|Surging Strikes|p1a: Pecharunt\n|-crit|p1a: Pecharunt\n|-damage|p1a: Pecharunt|89/100\n|-crit|p1a: Pecharunt\n|-damage|p1a: Pecharunt|79/100\n|-crit|p1a: Pecharunt\n|-damage|p1a: Pecharunt|69/100\n|-hitcount|p1a: Pecharunt|3\n|\n|upkeep\n|turn|8\n|\n|t:|1771200703\n|switch|p2a: Gengar|Gengar, F|23/100\n|move|p1a: Pecharunt|Malignant Chain|p2a: Gengar\n|-resisted|p2a: Gengar\n|-damage|p2a: Gengar|12/100\n|\n|upkeep\n|turn|9\n|\n|t:|1771200707\n|switch|p1a: Ting-Lu|Ting-Lu|65/100\n|-damage|p1a: Ting-Lu|58/100|[from] Stealth Rock\n|-ability|p1a: Ting-Lu|Vessel of Ruin\n|move|p2a: Gengar|Taunt|p1a: Ting-Lu\n|-start|p1a: Ting-Lu|move: Taunt\n|\n|-heal|p1a: Ting-Lu|65/100|[from] item: Leftovers\n|upkeep\n|turn|10\n|\n|t:|1771200711\n|move|p2a: Gengar|Sludge Bomb|p1a: Ting-Lu\n|-resisted|p1a: Ting-Lu\n|-damage|p1a: Ting-Lu|55/100\n|move|p1a: Ting-Lu|Rock Slide|p2a: Gengar\n|-damage|p2a: Gengar|0 fnt\n|faint|p2a: Gengar\n|\n|-heal|p1a: Ting-Lu|61/100|[from] item: Leftovers\n|upkeep\n|\n|t:|1771200713\n|switch|p2a: Urshifu|Urshifu-Rapid-Strike, M|100/100\n|turn|11\n|\n|t:|1771200717\n|switch|p1a: Skarmory|Skarmory, M|100/100\n|-damage|p1a: Skarmory|88/100|[from] Stealth Rock\n|move|p2a: Urshifu|Swords Dance|p2a: Urshifu\n|-boost|p2a: Urshifu|atk|2\n|\n|upkeep\n|turn|12\n|\n|t:|1771200719\n|move|p2a: Urshifu|Surging Strikes|p1a: Skarmory\n|-crit|p1a: Skarmory\n|-damage|p1a: Skarmory|61/100\n|-crit|p1a: Skarmory\n|-damage|p1a: Skarmory|33/100\n|-crit|p1a: Skarmory\n|-damage|p1a: Skarmory|5/100\n|-hitcount|p1a: Skarmory|3\n|move|p1a: Skarmory|Brave Bird|p2a: Urshifu\n|-supereffective|p2a: Urshifu\n|-damage|p2a: Urshifu|35/100\n|-damage|p1a: Skarmory|0 fnt|[from] Recoil\n|faint|p1a: Skarmory\n|\n|upkeep\n|\n|t:|1771200729\n|switch|p1a: Gholdengo|Gholdengo|100/100\n|-damage|p1a: Gholdengo|94/100|[from] Stealth Rock\n|turn|13\n|\n|t:|1771200731\n|move|p1a: Gholdengo|Shadow Ball|p2a: Urshifu\n|-damage|p2a: Urshifu|0 fnt\n|faint|p2a: Urshifu\n|\n|upkeep\n|\n|t:|1771200733\n|switch|p2a: Porygon-Z|Porygon-Z, shiny|100/100\n|-ability|p2a: Porygon-Z|Download|boost\n|-boost|p2a: Porygon-Z|spa|1\n|turn|14\n|\n|t:|1771200735\n|switch|p1a: Ting-Lu|Ting-Lu|61/100\n|-damage|p1a: Ting-Lu|55/100|[from] Stealth Rock\n|-ability|p1a: Ting-Lu|Vessel of Ruin\n|-zpower|p2a: Porygon-Z\n|move|p2a: Porygon-Z|Z-Conversion|p2a: Porygon-Z|[anim]Conversion\n|-boost|p2a: Porygon-Z|atk|1|[zeffect]\n|-boost|p2a: Porygon-Z|def|1|[zeffect]\n|-boost|p2a: Porygon-Z|spa|1|[zeffect]\n|-boost|p2a: Porygon-Z|spd|1|[zeffect]\n|-boost|p2a: Porygon-Z|spe|1|[zeffect]\n|-start|p2a: Porygon-Z|typechange|Ghost\n|\n|-heal|p1a: Ting-Lu|61/100|[from] item: Leftovers\n|upkeep\n|turn|15\n|\n|t:|1771200737\n|move|p2a: Porygon-Z|Ice Beam|p1a: Ting-Lu\n|-supereffective|p1a: Ting-Lu\n|-damage|p1a: Ting-Lu|5/100\n|move|p1a: Ting-Lu|Payback|p2a: Porygon-Z\n|-supereffective|p2a: Porygon-Z\n|-damage|p2a: Porygon-Z|33/100\n|\n|-heal|p1a: Ting-Lu|12/100|[from] item: Leftovers\n|upkeep\n|turn|16\n|\n|t:|1771200743\n|move|p2a: Porygon-Z|Ice Beam|p1a: Ting-Lu\n|-supereffective|p1a: Ting-Lu\n|-damage|p1a: Ting-Lu|0 fnt\n|faint|p1a: Ting-Lu\n|\n|upkeep\n|\n|t:|1771200746\n|switch|p1a: Clefable|Clefable, M|100/100\n|turn|17\n|\n|t:|1771200749\n|move|p2a: Porygon-Z|Shadow Ball|p1a: Clefable\n|-damage|p1a: Clefable|40/100\n|move|p1a: Clefable|Knock Off|p2a: Porygon-Z\n|-supereffective|p2a: Porygon-Z\n|-damage|p2a: Porygon-Z|12/100\n|\n|-heal|p1a: Clefable|46/100|[from] item: Leftovers\n|upkeep\n|turn|18\n|\n|t:|1771200752\n|move|p2a: Porygon-Z|Shadow Ball|p1a: Clefable\n|-damage|p1a: Clefable|0 fnt\n|faint|p1a: Clefable\n|\n|upkeep\n|\n|t:|1771200753\n|switch|p1a: Gholdengo|Gholdengo|94/100\n|-damage|p1a: Gholdengo|88/100|[from] Stealth Rock\n|turn|19\n|\n|t:|1771200755\n|move|p2a: Porygon-Z|Shadow Ball|p1a: Gholdengo\n|-supereffective|p1a: Gholdengo\n|-damage|p1a: Gholdengo|0 fnt\n|faint|p1a: Gholdengo\n|\n|upkeep\n|\n|t:|1771200757\n|switch|p1a: Pecharunt|Pecharunt|69/100\n|turn|20\n|\n|t:|1771200758\n|move|p2a: Porygon-Z|Shadow Ball|p1a: Pecharunt\n|-supereffective|p1a: Pecharunt\n|-damage|p1a: Pecharunt|0 fnt\n|faint|p1a: Pecharunt\n|\n|upkeep\n|\n|t:|1771200759\n|switch|p1a: Latios|Latios, M|100/100\n|-damage|p1a: Latios|88/100|[from] Stealth Rock\n|turn|21\n|\n|t:|1771200761\n|detailschange|p1a: Latios|Latios-Mega, M\n|-mega|p1a: Latios|Latios|Latiosite\n|move|p2a: Porygon-Z|Ice Beam|p1a: Latios\n|-supereffective|p1a: Latios\n|-damage|p1a: Latios|0 fnt\n|faint|p1a: Latios\n|detailschange|p1: Latios|Latios, M|[silent]\n|\n|win|Jadii_Xii\n|raw|DriftedEx's rating: 1683 &rarr; <strong>1662</strong><br />(-21 for losing)\n|raw|Jadii_Xii's rating: 1666 &rarr; <strong>1687</strong><br />(+21 for winning)\n|l|☆DriftedEx\n|player|p1|\n|l|☆Jadii_Xii\n|player|p2|\n", "uploadtime": 1771200942, "views": 7, "formatid": "gen9nationaldex", "rating": 1662, "private": 0, "password": null}