{"id": "gen9nationaldex-2540220800", "format": "[Gen 9] National Dex", "players": ["t0usei", "lpop"], "log": "|j|☆t0usei\n|j|☆lpop\n|t:|1771177376\n|gametype|singles\n|player|p1|t0usei|ghetsis|1519\n|player|p2|lpop|roxie|1598\n|gen|9\n|tier|[Gen 9] National Dex\n|rated|\n|rule|HP Percentage Mod: HP is shown in percentages\n|rule|Endless Battle Clause: Forcing endless battles is banned\n|rule|Species Clause: Limit one of each Pokémon\n|rule|OHKO Clause: OHKO moves are banned\n|rule|Evasion Clause: Evasion abilities, items, and moves are banned\n|rule|Evasion Abilities Clause: Evasion abilities are banned\n|rule|Evasion Items Clause: Evasion items are banned\n|rule|Evasion Moves Clause: Evasion moves are banned\n|rule|Sleep Clause Mod: Limit one foe put to sleep\n|rule|Terastal Clause: You cannot Terastallize\n|clearpoke\n|poke|p1|Gallade, M|\n|poke|p1|Clodsire, M|\n|poke|p1|Samurott-Hisui, F|\n|poke|p1|Corviknight, F|\n|poke|p1|Tapu Lele|\n|poke|p1|Moltres|\n|poke|p2|Lopunny, F|\n|poke|p2|Ferrothorn, F|\n|poke|p2|Zapdos|\n|poke|p2|Tapu Lele|\n|poke|p2|Blissey, F|\n|poke|p2|Terapagos, M|\n|teampreview\n|inactive|Battle timer is ON: inactive players will automatically lose when time's up. (requested by t0usei)\n|\n|t:|1771177391\n|teamsize|p1|6\n|teamsize|p2|6\n|start\n|switch|p1a: Samurott|Samurott-Hisui, F|100/100\n|switch|p2a: Zapdos|Zapdos|100/100\n|turn|1\n|\n|t:|1771177394\n|switch|p1a: Clodsire|Clodsire, M|100/100\n|move|p2a: Zapdos|Volt Switch|p1a: Clodsire\n|-immune|p1a: Clodsire\n|\n|upkeep\n|turn|2\n|\n|t:|1771177399\n|switch|p2a: Terapagos|Terapagos, M|100/100\n|-activate|p2a: Terapagos|ability: Tera Shift\n|detailschange|p2a: Terapagos|Terapagos-Terastal, M\n|-heal|p2a: Terapagos|100/100|[silent]\n|move|p1a: Clodsire|Stealth Rock|p2a: Terapagos\n|-sidestart|p2: lpop|move: Stealth Rock\n|\n|upkeep\n|turn|3\n|\n|t:|1771177405\n|move|p2a: Terapagos|Calm Mind|p2a: Terapagos\n|-boost|p2a: Terapagos|spa|1\n|-boost|p2a: Terapagos|spd|1\n|move|p1a: Clodsire|Toxic|p2a: Terapagos\n|-status|p2a: Terapagos|tox\n|\n|-damage|p2a: Terapagos|94/100 tox|[from] psn\n|upkeep\n|turn|4\n|\n|t:|1771177408\n|move|p2a: Terapagos|Earth Power|p1a: Clodsire\n|-supereffective|p1a: Clodsire\n|-damage|p1a: Clodsire|60/100\n|move|p1a: Clodsire|Earthquake|p2a: Terapagos\n|-damage|p2a: Terapagos|69/100 tox\n|\n|-heal|p1a: Clodsire|67/100|[from] item: Black Sludge\n|-damage|p2a: Terapagos|57/100 tox|[from] psn\n|upkeep\n|turn|5\n|\n|t:|1771177413\n|move|p2a: Terapagos|Rapid Spin|p1a: Clodsire\n|-damage|p1a: Clodsire|50/100\n|-boost|p2a: Terapagos|spe|1\n|-sideend|p2: lpop|Stealth Rock|[from] move: Rapid Spin|[of] p2a: Terapagos\n|move|p1a: Clodsire|Recover|p1a: Clodsire\n|-heal|p1a: Clodsire|99/100\n|\n|-heal|p1a: Clodsire|100/100|[from] item: Black Sludge\n|-damage|p2a: Terapagos|39/100 tox|[from] psn\n|upkeep\n|turn|6\n|\n|t:|1771177419\n|switch|p2a: Tapu Lele|Tapu Lele|100/100\n|-fieldstart|move: Psychic Terrain|[from] ability: Psychic Surge|[of] p2a: Tapu Lele\n|move|p1a: Clodsire|Stealth Rock|p2a: Tapu Lele\n|-sidestart|p2: lpop|move: Stealth Rock\n|\n|upkeep\n|turn|7\n|\n|t:|1771177429\n|switch|p1a: Corviknight|Corviknight, F|100/100\n|-ability|p1a: Corviknight|Pressure\n|move|p2a: Tapu Lele|Psychic|p1a: Corviknight\n|-resisted|p1a: Corviknight\n|-damage|p1a: Corviknight|68/100\n|\n|upkeep\n|turn|8\n|\n|t:|1771177436\n|switch|p2a: Ferrothorn|Ferrothorn, F|100/100\n|-damage|p2a: Ferrothorn|94/100|[from] Stealth Rock\n|move|p1a: Corviknight|Roost|p1a: Corviknight\n|-heal|p1a: Corviknight|100/100\n|-singleturn|p1a: Corviknight|move: Roost\n|\n|upkeep\n|turn|9\n|\n|t:|1771177438\n|switch|p1a: Moltres|Moltres|100/100\n|move|p2a: Ferrothorn|Leech Seed|p1a: Moltres|[miss]\n|-miss|p2a: Ferrothorn|p1a: Moltres\n|\n|upkeep\n|turn|10\n|\n|t:|1771177442\n|switch|p2a: Blissey|Blissey, F|100/100\n|-damage|p2a: Blissey|88/100|[from] Stealth Rock\n|move|p1a: Moltres|U-turn|p2a: Blissey\n|-damage|p2a: Blissey|75/100\n|\n|t:|1771177445\n|switch|p1a: Gallade|Gallade, M|100/100|[from] U-turn\n|\n|-heal|p2a: Blissey|81/100|[from] item: Leftovers\n|-fieldend|move: Psychic Terrain\n|upkeep\n|turn|11\n|\n|t:|1771177456\n|switch|p2a: Tapu Lele|Tapu Lele|100/100\n|-damage|p2a: Tapu Lele|88/100|[from] Stealth Rock\n|-fieldstart|move: Psychic Terrain|[from] ability: Psychic Surge|[of] p2a: Tapu Lele\n|detailschange|p1a: Gallade|Gallade-Mega, M\n|-mega|p1a: Gallade|Gallade|Galladite\n|move|p1a: Gallade|Stone Edge|p2a: Tapu Lele|[miss]\n|-miss|p1a: Gallade|p2a: Tapu Lele\n|\n|upkeep\n|turn|12\n|\n|t:|1771177468\n|switch|p1a: Moltres|Moltres|100/100\n|move|p2a: Tapu Lele|Moonblast|p1a: Moltres\n|-resisted|p1a: Moltres\n|-damage|p1a: Moltres|82/100\n|\n|upkeep\n|turn|13\n|\n|t:|1771177472\n|switch|p2a: Terapagos|Terapagos-Terastal, M|39/100 tox\n|move|p1a: Moltres|U-turn|p2a: Terapagos\n|-damage|p2a: Terapagos|25/100 tox\n|\n|t:|1771177478\n|switch|p1a: Samurott|Samurott-Hisui, F|100/100|[from] U-turn\n|\n|-damage|p2a: Terapagos|19/100 tox|[from] psn\n|upkeep\n|turn|14\n|\n|t:|1771177482\n|move|p1a: Samurott|Ceaseless Edge|p2a: Terapagos\n|-damage|p2a: Terapagos|0 fnt\n|-sidestart|p2: lpop|Spikes\n|faint|p2a: Terapagos\n|\n|upkeep\n|\n|t:|1771177487\n|switch|p2a: Ferrothorn|Ferrothorn, F|94/100\n|-damage|p2a: Ferrothorn|88/100|[from] Stealth Rock\n|-damage|p2a: Ferrothorn|76/100|[from] Spikes\n|turn|15\n|\n|t:|1771177491\n|switch|p1a: Moltres|Moltres|82/100\n|move|p2a: Ferrothorn|Stealth Rock|p1a: Moltres\n|-sidestart|p1: t0usei|move: Stealth Rock\n|\n|-fieldend|move: Psychic Terrain\n|upkeep\n|turn|16\n|\n|t:|1771177494\n|switch|p2a: Zapdos|Zapdos|100/100\n|-damage|p2a: Zapdos|76/100|[from] Stealth Rock\n|move|p1a: Moltres|Flamethrower|p2a: Zapdos\n|-damage|p2a: Zapdos|34/100\n|\n|-heal|p2a: Zapdos|40/100|[from] item: Leftovers\n|upkeep\n|turn|17\n|\n|t:|1771177498\n|move|p2a: Zapdos|Roost|p2a: Zapdos\n|-heal|p2a: Zapdos|91/100\n|-singleturn|p2a: Zapdos|move: Roost\n|move|p1a: Moltres|Flamethrower|p2a: Zapdos\n|-damage|p2a: Zapdos|51/100\n|\n|-heal|p2a: Zapdos|57/100|[from] item: Leftovers\n|upkeep\n|turn|18\n|\n|t:|1771177500\n|move|p2a: Zapdos|Volt Switch|p1a: Moltres\n|-supereffective|p1a: Moltres\n|-damage|p1a: Moltres|33/100\n|\n|t:|1771177505\n|switch|p2a: Blissey|Blissey, F|81/100|[from] Volt Switch\n|-damage|p2a: Blissey|68/100|[from] Stealth Rock\n|-damage|p2a: Blissey|56/100|[from] Spikes\n|move|p1a: Moltres|Flamethrower|p2a: Blissey\n|-damage|p2a: Blissey|42/100\n|\n|-heal|p2a: Blissey|48/100|[from] item: Leftovers\n|upkeep\n|turn|19\n|\n|t:|1771177508\n|move|p1a: Moltres|Roost|p1a: Moltres\n|-heal|p1a: Moltres|83/100\n|-singleturn|p1a: Moltres|move: Roost\n|move|p2a: Blissey|Wish|p2a: Blissey\n|\n|-heal|p2a: Blissey|54/100|[from] item: Leftovers\n|upkeep\n|turn|20\n|\n|t:|1771177511\n|move|p1a: Moltres|U-turn|p2a: Blissey\n|-damage|p2a: Blissey|42/100\n|\n|t:|1771177513\n|switch|p1a: Gallade|Gallade-Mega, M|100/100|[from] U-turn\n|-damage|p1a: Gallade|94/100|[from] Stealth Rock\n|move|p2a: Blissey|Toxic|p1a: Gallade\n|-status|p1a: Gallade|tox\n|\n|-heal|p2a: Blissey|92/100|[from] move: Wish|[wisher] Blissey\n|-heal|p2a: Blissey|98/100|[from] item: Leftovers\n|-damage|p1a: Gallade|88/100 tox|[from] psn\n|upkeep\n|turn|21\n|\n|t:|1771177517\n|move|p2a: Blissey|Protect|p2a: Blissey\n|-singleturn|p2a: Blissey|Protect\n|move|p1a: Gallade|Close Combat|p2a: Blissey\n|-activate|p2a: Blissey|move: Protect\n|\n|-heal|p2a: Blissey|100/100|[from] item: Leftovers\n|-damage|p1a: Gallade|76/100 tox|[from] psn\n|upkeep\n|turn|22\n|\n|t:|1771177526\n|move|p1a: Gallade|Triple Axel|p2a: Blissey\n|-damage|p2a: Blissey|93/100\n|-damage|p2a: Blissey|78/100\n|-damage|p2a: Blissey|57/100\n|-hitcount|p2a: Blissey|3\n|move|p2a: Blissey|Wish|p2a: Blissey\n|\n|-heal|p2a: Blissey|63/100|[from] item: Leftovers\n|-damage|p1a: Gallade|58/100 tox|[from] psn\n|upkeep\n|turn|23\n|\n|t:|1771177531\n|switch|p2a: Zapdos|Zapdos|57/100\n|-damage|p2a: Zapdos|32/100|[from] Stealth Rock\n|move|p1a: Gallade|Close Combat|p2a: Zapdos\n|-resisted|p2a: Zapdos\n|-damage|p2a: Zapdos|0 fnt\n|-unboost|p1a: Gallade|def|1\n|-unboost|p1a: Gallade|spd|1\n|faint|p2a: Zapdos\n|\n|-damage|p1a: Gallade|33/100 tox|[from] psn\n|upkeep\n|\n|t:|1771177537\n|switch|p2a: Lopunny|Lopunny, F|100/100\n|-damage|p2a: Lopunny|88/100|[from] Stealth Rock\n|-damage|p2a: Lopunny|76/100|[from] Spikes\n|turn|24\n|\n|t:|1771177541\n|switch|p1a: Corviknight|Corviknight, F|100/100\n|-damage|p1a: Corviknight|88/100|[from] Stealth Rock\n|-ability|p1a: Corviknight|Pressure\n|detailschange|p2a: Lopunny|Lopunny-Mega, F\n|-mega|p2a: Lopunny|Lopunny|Lopunnite\n|move|p2a: Lopunny|Power-Up Punch|p1a: Corviknight\n|-damage|p1a: Corviknight|76/100\n|-boost|p2a: Lopunny|atk|1\n|-damage|p2a: Lopunny|60/100|[from] item: Rocky Helmet|[of] p1a: Corviknight\n|\n|upkeep\n|turn|25\n|\n|t:|1771177544\n|move|p2a: Lopunny|Close Combat|p1a: Corviknight\n|-damage|p1a: Corviknight|19/100\n|-unboost|p2a: Lopunny|def|1\n|-unboost|p2a: Lopunny|spd|1\n|-damage|p2a: Lopunny|43/100|[from] item: Rocky Helmet|[of] p1a: Corviknight\n|move|p1a: Corviknight|Iron Defense|p1a: Corviknight\n|-boost|p1a: Corviknight|def|2\n|\n|upkeep\n|turn|26\n|\n|t:|1771177550\n|move|p2a: Lopunny|Power-Up Punch|p1a: Corviknight\n|-damage|p1a: Corviknight|10/100\n|-boost|p2a: Lopunny|atk|1\n|-damage|p2a: Lopunny|26/100|[from] item: Rocky Helmet|[of] p1a: Corviknight\n|move|p1a: Corviknight|Roost|p1a: Corviknight\n|-heal|p1a: Corviknight|60/100\n|-singleturn|p1a: Corviknight|move: Roost\n|\n|upkeep\n|turn|27\n|\n|t:|1771177553\n|move|p2a: Lopunny|Close Combat|p1a: Corviknight\n|-damage|p1a: Corviknight|23/100\n|-unboost|p2a: Lopunny|def|1\n|-unboost|p2a: Lopunny|spd|1\n|-damage|p2a: Lopunny|10/100|[from] item: Rocky Helmet|[of] p1a: Corviknight\n|move|p1a: Corviknight|Roost|p1a: Corviknight\n|-heal|p1a: Corviknight|73/100\n|-singleturn|p1a: Corviknight|move: Roost\n|\n|upkeep\n|turn|28\n|-message|lpop forfeited.\n|\n|win|t0usei\n|raw|t0usei's rating: 1519 &rarr; <strong>1543</strong><br />(+24 for winning)\n|raw|lpop's rating: 1598 &rarr; <strong>1574</strong><br />(-24 for losing)\n|l|☆lpop\n|player|p2|\n|l|☆t0usei\n|player|p1|\n", "uploadtime": 1771177816, "views": 6, "formatid": "gen9nationaldex", "rating": 1543, "private": 0, "password": null}