{"id": "gen9nationaldex-2540632184", "format": "[Gen 9] National Dex", "players": ["ndx_alt17", "ff14hellcat"], "log": "|j|☆ndx_alt17\n|j|☆ff14hellcat\n|t:|1771230919\n|gametype|singles\n|player|p1|ndx_alt17|nate|1636\n|player|p2|ff14hellcat|169|1640\n|gen|9\n|tier|[Gen 9] National Dex\n|rated|\n|rule|HP Percentage Mod: HP is shown in percentages\n|rule|Endless Battle Clause: Forcing endless battles is banned\n|rule|Species Clause: Limit one of each Pokémon\n|rule|OHKO Clause: OHKO moves are banned\n|rule|Evasion Clause: Evasion abilities, items, and moves are banned\n|rule|Evasion Abilities Clause: Evasion abilities are banned\n|rule|Evasion Items Clause: Evasion items are banned\n|rule|Evasion Moves Clause: Evasion moves are banned\n|rule|Sleep Clause Mod: Limit one foe put to sleep\n|rule|Terastal Clause: You cannot Terastallize\n|clearpoke\n|poke|p1|Azumarill, F|\n|poke|p1|Gholdengo|\n|poke|p1|Lopunny, M|\n|poke|p1|Volcanion|\n|poke|p1|Corviknight, M|\n|poke|p1|Clodsire, M|\n|poke|p2|Pelipper, F|\n|poke|p2|Swampert, M|\n|poke|p2|Barraskewda, F|\n|poke|p2|Tapu Lele|\n|poke|p2|Zapdos|\n|poke|p2|Iron Treads|\n|teampreview\n|inactive|Battle timer is ON: inactive players will automatically lose when time's up. (requested by ff14hellcat)\n|\n|t:|1771230925\n|teamsize|p1|6\n|teamsize|p2|6\n|start\n|switch|p1a: Volcanion|Volcanion|100/100\n|switch|p2a: Iron Treads|Iron Treads|100/100\n|turn|1\n|\n|t:|1771230932\n|switch|p1a: Corviknight|Corviknight, M, shiny|100/100\n|-ability|p1a: Corviknight|Pressure\n|move|p2a: Iron Treads|Knock Off|p1a: Corviknight\n|-damage|p1a: Corviknight|81/100\n|-damage|p2a: Iron Treads|84/100|[from] item: Rocky Helmet|[of] p1a: Corviknight\n|-enditem|p1a: Corviknight|Rocky Helmet|[from] move: Knock Off|[of] p2a: Iron Treads\n|\n|upkeep\n|turn|2\n|\n|t:|1771230937\n|-end|p2a: Iron Treads|Quark Drive|[silent]\n|switch|p2a: Zapdos|Zapdos|100/100\n|move|p1a: Corviknight|Defog|p2a: Zapdos\n|-unboost|p2a: Zapdos|evasion|1\n|\n|upkeep\n|turn|3\n|\n|t:|1771230943\n|switch|p2a: Iron Treads|Iron Treads|84/100\n|switch|p1a: Clodsire|Clodsire, M, shiny|100/100\n|\n|upkeep\n|turn|4\n|\n|t:|1771230947\n|switch|p1a: Azumarill|Azumarill, F, shiny|100/100\n|move|p2a: Iron Treads|Knock Off|p1a: Azumarill\n|-resisted|p1a: Azumarill\n|-damage|p1a: Azumarill|85/100\n|-enditem|p1a: Azumarill|Choice Band|[from] move: Knock Off|[of] p2a: Iron Treads\n|\n|upkeep\n|turn|5\n|\n|t:|1771230954\n|-end|p2a: Iron Treads|Quark Drive|[silent]\n|switch|p2a: Tapu Lele|Tapu Lele|100/100\n|-fieldstart|move: Psychic Terrain|[from] ability: Psychic Surge|[of] p2a: Tapu Lele\n|move|p1a: Azumarill|Knock Off|p2a: Tapu Lele\n|-damage|p2a: Tapu Lele|35/100\n|-enditem|p2a: Tapu Lele|Choice Scarf|[from] move: Knock Off|[of] p1a: Azumarill\n|\n|upkeep\n|turn|6\n|\n|t:|1771230960\n|move|p2a: Tapu Lele|Psychic|p1a: Azumarill\n|-damage|p1a: Azumarill|25/100\n|move|p1a: Azumarill|Liquidation|p2a: Tapu Lele\n|-damage|p2a: Tapu Lele|0 fnt\n|faint|p2a: Tapu Lele\n|\n|upkeep\n|\n|t:|1771230965\n|switch|p2a: Iron Treads|Iron Treads|84/100\n|turn|7\n|\n|t:|1771230971\n|switch|p1a: Corviknight|Corviknight, M, shiny|81/100\n|-ability|p1a: Corviknight|Pressure\n|move|p2a: Iron Treads|Stealth Rock|p1a: Corviknight\n|-sidestart|p1: ndx_alt17|move: Stealth Rock\n|\n|upkeep\n|turn|8\n|\n|t:|1771230976\n|-end|p2a: Iron Treads|Quark Drive|[silent]\n|switch|p2a: Pelipper|Pelipper, F|100/100\n|-weather|RainDance|[from] ability: Drizzle|[of] p2a: Pelipper\n|move|p1a: Corviknight|Defog|p2a: Pelipper\n|-unboost|p2a: Pelipper|evasion|1\n|-sideend|p1: ndx_alt17|Stealth Rock|[from] move: Defog|[of] p1a: Corviknight\n|-fieldend|move: Psychic Terrain\n|\n|-weather|RainDance|[upkeep]\n|upkeep\n|turn|9\n|\n|t:|1771230978\n|move|p1a: Corviknight|U-turn|p2a: Pelipper\n|-resisted|p2a: Pelipper\n|-damage|p2a: Pelipper|92/100\n|\n|t:|1771230980\n|switch|p1a: Volcanion|Volcanion|100/100|[from] U-turn\n|move|p2a: Pelipper|U-turn|p1a: Volcanion\n|-resisted|p1a: Volcanion\n|-damage|p1a: Volcanion|97/100\n|\n|t:|1771230984\n|switch|p2a: Zapdos|Zapdos|100/100|[from] U-turn\n|\n|-weather|RainDance|[upkeep]\n|upkeep\n|turn|10\n|\n|t:|1771230986\n|switch|p1a: Clodsire|Clodsire, M, shiny|100/100\n|move|p2a: Zapdos|Weather Ball|p1a: Clodsire\n|-supereffective|p1a: Clodsire\n|-damage|p1a: Clodsire|30/100\n|\n|-weather|RainDance|[upkeep]\n|-heal|p1a: Clodsire|36/100|[from] item: Black Sludge\n|upkeep\n|turn|11\n|\n|t:|1771230997\n|switch|p2a: Swampert|Swampert, M|100/100\n|switch|p1a: Volcanion|Volcanion|97/100\n|\n|-weather|RainDance|[upkeep]\n|upkeep\n|turn|12\n|\n|t:|1771231000\n|detailschange|p2a: Swampert|Swampert-Mega, M\n|-mega|p2a: Swampert|Swampert|Swampertite\n|move|p2a: Swampert|Earthquake|p1a: Volcanion\n|-supereffective|p1a: Volcanion\n|-damage|p1a: Volcanion|7/100\n|move|p1a: Volcanion|Steam Eruption|p2a: Swampert\n|-damage|p2a: Swampert|28/100\n|-status|p2a: Swampert|brn\n|\n|-weather|RainDance|[upkeep]\n|-damage|p2a: Swampert|22/100 brn|[from] brn\n|upkeep\n|turn|13\n|\n|t:|1771231006\n|switch|p1a: Corviknight|Corviknight, M, shiny|81/100\n|-ability|p1a: Corviknight|Pressure\n|move|p2a: Swampert|Flip Turn|p1a: Corviknight\n|-damage|p1a: Corviknight|64/100\n|\n|t:|1771231013\n|switch|p2a: Barraskewda|Barraskewda, F|100/100|[from] Flip Turn\n|\n|-weather|RainDance|[upkeep]\n|upkeep\n|turn|14\n|\n|t:|1771231016\n|move|p2a: Barraskewda|Liquidation|p1a: Corviknight\n|-damage|p1a: Corviknight|11/100\n|-damage|p2a: Barraskewda|91/100|[from] item: Life Orb\n|move|p1a: Corviknight|Roost|p1a: Corviknight\n|-heal|p1a: Corviknight|61/100\n|-singleturn|p1a: Corviknight|move: Roost\n|\n|-weather|RainDance|[upkeep]\n|upkeep\n|turn|15\n|\n|t:|1771231019\n|move|p2a: Barraskewda|Liquidation|p1a: Corviknight\n|-damage|p1a: Corviknight|4/100\n|-unboost|p1a: Corviknight|def|1\n|-damage|p2a: Barraskewda|81/100|[from] item: Life Orb\n|move|p1a: Corviknight|Roost|p1a: Corviknight\n|-heal|p1a: Corviknight|54/100\n|-singleturn|p1a: Corviknight|move: Roost\n|\n|-weather|none\n|upkeep\n|turn|16\n|\n|t:|1771231023\n|switch|p1a: Volcanion|Volcanion|7/100\n|move|p2a: Barraskewda|Close Combat|p1a: Volcanion\n|-damage|p1a: Volcanion|0 fnt\n|-unboost|p2a: Barraskewda|def|1\n|-unboost|p2a: Barraskewda|spd|1\n|faint|p1a: Volcanion\n|-damage|p2a: Barraskewda|71/100|[from] item: Life Orb\n|\n|upkeep\n|\n|t:|1771231026\n|switch|p1a: Lopunny|Lopunny, M|100/100\n|turn|17\n|\n|t:|1771231029\n|switch|p2a: Pelipper|Pelipper, F|92/100\n|-weather|RainDance|[from] ability: Drizzle|[of] p2a: Pelipper\n|detailschange|p1a: Lopunny|Lopunny-Mega, M\n|-mega|p1a: Lopunny|Lopunny|Lopunnite\n|move|p1a: Lopunny|Triple Axel|p2a: Pelipper\n|-damage|p2a: Pelipper|85/100\n|-damage|p2a: Pelipper|70/100\n|-damage|p2a: Pelipper|48/100\n|-hitcount|p2a: Pelipper|3\n|\n|-weather|RainDance|[upkeep]\n|upkeep\n|turn|18\n|\n|t:|1771231031\n|switch|p2a: Swampert|Swampert-Mega, M|22/100 brn\n|move|p1a: Lopunny|Return|p2a: Swampert\n|-damage|p2a: Swampert|0 fnt\n|faint|p2a: Swampert\n|detailschange|p2: Swampert|Swampert, M|[silent]\n|\n|-weather|RainDance|[upkeep]\n|upkeep\n|\n|t:|1771231034\n|switch|p2a: Barraskewda|Barraskewda, F|71/100\n|turn|19\n|\n|t:|1771231040\n|switch|p1a: Corviknight|Corviknight, M, shiny|54/100\n|-ability|p1a: Corviknight|Pressure\n|move|p2a: Barraskewda|Liquidation|p1a: Corviknight\n|-damage|p1a: Corviknight|0 fnt\n|faint|p1a: Corviknight\n|-damage|p2a: Barraskewda|61/100|[from] item: Life Orb\n|\n|-weather|RainDance|[upkeep]\n|upkeep\n|\n|t:|1771231043\n|switch|p1a: Azumarill|Azumarill, F, shiny|25/100\n|turn|20\n|\n|t:|1771231056\n|move|p1a: Azumarill|Aqua Jet|p2a: Barraskewda\n|-resisted|p2a: Barraskewda\n|-damage|p2a: Barraskewda|21/100\n|move|p2a: Barraskewda|Liquidation|p1a: Azumarill\n|-resisted|p1a: Azumarill\n|-damage|p1a: Azumarill|0 fnt\n|faint|p1a: Azumarill\n|-damage|p2a: Barraskewda|11/100|[from] item: Life Orb\n|\n|-weather|RainDance|[upkeep]\n|upkeep\n|\n|t:|1771231060\n|switch|p1a: Lopunny|Lopunny-Mega, M|100/100\n|turn|21\n|\n|t:|1771231063\n|switch|p2a: Zapdos|Zapdos|100/100\n|move|p1a: Lopunny|Fake Out|p2a: Zapdos\n|-damage|p2a: Zapdos|73/100\n|\n|-weather|RainDance|[upkeep]\n|upkeep\n|turn|22\n|\n|t:|1771231069\n|move|p1a: Lopunny|Triple Axel|p2a: Zapdos\n|-supereffective|p2a: Zapdos\n|-damage|p2a: Zapdos|54/100\n|-status|p1a: Lopunny|par|[from] ability: Static|[of] p2a: Zapdos\n|-supereffective|p2a: Zapdos\n|-damage|p2a: Zapdos|19/100\n|-supereffective|p2a: Zapdos\n|-damage|p2a: Zapdos|0 fnt\n|faint|p2a: Zapdos\n|-hitcount|p2: Zapdos|3\n|\n|-weather|RainDance|[upkeep]\n|upkeep\n|\n|t:|1771231075\n|switch|p2a: Barraskewda|Barraskewda, F|11/100\n|turn|23\n|\n|t:|1771231077\n|move|p2a: Barraskewda|Liquidation|p1a: Lopunny\n|-damage|p1a: Lopunny|0 fnt\n|faint|p1a: Lopunny\n|detailschange|p1: Lopunny|Lopunny, M|[silent]\n|-damage|p2a: Barraskewda|2/100|[from] item: Life Orb\n|\n|-weather|RainDance|[upkeep]\n|upkeep\n|\n|t:|1771231080\n|switch|p1a: Clodsire|Clodsire, M, shiny|36/100\n|turn|24\n|\n|t:|1771231083\n|move|p2a: Barraskewda|Liquidation|p1a: Clodsire\n|-supereffective|p1a: Clodsire\n|-damage|p1a: Clodsire|0 fnt\n|faint|p1a: Clodsire\n|-damage|p2a: Barraskewda|0 fnt|[from] item: Life Orb\n|faint|p2a: Barraskewda\n|\n|-weather|none\n|upkeep\n|\n|t:|1771231086\n|switch|p2a: Iron Treads|Iron Treads|84/100\n|switch|p1a: Gholdengo|Gholdengo|100/100\n|turn|25\n|\n|t:|1771231091\n|move|p2a: Iron Treads|Knock Off|p1a: Gholdengo\n|-supereffective|p1a: Gholdengo\n|-damage|p1a: Gholdengo|55/100\n|-zpower|p1a: Gholdengo\n|move|p1a: Gholdengo|Never-Ending Nightmare|p2a: Iron Treads|[zeffect]\n|-damage|p2a: Iron Treads|0 fnt\n|faint|p2a: Iron Treads\n|-end|p2a: Iron Treads|Quark Drive|[silent]\n|\n|upkeep\n|\n|t:|1771231095\n|switch|p2a: Pelipper|Pelipper, F|48/100\n|-weather|RainDance|[from] ability: Drizzle|[of] p2a: Pelipper\n|turn|26\n|\n|t:|1771231097\n|move|p1a: Gholdengo|Shadow Ball|p2a: Pelipper\n|-damage|p2a: Pelipper|0 fnt\n|faint|p2a: Pelipper\n|\n|win|ndx_alt17\n|raw|ndx_alt17's rating: 1655 &rarr; <strong>1674</strong><br />(+19 for winning)\n|raw|ff14hellcat's rating: 1640 &rarr; <strong>1621</strong><br />(-19 for losing)\n|l|☆ff14hellcat\n|player|p2|\n|l|☆ndx_alt17\n|player|p1|\n", "uploadtime": 1771231237, "views": 13, "formatid": "gen9nationaldex", "rating": 1621, "private": 0, "password": null}