{"id": "gen9nationaldex-2540507131", "format": "[Gen 9] National Dex", "players": ["fight me son", "starebirdxx"], "log": "|j|☆fight me son\n|j|☆starebirdxx\n|t:|1771210652\n|gametype|singles\n|player|p1|fight me son|1|1703\n|player|p2|starebirdxx|rosa|1685\n|gen|9\n|tier|[Gen 9] National Dex\n|rated|\n|rule|HP Percentage Mod: HP is shown in percentages\n|rule|Endless Battle Clause: Forcing endless battles is banned\n|rule|Species Clause: Limit one of each Pokémon\n|rule|OHKO Clause: OHKO moves are banned\n|rule|Evasion Clause: Evasion abilities, items, and moves are banned\n|rule|Evasion Abilities Clause: Evasion abilities are banned\n|rule|Evasion Items Clause: Evasion items are banned\n|rule|Evasion Moves Clause: Evasion moves are banned\n|rule|Sleep Clause Mod: Limit one foe put to sleep\n|rule|Terastal Clause: You cannot Terastallize\n|clearpoke\n|poke|p1|Garchomp, F|\n|poke|p1|Xurkitree|\n|poke|p1|Tapu Lele|\n|poke|p1|Scizor, F|\n|poke|p1|Alomomola, M|\n|poke|p1|Tornadus-Therian, M|\n|poke|p2|Hatterene, F|\n|poke|p2|Cresselia, F|\n|poke|p2|Porygon2|\n|poke|p2|Ursaluna, M|\n|poke|p2|Mawile, F|\n|poke|p2|Marowak-Alola, M|\n|teampreview\n|inactive|Battle timer is ON: inactive players will automatically lose when time's up. (requested by fight me son)\n|\n|t:|1771210671\n|teamsize|p1|6\n|teamsize|p2|6\n|start\n|switch|p1a: Scizor|Scizor, F|100/100\n|switch|p2a: Mawile|Mawile, F|100/100\n|-ability|p2a: Mawile|Intimidate|boost\n|-unboost|p1a: Scizor|atk|1\n|turn|1\n|\n|t:|1771210682\n|detailschange|p1a: Scizor|Scizor-Mega, F\n|-mega|p1a: Scizor|Scizor|Scizorite\n|detailschange|p2a: Mawile|Mawile-Mega, F\n|-mega|p2a: Mawile|Mawile|Mawilite\n|move|p1a: Scizor|U-turn|p2a: Mawile\n|-resisted|p2a: Mawile\n|-damage|p2a: Mawile|96/100\n|\n|t:|1771210685\n|switch|p1a: Alomomola|Alomomola, M|100/100|[from] U-turn\n|move|p2a: Mawile|Swords Dance|p2a: Mawile\n|-boost|p2a: Mawile|atk|2\n|\n|upkeep\n|turn|2\n|\n|t:|1771210689\n|move|p1a: Alomomola|Scald|p2a: Mawile\n|-damage|p2a: Mawile|79/100\n|-status|p2a: Mawile|brn\n|move|p2a: Mawile|Swords Dance|p2a: Mawile\n|-boost|p2a: Mawile|atk|2\n|\n|-damage|p2a: Mawile|73/100 brn|[from] brn\n|upkeep\n|turn|3\n|\n|t:|1771210696\n|switch|p2a: Porygon2|Porygon2|100/100\n|-ability|p2a: Porygon2|Regenerator|Trace|[from] ability: Trace|[of] p1a: Alomomola\n|move|p1a: Alomomola|Scald|p2a: Porygon2\n|-damage|p2a: Porygon2|95/100\n|\n|upkeep\n|turn|4\n|\n|t:|1771210698\n|move|p1a: Alomomola|Flip Turn|p2a: Porygon2\n|-damage|p2a: Porygon2|84/100\n|\n|t:|1771210700\n|switch|p1a: Scizor|Scizor-Mega, F|100/100|[from] Flip Turn\n|move|p2a: Porygon2|Trick Room|p2a: Porygon2\n|-fieldstart|move: Trick Room|[of] p2a: Porygon2\n|\n|upkeep\n|turn|5\n|j| traceyscetchit\n|\n|t:|1771210704\n|move|p1a: Scizor|Knock Off|p2a: Porygon2\n|-damage|p2a: Porygon2|63/100\n|-enditem|p2a: Porygon2|Eviolite|[from] move: Knock Off|[of] p1a: Scizor\n|move|p2a: Porygon2|Teleport|p2a: Porygon2\n|\n|t:|1771210707\n|switch|p2a: Ursaluna|Ursaluna, M|100/100|[from] Teleport\n|\n|-status|p2a: Ursaluna|brn|[from] item: Flame Orb\n|upkeep\n|turn|6\n|\n|t:|1771210710\n|move|p2a: Ursaluna|Fire Punch|p1a: Scizor\n|-supereffective|p1a: Scizor\n|-damage|p1a: Scizor|0 fnt\n|faint|p1a: Scizor\n|detailschange|p1: Scizor|Scizor, F|[silent]\n|\n|-damage|p2a: Ursaluna|94/100 brn|[from] brn\n|upkeep\n|\n|t:|1771210712\n|switch|p1a: Alomomola|Alomomola, M|100/100\n|turn|7\n|\n|t:|1771210714\n|move|p2a: Ursaluna|Swords Dance|p2a: Ursaluna\n|-boost|p2a: Ursaluna|atk|2\n|move|p1a: Alomomola|Scald|p2a: Ursaluna\n|-supereffective|p2a: Ursaluna\n|-damage|p2a: Ursaluna|72/100 brn\n|\n|-damage|p2a: Ursaluna|66/100 brn|[from] brn\n|upkeep\n|turn|8\n|\n|t:|1771210718\n|move|p1a: Alomomola|Protect|p1a: Alomomola\n|-singleturn|p1a: Alomomola|Protect\n|move|p2a: Ursaluna|Facade|p1a: Alomomola\n|-activate|p1a: Alomomola|move: Protect\n|\n|-damage|p2a: Ursaluna|60/100 brn|[from] brn\n|-fieldend|move: Trick Room\n|upkeep\n|turn|9\n|\n|t:|1771210726\n|move|p1a: Alomomola|Flip Turn|p2a: Ursaluna\n|-supereffective|p2a: Ursaluna\n|-damage|p2a: Ursaluna|40/100 brn\n|\n|t:|1771210729\n|switch|p1a: Tornadus|Tornadus-Therian, M|100/100|[from] Flip Turn\n|move|p2a: Ursaluna|Facade|p1a: Tornadus\n|-damage|p1a: Tornadus|0 fnt\n|faint|p1a: Tornadus\n|\n|-damage|p2a: Ursaluna|34/100 brn|[from] brn\n|upkeep\n|\n|t:|1771210732\n|switch|p1a: Tapu Lele|Tapu Lele|100/100\n|-fieldstart|move: Psychic Terrain|[from] ability: Psychic Surge|[of] p1a: Tapu Lele\n|turn|10\n|\n|t:|1771210735\n|switch|p2a: Porygon2|Porygon2|96/100\n|-ability|p2a: Porygon2|Psychic Surge|Trace|[from] ability: Trace|[of] p1a: Tapu Lele\n|move|p1a: Tapu Lele|Moonblast|p2a: Porygon2\n|-damage|p2a: Porygon2|60/100\n|\n|upkeep\n|turn|11\n|\n|t:|1771210739\n|switch|p1a: Garchomp|Garchomp, F|100/100\n|move|p2a: Porygon2|Trick Room|p2a: Porygon2\n|-fieldstart|move: Trick Room|[of] p2a: Porygon2\n|\n|upkeep\n|turn|12\n|\n|t:|1771210746\n|switch|p2a: Hatterene|Hatterene, F|100/100\n|move|p1a: Garchomp|Earthquake|p2a: Hatterene\n|-damage|p2a: Hatterene|51/100\n|\n|upkeep\n|turn|13\n|\n|t:|1771210750\n|-zpower|p2a: Hatterene\n|move|p2a: Hatterene|Twinkle Tackle|p1a: Garchomp|[zeffect]\n|-supereffective|p1a: Garchomp\n|-crit|p1a: Garchomp\n|-damage|p1a: Garchomp|0 fnt\n|faint|p1a: Garchomp\n|\n|upkeep\n|\n|t:|1771210752\n|switch|p1a: Tapu Lele|Tapu Lele|100/100\n|turn|14\n|\n|t:|1771210760\n|switch|p2a: Mawile|Mawile-Mega, F|73/100 brn\n|move|p1a: Tapu Lele|Moonblast|p2a: Mawile\n|-resisted|p2a: Mawile\n|-damage|p2a: Mawile|42/100 brn\n|\n|-damage|p2a: Mawile|36/100 brn|[from] brn\n|-fieldend|move: Psychic Terrain\n|upkeep\n|turn|15\n|\n|t:|1771210764\n|switch|p1a: Alomomola|Alomomola, M|100/100\n|move|p2a: Mawile|Play Rough|p1a: Alomomola|[miss]\n|-miss|p2a: Mawile|p1a: Alomomola\n|\n|-damage|p2a: Mawile|30/100 brn|[from] brn\n|-fieldend|move: Trick Room\n|upkeep\n|turn|16\n|\n|t:|1771210769\n|switch|p2a: Porygon2|Porygon2|60/100\n|-ability|p2a: Porygon2|Regenerator|Trace|[from] ability: Trace|[of] p1a: Alomomola\n|move|p1a: Alomomola|Flip Turn|p2a: Porygon2\n|-damage|p2a: Porygon2|45/100\n|\n|t:|1771210778\n|switch|p1a: Tapu Lele|Tapu Lele|100/100|[from] Flip Turn\n|-fieldstart|move: Psychic Terrain|[from] ability: Psychic Surge|[of] p1a: Tapu Lele\n|\n|upkeep\n|turn|17\n|\n|t:|1771210783\n|move|p1a: Tapu Lele|Psyshock|p2a: Porygon2\n|-damage|p2a: Porygon2|0 fnt\n|faint|p2a: Porygon2\n|\n|upkeep\n|\n|t:|1771210800\n|switch|p2a: Hatterene|Hatterene, F|51/100\n|turn|18\n|\n|t:|1771210803\n|move|p1a: Tapu Lele|Psyshock|p2a: Hatterene\n|-resisted|p2a: Hatterene\n|-damage|p2a: Hatterene|22/100\n|move|p2a: Hatterene|Trick Room|p2a: Hatterene\n|-fieldstart|move: Trick Room|[of] p2a: Hatterene\n|\n|upkeep\n|turn|19\n|\n|t:|1771210809\n|move|p2a: Hatterene|Healing Wish|p2a: Hatterene\n|faint|p2a: Hatterene\n|move|p1a: Tapu Lele|Psyshock|p2: Hatterene|[notarget]\n|-fail|p1a: Tapu Lele\n|\n|upkeep\n|\n|t:|1771210813\n|switch|p2a: Marowak|Marowak-Alola, M|100/100\n|turn|20\n|\n|t:|1771210815\n|switch|p1a: Alomomola|Alomomola, M|100/100\n|move|p2a: Marowak|Swords Dance|p2a: Marowak\n|-boost|p2a: Marowak|atk|2\n|\n|-fieldend|move: Psychic Terrain\n|upkeep\n|turn|21\n|\n|t:|1771210820\n|move|p1a: Alomomola|Protect|p1a: Alomomola\n|-singleturn|p1a: Alomomola|Protect\n|move|p2a: Marowak|Poltergeist|p1a: Alomomola\n|-activate|p1a: Alomomola|move: Protect\n|\n|upkeep\n|turn|22\n|\n|t:|1771210822\n|move|p2a: Marowak|Poltergeist|p1a: Alomomola\n|-activate|p1a: Alomomola|move: Poltergeist|Leftovers\n|-damage|p1a: Alomomola|5/100\n|move|p1a: Alomomola|Flip Turn|p2a: Marowak\n|-supereffective|p2a: Marowak\n|-damage|p2a: Marowak|70/100\n|\n|t:|1771210829\n|switch|p1a: Tapu Lele|Tapu Lele|100/100|[from] Flip Turn\n|-fieldstart|move: Psychic Terrain|[from] ability: Psychic Surge|[of] p1a: Tapu Lele\n|\n|-fieldend|move: Trick Room\n|upkeep\n|turn|23\n|\n|t:|1771210833\n|move|p1a: Tapu Lele|Psyshock|p2a: Marowak\n|-damage|p2a: Marowak|17/100\n|move|p2a: Marowak|Flare Blitz|p1a: Tapu Lele\n|-damage|p1a: Tapu Lele|0 fnt\n|faint|p1a: Tapu Lele\n|\n|upkeep\n|\n|t:|1771210837\n|switch|p1a: Alomomola|Alomomola, M|38/100\n|turn|24\n|\n|t:|1771210840\n|move|p1a: Alomomola|Flip Turn|p2a: Marowak\n|-supereffective|p2a: Marowak\n|-damage|p2a: Marowak|0 fnt\n|faint|p2a: Marowak\n|\n|t:|1771210842\n|switch|p1a: Xurkitree|Xurkitree|100/100|[from] Flip Turn\n|\n|upkeep\n|\n|t:|1771210850\n|switch|p2a: Cresselia|Cresselia, F|100/100\n|turn|25\n|\n|t:|1771210853\n|switch|p2a: Mawile|Mawile-Mega, F|30/100 brn\n|-heal|p2a: Mawile|100/100|[from] move: Healing Wish\n|move|p1a: Xurkitree|Thunderbolt|p2a: Mawile\n|-damage|p2a: Mawile|29/100\n|\n|upkeep\n|turn|26\n|\n|t:|1771210860\n|move|p1a: Xurkitree|Thunderbolt|p2a: Mawile\n|-damage|p2a: Mawile|0 fnt\n|faint|p2a: Mawile\n|detailschange|p2: Mawile|Mawile, F|[silent]\n|-ability|p1a: Xurkitree|Beast Boost|boost\n|-boost|p1a: Xurkitree|spa|1\n|\n|-fieldend|move: Psychic Terrain\n|upkeep\n|\n|t:|1771210863\n|switch|p2a: Cresselia|Cresselia, F|100/100\n|turn|27\n|\n|t:|1771210866\n|move|p1a: Xurkitree|Thunderbolt|p2a: Cresselia\n|-damage|p2a: Cresselia|46/100\n|move|p2a: Cresselia|Trick Room|p2a: Cresselia\n|-fieldstart|move: Trick Room|[of] p2a: Cresselia\n|\n|upkeep\n|turn|28\n|\n|t:|1771210870\n|move|p2a: Cresselia|Lunar Dance|p2a: Cresselia\n|faint|p2a: Cresselia\n|move|p1a: Xurkitree|Thunderbolt|p2: Cresselia|[notarget]\n|-fail|p1a: Xurkitree\n|\n|upkeep\n|\n|t:|1771210872\n|switch|p2a: Ursaluna|Ursaluna, M|34/100 brn\n|-heal|p2a: Ursaluna|100/100|[from] move: Lunar Dance\n|turn|29\n|\n|t:|1771210876\n|switch|p1a: Alomomola|Alomomola, M|71/100\n|move|p2a: Ursaluna|Headlong Rush|p1a: Alomomola\n|-damage|p1a: Alomomola|31/100\n|-unboost|p2a: Ursaluna|def|1\n|-unboost|p2a: Ursaluna|spd|1\n|\n|-heal|p1a: Alomomola|38/100|[from] item: Leftovers\n|-status|p2a: Ursaluna|brn|[from] item: Flame Orb\n|upkeep\n|turn|30\n|\n|t:|1771210884\n|move|p1a: Alomomola|Protect|p1a: Alomomola\n|-singleturn|p1a: Alomomola|Protect\n|move|p2a: Ursaluna|Facade|p1a: Alomomola\n|-activate|p1a: Alomomola|move: Protect\n|\n|-heal|p1a: Alomomola|44/100|[from] item: Leftovers\n|-damage|p2a: Ursaluna|94/100 brn|[from] brn\n|upkeep\n|turn|31\n|\n|t:|1771210888\n|move|p2a: Ursaluna|Facade|p1a: Alomomola\n|-damage|p1a: Alomomola|0 fnt\n|faint|p1a: Alomomola\n|\n|-damage|p2a: Ursaluna|88/100 brn|[from] brn\n|-fieldend|move: Trick Room\n|upkeep\n|\n|t:|1771210891\n|switch|p1a: Xurkitree|Xurkitree|100/100\n|turn|32\n|\n|t:|1771210893\n|move|p1a: Xurkitree|Hidden Power|p2a: Ursaluna\n|-supereffective|p2a: Ursaluna\n|-damage|p2a: Ursaluna|17/100 brn\n|move|p2a: Ursaluna|Facade|p1a: Xurkitree\n|-damage|p1a: Xurkitree|0 fnt\n|faint|p1a: Xurkitree\n|\n|win|starebirdxx\n|raw|fight me son's rating: 1703 &rarr; <strong>1682</strong><br />(-21 for losing)\n|raw|starebirdxx's rating: 1685 &rarr; <strong>1706</strong><br />(+21 for winning)\n|l|☆fight me son\n|player|p1|\n|l| traceyscetchit\n|l|☆starebirdxx\n|player|p2|\n", "uploadtime": 1771211048, "views": 7, "formatid": "gen9nationaldex", "rating": 1682, "private": 0, "password": null}