{"id": "gen9nationaldex-2540427460", "format": "[Gen 9] National Dex", "players": ["goychomp", "ren122333"], "log": "|j|☆goychomp\n|j|☆ren122333\n|t:|1771200719\n|gametype|singles\n|player|p1|goychomp|li|1756\n|player|p2|ren122333|hilbert|1683\n|gen|9\n|tier|[Gen 9] National Dex\n|rated|\n|rule|HP Percentage Mod: HP is shown in percentages\n|rule|Endless Battle Clause: Forcing endless battles is banned\n|rule|Species Clause: Limit one of each Pokémon\n|rule|OHKO Clause: OHKO moves are banned\n|rule|Evasion Clause: Evasion abilities, items, and moves are banned\n|rule|Evasion Abilities Clause: Evasion abilities are banned\n|rule|Evasion Items Clause: Evasion items are banned\n|rule|Evasion Moves Clause: Evasion moves are banned\n|rule|Sleep Clause Mod: Limit one foe put to sleep\n|rule|Terastal Clause: You cannot Terastallize\n|clearpoke\n|poke|p1|Diancie|\n|poke|p1|Garchomp, M|\n|poke|p1|Dragonite, F|\n|poke|p1|Volcarona, M|\n|poke|p1|Terapagos, M|\n|poke|p1|Kingambit, F|\n|poke|p2|Charizard, M|\n|poke|p2|Ting-Lu|\n|poke|p2|Alomomola, L99, F|\n|poke|p2|Melmetal|\n|poke|p2|Zamazenta-*|\n|poke|p2|Tapu Fini|\n|teampreview\n|inactive|Battle timer is ON: inactive players will automatically lose when time's up. (requested by ren122333)\n|\n|t:|1771200724\n|teamsize|p1|6\n|teamsize|p2|6\n|start\n|switch|p1a: Diancie|Diancie|100/100\n|switch|p2a: Melmetal|Melmetal|100/100\n|turn|1\n|\n|t:|1771200727\n|move|p1a: Diancie|Stealth Rock|p2a: Melmetal\n|-sidestart|p2: ren122333|move: Stealth Rock\n|move|p2a: Melmetal|Double Iron Bash|p1a: Diancie\n|-supereffective|p1a: Diancie\n|-damage|p1a: Diancie|0 fnt\n|faint|p1a: Diancie\n|-hitcount|p1: Diancie|1\n|\n|upkeep\n|\n|t:|1771200752\n|switch|p1a: Terapagos|Terapagos, M|100/100\n|-activate|p1a: Terapagos|ability: Tera Shift\n|detailschange|p1a: Terapagos|Terapagos-Terastal, M\n|-heal|p1a: Terapagos|100/100|[silent]\n|turn|2\n|\n|t:|1771200756\n|switch|p2a: Ting-Lu|Ting-Lu|100/100\n|-damage|p2a: Ting-Lu|94/100|[from] Stealth Rock\n|-ability|p2a: Ting-Lu|Vessel of Ruin\n|move|p1a: Terapagos|Flamethrower|p2a: Ting-Lu\n|-damage|p2a: Ting-Lu|84/100\n|\n|-heal|p2a: Ting-Lu|90/100|[from] item: Leftovers\n|upkeep\n|turn|3\n|\n|t:|1771200766\n|move|p1a: Terapagos|Tera Starstorm|p2a: Ting-Lu\n|-damage|p2a: Ting-Lu|67/100\n|move|p2a: Ting-Lu|Earthquake|p1a: Terapagos\n|-activate|p1a: Terapagos|ability: Tera Shell\n|-resisted|p1a: Terapagos\n|-damage|p1a: Terapagos|83/100\n|\n|-heal|p2a: Ting-Lu|73/100|[from] item: Leftovers\n|upkeep\n|turn|4\n|\n|t:|1771200772\n|move|p1a: Terapagos|Tera Starstorm|p2a: Ting-Lu\n|-damage|p2a: Ting-Lu|50/100\n|move|p2a: Ting-Lu|Earthquake|p1a: Terapagos\n|-damage|p1a: Terapagos|46/100\n|\n|-heal|p2a: Ting-Lu|56/100|[from] item: Leftovers\n|upkeep\n|turn|5\n|\n|t:|1771200774\n|move|p1a: Terapagos|Tera Starstorm|p2a: Ting-Lu\n|-damage|p2a: Ting-Lu|32/100\n|move|p2a: Ting-Lu|Earthquake|p1a: Terapagos\n|-damage|p1a: Terapagos|7/100\n|\n|-heal|p2a: Ting-Lu|39/100|[from] item: Leftovers\n|upkeep\n|turn|6\n|\n|t:|1771200777\n|move|p1a: Terapagos|Tera Starstorm|p2a: Ting-Lu\n|-damage|p2a: Ting-Lu|16/100\n|move|p2a: Ting-Lu|Earthquake|p1a: Terapagos\n|-damage|p1a: Terapagos|0 fnt\n|faint|p1a: Terapagos\n|\n|-heal|p2a: Ting-Lu|22/100|[from] item: Leftovers\n|upkeep\n|\n|t:|1771200787\n|switch|p1a: Kingambit|Kingambit, F, shiny|100/100\n|-activate|p1a: Kingambit|ability: Supreme Overlord\n|-start|p1a: Kingambit|fallen2|[silent]\n|turn|7\n|\n|t:|1771200790\n|switch|p2a: Alomomola|Alomomola, L99, F|100/100\n|-damage|p2a: Alomomola|88/100|[from] Stealth Rock\n|move|p1a: Kingambit|Iron Head|p2a: Alomomola\n|-resisted|p2a: Alomomola\n|-damage|p2a: Alomomola|74/100\n|-damage|p1a: Kingambit|84/100|[from] item: Rocky Helmet|[of] p2a: Alomomola\n|\n|upkeep\n|turn|8\n|\n|t:|1771200794\n|move|p1a: Kingambit|Swords Dance|p1a: Kingambit\n|-boost|p1a: Kingambit|atk|2\n|move|p2a: Alomomola|Flip Turn|p1a: Kingambit\n|-damage|p1a: Kingambit|71/100\n|\n|t:|1771200796\n|switch|p2a: Zamazenta|Zamazenta|100/100|[from] Flip Turn\n|-damage|p2a: Zamazenta|94/100|[from] Stealth Rock\n|-ability|p2a: Zamazenta|Dauntless Shield|boost\n|-boost|p2a: Zamazenta|def|1\n|\n|upkeep\n|turn|9\n|\n|t:|1771200799\n|move|p1a: Kingambit|Sucker Punch|p2a: Zamazenta\n|-resisted|p2a: Zamazenta\n|-damage|p2a: Zamazenta|56/100\n|move|p2a: Zamazenta|Close Combat|p1a: Kingambit\n|-supereffective|p1a: Kingambit\n|-crit|p1a: Kingambit\n|-damage|p1a: Kingambit|0 fnt\n|-unboost|p2a: Zamazenta|def|1\n|-unboost|p2a: Zamazenta|spd|1\n|faint|p1a: Kingambit\n|-end|p1a: Kingambit|fallen2|[silent]\n|\n|upkeep\n|\n|t:|1771200804\n|switch|p1a: Volcarona|Volcarona, M|100/100\n|turn|10\n|\n|t:|1771200806\n|switch|p2a: Ting-Lu|Ting-Lu|22/100\n|-damage|p2a: Ting-Lu|16/100|[from] Stealth Rock\n|-ability|p2a: Ting-Lu|Vessel of Ruin\n|move|p1a: Volcarona|Quiver Dance|p1a: Volcarona\n|-boost|p1a: Volcarona|spa|1\n|-boost|p1a: Volcarona|spd|1\n|-boost|p1a: Volcarona|spe|1\n|\n|-heal|p2a: Ting-Lu|22/100|[from] item: Leftovers\n|upkeep\n|turn|11\n|\n|t:|1771200810\n|move|p1a: Volcarona|Bug Buzz|p2a: Ting-Lu\n|-supereffective|p2a: Ting-Lu\n|-damage|p2a: Ting-Lu|0 fnt\n|faint|p2a: Ting-Lu\n|\n|upkeep\n|\n|t:|1771200811\n|switch|p2a: Zamazenta|Zamazenta|56/100\n|-damage|p2a: Zamazenta|50/100|[from] Stealth Rock\n|turn|12\n|\n|t:|1771200814\n|move|p2a: Zamazenta|Stone Edge|p1a: Volcarona\n|-supereffective|p1a: Volcarona\n|-damage|p1a: Volcarona|0 fnt\n|faint|p1a: Volcarona\n|\n|upkeep\n|\n|t:|1771200816\n|switch|p1a: Garchomp|Garchomp, M|100/100\n|turn|13\n|\n|t:|1771200823\n|switch|p2a: Alomomola|Alomomola, L99, F|100/100\n|-damage|p2a: Alomomola|88/100|[from] Stealth Rock\n|move|p1a: Garchomp|Swords Dance|p1a: Garchomp\n|-boost|p1a: Garchomp|atk|2\n|\n|upkeep\n|turn|14\n|\n|t:|1771200826\n|move|p1a: Garchomp|Scale Shot|p2a: Alomomola\n|-damage|p2a: Alomomola|74/100\n|-damage|p2a: Alomomola|60/100\n|-damage|p2a: Alomomola|47/100\n|-damage|p2a: Alomomola|33/100\n|-crit|p2a: Alomomola\n|-damage|p2a: Alomomola|10/100\n|-hitcount|p2a: Alomomola|5\n|-unboost|p1a: Garchomp|def|1\n|-boost|p1a: Garchomp|spe|1\n|move|p2a: Alomomola|Play Rough|p1a: Garchomp|[miss]\n|-miss|p2a: Alomomola|p1a: Garchomp\n|\n|upkeep\n|turn|15\n|\n|t:|1771200834\n|switch|p2a: Tapu Fini|Tapu Fini|100/100\n|-damage|p2a: Tapu Fini|88/100|[from] Stealth Rock\n|-fieldstart|move: Misty Terrain|[from] ability: Misty Surge|[of] p2a: Tapu Fini\n|move|p1a: Garchomp|Scale Shot|p2a: Tapu Fini\n|-immune|p2a: Tapu Fini\n|\n|upkeep\n|turn|16\n|\n|t:|1771200843\n|move|p1a: Garchomp|Earthquake|p2a: Tapu Fini\n|-damage|p2a: Tapu Fini|0 fnt\n|faint|p2a: Tapu Fini\n|\n|upkeep\n|\n|t:|1771200845\n|switch|p2a: Zamazenta|Zamazenta|50/100\n|-damage|p2a: Zamazenta|44/100|[from] Stealth Rock\n|turn|17\n|\n|t:|1771200848\n|move|p2a: Zamazenta|Ice Fang|p1a: Garchomp\n|-supereffective|p1a: Garchomp\n|-damage|p1a: Garchomp|0 fnt\n|-damage|p2a: Zamazenta|32/100|[from] ability: Rough Skin|[of] p1a: Garchomp\n|faint|p1a: Garchomp\n|\n|upkeep\n|\n|t:|1771200850\n|switch|p1a: Dragonite|Dragonite, F|100/100\n|turn|18\n|\n|t:|1771200852\n|move|p2a: Zamazenta|Ice Fang|p1a: Dragonite\n|-supereffective|p1a: Dragonite\n|-damage|p1a: Dragonite|53/100\n|cant|p1a: Dragonite|flinch\n|\n|upkeep\n|turn|19\n|\n|t:|1771200854\n|move|p1a: Dragonite|Extreme Speed|p2a: Zamazenta\n|-damage|p2a: Zamazenta|7/100\n|move|p2a: Zamazenta|Ice Fang|p1a: Dragonite\n|-supereffective|p1a: Dragonite\n|-damage|p1a: Dragonite|0 fnt\n|faint|p1a: Dragonite\n|\n|win|ren122333\n|raw|goychomp's rating: 1756 &rarr; <strong>1732</strong><br />(-24 for losing)\n|raw|ren122333's rating: 1683 &rarr; <strong>1707</strong><br />(+24 for winning)\n|l|☆goychomp\n|player|p1|\n|l|☆ren122333\n|player|p2|\n", "uploadtime": 1771201080, "views": 7, "formatid": "gen9nationaldex", "rating": 1707, "private": 0, "password": null}