{"id": "gen9nationaldex-2540219641", "format": "[Gen 9] National Dex", "players": ["yjw123", "jjznb2"], "log": "|j|☆yjw123\n|j|☆jjznb2\n|t:|1771177242\n|gametype|singles\n|player|p1|yjw123|266|1598\n|player|p2|jjznb2|hilda|1647\n|gen|9\n|tier|[Gen 9] National Dex\n|rated|\n|rule|HP Percentage Mod: HP is shown in percentages\n|rule|Endless Battle Clause: Forcing endless battles is banned\n|rule|Species Clause: Limit one of each Pokémon\n|rule|OHKO Clause: OHKO moves are banned\n|rule|Evasion Clause: Evasion abilities, items, and moves are banned\n|rule|Evasion Abilities Clause: Evasion abilities are banned\n|rule|Evasion Items Clause: Evasion items are banned\n|rule|Evasion Moves Clause: Evasion moves are banned\n|rule|Sleep Clause Mod: Limit one foe put to sleep\n|rule|Terastal Clause: You cannot Terastallize\n|clearpoke\n|poke|p1|Tapu Lele|\n|poke|p1|Urshifu-*, M|\n|poke|p1|Raging Bolt|\n|poke|p1|Empoleon, F|\n|poke|p1|Banette, M|\n|poke|p1|Landorus-Therian, M|\n|poke|p2|Charizard, M|\n|poke|p2|Great Tusk|\n|poke|p2|Landorus-Therian, M|\n|poke|p2|Kingambit, M|\n|poke|p2|Tapu Fini|\n|poke|p2|Rillaboom, F|\n|teampreview\n|inactive|Battle timer is ON: inactive players will automatically lose when time's up. (requested by jjznb2)\n|\n|t:|1771177261\n|teamsize|p1|6\n|teamsize|p2|6\n|start\n|switch|p1a: Tapu Lele|Tapu Lele|100/100\n|switch|p2a: Landorus|Landorus-Therian, M|100/100\n|-fieldstart|move: Psychic Terrain|[from] ability: Psychic Surge|[of] p1a: Tapu Lele\n|-ability|p2a: Landorus|Intimidate|boost\n|-unboost|p1a: Tapu Lele|atk|1\n|turn|1\n|\n|t:|1771177267\n|switch|p2a: Tapu Fini|Tapu Fini|100/100\n|-fieldstart|move: Misty Terrain|[from] ability: Misty Surge|[of] p2a: Tapu Fini\n|-zpower|p1a: Tapu Lele\n|move|p1a: Tapu Lele|Shattered Psyche|p2a: Tapu Fini|[zeffect]\n|-damage|p2a: Tapu Fini|35/100\n|\n|-heal|p2a: Tapu Fini|41/100|[from] item: Leftovers\n|upkeep\n|turn|2\n|\n|t:|1771177277\n|switch|p2a: Charizard|Charizard, M|100/100\n|move|p1a: Tapu Lele|Extrasensory|p2a: Charizard\n|-crit|p2a: Charizard\n|-damage|p2a: Charizard|14/100\n|\n|upkeep\n|turn|3\n|\n|t:|1771177285\n|switch|p1a: Raging Bolt|Raging Bolt|100/100\n|detailschange|p2a: Charizard|Charizard-Mega-Y, M\n|-mega|p2a: Charizard|Charizard|Charizardite Y\n|-weather|SunnyDay|[from] ability: Drought|[of] p2a: Charizard\n|-activate|p1a: Raging Bolt|ability: Protosynthesis\n|-start|p1a: Raging Bolt|protosynthesisspa\n|move|p2a: Charizard|Roost|p2a: Charizard\n|-heal|p2a: Charizard|64/100\n|-singleturn|p2a: Charizard|move: Roost\n|\n|-weather|SunnyDay|[upkeep]\n|upkeep\n|turn|4\n|\n|t:|1771177296\n|switch|p2a: Landorus|Landorus-Therian, M|100/100\n|-ability|p2a: Landorus|Intimidate|boost\n|-unboost|p1a: Raging Bolt|atk|1\n|move|p1a: Raging Bolt|Draco Meteor|p2a: Landorus\n|-damage|p2a: Landorus|0 fnt\n|-unboost|p1a: Raging Bolt|spa|2\n|faint|p2a: Landorus\n|\n|-weather|SunnyDay|[upkeep]\n|upkeep\n|\n|t:|1771177304\n|switch|p2a: Kingambit|Kingambit, M|100/100\n|-activate|p2a: Kingambit|ability: Supreme Overlord\n|-start|p2a: Kingambit|fallen1|[silent]\n|turn|5\n|\n|t:|1771177311\n|-end|p1a: Raging Bolt|Protosynthesis|[silent]\n|switch|p1a: Landorus|Landorus-Therian, M|100/100\n|-ability|p1a: Landorus|Intimidate|boost\n|-unboost|p2a: Kingambit|atk|1\n|move|p2a: Kingambit|Stealth Rock|p1a: Landorus\n|-sidestart|p1: yjw123|move: Stealth Rock\n|\n|-weather|SunnyDay|[upkeep]\n|-fieldend|Misty Terrain\n|upkeep\n|turn|6\n|\n|t:|1771177316\n|-end|p2a: Kingambit|fallen1|[silent]\n|switch|p2a: Charizard|Charizard-Mega-Y, M|64/100\n|move|p1a: Landorus|Rock Tomb|p2a: Charizard\n|-supereffective|p2a: Charizard\n|-damage|p2a: Charizard|0 fnt\n|faint|p2a: Charizard\n|detailschange|p2: Charizard|Charizard, M|[silent]\n|\n|-weather|SunnyDay|[upkeep]\n|upkeep\n|\n|t:|1771177322\n|switch|p2a: Great Tusk|Great Tusk, shiny|100/100\n|-activate|p2a: Great Tusk|ability: Protosynthesis\n|-start|p2a: Great Tusk|protosynthesisatk\n|turn|7\n|\n|t:|1771177333\n|switch|p1a: Empoleon|Empoleon, F|100/100\n|-damage|p1a: Empoleon|94/100|[from] Stealth Rock\n|move|p2a: Great Tusk|Close Combat|p1a: Empoleon\n|-supereffective|p1a: Empoleon\n|-damage|p1a: Empoleon|0 fnt\n|-unboost|p2a: Great Tusk|def|1\n|-unboost|p2a: Great Tusk|spd|1\n|faint|p1a: Empoleon\n|\n|-weather|none\n|-end|p2a: Great Tusk|Protosynthesis\n|upkeep\n|\n|t:|1771177340\n|switch|p1a: Tapu Lele|Tapu Lele|100/100\n|-damage|p1a: Tapu Lele|88/100|[from] Stealth Rock\n|-fieldstart|move: Psychic Terrain|[from] ability: Psychic Surge|[of] p1a: Tapu Lele\n|turn|8\n|\n|t:|1771177352\n|-end|p2a: Great Tusk|Protosynthesis|[silent]\n|switch|p2a: Tapu Fini|Tapu Fini|41/100\n|-fieldstart|move: Misty Terrain|[from] ability: Misty Surge|[of] p2a: Tapu Fini\n|move|p1a: Tapu Lele|Moonblast|p2a: Tapu Fini\n|-damage|p2a: Tapu Fini|6/100\n|\n|-heal|p2a: Tapu Fini|12/100|[from] item: Leftovers\n|upkeep\n|turn|9\n|\n|t:|1771177369\n|switch|p2a: Kingambit|Kingambit, M|100/100\n|-activate|p2a: Kingambit|ability: Supreme Overlord\n|-start|p2a: Kingambit|fallen2|[silent]\n|move|p1a: Tapu Lele|Moonblast|p2a: Kingambit\n|-damage|p2a: Kingambit|49/100\n|-unboost|p2a: Kingambit|spa|1\n|\n|-heal|p2a: Kingambit|55/100|[from] item: Leftovers\n|upkeep\n|turn|10\n|\n|t:|1771177382\n|switch|p1a: Landorus|Landorus-Therian, M|100/100\n|-damage|p1a: Landorus|88/100|[from] Stealth Rock\n|-ability|p1a: Landorus|Intimidate|boost\n|-unboost|p2a: Kingambit|atk|1\n|move|p2a: Kingambit|Knock Off|p1a: Landorus\n|-damage|p1a: Landorus|53/100\n|-damage|p2a: Kingambit|39/100|[from] item: Rocky Helmet|[of] p1a: Landorus\n|-enditem|p1a: Landorus|Rocky Helmet|[from] move: Knock Off|[of] p2a: Kingambit\n|\n|-heal|p2a: Kingambit|45/100|[from] item: Leftovers\n|upkeep\n|turn|11\n|\n|t:|1771177391\n|-end|p2a: Kingambit|fallen2|[silent]\n|switch|p2a: Rillaboom|Rillaboom, F|100/100\n|-fieldstart|move: Grassy Terrain|[from] ability: Grassy Surge|[of] p2a: Rillaboom\n|move|p1a: Landorus|Stealth Rock|p2a: Rillaboom\n|-sidestart|p2: jjznb2|move: Stealth Rock\n|\n|upkeep\n|turn|12\n|\n|t:|1771177396\n|move|p2a: Rillaboom|U-turn|p1a: Landorus\n|-resisted|p1a: Landorus\n|-damage|p1a: Landorus|46/100\n|\n|t:|1771177401\n|switch|p2a: Tapu Fini|Tapu Fini|12/100|[from] U-turn\n|-damage|p2a: Tapu Fini|0 fnt|[from] Stealth Rock\n|faint|p2a: Tapu Fini\n|move|p1a: Landorus|U-turn|p2: Tapu Fini|[notarget]\n|-fail|p1a: Landorus\n|\n|upkeep\n|\n|t:|1771177404\n|switch|p2a: Kingambit|Kingambit, M|45/100\n|-damage|p2a: Kingambit|39/100|[from] Stealth Rock\n|-activate|p2a: Kingambit|ability: Supreme Overlord\n|-start|p2a: Kingambit|fallen3|[silent]\n|turn|13\n|\n|t:|1771177412\n|move|p1a: Landorus|Earth Power|p2a: Kingambit\n|-supereffective|p2a: Kingambit\n|-damage|p2a: Kingambit|0 fnt\n|faint|p2a: Kingambit\n|-end|p2a: Kingambit|fallen3|[silent]\n|\n|upkeep\n|\n|t:|1771177416\n|switch|p2a: Great Tusk|Great Tusk, shiny|100/100\n|-damage|p2a: Great Tusk|98/100|[from] Stealth Rock\n|turn|14\n|-message|jjznb2 forfeited.\n|\n|win|yjw123\n|raw|yjw123's rating: 1598 &rarr; <strong>1621</strong><br />(+23 for winning)\n|raw|jjznb2's rating: 1647 &rarr; <strong>1624</strong><br />(-23 for losing)\n|l|☆jjznb2\n|player|p2|\n|l|☆yjw123\n|player|p1|\n", "uploadtime": 1771177680, "views": 7, "formatid": "gen9nationaldex", "rating": 1621, "private": 0, "password": null}