{"id": "gen9nationaldex-2540409120", "format": "[Gen 9] National Dex", "players": ["pichaexplosiva", "Kemet Prince"], "log": "|j|☆pichaexplosiva\n|j|☆Kemet Prince\n|t:|1771198477\n|gametype|singles\n|player|p1|pichaexplosiva|266|1659\n|player|p2|Kemet Prince|1|1621\n|gen|9\n|tier|[Gen 9] National Dex\n|rated|\n|rule|HP Percentage Mod: HP is shown in percentages\n|rule|Endless Battle Clause: Forcing endless battles is banned\n|rule|Species Clause: Limit one of each Pokémon\n|rule|OHKO Clause: OHKO moves are banned\n|rule|Evasion Clause: Evasion abilities, items, and moves are banned\n|rule|Evasion Abilities Clause: Evasion abilities are banned\n|rule|Evasion Items Clause: Evasion items are banned\n|rule|Evasion Moves Clause: Evasion moves are banned\n|rule|Sleep Clause Mod: Limit one foe put to sleep\n|rule|Terastal Clause: You cannot Terastallize\n|clearpoke\n|poke|p1|Scizor, M|\n|poke|p1|Latios, M|\n|poke|p1|Ting-Lu|\n|poke|p1|Zapdos|\n|poke|p1|Gholdengo|\n|poke|p1|Urshifu-*, F|\n|poke|p2|Scizor, M|\n|poke|p2|Iron Valiant|\n|poke|p2|Garchomp, F|\n|poke|p2|Rillaboom, M|\n|poke|p2|Blastoise, F|\n|poke|p2|Charizard, F|\n|teampreview\n|\n|t:|1771198485\n|teamsize|p1|6\n|teamsize|p2|6\n|start\n|switch|p1a: Latios|Latios, M|100/100\n|switch|p2a: Iron Valiant|Iron Valiant|100/100\n|turn|1\n|inactive|Battle timer is ON: inactive players will automatically lose when time's up. (requested by pichaexplosiva)\n|\n|t:|1771198492\n|switch|p1a: Scizor|Scizor, M|100/100\n|move|p2a: Iron Valiant|Moonblast|p1a: Scizor\n|-resisted|p1a: Scizor\n|-damage|p1a: Scizor|62/100\n|-unboost|p1a: Scizor|spa|1\n|-damage|p2a: Iron Valiant|91/100|[from] item: Life Orb\n|\n|upkeep\n|turn|2\n|\n|t:|1771198497\n|-end|p2a: Iron Valiant|Quark Drive|[silent]\n|switch|p2a: Charizard|Charizard, F|100/100\n|move|p1a: Scizor|U-turn|p2a: Charizard\n|-resisted|p2a: Charizard\n|-damage|p2a: Charizard|78/100\n|\n|t:|1771198502\n|switch|p1a: Latios|Latios, M|100/100|[from] U-turn\n|\n|upkeep\n|turn|3\n|\n|t:|1771198519\n|switch|p2a: Scizor|Scizor, M|100/100\n|detailschange|p1a: Latios|Latios-Mega, M\n|-mega|p1a: Latios|Latios|Latiosite\n|move|p1a: Latios|Luster Purge|p2a: Scizor\n|-resisted|p2a: Scizor\n|-damage|p2a: Scizor|65/100\n|\n|upkeep\n|turn|4\n|\n|t:|1771198527\n|move|p1a: Latios|Mystical Fire|p2a: Scizor\n|-supereffective|p2a: Scizor\n|-damage|p2a: Scizor|0 fnt\n|faint|p2a: Scizor\n|\n|upkeep\n|\n|t:|1771198539\n|switch|p2a: Iron Valiant|Iron Valiant|91/100\n|turn|5\n|\n|t:|1771198545\n|switch|p1a: Scizor|Scizor, M|62/100\n|move|p2a: Iron Valiant|Moonblast|p1a: Scizor\n|-resisted|p1a: Scizor\n|-damage|p1a: Scizor|19/100\n|-unboost|p1a: Scizor|spa|1\n|-damage|p2a: Iron Valiant|81/100|[from] item: Life Orb\n|\n|upkeep\n|turn|6\n|\n|t:|1771198550\n|-end|p2a: Iron Valiant|Quark Drive|[silent]\n|switch|p2a: Garchomp|Garchomp, F|100/100\n|move|p1a: Scizor|Bullet Punch|p2a: Garchomp\n|-damage|p2a: Garchomp|51/100\n|-damage|p1a: Scizor|7/100|[from] ability: Rough Skin|[of] p2a: Garchomp\n|\n|-heal|p2a: Garchomp|57/100|[from] item: Leftovers\n|upkeep\n|turn|7\n|\n|t:|1771198557\n|move|p1a: Scizor|Bullet Punch|p2a: Garchomp\n|-damage|p2a: Garchomp|13/100\n|-damage|p1a: Scizor|0 fnt|[from] ability: Rough Skin|[of] p2a: Garchomp\n|faint|p1a: Scizor\n|move|p2a: Garchomp|Stealth Rock|p1: Scizor\n|-sidestart|p1: pichaexplosiva|move: Stealth Rock\n|\n|-heal|p2a: Garchomp|19/100|[from] item: Leftovers\n|upkeep\n|\n|t:|1771198564\n|switch|p1a: Zapdos|Zapdos|100/100\n|turn|8\n|\n|t:|1771198567\n|move|p2a: Garchomp|Rock Slide|p1a: Zapdos\n|-supereffective|p1a: Zapdos\n|-damage|p1a: Zapdos|61/100\n|move|p1a: Zapdos|Defog|p2a: Garchomp\n|-unboost|p2a: Garchomp|evasion|1\n|-sideend|p1: pichaexplosiva|Stealth Rock|[from] move: Defog|[of] p1a: Zapdos\n|\n|-heal|p2a: Garchomp|25/100|[from] item: Leftovers\n|upkeep\n|turn|9\n|\n|t:|1771198573\n|move|p2a: Garchomp|Rock Slide|p1a: Zapdos\n|-supereffective|p1a: Zapdos\n|-damage|p1a: Zapdos|26/100\n|move|p1a: Zapdos|Hurricane|p2a: Garchomp|[miss]\n|-miss|p1a: Zapdos|p2a: Garchomp\n|\n|-heal|p2a: Garchomp|31/100|[from] item: Leftovers\n|upkeep\n|turn|10\n|\n|t:|1771198578\n|move|p2a: Garchomp|Stealth Rock|p1a: Zapdos\n|-sidestart|p1: pichaexplosiva|move: Stealth Rock\n|move|p1a: Zapdos|Hurricane|p2a: Garchomp\n|-damage|p2a: Garchomp|0 fnt\n|faint|p2a: Garchomp\n|\n|upkeep\n|\n|t:|1771198587\n|switch|p2a: Iron Valiant|Iron Valiant|81/100\n|turn|11\n|\n|t:|1771198591\n|move|p2a: Iron Valiant|Knock Off|p1a: Zapdos\n|-damage|p1a: Zapdos|0 fnt\n|-enditem|p1a: Zapdos|Heavy-Duty Boots|[from] move: Knock Off|[of] p2a: Iron Valiant\n|faint|p1a: Zapdos\n|-damage|p2a: Iron Valiant|71/100|[from] item: Life Orb\n|\n|upkeep\n|\n|t:|1771198602\n|switch|p1a: Urshifu|Urshifu-Rapid-Strike, F|100/100\n|-damage|p1a: Urshifu|94/100|[from] Stealth Rock\n|turn|12\n|\n|t:|1771198607\n|-end|p2a: Iron Valiant|Quark Drive|[silent]\n|switch|p2a: Rillaboom|Rillaboom, M|100/100\n|-fieldstart|move: Grassy Terrain|[from] ability: Grassy Surge|[of] p2a: Rillaboom\n|move|p1a: Urshifu|Surging Strikes|p2a: Rillaboom\n|-resisted|p2a: Rillaboom\n|-crit|p2a: Rillaboom\n|-damage|p2a: Rillaboom|90/100\n|-resisted|p2a: Rillaboom\n|-crit|p2a: Rillaboom\n|-damage|p2a: Rillaboom|79/100\n|-resisted|p2a: Rillaboom\n|-crit|p2a: Rillaboom\n|-damage|p2a: Rillaboom|68/100\n|-hitcount|p2a: Rillaboom|3\n|\n|-heal|p1a: Urshifu|100/100|[from] Grassy Terrain\n|-heal|p2a: Rillaboom|74/100|[from] Grassy Terrain\n|upkeep\n|turn|13\n|\n|t:|1771198613\n|switch|p1a: Gholdengo|Gholdengo|100/100\n|-damage|p1a: Gholdengo|94/100|[from] Stealth Rock\n|move|p2a: Rillaboom|Knock Off|p1a: Gholdengo\n|-supereffective|p1a: Gholdengo\n|-damage|p1a: Gholdengo|46/100\n|\n|-heal|p2a: Rillaboom|80/100|[from] Grassy Terrain\n|-heal|p1a: Gholdengo|52/100|[from] Grassy Terrain\n|upkeep\n|turn|14\n|\n|t:|1771198622\n|switch|p2a: Charizard|Charizard, F|78/100\n|move|p1a: Gholdengo|Recover|p1a: Gholdengo\n|-heal|p1a: Gholdengo|100/100\n|\n|upkeep\n|turn|15\n|\n|t:|1771198629\n|switch|p2a: Iron Valiant|Iron Valiant|71/100\n|switch|p1a: Latios|Latios-Mega, M|100/100\n|-damage|p1a: Latios|88/100|[from] Stealth Rock\n|\n|-heal|p2a: Iron Valiant|78/100|[from] Grassy Terrain\n|upkeep\n|turn|16\n|\n|t:|1771198636\n|switch|p1a: Gholdengo|Gholdengo|100/100\n|-damage|p1a: Gholdengo|94/100|[from] Stealth Rock\n|move|p2a: Iron Valiant|Moonblast|p1a: Gholdengo\n|-resisted|p1a: Gholdengo\n|-damage|p1a: Gholdengo|66/100\n|-damage|p2a: Iron Valiant|68/100|[from] item: Life Orb\n|\n|-heal|p2a: Iron Valiant|74/100|[from] Grassy Terrain\n|-heal|p1a: Gholdengo|72/100|[from] Grassy Terrain\n|-fieldend|move: Grassy Terrain\n|upkeep\n|turn|17\n|\n|t:|1771198640\n|-end|p2a: Iron Valiant|Quark Drive|[silent]\n|switch|p2a: Charizard|Charizard, F|78/100\n|-zpower|p1a: Gholdengo\n|move|p1a: Gholdengo|Never-Ending Nightmare|p2a: Charizard|[zeffect]\n|-damage|p2a: Charizard|0 fnt\n|faint|p2a: Charizard\n|\n|upkeep\n|\n|t:|1771198644\n|switch|p2a: Blastoise|Blastoise, F|100/100\n|turn|18\n|\n|t:|1771198650\n|move|p2a: Blastoise|Shell Smash|p2a: Blastoise\n|-unboost|p2a: Blastoise|def|1\n|-unboost|p2a: Blastoise|spd|1\n|-boost|p2a: Blastoise|atk|2\n|-boost|p2a: Blastoise|spa|2\n|-boost|p2a: Blastoise|spe|2\n|-enditem|p2a: Blastoise|White Herb\n|-clearnegativeboost|p2a: Blastoise|[silent]\n|move|p1a: Gholdengo|Shadow Ball|p2a: Blastoise\n|-damage|p2a: Blastoise|59/100\n|-unboost|p2a: Blastoise|spd|1\n|\n|upkeep\n|turn|19\n|\n|t:|1771198656\n|move|p2a: Blastoise|Surf|p1a: Gholdengo\n|-damage|p1a: Gholdengo|2/100\n|move|p1a: Gholdengo|Shadow Ball|p2a: Blastoise\n|-damage|p2a: Blastoise|1/100\n|\n|upkeep\n|turn|20\n|\n|t:|1771198661\n|move|p2a: Blastoise|Surf|p1a: Gholdengo\n|-damage|p1a: Gholdengo|0 fnt\n|faint|p1a: Gholdengo\n|\n|upkeep\n|\n|t:|1771198665\n|switch|p1a: Urshifu|Urshifu-Rapid-Strike, F|100/100\n|-damage|p1a: Urshifu|94/100|[from] Stealth Rock\n|turn|21\n|\n|t:|1771198672\n|move|p2a: Blastoise|Surf|p1a: Urshifu\n|-resisted|p1a: Urshifu\n|-damage|p1a: Urshifu|7/100\n|move|p1a: Urshifu|U-turn|p2a: Blastoise\n|-damage|p2a: Blastoise|0 fnt\n|faint|p2a: Blastoise\n|\n|t:|1771198679\n|switch|p1a: Ting-Lu|Ting-Lu|100/100|[from] U-turn\n|-damage|p1a: Ting-Lu|94/100|[from] Stealth Rock\n|-ability|p1a: Ting-Lu|Vessel of Ruin\n|\n|-heal|p1a: Ting-Lu|100/100|[from] item: Leftovers\n|upkeep\n|\n|t:|1771198682\n|switch|p2a: Rillaboom|Rillaboom, M|80/100\n|-fieldstart|move: Grassy Terrain|[from] ability: Grassy Surge|[of] p2a: Rillaboom\n|turn|22\n|\n|t:|1771198687\n|switch|p1a: Urshifu|Urshifu-Rapid-Strike, F|7/100\n|-damage|p1a: Urshifu|0 fnt|[from] Stealth Rock\n|faint|p1a: Urshifu\n|move|p2a: Rillaboom|Wood Hammer|p1: Urshifu|[notarget]\n|-fail|p2a: Rillaboom\n|\n|-heal|p2a: Rillaboom|86/100|[from] Grassy Terrain\n|upkeep\n|\n|t:|1771198696\n|switch|p1a: Latios|Latios-Mega, M|88/100\n|-damage|p1a: Latios|76/100|[from] Stealth Rock\n|turn|23\n|\n|t:|1771198702\n|move|p1a: Latios|Mystical Fire|p2a: Rillaboom\n|-supereffective|p2a: Rillaboom\n|-damage|p2a: Rillaboom|0 fnt\n|faint|p2a: Rillaboom\n|\n|upkeep\n|\n|t:|1771198705\n|switch|p2a: Iron Valiant|Iron Valiant|74/100\n|turn|24\n|\n|t:|1771198707\n|move|p2a: Iron Valiant|Moonblast|p1a: Latios\n|-supereffective|p1a: Latios\n|-damage|p1a: Latios|0 fnt\n|faint|p1a: Latios\n|detailschange|p1: Latios|Latios, M|[silent]\n|-damage|p2a: Iron Valiant|65/100|[from] item: Life Orb\n|\n|-heal|p2a: Iron Valiant|71/100|[from] Grassy Terrain\n|upkeep\n|\n|t:|1771198710\n|switch|p1a: Ting-Lu|Ting-Lu|100/100\n|-damage|p1a: Ting-Lu|94/100|[from] Stealth Rock\n|-ability|p1a: Ting-Lu|Vessel of Ruin\n|turn|25\n|\n|t:|1771198715\n|move|p2a: Iron Valiant|Moonblast|p1a: Ting-Lu\n|-supereffective|p1a: Ting-Lu\n|-damage|p1a: Ting-Lu|42/100\n|-damage|p2a: Iron Valiant|61/100|[from] item: Life Orb\n|move|p1a: Ting-Lu|Ruination|p2a: Iron Valiant\n|-damage|p2a: Iron Valiant|31/100\n|\n|-heal|p2a: Iron Valiant|37/100|[from] Grassy Terrain\n|-heal|p1a: Ting-Lu|48/100|[from] Grassy Terrain\n|-heal|p1a: Ting-Lu|55/100|[from] item: Leftovers\n|upkeep\n|turn|26\n|\n|t:|1771198720\n|move|p2a: Iron Valiant|Close Combat|p1a: Ting-Lu\n|-supereffective|p1a: Ting-Lu\n|-damage|p1a: Ting-Lu|0 fnt\n|-unboost|p2a: Iron Valiant|def|1\n|-unboost|p2a: Iron Valiant|spd|1\n|faint|p1a: Ting-Lu\n|-damage|p2a: Iron Valiant|27/100|[from] item: Life Orb\n|\n|win|Kemet Prince\n|raw|pichaexplosiva's rating: 1659 &rarr; <strong>1637</strong><br />(-22 for losing)\n|raw|Kemet Prince's rating: 1621 &rarr; <strong>1643</strong><br />(+22 for winning)\n|l|☆pichaexplosiva\n|player|p1|\n|l|☆Kemet Prince\n|player|p2|\n", "uploadtime": 1771198878, "views": 12, "formatid": "gen9nationaldex", "rating": 1637, "private": 0, "password": null}