{"id": "gen9nationaldex-2540573491", "format": "[Gen 9] National Dex", "players": ["tpfire", "peashooter xia"], "log": "|j|☆tpfire\n|j|☆peashooter xia\n|t:|1771220196\n|gametype|singles\n|player|p1|tpfire|birdkeeper-gen4dp|1613\n|player|p2|peashooter xia|dawn|1712\n|gen|9\n|tier|[Gen 9] National Dex\n|rated|\n|rule|HP Percentage Mod: HP is shown in percentages\n|rule|Endless Battle Clause: Forcing endless battles is banned\n|rule|Species Clause: Limit one of each Pokémon\n|rule|OHKO Clause: OHKO moves are banned\n|rule|Evasion Clause: Evasion abilities, items, and moves are banned\n|rule|Evasion Abilities Clause: Evasion abilities are banned\n|rule|Evasion Items Clause: Evasion items are banned\n|rule|Evasion Moves Clause: Evasion moves are banned\n|rule|Sleep Clause Mod: Limit one foe put to sleep\n|rule|Terastal Clause: You cannot Terastallize\n|clearpoke\n|poke|p1|Rillaboom, F|\n|poke|p1|Slowking, F|\n|poke|p1|Zamazenta-*|\n|poke|p1|Iron Treads|\n|poke|p1|Moltres|\n|poke|p1|Diancie|\n|poke|p2|Tornadus-Therian, M|\n|poke|p2|Gliscor, F|\n|poke|p2|Toxapex, M|\n|poke|p2|Scizor, M|\n|poke|p2|Reuniclus, F|\n|poke|p2|Hydrapple, F|\n|teampreview\n|inactive|Battle timer is ON: inactive players will automatically lose when time's up. (requested by tpfire)\n|\n|t:|1771220211\n|teamsize|p1|6\n|teamsize|p2|6\n|start\n|switch|p1a: Slowking|Slowking, F|100/100\n|switch|p2a: Gliscor|Gliscor, F|100/100\n|turn|1\n|\n|t:|1771220216\n|move|p2a: Gliscor|Stealth Rock|p1a: Slowking\n|-sidestart|p1: tpfire|move: Stealth Rock\n|move|p1a: Slowking|Future Sight|p2a: Gliscor\n|-start|p1a: Slowking|move: Future Sight\n|\n|-status|p2a: Gliscor|tox|[from] item: Toxic Orb\n|upkeep\n|turn|2\n|\n|t:|1771220219\n|move|p2a: Gliscor|Toxic|p1a: Slowking\n|-status|p1a: Slowking|tox\n|move|p1a: Slowking|Teleport|p1a: Slowking\n|\n|t:|1771220222\n|switch|p1a: Rillaboom|Rillaboom, F|100/100|[from] Teleport\n|-damage|p1a: Rillaboom|88/100|[from] Stealth Rock\n|-fieldstart|move: Grassy Terrain|[from] ability: Grassy Surge|[of] p1a: Rillaboom\n|\n|-heal|p1a: Rillaboom|94/100|[from] Grassy Terrain\n|upkeep\n|turn|3\n|\n|t:|1771220226\n|move|p2a: Gliscor|Protect|p2a: Gliscor\n|-singleturn|p2a: Gliscor|Protect\n|move|p1a: Rillaboom|Wood Hammer|p2a: Gliscor\n|-activate|p2a: Gliscor|move: Protect\n|\n|-end|p2a: Gliscor|move: Future Sight\n|-damage|p2a: Gliscor|65/100 tox\n|-heal|p1a: Rillaboom|100/100|[from] Grassy Terrain\n|-heal|p2a: Gliscor|77/100 tox|[from] ability: Poison Heal\n|upkeep\n|turn|4\n|\n|t:|1771220229\n|switch|p2a: Scizor|Scizor, M|100/100\n|move|p1a: Rillaboom|Wood Hammer|p2a: Scizor\n|-resisted|p2a: Scizor\n|-damage|p2a: Scizor|78/100\n|-damage|p1a: Rillaboom|93/100|[from] Recoil\n|\n|-heal|p1a: Rillaboom|99/100|[from] Grassy Terrain\n|-heal|p2a: Scizor|84/100|[from] Grassy Terrain\n|upkeep\n|turn|5\n|\n|t:|1771220231\n|switch|p1a: Moltres|Moltres|100/100\n|detailschange|p2a: Scizor|Scizor-Mega, M\n|-mega|p2a: Scizor|Scizor|Scizorite\n|move|p2a: Scizor|U-turn|p1a: Moltres\n|-resisted|p1a: Moltres\n|-damage|p1a: Moltres|92/100\n|-status|p2a: Scizor|brn|[from] ability: Flame Body|[of] p1a: Moltres\n|\n|t:|1771220235\n|switch|p2a: Tornadus|Tornadus-Therian, M|100/100|[from] U-turn\n|\n|upkeep\n|turn|6\n|\n|t:|1771220238\n|switch|p1a: Iron Treads|Iron Treads|100/100\n|-damage|p1a: Iron Treads|97/100|[from] Stealth Rock\n|move|p2a: Tornadus|Knock Off|p1a: Iron Treads\n|-damage|p1a: Iron Treads|81/100\n|-enditem|p1a: Iron Treads|Leftovers|[from] move: Knock Off|[of] p2a: Tornadus\n|\n|-heal|p1a: Iron Treads|87/100|[from] Grassy Terrain\n|-fieldend|move: Grassy Terrain\n|upkeep\n|turn|7\n|\n|t:|1771220241\n|move|p2a: Tornadus|Heat Wave|p1a: Iron Treads\n|-supereffective|p1a: Iron Treads\n|-damage|p1a: Iron Treads|47/100\n|move|p1a: Iron Treads|Rapid Spin|p2a: Tornadus\n|-damage|p2a: Tornadus|86/100\n|-boost|p1a: Iron Treads|spe|1\n|-sideend|p1: tpfire|Stealth Rock|[from] move: Rapid Spin|[of] p1a: Iron Treads\n|\n|upkeep\n|turn|8\n|\n|t:|1771220244\n|-end|p1a: Iron Treads|Quark Drive|[silent]\n|switch|p1a: Diancie|Diancie|100/100\n|move|p2a: Tornadus|U-turn|p1a: Diancie\n|-resisted|p1a: Diancie\n|-damage|p1a: Diancie|92/100\n|\n|t:|1771220248\n|switch|p2a: Scizor|Scizor-Mega, M|84/100 brn|[from] U-turn\n|\n|-damage|p2a: Scizor|78/100 brn|[from] brn\n|upkeep\n|turn|9\n|\n|t:|1771220253\n|move|p2a: Scizor|Bullet Punch|p1a: Diancie\n|-supereffective|p1a: Diancie\n|-damage|p1a: Diancie|22/100\n|move|p1a: Diancie|Mystical Fire|p2a: Scizor\n|-supereffective|p2a: Scizor\n|-damage|p2a: Scizor|0 fnt\n|faint|p2a: Scizor\n|detailschange|p2: Scizor|Scizor, M|[silent]\n|\n|upkeep\n|\n|t:|1771220261\n|switch|p2a: Toxapex|Toxapex, M|100/100\n|turn|10\n|\n|t:|1771220263\n|switch|p1a: Slowking|Slowking, F|100/100 tox\n|move|p2a: Toxapex|Scald|p1a: Slowking\n|-resisted|p1a: Slowking\n|-damage|p1a: Slowking|94/100 tox\n|\n|-damage|p1a: Slowking|88/100 tox|[from] psn\n|upkeep\n|turn|11\n|\n|t:|1771220269\n|switch|p2a: Tornadus|Tornadus-Therian, M|100/100\n|move|p1a: Slowking|Future Sight|p2a: Tornadus\n|-start|p1a: Slowking|move: Future Sight\n|\n|-damage|p1a: Slowking|76/100 tox|[from] psn\n|upkeep\n|turn|12\n|\n|t:|1771220273\n|move|p2a: Tornadus|Knock Off|p1a: Slowking\n|-supereffective|p1a: Slowking\n|-damage|p1a: Slowking|47/100 tox\n|-enditem|p1a: Slowking|Heavy-Duty Boots|[from] move: Knock Off|[of] p2a: Tornadus\n|move|p1a: Slowking|Teleport|p1a: Slowking\n|\n|t:|1771220276\n|switch|p1a: Zamazenta|Zamazenta|100/100|[from] Teleport\n|-ability|p1a: Zamazenta|Dauntless Shield|boost\n|-boost|p1a: Zamazenta|def|1\n|\n|upkeep\n|turn|13\n|\n|t:|1771220280\n|switch|p2a: Reuniclus|Reuniclus, F|100/100\n|move|p1a: Zamazenta|Crunch|p2a: Reuniclus\n|-supereffective|p2a: Reuniclus\n|-damage|p2a: Reuniclus|49/100\n|-damage|p1a: Zamazenta|91/100|[from] item: Life Orb\n|\n|-end|p2a: Reuniclus|move: Future Sight\n|-resisted|p2a: Reuniclus\n|-damage|p2a: Reuniclus|29/100\n|upkeep\n|turn|14\n|\n|t:|1771220285\n|switch|p2a: Toxapex|Toxapex, M|100/100\n|move|p1a: Zamazenta|Crunch|p2a: Toxapex\n|-damage|p2a: Toxapex|76/100\n|-damage|p1a: Zamazenta|81/100|[from] item: Life Orb\n|\n|upkeep\n|turn|15\n|\n|t:|1771220288\n|switch|p1a: Slowking|Slowking, F|80/100 tox\n|move|p2a: Toxapex|Toxic Spikes|p1a: Slowking\n|-sidestart|p1: tpfire|move: Toxic Spikes\n|\n|-damage|p1a: Slowking|74/100 tox|[from] psn\n|upkeep\n|turn|16\n|\n|t:|1771220291\n|switch|p2a: Tornadus|Tornadus-Therian, M|100/100\n|move|p1a: Slowking|Future Sight|p2a: Tornadus\n|-start|p1a: Slowking|move: Future Sight\n|\n|-damage|p1a: Slowking|62/100 tox|[from] psn\n|upkeep\n|turn|17\n|\n|t:|1771220294\n|move|p2a: Tornadus|Knock Off|p1a: Slowking\n|-supereffective|p1a: Slowking\n|-damage|p1a: Slowking|41/100 tox\n|move|p1a: Slowking|Teleport|p1a: Slowking\n|\n|t:|1771220300\n|switch|p1a: Zamazenta|Zamazenta|81/100|[from] Teleport\n|-status|p1a: Zamazenta|psn\n|\n|-damage|p1a: Zamazenta|68/100 psn|[from] psn\n|upkeep\n|turn|18\n|\n|t:|1771220305\n|switch|p2a: Reuniclus|Reuniclus, F|29/100\n|move|p1a: Zamazenta|Ice Fang|p2a: Reuniclus\n|-damage|p2a: Reuniclus|9/100\n|-damage|p1a: Zamazenta|59/100 psn|[from] item: Life Orb\n|\n|-end|p2a: Reuniclus|move: Future Sight\n|-resisted|p2a: Reuniclus\n|-damage|p2a: Reuniclus|0 fnt\n|faint|p2a: Reuniclus\n|-damage|p1a: Zamazenta|46/100 psn|[from] psn\n|upkeep\n|\n|t:|1771220319\n|switch|p2a: Toxapex|Toxapex, M|100/100\n|turn|19\n|\n|t:|1771220321\n|switch|p1a: Slowking|Slowking, F|75/100 tox\n|switch|p2a: Tornadus|Tornadus-Therian, M|100/100\n|\n|-damage|p1a: Slowking|69/100 tox|[from] psn\n|upkeep\n|turn|20\n|\n|t:|1771220325\n|move|p2a: Tornadus|Hurricane|p1a: Slowking|[miss]\n|-miss|p2a: Tornadus|p1a: Slowking\n|move|p1a: Slowking|Thunder Wave|p2a: Tornadus\n|-status|p2a: Tornadus|par\n|\n|-damage|p1a: Slowking|56/100 tox|[from] psn\n|upkeep\n|turn|21\n|\n|t:|1771220327\n|cant|p2a: Tornadus|par\n|move|p1a: Slowking|Teleport|p1a: Slowking\n|\n|t:|1771220332\n|switch|p1a: Iron Treads|Iron Treads|47/100|[from] Teleport\n|\n|upkeep\n|turn|22\n|\n|t:|1771220335\n|move|p1a: Iron Treads|Rapid Spin|p2a: Tornadus\n|-damage|p2a: Tornadus|86/100 par\n|-boost|p1a: Iron Treads|spe|1\n|-sideend|p1: tpfire|Toxic Spikes|[from] move: Rapid Spin|[of] p1a: Iron Treads\n|cant|p2a: Tornadus|par\n|\n|upkeep\n|turn|23\n|\n|t:|1771220341\n|move|p1a: Iron Treads|Stealth Rock|p2a: Tornadus\n|-sidestart|p2: peashooter xia|move: Stealth Rock\n|move|p2a: Tornadus|U-turn|p1a: Iron Treads\n|-resisted|p1a: Iron Treads\n|-damage|p1a: Iron Treads|41/100\n|\n|t:|1771220343\n|switch|p2a: Gliscor|Gliscor, F|77/100 tox|[from] U-turn\n|-damage|p2a: Gliscor|65/100 tox|[from] Stealth Rock\n|\n|-heal|p2a: Gliscor|77/100 tox|[from] ability: Poison Heal\n|upkeep\n|turn|24\n|\n|t:|1771220346\n|move|p2a: Gliscor|Protect|p2a: Gliscor\n|-singleturn|p2a: Gliscor|Protect\n|move|p1a: Iron Treads|Ice Spinner|p2a: Gliscor\n|-activate|p2a: Gliscor|move: Protect\n|\n|-heal|p2a: Gliscor|90/100 tox|[from] ability: Poison Heal\n|upkeep\n|turn|25\n|\n|t:|1771220351\n|switch|p2a: Toxapex|Toxapex, M|100/100\n|move|p1a: Iron Treads|Ice Spinner|p2a: Toxapex\n|-resisted|p2a: Toxapex\n|-damage|p2a: Toxapex|93/100\n|\n|upkeep\n|turn|26\n|\n|t:|1771220354\n|-end|p1a: Iron Treads|Quark Drive|[silent]\n|switch|p1a: Slowking|Slowking, F|90/100 tox\n|move|p2a: Toxapex|Scald|p1a: Slowking\n|-resisted|p1a: Slowking\n|-damage|p1a: Slowking|83/100 tox\n|\n|-damage|p1a: Slowking|77/100 tox|[from] psn\n|upkeep\n|turn|27\n|\n|t:|1771220357\n|move|p2a: Toxapex|Toxic Spikes|p1a: Slowking\n|-sidestart|p1: tpfire|move: Toxic Spikes\n|move|p1a: Slowking|Future Sight|p2a: Toxapex\n|-start|p1a: Slowking|move: Future Sight\n|\n|-damage|p1a: Slowking|64/100 tox|[from] psn\n|upkeep\n|turn|28\n|\n|t:|1771220359\n|move|p2a: Toxapex|Toxic Spikes|p1a: Slowking\n|-sidestart|p1: tpfire|move: Toxic Spikes\n|move|p1a: Slowking|Teleport|p1a: Slowking\n|\n|t:|1771220362\n|switch|p1a: Rillaboom|Rillaboom, F|99/100|[from] Teleport\n|-status|p1a: Rillaboom|tox\n|-fieldstart|move: Grassy Terrain|[from] ability: Grassy Surge|[of] p1a: Rillaboom\n|\n|-heal|p1a: Rillaboom|100/100 tox|[from] Grassy Terrain\n|-heal|p2a: Toxapex|99/100|[from] Grassy Terrain\n|-damage|p1a: Rillaboom|94/100 tox|[from] psn\n|upkeep\n|turn|29\n|\n|t:|1771220368\n|move|p2a: Toxapex|Baneful Bunker|p2a: Toxapex\n|-singleturn|p2a: Toxapex|move: Protect\n|move|p1a: Rillaboom|Wood Hammer|p2a: Toxapex\n|-activate|p2a: Toxapex|move: Protect\n|\n|-end|p2a: Toxapex|move: Future Sight\n|-supereffective|p2a: Toxapex\n|-damage|p2a: Toxapex|44/100\n|-heal|p1a: Rillaboom|100/100 tox|[from] Grassy Terrain\n|-heal|p2a: Toxapex|50/100|[from] Grassy Terrain\n|-damage|p1a: Rillaboom|88/100 tox|[from] psn\n|upkeep\n|turn|30\n|j| xingyaaaa\n|\n|t:|1771220370\n|switch|p2a: Hydrapple|Hydrapple, F|100/100\n|move|p1a: Rillaboom|Wood Hammer|p2a: Hydrapple\n|-resisted|p2a: Hydrapple\n|-damage|p2a: Hydrapple|81/100\n|-damage|p1a: Rillaboom|81/100 tox|[from] Recoil\n|\n|-heal|p1a: Rillaboom|87/100 tox|[from] Grassy Terrain\n|-heal|p2a: Hydrapple|87/100|[from] Grassy Terrain\n|-damage|p1a: Rillaboom|68/100 tox|[from] psn\n|upkeep\n|turn|31\n|\n|t:|1771220375\n|switch|p1a: Moltres|Moltres|92/100\n|move|p2a: Hydrapple|Dragon Pulse|p1a: Moltres\n|-damage|p1a: Moltres|70/100\n|\n|-heal|p2a: Hydrapple|94/100|[from] Grassy Terrain\n|upkeep\n|turn|32\n|\n|t:|1771220378\n|switch|p2a: Toxapex|Toxapex, M|83/100\n|move|p1a: Moltres|U-turn|p2a: Toxapex\n|-resisted|p2a: Toxapex\n|-damage|p2a: Toxapex|77/100\n|\n|t:|1771220383\n|switch|p1a: Slowking|Slowking, F|98/100 tox|[from] U-turn\n|\n|-heal|p2a: Toxapex|83/100|[from] Grassy Terrain\n|-heal|p1a: Slowking|100/100 tox|[from] Grassy Terrain\n|-damage|p1a: Slowking|94/100 tox|[from] psn\n|-fieldend|move: Grassy Terrain\n|upkeep\n|turn|33\n|\n|t:|1771220387\n|switch|p2a: Gliscor|Gliscor, F|90/100 tox\n|-damage|p2a: Gliscor|77/100 tox|[from] Stealth Rock\n|move|p1a: Slowking|Future Sight|p2a: Gliscor\n|-start|p1a: Slowking|move: Future Sight\n|\n|-heal|p2a: Gliscor|90/100 tox|[from] ability: Poison Heal\n|-damage|p1a: Slowking|82/100 tox|[from] psn\n|upkeep\n|turn|34\n|\n|t:|1771220391\n|move|p2a: Gliscor|Earthquake|p1a: Slowking\n|-damage|p1a: Slowking|56/100 tox\n|move|p1a: Slowking|Scald|p2a: Gliscor\n|-supereffective|p2a: Gliscor\n|-damage|p2a: Gliscor|45/100 tox\n|\n|-heal|p2a: Gliscor|58/100 tox|[from] ability: Poison Heal\n|-damage|p1a: Slowking|38/100 tox|[from] psn\n|upkeep\n|turn|35\n|\n|t:|1771220398\n|move|p2a: Gliscor|Protect|p2a: Gliscor\n|-singleturn|p2a: Gliscor|Protect\n|move|p1a: Slowking|Teleport|p1a: Slowking\n|\n|t:|1771220400\n|switch|p1a: Rillaboom|Rillaboom, F|68/100 tox|[from] Teleport\n|-fieldstart|move: Grassy Terrain|[from] ability: Grassy Surge|[of] p1a: Rillaboom\n|\n|-end|p2a: Gliscor|move: Future Sight\n|-damage|p2a: Gliscor|18/100 tox\n|-heal|p1a: Rillaboom|74/100 tox|[from] Grassy Terrain\n|-damage|p1a: Rillaboom|68/100 tox|[from] psn\n|-heal|p2a: Gliscor|30/100 tox|[from] ability: Poison Heal\n|upkeep\n|turn|36\n|\n|t:|1771220430\n|switch|p2a: Tornadus|Tornadus-Therian, M|100/100 par\n|move|p1a: Rillaboom|Wood Hammer|p2a: Tornadus\n|-resisted|p2a: Tornadus\n|-damage|p2a: Tornadus|31/100 par\n|-damage|p1a: Rillaboom|44/100 tox|[from] Recoil\n|\n|-heal|p1a: Rillaboom|50/100 tox|[from] Grassy Terrain\n|-damage|p1a: Rillaboom|38/100 tox|[from] psn\n|upkeep\n|turn|37\n|\n|t:|1771220438\n|switch|p1a: Iron Treads|Iron Treads|41/100\n|switch|p2a: Hydrapple|Hydrapple, F|100/100\n|\n|-heal|p1a: Iron Treads|47/100|[from] Grassy Terrain\n|upkeep\n|turn|38\n|\n|t:|1771220447\n|move|p1a: Iron Treads|Rapid Spin|p2a: Hydrapple\n|-damage|p2a: Hydrapple|93/100\n|-boost|p1a: Iron Treads|spe|1\n|-sideend|p1: tpfire|Toxic Spikes|[from] move: Rapid Spin|[of] p1a: Iron Treads\n|move|p2a: Hydrapple|Earth Power|p1a: Iron Treads\n|-supereffective|p1a: Iron Treads\n|-damage|p1a: Iron Treads|0 fnt\n|faint|p1a: Iron Treads\n|-end|p1a: Iron Treads|Quark Drive|[silent]\n|\n|-heal|p2a: Hydrapple|99/100|[from] Grassy Terrain\n|upkeep\n|\n|t:|1771220455\n|switch|p1a: Moltres|Moltres|70/100\n|turn|39\n|\n|t:|1771220460\n|switch|p2a: Toxapex|Toxapex, M|100/100\n|move|p1a: Moltres|U-turn|p2a: Toxapex\n|-resisted|p2a: Toxapex\n|-damage|p2a: Toxapex|95/100\n|\n|t:|1771220462\n|switch|p1a: Slowking|Slowking, F|71/100 tox|[from] U-turn\n|\n|-heal|p2a: Toxapex|100/100|[from] Grassy Terrain\n|-heal|p1a: Slowking|77/100 tox|[from] Grassy Terrain\n|-damage|p1a: Slowking|71/100 tox|[from] psn\n|-fieldend|move: Grassy Terrain\n|upkeep\n|turn|40\n|\n|t:|1771220465\n|move|p2a: Toxapex|Toxic Spikes|p1a: Slowking\n|-sidestart|p1: tpfire|move: Toxic Spikes\n|move|p1a: Slowking|Teleport|p1a: Slowking\n|\n|t:|1771220468\n|switch|p1a: Rillaboom|Rillaboom, F|38/100 tox|[from] Teleport\n|-fieldstart|move: Grassy Terrain|[from] ability: Grassy Surge|[of] p1a: Rillaboom\n|\n|-heal|p1a: Rillaboom|44/100 tox|[from] Grassy Terrain\n|-damage|p1a: Rillaboom|38/100 tox|[from] psn\n|upkeep\n|turn|41\n|\n|t:|1771220479\n|move|p2a: Toxapex|Baneful Bunker|p2a: Toxapex\n|-singleturn|p2a: Toxapex|move: Protect\n|move|p1a: Rillaboom|Wood Hammer|p2a: Toxapex\n|-activate|p2a: Toxapex|move: Protect\n|\n|-heal|p1a: Rillaboom|44/100 tox|[from] Grassy Terrain\n|-damage|p1a: Rillaboom|32/100 tox|[from] psn\n|upkeep\n|turn|42\n|\n|t:|1771220484\n|switch|p1a: Diancie|Diancie|22/100\n|-status|p1a: Diancie|psn\n|switch|p2a: Hydrapple|Hydrapple, F|100/100\n|\n|-heal|p1a: Diancie|28/100 psn|[from] Grassy Terrain\n|-damage|p1a: Diancie|15/100 psn|[from] psn\n|upkeep\n|turn|43\n|\n|t:|1771220490\n|switch|p2a: Toxapex|Toxapex, M|100/100\n|detailschange|p1a: Diancie|Diancie-Mega\n|-mega|p1a: Diancie|Diancie|Diancite\n|move|p1a: Diancie|Moonblast|p2a: Toxapex\n|-resisted|p2a: Toxapex\n|-damage|p2a: Toxapex|82/100\n|-unboost|p2a: Toxapex|spa|1\n|\n|-heal|p1a: Diancie|22/100 psn|[from] Grassy Terrain\n|-heal|p2a: Toxapex|88/100|[from] Grassy Terrain\n|-damage|p1a: Diancie|9/100 psn|[from] psn\n|upkeep\n|turn|44\n|-message|tpfire forfeited.\n|\n|win|peashooter xia\n|raw|tpfire's rating: 1613 &rarr; <strong>1599</strong><br />(-14 for losing)\n|raw|peashooter xia's rating: 1712 &rarr; <strong>1726</strong><br />(+14 for winning)\n|l|☆tpfire\n|player|p1|\n|l|☆peashooter xia\n|player|p2|\n|l| xingyaaaa\n|j|☆peashooter xia\n|player|p2|peashooter xia|dawn|\n|l|☆peashooter xia\n|player|p2|\n", "uploadtime": 1771220498, "views": 9, "formatid": "gen9nationaldex", "rating": 1599, "private": 0, "password": null}