{"id": "gen9nationaldex-2540898140", "format": "[Gen 9] National Dex", "players": ["Jadii_Xii", "fludermay"], "log": "|j|☆Jadii_Xii\n|j|☆fludermay\n|t:|1771265117\n|gametype|singles\n|player|p1|Jadii_Xii|aaron|1609\n|player|p2|fludermay|miku-ghost|1557\n|gen|9\n|tier|[Gen 9] National Dex\n|rated|\n|rule|HP Percentage Mod: HP is shown in percentages\n|rule|Endless Battle Clause: Forcing endless battles is banned\n|rule|Species Clause: Limit one of each Pokémon\n|rule|OHKO Clause: OHKO moves are banned\n|rule|Evasion Clause: Evasion abilities, items, and moves are banned\n|rule|Evasion Abilities Clause: Evasion abilities are banned\n|rule|Evasion Items Clause: Evasion items are banned\n|rule|Evasion Moves Clause: Evasion moves are banned\n|rule|Sleep Clause Mod: Limit one foe put to sleep\n|rule|Terastal Clause: You cannot Terastallize\n|clearpoke\n|poke|p1|Urshifu-*, M|\n|poke|p1|Porygon-Z|\n|poke|p1|Gengar, F|\n|poke|p1|Grimmsnarl, M|\n|poke|p1|Garchomp, F|\n|poke|p1|Volcarona, M|\n|poke|p2|Volcarona, M|\n|poke|p2|Dragonite, M|\n|poke|p2|Hatterene, F|\n|poke|p2|Diancie|\n|poke|p2|Iron Crown|\n|poke|p2|Great Tusk|\n|teampreview\n|inactive|Battle timer is ON: inactive players will automatically lose when time's up. (requested by Jadii_Xii)\n|inactive|fludermay also wants the timer to be on.\n|\n|t:|1771265123\n|teamsize|p1|6\n|teamsize|p2|6\n|start\n|switch|p1a: Gengar|Gengar, F|100/100\n|switch|p2a: INSTRUMENTALITY|Diancie|100/100\n|turn|1\n|\n|t:|1771265132\n|detailschange|p2a: INSTRUMENTALITY|Diancie-Mega\n|-mega|p2a: INSTRUMENTALITY|Diancie|Diancite\n|move|p1a: Gengar|Sludge Bomb|p2a: INSTRUMENTALITY\n|-damage|p2a: INSTRUMENTALITY|55/100\n|-status|p2a: INSTRUMENTALITY|psn\n|move|p2a: INSTRUMENTALITY|Substitute|p2a: INSTRUMENTALITY\n|-start|p2a: INSTRUMENTALITY|Substitute\n|-damage|p2a: INSTRUMENTALITY|30/100 psn\n|\n|-damage|p2a: INSTRUMENTALITY|17/100 psn|[from] psn\n|upkeep\n|turn|2\n|\n|t:|1771265143\n|move|p1a: Gengar|Sludge Bomb|p2a: INSTRUMENTALITY\n|-end|p2a: INSTRUMENTALITY|Substitute\n|move|p2a: INSTRUMENTALITY|Stealth Rock|p1a: Gengar\n|-sidestart|p1: Jadii_Xii|move: Stealth Rock\n|\n|-damage|p2a: INSTRUMENTALITY|5/100 psn|[from] psn\n|upkeep\n|turn|3\n|\n|t:|1771265150\n|move|p2a: INSTRUMENTALITY|Moonblast|p1a: Gengar\n|-resisted|p1a: Gengar\n|-damage|p1a: Gengar|65/100\n|-unboost|p1a: Gengar|spa|1\n|-start|p2a: INSTRUMENTALITY|Disable|Moonblast|[from] ability: Cursed Body|[of] p1a: Gengar\n|move|p1a: Gengar|Sludge Bomb|p2a: INSTRUMENTALITY\n|-damage|p2a: INSTRUMENTALITY|0 fnt\n|faint|p2a: INSTRUMENTALITY\n|detailschange|p2: INSTRUMENTALITY|Diancie|[silent]\n|\n|upkeep\n|\n|t:|1771265163\n|switch|p2a: ASUKA|Volcarona, M|100/100\n|turn|4\n|\n|t:|1771265166\n|move|p1a: Gengar|Taunt|p2a: ASUKA\n|-start|p2a: ASUKA|move: Taunt\n|cant|p2a: ASUKA|move: Taunt|Quiver Dance\n|\n|upkeep\n|turn|5\n|\n|t:|1771265172\n|switch|p1a: Garchomp|Garchomp, F|100/100\n|-damage|p1a: Garchomp|94/100|[from] Stealth Rock\n|move|p2a: ASUKA|Flamethrower|p1a: Garchomp\n|-resisted|p1a: Garchomp\n|-damage|p1a: Garchomp|71/100\n|-status|p1a: Garchomp|brn\n|\n|-damage|p1a: Garchomp|65/100 brn|[from] brn\n|upkeep\n|turn|6\n|\n|t:|1771265184\n|switch|p2a: HEDGEHOG DILEMMA|Great Tusk|100/100\n|-enditem|p2a: HEDGEHOG DILEMMA|Booster Energy\n|-activate|p2a: HEDGEHOG DILEMMA|ability: Protosynthesis|[fromitem]\n|-start|p2a: HEDGEHOG DILEMMA|protosynthesisspe\n|switch|p1a: Gengar|Gengar, F|65/100\n|-damage|p1a: Gengar|53/100|[from] Stealth Rock\n|\n|upkeep\n|turn|7\n|\n|t:|1771265190\n|move|p2a: HEDGEHOG DILEMMA|Headlong Rush|p1a: Gengar\n|-supereffective|p1a: Gengar\n|-damage|p1a: Gengar|0 fnt\n|-unboost|p2a: HEDGEHOG DILEMMA|def|1\n|-unboost|p2a: HEDGEHOG DILEMMA|spd|1\n|faint|p1a: Gengar\n|\n|upkeep\n|\n|t:|1771265192\n|switch|p1a: Urshifu|Urshifu-Rapid-Strike, M|100/100\n|-damage|p1a: Urshifu|94/100|[from] Stealth Rock\n|turn|8\n|\n|t:|1771265203\n|move|p2a: HEDGEHOG DILEMMA|Rapid Spin|p1a: Urshifu\n|-damage|p1a: Urshifu|80/100\n|-boost|p2a: HEDGEHOG DILEMMA|spe|1\n|move|p1a: Urshifu|Surging Strikes|p2a: HEDGEHOG DILEMMA\n|-supereffective|p2a: HEDGEHOG DILEMMA\n|-crit|p2a: HEDGEHOG DILEMMA\n|-damage|p2a: HEDGEHOG DILEMMA|57/100\n|-supereffective|p2a: HEDGEHOG DILEMMA\n|-crit|p2a: HEDGEHOG DILEMMA\n|-damage|p2a: HEDGEHOG DILEMMA|18/100\n|-supereffective|p2a: HEDGEHOG DILEMMA\n|-crit|p2a: HEDGEHOG DILEMMA\n|-damage|p2a: HEDGEHOG DILEMMA|0 fnt\n|faint|p2a: HEDGEHOG DILEMMA\n|-end|p2a: HEDGEHOG DILEMMA|Protosynthesis|[silent]\n|-hitcount|p2: HEDGEHOG DILEMMA|3\n|\n|upkeep\n|\n|t:|1771265210\n|switch|p2a: EMBRACE|Dragonite, M|100/100\n|turn|9\n|\n|t:|1771265214\n|switch|p1a: Grimmsnarl|Grimmsnarl, M|100/100\n|-damage|p1a: Grimmsnarl|88/100|[from] Stealth Rock\n|move|p2a: EMBRACE|Dragon Dance|p2a: EMBRACE\n|-boost|p2a: EMBRACE|atk|1\n|-boost|p2a: EMBRACE|spe|1\n|\n|upkeep\n|turn|10\n|\n|t:|1771265219\n|move|p1a: Grimmsnarl|Reflect|p1a: Grimmsnarl\n|-sidestart|p1: Jadii_Xii|Reflect\n|move|p2a: EMBRACE|Earthquake|p1a: Grimmsnarl\n|-damage|p1a: Grimmsnarl|60/100\n|\n|upkeep\n|turn|11\n|\n|t:|1771265224\n|move|p1a: Grimmsnarl|Thunder Wave|p2a: EMBRACE\n|-status|p2a: EMBRACE|par\n|move|p2a: EMBRACE|Substitute|p2a: EMBRACE\n|-start|p2a: EMBRACE|Substitute\n|-damage|p2a: EMBRACE|76/100 par\n|\n|upkeep\n|turn|12\n|\n|t:|1771265231\n|switch|p1a: Garchomp|Garchomp, F|65/100 brn\n|-damage|p1a: Garchomp|59/100 brn|[from] Stealth Rock\n|move|p2a: EMBRACE|Dragon Dance|p2a: EMBRACE\n|-boost|p2a: EMBRACE|atk|1\n|-boost|p2a: EMBRACE|spe|1\n|\n|-damage|p1a: Garchomp|53/100 brn|[from] brn\n|upkeep\n|turn|13\n|\n|t:|1771265256\n|cant|p2a: EMBRACE|par\n|move|p1a: Garchomp|Roar|p2a: EMBRACE\n|drag|p2a: ASUKA|Volcarona, M|100/100\n|\n|-damage|p1a: Garchomp|47/100 brn|[from] brn\n|upkeep\n|turn|14\n|\n|t:|1771265269\n|switch|p2a: ORIGINAL SIN|Hatterene, F|100/100\n|move|p1a: Garchomp|Stealth Rock|p2a: ORIGINAL SIN\n|move|p2a: ORIGINAL SIN|Stealth Rock||[from] ability: Magic Bounce|[still]\n|-fail|p2a: ORIGINAL SIN\n|\n|-damage|p1a: Garchomp|41/100 brn|[from] brn\n|upkeep\n|turn|15\n|\n|t:|1771265278\n|move|p1a: Garchomp|Earthquake|p2a: ORIGINAL SIN\n|-damage|p2a: ORIGINAL SIN|82/100\n|move|p2a: ORIGINAL SIN|Calm Mind|p2a: ORIGINAL SIN\n|-boost|p2a: ORIGINAL SIN|spa|1\n|-boost|p2a: ORIGINAL SIN|spd|1\n|\n|-heal|p2a: ORIGINAL SIN|88/100|[from] item: Leftovers\n|-damage|p1a: Garchomp|34/100 brn|[from] brn\n|upkeep\n|turn|16\n|\n|t:|1771265283\n|switch|p1a: Grimmsnarl|Grimmsnarl, M|60/100\n|-damage|p1a: Grimmsnarl|48/100|[from] Stealth Rock\n|move|p2a: ORIGINAL SIN|Calm Mind|p2a: ORIGINAL SIN\n|-boost|p2a: ORIGINAL SIN|spa|1\n|-boost|p2a: ORIGINAL SIN|spd|1\n|\n|-heal|p2a: ORIGINAL SIN|94/100|[from] item: Leftovers\n|upkeep\n|turn|17\n|\n|t:|1771265288\n|move|p1a: Grimmsnarl|Light Screen|p1a: Grimmsnarl\n|-sidestart|p1: Jadii_Xii|move: Light Screen\n|move|p2a: ORIGINAL SIN|Draining Kiss|p1a: Grimmsnarl\n|-supereffective|p1a: Grimmsnarl\n|-damage|p1a: Grimmsnarl|11/100\n|-heal|p2a: ORIGINAL SIN|100/100|[from] drain|[of] p1a: Grimmsnarl\n|\n|-sideend|p1: Jadii_Xii|Reflect\n|upkeep\n|turn|18\n|\n|t:|1771265291\n|move|p1a: Grimmsnarl|Spirit Break|p2a: ORIGINAL SIN\n|-damage|p2a: ORIGINAL SIN|74/100\n|-unboost|p2a: ORIGINAL SIN|spa|1\n|move|p2a: ORIGINAL SIN|Calm Mind|p2a: ORIGINAL SIN\n|-boost|p2a: ORIGINAL SIN|spa|1\n|-boost|p2a: ORIGINAL SIN|spd|1\n|\n|-heal|p2a: ORIGINAL SIN|80/100|[from] item: Leftovers\n|upkeep\n|turn|19\n|\n|t:|1771265296\n|move|p1a: Grimmsnarl|Spirit Break|p2a: ORIGINAL SIN\n|-damage|p2a: ORIGINAL SIN|53/100\n|-unboost|p2a: ORIGINAL SIN|spa|1\n|move|p2a: ORIGINAL SIN|Calm Mind|p2a: ORIGINAL SIN\n|-boost|p2a: ORIGINAL SIN|spa|1\n|-boost|p2a: ORIGINAL SIN|spd|1\n|\n|-heal|p2a: ORIGINAL SIN|59/100|[from] item: Leftovers\n|upkeep\n|turn|20\n|\n|t:|1771265298\n|move|p1a: Grimmsnarl|Spirit Break|p2a: ORIGINAL SIN\n|-damage|p2a: ORIGINAL SIN|34/100\n|-unboost|p2a: ORIGINAL SIN|spa|1\n|move|p2a: ORIGINAL SIN|Calm Mind|p2a: ORIGINAL SIN\n|-boost|p2a: ORIGINAL SIN|spa|1\n|-boost|p2a: ORIGINAL SIN|spd|1\n|\n|-heal|p2a: ORIGINAL SIN|40/100|[from] item: Leftovers\n|upkeep\n|turn|21\n|\n|t:|1771265302\n|move|p1a: Grimmsnarl|Spirit Break|p2a: ORIGINAL SIN\n|-damage|p2a: ORIGINAL SIN|15/100\n|-unboost|p2a: ORIGINAL SIN|spa|1\n|move|p2a: ORIGINAL SIN|Draining Kiss|p1a: Grimmsnarl\n|-supereffective|p1a: Grimmsnarl\n|-damage|p1a: Grimmsnarl|0 fnt\n|-heal|p2a: ORIGINAL SIN|24/100|[from] drain|[of] p1a: Grimmsnarl\n|faint|p1a: Grimmsnarl\n|\n|-heal|p2a: ORIGINAL SIN|30/100|[from] item: Leftovers\n|upkeep\n|\n|t:|1771265305\n|switch|p1a: Urshifu|Urshifu-Rapid-Strike, M|80/100\n|-damage|p1a: Urshifu|74/100|[from] Stealth Rock\n|turn|22\n|\n|t:|1771265310\n|move|p1a: Urshifu|Surging Strikes|p2a: ORIGINAL SIN\n|-crit|p2a: ORIGINAL SIN\n|-damage|p2a: ORIGINAL SIN|12/100\n|-crit|p2a: ORIGINAL SIN\n|-damage|p2a: ORIGINAL SIN|0 fnt\n|faint|p2a: ORIGINAL SIN\n|-hitcount|p2: ORIGINAL SIN|2\n|\n|upkeep\n|\n|t:|1771265314\n|switch|p2a: EMBRACE|Dragonite, M|76/100 par\n|turn|23\n|\n|t:|1771265317\n|switch|p1a: Garchomp|Garchomp, F|34/100 brn\n|-damage|p1a: Garchomp|28/100 brn|[from] Stealth Rock\n|-zpower|p2a: EMBRACE\n|move|p2a: EMBRACE|Devastating Drake|p1a: Garchomp|[zeffect]\n|-supereffective|p1a: Garchomp\n|-damage|p1a: Garchomp|0 fnt\n|faint|p1a: Garchomp\n|\n|upkeep\n|\n|t:|1771265320\n|switch|p1a: Porygon-Z|Porygon-Z, shiny|100/100\n|-damage|p1a: Porygon-Z|88/100|[from] Stealth Rock\n|-ability|p1a: Porygon-Z|Download|boost\n|-boost|p1a: Porygon-Z|atk|1\n|turn|24\n|\n|t:|1771265324\n|-zpower|p1a: Porygon-Z\n|move|p1a: Porygon-Z|Z-Conversion|p1a: Porygon-Z|[anim]Conversion\n|-boost|p1a: Porygon-Z|atk|1|[zeffect]\n|-boost|p1a: Porygon-Z|def|1|[zeffect]\n|-boost|p1a: Porygon-Z|spa|1|[zeffect]\n|-boost|p1a: Porygon-Z|spd|1|[zeffect]\n|-boost|p1a: Porygon-Z|spe|1|[zeffect]\n|-start|p1a: Porygon-Z|typechange|Ghost\n|move|p2a: EMBRACE|Outrage|p1a: Porygon-Z\n|-damage|p1a: Porygon-Z|28/100\n|\n|-sideend|p1: Jadii_Xii|move: Light Screen\n|upkeep\n|turn|25\n|\n|t:|1771265336\n|move|p1a: Porygon-Z|Ice Beam|p2a: EMBRACE\n|-supereffective|p2a: EMBRACE\n|-damage|p2a: EMBRACE|0 fnt\n|faint|p2a: EMBRACE\n|\n|upkeep\n|\n|t:|1771265340\n|switch|p2a: EVANGELION|Iron Crown|100/100\n|-enditem|p2a: EVANGELION|Booster Energy\n|-activate|p2a: EVANGELION|ability: Quark Drive|[fromitem]\n|-start|p2a: EVANGELION|quarkdrivespe\n|turn|26\n|\n|t:|1771265344\n|move|p2a: EVANGELION|Psychic Noise|p1a: Porygon-Z\n|-damage|p1a: Porygon-Z|0 fnt\n|faint|p1a: Porygon-Z\n|\n|upkeep\n|\n|t:|1771265346\n|switch|p1a: Volcarona|Volcarona, M|100/100\n|turn|27\n|\n|t:|1771265352\n|move|p2a: EVANGELION|Psychic Noise|p1a: Volcarona\n|-damage|p1a: Volcarona|61/100\n|-start|p1a: Volcarona|move: Heal Block\n|move|p1a: Volcarona|Quiver Dance|p1a: Volcarona\n|-boost|p1a: Volcarona|spa|1\n|-boost|p1a: Volcarona|spd|1\n|-boost|p1a: Volcarona|spe|1\n|\n|upkeep\n|turn|28\n|\n|t:|1771265359\n|move|p1a: Volcarona|Quiver Dance|p1a: Volcarona\n|-boost|p1a: Volcarona|spa|1\n|-boost|p1a: Volcarona|spd|1\n|-boost|p1a: Volcarona|spe|1\n|move|p2a: EVANGELION|Psychic Noise|p1a: Volcarona\n|-damage|p1a: Volcarona|43/100\n|\n|-end|p1a: Volcarona|move: Heal Block\n|upkeep\n|turn|29\n|\n|t:|1771265367\n|move|p1a: Volcarona|Fiery Dance|p2a: EVANGELION\n|-supereffective|p2a: EVANGELION\n|-damage|p2a: EVANGELION|0 fnt\n|faint|p2a: EVANGELION\n|-end|p2a: EVANGELION|Quark Drive|[silent]\n|\n|upkeep\n|\n|t:|1771265370\n|switch|p2a: ASUKA|Volcarona, M|100/100\n|turn|30\n|\n|t:|1771265378\n|move|p1a: Volcarona|Fiery Dance|p2a: ASUKA\n|-crit|p2a: ASUKA\n|-damage|p2a: ASUKA|0 fnt\n|-boost|p1a: Volcarona|spa|1\n|faint|p2a: ASUKA\n|\n|win|Jadii_Xii\n|raw|Jadii_Xii's rating: 1609 &rarr; <strong>1626</strong><br />(+17 for winning)\n|raw|fludermay's rating: 1557 &rarr; <strong>1540</strong><br />(-17 for losing)\n|l|☆fludermay\n|player|p2|\n|l|☆Jadii_Xii\n|player|p1|\n", "uploadtime": 1771265618, "views": 2, "formatid": "gen9nationaldex", "rating": 1540, "private": 0, "password": null}