{"id": "gen9nationaldex-2540504978", "format": "[Gen 9] National Dex", "players": ["puddingss", "lemmybro87"], "log": "|j|☆puddingss\n|j|☆lemmybro87\n|t:|1771210377\n|gametype|singles\n|player|p1|puddingss|2|1672\n|player|p2|lemmybro87|jasmine|1572\n|gen|9\n|tier|[Gen 9] National Dex\n|rated|\n|rule|HP Percentage Mod: HP is shown in percentages\n|rule|Endless Battle Clause: Forcing endless battles is banned\n|rule|Species Clause: Limit one of each Pokémon\n|rule|OHKO Clause: OHKO moves are banned\n|rule|Evasion Clause: Evasion abilities, items, and moves are banned\n|rule|Evasion Abilities Clause: Evasion abilities are banned\n|rule|Evasion Items Clause: Evasion items are banned\n|rule|Evasion Moves Clause: Evasion moves are banned\n|rule|Sleep Clause Mod: Limit one foe put to sleep\n|rule|Terastal Clause: You cannot Terastallize\n|clearpoke\n|poke|p1|Charizard, F|\n|poke|p1|Iron Treads|\n|poke|p1|Tapu Koko|\n|poke|p1|Archaludon, F|\n|poke|p1|Blaziken, F|\n|poke|p1|Hawlucha, F|\n|poke|p2|Tapu Lele|\n|poke|p2|Charizard, F|\n|poke|p2|Gholdengo|\n|poke|p2|Tsareena, F|\n|poke|p2|Araquanid, M|\n|poke|p2|Iron Treads|\n|teampreview\n|\n|t:|1771210381\n|teamsize|p1|6\n|teamsize|p2|6\n|start\n|switch|p1a: Archaludon|Archaludon, F|100/100\n|switch|p2a: Charizard|Charizard, F|100/100\n|turn|1\n|\n|t:|1771210384\n|detailschange|p2a: Charizard|Charizard-Mega-X, F\n|-mega|p2a: Charizard|Charizard|Charizardite X\n|move|p2a: Charizard|Dragon Dance|p2a: Charizard\n|-boost|p2a: Charizard|atk|1\n|-boost|p2a: Charizard|spe|1\n|-zpower|p1a: Archaludon\n|move|p1a: Archaludon|Devastating Drake|p2a: Charizard|[zeffect]\n|-supereffective|p2a: Charizard\n|-damage|p2a: Charizard|0 fnt\n|faint|p2a: Charizard\n|detailschange|p2: Charizard|Charizard, F|[silent]\n|\n|upkeep\n|\n|t:|1771210393\n|switch|p2a: rumba|Iron Treads|100/100\n|-item|p2a: rumba|Air Balloon\n|turn|2\n|\n|t:|1771210410\n|move|p2a: rumba|Earthquake|p1a: Archaludon\n|-supereffective|p1a: Archaludon\n|-damage|p1a: Archaludon|18/100\n|move|p1a: Archaludon|Draco Meteor|p2a: rumba\n|-resisted|p2a: rumba\n|-crit|p2a: rumba\n|-damage|p2a: rumba|17/100\n|-unboost|p1a: Archaludon|spa|2\n|-enditem|p2a: rumba|Air Balloon\n|\n|upkeep\n|turn|3\n|\n|t:|1771210417\n|move|p2a: rumba|Earthquake|p1a: Archaludon\n|-supereffective|p1a: Archaludon\n|-damage|p1a: Archaludon|0 fnt\n|faint|p1a: Archaludon\n|\n|upkeep\n|\n|t:|1771210424\n|switch|p1a: Iron Treads|Iron Treads|100/100\n|-enditem|p1a: Iron Treads|Booster Energy\n|-activate|p1a: Iron Treads|ability: Quark Drive|[fromitem]\n|-start|p1a: Iron Treads|quarkdrivespe\n|turn|4\n|\n|t:|1771210427\n|move|p1a: Iron Treads|Earthquake|p2a: rumba\n|-supereffective|p2a: rumba\n|-damage|p2a: rumba|0 fnt\n|faint|p2a: rumba\n|-end|p2a: rumba|Quark Drive|[silent]\n|\n|upkeep\n|\n|t:|1771210430\n|switch|p2a: spider jo|Araquanid, M|100/100\n|turn|5\n|\n|t:|1771210433\n|move|p1a: Iron Treads|Stealth Rock|p2a: spider jo\n|-sidestart|p2: lemmybro87|move: Stealth Rock\n|move|p2a: spider jo|Surf|p1a: Iron Treads\n|-supereffective|p1a: Iron Treads\n|-damage|p1a: Iron Treads|0 fnt\n|faint|p1a: Iron Treads\n|-end|p1a: Iron Treads|Quark Drive|[silent]\n|\n|upkeep\n|\n|t:|1771210436\n|switch|p1a: Charizard|Charizard, F|100/100\n|turn|6\n|\n|t:|1771210438\n|detailschange|p1a: Charizard|Charizard-Mega-Y, F\n|-mega|p1a: Charizard|Charizard|Charizardite Y\n|-weather|SunnyDay|[from] ability: Drought|[of] p1a: Charizard\n|move|p1a: Charizard|Weather Ball|p2a: spider jo\n|-damage|p2a: spider jo|67/100\n|move|p2a: spider jo|Surf|p1a: Charizard\n|-supereffective|p1a: Charizard\n|-damage|p1a: Charizard|42/100\n|\n|-weather|SunnyDay|[upkeep]\n|upkeep\n|turn|7\n|\n|t:|1771210440\n|move|p1a: Charizard|Weather Ball|p2a: spider jo\n|-damage|p2a: spider jo|28/100\n|move|p2a: spider jo|Surf|p1a: Charizard\n|-supereffective|p1a: Charizard\n|-damage|p1a: Charizard|0 fnt\n|faint|p1a: Charizard\n|detailschange|p1: Charizard|Charizard, F|[silent]\n|\n|-weather|SunnyDay|[upkeep]\n|upkeep\n|\n|t:|1771210446\n|switch|p1a: Tapu Koko|Tapu Koko|100/100\n|-fieldstart|move: Electric Terrain|[from] ability: Electric Surge|[of] p1a: Tapu Koko\n|turn|8\n|\n|t:|1771210449\n|move|p1a: Tapu Koko|Thunderbolt|p2a: spider jo\n|-supereffective|p2a: spider jo\n|-damage|p2a: spider jo|0 fnt\n|faint|p2a: spider jo\n|\n|-weather|SunnyDay|[upkeep]\n|upkeep\n|\n|t:|1771210452\n|switch|p2a: spirit|Tapu Lele|100/100\n|-damage|p2a: spirit|88/100|[from] Stealth Rock\n|-fieldstart|move: Psychic Terrain|[from] ability: Psychic Surge|[of] p2a: spirit\n|turn|9\n|\n|t:|1771210456\n|move|p1a: Tapu Koko|Thunderbolt|p2a: spirit\n|-damage|p2a: spirit|49/100\n|move|p2a: spirit|Psyshock|p1a: Tapu Koko\n|-damage|p1a: Tapu Koko|0 fnt\n|faint|p1a: Tapu Koko\n|-damage|p2a: spirit|39/100|[from] item: Life Orb\n|\n|-weather|SunnyDay|[upkeep]\n|upkeep\n|\n|t:|1771210460\n|switch|p1a: Hawlucha|Hawlucha, F|100/100\n|turn|10\n|\n|t:|1771210462\n|move|p1a: Hawlucha|Acrobatics|p2a: spirit\n|-damage|p2a: spirit|0 fnt\n|faint|p2a: spirit\n|\n|-weather|none\n|upkeep\n|\n|t:|1771210465\n|switch|p2a: Tsareena|Tsareena, F|100/100\n|-damage|p2a: Tsareena|88/100|[from] Stealth Rock\n|turn|11\n|\n|t:|1771210471\n|move|p1a: Hawlucha|Acrobatics|p2a: Tsareena\n|-supereffective|p2a: Tsareena\n|-damage|p2a: Tsareena|26/100\n|-zpower|p2a: Tsareena\n|move|p2a: Tsareena|Z-Celebrate|p2a: Tsareena|[anim]Celebrate\n|-boost|p2a: Tsareena|atk|1|[zeffect]\n|-boost|p2a: Tsareena|def|1|[zeffect]\n|-boost|p2a: Tsareena|spa|1|[zeffect]\n|-boost|p2a: Tsareena|spd|1|[zeffect]\n|-boost|p2a: Tsareena|spe|1|[zeffect]\n|-activate|p2a: Tsareena|move: Celebrate\n|\n|upkeep\n|turn|12\n|\n|t:|1771210474\n|move|p2a: Tsareena|Triple Axel|p1a: Hawlucha\n|-supereffective|p1a: Hawlucha\n|-damage|p1a: Hawlucha|65/100\n|-supereffective|p1a: Hawlucha\n|-damage|p1a: Hawlucha|1/100\n|-supereffective|p1a: Hawlucha\n|-damage|p1a: Hawlucha|0 fnt\n|faint|p1a: Hawlucha\n|-hitcount|p1: Hawlucha|3\n|\n|upkeep\n|\n|t:|1771210477\n|switch|p1a: Blaziken|Blaziken, F|100/100\n|turn|13\n|\n|t:|1771210483\n|move|p2a: Tsareena|High Jump Kick|p1a: Blaziken|[miss]\n|-miss|p2a: Tsareena|p1a: Blaziken\n|-damage|p2a: Tsareena|0 fnt|[from] highjumpkick\n|faint|p2a: Tsareena\n|move|p1a: Blaziken|Close Combat|p2: Tsareena|[notarget]\n|-fail|p1a: Blaziken\n|\n|-fieldend|move: Psychic Terrain\n|-ability|p1a: Blaziken|Speed Boost|boost\n|-boost|p1a: Blaziken|spe|1\n|upkeep\n|-message|lemmybro87 forfeited.\n|\n|win|puddingss\n|raw|puddingss's rating: 1653 &rarr; <strong>1668</strong><br />(+15 for winning)\n|raw|lemmybro87's rating: 1572 &rarr; <strong>1557</strong><br />(-15 for losing)\n|l|☆lemmybro87\n|player|p2|\n", "uploadtime": 1771210643, "views": 9, "formatid": "gen9nationaldex", "rating": 1557, "private": 0, "password": null}