{"id": "gen9nationaldex-2540269559", "format": "[Gen 9] National Dex", "players": ["he898", "Crsiu"], "log": "|j|☆he898\n|j|☆Crsiu\n|t:|1771182880\n|gametype|singles\n|player|p1|he898|ghetsis-gen5bw|1600\n|player|p2|Crsiu|n|1705\n|gen|9\n|tier|[Gen 9] National Dex\n|rated|\n|rule|HP Percentage Mod: HP is shown in percentages\n|rule|Endless Battle Clause: Forcing endless battles is banned\n|rule|Species Clause: Limit one of each Pokémon\n|rule|OHKO Clause: OHKO moves are banned\n|rule|Evasion Clause: Evasion abilities, items, and moves are banned\n|rule|Evasion Abilities Clause: Evasion abilities are banned\n|rule|Evasion Items Clause: Evasion items are banned\n|rule|Evasion Moves Clause: Evasion moves are banned\n|rule|Sleep Clause Mod: Limit one foe put to sleep\n|rule|Terastal Clause: You cannot Terastallize\n|clearpoke\n|poke|p1|Gyarados, M|\n|poke|p1|Dragonite, M|\n|poke|p1|Iron Treads|\n|poke|p1|Okidogi, M|\n|poke|p1|Ceruledge, M|\n|poke|p1|Serperior, M|\n|poke|p2|Blaziken, F|\n|poke|p2|Tapu Lele|\n|poke|p2|Iron Treads|\n|poke|p2|Ninetales-Alola, F|\n|poke|p2|Raging Bolt|\n|poke|p2|Ursaluna, F|\n|teampreview\n|inactive|Battle timer is ON: inactive players will automatically lose when time's up. (requested by Crsiu)\n|inactive|he898 has 120 seconds left.\n|\n|t:|1771182926\n|teamsize|p1|6\n|teamsize|p2|6\n|start\n|switch|p1a: Iron Treads|Iron Treads|100/100\n|switch|p2a: Ninetales|Ninetales-Alola, F|100/100\n|-weather|Snowscape|[from] ability: Snow Warning|[of] p2a: Ninetales\n|turn|1\n|\n|t:|1771182938\n|move|p2a: Ninetales|Aurora Veil|p2a: Ninetales\n|-sidestart|p2: Crsiu|move: Aurora Veil\n|move|p1a: Iron Treads|Iron Head|p2a: Ninetales\n|-supereffective|p2a: Ninetales\n|-damage|p2a: Ninetales|43/100\n|\n|-weather|Snowscape|[upkeep]\n|upkeep\n|turn|2\n|\n|t:|1771182942\n|switch|p2a: Ursaluna|Ursaluna, F|100/100\n|move|p1a: Iron Treads|Stealth Rock|p2a: Ursaluna\n|-sidestart|p2: Crsiu|move: Stealth Rock\n|\n|-weather|Snowscape|[upkeep]\n|-status|p2a: Ursaluna|brn|[from] item: Flame Orb\n|upkeep\n|turn|3\n|\n|t:|1771182949\n|-end|p1a: Iron Treads|Quark Drive|[silent]\n|switch|p1a: Gyarados|Gyarados, M|100/100\n|-ability|p1a: Gyarados|Intimidate|boost\n|-unboost|p2a: Ursaluna|atk|1\n|move|p2a: Ursaluna|Facade|p1a: Gyarados\n|-damage|p1a: Gyarados|2/100\n|\n|-weather|Snowscape|[upkeep]\n|-damage|p2a: Ursaluna|94/100 brn|[from] brn\n|upkeep\n|turn|4\n|\n|t:|1771182956\n|switch|p2a: Iron Treads|Iron Treads|100/100\n|-damage|p2a: Iron Treads|97/100|[from] Stealth Rock\n|detailschange|p1a: Gyarados|Gyarados-Mega, M\n|-mega|p1a: Gyarados|Gyarados|Gyaradosite\n|-ability|p1a: Gyarados|Mold Breaker\n|move|p1a: Gyarados|Waterfall|p2a: Iron Treads\n|-supereffective|p2a: Iron Treads\n|-damage|p2a: Iron Treads|54/100\n|\n|-weather|Snowscape|[upkeep]\n|upkeep\n|turn|5\n|\n|t:|1771182961\n|switch|p1a: Ceruledge|Ceruledge, M|100/100\n|move|p2a: Iron Treads|Knock Off|p1a: Ceruledge\n|-supereffective|p1a: Ceruledge\n|-damage|p1a: Ceruledge|21/100\n|-ability|p1a: Ceruledge|Weak Armor|boost\n|-unboost|p1a: Ceruledge|def|1\n|-boost|p1a: Ceruledge|spe|2\n|-enditem|p1a: Ceruledge|Focus Sash|[from] move: Knock Off|[of] p2a: Iron Treads\n|\n|-weather|none\n|upkeep\n|turn|6\n|\n|t:|1771182966\n|move|p1a: Ceruledge|Bitter Blade|p2a: Iron Treads\n|-supereffective|p2a: Iron Treads\n|-damage|p2a: Iron Treads|11/100\n|-heal|p1a: Ceruledge|44/100|[from] drain|[of] p2a: Iron Treads\n|move|p2a: Iron Treads|Knock Off|p1a: Ceruledge\n|-supereffective|p1a: Ceruledge\n|-damage|p1a: Ceruledge|0 fnt\n|faint|p1a: Ceruledge\n|\n|upkeep\n|\n|t:|1771182977\n|switch|p1a: Iron Treads|Iron Treads|100/100\n|turn|7\n|\n|t:|1771182980\n|move|p2a: Iron Treads|Rapid Spin|p1a: Iron Treads\n|-resisted|p1a: Iron Treads\n|-damage|p1a: Iron Treads|93/100\n|-boost|p2a: Iron Treads|spe|1\n|-sideend|p2: Crsiu|Stealth Rock|[from] move: Rapid Spin|[of] p2a: Iron Treads\n|move|p1a: Iron Treads|Earthquake|p2a: Iron Treads\n|-supereffective|p2a: Iron Treads\n|-damage|p2a: Iron Treads|0 fnt\n|faint|p2a: Iron Treads\n|-end|p2a: Iron Treads|Quark Drive|[silent]\n|\n|upkeep\n|\n|t:|1771182990\n|switch|p2a: Blaziken|Blaziken, F, shiny|100/100\n|turn|8\n|\n|t:|1771182994\n|move|p1a: Iron Treads|Rapid Spin|p2a: Blaziken\n|-damage|p2a: Blaziken|88/100\n|-boost|p1a: Iron Treads|spe|1\n|move|p2a: Blaziken|Swords Dance|p2a: Blaziken\n|-boost|p2a: Blaziken|atk|2\n|\n|-sideend|p2: Crsiu|move: Aurora Veil\n|-ability|p2a: Blaziken|Speed Boost|boost\n|-boost|p2a: Blaziken|spe|1\n|upkeep\n|turn|9\n|\n|t:|1771182998\n|move|p2a: Blaziken|Endure|p2a: Blaziken\n|-singleturn|p2a: Blaziken|move: Endure\n|move|p1a: Iron Treads|Earthquake|p2a: Blaziken\n|-supereffective|p2a: Blaziken\n|-activate|p2a: Blaziken|move: Endure\n|-damage|p2a: Blaziken|1/100\n|\n|-ability|p2a: Blaziken|Speed Boost|boost\n|-boost|p2a: Blaziken|spe|1\n|upkeep\n|turn|10\n|\n|t:|1771183002\n|move|p2a: Blaziken|Reversal|p1a: Iron Treads\n|-supereffective|p1a: Iron Treads\n|-damage|p1a: Iron Treads|0 fnt\n|faint|p1a: Iron Treads\n|-end|p1a: Iron Treads|Quark Drive|[silent]\n|\n|-ability|p2a: Blaziken|Speed Boost|boost\n|-boost|p2a: Blaziken|spe|1\n|upkeep\n|\n|t:|1771183007\n|switch|p1a: Dragonite|Dragonite, M|100/100\n|turn|11\n|\n|t:|1771183011\n|switch|p2a: Tapu Lele|Tapu Lele|100/100\n|-fieldstart|move: Psychic Terrain|[from] ability: Psychic Surge|[of] p2a: Tapu Lele\n|move|p1a: Dragonite|Dragon Claw|p2a: Tapu Lele\n|-immune|p2a: Tapu Lele\n|\n|upkeep\n|turn|12\n|\n|t:|1771183017\n|move|p2a: Tapu Lele|Moonblast|p1a: Dragonite\n|-supereffective|p1a: Dragonite\n|-damage|p1a: Dragonite|52/100\n|move|p1a: Dragonite|Dragon Dance|p1a: Dragonite\n|-boost|p1a: Dragonite|atk|1\n|-boost|p1a: Dragonite|spe|1\n|\n|upkeep\n|turn|13\n|\n|t:|1771183023\n|move|p2a: Tapu Lele|Moonblast|p1a: Dragonite\n|-supereffective|p1a: Dragonite\n|-damage|p1a: Dragonite|0 fnt\n|faint|p1a: Dragonite\n|\n|upkeep\n|\n|t:|1771183028\n|switch|p1a: Serperior|Serperior, M|100/100\n|turn|14\n|\n|t:|1771183033\n|move|p2a: Tapu Lele|Moonblast|p1a: Serperior\n|-crit|p1a: Serperior\n|-damage|p1a: Serperior|15/100\n|-boost|p1a: Serperior|spa|1\n|move|p1a: Serperior|Glare|p2a: Tapu Lele\n|-status|p2a: Tapu Lele|par\n|\n|-heal|p1a: Serperior|21/100|[from] item: Leftovers\n|upkeep\n|turn|15\n|\n|t:|1771183042\n|move|p1a: Serperior|Leaf Storm|p2a: Tapu Lele\n|-damage|p2a: Tapu Lele|27/100 par\n|-boost|p1a: Serperior|spa|2\n|move|p2a: Tapu Lele|Moonblast|p1a: Serperior\n|-damage|p1a: Serperior|0 fnt\n|faint|p1a: Serperior\n|\n|-fieldend|move: Psychic Terrain\n|upkeep\n|\n|t:|1771183048\n|switch|p1a: Okidogi|Okidogi, M|100/100\n|turn|16\n|\n|t:|1771183052\n|move|p2a: Tapu Lele|Moonblast|p1a: Okidogi\n|-damage|p1a: Okidogi|53/100\n|move|p1a: Okidogi|Gunk Shot|p2a: Tapu Lele\n|-supereffective|p2a: Tapu Lele\n|-damage|p2a: Tapu Lele|0 fnt\n|faint|p2a: Tapu Lele\n|\n|-heal|p1a: Okidogi|59/100|[from] item: Black Sludge\n|upkeep\n|\n|t:|1771183061\n|switch|p2a: Ninetales|Ninetales-Alola, F|43/100\n|-weather|Snowscape|[from] ability: Snow Warning|[of] p2a: Ninetales\n|turn|17\n|\n|t:|1771183063\n|move|p2a: Ninetales|Aurora Veil|p2a: Ninetales\n|-sidestart|p2: Crsiu|move: Aurora Veil\n|move|p1a: Okidogi|Gunk Shot|p2a: Ninetales|[miss]\n|-miss|p1a: Okidogi|p2a: Ninetales\n|\n|-weather|Snowscape|[upkeep]\n|-heal|p1a: Okidogi|65/100|[from] item: Black Sludge\n|upkeep\n|turn|18\n|\n|t:|1771183070\n|move|p2a: Ninetales|Freeze-Dry|p1a: Okidogi\n|-damage|p1a: Okidogi|46/100\n|move|p1a: Okidogi|Gunk Shot|p2a: Ninetales\n|-supereffective|p2a: Ninetales\n|-damage|p2a: Ninetales|0 fnt\n|faint|p2a: Ninetales\n|\n|-weather|Snowscape|[upkeep]\n|-heal|p1a: Okidogi|52/100|[from] item: Black Sludge\n|upkeep\n|\n|t:|1771183076\n|switch|p2a: Raging Bolt|Raging Bolt|100/100\n|turn|19\n|\n|t:|1771183079\n|move|p1a: Okidogi|Gunk Shot|p2a: Raging Bolt\n|-damage|p2a: Raging Bolt|76/100\n|move|p2a: Raging Bolt|Thunderbolt|p1a: Okidogi\n|-damage|p1a: Okidogi|0 fnt\n|faint|p1a: Okidogi\n|\n|-weather|Snowscape|[upkeep]\n|upkeep\n|-message|he898 forfeited.\n|\n|win|Crsiu\n|raw|he898's rating: 1600 &rarr; <strong>1586</strong><br />(-14 for losing)\n|raw|Crsiu's rating: 1705 &rarr; <strong>1719</strong><br />(+14 for winning)\n|l|☆he898\n|player|p1|\n|l|☆Crsiu\n|player|p2|\n", "uploadtime": 1771183270, "views": 9, "formatid": "gen9nationaldex", "rating": 1586, "private": 0, "password": null}