{"id": "gen9nationaldex-2540370302", "format": "[Gen 9] National Dex", "players": ["greninjaaathegoat", "ezclapperez89"], "log": "|j|☆greninjaaathegoat\n|j|☆ezclapperez89\n|t:|1771193926\n|gametype|singles\n|player|p1|greninjaaathegoat|101|1566\n|player|p2|ezclapperez89|1|1497\n|gen|9\n|tier|[Gen 9] National Dex\n|rated|\n|rule|HP Percentage Mod: HP is shown in percentages\n|rule|Endless Battle Clause: Forcing endless battles is banned\n|rule|Species Clause: Limit one of each Pokémon\n|rule|OHKO Clause: OHKO moves are banned\n|rule|Evasion Clause: Evasion abilities, items, and moves are banned\n|rule|Evasion Abilities Clause: Evasion abilities are banned\n|rule|Evasion Items Clause: Evasion items are banned\n|rule|Evasion Moves Clause: Evasion moves are banned\n|rule|Sleep Clause Mod: Limit one foe put to sleep\n|rule|Terastal Clause: You cannot Terastallize\n|clearpoke\n|poke|p1|Grimmsnarl, M|\n|poke|p1|Quaquaval, M|\n|poke|p1|Iron Treads|\n|poke|p1|Thundurus-Therian, M|\n|poke|p1|Dragonite, M|\n|poke|p1|Ceruledge, F|\n|poke|p2|Rapidash-Galar, M|\n|poke|p2|Glastrier|\n|poke|p2|Mudsdale, F|\n|poke|p2|Zebstrika, F|\n|poke|p2|Keldeo-Resolute|\n|poke|p2|Cobalion|\n|teampreview\n|inactive|Battle timer is ON: inactive players will automatically lose when time's up. (requested by ezclapperez89)\n|c|☆greninjaaathegoat|love ur team\n|inactive|greninjaaathegoat has 120 seconds left.\n|\n|t:|1771193961\n|teamsize|p1|6\n|teamsize|p2|6\n|start\n|switch|p1a: Grimmsnarl|Grimmsnarl, M|100/100\n|switch|p2a: Rapidash|Rapidash-Galar, M|100/100\n|turn|1\n|c|☆ezclapperez89|Gl hf\n|\n|t:|1771193967\n|move|p1a: Grimmsnarl|Light Screen|p1a: Grimmsnarl\n|-sidestart|p1: greninjaaathegoat|move: Light Screen\n|move|p2a: Rapidash|Trick Room|p2a: Rapidash\n|-fieldstart|move: Trick Room|[of] p2a: Rapidash\n|\n|upkeep\n|turn|2\n|\n|t:|1771193972\n|switch|p2a: Glastrier|Glastrier|100/100\n|switch|p1a: Iron Treads|Iron Treads|100/100\n|-enditem|p1a: Iron Treads|Booster Energy\n|-activate|p1a: Iron Treads|ability: Quark Drive|[fromitem]\n|-start|p1a: Iron Treads|quarkdrivespe\n|\n|upkeep\n|turn|3\n|\n|t:|1771193979\n|move|p2a: Glastrier|Close Combat|p1a: Iron Treads\n|-supereffective|p1a: Iron Treads\n|-damage|p1a: Iron Treads|0 fnt\n|-unboost|p2a: Glastrier|def|1\n|-unboost|p2a: Glastrier|spd|1\n|faint|p1a: Iron Treads\n|-end|p1a: Iron Treads|Quark Drive|[silent]\n|-ability|p2a: Glastrier|Chilling Neigh|boost\n|-boost|p2a: Glastrier|atk|1\n|\n|upkeep\n|inactive|greninjaaathegoat has 120 seconds left.\n|\n|t:|1771194010\n|switch|p1a: Ceruledge|Ceruledge, F|100/100\n|turn|4\n|\n|t:|1771194024\n|switch|p2a: Mudsdale|Mudsdale, F|100/100\n|move|p1a: Ceruledge|Swords Dance|p1a: Ceruledge\n|-boost|p1a: Ceruledge|atk|2\n|\n|upkeep\n|turn|5\n|\n|t:|1771194034\n|switch|p1a: Dragonite|Dragonite, M|100/100\n|move|p2a: Mudsdale|Iron Defense|p2a: Mudsdale\n|-boost|p2a: Mudsdale|def|2\n|\n|-fieldend|move: Trick Room\n|upkeep\n|turn|6\n|\n|t:|1771194047\n|switch|p1a: Thundurus|Thundurus-Therian, M|100/100\n|switch|p2a: Rapidash|Rapidash-Galar, M|100/100\n|\n|upkeep\n|turn|7\n|\n|t:|1771194055\n|move|p1a: Thundurus|Thunderbolt|p2a: Rapidash\n|-damage|p2a: Rapidash|43/100\n|-status|p2a: Rapidash|par\n|move|p2a: Rapidash|Trick Room|p2a: Rapidash\n|-fieldstart|move: Trick Room|[of] p2a: Rapidash\n|\n|upkeep\n|turn|8\n|\n|t:|1771194069\n|switch|p2a: Glastrier|Glastrier|100/100\n|move|p1a: Thundurus|Thunderbolt|p2a: Glastrier\n|-damage|p2a: Glastrier|63/100\n|\n|-sideend|p1: greninjaaathegoat|move: Light Screen\n|upkeep\n|turn|9\n|\n|t:|1771194083\n|move|p2a: Glastrier|Icicle Crash|p1a: Thundurus\n|-supereffective|p1a: Thundurus\n|-damage|p1a: Thundurus|0 fnt\n|faint|p1a: Thundurus\n|-ability|p2a: Glastrier|Chilling Neigh|boost\n|-boost|p2a: Glastrier|atk|1\n|\n|upkeep\n|\n|t:|1771194089\n|switch|p1a: Quaquaval|Quaquaval, M|100/100\n|turn|10\n|\n|t:|1771194094\n|move|p2a: Glastrier|Icicle Crash|p1a: Quaquaval\n|-resisted|p1a: Quaquaval\n|-damage|p1a: Quaquaval|18/100\n|move|p1a: Quaquaval|Close Combat|p2a: Glastrier\n|-supereffective|p2a: Glastrier\n|-damage|p2a: Glastrier|0 fnt\n|-unboost|p1a: Quaquaval|def|1\n|-unboost|p1a: Quaquaval|spd|1\n|faint|p2a: Glastrier\n|-ability|p1a: Quaquaval|Moxie|boost\n|-boost|p1a: Quaquaval|atk|1\n|\n|upkeep\n|\n|t:|1771194099\n|switch|p2a: Mudsdale|Mudsdale, F|100/100\n|turn|11\n|\n|t:|1771194110\n|move|p2a: Mudsdale|Body Press|p1a: Quaquaval\n|-damage|p1a: Quaquaval|0 fnt\n|faint|p1a: Quaquaval\n|\n|-fieldend|move: Trick Room\n|upkeep\n|\n|t:|1771194114\n|switch|p1a: Grimmsnarl|Grimmsnarl, M|100/100\n|turn|12\n|\n|t:|1771194118\n|switch|p2a: Rapidash|Rapidash-Galar, M|43/100 par\n|move|p1a: Grimmsnarl|Taunt|p2a: Rapidash\n|-start|p2a: Rapidash|move: Taunt\n|\n|upkeep\n|turn|13\n|\n|t:|1771194126\n|switch|p2a: Cobalion|Cobalion|100/100\n|move|p1a: Grimmsnarl|Light Screen|p1a: Grimmsnarl\n|-sidestart|p1: greninjaaathegoat|move: Light Screen\n|\n|upkeep\n|turn|14\n|\n|t:|1771194131\n|move|p1a: Grimmsnarl|Reflect|p1a: Grimmsnarl\n|-sidestart|p1: greninjaaathegoat|Reflect\n|move|p2a: Cobalion|Swords Dance|p2a: Cobalion\n|-boost|p2a: Cobalion|atk|2\n|\n|upkeep\n|turn|15\n|\n|t:|1771194135\n|move|p2a: Cobalion|Swords Dance|p2a: Cobalion\n|-boost|p2a: Cobalion|atk|2\n|move|p1a: Grimmsnarl|Low Kick|p2a: Cobalion\n|-supereffective|p2a: Cobalion\n|-damage|p2a: Cobalion|29/100\n|\n|upkeep\n|turn|16\n|\n|t:|1771194140\n|move|p2a: Cobalion|Close Combat|p1a: Grimmsnarl\n|-damage|p1a: Grimmsnarl|0 fnt\n|-unboost|p2a: Cobalion|def|1\n|-unboost|p2a: Cobalion|spd|1\n|faint|p1a: Grimmsnarl\n|\n|upkeep\n|inactive|greninjaaathegoat has 120 seconds left.\n|\n|t:|1771194177\n|switch|p1a: Ceruledge|Ceruledge, F|100/100\n|turn|17\n|\n|t:|1771194181\n|move|p1a: Ceruledge|Shadow Sneak|p2a: Cobalion\n|-damage|p2a: Cobalion|2/100\n|-zpower|p2a: Cobalion\n|move|p2a: Cobalion|Continental Crush|p1a: Ceruledge|[zeffect]\n|-supereffective|p1a: Ceruledge\n|-damage|p1a: Ceruledge|0 fnt\n|faint|p1a: Ceruledge\n|\n|upkeep\n|\n|t:|1771194184\n|switch|p1a: Dragonite|Dragonite, M|100/100\n|turn|18\n|\n|t:|1771194190\n|move|p1a: Dragonite|Extreme Speed|p2a: Cobalion\n|-resisted|p2a: Cobalion\n|-damage|p2a: Cobalion|0 fnt\n|faint|p2a: Cobalion\n|\n|upkeep\n|\n|t:|1771194209\n|switch|p2a: Mudsdale|Mudsdale, F|100/100\n|turn|19\n|\n|t:|1771194214\n|move|p1a: Dragonite|Dragon Dance|p1a: Dragonite\n|-boost|p1a: Dragonite|atk|1\n|-boost|p1a: Dragonite|spe|1\n|move|p2a: Mudsdale|Iron Defense|p2a: Mudsdale\n|-boost|p2a: Mudsdale|def|2\n|\n|upkeep\n|turn|20\n|\n|t:|1771194217\n|move|p1a: Dragonite|Dragon Dance|p1a: Dragonite\n|-boost|p1a: Dragonite|atk|1\n|-boost|p1a: Dragonite|spe|1\n|move|p2a: Mudsdale|Iron Defense|p2a: Mudsdale\n|-boost|p2a: Mudsdale|def|2\n|\n|-sideend|p1: greninjaaathegoat|move: Light Screen\n|upkeep\n|turn|21\n|\n|t:|1771194222\n|move|p1a: Dragonite|Dragon Dance|p1a: Dragonite\n|-boost|p1a: Dragonite|atk|1\n|-boost|p1a: Dragonite|spe|1\n|move|p2a: Mudsdale|Iron Defense|p2a: Mudsdale\n|-boost|p2a: Mudsdale|def|2\n|\n|-sideend|p1: greninjaaathegoat|Reflect\n|upkeep\n|turn|22\n|\n|t:|1771194227\n|move|p1a: Dragonite|Ice Spinner|p2a: Mudsdale\n|-supereffective|p2a: Mudsdale\n|-damage|p2a: Mudsdale|77/100\n|move|p2a: Mudsdale|Body Press|p1a: Dragonite\n|-resisted|p1a: Dragonite\n|-crit|p1a: Dragonite\n|-damage|p1a: Dragonite|58/100\n|\n|-heal|p2a: Mudsdale|83/100|[from] item: Leftovers\n|upkeep\n|turn|23\n|\n|t:|1771194230\n|move|p1a: Dragonite|Ice Spinner|p2a: Mudsdale\n|-supereffective|p2a: Mudsdale\n|-damage|p2a: Mudsdale|62/100\n|move|p2a: Mudsdale|Body Press|p1a: Dragonite\n|-resisted|p1a: Dragonite\n|-damage|p1a: Dragonite|0 fnt\n|faint|p1a: Dragonite\n|\n|win|ezclapperez89\n|raw|greninjaaathegoat's rating: 1566 &rarr; <strong>1542</strong><br />(-24 for losing)\n|raw|ezclapperez89's rating: 1497 &rarr; <strong>1521</strong><br />(+24 for winning)\n|l|☆greninjaaathegoat\n|player|p1|\n|c|☆ezclapperez89|Ggs\n|l|☆ezclapperez89\n|player|p2|\n", "uploadtime": 1771194242, "views": 55, "formatid": "gen9nationaldex", "rating": 1521, "private": 0, "password": null}