{"id": "gen9nationaldex-2540588297", "format": "[Gen 9] National Dex", "players": ["AyyOmega", "Crsiu"], "log": "|j|☆AyyOmega\n|j|☆Crsiu\n|t:|1771222698\n|gametype|singles\n|player|p1|AyyOmega|102|1700\n|player|p2|Crsiu|n|1598\n|gen|9\n|tier|[Gen 9] National Dex\n|rated|\n|rule|HP Percentage Mod: HP is shown in percentages\n|rule|Endless Battle Clause: Forcing endless battles is banned\n|rule|Species Clause: Limit one of each Pokémon\n|rule|OHKO Clause: OHKO moves are banned\n|rule|Evasion Clause: Evasion abilities, items, and moves are banned\n|rule|Evasion Abilities Clause: Evasion abilities are banned\n|rule|Evasion Items Clause: Evasion items are banned\n|rule|Evasion Moves Clause: Evasion moves are banned\n|rule|Sleep Clause Mod: Limit one foe put to sleep\n|rule|Terastal Clause: You cannot Terastallize\n|clearpoke\n|poke|p1|Tapu Koko|\n|poke|p1|Iron Valiant|\n|poke|p1|Tyranitar, F|\n|poke|p1|Zapdos|\n|poke|p1|Alomomola, M|\n|poke|p1|Garchomp, M|\n|poke|p2|Blaziken, M|\n|poke|p2|Rillaboom, F|\n|poke|p2|Pinsir, F|\n|poke|p2|Raging Bolt|\n|poke|p2|Hatterene, F|\n|poke|p2|Alomomola, M|\n|teampreview\n|inactive|Battle timer is ON: inactive players will automatically lose when time's up. (requested by Crsiu)\n|inactive|Crsiu has 120 seconds left.\n|\n|t:|1771222739\n|teamsize|p1|6\n|teamsize|p2|6\n|start\n|switch|p1a: Iron Valiant|Iron Valiant|100/100\n|switch|p2a: Raging Bolt|Raging Bolt|100/100\n|turn|1\n|\n|t:|1771222754\n|-end|p2a: Raging Bolt|Protosynthesis|[silent]\n|switch|p2a: Hatterene|Hatterene, F|100/100\n|move|p1a: Iron Valiant|Moonblast|p2a: Hatterene\n|-damage|p2a: Hatterene|64/100\n|\n|upkeep\n|turn|2\n|inactive|AyyOmega has 120 seconds left.\n|\n|t:|1771222803\n|-end|p1a: Iron Valiant|Quark Drive|[silent]\n|switch|p1a: Alomomola|Alomomola, M|100/100\n|move|p2a: Hatterene|Psychic Noise|p1a: Alomomola\n|-damage|p1a: Alomomola|82/100\n|-start|p1a: Alomomola|move: Heal Block\n|\n|upkeep\n|turn|3\n|\n|t:|1771222808\n|move|p1a: Alomomola|Flip Turn|p2a: Hatterene\n|-damage|p2a: Hatterene|44/100\n|\n|t:|1771222810\n|switch|p1a: Tyranitar|Tyranitar, F|100/100|[from] Flip Turn\n|-weather|Sandstorm|[from] ability: Sand Stream|[of] p1a: Tyranitar\n|move|p2a: Hatterene|Nuzzle|p1a: Tyranitar\n|-damage|p1a: Tyranitar|97/100\n|-status|p1a: Tyranitar|par\n|\n|-weather|Sandstorm|[upkeep]\n|-damage|p2a: Hatterene|38/100|[from] Sandstorm\n|upkeep\n|turn|4\n|\n|t:|1771222815\n|detailschange|p1a: Tyranitar|Tyranitar-Mega, F\n|-mega|p1a: Tyranitar|Tyranitar|Tyranitarite\n|move|p1a: Tyranitar|Pursuit|p2a: Hatterene\n|-damage|p2a: Hatterene|9/100\n|move|p2a: Hatterene|Draining Kiss|p1a: Tyranitar\n|-supereffective|p1a: Tyranitar\n|-damage|p1a: Tyranitar|74/100 par\n|-heal|p2a: Hatterene|29/100|[from] drain|[of] p1a: Tyranitar\n|\n|-weather|Sandstorm|[upkeep]\n|-damage|p2a: Hatterene|23/100|[from] Sandstorm\n|upkeep\n|turn|5\n|\n|t:|1771222822\n|switch|p2a: Alomomola|Alomomola, M|100/100\n|move|p1a: Tyranitar|Knock Off|p2a: Alomomola\n|-damage|p2a: Alomomola|64/100\n|-damage|p1a: Tyranitar|58/100 par|[from] item: Rocky Helmet|[of] p2a: Alomomola\n|-enditem|p2a: Alomomola|Rocky Helmet|[from] move: Knock Off|[of] p1a: Tyranitar\n|\n|-weather|Sandstorm|[upkeep]\n|-damage|p2a: Alomomola|58/100|[from] Sandstorm\n|upkeep\n|turn|6\n|\n|t:|1771222828\n|switch|p1a: Zapdos|Zapdos|100/100\n|move|p2a: Alomomola|Wish|p2a: Alomomola\n|\n|-weather|Sandstorm|[upkeep]\n|-damage|p1a: Zapdos|94/100|[from] Sandstorm\n|-damage|p2a: Alomomola|51/100|[from] Sandstorm\n|upkeep\n|turn|7\n|\n|t:|1771222834\n|switch|p2a: Hatterene|Hatterene, F|23/100\n|move|p1a: Zapdos|Volt Switch|p2a: Hatterene\n|-damage|p2a: Hatterene|8/100\n|\n|t:|1771222839\n|switch|p1a: Tapu Koko|Tapu Koko|100/100|[from] Volt Switch\n|-fieldstart|move: Electric Terrain|[from] ability: Electric Surge|[of] p1a: Tapu Koko\n|\n|-weather|none\n|-heal|p2a: Hatterene|92/100|[from] move: Wish|[wisher] Alomomola\n|upkeep\n|turn|8\n|\n|t:|1771222852\n|move|p1a: Tapu Koko|U-turn|p2a: Hatterene\n|-damage|p2a: Hatterene|74/100\n|\n|t:|1771222855\n|switch|p1a: Tyranitar|Tyranitar-Mega, F|58/100 par|[from] U-turn\n|-weather|Sandstorm|[from] ability: Sand Stream|[of] p1a: Tyranitar\n|move|p2a: Hatterene|Psychic Noise|p1a: Tyranitar\n|-immune|p1a: Tyranitar\n|\n|-weather|Sandstorm|[upkeep]\n|-damage|p2a: Hatterene|68/100|[from] Sandstorm\n|upkeep\n|turn|9\n|\n|t:|1771222859\n|cant|p1a: Tyranitar|par\n|move|p2a: Hatterene|Draining Kiss|p1a: Tyranitar\n|-supereffective|p1a: Tyranitar\n|-damage|p1a: Tyranitar|31/100 par\n|-heal|p2a: Hatterene|92/100|[from] drain|[of] p1a: Tyranitar\n|\n|-weather|Sandstorm|[upkeep]\n|-damage|p2a: Hatterene|86/100|[from] Sandstorm\n|upkeep\n|turn|10\n|\n|t:|1771222862\n|switch|p2a: Alomomola|Alomomola, M|85/100\n|move|p1a: Tyranitar|Knock Off|p2a: Alomomola\n|-damage|p2a: Alomomola|61/100\n|\n|-weather|Sandstorm|[upkeep]\n|-damage|p2a: Alomomola|54/100|[from] Sandstorm\n|upkeep\n|turn|11\n|\n|t:|1771222865\n|switch|p1a: Zapdos|Zapdos|94/100\n|move|p2a: Alomomola|Flip Turn|p1a: Zapdos\n|-damage|p1a: Zapdos|83/100\n|\n|t:|1771222868\n|switch|p2a: Raging Bolt|Raging Bolt|100/100|[from] Flip Turn\n|\n|-weather|Sandstorm|[upkeep]\n|-damage|p1a: Zapdos|77/100|[from] Sandstorm\n|-damage|p2a: Raging Bolt|94/100|[from] Sandstorm\n|-fieldend|move: Electric Terrain\n|upkeep\n|turn|12\n|\n|t:|1771222873\n|move|p1a: Zapdos|Volt Switch|p2a: Raging Bolt\n|-resisted|p2a: Raging Bolt\n|-damage|p2a: Raging Bolt|89/100\n|\n|t:|1771222877\n|switch|p1a: Garchomp|Garchomp, M|100/100|[from] Volt Switch\n|move|p2a: Raging Bolt|Volt Switch|p1a: Garchomp\n|-immune|p1a: Garchomp\n|\n|-weather|none\n|upkeep\n|turn|13\n|\n|t:|1771222886\n|switch|p1a: Tapu Koko|Tapu Koko|100/100\n|-fieldstart|move: Electric Terrain|[from] ability: Electric Surge|[of] p1a: Tapu Koko\n|-end|p2a: Raging Bolt|Protosynthesis|[silent]\n|switch|p2a: Alomomola|Alomomola, M|88/100\n|\n|upkeep\n|turn|14\n|\n|t:|1771222891\n|move|p2a: Alomomola|Protect|p2a: Alomomola\n|-singleturn|p2a: Alomomola|Protect\n|-zpower|p1a: Tapu Koko\n|move|p1a: Tapu Koko|Gigavolt Havoc|p2a: Alomomola|[zeffect]\n|-supereffective|p2a: Alomomola\n|-zbroken|p2a: Alomomola\n|-damage|p2a: Alomomola|30/100\n|\n|upkeep\n|turn|15\n|\n|t:|1771222900\n|switch|p2a: Rillaboom|Rillaboom, F|100/100\n|-fieldstart|move: Grassy Terrain|[from] ability: Grassy Surge|[of] p2a: Rillaboom\n|move|p1a: Tapu Koko|U-turn|p2a: Rillaboom\n|-supereffective|p2a: Rillaboom\n|-damage|p2a: Rillaboom|65/100\n|\n|t:|1771222904\n|switch|p1a: Iron Valiant|Iron Valiant|100/100|[from] U-turn\n|\n|-heal|p2a: Rillaboom|71/100|[from] Grassy Terrain\n|upkeep\n|turn|16\n|\n|t:|1771222908\n|switch|p2a: Hatterene|Hatterene, F|86/100\n|move|p1a: Iron Valiant|Moonblast|p2a: Hatterene\n|-damage|p2a: Hatterene|45/100\n|-unboost|p2a: Hatterene|spa|1\n|\n|-heal|p2a: Hatterene|51/100|[from] Grassy Terrain\n|upkeep\n|turn|17\n|\n|t:|1771222919\n|-end|p1a: Iron Valiant|Quark Drive|[silent]\n|switch|p1a: Alomomola|Alomomola, M|100/100\n|move|p2a: Hatterene|Draining Kiss|p1a: Alomomola\n|-damage|p1a: Alomomola|91/100\n|-heal|p2a: Hatterene|61/100|[from] drain|[of] p1a: Alomomola\n|\n|-heal|p1a: Alomomola|98/100|[from] Grassy Terrain\n|-heal|p2a: Hatterene|67/100|[from] Grassy Terrain\n|upkeep\n|turn|18\n|\n|t:|1771222924\n|move|p1a: Alomomola|Flip Turn|p2a: Hatterene\n|-damage|p2a: Hatterene|48/100\n|\n|t:|1771222928\n|switch|p1a: Tapu Koko|Tapu Koko|100/100|[from] Flip Turn\n|-fieldstart|move: Electric Terrain|[from] ability: Electric Surge|[of] p1a: Tapu Koko\n|move|p2a: Hatterene|Draining Kiss|p1a: Tapu Koko\n|-damage|p1a: Tapu Koko|77/100\n|-heal|p2a: Hatterene|64/100|[from] drain|[of] p1a: Tapu Koko\n|\n|upkeep\n|turn|19\n|\n|t:|1771222933\n|move|p1a: Tapu Koko|U-turn|p2a: Hatterene\n|-damage|p2a: Hatterene|46/100\n|\n|t:|1771222936\n|switch|p1a: Alomomola|Alomomola, M|100/100|[from] U-turn\n|move|p2a: Hatterene|Nuzzle|p1a: Alomomola\n|-supereffective|p1a: Alomomola\n|-damage|p1a: Alomomola|94/100\n|-status|p1a: Alomomola|par\n|\n|upkeep\n|turn|20\n|\n|t:|1771222943\n|move|p2a: Hatterene|Draining Kiss|p1a: Alomomola\n|-damage|p1a: Alomomola|86/100 par\n|-heal|p2a: Hatterene|55/100|[from] drain|[of] p1a: Alomomola\n|move|p1a: Alomomola|Mirror Coat|p2a: Hatterene\n|-damage|p2a: Hatterene|32/100\n|\n|upkeep\n|turn|21\n|\n|t:|1771222947\n|switch|p2a: Alomomola|Alomomola, M|64/100\n|cant|p1a: Alomomola|par\n|\n|upkeep\n|turn|22\n|\n|t:|1771222951\n|move|p2a: Alomomola|Wish|p2a: Alomomola\n|move|p1a: Alomomola|Flip Turn|p2a: Alomomola\n|-resisted|p2a: Alomomola\n|-damage|p2a: Alomomola|59/100\n|\n|t:|1771222955\n|switch|p1a: Iron Valiant|Iron Valiant|100/100|[from] Flip Turn\n|-activate|p1a: Iron Valiant|ability: Quark Drive\n|-start|p1a: Iron Valiant|quarkdrivespa\n|\n|-fieldend|move: Electric Terrain\n|-end|p1a: Iron Valiant|Quark Drive\n|upkeep\n|turn|23\n|\n|t:|1771222962\n|move|p2a: Alomomola|Protect|p2a: Alomomola\n|-singleturn|p2a: Alomomola|Protect\n|move|p1a: Iron Valiant|Moonblast|p2a: Alomomola\n|-activate|p2a: Alomomola|move: Protect\n|\n|-heal|p2a: Alomomola|100/100|[from] move: Wish|[wisher] Alomomola\n|upkeep\n|turn|24\n|\n|t:|1771222968\n|move|p1a: Iron Valiant|Moonblast|p2a: Alomomola\n|-damage|p2a: Alomomola|11/100\n|move|p2a: Alomomola|Toxic|p1a: Iron Valiant\n|-status|p1a: Iron Valiant|tox\n|\n|-damage|p1a: Iron Valiant|94/100 tox|[from] psn\n|upkeep\n|turn|25\n|\n|t:|1771222974\n|-end|p1a: Iron Valiant|Quark Drive|[silent]\n|switch|p1a: Tapu Koko|Tapu Koko|77/100\n|-fieldstart|move: Electric Terrain|[from] ability: Electric Surge|[of] p1a: Tapu Koko\n|move|p2a: Alomomola|Protect||[still]\n|-fail|p2a: Alomomola\n|\n|upkeep\n|turn|26\n|\n|t:|1771222981\n|move|p2a: Alomomola|Protect|p2a: Alomomola\n|-singleturn|p2a: Alomomola|Protect\n|move|p1a: Tapu Koko|Thunderbolt|p2a: Alomomola\n|-activate|p2a: Alomomola|move: Protect\n|\n|upkeep\n|turn|27\n|\n|t:|1771222986\n|switch|p2a: Hatterene|Hatterene, F|32/100\n|move|p1a: Tapu Koko|U-turn|p2a: Hatterene\n|-damage|p2a: Hatterene|13/100\n|\n|t:|1771222991\n|switch|p1a: Iron Valiant|Iron Valiant|94/100 tox|[from] U-turn\n|-activate|p1a: Iron Valiant|ability: Quark Drive\n|-start|p1a: Iron Valiant|quarkdrivespa\n|\n|-damage|p1a: Iron Valiant|88/100 tox|[from] psn\n|upkeep\n|turn|28\n|\n|t:|1771223000\n|move|p1a: Iron Valiant|Moonblast|p2a: Hatterene\n|-damage|p2a: Hatterene|0 fnt\n|faint|p2a: Hatterene\n|\n|-damage|p1a: Iron Valiant|76/100 tox|[from] psn\n|upkeep\n|\n|t:|1771223004\n|switch|p2a: Rillaboom|Rillaboom, F|71/100\n|-fieldstart|move: Grassy Terrain|[from] ability: Grassy Surge|[of] p2a: Rillaboom\n|-end|p1a: Iron Valiant|Quark Drive\n|turn|29\n|\n|t:|1771223011\n|-end|p1a: Iron Valiant|Quark Drive|[silent]\n|switch|p1a: Zapdos|Zapdos|77/100\n|move|p2a: Rillaboom|Grassy Glide|p1a: Zapdos\n|-resisted|p1a: Zapdos\n|-damage|p1a: Zapdos|62/100\n|\n|-heal|p2a: Rillaboom|77/100|[from] Grassy Terrain\n|upkeep\n|turn|30\n|\n|t:|1771223016\n|switch|p2a: Raging Bolt|Raging Bolt|89/100\n|move|p1a: Zapdos|Roost|p1a: Zapdos\n|-heal|p1a: Zapdos|100/100\n|-singleturn|p1a: Zapdos|move: Roost\n|\n|-heal|p2a: Raging Bolt|95/100|[from] Grassy Terrain\n|upkeep\n|turn|31\n|\n|t:|1771223023\n|move|p1a: Zapdos|Volt Switch|p2a: Raging Bolt\n|-resisted|p2a: Raging Bolt\n|-damage|p2a: Raging Bolt|89/100\n|\n|t:|1771223025\n|switch|p1a: Tapu Koko|Tapu Koko|77/100|[from] Volt Switch\n|-fieldstart|move: Electric Terrain|[from] ability: Electric Surge|[of] p1a: Tapu Koko\n|move|p2a: Raging Bolt|Volt Switch|p1a: Tapu Koko\n|-resisted|p1a: Tapu Koko\n|-damage|p1a: Tapu Koko|16/100\n|\n|t:|1771223029\n|-end|p2a: Raging Bolt|Protosynthesis|[silent]\n|switch|p2a: Rillaboom|Rillaboom, F|77/100|[from] Volt Switch\n|-fieldstart|move: Grassy Terrain|[from] ability: Grassy Surge|[of] p2a: Rillaboom\n|\n|-heal|p1a: Tapu Koko|22/100|[from] Grassy Terrain\n|-heal|p2a: Rillaboom|83/100|[from] Grassy Terrain\n|upkeep\n|turn|32\n|\n|t:|1771223032\n|switch|p1a: Zapdos|Zapdos|100/100\n|move|p2a: Rillaboom|Knock Off|p1a: Zapdos\n|-damage|p1a: Zapdos|75/100\n|-enditem|p1a: Zapdos|Heavy-Duty Boots|[from] move: Knock Off|[of] p2a: Rillaboom\n|\n|-heal|p2a: Rillaboom|89/100|[from] Grassy Terrain\n|upkeep\n|turn|33\n|\n|t:|1771223038\n|switch|p2a: Raging Bolt|Raging Bolt|89/100\n|move|p1a: Zapdos|Volt Switch|p2a: Raging Bolt\n|-resisted|p2a: Raging Bolt\n|-damage|p2a: Raging Bolt|83/100\n|\n|t:|1771223043\n|switch|p1a: Iron Valiant|Iron Valiant|76/100 tox|[from] Volt Switch\n|\n|-heal|p1a: Iron Valiant|82/100 tox|[from] Grassy Terrain\n|-heal|p2a: Raging Bolt|89/100|[from] Grassy Terrain\n|-damage|p1a: Iron Valiant|76/100 tox|[from] psn\n|upkeep\n|turn|34\n|\n|t:|1771223047\n|move|p2a: Raging Bolt|Thunderclap|p1a: Iron Valiant\n|-damage|p1a: Iron Valiant|0 fnt\n|faint|p1a: Iron Valiant\n|-end|p1a: Iron Valiant|Quark Drive|[silent]\n|\n|-heal|p2a: Raging Bolt|95/100|[from] Grassy Terrain\n|upkeep\n|\n|t:|1771223054\n|switch|p1a: Garchomp|Garchomp, M|100/100\n|turn|35\n|\n|t:|1771223059\n|-end|p2a: Raging Bolt|Protosynthesis|[silent]\n|switch|p2a: Rillaboom|Rillaboom, F|89/100\n|move|p1a: Garchomp|Dragon Tail|p2a: Rillaboom\n|-damage|p2a: Rillaboom|60/100\n|drag|p2a: Pinsir|Pinsir, F|100/100\n|\n|-fieldend|move: Grassy Terrain\n|upkeep\n|turn|36\n|j| corvipelon\n|\n|t:|1771223074\n|detailschange|p2a: Pinsir|Pinsir-Mega, F\n|-mega|p2a: Pinsir|Pinsir|Pinsirite\n|move|p2a: Pinsir|Swords Dance|p2a: Pinsir\n|-boost|p2a: Pinsir|atk|2\n|move|p1a: Garchomp|Toxic|p2a: Pinsir\n|-status|p2a: Pinsir|tox\n|\n|-damage|p2a: Pinsir|94/100 tox|[from] psn\n|upkeep\n|turn|37\n|\n|t:|1771223084\n|move|p2a: Pinsir|Return|p1a: Garchomp\n|-damage|p1a: Garchomp|0 fnt\n|-damage|p2a: Pinsir|82/100 tox|[from] ability: Rough Skin|[of] p1a: Garchomp\n|-damage|p2a: Pinsir|65/100 tox|[from] item: Rocky Helmet|[of] p1a: Garchomp\n|faint|p1a: Garchomp\n|\n|-damage|p2a: Pinsir|53/100 tox|[from] psn\n|upkeep\n|\n|t:|1771223087\n|switch|p1a: Zapdos|Zapdos|75/100\n|turn|38\n|\n|t:|1771223091\n|move|p2a: Pinsir|Return|p1a: Zapdos\n|-resisted|p1a: Zapdos\n|-damage|p1a: Zapdos|17/100\n|move|p1a: Zapdos|Volt Switch|p2a: Pinsir\n|-supereffective|p2a: Pinsir\n|-damage|p2a: Pinsir|0 fnt\n|faint|p2a: Pinsir\n|detailschange|p2: Pinsir|Pinsir, F|[silent]\n|\n|t:|1771223098\n|switch|p1a: Tyranitar|Tyranitar-Mega, F|31/100 par|[from] Volt Switch\n|-weather|Sandstorm|[from] ability: Sand Stream|[of] p1a: Tyranitar\n|\n|-weather|Sandstorm|[upkeep]\n|upkeep\n|\n|t:|1771223104\n|switch|p2a: Alomomola|Alomomola, M|44/100\n|turn|39\n|\n|t:|1771223113\n|move|p2a: Alomomola|Flip Turn|p1a: Tyranitar\n|-supereffective|p1a: Tyranitar\n|-damage|p1a: Tyranitar|9/100 par\n|-activate|p2a: Alomomola|move: Pursuit\n|cant|p1a: Tyranitar|par\n|\n|t:|1771223121\n|switch|p2a: Raging Bolt|Raging Bolt|95/100|[from] Flip Turn\n|\n|-weather|Sandstorm|[upkeep]\n|-damage|p2a: Raging Bolt|89/100|[from] Sandstorm\n|upkeep\n|turn|40\n|\n|t:|1771223129\n|move|p2a: Raging Bolt|Volt Switch|p1a: Tyranitar\n|-damage|p1a: Tyranitar|0 fnt\n|faint|p1a: Tyranitar\n|detailschange|p1: Tyranitar|Tyranitar, F|[silent]\n|\n|t:|1771223141\n|-end|p2a: Raging Bolt|Protosynthesis|[silent]\n|switch|p2a: Blaziken|Blaziken, M, shiny|100/100|[from] Volt Switch\n|\n|-weather|Sandstorm|[upkeep]\n|-damage|p2a: Blaziken|95/100|[from] Sandstorm\n|-heal|p2a: Blaziken|100/100|[from] item: Leftovers\n|upkeep\n|\n|t:|1771223144\n|switch|p1a: Zapdos|Zapdos|17/100\n|turn|41\n|\n|t:|1771223148\n|move|p2a: Blaziken|Flare Blitz|p1a: Zapdos\n|-damage|p1a: Zapdos|0 fnt\n|-status|p2a: Blaziken|par|[from] ability: Static|[of] p1a: Zapdos\n|faint|p1a: Zapdos\n|-damage|p2a: Blaziken|94/100 par|[from] Recoil\n|\n|-weather|Sandstorm|[upkeep]\n|-damage|p2a: Blaziken|88/100 par|[from] Sandstorm\n|-heal|p2a: Blaziken|94/100 par|[from] item: Leftovers\n|-ability|p2a: Blaziken|Speed Boost|boost\n|-boost|p2a: Blaziken|spe|1\n|upkeep\n|\n|t:|1771223152\n|switch|p1a: Tapu Koko|Tapu Koko|22/100\n|-fieldstart|move: Electric Terrain|[from] ability: Electric Surge|[of] p1a: Tapu Koko\n|turn|42\n|\n|t:|1771223157\n|cant|p2a: Blaziken|par\n|move|p1a: Tapu Koko|Dazzling Gleam|p2a: Blaziken\n|-damage|p2a: Blaziken|47/100 par\n|\n|-weather|none\n|-heal|p2a: Blaziken|52/100 par|[from] item: Leftovers\n|-ability|p2a: Blaziken|Speed Boost|boost\n|-boost|p2a: Blaziken|spe|1\n|upkeep\n|turn|43\n|\n|t:|1771223161\n|cant|p2a: Blaziken|par\n|move|p1a: Tapu Koko|Dazzling Gleam|p2a: Blaziken\n|-damage|p2a: Blaziken|0 fnt\n|faint|p2a: Blaziken\n|\n|upkeep\n|c|☆Crsiu|666\n|\n|t:|1771223169\n|switch|p2a: Rillaboom|Rillaboom, F|60/100\n|-fieldstart|move: Grassy Terrain|[from] ability: Grassy Surge|[of] p2a: Rillaboom\n|turn|44\n|\n|t:|1771223198\n|move|p2a: Rillaboom|Grassy Glide|p1a: Tapu Koko\n|-damage|p1a: Tapu Koko|0 fnt\n|faint|p1a: Tapu Koko\n|\n|-heal|p2a: Rillaboom|66/100|[from] Grassy Terrain\n|upkeep\n|-message|AyyOmega forfeited.\n|\n|win|Crsiu\n|raw|AyyOmega's rating: 1700 &rarr; <strong>1674</strong><br />(-26 for losing)\n|raw|Crsiu's rating: 1598 &rarr; <strong>1624</strong><br />(+26 for winning)\n|l|☆AyyOmega\n|player|p1|\n|l|☆Crsiu\n|player|p2|\n", "uploadtime": 1771223375, "views": 7, "formatid": "gen9nationaldex", "rating": 1624, "private": 0, "password": null}