{"id": "gen9nationaldex-2540531704", "format": "[Gen 9] National Dex", "players": ["dragon god111龙王", "InvinIsAClown"], "log": "|j|☆dragon god111龙王\n|j|☆InvinIsAClown\n|t:|1771213931\n|gametype|singles\n|player|p1|dragon god111龙王|pokemaniac|1538\n|player|p2|InvinIsAClown|fisherman|1687\n|gen|9\n|tier|[Gen 9] National Dex\n|rated|\n|rule|HP Percentage Mod: HP is shown in percentages\n|rule|Endless Battle Clause: Forcing endless battles is banned\n|rule|Species Clause: Limit one of each Pokémon\n|rule|OHKO Clause: OHKO moves are banned\n|rule|Evasion Clause: Evasion abilities, items, and moves are banned\n|rule|Evasion Abilities Clause: Evasion abilities are banned\n|rule|Evasion Items Clause: Evasion items are banned\n|rule|Evasion Moves Clause: Evasion moves are banned\n|rule|Sleep Clause Mod: Limit one foe put to sleep\n|rule|Terastal Clause: You cannot Terastallize\n|clearpoke\n|poke|p1|Camerupt, F|\n|poke|p1|Rillaboom, M|\n|poke|p1|Terapagos, M|\n|poke|p1|Lucario, F|\n|poke|p1|Pecharunt|\n|poke|p1|Greninja-*, M|\n|poke|p2|Blaziken, M|\n|poke|p2|Pinsir, M|\n|poke|p2|Terapagos, M|\n|poke|p2|Dragonite, F|\n|poke|p2|Iron Crown|\n|poke|p2|Iron Treads|\n|teampreview\n|inactive|Battle timer is ON: inactive players will automatically lose when time's up. (requested by dragon god111龙王)\n|\n|t:|1771213942\n|teamsize|p1|6\n|teamsize|p2|6\n|start\n|switch|p1a: Greninja|Greninja, M|100/100\n|switch|p2a: Iron Treads|Iron Treads|100/100\n|-enditem|p2a: Iron Treads|Booster Energy\n|-activate|p2a: Iron Treads|ability: Quark Drive|[fromitem]\n|-start|p2a: Iron Treads|quarkdrivespe\n|turn|1\n|\n|t:|1771213956\n|move|p2a: Iron Treads|Stealth Rock|p1a: Greninja\n|-sidestart|p1: dragon god111龙王|move: Stealth Rock\n|-zpower|p1a: Greninja\n|move|p1a: Greninja|Hydro Vortex|p2a: Iron Treads|[zeffect]\n|-supereffective|p2a: Iron Treads\n|-damage|p2a: Iron Treads|0 fnt\n|faint|p2a: Iron Treads\n|-end|p2a: Iron Treads|Quark Drive|[silent]\n|-ability|p1a: Greninja|Battle Bond|boost\n|-boost|p1a: Greninja|atk|1\n|-boost|p1a: Greninja|spa|1\n|-boost|p1a: Greninja|spe|1\n|-activate|p1a: Greninja|ability: Battle Bond\n|\n|upkeep\n|\n|t:|1771213961\n|switch|p2a: Terapagos|Terapagos, M|100/100\n|-activate|p2a: Terapagos|ability: Tera Shift\n|detailschange|p2a: Terapagos|Terapagos-Terastal, M\n|-heal|p2a: Terapagos|100/100|[silent]\n|turn|2\n|\n|t:|1771213968\n|move|p1a: Greninja|Dark Pulse|p2a: Terapagos\n|-activate|p2a: Terapagos|ability: Tera Shell\n|-resisted|p2a: Terapagos\n|-damage|p2a: Terapagos|74/100\n|move|p2a: Terapagos|Tera Starstorm|p1a: Greninja\n|-damage|p1a: Greninja|11/100\n|\n|upkeep\n|turn|3\n|\n|t:|1771213977\n|move|p1a: Greninja|Surf|p2a: Terapagos\n|-crit|p2a: Terapagos\n|-damage|p2a: Terapagos|0 fnt\n|faint|p2a: Terapagos\n|\n|upkeep\n|\n|t:|1771213979\n|switch|p2a: Pinsir|Pinsir, M|100/100\n|turn|4\n|\n|t:|1771213984\n|switch|p1a: Pecharunt|Pecharunt|100/100\n|-damage|p1a: Pecharunt|88/100|[from] Stealth Rock\n|detailschange|p2a: Pinsir|Pinsir-Mega, M\n|-mega|p2a: Pinsir|Pinsir|Pinsirite\n|move|p2a: Pinsir|Quick Attack|p1a: Pecharunt\n|-damage|p1a: Pecharunt|68/100\n|-damage|p2a: Pinsir|84/100|[from] item: Rocky Helmet|[of] p1a: Pecharunt\n|\n|upkeep\n|turn|5\n|\n|t:|1771213997\n|switch|p2a: Iron Crown|Iron Crown|100/100\n|-enditem|p2a: Iron Crown|Booster Energy\n|-activate|p2a: Iron Crown|ability: Quark Drive|[fromitem]\n|-start|p2a: Iron Crown|quarkdrivespe\n|move|p1a: Pecharunt|Recover|p1a: Pecharunt\n|-heal|p1a: Pecharunt|100/100\n|\n|upkeep\n|turn|6\n|\n|t:|1771214001\n|move|p2a: Iron Crown|Calm Mind|p2a: Iron Crown\n|-boost|p2a: Iron Crown|spa|1\n|-boost|p2a: Iron Crown|spd|1\n|move|p1a: Pecharunt|Parting Shot|p2a: Iron Crown\n|-unboost|p2a: Iron Crown|atk|1\n|-unboost|p2a: Iron Crown|spa|1\n|\n|t:|1771214018\n|switch|p1a: Rillaboom|Rillaboom, M|100/100|[from] Parting Shot\n|-damage|p1a: Rillaboom|88/100|[from] Stealth Rock\n|-fieldstart|move: Grassy Terrain|[from] ability: Grassy Surge|[of] p1a: Rillaboom\n|\n|-heal|p1a: Rillaboom|94/100|[from] Grassy Terrain\n|upkeep\n|turn|7\n|\n|t:|1771214026\n|move|p2a: Iron Crown|Psychic Noise|p1a: Rillaboom\n|-damage|p1a: Rillaboom|68/100\n|-start|p1a: Rillaboom|move: Heal Block\n|move|p1a: Rillaboom|High Horsepower|p2a: Iron Crown\n|-supereffective|p2a: Iron Crown\n|-damage|p2a: Iron Crown|33/100\n|\n|-heal|p2a: Iron Crown|39/100|[from] Grassy Terrain\n|upkeep\n|turn|8\n|\n|t:|1771214037\n|move|p2a: Iron Crown|Tachyon Cutter|p1a: Rillaboom\n|-damage|p1a: Rillaboom|51/100\n|-damage|p1a: Rillaboom|32/100\n|-hitcount|p1a: Rillaboom|2\n|move|p1a: Rillaboom|High Horsepower|p2a: Iron Crown\n|-supereffective|p2a: Iron Crown\n|-crit|p2a: Iron Crown\n|-damage|p2a: Iron Crown|0 fnt\n|faint|p2a: Iron Crown\n|-end|p2a: Iron Crown|Quark Drive|[silent]\n|\n|-end|p1a: Rillaboom|move: Heal Block\n|upkeep\n|\n|t:|1771214042\n|switch|p2a: Pinsir|Pinsir-Mega, M|84/100\n|turn|9\n|\n|t:|1771214047\n|switch|p1a: Pecharunt|Pecharunt|100/100\n|-damage|p1a: Pecharunt|88/100|[from] Stealth Rock\n|move|p2a: Pinsir|Swords Dance|p2a: Pinsir\n|-boost|p2a: Pinsir|atk|2\n|\n|-heal|p1a: Pecharunt|94/100|[from] Grassy Terrain\n|upkeep\n|turn|10\n|\n|t:|1771214054\n|move|p2a: Pinsir|Frustration|p1a: Pecharunt\n|-damage|p1a: Pecharunt|0 fnt\n|-damage|p2a: Pinsir|67/100|[from] item: Rocky Helmet|[of] p1a: Pecharunt\n|faint|p1a: Pecharunt\n|\n|-fieldend|move: Grassy Terrain\n|upkeep\n|\n|t:|1771214062\n|switch|p1a: Terapagos|Terapagos, M|100/100\n|-activate|p1a: Terapagos|ability: Tera Shift\n|detailschange|p1a: Terapagos|Terapagos-Terastal, M\n|-heal|p1a: Terapagos|100/100|[silent]\n|turn|11\n|\n|t:|1771214072\n|move|p2a: Pinsir|Frustration|p1a: Terapagos\n|-activate|p1a: Terapagos|ability: Tera Shell\n|-resisted|p1a: Terapagos\n|-damage|p1a: Terapagos|41/100\n|move|p1a: Terapagos|Rapid Spin|p2a: Pinsir\n|-damage|p2a: Pinsir|51/100\n|-boost|p1a: Terapagos|spe|1\n|-sideend|p1: dragon god111龙王|Stealth Rock|[from] move: Rapid Spin|[of] p1a: Terapagos\n|\n|upkeep\n|turn|12\n|\n|t:|1771214077\n|move|p2a: Pinsir|Quick Attack|p1a: Terapagos\n|-damage|p1a: Terapagos|0 fnt\n|faint|p1a: Terapagos\n|\n|upkeep\n|\n|t:|1771214082\n|switch|p1a: Lucario|Lucario, F|100/100\n|turn|13\n|\n|t:|1771214085\n|move|p1a: Lucario|Bullet Punch|p2a: Pinsir\n|-damage|p2a: Pinsir|29/100\n|move|p2a: Pinsir|Frustration|p1a: Lucario\n|-damage|p1a: Lucario|0 fnt\n|faint|p1a: Lucario\n|\n|upkeep\n|\n|t:|1771214092\n|switch|p1a: Greninja|Greninja, M|11/100\n|turn|14\n|\n|t:|1771214096\n|move|p2a: Pinsir|Quick Attack|p1a: Greninja\n|-damage|p1a: Greninja|0 fnt\n|faint|p1a: Greninja\n|\n|upkeep\n|c|☆InvinIsAClown|gg\n|\n|t:|1771214101\n|switch|p1a: Camerupt|Camerupt, F|100/100\n|turn|15\n|\n|t:|1771214104\n|detailschange|p1a: Camerupt|Camerupt-Mega, F\n|-mega|p1a: Camerupt|Camerupt|Cameruptite\n|move|p2a: Pinsir|Frustration|p1a: Camerupt\n|-damage|p1a: Camerupt|0 fnt\n|faint|p1a: Camerupt\n|detailschange|p1: Camerupt|Camerupt, F|[silent]\n|\n|upkeep\n|-message|dragon god111龙王 forfeited.\n|\n|win|InvinIsAClown\n|raw|dragon god111龙王's rating: 1538 &rarr; <strong>1526</strong><br />(-12 for losing)\n|raw|InvinIsAClown's rating: 1687 &rarr; <strong>1699</strong><br />(+12 for winning)\n|l|☆dragon god111龙王\n|player|p1|\n|l|☆InvinIsAClown\n|player|p2|\n", "uploadtime": 1771214292, "views": 6, "formatid": "gen9nationaldex", "rating": 1526, "private": 0, "password": null}