{"id": "gen9nationaldex-2540696127", "format": "[Gen 9] National Dex", "players": ["darretyle", "lengyue007"], "log": "|j|☆darretyle\n|j|‽lengyue007\n|t:|1771241777\n|gametype|singles\n|player|p1|darretyle|bugcatcher-gen4dp|1644\n|player|p2|lengyue007|swimmerf-gen4|1673\n|gen|9\n|tier|[Gen 9] National Dex\n|rated|\n|rule|HP Percentage Mod: HP is shown in percentages\n|rule|Endless Battle Clause: Forcing endless battles is banned\n|rule|Species Clause: Limit one of each Pokémon\n|rule|OHKO Clause: OHKO moves are banned\n|rule|Evasion Clause: Evasion abilities, items, and moves are banned\n|rule|Evasion Abilities Clause: Evasion abilities are banned\n|rule|Evasion Items Clause: Evasion items are banned\n|rule|Evasion Moves Clause: Evasion moves are banned\n|rule|Sleep Clause Mod: Limit one foe put to sleep\n|rule|Terastal Clause: You cannot Terastallize\n|clearpoke\n|poke|p1|Greninja-*, M|\n|poke|p1|Venusaur, F|\n|poke|p1|Dragonite, F|\n|poke|p1|Ting-Lu|\n|poke|p1|Gholdengo|\n|poke|p1|Great Tusk|\n|poke|p2|Tyranitar, F|\n|poke|p2|Urshifu-*, F|\n|poke|p2|Landorus-Therian, M|\n|poke|p2|Gholdengo|\n|poke|p2|Tapu Lele|\n|poke|p2|Terapagos, M|\n|teampreview\n|inactive|Battle timer is ON: inactive players will automatically lose when time's up. (requested by lengyue007)\n|\n|t:|1771241794\n|teamsize|p1|6\n|teamsize|p2|6\n|start\n|switch|p1a: Venusaur|Venusaur, F|100/100\n|switch|p2a: Landorus|Landorus-Therian, M|100/100\n|-ability|p2a: Landorus|Intimidate|boost\n|-unboost|p1a: Venusaur|atk|1\n|turn|1\n|j| Villain gligar\n|\n|t:|1771241801\n|detailschange|p1a: Venusaur|Venusaur-Mega, F\n|-mega|p1a: Venusaur|Venusaur|Venusaurite\n|move|p2a: Landorus|Stealth Rock|p1a: Venusaur\n|-sidestart|p1: darretyle|move: Stealth Rock\n|move|p1a: Venusaur|Giga Drain|p2a: Landorus\n|-damage|p2a: Landorus|57/100\n|\n|upkeep\n|turn|2\n|\n|t:|1771241804\n|move|p2a: Landorus|U-turn|p1a: Venusaur\n|-damage|p1a: Venusaur|83/100\n|\n|t:|1771241808\n|switch|p2a: Gholdengo|Gholdengo|100/100|[from] U-turn\n|move|p1a: Venusaur|Giga Drain|p2a: Gholdengo\n|-resisted|p2a: Gholdengo\n|-damage|p2a: Gholdengo|84/100\n|-heal|p1a: Venusaur|92/100|[from] drain|[of] p2a: Gholdengo\n|\n|upkeep\n|turn|3\n|\n|t:|1771241811\n|move|p1a: Venusaur|Earth Power|p2a: Gholdengo\n|-supereffective|p2a: Gholdengo\n|-damage|p2a: Gholdengo|34/100\n|move|p2a: Gholdengo|Thunder Wave|p1a: Venusaur\n|-status|p1a: Venusaur|par\n|\n|upkeep\n|turn|4\n|\n|t:|1771241813\n|move|p2a: Gholdengo|Recover|p2a: Gholdengo\n|-heal|p2a: Gholdengo|84/100\n|move|p1a: Venusaur|Earth Power|p2a: Gholdengo\n|-supereffective|p2a: Gholdengo\n|-damage|p2a: Gholdengo|31/100\n|\n|upkeep\n|turn|5\n|\n|t:|1771241816\n|move|p2a: Gholdengo|Recover|p2a: Gholdengo\n|-heal|p2a: Gholdengo|81/100\n|move|p1a: Venusaur|Earth Power|p2a: Gholdengo\n|-supereffective|p2a: Gholdengo\n|-damage|p2a: Gholdengo|26/100\n|\n|upkeep\n|turn|6\n|\n|t:|1771241818\n|move|p2a: Gholdengo|Recover|p2a: Gholdengo\n|-heal|p2a: Gholdengo|76/100\n|move|p1a: Venusaur|Earth Power|p2a: Gholdengo\n|-supereffective|p2a: Gholdengo\n|-damage|p2a: Gholdengo|20/100\n|\n|upkeep\n|turn|7\n|\n|t:|1771241822\n|move|p2a: Gholdengo|Recover|p2a: Gholdengo\n|-heal|p2a: Gholdengo|70/100\n|move|p1a: Venusaur|Earth Power|p2a: Gholdengo\n|-supereffective|p2a: Gholdengo\n|-damage|p2a: Gholdengo|17/100\n|-unboost|p2a: Gholdengo|spd|1\n|\n|upkeep\n|turn|8\n|\n|t:|1771241825\n|switch|p2a: Landorus|Landorus-Therian, M|57/100\n|-ability|p2a: Landorus|Intimidate|boost\n|-unboost|p1a: Venusaur|atk|1\n|move|p1a: Venusaur|Giga Drain|p2a: Landorus\n|-damage|p2a: Landorus|13/100\n|-heal|p1a: Venusaur|100/100 par|[from] drain|[of] p2a: Landorus\n|\n|upkeep\n|turn|9\n|\n|t:|1771241828\n|move|p2a: Landorus|U-turn|p1a: Venusaur\n|-damage|p1a: Venusaur|82/100 par\n|\n|t:|1771241831\n|switch|p2a: Tapu Lele|Tapu Lele|100/100|[from] U-turn\n|-fieldstart|move: Psychic Terrain|[from] ability: Psychic Surge|[of] p2a: Tapu Lele\n|move|p1a: Venusaur|Giga Drain|p2a: Tapu Lele\n|-crit|p2a: Tapu Lele\n|-damage|p2a: Tapu Lele|36/100\n|-heal|p1a: Venusaur|100/100 par|[from] drain|[of] p2a: Tapu Lele\n|\n|upkeep\n|turn|10\n|\n|t:|1771241842\n|move|p2a: Tapu Lele|Psychic|p1a: Venusaur\n|-supereffective|p1a: Venusaur\n|-damage|p1a: Venusaur|5/100 par\n|move|p1a: Venusaur|Sludge Bomb|p2a: Tapu Lele\n|-supereffective|p2a: Tapu Lele\n|-damage|p2a: Tapu Lele|0 fnt\n|faint|p2a: Tapu Lele\n|\n|upkeep\n|\n|t:|1771241855\n|switch|p2a: Urshifu|Urshifu-Rapid-Strike, F|100/100\n|turn|11\n|\n|t:|1771241859\n|move|p2a: Urshifu|U-turn|p1a: Venusaur\n|-crit|p1a: Venusaur\n|-damage|p1a: Venusaur|0 fnt\n|faint|p1a: Venusaur\n|detailschange|p1: Venusaur|Venusaur, F|[silent]\n|\n|t:|1771241863\n|switch|p2a: Landorus|Landorus-Therian, M|13/100|[from] U-turn\n|\n|upkeep\n|\n|t:|1771241866\n|switch|p1a: Great Tusk|Great Tusk|100/100\n|-damage|p1a: Great Tusk|98/100|[from] Stealth Rock\n|turn|12\n|l| Villain gligar\n|\n|t:|1771241870\n|move|p2a: Landorus|U-turn|p1a: Great Tusk\n|-resisted|p1a: Great Tusk\n|-damage|p1a: Great Tusk|90/100\n|-damage|p2a: Landorus|0 fnt|[from] item: Rocky Helmet|[of] p1a: Great Tusk\n|faint|p2a: Landorus\n|move|p1a: Great Tusk|Ice Spinner|p2: Landorus|[notarget]\n|-fail|p1a: Great Tusk\n|\n|upkeep\n|\n|t:|1771241877\n|switch|p2a: Gholdengo|Gholdengo|17/100\n|turn|13\n|\n|t:|1771241881\n|move|p1a: Great Tusk|Headlong Rush|p2a: Gholdengo\n|-supereffective|p2a: Gholdengo\n|-damage|p2a: Gholdengo|0 fnt\n|-unboost|p1a: Great Tusk|def|1\n|-unboost|p1a: Great Tusk|spd|1\n|faint|p2a: Gholdengo\n|\n|-fieldend|move: Psychic Terrain\n|upkeep\n|\n|t:|1771241883\n|switch|p2a: Urshifu|Urshifu-Rapid-Strike, F|100/100\n|turn|14\n|\n|t:|1771241891\n|-end|p1a: Great Tusk|Protosynthesis|[silent]\n|switch|p1a: Dragonite|Dragonite, F|100/100\n|move|p2a: Urshifu|Surging Strikes|p1a: Dragonite\n|-resisted|p1a: Dragonite\n|-crit|p1a: Dragonite\n|-damage|p1a: Dragonite|95/100\n|-resisted|p1a: Dragonite\n|-crit|p1a: Dragonite\n|-damage|p1a: Dragonite|82/100\n|-resisted|p1a: Dragonite\n|-crit|p1a: Dragonite\n|-damage|p1a: Dragonite|70/100\n|-hitcount|p1a: Dragonite|3\n|\n|upkeep\n|turn|15\n|j| Villain gligar\n|\n|t:|1771241895\n|switch|p2a: Tyranitar|Tyranitar, F|100/100\n|-weather|Sandstorm|[from] ability: Sand Stream|[of] p2a: Tyranitar\n|move|p1a: Dragonite|Roost|p1a: Dragonite\n|-heal|p1a: Dragonite|100/100\n|-singleturn|p1a: Dragonite|move: Roost\n|\n|-weather|Sandstorm|[upkeep]\n|-damage|p1a: Dragonite|94/100|[from] Sandstorm\n|upkeep\n|turn|16\n|\n|t:|1771241899\n|detailschange|p2a: Tyranitar|Tyranitar-Mega, F\n|-mega|p2a: Tyranitar|Tyranitar|Tyranitarite\n|move|p2a: Tyranitar|Knock Off|p1a: Dragonite\n|-damage|p1a: Dragonite|34/100\n|-enditem|p1a: Dragonite|Heavy-Duty Boots|[from] move: Knock Off|[of] p2a: Tyranitar\n|move|p1a: Dragonite|Earthquake|p2a: Tyranitar\n|-supereffective|p2a: Tyranitar\n|-damage|p2a: Tyranitar|57/100\n|\n|-weather|Sandstorm|[upkeep]\n|-damage|p1a: Dragonite|28/100|[from] Sandstorm\n|upkeep\n|turn|17\n|\n|t:|1771241907\n|move|p2a: Tyranitar|Pursuit|p1a: Dragonite\n|-damage|p1a: Dragonite|3/100\n|move|p1a: Dragonite|Earthquake|p2a: Tyranitar\n|-supereffective|p2a: Tyranitar\n|-damage|p2a: Tyranitar|12/100\n|\n|-weather|Sandstorm|[upkeep]\n|-damage|p1a: Dragonite|0 fnt|[from] Sandstorm\n|faint|p1a: Dragonite\n|upkeep\n|\n|t:|1771241919\n|switch|p1a: Great Tusk|Great Tusk|90/100\n|-damage|p1a: Great Tusk|87/100|[from] Stealth Rock\n|turn|18\n|\n|t:|1771241926\n|move|p1a: Great Tusk|Rapid Spin|p2a: Tyranitar\n|-resisted|p2a: Tyranitar\n|-damage|p2a: Tyranitar|6/100\n|-boost|p1a: Great Tusk|spe|1\n|-sideend|p1: darretyle|Stealth Rock|[from] move: Rapid Spin|[of] p1a: Great Tusk\n|move|p2a: Tyranitar|Knock Off|p1a: Great Tusk\n|-resisted|p1a: Great Tusk\n|-damage|p1a: Great Tusk|64/100\n|-damage|p2a: Tyranitar|0 fnt|[from] item: Rocky Helmet|[of] p1a: Great Tusk\n|faint|p2a: Tyranitar\n|detailschange|p2: Tyranitar|Tyranitar, F|[silent]\n|\n|-weather|Sandstorm|[upkeep]\n|upkeep\n|\n|t:|1771241929\n|switch|p2a: Urshifu|Urshifu-Rapid-Strike, F|100/100\n|turn|19\n|\n|t:|1771241932\n|move|p1a: Great Tusk|Headlong Rush|p2a: Urshifu\n|-damage|p2a: Urshifu|31/100\n|-unboost|p1a: Great Tusk|def|1\n|-unboost|p1a: Great Tusk|spd|1\n|move|p2a: Urshifu|Surging Strikes|p1a: Great Tusk\n|-supereffective|p1a: Great Tusk\n|-crit|p1a: Great Tusk\n|-damage|p1a: Great Tusk|5/100\n|-damage|p2a: Urshifu|14/100|[from] item: Rocky Helmet|[of] p1a: Great Tusk\n|-supereffective|p1a: Great Tusk\n|-crit|p1a: Great Tusk\n|-damage|p1a: Great Tusk|0 fnt\n|-damage|p2a: Urshifu|0 fnt|[from] item: Rocky Helmet|[of] p1a: Great Tusk\n|faint|p1a: Great Tusk\n|-end|p1a: Great Tusk|Protosynthesis|[silent]\n|faint|p2a: Urshifu\n|-hitcount|p1: Great Tusk|2\n|\n|-weather|none\n|upkeep\n|\n|t:|1771241937\n|switch|p2a: Terapagos|Terapagos, M|100/100\n|switch|p1a: Ting-Lu|Ting-Lu|100/100\n|-activate|p2a: Terapagos|ability: Tera Shift\n|detailschange|p2a: Terapagos|Terapagos-Terastal, M\n|-heal|p2a: Terapagos|100/100|[silent]\n|-ability|p1a: Ting-Lu|Vessel of Ruin\n|turn|20\n|-message|lengyue007 forfeited.\n|\n|win|darretyle\n|raw|darretyle's rating: 1644 &rarr; <strong>1666</strong><br />(+22 for winning)\n|raw|lengyue007's rating: 1673 &rarr; <strong>1651</strong><br />(-22 for losing)\n|l|‽lengyue007\n|player|p2|\n|l|☆darretyle\n|player|p1|\n", "uploadtime": 1771242078, "views": 8, "formatid": "gen9nationaldex", "rating": 1651, "private": 0, "password": null}