{"id": "gen9nationaldex-2540605752", "format": "[Gen 9] National Dex", "players": ["ffuy", "BliZardZ"], "log": "|j|☆ffuy\n|j|☆BliZardZ\n|t:|1771225937\n|gametype|singles\n|player|p1|ffuy|1|1548\n|player|p2|BliZardZ|burglar|1536\n|gen|9\n|tier|[Gen 9] National Dex\n|rated|\n|rule|HP Percentage Mod: HP is shown in percentages\n|rule|Endless Battle Clause: Forcing endless battles is banned\n|rule|Species Clause: Limit one of each Pokémon\n|rule|OHKO Clause: OHKO moves are banned\n|rule|Evasion Clause: Evasion abilities, items, and moves are banned\n|rule|Evasion Abilities Clause: Evasion abilities are banned\n|rule|Evasion Items Clause: Evasion items are banned\n|rule|Evasion Moves Clause: Evasion moves are banned\n|rule|Sleep Clause Mod: Limit one foe put to sleep\n|rule|Terastal Clause: You cannot Terastallize\n|clearpoke\n|poke|p1|Diancie|\n|poke|p1|Tyranitar, M|\n|poke|p1|Alomomola, F|\n|poke|p1|Gliscor, M|\n|poke|p1|Urshifu-*, M|\n|poke|p1|Kyurem|\n|poke|p2|Salamence, F|\n|poke|p2|Great Tusk|\n|poke|p2|Darmanitan, F|\n|poke|p2|Araquanid, F|\n|poke|p2|Charizard, F|\n|poke|p2|Scizor, F|\n|teampreview\n|inactive|Battle timer is ON: inactive players will automatically lose when time's up. (requested by ffuy)\n|inactive|ffuy has 120 seconds left.\n|\n|t:|1771225969\n|teamsize|p1|6\n|teamsize|p2|6\n|start\n|switch|p1a: Urshifu|Urshifu-Rapid-Strike, M|100/100\n|switch|p2a: Araquanid|Araquanid, F|100/100\n|turn|1\n|\n|t:|1771225974\n|move|p1a: Urshifu|Substitute|p1a: Urshifu\n|-start|p1a: Urshifu|Substitute\n|-damage|p1a: Urshifu|76/100\n|move|p2a: Araquanid|Sticky Web|p1a: Urshifu\n|-sidestart|p1: ffuy|move: Sticky Web\n|\n|-heal|p1a: Urshifu|82/100|[from] item: Leftovers\n|upkeep\n|turn|2\n|\n|t:|1771225980\n|move|p1a: Urshifu|Swords Dance|p1a: Urshifu\n|-boost|p1a: Urshifu|atk|2\n|move|p2a: Araquanid|Surf|p1a: Urshifu\n|-resisted|p1a: Urshifu\n|-end|p1a: Urshifu|Substitute\n|\n|-heal|p1a: Urshifu|88/100|[from] item: Leftovers\n|upkeep\n|turn|3\n|\n|t:|1771225994\n|move|p1a: Urshifu|Surging Strikes|p2a: Araquanid\n|-resisted|p2a: Araquanid\n|-crit|p2a: Araquanid\n|-damage|p2a: Araquanid|82/100\n|-resisted|p2a: Araquanid\n|-crit|p2a: Araquanid\n|-damage|p2a: Araquanid|63/100\n|-resisted|p2a: Araquanid\n|-crit|p2a: Araquanid\n|-damage|p2a: Araquanid|42/100\n|-hitcount|p2a: Araquanid|3\n|move|p2a: Araquanid|Surf|p1a: Urshifu\n|-resisted|p1a: Urshifu\n|-damage|p1a: Urshifu|49/100\n|\n|-heal|p1a: Urshifu|55/100|[from] item: Leftovers\n|upkeep\n|turn|4\n|\n|t:|1771226006\n|move|p1a: Urshifu|Surging Strikes|p2a: Araquanid\n|-resisted|p2a: Araquanid\n|-crit|p2a: Araquanid\n|-damage|p2a: Araquanid|23/100\n|-resisted|p2a: Araquanid\n|-crit|p2a: Araquanid\n|-damage|p2a: Araquanid|4/100\n|-resisted|p2a: Araquanid\n|-crit|p2a: Araquanid\n|-damage|p2a: Araquanid|0 fnt\n|faint|p2a: Araquanid\n|-hitcount|p2: Araquanid|3\n|\n|-heal|p1a: Urshifu|61/100|[from] item: Leftovers\n|upkeep\n|\n|t:|1771226025\n|switch|p2a: Charizard|Charizard, F|100/100\n|turn|5\n|\n|t:|1771226029\n|switch|p1a: Kyurem|Kyurem|100/100\n|-activate|p1a: Kyurem|move: Sticky Web\n|-unboost|p1a: Kyurem|spe|1\n|-ability|p1a: Kyurem|Pressure\n|detailschange|p2a: Charizard|Charizard-Mega-Y, F\n|-mega|p2a: Charizard|Charizard|Charizardite Y\n|-weather|SunnyDay|[from] ability: Drought|[of] p2a: Charizard\n|move|p2a: Charizard|Solar Beam||[still]\n|-prepare|p2a: Charizard|Solar Beam\n|-anim|p2a: Charizard|Solar Beam|p1a: Kyurem\n|-resisted|p1a: Kyurem\n|-damage|p1a: Kyurem|77/100\n|\n|-weather|SunnyDay|[upkeep]\n|upkeep\n|turn|6\n|\n|t:|1771226032\n|switch|p1a: Tyranitar|Tyranitar, M|100/100\n|-activate|p1a: Tyranitar|move: Sticky Web\n|-unboost|p1a: Tyranitar|spe|1\n|-weather|Sandstorm|[from] ability: Sand Stream|[of] p1a: Tyranitar\n|move|p2a: Charizard|Fire Blast|p1a: Tyranitar\n|-resisted|p1a: Tyranitar\n|-damage|p1a: Tyranitar|92/100\n|\n|-weather|Sandstorm|[upkeep]\n|-damage|p2a: Charizard|94/100|[from] Sandstorm\n|upkeep\n|turn|7\n|\n|t:|1771226040\n|-activate|p2a: Charizard|move: Pursuit\n|move|p1a: Tyranitar|Pursuit|p2a: Charizard|[from] Pursuit\n|-damage|p2a: Charizard|42/100\n|switch|p2a: Great Tusk|Great Tusk|100/100\n|-enditem|p2a: Great Tusk|Booster Energy\n|-activate|p2a: Great Tusk|ability: Protosynthesis|[fromitem]\n|-start|p2a: Great Tusk|protosynthesisatk\n|\n|-weather|Sandstorm|[upkeep]\n|upkeep\n|turn|8\n|\n|t:|1771226050\n|switch|p1a: Alomomola|Alomomola, F|100/100\n|-activate|p1a: Alomomola|move: Sticky Web\n|-unboost|p1a: Alomomola|spe|1\n|move|p2a: Great Tusk|Close Combat|p1a: Alomomola\n|-damage|p1a: Alomomola|57/100\n|-unboost|p2a: Great Tusk|def|1\n|-unboost|p2a: Great Tusk|spd|1\n|\n|-weather|Sandstorm|[upkeep]\n|-damage|p1a: Alomomola|51/100|[from] Sandstorm\n|-heal|p1a: Alomomola|57/100|[from] item: Leftovers\n|upkeep\n|turn|9\n|\n|t:|1771226062\n|move|p2a: Great Tusk|Close Combat|p1a: Alomomola\n|-damage|p1a: Alomomola|15/100\n|-unboost|p2a: Great Tusk|def|1\n|-unboost|p2a: Great Tusk|spd|1\n|move|p1a: Alomomola|Wish|p1a: Alomomola\n|\n|-weather|Sandstorm|[upkeep]\n|-damage|p1a: Alomomola|9/100|[from] Sandstorm\n|-heal|p1a: Alomomola|15/100|[from] item: Leftovers\n|upkeep\n|turn|10\n|\n|t:|1771226081\n|move|p1a: Alomomola|Protect|p1a: Alomomola\n|-singleturn|p1a: Alomomola|Protect\n|move|p2a: Great Tusk|Close Combat|p1a: Alomomola\n|-activate|p1a: Alomomola|move: Protect\n|\n|-weather|none\n|-heal|p1a: Alomomola|65/100|[from] move: Wish|[wisher] Alomomola\n|-heal|p1a: Alomomola|72/100|[from] item: Leftovers\n|upkeep\n|turn|11\n|\n|t:|1771226086\n|-end|p2a: Great Tusk|Protosynthesis|[silent]\n|switch|p2a: Scizor|Scizor, F|100/100\n|move|p1a: Alomomola|Flip Turn|p2a: Scizor\n|-damage|p2a: Scizor|82/100\n|\n|t:|1771226099\n|switch|p1a: Urshifu|Urshifu-Rapid-Strike, M|61/100|[from] Flip Turn\n|-activate|p1a: Urshifu|move: Sticky Web\n|-unboost|p1a: Urshifu|spe|1\n|\n|-heal|p1a: Urshifu|67/100|[from] item: Leftovers\n|upkeep\n|turn|12\n|\n|t:|1771226110\n|switch|p2a: Salamence|Salamence, F|100/100\n|move|p1a: Urshifu|Drain Punch|p2a: Salamence\n|-resisted|p2a: Salamence\n|-damage|p2a: Salamence|78/100\n|-heal|p1a: Urshifu|79/100|[from] drain|[of] p2a: Salamence\n|\n|-heal|p1a: Urshifu|85/100|[from] item: Leftovers\n|upkeep\n|turn|13\n|\n|t:|1771226126\n|switch|p1a: Gliscor|Gliscor, M|100/100\n|move|p2a: Salamence|Fly||[still]\n|-prepare|p2a: Salamence|Fly\n|\n|-status|p1a: Gliscor|tox|[from] item: Toxic Orb\n|upkeep\n|turn|14\n|\n|t:|1771226129\n|move|p2a: Salamence|Fly|p1a: Gliscor|[from] lockedmove\n|-crit|p1a: Gliscor\n|-damage|p1a: Gliscor|42/100 tox\n|move|p1a: Gliscor|Defog|p2a: Salamence\n|-unboost|p2a: Salamence|evasion|1\n|-sideend|p1: ffuy|Sticky Web|[from] move: Defog|[of] p1a: Gliscor\n|\n|-heal|p1a: Gliscor|54/100 tox|[from] ability: Poison Heal\n|upkeep\n|turn|15\n|\n|t:|1771226139\n|move|p2a: Salamence|Dragon Dance|p2a: Salamence\n|-boost|p2a: Salamence|atk|1\n|-boost|p2a: Salamence|spe|1\n|move|p1a: Gliscor|U-turn|p2a: Salamence\n|-resisted|p2a: Salamence\n|-damage|p2a: Salamence|68/100\n|\n|t:|1771226163\n|switch|p1a: Diancie|Diancie|100/100|[from] U-turn\n|\n|upkeep\n|turn|16\n|\n|t:|1771226168\n|move|p2a: Salamence|Earthquake|p1a: Diancie\n|-supereffective|p1a: Diancie\n|-damage|p1a: Diancie|0 fnt\n|faint|p1a: Diancie\n|-ability|p2a: Salamence|Moxie|boost\n|-boost|p2a: Salamence|atk|1\n|\n|upkeep\n|\n|t:|1771226186\n|switch|p1a: Kyurem|Kyurem|77/100\n|-ability|p1a: Kyurem|Pressure\n|turn|17\n|\n|t:|1771226204\n|-zpower|p2a: Salamence\n|move|p2a: Salamence|Supersonic Skystrike|p1a: Kyurem|[zeffect]\n|-damage|p1a: Kyurem|0 fnt\n|faint|p1a: Kyurem\n|-ability|p2a: Salamence|Moxie|boost\n|-boost|p2a: Salamence|atk|1\n|\n|upkeep\n|-message|ffuy forfeited.\n|\n|win|BliZardZ\n|raw|ffuy's rating: 1548 &rarr; <strong>1527</strong><br />(-21 for losing)\n|raw|BliZardZ's rating: 1536 &rarr; <strong>1557</strong><br />(+21 for winning)\n|l|☆ffuy\n|player|p1|\n|l|☆BliZardZ\n|player|p2|\n", "uploadtime": 1771226212, "views": 14, "formatid": "gen9nationaldex", "rating": 1527, "private": 0, "password": null}