{"id": "gen9nationaldex-2540743379", "format": "[Gen 9] National Dex", "players": ["riderzitto5", "Oddalex"], "log": "|j|☆riderzitto5\n|j|‽Oddalex\n|t:|1771248707\n|gametype|singles\n|player|p1|riderzitto5|petrel|1639\n|player|p2|Oddalex|102|1645\n|gen|9\n|tier|[Gen 9] National Dex\n|rated|\n|rule|HP Percentage Mod: HP is shown in percentages\n|rule|Endless Battle Clause: Forcing endless battles is banned\n|rule|Species Clause: Limit one of each Pokémon\n|rule|OHKO Clause: OHKO moves are banned\n|rule|Evasion Clause: Evasion abilities, items, and moves are banned\n|rule|Evasion Abilities Clause: Evasion abilities are banned\n|rule|Evasion Items Clause: Evasion items are banned\n|rule|Evasion Moves Clause: Evasion moves are banned\n|rule|Sleep Clause Mod: Limit one foe put to sleep\n|rule|Terastal Clause: You cannot Terastallize\n|clearpoke\n|poke|p1|Hatterene, F|\n|poke|p1|Cresselia, F|\n|poke|p1|Porygon2|\n|poke|p1|Ursaluna, M|\n|poke|p1|Mawile, F|\n|poke|p1|Marowak-Alola, M|\n|poke|p2|Mawile, F|\n|poke|p2|Tapu Koko|\n|poke|p2|Iron Valiant|\n|poke|p2|Slowbro, M|\n|poke|p2|Ting-Lu|\n|poke|p2|Tornadus-Therian, M|\n|teampreview\n|inactive|Battle timer is ON: inactive players will automatically lose when time's up. (requested by Oddalex)\n|\n|t:|1771248721\n|teamsize|p1|6\n|teamsize|p2|6\n|start\n|switch|p1a: Baby|Cresselia, F|100/100\n|switch|p2a: Mawile|Mawile, F|100/100\n|-ability|p2a: Mawile|Intimidate|boost\n|-unboost|p1a: Baby|atk|1\n|turn|1\n|\n|t:|1771248726\n|move|p2a: Mawile|Swords Dance|p2a: Mawile\n|-boost|p2a: Mawile|atk|2\n|move|p1a: Baby|Trick Room|p1a: Baby\n|-fieldstart|move: Trick Room|[of] p1a: Baby\n|\n|upkeep\n|turn|2\n|\n|t:|1771248742\n|move|p1a: Baby|Lunar Dance|p1a: Baby\n|faint|p1a: Baby\n|move|p2a: Mawile|Swords Dance|p2a: Mawile\n|-boost|p2a: Mawile|atk|2\n|\n|upkeep\n|\n|t:|1771248744\n|switch|p1a: Freddy|Ursaluna, M|100/100\n|turn|3\n|\n|t:|1771248750\n|switch|p2a: Slowbro|Slowbro, M|100/100\n|move|p1a: Freddy|Headlong Rush|p2a: Slowbro\n|-damage|p2a: Slowbro|60/100\n|-unboost|p1a: Freddy|def|1\n|-unboost|p1a: Freddy|spd|1\n|-damage|p1a: Freddy|84/100|[from] item: Rocky Helmet|[of] p2a: Slowbro\n|\n|-status|p1a: Freddy|brn|[from] item: Flame Orb\n|upkeep\n|turn|4\n|\n|t:|1771248760\n|move|p2a: Slowbro|Scald|p1a: Freddy\n|-supereffective|p1a: Freddy\n|-damage|p1a: Freddy|7/100 brn\n|move|p1a: Freddy|Facade|p2a: Slowbro\n|-damage|p2a: Slowbro|0 fnt\n|-damage|p1a: Freddy|0 fnt|[from] item: Rocky Helmet|[of] p2a: Slowbro\n|faint|p2a: Slowbro\n|faint|p1a: Freddy\n|\n|upkeep\n|\n|t:|1771248784\n|switch|p2a: Ting-Lu|Ting-Lu|100/100\n|switch|p1a: Chica|Mawile, F|100/100\n|-ability|p1a: Chica|Intimidate|boost\n|-unboost|p2a: Ting-Lu|atk|1\n|-ability|p2a: Ting-Lu|Vessel of Ruin\n|turn|5\n|\n|t:|1771248790\n|detailschange|p1a: Chica|Mawile-Mega, F\n|-mega|p1a: Chica|Mawile|Mawilite\n|move|p1a: Chica|Play Rough|p2a: Ting-Lu\n|-supereffective|p2a: Ting-Lu\n|-damage|p2a: Ting-Lu|1/100\n|move|p2a: Ting-Lu|Earthquake|p1a: Chica\n|-supereffective|p1a: Chica\n|-damage|p1a: Chica|56/100\n|\n|-heal|p2a: Ting-Lu|7/100|[from] item: Leftovers\n|-fieldend|move: Trick Room\n|upkeep\n|turn|6\n|\n|t:|1771248798\n|move|p1a: Chica|Sucker Punch|p2a: Ting-Lu\n|-resisted|p2a: Ting-Lu\n|-damage|p2a: Ting-Lu|0 fnt\n|faint|p2a: Ting-Lu\n|\n|upkeep\n|\n|t:|1771248802\n|switch|p2a: Tapu Koko|Tapu Koko, shiny|100/100\n|-fieldstart|move: Electric Terrain|[from] ability: Electric Surge|[of] p2a: Tapu Koko\n|turn|7\n|\n|t:|1771248808\n|switch|p1a: F10-N4|Porygon2|100/100\n|-ability|p1a: F10-N4|Electric Surge|Trace|[from] ability: Trace|[of] p2a: Tapu Koko\n|move|p2a: Tapu Koko|Thunderbolt|p1a: F10-N4\n|-damage|p1a: F10-N4|64/100\n|\n|upkeep\n|turn|8\n|j| corvipelon\n|\n|t:|1771248815\n|switch|p2a: Mawile|Mawile, F|100/100\n|-ability|p2a: Mawile|Intimidate|boost\n|-unboost|p1a: F10-N4|atk|1\n|move|p1a: F10-N4|Trick Room|p1a: F10-N4\n|-fieldstart|move: Trick Room|[of] p1a: F10-N4\n|\n|upkeep\n|turn|9\n|\n|t:|1771248819\n|move|p2a: Mawile|Swords Dance|p2a: Mawile\n|-boost|p2a: Mawile|atk|2\n|move|p1a: F10-N4|Teleport|p1a: F10-N4\n|\n|t:|1771248821\n|switch|p1a: Bonnie|Marowak-Alola, M|100/100|[from] Teleport\n|\n|upkeep\n|turn|10\n|\n|t:|1771248827\n|switch|p1a: Ballora|Hatterene, F|100/100\n|detailschange|p2a: Mawile|Mawile-Mega, F\n|-mega|p2a: Mawile|Mawile|Mawilite\n|move|p2a: Mawile|Sucker Punch||[still]\n|-fail|p2a: Mawile\n|\n|upkeep\n|turn|11\n|\n|t:|1771248834\n|-zpower|p1a: Ballora\n|move|p1a: Ballora|Twinkle Tackle|p2a: Mawile|[zeffect]\n|-resisted|p2a: Mawile\n|-damage|p2a: Mawile|31/100\n|move|p2a: Mawile|Play Rough|p1a: Ballora\n|-damage|p1a: Ballora|0 fnt\n|faint|p1a: Ballora\n|\n|-fieldend|move: Electric Terrain\n|upkeep\n|\n|t:|1771248839\n|switch|p1a: Chica|Mawile-Mega, F|56/100\n|-heal|p1a: Chica|100/100|[from] move: Lunar Dance\n|turn|12\n|\n|t:|1771248853\n|switch|p2a: Tornadus|Tornadus-Therian, M|100/100\n|move|p1a: Chica|Play Rough|p2a: Tornadus\n|-damage|p2a: Tornadus|3/100\n|\n|-fieldend|move: Trick Room\n|upkeep\n|turn|13\n|\n|t:|1771248864\n|move|p2a: Tornadus|Heat Wave|p1a: Chica\n|-supereffective|p1a: Chica\n|-damage|p1a: Chica|49/100\n|move|p1a: Chica|Swords Dance|p1a: Chica\n|-boost|p1a: Chica|atk|2\n|\n|upkeep\n|turn|14\n|\n|t:|1771248868\n|move|p1a: Chica|Sucker Punch|p2a: Tornadus\n|-damage|p2a: Tornadus|0 fnt\n|faint|p2a: Tornadus\n|\n|upkeep\n|\n|t:|1771248871\n|switch|p2a: Tapu Koko|Tapu Koko, shiny|100/100\n|-fieldstart|move: Electric Terrain|[from] ability: Electric Surge|[of] p2a: Tapu Koko\n|turn|15\n|\n|t:|1771248876\n|move|p1a: Chica|Sucker Punch|p2a: Tapu Koko\n|-resisted|p2a: Tapu Koko\n|-damage|p2a: Tapu Koko|34/100\n|move|p2a: Tapu Koko|Volt Switch|p1a: Chica\n|-damage|p1a: Chica|0 fnt\n|faint|p1a: Chica\n|detailschange|p1: Chica|Mawile, F|[silent]\n|\n|t:|1771248881\n|switch|p2a: Iron Valiant|Iron Valiant, shiny|100/100|[from] Volt Switch\n|-activate|p2a: Iron Valiant|ability: Quark Drive\n|-start|p2a: Iron Valiant|quarkdrivespe\n|\n|upkeep\n|\n|t:|1771248883\n|switch|p1a: F10-N4|Porygon2|64/100\n|turn|16\n|\n|t:|1771248885\n|move|p2a: Iron Valiant|Close Combat|p1a: F10-N4\n|-supereffective|p1a: F10-N4\n|-damage|p1a: F10-N4|0 fnt\n|-unboost|p2a: Iron Valiant|def|1\n|-unboost|p2a: Iron Valiant|spd|1\n|faint|p1a: F10-N4\n|\n|upkeep\n|\n|t:|1771248888\n|switch|p1a: Bonnie|Marowak-Alola, M|100/100\n|turn|17\n|-message|riderzitto5 forfeited.\n|\n|win|Oddalex\n|raw|riderzitto5's rating: 1639 &rarr; <strong>1619</strong><br />(-20 for losing)\n|raw|Oddalex's rating: 1645 &rarr; <strong>1665</strong><br />(+20 for winning)\n|l|☆riderzitto5\n|player|p1|\n|l| corvipelon\n", "uploadtime": 1771249143, "views": 6, "formatid": "gen9nationaldex", "rating": 1619, "private": 0, "password": null}