{"id": "gen9nationaldex-2540770710", "format": "[Gen 9] National Dex", "players": ["riderzitto5", "stowt"], "log": "|j|☆riderzitto5\n|j|☆stowt\n|t:|1771252086\n|gametype|singles\n|player|p1|riderzitto5|petrel|1695\n|player|p2|stowt|266|1616\n|gen|9\n|tier|[Gen 9] National Dex\n|rated|\n|rule|HP Percentage Mod: HP is shown in percentages\n|rule|Endless Battle Clause: Forcing endless battles is banned\n|rule|Species Clause: Limit one of each Pokémon\n|rule|OHKO Clause: OHKO moves are banned\n|rule|Evasion Clause: Evasion abilities, items, and moves are banned\n|rule|Evasion Abilities Clause: Evasion abilities are banned\n|rule|Evasion Items Clause: Evasion items are banned\n|rule|Evasion Moves Clause: Evasion moves are banned\n|rule|Sleep Clause Mod: Limit one foe put to sleep\n|rule|Terastal Clause: You cannot Terastallize\n|clearpoke\n|poke|p1|Chansey, F|\n|poke|p1|Toxapex, F|\n|poke|p1|Corviknight, M|\n|poke|p1|Clodsire, M|\n|poke|p1|Dondozo, F|\n|poke|p1|Sableye, M|\n|poke|p2|Slowbro-Galar, F|\n|poke|p2|Tapu Lele|\n|poke|p2|Zamazenta-*|\n|poke|p2|Ting-Lu|\n|poke|p2|Corsola-Galar, F|\n|poke|p2|Cinderace, F|\n|teampreview\n|inactive|Battle timer is ON: inactive players will automatically lose when time's up. (requested by stowt)\n|c|☆stowt|:)\n|c|☆riderzitto5|Yoo\n|\n|t:|1771252110\n|teamsize|p1|6\n|teamsize|p2|6\n|start\n|switch|p1a: Timid|Sableye, M, shiny|100/100\n|switch|p2a: Corsola|Corsola-Galar, F|100/100\n|turn|1\n|l|☆riderzitto5\n|inactive|riderzitto5 disconnected and has a minute to reconnect!\n|player|p1|\n|j|☆riderzitto5\n|inactive|riderzitto5 reconnected and has 130 seconds left.\n|player|p1|riderzitto5|petrel|\n|\n|t:|1771252137\n|switch|p2a: Cinderace|Cinderace, F|100/100\n|detailschange|p1a: Timid|Sableye-Mega, M, shiny\n|-mega|p1a: Timid|Sableye|Sablenite\n|move|p1a: Timid|Knock Off|p2a: Cinderace\n|-damage|p2a: Cinderace|55/100\n|-enditem|p2a: Cinderace|Heavy-Duty Boots|[from] move: Knock Off|[of] p1a: Timid\n|\n|upkeep\n|turn|2\n|\n|t:|1771252159\n|move|p1a: Timid|Protect|p1a: Timid\n|-singleturn|p1a: Timid|Protect\n|move|p2a: Cinderace|U-turn|p1a: Timid\n|-activate|p1a: Timid|move: Protect\n|\n|upkeep\n|turn|3\n|\n|t:|1771252164\n|move|p2a: Cinderace|Pyro Ball|p1a: Timid\n|-damage|p1a: Timid|60/100\n|move|p1a: Timid|Knock Off|p2a: Cinderace\n|-damage|p2a: Cinderace|25/100\n|\n|upkeep\n|turn|4\n|\n|t:|1771252169\n|move|p2a: Cinderace|U-turn|p1a: Timid\n|-damage|p1a: Timid|43/100\n|\n|t:|1771252172\n|switch|p2a: Tapu Lele|Tapu Lele, shiny|100/100|[from] U-turn\n|-fieldstart|move: Psychic Terrain|[from] ability: Psychic Surge|[of] p2a: Tapu Lele\n|move|p1a: Timid|Recover|p1a: Timid\n|-heal|p1a: Timid|93/100\n|\n|upkeep\n|turn|5\n|\n|t:|1771252179\n|move|p1a: Timid|Protect|p1a: Timid\n|-singleturn|p1a: Timid|Protect\n|move|p2a: Tapu Lele|Calm Mind|p2a: Tapu Lele\n|-boost|p2a: Tapu Lele|spa|1\n|-boost|p2a: Tapu Lele|spd|1\n|\n|upkeep\n|turn|6\n|\n|t:|1771252189\n|switch|p1a: EggChan|Chansey, F, shiny|100/100\n|move|p2a: Tapu Lele|Moonblast|p1a: EggChan\n|-damage|p1a: EggChan|81/100\n|-unboost|p1a: EggChan|spa|1\n|\n|upkeep\n|turn|7\n|\n|t:|1771252198\n|switch|p2a: Ting-Lu|Ting-Lu|100/100\n|-ability|p2a: Ting-Lu|Vessel of Ruin\n|move|p1a: EggChan|Wish|p1a: EggChan\n|\n|upkeep\n|turn|8\n|\n|t:|1771252205\n|switch|p1a: Timid|Sableye-Mega, M, shiny|93/100\n|move|p2a: Ting-Lu|Ruination|p1a: Timid|[miss]\n|-miss|p2a: Ting-Lu|p1a: Timid\n|\n|-heal|p1a: Timid|100/100|[from] move: Wish|[wisher] EggChan\n|-fieldend|move: Psychic Terrain\n|upkeep\n|turn|9\n|\n|t:|1771252215\n|switch|p2a: Cinderace|Cinderace, F|25/100\n|move|p1a: Timid|Knock Off|p2a: Cinderace\n|-damage|p2a: Cinderace|0 fnt\n|faint|p2a: Cinderace\n|\n|upkeep\n|\n|t:|1771252218\n|switch|p2a: Tapu Lele|Tapu Lele, shiny|100/100\n|-fieldstart|move: Psychic Terrain|[from] ability: Psychic Surge|[of] p2a: Tapu Lele\n|turn|10\n|\n|t:|1771252222\n|switch|p1a: EggChan|Chansey, F, shiny|81/100\n|move|p2a: Tapu Lele|Calm Mind|p2a: Tapu Lele\n|-boost|p2a: Tapu Lele|spa|1\n|-boost|p2a: Tapu Lele|spd|1\n|\n|upkeep\n|turn|11\n|\n|t:|1771252226\n|move|p2a: Tapu Lele|Psyshock|p1a: EggChan\n|-damage|p1a: EggChan|28/100\n|move|p1a: EggChan|Toxic|p2a: Tapu Lele|[miss]\n|-miss|p1a: EggChan|p2a: Tapu Lele\n|\n|upkeep\n|turn|12\n|\n|t:|1771252232\n|switch|p1a: Your BF|Corviknight, M|100/100\n|-ability|p1a: Your BF|Pressure\n|move|p2a: Tapu Lele|Psyshock|p1a: Your BF\n|-resisted|p1a: Your BF\n|-damage|p1a: Your BF|75/100\n|\n|upkeep\n|turn|13\n|\n|t:|1771252246\n|switch|p1a: hehhehe|Clodsire, M, shiny|100/100\n|move|p2a: Tapu Lele|Calm Mind|p2a: Tapu Lele\n|-boost|p2a: Tapu Lele|spa|1\n|-boost|p2a: Tapu Lele|spd|1\n|\n|upkeep\n|turn|14\n|\n|t:|1771252251\n|switch|p1a: Timid|Sableye-Mega, M, shiny|100/100\n|move|p2a: Tapu Lele|Psyshock|p1a: Timid\n|-immune|p1a: Timid\n|\n|-fieldend|move: Psychic Terrain\n|upkeep\n|turn|15\n|\n|t:|1771252261\n|switch|p1a: hehhehe|Clodsire, M, shiny|100/100\n|move|p2a: Tapu Lele|Calm Mind|p2a: Tapu Lele\n|-boost|p2a: Tapu Lele|spa|1\n|-boost|p2a: Tapu Lele|spd|1\n|\n|upkeep\n|turn|16\n|\n|t:|1771252264\n|move|p2a: Tapu Lele|Psyshock|p1a: hehhehe\n|-supereffective|p1a: hehhehe\n|-damage|p1a: hehhehe|3/100\n|move|p1a: hehhehe|Poison Jab|p2a: Tapu Lele\n|-supereffective|p2a: Tapu Lele\n|-damage|p2a: Tapu Lele|36/100\n|\n|-heal|p1a: hehhehe|9/100|[from] item: Black Sludge\n|upkeep\n|turn|17\n|\n|t:|1771252272\n|move|p2a: Tapu Lele|Moonblast|p1a: hehhehe\n|-resisted|p1a: hehhehe\n|-damage|p1a: hehhehe|0 fnt\n|faint|p1a: hehhehe\n|\n|upkeep\n|\n|t:|1771252274\n|switch|p1a: Fish|Dondozo, F, shiny|100/100\n|turn|18\n|\n|t:|1771252277\n|-zpower|p2a: Tapu Lele\n|move|p2a: Tapu Lele|Shattered Psyche|p1a: Fish|[zeffect]\n|-damage|p1a: Fish|19/100\n|move|p1a: Fish|Waterfall|p2a: Tapu Lele\n|-damage|p2a: Tapu Lele|0 fnt\n|faint|p2a: Tapu Lele\n|\n|-heal|p1a: Fish|25/100|[from] item: Leftovers\n|upkeep\n|\n|t:|1771252288\n|switch|p2a: Slowbro|Slowbro-Galar, F|100/100\n|turn|19\n|\n|t:|1771252293\n|switch|p1a: ThePex|Toxapex, F, shiny|100/100\n|move|p2a: Slowbro|Calm Mind|p2a: Slowbro\n|-boost|p2a: Slowbro|spa|1\n|-boost|p2a: Slowbro|spd|1\n|\n|upkeep\n|turn|20\n|\n|t:|1771252298\n|move|p2a: Slowbro|Psyshock|p1a: ThePex\n|-supereffective|p1a: ThePex\n|-damage|p1a: ThePex|51/100\n|move|p1a: ThePex|Haze|p1a: ThePex\n|-clearallboost\n|\n|-heal|p1a: ThePex|57/100|[from] item: Black Sludge\n|upkeep\n|turn|21\n|\n|t:|1771252304\n|move|p2a: Slowbro|Scald|p1a: ThePex\n|-resisted|p1a: ThePex\n|-damage|p1a: ThePex|50/100\n|move|p1a: ThePex|Scald|p2a: Slowbro\n|-damage|p2a: Slowbro|82/100\n|-status|p2a: Slowbro|brn\n|\n|-heal|p1a: ThePex|56/100|[from] item: Black Sludge\n|-damage|p2a: Slowbro|76/100 brn|[from] brn\n|upkeep\n|turn|22\n|\n|t:|1771252311\n|move|p2a: Slowbro|Scald|p1a: ThePex\n|-resisted|p1a: ThePex\n|-damage|p1a: ThePex|47/100\n|move|p1a: ThePex|Recover|p1a: ThePex\n|-heal|p1a: ThePex|98/100\n|\n|-heal|p1a: ThePex|100/100|[from] item: Black Sludge\n|-damage|p2a: Slowbro|70/100 brn|[from] brn\n|upkeep\n|turn|23\n|\n|t:|1771252315\n|move|p2a: Slowbro|Scald|p1a: ThePex\n|-resisted|p1a: ThePex\n|-damage|p1a: ThePex|92/100\n|move|p1a: ThePex|Scald|p2a: Slowbro\n|-damage|p2a: Slowbro|49/100 brn\n|\n|-heal|p1a: ThePex|98/100|[from] item: Black Sludge\n|-damage|p2a: Slowbro|43/100 brn|[from] brn\n|upkeep\n|turn|24\n|\n|t:|1771252319\n|move|p2a: Slowbro|Slack Off|p2a: Slowbro\n|-heal|p2a: Slowbro|93/100 brn\n|move|p1a: ThePex|Scald|p2a: Slowbro\n|-damage|p2a: Slowbro|74/100 brn\n|\n|-heal|p1a: ThePex|100/100|[from] item: Black Sludge\n|-damage|p2a: Slowbro|68/100 brn|[from] brn\n|upkeep\n|turn|25\n|\n|t:|1771252322\n|detailschange|p2a: Slowbro|Slowbro-Mega, F\n|-mega|p2a: Slowbro|Slowbro|Slowbronite\n|move|p2a: Slowbro|Slack Off|p2a: Slowbro\n|-heal|p2a: Slowbro|100/100 brn\n|move|p1a: ThePex|Scald|p2a: Slowbro\n|-resisted|p2a: Slowbro\n|-damage|p2a: Slowbro|91/100 brn\n|\n|-damage|p2a: Slowbro|85/100 brn|[from] brn\n|upkeep\n|turn|26\n|\n|t:|1771252331\n|move|p2a: Slowbro|Scald|p1a: ThePex\n|-resisted|p1a: ThePex\n|-damage|p1a: ThePex|86/100\n|-status|p1a: ThePex|brn\n|move|p1a: ThePex|Scald|p2a: Slowbro\n|-resisted|p2a: Slowbro\n|-damage|p2a: Slowbro|76/100 brn\n|\n|-heal|p1a: ThePex|92/100 brn|[from] item: Black Sludge\n|-damage|p2a: Slowbro|70/100 brn|[from] brn\n|-damage|p1a: ThePex|86/100 brn|[from] brn\n|upkeep\n|turn|27\n|\n|t:|1771252338\n|move|p2a: Slowbro|Calm Mind|p2a: Slowbro\n|-boost|p2a: Slowbro|spa|1\n|-boost|p2a: Slowbro|spd|1\n|move|p1a: ThePex|Haze|p1a: ThePex\n|-clearallboost\n|\n|-heal|p1a: ThePex|92/100 brn|[from] item: Black Sludge\n|-damage|p2a: Slowbro|64/100 brn|[from] brn\n|-damage|p1a: ThePex|86/100 brn|[from] brn\n|upkeep\n|turn|28\n|\n|t:|1771252343\n|move|p2a: Slowbro|Calm Mind|p2a: Slowbro\n|-boost|p2a: Slowbro|spa|1\n|-boost|p2a: Slowbro|spd|1\n|move|p1a: ThePex|Scald|p2a: Slowbro\n|-resisted|p2a: Slowbro\n|-damage|p2a: Slowbro|58/100 brn\n|\n|-heal|p1a: ThePex|92/100 brn|[from] item: Black Sludge\n|-damage|p2a: Slowbro|52/100 brn|[from] brn\n|-damage|p1a: ThePex|86/100 brn|[from] brn\n|upkeep\n|turn|29\n|\n|t:|1771252345\n|move|p2a: Slowbro|Psyshock|p1a: ThePex\n|-supereffective|p1a: ThePex\n|-damage|p1a: ThePex|28/100 brn\n|move|p1a: ThePex|Haze|p1a: ThePex\n|-clearallboost\n|\n|-heal|p1a: ThePex|34/100 brn|[from] item: Black Sludge\n|-damage|p2a: Slowbro|46/100 brn|[from] brn\n|-damage|p1a: ThePex|28/100 brn|[from] brn\n|upkeep\n|turn|30\n|\n|t:|1771252349\n|switch|p1a: EggChan|Chansey, F, shiny|28/100\n|move|p2a: Slowbro|Psyshock|p1a: EggChan\n|-damage|p1a: EggChan|5/100\n|\n|-damage|p2a: Slowbro|40/100 brn|[from] brn\n|upkeep\n|turn|31\n|\n|t:|1771252357\n|switch|p1a: Timid|Sableye-Mega, M, shiny|100/100\n|move|p2a: Slowbro|Psyshock|p1a: Timid\n|-immune|p1a: Timid\n|\n|-damage|p2a: Slowbro|34/100 brn|[from] brn\n|upkeep\n|turn|32\n|\n|t:|1771252362\n|move|p2a: Slowbro|Slack Off|p2a: Slowbro\n|-heal|p2a: Slowbro|84/100 brn\n|move|p1a: Timid|Knock Off|p2a: Slowbro\n|-supereffective|p2a: Slowbro\n|-damage|p2a: Slowbro|66/100 brn\n|\n|-damage|p2a: Slowbro|60/100 brn|[from] brn\n|upkeep\n|turn|33\n|\n|t:|1771252365\n|move|p2a: Slowbro|Calm Mind|p2a: Slowbro\n|-boost|p2a: Slowbro|spa|1\n|-boost|p2a: Slowbro|spd|1\n|move|p1a: Timid|Knock Off|p2a: Slowbro\n|-supereffective|p2a: Slowbro\n|-damage|p2a: Slowbro|42/100 brn\n|\n|-damage|p2a: Slowbro|36/100 brn|[from] brn\n|upkeep\n|turn|34\n|\n|t:|1771252367\n|move|p2a: Slowbro|Slack Off|p2a: Slowbro\n|-heal|p2a: Slowbro|86/100 brn\n|move|p1a: Timid|Knock Off|p2a: Slowbro\n|-supereffective|p2a: Slowbro\n|-damage|p2a: Slowbro|70/100 brn\n|\n|-damage|p2a: Slowbro|64/100 brn|[from] brn\n|upkeep\n|turn|35\n|\n|t:|1771252370\n|move|p2a: Slowbro|Slack Off|p2a: Slowbro\n|-heal|p2a: Slowbro|100/100 brn\n|move|p1a: Timid|Knock Off|p2a: Slowbro\n|-supereffective|p2a: Slowbro\n|-damage|p2a: Slowbro|83/100 brn\n|\n|-damage|p2a: Slowbro|77/100 brn|[from] brn\n|upkeep\n|turn|36\n|\n|t:|1771252372\n|move|p2a: Slowbro|Scald|p1a: Timid\n|-damage|p1a: Timid|46/100\n|-status|p1a: Timid|brn\n|move|p1a: Timid|Knock Off|p2a: Slowbro\n|-supereffective|p2a: Slowbro\n|-damage|p2a: Slowbro|69/100 brn\n|\n|-damage|p2a: Slowbro|63/100 brn|[from] brn\n|-damage|p1a: Timid|40/100 brn|[from] brn\n|upkeep\n|turn|37\n|\n|t:|1771252376\n|move|p2a: Slowbro|Slack Off|p2a: Slowbro\n|-heal|p2a: Slowbro|100/100 brn\n|move|p1a: Timid|Knock Off|p2a: Slowbro\n|-supereffective|p2a: Slowbro\n|-damage|p2a: Slowbro|91/100 brn\n|\n|-damage|p2a: Slowbro|85/100 brn|[from] brn\n|-damage|p1a: Timid|34/100 brn|[from] brn\n|upkeep\n|turn|38\n|-message|riderzitto5 forfeited.\n|\n|win|stowt\n|raw|riderzitto5's rating: 1695 &rarr; <strong>1671</strong><br />(-24 for losing)\n|raw|stowt's rating: 1616 &rarr; <strong>1640</strong><br />(+24 for winning)\n|l|☆riderzitto5\n|player|p1|\n|c|☆stowt|gg\n|l|☆stowt\n|player|p2|\n|j|☆stowt\n|player|p2|stowt|266|\n|l|☆stowt\n|player|p2|\n", "uploadtime": 1771252576, "views": 4, "formatid": "gen9nationaldex", "rating": 1640, "private": 0, "password": null}