{"id": "gen9nationaldex-2540344218", "format": "[Gen 9] National Dex", "players": ["rasb", "Ghshs"], "log": "|j|☆rasb\n|j|☆Ghshs\n|t:|1771191009\n|gametype|singles\n|player|p1|rasb|266|1549\n|player|p2|Ghshs|emmet|1613\n|gen|9\n|tier|[Gen 9] National Dex\n|rated|\n|rule|HP Percentage Mod: HP is shown in percentages\n|rule|Endless Battle Clause: Forcing endless battles is banned\n|rule|Species Clause: Limit one of each Pokémon\n|rule|OHKO Clause: OHKO moves are banned\n|rule|Evasion Clause: Evasion abilities, items, and moves are banned\n|rule|Evasion Abilities Clause: Evasion abilities are banned\n|rule|Evasion Items Clause: Evasion items are banned\n|rule|Evasion Moves Clause: Evasion moves are banned\n|rule|Sleep Clause Mod: Limit one foe put to sleep\n|rule|Terastal Clause: You cannot Terastallize\n|clearpoke\n|poke|p1|Charizard, M|\n|poke|p1|Great Tusk|\n|poke|p1|Ceruledge, F|\n|poke|p1|Raging Bolt|\n|poke|p1|Heatran, M|\n|poke|p1|Hatterene, F|\n|poke|p2|Great Tusk|\n|poke|p2|Ferrothorn, M|\n|poke|p2|Alomomola, M|\n|poke|p2|Diancie|\n|poke|p2|Tapu Lele|\n|poke|p2|Iron Moth|\n|teampreview\n|inactive|Battle timer is ON: inactive players will automatically lose when time's up. (requested by Ghshs)\n|inactive|rasb also wants the timer to be on.\n|\n|t:|1771191012\n|teamsize|p1|6\n|teamsize|p2|6\n|start\n|switch|p1a: Heatran|Heatran, M|100/100\n|switch|p2a: Diancie|Diancie|100/100\n|turn|1\n|\n|t:|1771191019\n|detailschange|p2a: Diancie|Diancie-Mega\n|-mega|p2a: Diancie|Diancie|Diancite\n|move|p1a: Heatran|Steel Beam|p2a: Diancie\n|-supereffective|p2a: Diancie\n|-damage|p2a: Diancie|0 fnt\n|-damage|p1a: Heatran|50/100|[from] steelbeam\n|faint|p2a: Diancie\n|detailschange|p2: Diancie|Diancie|[silent]\n|\n|upkeep\n|\n|t:|1771191030\n|switch|p2a: Alomomola|Alomomola, M|100/100\n|turn|2\n|\n|t:|1771191033\n|switch|p1a: Raging Bolt|Raging Bolt|100/100\n|move|p2a: Alomomola|Flip Turn|p1a: Raging Bolt\n|-resisted|p1a: Raging Bolt\n|-damage|p1a: Raging Bolt|93/100\n|\n|t:|1771191038\n|switch|p2a: Tapu Lele|Tapu Lele|100/100|[from] Flip Turn\n|-fieldstart|move: Psychic Terrain|[from] ability: Psychic Surge|[of] p2a: Tapu Lele\n|\n|-heal|p1a: Raging Bolt|99/100|[from] item: Leftovers\n|upkeep\n|turn|3\n|\n|t:|1771191041\n|-end|p1a: Raging Bolt|Protosynthesis|[silent]\n|switch|p1a: Heatran|Heatran, M|50/100\n|move|p2a: Tapu Lele|Moonblast|p1a: Heatran\n|-resisted|p1a: Heatran\n|-damage|p1a: Heatran|38/100\n|-unboost|p1a: Heatran|spa|1\n|\n|upkeep\n|turn|4\n|\n|t:|1771191047\n|switch|p2a: Alomomola|Alomomola, M|100/100\n|move|p1a: Heatran|Steel Beam|p2a: Alomomola\n|-resisted|p2a: Alomomola\n|-damage|p2a: Alomomola|88/100\n|-damage|p1a: Heatran|0 fnt|[from] steelbeam\n|faint|p1a: Heatran\n|\n|upkeep\n|\n|t:|1771191052\n|switch|p1a: Raging Bolt|Raging Bolt|99/100\n|turn|5\n|\n|t:|1771191055\n|move|p1a: Raging Bolt|Calm Mind|p1a: Raging Bolt\n|-boost|p1a: Raging Bolt|spa|1\n|-boost|p1a: Raging Bolt|spd|1\n|move|p2a: Alomomola|Mirror Coat||[still]\n|-fail|p2a: Alomomola\n|\n|-heal|p1a: Raging Bolt|100/100|[from] item: Leftovers\n|upkeep\n|turn|6\n|inactive|rasb has 120 seconds left.\n|\n|t:|1771191088\n|move|p1a: Raging Bolt|Calm Mind|p1a: Raging Bolt\n|-boost|p1a: Raging Bolt|spa|1\n|-boost|p1a: Raging Bolt|spd|1\n|move|p2a: Alomomola|Alluring Voice|p1a: Raging Bolt\n|-supereffective|p1a: Raging Bolt\n|-damage|p1a: Raging Bolt|91/100\n|-start|p1a: Raging Bolt|confusion\n|\n|-heal|p1a: Raging Bolt|98/100|[from] item: Leftovers\n|-fieldend|move: Psychic Terrain\n|upkeep\n|turn|7\n|\n|t:|1771191094\n|switch|p2a: Great Tusk|Great Tusk|100/100\n|-activate|p1a: Raging Bolt|confusion\n|move|p1a: Raging Bolt|Calm Mind|p1a: Raging Bolt\n|-boost|p1a: Raging Bolt|spa|1\n|-boost|p1a: Raging Bolt|spd|1\n|\n|-heal|p1a: Raging Bolt|100/100|[from] item: Leftovers\n|upkeep\n|turn|8\n|\n|t:|1771191097\n|move|p2a: Great Tusk|Headlong Rush|p1a: Raging Bolt\n|-supereffective|p1a: Raging Bolt\n|-damage|p1a: Raging Bolt|0 fnt\n|-unboost|p2a: Great Tusk|def|1\n|-unboost|p2a: Great Tusk|spd|1\n|faint|p1a: Raging Bolt\n|-end|p1a: Raging Bolt|Protosynthesis|[silent]\n|\n|upkeep\n|\n|t:|1771191105\n|switch|p1a: Charizard|Charizard, M|100/100\n|turn|9\n|\n|t:|1771191115\n|-end|p2a: Great Tusk|Protosynthesis|[silent]\n|switch|p2a: Ferrothorn|Ferrothorn, M|100/100\n|detailschange|p1a: Charizard|Charizard-Mega-Y, M\n|-mega|p1a: Charizard|Charizard|Charizardite Y\n|-weather|SunnyDay|[from] ability: Drought|[of] p1a: Charizard\n|move|p1a: Charizard|Weather Ball|p2a: Ferrothorn\n|-supereffective|p2a: Ferrothorn\n|-damage|p2a: Ferrothorn|0 fnt\n|faint|p2a: Ferrothorn\n|\n|-weather|SunnyDay|[upkeep]\n|upkeep\n|\n|t:|1771191122\n|switch|p2a: Alomomola|Alomomola, M|100/100\n|turn|10\n|\n|t:|1771191127\n|switch|p1a: Hatterene|Hatterene, F|100/100\n|move|p2a: Alomomola|Mirror Coat||[still]\n|-fail|p2a: Alomomola\n|\n|-weather|SunnyDay|[upkeep]\n|upkeep\n|turn|11\n|\n|t:|1771191131\n|move|p2a: Alomomola|Flip Turn|p1a: Hatterene\n|-damage|p1a: Hatterene|92/100\n|\n|t:|1771191134\n|switch|p2a: Tapu Lele|Tapu Lele|100/100|[from] Flip Turn\n|-fieldstart|move: Psychic Terrain|[from] ability: Psychic Surge|[of] p2a: Tapu Lele\n|move|p1a: Hatterene|Nuzzle|p2a: Tapu Lele\n|-damage|p2a: Tapu Lele|94/100\n|-status|p2a: Tapu Lele|par\n|\n|-weather|SunnyDay|[upkeep]\n|upkeep\n|turn|12\n|\n|t:|1771191139\n|move|p2a: Tapu Lele|Moonblast|p1a: Hatterene\n|-damage|p1a: Hatterene|59/100\n|move|p1a: Hatterene|Mystical Fire|p2a: Tapu Lele\n|-damage|p2a: Tapu Lele|47/100 par\n|-unboost|p2a: Tapu Lele|spa|1\n|\n|-weather|SunnyDay|[upkeep]\n|upkeep\n|turn|13\n|\n|t:|1771191144\n|switch|p2a: Great Tusk|Great Tusk|100/100\n|-activate|p2a: Great Tusk|ability: Protosynthesis\n|-start|p2a: Great Tusk|protosynthesisatk\n|move|p1a: Hatterene|Draining Kiss|p2a: Great Tusk\n|-supereffective|p2a: Great Tusk\n|-damage|p2a: Great Tusk|27/100\n|-heal|p1a: Hatterene|100/100|[from] drain|[of] p2a: Great Tusk\n|\n|-weather|none\n|-end|p2a: Great Tusk|Protosynthesis\n|upkeep\n|turn|14\n|\n|t:|1771191148\n|move|p2a: Great Tusk|Close Combat|p1a: Hatterene\n|-resisted|p1a: Hatterene\n|-damage|p1a: Hatterene|86/100\n|-unboost|p2a: Great Tusk|def|1\n|-unboost|p2a: Great Tusk|spd|1\n|move|p1a: Hatterene|Draining Kiss|p2a: Great Tusk\n|-supereffective|p2a: Great Tusk\n|-damage|p2a: Great Tusk|0 fnt\n|-heal|p1a: Hatterene|100/100|[from] drain|[of] p2a: Great Tusk\n|faint|p2a: Great Tusk\n|-end|p2a: Great Tusk|Protosynthesis|[silent]\n|\n|upkeep\n|\n|t:|1771191153\n|switch|p2a: Iron Moth|Iron Moth|100/100\n|turn|15\n|\n|t:|1771191156\n|move|p2a: Iron Moth|Fiery Dance|p1a: Hatterene\n|-damage|p1a: Hatterene|70/100\n|move|p1a: Hatterene|Psyshock|p2a: Iron Moth\n|-supereffective|p2a: Iron Moth\n|-damage|p2a: Iron Moth|0 fnt\n|faint|p2a: Iron Moth\n|-end|p2a: Iron Moth|Quark Drive|[silent]\n|\n|-fieldend|move: Psychic Terrain\n|upkeep\n|\n|t:|1771191161\n|switch|p2a: Alomomola|Alomomola, M|100/100\n|turn|16\n|-message|Ghshs forfeited.\n|\n|win|rasb\n|raw|rasb's rating: 1522 &rarr; <strong>1547</strong><br />(+25 for winning)\n|raw|Ghshs's rating: 1613 &rarr; <strong>1588</strong><br />(-25 for losing)\n|l|☆Ghshs\n|player|p2|\n", "uploadtime": 1771191163, "views": 6, "formatid": "gen9nationaldex", "rating": 1547, "private": 0, "password": null}