{"id": "gen9nationaldex-2540576034", "format": "[Gen 9] National Dex", "players": ["yuxia233", "rainfarmer"], "log": "|j|☆yuxia233\n|j|☆rainfarmer\n|t:|1771220603\n|gametype|singles\n|player|p1|yuxia233|dawn|1522\n|player|p2|rainfarmer|101|1614\n|gen|9\n|tier|[Gen 9] National Dex\n|rated|\n|rule|HP Percentage Mod: HP is shown in percentages\n|rule|Endless Battle Clause: Forcing endless battles is banned\n|rule|Species Clause: Limit one of each Pokémon\n|rule|OHKO Clause: OHKO moves are banned\n|rule|Evasion Clause: Evasion abilities, items, and moves are banned\n|rule|Evasion Abilities Clause: Evasion abilities are banned\n|rule|Evasion Items Clause: Evasion items are banned\n|rule|Evasion Moves Clause: Evasion moves are banned\n|rule|Sleep Clause Mod: Limit one foe put to sleep\n|rule|Terastal Clause: You cannot Terastallize\n|clearpoke\n|poke|p1|Kingambit, F|\n|poke|p1|Zamazenta-*|\n|poke|p1|Diancie|\n|poke|p1|Alomomola, F|\n|poke|p1|Slowking-Galar, F|\n|poke|p1|Landorus-Therian, M|\n|poke|p2|Tapu Koko|\n|poke|p2|Weavile, M|\n|poke|p2|Slowking-Galar, M|\n|poke|p2|Corviknight, M|\n|poke|p2|Garchomp, F|\n|poke|p2|Terapagos, M|\n|teampreview\n|inactive|Battle timer is ON: inactive players will automatically lose when time's up. (requested by yuxia233)\n|\n|t:|1771220615\n|teamsize|p1|6\n|teamsize|p2|6\n|start\n|switch|p1a: Landorus|Landorus-Therian, M|100/100\n|switch|p2a: Tapu Koko|Tapu Koko|100/100\n|-fieldstart|move: Electric Terrain|[from] ability: Electric Surge|[of] p2a: Tapu Koko\n|-ability|p1a: Landorus|Intimidate|boost\n|-unboost|p2a: Tapu Koko|atk|1\n|turn|1\n|\n|t:|1771220624\n|switch|p2a: Corviknight|Corviknight, M|100/100\n|-ability|p2a: Corviknight|Pressure\n|move|p1a: Landorus|Earthquake|p2a: Corviknight\n|-immune|p2a: Corviknight\n|\n|upkeep\n|turn|2\n|\n|t:|1771220628\n|move|p1a: Landorus|Stealth Rock|p2a: Corviknight\n|-sidestart|p2: rainfarmer|move: Stealth Rock\n|move|p2a: Corviknight|U-turn|p1a: Landorus\n|-resisted|p1a: Landorus\n|-damage|p1a: Landorus|92/100\n|\n|t:|1771220631\n|switch|p2a: Weavile|Weavile, M|100/100|[from] U-turn\n|-ability|p2a: Weavile|Pressure\n|\n|-heal|p1a: Landorus|98/100|[from] item: Leftovers\n|upkeep\n|turn|3\n|\n|t:|1771220650\n|switch|p1a: Alomomola|Alomomola, F|100/100\n|move|p2a: Weavile|Knock Off|p1a: Alomomola\n|-crit|p1a: Alomomola\n|-damage|p1a: Alomomola|62/100\n|-damage|p2a: Weavile|84/100|[from] item: Rocky Helmet|[of] p1a: Alomomola\n|-enditem|p1a: Alomomola|Rocky Helmet|[from] move: Knock Off|[of] p2a: Weavile\n|\n|upkeep\n|turn|4\n|\n|t:|1771220667\n|switch|p2a: Corviknight|Corviknight, M|100/100\n|-damage|p2a: Corviknight|88/100|[from] Stealth Rock\n|-ability|p2a: Corviknight|Pressure\n|move|p1a: Alomomola|Flip Turn|p2a: Corviknight\n|-damage|p2a: Corviknight|78/100\n|-damage|p1a: Alomomola|45/100|[from] item: Rocky Helmet|[of] p2a: Corviknight\n|\n|t:|1771220676\n|switch|p1a: Diancie|Diancie|100/100|[from] Flip Turn\n|\n|upkeep\n|turn|5\n|\n|t:|1771220679\n|switch|p2a: Slowking|Slowking-Galar, M|100/100\n|-damage|p2a: Slowking|88/100|[from] Stealth Rock\n|detailschange|p1a: Diancie|Diancie-Mega\n|-mega|p1a: Diancie|Diancie|Diancite\n|move|p1a: Diancie|Mystical Fire|p2a: Slowking\n|-damage|p2a: Slowking|70/100\n|-unboost|p2a: Slowking|spa|1\n|\n|-heal|p2a: Slowking|76/100|[from] item: Black Sludge\n|-fieldend|move: Electric Terrain\n|upkeep\n|turn|6\n|\n|t:|1771220683\n|move|p1a: Diancie|Earth Power|p2a: Slowking\n|-supereffective|p2a: Slowking\n|-damage|p2a: Slowking|34/100\n|move|p2a: Slowking|Sludge Bomb|p1a: Diancie\n|-damage|p1a: Diancie|70/100\n|\n|-heal|p2a: Slowking|40/100|[from] item: Black Sludge\n|upkeep\n|turn|7\n|\n|t:|1771220694\n|switch|p2a: Corviknight|Corviknight, M|78/100\n|-damage|p2a: Corviknight|66/100|[from] Stealth Rock\n|-ability|p2a: Corviknight|Pressure\n|move|p1a: Diancie|Earth Power|p2a: Corviknight\n|-immune|p2a: Corviknight\n|\n|upkeep\n|turn|8\n|\n|t:|1771220696\n|switch|p2a: Slowking|Slowking-Galar, M|73/100\n|-damage|p2a: Slowking|61/100|[from] Stealth Rock\n|move|p1a: Diancie|Mystical Fire|p2a: Slowking\n|-damage|p2a: Slowking|43/100\n|-unboost|p2a: Slowking|spa|1\n|\n|-heal|p2a: Slowking|49/100|[from] item: Black Sludge\n|upkeep\n|turn|9\n|\n|t:|1771220699\n|move|p1a: Diancie|Earth Power|p2a: Slowking\n|-supereffective|p2a: Slowking\n|-damage|p2a: Slowking|9/100\n|-prepare|p2a: Slowking|Chilly Reception|[premajor]\n|move|p2a: Slowking|Chilly Reception|p2a: Slowking\n|-weather|Snowscape\n|\n|t:|1771220706\n|switch|p2a: Terapagos|Terapagos, M|100/100|[from] Chilly Reception\n|-activate|p2a: Terapagos|ability: Tera Shift\n|detailschange|p2a: Terapagos|Terapagos-Terastal, M\n|-heal|p2a: Terapagos|100/100|[silent]\n|\n|-weather|Snowscape|[upkeep]\n|upkeep\n|turn|10\n|\n|t:|1771220717\n|switch|p1a: Slowking|Slowking-Galar, F|100/100\n|move|p2a: Terapagos|Rapid Spin|p1a: Slowking\n|-damage|p1a: Slowking|84/100\n|-boost|p2a: Terapagos|spe|1\n|-sideend|p2: rainfarmer|Stealth Rock|[from] move: Rapid Spin|[of] p2a: Terapagos\n|\n|-weather|Snowscape|[upkeep]\n|upkeep\n|turn|11\n|\n|t:|1771220723\n|switch|p2a: Weavile|Weavile, M|84/100\n|-ability|p2a: Weavile|Pressure\n|move|p1a: Slowking|Flamethrower|p2a: Weavile\n|-supereffective|p2a: Weavile\n|-damage|p2a: Weavile|17/100\n|\n|-weather|Snowscape|[upkeep]\n|upkeep\n|turn|12\n|\n|t:|1771220728\n|switch|p1a: Alomomola|Alomomola, F|78/100\n|move|p2a: Weavile|Knock Off|p1a: Alomomola\n|-damage|p1a: Alomomola|62/100\n|\n|-weather|Snowscape|[upkeep]\n|upkeep\n|turn|13\n|\n|t:|1771220736\n|switch|p2a: Slowking|Slowking-Galar, M|43/100\n|move|p1a: Alomomola|Flip Turn|p2a: Slowking\n|-damage|p2a: Slowking|26/100\n|\n|t:|1771220739\n|switch|p1a: Diancie|Diancie-Mega|70/100|[from] Flip Turn\n|\n|-weather|none\n|-heal|p2a: Slowking|32/100|[from] item: Black Sludge\n|upkeep\n|turn|14\n|\n|t:|1771220746\n|switch|p2a: Corviknight|Corviknight, M|66/100\n|-ability|p2a: Corviknight|Pressure\n|move|p1a: Diancie|Moonblast|p2a: Corviknight\n|-resisted|p2a: Corviknight\n|-damage|p2a: Corviknight|38/100\n|\n|upkeep\n|turn|15\n|\n|t:|1771220751\n|switch|p2a: Slowking|Slowking-Galar, M|65/100\n|move|p1a: Diancie|Mystical Fire|p2a: Slowking\n|-crit|p2a: Slowking\n|-damage|p2a: Slowking|37/100\n|-unboost|p2a: Slowking|spa|1\n|\n|-heal|p2a: Slowking|43/100|[from] item: Black Sludge\n|upkeep\n|turn|16\n|\n|t:|1771220757\n|move|p1a: Diancie|Mystical Fire|p2a: Slowking\n|-damage|p2a: Slowking|24/100\n|-unboost|p2a: Slowking|spa|1\n|-prepare|p2a: Slowking|Chilly Reception|[premajor]\n|move|p2a: Slowking|Chilly Reception|p2a: Slowking\n|-weather|Snowscape\n|\n|t:|1771220767\n|switch|p2a: Tapu Koko|Tapu Koko|100/100|[from] Chilly Reception\n|-fieldstart|move: Electric Terrain|[from] ability: Electric Surge|[of] p2a: Tapu Koko\n|\n|-weather|Snowscape|[upkeep]\n|upkeep\n|turn|17\n|\n|t:|1771220776\n|switch|p1a: Slowking|Slowking-Galar, F|100/100\n|move|p2a: Tapu Koko|Volt Switch|p1a: Slowking\n|-damage|p1a: Slowking|64/100\n|\n|t:|1771220779\n|switch|p2a: Garchomp|Garchomp, F|100/100|[from] Volt Switch\n|\n|-weather|Snowscape|[upkeep]\n|upkeep\n|turn|18\n|\n|t:|1771220787\n|switch|p1a: Landorus|Landorus-Therian, M|98/100\n|-ability|p1a: Landorus|Intimidate|boost\n|-unboost|p2a: Garchomp|atk|1\n|move|p2a: Garchomp|Stealth Rock|p1a: Landorus\n|-sidestart|p1: yuxia233|move: Stealth Rock\n|\n|-weather|Snowscape|[upkeep]\n|-heal|p1a: Landorus|100/100|[from] item: Leftovers\n|upkeep\n|turn|19\n|\n|t:|1771220794\n|move|p2a: Garchomp|Swords Dance|p2a: Garchomp\n|-boost|p2a: Garchomp|atk|2\n|move|p1a: Landorus|Defog|p2a: Garchomp\n|-unboost|p2a: Garchomp|evasion|1\n|-sideend|p1: yuxia233|Stealth Rock|[from] move: Defog|[of] p1a: Landorus\n|-fieldend|move: Electric Terrain\n|\n|-weather|Snowscape|[upkeep]\n|upkeep\n|turn|20\n|\n|t:|1771220799\n|move|p2a: Garchomp|Scale Shot|p1a: Landorus\n|-damage|p1a: Landorus|79/100\n|-damage|p1a: Landorus|55/100\n|-damage|p1a: Landorus|33/100\n|-damage|p1a: Landorus|9/100\n|-damage|p1a: Landorus|0 fnt\n|faint|p1a: Landorus\n|-hitcount|p1: Landorus|5\n|-unboost|p2a: Garchomp|def|1\n|-boost|p2a: Garchomp|spe|1\n|\n|-weather|none\n|upkeep\n|\n|t:|1771220802\n|switch|p1a: Zamazenta|Zamazenta|100/100\n|-ability|p1a: Zamazenta|Dauntless Shield|boost\n|-boost|p1a: Zamazenta|def|1\n|turn|21\n|\n|t:|1771220819\n|move|p2a: Garchomp|Earthquake|p1a: Zamazenta\n|-damage|p1a: Zamazenta|62/100\n|move|p1a: Zamazenta|Ice Fang|p2a: Garchomp\n|-supereffective|p2a: Garchomp\n|-damage|p2a: Garchomp|0 fnt\n|-damage|p1a: Zamazenta|49/100|[from] ability: Rough Skin|[of] p2a: Garchomp\n|faint|p2a: Garchomp\n|\n|upkeep\n|\n|t:|1771220831\n|switch|p2a: Tapu Koko|Tapu Koko|100/100\n|-fieldstart|move: Electric Terrain|[from] ability: Electric Surge|[of] p2a: Tapu Koko\n|turn|22\n|\n|t:|1771220837\n|switch|p1a: Slowking|Slowking-Galar, F|98/100\n|move|p2a: Tapu Koko|Volt Switch|p1a: Slowking\n|-damage|p1a: Slowking|66/100\n|\n|t:|1771220840\n|switch|p2a: Weavile|Weavile, M|17/100|[from] Volt Switch\n|-ability|p2a: Weavile|Pressure\n|\n|upkeep\n|turn|23\n|\n|t:|1771220843\n|switch|p2a: Tapu Koko|Tapu Koko|100/100\n|switch|p1a: Alomomola|Alomomola, F|95/100\n|\n|upkeep\n|turn|24\n|\n|t:|1771220845\n|move|p1a: Alomomola|Protect|p1a: Alomomola\n|-singleturn|p1a: Alomomola|Protect\n|move|p2a: Tapu Koko|Volt Switch|p1a: Alomomola\n|-activate|p1a: Alomomola|move: Protect\n|\n|upkeep\n|turn|25\n|\n|t:|1771220849\n|switch|p1a: Slowking|Slowking-Galar, F|99/100\n|move|p2a: Tapu Koko|Volt Switch|p1a: Slowking\n|-damage|p1a: Slowking|64/100\n|\n|t:|1771220854\n|switch|p2a: Terapagos|Terapagos-Terastal, M|100/100|[from] Volt Switch\n|\n|upkeep\n|turn|26\n|\n|t:|1771220860\n|move|p2a: Terapagos|Earth Power|p1a: Slowking\n|-supereffective|p1a: Slowking\n|-damage|p1a: Slowking|31/100\n|move|p1a: Slowking|Flamethrower|p2a: Terapagos\n|-activate|p2a: Terapagos|ability: Tera Shell\n|-resisted|p2a: Terapagos\n|-damage|p2a: Terapagos|90/100\n|\n|-fieldend|move: Electric Terrain\n|upkeep\n|turn|27\n|\n|t:|1771220867\n|switch|p1a: Zamazenta|Zamazenta|49/100\n|move|p2a: Terapagos|Earth Power|p1a: Zamazenta\n|-damage|p1a: Zamazenta|29/100\n|-unboost|p1a: Zamazenta|spd|1\n|\n|upkeep\n|turn|28\n|\n|t:|1771220876\n|switch|p1a: Kingambit|Kingambit, F|100/100\n|-activate|p1a: Kingambit|ability: Supreme Overlord\n|-start|p1a: Kingambit|fallen1|[silent]\n|switch|p2a: Slowking|Slowking-Galar, M|57/100\n|\n|-heal|p2a: Slowking|63/100|[from] item: Black Sludge\n|upkeep\n|turn|29\n|\n|t:|1771220881\n|-activate|p2a: Slowking|move: Pursuit\n|move|p1a: Kingambit|Pursuit|p2a: Slowking|[from] Pursuit\n|-supereffective|p2a: Slowking\n|-damage|p2a: Slowking|0 fnt\n|faint|p2a: Slowking\n|-hint|A Pokemon can't switch between when it runs out of HP and when it faints\n|\n|upkeep\n|\n|t:|1771220883\n|switch|p2a: Corviknight|Corviknight, M|38/100\n|-ability|p2a: Corviknight|Pressure\n|turn|30\n|\n|t:|1771220891\n|-end|p1a: Kingambit|fallen1|[silent]\n|switch|p1a: Alomomola|Alomomola, F|100/100\n|move|p2a: Corviknight|Roost|p2a: Corviknight\n|-heal|p2a: Corviknight|88/100\n|-singleturn|p2a: Corviknight|move: Roost\n|\n|upkeep\n|turn|31\n|\n|t:|1771220895\n|move|p2a: Corviknight|Iron Defense|p2a: Corviknight\n|-boost|p2a: Corviknight|def|2\n|move|p1a: Alomomola|Wish|p1a: Alomomola\n|\n|upkeep\n|turn|32\n|\n|t:|1771220900\n|move|p2a: Corviknight|Iron Defense|p2a: Corviknight\n|-boost|p2a: Corviknight|def|2\n|move|p1a: Alomomola|Flip Turn|p2a: Corviknight\n|-damage|p2a: Corviknight|85/100\n|-damage|p1a: Alomomola|84/100|[from] item: Rocky Helmet|[of] p2a: Corviknight\n|\n|t:|1771220905\n|switch|p1a: Slowking|Slowking-Galar, F|64/100|[from] Flip Turn\n|\n|-heal|p1a: Slowking|100/100|[from] move: Wish|[wisher] Alomomola\n|upkeep\n|turn|33\n|-message|rainfarmer forfeited.\n|\n|win|yuxia233\n|raw|yuxia233's rating: 1522 &rarr; <strong>1547</strong><br />(+25 for winning)\n|raw|rainfarmer's rating: 1614 &rarr; <strong>1589</strong><br />(-25 for losing)\n|l|☆rainfarmer\n|player|p2|\n|l|☆yuxia233\n|player|p1|\n", "uploadtime": 1771221173, "views": 5, "formatid": "gen9nationaldex", "rating": 1547, "private": 0, "password": null}