{"id": "gen9nationaldex-2540659506", "format": "[Gen 9] National Dex", "players": ["Duho", "feebaccs"], "log": "|j|☆Duho\n|j|☆feebaccs\n|t:|1771235720\n|gametype|singles\n|player|p1|Duho|whitney|1485\n|player|p2|feebaccs|morty|1595\n|gen|9\n|tier|[Gen 9] National Dex\n|rated|\n|rule|HP Percentage Mod: HP is shown in percentages\n|rule|Endless Battle Clause: Forcing endless battles is banned\n|rule|Species Clause: Limit one of each Pokémon\n|rule|OHKO Clause: OHKO moves are banned\n|rule|Evasion Clause: Evasion abilities, items, and moves are banned\n|rule|Evasion Abilities Clause: Evasion abilities are banned\n|rule|Evasion Items Clause: Evasion items are banned\n|rule|Evasion Moves Clause: Evasion moves are banned\n|rule|Sleep Clause Mod: Limit one foe put to sleep\n|rule|Terastal Clause: You cannot Terastallize\n|clearpoke\n|poke|p1|Alomomola, F|\n|poke|p1|Grimmsnarl, M|\n|poke|p1|Maushold-Four|\n|poke|p1|Ursaluna, F|\n|poke|p1|Manectric, M|\n|poke|p1|Iron Leaves|\n|poke|p2|Ninetales-Alola, M|\n|poke|p2|Arctozolt|\n|poke|p2|Sandslash-Alola, M|\n|poke|p2|Gliscor, F|\n|poke|p2|Tapu Lele|\n|poke|p2|Alomomola, F|\n|teampreview\n|inactive|Battle timer is ON: inactive players will automatically lose when time's up. (requested by feebaccs)\n|\n|t:|1771235737\n|teamsize|p1|6\n|teamsize|p2|6\n|start\n|switch|p1a: Maushold|Maushold-Four|100/100\n|switch|p2a: Ninetales|Ninetales-Alola, M|100/100\n|-weather|Snowscape|[from] ability: Snow Warning|[of] p2a: Ninetales\n|turn|1\n|\n|t:|1771235755\n|switch|p2a: Sandslash|Sandslash-Alola, M|100/100\n|move|p1a: Maushold|Population Bomb|p2a: Sandslash\n|-resisted|p2a: Sandslash\n|-damage|p2a: Sandslash|97/100\n|-resisted|p2a: Sandslash\n|-damage|p2a: Sandslash|93/100\n|-resisted|p2a: Sandslash\n|-damage|p2a: Sandslash|89/100\n|-resisted|p2a: Sandslash\n|-damage|p2a: Sandslash|86/100\n|-resisted|p2a: Sandslash\n|-damage|p2a: Sandslash|82/100\n|-resisted|p2a: Sandslash\n|-damage|p2a: Sandslash|78/100\n|-resisted|p2a: Sandslash\n|-damage|p2a: Sandslash|75/100\n|-resisted|p2a: Sandslash\n|-damage|p2a: Sandslash|71/100\n|-resisted|p2a: Sandslash\n|-damage|p2a: Sandslash|67/100\n|-resisted|p2a: Sandslash\n|-damage|p2a: Sandslash|64/100\n|-hitcount|p2a: Sandslash|10\n|\n|-weather|Snowscape|[upkeep]\n|upkeep\n|turn|2\n|\n|t:|1771235772\n|switch|p1a: Alomomola|Alomomola, F|100/100\n|-zpower|p2a: Sandslash\n|move|p2a: Sandslash|Subzero Slammer|p1a: Alomomola|[zeffect]\n|-resisted|p1a: Alomomola\n|-damage|p1a: Alomomola|79/100\n|-enditem|p1a: Alomomola|Eject Button\n|\n|t:|1771235775\n|switch|p1a: Grimmsnarl|Grimmsnarl, M|100/100\n|\n|-weather|Snowscape|[upkeep]\n|upkeep\n|turn|3\n|\n|t:|1771235778\n|move|p1a: Grimmsnarl|Reflect|p1a: Grimmsnarl\n|-sidestart|p1: Duho|Reflect\n|move|p2a: Sandslash|Swords Dance|p2a: Sandslash\n|-boost|p2a: Sandslash|atk|2\n|\n|-weather|Snowscape|[upkeep]\n|upkeep\n|turn|4\n|\n|t:|1771235785\n|move|p1a: Grimmsnarl|Parting Shot|p2a: Sandslash\n|-unboost|p2a: Sandslash|atk|1\n|-unboost|p2a: Sandslash|spa|1\n|\n|t:|1771235786\n|switch|p1a: Alomomola|Alomomola, F|100/100|[from] Parting Shot\n|move|p2a: Sandslash|Iron Head|p1a: Alomomola\n|-resisted|p1a: Alomomola\n|-damage|p1a: Alomomola|93/100\n|\n|-weather|Snowscape|[upkeep]\n|upkeep\n|turn|5\n|\n|t:|1771235790\n|switch|p2a: Alomomola|Alomomola, F|100/100\n|move|p1a: Alomomola|Wish|p1a: Alomomola\n|\n|-weather|Snowscape|[upkeep]\n|upkeep\n|turn|6\n|\n|t:|1771235795\n|move|p1a: Alomomola|Flip Turn|p2a: Alomomola\n|-resisted|p2a: Alomomola\n|-damage|p2a: Alomomola|96/100\n|\n|t:|1771235798\n|switch|p1a: Iron Leaves|Iron Leaves|100/100|[from] Flip Turn\n|-enditem|p1a: Iron Leaves|Booster Energy\n|-activate|p1a: Iron Leaves|ability: Quark Drive|[fromitem]\n|-start|p1a: Iron Leaves|quarkdrivespe\n|move|p2a: Alomomola|Flip Turn|p1a: Iron Leaves\n|-resisted|p1a: Iron Leaves\n|-damage|p1a: Iron Leaves|96/100\n|\n|t:|1771235821\n|switch|p2a: Gliscor|Gliscor, F|100/100|[from] Flip Turn\n|\n|-weather|Snowscape|[upkeep]\n|-heal|p1a: Iron Leaves|100/100|[from] move: Wish|[wisher] Alomomola\n|-status|p2a: Gliscor|tox|[from] item: Toxic Orb\n|upkeep\n|turn|7\n|\n|t:|1771235828\n|move|p1a: Iron Leaves|Swords Dance|p1a: Iron Leaves\n|-boost|p1a: Iron Leaves|atk|2\n|move|p2a: Gliscor|U-turn|p1a: Iron Leaves\n|-supereffective|p1a: Iron Leaves\n|-damage|p1a: Iron Leaves|63/100\n|\n|t:|1771235845\n|switch|p2a: Ninetales|Ninetales-Alola, M|100/100|[from] U-turn\n|\n|-weather|Snowscape|[upkeep]\n|upkeep\n|turn|8\n|\n|t:|1771235851\n|move|p1a: Iron Leaves|Leaf Blade|p2a: Ninetales\n|-crit|p2a: Ninetales\n|-damage|p2a: Ninetales|0 fnt\n|faint|p2a: Ninetales\n|\n|-weather|none\n|upkeep\n|-message|feebaccs forfeited.\n|\n|win|Duho\n|raw|Duho's rating: 1485 &rarr; <strong>1511</strong><br />(+26 for winning)\n|raw|feebaccs's rating: 1595 &rarr; <strong>1569</strong><br />(-26 for losing)\n|l|☆feebaccs\n|player|p2|\n|l|☆Duho\n|player|p1|\n", "uploadtime": 1771236224, "views": 9, "formatid": "gen9nationaldex", "rating": 1511, "private": 0, "password": null}