{"id": "gen9nationaldex-2540204391", "format": "[Gen 9] National Dex", "players": ["Proxis667", "Vixen 4 Life"], "log": "|j|☆Proxis667\n|j|☆Vixen 4 Life\n|t:|1771175482\n|gametype|singles\n|player|p1|Proxis667|1|1610\n|player|p2|Vixen 4 Life|emma|1605\n|gen|9\n|tier|[Gen 9] National Dex\n|rated|\n|rule|HP Percentage Mod: HP is shown in percentages\n|rule|Endless Battle Clause: Forcing endless battles is banned\n|rule|Species Clause: Limit one of each Pokémon\n|rule|OHKO Clause: OHKO moves are banned\n|rule|Evasion Clause: Evasion abilities, items, and moves are banned\n|rule|Evasion Abilities Clause: Evasion abilities are banned\n|rule|Evasion Items Clause: Evasion items are banned\n|rule|Evasion Moves Clause: Evasion moves are banned\n|rule|Sleep Clause Mod: Limit one foe put to sleep\n|rule|Terastal Clause: You cannot Terastallize\n|clearpoke\n|poke|p1|Swampert, M|\n|poke|p1|Mimikyu, M|\n|poke|p1|Kyurem|\n|poke|p1|Garganacl, F|\n|poke|p1|Politoed, F|\n|poke|p1|Ferrothorn, M|\n|poke|p2|Goodra-Hisui, M|\n|poke|p2|Ceruledge, M|\n|poke|p2|Clodsire, F|\n|poke|p2|Cyclizar, F|\n|poke|p2|Weezing-Galar, M|\n|poke|p2|Umbreon, M|\n|teampreview\n|inactive|Battle timer is ON: inactive players will automatically lose when time's up. (requested by Proxis667)\n|\n|t:|1771175494\n|teamsize|p1|6\n|teamsize|p2|6\n|start\n|switch|p1a: Ferrothorn|Ferrothorn, M|100/100\n|switch|p2a: Doug Dimmadome|Weezing-Galar, M|100/100\n|turn|1\n|\n|t:|1771175499\n|move|p2a: Doug Dimmadome|Overheat|p1a: Ferrothorn\n|-supereffective|p1a: Ferrothorn\n|-damage|p1a: Ferrothorn|0 fnt\n|-unboost|p2a: Doug Dimmadome|spa|2\n|faint|p1a: Ferrothorn\n|\n|upkeep\n|\n|t:|1771175503\n|switch|p1a: Garganacl|Garganacl, F|100/100\n|turn|2\n|\n|t:|1771175507\n|switch|p2a: Wheelie|Cyclizar, F|100/100\n|move|p1a: Garganacl|Salt Cure|p2a: Wheelie\n|-damage|p2a: Wheelie|81/100\n|-start|p2a: Wheelie|Salt Cure\n|\n|-damage|p2a: Wheelie|69/100|[from] Salt Cure\n|upkeep\n|turn|3\n|\n|t:|1771175509\n|move|p2a: Wheelie|U-turn|p1a: Garganacl\n|-damage|p1a: Garganacl|90/100\n|\n|t:|1771175511\n|switch|p2a: Goopy|Clodsire, F|100/100|[from] U-turn\n|move|p1a: Garganacl|Body Press|p2a: Goopy\n|-resisted|p2a: Goopy\n|-damage|p2a: Goopy|93/100\n|-damage|p1a: Garganacl|74/100|[from] item: Rocky Helmet|[of] p2a: Goopy\n|\n|-heal|p1a: Garganacl|80/100|[from] item: Leftovers\n|upkeep\n|turn|4\n|\n|t:|1771175516\n|move|p1a: Garganacl|Salt Cure|p2a: Goopy\n|-resisted|p2a: Goopy\n|-damage|p2a: Goopy|88/100\n|-start|p2a: Goopy|Salt Cure\n|move|p2a: Goopy|Earthquake|p1a: Garganacl\n|-supereffective|p1a: Garganacl\n|-damage|p1a: Garganacl|43/100\n|\n|-heal|p1a: Garganacl|49/100|[from] item: Leftovers\n|-damage|p2a: Goopy|76/100|[from] Salt Cure\n|upkeep\n|turn|5\n|\n|t:|1771175521\n|switch|p2a: Doug Dimmadome|Weezing-Galar, M|100/100\n|move|p1a: Garganacl|Recover|p1a: Garganacl\n|-heal|p1a: Garganacl|99/100\n|\n|-heal|p1a: Garganacl|100/100|[from] item: Leftovers\n|upkeep\n|turn|6\n|\n|t:|1771175524\n|move|p2a: Doug Dimmadome|Strange Steam|p1a: Garganacl\n|-damage|p1a: Garganacl|65/100\n|move|p1a: Garganacl|Salt Cure|p2a: Doug Dimmadome\n|-damage|p2a: Doug Dimmadome|86/100\n|-start|p2a: Doug Dimmadome|Salt Cure\n|\n|-heal|p1a: Garganacl|71/100|[from] item: Leftovers\n|-damage|p2a: Doug Dimmadome|74/100|[from] Salt Cure\n|upkeep\n|turn|7\n|\n|t:|1771175529\n|move|p2a: Doug Dimmadome|Strange Steam|p1a: Garganacl\n|-damage|p1a: Garganacl|35/100\n|move|p1a: Garganacl|Iron Defense|p1a: Garganacl\n|-boost|p1a: Garganacl|def|2\n|\n|-heal|p1a: Garganacl|42/100|[from] item: Leftovers\n|-damage|p2a: Doug Dimmadome|61/100|[from] Salt Cure\n|upkeep\n|turn|8\n|\n|t:|1771175533\n|move|p2a: Doug Dimmadome|Strange Steam|p1a: Garganacl\n|-damage|p1a: Garganacl|4/100\n|move|p1a: Garganacl|Recover|p1a: Garganacl\n|-heal|p1a: Garganacl|54/100\n|\n|-heal|p1a: Garganacl|60/100|[from] item: Leftovers\n|-damage|p2a: Doug Dimmadome|49/100|[from] Salt Cure\n|upkeep\n|turn|9\n|\n|t:|1771175539\n|switch|p2a: Goopy|Clodsire, F|76/100\n|move|p1a: Garganacl|Body Press|p2a: Goopy\n|-resisted|p2a: Goopy\n|-damage|p2a: Goopy|60/100\n|-damage|p1a: Garganacl|43/100|[from] item: Rocky Helmet|[of] p2a: Goopy\n|\n|-heal|p1a: Garganacl|50/100|[from] item: Leftovers\n|upkeep\n|turn|10\n|\n|t:|1771175541\n|move|p1a: Garganacl|Salt Cure|p2a: Goopy\n|-resisted|p2a: Goopy\n|-damage|p2a: Goopy|55/100\n|-start|p2a: Goopy|Salt Cure\n|move|p2a: Goopy|Stealth Rock|p1a: Garganacl\n|-sidestart|p1: Proxis667|move: Stealth Rock\n|\n|-heal|p1a: Garganacl|56/100|[from] item: Leftovers\n|-damage|p2a: Goopy|43/100|[from] Salt Cure\n|upkeep\n|turn|11\n|\n|t:|1771175544\n|move|p1a: Garganacl|Salt Cure|p2a: Goopy\n|-resisted|p2a: Goopy\n|-damage|p2a: Goopy|37/100\n|move|p2a: Goopy|Recover|p2a: Goopy\n|-heal|p2a: Goopy|88/100\n|\n|-heal|p1a: Garganacl|62/100|[from] item: Leftovers\n|-damage|p2a: Goopy|75/100|[from] Salt Cure\n|upkeep\n|turn|12\n|\n|t:|1771175552\n|switch|p2a: Wheelie|Cyclizar, F|100/100\n|move|p1a: Garganacl|Body Press|p2a: Wheelie\n|-supereffective|p2a: Wheelie\n|-damage|p2a: Wheelie|0 fnt\n|faint|p2a: Wheelie\n|\n|-heal|p1a: Garganacl|68/100|[from] item: Leftovers\n|upkeep\n|\n|t:|1771175555\n|switch|p2a: Gawain|Ceruledge, M|100/100\n|turn|13\n|\n|t:|1771175558\n|move|p2a: Gawain|Close Combat|p1a: Garganacl\n|-supereffective|p1a: Garganacl\n|-damage|p1a: Garganacl|21/100\n|-unboost|p2a: Gawain|def|1\n|-unboost|p2a: Gawain|spd|1\n|move|p1a: Garganacl|Salt Cure|p2a: Gawain\n|-supereffective|p2a: Gawain\n|-damage|p2a: Gawain|40/100\n|-start|p2a: Gawain|Salt Cure\n|\n|-heal|p1a: Garganacl|27/100|[from] item: Leftovers\n|-damage|p2a: Gawain|28/100|[from] Salt Cure\n|upkeep\n|turn|14\n|\n|t:|1771175562\n|move|p2a: Gawain|Close Combat|p1a: Garganacl\n|-supereffective|p1a: Garganacl\n|-damage|p1a: Garganacl|0 fnt\n|-unboost|p2a: Gawain|def|1\n|-unboost|p2a: Gawain|spd|1\n|faint|p1a: Garganacl\n|\n|-damage|p2a: Gawain|15/100|[from] Salt Cure\n|upkeep\n|\n|t:|1771175564\n|switch|p1a: Mimikyu|Mimikyu, M|100/100\n|-damage|p1a: Mimikyu|88/100|[from] Stealth Rock\n|turn|15\n|\n|t:|1771175566\n|switch|p2a: Goopy|Clodsire, F|75/100\n|move|p1a: Mimikyu|Swords Dance|p1a: Mimikyu\n|-boost|p1a: Mimikyu|atk|2\n|\n|upkeep\n|turn|16\n|\n|t:|1771175569\n|move|p1a: Mimikyu|Shadow Claw|p2a: Goopy\n|-damage|p2a: Goopy|14/100\n|-damage|p1a: Mimikyu|72/100|[from] item: Rocky Helmet|[of] p2a: Goopy\n|-damage|p1a: Mimikyu|62/100|[from] item: Life Orb\n|move|p2a: Goopy|Toxic|p1a: Mimikyu\n|-status|p1a: Mimikyu|tox\n|\n|-damage|p1a: Mimikyu|56/100 tox|[from] psn\n|upkeep\n|turn|17\n|\n|t:|1771175578\n|move|p1a: Mimikyu|Play Rough|p2a: Goopy\n|-resisted|p2a: Goopy\n|-damage|p2a: Goopy|0 fnt\n|-damage|p1a: Mimikyu|40/100 tox|[from] item: Rocky Helmet|[of] p2a: Goopy\n|faint|p2a: Goopy\n|-damage|p1a: Mimikyu|30/100 tox|[from] item: Life Orb\n|\n|-damage|p1a: Mimikyu|18/100 tox|[from] psn\n|upkeep\n|\n|t:|1771175587\n|switch|p2a: Yoru|Umbreon, M, shiny|100/100\n|turn|18\n|\n|t:|1771175589\n|move|p2a: Yoru|Protect|p2a: Yoru\n|-singleturn|p2a: Yoru|Protect\n|move|p1a: Mimikyu|Play Rough|p2a: Yoru\n|-activate|p2a: Yoru|move: Protect\n|\n|-damage|p1a: Mimikyu|0 fnt|[from] psn\n|faint|p1a: Mimikyu\n|upkeep\n|\n|t:|1771175592\n|switch|p1a: Politoed|Politoed, F|100/100\n|-damage|p1a: Politoed|88/100|[from] Stealth Rock\n|-weather|RainDance|[from] ability: Drizzle|[of] p1a: Politoed\n|turn|19\n|\n|t:|1771175595\n|move|p1a: Politoed|Encore|p2a: Yoru\n|-start|p2a: Yoru|Encore\n|move|p2a: Yoru|Protect||[still]\n|-fail|p2a: Yoru\n|\n|-weather|RainDance|[upkeep]\n|upkeep\n|turn|20\n|\n|t:|1771175599\n|switch|p1a: Swampert|Swampert, M|100/100\n|-damage|p1a: Swampert|94/100|[from] Stealth Rock\n|switch|p2a: Gawain|Ceruledge, M|15/100\n|\n|-weather|RainDance|[upkeep]\n|upkeep\n|turn|21\n|\n|t:|1771175601\n|detailschange|p1a: Swampert|Swampert-Mega, M\n|-mega|p1a: Swampert|Swampert|Swampertite\n|move|p2a: Gawain|Shadow Sneak|p1a: Swampert\n|-damage|p1a: Swampert|66/100\n|move|p1a: Swampert|Liquidation|p2a: Gawain\n|-supereffective|p2a: Gawain\n|-damage|p2a: Gawain|0 fnt\n|faint|p2a: Gawain\n|\n|-weather|RainDance|[upkeep]\n|upkeep\n|\n|t:|1771175607\n|switch|p2a: Yoru|Umbreon, M, shiny|100/100\n|turn|22\n|\n|t:|1771175610\n|move|p1a: Swampert|Bulk Up|p1a: Swampert\n|-boost|p1a: Swampert|atk|1\n|-boost|p1a: Swampert|def|1\n|move|p2a: Yoru|Foul Play|p1a: Swampert\n|-damage|p1a: Swampert|11/100\n|\n|-weather|RainDance|[upkeep]\n|upkeep\n|turn|23\n|\n|t:|1771175621\n|move|p2a: Yoru|Protect|p2a: Yoru\n|-singleturn|p2a: Yoru|Protect\n|move|p1a: Swampert|Hammer Arm|p2a: Yoru\n|-activate|p2a: Yoru|move: Protect\n|\n|-weather|RainDance|[upkeep]\n|upkeep\n|turn|24\n|\n|t:|1771175628\n|switch|p2a: Doug Dimmadome|Weezing-Galar, M|49/100\n|move|p1a: Swampert|Liquidation|p2a: Doug Dimmadome\n|-damage|p2a: Doug Dimmadome|0 fnt\n|faint|p2a: Doug Dimmadome\n|\n|-weather|RainDance|[upkeep]\n|upkeep\n|\n|t:|1771175634\n|switch|p2a: Yoru|Umbreon, M, shiny|100/100\n|turn|25\n|\n|t:|1771175637\n|move|p2a: Yoru|Protect|p2a: Yoru\n|-singleturn|p2a: Yoru|Protect\n|move|p1a: Swampert|Hammer Arm|p2a: Yoru\n|-activate|p2a: Yoru|move: Protect\n|\n|-weather|RainDance|[upkeep]\n|upkeep\n|turn|26\n|\n|t:|1771175640\n|move|p1a: Swampert|Earthquake|p2a: Yoru\n|-damage|p2a: Yoru|50/100\n|move|p2a: Yoru|Foul Play|p1a: Swampert\n|-damage|p1a: Swampert|0 fnt\n|faint|p1a: Swampert\n|detailschange|p1: Swampert|Swampert, M|[silent]\n|\n|-weather|none\n|-heal|p2a: Yoru|56/100|[from] item: Leftovers\n|upkeep\n|\n|t:|1771175643\n|switch|p1a: Politoed|Politoed, F|88/100\n|-damage|p1a: Politoed|76/100|[from] Stealth Rock\n|-weather|RainDance|[from] ability: Drizzle|[of] p1a: Politoed\n|turn|27\n|\n|t:|1771175646\n|switch|p2a: Escargoon|Goodra-Hisui, M|100/100\n|move|p1a: Politoed|Encore||[still]\n|-fail|p1a: Politoed\n|\n|-weather|RainDance|[upkeep]\n|upkeep\n|turn|28\n|\n|t:|1771175650\n|move|p1a: Politoed|Scald|p2a: Escargoon\n|-resisted|p2a: Escargoon\n|-damage|p2a: Escargoon|94/100\n|-status|p2a: Escargoon|brn\n|move|p2a: Escargoon|Dragon Tail|p1a: Politoed\n|-damage|p1a: Politoed|68/100\n|drag|p1a: Baxcaliburn't|Kyurem|100/100\n|-damage|p1a: Baxcaliburn't|76/100|[from] Stealth Rock\n|-ability|p1a: Baxcaliburn't|Pressure\n|\n|-weather|RainDance|[upkeep]\n|-damage|p2a: Escargoon|88/100 brn|[from] brn\n|upkeep\n|turn|29\n|\n|t:|1771175660\n|move|p1a: Baxcaliburn't|Scale Shot|p2a: Escargoon\n|-crit|p2a: Escargoon\n|-damage|p2a: Escargoon|67/100 brn\n|-damage|p2a: Escargoon|52/100 brn\n|-damage|p2a: Escargoon|39/100 brn\n|-damage|p2a: Escargoon|25/100 brn\n|-damage|p2a: Escargoon|12/100 brn\n|-hitcount|p2a: Escargoon|5\n|-unboost|p1a: Baxcaliburn't|def|1\n|-boost|p1a: Baxcaliburn't|spe|1\n|move|p2a: Escargoon|Heavy Slam|p1a: Baxcaliburn't\n|-supereffective|p1a: Baxcaliburn't\n|-damage|p1a: Baxcaliburn't|52/100\n|\n|-weather|RainDance|[upkeep]\n|-damage|p2a: Escargoon|6/100 brn|[from] brn\n|upkeep\n|turn|30\n|\n|t:|1771175663\n|move|p1a: Baxcaliburn't|Icicle Spear|p2a: Escargoon\n|-damage|p2a: Escargoon|0 fnt\n|faint|p2a: Escargoon\n|-hitcount|p2: Escargoon|1\n|\n|-weather|RainDance|[upkeep]\n|upkeep\n|\n|t:|1771175664\n|switch|p2a: Yoru|Umbreon, M, shiny|56/100\n|turn|31\n|\n|t:|1771175665\n|switch|p1a: Politoed|Politoed, F|68/100\n|-damage|p1a: Politoed|55/100|[from] Stealth Rock\n|move|p2a: Yoru|Foul Play|p1a: Politoed\n|-damage|p1a: Politoed|39/100\n|\n|-weather|RainDance|[upkeep]\n|-heal|p2a: Yoru|62/100|[from] item: Leftovers\n|upkeep\n|turn|32\n|\n|t:|1771175668\n|move|p1a: Politoed|Toxic|p2a: Yoru\n|-status|p2a: Yoru|tox\n|-activate|p2a: Yoru|ability: Synchronize\n|-status|p1a: Politoed|tox\n|move|p2a: Yoru|Foul Play|p1a: Politoed\n|-damage|p1a: Politoed|23/100 tox\n|\n|-weather|RainDance|[upkeep]\n|-heal|p2a: Yoru|68/100 tox|[from] item: Leftovers\n|-damage|p1a: Politoed|17/100 tox|[from] psn\n|-damage|p2a: Yoru|62/100 tox|[from] psn\n|upkeep\n|turn|33\n|\n|t:|1771175670\n|move|p1a: Politoed|Encore|p2a: Yoru\n|-start|p2a: Yoru|Encore\n|move|p2a: Yoru|Foul Play|p1a: Politoed\n|-damage|p1a: Politoed|3/100 tox\n|\n|-weather|RainDance|[upkeep]\n|-heal|p2a: Yoru|68/100 tox|[from] item: Leftovers\n|-damage|p1a: Politoed|0 fnt|[from] psn\n|faint|p1a: Politoed\n|-damage|p2a: Yoru|56/100 tox|[from] psn\n|upkeep\n|\n|t:|1771175672\n|switch|p1a: Baxcaliburn't|Kyurem|52/100\n|-damage|p1a: Baxcaliburn't|27/100|[from] Stealth Rock\n|-ability|p1a: Baxcaliburn't|Pressure\n|turn|34\n|\n|t:|1771175673\n|move|p1a: Baxcaliburn't|Icicle Spear|p2a: Yoru\n|-damage|p2a: Yoru|48/100 tox\n|-damage|p2a: Yoru|39/100 tox\n|-damage|p2a: Yoru|30/100 tox\n|-damage|p2a: Yoru|21/100 tox\n|-damage|p2a: Yoru|12/100 tox\n|-hitcount|p2a: Yoru|5\n|move|p2a: Yoru|Foul Play|p1a: Baxcaliburn't\n|-damage|p1a: Baxcaliburn't|0 fnt\n|faint|p1a: Baxcaliburn't\n|\n|win|Vixen 4 Life\n|raw|Proxis667's rating: 1610 &rarr; <strong>1590</strong><br />(-20 for losing)\n|raw|Vixen 4 Life's rating: 1605 &rarr; <strong>1625</strong><br />(+20 for winning)\n|l|☆Proxis667\n|player|p1|\n|l|☆Vixen 4 Life\n|player|p2|\n", "uploadtime": 1771175909, "views": 6, "formatid": "gen9nationaldex", "rating": 1590, "private": 0, "password": null}