{"id": "gen9nationaldex-2540759516", "format": "[Gen 9] National Dex", "players": ["Yaoshi", "chocolateovo"], "log": "|j|☆Yaoshi\n|j|☆chocolateovo\n|t:|1771250766\n|gametype|singles\n|player|p1|Yaoshi|silver-masters|1623\n|player|p2|chocolateovo|102|1587\n|gen|9\n|tier|[Gen 9] National Dex\n|rated|\n|rule|HP Percentage Mod: HP is shown in percentages\n|rule|Endless Battle Clause: Forcing endless battles is banned\n|rule|Species Clause: Limit one of each Pokémon\n|rule|OHKO Clause: OHKO moves are banned\n|rule|Evasion Clause: Evasion abilities, items, and moves are banned\n|rule|Evasion Abilities Clause: Evasion abilities are banned\n|rule|Evasion Items Clause: Evasion items are banned\n|rule|Evasion Moves Clause: Evasion moves are banned\n|rule|Sleep Clause Mod: Limit one foe put to sleep\n|rule|Terastal Clause: You cannot Terastallize\n|clearpoke\n|poke|p1|Landorus-Therian, M|\n|poke|p1|Gallade, M|\n|poke|p1|Victini|\n|poke|p1|Aegislash, F|\n|poke|p1|Kyurem|\n|poke|p1|Alomomola, M|\n|poke|p2|Shedinja|\n|poke|p2|Moltres|\n|poke|p2|Tyranitar, M|\n|poke|p2|Gliscor, F|\n|poke|p2|Gyarados, M|\n|poke|p2|Iron Valiant|\n|teampreview\n|inactive|Battle timer is ON: inactive players will automatically lose when time's up. (requested by Yaoshi)\n|inactive|Yaoshi has 120 seconds left.\n|\n|t:|1771250799\n|teamsize|p1|6\n|teamsize|p2|6\n|start\n|switch|p1a: máodùn|Aegislash, F, shiny|100/100\n|switch|p2a: Gliscor|Gliscor, F, shiny|100/100\n|turn|1\n|\n|t:|1771250810\n|switch|p1a: Wuji|Kyurem|100/100\n|-ability|p1a: Wuji|Pressure\n|move|p2a: Gliscor|Stealth Rock|p1a: Wuji\n|-sidestart|p1: Yaoshi|move: Stealth Rock\n|\n|-status|p2a: Gliscor|tox|[from] item: Toxic Orb\n|upkeep\n|turn|2\n|\n|t:|1771250817\n|switch|p2a: Shedinja|Shedinja, shiny|100/100\n|move|p1a: Wuji|Ice Beam|p2a: Shedinja\n|-immune|p2a: Shedinja|[from] ability: Wonder Guard\n|\n|upkeep\n|turn|3\n|\n|t:|1771250823\n|switch|p1a: máodùn|Aegislash, F, shiny|100/100\n|-damage|p1a: máodùn|94/100|[from] Stealth Rock\n|move|p2a: Shedinja|Toxic|p1a: máodùn\n|-immune|p1a: máodùn\n|\n|-heal|p1a: máodùn|100/100|[from] item: Leftovers\n|upkeep\n|turn|4\n|\n|t:|1771250831\n|switch|p2a: Gliscor|Gliscor, F, shiny|100/100 tox\n|move|p1a: máodùn|Toxic|p2a: Gliscor\n|-fail|p2a: Gliscor|tox\n|\n|upkeep\n|turn|5\n|\n|t:|1771250836\n|switch|p1a: Aoyu|Alomomola, M|100/100\n|-damage|p1a: Aoyu|88/100|[from] Stealth Rock\n|move|p2a: Gliscor|Earthquake|p1a: Aoyu\n|-damage|p1a: Aoyu|71/100\n|\n|upkeep\n|turn|6\n|\n|t:|1771250841\n|switch|p2a: Shedinja|Shedinja, shiny|100/100\n|move|p1a: Aoyu|Wish|p1a: Aoyu\n|\n|upkeep\n|turn|7\n|\n|t:|1771250845\n|switch|p1a: YingLong|Landorus-Therian, M, shiny|100/100\n|-damage|p1a: YingLong|88/100|[from] Stealth Rock\n|-ability|p1a: YingLong|Intimidate|boost\n|-unboost|p2a: Shedinja|atk|1\n|move|p2a: Shedinja|Protect||[still]\n|-fail|p2a: Shedinja\n|\n|-heal|p1a: YingLong|100/100|[from] move: Wish|[wisher] Aoyu\n|upkeep\n|turn|8\n|\n|t:|1771250850\n|switch|p2a: Gliscor|Gliscor, F, shiny|100/100 tox\n|move|p1a: YingLong|Defog|p2a: Gliscor\n|-unboost|p2a: Gliscor|evasion|1\n|-sideend|p1: Yaoshi|Stealth Rock|[from] move: Defog|[of] p1a: YingLong\n|\n|upkeep\n|turn|9\n|\n|t:|1771250860\n|switch|p1a: Nezha|Victini|100/100\n|move|p2a: Gliscor|Stealth Rock|p1a: Nezha\n|-sidestart|p1: Yaoshi|move: Stealth Rock\n|\n|upkeep\n|turn|10\n|\n|t:|1771250886\n|-zpower|p1a: Nezha\n|move|p1a: Nezha|Inferno Overdrive|p2a: Gliscor|[zeffect]\n|-damage|p2a: Gliscor|27/100 tox\n|move|p2a: Gliscor|Earthquake|p1a: Nezha\n|-supereffective|p1a: Nezha\n|-damage|p1a: Nezha|28/100\n|\n|-heal|p2a: Gliscor|40/100 tox|[from] ability: Poison Heal\n|upkeep\n|turn|11\n|\n|t:|1771250899\n|move|p2a: Gliscor|Protect|p2a: Gliscor\n|-singleturn|p2a: Gliscor|Protect\n|move|p1a: Nezha|Power-Up Punch|p2a: Gliscor\n|-activate|p2a: Gliscor|move: Protect\n|\n|-heal|p2a: Gliscor|52/100 tox|[from] ability: Poison Heal\n|upkeep\n|turn|12\n|inactive|chocolateovo has 120 seconds left.\n|\n|t:|1771250918\n|switch|p2a: Tyranitar|Tyranitar, M|100/100\n|-weather|Sandstorm|[from] ability: Sand Stream|[of] p2a: Tyranitar\n|move|p1a: Nezha|V-create|p2a: Tyranitar\n|-resisted|p2a: Tyranitar\n|-damage|p2a: Tyranitar|67/100\n|-unboost|p1a: Nezha|spe|1\n|-unboost|p1a: Nezha|def|1\n|-unboost|p1a: Nezha|spd|1\n|\n|-weather|Sandstorm|[upkeep]\n|-damage|p1a: Nezha|22/100|[from] Sandstorm\n|upkeep\n|turn|13\n|\n|t:|1771250930\n|move|p2a: Tyranitar|Pursuit|p1a: Nezha\n|-supereffective|p1a: Nezha\n|-damage|p1a: Nezha|0 fnt\n|faint|p1a: Nezha\n|\n|-weather|Sandstorm|[upkeep]\n|upkeep\n|\n|t:|1771250934\n|switch|p1a: YingLong|Landorus-Therian, M, shiny|100/100\n|-damage|p1a: YingLong|88/100|[from] Stealth Rock\n|-ability|p1a: YingLong|Intimidate|boost\n|-unboost|p2a: Tyranitar|atk|1\n|turn|14\n|\n|t:|1771250939\n|switch|p2a: Gliscor|Gliscor, F, shiny|52/100 tox\n|move|p1a: YingLong|Defog|p2a: Gliscor\n|-unboost|p2a: Gliscor|evasion|1\n|-sideend|p1: Yaoshi|Stealth Rock|[from] move: Defog|[of] p1a: YingLong\n|\n|-weather|Sandstorm|[upkeep]\n|-heal|p2a: Gliscor|65/100 tox|[from] ability: Poison Heal\n|upkeep\n|turn|15\n|\n|t:|1771250944\n|switch|p1a: Wuji|Kyurem|100/100\n|-ability|p1a: Wuji|Pressure\n|move|p2a: Gliscor|Stealth Rock|p1a: Wuji\n|-sidestart|p1: Yaoshi|move: Stealth Rock\n|\n|-weather|Sandstorm|[upkeep]\n|-damage|p1a: Wuji|94/100|[from] Sandstorm\n|-heal|p2a: Gliscor|77/100 tox|[from] ability: Poison Heal\n|upkeep\n|turn|16\n|\n|t:|1771250951\n|move|p2a: Gliscor|Protect|p2a: Gliscor\n|-singleturn|p2a: Gliscor|Protect\n|move|p1a: Wuji|Freeze-Dry|p2a: Gliscor\n|-activate|p2a: Gliscor|move: Protect\n|\n|-weather|none\n|-heal|p2a: Gliscor|89/100 tox|[from] ability: Poison Heal\n|upkeep\n|turn|17\n|\n|t:|1771250962\n|switch|p1a: YingLong|Landorus-Therian, M, shiny|88/100\n|-damage|p1a: YingLong|76/100|[from] Stealth Rock\n|-ability|p1a: YingLong|Intimidate|boost\n|-unboost|p2a: Gliscor|atk|1\n|switch|p2a: Moltres|Moltres, shiny|100/100\n|\n|upkeep\n|turn|18\n|\n|t:|1771250965\n|move|p1a: YingLong|Stone Edge|p2a: Moltres\n|-supereffective|p2a: Moltres\n|-damage|p2a: Moltres|0 fnt\n|faint|p2a: Moltres\n|\n|upkeep\n|\n|t:|1771250977\n|switch|p2a: Iron Valiant|Iron Valiant|100/100\n|turn|19\n|\n|t:|1771250980\n|switch|p1a: máodùn|Aegislash, F, shiny|100/100\n|-damage|p1a: máodùn|94/100|[from] Stealth Rock\n|move|p2a: Iron Valiant|Knock Off|p1a: máodùn\n|-supereffective|p1a: máodùn\n|-damage|p1a: máodùn|29/100\n|-enditem|p1a: máodùn|Leftovers|[from] move: Knock Off|[of] p2a: Iron Valiant\n|-damage|p2a: Iron Valiant|91/100|[from] item: Life Orb\n|\n|upkeep\n|turn|20\n|\n|t:|1771250989\n|move|p1a: máodùn|King's Shield|p1a: máodùn\n|-singleturn|p1a: máodùn|Protect\n|move|p2a: Iron Valiant|Knock Off|p1a: máodùn\n|-activate|p1a: máodùn|move: Protect\n|-unboost|p2a: Iron Valiant|atk|1\n|\n|upkeep\n|turn|21\n|\n|t:|1771251000\n|move|p2a: Iron Valiant|Encore|p1a: máodùn\n|-start|p1a: máodùn|Encore\n|move|p1a: máodùn|King's Shield||[still]\n|-fail|p1a: máodùn\n|\n|upkeep\n|turn|22\n|\n|t:|1771251010\n|move|p1a: máodùn|King's Shield|p1a: máodùn\n|-singleturn|p1a: máodùn|Protect\n|move|p2a: Iron Valiant|Moonblast|p1a: máodùn\n|-activate|p1a: máodùn|move: Protect\n|\n|upkeep\n|turn|23\n|\n|t:|1771251015\n|move|p1a: máodùn|King's Shield||[still]\n|-fail|p1a: máodùn\n|move|p2a: Iron Valiant|Moonblast|p1a: máodùn\n|-resisted|p1a: máodùn\n|-damage|p1a: máodùn|13/100\n|-damage|p2a: Iron Valiant|81/100|[from] item: Life Orb\n|\n|-end|p1a: máodùn|Encore\n|upkeep\n|turn|24\n|\n|t:|1771251022\n|move|p1a: máodùn|King's Shield|p1a: máodùn\n|-singleturn|p1a: máodùn|Protect\n|move|p2a: Iron Valiant|Moonblast|p1a: máodùn\n|-activate|p1a: máodùn|move: Protect\n|\n|upkeep\n|turn|25\n|\n|t:|1771251026\n|move|p2a: Iron Valiant|Moonblast|p1a: máodùn\n|-resisted|p1a: máodùn\n|-damage|p1a: máodùn|0 fnt\n|faint|p1a: máodùn\n|-damage|p2a: Iron Valiant|71/100|[from] item: Life Orb\n|\n|upkeep\n|\n|t:|1771251029\n|switch|p1a: YingLong|Landorus-Therian, M, shiny|76/100\n|-damage|p1a: YingLong|63/100|[from] Stealth Rock\n|-ability|p1a: YingLong|Intimidate|boost\n|-unboost|p2a: Iron Valiant|atk|1\n|turn|26\n|\n|t:|1771251033\n|-end|p2a: Iron Valiant|Quark Drive|[silent]\n|switch|p2a: Gliscor|Gliscor, F, shiny|89/100 tox\n|move|p1a: YingLong|Earthquake|p2a: Gliscor\n|-immune|p2a: Gliscor\n|\n|-heal|p2a: Gliscor|100/100 tox|[from] ability: Poison Heal\n|upkeep\n|turn|27\n|\n|t:|1771251037\n|switch|p1a: Aoyu|Alomomola, M|100/100\n|-damage|p1a: Aoyu|88/100|[from] Stealth Rock\n|move|p2a: Gliscor|Earthquake|p1a: Aoyu\n|-crit|p1a: Aoyu\n|-damage|p1a: Aoyu|61/100\n|\n|upkeep\n|turn|28\n|\n|t:|1771251049\n|switch|p2a: Iron Valiant|Iron Valiant|71/100\n|move|p1a: Aoyu|Wish|p1a: Aoyu\n|\n|upkeep\n|turn|29\n|\n|t:|1771251055\n|switch|p1a: YingLong|Landorus-Therian, M, shiny|63/100\n|-damage|p1a: YingLong|51/100|[from] Stealth Rock\n|-ability|p1a: YingLong|Intimidate|boost\n|-unboost|p2a: Iron Valiant|atk|1\n|move|p2a: Iron Valiant|Moonblast|p1a: YingLong\n|-damage|p1a: YingLong|0 fnt\n|faint|p1a: YingLong\n|-damage|p2a: Iron Valiant|62/100|[from] item: Life Orb\n|\n|upkeep\n|\n|t:|1771251061\n|switch|p1a: Shi Yan Ming|Gallade, M, shiny|100/100\n|-damage|p1a: Shi Yan Ming|94/100|[from] Stealth Rock\n|turn|30\n|\n|t:|1771251068\n|detailschange|p1a: Shi Yan Ming|Gallade-Mega, M, shiny\n|-mega|p1a: Shi Yan Ming|Gallade|Galladite\n|move|p2a: Iron Valiant|Moonblast|p1a: Shi Yan Ming\n|-supereffective|p1a: Shi Yan Ming\n|-damage|p1a: Shi Yan Ming|0 fnt\n|faint|p1a: Shi Yan Ming\n|detailschange|p1: Shi Yan Ming|Gallade, M, shiny|[silent]\n|-damage|p2a: Iron Valiant|52/100|[from] item: Life Orb\n|\n|upkeep\n|\n|t:|1771251074\n|switch|p1a: Wuji|Kyurem|94/100\n|-damage|p1a: Wuji|70/100|[from] Stealth Rock\n|-ability|p1a: Wuji|Pressure\n|turn|31\n|\n|t:|1771251076\n|move|p2a: Iron Valiant|Moonblast|p1a: Wuji\n|-supereffective|p1a: Wuji\n|-damage|p1a: Wuji|0 fnt\n|faint|p1a: Wuji\n|-damage|p2a: Iron Valiant|42/100|[from] item: Life Orb\n|\n|upkeep\n|\n|t:|1771251079\n|switch|p1a: Aoyu|Alomomola, M|94/100\n|-damage|p1a: Aoyu|82/100|[from] Stealth Rock\n|turn|32\n|\n|t:|1771251080\n|move|p2a: Iron Valiant|Moonblast|p1a: Aoyu\n|-damage|p1a: Aoyu|25/100\n|-unboost|p1a: Aoyu|spa|1\n|-damage|p2a: Iron Valiant|33/100|[from] item: Life Orb\n|move|p1a: Aoyu|Scald|p2a: Iron Valiant\n|-damage|p2a: Iron Valiant|14/100\n|-status|p2a: Iron Valiant|brn\n|\n|-damage|p2a: Iron Valiant|7/100 brn|[from] brn\n|upkeep\n|turn|33\n|\n|t:|1771251086\n|move|p2a: Iron Valiant|Moonblast|p1a: Aoyu\n|-damage|p1a: Aoyu|0 fnt\n|faint|p1a: Aoyu\n|-damage|p2a: Iron Valiant|0 fnt|[from] item: Life Orb\n|faint|p2a: Iron Valiant\n|-end|p2a: Iron Valiant|Quark Drive|[silent]\n|\n|win|chocolateovo\n|raw|Yaoshi's rating: 1623 &rarr; <strong>1601</strong><br />(-22 for losing)\n|raw|chocolateovo's rating: 1587 &rarr; <strong>1609</strong><br />(+22 for winning)\n|l|☆Yaoshi\n|player|p1|\n|l|☆chocolateovo\n|player|p2|\n", "uploadtime": 1771251340, "views": 3, "formatid": "gen9nationaldex", "rating": 1601, "private": 0, "password": null}