{"id": "gen9nationaldex-2540215363", "format": "[Gen 9] National Dex", "players": ["Slimie", "Jaycobi1017"], "log": "|j|☆Slimie\n|j|☆Jaycobi1017\n|t:|1771176753\n|gametype|singles\n|player|p1|Slimie|170|1629\n|player|p2|Jaycobi1017|brycenman|1567\n|gen|9\n|tier|[Gen 9] National Dex\n|rated|\n|rule|HP Percentage Mod: HP is shown in percentages\n|rule|Endless Battle Clause: Forcing endless battles is banned\n|rule|Species Clause: Limit one of each Pokémon\n|rule|OHKO Clause: OHKO moves are banned\n|rule|Evasion Clause: Evasion abilities, items, and moves are banned\n|rule|Evasion Abilities Clause: Evasion abilities are banned\n|rule|Evasion Items Clause: Evasion items are banned\n|rule|Evasion Moves Clause: Evasion moves are banned\n|rule|Sleep Clause Mod: Limit one foe put to sleep\n|rule|Terastal Clause: You cannot Terastallize\n|clearpoke\n|poke|p1|Absol, M|\n|poke|p1|Slowbro, F|\n|poke|p1|Heatran, M|\n|poke|p1|Staraptor, M|\n|poke|p1|Landorus-Therian, M|\n|poke|p1|Tapu Fini|\n|poke|p2|Aerodactyl, F|\n|poke|p2|Samurott-Hisui, M|\n|poke|p2|Scizor, M|\n|poke|p2|Iron Valiant|\n|poke|p2|Great Tusk|\n|poke|p2|Toxapex, F|\n|teampreview\n|inactive|Battle timer is ON: inactive players will automatically lose when time's up. (requested by Jaycobi1017)\n|\n|t:|1771176767\n|teamsize|p1|6\n|teamsize|p2|6\n|start\n|switch|p1a: Heatran|Heatran, M|100/100\n|switch|p2a: Samurott|Samurott-Hisui, M|100/100\n|turn|1\n|\n|t:|1771176774\n|switch|p1a: Tapu Fini|Tapu Fini|100/100\n|-fieldstart|move: Misty Terrain|[from] ability: Misty Surge|[of] p1a: Tapu Fini\n|move|p2a: Samurott|Ceaseless Edge|p1a: Tapu Fini\n|-resisted|p1a: Tapu Fini\n|-damage|p1a: Tapu Fini|82/100\n|-sidestart|p1: Slimie|Spikes\n|\n|-heal|p1a: Tapu Fini|88/100|[from] item: Leftovers\n|upkeep\n|turn|2\n|\n|t:|1771176784\n|switch|p2a: Toxapex|Toxapex, F|100/100\n|move|p1a: Tapu Fini|Defog|p2a: Toxapex\n|-unboost|p2a: Toxapex|evasion|1\n|-sideend|p1: Slimie|Spikes|[from] move: Defog|[of] p1a: Tapu Fini\n|-fieldend|Misty Terrain\n|\n|-heal|p1a: Tapu Fini|94/100|[from] item: Leftovers\n|upkeep\n|turn|3\n|\n|t:|1771176789\n|move|p1a: Tapu Fini|Taunt|p2a: Toxapex\n|-start|p2a: Toxapex|move: Taunt\n|cant|p2a: Toxapex|move: Taunt|Toxic Spikes\n|\n|-heal|p1a: Tapu Fini|100/100|[from] item: Leftovers\n|upkeep\n|turn|4\n|\n|t:|1771176796\n|switch|p2a: Scizor|Scizor, M|100/100\n|move|p1a: Tapu Fini|Scald|p2a: Scizor\n|-damage|p2a: Scizor|68/100\n|\n|upkeep\n|turn|5\n|\n|t:|1771176798\n|move|p1a: Tapu Fini|Scald|p2a: Scizor\n|-damage|p2a: Scizor|37/100\n|move|p2a: Scizor|U-turn|p1a: Tapu Fini\n|-resisted|p1a: Tapu Fini\n|-damage|p1a: Tapu Fini|75/100\n|j| BouCouMussDiss\n|\n|t:|1771176812\n|switch|p2a: Samurott|Samurott-Hisui, M|100/100|[from] U-turn\n|\n|-heal|p1a: Tapu Fini|81/100|[from] item: Leftovers\n|upkeep\n|turn|6\n|\n|t:|1771176816\n|move|p2a: Samurott|Ceaseless Edge|p1a: Tapu Fini\n|-resisted|p1a: Tapu Fini\n|-damage|p1a: Tapu Fini|60/100\n|-sidestart|p1: Slimie|Spikes\n|move|p1a: Tapu Fini|Moonblast|p2a: Samurott\n|-supereffective|p2a: Samurott\n|-damage|p2a: Samurott|3/100\n|\n|-heal|p1a: Tapu Fini|66/100|[from] item: Leftovers\n|upkeep\n|turn|7\n|\n|t:|1771176821\n|move|p2a: Samurott|Ceaseless Edge|p1a: Tapu Fini\n|-resisted|p1a: Tapu Fini\n|-damage|p1a: Tapu Fini|45/100\n|-sidestart|p1: Slimie|Spikes\n|move|p1a: Tapu Fini|Scald|p2a: Samurott\n|-resisted|p2a: Samurott\n|-damage|p2a: Samurott|0 fnt\n|faint|p2a: Samurott\n|\n|-heal|p1a: Tapu Fini|51/100|[from] item: Leftovers\n|upkeep\n|\n|t:|1771176829\n|switch|p2a: Aerodactyl|Aerodactyl, F|100/100\n|-ability|p2a: Aerodactyl|Pressure\n|turn|8\n|\n|t:|1771176832\n|switch|p1a: Landorus|Landorus-Therian, M|100/100\n|-ability|p1a: Landorus|Intimidate|boost\n|-unboost|p2a: Aerodactyl|atk|1\n|detailschange|p2a: Aerodactyl|Aerodactyl-Mega, F\n|-mega|p2a: Aerodactyl|Aerodactyl|Aerodactylite\n|move|p2a: Aerodactyl|Dual Wingbeat|p1a: Landorus\n|-damage|p1a: Landorus|80/100\n|-damage|p1a: Landorus|60/100\n|-hitcount|p1a: Landorus|2\n|\n|upkeep\n|turn|9\n|\n|t:|1771176841\n|switch|p2a: Great Tusk|Great Tusk|100/100\n|-zpower|p1a: Landorus\n|move|p1a: Landorus|Continental Crush|p2a: Great Tusk|[zeffect]\n|-resisted|p2a: Great Tusk\n|-damage|p2a: Great Tusk|92/100\n|\n|-heal|p2a: Great Tusk|98/100|[from] item: Leftovers\n|upkeep\n|turn|10\n|\n|t:|1771176847\n|switch|p1a: Slowbro|Slowbro, F|100/100\n|-damage|p1a: Slowbro|84/100|[from] Spikes\n|move|p2a: Great Tusk|Ice Spinner|p1a: Slowbro\n|-resisted|p1a: Slowbro\n|-damage|p1a: Slowbro|78/100\n|-damage|p2a: Great Tusk|81/100|[from] item: Rocky Helmet|[of] p1a: Slowbro\n|\n|-heal|p2a: Great Tusk|87/100|[from] item: Leftovers\n|upkeep\n|turn|11\n|\n|t:|1771176852\n|move|p2a: Great Tusk|Stealth Rock|p1a: Slowbro\n|-sidestart|p1: Slimie|move: Stealth Rock\n|move|p1a: Slowbro|Future Sight|p2a: Great Tusk\n|-start|p1a: Slowbro|move: Future Sight\n|\n|-heal|p2a: Great Tusk|93/100|[from] item: Leftovers\n|upkeep\n|turn|12\n|\n|t:|1771176867\n|-end|p2a: Great Tusk|Protosynthesis|[silent]\n|switch|p2a: Scizor|Scizor, M|37/100\n|move|p1a: Slowbro|Scald|p2a: Scizor\n|-damage|p2a: Scizor|6/100\n|-status|p2a: Scizor|brn\n|\n|-damage|p2a: Scizor|0 fnt|[from] brn\n|faint|p2a: Scizor\n|upkeep\n|\n|t:|1771176882\n|switch|p2a: Iron Valiant|Iron Valiant|100/100\n|-enditem|p2a: Iron Valiant|Booster Energy\n|-activate|p2a: Iron Valiant|ability: Quark Drive|[fromitem]\n|-start|p2a: Iron Valiant|quarkdrivespe\n|turn|13\n|\n|t:|1771176887\n|switch|p1a: Landorus|Landorus-Therian, M|60/100\n|-damage|p1a: Landorus|48/100|[from] Stealth Rock\n|-ability|p1a: Landorus|Intimidate|boost\n|-unboost|p2a: Iron Valiant|atk|1\n|move|p2a: Iron Valiant|Shadow Ball|p1a: Landorus\n|-damage|p1a: Landorus|16/100\n|\n|-end|p2a: Iron Valiant|move: Future Sight\n|-supereffective|p2a: Iron Valiant\n|-damage|p2a: Iron Valiant|0 fnt\n|faint|p2a: Iron Valiant\n|-end|p2a: Iron Valiant|Quark Drive|[silent]\n|upkeep\n|\n|t:|1771176892\n|switch|p2a: Aerodactyl|Aerodactyl-Mega, F|100/100\n|turn|14\n|\n|t:|1771176895\n|move|p2a: Aerodactyl|Dragon Dance|p2a: Aerodactyl\n|-boost|p2a: Aerodactyl|atk|1\n|-boost|p2a: Aerodactyl|spe|1\n|move|p1a: Landorus|Stone Edge|p2a: Aerodactyl\n|-supereffective|p2a: Aerodactyl\n|-damage|p2a: Aerodactyl|5/100\n|\n|upkeep\n|turn|15\n|\n|t:|1771176900\n|switch|p1a: Slowbro|Slowbro, F|100/100\n|-damage|p1a: Slowbro|84/100|[from] Spikes\n|-damage|p1a: Slowbro|72/100|[from] Stealth Rock\n|move|p2a: Aerodactyl|Stone Edge|p1a: Slowbro\n|-crit|p1a: Slowbro\n|-damage|p1a: Slowbro|0 fnt\n|faint|p1a: Slowbro\n|\n|upkeep\n|\n|t:|1771176908\n|switch|p1a: Landorus|Landorus-Therian, M|16/100\n|-damage|p1a: Landorus|4/100|[from] Stealth Rock\n|-ability|p1a: Landorus|Intimidate|boost\n|-unboost|p2a: Aerodactyl|atk|1\n|turn|16\n|\n|t:|1771176911\n|move|p2a: Aerodactyl|Dual Wingbeat|p1a: Landorus\n|-damage|p1a: Landorus|0 fnt\n|faint|p1a: Landorus\n|-hitcount|p1: Landorus|1\n|\n|upkeep\n|\n|t:|1771176914\n|switch|p1a: Absol|Absol, M|100/100\n|-damage|p1a: Absol|84/100|[from] Spikes\n|-damage|p1a: Absol|72/100|[from] Stealth Rock\n|turn|17\n|\n|t:|1771176928\n|switch|p2a: Toxapex|Toxapex, F|100/100\n|detailschange|p1a: Absol|Absol-Mega, M\n|-mega|p1a: Absol|Absol|Absolite\n|move|p1a: Absol|Sucker Punch||[still]\n|-fail|p1a: Absol\n|\n|upkeep\n|turn|18\n|\n|t:|1771176939\n|switch|p2a: Great Tusk|Great Tusk|93/100\n|move|p1a: Absol|Swords Dance|p1a: Absol\n|-boost|p1a: Absol|atk|2\n|\n|-heal|p2a: Great Tusk|99/100|[from] item: Leftovers\n|upkeep\n|turn|19\n|\n|t:|1771176951\n|switch|p1a: Tapu Fini|Tapu Fini|51/100\n|-damage|p1a: Tapu Fini|35/100|[from] Spikes\n|-damage|p1a: Tapu Fini|22/100|[from] Stealth Rock\n|-fieldstart|move: Misty Terrain|[from] ability: Misty Surge|[of] p1a: Tapu Fini\n|move|p2a: Great Tusk|Earthquake|p1a: Tapu Fini\n|-damage|p1a: Tapu Fini|0 fnt\n|faint|p1a: Tapu Fini\n|\n|-heal|p2a: Great Tusk|100/100|[from] item: Leftovers\n|upkeep\n|\n|t:|1771176954\n|switch|p1a: Staraptor|Staraptor, M|100/100\n|-damage|p1a: Staraptor|76/100|[from] Stealth Rock\n|turn|20\n|\n|t:|1771176966\n|move|p1a: Staraptor|Brave Bird|p2a: Great Tusk\n|-supereffective|p2a: Great Tusk\n|-damage|p2a: Great Tusk|0 fnt\n|faint|p2a: Great Tusk\n|-end|p2a: Great Tusk|Protosynthesis|[silent]\n|-damage|p1a: Staraptor|32/100|[from] Recoil\n|\n|upkeep\n|\n|t:|1771176974\n|switch|p2a: Toxapex|Toxapex, F|100/100\n|turn|21\n|\n|t:|1771176980\n|move|p1a: Staraptor|Brave Bird|p2a: Toxapex\n|-damage|p2a: Toxapex|21/100\n|-damage|p1a: Staraptor|6/100|[from] Recoil\n|move|p2a: Toxapex|Scald|p1a: Staraptor\n|-damage|p1a: Staraptor|0 fnt\n|faint|p1a: Staraptor\n|\n|-heal|p2a: Toxapex|27/100|[from] item: Black Sludge\n|upkeep\n|\n|t:|1771176984\n|switch|p1a: Absol|Absol-Mega, M|72/100\n|-damage|p1a: Absol|55/100|[from] Spikes\n|-damage|p1a: Absol|43/100|[from] Stealth Rock\n|turn|22\n|\n|t:|1771176990\n|move|p1a: Absol|Knock Off|p2a: Toxapex\n|-damage|p2a: Toxapex|0 fnt\n|-enditem|p2a: Toxapex|Black Sludge|[from] move: Knock Off|[of] p1a: Absol\n|faint|p2a: Toxapex\n|\n|upkeep\n|\n|t:|1771176993\n|switch|p2a: Aerodactyl|Aerodactyl-Mega, F|5/100\n|turn|23\n|\n|t:|1771176995\n|move|p1a: Absol|Sucker Punch||[still]\n|-fail|p1a: Absol\n|move|p2a: Aerodactyl|Dragon Dance|p2a: Aerodactyl\n|-boost|p2a: Aerodactyl|atk|1\n|-boost|p2a: Aerodactyl|spe|1\n|\n|-fieldend|Misty Terrain\n|upkeep\n|turn|24\n|\n|t:|1771177002\n|move|p1a: Absol|Sucker Punch||[still]\n|-fail|p1a: Absol\n|move|p2a: Aerodactyl|Dragon Dance|p2a: Aerodactyl\n|-boost|p2a: Aerodactyl|atk|1\n|-boost|p2a: Aerodactyl|spe|1\n|\n|upkeep\n|turn|25\n|\n|t:|1771177007\n|move|p1a: Absol|Sucker Punch|p2a: Aerodactyl\n|-damage|p2a: Aerodactyl|0 fnt\n|faint|p2a: Aerodactyl\n|detailschange|p2: Aerodactyl|Aerodactyl, F|[silent]\n|\n|win|Slimie\n|raw|Slimie's rating: 1629 &rarr; <strong>1645</strong><br />(+16 for winning)\n|raw|Jaycobi1017's rating: 1567 &rarr; <strong>1551</strong><br />(-16 for losing)\n|l|☆Jaycobi1017\n|player|p2|\n|l| BouCouMussDiss\n", "uploadtime": 1771177134, "views": 6, "formatid": "gen9nationaldex", "rating": 1551, "private": 0, "password": null}