{"id": "gen9nationaldex-2540564958", "format": "[Gen 9] National Dex", "players": ["Az4k4", "yubanmeiqin"], "log": "|j|☆Az4k4\n|j|☆yubanmeiqin\n|t:|1771218849\n|gametype|singles\n|player|p1|Az4k4|n|1718\n|player|p2|yubanmeiqin|iono-masters|1619\n|gen|9\n|tier|[Gen 9] National Dex\n|rated|\n|rule|HP Percentage Mod: HP is shown in percentages\n|rule|Endless Battle Clause: Forcing endless battles is banned\n|rule|Species Clause: Limit one of each Pokémon\n|rule|OHKO Clause: OHKO moves are banned\n|rule|Evasion Clause: Evasion abilities, items, and moves are banned\n|rule|Evasion Abilities Clause: Evasion abilities are banned\n|rule|Evasion Items Clause: Evasion items are banned\n|rule|Evasion Moves Clause: Evasion moves are banned\n|rule|Sleep Clause Mod: Limit one foe put to sleep\n|rule|Terastal Clause: You cannot Terastallize\n|clearpoke\n|poke|p1|Greninja-*, M|\n|poke|p1|Charizard, F|\n|poke|p1|Kingambit, M|\n|poke|p1|Great Tusk|\n|poke|p1|Pecharunt|\n|poke|p1|Corviknight, M|\n|poke|p2|Diancie|\n|poke|p2|Terapagos, M|\n|poke|p2|Ceruledge, F|\n|poke|p2|Ogerpon-Wellspring, F|\n|poke|p2|Dragonite, M|\n|poke|p2|Volcarona, M|\n|teampreview\n|\n|t:|1771218860\n|teamsize|p1|6\n|teamsize|p2|6\n|start\n|switch|p1a: Greninja|Greninja, M|100/100\n|switch|p2a: Diamond Anon|Diancie|100/100\n|turn|1\n|inactive|Battle timer is ON: inactive players will automatically lose when time's up. (requested by Az4k4)\n|\n|t:|1771218867\n|switch|p2a: Escape Saki|Ogerpon-Wellspring, F|100/100\n|move|p1a: Greninja|Hydro Pump|p2a: Escape Saki\n|-immune|p2a: Escape Saki|[from] ability: Water Absorb\n|\n|upkeep\n|turn|2\n|\n|t:|1771218892\n|switch|p1a: Pecharunt|Pecharunt|100/100\n|move|p2a: Escape Saki|Swords Dance|p2a: Escape Saki\n|-boost|p2a: Escape Saki|atk|2\n|\n|upkeep\n|turn|3\n|\n|t:|1771218897\n|switch|p2a: Diamond Anon|Diancie|100/100\n|move|p1a: Pecharunt|Malignant Chain|p2a: Diamond Anon\n|-damage|p2a: Diamond Anon|58/100\n|\n|upkeep\n|turn|4\n|\n|t:|1771218906\n|detailschange|p2a: Diamond Anon|Diancie-Mega\n|-mega|p2a: Diamond Anon|Diancie|Diancite\n|move|p2a: Diamond Anon|Stealth Rock|p1a: Pecharunt\n|-sidestart|p1: Az4k4|move: Stealth Rock\n|move|p1a: Pecharunt|Malignant Chain|p2a: Diamond Anon\n|-damage|p2a: Diamond Anon|4/100\n|\n|upkeep\n|turn|5\n|\n|t:|1771218914\n|move|p2a: Diamond Anon|Diamond Storm|p1a: Pecharunt\n|-damage|p1a: Pecharunt|62/100\n|-boost|p2a: Diamond Anon|def|2\n|move|p1a: Pecharunt|Shadow Ball|p2a: Diamond Anon\n|-damage|p2a: Diamond Anon|0 fnt\n|faint|p2a: Diamond Anon\n|detailschange|p2: Diamond Anon|Diancie|[silent]\n|\n|upkeep\n|\n|t:|1771218927\n|switch|p2a: 10-day Rikki|Ceruledge, F|100/100\n|turn|6\n|\n|t:|1771218934\n|move|p2a: 10-day Rikki|Swords Dance|p2a: 10-day Rikki\n|-boost|p2a: 10-day Rikki|atk|2\n|-zpower|p1a: Pecharunt\n|move|p1a: Pecharunt|Never-Ending Nightmare|p2a: 10-day Rikki|[zeffect]\n|-supereffective|p2a: 10-day Rikki\n|-enditem|p2a: 10-day Rikki|Focus Sash\n|-damage|p2a: 10-day Rikki|1/100\n|\n|upkeep\n|turn|7\n|\n|t:|1771218942\n|move|p2a: 10-day Rikki|Bitter Blade|p1a: Pecharunt\n|-crit|p1a: Pecharunt\n|-damage|p1a: Pecharunt|0 fnt\n|-heal|p2a: 10-day Rikki|37/100|[from] drain|[of] p1a: Pecharunt\n|faint|p1a: Pecharunt\n|\n|upkeep\n|\n|t:|1771218945\n|switch|p1a: Kingambit|Kingambit, M|100/100\n|-damage|p1a: Kingambit|94/100|[from] Stealth Rock\n|-activate|p1a: Kingambit|ability: Supreme Overlord\n|-start|p1a: Kingambit|fallen1|[silent]\n|turn|8\n|\n|t:|1771218952\n|move|p2a: 10-day Rikki|Swords Dance|p2a: 10-day Rikki\n|-boost|p2a: 10-day Rikki|atk|2\n|move|p1a: Kingambit|Knock Off|p2a: 10-day Rikki\n|-supereffective|p2a: 10-day Rikki\n|-damage|p2a: 10-day Rikki|0 fnt\n|faint|p2a: 10-day Rikki\n|\n|upkeep\n|\n|t:|1771218965\n|switch|p2a: macha Rana|Volcarona, M, shiny|100/100\n|turn|9\n|\n|t:|1771218968\n|move|p2a: macha Rana|Substitute|p2a: macha Rana\n|-start|p2a: macha Rana|Substitute\n|-damage|p2a: macha Rana|76/100\n|move|p1a: Kingambit|Knock Off|p2a: macha Rana\n|-end|p2a: macha Rana|Substitute\n|\n|upkeep\n|turn|10\n|\n|t:|1771218976\n|move|p2a: macha Rana|Substitute|p2a: macha Rana\n|-start|p2a: macha Rana|Substitute\n|-damage|p2a: macha Rana|51/100\n|move|p1a: Kingambit|Knock Off|p2a: macha Rana\n|-end|p2a: macha Rana|Substitute\n|\n|upkeep\n|turn|11\n|\n|t:|1771218983\n|-zpower|p2a: macha Rana\n|move|p2a: macha Rana|Savage Spin-Out|p1a: Kingambit|[zeffect]\n|-damage|p1a: Kingambit|0 fnt\n|faint|p1a: Kingambit\n|-end|p1a: Kingambit|fallen1|[silent]\n|\n|upkeep\n|\n|t:|1771218995\n|switch|p1a: Corviknight|Corviknight, M|100/100\n|-damage|p1a: Corviknight|88/100|[from] Stealth Rock\n|-ability|p1a: Corviknight|Pressure\n|turn|12\n|\n|t:|1771219000\n|move|p2a: macha Rana|Flamethrower|p1a: Corviknight\n|-supereffective|p1a: Corviknight\n|-damage|p1a: Corviknight|0 fnt\n|faint|p1a: Corviknight\n|\n|upkeep\n|\n|t:|1771219004\n|switch|p1a: Greninja|Greninja, M|100/100\n|-damage|p1a: Greninja|88/100|[from] Stealth Rock\n|turn|13\n|\n|t:|1771219008\n|move|p1a: Greninja|Dark Pulse|p2a: macha Rana\n|-damage|p2a: macha Rana|1/100\n|-damage|p1a: Greninja|78/100|[from] item: Life Orb\n|move|p2a: macha Rana|Bug Buzz|p1a: Greninja\n|-supereffective|p1a: Greninja\n|-damage|p1a: Greninja|0 fnt\n|faint|p1a: Greninja\n|\n|upkeep\n|-message|Az4k4 forfeited.\n|\n|win|yubanmeiqin\n|raw|Az4k4's rating: 1718 &rarr; <strong>1692</strong><br />(-26 for losing)\n|raw|yubanmeiqin's rating: 1619 &rarr; <strong>1645</strong><br />(+26 for winning)\n|l|☆Az4k4\n|player|p1|\n|l|☆yubanmeiqin\n|player|p2|\n", "uploadtime": 1771219246, "views": 5, "formatid": "gen9nationaldex", "rating": 1645, "private": 0, "password": null}