{"id": "gen9nationaldex-2540935789", "format": "[Gen 9] National Dex", "players": ["ryangregory78", "samzka"], "log": "|j|☆ryangregory78\n|j|☆samzka\n|t:|1771268753\n|gametype|singles\n|player|p1|ryangregory78|1|1540\n|player|p2|samzka|101|1610\n|gen|9\n|tier|[Gen 9] National Dex\n|rated|\n|rule|HP Percentage Mod: HP is shown in percentages\n|rule|Endless Battle Clause: Forcing endless battles is banned\n|rule|Species Clause: Limit one of each Pokémon\n|rule|OHKO Clause: OHKO moves are banned\n|rule|Evasion Clause: Evasion abilities, items, and moves are banned\n|rule|Evasion Abilities Clause: Evasion abilities are banned\n|rule|Evasion Items Clause: Evasion items are banned\n|rule|Evasion Moves Clause: Evasion moves are banned\n|rule|Sleep Clause Mod: Limit one foe put to sleep\n|rule|Terastal Clause: You cannot Terastallize\n|clearpoke\n|poke|p1|Manaphy|\n|poke|p1|Iron Valiant|\n|poke|p1|Dragonite, F|\n|poke|p1|Scizor, F|\n|poke|p1|Ogerpon-Cornerstone, F|\n|poke|p1|Iron Treads|\n|poke|p2|Latios, M|\n|poke|p2|Iron Treads|\n|poke|p2|Pelipper, F|\n|poke|p2|Hatterene, F|\n|poke|p2|Tornadus-Therian, M|\n|poke|p2|Kabutops, F|\n|teampreview\n|inactive|Battle timer is ON: inactive players will automatically lose when time's up. (requested by ryangregory78)\n|j| W80\n|\n|t:|1771268773\n|teamsize|p1|6\n|teamsize|p2|6\n|start\n|switch|p1a: Iron Valiant|Iron Valiant|100/100\n|switch|p2a: Tornadus|Tornadus-Therian, M|100/100\n|-enditem|p1a: Iron Valiant|Booster Energy\n|-activate|p1a: Iron Valiant|ability: Quark Drive|[fromitem]\n|-start|p1a: Iron Valiant|quarkdrivespe\n|turn|1\n|\n|t:|1771268780\n|move|p1a: Iron Valiant|Calm Mind|p1a: Iron Valiant\n|-boost|p1a: Iron Valiant|spa|1\n|-boost|p1a: Iron Valiant|spd|1\n|move|p2a: Tornadus|Hurricane|p1a: Iron Valiant\n|-supereffective|p1a: Iron Valiant\n|-damage|p1a: Iron Valiant|0 fnt\n|faint|p1a: Iron Valiant\n|-end|p1a: Iron Valiant|Quark Drive|[silent]\n|\n|upkeep\n|\n|t:|1771268786\n|switch|p1a: Iron Treads|Iron Treads|100/100\n|-enditem|p1a: Iron Treads|Booster Energy\n|-activate|p1a: Iron Treads|ability: Quark Drive|[fromitem]\n|-start|p1a: Iron Treads|quarkdrivespe\n|turn|2\n|\n|t:|1771268793\n|switch|p2a: Pelipper|Pelipper, F|100/100\n|-weather|RainDance|[from] ability: Drizzle|[of] p2a: Pelipper\n|move|p1a: Iron Treads|Stealth Rock|p2a: Pelipper\n|-sidestart|p2: samzka|move: Stealth Rock\n|\n|-weather|RainDance|[upkeep]\n|upkeep\n|turn|3\n|\n|t:|1771268800\n|-end|p1a: Iron Treads|Quark Drive|[silent]\n|switch|p1a: Scizor|Scizor, F|100/100\n|move|p2a: Pelipper|Weather Ball|p1a: Scizor\n|-damage|p1a: Scizor|35/100\n|\n|-weather|RainDance|[upkeep]\n|upkeep\n|turn|4\n|\n|t:|1771268804\n|detailschange|p1a: Scizor|Scizor-Mega, F\n|-mega|p1a: Scizor|Scizor|Scizorite\n|move|p1a: Scizor|Knock Off|p2a: Pelipper\n|-damage|p2a: Pelipper|69/100\n|-enditem|p2a: Pelipper|Damp Rock|[from] move: Knock Off|[of] p1a: Scizor\n|move|p2a: Pelipper|Hurricane|p1a: Scizor\n|-damage|p1a: Scizor|0 fnt\n|faint|p1a: Scizor\n|detailschange|p1: Scizor|Scizor, F|[silent]\n|\n|-weather|RainDance|[upkeep]\n|upkeep\n|\n|t:|1771268806\n|switch|p1a: Ogerpon|Ogerpon-Cornerstone, F|100/100\n|turn|5\n|\n|t:|1771268813\n|move|p1a: Ogerpon|Ivy Cudgel|p2a: Pelipper|[anim] Ivy Cudgel Rock\n|-supereffective|p2a: Pelipper\n|-damage|p2a: Pelipper|0 fnt\n|faint|p2a: Pelipper\n|\n|-weather|RainDance|[upkeep]\n|upkeep\n|l| W80\n|\n|t:|1771268817\n|switch|p2a: Kabutops|Kabutops, F|100/100\n|-damage|p2a: Kabutops|88/100|[from] Stealth Rock\n|turn|6\n|\n|t:|1771268823\n|move|p2a: Kabutops|Flip Turn|p1a: Ogerpon\n|-damage|p1a: Ogerpon|4/100\n|\n|t:|1771268826\n|switch|p2a: Tornadus|Tornadus-Therian, M|100/100|[from] Flip Turn\n|-damage|p2a: Tornadus|76/100|[from] Stealth Rock\n|move|p1a: Ogerpon|Power Whip|p2a: Tornadus\n|-resisted|p2a: Tornadus\n|-damage|p2a: Tornadus|27/100\n|\n|-weather|RainDance|[upkeep]\n|upkeep\n|turn|7\n|\n|t:|1771268830\n|move|p2a: Tornadus|U-turn|p1a: Ogerpon\n|-supereffective|p1a: Ogerpon\n|-damage|p1a: Ogerpon|0 fnt\n|faint|p1a: Ogerpon\n|\n|t:|1771268834\n|switch|p2a: Kabutops|Kabutops, F|88/100|[from] U-turn\n|-damage|p2a: Kabutops|76/100|[from] Stealth Rock\n|\n|-weather|RainDance|[upkeep]\n|upkeep\n|\n|t:|1771268839\n|switch|p1a: Manaphy|Manaphy|100/100\n|turn|8\n|\n|t:|1771268842\n|move|p2a: Kabutops|Stone Edge|p1a: Manaphy\n|-damage|p1a: Manaphy|21/100\n|-zpower|p1a: Manaphy\n|move|p1a: Manaphy|Hydro Vortex|p2a: Kabutops|[zeffect]\n|-damage|p2a: Kabutops|0 fnt\n|faint|p2a: Kabutops\n|\n|-weather|RainDance|[upkeep]\n|upkeep\n|\n|t:|1771268855\n|switch|p2a: Iron Treads|Iron Treads|100/100\n|-damage|p2a: Iron Treads|98/100|[from] Stealth Rock\n|turn|9\n|\n|t:|1771268857\n|move|p2a: Iron Treads|Earthquake|p1a: Manaphy\n|-crit|p1a: Manaphy\n|-damage|p1a: Manaphy|0 fnt\n|faint|p1a: Manaphy\n|\n|-weather|none\n|upkeep\n|\n|t:|1771268861\n|switch|p1a: Dragonite|Dragonite, F|100/100\n|turn|10\n|\n|t:|1771268866\n|move|p2a: Iron Treads|Rapid Spin|p1a: Dragonite\n|-damage|p1a: Dragonite|94/100\n|-boost|p2a: Iron Treads|spe|1\n|-sideend|p2: samzka|Stealth Rock|[from] move: Rapid Spin|[of] p2a: Iron Treads\n|move|p1a: Dragonite|Dragon Dance|p1a: Dragonite\n|-boost|p1a: Dragonite|atk|1\n|-boost|p1a: Dragonite|spe|1\n|\n|upkeep\n|turn|11\n|\n|t:|1771268869\n|-zpower|p2a: Iron Treads\n|move|p2a: Iron Treads|Subzero Slammer|p1a: Dragonite|[zeffect]\n|-supereffective|p1a: Dragonite\n|-damage|p1a: Dragonite|0 fnt\n|faint|p1a: Dragonite\n|\n|upkeep\n|-message|ryangregory78 forfeited.\n|\n|win|samzka\n|raw|ryangregory78's rating: 1540 &rarr; <strong>1524</strong><br />(-16 for losing)\n|raw|samzka's rating: 1610 &rarr; <strong>1626</strong><br />(+16 for winning)\n|l|☆ryangregory78\n|player|p1|\n|l|☆samzka\n|player|p2|\n", "uploadtime": 1771269058, "views": 6, "formatid": "gen9nationaldex", "rating": 1524, "private": 0, "password": null}