{"id": "gen9nationaldex-2540830364", "format": "[Gen 9] National Dex", "players": ["Clangviction", "shedtailhater"], "log": "|j|☆Clangviction\n|j|☆shedtailhater\n|t:|1771258471\n|gametype|singles\n|player|p1|Clangviction|hilda|1649\n|player|p2|shedtailhater|102|1687\n|gen|9\n|tier|[Gen 9] National Dex\n|rated|\n|rule|HP Percentage Mod: HP is shown in percentages\n|rule|Endless Battle Clause: Forcing endless battles is banned\n|rule|Species Clause: Limit one of each Pokémon\n|rule|OHKO Clause: OHKO moves are banned\n|rule|Evasion Clause: Evasion abilities, items, and moves are banned\n|rule|Evasion Abilities Clause: Evasion abilities are banned\n|rule|Evasion Items Clause: Evasion items are banned\n|rule|Evasion Moves Clause: Evasion moves are banned\n|rule|Sleep Clause Mod: Limit one foe put to sleep\n|rule|Terastal Clause: You cannot Terastallize\n|clearpoke\n|poke|p1|Volcarona, M|\n|poke|p1|Beedrill, F|\n|poke|p1|Zapdos|\n|poke|p1|Great Tusk|\n|poke|p1|Tapu Lele|\n|poke|p1|Samurott-Hisui, M|\n|poke|p2|Banette, M|\n|poke|p2|Iron Valiant|\n|poke|p2|Kingambit, M|\n|poke|p2|Landorus-Therian, M|\n|poke|p2|Heatran, M|\n|poke|p2|Ogerpon-Wellspring, F|\n|teampreview\n|inactive|Battle timer is ON: inactive players will automatically lose when time's up. (requested by shedtailhater)\n|\n|t:|1771258476\n|teamsize|p1|6\n|teamsize|p2|6\n|start\n|switch|p1a: Zapdos|Zapdos|100/100\n|switch|p2a: Landorus|Landorus-Therian, M|100/100\n|-ability|p2a: Landorus|Intimidate|boost\n|-unboost|p1a: Zapdos|atk|1\n|turn|1\n|\n|t:|1771258478\n|move|p2a: Landorus|Stone Edge|p1a: Zapdos\n|-supereffective|p1a: Zapdos\n|-damage|p1a: Zapdos|44/100\n|move|p1a: Zapdos|Hurricane|p2a: Landorus|[miss]\n|-miss|p1a: Zapdos|p2a: Landorus\n|\n|upkeep\n|turn|2\n|\n|t:|1771258484\n|switch|p2a: Ogerpon|Ogerpon-Wellspring, F|100/100\n|switch|p1a: Great Tusk|Great Tusk|100/100\n|-enditem|p1a: Great Tusk|Booster Energy\n|-activate|p1a: Great Tusk|ability: Protosynthesis|[fromitem]\n|-start|p1a: Great Tusk|protosynthesisatk\n|\n|upkeep\n|turn|3\n|\n|t:|1771258489\n|-end|p1a: Great Tusk|Protosynthesis|[silent]\n|switch|p1a: Zapdos|Zapdos|44/100\n|move|p2a: Ogerpon|Swords Dance|p2a: Ogerpon\n|-boost|p2a: Ogerpon|atk|2\n|\n|upkeep\n|turn|4\n|\n|t:|1771258491\n|move|p2a: Ogerpon|Ivy Cudgel|p1a: Zapdos|[anim] Ivy Cudgel Water\n|-crit|p1a: Zapdos\n|-damage|p1a: Zapdos|0 fnt\n|faint|p1a: Zapdos\n|\n|upkeep\n|\n|t:|1771258493\n|switch|p1a: Beedrill|Beedrill, F|100/100\n|turn|5\n|\n|t:|1771258495\n|switch|p2a: Landorus|Landorus-Therian, M|100/100\n|-ability|p2a: Landorus|Intimidate|boost\n|-unboost|p1a: Beedrill|atk|1\n|detailschange|p1a: Beedrill|Beedrill-Mega, F\n|-mega|p1a: Beedrill|Beedrill|Beedrillite\n|move|p1a: Beedrill|U-turn|p2a: Landorus\n|-resisted|p2a: Landorus\n|-damage|p2a: Landorus|79/100\n|\n|t:|1771258497\n|switch|p1a: Great Tusk|Great Tusk|100/100|[from] U-turn\n|\n|upkeep\n|turn|6\n|\n|t:|1771258502\n|move|p2a: Landorus|U-turn|p1a: Great Tusk\n|-resisted|p1a: Great Tusk\n|-damage|p1a: Great Tusk|92/100\n|\n|t:|1771258503\n|switch|p2a: Banette|Banette, M, shiny|100/100|[from] U-turn\n|move|p1a: Great Tusk|Ice Spinner|p2a: Banette\n|-damage|p2a: Banette|52/100\n|\n|upkeep\n|turn|7\n|j| corvipelon\n|\n|t:|1771258509\n|-end|p1a: Great Tusk|Protosynthesis|[silent]\n|switch|p1a: Samurott|Samurott-Hisui, M|100/100\n|detailschange|p2a: Banette|Banette-Mega, M, shiny\n|-mega|p2a: Banette|Banette|Banettite\n|move|p2a: Banette|Destiny Bond|p2a: Banette\n|-singlemove|p2a: Banette|Destiny Bond\n|\n|upkeep\n|turn|8\n|\n|t:|1771258512\n|move|p1a: Samurott|Taunt|p2a: Banette\n|-start|p2a: Banette|move: Taunt\n|move|p2a: Banette|Poltergeist|p1a: Samurott\n|-activate|p1a: Samurott|move: Poltergeist|Focus Sash\n|-resisted|p1a: Samurott\n|-damage|p1a: Samurott|49/100\n|\n|upkeep\n|turn|9\n|\n|t:|1771258516\n|switch|p2a: Landorus|Landorus-Therian, M|79/100\n|-ability|p2a: Landorus|Intimidate|boost\n|-unboost|p1a: Samurott|atk|1\n|move|p1a: Samurott|Ceaseless Edge|p2a: Landorus\n|-crit|p2a: Landorus\n|-damage|p2a: Landorus|0 fnt\n|-sidestart|p2: shedtailhater|Spikes\n|faint|p2a: Landorus\n|\n|upkeep\n|\n|t:|1771258520\n|switch|p2a: Ogerpon|Ogerpon-Wellspring, F|100/100\n|-damage|p2a: Ogerpon|88/100|[from] Spikes\n|turn|10\n|\n|t:|1771258525\n|move|p2a: Ogerpon|Ivy Cudgel|p1a: Samurott|[anim] Ivy Cudgel Water\n|-resisted|p1a: Samurott\n|-damage|p1a: Samurott|12/100\n|move|p1a: Samurott|Ceaseless Edge|p2a: Ogerpon\n|-damage|p2a: Ogerpon|52/100\n|-sidestart|p2: shedtailhater|Spikes\n|\n|upkeep\n|turn|11\n|\n|t:|1771258529\n|move|p2a: Ogerpon|Ivy Cudgel|p1a: Samurott|[anim] Ivy Cudgel Water\n|-resisted|p1a: Samurott\n|-crit|p1a: Samurott\n|-damage|p1a: Samurott|0 fnt\n|faint|p1a: Samurott\n|\n|upkeep\n|\n|t:|1771258531\n|switch|p1a: Beedrill|Beedrill-Mega, F|100/100\n|turn|12\n|\n|t:|1771258534\n|switch|p2a: Heatran|Heatran, M|100/100\n|-damage|p2a: Heatran|84/100|[from] Spikes\n|move|p1a: Beedrill|Poison Jab|p2a: Heatran\n|-immune|p2a: Heatran\n|\n|upkeep\n|turn|13\n|\n|t:|1771258537\n|move|p1a: Beedrill|Drill Run|p2a: Heatran\n|-supereffective|p2a: Heatran\n|-crit|p2a: Heatran\n|-damage|p2a: Heatran|0 fnt\n|faint|p2a: Heatran\n|\n|upkeep\n|\n|t:|1771258541\n|switch|p2a: Kingambit|Kingambit, M, shiny|100/100\n|-damage|p2a: Kingambit|84/100|[from] Spikes\n|-activate|p2a: Kingambit|ability: Supreme Overlord\n|-start|p2a: Kingambit|fallen2|[silent]\n|turn|14\n|\n|t:|1771258543\n|move|p1a: Beedrill|U-turn|p2a: Kingambit\n|-damage|p2a: Kingambit|40/100\n|-activate|p1a: Beedrill|move: Pursuit\n|move|p2a: Kingambit|Pursuit|p1a: Beedrill|[from] Pursuit\n|-damage|p1a: Beedrill|0 fnt\n|faint|p1a: Beedrill\n|detailschange|p1: Beedrill|Beedrill, F|[silent]\n|\n|upkeep\n|\n|t:|1771258546\n|switch|p1a: Great Tusk|Great Tusk|92/100\n|turn|15\n|\n|t:|1771258550\n|move|p1a: Great Tusk|Rapid Spin|p2a: Kingambit\n|-resisted|p2a: Kingambit\n|-damage|p2a: Kingambit|32/100\n|-boost|p1a: Great Tusk|spe|1\n|move|p2a: Kingambit|Low Kick|p1a: Great Tusk\n|-damage|p1a: Great Tusk|59/100\n|\n|upkeep\n|turn|16\n|\n|t:|1771258556\n|-end|p2a: Kingambit|fallen2|[silent]\n|switch|p2a: Ogerpon|Ogerpon-Wellspring, F|52/100\n|-damage|p2a: Ogerpon|35/100|[from] Spikes\n|move|p1a: Great Tusk|Headlong Rush|p2a: Ogerpon\n|-resisted|p2a: Ogerpon\n|-damage|p2a: Ogerpon|0 fnt\n|-unboost|p1a: Great Tusk|def|1\n|-unboost|p1a: Great Tusk|spd|1\n|faint|p2a: Ogerpon\n|\n|upkeep\n|\n|t:|1771258557\n|switch|p2a: Banette|Banette-Mega, M, shiny|52/100\n|-damage|p2a: Banette|35/100|[from] Spikes\n|turn|17\n|\n|t:|1771258567\n|move|p2a: Banette|Destiny Bond|p2a: Banette\n|-singlemove|p2a: Banette|Destiny Bond\n|move|p1a: Great Tusk|Headlong Rush|p2a: Banette\n|-damage|p2a: Banette|0 fnt\n|-unboost|p1a: Great Tusk|def|1\n|-unboost|p1a: Great Tusk|spd|1\n|faint|p2a: Banette\n|-activate|p2a: Banette|move: Destiny Bond\n|detailschange|p2: Banette|Banette, M, shiny|[silent]\n|faint|p1a: Great Tusk\n|-end|p1a: Great Tusk|Protosynthesis|[silent]\n|\n|upkeep\n|\n|t:|1771258571\n|switch|p1a: Tapu Lele|Tapu Lele|100/100\n|switch|p2a: Kingambit|Kingambit, M, shiny|32/100\n|-fieldstart|move: Psychic Terrain|[from] ability: Psychic Surge|[of] p1a: Tapu Lele\n|-damage|p2a: Kingambit|15/100|[from] Spikes\n|-activate|p2a: Kingambit|ability: Supreme Overlord\n|-start|p2a: Kingambit|fallen4|[silent]\n|turn|18\n|\n|t:|1771258574\n|move|p1a: Tapu Lele|Moonblast|p2a: Kingambit\n|-damage|p2a: Kingambit|0 fnt\n|faint|p2a: Kingambit\n|-end|p2a: Kingambit|fallen4|[silent]\n|\n|upkeep\n|-message|shedtailhater forfeited.\n|\n|win|Clangviction\n|raw|Clangviction's rating: 1649 &rarr; <strong>1671</strong><br />(+22 for winning)\n|raw|shedtailhater's rating: 1687 &rarr; <strong>1665</strong><br />(-22 for losing)\n|l|☆shedtailhater\n|player|p2|\n|l|☆Clangviction\n|player|p1|\n|l| corvipelon\n", "uploadtime": 1771258757, "views": 6, "formatid": "gen9nationaldex", "rating": 1665, "private": 0, "password": null}