{"id": "gen9nationaldex-2540787740", "format": "[Gen 9] National Dex", "players": ["testeo0014", "G6Gambit"], "log": "|j|☆testeo0014\n|j|☆G6Gambit\n|t:|1771254022\n|gametype|singles\n|player|p1|testeo0014|waiter|1556\n|player|p2|G6Gambit|miku-ghost|1557\n|gen|9\n|tier|[Gen 9] National Dex\n|rated|\n|rule|HP Percentage Mod: HP is shown in percentages\n|rule|Endless Battle Clause: Forcing endless battles is banned\n|rule|Species Clause: Limit one of each Pokémon\n|rule|OHKO Clause: OHKO moves are banned\n|rule|Evasion Clause: Evasion abilities, items, and moves are banned\n|rule|Evasion Abilities Clause: Evasion abilities are banned\n|rule|Evasion Items Clause: Evasion items are banned\n|rule|Evasion Moves Clause: Evasion moves are banned\n|rule|Sleep Clause Mod: Limit one foe put to sleep\n|rule|Terastal Clause: You cannot Terastallize\n|clearpoke\n|poke|p1|Diggersby, M|\n|poke|p1|Kingambit, M|\n|poke|p1|Alomomola, M|\n|poke|p1|Great Tusk|\n|poke|p1|Gholdengo|\n|poke|p1|Ferrothorn, F|\n|poke|p2|Landorus-Therian, M|\n|poke|p2|Zamazenta-*|\n|poke|p2|Scizor, F|\n|poke|p2|Raging Bolt|\n|poke|p2|Moltres|\n|poke|p2|Toxapex, M|\n|teampreview\n|inactive|Battle timer is ON: inactive players will automatically lose when time's up. (requested by testeo0014)\n|\n|t:|1771254051\n|teamsize|p1|6\n|teamsize|p2|6\n|start\n|switch|p1a: Alomomola|Alomomola, M|100/100\n|switch|p2a: Scizor|Scizor, F|100/100\n|turn|1\n|\n|t:|1771254057\n|detailschange|p2a: Scizor|Scizor-Mega, F\n|-mega|p2a: Scizor|Scizor|Scizorite\n|move|p2a: Scizor|Knock Off|p1a: Alomomola\n|-damage|p1a: Alomomola|76/100\n|-enditem|p1a: Alomomola|Assault Vest|[from] move: Knock Off|[of] p2a: Scizor\n|move|p1a: Alomomola|Flip Turn|p2a: Scizor\n|-damage|p2a: Scizor|91/100\n|\n|t:|1771254067\n|switch|p1a: Diggersby|Diggersby, M|100/100|[from] Flip Turn\n|\n|upkeep\n|turn|2\n|\n|t:|1771254075\n|move|p1a: Diggersby|Earthquake|p2a: Scizor\n|-damage|p2a: Scizor|25/100\n|move|p2a: Scizor|Knock Off|p1a: Diggersby\n|-damage|p1a: Diggersby|59/100\n|-enditem|p1a: Diggersby|Choice Band|[from] move: Knock Off|[of] p2a: Scizor\n|\n|upkeep\n|turn|3\n|inactive|G6Gambit has 120 seconds left.\n|\n|t:|1771254115\n|move|p1a: Diggersby|Earthquake|p2a: Scizor\n|-damage|p2a: Scizor|0 fnt\n|faint|p2a: Scizor\n|detailschange|p2: Scizor|Scizor, F|[silent]\n|\n|upkeep\n|\n|t:|1771254118\n|switch|p2a: Zamazenta|Zamazenta|100/100\n|-ability|p2a: Zamazenta|Dauntless Shield|boost\n|-boost|p2a: Zamazenta|def|1\n|turn|4\n|\n|t:|1771254123\n|switch|p1a: Gholdengo|Gholdengo|100/100\n|move|p2a: Zamazenta|Iron Defense|p2a: Zamazenta\n|-boost|p2a: Zamazenta|def|2\n|\n|upkeep\n|turn|5\n|\n|t:|1771254130\n|move|p2a: Zamazenta|Substitute|p2a: Zamazenta\n|-start|p2a: Zamazenta|Substitute\n|-damage|p2a: Zamazenta|76/100\n|move|p1a: Gholdengo|Shadow Ball|p2a: Zamazenta\n|-end|p2a: Zamazenta|Substitute\n|\n|-heal|p2a: Zamazenta|82/100|[from] item: Leftovers\n|upkeep\n|turn|6\n|\n|t:|1771254136\n|move|p2a: Zamazenta|Crunch|p1a: Gholdengo\n|-supereffective|p1a: Gholdengo\n|-damage|p1a: Gholdengo|70/100\n|move|p1a: Gholdengo|Shadow Ball|p2a: Zamazenta\n|-damage|p2a: Zamazenta|55/100\n|\n|-heal|p2a: Zamazenta|61/100|[from] item: Leftovers\n|-heal|p1a: Gholdengo|76/100|[from] item: Leftovers\n|upkeep\n|turn|7\n|\n|t:|1771254147\n|move|p2a: Zamazenta|Crunch|p1a: Gholdengo\n|-supereffective|p1a: Gholdengo\n|-damage|p1a: Gholdengo|46/100\n|move|p1a: Gholdengo|Nasty Plot|p1a: Gholdengo\n|-boost|p1a: Gholdengo|spa|2\n|\n|-heal|p2a: Zamazenta|67/100|[from] item: Leftovers\n|-heal|p1a: Gholdengo|52/100|[from] item: Leftovers\n|upkeep\n|turn|8\n|\n|t:|1771254163\n|switch|p2a: Toxapex|Toxapex, M|100/100\n|move|p1a: Gholdengo|Recover|p1a: Gholdengo\n|-heal|p1a: Gholdengo|100/100\n|\n|upkeep\n|turn|9\n|\n|t:|1771254168\n|move|p1a: Gholdengo|Shadow Ball|p2a: Toxapex\n|-damage|p2a: Toxapex|53/100\n|move|p2a: Toxapex|Haze|p2a: Toxapex\n|-clearallboost\n|\n|upkeep\n|turn|10\n|\n|t:|1771254184\n|switch|p1a: Ferrothorn|Ferrothorn, F|100/100\n|move|p2a: Toxapex|Recover|p2a: Toxapex\n|-heal|p2a: Toxapex|100/100\n|\n|upkeep\n|turn|11\n|\n|t:|1771254188\n|switch|p2a: Moltres|Moltres|100/100\n|move|p1a: Ferrothorn|Spikes|p2a: Moltres\n|-sidestart|p2: G6Gambit|Spikes\n|\n|upkeep\n|turn|12\n|\n|t:|1771254199\n|switch|p1a: Alomomola|Alomomola, M|100/100\n|move|p2a: Moltres|Defog|p1a: Alomomola\n|-unboost|p1a: Alomomola|evasion|1\n|-sideend|p2: G6Gambit|Spikes|[from] move: Defog|[of] p2a: Moltres\n|\n|upkeep\n|turn|13\n|\n|t:|1771254203\n|move|p2a: Moltres|U-turn|p1a: Alomomola\n|-damage|p1a: Alomomola|89/100\n|\n|t:|1771254222\n|switch|p2a: Toxapex|Toxapex, M|100/100|[from] U-turn\n|move|p1a: Alomomola|Knock Off|p2a: Toxapex\n|-damage|p2a: Toxapex|87/100\n|-enditem|p2a: Toxapex|Heavy-Duty Boots|[from] move: Knock Off|[of] p1a: Alomomola\n|\n|upkeep\n|turn|14\n|\n|t:|1771254230\n|switch|p1a: Ferrothorn|Ferrothorn, F|100/100\n|move|p2a: Toxapex|Scald|p1a: Ferrothorn\n|-resisted|p1a: Ferrothorn\n|-damage|p1a: Ferrothorn|95/100\n|-status|p1a: Ferrothorn|brn\n|\n|-heal|p1a: Ferrothorn|100/100 brn|[from] item: Leftovers\n|-damage|p1a: Ferrothorn|94/100 brn|[from] brn\n|upkeep\n|turn|15\n|\n|t:|1771254239\n|switch|p2a: Zamazenta|Zamazenta|67/100\n|move|p1a: Ferrothorn|Spikes|p2a: Zamazenta\n|-sidestart|p2: G6Gambit|Spikes\n|\n|-heal|p2a: Zamazenta|73/100|[from] item: Leftovers\n|-heal|p1a: Ferrothorn|100/100 brn|[from] item: Leftovers\n|-damage|p1a: Ferrothorn|94/100 brn|[from] brn\n|upkeep\n|turn|16\n|\n|t:|1771254247\n|switch|p1a: Gholdengo|Gholdengo|100/100\n|move|p2a: Zamazenta|Crunch|p1a: Gholdengo\n|-supereffective|p1a: Gholdengo\n|-damage|p1a: Gholdengo|70/100\n|\n|-heal|p2a: Zamazenta|80/100|[from] item: Leftovers\n|-heal|p1a: Gholdengo|76/100|[from] item: Leftovers\n|upkeep\n|turn|17\n|\n|t:|1771254255\n|move|p2a: Zamazenta|Crunch|p1a: Gholdengo\n|-supereffective|p1a: Gholdengo\n|-damage|p1a: Gholdengo|47/100\n|move|p1a: Gholdengo|Shadow Ball|p2a: Zamazenta\n|-damage|p2a: Zamazenta|49/100\n|\n|-heal|p2a: Zamazenta|56/100|[from] item: Leftovers\n|-heal|p1a: Gholdengo|53/100|[from] item: Leftovers\n|upkeep\n|turn|18\n|\n|t:|1771254264\n|move|p2a: Zamazenta|Crunch|p1a: Gholdengo\n|-supereffective|p1a: Gholdengo\n|-damage|p1a: Gholdengo|26/100\n|move|p1a: Gholdengo|Recover|p1a: Gholdengo\n|-heal|p1a: Gholdengo|76/100\n|\n|-heal|p2a: Zamazenta|62/100|[from] item: Leftovers\n|-heal|p1a: Gholdengo|82/100|[from] item: Leftovers\n|upkeep\n|turn|19\n|\n|t:|1771254268\n|move|p2a: Zamazenta|Crunch|p1a: Gholdengo\n|-supereffective|p1a: Gholdengo\n|-damage|p1a: Gholdengo|54/100\n|move|p1a: Gholdengo|Make It Rain|p2a: Zamazenta\n|-damage|p2a: Zamazenta|21/100\n|-unboost|p1a: Gholdengo|spa|1\n|\n|-heal|p2a: Zamazenta|28/100|[from] item: Leftovers\n|-heal|p1a: Gholdengo|61/100|[from] item: Leftovers\n|upkeep\n|turn|20\n|\n|t:|1771254275\n|move|p2a: Zamazenta|Crunch|p1a: Gholdengo\n|-supereffective|p1a: Gholdengo\n|-damage|p1a: Gholdengo|33/100\n|move|p1a: Gholdengo|Make It Rain|p2a: Zamazenta\n|-damage|p2a: Zamazenta|2/100\n|-unboost|p1a: Gholdengo|spa|1\n|\n|-heal|p2a: Zamazenta|8/100|[from] item: Leftovers\n|-heal|p1a: Gholdengo|39/100|[from] item: Leftovers\n|upkeep\n|turn|21\n|\n|t:|1771254289\n|move|p2a: Zamazenta|Crunch|p1a: Gholdengo\n|-supereffective|p1a: Gholdengo\n|-damage|p1a: Gholdengo|11/100\n|move|p1a: Gholdengo|Recover|p1a: Gholdengo\n|-heal|p1a: Gholdengo|61/100\n|\n|-heal|p2a: Zamazenta|14/100|[from] item: Leftovers\n|-heal|p1a: Gholdengo|67/100|[from] item: Leftovers\n|upkeep\n|turn|22\n|\n|t:|1771254295\n|move|p2a: Zamazenta|Crunch|p1a: Gholdengo\n|-supereffective|p1a: Gholdengo\n|-damage|p1a: Gholdengo|40/100\n|-unboost|p1a: Gholdengo|def|1\n|move|p1a: Gholdengo|Make It Rain|p2a: Zamazenta\n|-damage|p2a: Zamazenta|0 fnt\n|-unboost|p1a: Gholdengo|spa|1\n|faint|p2a: Zamazenta\n|\n|-heal|p1a: Gholdengo|46/100|[from] item: Leftovers\n|upkeep\n|\n|t:|1771254309\n|switch|p2a: Raging Bolt|Raging Bolt|100/100\n|-damage|p2a: Raging Bolt|88/100|[from] Spikes\n|turn|23\n|\n|t:|1771254323\n|switch|p1a: Ferrothorn|Ferrothorn, F|94/100 brn\n|-zpower|p2a: Raging Bolt\n|move|p2a: Raging Bolt|Devastating Drake|p1a: Ferrothorn|[zeffect]\n|-resisted|p1a: Ferrothorn\n|-damage|p1a: Ferrothorn|63/100 brn\n|\n|-heal|p1a: Ferrothorn|69/100 brn|[from] item: Leftovers\n|-damage|p1a: Ferrothorn|63/100 brn|[from] brn\n|upkeep\n|turn|24\n|\n|t:|1771254333\n|move|p2a: Raging Bolt|Calm Mind|p2a: Raging Bolt\n|-boost|p2a: Raging Bolt|spa|1\n|-boost|p2a: Raging Bolt|spd|1\n|move|p1a: Ferrothorn|Leech Seed|p2a: Raging Bolt\n|-start|p2a: Raging Bolt|move: Leech Seed\n|\n|-heal|p1a: Ferrothorn|69/100 brn|[from] item: Leftovers\n|-damage|p2a: Raging Bolt|75/100|[from] Leech Seed|[of] p1a: Ferrothorn\n|-heal|p1a: Ferrothorn|83/100 brn|[silent]\n|-damage|p1a: Ferrothorn|77/100 brn|[from] brn\n|upkeep\n|turn|25\n|\n|t:|1771254339\n|-end|p2a: Raging Bolt|Protosynthesis|[silent]\n|switch|p2a: Moltres|Moltres|100/100\n|move|p1a: Ferrothorn|Toxic|p2a: Moltres\n|-status|p2a: Moltres|tox\n|\n|-heal|p1a: Ferrothorn|83/100 brn|[from] item: Leftovers\n|-damage|p2a: Moltres|94/100 tox|[from] psn\n|-damage|p1a: Ferrothorn|77/100 brn|[from] brn\n|upkeep\n|turn|26\n|\n|t:|1771254349\n|switch|p1a: Alomomola|Alomomola, M|100/100\n|move|p2a: Moltres|Defog|p1a: Alomomola\n|-unboost|p1a: Alomomola|evasion|1\n|-sideend|p2: G6Gambit|Spikes|[from] move: Defog|[of] p2a: Moltres\n|\n|-damage|p2a: Moltres|82/100 tox|[from] psn\n|upkeep\n|turn|27\n|\n|t:|1771254353\n|switch|p2a: Toxapex|Toxapex, M|100/100\n|move|p1a: Alomomola|Flip Turn|p2a: Toxapex\n|-resisted|p2a: Toxapex\n|-damage|p2a: Toxapex|94/100\n|\n|t:|1771254356\n|switch|p1a: Great Tusk|Great Tusk|100/100|[from] Flip Turn\n|-enditem|p1a: Great Tusk|Booster Energy\n|-activate|p1a: Great Tusk|ability: Protosynthesis|[fromitem]\n|-start|p1a: Great Tusk|protosynthesisspe\n|\n|upkeep\n|turn|28\n|\n|t:|1771254362\n|move|p1a: Great Tusk|Stealth Rock|p2a: Toxapex\n|-sidestart|p2: G6Gambit|move: Stealth Rock\n|move|p2a: Toxapex|Scald|p1a: Great Tusk\n|-supereffective|p1a: Great Tusk\n|-damage|p1a: Great Tusk|56/100\n|\n|upkeep\n|turn|29\n|\n|t:|1771254376\n|switch|p2a: Moltres|Moltres|82/100 tox\n|move|p1a: Great Tusk|Headlong Rush|p2a: Moltres\n|-immune|p2a: Moltres\n|\n|-damage|p2a: Moltres|76/100 tox|[from] psn\n|upkeep\n|turn|30\n|\n|t:|1771254382\n|move|p1a: Great Tusk|Knock Off|p2a: Moltres\n|-damage|p2a: Moltres|56/100 tox\n|-enditem|p2a: Moltres|Heavy-Duty Boots|[from] move: Knock Off|[of] p1a: Great Tusk\n|move|p2a: Moltres|Flamethrower|p1a: Great Tusk\n|-damage|p1a: Great Tusk|2/100\n|\n|-damage|p2a: Moltres|44/100 tox|[from] psn\n|upkeep\n|turn|31\n|\n|t:|1771254392\n|-end|p1a: Great Tusk|Protosynthesis|[silent]\n|switch|p1a: Alomomola|Alomomola, M|100/100\n|move|p2a: Moltres|Roost|p2a: Moltres\n|-heal|p2a: Moltres|94/100 tox\n|-singleturn|p2a: Moltres|move: Roost\n|\n|-damage|p2a: Moltres|76/100 tox|[from] psn\n|upkeep\n|turn|32\n|\n|t:|1771254401\n|switch|p1a: Gholdengo|Gholdengo|46/100\n|move|p2a: Moltres|Defog|p1a: Gholdengo\n|-immune|p1a: Gholdengo|[from] ability: Good as Gold\n|\n|-heal|p1a: Gholdengo|52/100|[from] item: Leftovers\n|-damage|p2a: Moltres|52/100 tox|[from] psn\n|upkeep\n|turn|33\n|\n|t:|1771254413\n|switch|p2a: Landorus|Landorus-Therian, M|100/100\n|-damage|p2a: Landorus|88/100|[from] Stealth Rock\n|-ability|p2a: Landorus|Intimidate|boost\n|-unboost|p1a: Gholdengo|atk|1\n|move|p1a: Gholdengo|Shadow Ball|p2a: Landorus\n|-damage|p2a: Landorus|44/100\n|\n|-heal|p1a: Gholdengo|58/100|[from] item: Leftovers\n|upkeep\n|turn|34\n|\n|t:|1771254426\n|switch|p1a: Great Tusk|Great Tusk|2/100\n|move|p2a: Landorus|U-turn|p1a: Great Tusk\n|-resisted|p1a: Great Tusk\n|-damage|p1a: Great Tusk|0 fnt\n|faint|p1a: Great Tusk\n|-end|p1a: Great Tusk|Protosynthesis|[silent]\n|\n|t:|1771254435\n|switch|p2a: Moltres|Moltres|52/100 tox|[from] U-turn\n|-damage|p2a: Moltres|3/100 tox|[from] Stealth Rock\n|\n|-damage|p2a: Moltres|0 fnt|[from] psn\n|faint|p2a: Moltres\n|upkeep\n|\n|t:|1771254453\n|switch|p1a: Ferrothorn|Ferrothorn, F|77/100 brn\n|switch|p2a: Toxapex|Toxapex, M|100/100\n|-damage|p2a: Toxapex|88/100|[from] Stealth Rock\n|turn|35\n|-message|G6Gambit forfeited.\n|\n|win|testeo0014\n|raw|testeo0014's rating: 1556 &rarr; <strong>1576</strong><br />(+20 for winning)\n|raw|G6Gambit's rating: 1557 &rarr; <strong>1537</strong><br />(-20 for losing)\n|l|☆G6Gambit\n|player|p2|\n", "uploadtime": 1771254635, "views": 4, "formatid": "gen9nationaldex", "rating": 1537, "private": 0, "password": null}