{"id": "gen9nationaldex-2540712759", "format": "[Gen 9] National Dex", "players": ["puddingss", "lengyue007"], "log": "|j|☆puddingss\n|j|‽lengyue007\n|t:|1771244427\n|gametype|singles\n|player|p1|puddingss|266|1632\n|player|p2|lengyue007|swimmerf-gen4|1709\n|gen|9\n|tier|[Gen 9] National Dex\n|rated|\n|rule|HP Percentage Mod: HP is shown in percentages\n|rule|Endless Battle Clause: Forcing endless battles is banned\n|rule|Species Clause: Limit one of each Pokémon\n|rule|OHKO Clause: OHKO moves are banned\n|rule|Evasion Clause: Evasion abilities, items, and moves are banned\n|rule|Evasion Abilities Clause: Evasion abilities are banned\n|rule|Evasion Items Clause: Evasion items are banned\n|rule|Evasion Moves Clause: Evasion moves are banned\n|rule|Sleep Clause Mod: Limit one foe put to sleep\n|rule|Terastal Clause: You cannot Terastallize\n|clearpoke\n|poke|p1|Charizard, M|\n|poke|p1|Iron Treads|\n|poke|p1|Tapu Koko|\n|poke|p1|Archaludon, F|\n|poke|p1|Blaziken, F|\n|poke|p1|Hawlucha, F|\n|poke|p2|Tyranitar, M|\n|poke|p2|Urshifu-*, M|\n|poke|p2|Landorus-Therian, M|\n|poke|p2|Gholdengo|\n|poke|p2|Tapu Lele|\n|poke|p2|Terapagos, M|\n|teampreview\n|inactive|Battle timer is ON: inactive players will automatically lose when time's up. (requested by lengyue007)\n|\n|t:|1771244443\n|teamsize|p1|6\n|teamsize|p2|6\n|start\n|switch|p1a: Archaludon|Archaludon, F|100/100\n|switch|p2a: Landorus|Landorus-Therian, M|100/100\n|-ability|p2a: Landorus|Intimidate|boost\n|-unboost|p1a: Archaludon|atk|1\n|turn|1\n|\n|t:|1771244446\n|move|p2a: Landorus|Stealth Rock|p1a: Archaludon\n|-sidestart|p1: puddingss|move: Stealth Rock\n|-zpower|p1a: Archaludon\n|move|p1a: Archaludon|Devastating Drake|p2a: Landorus|[zeffect]\n|-damage|p2a: Landorus|0 fnt\n|faint|p2a: Landorus\n|\n|upkeep\n|\n|t:|1771244451\n|switch|p2a: Urshifu|Urshifu-Rapid-Strike, M|100/100\n|turn|2\n|\n|t:|1771244455\n|move|p2a: Urshifu|Close Combat|p1a: Archaludon\n|-supereffective|p1a: Archaludon\n|-ability|p1a: Archaludon|Sturdy\n|-damage|p1a: Archaludon|1/100\n|-unboost|p2a: Urshifu|def|1\n|-unboost|p2a: Urshifu|spd|1\n|move|p1a: Archaludon|Stealth Rock|p2a: Urshifu\n|-sidestart|p2: lengyue007|move: Stealth Rock\n|\n|upkeep\n|turn|3\n|\n|t:|1771244462\n|move|p2a: Urshifu|Close Combat|p1a: Archaludon\n|-supereffective|p1a: Archaludon\n|-damage|p1a: Archaludon|0 fnt\n|-unboost|p2a: Urshifu|def|1\n|-unboost|p2a: Urshifu|spd|1\n|faint|p1a: Archaludon\n|\n|upkeep\n|\n|t:|1771244469\n|switch|p1a: Tapu Koko|Tapu Koko|100/100\n|-damage|p1a: Tapu Koko|88/100|[from] Stealth Rock\n|-fieldstart|move: Electric Terrain|[from] ability: Electric Surge|[of] p1a: Tapu Koko\n|turn|4\n|\n|t:|1771244474\n|switch|p2a: Tyranitar|Tyranitar, M|100/100\n|-damage|p2a: Tyranitar|88/100|[from] Stealth Rock\n|-weather|Sandstorm|[from] ability: Sand Stream|[of] p2a: Tyranitar\n|move|p1a: Tapu Koko|Thunderbolt|p2a: Tyranitar\n|-damage|p2a: Tyranitar|55/100\n|\n|-weather|Sandstorm|[upkeep]\n|-damage|p1a: Tapu Koko|82/100|[from] Sandstorm\n|upkeep\n|turn|5\n|inactive|puddingss has 120 seconds left.\n|\n|t:|1771244522\n|switch|p1a: Iron Treads|Iron Treads|100/100\n|-damage|p1a: Iron Treads|97/100|[from] Stealth Rock\n|-activate|p1a: Iron Treads|ability: Quark Drive\n|-start|p1a: Iron Treads|quarkdrivespe\n|detailschange|p2a: Tyranitar|Tyranitar-Mega, M\n|-mega|p2a: Tyranitar|Tyranitar|Tyranitarite\n|move|p2a: Tyranitar|Stone Edge|p1a: Iron Treads\n|-resisted|p1a: Iron Treads\n|-damage|p1a: Iron Treads|83/100\n|\n|-weather|Sandstorm|[upkeep]\n|upkeep\n|turn|6\n|\n|t:|1771244533\n|switch|p2a: Gholdengo|Gholdengo|100/100\n|-damage|p2a: Gholdengo|94/100|[from] Stealth Rock\n|move|p1a: Iron Treads|Earthquake|p2a: Gholdengo\n|-supereffective|p2a: Gholdengo\n|-damage|p2a: Gholdengo|27/100\n|\n|-weather|Sandstorm|[upkeep]\n|upkeep\n|turn|7\n|\n|t:|1771244536\n|switch|p2a: Urshifu|Urshifu-Rapid-Strike, M|100/100\n|-damage|p2a: Urshifu|94/100|[from] Stealth Rock\n|move|p1a: Iron Treads|Earthquake|p2a: Urshifu\n|-damage|p2a: Urshifu|44/100\n|\n|-weather|Sandstorm|[upkeep]\n|-damage|p2a: Urshifu|38/100|[from] Sandstorm\n|upkeep\n|turn|8\n|j| blackddarkness\n|\n|t:|1771244546\n|switch|p2a: Gholdengo|Gholdengo|27/100\n|-damage|p2a: Gholdengo|21/100|[from] Stealth Rock\n|move|p1a: Iron Treads|Rapid Spin|p2a: Gholdengo\n|-immune|p2a: Gholdengo\n|\n|-weather|none\n|-fieldend|move: Electric Terrain\n|-end|p1a: Iron Treads|Quark Drive\n|upkeep\n|-enditem|p1a: Iron Treads|Booster Energy\n|-activate|p1a: Iron Treads|ability: Quark Drive|[fromitem]\n|-start|p1a: Iron Treads|quarkdrivespe\n|turn|9\n|\n|t:|1771244555\n|move|p1a: Iron Treads|Earthquake|p2a: Gholdengo\n|-supereffective|p2a: Gholdengo\n|-damage|p2a: Gholdengo|0 fnt\n|faint|p2a: Gholdengo\n|\n|upkeep\n|\n|t:|1771244557\n|switch|p2a: Terapagos|Terapagos, M|100/100\n|-activate|p2a: Terapagos|ability: Tera Shift\n|detailschange|p2a: Terapagos|Terapagos-Terastal, M\n|-heal|p2a: Terapagos|100/100|[silent]\n|turn|10\n|\n|t:|1771244560\n|move|p1a: Iron Treads|Rapid Spin|p2a: Terapagos\n|-activate|p2a: Terapagos|ability: Tera Shell\n|-resisted|p2a: Terapagos\n|-crit|p2a: Terapagos\n|-damage|p2a: Terapagos|89/100\n|-boost|p1a: Iron Treads|spe|1\n|-sideend|p1: puddingss|Stealth Rock|[from] move: Rapid Spin|[of] p1a: Iron Treads\n|move|p2a: Terapagos|Rapid Spin|p1a: Iron Treads\n|-resisted|p1a: Iron Treads\n|-damage|p1a: Iron Treads|76/100\n|-boost|p2a: Terapagos|spe|1\n|-sideend|p2: lengyue007|Stealth Rock|[from] move: Rapid Spin|[of] p2a: Terapagos\n|\n|upkeep\n|turn|11\n|\n|t:|1771244563\n|move|p1a: Iron Treads|Earthquake|p2a: Terapagos\n|-damage|p2a: Terapagos|45/100\n|move|p2a: Terapagos|Earth Power|p1a: Iron Treads\n|-supereffective|p1a: Iron Treads\n|-damage|p1a: Iron Treads|1/100\n|\n|upkeep\n|turn|12\n|\n|t:|1771244566\n|move|p1a: Iron Treads|Earthquake|p2a: Terapagos\n|-damage|p2a: Terapagos|0 fnt\n|faint|p2a: Terapagos\n|\n|upkeep\n|\n|t:|1771244570\n|switch|p2a: Urshifu|Urshifu-Rapid-Strike, M|38/100\n|turn|13\n|\n|t:|1771244572\n|move|p2a: Urshifu|Aqua Jet|p1a: Iron Treads\n|-supereffective|p1a: Iron Treads\n|-damage|p1a: Iron Treads|0 fnt\n|faint|p1a: Iron Treads\n|-end|p1a: Iron Treads|Quark Drive|[silent]\n|\n|upkeep\n|\n|t:|1771244575\n|switch|p1a: Tapu Koko|Tapu Koko|82/100\n|-fieldstart|move: Electric Terrain|[from] ability: Electric Surge|[of] p1a: Tapu Koko\n|turn|14\n|\n|t:|1771244580\n|switch|p2a: Tyranitar|Tyranitar-Mega, M|55/100\n|-weather|Sandstorm|[from] ability: Sand Stream|[of] p2a: Tyranitar\n|move|p1a: Tapu Koko|Thunderbolt|p2a: Tyranitar\n|-damage|p2a: Tyranitar|30/100\n|\n|-weather|Sandstorm|[upkeep]\n|-damage|p1a: Tapu Koko|76/100|[from] Sandstorm\n|upkeep\n|turn|15\n|\n|t:|1771244586\n|move|p1a: Tapu Koko|Thunderbolt|p2a: Tyranitar\n|-damage|p2a: Tyranitar|1/100\n|move|p2a: Tyranitar|Stone Edge|p1a: Tapu Koko\n|-damage|p1a: Tapu Koko|0 fnt\n|faint|p1a: Tapu Koko\n|\n|-weather|Sandstorm|[upkeep]\n|upkeep\n|\n|t:|1771244590\n|switch|p1a: Hawlucha|Hawlucha, F|100/100\n|-enditem|p1a: Hawlucha|Electric Seed\n|-boost|p1a: Hawlucha|def|1|[from] item: Electric Seed\n|turn|16\n|\n|t:|1771244593\n|move|p1a: Hawlucha|Acrobatics|p2a: Tyranitar\n|-resisted|p2a: Tyranitar\n|-damage|p2a: Tyranitar|0 fnt\n|faint|p2a: Tyranitar\n|detailschange|p2: Tyranitar|Tyranitar, M|[silent]\n|\n|-weather|Sandstorm|[upkeep]\n|-damage|p1a: Hawlucha|94/100|[from] Sandstorm\n|upkeep\n|\n|t:|1771244596\n|switch|p2a: Tapu Lele|Tapu Lele|100/100\n|-fieldstart|move: Psychic Terrain|[from] ability: Psychic Surge|[of] p2a: Tapu Lele\n|turn|17\n|\n|t:|1771244599\n|move|p1a: Hawlucha|Acrobatics|p2a: Tapu Lele\n|-damage|p2a: Tapu Lele|21/100\n|move|p2a: Tapu Lele|Psychic|p1a: Hawlucha\n|-supereffective|p1a: Hawlucha\n|-damage|p1a: Hawlucha|0 fnt\n|faint|p1a: Hawlucha\n|\n|-weather|Sandstorm|[upkeep]\n|-damage|p2a: Tapu Lele|15/100|[from] Sandstorm\n|upkeep\n|\n|t:|1771244605\n|switch|p1a: Charizard|Charizard, M|100/100\n|turn|18\n|\n|t:|1771244609\n|detailschange|p1a: Charizard|Charizard-Mega-Y, M\n|-mega|p1a: Charizard|Charizard|Charizardite Y\n|-weather|SunnyDay|[from] ability: Drought|[of] p1a: Charizard\n|move|p2a: Tapu Lele|Psychic|p1a: Charizard\n|-damage|p1a: Charizard|35/100\n|move|p1a: Charizard|Weather Ball|p2a: Tapu Lele\n|-damage|p2a: Tapu Lele|0 fnt\n|faint|p2a: Tapu Lele\n|\n|-weather|SunnyDay|[upkeep]\n|upkeep\n|\n|t:|1771244611\n|switch|p2a: Urshifu|Urshifu-Rapid-Strike, M|38/100\n|turn|19\n|\n|t:|1771244616\n|move|p1a: Charizard|Solar Beam||[still]\n|-prepare|p1a: Charizard|Solar Beam\n|-anim|p1a: Charizard|Solar Beam|p2a: Urshifu\n|-supereffective|p2a: Urshifu\n|-damage|p2a: Urshifu|0 fnt\n|faint|p2a: Urshifu\n|\n|win|puddingss\n|raw|puddingss's rating: 1632 &rarr; <strong>1656</strong><br />(+24 for winning)\n|raw|lengyue007's rating: 1709 &rarr; <strong>1685</strong><br />(-24 for losing)\n|l|‽lengyue007\n|player|p2|\n|l|☆puddingss\n|player|p1|\n", "uploadtime": 1771244801, "views": 5, "formatid": "gen9nationaldex", "rating": 1656, "private": 0, "password": null}