{"id": "gen9nationaldex-2540668471", "format": "[Gen 9] National Dex", "players": ["repeatttt", "Frost12080000"], "log": "|j|☆repeatttt\n|j|☆Frost12080000\n|t:|1771237245\n|gametype|singles\n|player|p1|repeatttt|leon-masters|1672\n|player|p2|Frost12080000|burglar|1608\n|gen|9\n|tier|[Gen 9] National Dex\n|rated|\n|rule|HP Percentage Mod: HP is shown in percentages\n|rule|Endless Battle Clause: Forcing endless battles is banned\n|rule|Species Clause: Limit one of each Pokémon\n|rule|OHKO Clause: OHKO moves are banned\n|rule|Evasion Clause: Evasion abilities, items, and moves are banned\n|rule|Evasion Abilities Clause: Evasion abilities are banned\n|rule|Evasion Items Clause: Evasion items are banned\n|rule|Evasion Moves Clause: Evasion moves are banned\n|rule|Sleep Clause Mod: Limit one foe put to sleep\n|rule|Terastal Clause: You cannot Terastallize\n|clearpoke\n|poke|p1|Slowbro, F|\n|poke|p1|Clodsire, M|\n|poke|p1|Tapu Lele|\n|poke|p1|Kingambit, M|\n|poke|p1|Heatran, M|\n|poke|p1|Corviknight, M|\n|poke|p2|Chansey, F|\n|poke|p2|Pecharunt|\n|poke|p2|Tapu Fini|\n|poke|p2|Zapdos|\n|poke|p2|Ogerpon-Cornerstone, F|\n|poke|p2|Charizard, F|\n|teampreview\n|inactive|Battle timer is ON: inactive players will automatically lose when time's up. (requested by repeatttt)\n|\n|t:|1771237254\n|teamsize|p1|6\n|teamsize|p2|6\n|start\n|switch|p1a: Heatran|Heatran, M|100/100\n|switch|p2a: Charizard|Charizard, F, shiny|100/100\n|turn|1\n|\n|t:|1771237258\n|switch|p1a: Slowbro|Slowbro, F|100/100\n|move|p2a: Charizard|Scorching Sands|p1a: Slowbro\n|-damage|p1a: Slowbro|74/100\n|\n|upkeep\n|turn|2\n|\n|t:|1771237264\n|switch|p1a: Clodsire|Clodsire, M|100/100\n|detailschange|p2a: Charizard|Charizard-Mega-Y, F, shiny\n|-mega|p2a: Charizard|Charizard|Charizardite Y\n|-weather|SunnyDay|[from] ability: Drought|[of] p2a: Charizard\n|move|p2a: Charizard|Air Slash|p1a: Clodsire\n|-damage|p1a: Clodsire|72/100\n|\n|-weather|SunnyDay|[upkeep]\n|-heal|p1a: Clodsire|78/100|[from] item: Black Sludge\n|upkeep\n|turn|3\n|\n|t:|1771237271\n|move|p2a: Charizard|Scorching Sands|p1a: Clodsire\n|-supereffective|p1a: Clodsire\n|-damage|p1a: Clodsire|45/100\n|-status|p1a: Clodsire|brn\n|move|p1a: Clodsire|Recover|p1a: Clodsire\n|-heal|p1a: Clodsire|95/100 brn\n|\n|-weather|SunnyDay|[upkeep]\n|-heal|p1a: Clodsire|100/100 brn|[from] item: Black Sludge\n|-damage|p1a: Clodsire|94/100 brn|[from] brn\n|upkeep\n|turn|4\n|\n|t:|1771237280\n|switch|p2a: Zapdos|Zapdos|100/100\n|move|p1a: Clodsire|Toxic|p2a: Zapdos\n|-status|p2a: Zapdos|tox\n|\n|-weather|SunnyDay|[upkeep]\n|-heal|p1a: Clodsire|100/100 brn|[from] item: Black Sludge\n|-damage|p2a: Zapdos|94/100 tox|[from] psn\n|-damage|p1a: Clodsire|94/100 brn|[from] brn\n|upkeep\n|turn|5\n|\n|t:|1771237289\n|switch|p2a: Chansey|Chansey, F|100/100\n|move|p1a: Clodsire|Stealth Rock|p2a: Chansey\n|-sidestart|p2: Frost12080000|move: Stealth Rock\n|\n|-weather|SunnyDay|[upkeep]\n|-heal|p1a: Clodsire|100/100 brn|[from] item: Black Sludge\n|-damage|p1a: Clodsire|94/100 brn|[from] brn\n|upkeep\n|turn|6\n|\n|t:|1771237292\n|switch|p1a: Kingambit|Kingambit, M|100/100\n|move|p2a: Chansey|Psywave|p1a: Kingambit\n|-immune|p1a: Kingambit\n|\n|-weather|none\n|upkeep\n|turn|7\n|\n|t:|1771237299\n|switch|p2a: Zapdos|Zapdos|94/100 tox\n|move|p1a: Kingambit|Knock Off|p2a: Zapdos\n|-damage|p2a: Zapdos|35/100 tox\n|-enditem|p2a: Zapdos|Heavy-Duty Boots|[from] move: Knock Off|[of] p1a: Kingambit\n|\n|-damage|p2a: Zapdos|28/100 tox|[from] psn\n|upkeep\n|turn|8\n|\n|t:|1771237303\n|move|p2a: Zapdos|Roost|p2a: Zapdos\n|-heal|p2a: Zapdos|78/100 tox\n|-singleturn|p2a: Zapdos|move: Roost\n|move|p1a: Kingambit|Knock Off|p2a: Zapdos\n|-damage|p2a: Zapdos|38/100 tox\n|\n|-damage|p2a: Zapdos|25/100 tox|[from] psn\n|upkeep\n|turn|9\n|\n|t:|1771237307\n|move|p2a: Zapdos|Heat Wave|p1a: Kingambit\n|-supereffective|p1a: Kingambit\n|-damage|p1a: Kingambit|50/100\n|move|p1a: Kingambit|Knock Off|p2a: Zapdos\n|-damage|p2a: Zapdos|0 fnt\n|faint|p2a: Zapdos\n|\n|upkeep\n|\n|t:|1771237316\n|switch|p2a: Ogerpon|Ogerpon-Cornerstone, F|100/100\n|-damage|p2a: Ogerpon|88/100|[from] Stealth Rock\n|turn|10\n|\n|t:|1771237319\n|move|p2a: Ogerpon|Swords Dance|p2a: Ogerpon\n|-boost|p2a: Ogerpon|atk|2\n|move|p1a: Kingambit|Knock Off|p2a: Ogerpon\n|-crit|p2a: Ogerpon\n|-damage|p2a: Ogerpon|0 fnt\n|faint|p2a: Ogerpon\n|\n|upkeep\n|\n|t:|1771237331\n|switch|p2a: Tapu Fini|Tapu Fini, shiny|100/100\n|-damage|p2a: Tapu Fini|88/100|[from] Stealth Rock\n|-fieldstart|move: Misty Terrain|[from] ability: Misty Surge|[of] p2a: Tapu Fini\n|turn|11\n|\n|t:|1771237334\n|move|p2a: Tapu Fini|Calm Mind|p2a: Tapu Fini\n|-boost|p2a: Tapu Fini|spa|1\n|-boost|p2a: Tapu Fini|spd|1\n|move|p1a: Kingambit|Knock Off|p2a: Tapu Fini\n|-resisted|p2a: Tapu Fini\n|-crit|p2a: Tapu Fini\n|-damage|p2a: Tapu Fini|44/100\n|-enditem|p2a: Tapu Fini|Leftovers|[from] move: Knock Off|[of] p1a: Kingambit\n|\n|upkeep\n|turn|12\n|\n|t:|1771237336\n|move|p2a: Tapu Fini|Draining Kiss|p1a: Kingambit\n|-damage|p1a: Kingambit|26/100\n|-heal|p2a: Tapu Fini|64/100|[from] drain|[of] p1a: Kingambit\n|move|p1a: Kingambit|Knock Off|p2a: Tapu Fini\n|-resisted|p2a: Tapu Fini\n|-damage|p2a: Tapu Fini|44/100\n|\n|upkeep\n|turn|13\n|j| blackddarkness\n|\n|t:|1771237350\n|move|p2a: Tapu Fini|Draining Kiss|p1a: Kingambit\n|-damage|p1a: Kingambit|3/100\n|-heal|p2a: Tapu Fini|65/100|[from] drain|[of] p1a: Kingambit\n|move|p1a: Kingambit|Knock Off|p2a: Tapu Fini\n|-resisted|p2a: Tapu Fini\n|-damage|p2a: Tapu Fini|47/100\n|\n|upkeep\n|turn|14\n|\n|t:|1771237353\n|move|p2a: Tapu Fini|Draining Kiss|p1a: Kingambit\n|-damage|p1a: Kingambit|0 fnt\n|-heal|p2a: Tapu Fini|49/100|[from] drain|[of] p1a: Kingambit\n|faint|p1a: Kingambit\n|\n|upkeep\n|\n|t:|1771237355\n|switch|p1a: Tapu Lele|Tapu Lele|100/100\n|-fieldstart|move: Psychic Terrain|[from] ability: Psychic Surge|[of] p1a: Tapu Lele\n|turn|15\n|\n|t:|1771237362\n|move|p1a: Tapu Lele|Psyshock|p2a: Tapu Fini\n|-damage|p2a: Tapu Fini|0 fnt\n|faint|p2a: Tapu Fini\n|\n|upkeep\n|\n|t:|1771237366\n|switch|p2a: Charizard|Charizard-Mega-Y, F, shiny|100/100\n|-damage|p2a: Charizard|50/100|[from] Stealth Rock\n|-weather|SunnyDay|[from] ability: Drought|[of] p2a: Charizard\n|turn|16\n|\n|t:|1771237368\n|move|p1a: Tapu Lele|Psyshock|p2a: Charizard\n|-crit|p2a: Charizard\n|-damage|p2a: Charizard|0 fnt\n|faint|p2a: Charizard\n|detailschange|p2: Charizard|Charizard, F, shiny|[silent]\n|\n|-weather|SunnyDay|[upkeep]\n|upkeep\n|-message|Frost12080000 forfeited.\n|\n|win|repeatttt\n|raw|repeatttt's rating: 1672 &rarr; <strong>1688</strong><br />(+16 for winning)\n|raw|Frost12080000's rating: 1608 &rarr; <strong>1592</strong><br />(-16 for losing)\n|l|☆Frost12080000\n|player|p2|\n|l|☆repeatttt\n|player|p1|\n", "uploadtime": 1771237585, "views": 12, "formatid": "gen9nationaldex", "rating": 1592, "private": 0, "password": null}