{"id": "gen9nationaldex-2540776888", "format": "[Gen 9] National Dex", "players": ["nomer 17", "riderzitto5"], "log": "|j|‽nomer 17\n|j|☆riderzitto5\n|t:|1771252801\n|gametype|singles\n|player|p1|nomer 17|1|1701\n|player|p2|riderzitto5|petrel|1690\n|gen|9\n|tier|[Gen 9] National Dex\n|rated|\n|rule|HP Percentage Mod: HP is shown in percentages\n|rule|Endless Battle Clause: Forcing endless battles is banned\n|rule|Species Clause: Limit one of each Pokémon\n|rule|OHKO Clause: OHKO moves are banned\n|rule|Evasion Clause: Evasion abilities, items, and moves are banned\n|rule|Evasion Abilities Clause: Evasion abilities are banned\n|rule|Evasion Items Clause: Evasion items are banned\n|rule|Evasion Moves Clause: Evasion moves are banned\n|rule|Sleep Clause Mod: Limit one foe put to sleep\n|rule|Terastal Clause: You cannot Terastallize\n|clearpoke\n|poke|p1|Lopunny, M|\n|poke|p1|Serperior, F|\n|poke|p1|Volcarona, F|\n|poke|p1|Corviknight, M|\n|poke|p1|Garchomp, M|\n|poke|p1|Umbreon, F|\n|poke|p2|Chansey, F|\n|poke|p2|Toxapex, F|\n|poke|p2|Corviknight, M|\n|poke|p2|Clodsire, M|\n|poke|p2|Dondozo, M|\n|poke|p2|Sableye, M|\n|teampreview\n|\n|t:|1771252815\n|teamsize|p1|6\n|teamsize|p2|6\n|start\n|switch|p1a: Umbreon|Umbreon, F|100/100\n|switch|p2a: Timid|Sableye, M, shiny|100/100\n|turn|1\n|\n|t:|1771252822\n|detailschange|p2a: Timid|Sableye-Mega, M, shiny\n|-mega|p2a: Timid|Sableye|Sablenite\n|move|p1a: Umbreon|Protect|p1a: Umbreon\n|-singleturn|p1a: Umbreon|Protect\n|move|p2a: Timid|Knock Off|p1a: Umbreon\n|-activate|p1a: Umbreon|move: Protect\n|\n|upkeep\n|turn|2\n|\n|t:|1771252826\n|move|p1a: Umbreon|Toxic|p2a: Timid\n|move|p2a: Timid|Toxic|p1a: Umbreon|[from] ability: Magic Bounce\n|-status|p1a: Umbreon|tox\n|-activate|p1a: Umbreon|ability: Synchronize\n|-status|p2a: Timid|tox\n|move|p2a: Timid|Knock Off|p1a: Umbreon\n|-resisted|p1a: Umbreon\n|-damage|p1a: Umbreon|88/100 tox\n|-enditem|p1a: Umbreon|Leftovers|[from] move: Knock Off|[of] p2a: Timid\n|\n|-damage|p1a: Umbreon|82/100 tox|[from] psn\n|-damage|p2a: Timid|95/100 tox|[from] psn\n|upkeep\n|turn|3\n|j| Reyanek\n|\n|t:|1771252845\n|switch|p2a: hehhehe|Clodsire, M, shiny|100/100\n|move|p1a: Umbreon|Foul Play|p2a: hehhehe\n|-damage|p2a: hehhehe|69/100\n|\n|-heal|p2a: hehhehe|75/100|[from] item: Black Sludge\n|-damage|p1a: Umbreon|70/100 tox|[from] psn\n|upkeep\n|turn|4\n|\n|t:|1771252850\n|switch|p1a: Garchomp|Garchomp, M|100/100\n|move|p2a: hehhehe|Stealth Rock|p1a: Garchomp\n|-sidestart|p1: nomer 17|move: Stealth Rock\n|\n|-heal|p2a: hehhehe|82/100|[from] item: Black Sludge\n|upkeep\n|turn|5\n|\n|t:|1771252855\n|switch|p2a: Your BF|Corviknight, M|100/100\n|-ability|p2a: Your BF|Pressure\n|move|p1a: Garchomp|Stealth Rock|p2a: Your BF\n|-sidestart|p2: riderzitto5|move: Stealth Rock\n|\n|upkeep\n|turn|6\n|\n|t:|1771252861\n|move|p2a: Your BF|Defog|p1a: Garchomp\n|-unboost|p1a: Garchomp|evasion|1\n|-sideend|p1: nomer 17|Stealth Rock|[from] move: Defog|[of] p2a: Your BF\n|-sideend|p2: riderzitto5|Stealth Rock|[from] move: Defog|[of] p2a: Your BF\n|move|p1a: Garchomp|Dragon Tail|p2a: Your BF\n|-resisted|p2a: Your BF\n|-damage|p2a: Your BF|92/100\n|-damage|p1a: Garchomp|84/100|[from] item: Rocky Helmet|[of] p2a: Your BF\n|drag|p2a: Timid|Sableye-Mega, M, shiny|95/100 tox\n|\n|-damage|p2a: Timid|89/100 tox|[from] psn\n|upkeep\n|turn|7\n|\n|t:|1771252870\n|switch|p1a: Umbreon|Umbreon, F|70/100 tox\n|move|p2a: Timid|Will-O-Wisp||[still]\n|-fail|p2a: Timid\n|\n|-damage|p1a: Umbreon|63/100 tox|[from] psn\n|-damage|p2a: Timid|77/100 tox|[from] psn\n|upkeep\n|turn|8\n|\n|t:|1771252876\n|switch|p2a: ThePex|Toxapex, F, shiny|100/100\n|move|p1a: Umbreon|Wish|p1a: Umbreon\n|\n|-damage|p1a: Umbreon|51/100 tox|[from] psn\n|upkeep\n|turn|9\n|\n|t:|1771252884\n|move|p1a: Umbreon|Protect|p1a: Umbreon\n|-singleturn|p1a: Umbreon|Protect\n|move|p2a: ThePex|Toxic|p1a: Umbreon\n|-activate|p1a: Umbreon|move: Protect\n|\n|-heal|p1a: Umbreon|100/100 tox|[from] move: Wish|[wisher] Umbreon\n|-damage|p1a: Umbreon|82/100 tox|[from] psn\n|upkeep\n|turn|10\n|\n|t:|1771252888\n|switch|p1a: Corviknight|Corviknight, M|100/100\n|-ability|p1a: Corviknight|Pressure\n|move|p2a: ThePex|Toxic|p1a: Corviknight\n|-immune|p1a: Corviknight\n|\n|upkeep\n|turn|11\n|\n|t:|1771252892\n|move|p1a: Corviknight|Substitute|p1a: Corviknight\n|-start|p1a: Corviknight|Substitute\n|-damage|p1a: Corviknight|75/100\n|move|p2a: ThePex|Scald|p1a: Corviknight\n|-activate|p1a: Corviknight|move: Substitute|[damage]\n|\n|-heal|p1a: Corviknight|82/100|[from] item: Leftovers\n|upkeep\n|turn|12\n|\n|t:|1771252895\n|move|p1a: Corviknight|Brave Bird|p2a: ThePex\n|-damage|p2a: ThePex|79/100\n|-damage|p1a: Corviknight|76/100|[from] Recoil\n|move|p2a: ThePex|Scald|p1a: Corviknight\n|-end|p1a: Corviknight|Substitute\n|\n|-heal|p1a: Corviknight|83/100|[from] item: Leftovers\n|-heal|p2a: ThePex|85/100|[from] item: Black Sludge\n|upkeep\n|turn|13\n|\n|t:|1771252900\n|move|p1a: Corviknight|Substitute|p1a: Corviknight\n|-start|p1a: Corviknight|Substitute\n|-damage|p1a: Corviknight|58/100\n|move|p2a: ThePex|Scald|p1a: Corviknight\n|-activate|p1a: Corviknight|move: Substitute|[damage]\n|\n|-heal|p1a: Corviknight|64/100|[from] item: Leftovers\n|-heal|p2a: ThePex|91/100|[from] item: Black Sludge\n|upkeep\n|turn|14\n|\n|t:|1771252903\n|move|p1a: Corviknight|Bulk Up|p1a: Corviknight\n|-boost|p1a: Corviknight|atk|1\n|-boost|p1a: Corviknight|def|1\n|move|p2a: ThePex|Scald|p1a: Corviknight\n|-end|p1a: Corviknight|Substitute\n|\n|-heal|p1a: Corviknight|70/100|[from] item: Leftovers\n|-heal|p2a: ThePex|97/100|[from] item: Black Sludge\n|upkeep\n|turn|15\n|\n|t:|1771252907\n|switch|p2a: Your BF|Corviknight, M|92/100\n|-ability|p2a: Your BF|Pressure\n|move|p1a: Corviknight|Substitute|p1a: Corviknight\n|-start|p1a: Corviknight|Substitute\n|-damage|p1a: Corviknight|45/100\n|\n|-heal|p1a: Corviknight|51/100|[from] item: Leftovers\n|upkeep\n|turn|16\n|\n|t:|1771252913\n|move|p2a: Your BF|Iron Defense|p2a: Your BF\n|-boost|p2a: Your BF|def|2\n|move|p1a: Corviknight|Roost|p1a: Corviknight\n|-heal|p1a: Corviknight|100/100\n|-singleturn|p1a: Corviknight|move: Roost\n|\n|upkeep\n|turn|17\n|\n|t:|1771252919\n|switch|p1a: Volcarona|Volcarona, F|100/100\n|move|p2a: Your BF|Iron Defense|p2a: Your BF\n|-boost|p2a: Your BF|def|2\n|\n|upkeep\n|turn|18\n|\n|t:|1771252923\n|switch|p2a: EggChan|Chansey, F, shiny|100/100\n|move|p1a: Volcarona|Flamethrower|p2a: EggChan\n|-damage|p2a: EggChan|90/100\n|\n|upkeep\n|turn|19\n|\n|t:|1771252930\n|switch|p1a: Garchomp|Garchomp, M|84/100\n|move|p2a: EggChan|Seismic Toss|p1a: Garchomp\n|-damage|p1a: Garchomp|60/100\n|-damage|p2a: EggChan|77/100|[from] ability: Rough Skin|[of] p1a: Garchomp\n|-damage|p2a: EggChan|60/100|[from] item: Rocky Helmet|[of] p1a: Garchomp\n|\n|upkeep\n|turn|20\n|\n|t:|1771252938\n|switch|p2a: Your BF|Corviknight, M|92/100\n|-ability|p2a: Your BF|Pressure\n|move|p1a: Garchomp|Stealth Rock|p2a: Your BF\n|-sidestart|p2: riderzitto5|move: Stealth Rock\n|\n|upkeep\n|turn|21\n|\n|t:|1771252945\n|switch|p1a: Volcarona|Volcarona, F|100/100\n|move|p2a: Your BF|Defog|p1a: Volcarona\n|-unboost|p1a: Volcarona|evasion|1\n|-sideend|p2: riderzitto5|Stealth Rock|[from] move: Defog|[of] p2a: Your BF\n|\n|upkeep\n|turn|22\n|\n|t:|1771252948\n|switch|p2a: EggChan|Chansey, F, shiny|60/100\n|move|p1a: Volcarona|Flamethrower|p2a: EggChan\n|-damage|p2a: EggChan|49/100\n|\n|upkeep\n|turn|23\n|\n|t:|1771252952\n|switch|p1a: Garchomp|Garchomp, M|60/100\n|move|p2a: EggChan|Soft-Boiled|p2a: EggChan\n|-heal|p2a: EggChan|99/100\n|\n|upkeep\n|turn|24\n|\n|t:|1771252954\n|switch|p2a: Your BF|Corviknight, M|92/100\n|-ability|p2a: Your BF|Pressure\n|move|p1a: Garchomp|Stealth Rock|p2a: Your BF\n|-sidestart|p2: riderzitto5|move: Stealth Rock\n|\n|upkeep\n|turn|25\n|\n|t:|1771252959\n|switch|p1a: Volcarona|Volcarona, F|100/100\n|move|p2a: Your BF|Defog|p1a: Volcarona\n|-unboost|p1a: Volcarona|evasion|1\n|-sideend|p2: riderzitto5|Stealth Rock|[from] move: Defog|[of] p2a: Your BF\n|\n|upkeep\n|turn|26\n|\n|t:|1771252964\n|switch|p2a: EggChan|Chansey, F, shiny|99/100\n|move|p1a: Volcarona|Flamethrower|p2a: EggChan\n|-damage|p2a: EggChan|88/100\n|\n|upkeep\n|turn|27\n|\n|t:|1771252968\n|switch|p1a: Garchomp|Garchomp, M|60/100\n|move|p2a: EggChan|Toxic|p1a: Garchomp\n|-status|p1a: Garchomp|tox\n|\n|-damage|p1a: Garchomp|54/100 tox|[from] psn\n|upkeep\n|turn|28\n|l| Reyanek\n|\n|t:|1771252973\n|switch|p1a: Volcarona|Volcarona, F|100/100\n|switch|p2a: Your BF|Corviknight, M|92/100\n|-ability|p2a: Your BF|Pressure\n|\n|upkeep\n|turn|29\n|\n|t:|1771252976\n|switch|p1a: Lopunny|Lopunny, M|100/100\n|switch|p2a: EggChan|Chansey, F, shiny|88/100\n|\n|upkeep\n|turn|30\n|\n|t:|1771252979\n|switch|p2a: Fish|Dondozo, M, shiny|100/100\n|detailschange|p1a: Lopunny|Lopunny-Mega, M\n|-mega|p1a: Lopunny|Lopunny|Lopunnite\n|move|p1a: Lopunny|Close Combat|p2a: Fish\n|-damage|p2a: Fish|69/100\n|-unboost|p1a: Lopunny|def|1\n|-unboost|p1a: Lopunny|spd|1\n|\n|-heal|p2a: Fish|75/100|[from] item: Leftovers\n|upkeep\n|turn|31\n|\n|t:|1771252986\n|switch|p1a: Serperior|Serperior, F|100/100\n|move|p2a: Fish|Waterfall|p1a: Serperior\n|-resisted|p1a: Serperior\n|-damage|p1a: Serperior|83/100\n|\n|-heal|p2a: Fish|82/100|[from] item: Leftovers\n|upkeep\n|turn|32\n|\n|t:|1771252989\n|switch|p2a: hehhehe|Clodsire, M, shiny|82/100\n|move|p1a: Serperior|Glare|p2a: hehhehe\n|-status|p2a: hehhehe|par\n|\n|-heal|p2a: hehhehe|88/100 par|[from] item: Black Sludge\n|upkeep\n|turn|33\n|\n|t:|1771252995\n|switch|p1a: Lopunny|Lopunny-Mega, M|100/100\n|move|p2a: hehhehe|Stealth Rock|p1a: Lopunny\n|-sidestart|p1: nomer 17|move: Stealth Rock\n|\n|-heal|p2a: hehhehe|94/100 par|[from] item: Black Sludge\n|upkeep\n|turn|34\n|\n|t:|1771253001\n|switch|p2a: Your BF|Corviknight, M|92/100\n|-ability|p2a: Your BF|Pressure\n|move|p1a: Lopunny|Close Combat|p2a: Your BF\n|-damage|p2a: Your BF|52/100\n|-unboost|p1a: Lopunny|def|1\n|-unboost|p1a: Lopunny|spd|1\n|-damage|p1a: Lopunny|84/100|[from] item: Rocky Helmet|[of] p2a: Your BF\n|\n|upkeep\n|turn|35\n|\n|t:|1771253008\n|move|p1a: Lopunny|Close Combat|p2a: Your BF\n|-damage|p2a: Your BF|12/100\n|-unboost|p1a: Lopunny|def|1\n|-unboost|p1a: Lopunny|spd|1\n|-damage|p1a: Lopunny|67/100|[from] item: Rocky Helmet|[of] p2a: Your BF\n|move|p2a: Your BF|Roost|p2a: Your BF\n|-heal|p2a: Your BF|62/100\n|-singleturn|p2a: Your BF|move: Roost\n|\n|upkeep\n|turn|36\n|\n|t:|1771253012\n|switch|p1a: Volcarona|Volcarona, F|100/100\n|move|p2a: Your BF|Body Press|p1a: Volcarona\n|-resisted|p1a: Volcarona\n|-damage|p1a: Volcarona|88/100\n|\n|upkeep\n|turn|37\n|\n|t:|1771253019\n|switch|p1a: Serperior|Serperior, F|83/100\n|-damage|p1a: Serperior|70/100|[from] Stealth Rock\n|switch|p2a: EggChan|Chansey, F, shiny|88/100\n|\n|upkeep\n|turn|38\n|\n|t:|1771253023\n|move|p1a: Serperior|Leaf Storm|p2a: EggChan|[miss]\n|-miss|p1a: Serperior|p2a: EggChan\n|move|p2a: EggChan|Seismic Toss|p1a: Serperior\n|-damage|p1a: Serperior|36/100\n|\n|upkeep\n|turn|39\n|-message|nomer 17 forfeited.\n|\n|win|riderzitto5\n|raw|nomer 17's rating: 1701 &rarr; <strong>1680</strong><br />(-21 for losing)\n|raw|riderzitto5's rating: 1690 &rarr; <strong>1711</strong><br />(+21 for winning)\n|l|‽nomer 17\n|player|p1|\n|l|☆riderzitto5\n|player|p2|\n", "uploadtime": 1771253262, "views": 4, "formatid": "gen9nationaldex", "rating": 1680, "private": 0, "password": null}