{"id": "gen9nationaldex-2540813647", "format": "[Gen 9] National Dex", "players": ["spirefire", "PointedRanger11"], "log": "|j|☆spirefire\n|j|☆PointedRanger11\n|t:|1771256747\n|gametype|singles\n|player|p1|spirefire|miku-ghost|1576\n|player|p2|PointedRanger11|n|1700\n|gen|9\n|tier|[Gen 9] National Dex\n|rated|\n|rule|HP Percentage Mod: HP is shown in percentages\n|rule|Endless Battle Clause: Forcing endless battles is banned\n|rule|Species Clause: Limit one of each Pokémon\n|rule|OHKO Clause: OHKO moves are banned\n|rule|Evasion Clause: Evasion abilities, items, and moves are banned\n|rule|Evasion Abilities Clause: Evasion abilities are banned\n|rule|Evasion Items Clause: Evasion items are banned\n|rule|Evasion Moves Clause: Evasion moves are banned\n|rule|Sleep Clause Mod: Limit one foe put to sleep\n|rule|Terastal Clause: You cannot Terastallize\n|clearpoke\n|poke|p1|Grimmsnarl, M|\n|poke|p1|Volcarona, F|\n|poke|p1|Great Tusk|\n|poke|p1|Gyarados, F|\n|poke|p1|Glimmora, F|\n|poke|p1|Latias, F|\n|poke|p2|Aerodactyl, F|\n|poke|p2|Zoroark-Hisui, M|\n|poke|p2|Kyurem|\n|poke|p2|Iron Treads|\n|poke|p2|Zapdos|\n|poke|p2|Blaziken, F|\n|teampreview\n|inactive|Battle timer is ON: inactive players will automatically lose when time's up. (requested by spirefire)\n|l|☆spirefire\n|inactive|spirefire disconnected and has a minute to reconnect!\n|player|p1|\n|j|☆spirefire\n|inactive|spirefire reconnected.\n|player|p1|spirefire|miku-ghost|\n|inactive|PointedRanger11 has 120 seconds left.\n|\n|t:|1771256784\n|teamsize|p1|6\n|teamsize|p2|6\n|start\n|switch|p1a: Glimmora|Glimmora, F|100/100\n|switch|p2a: MANNY|Iron Treads|100/100\n|-enditem|p2a: MANNY|Booster Energy\n|-activate|p2a: MANNY|ability: Quark Drive|[fromitem]\n|-start|p2a: MANNY|quarkdrivespe\n|turn|1\n|\n|t:|1771256797\n|switch|p1a: Great Tusk|Great Tusk|100/100\n|-enditem|p1a: Great Tusk|Booster Energy\n|-activate|p1a: Great Tusk|ability: Protosynthesis|[fromitem]\n|-start|p1a: Great Tusk|protosynthesisatk\n|move|p2a: MANNY|Earthquake|p1a: Great Tusk\n|-damage|p1a: Great Tusk|69/100\n|\n|upkeep\n|turn|2\n|\n|t:|1771256805\n|-end|p2a: MANNY|Quark Drive|[silent]\n|switch|p2a: LOWTIER FRAUD|Zapdos|100/100\n|move|p1a: Great Tusk|Headlong Rush|p2a: LOWTIER FRAUD\n|-immune|p2a: LOWTIER FRAUD\n|\n|upkeep\n|turn|3\n|\n|t:|1771256810\n|move|p1a: Great Tusk|Head Smash|p2a: LOWTIER FRAUD|[miss]\n|-miss|p1a: Great Tusk|p2a: LOWTIER FRAUD\n|move|p2a: LOWTIER FRAUD|Heat Wave|p1a: Great Tusk\n|-damage|p1a: Great Tusk|15/100\n|\n|upkeep\n|turn|4\n|\n|t:|1771256818\n|switch|p2a: MANNY|Iron Treads|100/100\n|move|p1a: Great Tusk|Head Smash|p2a: MANNY\n|-resisted|p2a: MANNY\n|-damage|p2a: MANNY|84/100\n|-damage|p1a: Great Tusk|8/100|[from] Recoil\n|\n|upkeep\n|turn|5\n|\n|t:|1771256823\n|-end|p1a: Great Tusk|Protosynthesis|[silent]\n|switch|p1a: Gyarados|Gyarados, F|100/100\n|-ability|p1a: Gyarados|Intimidate|boost\n|-unboost|p2a: MANNY|atk|1\n|move|p2a: MANNY|Earthquake|p1a: Gyarados\n|-immune|p1a: Gyarados\n|\n|upkeep\n|turn|6\n|\n|t:|1771256828\n|-end|p2a: MANNY|Quark Drive|[silent]\n|switch|p2a: LOWTIER FRAUD|Zapdos|100/100\n|switch|p1a: Glimmora|Glimmora, F|100/100\n|\n|upkeep\n|turn|7\n|\n|t:|1771256832\n|move|p1a: Glimmora|Meteor Beam||[still]\n|-prepare|p1a: Glimmora|Meteor Beam\n|-boost|p1a: Glimmora|spa|1\n|-enditem|p1a: Glimmora|Power Herb\n|-anim|p1a: Glimmora|Meteor Beam|p2a: LOWTIER FRAUD\n|-supereffective|p2a: LOWTIER FRAUD\n|-damage|p2a: LOWTIER FRAUD|0 fnt\n|faint|p2a: LOWTIER FRAUD\n|\n|upkeep\n|\n|t:|1771256841\n|switch|p2a: AAAAAAAAAAAAA|Aerodactyl, F|100/100\n|turn|8\n|\n|t:|1771256847\n|detailschange|p2a: AAAAAAAAAAAAA|Aerodactyl-Mega, F\n|-mega|p2a: AAAAAAAAAAAAA|Aerodactyl|Aerodactylite\n|move|p2a: AAAAAAAAAAAAA|Earthquake|p1a: Glimmora\n|-supereffective|p1a: Glimmora\n|-damage|p1a: Glimmora|0 fnt\n|-activate|p1a: Glimmora|ability: Toxic Debris\n|-sidestart|p2: PointedRanger11|move: Toxic Spikes\n|faint|p1a: Glimmora\n|\n|upkeep\n|\n|t:|1771256853\n|switch|p1a: Grimmsnarl|Grimmsnarl, M|100/100\n|turn|9\n|\n|t:|1771256856\n|move|p1a: Grimmsnarl|Taunt|p2a: AAAAAAAAAAAAA\n|-start|p2a: AAAAAAAAAAAAA|move: Taunt\n|move|p2a: AAAAAAAAAAAAA|Iron Head|p1a: Grimmsnarl\n|-supereffective|p1a: Grimmsnarl\n|-damage|p1a: Grimmsnarl|32/100\n|\n|upkeep\n|turn|10\n|\n|t:|1771256859\n|switch|p2a: MANNY|Iron Treads|84/100\n|move|p1a: Grimmsnarl|Reflect|p1a: Grimmsnarl\n|-sidestart|p1: spirefire|Reflect\n|\n|upkeep\n|turn|11\n|\n|t:|1771256864\n|move|p2a: MANNY|Rapid Spin|p1a: Grimmsnarl\n|-damage|p1a: Grimmsnarl|25/100\n|-boost|p2a: MANNY|spe|1\n|-sideend|p2: PointedRanger11|Toxic Spikes|[from] move: Rapid Spin|[of] p2a: MANNY\n|move|p1a: Grimmsnarl|Superpower|p2a: MANNY\n|-supereffective|p2a: MANNY\n|-damage|p2a: MANNY|27/100\n|-unboost|p1a: Grimmsnarl|atk|1\n|-unboost|p1a: Grimmsnarl|def|1\n|\n|upkeep\n|turn|12\n|\n|t:|1771256869\n|switch|p1a: Great Tusk|Great Tusk|8/100\n|move|p2a: MANNY|Heavy Slam|p1a: Great Tusk\n|-damage|p1a: Great Tusk|2/100\n|\n|upkeep\n|turn|13\n|\n|t:|1771256873\n|move|p2a: MANNY|Earthquake|p1a: Great Tusk\n|-damage|p1a: Great Tusk|0 fnt\n|faint|p1a: Great Tusk\n|-end|p1a: Great Tusk|Protosynthesis|[silent]\n|\n|upkeep\n|\n|t:|1771256875\n|switch|p1a: Gyarados|Gyarados, F|100/100\n|-ability|p1a: Gyarados|Intimidate|boost\n|-unboost|p2a: MANNY|atk|1\n|turn|14\n|\n|t:|1771256877\n|move|p2a: MANNY|Stealth Rock|p1a: Gyarados\n|-sidestart|p1: spirefire|move: Stealth Rock\n|move|p1a: Gyarados|Dragon Dance|p1a: Gyarados\n|-boost|p1a: Gyarados|atk|1\n|-boost|p1a: Gyarados|spe|1\n|\n|upkeep\n|turn|15\n|\n|t:|1771256881\n|-end|p2a: MANNY|Quark Drive|[silent]\n|switch|p2a: WHAT KILL DA DINO|Kyurem|100/100\n|-ability|p2a: WHAT KILL DA DINO|Pressure\n|move|p1a: Gyarados|Dragon Dance|p1a: Gyarados\n|-boost|p1a: Gyarados|atk|1\n|-boost|p1a: Gyarados|spe|1\n|\n|upkeep\n|turn|16\n|\n|t:|1771256885\n|detailschange|p1a: Gyarados|Gyarados-Mega, F\n|-mega|p1a: Gyarados|Gyarados|Gyaradosite\n|-ability|p1a: Gyarados|Mold Breaker\n|move|p1a: Gyarados|Crunch|p2a: WHAT KILL DA DINO\n|-damage|p2a: WHAT KILL DA DINO|28/100\n|move|p2a: WHAT KILL DA DINO|Freeze-Dry|p1a: Gyarados\n|-supereffective|p1a: Gyarados\n|-damage|p1a: Gyarados|31/100\n|\n|-heal|p2a: WHAT KILL DA DINO|34/100|[from] item: Leftovers\n|upkeep\n|turn|17\n|\n|t:|1771256895\n|move|p1a: Gyarados|Crunch|p2a: WHAT KILL DA DINO\n|-crit|p2a: WHAT KILL DA DINO\n|-damage|p2a: WHAT KILL DA DINO|0 fnt\n|faint|p2a: WHAT KILL DA DINO\n|\n|-sideend|p1: spirefire|Reflect\n|upkeep\n|\n|t:|1771256902\n|switch|p2a: CHICK HEAD CUT OFF|Blaziken, F|100/100\n|turn|18\n|\n|t:|1771256910\n|move|p1a: Gyarados|Waterfall|p2a: CHICK HEAD CUT OFF\n|-supereffective|p2a: CHICK HEAD CUT OFF\n|-enditem|p2a: CHICK HEAD CUT OFF|Focus Sash\n|-damage|p2a: CHICK HEAD CUT OFF|1/100\n|move|p2a: CHICK HEAD CUT OFF|Close Combat|p1a: Gyarados\n|-supereffective|p1a: Gyarados\n|-crit|p1a: Gyarados\n|-damage|p1a: Gyarados|0 fnt\n|-unboost|p2a: CHICK HEAD CUT OFF|def|1\n|-unboost|p2a: CHICK HEAD CUT OFF|spd|1\n|faint|p1a: Gyarados\n|detailschange|p1: Gyarados|Gyarados, F|[silent]\n|\n|-ability|p2a: CHICK HEAD CUT OFF|Speed Boost|boost\n|-boost|p2a: CHICK HEAD CUT OFF|spe|1\n|upkeep\n|\n|t:|1771256916\n|switch|p1a: Grimmsnarl|Grimmsnarl, M|25/100\n|-damage|p1a: Grimmsnarl|13/100|[from] Stealth Rock\n|turn|19\n|\n|t:|1771256926\n|move|p1a: Grimmsnarl|Taunt|p2a: CHICK HEAD CUT OFF\n|-start|p2a: CHICK HEAD CUT OFF|move: Taunt\n|move|p2a: CHICK HEAD CUT OFF|Close Combat|p1a: Grimmsnarl\n|-damage|p1a: Grimmsnarl|0 fnt\n|-unboost|p2a: CHICK HEAD CUT OFF|def|1\n|-unboost|p2a: CHICK HEAD CUT OFF|spd|1\n|faint|p1a: Grimmsnarl\n|\n|-ability|p2a: CHICK HEAD CUT OFF|Speed Boost|boost\n|-boost|p2a: CHICK HEAD CUT OFF|spe|1\n|upkeep\n|\n|t:|1771256929\n|switch|p1a: Latias|Latias, F, shiny|100/100\n|-damage|p1a: Latias|88/100|[from] Stealth Rock\n|turn|20\n|\n|t:|1771256933\n|move|p2a: CHICK HEAD CUT OFF|Close Combat|p1a: Latias\n|-resisted|p1a: Latias\n|-damage|p1a: Latias|56/100\n|-unboost|p2a: CHICK HEAD CUT OFF|def|1\n|-unboost|p2a: CHICK HEAD CUT OFF|spd|1\n|move|p1a: Latias|Agility|p1a: Latias\n|-boost|p1a: Latias|spe|2\n|\n|-ability|p2a: CHICK HEAD CUT OFF|Speed Boost|boost\n|-boost|p2a: CHICK HEAD CUT OFF|spe|1\n|upkeep\n|turn|21\n|\n|t:|1771256949\n|move|p2a: CHICK HEAD CUT OFF|Close Combat|p1a: Latias\n|-resisted|p1a: Latias\n|-damage|p1a: Latias|20/100\n|-unboost|p2a: CHICK HEAD CUT OFF|def|1\n|-unboost|p2a: CHICK HEAD CUT OFF|spd|1\n|move|p1a: Latias|Calm Mind|p1a: Latias\n|-boost|p1a: Latias|spa|1\n|-boost|p1a: Latias|spd|1\n|\n|-end|p2a: CHICK HEAD CUT OFF|move: Taunt\n|-ability|p2a: CHICK HEAD CUT OFF|Speed Boost|boost\n|-boost|p2a: CHICK HEAD CUT OFF|spe|1\n|upkeep\n|turn|22\n|\n|t:|1771256955\n|move|p2a: CHICK HEAD CUT OFF|Close Combat|p1a: Latias\n|-resisted|p1a: Latias\n|-damage|p1a: Latias|0 fnt\n|-unboost|p2a: CHICK HEAD CUT OFF|def|1\n|-unboost|p2a: CHICK HEAD CUT OFF|spd|1\n|faint|p1a: Latias\n|\n|-ability|p2a: CHICK HEAD CUT OFF|Speed Boost|boost\n|-boost|p2a: CHICK HEAD CUT OFF|spe|1\n|upkeep\n|\n|t:|1771256960\n|switch|p1a: Volcarona|Volcarona, F|100/100\n|-damage|p1a: Volcarona|51/100|[from] Stealth Rock\n|turn|23\n|\n|t:|1771256965\n|switch|p2a: AAAAAAAAAAAAA|Aerodactyl-Mega, F|100/100\n|move|p1a: Volcarona|Quiver Dance|p1a: Volcarona\n|-boost|p1a: Volcarona|spa|1\n|-boost|p1a: Volcarona|spd|1\n|-boost|p1a: Volcarona|spe|1\n|\n|upkeep\n|turn|24\n|\n|t:|1771256970\n|-zpower|p1a: Volcarona\n|move|p1a: Volcarona|Savage Spin-Out|p2a: AAAAAAAAAAAAA|[zeffect]\n|-resisted|p2a: AAAAAAAAAAAAA\n|-damage|p2a: AAAAAAAAAAAAA|23/100\n|move|p2a: AAAAAAAAAAAAA|Dual Wingbeat|p1a: Volcarona\n|-supereffective|p1a: Volcarona\n|-damage|p1a: Volcarona|0 fnt\n|faint|p1a: Volcarona\n|-hitcount|p1: Volcarona|1\n|\n|win|PointedRanger11\n|raw|spirefire's rating: 1576 &rarr; <strong>1563</strong><br />(-13 for losing)\n|raw|PointedRanger11's rating: 1700 &rarr; <strong>1713</strong><br />(+13 for winning)\n|l|☆spirefire\n|player|p1|\n|l|☆PointedRanger11\n|player|p2|\n", "uploadtime": 1771257110, "views": 4, "formatid": "gen9nationaldex", "rating": 1563, "private": 0, "password": null}