{"id": "gen9nationaldex-2540563633", "format": "[Gen 9] National Dex", "players": ["Might drago", "tspinner5000"], "log": "|j|☆Might drago\n|j|☆tspinner5000\n|t:|1771218643\n|gametype|singles\n|player|p1|Might drago|swimmerf-gen6|1597\n|player|p2|tspinner5000|n-masters2|1619\n|gen|9\n|tier|[Gen 9] National Dex\n|rated|\n|rule|HP Percentage Mod: HP is shown in percentages\n|rule|Endless Battle Clause: Forcing endless battles is banned\n|rule|Species Clause: Limit one of each Pokémon\n|rule|OHKO Clause: OHKO moves are banned\n|rule|Evasion Clause: Evasion abilities, items, and moves are banned\n|rule|Evasion Abilities Clause: Evasion abilities are banned\n|rule|Evasion Items Clause: Evasion items are banned\n|rule|Evasion Moves Clause: Evasion moves are banned\n|rule|Sleep Clause Mod: Limit one foe put to sleep\n|rule|Terastal Clause: You cannot Terastallize\n|clearpoke\n|poke|p1|Ting-Lu|\n|poke|p1|Zamazenta-*|\n|poke|p1|Heatran, F|\n|poke|p1|Garganacl, F|\n|poke|p1|Venusaur, F|\n|poke|p1|Corviknight, F|\n|poke|p2|Heatran, M|\n|poke|p2|Ferrothorn, F|\n|poke|p2|Landorus-Therian, M|\n|poke|p2|Samurott-Hisui, M|\n|poke|p2|Latios, M|\n|poke|p2|Tapu Lele|\n|teampreview\n|inactive|Battle timer is ON: inactive players will automatically lose when time's up. (requested by Might drago)\n|\n|t:|1771218654\n|teamsize|p1|6\n|teamsize|p2|6\n|start\n|switch|p1a: Heatran|Heatran, F|100/100\n|switch|p2a: Samurott|Samurott-Hisui, M|100/100\n|-item|p1a: Heatran|Air Balloon\n|turn|1\n|\n|t:|1771218657\n|switch|p1a: Corviknight|Corviknight, F|100/100\n|-ability|p1a: Corviknight|Pressure\n|move|p2a: Samurott|Razor Shell|p1a: Corviknight\n|-damage|p1a: Corviknight|68/100\n|-damage|p2a: Samurott|84/100|[from] item: Rocky Helmet|[of] p1a: Corviknight\n|\n|upkeep\n|turn|2\n|\n|t:|1771218660\n|switch|p2a: Heatran|Heatran, M|100/100\n|move|p1a: Corviknight|Roost|p1a: Corviknight\n|-heal|p1a: Corviknight|100/100\n|-singleturn|p1a: Corviknight|move: Roost\n|\n|upkeep\n|turn|3\n|\n|t:|1771218666\n|switch|p1a: Garganacl|Garganacl, F|100/100\n|move|p2a: Heatran|Magma Storm|p1a: Garganacl\n|-resisted|p1a: Garganacl\n|-damage|p1a: Garganacl|85/100\n|-activate|p1a: Garganacl|move: Magma Storm|[of] p2a: Heatran\n|\n|-heal|p1a: Garganacl|91/100|[from] item: Leftovers\n|-damage|p1a: Garganacl|79/100|[from] move: Magma Storm|[partiallytrapped]\n|upkeep\n|turn|4\n|\n|t:|1771218675\n|switch|p2a: Landorus|Landorus-Therian, M|100/100\n|-ability|p2a: Landorus|Intimidate|boost\n|-unboost|p1a: Garganacl|atk|1\n|move|p1a: Garganacl|Salt Cure|p2a: Landorus\n|-damage|p2a: Landorus|93/100\n|-start|p2a: Landorus|Salt Cure\n|\n|-heal|p1a: Garganacl|85/100|[from] item: Leftovers\n|-damage|p2a: Landorus|81/100|[from] Salt Cure\n|-end|p1a: Garganacl|Magma Storm|[partiallytrapped]|[silent]\n|upkeep\n|turn|5\n|\n|t:|1771218678\n|move|p2a: Landorus|U-turn|p1a: Garganacl\n|-damage|p1a: Garganacl|70/100\n|\n|t:|1771218681\n|switch|p2a: Latios|Latios, M|100/100|[from] U-turn\n|move|p1a: Garganacl|Stealth Rock|p2a: Latios\n|-sidestart|p2: tspinner5000|move: Stealth Rock\n|\n|-heal|p1a: Garganacl|76/100|[from] item: Leftovers\n|upkeep\n|turn|6\n|\n|t:|1771218683\n|detailschange|p2a: Latios|Latios-Mega, M\n|-mega|p2a: Latios|Latios|Latiosite\n|move|p1a: Garganacl|Protect|p1a: Garganacl\n|-singleturn|p1a: Garganacl|Protect\n|move|p2a: Latios|Aura Sphere|p1a: Garganacl\n|-activate|p1a: Garganacl|move: Protect\n|\n|-heal|p1a: Garganacl|82/100|[from] item: Leftovers\n|upkeep\n|turn|7\n|\n|t:|1771218686\n|move|p2a: Latios|Aura Sphere|p1a: Garganacl\n|-supereffective|p1a: Garganacl\n|-damage|p1a: Garganacl|40/100\n|move|p1a: Garganacl|Salt Cure|p2a: Latios\n|-damage|p2a: Latios|91/100\n|-start|p2a: Latios|Salt Cure\n|\n|-heal|p1a: Garganacl|46/100|[from] item: Leftovers\n|-damage|p2a: Latios|78/100|[from] Salt Cure\n|upkeep\n|turn|8\n|\n|t:|1771218694\n|move|p1a: Garganacl|Protect|p1a: Garganacl\n|-singleturn|p1a: Garganacl|Protect\n|move|p2a: Latios|Aura Sphere|p1a: Garganacl\n|-activate|p1a: Garganacl|move: Protect\n|\n|-heal|p1a: Garganacl|52/100|[from] item: Leftovers\n|-damage|p2a: Latios|66/100|[from] Salt Cure\n|upkeep\n|turn|9\n|\n|t:|1771218695\n|move|p2a: Latios|Aura Sphere|p1a: Garganacl\n|-supereffective|p1a: Garganacl\n|-damage|p1a: Garganacl|10/100\n|move|p1a: Garganacl|Recover|p1a: Garganacl\n|-heal|p1a: Garganacl|60/100\n|\n|-heal|p1a: Garganacl|66/100|[from] item: Leftovers\n|-damage|p2a: Latios|54/100|[from] Salt Cure\n|upkeep\n|turn|10\n|\n|t:|1771218699\n|move|p1a: Garganacl|Protect|p1a: Garganacl\n|-singleturn|p1a: Garganacl|Protect\n|move|p2a: Latios|Aura Sphere|p1a: Garganacl\n|-activate|p1a: Garganacl|move: Protect\n|\n|-heal|p1a: Garganacl|72/100|[from] item: Leftovers\n|-damage|p2a: Latios|41/100|[from] Salt Cure\n|upkeep\n|turn|11\n|\n|t:|1771218701\n|move|p2a: Latios|Recover|p2a: Latios\n|-heal|p2a: Latios|92/100\n|move|p1a: Garganacl|Recover|p1a: Garganacl\n|-heal|p1a: Garganacl|100/100\n|\n|-damage|p2a: Latios|79/100|[from] Salt Cure\n|upkeep\n|turn|12\n|\n|t:|1771218705\n|move|p2a: Latios|Aura Sphere|p1a: Garganacl\n|-supereffective|p1a: Garganacl\n|-damage|p1a: Garganacl|57/100\n|move|p1a: Garganacl|Salt Cure|p2a: Latios\n|-damage|p2a: Latios|68/100\n|\n|-heal|p1a: Garganacl|64/100|[from] item: Leftovers\n|-damage|p2a: Latios|56/100|[from] Salt Cure\n|upkeep\n|turn|13\n|\n|t:|1771218707\n|move|p2a: Latios|Luster Purge|p1a: Garganacl\n|-damage|p1a: Garganacl|22/100\n|move|p1a: Garganacl|Recover|p1a: Garganacl\n|-heal|p1a: Garganacl|72/100\n|\n|-heal|p1a: Garganacl|78/100|[from] item: Leftovers\n|-damage|p2a: Latios|44/100|[from] Salt Cure\n|upkeep\n|turn|14\n|\n|t:|1771218711\n|move|p2a: Latios|Recover|p2a: Latios\n|-heal|p2a: Latios|94/100\n|move|p1a: Garganacl|Salt Cure|p2a: Latios\n|-damage|p2a: Latios|84/100\n|\n|-heal|p1a: Garganacl|84/100|[from] item: Leftovers\n|-damage|p2a: Latios|71/100|[from] Salt Cure\n|upkeep\n|turn|15\n|\n|t:|1771218716\n|move|p1a: Garganacl|Protect|p1a: Garganacl\n|-singleturn|p1a: Garganacl|Protect\n|move|p2a: Latios|Aura Sphere|p1a: Garganacl\n|-activate|p1a: Garganacl|move: Protect\n|\n|-heal|p1a: Garganacl|91/100|[from] item: Leftovers\n|-damage|p2a: Latios|59/100|[from] Salt Cure\n|upkeep\n|turn|16\n|\n|t:|1771218720\n|move|p2a: Latios|Luster Purge|p1a: Garganacl\n|-damage|p1a: Garganacl|52/100\n|move|p1a: Garganacl|Salt Cure|p2a: Latios\n|-damage|p2a: Latios|48/100\n|\n|-heal|p1a: Garganacl|58/100|[from] item: Leftovers\n|-damage|p2a: Latios|35/100|[from] Salt Cure\n|upkeep\n|turn|17\n|\n|t:|1771218724\n|move|p2a: Latios|Recover|p2a: Latios\n|-heal|p2a: Latios|86/100\n|move|p1a: Garganacl|Salt Cure|p2a: Latios\n|-damage|p2a: Latios|74/100\n|\n|-heal|p1a: Garganacl|64/100|[from] item: Leftovers\n|-damage|p2a: Latios|62/100|[from] Salt Cure\n|upkeep\n|turn|18\n|\n|t:|1771218727\n|move|p1a: Garganacl|Protect|p1a: Garganacl\n|-singleturn|p1a: Garganacl|Protect\n|move|p2a: Latios|Mystical Fire|p1a: Garganacl\n|-activate|p1a: Garganacl|move: Protect\n|\n|-heal|p1a: Garganacl|70/100|[from] item: Leftovers\n|-damage|p2a: Latios|50/100|[from] Salt Cure\n|upkeep\n|turn|19\n|\n|t:|1771218730\n|switch|p1a: King-Lu|Ting-Lu|100/100\n|-ability|p1a: King-Lu|Vessel of Ruin\n|move|p2a: Latios|Luster Purge|p1a: King-Lu\n|-immune|p1a: King-Lu\n|\n|-damage|p2a: Latios|37/100|[from] Salt Cure\n|upkeep\n|turn|20\n|\n|t:|1771218735\n|switch|p2a: Ferrothorn|Ferrothorn, F|100/100\n|-damage|p2a: Ferrothorn|95/100|[from] Stealth Rock\n|move|p1a: King-Lu|Lash Out|p2a: Ferrothorn\n|-damage|p2a: Ferrothorn|58/100\n|-damage|p1a: King-Lu|88/100|[from] ability: Iron Barbs|[of] p2a: Ferrothorn\n|\n|-heal|p2a: Ferrothorn|64/100|[from] item: Leftovers\n|upkeep\n|turn|21\n|\n|t:|1771218737\n|switch|p1a: Heatran|Heatran, F|100/100\n|-item|p1a: Heatran|Air Balloon\n|move|p2a: Ferrothorn|Leech Seed|p1a: Heatran\n|-start|p1a: Heatran|move: Leech Seed\n|\n|-heal|p2a: Ferrothorn|70/100|[from] item: Leftovers\n|-damage|p1a: Heatran|88/100|[from] Leech Seed|[of] p2a: Ferrothorn\n|-heal|p2a: Ferrothorn|82/100|[silent]\n|upkeep\n|turn|22\n|\n|t:|1771218739\n|switch|p2a: Heatran|Heatran, M|100/100\n|-damage|p2a: Heatran|88/100|[from] Stealth Rock\n|move|p1a: Heatran|Magma Storm|p2a: Heatran\n|-start|p2a: Heatran|ability: Flash Fire\n|\n|-heal|p2a: Heatran|94/100|[from] item: Leftovers\n|-damage|p1a: Heatran|76/100|[from] Leech Seed|[of] p2a: Heatran\n|-heal|p2a: Heatran|100/100|[silent]\n|upkeep\n|turn|23\n|j| jjznb2\n|\n|t:|1771218744\n|-end|p2a: Heatran|ability: Flash Fire|[silent]\n|switch|p2a: Latios|Latios-Mega, M|37/100\n|-damage|p2a: Latios|25/100|[from] Stealth Rock\n|move|p1a: Heatran|Magma Storm|p2a: Latios\n|-resisted|p2a: Latios\n|-damage|p2a: Latios|0 fnt\n|faint|p2a: Latios\n|detailschange|p2: Latios|Latios, M|[silent]\n|\n|upkeep\n|\n|t:|1771218747\n|switch|p2a: Samurott|Samurott-Hisui, M|84/100\n|turn|24\n|\n|t:|1771218750\n|switch|p1a: King-Lu|Ting-Lu|88/100\n|-ability|p1a: King-Lu|Vessel of Ruin\n|move|p2a: Samurott|Razor Shell|p1a: King-Lu\n|-supereffective|p1a: King-Lu\n|-crit|p1a: King-Lu\n|-damage|p1a: King-Lu|9/100\n|-unboost|p1a: King-Lu|def|1\n|\n|upkeep\n|turn|25\n|\n|t:|1771218753\n|switch|p1a: Corviknight|Corviknight, F|100/100\n|-ability|p1a: Corviknight|Pressure\n|move|p2a: Samurott|Ceaseless Edge|p1a: Corviknight\n|-damage|p1a: Corviknight|73/100\n|-damage|p2a: Samurott|67/100|[from] item: Rocky Helmet|[of] p1a: Corviknight\n|-sidestart|p1: Might drago|Spikes\n|\n|upkeep\n|turn|26\n|\n|t:|1771218758\n|move|p2a: Samurott|Ceaseless Edge|p1a: Corviknight\n|-damage|p1a: Corviknight|44/100\n|-damage|p2a: Samurott|51/100|[from] item: Rocky Helmet|[of] p1a: Corviknight\n|-sidestart|p1: Might drago|Spikes\n|move|p1a: Corviknight|U-turn|p2a: Samurott\n|-supereffective|p2a: Samurott\n|-damage|p2a: Samurott|12/100\n|\n|t:|1771218764\n|switch|p1a: Zama Bin Laden|Zamazenta|100/100|[from] U-turn\n|-damage|p1a: Zama Bin Laden|84/100|[from] Spikes\n|-ability|p1a: Zama Bin Laden|Dauntless Shield|boost\n|-boost|p1a: Zama Bin Laden|def|1\n|\n|upkeep\n|turn|27\n|\n|t:|1771218768\n|switch|p2a: Tapu Lele|Tapu Lele|100/100\n|-damage|p2a: Tapu Lele|88/100|[from] Stealth Rock\n|-fieldstart|move: Psychic Terrain|[from] ability: Psychic Surge|[of] p2a: Tapu Lele\n|move|p1a: Zama Bin Laden|Close Combat|p2a: Tapu Lele\n|-resisted|p2a: Tapu Lele\n|-damage|p2a: Tapu Lele|64/100\n|-unboost|p1a: Zama Bin Laden|def|1\n|-unboost|p1a: Zama Bin Laden|spd|1\n|\n|upkeep\n|turn|28\n|\n|t:|1771218775\n|switch|p1a: Corviknight|Corviknight, F|44/100\n|-ability|p1a: Corviknight|Pressure\n|move|p2a: Tapu Lele|Focus Blast|p1a: Corviknight\n|-damage|p1a: Corviknight|6/100\n|\n|upkeep\n|turn|29\n|\n|t:|1771218777\n|move|p2a: Tapu Lele|Focus Blast|p1a: Corviknight\n|-damage|p1a: Corviknight|0 fnt\n|faint|p1a: Corviknight\n|\n|upkeep\n|\n|t:|1771218780\n|switch|p1a: Zama Bin Laden|Zamazenta|84/100\n|-damage|p1a: Zama Bin Laden|67/100|[from] Spikes\n|turn|30\n|\n|t:|1771218784\n|switch|p2a: Samurott|Samurott-Hisui, M|12/100\n|move|p1a: Zama Bin Laden|Close Combat|p2a: Samurott\n|-supereffective|p2a: Samurott\n|-damage|p2a: Samurott|0 fnt\n|-unboost|p1a: Zama Bin Laden|def|1\n|-unboost|p1a: Zama Bin Laden|spd|1\n|faint|p2a: Samurott\n|\n|upkeep\n|\n|t:|1771218785\n|switch|p2a: Tapu Lele|Tapu Lele|64/100\n|-damage|p2a: Tapu Lele|52/100|[from] Stealth Rock\n|turn|31\n|\n|t:|1771218788\n|switch|p1a: King-Lu|Ting-Lu|9/100\n|-damage|p1a: King-Lu|0 fnt|[from] Spikes\n|faint|p1a: King-Lu\n|move|p2a: Tapu Lele|Moonblast|p1: King-Lu|[notarget]\n|-fail|p2a: Tapu Lele\n|\n|-fieldend|move: Psychic Terrain\n|upkeep\n|\n|t:|1771218791\n|switch|p1a: Venusaur|Venusaur, F|100/100\n|-damage|p1a: Venusaur|84/100|[from] Spikes\n|turn|32\n|\n|t:|1771218795\n|switch|p2a: Landorus|Landorus-Therian, M|81/100\n|-damage|p2a: Landorus|69/100|[from] Stealth Rock\n|-ability|p2a: Landorus|Intimidate|boost\n|-unboost|p1a: Venusaur|atk|1\n|detailschange|p1a: Venusaur|Venusaur-Mega, F\n|-mega|p1a: Venusaur|Venusaur|Venusaurite\n|move|p1a: Venusaur|Earth Power|p2a: Landorus\n|-immune|p2a: Landorus\n|\n|upkeep\n|turn|33\n|\n|t:|1771218797\n|move|p1a: Venusaur|Synthesis|p1a: Venusaur\n|-heal|p1a: Venusaur|100/100\n|move|p2a: Landorus|U-turn|p1a: Venusaur\n|-damage|p1a: Venusaur|83/100\n|\n|t:|1771218801\n|switch|p2a: Tapu Lele|Tapu Lele|52/100|[from] U-turn\n|-damage|p2a: Tapu Lele|39/100|[from] Stealth Rock\n|-fieldstart|move: Psychic Terrain|[from] ability: Psychic Surge|[of] p2a: Tapu Lele\n|\n|upkeep\n|turn|34\n|\n|t:|1771218805\n|switch|p1a: Heatran|Heatran, F|76/100\n|-item|p1a: Heatran|Air Balloon\n|move|p2a: Tapu Lele|Psychic|p1a: Heatran\n|-resisted|p1a: Heatran\n|-damage|p1a: Heatran|46/100\n|-enditem|p1a: Heatran|Air Balloon\n|\n|upkeep\n|turn|35\n|\n|t:|1771218808\n|switch|p2a: Heatran|Heatran, M|100/100\n|-damage|p2a: Heatran|88/100|[from] Stealth Rock\n|move|p1a: Heatran|Magma Storm|p2a: Heatran\n|-start|p2a: Heatran|ability: Flash Fire\n|\n|-heal|p2a: Heatran|94/100|[from] item: Leftovers\n|upkeep\n|turn|36\n|\n|t:|1771218811\n|move|p1a: Heatran|Earth Power|p2a: Heatran\n|-supereffective|p2a: Heatran\n|-damage|p2a: Heatran|11/100\n|move|p2a: Heatran|Earth Power|p1a: Heatran\n|-supereffective|p1a: Heatran\n|-damage|p1a: Heatran|0 fnt\n|faint|p1a: Heatran\n|\n|-heal|p2a: Heatran|17/100|[from] item: Leftovers\n|upkeep\n|\n|t:|1771218830\n|switch|p1a: Garganacl|Garganacl, F|70/100\n|-damage|p1a: Garganacl|54/100|[from] Spikes\n|turn|37\n|\n|t:|1771218832\n|move|p2a: Heatran|Earth Power|p1a: Garganacl\n|-supereffective|p1a: Garganacl\n|-damage|p1a: Garganacl|16/100\n|move|p1a: Garganacl|Recover|p1a: Garganacl\n|-heal|p1a: Garganacl|66/100\n|\n|-heal|p2a: Heatran|24/100|[from] item: Leftovers\n|-heal|p1a: Garganacl|72/100|[from] item: Leftovers\n|-fieldend|move: Psychic Terrain\n|upkeep\n|turn|38\n|\n|t:|1771218835\n|move|p1a: Garganacl|Protect|p1a: Garganacl\n|-singleturn|p1a: Garganacl|Protect\n|move|p2a: Heatran|Earth Power|p1a: Garganacl\n|-activate|p1a: Garganacl|move: Protect\n|\n|-heal|p2a: Heatran|30/100|[from] item: Leftovers\n|-heal|p1a: Garganacl|78/100|[from] item: Leftovers\n|upkeep\n|turn|39\n|\n|t:|1771218837\n|move|p2a: Heatran|Earth Power|p1a: Garganacl\n|-supereffective|p1a: Garganacl\n|-damage|p1a: Garganacl|45/100\n|move|p1a: Garganacl|Recover|p1a: Garganacl\n|-heal|p1a: Garganacl|95/100\n|\n|-heal|p2a: Heatran|36/100|[from] item: Leftovers\n|-heal|p1a: Garganacl|100/100|[from] item: Leftovers\n|upkeep\n|turn|40\n|\n|t:|1771218841\n|move|p2a: Heatran|Earth Power|p1a: Garganacl\n|-supereffective|p1a: Garganacl\n|-damage|p1a: Garganacl|64/100\n|move|p1a: Garganacl|Salt Cure|p2a: Heatran\n|-damage|p2a: Heatran|25/100\n|-start|p2a: Heatran|Salt Cure\n|\n|-heal|p2a: Heatran|31/100|[from] item: Leftovers\n|-heal|p1a: Garganacl|70/100|[from] item: Leftovers\n|-damage|p2a: Heatran|6/100|[from] Salt Cure\n|upkeep\n|turn|41\n|\n|t:|1771218848\n|move|p2a: Heatran|Earth Power|p1a: Garganacl\n|-supereffective|p1a: Garganacl\n|-damage|p1a: Garganacl|36/100\n|move|p1a: Garganacl|Recover|p1a: Garganacl\n|-heal|p1a: Garganacl|86/100\n|\n|-heal|p2a: Heatran|13/100|[from] item: Leftovers\n|-heal|p1a: Garganacl|93/100|[from] item: Leftovers\n|-damage|p2a: Heatran|0 fnt|[from] Salt Cure\n|faint|p2a: Heatran\n|upkeep\n|\n|t:|1771218852\n|switch|p2a: Landorus|Landorus-Therian, M|69/100\n|-damage|p2a: Landorus|56/100|[from] Stealth Rock\n|-ability|p2a: Landorus|Intimidate|boost\n|-unboost|p1a: Garganacl|atk|1\n|turn|42\n|\n|t:|1771218853\n|move|p2a: Landorus|Earthquake|p1a: Garganacl\n|-supereffective|p1a: Garganacl\n|-damage|p1a: Garganacl|27/100\n|move|p1a: Garganacl|Salt Cure|p2a: Landorus\n|-crit|p2a: Landorus\n|-damage|p2a: Landorus|41/100\n|-start|p2a: Landorus|Salt Cure\n|\n|-heal|p1a: Garganacl|33/100|[from] item: Leftovers\n|-damage|p2a: Landorus|29/100|[from] Salt Cure\n|upkeep\n|turn|43\n|\n|t:|1771218856\n|move|p1a: Garganacl|Protect|p1a: Garganacl\n|-singleturn|p1a: Garganacl|Protect\n|move|p2a: Landorus|Earthquake|p1a: Garganacl\n|-activate|p1a: Garganacl|move: Protect\n|\n|-heal|p1a: Garganacl|39/100|[from] item: Leftovers\n|-damage|p2a: Landorus|17/100|[from] Salt Cure\n|upkeep\n|turn|44\n|\n|t:|1771218870\n|move|p1a: Garganacl|Protect|p1a: Garganacl\n|-singleturn|p1a: Garganacl|Protect\n|move|p2a: Landorus|Earthquake|p1a: Garganacl\n|-activate|p1a: Garganacl|move: Protect\n|\n|-heal|p1a: Garganacl|45/100|[from] item: Leftovers\n|-damage|p2a: Landorus|4/100|[from] Salt Cure\n|upkeep\n|turn|45\n|\n|t:|1771218873\n|move|p1a: Garganacl|Protect||[still]\n|-fail|p1a: Garganacl\n|move|p2a: Landorus|Earthquake|p1a: Garganacl\n|-supereffective|p1a: Garganacl\n|-damage|p1a: Garganacl|0 fnt\n|faint|p1a: Garganacl\n|\n|-damage|p2a: Landorus|0 fnt|[from] Salt Cure\n|faint|p2a: Landorus\n|upkeep\n|\n|t:|1771218877\n|switch|p2a: Tapu Lele|Tapu Lele|39/100\n|switch|p1a: Zama Bin Laden|Zamazenta|67/100\n|-damage|p2a: Tapu Lele|27/100|[from] Stealth Rock\n|-fieldstart|move: Psychic Terrain|[from] ability: Psychic Surge|[of] p2a: Tapu Lele\n|-damage|p1a: Zama Bin Laden|51/100|[from] Spikes\n|turn|46\n|\n|t:|1771218879\n|move|p2a: Tapu Lele|Psychic|p1a: Zama Bin Laden\n|-supereffective|p1a: Zama Bin Laden\n|-damage|p1a: Zama Bin Laden|0 fnt\n|faint|p1a: Zama Bin Laden\n|\n|upkeep\n|\n|t:|1771218880\n|switch|p1a: Venusaur|Venusaur-Mega, F|83/100\n|-damage|p1a: Venusaur|66/100|[from] Spikes\n|turn|47\n|\n|t:|1771218882\n|move|p2a: Tapu Lele|Psychic|p1a: Venusaur\n|-supereffective|p1a: Venusaur\n|-damage|p1a: Venusaur|0 fnt\n|faint|p1a: Venusaur\n|detailschange|p1: Venusaur|Venusaur, F|[silent]\n|\n|win|tspinner5000\n|raw|Might drago's rating: 1597 &rarr; <strong>1578</strong><br />(-19 for losing)\n|raw|tspinner5000's rating: 1619 &rarr; <strong>1638</strong><br />(+19 for winning)\n|l|☆Might drago\n|player|p1|\n|l|☆tspinner5000\n|player|p2|\n", "uploadtime": 1771219109, "views": 7, "formatid": "gen9nationaldex", "rating": 1578, "private": 0, "password": null}