{"id": "gen9nationaldex-2540614475", "format": "[Gen 9] National Dex", "players": ["katarosca", "ajdrawshq"], "log": "|j|☆katarosca\n|j|☆ajdrawshq\n|t:|1771227581\n|gametype|singles\n|player|p1|katarosca|101|1517\n|player|p2|ajdrawshq|silver|1640\n|gen|9\n|tier|[Gen 9] National Dex\n|rated|\n|rule|HP Percentage Mod: HP is shown in percentages\n|rule|Endless Battle Clause: Forcing endless battles is banned\n|rule|Species Clause: Limit one of each Pokémon\n|rule|OHKO Clause: OHKO moves are banned\n|rule|Evasion Clause: Evasion abilities, items, and moves are banned\n|rule|Evasion Abilities Clause: Evasion abilities are banned\n|rule|Evasion Items Clause: Evasion items are banned\n|rule|Evasion Moves Clause: Evasion moves are banned\n|rule|Sleep Clause Mod: Limit one foe put to sleep\n|rule|Terastal Clause: You cannot Terastallize\n|clearpoke\n|poke|p1|Tapu Bulu|\n|poke|p1|Tornadus-Therian, M|\n|poke|p1|Latios, M|\n|poke|p1|Heatran, F|\n|poke|p1|Corsola-Galar, M|\n|poke|p1|Urshifu-*, M|\n|poke|p2|Charizard, M|\n|poke|p2|Iron Valiant|\n|poke|p2|Ribombee, F|\n|poke|p2|Victini|\n|poke|p2|Corviknight, F|\n|poke|p2|Raging Bolt|\n|teampreview\n|inactive|Battle timer is ON: inactive players will automatically lose when time's up. (requested by ajdrawshq)\n|\n|t:|1771227603\n|teamsize|p1|6\n|teamsize|p2|6\n|start\n|switch|p1a: Urshifu|Urshifu-Rapid-Strike, M|100/100\n|switch|p2a: Kris|Iron Valiant|100/100\n|turn|1\n|\n|t:|1771227608\n|-end|p2a: Kris|Quark Drive|[silent]\n|switch|p2a: Tenna|Raging Bolt|100/100\n|move|p1a: Urshifu|U-turn|p2a: Tenna\n|-damage|p2a: Tenna|82/100\n|\n|t:|1771227611\n|switch|p1a: Tapu Bulu|Tapu Bulu|100/100|[from] U-turn\n|-fieldstart|move: Grassy Terrain|[from] ability: Grassy Surge|[of] p1a: Tapu Bulu\n|\n|-heal|p2a: Tenna|88/100|[from] Grassy Terrain\n|upkeep\n|turn|2\n|\n|t:|1771227617\n|-end|p2a: Tenna|Protosynthesis|[silent]\n|switch|p2a: Roaring|Corviknight, F|100/100\n|move|p1a: Tapu Bulu|Wood Hammer|p2a: Roaring\n|-resisted|p2a: Roaring\n|-damage|p2a: Roaring|75/100\n|-damage|p1a: Tapu Bulu|91/100|[from] Recoil\n|\n|-heal|p2a: Roaring|81/100|[from] item: Leftovers\n|-heal|p1a: Tapu Bulu|97/100|[from] Grassy Terrain\n|upkeep\n|turn|3\n|\n|t:|1771227625\n|switch|p1a: Tornadus|Tornadus-Therian, M|100/100\n|move|p2a: Roaring|Bulk Up|p2a: Roaring\n|-boost|p2a: Roaring|atk|1\n|-boost|p2a: Roaring|def|1\n|\n|-heal|p2a: Roaring|87/100|[from] item: Leftovers\n|upkeep\n|turn|4\n|\n|t:|1771227628\n|switch|p2a: Tenna|Raging Bolt|88/100\n|move|p1a: Tornadus|Knock Off|p2a: Tenna\n|-damage|p2a: Tenna|70/100\n|-enditem|p2a: Tenna|Assault Vest|[from] move: Knock Off|[of] p1a: Tornadus\n|\n|-heal|p2a: Tenna|76/100|[from] Grassy Terrain\n|upkeep\n|turn|5\n|\n|t:|1771227633\n|move|p1a: Tornadus|U-turn|p2a: Tenna\n|-damage|p2a: Tenna|64/100\n|\n|t:|1771227635\n|switch|p1a: Tapu Bulu|Tapu Bulu|97/100|[from] U-turn\n|move|p2a: Tenna|Volt Switch|p1a: Tapu Bulu\n|-resisted|p1a: Tapu Bulu\n|-damage|p1a: Tapu Bulu|76/100\n|\n|t:|1771227643\n|-end|p2a: Tenna|Protosynthesis|[silent]\n|switch|p2a: Ralsei|Ribombee, F|100/100|[from] Volt Switch\n|\n|-heal|p1a: Tapu Bulu|82/100|[from] Grassy Terrain\n|-fieldend|move: Grassy Terrain\n|upkeep\n|turn|6\n|\n|t:|1771227647\n|move|p2a: Ralsei|Moonblast|p1a: Tapu Bulu\n|-damage|p1a: Tapu Bulu|40/100\n|move|p1a: Tapu Bulu|Wood Hammer|p2a: Ralsei\n|-resisted|p2a: Ralsei\n|-enditem|p2a: Ralsei|Focus Sash\n|-damage|p2a: Ralsei|1/100\n|-damage|p1a: Tapu Bulu|15/100|[from] Recoil\n|\n|upkeep\n|turn|7\n|\n|t:|1771227653\n|move|p2a: Ralsei|Moonblast|p1a: Tapu Bulu\n|-damage|p1a: Tapu Bulu|0 fnt\n|faint|p1a: Tapu Bulu\n|\n|upkeep\n|\n|t:|1771227655\n|switch|p1a: Urshifu|Urshifu-Rapid-Strike, M|100/100\n|turn|8\n|\n|t:|1771227658\n|move|p1a: Urshifu|U-turn|p2a: Ralsei\n|-resisted|p2a: Ralsei\n|-damage|p2a: Ralsei|0 fnt\n|faint|p2a: Ralsei\n|\n|t:|1771227662\n|switch|p1a: Latios|Latios, M|100/100|[from] U-turn\n|\n|upkeep\n|\n|t:|1771227666\n|switch|p2a: Kris|Iron Valiant|100/100\n|turn|9\n|\n|t:|1771227668\n|switch|p1a: Corsola|Corsola-Galar, M|100/100\n|move|p2a: Kris|Moonblast|p1a: Corsola\n|-damage|p1a: Corsola|71/100\n|-unboost|p1a: Corsola|spa|1\n|-damage|p2a: Kris|91/100|[from] item: Life Orb\n|\n|upkeep\n|turn|10\n|\n|t:|1771227672\n|move|p2a: Kris|Knock Off|p1a: Corsola\n|-supereffective|p1a: Corsola\n|-damage|p1a: Corsola|19/100\n|-enditem|p1a: Corsola|Eviolite|[from] move: Knock Off|[of] p2a: Kris\n|-damage|p2a: Kris|81/100|[from] item: Life Orb\n|move|p1a: Corsola|Strength Sap|p2a: Kris\n|-unboost|p2a: Kris|atk|1\n|-heal|p1a: Corsola|100/100\n|\n|upkeep\n|turn|11\n|\n|t:|1771227679\n|move|p2a: Kris|Moonblast|p1a: Corsola\n|-damage|p1a: Corsola|51/100\n|-unboost|p1a: Corsola|spa|1\n|-damage|p2a: Kris|71/100|[from] item: Life Orb\n|move|p1a: Corsola|Stealth Rock|p2a: Kris\n|-sidestart|p2: ajdrawshq|move: Stealth Rock\n|\n|upkeep\n|turn|12\n|\n|t:|1771227682\n|move|p2a: Kris|Moonblast|p1a: Corsola\n|-damage|p1a: Corsola|4/100\n|-damage|p2a: Kris|62/100|[from] item: Life Orb\n|move|p1a: Corsola|Strength Sap|p2a: Kris\n|-unboost|p2a: Kris|atk|1\n|-heal|p1a: Corsola|69/100\n|\n|upkeep\n|turn|13\n|\n|t:|1771227685\n|move|p2a: Kris|Moonblast|p1a: Corsola\n|-damage|p1a: Corsola|25/100\n|-damage|p2a: Kris|52/100|[from] item: Life Orb\n|move|p1a: Corsola|Will-O-Wisp|p2a: Kris\n|-status|p2a: Kris|brn\n|\n|-damage|p2a: Kris|46/100 brn|[from] brn\n|upkeep\n|turn|14\n|\n|t:|1771227688\n|move|p2a: Kris|Moonblast|p1a: Corsola\n|-damage|p1a: Corsola|0 fnt\n|faint|p1a: Corsola\n|-damage|p2a: Kris|36/100 brn|[from] item: Life Orb\n|\n|-damage|p2a: Kris|30/100 brn|[from] brn\n|upkeep\n|\n|t:|1771227696\n|switch|p1a: Tornadus|Tornadus-Therian, M|100/100\n|turn|15\n|\n|t:|1771227699\n|move|p1a: Tornadus|Bleakwind Storm|p2a: Kris\n|-supereffective|p2a: Kris\n|-damage|p2a: Kris|0 fnt\n|faint|p2a: Kris\n|-end|p2a: Kris|Quark Drive|[silent]\n|\n|upkeep\n|\n|t:|1771227706\n|switch|p2a: Tenna|Raging Bolt|64/100\n|-damage|p2a: Tenna|52/100|[from] Stealth Rock\n|turn|16\n|\n|t:|1771227708\n|move|p1a: Tornadus|U-turn|p2a: Tenna\n|-damage|p2a: Tenna|39/100\n|\n|t:|1771227710\n|switch|p1a: Heatran|Heatran, F|100/100|[from] U-turn\n|move|p2a: Tenna|Draco Meteor|p1a: Heatran\n|-resisted|p1a: Heatran\n|-damage|p1a: Heatran|77/100\n|-unboost|p2a: Tenna|spa|2\n|\n|-heal|p1a: Heatran|83/100|[from] item: Leftovers\n|upkeep\n|turn|17\n|\n|t:|1771227716\n|move|p1a: Heatran|Power Gem|p2a: Tenna\n|-damage|p2a: Tenna|16/100\n|move|p2a: Tenna|Volt Switch|p1a: Heatran\n|-damage|p1a: Heatran|70/100\n|\n|t:|1771227727\n|-end|p2a: Tenna|Protosynthesis|[silent]\n|switch|p2a: Charizard|Charizard, M|100/100|[from] Volt Switch\n|-damage|p2a: Charizard|51/100|[from] Stealth Rock\n|\n|-heal|p1a: Heatran|76/100|[from] item: Leftovers\n|upkeep\n|turn|18\n|\n|t:|1771227734\n|detailschange|p2a: Charizard|Charizard-Mega-X, M\n|-mega|p2a: Charizard|Charizard|Charizardite X\n|move|p2a: Charizard|Roost|p2a: Charizard\n|-heal|p2a: Charizard|100/100\n|-singleturn|p2a: Charizard|move: Roost\n|move|p1a: Heatran|Magma Storm|p2a: Charizard\n|-resisted|p2a: Charizard\n|-damage|p2a: Charizard|84/100\n|-activate|p2a: Charizard|move: Magma Storm|[of] p1a: Heatran\n|\n|-heal|p1a: Heatran|82/100|[from] item: Leftovers\n|-damage|p2a: Charizard|72/100|[from] move: Magma Storm|[partiallytrapped]\n|upkeep\n|turn|19\n|\n|t:|1771227739\n|move|p2a: Charizard|Dragon Dance|p2a: Charizard\n|-boost|p2a: Charizard|atk|1\n|-boost|p2a: Charizard|spe|1\n|move|p1a: Heatran|Earth Power|p2a: Charizard\n|-supereffective|p2a: Charizard\n|-damage|p2a: Charizard|3/100\n|-unboost|p2a: Charizard|spd|1\n|\n|-heal|p1a: Heatran|89/100|[from] item: Leftovers\n|-damage|p2a: Charizard|0 fnt|[from] move: Magma Storm|[partiallytrapped]\n|faint|p2a: Charizard\n|detailschange|p2: Charizard|Charizard, M|[silent]\n|upkeep\n|\n|t:|1771227744\n|switch|p2a: Noelle|Victini|100/100\n|-damage|p2a: Noelle|76/100|[from] Stealth Rock\n|turn|20\n|\n|t:|1771227749\n|-zpower|p2a: Noelle\n|move|p2a: Noelle|Z-Celebrate|p2a: Noelle|[anim]Celebrate\n|-boost|p2a: Noelle|atk|1|[zeffect]\n|-boost|p2a: Noelle|def|1|[zeffect]\n|-boost|p2a: Noelle|spa|1|[zeffect]\n|-boost|p2a: Noelle|spd|1|[zeffect]\n|-boost|p2a: Noelle|spe|1|[zeffect]\n|-activate|p2a: Noelle|move: Celebrate\n|move|p1a: Heatran|Earth Power|p2a: Noelle\n|-supereffective|p2a: Noelle\n|-damage|p2a: Noelle|39/100\n|\n|-heal|p1a: Heatran|95/100|[from] item: Leftovers\n|upkeep\n|turn|21\n|\n|t:|1771227752\n|move|p2a: Noelle|Focus Blast|p1a: Heatran\n|-supereffective|p1a: Heatran\n|-damage|p1a: Heatran|24/100\n|move|p1a: Heatran|Magma Storm|p2a: Noelle|[miss]\n|-miss|p1a: Heatran|p2a: Noelle\n|\n|-heal|p1a: Heatran|31/100|[from] item: Leftovers\n|upkeep\n|turn|22\n|\n|t:|1771227762\n|move|p2a: Noelle|Focus Blast|p1a: Heatran\n|-supereffective|p1a: Heatran\n|-damage|p1a: Heatran|0 fnt\n|faint|p1a: Heatran\n|\n|upkeep\n|\n|t:|1771227765\n|switch|p1a: Latios|Latios, M|100/100\n|turn|23\n|\n|t:|1771227769\n|detailschange|p1a: Latios|Latios-Mega, M\n|-mega|p1a: Latios|Latios|Latiosite\n|move|p2a: Noelle|Stored Power|p1a: Latios\n|-resisted|p1a: Latios\n|-damage|p1a: Latios|63/100\n|move|p1a: Latios|Draco Meteor|p2a: Noelle\n|-damage|p2a: Noelle|0 fnt\n|-unboost|p1a: Latios|spa|2\n|faint|p2a: Noelle\n|\n|upkeep\n|\n|t:|1771227775\n|switch|p2a: Roaring|Corviknight, F|87/100\n|-damage|p2a: Roaring|75/100|[from] Stealth Rock\n|turn|24\n|\n|t:|1771227778\n|switch|p1a: Tornadus|Tornadus-Therian, M|100/100\n|move|p2a: Roaring|Bulk Up|p2a: Roaring\n|-boost|p2a: Roaring|atk|1\n|-boost|p2a: Roaring|def|1\n|\n|-heal|p2a: Roaring|81/100|[from] item: Leftovers\n|upkeep\n|turn|25\n|\n|t:|1771227782\n|move|p1a: Tornadus|U-turn|p2a: Roaring\n|-resisted|p2a: Roaring\n|-damage|p2a: Roaring|79/100\n|\n|t:|1771227784\n|switch|p1a: Latios|Latios-Mega, M|63/100|[from] U-turn\n|move|p2a: Roaring|Agility|p2a: Roaring\n|-boost|p2a: Roaring|spe|2\n|\n|-heal|p2a: Roaring|85/100|[from] item: Leftovers\n|upkeep\n|turn|26\n|\n|t:|1771227788\n|move|p2a: Roaring|Roost|p2a: Roaring\n|-heal|p2a: Roaring|100/100\n|-singleturn|p2a: Roaring|move: Roost\n|move|p1a: Latios|Mystical Fire|p2a: Roaring\n|-supereffective|p2a: Roaring\n|-damage|p2a: Roaring|36/100\n|-ability|p2a: Roaring|Mirror Armor\n|-unboost|p1a: Latios|spa|1\n|\n|-heal|p2a: Roaring|43/100|[from] item: Leftovers\n|upkeep\n|turn|27\n|\n|t:|1771227793\n|move|p2a: Roaring|Roost|p2a: Roaring\n|-heal|p2a: Roaring|93/100\n|-singleturn|p2a: Roaring|move: Roost\n|move|p1a: Latios|Aura Sphere|p2a: Roaring\n|-supereffective|p2a: Roaring\n|-damage|p2a: Roaring|47/100\n|\n|-heal|p2a: Roaring|53/100|[from] item: Leftovers\n|upkeep\n|turn|28\n|\n|t:|1771227800\n|move|p2a: Roaring|Bulk Up|p2a: Roaring\n|-boost|p2a: Roaring|atk|1\n|-boost|p2a: Roaring|def|1\n|move|p1a: Latios|Mystical Fire|p2a: Roaring\n|-supereffective|p2a: Roaring\n|-damage|p2a: Roaring|14/100\n|-ability|p2a: Roaring|Mirror Armor\n|-unboost|p1a: Latios|spa|1\n|\n|-heal|p2a: Roaring|20/100|[from] item: Leftovers\n|upkeep\n|turn|29\n|\n|t:|1771227806\n|move|p2a: Roaring|Roost|p2a: Roaring\n|-heal|p2a: Roaring|70/100\n|-singleturn|p2a: Roaring|move: Roost\n|move|p1a: Latios|Aura Sphere|p2a: Roaring\n|-supereffective|p2a: Roaring\n|-damage|p2a: Roaring|40/100\n|\n|-heal|p2a: Roaring|46/100|[from] item: Leftovers\n|upkeep\n|turn|30\n|\n|t:|1771227810\n|move|p2a: Roaring|Roost|p2a: Roaring\n|-heal|p2a: Roaring|96/100\n|-singleturn|p2a: Roaring|move: Roost\n|move|p1a: Latios|Aura Sphere|p2a: Roaring\n|-supereffective|p2a: Roaring\n|-damage|p2a: Roaring|66/100\n|\n|-heal|p2a: Roaring|72/100|[from] item: Leftovers\n|upkeep\n|turn|31\n|\n|t:|1771227820\n|switch|p1a: Urshifu|Urshifu-Rapid-Strike, M|100/100\n|move|p2a: Roaring|Agility|p2a: Roaring\n|-boost|p2a: Roaring|spe|2\n|\n|-heal|p2a: Roaring|78/100|[from] item: Leftovers\n|upkeep\n|turn|32\n|\n|t:|1771227828\n|move|p2a: Roaring|Power Trip|p1a: Urshifu\n|-resisted|p1a: Urshifu\n|-damage|p1a: Urshifu|58/100\n|move|p1a: Urshifu|Surging Strikes|p2a: Roaring\n|-crit|p2a: Roaring\n|-damage|p2a: Roaring|62/100\n|-crit|p2a: Roaring\n|-damage|p2a: Roaring|44/100\n|-crit|p2a: Roaring\n|-damage|p2a: Roaring|27/100\n|-hitcount|p2a: Roaring|3\n|\n|-heal|p2a: Roaring|33/100|[from] item: Leftovers\n|upkeep\n|turn|33\n|\n|t:|1771227835\n|move|p2a: Roaring|Roost|p2a: Roaring\n|-heal|p2a: Roaring|83/100\n|-singleturn|p2a: Roaring|move: Roost\n|move|p1a: Urshifu|Surging Strikes|p2a: Roaring\n|-crit|p2a: Roaring\n|-damage|p2a: Roaring|66/100\n|-crit|p2a: Roaring\n|-damage|p2a: Roaring|48/100\n|-crit|p2a: Roaring\n|-damage|p2a: Roaring|32/100\n|-hitcount|p2a: Roaring|3\n|\n|-heal|p2a: Roaring|38/100|[from] item: Leftovers\n|upkeep\n|turn|34\n|\n|t:|1771227838\n|move|p2a: Roaring|Roost|p2a: Roaring\n|-heal|p2a: Roaring|88/100\n|-singleturn|p2a: Roaring|move: Roost\n|move|p1a: Urshifu|Surging Strikes|p2a: Roaring\n|-crit|p2a: Roaring\n|-damage|p2a: Roaring|73/100\n|-crit|p2a: Roaring\n|-damage|p2a: Roaring|58/100\n|-crit|p2a: Roaring\n|-damage|p2a: Roaring|40/100\n|-hitcount|p2a: Roaring|3\n|\n|-heal|p2a: Roaring|47/100|[from] item: Leftovers\n|upkeep\n|turn|35\n|\n|t:|1771227841\n|move|p2a: Roaring|Roost|p2a: Roaring\n|-heal|p2a: Roaring|97/100\n|-singleturn|p2a: Roaring|move: Roost\n|move|p1a: Urshifu|Surging Strikes|p2a: Roaring\n|-crit|p2a: Roaring\n|-damage|p2a: Roaring|81/100\n|-crit|p2a: Roaring\n|-damage|p2a: Roaring|63/100\n|-crit|p2a: Roaring\n|-damage|p2a: Roaring|48/100\n|-hitcount|p2a: Roaring|3\n|\n|-heal|p2a: Roaring|54/100|[from] item: Leftovers\n|upkeep\n|turn|36\n|\n|t:|1771227848\n|move|p2a: Roaring|Power Trip|p1a: Urshifu\n|-resisted|p1a: Urshifu\n|-damage|p1a: Urshifu|12/100\n|move|p1a: Urshifu|Surging Strikes|p2a: Roaring\n|-crit|p2a: Roaring\n|-damage|p2a: Roaring|39/100\n|-crit|p2a: Roaring\n|-damage|p2a: Roaring|21/100\n|-crit|p2a: Roaring\n|-damage|p2a: Roaring|3/100\n|-hitcount|p2a: Roaring|3\n|\n|-heal|p2a: Roaring|10/100|[from] item: Leftovers\n|upkeep\n|turn|37\n|\n|t:|1771227855\n|move|p2a: Roaring|Power Trip|p1a: Urshifu\n|-resisted|p1a: Urshifu\n|-damage|p1a: Urshifu|0 fnt\n|faint|p1a: Urshifu\n|\n|-heal|p2a: Roaring|16/100|[from] item: Leftovers\n|upkeep\n|\n|t:|1771227858\n|switch|p1a: Tornadus|Tornadus-Therian, M|100/100\n|turn|38\n|\n|t:|1771227860\n|move|p2a: Roaring|Power Trip|p1a: Tornadus\n|-damage|p1a: Tornadus|0 fnt\n|faint|p1a: Tornadus\n|\n|-heal|p2a: Roaring|22/100|[from] item: Leftovers\n|upkeep\n|\n|t:|1771227863\n|switch|p1a: Latios|Latios-Mega, M|63/100\n|turn|39\n|\n|t:|1771227867\n|move|p2a: Roaring|Power Trip|p1a: Latios\n|-supereffective|p1a: Latios\n|-damage|p1a: Latios|0 fnt\n|faint|p1a: Latios\n|detailschange|p1: Latios|Latios, M|[silent]\n|\n|win|ajdrawshq\n|raw|katarosca's rating: 1517 &rarr; <strong>1504</strong><br />(-13 for losing)\n|raw|ajdrawshq's rating: 1640 &rarr; <strong>1653</strong><br />(+13 for winning)\n|l|☆katarosca\n|player|p1|\n|l|☆ajdrawshq\n|player|p2|\n", "uploadtime": 1771228203, "views": 9, "formatid": "gen9nationaldex", "rating": 1504, "private": 0, "password": null}