{"id": "gen9nationaldex-2540621817", "format": "[Gen 9] National Dex", "players": ["frost12080000", "kyurem african"], "log": "|j|☆frost12080000\n|j|☆kyurem african\n|t:|1771228954\n|gametype|singles\n|player|p1|frost12080000|burglar|1565\n|player|p2|kyurem african|guitarist-gen4|1638\n|gen|9\n|tier|[Gen 9] National Dex\n|rated|\n|rule|HP Percentage Mod: HP is shown in percentages\n|rule|Endless Battle Clause: Forcing endless battles is banned\n|rule|Species Clause: Limit one of each Pokémon\n|rule|OHKO Clause: OHKO moves are banned\n|rule|Evasion Clause: Evasion abilities, items, and moves are banned\n|rule|Evasion Abilities Clause: Evasion abilities are banned\n|rule|Evasion Items Clause: Evasion items are banned\n|rule|Evasion Moves Clause: Evasion moves are banned\n|rule|Sleep Clause Mod: Limit one foe put to sleep\n|rule|Terastal Clause: You cannot Terastallize\n|clearpoke\n|poke|p1|Chansey, F|\n|poke|p1|Gliscor, M|\n|poke|p1|Pecharunt|\n|poke|p1|Tapu Fini|\n|poke|p1|Zapdos|\n|poke|p1|Ogerpon-Cornerstone, F|\n|poke|p2|Samurott-Hisui, F|\n|poke|p2|Walrein, M|\n|poke|p2|Clefable, F|\n|poke|p2|Dragonite, M|\n|poke|p2|Scizor, M|\n|poke|p2|Sandslash, F|\n|teampreview\n|inactive|Battle timer is ON: inactive players will automatically lose when time's up. (requested by frost12080000)\n|\n|t:|1771228962\n|teamsize|p1|6\n|teamsize|p2|6\n|start\n|switch|p1a: Zapdos|Zapdos|100/100\n|switch|p2a: Sandslash|Sandslash, F|100/100\n|turn|1\n|\n|t:|1771228966\n|move|p1a: Zapdos|Heat Wave|p2a: Sandslash\n|-damage|p2a: Sandslash|51/100\n|move|p2a: Sandslash|Stealth Rock|p1a: Zapdos\n|-sidestart|p1: frost12080000|move: Stealth Rock\n|\n|upkeep\n|turn|2\n|\n|t:|1771228971\n|move|p1a: Zapdos|Heat Wave|p2a: Sandslash|[miss]\n|-miss|p1a: Zapdos|p2a: Sandslash\n|move|p2a: Sandslash|Rock Tomb|p1a: Zapdos\n|-supereffective|p1a: Zapdos\n|-crit|p1a: Zapdos\n|-damage|p1a: Zapdos|64/100\n|-unboost|p1a: Zapdos|spe|1\n|\n|upkeep\n|turn|3\n|\n|t:|1771228974\n|move|p2a: Sandslash|Rock Tomb|p1a: Zapdos\n|-supereffective|p1a: Zapdos\n|-damage|p1a: Zapdos|39/100\n|-unboost|p1a: Zapdos|spe|1\n|move|p1a: Zapdos|Heat Wave|p2a: Sandslash\n|-damage|p2a: Sandslash|0 fnt\n|faint|p2a: Sandslash\n|\n|upkeep\n|\n|t:|1771228984\n|switch|p2a: Dragonite|Dragonite, M|100/100\n|turn|4\n|\n|t:|1771228987\n|move|p2a: Dragonite|Dragon Dance|p2a: Dragonite\n|-boost|p2a: Dragonite|atk|1\n|-boost|p2a: Dragonite|spe|1\n|move|p1a: Zapdos|Defog|p2a: Dragonite\n|-unboost|p2a: Dragonite|evasion|1\n|-sideend|p1: frost12080000|Stealth Rock|[from] move: Defog|[of] p1a: Zapdos\n|\n|upkeep\n|turn|5\n|\n|t:|1771228992\n|move|p2a: Dragonite|Fire Punch|p1a: Zapdos\n|-damage|p1a: Zapdos|10/100\n|move|p1a: Zapdos|Volt Switch|p2a: Dragonite\n|-damage|p2a: Dragonite|84/100\n|\n|t:|1771229004\n|switch|p1a: Pecharunt|Pecharunt|100/100|[from] Volt Switch\n|\n|upkeep\n|turn|6\n|\n|t:|1771229008\n|move|p2a: Dragonite|Outrage|p1a: Pecharunt\n|-damage|p1a: Pecharunt|42/100\n|-damage|p2a: Dragonite|68/100|[from] item: Rocky Helmet|[of] p1a: Pecharunt\n|move|p1a: Pecharunt|Malignant Chain|p2a: Dragonite\n|-damage|p2a: Dragonite|33/100\n|-status|p2a: Dragonite|tox\n|-start|p2a: Dragonite|confusion|[from] ability: Poison Puppeteer|[of] p1a: Pecharunt\n|\n|-damage|p2a: Dragonite|27/100 tox|[from] psn\n|upkeep\n|turn|7\n|\n|t:|1771229013\n|switch|p1a: Tapu Fini|Tapu Fini, shiny|100/100\n|-fieldstart|move: Misty Terrain|[from] ability: Misty Surge|[of] p1a: Tapu Fini\n|-activate|p2a: Dragonite|confusion\n|move|p2a: Dragonite|Outrage|p1a: Tapu Fini|[from] lockedmove\n|-immune|p1a: Tapu Fini\n|\n|-damage|p2a: Dragonite|15/100 tox|[from] psn\n|upkeep\n|turn|8\n|\n|t:|1771229020\n|-activate|p2a: Dragonite|confusion\n|-damage|p2a: Dragonite|0 fnt|[from] confusion\n|faint|p2a: Dragonite\n|move|p1a: Tapu Fini|Calm Mind|p1a: Tapu Fini\n|-boost|p1a: Tapu Fini|spa|1\n|-boost|p1a: Tapu Fini|spd|1\n|\n|upkeep\n|\n|t:|1771229024\n|switch|p2a: Walrein|Walrein, M|100/100\n|turn|9\n|\n|t:|1771229030\n|move|p1a: Tapu Fini|Calm Mind|p1a: Tapu Fini\n|-boost|p1a: Tapu Fini|spa|1\n|-boost|p1a: Tapu Fini|spd|1\n|move|p2a: Walrein|Whirlpool|p1a: Tapu Fini\n|-resisted|p1a: Tapu Fini\n|-damage|p1a: Tapu Fini|98/100\n|-activate|p1a: Tapu Fini|move: Whirlpool|[of] p2a: Walrein\n|\n|-heal|p1a: Tapu Fini|100/100|[from] item: Leftovers\n|-damage|p1a: Tapu Fini|88/100|[from] move: Whirlpool|[partiallytrapped]\n|upkeep\n|turn|10\n|\n|t:|1771229032\n|move|p1a: Tapu Fini|Draining Kiss|p2a: Walrein\n|-damage|p2a: Walrein|87/100\n|-heal|p1a: Tapu Fini|100/100|[from] drain|[of] p2a: Walrein\n|move|p2a: Walrein|Super Fang|p1a: Tapu Fini\n|-damage|p1a: Tapu Fini|50/100\n|\n|-heal|p1a: Tapu Fini|57/100|[from] item: Leftovers\n|-damage|p1a: Tapu Fini|44/100|[from] move: Whirlpool|[partiallytrapped]\n|upkeep\n|turn|11\n|\n|t:|1771229037\n|move|p1a: Tapu Fini|Calm Mind|p1a: Tapu Fini\n|-boost|p1a: Tapu Fini|spa|1\n|-boost|p1a: Tapu Fini|spd|1\n|move|p2a: Walrein|Super Fang|p1a: Tapu Fini\n|-damage|p1a: Tapu Fini|22/100\n|\n|-heal|p1a: Tapu Fini|28/100|[from] item: Leftovers\n|-damage|p1a: Tapu Fini|16/100|[from] move: Whirlpool|[partiallytrapped]\n|-fieldend|Misty Terrain\n|upkeep\n|turn|12\n|\n|t:|1771229042\n|move|p1a: Tapu Fini|Draining Kiss|p2a: Walrein\n|-damage|p2a: Walrein|70/100\n|-heal|p1a: Tapu Fini|32/100|[from] drain|[of] p2a: Walrein\n|move|p2a: Walrein|Body Press|p1a: Tapu Fini\n|-resisted|p1a: Tapu Fini\n|-damage|p1a: Tapu Fini|26/100\n|\n|-heal|p1a: Tapu Fini|32/100|[from] item: Leftovers\n|-damage|p1a: Tapu Fini|20/100|[from] move: Whirlpool|[partiallytrapped]\n|upkeep\n|turn|13\n|\n|t:|1771229049\n|move|p1a: Tapu Fini|Draining Kiss|p2a: Walrein\n|-damage|p2a: Walrein|53/100\n|-heal|p1a: Tapu Fini|36/100|[from] drain|[of] p2a: Walrein\n|move|p2a: Walrein|Super Fang|p1a: Tapu Fini\n|-damage|p1a: Tapu Fini|18/100\n|\n|-heal|p1a: Tapu Fini|24/100|[from] item: Leftovers\n|-damage|p1a: Tapu Fini|12/100|[from] move: Whirlpool|[partiallytrapped]\n|upkeep\n|turn|14\n|\n|t:|1771229052\n|move|p1a: Tapu Fini|Draining Kiss|p2a: Walrein\n|-damage|p2a: Walrein|35/100\n|-heal|p1a: Tapu Fini|28/100|[from] drain|[of] p2a: Walrein\n|move|p2a: Walrein|Whirlpool|p1a: Tapu Fini\n|-resisted|p1a: Tapu Fini\n|-damage|p1a: Tapu Fini|26/100\n|\n|-heal|p1a: Tapu Fini|32/100|[from] item: Leftovers\n|-end|p1a: Tapu Fini|Whirlpool|[partiallytrapped]\n|upkeep\n|turn|15\n|\n|t:|1771229056\n|move|p1a: Tapu Fini|Draining Kiss|p2a: Walrein\n|-crit|p2a: Walrein\n|-damage|p2a: Walrein|11/100\n|-heal|p1a: Tapu Fini|55/100|[from] drain|[of] p2a: Walrein\n|move|p2a: Walrein|Super Fang|p1a: Tapu Fini\n|-damage|p1a: Tapu Fini|28/100\n|\n|-heal|p1a: Tapu Fini|34/100|[from] item: Leftovers\n|upkeep\n|turn|16\n|\n|t:|1771229059\n|move|p1a: Tapu Fini|Draining Kiss|p2a: Walrein\n|-damage|p2a: Walrein|0 fnt\n|-heal|p1a: Tapu Fini|44/100|[from] drain|[of] p2a: Walrein\n|faint|p2a: Walrein\n|\n|-heal|p1a: Tapu Fini|50/100|[from] item: Leftovers\n|upkeep\n|\n|t:|1771229063\n|switch|p2a: Scizor|Scizor, M|100/100\n|turn|17\n|\n|t:|1771229066\n|detailschange|p2a: Scizor|Scizor-Mega, M\n|-mega|p2a: Scizor|Scizor|Scizorite\n|move|p1a: Tapu Fini|Draining Kiss|p2a: Scizor\n|-resisted|p2a: Scizor\n|-damage|p2a: Scizor|82/100\n|-heal|p1a: Tapu Fini|64/100|[from] drain|[of] p2a: Scizor\n|move|p2a: Scizor|Swords Dance|p2a: Scizor\n|-boost|p2a: Scizor|atk|2\n|\n|-heal|p1a: Tapu Fini|70/100|[from] item: Leftovers\n|upkeep\n|turn|18\n|\n|t:|1771229071\n|move|p1a: Tapu Fini|Surf|p2a: Scizor\n|-crit|p2a: Scizor\n|-damage|p2a: Scizor|0 fnt\n|faint|p2a: Scizor\n|detailschange|p2: Scizor|Scizor, M|[silent]\n|\n|-heal|p1a: Tapu Fini|76/100|[from] item: Leftovers\n|upkeep\n|-message|kyurem african forfeited.\n|\n|win|frost12080000\n|raw|frost12080000's rating: 1565 &rarr; <strong>1589</strong><br />(+24 for winning)\n|raw|kyurem african's rating: 1638 &rarr; <strong>1614</strong><br />(-24 for losing)\n|l|☆kyurem african\n|player|p2|\n|l|☆frost12080000\n|player|p1|\n", "uploadtime": 1771229444, "views": 10, "formatid": "gen9nationaldex", "rating": 1589, "private": 0, "password": null}