{"id": "gen9nationaldex-2540648596", "format": "[Gen 9] National Dex", "players": ["pixl toshy", "jng999"], "log": "|j|☆pixl toshy\n|j|☆jng999\n|t:|1771233861\n|gametype|singles\n|player|p1|pixl toshy|170|1573\n|player|p2|jng999|n|1500\n|gen|9\n|tier|[Gen 9] National Dex\n|rated|\n|rule|HP Percentage Mod: HP is shown in percentages\n|rule|Endless Battle Clause: Forcing endless battles is banned\n|rule|Species Clause: Limit one of each Pokémon\n|rule|OHKO Clause: OHKO moves are banned\n|rule|Evasion Clause: Evasion abilities, items, and moves are banned\n|rule|Evasion Abilities Clause: Evasion abilities are banned\n|rule|Evasion Items Clause: Evasion items are banned\n|rule|Evasion Moves Clause: Evasion moves are banned\n|rule|Sleep Clause Mod: Limit one foe put to sleep\n|rule|Terastal Clause: You cannot Terastallize\n|clearpoke\n|poke|p1|Heracross, M|\n|poke|p1|Tapu Lele|\n|poke|p1|Ribombee, M|\n|poke|p1|Tapu Koko|\n|poke|p1|Gholdengo|\n|poke|p1|Tyranitar, M|\n|poke|p2|Weezing-Galar, M|\n|poke|p2|Corviknight, M|\n|poke|p2|Latias, F|\n|poke|p2|Ogerpon-Wellspring, F|\n|poke|p2|Zamazenta-*|\n|poke|p2|Ting-Lu|\n|teampreview\n|inactive|Battle timer is ON: inactive players will automatically lose when time's up. (requested by pixl toshy)\n|\n|t:|1771233875\n|teamsize|p1|6\n|teamsize|p2|6\n|start\n|switch|p1a: Ribombee|Ribombee, M|100/100\n|switch|p2a: Weezing|Weezing-Galar, M|100/100\n|-ability|p2a: Weezing|Neutralizing Gas\n|turn|1\n|\n|t:|1771233879\n|move|p1a: Ribombee|Stun Spore|p2a: Weezing\n|-status|p2a: Weezing|par\n|move|p2a: Weezing|Strange Steam|p1a: Ribombee\n|-damage|p1a: Ribombee|53/100\n|\n|upkeep\n|turn|2\n|\n|t:|1771233885\n|move|p1a: Ribombee|Sticky Web|p2a: Weezing\n|-sidestart|p2: jng999|move: Sticky Web\n|move|p2a: Weezing|Strange Steam|p1a: Ribombee\n|-damage|p1a: Ribombee|5/100\n|\n|upkeep\n|turn|3\n|\n|t:|1771233889\n|move|p1a: Ribombee|U-turn|p2a: Weezing\n|-resisted|p2a: Weezing\n|-damage|p2a: Weezing|98/100 par\n|\n|t:|1771233891\n|switch|p1a: Tyranitar|Tyranitar, M|100/100|[from] U-turn\n|move|p2a: Weezing|Defog|p1a: Tyranitar\n|-unboost|p1a: Tyranitar|evasion|1\n|-sideend|p2: jng999|Sticky Web|[from] move: Defog|[of] p2a: Weezing\n|\n|upkeep\n|turn|4\n|\n|t:|1771233899\n|move|p1a: Tyranitar|Stealth Rock|p2a: Weezing\n|-sidestart|p2: jng999|move: Stealth Rock\n|move|p2a: Weezing|Will-O-Wisp|p1a: Tyranitar\n|-status|p1a: Tyranitar|brn\n|\n|-damage|p1a: Tyranitar|94/100 brn|[from] brn\n|upkeep\n|turn|5\n|\n|t:|1771233904\n|switch|p1a: Ribombee|Ribombee, M|5/100\n|move|p2a: Weezing|Defog|p1a: Ribombee\n|-unboost|p1a: Ribombee|evasion|1\n|-sideend|p2: jng999|Stealth Rock|[from] move: Defog|[of] p2a: Weezing\n|\n|upkeep\n|turn|6\n|\n|t:|1771233911\n|move|p1a: Ribombee|Sticky Web|p2a: Weezing\n|-sidestart|p2: jng999|move: Sticky Web\n|move|p2a: Weezing|Defog|p1a: Ribombee\n|-unboost|p1a: Ribombee|evasion|1\n|-sideend|p2: jng999|Sticky Web|[from] move: Defog|[of] p2a: Weezing\n|\n|upkeep\n|turn|7\n|\n|t:|1771233914\n|move|p1a: Ribombee|Sticky Web|p2a: Weezing\n|-sidestart|p2: jng999|move: Sticky Web\n|move|p2a: Weezing|Will-O-Wisp|p1a: Ribombee\n|-status|p1a: Ribombee|brn\n|\n|-damage|p1a: Ribombee|0 fnt|[from] brn\n|faint|p1a: Ribombee\n|upkeep\n|\n|t:|1771233918\n|switch|p1a: Gholdengo|Gholdengo|100/100\n|-item|p1a: Gholdengo|Air Balloon\n|turn|8\n|\n|t:|1771233924\n|move|p1a: Gholdengo|Make It Rain|p2a: Weezing\n|-supereffective|p2a: Weezing\n|-damage|p2a: Weezing|0 fnt\n|-unboost|p1a: Gholdengo|spa|1\n|faint|p2a: Weezing\n|-end|p2a: Weezing|ability: Neutralizing Gas\n|\n|upkeep\n|\n|t:|1771233936\n|switch|p2a: Latias|Latias, F|100/100\n|turn|9\n|\n|t:|1771233940\n|switch|p1a: Tyranitar|Tyranitar, M|94/100 brn\n|-weather|Sandstorm|[from] ability: Sand Stream|[of] p1a: Tyranitar\n|detailschange|p2a: Latias|Latias-Mega, F\n|-mega|p2a: Latias|Latias|Latiasite\n|move|p2a: Latias|Calm Mind|p2a: Latias\n|-boost|p2a: Latias|spa|1\n|-boost|p2a: Latias|spd|1\n|\n|-weather|Sandstorm|[upkeep]\n|-damage|p2a: Latias|94/100|[from] Sandstorm\n|-heal|p1a: Tyranitar|100/100 brn|[from] item: Leftovers\n|-damage|p1a: Tyranitar|94/100 brn|[from] brn\n|upkeep\n|turn|10\n|\n|t:|1771233945\n|move|p2a: Latias|Calm Mind|p2a: Latias\n|-boost|p2a: Latias|spa|1\n|-boost|p2a: Latias|spd|1\n|move|p1a: Tyranitar|Stone Edge|p2a: Latias|[miss]\n|-miss|p1a: Tyranitar|p2a: Latias\n|\n|-weather|Sandstorm|[upkeep]\n|-damage|p2a: Latias|88/100|[from] Sandstorm\n|-heal|p1a: Tyranitar|100/100 brn|[from] item: Leftovers\n|-damage|p1a: Tyranitar|94/100 brn|[from] brn\n|upkeep\n|turn|11\n|\n|t:|1771233950\n|move|p2a: Latias|Aura Sphere|p1a: Tyranitar\n|-supereffective|p1a: Tyranitar\n|-damage|p1a: Tyranitar|0 fnt\n|faint|p1a: Tyranitar\n|\n|-weather|Sandstorm|[upkeep]\n|-damage|p2a: Latias|82/100|[from] Sandstorm\n|upkeep\n|\n|t:|1771233959\n|switch|p1a: Gholdengo|Gholdengo|100/100\n|-item|p1a: Gholdengo|Air Balloon\n|turn|12\n|\n|t:|1771233963\n|move|p2a: Latias|Psychic|p1a: Gholdengo\n|-resisted|p1a: Gholdengo\n|-damage|p1a: Gholdengo|55/100\n|-enditem|p1a: Gholdengo|Air Balloon\n|move|p1a: Gholdengo|Shadow Ball|p2a: Latias\n|-supereffective|p2a: Latias\n|-damage|p2a: Latias|54/100\n|\n|-weather|Sandstorm|[upkeep]\n|-damage|p2a: Latias|48/100|[from] Sandstorm\n|upkeep\n|turn|13\n|\n|t:|1771233965\n|move|p2a: Latias|Roost|p2a: Latias\n|-heal|p2a: Latias|98/100\n|-singleturn|p2a: Latias|move: Roost\n|move|p1a: Gholdengo|Shadow Ball|p2a: Latias\n|-supereffective|p2a: Latias\n|-damage|p2a: Latias|71/100\n|\n|-weather|none\n|upkeep\n|turn|14\n|j| repeatttt\n|\n|t:|1771233973\n|move|p2a: Latias|Roost|p2a: Latias\n|-heal|p2a: Latias|100/100\n|-singleturn|p2a: Latias|move: Roost\n|move|p1a: Gholdengo|Shadow Ball|p2a: Latias\n|-supereffective|p2a: Latias\n|-damage|p2a: Latias|72/100\n|\n|upkeep\n|turn|15\n|\n|t:|1771233975\n|move|p2a: Latias|Calm Mind|p2a: Latias\n|-boost|p2a: Latias|spa|1\n|-boost|p2a: Latias|spd|1\n|move|p1a: Gholdengo|Nasty Plot|p1a: Gholdengo\n|-boost|p1a: Gholdengo|spa|2\n|\n|upkeep\n|turn|16\n|\n|t:|1771233979\n|move|p2a: Latias|Psychic|p1a: Gholdengo\n|-resisted|p1a: Gholdengo\n|-damage|p1a: Gholdengo|0 fnt\n|faint|p1a: Gholdengo\n|\n|upkeep\n|l| repeatttt\n|-message|pixl toshy forfeited.\n|\n|win|jng999\n|raw|pixl toshy's rating: 1573 &rarr; <strong>1549</strong><br />(-24 for losing)\n|raw|jng999's rating: 1500 &rarr; <strong>1524</strong><br />(+24 for winning)\n|l|☆pixl toshy\n|player|p1|\n|l|☆jng999\n|player|p2|\n", "uploadtime": 1771234318, "views": 9, "formatid": "gen9nationaldex", "rating": 1524, "private": 0, "password": null}