{"id": "gen9nationaldex-2540903946", "format": "[Gen 9] National Dex", "players": ["Az4k4", "CanaryKill"], "log": "|j|☆Az4k4\n|j|☆CanaryKill\n|t:|1771265674\n|gametype|singles\n|player|p1|Az4k4|n|1590\n|player|p2|CanaryKill|266|1673\n|gen|9\n|tier|[Gen 9] National Dex\n|rated|\n|rule|HP Percentage Mod: HP is shown in percentages\n|rule|Endless Battle Clause: Forcing endless battles is banned\n|rule|Species Clause: Limit one of each Pokémon\n|rule|OHKO Clause: OHKO moves are banned\n|rule|Evasion Clause: Evasion abilities, items, and moves are banned\n|rule|Evasion Abilities Clause: Evasion abilities are banned\n|rule|Evasion Items Clause: Evasion items are banned\n|rule|Evasion Moves Clause: Evasion moves are banned\n|rule|Sleep Clause Mod: Limit one foe put to sleep\n|rule|Terastal Clause: You cannot Terastallize\n|clearpoke\n|poke|p1|Blacephalon|\n|poke|p1|Corviknight, F|\n|poke|p1|Great Tusk|\n|poke|p1|Alomomola, F|\n|poke|p1|Scizor, F|\n|poke|p1|Samurott-Hisui, M|\n|poke|p2|Primarina, M|\n|poke|p2|Sinistcha|\n|poke|p2|Volcanion|\n|poke|p2|Iron Treads|\n|poke|p2|Scizor, M|\n|poke|p2|Tinkaton, F|\n|teampreview\n|inactive|Battle timer is ON: inactive players will automatically lose when time's up. (requested by CanaryKill)\n|\n|t:|1771265685\n|teamsize|p1|6\n|teamsize|p2|6\n|start\n|switch|p1a: Blacephalon|Blacephalon|100/100\n|switch|p2a: Primarina|Primarina, M|100/100\n|turn|1\n|\n|t:|1771265708\n|switch|p1a: Alomomola|Alomomola, F|100/100\n|move|p2a: Primarina|Surf|p1a: Alomomola\n|-resisted|p1a: Alomomola\n|-damage|p1a: Alomomola|87/100\n|\n|upkeep\n|turn|2\n|\n|t:|1771265712\n|move|p2a: Primarina|Substitute|p2a: Primarina\n|-start|p2a: Primarina|Substitute\n|-damage|p2a: Primarina|76/100\n|move|p1a: Alomomola|Knock Off|p2a: Primarina\n|-resisted|p2a: Primarina\n|-activate|p2a: Primarina|move: Substitute|[damage]\n|\n|-heal|p2a: Primarina|82/100|[from] item: Leftovers\n|upkeep\n|turn|3\n|\n|t:|1771265728\n|move|p2a: Primarina|Moonblast|p1a: Alomomola\n|-damage|p1a: Alomomola|58/100\n|move|p1a: Alomomola|Liquidation|p2a: Primarina\n|-resisted|p2a: Primarina\n|-end|p2a: Primarina|Substitute\n|\n|-heal|p2a: Primarina|88/100|[from] item: Leftovers\n|upkeep\n|turn|4\n|\n|t:|1771265733\n|move|p2a: Primarina|Substitute|p2a: Primarina\n|-start|p2a: Primarina|Substitute\n|-damage|p2a: Primarina|63/100\n|move|p1a: Alomomola|Flip Turn|p2a: Primarina\n|-resisted|p2a: Primarina\n|-activate|p2a: Primarina|move: Substitute|[damage]\n|\n|t:|1771265735\n|switch|p1a: Scizor|Scizor, F|100/100|[from] Flip Turn\n|\n|-heal|p2a: Primarina|69/100|[from] item: Leftovers\n|upkeep\n|turn|5\n|\n|t:|1771265756\n|detailschange|p1a: Scizor|Scizor-Mega, F\n|-mega|p1a: Scizor|Scizor|Scizorite\n|move|p1a: Scizor|Bullet Punch|p2a: Primarina\n|-end|p2a: Primarina|Substitute\n|move|p2a: Primarina|Surf|p1a: Scizor\n|-damage|p1a: Scizor|62/100\n|\n|-heal|p2a: Primarina|75/100|[from] item: Leftovers\n|upkeep\n|turn|6\n|\n|t:|1771265764\n|switch|p2a: Volcanion|Volcanion|100/100\n|move|p1a: Scizor|Roost|p1a: Scizor\n|-heal|p1a: Scizor|100/100\n|-singleturn|p1a: Scizor|move: Roost\n|\n|upkeep\n|turn|7\n|inactive|CanaryKill has 120 seconds left.\n|\n|t:|1771265798\n|switch|p1a: Samurott|Samurott-Hisui, M|100/100\n|move|p2a: Volcanion|Steam Eruption|p1a: Samurott\n|-resisted|p1a: Samurott\n|-damage|p1a: Samurott|63/100\n|\n|upkeep\n|turn|8\n|\n|t:|1771265802\n|move|p1a: Samurott|Ceaseless Edge|p2a: Volcanion\n|-damage|p2a: Volcanion|64/100\n|-sidestart|p2: CanaryKill|Spikes\n|move|p2a: Volcanion|Steam Eruption|p1a: Samurott\n|-resisted|p1a: Samurott\n|-damage|p1a: Samurott|29/100\n|\n|upkeep\n|turn|9\n|\n|t:|1771265809\n|switch|p2a: Iron Treads|Iron Treads|100/100\n|-damage|p2a: Iron Treads|88/100|[from] Spikes\n|-enditem|p2a: Iron Treads|Booster Energy\n|-activate|p2a: Iron Treads|ability: Quark Drive|[fromitem]\n|-start|p2a: Iron Treads|quarkdrivespe\n|move|p1a: Samurott|Ceaseless Edge|p2a: Iron Treads\n|-damage|p2a: Iron Treads|51/100\n|-sidestart|p2: CanaryKill|Spikes\n|\n|upkeep\n|turn|10\n|\n|t:|1771265818\n|move|p2a: Iron Treads|Rapid Spin|p1a: Samurott\n|-crit|p1a: Samurott\n|-damage|p1a: Samurott|1/100\n|-boost|p2a: Iron Treads|spe|1\n|-sideend|p2: CanaryKill|Spikes|[from] move: Rapid Spin|[of] p2a: Iron Treads\n|move|p1a: Samurott|Ceaseless Edge|p2a: Iron Treads\n|-damage|p2a: Iron Treads|9/100\n|-sidestart|p2: CanaryKill|Spikes\n|\n|upkeep\n|turn|11\n|\n|t:|1771265828\n|switch|p1a: Scizor|Scizor-Mega, F|100/100\n|move|p2a: Iron Treads|Rapid Spin|p1a: Scizor\n|-resisted|p1a: Scizor\n|-damage|p1a: Scizor|95/100\n|-boost|p2a: Iron Treads|spe|1\n|-sideend|p2: CanaryKill|Spikes|[from] move: Rapid Spin|[of] p2a: Iron Treads\n|\n|upkeep\n|turn|12\n|\n|t:|1771265834\n|move|p2a: Iron Treads|Earthquake|p1a: Scizor\n|-damage|p1a: Scizor|65/100\n|move|p1a: Scizor|Knock Off|p2a: Iron Treads\n|-damage|p2a: Iron Treads|0 fnt\n|faint|p2a: Iron Treads\n|-end|p2a: Iron Treads|Quark Drive|[silent]\n|\n|upkeep\n|inactive|CanaryKill has 120 seconds left.\n|\n|t:|1771265888\n|switch|p2a: Tinkaton|Tinkaton, F|100/100\n|-ability|p2a: Tinkaton|Mold Breaker\n|-item|p2a: Tinkaton|Air Balloon\n|turn|13\n|\n|t:|1771265896\n|move|p2a: Tinkaton|Stealth Rock|p1a: Scizor\n|-sidestart|p1: Az4k4|move: Stealth Rock\n|move|p1a: Scizor|Roost|p1a: Scizor\n|-heal|p1a: Scizor|100/100\n|-singleturn|p1a: Scizor|move: Roost\n|\n|upkeep\n|turn|14\n|inactive|CanaryKill has 120 seconds left.\n|\n|t:|1771265926\n|switch|p1a: Great Tusk|Great Tusk|100/100\n|move|p2a: Tinkaton|Encore||[still]\n|-fail|p2a: Tinkaton\n|\n|upkeep\n|turn|15\n|\n|t:|1771265930\n|switch|p2a: Sinistcha|Sinistcha|100/100\n|move|p1a: Great Tusk|Rapid Spin|p2a: Sinistcha\n|-immune|p2a: Sinistcha\n|\n|upkeep\n|turn|16\n|\n|t:|1771265938\n|move|p1a: Great Tusk|Stealth Rock|p2a: Sinistcha\n|-sidestart|p2: CanaryKill|move: Stealth Rock\n|move|p2a: Sinistcha|Shadow Ball|p1a: Great Tusk\n|-damage|p1a: Great Tusk|52/100\n|\n|upkeep\n|turn|17\n|inactive|CanaryKill has 120 seconds left.\n|\n|t:|1771265944\n|-end|p1a: Great Tusk|Protosynthesis|[silent]\n|switch|p1a: Alomomola|Alomomola, F|91/100\n|-damage|p1a: Alomomola|78/100|[from] Stealth Rock\n|move|p2a: Sinistcha|Matcha Gotcha|p1a: Alomomola\n|-supereffective|p1a: Alomomola\n|-damage|p1a: Alomomola|42/100\n|\n|upkeep\n|turn|18\n|\n|t:|1771265952\n|move|p2a: Sinistcha|Calm Mind|p2a: Sinistcha\n|-boost|p2a: Sinistcha|spa|1\n|-boost|p2a: Sinistcha|spd|1\n|move|p1a: Alomomola|Mirror Coat||[still]\n|-fail|p1a: Alomomola\n|\n|upkeep\n|turn|19\n|\n|t:|1771265964\n|switch|p1a: Samurott|Samurott-Hisui, M|1/100\n|-damage|p1a: Samurott|0 fnt|[from] Stealth Rock\n|faint|p1a: Samurott\n|move|p2a: Sinistcha|Matcha Gotcha|p1: Samurott|[notarget]\n|-fail|p2a: Sinistcha\n|\n|upkeep\n|\n|t:|1771265965\n|switch|p1a: Blacephalon|Blacephalon|100/100\n|-damage|p1a: Blacephalon|76/100|[from] Stealth Rock\n|turn|20\n|\n|t:|1771265968\n|move|p1a: Blacephalon|Shadow Ball|p2a: Sinistcha\n|-supereffective|p2a: Sinistcha\n|-damage|p2a: Sinistcha|0 fnt\n|faint|p2a: Sinistcha\n|-ability|p1a: Blacephalon|Beast Boost|boost\n|-boost|p1a: Blacephalon|spa|1\n|\n|upkeep\n|\n|t:|1771265976\n|switch|p2a: Volcanion|Volcanion|64/100\n|-damage|p2a: Volcanion|39/100|[from] Stealth Rock\n|turn|21\n|\n|t:|1771265978\n|move|p1a: Blacephalon|Shadow Ball|p2a: Volcanion\n|-damage|p2a: Volcanion|0 fnt\n|faint|p2a: Volcanion\n|-ability|p1a: Blacephalon|Beast Boost|boost\n|-boost|p1a: Blacephalon|spa|1\n|\n|upkeep\n|\n|t:|1771265984\n|switch|p2a: Tinkaton|Tinkaton, F|100/100\n|-damage|p2a: Tinkaton|94/100|[from] Stealth Rock\n|-ability|p2a: Tinkaton|Mold Breaker\n|-item|p2a: Tinkaton|Air Balloon\n|turn|22\n|\n|t:|1771265986\n|move|p1a: Blacephalon|Shadow Ball|p2a: Tinkaton\n|-damage|p2a: Tinkaton|0 fnt\n|-enditem|p2a: Tinkaton|Air Balloon\n|faint|p2a: Tinkaton\n|-ability|p1a: Blacephalon|Beast Boost|boost\n|-boost|p1a: Blacephalon|spa|1\n|\n|upkeep\n|-message|CanaryKill forfeited.\n|\n|win|Az4k4\n|raw|Az4k4's rating: 1590 &rarr; <strong>1616</strong><br />(+26 for winning)\n|raw|CanaryKill's rating: 1689 &rarr; <strong>1663</strong><br />(-26 for losing)\n|l|☆CanaryKill\n|player|p2|\n|l|☆Az4k4\n|player|p1|\n", "uploadtime": 1771266169, "views": 2, "formatid": "gen9nationaldex", "rating": 1616, "private": 0, "password": null}