{"id": "gen9nationaldex-2540603477", "format": "[Gen 9] National Dex", "players": ["chocolateovo", "riderzitto5"], "log": "|j|☆chocolateovo\n|j|☆riderzitto5\n|t:|1771225497\n|gametype|singles\n|player|p1|chocolateovo|hugh|1529\n|player|p2|riderzitto5|petrel|1692\n|gen|9\n|tier|[Gen 9] National Dex\n|rated|\n|rule|HP Percentage Mod: HP is shown in percentages\n|rule|Endless Battle Clause: Forcing endless battles is banned\n|rule|Species Clause: Limit one of each Pokémon\n|rule|OHKO Clause: OHKO moves are banned\n|rule|Evasion Clause: Evasion abilities, items, and moves are banned\n|rule|Evasion Abilities Clause: Evasion abilities are banned\n|rule|Evasion Items Clause: Evasion items are banned\n|rule|Evasion Moves Clause: Evasion moves are banned\n|rule|Sleep Clause Mod: Limit one foe put to sleep\n|rule|Terastal Clause: You cannot Terastallize\n|clearpoke\n|poke|p1|Shedinja|\n|poke|p1|Moltres|\n|poke|p1|Tyranitar, F|\n|poke|p1|Gliscor, M|\n|poke|p1|Gyarados, M|\n|poke|p1|Iron Valiant|\n|poke|p2|Sableye, M|\n|poke|p2|Slowbro, M|\n|poke|p2|Melmetal|\n|poke|p2|Hatterene, F|\n|poke|p2|Iron Treads|\n|poke|p2|Dragonite, M|\n|teampreview\n|inactive|Battle timer is ON: inactive players will automatically lose when time's up. (requested by chocolateovo)\n|\n|t:|1771225518\n|teamsize|p1|6\n|teamsize|p2|6\n|start\n|switch|p1a: Iron Valiant|Iron Valiant|100/100\n|switch|p2a: Hatterene|Hatterene, F|100/100\n|turn|1\n|\n|t:|1771225526\n|-end|p1a: Iron Valiant|Quark Drive|[silent]\n|switch|p1a: Shedinja|Shedinja, shiny|100/100\n|move|p2a: Hatterene|Trick Room|p2a: Hatterene\n|-fieldstart|move: Trick Room|[of] p2a: Hatterene\n|\n|upkeep\n|turn|2\n|\n|t:|1771225532\n|move|p2a: Hatterene|Mystical Fire|p1a: Shedinja\n|-supereffective|p1a: Shedinja\n|-damage|p1a: Shedinja|0 fnt\n|faint|p1a: Shedinja\n|\n|upkeep\n|\n|t:|1771225541\n|switch|p1a: Moltres|Moltres, shiny|100/100\n|turn|3\n|\n|t:|1771225549\n|switch|p2a: Slowbro|Slowbro, M|100/100\n|move|p1a: Moltres|Flamethrower|p2a: Slowbro\n|-resisted|p2a: Slowbro\n|-damage|p2a: Slowbro|77/100\n|\n|upkeep\n|turn|4\n|\n|t:|1771225557\n|move|p1a: Moltres|U-turn|p2a: Slowbro\n|-supereffective|p2a: Slowbro\n|-damage|p2a: Slowbro|60/100\n|-damage|p1a: Moltres|84/100|[from] item: Rocky Helmet|[of] p2a: Slowbro\n|\n|t:|1771225561\n|switch|p1a: Gliscor|Gliscor, M, shiny|100/100|[from] U-turn\n|move|p2a: Slowbro|Teleport|p2a: Slowbro\n|\n|t:|1771225567\n|switch|p2a: Melmetal|Melmetal|100/100|[from] Teleport\n|\n|-status|p1a: Gliscor|tox|[from] item: Toxic Orb\n|upkeep\n|turn|5\n|\n|t:|1771225572\n|move|p1a: Gliscor|Protect|p1a: Gliscor\n|-singleturn|p1a: Gliscor|Protect\n|move|p2a: Melmetal|Thunder Punch|p1a: Gliscor\n|-activate|p1a: Gliscor|move: Protect\n|\n|-fieldend|move: Trick Room\n|upkeep\n|turn|6\n|\n|t:|1771225581\n|switch|p1a: Moltres|Moltres, shiny|84/100\n|switch|p2a: Hatterene|Hatterene, F|100/100\n|\n|upkeep\n|turn|7\n|\n|t:|1771225587\n|switch|p2a: Slowbro|Slowbro, M|93/100\n|move|p1a: Moltres|Flamethrower|p2a: Slowbro\n|-resisted|p2a: Slowbro\n|-crit|p2a: Slowbro\n|-damage|p2a: Slowbro|55/100\n|\n|upkeep\n|turn|8\n|\n|t:|1771225603\n|switch|p1a: Gyarados|Gyarados, M|100/100\n|-ability|p1a: Gyarados|Intimidate|boost\n|-unboost|p2a: Slowbro|atk|1\n|move|p2a: Slowbro|Trick Room|p2a: Slowbro\n|-fieldstart|move: Trick Room|[of] p2a: Slowbro\n|\n|upkeep\n|turn|9\n|\n|t:|1771225611\n|switch|p2a: Melmetal|Melmetal|100/100\n|move|p1a: Gyarados|Substitute|p1a: Gyarados\n|-start|p1a: Gyarados|Substitute\n|-damage|p1a: Gyarados|76/100\n|\n|upkeep\n|turn|10\n|\n|t:|1771225620\n|detailschange|p1a: Gyarados|Gyarados-Mega, M\n|-mega|p1a: Gyarados|Gyarados|Gyaradosite\n|-ability|p1a: Gyarados|Mold Breaker\n|move|p2a: Melmetal|Double Iron Bash|p1a: Gyarados\n|-resisted|p1a: Gyarados\n|-end|p1a: Gyarados|Substitute\n|-resisted|p1a: Gyarados\n|-crit|p1a: Gyarados\n|-damage|p1a: Gyarados|26/100\n|-hitcount|p1a: Gyarados|2\n|cant|p1a: Gyarados|flinch\n|\n|upkeep\n|turn|11\n|\n|t:|1771225631\n|switch|p1a: Moltres|Moltres, shiny|84/100\n|move|p2a: Melmetal|Double Iron Bash|p1a: Moltres\n|-resisted|p1a: Moltres\n|-damage|p1a: Moltres|54/100\n|-status|p2a: Melmetal|brn|[from] ability: Flame Body|[of] p1a: Moltres\n|-resisted|p1a: Moltres\n|-damage|p1a: Moltres|40/100\n|-hitcount|p1a: Moltres|2\n|\n|-damage|p2a: Melmetal|94/100 brn|[from] brn\n|upkeep\n|turn|12\n|\n|t:|1771225634\n|move|p2a: Melmetal|Double Iron Bash|p1a: Moltres\n|-resisted|p1a: Moltres\n|-damage|p1a: Moltres|25/100\n|-resisted|p1a: Moltres\n|-damage|p1a: Moltres|11/100\n|-hitcount|p1a: Moltres|2\n|cant|p1a: Moltres|flinch\n|\n|-damage|p2a: Melmetal|88/100 brn|[from] brn\n|-fieldend|move: Trick Room\n|upkeep\n|turn|13\n|\n|t:|1771225641\n|switch|p2a: Slowbro|Slowbro, M|88/100\n|move|p1a: Moltres|Roost|p1a: Moltres\n|-heal|p1a: Moltres|62/100\n|-singleturn|p1a: Moltres|move: Roost\n|\n|upkeep\n|turn|14\n|\n|t:|1771225648\n|move|p1a: Moltres|Roost|p1a: Moltres\n|-heal|p1a: Moltres|100/100\n|-singleturn|p1a: Moltres|move: Roost\n|move|p2a: Slowbro|Trick Room|p2a: Slowbro\n|-fieldstart|move: Trick Room|[of] p2a: Slowbro\n|\n|upkeep\n|turn|15\n|\n|t:|1771225654\n|move|p2a: Slowbro|Scald|p1a: Moltres\n|-supereffective|p1a: Moltres\n|-damage|p1a: Moltres|41/100\n|move|p1a: Moltres|U-turn|p2a: Slowbro\n|-supereffective|p2a: Slowbro\n|-damage|p2a: Slowbro|70/100\n|-damage|p1a: Moltres|25/100|[from] item: Rocky Helmet|[of] p2a: Slowbro\n|\n|t:|1771225659\n|switch|p1a: Gyarados|Gyarados-Mega, M|26/100|[from] U-turn\n|-ability|p1a: Gyarados|Mold Breaker\n|\n|upkeep\n|turn|16\n|\n|t:|1771225664\n|switch|p2a: Melmetal|Melmetal|88/100 brn\n|move|p1a: Gyarados|Crunch|p2a: Melmetal\n|-damage|p2a: Melmetal|63/100 brn\n|\n|-damage|p2a: Melmetal|57/100 brn|[from] brn\n|upkeep\n|turn|17\n|\n|t:|1771225670\n|switch|p1a: Gliscor|Gliscor, M, shiny|100/100 tox\n|move|p2a: Melmetal|Double Iron Bash|p1a: Gliscor\n|-damage|p1a: Gliscor|74/100 tox\n|-damage|p1a: Gliscor|47/100 tox\n|-hitcount|p1a: Gliscor|2\n|\n|-heal|p1a: Gliscor|60/100 tox|[from] ability: Poison Heal\n|-damage|p2a: Melmetal|51/100 brn|[from] brn\n|upkeep\n|turn|18\n|\n|t:|1771225676\n|switch|p2a: Slowbro|Slowbro, M|100/100\n|move|p1a: Gliscor|Protect||[still]\n|-fail|p1a: Gliscor\n|\n|-heal|p1a: Gliscor|72/100 tox|[from] ability: Poison Heal\n|-fieldend|move: Trick Room\n|upkeep\n|turn|19\n|\n|t:|1771225684\n|switch|p2a: Hatterene|Hatterene, F|100/100\n|move|p1a: Gliscor|Stealth Rock|p2a: Hatterene\n|move|p2a: Hatterene|Stealth Rock|p1a: Gliscor|[from] ability: Magic Bounce\n|-sidestart|p1: chocolateovo|move: Stealth Rock\n|\n|-heal|p1a: Gliscor|84/100 tox|[from] ability: Poison Heal\n|upkeep\n|turn|20\n|\n|t:|1771225689\n|move|p1a: Gliscor|Earthquake|p2a: Hatterene\n|-damage|p2a: Hatterene|65/100\n|move|p2a: Hatterene|Trick Room|p2a: Hatterene\n|-fieldstart|move: Trick Room|[of] p2a: Hatterene\n|\n|-heal|p1a: Gliscor|97/100 tox|[from] ability: Poison Heal\n|upkeep\n|turn|21\n|\n|t:|1771225695\n|move|p1a: Gliscor|Protect|p1a: Gliscor\n|-singleturn|p1a: Gliscor|Protect\n|move|p2a: Hatterene|Dazzling Gleam|p1a: Gliscor\n|-activate|p1a: Gliscor|move: Protect\n|\n|-heal|p1a: Gliscor|100/100 tox|[from] ability: Poison Heal\n|upkeep\n|turn|22\n|\n|t:|1771225697\n|move|p2a: Hatterene|Dazzling Gleam|p1a: Gliscor\n|-damage|p1a: Gliscor|60/100 tox\n|move|p1a: Gliscor|Defog|p2a: Hatterene\n|move|p2a: Hatterene|Defog|p1a: Gliscor|[from] ability: Magic Bounce\n|-unboost|p1a: Gliscor|evasion|1\n|-sideend|p1: chocolateovo|Stealth Rock|[from] move: Defog|[of] p2a: Hatterene\n|\n|-heal|p1a: Gliscor|72/100 tox|[from] ability: Poison Heal\n|upkeep\n|turn|23\n|\n|t:|1771225702\n|move|p1a: Gliscor|Protect|p1a: Gliscor\n|-singleturn|p1a: Gliscor|Protect\n|move|p2a: Hatterene|Dazzling Gleam|p1a: Gliscor\n|-activate|p1a: Gliscor|move: Protect\n|\n|-heal|p1a: Gliscor|84/100 tox|[from] ability: Poison Heal\n|upkeep\n|turn|24\n|\n|t:|1771225707\n|move|p2a: Hatterene|Dazzling Gleam|p1a: Gliscor\n|-damage|p1a: Gliscor|39/100 tox\n|move|p1a: Gliscor|Earthquake|p2a: Hatterene\n|-damage|p2a: Hatterene|27/100\n|\n|-heal|p1a: Gliscor|52/100 tox|[from] ability: Poison Heal\n|-fieldend|move: Trick Room\n|upkeep\n|turn|25\n|\n|t:|1771225714\n|switch|p2a: Dragonite|Dragonite, M, shiny|100/100\n|move|p1a: Gliscor|Earthquake|p2a: Dragonite\n|-immune|p2a: Dragonite\n|\n|-heal|p1a: Gliscor|64/100 tox|[from] ability: Poison Heal\n|upkeep\n|turn|26\n|\n|t:|1771225720\n|switch|p1a: Tyranitar|Tyranitar, F|100/100\n|-weather|Sandstorm|[from] ability: Sand Stream|[of] p1a: Tyranitar\n|move|p2a: Dragonite|Dragon Dance|p2a: Dragonite\n|-boost|p2a: Dragonite|atk|1\n|-boost|p2a: Dragonite|spe|1\n|\n|-weather|Sandstorm|[upkeep]\n|-damage|p2a: Dragonite|94/100|[from] Sandstorm\n|upkeep\n|turn|27\n|\n|t:|1771225727\n|switch|p2a: Iron Treads|Iron Treads, shiny|100/100\n|-enditem|p2a: Iron Treads|Booster Energy\n|-activate|p2a: Iron Treads|ability: Quark Drive|[fromitem]\n|-start|p2a: Iron Treads|quarkdrivespe\n|move|p1a: Tyranitar|Stone Edge|p2a: Iron Treads|[miss]\n|-miss|p1a: Tyranitar|p2a: Iron Treads\n|\n|-weather|Sandstorm|[upkeep]\n|upkeep\n|turn|28\n|\n|t:|1771225738\n|switch|p1a: Gliscor|Gliscor, M, shiny|64/100 tox\n|move|p2a: Iron Treads|Stealth Rock|p1a: Gliscor\n|-sidestart|p1: chocolateovo|move: Stealth Rock\n|\n|-weather|Sandstorm|[upkeep]\n|-heal|p1a: Gliscor|76/100 tox|[from] ability: Poison Heal\n|upkeep\n|turn|29\n|\n|t:|1771225744\n|-end|p2a: Iron Treads|Quark Drive|[silent]\n|switch|p2a: Slowbro|Slowbro, M|100/100\n|move|p1a: Gliscor|Protect||[still]\n|-fail|p1a: Gliscor\n|\n|-weather|Sandstorm|[upkeep]\n|-damage|p2a: Slowbro|94/100|[from] Sandstorm\n|-heal|p1a: Gliscor|89/100 tox|[from] ability: Poison Heal\n|upkeep\n|turn|30\n|\n|t:|1771225750\n|move|p1a: Gliscor|Defog|p2a: Slowbro\n|-unboost|p2a: Slowbro|evasion|1\n|-sideend|p1: chocolateovo|Stealth Rock|[from] move: Defog|[of] p1a: Gliscor\n|move|p2a: Slowbro|Trick Room|p2a: Slowbro\n|-fieldstart|move: Trick Room|[of] p2a: Slowbro\n|\n|-weather|none\n|-heal|p1a: Gliscor|100/100 tox|[from] ability: Poison Heal\n|upkeep\n|turn|31\n|\n|t:|1771225755\n|move|p2a: Slowbro|Scald|p1a: Gliscor\n|-supereffective|p1a: Gliscor\n|-damage|p1a: Gliscor|51/100 tox\n|move|p1a: Gliscor|Stealth Rock|p2a: Slowbro\n|-sidestart|p2: riderzitto5|move: Stealth Rock\n|\n|-heal|p1a: Gliscor|64/100 tox|[from] ability: Poison Heal\n|upkeep\n|turn|32\n|\n|t:|1771225770\n|move|p2a: Slowbro|Scald|p1a: Gliscor\n|-supereffective|p1a: Gliscor\n|-damage|p1a: Gliscor|13/100 tox\n|move|p1a: Gliscor|Earthquake|p2a: Slowbro\n|-damage|p2a: Slowbro|74/100\n|\n|-heal|p1a: Gliscor|25/100 tox|[from] ability: Poison Heal\n|upkeep\n|turn|33\n|\n|t:|1771225776\n|move|p1a: Gliscor|Protect|p1a: Gliscor\n|-singleturn|p1a: Gliscor|Protect\n|move|p2a: Slowbro|Slack Off|p2a: Slowbro\n|-heal|p2a: Slowbro|100/100\n|\n|-heal|p1a: Gliscor|38/100 tox|[from] ability: Poison Heal\n|upkeep\n|turn|34\n|\n|t:|1771225779\n|switch|p1a: Gyarados|Gyarados-Mega, M|26/100\n|-ability|p1a: Gyarados|Mold Breaker\n|move|p2a: Slowbro|Scald|p1a: Gyarados\n|-resisted|p1a: Gyarados\n|-damage|p1a: Gyarados|14/100\n|\n|-fieldend|move: Trick Room\n|upkeep\n|turn|35\n|\n|t:|1771225789\n|switch|p2a: Iron Treads|Iron Treads, shiny|100/100\n|-damage|p2a: Iron Treads|97/100|[from] Stealth Rock\n|move|p1a: Gyarados|Crunch|p2a: Iron Treads\n|-damage|p2a: Iron Treads|51/100\n|\n|upkeep\n|turn|36\n|\n|t:|1771225798\n|switch|p1a: Gliscor|Gliscor, M, shiny|38/100 tox\n|move|p2a: Iron Treads|Rapid Spin|p1a: Gliscor\n|-damage|p1a: Gliscor|25/100 tox\n|-boost|p2a: Iron Treads|spe|1\n|-sideend|p2: riderzitto5|Stealth Rock|[from] move: Rapid Spin|[of] p2a: Iron Treads\n|\n|-heal|p1a: Gliscor|37/100 tox|[from] ability: Poison Heal\n|upkeep\n|turn|37\n|\n|t:|1771225801\n|move|p1a: Gliscor|Protect|p1a: Gliscor\n|-singleturn|p1a: Gliscor|Protect\n|move|p2a: Iron Treads|Stealth Rock|p1a: Gliscor\n|-sidestart|p1: chocolateovo|move: Stealth Rock\n|\n|-heal|p1a: Gliscor|49/100 tox|[from] ability: Poison Heal\n|upkeep\n|turn|38\n|\n|t:|1771225804\n|-end|p2a: Iron Treads|Quark Drive|[silent]\n|switch|p2a: Sableye|Sableye, M, shiny|100/100\n|move|p1a: Gliscor|Defog|p2a: Sableye\n|-unboost|p2a: Sableye|evasion|1\n|-sideend|p1: chocolateovo|Stealth Rock|[from] move: Defog|[of] p1a: Gliscor\n|\n|-heal|p1a: Gliscor|62/100 tox|[from] ability: Poison Heal\n|upkeep\n|turn|39\n|\n|t:|1771225809\n|detailschange|p2a: Sableye|Sableye-Mega, M, shiny\n|-mega|p2a: Sableye|Sableye|Sablenite\n|move|p1a: Gliscor|Protect|p1a: Gliscor\n|-singleturn|p1a: Gliscor|Protect\n|move|p2a: Sableye|Knock Off|p1a: Gliscor\n|-activate|p1a: Gliscor|move: Protect\n|\n|-heal|p1a: Gliscor|74/100 tox|[from] ability: Poison Heal\n|upkeep\n|turn|40\n|\n|t:|1771225817\n|move|p1a: Gliscor|Earthquake|p2a: Sableye\n|-damage|p2a: Sableye|75/100\n|move|p2a: Sableye|Knock Off|p1a: Gliscor\n|-damage|p1a: Gliscor|51/100 tox\n|-enditem|p1a: Gliscor|Toxic Orb|[from] move: Knock Off|[of] p2a: Sableye\n|\n|-heal|p1a: Gliscor|64/100 tox|[from] ability: Poison Heal\n|upkeep\n|turn|41\n|\n|t:|1771225823\n|move|p1a: Gliscor|Earthquake|p2a: Sableye\n|-damage|p2a: Sableye|51/100\n|move|p2a: Sableye|Knock Off|p1a: Gliscor\n|-damage|p1a: Gliscor|49/100 tox\n|\n|-heal|p1a: Gliscor|62/100 tox|[from] ability: Poison Heal\n|upkeep\n|turn|42\n|\n|t:|1771225827\n|switch|p1a: Moltres|Moltres, shiny|25/100\n|move|p2a: Sableye|Recover|p2a: Sableye\n|-heal|p2a: Sableye|100/100\n|\n|upkeep\n|turn|43\n|\n|t:|1771225830\n|move|p1a: Moltres|Roost|p1a: Moltres\n|-heal|p1a: Moltres|75/100\n|-singleturn|p1a: Moltres|move: Roost\n|move|p2a: Sableye|Knock Off|p1a: Moltres\n|-damage|p1a: Moltres|51/100\n|-status|p2a: Sableye|brn|[from] ability: Flame Body|[of] p1a: Moltres\n|-enditem|p1a: Moltres|Heavy-Duty Boots|[from] move: Knock Off|[of] p2a: Sableye\n|\n|-damage|p2a: Sableye|95/100 brn|[from] brn\n|upkeep\n|turn|44\n|\n|t:|1771225836\n|move|p2a: Sableye|Protect|p2a: Sableye\n|-singleturn|p2a: Sableye|Protect\n|move|p1a: Moltres|Roost|p1a: Moltres\n|-heal|p1a: Moltres|100/100\n|-singleturn|p1a: Moltres|move: Roost\n|\n|-damage|p2a: Sableye|89/100 brn|[from] brn\n|upkeep\n|turn|45\n|\n|t:|1771225838\n|switch|p2a: Slowbro|Slowbro, M|100/100\n|move|p1a: Moltres|Flamethrower|p2a: Slowbro\n|-resisted|p2a: Slowbro\n|-damage|p2a: Slowbro|76/100\n|\n|upkeep\n|turn|46\n|\n|t:|1771225847\n|move|p1a: Moltres|U-turn|p2a: Slowbro\n|-supereffective|p2a: Slowbro\n|-damage|p2a: Slowbro|58/100\n|-damage|p1a: Moltres|84/100|[from] item: Rocky Helmet|[of] p2a: Slowbro\n|\n|t:|1771225848\n|switch|p1a: Gyarados|Gyarados-Mega, M|14/100|[from] U-turn\n|-ability|p1a: Gyarados|Mold Breaker\n|move|p2a: Slowbro|Trick Room|p2a: Slowbro\n|-fieldstart|move: Trick Room|[of] p2a: Slowbro\n|\n|upkeep\n|turn|47\n|\n|t:|1771225855\n|switch|p2a: Sableye|Sableye-Mega, M, shiny|89/100 brn\n|move|p1a: Gyarados|Crunch|p2a: Sableye\n|-damage|p2a: Sableye|58/100 brn\n|\n|-damage|p2a: Sableye|52/100 brn|[from] brn\n|upkeep\n|turn|48\n|\n|t:|1771225862\n|switch|p1a: Moltres|Moltres, shiny|84/100\n|move|p2a: Sableye|Recover|p2a: Sableye\n|-heal|p2a: Sableye|100/100 brn\n|\n|-damage|p2a: Sableye|95/100 brn|[from] brn\n|upkeep\n|turn|49\n|\n|t:|1771225869\n|switch|p2a: Slowbro|Slowbro, M|91/100\n|move|p1a: Moltres|U-turn|p2a: Slowbro\n|-supereffective|p2a: Slowbro\n|-damage|p2a: Slowbro|75/100\n|-damage|p1a: Moltres|68/100|[from] item: Rocky Helmet|[of] p2a: Slowbro\n|\n|t:|1771225872\n|switch|p1a: Gyarados|Gyarados-Mega, M|14/100|[from] U-turn\n|-ability|p1a: Gyarados|Mold Breaker\n|\n|upkeep\n|turn|50\n|\n|t:|1771225882\n|switch|p2a: Sableye|Sableye-Mega, M, shiny|95/100 brn\n|move|p1a: Gyarados|Crunch|p2a: Sableye\n|-damage|p2a: Sableye|60/100 brn\n|\n|-damage|p2a: Sableye|54/100 brn|[from] brn\n|-fieldend|move: Trick Room\n|upkeep\n|turn|51\n|\n|t:|1771225888\n|move|p1a: Gyarados|Crunch|p2a: Sableye\n|-damage|p2a: Sableye|21/100 brn\n|move|p2a: Sableye|Recover|p2a: Sableye\n|-heal|p2a: Sableye|71/100 brn\n|\n|-damage|p2a: Sableye|65/100 brn|[from] brn\n|upkeep\n|turn|52\n|\n|t:|1771225896\n|move|p1a: Gyarados|Crunch|p2a: Sableye\n|-damage|p2a: Sableye|31/100 brn\n|move|p2a: Sableye|Recover|p2a: Sableye\n|-heal|p2a: Sableye|81/100 brn\n|\n|-damage|p2a: Sableye|75/100 brn|[from] brn\n|upkeep\n|turn|53\n|\n|t:|1771225900\n|move|p1a: Gyarados|Crunch|p2a: Sableye\n|-damage|p2a: Sableye|41/100 brn\n|move|p2a: Sableye|Knock Off|p1a: Gyarados\n|-resisted|p1a: Gyarados\n|-damage|p1a: Gyarados|9/100\n|\n|-damage|p2a: Sableye|35/100 brn|[from] brn\n|upkeep\n|turn|54\n|\n|t:|1771225909\n|switch|p2a: Slowbro|Slowbro, M|100/100\n|move|p1a: Gyarados|Crunch|p2a: Slowbro\n|-supereffective|p2a: Slowbro\n|-damage|p2a: Slowbro|42/100\n|-damage|p1a: Gyarados|0 fnt|[from] item: Rocky Helmet|[of] p2a: Slowbro\n|faint|p1a: Gyarados\n|detailschange|p1: Gyarados|Gyarados, M|[silent]\n|\n|upkeep\n|\n|t:|1771225914\n|switch|p1a: Iron Valiant|Iron Valiant|100/100\n|turn|55\n|\n|t:|1771225920\n|switch|p2a: Sableye|Sableye-Mega, M, shiny|35/100 brn\n|move|p1a: Iron Valiant|Moonblast|p2a: Sableye\n|-supereffective|p2a: Sableye\n|-damage|p2a: Sableye|0 fnt\n|faint|p2a: Sableye\n|detailschange|p2: Sableye|Sableye, M, shiny|[silent]\n|-damage|p1a: Iron Valiant|91/100|[from] item: Life Orb\n|\n|upkeep\n|\n|t:|1771225931\n|switch|p2a: Melmetal|Melmetal|51/100 brn\n|turn|56\n|\n|t:|1771225935\n|move|p1a: Iron Valiant|Close Combat|p2a: Melmetal\n|-supereffective|p2a: Melmetal\n|-damage|p2a: Melmetal|0 fnt\n|-unboost|p1a: Iron Valiant|def|1\n|-unboost|p1a: Iron Valiant|spd|1\n|faint|p2a: Melmetal\n|-damage|p1a: Iron Valiant|81/100|[from] item: Life Orb\n|\n|upkeep\n|\n|t:|1771225945\n|switch|p2a: Slowbro|Slowbro, M|75/100\n|turn|57\n|\n|t:|1771225948\n|move|p1a: Iron Valiant|Moonblast|p2a: Slowbro\n|-damage|p2a: Slowbro|20/100\n|-damage|p1a: Iron Valiant|71/100|[from] item: Life Orb\n|move|p2a: Slowbro|Trick Room|p2a: Slowbro\n|-fieldstart|move: Trick Room|[of] p2a: Slowbro\n|\n|upkeep\n|turn|58\n|\n|t:|1771225968\n|-end|p1a: Iron Valiant|Quark Drive|[silent]\n|switch|p1a: Tyranitar|Tyranitar, F|100/100\n|-weather|Sandstorm|[from] ability: Sand Stream|[of] p1a: Tyranitar\n|move|p2a: Slowbro|Scald|p1a: Tyranitar\n|-supereffective|p1a: Tyranitar\n|-damage|p1a: Tyranitar|65/100\n|\n|-weather|Sandstorm|[upkeep]\n|-damage|p2a: Slowbro|14/100|[from] Sandstorm\n|upkeep\n|turn|59\n|\n|t:|1771225971\n|move|p2a: Slowbro|Scald|p1a: Tyranitar\n|-supereffective|p1a: Tyranitar\n|-damage|p1a: Tyranitar|30/100\n|-status|p1a: Tyranitar|brn\n|move|p1a: Tyranitar|Pursuit|p2a: Slowbro\n|-supereffective|p2a: Slowbro\n|-damage|p2a: Slowbro|0 fnt\n|-damage|p1a: Tyranitar|13/100 brn|[from] item: Rocky Helmet|[of] p2a: Slowbro\n|faint|p2a: Slowbro\n|\n|-weather|Sandstorm|[upkeep]\n|-damage|p1a: Tyranitar|7/100 brn|[from] brn\n|upkeep\n|\n|t:|1771225975\n|switch|p2a: Hatterene|Hatterene, F|27/100\n|turn|60\n|\n|t:|1771225979\n|move|p2a: Hatterene|Dazzling Gleam|p1a: Tyranitar\n|-supereffective|p1a: Tyranitar\n|-damage|p1a: Tyranitar|0 fnt\n|faint|p1a: Tyranitar\n|\n|-weather|Sandstorm|[upkeep]\n|-damage|p2a: Hatterene|21/100|[from] Sandstorm\n|upkeep\n|\n|t:|1771225987\n|switch|p1a: Moltres|Moltres, shiny|68/100\n|turn|61\n|\n|t:|1771225989\n|move|p2a: Hatterene|Healing Wish|p2a: Hatterene\n|faint|p2a: Hatterene\n|move|p1a: Moltres|Roost|p1a: Moltres\n|-heal|p1a: Moltres|100/100\n|-singleturn|p1a: Moltres|move: Roost\n|\n|-weather|Sandstorm|[upkeep]\n|-damage|p1a: Moltres|94/100|[from] Sandstorm\n|-fieldend|move: Trick Room\n|upkeep\n|\n|t:|1771225992\n|switch|p2a: Dragonite|Dragonite, M, shiny|94/100\n|-heal|p2a: Dragonite|100/100|[from] move: Healing Wish\n|turn|62\n|\n|t:|1771225997\n|move|p2a: Dragonite|Dragon Dance|p2a: Dragonite\n|-boost|p2a: Dragonite|atk|1\n|-boost|p2a: Dragonite|spe|1\n|move|p1a: Moltres|U-turn|p2a: Dragonite\n|-resisted|p2a: Dragonite\n|-damage|p2a: Dragonite|96/100\n|\n|t:|1771226004\n|switch|p1a: Iron Valiant|Iron Valiant|71/100|[from] U-turn\n|\n|-weather|none\n|upkeep\n|turn|63\n|\n|t:|1771226017\n|-zpower|p2a: Dragonite\n|move|p2a: Dragonite|Supersonic Skystrike|p1a: Iron Valiant|[zeffect]\n|-supereffective|p1a: Iron Valiant\n|-damage|p1a: Iron Valiant|0 fnt\n|faint|p1a: Iron Valiant\n|-end|p1a: Iron Valiant|Quark Drive|[silent]\n|\n|upkeep\n|-message|chocolateovo forfeited.\n|\n|win|riderzitto5\n|raw|chocolateovo's rating: 1529 &rarr; <strong>1518</strong><br />(-11 for losing)\n|raw|riderzitto5's rating: 1692 &rarr; <strong>1703</strong><br />(+11 for winning)\n|l|☆chocolateovo\n|player|p1|\n|l|☆riderzitto5\n|player|p2|\n", "uploadtime": 1771226408, "views": 11, "formatid": "gen9nationaldex", "rating": 1518, "private": 0, "password": null}