{"id": "gen9nationaldex-2540950642", "format": "[Gen 9] National Dex", "players": ["hello sup 3", "PASBMST"], "log": "|j|☆hello sup 3\n|j|☆PASBMST\n|t:|1771270142\n|gametype|singles\n|player|p1|hello sup 3|youngcouple-gen4dp|1540\n|player|p2|PASBMST|266|1522\n|gen|9\n|tier|[Gen 9] National Dex\n|rated|\n|rule|HP Percentage Mod: HP is shown in percentages\n|rule|Endless Battle Clause: Forcing endless battles is banned\n|rule|Species Clause: Limit one of each Pokémon\n|rule|OHKO Clause: OHKO moves are banned\n|rule|Evasion Clause: Evasion abilities, items, and moves are banned\n|rule|Evasion Abilities Clause: Evasion abilities are banned\n|rule|Evasion Items Clause: Evasion items are banned\n|rule|Evasion Moves Clause: Evasion moves are banned\n|rule|Sleep Clause Mod: Limit one foe put to sleep\n|rule|Terastal Clause: You cannot Terastallize\n|clearpoke\n|poke|p1|Moltres|\n|poke|p1|Alomomola, M|\n|poke|p1|Ferrothorn, M|\n|poke|p1|Garchomp, M|\n|poke|p1|Diancie|\n|poke|p1|Iron Crown|\n|poke|p2|Ninetales-Alola, F|\n|poke|p2|Kommo-o, F|\n|poke|p2|Armarouge, M|\n|poke|p2|Falinks|\n|poke|p2|Minior|\n|poke|p2|Iron Crown|\n|teampreview\n|\n|t:|1771270152\n|teamsize|p1|6\n|teamsize|p2|6\n|start\n|switch|p1a: Iron Crown|Iron Crown|100/100\n|switch|p2a: Minior|Minior|100/100\n|-formechange|p2a: Minior|Minior-Meteor||[from] ability: Shields Down\n|turn|1\n|\n|t:|1771270156\n|switch|p2a: Iron Crown|Iron Crown|100/100\n|-enditem|p2a: Iron Crown|Booster Energy\n|-activate|p2a: Iron Crown|ability: Quark Drive|[fromitem]\n|-start|p2a: Iron Crown|quarkdrivespe\n|move|p1a: Iron Crown|Volt Switch|p2a: Iron Crown\n|-damage|p2a: Iron Crown|81/100\n|\n|t:|1771270164\n|-end|p1a: Iron Crown|Quark Drive|[silent]\n|switch|p1a: Garchomp|Garchomp, M|100/100|[from] Volt Switch\n|\n|upkeep\n|turn|2\n|\n|t:|1771270167\n|move|p2a: Iron Crown|Iron Defense|p2a: Iron Crown\n|-boost|p2a: Iron Crown|def|2\n|move|p1a: Garchomp|Earthquake|p2a: Iron Crown\n|-supereffective|p2a: Iron Crown\n|-damage|p2a: Iron Crown|44/100\n|\n|upkeep\n|turn|3\n|\n|t:|1771270171\n|move|p2a: Iron Crown|Iron Defense|p2a: Iron Crown\n|-boost|p2a: Iron Crown|def|2\n|move|p1a: Garchomp|Swords Dance|p1a: Garchomp\n|-boost|p1a: Garchomp|atk|2\n|\n|upkeep\n|turn|4\n|\n|t:|1771270174\n|move|p2a: Iron Crown|Stored Power|p1a: Garchomp\n|-damage|p1a: Garchomp|73/100\n|move|p1a: Garchomp|Earthquake|p2a: Iron Crown\n|-supereffective|p2a: Iron Crown\n|-damage|p2a: Iron Crown|0 fnt\n|faint|p2a: Iron Crown\n|-end|p2a: Iron Crown|Quark Drive|[silent]\n|\n|-heal|p1a: Garchomp|80/100|[from] item: Leftovers\n|upkeep\n|\n|t:|1771270179\n|switch|p2a: Ninetales|Ninetales-Alola, F|100/100\n|-weather|Snowscape|[from] ability: Snow Warning|[of] p2a: Ninetales\n|turn|5\n|\n|t:|1771270189\n|switch|p1a: Iron Crown|Iron Crown|100/100\n|move|p2a: Ninetales|Aurora Veil|p2a: Ninetales\n|-sidestart|p2: PASBMST|move: Aurora Veil\n|\n|-weather|Snowscape|[upkeep]\n|upkeep\n|turn|6\n|\n|t:|1771270202\n|switch|p2a: Armarouge|Armarouge, M|100/100\n|move|p1a: Iron Crown|Volt Switch|p2a: Armarouge\n|-damage|p2a: Armarouge|85/100\n|\n|t:|1771270215\n|-end|p1a: Iron Crown|Quark Drive|[silent]\n|switch|p1a: Alomomola|Alomomola, M|100/100|[from] Volt Switch\n|\n|-weather|Snowscape|[upkeep]\n|upkeep\n|turn|7\n|\n|t:|1771270218\n|-zpower|p2a: Armarouge\n|move|p2a: Armarouge|Z-Celebrate|p2a: Armarouge|[anim]Celebrate\n|-boost|p2a: Armarouge|atk|1|[zeffect]\n|-boost|p2a: Armarouge|def|1|[zeffect]\n|-boost|p2a: Armarouge|spa|1|[zeffect]\n|-boost|p2a: Armarouge|spd|1|[zeffect]\n|-boost|p2a: Armarouge|spe|1|[zeffect]\n|-activate|p2a: Armarouge|move: Celebrate\n|move|p1a: Alomomola|Toxic|p2a: Armarouge|[miss]\n|-miss|p1a: Alomomola|p2a: Armarouge\n|\n|-weather|Snowscape|[upkeep]\n|upkeep\n|turn|8\n|\n|t:|1771270228\n|move|p2a: Armarouge|Disable|p1a: Alomomola\n|-start|p1a: Alomomola|Disable|Toxic\n|cant|p1a: Alomomola|Disable|Toxic\n|\n|-weather|Snowscape|[upkeep]\n|upkeep\n|turn|9\n|\n|t:|1771270233\n|move|p2a: Armarouge|Stored Power|p1a: Alomomola\n|-damage|p1a: Alomomola|25/100\n|move|p1a: Alomomola|Flip Turn|p2a: Armarouge\n|-supereffective|p2a: Armarouge\n|-damage|p2a: Armarouge|73/100\n|-ability|p2a: Armarouge|Weak Armor|boost\n|-unboost|p2a: Armarouge|def|1\n|-boost|p2a: Armarouge|spe|2\n|\n|t:|1771270237\n|switch|p1a: Moltres|Moltres|100/100|[from] Flip Turn\n|\n|-weather|none\n|upkeep\n|turn|10\n|\n|t:|1771270240\n|move|p2a: Armarouge|Stored Power|p1a: Moltres\n|-damage|p1a: Moltres|24/100\n|move|p1a: Moltres|Defog|p2a: Armarouge\n|-unboost|p2a: Armarouge|evasion|1\n|-sideend|p2: PASBMST|move: Aurora Veil\n|\n|upkeep\n|turn|11\n|\n|t:|1771270245\n|move|p2a: Armarouge|Stored Power|p1a: Moltres\n|-damage|p1a: Moltres|0 fnt\n|faint|p1a: Moltres\n|\n|upkeep\n|c|☆hello sup 3|yay\n|-message|hello sup 3 forfeited.\n|\n|win|PASBMST\n|raw|hello sup 3's rating: 1540 &rarr; <strong>1519</strong><br />(-21 for losing)\n|raw|PASBMST's rating: 1522 &rarr; <strong>1543</strong><br />(+21 for winning)\n|l|☆hello sup 3\n|player|p1|\n|j| Reyanek\n|l|☆PASBMST\n|player|p2|\n|l| Reyanek\n", "uploadtime": 1771270434, "views": 0, "formatid": "gen9nationaldex", "rating": 1519, "private": 0, "password": null}