{"id": "gen9nationaldex-2540235518", "format": "[Gen 9] National Dex", "players": ["Zoowahp", "kownish"], "log": "|j|☆Zoowahp\n|j|☆kownish\n|t:|1771179047\n|gametype|singles\n|player|p1|Zoowahp|2|1610\n|player|p2|kownish|wattson|1631\n|gen|9\n|tier|[Gen 9] National Dex\n|rated|\n|rule|HP Percentage Mod: HP is shown in percentages\n|rule|Endless Battle Clause: Forcing endless battles is banned\n|rule|Species Clause: Limit one of each Pokémon\n|rule|OHKO Clause: OHKO moves are banned\n|rule|Evasion Clause: Evasion abilities, items, and moves are banned\n|rule|Evasion Abilities Clause: Evasion abilities are banned\n|rule|Evasion Items Clause: Evasion items are banned\n|rule|Evasion Moves Clause: Evasion moves are banned\n|rule|Sleep Clause Mod: Limit one foe put to sleep\n|rule|Terastal Clause: You cannot Terastallize\n|clearpoke\n|poke|p1|Aerodactyl, F|\n|poke|p1|Latias, F|\n|poke|p1|Samurott-Hisui, M|\n|poke|p1|Heliolisk, F|\n|poke|p1|Great Tusk|\n|poke|p1|Iron Jugulis|\n|poke|p2|Tapu Lele|\n|poke|p2|Iron Treads|\n|poke|p2|Moltres|\n|poke|p2|Samurott-Hisui, M|\n|poke|p2|Zamazenta-*|\n|poke|p2|Venusaur, F|\n|teampreview\n|inactive|Battle timer is ON: inactive players will automatically lose when time's up. (requested by kownish)\n|\n|t:|1771179059\n|teamsize|p1|6\n|teamsize|p2|6\n|start\n|switch|p1a: Samurott|Samurott-Hisui, M|100/100\n|switch|p2a: Samurott|Samurott-Hisui, M|100/100\n|turn|1\n|\n|t:|1771179069\n|move|p2a: Samurott|Ceaseless Edge|p1a: Samurott\n|-resisted|p1a: Samurott\n|-damage|p1a: Samurott|74/100\n|-sidestart|p1: Zoowahp|Spikes\n|move|p1a: Samurott|Sacred Sword|p2a: Samurott\n|-supereffective|p2a: Samurott\n|-damage|p2a: Samurott|0 fnt\n|faint|p2a: Samurott\n|\n|upkeep\n|\n|t:|1771179081\n|switch|p2a: eve|Tapu Lele, shiny|100/100\n|-fieldstart|move: Psychic Terrain|[from] ability: Psychic Surge|[of] p2a: eve\n|turn|2\n|\n|t:|1771179088\n|move|p2a: eve|Moonblast|p1a: Samurott\n|-supereffective|p1a: Samurott\n|-damage|p1a: Samurott|0 fnt\n|faint|p1a: Samurott\n|\n|upkeep\n|\n|t:|1771179092\n|switch|p1a: Aerodactyl|Aerodactyl, F|100/100\n|-ability|p1a: Aerodactyl|Pressure\n|turn|3\n|\n|t:|1771179105\n|switch|p2a: Iron Treads|Iron Treads|100/100\n|-item|p2a: Iron Treads|Air Balloon\n|detailschange|p1a: Aerodactyl|Aerodactyl-Mega, F\n|-mega|p1a: Aerodactyl|Aerodactyl|Aerodactylite\n|move|p1a: Aerodactyl|Dragon Dance|p1a: Aerodactyl\n|-boost|p1a: Aerodactyl|atk|1\n|-boost|p1a: Aerodactyl|spe|1\n|\n|upkeep\n|turn|4\n|\n|t:|1771179112\n|move|p1a: Aerodactyl|Rock Slide|p2a: Iron Treads\n|-resisted|p2a: Iron Treads\n|-damage|p2a: Iron Treads|86/100\n|-enditem|p2a: Iron Treads|Air Balloon\n|move|p2a: Iron Treads|Ice Spinner|p1a: Aerodactyl\n|-supereffective|p1a: Aerodactyl\n|-damage|p1a: Aerodactyl|35/100\n|-fieldend|move: Psychic Terrain\n|\n|upkeep\n|turn|5\n|\n|t:|1771179117\n|move|p1a: Aerodactyl|Earthquake|p2a: Iron Treads\n|-supereffective|p2a: Iron Treads\n|-damage|p2a: Iron Treads|0 fnt\n|faint|p2a: Iron Treads\n|-end|p2a: Iron Treads|Quark Drive|[silent]\n|\n|upkeep\n|\n|t:|1771179125\n|switch|p2a: Zamazenta|Zamazenta, shiny|100/100\n|-ability|p2a: Zamazenta|Dauntless Shield|boost\n|-boost|p2a: Zamazenta|def|1\n|turn|6\n|\n|t:|1771179128\n|move|p1a: Aerodactyl|Dual Wingbeat|p2a: Zamazenta|[miss]\n|-miss|p1a: Aerodactyl|p2a: Zamazenta\n|move|p2a: Zamazenta|Ice Fang|p1a: Aerodactyl\n|-supereffective|p1a: Aerodactyl\n|-damage|p1a: Aerodactyl|0 fnt\n|faint|p1a: Aerodactyl\n|detailschange|p1: Aerodactyl|Aerodactyl, F|[silent]\n|\n|upkeep\n|\n|t:|1771179137\n|switch|p1a: Iron Jugulis|Iron Jugulis, shiny|100/100\n|-enditem|p1a: Iron Jugulis|Booster Energy\n|-activate|p1a: Iron Jugulis|ability: Quark Drive|[fromitem]\n|-start|p1a: Iron Jugulis|quarkdrivespe\n|turn|7\n|\n|t:|1771179143\n|move|p1a: Iron Jugulis|Charge Beam|p2a: Zamazenta|[miss]\n|-miss|p1a: Iron Jugulis|p2a: Zamazenta\n|move|p2a: Zamazenta|Close Combat|p1a: Iron Jugulis\n|-damage|p1a: Iron Jugulis|36/100\n|-unboost|p2a: Zamazenta|def|1\n|-unboost|p2a: Zamazenta|spd|1\n|\n|upkeep\n|turn|8\n|\n|t:|1771179148\n|move|p1a: Iron Jugulis|Air Slash|p2a: Zamazenta|[miss]\n|-miss|p1a: Iron Jugulis|p2a: Zamazenta\n|move|p2a: Zamazenta|Close Combat|p1a: Iron Jugulis\n|-damage|p1a: Iron Jugulis|0 fnt\n|-unboost|p2a: Zamazenta|def|1\n|-unboost|p2a: Zamazenta|spd|1\n|faint|p1a: Iron Jugulis\n|-end|p1a: Iron Jugulis|Quark Drive|[silent]\n|\n|upkeep\n|l|☆Zoowahp\n|inactive|Zoowahp disconnected and has a minute to reconnect!\n|player|p1|\n|j|☆Zoowahp\n|inactive|Zoowahp reconnected and has 135 seconds left.\n|player|p1|Zoowahp|2|\n|c|☆Zoowahp|Getting carried fr\n|inactive|Zoowahp has 120 seconds left.\n|\n|t:|1771179186\n|switch|p1a: Great Tusk|Great Tusk|100/100\n|-damage|p1a: Great Tusk|88/100|[from] Spikes\n|turn|9\n|\n|t:|1771179191\n|switch|p2a: Moltres|Moltres|100/100\n|move|p1a: Great Tusk|Rapid Spin|p2a: Moltres\n|-damage|p2a: Moltres|80/100\n|-boost|p1a: Great Tusk|spe|1\n|-sideend|p1: Zoowahp|Spikes|[from] move: Rapid Spin|[of] p1a: Great Tusk\n|\n|upkeep\n|turn|10\n|\n|t:|1771179199\n|move|p1a: Great Tusk|Rock Slide|p2a: Moltres\n|-supereffective|p2a: Moltres\n|-damage|p2a: Moltres|0 fnt\n|faint|p2a: Moltres\n|\n|upkeep\n|\n|t:|1771179204\n|switch|p2a: Venusaur|Venusaur, F|100/100\n|turn|11\n|\n|t:|1771179209\n|-end|p1a: Great Tusk|Protosynthesis|[silent]\n|switch|p1a: Latias|Latias, F, shiny|100/100\n|detailschange|p2a: Venusaur|Venusaur-Mega, F\n|-mega|p2a: Venusaur|Venusaur|Venusaurite\n|move|p2a: Venusaur|Sludge Bomb|p1a: Latias\n|-damage|p1a: Latias|62/100\n|\n|upkeep\n|turn|12\n|\n|t:|1771179215\n|switch|p2a: eve|Tapu Lele, shiny|100/100\n|-fieldstart|move: Psychic Terrain|[from] ability: Psychic Surge|[of] p2a: eve\n|move|p1a: Latias|Mist Ball|p2a: eve\n|-resisted|p2a: eve\n|-damage|p2a: eve|66/100\n|\n|upkeep\n|turn|13\n|\n|t:|1771179226\n|move|p1a: Latias|Mist Ball|p2a: eve\n|-resisted|p2a: eve\n|-damage|p2a: eve|30/100\n|-unboost|p2a: eve|spa|1\n|move|p2a: eve|Moonblast|p1a: Latias\n|-supereffective|p1a: Latias\n|-damage|p1a: Latias|0 fnt\n|faint|p1a: Latias\n|\n|upkeep\n|\n|t:|1771179234\n|switch|p1a: Heliolisk|Heliolisk, F|100/100\n|-item|p1a: Heliolisk|Air Balloon\n|turn|14\n|\n|t:|1771179238\n|switch|p2a: Venusaur|Venusaur-Mega, F|100/100\n|move|p1a: Heliolisk|Hyper Voice|p2a: Venusaur\n|-damage|p2a: Venusaur|68/100\n|\n|upkeep\n|turn|15\n|\n|t:|1771179245\n|move|p1a: Heliolisk|Glare|p2a: Venusaur\n|-status|p2a: Venusaur|par\n|move|p2a: Venusaur|Giga Drain|p1a: Heliolisk\n|-damage|p1a: Heliolisk|52/100\n|-heal|p2a: Venusaur|85/100 par|[from] drain|[of] p1a: Heliolisk\n|-enditem|p1a: Heliolisk|Air Balloon\n|\n|upkeep\n|turn|16\n|\n|t:|1771179255\n|move|p1a: Heliolisk|Hyper Voice|p2a: Venusaur\n|-damage|p2a: Venusaur|51/100 par\n|move|p2a: Venusaur|Earth Power|p1a: Heliolisk\n|-supereffective|p1a: Heliolisk\n|-damage|p1a: Heliolisk|0 fnt\n|faint|p1a: Heliolisk\n|\n|-fieldend|move: Psychic Terrain\n|upkeep\n|\n|t:|1771179259\n|switch|p1a: Great Tusk|Great Tusk|88/100\n|turn|17\n|\n|t:|1771179261\n|move|p1a: Great Tusk|Rapid Spin|p2a: Venusaur\n|-damage|p2a: Venusaur|36/100 par\n|-boost|p1a: Great Tusk|spe|1\n|cant|p2a: Venusaur|par\n|\n|upkeep\n|turn|18\n|\n|t:|1771179265\n|move|p1a: Great Tusk|Rapid Spin|p2a: Venusaur\n|-damage|p2a: Venusaur|20/100 par\n|-boost|p1a: Great Tusk|spe|1\n|move|p2a: Venusaur|Synthesis|p2a: Venusaur\n|-heal|p2a: Venusaur|70/100 par\n|\n|upkeep\n|turn|19\n|\n|t:|1771179267\n|move|p1a: Great Tusk|Earthquake|p2a: Venusaur\n|-damage|p2a: Venusaur|25/100 par\n|move|p2a: Venusaur|Giga Drain|p1a: Great Tusk\n|-supereffective|p1a: Great Tusk\n|-damage|p1a: Great Tusk|29/100\n|-heal|p2a: Venusaur|55/100 par|[from] drain|[of] p1a: Great Tusk\n|\n|upkeep\n|turn|20\n|\n|t:|1771179271\n|move|p1a: Great Tusk|Earthquake|p2a: Venusaur\n|-damage|p2a: Venusaur|8/100 par\n|move|p2a: Venusaur|Giga Drain|p1a: Great Tusk\n|-supereffective|p1a: Great Tusk\n|-damage|p1a: Great Tusk|0 fnt\n|-heal|p2a: Venusaur|22/100 par|[from] drain|[of] p1a: Great Tusk\n|faint|p1a: Great Tusk\n|-end|p1a: Great Tusk|Protosynthesis|[silent]\n|\n|win|kownish\n|raw|Zoowahp's rating: 1610 &rarr; <strong>1591</strong><br />(-19 for losing)\n|raw|kownish's rating: 1631 &rarr; <strong>1650</strong><br />(+19 for winning)\n|l|☆kownish\n|player|p2|\n|l|☆Zoowahp\n|player|p1|\n", "uploadtime": 1771179451, "views": 7, "formatid": "gen9nationaldex", "rating": 1591, "private": 0, "password": null}