{"id": "gen9nationaldex-2540531841", "format": "[Gen 9] National Dex", "players": ["fosts", "lemmybro87"], "log": "|j|☆fosts\n|j|☆lemmybro87\n|t:|1771213948\n|gametype|singles\n|player|p1|fosts|hilbert-masters|1599\n|player|p2|lemmybro87|jasmine|1595\n|gen|9\n|tier|[Gen 9] National Dex\n|rated|\n|rule|HP Percentage Mod: HP is shown in percentages\n|rule|Endless Battle Clause: Forcing endless battles is banned\n|rule|Species Clause: Limit one of each Pokémon\n|rule|OHKO Clause: OHKO moves are banned\n|rule|Evasion Clause: Evasion abilities, items, and moves are banned\n|rule|Evasion Abilities Clause: Evasion abilities are banned\n|rule|Evasion Items Clause: Evasion items are banned\n|rule|Evasion Moves Clause: Evasion moves are banned\n|rule|Sleep Clause Mod: Limit one foe put to sleep\n|rule|Terastal Clause: You cannot Terastallize\n|clearpoke\n|poke|p1|Toxapex, F|\n|poke|p1|Ting-Lu|\n|poke|p1|Alomomola, F|\n|poke|p1|Glimmora, F|\n|poke|p1|Mew|\n|poke|p1|Gliscor, F|\n|poke|p2|Tapu Lele|\n|poke|p2|Charizard, M|\n|poke|p2|Gholdengo|\n|poke|p2|Tsareena, F|\n|poke|p2|Araquanid, M|\n|poke|p2|Iron Treads|\n|teampreview\n|inactive|Battle timer is ON: inactive players will automatically lose when time's up. (requested by fosts)\n|inactive|fosts has 120 seconds left.\n|j| happy snake year\n|\n|t:|1771213987\n|teamsize|p1|6\n|teamsize|p2|6\n|start\n|switch|p1a: Glimmora|Glimmora, F|100/100\n|switch|p2a: spider jo|Araquanid, M|100/100\n|turn|1\n|l| happy snake year\n|\n|t:|1771213995\n|move|p1a: Glimmora|Stealth Rock|p2a: spider jo\n|-sidestart|p2: lemmybro87|move: Stealth Rock\n|move|p2a: spider jo|Sticky Web|p1a: Glimmora\n|-sidestart|p1: fosts|move: Sticky Web\n|\n|upkeep\n|turn|2\n|\n|t:|1771214000\n|switch|p1a: Alomomola|Alomomola, F|100/100\n|-activate|p1a: Alomomola|move: Sticky Web\n|-unboost|p1a: Alomomola|spe|1\n|switch|p2a: gold string|Gholdengo|100/100\n|-damage|p2a: gold string|94/100|[from] Stealth Rock\n|-item|p2a: gold string|Air Balloon\n|\n|upkeep\n|turn|3\n|\n|t:|1771214009\n|move|p2a: gold string|Nasty Plot|p2a: gold string\n|-boost|p2a: gold string|spa|2\n|move|p1a: Alomomola|Flip Turn|p2a: gold string\n|-damage|p2a: gold string|79/100\n|-enditem|p2a: gold string|Air Balloon\n|\n|t:|1771214017\n|switch|p1a: Glimmora|Glimmora, F|100/100|[from] Flip Turn\n|-activate|p1a: Glimmora|move: Sticky Web\n|-unboost|p1a: Glimmora|spe|1\n|\n|upkeep\n|turn|4\n|\n|t:|1771214020\n|move|p2a: gold string|Shadow Ball|p1a: Glimmora\n|-crit|p1a: Glimmora\n|-enditem|p1a: Glimmora|Focus Sash\n|-damage|p1a: Glimmora|1/100\n|move|p1a: Glimmora|Earth Power|p2a: gold string\n|-supereffective|p2a: gold string\n|-damage|p2a: gold string|21/100\n|\n|upkeep\n|turn|5\n|\n|t:|1771214029\n|move|p2a: gold string|Shadow Ball|p1a: Glimmora\n|-damage|p1a: Glimmora|0 fnt\n|faint|p1a: Glimmora\n|\n|upkeep\n|\n|t:|1771214031\n|switch|p1a: Ting-Lu|Ting-Lu|100/100\n|-activate|p1a: Ting-Lu|move: Sticky Web\n|-unboost|p1a: Ting-Lu|spe|1\n|-ability|p1a: Ting-Lu|Vessel of Ruin\n|turn|6\n|\n|t:|1771214033\n|move|p2a: gold string|Make It Rain|p1a: Ting-Lu\n|-damage|p1a: Ting-Lu|56/100\n|-unboost|p2a: gold string|spa|1\n|move|p1a: Ting-Lu|Earthquake|p2a: gold string\n|-supereffective|p2a: gold string\n|-damage|p2a: gold string|0 fnt\n|faint|p2a: gold string\n|\n|upkeep\n|\n|t:|1771214037\n|switch|p2a: rumba|Iron Treads|100/100\n|-damage|p2a: rumba|97/100|[from] Stealth Rock\n|-item|p2a: rumba|Air Balloon\n|turn|7\n|\n|t:|1771214041\n|switch|p1a: Gliscor|Gliscor, F|100/100\n|move|p2a: rumba|Rapid Spin|p1a: Gliscor\n|-damage|p1a: Gliscor|91/100\n|-boost|p2a: rumba|spe|1\n|-sideend|p2: lemmybro87|Stealth Rock|[from] move: Rapid Spin|[of] p2a: rumba\n|\n|-status|p1a: Gliscor|tox|[from] item: Toxic Orb\n|upkeep\n|turn|8\n|\n|t:|1771214045\n|move|p2a: rumba|Ice Spinner|p1a: Gliscor\n|-supereffective|p1a: Gliscor\n|-damage|p1a: Gliscor|34/100 tox\n|move|p1a: Gliscor|Defog|p2a: rumba\n|-unboost|p2a: rumba|evasion|1\n|-sideend|p1: fosts|Sticky Web|[from] move: Defog|[of] p1a: Gliscor\n|\n|-heal|p1a: Gliscor|47/100 tox|[from] ability: Poison Heal\n|upkeep\n|turn|9\n|\n|t:|1771214049\n|move|p1a: Gliscor|Protect|p1a: Gliscor\n|-singleturn|p1a: Gliscor|Protect\n|move|p2a: rumba|Ice Spinner|p1a: Gliscor\n|-activate|p1a: Gliscor|move: Protect\n|\n|-heal|p1a: Gliscor|59/100 tox|[from] ability: Poison Heal\n|upkeep\n|turn|10\n|\n|t:|1771214054\n|switch|p1a: Alomomola|Alomomola, F|100/100\n|move|p2a: rumba|Ice Spinner|p1a: Alomomola\n|-resisted|p1a: Alomomola\n|-damage|p1a: Alomomola|93/100\n|\n|-heal|p1a: Alomomola|99/100|[from] item: Leftovers\n|upkeep\n|turn|11\n|\n|t:|1771214058\n|move|p2a: rumba|Supercell Slam|p1a: Alomomola\n|-supereffective|p1a: Alomomola\n|-damage|p1a: Alomomola|63/100\n|move|p1a: Alomomola|Flip Turn|p2a: rumba\n|-supereffective|p2a: rumba\n|-damage|p2a: rumba|69/100\n|-enditem|p2a: rumba|Air Balloon\n|\n|t:|1771214064\n|switch|p1a: Mew|Mew|100/100|[from] Flip Turn\n|\n|upkeep\n|turn|12\n|\n|t:|1771214066\n|move|p2a: rumba|Earthquake|p1a: Mew\n|-damage|p1a: Mew|69/100\n|move|p1a: Mew|Cosmic Power|p1a: Mew\n|-boost|p1a: Mew|def|1\n|-boost|p1a: Mew|spd|1\n|\n|-heal|p1a: Mew|75/100|[from] item: Leftovers\n|upkeep\n|turn|13\n|\n|t:|1771214070\n|move|p2a: rumba|Earthquake|p1a: Mew\n|-damage|p1a: Mew|54/100\n|move|p1a: Mew|Cosmic Power|p1a: Mew\n|-boost|p1a: Mew|def|1\n|-boost|p1a: Mew|spd|1\n|\n|-heal|p1a: Mew|60/100|[from] item: Leftovers\n|upkeep\n|turn|14\n|\n|t:|1771214075\n|-end|p2a: rumba|Quark Drive|[silent]\n|switch|p2a: spider jo|Araquanid, M|100/100\n|move|p1a: Mew|Cosmic Power|p1a: Mew\n|-boost|p1a: Mew|def|1\n|-boost|p1a: Mew|spd|1\n|\n|-heal|p1a: Mew|66/100|[from] item: Leftovers\n|upkeep\n|turn|15\n|\n|t:|1771214079\n|move|p1a: Mew|Cosmic Power|p1a: Mew\n|-boost|p1a: Mew|def|1\n|-boost|p1a: Mew|spd|1\n|move|p2a: spider jo|Sticky Web|p1a: Mew\n|-sidestart|p1: fosts|move: Sticky Web\n|\n|-heal|p1a: Mew|72/100|[from] item: Leftovers\n|upkeep\n|turn|16\n|\n|t:|1771214084\n|move|p1a: Mew|Cosmic Power|p1a: Mew\n|-boost|p1a: Mew|def|1\n|-boost|p1a: Mew|spd|1\n|move|p2a: spider jo|Surf|p1a: Mew\n|-damage|p1a: Mew|60/100\n|\n|-heal|p1a: Mew|66/100|[from] item: Leftovers\n|upkeep\n|turn|17\n|\n|t:|1771214087\n|move|p1a: Mew|Cosmic Power|p1a: Mew\n|-boost|p1a: Mew|def|1\n|-boost|p1a: Mew|spd|1\n|move|p2a: spider jo|Surf|p1a: Mew\n|-damage|p1a: Mew|56/100\n|\n|-heal|p1a: Mew|62/100|[from] item: Leftovers\n|upkeep\n|turn|18\n|\n|t:|1771214089\n|move|p1a: Mew|Body Press|p2a: spider jo\n|-resisted|p2a: spider jo\n|-damage|p2a: spider jo|51/100\n|move|p2a: spider jo|Surf|p1a: Mew\n|-damage|p1a: Mew|51/100\n|\n|-heal|p1a: Mew|57/100|[from] item: Leftovers\n|upkeep\n|turn|19\n|\n|t:|1771214095\n|move|p1a: Mew|Body Press|p2a: spider jo\n|-resisted|p2a: spider jo\n|-damage|p2a: spider jo|7/100\n|move|p2a: spider jo|Endeavor|p1a: Mew\n|-damage|p1a: Mew|6/100\n|\n|-heal|p1a: Mew|12/100|[from] item: Leftovers\n|upkeep\n|turn|20\n|-enditem|p2a: spider jo|Custap Berry|[eat]\n|-activate|p2a: spider jo|item: Custap Berry|[consumed]\n|\n|t:|1771214099\n|move|p2a: spider jo|Surf|p1a: Mew\n|-damage|p1a: Mew|1/100\n|move|p1a: Mew|Soft-Boiled|p1a: Mew\n|-heal|p1a: Mew|51/100\n|\n|-heal|p1a: Mew|57/100|[from] item: Leftovers\n|upkeep\n|turn|21\n|\n|t:|1771214104\n|move|p1a: Mew|Body Press|p2a: spider jo\n|-resisted|p2a: spider jo\n|-damage|p2a: spider jo|0 fnt\n|faint|p2a: spider jo\n|\n|-heal|p1a: Mew|63/100|[from] item: Leftovers\n|upkeep\n|\n|t:|1771214107\n|switch|p2a: Charizard|Charizard, M|100/100\n|turn|22\n|c|☆fosts|nice attempt\n|\n|t:|1771214111\n|detailschange|p2a: Charizard|Charizard-Mega-X, M\n|-mega|p2a: Charizard|Charizard|Charizardite X\n|move|p2a: Charizard|Dragon Dance|p2a: Charizard\n|-boost|p2a: Charizard|atk|1\n|-boost|p2a: Charizard|spe|1\n|move|p1a: Mew|Soft-Boiled|p1a: Mew\n|-heal|p1a: Mew|100/100\n|\n|upkeep\n|turn|23\n|\n|t:|1771214115\n|move|p2a: Charizard|Fire Punch|p1a: Mew\n|-damage|p1a: Mew|85/100\n|move|p1a: Mew|Body Press|p2a: Charizard\n|-damage|p2a: Charizard|6/100\n|\n|-heal|p1a: Mew|92/100|[from] item: Leftovers\n|upkeep\n|turn|24\n|\n|t:|1771214118\n|move|p2a: Charizard|Dragon Claw|p1a: Mew\n|-damage|p1a: Mew|76/100\n|move|p1a: Mew|Body Press|p2a: Charizard\n|-damage|p2a: Charizard|0 fnt\n|faint|p2a: Charizard\n|detailschange|p2: Charizard|Charizard, M|[silent]\n|\n|-heal|p1a: Mew|82/100|[from] item: Leftovers\n|upkeep\n|\n|t:|1771214124\n|switch|p2a: spirit|Tapu Lele|100/100\n|-fieldstart|move: Psychic Terrain|[from] ability: Psychic Surge|[of] p2a: spirit\n|turn|25\n|\n|t:|1771214126\n|move|p2a: spirit|Psyshock|p1a: Mew\n|-resisted|p1a: Mew\n|-crit|p1a: Mew\n|-damage|p1a: Mew|47/100\n|-damage|p2a: spirit|91/100|[from] item: Life Orb\n|move|p1a: Mew|Body Press|p2a: spirit\n|-resisted|p2a: spirit\n|-damage|p2a: spirit|54/100\n|\n|-heal|p1a: Mew|53/100|[from] item: Leftovers\n|upkeep\n|turn|26\n|\n|t:|1771214129\n|move|p2a: spirit|Psyshock|p1a: Mew\n|-resisted|p1a: Mew\n|-damage|p1a: Mew|47/100\n|-damage|p2a: spirit|44/100|[from] item: Life Orb\n|move|p1a: Mew|Soft-Boiled|p1a: Mew\n|-heal|p1a: Mew|97/100\n|\n|-heal|p1a: Mew|100/100|[from] item: Leftovers\n|upkeep\n|turn|27\n|\n|t:|1771214132\n|move|p2a: spirit|Psyshock|p1a: Mew\n|-resisted|p1a: Mew\n|-damage|p1a: Mew|95/100\n|-damage|p2a: spirit|34/100|[from] item: Life Orb\n|move|p1a: Mew|Body Press|p2a: spirit\n|-resisted|p2a: spirit\n|-damage|p2a: spirit|0 fnt\n|faint|p2a: spirit\n|\n|-heal|p1a: Mew|100/100|[from] item: Leftovers\n|upkeep\n|\n|t:|1771214135\n|switch|p2a: rumba|Iron Treads|69/100\n|turn|28\n|\n|t:|1771214139\n|move|p2a: rumba|Earthquake|p1a: Mew\n|-damage|p1a: Mew|92/100\n|move|p1a: Mew|Body Press|p2a: rumba\n|-supereffective|p2a: rumba\n|-damage|p2a: rumba|0 fnt\n|faint|p2a: rumba\n|-end|p2a: rumba|Quark Drive|[silent]\n|\n|-heal|p1a: Mew|98/100|[from] item: Leftovers\n|upkeep\n|-message|lemmybro87 forfeited.\n|\n|win|fosts\n|raw|fosts's rating: 1599 &rarr; <strong>1619</strong><br />(+20 for winning)\n|raw|lemmybro87's rating: 1595 &rarr; <strong>1575</strong><br />(-20 for losing)\n|l|☆lemmybro87\n|player|p2|\n|l|☆fosts\n|player|p1|\n", "uploadtime": 1771214292, "views": 7, "formatid": "gen9nationaldex", "rating": 1575, "private": 0, "password": null}