{"id": "gen9nationaldex-2540792971", "format": "[Gen 9] National Dex", "players": ["Fugos", "riderzitto5"], "log": "|j|☆Fugos\n|j|☆riderzitto5\n|t:|1771254591\n|gametype|singles\n|player|p1|Fugos|engineer-gen3|1657\n|player|p2|riderzitto5|petrel|1732\n|gen|9\n|tier|[Gen 9] National Dex\n|rated|\n|rule|HP Percentage Mod: HP is shown in percentages\n|rule|Endless Battle Clause: Forcing endless battles is banned\n|rule|Species Clause: Limit one of each Pokémon\n|rule|OHKO Clause: OHKO moves are banned\n|rule|Evasion Clause: Evasion abilities, items, and moves are banned\n|rule|Evasion Abilities Clause: Evasion abilities are banned\n|rule|Evasion Items Clause: Evasion items are banned\n|rule|Evasion Moves Clause: Evasion moves are banned\n|rule|Sleep Clause Mod: Limit one foe put to sleep\n|rule|Terastal Clause: You cannot Terastallize\n|clearpoke\n|poke|p1|Cyclizar, M|\n|poke|p1|Ditto|\n|poke|p1|Dubwool, F|\n|poke|p1|Pidgeot, M|\n|poke|p1|Dunsparce, F|\n|poke|p1|Arboliva, M|\n|poke|p2|Chansey, F|\n|poke|p2|Toxapex, F|\n|poke|p2|Corviknight, F|\n|poke|p2|Clodsire, M|\n|poke|p2|Dondozo, M|\n|poke|p2|Sableye, F|\n|teampreview\n|\n|t:|1771254608\n|teamsize|p1|6\n|teamsize|p2|6\n|start\n|switch|p1a: Dunsparce|Dunsparce, F|100/100\n|switch|p2a: Timid|Sableye, F, shiny|100/100\n|turn|1\n|inactive|Battle timer is ON: inactive players will automatically lose when time's up. (requested by Fugos)\n|\n|t:|1771254613\n|detailschange|p2a: Timid|Sableye-Mega, F, shiny\n|-mega|p2a: Timid|Sableye|Sablenite\n|move|p1a: Dunsparce|Ice Beam|p2a: Timid\n|-damage|p2a: Timid|86/100\n|move|p2a: Timid|Knock Off|p1a: Dunsparce\n|-damage|p1a: Dunsparce|78/100\n|-enditem|p1a: Dunsparce|Eviolite|[from] move: Knock Off|[of] p2a: Timid\n|\n|upkeep\n|turn|2\n|\n|t:|1771254622\n|switch|p2a: EggChan|Chansey, F, shiny|100/100\n|move|p1a: Dunsparce|Ice Beam|p2a: EggChan\n|-damage|p2a: EggChan|96/100\n|\n|upkeep\n|turn|3\n|\n|t:|1771254626\n|move|p2a: EggChan|Toxic|p1a: Dunsparce\n|-status|p1a: Dunsparce|tox\n|move|p1a: Dunsparce|Stealth Rock|p2a: EggChan\n|-sidestart|p2: riderzitto5|move: Stealth Rock\n|\n|-damage|p1a: Dunsparce|72/100 tox|[from] psn\n|upkeep\n|turn|4\n|\n|t:|1771254633\n|switch|p2a: Your BF|Corviknight, F|100/100\n|-damage|p2a: Your BF|88/100|[from] Stealth Rock\n|-ability|p2a: Your BF|Pressure\n|switch|p1a: Cyclizar|Cyclizar, M|100/100\n|\n|upkeep\n|turn|5\n|\n|t:|1771254641\n|move|p1a: Cyclizar|Knock Off|p2a: Your BF\n|-damage|p2a: Your BF|74/100\n|-damage|p1a: Cyclizar|84/100|[from] item: Rocky Helmet|[of] p2a: Your BF\n|-enditem|p2a: Your BF|Rocky Helmet|[from] move: Knock Off|[of] p1a: Cyclizar\n|move|p2a: Your BF|Defog|p1a: Cyclizar\n|-unboost|p1a: Cyclizar|evasion|1\n|-sideend|p2: riderzitto5|Stealth Rock|[from] move: Defog|[of] p2a: Your BF\n|\n|upkeep\n|turn|6\n|\n|t:|1771254648\n|move|p1a: Cyclizar|U-turn|p2a: Your BF\n|-resisted|p2a: Your BF\n|-damage|p2a: Your BF|72/100\n|\n|t:|1771254653\n|switch|p1a: Dubwool|Dubwool, F|100/100|[from] U-turn\n|move|p2a: Your BF|Roost|p2a: Your BF\n|-heal|p2a: Your BF|100/100\n|-singleturn|p2a: Your BF|move: Roost\n|\n|upkeep\n|turn|7\n|c|☆riderzitto5|Best Normal Monoteam I have ever seen\n|\n|t:|1771254672\n|switch|p1a: Cyclizar|Cyclizar, M|100/100\n|move|p2a: Your BF|Iron Defense|p2a: Your BF\n|-boost|p2a: Your BF|def|2\n|\n|upkeep\n|turn|8\n|\n|t:|1771254678\n|move|p1a: Cyclizar|U-turn|p2a: Your BF\n|-resisted|p2a: Your BF\n|-damage|p2a: Your BF|99/100\n|\n|t:|1771254681\n|switch|p1a: Dubwool|Dubwool, F|100/100|[from] U-turn\n|move|p2a: Your BF|Body Press|p1a: Dubwool\n|-supereffective|p1a: Dubwool\n|-damage|p1a: Dubwool|63/100\n|\n|-heal|p1a: Dubwool|69/100|[from] item: Leftovers\n|upkeep\n|turn|9\n|\n|t:|1771254691\n|move|p1a: Dubwool|Cotton Guard|p1a: Dubwool\n|-boost|p1a: Dubwool|def|3\n|move|p2a: Your BF|Body Press|p1a: Dubwool\n|-supereffective|p1a: Dubwool\n|-damage|p1a: Dubwool|55/100\n|\n|-heal|p1a: Dubwool|61/100|[from] item: Leftovers\n|upkeep\n|turn|10\n|\n|t:|1771254697\n|switch|p2a: Fish|Dondozo, M, shiny|100/100\n|move|p1a: Dubwool|Cotton Guard|p1a: Dubwool\n|-boost|p1a: Dubwool|def|3\n|\n|-heal|p1a: Dubwool|67/100|[from] item: Leftovers\n|upkeep\n|turn|11\n|c|☆riderzitto5|!dt dubwool\n|c|☆riderzitto5|/raw <div class=\"message\"><ul class=\"utilichart\"><li class=\"result\"><span class=\"col numcol\">RU</span> <span class=\"col iconcol\"><psicon pokemon=\"dubwool\"/></span> <span class=\"col pokemonnamecol\" style=\"white-space:nowrap\"><a href=\"https://dex.pokemonshowdown.com/pokemon/dubwool\" target=\"_blank\">Dubwool</a></span> <span class=\"col typecol\"><img src=\"https://play.pokemonshowdown.com/sprites/types/Normal.png\" alt=\"Normal\" height=\"14\" width=\"32\"></span> <span style=\"float:left;min-height:26px\"><span class=\"col twoabilitycol\">Fluffy<br />Steadfast</span><span class=\"col abilitycol\"><em>Bulletproof</em></span></span><span style=\"float:left;min-height:26px\"><span class=\"col statcol\"><em>HP</em><br />72</span> <span class=\"col statcol\"><em>Atk</em><br />80</span> <span class=\"col statcol\"><em>Def</em><br />100</span> <span class=\"col statcol\"><em>SpA</em><br />60</span> <span class=\"col statcol\"><em>SpD</em><br />90</span> <span class=\"col statcol\"><em>Spe</em><br />88</span> <span class=\"col bstcol\"><em>BST<br />490</em></span> </span></li><li style=\"clear:both\"></li></ul></div>\n|c|☆riderzitto5|/raw <font size=\"1\"><font color=\"#686868\">Dex#:</font> 832&nbsp;|&ThickSpace;<font color=\"#686868\">Gen:</font> 8&nbsp;|&ThickSpace;<font color=\"#686868\">Height:</font> 1.3 m&nbsp;|&ThickSpace;<font color=\"#686868\">Weight:</font> 43 kg <em>(60 BP)</em>&nbsp;|&ThickSpace;<font color=\"#686868\">Dex Colour:</font> White&nbsp;|&ThickSpace;<font color=\"#686868\">Egg Group(s):</font> Field&nbsp;|&ThickSpace;<font color=\"#686868\">Pre-Evolution:</font> Wooloo&nbsp;|&ThickSpace;<font color=\"#686868\">Does Not Evolve</font></font>\n\n|\n|t:|1771254717\n|move|p1a: Dubwool|Body Press|p2a: Fish\n|-damage|p2a: Fish|89/100\n|move|p2a: Fish|Curse|p2a: Fish\n|-unboost|p2a: Fish|spe|1\n|-boost|p2a: Fish|atk|1\n|-boost|p2a: Fish|def|1\n|\n|-heal|p1a: Dubwool|73/100|[from] item: Leftovers\n|-heal|p2a: Fish|96/100|[from] item: Leftovers\n|upkeep\n|turn|12\n|\n|t:|1771254732\n|move|p1a: Dubwool|Body Press|p2a: Fish\n|-damage|p2a: Fish|87/100\n|move|p2a: Fish|Waterfall|p1a: Dubwool\n|-damage|p1a: Dubwool|58/100\n|\n|-heal|p1a: Dubwool|64/100|[from] item: Leftovers\n|-heal|p2a: Fish|94/100|[from] item: Leftovers\n|upkeep\n|turn|13\n|\n|t:|1771254738\n|switch|p1a: Arboliva|Arboliva, M, shiny|100/100\n|move|p2a: Fish|Waterfall|p1a: Arboliva\n|-resisted|p1a: Arboliva\n|-damage|p1a: Arboliva|75/100\n|\n|-heal|p2a: Fish|99/100|[from] item: Leftovers\n|upkeep\n|turn|14\n|\n|t:|1771254747\n|switch|p2a: EggChan|Chansey, F, shiny|96/100\n|move|p1a: Arboliva|Earth Power|p2a: EggChan\n|-damage|p2a: EggChan|89/100\n|\n|upkeep\n|turn|15\n|\n|t:|1771254760\n|switch|p1a: Cyclizar|Cyclizar, M|100/100\n|move|p2a: EggChan|Toxic|p1a: Cyclizar|[miss]\n|-miss|p2a: EggChan|p1a: Cyclizar\n|\n|upkeep\n|turn|16\n|\n|t:|1771254769\n|switch|p2a: Your BF|Corviknight, F|99/100\n|-ability|p2a: Your BF|Pressure\n|move|p1a: Cyclizar|Knock Off|p2a: Your BF\n|-damage|p2a: Your BF|90/100\n|\n|upkeep\n|turn|17\n|\n|t:|1771254778\n|move|p1a: Cyclizar|U-turn|p2a: Your BF\n|-resisted|p2a: Your BF\n|-damage|p2a: Your BF|88/100\n|\n|t:|1771254781\n|switch|p1a: Pidgeot|Pidgeot, M|100/100|[from] U-turn\n|move|p2a: Your BF|Body Press|p1a: Pidgeot\n|-damage|p1a: Pidgeot|61/100\n|\n|upkeep\n|turn|18\n|\n|t:|1771254788\n|switch|p2a: EggChan|Chansey, F, shiny|89/100\n|detailschange|p1a: Pidgeot|Pidgeot-Mega, M\n|-mega|p1a: Pidgeot|Pidgeot|Pidgeotite\n|move|p1a: Pidgeot|Hurricane|p2a: EggChan\n|-damage|p2a: EggChan|71/100\n|\n|upkeep\n|turn|19\n|\n|t:|1771254797\n|move|p1a: Pidgeot|U-turn|p2a: EggChan\n|-damage|p2a: EggChan|63/100\n|\n|t:|1771254805\n|switch|p1a: Ditto|Ditto|100/100|[from] U-turn\n|-transform|p1a: Ditto|p2a: EggChan|[from] ability: Imposter\n|move|p2a: EggChan|Toxic|p1a: Ditto\n|-status|p1a: Ditto|tox\n|\n|-damage|p1a: Ditto|94/100 tox|[from] psn\n|upkeep\n|turn|20\n|\n|t:|1771254819\n|-curestatus|p1a: Ditto|tox|[from] ability: Natural Cure\n|switch|p1a: Dunsparce|Dunsparce, F|72/100 tox\n|move|p2a: EggChan|Soft-Boiled|p2a: EggChan\n|-heal|p2a: EggChan|100/100\n|\n|-damage|p1a: Dunsparce|66/100 tox|[from] psn\n|upkeep\n|turn|21\n|\n|t:|1771254828\n|switch|p2a: Timid|Sableye-Mega, F, shiny|86/100\n|move|p1a: Dunsparce|Ice Beam|p2a: Timid\n|-damage|p2a: Timid|72/100\n|\n|-damage|p1a: Dunsparce|53/100 tox|[from] psn\n|upkeep\n|turn|22\n|\n|t:|1771254835\n|move|p1a: Dunsparce|Roost|p1a: Dunsparce\n|-heal|p1a: Dunsparce|100/100 tox\n|-singleturn|p1a: Dunsparce|move: Roost\n|move|p2a: Timid|Knock Off|p1a: Dunsparce\n|-damage|p1a: Dunsparce|79/100 tox\n|\n|-damage|p1a: Dunsparce|60/100 tox|[from] psn\n|upkeep\n|turn|23\n|\n|t:|1771254841\n|switch|p1a: Cyclizar|Cyclizar, M|100/100\n|move|p2a: Timid|Knock Off|p1a: Cyclizar\n|-damage|p1a: Cyclizar|60/100\n|-enditem|p1a: Cyclizar|Assault Vest|[from] move: Knock Off|[of] p2a: Timid\n|\n|upkeep\n|turn|24\n|\n|t:|1771254848\n|move|p1a: Cyclizar|U-turn|p2a: Timid\n|-damage|p2a: Timid|61/100\n|\n|t:|1771254855\n|switch|p1a: Pidgeot|Pidgeot-Mega, M|61/100|[from] U-turn\n|move|p2a: Timid|Knock Off|p1a: Pidgeot\n|-damage|p1a: Pidgeot|34/100\n|\n|upkeep\n|turn|25\n|\n|t:|1771254864\n|switch|p2a: EggChan|Chansey, F, shiny|100/100\n|move|p1a: Pidgeot|Hurricane|p2a: EggChan\n|-damage|p2a: EggChan|85/100\n|-start|p2a: EggChan|confusion\n|\n|upkeep\n|turn|26\n|\n|t:|1771254871\n|switch|p2a: hehhehe|Clodsire, M, shiny|100/100\n|move|p1a: Pidgeot|U-turn|p2a: hehhehe\n|-resisted|p2a: hehhehe\n|-damage|p2a: hehhehe|94/100\n|\n|t:|1771254878\n|switch|p1a: Ditto|Ditto|94/100|[from] U-turn\n|-transform|p1a: Ditto|p2a: hehhehe|[from] ability: Imposter\n|\n|-heal|p2a: hehhehe|100/100|[from] item: Black Sludge\n|upkeep\n|turn|27\n|\n|t:|1771254896\n|switch|p2a: Your BF|Corviknight, F|88/100\n|-ability|p2a: Your BF|Pressure\n|move|p1a: Ditto|Earthquake|p2a: Your BF\n|-immune|p2a: Your BF\n|\n|upkeep\n|turn|28\n|\n|t:|1771254910\n|move|p2a: Your BF|Body Press|p1a: Ditto\n|-resisted|p1a: Ditto\n|-damage|p1a: Ditto|71/100\n|move|p1a: Ditto|Earthquake|p2a: Your BF\n|-immune|p2a: Your BF\n|\n|upkeep\n|turn|29\n|\n|t:|1771254917\n|switch|p1a: Dubwool|Dubwool, F|64/100\n|move|p2a: Your BF|Iron Defense|p2a: Your BF\n|-boost|p2a: Your BF|def|2\n|\n|-heal|p1a: Dubwool|70/100|[from] item: Leftovers\n|upkeep\n|turn|30\n|\n|t:|1771254923\n|move|p1a: Dubwool|Cotton Guard|p1a: Dubwool\n|-boost|p1a: Dubwool|def|3\n|move|p2a: Your BF|Body Press|p1a: Dubwool\n|-supereffective|p1a: Dubwool\n|-damage|p1a: Dubwool|55/100\n|\n|-heal|p1a: Dubwool|61/100|[from] item: Leftovers\n|upkeep\n|turn|31\n|\n|t:|1771254933\n|switch|p2a: ThePex|Toxapex, F, shiny|100/100\n|move|p1a: Dubwool|Body Press|p2a: ThePex\n|-resisted|p2a: ThePex\n|-damage|p2a: ThePex|82/100\n|\n|-heal|p1a: Dubwool|67/100|[from] item: Leftovers\n|-heal|p2a: ThePex|88/100|[from] item: Black Sludge\n|upkeep\n|turn|32\n|\n|t:|1771254943\n|switch|p1a: Ditto|Ditto|71/100\n|-transform|p1a: Ditto|p2a: ThePex|[from] ability: Imposter\n|move|p2a: ThePex|Toxic|p1a: Ditto\n|-immune|p1a: Ditto\n|\n|-heal|p2a: ThePex|94/100|[from] item: Black Sludge\n|upkeep\n|turn|33\n|\n|t:|1771254952\n|switch|p2a: EggChan|Chansey, F, shiny|85/100\n|move|p1a: Ditto|Scald|p2a: EggChan\n|-damage|p2a: EggChan|81/100\n|\n|upkeep\n|turn|34\n|\n|t:|1771254970\n|switch|p1a: Dubwool|Dubwool, F|67/100\n|move|p2a: EggChan|Seismic Toss|p1a: Dubwool\n|-damage|p1a: Dubwool|39/100\n|\n|-heal|p1a: Dubwool|45/100|[from] item: Leftovers\n|upkeep\n|turn|35\n|\n|t:|1771254983\n|switch|p2a: ThePex|Toxapex, F, shiny|100/100\n|move|p1a: Dubwool|Body Press|p2a: ThePex\n|-resisted|p2a: ThePex\n|-damage|p2a: ThePex|93/100\n|\n|-heal|p1a: Dubwool|51/100|[from] item: Leftovers\n|-heal|p2a: ThePex|99/100|[from] item: Black Sludge\n|upkeep\n|turn|36\n|\n|t:|1771254995\n|switch|p1a: Ditto|Ditto|100/100\n|-transform|p1a: Ditto|p2a: ThePex|[from] ability: Imposter\n|move|p2a: ThePex|Toxic|p1a: Ditto\n|-immune|p1a: Ditto\n|\n|-heal|p2a: ThePex|100/100|[from] item: Black Sludge\n|upkeep\n|turn|37\n|\n|t:|1771255003\n|switch|p2a: EggChan|Chansey, F, shiny|81/100\n|move|p1a: Ditto|Scald|p2a: EggChan\n|-damage|p2a: EggChan|76/100\n|\n|upkeep\n|turn|38\n|\n|t:|1771255008\n|switch|p1a: Dubwool|Dubwool, F|51/100\n|move|p2a: EggChan|Seismic Toss|p1a: Dubwool\n|-damage|p1a: Dubwool|22/100\n|\n|-heal|p1a: Dubwool|28/100|[from] item: Leftovers\n|upkeep\n|turn|39\n|\n|t:|1771255014\n|switch|p2a: ThePex|Toxapex, F, shiny|100/100\n|move|p1a: Dubwool|Rest|p1a: Dubwool\n|-status|p1a: Dubwool|slp|[from] move: Rest\n|-heal|p1a: Dubwool|100/100 slp|[silent]\n|\n|upkeep\n|turn|40\n|\n|t:|1771255022\n|switch|p2a: Timid|Sableye-Mega, F, shiny|61/100\n|cant|p1a: Dubwool|slp\n|move|p1a: Dubwool|Sleep Talk|p1a: Dubwool\n|move|p1a: Dubwool|Rest||[from] move: Sleep Talk|[still]\n|-fail|p1a: Dubwool\n|\n|upkeep\n|turn|41\n|\n|t:|1771255030\n|switch|p1a: Ditto|Ditto|100/100\n|-transform|p1a: Ditto|p2a: Timid|[from] ability: Imposter\n|move|p2a: Timid|Knock Off|p1a: Ditto\n|-damage|p1a: Ditto|80/100\n|-enditem|p1a: Ditto|Choice Scarf|[from] move: Knock Off|[of] p2a: Timid\n|\n|upkeep\n|turn|42\n|\n|t:|1771255041\n|move|p2a: Timid|Recover|p2a: Timid\n|-heal|p2a: Timid|100/100\n|move|p1a: Ditto|Knock Off|p2a: Timid\n|-damage|p2a: Timid|87/100\n|\n|upkeep\n|turn|43\n|\n|t:|1771255048\n|move|p2a: Timid|Knock Off|p1a: Ditto\n|-damage|p1a: Ditto|66/100\n|move|p1a: Ditto|Knock Off|p2a: Timid\n|-damage|p2a: Timid|73/100\n|\n|upkeep\n|turn|44\n|\n|t:|1771255052\n|move|p2a: Timid|Knock Off|p1a: Ditto\n|-damage|p1a: Ditto|52/100\n|move|p1a: Ditto|Recover|p1a: Ditto\n|-heal|p1a: Ditto|100/100\n|\n|upkeep\n|turn|45\n|\n|t:|1771255055\n|move|p2a: Timid|Knock Off|p1a: Ditto\n|-damage|p1a: Ditto|87/100\n|move|p1a: Ditto|Knock Off|p2a: Timid\n|-damage|p2a: Timid|60/100\n|\n|upkeep\n|turn|46\n|\n|t:|1771255061\n|move|p1a: Ditto|Protect|p1a: Ditto\n|-singleturn|p1a: Ditto|Protect\n|move|p2a: Timid|Knock Off|p1a: Ditto\n|-activate|p1a: Ditto|move: Protect\n|\n|upkeep\n|turn|47\n|\n|t:|1771255063\n|switch|p2a: Your BF|Corviknight, F|88/100\n|-ability|p2a: Your BF|Pressure\n|move|p1a: Ditto|Knock Off|p2a: Your BF\n|-damage|p2a: Your BF|76/100\n|\n|upkeep\n|turn|48\n|\n|t:|1771255072\n|switch|p2a: Timid|Sableye-Mega, F, shiny|60/100\n|move|p1a: Ditto|Protect||[still]\n|-fail|p1a: Ditto\n|\n|upkeep\n|turn|49\n|\n|t:|1771255080\n|move|p1a: Ditto|Recover|p1a: Ditto\n|-heal|p1a: Ditto|100/100\n|move|p2a: Timid|Knock Off|p1a: Ditto\n|-damage|p1a: Ditto|87/100\n|\n|upkeep\n|turn|50\n|\n|t:|1771255085\n|move|p1a: Ditto|Protect|p1a: Ditto\n|-singleturn|p1a: Ditto|Protect\n|move|p2a: Timid|Recover|p2a: Timid\n|-heal|p2a: Timid|100/100\n|\n|upkeep\n|turn|51\n|\n|t:|1771255095\n|switch|p2a: Your BF|Corviknight, F|76/100\n|-ability|p2a: Your BF|Pressure\n|move|p1a: Ditto|Recover|p1a: Ditto\n|-heal|p1a: Ditto|100/100\n|\n|upkeep\n|turn|52\n|\n|t:|1771255103\n|switch|p2a: Timid|Sableye-Mega, F, shiny|100/100\n|move|p1a: Ditto|Protect||[still]\n|-fail|p1a: Ditto\n|\n|upkeep\n|turn|53\n|\n|t:|1771255117\n|switch|p1a: Dunsparce|Dunsparce, F|60/100 tox\n|move|p2a: Timid|Knock Off|p1a: Dunsparce\n|-damage|p1a: Dunsparce|40/100 tox\n|\n|-damage|p1a: Dunsparce|34/100 tox|[from] psn\n|upkeep\n|turn|54\n|\n|t:|1771255124\n|move|p1a: Dunsparce|Roost|p1a: Dunsparce\n|-heal|p1a: Dunsparce|84/100 tox\n|-singleturn|p1a: Dunsparce|move: Roost\n|move|p2a: Timid|Knock Off|p1a: Dunsparce\n|-damage|p1a: Dunsparce|60/100 tox\n|\n|-damage|p1a: Dunsparce|48/100 tox|[from] psn\n|upkeep\n|turn|55\n|\n|t:|1771255129\n|switch|p1a: Ditto|Ditto|100/100\n|-transform|p1a: Ditto|p2a: Timid|[from] ability: Imposter\n|move|p2a: Timid|Knock Off|p1a: Ditto\n|-damage|p1a: Ditto|87/100\n|\n|upkeep\n|turn|56\n|\n|t:|1771255145\n|switch|p2a: Your BF|Corviknight, F|76/100\n|-ability|p2a: Your BF|Pressure\n|move|p1a: Ditto|Knock Off|p2a: Your BF\n|-damage|p2a: Your BF|65/100\n|\n|upkeep\n|turn|57\n|\n|t:|1771255154\n|move|p1a: Ditto|Protect|p1a: Ditto\n|-singleturn|p1a: Ditto|Protect\n|move|p2a: Your BF|Defog|p1a: Ditto\n|-activate|p1a: Ditto|move: Protect\n|\n|upkeep\n|turn|58\n|\n|t:|1771255160\n|move|p2a: Your BF|Defog|p1a: Ditto\n|move|p1a: Ditto|Defog|p2a: Your BF|[from] ability: Magic Bounce\n|-unboost|p2a: Your BF|evasion|1\n|move|p1a: Ditto|Knock Off|p2a: Your BF\n|-damage|p2a: Your BF|53/100\n|\n|upkeep\n|turn|59\n|\n|t:|1771255167\n|switch|p2a: Timid|Sableye-Mega, F, shiny|100/100\n|move|p1a: Ditto|Will-O-Wisp|p2a: Timid\n|move|p2a: Timid|Will-O-Wisp|p1a: Ditto|[from] ability: Magic Bounce\n|-status|p1a: Ditto|brn\n|\n|-damage|p1a: Ditto|81/100 brn|[from] brn\n|upkeep\n|turn|60\n|\n|t:|1771255175\n|switch|p2a: Your BF|Corviknight, F|53/100\n|-ability|p2a: Your BF|Pressure\n|move|p1a: Ditto|Protect||[still]\n|-fail|p1a: Ditto\n|\n|-damage|p1a: Ditto|75/100 brn|[from] brn\n|upkeep\n|turn|61\n|\n|t:|1771255181\n|switch|p2a: Timid|Sableye-Mega, F, shiny|100/100\n|move|p1a: Ditto|Will-O-Wisp|p2a: Timid\n|move|p2a: Timid|Will-O-Wisp|p1a: Ditto|[from] ability: Magic Bounce\n|-fail|p1a: Ditto|brn\n|\n|-damage|p1a: Ditto|69/100 brn|[from] brn\n|upkeep\n|turn|62\n|\n|t:|1771255186\n|move|p2a: Timid|Knock Off|p1a: Ditto\n|-damage|p1a: Ditto|54/100 brn\n|move|p1a: Ditto|Will-O-Wisp|p2a: Timid\n|move|p2a: Timid|Will-O-Wisp|p1a: Ditto|[from] ability: Magic Bounce\n|-fail|p1a: Ditto|brn\n|\n|-damage|p1a: Ditto|48/100 brn|[from] brn\n|upkeep\n|turn|63\n|\n|t:|1771255194\n|move|p2a: Timid|Protect|p2a: Timid\n|-singleturn|p2a: Timid|Protect\n|move|p1a: Ditto|Recover|p1a: Ditto\n|-heal|p1a: Ditto|98/100 brn\n|\n|-damage|p1a: Ditto|92/100 brn|[from] brn\n|upkeep\n|turn|64\n|\n|t:|1771255204\n|move|p1a: Ditto|Protect|p1a: Ditto\n|-singleturn|p1a: Ditto|Protect\n|move|p2a: Timid|Knock Off|p1a: Ditto\n|-activate|p1a: Ditto|move: Protect\n|\n|-damage|p1a: Ditto|86/100 brn|[from] brn\n|upkeep\n|turn|65\n|\n|t:|1771255207\n|move|p2a: Timid|Knock Off|p1a: Ditto\n|-damage|p1a: Ditto|73/100 brn\n|move|p1a: Ditto|Knock Off|p2a: Timid\n|-damage|p2a: Timid|94/100\n|\n|-damage|p1a: Ditto|67/100 brn|[from] brn\n|upkeep\n|turn|66\n|\n|t:|1771255212\n|switch|p2a: EggChan|Chansey, F, shiny|76/100\n|move|p1a: Ditto|Recover|p1a: Ditto\n|-heal|p1a: Ditto|100/100 brn\n|\n|-damage|p1a: Ditto|94/100 brn|[from] brn\n|upkeep\n|turn|67\n|\n|t:|1771255227\n|move|p2a: EggChan|Seismic Toss|p1a: Ditto\n|-immune|p1a: Ditto\n|move|p1a: Ditto|Will-O-Wisp|p2a: EggChan\n|-status|p2a: EggChan|brn\n|\n|-damage|p2a: EggChan|70/100 brn|[from] brn\n|-damage|p1a: Ditto|88/100 brn|[from] brn\n|upkeep\n|turn|68\n|\n|t:|1771255234\n|move|p2a: EggChan|Wish|p2a: EggChan\n|move|p1a: Ditto|Recover|p1a: Ditto\n|-heal|p1a: Ditto|100/100 brn\n|\n|-damage|p2a: EggChan|64/100 brn|[from] brn\n|-damage|p1a: Ditto|94/100 brn|[from] brn\n|upkeep\n|turn|69\n|\n|t:|1771255242\n|move|p2a: EggChan|Seismic Toss|p1a: Ditto\n|-immune|p1a: Ditto\n|move|p1a: Ditto|Will-O-Wisp|p2a: EggChan\n|-fail|p2a: EggChan|brn\n|\n|-heal|p2a: EggChan|100/100 brn|[from] move: Wish|[wisher] EggChan\n|-damage|p2a: EggChan|94/100 brn|[from] brn\n|-damage|p1a: Ditto|88/100 brn|[from] brn\n|upkeep\n|turn|70\n|\n|t:|1771255249\n|switch|p1a: Dubwool|Dubwool, F|100/100 slp\n|move|p2a: EggChan|Wish|p2a: EggChan\n|\n|-damage|p2a: EggChan|88/100 brn|[from] brn\n|upkeep\n|turn|71\n|\n|t:|1771255260\n|switch|p1a: Ditto|Ditto|88/100 brn\n|-transform|p1a: Ditto|p2a: EggChan|[from] ability: Imposter\n|-curestatus|p2a: EggChan|brn|[from] ability: Natural Cure\n|switch|p2a: hehhehe|Clodsire, M, shiny|100/100\n|\n|-damage|p1a: Ditto|82/100 brn|[from] brn\n|upkeep\n|turn|72\n|\n|t:|1771255283\n|-curestatus|p1a: Ditto|brn|[from] ability: Natural Cure\n|switch|p1a: Cyclizar|Cyclizar, M|93/100\n|move|p2a: hehhehe|Stealth Rock|p1a: Cyclizar\n|-sidestart|p1: Fugos|move: Stealth Rock\n|\n|upkeep\n|turn|73\n|\n|t:|1771255293\n|move|p1a: Cyclizar|Knock Off|p2a: hehhehe\n|-damage|p2a: hehhehe|76/100\n|-enditem|p2a: hehhehe|Black Sludge|[from] move: Knock Off|[of] p1a: Cyclizar\n|move|p2a: hehhehe|Poison Jab|p1a: Cyclizar\n|-damage|p1a: Cyclizar|61/100\n|\n|upkeep\n|turn|74\n|\n|t:|1771255297\n|move|p1a: Cyclizar|Rapid Spin|p2a: hehhehe\n|-damage|p2a: hehhehe|57/100\n|-boost|p1a: Cyclizar|spe|1\n|-sideend|p1: Fugos|Stealth Rock|[from] move: Rapid Spin|[of] p1a: Cyclizar\n|move|p2a: hehhehe|Poison Jab|p1a: Cyclizar\n|-damage|p1a: Cyclizar|29/100\n|\n|upkeep\n|turn|75\n|\n|t:|1771255305\n|move|p1a: Cyclizar|U-turn|p2a: hehhehe\n|-resisted|p2a: hehhehe\n|-damage|p2a: hehhehe|49/100\n|\n|t:|1771255322\n|switch|p1a: Pidgeot|Pidgeot-Mega, M|34/100|[from] U-turn\n|move|p2a: hehhehe|Recover|p2a: hehhehe\n|-heal|p2a: hehhehe|99/100\n|\n|upkeep\n|turn|76\n|\n|t:|1771255330\n|move|p1a: Pidgeot|U-turn|p2a: hehhehe\n|-resisted|p2a: hehhehe\n|-damage|p2a: hehhehe|93/100\n|\n|t:|1771255333\n|switch|p1a: Cyclizar|Cyclizar, M|62/100|[from] U-turn\n|move|p2a: hehhehe|Stealth Rock|p1a: Cyclizar\n|-sidestart|p1: Fugos|move: Stealth Rock\n|\n|upkeep\n|turn|77\n|\n|t:|1771255340\n|move|p1a: Cyclizar|Rapid Spin|p2a: hehhehe\n|-damage|p2a: hehhehe|75/100\n|-boost|p1a: Cyclizar|spe|1\n|-sideend|p1: Fugos|Stealth Rock|[from] move: Rapid Spin|[of] p1a: Cyclizar\n|move|p2a: hehhehe|Poison Jab|p1a: Cyclizar\n|-damage|p1a: Cyclizar|33/100\n|\n|upkeep\n|turn|78\n|\n|t:|1771255348\n|move|p1a: Cyclizar|U-turn|p2a: hehhehe\n|-resisted|p2a: hehhehe\n|-damage|p2a: hehhehe|67/100\n|\n|t:|1771255351\n|switch|p1a: Dubwool|Dubwool, F|100/100 slp|[from] U-turn\n|move|p2a: hehhehe|Poison Jab|p1a: Dubwool\n|-damage|p1a: Dubwool|93/100 slp\n|\n|-heal|p1a: Dubwool|99/100 slp|[from] item: Leftovers\n|upkeep\n|turn|79\n|\n|t:|1771255357\n|switch|p1a: Cyclizar|Cyclizar, M|66/100\n|move|p2a: hehhehe|Stealth Rock|p1a: Cyclizar\n|-sidestart|p1: Fugos|move: Stealth Rock\n|\n|upkeep\n|turn|80\n|\n|t:|1771255362\n|switch|p2a: Timid|Sableye-Mega, F, shiny|94/100\n|move|p1a: Cyclizar|Rapid Spin|p2a: Timid\n|-immune|p2a: Timid\n|\n|upkeep\n|turn|81\n|\n|t:|1771255372\n|switch|p2a: Fish|Dondozo, M, shiny|99/100\n|move|p1a: Cyclizar|U-turn|p2a: Fish\n|-damage|p2a: Fish|93/100\n|\n|t:|1771255379\n|switch|p1a: Arboliva|Arboliva, M, shiny|75/100|[from] U-turn\n|-damage|p1a: Arboliva|62/100|[from] Stealth Rock\n|\n|-heal|p2a: Fish|99/100|[from] item: Leftovers\n|upkeep\n|turn|82\n|\n|t:|1771255384\n|switch|p2a: hehhehe|Clodsire, M, shiny|67/100\n|move|p1a: Arboliva|Leaf Storm|p2a: hehhehe\n|-damage|p2a: hehhehe|32/100\n|-unboost|p1a: Arboliva|spa|2\n|\n|upkeep\n|turn|83\n|\n|t:|1771255396\n|switch|p1a: Cyclizar|Cyclizar, M|99/100\n|-damage|p1a: Cyclizar|87/100|[from] Stealth Rock\n|switch|p2a: EggChan|Chansey, F, shiny|88/100\n|\n|upkeep\n|turn|84\n|j| Samosah\n|\n|t:|1771255410\n|switch|p2a: Timid|Sableye-Mega, F, shiny|94/100\n|move|p1a: Cyclizar|Knock Off|p2a: Timid\n|-damage|p2a: Timid|83/100\n|\n|upkeep\n|turn|85\n|\n|t:|1771255420\n|switch|p2a: EggChan|Chansey, F, shiny|88/100\n|move|p1a: Cyclizar|U-turn|p2a: EggChan\n|-damage|p2a: EggChan|77/100\n|\n|t:|1771255428\n|switch|p1a: Dubwool|Dubwool, F|99/100 slp|[from] U-turn\n|-damage|p1a: Dubwool|87/100 slp|[from] Stealth Rock\n|\n|-heal|p1a: Dubwool|93/100 slp|[from] item: Leftovers\n|upkeep\n|turn|86\n|\n|t:|1771255434\n|cant|p1a: Dubwool|slp\n|move|p1a: Dubwool|Sleep Talk|p1a: Dubwool\n|move|p1a: Dubwool|Body Press|p2a: EggChan|[from] move: Sleep Talk\n|-supereffective|p2a: EggChan\n|-damage|p2a: EggChan|41/100\n|move|p2a: EggChan|Wish|p2a: EggChan\n|\n|-heal|p1a: Dubwool|99/100 slp|[from] item: Leftovers\n|upkeep\n|turn|87\n|\n|t:|1771255452\n|switch|p2a: hehhehe|Clodsire, M, shiny|32/100\n|-curestatus|p1a: Dubwool|slp|[msg]\n|move|p1a: Dubwool|Cotton Guard|p1a: Dubwool\n|-boost|p1a: Dubwool|def|3\n|\n|-heal|p2a: hehhehe|100/100|[from] move: Wish|[wisher] EggChan\n|-heal|p1a: Dubwool|100/100|[from] item: Leftovers\n|upkeep\n|turn|88\n|\n|t:|1771255461\n|switch|p2a: Timid|Sableye-Mega, F, shiny|83/100\n|move|p1a: Dubwool|Body Press|p2a: Timid\n|-immune|p2a: Timid\n|\n|upkeep\n|turn|89\n|\n|t:|1771255470\n|switch|p1a: Ditto|Ditto|82/100\n|-damage|p1a: Ditto|70/100|[from] Stealth Rock\n|-transform|p1a: Ditto|p2a: Timid|[from] ability: Imposter\n|move|p2a: Timid|Knock Off|p1a: Ditto\n|-damage|p1a: Ditto|55/100\n|\n|upkeep\n|turn|90\n|\n|t:|1771255478\n|switch|p2a: Fish|Dondozo, M, shiny|99/100\n|move|p1a: Ditto|Recover|p1a: Ditto\n|-heal|p1a: Ditto|100/100\n|\n|-heal|p2a: Fish|100/100|[from] item: Leftovers\n|upkeep\n|turn|91\n|\n|t:|1771255486\n|move|p2a: Fish|Curse|p2a: Fish\n|-unboost|p2a: Fish|spe|1\n|-boost|p2a: Fish|atk|1\n|-boost|p2a: Fish|def|1\n|move|p1a: Ditto|Knock Off|p2a: Fish\n|-damage|p2a: Fish|91/100\n|-enditem|p2a: Fish|Leftovers|[from] move: Knock Off|[of] p1a: Ditto\n|\n|upkeep\n|turn|92\n|\n|t:|1771255493\n|move|p1a: Ditto|Will-O-Wisp|p2a: Fish\n|-status|p2a: Fish|brn\n|move|p2a: Fish|Curse|p2a: Fish\n|-unboost|p2a: Fish|spe|1\n|-boost|p2a: Fish|atk|1\n|-boost|p2a: Fish|def|1\n|\n|-damage|p2a: Fish|85/100 brn|[from] brn\n|upkeep\n|turn|93\n|\n|t:|1771255505\n|switch|p1a: Arboliva|Arboliva, M, shiny|62/100\n|-damage|p1a: Arboliva|50/100|[from] Stealth Rock\n|move|p2a: Fish|Rest|p2a: Fish\n|-status|p2a: Fish|slp|[from] move: Rest\n|-heal|p2a: Fish|100/100 slp|[silent]\n|\n|upkeep\n|turn|94\n|\n|t:|1771255517\n|switch|p2a: hehhehe|Clodsire, M, shiny|100/100\n|move|p1a: Arboliva|Earth Power|p2a: hehhehe\n|-supereffective|p2a: hehhehe\n|-damage|p2a: hehhehe|66/100\n|\n|upkeep\n|turn|95\n|\n|t:|1771255528\n|switch|p1a: Cyclizar|Cyclizar, M|100/100\n|-damage|p1a: Cyclizar|88/100|[from] Stealth Rock\n|move|p2a: hehhehe|Poison Jab|p1a: Cyclizar\n|-damage|p1a: Cyclizar|57/100\n|-status|p1a: Cyclizar|psn\n|\n|-damage|p1a: Cyclizar|45/100 psn|[from] psn\n|upkeep\n|turn|96\n|\n|t:|1771255538\n|switch|p2a: Timid|Sableye-Mega, F, shiny|83/100\n|move|p1a: Cyclizar|Rapid Spin|p2a: Timid\n|-immune|p2a: Timid\n|\n|-damage|p1a: Cyclizar|32/100 psn|[from] psn\n|upkeep\n|turn|97\n|\n|t:|1771255543\n|move|p1a: Cyclizar|U-turn|p2a: Timid\n|-damage|p2a: Timid|72/100\n|\n|t:|1771255546\n|switch|p1a: Ditto|Ditto|100/100|[from] U-turn\n|-damage|p1a: Ditto|88/100|[from] Stealth Rock\n|-transform|p1a: Ditto|p2a: Timid|[from] ability: Imposter\n|move|p2a: Timid|Knock Off|p1a: Ditto\n|-damage|p1a: Ditto|74/100\n|\n|upkeep\n|turn|98\n|\n|t:|1771255553\n|switch|p2a: Fish|Dondozo, M, shiny|100/100 slp\n|move|p1a: Ditto|Knock Off|p2a: Fish\n|-damage|p2a: Fish|91/100 slp\n|\n|upkeep\n|turn|99\n|\n|t:|1771255565\n|cant|p2a: Fish|slp\n|move|p2a: Fish|Sleep Talk|p2a: Fish\n|move|p2a: Fish|Curse|p2a: Fish|[from] move: Sleep Talk\n|-unboost|p2a: Fish|spe|1\n|-boost|p2a: Fish|atk|1\n|-boost|p2a: Fish|def|1\n|move|p1a: Ditto|Recover|p1a: Ditto\n|-heal|p1a: Ditto|100/100\n|\n|upkeep\n|turn|100\n|\n|t:|1771255575\n|switch|p1a: Cyclizar|Cyclizar, M|66/100 psn\n|-damage|p1a: Cyclizar|53/100 psn|[from] Stealth Rock\n|cant|p2a: Fish|slp\n|move|p2a: Fish|Sleep Talk|p2a: Fish\n|move|p2a: Fish|Waterfall|p1a: Cyclizar|[from] move: Sleep Talk\n|-resisted|p1a: Cyclizar\n|-damage|p1a: Cyclizar|23/100 psn\n|\n|-damage|p1a: Cyclizar|11/100 psn|[from] psn\n|upkeep\n|turn|101\n|\n|t:|1771255588\n|move|p1a: Cyclizar|U-turn|p2a: Fish\n|-damage|p2a: Fish|87/100 slp\n|inactive|Fugos has 120 seconds left.\n|\n|t:|1771255619\n|switch|p1a: Arboliva|Arboliva, M, shiny|50/100|[from] U-turn\n|-damage|p1a: Arboliva|37/100|[from] Stealth Rock\n|-curestatus|p2a: Fish|slp|[msg]\n|move|p2a: Fish|Waterfall|p1a: Arboliva\n|-resisted|p1a: Arboliva\n|-damage|p1a: Arboliva|11/100\n|\n|upkeep\n|turn|102\n|-enditem|p1a: Arboliva|Custap Berry|[eat]\n|-activate|p1a: Arboliva|item: Custap Berry|[consumed]\n|\n|t:|1771255630\n|switch|p2a: EggChan|Chansey, F, shiny|41/100\n|move|p1a: Arboliva|Leaf Storm|p2a: EggChan\n|-damage|p2a: EggChan|24/100\n|-unboost|p1a: Arboliva|spa|2\n|\n|-item|p1a: Arboliva|Custap Berry|[from] ability: Harvest\n|upkeep\n|turn|103\n|inactive|Fugos has 120 seconds left.\n|-enditem|p1a: Arboliva|Custap Berry|[eat]\n|-activate|p1a: Arboliva|item: Custap Berry|[consumed]\n|\n|t:|1771255644\n|move|p1a: Arboliva|Flail|p2a: EggChan\n|-damage|p2a: EggChan|0 fnt\n|faint|p2a: EggChan\n|\n|-item|p1a: Arboliva|Custap Berry|[from] ability: Harvest\n|upkeep\n|\n|t:|1771255656\n|switch|p2a: hehhehe|Clodsire, M, shiny|66/100\n|turn|104\n|inactive|Fugos has 120 seconds left.\n|-enditem|p1a: Arboliva|Custap Berry|[eat]\n|-activate|p1a: Arboliva|item: Custap Berry|[consumed]\n|\n|t:|1771255665\n|move|p1a: Arboliva|Flail|p2a: hehhehe\n|-damage|p2a: hehhehe|25/100\n|move|p2a: hehhehe|Poison Jab|p1a: Arboliva\n|-supereffective|p1a: Arboliva\n|-damage|p1a: Arboliva|0 fnt\n|faint|p1a: Arboliva\n|\n|upkeep\n|inactive|Fugos has 120 seconds left.\n|c|☆riderzitto5|!dt flail\n|c|☆riderzitto5|/raw <ul class=\"utilichart\"><li class=\"result\"><span class=\"col movenamecol\"><a href=\"https://dex.pokemonshowdown.com/moves/flail\">Flail</a></span> <span class=\"col typecol\"><img src=\"//play.pokemonshowdown.com/sprites/types/Normal.png\" alt=\"Normal\" width=\"32\" height=\"14\"><img src=\"//play.pokemonshowdown.com/sprites/categories/Physical.png\" alt=\"Physical\" width=\"32\" height=\"14\"></span> <span class=\"col widelabelcol\"><em>Accuracy</em><br>100%</span> <span class=\"col pplabelcol\"><em>PP</em><br>24</span> <span class=\"col movedesccol\">More power the less HP the user has left.</span> </li><li style=\"clear:both\"></li></ul>\n|c|☆riderzitto5|/raw <font size=\"1\"><font color=\"#686868\">Priority:</font> 0&nbsp;|&ThickSpace;<font color=\"#686868\">Gen:</font> 2&nbsp;|&ThickSpace;&#10003; Contact&nbsp;|&ThickSpace;<font color=\"#686868\">Z-Power:</font> 160&nbsp;|&ThickSpace;<font color=\"#686868\">Target:</font> One Adjacent Pokémon</font>\n\n|inactive|Fugos has 90 seconds left.\n|inactive|Fugos has 60 seconds left.\n|\n|t:|1771255735\n|switch|p1a: Pidgeot|Pidgeot-Mega, M|34/100\n|-damage|p1a: Pidgeot|10/100|[from] Stealth Rock\n|turn|105\n|\n|t:|1771255759\n|move|p1a: Pidgeot|Hurricane|p2a: hehhehe\n|-damage|p2a: hehhehe|0 fnt\n|faint|p2a: hehhehe\n|\n|upkeep\n|\n|t:|1771255767\n|switch|p2a: Timid|Sableye-Mega, F, shiny|72/100\n|turn|106\n|l| Samosah\n|inactive|Fugos has 60 seconds left.\n|\n|t:|1771255794\n|move|p1a: Pidgeot|U-turn|p2a: Timid\n|-damage|p2a: Timid|65/100\n|\n|t:|1771255798\n|switch|p1a: Ditto|Ditto|100/100|[from] U-turn\n|-damage|p1a: Ditto|88/100|[from] Stealth Rock\n|-transform|p1a: Ditto|p2a: Timid|[from] ability: Imposter\n|move|p2a: Timid|Knock Off|p1a: Ditto\n|-damage|p1a: Ditto|74/100\n|\n|upkeep\n|turn|107\n|\n|t:|1771255806\n|switch|p2a: Your BF|Corviknight, F|53/100\n|-ability|p2a: Your BF|Pressure\n|move|p1a: Ditto|Knock Off|p2a: Your BF\n|-damage|p2a: Your BF|41/100\n|\n|upkeep\n|turn|108\n|\n|t:|1771255811\n|move|p2a: Your BF|Roost|p2a: Your BF\n|-heal|p2a: Your BF|91/100\n|-singleturn|p2a: Your BF|move: Roost\n|move|p1a: Ditto|Knock Off|p2a: Your BF\n|-damage|p2a: Your BF|79/100\n|\n|upkeep\n|turn|109\n|\n|t:|1771255830\n|switch|p2a: Fish|Dondozo, M, shiny|87/100\n|move|p1a: Ditto|Recover|p1a: Ditto\n|-heal|p1a: Ditto|100/100\n|\n|upkeep\n|turn|110\n|\n|t:|1771255839\n|switch|p1a: Cyclizar|Cyclizar, M|44/100 psn\n|-damage|p1a: Cyclizar|32/100 psn|[from] Stealth Rock\n|move|p2a: Fish|Curse|p2a: Fish\n|-unboost|p2a: Fish|spe|1\n|-boost|p2a: Fish|atk|1\n|-boost|p2a: Fish|def|1\n|\n|-damage|p1a: Cyclizar|19/100 psn|[from] psn\n|upkeep\n|turn|111\n|\n|t:|1771255845\n|switch|p2a: Timid|Sableye-Mega, F, shiny|65/100\n|move|p1a: Cyclizar|Rapid Spin|p2a: Timid\n|-immune|p2a: Timid\n|\n|-damage|p1a: Cyclizar|7/100 psn|[from] psn\n|upkeep\n|turn|112\n|\n|t:|1771255857\n|switch|p2a: ThePex|Toxapex, F, shiny|100/100\n|move|p1a: Cyclizar|U-turn|p2a: ThePex\n|-resisted|p2a: ThePex\n|-damage|p2a: ThePex|96/100\n|inactive|Fugos has 60 seconds left.\n|\n|t:|1771255869\n|switch|p1a: Dunsparce|Dunsparce, F|48/100 tox|[from] U-turn\n|-damage|p1a: Dunsparce|36/100 tox|[from] Stealth Rock\n|\n|-heal|p2a: ThePex|100/100|[from] item: Black Sludge\n|-damage|p1a: Dunsparce|29/100 tox|[from] psn\n|upkeep\n|turn|113\n|\n|t:|1771255877\n|move|p1a: Dunsparce|Roost|p1a: Dunsparce\n|-heal|p1a: Dunsparce|79/100 tox\n|-singleturn|p1a: Dunsparce|move: Roost\n|move|p2a: ThePex|Scald|p1a: Dunsparce\n|-damage|p1a: Dunsparce|65/100 tox\n|\n|-damage|p1a: Dunsparce|53/100 tox|[from] psn\n|upkeep\n|turn|114\n|inactive|Fugos has 60 seconds left.\n|\n|t:|1771255883\n|move|p1a: Dunsparce|Stealth Rock|p2a: ThePex\n|-sidestart|p2: riderzitto5|move: Stealth Rock\n|move|p2a: ThePex|Scald|p1a: Dunsparce\n|-damage|p1a: Dunsparce|39/100 tox\n|\n|-damage|p1a: Dunsparce|20/100 tox|[from] psn\n|upkeep\n|turn|115\n|inactive|Fugos has 60 seconds left.\n|\n|t:|1771255889\n|move|p1a: Dunsparce|Roost|p1a: Dunsparce\n|-heal|p1a: Dunsparce|70/100 tox\n|-singleturn|p1a: Dunsparce|move: Roost\n|move|p2a: ThePex|Scald|p1a: Dunsparce\n|-damage|p1a: Dunsparce|57/100 tox\n|\n|-damage|p1a: Dunsparce|32/100 tox|[from] psn\n|upkeep\n|turn|116\n|\n|t:|1771255894\n|switch|p1a: Cyclizar|Cyclizar, M|40/100 psn\n|-damage|p1a: Cyclizar|27/100 psn|[from] Stealth Rock\n|move|p2a: ThePex|Scald|p1a: Cyclizar\n|-resisted|p1a: Cyclizar\n|-damage|p1a: Cyclizar|18/100 psn\n|\n|-damage|p1a: Cyclizar|6/100 psn|[from] psn\n|upkeep\n|turn|117\n|\n|t:|1771255903\n|switch|p2a: Your BF|Corviknight, F|79/100\n|-damage|p2a: Your BF|67/100|[from] Stealth Rock\n|-ability|p2a: Your BF|Pressure\n|move|p1a: Cyclizar|U-turn|p2a: Your BF\n|-resisted|p2a: Your BF\n|-damage|p2a: Your BF|65/100\n|inactive|Fugos has 60 seconds left.\n|\n|t:|1771255914\n|switch|p1a: Ditto|Ditto|100/100|[from] U-turn\n|-damage|p1a: Ditto|88/100|[from] Stealth Rock\n|-transform|p1a: Ditto|p2a: Your BF|[from] ability: Imposter\n|-ability|p1a: Ditto|Pressure\n|\n|upkeep\n|turn|118\n|\n|t:|1771255922\n|move|p1a: Ditto|Defog|p2a: Your BF\n|-unboost|p2a: Your BF|evasion|1\n|-sideend|p2: riderzitto5|Stealth Rock|[from] move: Defog|[of] p1a: Ditto\n|-sideend|p1: Fugos|Stealth Rock|[from] move: Defog|[of] p1a: Ditto\n|move|p2a: Your BF|Iron Defense|p2a: Your BF\n|-boost|p2a: Your BF|def|2\n|\n|upkeep\n|turn|119\n|\n|t:|1771255929\n|switch|p1a: Dubwool|Dubwool, F|100/100\n|move|p2a: Your BF|Body Press|p1a: Dubwool\n|-supereffective|p1a: Dubwool\n|-damage|p1a: Dubwool|60/100\n|\n|-heal|p1a: Dubwool|66/100|[from] item: Leftovers\n|upkeep\n|turn|120\n|\n|t:|1771255938\n|switch|p2a: Timid|Sableye-Mega, F, shiny|65/100\n|move|p1a: Dubwool|Cotton Guard|p1a: Dubwool\n|-boost|p1a: Dubwool|def|3\n|\n|-heal|p1a: Dubwool|72/100|[from] item: Leftovers\n|upkeep\n|turn|121\n|\n|t:|1771255947\n|switch|p1a: Ditto|Ditto|88/100\n|-transform|p1a: Ditto|p2a: Timid|[from] ability: Imposter\n|switch|p2a: ThePex|Toxapex, F, shiny|100/100\n|\n|upkeep\n|turn|122\n|\n|t:|1771255954\n|switch|p2a: Timid|Sableye-Mega, F, shiny|65/100\n|move|p1a: Ditto|Knock Off|p2a: Timid\n|-damage|p2a: Timid|52/100\n|\n|upkeep\n|turn|123\n|\n|t:|1771255959\n|move|p1a: Ditto|Knock Off|p2a: Timid\n|-damage|p2a: Timid|37/100\n|move|p2a: Timid|Recover|p2a: Timid\n|-heal|p2a: Timid|88/100\n|\n|upkeep\n|turn|124\n|\n|t:|1771255965\n|switch|p2a: ThePex|Toxapex, F, shiny|100/100\n|move|p1a: Ditto|Knock Off|p2a: ThePex\n|-damage|p2a: ThePex|84/100\n|-enditem|p2a: ThePex|Black Sludge|[from] move: Knock Off|[of] p1a: Ditto\n|\n|upkeep\n|turn|125\n|\n|t:|1771255971\n|switch|p1a: Cyclizar|Cyclizar, M|39/100 psn\n|move|p2a: ThePex|Scald|p1a: Cyclizar\n|-resisted|p1a: Cyclizar\n|-damage|p1a: Cyclizar|31/100 psn\n|\n|-damage|p1a: Cyclizar|18/100 psn|[from] psn\n|upkeep\n|turn|126\n|\n|t:|1771255978\n|move|p1a: Cyclizar|U-turn|p2a: ThePex\n|-resisted|p2a: ThePex\n|-damage|p2a: ThePex|80/100\n|\n|t:|1771255981\n|switch|p1a: Ditto|Ditto|88/100|[from] U-turn\n|-transform|p1a: Ditto|p2a: ThePex|[from] ability: Imposter\n|move|p2a: ThePex|Scald|p1a: Ditto\n|-resisted|p1a: Ditto\n|-damage|p1a: Ditto|81/100\n|-status|p1a: Ditto|brn\n|\n|-damage|p1a: Ditto|75/100 brn|[from] brn\n|upkeep\n|turn|127\n|\n|t:|1771256000\n|move|p1a: Ditto|Scald|p2a: ThePex\n|-resisted|p2a: ThePex\n|-damage|p2a: ThePex|73/100\n|move|p2a: ThePex|Scald|p1a: Ditto\n|-resisted|p1a: Ditto\n|-damage|p1a: Ditto|68/100 brn\n|\n|-damage|p1a: Ditto|62/100 brn|[from] brn\n|upkeep\n|turn|128\n|j| super yana-chan\n|\n|t:|1771256006\n|move|p2a: ThePex|Recover|p2a: ThePex\n|-heal|p2a: ThePex|100/100\n|move|p1a: Ditto|Scald|p2a: ThePex\n|-resisted|p2a: ThePex\n|-damage|p2a: ThePex|94/100\n|\n|-damage|p1a: Ditto|56/100 brn|[from] brn\n|upkeep\n|turn|129\n|\n|t:|1771256014\n|switch|p2a: Fish|Dondozo, M, shiny|87/100\n|move|p1a: Ditto|Recover|p1a: Ditto\n|-heal|p1a: Ditto|100/100 brn\n|\n|-damage|p1a: Ditto|94/100 brn|[from] brn\n|upkeep\n|turn|130\n|l| super yana-chan\n|\n|t:|1771256020\n|move|p1a: Ditto|Toxic|p2a: Fish\n|-status|p2a: Fish|tox\n|move|p2a: Fish|Curse|p2a: Fish\n|-unboost|p2a: Fish|spe|1\n|-boost|p2a: Fish|atk|1\n|-boost|p2a: Fish|def|1\n|\n|-damage|p2a: Fish|81/100 tox|[from] psn\n|-damage|p1a: Ditto|88/100 brn|[from] brn\n|upkeep\n|turn|131\n|\n|t:|1771256031\n|move|p1a: Ditto|Scald|p2a: Fish\n|-resisted|p2a: Fish\n|-damage|p2a: Fish|72/100 tox\n|move|p2a: Fish|Waterfall|p1a: Ditto\n|-resisted|p1a: Ditto\n|-damage|p1a: Ditto|75/100 brn\n|\n|-damage|p2a: Fish|60/100 tox|[from] psn\n|-damage|p1a: Ditto|69/100 brn|[from] brn\n|upkeep\n|turn|132\n|\n|t:|1771256040\n|move|p1a: Ditto|Haze|p1a: Ditto\n|-clearallboost\n|move|p2a: Fish|Curse|p2a: Fish\n|-unboost|p2a: Fish|spe|1\n|-boost|p2a: Fish|atk|1\n|-boost|p2a: Fish|def|1\n|\n|-damage|p2a: Fish|42/100 tox|[from] psn\n|-damage|p1a: Ditto|63/100 brn|[from] brn\n|upkeep\n|turn|133\n|\n|t:|1771256048\n|move|p1a: Ditto|Recover|p1a: Ditto\n|-heal|p1a: Ditto|100/100 brn\n|move|p2a: Fish|Rest|p2a: Fish\n|-status|p2a: Fish|slp|[from] move: Rest\n|-heal|p2a: Fish|100/100 slp|[silent]\n|\n|-damage|p1a: Ditto|94/100 brn|[from] brn\n|upkeep\n|turn|134\n|\n|t:|1771256063\n|move|p1a: Ditto|Haze|p1a: Ditto\n|-clearallboost\n|cant|p2a: Fish|slp\n|\n|-damage|p1a: Ditto|88/100 brn|[from] brn\n|upkeep\n|turn|135\n|inactive|Fugos has 60 seconds left.\n|\n|t:|1771256084\n|switch|p1a: Cyclizar|Cyclizar, M|51/100 psn\n|cant|p2a: Fish|slp\n|\n|-damage|p1a: Cyclizar|39/100 psn|[from] psn\n|upkeep\n|turn|136\n|\n|t:|1771256095\n|move|p1a: Cyclizar|U-turn|p2a: Fish\n|-damage|p2a: Fish|93/100 slp\n|\n|t:|1771256104\n|switch|p1a: Dubwool|Dubwool, F|72/100|[from] U-turn\n|-curestatus|p2a: Fish|slp|[msg]\n|move|p2a: Fish|Waterfall|p1a: Dubwool\n|-damage|p1a: Dubwool|63/100\n|\n|-heal|p1a: Dubwool|69/100|[from] item: Leftovers\n|upkeep\n|turn|137\n|\n|t:|1771256116\n|move|p1a: Dubwool|Cotton Guard|p1a: Dubwool\n|-boost|p1a: Dubwool|def|3\n|move|p2a: Fish|Waterfall|p1a: Dubwool\n|-damage|p1a: Dubwool|59/100\n|\n|-heal|p1a: Dubwool|65/100|[from] item: Leftovers\n|upkeep\n|turn|138\n|\n|t:|1771256122\n|switch|p2a: ThePex|Toxapex, F, shiny|100/100\n|move|p1a: Dubwool|Body Press|p2a: ThePex\n|-resisted|p2a: ThePex\n|-damage|p2a: ThePex|81/100\n|\n|-heal|p1a: Dubwool|71/100|[from] item: Leftovers\n|upkeep\n|turn|139\n|\n|t:|1771256135\n|switch|p1a: Dunsparce|Dunsparce, F|32/100 tox\n|switch|p2a: Fish|Dondozo, M, shiny|93/100\n|\n|-damage|p1a: Dunsparce|26/100 tox|[from] psn\n|upkeep\n|turn|140\n|\n|t:|1771256143\n|switch|p2a: Timid|Sableye-Mega, F, shiny|88/100\n|move|p1a: Dunsparce|Roost|p1a: Dunsparce\n|-heal|p1a: Dunsparce|76/100 tox\n|-singleturn|p1a: Dunsparce|move: Roost\n|\n|-damage|p1a: Dunsparce|64/100 tox|[from] psn\n|upkeep\n|turn|141\n|\n|t:|1771256153\n|switch|p1a: Ditto|Ditto|100/100 brn\n|-transform|p1a: Ditto|p2a: Timid|[from] ability: Imposter\n|move|p2a: Timid|Will-O-Wisp|p1a: Ditto\n|move|p1a: Ditto|Will-O-Wisp|p2a: Timid|[from] ability: Magic Bounce\n|-status|p2a: Timid|brn\n|\n|-damage|p1a: Ditto|94/100 brn|[from] brn\n|-damage|p2a: Timid|82/100 brn|[from] brn\n|upkeep\n|turn|142\n|inactive|Fugos has 30 seconds left.\n|\n|t:|1771256168\n|switch|p2a: ThePex|Toxapex, F, shiny|100/100\n|move|p1a: Ditto|Will-O-Wisp|p2a: ThePex\n|-status|p2a: ThePex|brn\n|\n|-damage|p2a: ThePex|95/100 brn|[from] brn\n|-damage|p1a: Ditto|88/100 brn|[from] brn\n|upkeep\n|turn|143\n|inactive|Fugos has 30 seconds left.\n|\n|t:|1771256180\n|switch|p2a: Fish|Dondozo, M, shiny|93/100\n|move|p1a: Ditto|Protect||[still]\n|-fail|p1a: Ditto\n|\n|-damage|p1a: Ditto|82/100 brn|[from] brn\n|upkeep\n|turn|144\n|inactive|Fugos has 30 seconds left this turn.\n|\n|t:|1771256187\n|switch|p2a: ThePex|Toxapex, F, shiny|100/100 brn\n|move|p1a: Ditto|Will-O-Wisp|p2a: ThePex\n|-fail|p2a: ThePex|brn\n|\n|-damage|p2a: ThePex|95/100 brn|[from] brn\n|-damage|p1a: Ditto|76/100 brn|[from] brn\n|upkeep\n|turn|145\n|inactive|riderzitto5 has 120 seconds left.\n|\n|t:|1771256216\n|switch|p2a: Fish|Dondozo, M, shiny|93/100\n|move|p1a: Ditto|Knock Off|p2a: Fish\n|-damage|p2a: Fish|89/100\n|\n|-damage|p1a: Ditto|70/100 brn|[from] brn\n|upkeep\n|turn|146\n|\n|t:|1771256221\n|switch|p2a: ThePex|Toxapex, F, shiny|100/100 brn\n|move|p1a: Ditto|Will-O-Wisp|p2a: ThePex\n|-fail|p2a: ThePex|brn\n|\n|-damage|p2a: ThePex|95/100 brn|[from] brn\n|-damage|p1a: Ditto|64/100 brn|[from] brn\n|upkeep\n|turn|147\n|inactive|riderzitto5 has 120 seconds left.\n|inactive|riderzitto5 has 90 seconds left.\n|\n|t:|1771256264\n|switch|p2a: Fish|Dondozo, M, shiny|89/100\n|move|p1a: Ditto|Recover|p1a: Ditto\n|-heal|p1a: Ditto|100/100 brn\n|\n|-damage|p1a: Ditto|94/100 brn|[from] brn\n|upkeep\n|turn|148\n|\n|t:|1771256270\n|switch|p2a: ThePex|Toxapex, F, shiny|100/100 brn\n|move|p1a: Ditto|Protect||[still]\n|-fail|p1a: Ditto\n|\n|-damage|p2a: ThePex|95/100 brn|[from] brn\n|-damage|p1a: Ditto|88/100 brn|[from] brn\n|upkeep\n|turn|149\n|inactive|riderzitto5 has 90 seconds left.\n|\n|t:|1771256289\n|switch|p2a: Fish|Dondozo, M, shiny|89/100\n|move|p1a: Ditto|Protect||[still]\n|-fail|p1a: Ditto\n|\n|-damage|p1a: Ditto|82/100 brn|[from] brn\n|upkeep\n|turn|150\n|\n|t:|1771256293\n|switch|p2a: ThePex|Toxapex, F, shiny|100/100 brn\n|move|p1a: Ditto|Recover|p1a: Ditto\n|-heal|p1a: Ditto|100/100 brn\n|\n|-damage|p2a: ThePex|95/100 brn|[from] brn\n|-damage|p1a: Ditto|94/100 brn|[from] brn\n|upkeep\n|turn|151\n|\n|t:|1771256296\n|switch|p2a: Timid|Sableye-Mega, F, shiny|82/100 brn\n|move|p1a: Ditto|Will-O-Wisp|p2a: Timid\n|move|p2a: Timid|Will-O-Wisp|p1a: Ditto|[from] ability: Magic Bounce\n|-fail|p1a: Ditto|brn\n|\n|-damage|p2a: Timid|76/100 brn|[from] brn\n|-damage|p1a: Ditto|88/100 brn|[from] brn\n|upkeep\n|turn|152\n|\n|t:|1771256300\n|switch|p2a: ThePex|Toxapex, F, shiny|100/100 brn\n|move|p1a: Ditto|Knock Off|p2a: ThePex\n|-damage|p2a: ThePex|95/100 brn\n|\n|-damage|p2a: ThePex|89/100 brn|[from] brn\n|-damage|p1a: Ditto|82/100 brn|[from] brn\n|upkeep\n|turn|153\n|inactive|riderzitto5 has 90 seconds left.\n|\n|t:|1771256340\n|switch|p2a: Timid|Sableye-Mega, F, shiny|76/100 brn\n|move|p1a: Ditto|Protect||[still]\n|-fail|p1a: Ditto\n|\n|-damage|p1a: Ditto|76/100 brn|[from] brn\n|-damage|p2a: Timid|70/100 brn|[from] brn\n|upkeep\n|turn|154\n|\n|t:|1771256348\n|switch|p2a: ThePex|Toxapex, F, shiny|100/100 brn\n|move|p1a: Ditto|Knock Off|p2a: ThePex\n|-damage|p2a: ThePex|94/100 brn\n|\n|-damage|p2a: ThePex|88/100 brn|[from] brn\n|-damage|p1a: Ditto|70/100 brn|[from] brn\n|upkeep\n|turn|155\n|\n|t:|1771256356\n|move|p1a: Ditto|Protect|p1a: Ditto\n|-singleturn|p1a: Ditto|Protect\n|move|p2a: ThePex|Scald|p1a: Ditto\n|-activate|p1a: Ditto|move: Protect\n|\n|-damage|p2a: ThePex|82/100 brn|[from] brn\n|-damage|p1a: Ditto|64/100 brn|[from] brn\n|upkeep\n|turn|156\n|\n|t:|1771256368\n|move|p2a: ThePex|Scald|p1a: Ditto\n|-damage|p1a: Ditto|47/100 brn\n|move|p1a: Ditto|Recover|p1a: Ditto\n|-heal|p1a: Ditto|97/100 brn\n|\n|-damage|p2a: ThePex|76/100 brn|[from] brn\n|-damage|p1a: Ditto|91/100 brn|[from] brn\n|upkeep\n|turn|157\n|\n|t:|1771256375\n|move|p2a: ThePex|Toxic|p1a: Ditto\n|move|p1a: Ditto|Toxic||[from] ability: Magic Bounce|[still]\n|-fail|p1a: Ditto\n|move|p1a: Ditto|Knock Off|p2a: ThePex\n|-damage|p2a: ThePex|70/100 brn\n|\n|-damage|p2a: ThePex|65/100 brn|[from] brn\n|-damage|p1a: Ditto|85/100 brn|[from] brn\n|upkeep\n|turn|158\n|\n|t:|1771256378\n|switch|p2a: Timid|Sableye-Mega, F, shiny|70/100 brn\n|move|p1a: Ditto|Will-O-Wisp|p2a: Timid\n|move|p2a: Timid|Will-O-Wisp|p1a: Ditto|[from] ability: Magic Bounce\n|-fail|p1a: Ditto|brn\n|\n|-damage|p2a: Timid|64/100 brn|[from] brn\n|-damage|p1a: Ditto|79/100 brn|[from] brn\n|upkeep\n|turn|159\n|inactive|Fugos has 90 seconds left.\n|\n|t:|1771256390\n|switch|p2a: ThePex|Toxapex, F, shiny|98/100 brn\n|move|p1a: Ditto|Recover|p1a: Ditto\n|-heal|p1a: Ditto|100/100 brn\n|\n|-damage|p2a: ThePex|92/100 brn|[from] brn\n|-damage|p1a: Ditto|94/100 brn|[from] brn\n|upkeep\n|turn|160\n|inactive|riderzitto5 has 60 seconds left.\n|\n|t:|1771256401\n|switch|p2a: Your BF|Corviknight, F|65/100\n|-ability|p2a: Your BF|Pressure\n|switch|p1a: Cyclizar|Cyclizar, M|72/100 psn\n|\n|-damage|p1a: Cyclizar|60/100 psn|[from] psn\n|upkeep\n|turn|161\n|inactive|Fugos has 90 seconds left.\n|\n|t:|1771256411\n|move|p1a: Cyclizar|U-turn|p2a: Your BF\n|-resisted|p2a: Your BF\n|-damage|p2a: Your BF|63/100\n|\n|t:|1771256416\n|switch|p1a: Dubwool|Dubwool, F|71/100|[from] U-turn\n|move|p2a: Your BF|Iron Defense|p2a: Your BF\n|-boost|p2a: Your BF|def|2\n|\n|-heal|p1a: Dubwool|77/100|[from] item: Leftovers\n|upkeep\n|turn|162\n|\n|t:|1771256422\n|move|p1a: Dubwool|Cotton Guard|p1a: Dubwool\n|-boost|p1a: Dubwool|def|3\n|move|p2a: Your BF|Iron Defense|p2a: Your BF\n|-boost|p2a: Your BF|def|2\n|\n|-heal|p1a: Dubwool|83/100|[from] item: Leftovers\n|upkeep\n|turn|163\n|\n|t:|1771256429\n|move|p1a: Dubwool|Cotton Guard|p1a: Dubwool\n|-boost|p1a: Dubwool|def|3\n|move|p2a: Your BF|Iron Defense|p2a: Your BF\n|-boost|p2a: Your BF|def|2\n|\n|-heal|p1a: Dubwool|89/100|[from] item: Leftovers\n|upkeep\n|turn|164\n|\n|t:|1771256434\n|move|p1a: Dubwool|Body Press|p2a: Your BF\n|-damage|p2a: Your BF|49/100\n|move|p2a: Your BF|Roost|p2a: Your BF\n|-heal|p2a: Your BF|99/100\n|-singleturn|p2a: Your BF|move: Roost\n|\n|-heal|p1a: Dubwool|95/100|[from] item: Leftovers\n|upkeep\n|turn|165\n|inactive|Fugos has 90 seconds left.\n|\n|t:|1771256458\n|switch|p1a: Ditto|Ditto|94/100 brn\n|-transform|p1a: Ditto|p2a: Your BF|[from] ability: Imposter\n|-ability|p1a: Ditto|Pressure\n|move|p2a: Your BF|Body Press|p1a: Ditto\n|-damage|p1a: Ditto|73/100 brn\n|\n|-damage|p1a: Ditto|67/100 brn|[from] brn\n|upkeep\n|turn|166\n|\n|t:|1771256472\n|move|p1a: Ditto|Roost|p1a: Ditto\n|-heal|p1a: Ditto|100/100 brn\n|-singleturn|p1a: Ditto|move: Roost\n|move|p2a: Your BF|Body Press|p1a: Ditto\n|-supereffective|p1a: Ditto\n|-damage|p1a: Ditto|56/100 brn\n|\n|-damage|p1a: Ditto|50/100 brn|[from] brn\n|upkeep\n|turn|167\n|\n|t:|1771256479\n|move|p1a: Ditto|Roost|p1a: Ditto\n|-heal|p1a: Ditto|100/100 brn\n|-singleturn|p1a: Ditto|move: Roost\n|move|p2a: Your BF|Body Press|p1a: Ditto\n|-supereffective|p1a: Ditto\n|-damage|p1a: Ditto|55/100 brn\n|\n|-damage|p1a: Ditto|49/100 brn|[from] brn\n|upkeep\n|turn|168\n|\n|t:|1771256486\n|move|p2a: Your BF|Body Press|p1a: Ditto\n|-damage|p1a: Ditto|27/100 brn\n|move|p1a: Ditto|Roost|p1a: Ditto\n|-heal|p1a: Ditto|77/100 brn\n|-singleturn|p1a: Ditto|move: Roost\n|\n|-damage|p1a: Ditto|71/100 brn|[from] brn\n|upkeep\n|turn|169\n|\n|t:|1771256490\n|move|p2a: Your BF|Body Press|p1a: Ditto\n|-damage|p1a: Ditto|50/100 brn\n|move|p1a: Ditto|Roost|p1a: Ditto\n|-heal|p1a: Ditto|100/100 brn\n|-singleturn|p1a: Ditto|move: Roost\n|\n|-damage|p1a: Ditto|94/100 brn|[from] brn\n|upkeep\n|turn|170\n|-message|riderzitto5 forfeited.\n|\n|win|Fugos\n|raw|Fugos's rating: 1657 &rarr; <strong>1682</strong><br />(+25 for winning)\n|raw|riderzitto5's rating: 1744 &rarr; <strong>1719</strong><br />(-25 for losing)\n|l|☆riderzitto5\n|player|p2|\n", "uploadtime": 1771256697, "views": 5, "formatid": "gen9nationaldex", "rating": 1682, "private": 0, "password": null}