{"id": "gen9nationaldex-2540261857", "format": "[Gen 9] National Dex", "players": ["Crsiu", "slysly"], "log": "|j|☆Crsiu\n|j|☆slysly\n|t:|1771182032\n|gametype|singles\n|player|p1|Crsiu|n|1678\n|player|p2|slysly|2|1689\n|gen|9\n|tier|[Gen 9] National Dex\n|rated|\n|rule|HP Percentage Mod: HP is shown in percentages\n|rule|Endless Battle Clause: Forcing endless battles is banned\n|rule|Species Clause: Limit one of each Pokémon\n|rule|OHKO Clause: OHKO moves are banned\n|rule|Evasion Clause: Evasion abilities, items, and moves are banned\n|rule|Evasion Abilities Clause: Evasion abilities are banned\n|rule|Evasion Items Clause: Evasion items are banned\n|rule|Evasion Moves Clause: Evasion moves are banned\n|rule|Sleep Clause Mod: Limit one foe put to sleep\n|rule|Terastal Clause: You cannot Terastallize\n|clearpoke\n|poke|p1|Blaziken, M|\n|poke|p1|Tapu Lele|\n|poke|p1|Iron Treads|\n|poke|p1|Ninetales-Alola, M|\n|poke|p1|Raging Bolt|\n|poke|p1|Ursaluna, F|\n|poke|p2|Hippowdon, F|\n|poke|p2|Excadrill, F|\n|poke|p2|Latios, M|\n|poke|p2|Ferrothorn, F|\n|poke|p2|Tapu Lele|\n|poke|p2|Dracozolt|\n|teampreview\n|\n|t:|1771182044\n|teamsize|p1|6\n|teamsize|p2|6\n|start\n|switch|p1a: Ninetales|Ninetales-Alola, M|100/100\n|switch|p2a: Hippowdon|Hippowdon, F|100/100\n|-weather|Snowscape|[from] ability: Snow Warning|[of] p1a: Ninetales\n|-weather|Sandstorm|[from] ability: Sand Stream|[of] p2a: Hippowdon\n|turn|1\n|\n|t:|1771182053\n|switch|p1a: Iron Treads|Iron Treads|100/100\n|move|p2a: Hippowdon|Stealth Rock|p1a: Iron Treads\n|-sidestart|p1: Crsiu|move: Stealth Rock\n|\n|-weather|Sandstorm|[upkeep]\n|upkeep\n|turn|2\n|\n|t:|1771182057\n|move|p1a: Iron Treads|Rapid Spin|p2a: Hippowdon\n|-damage|p2a: Hippowdon|92/100\n|-boost|p1a: Iron Treads|spe|1\n|-sideend|p1: Crsiu|Stealth Rock|[from] move: Rapid Spin|[of] p1a: Iron Treads\n|move|p2a: Hippowdon|Earthquake|p1a: Iron Treads\n|-supereffective|p1a: Iron Treads\n|-damage|p1a: Iron Treads|33/100\n|\n|-weather|Sandstorm|[upkeep]\n|upkeep\n|turn|3\n|\n|t:|1771182062\n|move|p1a: Iron Treads|Endeavor|p2a: Hippowdon\n|-damage|p2a: Hippowdon|25/100\n|move|p2a: Hippowdon|Earthquake|p1a: Iron Treads\n|-supereffective|p1a: Iron Treads\n|-damage|p1a: Iron Treads|0 fnt\n|faint|p1a: Iron Treads\n|-end|p1a: Iron Treads|Quark Drive|[silent]\n|\n|-weather|Sandstorm|[upkeep]\n|upkeep\n|\n|t:|1771182065\n|switch|p1a: Ninetales|Ninetales-Alola, M|100/100\n|-weather|Snowscape|[from] ability: Snow Warning|[of] p1a: Ninetales\n|turn|4\n|\n|t:|1771182069\n|switch|p2a: Ferrothorn|Ferrothorn, F|100/100\n|move|p1a: Ninetales|Freeze-Dry|p2a: Ferrothorn\n|-damage|p2a: Ferrothorn|89/100\n|-status|p2a: Ferrothorn|frz\n|\n|-weather|Snowscape|[upkeep]\n|-heal|p2a: Ferrothorn|95/100 frz|[from] item: Leftovers\n|upkeep\n|turn|5\n|\n|t:|1771182072\n|switch|p2a: Hippowdon|Hippowdon, F|25/100\n|-weather|Sandstorm|[from] ability: Sand Stream|[of] p2a: Hippowdon\n|move|p1a: Ninetales|Aurora Veil||[still]\n|-fail|p1a: Ninetales\n|\n|-weather|Sandstorm|[upkeep]\n|-damage|p1a: Ninetales|94/100|[from] Sandstorm\n|upkeep\n|turn|6\n|\n|t:|1771182077\n|switch|p2a: Ferrothorn|Ferrothorn, F|95/100 frz\n|move|p1a: Ninetales|Freeze-Dry|p2a: Ferrothorn\n|-damage|p2a: Ferrothorn|83/100 frz\n|\n|-weather|Sandstorm|[upkeep]\n|-damage|p1a: Ninetales|88/100|[from] Sandstorm\n|-heal|p2a: Ferrothorn|89/100 frz|[from] item: Leftovers\n|upkeep\n|turn|7\n|\n|t:|1771182082\n|switch|p1a: Ursaluna|Ursaluna, F|100/100\n|cant|p2a: Ferrothorn|frz\n|\n|-weather|Sandstorm|[upkeep]\n|-heal|p2a: Ferrothorn|95/100 frz|[from] item: Leftovers\n|-status|p1a: Ursaluna|brn|[from] item: Flame Orb\n|upkeep\n|turn|8\n|inactive|Battle timer is ON: inactive players will automatically lose when time's up. (requested by Crsiu)\n|\n|t:|1771182096\n|switch|p2a: Dracozolt|Dracozolt|100/100\n|move|p1a: Ursaluna|Fire Punch|p2a: Dracozolt\n|-resisted|p2a: Dracozolt\n|-damage|p2a: Dracozolt|76/100\n|\n|-weather|Sandstorm|[upkeep]\n|-damage|p1a: Ursaluna|94/100 brn|[from] brn\n|upkeep\n|turn|9\n|\n|t:|1771182104\n|switch|p1a: Tapu Lele|Tapu Lele|100/100\n|-fieldstart|move: Psychic Terrain|[from] ability: Psychic Surge|[of] p1a: Tapu Lele\n|move|p2a: Dracozolt|Outrage|p1a: Tapu Lele\n|-immune|p1a: Tapu Lele\n|\n|-weather|Sandstorm|[upkeep]\n|-damage|p1a: Tapu Lele|94/100|[from] Sandstorm\n|upkeep\n|turn|10\n|\n|t:|1771182108\n|switch|p2a: Ferrothorn|Ferrothorn, F|95/100 frz\n|switch|p1a: Ninetales|Ninetales-Alola, M|88/100\n|-weather|Snowscape|[from] ability: Snow Warning|[of] p1a: Ninetales\n|\n|-weather|Snowscape|[upkeep]\n|-heal|p2a: Ferrothorn|100/100 frz|[from] item: Leftovers\n|upkeep\n|turn|11\n|\n|t:|1771182117\n|switch|p1a: Ursaluna|Ursaluna, F|94/100 brn\n|switch|p2a: Latios|Latios, M|100/100\n|\n|-weather|Snowscape|[upkeep]\n|-damage|p1a: Ursaluna|88/100 brn|[from] brn\n|upkeep\n|turn|12\n|\n|t:|1771182125\n|switch|p2a: Ferrothorn|Ferrothorn, F|100/100 frz\n|switch|p1a: Tapu Lele|Tapu Lele|94/100\n|\n|-weather|Snowscape|[upkeep]\n|upkeep\n|turn|13\n|\n|t:|1771182130\n|move|p1a: Tapu Lele|Focus Blast|p2a: Ferrothorn\n|-supereffective|p2a: Ferrothorn\n|-damage|p2a: Ferrothorn|44/100 frz\n|cant|p2a: Ferrothorn|frz\n|\n|-weather|Snowscape|[upkeep]\n|-heal|p2a: Ferrothorn|50/100 frz|[from] item: Leftovers\n|-fieldend|move: Psychic Terrain\n|upkeep\n|turn|14\n|\n|t:|1771182139\n|-curestatus|p2a: Ferrothorn|frz|[msg]\n|move|p2a: Ferrothorn|Protect|p2a: Ferrothorn\n|-singleturn|p2a: Ferrothorn|Protect\n|move|p1a: Tapu Lele|Focus Blast|p2a: Ferrothorn\n|-activate|p2a: Ferrothorn|move: Protect\n|\n|-weather|none\n|-heal|p2a: Ferrothorn|57/100|[from] item: Leftovers\n|upkeep\n|turn|15\n|\n|t:|1771182146\n|switch|p2a: Tapu Lele|Tapu Lele|100/100\n|-fieldstart|move: Psychic Terrain|[from] ability: Psychic Surge|[of] p2a: Tapu Lele\n|move|p1a: Tapu Lele|Focus Blast|p2a: Tapu Lele\n|-resisted|p2a: Tapu Lele\n|-damage|p2a: Tapu Lele|89/100\n|-unboost|p2a: Tapu Lele|spd|1\n|\n|upkeep\n|turn|16\n|\n|t:|1771182157\n|switch|p1a: Ninetales|Ninetales-Alola, M|88/100\n|-weather|Snowscape|[from] ability: Snow Warning|[of] p1a: Ninetales\n|move|p2a: Tapu Lele|Moonblast|p1a: Ninetales\n|-damage|p1a: Ninetales|37/100\n|\n|-weather|Snowscape|[upkeep]\n|upkeep\n|turn|17\n|\n|t:|1771182166\n|switch|p1a: Tapu Lele|Tapu Lele|94/100\n|move|p2a: Tapu Lele|Moonblast|p1a: Tapu Lele\n|-damage|p1a: Tapu Lele|44/100\n|-unboost|p1a: Tapu Lele|spa|1\n|\n|-weather|Snowscape|[upkeep]\n|upkeep\n|turn|18\n|\n|t:|1771182171\n|move|p1a: Tapu Lele|Moonblast|p2a: Tapu Lele\n|-crit|p2a: Tapu Lele\n|-damage|p2a: Tapu Lele|0 fnt\n|faint|p2a: Tapu Lele\n|\n|-weather|Snowscape|[upkeep]\n|upkeep\n|\n|t:|1771182191\n|switch|p2a: Excadrill|Excadrill, F|100/100\n|turn|19\n|\n|t:|1771182196\n|switch|p1a: Ursaluna|Ursaluna, F|88/100 brn\n|move|p2a: Excadrill|Rapid Spin|p1a: Ursaluna\n|-damage|p1a: Ursaluna|75/100 brn\n|-boost|p2a: Excadrill|spe|1\n|\n|-weather|Snowscape|[upkeep]\n|-damage|p1a: Ursaluna|69/100 brn|[from] brn\n|-fieldend|move: Psychic Terrain\n|upkeep\n|turn|20\n|\n|t:|1771182206\n|switch|p2a: Dracozolt|Dracozolt|76/100\n|move|p1a: Ursaluna|Facade|p2a: Dracozolt\n|-damage|p2a: Dracozolt|0 fnt\n|faint|p2a: Dracozolt\n|\n|-weather|none\n|-damage|p1a: Ursaluna|63/100 brn|[from] brn\n|upkeep\n|\n|t:|1771182212\n|switch|p2a: Latios|Latios, M|100/100\n|turn|21\n|\n|t:|1771182215\n|detailschange|p2a: Latios|Latios-Mega, M\n|-mega|p2a: Latios|Latios|Latiosite\n|move|p2a: Latios|Flip Turn|p1a: Ursaluna\n|-supereffective|p1a: Ursaluna\n|-damage|p1a: Ursaluna|42/100 brn\n|\n|t:|1771182221\n|switch|p2a: Ferrothorn|Ferrothorn, F|57/100|[from] Flip Turn\n|move|p1a: Ursaluna|Facade|p2a: Ferrothorn\n|-resisted|p2a: Ferrothorn\n|-damage|p2a: Ferrothorn|7/100\n|-damage|p1a: Ursaluna|29/100 brn|[from] ability: Iron Barbs|[of] p2a: Ferrothorn\n|\n|-heal|p2a: Ferrothorn|13/100|[from] item: Leftovers\n|-damage|p1a: Ursaluna|23/100 brn|[from] brn\n|upkeep\n|turn|22\n|\n|t:|1771182226\n|move|p1a: Ursaluna|Facade|p2a: Ferrothorn\n|-resisted|p2a: Ferrothorn\n|-damage|p2a: Ferrothorn|0 fnt\n|-damage|p1a: Ursaluna|11/100 brn|[from] ability: Iron Barbs|[of] p2a: Ferrothorn\n|faint|p2a: Ferrothorn\n|\n|-damage|p1a: Ursaluna|4/100 brn|[from] brn\n|upkeep\n|\n|t:|1771182229\n|switch|p2a: Excadrill|Excadrill, F|100/100\n|turn|23\n|\n|t:|1771182240\n|move|p2a: Excadrill|Rapid Spin|p1a: Ursaluna\n|-damage|p1a: Ursaluna|0 fnt\n|-boost|p2a: Excadrill|spe|1\n|faint|p1a: Ursaluna\n|\n|upkeep\n|\n|t:|1771182253\n|switch|p1a: Tapu Lele|Tapu Lele|44/100\n|-fieldstart|move: Psychic Terrain|[from] ability: Psychic Surge|[of] p1a: Tapu Lele\n|turn|24\n|\n|t:|1771182258\n|move|p1a: Tapu Lele|Focus Blast|p2a: Excadrill|[miss]\n|-miss|p1a: Tapu Lele|p2a: Excadrill\n|move|p2a: Excadrill|Iron Head|p1a: Tapu Lele\n|-supereffective|p1a: Tapu Lele\n|-damage|p1a: Tapu Lele|0 fnt\n|faint|p1a: Tapu Lele\n|\n|upkeep\n|\n|t:|1771182262\n|switch|p1a: Blaziken|Blaziken, M, shiny|100/100\n|turn|25\n|\n|t:|1771182270\n|move|p2a: Excadrill|Earthquake|p1a: Blaziken\n|-supereffective|p1a: Blaziken\n|-enditem|p1a: Blaziken|Focus Sash\n|-damage|p1a: Blaziken|1/100\n|move|p1a: Blaziken|Reversal|p2a: Excadrill\n|-supereffective|p2a: Excadrill\n|-damage|p2a: Excadrill|0 fnt\n|faint|p2a: Excadrill\n|\n|-ability|p1a: Blaziken|Speed Boost|boost\n|-boost|p1a: Blaziken|spe|1\n|upkeep\n|\n|t:|1771182276\n|switch|p2a: Hippowdon|Hippowdon, F|25/100\n|-weather|Sandstorm|[from] ability: Sand Stream|[of] p2a: Hippowdon\n|turn|26\n|\n|t:|1771182284\n|move|p1a: Blaziken|Reversal|p2a: Hippowdon\n|-damage|p2a: Hippowdon|0 fnt\n|faint|p2a: Hippowdon\n|\n|-weather|Sandstorm|[upkeep]\n|-damage|p1a: Blaziken|0 fnt|[from] Sandstorm\n|faint|p1a: Blaziken\n|upkeep\n|j| kwkw in beksosjrb\n|\n|t:|1771182294\n|switch|p1a: Ninetales|Ninetales-Alola, M|37/100\n|switch|p2a: Latios|Latios-Mega, M|100/100\n|-weather|Snowscape|[from] ability: Snow Warning|[of] p1a: Ninetales\n|turn|27\n|\n|t:|1771182306\n|move|p2a: Latios|Mystical Fire|p1a: Ninetales\n|-supereffective|p1a: Ninetales\n|-damage|p1a: Ninetales|0 fnt\n|faint|p1a: Ninetales\n|\n|-weather|Snowscape|[upkeep]\n|upkeep\n|\n|t:|1771182308\n|switch|p1a: Raging Bolt|Raging Bolt|100/100\n|turn|28\n|\n|t:|1771182316\n|move|p2a: Latios|Substitute|p2a: Latios\n|-start|p2a: Latios|Substitute\n|-damage|p2a: Latios|76/100\n|move|p1a: Raging Bolt|Draco Meteor|p2a: Latios\n|-supereffective|p2a: Latios\n|-end|p2a: Latios|Substitute\n|-unboost|p1a: Raging Bolt|spa|2\n|\n|-weather|Snowscape|[upkeep]\n|-fieldend|move: Psychic Terrain\n|upkeep\n|turn|29\n|\n|t:|1771182325\n|move|p2a: Latios|Mystical Fire|p1a: Raging Bolt\n|-resisted|p1a: Raging Bolt\n|-damage|p1a: Raging Bolt|88/100\n|-unboost|p1a: Raging Bolt|spa|1\n|move|p1a: Raging Bolt|Draco Meteor|p2a: Latios|[miss]\n|-miss|p1a: Raging Bolt|p2a: Latios\n|\n|-weather|Snowscape|[upkeep]\n|upkeep\n|turn|30\n|\n|t:|1771182332\n|move|p2a: Latios|Mystical Fire|p1a: Raging Bolt\n|-resisted|p1a: Raging Bolt\n|-damage|p1a: Raging Bolt|75/100\n|-unboost|p1a: Raging Bolt|spa|1\n|move|p1a: Raging Bolt|Draco Meteor|p2a: Latios\n|-supereffective|p2a: Latios\n|-damage|p2a: Latios|2/100\n|-unboost|p1a: Raging Bolt|spa|2\n|\n|-weather|Snowscape|[upkeep]\n|upkeep\n|turn|31\n|\n|t:|1771182344\n|move|p2a: Latios|Luster Purge|p1a: Raging Bolt\n|-damage|p1a: Raging Bolt|29/100\n|move|p1a: Raging Bolt|Draco Meteor|p2a: Latios\n|-supereffective|p2a: Latios\n|-crit|p2a: Latios\n|-damage|p2a: Latios|0 fnt\n|faint|p2a: Latios\n|detailschange|p2: Latios|Latios, M|[silent]\n|\n|win|Crsiu\n|raw|Crsiu's rating: 1678 &rarr; <strong>1699</strong><br />(+21 for winning)\n|raw|slysly's rating: 1689 &rarr; <strong>1668</strong><br />(-21 for losing)\n|l|☆Crsiu\n|player|p1|\n|l|☆slysly\n|player|p2|\n", "uploadtime": 1771182589, "views": 9, "formatid": "gen9nationaldex", "rating": 1668, "private": 0, "password": null}