{"id": "gen9nationaldex-2540838979", "format": "[Gen 9] National Dex", "players": ["A-joyhill", "Liongamer777"], "log": "|j|☆A-joyhill\n|j|☆Liongamer777\n|t:|1771259335\n|gametype|singles\n|player|p1|A-joyhill|tate|1550\n|player|p2|Liongamer777|1|1573\n|gen|9\n|tier|[Gen 9] National Dex\n|rated|\n|rule|HP Percentage Mod: HP is shown in percentages\n|rule|Endless Battle Clause: Forcing endless battles is banned\n|rule|Species Clause: Limit one of each Pokémon\n|rule|OHKO Clause: OHKO moves are banned\n|rule|Evasion Clause: Evasion abilities, items, and moves are banned\n|rule|Evasion Abilities Clause: Evasion abilities are banned\n|rule|Evasion Items Clause: Evasion items are banned\n|rule|Evasion Moves Clause: Evasion moves are banned\n|rule|Sleep Clause Mod: Limit one foe put to sleep\n|rule|Terastal Clause: You cannot Terastallize\n|clearpoke\n|poke|p1|Ninetales, F|\n|poke|p1|Grimmsnarl, M|\n|poke|p1|Raging Bolt|\n|poke|p1|Great Tusk|\n|poke|p1|Heatran, M|\n|poke|p1|Garganacl, M|\n|poke|p2|Cinderace, M|\n|poke|p2|Corviknight, M|\n|poke|p2|Zamazenta-*|\n|poke|p2|Slowking-Galar, F|\n|poke|p2|Ogerpon-Wellspring, F|\n|poke|p2|Garchomp, F|\n|teampreview\n|inactive|Battle timer is ON: inactive players will automatically lose when time's up. (requested by Liongamer777)\n|\n|t:|1771259364\n|teamsize|p1|6\n|teamsize|p2|6\n|start\n|switch|p1a: Ninetales|Ninetales, F|100/100\n|switch|p2a: Garchomp|Garchomp, F|100/100\n|-weather|SunnyDay|[from] ability: Drought|[of] p1a: Ninetales\n|turn|1\n|\n|t:|1771259367\n|move|p2a: Garchomp|Stealth Rock|p1a: Ninetales\n|-sidestart|p1: A-joyhill|move: Stealth Rock\n|move|p1a: Ninetales|Will-O-Wisp|p2a: Garchomp\n|-status|p2a: Garchomp|brn\n|\n|-weather|SunnyDay|[upkeep]\n|-damage|p2a: Garchomp|94/100 brn|[from] brn\n|upkeep\n|turn|2\n|\n|t:|1771259377\n|switch|p1a: Great Tusk|Great Tusk|100/100\n|-damage|p1a: Great Tusk|98/100|[from] Stealth Rock\n|-activate|p1a: Great Tusk|ability: Protosynthesis\n|-start|p1a: Great Tusk|protosynthesisatk\n|move|p2a: Garchomp|Swords Dance|p2a: Garchomp\n|-boost|p2a: Garchomp|atk|2\n|\n|-weather|SunnyDay|[upkeep]\n|-damage|p2a: Garchomp|88/100 brn|[from] brn\n|upkeep\n|turn|3\n|\n|t:|1771259388\n|-zpower|p2a: Garchomp\n|move|p2a: Garchomp|Devastating Drake|p1a: Great Tusk|[zeffect]\n|-damage|p1a: Great Tusk|41/100\n|move|p1a: Great Tusk|Rapid Spin|p2a: Garchomp\n|-damage|p2a: Garchomp|66/100 brn\n|-boost|p1a: Great Tusk|spe|1\n|-damage|p1a: Great Tusk|28/100|[from] ability: Rough Skin|[of] p2a: Garchomp\n|-sideend|p1: A-joyhill|Stealth Rock|[from] move: Rapid Spin|[of] p1a: Great Tusk\n|\n|-weather|SunnyDay|[upkeep]\n|-damage|p2a: Garchomp|60/100 brn|[from] brn\n|upkeep\n|turn|4\n|\n|t:|1771259403\n|move|p2a: Garchomp|Earthquake|p1a: Great Tusk\n|-damage|p1a: Great Tusk|0 fnt\n|faint|p1a: Great Tusk\n|-end|p1a: Great Tusk|Protosynthesis|[silent]\n|\n|-weather|SunnyDay|[upkeep]\n|-damage|p2a: Garchomp|54/100 brn|[from] brn\n|upkeep\n|\n|t:|1771259411\n|switch|p1a: Heatran|Heatran, M|100/100\n|turn|5\n|\n|t:|1771259434\n|move|p1a: Heatran|Eruption|p2a: Garchomp\n|-resisted|p2a: Garchomp\n|-damage|p2a: Garchomp|0 fnt\n|faint|p2a: Garchomp\n|\n|-weather|SunnyDay|[upkeep]\n|upkeep\n|inactive|Liongamer777 has 120 seconds left.\n|\n|t:|1771259454\n|switch|p2a: Slowking|Slowking-Galar, F|100/100\n|turn|6\n|\n|t:|1771259483\n|move|p1a: Heatran|Eruption|p2a: Slowking\n|-damage|p2a: Slowking|35/100\n|move|p2a: Slowking|Thunder Wave|p1a: Heatran\n|-status|p1a: Heatran|par\n|\n|-weather|SunnyDay|[upkeep]\n|upkeep\n|turn|7\n|inactive|Liongamer777 has 120 seconds left.\n|inactive|Liongamer777 has 90 seconds left.\n|\n|t:|1771259532\n|switch|p2a: Zamazenta|Zamazenta|100/100\n|-ability|p2a: Zamazenta|Dauntless Shield|boost\n|-boost|p2a: Zamazenta|def|1\n|move|p1a: Heatran|Eruption|p2a: Zamazenta\n|-damage|p2a: Zamazenta|0 fnt\n|faint|p2a: Zamazenta\n|\n|-weather|SunnyDay|[upkeep]\n|upkeep\n|inactive|Liongamer777 has 90 seconds left.\n|\n|t:|1771259542\n|switch|p2a: Ogerpon|Ogerpon-Wellspring, F|100/100\n|turn|8\n|\n|t:|1771259548\n|switch|p1a: Raging Bolt|Raging Bolt|100/100\n|-activate|p1a: Raging Bolt|ability: Protosynthesis\n|-start|p1a: Raging Bolt|protosynthesisspa\n|move|p2a: Ogerpon|Superpower|p1a: Raging Bolt\n|-damage|p1a: Raging Bolt|65/100\n|-unboost|p2a: Ogerpon|atk|1\n|-unboost|p2a: Ogerpon|def|1\n|\n|-weather|none\n|-end|p1a: Raging Bolt|Protosynthesis\n|upkeep\n|turn|9\n|inactive|Liongamer777 has 90 seconds left.\n|\n|t:|1771259566\n|move|p2a: Ogerpon|Swords Dance|p2a: Ogerpon\n|-boost|p2a: Ogerpon|atk|2\n|move|p1a: Raging Bolt|Volt Switch|p2a: Ogerpon\n|-damage|p2a: Ogerpon|54/100\n|\n|t:|1771259588\n|-end|p1a: Raging Bolt|Protosynthesis|[silent]\n|switch|p1a: Ninetales|Ninetales, F|100/100|[from] Volt Switch\n|-weather|SunnyDay|[from] ability: Drought|[of] p1a: Ninetales\n|\n|-weather|SunnyDay|[upkeep]\n|upkeep\n|turn|10\n|inactive|A-joyhill has 120 seconds left.\n|\n|t:|1771259625\n|move|p2a: Ogerpon|Ivy Cudgel|p1a: Ninetales|[anim] Ivy Cudgel Water\n|-supereffective|p1a: Ninetales\n|-damage|p1a: Ninetales|0 fnt\n|faint|p1a: Ninetales\n|\n|-weather|SunnyDay|[upkeep]\n|upkeep\n|\n|t:|1771259636\n|switch|p1a: Raging Bolt|Raging Bolt|65/100\n|-activate|p1a: Raging Bolt|ability: Protosynthesis\n|-start|p1a: Raging Bolt|protosynthesisspa\n|turn|11\n|\n|t:|1771259642\n|switch|p2a: Cinderace|Cinderace, M|100/100\n|move|p1a: Raging Bolt|Volt Switch|p2a: Cinderace\n|-damage|p2a: Cinderace|27/100\n|\n|t:|1771259653\n|-end|p1a: Raging Bolt|Protosynthesis|[silent]\n|switch|p1a: Garganacl|Garganacl, M|100/100|[from] Volt Switch\n|\n|-weather|SunnyDay|[upkeep]\n|upkeep\n|turn|12\n|\n|t:|1771259658\n|move|p2a: Cinderace|U-turn|p1a: Garganacl\n|-start|p2a: Cinderace|typechange|Bug|[from] ability: Libero\n|-damage|p1a: Garganacl|80/100\n|\n|t:|1771259676\n|switch|p2a: Ogerpon|Ogerpon-Wellspring, F|54/100|[from] U-turn\n|move|p1a: Garganacl|Iron Defense|p1a: Garganacl\n|-boost|p1a: Garganacl|def|2\n|\n|-weather|SunnyDay|[upkeep]\n|-heal|p1a: Garganacl|86/100|[from] item: Leftovers\n|upkeep\n|turn|13\n|inactive|A-joyhill has 120 seconds left.\n|\n|t:|1771259692\n|move|p2a: Ogerpon|Swords Dance|p2a: Ogerpon\n|-boost|p2a: Ogerpon|atk|2\n|move|p1a: Garganacl|Salt Cure|p2a: Ogerpon\n|-damage|p2a: Ogerpon|35/100\n|-start|p2a: Ogerpon|Salt Cure\n|\n|-weather|SunnyDay|[upkeep]\n|-heal|p1a: Garganacl|92/100|[from] item: Leftovers\n|-damage|p2a: Ogerpon|10/100|[from] Salt Cure\n|upkeep\n|turn|14\n|inactive|A-joyhill has 120 seconds left.\n|\n|t:|1771259708\n|switch|p1a: Raging Bolt|Raging Bolt|65/100\n|-activate|p1a: Raging Bolt|ability: Protosynthesis\n|-start|p1a: Raging Bolt|protosynthesisspa\n|move|p2a: Ogerpon|Power Whip|p1a: Raging Bolt\n|-resisted|p1a: Raging Bolt\n|-damage|p1a: Raging Bolt|12/100\n|\n|-weather|SunnyDay|[upkeep]\n|-damage|p2a: Ogerpon|0 fnt|[from] Salt Cure\n|faint|p2a: Ogerpon\n|upkeep\n|-message|Liongamer777 forfeited.\n|\n|win|A-joyhill\n|raw|A-joyhill's rating: 1550 &rarr; <strong>1571</strong><br />(+21 for winning)\n|raw|Liongamer777's rating: 1573 &rarr; <strong>1552</strong><br />(-21 for losing)\n|l|☆Liongamer777\n|player|p2|\n|l|☆A-joyhill\n|player|p1|\n", "uploadtime": 1771259856, "views": 4, "formatid": "gen9nationaldex", "rating": 1552, "private": 0, "password": null}