{"id": "gen9nationaldex-2540587554", "format": "[Gen 9] National Dex", "players": ["yuxia233", "iammistagrinch"], "log": "|j|☆yuxia233\n|j|☆iammistagrinch\n|t:|1771222570\n|gametype|singles\n|player|p1|yuxia233|dawn|1567\n|player|p2|iammistagrinch|102|1611\n|gen|9\n|tier|[Gen 9] National Dex\n|rated|\n|rule|HP Percentage Mod: HP is shown in percentages\n|rule|Endless Battle Clause: Forcing endless battles is banned\n|rule|Species Clause: Limit one of each Pokémon\n|rule|OHKO Clause: OHKO moves are banned\n|rule|Evasion Clause: Evasion abilities, items, and moves are banned\n|rule|Evasion Abilities Clause: Evasion abilities are banned\n|rule|Evasion Items Clause: Evasion items are banned\n|rule|Evasion Moves Clause: Evasion moves are banned\n|rule|Sleep Clause Mod: Limit one foe put to sleep\n|rule|Terastal Clause: You cannot Terastallize\n|clearpoke\n|poke|p1|Kingambit, F|\n|poke|p1|Zamazenta-*|\n|poke|p1|Diancie|\n|poke|p1|Alomomola, F|\n|poke|p1|Slowking-Galar, M|\n|poke|p1|Landorus-Therian, M|\n|poke|p2|Celesteela|\n|poke|p2|Terapagos, M|\n|poke|p2|Kommo-o, M|\n|poke|p2|Venusaur, F|\n|poke|p2|Dragonite, M|\n|poke|p2|Ting-Lu|\n|teampreview\n|inactive|Battle timer is ON: inactive players will automatically lose when time's up. (requested by iammistagrinch)\n|inactive|yuxia233 also wants the timer to be on.\n|j| corvipelon\n|l| corvipelon\n|\n|t:|1771222593\n|teamsize|p1|6\n|teamsize|p2|6\n|start\n|switch|p1a: Diancie|Diancie|100/100\n|switch|p2a: Ting-Lu|Ting-Lu|100/100\n|-ability|p2a: Ting-Lu|Vessel of Ruin\n|turn|1\n|\n|t:|1771222600\n|switch|p2a: Celesteela|Celesteela|100/100\n|detailschange|p1a: Diancie|Diancie-Mega\n|-mega|p1a: Diancie|Diancie|Diancite\n|move|p1a: Diancie|Magnet Rise|p1a: Diancie\n|-start|p1a: Diancie|Magnet Rise\n|\n|upkeep\n|turn|2\n|\n|t:|1771222609\n|switch|p1a: Landorus|Landorus-Therian, M|100/100\n|-ability|p1a: Landorus|Intimidate|boost\n|-unboost|p2a: Celesteela|atk|1\n|move|p2a: Celesteela|Flame Charge|p1a: Landorus\n|-damage|p1a: Landorus|90/100\n|-boost|p2a: Celesteela|spe|1\n|\n|-heal|p1a: Landorus|95/100|[from] item: Leftovers\n|upkeep\n|turn|3\n|\n|t:|1771222616\n|switch|p2a: Terapagos|Terapagos, M|100/100\n|-activate|p2a: Terapagos|ability: Tera Shift\n|detailschange|p2a: Terapagos|Terapagos-Terastal, M\n|-heal|p2a: Terapagos|100/100|[silent]\n|move|p1a: Landorus|Stealth Rock|p2a: Terapagos\n|-sidestart|p2: iammistagrinch|move: Stealth Rock\n|\n|-heal|p1a: Landorus|100/100|[from] item: Leftovers\n|upkeep\n|turn|4\n|\n|t:|1771222625\n|move|p1a: Landorus|U-turn|p2a: Terapagos\n|-activate|p2a: Terapagos|ability: Tera Shell\n|-resisted|p2a: Terapagos\n|-damage|p2a: Terapagos|89/100\n|\n|t:|1771222629\n|switch|p1a: Alomomola|Alomomola, F|100/100|[from] U-turn\n|move|p2a: Terapagos|Rapid Spin|p1a: Alomomola\n|-damage|p1a: Alomomola|92/100\n|-boost|p2a: Terapagos|spe|1\n|-damage|p2a: Terapagos|72/100|[from] item: Rocky Helmet|[of] p1a: Alomomola\n|-sideend|p2: iammistagrinch|Stealth Rock|[from] move: Rapid Spin|[of] p2a: Terapagos\n|\n|upkeep\n|turn|5\n|\n|t:|1771222641\n|switch|p2a: Venusaur|Venusaur, F|100/100\n|move|p1a: Alomomola|Flip Turn|p2a: Venusaur\n|-resisted|p2a: Venusaur\n|-damage|p2a: Venusaur|90/100\n|\n|t:|1771222648\n|switch|p1a: Slowking|Slowking-Galar, M|100/100|[from] Flip Turn\n|\n|upkeep\n|turn|6\n|\n|t:|1771222658\n|switch|p2a: Ting-Lu|Ting-Lu|100/100\n|-ability|p2a: Ting-Lu|Vessel of Ruin\n|move|p1a: Slowking|Future Sight|p2a: Ting-Lu\n|-start|p1a: Slowking|move: Future Sight\n|\n|upkeep\n|turn|7\n|\n|t:|1771222671\n|switch|p1a: Landorus|Landorus-Therian, M|100/100\n|-ability|p1a: Landorus|Intimidate|boost\n|-unboost|p2a: Ting-Lu|atk|1\n|move|p2a: Ting-Lu|Ruination|p1a: Landorus\n|-damage|p1a: Landorus|51/100\n|\n|-heal|p1a: Landorus|57/100|[from] item: Leftovers\n|upkeep\n|turn|8\n|\n|t:|1771222682\n|move|p1a: Landorus|Earthquake|p2a: Ting-Lu\n|-damage|p2a: Ting-Lu|69/100\n|move|p2a: Ting-Lu|Ruination|p1a: Landorus\n|-damage|p1a: Landorus|29/100\n|\n|-end|p2a: Ting-Lu|move: Future Sight\n|-immune|p2a: Ting-Lu\n|-heal|p1a: Landorus|35/100|[from] item: Leftovers\n|upkeep\n|turn|9\n|\n|t:|1771222685\n|switch|p2a: Celesteela|Celesteela|100/100\n|move|p1a: Landorus|Earthquake|p2a: Celesteela\n|-immune|p2a: Celesteela\n|\n|-heal|p1a: Landorus|41/100|[from] item: Leftovers\n|upkeep\n|turn|10\n|\n|t:|1771222691\n|move|p1a: Landorus|U-turn|p2a: Celesteela\n|-resisted|p2a: Celesteela\n|-damage|p2a: Celesteela|94/100\n|\n|t:|1771222694\n|switch|p1a: Slowking|Slowking-Galar, M|100/100|[from] U-turn\n|move|p2a: Celesteela|Heavy Slam|p1a: Slowking\n|-damage|p1a: Slowking|44/100\n|\n|upkeep\n|turn|11\n|\n|t:|1771222698\n|switch|p1a: Alomomola|Alomomola, F|100/100\n|move|p2a: Celesteela|Heavy Slam|p1a: Alomomola\n|-resisted|p1a: Alomomola\n|-damage|p1a: Alomomola|87/100\n|-damage|p2a: Celesteela|78/100|[from] item: Rocky Helmet|[of] p1a: Alomomola\n|\n|upkeep\n|turn|12\n|\n|t:|1771222709\n|switch|p2a: Venusaur|Venusaur, F|90/100\n|move|p1a: Alomomola|Wish|p1a: Alomomola\n|\n|upkeep\n|turn|13\n|\n|t:|1771222717\n|switch|p1a: Slowking|Slowking-Galar, M|77/100\n|detailschange|p2a: Venusaur|Venusaur-Mega, F\n|-mega|p2a: Venusaur|Venusaur|Venusaurite\n|move|p2a: Venusaur|Earth Power|p1a: Slowking\n|-supereffective|p1a: Slowking\n|-damage|p1a: Slowking|40/100\n|-unboost|p1a: Slowking|spd|1\n|\n|-heal|p1a: Slowking|100/100|[from] move: Wish|[wisher] Alomomola\n|upkeep\n|turn|14\n|\n|t:|1771222724\n|move|p2a: Venusaur|Earth Power|p1a: Slowking\n|-supereffective|p1a: Slowking\n|-damage|p1a: Slowking|42/100\n|-prepare|p1a: Slowking|Chilly Reception|[premajor]\n|move|p1a: Slowking|Chilly Reception|p1a: Slowking\n|-weather|Snowscape\n|\n|t:|1771222729\n|switch|p1a: Landorus|Landorus-Therian, M|41/100|[from] Chilly Reception\n|-ability|p1a: Landorus|Intimidate|boost\n|-unboost|p2a: Venusaur|atk|1\n|\n|-weather|Snowscape|[upkeep]\n|-heal|p1a: Landorus|47/100|[from] item: Leftovers\n|upkeep\n|turn|15\n|\n|t:|1771222738\n|move|p1a: Landorus|U-turn|p2a: Venusaur\n|-damage|p2a: Venusaur|66/100\n|\n|t:|1771222741\n|switch|p1a: Slowking|Slowking-Galar, M|75/100|[from] U-turn\n|move|p2a: Venusaur|Giga Drain|p1a: Slowking\n|-resisted|p1a: Slowking\n|-damage|p1a: Slowking|64/100\n|-heal|p2a: Venusaur|74/100|[from] drain|[of] p1a: Slowking\n|\n|-weather|Snowscape|[upkeep]\n|upkeep\n|turn|16\n|\n|t:|1771222748\n|switch|p2a: Kommo-o|Kommo-o, M|100/100\n|move|p1a: Slowking|Future Sight|p2a: Kommo-o\n|-start|p1a: Slowking|move: Future Sight\n|\n|-weather|Snowscape|[upkeep]\n|upkeep\n|turn|17\n|\n|t:|1771222758\n|switch|p1a: Diancie|Diancie-Mega|100/100\n|-zpower|p2a: Kommo-o\n|move|p2a: Kommo-o|Clangorous Soulblaze|p1a: Diancie|[zeffect]\n|-immune|p1a: Diancie\n|\n|-weather|Snowscape|[upkeep]\n|upkeep\n|turn|18\n|\n|t:|1771222767\n|switch|p2a: Celesteela|Celesteela|78/100\n|move|p1a: Diancie|Moonblast|p2a: Celesteela\n|-resisted|p2a: Celesteela\n|-damage|p2a: Celesteela|57/100\n|\n|-weather|none\n|-end|p2a: Celesteela|move: Future Sight\n|-resisted|p2a: Celesteela\n|-damage|p2a: Celesteela|42/100\n|upkeep\n|turn|19\n|\n|t:|1771222776\n|switch|p1a: Alomomola|Alomomola, F|100/100\n|move|p2a: Celesteela|Flame Charge|p1a: Alomomola\n|-resisted|p1a: Alomomola\n|-damage|p1a: Alomomola|97/100\n|-boost|p2a: Celesteela|spe|1\n|-damage|p2a: Celesteela|26/100|[from] item: Rocky Helmet|[of] p1a: Alomomola\n|\n|upkeep\n|turn|20\n|\n|t:|1771222790\n|switch|p2a: Kommo-o|Kommo-o, M|100/100\n|move|p1a: Alomomola|Wish|p1a: Alomomola\n|\n|upkeep\n|turn|21\n|-message|iammistagrinch forfeited.\n|\n|win|yuxia233\n|raw|yuxia233's rating: 1567 &rarr; <strong>1590</strong><br />(+23 for winning)\n|raw|iammistagrinch's rating: 1611 &rarr; <strong>1588</strong><br />(-23 for losing)\n|l|☆iammistagrinch\n|player|p2|\n|l|☆yuxia233\n|player|p1|\n", "uploadtime": 1771223100, "views": 7, "formatid": "gen9nationaldex", "rating": 1588, "private": 0, "password": null}