{"id": "gen9nationaldex-2540218907", "format": "[Gen 9] National Dex", "players": ["gottapokeemall", "newlucas393"], "log": "|badge|p2|bronze|gen9uu|100-8\n|uhtml|medal-msg|<div class=\"broadcast-blue\">Curious what those medals under the avatar are? PS now has Ladder Seasons! For more information, check out the <a href=\"https://www.smogon.com/forums/threads/3740067/\">thread on Smogon.</a></div>\n|j|☆gottapokeemall\n|j|☆newlucas393\n|t:|1771177161\n|gametype|singles\n|player|p1|gottapokeemall|flannery|1591\n|player|p2|newlucas393|zinnia|1759\n|gen|9\n|tier|[Gen 9] National Dex\n|rated|\n|rule|HP Percentage Mod: HP is shown in percentages\n|rule|Endless Battle Clause: Forcing endless battles is banned\n|rule|Species Clause: Limit one of each Pokémon\n|rule|OHKO Clause: OHKO moves are banned\n|rule|Evasion Clause: Evasion abilities, items, and moves are banned\n|rule|Evasion Abilities Clause: Evasion abilities are banned\n|rule|Evasion Items Clause: Evasion items are banned\n|rule|Evasion Moves Clause: Evasion moves are banned\n|rule|Sleep Clause Mod: Limit one foe put to sleep\n|rule|Terastal Clause: You cannot Terastallize\n|clearpoke\n|poke|p1|Glimmora, F|\n|poke|p1|Latios, M|\n|poke|p1|Zapdos-Galar|\n|poke|p1|Basculegion-F, F|\n|poke|p1|Great Tusk|\n|poke|p1|Blacephalon|\n|poke|p2|Medicham, F|\n|poke|p2|Zapdos|\n|poke|p2|Ting-Lu|\n|poke|p2|Alomomola, F|\n|poke|p2|Kartana|\n|poke|p2|Volcarona, F|\n|teampreview\n|j| damaged_g\n|c|☆gottapokeemall|glhf\n|inactive|Battle timer is ON: inactive players will automatically lose when time's up. (requested by gottapokeemall)\n|\n|t:|1771177198\n|teamsize|p1|6\n|teamsize|p2|6\n|start\n|switch|p1a: Glimmora|Glimmora, F|100/100\n|switch|p2a: Medicham|Medicham, F|100/100\n|turn|1\n|\n|t:|1771177204\n|detailschange|p2a: Medicham|Medicham-Mega, F\n|-mega|p2a: Medicham|Medicham|Medichamite\n|move|p2a: Medicham|Fake Out|p1a: Glimmora\n|-resisted|p1a: Glimmora\n|-damage|p1a: Glimmora|86/100\n|-activate|p1a: Glimmora|ability: Toxic Debris\n|-sidestart|p2: newlucas393|move: Toxic Spikes\n|cant|p1a: Glimmora|flinch\n|\n|upkeep\n|turn|2\n|\n|t:|1771177213\n|move|p2a: Medicham|Close Combat|p1a: Glimmora\n|-crit|p1a: Glimmora\n|-damage|p1a: Glimmora|0 fnt\n|-unboost|p2a: Medicham|def|1\n|-unboost|p2a: Medicham|spd|1\n|-activate|p1a: Glimmora|ability: Toxic Debris\n|-sidestart|p2: newlucas393|move: Toxic Spikes\n|faint|p1a: Glimmora\n|\n|upkeep\n|\n|t:|1771177221\n|switch|p1a: Latios|Latios, M|100/100\n|turn|3\n|\n|t:|1771177232\n|switch|p2a: Ting-Lu|Ting-Lu|100/100\n|-status|p2a: Ting-Lu|tox\n|-ability|p2a: Ting-Lu|Vessel of Ruin\n|detailschange|p1a: Latios|Latios-Mega, M\n|-mega|p1a: Latios|Latios|Latiosite\n|move|p1a: Latios|Luster Purge|p2a: Ting-Lu\n|-immune|p2a: Ting-Lu\n|\n|-damage|p2a: Ting-Lu|94/100 tox|[from] psn\n|upkeep\n|turn|4\n|\n|t:|1771177243\n|switch|p1a: Great Tusk|Great Tusk|100/100\n|move|p2a: Ting-Lu|Stealth Rock|p1a: Great Tusk\n|-sidestart|p1: gottapokeemall|move: Stealth Rock\n|\n|-heal|p2a: Ting-Lu|100/100 tox|[from] item: Leftovers\n|-damage|p2a: Ting-Lu|88/100 tox|[from] psn\n|upkeep\n|turn|5\n|\n|t:|1771177248\n|switch|p2a: Zapdos|Zapdos|100/100\n|move|p1a: Great Tusk|Stealth Rock|p2a: Zapdos\n|-sidestart|p2: newlucas393|move: Stealth Rock\n|\n|upkeep\n|turn|6\n|\n|t:|1771177258\n|switch|p2a: Alomomola|Alomomola, F|100/100\n|move|p1a: Great Tusk|Rapid Spin|p2a: Alomomola\n|-damage|p2a: Alomomola|89/100\n|-boost|p1a: Great Tusk|spe|1\n|-sideend|p1: gottapokeemall|Stealth Rock|[from] move: Rapid Spin|[of] p1a: Great Tusk\n|\n|upkeep\n|turn|7\n|\n|t:|1771177267\n|-end|p1a: Great Tusk|Protosynthesis|[silent]\n|switch|p1a: Latios|Latios-Mega, M|100/100\n|move|p2a: Alomomola|Flip Turn|p1a: Latios\n|-resisted|p1a: Latios\n|-damage|p1a: Latios|91/100\n|\n|t:|1771177277\n|switch|p2a: Zapdos|Zapdos|100/100|[from] Flip Turn\n|\n|upkeep\n|turn|8\n|\n|t:|1771177283\n|move|p1a: Latios|Ice Beam|p2a: Zapdos\n|-supereffective|p2a: Zapdos\n|-damage|p2a: Zapdos|29/100\n|-status|p2a: Zapdos|frz\n|-curestatus|p2a: Zapdos|frz|[msg]\n|move|p2a: Zapdos|Defog|p1a: Latios\n|-unboost|p1a: Latios|evasion|1\n|-sideend|p2: newlucas393|Toxic Spikes|[from] move: Defog|[of] p2a: Zapdos\n|-sideend|p2: newlucas393|Stealth Rock|[from] move: Defog|[of] p2a: Zapdos\n|\n|upkeep\n|turn|9\n|\n|t:|1771177293\n|switch|p2a: Alomomola|Alomomola, F|100/100\n|move|p1a: Latios|Luster Purge|p2a: Alomomola\n|-crit|p2a: Alomomola\n|-damage|p2a: Alomomola|18/100\n|-unboost|p2a: Alomomola|spd|1\n|\n|upkeep\n|turn|10\n|\n|t:|1771177300\n|switch|p2a: Ting-Lu|Ting-Lu|88/100 tox\n|-ability|p2a: Ting-Lu|Vessel of Ruin\n|move|p1a: Latios|Ice Beam|p2a: Ting-Lu\n|-supereffective|p2a: Ting-Lu\n|-damage|p2a: Ting-Lu|58/100 tox\n|\n|-heal|p2a: Ting-Lu|64/100 tox|[from] item: Leftovers\n|-damage|p2a: Ting-Lu|58/100 tox|[from] psn\n|upkeep\n|turn|11\n|\n|t:|1771177312\n|switch|p1a: Great Tusk|Great Tusk|100/100\n|switch|p2a: Alomomola|Alomomola, F|51/100\n|\n|upkeep\n|turn|12\n|\n|t:|1771177319\n|move|p1a: Great Tusk|Stealth Rock|p2a: Alomomola\n|-sidestart|p2: newlucas393|move: Stealth Rock\n|move|p2a: Alomomola|Flip Turn|p1a: Great Tusk\n|-supereffective|p1a: Great Tusk\n|-damage|p1a: Great Tusk|77/100\n|\n|t:|1771177329\n|switch|p2a: Medicham|Medicham-Mega, F|100/100|[from] Flip Turn\n|-damage|p2a: Medicham|94/100|[from] Stealth Rock\n|\n|upkeep\n|turn|13\n|\n|t:|1771177344\n|-end|p1a: Great Tusk|Protosynthesis|[silent]\n|switch|p1a: Latios|Latios-Mega, M|91/100\n|move|p2a: Medicham|Zen Headbutt|p1a: Latios\n|-resisted|p1a: Latios\n|-damage|p1a: Latios|50/100\n|\n|upkeep\n|turn|14\n|\n|t:|1771177354\n|switch|p2a: Ting-Lu|Ting-Lu|58/100 tox\n|-damage|p2a: Ting-Lu|52/100 tox|[from] Stealth Rock\n|-ability|p2a: Ting-Lu|Vessel of Ruin\n|move|p1a: Latios|Roost|p1a: Latios\n|-heal|p1a: Latios|99/100\n|-singleturn|p1a: Latios|move: Roost\n|\n|-heal|p2a: Ting-Lu|58/100 tox|[from] item: Leftovers\n|-damage|p2a: Ting-Lu|52/100 tox|[from] psn\n|upkeep\n|turn|15\n|\n|t:|1771177362\n|move|p1a: Latios|Ice Beam|p2a: Ting-Lu\n|-supereffective|p2a: Ting-Lu\n|-damage|p2a: Ting-Lu|20/100 tox\n|move|p2a: Ting-Lu|Stealth Rock|p1a: Latios\n|-sidestart|p1: gottapokeemall|move: Stealth Rock\n|\n|-heal|p2a: Ting-Lu|26/100 tox|[from] item: Leftovers\n|-damage|p2a: Ting-Lu|14/100 tox|[from] psn\n|upkeep\n|turn|16\n|\n|t:|1771177374\n|switch|p1a: Zapdos|Zapdos-Galar|100/100\n|-damage|p1a: Zapdos|88/100|[from] Stealth Rock\n|move|p2a: Ting-Lu|Whirlwind|p1a: Zapdos\n|drag|p1a: Basculegion|Basculegion-F, F|100/100\n|-damage|p1a: Basculegion|88/100|[from] Stealth Rock\n|\n|-heal|p2a: Ting-Lu|20/100 tox|[from] item: Leftovers\n|-damage|p2a: Ting-Lu|1/100 tox|[from] psn\n|upkeep\n|turn|17\n|\n|t:|1771177382\n|switch|p2a: Alomomola|Alomomola, F|84/100\n|move|p1a: Basculegion|Flip Turn|p2a: Alomomola\n|-resisted|p2a: Alomomola\n|-damage|p2a: Alomomola|77/100\n|\n|t:|1771177397\n|switch|p1a: Great Tusk|Great Tusk|77/100|[from] Flip Turn\n|\n|upkeep\n|turn|18\n|\n|t:|1771177426\n|move|p1a: Great Tusk|Rapid Spin|p2a: Alomomola\n|-damage|p2a: Alomomola|65/100\n|-boost|p1a: Great Tusk|spe|1\n|-sideend|p1: gottapokeemall|Stealth Rock|[from] move: Rapid Spin|[of] p1a: Great Tusk\n|move|p2a: Alomomola|Flip Turn|p1a: Great Tusk\n|-supereffective|p1a: Great Tusk\n|-damage|p1a: Great Tusk|54/100\n|\n|t:|1771177432\n|switch|p2a: Medicham|Medicham-Mega, F|94/100|[from] Flip Turn\n|-damage|p2a: Medicham|88/100|[from] Stealth Rock\n|\n|upkeep\n|turn|19\n|\n|t:|1771177438\n|move|p2a: Medicham|Fake Out|p1a: Great Tusk\n|-damage|p1a: Great Tusk|36/100\n|cant|p1a: Great Tusk|flinch\n|\n|upkeep\n|turn|20\n|\n|t:|1771177444\n|switch|p2a: Alomomola|Alomomola, F|98/100\n|move|p1a: Great Tusk|Headlong Rush|p2a: Alomomola\n|-damage|p2a: Alomomola|57/100\n|-unboost|p1a: Great Tusk|def|1\n|-unboost|p1a: Great Tusk|spd|1\n|\n|upkeep\n|turn|21\n|\n|t:|1771177455\n|-end|p1a: Great Tusk|Protosynthesis|[silent]\n|switch|p1a: Latios|Latios-Mega, M|99/100\n|move|p2a: Alomomola|Flip Turn|p1a: Latios\n|-resisted|p1a: Latios\n|-damage|p1a: Latios|91/100\n|\n|t:|1771177465\n|switch|p2a: Volcarona|Volcarona, F|100/100|[from] Flip Turn\n|\n|upkeep\n|turn|22\n|\n|t:|1771177470\n|move|p1a: Latios|Thunder Wave|p2a: Volcarona\n|-status|p2a: Volcarona|par\n|move|p2a: Volcarona|Bug Buzz|p1a: Latios\n|-supereffective|p1a: Latios\n|-damage|p1a: Latios|0 fnt\n|faint|p1a: Latios\n|detailschange|p1: Latios|Latios, M|[silent]\n|\n|upkeep\n|\n|t:|1771177494\n|switch|p1a: Basculegion|Basculegion-F, F|88/100\n|turn|23\n|\n|t:|1771177501\n|switch|p2a: Ting-Lu|Ting-Lu|1/100 tox\n|-damage|p2a: Ting-Lu|0 fnt|[from] Stealth Rock\n|faint|p2a: Ting-Lu\n|move|p1a: Basculegion|Agility|p1a: Basculegion\n|-boost|p1a: Basculegion|spe|2\n|\n|upkeep\n|\n|t:|1771177516\n|switch|p2a: Alomomola|Alomomola, F|90/100\n|turn|24\n|\n|t:|1771177520\n|move|p1a: Basculegion|Hex|p2a: Alomomola\n|-damage|p2a: Alomomola|49/100\n|move|p2a: Alomomola|Toxic|p1a: Basculegion\n|-status|p1a: Basculegion|tox\n|\n|-damage|p1a: Basculegion|82/100 tox|[from] psn\n|upkeep\n|turn|25\n|\n|t:|1771177529\n|move|p1a: Basculegion|Hex|p2a: Alomomola\n|-crit|p2a: Alomomola\n|-damage|p2a: Alomomola|0 fnt\n|faint|p2a: Alomomola\n|\n|-damage|p1a: Basculegion|70/100 tox|[from] psn\n|upkeep\n|\n|t:|1771177536\n|switch|p2a: Volcarona|Volcarona, F|100/100 par\n|turn|26\n|c|☆newlucas393|lmao\n|\n|t:|1771177547\n|move|p1a: Basculegion|Hydro Pump|p2a: Volcarona|[miss]\n|-miss|p1a: Basculegion|p2a: Volcarona\n|move|p2a: Volcarona|Substitute|p2a: Volcarona\n|-start|p2a: Volcarona|Substitute\n|-damage|p2a: Volcarona|76/100 par\n|\n|-damage|p1a: Basculegion|52/100 tox|[from] psn\n|upkeep\n|turn|27\n|c|☆gottapokeemall|ope\n|\n|t:|1771177553\n|move|p1a: Basculegion|Hex|p2a: Volcarona\n|-end|p2a: Volcarona|Substitute\n|cant|p2a: Volcarona|par\n|\n|-damage|p1a: Basculegion|28/100 tox|[from] psn\n|upkeep\n|turn|28\n|\n|t:|1771177560\n|move|p1a: Basculegion|Hex|p2a: Volcarona\n|-damage|p2a: Volcarona|0 fnt\n|faint|p2a: Volcarona\n|\n|-damage|p1a: Basculegion|0 fnt|[from] psn\n|faint|p1a: Basculegion\n|upkeep\n|\n|t:|1771177572\n|switch|p2a: Zapdos|Zapdos|29/100\n|switch|p1a: Blacephalon|Blacephalon|100/100\n|turn|29\n|\n|t:|1771177584\n|move|p1a: Blacephalon|Shadow Ball|p2a: Zapdos\n|-damage|p2a: Zapdos|0 fnt\n|faint|p2a: Zapdos\n|-ability|p1a: Blacephalon|Beast Boost|boost\n|-boost|p1a: Blacephalon|spa|1\n|\n|upkeep\n|\n|t:|1771177592\n|switch|p2a: Kartana|Kartana|100/100\n|-damage|p2a: Kartana|94/100|[from] Stealth Rock\n|turn|30\n|\n|t:|1771177597\n|move|p1a: Blacephalon|Shadow Ball|p2a: Kartana\n|-damage|p2a: Kartana|0 fnt\n|faint|p2a: Kartana\n|-ability|p1a: Blacephalon|Beast Boost|boost\n|-boost|p1a: Blacephalon|spa|1\n|\n|upkeep\n|c|☆gottapokeemall|ggs\n|c|☆newlucas393|lucky ass\n|l|☆newlucas393\n|inactive|newlucas393 disconnected and has a minute to reconnect!\n|player|p2|\n|c|☆gottapokeemall|so lucky\n|l| damaged_g\n|inactive|newlucas393 has 30 seconds to reconnect!\n|inactive|newlucas393 has 20 seconds to reconnect!\n|inactive|newlucas393 has 15 seconds to reconnect!\n|inactive|newlucas393 has 10 seconds to reconnect!\n|inactive|newlucas393 has 5 seconds to reconnect!\n|-message|newlucas393 lost due to inactivity.\n|\n|win|gottapokeemall\n|raw|gottapokeemall's rating: 1591 &rarr; <strong>1620</strong><br />(+29 for winning)\n|raw|newlucas393's rating: 1759 &rarr; <strong>1730</strong><br />(-29 for losing)\n|l|☆gottapokeemall\n|player|p1|\n", "uploadtime": 1771177816, "views": 6, "formatid": "gen9nationaldex", "rating": 1620, "private": 0, "password": null}