{"id": "gen9nationaldex-2540233932", "format": "[Gen 9] National Dex", "players": ["Crsiu", "Zoowahp"], "log": "|j|☆Crsiu\n|j|☆Zoowahp\n|t:|1771178868\n|gametype|singles\n|player|p1|Crsiu|n|1666\n|player|p2|Zoowahp|2|1585\n|gen|9\n|tier|[Gen 9] National Dex\n|rated|\n|rule|HP Percentage Mod: HP is shown in percentages\n|rule|Endless Battle Clause: Forcing endless battles is banned\n|rule|Species Clause: Limit one of each Pokémon\n|rule|OHKO Clause: OHKO moves are banned\n|rule|Evasion Clause: Evasion abilities, items, and moves are banned\n|rule|Evasion Abilities Clause: Evasion abilities are banned\n|rule|Evasion Items Clause: Evasion items are banned\n|rule|Evasion Moves Clause: Evasion moves are banned\n|rule|Sleep Clause Mod: Limit one foe put to sleep\n|rule|Terastal Clause: You cannot Terastallize\n|clearpoke\n|poke|p1|Blaziken, M|\n|poke|p1|Tapu Lele|\n|poke|p1|Iron Treads|\n|poke|p1|Ninetales-Alola, M|\n|poke|p1|Raging Bolt|\n|poke|p1|Ursaluna, M|\n|poke|p2|Aerodactyl, M|\n|poke|p2|Latias, F|\n|poke|p2|Samurott-Hisui, M|\n|poke|p2|Heliolisk, M|\n|poke|p2|Great Tusk|\n|poke|p2|Iron Jugulis|\n|teampreview\n|\n|t:|1771178875\n|teamsize|p1|6\n|teamsize|p2|6\n|start\n|switch|p1a: Raging Bolt|Raging Bolt|100/100\n|switch|p2a: Samurott|Samurott-Hisui, M|100/100\n|turn|1\n|inactive|Battle timer is ON: inactive players will automatically lose when time's up. (requested by Zoowahp)\n|\n|t:|1771178883\n|move|p2a: Samurott|Ceaseless Edge|p1a: Raging Bolt\n|-damage|p1a: Raging Bolt|62/100\n|-sidestart|p1: Crsiu|Spikes\n|move|p1a: Raging Bolt|Draco Meteor|p2a: Samurott\n|-enditem|p2a: Samurott|Focus Sash\n|-damage|p2a: Samurott|1/100\n|-unboost|p1a: Raging Bolt|spa|2\n|\n|upkeep\n|turn|2\n|\n|t:|1771178889\n|-end|p1a: Raging Bolt|Protosynthesis|[silent]\n|switch|p1a: Ninetales|Ninetales-Alola, M|100/100\n|-damage|p1a: Ninetales|88/100|[from] Spikes\n|-weather|Snowscape|[from] ability: Snow Warning|[of] p1a: Ninetales\n|move|p2a: Samurott|Aqua Jet|p1a: Ninetales\n|-damage|p1a: Ninetales|72/100\n|\n|-weather|Snowscape|[upkeep]\n|upkeep\n|turn|3\n|\n|t:|1771178895\n|move|p1a: Ninetales|Aurora Veil|p1a: Ninetales\n|-sidestart|p1: Crsiu|move: Aurora Veil\n|move|p2a: Samurott|Ceaseless Edge|p1a: Ninetales\n|-resisted|p1a: Ninetales\n|-damage|p1a: Ninetales|62/100\n|-sidestart|p1: Crsiu|Spikes\n|\n|-weather|Snowscape|[upkeep]\n|upkeep\n|turn|4\n|\n|t:|1771178899\n|switch|p1a: Iron Treads|Iron Treads|100/100\n|-damage|p1a: Iron Treads|84/100|[from] Spikes\n|move|p2a: Samurott|Ceaseless Edge|p1a: Iron Treads\n|-damage|p1a: Iron Treads|62/100\n|-sidestart|p1: Crsiu|Spikes\n|\n|-weather|Snowscape|[upkeep]\n|upkeep\n|turn|5\n|\n|t:|1771178902\n|switch|p2a: Great Tusk|Great Tusk|100/100\n|move|p1a: Iron Treads|Rapid Spin|p2a: Great Tusk\n|-damage|p2a: Great Tusk|89/100\n|-boost|p1a: Iron Treads|spe|1\n|-sideend|p1: Crsiu|Spikes|[from] move: Rapid Spin|[of] p1a: Iron Treads\n|\n|-weather|Snowscape|[upkeep]\n|upkeep\n|turn|6\n|\n|t:|1771178906\n|move|p1a: Iron Treads|Stealth Rock|p2a: Great Tusk\n|-sidestart|p2: Zoowahp|move: Stealth Rock\n|move|p2a: Great Tusk|Brick Break|p1a: Iron Treads\n|-sideend|p1: Crsiu|move: Aurora Veil\n|-supereffective|p1a: Iron Treads\n|-damage|p1a: Iron Treads|0 fnt\n|faint|p1a: Iron Treads\n|-end|p1a: Iron Treads|Quark Drive|[silent]\n|\n|-weather|none\n|upkeep\n|\n|t:|1771178911\n|switch|p1a: Tapu Lele|Tapu Lele|100/100\n|-fieldstart|move: Psychic Terrain|[from] ability: Psychic Surge|[of] p1a: Tapu Lele\n|turn|7\n|\n|t:|1771178916\n|move|p1a: Tapu Lele|Moonblast|p2a: Great Tusk\n|-supereffective|p2a: Great Tusk\n|-damage|p2a: Great Tusk|16/100\n|move|p2a: Great Tusk|Rapid Spin|p1a: Tapu Lele\n|-damage|p1a: Tapu Lele|73/100\n|-boost|p2a: Great Tusk|spe|1\n|-sideend|p2: Zoowahp|Stealth Rock|[from] move: Rapid Spin|[of] p2a: Great Tusk\n|\n|upkeep\n|turn|8\n|\n|t:|1771178920\n|move|p1a: Tapu Lele|Moonblast|p2a: Great Tusk\n|-supereffective|p2a: Great Tusk\n|-damage|p2a: Great Tusk|0 fnt\n|faint|p2a: Great Tusk\n|-end|p2a: Great Tusk|Protosynthesis|[silent]\n|\n|upkeep\n|\n|t:|1771178923\n|switch|p2a: Heliolisk|Heliolisk, M|100/100\n|-item|p2a: Heliolisk|Air Balloon\n|turn|9\n|\n|t:|1771178930\n|switch|p1a: Raging Bolt|Raging Bolt|62/100\n|move|p2a: Heliolisk|Glare|p1a: Raging Bolt\n|-immune|p1a: Raging Bolt\n|\n|upkeep\n|turn|10\n|\n|t:|1771178939\n|move|p2a: Heliolisk|Hyper Voice|p1a: Raging Bolt\n|-damage|p1a: Raging Bolt|28/100\n|move|p1a: Raging Bolt|Volt Switch|p2a: Heliolisk\n|-resisted|p2a: Heliolisk\n|-damage|p2a: Heliolisk|58/100\n|-enditem|p2a: Heliolisk|Air Balloon\n|\n|t:|1771178946\n|-end|p1a: Raging Bolt|Protosynthesis|[silent]\n|switch|p1a: Tapu Lele|Tapu Lele|73/100|[from] Volt Switch\n|\n|upkeep\n|turn|11\n|\n|t:|1771178950\n|switch|p2a: Samurott|Samurott-Hisui, M|1/100\n|move|p1a: Tapu Lele|Psychic|p2a: Samurott\n|-immune|p2a: Samurott\n|\n|-fieldend|move: Psychic Terrain\n|upkeep\n|turn|12\n|\n|t:|1771178955\n|switch|p1a: Ninetales|Ninetales-Alola, M|62/100\n|-weather|Snowscape|[from] ability: Snow Warning|[of] p1a: Ninetales\n|move|p2a: Samurott|Ceaseless Edge|p1a: Ninetales\n|-resisted|p1a: Ninetales\n|-damage|p1a: Ninetales|44/100\n|-sidestart|p1: Crsiu|Spikes\n|\n|-weather|Snowscape|[upkeep]\n|upkeep\n|turn|13\n|\n|t:|1771178958\n|move|p1a: Ninetales|Freeze-Dry|p2a: Samurott\n|-supereffective|p2a: Samurott\n|-damage|p2a: Samurott|0 fnt\n|faint|p2a: Samurott\n|\n|-weather|Snowscape|[upkeep]\n|upkeep\n|\n|t:|1771178965\n|switch|p2a: Latias|Latias, F, shiny|100/100\n|turn|14\n|\n|t:|1771178969\n|move|p2a: Latias|Mystical Fire|p1a: Ninetales\n|-supereffective|p1a: Ninetales\n|-damage|p1a: Ninetales|0 fnt\n|faint|p1a: Ninetales\n|\n|-weather|Snowscape|[upkeep]\n|upkeep\n|\n|t:|1771178973\n|switch|p1a: Tapu Lele|Tapu Lele|73/100\n|-damage|p1a: Tapu Lele|60/100|[from] Spikes\n|-fieldstart|move: Psychic Terrain|[from] ability: Psychic Surge|[of] p1a: Tapu Lele\n|turn|15\n|\n|t:|1771178976\n|move|p1a: Tapu Lele|Moonblast|p2a: Latias\n|-supereffective|p2a: Latias\n|-damage|p2a: Latias|6/100\n|move|p2a: Latias|Mystical Fire|p1a: Tapu Lele\n|-damage|p1a: Tapu Lele|25/100\n|-unboost|p1a: Tapu Lele|spa|1\n|\n|-weather|Snowscape|[upkeep]\n|upkeep\n|turn|16\n|\n|t:|1771178979\n|move|p1a: Tapu Lele|Moonblast|p2a: Latias\n|-supereffective|p2a: Latias\n|-damage|p2a: Latias|0 fnt\n|faint|p2a: Latias\n|\n|-weather|none\n|upkeep\n|\n|t:|1771178993\n|switch|p2a: Heliolisk|Heliolisk, M|58/100\n|turn|17\n|\n|t:|1771178995\n|switch|p1a: Raging Bolt|Raging Bolt|28/100\n|-damage|p1a: Raging Bolt|16/100|[from] Spikes\n|move|p2a: Heliolisk|Hyper Voice|p1a: Raging Bolt\n|-damage|p1a: Raging Bolt|0 fnt\n|faint|p1a: Raging Bolt\n|-end|p1a: Raging Bolt|Protosynthesis|[silent]\n|\n|upkeep\n|\n|t:|1771179003\n|switch|p1a: Tapu Lele|Tapu Lele|25/100\n|-damage|p1a: Tapu Lele|13/100|[from] Spikes\n|turn|18\n|\n|t:|1771179005\n|move|p1a: Tapu Lele|Moonblast|p2a: Heliolisk\n|-damage|p2a: Heliolisk|0 fnt\n|faint|p2a: Heliolisk\n|\n|upkeep\n|\n|t:|1771179007\n|switch|p2a: Aerodactyl|Aerodactyl, M|100/100\n|-ability|p2a: Aerodactyl|Pressure\n|turn|19\n|\n|t:|1771179011\n|switch|p1a: Ursaluna|Ursaluna, M|100/100\n|-damage|p1a: Ursaluna|88/100|[from] Spikes\n|detailschange|p2a: Aerodactyl|Aerodactyl-Mega, M\n|-mega|p2a: Aerodactyl|Aerodactyl|Aerodactylite\n|move|p2a: Aerodactyl|Dragon Dance|p2a: Aerodactyl\n|-boost|p2a: Aerodactyl|atk|1\n|-boost|p2a: Aerodactyl|spe|1\n|\n|-fieldend|move: Psychic Terrain\n|-status|p1a: Ursaluna|brn|[from] item: Flame Orb\n|upkeep\n|turn|20\n|\n|t:|1771179017\n|move|p2a: Aerodactyl|Dual Wingbeat|p1a: Ursaluna\n|-damage|p1a: Ursaluna|55/100 brn\n|-damage|p1a: Ursaluna|22/100 brn\n|-hitcount|p1a: Ursaluna|2\n|move|p1a: Ursaluna|Facade|p2a: Aerodactyl\n|-resisted|p2a: Aerodactyl\n|-damage|p2a: Aerodactyl|22/100\n|\n|-damage|p1a: Ursaluna|16/100 brn|[from] brn\n|upkeep\n|turn|21\n|\n|t:|1771179026\n|move|p2a: Aerodactyl|Earthquake|p1a: Ursaluna\n|-damage|p1a: Ursaluna|0 fnt\n|faint|p1a: Ursaluna\n|\n|upkeep\n|\n|t:|1771179028\n|switch|p1a: Tapu Lele|Tapu Lele|13/100\n|-damage|p1a: Tapu Lele|0 fnt|[from] Spikes\n|faint|p1a: Tapu Lele\n|\n|t:|1771179031\n|switch|p1a: Blaziken|Blaziken, M, shiny|100/100\n|-damage|p1a: Blaziken|88/100|[from] Spikes\n|turn|22\n|\n|t:|1771179035\n|move|p1a: Blaziken|Endure|p1a: Blaziken\n|-singleturn|p1a: Blaziken|move: Endure\n|move|p2a: Aerodactyl|Earthquake|p1a: Blaziken\n|-supereffective|p1a: Blaziken\n|-activate|p1a: Blaziken|move: Endure\n|-damage|p1a: Blaziken|1/100\n|\n|-ability|p1a: Blaziken|Speed Boost|boost\n|-boost|p1a: Blaziken|spe|1\n|upkeep\n|turn|23\n|\n|t:|1771179037\n|move|p1a: Blaziken|Endure||[still]\n|-fail|p1a: Blaziken\n|move|p2a: Aerodactyl|Earthquake|p1a: Blaziken\n|-supereffective|p1a: Blaziken\n|-damage|p1a: Blaziken|0 fnt\n|faint|p1a: Blaziken\n|\n|win|Zoowahp\n|raw|Crsiu's rating: 1666 &rarr; <strong>1641</strong><br />(-25 for losing)\n|raw|Zoowahp's rating: 1585 &rarr; <strong>1610</strong><br />(+25 for winning)\n|l|☆Zoowahp\n|player|p2|\n|l|☆Crsiu\n|player|p1|\n", "uploadtime": 1771179178, "views": 7, "formatid": "gen9nationaldex", "rating": 1610, "private": 0, "password": null}