{"id": "gen9nationaldex-2540631343", "format": "[Gen 9] National Dex", "players": ["Jadii_Xii", "ndx_alt17"], "log": "|j|☆Jadii_Xii\n|j|☆ndx_alt17\n|t:|1771230762\n|gametype|singles\n|player|p1|Jadii_Xii|aaron|1649\n|player|p2|ndx_alt17|nate|1614\n|gen|9\n|tier|[Gen 9] National Dex\n|rated|\n|rule|HP Percentage Mod: HP is shown in percentages\n|rule|Endless Battle Clause: Forcing endless battles is banned\n|rule|Species Clause: Limit one of each Pokémon\n|rule|OHKO Clause: OHKO moves are banned\n|rule|Evasion Clause: Evasion abilities, items, and moves are banned\n|rule|Evasion Abilities Clause: Evasion abilities are banned\n|rule|Evasion Items Clause: Evasion items are banned\n|rule|Evasion Moves Clause: Evasion moves are banned\n|rule|Sleep Clause Mod: Limit one foe put to sleep\n|rule|Terastal Clause: You cannot Terastallize\n|clearpoke\n|poke|p1|Urshifu-*, M|\n|poke|p1|Porygon-Z|\n|poke|p1|Gengar, F|\n|poke|p1|Grimmsnarl, M|\n|poke|p1|Garchomp, F|\n|poke|p1|Volcarona, M|\n|poke|p2|Azumarill, F|\n|poke|p2|Gholdengo|\n|poke|p2|Lopunny, F|\n|poke|p2|Volcanion|\n|poke|p2|Corviknight, M|\n|poke|p2|Clodsire, M|\n|teampreview\n|\n|t:|1771230776\n|teamsize|p1|6\n|teamsize|p2|6\n|start\n|switch|p1a: Garchomp|Garchomp, F|100/100\n|switch|p2a: Azumarill|Azumarill, F, shiny|100/100\n|turn|1\n|inactive|Battle timer is ON: inactive players will automatically lose when time's up. (requested by Jadii_Xii)\n|\n|t:|1771230782\n|move|p1a: Garchomp|Stealth Rock|p2a: Azumarill\n|-sidestart|p2: ndx_alt17|move: Stealth Rock\n|move|p2a: Azumarill|Play Rough|p1a: Garchomp\n|-supereffective|p1a: Garchomp\n|-damage|p1a: Garchomp|0 fnt\n|-damage|p2a: Azumarill|88/100|[from] ability: Rough Skin|[of] p1a: Garchomp\n|-damage|p2a: Azumarill|71/100|[from] item: Rocky Helmet|[of] p1a: Garchomp\n|faint|p1a: Garchomp\n|\n|upkeep\n|\n|t:|1771230785\n|switch|p1a: Gengar|Gengar, F|100/100\n|turn|2\n|\n|t:|1771230789\n|switch|p2a: Clodsire|Clodsire, M, shiny|100/100\n|-damage|p2a: Clodsire|94/100|[from] Stealth Rock\n|move|p1a: Gengar|Sludge Bomb|p2a: Clodsire\n|-resisted|p2a: Clodsire\n|-damage|p2a: Clodsire|88/100\n|\n|-heal|p2a: Clodsire|94/100|[from] item: Black Sludge\n|upkeep\n|turn|3\n|\n|t:|1771230792\n|move|p1a: Gengar|Taunt|p2a: Clodsire\n|-start|p2a: Clodsire|move: Taunt\n|cant|p2a: Clodsire|move: Taunt|Stealth Rock\n|\n|-heal|p2a: Clodsire|100/100|[from] item: Black Sludge\n|upkeep\n|turn|4\n|\n|t:|1771230796\n|switch|p1a: Urshifu|Urshifu-Rapid-Strike, M|100/100\n|switch|p2a: Corviknight|Corviknight, M, shiny|100/100\n|-damage|p2a: Corviknight|88/100|[from] Stealth Rock\n|-ability|p2a: Corviknight|Pressure\n|\n|upkeep\n|turn|5\n|\n|t:|1771230798\n|move|p1a: Urshifu|Swords Dance|p1a: Urshifu\n|-boost|p1a: Urshifu|atk|2\n|move|p2a: Corviknight|Defog|p1a: Urshifu\n|-unboost|p1a: Urshifu|evasion|1\n|-sideend|p2: ndx_alt17|Stealth Rock|[from] move: Defog|[of] p2a: Corviknight\n|\n|upkeep\n|turn|6\n|\n|t:|1771230800\n|move|p1a: Urshifu|Surging Strikes|p2a: Corviknight\n|-crit|p2a: Corviknight\n|-damage|p2a: Corviknight|61/100\n|-crit|p2a: Corviknight\n|-damage|p2a: Corviknight|35/100\n|-crit|p2a: Corviknight\n|-damage|p2a: Corviknight|10/100\n|-hitcount|p2a: Corviknight|3\n|move|p2a: Corviknight|Brave Bird|p1a: Urshifu\n|-supereffective|p1a: Urshifu\n|-damage|p1a: Urshifu|35/100\n|-damage|p2a: Corviknight|0 fnt|[from] Recoil\n|faint|p2a: Corviknight\n|\n|upkeep\n|\n|t:|1771230804\n|switch|p2a: Lopunny|Lopunny, F|100/100\n|turn|7\n|\n|t:|1771230806\n|switch|p1a: Volcarona|Volcarona, M|100/100\n|detailschange|p2a: Lopunny|Lopunny-Mega, F\n|-mega|p2a: Lopunny|Lopunny|Lopunnite\n|move|p2a: Lopunny|Return|p1a: Volcarona\n|-damage|p1a: Volcarona|21/100\n|\n|upkeep\n|turn|8\n|\n|t:|1771230809\n|move|p2a: Lopunny|Return|p1a: Volcarona\n|-damage|p1a: Volcarona|0 fnt\n|faint|p1a: Volcarona\n|\n|upkeep\n|\n|t:|1771230810\n|switch|p1a: Grimmsnarl|Grimmsnarl, M|100/100\n|turn|9\n|\n|t:|1771230813\n|switch|p2a: Clodsire|Clodsire, M, shiny|100/100\n|move|p1a: Grimmsnarl|Thunder Wave|p2a: Clodsire\n|-immune|p2a: Clodsire\n|\n|upkeep\n|turn|10\n|\n|t:|1771230817\n|switch|p1a: Urshifu|Urshifu-Rapid-Strike, M|35/100\n|move|p2a: Clodsire|Stealth Rock|p1a: Urshifu\n|-sidestart|p1: Jadii_Xii|move: Stealth Rock\n|\n|upkeep\n|turn|11\n|\n|t:|1771230820\n|move|p1a: Urshifu|Surging Strikes|p2a: Clodsire\n|-supereffective|p2a: Clodsire\n|-crit|p2a: Clodsire\n|-damage|p2a: Clodsire|50/100\n|-supereffective|p2a: Clodsire\n|-crit|p2a: Clodsire\n|-damage|p2a: Clodsire|3/100\n|-supereffective|p2a: Clodsire\n|-crit|p2a: Clodsire\n|-damage|p2a: Clodsire|0 fnt\n|faint|p2a: Clodsire\n|-hitcount|p2: Clodsire|3\n|\n|upkeep\n|\n|t:|1771230823\n|switch|p2a: Lopunny|Lopunny-Mega, F|100/100\n|turn|12\n|\n|t:|1771230824\n|move|p2a: Lopunny|Return|p1a: Urshifu\n|-damage|p1a: Urshifu|0 fnt\n|faint|p1a: Urshifu\n|\n|upkeep\n|\n|t:|1771230825\n|switch|p1a: Grimmsnarl|Grimmsnarl, M|100/100\n|-damage|p1a: Grimmsnarl|88/100|[from] Stealth Rock\n|turn|13\n|\n|t:|1771230829\n|switch|p2a: Volcanion|Volcanion|100/100\n|move|p1a: Grimmsnarl|Reflect|p1a: Grimmsnarl\n|-sidestart|p1: Jadii_Xii|Reflect\n|\n|upkeep\n|turn|14\n|\n|t:|1771230831\n|switch|p2a: Gholdengo|Gholdengo|100/100\n|move|p1a: Grimmsnarl|Light Screen|p1a: Grimmsnarl\n|-sidestart|p1: Jadii_Xii|move: Light Screen\n|\n|upkeep\n|turn|15\n|\n|t:|1771230836\n|-zpower|p2a: Gholdengo\n|move|p2a: Gholdengo|Never-Ending Nightmare|p1a: Grimmsnarl|[zeffect]\n|-resisted|p1a: Grimmsnarl\n|-damage|p1a: Grimmsnarl|69/100\n|move|p1a: Grimmsnarl|Spirit Break|p2a: Gholdengo\n|-resisted|p2a: Gholdengo\n|-damage|p2a: Gholdengo|84/100\n|-unboost|p2a: Gholdengo|spa|1\n|\n|upkeep\n|turn|16\n|\n|t:|1771230841\n|switch|p1a: Porygon-Z|Porygon-Z, shiny|100/100\n|-damage|p1a: Porygon-Z|88/100|[from] Stealth Rock\n|-ability|p1a: Porygon-Z|Download|boost\n|-boost|p1a: Porygon-Z|spa|1\n|move|p2a: Gholdengo|Make It Rain|p1a: Porygon-Z\n|-damage|p1a: Porygon-Z|61/100\n|-unboost|p2a: Gholdengo|spa|1\n|\n|upkeep\n|turn|17\n|\n|t:|1771230848\n|switch|p2a: Lopunny|Lopunny-Mega, F|100/100\n|-zpower|p1a: Porygon-Z\n|move|p1a: Porygon-Z|Z-Conversion|p1a: Porygon-Z|[anim]Conversion\n|-boost|p1a: Porygon-Z|atk|1|[zeffect]\n|-boost|p1a: Porygon-Z|def|1|[zeffect]\n|-boost|p1a: Porygon-Z|spa|1|[zeffect]\n|-boost|p1a: Porygon-Z|spd|1|[zeffect]\n|-boost|p1a: Porygon-Z|spe|1|[zeffect]\n|-start|p1a: Porygon-Z|typechange|Ghost\n|\n|upkeep\n|turn|18\n|\n|t:|1771230851\n|move|p2a: Lopunny|Fake Out|p1a: Porygon-Z\n|-damage|p1a: Porygon-Z|51/100\n|cant|p1a: Porygon-Z|flinch\n|\n|upkeep\n|turn|19\n|\n|t:|1771230854\n|switch|p2a: Volcanion|Volcanion|100/100\n|move|p1a: Porygon-Z|Thunderbolt|p2a: Volcanion\n|-supereffective|p2a: Volcanion\n|-damage|p2a: Volcanion|19/100\n|\n|upkeep\n|turn|20\n|\n|t:|1771230858\n|move|p1a: Porygon-Z|Thunderbolt|p2a: Volcanion\n|-supereffective|p2a: Volcanion\n|-damage|p2a: Volcanion|0 fnt\n|faint|p2a: Volcanion\n|\n|-sideend|p1: Jadii_Xii|Reflect\n|upkeep\n|\n|t:|1771230859\n|switch|p2a: Lopunny|Lopunny-Mega, F|100/100\n|turn|21\n|\n|t:|1771230861\n|move|p2a: Lopunny|Fake Out|p1a: Porygon-Z\n|-damage|p1a: Porygon-Z|29/100\n|cant|p1a: Porygon-Z|flinch\n|\n|-sideend|p1: Jadii_Xii|move: Light Screen\n|upkeep\n|turn|22\n|\n|t:|1771230865\n|switch|p2a: Gholdengo|Gholdengo|84/100\n|move|p1a: Porygon-Z|Thunderbolt|p2a: Gholdengo\n|-damage|p2a: Gholdengo|4/100\n|\n|upkeep\n|turn|23\n|\n|t:|1771230866\n|move|p1a: Porygon-Z|Thunderbolt|p2a: Gholdengo\n|-damage|p2a: Gholdengo|0 fnt\n|faint|p2a: Gholdengo\n|\n|upkeep\n|\n|t:|1771230868\n|switch|p2a: Azumarill|Azumarill, F, shiny|71/100\n|turn|24\n|\n|t:|1771230870\n|move|p2a: Azumarill|Aqua Jet|p1a: Porygon-Z\n|-damage|p1a: Porygon-Z|0 fnt\n|faint|p1a: Porygon-Z\n|\n|upkeep\n|\n|t:|1771230872\n|switch|p1a: Grimmsnarl|Grimmsnarl, M|69/100\n|-damage|p1a: Grimmsnarl|56/100|[from] Stealth Rock\n|turn|25\n|\n|t:|1771230874\n|move|p1a: Grimmsnarl|Reflect|p1a: Grimmsnarl\n|-sidestart|p1: Jadii_Xii|Reflect\n|move|p2a: Azumarill|Aqua Jet|p1a: Grimmsnarl\n|-damage|p1a: Grimmsnarl|36/100\n|\n|upkeep\n|turn|26\n|\n|t:|1771230878\n|switch|p1a: Gengar|Gengar, F|100/100\n|-damage|p1a: Gengar|88/100|[from] Stealth Rock\n|move|p2a: Azumarill|Aqua Jet|p1a: Gengar\n|-damage|p1a: Gengar|52/100\n|\n|upkeep\n|turn|27\n|\n|t:|1771230880\n|move|p2a: Azumarill|Aqua Jet|p1a: Gengar\n|-damage|p1a: Gengar|12/100\n|move|p1a: Gengar|Sludge Bomb|p2a: Azumarill\n|-supereffective|p2a: Azumarill\n|-damage|p2a: Azumarill|0 fnt\n|faint|p2a: Azumarill\n|\n|upkeep\n|\n|t:|1771230883\n|switch|p2a: Lopunny|Lopunny-Mega, F|100/100\n|turn|28\n|\n|t:|1771230886\n|move|p2a: Lopunny|Fake Out|p1a: Gengar\n|-damage|p1a: Gengar|0 fnt\n|faint|p1a: Gengar\n|\n|upkeep\n|\n|t:|1771230888\n|switch|p1a: Grimmsnarl|Grimmsnarl, M|36/100\n|-damage|p1a: Grimmsnarl|23/100|[from] Stealth Rock\n|turn|29\n|\n|t:|1771230890\n|move|p1a: Grimmsnarl|Thunder Wave|p2a: Lopunny\n|-status|p2a: Lopunny|par\n|move|p2a: Lopunny|Close Combat|p1a: Grimmsnarl\n|-damage|p1a: Grimmsnarl|0 fnt\n|-unboost|p2a: Lopunny|def|1\n|-unboost|p2a: Lopunny|spd|1\n|faint|p1a: Grimmsnarl\n|\n|win|ndx_alt17\n|raw|Jadii_Xii's rating: 1649 &rarr; <strong>1627</strong><br />(-22 for losing)\n|raw|ndx_alt17's rating: 1614 &rarr; <strong>1636</strong><br />(+22 for winning)\n|l|☆Jadii_Xii\n|player|p1|\n|l|☆ndx_alt17\n|player|p2|\n", "uploadtime": 1771231237, "views": 13, "formatid": "gen9nationaldex", "rating": 1627, "private": 0, "password": null}