{"id": "gen9nationaldex-2540670713", "format": "[Gen 9] National Dex", "players": ["kasalijie", "xyyyyyz"], "log": "|j|☆kasalijie\n|j|☆xyyyyyz\n|t:|1771237616\n|gametype|singles\n|player|p1|kasalijie|miku-flying|1630\n|player|p2|xyyyyyz|miku-fire|1605\n|gen|9\n|tier|[Gen 9] National Dex\n|rated|\n|rule|HP Percentage Mod: HP is shown in percentages\n|rule|Endless Battle Clause: Forcing endless battles is banned\n|rule|Species Clause: Limit one of each Pokémon\n|rule|OHKO Clause: OHKO moves are banned\n|rule|Evasion Clause: Evasion abilities, items, and moves are banned\n|rule|Evasion Abilities Clause: Evasion abilities are banned\n|rule|Evasion Items Clause: Evasion items are banned\n|rule|Evasion Moves Clause: Evasion moves are banned\n|rule|Sleep Clause Mod: Limit one foe put to sleep\n|rule|Terastal Clause: You cannot Terastallize\n|clearpoke\n|poke|p1|Zamazenta-*|\n|poke|p1|Zapdos|\n|poke|p1|Great Tusk|\n|poke|p1|Kingambit, M|\n|poke|p1|Landorus-Therian, M|\n|poke|p1|Kyurem|\n|poke|p2|Zapdos|\n|poke|p2|Hoopa-Unbound|\n|poke|p2|Glimmora, M|\n|poke|p2|Gholdengo|\n|poke|p2|Lopunny, F|\n|poke|p2|Alomomola, F|\n|teampreview\n|inactive|Battle timer is ON: inactive players will automatically lose when time's up. (requested by xyyyyyz)\n|\n|t:|1771237642\n|teamsize|p1|6\n|teamsize|p2|6\n|start\n|switch|p1a: Landorus|Landorus-Therian, M|100/100\n|switch|p2a: Alomomola|Alomomola, F|100/100\n|-ability|p1a: Landorus|Intimidate|boost\n|-unboost|p2a: Alomomola|atk|1\n|turn|1\n|\n|t:|1771237661\n|switch|p2a: Lopunny|Lopunny, F, shiny|100/100\n|move|p1a: Landorus|U-turn|p2a: Lopunny\n|-damage|p2a: Lopunny|43/100\n|inactive|kasalijie has 120 seconds left.\n|c|☆xyyyyyz|？\n|\n|t:|1771237689\n|switch|p1a: Great Tusk|Great Tusk|100/100|[from] U-turn\n|\n|upkeep\n|turn|2\n|inactive|kasalijie has 120 seconds left.\n|\n|t:|1771237707\n|detailschange|p2a: Lopunny|Lopunny-Mega, F, shiny\n|-mega|p2a: Lopunny|Lopunny|Lopunnite\n|move|p2a: Lopunny|Fake Out|p1a: Great Tusk\n|-damage|p1a: Great Tusk|86/100\n|cant|p1a: Great Tusk|flinch\n|\n|upkeep\n|turn|3\n|\n|t:|1771237720\n|move|p1a: Great Tusk|Close Combat|p2a: Lopunny\n|-supereffective|p2a: Lopunny\n|-damage|p2a: Lopunny|0 fnt\n|-unboost|p1a: Great Tusk|def|1\n|-unboost|p1a: Great Tusk|spd|1\n|faint|p2a: Lopunny\n|detailschange|p2: Lopunny|Lopunny, F, shiny|[silent]\n|\n|upkeep\n|\n|t:|1771237723\n|switch|p2a: Alomomola|Alomomola, F|100/100\n|turn|4\n|\n|t:|1771237731\n|-end|p1a: Great Tusk|Protosynthesis|[silent]\n|switch|p1a: Kyurem|Kyurem|100/100\n|-ability|p1a: Kyurem|Pressure\n|move|p2a: Alomomola|Flip Turn|p1a: Kyurem\n|-resisted|p1a: Kyurem\n|-damage|p1a: Kyurem|93/100\n|\n|t:|1771237743\n|switch|p2a: Gholdengo|Gholdengo|100/100|[from] Flip Turn\n|-item|p2a: Gholdengo|Air Balloon\n|\n|upkeep\n|turn|5\n|inactive|kasalijie has 120 seconds left.\n|\n|t:|1771237766\n|move|p1a: Kyurem|Draco Meteor|p2a: Gholdengo\n|-resisted|p2a: Gholdengo\n|-damage|p2a: Gholdengo|69/100\n|-unboost|p1a: Kyurem|spa|2\n|-enditem|p2a: Gholdengo|Air Balloon\n|move|p2a: Gholdengo|Focus Blast|p1a: Kyurem\n|-supereffective|p1a: Kyurem\n|-damage|p1a: Kyurem|20/100\n|\n|upkeep\n|turn|6\n|inactive|kasalijie has 120 seconds left.\n|\n|t:|1771237779\n|switch|p1a: Landorus|Landorus-Therian, M|100/100\n|-ability|p1a: Landorus|Intimidate|boost\n|-unboost|p2a: Gholdengo|atk|1\n|move|p2a: Gholdengo|Recover|p2a: Gholdengo\n|-heal|p2a: Gholdengo|100/100\n|\n|upkeep\n|turn|7\n|inactive|kasalijie has 120 seconds left.\n|\n|t:|1771237791\n|switch|p2a: Zapdos|Zapdos|100/100\n|move|p1a: Landorus|Earthquake|p2a: Zapdos\n|-immune|p2a: Zapdos\n|\n|upkeep\n|turn|8\n|inactive|kasalijie has 120 seconds left.\n|\n|t:|1771237804\n|switch|p1a: Kyurem|Kyurem|20/100\n|-ability|p1a: Kyurem|Pressure\n|move|p2a: Zapdos|Hurricane|p1a: Kyurem\n|-damage|p1a: Kyurem|0 fnt\n|faint|p1a: Kyurem\n|\n|upkeep\n|inactive|kasalijie has 120 seconds left.\n|\n|t:|1771237812\n|switch|p1a: Zapdos|Zapdos|100/100\n|turn|9\n|\n|t:|1771237817\n|move|p1a: Zapdos|Thunderbolt|p2a: Zapdos\n|-damage|p2a: Zapdos|50/100\n|move|p2a: Zapdos|Volt Switch|p1a: Zapdos\n|-damage|p1a: Zapdos|64/100\n|\n|t:|1771237823\n|switch|p2a: Hoopa|Hoopa-Unbound|100/100|[from] Volt Switch\n|\n|upkeep\n|turn|10\n|\n|t:|1771237838\n|-zpower|p1a: Zapdos\n|move|p1a: Zapdos|Supersonic Skystrike|p2a: Hoopa|[zeffect]\n|-damage|p2a: Hoopa|13/100\n|move|p2a: Hoopa|Hyperspace Fury|p1a: Zapdos\n|-damage|p1a: Zapdos|0 fnt\n|-unboost|p2a: Hoopa|def|1\n|faint|p1a: Zapdos\n|\n|upkeep\n|inactive|kasalijie has 120 seconds left.\n|\n|t:|1771237856\n|switch|p1a: Landorus|Landorus-Therian, M|100/100\n|-ability|p1a: Landorus|Intimidate|boost\n|-unboost|p2a: Hoopa|atk|1\n|turn|11\n|\n|t:|1771237859\n|move|p1a: Landorus|U-turn|p2a: Hoopa\n|-supereffective|p2a: Hoopa\n|-damage|p2a: Hoopa|0 fnt\n|faint|p2a: Hoopa\n|\n|t:|1771237861\n|switch|p1a: Great Tusk|Great Tusk|86/100|[from] U-turn\n|\n|upkeep\n|\n|t:|1771237866\n|switch|p2a: Alomomola|Alomomola, F|100/100\n|turn|12\n|inactive|kasalijie has 120 seconds left.\n|\n|t:|1771237897\n|move|p1a: Great Tusk|Headlong Rush|p2a: Alomomola\n|-damage|p2a: Alomomola|55/100\n|-unboost|p1a: Great Tusk|def|1\n|-unboost|p1a: Great Tusk|spd|1\n|move|p2a: Alomomola|Flip Turn|p1a: Great Tusk\n|-supereffective|p1a: Great Tusk\n|-damage|p1a: Great Tusk|50/100\n|\n|t:|1771237903\n|switch|p2a: Glimmora|Glimmora, M|100/100|[from] Flip Turn\n|\n|upkeep\n|turn|13\n|\n|t:|1771237908\n|move|p1a: Great Tusk|Headlong Rush|p2a: Glimmora\n|-supereffective|p2a: Glimmora\n|-enditem|p2a: Glimmora|Focus Sash\n|-damage|p2a: Glimmora|1/100\n|-unboost|p1a: Great Tusk|def|1\n|-unboost|p1a: Great Tusk|spd|1\n|-activate|p2a: Glimmora|ability: Toxic Debris\n|-sidestart|p1: kasalijie|move: Toxic Spikes\n|move|p2a: Glimmora|Sludge Wave|p1a: Great Tusk\n|-resisted|p1a: Great Tusk\n|-damage|p1a: Great Tusk|0 fnt\n|faint|p1a: Great Tusk\n|-end|p1a: Great Tusk|Protosynthesis|[silent]\n|\n|upkeep\n|inactive|kasalijie has 120 seconds left.\n|\n|t:|1771237936\n|switch|p1a: Zamazenta|Zamazenta|100/100\n|-status|p1a: Zamazenta|psn\n|-ability|p1a: Zamazenta|Dauntless Shield|boost\n|-boost|p1a: Zamazenta|def|1\n|turn|14\n|inactive|kasalijie has 120 seconds left.\n|\n|t:|1771237941\n|move|p1a: Zamazenta|Heavy Slam|p2a: Glimmora\n|-supereffective|p2a: Glimmora\n|-damage|p2a: Glimmora|0 fnt\n|-activate|p2a: Glimmora|ability: Toxic Debris\n|-sidestart|p1: kasalijie|move: Toxic Spikes\n|faint|p2a: Glimmora\n|-damage|p1a: Zamazenta|91/100 psn|[from] item: Life Orb\n|\n|-damage|p1a: Zamazenta|78/100 psn|[from] psn\n|upkeep\n|\n|t:|1771237944\n|switch|p2a: Zapdos|Zapdos|50/100\n|turn|15\n|\n|t:|1771237949\n|move|p1a: Zamazenta|Stone Edge|p2a: Zapdos|[miss]\n|-miss|p1a: Zamazenta|p2a: Zapdos\n|move|p2a: Zapdos|Roost|p2a: Zapdos\n|-heal|p2a: Zapdos|99/100\n|-singleturn|p2a: Zapdos|move: Roost\n|\n|-damage|p1a: Zamazenta|66/100 psn|[from] psn\n|upkeep\n|turn|16\n|\n|t:|1771237959\n|switch|p2a: Alomomola|Alomomola, F|89/100\n|move|p1a: Zamazenta|Stone Edge|p2a: Alomomola\n|-damage|p2a: Alomomola|58/100\n|-damage|p1a: Zamazenta|56/100 psn|[from] item: Life Orb\n|\n|-damage|p1a: Zamazenta|44/100 psn|[from] psn\n|upkeep\n|turn|17\n|\n|t:|1771237972\n|move|p1a: Zamazenta|Close Combat|p2a: Alomomola\n|-damage|p2a: Alomomola|0 fnt\n|-unboost|p1a: Zamazenta|def|1\n|-unboost|p1a: Zamazenta|spd|1\n|faint|p2a: Alomomola\n|-damage|p1a: Zamazenta|34/100 psn|[from] item: Life Orb\n|\n|-damage|p1a: Zamazenta|22/100 psn|[from] psn\n|upkeep\n|\n|t:|1771237977\n|switch|p2a: Zapdos|Zapdos|99/100\n|turn|18\n|\n|t:|1771237981\n|move|p1a: Zamazenta|Stone Edge|p2a: Zapdos\n|-supereffective|p2a: Zapdos\n|-damage|p2a: Zapdos|35/100\n|-damage|p1a: Zamazenta|12/100 psn|[from] item: Life Orb\n|move|p2a: Zapdos|Roost|p2a: Zapdos\n|-heal|p2a: Zapdos|85/100\n|-singleturn|p2a: Zapdos|move: Roost\n|\n|-damage|p1a: Zamazenta|0 fnt|[from] psn\n|faint|p1a: Zamazenta\n|upkeep\n|\n|t:|1771237997\n|switch|p1a: Landorus|Landorus-Therian, M|100/100\n|-ability|p1a: Landorus|Intimidate|boost\n|-unboost|p2a: Zapdos|atk|1\n|turn|19\n|\n|t:|1771238008\n|move|p1a: Landorus|Stone Edge|p2a: Zapdos\n|-supereffective|p2a: Zapdos\n|-damage|p2a: Zapdos|0 fnt\n|faint|p2a: Zapdos\n|\n|upkeep\n|\n|t:|1771238011\n|switch|p2a: Gholdengo|Gholdengo|100/100\n|turn|20\n|\n|t:|1771238018\n|switch|p1a: Kingambit|Kingambit, M|100/100\n|-activate|p1a: Kingambit|ability: Supreme Overlord\n|-start|p1a: Kingambit|fallen4|[silent]\n|move|p2a: Gholdengo|Focus Blast|p1a: Kingambit|[miss]\n|-miss|p2a: Gholdengo|p1a: Kingambit\n|\n|upkeep\n|turn|21\n|\n|t:|1771238024\n|move|p1a: Kingambit|Sucker Punch|p2a: Gholdengo\n|-supereffective|p2a: Gholdengo\n|-damage|p2a: Gholdengo|0 fnt\n|faint|p2a: Gholdengo\n|\n|win|kasalijie\n|raw|kasalijie's rating: 1630 &rarr; <strong>1649</strong><br />(+19 for winning)\n|raw|xyyyyyz's rating: 1618 &rarr; <strong>1599</strong><br />(-19 for losing)\n|l|☆xyyyyyz\n|player|p2|\n", "uploadtime": 1771238402, "views": 10, "formatid": "gen9nationaldex", "rating": 1599, "private": 0, "password": null}