{"id": "gen9nationaldex-2540299355", "format": "[Gen 9] National Dex", "players": ["Cerberus 17", "notmurkrowgurl"], "log": "|j|☆Cerberus 17\n|j|☆notmurkrowgurl\n|t:|1771186130\n|gametype|singles\n|player|p1|Cerberus 17|cynthia-gen4|1652\n|player|p2|notmurkrowgurl|rocketgruntf|1523\n|gen|9\n|tier|[Gen 9] National Dex\n|rated|\n|rule|HP Percentage Mod: HP is shown in percentages\n|rule|Endless Battle Clause: Forcing endless battles is banned\n|rule|Species Clause: Limit one of each Pokémon\n|rule|OHKO Clause: OHKO moves are banned\n|rule|Evasion Clause: Evasion abilities, items, and moves are banned\n|rule|Evasion Abilities Clause: Evasion abilities are banned\n|rule|Evasion Items Clause: Evasion items are banned\n|rule|Evasion Moves Clause: Evasion moves are banned\n|rule|Sleep Clause Mod: Limit one foe put to sleep\n|rule|Terastal Clause: You cannot Terastallize\n|clearpoke\n|poke|p1|Tyranitar, F|\n|poke|p1|Kartana|\n|poke|p1|Diancie|\n|poke|p1|Excadrill, F|\n|poke|p1|Sinistcha-Masterpiece|\n|poke|p1|Kommo-o, F|\n|poke|p2|Murkrow, F|\n|poke|p2|Piloswine, F|\n|poke|p2|Stunfisk, F|\n|poke|p2|Bronzong|\n|poke|p2|Tangela, F|\n|poke|p2|Slowking, F|\n|teampreview\n|inactive|Battle timer is ON: inactive players will automatically lose when time's up. (requested by Cerberus 17)\n|\n|t:|1771186138\n|teamsize|p1|6\n|teamsize|p2|6\n|start\n|switch|p1a: Tyranitar|Tyranitar, F|100/100\n|switch|p2a: Pillow|Piloswine, F, shiny|100/100\n|-weather|Sandstorm|[from] ability: Sand Stream|[of] p1a: Tyranitar\n|turn|1\n|\n|t:|1771186152\n|move|p2a: Pillow|Superpower|p1a: Tyranitar\n|-supereffective|p1a: Tyranitar\n|-crit|p1a: Tyranitar\n|-damage|p1a: Tyranitar|0 fnt\n|-unboost|p2a: Pillow|atk|1\n|-unboost|p2a: Pillow|def|1\n|faint|p1a: Tyranitar\n|\n|-weather|Sandstorm|[upkeep]\n|upkeep\n|\n|t:|1771186163\n|switch|p1a: Excadrill|Excadrill, F|100/100\n|turn|2\n|\n|t:|1771186167\n|switch|p2a: Noodle|Tangela, F, shiny|100/100\n|move|p1a: Excadrill|Iron Head|p2a: Noodle\n|-damage|p2a: Noodle|59/100\n|\n|-weather|Sandstorm|[upkeep]\n|-damage|p2a: Noodle|53/100|[from] Sandstorm\n|upkeep\n|turn|3\n|\n|t:|1771186174\n|move|p1a: Excadrill|Iron Head|p2a: Noodle\n|-damage|p2a: Noodle|14/100\n|move|p2a: Noodle|Giga Drain|p1a: Excadrill\n|-damage|p1a: Excadrill|51/100\n|-heal|p2a: Noodle|43/100|[from] drain|[of] p1a: Excadrill\n|\n|-weather|Sandstorm|[upkeep]\n|-damage|p2a: Noodle|37/100|[from] Sandstorm\n|upkeep\n|turn|4\n|\n|t:|1771186183\n|switch|p1a: Kommo-o|Kommo-o, F|100/100\n|switch|p2a: LeBronze|Bronzong, shiny|100/100\n|\n|-weather|Sandstorm|[upkeep]\n|-damage|p1a: Kommo-o|94/100|[from] Sandstorm\n|upkeep\n|turn|5\n|\n|t:|1771186191\n|-zpower|p1a: Kommo-o\n|move|p1a: Kommo-o|Clangorous Soulblaze|p2a: LeBronze|[zeffect]\n|-resisted|p2a: LeBronze\n|-damage|p2a: LeBronze|68/100\n|-boost|p1a: Kommo-o|atk|1\n|-boost|p1a: Kommo-o|def|1\n|-boost|p1a: Kommo-o|spa|1\n|-boost|p1a: Kommo-o|spd|1\n|-boost|p1a: Kommo-o|spe|1\n|move|p2a: LeBronze|Trick Room|p2a: LeBronze\n|-fieldstart|move: Trick Room|[of] p2a: LeBronze\n|\n|-weather|Sandstorm|[upkeep]\n|-damage|p1a: Kommo-o|88/100|[from] Sandstorm\n|upkeep\n|turn|6\n|\n|t:|1771186199\n|move|p2a: LeBronze|Explosion|p1a: Kommo-o\n|-damage|p1a: Kommo-o|25/100\n|faint|p2a: LeBronze\n|move|p1a: Kommo-o|Flamethrower|p2: LeBronze|[notarget]\n|-fail|p1a: Kommo-o\n|\n|-weather|Sandstorm|[upkeep]\n|-damage|p1a: Kommo-o|18/100|[from] Sandstorm\n|upkeep\n|\n|t:|1771186215\n|switch|p2a: Fard|Stunfisk, F, shiny|100/100\n|turn|7\n|\n|t:|1771186222\n|move|p2a: Fard|Earth Power|p1a: Kommo-o\n|-damage|p1a: Kommo-o|0 fnt\n|faint|p1a: Kommo-o\n|\n|-weather|Sandstorm|[upkeep]\n|upkeep\n|\n|t:|1771186228\n|switch|p1a: Sinistcha|Sinistcha-Masterpiece|100/100\n|turn|8\n|\n|t:|1771186232\n|move|p2a: Fard|Sludge Bomb|p1a: Sinistcha\n|-damage|p1a: Sinistcha|72/100\n|move|p1a: Sinistcha|Calm Mind|p1a: Sinistcha\n|-boost|p1a: Sinistcha|spa|1\n|-boost|p1a: Sinistcha|spd|1\n|\n|-weather|none\n|-heal|p1a: Sinistcha|78/100|[from] item: Leftovers\n|upkeep\n|turn|9\n|\n|t:|1771186236\n|move|p2a: Fard|Sludge Bomb|p1a: Sinistcha\n|-damage|p1a: Sinistcha|57/100\n|move|p1a: Sinistcha|Matcha Gotcha|p2a: Fard\n|-supereffective|p2a: Fard\n|-damage|p2a: Fard|52/100\n|-heal|p1a: Sinistcha|86/100|[from] drain|[of] p2a: Fard\n|\n|-heal|p1a: Sinistcha|92/100|[from] item: Leftovers\n|-fieldend|move: Trick Room\n|upkeep\n|turn|10\n|\n|t:|1771186248\n|move|p1a: Sinistcha|Matcha Gotcha|p2a: Fard\n|-supereffective|p2a: Fard\n|-damage|p2a: Fard|0 fnt\n|-heal|p1a: Sinistcha|100/100|[from] drain|[of] p2a: Fard\n|faint|p2a: Fard\n|\n|upkeep\n|\n|t:|1771186259\n|switch|p2a: Nimbus|Murkrow, F, shiny|100/100\n|turn|11\n|\n|t:|1771186264\n|switch|p1a: Diancie|Diancie|100/100\n|move|p2a: Nimbus|Substitute|p2a: Nimbus\n|-start|p2a: Nimbus|Substitute\n|-damage|p2a: Nimbus|76/100\n|\n|upkeep\n|turn|12\n|\n|t:|1771186277\n|switch|p2a: Slowqueen|Slowking, F, shiny|100/100\n|detailschange|p1a: Diancie|Diancie-Mega\n|-mega|p1a: Diancie|Diancie|Diancite\n|move|p1a: Diancie|Moonblast|p2a: Slowqueen\n|-damage|p2a: Slowqueen|58/100\n|\n|upkeep\n|turn|13\n|\n|t:|1771186286\n|move|p1a: Diancie|Moonblast|p2a: Slowqueen\n|-damage|p2a: Slowqueen|10/100\n|move|p2a: Slowqueen|Scald|p1a: Diancie\n|-supereffective|p1a: Diancie\n|-damage|p1a: Diancie|0 fnt\n|faint|p1a: Diancie\n|detailschange|p1: Diancie|Diancie|[silent]\n|\n|upkeep\n|\n|t:|1771186301\n|switch|p1a: Excadrill|Excadrill, F|51/100\n|turn|14\n|\n|t:|1771186306\n|switch|p2a: Noodle|Tangela, F, shiny|70/100\n|move|p1a: Excadrill|Iron Head|p2a: Noodle\n|-damage|p2a: Noodle|27/100\n|\n|upkeep\n|turn|15\n|\n|t:|1771186316\n|switch|p2a: Slowqueen|Slowking, F, shiny|43/100\n|move|p1a: Excadrill|Iron Head|p2a: Slowqueen\n|-resisted|p2a: Slowqueen\n|-damage|p2a: Slowqueen|9/100\n|\n|upkeep\n|turn|16\n|\n|t:|1771186324\n|move|p1a: Excadrill|Iron Head|p2a: Slowqueen\n|-resisted|p2a: Slowqueen\n|-damage|p2a: Slowqueen|0 fnt\n|faint|p2a: Slowqueen\n|\n|upkeep\n|\n|t:|1771186327\n|switch|p2a: Nimbus|Murkrow, F, shiny|76/100\n|turn|17\n|\n|t:|1771186330\n|-zpower|p2a: Nimbus\n|move|p2a: Nimbus|Z-Mirror Move|p1a: Excadrill|[anim]Mirror Move\n|-boost|p2a: Nimbus|atk|2|[zeffect]\n|move|p2a: Nimbus|Corkscrew Crash|p1a: Excadrill|[from] move: Mirror Move\n|-resisted|p1a: Excadrill\n|-crit|p1a: Excadrill\n|-damage|p1a: Excadrill|0 fnt\n|faint|p1a: Excadrill\n|\n|upkeep\n|\n|t:|1771186340\n|switch|p1a: Kartana|Kartana|100/100\n|turn|18\n|\n|t:|1771186348\n|move|p2a: Nimbus|Substitute|p2a: Nimbus\n|-start|p2a: Nimbus|Substitute\n|-damage|p2a: Nimbus|51/100\n|move|p1a: Kartana|Smart Strike|p2a: Nimbus\n|-end|p2a: Nimbus|Substitute\n|\n|upkeep\n|turn|19\n|\n|t:|1771186355\n|switch|p2a: Noodle|Tangela, F, shiny|60/100\n|move|p1a: Kartana|Smart Strike|p2a: Noodle\n|-crit|p2a: Noodle\n|-damage|p2a: Noodle|7/100\n|\n|upkeep\n|turn|20\n|\n|t:|1771186373\n|switch|p2a: Pillow|Piloswine, F, shiny|100/100\n|move|p1a: Kartana|Smart Strike|p2a: Pillow\n|-supereffective|p2a: Pillow\n|-damage|p2a: Pillow|29/100\n|\n|upkeep\n|turn|21\n|\n|t:|1771186384\n|switch|p2a: Noodle|Tangela, F, shiny|40/100\n|move|p1a: Kartana|Smart Strike|p2a: Noodle\n|-damage|p2a: Noodle|10/100\n|\n|upkeep\n|turn|22\n|\n|t:|1771186392\n|switch|p2a: Pillow|Piloswine, F, shiny|29/100\n|move|p1a: Kartana|Smart Strike|p2a: Pillow\n|-supereffective|p2a: Pillow\n|-damage|p2a: Pillow|0 fnt\n|faint|p2a: Pillow\n|-ability|p1a: Kartana|Beast Boost|boost\n|-boost|p1a: Kartana|atk|1\n|\n|upkeep\n|\n|t:|1771186394\n|switch|p2a: Noodle|Tangela, F, shiny|43/100\n|turn|23\n|\n|t:|1771186401\n|move|p1a: Kartana|Smart Strike|p2a: Noodle\n|-damage|p2a: Noodle|0 fnt\n|faint|p2a: Noodle\n|-ability|p1a: Kartana|Beast Boost|boost\n|-boost|p1a: Kartana|atk|1\n|\n|upkeep\n|-message|notmurkrowgurl forfeited.\n|\n|win|Cerberus 17\n|raw|Cerberus 17's rating: 1652 &rarr; <strong>1665</strong><br />(+13 for winning)\n|raw|notmurkrowgurl's rating: 1523 &rarr; <strong>1510</strong><br />(-13 for losing)\n|l|☆notmurkrowgurl\n|player|p2|\n|l|☆Cerberus 17\n|player|p1|\n", "uploadtime": 1771186542, "views": 10, "formatid": "gen9nationaldex", "rating": 1510, "private": 0, "password": null}