{"id": "gen9nationaldex-2540681422", "format": "[Gen 9] National Dex", "players": ["ffuy", "Frost12080000"], "log": "|j|☆ffuy\n|j|☆Frost12080000\n|t:|1771239352\n|gametype|singles\n|player|p1|ffuy|1|1668\n|player|p2|Frost12080000|burglar|1622\n|gen|9\n|tier|[Gen 9] National Dex\n|rated|\n|rule|HP Percentage Mod: HP is shown in percentages\n|rule|Endless Battle Clause: Forcing endless battles is banned\n|rule|Species Clause: Limit one of each Pokémon\n|rule|OHKO Clause: OHKO moves are banned\n|rule|Evasion Clause: Evasion abilities, items, and moves are banned\n|rule|Evasion Abilities Clause: Evasion abilities are banned\n|rule|Evasion Items Clause: Evasion items are banned\n|rule|Evasion Moves Clause: Evasion moves are banned\n|rule|Sleep Clause Mod: Limit one foe put to sleep\n|rule|Terastal Clause: You cannot Terastallize\n|clearpoke\n|poke|p1|Diancie|\n|poke|p1|Tyranitar, M|\n|poke|p1|Alomomola, M|\n|poke|p1|Gliscor, F|\n|poke|p1|Urshifu-*, F|\n|poke|p1|Kyurem|\n|poke|p2|Chansey, F|\n|poke|p2|Pecharunt|\n|poke|p2|Tapu Fini|\n|poke|p2|Zapdos|\n|poke|p2|Ogerpon-Cornerstone, F|\n|poke|p2|Hatterene, F|\n|teampreview\n|inactive|Battle timer is ON: inactive players will automatically lose when time's up. (requested by ffuy)\n|inactive|ffuy has 120 seconds left.\n|\n|t:|1771239385\n|teamsize|p1|6\n|teamsize|p2|6\n|start\n|switch|p1a: Gliscor|Gliscor, F|100/100\n|switch|p2a: Hatterene|Hatterene, F|100/100\n|turn|1\n|\n|t:|1771239397\n|move|p1a: Gliscor|U-turn|p2a: Hatterene\n|-damage|p2a: Hatterene|87/100\n|\n|t:|1771239400\n|switch|p1a: Tyranitar|Tyranitar, M|100/100|[from] U-turn\n|-weather|Sandstorm|[from] ability: Sand Stream|[of] p1a: Tyranitar\n|move|p2a: Hatterene|Psychic|p1a: Tyranitar\n|-immune|p1a: Tyranitar\n|\n|-weather|Sandstorm|[upkeep]\n|-damage|p2a: Hatterene|81/100|[from] Sandstorm\n|upkeep\n|turn|2\n|\n|t:|1771239407\n|move|p1a: Tyranitar|Knock Off|p2a: Hatterene\n|-damage|p2a: Hatterene|50/100\n|move|p2a: Hatterene|Draining Kiss|p1a: Tyranitar\n|-supereffective|p1a: Tyranitar\n|-damage|p1a: Tyranitar|87/100\n|-heal|p2a: Hatterene|64/100|[from] drain|[of] p1a: Tyranitar\n|\n|-weather|Sandstorm|[upkeep]\n|-damage|p2a: Hatterene|58/100|[from] Sandstorm\n|upkeep\n|turn|3\n|\n|t:|1771239414\n|switch|p2a: Zapdos|Zapdos|100/100\n|move|p1a: Tyranitar|Earthquake|p2a: Zapdos\n|-immune|p2a: Zapdos\n|\n|-weather|Sandstorm|[upkeep]\n|-damage|p2a: Zapdos|94/100|[from] Sandstorm\n|upkeep\n|turn|4\n|\n|t:|1771239420\n|move|p2a: Zapdos|Volt Switch|p1a: Tyranitar\n|-damage|p1a: Tyranitar|78/100\n|\n|t:|1771239426\n|switch|p2a: Pecharunt|Pecharunt|100/100|[from] Volt Switch\n|move|p1a: Tyranitar|Knock Off|p2a: Pecharunt\n|-supereffective|p2a: Pecharunt\n|-damage|p2a: Pecharunt|61/100\n|-damage|p1a: Tyranitar|62/100|[from] item: Rocky Helmet|[of] p2a: Pecharunt\n|-enditem|p2a: Pecharunt|Rocky Helmet|[from] move: Knock Off|[of] p1a: Tyranitar\n|\n|-weather|Sandstorm|[upkeep]\n|-damage|p2a: Pecharunt|55/100|[from] Sandstorm\n|upkeep\n|turn|5\n|\n|t:|1771239430\n|move|p2a: Pecharunt|Recover|p2a: Pecharunt\n|-heal|p2a: Pecharunt|100/100\n|move|p1a: Tyranitar|Pursuit|p2a: Pecharunt\n|-supereffective|p2a: Pecharunt\n|-damage|p2a: Pecharunt|83/100\n|\n|-weather|none\n|upkeep\n|turn|6\n|\n|t:|1771239442\n|switch|p1a: Gliscor|Gliscor, F|100/100\n|move|p2a: Pecharunt|Malignant Chain|p1a: Gliscor\n|-resisted|p1a: Gliscor\n|-damage|p1a: Gliscor|87/100\n|\n|-status|p1a: Gliscor|tox|[from] item: Toxic Orb\n|upkeep\n|turn|7\n|\n|t:|1771239456\n|move|p1a: Gliscor|U-turn|p2a: Pecharunt\n|-resisted|p2a: Pecharunt\n|-damage|p2a: Pecharunt|81/100\n|\n|t:|1771239465\n|switch|p1a: Tyranitar|Tyranitar, M|62/100|[from] U-turn\n|-weather|Sandstorm|[from] ability: Sand Stream|[of] p1a: Tyranitar\n|move|p2a: Pecharunt|Nasty Plot|p2a: Pecharunt\n|-boost|p2a: Pecharunt|spa|2\n|\n|-weather|Sandstorm|[upkeep]\n|-damage|p2a: Pecharunt|75/100|[from] Sandstorm\n|upkeep\n|turn|8\n|\n|t:|1771239477\n|move|p2a: Pecharunt|Malignant Chain|p1a: Tyranitar\n|-resisted|p1a: Tyranitar\n|-damage|p1a: Tyranitar|52/100\n|move|p1a: Tyranitar|Earthquake|p2a: Pecharunt\n|-supereffective|p2a: Pecharunt\n|-damage|p2a: Pecharunt|46/100\n|\n|-weather|Sandstorm|[upkeep]\n|-damage|p2a: Pecharunt|40/100|[from] Sandstorm\n|upkeep\n|turn|9\n|\n|t:|1771239481\n|move|p2a: Pecharunt|Recover|p2a: Pecharunt\n|-heal|p2a: Pecharunt|90/100\n|move|p1a: Tyranitar|Earthquake|p2a: Pecharunt\n|-supereffective|p2a: Pecharunt\n|-damage|p2a: Pecharunt|63/100\n|\n|-weather|Sandstorm|[upkeep]\n|-damage|p2a: Pecharunt|57/100|[from] Sandstorm\n|upkeep\n|turn|10\n|\n|t:|1771239486\n|move|p2a: Pecharunt|Malignant Chain|p1a: Tyranitar\n|-resisted|p1a: Tyranitar\n|-damage|p1a: Tyranitar|44/100\n|move|p1a: Tyranitar|Earthquake|p2a: Pecharunt\n|-supereffective|p2a: Pecharunt\n|-damage|p2a: Pecharunt|31/100\n|\n|-weather|Sandstorm|[upkeep]\n|-damage|p2a: Pecharunt|25/100|[from] Sandstorm\n|upkeep\n|turn|11\n|\n|t:|1771239489\n|move|p2a: Pecharunt|Recover|p2a: Pecharunt\n|-heal|p2a: Pecharunt|75/100\n|move|p1a: Tyranitar|Earthquake|p2a: Pecharunt\n|-supereffective|p2a: Pecharunt\n|-damage|p2a: Pecharunt|47/100\n|\n|-weather|none\n|upkeep\n|turn|12\n|\n|t:|1771239497\n|switch|p1a: Diancie|Diancie|100/100\n|move|p2a: Pecharunt|Recover|p2a: Pecharunt\n|-heal|p2a: Pecharunt|97/100\n|\n|upkeep\n|turn|13\n|\n|t:|1771239511\n|detailschange|p1a: Diancie|Diancie-Mega\n|-mega|p1a: Diancie|Diancie|Diancite\n|move|p1a: Diancie|Earth Power|p2a: Pecharunt\n|-supereffective|p2a: Pecharunt\n|-damage|p2a: Pecharunt|18/100\n|move|p2a: Pecharunt|Malignant Chain|p1a: Diancie\n|-damage|p1a: Diancie|17/100\n|\n|upkeep\n|turn|14\n|\n|t:|1771239519\n|switch|p2a: Zapdos|Zapdos|94/100\n|move|p1a: Diancie|Diamond Storm|p2a: Zapdos\n|-supereffective|p2a: Zapdos\n|-damage|p2a: Zapdos|16/100\n|-boost|p1a: Diancie|def|2\n|\n|upkeep\n|turn|15\n|\n|t:|1771239528\n|move|p1a: Diancie|Moonblast|p2a: Zapdos\n|-damage|p2a: Zapdos|0 fnt\n|faint|p2a: Zapdos\n|\n|upkeep\n|\n|t:|1771239536\n|switch|p2a: Chansey|Chansey, F|100/100\n|turn|16\n|\n|t:|1771239540\n|switch|p1a: Urshifu|Urshifu-Rapid-Strike, F|100/100\n|move|p2a: Chansey|Psywave|p1a: Urshifu\n|-damage|p1a: Urshifu|76/100\n|\n|-heal|p1a: Urshifu|82/100|[from] item: Leftovers\n|upkeep\n|turn|17\n|\n|t:|1771239563\n|switch|p2a: Pecharunt|Pecharunt|18/100\n|move|p1a: Urshifu|Substitute|p1a: Urshifu\n|-start|p1a: Urshifu|Substitute\n|-damage|p1a: Urshifu|57/100\n|\n|-heal|p1a: Urshifu|64/100|[from] item: Leftovers\n|upkeep\n|turn|18\n|\n|t:|1771239565\n|move|p1a: Urshifu|Surging Strikes|p2a: Pecharunt\n|-crit|p2a: Pecharunt\n|-damage|p2a: Pecharunt|8/100\n|-crit|p2a: Pecharunt\n|-damage|p2a: Pecharunt|0 fnt\n|faint|p2a: Pecharunt\n|-hitcount|p2: Pecharunt|2\n|\n|-heal|p1a: Urshifu|70/100|[from] item: Leftovers\n|upkeep\n|\n|t:|1771239572\n|switch|p2a: Tapu Fini|Tapu Fini, shiny|100/100\n|-fieldstart|move: Misty Terrain|[from] ability: Misty Surge|[of] p2a: Tapu Fini\n|turn|19\n|\n|t:|1771239581\n|move|p1a: Urshifu|Swords Dance|p1a: Urshifu\n|-boost|p1a: Urshifu|atk|2\n|move|p2a: Tapu Fini|Calm Mind|p2a: Tapu Fini\n|-boost|p2a: Tapu Fini|spa|1\n|-boost|p2a: Tapu Fini|spd|1\n|\n|-heal|p1a: Urshifu|76/100|[from] item: Leftovers\n|upkeep\n|turn|20\n|\n|t:|1771239585\n|move|p1a: Urshifu|Swords Dance|p1a: Urshifu\n|-boost|p1a: Urshifu|atk|2\n|move|p2a: Tapu Fini|Draining Kiss|p1a: Urshifu\n|-supereffective|p1a: Urshifu\n|-end|p1a: Urshifu|Substitute\n|\n|-heal|p1a: Urshifu|82/100|[from] item: Leftovers\n|upkeep\n|turn|21\n|\n|t:|1771239589\n|move|p1a: Urshifu|Surging Strikes|p2a: Tapu Fini\n|-resisted|p2a: Tapu Fini\n|-crit|p2a: Tapu Fini\n|-damage|p2a: Tapu Fini|80/100\n|-resisted|p2a: Tapu Fini\n|-crit|p2a: Tapu Fini\n|-damage|p2a: Tapu Fini|59/100\n|-resisted|p2a: Tapu Fini\n|-crit|p2a: Tapu Fini\n|-damage|p2a: Tapu Fini|40/100\n|-hitcount|p2a: Tapu Fini|3\n|move|p2a: Tapu Fini|Draining Kiss|p1a: Urshifu\n|-supereffective|p1a: Urshifu\n|-damage|p1a: Urshifu|0 fnt\n|-heal|p2a: Tapu Fini|100/100|[from] drain|[of] p1a: Urshifu\n|faint|p1a: Urshifu\n|\n|upkeep\n|\n|t:|1771239605\n|switch|p1a: Diancie|Diancie-Mega|17/100\n|turn|22\n|\n|t:|1771239609\n|move|p1a: Diancie|Moonblast|p2a: Tapu Fini\n|-damage|p2a: Tapu Fini|70/100\n|move|p2a: Tapu Fini|Draining Kiss|p1a: Diancie\n|-damage|p1a: Diancie|0 fnt\n|-heal|p2a: Tapu Fini|78/100|[from] drain|[of] p1a: Diancie\n|faint|p1a: Diancie\n|detailschange|p1: Diancie|Diancie|[silent]\n|\n|-heal|p2a: Tapu Fini|84/100|[from] item: Leftovers\n|upkeep\n|\n|t:|1771239613\n|switch|p1a: Tyranitar|Tyranitar, M|44/100\n|-weather|Sandstorm|[from] ability: Sand Stream|[of] p1a: Tyranitar\n|turn|23\n|\n|t:|1771239616\n|move|p2a: Tapu Fini|Draining Kiss|p1a: Tyranitar\n|-supereffective|p1a: Tyranitar\n|-damage|p1a: Tyranitar|30/100\n|-heal|p2a: Tapu Fini|96/100|[from] drain|[of] p1a: Tyranitar\n|move|p1a: Tyranitar|Knock Off|p2a: Tapu Fini\n|-resisted|p2a: Tapu Fini\n|-damage|p2a: Tapu Fini|81/100\n|-enditem|p2a: Tapu Fini|Leftovers|[from] move: Knock Off|[of] p1a: Tyranitar\n|\n|-weather|Sandstorm|[upkeep]\n|-damage|p2a: Tapu Fini|75/100|[from] Sandstorm\n|-fieldend|Misty Terrain\n|upkeep\n|turn|24\n|\n|t:|1771239627\n|move|p2a: Tapu Fini|Draining Kiss|p1a: Tyranitar\n|-supereffective|p1a: Tyranitar\n|-damage|p1a: Tyranitar|16/100\n|-heal|p2a: Tapu Fini|87/100|[from] drain|[of] p1a: Tyranitar\n|move|p1a: Tyranitar|Earthquake|p2a: Tapu Fini\n|-damage|p2a: Tapu Fini|69/100\n|\n|-weather|Sandstorm|[upkeep]\n|-damage|p2a: Tapu Fini|63/100|[from] Sandstorm\n|upkeep\n|turn|25\n|\n|t:|1771239635\n|move|p2a: Tapu Fini|Surf|p1a: Tyranitar\n|-supereffective|p1a: Tyranitar\n|-damage|p1a: Tyranitar|0 fnt\n|faint|p1a: Tyranitar\n|\n|-weather|Sandstorm|[upkeep]\n|-damage|p2a: Tapu Fini|57/100|[from] Sandstorm\n|upkeep\n|\n|t:|1771239642\n|switch|p1a: Alomomola|Alomomola, M|100/100\n|turn|26\n|\n|t:|1771239645\n|move|p2a: Tapu Fini|Taunt|p1a: Alomomola\n|-start|p1a: Alomomola|move: Taunt\n|cant|p1a: Alomomola|move: Taunt|Toxic\n|\n|-weather|Sandstorm|[upkeep]\n|-damage|p2a: Tapu Fini|51/100|[from] Sandstorm\n|-damage|p1a: Alomomola|94/100|[from] Sandstorm\n|upkeep\n|turn|27\n|\n|t:|1771239647\n|move|p2a: Tapu Fini|Draining Kiss|p1a: Alomomola\n|-damage|p1a: Alomomola|67/100\n|-heal|p2a: Tapu Fini|83/100|[from] drain|[of] p1a: Alomomola\n|-damage|p2a: Tapu Fini|67/100|[from] item: Rocky Helmet|[of] p1a: Alomomola\n|move|p1a: Alomomola|Flip Turn|p2a: Tapu Fini\n|-resisted|p2a: Tapu Fini\n|-damage|p2a: Tapu Fini|61/100\n|\n|t:|1771239655\n|switch|p1a: Kyurem|Kyurem|100/100|[from] Flip Turn\n|-ability|p1a: Kyurem|Pressure\n|\n|-weather|none\n|upkeep\n|turn|28\n|\n|t:|1771239658\n|move|p1a: Kyurem|Freeze-Dry|p2a: Tapu Fini\n|-supereffective|p2a: Tapu Fini\n|-damage|p2a: Tapu Fini|24/100\n|move|p2a: Tapu Fini|Draining Kiss|p1a: Kyurem\n|-supereffective|p1a: Kyurem\n|-damage|p1a: Kyurem|48/100\n|-heal|p2a: Tapu Fini|69/100|[from] drain|[of] p1a: Kyurem\n|\n|upkeep\n|turn|29\n|\n|t:|1771239662\n|move|p1a: Kyurem|Freeze-Dry|p2a: Tapu Fini\n|-supereffective|p2a: Tapu Fini\n|-damage|p2a: Tapu Fini|28/100\n|move|p2a: Tapu Fini|Draining Kiss|p1a: Kyurem\n|-supereffective|p1a: Kyurem\n|-damage|p1a: Kyurem|0 fnt\n|-heal|p2a: Tapu Fini|69/100|[from] drain|[of] p1a: Kyurem\n|faint|p1a: Kyurem\n|\n|upkeep\n|j| EclipseNowhere\n|\n|t:|1771239677\n|switch|p1a: Gliscor|Gliscor, F|87/100 tox\n|turn|30\n|j| Reyanek\n|\n|t:|1771239687\n|switch|p2a: Hatterene|Hatterene, F|58/100\n|move|p1a: Gliscor|Earthquake|p2a: Hatterene\n|-damage|p2a: Hatterene|25/100\n|\n|-heal|p1a: Gliscor|99/100 tox|[from] ability: Poison Heal\n|upkeep\n|turn|31\n|\n|t:|1771239693\n|move|p1a: Gliscor|Earthquake|p2a: Hatterene\n|-crit|p2a: Hatterene\n|-damage|p2a: Hatterene|0 fnt\n|faint|p2a: Hatterene\n|\n|-heal|p1a: Gliscor|100/100 tox|[from] ability: Poison Heal\n|upkeep\n|\n|t:|1771239697\n|switch|p2a: Ogerpon|Ogerpon-Cornerstone, F|100/100\n|turn|32\n|\n|t:|1771239700\n|move|p2a: Ogerpon|Swords Dance|p2a: Ogerpon\n|-boost|p2a: Ogerpon|atk|2\n|move|p1a: Gliscor|Earthquake|p2a: Ogerpon\n|-damage|p2a: Ogerpon|56/100\n|\n|upkeep\n|turn|33\n|\n|t:|1771239703\n|move|p2a: Ogerpon|Horn Leech|p1a: Gliscor\n|-damage|p1a: Gliscor|29/100 tox\n|-heal|p2a: Ogerpon|98/100|[from] drain|[of] p1a: Gliscor\n|move|p1a: Gliscor|Earthquake|p2a: Ogerpon\n|-damage|p2a: Ogerpon|58/100\n|\n|-heal|p1a: Gliscor|41/100 tox|[from] ability: Poison Heal\n|upkeep\n|turn|34\n|\n|t:|1771239707\n|move|p2a: Ogerpon|Horn Leech|p1a: Gliscor\n|-crit|p1a: Gliscor\n|-damage|p1a: Gliscor|0 fnt\n|-heal|p2a: Ogerpon|82/100|[from] drain|[of] p1a: Gliscor\n|faint|p1a: Gliscor\n|\n|upkeep\n|-message|ffuy forfeited.\n|\n|win|Frost12080000\n|raw|ffuy's rating: 1668 &rarr; <strong>1645</strong><br />(-23 for losing)\n|raw|Frost12080000's rating: 1622 &rarr; <strong>1645</strong><br />(+23 for winning)\n|c|☆Frost12080000|Ggs\n|l| EclipseNowhere\n|l|☆Frost12080000\n|player|p2|\n|l| Reyanek\n|l|☆ffuy\n|player|p1|\n", "uploadtime": 1771239899, "views": 7, "formatid": "gen9nationaldex", "rating": 1645, "private": 0, "password": null}