{"id": "gen9nationaldex-2540590877", "format": "[Gen 9] National Dex", "players": ["Bungeleid", "AgencyBlundAMD"], "log": "|j|☆Bungeleid\n|j|‽AgencyBlundAMD\n|t:|1771223154\n|gametype|singles\n|player|p1|Bungeleid|boarder|1647\n|player|p2|AgencyBlundAMD|artist-gen4|1667\n|gen|9\n|tier|[Gen 9] National Dex\n|rated|\n|rule|HP Percentage Mod: HP is shown in percentages\n|rule|Endless Battle Clause: Forcing endless battles is banned\n|rule|Species Clause: Limit one of each Pokémon\n|rule|OHKO Clause: OHKO moves are banned\n|rule|Evasion Clause: Evasion abilities, items, and moves are banned\n|rule|Evasion Abilities Clause: Evasion abilities are banned\n|rule|Evasion Items Clause: Evasion items are banned\n|rule|Evasion Moves Clause: Evasion moves are banned\n|rule|Sleep Clause Mod: Limit one foe put to sleep\n|rule|Terastal Clause: You cannot Terastallize\n|clearpoke\n|poke|p1|Latios, M|\n|poke|p1|Zamazenta-*|\n|poke|p1|Gholdengo|\n|poke|p1|Samurott-Hisui, F|\n|poke|p1|Landorus-Therian, M|\n|poke|p1|Cinderace, M|\n|poke|p2|Dragonite, F|\n|poke|p2|Garchomp, M|\n|poke|p2|Nidoking, M|\n|poke|p2|Ribombee, M|\n|poke|p2|Ting-Lu|\n|poke|p2|Gholdengo|\n|teampreview\n|j| corvipelon\n|\n|t:|1771223180\n|teamsize|p1|6\n|teamsize|p2|6\n|start\n|switch|p1a: Hat Rabbit|Cinderace, M|100/100\n|switch|p2a: Ribombee|Ribombee, M|100/100\n|turn|1\n|\n|t:|1771223185\n|move|p2a: Ribombee|Stun Spore|p1a: Hat Rabbit\n|-status|p1a: Hat Rabbit|par\n|cant|p1a: Hat Rabbit|par\n|\n|upkeep\n|turn|2\n|\n|t:|1771223192\n|switch|p2a: Ting-Lu|Ting-Lu|100/100\n|-ability|p2a: Ting-Lu|Vessel of Ruin\n|cant|p1a: Hat Rabbit|par\n|\n|upkeep\n|turn|3\n|\n|t:|1771223197\n|move|p1a: Hat Rabbit|Double-Edge|p2a: Ting-Lu\n|-start|p1a: Hat Rabbit|typechange|Normal|[from] ability: Libero\n|-damage|p2a: Ting-Lu|69/100\n|-damage|p1a: Hat Rabbit|83/100 par|[from] Recoil\n|move|p2a: Ting-Lu|Ruination|p1a: Hat Rabbit\n|-damage|p1a: Hat Rabbit|42/100 par\n|\n|-heal|p2a: Ting-Lu|75/100|[from] item: Leftovers\n|upkeep\n|turn|4\n|\n|t:|1771223204\n|-zpower|p1a: Hat Rabbit\n|move|p1a: Hat Rabbit|Breakneck Blitz|p2a: Ting-Lu|[zeffect]\n|-damage|p2a: Ting-Lu|23/100\n|move|p2a: Ting-Lu|Earthquake|p1a: Hat Rabbit\n|-damage|p1a: Hat Rabbit|0 fnt\n|faint|p1a: Hat Rabbit\n|\n|-heal|p2a: Ting-Lu|29/100|[from] item: Leftovers\n|upkeep\n|\n|t:|1771223206\n|switch|p1a: Garfield|Landorus-Therian, M|100/100\n|-ability|p1a: Garfield|Intimidate|boost\n|-unboost|p2a: Ting-Lu|atk|1\n|turn|5\n|\n|t:|1771223213\n|switch|p2a: Ribombee|Ribombee, M|100/100\n|move|p1a: Garfield|Stealth Rock|p2a: Ribombee\n|-sidestart|p2: AgencyBlundAMD|move: Stealth Rock\n|\n|upkeep\n|turn|6\n|\n|t:|1771223220\n|move|p2a: Ribombee|Sticky Web|p1a: Garfield\n|-sidestart|p1: Bungeleid|move: Sticky Web\n|move|p1a: Garfield|Taunt|p2a: Ribombee\n|-start|p2a: Ribombee|move: Taunt\n|\n|upkeep\n|turn|7\n|\n|t:|1771223225\n|switch|p1a: Call it H or T|Gholdengo|100/100\n|-activate|p1a: Call it H or T|move: Sticky Web\n|-unboost|p1a: Call it H or T|spe|1\n|move|p2a: Ribombee|Moonblast|p1a: Call it H or T\n|-resisted|p1a: Call it H or T\n|-damage|p1a: Call it H or T|77/100\n|\n|upkeep\n|turn|8\n|\n|t:|1771223233\n|switch|p2a: Ting-Lu|Ting-Lu|29/100\n|-damage|p2a: Ting-Lu|23/100|[from] Stealth Rock\n|-ability|p2a: Ting-Lu|Vessel of Ruin\n|move|p1a: Call it H or T|Make It Rain|p2a: Ting-Lu\n|-damage|p2a: Ting-Lu|0 fnt\n|-unboost|p1a: Call it H or T|spa|1\n|faint|p2a: Ting-Lu\n|\n|upkeep\n|\n|t:|1771223244\n|switch|p2a: Garchomp|Garchomp, M|100/100\n|-damage|p2a: Garchomp|94/100|[from] Stealth Rock\n|turn|9\n|\n|t:|1771223249\n|switch|p1a: Garfield|Landorus-Therian, M|100/100\n|-ability|p1a: Garfield|Intimidate|boost\n|-unboost|p2a: Garchomp|atk|1\n|move|p2a: Garchomp|Scale Shot|p1a: Garfield\n|-damage|p1a: Garfield|91/100\n|-damage|p1a: Garfield|83/100\n|-damage|p1a: Garfield|74/100\n|-damage|p1a: Garfield|66/100\n|-damage|p1a: Garfield|58/100\n|-hitcount|p1a: Garfield|5\n|-unboost|p2a: Garchomp|def|1\n|-boost|p2a: Garchomp|spe|1\n|\n|upkeep\n|turn|10\n|\n|t:|1771223252\n|move|p2a: Garchomp|Swords Dance|p2a: Garchomp\n|-boost|p2a: Garchomp|atk|2\n|move|p1a: Garfield|Earthquake|p2a: Garchomp\n|-damage|p2a: Garchomp|29/100\n|\n|upkeep\n|turn|11\n|\n|t:|1771223256\n|move|p2a: Garchomp|Scale Shot|p1a: Garfield\n|-damage|p1a: Garfield|38/100\n|-damage|p1a: Garfield|20/100\n|-damage|p1a: Garfield|1/100\n|-damage|p1a: Garfield|0 fnt\n|faint|p1a: Garfield\n|-hitcount|p1: Garfield|4\n|-unboost|p2a: Garchomp|def|1\n|-boost|p2a: Garchomp|spe|1\n|\n|upkeep\n|\n|t:|1771223259\n|switch|p1a: Color Out of Space|Zamazenta|100/100\n|-activate|p1a: Color Out of Space|move: Sticky Web\n|-unboost|p1a: Color Out of Space|spe|1\n|-ability|p1a: Color Out of Space|Dauntless Shield|boost\n|-boost|p1a: Color Out of Space|def|1\n|turn|12\n|\n|t:|1771223265\n|move|p2a: Garchomp|Scale Shot|p1a: Color Out of Space\n|-damage|p1a: Color Out of Space|88/100\n|-damage|p1a: Color Out of Space|76/100\n|-crit|p1a: Color Out of Space\n|-damage|p1a: Color Out of Space|50/100\n|-damage|p1a: Color Out of Space|37/100\n|-damage|p1a: Color Out of Space|25/100\n|-hitcount|p1a: Color Out of Space|5\n|-unboost|p2a: Garchomp|def|1\n|-boost|p2a: Garchomp|spe|1\n|move|p1a: Color Out of Space|Crunch|p2a: Garchomp\n|-damage|p2a: Garchomp|0 fnt\n|-damage|p1a: Color Out of Space|13/100|[from] ability: Rough Skin|[of] p2a: Garchomp\n|faint|p2a: Garchomp\n|\n|upkeep\n|\n|t:|1771223278\n|switch|p2a: Gholdengo|Gholdengo|100/100\n|-damage|p2a: Gholdengo|95/100|[from] Stealth Rock\n|turn|13\n|\n|t:|1771223281\n|move|p2a: Gholdengo|Shadow Ball|p1a: Color Out of Space\n|-damage|p1a: Color Out of Space|0 fnt\n|faint|p1a: Color Out of Space\n|\n|upkeep\n|\n|t:|1771223283\n|switch|p1a: Samurai Sack|Samurott-Hisui, F|100/100\n|-activate|p1a: Samurai Sack|move: Sticky Web\n|-unboost|p1a: Samurai Sack|spe|1\n|turn|14\n|\n|t:|1771223291\n|switch|p2a: Ribombee|Ribombee, M|100/100\n|-damage|p2a: Ribombee|76/100|[from] Stealth Rock\n|move|p1a: Samurai Sack|Ceaseless Edge|p2a: Ribombee\n|-resisted|p2a: Ribombee\n|-damage|p2a: Ribombee|33/100\n|-sidestart|p2: AgencyBlundAMD|Spikes\n|\n|upkeep\n|turn|15\n|\n|t:|1771223293\n|move|p2a: Ribombee|Moonblast|p1a: Samurai Sack\n|-supereffective|p1a: Samurai Sack\n|-damage|p1a: Samurai Sack|0 fnt\n|faint|p1a: Samurai Sack\n|\n|upkeep\n|\n|t:|1771223296\n|switch|p1a: Call it H or T|Gholdengo|77/100\n|-activate|p1a: Call it H or T|move: Sticky Web\n|-unboost|p1a: Call it H or T|spe|1\n|turn|16\n|\n|t:|1771223299\n|move|p2a: Ribombee|Moonblast|p1a: Call it H or T\n|-resisted|p1a: Call it H or T\n|-damage|p1a: Call it H or T|54/100\n|move|p1a: Call it H or T|Recover|p1a: Call it H or T\n|-heal|p1a: Call it H or T|100/100\n|\n|upkeep\n|turn|17\n|\n|t:|1771223304\n|switch|p2a: Gholdengo|Gholdengo|95/100\n|-damage|p2a: Gholdengo|89/100|[from] Stealth Rock\n|-damage|p2a: Gholdengo|76/100|[from] Spikes\n|move|p1a: Call it H or T|Shadow Ball|p2a: Gholdengo\n|-supereffective|p2a: Gholdengo\n|-crit|p2a: Gholdengo\n|-damage|p2a: Gholdengo|0 fnt\n|faint|p2a: Gholdengo\n|\n|upkeep\n|\n|t:|1771223307\n|switch|p2a: Nidoking|Nidoking, M|100/100\n|-damage|p2a: Nidoking|95/100|[from] Stealth Rock\n|-damage|p2a: Nidoking|82/100|[from] Spikes\n|turn|18\n|\n|t:|1771223315\n|switch|p1a: Njau|Latios, M|100/100\n|move|p2a: Nidoking|Fire Blast|p1a: Njau\n|-resisted|p1a: Njau\n|-damage|p1a: Njau|75/100\n|\n|upkeep\n|turn|19\n|inactive|Battle timer is ON: inactive players will automatically lose when time's up. (requested by AgencyBlundAMD)\n|\n|t:|1771223323\n|detailschange|p1a: Njau|Latios-Mega, M\n|-mega|p1a: Njau|Latios|Latiosite\n|move|p1a: Njau|Luster Purge|p2a: Nidoking\n|-supereffective|p2a: Nidoking\n|-damage|p2a: Nidoking|0 fnt\n|faint|p2a: Nidoking\n|\n|upkeep\n|\n|t:|1771223326\n|switch|p2a: Ribombee|Ribombee, M|33/100\n|-damage|p2a: Ribombee|8/100|[from] Stealth Rock\n|-damage|p2a: Ribombee|0 fnt|[from] Spikes\n|faint|p2a: Ribombee\n|\n|t:|1771223328\n|switch|p2a: Dragonite|Dragonite, F|100/100\n|turn|20\n|\n|t:|1771223331\n|move|p1a: Njau|Luster Purge|p2a: Dragonite\n|-damage|p2a: Dragonite|70/100\n|move|p2a: Dragonite|Dragon Dance|p2a: Dragonite\n|-boost|p2a: Dragonite|atk|1\n|-boost|p2a: Dragonite|spe|1\n|\n|upkeep\n|turn|21\n|\n|t:|1771223333\n|move|p2a: Dragonite|Roost|p2a: Dragonite\n|-heal|p2a: Dragonite|100/100\n|-singleturn|p2a: Dragonite|move: Roost\n|move|p1a: Njau|Luster Purge|p2a: Dragonite\n|-damage|p2a: Dragonite|71/100\n|-unboost|p2a: Dragonite|spd|1\n|\n|upkeep\n|turn|22\n|\n|t:|1771223336\n|move|p2a: Dragonite|Dragon Dance|p2a: Dragonite\n|-boost|p2a: Dragonite|atk|1\n|-boost|p2a: Dragonite|spe|1\n|move|p1a: Njau|Luster Purge|p2a: Dragonite\n|-damage|p2a: Dragonite|0 fnt\n|faint|p2a: Dragonite\n|\n|win|Bungeleid\n|raw|Bungeleid's rating: 1647 &rarr; <strong>1668</strong><br />(+21 for winning)\n|raw|AgencyBlundAMD's rating: 1667 &rarr; <strong>1646</strong><br />(-21 for losing)\n|l|‽AgencyBlundAMD\n|player|p2|\n|l|☆Bungeleid\n|player|p1|\n", "uploadtime": 1771223513, "views": 9, "formatid": "gen9nationaldex", "rating": 1646, "private": 0, "password": null}