{"id": "gen9nationaldex-2540251047", "format": "[Gen 9] National Dex", "players": ["roninakahito", "MarceloxV8"], "log": "|j|☆roninakahito\n|j|☆MarceloxV8\n|t:|1771180790\n|gametype|singles\n|player|p1|roninakahito|caitlin|1644\n|player|p2|MarceloxV8|guzma|1570\n|gen|9\n|tier|[Gen 9] National Dex\n|rated|\n|rule|HP Percentage Mod: HP is shown in percentages\n|rule|Endless Battle Clause: Forcing endless battles is banned\n|rule|Species Clause: Limit one of each Pokémon\n|rule|OHKO Clause: OHKO moves are banned\n|rule|Evasion Clause: Evasion abilities, items, and moves are banned\n|rule|Evasion Abilities Clause: Evasion abilities are banned\n|rule|Evasion Items Clause: Evasion items are banned\n|rule|Evasion Moves Clause: Evasion moves are banned\n|rule|Sleep Clause Mod: Limit one foe put to sleep\n|rule|Terastal Clause: You cannot Terastallize\n|clearpoke\n|poke|p1|Manaphy|\n|poke|p1|Volcarona, F|\n|poke|p1|Landorus-Therian, M|\n|poke|p1|Terapagos, M|\n|poke|p1|Toxapex, M|\n|poke|p1|Manectric, F|\n|poke|p2|Tyranitar, F|\n|poke|p2|Garchomp, M|\n|poke|p2|Dracozolt|\n|poke|p2|Alomomola, M|\n|poke|p2|Tapu Lele|\n|poke|p2|Moltres|\n|teampreview\n|inactive|Battle timer is ON: inactive players will automatically lose when time's up. (requested by MarceloxV8)\n|inactive|roninakahito also wants the timer to be on.\n|\n|t:|1771180813\n|teamsize|p1|6\n|teamsize|p2|6\n|start\n|switch|p1a: Manaphy|Manaphy|100/100\n|switch|p2a: Alomomola|Alomomola, M|100/100\n|turn|1\n|\n|t:|1771180819\n|move|p1a: Manaphy|Tail Glow|p1a: Manaphy\n|-boost|p1a: Manaphy|spa|3\n|move|p2a: Alomomola|Flip Turn|p1a: Manaphy\n|-resisted|p1a: Manaphy\n|-damage|p1a: Manaphy|92/100\n|\n|t:|1771180829\n|switch|p2a: Tapu Lele|Tapu Lele|100/100|[from] Flip Turn\n|-fieldstart|move: Psychic Terrain|[from] ability: Psychic Surge|[of] p2a: Tapu Lele\n|\n|upkeep\n|turn|2\n|\n|t:|1771180837\n|move|p2a: Tapu Lele|Psyshock|p1a: Manaphy\n|-damage|p1a: Manaphy|35/100\n|move|p1a: Manaphy|Hydro Pump|p2a: Tapu Lele\n|-damage|p2a: Tapu Lele|0 fnt\n|faint|p2a: Tapu Lele\n|\n|upkeep\n|\n|t:|1771180845\n|switch|p2a: Garchomp|Garchomp, M|100/100\n|turn|3\n|\n|t:|1771180848\n|switch|p1a: Landorus|Landorus-Therian, M|100/100\n|-ability|p1a: Landorus|Intimidate|boost\n|-unboost|p2a: Garchomp|atk|1\n|move|p2a: Garchomp|Stone Edge|p1a: Landorus|[miss]\n|-miss|p2a: Garchomp|p1a: Landorus\n|\n|upkeep\n|turn|4\n|\n|t:|1771180851\n|switch|p2a: Alomomola|Alomomola, M|100/100\n|move|p1a: Landorus|Stealth Rock|p2a: Alomomola\n|-sidestart|p2: MarceloxV8|move: Stealth Rock\n|\n|upkeep\n|turn|5\n|\n|t:|1771180853\n|move|p1a: Landorus|Earthquake|p2a: Alomomola\n|-damage|p2a: Alomomola|64/100\n|move|p2a: Alomomola|Toxic|p1a: Landorus\n|-status|p1a: Landorus|tox\n|\n|-damage|p1a: Landorus|95/100 tox|[from] psn\n|-fieldend|move: Psychic Terrain\n|upkeep\n|turn|6\n|\n|t:|1771180857\n|move|p1a: Landorus|Earthquake|p2a: Alomomola\n|-damage|p2a: Alomomola|29/100\n|move|p2a: Alomomola|Wish|p2a: Alomomola\n|\n|-damage|p1a: Landorus|83/100 tox|[from] psn\n|upkeep\n|turn|7\n|\n|t:|1771180863\n|move|p2a: Alomomola|Protect|p2a: Alomomola\n|-singleturn|p2a: Alomomola|Protect\n|move|p1a: Landorus|Earthquake|p2a: Alomomola\n|-activate|p2a: Alomomola|move: Protect\n|\n|-heal|p2a: Alomomola|79/100|[from] move: Wish|[wisher] Alomomola\n|-damage|p1a: Landorus|65/100 tox|[from] psn\n|upkeep\n|turn|8\n|\n|t:|1771180866\n|move|p1a: Landorus|U-turn|p2a: Alomomola\n|-damage|p2a: Alomomola|64/100\n|\n|t:|1771180868\n|switch|p1a: Manectric|Manectric, F|100/100|[from] U-turn\n|move|p2a: Alomomola|Wish|p2a: Alomomola\n|\n|upkeep\n|turn|9\n|\n|t:|1771180872\n|switch|p2a: Tyranitar|Tyranitar, F|100/100\n|-damage|p2a: Tyranitar|88/100|[from] Stealth Rock\n|-weather|Sandstorm|[from] ability: Sand Stream|[of] p2a: Tyranitar\n|detailschange|p1a: Manectric|Manectric-Mega, F\n|-mega|p1a: Manectric|Manectric|Manectite\n|-ability|p1a: Manectric|Intimidate|boost\n|-unboost|p2a: Tyranitar|atk|1\n|move|p1a: Manectric|Hidden Power|p2a: Tyranitar\n|-damage|p2a: Tyranitar|76/100\n|\n|-weather|Sandstorm|[upkeep]\n|-damage|p1a: Manectric|94/100|[from] Sandstorm\n|-heal|p2a: Tyranitar|100/100|[from] move: Wish|[wisher] Alomomola\n|upkeep\n|turn|10\n|\n|t:|1771180881\n|move|p1a: Manectric|Volt Switch|p2a: Tyranitar\n|-damage|p2a: Tyranitar|79/100\n|\n|t:|1771180883\n|switch|p1a: Landorus|Landorus-Therian, M|65/100 tox|[from] Volt Switch\n|-ability|p1a: Landorus|Intimidate|boost\n|-unboost|p2a: Tyranitar|atk|1\n|move|p2a: Tyranitar|Knock Off|p1a: Landorus\n|-crit|p1a: Landorus\n|-damage|p1a: Landorus|0 fnt\n|-damage|p2a: Tyranitar|62/100|[from] item: Rocky Helmet|[of] p1a: Landorus\n|-enditem|p1a: Landorus|Rocky Helmet|[from] move: Knock Off|[of] p2a: Tyranitar\n|faint|p1a: Landorus\n|\n|-weather|Sandstorm|[upkeep]\n|upkeep\n|\n|t:|1771180887\n|switch|p1a: Manaphy|Manaphy|35/100\n|turn|11\n|\n|t:|1771180892\n|switch|p2a: Dracozolt|Dracozolt|100/100\n|-damage|p2a: Dracozolt|88/100|[from] Stealth Rock\n|move|p1a: Manaphy|Rain Dance|p1a: Manaphy\n|-weather|RainDance\n|\n|-weather|RainDance|[upkeep]\n|upkeep\n|turn|12\n|\n|t:|1771180896\n|switch|p2a: Alomomola|Alomomola, M|98/100\n|move|p1a: Manaphy|Ice Beam|p2a: Alomomola\n|-resisted|p2a: Alomomola\n|-damage|p2a: Alomomola|85/100\n|-status|p2a: Alomomola|frz\n|\n|-weather|RainDance|[upkeep]\n|upkeep\n|turn|13\n|\n|t:|1771180899\n|move|p1a: Manaphy|Tail Glow|p1a: Manaphy\n|-boost|p1a: Manaphy|spa|3\n|-curestatus|p2a: Alomomola|frz|[msg]\n|move|p2a: Alomomola|Flip Turn|p1a: Manaphy\n|-resisted|p1a: Manaphy\n|-damage|p1a: Manaphy|22/100\n|\n|t:|1771180902\n|switch|p2a: Garchomp|Garchomp, M|100/100|[from] Flip Turn\n|-damage|p2a: Garchomp|94/100|[from] Stealth Rock\n|\n|-weather|RainDance|[upkeep]\n|upkeep\n|turn|14\n|\n|t:|1771180904\n|move|p2a: Garchomp|Earthquake|p1a: Manaphy\n|-damage|p1a: Manaphy|0 fnt\n|faint|p1a: Manaphy\n|\n|-weather|RainDance|[upkeep]\n|upkeep\n|\n|t:|1771180911\n|switch|p1a: Terapagos|Terapagos, M|100/100\n|-activate|p1a: Terapagos|ability: Tera Shift\n|detailschange|p1a: Terapagos|Terapagos-Terastal, M\n|-heal|p1a: Terapagos|100/100|[silent]\n|turn|15\n|\n|t:|1771180915\n|switch|p2a: Alomomola|Alomomola, M|100/100\n|move|p1a: Terapagos|Calm Mind|p1a: Terapagos\n|-boost|p1a: Terapagos|spa|1\n|-boost|p1a: Terapagos|spd|1\n|\n|-weather|none\n|upkeep\n|turn|16\n|\n|t:|1771180917\n|move|p1a: Terapagos|Rapid Spin|p2a: Alomomola\n|-damage|p2a: Alomomola|92/100\n|-boost|p1a: Terapagos|spe|1\n|move|p2a: Alomomola|Toxic|p1a: Terapagos|[miss]\n|-miss|p2a: Alomomola|p1a: Terapagos\n|\n|upkeep\n|turn|17\n|\n|t:|1771180920\n|move|p1a: Terapagos|Calm Mind|p1a: Terapagos\n|-boost|p1a: Terapagos|spa|1\n|-boost|p1a: Terapagos|spd|1\n|move|p2a: Alomomola|Toxic|p1a: Terapagos\n|-status|p1a: Terapagos|tox\n|\n|-damage|p1a: Terapagos|94/100 tox|[from] psn\n|upkeep\n|turn|18\n|\n|t:|1771180923\n|move|p1a: Terapagos|Calm Mind|p1a: Terapagos\n|-boost|p1a: Terapagos|spa|1\n|-boost|p1a: Terapagos|spd|1\n|move|p2a: Alomomola|Wish|p2a: Alomomola\n|\n|-heal|p1a: Terapagos|100/100 tox|[from] item: Leftovers\n|-damage|p1a: Terapagos|88/100 tox|[from] psn\n|upkeep\n|turn|19\n|\n|t:|1771180925\n|move|p1a: Terapagos|Calm Mind|p1a: Terapagos\n|-boost|p1a: Terapagos|spa|1\n|-boost|p1a: Terapagos|spd|1\n|move|p2a: Alomomola|Flip Turn|p1a: Terapagos\n|-damage|p1a: Terapagos|74/100 tox\n|\n|t:|1771180927\n|switch|p2a: Tyranitar|Tyranitar, F|62/100|[from] Flip Turn\n|-damage|p2a: Tyranitar|50/100|[from] Stealth Rock\n|-weather|Sandstorm|[from] ability: Sand Stream|[of] p2a: Tyranitar\n|\n|-weather|Sandstorm|[upkeep]\n|-damage|p1a: Terapagos|68/100 tox|[from] Sandstorm\n|-heal|p2a: Tyranitar|100/100|[from] move: Wish|[wisher] Alomomola\n|-heal|p1a: Terapagos|74/100 tox|[from] item: Leftovers\n|-damage|p1a: Terapagos|56/100 tox|[from] psn\n|upkeep\n|turn|20\n|\n|t:|1771180930\n|switch|p2a: Alomomola|Alomomola, M|100/100\n|move|p1a: Terapagos|Tera Starstorm|p2a: Alomomola\n|-damage|p2a: Alomomola|0 fnt\n|faint|p2a: Alomomola\n|\n|-weather|Sandstorm|[upkeep]\n|-damage|p1a: Terapagos|50/100 tox|[from] Sandstorm\n|-heal|p1a: Terapagos|56/100 tox|[from] item: Leftovers\n|-damage|p1a: Terapagos|32/100 tox|[from] psn\n|upkeep\n|j| maoboi\n|\n|t:|1771180938\n|switch|p2a: Dracozolt|Dracozolt|88/100\n|-damage|p2a: Dracozolt|76/100|[from] Stealth Rock\n|turn|21\n|\n|t:|1771180939\n|move|p2a: Dracozolt|Bolt Beak|p1a: Terapagos\n|-crit|p1a: Terapagos\n|-damage|p1a: Terapagos|0 fnt\n|faint|p1a: Terapagos\n|-damage|p2a: Dracozolt|66/100|[from] item: Life Orb\n|\n|-weather|Sandstorm|[upkeep]\n|upkeep\n|\n|t:|1771180941\n|switch|p1a: Manectric|Manectric-Mega, F|94/100\n|-ability|p1a: Manectric|Intimidate|boost\n|-unboost|p2a: Dracozolt|atk|1\n|turn|22\n|\n|t:|1771180949\n|switch|p2a: Tyranitar|Tyranitar, F|100/100\n|-damage|p2a: Tyranitar|88/100|[from] Stealth Rock\n|move|p1a: Manectric|Hidden Power|p2a: Tyranitar\n|-damage|p2a: Tyranitar|75/100\n|\n|-weather|Sandstorm|[upkeep]\n|-damage|p1a: Manectric|88/100|[from] Sandstorm\n|upkeep\n|turn|23\n|\n|t:|1771180953\n|move|p1a: Manectric|Volt Switch|p2a: Tyranitar\n|-damage|p2a: Tyranitar|54/100\n|\n|t:|1771180955\n|switch|p1a: Toxapex|Toxapex, M|100/100|[from] Volt Switch\n|move|p2a: Tyranitar|Knock Off|p1a: Toxapex\n|-damage|p1a: Toxapex|67/100\n|-enditem|p1a: Toxapex|Black Sludge|[from] move: Knock Off|[of] p2a: Tyranitar\n|\n|-weather|Sandstorm|[upkeep]\n|-damage|p1a: Toxapex|61/100|[from] Sandstorm\n|upkeep\n|turn|24\n|\n|t:|1771180958\n|move|p2a: Tyranitar|Earthquake|p1a: Toxapex\n|-supereffective|p1a: Toxapex\n|-damage|p1a: Toxapex|15/100\n|move|p1a: Toxapex|Toxic|p2a: Tyranitar\n|-status|p2a: Tyranitar|tox\n|\n|-weather|Sandstorm|[upkeep]\n|-damage|p1a: Toxapex|9/100|[from] Sandstorm\n|-damage|p2a: Tyranitar|48/100 tox|[from] psn\n|upkeep\n|turn|25\n|\n|t:|1771180964\n|switch|p2a: Moltres|Moltres, shiny|100/100\n|move|p1a: Toxapex|Recover|p1a: Toxapex\n|-heal|p1a: Toxapex|59/100\n|\n|-weather|Sandstorm|[upkeep]\n|-damage|p2a: Moltres|94/100|[from] Sandstorm\n|-damage|p1a: Toxapex|53/100|[from] Sandstorm\n|upkeep\n|turn|26\n|\n|t:|1771180966\n|move|p2a: Moltres|Roost|p2a: Moltres\n|-heal|p2a: Moltres|100/100\n|-singleturn|p2a: Moltres|move: Roost\n|move|p1a: Toxapex|Toxic|p2a: Moltres\n|-status|p2a: Moltres|tox\n|\n|-weather|none\n|-damage|p2a: Moltres|94/100 tox|[from] psn\n|upkeep\n|turn|27\n|\n|t:|1771180969\n|move|p2a: Moltres|Defog|p1a: Toxapex\n|-unboost|p1a: Toxapex|evasion|1\n|-sideend|p2: MarceloxV8|Stealth Rock|[from] move: Defog|[of] p2a: Moltres\n|move|p1a: Toxapex|Recover|p1a: Toxapex\n|-heal|p1a: Toxapex|100/100\n|\n|-damage|p2a: Moltres|82/100 tox|[from] psn\n|upkeep\n|turn|28\n|\n|t:|1771180972\n|move|p2a: Moltres|U-turn|p1a: Toxapex\n|-resisted|p1a: Toxapex\n|-damage|p1a: Toxapex|97/100\n|\n|t:|1771180975\n|switch|p2a: Garchomp|Garchomp, M|94/100|[from] U-turn\n|move|p1a: Toxapex|Toxic Spikes|p2a: Garchomp\n|-sidestart|p2: MarceloxV8|move: Toxic Spikes\n|\n|upkeep\n|turn|29\n|\n|t:|1771180977\n|detailschange|p2a: Garchomp|Garchomp-Mega, M\n|-mega|p2a: Garchomp|Garchomp|Garchompite\n|move|p2a: Garchomp|Earthquake|p1a: Toxapex\n|-supereffective|p1a: Toxapex\n|-damage|p1a: Toxapex|25/100\n|move|p1a: Toxapex|Toxic|p2a: Garchomp\n|-status|p2a: Garchomp|tox\n|\n|-damage|p2a: Garchomp|88/100 tox|[from] psn\n|upkeep\n|turn|30\n|\n|t:|1771180982\n|move|p2a: Garchomp|Earthquake|p1a: Toxapex\n|-supereffective|p1a: Toxapex\n|-damage|p1a: Toxapex|0 fnt\n|faint|p1a: Toxapex\n|\n|-damage|p2a: Garchomp|76/100 tox|[from] psn\n|upkeep\n|\n|t:|1771180984\n|switch|p1a: Manectric|Manectric-Mega, F|88/100\n|-ability|p1a: Manectric|Intimidate|boost\n|-unboost|p2a: Garchomp|atk|1\n|turn|31\n|\n|t:|1771180993\n|move|p1a: Manectric|Volt Switch|p2a: Garchomp\n|-immune|p2a: Garchomp\n|move|p2a: Garchomp|Earthquake|p1a: Manectric\n|-supereffective|p1a: Manectric\n|-damage|p1a: Manectric|0 fnt\n|faint|p1a: Manectric\n|detailschange|p1: Manectric|Manectric, F|[silent]\n|\n|-damage|p2a: Garchomp|57/100 tox|[from] psn\n|upkeep\n|\n|t:|1771180994\n|switch|p1a: Volcarona|Volcarona, F|100/100\n|turn|32\n|\n|t:|1771180997\n|move|p2a: Garchomp|Scale Shot|p1a: Volcarona\n|-damage|p1a: Volcarona|83/100\n|-damage|p1a: Volcarona|66/100\n|-damage|p1a: Volcarona|51/100\n|-hitcount|p1a: Volcarona|3\n|-unboost|p2a: Garchomp|def|1\n|-boost|p2a: Garchomp|spe|1\n|move|p1a: Volcarona|Substitute|p1a: Volcarona\n|-start|p1a: Volcarona|Substitute\n|-damage|p1a: Volcarona|26/100\n|\n|-heal|p1a: Volcarona|32/100|[from] item: Leftovers\n|-damage|p2a: Garchomp|33/100 tox|[from] psn\n|upkeep\n|turn|33\n|\n|t:|1771181000\n|move|p2a: Garchomp|Scale Shot|p1a: Volcarona\n|-crit|p1a: Volcarona\n|-end|p1a: Volcarona|Substitute\n|-damage|p1a: Volcarona|16/100\n|-hitcount|p1a: Volcarona|2\n|-unboost|p2a: Garchomp|def|1\n|-boost|p2a: Garchomp|spe|1\n|move|p1a: Volcarona|Quiver Dance|p1a: Volcarona\n|-boost|p1a: Volcarona|spa|1\n|-boost|p1a: Volcarona|spd|1\n|-boost|p1a: Volcarona|spe|1\n|\n|-heal|p1a: Volcarona|22/100|[from] item: Leftovers\n|-damage|p2a: Garchomp|2/100 tox|[from] psn\n|upkeep\n|turn|34\n|\n|t:|1771181009\n|move|p2a: Garchomp|Earthquake|p1a: Volcarona\n|-damage|p1a: Volcarona|0 fnt\n|faint|p1a: Volcarona\n|\n|win|MarceloxV8\n|raw|roninakahito's rating: 1644 &rarr; <strong>1620</strong><br />(-24 for losing)\n|raw|MarceloxV8's rating: 1570 &rarr; <strong>1594</strong><br />(+24 for winning)\n|l|☆roninakahito\n|player|p1|\n|l|☆MarceloxV8\n|player|p2|\n|l| maoboi\n", "uploadtime": 1771181222, "views": 11, "formatid": "gen9nationaldex", "rating": 1594, "private": 0, "password": null}