{"id": "gen9nationaldex-2540808836", "format": "[Gen 9] National Dex", "players": ["The Dark Main", "mtxmason"], "log": "|j|☆The Dark Main\n|j|☆mtxmason\n|t:|1771256249\n|gametype|singles\n|player|p1|The Dark Main|grimsley|1529\n|player|p2|mtxmason|proton|1520\n|gen|9\n|tier|[Gen 9] National Dex\n|rated|\n|rule|HP Percentage Mod: HP is shown in percentages\n|rule|Endless Battle Clause: Forcing endless battles is banned\n|rule|Species Clause: Limit one of each Pokémon\n|rule|OHKO Clause: OHKO moves are banned\n|rule|Evasion Clause: Evasion abilities, items, and moves are banned\n|rule|Evasion Abilities Clause: Evasion abilities are banned\n|rule|Evasion Items Clause: Evasion items are banned\n|rule|Evasion Moves Clause: Evasion moves are banned\n|rule|Sleep Clause Mod: Limit one foe put to sleep\n|rule|Terastal Clause: You cannot Terastallize\n|clearpoke\n|poke|p1|Xurkitree|\n|poke|p1|Kartana|\n|poke|p1|Landorus-Therian, M|\n|poke|p1|Blissey, F|\n|poke|p1|Greninja-*, M|\n|poke|p1|Charizard, M|\n|poke|p2|Diancie|\n|poke|p2|Ceruledge, M|\n|poke|p2|Zamazenta-*|\n|poke|p2|Kingambit, F|\n|poke|p2|Ogerpon-Wellspring, F|\n|poke|p2|Dragonite, F|\n|teampreview\n|inactive|Battle timer is ON: inactive players will automatically lose when time's up. (requested by mtxmason)\n|inactive|The Dark Main has 120 seconds left.\n|\n|t:|1771256292\n|teamsize|p1|6\n|teamsize|p2|6\n|start\n|switch|p1a: Kartana|Kartana|100/100\n|switch|p2a: Diancie|Diancie|100/100\n|turn|1\n|\n|t:|1771256308\n|switch|p2a: Ceruledge|Ceruledge, M|100/100\n|move|p1a: Kartana|Leaf Blade|p2a: Ceruledge\n|-resisted|p2a: Ceruledge\n|-crit|p2a: Ceruledge\n|-damage|p2a: Ceruledge|31/100\n|-ability|p2a: Ceruledge|Weak Armor|boost\n|-unboost|p2a: Ceruledge|def|1\n|-boost|p2a: Ceruledge|spe|2\n|\n|upkeep\n|turn|2\n|\n|t:|1771256314\n|switch|p1a: Greninja|Greninja, M|100/100\n|move|p2a: Ceruledge|Bitter Blade|p1a: Greninja\n|-resisted|p1a: Greninja\n|-damage|p1a: Greninja|57/100\n|-heal|p2a: Ceruledge|53/100|[from] drain|[of] p1a: Greninja\n|\n|upkeep\n|turn|3\n|\n|t:|1771256323\n|switch|p2a: Ogerpon|Ogerpon-Wellspring, F|100/100\n|move|p1a: Greninja|Dark Pulse|p2a: Ogerpon\n|-damage|p2a: Ogerpon|60/100\n|\n|upkeep\n|turn|4\n|\n|t:|1771256331\n|switch|p1a: Kartana|Kartana|100/100\n|switch|p2a: Kingambit|Kingambit, F|100/100\n|-item|p2a: Kingambit|Air Balloon\n|\n|upkeep\n|turn|5\n|\n|t:|1771256343\n|-end|p2a: Kingambit|fallenundefined|[silent]\n|switch|p2a: Ceruledge|Ceruledge, M|53/100\n|move|p1a: Kartana|Knock Off|p2a: Ceruledge\n|-supereffective|p2a: Ceruledge\n|-damage|p2a: Ceruledge|0 fnt\n|faint|p2a: Ceruledge\n|-ability|p1a: Kartana|Beast Boost|boost\n|-boost|p1a: Kartana|atk|1\n|\n|upkeep\n|\n|t:|1771256352\n|switch|p2a: Zamazenta|Zamazenta|100/100\n|-ability|p2a: Zamazenta|Dauntless Shield|boost\n|-boost|p2a: Zamazenta|def|1\n|turn|6\n|\n|t:|1771256356\n|switch|p1a: Landorus|Landorus-Therian, M|100/100\n|-ability|p1a: Landorus|Intimidate|boost\n|-unboost|p2a: Zamazenta|atk|1\n|move|p2a: Zamazenta|Iron Defense|p2a: Zamazenta\n|-boost|p2a: Zamazenta|def|2\n|\n|upkeep\n|turn|7\n|\n|t:|1771256359\n|move|p2a: Zamazenta|Iron Defense|p2a: Zamazenta\n|-boost|p2a: Zamazenta|def|2\n|move|p1a: Landorus|U-turn|p2a: Zamazenta\n|-resisted|p2a: Zamazenta\n|-damage|p2a: Zamazenta|97/100\n|\n|t:|1771256361\n|switch|p1a: Charizard|Charizard, M|100/100|[from] U-turn\n|\n|-heal|p2a: Zamazenta|100/100|[from] item: Leftovers\n|upkeep\n|turn|8\n|\n|t:|1771256367\n|detailschange|p1a: Charizard|Charizard-Mega-Y, M\n|-mega|p1a: Charizard|Charizard|Charizardite Y\n|-weather|SunnyDay|[from] ability: Drought|[of] p1a: Charizard\n|move|p2a: Zamazenta|Substitute|p2a: Zamazenta\n|-start|p2a: Zamazenta|Substitute\n|-damage|p2a: Zamazenta|76/100\n|move|p1a: Charizard|Weather Ball|p2a: Zamazenta\n|-end|p2a: Zamazenta|Substitute\n|\n|-weather|SunnyDay|[upkeep]\n|-heal|p2a: Zamazenta|82/100|[from] item: Leftovers\n|upkeep\n|turn|9\n|\n|t:|1771256382\n|switch|p2a: Diancie|Diancie|100/100\n|move|p1a: Charizard|Weather Ball|p2a: Diancie\n|-resisted|p2a: Diancie\n|-damage|p2a: Diancie|67/100\n|\n|-weather|SunnyDay|[upkeep]\n|upkeep\n|turn|10\n|\n|t:|1771256386\n|switch|p1a: Kartana|Kartana|100/100\n|detailschange|p2a: Diancie|Diancie-Mega\n|-mega|p2a: Diancie|Diancie|Diancite\n|move|p2a: Diancie|Stealth Rock|p1a: Kartana\n|-sidestart|p1: The Dark Main|move: Stealth Rock\n|\n|-weather|SunnyDay|[upkeep]\n|upkeep\n|turn|11\n|\n|t:|1771256404\n|move|p1a: Kartana|Solar Blade||[still]\n|-prepare|p1a: Kartana|Solar Blade\n|-anim|p1a: Kartana|Solar Blade|p2a: Diancie\n|-supereffective|p2a: Diancie\n|-damage|p2a: Diancie|0 fnt\n|faint|p2a: Diancie\n|detailschange|p2: Diancie|Diancie|[silent]\n|-ability|p1a: Kartana|Beast Boost|boost\n|-boost|p1a: Kartana|atk|1\n|\n|-weather|SunnyDay|[upkeep]\n|upkeep\n|\n|t:|1771256406\n|switch|p2a: Dragonite|Dragonite, F|100/100\n|turn|12\n|\n|t:|1771256408\n|move|p1a: Kartana|Solar Blade||[still]\n|-prepare|p1a: Kartana|Solar Blade\n|-anim|p1a: Kartana|Solar Blade|p2a: Dragonite\n|-resisted|p2a: Dragonite\n|-damage|p2a: Dragonite|84/100\n|move|p2a: Dragonite|Dragon Dance|p2a: Dragonite\n|-boost|p2a: Dragonite|atk|1\n|-boost|p2a: Dragonite|spe|1\n|\n|-weather|none\n|upkeep\n|turn|13\n|\n|t:|1771256413\n|switch|p1a: Landorus|Landorus-Therian, M|100/100\n|-damage|p1a: Landorus|88/100|[from] Stealth Rock\n|-ability|p1a: Landorus|Intimidate|boost\n|-unboost|p2a: Dragonite|atk|1\n|move|p2a: Dragonite|Dragon Dance|p2a: Dragonite\n|-boost|p2a: Dragonite|atk|1\n|-boost|p2a: Dragonite|spe|1\n|\n|-heal|p1a: Landorus|94/100|[from] item: Leftovers\n|upkeep\n|turn|14\n|\n|t:|1771256422\n|move|p2a: Dragonite|Dragon Dance|p2a: Dragonite\n|-boost|p2a: Dragonite|atk|1\n|-boost|p2a: Dragonite|spe|1\n|move|p1a: Landorus|Defog|p2a: Dragonite\n|-unboost|p2a: Dragonite|evasion|1\n|-sideend|p1: The Dark Main|Stealth Rock|[from] move: Defog|[of] p1a: Landorus\n|\n|-heal|p1a: Landorus|99/100|[from] item: Leftovers\n|upkeep\n|turn|15\n|\n|t:|1771256427\n|move|p2a: Dragonite|Scale Shot|p1a: Landorus|[miss]\n|-miss|p2a: Dragonite|p1a: Landorus\n|move|p1a: Landorus|Knock Off|p2a: Dragonite\n|-damage|p2a: Dragonite|49/100\n|-enditem|p2a: Dragonite|Loaded Dice|[from] move: Knock Off|[of] p1a: Landorus\n|\n|-heal|p1a: Landorus|100/100|[from] item: Leftovers\n|upkeep\n|turn|16\n|\n|t:|1771256436\n|move|p2a: Dragonite|Substitute|p2a: Dragonite\n|-start|p2a: Dragonite|Substitute\n|-damage|p2a: Dragonite|24/100\n|move|p1a: Landorus|U-turn|p2a: Dragonite\n|-resisted|p2a: Dragonite\n|-activate|p2a: Dragonite|move: Substitute|[damage]\n|\n|t:|1771256441\n|switch|p1a: Blissey|Blissey, F|100/100|[from] U-turn\n|\n|upkeep\n|turn|17\n|\n|t:|1771256445\n|move|p2a: Dragonite|Earthquake|p1a: Blissey\n|-damage|p1a: Blissey|35/100\n|move|p1a: Blissey|Seismic Toss|p2a: Dragonite\n|-end|p2a: Dragonite|Substitute\n|\n|upkeep\n|turn|18\n|\n|t:|1771256452\n|move|p2a: Dragonite|Earthquake|p1a: Blissey\n|-damage|p1a: Blissey|0 fnt\n|faint|p1a: Blissey\n|\n|upkeep\n|\n|t:|1771256477\n|switch|p1a: Greninja|Greninja, M|57/100\n|turn|19\n|\n|t:|1771256482\n|move|p1a: Greninja|Water Shuriken|p2a: Dragonite\n|-resisted|p2a: Dragonite\n|-damage|p2a: Dragonite|20/100\n|-resisted|p2a: Dragonite\n|-damage|p2a: Dragonite|17/100\n|-resisted|p2a: Dragonite\n|-damage|p2a: Dragonite|13/100\n|-resisted|p2a: Dragonite\n|-damage|p2a: Dragonite|9/100\n|-hitcount|p2a: Dragonite|4\n|move|p2a: Dragonite|Earthquake|p1a: Greninja\n|-damage|p1a: Greninja|0 fnt\n|faint|p1a: Greninja\n|\n|upkeep\n|\n|t:|1771256491\n|switch|p1a: Landorus|Landorus-Therian, M|100/100\n|-ability|p1a: Landorus|Intimidate|boost\n|-unboost|p2a: Dragonite|atk|1\n|turn|20\n|\n|t:|1771256496\n|move|p2a: Dragonite|Scale Shot|p1a: Landorus\n|-damage|p1a: Landorus|81/100\n|-damage|p1a: Landorus|60/100\n|-damage|p1a: Landorus|37/100\n|-damage|p1a: Landorus|15/100\n|-damage|p1a: Landorus|0 fnt\n|faint|p1a: Landorus\n|-hitcount|p1: Landorus|5\n|-unboost|p2a: Dragonite|def|1\n|-boost|p2a: Dragonite|spe|1\n|\n|upkeep\n|\n|t:|1771256512\n|switch|p1a: Kartana|Kartana|100/100\n|turn|21\n|\n|t:|1771256515\n|move|p2a: Dragonite|Earthquake|p1a: Kartana\n|-damage|p1a: Kartana|48/100\n|move|p1a: Kartana|Leaf Blade|p2a: Dragonite\n|-resisted|p2a: Dragonite\n|-damage|p2a: Dragonite|0 fnt\n|faint|p2a: Dragonite\n|-ability|p1a: Kartana|Beast Boost|boost\n|-boost|p1a: Kartana|atk|1\n|\n|upkeep\n|\n|t:|1771256519\n|switch|p2a: Zamazenta|Zamazenta|82/100\n|turn|22\n|\n|t:|1771256524\n|move|p1a: Kartana|Leaf Blade|p2a: Zamazenta\n|-damage|p2a: Zamazenta|8/100\n|move|p2a: Zamazenta|Iron Defense|p2a: Zamazenta\n|-boost|p2a: Zamazenta|def|2\n|\n|-heal|p2a: Zamazenta|14/100|[from] item: Leftovers\n|upkeep\n|turn|23\n|\n|t:|1771256528\n|move|p1a: Kartana|Leaf Blade|p2a: Zamazenta\n|-crit|p2a: Zamazenta\n|-damage|p2a: Zamazenta|0 fnt\n|faint|p2a: Zamazenta\n|-ability|p1a: Kartana|Beast Boost|boost\n|-boost|p1a: Kartana|atk|1\n|\n|upkeep\n|\n|t:|1771256531\n|switch|p2a: Kingambit|Kingambit, F|100/100\n|-activate|p2a: Kingambit|ability: Supreme Overlord\n|-start|p2a: Kingambit|fallen4|[silent]\n|-item|p2a: Kingambit|Air Balloon\n|turn|24\n|\n|t:|1771256537\n|switch|p1a: Charizard|Charizard-Mega-Y, M|100/100\n|-weather|SunnyDay|[from] ability: Drought|[of] p1a: Charizard\n|move|p2a: Kingambit|Sucker Punch||[still]\n|-fail|p2a: Kingambit\n|\n|-weather|SunnyDay|[upkeep]\n|upkeep\n|turn|25\n|\n|t:|1771256541\n|move|p2a: Kingambit|Sucker Punch|p1a: Charizard\n|-crit|p1a: Charizard\n|-damage|p1a: Charizard|0 fnt\n|faint|p1a: Charizard\n|detailschange|p1: Charizard|Charizard, M|[silent]\n|\n|-weather|SunnyDay|[upkeep]\n|upkeep\n|\n|t:|1771256542\n|switch|p1a: Xurkitree|Xurkitree|100/100\n|turn|26\n|\n|t:|1771256545\n|move|p2a: Kingambit|Sucker Punch||[still]\n|-fail|p2a: Kingambit\n|-zpower|p1a: Xurkitree\n|move|p1a: Xurkitree|Z-Hypnosis|p2a: Kingambit|[anim]Hypnosis|[miss]\n|-boost|p1a: Xurkitree|spe|1|[zeffect]\n|-miss|p1a: Xurkitree|p2a: Kingambit\n|\n|-weather|SunnyDay|[upkeep]\n|upkeep\n|turn|27\n|\n|t:|1771256551\n|move|p2a: Kingambit|Sucker Punch||[still]\n|-fail|p2a: Kingambit\n|move|p1a: Xurkitree|Hypnosis|p2a: Kingambit\n|-status|p2a: Kingambit|slp|[from] move: Hypnosis\n|\n|-weather|SunnyDay|[upkeep]\n|upkeep\n|turn|28\n|\n|t:|1771256555\n|move|p1a: Xurkitree|Thunderbolt|p2a: Kingambit\n|-damage|p2a: Kingambit|43/100 slp\n|-enditem|p2a: Kingambit|Air Balloon\n|cant|p2a: Kingambit|slp\n|\n|-weather|none\n|upkeep\n|turn|29\n|\n|t:|1771256563\n|-curestatus|p2a: Kingambit|slp|[msg]\n|move|p2a: Kingambit|Sucker Punch|p1a: Xurkitree\n|-damage|p1a: Xurkitree|12/100\n|move|p1a: Xurkitree|Thunderbolt|p2a: Kingambit\n|-damage|p2a: Kingambit|0 fnt\n|faint|p2a: Kingambit\n|-end|p2a: Kingambit|fallen4|[silent]\n|-ability|p1a: Xurkitree|Beast Boost|boost\n|-boost|p1a: Xurkitree|spa|1\n|\n|upkeep\n|\n|t:|1771256569\n|switch|p2a: Ogerpon|Ogerpon-Wellspring, F|60/100\n|turn|30\n|\n|t:|1771256572\n|move|p1a: Xurkitree|Thunderbolt|p2a: Ogerpon\n|-damage|p2a: Ogerpon|0 fnt\n|faint|p2a: Ogerpon\n|\n|win|The Dark Main\n|raw|The Dark Main's rating: 1529 &rarr; <strong>1548</strong><br />(+19 for winning)\n|raw|mtxmason's rating: 1520 &rarr; <strong>1501</strong><br />(-19 for losing)\n|l|☆mtxmason\n|player|p2|\n|c|☆The Dark Main|Gg\n|l|☆The Dark Main\n|player|p1|\n|j|☆The Dark Main\n|player|p1|The Dark Main|grimsley|\n", "uploadtime": 1771256585, "views": 6, "formatid": "gen9nationaldex", "rating": 1501, "private": 0, "password": null}