{"id": "gen9nationaldex-2540654095", "format": "[Gen 9] National Dex", "players": ["jng999", "XenoForbs"], "log": "|j|☆jng999\n|j|☆XenoForbs\n|t:|1771234800\n|gametype|singles\n|player|p1|jng999|n|1529\n|player|p2|XenoForbs|gladion-masters|1583\n|gen|9\n|tier|[Gen 9] National Dex\n|rated|\n|rule|HP Percentage Mod: HP is shown in percentages\n|rule|Endless Battle Clause: Forcing endless battles is banned\n|rule|Species Clause: Limit one of each Pokémon\n|rule|OHKO Clause: OHKO moves are banned\n|rule|Evasion Clause: Evasion abilities, items, and moves are banned\n|rule|Evasion Abilities Clause: Evasion abilities are banned\n|rule|Evasion Items Clause: Evasion items are banned\n|rule|Evasion Moves Clause: Evasion moves are banned\n|rule|Sleep Clause Mod: Limit one foe put to sleep\n|rule|Terastal Clause: You cannot Terastallize\n|clearpoke\n|poke|p1|Weezing-Galar, M|\n|poke|p1|Corviknight, F|\n|poke|p1|Latias, F|\n|poke|p1|Ogerpon-Wellspring, F|\n|poke|p1|Zamazenta-*|\n|poke|p1|Ting-Lu|\n|poke|p2|Hatterene, F|\n|poke|p2|Cresselia, F|\n|poke|p2|Melmetal|\n|poke|p2|Porygon2|\n|poke|p2|Ursaluna, F|\n|poke|p2|Camerupt, F|\n|teampreview\n|inactive|Battle timer is ON: inactive players will automatically lose when time's up. (requested by XenoForbs)\n|\n|t:|1771234809\n|teamsize|p1|6\n|teamsize|p2|6\n|start\n|switch|p1a: Ogerpon|Ogerpon-Wellspring, F|100/100\n|switch|p2a: Melmetal|Melmetal|100/100\n|turn|1\n|\n|t:|1771234814\n|move|p1a: Ogerpon|Swords Dance|p1a: Ogerpon\n|-boost|p1a: Ogerpon|atk|2\n|move|p2a: Melmetal|Double Iron Bash|p1a: Ogerpon\n|-resisted|p1a: Ogerpon\n|-damage|p1a: Ogerpon|57/100\n|-resisted|p1a: Ogerpon\n|-damage|p1a: Ogerpon|12/100\n|-hitcount|p1a: Ogerpon|2\n|\n|upkeep\n|turn|2\n|\n|t:|1771234818\n|switch|p2a: Porygon2|Porygon2, shiny|100/100\n|-ability|p2a: Porygon2|Water Absorb|Trace|[from] ability: Trace|[of] p1a: Ogerpon\n|move|p1a: Ogerpon|Low Kick|p2a: Porygon2\n|-supereffective|p2a: Porygon2\n|-damage|p2a: Porygon2|40/100\n|\n|upkeep\n|turn|3\n|\n|t:|1771234824\n|move|p1a: Ogerpon|Horn Leech|p2a: Porygon2\n|-damage|p2a: Porygon2|0 fnt\n|-heal|p1a: Ogerpon|37/100|[from] drain|[of] p2a: Porygon2\n|faint|p2a: Porygon2\n|\n|upkeep\n|\n|t:|1771234826\n|switch|p2a: Hatterene|Hatterene, F, shiny|100/100\n|turn|4\n|\n|t:|1771234830\n|move|p1a: Ogerpon|Ivy Cudgel|p2a: Hatterene|[anim] Ivy Cudgel Water\n|-crit|p2a: Hatterene\n|-enditem|p2a: Hatterene|Focus Sash\n|-damage|p2a: Hatterene|1/100\n|move|p2a: Hatterene|Trick Room|p2a: Hatterene\n|-fieldstart|move: Trick Room|[of] p2a: Hatterene\n|\n|upkeep\n|turn|5\n|\n|t:|1771234843\n|move|p2a: Hatterene|Misty Explosion|p1a: Ogerpon\n|-damage|p1a: Ogerpon|0 fnt\n|faint|p2a: Hatterene\n|faint|p1a: Ogerpon\n|\n|upkeep\n|inactive|jng999 has 120 seconds left.\n|\n|t:|1771234875\n|switch|p2a: Camerupt|Camerupt, F, shiny|100/100\n|switch|p1a: Latias|Latias, F|100/100\n|turn|6\n|inactive|jng999 has 120 seconds left.\n|inactive|XenoForbs has 120 seconds left.\n|\n|t:|1771234924\n|switch|p2a: Melmetal|Melmetal|100/100\n|detailschange|p1a: Latias|Latias-Mega, F\n|-mega|p1a: Latias|Latias|Latiasite\n|move|p1a: Latias|Calm Mind|p1a: Latias\n|-boost|p1a: Latias|spa|1\n|-boost|p1a: Latias|spd|1\n|\n|upkeep\n|turn|7\n|inactive|jng999 has 120 seconds left.\n|\n|t:|1771234943\n|switch|p1a: Corviknight|Corviknight, F|100/100\n|-ability|p1a: Corviknight|Pressure\n|move|p2a: Melmetal|Double Iron Bash|p1a: Corviknight\n|-resisted|p1a: Corviknight\n|-damage|p1a: Corviknight|81/100\n|-damage|p2a: Melmetal|84/100|[from] item: Rocky Helmet|[of] p1a: Corviknight\n|-resisted|p1a: Corviknight\n|-damage|p1a: Corviknight|61/100\n|-damage|p2a: Melmetal|67/100|[from] item: Rocky Helmet|[of] p1a: Corviknight\n|-hitcount|p1a: Corviknight|2\n|\n|upkeep\n|turn|8\n|inactive|XenoForbs has 120 seconds left.\n|\n|t:|1771234968\n|switch|p2a: Camerupt|Camerupt, F, shiny|100/100\n|move|p1a: Corviknight|Roost|p1a: Corviknight\n|-heal|p1a: Corviknight|100/100\n|-singleturn|p1a: Corviknight|move: Roost\n|\n|-fieldend|move: Trick Room\n|upkeep\n|turn|9\n|j| Vaitas\n|\n|t:|1771234973\n|switch|p1a: Ting-Lu|Ting-Lu|100/100\n|-ability|p1a: Ting-Lu|Vessel of Ruin\n|detailschange|p2a: Camerupt|Camerupt-Mega, F, shiny\n|-mega|p2a: Camerupt|Camerupt|Cameruptite\n|move|p2a: Camerupt|Heat Wave|p1a: Ting-Lu\n|-damage|p1a: Ting-Lu|71/100\n|\n|-heal|p1a: Ting-Lu|77/100|[from] item: Leftovers\n|upkeep\n|turn|10\n|inactive|XenoForbs has 120 seconds left.\n|\n|t:|1771234981\n|switch|p2a: Ursaluna|Ursaluna, F, shiny|100/100\n|move|p1a: Ting-Lu|Payback|p2a: Ursaluna\n|-damage|p2a: Ursaluna|88/100\n|\n|-heal|p1a: Ting-Lu|83/100|[from] item: Leftovers\n|-status|p2a: Ursaluna|brn|[from] item: Flame Orb\n|upkeep\n|turn|11\n|\n|t:|1771234991\n|switch|p1a: Weezing|Weezing-Galar, M|100/100\n|-ability|p1a: Weezing|Neutralizing Gas\n|move|p2a: Ursaluna|Facade|p1a: Weezing\n|-damage|p1a: Weezing|44/100\n|\n|-damage|p2a: Ursaluna|81/100 brn|[from] brn\n|upkeep\n|turn|12\n|inactive|XenoForbs has 120 seconds left.\n|\n|t:|1771235011\n|move|p1a: Weezing|Strange Steam|p2a: Ursaluna\n|-damage|p2a: Ursaluna|57/100 brn\n|move|p2a: Ursaluna|Fire Punch|p1a: Weezing\n|-damage|p1a: Weezing|34/100\n|\n|-damage|p2a: Ursaluna|50/100 brn|[from] brn\n|upkeep\n|turn|13\n|\n|t:|1771235017\n|switch|p2a: Cresselia|Cresselia, F, shiny|100/100\n|move|p1a: Weezing|Strange Steam|p2a: Cresselia\n|-crit|p2a: Cresselia\n|-damage|p2a: Cresselia|75/100\n|\n|upkeep\n|turn|14\n|inactive|XenoForbs has 120 seconds left.\n|\n|t:|1771235062\n|move|p1a: Weezing|Pain Split|p2a: Cresselia\n|-sethp|p2a: Cresselia|50/100|[from] move: Pain Split|[silent]\n|-sethp|p1a: Weezing|67/100|[from] move: Pain Split\n|move|p2a: Cresselia|Trick Room|p2a: Cresselia\n|-fieldstart|move: Trick Room|[of] p2a: Cresselia\n|\n|upkeep\n|turn|15\n|inactive|XenoForbs has 90 seconds left.\n|\n|t:|1771235086\n|-end|p1a: Weezing|ability: Neutralizing Gas\n|switch|p1a: Ting-Lu|Ting-Lu|83/100\n|-ability|p1a: Ting-Lu|Vessel of Ruin\n|switch|p2a: Melmetal|Melmetal|67/100\n|\n|-heal|p1a: Ting-Lu|89/100|[from] item: Leftovers\n|upkeep\n|turn|16\n|\n|t:|1771235090\n|switch|p1a: Corviknight|Corviknight, F|100/100\n|-ability|p1a: Corviknight|Pressure\n|move|p2a: Melmetal|Double Iron Bash|p1a: Corviknight\n|-resisted|p1a: Corviknight\n|-damage|p1a: Corviknight|81/100\n|-damage|p2a: Melmetal|50/100|[from] item: Rocky Helmet|[of] p1a: Corviknight\n|-resisted|p1a: Corviknight\n|-damage|p1a: Corviknight|60/100\n|-damage|p2a: Melmetal|34/100|[from] item: Rocky Helmet|[of] p1a: Corviknight\n|-hitcount|p1a: Corviknight|2\n|\n|upkeep\n|turn|17\n|\n|t:|1771235093\n|switch|p2a: Camerupt|Camerupt-Mega, F, shiny|100/100\n|move|p1a: Corviknight|Roost|p1a: Corviknight\n|-heal|p1a: Corviknight|100/100\n|-singleturn|p1a: Corviknight|move: Roost\n|\n|upkeep\n|turn|18\n|inactive|XenoForbs has 90 seconds left.\n|c|☆jng999|快快快\n|\n|t:|1771235127\n|switch|p1a: Latias|Latias-Mega, F|100/100\n|move|p2a: Camerupt|Heat Wave|p1a: Latias\n|-resisted|p1a: Latias\n|-damage|p1a: Latias|75/100\n|\n|-fieldend|move: Trick Room\n|upkeep\n|turn|19\n|c|☆jng999|新年快乐\n|\n|t:|1771235133\n|move|p1a: Latias|Calm Mind|p1a: Latias\n|-boost|p1a: Latias|spa|1\n|-boost|p1a: Latias|spd|1\n|move|p2a: Camerupt|Flash Cannon|p1a: Latias\n|-damage|p1a: Latias|54/100\n|\n|upkeep\n|turn|20\n|\n|t:|1771235136\n|move|p1a: Latias|Calm Mind|p1a: Latias\n|-boost|p1a: Latias|spa|1\n|-boost|p1a: Latias|spd|1\n|move|p2a: Camerupt|Yawn|p1a: Latias\n|-start|p1a: Latias|move: Yawn|[of] p2a: Camerupt\n|\n|upkeep\n|turn|21\n|\n|t:|1771235146\n|switch|p1a: Ting-Lu|Ting-Lu|89/100\n|-ability|p1a: Ting-Lu|Vessel of Ruin\n|move|p2a: Camerupt|Heat Wave|p1a: Ting-Lu\n|-damage|p1a: Ting-Lu|57/100\n|\n|-heal|p1a: Ting-Lu|63/100|[from] item: Leftovers\n|upkeep\n|turn|22\n|\n|t:|1771235149\n|move|p1a: Ting-Lu|Payback|p2a: Camerupt\n|-crit|p2a: Camerupt\n|-damage|p2a: Camerupt|71/100\n|move|p2a: Camerupt|Earth Power|p1a: Ting-Lu\n|-damage|p1a: Ting-Lu|32/100\n|\n|-heal|p1a: Ting-Lu|38/100|[from] item: Leftovers\n|upkeep\n|turn|23\n|\n|t:|1771235155\n|move|p1a: Ting-Lu|Earthquake|p2a: Camerupt\n|-supereffective|p2a: Camerupt\n|-damage|p2a: Camerupt|1/100\n|move|p2a: Camerupt|Earth Power|p1a: Ting-Lu\n|-damage|p1a: Ting-Lu|6/100\n|\n|-heal|p1a: Ting-Lu|12/100|[from] item: Leftovers\n|upkeep\n|turn|24\n|\n|t:|1771235158\n|move|p1a: Ting-Lu|Payback|p2a: Camerupt\n|-damage|p2a: Camerupt|0 fnt\n|faint|p2a: Camerupt\n|detailschange|p2: Camerupt|Camerupt, F, shiny|[silent]\n|\n|-heal|p1a: Ting-Lu|18/100|[from] item: Leftovers\n|upkeep\n|\n|t:|1771235168\n|switch|p2a: Cresselia|Cresselia, F, shiny|50/100\n|turn|25\n|\n|t:|1771235173\n|move|p1a: Ting-Lu|Stealth Rock|p2a: Cresselia\n|-sidestart|p2: XenoForbs|move: Stealth Rock\n|move|p2a: Cresselia|Trick Room|p2a: Cresselia\n|-fieldstart|move: Trick Room|[of] p2a: Cresselia\n|\n|-heal|p1a: Ting-Lu|24/100|[from] item: Leftovers\n|upkeep\n|turn|26\n|\n|t:|1771235199\n|move|p1a: Ting-Lu|Payback|p2a: Cresselia\n|-supereffective|p2a: Cresselia\n|-damage|p2a: Cresselia|32/100\n|move|p2a: Cresselia|Ice Beam|p1a: Ting-Lu\n|-supereffective|p1a: Ting-Lu\n|-damage|p1a: Ting-Lu|10/100\n|\n|-heal|p1a: Ting-Lu|16/100|[from] item: Leftovers\n|upkeep\n|turn|27\n|\n|t:|1771235204\n|move|p1a: Ting-Lu|Payback|p2a: Cresselia\n|-supereffective|p2a: Cresselia\n|-damage|p2a: Cresselia|12/100\n|move|p2a: Cresselia|Moonlight|p2a: Cresselia\n|-heal|p2a: Cresselia|62/100\n|\n|-heal|p1a: Ting-Lu|22/100|[from] item: Leftovers\n|upkeep\n|turn|28\n|-message|XenoForbs forfeited.\n|\n|win|jng999\n|raw|jng999's rating: 1529 &rarr; <strong>1552</strong><br />(+23 for winning)\n|raw|XenoForbs's rating: 1583 &rarr; <strong>1560</strong><br />(-23 for losing)\n|l|☆XenoForbs\n|player|p2|\n|l|☆jng999\n|player|p1|\n|l| Vaitas\n", "uploadtime": 1771235543, "views": 10, "formatid": "gen9nationaldex", "rating": 1552, "private": 0, "password": null}