{"id": "gen9nationaldex-2540568982", "format": "[Gen 9] National Dex", "players": ["we so vile", "ajdrawshq"], "log": "|j|☆we so vile\n|j|☆ajdrawshq\n|t:|1771219476\n|gametype|singles\n|player|p1|we so vile|miku-flying|1709\n|player|p2|ajdrawshq|silver|1704\n|gen|9\n|tier|[Gen 9] National Dex\n|rated|\n|rule|HP Percentage Mod: HP is shown in percentages\n|rule|Endless Battle Clause: Forcing endless battles is banned\n|rule|Species Clause: Limit one of each Pokémon\n|rule|OHKO Clause: OHKO moves are banned\n|rule|Evasion Clause: Evasion abilities, items, and moves are banned\n|rule|Evasion Abilities Clause: Evasion abilities are banned\n|rule|Evasion Items Clause: Evasion items are banned\n|rule|Evasion Moves Clause: Evasion moves are banned\n|rule|Sleep Clause Mod: Limit one foe put to sleep\n|rule|Terastal Clause: You cannot Terastallize\n|clearpoke\n|poke|p1|Samurott-Hisui, M|\n|poke|p1|Gholdengo|\n|poke|p1|Chesnaught, M|\n|poke|p1|Clodsire, F|\n|poke|p1|Dragonite, M|\n|poke|p1|Weavile, M|\n|poke|p2|Charizard, F|\n|poke|p2|Iron Valiant|\n|poke|p2|Ribombee, F|\n|poke|p2|Victini|\n|poke|p2|Corviknight, F|\n|poke|p2|Raging Bolt|\n|teampreview\n|inactive|Battle timer is ON: inactive players will automatically lose when time's up. (requested by we so vile)\n|inactive|ajdrawshq also wants the timer to be on.\n|inactive|ajdrawshq has 120 seconds left.\n|\n|t:|1771219511\n|teamsize|p1|6\n|teamsize|p2|6\n|start\n|switch|p1a: Fuchsia|Clodsire, F, shiny|100/100\n|switch|p2a: Ralsei|Ribombee, F|100/100\n|turn|1\n|\n|t:|1771219540\n|move|p2a: Ralsei|Moonblast|p1a: Fuchsia\n|-resisted|p1a: Fuchsia\n|-damage|p1a: Fuchsia|91/100\n|move|p1a: Fuchsia|Stealth Rock|p2a: Ralsei\n|-sidestart|p2: ajdrawshq|move: Stealth Rock\n|\n|-heal|p1a: Fuchsia|97/100|[from] item: Black Sludge\n|upkeep\n|turn|2\n|\n|t:|1771219548\n|move|p2a: Ralsei|Quiver Dance|p2a: Ralsei\n|-boost|p2a: Ralsei|spa|1\n|-boost|p2a: Ralsei|spd|1\n|-boost|p2a: Ralsei|spe|1\n|move|p1a: Fuchsia|Toxic|p2a: Ralsei\n|-status|p2a: Ralsei|tox\n|\n|-heal|p1a: Fuchsia|100/100|[from] item: Black Sludge\n|-damage|p2a: Ralsei|94/100 tox|[from] psn\n|upkeep\n|turn|3\n|\n|t:|1771219552\n|move|p2a: Ralsei|Moonblast|p1a: Fuchsia\n|-resisted|p1a: Fuchsia\n|-damage|p1a: Fuchsia|91/100\n|-unboost|p1a: Fuchsia|spa|1\n|move|p1a: Fuchsia|Toxic|p2a: Ralsei\n|-fail|p2a: Ralsei|tox\n|\n|-heal|p1a: Fuchsia|97/100|[from] item: Black Sludge\n|-damage|p2a: Ralsei|82/100 tox|[from] psn\n|upkeep\n|turn|4\n|\n|t:|1771219556\n|switch|p2a: Roaring|Corviknight, F|100/100\n|-damage|p2a: Roaring|88/100|[from] Stealth Rock\n|move|p1a: Fuchsia|Toxic|p2a: Roaring\n|-immune|p2a: Roaring\n|\n|-heal|p2a: Roaring|94/100|[from] item: Leftovers\n|-heal|p1a: Fuchsia|100/100|[from] item: Black Sludge\n|upkeep\n|turn|5\n|\n|t:|1771219564\n|move|p2a: Roaring|Bulk Up|p2a: Roaring\n|-boost|p2a: Roaring|atk|1\n|-boost|p2a: Roaring|def|1\n|move|p1a: Fuchsia|Stealth Rock||[still]\n|-fail|p1a: Fuchsia\n|\n|-heal|p2a: Roaring|100/100|[from] item: Leftovers\n|upkeep\n|turn|6\n|\n|t:|1771219572\n|switch|p1a: Hank|Chesnaught, M, shiny|100/100\n|move|p2a: Roaring|Agility|p2a: Roaring\n|-boost|p2a: Roaring|spe|2\n|\n|upkeep\n|turn|7\n|\n|t:|1771219576\n|move|p2a: Roaring|Bulk Up|p2a: Roaring\n|-boost|p2a: Roaring|atk|1\n|-boost|p2a: Roaring|def|1\n|move|p1a: Hank|Iron Defense|p1a: Hank\n|-boost|p1a: Hank|def|2\n|\n|upkeep\n|turn|8\n|\n|t:|1771219581\n|switch|p2a: Ralsei|Ribombee, F|82/100 tox\n|-damage|p2a: Ralsei|57/100 tox|[from] Stealth Rock\n|move|p1a: Hank|Iron Defense|p1a: Hank\n|-boost|p1a: Hank|def|2\n|\n|-damage|p2a: Ralsei|51/100 tox|[from] psn\n|upkeep\n|turn|9\n|\n|t:|1771219585\n|switch|p1a: Fuchsia|Clodsire, F, shiny|100/100\n|move|p2a: Ralsei|Moonblast|p1a: Fuchsia\n|-resisted|p1a: Fuchsia\n|-crit|p1a: Fuchsia\n|-damage|p1a: Fuchsia|84/100\n|\n|-heal|p1a: Fuchsia|90/100|[from] item: Black Sludge\n|-damage|p2a: Ralsei|39/100 tox|[from] psn\n|upkeep\n|turn|10\n|\n|t:|1771219591\n|switch|p2a: Kris|Iron Valiant|100/100\n|-damage|p2a: Kris|94/100|[from] Stealth Rock\n|move|p1a: Fuchsia|Toxic|p2a: Kris\n|-status|p2a: Kris|tox\n|\n|-heal|p1a: Fuchsia|96/100|[from] item: Black Sludge\n|-damage|p2a: Kris|88/100 tox|[from] psn\n|upkeep\n|turn|11\n|\n|t:|1771219605\n|move|p2a: Kris|Knock Off|p1a: Fuchsia\n|-damage|p1a: Fuchsia|52/100\n|-enditem|p1a: Fuchsia|Black Sludge|[from] move: Knock Off|[of] p2a: Kris\n|-damage|p2a: Kris|78/100 tox|[from] item: Life Orb\n|move|p1a: Fuchsia|Recover|p1a: Fuchsia\n|-heal|p1a: Fuchsia|100/100\n|\n|-damage|p2a: Kris|66/100 tox|[from] psn\n|upkeep\n|turn|12\n|\n|t:|1771219611\n|-end|p2a: Kris|Quark Drive|[silent]\n|switch|p2a: Roaring|Corviknight, F|100/100\n|-damage|p2a: Roaring|88/100|[from] Stealth Rock\n|move|p1a: Fuchsia|Recover||[still]\n|-fail|p1a: Fuchsia|heal\n|\n|-heal|p2a: Roaring|94/100|[from] item: Leftovers\n|upkeep\n|turn|13\n|\n|t:|1771219618\n|switch|p2a: Kris|Iron Valiant|66/100 tox\n|-damage|p2a: Kris|60/100 tox|[from] Stealth Rock\n|switch|p1a: Hank|Chesnaught, M, shiny|100/100\n|\n|-damage|p2a: Kris|53/100 tox|[from] psn\n|upkeep\n|turn|14\n|\n|t:|1771219626\n|switch|p1a: Fuchsia|Clodsire, F, shiny|100/100\n|move|p2a: Kris|Moonblast|p1a: Fuchsia\n|-resisted|p1a: Fuchsia\n|-damage|p1a: Fuchsia|85/100\n|-damage|p2a: Kris|44/100 tox|[from] item: Life Orb\n|\n|-damage|p2a: Kris|31/100 tox|[from] psn\n|upkeep\n|turn|15\n|\n|t:|1771219646\n|-end|p2a: Kris|Quark Drive|[silent]\n|switch|p2a: Roaring|Corviknight, F|94/100\n|-damage|p2a: Roaring|82/100|[from] Stealth Rock\n|move|p1a: Fuchsia|Earthquake|p2a: Roaring\n|-immune|p2a: Roaring\n|\n|-heal|p2a: Roaring|88/100|[from] item: Leftovers\n|upkeep\n|turn|16\n|\n|t:|1771219663\n|switch|p2a: Ralsei|Ribombee, F|39/100 tox\n|-damage|p2a: Ralsei|14/100 tox|[from] Stealth Rock\n|switch|p1a: Hank|Chesnaught, M, shiny|100/100\n|\n|-damage|p2a: Ralsei|8/100 tox|[from] psn\n|upkeep\n|turn|17\n|\n|t:|1771219666\n|switch|p1a: Fuchsia|Clodsire, F, shiny|85/100\n|move|p2a: Ralsei|Moonblast|p1a: Fuchsia\n|-resisted|p1a: Fuchsia\n|-damage|p1a: Fuchsia|74/100\n|-unboost|p1a: Fuchsia|spa|1\n|\n|-damage|p2a: Ralsei|0 fnt|[from] psn\n|faint|p2a: Ralsei\n|upkeep\n|\n|t:|1771219672\n|switch|p2a: Charizard|Charizard, F|100/100\n|-damage|p2a: Charizard|51/100|[from] Stealth Rock\n|turn|18\n|\n|t:|1771219696\n|detailschange|p2a: Charizard|Charizard-Mega-X, F\n|-mega|p2a: Charizard|Charizard|Charizardite X\n|move|p2a: Charizard|Dragon Claw|p1a: Fuchsia\n|-damage|p1a: Fuchsia|11/100\n|move|p1a: Fuchsia|Toxic|p2a: Charizard\n|-status|p2a: Charizard|tox\n|\n|-damage|p2a: Charizard|45/100 tox|[from] psn\n|upkeep\n|turn|19\n|\n|t:|1771219704\n|move|p2a: Charizard|Blaze Kick|p1a: Fuchsia\n|-crit|p1a: Fuchsia\n|-damage|p1a: Fuchsia|0 fnt\n|faint|p1a: Fuchsia\n|\n|-damage|p2a: Charizard|32/100 tox|[from] psn\n|upkeep\n|\n|t:|1771219706\n|switch|p1a: Omoro|Samurott-Hisui, M|100/100\n|turn|20\n|\n|t:|1771219716\n|move|p1a: Omoro|Ceaseless Edge|p2a: Charizard\n|-damage|p2a: Charizard|0 fnt\n|-sidestart|p2: ajdrawshq|Spikes\n|faint|p2a: Charizard\n|detailschange|p2: Charizard|Charizard, F|[silent]\n|\n|upkeep\n|\n|t:|1771219722\n|switch|p2a: Tenna|Raging Bolt|100/100\n|-damage|p2a: Tenna|88/100|[from] Stealth Rock\n|-damage|p2a: Tenna|76/100|[from] Spikes\n|turn|21\n|\n|t:|1771219751\n|move|p1a: Omoro|Ceaseless Edge|p2a: Tenna\n|-damage|p2a: Tenna|41/100\n|-sidestart|p2: ajdrawshq|Spikes\n|move|p2a: Tenna|Thunderbolt|p1a: Omoro\n|-supereffective|p1a: Omoro\n|-damage|p1a: Omoro|0 fnt\n|faint|p1a: Omoro\n|\n|upkeep\n|inactive|we so vile has 120 seconds left.\n|\n|t:|1771219764\n|switch|p1a: Sergeant|Weavile, M|100/100\n|-ability|p1a: Sergeant|Pressure\n|turn|22\n|\n|t:|1771219769\n|move|p2a: Tenna|Thunderclap|p1a: Sergeant\n|-damage|p1a: Sergeant|44/100\n|move|p1a: Sergeant|Triple Axel|p2a: Tenna\n|-supereffective|p2a: Tenna\n|-damage|p2a: Tenna|23/100\n|-supereffective|p2a: Tenna\n|-damage|p2a: Tenna|0 fnt\n|faint|p2a: Tenna\n|-end|p2a: Tenna|Protosynthesis|[silent]\n|-hitcount|p2: Tenna|2\n|\n|upkeep\n|\n|t:|1771219780\n|switch|p2a: Roaring|Corviknight, F|88/100\n|-damage|p2a: Roaring|75/100|[from] Stealth Rock\n|turn|23\n|inactive|we so vile has 120 seconds left.\n|\n|t:|1771219830\n|switch|p1a: Hank|Chesnaught, M, shiny|100/100\n|move|p2a: Roaring|Agility|p2a: Roaring\n|-boost|p2a: Roaring|spe|2\n|\n|-heal|p2a: Roaring|82/100|[from] item: Leftovers\n|upkeep\n|turn|24\n|\n|t:|1771219834\n|switch|p2a: Kris|Iron Valiant|31/100 tox\n|-damage|p2a: Kris|25/100 tox|[from] Stealth Rock\n|-damage|p2a: Kris|8/100 tox|[from] Spikes\n|move|p1a: Hank|Iron Defense|p1a: Hank\n|-boost|p1a: Hank|def|2\n|\n|-damage|p2a: Kris|2/100 tox|[from] psn\n|upkeep\n|turn|25\n|\n|t:|1771219842\n|switch|p1a: Franz|Gholdengo|100/100\n|-item|p1a: Franz|Air Balloon\n|move|p2a: Kris|Moonblast|p1a: Franz\n|-resisted|p1a: Franz\n|-damage|p1a: Franz|70/100\n|-enditem|p1a: Franz|Air Balloon\n|-damage|p2a: Kris|0 fnt|[from] item: Life Orb\n|faint|p2a: Kris\n|-end|p2a: Kris|Quark Drive|[silent]\n|\n|upkeep\n|\n|t:|1771219853\n|switch|p2a: Roaring|Corviknight, F|82/100\n|-damage|p2a: Roaring|69/100|[from] Stealth Rock\n|turn|26\n|inactive|we so vile has 120 seconds left.\n|\n|t:|1771219867\n|switch|p1a: Hank|Chesnaught, M, shiny|100/100\n|move|p2a: Roaring|Bulk Up|p2a: Roaring\n|-boost|p2a: Roaring|atk|1\n|-boost|p2a: Roaring|def|1\n|\n|-heal|p2a: Roaring|75/100|[from] item: Leftovers\n|upkeep\n|turn|27\n|\n|t:|1771219872\n|switch|p2a: Noelle|Victini|100/100\n|-damage|p2a: Noelle|76/100|[from] Stealth Rock\n|-damage|p2a: Noelle|59/100|[from] Spikes\n|move|p1a: Hank|Iron Defense|p1a: Hank\n|-boost|p1a: Hank|def|2\n|\n|upkeep\n|turn|28\n|\n|t:|1771219881\n|switch|p1a: Gustad|Dragonite, M|100/100\n|-zpower|p2a: Noelle\n|move|p2a: Noelle|Z-Celebrate|p2a: Noelle|[anim]Celebrate\n|-boost|p2a: Noelle|atk|1|[zeffect]\n|-boost|p2a: Noelle|def|1|[zeffect]\n|-boost|p2a: Noelle|spa|1|[zeffect]\n|-boost|p2a: Noelle|spd|1|[zeffect]\n|-boost|p2a: Noelle|spe|1|[zeffect]\n|-activate|p2a: Noelle|move: Celebrate\n|\n|upkeep\n|turn|29\n|\n|t:|1771219884\n|move|p2a: Noelle|Searing Shot|p1a: Gustad\n|-resisted|p1a: Gustad\n|-damage|p1a: Gustad|82/100\n|move|p1a: Gustad|Earthquake|p2a: Noelle\n|-supereffective|p2a: Noelle\n|-damage|p2a: Noelle|6/100\n|\n|upkeep\n|turn|30\n|\n|t:|1771219888\n|move|p1a: Gustad|Extreme Speed|p2a: Noelle\n|-damage|p2a: Noelle|0 fnt\n|faint|p2a: Noelle\n|\n|upkeep\n|-message|ajdrawshq forfeited.\n|\n|win|we so vile\n|raw|we so vile's rating: 1709 &rarr; <strong>1729</strong><br />(+20 for winning)\n|raw|ajdrawshq's rating: 1704 &rarr; <strong>1684</strong><br />(-20 for losing)\n|l|☆ajdrawshq\n|player|p2|\n|l|☆we so vile\n|player|p1|\n", "uploadtime": 1771220072, "views": 7, "formatid": "gen9nationaldex", "rating": 1684, "private": 0, "password": null}