{"id": "gen9nationaldex-2540787319", "format": "[Gen 9] National Dex", "players": ["riderzitto5", "dicolibri"], "log": "|j|☆riderzitto5\n|j|☆dicolibri\n|t:|1771253974\n|gametype|singles\n|player|p1|riderzitto5|petrel|1726\n|player|p2|dicolibri|hiker|1782\n|gen|9\n|tier|[Gen 9] National Dex\n|rated|\n|rule|HP Percentage Mod: HP is shown in percentages\n|rule|Endless Battle Clause: Forcing endless battles is banned\n|rule|Species Clause: Limit one of each Pokémon\n|rule|OHKO Clause: OHKO moves are banned\n|rule|Evasion Clause: Evasion abilities, items, and moves are banned\n|rule|Evasion Abilities Clause: Evasion abilities are banned\n|rule|Evasion Items Clause: Evasion items are banned\n|rule|Evasion Moves Clause: Evasion moves are banned\n|rule|Sleep Clause Mod: Limit one foe put to sleep\n|rule|Terastal Clause: You cannot Terastallize\n|clearpoke\n|poke|p1|Chansey, F|\n|poke|p1|Toxapex, F|\n|poke|p1|Corviknight, F|\n|poke|p1|Clodsire, M|\n|poke|p1|Dondozo, M|\n|poke|p1|Sableye, F|\n|poke|p2|Torkoal, M|\n|poke|p2|Slowbro, F|\n|poke|p2|Exeggutor-Alola, F|\n|poke|p2|Victini|\n|poke|p2|Ursaluna, F|\n|poke|p2|Hoopa-Unbound|\n|teampreview\n|inactive|Battle timer is ON: inactive players will automatically lose when time's up. (requested by dicolibri)\n|\n|t:|1771253991\n|teamsize|p1|6\n|teamsize|p2|6\n|start\n|switch|p1a: Timid|Sableye, F, shiny|100/100\n|switch|p2a: Torkoal|Torkoal, M|100/100\n|-weather|SunnyDay|[from] ability: Drought|[of] p2a: Torkoal\n|turn|1\n|\n|t:|1771253999\n|detailschange|p1a: Timid|Sableye-Mega, F, shiny\n|-mega|p1a: Timid|Sableye|Sablenite\n|move|p1a: Timid|Knock Off|p2a: Torkoal\n|-damage|p2a: Torkoal|85/100\n|-enditem|p2a: Torkoal|Heat Rock|[from] move: Knock Off|[of] p1a: Timid\n|move|p2a: Torkoal|Overheat|p1a: Timid\n|-damage|p1a: Timid|38/100\n|-unboost|p2a: Torkoal|spa|2\n|\n|-weather|SunnyDay|[upkeep]\n|upkeep\n|turn|2\n|\n|t:|1771254011\n|switch|p2a: Victini|Victini|100/100\n|move|p1a: Timid|Recover|p1a: Timid\n|-heal|p1a: Timid|88/100\n|\n|-weather|SunnyDay|[upkeep]\n|upkeep\n|turn|3\n|\n|t:|1771254017\n|move|p1a: Timid|Protect|p1a: Timid\n|-singleturn|p1a: Timid|Protect\n|move|p2a: Victini|V-create|p1a: Timid\n|-activate|p1a: Timid|move: Protect\n|\n|-weather|SunnyDay|[upkeep]\n|upkeep\n|turn|4\n|\n|t:|1771254022\n|switch|p1a: Fish|Dondozo, M, shiny|100/100\n|move|p2a: Victini|V-create|p1a: Fish\n|-resisted|p1a: Fish\n|-damage|p1a: Fish|65/100\n|-unboost|p2a: Victini|spe|1\n|-unboost|p2a: Victini|def|1\n|-unboost|p2a: Victini|spd|1\n|\n|-weather|SunnyDay|[upkeep]\n|-heal|p1a: Fish|71/100|[from] item: Leftovers\n|upkeep\n|turn|5\n|\n|t:|1771254030\n|move|p2a: Victini|Bolt Strike|p1a: Fish\n|-supereffective|p1a: Fish\n|-damage|p1a: Fish|34/100\n|move|p1a: Fish|Waterfall|p2a: Victini\n|-supereffective|p2a: Victini\n|-damage|p2a: Victini|78/100\n|\n|-weather|SunnyDay|[upkeep]\n|-heal|p1a: Fish|40/100|[from] item: Leftovers\n|upkeep\n|turn|6\n|\n|t:|1771254042\n|move|p2a: Victini|Bolt Strike|p1a: Fish\n|-supereffective|p1a: Fish\n|-damage|p1a: Fish|3/100\n|move|p1a: Fish|Rest|p1a: Fish\n|-status|p1a: Fish|slp|[from] move: Rest\n|-heal|p1a: Fish|100/100 slp|[silent]\n|\n|-weather|SunnyDay|[upkeep]\n|upkeep\n|turn|7\n|\n|t:|1771254064\n|switch|p2a: Exeggutor|Exeggutor-Alola, F|100/100\n|-item|p1a: Fish|Leftovers|[from] ability: Frisk|[of] p2a: Exeggutor\n|switch|p1a: ThePex|Toxapex, F, shiny|100/100\n|\n|-weather|SunnyDay|[upkeep]\n|upkeep\n|turn|8\n|\n|t:|1771254082\n|switch|p2a: Ursaluna|Ursaluna, F|100/100\n|move|p1a: ThePex|Toxic|p2a: Ursaluna\n|-status|p2a: Ursaluna|tox\n|\n|-weather|none\n|-damage|p2a: Ursaluna|94/100 tox|[from] psn\n|upkeep\n|turn|9\n|\n|t:|1771254092\n|switch|p1a: Your BF|Corviknight, F|100/100\n|-ability|p1a: Your BF|Pressure\n|move|p2a: Ursaluna|Facade|p1a: Your BF\n|-resisted|p1a: Your BF\n|-damage|p1a: Your BF|60/100\n|-damage|p2a: Ursaluna|78/100 tox|[from] item: Rocky Helmet|[of] p1a: Your BF\n|\n|-damage|p2a: Ursaluna|66/100 tox|[from] psn\n|upkeep\n|turn|10\n|\n|t:|1771254100\n|switch|p2a: Torkoal|Torkoal, M|85/100\n|-weather|SunnyDay|[from] ability: Drought|[of] p2a: Torkoal\n|move|p1a: Your BF|Roost|p1a: Your BF\n|-heal|p1a: Your BF|100/100\n|-singleturn|p1a: Your BF|move: Roost\n|\n|-weather|SunnyDay|[upkeep]\n|upkeep\n|turn|11\n|\n|t:|1771254120\n|switch|p1a: EggChan|Chansey, F, shiny|100/100\n|switch|p2a: Victini|Victini|78/100\n|\n|-weather|SunnyDay|[upkeep]\n|upkeep\n|turn|12\n|\n|t:|1771254128\n|switch|p1a: ThePex|Toxapex, F, shiny|100/100\n|move|p2a: Victini|V-create|p1a: ThePex\n|-resisted|p1a: ThePex\n|-damage|p1a: ThePex|52/100\n|-unboost|p2a: Victini|spe|1\n|-unboost|p2a: Victini|def|1\n|-unboost|p2a: Victini|spd|1\n|\n|-weather|SunnyDay|[upkeep]\n|-heal|p1a: ThePex|58/100|[from] item: Black Sludge\n|upkeep\n|turn|13\n|\n|t:|1771254138\n|switch|p1a: Fish|Dondozo, M, shiny|100/100 slp\n|move|p2a: Victini|Bolt Strike|p1a: Fish\n|-supereffective|p1a: Fish\n|-damage|p1a: Fish|62/100 slp\n|\n|-weather|SunnyDay|[upkeep]\n|-heal|p1a: Fish|69/100 slp|[from] item: Leftovers\n|upkeep\n|turn|14\n|\n|t:|1771254144\n|move|p2a: Victini|Bolt Strike|p1a: Fish\n|-supereffective|p1a: Fish\n|-damage|p1a: Fish|32/100 slp\n|cant|p1a: Fish|slp\n|move|p1a: Fish|Sleep Talk|p1a: Fish\n|move|p1a: Fish|Rest||[from] move: Sleep Talk|[still]\n|-fail|p1a: Fish\n|\n|-weather|none\n|-heal|p1a: Fish|39/100 slp|[from] item: Leftovers\n|upkeep\n|turn|15\n|\n|t:|1771254153\n|move|p2a: Victini|Bolt Strike|p1a: Fish\n|-supereffective|p1a: Fish\n|-damage|p1a: Fish|2/100 slp\n|cant|p1a: Fish|slp\n|move|p1a: Fish|Sleep Talk|p1a: Fish\n|move|p1a: Fish|Rest||[from] move: Sleep Talk|[still]\n|-fail|p1a: Fish\n|\n|-heal|p1a: Fish|8/100 slp|[from] item: Leftovers\n|upkeep\n|turn|16\n|\n|t:|1771254164\n|switch|p1a: hehhehe|Clodsire, M, shiny|100/100\n|move|p2a: Victini|V-create|p1a: hehhehe\n|-damage|p1a: hehhehe|0 fnt\n|-unboost|p2a: Victini|spe|1\n|-unboost|p2a: Victini|def|1\n|-unboost|p2a: Victini|spd|1\n|faint|p1a: hehhehe\n|\n|upkeep\n|\n|t:|1771254175\n|switch|p1a: Timid|Sableye-Mega, F, shiny|88/100\n|turn|17\n|\n|t:|1771254187\n|switch|p2a: Torkoal|Torkoal, M|85/100\n|-weather|SunnyDay|[from] ability: Drought|[of] p2a: Torkoal\n|move|p1a: Timid|Knock Off|p2a: Torkoal\n|-damage|p2a: Torkoal|73/100\n|\n|-weather|SunnyDay|[upkeep]\n|upkeep\n|turn|18\n|\n|t:|1771254202\n|switch|p2a: Ursaluna|Ursaluna, F|66/100 tox\n|move|p1a: Timid|Protect||[still]\n|-fail|p1a: Timid\n|\n|-weather|SunnyDay|[upkeep]\n|-damage|p2a: Ursaluna|60/100 tox|[from] psn\n|upkeep\n|turn|19\n|\n|t:|1771254215\n|move|p1a: Timid|Protect|p1a: Timid\n|-singleturn|p1a: Timid|Protect\n|move|p2a: Ursaluna|Fire Punch|p1a: Timid\n|-activate|p1a: Timid|move: Protect\n|\n|-weather|SunnyDay|[upkeep]\n|-damage|p2a: Ursaluna|48/100 tox|[from] psn\n|upkeep\n|turn|20\n|\n|t:|1771254224\n|move|p2a: Ursaluna|Headlong Rush|p1a: Timid\n|-damage|p1a: Timid|13/100\n|-unboost|p2a: Ursaluna|def|1\n|-unboost|p2a: Ursaluna|spd|1\n|move|p1a: Timid|Recover|p1a: Timid\n|-heal|p1a: Timid|63/100\n|\n|-weather|SunnyDay|[upkeep]\n|-damage|p2a: Ursaluna|29/100 tox|[from] psn\n|upkeep\n|turn|21\n|\n|t:|1771254243\n|move|p1a: Timid|Protect|p1a: Timid\n|-singleturn|p1a: Timid|Protect\n|move|p2a: Ursaluna|Headlong Rush|p1a: Timid\n|-activate|p1a: Timid|move: Protect\n|\n|-weather|none\n|-damage|p2a: Ursaluna|5/100 tox|[from] psn\n|upkeep\n|turn|22\n|\n|t:|1771254253\n|switch|p1a: Your BF|Corviknight, F|100/100\n|-ability|p1a: Your BF|Pressure\n|move|p2a: Ursaluna|Fire Punch|p1a: Your BF\n|-supereffective|p1a: Your BF\n|-damage|p1a: Your BF|50/100\n|-damage|p2a: Ursaluna|0 fnt|[from] item: Rocky Helmet|[of] p1a: Your BF\n|faint|p2a: Ursaluna\n|\n|upkeep\n|\n|t:|1771254265\n|switch|p2a: Victini|Victini|78/100\n|turn|23\n|\n|t:|1771254269\n|move|p2a: Victini|V-create|p1a: Your BF\n|-supereffective|p1a: Your BF\n|-damage|p1a: Your BF|0 fnt\n|-unboost|p2a: Victini|spe|1\n|-unboost|p2a: Victini|def|1\n|-unboost|p2a: Victini|spd|1\n|-damage|p2a: Victini|61/100|[from] item: Rocky Helmet|[of] p1a: Your BF\n|faint|p1a: Your BF\n|\n|upkeep\n|\n|t:|1771254272\n|switch|p1a: ThePex|Toxapex, F, shiny|91/100\n|turn|24\n|\n|t:|1771254296\n|switch|p2a: Torkoal|Torkoal, M|73/100\n|-weather|SunnyDay|[from] ability: Drought|[of] p2a: Torkoal\n|move|p1a: ThePex|Toxic|p2a: Torkoal\n|-status|p2a: Torkoal|tox\n|\n|-weather|SunnyDay|[upkeep]\n|-heal|p1a: ThePex|97/100|[from] item: Black Sludge\n|-damage|p2a: Torkoal|67/100 tox|[from] psn\n|upkeep\n|turn|25\n|\n|t:|1771254306\n|move|p1a: ThePex|Toxic|p2a: Torkoal\n|-fail|p2a: Torkoal|tox\n|move|p2a: Torkoal|Stealth Rock|p1a: ThePex\n|-sidestart|p1: riderzitto5|move: Stealth Rock\n|\n|-weather|SunnyDay|[upkeep]\n|-heal|p1a: ThePex|100/100|[from] item: Black Sludge\n|-damage|p2a: Torkoal|55/100 tox|[from] psn\n|upkeep\n|turn|26\n|\n|t:|1771254321\n|switch|p2a: Slowbro|Slowbro, F|100/100\n|move|p1a: ThePex|Toxic|p2a: Slowbro\n|-status|p2a: Slowbro|tox\n|\n|-weather|SunnyDay|[upkeep]\n|-damage|p2a: Slowbro|94/100 tox|[from] psn\n|upkeep\n|turn|27\n|\n|t:|1771254333\n|detailschange|p2a: Slowbro|Slowbro-Mega, F\n|-mega|p2a: Slowbro|Slowbro|Slowbronite\n|move|p1a: ThePex|Haze|p1a: ThePex\n|-clearallboost\n|move|p2a: Slowbro|Psychic|p1a: ThePex\n|-supereffective|p1a: ThePex\n|-damage|p1a: ThePex|19/100\n|\n|-weather|SunnyDay|[upkeep]\n|-heal|p1a: ThePex|25/100|[from] item: Black Sludge\n|-damage|p2a: Slowbro|82/100 tox|[from] psn\n|upkeep\n|turn|28\n|inactive|dicolibri has 120 seconds left.\n|\n|t:|1771254359\n|switch|p1a: EggChan|Chansey, F, shiny|100/100\n|-damage|p1a: EggChan|88/100|[from] Stealth Rock\n|switch|p2a: Hoopa|Hoopa-Unbound|100/100\n|\n|-weather|none\n|upkeep\n|turn|29\n|inactive|dicolibri has 120 seconds left.\n|\n|t:|1771254366\n|move|p2a: Hoopa|Hyperspace Fury|p1a: EggChan\n|-damage|p1a: EggChan|22/100\n|-unboost|p2a: Hoopa|def|1\n|-damage|p2a: Hoopa|91/100|[from] item: Life Orb\n|move|p1a: EggChan|Toxic|p2a: Hoopa\n|-status|p2a: Hoopa|tox\n|\n|-damage|p2a: Hoopa|85/100 tox|[from] psn\n|upkeep\n|turn|30\n|\n|t:|1771254374\n|switch|p1a: Timid|Sableye-Mega, F, shiny|63/100\n|-damage|p1a: Timid|51/100|[from] Stealth Rock\n|move|p2a: Hoopa|Hyperspace Fury|p1a: Timid\n|-crit|p1a: Timid\n|-damage|p1a: Timid|0 fnt\n|-unboost|p2a: Hoopa|def|1\n|faint|p1a: Timid\n|detailschange|p1: Timid|Sableye, F, shiny|[silent]\n|-damage|p2a: Hoopa|75/100 tox|[from] item: Life Orb\n|\n|-damage|p2a: Hoopa|62/100 tox|[from] psn\n|upkeep\n|\n|t:|1771254381\n|switch|p1a: Fish|Dondozo, M, shiny|8/100 slp\n|-damage|p1a: Fish|0 fnt|[from] Stealth Rock\n|faint|p1a: Fish\n|\n|t:|1771254383\n|switch|p1a: ThePex|Toxapex, F, shiny|59/100\n|-damage|p1a: ThePex|46/100|[from] Stealth Rock\n|turn|31\n|\n|t:|1771254387\n|move|p2a: Hoopa|Hyperspace Fury|p1a: ThePex\n|-damage|p1a: ThePex|0 fnt\n|-unboost|p2a: Hoopa|def|1\n|faint|p1a: ThePex\n|-damage|p2a: Hoopa|53/100 tox|[from] item: Life Orb\n|\n|-damage|p2a: Hoopa|34/100 tox|[from] psn\n|upkeep\n|-message|riderzitto5 forfeited.\n|\n|win|dicolibri\n|raw|riderzitto5's rating: 1726 &rarr; <strong>1709</strong><br />(-17 for losing)\n|raw|dicolibri's rating: 1782 &rarr; <strong>1799</strong><br />(+17 for winning)\n|l|☆riderzitto5\n|player|p1|\n|l|☆dicolibri\n|player|p2|\n", "uploadtime": 1771254635, "views": 4, "formatid": "gen9nationaldex", "rating": 1709, "private": 0, "password": null}