{"id": "gen9nationaldex-2540385486", "format": "[Gen 9] National Dex", "players": ["iamveeeeeerrrybad", "Cerberus 17"], "log": "|j|☆iamveeeeeerrrybad\n|j|☆Cerberus 17\n|t:|1771195664\n|gametype|singles\n|player|p1|iamveeeeeerrrybad|brycenman|1682\n|player|p2|Cerberus 17|cynthia-gen4|1667\n|gen|9\n|tier|[Gen 9] National Dex\n|rated|\n|rule|HP Percentage Mod: HP is shown in percentages\n|rule|Endless Battle Clause: Forcing endless battles is banned\n|rule|Species Clause: Limit one of each Pokémon\n|rule|OHKO Clause: OHKO moves are banned\n|rule|Evasion Clause: Evasion abilities, items, and moves are banned\n|rule|Evasion Abilities Clause: Evasion abilities are banned\n|rule|Evasion Items Clause: Evasion items are banned\n|rule|Evasion Moves Clause: Evasion moves are banned\n|rule|Sleep Clause Mod: Limit one foe put to sleep\n|rule|Terastal Clause: You cannot Terastallize\n|clearpoke\n|poke|p1|Gyarados, M|\n|poke|p1|Arctozolt|\n|poke|p1|Ninetales-Alola, F|\n|poke|p1|Landorus-Therian, M|\n|poke|p1|Heatran, M|\n|poke|p1|Raging Bolt|\n|poke|p2|Tyranitar, F|\n|poke|p2|Kartana|\n|poke|p2|Diancie|\n|poke|p2|Excadrill, F|\n|poke|p2|Sinistcha-Masterpiece|\n|poke|p2|Kommo-o, F|\n|teampreview\n|inactive|Battle timer is ON: inactive players will automatically lose when time's up. (requested by Cerberus 17)\n|c|☆iamveeeeeerrrybad|glhf\n|c|☆Cerberus 17|glhf\n|\n|t:|1771195682\n|teamsize|p1|6\n|teamsize|p2|6\n|start\n|switch|p1a: Landorus|Landorus-Therian, M|100/100\n|switch|p2a: Kommo-o|Kommo-o, F|100/100\n|-ability|p1a: Landorus|Intimidate|boost\n|-unboost|p2a: Kommo-o|atk|1\n|turn|1\n|c|☆iamveeeeeerrrybad|i am basicly counter teamed lol\n|\n|t:|1771195691\n|move|p1a: Landorus|Earthquake|p2a: Kommo-o\n|-damage|p2a: Kommo-o|49/100\n|move|p2a: Kommo-o|Poison Jab|p1a: Landorus\n|-resisted|p1a: Landorus\n|-damage|p1a: Landorus|92/100\n|\n|upkeep\n|turn|2\n|\n|t:|1771195696\n|switch|p1a: Ninetales|Ninetales-Alola, F|100/100\n|-weather|Snowscape|[from] ability: Snow Warning|[of] p1a: Ninetales\n|switch|p2a: Sinistcha|Sinistcha-Masterpiece|100/100\n|\n|-weather|Snowscape|[upkeep]\n|upkeep\n|turn|3\n|\n|t:|1771195699\n|switch|p2a: Tyranitar|Tyranitar, F|100/100\n|-weather|Sandstorm|[from] ability: Sand Stream|[of] p2a: Tyranitar\n|move|p1a: Ninetales|Blizzard|p2a: Tyranitar|[miss]\n|-miss|p1a: Ninetales|p2a: Tyranitar\n|\n|-weather|Sandstorm|[upkeep]\n|-damage|p1a: Ninetales|95/100|[from] Sandstorm\n|upkeep\n|turn|4\n|\n|t:|1771195707\n|switch|p1a: Landorus|Landorus-Therian, M|92/100\n|-ability|p1a: Landorus|Intimidate|boost\n|-unboost|p2a: Tyranitar|atk|1\n|move|p2a: Tyranitar|Stone Edge|p1a: Landorus\n|-damage|p1a: Landorus|47/100\n|\n|-weather|Sandstorm|[upkeep]\n|upkeep\n|turn|5\n|\n|t:|1771195715\n|switch|p2a: Sinistcha|Sinistcha-Masterpiece|100/100\n|move|p1a: Landorus|U-turn|p2a: Sinistcha\n|-damage|p2a: Sinistcha|83/100\n|\n|t:|1771195719\n|switch|p1a: Ninetales|Ninetales-Alola, F|95/100|[from] U-turn\n|-weather|Snowscape|[from] ability: Snow Warning|[of] p1a: Ninetales\n|\n|-weather|Snowscape|[upkeep]\n|-heal|p2a: Sinistcha|90/100|[from] item: Leftovers\n|upkeep\n|turn|6\n|\n|t:|1771195723\n|switch|p1a: Arctozolt|Arctozolt|100/100\n|switch|p2a: Tyranitar|Tyranitar, F|100/100\n|-weather|Sandstorm|[from] ability: Sand Stream|[of] p2a: Tyranitar\n|\n|-weather|Sandstorm|[upkeep]\n|-damage|p1a: Arctozolt|94/100|[from] Sandstorm\n|upkeep\n|turn|7\n|\n|t:|1771195734\n|switch|p2a: Kartana|Kartana|100/100\n|move|p1a: Arctozolt|Low Kick|p2a: Kartana\n|-supereffective|p2a: Kartana\n|-damage|p2a: Kartana|82/100\n|-damage|p1a: Arctozolt|84/100|[from] item: Life Orb\n|\n|-weather|Sandstorm|[upkeep]\n|-damage|p1a: Arctozolt|78/100|[from] Sandstorm\n|upkeep\n|turn|8\n|\n|t:|1771195741\n|switch|p1a: Heatran|Heatran, M|100/100\n|move|p2a: Kartana|Leaf Blade|p1a: Heatran\n|-resisted|p1a: Heatran\n|-damage|p1a: Heatran|87/100\n|\n|-weather|Sandstorm|[upkeep]\n|upkeep\n|turn|9\n|\n|t:|1771195749\n|switch|p2a: Diancie|Diancie|100/100\n|move|p1a: Heatran|Magma Storm|p2a: Diancie\n|-resisted|p2a: Diancie\n|-damage|p2a: Diancie|79/100\n|-activate|p2a: Diancie|move: Magma Storm|[of] p1a: Heatran\n|\n|-weather|Sandstorm|[upkeep]\n|-damage|p2a: Diancie|67/100|[from] move: Magma Storm|[partiallytrapped]\n|upkeep\n|turn|10\n|\n|t:|1771195761\n|detailschange|p2a: Diancie|Diancie-Mega\n|-mega|p2a: Diancie|Diancie|Diancite\n|move|p2a: Diancie|Stealth Rock|p1a: Heatran\n|-sidestart|p1: iamveeeeeerrrybad|move: Stealth Rock\n|move|p1a: Heatran|Flash Cannon|p2a: Diancie\n|-supereffective|p2a: Diancie\n|-crit|p2a: Diancie\n|-damage|p2a: Diancie|0 fnt\n|faint|p2a: Diancie\n|detailschange|p2: Diancie|Diancie|[silent]\n|\n|-weather|Sandstorm|[upkeep]\n|upkeep\n|\n|t:|1771195772\n|switch|p2a: Excadrill|Excadrill, F|100/100\n|turn|11\n|\n|t:|1771195777\n|move|p2a: Excadrill|Rock Slide|p1a: Heatran\n|-damage|p1a: Heatran|51/100\n|move|p1a: Heatran|Magma Storm|p2a: Excadrill\n|-supereffective|p2a: Excadrill\n|-damage|p2a: Excadrill|0 fnt\n|faint|p2a: Excadrill\n|\n|-weather|Sandstorm|[upkeep]\n|upkeep\n|\n|t:|1771195787\n|switch|p2a: Kartana|Kartana|82/100\n|turn|12\n|\n|t:|1771195793\n|switch|p1a: Landorus|Landorus-Therian, M|47/100\n|-damage|p1a: Landorus|35/100|[from] Stealth Rock\n|-ability|p1a: Landorus|Intimidate|boost\n|-unboost|p2a: Kartana|atk|1\n|move|p2a: Kartana|Sacred Sword|p1a: Landorus\n|-resisted|p1a: Landorus\n|-damage|p1a: Landorus|16/100\n|\n|-weather|Sandstorm|[upkeep]\n|upkeep\n|turn|13\n|\n|t:|1771195798\n|move|p2a: Kartana|Sacred Sword|p1a: Landorus\n|-resisted|p1a: Landorus\n|-damage|p1a: Landorus|0 fnt\n|faint|p1a: Landorus\n|-ability|p2a: Kartana|Beast Boost|boost\n|-boost|p2a: Kartana|atk|1\n|\n|-weather|none\n|upkeep\n|\n|t:|1771195800\n|switch|p1a: Ninetales|Ninetales-Alola, F|95/100\n|-damage|p1a: Ninetales|70/100|[from] Stealth Rock\n|-weather|Snowscape|[from] ability: Snow Warning|[of] p1a: Ninetales\n|turn|14\n|\n|t:|1771195809\n|switch|p2a: Tyranitar|Tyranitar, F|100/100\n|-weather|Sandstorm|[from] ability: Sand Stream|[of] p2a: Tyranitar\n|move|p1a: Ninetales|Moonblast|p2a: Tyranitar\n|-supereffective|p2a: Tyranitar\n|-damage|p2a: Tyranitar|63/100\n|\n|-weather|Sandstorm|[upkeep]\n|-damage|p1a: Ninetales|64/100|[from] Sandstorm\n|upkeep\n|turn|15\n|\n|t:|1771195827\n|switch|p1a: Heatran|Heatran, M|51/100\n|-damage|p1a: Heatran|39/100|[from] Stealth Rock\n|move|p2a: Tyranitar|Stone Edge|p1a: Heatran|[miss]\n|-miss|p2a: Tyranitar|p1a: Heatran\n|\n|-weather|Sandstorm|[upkeep]\n|upkeep\n|turn|16\n|\n|t:|1771195834\n|move|p1a: Heatran|Flash Cannon|p2a: Tyranitar\n|-supereffective|p2a: Tyranitar\n|-damage|p2a: Tyranitar|15/100\n|move|p2a: Tyranitar|Knock Off|p1a: Heatran\n|-damage|p1a: Heatran|0 fnt\n|-enditem|p1a: Heatran|Shuca Berry|[from] move: Knock Off|[of] p2a: Tyranitar\n|faint|p1a: Heatran\n|\n|-weather|Sandstorm|[upkeep]\n|upkeep\n|\n|t:|1771195840\n|switch|p1a: Arctozolt|Arctozolt|78/100\n|-damage|p1a: Arctozolt|53/100|[from] Stealth Rock\n|turn|17\n|\n|t:|1771195860\n|switch|p2a: Sinistcha|Sinistcha-Masterpiece|90/100\n|move|p1a: Arctozolt|Bolt Beak|p2a: Sinistcha\n|-resisted|p2a: Sinistcha\n|-damage|p2a: Sinistcha|57/100\n|-damage|p1a: Arctozolt|43/100|[from] item: Life Orb\n|\n|-weather|Sandstorm|[upkeep]\n|-damage|p1a: Arctozolt|37/100|[from] Sandstorm\n|-damage|p2a: Sinistcha|50/100|[from] Sandstorm\n|-heal|p2a: Sinistcha|57/100|[from] item: Leftovers\n|upkeep\n|turn|18\n|\n|t:|1771195867\n|switch|p1a: Raging Bolt|Raging Bolt|100/100\n|-damage|p1a: Raging Bolt|88/100|[from] Stealth Rock\n|move|p2a: Sinistcha|Matcha Gotcha|p1a: Raging Bolt\n|-resisted|p1a: Raging Bolt\n|-damage|p1a: Raging Bolt|80/100\n|-heal|p2a: Sinistcha|62/100|[from] drain|[of] p1a: Raging Bolt\n|\n|-weather|Sandstorm|[upkeep]\n|-damage|p1a: Raging Bolt|74/100|[from] Sandstorm\n|-damage|p2a: Sinistcha|56/100|[from] Sandstorm\n|-heal|p2a: Sinistcha|62/100|[from] item: Leftovers\n|upkeep\n|turn|19\n|\n|t:|1771195884\n|move|p1a: Raging Bolt|Dragon Pulse|p2a: Sinistcha\n|-damage|p2a: Sinistcha|0 fnt\n|faint|p2a: Sinistcha\n|\n|-weather|Sandstorm|[upkeep]\n|-damage|p1a: Raging Bolt|67/100|[from] Sandstorm\n|upkeep\n|j| Lario\n|\n|t:|1771195893\n|switch|p2a: Kommo-o|Kommo-o, F|49/100\n|turn|20\n|\n|t:|1771195902\n|-end|p1a: Raging Bolt|Protosynthesis|[silent]\n|switch|p1a: Ninetales|Ninetales-Alola, F|64/100\n|-damage|p1a: Ninetales|39/100|[from] Stealth Rock\n|-weather|Snowscape|[from] ability: Snow Warning|[of] p1a: Ninetales\n|move|p2a: Kommo-o|Clanging Scales|p1a: Ninetales\n|-immune|p1a: Ninetales\n|\n|-weather|Snowscape|[upkeep]\n|upkeep\n|turn|21\n|\n|t:|1771195906\n|switch|p2a: Tyranitar|Tyranitar, F|15/100\n|-weather|Sandstorm|[from] ability: Sand Stream|[of] p2a: Tyranitar\n|move|p1a: Ninetales|Moonblast|p2a: Tyranitar\n|-supereffective|p2a: Tyranitar\n|-damage|p2a: Tyranitar|0 fnt\n|faint|p2a: Tyranitar\n|\n|-weather|Sandstorm|[upkeep]\n|-damage|p1a: Ninetales|33/100|[from] Sandstorm\n|upkeep\n|\n|t:|1771195910\n|switch|p2a: Kartana|Kartana|82/100\n|turn|22\n|\n|t:|1771195914\n|switch|p1a: Raging Bolt|Raging Bolt|67/100\n|-damage|p1a: Raging Bolt|55/100|[from] Stealth Rock\n|move|p2a: Kartana|Leaf Blade|p1a: Raging Bolt\n|-resisted|p1a: Raging Bolt\n|-crit|p1a: Raging Bolt\n|-damage|p1a: Raging Bolt|18/100\n|\n|-weather|Sandstorm|[upkeep]\n|-damage|p1a: Raging Bolt|12/100|[from] Sandstorm\n|upkeep\n|turn|23\n|\n|t:|1771195927\n|move|p1a: Raging Bolt|Thunderclap|p2a: Kartana\n|-resisted|p2a: Kartana\n|-damage|p2a: Kartana|21/100\n|move|p2a: Kartana|Leaf Blade|p1a: Raging Bolt\n|-resisted|p1a: Raging Bolt\n|-damage|p1a: Raging Bolt|0 fnt\n|faint|p1a: Raging Bolt\n|-end|p1a: Raging Bolt|Protosynthesis|[silent]\n|-ability|p2a: Kartana|Beast Boost|boost\n|-boost|p2a: Kartana|atk|1\n|\n|-weather|Sandstorm|[upkeep]\n|upkeep\n|\n|t:|1771195933\n|switch|p1a: Gyarados|Gyarados, M|100/100\n|-damage|p1a: Gyarados|76/100|[from] Stealth Rock\n|-ability|p1a: Gyarados|Intimidate|boost\n|-unboost|p2a: Kartana|atk|1\n|turn|24\n|\n|t:|1771195937\n|move|p2a: Kartana|Leaf Blade|p1a: Gyarados\n|-damage|p1a: Gyarados|0 fnt\n|faint|p1a: Gyarados\n|-ability|p2a: Kartana|Beast Boost|boost\n|-boost|p2a: Kartana|atk|1\n|\n|-weather|Sandstorm|[upkeep]\n|upkeep\n|\n|t:|1771195942\n|switch|p1a: Ninetales|Ninetales-Alola, F|33/100\n|-damage|p1a: Ninetales|9/100|[from] Stealth Rock\n|-weather|Snowscape|[from] ability: Snow Warning|[of] p1a: Ninetales\n|turn|25\n|\n|t:|1771195944\n|move|p2a: Kartana|Leaf Blade|p1a: Ninetales\n|-damage|p1a: Ninetales|0 fnt\n|faint|p1a: Ninetales\n|-ability|p2a: Kartana|Beast Boost|boost\n|-boost|p2a: Kartana|atk|1\n|\n|-weather|Snowscape|[upkeep]\n|upkeep\n|\n|t:|1771195946\n|switch|p1a: Arctozolt|Arctozolt|37/100\n|-damage|p1a: Arctozolt|12/100|[from] Stealth Rock\n|turn|26\n|c|☆iamveeeeeerrrybad|gg wp\n|\n|t:|1771195952\n|move|p2a: Kartana|Leaf Blade|p1a: Arctozolt\n|-damage|p1a: Arctozolt|0 fnt\n|faint|p1a: Arctozolt\n|\n|win|Cerberus 17\n|raw|iamveeeeeerrrybad's rating: 1682 &rarr; <strong>1661</strong><br />(-21 for losing)\n|raw|Cerberus 17's rating: 1667 &rarr; <strong>1688</strong><br />(+21 for winning)\n|c|☆Cerberus 17|gg\n|l|☆iamveeeeeerrrybad\n|player|p1|\n|l|☆Cerberus 17\n|player|p2|\n|l| Lario\n", "uploadtime": 1771196123, "views": 8, "formatid": "gen9nationaldex", "rating": 1661, "private": 0, "password": null}