{"id": "gen9nationaldex-2540577507", "format": "[Gen 9] National Dex", "players": ["peashooter xia", "Crsiu"], "log": "|j|☆peashooter xia\n|j|☆Crsiu\n|t:|1771220837\n|gametype|singles\n|player|p1|peashooter xia|dawn|1706\n|player|p2|Crsiu|n|1612\n|gen|9\n|tier|[Gen 9] National Dex\n|rated|\n|rule|HP Percentage Mod: HP is shown in percentages\n|rule|Endless Battle Clause: Forcing endless battles is banned\n|rule|Species Clause: Limit one of each Pokémon\n|rule|OHKO Clause: OHKO moves are banned\n|rule|Evasion Clause: Evasion abilities, items, and moves are banned\n|rule|Evasion Abilities Clause: Evasion abilities are banned\n|rule|Evasion Items Clause: Evasion items are banned\n|rule|Evasion Moves Clause: Evasion moves are banned\n|rule|Sleep Clause Mod: Limit one foe put to sleep\n|rule|Terastal Clause: You cannot Terastallize\n|clearpoke\n|poke|p1|Tornadus-Therian, M|\n|poke|p1|Gliscor, M|\n|poke|p1|Toxapex, F|\n|poke|p1|Scizor, M|\n|poke|p1|Reuniclus, F|\n|poke|p1|Hydrapple, F|\n|poke|p2|Blaziken, M|\n|poke|p2|Rillaboom, F|\n|poke|p2|Pinsir, F|\n|poke|p2|Raging Bolt|\n|poke|p2|Hatterene, F|\n|poke|p2|Alomomola, M|\n|teampreview\n|\n|t:|1771220858\n|teamsize|p1|6\n|teamsize|p2|6\n|start\n|switch|p1a: Tornadus|Tornadus-Therian, M|100/100\n|switch|p2a: Raging Bolt|Raging Bolt|100/100\n|turn|1\n|\n|t:|1771220864\n|move|p1a: Tornadus|U-turn|p2a: Raging Bolt\n|-damage|p2a: Raging Bolt|90/100\n|\n|t:|1771220867\n|switch|p1a: Gliscor|Gliscor, M|100/100|[from] U-turn\n|move|p2a: Raging Bolt|Draco Meteor|p1a: Gliscor\n|-damage|p1a: Gliscor|0 fnt\n|-unboost|p2a: Raging Bolt|spa|2\n|faint|p1a: Gliscor\n|\n|upkeep\n|\n|t:|1771220871\n|switch|p1a: Hydrapple|Hydrapple, F|100/100\n|turn|2\n|\n|t:|1771220876\n|-end|p2a: Raging Bolt|Protosynthesis|[silent]\n|switch|p2a: Hatterene|Hatterene, F|100/100\n|switch|p1a: Tornadus|Tornadus-Therian, M|100/100\n|\n|upkeep\n|turn|3\n|\n|t:|1771220886\n|switch|p2a: Raging Bolt|Raging Bolt|90/100\n|move|p1a: Tornadus|U-turn|p2a: Raging Bolt\n|-damage|p2a: Raging Bolt|78/100\n|\n|t:|1771220891\n|switch|p1a: Toxapex|Toxapex, F|100/100|[from] U-turn\n|\n|upkeep\n|turn|4\n|\n|t:|1771220897\n|move|p1a: Toxapex|Baneful Bunker|p1a: Toxapex\n|-singleturn|p1a: Toxapex|move: Protect\n|move|p2a: Raging Bolt|Thunderbolt|p1a: Toxapex\n|-activate|p1a: Toxapex|move: Protect\n|\n|upkeep\n|turn|5\n|\n|t:|1771220902\n|switch|p1a: Hydrapple|Hydrapple, F|100/100\n|move|p2a: Raging Bolt|Thunderbolt|p1a: Hydrapple\n|-resisted|p1a: Hydrapple\n|-damage|p1a: Hydrapple|79/100\n|\n|upkeep\n|turn|6\n|\n|t:|1771220906\n|-end|p2a: Raging Bolt|Protosynthesis|[silent]\n|switch|p2a: Hatterene|Hatterene, F|100/100\n|move|p1a: Hydrapple|Dragon Pulse|p2a: Hatterene\n|-immune|p2a: Hatterene\n|\n|upkeep\n|turn|7\n|\n|t:|1771220914\n|switch|p1a: Tornadus|Tornadus-Therian, M|100/100\n|move|p2a: Hatterene|Nuzzle|p1a: Tornadus\n|-supereffective|p1a: Tornadus\n|-damage|p1a: Tornadus|92/100\n|-status|p1a: Tornadus|par\n|\n|upkeep\n|turn|8\n|\n|t:|1771220920\n|move|p1a: Tornadus|U-turn|p2a: Hatterene\n|-damage|p2a: Hatterene|84/100\n|\n|t:|1771220924\n|switch|p1a: Reuniclus|Reuniclus, F|100/100|[from] U-turn\n|move|p2a: Hatterene|Psychic Noise|p1a: Reuniclus\n|-resisted|p1a: Reuniclus\n|-damage|p1a: Reuniclus|85/100\n|-start|p1a: Reuniclus|move: Heal Block\n|\n|upkeep\n|turn|9\n|\n|t:|1771220943\n|switch|p1a: Scizor|Scizor, M|100/100\n|move|p2a: Hatterene|Nuzzle|p1a: Scizor\n|-damage|p1a: Scizor|97/100\n|-status|p1a: Scizor|par\n|\n|upkeep\n|turn|10\n|c|☆peashooter xia|。\n|\n|t:|1771220957\n|switch|p2a: Alomomola|Alomomola, M|100/100\n|detailschange|p1a: Scizor|Scizor-Mega, M\n|-mega|p1a: Scizor|Scizor|Scizorite\n|move|p1a: Scizor|U-turn|p2a: Alomomola\n|-damage|p2a: Alomomola|82/100\n|-damage|p1a: Scizor|81/100 par|[from] item: Rocky Helmet|[of] p2a: Alomomola\n|\n|t:|1771220964\n|switch|p1a: Toxapex|Toxapex, F|100/100|[from] U-turn\n|\n|upkeep\n|turn|11\n|\n|t:|1771220972\n|switch|p2a: Hatterene|Hatterene, F|84/100\n|move|p1a: Toxapex|Toxic Spikes|p2a: Hatterene\n|move|p2a: Hatterene|Toxic Spikes|p1a: Toxapex|[from] ability: Magic Bounce\n|-sidestart|p1: peashooter xia|move: Toxic Spikes\n|\n|upkeep\n|turn|12\n|\n|t:|1771220986\n|switch|p1a: Reuniclus|Reuniclus, F|85/100\n|-status|p1a: Reuniclus|psn\n|move|p2a: Hatterene|Mystical Fire|p1a: Reuniclus\n|-damage|p1a: Reuniclus|64/100 psn\n|-unboost|p1a: Reuniclus|spa|1\n|\n|upkeep\n|turn|13\n|\n|t:|1771220993\n|switch|p1a: Scizor|Scizor-Mega, M|81/100 par\n|move|p2a: Hatterene|Draining Kiss|p1a: Scizor\n|-resisted|p1a: Scizor\n|-damage|p1a: Scizor|70/100 par\n|-heal|p2a: Hatterene|92/100|[from] drain|[of] p1a: Scizor\n|\n|upkeep\n|turn|14\n|\n|t:|1771221000\n|switch|p2a: Alomomola|Alomomola, M|100/100\n|cant|p1a: Scizor|par\n|\n|upkeep\n|turn|15\n|\n|t:|1771221006\n|move|p2a: Alomomola|Flip Turn|p1a: Scizor\n|-damage|p1a: Scizor|60/100 par\n|\n|t:|1771221009\n|switch|p2a: Raging Bolt|Raging Bolt|78/100|[from] Flip Turn\n|move|p1a: Scizor|Roost|p1a: Scizor\n|-heal|p1a: Scizor|100/100 par\n|-singleturn|p1a: Scizor|move: Roost\n|\n|upkeep\n|turn|16\n|\n|t:|1771221016\n|move|p2a: Raging Bolt|Thunderbolt|p1a: Scizor\n|-damage|p1a: Scizor|29/100 par\n|cant|p1a: Scizor|par\n|\n|upkeep\n|turn|17\n|\n|t:|1771221022\n|move|p1a: Scizor|Bullet Punch|p2a: Raging Bolt\n|-resisted|p2a: Raging Bolt\n|-damage|p2a: Raging Bolt|67/100\n|move|p2a: Raging Bolt|Thunderbolt|p1a: Scizor\n|-damage|p1a: Scizor|0 fnt\n|faint|p1a: Scizor\n|detailschange|p1: Scizor|Scizor, M|[silent]\n|\n|upkeep\n|\n|t:|1771221025\n|switch|p1a: Reuniclus|Reuniclus, F|64/100 psn\n|turn|18\n|\n|t:|1771221028\n|-end|p2a: Raging Bolt|Protosynthesis|[silent]\n|switch|p2a: Hatterene|Hatterene, F|92/100\n|move|p1a: Reuniclus|Recover|p1a: Reuniclus\n|-heal|p1a: Reuniclus|100/100 psn\n|\n|upkeep\n|turn|19\n|\n|t:|1771221035\n|move|p1a: Reuniclus|Calm Mind|p1a: Reuniclus\n|-boost|p1a: Reuniclus|spa|1\n|-boost|p1a: Reuniclus|spd|1\n|move|p2a: Hatterene|Psychic Noise|p1a: Reuniclus\n|-resisted|p1a: Reuniclus\n|-damage|p1a: Reuniclus|91/100 psn\n|-start|p1a: Reuniclus|move: Heal Block\n|\n|upkeep\n|turn|20\n|\n|t:|1771221044\n|move|p1a: Reuniclus|Calm Mind|p1a: Reuniclus\n|-boost|p1a: Reuniclus|spa|1\n|-boost|p1a: Reuniclus|spd|1\n|move|p2a: Hatterene|Draining Kiss|p1a: Reuniclus\n|-damage|p1a: Reuniclus|80/100 psn\n|-heal|p2a: Hatterene|100/100|[from] drain|[of] p1a: Reuniclus\n|\n|-end|p1a: Reuniclus|move: Heal Block\n|upkeep\n|turn|21\n|\n|t:|1771221051\n|move|p1a: Reuniclus|Calm Mind|p1a: Reuniclus\n|-boost|p1a: Reuniclus|spa|1\n|-boost|p1a: Reuniclus|spd|1\n|move|p2a: Hatterene|Mystical Fire|p1a: Reuniclus\n|-damage|p1a: Reuniclus|72/100 psn\n|-unboost|p1a: Reuniclus|spa|1\n|\n|upkeep\n|turn|22\n|\n|t:|1771221055\n|move|p1a: Reuniclus|Calm Mind|p1a: Reuniclus\n|-boost|p1a: Reuniclus|spa|1\n|-boost|p1a: Reuniclus|spd|1\n|move|p2a: Hatterene|Mystical Fire|p1a: Reuniclus\n|-crit|p1a: Reuniclus\n|-damage|p1a: Reuniclus|43/100 psn\n|-unboost|p1a: Reuniclus|spa|1\n|\n|upkeep\n|turn|23\n|\n|t:|1771221058\n|move|p1a: Reuniclus|Recover|p1a: Reuniclus\n|-heal|p1a: Reuniclus|93/100 psn\n|move|p2a: Hatterene|Mystical Fire|p1a: Reuniclus\n|-damage|p1a: Reuniclus|86/100 psn\n|-unboost|p1a: Reuniclus|spa|1\n|\n|upkeep\n|turn|24\n|\n|t:|1771221060\n|move|p1a: Reuniclus|Calm Mind|p1a: Reuniclus\n|-boost|p1a: Reuniclus|spa|1\n|-boost|p1a: Reuniclus|spd|1\n|move|p2a: Hatterene|Mystical Fire|p1a: Reuniclus\n|-damage|p1a: Reuniclus|80/100 psn\n|-unboost|p1a: Reuniclus|spa|1\n|\n|upkeep\n|turn|25\n|\n|t:|1771221064\n|move|p1a: Reuniclus|Calm Mind|p1a: Reuniclus\n|-boost|p1a: Reuniclus|spa|1\n|-boost|p1a: Reuniclus|spd|1\n|move|p2a: Hatterene|Mystical Fire|p1a: Reuniclus\n|-damage|p1a: Reuniclus|74/100 psn\n|-unboost|p1a: Reuniclus|spa|1\n|\n|upkeep\n|turn|26\n|\n|t:|1771221067\n|move|p1a: Reuniclus|Stored Power|p2a: Hatterene\n|-resisted|p2a: Hatterene\n|-damage|p2a: Hatterene|74/100\n|move|p2a: Hatterene|Mystical Fire|p1a: Reuniclus\n|-damage|p1a: Reuniclus|69/100 psn\n|-unboost|p1a: Reuniclus|spa|1\n|\n|upkeep\n|turn|27\n|\n|t:|1771221070\n|move|p1a: Reuniclus|Recover|p1a: Reuniclus\n|-heal|p1a: Reuniclus|100/100 psn\n|move|p2a: Hatterene|Mystical Fire|p1a: Reuniclus\n|-damage|p1a: Reuniclus|95/100 psn\n|-unboost|p1a: Reuniclus|spa|1\n|\n|upkeep\n|turn|28\n|\n|t:|1771221072\n|move|p1a: Reuniclus|Calm Mind|p1a: Reuniclus\n|-boost|p1a: Reuniclus|spa|1\n|-boost|p1a: Reuniclus|spd|0\n|move|p2a: Hatterene|Mystical Fire|p1a: Reuniclus\n|-damage|p1a: Reuniclus|89/100 psn\n|-unboost|p1a: Reuniclus|spa|1\n|\n|upkeep\n|turn|29\n|\n|t:|1771221088\n|switch|p2a: Rillaboom|Rillaboom, F|100/100\n|-fieldstart|move: Grassy Terrain|[from] ability: Grassy Surge|[of] p2a: Rillaboom\n|move|p1a: Reuniclus|Calm Mind|p1a: Reuniclus\n|-boost|p1a: Reuniclus|spa|1\n|-boost|p1a: Reuniclus|spd|0\n|\n|-heal|p1a: Reuniclus|96/100 psn|[from] Grassy Terrain\n|upkeep\n|turn|30\n|\n|t:|1771221093\n|switch|p1a: Hydrapple|Hydrapple, F|100/100\n|move|p2a: Rillaboom|Knock Off|p1a: Hydrapple\n|-damage|p1a: Hydrapple|81/100\n|-enditem|p1a: Hydrapple|Heavy-Duty Boots|[from] move: Knock Off|[of] p2a: Rillaboom\n|\n|-heal|p1a: Hydrapple|87/100|[from] Grassy Terrain\n|upkeep\n|turn|31\n|\n|t:|1771221102\n|switch|p2a: Hatterene|Hatterene, F|74/100\n|switch|p1a: Reuniclus|Reuniclus, F|96/100 psn\n|\n|-heal|p1a: Reuniclus|100/100 psn|[from] Grassy Terrain\n|-heal|p2a: Hatterene|80/100|[from] Grassy Terrain\n|upkeep\n|turn|32\n|\n|t:|1771221110\n|switch|p2a: Rillaboom|Rillaboom, F|100/100\n|move|p1a: Reuniclus|Calm Mind|p1a: Reuniclus\n|-boost|p1a: Reuniclus|spa|1\n|-boost|p1a: Reuniclus|spd|1\n|\n|upkeep\n|turn|33\n|\n|t:|1771221113\n|switch|p1a: Hydrapple|Hydrapple, F|100/100\n|-status|p1a: Hydrapple|psn\n|move|p2a: Rillaboom|Knock Off|p1a: Hydrapple\n|-damage|p1a: Hydrapple|88/100 psn\n|\n|-heal|p1a: Hydrapple|94/100 psn|[from] Grassy Terrain\n|-damage|p1a: Hydrapple|82/100 psn|[from] psn\n|-fieldend|move: Grassy Terrain\n|upkeep\n|turn|34\n|\n|t:|1771221121\n|switch|p2a: Hatterene|Hatterene, F|80/100\n|move|p1a: Hydrapple|Giga Drain|p2a: Hatterene\n|-damage|p2a: Hatterene|66/100\n|-heal|p1a: Hydrapple|87/100 psn|[from] drain|[of] p2a: Hatterene\n|\n|-damage|p1a: Hydrapple|75/100 psn|[from] psn\n|upkeep\n|turn|35\n|\n|t:|1771221129\n|switch|p1a: Reuniclus|Reuniclus, F|100/100 psn\n|switch|p2a: Rillaboom|Rillaboom, F|100/100\n|-fieldstart|move: Grassy Terrain|[from] ability: Grassy Surge|[of] p2a: Rillaboom\n|\n|upkeep\n|turn|36\n|\n|t:|1771221137\n|switch|p2a: Blaziken|Blaziken, M, shiny|100/100\n|move|p1a: Reuniclus|Calm Mind|p1a: Reuniclus\n|-boost|p1a: Reuniclus|spa|1\n|-boost|p1a: Reuniclus|spd|1\n|\n|upkeep\n|turn|37\n|\n|t:|1771221145\n|switch|p2a: Hatterene|Hatterene, F|66/100\n|move|p1a: Reuniclus|Stored Power|p2a: Hatterene\n|-resisted|p2a: Hatterene\n|-damage|p2a: Hatterene|56/100\n|\n|-heal|p2a: Hatterene|62/100|[from] Grassy Terrain\n|upkeep\n|turn|38\n|\n|t:|1771221148\n|move|p1a: Reuniclus|Calm Mind|p1a: Reuniclus\n|-boost|p1a: Reuniclus|spa|1\n|-boost|p1a: Reuniclus|spd|1\n|move|p2a: Hatterene|Mystical Fire|p1a: Reuniclus\n|-damage|p1a: Reuniclus|89/100 psn\n|-unboost|p1a: Reuniclus|spa|1\n|\n|-heal|p1a: Reuniclus|96/100 psn|[from] Grassy Terrain\n|-heal|p2a: Hatterene|68/100|[from] Grassy Terrain\n|upkeep\n|turn|39\n|\n|t:|1771221150\n|move|p1a: Reuniclus|Calm Mind|p1a: Reuniclus\n|-boost|p1a: Reuniclus|spa|1\n|-boost|p1a: Reuniclus|spd|1\n|move|p2a: Hatterene|Mystical Fire|p1a: Reuniclus\n|-damage|p1a: Reuniclus|86/100 psn\n|-unboost|p1a: Reuniclus|spa|1\n|\n|-heal|p1a: Reuniclus|92/100 psn|[from] Grassy Terrain\n|-heal|p2a: Hatterene|74/100|[from] Grassy Terrain\n|-fieldend|move: Grassy Terrain\n|upkeep\n|turn|40\n|\n|t:|1771221152\n|move|p1a: Reuniclus|Calm Mind|p1a: Reuniclus\n|-boost|p1a: Reuniclus|spa|1\n|-boost|p1a: Reuniclus|spd|1\n|move|p2a: Hatterene|Mystical Fire|p1a: Reuniclus\n|-damage|p1a: Reuniclus|85/100 psn\n|-unboost|p1a: Reuniclus|spa|1\n|\n|upkeep\n|turn|41\n|\n|t:|1771221156\n|move|p1a: Reuniclus|Calm Mind|p1a: Reuniclus\n|-boost|p1a: Reuniclus|spa|1\n|-boost|p1a: Reuniclus|spd|1\n|move|p2a: Hatterene|Mystical Fire|p1a: Reuniclus\n|-damage|p1a: Reuniclus|79/100 psn\n|-unboost|p1a: Reuniclus|spa|1\n|\n|upkeep\n|turn|42\n|\n|t:|1771221159\n|move|p1a: Reuniclus|Calm Mind|p1a: Reuniclus\n|-boost|p1a: Reuniclus|spa|1\n|-boost|p1a: Reuniclus|spd|1\n|move|p2a: Hatterene|Mystical Fire|p1a: Reuniclus\n|-damage|p1a: Reuniclus|74/100 psn\n|-unboost|p1a: Reuniclus|spa|1\n|\n|upkeep\n|turn|43\n|\n|t:|1771221164\n|move|p1a: Reuniclus|Stored Power|p2a: Hatterene\n|-resisted|p2a: Hatterene\n|-damage|p2a: Hatterene|51/100\n|move|p2a: Hatterene|Draining Kiss|p1a: Reuniclus\n|-damage|p1a: Reuniclus|68/100 psn\n|-heal|p2a: Hatterene|56/100|[from] drain|[of] p1a: Reuniclus\n|\n|upkeep\n|turn|44\n|\n|t:|1771221168\n|move|p1a: Reuniclus|Calm Mind|p1a: Reuniclus\n|-boost|p1a: Reuniclus|spa|1\n|-boost|p1a: Reuniclus|spd|0\n|move|p2a: Hatterene|Draining Kiss|p1a: Reuniclus\n|-damage|p1a: Reuniclus|63/100 psn\n|-heal|p2a: Hatterene|62/100|[from] drain|[of] p1a: Reuniclus\n|\n|upkeep\n|turn|45\n|\n|t:|1771221176\n|move|p1a: Reuniclus|Stored Power|p2a: Hatterene\n|-resisted|p2a: Hatterene\n|-damage|p2a: Hatterene|25/100\n|move|p2a: Hatterene|Draining Kiss|p1a: Reuniclus\n|-damage|p1a: Reuniclus|57/100 psn\n|-heal|p2a: Hatterene|31/100|[from] drain|[of] p1a: Reuniclus\n|\n|upkeep\n|turn|46\n|\n|t:|1771221179\n|move|p1a: Reuniclus|Recover|p1a: Reuniclus\n|-heal|p1a: Reuniclus|100/100 psn\n|move|p2a: Hatterene|Draining Kiss|p1a: Reuniclus\n|-damage|p1a: Reuniclus|95/100 psn\n|-heal|p2a: Hatterene|37/100|[from] drain|[of] p1a: Reuniclus\n|\n|upkeep\n|turn|47\n|\n|t:|1771221181\n|move|p1a: Reuniclus|Stored Power|p2a: Hatterene\n|-resisted|p2a: Hatterene\n|-damage|p2a: Hatterene|0 fnt\n|faint|p2a: Hatterene\n|\n|upkeep\n|\n|t:|1771221187\n|switch|p2a: Rillaboom|Rillaboom, F|100/100\n|-fieldstart|move: Grassy Terrain|[from] ability: Grassy Surge|[of] p2a: Rillaboom\n|turn|48\n|\n|t:|1771221191\n|move|p2a: Rillaboom|Knock Off|p1a: Reuniclus\n|-supereffective|p1a: Reuniclus\n|-damage|p1a: Reuniclus|63/100 psn\n|move|p1a: Reuniclus|Stored Power|p2a: Rillaboom\n|-crit|p2a: Rillaboom\n|-damage|p2a: Rillaboom|0 fnt\n|faint|p2a: Rillaboom\n|\n|-heal|p1a: Reuniclus|69/100 psn|[from] Grassy Terrain\n|upkeep\n|\n|t:|1771221206\n|switch|p2a: Blaziken|Blaziken, M, shiny|100/100\n|turn|49\n|\n|t:|1771221208\n|move|p2a: Blaziken|Flare Blitz|p1a: Reuniclus\n|-damage|p1a: Reuniclus|25/100 psn\n|-damage|p2a: Blaziken|80/100|[from] Recoil\n|move|p1a: Reuniclus|Stored Power|p2a: Blaziken\n|-supereffective|p2a: Blaziken\n|-damage|p2a: Blaziken|0 fnt\n|faint|p2a: Blaziken\n|\n|-heal|p1a: Reuniclus|31/100 psn|[from] Grassy Terrain\n|upkeep\n|\n|t:|1771221211\n|switch|p2a: Pinsir|Pinsir, F|100/100\n|turn|50\n|\n|t:|1771221218\n|switch|p1a: Toxapex|Toxapex, F|100/100\n|-sideend|p1: peashooter xia|move: Toxic Spikes|[of] p1a: Toxapex\n|detailschange|p2a: Pinsir|Pinsir-Mega, F\n|-mega|p2a: Pinsir|Pinsir|Pinsirite\n|move|p2a: Pinsir|Return|p1a: Toxapex\n|-damage|p1a: Toxapex|43/100\n|\n|-heal|p1a: Toxapex|49/100|[from] Grassy Terrain\n|upkeep\n|turn|51\n|\n|t:|1771221227\n|move|p1a: Toxapex|Baneful Bunker|p1a: Toxapex\n|-singleturn|p1a: Toxapex|move: Protect\n|move|p2a: Pinsir|Return|p1a: Toxapex\n|-activate|p1a: Toxapex|move: Protect\n|-status|p2a: Pinsir|psn\n|\n|-heal|p1a: Toxapex|55/100|[from] Grassy Terrain\n|-damage|p2a: Pinsir|88/100 psn|[from] psn\n|upkeep\n|turn|52\n|\n|t:|1771221234\n|switch|p1a: Tornadus|Tornadus-Therian, M|100/100 par\n|move|p2a: Pinsir|Return|p1a: Tornadus\n|-damage|p1a: Tornadus|20/100 par\n|\n|-damage|p2a: Pinsir|75/100 psn|[from] psn\n|-fieldend|move: Grassy Terrain\n|upkeep\n|turn|53\n|\n|t:|1771221238\n|move|p2a: Pinsir|Quick Attack|p1a: Tornadus\n|-damage|p1a: Tornadus|0 fnt\n|faint|p1a: Tornadus\n|\n|-damage|p2a: Pinsir|63/100 psn|[from] psn\n|upkeep\n|\n|t:|1771221243\n|switch|p1a: Toxapex|Toxapex, F|88/100\n|turn|54\n|\n|t:|1771221246\n|move|p2a: Pinsir|Swords Dance|p2a: Pinsir\n|-boost|p2a: Pinsir|atk|2\n|move|p1a: Toxapex|Scald|p2a: Pinsir\n|-damage|p2a: Pinsir|39/100 psn\n|\n|-damage|p2a: Pinsir|26/100 psn|[from] psn\n|upkeep\n|turn|55\n|\n|t:|1771221255\n|move|p1a: Toxapex|Baneful Bunker|p1a: Toxapex\n|-singleturn|p1a: Toxapex|move: Protect\n|move|p2a: Pinsir|Earthquake|p1a: Toxapex\n|-activate|p1a: Toxapex|move: Protect\n|\n|-damage|p2a: Pinsir|14/100 psn|[from] psn\n|upkeep\n|turn|56\n|\n|t:|1771221261\n|switch|p1a: Reuniclus|Reuniclus, F|31/100 psn\n|move|p2a: Pinsir|Return|p1a: Reuniclus\n|-damage|p1a: Reuniclus|0 fnt\n|faint|p1a: Reuniclus\n|\n|-damage|p2a: Pinsir|1/100 psn|[from] psn\n|upkeep\n|\n|t:|1771221266\n|switch|p1a: Toxapex|Toxapex, F|100/100\n|turn|57\n|\n|t:|1771221271\n|switch|p2a: Raging Bolt|Raging Bolt|67/100\n|move|p1a: Toxapex|Baneful Bunker||[still]\n|-fail|p1a: Toxapex\n|\n|upkeep\n|turn|58\n|\n|t:|1771221277\n|move|p1a: Toxapex|Baneful Bunker|p1a: Toxapex\n|-singleturn|p1a: Toxapex|move: Protect\n|move|p2a: Raging Bolt|Draco Meteor|p1a: Toxapex\n|-activate|p1a: Toxapex|move: Protect\n|\n|upkeep\n|turn|59\n|inactive|Battle timer is ON: inactive players will automatically lose when time's up. (requested by Crsiu)\n|\n|t:|1771221287\n|move|p2a: Raging Bolt|Draco Meteor|p1a: Toxapex\n|-damage|p1a: Toxapex|21/100\n|-unboost|p2a: Raging Bolt|spa|2\n|move|p1a: Toxapex|Toxic Spikes|p2a: Raging Bolt\n|-sidestart|p2: Crsiu|move: Toxic Spikes\n|\n|upkeep\n|turn|60\n|\n|t:|1771221296\n|switch|p1a: Hydrapple|Hydrapple, F|100/100 psn\n|move|p2a: Raging Bolt|Draco Meteor|p1a: Hydrapple\n|-supereffective|p1a: Hydrapple\n|-damage|p1a: Hydrapple|0 fnt\n|-unboost|p2a: Raging Bolt|spa|2\n|faint|p1a: Hydrapple\n|\n|upkeep\n|\n|t:|1771221298\n|switch|p1a: Toxapex|Toxapex, F|54/100\n|turn|61\n|\n|t:|1771221302\n|-end|p2a: Raging Bolt|Protosynthesis|[silent]\n|switch|p2a: Pinsir|Pinsir-Mega, F|1/100 psn\n|move|p1a: Toxapex|Recover|p1a: Toxapex\n|-heal|p1a: Toxapex|100/100\n|\n|-damage|p2a: Pinsir|0 fnt|[from] psn\n|faint|p2a: Pinsir\n|detailschange|p2: Pinsir|Pinsir, F|[silent]\n|upkeep\n|\n|t:|1771221305\n|switch|p2a: Raging Bolt|Raging Bolt|67/100\n|-status|p2a: Raging Bolt|psn\n|turn|62\n|\n|t:|1771221308\n|move|p1a: Toxapex|Baneful Bunker|p1a: Toxapex\n|-singleturn|p1a: Toxapex|move: Protect\n|move|p2a: Raging Bolt|Thunderbolt|p1a: Toxapex\n|-activate|p1a: Toxapex|move: Protect\n|\n|-damage|p2a: Raging Bolt|55/100 psn|[from] psn\n|upkeep\n|turn|63\n|\n|t:|1771221315\n|move|p2a: Raging Bolt|Thunderbolt|p1a: Toxapex\n|-supereffective|p1a: Toxapex\n|-crit|p1a: Toxapex\n|-damage|p1a: Toxapex|0 fnt\n|faint|p1a: Toxapex\n|\n|win|Crsiu\n|raw|peashooter xia's rating: 1706 &rarr; <strong>1680</strong><br />(-26 for losing)\n|raw|Crsiu's rating: 1593 &rarr; <strong>1619</strong><br />(+26 for winning)\n|l|☆Crsiu\n|player|p2|\n|l|☆peashooter xia\n|player|p1|\n|j|☆peashooter xia\n|player|p1|peashooter xia|dawn|\n|l|☆peashooter xia\n|player|p1|\n|j|☆peashooter xia\n|player|p1|peashooter xia|dawn|\n|l|☆peashooter xia\n|player|p1|\n", "uploadtime": 1771221448, "views": 5, "formatid": "gen9nationaldex", "rating": 1619, "private": 0, "password": null}