{"id": "gen9nationaldex-2540704144", "format": "[Gen 9] National Dex", "players": ["thatoneguy1337", "starebirdxx"], "log": "|badge|p1|silver|gen9ou|30-8\n|uhtml|medal-msg|<div class=\"broadcast-blue\">Curious what those medals under the avatar are? PS now has Ladder Seasons! For more information, check out the <a href=\"https://www.smogon.com/forums/threads/3740067/\">thread on Smogon.</a></div>\n|j|☆thatoneguy1337\n|j|☆starebirdxx\n|t:|1771243068\n|gametype|singles\n|player|p1|thatoneguy1337|caitlin|1634\n|player|p2|starebirdxx|rosa|1645\n|gen|9\n|tier|[Gen 9] National Dex\n|rated|\n|rule|HP Percentage Mod: HP is shown in percentages\n|rule|Endless Battle Clause: Forcing endless battles is banned\n|rule|Species Clause: Limit one of each Pokémon\n|rule|OHKO Clause: OHKO moves are banned\n|rule|Evasion Clause: Evasion abilities, items, and moves are banned\n|rule|Evasion Abilities Clause: Evasion abilities are banned\n|rule|Evasion Items Clause: Evasion items are banned\n|rule|Evasion Moves Clause: Evasion moves are banned\n|rule|Sleep Clause Mod: Limit one foe put to sleep\n|rule|Terastal Clause: You cannot Terastallize\n|clearpoke\n|poke|p1|Samurott-Hisui, F|\n|poke|p1|Landorus-Therian, M|\n|poke|p1|Gholdengo|\n|poke|p1|Ogerpon-Wellspring, F|\n|poke|p1|Tapu Lele|\n|poke|p1|Cinderace, M|\n|poke|p2|Hatterene, F|\n|poke|p2|Cresselia, F|\n|poke|p2|Porygon2|\n|poke|p2|Ursaluna, M|\n|poke|p2|Mawile, F|\n|poke|p2|Marowak-Alola, M|\n|teampreview\n|\n|t:|1771243077\n|teamsize|p1|6\n|teamsize|p2|6\n|start\n|switch|p1a: Samurott|Samurott-Hisui, F|100/100\n|switch|p2a: Mawile|Mawile, F|100/100\n|-ability|p2a: Mawile|Intimidate|boost\n|-unboost|p1a: Samurott|atk|1\n|turn|1\n|\n|t:|1771243082\n|detailschange|p2a: Mawile|Mawile-Mega, F\n|-mega|p2a: Mawile|Mawile|Mawilite\n|move|p1a: Samurott|Flip Turn|p2a: Mawile\n|-damage|p2a: Mawile|84/100\n|\n|t:|1771243084\n|switch|p1a: Landorus|Landorus-Therian, M|100/100|[from] Flip Turn\n|-ability|p1a: Landorus|Intimidate|boost\n|-unboost|p2a: Mawile|atk|1\n|move|p2a: Mawile|Play Rough|p1a: Landorus\n|-damage|p1a: Landorus|59/100\n|-damage|p2a: Mawile|68/100|[from] item: Rocky Helmet|[of] p1a: Landorus\n|\n|upkeep\n|turn|2\n|inactive|Battle timer is ON: inactive players will automatically lose when time's up. (requested by thatoneguy1337)\n|\n|t:|1771243090\n|switch|p2a: Cresselia|Cresselia, F|100/100\n|move|p1a: Landorus|U-turn|p2a: Cresselia\n|-supereffective|p2a: Cresselia\n|-damage|p2a: Cresselia|78/100\n|-damage|p1a: Landorus|42/100|[from] item: Rocky Helmet|[of] p2a: Cresselia\n|\n|t:|1771243093\n|switch|p1a: Samurott|Samurott-Hisui, F|100/100|[from] U-turn\n|\n|upkeep\n|turn|3\n|\n|t:|1771243096\n|switch|p2a: Mawile|Mawile-Mega, F|68/100\n|move|p1a: Samurott|Ceaseless Edge|p2a: Mawile\n|-resisted|p2a: Mawile\n|-damage|p2a: Mawile|46/100\n|-sidestart|p2: starebirdxx|Spikes\n|\n|upkeep\n|turn|4\n|\n|t:|1771243099\n|switch|p1a: Landorus|Landorus-Therian, M|42/100\n|-ability|p1a: Landorus|Intimidate|boost\n|-unboost|p2a: Mawile|atk|1\n|move|p2a: Mawile|Play Rough|p1a: Landorus|[miss]\n|-miss|p2a: Mawile|p1a: Landorus\n|\n|upkeep\n|turn|5\n|\n|t:|1771243106\n|switch|p2a: Cresselia|Cresselia, F|78/100\n|move|p1a: Landorus|Earthquake|p2a: Cresselia\n|-immune|p2a: Cresselia|[from] ability: Levitate\n|\n|upkeep\n|turn|6\n|\n|t:|1771243110\n|move|p1a: Landorus|Stealth Rock|p2a: Cresselia\n|-sidestart|p2: starebirdxx|move: Stealth Rock\n|move|p2a: Cresselia|Trick Room|p2a: Cresselia\n|-fieldstart|move: Trick Room|[of] p2a: Cresselia\n|\n|upkeep\n|turn|7\n|\n|t:|1771243120\n|switch|p1a: Ogerpon|Ogerpon-Wellspring, F|100/100\n|move|p2a: Cresselia|Ice Beam|p1a: Ogerpon\n|-damage|p1a: Ogerpon|83/100\n|-status|p1a: Ogerpon|frz\n|\n|upkeep\n|turn|8\n|\n|t:|1771243124\n|switch|p2a: Hatterene|Hatterene, F|100/100\n|-damage|p2a: Hatterene|88/100|[from] Spikes\n|-damage|p2a: Hatterene|76/100|[from] Stealth Rock\n|cant|p1a: Ogerpon|frz\n|\n|upkeep\n|turn|9\n|\n|t:|1771243128\n|-zpower|p2a: Hatterene\n|move|p2a: Hatterene|Twinkle Tackle|p1a: Ogerpon|[zeffect]\n|-damage|p1a: Ogerpon|0 fnt\n|faint|p1a: Ogerpon\n|\n|upkeep\n|\n|t:|1771243132\n|switch|p1a: Cinderace|Cinderace, M|100/100\n|turn|10\n|\n|t:|1771243151\n|move|p2a: Hatterene|Healing Wish|p2a: Hatterene\n|faint|p2a: Hatterene\n|move|p1a: Cinderace|U-turn|p2: Hatterene|[notarget]\n|-fail|p1a: Cinderace\n|\n|-fieldend|move: Trick Room\n|upkeep\n|\n|t:|1771243153\n|switch|p2a: Porygon2|Porygon2|100/100\n|-damage|p2a: Porygon2|88/100|[from] Spikes\n|-damage|p2a: Porygon2|76/100|[from] Stealth Rock\n|-ability|p2a: Porygon2|Blaze|Trace|[from] ability: Trace|[of] p1a: Cinderace\n|turn|11\n|\n|t:|1771243158\n|move|p1a: Cinderace|U-turn|p2a: Porygon2\n|-damage|p2a: Porygon2|62/100\n|\n|t:|1771243162\n|switch|p1a: Tapu Lele|Tapu Lele|100/100|[from] U-turn\n|-fieldstart|move: Psychic Terrain|[from] ability: Psychic Surge|[of] p1a: Tapu Lele\n|move|p2a: Porygon2|Trick Room|p2a: Porygon2\n|-fieldstart|move: Trick Room|[of] p2a: Porygon2\n|\n|upkeep\n|turn|12\n|\n|t:|1771243164\n|-zpower|p1a: Tapu Lele\n|move|p1a: Tapu Lele|All-Out Pummeling|p2a: Porygon2|[zeffect]\n|-supereffective|p2a: Porygon2\n|-damage|p2a: Porygon2|7/100\n|move|p2a: Porygon2|Teleport|p2a: Porygon2\n|\n|t:|1771243168\n|switch|p2a: Marowak|Marowak-Alola, M|100/100|[from] Teleport\n|-damage|p2a: Marowak|88/100|[from] Spikes\n|-damage|p2a: Marowak|63/100|[from] Stealth Rock\n|\n|upkeep\n|turn|13\n|\n|t:|1771243174\n|switch|p1a: Landorus|Landorus-Therian, M|42/100\n|-ability|p1a: Landorus|Intimidate|boost\n|-unboost|p2a: Marowak|atk|1\n|move|p2a: Marowak|Flare Blitz|p1a: Landorus\n|-damage|p1a: Landorus|0 fnt\n|-damage|p2a: Marowak|47/100|[from] item: Rocky Helmet|[of] p1a: Landorus\n|faint|p1a: Landorus\n|\n|upkeep\n|\n|t:|1771243176\n|switch|p1a: Samurott|Samurott-Hisui, F|100/100\n|turn|14\n|\n|t:|1771243183\n|move|p2a: Marowak|Flare Blitz|p1a: Samurott\n|-resisted|p1a: Samurott\n|-damage|p1a: Samurott|62/100\n|move|p1a: Samurott|Ceaseless Edge|p2a: Marowak\n|-supereffective|p2a: Marowak\n|-damage|p2a: Marowak|0 fnt\n|-sidestart|p2: starebirdxx|Spikes\n|faint|p2a: Marowak\n|\n|upkeep\n|j| Villain gligar\n|\n|t:|1771243186\n|switch|p2a: Ursaluna|Ursaluna, M|100/100\n|-damage|p2a: Ursaluna|84/100|[from] Spikes\n|-damage|p2a: Ursaluna|78/100|[from] Stealth Rock\n|turn|15\n|\n|t:|1771243190\n|switch|p1a: Gholdengo|Gholdengo|100/100\n|-item|p1a: Gholdengo|Air Balloon\n|move|p2a: Ursaluna|Headlong Rush|p1a: Gholdengo\n|-immune|p1a: Gholdengo\n|\n|-fieldend|move: Trick Room\n|-fieldend|move: Psychic Terrain\n|-status|p2a: Ursaluna|brn|[from] item: Flame Orb\n|upkeep\n|turn|16\n|\n|t:|1771243200\n|switch|p1a: Samurott|Samurott-Hisui, F|62/100\n|switch|p2a: Porygon2|Porygon2|7/100\n|-heal|p2a: Porygon2|100/100|[from] move: Healing Wish\n|-damage|p2a: Porygon2|84/100|[from] Spikes\n|-damage|p2a: Porygon2|72/100|[from] Stealth Rock\n|-ability|p2a: Porygon2|Sharpness|Trace|[from] ability: Trace|[of] p1a: Samurott\n|\n|upkeep\n|turn|17\n|\n|t:|1771243212\n|move|p1a: Samurott|Ceaseless Edge|p2a: Porygon2\n|-damage|p2a: Porygon2|41/100\n|-sidestart|p2: starebirdxx|Spikes\n|move|p2a: Porygon2|Trick Room|p2a: Porygon2\n|-fieldstart|move: Trick Room|[of] p2a: Porygon2\n|\n|upkeep\n|turn|18\n|\n|t:|1771243217\n|move|p1a: Samurott|Ceaseless Edge|p2a: Porygon2\n|-damage|p2a: Porygon2|12/100\n|move|p2a: Porygon2|Teleport|p2a: Porygon2\n|\n|t:|1771243228\n|switch|p2a: Mawile|Mawile-Mega, F|46/100|[from] Teleport\n|-damage|p2a: Mawile|21/100|[from] Spikes\n|-damage|p2a: Mawile|15/100|[from] Stealth Rock\n|\n|upkeep\n|turn|19\n|\n|t:|1771243232\n|switch|p1a: Cinderace|Cinderace, M|100/100\n|move|p2a: Mawile|Play Rough|p1a: Cinderace\n|-resisted|p1a: Cinderace\n|-damage|p1a: Cinderace|43/100\n|-unboost|p1a: Cinderace|atk|1\n|\n|upkeep\n|turn|20\n|\n|t:|1771243248\n|switch|p1a: Tapu Lele|Tapu Lele|100/100\n|-fieldstart|move: Psychic Terrain|[from] ability: Psychic Surge|[of] p1a: Tapu Lele\n|move|p2a: Mawile|Sucker Punch||[still]\n|-fail|p2a: Mawile\n|\n|upkeep\n|turn|21\n|\n|t:|1771243254\n|switch|p1a: Cinderace|Cinderace, M|43/100\n|move|p2a: Mawile|Play Rough|p1a: Cinderace\n|-resisted|p1a: Cinderace\n|-damage|p1a: Cinderace|0 fnt\n|faint|p1a: Cinderace\n|\n|-fieldend|move: Trick Room\n|upkeep\n|\n|t:|1771243273\n|switch|p1a: Samurott|Samurott-Hisui, F|62/100\n|turn|22\n|inactive|thatoneguy1337 has 120 seconds left.\n|\n|t:|1771243310\n|switch|p2a: Porygon2|Porygon2|12/100\n|-damage|p2a: Porygon2|0 fnt|[from] Spikes\n|faint|p2a: Porygon2\n|move|p1a: Samurott|Ceaseless Edge|p2: Porygon2|[notarget]\n|-fail|p1a: Samurott\n|\n|upkeep\n|\n|t:|1771243316\n|switch|p2a: Cresselia|Cresselia, F|78/100\n|-damage|p2a: Cresselia|66/100|[from] Stealth Rock\n|turn|23\n|\n|t:|1771243318\n|move|p1a: Samurott|Ceaseless Edge|p2a: Cresselia|[miss]\n|-miss|p1a: Samurott|p2a: Cresselia\n|move|p2a: Cresselia|Trick Room|p2a: Cresselia\n|-fieldstart|move: Trick Room|[of] p2a: Cresselia\n|\n|upkeep\n|turn|24\n|l| Villain gligar\n|\n|t:|1771243325\n|switch|p1a: Gholdengo|Gholdengo|100/100\n|-item|p1a: Gholdengo|Air Balloon\n|move|p2a: Cresselia|Lunar Dance|p2a: Cresselia\n|faint|p2a: Cresselia\n|\n|-fieldend|move: Psychic Terrain\n|upkeep\n|\n|t:|1771243328\n|switch|p2a: Mawile|Mawile-Mega, F|15/100\n|-heal|p2a: Mawile|100/100|[from] move: Lunar Dance\n|-damage|p2a: Mawile|76/100|[from] Spikes\n|-damage|p2a: Mawile|70/100|[from] Stealth Rock\n|turn|25\n|\n|t:|1771243335\n|move|p2a: Mawile|Play Rough|p1a: Gholdengo|[miss]\n|-miss|p2a: Mawile|p1a: Gholdengo\n|move|p1a: Gholdengo|Make It Rain|p2a: Mawile\n|-damage|p2a: Mawile|13/100\n|-unboost|p1a: Gholdengo|spa|1\n|\n|upkeep\n|turn|26\n|j| Villain gligar\n|\n|t:|1771243341\n|switch|p1a: Tapu Lele|Tapu Lele|100/100\n|-fieldstart|move: Psychic Terrain|[from] ability: Psychic Surge|[of] p1a: Tapu Lele\n|move|p2a: Mawile|Play Rough|p1a: Tapu Lele\n|-damage|p1a: Tapu Lele|0 fnt\n|faint|p1a: Tapu Lele\n|\n|upkeep\n|\n|t:|1771243358\n|switch|p1a: Samurott|Samurott-Hisui, F|62/100\n|turn|27\n|\n|t:|1771243361\n|move|p2a: Mawile|Swords Dance|p2a: Mawile\n|-boost|p2a: Mawile|atk|2\n|move|p1a: Samurott|Flip Turn|p2a: Mawile\n|-damage|p2a: Mawile|0 fnt\n|faint|p2a: Mawile\n|detailschange|p2: Mawile|Mawile, F|[silent]\n|\n|t:|1771243363\n|switch|p1a: Gholdengo|Gholdengo|100/100|[from] Flip Turn\n|-item|p1a: Gholdengo|Air Balloon\n|\n|-fieldend|move: Trick Room\n|upkeep\n|-message|starebirdxx forfeited.\n|\n|win|thatoneguy1337\n|raw|thatoneguy1337's rating: 1634 &rarr; <strong>1655</strong><br />(+21 for winning)\n|raw|starebirdxx's rating: 1645 &rarr; <strong>1624</strong><br />(-21 for losing)\n|l|☆thatoneguy1337\n|player|p1|\n|l| Villain gligar\n|l|☆starebirdxx\n|player|p2|\n", "uploadtime": 1771243576, "views": 6, "formatid": "gen9nationaldex", "rating": 1624, "private": 0, "password": null}