{"id": "gen9nationaldex-2540619599", "format": "[Gen 9] National Dex", "players": ["cash0977", "nintenbocks"], "log": "|j|☆cash0977\n|j|☆nintenbocks\n|t:|1771228529\n|gametype|singles\n|player|p1|cash0977|tuber|1657\n|player|p2|nintenbocks|skyla|1583\n|gen|9\n|tier|[Gen 9] National Dex\n|rated|\n|rule|HP Percentage Mod: HP is shown in percentages\n|rule|Endless Battle Clause: Forcing endless battles is banned\n|rule|Species Clause: Limit one of each Pokémon\n|rule|OHKO Clause: OHKO moves are banned\n|rule|Evasion Clause: Evasion abilities, items, and moves are banned\n|rule|Evasion Abilities Clause: Evasion abilities are banned\n|rule|Evasion Items Clause: Evasion items are banned\n|rule|Evasion Moves Clause: Evasion moves are banned\n|rule|Sleep Clause Mod: Limit one foe put to sleep\n|rule|Terastal Clause: You cannot Terastallize\n|clearpoke\n|poke|p1|Terapagos, M|\n|poke|p1|Alomomola, F|\n|poke|p1|Scizor, M|\n|poke|p1|Garchomp, M|\n|poke|p1|Cinderace, M|\n|poke|p1|Slowking-Galar, M|\n|poke|p2|Araquanid, M|\n|poke|p2|Ninetales-Alola, F|\n|poke|p2|Ceruledge, M|\n|poke|p2|Moltres-Galar|\n|poke|p2|Serperior, M|\n|poke|p2|Iron Treads|\n|teampreview\n|inactive|Battle timer is ON: inactive players will automatically lose when time's up. (requested by cash0977)\n|\n|t:|1771228544\n|teamsize|p1|6\n|teamsize|p2|6\n|start\n|switch|p1a: Terapagos|Terapagos, M|100/100\n|switch|p2a: Ninetales|Ninetales-Alola, F|100/100\n|-activate|p1a: Terapagos|ability: Tera Shift\n|detailschange|p1a: Terapagos|Terapagos-Terastal, M\n|-heal|p1a: Terapagos|100/100|[silent]\n|-weather|Snowscape|[from] ability: Snow Warning|[of] p2a: Ninetales\n|turn|1\n|\n|t:|1771228566\n|switch|p1a: Cinderace|Cinderace, M, shiny|100/100\n|move|p2a: Ninetales|Aurora Veil|p2a: Ninetales\n|-sidestart|p2: nintenbocks|move: Aurora Veil\n|\n|-weather|Snowscape|[upkeep]\n|upkeep\n|turn|2\n|\n|t:|1771228569\n|move|p1a: Cinderace|Court Change|p1a: Cinderace\n|-start|p1a: Cinderace|typechange|Normal|[from] ability: Libero\n|-swapsideconditions\n|-activate|p1a: Cinderace|move: Court Change\n|move|p2a: Ninetales|Encore|p1a: Cinderace\n|-start|p1a: Cinderace|Encore\n|\n|-weather|Snowscape|[upkeep]\n|upkeep\n|turn|3\n|\n|t:|1771228576\n|move|p1a: Cinderace|Court Change|p1a: Cinderace\n|-swapsideconditions\n|-activate|p1a: Cinderace|move: Court Change\n|move|p2a: Ninetales|Aurora Veil||[still]\n|-fail|p2a: Ninetales\n|\n|-weather|Snowscape|[upkeep]\n|upkeep\n|turn|4\n|\n|t:|1771228581\n|move|p1a: Cinderace|Court Change|p1a: Cinderace\n|-swapsideconditions\n|-activate|p1a: Cinderace|move: Court Change\n|move|p2a: Ninetales|Aurora Veil|p2a: Ninetales\n|-sidestart|p2: nintenbocks|move: Aurora Veil\n|\n|-weather|Snowscape|[upkeep]\n|upkeep\n|turn|5\n|\n|t:|1771228590\n|switch|p2a: Araquanid|Araquanid, M|100/100\n|move|p1a: Cinderace|Court Change|p1a: Cinderace\n|-swapsideconditions\n|-activate|p1a: Cinderace|move: Court Change\n|\n|-weather|none\n|-end|p1a: Cinderace|Encore\n|upkeep\n|turn|6\n|\n|t:|1771228599\n|switch|p1a: Alomomola|Alomomola, F, shiny|100/100\n|move|p2a: Araquanid|Surf|p1a: Alomomola\n|-resisted|p1a: Alomomola\n|-damage|p1a: Alomomola|85/100\n|\n|upkeep\n|turn|7\n|\n|t:|1771228601\n|move|p1a: Alomomola|Toxic|p2a: Araquanid\n|-status|p2a: Araquanid|tox\n|move|p2a: Araquanid|Sticky Web|p1a: Alomomola\n|-sidestart|p1: cash0977|move: Sticky Web\n|\n|-damage|p2a: Araquanid|94/100 tox|[from] psn\n|upkeep\n|turn|8\n|\n|t:|1771228612\n|switch|p2a: Ceruledge|Ceruledge, M|100/100\n|move|p1a: Alomomola|Flip Turn|p2a: Ceruledge\n|-supereffective|p2a: Ceruledge\n|-crit|p2a: Ceruledge\n|-damage|p2a: Ceruledge|42/100\n|-ability|p2a: Ceruledge|Weak Armor|boost\n|-unboost|p2a: Ceruledge|def|1\n|-boost|p2a: Ceruledge|spe|2\n|\n|t:|1771228617\n|switch|p1a: Terapagos|Terapagos-Terastal, M|100/100|[from] Flip Turn\n|-activate|p1a: Terapagos|move: Sticky Web\n|-unboost|p1a: Terapagos|spe|1\n|\n|-sideend|p2: nintenbocks|move: Aurora Veil\n|upkeep\n|turn|9\n|\n|t:|1771228621\n|move|p2a: Ceruledge|Bitter Blade|p1a: Terapagos\n|-activate|p1a: Terapagos|ability: Tera Shell\n|-resisted|p1a: Terapagos\n|-damage|p1a: Terapagos|91/100\n|-heal|p2a: Ceruledge|48/100|[from] drain|[of] p1a: Terapagos\n|move|p1a: Terapagos|Earth Power|p2a: Ceruledge\n|-supereffective|p2a: Ceruledge\n|-damage|p2a: Ceruledge|0 fnt\n|faint|p2a: Ceruledge\n|\n|upkeep\n|inactive|nintenbocks has 120 seconds left.\n|\n|t:|1771228664\n|switch|p2a: Ninetales|Ninetales-Alola, F|100/100\n|-weather|Snowscape|[from] ability: Snow Warning|[of] p2a: Ninetales\n|turn|10\n|\n|t:|1771228667\n|switch|p1a: Cinderace|Cinderace, M, shiny|100/100\n|move|p2a: Ninetales|Aurora Veil|p2a: Ninetales\n|-sidestart|p2: nintenbocks|move: Aurora Veil\n|\n|-weather|Snowscape|[upkeep]\n|upkeep\n|turn|11\n|\n|t:|1771228671\n|move|p1a: Cinderace|Gunk Shot|p2a: Ninetales|[miss]\n|-start|p1a: Cinderace|typechange|Poison|[from] ability: Libero\n|-miss|p1a: Cinderace|p2a: Ninetales\n|move|p2a: Ninetales|Encore|p1a: Cinderace\n|-start|p1a: Cinderace|Encore\n|\n|-weather|Snowscape|[upkeep]\n|-sideend|p1: cash0977|move: Aurora Veil\n|upkeep\n|turn|12\n|\n|t:|1771228674\n|switch|p1a: Alomomola|Alomomola, F, shiny|100/100\n|-activate|p1a: Alomomola|move: Sticky Web\n|-unboost|p1a: Alomomola|spe|1\n|switch|p2a: Iron Treads|Iron Treads|100/100\n|-enditem|p2a: Iron Treads|Booster Energy\n|-activate|p2a: Iron Treads|ability: Quark Drive|[fromitem]\n|-start|p2a: Iron Treads|quarkdrivespe\n|\n|-weather|Snowscape|[upkeep]\n|upkeep\n|turn|13\n|\n|t:|1771228677\n|move|p2a: Iron Treads|Knock Off|p1a: Alomomola\n|-damage|p1a: Alomomola|83/100\n|-damage|p2a: Iron Treads|84/100|[from] item: Rocky Helmet|[of] p1a: Alomomola\n|-enditem|p1a: Alomomola|Rocky Helmet|[from] move: Knock Off|[of] p2a: Iron Treads\n|move|p1a: Alomomola|Flip Turn|p2a: Iron Treads\n|-supereffective|p2a: Iron Treads\n|-damage|p2a: Iron Treads|70/100\n|\n|t:|1771228681\n|switch|p1a: Garchomp|Garchomp, M|100/100|[from] Flip Turn\n|-activate|p1a: Garchomp|move: Sticky Web\n|-unboost|p1a: Garchomp|spe|1\n|\n|-weather|Snowscape|[upkeep]\n|upkeep\n|turn|14\n|\n|t:|1771228684\n|switch|p1a: Alomomola|Alomomola, F, shiny|100/100\n|-activate|p1a: Alomomola|move: Sticky Web\n|-unboost|p1a: Alomomola|spe|1\n|move|p2a: Iron Treads|Ice Spinner|p1a: Alomomola\n|-resisted|p1a: Alomomola\n|-damage|p1a: Alomomola|94/100\n|\n|-weather|none\n|upkeep\n|turn|15\n|\n|t:|1771228688\n|-end|p2a: Iron Treads|Quark Drive|[silent]\n|switch|p2a: Serperior|Serperior, M|100/100\n|move|p1a: Alomomola|Flip Turn|p2a: Serperior\n|-resisted|p2a: Serperior\n|-damage|p2a: Serperior|96/100\n|\n|t:|1771228690\n|switch|p1a: Cinderace|Cinderace, M, shiny|100/100|[from] Flip Turn\n|\n|upkeep\n|turn|16\n|\n|t:|1771228697\n|move|p1a: Cinderace|Court Change|p1a: Cinderace\n|-start|p1a: Cinderace|typechange|Normal|[from] ability: Libero\n|-swapsideconditions\n|-activate|p1a: Cinderace|move: Court Change\n|move|p2a: Serperior|Leaf Storm|p1a: Cinderace\n|-crit|p1a: Cinderace\n|-damage|p1a: Cinderace|0 fnt\n|-boost|p2a: Serperior|spa|2\n|faint|p1a: Cinderace\n|-damage|p2a: Serperior|86/100|[from] item: Life Orb\n|\n|upkeep\n|\n|t:|1771228713\n|switch|p1a: Garchomp|Garchomp, M|100/100\n|turn|17\n|\n|t:|1771228720\n|move|p2a: Serperior|Leaf Storm|p1a: Garchomp\n|-damage|p1a: Garchomp|60/100\n|-boost|p2a: Serperior|spa|2\n|-damage|p2a: Serperior|76/100|[from] item: Life Orb\n|move|p1a: Garchomp|Poison Jab|p2a: Serperior\n|-supereffective|p2a: Serperior\n|-damage|p2a: Serperior|1/100\n|\n|-sideend|p1: cash0977|move: Aurora Veil\n|upkeep\n|turn|18\n|\n|t:|1771228729\n|switch|p1a: Slowking|Slowking-Galar, M, shiny|100/100\n|move|p2a: Serperior|Giga Drain|p1a: Slowking\n|-resisted|p1a: Slowking\n|-damage|p1a: Slowking|70/100\n|-heal|p2a: Serperior|21/100|[from] drain|[of] p1a: Slowking\n|-damage|p2a: Serperior|11/100|[from] item: Life Orb\n|\n|upkeep\n|turn|19\n|\n|t:|1771228736\n|move|p2a: Serperior|Leaf Storm|p1a: Slowking\n|-resisted|p1a: Slowking\n|-damage|p1a: Slowking|12/100\n|-boost|p2a: Serperior|spa|2\n|-damage|p2a: Serperior|1/100|[from] item: Life Orb\n|move|p1a: Slowking|Sludge Bomb|p2a: Serperior\n|-supereffective|p2a: Serperior\n|-damage|p2a: Serperior|0 fnt\n|faint|p2a: Serperior\n|\n|upkeep\n|\n|t:|1771228741\n|switch|p2a: Iron Treads|Iron Treads|70/100\n|-activate|p2a: Iron Treads|move: Sticky Web\n|-unboost|p2a: Iron Treads|spe|1\n|turn|20\n|\n|t:|1771228745\n|switch|p1a: Alomomola|Alomomola, F, shiny|100/100\n|move|p2a: Iron Treads|Rapid Spin|p1a: Alomomola\n|-damage|p1a: Alomomola|92/100\n|-boost|p2a: Iron Treads|spe|1\n|-sideend|p2: nintenbocks|Sticky Web|[from] move: Rapid Spin|[of] p2a: Iron Treads\n|\n|upkeep\n|turn|21\n|\n|t:|1771228750\n|-end|p2a: Iron Treads|Quark Drive|[silent]\n|switch|p2a: Araquanid|Araquanid, M|94/100 tox\n|move|p1a: Alomomola|Wish|p1a: Alomomola\n|\n|-damage|p2a: Araquanid|88/100 tox|[from] psn\n|upkeep\n|turn|22\n|\n|t:|1771228753\n|move|p1a: Alomomola|Flip Turn|p2a: Araquanid\n|-resisted|p2a: Araquanid\n|-damage|p2a: Araquanid|80/100 tox\n|\n|t:|1771228756\n|switch|p1a: Garchomp|Garchomp, M|60/100|[from] Flip Turn\n|move|p2a: Araquanid|Sticky Web|p1a: Garchomp\n|-sidestart|p1: cash0977|move: Sticky Web\n|\n|-heal|p1a: Garchomp|100/100|[from] move: Wish|[wisher] Alomomola\n|-damage|p2a: Araquanid|68/100 tox|[from] psn\n|upkeep\n|turn|23\n|\n|t:|1771228759\n|switch|p1a: Alomomola|Alomomola, F, shiny|100/100\n|-activate|p1a: Alomomola|move: Sticky Web\n|-unboost|p1a: Alomomola|spe|1\n|move|p2a: Araquanid|Surf|p1a: Alomomola\n|-resisted|p1a: Alomomola\n|-damage|p1a: Alomomola|69/100\n|\n|-damage|p2a: Araquanid|49/100 tox|[from] psn\n|upkeep\n|turn|24\n|\n|t:|1771228763\n|move|p1a: Alomomola|Wish|p1a: Alomomola\n|move|p2a: Araquanid|Endeavor|p1a: Alomomola\n|-damage|p1a: Alomomola|32/100\n|\n|-damage|p2a: Araquanid|25/100 tox|[from] psn\n|upkeep\n|turn|25\n|-enditem|p2a: Araquanid|Custap Berry|[eat]\n|-activate|p2a: Araquanid|item: Custap Berry|[consumed]\n|\n|t:|1771228766\n|switch|p1a: Terapagos|Terapagos-Terastal, M|91/100\n|-activate|p1a: Terapagos|move: Sticky Web\n|-unboost|p1a: Terapagos|spe|1\n|move|p2a: Araquanid|Surf|p1a: Terapagos\n|-damage|p1a: Terapagos|61/100\n|\n|-heal|p1a: Terapagos|100/100|[from] move: Wish|[wisher] Alomomola\n|-damage|p2a: Araquanid|0 fnt|[from] psn\n|faint|p2a: Araquanid\n|upkeep\n|j| kyurem african\n|\n|t:|1771228782\n|switch|p2a: Moltres|Moltres-Galar|100/100\n|turn|26\n|\n|t:|1771228786\n|move|p2a: Moltres|Fiery Wrath|p1a: Terapagos\n|-activate|p1a: Terapagos|ability: Tera Shell\n|-resisted|p1a: Terapagos\n|-crit|p1a: Terapagos\n|-damage|p1a: Terapagos|84/100\n|cant|p1a: Terapagos|flinch\n|\n|upkeep\n|turn|27\n|\n|t:|1771228792\n|move|p2a: Moltres|Nasty Plot|p2a: Moltres\n|-boost|p2a: Moltres|spa|2\n|move|p1a: Terapagos|Ice Beam|p2a: Moltres\n|-supereffective|p2a: Moltres\n|-damage|p2a: Moltres|51/100\n|\n|-heal|p2a: Moltres|57/100|[from] item: Leftovers\n|upkeep\n|turn|28\n|\n|t:|1771228795\n|move|p2a: Moltres|Hurricane|p1a: Terapagos|[miss]\n|-miss|p2a: Moltres|p1a: Terapagos\n|move|p1a: Terapagos|Tera Starstorm|p2a: Moltres\n|-damage|p2a: Moltres|3/100\n|-ability|p2a: Moltres|Berserk|boost\n|-boost|p2a: Moltres|spa|1\n|\n|-heal|p2a: Moltres|9/100|[from] item: Leftovers\n|upkeep\n|turn|29\n|\n|t:|1771228798\n|move|p2a: Moltres|Fiery Wrath|p1a: Terapagos\n|-damage|p1a: Terapagos|35/100\n|move|p1a: Terapagos|Ice Beam|p2a: Moltres\n|-supereffective|p2a: Moltres\n|-damage|p2a: Moltres|0 fnt\n|faint|p2a: Moltres\n|\n|upkeep\n|-message|nintenbocks forfeited.\n|\n|win|cash0977\n|raw|cash0977's rating: 1657 &rarr; <strong>1673</strong><br />(+16 for winning)\n|raw|nintenbocks's rating: 1583 &rarr; <strong>1567</strong><br />(-16 for losing)\n|l|☆nintenbocks\n|player|p2|\n|l|☆cash0977\n|player|p1|\n|l| kyurem african\n", "uploadtime": 1771229031, "views": 10, "formatid": "gen9nationaldex", "rating": 1567, "private": 0, "password": null}