{"id": "gen9nationaldex-2540908763", "format": "[Gen 9] National Dex", "players": ["Heroadrix", "Cappypulpy"], "log": "|j|☆Heroadrix\n|j|☆Cappypulpy\n|t:|1771266134\n|gametype|singles\n|player|p1|Heroadrix|101|1519\n|player|p2|Cappypulpy|169|1648\n|gen|9\n|tier|[Gen 9] National Dex\n|rated|\n|rule|HP Percentage Mod: HP is shown in percentages\n|rule|Endless Battle Clause: Forcing endless battles is banned\n|rule|Species Clause: Limit one of each Pokémon\n|rule|OHKO Clause: OHKO moves are banned\n|rule|Evasion Clause: Evasion abilities, items, and moves are banned\n|rule|Evasion Abilities Clause: Evasion abilities are banned\n|rule|Evasion Items Clause: Evasion items are banned\n|rule|Evasion Moves Clause: Evasion moves are banned\n|rule|Sleep Clause Mod: Limit one foe put to sleep\n|rule|Terastal Clause: You cannot Terastallize\n|clearpoke\n|poke|p1|Breloom, M|\n|poke|p1|Great Tusk|\n|poke|p1|Gholdengo|\n|poke|p1|Diancie|\n|poke|p1|Urshifu-*, F|\n|poke|p1|Galvantula, M|\n|poke|p2|Altaria, F|\n|poke|p2|Muk-Alola, F|\n|poke|p2|Raging Bolt|\n|poke|p2|Landorus-Therian, M|\n|poke|p2|Urshifu-*, M|\n|poke|p2|Melmetal|\n|teampreview\n|inactive|Battle timer is ON: inactive players will automatically lose when time's up. (requested by Heroadrix)\n|\n|t:|1771266142\n|teamsize|p1|6\n|teamsize|p2|6\n|start\n|switch|p1a: Galvantula|Galvantula, M|100/100\n|switch|p2a: Melmetal|Melmetal|100/100\n|turn|1\n|\n|t:|1771266149\n|move|p1a: Galvantula|Sticky Web|p2a: Melmetal\n|-sidestart|p2: Cappypulpy|move: Sticky Web\n|move|p2a: Melmetal|Double Iron Bash|p1a: Galvantula\n|-resisted|p1a: Galvantula\n|-damage|p1a: Galvantula|63/100\n|-resisted|p1a: Galvantula\n|-damage|p1a: Galvantula|27/100\n|-hitcount|p1a: Galvantula|2\n|\n|upkeep\n|turn|2\n|\n|t:|1771266156\n|move|p1a: Galvantula|Thunder|p2a: Melmetal|[miss]\n|-miss|p1a: Galvantula|p2a: Melmetal\n|move|p2a: Melmetal|Double Iron Bash|p1a: Galvantula\n|-resisted|p1a: Galvantula\n|-damage|p1a: Galvantula|0 fnt\n|faint|p1a: Galvantula\n|-hitcount|p1: Galvantula|1\n|\n|upkeep\n|\n|t:|1771266159\n|switch|p1a: Great Tusk|Great Tusk|100/100\n|-enditem|p1a: Great Tusk|Booster Energy\n|-activate|p1a: Great Tusk|ability: Protosynthesis|[fromitem]\n|-start|p1a: Great Tusk|protosynthesisatk\n|turn|3\n|\n|t:|1771266162\n|switch|p2a: Landorus|Landorus-Therian, M|100/100\n|-ability|p2a: Landorus|Intimidate|boost\n|-unboost|p1a: Great Tusk|atk|1\n|move|p1a: Great Tusk|Rapid Spin|p2a: Landorus\n|-crit|p2a: Landorus\n|-damage|p2a: Landorus|64/100\n|-boost|p1a: Great Tusk|spe|1\n|-damage|p1a: Great Tusk|84/100|[from] item: Rocky Helmet|[of] p2a: Landorus\n|\n|upkeep\n|turn|4\n|\n|t:|1771266169\n|-end|p1a: Great Tusk|Protosynthesis|[silent]\n|switch|p1a: Gholdengo|Gholdengo|100/100\n|-item|p1a: Gholdengo|Air Balloon\n|switch|p2a: Urshifu|Urshifu-Rapid-Strike, M|100/100\n|-activate|p2a: Urshifu|move: Sticky Web\n|-unboost|p2a: Urshifu|spe|1\n|\n|upkeep\n|turn|5\n|\n|t:|1771266172\n|move|p2a: Urshifu|U-turn|p1a: Gholdengo\n|-resisted|p1a: Gholdengo\n|-damage|p1a: Gholdengo|94/100\n|-enditem|p1a: Gholdengo|Air Balloon\n|\n|t:|1771266175\n|switch|p2a: Landorus|Landorus-Therian, M|64/100|[from] U-turn\n|-ability|p2a: Landorus|Intimidate|boost\n|-unboost|p1a: Gholdengo|atk|1\n|move|p1a: Gholdengo|Psyshock|p2a: Landorus\n|-damage|p2a: Landorus|32/100\n|\n|upkeep\n|turn|6\n|\n|t:|1771266182\n|move|p2a: Landorus|Earthquake|p1a: Gholdengo\n|-supereffective|p1a: Gholdengo\n|-damage|p1a: Gholdengo|0 fnt\n|faint|p1a: Gholdengo\n|\n|upkeep\n|\n|t:|1771266184\n|switch|p1a: Diancie|Diancie|100/100\n|turn|7\n|\n|t:|1771266186\n|switch|p2a: Melmetal|Melmetal|100/100\n|-activate|p2a: Melmetal|move: Sticky Web\n|-unboost|p2a: Melmetal|spe|1\n|detailschange|p1a: Diancie|Diancie-Mega\n|-mega|p1a: Diancie|Diancie|Diancite\n|move|p1a: Diancie|Diamond Storm|p2a: Melmetal\n|-resisted|p2a: Melmetal\n|-damage|p2a: Melmetal|84/100\n|\n|upkeep\n|turn|8\n|\n|t:|1771266191\n|move|p1a: Diancie|Mystical Fire|p2a: Melmetal\n|-supereffective|p2a: Melmetal\n|-damage|p2a: Melmetal|52/100\n|-unboost|p2a: Melmetal|spa|1\n|move|p2a: Melmetal|Double Iron Bash|p1a: Diancie\n|-supereffective|p1a: Diancie\n|-damage|p1a: Diancie|0 fnt\n|faint|p1a: Diancie\n|detailschange|p1: Diancie|Diancie|[silent]\n|-hitcount|p1: Diancie|1\n|\n|upkeep\n|\n|t:|1771266196\n|switch|p1a: Urshifu|Urshifu-Rapid-Strike, F|100/100\n|turn|9\n|\n|t:|1771266201\n|move|p1a: Urshifu|Trailblaze|p2a: Melmetal\n|-resisted|p2a: Melmetal\n|-damage|p2a: Melmetal|46/100\n|-boost|p1a: Urshifu|spe|1\n|move|p2a: Melmetal|Double Iron Bash|p1a: Urshifu\n|-resisted|p1a: Urshifu\n|-damage|p1a: Urshifu|80/100\n|-resisted|p1a: Urshifu\n|-damage|p1a: Urshifu|58/100\n|-hitcount|p1a: Urshifu|2\n|\n|upkeep\n|turn|10\n|\n|t:|1771266205\n|move|p1a: Urshifu|Swords Dance|p1a: Urshifu\n|-boost|p1a: Urshifu|atk|2\n|move|p2a: Melmetal|Thunder Punch|p1a: Urshifu\n|-supereffective|p1a: Urshifu\n|-damage|p1a: Urshifu|0 fnt\n|faint|p1a: Urshifu\n|\n|upkeep\n|\n|t:|1771266211\n|switch|p1a: Breloom|Breloom, M|100/100\n|turn|11\n|\n|t:|1771266215\n|move|p1a: Breloom|Spore|p2a: Melmetal\n|-status|p2a: Melmetal|slp|[from] move: Spore\n|cant|p2a: Melmetal|slp\n|\n|upkeep\n|turn|12\n|\n|t:|1771266218\n|move|p1a: Breloom|Swords Dance|p1a: Breloom\n|-boost|p1a: Breloom|atk|2\n|cant|p2a: Melmetal|slp\n|\n|upkeep\n|turn|13\n|\n|t:|1771266222\n|move|p1a: Breloom|Mach Punch|p2a: Melmetal\n|-supereffective|p2a: Melmetal\n|-damage|p2a: Melmetal|0 fnt\n|faint|p2a: Melmetal\n|\n|upkeep\n|\n|t:|1771266224\n|switch|p2a: Altaria|Altaria, F|100/100\n|turn|14\n|\n|t:|1771266227\n|detailschange|p2a: Altaria|Altaria-Mega, F\n|-mega|p2a: Altaria|Altaria|Altarianite\n|move|p1a: Breloom|Spore|p2a: Altaria\n|-status|p2a: Altaria|slp|[from] move: Spore\n|cant|p2a: Altaria|slp\n|\n|upkeep\n|turn|15\n|\n|t:|1771266230\n|move|p1a: Breloom|Bullet Seed|p2a: Altaria\n|-resisted|p2a: Altaria\n|-damage|p2a: Altaria|87/100 slp\n|-resisted|p2a: Altaria\n|-damage|p2a: Altaria|73/100 slp\n|-resisted|p2a: Altaria\n|-damage|p2a: Altaria|59/100 slp\n|-resisted|p2a: Altaria\n|-damage|p2a: Altaria|46/100 slp\n|-resisted|p2a: Altaria\n|-damage|p2a: Altaria|31/100 slp\n|-hitcount|p2a: Altaria|5\n|-curestatus|p2a: Altaria|slp|[msg]\n|move|p2a: Altaria|Body Slam|p1a: Breloom\n|-supereffective|p1a: Breloom\n|-damage|p1a: Breloom|0 fnt\n|faint|p1a: Breloom\n|\n|upkeep\n|-message|Heroadrix forfeited.\n|\n|win|Cappypulpy\n|raw|Heroadrix's rating: 1519 &rarr; <strong>1506</strong><br />(-13 for losing)\n|raw|Cappypulpy's rating: 1648 &rarr; <strong>1661</strong><br />(+13 for winning)\n|l|☆Heroadrix\n|player|p1|\n|l|☆Cappypulpy\n|player|p2|\n", "uploadtime": 1771266444, "views": 2, "formatid": "gen9nationaldex", "rating": 1506, "private": 0, "password": null}