{"id": "gen9nationaldex-2540245228", "format": "[Gen 9] National Dex", "players": ["G6Gambit", "TheHouseFell"], "log": "|j|☆G6Gambit\n|j|☆TheHouseFell\n|t:|1771180129\n|gametype|singles\n|player|p1|G6Gambit|miku-ghost|1549\n|player|p2|TheHouseFell|ingo|1651\n|gen|9\n|tier|[Gen 9] National Dex\n|rated|\n|rule|HP Percentage Mod: HP is shown in percentages\n|rule|Endless Battle Clause: Forcing endless battles is banned\n|rule|Species Clause: Limit one of each Pokémon\n|rule|OHKO Clause: OHKO moves are banned\n|rule|Evasion Clause: Evasion abilities, items, and moves are banned\n|rule|Evasion Abilities Clause: Evasion abilities are banned\n|rule|Evasion Items Clause: Evasion items are banned\n|rule|Evasion Moves Clause: Evasion moves are banned\n|rule|Sleep Clause Mod: Limit one foe put to sleep\n|rule|Terastal Clause: You cannot Terastallize\n|clearpoke\n|poke|p1|Zamazenta-*|\n|poke|p1|Kingambit, M|\n|poke|p1|Ceruledge, F|\n|poke|p1|Landorus-Therian, M|\n|poke|p1|Diancie|\n|poke|p1|Ogerpon-Wellspring, F|\n|poke|p2|Greninja-*, M|\n|poke|p2|Gardevoir, F|\n|poke|p2|Landorus-Therian, M|\n|poke|p2|Zapdos|\n|poke|p2|Heatran, F|\n|poke|p2|Pecharunt|\n|teampreview\n|inactive|Battle timer is ON: inactive players will automatically lose when time's up. (requested by TheHouseFell)\n|\n|t:|1771180148\n|teamsize|p1|6\n|teamsize|p2|6\n|start\n|switch|p1a: Kingambit|Kingambit, M|100/100\n|switch|p2a: Greninja|Greninja, M|100/100\n|-item|p1a: Kingambit|Air Balloon\n|turn|1\n|\n|t:|1771180158\n|move|p2a: Greninja|Hydro Pump|p1a: Kingambit|[miss]\n|-miss|p2a: Greninja|p1a: Kingambit\n|move|p1a: Kingambit|Knock Off|p2a: Greninja\n|-resisted|p2a: Greninja\n|-damage|p2a: Greninja|56/100\n|-enditem|p2a: Greninja|Choice Specs|[from] move: Knock Off|[of] p1a: Kingambit\n|\n|upkeep\n|turn|2\n|\n|t:|1771180169\n|move|p2a: Greninja|Spikes|p1a: Kingambit\n|-sidestart|p1: G6Gambit|Spikes\n|move|p1a: Kingambit|Knock Off|p2a: Greninja\n|-resisted|p2a: Greninja\n|-damage|p2a: Greninja|24/100\n|\n|upkeep\n|turn|3\n|\n|t:|1771180176\n|switch|p2a: Heatran|Heatran, F|100/100\n|move|p1a: Kingambit|Knock Off|p2a: Heatran\n|-damage|p2a: Heatran|55/100\n|-enditem|p2a: Heatran|Leftovers|[from] move: Knock Off|[of] p1a: Kingambit\n|\n|upkeep\n|turn|4\n|\n|t:|1771180201\n|move|p2a: Heatran|Magma Storm|p1a: Kingambit\n|-supereffective|p1a: Kingambit\n|-damage|p1a: Kingambit|12/100\n|-activate|p1a: Kingambit|move: Magma Storm|[of] p2a: Heatran\n|-enditem|p1a: Kingambit|Air Balloon\n|move|p1a: Kingambit|Knock Off|p2a: Heatran\n|-damage|p2a: Heatran|22/100\n|\n|-damage|p1a: Kingambit|0 fnt|[from] move: Magma Storm|[partiallytrapped]\n|faint|p1a: Kingambit\n|-end|p1a: Kingambit|fallenundefined|[silent]\n|upkeep\n|\n|t:|1771180210\n|switch|p1a: Ogerpon|Ogerpon-Wellspring, F|100/100\n|-damage|p1a: Ogerpon|88/100|[from] Spikes\n|turn|5\n|\n|t:|1771180219\n|move|p1a: Ogerpon|Swords Dance|p1a: Ogerpon\n|-boost|p1a: Ogerpon|atk|2\n|move|p2a: Heatran|Magma Storm|p1a: Ogerpon\n|-damage|p1a: Ogerpon|41/100\n|-activate|p1a: Ogerpon|move: Magma Storm|[of] p2a: Heatran\n|\n|-damage|p1a: Ogerpon|29/100|[from] move: Magma Storm|[partiallytrapped]\n|upkeep\n|turn|6\n|\n|t:|1771180227\n|move|p1a: Ogerpon|Ivy Cudgel|p2a: Heatran|[anim] Ivy Cudgel Water\n|-supereffective|p2a: Heatran\n|-damage|p2a: Heatran|0 fnt\n|faint|p2a: Heatran\n|\n|-end|p1a: Ogerpon|Magma Storm|[partiallytrapped]|[silent]\n|upkeep\n|\n|t:|1771180232\n|switch|p2a: Greninja|Greninja, M|24/100\n|turn|7\n|\n|t:|1771180239\n|move|p2a: Greninja|Ice Beam|p1a: Ogerpon\n|-damage|p1a: Ogerpon|0 fnt\n|faint|p1a: Ogerpon\n|\n|upkeep\n|\n|t:|1771180264\n|switch|p1a: Zamazenta|Zamazenta|100/100\n|-damage|p1a: Zamazenta|88/100|[from] Spikes\n|-ability|p1a: Zamazenta|Dauntless Shield|boost\n|-boost|p1a: Zamazenta|def|1\n|turn|8\n|\n|t:|1771180275\n|switch|p2a: Pecharunt|Pecharunt|100/100\n|move|p1a: Zamazenta|Substitute|p1a: Zamazenta\n|-start|p1a: Zamazenta|Substitute\n|-damage|p1a: Zamazenta|63/100\n|\n|-heal|p1a: Zamazenta|69/100|[from] item: Leftovers\n|upkeep\n|turn|9\n|\n|t:|1771180280\n|move|p1a: Zamazenta|Crunch|p2a: Pecharunt\n|-supereffective|p2a: Pecharunt\n|-damage|p2a: Pecharunt|72/100\n|move|p2a: Pecharunt|Shadow Ball|p1a: Zamazenta\n|-end|p1a: Zamazenta|Substitute\n|\n|-heal|p1a: Zamazenta|76/100|[from] item: Leftovers\n|upkeep\n|turn|10\n|\n|t:|1771180288\n|move|p1a: Zamazenta|Crunch|p2a: Pecharunt\n|-supereffective|p2a: Pecharunt\n|-damage|p2a: Pecharunt|43/100\n|move|p2a: Pecharunt|Malignant Chain|p1a: Zamazenta\n|-damage|p1a: Zamazenta|39/100\n|\n|-heal|p1a: Zamazenta|45/100|[from] item: Leftovers\n|upkeep\n|turn|11\n|\n|t:|1771180298\n|move|p1a: Zamazenta|Crunch|p2a: Pecharunt\n|-supereffective|p2a: Pecharunt\n|-damage|p2a: Pecharunt|14/100\n|-unboost|p2a: Pecharunt|def|1\n|move|p2a: Pecharunt|Recover|p2a: Pecharunt\n|-heal|p2a: Pecharunt|64/100\n|\n|-heal|p1a: Zamazenta|51/100|[from] item: Leftovers\n|upkeep\n|turn|12\n|\n|t:|1771180305\n|switch|p2a: Gardevoir|Gardevoir, F|100/100\n|-ability|p2a: Gardevoir|Dauntless Shield|Trace|[from] ability: Trace|[of] p1a: Zamazenta\n|-ability|p2a: Gardevoir|Dauntless Shield|boost\n|-boost|p2a: Gardevoir|def|1\n|move|p1a: Zamazenta|Crunch|p2a: Gardevoir\n|-damage|p2a: Gardevoir|75/100\n|-unboost|p2a: Gardevoir|def|1\n|\n|-heal|p1a: Zamazenta|58/100|[from] item: Leftovers\n|upkeep\n|turn|13\n|\n|t:|1771180318\n|detailschange|p2a: Gardevoir|Gardevoir-Mega, F\n|-mega|p2a: Gardevoir|Gardevoir|Gardevoirite\n|move|p1a: Zamazenta|Crunch|p2a: Gardevoir\n|-damage|p2a: Gardevoir|39/100\n|move|p2a: Gardevoir|Hyper Voice|p1a: Zamazenta\n|-supereffective|p1a: Zamazenta\n|-damage|p1a: Zamazenta|0 fnt\n|faint|p1a: Zamazenta\n|\n|upkeep\n|\n|t:|1771180342\n|switch|p1a: Landorus|Landorus-Therian, M|100/100\n|-ability|p1a: Landorus|Intimidate|boost\n|-unboost|p2a: Gardevoir|atk|1\n|turn|14\n|\n|t:|1771180347\n|switch|p2a: Zapdos|Zapdos|100/100\n|move|p1a: Landorus|Earthquake|p2a: Zapdos\n|-immune|p2a: Zapdos\n|\n|upkeep\n|turn|15\n|\n|t:|1771180358\n|move|p1a: Landorus|Taunt|p2a: Zapdos\n|-start|p2a: Zapdos|move: Taunt\n|move|p2a: Zapdos|Volt Switch|p1a: Landorus\n|-immune|p1a: Landorus\n|\n|upkeep\n|turn|16\n|\n|t:|1771180367\n|move|p1a: Landorus|Stealth Rock|p2a: Zapdos\n|-sidestart|p2: TheHouseFell|move: Stealth Rock\n|move|p2a: Zapdos|Volt Switch|p1a: Landorus\n|-immune|p1a: Landorus\n|\n|upkeep\n|turn|17\n|\n|t:|1771180379\n|move|p1a: Landorus|Earthquake|p2a: Zapdos\n|-immune|p2a: Zapdos\n|move|p2a: Zapdos|Volt Switch|p1a: Landorus\n|-immune|p1a: Landorus\n|\n|-end|p2a: Zapdos|move: Taunt\n|upkeep\n|turn|18\n|\n|t:|1771180393\n|move|p1a: Landorus|Earthquake|p2a: Zapdos\n|-immune|p2a: Zapdos\n|move|p2a: Zapdos|Hurricane|p1a: Landorus\n|-damage|p1a: Landorus|49/100\n|-start|p1a: Landorus|confusion\n|\n|upkeep\n|turn|19\n|\n|t:|1771180402\n|-activate|p1a: Landorus|confusion\n|move|p1a: Landorus|Explosion|p2a: Zapdos\n|-damage|p2a: Zapdos|39/100\n|faint|p1a: Landorus\n|move|p2a: Zapdos|Volt Switch|p1: Landorus|[notarget]\n|-fail|p2a: Zapdos\n|\n|upkeep\n|\n|t:|1771180408\n|switch|p1a: Diancie|Diancie|100/100\n|-damage|p1a: Diancie|88/100|[from] Spikes\n|turn|20\n|\n|t:|1771180412\n|detailschange|p1a: Diancie|Diancie-Mega\n|-mega|p1a: Diancie|Diancie|Diancite\n|move|p1a: Diancie|Diamond Storm|p2a: Zapdos\n|-supereffective|p2a: Zapdos\n|-crit|p2a: Zapdos\n|-damage|p2a: Zapdos|0 fnt\n|faint|p2a: Zapdos\n|\n|upkeep\n|\n|t:|1771180416\n|switch|p2a: Greninja|Greninja, M|24/100\n|-damage|p2a: Greninja|11/100|[from] Stealth Rock\n|turn|21\n|\n|t:|1771180429\n|move|p2a: Greninja|Hydro Pump|p1a: Diancie|[miss]\n|-miss|p2a: Greninja|p1a: Diancie\n|move|p1a: Diancie|Moonblast|p2a: Greninja\n|-supereffective|p2a: Greninja\n|-damage|p2a: Greninja|0 fnt\n|faint|p2a: Greninja\n|\n|upkeep\n|\n|t:|1771180432\n|switch|p2a: Landorus|Landorus-Therian, M|100/100\n|-damage|p2a: Landorus|88/100|[from] Stealth Rock\n|-ability|p2a: Landorus|Intimidate|boost\n|-unboost|p1a: Diancie|atk|1\n|turn|22\n|\n|t:|1771180443\n|move|p2a: Landorus|Earthquake|p1a: Diancie\n|-supereffective|p1a: Diancie\n|-damage|p1a: Diancie|0 fnt\n|faint|p1a: Diancie\n|detailschange|p1: Diancie|Diancie|[silent]\n|\n|upkeep\n|\n|t:|1771180445\n|switch|p1a: Ceruledge|Ceruledge, F|100/100\n|-damage|p1a: Ceruledge|88/100|[from] Spikes\n|turn|23\n|\n|t:|1771180448\n|move|p1a: Ceruledge|Endure|p1a: Ceruledge\n|-singleturn|p1a: Ceruledge|move: Endure\n|move|p2a: Landorus|Earthquake|p1a: Ceruledge\n|-supereffective|p1a: Ceruledge\n|-activate|p1a: Ceruledge|move: Endure\n|-damage|p1a: Ceruledge|1/100\n|-ability|p1a: Ceruledge|Weak Armor|boost\n|-unboost|p1a: Ceruledge|def|1\n|-boost|p1a: Ceruledge|spe|2\n|\n|upkeep\n|turn|24\n|c|☆TheHouseFell|gg\n|\n|t:|1771180457\n|-zpower|p1a: Ceruledge\n|move|p1a: Ceruledge|Never-Ending Nightmare|p2a: Landorus|[zeffect]\n|-damage|p2a: Landorus|0 fnt\n|faint|p2a: Landorus\n|\n|upkeep\n|\n|t:|1771180469\n|switch|p2a: Pecharunt|Pecharunt|64/100\n|-damage|p2a: Pecharunt|52/100|[from] Stealth Rock\n|turn|25\n|\n|t:|1771180475\n|move|p1a: Ceruledge|Poltergeist|p2a: Pecharunt\n|-activate|p2a: Pecharunt|move: Poltergeist|Ghostium Z\n|-supereffective|p2a: Pecharunt\n|-damage|p2a: Pecharunt|0 fnt\n|faint|p2a: Pecharunt\n|\n|upkeep\n|-message|TheHouseFell forfeited.\n|\n|win|G6Gambit\n|raw|G6Gambit's rating: 1549 &rarr; <strong>1575</strong><br />(+26 for winning)\n|raw|TheHouseFell's rating: 1651 &rarr; <strong>1625</strong><br />(-26 for losing)\n|l|☆TheHouseFell\n|player|p2|\n|l|☆G6Gambit\n|player|p1|\n", "uploadtime": 1771180678, "views": 7, "formatid": "gen9nationaldex", "rating": 1575, "private": 0, "password": null}