{"id": "gen9nationaldex-2540627078", "format": "[Gen 9] National Dex", "players": ["WangShixiong", "yjw123"], "log": "|j|‽WangShixiong\n|j|☆yjw123\n|t:|1771229969\n|gametype|singles\n|player|p1|WangShixiong|cynthia-gen4|1789\n|player|p2|yjw123|102|1662\n|gen|9\n|tier|[Gen 9] National Dex\n|rated|\n|rule|HP Percentage Mod: HP is shown in percentages\n|rule|Endless Battle Clause: Forcing endless battles is banned\n|rule|Species Clause: Limit one of each Pokémon\n|rule|OHKO Clause: OHKO moves are banned\n|rule|Evasion Clause: Evasion abilities, items, and moves are banned\n|rule|Evasion Abilities Clause: Evasion abilities are banned\n|rule|Evasion Items Clause: Evasion items are banned\n|rule|Evasion Moves Clause: Evasion moves are banned\n|rule|Sleep Clause Mod: Limit one foe put to sleep\n|rule|Terastal Clause: You cannot Terastallize\n|clearpoke\n|poke|p1|Zamazenta-*|\n|poke|p1|Kingambit, F|\n|poke|p1|Ceruledge, M|\n|poke|p1|Landorus-Therian, M|\n|poke|p1|Diancie|\n|poke|p1|Ogerpon-Wellspring, F|\n|poke|p2|Tapu Lele|\n|poke|p2|Urshifu-*, M|\n|poke|p2|Raging Bolt|\n|poke|p2|Empoleon, F|\n|poke|p2|Banette, M|\n|poke|p2|Landorus-Therian, M|\n|teampreview\n|inactive|Battle timer is ON: inactive players will automatically lose when time's up. (requested by WangShixiong)\n|\n|t:|1771229987\n|teamsize|p1|6\n|teamsize|p2|6\n|start\n|switch|p1a: Diancie|Diancie, shiny|100/100\n|switch|p2a: Tapu Lele|Tapu Lele|100/100\n|-fieldstart|move: Psychic Terrain|[from] ability: Psychic Surge|[of] p2a: Tapu Lele\n|turn|1\n|\n|t:|1771229993\n|detailschange|p1a: Diancie|Diancie-Mega, shiny\n|-mega|p1a: Diancie|Diancie|Diancite\n|move|p1a: Diancie|Diamond Storm|p2a: Tapu Lele\n|-damage|p2a: Tapu Lele|15/100\n|-zpower|p2a: Tapu Lele\n|move|p2a: Tapu Lele|Shattered Psyche|p1a: Diancie|[zeffect]\n|-damage|p1a: Diancie|0 fnt\n|faint|p1a: Diancie\n|detailschange|p1: Diancie|Diancie, shiny|[silent]\n|\n|upkeep\n|\n|t:|1771229998\n|switch|p1a: Ogerpon|Ogerpon-Wellspring, F|100/100\n|turn|2\n|\n|t:|1771230008\n|switch|p2a: Raging Bolt|Raging Bolt|100/100\n|move|p1a: Ogerpon|Power Whip|p2a: Raging Bolt\n|-resisted|p2a: Raging Bolt\n|-damage|p2a: Raging Bolt|68/100\n|\n|upkeep\n|turn|3\n|\n|t:|1771230019\n|switch|p1a: Landorus|Landorus-Therian, M|100/100\n|-ability|p1a: Landorus|Intimidate|boost\n|-unboost|p2a: Raging Bolt|atk|1\n|move|p2a: Raging Bolt|Draco Meteor|p1a: Landorus|[miss]\n|-miss|p2a: Raging Bolt|p1a: Landorus\n|\n|upkeep\n|turn|4\n|\n|t:|1771230025\n|move|p1a: Landorus|Stealth Rock|p2a: Raging Bolt\n|-sidestart|p2: yjw123|move: Stealth Rock\n|move|p2a: Raging Bolt|Draco Meteor|p1a: Landorus\n|-damage|p1a: Landorus|0 fnt\n|-unboost|p2a: Raging Bolt|spa|2\n|faint|p1a: Landorus\n|\n|upkeep\n|\n|t:|1771230028\n|switch|p1a: Ceruledge|Ceruledge, M|100/100\n|turn|5\n|\n|t:|1771230033\n|-end|p2a: Raging Bolt|Protosynthesis|[silent]\n|switch|p2a: Landorus|Landorus-Therian, M|100/100\n|-damage|p2a: Landorus|88/100|[from] Stealth Rock\n|-ability|p2a: Landorus|Intimidate|boost\n|-unboost|p1a: Ceruledge|atk|1\n|-zpower|p1a: Ceruledge\n|move|p1a: Ceruledge|Never-Ending Nightmare|p2a: Landorus|[zeffect]\n|-damage|p2a: Landorus|37/100\n|\n|-fieldend|move: Psychic Terrain\n|upkeep\n|turn|6\n|\n|t:|1771230042\n|switch|p1a: Ogerpon|Ogerpon-Wellspring, F|100/100\n|move|p2a: Landorus|Rock Tomb|p1a: Ogerpon|[miss]\n|-miss|p2a: Landorus|p1a: Ogerpon\n|\n|upkeep\n|turn|7\n|\n|t:|1771230046\n|move|p1a: Ogerpon|Ivy Cudgel|p2a: Landorus|[anim] Ivy Cudgel Water\n|-supereffective|p2a: Landorus\n|-damage|p2a: Landorus|0 fnt\n|faint|p2a: Landorus\n|\n|upkeep\n|\n|t:|1771230049\n|switch|p2a: Urshifu|Urshifu-Rapid-Strike, M|100/100\n|-damage|p2a: Urshifu|94/100|[from] Stealth Rock\n|turn|8\n|\n|t:|1771230052\n|switch|p1a: Ceruledge|Ceruledge, M|100/100\n|move|p2a: Urshifu|U-turn|p1a: Ceruledge\n|-resisted|p1a: Ceruledge\n|-damage|p1a: Ceruledge|93/100\n|-ability|p1a: Ceruledge|Weak Armor|boost\n|-unboost|p1a: Ceruledge|def|1\n|-boost|p1a: Ceruledge|spe|2\n|\n|t:|1771230061\n|switch|p2a: Banette|Banette, M|100/100|[from] U-turn\n|-damage|p2a: Banette|88/100|[from] Stealth Rock\n|\n|upkeep\n|turn|9\n|\n|t:|1771230063\n|switch|p1a: Kingambit|Kingambit, F|100/100\n|-activate|p1a: Kingambit|ability: Supreme Overlord\n|-start|p1a: Kingambit|fallen2|[silent]\n|-item|p1a: Kingambit|Air Balloon\n|detailschange|p2a: Banette|Banette-Mega, M\n|-mega|p2a: Banette|Banette|Banettite\n|move|p2a: Banette|Destiny Bond|p2a: Banette\n|-singlemove|p2a: Banette|Destiny Bond\n|\n|upkeep\n|turn|10\n|\n|t:|1771230073\n|move|p1a: Kingambit|Knock Off|p2a: Banette\n|-supereffective|p2a: Banette\n|-damage|p2a: Banette|0 fnt\n|faint|p2a: Banette\n|-activate|p2a: Banette|move: Destiny Bond\n|detailschange|p2: Banette|Banette, M|[silent]\n|faint|p1a: Kingambit\n|-end|p1a: Kingambit|fallen2|[silent]\n|\n|upkeep\n|\n|t:|1771230083\n|switch|p1a: Ceruledge|Ceruledge, M|93/100\n|switch|p2a: Empoleon|Empoleon, F|100/100\n|-damage|p2a: Empoleon|94/100|[from] Stealth Rock\n|turn|11\n|\n|t:|1771230087\n|switch|p1a: Ogerpon|Ogerpon-Wellspring, F|100/100\n|move|p2a: Empoleon|Defog|p1a: Ogerpon\n|-unboost|p1a: Ogerpon|evasion|1\n|-sideend|p2: yjw123|Stealth Rock|[from] move: Defog|[of] p2a: Empoleon\n|\n|upkeep\n|turn|12\n|\n|t:|1771230092\n|move|p1a: Ogerpon|Power Whip|p2a: Empoleon|[miss]\n|-miss|p1a: Ogerpon|p2a: Empoleon\n|move|p2a: Empoleon|Flash Cannon|p1a: Ogerpon\n|-resisted|p1a: Ogerpon\n|-damage|p1a: Ogerpon|83/100\n|\n|upkeep\n|turn|13\n|\n|t:|1771230097\n|move|p1a: Ogerpon|Power Whip|p2a: Empoleon\n|-damage|p2a: Empoleon|29/100\n|-enditem|p2a: Empoleon|Sitrus Berry|[eat]\n|-heal|p2a: Empoleon|54/100|[from] item: Sitrus Berry\n|move|p2a: Empoleon|Flash Cannon|p1a: Ogerpon\n|-resisted|p1a: Ogerpon\n|-damage|p1a: Ogerpon|64/100\n|-unboost|p1a: Ogerpon|spd|1\n|\n|upkeep\n|turn|14\n|\n|t:|1771230102\n|switch|p1a: Ceruledge|Ceruledge, M|93/100\n|move|p2a: Empoleon|Flash Cannon|p1a: Ceruledge\n|-resisted|p1a: Ceruledge\n|-damage|p1a: Ceruledge|75/100\n|\n|upkeep\n|turn|15\n|j| EZY6666\n|\n|t:|1771230107\n|switch|p1a: Ogerpon|Ogerpon-Wellspring, F|64/100\n|move|p2a: Empoleon|Roar|p1a: Ogerpon\n|drag|p1a: Ceruledge|Ceruledge, M|75/100\n|\n|upkeep\n|turn|16\n|\n|t:|1771230111\n|switch|p1a: Ogerpon|Ogerpon-Wellspring, F|64/100\n|move|p2a: Empoleon|Flash Cannon|p1a: Ogerpon\n|-resisted|p1a: Ogerpon\n|-damage|p1a: Ogerpon|46/100\n|\n|upkeep\n|turn|17\n|\n|t:|1771230114\n|move|p1a: Ogerpon|Power Whip|p2a: Empoleon\n|-crit|p2a: Empoleon\n|-damage|p2a: Empoleon|0 fnt\n|faint|p2a: Empoleon\n|\n|upkeep\n|\n|t:|1771230118\n|switch|p2a: Urshifu|Urshifu-Rapid-Strike, M|94/100\n|turn|18\n|\n|t:|1771230121\n|switch|p1a: Ceruledge|Ceruledge, M|75/100\n|move|p2a: Urshifu|Surging Strikes|p1a: Ceruledge\n|-supereffective|p1a: Ceruledge\n|-crit|p1a: Ceruledge\n|-damage|p1a: Ceruledge|23/100\n|-ability|p1a: Ceruledge|Weak Armor|boost\n|-unboost|p1a: Ceruledge|def|1\n|-boost|p1a: Ceruledge|spe|2\n|-supereffective|p1a: Ceruledge\n|-crit|p1a: Ceruledge\n|-damage|p1a: Ceruledge|0 fnt\n|faint|p1a: Ceruledge\n|-hitcount|p1: Ceruledge|2\n|\n|upkeep\n|\n|t:|1771230125\n|switch|p1a: Ogerpon|Ogerpon-Wellspring, F|46/100\n|turn|19\n|\n|t:|1771230131\n|switch|p2a: Tapu Lele|Tapu Lele|15/100\n|-fieldstart|move: Psychic Terrain|[from] ability: Psychic Surge|[of] p2a: Tapu Lele\n|move|p1a: Ogerpon|Swords Dance|p1a: Ogerpon\n|-boost|p1a: Ogerpon|atk|2\n|\n|upkeep\n|turn|20\n|\n|t:|1771230134\n|move|p1a: Ogerpon|Ivy Cudgel|p2a: Tapu Lele|[anim] Ivy Cudgel Water\n|-damage|p2a: Tapu Lele|0 fnt\n|faint|p2a: Tapu Lele\n|\n|upkeep\n|\n|t:|1771230137\n|switch|p2a: Urshifu|Urshifu-Rapid-Strike, M|94/100\n|turn|21\n|\n|t:|1771230145\n|switch|p1a: Zamazenta|Zamazenta|100/100\n|-ability|p1a: Zamazenta|Dauntless Shield|boost\n|-boost|p1a: Zamazenta|def|1\n|move|p2a: Urshifu|U-turn|p1a: Zamazenta\n|-resisted|p1a: Zamazenta\n|-damage|p1a: Zamazenta|94/100\n|\n|t:|1771230147\n|switch|p2a: Raging Bolt|Raging Bolt|68/100|[from] U-turn\n|\n|-heal|p1a: Zamazenta|100/100|[from] item: Leftovers\n|upkeep\n|turn|22\n|\n|t:|1771230152\n|move|p1a: Zamazenta|Iron Defense|p1a: Zamazenta\n|-boost|p1a: Zamazenta|def|2\n|move|p2a: Raging Bolt|Volt Switch|p1a: Zamazenta\n|-damage|p1a: Zamazenta|50/100\n|\n|t:|1771230155\n|-end|p2a: Raging Bolt|Protosynthesis|[silent]\n|switch|p2a: Urshifu|Urshifu-Rapid-Strike, M|94/100|[from] Volt Switch\n|\n|-heal|p1a: Zamazenta|56/100|[from] item: Leftovers\n|upkeep\n|turn|23\n|\n|t:|1771230157\n|switch|p1a: Ogerpon|Ogerpon-Wellspring, F|46/100\n|move|p2a: Urshifu|U-turn|p1a: Ogerpon\n|-supereffective|p1a: Ogerpon\n|-damage|p1a: Ogerpon|0 fnt\n|faint|p1a: Ogerpon\n|\n|t:|1771230160\n|switch|p2a: Raging Bolt|Raging Bolt|68/100|[from] U-turn\n|\n|-fieldend|move: Psychic Terrain\n|upkeep\n|-message|WangShixiong forfeited.\n|\n|win|yjw123\n|raw|WangShixiong's rating: 1789 &rarr; <strong>1762</strong><br />(-27 for losing)\n|raw|yjw123's rating: 1662 &rarr; <strong>1689</strong><br />(+27 for winning)\n|l|‽WangShixiong\n|player|p1|\n|j|‽WangShixiong\n|player|p1|WangShixiong|cynthia-gen4|\n|l|☆yjw123\n|player|p2|\n|l|‽WangShixiong\n|player|p1|\n|j|‽WangShixiong\n|player|p1|WangShixiong|cynthia-gen4|\n|l|‽WangShixiong\n|player|p1|\n", "uploadtime": 1771230410, "views": 10, "formatid": "gen9nationaldex", "rating": 1689, "private": 0, "password": null}