{"id": "gen9nationaldex-2540434345", "format": "[Gen 9] National Dex", "players": ["Pk188", "dddddddfhhhvc"], "log": "|j|☆Pk188\n|j|☆dddddddfhhhvc\n|t:|1771201568\n|gametype|singles\n|player|p1|Pk188|bugsy|1537\n|player|p2|dddddddfhhhvc|psychicf-gen4|1499\n|gen|9\n|tier|[Gen 9] National Dex\n|rated|\n|rule|HP Percentage Mod: HP is shown in percentages\n|rule|Endless Battle Clause: Forcing endless battles is banned\n|rule|Species Clause: Limit one of each Pokémon\n|rule|OHKO Clause: OHKO moves are banned\n|rule|Evasion Clause: Evasion abilities, items, and moves are banned\n|rule|Evasion Abilities Clause: Evasion abilities are banned\n|rule|Evasion Items Clause: Evasion items are banned\n|rule|Evasion Moves Clause: Evasion moves are banned\n|rule|Sleep Clause Mod: Limit one foe put to sleep\n|rule|Terastal Clause: You cannot Terastallize\n|clearpoke\n|poke|p1|Great Tusk|\n|poke|p1|Kingambit, M|\n|poke|p1|Garchomp, F|\n|poke|p1|Tyranitar, F|\n|poke|p1|Dragonite, F|\n|poke|p1|Zamazenta-*|\n|poke|p2|Chesnaught, F|\n|poke|p2|Skeledirge, F|\n|poke|p2|Tapu Fini|\n|poke|p2|Terapagos, M|\n|poke|p2|Ting-Lu|\n|poke|p2|Bronzong|\n|teampreview\n|inactive|Battle timer is ON: inactive players will automatically lose when time's up. (requested by Pk188)\n|\n|t:|1771201578\n|teamsize|p1|6\n|teamsize|p2|6\n|start\n|switch|p1a: Tyranitar|Tyranitar, F|100/100\n|switch|p2a: Bronzong|Bronzong|100/100\n|-weather|Sandstorm|[from] ability: Sand Stream|[of] p1a: Tyranitar\n|turn|1\n|\n|t:|1771201583\n|switch|p2a: Ting-Lu|Ting-Lu|100/100\n|-ability|p2a: Ting-Lu|Vessel of Ruin\n|detailschange|p1a: Tyranitar|Tyranitar-Mega, F\n|-mega|p1a: Tyranitar|Tyranitar|Tyranitarite\n|move|p1a: Tyranitar|Dragon Dance|p1a: Tyranitar\n|-boost|p1a: Tyranitar|atk|1\n|-boost|p1a: Tyranitar|spe|1\n|\n|-weather|Sandstorm|[upkeep]\n|upkeep\n|turn|2\n|\n|t:|1771201595\n|move|p1a: Tyranitar|Dragon Dance|p1a: Tyranitar\n|-boost|p1a: Tyranitar|atk|1\n|-boost|p1a: Tyranitar|spe|1\n|move|p2a: Ting-Lu|Whirlwind|p1a: Tyranitar\n|drag|p1a: Zamazenta|Zamazenta|100/100\n|-ability|p1a: Zamazenta|Dauntless Shield|boost\n|-boost|p1a: Zamazenta|def|1\n|\n|-weather|Sandstorm|[upkeep]\n|-damage|p1a: Zamazenta|94/100|[from] Sandstorm\n|-heal|p1a: Zamazenta|100/100|[from] item: Leftovers\n|upkeep\n|turn|3\n|\n|t:|1771201599\n|move|p1a: Zamazenta|Body Press|p2a: Ting-Lu\n|-supereffective|p2a: Ting-Lu\n|-damage|p2a: Ting-Lu|46/100\n|move|p2a: Ting-Lu|Spikes|p1a: Zamazenta\n|-sidestart|p1: Pk188|Spikes\n|\n|-weather|Sandstorm|[upkeep]\n|-damage|p1a: Zamazenta|94/100|[from] Sandstorm\n|-heal|p1a: Zamazenta|100/100|[from] item: Leftovers\n|-heal|p2a: Ting-Lu|53/100|[from] item: Leftovers\n|upkeep\n|turn|4\n|\n|t:|1771201604\n|switch|p2a: Chesnaught|Chesnaught, F|100/100\n|move|p1a: Zamazenta|Body Press|p2a: Chesnaught\n|-damage|p2a: Chesnaught|75/100\n|-damage|p1a: Zamazenta|84/100|[from] item: Rocky Helmet|[of] p2a: Chesnaught\n|\n|-weather|Sandstorm|[upkeep]\n|-damage|p1a: Zamazenta|78/100|[from] Sandstorm\n|-damage|p2a: Chesnaught|69/100|[from] Sandstorm\n|-heal|p1a: Zamazenta|84/100|[from] item: Leftovers\n|upkeep\n|turn|5\n|\n|t:|1771201609\n|move|p1a: Zamazenta|Substitute|p1a: Zamazenta\n|-start|p1a: Zamazenta|Substitute\n|-damage|p1a: Zamazenta|59/100\n|move|p2a: Chesnaught|Iron Defense|p2a: Chesnaught\n|-boost|p2a: Chesnaught|def|2\n|\n|-weather|none\n|-heal|p1a: Zamazenta|65/100|[from] item: Leftovers\n|upkeep\n|turn|6\n|\n|t:|1771201614\n|move|p1a: Zamazenta|Iron Defense|p1a: Zamazenta\n|-boost|p1a: Zamazenta|def|2\n|move|p2a: Chesnaught|Iron Defense|p2a: Chesnaught\n|-boost|p2a: Chesnaught|def|2\n|\n|-heal|p1a: Zamazenta|71/100|[from] item: Leftovers\n|upkeep\n|turn|7\n|\n|t:|1771201619\n|move|p1a: Zamazenta|Iron Defense|p1a: Zamazenta\n|-boost|p1a: Zamazenta|def|2\n|move|p2a: Chesnaught|Iron Defense|p2a: Chesnaught\n|-boost|p2a: Chesnaught|def|2\n|\n|-heal|p1a: Zamazenta|77/100|[from] item: Leftovers\n|upkeep\n|turn|8\n|\n|t:|1771201623\n|move|p1a: Zamazenta|Iron Defense|p1a: Zamazenta\n|-boost|p1a: Zamazenta|def|1\n|move|p2a: Chesnaught|Synthesis|p2a: Chesnaught\n|-heal|p2a: Chesnaught|100/100\n|\n|-heal|p1a: Zamazenta|84/100|[from] item: Leftovers\n|upkeep\n|turn|9\n|\n|t:|1771201628\n|move|p1a: Zamazenta|Body Press|p2a: Chesnaught\n|-crit|p2a: Chesnaught\n|-damage|p2a: Chesnaught|2/100\n|-damage|p1a: Zamazenta|67/100|[from] item: Rocky Helmet|[of] p2a: Chesnaught\n|move|p2a: Chesnaught|Body Press|p1a: Zamazenta\n|-end|p1a: Zamazenta|Substitute\n|\n|-heal|p1a: Zamazenta|73/100|[from] item: Leftovers\n|upkeep\n|turn|10\n|\n|t:|1771201639\n|switch|p2a: Skeledirge|Skeledirge, F|100/100\n|move|p1a: Zamazenta|Body Press|p2a: Skeledirge\n|-immune|p2a: Skeledirge\n|\n|-heal|p1a: Zamazenta|79/100|[from] item: Leftovers\n|upkeep\n|turn|11\n|\n|t:|1771201644\n|move|p1a: Zamazenta|Substitute|p1a: Zamazenta\n|-start|p1a: Zamazenta|Substitute\n|-damage|p1a: Zamazenta|54/100\n|move|p2a: Skeledirge|Torch Song|p1a: Zamazenta\n|-damage|p1a: Zamazenta|33/100\n|-boost|p2a: Skeledirge|spa|1\n|\n|-heal|p1a: Zamazenta|39/100|[from] item: Leftovers\n|upkeep\n|turn|12\n|\n|t:|1771201647\n|move|p1a: Zamazenta|Heavy Slam|p2a: Skeledirge\n|-resisted|p2a: Skeledirge\n|-damage|p2a: Skeledirge|96/100\n|move|p2a: Skeledirge|Torch Song|p1a: Zamazenta\n|-damage|p1a: Zamazenta|2/100\n|-boost|p2a: Skeledirge|spa|1\n|\n|-heal|p1a: Zamazenta|8/100|[from] item: Leftovers\n|upkeep\n|turn|13\n|-message|Pk188 forfeited.\n|\n|win|dddddddfhhhvc\n|raw|Pk188's rating: 1537 &rarr; <strong>1515</strong><br />(-22 for losing)\n|raw|dddddddfhhhvc's rating: 1499 &rarr; <strong>1521</strong><br />(+22 for winning)\n|l|☆Pk188\n|player|p1|\n|c|☆dddddddfhhhvc|loool\n", "uploadtime": 1771201906, "views": 9, "formatid": "gen9nationaldex", "rating": 1515, "private": 0, "password": null}