{"id": "gen9nationaldex-2540600330", "format": "[Gen 9] National Dex", "players": ["Crsiu", "Conno2429"], "log": "|j|☆Crsiu\n|j|☆Conno2429\n|t:|1771224894\n|gametype|singles\n|player|p1|Crsiu|n|1593\n|player|p2|Conno2429|steven|1650\n|gen|9\n|tier|[Gen 9] National Dex\n|rated|\n|rule|HP Percentage Mod: HP is shown in percentages\n|rule|Endless Battle Clause: Forcing endless battles is banned\n|rule|Species Clause: Limit one of each Pokémon\n|rule|OHKO Clause: OHKO moves are banned\n|rule|Evasion Clause: Evasion abilities, items, and moves are banned\n|rule|Evasion Abilities Clause: Evasion abilities are banned\n|rule|Evasion Items Clause: Evasion items are banned\n|rule|Evasion Moves Clause: Evasion moves are banned\n|rule|Sleep Clause Mod: Limit one foe put to sleep\n|rule|Terastal Clause: You cannot Terastallize\n|clearpoke\n|poke|p1|Blaziken, M|\n|poke|p1|Rillaboom, M|\n|poke|p1|Pinsir, F|\n|poke|p1|Raging Bolt|\n|poke|p1|Hatterene, F|\n|poke|p1|Alomomola, F|\n|poke|p2|Gyarados, M|\n|poke|p2|Ferrothorn, M|\n|poke|p2|Volcarona, F|\n|poke|p2|Zapdos|\n|poke|p2|Garchomp, F|\n|poke|p2|Melmetal|\n|teampreview\n|\n|t:|1771224912\n|teamsize|p1|6\n|teamsize|p2|6\n|start\n|switch|p1a: Rillaboom|Rillaboom, M|100/100\n|switch|p2a: Melmetal|Melmetal|100/100\n|-fieldstart|move: Grassy Terrain|[from] ability: Grassy Surge|[of] p1a: Rillaboom\n|turn|1\n|\n|t:|1771224917\n|move|p1a: Rillaboom|Swords Dance|p1a: Rillaboom\n|-boost|p1a: Rillaboom|atk|2\n|move|p2a: Melmetal|Double Iron Bash|p1a: Rillaboom\n|-damage|p1a: Rillaboom|56/100\n|-damage|p1a: Rillaboom|11/100\n|-hitcount|p1a: Rillaboom|2\n|\n|-heal|p1a: Rillaboom|17/100|[from] Grassy Terrain\n|upkeep\n|turn|2\n|\n|t:|1771224923\n|switch|p2a: Zapdos|Zapdos|100/100\n|-zpower|p1a: Rillaboom\n|move|p1a: Rillaboom|All-Out Pummeling|p2a: Zapdos|[zeffect]\n|-resisted|p2a: Zapdos\n|-damage|p2a: Zapdos|56/100\n|\n|-heal|p1a: Rillaboom|24/100|[from] Grassy Terrain\n|upkeep\n|turn|3\n|\n|t:|1771224926\n|move|p1a: Rillaboom|Grassy Glide|p2a: Zapdos\n|-resisted|p2a: Zapdos\n|-damage|p2a: Zapdos|21/100\n|move|p2a: Zapdos|Hurricane|p1a: Rillaboom\n|-supereffective|p1a: Rillaboom\n|-damage|p1a: Rillaboom|0 fnt\n|faint|p1a: Rillaboom\n|\n|upkeep\n|\n|t:|1771224934\n|switch|p1a: Raging Bolt|Raging Bolt|100/100\n|turn|4\n|\n|t:|1771224938\n|switch|p2a: Ferrothorn|Ferrothorn, M|100/100\n|move|p1a: Raging Bolt|Volt Switch|p2a: Ferrothorn\n|-resisted|p2a: Ferrothorn\n|-damage|p2a: Ferrothorn|73/100\n|\n|t:|1771224941\n|-end|p1a: Raging Bolt|Protosynthesis|[silent]\n|switch|p1a: Blaziken|Blaziken, M, shiny|100/100|[from] Volt Switch\n|\n|-heal|p2a: Ferrothorn|79/100|[from] Grassy Terrain\n|upkeep\n|turn|5\n|\n|t:|1771224946\n|move|p1a: Blaziken|Swords Dance|p1a: Blaziken\n|-boost|p1a: Blaziken|atk|2\n|move|p2a: Ferrothorn|Leech Seed|p1a: Blaziken\n|-start|p1a: Blaziken|move: Leech Seed\n|\n|-heal|p2a: Ferrothorn|85/100|[from] Grassy Terrain\n|-damage|p1a: Blaziken|88/100|[from] Leech Seed|[of] p2a: Ferrothorn\n|-heal|p2a: Ferrothorn|98/100|[silent]\n|-fieldend|move: Grassy Terrain\n|-ability|p1a: Blaziken|Speed Boost|boost\n|-boost|p1a: Blaziken|spe|1\n|upkeep\n|turn|6\n|\n|t:|1771224964\n|move|p1a: Blaziken|Swords Dance|p1a: Blaziken\n|-boost|p1a: Blaziken|atk|2\n|move|p2a: Ferrothorn|Power Whip|p1a: Blaziken\n|-resisted|p1a: Blaziken\n|-damage|p1a: Blaziken|60/100\n|\n|-heal|p1a: Blaziken|66/100|[from] item: Leftovers\n|-damage|p1a: Blaziken|54/100|[from] Leech Seed|[of] p2a: Ferrothorn\n|-heal|p2a: Ferrothorn|100/100|[silent]\n|-ability|p1a: Blaziken|Speed Boost|boost\n|-boost|p1a: Blaziken|spe|1\n|upkeep\n|turn|7\n|\n|t:|1771224970\n|move|p1a: Blaziken|Swords Dance|p1a: Blaziken\n|-boost|p1a: Blaziken|atk|2\n|move|p2a: Ferrothorn|Knock Off|p1a: Blaziken\n|-resisted|p1a: Blaziken\n|-damage|p1a: Blaziken|37/100\n|-enditem|p1a: Blaziken|Leftovers|[from] move: Knock Off|[of] p2a: Ferrothorn\n|\n|-damage|p1a: Blaziken|25/100|[from] Leech Seed|[of] p2a: Ferrothorn\n|-ability|p1a: Blaziken|Speed Boost|boost\n|-boost|p1a: Blaziken|spe|1\n|upkeep\n|turn|8\n|\n|t:|1771224975\n|move|p1a: Blaziken|Close Combat|p2a: Ferrothorn\n|-supereffective|p2a: Ferrothorn\n|-damage|p2a: Ferrothorn|0 fnt\n|-unboost|p1a: Blaziken|def|1\n|-unboost|p1a: Blaziken|spd|1\n|-damage|p1a: Blaziken|12/100|[from] ability: Iron Barbs|[of] p2a: Ferrothorn\n|-damage|p1a: Blaziken|0 fnt|[from] item: Rocky Helmet|[of] p2a: Ferrothorn\n|faint|p2a: Ferrothorn\n|faint|p1a: Blaziken\n|\n|upkeep\n|\n|t:|1771224985\n|switch|p1a: Raging Bolt|Raging Bolt|100/100\n|switch|p2a: Garchomp|Garchomp, F|100/100\n|turn|9\n|\n|t:|1771225000\n|move|p2a: Garchomp|Scale Shot|p1a: Raging Bolt\n|-supereffective|p1a: Raging Bolt\n|-damage|p1a: Raging Bolt|79/100\n|-supereffective|p1a: Raging Bolt\n|-damage|p1a: Raging Bolt|58/100\n|-supereffective|p1a: Raging Bolt\n|-damage|p1a: Raging Bolt|37/100\n|-supereffective|p1a: Raging Bolt\n|-damage|p1a: Raging Bolt|17/100\n|-supereffective|p1a: Raging Bolt\n|-damage|p1a: Raging Bolt|0 fnt\n|faint|p1a: Raging Bolt\n|-end|p1a: Raging Bolt|Protosynthesis|[silent]\n|-hitcount|p1: Raging Bolt|5\n|-unboost|p2a: Garchomp|def|1\n|-boost|p2a: Garchomp|spe|1\n|\n|upkeep\n|\n|t:|1771225006\n|switch|p1a: Alomomola|Alomomola, F|100/100\n|turn|10\n|\n|t:|1771225008\n|move|p2a: Garchomp|Stealth Rock|p1a: Alomomola\n|-sidestart|p1: Crsiu|move: Stealth Rock\n|move|p1a: Alomomola|Toxic|p2a: Garchomp\n|-status|p2a: Garchomp|tox\n|\n|-damage|p2a: Garchomp|94/100 tox|[from] psn\n|upkeep\n|turn|11\n|inactive|Battle timer is ON: inactive players will automatically lose when time's up. (requested by Conno2429)\n|inactive|Crsiu has 120 seconds left.\n|inactive|Crsiu has 90 seconds left.\n|inactive|Crsiu has 60 seconds left.\n|inactive|Crsiu has 30 seconds left.\n|inactive|Crsiu has 20 seconds left.\n|inactive|Crsiu has 15 seconds left.\n|inactive|Crsiu has 10 seconds left.\n|inactive|Crsiu has 5 seconds left.\n|-message|Crsiu lost due to inactivity.\n|\n|win|Conno2429\n|raw|Crsiu's rating: 1567 &rarr; <strong>1552</strong><br />(-15 for losing)\n|raw|Conno2429's rating: 1650 &rarr; <strong>1665</strong><br />(+15 for winning)\n|l|☆Conno2429\n|player|p2|\n", "uploadtime": 1771225443, "views": 8, "formatid": "gen9nationaldex", "rating": 1552, "private": 0, "password": null}