{"id": "gen9nationaldex-2540645945", "format": "[Gen 9] National Dex", "players": ["lh09", "yjw123"], "log": "|j|☆lh09\n|j|☆yjw123\n|t:|1771233390\n|gametype|singles\n|player|p1|lh09|hilbert|1542\n|player|p2|yjw123|102|1711\n|gen|9\n|tier|[Gen 9] National Dex\n|rated|\n|rule|HP Percentage Mod: HP is shown in percentages\n|rule|Endless Battle Clause: Forcing endless battles is banned\n|rule|Species Clause: Limit one of each Pokémon\n|rule|OHKO Clause: OHKO moves are banned\n|rule|Evasion Clause: Evasion abilities, items, and moves are banned\n|rule|Evasion Abilities Clause: Evasion abilities are banned\n|rule|Evasion Items Clause: Evasion items are banned\n|rule|Evasion Moves Clause: Evasion moves are banned\n|rule|Sleep Clause Mod: Limit one foe put to sleep\n|rule|Terastal Clause: You cannot Terastallize\n|clearpoke\n|poke|p1|Morpeko, M|\n|poke|p1|Terapagos, M|\n|poke|p1|Ting-Lu|\n|poke|p1|Charizard, M|\n|poke|p1|Alomomola, M|\n|poke|p1|Greninja-*, M|\n|poke|p2|Tapu Lele|\n|poke|p2|Urshifu-*, F|\n|poke|p2|Raging Bolt|\n|poke|p2|Empoleon, F|\n|poke|p2|Banette, M|\n|poke|p2|Landorus-Therian, M|\n|teampreview\n|inactive|Battle timer is ON: inactive players will automatically lose when time's up. (requested by lh09)\n|\n|t:|1771233404\n|teamsize|p1|6\n|teamsize|p2|6\n|start\n|switch|p1a: Charizard|Charizard, M|100/100\n|switch|p2a: Tapu Lele|Tapu Lele|100/100\n|-fieldstart|move: Psychic Terrain|[from] ability: Psychic Surge|[of] p2a: Tapu Lele\n|turn|1\n|\n|t:|1771233408\n|switch|p2a: Raging Bolt|Raging Bolt|100/100\n|detailschange|p1a: Charizard|Charizard-Mega-Y, M\n|-mega|p1a: Charizard|Charizard|Charizardite Y\n|-weather|SunnyDay|[from] ability: Drought|[of] p1a: Charizard\n|-activate|p2a: Raging Bolt|ability: Protosynthesis\n|-start|p2a: Raging Bolt|protosynthesisspa\n|move|p1a: Charizard|Weather Ball|p2a: Raging Bolt\n|-resisted|p2a: Raging Bolt\n|-damage|p2a: Raging Bolt|57/100\n|\n|-weather|SunnyDay|[upkeep]\n|upkeep\n|turn|2\n|\n|t:|1771233413\n|switch|p1a: Ting-Lu|Ting-Lu|100/100\n|-ability|p1a: Ting-Lu|Vessel of Ruin\n|move|p2a: Raging Bolt|Draco Meteor|p1a: Ting-Lu\n|-damage|p1a: Ting-Lu|40/100\n|-unboost|p2a: Raging Bolt|spa|2\n|\n|-weather|SunnyDay|[upkeep]\n|-heal|p1a: Ting-Lu|46/100|[from] item: Leftovers\n|upkeep\n|turn|3\n|\n|t:|1771233420\n|-end|p2a: Raging Bolt|Protosynthesis|[silent]\n|switch|p2a: Tapu Lele|Tapu Lele|100/100\n|move|p1a: Ting-Lu|Stealth Rock|p2a: Tapu Lele\n|-sidestart|p2: yjw123|move: Stealth Rock\n|\n|-weather|SunnyDay|[upkeep]\n|-heal|p1a: Ting-Lu|52/100|[from] item: Leftovers\n|upkeep\n|turn|4\n|\n|t:|1771233427\n|switch|p1a: Charizard|Charizard-Mega-Y, M|100/100\n|move|p2a: Tapu Lele|Moonblast|p1a: Charizard\n|-resisted|p1a: Charizard\n|-damage|p1a: Charizard|74/100\n|-unboost|p1a: Charizard|spa|1\n|\n|-weather|SunnyDay|[upkeep]\n|upkeep\n|turn|5\n|\n|t:|1771233438\n|move|p1a: Charizard|Weather Ball|p2a: Tapu Lele\n|-damage|p2a: Tapu Lele|35/100\n|-zpower|p2a: Tapu Lele\n|move|p2a: Tapu Lele|Shattered Psyche|p1a: Charizard|[zeffect]\n|-damage|p1a: Charizard|0 fnt\n|faint|p1a: Charizard\n|detailschange|p1: Charizard|Charizard, M|[silent]\n|\n|-weather|none\n|-fieldend|move: Psychic Terrain\n|upkeep\n|\n|t:|1771233445\n|switch|p1a: Morpeko|Morpeko, M|100/100\n|turn|6\n|\n|t:|1771233451\n|switch|p2a: Landorus|Landorus-Therian, M|100/100\n|-damage|p2a: Landorus|88/100|[from] Stealth Rock\n|-ability|p2a: Landorus|Intimidate|boost\n|-unboost|p1a: Morpeko|atk|1\n|move|p1a: Morpeko|Aura Wheel|p2a: Landorus\n|-immune|p2a: Landorus\n|\n|-formechange|p1a: Morpeko|Morpeko-Hangry||[from] ability: Hunger Switch\n|upkeep\n|turn|7\n|\n|t:|1771233460\n|move|p1a: Morpeko|Aura Wheel|p2a: Landorus\n|-damage|p2a: Landorus|63/100\n|-boost|p1a: Morpeko|spe|1\n|move|p2a: Landorus|U-turn|p1a: Morpeko\n|-supereffective|p1a: Morpeko\n|-damage|p1a: Morpeko|3/100\n|\n|t:|1771233466\n|switch|p2a: Banette|Banette, M|100/100|[from] U-turn\n|-damage|p2a: Banette|88/100|[from] Stealth Rock\n|\n|-formechange|p1a: Morpeko|Morpeko||[from] ability: Hunger Switch\n|upkeep\n|turn|8\n|\n|t:|1771233474\n|detailschange|p2a: Banette|Banette-Mega, M\n|-mega|p2a: Banette|Banette|Banettite\n|move|p2a: Banette|Shadow Sneak|p1a: Morpeko\n|-resisted|p1a: Morpeko\n|-damage|p1a: Morpeko|0 fnt\n|faint|p1a: Morpeko\n|\n|upkeep\n|\n|t:|1771233489\n|switch|p1a: Greninja|Greninja, M|100/100\n|turn|9\n|\n|t:|1771233499\n|move|p2a: Banette|Destiny Bond|p2a: Banette\n|-singlemove|p2a: Banette|Destiny Bond\n|move|p1a: Greninja|Dark Pulse|p2a: Banette\n|-supereffective|p2a: Banette\n|-damage|p2a: Banette|3/100\n|\n|upkeep\n|turn|10\n|\n|t:|1771233503\n|switch|p1a: Alomomola|Alomomola, M|100/100\n|move|p2a: Banette|Poltergeist|p1a: Alomomola|[miss]\n|-miss|p2a: Banette|p1a: Alomomola\n|\n|upkeep\n|turn|11\n|\n|t:|1771233508\n|move|p2a: Banette|Destiny Bond|p2a: Banette\n|-singlemove|p2a: Banette|Destiny Bond\n|move|p1a: Alomomola|Toxic|p2a: Banette\n|-status|p2a: Banette|tox\n|\n|-damage|p2a: Banette|0 fnt|[from] psn\n|faint|p2a: Banette\n|detailschange|p2: Banette|Banette, M|[silent]\n|upkeep\n|\n|t:|1771233516\n|switch|p2a: Raging Bolt|Raging Bolt|57/100\n|-damage|p2a: Raging Bolt|45/100|[from] Stealth Rock\n|turn|12\n|\n|t:|1771233520\n|move|p1a: Alomomola|Protect|p1a: Alomomola\n|-singleturn|p1a: Alomomola|Protect\n|move|p2a: Raging Bolt|Draco Meteor|p1a: Alomomola\n|-activate|p1a: Alomomola|move: Protect\n|\n|upkeep\n|turn|13\n|\n|t:|1771233522\n|switch|p1a: Ting-Lu|Ting-Lu|52/100\n|-ability|p1a: Ting-Lu|Vessel of Ruin\n|move|p2a: Raging Bolt|Draco Meteor|p1a: Ting-Lu\n|-damage|p1a: Ting-Lu|0 fnt\n|-unboost|p2a: Raging Bolt|spa|2\n|faint|p1a: Ting-Lu\n|\n|upkeep\n|\n|t:|1771233534\n|switch|p1a: Terapagos|Terapagos, M|100/100\n|-activate|p1a: Terapagos|ability: Tera Shift\n|detailschange|p1a: Terapagos|Terapagos-Terastal, M\n|-heal|p1a: Terapagos|100/100|[silent]\n|turn|14\n|\n|t:|1771233537\n|-end|p2a: Raging Bolt|Protosynthesis|[silent]\n|switch|p2a: Empoleon|Empoleon, F|100/100\n|-damage|p2a: Empoleon|94/100|[from] Stealth Rock\n|move|p1a: Terapagos|Rapid Spin|p2a: Empoleon\n|-resisted|p2a: Empoleon\n|-damage|p2a: Empoleon|87/100\n|-boost|p1a: Terapagos|spe|1\n|\n|upkeep\n|turn|15\n|\n|t:|1771233542\n|move|p1a: Terapagos|Earth Power|p2a: Empoleon\n|-supereffective|p2a: Empoleon\n|-damage|p2a: Empoleon|48/100\n|-enditem|p2a: Empoleon|Sitrus Berry|[eat]\n|-heal|p2a: Empoleon|73/100|[from] item: Sitrus Berry\n|move|p2a: Empoleon|Flash Cannon|p1a: Terapagos\n|-activate|p1a: Terapagos|ability: Tera Shell\n|-resisted|p1a: Terapagos\n|-damage|p1a: Terapagos|87/100\n|-unboost|p1a: Terapagos|spd|1\n|\n|upkeep\n|turn|16\n|\n|t:|1771233551\n|move|p1a: Terapagos|Earth Power|p2a: Empoleon\n|-supereffective|p2a: Empoleon\n|-damage|p2a: Empoleon|34/100\n|move|p2a: Empoleon|Roar|p1a: Terapagos\n|drag|p1a: Alomomola|Alomomola, M|100/100\n|\n|upkeep\n|turn|17\n|\n|t:|1771233561\n|move|p2a: Empoleon|Roost|p2a: Empoleon\n|-heal|p2a: Empoleon|84/100\n|-singleturn|p2a: Empoleon|move: Roost\n|move|p1a: Alomomola|Flip Turn|p2a: Empoleon\n|-resisted|p2a: Empoleon\n|-damage|p2a: Empoleon|76/100\n|\n|t:|1771233564\n|switch|p1a: Terapagos|Terapagos-Terastal, M|87/100|[from] Flip Turn\n|\n|upkeep\n|turn|18\n|\n|t:|1771233568\n|move|p1a: Terapagos|Earth Power|p2a: Empoleon\n|-supereffective|p2a: Empoleon\n|-damage|p2a: Empoleon|38/100\n|move|p2a: Empoleon|Flash Cannon|p1a: Terapagos\n|-damage|p1a: Terapagos|59/100\n|\n|upkeep\n|turn|19\n|\n|t:|1771233574\n|move|p1a: Terapagos|Earth Power|p2a: Empoleon\n|-supereffective|p2a: Empoleon\n|-damage|p2a: Empoleon|1/100\n|move|p2a: Empoleon|Flash Cannon|p1a: Terapagos\n|-damage|p1a: Terapagos|29/100\n|\n|upkeep\n|turn|20\n|\n|t:|1771233577\n|move|p1a: Terapagos|Rapid Spin|p2a: Empoleon\n|-resisted|p2a: Empoleon\n|-damage|p2a: Empoleon|0 fnt\n|-boost|p1a: Terapagos|spe|1\n|faint|p2a: Empoleon\n|\n|upkeep\n|\n|t:|1771233580\n|switch|p2a: Urshifu|Urshifu-Rapid-Strike, F|100/100\n|-damage|p2a: Urshifu|94/100|[from] Stealth Rock\n|turn|21\n|\n|t:|1771233584\n|switch|p1a: Alomomola|Alomomola, M|100/100\n|move|p2a: Urshifu|Close Combat|p1a: Alomomola\n|-damage|p1a: Alomomola|70/100\n|-unboost|p2a: Urshifu|def|1\n|-unboost|p2a: Urshifu|spd|1\n|\n|-heal|p1a: Alomomola|76/100|[from] item: Leftovers\n|upkeep\n|turn|22\n|\n|t:|1771233591\n|switch|p2a: Landorus|Landorus-Therian, M|63/100\n|-damage|p2a: Landorus|51/100|[from] Stealth Rock\n|-ability|p2a: Landorus|Intimidate|boost\n|-unboost|p1a: Alomomola|atk|1\n|move|p1a: Alomomola|Toxic|p2a: Landorus\n|-status|p2a: Landorus|tox\n|\n|-heal|p1a: Alomomola|82/100|[from] item: Leftovers\n|-damage|p2a: Landorus|45/100 tox|[from] psn\n|upkeep\n|turn|23\n|\n|t:|1771233598\n|move|p1a: Alomomola|Protect|p1a: Alomomola\n|-singleturn|p1a: Alomomola|Protect\n|move|p2a: Landorus|Stealth Rock|p1a: Alomomola\n|-sidestart|p1: lh09|move: Stealth Rock\n|\n|-heal|p1a: Alomomola|89/100|[from] item: Leftovers\n|-damage|p2a: Landorus|33/100 tox|[from] psn\n|upkeep\n|turn|24\n|\n|t:|1771233601\n|move|p2a: Landorus|Earth Power|p1a: Alomomola\n|-damage|p1a: Alomomola|50/100\n|move|p1a: Alomomola|Wish|p1a: Alomomola\n|\n|-heal|p1a: Alomomola|56/100|[from] item: Leftovers\n|-damage|p2a: Landorus|15/100 tox|[from] psn\n|upkeep\n|turn|25\n|\n|t:|1771233608\n|switch|p2a: Raging Bolt|Raging Bolt|45/100\n|-damage|p2a: Raging Bolt|33/100|[from] Stealth Rock\n|move|p1a: Alomomola|Protect||[still]\n|-fail|p1a: Alomomola\n|\n|-heal|p1a: Alomomola|100/100|[from] move: Wish|[wisher] Alomomola\n|upkeep\n|turn|26\n|\n|t:|1771233612\n|move|p1a: Alomomola|Protect|p1a: Alomomola\n|-singleturn|p1a: Alomomola|Protect\n|move|p2a: Raging Bolt|Volt Switch|p1a: Alomomola\n|-activate|p1a: Alomomola|move: Protect\n|\n|upkeep\n|turn|27\n|\n|t:|1771233619\n|move|p2a: Raging Bolt|Volt Switch|p1a: Alomomola\n|-supereffective|p1a: Alomomola\n|-damage|p1a: Alomomola|0 fnt\n|faint|p1a: Alomomola\n|\n|t:|1771233622\n|-end|p2a: Raging Bolt|Protosynthesis|[silent]\n|switch|p2a: Urshifu|Urshifu-Rapid-Strike, F|94/100|[from] Volt Switch\n|-damage|p2a: Urshifu|88/100|[from] Stealth Rock\n|\n|upkeep\n|\n|t:|1771233632\n|switch|p1a: Terapagos|Terapagos-Terastal, M|29/100\n|turn|28\n|\n|t:|1771233635\n|move|p2a: Urshifu|Close Combat|p1a: Terapagos\n|-supereffective|p1a: Terapagos\n|-damage|p1a: Terapagos|0 fnt\n|-unboost|p2a: Urshifu|def|1\n|-unboost|p2a: Urshifu|spd|1\n|faint|p1a: Terapagos\n|\n|upkeep\n|\n|t:|1771233637\n|switch|p1a: Greninja|Greninja, M|100/100\n|-damage|p1a: Greninja|88/100|[from] Stealth Rock\n|turn|29\n|\n|t:|1771233639\n|move|p2a: Urshifu|Close Combat|p1a: Greninja\n|-supereffective|p1a: Greninja\n|-damage|p1a: Greninja|0 fnt\n|-unboost|p2a: Urshifu|def|1\n|-unboost|p2a: Urshifu|spd|1\n|faint|p1a: Greninja\n|\n|win|yjw123\n|raw|lh09's rating: 1542 &rarr; <strong>1531</strong><br />(-11 for losing)\n|raw|yjw123's rating: 1711 &rarr; <strong>1722</strong><br />(+11 for winning)\n|l|☆lh09\n|player|p1|\n|l|☆yjw123\n|player|p2|\n", "uploadtime": 1771233909, "views": 10, "formatid": "gen9nationaldex", "rating": 1531, "private": 0, "password": null}