{"id": "gen9nationaldex-2540839258", "format": "[Gen 9] National Dex", "players": ["Clangviction", "BiuJJ"], "log": "|j|☆Clangviction\n|j|☆BiuJJ\n|t:|1771259364\n|gametype|singles\n|player|p1|Clangviction|hilda|1747\n|player|p2|BiuJJ|266|1749\n|gen|9\n|tier|[Gen 9] National Dex\n|rated|\n|rule|HP Percentage Mod: HP is shown in percentages\n|rule|Endless Battle Clause: Forcing endless battles is banned\n|rule|Species Clause: Limit one of each Pokémon\n|rule|OHKO Clause: OHKO moves are banned\n|rule|Evasion Clause: Evasion abilities, items, and moves are banned\n|rule|Evasion Abilities Clause: Evasion abilities are banned\n|rule|Evasion Items Clause: Evasion items are banned\n|rule|Evasion Moves Clause: Evasion moves are banned\n|rule|Sleep Clause Mod: Limit one foe put to sleep\n|rule|Terastal Clause: You cannot Terastallize\n|clearpoke\n|poke|p1|Volcarona, F|\n|poke|p1|Beedrill, F|\n|poke|p1|Zapdos|\n|poke|p1|Great Tusk|\n|poke|p1|Tapu Lele|\n|poke|p1|Samurott-Hisui, F|\n|poke|p2|Mimikyu, M|\n|poke|p2|Cresselia, F|\n|poke|p2|Samurott-Hisui, M|\n|poke|p2|Sinistcha|\n|poke|p2|Carbink, L1|\n|poke|p2|Mawile, F|\n|teampreview\n|\n|t:|1771259368\n|teamsize|p1|6\n|teamsize|p2|6\n|start\n|switch|p1a: Zapdos|Zapdos|100/100\n|switch|p2a: SimplePawn|Carbink, L1|100/100\n|turn|1\n|inactive|Battle timer is ON: inactive players will automatically lose when time's up. (requested by Clangviction)\n|\n|t:|1771259376\n|move|p1a: Zapdos|Volt Switch|p2a: SimplePawn\n|-ability|p2a: SimplePawn|Sturdy\n|-damage|p2a: SimplePawn|9/100\n|\n|t:|1771259384\n|switch|p1a: Samurott|Samurott-Hisui, F|100/100|[from] Volt Switch\n|move|p2a: SimplePawn|Trick Room|p2a: SimplePawn\n|-fieldstart|move: Trick Room|[of] p2a: SimplePawn\n|\n|upkeep\n|turn|2\n|\n|t:|1771259392\n|move|p2a: SimplePawn|Stealth Rock|p1a: Samurott\n|-sidestart|p1: Clangviction|move: Stealth Rock\n|move|p1a: Samurott|Ceaseless Edge|p2a: SimplePawn\n|-resisted|p2a: SimplePawn\n|-damage|p2a: SimplePawn|0 fnt\n|-sidestart|p2: BiuJJ|Spikes\n|faint|p2a: SimplePawn\n|\n|upkeep\n|\n|t:|1771259400\n|switch|p2a: MadQueen|Mawile, F|100/100\n|-damage|p2a: MadQueen|88/100|[from] Spikes\n|-ability|p2a: MadQueen|Intimidate|boost\n|-unboost|p1a: Samurott|atk|1\n|turn|3\n|\n|t:|1771259408\n|switch|p1a: Zapdos|Zapdos|100/100\n|detailschange|p2a: MadQueen|Mawile-Mega, F\n|-mega|p2a: MadQueen|Mawile|Mawilite\n|move|p2a: MadQueen|Swords Dance|p2a: MadQueen\n|-boost|p2a: MadQueen|atk|2\n|\n|upkeep\n|turn|4\n|\n|t:|1771259411\n|move|p2a: MadQueen|Play Rough|p1a: Zapdos\n|-damage|p1a: Zapdos|0 fnt\n|faint|p1a: Zapdos\n|\n|upkeep\n|\n|t:|1771259436\n|switch|p1a: Volcarona|Volcarona, F|100/100\n|turn|5\n|\n|t:|1771259440\n|switch|p1a: Great Tusk|Great Tusk|100/100\n|-damage|p1a: Great Tusk|98/100|[from] Stealth Rock\n|-enditem|p1a: Great Tusk|Booster Energy\n|-activate|p1a: Great Tusk|ability: Protosynthesis|[fromitem]\n|-start|p1a: Great Tusk|protosynthesisatk\n|move|p2a: MadQueen|Thunder Punch|p1a: Great Tusk\n|-immune|p1a: Great Tusk\n|\n|-fieldend|move: Trick Room\n|upkeep\n|turn|6\n|\n|t:|1771259448\n|switch|p2a: MimiKing|Mimikyu, M|100/100\n|-damage|p2a: MimiKing|88/100|[from] Spikes\n|move|p1a: Great Tusk|Rapid Spin|p2a: MimiKing\n|-immune|p2a: MimiKing\n|\n|upkeep\n|turn|7\n|\n|t:|1771259459\n|move|p1a: Great Tusk|Ice Spinner|p2a: MimiKing\n|-activate|p2a: MimiKing|ability: Disguise\n|-damage|p2a: MimiKing|88/100\n|detailschange|p2a: MimiKing|Mimikyu-Busted, M\n|-damage|p2a: MimiKing|76/100|[from] pokemon: Mimikyu-Busted\n|-enditem|p2a: MimiKing|Red Card|[of] p1a: Great Tusk\n|-end|p1a: Great Tusk|Protosynthesis|[silent]\n|drag|p1a: Tapu Lele|Tapu Lele|100/100\n|-damage|p1a: Tapu Lele|88/100|[from] Stealth Rock\n|-fieldstart|move: Psychic Terrain|[from] ability: Psychic Surge|[of] p1a: Tapu Lele\n|move|p2a: MimiKing|Trick Room|p2a: MimiKing\n|-fieldstart|move: Trick Room|[of] p2a: MimiKing\n|\n|upkeep\n|turn|8\n|\n|t:|1771259470\n|switch|p1a: Great Tusk|Great Tusk|98/100\n|-damage|p1a: Great Tusk|95/100|[from] Stealth Rock\n|move|p2a: MimiKing|Curse|p1a: Great Tusk\n|-start|p1a: Great Tusk|Curse|[of] p2a: MimiKing\n|-damage|p2a: MimiKing|26/100\n|\n|-damage|p1a: Great Tusk|70/100|[from] Curse\n|upkeep\n|turn|9\n|\n|t:|1771259482\n|-end|p1a: Great Tusk|Protosynthesis|[silent]\n|switch|p1a: Tapu Lele|Tapu Lele|88/100\n|-damage|p1a: Tapu Lele|76/100|[from] Stealth Rock\n|move|p2a: MimiKing|Play Rough|p1a: Tapu Lele|[miss]\n|-miss|p2a: MimiKing|p1a: Tapu Lele\n|\n|upkeep\n|turn|10\n|\n|t:|1771259491\n|switch|p1a: Great Tusk|Great Tusk|70/100\n|-damage|p1a: Great Tusk|67/100|[from] Stealth Rock\n|move|p2a: MimiKing|Play Rough|p1a: Great Tusk|[miss]\n|-miss|p2a: MimiKing|p1a: Great Tusk\n|\n|upkeep\n|turn|11\n|c|☆Clangviction|f\n|\n|t:|1771259501\n|move|p2a: MimiKing|Play Rough|p1a: Great Tusk\n|-supereffective|p1a: Great Tusk\n|-damage|p1a: Great Tusk|18/100\n|move|p1a: Great Tusk|Headlong Rush|p2a: MimiKing\n|-damage|p2a: MimiKing|0 fnt\n|-unboost|p1a: Great Tusk|def|1\n|-unboost|p1a: Great Tusk|spd|1\n|faint|p2a: MimiKing\n|\n|-fieldend|move: Trick Room\n|-fieldend|move: Psychic Terrain\n|upkeep\n|\n|t:|1771259512\n|switch|p2a: TeaShop|Sinistcha|100/100\n|-damage|p2a: TeaShop|88/100|[from] Spikes\n|turn|12\n|\n|t:|1771259516\n|-end|p1a: Great Tusk|Protosynthesis|[silent]\n|switch|p1a: Samurott|Samurott-Hisui, F|100/100\n|-damage|p1a: Samurott|88/100|[from] Stealth Rock\n|switch|p2a: HealTower|Cresselia, F|100/100\n|\n|upkeep\n|turn|13\n|\n|t:|1771259522\n|switch|p2a: MadQueen|Mawile-Mega, F|88/100\n|-damage|p2a: MadQueen|76/100|[from] Spikes\n|move|p1a: Samurott|Taunt|p2a: MadQueen\n|-start|p2a: MadQueen|move: Taunt\n|\n|upkeep\n|turn|14\n|\n|t:|1771259528\n|switch|p1a: Great Tusk|Great Tusk|18/100\n|-damage|p1a: Great Tusk|15/100|[from] Stealth Rock\n|move|p2a: MadQueen|Play Rough|p1a: Great Tusk\n|-supereffective|p1a: Great Tusk\n|-damage|p1a: Great Tusk|0 fnt\n|faint|p1a: Great Tusk\n|-end|p1a: Great Tusk|Protosynthesis|[silent]\n|\n|upkeep\n|\n|t:|1771259530\n|switch|p1a: Volcarona|Volcarona, F|100/100\n|turn|15\n|\n|t:|1771259537\n|move|p1a: Volcarona|Fiery Dance|p2a: MadQueen\n|-supereffective|p2a: MadQueen\n|-damage|p2a: MadQueen|0 fnt\n|faint|p2a: MadQueen\n|detailschange|p2: MadQueen|Mawile, F|[silent]\n|\n|upkeep\n|\n|t:|1771259541\n|switch|p2a: StacheKnight|Samurott-Hisui, M|100/100\n|-damage|p2a: StacheKnight|88/100|[from] Spikes\n|turn|16\n|\n|t:|1771259545\n|move|p1a: Volcarona|Bug Buzz|p2a: StacheKnight\n|-supereffective|p2a: StacheKnight\n|-damage|p2a: StacheKnight|0 fnt\n|faint|p2a: StacheKnight\n|\n|upkeep\n|\n|t:|1771259552\n|switch|p2a: TeaShop|Sinistcha|88/100\n|-damage|p2a: TeaShop|76/100|[from] Spikes\n|turn|17\n|\n|t:|1771259559\n|move|p1a: Volcarona|Fiery Dance|p2a: TeaShop\n|-supereffective|p2a: TeaShop\n|-damage|p2a: TeaShop|18/100\n|-boost|p1a: Volcarona|spa|1\n|move|p2a: TeaShop|Trick Room|p2a: TeaShop\n|-fieldstart|move: Trick Room|[of] p2a: TeaShop\n|\n|upkeep\n|turn|18\n|\n|t:|1771259564\n|-zpower|p2a: TeaShop\n|move|p2a: TeaShop|Never-Ending Nightmare|p1a: Volcarona|[zeffect]\n|-damage|p1a: Volcarona|3/100\n|move|p1a: Volcarona|Quiver Dance|p1a: Volcarona\n|-boost|p1a: Volcarona|spa|1\n|-boost|p1a: Volcarona|spd|1\n|-boost|p1a: Volcarona|spe|1\n|\n|upkeep\n|turn|19\n|\n|t:|1771259578\n|move|p2a: TeaShop|Shadow Ball|p1a: Volcarona\n|-damage|p1a: Volcarona|0 fnt\n|faint|p1a: Volcarona\n|\n|upkeep\n|\n|t:|1771259582\n|switch|p1a: Tapu Lele|Tapu Lele|76/100\n|-damage|p1a: Tapu Lele|63/100|[from] Stealth Rock\n|-fieldstart|move: Psychic Terrain|[from] ability: Psychic Surge|[of] p1a: Tapu Lele\n|turn|20\n|\n|t:|1771259586\n|move|p2a: TeaShop|Shadow Ball|p1a: Tapu Lele\n|-supereffective|p1a: Tapu Lele\n|-damage|p1a: Tapu Lele|0 fnt\n|faint|p1a: Tapu Lele\n|\n|upkeep\n|\n|t:|1771259589\n|switch|p1a: Samurott|Samurott-Hisui, F|88/100\n|-damage|p1a: Samurott|76/100|[from] Stealth Rock\n|turn|21\n|\n|t:|1771259593\n|move|p2a: TeaShop|Matcha Gotcha|p1a: Samurott\n|-supereffective|p1a: Samurott\n|-damage|p1a: Samurott|0 fnt\n|-heal|p2a: TeaShop|53/100|[from] drain|[of] p1a: Samurott\n|faint|p1a: Samurott\n|\n|-fieldend|move: Trick Room\n|upkeep\n|\n|t:|1771259595\n|switch|p1a: Beedrill|Beedrill, F|100/100\n|-damage|p1a: Beedrill|76/100|[from] Stealth Rock\n|turn|22\n|\n|t:|1771259599\n|switch|p2a: HealTower|Cresselia, F|100/100\n|detailschange|p1a: Beedrill|Beedrill-Mega, F\n|-mega|p1a: Beedrill|Beedrill|Beedrillite\n|move|p1a: Beedrill|Knock Off|p2a: HealTower\n|-supereffective|p2a: HealTower\n|-damage|p2a: HealTower|60/100\n|-damage|p1a: Beedrill|59/100|[from] item: Rocky Helmet|[of] p2a: HealTower\n|-enditem|p2a: HealTower|Rocky Helmet|[from] move: Knock Off|[of] p1a: Beedrill\n|\n|upkeep\n|turn|23\n|\n|t:|1771259604\n|move|p1a: Beedrill|U-turn|p2a: HealTower\n|-supereffective|p2a: HealTower\n|-damage|p2a: HealTower|7/100\n|move|p2a: HealTower|Trick Room|p2a: HealTower\n|-fieldstart|move: Trick Room|[of] p2a: HealTower\n|\n|upkeep\n|turn|24\n|\n|t:|1771259607\n|move|p2a: HealTower|Lunar Dance|p2a: HealTower\n|faint|p2a: HealTower\n|move|p1a: Beedrill|Knock Off|p2: HealTower|[notarget]\n|-fail|p1a: Beedrill\n|\n|-fieldend|move: Psychic Terrain\n|upkeep\n|\n|t:|1771259614\n|switch|p2a: TeaShop|Sinistcha|53/100\n|-heal|p2a: TeaShop|100/100|[from] move: Lunar Dance\n|-damage|p2a: TeaShop|88/100|[from] Spikes\n|turn|25\n|\n|t:|1771259618\n|move|p2a: TeaShop|Shadow Ball|p1a: Beedrill\n|-damage|p1a: Beedrill|0 fnt\n|faint|p1a: Beedrill\n|detailschange|p1: Beedrill|Beedrill, F|[silent]\n|\n|win|BiuJJ\n|raw|Clangviction's rating: 1747 &rarr; <strong>1727</strong><br />(-20 for losing)\n|raw|BiuJJ's rating: 1749 &rarr; <strong>1769</strong><br />(+20 for winning)\n|l|☆Clangviction\n|player|p1|\n|l|☆BiuJJ\n|player|p2|\n", "uploadtime": 1771259856, "views": 4, "formatid": "gen9nationaldex", "rating": 1727, "private": 0, "password": null}