{"id": "gen9nationaldex-2540307056", "format": "[Gen 9] National Dex", "players": ["Cerberus 17", "lepooker"], "log": "|j|☆Cerberus 17\n|j|☆lepooker\n|t:|1771186949\n|gametype|singles\n|player|p1|Cerberus 17|cynthia-gen4|1661\n|player|p2|lepooker|giovanni|1616\n|gen|9\n|tier|[Gen 9] National Dex\n|rated|\n|rule|HP Percentage Mod: HP is shown in percentages\n|rule|Endless Battle Clause: Forcing endless battles is banned\n|rule|Species Clause: Limit one of each Pokémon\n|rule|OHKO Clause: OHKO moves are banned\n|rule|Evasion Clause: Evasion abilities, items, and moves are banned\n|rule|Evasion Abilities Clause: Evasion abilities are banned\n|rule|Evasion Items Clause: Evasion items are banned\n|rule|Evasion Moves Clause: Evasion moves are banned\n|rule|Sleep Clause Mod: Limit one foe put to sleep\n|rule|Terastal Clause: You cannot Terastallize\n|clearpoke\n|poke|p1|Tyranitar, F|\n|poke|p1|Kartana|\n|poke|p1|Diancie|\n|poke|p1|Excadrill, F|\n|poke|p1|Sinistcha-Masterpiece|\n|poke|p1|Kommo-o, F|\n|poke|p2|Mamoswine, M|\n|poke|p2|Cinderace, M|\n|poke|p2|Raging Bolt|\n|poke|p2|Zamazenta-*|\n|poke|p2|Enamorus-Therian, F|\n|poke|p2|Kingambit, F|\n|teampreview\n|inactive|Battle timer is ON: inactive players will automatically lose when time's up. (requested by Cerberus 17)\n|\n|t:|1771186956\n|teamsize|p1|6\n|teamsize|p2|6\n|start\n|switch|p1a: Excadrill|Excadrill, F|100/100\n|switch|p2a: Mamoswine|Mamoswine, M|100/100\n|turn|1\n|\n|t:|1771186972\n|switch|p1a: Diancie|Diancie|100/100\n|move|p2a: Mamoswine|Earthquake|p1a: Diancie\n|-supereffective|p1a: Diancie\n|-damage|p1a: Diancie|0 fnt\n|faint|p1a: Diancie\n|\n|upkeep\n|\n|t:|1771186980\n|switch|p1a: Sinistcha|Sinistcha-Masterpiece|100/100\n|turn|2\n|\n|t:|1771186987\n|move|p2a: Mamoswine|Icicle Crash|p1a: Sinistcha\n|-supereffective|p1a: Sinistcha\n|-crit|p1a: Sinistcha\n|-damage|p1a: Sinistcha|8/100\n|cant|p1a: Sinistcha|flinch\n|\n|-heal|p1a: Sinistcha|14/100|[from] item: Leftovers\n|upkeep\n|turn|3\n|\n|t:|1771186998\n|switch|p1a: Kartana|Kartana|100/100\n|move|p2a: Mamoswine|Ice Shard|p1a: Kartana\n|-damage|p1a: Kartana|76/100\n|\n|upkeep\n|turn|4\n|\n|t:|1771187004\n|move|p1a: Kartana|Leaf Blade|p2a: Mamoswine\n|-supereffective|p2a: Mamoswine\n|-enditem|p2a: Mamoswine|Focus Sash\n|-damage|p2a: Mamoswine|1/100\n|move|p2a: Mamoswine|Earthquake|p1a: Kartana\n|-damage|p1a: Kartana|17/100\n|\n|upkeep\n|turn|5\n|\n|t:|1771187012\n|switch|p1a: Excadrill|Excadrill, F|100/100\n|move|p2a: Mamoswine|Ice Shard|p1a: Excadrill\n|-damage|p1a: Excadrill|69/100\n|\n|upkeep\n|turn|6\n|\n|t:|1771187016\n|move|p1a: Excadrill|Iron Head|p2a: Mamoswine\n|-supereffective|p2a: Mamoswine\n|-damage|p2a: Mamoswine|0 fnt\n|faint|p2a: Mamoswine\n|\n|upkeep\n|\n|t:|1771187020\n|switch|p2a: Cinderace|Cinderace, M|100/100\n|turn|7\n|\n|t:|1771187024\n|switch|p1a: Tyranitar|Tyranitar, F|100/100\n|-weather|Sandstorm|[from] ability: Sand Stream|[of] p1a: Tyranitar\n|move|p2a: Cinderace|Pyro Ball|p1a: Tyranitar\n|-resisted|p1a: Tyranitar\n|-damage|p1a: Tyranitar|78/100\n|-status|p1a: Tyranitar|brn\n|\n|-weather|Sandstorm|[upkeep]\n|-damage|p2a: Cinderace|95/100|[from] Sandstorm\n|-damage|p1a: Tyranitar|72/100 brn|[from] brn\n|upkeep\n|turn|8\n|\n|t:|1771187030\n|move|p2a: Cinderace|High Jump Kick|p1a: Tyranitar\n|-start|p2a: Cinderace|typechange|Fighting|[from] ability: Libero\n|-supereffective|p1a: Tyranitar\n|-damage|p1a: Tyranitar|0 fnt\n|faint|p1a: Tyranitar\n|\n|-weather|Sandstorm|[upkeep]\n|-damage|p2a: Cinderace|89/100|[from] Sandstorm\n|upkeep\n|\n|t:|1771187036\n|switch|p1a: Kommo-o|Kommo-o, F|100/100\n|turn|9\n|\n|t:|1771187046\n|switch|p2a: Raging Bolt|Raging Bolt|100/100\n|-enditem|p2a: Raging Bolt|Booster Energy\n|-activate|p2a: Raging Bolt|ability: Protosynthesis|[fromitem]\n|-start|p2a: Raging Bolt|protosynthesisspa\n|move|p1a: Kommo-o|Poison Jab|p2a: Raging Bolt\n|-damage|p2a: Raging Bolt|82/100\n|\n|-weather|Sandstorm|[upkeep]\n|-damage|p1a: Kommo-o|94/100|[from] Sandstorm\n|-damage|p2a: Raging Bolt|76/100|[from] Sandstorm\n|upkeep\n|turn|10\n|\n|t:|1771187054\n|-zpower|p1a: Kommo-o\n|move|p1a: Kommo-o|Clangorous Soulblaze|p2a: Raging Bolt|[zeffect]\n|-supereffective|p2a: Raging Bolt\n|-damage|p2a: Raging Bolt|0 fnt\n|faint|p2a: Raging Bolt\n|-end|p2a: Raging Bolt|Protosynthesis|[silent]\n|-boost|p1a: Kommo-o|atk|1\n|-boost|p1a: Kommo-o|def|1\n|-boost|p1a: Kommo-o|spa|1\n|-boost|p1a: Kommo-o|spd|1\n|-boost|p1a: Kommo-o|spe|1\n|\n|-weather|Sandstorm|[upkeep]\n|-damage|p1a: Kommo-o|88/100|[from] Sandstorm\n|upkeep\n|c|☆lepooker|wrong mon\n|\n|t:|1771187064\n|switch|p2a: Enamorus|Enamorus-Therian, F|100/100\n|turn|11\n|\n|t:|1771187069\n|move|p1a: Kommo-o|Poison Jab|p2a: Enamorus\n|-supereffective|p2a: Enamorus\n|-damage|p2a: Enamorus|54/100\n|move|p2a: Enamorus|Draining Kiss|p1a: Kommo-o\n|-supereffective|p1a: Kommo-o\n|-damage|p1a: Kommo-o|8/100\n|-heal|p2a: Enamorus|100/100|[from] drain|[of] p1a: Kommo-o\n|\n|-weather|Sandstorm|[upkeep]\n|-damage|p1a: Kommo-o|2/100|[from] Sandstorm\n|upkeep\n|turn|12\n|\n|t:|1771187076\n|move|p1a: Kommo-o|Poison Jab|p2a: Enamorus\n|-supereffective|p2a: Enamorus\n|-damage|p2a: Enamorus|54/100\n|-status|p2a: Enamorus|psn\n|move|p2a: Enamorus|Draining Kiss|p1a: Kommo-o\n|-supereffective|p1a: Kommo-o\n|-damage|p1a: Kommo-o|0 fnt\n|-heal|p2a: Enamorus|55/100 psn|[from] drain|[of] p1a: Kommo-o\n|faint|p1a: Kommo-o\n|\n|-weather|Sandstorm|[upkeep]\n|-heal|p2a: Enamorus|61/100 psn|[from] item: Leftovers\n|-damage|p2a: Enamorus|49/100 psn|[from] psn\n|upkeep\n|\n|t:|1771187096\n|switch|p1a: Excadrill|Excadrill, F|69/100\n|turn|13\n|\n|t:|1771187102\n|move|p1a: Excadrill|Earthquake|p2a: Enamorus\n|-immune|p2a: Enamorus\n|move|p2a: Enamorus|Earth Power|p1a: Excadrill\n|-supereffective|p1a: Excadrill\n|-damage|p1a: Excadrill|0 fnt\n|faint|p1a: Excadrill\n|\n|-weather|Sandstorm|[upkeep]\n|-heal|p2a: Enamorus|55/100 psn|[from] item: Leftovers\n|-damage|p2a: Enamorus|43/100 psn|[from] psn\n|upkeep\n|\n|t:|1771187105\n|switch|p1a: Kartana|Kartana|17/100\n|turn|14\n|\n|t:|1771187116\n|move|p1a: Kartana|Smart Strike|p2a: Enamorus\n|-supereffective|p2a: Enamorus\n|-damage|p2a: Enamorus|0 fnt\n|faint|p2a: Enamorus\n|-ability|p1a: Kartana|Beast Boost|boost\n|-boost|p1a: Kartana|atk|1\n|\n|-weather|none\n|upkeep\n|\n|t:|1771187119\n|switch|p2a: Zamazenta|Zamazenta|100/100\n|-ability|p2a: Zamazenta|Dauntless Shield|boost\n|-boost|p2a: Zamazenta|def|1\n|turn|15\n|\n|t:|1771187124\n|move|p1a: Kartana|Smart Strike|p2a: Zamazenta\n|-damage|p2a: Zamazenta|67/100\n|move|p2a: Zamazenta|Crunch|p1a: Kartana\n|-damage|p1a: Kartana|0 fnt\n|faint|p1a: Kartana\n|\n|-heal|p2a: Zamazenta|73/100|[from] item: Leftovers\n|upkeep\n|\n|t:|1771187127\n|switch|p1a: Sinistcha|Sinistcha-Masterpiece|14/100\n|turn|16\n|\n|t:|1771187138\n|move|p2a: Zamazenta|Crunch|p1a: Sinistcha\n|-supereffective|p1a: Sinistcha\n|-damage|p1a: Sinistcha|0 fnt\n|faint|p1a: Sinistcha\n|\n|win|lepooker\n|raw|Cerberus 17's rating: 1661 &rarr; <strong>1638</strong><br />(-23 for losing)\n|raw|lepooker's rating: 1616 &rarr; <strong>1639</strong><br />(+23 for winning)\n|l|☆Cerberus 17\n|player|p1|\n|l|☆lepooker\n|player|p2|\n", "uploadtime": 1771187359, "views": 8, "formatid": "gen9nationaldex", "rating": 1638, "private": 0, "password": null}