{"id": "gen9nationaldex-2540660351", "format": "[Gen 9] National Dex", "players": ["ffuy", "feebaccs"], "log": "|j|☆ffuy\n|j|☆feebaccs\n|t:|1771235864\n|gametype|singles\n|player|p1|ffuy|1|1569\n|player|p2|feebaccs|morty|1569\n|gen|9\n|tier|[Gen 9] National Dex\n|rated|\n|rule|HP Percentage Mod: HP is shown in percentages\n|rule|Endless Battle Clause: Forcing endless battles is banned\n|rule|Species Clause: Limit one of each Pokémon\n|rule|OHKO Clause: OHKO moves are banned\n|rule|Evasion Clause: Evasion abilities, items, and moves are banned\n|rule|Evasion Abilities Clause: Evasion abilities are banned\n|rule|Evasion Items Clause: Evasion items are banned\n|rule|Evasion Moves Clause: Evasion moves are banned\n|rule|Sleep Clause Mod: Limit one foe put to sleep\n|rule|Terastal Clause: You cannot Terastallize\n|clearpoke\n|poke|p1|Diancie|\n|poke|p1|Tyranitar, F|\n|poke|p1|Alomomola, F|\n|poke|p1|Gliscor, F|\n|poke|p1|Urshifu-*, F|\n|poke|p1|Kyurem|\n|poke|p2|Ninetales-Alola, M|\n|poke|p2|Arctozolt|\n|poke|p2|Sandslash-Alola, M|\n|poke|p2|Gliscor, M|\n|poke|p2|Tapu Lele|\n|poke|p2|Alomomola, F|\n|teampreview\n|inactive|Battle timer is ON: inactive players will automatically lose when time's up. (requested by feebaccs)\n|inactive|ffuy also wants the timer to be on.\n|\n|t:|1771235881\n|teamsize|p1|6\n|teamsize|p2|6\n|start\n|switch|p1a: Diancie|Diancie|100/100\n|switch|p2a: Gliscor|Gliscor, M|100/100\n|turn|1\n|\n|t:|1771235896\n|switch|p1a: Alomomola|Alomomola, F|100/100\n|move|p2a: Gliscor|Stealth Rock|p1a: Alomomola\n|-sidestart|p1: ffuy|move: Stealth Rock\n|\n|-status|p2a: Gliscor|tox|[from] item: Toxic Orb\n|upkeep\n|turn|2\n|\n|t:|1771235903\n|move|p2a: Gliscor|U-turn|p1a: Alomomola\n|-damage|p1a: Alomomola|92/100\n|-damage|p2a: Gliscor|84/100 tox|[from] item: Rocky Helmet|[of] p1a: Alomomola\n|\n|t:|1771235911\n|switch|p2a: Ninetales|Ninetales-Alola, M|100/100|[from] U-turn\n|-weather|Snowscape|[from] ability: Snow Warning|[of] p2a: Ninetales\n|move|p1a: Alomomola|Flip Turn|p2a: Ninetales\n|-damage|p2a: Ninetales|83/100\n|\n|t:|1771235919\n|switch|p1a: Diancie|Diancie|100/100|[from] Flip Turn\n|-damage|p1a: Diancie|88/100|[from] Stealth Rock\n|\n|-weather|Snowscape|[upkeep]\n|upkeep\n|turn|3\n|\n|t:|1771235923\n|switch|p2a: Alomomola|Alomomola, F|100/100\n|detailschange|p1a: Diancie|Diancie-Mega\n|-mega|p1a: Diancie|Diancie|Diancite\n|move|p1a: Diancie|Diamond Storm|p2a: Alomomola\n|-damage|p2a: Alomomola|66/100\n|\n|-weather|Snowscape|[upkeep]\n|upkeep\n|turn|4\n|\n|t:|1771235930\n|switch|p1a: Alomomola|Alomomola, F|100/100\n|-damage|p1a: Alomomola|88/100|[from] Stealth Rock\n|move|p2a: Alomomola|Flip Turn|p1a: Alomomola\n|-resisted|p1a: Alomomola\n|-damage|p1a: Alomomola|84/100\n|-damage|p2a: Alomomola|50/100|[from] item: Rocky Helmet|[of] p1a: Alomomola\n|\n|t:|1771235936\n|switch|p2a: Arctozolt|Arctozolt|100/100|[from] Flip Turn\n|\n|-weather|Snowscape|[upkeep]\n|upkeep\n|turn|5\n|\n|t:|1771235947\n|move|p1a: Alomomola|Protect|p1a: Alomomola\n|-singleturn|p1a: Alomomola|Protect\n|move|p2a: Arctozolt|Substitute|p2a: Arctozolt\n|-start|p2a: Arctozolt|Substitute\n|-damage|p2a: Arctozolt|76/100\n|\n|-weather|Snowscape|[upkeep]\n|upkeep\n|turn|6\n|\n|t:|1771235951\n|switch|p1a: Tyranitar|Tyranitar, F|100/100\n|-damage|p1a: Tyranitar|88/100|[from] Stealth Rock\n|-weather|Sandstorm|[from] ability: Sand Stream|[of] p1a: Tyranitar\n|move|p2a: Arctozolt|Bolt Beak|p1a: Tyranitar\n|-damage|p1a: Tyranitar|29/100\n|\n|-weather|Sandstorm|[upkeep]\n|-damage|p2a: Arctozolt|69/100|[from] Sandstorm\n|upkeep\n|turn|7\n|\n|t:|1771235961\n|switch|p1a: Gliscor|Gliscor, F|100/100\n|-damage|p1a: Gliscor|88/100|[from] Stealth Rock\n|move|p2a: Arctozolt|Bolt Beak|p1a: Gliscor\n|-immune|p1a: Gliscor\n|\n|-weather|Sandstorm|[upkeep]\n|-damage|p2a: Arctozolt|63/100|[from] Sandstorm\n|-status|p1a: Gliscor|tox|[from] item: Toxic Orb\n|upkeep\n|turn|8\n|\n|t:|1771235977\n|switch|p1a: Kyurem|Kyurem|100/100\n|-damage|p1a: Kyurem|76/100|[from] Stealth Rock\n|-ability|p1a: Kyurem|Pressure\n|move|p2a: Arctozolt|Bolt Beak|p1a: Kyurem\n|-resisted|p1a: Kyurem\n|-damage|p1a: Kyurem|35/100\n|\n|-weather|Sandstorm|[upkeep]\n|-damage|p1a: Kyurem|29/100|[from] Sandstorm\n|-damage|p2a: Arctozolt|57/100|[from] Sandstorm\n|upkeep\n|turn|9\n|\n|t:|1771235987\n|move|p1a: Kyurem|Earth Power|p2a: Arctozolt\n|-supereffective|p2a: Arctozolt\n|-end|p2a: Arctozolt|Substitute\n|move|p2a: Arctozolt|Low Kick|p1a: Kyurem\n|-supereffective|p1a: Kyurem\n|-damage|p1a: Kyurem|0 fnt\n|faint|p1a: Kyurem\n|\n|-weather|Sandstorm|[upkeep]\n|-damage|p2a: Arctozolt|51/100|[from] Sandstorm\n|upkeep\n|j| Cra3k\n|\n|t:|1771235993\n|switch|p1a: Diancie|Diancie-Mega|88/100\n|-damage|p1a: Diancie|76/100|[from] Stealth Rock\n|turn|10\n|\n|t:|1771236004\n|switch|p2a: Alomomola|Alomomola, F|83/100\n|move|p1a: Diancie|Moonblast|p2a: Alomomola\n|-damage|p2a: Alomomola|50/100\n|-unboost|p2a: Alomomola|spa|1\n|\n|-weather|none\n|upkeep\n|turn|11\n|\n|t:|1771236010\n|move|p1a: Diancie|Diamond Storm|p2a: Alomomola|[miss]\n|-miss|p1a: Diancie|p2a: Alomomola\n|move|p2a: Alomomola|Flip Turn|p1a: Diancie\n|-supereffective|p1a: Diancie\n|-damage|p1a: Diancie|26/100\n|\n|t:|1771236021\n|switch|p2a: Gliscor|Gliscor, M|84/100 tox|[from] Flip Turn\n|\n|-heal|p2a: Gliscor|97/100 tox|[from] ability: Poison Heal\n|upkeep\n|turn|12\n|\n|t:|1771236031\n|switch|p1a: Gliscor|Gliscor, F|88/100 tox\n|-damage|p1a: Gliscor|75/100 tox|[from] Stealth Rock\n|move|p2a: Gliscor|U-turn|p1a: Gliscor\n|-resisted|p1a: Gliscor\n|-damage|p1a: Gliscor|69/100 tox\n|\n|t:|1771236034\n|switch|p2a: Ninetales|Ninetales-Alola, M|83/100|[from] U-turn\n|-weather|Snowscape|[from] ability: Snow Warning|[of] p2a: Ninetales\n|\n|-weather|Snowscape|[upkeep]\n|-heal|p1a: Gliscor|82/100 tox|[from] ability: Poison Heal\n|upkeep\n|turn|13\n|\n|t:|1771236042\n|move|p2a: Ninetales|Freeze-Dry|p1a: Gliscor\n|-supereffective|p1a: Gliscor\n|-damage|p1a: Gliscor|0 fnt\n|faint|p1a: Gliscor\n|\n|-weather|Snowscape|[upkeep]\n|upkeep\n|-message|ffuy forfeited.\n|\n|win|feebaccs\n|raw|ffuy's rating: 1569 &rarr; <strong>1549</strong><br />(-20 for losing)\n|raw|feebaccs's rating: 1569 &rarr; <strong>1589</strong><br />(+20 for winning)\n|l|☆ffuy\n|player|p1|\n|l|☆feebaccs\n|player|p2|\n|l| Cra3k\n", "uploadtime": 1771236360, "views": 9, "formatid": "gen9nationaldex", "rating": 1549, "private": 0, "password": null}