{"id": "gen9nationaldex-2540865084", "format": "[Gen 9] National Dex", "players": ["Frost12080000", "Iconsumechicken"], "log": "|j|☆Frost12080000\n|j|☆Iconsumechicken\n|t:|1771261909\n|gametype|singles\n|player|p1|Frost12080000|burglar|1672\n|player|p2|Iconsumechicken|1|1646\n|gen|9\n|tier|[Gen 9] National Dex\n|rated|\n|rule|HP Percentage Mod: HP is shown in percentages\n|rule|Endless Battle Clause: Forcing endless battles is banned\n|rule|Species Clause: Limit one of each Pokémon\n|rule|OHKO Clause: OHKO moves are banned\n|rule|Evasion Clause: Evasion abilities, items, and moves are banned\n|rule|Evasion Abilities Clause: Evasion abilities are banned\n|rule|Evasion Items Clause: Evasion items are banned\n|rule|Evasion Moves Clause: Evasion moves are banned\n|rule|Sleep Clause Mod: Limit one foe put to sleep\n|rule|Terastal Clause: You cannot Terastallize\n|clearpoke\n|poke|p1|Chansey, F|\n|poke|p1|Pecharunt|\n|poke|p1|Tapu Fini|\n|poke|p1|Zapdos|\n|poke|p1|Ogerpon-Cornerstone, F|\n|poke|p1|Tornadus-Therian, M|\n|poke|p2|Iron Valiant|\n|poke|p2|Tapu Koko|\n|poke|p2|Kingambit, M|\n|poke|p2|Alomomola, F|\n|poke|p2|Landorus-Therian, M|\n|poke|p2|Ferrothorn, M|\n|teampreview\n|c|☆Iconsumechicken|hf\n|inactive|Battle timer is ON: inactive players will automatically lose when time's up. (requested by Frost12080000)\n|\n|t:|1771261948\n|teamsize|p1|6\n|teamsize|p2|6\n|start\n|switch|p1a: Tornadus|Tornadus-Therian, M|100/100\n|switch|p2a: Tapu Koko|Tapu Koko|100/100\n|-fieldstart|move: Electric Terrain|[from] ability: Electric Surge|[of] p2a: Tapu Koko\n|turn|1\n|\n|t:|1771261960\n|move|p2a: Tapu Koko|U-turn|p1a: Tornadus\n|-resisted|p1a: Tornadus\n|-damage|p1a: Tornadus|91/100\n|\n|t:|1771261963\n|switch|p2a: Alomomola|Alomomola, F|100/100|[from] U-turn\n|move|p1a: Tornadus|U-turn|p2a: Alomomola\n|-damage|p2a: Alomomola|89/100\n|\n|t:|1771261966\n|switch|p1a: Ogerpon|Ogerpon-Cornerstone, F|100/100|[from] U-turn\n|\n|upkeep\n|turn|2\n|\n|t:|1771261980\n|switch|p1a: Zapdos|Zapdos|100/100\n|switch|p2a: Ferrothorn|Ferrothorn, M|100/100\n|\n|upkeep\n|turn|3\n|inactive|Frost12080000 has 120 seconds left.\n|inactive|Frost12080000 has 90 seconds left.\n|\n|t:|1771262044\n|switch|p2a: Alomomola|Alomomola, F|100/100\n|move|p1a: Zapdos|Heat Wave|p2a: Alomomola\n|-resisted|p2a: Alomomola\n|-damage|p2a: Alomomola|94/100\n|\n|upkeep\n|turn|4\n|c|☆Frost12080000|U2\n|inactive|Iconsumechicken has 120 seconds left.\n|\n|t:|1771262076\n|move|p1a: Zapdos|Volt Switch|p2a: Alomomola\n|-supereffective|p2a: Alomomola\n|-damage|p2a: Alomomola|63/100\n|inactive|Frost12080000 has 90 seconds left.\n|\n|t:|1771262113\n|switch|p1a: Chansey|Chansey, F|100/100|[from] Volt Switch\n|move|p2a: Alomomola|Flip Turn|p1a: Chansey\n|-damage|p1a: Chansey|88/100\n|inactive|Iconsumechicken has 120 seconds left.\n|\n|t:|1771262133\n|switch|p2a: Kingambit|Kingambit, M, shiny|100/100|[from] Flip Turn\n|\n|upkeep\n|turn|5\n|\n|t:|1771262143\n|switch|p1a: Ogerpon|Ogerpon-Cornerstone, F|100/100\n|move|p2a: Kingambit|Knock Off|p1a: Ogerpon\n|-damage|p1a: Ogerpon|45/100\n|\n|-fieldend|move: Electric Terrain\n|upkeep\n|turn|6\n|inactive|Iconsumechicken has 120 seconds left.\n|\n|t:|1771262162\n|-end|p2a: Kingambit|fallenundefined|[silent]\n|switch|p2a: Landorus|Landorus-Therian, M|100/100\n|-ability|p2a: Landorus|Intimidate|boost\n|-unboost|p1a: Ogerpon|atk|1\n|move|p1a: Ogerpon|Swords Dance|p1a: Ogerpon\n|-boost|p1a: Ogerpon|atk|2\n|\n|upkeep\n|turn|7\n|\n|t:|1771262179\n|move|p1a: Ogerpon|Horn Leech|p2a: Landorus\n|-damage|p2a: Landorus|33/100\n|-heal|p1a: Ogerpon|88/100|[from] drain|[of] p2a: Landorus\n|-damage|p1a: Ogerpon|71/100|[from] item: Rocky Helmet|[of] p2a: Landorus\n|move|p2a: Landorus|U-turn|p1a: Ogerpon\n|-supereffective|p1a: Ogerpon\n|-damage|p1a: Ogerpon|9/100\n|\n|t:|1771262191\n|switch|p2a: Tapu Koko|Tapu Koko|100/100|[from] U-turn\n|-fieldstart|move: Electric Terrain|[from] ability: Electric Surge|[of] p2a: Tapu Koko\n|\n|upkeep\n|turn|8\n|j| ZhanTu6450\n|l| ZhanTu6450\n|inactive|Iconsumechicken has 90 seconds left.\n|\n|t:|1771262214\n|switch|p1a: Chansey|Chansey, F|88/100\n|move|p2a: Tapu Koko|Thunderbolt|p1a: Chansey\n|-damage|p1a: Chansey|76/100\n|\n|upkeep\n|turn|9\n|inactive|Frost12080000 has 120 seconds left.\n|j| Reyanek\n|inactive|Frost12080000 has 90 seconds left.\n|\n|t:|1771262267\n|move|p2a: Tapu Koko|U-turn|p1a: Chansey\n|-damage|p1a: Chansey|62/100\n|\n|t:|1771262274\n|switch|p2a: Ferrothorn|Ferrothorn, M|100/100|[from] U-turn\n|move|p1a: Chansey|Teleport|p1a: Chansey\n|inactive|Frost12080000 has 60 seconds left.\n|\n|t:|1771262314\n|switch|p1a: Tornadus|Tornadus-Therian, M|100/100|[from] Teleport\n|\n|upkeep\n|turn|10\n|inactive|Iconsumechicken has 90 seconds left.\n|\n|t:|1771262344\n|switch|p2a: Tapu Koko|Tapu Koko|100/100\n|move|p1a: Tornadus|Bleakwind Storm|p2a: Tapu Koko\n|-resisted|p2a: Tapu Koko\n|-damage|p2a: Tapu Koko|66/100\n|\n|upkeep\n|turn|11\n|inactive|Frost12080000 has 60 seconds left.\n|inactive|Iconsumechicken has 90 seconds left.\n|inactive|Frost12080000 has 30 seconds left.\n|inactive|Frost12080000 has 20 seconds left.\n|\n|t:|1771262394\n|move|p2a: Tapu Koko|Thunderbolt|p1a: Tornadus\n|-supereffective|p1a: Tornadus\n|-damage|p1a: Tornadus|34/100\n|move|p1a: Tornadus|Bleakwind Storm|p2a: Tapu Koko\n|-resisted|p2a: Tapu Koko\n|-damage|p2a: Tapu Koko|34/100\n|-unboost|p2a: Tapu Koko|spe|1\n|\n|-fieldend|move: Electric Terrain\n|upkeep\n|turn|12\n|inactive|Frost12080000 has 30 seconds left this turn.\n|inactive|Iconsumechicken has 60 seconds left.\n|\n|t:|1771262415\n|switch|p2a: Alomomola|Alomomola, F|96/100\n|move|p1a: Tornadus|Sludge Wave|p2a: Alomomola\n|-damage|p2a: Alomomola|84/100\n|-status|p2a: Alomomola|psn\n|\n|-damage|p2a: Alomomola|72/100 psn|[from] psn\n|upkeep\n|turn|13\n|\n|t:|1771262424\n|move|p1a: Tornadus|U-turn|p2a: Alomomola\n|-damage|p2a: Alomomola|59/100 psn\n|\n|t:|1771262427\n|switch|p1a: Zapdos|Zapdos|100/100|[from] U-turn\n|move|p2a: Alomomola|Flip Turn|p1a: Zapdos\n|-damage|p1a: Zapdos|88/100\n|inactive|Iconsumechicken has 60 seconds left.\n|\n|t:|1771262461\n|switch|p2a: Tapu Koko|Tapu Koko|34/100|[from] Flip Turn\n|-fieldstart|move: Electric Terrain|[from] ability: Electric Surge|[of] p2a: Tapu Koko\n|\n|upkeep\n|turn|14\n|inactive|Frost12080000 has 30 seconds left.\n|\n|t:|1771262492\n|move|p2a: Tapu Koko|U-turn|p1a: Zapdos\n|-resisted|p1a: Zapdos\n|-crit|p1a: Zapdos\n|-damage|p1a: Zapdos|80/100\n|\n|t:|1771262504\n|switch|p2a: Landorus|Landorus-Therian, M|33/100|[from] U-turn\n|-ability|p2a: Landorus|Intimidate|boost\n|-unboost|p1a: Zapdos|atk|1\n|move|p1a: Zapdos|Heat Wave|p2a: Landorus\n|-damage|p2a: Landorus|6/100\n|\n|upkeep\n|turn|15\n|inactive|Frost12080000 has 30 seconds left.\n|\n|t:|1771262522\n|switch|p2a: Alomomola|Alomomola, F|93/100 psn\n|move|p1a: Zapdos|Heat Wave|p2a: Alomomola\n|-resisted|p2a: Alomomola\n|-damage|p2a: Alomomola|86/100 psn\n|\n|-damage|p2a: Alomomola|74/100 psn|[from] psn\n|upkeep\n|turn|16\n|\n|t:|1771262531\n|move|p1a: Zapdos|Volt Switch|p2a: Alomomola\n|-supereffective|p2a: Alomomola\n|-damage|p2a: Alomomola|47/100 psn\n|\n|t:|1771262536\n|switch|p1a: Pecharunt|Pecharunt|100/100|[from] Volt Switch\n|move|p2a: Alomomola|Mirror Coat|p1a: Pecharunt\n|-damage|p1a: Pecharunt|24/100\n|\n|-damage|p2a: Alomomola|34/100 psn|[from] psn\n|upkeep\n|turn|17\n|inactive|Iconsumechicken has 60 seconds left.\n|\n|t:|1771262546\n|move|p1a: Pecharunt|Recover|p1a: Pecharunt\n|-heal|p1a: Pecharunt|74/100\n|move|p2a: Alomomola|Flip Turn|p1a: Pecharunt\n|-damage|p1a: Pecharunt|66/100\n|-damage|p2a: Alomomola|18/100 psn|[from] item: Rocky Helmet|[of] p1a: Pecharunt\n|\n|t:|1771262568\n|switch|p2a: Ferrothorn|Ferrothorn, M|100/100|[from] Flip Turn\n|\n|-fieldend|move: Electric Terrain\n|upkeep\n|turn|18\n|inactive|Frost12080000 has 60 seconds left.\n|\n|t:|1771262582\n|switch|p1a: Tornadus|Tornadus-Therian, M|67/100\n|move|p2a: Ferrothorn|Stealth Rock|p1a: Tornadus\n|-sidestart|p1: Frost12080000|move: Stealth Rock\n|\n|upkeep\n|turn|19\n|inactive|Frost12080000 has 60 seconds left.\n|inactive|Iconsumechicken has 30 seconds left.\n|inactive|Iconsumechicken has 20 seconds left.\n|inactive|Iconsumechicken has 15 seconds left.\n|inactive|Iconsumechicken has 10 seconds left.\n|\n|t:|1771262636\n|move|p1a: Tornadus|Heat Wave|p2a: Ferrothorn|[miss]\n|-miss|p1a: Tornadus|p2a: Ferrothorn\n|move|p2a: Ferrothorn|Knock Off|p1a: Tornadus\n|-crit|p1a: Tornadus\n|-damage|p1a: Tornadus|28/100\n|-enditem|p1a: Tornadus|Assault Vest|[from] move: Knock Off|[of] p2a: Ferrothorn\n|\n|upkeep\n|turn|20\n|inactive|Iconsumechicken has 20 seconds left this turn.\n|inactive|Iconsumechicken has 15 seconds left.\n|c|☆Frost12080000|...\n|\n|t:|1771262646\n|switch|p2a: Alomomola|Alomomola, F|51/100 psn\n|move|p1a: Tornadus|Heat Wave|p2a: Alomomola\n|-resisted|p2a: Alomomola\n|-damage|p2a: Alomomola|45/100 psn\n|\n|-damage|p2a: Alomomola|33/100 psn|[from] psn\n|upkeep\n|turn|21\n|inactive|Iconsumechicken has 25 seconds left this turn.\n|inactive|Frost12080000 has 60 seconds left.\n|\n|t:|1771262664\n|move|p1a: Tornadus|U-turn|p2a: Alomomola\n|-damage|p2a: Alomomola|20/100 psn\n|\n|t:|1771262666\n|switch|p1a: Pecharunt|Pecharunt|66/100|[from] U-turn\n|-damage|p1a: Pecharunt|54/100|[from] Stealth Rock\n|move|p2a: Alomomola|Flip Turn|p1a: Pecharunt\n|-damage|p1a: Pecharunt|46/100\n|-damage|p2a: Alomomola|4/100 psn|[from] item: Rocky Helmet|[of] p1a: Pecharunt\n|inactive|Iconsumechicken has 30 seconds left.\n|\n|t:|1771262680\n|switch|p2a: Tapu Koko|Tapu Koko|34/100|[from] Flip Turn\n|-fieldstart|move: Electric Terrain|[from] ability: Electric Surge|[of] p2a: Tapu Koko\n|\n|upkeep\n|turn|22\n|\n|t:|1771262687\n|switch|p1a: Chansey|Chansey, F|62/100\n|-damage|p1a: Chansey|50/100|[from] Stealth Rock\n|move|p2a: Tapu Koko|Thunderbolt|p1a: Chansey\n|-damage|p1a: Chansey|38/100\n|\n|upkeep\n|turn|23\n|\n|t:|1771262701\n|move|p2a: Tapu Koko|U-turn|p1a: Chansey\n|-damage|p1a: Chansey|25/100\n|\n|t:|1771262704\n|switch|p2a: Kingambit|Kingambit, M, shiny|100/100|[from] U-turn\n|move|p1a: Chansey|Soft-Boiled|p1a: Chansey\n|-heal|p1a: Chansey|75/100\n|\n|upkeep\n|turn|24\n|\n|t:|1771262709\n|switch|p1a: Zapdos|Zapdos|80/100\n|move|p2a: Kingambit|Knock Off|p1a: Zapdos\n|-damage|p1a: Zapdos|27/100\n|-status|p2a: Kingambit|par|[from] ability: Static|[of] p1a: Zapdos\n|-enditem|p1a: Zapdos|Heavy-Duty Boots|[from] move: Knock Off|[of] p2a: Kingambit\n|\n|upkeep\n|turn|25\n|\n|t:|1771262728\n|-end|p2a: Kingambit|fallenundefined|[silent]\n|switch|p2a: Alomomola|Alomomola, F|37/100 psn\n|move|p1a: Zapdos|Roost|p1a: Zapdos\n|-heal|p1a: Zapdos|77/100\n|-singleturn|p1a: Zapdos|move: Roost\n|\n|-damage|p2a: Alomomola|25/100 psn|[from] psn\n|-fieldend|move: Electric Terrain\n|upkeep\n|turn|26\n|\n|t:|1771262731\n|switch|p2a: Ferrothorn|Ferrothorn, M|100/100\n|move|p1a: Zapdos|Defog|p2a: Ferrothorn\n|-unboost|p2a: Ferrothorn|evasion|1\n|-sideend|p1: Frost12080000|Stealth Rock|[from] move: Defog|[of] p1a: Zapdos\n|\n|upkeep\n|turn|27\n|inactive|Frost12080000 has 120 seconds left.\n|inactive|Iconsumechicken has 60 seconds left.\n|\n|t:|1771262747\n|switch|p2a: Alomomola|Alomomola, F|58/100 psn\n|move|p1a: Zapdos|Volt Switch|p2a: Alomomola\n|-supereffective|p2a: Alomomola\n|-damage|p2a: Alomomola|28/100 psn\n|\n|t:|1771262752\n|switch|p1a: Pecharunt|Pecharunt|46/100|[from] Volt Switch\n|\n|-damage|p2a: Alomomola|16/100 psn|[from] psn\n|upkeep\n|turn|28\n|inactive|Iconsumechicken has 60 seconds left.\n|\n|t:|1771262764\n|switch|p2a: Ferrothorn|Ferrothorn, M|100/100\n|move|p1a: Pecharunt|Shadow Ball|p2a: Ferrothorn\n|-damage|p2a: Ferrothorn|81/100\n|-unboost|p2a: Ferrothorn|spd|1\n|\n|-heal|p2a: Ferrothorn|88/100|[from] item: Leftovers\n|upkeep\n|turn|29\n|inactive|Iconsumechicken has 60 seconds left.\n|\n|t:|1771262773\n|move|p1a: Pecharunt|Nasty Plot|p1a: Pecharunt\n|-boost|p1a: Pecharunt|spa|2\n|move|p2a: Ferrothorn|Stealth Rock|p1a: Pecharunt\n|-sidestart|p1: Frost12080000|move: Stealth Rock\n|\n|-heal|p2a: Ferrothorn|94/100|[from] item: Leftovers\n|upkeep\n|turn|30\n|inactive|Iconsumechicken has 60 seconds left.\n|\n|t:|1771262788\n|switch|p2a: Kingambit|Kingambit, M, shiny|100/100 par\n|move|p1a: Pecharunt|Recover|p1a: Pecharunt\n|-heal|p1a: Pecharunt|96/100\n|\n|upkeep\n|turn|31\n|inactive|Iconsumechicken has 60 seconds left.\n|\n|t:|1771262794\n|move|p1a: Pecharunt|Shadow Ball|p2a: Kingambit\n|-resisted|p2a: Kingambit\n|-damage|p2a: Kingambit|71/100 par\n|move|p2a: Kingambit|Knock Off|p1a: Pecharunt\n|-supereffective|p1a: Pecharunt\n|-damage|p1a: Pecharunt|36/100\n|-damage|p2a: Kingambit|54/100 par|[from] item: Rocky Helmet|[of] p1a: Pecharunt\n|-enditem|p1a: Pecharunt|Rocky Helmet|[from] move: Knock Off|[of] p2a: Kingambit\n|\n|upkeep\n|turn|32\n|inactive|Iconsumechicken has 60 seconds left.\n|\n|t:|1771262819\n|-end|p2a: Kingambit|fallenundefined|[silent]\n|switch|p2a: Tapu Koko|Tapu Koko|34/100\n|-fieldstart|move: Electric Terrain|[from] ability: Electric Surge|[of] p2a: Tapu Koko\n|move|p1a: Pecharunt|Recover|p1a: Pecharunt\n|-heal|p1a: Pecharunt|86/100\n|\n|upkeep\n|turn|33\n|\n|t:|1771262825\n|-zpower|p2a: Tapu Koko\n|move|p2a: Tapu Koko|Gigavolt Havoc|p1a: Pecharunt|[zeffect]\n|-damage|p1a: Pecharunt|0 fnt\n|faint|p1a: Pecharunt\n|\n|upkeep\n|\n|t:|1771262831\n|switch|p1a: Chansey|Chansey, F|75/100\n|-damage|p1a: Chansey|63/100|[from] Stealth Rock\n|turn|34\n|\n|t:|1771262837\n|move|p2a: Tapu Koko|U-turn|p1a: Chansey\n|-damage|p1a: Chansey|50/100\n|\n|t:|1771262841\n|switch|p2a: Ferrothorn|Ferrothorn, M|94/100|[from] U-turn\n|move|p1a: Chansey|Teleport|p1a: Chansey\n|\n|t:|1771262845\n|switch|p1a: Zapdos|Zapdos|77/100|[from] Teleport\n|-damage|p1a: Zapdos|52/100|[from] Stealth Rock\n|\n|-heal|p2a: Ferrothorn|99/100|[from] item: Leftovers\n|upkeep\n|turn|35\n|\n|t:|1771262871\n|switch|p2a: Iron Valiant|Iron Valiant|100/100\n|-activate|p2a: Iron Valiant|ability: Quark Drive\n|-start|p2a: Iron Valiant|quarkdrivespa\n|move|p1a: Zapdos|Defog|p2a: Iron Valiant\n|-unboost|p2a: Iron Valiant|evasion|1\n|-sideend|p1: Frost12080000|Stealth Rock|[from] move: Defog|[of] p1a: Zapdos\n|-fieldend|move: Electric Terrain\n|-end|p2a: Iron Valiant|Quark Drive\n|\n|upkeep\n|turn|36\n|\n|t:|1771262877\n|move|p2a: Iron Valiant|Moonblast|p1a: Zapdos\n|-damage|p1a: Zapdos|0 fnt\n|faint|p1a: Zapdos\n|\n|upkeep\n|\n|t:|1771262879\n|switch|p1a: Tornadus|Tornadus-Therian, M|62/100\n|turn|37\n|inactive|Iconsumechicken has 60 seconds left.\n|\n|t:|1771262932\n|-end|p2a: Iron Valiant|Quark Drive|[silent]\n|switch|p2a: Landorus|Landorus-Therian, M|6/100\n|-ability|p2a: Landorus|Intimidate|boost\n|-unboost|p1a: Tornadus|atk|1\n|move|p1a: Tornadus|Bleakwind Storm|p2a: Landorus|[miss]\n|-miss|p1a: Tornadus|p2a: Landorus\n|\n|upkeep\n|turn|38\n|\n|t:|1771262951\n|switch|p1a: Tapu Fini|Tapu Fini, shiny|100/100\n|-fieldstart|move: Misty Terrain|[from] ability: Misty Surge|[of] p1a: Tapu Fini\n|move|p2a: Landorus|Toxic|p1a: Tapu Fini\n|-activate|p1a: Tapu Fini|move: Misty Terrain\n|\n|upkeep\n|turn|39\n|\n|t:|1771262957\n|move|p2a: Landorus|U-turn|p1a: Tapu Fini\n|-resisted|p1a: Tapu Fini\n|-damage|p1a: Tapu Fini|92/100\n|\n|t:|1771262971\n|switch|p2a: Tapu Koko|Tapu Koko|34/100|[from] U-turn\n|-fieldstart|move: Electric Terrain|[from] ability: Electric Surge|[of] p2a: Tapu Koko\n|move|p1a: Tapu Fini|Calm Mind|p1a: Tapu Fini\n|-boost|p1a: Tapu Fini|spa|1\n|-boost|p1a: Tapu Fini|spd|1\n|\n|-heal|p1a: Tapu Fini|98/100|[from] item: Leftovers\n|upkeep\n|turn|40\n|\n|t:|1771262979\n|move|p2a: Tapu Koko|Thunderbolt|p1a: Tapu Fini\n|-supereffective|p1a: Tapu Fini\n|-damage|p1a: Tapu Fini|49/100\n|move|p1a: Tapu Fini|Draining Kiss|p2a: Tapu Koko\n|-damage|p2a: Tapu Koko|0 fnt\n|-heal|p1a: Tapu Fini|70/100|[from] drain|[of] p2a: Tapu Koko\n|faint|p2a: Tapu Koko\n|\n|-heal|p1a: Tapu Fini|76/100|[from] item: Leftovers\n|upkeep\n|\n|t:|1771262995\n|switch|p2a: Ferrothorn|Ferrothorn, M|99/100\n|turn|41\n|\n|t:|1771263002\n|switch|p1a: Tornadus|Tornadus-Therian, M|95/100\n|move|p2a: Ferrothorn|Knock Off|p1a: Tornadus\n|-damage|p1a: Tornadus|78/100\n|\n|-heal|p2a: Ferrothorn|100/100|[from] item: Leftovers\n|upkeep\n|turn|42\n|j| serendipity119\n|inactive|Iconsumechicken has 30 seconds left.\n|\n|t:|1771263035\n|move|p1a: Tornadus|Bleakwind Storm|p2a: Ferrothorn\n|-damage|p2a: Ferrothorn|71/100\n|move|p2a: Ferrothorn|Stealth Rock|p1a: Tornadus\n|-sidestart|p1: Frost12080000|move: Stealth Rock\n|\n|-heal|p2a: Ferrothorn|77/100|[from] item: Leftovers\n|upkeep\n|turn|43\n|inactive|Iconsumechicken has 30 seconds left.\n|\n|t:|1771263052\n|switch|p2a: Landorus|Landorus-Therian, M|6/100\n|-ability|p2a: Landorus|Intimidate|boost\n|-unboost|p1a: Tornadus|atk|1\n|move|p1a: Tornadus|Heat Wave|p2a: Landorus\n|-damage|p2a: Landorus|0 fnt\n|faint|p2a: Landorus\n|\n|-fieldend|move: Electric Terrain\n|upkeep\n|inactive|Iconsumechicken has 30 seconds left this turn.\n|inactive|Iconsumechicken has 20 seconds left.\n|\n|t:|1771263065\n|switch|p2a: Alomomola|Alomomola, F|49/100 psn\n|turn|44\n|inactive|Iconsumechicken has 30 seconds left this turn.\n|inactive|Iconsumechicken has 20 seconds left.\n|inactive|Iconsumechicken has 15 seconds left.\n|\n|t:|1771263082\n|move|p1a: Tornadus|Heat Wave|p2a: Alomomola\n|-resisted|p2a: Alomomola\n|-damage|p2a: Alomomola|42/100 psn\n|move|p2a: Alomomola|Flip Turn|p1a: Tornadus\n|-damage|p1a: Tornadus|61/100\n|inactive|Iconsumechicken has 20 seconds left this turn.\n|inactive|Iconsumechicken has 15 seconds left.\n|\n|t:|1771263088\n|switch|p2a: Kingambit|Kingambit, M, shiny|54/100 par|[from] Flip Turn\n|-activate|p2a: Kingambit|ability: Supreme Overlord\n|-start|p2a: Kingambit|fallen2|[silent]\n|\n|upkeep\n|turn|45\n|inactive|Iconsumechicken has 25 seconds left this turn.\n|inactive|Iconsumechicken has 20 seconds left.\n|inactive|Iconsumechicken has 15 seconds left.\n|\n|t:|1771263099\n|switch|p1a: Ogerpon|Ogerpon-Cornerstone, F|9/100\n|-damage|p1a: Ogerpon|0 fnt|[from] Stealth Rock\n|faint|p1a: Ogerpon\n|cant|p2a: Kingambit|par\n|\n|upkeep\n|\n|t:|1771263105\n|switch|p1a: Tapu Fini|Tapu Fini, shiny|76/100\n|-damage|p1a: Tapu Fini|63/100|[from] Stealth Rock\n|-fieldstart|move: Misty Terrain|[from] ability: Misty Surge|[of] p1a: Tapu Fini\n|turn|46\n|inactive|Iconsumechicken has 30 seconds left this turn.\n|inactive|Iconsumechicken has 20 seconds left.\n|\n|t:|1771263116\n|-end|p2a: Kingambit|fallen2|[silent]\n|switch|p2a: Ferrothorn|Ferrothorn, M|77/100\n|move|p1a: Tapu Fini|Draining Kiss|p2a: Ferrothorn\n|-resisted|p2a: Ferrothorn\n|-damage|p2a: Ferrothorn|71/100\n|-heal|p1a: Tapu Fini|68/100|[from] drain|[of] p2a: Ferrothorn\n|-damage|p1a: Tapu Fini|55/100|[from] ability: Iron Barbs|[of] p2a: Ferrothorn\n|\n|-heal|p1a: Tapu Fini|62/100|[from] item: Leftovers\n|-heal|p2a: Ferrothorn|77/100|[from] item: Leftovers\n|upkeep\n|turn|47\n|inactive|Iconsumechicken has 30 seconds left this turn.\n|inactive|Iconsumechicken has 20 seconds left.\n|\n|t:|1771263126\n|move|p1a: Tapu Fini|Taunt|p2a: Ferrothorn\n|-start|p2a: Ferrothorn|move: Taunt\n|cant|p2a: Ferrothorn|move: Taunt|Leech Seed\n|\n|-heal|p1a: Tapu Fini|68/100|[from] item: Leftovers\n|-heal|p2a: Ferrothorn|83/100|[from] item: Leftovers\n|upkeep\n|turn|48\n|inactive|Iconsumechicken has 30 seconds left this turn.\n|\n|t:|1771263128\n|switch|p1a: Tornadus|Tornadus-Therian, M|94/100\n|-damage|p1a: Tornadus|69/100|[from] Stealth Rock\n|move|p2a: Ferrothorn|Power Whip|p1a: Tornadus\n|-resisted|p1a: Tornadus\n|-damage|p1a: Tornadus|47/100\n|\n|-heal|p2a: Ferrothorn|90/100|[from] item: Leftovers\n|upkeep\n|turn|49\n|\n|t:|1771263136\n|switch|p2a: Alomomola|Alomomola, F|76/100 psn\n|move|p1a: Tornadus|Heat Wave|p2a: Alomomola\n|-resisted|p2a: Alomomola\n|-damage|p2a: Alomomola|69/100 psn\n|\n|-damage|p2a: Alomomola|56/100 psn|[from] psn\n|upkeep\n|turn|50\n|\n|t:|1771263146\n|move|p1a: Tornadus|U-turn|p2a: Alomomola\n|-damage|p2a: Alomomola|44/100 psn\n|\n|t:|1771263148\n|switch|p1a: Chansey|Chansey, F|50/100|[from] U-turn\n|-damage|p1a: Chansey|38/100|[from] Stealth Rock\n|move|p2a: Alomomola|Mirror Coat||[still]\n|-fail|p2a: Alomomola\n|\n|-damage|p2a: Alomomola|32/100 psn|[from] psn\n|-fieldend|Misty Terrain\n|upkeep\n|turn|51\n|\n|t:|1771263154\n|move|p2a: Alomomola|Flip Turn|p1a: Chansey\n|-damage|p1a: Chansey|24/100\n|\n|t:|1771263164\n|switch|p2a: Kingambit|Kingambit, M, shiny|54/100 par|[from] Flip Turn\n|-activate|p2a: Kingambit|ability: Supreme Overlord\n|-start|p2a: Kingambit|fallen2|[silent]\n|move|p1a: Chansey|Teleport|p1a: Chansey\n|\n|t:|1771263168\n|switch|p1a: Tornadus|Tornadus-Therian, M|81/100|[from] Teleport\n|-damage|p1a: Tornadus|56/100|[from] Stealth Rock\n|\n|upkeep\n|turn|52\n|\n|t:|1771263186\n|move|p2a: Kingambit|Sucker Punch|p1a: Tornadus\n|-damage|p1a: Tornadus|0 fnt\n|faint|p1a: Tornadus\n|\n|upkeep\n|c|☆Frost12080000|Gg\n|c|☆Iconsumechicken|ggwp\n|-message|Frost12080000 forfeited.\n|\n|win|Iconsumechicken\n|raw|Frost12080000's rating: 1672 &rarr; <strong>1651</strong><br />(-21 for losing)\n|raw|Iconsumechicken's rating: 1646 &rarr; <strong>1667</strong><br />(+21 for winning)\n|l|☆Frost12080000\n|player|p1|\n|l|☆Iconsumechicken\n|player|p2|\n", "uploadtime": 1771263415, "views": 7, "formatid": "gen9nationaldex", "rating": 1651, "private": 0, "password": null}