{"id": "gen9nationaldex-2540685215", "format": "[Gen 9] National Dex", "players": ["Yaoshi", "Misty Biitch"], "log": "|j|☆Yaoshi\n|j|☆Misty Biitch\n|t:|1771239989\n|gametype|singles\n|player|p1|Yaoshi|silver-masters|1540\n|player|p2|Misty Biitch|misty|1602\n|gen|9\n|tier|[Gen 9] National Dex\n|rated|\n|rule|HP Percentage Mod: HP is shown in percentages\n|rule|Endless Battle Clause: Forcing endless battles is banned\n|rule|Species Clause: Limit one of each Pokémon\n|rule|OHKO Clause: OHKO moves are banned\n|rule|Evasion Clause: Evasion abilities, items, and moves are banned\n|rule|Evasion Abilities Clause: Evasion abilities are banned\n|rule|Evasion Items Clause: Evasion items are banned\n|rule|Evasion Moves Clause: Evasion moves are banned\n|rule|Sleep Clause Mod: Limit one foe put to sleep\n|rule|Terastal Clause: You cannot Terastallize\n|clearpoke\n|poke|p1|Landorus-Therian, M|\n|poke|p1|Medicham, F|\n|poke|p1|Victini|\n|poke|p1|Aegislash, M|\n|poke|p1|Kyurem|\n|poke|p1|Alomomola, M|\n|poke|p2|Kingdra, F|\n|poke|p2|Pelipper, F|\n|poke|p2|Swampert, F|\n|poke|p2|Urshifu-*, F|\n|poke|p2|Ludicolo, F|\n|poke|p2|Barraskewda, F|\n|teampreview\n|inactive|Battle timer is ON: inactive players will automatically lose when time's up. (requested by Misty Biitch)\n|inactive|Yaoshi also wants the timer to be on.\n|\n|t:|1771239996\n|teamsize|p1|6\n|teamsize|p2|6\n|start\n|switch|p1a: Nezha|Victini|100/100\n|switch|p2a: Barraskewda|Barraskewda, F|100/100\n|turn|1\n|\n|t:|1771240002\n|switch|p1a: Aoyu|Alomomola, M|100/100\n|move|p2a: Barraskewda|Flip Turn|p1a: Aoyu\n|-resisted|p1a: Aoyu\n|-damage|p1a: Aoyu|89/100\n|-damage|p2a: Barraskewda|84/100|[from] item: Rocky Helmet|[of] p1a: Aoyu\n|-damage|p2a: Barraskewda|74/100|[from] item: Life Orb\n|\n|t:|1771240006\n|switch|p2a: Swampert|Swampert, F|100/100|[from] Flip Turn\n|\n|upkeep\n|turn|2\n|\n|t:|1771240009\n|detailschange|p2a: Swampert|Swampert-Mega, F\n|-mega|p2a: Swampert|Swampert|Swampertite\n|move|p2a: Swampert|Stealth Rock|p1a: Aoyu\n|-sidestart|p1: Yaoshi|move: Stealth Rock\n|move|p1a: Aoyu|Flip Turn|p2a: Swampert\n|-damage|p2a: Swampert|85/100\n|\n|t:|1771240015\n|switch|p1a: Wuji|Kyurem|100/100|[from] Flip Turn\n|-damage|p1a: Wuji|76/100|[from] Stealth Rock\n|-ability|p1a: Wuji|Pressure\n|\n|upkeep\n|turn|3\n|\n|t:|1771240020\n|move|p1a: Wuji|Freeze-Dry|p2a: Swampert\n|-supereffective|p2a: Swampert\n|-damage|p2a: Swampert|0 fnt\n|faint|p2a: Swampert\n|detailschange|p2: Swampert|Swampert, F|[silent]\n|\n|upkeep\n|\n|t:|1771240022\n|switch|p2a: Pelipper|Pelipper, F|100/100\n|-weather|RainDance|[from] ability: Drizzle|[of] p2a: Pelipper\n|turn|4\n|\n|t:|1771240025\n|switch|p2a: Urshifu|Urshifu-Rapid-Strike, F|100/100\n|move|p1a: Wuji|Freeze-Dry|p2a: Urshifu\n|-supereffective|p2a: Urshifu\n|-damage|p2a: Urshifu|0 fnt\n|faint|p2a: Urshifu\n|\n|-weather|RainDance|[upkeep]\n|upkeep\n|\n|t:|1771240029\n|switch|p2a: Ludicolo|Ludicolo, F|100/100\n|turn|5\n|\n|t:|1771240031\n|move|p2a: Ludicolo|Knock Off|p1a: Wuji\n|-damage|p1a: Wuji|58/100\n|-enditem|p1a: Wuji|Choice Specs|[from] move: Knock Off|[of] p2a: Ludicolo\n|-damage|p2a: Ludicolo|91/100|[from] item: Life Orb\n|move|p1a: Wuji|Freeze-Dry|p2a: Ludicolo\n|-supereffective|p2a: Ludicolo\n|-damage|p2a: Ludicolo|0 fnt\n|faint|p2a: Ludicolo\n|\n|-weather|RainDance|[upkeep]\n|upkeep\n|\n|t:|1771240042\n|switch|p2a: Barraskewda|Barraskewda, F|74/100\n|turn|6\n|\n|t:|1771240046\n|move|p2a: Barraskewda|Close Combat|p1a: Wuji\n|-supereffective|p1a: Wuji\n|-damage|p1a: Wuji|0 fnt\n|-unboost|p2a: Barraskewda|def|1\n|-unboost|p2a: Barraskewda|spd|1\n|faint|p1a: Wuji\n|-damage|p2a: Barraskewda|64/100|[from] item: Life Orb\n|\n|-weather|RainDance|[upkeep]\n|upkeep\n|\n|t:|1771240056\n|switch|p1a: Aoyu|Alomomola, M|100/100\n|-damage|p1a: Aoyu|88/100|[from] Stealth Rock\n|turn|7\n|\n|t:|1771240059\n|move|p2a: Barraskewda|Flip Turn|p1a: Aoyu\n|-resisted|p1a: Aoyu\n|-damage|p1a: Aoyu|72/100\n|-damage|p2a: Barraskewda|48/100|[from] item: Rocky Helmet|[of] p1a: Aoyu\n|-damage|p2a: Barraskewda|38/100|[from] item: Life Orb\n|\n|t:|1771240060\n|switch|p2a: Kingdra|Kingdra, F|100/100|[from] Flip Turn\n|move|p1a: Aoyu|Flip Turn|p2a: Kingdra\n|-resisted|p2a: Kingdra\n|-damage|p2a: Kingdra|93/100\n|\n|t:|1771240069\n|switch|p1a: máodùn|Aegislash, M, shiny|100/100|[from] Flip Turn\n|-damage|p1a: máodùn|94/100|[from] Stealth Rock\n|\n|-weather|RainDance|[upkeep]\n|-heal|p1a: máodùn|100/100|[from] item: Leftovers\n|upkeep\n|turn|8\n|\n|t:|1771240072\n|move|p2a: Kingdra|Weather Ball|p1a: máodùn\n|-damage|p1a: máodùn|39/100\n|move|p1a: máodùn|Toxic|p2a: Kingdra\n|-status|p2a: Kingdra|tox\n|\n|-weather|RainDance|[upkeep]\n|-heal|p1a: máodùn|45/100|[from] item: Leftovers\n|-damage|p2a: Kingdra|87/100 tox|[from] psn\n|upkeep\n|turn|9\n|\n|t:|1771240076\n|move|p1a: máodùn|King's Shield|p1a: máodùn\n|-singleturn|p1a: máodùn|Protect\n|move|p2a: Kingdra|Weather Ball|p1a: máodùn\n|-activate|p1a: máodùn|move: Protect\n|\n|-weather|RainDance|[upkeep]\n|-heal|p1a: máodùn|51/100|[from] item: Leftovers\n|-damage|p2a: Kingdra|74/100 tox|[from] psn\n|upkeep\n|turn|10\n|\n|t:|1771240083\n|switch|p1a: Aoyu|Alomomola, M|100/100\n|-damage|p1a: Aoyu|88/100|[from] Stealth Rock\n|move|p2a: Kingdra|Weather Ball|p1a: Aoyu\n|-resisted|p1a: Aoyu\n|-damage|p1a: Aoyu|22/100\n|\n|-weather|RainDance|[upkeep]\n|-damage|p2a: Kingdra|56/100 tox|[from] psn\n|upkeep\n|turn|11\n|\n|t:|1771240091\n|switch|p2a: Barraskewda|Barraskewda, F|38/100\n|switch|p1a: máodùn|Aegislash, M, shiny|51/100\n|-damage|p1a: máodùn|45/100|[from] Stealth Rock\n|\n|-weather|none\n|-heal|p1a: máodùn|51/100|[from] item: Leftovers\n|upkeep\n|turn|12\n|\n|t:|1771240098\n|move|p2a: Barraskewda|Flip Turn|p1a: máodùn\n|-damage|p1a: máodùn|17/100\n|-damage|p2a: Barraskewda|28/100|[from] item: Life Orb\n|\n|t:|1771240102\n|switch|p2a: Pelipper|Pelipper, F|100/100|[from] Flip Turn\n|-weather|RainDance|[from] ability: Drizzle|[of] p2a: Pelipper\n|-formechange|p1a: máodùn|Aegislash-Blade||[from] ability: Stance Change\n|move|p1a: máodùn|Shadow Ball|p2a: Pelipper\n|-damage|p2a: Pelipper|51/100\n|\n|-weather|RainDance|[upkeep]\n|-heal|p1a: máodùn|23/100|[from] item: Leftovers\n|upkeep\n|turn|13\n|\n|t:|1771240111\n|move|p1a: máodùn|Shadow Ball|p2a: Pelipper\n|-damage|p2a: Pelipper|0 fnt\n|faint|p2a: Pelipper\n|\n|-weather|RainDance|[upkeep]\n|-heal|p1a: máodùn|29/100|[from] item: Leftovers\n|upkeep\n|\n|t:|1771240115\n|switch|p2a: Kingdra|Kingdra, F|56/100 tox\n|turn|14\n|\n|t:|1771240118\n|move|p2a: Kingdra|Weather Ball|p1a: máodùn\n|-damage|p1a: máodùn|0 fnt\n|faint|p1a: máodùn\n|\n|-weather|RainDance|[upkeep]\n|-damage|p2a: Kingdra|50/100 tox|[from] psn\n|upkeep\n|\n|t:|1771240121\n|switch|p1a: Shi Yan Ming|Medicham, F, shiny|100/100\n|-damage|p1a: Shi Yan Ming|94/100|[from] Stealth Rock\n|turn|15\n|\n|t:|1771240124\n|detailschange|p1a: Shi Yan Ming|Medicham-Mega, F, shiny\n|-mega|p1a: Shi Yan Ming|Medicham|Medichamite\n|move|p1a: Shi Yan Ming|Fake Out|p2a: Kingdra\n|-damage|p2a: Kingdra|21/100 tox\n|cant|p2a: Kingdra|flinch\n|\n|-weather|RainDance|[upkeep]\n|-damage|p2a: Kingdra|9/100 tox|[from] psn\n|upkeep\n|turn|16\n|\n|t:|1771240127\n|move|p1a: Shi Yan Ming|Bullet Punch|p2a: Kingdra\n|-resisted|p2a: Kingdra\n|-damage|p2a: Kingdra|0 fnt\n|faint|p2a: Kingdra\n|\n|-weather|RainDance|[upkeep]\n|upkeep\n|\n|t:|1771240129\n|switch|p2a: Barraskewda|Barraskewda, F|28/100\n|turn|17\n|inactive|Misty Biitch has 120 seconds left.\n|inactive|Misty Biitch has 90 seconds left.\n|inactive|Misty Biitch has 60 seconds left.\n|inactive|Misty Biitch has 30 seconds left.\n|inactive|Misty Biitch has 20 seconds left.\n|inactive|Misty Biitch has 15 seconds left.\n|inactive|Misty Biitch has 10 seconds left.\n|inactive|Misty Biitch has 5 seconds left.\n|-message|Misty Biitch lost due to inactivity.\n|\n|win|Yaoshi\n|raw|Yaoshi's rating: 1540 &rarr; <strong>1564</strong><br />(+24 for winning)\n|raw|Misty Biitch's rating: 1602 &rarr; <strong>1578</strong><br />(-24 for losing)\n|l|☆Yaoshi\n|player|p1|\n|l|☆Misty Biitch\n|player|p2|\n", "uploadtime": 1771240580, "views": 7, "formatid": "gen9nationaldex", "rating": 1564, "private": 0, "password": null}