{"id": "gen9nationaldex-2540299078", "format": "[Gen 9] National Dex", "players": ["whiteeey_11x", "iammistagrinch"], "log": "|j|☆whiteeey_11x\n|j|☆iammistagrinch\n|t:|1771186101\n|gametype|singles\n|player|p1|whiteeey_11x|byron|1576\n|player|p2|iammistagrinch|102|1618\n|gen|9\n|tier|[Gen 9] National Dex\n|rated|\n|rule|HP Percentage Mod: HP is shown in percentages\n|rule|Endless Battle Clause: Forcing endless battles is banned\n|rule|Species Clause: Limit one of each Pokémon\n|rule|OHKO Clause: OHKO moves are banned\n|rule|Evasion Clause: Evasion abilities, items, and moves are banned\n|rule|Evasion Abilities Clause: Evasion abilities are banned\n|rule|Evasion Items Clause: Evasion items are banned\n|rule|Evasion Moves Clause: Evasion moves are banned\n|rule|Sleep Clause Mod: Limit one foe put to sleep\n|rule|Terastal Clause: You cannot Terastallize\n|clearpoke\n|poke|p1|Indeedee, M|\n|poke|p1|Medicham, M|\n|poke|p1|Araquanid, F|\n|poke|p1|Kingambit, M|\n|poke|p1|Corviknight, M|\n|poke|p1|Sinistcha|\n|poke|p2|Clefable, F|\n|poke|p2|Slowking-Galar, M|\n|poke|p2|Skarmory, M|\n|poke|p2|Latios, M|\n|poke|p2|Ting-Lu|\n|poke|p2|Gholdengo|\n|teampreview\n|inactive|Battle timer is ON: inactive players will automatically lose when time's up. (requested by iammistagrinch)\n|\n|t:|1771186122\n|teamsize|p1|6\n|teamsize|p2|6\n|start\n|switch|p1a: Own Souul|Medicham, M|100/100\n|switch|p2a: Ting-Lu|Ting-Lu|100/100\n|-ability|p2a: Ting-Lu|Vessel of Ruin\n|turn|1\n|\n|t:|1771186137\n|switch|p2a: Latios|Latios, M|100/100\n|detailschange|p1a: Own Souul|Medicham-Mega, M\n|-mega|p1a: Own Souul|Medicham|Medichamite\n|move|p1a: Own Souul|Close Combat|p2a: Latios\n|-resisted|p2a: Latios\n|-damage|p2a: Latios|27/100\n|-unboost|p1a: Own Souul|def|1\n|-unboost|p1a: Own Souul|spd|1\n|\n|upkeep\n|turn|2\n|\n|t:|1771186152\n|switch|p1a: Noaa|Kingambit, M|100/100\n|detailschange|p2a: Latios|Latios-Mega, M\n|-mega|p2a: Latios|Latios|Latiosite\n|move|p2a: Latios|Roost|p2a: Latios\n|-heal|p2a: Latios|77/100\n|-singleturn|p2a: Latios|move: Roost\n|\n|upkeep\n|turn|3\n|\n|t:|1771186159\n|switch|p2a: Ting-Lu|Ting-Lu|100/100\n|-ability|p2a: Ting-Lu|Vessel of Ruin\n|move|p1a: Noaa|Knock Off|p2a: Ting-Lu\n|-resisted|p2a: Ting-Lu\n|-damage|p2a: Ting-Lu|82/100\n|-enditem|p2a: Ting-Lu|Leftovers|[from] move: Knock Off|[of] p1a: Noaa\n|\n|upkeep\n|turn|4\n|\n|t:|1771186167\n|-end|p1a: Noaa|fallenundefined|[silent]\n|switch|p1a: Own Souul|Medicham-Mega, M|100/100\n|move|p2a: Ting-Lu|Stealth Rock|p1a: Own Souul\n|-sidestart|p1: whiteeey_11x|move: Stealth Rock\n|\n|upkeep\n|turn|5\n|\n|t:|1771186175\n|switch|p2a: Gholdengo|Gholdengo|100/100\n|move|p1a: Own Souul|Zen Headbutt|p2a: Gholdengo\n|-resisted|p2a: Gholdengo\n|-damage|p2a: Gholdengo|61/100\n|\n|upkeep\n|turn|6\n|\n|t:|1771186190\n|switch|p1a: Indeedee|Indeedee, M|100/100\n|-damage|p1a: Indeedee|88/100|[from] Stealth Rock\n|-fieldstart|move: Psychic Terrain|[from] ability: Psychic Surge|[of] p1a: Indeedee\n|move|p2a: Gholdengo|Make It Rain|p1a: Indeedee\n|-damage|p1a: Indeedee|4/100\n|-unboost|p2a: Gholdengo|spa|1\n|\n|upkeep\n|turn|7\n|\n|t:|1771186202\n|move|p2a: Gholdengo|Make It Rain|p1a: Indeedee\n|-damage|p1a: Indeedee|0 fnt\n|-unboost|p2a: Gholdengo|spa|1\n|faint|p1a: Indeedee\n|\n|upkeep\n|inactive|whiteeey_11x has 120 seconds left.\n|\n|t:|1771186233\n|switch|p1a: Teaninaa|Sinistcha|100/100\n|-damage|p1a: Teaninaa|88/100|[from] Stealth Rock\n|turn|8\n|\n|t:|1771186257\n|switch|p2a: Ting-Lu|Ting-Lu|82/100\n|-ability|p2a: Ting-Lu|Vessel of Ruin\n|move|p1a: Teaninaa|Calm Mind|p1a: Teaninaa\n|-boost|p1a: Teaninaa|spa|1\n|-boost|p1a: Teaninaa|spd|1\n|\n|-heal|p1a: Teaninaa|94/100|[from] item: Leftovers\n|upkeep\n|turn|9\n|\n|t:|1771186265\n|move|p1a: Teaninaa|Calm Mind|p1a: Teaninaa\n|-boost|p1a: Teaninaa|spa|1\n|-boost|p1a: Teaninaa|spd|1\n|move|p2a: Ting-Lu|Whirlwind|p1a: Teaninaa\n|drag|p1a: Noaa|Kingambit, M|100/100\n|-damage|p1a: Noaa|94/100|[from] Stealth Rock\n|-activate|p1a: Noaa|ability: Supreme Overlord\n|-start|p1a: Noaa|fallen1|[silent]\n|\n|upkeep\n|turn|10\n|\n|t:|1771186275\n|-end|p1a: Noaa|fallen1|[silent]\n|switch|p1a: Karasuno|Corviknight, M|100/100\n|-damage|p1a: Karasuno|88/100|[from] Stealth Rock\n|-ability|p1a: Karasuno|Pressure\n|move|p2a: Ting-Lu|Ruination|p1a: Karasuno\n|-damage|p1a: Karasuno|44/100\n|\n|-fieldend|move: Psychic Terrain\n|upkeep\n|turn|11\n|\n|t:|1771186305\n|move|p1a: Karasuno|Roost|p1a: Karasuno\n|-heal|p1a: Karasuno|94/100\n|-singleturn|p1a: Karasuno|move: Roost\n|move|p2a: Ting-Lu|Whirlwind|p1a: Karasuno\n|drag|p1a: Noaa|Kingambit, M|94/100\n|-damage|p1a: Noaa|88/100|[from] Stealth Rock\n|-activate|p1a: Noaa|ability: Supreme Overlord\n|-start|p1a: Noaa|fallen1|[silent]\n|\n|upkeep\n|turn|12\n|\n|t:|1771186317\n|-end|p1a: Noaa|fallen1|[silent]\n|switch|p1a: Gwenn|Araquanid, F|100/100\n|-damage|p1a: Gwenn|75/100|[from] Stealth Rock\n|move|p2a: Ting-Lu|Ruination|p1a: Gwenn\n|-damage|p1a: Gwenn|38/100\n|\n|upkeep\n|turn|13\n|\n|t:|1771186325\n|switch|p2a: Gholdengo|Gholdengo|61/100\n|move|p1a: Gwenn|Toxic|p2a: Gholdengo\n|-immune|p2a: Gholdengo|[from] ability: Good as Gold\n|\n|upkeep\n|turn|14\n|\n|t:|1771186335\n|move|p2a: Gholdengo|Shadow Ball|p1a: Gwenn\n|-damage|p1a: Gwenn|10/100\n|move|p1a: Gwenn|Liquidation|p2a: Gholdengo\n|-damage|p2a: Gholdengo|8/100\n|\n|upkeep\n|turn|15\n|-enditem|p1a: Gwenn|Custap Berry|[eat]\n|-activate|p1a: Gwenn|item: Custap Berry|[consumed]\n|\n|t:|1771186347\n|move|p1a: Gwenn|Liquidation|p2a: Gholdengo\n|-damage|p2a: Gholdengo|0 fnt\n|faint|p2a: Gholdengo\n|\n|upkeep\n|\n|t:|1771186354\n|switch|p2a: Skarmory|Skarmory, M|100/100\n|turn|16\n|\n|t:|1771186358\n|move|p2a: Skarmory|Spikes|p1a: Gwenn\n|-sidestart|p1: whiteeey_11x|Spikes\n|move|p1a: Gwenn|Sticky Web|p2a: Skarmory\n|-sidestart|p2: iammistagrinch|move: Sticky Web\n|\n|upkeep\n|turn|17\n|\n|t:|1771186377\n|switch|p1a: Teaninaa|Sinistcha|94/100\n|-damage|p1a: Teaninaa|82/100|[from] Stealth Rock\n|-damage|p1a: Teaninaa|70/100|[from] Spikes\n|move|p2a: Skarmory|Spikes|p1a: Teaninaa\n|-sidestart|p1: whiteeey_11x|Spikes\n|\n|-heal|p1a: Teaninaa|76/100|[from] item: Leftovers\n|upkeep\n|turn|18\n|\n|t:|1771186390\n|move|p2a: Skarmory|Brave Bird|p1a: Teaninaa\n|-supereffective|p1a: Teaninaa\n|-damage|p1a: Teaninaa|18/100\n|-damage|p2a: Skarmory|81/100|[from] Recoil\n|move|p1a: Teaninaa|Calm Mind|p1a: Teaninaa\n|-boost|p1a: Teaninaa|spa|1\n|-boost|p1a: Teaninaa|spd|1\n|\n|-heal|p1a: Teaninaa|24/100|[from] item: Leftovers\n|upkeep\n|turn|19\n|\n|t:|1771186408\n|move|p2a: Skarmory|Body Press|p1a: Teaninaa\n|-immune|p1a: Teaninaa\n|move|p1a: Teaninaa|Strength Sap|p2a: Skarmory\n|-unboost|p2a: Skarmory|atk|1\n|-heal|p1a: Teaninaa|81/100\n|\n|-heal|p1a: Teaninaa|87/100|[from] item: Leftovers\n|upkeep\n|turn|20\n|\n|t:|1771186420\n|switch|p2a: Latios|Latios-Mega, M|77/100\n|move|p1a: Teaninaa|Shadow Ball|p2a: Latios\n|-supereffective|p2a: Latios\n|-damage|p2a: Latios|0 fnt\n|faint|p2a: Latios\n|detailschange|p2: Latios|Latios, M|[silent]\n|\n|-heal|p1a: Teaninaa|93/100|[from] item: Leftovers\n|upkeep\n|\n|t:|1771186428\n|switch|p2a: Ting-Lu|Ting-Lu|82/100\n|-activate|p2a: Ting-Lu|move: Sticky Web\n|-unboost|p2a: Ting-Lu|spe|1\n|-ability|p2a: Ting-Lu|Vessel of Ruin\n|turn|21\n|\n|t:|1771186433\n|move|p1a: Teaninaa|Matcha Gotcha|p2a: Ting-Lu|[miss]\n|-miss|p1a: Teaninaa|p2a: Ting-Lu\n|move|p2a: Ting-Lu|Whirlwind|p1a: Teaninaa\n|drag|p1a: Gwenn|Araquanid, F|10/100\n|-damage|p1a: Gwenn|0 fnt|[from] Stealth Rock\n|faint|p1a: Gwenn\n|\n|upkeep\n|\n|t:|1771186446\n|switch|p1a: Own Souul|Medicham-Mega, M|100/100\n|-damage|p1a: Own Souul|94/100|[from] Stealth Rock\n|-damage|p1a: Own Souul|78/100|[from] Spikes\n|turn|22\n|\n|t:|1771186452\n|switch|p2a: Slowking|Slowking-Galar, M|100/100\n|move|p1a: Own Souul|Ice Punch|p2a: Slowking\n|-damage|p2a: Slowking|55/100\n|\n|upkeep\n|turn|23\n|\n|t:|1771186459\n|move|p1a: Own Souul|Zen Headbutt|p2a: Slowking|[miss]\n|-miss|p1a: Own Souul|p2a: Slowking\n|move|p2a: Slowking|Future Sight|p1a: Own Souul\n|-start|p2a: Slowking|move: Future Sight\n|\n|upkeep\n|turn|24\n|\n|t:|1771186466\n|move|p1a: Own Souul|Zen Headbutt|p2a: Slowking\n|-damage|p2a: Slowking|0 fnt\n|faint|p2a: Slowking\n|\n|upkeep\n|\n|t:|1771186475\n|switch|p2a: Skarmory|Skarmory, M|81/100\n|turn|25\n|\n|t:|1771186482\n|switch|p1a: Noaa|Kingambit, M|88/100\n|-damage|p1a: Noaa|82/100|[from] Stealth Rock\n|-damage|p1a: Noaa|65/100|[from] Spikes\n|-activate|p1a: Noaa|ability: Supreme Overlord\n|-start|p1a: Noaa|fallen2|[silent]\n|move|p2a: Skarmory|Brave Bird|p1a: Noaa\n|-resisted|p1a: Noaa\n|-damage|p1a: Noaa|53/100\n|-damage|p2a: Skarmory|76/100|[from] Recoil\n|\n|-end|p1a: Noaa|move: Future Sight\n|-immune|p1a: Noaa\n|upkeep\n|turn|26\n|\n|t:|1771186499\n|-end|p1a: Noaa|fallen2|[silent]\n|switch|p1a: Teaninaa|Sinistcha|93/100\n|-damage|p1a: Teaninaa|81/100|[from] Stealth Rock\n|-damage|p1a: Teaninaa|64/100|[from] Spikes\n|move|p2a: Skarmory|Body Press|p1a: Teaninaa\n|-immune|p1a: Teaninaa\n|\n|-heal|p1a: Teaninaa|70/100|[from] item: Leftovers\n|upkeep\n|turn|27\n|\n|t:|1771186508\n|switch|p1a: Karasuno|Corviknight, M|94/100\n|-damage|p1a: Karasuno|82/100|[from] Stealth Rock\n|-ability|p1a: Karasuno|Pressure\n|move|p2a: Skarmory|Brave Bird|p1a: Karasuno\n|-resisted|p1a: Karasuno\n|-damage|p1a: Karasuno|72/100\n|-damage|p2a: Skarmory|59/100|[from] item: Rocky Helmet|[of] p1a: Karasuno\n|-damage|p2a: Skarmory|55/100|[from] Recoil\n|\n|upkeep\n|turn|28\n|-message|iammistagrinch forfeited.\n|\n|win|whiteeey_11x\n|raw|whiteeey_11x's rating: 1576 &rarr; <strong>1598</strong><br />(+22 for winning)\n|raw|iammistagrinch's rating: 1618 &rarr; <strong>1596</strong><br />(-22 for losing)\n|l|☆iammistagrinch\n|player|p2|\n", "uploadtime": 1771186679, "views": 9, "formatid": "gen9nationaldex", "rating": 1596, "private": 0, "password": null}