{"id": "gen9nationaldex-2540695160", "format": "[Gen 9] National Dex", "players": ["Yaoshi", "Frost12080000"], "log": "|j|☆Yaoshi\n|j|☆Frost12080000\n|t:|1771241625\n|gametype|singles\n|player|p1|Yaoshi|silver-masters|1612\n|player|p2|Frost12080000|burglar|1625\n|gen|9\n|tier|[Gen 9] National Dex\n|rated|\n|rule|HP Percentage Mod: HP is shown in percentages\n|rule|Endless Battle Clause: Forcing endless battles is banned\n|rule|Species Clause: Limit one of each Pokémon\n|rule|OHKO Clause: OHKO moves are banned\n|rule|Evasion Clause: Evasion abilities, items, and moves are banned\n|rule|Evasion Abilities Clause: Evasion abilities are banned\n|rule|Evasion Items Clause: Evasion items are banned\n|rule|Evasion Moves Clause: Evasion moves are banned\n|rule|Sleep Clause Mod: Limit one foe put to sleep\n|rule|Terastal Clause: You cannot Terastallize\n|clearpoke\n|poke|p1|Landorus-Therian, M|\n|poke|p1|Medicham, M|\n|poke|p1|Victini|\n|poke|p1|Aegislash, M|\n|poke|p1|Kyurem|\n|poke|p1|Alomomola, M|\n|poke|p2|Chansey, F|\n|poke|p2|Pecharunt|\n|poke|p2|Tapu Fini|\n|poke|p2|Zapdos|\n|poke|p2|Ogerpon-Cornerstone, F|\n|poke|p2|Scizor, F|\n|teampreview\n|inactive|Battle timer is ON: inactive players will automatically lose when time's up. (requested by Yaoshi)\n|\n|t:|1771241639\n|teamsize|p1|6\n|teamsize|p2|6\n|start\n|switch|p1a: YingLong|Landorus-Therian, M, shiny|100/100\n|switch|p2a: Scizor|Scizor, F|100/100\n|-ability|p1a: YingLong|Intimidate|boost\n|-unboost|p2a: Scizor|atk|1\n|turn|1\n|\n|t:|1771241644\n|detailschange|p2a: Scizor|Scizor-Mega, F\n|-mega|p2a: Scizor|Scizor|Scizorite\n|move|p1a: YingLong|U-turn|p2a: Scizor\n|-resisted|p2a: Scizor\n|-damage|p2a: Scizor|89/100\n|\n|t:|1771241646\n|switch|p1a: Aoyu|Alomomola, M|100/100|[from] U-turn\n|move|p2a: Scizor|Swords Dance|p2a: Scizor\n|-boost|p2a: Scizor|atk|2\n|\n|upkeep\n|turn|2\n|\n|t:|1771241658\n|move|p2a: Scizor|Swords Dance|p2a: Scizor\n|-boost|p2a: Scizor|atk|2\n|move|p1a: Aoyu|Flip Turn|p2a: Scizor\n|-damage|p2a: Scizor|76/100\n|\n|t:|1771241664\n|switch|p1a: Nezha|Victini|100/100|[from] Flip Turn\n|\n|upkeep\n|turn|3\n|\n|t:|1771241674\n|switch|p2a: Pecharunt|Pecharunt|100/100\n|move|p1a: Nezha|V-create|p2a: Pecharunt\n|-damage|p2a: Pecharunt|62/100\n|-unboost|p1a: Nezha|spe|1\n|-unboost|p1a: Nezha|def|1\n|-unboost|p1a: Nezha|spd|1\n|-damage|p1a: Nezha|84/100|[from] item: Rocky Helmet|[of] p2a: Pecharunt\n|\n|upkeep\n|turn|4\n|\n|t:|1771241680\n|switch|p1a: máodùn|Aegislash, M, shiny|100/100\n|move|p2a: Pecharunt|Recover|p2a: Pecharunt\n|-heal|p2a: Pecharunt|100/100\n|\n|upkeep\n|turn|5\n|\n|t:|1771241685\n|move|p2a: Pecharunt|Shadow Ball|p1a: máodùn\n|-supereffective|p1a: máodùn\n|-damage|p1a: máodùn|72/100\n|-unboost|p1a: máodùn|spd|1\n|-formechange|p1a: máodùn|Aegislash-Blade||[from] ability: Stance Change\n|move|p1a: máodùn|Shadow Ball|p2a: Pecharunt\n|-supereffective|p2a: Pecharunt\n|-damage|p2a: Pecharunt|22/100\n|\n|-heal|p1a: máodùn|78/100|[from] item: Leftovers\n|upkeep\n|turn|6\n|\n|t:|1771241691\n|switch|p2a: Chansey|Chansey, F|100/100\n|-formechange|p1a: máodùn|Aegislash||[from] ability: Stance Change\n|move|p1a: máodùn|King's Shield||[still]\n|-fail|p1a: máodùn\n|\n|-heal|p1a: máodùn|84/100|[from] item: Leftovers\n|upkeep\n|turn|7\n|\n|t:|1771241694\n|move|p1a: máodùn|Toxic|p2a: Chansey\n|-status|p2a: Chansey|tox\n|move|p2a: Chansey|Psywave|p1a: máodùn\n|-damage|p1a: máodùn|58/100\n|\n|-heal|p1a: máodùn|64/100|[from] item: Leftovers\n|-damage|p2a: Chansey|94/100 tox|[from] psn\n|upkeep\n|turn|8\n|\n|t:|1771241699\n|switch|p1a: YingLong|Landorus-Therian, M, shiny|100/100\n|-ability|p1a: YingLong|Intimidate|boost\n|-unboost|p2a: Chansey|atk|1\n|move|p2a: Chansey|Teleport|p2a: Chansey\n|\n|t:|1771241705\n|-curestatus|p2a: Chansey|tox|[from] ability: Natural Cure\n|switch|p2a: Tapu Fini|Tapu Fini, shiny|100/100|[from] Teleport\n|-fieldstart|move: Misty Terrain|[from] ability: Misty Surge|[of] p2a: Tapu Fini\n|\n|upkeep\n|turn|9\n|\n|t:|1771241709\n|move|p1a: YingLong|U-turn|p2a: Tapu Fini\n|-resisted|p2a: Tapu Fini\n|-damage|p2a: Tapu Fini|91/100\n|\n|t:|1771241712\n|switch|p1a: Wuji|Kyurem|100/100|[from] U-turn\n|-ability|p1a: Wuji|Pressure\n|move|p2a: Tapu Fini|Calm Mind|p2a: Tapu Fini\n|-boost|p2a: Tapu Fini|spa|1\n|-boost|p2a: Tapu Fini|spd|1\n|\n|-heal|p2a: Tapu Fini|98/100|[from] item: Leftovers\n|upkeep\n|turn|10\n|\n|t:|1771241716\n|move|p1a: Wuji|Freeze-Dry|p2a: Tapu Fini\n|-supereffective|p2a: Tapu Fini\n|-damage|p2a: Tapu Fini|37/100\n|move|p2a: Tapu Fini|Draining Kiss|p1a: Wuji\n|-supereffective|p1a: Wuji\n|-damage|p1a: Wuji|51/100\n|-heal|p2a: Tapu Fini|78/100|[from] drain|[of] p1a: Wuji\n|\n|-heal|p2a: Tapu Fini|85/100|[from] item: Leftovers\n|upkeep\n|turn|11\n|\n|t:|1771241719\n|move|p1a: Wuji|Freeze-Dry|p2a: Tapu Fini\n|-supereffective|p2a: Tapu Fini\n|-damage|p2a: Tapu Fini|29/100\n|move|p2a: Tapu Fini|Calm Mind|p2a: Tapu Fini\n|-boost|p2a: Tapu Fini|spa|1\n|-boost|p2a: Tapu Fini|spd|1\n|\n|-heal|p2a: Tapu Fini|35/100|[from] item: Leftovers\n|upkeep\n|turn|12\n|\n|t:|1771241722\n|move|p1a: Wuji|Freeze-Dry|p2a: Tapu Fini\n|-supereffective|p2a: Tapu Fini\n|-damage|p2a: Tapu Fini|0 fnt\n|faint|p2a: Tapu Fini\n|\n|-fieldend|Misty Terrain\n|upkeep\n|\n|t:|1771241726\n|switch|p2a: Scizor|Scizor-Mega, F|76/100\n|turn|13\n|\n|t:|1771241730\n|switch|p1a: Aoyu|Alomomola, M|100/100\n|move|p2a: Scizor|Close Combat|p1a: Aoyu\n|-damage|p1a: Aoyu|73/100\n|-unboost|p2a: Scizor|def|1\n|-unboost|p2a: Scizor|spd|1\n|-damage|p2a: Scizor|59/100|[from] item: Rocky Helmet|[of] p1a: Aoyu\n|\n|upkeep\n|turn|14\n|\n|t:|1771241733\n|switch|p2a: Zapdos|Zapdos|100/100\n|move|p1a: Aoyu|Flip Turn|p2a: Zapdos\n|-damage|p2a: Zapdos|88/100\n|\n|t:|1771241738\n|switch|p1a: Wuji|Kyurem|51/100|[from] Flip Turn\n|-ability|p1a: Wuji|Pressure\n|\n|upkeep\n|turn|15\n|inactive|Frost12080000 has 120 seconds left.\n|\n|t:|1771241783\n|switch|p2a: Scizor|Scizor-Mega, F|59/100\n|move|p1a: Wuji|Ice Beam|p2a: Scizor\n|-resisted|p2a: Scizor\n|-damage|p2a: Scizor|23/100\n|\n|upkeep\n|turn|16\n|\n|t:|1771241790\n|switch|p1a: Aoyu|Alomomola, M|100/100\n|move|p2a: Scizor|Bullet Punch|p1a: Aoyu\n|-resisted|p1a: Aoyu\n|-damage|p1a: Aoyu|90/100\n|-damage|p2a: Scizor|7/100|[from] item: Rocky Helmet|[of] p1a: Aoyu\n|\n|upkeep\n|turn|17\n|\n|t:|1771241798\n|switch|p2a: Zapdos|Zapdos|88/100\n|move|p1a: Aoyu|Flip Turn|p2a: Zapdos\n|-damage|p2a: Zapdos|77/100\n|-status|p1a: Aoyu|par|[from] ability: Static|[of] p2a: Zapdos\n|\n|t:|1771241807\n|switch|p1a: Wuji|Kyurem|51/100|[from] Flip Turn\n|-ability|p1a: Wuji|Pressure\n|\n|upkeep\n|turn|18\n|\n|t:|1771241827\n|switch|p2a: Chansey|Chansey, F|94/100\n|move|p1a: Wuji|Ice Beam|p2a: Chansey\n|-damage|p2a: Chansey|77/100\n|\n|upkeep\n|turn|19\n|\n|t:|1771241831\n|switch|p1a: YingLong|Landorus-Therian, M, shiny|100/100\n|-ability|p1a: YingLong|Intimidate|boost\n|-unboost|p2a: Chansey|atk|1\n|move|p2a: Chansey|Psywave|p1a: YingLong\n|-damage|p1a: YingLong|72/100\n|\n|upkeep\n|turn|20\n|\n|t:|1771241835\n|switch|p2a: Zapdos|Zapdos|77/100\n|move|p1a: YingLong|U-turn|p2a: Zapdos\n|-resisted|p2a: Zapdos\n|-damage|p2a: Zapdos|66/100\n|\n|t:|1771241846\n|switch|p1a: Wuji|Kyurem|51/100|[from] U-turn\n|-ability|p1a: Wuji|Pressure\n|\n|upkeep\n|turn|21\n|\n|t:|1771241852\n|switch|p2a: Chansey|Chansey, F|77/100\n|move|p1a: Wuji|Draco Meteor|p2a: Chansey|[miss]\n|-miss|p1a: Wuji|p2a: Chansey\n|\n|upkeep\n|turn|22\n|\n|t:|1771241856\n|switch|p1a: YingLong|Landorus-Therian, M, shiny|72/100\n|-ability|p1a: YingLong|Intimidate|boost\n|-unboost|p2a: Chansey|atk|1\n|move|p2a: Chansey|Psywave|p1a: YingLong\n|-damage|p1a: YingLong|39/100\n|\n|upkeep\n|turn|23\n|\n|t:|1771241863\n|switch|p2a: Zapdos|Zapdos|66/100\n|move|p1a: YingLong|Stone Edge|p2a: Zapdos\n|-supereffective|p2a: Zapdos\n|-damage|p2a: Zapdos|3/100\n|\n|upkeep\n|turn|24\n|\n|t:|1771241867\n|move|p1a: YingLong|Stone Edge|p2a: Zapdos\n|-supereffective|p2a: Zapdos\n|-damage|p2a: Zapdos|0 fnt\n|faint|p2a: Zapdos\n|\n|upkeep\n|\n|t:|1771241870\n|switch|p2a: Ogerpon|Ogerpon-Cornerstone, F|100/100\n|turn|25\n|\n|t:|1771241875\n|switch|p1a: máodùn|Aegislash, M, shiny|64/100\n|move|p2a: Ogerpon|Swords Dance|p2a: Ogerpon\n|-boost|p2a: Ogerpon|atk|2\n|\n|-heal|p1a: máodùn|71/100|[from] item: Leftovers\n|upkeep\n|turn|26\n|\n|t:|1771241880\n|move|p2a: Ogerpon|Swords Dance|p2a: Ogerpon\n|-boost|p2a: Ogerpon|atk|2\n|move|p1a: máodùn|Toxic|p2a: Ogerpon\n|-status|p2a: Ogerpon|tox\n|\n|-heal|p1a: máodùn|77/100|[from] item: Leftovers\n|-damage|p2a: Ogerpon|95/100 tox|[from] psn\n|upkeep\n|turn|27\n|\n|t:|1771241882\n|move|p1a: máodùn|King's Shield|p1a: máodùn\n|-singleturn|p1a: máodùn|Protect\n|move|p2a: Ogerpon|Encore|p1a: máodùn\n|-start|p1a: máodùn|Encore\n|\n|-heal|p1a: máodùn|83/100|[from] item: Leftovers\n|-damage|p2a: Ogerpon|83/100 tox|[from] psn\n|upkeep\n|turn|28\n|\n|t:|1771241893\n|move|p1a: máodùn|King's Shield||[still]\n|-fail|p1a: máodùn\n|move|p2a: Ogerpon|Ivy Cudgel|p1a: máodùn|[anim] Ivy Cudgel Rock\n|-resisted|p1a: máodùn\n|-damage|p1a: máodùn|10/100\n|\n|-heal|p1a: máodùn|16/100|[from] item: Leftovers\n|-damage|p2a: Ogerpon|65/100 tox|[from] psn\n|upkeep\n|turn|29\n|\n|t:|1771241896\n|move|p1a: máodùn|King's Shield|p1a: máodùn\n|-singleturn|p1a: máodùn|Protect\n|move|p2a: Ogerpon|Horn Leech|p1a: máodùn\n|-activate|p1a: máodùn|move: Protect\n|-unboost|p2a: Ogerpon|atk|1\n|\n|-heal|p1a: máodùn|22/100|[from] item: Leftovers\n|-damage|p2a: Ogerpon|41/100 tox|[from] psn\n|upkeep\n|turn|30\n|\n|t:|1771241902\n|move|p1a: máodùn|King's Shield|p1a: máodùn\n|-singleturn|p1a: máodùn|Protect\n|move|p2a: Ogerpon|Horn Leech|p1a: máodùn\n|-activate|p1a: máodùn|move: Protect\n|-unboost|p2a: Ogerpon|atk|1\n|\n|-heal|p1a: máodùn|28/100|[from] item: Leftovers\n|-damage|p2a: Ogerpon|11/100 tox|[from] psn\n|-end|p1a: máodùn|Encore\n|upkeep\n|turn|31\n|c|☆Frost12080000|???????\n|\n|t:|1771241909\n|move|p1a: máodùn|King's Shield||[still]\n|-fail|p1a: máodùn\n|move|p2a: Ogerpon|Horn Leech|p1a: máodùn\n|-resisted|p1a: máodùn\n|-damage|p1a: máodùn|0 fnt\n|-heal|p2a: Ogerpon|26/100 tox|[from] drain|[of] p1a: máodùn\n|faint|p1a: máodùn\n|\n|-damage|p2a: Ogerpon|0 fnt|[from] psn\n|faint|p2a: Ogerpon\n|upkeep\n|c|☆Yaoshi|1/3 after the first one\n|-message|Frost12080000 forfeited.\n|\n|win|Yaoshi\n|raw|Yaoshi's rating: 1612 &rarr; <strong>1633</strong><br />(+21 for winning)\n|raw|Frost12080000's rating: 1625 &rarr; <strong>1604</strong><br />(-21 for losing)\n|l|☆Frost12080000\n|player|p2|\n|c|☆Yaoshi|1/4 after that\n|l|☆Yaoshi\n|player|p1|\n", "uploadtime": 1771242078, "views": 12, "formatid": "gen9nationaldex", "rating": 1604, "private": 0, "password": null}