{"id": "gen9nationaldex-2540488410", "format": "[Gen 9] National Dex", "players": ["Cerberus 17", "fashionkuaile"], "log": "|j|☆Cerberus 17\n|j|☆fashionkuaile\n|t:|1771208286\n|gametype|singles\n|player|p1|Cerberus 17|cynthia-gen4|1704\n|player|p2|fashionkuaile|miku-psychic|1687\n|gen|9\n|tier|[Gen 9] National Dex\n|rated|\n|rule|HP Percentage Mod: HP is shown in percentages\n|rule|Endless Battle Clause: Forcing endless battles is banned\n|rule|Species Clause: Limit one of each Pokémon\n|rule|OHKO Clause: OHKO moves are banned\n|rule|Evasion Clause: Evasion abilities, items, and moves are banned\n|rule|Evasion Abilities Clause: Evasion abilities are banned\n|rule|Evasion Items Clause: Evasion items are banned\n|rule|Evasion Moves Clause: Evasion moves are banned\n|rule|Sleep Clause Mod: Limit one foe put to sleep\n|rule|Terastal Clause: You cannot Terastallize\n|clearpoke\n|poke|p1|Tyranitar, F|\n|poke|p1|Kartana|\n|poke|p1|Diancie|\n|poke|p1|Excadrill, M|\n|poke|p1|Sinistcha-Masterpiece|\n|poke|p1|Kommo-o, F|\n|poke|p2|Tapu Lele|\n|poke|p2|Zapdos|\n|poke|p2|Ferrothorn, F|\n|poke|p2|Landorus-Therian, M|\n|poke|p2|Alomomola, M|\n|poke|p2|Scizor, F|\n|teampreview\n|inactive|Battle timer is ON: inactive players will automatically lose when time's up. (requested by Cerberus 17)\n|inactive|Cerberus 17 has 120 seconds left.\n|\n|t:|1771208319\n|teamsize|p1|6\n|teamsize|p2|6\n|start\n|switch|p1a: Tyranitar|Tyranitar, F|100/100\n|switch|p2a: Landorus|Landorus-Therian, M|100/100\n|-ability|p2a: Landorus|Intimidate|boost\n|-unboost|p1a: Tyranitar|atk|1\n|-weather|Sandstorm|[from] ability: Sand Stream|[of] p1a: Tyranitar\n|turn|1\n|\n|t:|1771208326\n|move|p2a: Landorus|Earthquake|p1a: Tyranitar\n|-supereffective|p1a: Tyranitar\n|-damage|p1a: Tyranitar|6/100\n|move|p1a: Tyranitar|Avalanche|p2a: Landorus\n|-supereffective|p2a: Landorus\n|-damage|p2a: Landorus|0 fnt\n|faint|p2a: Landorus\n|\n|-weather|Sandstorm|[upkeep]\n|upkeep\n|\n|t:|1771208338\n|switch|p2a: Scizor|Scizor, F|100/100\n|turn|2\n|\n|t:|1771208352\n|switch|p1a: Kommo-o|Kommo-o, F|100/100\n|detailschange|p2a: Scizor|Scizor-Mega, F\n|-mega|p2a: Scizor|Scizor|Scizorite\n|move|p2a: Scizor|Bullet Punch|p1a: Kommo-o\n|-damage|p1a: Kommo-o|73/100\n|\n|-weather|Sandstorm|[upkeep]\n|-damage|p1a: Kommo-o|67/100|[from] Sandstorm\n|upkeep\n|turn|3\n|\n|t:|1771208358\n|switch|p2a: Alomomola|Alomomola, M|100/100\n|move|p1a: Kommo-o|Flamethrower|p2a: Alomomola\n|-resisted|p2a: Alomomola\n|-damage|p2a: Alomomola|93/100\n|\n|-weather|Sandstorm|[upkeep]\n|-damage|p1a: Kommo-o|61/100|[from] Sandstorm\n|-damage|p2a: Alomomola|87/100|[from] Sandstorm\n|upkeep\n|turn|4\n|\n|t:|1771208363\n|move|p1a: Kommo-o|Poison Jab|p2a: Alomomola\n|-damage|p2a: Alomomola|74/100\n|move|p2a: Alomomola|Flip Turn|p1a: Kommo-o\n|-resisted|p1a: Kommo-o\n|-damage|p1a: Kommo-o|53/100\n|\n|t:|1771208367\n|switch|p2a: Tapu Lele|Tapu Lele, shiny|100/100|[from] Flip Turn\n|-fieldstart|move: Psychic Terrain|[from] ability: Psychic Surge|[of] p2a: Tapu Lele\n|\n|-weather|Sandstorm|[upkeep]\n|-damage|p2a: Tapu Lele|94/100|[from] Sandstorm\n|-damage|p1a: Kommo-o|47/100|[from] Sandstorm\n|upkeep\n|turn|5\n|\n|t:|1771208379\n|switch|p1a: Excadrill|Excadrill, M|100/100\n|move|p2a: Tapu Lele|Moonblast|p1a: Excadrill\n|-resisted|p1a: Excadrill\n|-damage|p1a: Excadrill|66/100\n|-unboost|p1a: Excadrill|spa|1\n|\n|-weather|Sandstorm|[upkeep]\n|-damage|p2a: Tapu Lele|88/100|[from] Sandstorm\n|upkeep\n|turn|6\n|\n|t:|1771208385\n|switch|p2a: Zapdos|Zapdos|100/100\n|move|p1a: Excadrill|Rock Slide|p2a: Zapdos\n|-supereffective|p2a: Zapdos\n|-damage|p2a: Zapdos|40/100\n|\n|-weather|Sandstorm|[upkeep]\n|-damage|p2a: Zapdos|34/100|[from] Sandstorm\n|upkeep\n|turn|7\n|\n|t:|1771208403\n|switch|p1a: Diancie|Diancie|100/100\n|move|p2a: Zapdos|Roost|p2a: Zapdos\n|-heal|p2a: Zapdos|84/100\n|-singleturn|p2a: Zapdos|move: Roost\n|\n|-weather|Sandstorm|[upkeep]\n|-damage|p2a: Zapdos|78/100|[from] Sandstorm\n|upkeep\n|turn|8\n|\n|t:|1771208410\n|switch|p2a: Alomomola|Alomomola, M|100/100\n|detailschange|p1a: Diancie|Diancie-Mega\n|-mega|p1a: Diancie|Diancie|Diancite\n|move|p1a: Diancie|Mystical Fire|p2a: Alomomola\n|-resisted|p2a: Alomomola\n|-damage|p2a: Alomomola|92/100\n|-unboost|p2a: Alomomola|spa|1\n|\n|-weather|none\n|-fieldend|move: Psychic Terrain\n|upkeep\n|turn|9\n|\n|t:|1771208412\n|move|p1a: Diancie|Stealth Rock|p2a: Alomomola\n|-sidestart|p2: fashionkuaile|move: Stealth Rock\n|move|p2a: Alomomola|Flip Turn|p1a: Diancie\n|-supereffective|p1a: Diancie\n|-damage|p1a: Diancie|60/100\n|\n|t:|1771208414\n|switch|p2a: Scizor|Scizor-Mega, F|100/100|[from] Flip Turn\n|-damage|p2a: Scizor|88/100|[from] Stealth Rock\n|\n|upkeep\n|turn|10\n|\n|t:|1771208418\n|switch|p1a: Tyranitar|Tyranitar, F|6/100\n|-weather|Sandstorm|[from] ability: Sand Stream|[of] p1a: Tyranitar\n|move|p2a: Scizor|Bullet Punch|p1a: Tyranitar\n|-supereffective|p1a: Tyranitar\n|-damage|p1a: Tyranitar|0 fnt\n|faint|p1a: Tyranitar\n|\n|-weather|Sandstorm|[upkeep]\n|upkeep\n|\n|t:|1771208430\n|switch|p1a: Kommo-o|Kommo-o, F|47/100\n|turn|11\n|\n|t:|1771208436\n|move|p2a: Scizor|Bullet Punch|p1a: Kommo-o\n|-damage|p1a: Kommo-o|19/100\n|-zpower|p1a: Kommo-o\n|move|p1a: Kommo-o|Clangorous Soulblaze|p2a: Scizor|[zeffect]\n|-resisted|p2a: Scizor\n|-damage|p2a: Scizor|52/100\n|-boost|p1a: Kommo-o|atk|1\n|-boost|p1a: Kommo-o|def|1\n|-boost|p1a: Kommo-o|spa|1\n|-boost|p1a: Kommo-o|spd|1\n|-boost|p1a: Kommo-o|spe|1\n|\n|-weather|Sandstorm|[upkeep]\n|-damage|p1a: Kommo-o|13/100|[from] Sandstorm\n|upkeep\n|turn|12\n|\n|t:|1771208439\n|move|p2a: Scizor|Bullet Punch|p1a: Kommo-o\n|-damage|p1a: Kommo-o|0 fnt\n|faint|p1a: Kommo-o\n|\n|-weather|Sandstorm|[upkeep]\n|upkeep\n|\n|t:|1771208443\n|switch|p1a: Excadrill|Excadrill, M|66/100\n|turn|13\n|\n|t:|1771208445\n|move|p1a: Excadrill|Earthquake|p2a: Scizor\n|-damage|p2a: Scizor|3/100\n|move|p2a: Scizor|Roost|p2a: Scizor\n|-heal|p2a: Scizor|54/100\n|-singleturn|p2a: Scizor|move: Roost\n|\n|-weather|Sandstorm|[upkeep]\n|upkeep\n|turn|14\n|\n|t:|1771208452\n|move|p1a: Excadrill|Earthquake|p2a: Scizor\n|-damage|p2a: Scizor|5/100\n|move|p2a: Scizor|Knock Off|p1a: Excadrill\n|-damage|p1a: Excadrill|23/100\n|-enditem|p1a: Excadrill|Choice Band|[from] move: Knock Off|[of] p2a: Scizor\n|\n|-weather|Sandstorm|[upkeep]\n|upkeep\n|turn|15\n|\n|t:|1771208462\n|move|p2a: Scizor|Bullet Punch|p1a: Excadrill\n|-resisted|p1a: Excadrill\n|-damage|p1a: Excadrill|3/100\n|move|p1a: Excadrill|Rock Slide|p2a: Scizor\n|-damage|p2a: Scizor|0 fnt\n|faint|p2a: Scizor\n|detailschange|p2: Scizor|Scizor, F|[silent]\n|\n|-weather|Sandstorm|[upkeep]\n|upkeep\n|\n|t:|1771208474\n|switch|p2a: Alomomola|Alomomola, M|100/100\n|-damage|p2a: Alomomola|88/100|[from] Stealth Rock\n|turn|16\n|\n|t:|1771208493\n|move|p1a: Excadrill|Earthquake|p2a: Alomomola\n|-damage|p2a: Alomomola|54/100\n|move|p2a: Alomomola|Flip Turn|p1a: Excadrill\n|-supereffective|p1a: Excadrill\n|-damage|p1a: Excadrill|0 fnt\n|faint|p1a: Excadrill\n|\n|t:|1771208500\n|switch|p2a: Tapu Lele|Tapu Lele, shiny|88/100|[from] Flip Turn\n|-damage|p2a: Tapu Lele|76/100|[from] Stealth Rock\n|-fieldstart|move: Psychic Terrain|[from] ability: Psychic Surge|[of] p2a: Tapu Lele\n|\n|-weather|Sandstorm|[upkeep]\n|-damage|p2a: Tapu Lele|70/100|[from] Sandstorm\n|upkeep\n|\n|t:|1771208504\n|switch|p1a: Diancie|Diancie-Mega|60/100\n|turn|17\n|\n|t:|1771208508\n|move|p2a: Tapu Lele|Psyshock|p1a: Diancie\n|-damage|p1a: Diancie|0 fnt\n|faint|p1a: Diancie\n|detailschange|p1: Diancie|Diancie|[silent]\n|\n|-weather|none\n|upkeep\n|\n|t:|1771208515\n|switch|p1a: Sinistcha|Sinistcha-Masterpiece|100/100\n|turn|18\n|\n|t:|1771208517\n|move|p2a: Tapu Lele|Psyshock|p1a: Sinistcha\n|-damage|p1a: Sinistcha|61/100\n|move|p1a: Sinistcha|Calm Mind|p1a: Sinistcha\n|-boost|p1a: Sinistcha|spa|1\n|-boost|p1a: Sinistcha|spd|1\n|\n|-heal|p1a: Sinistcha|68/100|[from] item: Leftovers\n|upkeep\n|turn|19\n|\n|t:|1771208522\n|move|p2a: Tapu Lele|Psyshock|p1a: Sinistcha\n|-damage|p1a: Sinistcha|28/100\n|move|p1a: Sinistcha|Matcha Gotcha|p2a: Tapu Lele|[miss]\n|-miss|p1a: Sinistcha|p2a: Tapu Lele\n|\n|-heal|p1a: Sinistcha|34/100|[from] item: Leftovers\n|upkeep\n|turn|20\n|\n|t:|1771208528\n|move|p2a: Tapu Lele|Psyshock|p1a: Sinistcha\n|-damage|p1a: Sinistcha|0 fnt\n|faint|p1a: Sinistcha\n|\n|-fieldend|move: Psychic Terrain\n|upkeep\n|\n|t:|1771208529\n|switch|p1a: Kartana|Kartana|100/100\n|turn|21\n|\n|t:|1771208539\n|switch|p2a: Zapdos|Zapdos|78/100\n|move|p1a: Kartana|Knock Off|p2a: Zapdos\n|-damage|p2a: Zapdos|44/100\n|-enditem|p2a: Zapdos|Heavy-Duty Boots|[from] move: Knock Off|[of] p1a: Kartana\n|\n|upkeep\n|turn|22\n|\n|t:|1771208544\n|move|p1a: Kartana|Knock Off|p2a: Zapdos\n|-damage|p2a: Zapdos|20/100\n|move|p2a: Zapdos|Roost|p2a: Zapdos\n|-heal|p2a: Zapdos|70/100\n|-singleturn|p2a: Zapdos|move: Roost\n|\n|upkeep\n|turn|23\n|-message|Cerberus 17 forfeited.\n|\n|win|fashionkuaile\n|raw|Cerberus 17's rating: 1704 &rarr; <strong>1683</strong><br />(-21 for losing)\n|raw|fashionkuaile's rating: 1687 &rarr; <strong>1708</strong><br />(+21 for winning)\n|l|☆Cerberus 17\n|player|p1|\n|j| PUPeee\n", "uploadtime": 1771208553, "views": 9, "formatid": "gen9nationaldex", "rating": 1683, "private": 0, "password": null}