{"id": "gen9nationaldex-2540732560", "format": "[Gen 9] National Dex", "players": ["AgencyBlundAMD", "tamsyy"], "log": "|j|‽AgencyBlundAMD\n|j|☆tamsyy\n|t:|1771247281\n|gametype|singles\n|player|p1|AgencyBlundAMD|artist-gen4|1620\n|player|p2|tamsyy|ghetsis|1618\n|gen|9\n|tier|[Gen 9] National Dex\n|rated|\n|rule|HP Percentage Mod: HP is shown in percentages\n|rule|Endless Battle Clause: Forcing endless battles is banned\n|rule|Species Clause: Limit one of each Pokémon\n|rule|OHKO Clause: OHKO moves are banned\n|rule|Evasion Clause: Evasion abilities, items, and moves are banned\n|rule|Evasion Abilities Clause: Evasion abilities are banned\n|rule|Evasion Items Clause: Evasion items are banned\n|rule|Evasion Moves Clause: Evasion moves are banned\n|rule|Sleep Clause Mod: Limit one foe put to sleep\n|rule|Terastal Clause: You cannot Terastallize\n|clearpoke\n|poke|p1|Alomomola, M|\n|poke|p1|Garchomp, F|\n|poke|p1|Nidoking, M|\n|poke|p1|Ribombee, F|\n|poke|p1|Ting-Lu|\n|poke|p1|Gholdengo|\n|poke|p2|Diancie|\n|poke|p2|Garchomp, M|\n|poke|p2|Dragonite, M|\n|poke|p2|Volcarona, M|\n|poke|p2|Terapagos, M|\n|poke|p2|Kingambit, F|\n|teampreview\n|inactive|Battle timer is ON: inactive players will automatically lose when time's up. (requested by tamsyy)\n|inactive|AgencyBlundAMD has 120 seconds left.\n|\n|t:|1771247326\n|teamsize|p1|6\n|teamsize|p2|6\n|start\n|switch|p1a: Alomomola|Alomomola, M|100/100\n|switch|p2a: Diancie|Diancie|100/100\n|turn|1\n|\n|t:|1771247350\n|move|p2a: Diancie|Stealth Rock|p1a: Alomomola\n|-sidestart|p1: AgencyBlundAMD|move: Stealth Rock\n|move|p1a: Alomomola|Flip Turn|p2a: Diancie\n|-supereffective|p2a: Diancie\n|-damage|p2a: Diancie|76/100\n|\n|t:|1771247358\n|switch|p1a: Gholdengo|Gholdengo|100/100|[from] Flip Turn\n|-damage|p1a: Gholdengo|95/100|[from] Stealth Rock\n|\n|upkeep\n|turn|2\n|\n|t:|1771247367\n|detailschange|p2a: Diancie|Diancie-Mega\n|-mega|p2a: Diancie|Diancie|Diancite\n|move|p1a: Gholdengo|Make It Rain|p2a: Diancie\n|-supereffective|p2a: Diancie\n|-damage|p2a: Diancie|0 fnt\n|-unboost|p1a: Gholdengo|spa|1\n|faint|p2a: Diancie\n|detailschange|p2: Diancie|Diancie|[silent]\n|\n|upkeep\n|inactive|tamsyy has 120 seconds left.\n|\n|t:|1771247395\n|switch|p2a: Volcarona|Volcarona, M|100/100\n|turn|3\n|inactive|AgencyBlundAMD has 120 seconds left.\n|\n|t:|1771247432\n|switch|p1a: Ting-Lu|Ting-Lu|100/100\n|-damage|p1a: Ting-Lu|94/100|[from] Stealth Rock\n|-ability|p1a: Ting-Lu|Vessel of Ruin\n|move|p2a: Volcarona|Substitute|p2a: Volcarona\n|-start|p2a: Volcarona|Substitute\n|-damage|p2a: Volcarona|76/100\n|\n|-heal|p2a: Volcarona|82/100|[from] item: Leftovers\n|-heal|p1a: Ting-Lu|100/100|[from] item: Leftovers\n|upkeep\n|turn|4\n|\n|t:|1771247435\n|move|p2a: Volcarona|Quiver Dance|p2a: Volcarona\n|-boost|p2a: Volcarona|spa|1\n|-boost|p2a: Volcarona|spd|1\n|-boost|p2a: Volcarona|spe|1\n|move|p1a: Ting-Lu|Whirlwind|p2a: Volcarona\n|drag|p2a: Dragonite|Dragonite, M|100/100\n|\n|upkeep\n|turn|5\n|\n|t:|1771247439\n|switch|p2a: Volcarona|Volcarona, M|82/100\n|move|p1a: Ting-Lu|Ruination|p2a: Volcarona\n|-damage|p2a: Volcarona|41/100\n|\n|-heal|p2a: Volcarona|47/100|[from] item: Leftovers\n|upkeep\n|turn|6\n|\n|t:|1771247443\n|move|p2a: Volcarona|Bug Buzz|p1a: Ting-Lu\n|-supereffective|p1a: Ting-Lu\n|-damage|p1a: Ting-Lu|60/100\n|move|p1a: Ting-Lu|Stealth Rock|p2a: Volcarona\n|-sidestart|p2: tamsyy|move: Stealth Rock\n|\n|-heal|p2a: Volcarona|54/100|[from] item: Leftovers\n|-heal|p1a: Ting-Lu|66/100|[from] item: Leftovers\n|upkeep\n|turn|7\n|\n|t:|1771247450\n|switch|p1a: Alomomola|Alomomola, M|100/100\n|-damage|p1a: Alomomola|88/100|[from] Stealth Rock\n|move|p2a: Volcarona|Quiver Dance|p2a: Volcarona\n|-boost|p2a: Volcarona|spa|1\n|-boost|p2a: Volcarona|spd|1\n|-boost|p2a: Volcarona|spe|1\n|\n|-heal|p2a: Volcarona|60/100|[from] item: Leftovers\n|upkeep\n|turn|8\n|\n|t:|1771247455\n|move|p2a: Volcarona|Bug Buzz|p1a: Alomomola\n|-damage|p1a: Alomomola|56/100\n|move|p1a: Alomomola|Flip Turn|p2a: Volcarona\n|-supereffective|p2a: Volcarona\n|-damage|p2a: Volcarona|4/100\n|\n|t:|1771247472\n|switch|p1a: Ting-Lu|Ting-Lu|66/100|[from] Flip Turn\n|-damage|p1a: Ting-Lu|60/100|[from] Stealth Rock\n|-ability|p1a: Ting-Lu|Vessel of Ruin\n|\n|-heal|p2a: Volcarona|10/100|[from] item: Leftovers\n|-heal|p1a: Ting-Lu|66/100|[from] item: Leftovers\n|upkeep\n|turn|9\n|\n|t:|1771247481\n|switch|p1a: Alomomola|Alomomola, M|89/100\n|-damage|p1a: Alomomola|77/100|[from] Stealth Rock\n|move|p2a: Volcarona|Bug Buzz|p1a: Alomomola\n|-damage|p1a: Alomomola|25/100\n|\n|-heal|p2a: Volcarona|16/100|[from] item: Leftovers\n|upkeep\n|turn|10\n|\n|t:|1771247499\n|move|p2a: Volcarona|Bug Buzz|p1a: Alomomola\n|-damage|p1a: Alomomola|0 fnt\n|faint|p1a: Alomomola\n|\n|-heal|p2a: Volcarona|22/100|[from] item: Leftovers\n|upkeep\n|\n|t:|1771247503\n|switch|p1a: Garchomp|Garchomp, F|100/100\n|-damage|p1a: Garchomp|94/100|[from] Stealth Rock\n|turn|11\n|\n|t:|1771247512\n|move|p2a: Volcarona|Bug Buzz|p1a: Garchomp\n|-damage|p1a: Garchomp|0 fnt\n|faint|p1a: Garchomp\n|\n|-heal|p2a: Volcarona|28/100|[from] item: Leftovers\n|upkeep\n|\n|t:|1771247518\n|switch|p1a: Ting-Lu|Ting-Lu|66/100\n|-damage|p1a: Ting-Lu|60/100|[from] Stealth Rock\n|-ability|p1a: Ting-Lu|Vessel of Ruin\n|turn|12\n|\n|t:|1771247520\n|move|p2a: Volcarona|Bug Buzz|p1a: Ting-Lu\n|-supereffective|p1a: Ting-Lu\n|-damage|p1a: Ting-Lu|0 fnt\n|faint|p1a: Ting-Lu\n|\n|-heal|p2a: Volcarona|34/100|[from] item: Leftovers\n|upkeep\n|\n|t:|1771247524\n|switch|p1a: Nidoking|Nidoking, M|100/100\n|-damage|p1a: Nidoking|95/100|[from] Stealth Rock\n|turn|13\n|c|☆tamsyy|holy shit\n|\n|t:|1771247532\n|move|p2a: Volcarona|Bug Buzz|p1a: Nidoking\n|-resisted|p1a: Nidoking\n|-damage|p1a: Nidoking|46/100\n|move|p1a: Nidoking|Earth Power|p2a: Volcarona\n|-crit|p2a: Volcarona\n|-damage|p2a: Volcarona|0 fnt\n|faint|p2a: Volcarona\n|\n|upkeep\n|\n|t:|1771247536\n|switch|p2a: Terapagos|Terapagos, M|100/100\n|-activate|p2a: Terapagos|ability: Tera Shift\n|detailschange|p2a: Terapagos|Terapagos-Terastal, M\n|-heal|p2a: Terapagos|100/100|[silent]\n|turn|14\n|\n|t:|1771247541\n|switch|p1a: Gholdengo|Gholdengo|95/100\n|-damage|p1a: Gholdengo|89/100|[from] Stealth Rock\n|move|p2a: Terapagos|Flamethrower|p1a: Gholdengo\n|-supereffective|p1a: Gholdengo\n|-damage|p1a: Gholdengo|23/100\n|\n|upkeep\n|turn|15\n|\n|t:|1771247548\n|move|p1a: Gholdengo|Make It Rain|p2a: Terapagos\n|-activate|p2a: Terapagos|ability: Tera Shell\n|-resisted|p2a: Terapagos\n|-damage|p2a: Terapagos|72/100\n|-unboost|p1a: Gholdengo|spa|1\n|move|p2a: Terapagos|Flamethrower|p1a: Gholdengo\n|-supereffective|p1a: Gholdengo\n|-damage|p1a: Gholdengo|0 fnt\n|faint|p1a: Gholdengo\n|\n|upkeep\n|\n|t:|1771247555\n|switch|p1a: Nidoking|Nidoking, M|46/100\n|-damage|p1a: Nidoking|40/100|[from] Stealth Rock\n|turn|16\n|\n|t:|1771247558\n|move|p1a: Nidoking|Earth Power|p2a: Terapagos\n|-damage|p2a: Terapagos|14/100\n|move|p2a: Terapagos|Rapid Spin|p1a: Nidoking\n|-damage|p1a: Nidoking|17/100\n|-boost|p2a: Terapagos|spe|1\n|-sideend|p2: tamsyy|Stealth Rock|[from] move: Rapid Spin|[of] p2a: Terapagos\n|\n|upkeep\n|turn|17\n|\n|t:|1771247562\n|move|p2a: Terapagos|Tera Starstorm|p1a: Nidoking\n|-damage|p1a: Nidoking|0 fnt\n|faint|p1a: Nidoking\n|\n|upkeep\n|\n|t:|1771247564\n|switch|p1a: Ribombee|Ribombee, F|100/100\n|-damage|p1a: Ribombee|76/100|[from] Stealth Rock\n|turn|18\n|\n|t:|1771247566\n|move|p2a: Terapagos|Flamethrower|p1a: Ribombee\n|-supereffective|p1a: Ribombee\n|-damage|p1a: Ribombee|0 fnt\n|faint|p1a: Ribombee\n|\n|win|tamsyy\n|raw|AgencyBlundAMD's rating: 1620 &rarr; <strong>1600</strong><br />(-20 for losing)\n|raw|tamsyy's rating: 1618 &rarr; <strong>1638</strong><br />(+20 for winning)\n|l|‽AgencyBlundAMD\n|player|p1|\n|c|☆tamsyy|gg\n", "uploadtime": 1771247575, "views": 20, "formatid": "gen9nationaldex", "rating": 1600, "private": 0, "password": null}