{"id": "gen9nationaldex-2540252995", "format": "[Gen 9] National Dex", "players": ["Cerberus 17", "roninakahito"], "log": "|j|☆Cerberus 17\n|j|☆roninakahito\n|t:|1771181017\n|gametype|singles\n|player|p1|Cerberus 17|cynthia-gen4|1727\n|player|p2|roninakahito|caitlin|1620\n|gen|9\n|tier|[Gen 9] National Dex\n|rated|\n|rule|HP Percentage Mod: HP is shown in percentages\n|rule|Endless Battle Clause: Forcing endless battles is banned\n|rule|Species Clause: Limit one of each Pokémon\n|rule|OHKO Clause: OHKO moves are banned\n|rule|Evasion Clause: Evasion abilities, items, and moves are banned\n|rule|Evasion Abilities Clause: Evasion abilities are banned\n|rule|Evasion Items Clause: Evasion items are banned\n|rule|Evasion Moves Clause: Evasion moves are banned\n|rule|Sleep Clause Mod: Limit one foe put to sleep\n|rule|Terastal Clause: You cannot Terastallize\n|clearpoke\n|poke|p1|Tyranitar, M|\n|poke|p1|Kartana|\n|poke|p1|Diancie|\n|poke|p1|Excadrill, F|\n|poke|p1|Sinistcha-Masterpiece|\n|poke|p1|Kommo-o, F|\n|poke|p2|Manaphy|\n|poke|p2|Volcarona, F|\n|poke|p2|Landorus-Therian, M|\n|poke|p2|Terapagos, M|\n|poke|p2|Toxapex, F|\n|poke|p2|Manectric, F|\n|teampreview\n|inactive|Battle timer is ON: inactive players will automatically lose when time's up. (requested by Cerberus 17)\n|inactive|roninakahito also wants the timer to be on.\n|inactive|roninakahito has 120 seconds left.\n|inactive|roninakahito has 90 seconds left.\n|\n|t:|1771181079\n|teamsize|p1|6\n|teamsize|p2|6\n|start\n|switch|p1a: Kommo-o|Kommo-o, F|100/100\n|switch|p2a: Manaphy|Manaphy|100/100\n|turn|1\n|\n|t:|1771181094\n|move|p2a: Manaphy|Ice Beam|p1a: Kommo-o\n|-supereffective|p1a: Kommo-o\n|-damage|p1a: Kommo-o|30/100\n|-status|p1a: Kommo-o|frz\n|cant|p1a: Kommo-o|frz\n|\n|upkeep\n|turn|2\n|\n|t:|1771181103\n|switch|p1a: Tyranitar|Tyranitar, M|100/100\n|-weather|Sandstorm|[from] ability: Sand Stream|[of] p1a: Tyranitar\n|move|p2a: Manaphy|Tail Glow|p2a: Manaphy\n|-boost|p2a: Manaphy|spa|3\n|\n|-weather|Sandstorm|[upkeep]\n|-damage|p2a: Manaphy|94/100|[from] Sandstorm\n|upkeep\n|turn|3\n|\n|t:|1771181117\n|switch|p1a: Sinistcha|Sinistcha-Masterpiece|100/100\n|move|p2a: Manaphy|Rain Dance|p2a: Manaphy\n|-weather|RainDance\n|\n|-weather|RainDance|[upkeep]\n|upkeep\n|turn|4\n|\n|t:|1771181122\n|switch|p1a: Tyranitar|Tyranitar, M|100/100\n|-weather|Sandstorm|[from] ability: Sand Stream|[of] p1a: Tyranitar\n|move|p2a: Manaphy|Ice Beam|p1a: Tyranitar\n|-damage|p1a: Tyranitar|66/100\n|\n|-weather|Sandstorm|[upkeep]\n|-damage|p2a: Manaphy|88/100|[from] Sandstorm\n|upkeep\n|turn|5\n|\n|t:|1771181130\n|move|p2a: Manaphy|Hydro Pump|p1a: Tyranitar\n|-supereffective|p1a: Tyranitar\n|-damage|p1a: Tyranitar|0 fnt\n|faint|p1a: Tyranitar\n|\n|-weather|Sandstorm|[upkeep]\n|-damage|p2a: Manaphy|82/100|[from] Sandstorm\n|upkeep\n|\n|t:|1771181138\n|switch|p1a: Kartana|Kartana|100/100\n|turn|6\n|\n|t:|1771181144\n|switch|p2a: Landorus|Landorus-Therian, M|100/100\n|-ability|p2a: Landorus|Intimidate|boost\n|-unboost|p1a: Kartana|atk|1\n|move|p1a: Kartana|Leaf Blade|p2a: Landorus\n|-damage|p2a: Landorus|44/100\n|-damage|p1a: Kartana|84/100|[from] item: Rocky Helmet|[of] p2a: Landorus\n|\n|-weather|Sandstorm|[upkeep]\n|upkeep\n|turn|7\n|\n|t:|1771181151\n|switch|p2a: Toxapex|Toxapex, F|100/100\n|move|p1a: Kartana|Leaf Blade|p2a: Toxapex\n|-damage|p2a: Toxapex|73/100\n|\n|-weather|Sandstorm|[upkeep]\n|-damage|p2a: Toxapex|67/100|[from] Sandstorm\n|-heal|p2a: Toxapex|73/100|[from] item: Black Sludge\n|upkeep\n|turn|8\n|\n|t:|1771181158\n|switch|p1a: Kommo-o|Kommo-o, F|30/100 frz\n|switch|p2a: Manectric|Manectric, F|100/100\n|\n|-weather|Sandstorm|[upkeep]\n|-damage|p2a: Manectric|94/100|[from] Sandstorm\n|-damage|p1a: Kommo-o|24/100 frz|[from] Sandstorm\n|upkeep\n|turn|9\n|\n|t:|1771181164\n|detailschange|p2a: Manectric|Manectric-Mega, F\n|-mega|p2a: Manectric|Manectric|Manectite\n|-ability|p2a: Manectric|Intimidate|boost\n|-unboost|p1a: Kommo-o|atk|1\n|move|p2a: Manectric|Volt Switch|p1a: Kommo-o\n|-resisted|p1a: Kommo-o\n|-damage|p1a: Kommo-o|1/100 frz\n|\n|t:|1771181167\n|switch|p2a: Volcarona|Volcarona, F|100/100|[from] Volt Switch\n|-curestatus|p1a: Kommo-o|frz|[msg]\n|-zpower|p1a: Kommo-o\n|move|p1a: Kommo-o|Clangorous Soulblaze|p2a: Volcarona|[zeffect]\n|-damage|p2a: Volcarona|17/100\n|-boost|p1a: Kommo-o|atk|1\n|-boost|p1a: Kommo-o|def|1\n|-boost|p1a: Kommo-o|spa|1\n|-boost|p1a: Kommo-o|spd|1\n|-boost|p1a: Kommo-o|spe|1\n|\n|-weather|Sandstorm|[upkeep]\n|-damage|p1a: Kommo-o|0 fnt|[from] Sandstorm\n|-damage|p2a: Volcarona|10/100|[from] Sandstorm\n|faint|p1a: Kommo-o\n|-heal|p2a: Volcarona|17/100|[from] item: Leftovers\n|upkeep\n|j| maoboi\n|\n|t:|1771181187\n|switch|p1a: Diancie|Diancie|100/100\n|turn|10\n|\n|t:|1771181193\n|detailschange|p1a: Diancie|Diancie-Mega\n|-mega|p1a: Diancie|Diancie|Diancite\n|move|p1a: Diancie|Diamond Storm|p2a: Volcarona\n|-supereffective|p2a: Volcarona\n|-damage|p2a: Volcarona|0 fnt\n|faint|p2a: Volcarona\n|\n|-weather|Sandstorm|[upkeep]\n|upkeep\n|\n|t:|1771181200\n|switch|p2a: Manectric|Manectric-Mega, F|94/100\n|-ability|p2a: Manectric|Intimidate|boost\n|-unboost|p1a: Diancie|atk|1\n|turn|11\n|\n|t:|1771181205\n|move|p2a: Manectric|Volt Switch|p1a: Diancie\n|-crit|p1a: Diancie\n|-damage|p1a: Diancie|44/100\n|\n|t:|1771181208\n|switch|p2a: Toxapex|Toxapex, F|100/100|[from] Volt Switch\n|move|p1a: Diancie|Moonblast|p2a: Toxapex\n|-resisted|p2a: Toxapex\n|-damage|p2a: Toxapex|78/100\n|\n|-weather|none\n|-heal|p2a: Toxapex|84/100|[from] item: Black Sludge\n|upkeep\n|turn|12\n|\n|t:|1771181212\n|switch|p1a: Excadrill|Excadrill, F|100/100\n|switch|p2a: Manectric|Manectric-Mega, F|94/100\n|-ability|p2a: Manectric|Intimidate|boost\n|-unboost|p1a: Excadrill|atk|1\n|\n|upkeep\n|turn|13\n|\n|t:|1771181223\n|switch|p1a: Kartana|Kartana|84/100\n|move|p2a: Manectric|Overheat|p1a: Kartana|[miss]\n|-miss|p2a: Manectric|p1a: Kartana\n|\n|upkeep\n|turn|14\n|\n|t:|1771181228\n|move|p1a: Kartana|Leaf Blade|p2a: Manectric\n|-crit|p2a: Manectric\n|-damage|p2a: Manectric|0 fnt\n|faint|p2a: Manectric\n|detailschange|p2: Manectric|Manectric, F|[silent]\n|-ability|p1a: Kartana|Beast Boost|boost\n|-boost|p1a: Kartana|atk|1\n|\n|upkeep\n|\n|t:|1771181232\n|switch|p2a: Terapagos|Terapagos, M|100/100\n|-activate|p2a: Terapagos|ability: Tera Shift\n|detailschange|p2a: Terapagos|Terapagos-Terastal, M\n|-heal|p2a: Terapagos|100/100|[silent]\n|turn|15\n|\n|t:|1771181238\n|switch|p1a: Sinistcha|Sinistcha-Masterpiece|100/100\n|move|p2a: Terapagos|Rapid Spin|p1a: Sinistcha\n|-immune|p1a: Sinistcha\n|\n|upkeep\n|turn|16\n|\n|t:|1771181243\n|move|p2a: Terapagos|Calm Mind|p2a: Terapagos\n|-boost|p2a: Terapagos|spa|1\n|-boost|p2a: Terapagos|spd|1\n|move|p1a: Sinistcha|Matcha Gotcha|p2a: Terapagos\n|-activate|p2a: Terapagos|ability: Tera Shell\n|-resisted|p2a: Terapagos\n|-damage|p2a: Terapagos|91/100\n|\n|-heal|p2a: Terapagos|97/100|[from] item: Leftovers\n|upkeep\n|turn|17\n|\n|t:|1771181247\n|move|p2a: Terapagos|Calm Mind|p2a: Terapagos\n|-boost|p2a: Terapagos|spa|1\n|-boost|p2a: Terapagos|spd|1\n|move|p1a: Sinistcha|Calm Mind|p1a: Sinistcha\n|-boost|p1a: Sinistcha|spa|1\n|-boost|p1a: Sinistcha|spd|1\n|\n|-heal|p2a: Terapagos|100/100|[from] item: Leftovers\n|upkeep\n|turn|18\n|\n|t:|1771181251\n|move|p2a: Terapagos|Calm Mind|p2a: Terapagos\n|-boost|p2a: Terapagos|spa|1\n|-boost|p2a: Terapagos|spd|1\n|move|p1a: Sinistcha|Calm Mind|p1a: Sinistcha\n|-boost|p1a: Sinistcha|spa|1\n|-boost|p1a: Sinistcha|spd|1\n|\n|upkeep\n|turn|19\n|\n|t:|1771181254\n|move|p2a: Terapagos|Calm Mind|p2a: Terapagos\n|-boost|p2a: Terapagos|spa|1\n|-boost|p2a: Terapagos|spd|1\n|move|p1a: Sinistcha|Calm Mind|p1a: Sinistcha\n|-boost|p1a: Sinistcha|spa|1\n|-boost|p1a: Sinistcha|spd|1\n|\n|upkeep\n|turn|20\n|\n|t:|1771181256\n|move|p2a: Terapagos|Calm Mind|p2a: Terapagos\n|-boost|p2a: Terapagos|spa|1\n|-boost|p2a: Terapagos|spd|1\n|move|p1a: Sinistcha|Calm Mind|p1a: Sinistcha\n|-boost|p1a: Sinistcha|spa|1\n|-boost|p1a: Sinistcha|spd|1\n|\n|upkeep\n|turn|21\n|\n|t:|1771181258\n|move|p2a: Terapagos|Calm Mind|p2a: Terapagos\n|-boost|p2a: Terapagos|spa|1\n|-boost|p2a: Terapagos|spd|1\n|move|p1a: Sinistcha|Calm Mind|p1a: Sinistcha\n|-boost|p1a: Sinistcha|spa|1\n|-boost|p1a: Sinistcha|spd|1\n|\n|upkeep\n|turn|22\n|\n|t:|1771181259\n|move|p2a: Terapagos|Stored Power|p1a: Sinistcha\n|-damage|p1a: Sinistcha|1/100\n|move|p1a: Sinistcha|Calm Mind|p1a: Sinistcha\n|-boost|p1a: Sinistcha|spa|1\n|-boost|p1a: Sinistcha|spd|1\n|\n|-heal|p1a: Sinistcha|7/100|[from] item: Leftovers\n|upkeep\n|turn|23\n|\n|t:|1771181268\n|move|p2a: Terapagos|Stored Power|p1a: Sinistcha\n|-damage|p1a: Sinistcha|0 fnt\n|faint|p1a: Sinistcha\n|\n|upkeep\n|\n|t:|1771181270\n|switch|p1a: Excadrill|Excadrill, F|100/100\n|turn|24\n|\n|t:|1771181272\n|move|p1a: Excadrill|Iron Head|p2a: Terapagos\n|-activate|p2a: Terapagos|ability: Tera Shell\n|-resisted|p2a: Terapagos\n|-damage|p2a: Terapagos|67/100\n|move|p2a: Terapagos|Rapid Spin|p1a: Excadrill\n|-resisted|p1a: Excadrill\n|-damage|p1a: Excadrill|91/100\n|-boost|p2a: Terapagos|spe|1\n|\n|-heal|p2a: Terapagos|73/100|[from] item: Leftovers\n|upkeep\n|turn|25\n|\n|t:|1771181278\n|move|p2a: Terapagos|Rapid Spin|p1a: Excadrill\n|-resisted|p1a: Excadrill\n|-damage|p1a: Excadrill|80/100\n|-boost|p2a: Terapagos|spe|1\n|move|p1a: Excadrill|Iron Head|p2a: Terapagos\n|-damage|p2a: Terapagos|11/100\n|\n|-heal|p2a: Terapagos|17/100|[from] item: Leftovers\n|upkeep\n|turn|26\n|\n|t:|1771181284\n|move|p2a: Terapagos|Stored Power|p1a: Excadrill\n|-resisted|p1a: Excadrill\n|-damage|p1a: Excadrill|0 fnt\n|faint|p1a: Excadrill\n|\n|-heal|p2a: Terapagos|23/100|[from] item: Leftovers\n|upkeep\n|\n|t:|1771181289\n|switch|p1a: Kartana|Kartana|84/100\n|turn|27\n|\n|t:|1771181294\n|move|p2a: Terapagos|Stored Power|p1a: Kartana\n|-resisted|p1a: Kartana\n|-damage|p1a: Kartana|0 fnt\n|faint|p1a: Kartana\n|\n|-heal|p2a: Terapagos|29/100|[from] item: Leftovers\n|upkeep\n|\n|t:|1771181296\n|switch|p1a: Diancie|Diancie-Mega|44/100\n|turn|28\n|j| Dripakuma\n|\n|t:|1771181299\n|move|p2a: Terapagos|Tera Starstorm|p1a: Diancie\n|-resisted|p1a: Diancie\n|-damage|p1a: Diancie|0 fnt\n|faint|p1a: Diancie\n|detailschange|p1: Diancie|Diancie|[silent]\n|\n|win|roninakahito\n|raw|Cerberus 17's rating: 1727 &rarr; <strong>1701</strong><br />(-26 for losing)\n|raw|roninakahito's rating: 1620 &rarr; <strong>1646</strong><br />(+26 for winning)\n|l|☆Cerberus 17\n|player|p1|\n|l| Dripakuma\n|l|☆roninakahito\n|player|p2|\n|l| maoboi\n", "uploadtime": 1771181495, "views": 11, "formatid": "gen9nationaldex", "rating": 1646, "private": 0, "password": null}