{"id": "gen9nationaldex-2540305483", "format": "[Gen 9] National Dex", "players": ["Rhinohammer318", "iammistagrinch"], "log": "|j|☆Rhinohammer318\n|j|☆iammistagrinch\n|t:|1771186781\n|gametype|singles\n|player|p1|Rhinohammer318|harlequin|1548\n|player|p2|iammistagrinch|102|1565\n|gen|9\n|tier|[Gen 9] National Dex\n|rated|\n|rule|HP Percentage Mod: HP is shown in percentages\n|rule|Endless Battle Clause: Forcing endless battles is banned\n|rule|Species Clause: Limit one of each Pokémon\n|rule|OHKO Clause: OHKO moves are banned\n|rule|Evasion Clause: Evasion abilities, items, and moves are banned\n|rule|Evasion Abilities Clause: Evasion abilities are banned\n|rule|Evasion Items Clause: Evasion items are banned\n|rule|Evasion Moves Clause: Evasion moves are banned\n|rule|Sleep Clause Mod: Limit one foe put to sleep\n|rule|Terastal Clause: You cannot Terastallize\n|clearpoke\n|poke|p1|Goodra-Hisui, M|\n|poke|p1|Tapu Bulu|\n|poke|p1|Lokix, M|\n|poke|p1|Sandy Shocks|\n|poke|p1|Hawlucha, F|\n|poke|p1|Samurott-Hisui, M|\n|poke|p2|Charizard, M|\n|poke|p2|Melmetal|\n|poke|p2|Hippowdon, F|\n|poke|p2|Tangrowth, M|\n|poke|p2|Zapdos|\n|poke|p2|Tapu Fini|\n|teampreview\n|inactive|Battle timer is ON: inactive players will automatically lose when time's up. (requested by iammistagrinch)\n|\n|t:|1771186796\n|teamsize|p1|6\n|teamsize|p2|6\n|start\n|switch|p1a: Samurott|Samurott-Hisui, M|100/100\n|switch|p2a: Charizard|Charizard, M|100/100\n|turn|1\n|\n|t:|1771186800\n|detailschange|p2a: Charizard|Charizard-Mega-X, M\n|-mega|p2a: Charizard|Charizard|Charizardite X\n|move|p1a: Samurott|Flip Turn|p2a: Charizard\n|-damage|p2a: Charizard|73/100\n|\n|t:|1771186815\n|switch|p1a: Goodra|Goodra-Hisui, M|100/100|[from] Flip Turn\n|move|p2a: Charizard|Dragon Dance|p2a: Charizard\n|-boost|p2a: Charizard|atk|1\n|-boost|p2a: Charizard|spe|1\n|\n|upkeep\n|turn|2\n|\n|t:|1771186821\n|move|p2a: Charizard|Dragon Dance|p2a: Charizard\n|-boost|p2a: Charizard|atk|1\n|-boost|p2a: Charizard|spe|1\n|move|p1a: Goodra|Dragon Tail|p2a: Charizard\n|-supereffective|p2a: Charizard\n|-damage|p2a: Charizard|32/100\n|drag|p2a: Zapdos|Zapdos|100/100\n|\n|upkeep\n|turn|3\n|\n|t:|1771186837\n|switch|p1a: Sandy Shocks|Sandy Shocks|100/100\n|move|p2a: Zapdos|Heat Wave|p1a: Sandy Shocks\n|-damage|p1a: Sandy Shocks|61/100\n|\n|upkeep\n|turn|4\n|\n|t:|1771186845\n|switch|p2a: Hippowdon|Hippowdon, F|100/100\n|-weather|Sandstorm|[from] ability: Sand Stream|[of] p2a: Hippowdon\n|move|p1a: Sandy Shocks|Stealth Rock|p2a: Hippowdon\n|-sidestart|p2: iammistagrinch|move: Stealth Rock\n|\n|-weather|Sandstorm|[upkeep]\n|upkeep\n|turn|5\n|\n|t:|1771186852\n|-end|p1a: Sandy Shocks|Protosynthesis|[silent]\n|switch|p1a: Tapu Bulu|Tapu Bulu|100/100\n|-fieldstart|move: Grassy Terrain|[from] ability: Grassy Surge|[of] p1a: Tapu Bulu\n|move|p2a: Hippowdon|Stealth Rock|p1a: Tapu Bulu\n|-sidestart|p1: Rhinohammer318|move: Stealth Rock\n|\n|-weather|Sandstorm|[upkeep]\n|-damage|p1a: Tapu Bulu|94/100|[from] Sandstorm\n|-heal|p1a: Tapu Bulu|100/100|[from] Grassy Terrain\n|upkeep\n|turn|6\n|\n|t:|1771186866\n|switch|p2a: Zapdos|Zapdos|100/100\n|-damage|p2a: Zapdos|76/100|[from] Stealth Rock\n|move|p1a: Tapu Bulu|Stone Edge|p2a: Zapdos|[miss]\n|-miss|p1a: Tapu Bulu|p2a: Zapdos\n|\n|-weather|Sandstorm|[upkeep]\n|-damage|p2a: Zapdos|69/100|[from] Sandstorm\n|-damage|p1a: Tapu Bulu|94/100|[from] Sandstorm\n|-heal|p1a: Tapu Bulu|100/100|[from] Grassy Terrain\n|upkeep\n|turn|7\n|\n|t:|1771186872\n|-zpower|p2a: Zapdos\n|move|p2a: Zapdos|Supersonic Skystrike|p1a: Tapu Bulu|[zeffect]\n|-supereffective|p1a: Tapu Bulu\n|-damage|p1a: Tapu Bulu|0 fnt\n|faint|p1a: Tapu Bulu\n|\n|-weather|Sandstorm|[upkeep]\n|-damage|p2a: Zapdos|63/100|[from] Sandstorm\n|upkeep\n|\n|t:|1771186888\n|switch|p1a: Samurott|Samurott-Hisui, M|100/100\n|-damage|p1a: Samurott|88/100|[from] Stealth Rock\n|turn|8\n|\n|t:|1771186891\n|move|p1a: Samurott|Ceaseless Edge|p2a: Zapdos\n|-damage|p2a: Zapdos|10/100\n|-sidestart|p2: iammistagrinch|Spikes\n|move|p2a: Zapdos|Thunderbolt|p1a: Samurott\n|-supereffective|p1a: Samurott\n|-damage|p1a: Samurott|0 fnt\n|faint|p1a: Samurott\n|\n|-weather|none\n|upkeep\n|\n|t:|1771186902\n|switch|p1a: Sandy Shocks|Sandy Shocks|61/100\n|turn|9\n|\n|t:|1771186907\n|move|p1a: Sandy Shocks|Volt Switch|p2a: Zapdos\n|-damage|p2a: Zapdos|0 fnt\n|faint|p2a: Zapdos\n|\n|t:|1771186910\n|-end|p1a: Sandy Shocks|Protosynthesis|[silent]\n|switch|p1a: Hawlucha|Hawlucha, F|100/100|[from] Volt Switch\n|-damage|p1a: Hawlucha|88/100|[from] Stealth Rock\n|-enditem|p1a: Hawlucha|Grassy Seed\n|-boost|p1a: Hawlucha|def|1|[from] item: Grassy Seed\n|\n|-fieldend|move: Grassy Terrain\n|upkeep\n|\n|t:|1771186924\n|switch|p2a: Melmetal|Melmetal|100/100\n|-damage|p2a: Melmetal|94/100|[from] Stealth Rock\n|-damage|p2a: Melmetal|82/100|[from] Spikes\n|turn|10\n|\n|t:|1771186936\n|move|p1a: Hawlucha|Swords Dance|p1a: Hawlucha\n|-boost|p1a: Hawlucha|atk|2\n|move|p2a: Melmetal|Ice Punch|p1a: Hawlucha\n|-supereffective|p1a: Hawlucha\n|-damage|p1a: Hawlucha|20/100\n|\n|upkeep\n|turn|11\n|\n|t:|1771186943\n|switch|p2a: Tangrowth|Tangrowth, M|100/100\n|-damage|p2a: Tangrowth|88/100|[from] Stealth Rock\n|-damage|p2a: Tangrowth|76/100|[from] Spikes\n|move|p1a: Hawlucha|Close Combat|p2a: Tangrowth\n|-damage|p2a: Tangrowth|22/100\n|-unboost|p1a: Hawlucha|def|1\n|-unboost|p1a: Hawlucha|spd|1\n|-damage|p1a: Hawlucha|3/100|[from] item: Rocky Helmet|[of] p2a: Tangrowth\n|\n|upkeep\n|turn|12\n|\n|t:|1771186952\n|move|p1a: Hawlucha|Acrobatics|p2a: Tangrowth\n|-supereffective|p2a: Tangrowth\n|-damage|p2a: Tangrowth|0 fnt\n|-damage|p1a: Hawlucha|0 fnt|[from] item: Rocky Helmet|[of] p2a: Tangrowth\n|faint|p2a: Tangrowth\n|faint|p1a: Hawlucha\n|\n|upkeep\n|\n|t:|1771186970\n|switch|p1a: Lokix|Lokix, M|100/100\n|switch|p2a: Melmetal|Melmetal|82/100\n|-damage|p2a: Melmetal|76/100|[from] Stealth Rock\n|-damage|p2a: Melmetal|63/100|[from] Spikes\n|turn|13\n|\n|t:|1771186981\n|move|p1a: Lokix|U-turn|p2a: Melmetal\n|-resisted|p2a: Melmetal\n|-damage|p2a: Melmetal|46/100\n|\n|t:|1771186989\n|switch|p1a: Sandy Shocks|Sandy Shocks|61/100|[from] U-turn\n|move|p2a: Melmetal|Double Iron Bash|p1a: Sandy Shocks\n|-resisted|p1a: Sandy Shocks\n|-damage|p1a: Sandy Shocks|40/100\n|-resisted|p1a: Sandy Shocks\n|-damage|p1a: Sandy Shocks|18/100\n|-hitcount|p1a: Sandy Shocks|2\n|\n|upkeep\n|turn|14\n|\n|t:|1771186995\n|switch|p2a: Hippowdon|Hippowdon, F|100/100\n|-damage|p2a: Hippowdon|94/100|[from] Stealth Rock\n|-damage|p2a: Hippowdon|82/100|[from] Spikes\n|-weather|Sandstorm|[from] ability: Sand Stream|[of] p2a: Hippowdon\n|move|p1a: Sandy Shocks|Earth Power|p2a: Hippowdon\n|-damage|p2a: Hippowdon|48/100\n|\n|-weather|Sandstorm|[upkeep]\n|-heal|p2a: Hippowdon|54/100|[from] item: Leftovers\n|upkeep\n|turn|15\n|\n|t:|1771187015\n|move|p1a: Sandy Shocks|Earth Power|p2a: Hippowdon\n|-damage|p2a: Hippowdon|24/100\n|move|p2a: Hippowdon|Earthquake|p1a: Sandy Shocks\n|-supereffective|p1a: Sandy Shocks\n|-damage|p1a: Sandy Shocks|0 fnt\n|faint|p1a: Sandy Shocks\n|-end|p1a: Sandy Shocks|Protosynthesis|[silent]\n|\n|-weather|Sandstorm|[upkeep]\n|-heal|p2a: Hippowdon|30/100|[from] item: Leftovers\n|upkeep\n|\n|t:|1771187031\n|switch|p1a: Lokix|Lokix, M|100/100\n|turn|16\n|\n|t:|1771187039\n|move|p1a: Lokix|Knock Off|p2a: Hippowdon\n|-damage|p2a: Hippowdon|0 fnt\n|-enditem|p2a: Hippowdon|Leftovers|[from] move: Knock Off|[of] p1a: Lokix\n|faint|p2a: Hippowdon\n|\n|-weather|Sandstorm|[upkeep]\n|-damage|p1a: Lokix|94/100|[from] Sandstorm\n|upkeep\n|\n|t:|1771187042\n|switch|p2a: Tapu Fini|Tapu Fini|100/100\n|-damage|p2a: Tapu Fini|88/100|[from] Stealth Rock\n|-damage|p2a: Tapu Fini|76/100|[from] Spikes\n|-fieldstart|move: Misty Terrain|[from] ability: Misty Surge|[of] p2a: Tapu Fini\n|turn|17\n|\n|t:|1771187044\n|move|p1a: Lokix|U-turn|p2a: Tapu Fini\n|-resisted|p2a: Tapu Fini\n|-damage|p2a: Tapu Fini|45/100\n|\n|t:|1771187047\n|switch|p1a: Goodra|Goodra-Hisui, M|100/100|[from] U-turn\n|-damage|p1a: Goodra|94/100|[from] Stealth Rock\n|move|p2a: Tapu Fini|Defog|p1a: Goodra\n|-unboost|p1a: Goodra|evasion|1\n|-sideend|p1: Rhinohammer318|Stealth Rock|[from] move: Defog|[of] p2a: Tapu Fini\n|-sideend|p2: iammistagrinch|Spikes|[from] move: Defog|[of] p2a: Tapu Fini\n|-sideend|p2: iammistagrinch|Stealth Rock|[from] move: Defog|[of] p2a: Tapu Fini\n|-fieldend|Misty Terrain\n|\n|-weather|Sandstorm|[upkeep]\n|-damage|p2a: Tapu Fini|39/100|[from] Sandstorm\n|-heal|p2a: Tapu Fini|45/100|[from] item: Leftovers\n|upkeep\n|turn|18\n|\n|t:|1771187061\n|move|p2a: Tapu Fini|Moonblast|p1a: Goodra\n|-damage|p1a: Goodra|80/100\n|move|p1a: Goodra|Thunderbolt|p2a: Tapu Fini\n|-supereffective|p2a: Tapu Fini\n|-damage|p2a: Tapu Fini|3/100\n|\n|-weather|none\n|-heal|p2a: Tapu Fini|9/100|[from] item: Leftovers\n|upkeep\n|turn|19\n|\n|t:|1771187069\n|move|p2a: Tapu Fini|Taunt|p1a: Goodra\n|-start|p1a: Goodra|move: Taunt\n|move|p1a: Goodra|Flash Cannon|p2a: Tapu Fini\n|-damage|p2a: Tapu Fini|0 fnt\n|faint|p2a: Tapu Fini\n|\n|upkeep\n|\n|t:|1771187076\n|switch|p2a: Melmetal|Melmetal|46/100\n|turn|20\n|\n|t:|1771187106\n|move|p1a: Goodra|Thunderbolt|p2a: Melmetal\n|-damage|p2a: Melmetal|29/100\n|move|p2a: Melmetal|Superpower|p1a: Goodra\n|-supereffective|p1a: Goodra\n|-damage|p1a: Goodra|2/100\n|-unboost|p2a: Melmetal|atk|1\n|-unboost|p2a: Melmetal|def|1\n|\n|upkeep\n|turn|21\n|\n|t:|1771187115\n|move|p1a: Goodra|Thunderbolt|p2a: Melmetal\n|-damage|p2a: Melmetal|12/100\n|move|p2a: Melmetal|Double Iron Bash|p1a: Goodra\n|-resisted|p1a: Goodra\n|-damage|p1a: Goodra|0 fnt\n|faint|p1a: Goodra\n|-hitcount|p1: Goodra|1\n|\n|upkeep\n|\n|t:|1771187119\n|switch|p1a: Lokix|Lokix, M|94/100\n|turn|22\n|\n|t:|1771187125\n|move|p1a: Lokix|First Impression|p2a: Melmetal\n|-resisted|p2a: Melmetal\n|-damage|p2a: Melmetal|0 fnt\n|faint|p2a: Melmetal\n|\n|upkeep\n|\n|t:|1771187129\n|switch|p2a: Charizard|Charizard-Mega-X, M|32/100\n|turn|23\n|\n|t:|1771187131\n|move|p1a: Lokix|Sucker Punch|p2a: Charizard\n|-damage|p2a: Charizard|0 fnt\n|faint|p2a: Charizard\n|detailschange|p2: Charizard|Charizard, M|[silent]\n|\n|win|Rhinohammer318\n|raw|Rhinohammer318's rating: 1548 &rarr; <strong>1569</strong><br />(+21 for winning)\n|raw|iammistagrinch's rating: 1565 &rarr; <strong>1544</strong><br />(-21 for losing)\n|l|☆iammistagrinch\n|player|p2|\n|l|☆Rhinohammer318\n|player|p1|\n", "uploadtime": 1771187136, "views": 23, "formatid": "gen9nationaldex", "rating": 1544, "private": 0, "password": null}