{"id": "gen9nationaldex-2540797514", "format": "[Gen 9] National Dex", "players": ["wa3ji1da3瓦鸡打", "InvinIsAClown"], "log": "|j|☆wa3ji1da3瓦鸡打\n|j|☆InvinIsAClown\n|t:|1771255063\n|gametype|singles\n|player|p1|wa3ji1da3瓦鸡打|iono|1590\n|player|p2|InvinIsAClown|fisherman|1685\n|gen|9\n|tier|[Gen 9] National Dex\n|rated|\n|rule|HP Percentage Mod: HP is shown in percentages\n|rule|Endless Battle Clause: Forcing endless battles is banned\n|rule|Species Clause: Limit one of each Pokémon\n|rule|OHKO Clause: OHKO moves are banned\n|rule|Evasion Clause: Evasion abilities, items, and moves are banned\n|rule|Evasion Abilities Clause: Evasion abilities are banned\n|rule|Evasion Items Clause: Evasion items are banned\n|rule|Evasion Moves Clause: Evasion moves are banned\n|rule|Sleep Clause Mod: Limit one foe put to sleep\n|rule|Terastal Clause: You cannot Terastallize\n|clearpoke\n|poke|p1|Hatterene, F|\n|poke|p1|Cresselia, F|\n|poke|p1|Porygon2|\n|poke|p1|Ursaluna, M|\n|poke|p1|Mawile, F|\n|poke|p1|Marowak-Alola, M|\n|poke|p2|Blaziken, F|\n|poke|p2|Pinsir, M|\n|poke|p2|Terapagos, M|\n|poke|p2|Dragonite, F|\n|poke|p2|Iron Crown|\n|poke|p2|Iron Treads|\n|teampreview\n|inactive|Battle timer is ON: inactive players will automatically lose when time's up. (requested by wa3ji1da3瓦鸡打)\n|inactive|InvinIsAClown has 120 seconds left.\n|inactive|InvinIsAClown has 90 seconds left.\n|\n|t:|1771255126\n|teamsize|p1|6\n|teamsize|p2|6\n|start\n|switch|p1a: Bonnie|Marowak-Alola, M|100/100\n|switch|p2a: Iron Treads|Iron Treads|100/100\n|-enditem|p2a: Iron Treads|Booster Energy\n|-activate|p2a: Iron Treads|ability: Quark Drive|[fromitem]\n|-start|p2a: Iron Treads|quarkdrivespe\n|turn|1\n|\n|t:|1771255134\n|switch|p1a: Baby|Cresselia, F|100/100\n|move|p2a: Iron Treads|Earth Power|p1a: Baby\n|-immune|p1a: Baby|[from] ability: Levitate\n|\n|upkeep\n|turn|2\n|j| Samosah\n|\n|t:|1771255139\n|move|p2a: Iron Treads|Stealth Rock|p1a: Baby\n|-sidestart|p1: wa3ji1da3瓦鸡打|move: Stealth Rock\n|move|p1a: Baby|Trick Room|p1a: Baby\n|-fieldstart|move: Trick Room|[of] p1a: Baby\n|\n|upkeep\n|turn|3\n|\n|t:|1771255143\n|switch|p1a: Freddy|Ursaluna, M|100/100\n|-damage|p1a: Freddy|94/100|[from] Stealth Rock\n|move|p2a: Iron Treads|Steel Beam|p1a: Freddy\n|-damage|p1a: Freddy|53/100\n|-damage|p2a: Iron Treads|50/100|[from] steelbeam\n|\n|-status|p1a: Freddy|brn|[from] item: Flame Orb\n|upkeep\n|turn|4\n|\n|t:|1771255156\n|move|p1a: Freddy|Fire Punch|p2a: Iron Treads\n|-supereffective|p2a: Iron Treads\n|-damage|p2a: Iron Treads|0 fnt\n|faint|p2a: Iron Treads\n|-end|p2a: Iron Treads|Quark Drive|[silent]\n|\n|-damage|p1a: Freddy|47/100 brn|[from] brn\n|upkeep\n|\n|t:|1771255178\n|switch|p2a: Dragonite|Dragonite, F|100/100\n|turn|5\n|\n|t:|1771255191\n|move|p1a: Freddy|Facade|p2a: Dragonite\n|-damage|p2a: Dragonite|36/100\n|move|p2a: Dragonite|Scale Shot|p1a: Freddy|[miss]\n|-miss|p2a: Dragonite|p1a: Freddy\n|\n|-damage|p1a: Freddy|41/100 brn|[from] brn\n|upkeep\n|turn|6\n|\n|t:|1771255203\n|move|p1a: Freddy|Facade|p2a: Dragonite\n|-damage|p2a: Dragonite|0 fnt\n|faint|p2a: Dragonite\n|\n|-damage|p1a: Freddy|35/100 brn|[from] brn\n|-fieldend|move: Trick Room\n|upkeep\n|\n|t:|1771255207\n|switch|p2a: Pinsir|Pinsir, M|100/100\n|turn|7\n|\n|t:|1771255215\n|switch|p1a: Baby|Cresselia, F|100/100\n|-damage|p1a: Baby|88/100|[from] Stealth Rock\n|detailschange|p2a: Pinsir|Pinsir-Mega, M\n|-mega|p2a: Pinsir|Pinsir|Pinsirite\n|move|p2a: Pinsir|Frustration|p1a: Baby\n|-damage|p1a: Baby|49/100\n|-damage|p2a: Pinsir|84/100|[from] item: Rocky Helmet|[of] p1a: Baby\n|\n|upkeep\n|turn|8\n|\n|t:|1771255225\n|move|p2a: Pinsir|Swords Dance|p2a: Pinsir\n|-boost|p2a: Pinsir|atk|2\n|move|p1a: Baby|Trick Room|p1a: Baby\n|-fieldstart|move: Trick Room|[of] p1a: Baby\n|\n|upkeep\n|turn|9\n|\n|t:|1771255233\n|move|p1a: Baby|Lunar Dance|p1a: Baby\n|faint|p1a: Baby\n|move|p2a: Pinsir|Frustration|p1: Baby|[notarget]\n|-fail|p2a: Pinsir\n|\n|upkeep\n|\n|t:|1771255239\n|switch|p1a: Bonnie|Marowak-Alola, M|100/100\n|-damage|p1a: Bonnie|76/100|[from] Stealth Rock\n|turn|10\n|\n|t:|1771255266\n|switch|p2a: Iron Crown|Iron Crown|100/100\n|-enditem|p2a: Iron Crown|Booster Energy\n|-activate|p2a: Iron Crown|ability: Quark Drive|[fromitem]\n|-start|p2a: Iron Crown|quarkdrivespe\n|move|p1a: Bonnie|Flare Blitz|p2a: Iron Crown\n|-supereffective|p2a: Iron Crown\n|-damage|p2a: Iron Crown|0 fnt\n|faint|p2a: Iron Crown\n|-end|p2a: Iron Crown|Quark Drive|[silent]\n|\n|upkeep\n|\n|t:|1771255275\n|switch|p2a: Terapagos|Terapagos, M|100/100\n|-activate|p2a: Terapagos|ability: Tera Shift\n|detailschange|p2a: Terapagos|Terapagos-Terastal, M\n|-heal|p2a: Terapagos|100/100|[silent]\n|turn|11\n|\n|t:|1771255280\n|move|p1a: Bonnie|Flare Blitz|p2a: Terapagos\n|-activate|p2a: Terapagos|ability: Tera Shell\n|-resisted|p2a: Terapagos\n|-crit|p2a: Terapagos\n|-damage|p2a: Terapagos|27/100\n|move|p2a: Terapagos|Calm Mind|p2a: Terapagos\n|-boost|p2a: Terapagos|spa|1\n|-boost|p2a: Terapagos|spd|1\n|\n|upkeep\n|turn|12\n|\n|t:|1771255285\n|move|p1a: Bonnie|Flare Blitz|p2a: Terapagos\n|-damage|p2a: Terapagos|0 fnt\n|faint|p2a: Terapagos\n|\n|-fieldend|move: Trick Room\n|upkeep\n|\n|t:|1771255287\n|switch|p2a: Pinsir|Pinsir-Mega, M|84/100\n|turn|13\n|\n|t:|1771255291\n|move|p2a: Pinsir|Frustration|p1a: Bonnie\n|-damage|p1a: Bonnie|0 fnt\n|faint|p1a: Bonnie\n|\n|upkeep\n|c| Samosah|oof\n|\n|t:|1771255310\n|switch|p1a: F10-N4|Porygon2|100/100\n|-damage|p1a: F10-N4|88/100|[from] Stealth Rock\n|-ability|p1a: F10-N4|Aerilate|Trace|[from] ability: Trace|[of] p2a: Pinsir\n|turn|14\n|inactive|InvinIsAClown has 120 seconds left.\n|c| Samosah|twave\n|\n|t:|1771255358\n|move|p2a: Pinsir|Swords Dance|p2a: Pinsir\n|-boost|p2a: Pinsir|atk|2\n|move|p1a: F10-N4|Trick Room|p1a: F10-N4\n|-fieldstart|move: Trick Room|[of] p1a: F10-N4\n|\n|upkeep\n|turn|15\n|j| klopppool\n|\n|t:|1771255369\n|move|p1a: F10-N4|Tri Attack|p2a: Pinsir\n|-supereffective|p2a: Pinsir\n|-damage|p2a: Pinsir|26/100\n|move|p2a: Pinsir|Close Combat|p1a: F10-N4\n|-supereffective|p1a: F10-N4\n|-damage|p1a: F10-N4|0 fnt\n|-unboost|p2a: Pinsir|def|1\n|-unboost|p2a: Pinsir|spd|1\n|faint|p1a: F10-N4\n|\n|upkeep\n|\n|t:|1771255377\n|switch|p1a: Chica|Mawile, F|100/100\n|-damage|p1a: Chica|95/100|[from] Stealth Rock\n|-ability|p1a: Chica|Intimidate|boost\n|-unboost|p2a: Pinsir|atk|1\n|turn|16\n|\n|t:|1771255385\n|detailschange|p1a: Chica|Mawile-Mega, F\n|-mega|p1a: Chica|Mawile|Mawilite\n|move|p2a: Pinsir|Quick Attack|p1a: Chica\n|-resisted|p1a: Chica\n|-damage|p1a: Chica|74/100\n|move|p1a: Chica|Knock Off|p2a: Pinsir\n|-damage|p2a: Pinsir|0 fnt\n|faint|p2a: Pinsir\n|detailschange|p2: Pinsir|Pinsir, M|[silent]\n|\n|upkeep\n|\n|t:|1771255389\n|switch|p2a: Blaziken|Blaziken, F|100/100\n|turn|17\n|\n|t:|1771255394\n|move|p2a: Blaziken|Protect|p2a: Blaziken\n|-singleturn|p2a: Blaziken|Protect\n|move|p1a: Chica|Play Rough|p2a: Blaziken\n|-activate|p2a: Blaziken|move: Protect\n|\n|-ability|p2a: Blaziken|Speed Boost|boost\n|-boost|p2a: Blaziken|spe|1\n|upkeep\n|turn|18\n|\n|t:|1771255397\n|move|p2a: Blaziken|Protect||[still]\n|-fail|p2a: Blaziken\n|move|p1a: Chica|Play Rough|p2a: Blaziken\n|-damage|p2a: Blaziken|0 fnt\n|faint|p2a: Blaziken\n|\n|win|wa3ji1da3瓦鸡打\n|raw|wa3ji1da3瓦鸡打's rating: 1590 &rarr; <strong>1615</strong><br />(+25 for winning)\n|raw|InvinIsAClown's rating: 1685 &rarr; <strong>1660</strong><br />(-25 for losing)\n|l|☆InvinIsAClown\n|player|p2|\n|l|☆wa3ji1da3瓦鸡打\n|player|p1|\n|l| klopppool\n|l| Samosah\n", "uploadtime": 1771255404, "views": 9, "formatid": "gen9nationaldex", "rating": 1615, "private": 0, "password": null}