{"id": "gen9nationaldex-2540329923", "format": "[Gen 9] National Dex", "players": ["cash0977", "lepooker"], "log": "|j|☆cash0977\n|j|☆lepooker\n|t:|1771189448\n|gametype|singles\n|player|p1|cash0977|tuber|1610\n|player|p2|lepooker|giovanni|1639\n|gen|9\n|tier|[Gen 9] National Dex\n|rated|\n|rule|HP Percentage Mod: HP is shown in percentages\n|rule|Endless Battle Clause: Forcing endless battles is banned\n|rule|Species Clause: Limit one of each Pokémon\n|rule|OHKO Clause: OHKO moves are banned\n|rule|Evasion Clause: Evasion abilities, items, and moves are banned\n|rule|Evasion Abilities Clause: Evasion abilities are banned\n|rule|Evasion Items Clause: Evasion items are banned\n|rule|Evasion Moves Clause: Evasion moves are banned\n|rule|Sleep Clause Mod: Limit one foe put to sleep\n|rule|Terastal Clause: You cannot Terastallize\n|clearpoke\n|poke|p1|Terapagos, M|\n|poke|p1|Alomomola, F|\n|poke|p1|Scizor, M|\n|poke|p1|Garchomp, M|\n|poke|p1|Cinderace, M|\n|poke|p1|Slowking-Galar, M|\n|poke|p2|Mamoswine, M|\n|poke|p2|Cinderace, M|\n|poke|p2|Raging Bolt|\n|poke|p2|Zamazenta-*|\n|poke|p2|Enamorus-Therian, F|\n|poke|p2|Kingambit, M|\n|teampreview\n|inactive|Battle timer is ON: inactive players will automatically lose when time's up. (requested by cash0977)\n|inactive|cash0977 has 120 seconds left.\n|inactive|cash0977 has 90 seconds left.\n|\n|t:|1771189522\n|teamsize|p1|6\n|teamsize|p2|6\n|start\n|switch|p1a: Terapagos|Terapagos, M|100/100\n|switch|p2a: Cinderace|Cinderace, M|100/100\n|-activate|p1a: Terapagos|ability: Tera Shift\n|detailschange|p1a: Terapagos|Terapagos-Terastal, M\n|-heal|p1a: Terapagos|100/100|[silent]\n|turn|1\n|\n|t:|1771189527\n|switch|p1a: Alomomola|Alomomola, F, shiny|100/100\n|move|p2a: Cinderace|Pyro Ball|p1a: Alomomola\n|-resisted|p1a: Alomomola\n|-damage|p1a: Alomomola|84/100\n|\n|upkeep\n|turn|2\n|\n|t:|1771189533\n|switch|p2a: Kingambit|Kingambit, M|100/100\n|move|p1a: Alomomola|Flip Turn|p2a: Kingambit\n|-damage|p2a: Kingambit|86/100\n|\n|t:|1771189558\n|switch|p1a: Garchomp|Garchomp, M|100/100|[from] Flip Turn\n|\n|upkeep\n|turn|3\n|\n|t:|1771189561\n|-end|p2a: Kingambit|fallenundefined|[silent]\n|switch|p2a: Enamorus|Enamorus-Therian, F|100/100\n|move|p1a: Garchomp|Earthquake|p2a: Enamorus\n|-immune|p2a: Enamorus\n|\n|upkeep\n|turn|4\n|\n|t:|1771189565\n|switch|p2a: Kingambit|Kingambit, M|86/100\n|move|p1a: Garchomp|Poison Jab|p2a: Kingambit\n|-immune|p2a: Kingambit\n|\n|upkeep\n|turn|5\n|\n|t:|1771189570\n|-end|p2a: Kingambit|fallenundefined|[silent]\n|switch|p2a: Enamorus|Enamorus-Therian, F|100/100\n|move|p1a: Garchomp|Earthquake|p2a: Enamorus\n|-immune|p2a: Enamorus\n|\n|upkeep\n|turn|6\n|\n|t:|1771189572\n|move|p1a: Garchomp|Poison Jab|p2a: Enamorus\n|-supereffective|p2a: Enamorus\n|-damage|p2a: Enamorus|49/100\n|move|p2a: Enamorus|Draining Kiss|p1a: Garchomp\n|-supereffective|p1a: Garchomp\n|-damage|p1a: Garchomp|76/100\n|-heal|p2a: Enamorus|71/100|[from] drain|[of] p1a: Garchomp\n|-damage|p2a: Enamorus|59/100|[from] ability: Rough Skin|[of] p1a: Garchomp\n|\n|-heal|p2a: Enamorus|65/100|[from] item: Leftovers\n|upkeep\n|turn|7\n|\n|t:|1771189574\n|move|p1a: Garchomp|Poison Jab|p2a: Enamorus\n|-supereffective|p2a: Enamorus\n|-damage|p2a: Enamorus|18/100\n|move|p2a: Enamorus|Draining Kiss|p1a: Garchomp\n|-supereffective|p1a: Garchomp\n|-damage|p1a: Garchomp|49/100\n|-heal|p2a: Enamorus|43/100|[from] drain|[of] p1a: Garchomp\n|-damage|p2a: Enamorus|31/100|[from] ability: Rough Skin|[of] p1a: Garchomp\n|\n|-heal|p2a: Enamorus|37/100|[from] item: Leftovers\n|upkeep\n|turn|8\n|\n|t:|1771189582\n|move|p1a: Garchomp|Rock Slide|p2a: Enamorus\n|-supereffective|p2a: Enamorus\n|-damage|p2a: Enamorus|0 fnt\n|faint|p2a: Enamorus\n|\n|upkeep\n|\n|t:|1771189589\n|switch|p2a: Mamoswine|Mamoswine, M|100/100\n|turn|9\n|\n|t:|1771189593\n|switch|p1a: Alomomola|Alomomola, F, shiny|100/100\n|move|p2a: Mamoswine|Stealth Rock|p1a: Alomomola\n|-sidestart|p1: cash0977|move: Stealth Rock\n|\n|upkeep\n|turn|10\n|\n|t:|1771189597\n|switch|p2a: Kingambit|Kingambit, M|86/100\n|-activate|p2a: Kingambit|ability: Supreme Overlord\n|-start|p2a: Kingambit|fallen1|[silent]\n|move|p1a: Alomomola|Wish|p1a: Alomomola\n|\n|upkeep\n|turn|11\n|\n|t:|1771189613\n|-end|p2a: Kingambit|fallen1|[silent]\n|switch|p2a: Mamoswine|Mamoswine, M|100/100\n|move|p1a: Alomomola|Flip Turn|p2a: Mamoswine\n|-supereffective|p2a: Mamoswine\n|-damage|p2a: Mamoswine|60/100\n|\n|t:|1771189615\n|switch|p1a: Garchomp|Garchomp, M|49/100|[from] Flip Turn\n|-damage|p1a: Garchomp|42/100|[from] Stealth Rock\n|\n|-heal|p1a: Garchomp|100/100|[from] move: Wish|[wisher] Alomomola\n|upkeep\n|turn|12\n|\n|t:|1771189622\n|switch|p2a: Raging Bolt|Raging Bolt|100/100\n|-enditem|p2a: Raging Bolt|Booster Energy\n|-activate|p2a: Raging Bolt|ability: Protosynthesis|[fromitem]\n|-start|p2a: Raging Bolt|protosynthesisspa\n|switch|p1a: Alomomola|Alomomola, F, shiny|100/100\n|-damage|p1a: Alomomola|88/100|[from] Stealth Rock\n|\n|upkeep\n|turn|13\n|\n|t:|1771189625\n|move|p1a: Alomomola|Protect|p1a: Alomomola\n|-singleturn|p1a: Alomomola|Protect\n|move|p2a: Raging Bolt|Thunderbolt|p1a: Alomomola\n|-activate|p1a: Alomomola|move: Protect\n|\n|upkeep\n|turn|14\n|\n|t:|1771189632\n|switch|p1a: Slowking|Slowking-Galar, M, shiny|100/100\n|-damage|p1a: Slowking|88/100|[from] Stealth Rock\n|move|p2a: Raging Bolt|Calm Mind|p2a: Raging Bolt\n|-boost|p2a: Raging Bolt|spa|1\n|-boost|p2a: Raging Bolt|spd|1\n|\n|upkeep\n|turn|15\n|\n|t:|1771189640\n|move|p2a: Raging Bolt|Calm Mind|p2a: Raging Bolt\n|-boost|p2a: Raging Bolt|spa|1\n|-boost|p2a: Raging Bolt|spd|1\n|move|p1a: Slowking|Sludge Bomb|p2a: Raging Bolt\n|-crit|p2a: Raging Bolt\n|-damage|p2a: Raging Bolt|35/100\n|\n|upkeep\n|turn|16\n|\n|t:|1771189647\n|move|p2a: Raging Bolt|Thunderbolt|p1a: Slowking\n|-damage|p1a: Slowking|9/100\n|move|p1a: Slowking|Sludge Bomb|p2a: Raging Bolt\n|-damage|p2a: Raging Bolt|12/100\n|\n|upkeep\n|turn|17\n|\n|t:|1771189655\n|move|p2a: Raging Bolt|Dragon Pulse|p1a: Slowking\n|-damage|p1a: Slowking|0 fnt\n|faint|p1a: Slowking\n|\n|upkeep\n|\n|t:|1771189662\n|switch|p1a: Scizor|Scizor, M, shiny|100/100\n|-damage|p1a: Scizor|88/100|[from] Stealth Rock\n|turn|18\n|\n|t:|1771189667\n|detailschange|p1a: Scizor|Scizor-Mega, M, shiny\n|-mega|p1a: Scizor|Scizor|Scizorite\n|move|p1a: Scizor|Bullet Punch|p2a: Raging Bolt\n|-resisted|p2a: Raging Bolt\n|-damage|p2a: Raging Bolt|0 fnt\n|faint|p2a: Raging Bolt\n|-end|p2a: Raging Bolt|Protosynthesis|[silent]\n|\n|upkeep\n|\n|t:|1771189680\n|switch|p2a: Mamoswine|Mamoswine, M|60/100\n|turn|19\n|c|☆lepooker|uh oh\n|\n|t:|1771189687\n|switch|p2a: Cinderace|Cinderace, M|100/100\n|move|p1a: Scizor|Swords Dance|p1a: Scizor\n|-boost|p1a: Scizor|atk|2\n|\n|upkeep\n|turn|20\n|\n|t:|1771189692\n|switch|p1a: Cinderace|Cinderace, M, shiny|100/100\n|move|p2a: Cinderace|Pyro Ball|p1a: Cinderace\n|-resisted|p1a: Cinderace\n|-damage|p1a: Cinderace|62/100\n|\n|upkeep\n|turn|21\n|\n|t:|1771189696\n|move|p1a: Cinderace|Court Change|p1a: Cinderace\n|-start|p1a: Cinderace|typechange|Normal|[from] ability: Libero\n|-swapsideconditions\n|-activate|p1a: Cinderace|move: Court Change\n|move|p2a: Cinderace|High Jump Kick|p1a: Cinderace\n|-start|p2a: Cinderace|typechange|Fighting|[from] ability: Libero\n|-supereffective|p1a: Cinderace\n|-damage|p1a: Cinderace|0 fnt\n|faint|p1a: Cinderace\n|\n|upkeep\n|\n|t:|1771189708\n|switch|p1a: Terapagos|Terapagos-Terastal, M|100/100\n|turn|22\n|\n|t:|1771189711\n|move|p2a: Cinderace|Pyro Ball|p1a: Terapagos\n|-activate|p1a: Terapagos|ability: Tera Shell\n|-resisted|p1a: Terapagos\n|-damage|p1a: Terapagos|86/100\n|move|p1a: Terapagos|Tera Starstorm|p2a: Cinderace\n|-damage|p2a: Cinderace|13/100\n|\n|upkeep\n|turn|23\n|\n|t:|1771189716\n|move|p2a: Cinderace|High Jump Kick|p1a: Terapagos\n|-supereffective|p1a: Terapagos\n|-damage|p1a: Terapagos|0 fnt\n|faint|p1a: Terapagos\n|\n|upkeep\n|\n|t:|1771189718\n|switch|p1a: Scizor|Scizor-Mega, M, shiny|88/100\n|turn|24\n|\n|t:|1771189721\n|move|p1a: Scizor|Bullet Punch|p2a: Cinderace\n|-damage|p2a: Cinderace|0 fnt\n|faint|p2a: Cinderace\n|\n|upkeep\n|\n|t:|1771189723\n|switch|p2a: Zamazenta|Zamazenta|100/100\n|-damage|p2a: Zamazenta|94/100|[from] Stealth Rock\n|-ability|p2a: Zamazenta|Dauntless Shield|boost\n|-boost|p2a: Zamazenta|def|1\n|turn|25\n|\n|t:|1771189727\n|switch|p1a: Alomomola|Alomomola, F, shiny|100/100\n|move|p2a: Zamazenta|Iron Defense|p2a: Zamazenta\n|-boost|p2a: Zamazenta|def|2\n|\n|-heal|p2a: Zamazenta|100/100|[from] item: Leftovers\n|upkeep\n|turn|26\n|\n|t:|1771189730\n|move|p2a: Zamazenta|Iron Defense|p2a: Zamazenta\n|-boost|p2a: Zamazenta|def|2\n|move|p1a: Alomomola|Toxic|p2a: Zamazenta\n|-status|p2a: Zamazenta|tox\n|\n|-damage|p2a: Zamazenta|94/100 tox|[from] psn\n|upkeep\n|turn|27\n|\n|t:|1771189734\n|move|p2a: Zamazenta|Iron Defense|p2a: Zamazenta\n|-boost|p2a: Zamazenta|def|1\n|move|p1a: Alomomola|Wish|p1a: Alomomola\n|\n|-heal|p2a: Zamazenta|100/100 tox|[from] item: Leftovers\n|-damage|p2a: Zamazenta|88/100 tox|[from] psn\n|upkeep\n|turn|28\n|\n|t:|1771189736\n|move|p2a: Zamazenta|Body Press|p1a: Alomomola\n|-damage|p1a: Alomomola|25/100\n|-damage|p2a: Zamazenta|72/100 tox|[from] item: Rocky Helmet|[of] p1a: Alomomola\n|move|p1a: Alomomola|Flip Turn|p2a: Zamazenta\n|-damage|p2a: Zamazenta|69/100 tox\n|\n|t:|1771189739\n|switch|p1a: Scizor|Scizor-Mega, M, shiny|88/100|[from] Flip Turn\n|\n|-heal|p1a: Scizor|100/100|[from] move: Wish|[wisher] Alomomola\n|-heal|p2a: Zamazenta|75/100 tox|[from] item: Leftovers\n|-damage|p2a: Zamazenta|56/100 tox|[from] psn\n|upkeep\n|turn|29\n|\n|t:|1771189741\n|move|p2a: Zamazenta|Body Press|p1a: Scizor\n|-damage|p1a: Scizor|29/100\n|move|p1a: Scizor|Roost|p1a: Scizor\n|-heal|p1a: Scizor|79/100\n|-singleturn|p1a: Scizor|move: Roost\n|\n|-heal|p2a: Zamazenta|62/100 tox|[from] item: Leftovers\n|-damage|p2a: Zamazenta|38/100 tox|[from] psn\n|upkeep\n|turn|30\n|\n|t:|1771189748\n|switch|p1a: Alomomola|Alomomola, F, shiny|58/100\n|move|p2a: Zamazenta|Body Press|p1a: Alomomola\n|-damage|p1a: Alomomola|0 fnt\n|-damage|p2a: Zamazenta|21/100 tox|[from] item: Rocky Helmet|[of] p1a: Alomomola\n|faint|p1a: Alomomola\n|\n|-heal|p2a: Zamazenta|27/100 tox|[from] item: Leftovers\n|-damage|p2a: Zamazenta|0 fnt|[from] psn\n|faint|p2a: Zamazenta\n|upkeep\n|\n|t:|1771189753\n|switch|p2a: Kingambit|Kingambit, M|86/100\n|switch|p1a: Scizor|Scizor-Mega, M, shiny|79/100\n|-damage|p2a: Kingambit|79/100|[from] Stealth Rock\n|-activate|p2a: Kingambit|ability: Supreme Overlord\n|-start|p2a: Kingambit|fallen4|[silent]\n|turn|31\n|\n|t:|1771189756\n|move|p2a: Kingambit|Swords Dance|p2a: Kingambit\n|-boost|p2a: Kingambit|atk|2\n|move|p1a: Scizor|Close Combat|p2a: Kingambit\n|-supereffective|p2a: Kingambit\n|-damage|p2a: Kingambit|0 fnt\n|-unboost|p1a: Scizor|def|1\n|-unboost|p1a: Scizor|spd|1\n|faint|p2a: Kingambit\n|-end|p2a: Kingambit|fallen4|[silent]\n|\n|upkeep\n|-message|lepooker forfeited.\n|\n|win|cash0977\n|raw|cash0977's rating: 1610 &rarr; <strong>1632</strong><br />(+22 for winning)\n|raw|lepooker's rating: 1639 &rarr; <strong>1617</strong><br />(-22 for losing)\n|l|☆lepooker\n|player|p2|\n|l|☆cash0977\n|player|p1|\n", "uploadtime": 1771189903, "views": 7, "formatid": "gen9nationaldex", "rating": 1617, "private": 0, "password": null}