{"id": "gen9nationaldex-2540593931", "format": "[Gen 9] National Dex", "players": ["Pope Temporal", "yuxia233"], "log": "|j|☆Pope Temporal\n|j|☆yuxia233\n|t:|1771223705\n|gametype|singles\n|player|p1|Pope Temporal|cynthia-gen4|1609\n|player|p2|yuxia233|dawn|1544\n|gen|9\n|tier|[Gen 9] National Dex\n|rated|\n|rule|HP Percentage Mod: HP is shown in percentages\n|rule|Endless Battle Clause: Forcing endless battles is banned\n|rule|Species Clause: Limit one of each Pokémon\n|rule|OHKO Clause: OHKO moves are banned\n|rule|Evasion Clause: Evasion abilities, items, and moves are banned\n|rule|Evasion Abilities Clause: Evasion abilities are banned\n|rule|Evasion Items Clause: Evasion items are banned\n|rule|Evasion Moves Clause: Evasion moves are banned\n|rule|Sleep Clause Mod: Limit one foe put to sleep\n|rule|Terastal Clause: You cannot Terastallize\n|clearpoke\n|poke|p1|Lopunny, M|\n|poke|p1|Tapu Koko|\n|poke|p1|Gholdengo|\n|poke|p1|Iron Valiant|\n|poke|p1|Landorus-Therian, M|\n|poke|p1|Samurott-Hisui, M|\n|poke|p2|Kingambit, M|\n|poke|p2|Zamazenta-*|\n|poke|p2|Diancie|\n|poke|p2|Alomomola, F|\n|poke|p2|Slowking-Galar, M|\n|poke|p2|Landorus-Therian, M|\n|teampreview\n|inactive|Battle timer is ON: inactive players will automatically lose when time's up. (requested by Pope Temporal)\n|inactive|yuxia233 also wants the timer to be on.\n|\n|t:|1771223723\n|teamsize|p1|6\n|teamsize|p2|6\n|start\n|switch|p1a: Landorus|Landorus-Therian, M|100/100\n|switch|p2a: Zamazenta|Zamazenta|100/100\n|-ability|p1a: Landorus|Intimidate|boost\n|-unboost|p2a: Zamazenta|atk|1\n|-ability|p2a: Zamazenta|Dauntless Shield|boost\n|-boost|p2a: Zamazenta|def|1\n|turn|1\n|\n|t:|1771223727\n|switch|p1a: Gholdengo|Gholdengo|100/100\n|move|p2a: Zamazenta|Ice Fang|p1a: Gholdengo\n|-resisted|p1a: Gholdengo\n|-damage|p1a: Gholdengo|91/100\n|\n|upkeep\n|turn|2\n|\n|t:|1771223732\n|switch|p1a: Landorus|Landorus-Therian, M|100/100\n|-ability|p1a: Landorus|Intimidate|boost\n|-unboost|p2a: Zamazenta|atk|1\n|switch|p2a: Slowking|Slowking-Galar, M|100/100\n|\n|upkeep\n|turn|3\n|\n|t:|1771223735\n|switch|p2a: Landorus|Landorus-Therian, M|100/100\n|-ability|p2a: Landorus|Intimidate|boost\n|-unboost|p1a: Landorus|atk|1\n|move|p1a: Landorus|U-turn|p2a: Landorus\n|-resisted|p2a: Landorus\n|-damage|p2a: Landorus|90/100\n|\n|t:|1771223738\n|switch|p1a: Lopunny|Lopunny, M|100/100|[from] U-turn\n|\n|-heal|p2a: Landorus|96/100|[from] item: Leftovers\n|upkeep\n|turn|4\n|\n|t:|1771223742\n|switch|p2a: Alomomola|Alomomola, F|100/100\n|detailschange|p1a: Lopunny|Lopunny-Mega, M\n|-mega|p1a: Lopunny|Lopunny|Lopunnite\n|move|p1a: Lopunny|Fake Out|p2a: Alomomola\n|-damage|p2a: Alomomola|88/100\n|-damage|p1a: Lopunny|84/100|[from] item: Rocky Helmet|[of] p2a: Alomomola\n|\n|upkeep\n|turn|5\n|\n|t:|1771223746\n|switch|p1a: Samurott|Samurott-Hisui, M|100/100\n|move|p2a: Alomomola|Flip Turn|p1a: Samurott\n|-resisted|p1a: Samurott\n|-damage|p1a: Samurott|90/100\n|-damage|p2a: Alomomola|71/100|[from] item: Rocky Helmet|[of] p1a: Samurott\n|\n|t:|1771223751\n|switch|p2a: Diancie|Diancie|100/100|[from] Flip Turn\n|\n|upkeep\n|turn|6\n|\n|t:|1771223754\n|switch|p1a: Gholdengo|Gholdengo|91/100\n|detailschange|p2a: Diancie|Diancie-Mega\n|-mega|p2a: Diancie|Diancie|Diancite\n|move|p2a: Diancie|Moonblast|p1a: Gholdengo\n|-resisted|p1a: Gholdengo\n|-damage|p1a: Gholdengo|60/100\n|\n|upkeep\n|turn|7\n|\n|t:|1771223760\n|switch|p2a: Slowking|Slowking-Galar, M|100/100\n|move|p1a: Gholdengo|Make It Rain|p2a: Slowking\n|-damage|p2a: Slowking|65/100\n|-unboost|p1a: Gholdengo|spa|1\n|\n|upkeep\n|turn|8\n|\n|t:|1771223763\n|switch|p1a: Samurott|Samurott-Hisui, M|90/100\n|-prepare|p2a: Slowking|Chilly Reception|[premajor]\n|move|p2a: Slowking|Chilly Reception|p2a: Slowking\n|-weather|Snowscape\n|\n|t:|1771223766\n|switch|p2a: Diancie|Diancie-Mega|100/100|[from] Chilly Reception\n|\n|-weather|Snowscape|[upkeep]\n|upkeep\n|turn|9\n|\n|t:|1771223769\n|switch|p1a: Landorus|Landorus-Therian, M|100/100\n|-ability|p1a: Landorus|Intimidate|boost\n|-unboost|p2a: Diancie|atk|1\n|move|p2a: Diancie|Moonblast|p1a: Landorus\n|-damage|p1a: Landorus|32/100\n|-unboost|p1a: Landorus|spa|1\n|\n|-weather|Snowscape|[upkeep]\n|upkeep\n|turn|10\n|\n|t:|1771223775\n|switch|p2a: Landorus|Landorus-Therian, M|96/100\n|-ability|p2a: Landorus|Intimidate|boost\n|-unboost|p1a: Landorus|atk|1\n|move|p1a: Landorus|Earthquake|p2a: Landorus\n|-immune|p2a: Landorus\n|\n|-weather|Snowscape|[upkeep]\n|-heal|p2a: Landorus|100/100|[from] item: Leftovers\n|upkeep\n|turn|11\n|\n|t:|1771223780\n|move|p1a: Landorus|Earthquake|p2a: Landorus\n|-immune|p2a: Landorus\n|move|p2a: Landorus|U-turn|p1a: Landorus\n|-resisted|p1a: Landorus\n|-damage|p1a: Landorus|16/100\n|\n|t:|1771223786\n|switch|p2a: Alomomola|Alomomola, F|100/100|[from] U-turn\n|\n|-weather|Snowscape|[upkeep]\n|upkeep\n|turn|12\n|\n|t:|1771223789\n|switch|p1a: Samurott|Samurott-Hisui, M|90/100\n|move|p2a: Alomomola|Flip Turn|p1a: Samurott\n|-resisted|p1a: Samurott\n|-damage|p1a: Samurott|79/100\n|-damage|p2a: Alomomola|84/100|[from] item: Rocky Helmet|[of] p1a: Samurott\n|\n|t:|1771223792\n|switch|p2a: Diancie|Diancie-Mega|100/100|[from] Flip Turn\n|\n|-weather|none\n|upkeep\n|turn|13\n|\n|t:|1771223798\n|switch|p1a: Tapu Koko|Tapu Koko|100/100\n|-fieldstart|move: Electric Terrain|[from] ability: Electric Surge|[of] p1a: Tapu Koko\n|move|p2a: Diancie|Moonblast|p1a: Tapu Koko\n|-damage|p1a: Tapu Koko|19/100\n|-unboost|p1a: Tapu Koko|spa|1\n|\n|upkeep\n|turn|14\n|\n|t:|1771223805\n|move|p1a: Tapu Koko|Discharge|p2a: Diancie\n|-damage|p2a: Diancie|65/100\n|move|p2a: Diancie|Moonblast|p1a: Tapu Koko\n|-crit|p1a: Tapu Koko\n|-damage|p1a: Tapu Koko|0 fnt\n|faint|p1a: Tapu Koko\n|\n|upkeep\n|\n|t:|1771223808\n|switch|p1a: Iron Valiant|Iron Valiant|100/100\n|-activate|p1a: Iron Valiant|ability: Quark Drive\n|-start|p1a: Iron Valiant|quarkdrivespe\n|turn|15\n|\n|t:|1771223813\n|switch|p2a: Slowking|Slowking-Galar, M|98/100\n|move|p1a: Iron Valiant|Knock Off|p2a: Slowking\n|-supereffective|p2a: Slowking\n|-damage|p2a: Slowking|10/100\n|-enditem|p2a: Slowking|Heavy-Duty Boots|[from] move: Knock Off|[of] p1a: Iron Valiant\n|-damage|p1a: Iron Valiant|91/100|[from] item: Life Orb\n|\n|upkeep\n|turn|16\n|\n|t:|1771223817\n|switch|p2a: Landorus|Landorus-Therian, M|100/100\n|-ability|p2a: Landorus|Intimidate|boost\n|-unboost|p1a: Iron Valiant|atk|1\n|move|p1a: Iron Valiant|Thunderbolt|p2a: Landorus\n|-immune|p2a: Landorus\n|\n|upkeep\n|turn|17\n|\n|t:|1771223826\n|move|p1a: Iron Valiant|Moonblast|p2a: Landorus\n|-damage|p2a: Landorus|32/100\n|-damage|p1a: Iron Valiant|81/100|[from] item: Life Orb\n|move|p2a: Landorus|Stealth Rock|p1a: Iron Valiant\n|-sidestart|p1: Pope Temporal|move: Stealth Rock\n|\n|-heal|p2a: Landorus|37/100|[from] item: Leftovers\n|upkeep\n|turn|18\n|\n|t:|1771223837\n|switch|p2a: Slowking|Slowking-Galar, M|43/100\n|move|p1a: Iron Valiant|Moonblast|p2a: Slowking\n|-resisted|p2a: Slowking\n|-damage|p2a: Slowking|27/100\n|-unboost|p2a: Slowking|spa|1\n|-damage|p1a: Iron Valiant|71/100|[from] item: Life Orb\n|\n|upkeep\n|turn|19\n|\n|t:|1771223841\n|switch|p2a: Landorus|Landorus-Therian, M|37/100\n|-ability|p2a: Landorus|Intimidate|boost\n|-unboost|p1a: Iron Valiant|atk|1\n|move|p1a: Iron Valiant|Moonblast|p2a: Landorus\n|-damage|p2a: Landorus|0 fnt\n|faint|p2a: Landorus\n|-damage|p1a: Iron Valiant|62/100|[from] item: Life Orb\n|\n|upkeep\n|\n|t:|1771223849\n|switch|p2a: Zamazenta|Zamazenta|100/100\n|turn|20\n|\n|t:|1771223852\n|move|p1a: Iron Valiant|Knock Off|p2a: Zamazenta\n|-resisted|p2a: Zamazenta\n|-damage|p2a: Zamazenta|93/100\n|-enditem|p2a: Zamazenta|Choice Band|[from] move: Knock Off|[of] p1a: Iron Valiant\n|-damage|p1a: Iron Valiant|52/100|[from] item: Life Orb\n|move|p2a: Zamazenta|Heavy Slam|p1a: Iron Valiant\n|-supereffective|p1a: Iron Valiant\n|-damage|p1a: Iron Valiant|0 fnt\n|faint|p1a: Iron Valiant\n|-end|p1a: Iron Valiant|Quark Drive|[silent]\n|\n|-fieldend|move: Electric Terrain\n|upkeep\n|\n|t:|1771223855\n|switch|p1a: Gholdengo|Gholdengo|60/100\n|-damage|p1a: Gholdengo|54/100|[from] Stealth Rock\n|turn|21\n|\n|t:|1771223860\n|switch|p2a: Kingambit|Kingambit, M|100/100\n|-activate|p2a: Kingambit|ability: Supreme Overlord\n|-start|p2a: Kingambit|fallen1|[silent]\n|move|p1a: Gholdengo|Make It Rain|p2a: Kingambit\n|-resisted|p2a: Kingambit\n|-damage|p2a: Kingambit|70/100\n|-unboost|p1a: Gholdengo|spa|1\n|\n|-heal|p2a: Kingambit|76/100|[from] item: Leftovers\n|upkeep\n|turn|22\n|\n|t:|1771223864\n|-activate|p1a: Gholdengo|move: Pursuit\n|move|p2a: Kingambit|Pursuit|p1a: Gholdengo|[from] Pursuit\n|-supereffective|p1a: Gholdengo\n|-damage|p1a: Gholdengo|0 fnt\n|faint|p1a: Gholdengo\n|-hint|A Pokemon can't switch between when it runs out of HP and when it faints\n|\n|-heal|p2a: Kingambit|82/100|[from] item: Leftovers\n|upkeep\n|\n|t:|1771223866\n|switch|p1a: Samurott|Samurott-Hisui, M|79/100\n|-damage|p1a: Samurott|67/100|[from] Stealth Rock\n|turn|23\n|\n|t:|1771223871\n|-end|p2a: Kingambit|fallen1|[silent]\n|switch|p2a: Alomomola|Alomomola, F|100/100\n|move|p1a: Samurott|Ceaseless Edge|p2a: Alomomola\n|-damage|p2a: Alomomola|77/100\n|-damage|p1a: Samurott|50/100|[from] item: Rocky Helmet|[of] p2a: Alomomola\n|-sidestart|p2: yuxia233|Spikes\n|\n|upkeep\n|turn|24\n|\n|t:|1771223878\n|move|p1a: Samurott|Swords Dance|p1a: Samurott\n|-boost|p1a: Samurott|atk|2\n|move|p2a: Alomomola|Wish|p2a: Alomomola\n|\n|upkeep\n|turn|25\n|\n|t:|1771223882\n|move|p1a: Samurott|Ceaseless Edge|p2a: Alomomola\n|-damage|p2a: Alomomola|32/100\n|-damage|p1a: Samurott|34/100|[from] item: Rocky Helmet|[of] p2a: Alomomola\n|-sidestart|p2: yuxia233|Spikes\n|move|p2a: Alomomola|Toxic|p1a: Samurott\n|-status|p1a: Samurott|tox\n|\n|-heal|p2a: Alomomola|82/100|[from] move: Wish|[wisher] Alomomola\n|-damage|p1a: Samurott|28/100 tox|[from] psn\n|upkeep\n|turn|26\n|\n|t:|1771223887\n|move|p2a: Alomomola|Protect|p2a: Alomomola\n|-singleturn|p2a: Alomomola|Protect\n|move|p1a: Samurott|Swords Dance|p1a: Samurott\n|-boost|p1a: Samurott|atk|2\n|\n|-damage|p1a: Samurott|15/100 tox|[from] psn\n|upkeep\n|turn|27\n|\n|t:|1771223890\n|move|p1a: Samurott|Ceaseless Edge|p2a: Alomomola|[miss]\n|-miss|p1a: Samurott|p2a: Alomomola\n|move|p2a: Alomomola|Wish|p2a: Alomomola\n|\n|-damage|p1a: Samurott|0 fnt|[from] psn\n|faint|p1a: Samurott\n|upkeep\n|-message|Pope Temporal forfeited.\n|\n|win|yuxia233\n|raw|Pope Temporal's rating: 1609 &rarr; <strong>1585</strong><br />(-24 for losing)\n|raw|yuxia233's rating: 1544 &rarr; <strong>1568</strong><br />(+24 for winning)\n|l|☆Pope Temporal\n|player|p1|\n|l|☆yuxia233\n|player|p2|\n", "uploadtime": 1771224201, "views": 8, "formatid": "gen9nationaldex", "rating": 1568, "private": 0, "password": null}