{"id": "gen9nationaldex-2540705481", "format": "[Gen 9] National Dex", "players": ["ffuy", "TNT800"], "log": "|j|☆ffuy\n|j|☆TNT800\n|t:|1771243282\n|gametype|singles\n|player|p1|ffuy|1|1616\n|player|p2|TNT800|lass-gen4dp|1648\n|gen|9\n|tier|[Gen 9] National Dex\n|rated|\n|rule|HP Percentage Mod: HP is shown in percentages\n|rule|Endless Battle Clause: Forcing endless battles is banned\n|rule|Species Clause: Limit one of each Pokémon\n|rule|OHKO Clause: OHKO moves are banned\n|rule|Evasion Clause: Evasion abilities, items, and moves are banned\n|rule|Evasion Abilities Clause: Evasion abilities are banned\n|rule|Evasion Items Clause: Evasion items are banned\n|rule|Evasion Moves Clause: Evasion moves are banned\n|rule|Sleep Clause Mod: Limit one foe put to sleep\n|rule|Terastal Clause: You cannot Terastallize\n|clearpoke\n|poke|p1|Diancie|\n|poke|p1|Tyranitar, F|\n|poke|p1|Alomomola, M|\n|poke|p1|Gliscor, F|\n|poke|p1|Urshifu-*, F|\n|poke|p1|Kyurem|\n|poke|p2|Jirachi|\n|poke|p2|Ninetales-Alola, F|\n|poke|p2|Suicune|\n|poke|p2|Great Tusk|\n|poke|p2|Tapu Lele|\n|poke|p2|Glimmora, F|\n|teampreview\n|inactive|Battle timer is ON: inactive players will automatically lose when time's up. (requested by TNT800)\n|inactive|ffuy also wants the timer to be on.\n|\n|t:|1771243296\n|teamsize|p1|6\n|teamsize|p2|6\n|start\n|switch|p1a: Diancie|Diancie|100/100\n|switch|p2a: Glimmora|Glimmora, F|100/100\n|turn|1\n|\n|t:|1771243307\n|switch|p1a: Gliscor|Gliscor, F|100/100\n|move|p2a: Glimmora|Earth Power|p1a: Gliscor\n|-immune|p1a: Gliscor\n|\n|-status|p1a: Gliscor|tox|[from] item: Toxic Orb\n|upkeep\n|turn|2\n|\n|t:|1771243316\n|switch|p2a: 尾少|Ninetales-Alola, F|100/100\n|-weather|Snowscape|[from] ability: Snow Warning|[of] p2a: 尾少\n|move|p1a: Gliscor|Earthquake|p2a: 尾少\n|-damage|p2a: 尾少|75/100\n|\n|-weather|Snowscape|[upkeep]\n|upkeep\n|turn|3\n|\n|t:|1771243321\n|move|p2a: 尾少|Aurora Veil|p2a: 尾少\n|-sidestart|p2: TNT800|move: Aurora Veil\n|move|p1a: Gliscor|Toxic|p2a: 尾少\n|-status|p2a: 尾少|tox\n|\n|-weather|Snowscape|[upkeep]\n|-damage|p2a: 尾少|69/100 tox|[from] psn\n|upkeep\n|turn|4\n|\n|t:|1771243335\n|switch|p2a: Glimmora|Glimmora, F|100/100\n|move|p1a: Gliscor|Defog|p2a: Glimmora\n|-unboost|p2a: Glimmora|evasion|1\n|-sideend|p2: TNT800|move: Aurora Veil\n|\n|-weather|Snowscape|[upkeep]\n|upkeep\n|turn|5\n|\n|t:|1771243344\n|move|p2a: Glimmora|Stealth Rock|p1a: Gliscor\n|-sidestart|p1: ffuy|move: Stealth Rock\n|move|p1a: Gliscor|Earthquake|p2a: Glimmora\n|-supereffective|p2a: Glimmora\n|-enditem|p2a: Glimmora|Focus Sash\n|-damage|p2a: Glimmora|1/100\n|-activate|p2a: Glimmora|ability: Toxic Debris\n|-sidestart|p1: ffuy|move: Toxic Spikes\n|\n|-weather|Snowscape|[upkeep]\n|upkeep\n|turn|6\n|\n|t:|1771243348\n|move|p2a: Glimmora|Power Gem|p1a: Gliscor\n|-damage|p1a: Gliscor|63/100 tox\n|move|p1a: Gliscor|Defog|p2a: Glimmora\n|-unboost|p2a: Glimmora|evasion|1\n|-sideend|p1: ffuy|Toxic Spikes|[from] move: Defog|[of] p1a: Gliscor\n|-sideend|p1: ffuy|Stealth Rock|[from] move: Defog|[of] p1a: Gliscor\n|\n|-weather|none\n|-heal|p1a: Gliscor|75/100 tox|[from] ability: Poison Heal\n|upkeep\n|turn|7\n|\n|t:|1771243354\n|switch|p1a: Diancie|Diancie|100/100\n|move|p2a: Glimmora|Stealth Rock|p1a: Diancie\n|-sidestart|p1: ffuy|move: Stealth Rock\n|\n|upkeep\n|turn|8\n|\n|t:|1771243360\n|switch|p1a: Gliscor|Gliscor, F|75/100 tox\n|-damage|p1a: Gliscor|63/100 tox|[from] Stealth Rock\n|move|p2a: Glimmora|Power Gem|p1a: Gliscor\n|-damage|p1a: Gliscor|30/100 tox\n|\n|-heal|p1a: Gliscor|43/100 tox|[from] ability: Poison Heal\n|upkeep\n|turn|9\n|\n|t:|1771243364\n|move|p2a: Glimmora|Power Gem|p1a: Gliscor\n|-damage|p1a: Gliscor|10/100 tox\n|move|p1a: Gliscor|Defog|p2a: Glimmora\n|-unboost|p2a: Glimmora|evasion|1\n|-sideend|p1: ffuy|Stealth Rock|[from] move: Defog|[of] p1a: Gliscor\n|\n|-heal|p1a: Gliscor|22/100 tox|[from] ability: Poison Heal\n|upkeep\n|turn|10\n|\n|t:|1771243371\n|move|p2a: Glimmora|Stealth Rock|p1a: Gliscor\n|-sidestart|p1: ffuy|move: Stealth Rock\n|move|p1a: Gliscor|Defog|p2a: Glimmora\n|-unboost|p2a: Glimmora|evasion|1\n|-sideend|p1: ffuy|Stealth Rock|[from] move: Defog|[of] p1a: Gliscor\n|\n|-heal|p1a: Gliscor|35/100 tox|[from] ability: Poison Heal\n|upkeep\n|turn|11\n|\n|t:|1771243376\n|move|p2a: Glimmora|Power Gem|p1a: Gliscor\n|-damage|p1a: Gliscor|0 fnt\n|faint|p1a: Gliscor\n|\n|upkeep\n|\n|t:|1771243379\n|switch|p1a: Diancie|Diancie|100/100\n|turn|12\n|\n|t:|1771243387\n|detailschange|p1a: Diancie|Diancie-Mega\n|-mega|p1a: Diancie|Diancie|Diancite\n|move|p1a: Diancie|Moonblast|p2a: Glimmora\n|-resisted|p2a: Glimmora\n|-damage|p2a: Glimmora|0 fnt\n|faint|p2a: Glimmora\n|\n|upkeep\n|j| Villain gligar\n|\n|t:|1771243392\n|switch|p2a: Jirachi|Jirachi, shiny|100/100\n|turn|13\n|\n|t:|1771243395\n|move|p1a: Diancie|Mystical Fire|p2a: Jirachi\n|-supereffective|p2a: Jirachi\n|-damage|p2a: Jirachi|31/100\n|-unboost|p2a: Jirachi|spa|1\n|-zpower|p2a: Jirachi\n|move|p2a: Jirachi|Z-Happy Hour|p2a: Jirachi|[anim]Happy Hour\n|-boost|p2a: Jirachi|atk|1|[zeffect]\n|-boost|p2a: Jirachi|def|1|[zeffect]\n|-boost|p2a: Jirachi|spa|1|[zeffect]\n|-boost|p2a: Jirachi|spd|1|[zeffect]\n|-boost|p2a: Jirachi|spe|1|[zeffect]\n|\n|upkeep\n|turn|14\n|\n|t:|1771243413\n|move|p2a: Jirachi|Iron Head|p1a: Diancie\n|-supereffective|p1a: Diancie\n|-crit|p1a: Diancie\n|-damage|p1a: Diancie|0 fnt\n|faint|p1a: Diancie\n|detailschange|p1: Diancie|Diancie|[silent]\n|\n|upkeep\n|\n|t:|1771243415\n|switch|p1a: Urshifu|Urshifu-Rapid-Strike, F|100/100\n|turn|15\n|l| Villain gligar\n|\n|t:|1771243422\n|move|p2a: Jirachi|Stored Power|p1a: Urshifu\n|-supereffective|p1a: Urshifu\n|-damage|p1a: Urshifu|0 fnt\n|faint|p1a: Urshifu\n|\n|upkeep\n|\n|t:|1771243431\n|switch|p1a: Kyurem|Kyurem|100/100\n|-ability|p1a: Kyurem|Pressure\n|turn|16\n|\n|t:|1771243442\n|move|p2a: Jirachi|Iron Head|p1a: Kyurem\n|-supereffective|p1a: Kyurem\n|-damage|p1a: Kyurem|22/100\n|move|p1a: Kyurem|Earth Power|p2a: Jirachi\n|-supereffective|p2a: Jirachi\n|-damage|p2a: Jirachi|0 fnt\n|faint|p2a: Jirachi\n|\n|upkeep\n|\n|t:|1771243453\n|switch|p2a: Tapu Lele|Tapu Lele|100/100\n|-fieldstart|move: Psychic Terrain|[from] ability: Psychic Surge|[of] p2a: Tapu Lele\n|turn|17\n|\n|t:|1771243458\n|switch|p1a: Tyranitar|Tyranitar, F|100/100\n|-weather|Sandstorm|[from] ability: Sand Stream|[of] p1a: Tyranitar\n|move|p2a: Tapu Lele|Moonblast|p1a: Tyranitar\n|-supereffective|p1a: Tyranitar\n|-damage|p1a: Tyranitar|72/100\n|-unboost|p1a: Tyranitar|spa|1\n|\n|-weather|Sandstorm|[upkeep]\n|-damage|p2a: Tapu Lele|94/100|[from] Sandstorm\n|upkeep\n|turn|18\n|\n|t:|1771243464\n|switch|p2a: Great Tusk|Great Tusk|100/100\n|-enditem|p2a: Great Tusk|Booster Energy\n|-activate|p2a: Great Tusk|ability: Protosynthesis|[fromitem]\n|-start|p2a: Great Tusk|protosynthesisatk\n|move|p1a: Tyranitar|Earthquake|p2a: Great Tusk\n|-damage|p2a: Great Tusk|81/100\n|\n|-weather|Sandstorm|[upkeep]\n|upkeep\n|turn|19\n|\n|t:|1771243467\n|switch|p1a: Alomomola|Alomomola, M|100/100\n|move|p2a: Great Tusk|Rapid Spin|p1a: Alomomola\n|-damage|p1a: Alomomola|86/100\n|-boost|p2a: Great Tusk|spe|1\n|-damage|p2a: Great Tusk|64/100|[from] item: Rocky Helmet|[of] p1a: Alomomola\n|\n|-weather|Sandstorm|[upkeep]\n|-damage|p1a: Alomomola|80/100|[from] Sandstorm\n|upkeep\n|turn|20\n|\n|t:|1771243471\n|move|p2a: Great Tusk|Close Combat|p1a: Alomomola\n|-damage|p1a: Alomomola|29/100\n|-unboost|p2a: Great Tusk|def|1\n|-unboost|p2a: Great Tusk|spd|1\n|-damage|p2a: Great Tusk|48/100|[from] item: Rocky Helmet|[of] p1a: Alomomola\n|move|p1a: Alomomola|Wish|p1a: Alomomola\n|\n|-weather|Sandstorm|[upkeep]\n|-damage|p1a: Alomomola|23/100|[from] Sandstorm\n|upkeep\n|turn|21\n|\n|t:|1771243475\n|move|p1a: Alomomola|Protect|p1a: Alomomola\n|-singleturn|p1a: Alomomola|Protect\n|move|p2a: Great Tusk|Close Combat|p1a: Alomomola\n|-activate|p1a: Alomomola|move: Protect\n|\n|-weather|none\n|-heal|p1a: Alomomola|73/100|[from] move: Wish|[wisher] Alomomola\n|-fieldend|move: Psychic Terrain\n|upkeep\n|turn|22\n|\n|t:|1771243485\n|move|p2a: Great Tusk|Close Combat|p1a: Alomomola\n|-damage|p1a: Alomomola|23/100\n|-unboost|p2a: Great Tusk|def|1\n|-unboost|p2a: Great Tusk|spd|1\n|-damage|p2a: Great Tusk|31/100|[from] item: Rocky Helmet|[of] p1a: Alomomola\n|move|p1a: Alomomola|Wish|p1a: Alomomola\n|\n|upkeep\n|turn|23\n|\n|t:|1771243494\n|-end|p2a: Great Tusk|Protosynthesis|[silent]\n|switch|p2a: Suicune|Suicune|100/100\n|-ability|p2a: Suicune|Pressure\n|move|p1a: Alomomola|Protect||[still]\n|-fail|p1a: Alomomola\n|\n|-heal|p1a: Alomomola|73/100|[from] move: Wish|[wisher] Alomomola\n|upkeep\n|turn|24\n|\n|t:|1771243498\n|move|p2a: Suicune|Substitute|p2a: Suicune\n|-start|p2a: Suicune|Substitute\n|-damage|p2a: Suicune|75/100\n|move|p1a: Alomomola|Toxic||[still]\n|-fail|p1a: Alomomola\n|\n|-heal|p2a: Suicune|82/100|[from] item: Leftovers\n|upkeep\n|turn|25\n|\n|t:|1771243500\n|move|p2a: Suicune|Calm Mind|p2a: Suicune\n|-boost|p2a: Suicune|spa|1\n|-boost|p2a: Suicune|spd|1\n|move|p1a: Alomomola|Flip Turn|p2a: Suicune\n|-resisted|p2a: Suicune\n|-crit|p2a: Suicune\n|-activate|p2a: Suicune|move: Substitute|[damage]\n|\n|t:|1771243504\n|switch|p1a: Tyranitar|Tyranitar, F|72/100|[from] Flip Turn\n|-weather|Sandstorm|[from] ability: Sand Stream|[of] p1a: Tyranitar\n|\n|-weather|Sandstorm|[upkeep]\n|-damage|p2a: Suicune|75/100|[from] Sandstorm\n|-heal|p2a: Suicune|82/100|[from] item: Leftovers\n|upkeep\n|turn|26\n|\n|t:|1771243508\n|move|p2a: Suicune|Scald|p1a: Tyranitar\n|-supereffective|p1a: Tyranitar\n|-damage|p1a: Tyranitar|51/100\n|move|p1a: Tyranitar|Rock Blast|p2a: Suicune\n|-activate|p2a: Suicune|move: Substitute|[damage]\n|-activate|p2a: Suicune|move: Substitute|[damage]\n|-end|p2a: Suicune|Substitute\n|-hitcount|p2a: Suicune|3\n|\n|-weather|Sandstorm|[upkeep]\n|-damage|p2a: Suicune|75/100|[from] Sandstorm\n|-heal|p2a: Suicune|82/100|[from] item: Leftovers\n|upkeep\n|turn|27\n|\n|t:|1771243522\n|switch|p2a: Great Tusk|Great Tusk|31/100\n|move|p1a: Tyranitar|Knock Off|p2a: Great Tusk\n|-resisted|p2a: Great Tusk\n|-damage|p2a: Great Tusk|21/100\n|\n|-weather|Sandstorm|[upkeep]\n|upkeep\n|turn|28\n|\n|t:|1771243526\n|-end|p2a: Great Tusk|Protosynthesis|[silent]\n|switch|p2a: Suicune|Suicune|82/100\n|-ability|p2a: Suicune|Pressure\n|switch|p1a: Alomomola|Alomomola, M|100/100\n|\n|-weather|Sandstorm|[upkeep]\n|-damage|p2a: Suicune|75/100|[from] Sandstorm\n|-damage|p1a: Alomomola|94/100|[from] Sandstorm\n|-heal|p2a: Suicune|82/100|[from] item: Leftovers\n|upkeep\n|turn|29\n|\n|t:|1771243529\n|move|p2a: Suicune|Substitute|p2a: Suicune\n|-start|p2a: Suicune|Substitute\n|-damage|p2a: Suicune|57/100\n|move|p1a: Alomomola|Wish|p1a: Alomomola\n|\n|-weather|none\n|-heal|p2a: Suicune|63/100|[from] item: Leftovers\n|upkeep\n|turn|30\n|\n|t:|1771243532\n|switch|p1a: Tyranitar|Tyranitar, F|51/100\n|-weather|Sandstorm|[from] ability: Sand Stream|[of] p1a: Tyranitar\n|move|p2a: Suicune|Calm Mind|p2a: Suicune\n|-boost|p2a: Suicune|spa|1\n|-boost|p2a: Suicune|spd|1\n|\n|-weather|Sandstorm|[upkeep]\n|-damage|p2a: Suicune|57/100|[from] Sandstorm\n|-heal|p1a: Tyranitar|100/100|[from] move: Wish|[wisher] Alomomola\n|-heal|p2a: Suicune|63/100|[from] item: Leftovers\n|upkeep\n|turn|31\n|\n|t:|1771243534\n|move|p2a: Suicune|Scald|p1a: Tyranitar\n|-supereffective|p1a: Tyranitar\n|-damage|p1a: Tyranitar|81/100\n|move|p1a: Tyranitar|Rock Blast|p2a: Suicune\n|-activate|p2a: Suicune|move: Substitute|[damage]\n|-activate|p2a: Suicune|move: Substitute|[damage]\n|-hitcount|p2a: Suicune|2\n|\n|-weather|Sandstorm|[upkeep]\n|-damage|p2a: Suicune|57/100|[from] Sandstorm\n|-heal|p2a: Suicune|63/100|[from] item: Leftovers\n|upkeep\n|turn|32\n|\n|t:|1771243539\n|move|p2a: Suicune|Scald|p1a: Tyranitar\n|-supereffective|p1a: Tyranitar\n|-damage|p1a: Tyranitar|58/100\n|move|p1a: Tyranitar|Knock Off|p2a: Suicune\n|-end|p2a: Suicune|Substitute\n|\n|-weather|Sandstorm|[upkeep]\n|-damage|p2a: Suicune|57/100|[from] Sandstorm\n|-heal|p2a: Suicune|63/100|[from] item: Leftovers\n|upkeep\n|turn|33\n|\n|t:|1771243551\n|move|p2a: Suicune|Substitute|p2a: Suicune\n|-start|p2a: Suicune|Substitute\n|-damage|p2a: Suicune|38/100\n|move|p1a: Tyranitar|Knock Off|p2a: Suicune\n|-end|p2a: Suicune|Substitute\n|\n|-weather|Sandstorm|[upkeep]\n|-damage|p2a: Suicune|32/100|[from] Sandstorm\n|-heal|p2a: Suicune|38/100|[from] item: Leftovers\n|upkeep\n|turn|34\n|\n|t:|1771243557\n|move|p2a: Suicune|Protect|p2a: Suicune\n|-singleturn|p2a: Suicune|Protect\n|move|p1a: Tyranitar|Knock Off|p2a: Suicune\n|-activate|p2a: Suicune|move: Protect\n|\n|-weather|none\n|-heal|p2a: Suicune|44/100|[from] item: Leftovers\n|upkeep\n|turn|35\n|\n|t:|1771243559\n|move|p2a: Suicune|Substitute|p2a: Suicune\n|-start|p2a: Suicune|Substitute\n|-damage|p2a: Suicune|19/100\n|move|p1a: Tyranitar|Knock Off|p2a: Suicune\n|-end|p2a: Suicune|Substitute\n|\n|-heal|p2a: Suicune|25/100|[from] item: Leftovers\n|upkeep\n|turn|36\n|\n|t:|1771243561\n|move|p2a: Suicune|Protect|p2a: Suicune\n|-singleturn|p2a: Suicune|Protect\n|move|p1a: Tyranitar|Knock Off|p2a: Suicune\n|-activate|p2a: Suicune|move: Protect\n|\n|-heal|p2a: Suicune|31/100|[from] item: Leftovers\n|upkeep\n|turn|37\n|\n|t:|1771243567\n|move|p2a: Suicune|Scald|p1a: Tyranitar\n|-supereffective|p1a: Tyranitar\n|-damage|p1a: Tyranitar|29/100\n|move|p1a: Tyranitar|Knock Off|p2a: Suicune\n|-damage|p2a: Suicune|9/100\n|-enditem|p2a: Suicune|Leftovers|[from] move: Knock Off|[of] p1a: Tyranitar\n|\n|upkeep\n|turn|38\n|\n|t:|1771243582\n|switch|p2a: Great Tusk|Great Tusk|21/100\n|switch|p1a: Kyurem|Kyurem|22/100\n|-ability|p1a: Kyurem|Pressure\n|\n|upkeep\n|turn|39\n|\n|t:|1771243586\n|switch|p1a: Alomomola|Alomomola, M|100/100\n|move|p2a: Great Tusk|Rapid Spin|p1a: Alomomola\n|-damage|p1a: Alomomola|91/100\n|-boost|p2a: Great Tusk|spe|1\n|-damage|p2a: Great Tusk|4/100|[from] item: Rocky Helmet|[of] p1a: Alomomola\n|\n|upkeep\n|turn|40\n|\n|t:|1771243589\n|move|p2a: Great Tusk|Close Combat|p1a: Alomomola\n|-damage|p1a: Alomomola|55/100\n|-unboost|p2a: Great Tusk|def|1\n|-unboost|p2a: Great Tusk|spd|1\n|-damage|p2a: Great Tusk|0 fnt|[from] item: Rocky Helmet|[of] p1a: Alomomola\n|faint|p2a: Great Tusk\n|-end|p2a: Great Tusk|Protosynthesis|[silent]\n|move|p1a: Alomomola|Wish|p1a: Alomomola\n|\n|upkeep\n|\n|t:|1771243600\n|switch|p2a: Tapu Lele|Tapu Lele|94/100\n|-fieldstart|move: Psychic Terrain|[from] ability: Psychic Surge|[of] p2a: Tapu Lele\n|turn|41\n|\n|t:|1771243606\n|switch|p1a: Tyranitar|Tyranitar, F|29/100\n|-weather|Sandstorm|[from] ability: Sand Stream|[of] p1a: Tyranitar\n|move|p2a: Tapu Lele|Psychic|p1a: Tyranitar\n|-immune|p1a: Tyranitar\n|\n|-weather|Sandstorm|[upkeep]\n|-damage|p2a: Tapu Lele|88/100|[from] Sandstorm\n|-heal|p1a: Tyranitar|95/100|[from] move: Wish|[wisher] Alomomola\n|upkeep\n|turn|42\n|\n|t:|1771243614\n|switch|p2a: Suicune|Suicune|9/100\n|-ability|p2a: Suicune|Pressure\n|move|p1a: Tyranitar|Earthquake|p2a: Suicune\n|-damage|p2a: Suicune|0 fnt\n|faint|p2a: Suicune\n|\n|-weather|Sandstorm|[upkeep]\n|upkeep\n|\n|t:|1771243619\n|switch|p2a: Tapu Lele|Tapu Lele|88/100\n|turn|43\n|\n|t:|1771243621\n|move|p2a: Tapu Lele|Focus Blast|p1a: Tyranitar\n|-supereffective|p1a: Tyranitar\n|-damage|p1a: Tyranitar|52/100\n|move|p1a: Tyranitar|Earthquake|p2a: Tapu Lele\n|-damage|p2a: Tapu Lele|40/100\n|\n|-weather|Sandstorm|[upkeep]\n|-damage|p2a: Tapu Lele|34/100|[from] Sandstorm\n|upkeep\n|turn|44\n|\n|t:|1771243624\n|move|p2a: Tapu Lele|Focus Blast|p1a: Tyranitar|[miss]\n|-miss|p2a: Tapu Lele|p1a: Tyranitar\n|move|p1a: Tyranitar|Earthquake|p2a: Tapu Lele\n|-damage|p2a: Tapu Lele|0 fnt\n|faint|p2a: Tapu Lele\n|\n|-weather|Sandstorm|[upkeep]\n|upkeep\n|-message|TNT800 forfeited.\n|\n|win|ffuy\n|raw|ffuy's rating: 1616 &rarr; <strong>1638</strong><br />(+22 for winning)\n|raw|TNT800's rating: 1648 &rarr; <strong>1626</strong><br />(-22 for losing)\n|l|☆TNT800\n|player|p2|\n|l|☆ffuy\n|player|p1|\n", "uploadtime": 1771243849, "views": 5, "formatid": "gen9nationaldex", "rating": 1626, "private": 0, "password": null}