{"id": "gen9nationaldex-2540716652", "format": "[Gen 9] National Dex", "players": ["AyyOmega", "Yaoshi"], "log": "|j|☆AyyOmega\n|j|☆Yaoshi\n|t:|1771245002\n|gametype|singles\n|player|p1|AyyOmega|102|1619\n|player|p2|Yaoshi|silver-masters|1621\n|gen|9\n|tier|[Gen 9] National Dex\n|rated|\n|rule|HP Percentage Mod: HP is shown in percentages\n|rule|Endless Battle Clause: Forcing endless battles is banned\n|rule|Species Clause: Limit one of each Pokémon\n|rule|OHKO Clause: OHKO moves are banned\n|rule|Evasion Clause: Evasion abilities, items, and moves are banned\n|rule|Evasion Abilities Clause: Evasion abilities are banned\n|rule|Evasion Items Clause: Evasion items are banned\n|rule|Evasion Moves Clause: Evasion moves are banned\n|rule|Sleep Clause Mod: Limit one foe put to sleep\n|rule|Terastal Clause: You cannot Terastallize\n|clearpoke\n|poke|p1|Tapu Koko|\n|poke|p1|Iron Valiant|\n|poke|p1|Tyranitar, F|\n|poke|p1|Zapdos|\n|poke|p1|Alomomola, M|\n|poke|p1|Garchomp, F|\n|poke|p2|Landorus-Therian, M|\n|poke|p2|Gallade, M|\n|poke|p2|Victini|\n|poke|p2|Aegislash, F|\n|poke|p2|Kyurem|\n|poke|p2|Alomomola, F|\n|teampreview\n|inactive|Battle timer is ON: inactive players will automatically lose when time's up. (requested by Yaoshi)\n|\n|t:|1771245025\n|teamsize|p1|6\n|teamsize|p2|6\n|start\n|switch|p1a: Garchomp|Garchomp, F|100/100\n|switch|p2a: YingLong|Landorus-Therian, M, shiny|100/100\n|-ability|p2a: YingLong|Intimidate|boost\n|-unboost|p1a: Garchomp|atk|1\n|turn|1\n|c|☆AyyOmega|if that gallade isnt mega\n|c|☆AyyOmega|ill be so sad\n|\n|t:|1771245035\n|move|p2a: YingLong|U-turn|p1a: Garchomp\n|-damage|p1a: Garchomp|76/100\n|-damage|p2a: YingLong|88/100|[from] ability: Rough Skin|[of] p1a: Garchomp\n|-damage|p2a: YingLong|72/100|[from] item: Rocky Helmet|[of] p1a: Garchomp\n|\n|t:|1771245038\n|switch|p2a: Aoyu|Alomomola, F|100/100|[from] U-turn\n|move|p1a: Garchomp|Toxic|p2a: Aoyu\n|-status|p2a: Aoyu|tox\n|\n|-damage|p2a: Aoyu|94/100 tox|[from] psn\n|upkeep\n|turn|2\n|\n|t:|1771245043\n|move|p1a: Garchomp|Stealth Rock|p2a: Aoyu\n|-sidestart|p2: Yaoshi|move: Stealth Rock\n|move|p2a: Aoyu|Flip Turn|p1a: Garchomp\n|-crit|p1a: Garchomp\n|-damage|p1a: Garchomp|56/100\n|-damage|p2a: Aoyu|82/100 tox|[from] ability: Rough Skin|[of] p1a: Garchomp\n|-damage|p2a: Aoyu|65/100 tox|[from] item: Rocky Helmet|[of] p1a: Garchomp\n|\n|t:|1771245052\n|switch|p2a: Wuji|Kyurem|100/100|[from] Flip Turn\n|-damage|p2a: Wuji|76/100|[from] Stealth Rock\n|-ability|p2a: Wuji|Pressure\n|\n|upkeep\n|turn|3\n|\n|t:|1771245056\n|switch|p1a: Tyranitar|Tyranitar, F|100/100\n|-weather|Sandstorm|[from] ability: Sand Stream|[of] p1a: Tyranitar\n|move|p2a: Wuji|Freeze-Dry|p1a: Tyranitar\n|-damage|p1a: Tyranitar|64/100\n|\n|-weather|Sandstorm|[upkeep]\n|-damage|p2a: Wuji|70/100|[from] Sandstorm\n|upkeep\n|turn|4\n|\n|t:|1771245061\n|switch|p2a: YingLong|Landorus-Therian, M, shiny|72/100\n|-damage|p2a: YingLong|59/100|[from] Stealth Rock\n|-ability|p2a: YingLong|Intimidate|boost\n|-unboost|p1a: Tyranitar|atk|1\n|detailschange|p1a: Tyranitar|Tyranitar-Mega, F\n|-mega|p1a: Tyranitar|Tyranitar|Tyranitarite\n|move|p1a: Tyranitar|Knock Off|p2a: YingLong\n|-damage|p2a: YingLong|8/100\n|-enditem|p2a: YingLong|Choice Scarf|[from] move: Knock Off|[of] p1a: Tyranitar\n|\n|-weather|Sandstorm|[upkeep]\n|upkeep\n|turn|5\n|\n|t:|1771245066\n|switch|p1a: Alomomola|Alomomola, M|100/100\n|move|p2a: YingLong|Defog|p1a: Alomomola\n|-unboost|p1a: Alomomola|evasion|1\n|-sideend|p2: Yaoshi|Stealth Rock|[from] move: Defog|[of] p2a: YingLong\n|\n|-weather|Sandstorm|[upkeep]\n|-damage|p1a: Alomomola|94/100|[from] Sandstorm\n|upkeep\n|turn|6\n|\n|t:|1771245069\n|switch|p2a: Aoyu|Alomomola, F|99/100 tox\n|move|p1a: Alomomola|Flip Turn|p2a: Aoyu\n|-resisted|p2a: Aoyu\n|-damage|p2a: Aoyu|94/100 tox\n|-damage|p1a: Alomomola|78/100|[from] item: Rocky Helmet|[of] p2a: Aoyu\n|\n|t:|1771245072\n|switch|p1a: Tapu Koko|Tapu Koko|100/100|[from] Flip Turn\n|-fieldstart|move: Electric Terrain|[from] ability: Electric Surge|[of] p1a: Tapu Koko\n|\n|-weather|Sandstorm|[upkeep]\n|-damage|p1a: Tapu Koko|94/100|[from] Sandstorm\n|-damage|p2a: Aoyu|88/100 tox|[from] Sandstorm\n|-damage|p2a: Aoyu|82/100 tox|[from] psn\n|upkeep\n|turn|7\n|\n|t:|1771245079\n|switch|p2a: máodùn|Aegislash, F, shiny|100/100\n|move|p1a: Tapu Koko|Thunderbolt|p2a: máodùn\n|-damage|p2a: máodùn|69/100\n|-status|p2a: máodùn|par\n|\n|-weather|none\n|-heal|p2a: máodùn|75/100 par|[from] item: Leftovers\n|upkeep\n|turn|8\n|\n|t:|1771245083\n|move|p1a: Tapu Koko|U-turn|p2a: máodùn\n|-resisted|p2a: máodùn\n|-damage|p2a: máodùn|72/100 par\n|\n|t:|1771245085\n|switch|p1a: Tyranitar|Tyranitar-Mega, F|64/100|[from] U-turn\n|-weather|Sandstorm|[from] ability: Sand Stream|[of] p1a: Tyranitar\n|cant|p2a: máodùn|par\n|\n|-weather|Sandstorm|[upkeep]\n|-heal|p2a: máodùn|78/100 par|[from] item: Leftovers\n|upkeep\n|turn|9\n|\n|t:|1771245088\n|move|p2a: máodùn|King's Shield|p2a: máodùn\n|-singleturn|p2a: máodùn|Protect\n|move|p1a: Tyranitar|Knock Off|p2a: máodùn\n|-activate|p2a: máodùn|move: Protect\n|-unboost|p1a: Tyranitar|atk|1\n|\n|-weather|Sandstorm|[upkeep]\n|-heal|p2a: máodùn|84/100 par|[from] item: Leftovers\n|upkeep\n|turn|10\n|\n|t:|1771245093\n|-activate|p2a: máodùn|move: Pursuit\n|move|p1a: Tyranitar|Pursuit|p2a: máodùn|[from] Pursuit\n|-supereffective|p2a: máodùn\n|-damage|p2a: máodùn|21/100 par\n|switch|p2a: Aoyu|Alomomola, F|100/100 tox\n|\n|-weather|Sandstorm|[upkeep]\n|-damage|p2a: Aoyu|94/100 tox|[from] Sandstorm\n|-damage|p2a: Aoyu|88/100 tox|[from] psn\n|-fieldend|move: Electric Terrain\n|upkeep\n|turn|11\n|\n|t:|1771245101\n|switch|p1a: Zapdos|Zapdos|100/100\n|move|p2a: Aoyu|Wish|p2a: Aoyu\n|\n|-weather|Sandstorm|[upkeep]\n|-damage|p1a: Zapdos|94/100|[from] Sandstorm\n|-damage|p2a: Aoyu|82/100 tox|[from] Sandstorm\n|-damage|p2a: Aoyu|70/100 tox|[from] psn\n|upkeep\n|turn|12\n|\n|t:|1771245107\n|switch|p2a: YingLong|Landorus-Therian, M, shiny|8/100\n|-ability|p2a: YingLong|Intimidate|boost\n|-unboost|p1a: Zapdos|atk|1\n|move|p1a: Zapdos|Hurricane|p2a: YingLong\n|-damage|p2a: YingLong|0 fnt\n|faint|p2a: YingLong\n|\n|-weather|none\n|upkeep\n|\n|t:|1771245111\n|switch|p2a: Nezha|Victini|100/100\n|turn|13\n|\n|t:|1771245114\n|move|p2a: Nezha|Power-Up Punch|p1a: Zapdos\n|-resisted|p1a: Zapdos\n|-crit|p1a: Zapdos\n|-damage|p1a: Zapdos|88/100\n|-boost|p2a: Nezha|atk|1\n|move|p1a: Zapdos|Volt Switch|p2a: Nezha\n|-damage|p2a: Nezha|69/100\n|\n|t:|1771245126\n|switch|p1a: Tapu Koko|Tapu Koko|94/100|[from] Volt Switch\n|-fieldstart|move: Electric Terrain|[from] ability: Electric Surge|[of] p1a: Tapu Koko\n|\n|upkeep\n|turn|14\n|\n|t:|1771245133\n|-zpower|p1a: Tapu Koko\n|move|p1a: Tapu Koko|Gigavolt Havoc|p2a: Nezha|[zeffect]\n|-damage|p2a: Nezha|0 fnt\n|faint|p2a: Nezha\n|\n|upkeep\n|\n|t:|1771245141\n|switch|p2a: Shi Yan Ming|Gallade, M, shiny|100/100\n|turn|15\n|\n|t:|1771245146\n|switch|p1a: Alomomola|Alomomola, M|100/100\n|move|p2a: Shi Yan Ming|Bulk Up|p2a: Shi Yan Ming\n|-boost|p2a: Shi Yan Ming|atk|1\n|-boost|p2a: Shi Yan Ming|def|1\n|\n|upkeep\n|turn|16\n|\n|t:|1771245151\n|move|p2a: Shi Yan Ming|Bulk Up|p2a: Shi Yan Ming\n|-boost|p2a: Shi Yan Ming|atk|1\n|-boost|p2a: Shi Yan Ming|def|1\n|move|p1a: Alomomola|Body Slam|p2a: Shi Yan Ming\n|-damage|p2a: Shi Yan Ming|88/100\n|-status|p2a: Shi Yan Ming|par\n|\n|upkeep\n|turn|17\n|\n|t:|1771245154\n|move|p2a: Shi Yan Ming|Bulk Up|p2a: Shi Yan Ming\n|-boost|p2a: Shi Yan Ming|atk|1\n|-boost|p2a: Shi Yan Ming|def|1\n|move|p1a: Alomomola|Flip Turn|p2a: Shi Yan Ming\n|-damage|p2a: Shi Yan Ming|78/100 par\n|\n|t:|1771245157\n|switch|p1a: Iron Valiant|Iron Valiant|100/100|[from] Flip Turn\n|-activate|p1a: Iron Valiant|ability: Quark Drive\n|-start|p1a: Iron Valiant|quarkdrivespa\n|\n|-fieldend|move: Electric Terrain\n|-end|p1a: Iron Valiant|Quark Drive\n|upkeep\n|turn|18\n|j| Holloix\n|\n|t:|1771245168\n|detailschange|p2a: Shi Yan Ming|Gallade-Mega, M, shiny\n|-mega|p2a: Shi Yan Ming|Gallade|Galladite\n|move|p1a: Iron Valiant|Moonblast|p2a: Shi Yan Ming\n|-supereffective|p2a: Shi Yan Ming\n|-damage|p2a: Shi Yan Ming|0 fnt\n|faint|p2a: Shi Yan Ming\n|detailschange|p2: Shi Yan Ming|Gallade, M, shiny|[silent]\n|\n|upkeep\n|\n|t:|1771245173\n|switch|p2a: máodùn|Aegislash, F, shiny|21/100 par\n|turn|19\n|\n|t:|1771245176\n|move|p1a: Iron Valiant|Moonblast|p2a: máodùn\n|-resisted|p2a: máodùn\n|-damage|p2a: máodùn|0 fnt\n|faint|p2a: máodùn\n|\n|upkeep\n|c|☆Yaoshi|gg\n|\n|t:|1771245179\n|switch|p2a: Aoyu|Alomomola, F|100/100 tox\n|turn|20\n|c|☆AyyOmega|gg\n|\n|t:|1771245182\n|-end|p1a: Iron Valiant|Quark Drive|[silent]\n|switch|p1a: Tapu Koko|Tapu Koko|94/100\n|-fieldstart|move: Electric Terrain|[from] ability: Electric Surge|[of] p1a: Tapu Koko\n|move|p2a: Aoyu|Scald|p1a: Tapu Koko\n|-damage|p1a: Tapu Koko|74/100\n|\n|-damage|p2a: Aoyu|94/100 tox|[from] psn\n|upkeep\n|turn|21\n|\n|t:|1771245185\n|move|p1a: Tapu Koko|Thunderbolt|p2a: Aoyu\n|-supereffective|p2a: Aoyu\n|-damage|p2a: Aoyu|0 fnt\n|faint|p2a: Aoyu\n|\n|upkeep\n|\n|t:|1771245186\n|switch|p2a: Wuji|Kyurem|70/100\n|-ability|p2a: Wuji|Pressure\n|turn|22\n|l| Holloix\n|\n|t:|1771245189\n|move|p1a: Tapu Koko|Dazzling Gleam|p2a: Wuji\n|-supereffective|p2a: Wuji\n|-damage|p2a: Wuji|7/100\n|move|p2a: Wuji|Ice Beam|p1a: Tapu Koko\n|-damage|p1a: Tapu Koko|0 fnt\n|faint|p1a: Tapu Koko\n|\n|upkeep\n|\n|t:|1771245192\n|switch|p1a: Iron Valiant|Iron Valiant|100/100\n|-activate|p1a: Iron Valiant|ability: Quark Drive\n|-start|p1a: Iron Valiant|quarkdrivespa\n|turn|23\n|\n|t:|1771245195\n|move|p1a: Iron Valiant|Vacuum Wave|p2a: Wuji\n|-supereffective|p2a: Wuji\n|-damage|p2a: Wuji|0 fnt\n|faint|p2a: Wuji\n|\n|win|AyyOmega\n|raw|AyyOmega's rating: 1619 &rarr; <strong>1639</strong><br />(+20 for winning)\n|raw|Yaoshi's rating: 1621 &rarr; <strong>1601</strong><br />(-20 for losing)\n|l|☆Yaoshi\n|player|p2|\n|l|☆AyyOmega\n|player|p1|\n", "uploadtime": 1771245346, "views": 6, "formatid": "gen9nationaldex", "rating": 1601, "private": 0, "password": null}