{"id": "gen9nationaldex-2540611275", "format": "[Gen 9] National Dex", "players": ["Eatredbullking", "turtle1stthebest"], "log": "|j|☆Eatredbullking\n|j|☆turtle1stthebest\n|t:|1771226972\n|gametype|singles\n|player|p1|Eatredbullking|miku-flying|1493\n|player|p2|turtle1stthebest|guzma|1574\n|gen|9\n|tier|[Gen 9] National Dex\n|rated|\n|rule|HP Percentage Mod: HP is shown in percentages\n|rule|Endless Battle Clause: Forcing endless battles is banned\n|rule|Species Clause: Limit one of each Pokémon\n|rule|OHKO Clause: OHKO moves are banned\n|rule|Evasion Clause: Evasion abilities, items, and moves are banned\n|rule|Evasion Abilities Clause: Evasion abilities are banned\n|rule|Evasion Items Clause: Evasion items are banned\n|rule|Evasion Moves Clause: Evasion moves are banned\n|rule|Sleep Clause Mod: Limit one foe put to sleep\n|rule|Terastal Clause: You cannot Terastallize\n|clearpoke\n|poke|p1|Hydreigon, M|\n|poke|p1|Tapu Lele|\n|poke|p1|Urshifu-*, M|\n|poke|p1|Gholdengo|\n|poke|p1|Toxapex, F|\n|poke|p1|Landorus-Therian, M|\n|poke|p2|Great Tusk|\n|poke|p2|Raging Bolt|\n|poke|p2|Charizard, M|\n|poke|p2|Meowscarada, F|\n|poke|p2|Heatran, M|\n|poke|p2|Whimsicott, M|\n|teampreview\n|\n|t:|1771226985\n|teamsize|p1|6\n|teamsize|p2|6\n|start\n|switch|p1a: Gholdengo|Gholdengo|100/100\n|switch|p2a: Charizard|Charizard, M, shiny|100/100\n|-item|p1a: Gholdengo|Air Balloon\n|turn|1\n|inactive|Battle timer is ON: inactive players will automatically lose when time's up. (requested by turtle1stthebest)\n|\n|t:|1771226992\n|switch|p1a: Toxapex|Toxapex, F, shiny|100/100\n|detailschange|p2a: Charizard|Charizard-Mega-Y, M, shiny\n|-mega|p2a: Charizard|Charizard|Charizardite Y\n|-weather|SunnyDay|[from] ability: Drought|[of] p2a: Charizard\n|move|p2a: Charizard|Weather Ball|p1a: Toxapex\n|-resisted|p1a: Toxapex\n|-damage|p1a: Toxapex|69/100\n|\n|-weather|SunnyDay|[upkeep]\n|upkeep\n|turn|2\n|\n|t:|1771227003\n|switch|p2a: Heatran|Heatran, M, shiny|100/100\n|move|p1a: Toxapex|Toxic|p2a: Heatran\n|-immune|p2a: Heatran\n|\n|-weather|SunnyDay|[upkeep]\n|upkeep\n|turn|3\n|\n|t:|1771227007\n|switch|p1a: Landorus|Landorus-Therian, M|100/100\n|-ability|p1a: Landorus|Intimidate|boost\n|-unboost|p2a: Heatran|atk|1\n|move|p2a: Heatran|Stealth Rock|p1a: Landorus\n|-sidestart|p1: Eatredbullking|move: Stealth Rock\n|\n|-weather|SunnyDay|[upkeep]\n|upkeep\n|turn|4\n|\n|t:|1771227016\n|switch|p2a: Great Tusk|Great Tusk, shiny|100/100\n|-activate|p2a: Great Tusk|ability: Protosynthesis\n|-start|p2a: Great Tusk|protosynthesisatk\n|move|p1a: Landorus|Defog|p2a: Great Tusk\n|-unboost|p2a: Great Tusk|evasion|1\n|-sideend|p1: Eatredbullking|Stealth Rock|[from] move: Defog|[of] p1a: Landorus\n|\n|-weather|SunnyDay|[upkeep]\n|upkeep\n|turn|5\n|\n|t:|1771227024\n|move|p2a: Great Tusk|Ice Spinner|p1a: Landorus\n|-supereffective|p1a: Landorus\n|-damage|p1a: Landorus|0 fnt\n|-damage|p2a: Great Tusk|84/100|[from] item: Rocky Helmet|[of] p1a: Landorus\n|faint|p1a: Landorus\n|\n|-weather|none\n|-end|p2a: Great Tusk|Protosynthesis\n|upkeep\n|-enditem|p2a: Great Tusk|Booster Energy\n|-activate|p2a: Great Tusk|ability: Protosynthesis|[fromitem]\n|-start|p2a: Great Tusk|protosynthesisatk\n|\n|t:|1771227030\n|switch|p1a: Urshifu|Urshifu-Rapid-Strike, M|100/100\n|turn|6\n|\n|t:|1771227037\n|-end|p2a: Great Tusk|Protosynthesis|[silent]\n|switch|p2a: Raging Bolt|Raging Bolt|100/100\n|move|p1a: Urshifu|Surging Strikes|p2a: Raging Bolt\n|-resisted|p2a: Raging Bolt\n|-crit|p2a: Raging Bolt\n|-damage|p2a: Raging Bolt|90/100\n|-resisted|p2a: Raging Bolt\n|-crit|p2a: Raging Bolt\n|-damage|p2a: Raging Bolt|80/100\n|-resisted|p2a: Raging Bolt\n|-crit|p2a: Raging Bolt\n|-damage|p2a: Raging Bolt|70/100\n|-hitcount|p2a: Raging Bolt|3\n|\n|upkeep\n|turn|7\n|\n|t:|1771227048\n|move|p1a: Urshifu|Close Combat|p2a: Raging Bolt\n|-damage|p2a: Raging Bolt|13/100\n|-unboost|p1a: Urshifu|def|1\n|-unboost|p1a: Urshifu|spd|1\n|move|p2a: Raging Bolt|Thunderbolt|p1a: Urshifu\n|-supereffective|p1a: Urshifu\n|-damage|p1a: Urshifu|0 fnt\n|faint|p1a: Urshifu\n|\n|upkeep\n|\n|t:|1771227053\n|switch|p1a: Tapu Lele|Tapu Lele, shiny|100/100\n|-fieldstart|move: Psychic Terrain|[from] ability: Psychic Surge|[of] p1a: Tapu Lele\n|turn|8\n|\n|t:|1771227056\n|-end|p2a: Raging Bolt|Protosynthesis|[silent]\n|switch|p2a: Heatran|Heatran, M, shiny|100/100\n|move|p1a: Tapu Lele|Focus Blast|p2a: Heatran\n|-supereffective|p2a: Heatran\n|-crit|p2a: Heatran\n|-damage|p2a: Heatran|19/100\n|\n|-heal|p2a: Heatran|26/100|[from] item: Leftovers\n|upkeep\n|turn|9\n|\n|t:|1771227064\n|switch|p1a: Hydreigon|Hydreigon, M|100/100\n|move|p2a: Heatran|Magma Storm|p1a: Hydreigon\n|-resisted|p1a: Hydreigon\n|-damage|p1a: Hydreigon|78/100\n|-activate|p1a: Hydreigon|move: Magma Storm|[of] p2a: Heatran\n|\n|-heal|p2a: Heatran|32/100|[from] item: Leftovers\n|-damage|p1a: Hydreigon|66/100|[from] move: Magma Storm|[partiallytrapped]\n|upkeep\n|turn|10\n|\n|t:|1771227074\n|move|p1a: Hydreigon|Dark Pulse|p2a: Heatran\n|-damage|p2a: Heatran|0 fnt\n|faint|p2a: Heatran\n|\n|-end|p1a: Hydreigon|Magma Storm|[partiallytrapped]|[silent]\n|upkeep\n|\n|t:|1771227078\n|switch|p2a: Meowscarada|Meowscarada, F|100/100\n|turn|11\n|\n|t:|1771227093\n|switch|p1a: Toxapex|Toxapex, F, shiny|100/100\n|move|p2a: Meowscarada|Triple Axel|p1a: Toxapex\n|-start|p2a: Meowscarada|typechange|Ice|[from] ability: Protean\n|-resisted|p1a: Toxapex\n|-damage|p1a: Toxapex|96/100\n|-damage|p2a: Meowscarada|84/100|[from] item: Rocky Helmet|[of] p1a: Toxapex\n|-resisted|p1a: Toxapex\n|-damage|p1a: Toxapex|86/100\n|-damage|p2a: Meowscarada|68/100|[from] item: Rocky Helmet|[of] p1a: Toxapex\n|-hitcount|p1a: Toxapex|2\n|\n|upkeep\n|turn|12\n|\n|t:|1771227103\n|switch|p2a: Raging Bolt|Raging Bolt|13/100\n|move|p1a: Toxapex|Toxic|p2a: Raging Bolt\n|-status|p2a: Raging Bolt|tox\n|\n|-damage|p2a: Raging Bolt|7/100 tox|[from] psn\n|-fieldend|move: Psychic Terrain\n|upkeep\n|turn|13\n|\n|t:|1771227115\n|switch|p1a: Tapu Lele|Tapu Lele, shiny|100/100\n|-fieldstart|move: Psychic Terrain|[from] ability: Psychic Surge|[of] p1a: Tapu Lele\n|move|p2a: Raging Bolt|Thunderbolt|p1a: Tapu Lele\n|-damage|p1a: Tapu Lele|41/100\n|\n|-damage|p2a: Raging Bolt|0 fnt|[from] psn\n|faint|p2a: Raging Bolt\n|-end|p2a: Raging Bolt|Protosynthesis|[silent]\n|upkeep\n|\n|t:|1771227125\n|switch|p2a: Charizard|Charizard-Mega-Y, M, shiny|100/100\n|-weather|SunnyDay|[from] ability: Drought|[of] p2a: Charizard\n|turn|14\n|\n|t:|1771227128\n|switch|p1a: Toxapex|Toxapex, F, shiny|100/100\n|move|p2a: Charizard|Weather Ball|p1a: Toxapex\n|-resisted|p1a: Toxapex\n|-crit|p1a: Toxapex\n|-damage|p1a: Toxapex|58/100\n|\n|-weather|SunnyDay|[upkeep]\n|upkeep\n|turn|15\n|\n|t:|1771227134\n|move|p2a: Charizard|Scorching Sands|p1a: Toxapex\n|-supereffective|p1a: Toxapex\n|-damage|p1a: Toxapex|21/100\n|move|p1a: Toxapex|Recover|p1a: Toxapex\n|-heal|p1a: Toxapex|71/100\n|\n|-weather|SunnyDay|[upkeep]\n|upkeep\n|turn|16\n|\n|t:|1771227141\n|switch|p2a: Great Tusk|Great Tusk, shiny|84/100\n|-activate|p2a: Great Tusk|ability: Protosynthesis\n|-start|p2a: Great Tusk|protosynthesisatk\n|move|p1a: Toxapex|Recover|p1a: Toxapex\n|-heal|p1a: Toxapex|100/100\n|\n|-weather|SunnyDay|[upkeep]\n|upkeep\n|turn|17\n|\n|t:|1771227145\n|switch|p1a: Gholdengo|Gholdengo|100/100\n|-item|p1a: Gholdengo|Air Balloon\n|move|p2a: Great Tusk|Rapid Spin|p1a: Gholdengo\n|-immune|p1a: Gholdengo\n|\n|-weather|SunnyDay|[upkeep]\n|-fieldend|move: Psychic Terrain\n|upkeep\n|turn|18\n|\n|t:|1771227153\n|-end|p2a: Great Tusk|Protosynthesis|[silent]\n|switch|p2a: Meowscarada|Meowscarada, F|68/100\n|move|p1a: Gholdengo|Shadow Ball|p2a: Meowscarada\n|-resisted|p2a: Meowscarada\n|-damage|p2a: Meowscarada|33/100\n|\n|-weather|none\n|upkeep\n|turn|19\n|\n|t:|1771227160\n|switch|p1a: Toxapex|Toxapex, F, shiny|100/100\n|move|p2a: Meowscarada|Knock Off|p1a: Toxapex\n|-start|p2a: Meowscarada|typechange|Dark|[from] ability: Protean\n|-damage|p1a: Toxapex|48/100\n|-damage|p2a: Meowscarada|16/100|[from] item: Rocky Helmet|[of] p1a: Toxapex\n|-enditem|p1a: Toxapex|Rocky Helmet|[from] move: Knock Off|[of] p2a: Meowscarada\n|\n|upkeep\n|turn|20\n|\n|t:|1771227166\n|switch|p2a: Great Tusk|Great Tusk, shiny|84/100\n|move|p1a: Toxapex|Recover|p1a: Toxapex\n|-heal|p1a: Toxapex|98/100\n|\n|upkeep\n|turn|21\n|\n|t:|1771227171\n|move|p2a: Great Tusk|Ice Spinner|p1a: Toxapex\n|-resisted|p1a: Toxapex\n|-damage|p1a: Toxapex|87/100\n|move|p1a: Toxapex|Scald|p2a: Great Tusk\n|-supereffective|p2a: Great Tusk\n|-damage|p2a: Great Tusk|31/100\n|\n|upkeep\n|turn|22\n|\n|t:|1771227183\n|switch|p1a: Hydreigon|Hydreigon, M|66/100\n|move|p2a: Great Tusk|Headlong Rush|p1a: Hydreigon\n|-immune|p1a: Hydreigon|[from] ability: Levitate\n|\n|upkeep\n|turn|23\n|\n|t:|1771227200\n|-end|p2a: Great Tusk|Protosynthesis|[silent]\n|switch|p2a: Whimsicott|Whimsicott, M, shiny|100/100\n|move|p1a: Hydreigon|Dark Pulse|p2a: Whimsicott\n|-resisted|p2a: Whimsicott\n|-damage|p2a: Whimsicott|53/100\n|\n|upkeep\n|turn|24\n|\n|t:|1771227210\n|switch|p2a: Charizard|Charizard-Mega-Y, M, shiny|100/100\n|-weather|SunnyDay|[from] ability: Drought|[of] p2a: Charizard\n|move|p1a: Hydreigon|Dark Pulse|p2a: Charizard\n|-damage|p2a: Charizard|42/100\n|\n|-weather|SunnyDay|[upkeep]\n|upkeep\n|turn|25\n|\n|t:|1771227225\n|switch|p2a: Whimsicott|Whimsicott, M, shiny|53/100\n|move|p1a: Hydreigon|Dark Pulse|p2a: Whimsicott\n|-resisted|p2a: Whimsicott\n|-damage|p2a: Whimsicott|0 fnt\n|faint|p2a: Whimsicott\n|\n|-weather|SunnyDay|[upkeep]\n|upkeep\n|\n|t:|1771227230\n|switch|p2a: Meowscarada|Meowscarada, F|16/100\n|turn|26\n|\n|t:|1771227239\n|switch|p1a: Toxapex|Toxapex, F, shiny|100/100\n|move|p2a: Meowscarada|Triple Axel|p1a: Toxapex\n|-start|p2a: Meowscarada|typechange|Ice|[from] ability: Protean\n|-resisted|p1a: Toxapex\n|-damage|p1a: Toxapex|96/100\n|-resisted|p1a: Toxapex\n|-damage|p1a: Toxapex|85/100\n|-hitcount|p1a: Toxapex|2\n|\n|-weather|SunnyDay|[upkeep]\n|upkeep\n|turn|27\n|\n|t:|1771227245\n|switch|p2a: Charizard|Charizard-Mega-Y, M, shiny|42/100\n|move|p1a: Toxapex|Scald|p2a: Charizard\n|-supereffective|p2a: Charizard\n|-damage|p2a: Charizard|23/100\n|\n|-weather|SunnyDay|[upkeep]\n|upkeep\n|turn|28\n|\n|t:|1771227248\n|move|p2a: Charizard|Roost|p2a: Charizard\n|-heal|p2a: Charizard|74/100\n|-singleturn|p2a: Charizard|move: Roost\n|move|p1a: Toxapex|Scald|p2a: Charizard\n|-supereffective|p2a: Charizard\n|-damage|p2a: Charizard|59/100\n|\n|-weather|none\n|upkeep\n|turn|29\n|\n|t:|1771227261\n|switch|p2a: Great Tusk|Great Tusk, shiny|31/100\n|move|p1a: Toxapex|Scald|p2a: Great Tusk\n|-supereffective|p2a: Great Tusk\n|-crit|p2a: Great Tusk\n|-damage|p2a: Great Tusk|0 fnt\n|faint|p2a: Great Tusk\n|-end|p2a: Great Tusk|Protosynthesis|[silent]\n|\n|upkeep\n|\n|t:|1771227263\n|switch|p2a: Charizard|Charizard-Mega-Y, M, shiny|59/100\n|-weather|SunnyDay|[from] ability: Drought|[of] p2a: Charizard\n|turn|30\n|\n|t:|1771227265\n|move|p2a: Charizard|Roost|p2a: Charizard\n|-heal|p2a: Charizard|100/100\n|-singleturn|p2a: Charizard|move: Roost\n|move|p1a: Toxapex|Toxic|p2a: Charizard\n|-status|p2a: Charizard|tox\n|\n|-weather|SunnyDay|[upkeep]\n|-damage|p2a: Charizard|94/100 tox|[from] psn\n|upkeep\n|turn|31\n|\n|t:|1771227270\n|move|p2a: Charizard|Scorching Sands|p1a: Toxapex\n|-supereffective|p1a: Toxapex\n|-damage|p1a: Toxapex|48/100\n|move|p1a: Toxapex|Scald|p2a: Charizard\n|-supereffective|p2a: Charizard\n|-damage|p2a: Charizard|78/100 tox\n|\n|-weather|SunnyDay|[upkeep]\n|-damage|p2a: Charizard|66/100 tox|[from] psn\n|upkeep\n|turn|32\n|\n|t:|1771227275\n|move|p2a: Charizard|Scorching Sands|p1a: Toxapex\n|-supereffective|p1a: Toxapex\n|-damage|p1a: Toxapex|10/100\n|-status|p1a: Toxapex|brn\n|move|p1a: Toxapex|Recover|p1a: Toxapex\n|-heal|p1a: Toxapex|60/100 brn\n|\n|-weather|SunnyDay|[upkeep]\n|-damage|p2a: Charizard|48/100 tox|[from] psn\n|-damage|p1a: Toxapex|53/100 brn|[from] brn\n|upkeep\n|turn|33\n|\n|t:|1771227278\n|move|p2a: Charizard|Scorching Sands|p1a: Toxapex\n|-supereffective|p1a: Toxapex\n|-damage|p1a: Toxapex|15/100 brn\n|move|p1a: Toxapex|Recover|p1a: Toxapex\n|-heal|p1a: Toxapex|65/100 brn\n|\n|-weather|SunnyDay|[upkeep]\n|-damage|p2a: Charizard|24/100 tox|[from] psn\n|-damage|p1a: Toxapex|58/100 brn|[from] brn\n|upkeep\n|turn|34\n|\n|t:|1771227283\n|move|p2a: Charizard|Roost|p2a: Charizard\n|-heal|p2a: Charizard|74/100 tox\n|-singleturn|p2a: Charizard|move: Roost\n|move|p1a: Toxapex|Scald|p2a: Charizard\n|-supereffective|p2a: Charizard\n|-damage|p2a: Charizard|57/100 tox\n|\n|-weather|none\n|-damage|p2a: Charizard|27/100 tox|[from] psn\n|-damage|p1a: Toxapex|52/100 brn|[from] brn\n|upkeep\n|turn|35\n|\n|t:|1771227294\n|move|p2a: Charizard|Scorching Sands|p1a: Toxapex\n|-supereffective|p1a: Toxapex\n|-damage|p1a: Toxapex|17/100 brn\n|move|p1a: Toxapex|Scald|p2a: Charizard\n|-supereffective|p2a: Charizard\n|-damage|p2a: Charizard|0 fnt\n|faint|p2a: Charizard\n|detailschange|p2: Charizard|Charizard, M, shiny|[silent]\n|\n|-damage|p1a: Toxapex|10/100 brn|[from] brn\n|upkeep\n|\n|t:|1771227297\n|switch|p2a: Meowscarada|Meowscarada, F|16/100\n|turn|36\n|\n|t:|1771227301\n|switch|p1a: Hydreigon|Hydreigon, M|66/100\n|move|p2a: Meowscarada|Knock Off|p1a: Hydreigon\n|-start|p2a: Meowscarada|typechange|Dark|[from] ability: Protean\n|-resisted|p1a: Hydreigon\n|-damage|p1a: Hydreigon|24/100\n|-enditem|p1a: Hydreigon|Choice Specs|[from] move: Knock Off|[of] p2a: Meowscarada\n|\n|upkeep\n|turn|37\n|\n|t:|1771227308\n|move|p2a: Meowscarada|Knock Off|p1a: Hydreigon\n|-resisted|p1a: Hydreigon\n|-damage|p1a: Hydreigon|0 fnt\n|faint|p1a: Hydreigon\n|\n|upkeep\n|\n|t:|1771227312\n|switch|p1a: Toxapex|Toxapex, F, shiny|44/100 brn\n|turn|38\n|\n|t:|1771227315\n|move|p2a: Meowscarada|Knock Off|p1a: Toxapex\n|-damage|p1a: Toxapex|9/100 brn\n|move|p1a: Toxapex|Recover|p1a: Toxapex\n|-heal|p1a: Toxapex|59/100 brn\n|\n|-damage|p1a: Toxapex|52/100 brn|[from] brn\n|upkeep\n|turn|39\n|\n|t:|1771227320\n|move|p2a: Meowscarada|Knock Off|p1a: Toxapex\n|-damage|p1a: Toxapex|19/100 brn\n|move|p1a: Toxapex|Scald|p2a: Meowscarada\n|-damage|p2a: Meowscarada|0 fnt\n|faint|p2a: Meowscarada\n|\n|win|Eatredbullking\n|raw|Eatredbullking's rating: 1493 &rarr; <strong>1518</strong><br />(+25 for winning)\n|raw|turtle1stthebest's rating: 1574 &rarr; <strong>1549</strong><br />(-25 for losing)\n|l|☆turtle1stthebest\n|player|p2|\n|l|☆Eatredbullking\n|player|p1|\n", "uploadtime": 1771227650, "views": 9, "formatid": "gen9nationaldex", "rating": 1518, "private": 0, "password": null}