{"id": "gen9nationaldex-2540756742", "format": "[Gen 9] National Dex", "players": ["Queijolol", "n!ce ct"], "log": "|j|☆Queijolol\n|j|☆n!ce ct\n|t:|1771250424\n|gametype|singles\n|player|p1|Queijolol|cheren-gen5bw2|1533\n|player|p2|n!ce ct|emma-lza|1575\n|gen|9\n|tier|[Gen 9] National Dex\n|rated|\n|rule|HP Percentage Mod: HP is shown in percentages\n|rule|Endless Battle Clause: Forcing endless battles is banned\n|rule|Species Clause: Limit one of each Pokémon\n|rule|OHKO Clause: OHKO moves are banned\n|rule|Evasion Clause: Evasion abilities, items, and moves are banned\n|rule|Evasion Abilities Clause: Evasion abilities are banned\n|rule|Evasion Items Clause: Evasion items are banned\n|rule|Evasion Moves Clause: Evasion moves are banned\n|rule|Sleep Clause Mod: Limit one foe put to sleep\n|rule|Terastal Clause: You cannot Terastallize\n|clearpoke\n|poke|p1|Kommo-o, M|\n|poke|p1|Ogerpon-Wellspring, F|\n|poke|p1|Kingambit, M|\n|poke|p1|Garchomp, M|\n|poke|p1|Zamazenta-*|\n|poke|p1|Diancie|\n|poke|p2|Urshifu-*, M|\n|poke|p2|Slowking-Galar, F|\n|poke|p2|Gardevoir, F|\n|poke|p2|Landorus-Therian, M|\n|poke|p2|Zamazenta-*|\n|poke|p2|Cinderace, F|\n|teampreview\n|inactive|Battle timer is ON: inactive players will automatically lose when time's up. (requested by n!ce ct)\n|\n|t:|1771250469\n|teamsize|p1|6\n|teamsize|p2|6\n|start\n|switch|p1a: Ogerpon|Ogerpon-Wellspring, F|100/100\n|switch|p2a: Landorus|Landorus-Therian, M|100/100\n|-ability|p2a: Landorus|Intimidate|boost\n|-unboost|p1a: Ogerpon|atk|1\n|turn|1\n|inactive|Queijolol has 120 seconds left.\n|\n|t:|1771250502\n|switch|p1a: Garchomp|Garchomp, M|100/100\n|move|p2a: Landorus|U-turn|p1a: Garchomp\n|-damage|p1a: Garchomp|87/100\n|-damage|p2a: Landorus|88/100|[from] ability: Rough Skin|[of] p1a: Garchomp\n|-damage|p2a: Landorus|72/100|[from] item: Rocky Helmet|[of] p1a: Garchomp\n|\n|t:|1771250515\n|switch|p2a: Gardevoir|Gardevoir, F|100/100|[from] U-turn\n|-ability|p2a: Gardevoir|Rough Skin|Trace|[from] ability: Trace|[of] p1a: Garchomp\n|\n|upkeep\n|turn|2\n|\n|t:|1771250524\n|switch|p1a: Ogerpon|Ogerpon-Wellspring, F|100/100\n|detailschange|p2a: Gardevoir|Gardevoir-Mega, F\n|-mega|p2a: Gardevoir|Gardevoir|Gardevoirite\n|move|p2a: Gardevoir|Will-O-Wisp|p1a: Ogerpon\n|-status|p1a: Ogerpon|brn\n|\n|-damage|p1a: Ogerpon|95/100 brn|[from] brn\n|upkeep\n|turn|3\n|\n|t:|1771250545\n|move|p1a: Ogerpon|Swords Dance|p1a: Ogerpon\n|-boost|p1a: Ogerpon|atk|2\n|move|p2a: Gardevoir|Hyper Voice|p1a: Ogerpon\n|-damage|p1a: Ogerpon|29/100 brn\n|\n|-damage|p1a: Ogerpon|23/100 brn|[from] brn\n|upkeep\n|turn|4\n|\n|t:|1771250553\n|move|p1a: Ogerpon|Ivy Cudgel|p2a: Gardevoir|[anim] Ivy Cudgel Water\n|-damage|p2a: Gardevoir|17/100\n|move|p2a: Gardevoir|Hyper Voice|p1a: Ogerpon\n|-damage|p1a: Ogerpon|0 fnt\n|faint|p1a: Ogerpon\n|\n|upkeep\n|inactive|Queijolol has 120 seconds left.\n|\n|t:|1771250591\n|switch|p1a: Diancie|Diancie|100/100\n|turn|5\n|inactive|n!ce ct has 120 seconds left.\n|\n|t:|1771250625\n|switch|p2a: Landorus|Landorus-Therian, M|72/100\n|-ability|p2a: Landorus|Intimidate|boost\n|-fail|p1a: Diancie|unboost|[from] ability: Clear Body|[of] p1a: Diancie\n|detailschange|p1a: Diancie|Diancie-Mega\n|-mega|p1a: Diancie|Diancie|Diancite\n|move|p1a: Diancie|Diamond Storm|p2a: Landorus\n|-damage|p2a: Landorus|19/100\n|\n|upkeep\n|turn|6\n|inactive|Queijolol has 120 seconds left.\n|\n|t:|1771250643\n|switch|p1a: Garchomp|Garchomp, M|87/100\n|move|p2a: Landorus|Earthquake|p1a: Garchomp\n|-damage|p1a: Garchomp|56/100\n|\n|upkeep\n|turn|7\n|\n|t:|1771250655\n|move|p2a: Landorus|Stealth Rock|p1a: Garchomp\n|-sidestart|p1: Queijolol|move: Stealth Rock\n|move|p1a: Garchomp|Stealth Rock|p2a: Landorus\n|-sidestart|p2: n!ce ct|move: Stealth Rock\n|\n|upkeep\n|turn|8\n|inactive|Queijolol has 120 seconds left.\n|\n|t:|1771250673\n|move|p2a: Landorus|Earthquake|p1a: Garchomp\n|-crit|p1a: Garchomp\n|-damage|p1a: Garchomp|13/100\n|move|p1a: Garchomp|Spikes|p2a: Landorus\n|-sidestart|p2: n!ce ct|Spikes\n|\n|upkeep\n|turn|9\n|inactive|Queijolol has 120 seconds left.\n|\n|t:|1771250679\n|move|p2a: Landorus|Earthquake|p1a: Garchomp\n|-damage|p1a: Garchomp|0 fnt\n|faint|p1a: Garchomp\n|\n|upkeep\n|\n|t:|1771250682\n|switch|p1a: Kingambit|Kingambit, M|100/100\n|-damage|p1a: Kingambit|94/100|[from] Stealth Rock\n|-activate|p1a: Kingambit|ability: Supreme Overlord\n|-start|p1a: Kingambit|fallen2|[silent]\n|turn|10\n|\n|t:|1771250686\n|move|p1a: Kingambit|Sucker Punch|p2a: Landorus\n|-damage|p2a: Landorus|0 fnt\n|-damage|p1a: Kingambit|78/100|[from] item: Rocky Helmet|[of] p2a: Landorus\n|faint|p2a: Landorus\n|\n|upkeep\n|\n|t:|1771250702\n|switch|p2a: Zamazenta|Zamazenta|100/100\n|-damage|p2a: Zamazenta|94/100|[from] Stealth Rock\n|-damage|p2a: Zamazenta|82/100|[from] Spikes\n|-ability|p2a: Zamazenta|Dauntless Shield|boost\n|-boost|p2a: Zamazenta|def|1\n|turn|11\n|\n|t:|1771250709\n|move|p1a: Kingambit|Sucker Punch|p2a: Zamazenta\n|-resisted|p2a: Zamazenta\n|-damage|p2a: Zamazenta|57/100\n|move|p2a: Zamazenta|Close Combat|p1a: Kingambit\n|-supereffective|p1a: Kingambit\n|-damage|p1a: Kingambit|0 fnt\n|-unboost|p2a: Zamazenta|def|1\n|-unboost|p2a: Zamazenta|spd|1\n|faint|p1a: Kingambit\n|-end|p1a: Kingambit|fallen2|[silent]\n|\n|upkeep\n|\n|t:|1771250711\n|switch|p1a: Kommo-o|Kommo-o, M|100/100\n|-damage|p1a: Kommo-o|94/100|[from] Stealth Rock\n|turn|12\n|\n|t:|1771250720\n|switch|p2a: Gardevoir|Gardevoir-Mega, F|17/100\n|-damage|p2a: Gardevoir|5/100|[from] Stealth Rock\n|-damage|p2a: Gardevoir|0 fnt|[from] Spikes\n|faint|p2a: Gardevoir\n|detailschange|p2: Gardevoir|Gardevoir, F|[silent]\n|move|p1a: Kommo-o|Clanging Scales|p2: Gardevoir|[notarget]\n|-fail|p1a: Kommo-o\n|\n|upkeep\n|\n|t:|1771250732\n|switch|p2a: Slowking|Slowking-Galar, F|100/100\n|turn|13\n|\n|t:|1771250741\n|switch|p1a: Zamazenta|Zamazenta|100/100\n|-damage|p1a: Zamazenta|94/100|[from] Stealth Rock\n|-ability|p1a: Zamazenta|Dauntless Shield|boost\n|-boost|p1a: Zamazenta|def|1\n|move|p2a: Slowking|Future Sight|p1a: Zamazenta\n|-start|p2a: Slowking|move: Future Sight\n|\n|upkeep\n|turn|14\n|\n|t:|1771250765\n|move|p1a: Zamazenta|Crunch|p2a: Slowking\n|-supereffective|p2a: Slowking\n|-damage|p2a: Slowking|46/100\n|-prepare|p2a: Slowking|Chilly Reception|[premajor]\n|move|p2a: Slowking|Chilly Reception|p2a: Slowking\n|-weather|Snowscape\n|\n|t:|1771250774\n|switch|p2a: Cinderace|Cinderace, F|100/100|[from] Chilly Reception\n|\n|-weather|Snowscape|[upkeep]\n|upkeep\n|turn|15\n|\n|t:|1771250786\n|move|p1a: Zamazenta|Stone Edge|p2a: Cinderace\n|-supereffective|p2a: Cinderace\n|-damage|p2a: Cinderace|4/100\n|move|p2a: Cinderace|Court Change|p2a: Cinderace\n|-start|p2a: Cinderace|typechange|Normal|[from] ability: Libero\n|-swapsideconditions\n|-activate|p2a: Cinderace|move: Court Change\n|\n|-weather|Snowscape|[upkeep]\n|-end|p1a: Zamazenta|move: Future Sight\n|-supereffective|p1a: Zamazenta\n|-damage|p1a: Zamazenta|39/100\n|upkeep\n|turn|16\n|\n|t:|1771250790\n|move|p2a: Cinderace|Sucker Punch|p1a: Zamazenta\n|-resisted|p1a: Zamazenta\n|-damage|p1a: Zamazenta|32/100\n|move|p1a: Zamazenta|Crunch|p2a: Cinderace\n|-damage|p2a: Cinderace|0 fnt\n|faint|p2a: Cinderace\n|\n|-weather|Snowscape|[upkeep]\n|upkeep\n|\n|t:|1771250809\n|switch|p2a: Zamazenta|Zamazenta|57/100\n|-damage|p2a: Zamazenta|51/100|[from] Stealth Rock\n|turn|17\n|\n|t:|1771250826\n|move|p2a: Zamazenta|Close Combat|p1a: Zamazenta\n|-damage|p1a: Zamazenta|0 fnt\n|-unboost|p2a: Zamazenta|def|1\n|-unboost|p2a: Zamazenta|spd|1\n|faint|p1a: Zamazenta\n|\n|-weather|Snowscape|[upkeep]\n|upkeep\n|\n|t:|1771250829\n|switch|p1a: Kommo-o|Kommo-o, M|94/100\n|-damage|p1a: Kommo-o|88/100|[from] Stealth Rock\n|-damage|p1a: Kommo-o|76/100|[from] Spikes\n|turn|18\n|\n|t:|1771250839\n|switch|p2a: Urshifu|Urshifu-Rapid-Strike, M|100/100\n|-damage|p2a: Urshifu|94/100|[from] Stealth Rock\n|-zpower|p1a: Kommo-o\n|move|p1a: Kommo-o|Clangorous Soulblaze|p2a: Urshifu|[zeffect]\n|-damage|p2a: Urshifu|0 fnt\n|faint|p2a: Urshifu\n|-boost|p1a: Kommo-o|atk|1\n|-boost|p1a: Kommo-o|def|1\n|-boost|p1a: Kommo-o|spa|1\n|-boost|p1a: Kommo-o|spd|1\n|-boost|p1a: Kommo-o|spe|1\n|\n|-weather|none\n|upkeep\n|\n|t:|1771250842\n|switch|p2a: Slowking|Slowking-Galar, F|79/100\n|turn|19\n|\n|t:|1771250869\n|move|p1a: Kommo-o|Clanging Scales|p2a: Slowking\n|-damage|p2a: Slowking|36/100\n|-unboost|p1a: Kommo-o|def|1\n|move|p2a: Slowking|Future Sight|p1a: Kommo-o\n|-start|p2a: Slowking|move: Future Sight\n|\n|upkeep\n|turn|20\n|\n|t:|1771250879\n|move|p1a: Kommo-o|Clanging Scales|p2a: Slowking\n|-damage|p2a: Slowking|0 fnt\n|faint|p2a: Slowking\n|-unboost|p1a: Kommo-o|def|1\n|\n|upkeep\n|-message|n!ce ct forfeited.\n|\n|win|Queijolol\n|raw|Queijolol's rating: 1559 &rarr; <strong>1580</strong><br />(+21 for winning)\n|raw|n!ce ct's rating: 1575 &rarr; <strong>1554</strong><br />(-21 for losing)\n|l|☆n!ce ct\n|player|p2|\n|l|☆Queijolol\n|player|p1|\n", "uploadtime": 1771251203, "views": 3, "formatid": "gen9nationaldex", "rating": 1554, "private": 0, "password": null}