{"id": "gen9nationaldex-2540632060", "format": "[Gen 9] National Dex", "players": ["Jadii_Xii", "Cerberus 17"], "log": "|j|☆Jadii_Xii\n|j|☆Cerberus 17\n|t:|1771230896\n|gametype|singles\n|player|p1|Jadii_Xii|aaron|1627\n|player|p2|Cerberus 17|cynthia-gen4|1730\n|gen|9\n|tier|[Gen 9] National Dex\n|rated|\n|rule|HP Percentage Mod: HP is shown in percentages\n|rule|Endless Battle Clause: Forcing endless battles is banned\n|rule|Species Clause: Limit one of each Pokémon\n|rule|OHKO Clause: OHKO moves are banned\n|rule|Evasion Clause: Evasion abilities, items, and moves are banned\n|rule|Evasion Abilities Clause: Evasion abilities are banned\n|rule|Evasion Items Clause: Evasion items are banned\n|rule|Evasion Moves Clause: Evasion moves are banned\n|rule|Sleep Clause Mod: Limit one foe put to sleep\n|rule|Terastal Clause: You cannot Terastallize\n|clearpoke\n|poke|p1|Urshifu-*, M|\n|poke|p1|Porygon-Z|\n|poke|p1|Gengar, F|\n|poke|p1|Grimmsnarl, M|\n|poke|p1|Garchomp, F|\n|poke|p1|Volcarona, M|\n|poke|p2|Tyranitar, M|\n|poke|p2|Kartana|\n|poke|p2|Diancie|\n|poke|p2|Excadrill, M|\n|poke|p2|Sinistcha-Masterpiece|\n|poke|p2|Kommo-o, F|\n|teampreview\n|inactive|Battle timer is ON: inactive players will automatically lose when time's up. (requested by Cerberus 17)\n|\n|t:|1771230918\n|teamsize|p1|6\n|teamsize|p2|6\n|start\n|switch|p1a: Gengar|Gengar, F|100/100\n|switch|p2a: Tyranitar|Tyranitar, M|100/100\n|-weather|Sandstorm|[from] ability: Sand Stream|[of] p2a: Tyranitar\n|turn|1\n|\n|t:|1771230923\n|-activate|p1a: Gengar|move: Pursuit\n|move|p2a: Tyranitar|Pursuit|p1a: Gengar|[from] Pursuit\n|-supereffective|p1a: Gengar\n|-enditem|p1a: Gengar|Focus Sash\n|-damage|p1a: Gengar|1/100\n|-start|p2a: Tyranitar|Disable|Pursuit|[from] ability: Cursed Body|[of] p1a: Gengar\n|switch|p1a: Garchomp|Garchomp, F|100/100\n|\n|-weather|Sandstorm|[upkeep]\n|upkeep\n|turn|2\n|\n|t:|1771230928\n|move|p1a: Garchomp|Stealth Rock|p2a: Tyranitar\n|-sidestart|p2: Cerberus 17|move: Stealth Rock\n|move|p2a: Tyranitar|Avalanche|p1a: Garchomp\n|-supereffective|p1a: Garchomp\n|-damage|p1a: Garchomp|14/100\n|-damage|p2a: Tyranitar|88/100|[from] ability: Rough Skin|[of] p1a: Garchomp\n|-damage|p2a: Tyranitar|72/100|[from] item: Rocky Helmet|[of] p1a: Garchomp\n|\n|-weather|Sandstorm|[upkeep]\n|upkeep\n|turn|3\n|\n|t:|1771230934\n|switch|p2a: Sinistcha|Sinistcha-Masterpiece|100/100\n|-damage|p2a: Sinistcha|88/100|[from] Stealth Rock\n|move|p1a: Garchomp|Earthquake|p2a: Sinistcha\n|-resisted|p2a: Sinistcha\n|-damage|p2a: Sinistcha|72/100\n|\n|-weather|Sandstorm|[upkeep]\n|-damage|p2a: Sinistcha|66/100|[from] Sandstorm\n|-heal|p2a: Sinistcha|72/100|[from] item: Leftovers\n|upkeep\n|turn|4\n|\n|t:|1771230940\n|switch|p1a: Gengar|Gengar, F|1/100\n|move|p2a: Sinistcha|Scald|p1a: Gengar\n|-crit|p1a: Gengar\n|-damage|p1a: Gengar|0 fnt\n|faint|p1a: Gengar\n|\n|-weather|Sandstorm|[upkeep]\n|-damage|p2a: Sinistcha|66/100|[from] Sandstorm\n|-heal|p2a: Sinistcha|72/100|[from] item: Leftovers\n|upkeep\n|\n|t:|1771230946\n|switch|p1a: Volcarona|Volcarona, M|100/100\n|turn|5\n|\n|t:|1771230971\n|switch|p2a: Diancie|Diancie|100/100\n|-damage|p2a: Diancie|88/100|[from] Stealth Rock\n|move|p1a: Volcarona|Quiver Dance|p1a: Volcarona\n|-boost|p1a: Volcarona|spa|1\n|-boost|p1a: Volcarona|spd|1\n|-boost|p1a: Volcarona|spe|1\n|\n|-weather|Sandstorm|[upkeep]\n|-damage|p1a: Volcarona|94/100|[from] Sandstorm\n|upkeep\n|turn|6\n|\n|t:|1771230975\n|move|p1a: Volcarona|Giga Drain|p2a: Diancie\n|-supereffective|p2a: Diancie\n|-damage|p2a: Diancie|27/100\n|-heal|p1a: Volcarona|100/100|[from] drain|[of] p2a: Diancie\n|move|p2a: Diancie|Diamond Storm|p1a: Volcarona\n|-supereffective|p1a: Volcarona\n|-damage|p1a: Volcarona|0 fnt\n|faint|p1a: Volcarona\n|\n|-weather|Sandstorm|[upkeep]\n|upkeep\n|\n|t:|1771230979\n|switch|p1a: Urshifu|Urshifu-Rapid-Strike, M|100/100\n|turn|7\n|\n|t:|1771230992\n|detailschange|p2a: Diancie|Diancie-Mega\n|-mega|p2a: Diancie|Diancie|Diancite\n|move|p2a: Diancie|Moonblast|p1a: Urshifu\n|-supereffective|p1a: Urshifu\n|-damage|p1a: Urshifu|0 fnt\n|faint|p1a: Urshifu\n|\n|-weather|Sandstorm|[upkeep]\n|upkeep\n|\n|t:|1771230994\n|switch|p1a: Grimmsnarl|Grimmsnarl, M|100/100\n|turn|8\n|\n|t:|1771231000\n|move|p1a: Grimmsnarl|Light Screen|p1a: Grimmsnarl\n|-sidestart|p1: Jadii_Xii|move: Light Screen\n|move|p2a: Diancie|Moonblast|p1a: Grimmsnarl\n|-supereffective|p1a: Grimmsnarl\n|-damage|p1a: Grimmsnarl|49/100\n|\n|-weather|none\n|upkeep\n|turn|9\n|\n|t:|1771231007\n|move|p1a: Grimmsnarl|Reflect|p1a: Grimmsnarl\n|-sidestart|p1: Jadii_Xii|Reflect\n|move|p2a: Diancie|Stealth Rock|p1a: Grimmsnarl\n|-sidestart|p1: Jadii_Xii|move: Stealth Rock\n|\n|upkeep\n|turn|10\n|\n|t:|1771231011\n|move|p2a: Diancie|Moonblast|p1a: Grimmsnarl\n|-supereffective|p1a: Grimmsnarl\n|-damage|p1a: Grimmsnarl|0 fnt\n|faint|p1a: Grimmsnarl\n|\n|upkeep\n|\n|t:|1771231014\n|switch|p1a: Porygon-Z|Porygon-Z, shiny|100/100\n|-damage|p1a: Porygon-Z|88/100|[from] Stealth Rock\n|-ability|p1a: Porygon-Z|Download|boost\n|-boost|p1a: Porygon-Z|spa|1\n|turn|11\n|\n|t:|1771231023\n|switch|p2a: Tyranitar|Tyranitar, M|72/100\n|-damage|p2a: Tyranitar|59/100|[from] Stealth Rock\n|-weather|Sandstorm|[from] ability: Sand Stream|[of] p2a: Tyranitar\n|move|p1a: Porygon-Z|Shadow Ball|p2a: Tyranitar\n|-resisted|p2a: Tyranitar\n|-damage|p2a: Tyranitar|47/100\n|\n|-weather|Sandstorm|[upkeep]\n|-damage|p1a: Porygon-Z|82/100|[from] Sandstorm\n|upkeep\n|turn|12\n|\n|t:|1771231027\n|switch|p1a: Garchomp|Garchomp, F|14/100\n|-damage|p1a: Garchomp|8/100|[from] Stealth Rock\n|move|p2a: Tyranitar|Knock Off|p1a: Garchomp\n|-damage|p1a: Garchomp|0 fnt\n|-damage|p2a: Tyranitar|34/100|[from] ability: Rough Skin|[of] p1a: Garchomp\n|-damage|p2a: Tyranitar|18/100|[from] item: Rocky Helmet|[of] p1a: Garchomp\n|-enditem|p1a: Garchomp|Rocky Helmet|[from] move: Knock Off|[of] p2a: Tyranitar\n|faint|p1a: Garchomp\n|\n|-weather|Sandstorm|[upkeep]\n|upkeep\n|\n|t:|1771231029\n|switch|p1a: Porygon-Z|Porygon-Z, shiny|82/100\n|-damage|p1a: Porygon-Z|70/100|[from] Stealth Rock\n|-ability|p1a: Porygon-Z|Download|boost\n|-boost|p1a: Porygon-Z|spa|1\n|turn|13\n|\n|t:|1771231034\n|-zpower|p1a: Porygon-Z\n|move|p1a: Porygon-Z|Z-Conversion|p1a: Porygon-Z|[anim]Conversion\n|-boost|p1a: Porygon-Z|atk|1|[zeffect]\n|-boost|p1a: Porygon-Z|def|1|[zeffect]\n|-boost|p1a: Porygon-Z|spa|1|[zeffect]\n|-boost|p1a: Porygon-Z|spd|1|[zeffect]\n|-boost|p1a: Porygon-Z|spe|1|[zeffect]\n|-start|p1a: Porygon-Z|typechange|Ghost\n|move|p2a: Tyranitar|Knock Off|p1a: Porygon-Z\n|-supereffective|p1a: Porygon-Z\n|-damage|p1a: Porygon-Z|32/100\n|\n|-weather|Sandstorm|[upkeep]\n|-damage|p1a: Porygon-Z|26/100|[from] Sandstorm\n|upkeep\n|turn|14\n|\n|t:|1771231039\n|move|p1a: Porygon-Z|Thunderbolt|p2a: Tyranitar\n|-damage|p2a: Tyranitar|0 fnt\n|faint|p2a: Tyranitar\n|\n|-weather|Sandstorm|[upkeep]\n|-damage|p1a: Porygon-Z|20/100|[from] Sandstorm\n|upkeep\n|\n|t:|1771231042\n|switch|p2a: Excadrill|Excadrill, M|100/100\n|-damage|p2a: Excadrill|97/100|[from] Stealth Rock\n|turn|15\n|\n|t:|1771231050\n|move|p2a: Excadrill|Earthquake|p1a: Porygon-Z\n|-damage|p1a: Porygon-Z|0 fnt\n|faint|p1a: Porygon-Z\n|\n|win|Cerberus 17\n|raw|Jadii_Xii's rating: 1627 &rarr; <strong>1613</strong><br />(-14 for losing)\n|raw|Cerberus 17's rating: 1730 &rarr; <strong>1744</strong><br />(+14 for winning)\n|l|☆Jadii_Xii\n|player|p1|\n|l|☆Cerberus 17\n|player|p2|\n", "uploadtime": 1771231237, "views": 14, "formatid": "gen9nationaldex", "rating": 1613, "private": 0, "password": null}