{"id": "gen9nationaldex-2540943735", "format": "[Gen 9] National Dex", "players": ["zKaori", "Ichigxo"], "log": "|j|☆zKaori\n|j|☆Ichigxo\n|t:|1771269499\n|gametype|singles\n|player|p1|zKaori|wally|1613\n|player|p2|Ichigxo|cynthia-gen4|1545\n|gen|9\n|tier|[Gen 9] National Dex\n|rated|\n|rule|HP Percentage Mod: HP is shown in percentages\n|rule|Endless Battle Clause: Forcing endless battles is banned\n|rule|Species Clause: Limit one of each Pokémon\n|rule|OHKO Clause: OHKO moves are banned\n|rule|Evasion Clause: Evasion abilities, items, and moves are banned\n|rule|Evasion Abilities Clause: Evasion abilities are banned\n|rule|Evasion Items Clause: Evasion items are banned\n|rule|Evasion Moves Clause: Evasion moves are banned\n|rule|Sleep Clause Mod: Limit one foe put to sleep\n|rule|Terastal Clause: You cannot Terastallize\n|clearpoke\n|poke|p1|Zamazenta-*|\n|poke|p1|Corviknight, M|\n|poke|p1|Polteageist|\n|poke|p1|Cloyster, F|\n|poke|p1|Great Tusk|\n|poke|p1|Altaria, M|\n|poke|p2|Lopunny, F|\n|poke|p2|Ting-Lu|\n|poke|p2|Melmetal|\n|poke|p2|Moltres|\n|poke|p2|Ogerpon-Wellspring, F|\n|poke|p2|Iron Valiant|\n|teampreview\n|inactive|Battle timer is ON: inactive players will automatically lose when time's up. (requested by zKaori)\n|\n|t:|1771269516\n|teamsize|p1|6\n|teamsize|p2|6\n|start\n|switch|p1a: Zamazenta|Zamazenta|100/100\n|switch|p2a: Melmetal|Melmetal|100/100\n|-ability|p1a: Zamazenta|Dauntless Shield|boost\n|-boost|p1a: Zamazenta|def|1\n|turn|1\n|\n|t:|1771269535\n|switch|p2a: Moltres|Moltres|100/100\n|move|p1a: Zamazenta|Reflect|p1a: Zamazenta\n|-sidestart|p1: zKaori|Reflect\n|\n|upkeep\n|turn|2\n|\n|t:|1771269543\n|move|p1a: Zamazenta|Light Screen|p1a: Zamazenta\n|-sidestart|p1: zKaori|move: Light Screen\n|move|p2a: Moltres|Defog|p1a: Zamazenta\n|-unboost|p1a: Zamazenta|evasion|1\n|-sideend|p1: zKaori|Reflect\n|-sideend|p1: zKaori|move: Light Screen\n|\n|upkeep\n|turn|3\n|\n|t:|1771269548\n|move|p1a: Zamazenta|Light Screen|p1a: Zamazenta\n|-sidestart|p1: zKaori|move: Light Screen\n|move|p2a: Moltres|Mystical Fire|p1a: Zamazenta\n|-damage|p1a: Zamazenta|88/100\n|-unboost|p1a: Zamazenta|spa|1\n|\n|upkeep\n|turn|4\n|\n|t:|1771269551\n|switch|p1a: Corviknight|Corviknight, M|100/100\n|move|p2a: Moltres|Defog||[still]\n|-ability|p1a: Corviknight|Mirror Armor\n|-unboost|p2a: Moltres|evasion|1\n|-sideend|p1: zKaori|move: Light Screen\n|-fail|p2a: Moltres\n|\n|upkeep\n|turn|5\n|\n|t:|1771269555\n|move|p2a: Moltres|Mystical Fire|p1a: Corviknight\n|-supereffective|p1a: Corviknight\n|-damage|p1a: Corviknight|52/100\n|-ability|p1a: Corviknight|Mirror Armor\n|-unboost|p2a: Moltres|spa|1\n|-enditem|p1a: Corviknight|Weakness Policy\n|-boost|p1a: Corviknight|atk|2|[from] item: Weakness Policy\n|-boost|p1a: Corviknight|spa|2|[from] item: Weakness Policy\n|move|p1a: Corviknight|Agility|p1a: Corviknight\n|-boost|p1a: Corviknight|spe|2\n|\n|upkeep\n|turn|6\n|\n|t:|1771269564\n|move|p1a: Corviknight|Roost|p1a: Corviknight\n|-heal|p1a: Corviknight|100/100\n|-singleturn|p1a: Corviknight|move: Roost\n|move|p2a: Moltres|Mystical Fire|p1a: Corviknight\n|-supereffective|p1a: Corviknight\n|-damage|p1a: Corviknight|71/100\n|-ability|p1a: Corviknight|Mirror Armor\n|-unboost|p2a: Moltres|spa|1\n|\n|upkeep\n|turn|7\n|\n|t:|1771269570\n|switch|p2a: Ting-Lu|Ting-Lu|100/100\n|-ability|p2a: Ting-Lu|Vessel of Ruin\n|move|p1a: Corviknight|Bulk Up|p1a: Corviknight\n|-boost|p1a: Corviknight|atk|1\n|-boost|p1a: Corviknight|def|1\n|\n|upkeep\n|turn|8\n|\n|t:|1771269576\n|move|p1a: Corviknight|Power Trip|p2a: Ting-Lu\n|-resisted|p2a: Ting-Lu\n|-damage|p2a: Ting-Lu|72/100\n|move|p2a: Ting-Lu|Whirlwind|p1a: Corviknight\n|drag|p1a: Altaria|Altaria, M|100/100\n|\n|-heal|p2a: Ting-Lu|78/100|[from] item: Leftovers\n|upkeep\n|turn|9\n|\n|t:|1771269589\n|switch|p2a: Melmetal|Melmetal|100/100\n|detailschange|p1a: Altaria|Altaria-Mega, M\n|-mega|p1a: Altaria|Altaria|Altarianite\n|move|p1a: Altaria|Frustration|p2a: Melmetal\n|-resisted|p2a: Melmetal\n|-damage|p2a: Melmetal|84/100\n|\n|upkeep\n|turn|10\n|\n|t:|1771269595\n|switch|p1a: Zamazenta|Zamazenta|88/100\n|move|p2a: Melmetal|Double Iron Bash|p1a: Zamazenta\n|-damage|p1a: Zamazenta|51/100\n|-damage|p1a: Zamazenta|14/100\n|-hitcount|p1a: Zamazenta|2\n|\n|upkeep\n|turn|11\n|\n|t:|1771269599\n|switch|p2a: Moltres|Moltres|100/100\n|move|p1a: Zamazenta|Reflect|p1a: Zamazenta\n|-sidestart|p1: zKaori|Reflect\n|\n|upkeep\n|turn|12\n|\n|t:|1771269603\n|move|p1a: Zamazenta|Light Screen|p1a: Zamazenta\n|-sidestart|p1: zKaori|move: Light Screen\n|move|p2a: Moltres|Defog|p1a: Zamazenta\n|-unboost|p1a: Zamazenta|evasion|1\n|-sideend|p1: zKaori|Reflect\n|-sideend|p1: zKaori|move: Light Screen\n|\n|upkeep\n|turn|13\n|\n|t:|1771269606\n|move|p1a: Zamazenta|Light Screen|p1a: Zamazenta\n|-sidestart|p1: zKaori|move: Light Screen\n|move|p2a: Moltres|Mystical Fire|p1a: Zamazenta\n|-damage|p1a: Zamazenta|3/100\n|-unboost|p1a: Zamazenta|spa|1\n|\n|upkeep\n|turn|14\n|\n|t:|1771269612\n|move|p1a: Zamazenta|Reflect|p1a: Zamazenta\n|-sidestart|p1: zKaori|Reflect\n|move|p2a: Moltres|Defog|p1a: Zamazenta\n|-unboost|p1a: Zamazenta|evasion|1\n|-sideend|p1: zKaori|Reflect\n|-sideend|p1: zKaori|move: Light Screen\n|\n|upkeep\n|turn|15\n|\n|t:|1771269616\n|move|p1a: Zamazenta|Light Screen|p1a: Zamazenta\n|-sidestart|p1: zKaori|move: Light Screen\n|move|p2a: Moltres|Mystical Fire|p1a: Zamazenta\n|-damage|p1a: Zamazenta|0 fnt\n|faint|p1a: Zamazenta\n|\n|upkeep\n|\n|t:|1771269621\n|switch|p1a: Cloyster|Cloyster, F|100/100\n|turn|16\n|\n|t:|1771269630\n|move|p1a: Cloyster|Shell Smash|p1a: Cloyster\n|-unboost|p1a: Cloyster|def|1\n|-unboost|p1a: Cloyster|spd|1\n|-boost|p1a: Cloyster|atk|2\n|-boost|p1a: Cloyster|spa|2\n|-boost|p1a: Cloyster|spe|2\n|move|p2a: Moltres|Defog|p1a: Cloyster\n|-unboost|p1a: Cloyster|evasion|1\n|-sideend|p1: zKaori|move: Light Screen\n|\n|upkeep\n|turn|17\n|\n|t:|1771269644\n|move|p1a: Cloyster|Substitute|p1a: Cloyster\n|-start|p1a: Cloyster|Substitute\n|-damage|p1a: Cloyster|76/100\n|move|p2a: Moltres|U-turn|p1a: Cloyster\n|-activate|p1a: Cloyster|move: Substitute|[damage]\n|\n|t:|1771269650\n|switch|p2a: Melmetal|Melmetal|84/100|[from] U-turn\n|\n|upkeep\n|turn|18\n|\n|t:|1771269654\n|-zpower|p1a: Cloyster\n|move|p1a: Cloyster|Tectonic Rage|p2a: Melmetal|[zeffect]\n|-supereffective|p2a: Melmetal\n|-damage|p2a: Melmetal|0 fnt\n|faint|p2a: Melmetal\n|\n|upkeep\n|\n|t:|1771269666\n|switch|p2a: Lopunny|Lopunny, F|100/100\n|turn|19\n|\n|t:|1771269673\n|detailschange|p2a: Lopunny|Lopunny-Mega, F\n|-mega|p2a: Lopunny|Lopunny|Lopunnite\n|move|p2a: Lopunny|Fake Out|p1a: Cloyster\n|-end|p1a: Cloyster|Substitute\n|move|p1a: Cloyster|Icicle Spear|p2a: Lopunny\n|-damage|p2a: Lopunny|67/100\n|-damage|p2a: Lopunny|37/100\n|-damage|p2a: Lopunny|9/100\n|-damage|p2a: Lopunny|0 fnt\n|faint|p2a: Lopunny\n|detailschange|p2: Lopunny|Lopunny, F|[silent]\n|-hitcount|p2: Lopunny|4\n|\n|upkeep\n|\n|t:|1771269680\n|switch|p2a: Ogerpon|Ogerpon-Wellspring, F|100/100\n|turn|20\n|\n|t:|1771269700\n|move|p1a: Cloyster|Icicle Spear|p2a: Ogerpon\n|-damage|p2a: Ogerpon|71/100\n|-damage|p2a: Ogerpon|42/100\n|-damage|p2a: Ogerpon|11/100\n|-damage|p2a: Ogerpon|0 fnt\n|faint|p2a: Ogerpon\n|-hitcount|p2: Ogerpon|4\n|\n|upkeep\n|\n|t:|1771269705\n|switch|p2a: Iron Valiant|Iron Valiant, shiny|100/100\n|turn|21\n|\n|t:|1771269708\n|move|p2a: Iron Valiant|Vacuum Wave|p1a: Cloyster\n|-supereffective|p1a: Cloyster\n|-damage|p1a: Cloyster|0 fnt\n|faint|p1a: Cloyster\n|\n|upkeep\n|\n|t:|1771269713\n|switch|p1a: Altaria|Altaria-Mega, M|100/100\n|turn|22\n|\n|t:|1771269718\n|-end|p2a: Iron Valiant|Quark Drive|[silent]\n|switch|p2a: Moltres|Moltres|100/100\n|switch|p1a: Corviknight|Corviknight, M|71/100\n|\n|upkeep\n|turn|23\n|\n|t:|1771269726\n|move|p2a: Moltres|Mystical Fire|p1a: Corviknight\n|-supereffective|p1a: Corviknight\n|-damage|p1a: Corviknight|24/100\n|-ability|p1a: Corviknight|Mirror Armor\n|-unboost|p2a: Moltres|spa|1\n|move|p1a: Corviknight|Agility|p1a: Corviknight\n|-boost|p1a: Corviknight|spe|2\n|\n|upkeep\n|turn|24\n|\n|t:|1771269731\n|move|p1a: Corviknight|Roost|p1a: Corviknight\n|-heal|p1a: Corviknight|74/100\n|-singleturn|p1a: Corviknight|move: Roost\n|move|p2a: Moltres|U-turn|p1a: Corviknight\n|-resisted|p1a: Corviknight\n|-damage|p1a: Corviknight|69/100\n|\n|t:|1771269734\n|switch|p2a: Ting-Lu|Ting-Lu|78/100|[from] U-turn\n|-ability|p2a: Ting-Lu|Vessel of Ruin\n|\n|-heal|p2a: Ting-Lu|85/100|[from] item: Leftovers\n|upkeep\n|turn|25\n|\n|t:|1771269739\n|move|p1a: Corviknight|Bulk Up|p1a: Corviknight\n|-boost|p1a: Corviknight|atk|1\n|-boost|p1a: Corviknight|def|1\n|move|p2a: Ting-Lu|Ruination|p1a: Corviknight\n|-damage|p1a: Corviknight|35/100\n|\n|-heal|p2a: Ting-Lu|91/100|[from] item: Leftovers\n|upkeep\n|turn|26\n|\n|t:|1771269745\n|move|p1a: Corviknight|Roost|p1a: Corviknight\n|-heal|p1a: Corviknight|85/100\n|-singleturn|p1a: Corviknight|move: Roost\n|move|p2a: Ting-Lu|Stealth Rock|p1a: Corviknight\n|-sidestart|p1: zKaori|move: Stealth Rock\n|\n|-heal|p2a: Ting-Lu|97/100|[from] item: Leftovers\n|upkeep\n|turn|27\n|\n|t:|1771269752\n|move|p1a: Corviknight|Bulk Up|p1a: Corviknight\n|-boost|p1a: Corviknight|atk|1\n|-boost|p1a: Corviknight|def|1\n|move|p2a: Ting-Lu|Whirlwind|p1a: Corviknight\n|drag|p1a: Altaria|Altaria-Mega, M|100/100\n|-damage|p1a: Altaria|88/100|[from] Stealth Rock\n|\n|-heal|p2a: Ting-Lu|100/100|[from] item: Leftovers\n|upkeep\n|turn|28\n|\n|t:|1771269756\n|switch|p2a: Moltres|Moltres|100/100\n|move|p1a: Altaria|Dragon Dance|p1a: Altaria\n|-boost|p1a: Altaria|atk|1\n|-boost|p1a: Altaria|spe|1\n|\n|upkeep\n|turn|29\n|\n|t:|1771269764\n|move|p1a: Altaria|Dragon Dance|p1a: Altaria\n|-boost|p1a: Altaria|atk|1\n|-boost|p1a: Altaria|spe|1\n|move|p2a: Moltres|U-turn|p1a: Altaria\n|-resisted|p1a: Altaria\n|-damage|p1a: Altaria|80/100\n|\n|t:|1771269770\n|switch|p2a: Ting-Lu|Ting-Lu|100/100|[from] U-turn\n|-ability|p2a: Ting-Lu|Vessel of Ruin\n|\n|upkeep\n|turn|30\n|\n|t:|1771269773\n|move|p1a: Altaria|Frustration|p2a: Ting-Lu\n|-supereffective|p2a: Ting-Lu\n|-damage|p2a: Ting-Lu|0 fnt\n|faint|p2a: Ting-Lu\n|\n|upkeep\n|-message|Ichigxo forfeited.\n|\n|win|zKaori\n|raw|zKaori's rating: 1613 &rarr; <strong>1629</strong><br />(+16 for winning)\n|raw|Ichigxo's rating: 1545 &rarr; <strong>1529</strong><br />(-16 for losing)\n|l|☆Ichigxo\n|player|p2|\n|l|☆zKaori\n|player|p1|\n", "uploadtime": 1771270020, "views": 0, "formatid": "gen9nationaldex", "rating": 1529, "private": 0, "password": null}