{"id": "gen9nationaldex-2540761625", "format": "[Gen 9] National Dex", "players": ["Kana Arima CEO", "darretyle"], "log": "|j|☆Kana Arima CEO\n|j|☆darretyle\n|t:|1771251026\n|gametype|singles\n|player|p1|Kana Arima CEO|pokemonrangerf|1624\n|player|p2|darretyle|bugcatcher-gen4dp|1687\n|gen|9\n|tier|[Gen 9] National Dex\n|rated|\n|rule|HP Percentage Mod: HP is shown in percentages\n|rule|Endless Battle Clause: Forcing endless battles is banned\n|rule|Species Clause: Limit one of each Pokémon\n|rule|OHKO Clause: OHKO moves are banned\n|rule|Evasion Clause: Evasion abilities, items, and moves are banned\n|rule|Evasion Abilities Clause: Evasion abilities are banned\n|rule|Evasion Items Clause: Evasion items are banned\n|rule|Evasion Moves Clause: Evasion moves are banned\n|rule|Sleep Clause Mod: Limit one foe put to sleep\n|rule|Terastal Clause: You cannot Terastallize\n|clearpoke\n|poke|p1|Medicham, M|\n|poke|p1|Celesteela|\n|poke|p1|Tapu Koko|\n|poke|p1|Alomomola, M|\n|poke|p1|Iron Moth|\n|poke|p1|Great Tusk|\n|poke|p2|Greninja-*, M|\n|poke|p2|Venusaur, M|\n|poke|p2|Dragonite, F|\n|poke|p2|Ting-Lu|\n|poke|p2|Gholdengo|\n|poke|p2|Great Tusk|\n|teampreview\n|inactive|Battle timer is ON: inactive players will automatically lose when time's up. (requested by Kana Arima CEO)\n|\n|t:|1771251042\n|teamsize|p1|6\n|teamsize|p2|6\n|start\n|switch|p1a: Medicham|Medicham, M, shiny|100/100\n|switch|p2a: Dragonite|Dragonite, F|100/100\n|turn|1\n|\n|t:|1771251046\n|switch|p2a: Great Tusk|Great Tusk|100/100\n|detailschange|p1a: Medicham|Medicham-Mega, M, shiny\n|-mega|p1a: Medicham|Medicham|Medichamite\n|move|p1a: Medicham|Fake Out|p2a: Great Tusk\n|-damage|p2a: Great Tusk|85/100\n|-damage|p1a: Medicham|84/100|[from] item: Rocky Helmet|[of] p2a: Great Tusk\n|\n|upkeep\n|turn|2\n|\n|t:|1771251051\n|-end|p2a: Great Tusk|Protosynthesis|[silent]\n|switch|p2a: Ting-Lu|Ting-Lu|100/100\n|-ability|p2a: Ting-Lu|Vessel of Ruin\n|move|p1a: Medicham|Zen Headbutt|p2a: Ting-Lu\n|-immune|p2a: Ting-Lu\n|\n|upkeep\n|turn|3\n|\n|t:|1771251055\n|switch|p2a: Dragonite|Dragonite, F|100/100\n|move|p1a: Medicham|Close Combat|p2a: Dragonite\n|-resisted|p2a: Dragonite\n|-damage|p2a: Dragonite|79/100\n|-unboost|p1a: Medicham|def|1\n|-unboost|p1a: Medicham|spd|1\n|\n|upkeep\n|turn|4\n|\n|t:|1771251058\n|move|p1a: Medicham|Ice Punch|p2a: Dragonite\n|-supereffective|p2a: Dragonite\n|-damage|p2a: Dragonite|0 fnt\n|faint|p2a: Dragonite\n|\n|upkeep\n|\n|t:|1771251064\n|switch|p2a: Greninja|Greninja, M|100/100\n|turn|5\n|\n|t:|1771251068\n|switch|p1a: murazx|Alomomola, M|100/100\n|move|p2a: Greninja|Dark Pulse|p1a: murazx\n|-damage|p1a: murazx|78/100\n|\n|upkeep\n|turn|6\n|\n|t:|1771251071\n|move|p2a: Greninja|Dark Pulse|p1a: murazx\n|-damage|p1a: murazx|53/100\n|cant|p1a: murazx|flinch\n|\n|upkeep\n|turn|7\n|\n|t:|1771251075\n|move|p2a: Greninja|Dark Pulse|p1a: murazx\n|-damage|p1a: murazx|31/100\n|move|p1a: murazx|Flip Turn|p2a: Greninja\n|-resisted|p2a: Greninja\n|-damage|p2a: Greninja|86/100\n|\n|t:|1771251078\n|switch|p1a: Tapu Koko|Tapu Koko, shiny|100/100|[from] Flip Turn\n|-fieldstart|move: Electric Terrain|[from] ability: Electric Surge|[of] p1a: Tapu Koko\n|\n|upkeep\n|turn|8\n|\n|t:|1771251081\n|switch|p2a: Ting-Lu|Ting-Lu|100/100\n|-ability|p2a: Ting-Lu|Vessel of Ruin\n|move|p1a: Tapu Koko|Dazzling Gleam|p2a: Ting-Lu\n|-supereffective|p2a: Ting-Lu\n|-damage|p2a: Ting-Lu|61/100\n|\n|-heal|p2a: Ting-Lu|67/100|[from] item: Leftovers\n|upkeep\n|turn|9\n|\n|t:|1771251085\n|switch|p1a: Great Tusk|Great Tusk|100/100\n|move|p2a: Ting-Lu|Stealth Rock|p1a: Great Tusk\n|-sidestart|p1: Kana Arima CEO|move: Stealth Rock\n|\n|-heal|p2a: Ting-Lu|73/100|[from] item: Leftovers\n|upkeep\n|turn|10\n|\n|t:|1771251088\n|move|p1a: Great Tusk|Stealth Rock|p2a: Ting-Lu\n|-sidestart|p2: darretyle|move: Stealth Rock\n|move|p2a: Ting-Lu|Spikes|p1a: Great Tusk\n|-sidestart|p1: Kana Arima CEO|Spikes\n|\n|-heal|p2a: Ting-Lu|79/100|[from] item: Leftovers\n|upkeep\n|turn|11\n|\n|t:|1771251091\n|switch|p2a: Gholdengo|Gholdengo|100/100\n|-damage|p2a: Gholdengo|94/100|[from] Stealth Rock\n|-item|p2a: Gholdengo|Air Balloon\n|move|p1a: Great Tusk|Rapid Spin|p2a: Gholdengo\n|-immune|p2a: Gholdengo\n|\n|-fieldend|move: Electric Terrain\n|upkeep\n|turn|12\n|\n|t:|1771251093\n|move|p1a: Great Tusk|Ice Spinner|p2a: Gholdengo\n|-resisted|p2a: Gholdengo\n|-damage|p2a: Gholdengo|85/100\n|-enditem|p2a: Gholdengo|Air Balloon\n|move|p2a: Gholdengo|Make It Rain|p1a: Great Tusk\n|-crit|p1a: Great Tusk\n|-damage|p1a: Great Tusk|0 fnt\n|-unboost|p2a: Gholdengo|spa|1\n|faint|p1a: Great Tusk\n|-end|p1a: Great Tusk|Protosynthesis|[silent]\n|\n|upkeep\n|\n|t:|1771251096\n|switch|p1a: Iron Moth|Iron Moth|100/100\n|turn|13\n|\n|t:|1771251098\n|move|p1a: Iron Moth|Fiery Dance|p2a: Gholdengo\n|-supereffective|p2a: Gholdengo\n|-damage|p2a: Gholdengo|7/100\n|-boost|p1a: Iron Moth|spa|1\n|move|p2a: Gholdengo|Thunder Wave|p1a: Iron Moth\n|-status|p1a: Iron Moth|par\n|\n|upkeep\n|turn|14\n|\n|t:|1771251104\n|move|p2a: Gholdengo|Hex|p1a: Iron Moth\n|-damage|p1a: Iron Moth|60/100 par\n|move|p1a: Iron Moth|Fiery Dance|p2a: Gholdengo\n|-supereffective|p2a: Gholdengo\n|-damage|p2a: Gholdengo|0 fnt\n|-boost|p1a: Iron Moth|spa|1\n|faint|p2a: Gholdengo\n|\n|upkeep\n|\n|t:|1771251108\n|switch|p2a: Greninja|Greninja, M|86/100\n|-damage|p2a: Greninja|73/100|[from] Stealth Rock\n|turn|15\n|\n|t:|1771251111\n|-end|p1a: Iron Moth|Quark Drive|[silent]\n|switch|p1a: murazx|Alomomola, M|64/100\n|-damage|p1a: murazx|51/100|[from] Stealth Rock\n|-damage|p1a: murazx|39/100|[from] Spikes\n|move|p2a: Greninja|Dark Pulse|p1a: murazx\n|-damage|p1a: murazx|17/100\n|\n|upkeep\n|turn|16\n|\n|t:|1771251114\n|switch|p1a: Tapu Koko|Tapu Koko, shiny|100/100\n|-damage|p1a: Tapu Koko|88/100|[from] Stealth Rock\n|-damage|p1a: Tapu Koko|76/100|[from] Spikes\n|-fieldstart|move: Electric Terrain|[from] ability: Electric Surge|[of] p1a: Tapu Koko\n|move|p2a: Greninja|Dark Pulse|p1a: Tapu Koko\n|-resisted|p1a: Tapu Koko\n|-damage|p1a: Tapu Koko|47/100\n|\n|upkeep\n|turn|17\n|\n|t:|1771251121\n|switch|p2a: Venusaur|Venusaur, M|100/100\n|-damage|p2a: Venusaur|88/100|[from] Stealth Rock\n|move|p1a: Tapu Koko|Dazzling Gleam|p2a: Venusaur\n|-resisted|p2a: Venusaur\n|-damage|p2a: Venusaur|64/100\n|\n|upkeep\n|turn|18\n|\n|t:|1771251125\n|switch|p1a: Celesteela|Celesteela|100/100\n|-damage|p1a: Celesteela|88/100|[from] Stealth Rock\n|detailschange|p2a: Venusaur|Venusaur-Mega, M\n|-mega|p2a: Venusaur|Venusaur|Venusaurite\n|move|p2a: Venusaur|Giga Drain|p1a: Celesteela\n|-resisted|p1a: Celesteela\n|-damage|p1a: Celesteela|81/100\n|-heal|p2a: Venusaur|68/100|[from] drain|[of] p1a: Celesteela\n|\n|-heal|p1a: Celesteela|87/100|[from] item: Leftovers\n|upkeep\n|turn|19\n|\n|t:|1771251133\n|switch|p2a: Ting-Lu|Ting-Lu|79/100\n|-damage|p2a: Ting-Lu|73/100|[from] Stealth Rock\n|-ability|p2a: Ting-Lu|Vessel of Ruin\n|move|p1a: Celesteela|Air Slash|p2a: Ting-Lu\n|-damage|p2a: Ting-Lu|63/100\n|\n|-heal|p1a: Celesteela|93/100|[from] item: Leftovers\n|-heal|p2a: Ting-Lu|69/100|[from] item: Leftovers\n|upkeep\n|turn|20\n|\n|t:|1771251135\n|move|p1a: Celesteela|Leech Seed|p2a: Ting-Lu\n|-start|p2a: Ting-Lu|move: Leech Seed\n|move|p2a: Ting-Lu|Whirlwind|p1a: Celesteela\n|drag|p1a: Iron Moth|Iron Moth|60/100 par\n|-activate|p1a: Iron Moth|ability: Quark Drive\n|-start|p1a: Iron Moth|quarkdrivespe\n|\n|-heal|p2a: Ting-Lu|75/100|[from] item: Leftovers\n|-damage|p2a: Ting-Lu|63/100|[from] Leech Seed|[of] p1a: Iron Moth\n|-heal|p1a: Iron Moth|82/100 par|[silent]\n|-fieldend|move: Electric Terrain\n|-end|p1a: Iron Moth|Quark Drive\n|upkeep\n|turn|21\n|\n|t:|1771251138\n|move|p1a: Iron Moth|U-turn|p2a: Ting-Lu\n|-supereffective|p2a: Ting-Lu\n|-crit|p2a: Ting-Lu\n|-damage|p2a: Ting-Lu|44/100\n|\n|t:|1771251141\n|-end|p1a: Iron Moth|Quark Drive|[silent]\n|switch|p1a: murazx|Alomomola, M|50/100|[from] U-turn\n|-damage|p1a: murazx|38/100|[from] Stealth Rock\n|-damage|p1a: murazx|25/100|[from] Spikes\n|move|p2a: Ting-Lu|Earthquake|p1a: murazx\n|-damage|p1a: murazx|2/100\n|\n|-heal|p2a: Ting-Lu|51/100|[from] item: Leftovers\n|-damage|p2a: Ting-Lu|38/100|[from] Leech Seed|[of] p1a: murazx\n|-heal|p1a: murazx|14/100|[silent]\n|upkeep\n|turn|22\n|\n|t:|1771251144\n|move|p2a: Ting-Lu|Earthquake|p1a: murazx\n|-damage|p1a: murazx|0 fnt\n|faint|p1a: murazx\n|\n|-heal|p2a: Ting-Lu|44/100|[from] item: Leftovers\n|upkeep\n|\n|t:|1771251148\n|switch|p1a: Medicham|Medicham-Mega, M, shiny|84/100\n|-damage|p1a: Medicham|78/100|[from] Stealth Rock\n|-damage|p1a: Medicham|66/100|[from] Spikes\n|turn|23\n|\n|t:|1771251153\n|switch|p2a: Great Tusk|Great Tusk|85/100\n|-damage|p2a: Great Tusk|82/100|[from] Stealth Rock\n|move|p1a: Medicham|Close Combat|p2a: Great Tusk\n|-damage|p2a: Great Tusk|11/100\n|-unboost|p1a: Medicham|def|1\n|-unboost|p1a: Medicham|spd|1\n|-damage|p1a: Medicham|49/100|[from] item: Rocky Helmet|[of] p2a: Great Tusk\n|\n|upkeep\n|turn|24\n|\n|t:|1771251156\n|move|p1a: Medicham|Ice Punch|p2a: Great Tusk\n|-supereffective|p2a: Great Tusk\n|-damage|p2a: Great Tusk|0 fnt\n|-damage|p1a: Medicham|33/100|[from] item: Rocky Helmet|[of] p2a: Great Tusk\n|faint|p2a: Great Tusk\n|-end|p2a: Great Tusk|Protosynthesis|[silent]\n|\n|upkeep\n|\n|t:|1771251157\n|switch|p2a: Greninja|Greninja, M|73/100\n|-damage|p2a: Greninja|61/100|[from] Stealth Rock\n|turn|25\n|\n|t:|1771251160\n|switch|p1a: Iron Moth|Iron Moth|82/100 par\n|move|p2a: Greninja|Hydro Pump|p1a: Iron Moth|[miss]\n|-miss|p2a: Greninja|p1a: Iron Moth\n|\n|upkeep\n|turn|26\n|\n|t:|1771251164\n|-end|p1a: Iron Moth|Quark Drive|[silent]\n|switch|p1a: Celesteela|Celesteela|93/100\n|-damage|p1a: Celesteela|81/100|[from] Stealth Rock\n|move|p2a: Greninja|Hydro Pump|p1a: Celesteela\n|-damage|p1a: Celesteela|48/100\n|\n|-heal|p1a: Celesteela|54/100|[from] item: Leftovers\n|upkeep\n|turn|27\n|\n|t:|1771251166\n|-zpower|p2a: Greninja\n|move|p2a: Greninja|Hydro Vortex|p1a: Celesteela|[zeffect]\n|-damage|p1a: Celesteela|0 fnt\n|faint|p1a: Celesteela\n|-ability|p2a: Greninja|Battle Bond|boost\n|-boost|p2a: Greninja|atk|1\n|-boost|p2a: Greninja|spa|1\n|-boost|p2a: Greninja|spe|1\n|-activate|p2a: Greninja|ability: Battle Bond\n|\n|upkeep\n|-message|Kana Arima CEO forfeited.\n|\n|win|darretyle\n|raw|Kana Arima CEO's rating: 1624 &rarr; <strong>1608</strong><br />(-16 for losing)\n|raw|darretyle's rating: 1687 &rarr; <strong>1703</strong><br />(+16 for winning)\n|l|☆Kana Arima CEO\n|player|p1|\n|l|☆darretyle\n|player|p2|\n", "uploadtime": 1771251340, "views": 3, "formatid": "gen9nationaldex", "rating": 1608, "private": 0, "password": null}