{"id": "gen9nationaldex-2540569579", "format": "[Gen 9] National Dex", "players": ["tspinner5000", "rainfarmer"], "log": "|j|☆tspinner5000\n|j|☆rainfarmer\n|t:|1771219570\n|gametype|singles\n|player|p1|tspinner5000|n-masters2|1671\n|player|p2|rainfarmer|101|1588\n|gen|9\n|tier|[Gen 9] National Dex\n|rated|\n|rule|HP Percentage Mod: HP is shown in percentages\n|rule|Endless Battle Clause: Forcing endless battles is banned\n|rule|Species Clause: Limit one of each Pokémon\n|rule|OHKO Clause: OHKO moves are banned\n|rule|Evasion Clause: Evasion abilities, items, and moves are banned\n|rule|Evasion Abilities Clause: Evasion abilities are banned\n|rule|Evasion Items Clause: Evasion items are banned\n|rule|Evasion Moves Clause: Evasion moves are banned\n|rule|Sleep Clause Mod: Limit one foe put to sleep\n|rule|Terastal Clause: You cannot Terastallize\n|clearpoke\n|poke|p1|Heatran, M|\n|poke|p1|Ferrothorn, M|\n|poke|p1|Landorus-Therian, M|\n|poke|p1|Samurott-Hisui, M|\n|poke|p1|Latios, M|\n|poke|p1|Tapu Lele|\n|poke|p2|Tapu Koko|\n|poke|p2|Weavile, M|\n|poke|p2|Slowking-Galar, M|\n|poke|p2|Corviknight, F|\n|poke|p2|Garchomp, M|\n|poke|p2|Terapagos, M|\n|teampreview\n|\n|t:|1771219583\n|teamsize|p1|6\n|teamsize|p2|6\n|start\n|switch|p1a: Ferrothorn|Ferrothorn, M|100/100\n|switch|p2a: Tapu Koko|Tapu Koko|100/100\n|-fieldstart|move: Electric Terrain|[from] ability: Electric Surge|[of] p2a: Tapu Koko\n|turn|1\n|\n|t:|1771219588\n|move|p2a: Tapu Koko|Volt Switch|p1a: Ferrothorn\n|-resisted|p1a: Ferrothorn\n|-damage|p1a: Ferrothorn|79/100\n|\n|t:|1771219590\n|switch|p2a: Terapagos|Terapagos, M|100/100|[from] Volt Switch\n|-activate|p2a: Terapagos|ability: Tera Shift\n|detailschange|p2a: Terapagos|Terapagos-Terastal, M\n|-heal|p2a: Terapagos|100/100|[silent]\n|move|p1a: Ferrothorn|Stealth Rock|p2a: Terapagos\n|-sidestart|p2: rainfarmer|move: Stealth Rock\n|\n|-heal|p1a: Ferrothorn|85/100|[from] item: Leftovers\n|upkeep\n|turn|2\n|\n|t:|1771219593\n|move|p2a: Terapagos|Flamethrower|p1a: Ferrothorn\n|-supereffective|p1a: Ferrothorn\n|-damage|p1a: Ferrothorn|6/100\n|move|p1a: Ferrothorn|Leech Seed|p2a: Terapagos\n|-start|p2a: Terapagos|move: Leech Seed\n|\n|-heal|p1a: Ferrothorn|12/100|[from] item: Leftovers\n|-damage|p2a: Terapagos|88/100|[from] Leech Seed|[of] p1a: Ferrothorn\n|-heal|p1a: Ferrothorn|23/100|[silent]\n|upkeep\n|turn|3\n|\n|t:|1771219596\n|switch|p1a: Heatran|Heatran, M|100/100\n|move|p2a: Terapagos|Rapid Spin|p1a: Heatran\n|-resisted|p1a: Heatran\n|-damage|p1a: Heatran|94/100\n|-boost|p2a: Terapagos|spe|1\n|-end|p2a: Terapagos|Leech Seed|[from] move: Rapid Spin|[of] p2a: Terapagos\n|-sideend|p2: rainfarmer|Stealth Rock|[from] move: Rapid Spin|[of] p2a: Terapagos\n|\n|-heal|p1a: Heatran|99/100|[from] item: Leftovers\n|upkeep\n|turn|4\n|\n|t:|1771219599\n|move|p2a: Terapagos|Earth Power|p1a: Heatran\n|-supereffective|p1a: Heatran\n|-damage|p1a: Heatran|37/100\n|move|p1a: Heatran|Magma Storm|p2a: Terapagos\n|-damage|p2a: Terapagos|47/100\n|-activate|p2a: Terapagos|move: Magma Storm|[of] p1a: Heatran\n|\n|-heal|p1a: Heatran|43/100|[from] item: Leftovers\n|-damage|p2a: Terapagos|35/100|[from] move: Magma Storm|[partiallytrapped]\n|upkeep\n|turn|5\n|\n|t:|1771219607\n|move|p1a: Heatran|Protect|p1a: Heatran\n|-singleturn|p1a: Heatran|Protect\n|move|p2a: Terapagos|Earth Power|p1a: Heatran\n|-activate|p1a: Heatran|move: Protect\n|\n|-heal|p1a: Heatran|49/100|[from] item: Leftovers\n|-damage|p2a: Terapagos|23/100|[from] move: Magma Storm|[partiallytrapped]\n|-fieldend|move: Electric Terrain\n|upkeep\n|turn|6\n|\n|t:|1771219612\n|move|p2a: Terapagos|Tera Starstorm|p1a: Heatran\n|-resisted|p1a: Heatran\n|-damage|p1a: Heatran|32/100\n|move|p1a: Heatran|Magma Storm|p2a: Terapagos\n|-damage|p2a: Terapagos|0 fnt\n|faint|p2a: Terapagos\n|\n|-heal|p1a: Heatran|38/100|[from] item: Leftovers\n|upkeep\n|\n|t:|1771219614\n|switch|p2a: Garchomp|Garchomp, M|100/100\n|turn|7\n|\n|t:|1771219618\n|switch|p1a: Tapu Lele|Tapu Lele|100/100\n|-fieldstart|move: Psychic Terrain|[from] ability: Psychic Surge|[of] p1a: Tapu Lele\n|move|p2a: Garchomp|Stealth Rock|p1a: Tapu Lele\n|-sidestart|p1: tspinner5000|move: Stealth Rock\n|\n|upkeep\n|turn|8\n|\n|t:|1771219621\n|switch|p2a: Slowking|Slowking-Galar, M|100/100\n|move|p1a: Tapu Lele|Moonblast|p2a: Slowking\n|-resisted|p2a: Slowking\n|-damage|p2a: Slowking|86/100\n|\n|-heal|p2a: Slowking|92/100|[from] item: Black Sludge\n|upkeep\n|turn|9\n|\n|t:|1771219624\n|switch|p1a: Ferrothorn|Ferrothorn, M|23/100\n|-damage|p1a: Ferrothorn|17/100|[from] Stealth Rock\n|-prepare|p2a: Slowking|Chilly Reception|[premajor]\n|move|p2a: Slowking|Chilly Reception|p2a: Slowking\n|-weather|Snowscape\n|\n|t:|1771219629\n|switch|p2a: Garchomp|Garchomp, M|100/100|[from] Chilly Reception\n|\n|-weather|Snowscape|[upkeep]\n|-heal|p1a: Ferrothorn|23/100|[from] item: Leftovers\n|upkeep\n|turn|10\n|\n|t:|1771219632\n|move|p2a: Garchomp|Earthquake|p1a: Ferrothorn\n|-damage|p1a: Ferrothorn|0 fnt\n|faint|p1a: Ferrothorn\n|\n|-weather|Snowscape|[upkeep]\n|upkeep\n|\n|t:|1771219636\n|switch|p1a: Tapu Lele|Tapu Lele|100/100\n|-damage|p1a: Tapu Lele|88/100|[from] Stealth Rock\n|turn|11\n|\n|t:|1771219638\n|switch|p2a: Slowking|Slowking-Galar, M|92/100\n|move|p1a: Tapu Lele|Future Sight|p2a: Slowking\n|-start|p1a: Tapu Lele|move: Future Sight\n|\n|-weather|Snowscape|[upkeep]\n|-heal|p2a: Slowking|98/100|[from] item: Black Sludge\n|-fieldend|move: Psychic Terrain\n|upkeep\n|turn|12\n|\n|t:|1771219650\n|switch|p1a: Samurott|Samurott-Hisui, M|100/100\n|-prepare|p2a: Slowking|Chilly Reception|[premajor]\n|move|p2a: Slowking|Chilly Reception|p2a: Slowking\n|\n|t:|1771219654\n|switch|p2a: Tapu Koko|Tapu Koko|100/100|[from] Chilly Reception\n|-fieldstart|move: Electric Terrain|[from] ability: Electric Surge|[of] p2a: Tapu Koko\n|\n|-weather|Snowscape|[upkeep]\n|upkeep\n|turn|13\n|\n|t:|1771219656\n|switch|p1a: Landorus|Landorus-Therian, M|100/100\n|-damage|p1a: Landorus|88/100|[from] Stealth Rock\n|-ability|p1a: Landorus|Intimidate|boost\n|-unboost|p2a: Tapu Koko|atk|1\n|move|p2a: Tapu Koko|U-turn|p1a: Landorus\n|-resisted|p1a: Landorus\n|-damage|p1a: Landorus|84/100\n|-damage|p2a: Tapu Koko|84/100|[from] item: Rocky Helmet|[of] p1a: Landorus\n|\n|t:|1771219660\n|switch|p2a: Weavile|Weavile, M|100/100|[from] U-turn\n|-ability|p2a: Weavile|Pressure\n|\n|-weather|none\n|-end|p2a: Weavile|move: Future Sight\n|-immune|p2a: Weavile\n|upkeep\n|turn|14\n|\n|t:|1771219703\n|switch|p1a: Samurott|Samurott-Hisui, M|100/100\n|move|p2a: Weavile|Triple Axel|p1a: Samurott\n|-resisted|p1a: Samurott\n|-damage|p1a: Samurott|94/100\n|-resisted|p1a: Samurott\n|-damage|p1a: Samurott|81/100\n|-resisted|p1a: Samurott\n|-damage|p1a: Samurott|62/100\n|-hitcount|p1a: Samurott|3\n|\n|upkeep\n|turn|15\n|\n|t:|1771219713\n|switch|p2a: Corviknight|Corviknight, F|100/100\n|-ability|p2a: Corviknight|Pressure\n|move|p1a: Samurott|Razor Shell|p2a: Corviknight\n|-damage|p2a: Corviknight|67/100\n|-damage|p1a: Samurott|45/100|[from] item: Rocky Helmet|[of] p2a: Corviknight\n|\n|upkeep\n|turn|16\n|\n|t:|1771219718\n|move|p1a: Samurott|Ceaseless Edge|p2a: Corviknight\n|-damage|p2a: Corviknight|43/100\n|-damage|p1a: Samurott|29/100|[from] item: Rocky Helmet|[of] p2a: Corviknight\n|-sidestart|p2: rainfarmer|Spikes\n|move|p2a: Corviknight|U-turn|p1a: Samurott\n|-supereffective|p1a: Samurott\n|-damage|p1a: Samurott|0 fnt\n|faint|p1a: Samurott\n|\n|t:|1771219724\n|switch|p2a: Weavile|Weavile, M|100/100|[from] U-turn\n|-ability|p2a: Weavile|Pressure\n|\n|-fieldend|move: Electric Terrain\n|upkeep\n|\n|t:|1771219727\n|switch|p1a: Tapu Lele|Tapu Lele|88/100\n|-damage|p1a: Tapu Lele|76/100|[from] Stealth Rock\n|-fieldstart|move: Psychic Terrain|[from] ability: Psychic Surge|[of] p1a: Tapu Lele\n|turn|17\n|\n|t:|1771219730\n|switch|p2a: Slowking|Slowking-Galar, M|98/100\n|-damage|p2a: Slowking|86/100|[from] Spikes\n|move|p1a: Tapu Lele|Moonblast|p2a: Slowking\n|-resisted|p2a: Slowking\n|-damage|p2a: Slowking|71/100\n|\n|-heal|p2a: Slowking|77/100|[from] item: Black Sludge\n|upkeep\n|turn|18\n|\n|t:|1771219735\n|move|p1a: Tapu Lele|Moonblast|p2a: Slowking\n|-resisted|p2a: Slowking\n|-damage|p2a: Slowking|64/100\n|-prepare|p2a: Slowking|Chilly Reception|[premajor]\n|move|p2a: Slowking|Chilly Reception|p2a: Slowking\n|-weather|Snowscape\n|\n|t:|1771219739\n|switch|p2a: Corviknight|Corviknight, F|43/100|[from] Chilly Reception\n|-ability|p2a: Corviknight|Pressure\n|\n|-weather|Snowscape|[upkeep]\n|upkeep\n|turn|19\n|\n|t:|1771219742\n|move|p1a: Tapu Lele|Moonblast|p2a: Corviknight\n|-resisted|p2a: Corviknight\n|-damage|p2a: Corviknight|19/100\n|move|p2a: Corviknight|Roost|p2a: Corviknight\n|-heal|p2a: Corviknight|69/100\n|-singleturn|p2a: Corviknight|move: Roost\n|\n|-weather|Snowscape|[upkeep]\n|upkeep\n|turn|20\n|\n|t:|1771219746\n|move|p1a: Tapu Lele|Moonblast|p2a: Corviknight\n|-resisted|p2a: Corviknight\n|-damage|p2a: Corviknight|46/100\n|move|p2a: Corviknight|U-turn|p1a: Tapu Lele\n|-damage|p1a: Tapu Lele|54/100\n|\n|t:|1771219749\n|switch|p2a: Slowking|Slowking-Galar, M|64/100|[from] U-turn\n|-damage|p2a: Slowking|52/100|[from] Spikes\n|\n|-weather|Snowscape|[upkeep]\n|-heal|p2a: Slowking|58/100|[from] item: Black Sludge\n|upkeep\n|turn|21\n|\n|t:|1771219752\n|switch|p1a: Heatran|Heatran, M|38/100\n|-damage|p1a: Heatran|26/100|[from] Stealth Rock\n|move|p2a: Slowking|Slack Off|p2a: Slowking\n|-heal|p2a: Slowking|100/100\n|\n|-weather|Snowscape|[upkeep]\n|-heal|p1a: Heatran|32/100|[from] item: Leftovers\n|-fieldend|move: Psychic Terrain\n|upkeep\n|turn|22\n|\n|t:|1771219756\n|move|p1a: Heatran|Magma Storm|p2a: Slowking|[miss]\n|-miss|p1a: Heatran|p2a: Slowking\n|-prepare|p2a: Slowking|Chilly Reception|[premajor]\n|move|p2a: Slowking|Chilly Reception|p2a: Slowking\n|\n|t:|1771219759\n|switch|p2a: Garchomp|Garchomp, M|100/100|[from] Chilly Reception\n|-damage|p2a: Garchomp|88/100|[from] Spikes\n|\n|-weather|none\n|-heal|p1a: Heatran|38/100|[from] item: Leftovers\n|upkeep\n|turn|23\n|\n|t:|1771219763\n|move|p2a: Garchomp|Scale Shot|p1a: Heatran\n|-resisted|p1a: Heatran\n|-damage|p1a: Heatran|32/100\n|-resisted|p1a: Heatran\n|-damage|p1a: Heatran|26/100\n|-resisted|p1a: Heatran\n|-damage|p1a: Heatran|21/100\n|-resisted|p1a: Heatran\n|-damage|p1a: Heatran|16/100\n|-resisted|p1a: Heatran\n|-damage|p1a: Heatran|10/100\n|-hitcount|p1a: Heatran|5\n|-unboost|p2a: Garchomp|def|1\n|-boost|p2a: Garchomp|spe|1\n|move|p1a: Heatran|Toxic|p2a: Garchomp\n|-status|p2a: Garchomp|tox\n|\n|-heal|p1a: Heatran|16/100|[from] item: Leftovers\n|-damage|p2a: Garchomp|82/100 tox|[from] psn\n|upkeep\n|turn|24\n|\n|t:|1771219767\n|switch|p1a: Landorus|Landorus-Therian, M|84/100\n|-damage|p1a: Landorus|72/100|[from] Stealth Rock\n|-ability|p1a: Landorus|Intimidate|boost\n|-unboost|p2a: Garchomp|atk|1\n|move|p2a: Garchomp|Swords Dance|p2a: Garchomp\n|-boost|p2a: Garchomp|atk|2\n|\n|-damage|p2a: Garchomp|70/100 tox|[from] psn\n|upkeep\n|turn|25\n|\n|t:|1771219770\n|move|p2a: Garchomp|Scale Shot|p1a: Landorus\n|-damage|p1a: Landorus|58/100\n|-damage|p1a: Landorus|44/100\n|-damage|p1a: Landorus|29/100\n|-damage|p1a: Landorus|17/100\n|-damage|p1a: Landorus|4/100\n|-hitcount|p1a: Landorus|5\n|-unboost|p2a: Garchomp|def|1\n|-boost|p2a: Garchomp|spe|1\n|move|p1a: Landorus|U-turn|p2a: Garchomp\n|-damage|p2a: Garchomp|28/100 tox\n|-damage|p1a: Landorus|0 fnt|[from] ability: Rough Skin|[of] p2a: Garchomp\n|faint|p1a: Landorus\n|\n|-damage|p2a: Garchomp|10/100 tox|[from] psn\n|upkeep\n|\n|t:|1771219772\n|switch|p1a: Heatran|Heatran, M|16/100\n|-damage|p1a: Heatran|4/100|[from] Stealth Rock\n|turn|26\n|\n|t:|1771219779\n|move|p1a: Heatran|Protect|p1a: Heatran\n|-singleturn|p1a: Heatran|Protect\n|move|p2a: Garchomp|Earthquake|p1a: Heatran\n|-activate|p1a: Heatran|move: Protect\n|\n|-heal|p1a: Heatran|10/100|[from] item: Leftovers\n|-damage|p2a: Garchomp|0 fnt|[from] psn\n|faint|p2a: Garchomp\n|upkeep\n|\n|t:|1771219781\n|switch|p2a: Tapu Koko|Tapu Koko|84/100\n|-damage|p2a: Tapu Koko|72/100|[from] Spikes\n|-fieldstart|move: Electric Terrain|[from] ability: Electric Surge|[of] p2a: Tapu Koko\n|turn|27\n|\n|t:|1771219787\n|move|p2a: Tapu Koko|Volt Switch|p1a: Heatran\n|-damage|p1a: Heatran|0 fnt\n|faint|p1a: Heatran\n|\n|t:|1771219791\n|switch|p2a: Slowking|Slowking-Galar, M|100/100|[from] Volt Switch\n|-damage|p2a: Slowking|88/100|[from] Spikes\n|\n|-heal|p2a: Slowking|94/100|[from] item: Black Sludge\n|upkeep\n|\n|t:|1771219793\n|switch|p1a: Latios|Latios, M|100/100\n|-damage|p1a: Latios|88/100|[from] Stealth Rock\n|turn|28\n|\n|t:|1771219801\n|switch|p1a: Tapu Lele|Tapu Lele|54/100\n|-damage|p1a: Tapu Lele|41/100|[from] Stealth Rock\n|-fieldstart|move: Psychic Terrain|[from] ability: Psychic Surge|[of] p1a: Tapu Lele\n|move|p2a: Slowking|Sludge Bomb|p1a: Tapu Lele\n|-supereffective|p1a: Tapu Lele\n|-damage|p1a: Tapu Lele|0 fnt\n|faint|p1a: Tapu Lele\n|\n|-heal|p2a: Slowking|99/100|[from] item: Black Sludge\n|upkeep\n|\n|t:|1771219804\n|switch|p1a: Latios|Latios, M|88/100\n|-damage|p1a: Latios|76/100|[from] Stealth Rock\n|turn|29\n|\n|t:|1771219805\n|move|p1a: Latios|Luster Purge|p2a: Slowking\n|-damage|p2a: Slowking|69/100\n|-unboost|p2a: Slowking|spd|1\n|move|p2a: Slowking|Sludge Bomb|p1a: Latios\n|-damage|p1a: Latios|40/100\n|\n|-heal|p2a: Slowking|75/100|[from] item: Black Sludge\n|upkeep\n|turn|30\n|\n|t:|1771219808\n|detailschange|p1a: Latios|Latios-Mega, M\n|-mega|p1a: Latios|Latios|Latiosite\n|move|p1a: Latios|Luster Purge|p2a: Slowking\n|-damage|p2a: Slowking|23/100\n|-unboost|p2a: Slowking|spd|1\n|move|p2a: Slowking|Sludge Bomb|p1a: Latios\n|-damage|p1a: Latios|6/100\n|\n|-heal|p2a: Slowking|29/100|[from] item: Black Sludge\n|upkeep\n|turn|31\n|\n|t:|1771219810\n|move|p1a: Latios|Luster Purge|p2a: Slowking\n|-damage|p2a: Slowking|0 fnt\n|faint|p2a: Slowking\n|\n|upkeep\n|\n|t:|1771219811\n|switch|p2a: Tapu Koko|Tapu Koko|72/100\n|-damage|p2a: Tapu Koko|59/100|[from] Spikes\n|-fieldstart|move: Electric Terrain|[from] ability: Electric Surge|[of] p2a: Tapu Koko\n|turn|32\n|\n|t:|1771219813\n|move|p2a: Tapu Koko|U-turn|p1a: Latios\n|-supereffective|p1a: Latios\n|-damage|p1a: Latios|0 fnt\n|faint|p1a: Latios\n|detailschange|p1: Latios|Latios, M|[silent]\n|\n|win|rainfarmer\n|raw|tspinner5000's rating: 1671 &rarr; <strong>1646</strong><br />(-25 for losing)\n|raw|rainfarmer's rating: 1588 &rarr; <strong>1613</strong><br />(+25 for winning)\n|l|☆tspinner5000\n|player|p1|\n|l|☆rainfarmer\n|player|p2|\n", "uploadtime": 1771220072, "views": 8, "formatid": "gen9nationaldex", "rating": 1613, "private": 0, "password": null}