{"id": "gen9nationaldex-2540563511", "format": "[Gen 9] National Dex", "players": ["jianshengjiang", "cash0977"], "log": "|j|☆jianshengjiang\n|j|☆cash0977\n|t:|1771218624\n|gametype|singles\n|player|p1|jianshengjiang|102|1743\n|player|p2|cash0977|tuber|1631\n|gen|9\n|tier|[Gen 9] National Dex\n|rated|\n|rule|HP Percentage Mod: HP is shown in percentages\n|rule|Endless Battle Clause: Forcing endless battles is banned\n|rule|Species Clause: Limit one of each Pokémon\n|rule|OHKO Clause: OHKO moves are banned\n|rule|Evasion Clause: Evasion abilities, items, and moves are banned\n|rule|Evasion Abilities Clause: Evasion abilities are banned\n|rule|Evasion Items Clause: Evasion items are banned\n|rule|Evasion Moves Clause: Evasion moves are banned\n|rule|Sleep Clause Mod: Limit one foe put to sleep\n|rule|Terastal Clause: You cannot Terastallize\n|clearpoke\n|poke|p1|Kommo-o, M|\n|poke|p1|Gholdengo|\n|poke|p1|Glimmora, M|\n|poke|p1|Urshifu-*, M|\n|poke|p1|Landorus-Therian, M|\n|poke|p1|Kingambit, M|\n|poke|p2|Terapagos, M|\n|poke|p2|Alomomola, F|\n|poke|p2|Scizor, M|\n|poke|p2|Garchomp, F|\n|poke|p2|Cinderace, M|\n|poke|p2|Slowking-Galar, M|\n|teampreview\n|inactive|Battle timer is ON: inactive players will automatically lose when time's up. (requested by cash0977)\n|inactive|jianshengjiang also wants the timer to be on.\n|\n|t:|1771218651\n|teamsize|p1|6\n|teamsize|p2|6\n|start\n|switch|p1a: Urshifu|Urshifu-Rapid-Strike, M|100/100\n|switch|p2a: Alomomola|Alomomola, F, shiny|100/100\n|turn|1\n|\n|t:|1771218660\n|move|p1a: Urshifu|U-turn|p2a: Alomomola\n|-damage|p2a: Alomomola|88/100\n|-damage|p1a: Urshifu|84/100|[from] item: Rocky Helmet|[of] p2a: Alomomola\n|\n|t:|1771218663\n|switch|p1a: Gholdengo|Gholdengo|100/100|[from] U-turn\n|move|p2a: Alomomola|Flip Turn|p1a: Gholdengo\n|-damage|p1a: Gholdengo|88/100\n|\n|t:|1771218670\n|switch|p2a: Garchomp|Garchomp, F|100/100|[from] Flip Turn\n|\n|-heal|p1a: Gholdengo|94/100|[from] item: Leftovers\n|upkeep\n|turn|2\n|\n|t:|1771218678\n|switch|p1a: Landorus|Landorus-Therian, M|100/100\n|-ability|p1a: Landorus|Intimidate|boost\n|-unboost|p2a: Garchomp|atk|1\n|move|p2a: Garchomp|Liquidation|p1a: Landorus\n|-supereffective|p1a: Landorus\n|-damage|p1a: Landorus|46/100\n|\n|upkeep\n|turn|3\n|\n|t:|1771218686\n|switch|p2a: Alomomola|Alomomola, F, shiny|100/100\n|move|p1a: Landorus|Earthquake|p2a: Alomomola\n|-damage|p2a: Alomomola|73/100\n|\n|upkeep\n|turn|4\n|\n|t:|1771218697\n|switch|p1a: Gholdengo|Gholdengo|94/100\n|move|p2a: Alomomola|Flip Turn|p1a: Gholdengo\n|-damage|p1a: Gholdengo|82/100\n|\n|t:|1771218710\n|switch|p2a: Garchomp|Garchomp, F|100/100|[from] Flip Turn\n|\n|-heal|p1a: Gholdengo|88/100|[from] item: Leftovers\n|upkeep\n|turn|5\n|\n|t:|1771218719\n|switch|p1a: Urshifu|Urshifu-Rapid-Strike, M|84/100\n|move|p2a: Garchomp|Liquidation|p1a: Urshifu\n|-resisted|p1a: Urshifu\n|-damage|p1a: Urshifu|68/100\n|-unboost|p1a: Urshifu|def|1\n|\n|upkeep\n|turn|6\n|\n|t:|1771218724\n|switch|p1a: Glimmora|Glimmora, M|100/100\n|move|p2a: Garchomp|Liquidation|p1a: Glimmora\n|-supereffective|p1a: Glimmora\n|-damage|p1a: Glimmora|17/100\n|-activate|p1a: Glimmora|ability: Toxic Debris\n|-sidestart|p2: cash0977|move: Toxic Spikes\n|\n|upkeep\n|turn|7\n|\n|t:|1771218730\n|move|p1a: Glimmora|Earth Power|p2a: Garchomp\n|-damage|p2a: Garchomp|81/100\n|move|p2a: Garchomp|Earthquake|p1a: Glimmora\n|-supereffective|p1a: Glimmora\n|-damage|p1a: Glimmora|0 fnt\n|-activate|p1a: Glimmora|ability: Toxic Debris\n|-sidestart|p2: cash0977|move: Toxic Spikes\n|faint|p1a: Glimmora\n|\n|upkeep\n|\n|t:|1771218736\n|switch|p1a: Urshifu|Urshifu-Rapid-Strike, M|68/100\n|turn|8\n|\n|t:|1771218744\n|switch|p2a: Scizor|Scizor, M, shiny|100/100\n|move|p1a: Urshifu|Surging Strikes|p2a: Scizor\n|-crit|p2a: Scizor\n|-damage|p2a: Scizor|85/100\n|-crit|p2a: Scizor\n|-damage|p2a: Scizor|71/100\n|-crit|p2a: Scizor\n|-damage|p2a: Scizor|57/100\n|-hitcount|p2a: Scizor|3\n|\n|upkeep\n|turn|9\n|\n|t:|1771218753\n|switch|p1a: Kommo-o|Kommo-o, M|100/100\n|detailschange|p2a: Scizor|Scizor-Mega, M, shiny\n|-mega|p2a: Scizor|Scizor|Scizorite\n|move|p2a: Scizor|Roost|p2a: Scizor\n|-heal|p2a: Scizor|100/100\n|-singleturn|p2a: Scizor|move: Roost\n|\n|upkeep\n|turn|10\n|\n|t:|1771218757\n|switch|p2a: Slowking|Slowking-Galar, M, shiny|100/100\n|-sideend|p2: cash0977|move: Toxic Spikes|[of] p2a: Slowking\n|-zpower|p1a: Kommo-o\n|move|p1a: Kommo-o|Clangorous Soulblaze|p2a: Slowking|[zeffect]\n|-damage|p2a: Slowking|60/100\n|-boost|p1a: Kommo-o|atk|1\n|-boost|p1a: Kommo-o|def|1\n|-boost|p1a: Kommo-o|spa|1\n|-boost|p1a: Kommo-o|spd|1\n|-boost|p1a: Kommo-o|spe|1\n|\n|upkeep\n|turn|11\n|\n|t:|1771218766\n|move|p1a: Kommo-o|Clangorous Soul|p1a: Kommo-o\n|-boost|p1a: Kommo-o|atk|1\n|-boost|p1a: Kommo-o|def|1\n|-boost|p1a: Kommo-o|spa|1\n|-boost|p1a: Kommo-o|spd|1\n|-boost|p1a: Kommo-o|spe|1\n|-damage|p1a: Kommo-o|68/100\n|move|p2a: Slowking|Future Sight|p1a: Kommo-o\n|-start|p2a: Slowking|move: Future Sight\n|\n|upkeep\n|turn|12\n|\n|t:|1771218772\n|move|p1a: Kommo-o|Clanging Scales|p2a: Slowking\n|-damage|p2a: Slowking|8/100\n|-unboost|p1a: Kommo-o|def|1\n|move|p2a: Slowking|Sludge Bomb|p1a: Kommo-o\n|-immune|p1a: Kommo-o|[from] ability: Bulletproof\n|\n|upkeep\n|turn|13\n|\n|t:|1771218777\n|move|p1a: Kommo-o|Clanging Scales|p2a: Slowking\n|-damage|p2a: Slowking|0 fnt\n|faint|p2a: Slowking\n|-unboost|p1a: Kommo-o|def|1\n|\n|-end|p1a: Kommo-o|move: Future Sight\n|-supereffective|p1a: Kommo-o\n|-damage|p1a: Kommo-o|0 fnt\n|faint|p1a: Kommo-o\n|upkeep\n|\n|t:|1771218790\n|switch|p1a: Landorus|Landorus-Therian, M|46/100\n|switch|p2a: Alomomola|Alomomola, F, shiny|100/100\n|-ability|p1a: Landorus|Intimidate|boost\n|-unboost|p2a: Alomomola|atk|1\n|turn|14\n|\n|t:|1771218794\n|move|p1a: Landorus|Knock Off|p2a: Alomomola\n|-damage|p2a: Alomomola|83/100\n|-damage|p1a: Landorus|30/100|[from] item: Rocky Helmet|[of] p2a: Alomomola\n|-enditem|p2a: Alomomola|Rocky Helmet|[from] move: Knock Off|[of] p1a: Landorus\n|move|p2a: Alomomola|Flip Turn|p1a: Landorus\n|-supereffective|p1a: Landorus\n|-damage|p1a: Landorus|3/100\n|\n|t:|1771218802\n|switch|p2a: Cinderace|Cinderace, M, shiny|100/100|[from] Flip Turn\n|\n|upkeep\n|turn|15\n|\n|t:|1771218808\n|switch|p2a: Alomomola|Alomomola, F, shiny|100/100\n|move|p1a: Landorus|Knock Off|p2a: Alomomola\n|-damage|p2a: Alomomola|88/100\n|\n|upkeep\n|turn|16\n|\n|t:|1771218816\n|switch|p1a: Gholdengo|Gholdengo|88/100\n|move|p2a: Alomomola|Flip Turn|p1a: Gholdengo\n|-damage|p1a: Gholdengo|76/100\n|\n|t:|1771218820\n|switch|p2a: Garchomp|Garchomp, F|81/100|[from] Flip Turn\n|\n|-heal|p1a: Gholdengo|82/100|[from] item: Leftovers\n|upkeep\n|turn|17\n|\n|t:|1771218826\n|move|p2a: Garchomp|Earthquake|p1a: Gholdengo\n|-supereffective|p1a: Gholdengo\n|-crit|p1a: Gholdengo\n|-damage|p1a: Gholdengo|0 fnt\n|faint|p1a: Gholdengo\n|\n|upkeep\n|\n|t:|1771218829\n|switch|p1a: Urshifu|Urshifu-Rapid-Strike, M|68/100\n|turn|18\n|\n|t:|1771218831\n|switch|p2a: Alomomola|Alomomola, F, shiny|100/100\n|move|p1a: Urshifu|Surging Strikes|p2a: Alomomola\n|-resisted|p2a: Alomomola\n|-crit|p2a: Alomomola\n|-damage|p2a: Alomomola|95/100\n|-resisted|p2a: Alomomola\n|-crit|p2a: Alomomola\n|-damage|p2a: Alomomola|90/100\n|-resisted|p2a: Alomomola\n|-crit|p2a: Alomomola\n|-damage|p2a: Alomomola|85/100\n|-hitcount|p2a: Alomomola|3\n|\n|upkeep\n|turn|19\n|\n|t:|1771218835\n|switch|p1a: Kingambit|Kingambit, M|100/100\n|-activate|p1a: Kingambit|ability: Supreme Overlord\n|-start|p1a: Kingambit|fallen3|[silent]\n|move|p2a: Alomomola|Flip Turn|p1a: Kingambit\n|-damage|p1a: Kingambit|89/100\n|\n|t:|1771218838\n|switch|p2a: Garchomp|Garchomp, F|81/100|[from] Flip Turn\n|\n|upkeep\n|turn|20\n|\n|t:|1771218842\n|move|p2a: Garchomp|Earthquake|p1a: Kingambit\n|-supereffective|p1a: Kingambit\n|-damage|p1a: Kingambit|2/100\n|move|p1a: Kingambit|Swords Dance|p1a: Kingambit\n|-boost|p1a: Kingambit|atk|2\n|\n|upkeep\n|turn|21\n|\n|t:|1771218848\n|move|p1a: Kingambit|Sucker Punch|p2a: Garchomp\n|-damage|p2a: Garchomp|0 fnt\n|-damage|p1a: Kingambit|0 fnt|[from] ability: Rough Skin|[of] p2a: Garchomp\n|faint|p2a: Garchomp\n|faint|p1a: Kingambit\n|-end|p1a: Kingambit|fallen3|[silent]\n|\n|upkeep\n|\n|t:|1771218851\n|switch|p2a: Alomomola|Alomomola, F, shiny|100/100\n|switch|p1a: Urshifu|Urshifu-Rapid-Strike, M|68/100\n|turn|22\n|\n|t:|1771218854\n|move|p1a: Urshifu|U-turn|p2a: Alomomola\n|-damage|p2a: Alomomola|87/100\n|\n|t:|1771218856\n|switch|p1a: Landorus|Landorus-Therian, M|3/100|[from] U-turn\n|-ability|p1a: Landorus|Intimidate|boost\n|-unboost|p2a: Alomomola|atk|1\n|move|p2a: Alomomola|Toxic|p1a: Landorus\n|-status|p1a: Landorus|tox\n|\n|-damage|p1a: Landorus|0 fnt|[from] psn\n|faint|p1a: Landorus\n|upkeep\n|\n|t:|1771218858\n|switch|p1a: Urshifu|Urshifu-Rapid-Strike, M|68/100\n|turn|23\n|\n|t:|1771218864\n|move|p1a: Urshifu|Close Combat|p2a: Alomomola\n|-damage|p2a: Alomomola|52/100\n|-unboost|p1a: Urshifu|def|1\n|-unboost|p1a: Urshifu|spd|1\n|move|p2a: Alomomola|Toxic|p1a: Urshifu\n|-status|p1a: Urshifu|tox\n|\n|-damage|p1a: Urshifu|62/100 tox|[from] psn\n|upkeep\n|turn|24\n|\n|t:|1771218867\n|move|p1a: Urshifu|Close Combat|p2a: Alomomola\n|-damage|p2a: Alomomola|17/100\n|-unboost|p1a: Urshifu|def|1\n|-unboost|p1a: Urshifu|spd|1\n|move|p2a: Alomomola|Wish|p2a: Alomomola\n|\n|-damage|p1a: Urshifu|50/100 tox|[from] psn\n|upkeep\n|turn|25\n|\n|t:|1771218873\n|switch|p2a: Terapagos|Terapagos, M|100/100\n|-activate|p2a: Terapagos|ability: Tera Shift\n|detailschange|p2a: Terapagos|Terapagos-Terastal, M\n|-heal|p2a: Terapagos|100/100|[silent]\n|move|p1a: Urshifu|Close Combat|p2a: Terapagos\n|-activate|p2a: Terapagos|ability: Tera Shell\n|-resisted|p2a: Terapagos\n|-damage|p2a: Terapagos|74/100\n|-unboost|p1a: Urshifu|def|1\n|-unboost|p1a: Urshifu|spd|1\n|\n|-heal|p2a: Terapagos|100/100|[from] move: Wish|[wisher] Alomomola\n|-damage|p1a: Urshifu|31/100 tox|[from] psn\n|upkeep\n|turn|26\n|\n|t:|1771218877\n|move|p1a: Urshifu|Close Combat|p2a: Terapagos\n|-activate|p2a: Terapagos|ability: Tera Shell\n|-resisted|p2a: Terapagos\n|-damage|p2a: Terapagos|74/100\n|-unboost|p1a: Urshifu|def|1\n|-unboost|p1a: Urshifu|spd|1\n|move|p2a: Terapagos|Tera Starstorm|p1a: Urshifu\n|-damage|p1a: Urshifu|0 fnt\n|faint|p1a: Urshifu\n|\n|win|cash0977\n|raw|jianshengjiang's rating: 1743 &rarr; <strong>1717</strong><br />(-26 for losing)\n|raw|cash0977's rating: 1631 &rarr; <strong>1657</strong><br />(+26 for winning)\n|l|☆jianshengjiang\n|player|p1|\n", "uploadtime": 1771219109, "views": 6, "formatid": "gen9nationaldex", "rating": 1657, "private": 0, "password": null}