{"id": "gen9nationaldex-2540612604", "format": "[Gen 9] National Dex", "players": ["BliZardZ", "netskinate"], "log": "|j|☆BliZardZ\n|j|☆netskinate\n|t:|1771227226\n|gametype|singles\n|player|p1|BliZardZ|burglar|1528\n|player|p2|netskinate|170|1548\n|gen|9\n|tier|[Gen 9] National Dex\n|rated|\n|rule|HP Percentage Mod: HP is shown in percentages\n|rule|Endless Battle Clause: Forcing endless battles is banned\n|rule|Species Clause: Limit one of each Pokémon\n|rule|OHKO Clause: OHKO moves are banned\n|rule|Evasion Clause: Evasion abilities, items, and moves are banned\n|rule|Evasion Abilities Clause: Evasion abilities are banned\n|rule|Evasion Items Clause: Evasion items are banned\n|rule|Evasion Moves Clause: Evasion moves are banned\n|rule|Sleep Clause Mod: Limit one foe put to sleep\n|rule|Terastal Clause: You cannot Terastallize\n|clearpoke\n|poke|p1|Araquanid, F|\n|poke|p1|Aerodactyl, F|\n|poke|p1|Absol, F|\n|poke|p1|Aegislash, M|\n|poke|p1|Arcanine-Hisui, F|\n|poke|p1|Ambipom, M|\n|poke|p2|Decidueye, M|\n|poke|p2|Nidoking, M|\n|poke|p2|Alakazam, M|\n|poke|p2|Scizor, M|\n|poke|p2|Haxorus, M|\n|poke|p2|Greninja-*, M|\n|teampreview\n|inactive|Battle timer is ON: inactive players will automatically lose when time's up. (requested by netskinate)\n|\n|t:|1771227253\n|teamsize|p1|6\n|teamsize|p2|6\n|start\n|switch|p1a: Ambipom|Ambipom, M|100/100\n|switch|p2a: Decidueye|Decidueye, M|100/100\n|turn|1\n|\n|t:|1771227258\n|move|p1a: Ambipom|Knock Off|p2a: Decidueye\n|-supereffective|p2a: Decidueye\n|-damage|p2a: Decidueye|26/100\n|-damage|p1a: Ambipom|91/100|[from] item: Life Orb\n|move|p2a: Decidueye|Trailblaze|p1a: Ambipom\n|-damage|p1a: Ambipom|49/100\n|-boost|p2a: Decidueye|spe|1\n|\n|upkeep\n|turn|2\n|\n|t:|1771227276\n|switch|p1a: Aegislash|Aegislash, M|100/100\n|move|p2a: Decidueye|Swords Dance|p2a: Decidueye\n|-boost|p2a: Decidueye|atk|2\n|\n|upkeep\n|turn|3\n|\n|t:|1771227281\n|move|p2a: Decidueye|Sucker Punch|p1a: Aegislash\n|-supereffective|p1a: Aegislash\n|-damage|p1a: Aegislash|35/100\n|-formechange|p1a: Aegislash|Aegislash-Blade||[from] ability: Stance Change\n|move|p1a: Aegislash|Shadow Sneak|p2a: Decidueye\n|-supereffective|p2a: Decidueye\n|-damage|p2a: Decidueye|0 fnt\n|faint|p2a: Decidueye\n|-damage|p1a: Aegislash|25/100|[from] item: Life Orb\n|\n|upkeep\n|\n|t:|1771227285\n|switch|p2a: Scizor|Scizor, M|100/100\n|turn|4\n|\n|t:|1771227290\n|detailschange|p2a: Scizor|Scizor-Mega, M\n|-mega|p2a: Scizor|Scizor|Scizorite\n|-formechange|p1a: Aegislash|Aegislash||[from] ability: Stance Change\n|move|p1a: Aegislash|King's Shield|p1a: Aegislash\n|-singleturn|p1a: Aegislash|Protect\n|move|p2a: Scizor|Swords Dance|p2a: Scizor\n|-boost|p2a: Scizor|atk|2\n|\n|upkeep\n|turn|5\n|\n|t:|1771227306\n|-formechange|p1a: Aegislash|Aegislash-Blade||[from] ability: Stance Change\n|move|p1a: Aegislash|Shadow Sneak|p2a: Scizor\n|-damage|p2a: Scizor|70/100\n|-damage|p1a: Aegislash|15/100|[from] item: Life Orb\n|move|p2a: Scizor|Knock Off|p1a: Aegislash\n|-supereffective|p1a: Aegislash\n|-damage|p1a: Aegislash|0 fnt\n|-enditem|p1a: Aegislash|Life Orb|[from] move: Knock Off|[of] p2a: Scizor\n|faint|p1a: Aegislash\n|\n|upkeep\n|\n|t:|1771227322\n|switch|p1a: Araquanid|Araquanid, F|100/100\n|turn|6\n|\n|t:|1771227326\n|move|p2a: Scizor|Knock Off|p1a: Araquanid\n|-damage|p1a: Araquanid|21/100\n|-enditem|p1a: Araquanid|Custap Berry|[from] move: Knock Off|[of] p2a: Scizor\n|move|p1a: Araquanid|Surf|p2a: Scizor\n|-damage|p2a: Scizor|8/100\n|\n|upkeep\n|turn|7\n|\n|t:|1771227336\n|move|p2a: Scizor|Bullet Punch|p1a: Araquanid\n|-resisted|p1a: Araquanid\n|-damage|p1a: Araquanid|0 fnt\n|faint|p1a: Araquanid\n|\n|upkeep\n|\n|t:|1771227351\n|switch|p1a: Ambipom|Ambipom, M|49/100\n|turn|8\n|\n|t:|1771227354\n|move|p1a: Ambipom|Fake Out|p2a: Scizor\n|-resisted|p2a: Scizor\n|-damage|p2a: Scizor|0 fnt\n|faint|p2a: Scizor\n|detailschange|p2: Scizor|Scizor, M|[silent]\n|-damage|p1a: Ambipom|39/100|[from] item: Life Orb\n|\n|upkeep\n|\n|t:|1771227360\n|switch|p2a: Nidoking|Nidoking, M|100/100\n|turn|9\n|\n|t:|1771227367\n|move|p2a: Nidoking|Sludge Wave|p1a: Ambipom\n|-damage|p1a: Ambipom|0 fnt\n|faint|p1a: Ambipom\n|\n|upkeep\n|j| ghdsghjjjffssg\n|\n|t:|1771227376\n|switch|p1a: Arcanine|Arcanine-Hisui, F|100/100\n|turn|10\n|l| ghdsghjjjffssg\n|\n|t:|1771227383\n|switch|p2a: Haxorus|Haxorus, M|100/100\n|-ability|p2a: Haxorus|Mold Breaker\n|move|p1a: Arcanine|Flare Blitz|p2a: Haxorus\n|-resisted|p2a: Haxorus\n|-damage|p2a: Haxorus|62/100\n|\n|upkeep\n|turn|11\n|\n|t:|1771227402\n|switch|p1a: Absol|Absol, F|100/100\n|move|p2a: Haxorus|Outrage|p1a: Absol\n|-damage|p1a: Absol|0 fnt\n|faint|p1a: Absol\n|\n|upkeep\n|\n|t:|1771227414\n|switch|p1a: Arcanine|Arcanine-Hisui, F|100/100\n|turn|12\n|\n|t:|1771227418\n|move|p1a: Arcanine|Head Smash|p2a: Haxorus\n|-damage|p2a: Haxorus|0 fnt\n|faint|p2a: Haxorus\n|\n|upkeep\n|\n|t:|1771227424\n|switch|p2a: Nidoking|Nidoking, M|100/100\n|turn|13\n|\n|t:|1771227427\n|move|p1a: Arcanine|Head Smash|p2a: Nidoking|[miss]\n|-miss|p1a: Arcanine|p2a: Nidoking\n|move|p2a: Nidoking|Ice Beam|p1a: Arcanine\n|-resisted|p1a: Arcanine\n|-damage|p1a: Arcanine|81/100\n|\n|upkeep\n|turn|14\n|\n|t:|1771227433\n|move|p1a: Arcanine|Head Smash|p2a: Nidoking\n|-resisted|p2a: Nidoking\n|-damage|p2a: Nidoking|53/100\n|move|p2a: Nidoking|Ice Beam|p1a: Arcanine\n|-resisted|p1a: Arcanine\n|-damage|p1a: Arcanine|61/100\n|\n|upkeep\n|turn|15\n|\n|t:|1771227438\n|move|p1a: Arcanine|Head Smash|p2a: Nidoking\n|-resisted|p2a: Nidoking\n|-damage|p2a: Nidoking|0 fnt\n|faint|p2a: Nidoking\n|\n|upkeep\n|\n|t:|1771227441\n|switch|p2a: Greninja|Greninja, M|100/100\n|turn|16\n|\n|t:|1771227444\n|move|p2a: Greninja|Water Shuriken|p1a: Arcanine\n|-supereffective|p1a: Arcanine\n|-damage|p1a: Arcanine|19/100\n|-supereffective|p1a: Arcanine\n|-damage|p1a: Arcanine|0 fnt\n|faint|p1a: Arcanine\n|-ability|p2a: Greninja|Battle Bond|boost\n|-boost|p2a: Greninja|atk|1\n|-boost|p2a: Greninja|spa|1\n|-boost|p2a: Greninja|spe|1\n|-activate|p2a: Greninja|ability: Battle Bond\n|-hitcount|p1: Arcanine|2\n|-damage|p2a: Greninja|91/100|[from] item: Life Orb\n|\n|upkeep\n|\n|t:|1771227447\n|switch|p1a: Aerodactyl|Aerodactyl, F|100/100\n|turn|17\n|\n|t:|1771227451\n|detailschange|p1a: Aerodactyl|Aerodactyl-Mega, F\n|-mega|p1a: Aerodactyl|Aerodactyl|Aerodactylite\n|move|p2a: Greninja|Ice Beam|p1a: Aerodactyl\n|-supereffective|p1a: Aerodactyl\n|-damage|p1a: Aerodactyl|0 fnt\n|faint|p1a: Aerodactyl\n|detailschange|p1: Aerodactyl|Aerodactyl, F|[silent]\n|-damage|p2a: Greninja|81/100|[from] item: Life Orb\n|\n|win|netskinate\n|raw|BliZardZ's rating: 1528 &rarr; <strong>1509</strong><br />(-19 for losing)\n|raw|netskinate's rating: 1548 &rarr; <strong>1567</strong><br />(+19 for winning)\n|l|☆BliZardZ\n|player|p1|\n|l|☆netskinate\n|player|p2|\n|j|☆netskinate\n|player|p2|netskinate|170|\n|l|☆netskinate\n|player|p2|\n", "uploadtime": 1771227788, "views": 9, "formatid": "gen9nationaldex", "rating": 1509, "private": 0, "password": null}