{"id": "gen9nationaldex-2540796297", "format": "[Gen 9] National Dex", "players": ["G6Gambit", "163 rats"], "log": "|j|☆G6Gambit\n|j|☆163 rats\n|t:|1771254940\n|gametype|singles\n|player|p1|G6Gambit|miku-ghost|1554\n|player|p2|163 rats|blaine|1635\n|gen|9\n|tier|[Gen 9] National Dex\n|rated|\n|rule|HP Percentage Mod: HP is shown in percentages\n|rule|Endless Battle Clause: Forcing endless battles is banned\n|rule|Species Clause: Limit one of each Pokémon\n|rule|OHKO Clause: OHKO moves are banned\n|rule|Evasion Clause: Evasion abilities, items, and moves are banned\n|rule|Evasion Abilities Clause: Evasion abilities are banned\n|rule|Evasion Items Clause: Evasion items are banned\n|rule|Evasion Moves Clause: Evasion moves are banned\n|rule|Sleep Clause Mod: Limit one foe put to sleep\n|rule|Terastal Clause: You cannot Terastallize\n|clearpoke\n|poke|p1|Landorus-Therian, M|\n|poke|p1|Zamazenta-*|\n|poke|p1|Scizor, F|\n|poke|p1|Raging Bolt|\n|poke|p1|Moltres|\n|poke|p1|Toxapex, M|\n|poke|p2|Alomomola, F|\n|poke|p2|Corviknight, M|\n|poke|p2|Urshifu-*, M|\n|poke|p2|Landorus-Therian, M|\n|poke|p2|Latios, M|\n|poke|p2|Garganacl, M|\n|teampreview\n|inactive|Battle timer is ON: inactive players will automatically lose when time's up. (requested by 163 rats)\n|c|☆163 rats|glhf\n|\n|t:|1771254956\n|teamsize|p1|6\n|teamsize|p2|6\n|start\n|switch|p1a: Scizor|Scizor, F|100/100\n|switch|p2a: Garganacl|Garganacl, M|100/100\n|turn|1\n|\n|t:|1771254962\n|detailschange|p1a: Scizor|Scizor-Mega, F\n|-mega|p1a: Scizor|Scizor|Scizorite\n|move|p1a: Scizor|Knock Off|p2a: Garganacl\n|-damage|p2a: Garganacl|80/100\n|-enditem|p2a: Garganacl|Leftovers|[from] move: Knock Off|[of] p1a: Scizor\n|move|p2a: Garganacl|Salt Cure|p1a: Scizor\n|-damage|p1a: Scizor|91/100\n|-start|p1a: Scizor|Salt Cure\n|\n|-damage|p1a: Scizor|67/100|[from] Salt Cure\n|upkeep\n|turn|2\n|\n|t:|1771254980\n|switch|p1a: Toxapex|Toxapex, M|100/100\n|move|p2a: Garganacl|Stealth Rock|p1a: Toxapex\n|-sidestart|p1: G6Gambit|move: Stealth Rock\n|\n|upkeep\n|turn|3\n|\n|t:|1771254986\n|move|p2a: Garganacl|Salt Cure|p1a: Toxapex\n|-damage|p1a: Toxapex|91/100\n|-start|p1a: Toxapex|Salt Cure\n|move|p1a: Toxapex|Scald|p2a: Garganacl\n|-supereffective|p2a: Garganacl\n|-damage|p2a: Garganacl|56/100\n|\n|-damage|p1a: Toxapex|66/100|[from] Salt Cure\n|upkeep\n|turn|4\n|\n|t:|1771254996\n|switch|p1a: Landorus|Landorus-Therian, M|100/100\n|-damage|p1a: Landorus|88/100|[from] Stealth Rock\n|-ability|p1a: Landorus|Intimidate|boost\n|-unboost|p2a: Garganacl|atk|1\n|move|p2a: Garganacl|Salt Cure|p1a: Landorus\n|-damage|p1a: Landorus|77/100\n|-start|p1a: Landorus|Salt Cure\n|\n|-damage|p1a: Landorus|64/100|[from] Salt Cure\n|upkeep\n|turn|5\n|\n|t:|1771255003\n|move|p2a: Garganacl|Protect|p2a: Garganacl\n|-singleturn|p2a: Garganacl|Protect\n|move|p1a: Landorus|Earthquake|p2a: Garganacl\n|-activate|p2a: Garganacl|move: Protect\n|\n|-damage|p1a: Landorus|52/100|[from] Salt Cure\n|upkeep\n|turn|6\n|\n|t:|1771255011\n|switch|p2a: Wet And Cold|Alomomola, F|100/100\n|move|p1a: Landorus|Earthquake|p2a: Wet And Cold\n|-damage|p2a: Wet And Cold|67/100\n|\n|-damage|p1a: Landorus|39/100|[from] Salt Cure\n|upkeep\n|turn|7\n|\n|t:|1771255017\n|switch|p1a: Moltres|Moltres|100/100\n|move|p2a: Wet And Cold|Wish|p2a: Wet And Cold\n|\n|upkeep\n|turn|8\n|\n|t:|1771255023\n|move|p1a: Moltres|Defog|p2a: Wet And Cold\n|-unboost|p2a: Wet And Cold|evasion|1\n|-sideend|p1: G6Gambit|Stealth Rock|[from] move: Defog|[of] p1a: Moltres\n|move|p2a: Wet And Cold|Flip Turn|p1a: Moltres\n|-supereffective|p1a: Moltres\n|-damage|p1a: Moltres|79/100\n|\n|t:|1771255025\n|switch|p2a: Garganacl|Garganacl, M|56/100|[from] Flip Turn\n|\n|-heal|p2a: Garganacl|100/100|[from] move: Wish|[wisher] Wet And Cold\n|upkeep\n|turn|9\n|\n|t:|1771255038\n|move|p1a: Moltres|U-turn|p2a: Garganacl\n|-damage|p2a: Garganacl|90/100\n|\n|t:|1771255040\n|switch|p1a: Scizor|Scizor-Mega, F|67/100|[from] U-turn\n|move|p2a: Garganacl|Salt Cure|p1a: Scizor\n|-crit|p1a: Scizor\n|-damage|p1a: Scizor|52/100\n|-start|p1a: Scizor|Salt Cure\n|\n|-damage|p1a: Scizor|27/100|[from] Salt Cure\n|upkeep\n|turn|10\n|\n|t:|1771255044\n|move|p1a: Scizor|Bullet Punch|p2a: Garganacl\n|-supereffective|p2a: Garganacl\n|-damage|p2a: Garganacl|47/100\n|move|p2a: Garganacl|Stealth Rock|p1a: Scizor\n|-sidestart|p1: G6Gambit|move: Stealth Rock\n|\n|-damage|p1a: Scizor|2/100|[from] Salt Cure\n|upkeep\n|turn|11\n|\n|t:|1771255049\n|move|p1a: Scizor|Bullet Punch|p2a: Garganacl\n|-supereffective|p2a: Garganacl\n|-damage|p2a: Garganacl|11/100\n|move|p2a: Garganacl|Recover|p2a: Garganacl\n|-heal|p2a: Garganacl|61/100\n|\n|-damage|p1a: Scizor|0 fnt|[from] Salt Cure\n|faint|p1a: Scizor\n|detailschange|p1: Scizor|Scizor, F|[silent]\n|upkeep\n|\n|t:|1771255056\n|switch|p1a: Zamazenta|Zamazenta|100/100\n|-ability|p1a: Zamazenta|Dauntless Shield|boost\n|-boost|p1a: Zamazenta|def|1\n|turn|12\n|j| Reyanek\n|\n|t:|1771255063\n|switch|p2a: Latios|Latios, M|100/100\n|move|p1a: Zamazenta|Substitute|p1a: Zamazenta\n|-start|p1a: Zamazenta|Substitute\n|-damage|p1a: Zamazenta|76/100\n|\n|upkeep\n|turn|13\n|\n|t:|1771255073\n|detailschange|p2a: Latios|Latios-Mega, M\n|-mega|p2a: Latios|Latios|Latiosite\n|move|p1a: Zamazenta|Crunch|p2a: Latios\n|-supereffective|p2a: Latios\n|-damage|p2a: Latios|43/100\n|move|p2a: Latios|Luster Purge|p1a: Zamazenta\n|-supereffective|p1a: Zamazenta\n|-end|p1a: Zamazenta|Substitute\n|\n|upkeep\n|turn|14\n|\n|t:|1771255080\n|move|p1a: Zamazenta|Crunch|p2a: Latios\n|-supereffective|p2a: Latios\n|-damage|p2a: Latios|0 fnt\n|faint|p2a: Latios\n|detailschange|p2: Latios|Latios, M|[silent]\n|\n|upkeep\n|\n|t:|1771255083\n|switch|p2a: Felt Some Flesh|Urshifu-Rapid-Strike, M|100/100\n|turn|15\n|\n|t:|1771255109\n|switch|p1a: Toxapex|Toxapex, M|99/100\n|move|p2a: Felt Some Flesh|Surging Strikes|p1a: Toxapex\n|-resisted|p1a: Toxapex\n|-crit|p1a: Toxapex\n|-damage|p1a: Toxapex|92/100\n|-resisted|p1a: Toxapex\n|-crit|p1a: Toxapex\n|-damage|p1a: Toxapex|85/100\n|-resisted|p1a: Toxapex\n|-crit|p1a: Toxapex\n|-damage|p1a: Toxapex|77/100\n|-hitcount|p1a: Toxapex|3\n|\n|upkeep\n|turn|16\n|\n|t:|1771255124\n|switch|p2a: Wet And Cold|Alomomola, F|100/100\n|move|p1a: Toxapex|Scald|p2a: Wet And Cold\n|-resisted|p2a: Wet And Cold\n|-damage|p2a: Wet And Cold|93/100\n|\n|upkeep\n|turn|17\n|\n|t:|1771255129\n|move|p2a: Wet And Cold|Wish|p2a: Wet And Cold\n|move|p1a: Toxapex|Toxic|p2a: Wet And Cold\n|-status|p2a: Wet And Cold|tox\n|\n|-damage|p2a: Wet And Cold|87/100 tox|[from] psn\n|upkeep\n|turn|18\n|\n|t:|1771255134\n|switch|p2a: Garganacl|Garganacl, M|61/100\n|switch|p1a: Zamazenta|Zamazenta|76/100\n|\n|-heal|p2a: Garganacl|100/100|[from] move: Wish|[wisher] Wet And Cold\n|upkeep\n|turn|19\n|\n|t:|1771255139\n|switch|p2a: Felt Some Flesh|Urshifu-Rapid-Strike, M|100/100\n|move|p1a: Zamazenta|Substitute|p1a: Zamazenta\n|-start|p1a: Zamazenta|Substitute\n|-damage|p1a: Zamazenta|51/100\n|\n|upkeep\n|turn|20\n|\n|t:|1771255143\n|move|p1a: Zamazenta|Body Press|p2a: Felt Some Flesh\n|-damage|p2a: Felt Some Flesh|68/100\n|move|p2a: Felt Some Flesh|Surging Strikes|p1a: Zamazenta\n|-crit|p1a: Zamazenta\n|-activate|p1a: Zamazenta|move: Substitute|[damage]\n|-crit|p1a: Zamazenta\n|-end|p1a: Zamazenta|Substitute\n|-crit|p1a: Zamazenta\n|-damage|p1a: Zamazenta|30/100\n|-hitcount|p1a: Zamazenta|3\n|\n|upkeep\n|turn|21\n|\n|t:|1771255165\n|move|p1a: Zamazenta|Body Press|p2a: Felt Some Flesh\n|-damage|p2a: Felt Some Flesh|37/100\n|move|p2a: Felt Some Flesh|Close Combat|p1a: Zamazenta\n|-damage|p1a: Zamazenta|0 fnt\n|-unboost|p2a: Felt Some Flesh|def|1\n|-unboost|p2a: Felt Some Flesh|spd|1\n|faint|p1a: Zamazenta\n|\n|upkeep\n|\n|t:|1771255171\n|switch|p1a: Raging Bolt|Raging Bolt|100/100\n|-damage|p1a: Raging Bolt|88/100|[from] Stealth Rock\n|turn|22\n|\n|t:|1771255179\n|move|p2a: Felt Some Flesh|Aqua Jet|p1a: Raging Bolt\n|-resisted|p1a: Raging Bolt\n|-damage|p1a: Raging Bolt|79/100\n|-zpower|p1a: Raging Bolt\n|move|p1a: Raging Bolt|Devastating Drake|p2a: Felt Some Flesh|[zeffect]\n|-damage|p2a: Felt Some Flesh|0 fnt\n|faint|p2a: Felt Some Flesh\n|\n|upkeep\n|\n|t:|1771255182\n|switch|p2a: Garganacl|Garganacl, M|100/100\n|turn|23\n|\n|t:|1771255188\n|move|p1a: Raging Bolt|Calm Mind|p1a: Raging Bolt\n|-boost|p1a: Raging Bolt|spa|1\n|-boost|p1a: Raging Bolt|spd|1\n|move|p2a: Garganacl|Salt Cure|p1a: Raging Bolt\n|-damage|p1a: Raging Bolt|65/100\n|-start|p1a: Raging Bolt|Salt Cure\n|\n|-damage|p1a: Raging Bolt|52/100|[from] Salt Cure\n|upkeep\n|turn|24\n|\n|t:|1771255196\n|move|p2a: Garganacl|Protect|p2a: Garganacl\n|-singleturn|p2a: Garganacl|Protect\n|move|p1a: Raging Bolt|Draco Meteor|p2a: Garganacl\n|-activate|p2a: Garganacl|move: Protect\n|\n|-damage|p1a: Raging Bolt|40/100|[from] Salt Cure\n|upkeep\n|turn|25\n|\n|t:|1771255198\n|move|p1a: Raging Bolt|Draco Meteor|p2a: Garganacl\n|-damage|p2a: Garganacl|33/100\n|-unboost|p1a: Raging Bolt|spa|2\n|move|p2a: Garganacl|Recover|p2a: Garganacl\n|-heal|p2a: Garganacl|83/100\n|\n|-damage|p1a: Raging Bolt|27/100|[from] Salt Cure\n|upkeep\n|turn|26\n|\n|t:|1771255208\n|-end|p1a: Raging Bolt|Protosynthesis|[silent]\n|switch|p1a: Moltres|Moltres|79/100\n|move|p2a: Garganacl|Salt Cure|p1a: Moltres\n|-supereffective|p1a: Moltres\n|-damage|p1a: Moltres|41/100\n|-start|p1a: Moltres|Salt Cure\n|\n|-damage|p1a: Moltres|29/100|[from] Salt Cure\n|upkeep\n|turn|27\n|\n|t:|1771255211\n|move|p1a: Moltres|Defog|p2a: Garganacl\n|-unboost|p2a: Garganacl|evasion|1\n|-sideend|p1: G6Gambit|Stealth Rock|[from] move: Defog|[of] p1a: Moltres\n|move|p2a: Garganacl|Salt Cure|p1a: Moltres\n|-supereffective|p1a: Moltres\n|-damage|p1a: Moltres|0 fnt\n|faint|p1a: Moltres\n|\n|upkeep\n|\n|t:|1771255216\n|switch|p1a: Landorus|Landorus-Therian, M|39/100\n|-ability|p1a: Landorus|Intimidate|boost\n|-unboost|p2a: Garganacl|atk|1\n|turn|28\n|\n|t:|1771255219\n|move|p2a: Garganacl|Protect|p2a: Garganacl\n|-singleturn|p2a: Garganacl|Protect\n|move|p1a: Landorus|U-turn|p2a: Garganacl\n|-activate|p2a: Garganacl|move: Protect\n|\n|upkeep\n|turn|29\n|\n|t:|1771255222\n|move|p1a: Landorus|U-turn|p2a: Garganacl\n|-damage|p2a: Garganacl|66/100\n|-message|G6Gambit forfeited.\n|\n|win|163 rats\n|raw|G6Gambit's rating: 1554 &rarr; <strong>1539</strong><br />(-15 for losing)\n|raw|163 rats's rating: 1635 &rarr; <strong>1650</strong><br />(+15 for winning)\n|l|☆G6Gambit\n|player|p1|\n|l|☆163 rats\n|player|p2|\n", "uploadtime": 1771255238, "views": 8, "formatid": "gen9nationaldex", "rating": 1539, "private": 0, "password": null}