{"id": "gen9nationaldex-2540610941", "format": "[Gen 9] National Dex", "players": ["webeefin", "ducforlife"], "log": "|j|☆webeefin\n|j|☆ducforlife\n|t:|1771226910\n|gametype|singles\n|player|p1|webeefin|brigette|1496\n|player|p2|ducforlife|2|1539\n|gen|9\n|tier|[Gen 9] National Dex\n|rated|\n|rule|HP Percentage Mod: HP is shown in percentages\n|rule|Endless Battle Clause: Forcing endless battles is banned\n|rule|Species Clause: Limit one of each Pokémon\n|rule|OHKO Clause: OHKO moves are banned\n|rule|Evasion Clause: Evasion abilities, items, and moves are banned\n|rule|Evasion Abilities Clause: Evasion abilities are banned\n|rule|Evasion Items Clause: Evasion items are banned\n|rule|Evasion Moves Clause: Evasion moves are banned\n|rule|Sleep Clause Mod: Limit one foe put to sleep\n|rule|Terastal Clause: You cannot Terastallize\n|clearpoke\n|poke|p1|Weezing-Galar, M|\n|poke|p1|Corviknight, M|\n|poke|p1|Latias, F|\n|poke|p1|Ogerpon-Wellspring, F|\n|poke|p1|Zamazenta-*|\n|poke|p1|Ting-Lu|\n|poke|p2|Kingambit, M|\n|poke|p2|Charizard, F|\n|poke|p2|Landorus-Therian, M|\n|poke|p2|Raging Bolt|\n|poke|p2|Great Tusk|\n|poke|p2|Rillaboom, F|\n|teampreview\n|inactive|Battle timer is ON: inactive players will automatically lose when time's up. (requested by webeefin)\n|\n|t:|1771226917\n|teamsize|p1|6\n|teamsize|p2|6\n|start\n|switch|p1a: Ogerpon|Ogerpon-Wellspring, F|100/100\n|switch|p2a: Charizard|Charizard, F|100/100\n|turn|1\n|\n|t:|1771226921\n|switch|p1a: Ting-Lu|Ting-Lu|100/100\n|-ability|p1a: Ting-Lu|Vessel of Ruin\n|detailschange|p2a: Charizard|Charizard-Mega-Y, F\n|-mega|p2a: Charizard|Charizard|Charizardite Y\n|-weather|SunnyDay|[from] ability: Drought|[of] p2a: Charizard\n|move|p2a: Charizard|Weather Ball|p1a: Ting-Lu\n|-damage|p1a: Ting-Lu|65/100\n|\n|-weather|SunnyDay|[upkeep]\n|-heal|p1a: Ting-Lu|72/100|[from] item: Leftovers\n|upkeep\n|turn|2\n|\n|t:|1771226926\n|switch|p1a: Latias|Latias, F|100/100\n|move|p2a: Charizard|Solar Beam||[still]\n|-prepare|p2a: Charizard|Solar Beam\n|-anim|p2a: Charizard|Solar Beam|p1a: Latias\n|-resisted|p1a: Latias\n|-damage|p1a: Latias|81/100\n|\n|-weather|SunnyDay|[upkeep]\n|upkeep\n|turn|3\n|\n|t:|1771226934\n|detailschange|p1a: Latias|Latias-Mega, F\n|-mega|p1a: Latias|Latias|Latiasite\n|move|p1a: Latias|Aura Sphere|p2a: Charizard\n|-resisted|p2a: Charizard\n|-damage|p2a: Charizard|87/100\n|move|p2a: Charizard|Weather Ball|p1a: Latias\n|-resisted|p1a: Latias\n|-damage|p1a: Latias|48/100\n|\n|-weather|SunnyDay|[upkeep]\n|upkeep\n|turn|4\n|\n|t:|1771226943\n|switch|p2a: Kingambit|Kingambit, M|100/100\n|move|p1a: Latias|Roost|p1a: Latias\n|-heal|p1a: Latias|98/100\n|-singleturn|p1a: Latias|move: Roost\n|\n|-weather|SunnyDay|[upkeep]\n|upkeep\n|turn|5\n|\n|t:|1771226957\n|move|p2a: Kingambit|Sucker Punch|p1a: Latias\n|-supereffective|p1a: Latias\n|-damage|p1a: Latias|34/100\n|move|p1a: Latias|Aura Sphere|p2a: Kingambit\n|-supereffective|p2a: Kingambit\n|-damage|p2a: Kingambit|29/100\n|\n|-weather|none\n|upkeep\n|turn|6\n|\n|t:|1771226962\n|move|p1a: Latias|Roost|p1a: Latias\n|-heal|p1a: Latias|84/100\n|-singleturn|p1a: Latias|move: Roost\n|move|p2a: Kingambit|Pursuit|p1a: Latias\n|-supereffective|p1a: Latias\n|-damage|p1a: Latias|44/100\n|\n|upkeep\n|turn|7\n|\n|t:|1771226966\n|move|p2a: Kingambit|Sucker Punch||[still]\n|-fail|p2a: Kingambit\n|move|p1a: Latias|Roost|p1a: Latias\n|-heal|p1a: Latias|94/100\n|-singleturn|p1a: Latias|move: Roost\n|\n|upkeep\n|turn|8\n|\n|t:|1771226971\n|-end|p2a: Kingambit|fallenundefined|[silent]\n|switch|p2a: Landorus|Landorus-Therian, M|100/100\n|-ability|p2a: Landorus|Intimidate|boost\n|-unboost|p1a: Latias|atk|1\n|move|p1a: Latias|Aura Sphere|p2a: Landorus\n|-resisted|p2a: Landorus\n|-damage|p2a: Landorus|89/100\n|\n|-heal|p2a: Landorus|95/100|[from] item: Leftovers\n|upkeep\n|turn|9\n|\n|t:|1771226975\n|switch|p1a: Corviknight|Corviknight, M|100/100\n|-ability|p1a: Corviknight|Pressure\n|move|p2a: Landorus|U-turn|p1a: Corviknight\n|-resisted|p1a: Corviknight\n|-damage|p1a: Corviknight|98/100\n|-damage|p2a: Landorus|79/100|[from] item: Rocky Helmet|[of] p1a: Corviknight\n|\n|t:|1771226978\n|switch|p2a: Raging Bolt|Raging Bolt|100/100|[from] U-turn\n|\n|upkeep\n|turn|10\n|\n|t:|1771226981\n|switch|p1a: Ting-Lu|Ting-Lu|72/100\n|-ability|p1a: Ting-Lu|Vessel of Ruin\n|move|p2a: Raging Bolt|Draco Meteor|p1a: Ting-Lu\n|-damage|p1a: Ting-Lu|22/100\n|-unboost|p2a: Raging Bolt|spa|2\n|\n|-heal|p1a: Ting-Lu|28/100|[from] item: Leftovers\n|upkeep\n|turn|11\n|\n|t:|1771226985\n|move|p2a: Raging Bolt|Draco Meteor|p1a: Ting-Lu\n|-damage|p1a: Ting-Lu|4/100\n|-unboost|p2a: Raging Bolt|spa|2\n|move|p1a: Ting-Lu|Stealth Rock|p2a: Raging Bolt\n|-sidestart|p2: ducforlife|move: Stealth Rock\n|\n|-heal|p1a: Ting-Lu|11/100|[from] item: Leftovers\n|upkeep\n|turn|12\n|\n|t:|1771226989\n|-end|p2a: Raging Bolt|Protosynthesis|[silent]\n|switch|p2a: Great Tusk|Great Tusk|100/100\n|-damage|p2a: Great Tusk|98/100|[from] Stealth Rock\n|switch|p1a: Corviknight|Corviknight, M|98/100\n|-ability|p1a: Corviknight|Pressure\n|\n|upkeep\n|turn|13\n|\n|t:|1771226993\n|-end|p2a: Great Tusk|Protosynthesis|[silent]\n|switch|p2a: Raging Bolt|Raging Bolt|100/100\n|-damage|p2a: Raging Bolt|88/100|[from] Stealth Rock\n|move|p1a: Corviknight|Iron Defense|p1a: Corviknight\n|-boost|p1a: Corviknight|def|2\n|\n|upkeep\n|turn|14\n|\n|t:|1771226996\n|switch|p1a: Ting-Lu|Ting-Lu|11/100\n|-ability|p1a: Ting-Lu|Vessel of Ruin\n|move|p2a: Raging Bolt|Volt Switch|p1a: Ting-Lu\n|-immune|p1a: Ting-Lu\n|\n|-heal|p1a: Ting-Lu|17/100|[from] item: Leftovers\n|upkeep\n|turn|15\n|\n|t:|1771227003\n|-end|p2a: Raging Bolt|Protosynthesis|[silent]\n|switch|p2a: Landorus|Landorus-Therian, M|79/100\n|-damage|p2a: Landorus|66/100|[from] Stealth Rock\n|-ability|p2a: Landorus|Intimidate|boost\n|-unboost|p1a: Ting-Lu|atk|1\n|move|p1a: Ting-Lu|Whirlwind|p2a: Landorus\n|drag|p2a: Raging Bolt|Raging Bolt|88/100\n|-damage|p2a: Raging Bolt|76/100|[from] Stealth Rock\n|\n|-heal|p1a: Ting-Lu|23/100|[from] item: Leftovers\n|upkeep\n|turn|16\n|\n|t:|1771227007\n|switch|p1a: Corviknight|Corviknight, M|98/100\n|-ability|p1a: Corviknight|Pressure\n|move|p2a: Raging Bolt|Draco Meteor|p1a: Corviknight\n|-resisted|p1a: Corviknight\n|-damage|p1a: Corviknight|42/100\n|-unboost|p2a: Raging Bolt|spa|2\n|\n|upkeep\n|turn|17\n|\n|t:|1771227011\n|-end|p2a: Raging Bolt|Protosynthesis|[silent]\n|switch|p2a: Landorus|Landorus-Therian, M|66/100\n|-damage|p2a: Landorus|54/100|[from] Stealth Rock\n|-ability|p2a: Landorus|Intimidate|boost\n|-unboost|p1a: Corviknight|atk|1\n|move|p1a: Corviknight|Roost|p1a: Corviknight\n|-heal|p1a: Corviknight|92/100\n|-singleturn|p1a: Corviknight|move: Roost\n|\n|-heal|p2a: Landorus|60/100|[from] item: Leftovers\n|upkeep\n|turn|18\n|\n|t:|1771227013\n|move|p2a: Landorus|Defog|p1a: Corviknight\n|-unboost|p1a: Corviknight|evasion|1\n|-sideend|p2: ducforlife|Stealth Rock|[from] move: Defog|[of] p2a: Landorus\n|move|p1a: Corviknight|U-turn|p2a: Landorus\n|-resisted|p2a: Landorus\n|-damage|p2a: Landorus|57/100\n|\n|t:|1771227017\n|switch|p1a: Ogerpon|Ogerpon-Wellspring, F|100/100|[from] U-turn\n|\n|-heal|p2a: Landorus|63/100|[from] item: Leftovers\n|upkeep\n|turn|19\n|\n|t:|1771227029\n|switch|p2a: Rillaboom|Rillaboom, F|100/100\n|-fieldstart|move: Grassy Terrain|[from] ability: Grassy Surge|[of] p2a: Rillaboom\n|move|p1a: Ogerpon|Ivy Cudgel|p2a: Rillaboom|[anim] Ivy Cudgel Water\n|-resisted|p2a: Rillaboom\n|-damage|p2a: Rillaboom|68/100\n|\n|-heal|p2a: Rillaboom|74/100|[from] Grassy Terrain\n|upkeep\n|turn|20\n|\n|t:|1771227034\n|switch|p1a: Corviknight|Corviknight, M|92/100\n|-ability|p1a: Corviknight|Pressure\n|move|p2a: Rillaboom|U-turn|p1a: Corviknight\n|-resisted|p1a: Corviknight\n|-damage|p1a: Corviknight|87/100\n|-damage|p2a: Rillaboom|58/100|[from] item: Rocky Helmet|[of] p1a: Corviknight\n|\n|t:|1771227039\n|switch|p2a: Charizard|Charizard-Mega-Y, F|87/100|[from] U-turn\n|-weather|SunnyDay|[from] ability: Drought|[of] p2a: Charizard\n|\n|-weather|SunnyDay|[upkeep]\n|upkeep\n|turn|21\n|\n|t:|1771227044\n|switch|p1a: Latias|Latias-Mega, F|94/100\n|move|p2a: Charizard|Weather Ball|p1a: Latias\n|-resisted|p1a: Latias\n|-damage|p1a: Latias|61/100\n|\n|-weather|SunnyDay|[upkeep]\n|upkeep\n|turn|22\n|\n|t:|1771227050\n|switch|p2a: Landorus|Landorus-Therian, M|63/100\n|-ability|p2a: Landorus|Intimidate|boost\n|-unboost|p1a: Latias|atk|1\n|move|p1a: Latias|Psychic|p2a: Landorus\n|-damage|p2a: Landorus|23/100\n|\n|-weather|SunnyDay|[upkeep]\n|-heal|p2a: Landorus|29/100|[from] item: Leftovers\n|upkeep\n|turn|23\n|\n|t:|1771227053\n|move|p1a: Latias|Roost|p1a: Latias\n|-heal|p1a: Latias|100/100\n|-singleturn|p1a: Latias|move: Roost\n|move|p2a: Landorus|U-turn|p1a: Latias\n|-supereffective|p1a: Latias\n|-damage|p1a: Latias|68/100\n|\n|t:|1771227059\n|switch|p2a: Great Tusk|Great Tusk|98/100|[from] U-turn\n|-activate|p2a: Great Tusk|ability: Protosynthesis\n|-start|p2a: Great Tusk|protosynthesisspe\n|\n|-weather|SunnyDay|[upkeep]\n|-heal|p2a: Great Tusk|100/100|[from] Grassy Terrain\n|-fieldend|move: Grassy Terrain\n|upkeep\n|turn|24\n|\n|t:|1771227064\n|move|p2a: Great Tusk|Head Smash|p1a: Latias\n|-damage|p1a: Latias|17/100\n|-damage|p2a: Great Tusk|79/100|[from] Recoil\n|move|p1a: Latias|Psychic|p2a: Great Tusk\n|-supereffective|p2a: Great Tusk\n|-damage|p2a: Great Tusk|0 fnt\n|faint|p2a: Great Tusk\n|-end|p2a: Great Tusk|Protosynthesis|[silent]\n|\n|-weather|none\n|upkeep\n|\n|t:|1771227068\n|switch|p2a: Kingambit|Kingambit, M|29/100\n|-activate|p2a: Kingambit|ability: Supreme Overlord\n|-start|p2a: Kingambit|fallen1|[silent]\n|turn|25\n|\n|t:|1771227070\n|move|p1a: Latias|Aura Sphere|p2a: Kingambit\n|-supereffective|p2a: Kingambit\n|-damage|p2a: Kingambit|0 fnt\n|faint|p2a: Kingambit\n|-end|p2a: Kingambit|fallen1|[silent]\n|\n|upkeep\n|\n|t:|1771227074\n|switch|p2a: Rillaboom|Rillaboom, F|58/100\n|-fieldstart|move: Grassy Terrain|[from] ability: Grassy Surge|[of] p2a: Rillaboom\n|turn|26\n|\n|t:|1771227077\n|switch|p1a: Corviknight|Corviknight, M|87/100\n|-ability|p1a: Corviknight|Pressure\n|move|p2a: Rillaboom|Grassy Glide|p1a: Corviknight\n|-resisted|p1a: Corviknight\n|-damage|p1a: Corviknight|78/100\n|-damage|p2a: Rillaboom|41/100|[from] item: Rocky Helmet|[of] p1a: Corviknight\n|\n|-heal|p2a: Rillaboom|47/100|[from] Grassy Terrain\n|upkeep\n|turn|27\n|\n|t:|1771227079\n|switch|p2a: Raging Bolt|Raging Bolt|76/100\n|move|p1a: Corviknight|U-turn|p2a: Raging Bolt\n|-damage|p2a: Raging Bolt|65/100\n|\n|t:|1771227082\n|switch|p1a: Ting-Lu|Ting-Lu|23/100|[from] U-turn\n|-ability|p1a: Ting-Lu|Vessel of Ruin\n|\n|-heal|p2a: Raging Bolt|71/100|[from] Grassy Terrain\n|-heal|p1a: Ting-Lu|29/100|[from] Grassy Terrain\n|-heal|p1a: Ting-Lu|36/100|[from] item: Leftovers\n|upkeep\n|turn|28\n|\n|t:|1771227085\n|switch|p1a: Weezing|Weezing-Galar, M|100/100\n|-ability|p1a: Weezing|Neutralizing Gas\n|move|p2a: Raging Bolt|Draco Meteor|p1a: Weezing\n|-immune|p1a: Weezing\n|\n|-heal|p2a: Raging Bolt|77/100|[from] Grassy Terrain\n|upkeep\n|turn|29\n|\n|t:|1771227088\n|-end|p2a: Raging Bolt|Protosynthesis|[silent]\n|switch|p2a: Charizard|Charizard-Mega-Y, F|87/100\n|move|p1a: Weezing|Will-O-Wisp|p2a: Charizard\n|-immune|p2a: Charizard\n|\n|upkeep\n|turn|30\n|\n|t:|1771227095\n|switch|p2a: Landorus|Landorus-Therian, M|29/100\n|-end|p1a: Weezing|ability: Neutralizing Gas\n|-ability|p2a: Landorus|Intimidate|boost\n|-unboost|p1a: Weezing|atk|1\n|switch|p1a: Ting-Lu|Ting-Lu|36/100\n|-ability|p1a: Ting-Lu|Vessel of Ruin\n|\n|-heal|p2a: Landorus|35/100|[from] item: Leftovers\n|-heal|p1a: Ting-Lu|42/100|[from] Grassy Terrain\n|-heal|p1a: Ting-Lu|48/100|[from] item: Leftovers\n|-fieldend|move: Grassy Terrain\n|upkeep\n|turn|31\n|\n|t:|1771227101\n|switch|p1a: Corviknight|Corviknight, M|78/100\n|-ability|p1a: Corviknight|Pressure\n|move|p2a: Landorus|Stealth Rock|p1a: Corviknight\n|-sidestart|p1: webeefin|move: Stealth Rock\n|\n|-heal|p2a: Landorus|41/100|[from] item: Leftovers\n|upkeep\n|turn|32\n|\n|t:|1771227106\n|switch|p2a: Charizard|Charizard-Mega-Y, F|87/100\n|-weather|SunnyDay|[from] ability: Drought|[of] p2a: Charizard\n|move|p1a: Corviknight|U-turn|p2a: Charizard\n|-resisted|p2a: Charizard\n|-damage|p2a: Charizard|82/100\n|\n|t:|1771227108\n|switch|p1a: Latias|Latias-Mega, F|17/100|[from] U-turn\n|-damage|p1a: Latias|4/100|[from] Stealth Rock\n|\n|-weather|SunnyDay|[upkeep]\n|upkeep\n|turn|33\n|\n|t:|1771227111\n|move|p1a: Latias|Roost|p1a: Latias\n|-heal|p1a: Latias|54/100\n|-singleturn|p1a: Latias|move: Roost\n|move|p2a: Charizard|Weather Ball|p1a: Latias\n|-resisted|p1a: Latias\n|-damage|p1a: Latias|26/100\n|\n|-weather|SunnyDay|[upkeep]\n|upkeep\n|turn|34\n|\n|t:|1771227120\n|switch|p2a: Rillaboom|Rillaboom, F|47/100\n|-fieldstart|move: Grassy Terrain|[from] ability: Grassy Surge|[of] p2a: Rillaboom\n|move|p1a: Latias|Roost|p1a: Latias\n|-heal|p1a: Latias|76/100\n|-singleturn|p1a: Latias|move: Roost\n|\n|-weather|SunnyDay|[upkeep]\n|-heal|p2a: Rillaboom|54/100|[from] Grassy Terrain\n|upkeep\n|turn|35\n|\n|t:|1771227123\n|move|p1a: Latias|Calm Mind|p1a: Latias\n|-boost|p1a: Latias|spa|1\n|-boost|p1a: Latias|spd|1\n|move|p2a: Rillaboom|Knock Off|p1a: Latias\n|-supereffective|p1a: Latias\n|-damage|p1a: Latias|25/100\n|\n|-weather|SunnyDay|[upkeep]\n|-heal|p2a: Rillaboom|60/100|[from] Grassy Terrain\n|upkeep\n|turn|36\n|\n|t:|1771227128\n|move|p1a: Latias|Roost|p1a: Latias\n|-heal|p1a: Latias|75/100\n|-singleturn|p1a: Latias|move: Roost\n|move|p2a: Rillaboom|Knock Off|p1a: Latias\n|-supereffective|p1a: Latias\n|-damage|p1a: Latias|22/100\n|\n|-weather|none\n|-heal|p2a: Rillaboom|66/100|[from] Grassy Terrain\n|upkeep\n|turn|37\n|\n|t:|1771227130\n|move|p1a: Latias|Psychic|p2a: Rillaboom\n|-damage|p2a: Rillaboom|0 fnt\n|faint|p2a: Rillaboom\n|\n|upkeep\n|\n|t:|1771227133\n|switch|p2a: Landorus|Landorus-Therian, M|41/100\n|-ability|p2a: Landorus|Intimidate|boost\n|-unboost|p1a: Latias|atk|1\n|turn|38\n|\n|t:|1771227136\n|move|p1a: Latias|Psychic|p2a: Landorus\n|-damage|p2a: Landorus|0 fnt\n|faint|p2a: Landorus\n|\n|-fieldend|move: Grassy Terrain\n|upkeep\n|\n|t:|1771227140\n|switch|p2a: Raging Bolt|Raging Bolt|77/100\n|turn|39\n|\n|t:|1771227144\n|switch|p1a: Corviknight|Corviknight, M|78/100\n|-damage|p1a: Corviknight|66/100|[from] Stealth Rock\n|-ability|p1a: Corviknight|Pressure\n|move|p2a: Raging Bolt|Draco Meteor|p1a: Corviknight\n|-resisted|p1a: Corviknight\n|-damage|p1a: Corviknight|16/100\n|-unboost|p2a: Raging Bolt|spa|2\n|\n|upkeep\n|turn|40\n|\n|t:|1771227148\n|-end|p2a: Raging Bolt|Protosynthesis|[silent]\n|switch|p2a: Charizard|Charizard-Mega-Y, F|82/100\n|-weather|SunnyDay|[from] ability: Drought|[of] p2a: Charizard\n|switch|p1a: Weezing|Weezing-Galar, M|100/100\n|-ability|p1a: Weezing|Neutralizing Gas\n|\n|-weather|SunnyDay|[upkeep]\n|upkeep\n|turn|41\n|\n|t:|1771227152\n|move|p2a: Charizard|Weather Ball|p1a: Weezing\n|-damage|p1a: Weezing|0 fnt\n|faint|p1a: Weezing\n|-end|p1a: Weezing|ability: Neutralizing Gas\n|\n|-weather|SunnyDay|[upkeep]\n|upkeep\n|\n|t:|1771227157\n|switch|p1a: Zamazenta|Zamazenta|100/100\n|-damage|p1a: Zamazenta|94/100|[from] Stealth Rock\n|-ability|p1a: Zamazenta|Dauntless Shield|boost\n|-boost|p1a: Zamazenta|def|1\n|turn|42\n|\n|t:|1771227161\n|move|p1a: Zamazenta|Stone Edge|p2a: Charizard|[miss]\n|-miss|p1a: Zamazenta|p2a: Charizard\n|move|p2a: Charizard|Weather Ball|p1a: Zamazenta\n|-damage|p1a: Zamazenta|12/100\n|\n|-weather|SunnyDay|[upkeep]\n|upkeep\n|turn|43\n|\n|t:|1771227164\n|switch|p2a: Raging Bolt|Raging Bolt|77/100\n|-activate|p2a: Raging Bolt|ability: Protosynthesis\n|-start|p2a: Raging Bolt|protosynthesisspa\n|move|p1a: Zamazenta|Stone Edge|p2a: Raging Bolt\n|-damage|p2a: Raging Bolt|52/100\n|\n|-weather|SunnyDay|[upkeep]\n|upkeep\n|turn|44\n|\n|t:|1771227172\n|switch|p1a: Ting-Lu|Ting-Lu|48/100\n|-damage|p1a: Ting-Lu|42/100|[from] Stealth Rock\n|-ability|p1a: Ting-Lu|Vessel of Ruin\n|move|p2a: Raging Bolt|Thunderclap||[still]\n|-fail|p2a: Raging Bolt\n|\n|-weather|none\n|-end|p2a: Raging Bolt|Protosynthesis\n|-heal|p1a: Ting-Lu|48/100|[from] item: Leftovers\n|upkeep\n|turn|45\n|\n|t:|1771227177\n|-end|p2a: Raging Bolt|Protosynthesis|[silent]\n|switch|p2a: Charizard|Charizard-Mega-Y, F|82/100\n|-weather|SunnyDay|[from] ability: Drought|[of] p2a: Charizard\n|move|p1a: Ting-Lu|Stealth Rock|p2a: Charizard\n|-sidestart|p2: ducforlife|move: Stealth Rock\n|\n|-weather|SunnyDay|[upkeep]\n|-heal|p1a: Ting-Lu|54/100|[from] item: Leftovers\n|upkeep\n|turn|46\n|\n|t:|1771227187\n|move|p2a: Charizard|Weather Ball|p1a: Ting-Lu\n|-damage|p1a: Ting-Lu|17/100\n|move|p1a: Ting-Lu|Whirlwind|p2a: Charizard\n|drag|p2a: Raging Bolt|Raging Bolt|52/100\n|-damage|p2a: Raging Bolt|40/100|[from] Stealth Rock\n|-activate|p2a: Raging Bolt|ability: Protosynthesis\n|-start|p2a: Raging Bolt|protosynthesisspa\n|\n|-weather|SunnyDay|[upkeep]\n|-heal|p1a: Ting-Lu|24/100|[from] item: Leftovers\n|upkeep\n|turn|47\n|\n|t:|1771227193\n|switch|p1a: Corviknight|Corviknight, M|16/100\n|-damage|p1a: Corviknight|3/100|[from] Stealth Rock\n|-ability|p1a: Corviknight|Pressure\n|move|p2a: Raging Bolt|Weather Ball|p1a: Corviknight\n|-supereffective|p1a: Corviknight\n|-damage|p1a: Corviknight|0 fnt\n|faint|p1a: Corviknight\n|\n|-weather|SunnyDay|[upkeep]\n|upkeep\n|\n|t:|1771227199\n|switch|p1a: Latias|Latias-Mega, F|22/100\n|-damage|p1a: Latias|9/100|[from] Stealth Rock\n|turn|48\n|\n|t:|1771227203\n|move|p1a: Latias|Roost|p1a: Latias\n|-heal|p1a: Latias|59/100\n|-singleturn|p1a: Latias|move: Roost\n|move|p2a: Raging Bolt|Weather Ball|p1a: Latias\n|-resisted|p1a: Latias\n|-damage|p1a: Latias|19/100\n|\n|-weather|SunnyDay|[upkeep]\n|upkeep\n|turn|49\n|-message|ducforlife forfeited.\n|\n|win|webeefin\n|raw|webeefin's rating: 1496 &rarr; <strong>1518</strong><br />(+22 for winning)\n|raw|ducforlife's rating: 1539 &rarr; <strong>1517</strong><br />(-22 for losing)\n|l|☆ducforlife\n|player|p2|\n|l|☆webeefin\n|player|p1|\n", "uploadtime": 1771227512, "views": 9, "formatid": "gen9nationaldex", "rating": 1517, "private": 0, "password": null}