{"id": "gen9nationaldex-2540362825", "format": "[Gen 9] National Dex", "players": ["ezclapperez89", "78_900a"], "log": "|j|☆ezclapperez89\n|j|☆78_900a\n|t:|1771193076\n|gametype|singles\n|player|p1|ezclapperez89|1|1563\n|player|p2|78_900a|169|1479\n|gen|9\n|tier|[Gen 9] National Dex\n|rated|\n|rule|HP Percentage Mod: HP is shown in percentages\n|rule|Endless Battle Clause: Forcing endless battles is banned\n|rule|Species Clause: Limit one of each Pokémon\n|rule|OHKO Clause: OHKO moves are banned\n|rule|Evasion Clause: Evasion abilities, items, and moves are banned\n|rule|Evasion Abilities Clause: Evasion abilities are banned\n|rule|Evasion Items Clause: Evasion items are banned\n|rule|Evasion Moves Clause: Evasion moves are banned\n|rule|Sleep Clause Mod: Limit one foe put to sleep\n|rule|Terastal Clause: You cannot Terastallize\n|clearpoke\n|poke|p1|Rapidash-Galar, F|\n|poke|p1|Glastrier|\n|poke|p1|Mudsdale, F|\n|poke|p1|Zebstrika, M|\n|poke|p1|Keldeo-Resolute|\n|poke|p1|Cobalion|\n|poke|p2|Samurott-Hisui, M|\n|poke|p2|Diancie|\n|poke|p2|Landorus-Therian, M|\n|poke|p2|Urshifu-*, F|\n|poke|p2|Slowking-Galar, F|\n|poke|p2|Ferrothorn, F|\n|teampreview\n|inactive|Battle timer is ON: inactive players will automatically lose when time's up. (requested by ezclapperez89)\n|\n|t:|1771193095\n|teamsize|p1|6\n|teamsize|p2|6\n|start\n|switch|p1a: Cobalion|Cobalion|100/100\n|switch|p2a: Diancie|Diancie|100/100\n|turn|1\n|\n|t:|1771193107\n|detailschange|p2a: Diancie|Diancie-Mega\n|-mega|p2a: Diancie|Diancie|Diancite\n|move|p2a: Diancie|Earth Power|p1a: Cobalion\n|-supereffective|p1a: Cobalion\n|-damage|p1a: Cobalion|9/100\n|move|p1a: Cobalion|Rock Polish|p1a: Cobalion\n|-boost|p1a: Cobalion|spe|2\n|\n|upkeep\n|turn|2\n|\n|t:|1771193117\n|switch|p2a: Ferrothorn|Ferrothorn, F|100/100\n|move|p1a: Cobalion|Close Combat|p2a: Ferrothorn\n|-supereffective|p2a: Ferrothorn\n|-damage|p2a: Ferrothorn|36/100\n|-unboost|p1a: Cobalion|def|1\n|-unboost|p1a: Cobalion|spd|1\n|-damage|p1a: Cobalion|0 fnt|[from] ability: Iron Barbs|[of] p2a: Ferrothorn\n|faint|p1a: Cobalion\n|\n|-heal|p2a: Ferrothorn|42/100|[from] item: Leftovers\n|upkeep\n|\n|t:|1771193126\n|switch|p1a: Keldeo|Keldeo-Resolute|100/100\n|turn|3\n|\n|t:|1771193130\n|move|p1a: Keldeo|Surf|p2a: Ferrothorn\n|-resisted|p2a: Ferrothorn\n|-damage|p2a: Ferrothorn|16/100\n|move|p2a: Ferrothorn|Leech Seed|p1a: Keldeo\n|-start|p1a: Keldeo|move: Leech Seed\n|\n|-heal|p2a: Ferrothorn|22/100|[from] item: Leftovers\n|-damage|p1a: Keldeo|88/100|[from] Leech Seed|[of] p2a: Ferrothorn\n|-heal|p2a: Ferrothorn|33/100|[silent]\n|upkeep\n|turn|4\n|\n|t:|1771193135\n|move|p1a: Keldeo|Surf|p2a: Ferrothorn\n|-resisted|p2a: Ferrothorn\n|-damage|p2a: Ferrothorn|9/100\n|move|p2a: Ferrothorn|Stealth Rock|p1a: Keldeo\n|-sidestart|p1: ezclapperez89|move: Stealth Rock\n|\n|-heal|p2a: Ferrothorn|15/100|[from] item: Leftovers\n|-damage|p1a: Keldeo|76/100|[from] Leech Seed|[of] p2a: Ferrothorn\n|-heal|p2a: Ferrothorn|27/100|[silent]\n|upkeep\n|turn|5\n|\n|t:|1771193139\n|move|p1a: Keldeo|Surf|p2a: Ferrothorn\n|-resisted|p2a: Ferrothorn\n|-damage|p2a: Ferrothorn|1/100\n|move|p2a: Ferrothorn|Power Whip|p1a: Keldeo\n|-supereffective|p1a: Keldeo\n|-damage|p1a: Keldeo|0 fnt\n|faint|p1a: Keldeo\n|\n|-heal|p2a: Ferrothorn|7/100|[from] item: Leftovers\n|upkeep\n|\n|t:|1771193148\n|switch|p1a: Zebstrika|Zebstrika, M|100/100\n|-damage|p1a: Zebstrika|88/100|[from] Stealth Rock\n|turn|6\n|\n|t:|1771193153\n|move|p1a: Zebstrika|Pursuit|p2a: Ferrothorn\n|-damage|p2a: Ferrothorn|0 fnt\n|-damage|p1a: Zebstrika|76/100|[from] ability: Iron Barbs|[of] p2a: Ferrothorn\n|faint|p2a: Ferrothorn\n|\n|upkeep\n|\n|t:|1771193160\n|switch|p2a: Diancie|Diancie-Mega|100/100\n|turn|7\n|\n|t:|1771193166\n|move|p1a: Zebstrika|Pursuit|p2a: Diancie\n|-resisted|p2a: Diancie\n|-damage|p2a: Diancie|93/100\n|move|p2a: Diancie|Diamond Storm|p1a: Zebstrika\n|-damage|p1a: Zebstrika|0 fnt\n|-boost|p2a: Diancie|def|2\n|faint|p1a: Zebstrika\n|\n|upkeep\n|\n|t:|1771193176\n|switch|p1a: Rapidash|Rapidash-Galar, F|100/100\n|-damage|p1a: Rapidash|88/100|[from] Stealth Rock\n|turn|8\n|\n|t:|1771193181\n|move|p2a: Diancie|Earth Power|p1a: Rapidash\n|-damage|p1a: Rapidash|40/100\n|move|p1a: Rapidash|Trick Room|p1a: Rapidash\n|-fieldstart|move: Trick Room|[of] p1a: Rapidash\n|\n|upkeep\n|turn|9\n|\n|t:|1771193187\n|move|p1a: Rapidash|Healing Wish|p1a: Rapidash\n|faint|p1a: Rapidash\n|move|p2a: Diancie|Diamond Storm|p1: Rapidash|[notarget]\n|-fail|p2a: Diancie\n|\n|upkeep\n|\n|t:|1771193189\n|switch|p1a: Glastrier|Glastrier|100/100\n|-damage|p1a: Glastrier|75/100|[from] Stealth Rock\n|turn|10\n|\n|t:|1771193196\n|move|p1a: Glastrier|High Horsepower|p2a: Diancie\n|-supereffective|p2a: Diancie\n|-damage|p2a: Diancie|2/100\n|move|p2a: Diancie|Mystical Fire|p1a: Glastrier\n|-supereffective|p1a: Glastrier\n|-damage|p1a: Glastrier|27/100\n|-unboost|p1a: Glastrier|spa|1\n|\n|upkeep\n|turn|11\n|\n|t:|1771193205\n|move|p1a: Glastrier|High Horsepower|p2a: Diancie\n|-supereffective|p2a: Diancie\n|-damage|p2a: Diancie|0 fnt\n|faint|p2a: Diancie\n|detailschange|p2: Diancie|Diancie|[silent]\n|-ability|p1a: Glastrier|Chilling Neigh|boost\n|-boost|p1a: Glastrier|atk|1\n|\n|upkeep\n|\n|t:|1771193212\n|switch|p2a: Landorus|Landorus-Therian, M|100/100\n|-ability|p2a: Landorus|Intimidate|boost\n|-unboost|p1a: Glastrier|atk|1\n|turn|12\n|\n|t:|1771193219\n|switch|p1a: Mudsdale|Mudsdale, F|100/100\n|-damage|p1a: Mudsdale|94/100|[from] Stealth Rock\n|move|p2a: Landorus|Earthquake|p1a: Mudsdale\n|-damage|p1a: Mudsdale|57/100\n|-ability|p1a: Mudsdale|Stamina|boost\n|-boost|p1a: Mudsdale|def|1\n|\n|-fieldend|move: Trick Room\n|upkeep\n|turn|13\n|\n|t:|1771193225\n|move|p2a: Landorus|U-turn|p1a: Mudsdale\n|-damage|p1a: Mudsdale|47/100\n|-ability|p1a: Mudsdale|Stamina|boost\n|-boost|p1a: Mudsdale|def|1\n|\n|t:|1771193227\n|switch|p2a: Samurott|Samurott-Hisui, M|100/100|[from] U-turn\n|move|p1a: Mudsdale|Iron Defense|p1a: Mudsdale\n|-boost|p1a: Mudsdale|def|2\n|\n|upkeep\n|turn|14\n|\n|t:|1771193238\n|move|p2a: Samurott|Razor Shell|p1a: Mudsdale\n|-supereffective|p1a: Mudsdale\n|-damage|p1a: Mudsdale|21/100\n|-unboost|p1a: Mudsdale|def|1\n|-ability|p1a: Mudsdale|Stamina|boost\n|-boost|p1a: Mudsdale|def|1\n|move|p1a: Mudsdale|Rest|p1a: Mudsdale\n|-status|p1a: Mudsdale|slp|[from] move: Rest\n|-heal|p1a: Mudsdale|100/100 slp|[silent]\n|\n|upkeep\n|turn|15\n|\n|t:|1771193242\n|move|p2a: Samurott|Swords Dance|p2a: Samurott\n|-boost|p2a: Samurott|atk|2\n|cant|p1a: Mudsdale|slp\n|\n|upkeep\n|turn|16\n|\n|t:|1771193245\n|move|p2a: Samurott|Swords Dance|p2a: Samurott\n|-boost|p2a: Samurott|atk|2\n|cant|p1a: Mudsdale|slp\n|move|p1a: Mudsdale|Sleep Talk|p1a: Mudsdale\n|move|p1a: Mudsdale|Body Press|p2a: Samurott|[from] move: Sleep Talk\n|-supereffective|p2a: Samurott\n|-damage|p2a: Samurott|0 fnt\n|faint|p2a: Samurott\n|\n|upkeep\n|\n|t:|1771193249\n|switch|p2a: Urshifu|Urshifu-Rapid-Strike, F|100/100\n|turn|17\n|\n|t:|1771193254\n|move|p2a: Urshifu|Surging Strikes|p1a: Mudsdale\n|-supereffective|p1a: Mudsdale\n|-crit|p1a: Mudsdale\n|-damage|p1a: Mudsdale|74/100 slp\n|-ability|p1a: Mudsdale|Stamina|boost\n|-boost|p1a: Mudsdale|def|1\n|-supereffective|p1a: Mudsdale\n|-crit|p1a: Mudsdale\n|-damage|p1a: Mudsdale|48/100 slp\n|-ability|p1a: Mudsdale|Stamina|boost\n|-boost|p1a: Mudsdale|def|1\n|-supereffective|p1a: Mudsdale\n|-crit|p1a: Mudsdale\n|-damage|p1a: Mudsdale|21/100 slp\n|-hitcount|p1a: Mudsdale|3\n|-curestatus|p1a: Mudsdale|slp|[msg]\n|move|p1a: Mudsdale|Sleep Talk||[still]\n|-fail|p1a: Mudsdale\n|\n|upkeep\n|turn|18\n|-message|ezclapperez89 forfeited.\n|\n|win|78_900a\n|raw|ezclapperez89's rating: 1563 &rarr; <strong>1538</strong><br />(-25 for losing)\n|raw|78_900a's rating: 1479 &rarr; <strong>1504</strong><br />(+25 for winning)\n|l|☆ezclapperez89\n|player|p1|\n|l|☆78_900a\n|player|p2|\n", "uploadtime": 1771193265, "views": 13, "formatid": "gen9nationaldex", "rating": 1504, "private": 0, "password": null}