{"id": "gen9nationaldex-2540585657", "format": "[Gen 9] National Dex", "players": ["Az4k4", "ezclapperez89"], "log": "|j|☆Az4k4\n|j|☆ezclapperez89\n|t:|1771222240\n|gametype|singles\n|player|p1|Az4k4|n|1563\n|player|p2|ezclapperez89|1|1495\n|gen|9\n|tier|[Gen 9] National Dex\n|rated|\n|rule|HP Percentage Mod: HP is shown in percentages\n|rule|Endless Battle Clause: Forcing endless battles is banned\n|rule|Species Clause: Limit one of each Pokémon\n|rule|OHKO Clause: OHKO moves are banned\n|rule|Evasion Clause: Evasion abilities, items, and moves are banned\n|rule|Evasion Abilities Clause: Evasion abilities are banned\n|rule|Evasion Items Clause: Evasion items are banned\n|rule|Evasion Moves Clause: Evasion moves are banned\n|rule|Sleep Clause Mod: Limit one foe put to sleep\n|rule|Terastal Clause: You cannot Terastallize\n|clearpoke\n|poke|p1|Moltres|\n|poke|p1|Great Tusk|\n|poke|p1|Ferrothorn, M|\n|poke|p1|Altaria, F|\n|poke|p1|Greninja-*, M|\n|poke|p1|Hoopa-Unbound|\n|poke|p2|Grimmsnarl, M|\n|poke|p2|Volcarona, F|\n|poke|p2|Garchomp, F|\n|poke|p2|Maushold|\n|poke|p2|Iron Valiant|\n|poke|p2|Gyarados, F|\n|teampreview\n|inactive|Battle timer is ON: inactive players will automatically lose when time's up. (requested by ezclapperez89)\n|\n|t:|1771222246\n|teamsize|p1|6\n|teamsize|p2|6\n|start\n|switch|p1a: Ferrothorn|Ferrothorn, M|100/100\n|switch|p2a: Grimmsnarl|Grimmsnarl, M|100/100\n|turn|1\n|\n|t:|1771222257\n|move|p2a: Grimmsnarl|Parting Shot|p1a: Ferrothorn\n|-unboost|p1a: Ferrothorn|atk|1\n|-unboost|p1a: Ferrothorn|spa|1\n|\n|t:|1771222259\n|switch|p2a: Volcarona|Volcarona, F|100/100|[from] Parting Shot\n|move|p1a: Ferrothorn|Iron Head|p2a: Volcarona\n|-resisted|p2a: Volcarona\n|-damage|p2a: Volcarona|90/100\n|\n|upkeep\n|turn|2\n|\n|t:|1771222269\n|switch|p1a: Altaria|Altaria, F|100/100\n|-ability|p1a: Altaria|Cloud Nine\n|move|p2a: Volcarona|Substitute|p2a: Volcarona\n|-start|p2a: Volcarona|Substitute\n|-damage|p2a: Volcarona|65/100\n|\n|upkeep\n|turn|3\n|\n|t:|1771222276\n|detailschange|p1a: Altaria|Altaria-Mega, F\n|-mega|p1a: Altaria|Altaria|Altarianite\n|move|p2a: Volcarona|Quiver Dance|p2a: Volcarona\n|-boost|p2a: Volcarona|spa|1\n|-boost|p2a: Volcarona|spd|1\n|-boost|p2a: Volcarona|spe|1\n|move|p1a: Altaria|Hyper Voice|p2a: Volcarona\n|-resisted|p2a: Volcarona\n|-damage|p2a: Volcarona|50/100\n|\n|upkeep\n|turn|4\n|\n|t:|1771222281\n|move|p2a: Volcarona|Quiver Dance|p2a: Volcarona\n|-boost|p2a: Volcarona|spa|1\n|-boost|p2a: Volcarona|spd|1\n|-boost|p2a: Volcarona|spe|1\n|move|p1a: Altaria|Hyper Voice|p2a: Volcarona\n|-resisted|p2a: Volcarona\n|-damage|p2a: Volcarona|38/100\n|\n|upkeep\n|turn|5\n|\n|t:|1771222284\n|move|p2a: Volcarona|Quiver Dance|p2a: Volcarona\n|-boost|p2a: Volcarona|spa|1\n|-boost|p2a: Volcarona|spd|1\n|-boost|p2a: Volcarona|spe|1\n|move|p1a: Altaria|Hyper Voice|p2a: Volcarona\n|-resisted|p2a: Volcarona\n|-damage|p2a: Volcarona|28/100\n|\n|upkeep\n|turn|6\n|\n|t:|1771222287\n|move|p2a: Volcarona|Quiver Dance|p2a: Volcarona\n|-boost|p2a: Volcarona|spa|1\n|-boost|p2a: Volcarona|spd|1\n|-boost|p2a: Volcarona|spe|1\n|move|p1a: Altaria|Hyper Voice|p2a: Volcarona\n|-resisted|p2a: Volcarona\n|-damage|p2a: Volcarona|20/100\n|\n|upkeep\n|turn|7\n|\n|t:|1771222294\n|-zpower|p2a: Volcarona\n|move|p2a: Volcarona|Savage Spin-Out|p1a: Altaria|[zeffect]\n|-resisted|p1a: Altaria\n|-damage|p1a: Altaria|0 fnt\n|faint|p1a: Altaria\n|detailschange|p1: Altaria|Altaria, F|[silent]\n|\n|upkeep\n|-message|Az4k4 forfeited.\n|\n|win|ezclapperez89\n|raw|Az4k4's rating: 1563 &rarr; <strong>1539</strong><br />(-24 for losing)\n|raw|ezclapperez89's rating: 1495 &rarr; <strong>1519</strong><br />(+24 for winning)\n|l|☆Az4k4\n|player|p1|\n|l|☆ezclapperez89\n|player|p2|\n", "uploadtime": 1771222307, "views": 7, "formatid": "gen9nationaldex", "rating": 1519, "private": 0, "password": null}