{"id": "gen9nationaldex-2540903426", "format": "[Gen 9] National Dex", "players": ["pat25", "jerseyiteMa"], "log": "|j|☆pat25\n|j|☆jerseyiteMa\n|t:|1771265626\n|gametype|singles\n|player|p1|pat25|ghetsis|1617\n|player|p2|jerseyiteMa|shelly|1577\n|gen|9\n|tier|[Gen 9] National Dex\n|rated|\n|rule|HP Percentage Mod: HP is shown in percentages\n|rule|Endless Battle Clause: Forcing endless battles is banned\n|rule|Species Clause: Limit one of each Pokémon\n|rule|OHKO Clause: OHKO moves are banned\n|rule|Evasion Clause: Evasion abilities, items, and moves are banned\n|rule|Evasion Abilities Clause: Evasion abilities are banned\n|rule|Evasion Items Clause: Evasion items are banned\n|rule|Evasion Moves Clause: Evasion moves are banned\n|rule|Sleep Clause Mod: Limit one foe put to sleep\n|rule|Terastal Clause: You cannot Terastallize\n|clearpoke\n|poke|p1|Sceptile, M|\n|poke|p1|Arctovish|\n|poke|p1|Pecharunt|\n|poke|p1|Hydreigon, M|\n|poke|p1|Slowking-Galar, M|\n|poke|p1|Cetitan, M|\n|poke|p2|Mawile, F|\n|poke|p2|Zapdos|\n|poke|p2|Ting-Lu|\n|poke|p2|Alomomola, M|\n|poke|p2|Gholdengo|\n|poke|p2|Buzzwole|\n|teampreview\n|inactive|Battle timer is ON: inactive players will automatically lose when time's up. (requested by pat25)\n|\n|t:|1771265640\n|teamsize|p1|6\n|teamsize|p2|6\n|start\n|switch|p1a: Sceptile|Sceptile, M|100/100\n|switch|p2a: Mawile|Mawile, F|100/100\n|-ability|p2a: Mawile|Intimidate|boost\n|-unboost|p1a: Sceptile|atk|1\n|turn|1\n|\n|t:|1771265650\n|switch|p1a: Pecharunt|Pecharunt|100/100\n|detailschange|p2a: Mawile|Mawile-Mega, F\n|-mega|p2a: Mawile|Mawile|Mawilite\n|move|p2a: Mawile|Swords Dance|p2a: Mawile\n|-boost|p2a: Mawile|atk|2\n|\n|upkeep\n|turn|2\n|\n|t:|1771265663\n|move|p1a: Pecharunt|Parting Shot|p2a: Mawile\n|-unboost|p2a: Mawile|atk|1\n|-unboost|p2a: Mawile|spa|1\n|\n|t:|1771265665\n|switch|p1a: Hydreigon|Hydreigon, M|100/100|[from] Parting Shot\n|move|p2a: Mawile|Swords Dance|p2a: Mawile\n|-boost|p2a: Mawile|atk|2\n|\n|upkeep\n|turn|3\n|\n|t:|1771265676\n|switch|p1a: Pecharunt|Pecharunt|100/100\n|switch|p2a: Alomomola|Alomomola, M|100/100\n|\n|upkeep\n|turn|4\n|\n|t:|1771265682\n|switch|p2a: Mawile|Mawile-Mega, F|100/100\n|move|p1a: Pecharunt|Malignant Chain|p2a: Mawile\n|-immune|p2a: Mawile\n|\n|upkeep\n|turn|5\n|\n|t:|1771265686\n|move|p1a: Pecharunt|Parting Shot|p2a: Mawile\n|-unboost|p2a: Mawile|atk|1\n|-unboost|p2a: Mawile|spa|1\n|\n|t:|1771265689\n|switch|p1a: Hydreigon|Hydreigon, M|100/100|[from] Parting Shot\n|move|p2a: Mawile|Swords Dance|p2a: Mawile\n|-boost|p2a: Mawile|atk|2\n|\n|upkeep\n|turn|6\n|\n|t:|1771265696\n|switch|p2a: Alomomola|Alomomola, M|100/100\n|move|p1a: Hydreigon|U-turn|p2a: Alomomola\n|-damage|p2a: Alomomola|91/100\n|\n|t:|1771265700\n|switch|p1a: Arctovish|Arctovish|100/100|[from] U-turn\n|\n|upkeep\n|turn|7\n|\n|t:|1771265706\n|move|p1a: Arctovish|Substitute|p1a: Arctovish\n|-start|p1a: Arctovish|Substitute\n|-damage|p1a: Arctovish|76/100\n|move|p2a: Alomomola|Flip Turn|p1a: Arctovish\n|-resisted|p1a: Arctovish\n|-activate|p1a: Arctovish|move: Substitute|[damage]\n|\n|t:|1771265709\n|switch|p2a: Zapdos|Zapdos|100/100|[from] Flip Turn\n|\n|-heal|p1a: Arctovish|82/100|[from] item: Leftovers\n|upkeep\n|turn|8\n|\n|t:|1771265712\n|move|p2a: Zapdos|Volt Switch|p1a: Arctovish\n|-supereffective|p1a: Arctovish\n|-end|p1a: Arctovish|Substitute\n|\n|t:|1771265721\n|switch|p2a: Buzzwole|Buzzwole|100/100|[from] Volt Switch\n|move|p1a: Arctovish|Freeze-Dry|p2a: Buzzwole\n|-damage|p2a: Buzzwole|72/100\n|\n|-heal|p1a: Arctovish|88/100|[from] item: Leftovers\n|upkeep\n|turn|9\n|\n|t:|1771265728\n|switch|p2a: Mawile|Mawile-Mega, F|100/100\n|switch|p1a: Pecharunt|Pecharunt|100/100\n|\n|upkeep\n|turn|10\n|\n|t:|1771265734\n|move|p1a: Pecharunt|Parting Shot|p2a: Mawile\n|-unboost|p2a: Mawile|atk|1\n|-unboost|p2a: Mawile|spa|1\n|\n|t:|1771265740\n|switch|p1a: Hydreigon|Hydreigon, M|100/100|[from] Parting Shot\n|move|p2a: Mawile|Play Rough|p1a: Hydreigon\n|-supereffective|p1a: Hydreigon\n|-damage|p1a: Hydreigon|0 fnt\n|faint|p1a: Hydreigon\n|\n|upkeep\n|\n|t:|1771265751\n|switch|p1a: Slowking|Slowking-Galar, M|100/100\n|turn|11\n|\n|t:|1771265754\n|move|p2a: Mawile|Swords Dance|p2a: Mawile\n|-boost|p2a: Mawile|atk|2\n|-prepare|p1a: Slowking|Chilly Reception|[premajor]\n|move|p1a: Slowking|Chilly Reception|p1a: Slowking\n|-weather|Snowscape\n|\n|t:|1771265758\n|switch|p1a: Pecharunt|Pecharunt|100/100|[from] Chilly Reception\n|\n|-weather|Snowscape|[upkeep]\n|upkeep\n|turn|12\n|\n|t:|1771265762\n|move|p1a: Pecharunt|Curse|p2a: Mawile\n|-start|p2a: Mawile|Curse|[of] p1a: Pecharunt\n|-damage|p1a: Pecharunt|50/100\n|move|p2a: Mawile|Swords Dance|p2a: Mawile\n|-boost|p2a: Mawile|atk|2\n|\n|-weather|Snowscape|[upkeep]\n|-damage|p2a: Mawile|76/100|[from] Curse\n|upkeep\n|turn|13\n|\n|t:|1771265770\n|switch|p2a: Alomomola|Alomomola, M|100/100\n|move|p1a: Pecharunt|Recover|p1a: Pecharunt\n|-heal|p1a: Pecharunt|100/100\n|\n|-weather|Snowscape|[upkeep]\n|upkeep\n|turn|14\n|\n|t:|1771265775\n|switch|p1a: Sceptile|Sceptile, M|100/100\n|move|p2a: Alomomola|Wish|p2a: Alomomola\n|\n|-weather|Snowscape|[upkeep]\n|upkeep\n|turn|15\n|\n|t:|1771265784\n|switch|p2a: Mawile|Mawile-Mega, F|76/100\n|detailschange|p1a: Sceptile|Sceptile-Mega, M\n|-mega|p1a: Sceptile|Sceptile|Sceptilite\n|move|p1a: Sceptile|Work Up|p1a: Sceptile\n|-boost|p1a: Sceptile|atk|1\n|-boost|p1a: Sceptile|spa|1\n|\n|-weather|Snowscape|[upkeep]\n|-heal|p2a: Mawile|100/100|[from] move: Wish|[wisher] Alomomola\n|upkeep\n|turn|16\n|\n|t:|1771265790\n|switch|p1a: Pecharunt|Pecharunt|100/100\n|move|p2a: Mawile|Play Rough|p1a: Pecharunt\n|-resisted|p1a: Pecharunt\n|-damage|p1a: Pecharunt|80/100\n|-damage|p2a: Mawile|84/100|[from] item: Rocky Helmet|[of] p1a: Pecharunt\n|\n|-weather|Snowscape|[upkeep]\n|upkeep\n|turn|17\n|\n|t:|1771265799\n|switch|p1a: Arctovish|Arctovish|88/100\n|switch|p2a: Gholdengo|Gholdengo|100/100\n|\n|-weather|Snowscape|[upkeep]\n|-heal|p1a: Arctovish|94/100|[from] item: Leftovers\n|upkeep\n|turn|18\n|\n|t:|1771265811\n|switch|p2a: Alomomola|Alomomola, M|100/100\n|move|p1a: Arctovish|Substitute|p1a: Arctovish\n|-start|p1a: Arctovish|Substitute\n|-damage|p1a: Arctovish|69/100\n|\n|-weather|none\n|-heal|p1a: Arctovish|76/100|[from] item: Leftovers\n|upkeep\n|turn|19\n|\n|t:|1771265816\n|move|p1a: Arctovish|Hail|p1a: Arctovish\n|-weather|Hail\n|move|p2a: Alomomola|Flip Turn|p1a: Arctovish\n|-resisted|p1a: Arctovish\n|-activate|p1a: Arctovish|move: Substitute|[damage]\n|\n|t:|1771265826\n|switch|p2a: Buzzwole|Buzzwole|72/100|[from] Flip Turn\n|\n|-weather|Hail|[upkeep]\n|-damage|p2a: Buzzwole|66/100|[from] Hail\n|-heal|p1a: Arctovish|82/100|[from] item: Leftovers\n|upkeep\n|turn|20\n|\n|t:|1771265829\n|move|p2a: Buzzwole|Leech Life|p1a: Arctovish\n|-end|p1a: Arctovish|Substitute\n|-heal|p2a: Buzzwole|73/100|[from] drain|[of] p1a: Arctovish\n|move|p1a: Arctovish|Freeze-Dry|p2a: Buzzwole\n|-damage|p2a: Buzzwole|45/100\n|\n|-weather|Hail|[upkeep]\n|-damage|p2a: Buzzwole|39/100|[from] Hail\n|-heal|p1a: Arctovish|88/100|[from] item: Leftovers\n|upkeep\n|turn|21\n|c|☆jerseyiteMa|wait\n|c|☆jerseyiteMa|is this\n|c|☆jerseyiteMa|not slush rush\n|\n|t:|1771265854\n|move|p2a: Buzzwole|Leech Life|p1a: Arctovish\n|-damage|p1a: Arctovish|44/100\n|-heal|p2a: Buzzwole|59/100|[from] drain|[of] p1a: Arctovish\n|move|p1a: Arctovish|Substitute|p1a: Arctovish\n|-start|p1a: Arctovish|Substitute\n|-damage|p1a: Arctovish|19/100\n|\n|-weather|Hail|[upkeep]\n|-damage|p2a: Buzzwole|53/100|[from] Hail\n|-heal|p1a: Arctovish|25/100|[from] item: Leftovers\n|upkeep\n|turn|22\n|\n|t:|1771265860\n|move|p2a: Buzzwole|Leech Life|p1a: Arctovish\n|-end|p1a: Arctovish|Substitute\n|-heal|p2a: Buzzwole|64/100|[from] drain|[of] p1a: Arctovish\n|move|p1a: Arctovish|Freeze-Dry|p2a: Buzzwole\n|-damage|p2a: Buzzwole|33/100\n|\n|-weather|Hail|[upkeep]\n|-damage|p2a: Buzzwole|26/100|[from] Hail\n|-heal|p1a: Arctovish|32/100|[from] item: Leftovers\n|upkeep\n|turn|23\n|\n|t:|1771265863\n|switch|p1a: Pecharunt|Pecharunt|80/100\n|move|p2a: Buzzwole|Leech Life|p1a: Pecharunt\n|-resisted|p1a: Pecharunt\n|-damage|p1a: Pecharunt|74/100\n|-heal|p2a: Buzzwole|29/100|[from] drain|[of] p1a: Pecharunt\n|-damage|p2a: Buzzwole|13/100|[from] item: Rocky Helmet|[of] p1a: Pecharunt\n|\n|-weather|none\n|upkeep\n|turn|24\n|\n|t:|1771265868\n|switch|p2a: Alomomola|Alomomola, M|100/100\n|switch|p1a: Slowking|Slowking-Galar, M|100/100\n|\n|upkeep\n|turn|25\n|\n|t:|1771265873\n|move|p2a: Alomomola|Wish|p2a: Alomomola\n|-prepare|p1a: Slowking|Chilly Reception|[premajor]\n|move|p1a: Slowking|Chilly Reception|p1a: Slowking\n|-weather|Snowscape\n|\n|t:|1771265875\n|switch|p1a: Arctovish|Arctovish|32/100|[from] Chilly Reception\n|\n|-weather|Snowscape|[upkeep]\n|-heal|p1a: Arctovish|38/100|[from] item: Leftovers\n|upkeep\n|turn|26\n|\n|t:|1771265880\n|switch|p2a: Buzzwole|Buzzwole|13/100\n|move|p1a: Arctovish|Substitute|p1a: Arctovish\n|-start|p1a: Arctovish|Substitute\n|-damage|p1a: Arctovish|13/100\n|\n|-weather|Snowscape|[upkeep]\n|-heal|p2a: Buzzwole|79/100|[from] move: Wish|[wisher] Alomomola\n|-heal|p1a: Arctovish|19/100|[from] item: Leftovers\n|upkeep\n|turn|27\n|\n|t:|1771265886\n|move|p2a: Buzzwole|Leech Life|p1a: Arctovish\n|-end|p1a: Arctovish|Substitute\n|-heal|p2a: Buzzwole|90/100|[from] drain|[of] p1a: Arctovish\n|move|p1a: Arctovish|Freeze-Dry|p2a: Buzzwole\n|-damage|p2a: Buzzwole|63/100\n|\n|-weather|Snowscape|[upkeep]\n|-heal|p1a: Arctovish|25/100|[from] item: Leftovers\n|upkeep\n|turn|28\n|\n|t:|1771265895\n|switch|p2a: Gholdengo|Gholdengo|100/100\n|switch|p1a: Pecharunt|Pecharunt|74/100\n|\n|-weather|Snowscape|[upkeep]\n|upkeep\n|turn|29\n|\n|t:|1771265899\n|switch|p1a: Sceptile|Sceptile-Mega, M|100/100\n|move|p2a: Gholdengo|Shadow Ball|p1a: Sceptile\n|-damage|p1a: Sceptile|39/100\n|\n|-weather|Snowscape|[upkeep]\n|upkeep\n|turn|30\n|\n|t:|1771265904\n|move|p2a: Gholdengo|Shadow Ball|p1a: Sceptile\n|-damage|p1a: Sceptile|0 fnt\n|faint|p1a: Sceptile\n|detailschange|p1: Sceptile|Sceptile, M|[silent]\n|\n|-weather|Snowscape|[upkeep]\n|upkeep\n|c|☆pat25|Full scarfs\n|c|☆pat25|Pathetic\n|\n|t:|1771265916\n|switch|p1a: Cetitan|Cetitan, M|100/100\n|turn|31\n|\n|t:|1771265937\n|switch|p2a: Zapdos|Zapdos|100/100\n|move|p1a: Cetitan|Belly Drum|p1a: Cetitan\n|-damage|p1a: Cetitan|50/100\n|-setboost|p1a: Cetitan|atk|6|[from] move: Belly Drum\n|-enditem|p1a: Cetitan|Sitrus Berry|[eat]\n|-heal|p1a: Cetitan|75/100|[from] item: Sitrus Berry\n|\n|-weather|Snowscape|[upkeep]\n|upkeep\n|turn|32\n|\n|t:|1771265944\n|move|p1a: Cetitan|Ice Spinner|p2a: Zapdos\n|-supereffective|p2a: Zapdos\n|-damage|p2a: Zapdos|0 fnt\n|faint|p2a: Zapdos\n|\n|-weather|none\n|upkeep\n|\n|t:|1771265948\n|switch|p2a: Gholdengo|Gholdengo|100/100\n|turn|33\n|\n|t:|1771265952\n|switch|p1a: Slowking|Slowking-Galar, M|100/100\n|move|p2a: Gholdengo|Make It Rain|p1a: Slowking\n|-damage|p1a: Slowking|65/100\n|-unboost|p2a: Gholdengo|spa|1\n|\n|upkeep\n|turn|34\n|\n|t:|1771265956\n|switch|p2a: Mawile|Mawile-Mega, F|84/100\n|-prepare|p1a: Slowking|Chilly Reception|[premajor]\n|move|p1a: Slowking|Chilly Reception|p1a: Slowking\n|-weather|Snowscape\n|\n|t:|1771265962\n|switch|p1a: Cetitan|Cetitan, M|75/100|[from] Chilly Reception\n|\n|-weather|Snowscape|[upkeep]\n|upkeep\n|turn|35\n|\n|t:|1771265967\n|switch|p1a: Pecharunt|Pecharunt|74/100\n|move|p2a: Mawile|Iron Head|p1a: Pecharunt\n|-crit|p1a: Pecharunt\n|-damage|p1a: Pecharunt|18/100\n|-damage|p2a: Mawile|67/100|[from] item: Rocky Helmet|[of] p1a: Pecharunt\n|\n|-weather|Snowscape|[upkeep]\n|upkeep\n|turn|36\n|\n|t:|1771265974\n|switch|p1a: Arctovish|Arctovish|25/100\n|move|p2a: Mawile|Iron Head|p1a: Arctovish\n|-damage|p1a: Arctovish|0 fnt\n|faint|p1a: Arctovish\n|\n|-weather|Snowscape|[upkeep]\n|upkeep\n|\n|t:|1771265978\n|switch|p1a: Cetitan|Cetitan, M|75/100\n|turn|37\n|\n|t:|1771265981\n|move|p1a: Cetitan|Earthquake|p2a: Mawile\n|-supereffective|p2a: Mawile\n|-damage|p2a: Mawile|6/100\n|move|p2a: Mawile|Iron Head|p1a: Cetitan\n|-supereffective|p1a: Cetitan\n|-damage|p1a: Cetitan|0 fnt\n|faint|p1a: Cetitan\n|\n|-weather|Snowscape|[upkeep]\n|upkeep\n|-message|pat25 forfeited.\n|\n|win|jerseyiteMa\n|raw|pat25's rating: 1617 &rarr; <strong>1595</strong><br />(-22 for losing)\n|raw|jerseyiteMa's rating: 1577 &rarr; <strong>1599</strong><br />(+22 for winning)\n|l|☆pat25\n|player|p1|\n", "uploadtime": 1771266169, "views": 1, "formatid": "gen9nationaldex", "rating": 1595, "private": 0, "password": null}