{"id": "gen9nationaldex-2540523284", "format": "[Gen 9] National Dex", "players": ["xinshouSm", "Az4k4"], "log": "|j|☆xinshouSm\n|j|☆Az4k4\n|t:|1771212799\n|gametype|singles\n|player|p1|xinshouSm|policeman-gen4|1557\n|player|p2|Az4k4|n|1688\n|gen|9\n|tier|[Gen 9] National Dex\n|rated|\n|rule|HP Percentage Mod: HP is shown in percentages\n|rule|Endless Battle Clause: Forcing endless battles is banned\n|rule|Species Clause: Limit one of each Pokémon\n|rule|OHKO Clause: OHKO moves are banned\n|rule|Evasion Clause: Evasion abilities, items, and moves are banned\n|rule|Evasion Abilities Clause: Evasion abilities are banned\n|rule|Evasion Items Clause: Evasion items are banned\n|rule|Evasion Moves Clause: Evasion moves are banned\n|rule|Sleep Clause Mod: Limit one foe put to sleep\n|rule|Terastal Clause: You cannot Terastallize\n|clearpoke\n|poke|p1|Iron Treads|\n|poke|p1|Kommo-o, M|\n|poke|p1|Venusaur, M|\n|poke|p1|Keldeo|\n|poke|p1|Landorus-Therian, M|\n|poke|p1|Weavile, F|\n|poke|p2|Greninja-*, M|\n|poke|p2|Garchomp, F|\n|poke|p2|Corviknight, F|\n|poke|p2|Pecharunt|\n|poke|p2|Diancie|\n|poke|p2|Volcarona, F|\n|teampreview\n|inactive|Battle timer is ON: inactive players will automatically lose when time's up. (requested by xinshouSm)\n|\n|t:|1771212819\n|teamsize|p1|6\n|teamsize|p2|6\n|start\n|switch|p1a: I HATE CHARIZARD|Landorus-Therian, M|100/100\n|switch|p2a: Garchomp|Garchomp, F|100/100\n|-ability|p1a: I HATE CHARIZARD|Intimidate|boost\n|-unboost|p2a: Garchomp|atk|1\n|turn|1\n|\n|t:|1771212824\n|move|p1a: I HATE CHARIZARD|Knock Off|p2a: Garchomp\n|-damage|p2a: Garchomp|71/100\n|-damage|p1a: I HATE CHARIZARD|88/100|[from] ability: Rough Skin|[of] p2a: Garchomp\n|-enditem|p2a: Garchomp|Leftovers|[from] move: Knock Off|[of] p1a: I HATE CHARIZARD\n|move|p2a: Garchomp|Toxic|p1a: I HATE CHARIZARD\n|-status|p1a: I HATE CHARIZARD|tox\n|\n|-damage|p1a: I HATE CHARIZARD|82/100 tox|[from] psn\n|upkeep\n|turn|2\n|\n|t:|1771212830\n|switch|p1a: 打妞拉的远房亲戚|Weavile, F, shiny|100/100\n|-ability|p1a: 打妞拉的远房亲戚|Pressure\n|move|p2a: Garchomp|Stealth Rock|p1a: 打妞拉的远房亲戚\n|-sidestart|p1: xinshouSm|move: Stealth Rock\n|\n|upkeep\n|turn|3\n|\n|t:|1771212837\n|move|p2a: Garchomp|Protect|p2a: Garchomp\n|-singleturn|p2a: Garchomp|Protect\n|move|p1a: 打妞拉的远房亲戚|Pursuit|p2a: Garchomp\n|-activate|p2a: Garchomp|move: Protect\n|\n|upkeep\n|turn|4\n|\n|t:|1771212842\n|switch|p1a: I HATE CHARIZARD|Landorus-Therian, M|82/100 tox\n|-damage|p1a: I HATE CHARIZARD|69/100 tox|[from] Stealth Rock\n|-ability|p1a: I HATE CHARIZARD|Intimidate|boost\n|-unboost|p2a: Garchomp|atk|1\n|move|p2a: Garchomp|Earthquake|p1a: I HATE CHARIZARD\n|-immune|p1a: I HATE CHARIZARD\n|\n|-damage|p1a: I HATE CHARIZARD|63/100 tox|[from] psn\n|upkeep\n|turn|5\n|\n|t:|1771212852\n|switch|p2a: Greninja|Greninja, M|100/100\n|move|p1a: I HATE CHARIZARD|U-turn|p2a: Greninja\n|-supereffective|p2a: Greninja\n|-damage|p2a: Greninja|20/100\n|\n|t:|1771212863\n|switch|p1a: 打妞拉的远房亲戚|Weavile, F, shiny|100/100|[from] U-turn\n|-damage|p1a: 打妞拉的远房亲戚|76/100|[from] Stealth Rock\n|-ability|p1a: 打妞拉的远房亲戚|Pressure\n|\n|upkeep\n|turn|6\n|\n|t:|1771212870\n|move|p1a: 打妞拉的远房亲戚|Ice Shard|p2a: Greninja\n|-resisted|p2a: Greninja\n|-damage|p2a: Greninja|0 fnt\n|faint|p2a: Greninja\n|\n|upkeep\n|\n|t:|1771212873\n|switch|p2a: Diancie|Diancie|100/100\n|turn|7\n|\n|t:|1771212881\n|detailschange|p2a: Diancie|Diancie-Mega\n|-mega|p2a: Diancie|Diancie|Diancite\n|move|p1a: 打妞拉的远房亲戚|Ice Shard|p2a: Diancie\n|-damage|p2a: Diancie|59/100\n|move|p2a: Diancie|Mystical Fire|p1a: 打妞拉的远房亲戚\n|-supereffective|p1a: 打妞拉的远房亲戚\n|-damage|p1a: 打妞拉的远房亲戚|0 fnt\n|faint|p1a: 打妞拉的远房亲戚\n|\n|upkeep\n|\n|t:|1771212887\n|switch|p1a: THE GOAT!!!|Venusaur, M, shiny|100/100\n|-damage|p1a: THE GOAT!!!|88/100|[from] Stealth Rock\n|turn|8\n|\n|t:|1771212894\n|switch|p2a: Corviknight|Corviknight, F|100/100\n|-ability|p2a: Corviknight|Pressure\n|detailschange|p1a: THE GOAT!!!|Venusaur-Mega, M, shiny\n|-mega|p1a: THE GOAT!!!|Venusaur|Venusaurite\n|move|p1a: THE GOAT!!!|Giga Drain|p2a: Corviknight\n|-resisted|p2a: Corviknight\n|-damage|p2a: Corviknight|94/100\n|-heal|p1a: THE GOAT!!!|92/100|[from] drain|[of] p2a: Corviknight\n|\n|upkeep\n|turn|9\n|\n|t:|1771212902\n|move|p1a: THE GOAT!!!|Hidden Power|p2a: Corviknight\n|-supereffective|p2a: Corviknight\n|-damage|p2a: Corviknight|65/100\n|move|p2a: Corviknight|U-turn|p1a: THE GOAT!!!\n|-damage|p1a: THE GOAT!!!|83/100\n|\n|t:|1771212906\n|switch|p2a: Volcarona|Volcarona, F|100/100|[from] U-turn\n|\n|upkeep\n|turn|10\n|\n|t:|1771212910\n|switch|p1a: I HATE CHARIZARD|Landorus-Therian, M|63/100 tox\n|-damage|p1a: I HATE CHARIZARD|50/100 tox|[from] Stealth Rock\n|-ability|p1a: I HATE CHARIZARD|Intimidate|boost\n|-unboost|p2a: Volcarona|atk|1\n|move|p2a: Volcarona|Quiver Dance|p2a: Volcarona\n|-boost|p2a: Volcarona|spa|1\n|-boost|p2a: Volcarona|spd|1\n|-boost|p2a: Volcarona|spe|1\n|\n|-damage|p1a: I HATE CHARIZARD|44/100 tox|[from] psn\n|upkeep\n|turn|11\n|\n|t:|1771212915\n|move|p1a: I HATE CHARIZARD|Stone Edge|p2a: Volcarona\n|-supereffective|p2a: Volcarona\n|-damage|p2a: Volcarona|0 fnt\n|faint|p2a: Volcarona\n|\n|-damage|p1a: I HATE CHARIZARD|32/100 tox|[from] psn\n|upkeep\n|\n|t:|1771212920\n|switch|p2a: Pecharunt|Pecharunt|100/100\n|turn|12\n|\n|t:|1771212924\n|move|p1a: I HATE CHARIZARD|Stone Edge|p2a: Pecharunt\n|-damage|p2a: Pecharunt|73/100\n|move|p2a: Pecharunt|Nasty Plot|p2a: Pecharunt\n|-boost|p2a: Pecharunt|spa|2\n|\n|-damage|p1a: I HATE CHARIZARD|13/100 tox|[from] psn\n|upkeep\n|turn|13\n|\n|t:|1771212929\n|move|p1a: I HATE CHARIZARD|Stone Edge|p2a: Pecharunt\n|-damage|p2a: Pecharunt|49/100\n|move|p2a: Pecharunt|Recover|p2a: Pecharunt\n|-heal|p2a: Pecharunt|99/100\n|\n|-damage|p1a: I HATE CHARIZARD|0 fnt|[from] psn\n|faint|p1a: I HATE CHARIZARD\n|upkeep\n|\n|t:|1771212934\n|switch|p1a: I HATE FAIRY|Kommo-o, M|100/100\n|-damage|p1a: I HATE FAIRY|94/100|[from] Stealth Rock\n|turn|14\n|\n|t:|1771212943\n|move|p1a: I HATE FAIRY|Clangorous Soul|p1a: I HATE FAIRY\n|-boost|p1a: I HATE FAIRY|atk|1\n|-boost|p1a: I HATE FAIRY|def|1\n|-boost|p1a: I HATE FAIRY|spa|1\n|-boost|p1a: I HATE FAIRY|spd|1\n|-boost|p1a: I HATE FAIRY|spe|1\n|-damage|p1a: I HATE FAIRY|61/100\n|-zpower|p2a: Pecharunt\n|move|p2a: Pecharunt|Never-Ending Nightmare|p1a: I HATE FAIRY|[zeffect]\n|-damage|p1a: I HATE FAIRY|0 fnt\n|faint|p1a: I HATE FAIRY\n|\n|upkeep\n|\n|t:|1771212954\n|switch|p1a: 铁大象|Iron Treads, shiny|100/100\n|-damage|p1a: 铁大象|97/100|[from] Stealth Rock\n|turn|15\n|\n|t:|1771212961\n|switch|p2a: Garchomp|Garchomp, F|71/100\n|move|p1a: 铁大象|Earthquake|p2a: Garchomp\n|-damage|p2a: Garchomp|39/100\n|\n|-heal|p1a: 铁大象|100/100|[from] item: Leftovers\n|upkeep\n|turn|16\n|\n|t:|1771212969\n|-end|p1a: 铁大象|Quark Drive|[silent]\n|switch|p1a: THE GOAT!!!|Venusaur-Mega, M, shiny|83/100\n|-damage|p1a: THE GOAT!!!|71/100|[from] Stealth Rock\n|move|p2a: Garchomp|Earthquake|p1a: THE GOAT!!!\n|-damage|p1a: THE GOAT!!!|48/100\n|\n|upkeep\n|turn|17\n|\n|t:|1771212975\n|move|p2a: Garchomp|Earthquake|p1a: THE GOAT!!!\n|-damage|p1a: THE GOAT!!!|22/100\n|move|p1a: THE GOAT!!!|Giga Drain|p2a: Garchomp\n|-damage|p2a: Garchomp|19/100\n|-heal|p1a: THE GOAT!!!|34/100|[from] drain|[of] p2a: Garchomp\n|\n|upkeep\n|turn|18\n|\n|t:|1771212984\n|move|p2a: Garchomp|Earthquake|p1a: THE GOAT!!!\n|-damage|p1a: THE GOAT!!!|9/100\n|move|p1a: THE GOAT!!!|Synthesis|p1a: THE GOAT!!!\n|-heal|p1a: THE GOAT!!!|59/100\n|\n|upkeep\n|turn|19\n|\n|t:|1771212987\n|move|p2a: Garchomp|Earthquake|p1a: THE GOAT!!!\n|-damage|p1a: THE GOAT!!!|34/100\n|move|p1a: THE GOAT!!!|Synthesis|p1a: THE GOAT!!!\n|-heal|p1a: THE GOAT!!!|84/100\n|\n|upkeep\n|turn|20\n|\n|t:|1771212990\n|move|p2a: Garchomp|Earthquake|p1a: THE GOAT!!!\n|-damage|p1a: THE GOAT!!!|60/100\n|move|p1a: THE GOAT!!!|Giga Drain|p2a: Garchomp\n|-damage|p2a: Garchomp|0 fnt\n|-heal|p1a: THE GOAT!!!|71/100|[from] drain|[of] p2a: Garchomp\n|faint|p2a: Garchomp\n|\n|upkeep\n|\n|t:|1771212998\n|switch|p2a: Pecharunt|Pecharunt|99/100\n|turn|21\n|\n|t:|1771213002\n|move|p2a: Pecharunt|Nasty Plot|p2a: Pecharunt\n|-boost|p2a: Pecharunt|spa|2\n|move|p1a: THE GOAT!!!|Earth Power|p2a: Pecharunt\n|-supereffective|p2a: Pecharunt\n|-damage|p2a: Pecharunt|42/100\n|\n|upkeep\n|turn|22\n|\n|t:|1771213008\n|move|p2a: Pecharunt|Shadow Ball|p1a: THE GOAT!!!\n|-damage|p1a: THE GOAT!!!|11/100\n|move|p1a: THE GOAT!!!|Synthesis|p1a: THE GOAT!!!\n|-heal|p1a: THE GOAT!!!|61/100\n|\n|upkeep\n|turn|23\n|\n|t:|1771213011\n|move|p2a: Pecharunt|Shadow Ball|p1a: THE GOAT!!!\n|-damage|p1a: THE GOAT!!!|1/100\n|-unboost|p1a: THE GOAT!!!|spd|1\n|move|p1a: THE GOAT!!!|Earth Power|p2a: Pecharunt\n|-supereffective|p2a: Pecharunt\n|-damage|p2a: Pecharunt|0 fnt\n|faint|p2a: Pecharunt\n|\n|upkeep\n|\n|t:|1771213014\n|switch|p2a: Diancie|Diancie-Mega|59/100\n|turn|24\n|\n|t:|1771213018\n|move|p2a: Diancie|Moonblast|p1a: THE GOAT!!!\n|-resisted|p1a: THE GOAT!!!\n|-damage|p1a: THE GOAT!!!|0 fnt\n|faint|p1a: THE GOAT!!!\n|detailschange|p1: THE GOAT!!!|Venusaur, M, shiny|[silent]\n|\n|upkeep\n|\n|t:|1771213022\n|switch|p1a: 铁大象|Iron Treads, shiny|100/100\n|-damage|p1a: 铁大象|97/100|[from] Stealth Rock\n|turn|25\n|\n|t:|1771213026\n|move|p2a: Diancie|Earth Power|p1a: 铁大象\n|-supereffective|p1a: 铁大象\n|-damage|p1a: 铁大象|28/100\n|move|p1a: 铁大象|Earthquake|p2a: Diancie\n|-supereffective|p2a: Diancie\n|-damage|p2a: Diancie|0 fnt\n|faint|p2a: Diancie\n|detailschange|p2: Diancie|Diancie|[silent]\n|\n|-heal|p1a: 铁大象|34/100|[from] item: Leftovers\n|upkeep\n|\n|t:|1771213028\n|switch|p2a: Corviknight|Corviknight, F|65/100\n|-ability|p2a: Corviknight|Pressure\n|turn|26\n|\n|t:|1771213031\n|move|p1a: 铁大象|Knock Off|p2a: Corviknight\n|-damage|p2a: Corviknight|48/100\n|-damage|p1a: 铁大象|18/100|[from] item: Rocky Helmet|[of] p2a: Corviknight\n|-enditem|p2a: Corviknight|Rocky Helmet|[from] move: Knock Off|[of] p1a: 铁大象\n|move|p2a: Corviknight|Roost|p2a: Corviknight\n|-heal|p2a: Corviknight|98/100\n|-singleturn|p2a: Corviknight|move: Roost\n|\n|-heal|p1a: 铁大象|24/100|[from] item: Leftovers\n|upkeep\n|turn|27\n|\n|t:|1771213037\n|move|p1a: 铁大象|Rapid Spin|p2a: Corviknight\n|-resisted|p2a: Corviknight\n|-damage|p2a: Corviknight|94/100\n|-boost|p1a: 铁大象|spe|1\n|-sideend|p1: xinshouSm|Stealth Rock|[from] move: Rapid Spin|[of] p1a: 铁大象\n|move|p2a: Corviknight|Brave Bird|p1a: 铁大象\n|-resisted|p1a: 铁大象\n|-damage|p1a: 铁大象|10/100\n|-damage|p2a: Corviknight|90/100|[from] Recoil\n|\n|-heal|p1a: 铁大象|16/100|[from] item: Leftovers\n|upkeep\n|turn|28\n|\n|t:|1771213040\n|move|p1a: 铁大象|Rapid Spin|p2a: Corviknight\n|-resisted|p2a: Corviknight\n|-damage|p2a: Corviknight|86/100\n|-boost|p1a: 铁大象|spe|1\n|move|p2a: Corviknight|U-turn|p1a: 铁大象\n|-resisted|p1a: 铁大象\n|-damage|p1a: 铁大象|11/100\n|\n|-heal|p1a: 铁大象|17/100|[from] item: Leftovers\n|upkeep\n|turn|29\n|\n|t:|1771213044\n|move|p1a: 铁大象|Knock Off|p2a: Corviknight\n|-damage|p2a: Corviknight|74/100\n|move|p2a: Corviknight|Brave Bird|p1a: 铁大象\n|-resisted|p1a: 铁大象\n|-damage|p1a: 铁大象|5/100\n|-damage|p2a: Corviknight|70/100|[from] Recoil\n|\n|-heal|p1a: 铁大象|11/100|[from] item: Leftovers\n|upkeep\n|turn|30\n|\n|t:|1771213048\n|move|p1a: 铁大象|Knock Off|p2a: Corviknight\n|-damage|p2a: Corviknight|60/100\n|move|p2a: Corviknight|Brave Bird|p1a: 铁大象\n|-resisted|p1a: 铁大象\n|-damage|p1a: 铁大象|0 fnt\n|faint|p1a: 铁大象\n|-end|p1a: 铁大象|Quark Drive|[silent]\n|-damage|p2a: Corviknight|57/100|[from] Recoil\n|\n|upkeep\n|\n|t:|1771213050\n|switch|p1a: STALL BREAKER|Keldeo|100/100\n|turn|31\n|\n|t:|1771213055\n|move|p1a: STALL BREAKER|Substitute|p1a: STALL BREAKER\n|-start|p1a: STALL BREAKER|Substitute\n|-damage|p1a: STALL BREAKER|75/100\n|move|p2a: Corviknight|Brave Bird|p1a: STALL BREAKER\n|-supereffective|p1a: STALL BREAKER\n|-end|p1a: STALL BREAKER|Substitute\n|-damage|p2a: Corviknight|50/100|[from] Recoil|[of] p1a: STALL BREAKER\n|\n|-heal|p1a: STALL BREAKER|82/100|[from] item: Leftovers\n|upkeep\n|turn|32\n|\n|t:|1771213060\n|move|p1a: STALL BREAKER|Surf|p2a: Corviknight\n|-damage|p2a: Corviknight|10/100\n|move|p2a: Corviknight|Roost|p2a: Corviknight\n|-heal|p2a: Corviknight|60/100\n|-singleturn|p2a: Corviknight|move: Roost\n|\n|-heal|p1a: STALL BREAKER|88/100|[from] item: Leftovers\n|upkeep\n|turn|33\n|\n|t:|1771213063\n|move|p1a: STALL BREAKER|Substitute|p1a: STALL BREAKER\n|-start|p1a: STALL BREAKER|Substitute\n|-damage|p1a: STALL BREAKER|63/100\n|move|p2a: Corviknight|Brave Bird|p1a: STALL BREAKER\n|-supereffective|p1a: STALL BREAKER\n|-end|p1a: STALL BREAKER|Substitute\n|-damage|p2a: Corviknight|53/100|[from] Recoil|[of] p1a: STALL BREAKER\n|\n|-heal|p1a: STALL BREAKER|69/100|[from] item: Leftovers\n|upkeep\n|turn|34\n|\n|t:|1771213068\n|move|p1a: STALL BREAKER|Substitute|p1a: STALL BREAKER\n|-start|p1a: STALL BREAKER|Substitute\n|-damage|p1a: STALL BREAKER|44/100\n|move|p2a: Corviknight|Brave Bird|p1a: STALL BREAKER\n|-supereffective|p1a: STALL BREAKER\n|-end|p1a: STALL BREAKER|Substitute\n|-damage|p2a: Corviknight|46/100|[from] Recoil|[of] p1a: STALL BREAKER\n|\n|-heal|p1a: STALL BREAKER|50/100|[from] item: Leftovers\n|upkeep\n|turn|35\n|\n|t:|1771213072\n|move|p1a: STALL BREAKER|Substitute|p1a: STALL BREAKER\n|-start|p1a: STALL BREAKER|Substitute\n|-damage|p1a: STALL BREAKER|25/100\n|move|p2a: Corviknight|Roost|p2a: Corviknight\n|-heal|p2a: Corviknight|96/100\n|-singleturn|p2a: Corviknight|move: Roost\n|\n|-heal|p1a: STALL BREAKER|32/100|[from] item: Leftovers\n|upkeep\n|turn|36\n|\n|t:|1771213076\n|move|p1a: STALL BREAKER|Calm Mind|p1a: STALL BREAKER\n|-boost|p1a: STALL BREAKER|spa|1\n|-boost|p1a: STALL BREAKER|spd|1\n|move|p2a: Corviknight|Brave Bird|p1a: STALL BREAKER\n|-supereffective|p1a: STALL BREAKER\n|-end|p1a: STALL BREAKER|Substitute\n|-damage|p2a: Corviknight|89/100|[from] Recoil|[of] p1a: STALL BREAKER\n|\n|-heal|p1a: STALL BREAKER|38/100|[from] item: Leftovers\n|upkeep\n|turn|37\n|\n|t:|1771213079\n|move|p1a: STALL BREAKER|Surf|p2a: Corviknight\n|-damage|p2a: Corviknight|32/100\n|move|p2a: Corviknight|Brave Bird|p1a: STALL BREAKER\n|-supereffective|p1a: STALL BREAKER\n|-damage|p1a: STALL BREAKER|0 fnt\n|faint|p1a: STALL BREAKER\n|-damage|p2a: Corviknight|21/100|[from] Recoil\n|\n|win|Az4k4\n|raw|xinshouSm's rating: 1557 &rarr; <strong>1544</strong><br />(-13 for losing)\n|raw|Az4k4's rating: 1688 &rarr; <strong>1701</strong><br />(+13 for winning)\n|l|☆Az4k4\n|player|p2|\n|l|☆xinshouSm\n|player|p1|\n|j|☆Az4k4\n|player|p2|Az4k4|n|\n", "uploadtime": 1771213210, "views": 5, "formatid": "gen9nationaldex", "rating": 1544, "private": 0, "password": null}