{"id": "gen9nationaldex-2540250384", "format": "[Gen 9] National Dex", "players": ["Vixen 4 Life", "blackddarkness"], "log": "|j|☆Vixen 4 Life\n|j|☆blackddarkness\n|t:|1771180713\n|gametype|singles\n|player|p1|Vixen 4 Life|emma|1655\n|player|p2|blackddarkness|266|1687\n|gen|9\n|tier|[Gen 9] National Dex\n|rated|\n|rule|HP Percentage Mod: HP is shown in percentages\n|rule|Endless Battle Clause: Forcing endless battles is banned\n|rule|Species Clause: Limit one of each Pokémon\n|rule|OHKO Clause: OHKO moves are banned\n|rule|Evasion Clause: Evasion abilities, items, and moves are banned\n|rule|Evasion Abilities Clause: Evasion abilities are banned\n|rule|Evasion Items Clause: Evasion items are banned\n|rule|Evasion Moves Clause: Evasion moves are banned\n|rule|Sleep Clause Mod: Limit one foe put to sleep\n|rule|Terastal Clause: You cannot Terastallize\n|clearpoke\n|poke|p1|Goodra-Hisui, M|\n|poke|p1|Ceruledge, M|\n|poke|p1|Clodsire, M|\n|poke|p1|Cyclizar, M|\n|poke|p1|Weezing-Galar, F|\n|poke|p1|Umbreon, M|\n|poke|p2|Mandibuzz, F|\n|poke|p2|Ogerpon-Wellspring, F|\n|poke|p2|Slowbro, M|\n|poke|p2|Clodsire, M|\n|poke|p2|Slowking-Galar, M|\n|poke|p2|Scizor, M|\n|teampreview\n|\n|t:|1771180722\n|teamsize|p1|6\n|teamsize|p2|6\n|start\n|switch|p1a: Gawain|Ceruledge, M|100/100\n|switch|p2a: Scizor|Scizor, M|100/100\n|turn|1\n|inactive|Battle timer is ON: inactive players will automatically lose when time's up. (requested by blackddarkness)\n|\n|t:|1771180727\n|switch|p2a: Man|Mandibuzz, F, shiny|100/100\n|move|p1a: Gawain|Poltergeist|p2a: Man\n|-activate|p2a: Man|move: Poltergeist|Heavy-Duty Boots\n|-resisted|p2a: Man\n|-crit|p2a: Man\n|-damage|p2a: Man|63/100\n|\n|upkeep\n|turn|2\n|\n|t:|1771180735\n|switch|p1a: Doug Dimmadome|Weezing-Galar, F|100/100\n|move|p2a: Man|Roost|p2a: Man\n|-heal|p2a: Man|100/100\n|-singleturn|p2a: Man|move: Roost\n|\n|upkeep\n|turn|3\n|\n|t:|1771180749\n|switch|p2a: Slowbro|Slowbro, M|100/100\n|move|p1a: Doug Dimmadome|Shadow Ball|p2a: Slowbro\n|-supereffective|p2a: Slowbro\n|-damage|p2a: Slowbro|29/100\n|-unboost|p2a: Slowbro|spd|1\n|\n|upkeep\n|turn|4\n|\n|t:|1771180757\n|switch|p2a: Clodsire|Clodsire, M, shiny|100/100\n|move|p1a: Doug Dimmadome|Shadow Ball|p2a: Clodsire\n|-damage|p2a: Clodsire|82/100\n|\n|-heal|p2a: Clodsire|88/100|[from] item: Black Sludge\n|upkeep\n|turn|5\n|\n|t:|1771180769\n|switch|p1a: Wheelie|Cyclizar, M|100/100\n|switch|p2a: Slowking|Slowking-Galar, M|100/100\n|\n|upkeep\n|turn|6\n|\n|t:|1771180778\n|switch|p2a: Scizor|Scizor, M|100/100\n|move|p1a: Wheelie|U-turn|p2a: Scizor\n|-resisted|p2a: Scizor\n|-damage|p2a: Scizor|95/100\n|\n|t:|1771180781\n|switch|p1a: Gawain|Ceruledge, M|100/100|[from] U-turn\n|\n|upkeep\n|turn|7\n|\n|t:|1771180794\n|switch|p2a: Man|Mandibuzz, F, shiny|100/100\n|move|p1a: Gawain|Bitter Blade|p2a: Man\n|-damage|p2a: Man|56/100\n|\n|upkeep\n|turn|8\n|\n|t:|1771180801\n|switch|p1a: Yoru|Umbreon, M, shiny|100/100\n|move|p2a: Man|Roost|p2a: Man\n|-heal|p2a: Man|100/100\n|-singleturn|p2a: Man|move: Roost\n|\n|upkeep\n|turn|9\n|\n|t:|1771180809\n|switch|p2a: Scizor|Scizor, M|95/100\n|switch|p1a: Goopy|Clodsire, M|100/100\n|\n|upkeep\n|turn|10\n|\n|t:|1771180816\n|detailschange|p2a: Scizor|Scizor-Mega, M\n|-mega|p2a: Scizor|Scizor|Scizorite\n|move|p2a: Scizor|U-turn|p1a: Goopy\n|-resisted|p1a: Goopy\n|-damage|p1a: Goopy|88/100\n|-damage|p2a: Scizor|79/100|[from] item: Rocky Helmet|[of] p1a: Goopy\n|j| Reyanek\n|\n|t:|1771180823\n|switch|p2a: Ogerpon|Ogerpon-Wellspring, F|100/100|[from] U-turn\n|move|p1a: Goopy|Stealth Rock|p2a: Ogerpon\n|-sidestart|p2: blackddarkness|move: Stealth Rock\n|\n|upkeep\n|turn|11\n|\n|t:|1771180829\n|move|p2a: Ogerpon|Swords Dance|p2a: Ogerpon\n|-boost|p2a: Ogerpon|atk|2\n|move|p1a: Goopy|Toxic|p2a: Ogerpon\n|-status|p2a: Ogerpon|tox\n|\n|-damage|p2a: Ogerpon|95/100 tox|[from] psn\n|upkeep\n|turn|12\n|\n|t:|1771180839\n|move|p2a: Ogerpon|Horn Leech|p1a: Goopy\n|-damage|p1a: Goopy|18/100\n|-heal|p2a: Ogerpon|100/100 tox|[from] drain|[of] p1a: Goopy\n|-damage|p2a: Ogerpon|84/100 tox|[from] item: Rocky Helmet|[of] p1a: Goopy\n|move|p1a: Goopy|Earthquake|p2a: Ogerpon\n|-resisted|p2a: Ogerpon\n|-damage|p2a: Ogerpon|66/100 tox\n|\n|-damage|p2a: Ogerpon|54/100 tox|[from] psn\n|upkeep\n|turn|13\n|\n|t:|1771180850\n|switch|p1a: Escargoon|Goodra-Hisui, M|100/100\n|move|p2a: Ogerpon|Superpower|p1a: Escargoon\n|-supereffective|p1a: Escargoon\n|-damage|p1a: Escargoon|0 fnt\n|-unboost|p2a: Ogerpon|atk|1\n|-unboost|p2a: Ogerpon|def|1\n|faint|p1a: Escargoon\n|\n|-damage|p2a: Ogerpon|36/100 tox|[from] psn\n|upkeep\n|\n|t:|1771180858\n|switch|p1a: Gawain|Ceruledge, M|100/100\n|turn|14\n|\n|t:|1771180864\n|switch|p2a: Man|Mandibuzz, F, shiny|100/100\n|move|p1a: Gawain|Shadow Sneak|p2a: Man\n|-resisted|p2a: Man\n|-damage|p2a: Man|92/100\n|\n|upkeep\n|turn|15\n|\n|t:|1771180870\n|switch|p1a: Goopy|Clodsire, M|18/100\n|move|p2a: Man|Defog|p1a: Goopy\n|-unboost|p1a: Goopy|evasion|1\n|-sideend|p2: blackddarkness|Stealth Rock|[from] move: Defog|[of] p2a: Man\n|\n|upkeep\n|turn|16\n|\n|t:|1771180876\n|move|p2a: Man|Foul Play|p1a: Goopy\n|-crit|p1a: Goopy\n|-damage|p1a: Goopy|0 fnt\n|-damage|p2a: Man|75/100|[from] item: Rocky Helmet|[of] p1a: Goopy\n|faint|p1a: Goopy\n|\n|upkeep\n|\n|t:|1771180879\n|switch|p1a: Doug Dimmadome|Weezing-Galar, F|100/100\n|turn|17\n|\n|t:|1771180886\n|switch|p2a: Slowking|Slowking-Galar, M|100/100\n|move|p1a: Doug Dimmadome|Strange Steam|p2a: Slowking\n|-resisted|p2a: Slowking\n|-damage|p2a: Slowking|88/100\n|\n|upkeep\n|turn|18\n|\n|t:|1771180899\n|switch|p1a: Gawain|Ceruledge, M|100/100\n|move|p2a: Slowking|Psychic Noise|p1a: Gawain\n|-damage|p1a: Gawain|65/100\n|-start|p1a: Gawain|move: Heal Block\n|\n|upkeep\n|turn|19\n|\n|t:|1771180917\n|switch|p2a: Scizor|Scizor-Mega, M|79/100\n|move|p1a: Gawain|Close Combat|p2a: Scizor\n|-damage|p2a: Scizor|41/100\n|-unboost|p1a: Gawain|def|1\n|-unboost|p1a: Gawain|spd|1\n|\n|-end|p1a: Gawain|move: Heal Block\n|upkeep\n|turn|20\n|\n|t:|1771180927\n|switch|p1a: Wheelie|Cyclizar, M|100/100\n|move|p2a: Scizor|Roost|p2a: Scizor\n|-heal|p2a: Scizor|91/100\n|-singleturn|p2a: Scizor|move: Roost\n|\n|upkeep\n|turn|21\n|\n|t:|1771180933\n|move|p1a: Wheelie|Overheat|p2a: Scizor\n|-supereffective|p2a: Scizor\n|-damage|p2a: Scizor|0 fnt\n|-unboost|p1a: Wheelie|spa|2\n|faint|p2a: Scizor\n|detailschange|p2: Scizor|Scizor, M|[silent]\n|\n|upkeep\n|l| Reyanek\n|\n|t:|1771180942\n|switch|p2a: Ogerpon|Ogerpon-Wellspring, F|36/100 tox\n|turn|22\n|\n|t:|1771180944\n|move|p1a: Wheelie|U-turn|p2a: Ogerpon\n|-supereffective|p2a: Ogerpon\n|-damage|p2a: Ogerpon|0 fnt\n|faint|p2a: Ogerpon\n|\n|t:|1771180949\n|switch|p1a: Gawain|Ceruledge, M|65/100|[from] U-turn\n|\n|upkeep\n|\n|t:|1771180954\n|switch|p2a: Clodsire|Clodsire, M, shiny|88/100\n|turn|23\n|\n|t:|1771180956\n|move|p1a: Gawain|Bitter Blade|p2a: Clodsire\n|-damage|p2a: Clodsire|9/100\n|-heal|p1a: Gawain|100/100|[from] drain|[of] p2a: Clodsire\n|move|p2a: Clodsire|Earthquake|p1a: Gawain\n|-supereffective|p1a: Gawain\n|-damage|p1a: Gawain|20/100\n|\n|-heal|p2a: Clodsire|16/100|[from] item: Black Sludge\n|upkeep\n|turn|24\n|\n|t:|1771180968\n|move|p1a: Gawain|Bitter Blade|p2a: Clodsire\n|-damage|p2a: Clodsire|0 fnt\n|-heal|p1a: Gawain|32/100|[from] drain|[of] p2a: Clodsire\n|faint|p2a: Clodsire\n|\n|upkeep\n|\n|t:|1771180974\n|switch|p2a: Man|Mandibuzz, F, shiny|75/100\n|turn|25\n|\n|t:|1771180982\n|switch|p1a: Doug Dimmadome|Weezing-Galar, F|100/100\n|move|p2a: Man|Roost|p2a: Man\n|-heal|p2a: Man|100/100\n|-singleturn|p2a: Man|move: Roost\n|\n|upkeep\n|turn|26\n|\n|t:|1771180990\n|move|p1a: Doug Dimmadome|Shadow Ball|p2a: Man\n|-resisted|p2a: Man\n|-damage|p2a: Man|85/100\n|move|p2a: Man|Iron Defense|p2a: Man\n|-boost|p2a: Man|def|2\n|\n|upkeep\n|turn|27\n|\n|t:|1771180997\n|move|p1a: Doug Dimmadome|Shadow Ball|p2a: Man\n|-resisted|p2a: Man\n|-damage|p2a: Man|70/100\n|move|p2a: Man|Foul Play|p1a: Doug Dimmadome\n|-resisted|p1a: Doug Dimmadome\n|-damage|p1a: Doug Dimmadome|89/100\n|\n|upkeep\n|turn|28\n|\n|t:|1771181004\n|switch|p1a: Yoru|Umbreon, M, shiny|100/100\n|move|p2a: Man|Roost|p2a: Man\n|-heal|p2a: Man|100/100\n|-singleturn|p2a: Man|move: Roost\n|\n|upkeep\n|turn|29\n|\n|t:|1771181011\n|switch|p2a: Slowking|Slowking-Galar, M|100/100\n|move|p1a: Yoru|Toxic|p2a: Slowking\n|-immune|p2a: Slowking\n|\n|upkeep\n|turn|30\n|\n|t:|1771181021\n|move|p1a: Yoru|Wish|p1a: Yoru\n|move|p2a: Slowking|Sludge Bomb|p1a: Yoru\n|-damage|p1a: Yoru|76/100\n|-status|p1a: Yoru|psn\n|-activate|p1a: Yoru|ability: Synchronize\n|-immune|p2a: Slowking\n|\n|-heal|p1a: Yoru|82/100 psn|[from] item: Leftovers\n|-damage|p1a: Yoru|69/100 psn|[from] psn\n|upkeep\n|turn|31\n|\n|t:|1771181033\n|move|p1a: Yoru|Foul Play|p2a: Slowking\n|-supereffective|p2a: Slowking\n|-damage|p2a: Slowking|67/100\n|move|p2a: Slowking|Sludge Bomb|p1a: Yoru\n|-damage|p1a: Yoru|46/100 psn\n|\n|-heal|p1a: Yoru|96/100 psn|[from] move: Wish|[wisher] Yoru\n|-heal|p1a: Yoru|100/100 psn|[from] item: Leftovers\n|-damage|p1a: Yoru|88/100 psn|[from] psn\n|upkeep\n|turn|32\n|\n|t:|1771181044\n|switch|p2a: Slowbro|Slowbro, M|62/100\n|move|p1a: Yoru|Wish|p1a: Yoru\n|\n|-heal|p1a: Yoru|94/100 psn|[from] item: Leftovers\n|-damage|p1a: Yoru|82/100 psn|[from] psn\n|upkeep\n|turn|33\n|\n|t:|1771181050\n|switch|p2a: Slowking|Slowking-Galar, M|99/100\n|move|p1a: Yoru|Toxic|p2a: Slowking\n|-immune|p2a: Slowking\n|\n|-heal|p1a: Yoru|100/100 psn|[from] move: Wish|[wisher] Yoru\n|-damage|p1a: Yoru|88/100 psn|[from] psn\n|upkeep\n|turn|34\n|\n|t:|1771181060\n|move|p1a: Yoru|Wish|p1a: Yoru\n|move|p2a: Slowking|Sludge Bomb|p1a: Yoru\n|-damage|p1a: Yoru|67/100 psn\n|\n|-heal|p1a: Yoru|73/100 psn|[from] item: Leftovers\n|-damage|p1a: Yoru|60/100 psn|[from] psn\n|upkeep\n|turn|35\n|j| maoboi\n|\n|t:|1771181068\n|switch|p1a: Gawain|Ceruledge, M|32/100\n|move|p2a: Slowking|Psychic Noise|p1a: Gawain\n|-damage|p1a: Gawain|1/100\n|-start|p1a: Gawain|move: Heal Block\n|\n|upkeep\n|turn|36\n|\n|t:|1771181080\n|switch|p2a: Slowbro|Slowbro, M|95/100\n|move|p1a: Gawain|Poltergeist|p2a: Slowbro\n|-activate|p2a: Slowbro|move: Poltergeist|Rocky Helmet\n|-supereffective|p2a: Slowbro\n|-damage|p2a: Slowbro|0 fnt\n|faint|p2a: Slowbro\n|\n|-end|p1a: Gawain|move: Heal Block\n|upkeep\n|\n|t:|1771181090\n|switch|p2a: Man|Mandibuzz, F, shiny|100/100\n|turn|37\n|\n|t:|1771181093\n|switch|p1a: Doug Dimmadome|Weezing-Galar, F|89/100\n|move|p2a: Man|Foul Play|p1a: Doug Dimmadome\n|-resisted|p1a: Doug Dimmadome\n|-damage|p1a: Doug Dimmadome|77/100\n|\n|upkeep\n|turn|38\n|\n|t:|1771181101\n|switch|p2a: Slowking|Slowking-Galar, M|100/100\n|switch|p1a: Gawain|Ceruledge, M|1/100\n|\n|upkeep\n|turn|39\n|\n|t:|1771181107\n|switch|p2a: Man|Mandibuzz, F, shiny|100/100\n|move|p1a: Gawain|Bitter Blade|p2a: Man\n|-crit|p2a: Man\n|-damage|p2a: Man|35/100\n|-heal|p1a: Gawain|49/100|[from] drain|[of] p2a: Man\n|\n|upkeep\n|turn|40\n|l|☆blackddarkness\n|inactive|blackddarkness disconnected and has a minute to reconnect!\n|player|p2|\n|c|☆Vixen 4 Life|Lol\n|c| maoboi|dBG\n|c| maoboi|dang\n|inactive|blackddarkness has 30 seconds to reconnect!\n|inactive|blackddarkness has 20 seconds to reconnect!\n|inactive|blackddarkness has 15 seconds to reconnect!\n|inactive|blackddarkness has 10 seconds to reconnect!\n|c|☆Vixen 4 Life|Its a shame, but it was inevitable\n|inactive|blackddarkness has 5 seconds to reconnect!\n|-message|blackddarkness lost due to inactivity.\n|\n|win|Vixen 4 Life\n|raw|Vixen 4 Life's rating: 1655 &rarr; <strong>1677</strong><br />(+22 for winning)\n|raw|blackddarkness's rating: 1687 &rarr; <strong>1665</strong><br />(-22 for losing)\n|c| maoboi|gz\n|l| maoboi\n|l|☆Vixen 4 Life\n|player|p1|\n", "uploadtime": 1771181179, "views": 25, "formatid": "gen9nationaldex", "rating": 1665, "private": 0, "password": null}