{"id": "gen9nationaldex-2540486623", "format": "[Gen 9] National Dex", "players": ["Cerberus 17", "shixuan云中"], "log": "|j|☆Cerberus 17\n|j|☆shixuan云中\n|t:|1771208066\n|gametype|singles\n|player|p1|Cerberus 17|cynthia-gen4|1731\n|player|p2|shixuan云中|101|1610\n|gen|9\n|tier|[Gen 9] National Dex\n|rated|\n|rule|HP Percentage Mod: HP is shown in percentages\n|rule|Endless Battle Clause: Forcing endless battles is banned\n|rule|Species Clause: Limit one of each Pokémon\n|rule|OHKO Clause: OHKO moves are banned\n|rule|Evasion Clause: Evasion abilities, items, and moves are banned\n|rule|Evasion Abilities Clause: Evasion abilities are banned\n|rule|Evasion Items Clause: Evasion items are banned\n|rule|Evasion Moves Clause: Evasion moves are banned\n|rule|Sleep Clause Mod: Limit one foe put to sleep\n|rule|Terastal Clause: You cannot Terastallize\n|clearpoke\n|poke|p1|Tyranitar, F|\n|poke|p1|Kartana|\n|poke|p1|Diancie|\n|poke|p1|Excadrill, M|\n|poke|p1|Sinistcha-Masterpiece|\n|poke|p1|Kommo-o, F|\n|poke|p2|Diancie|\n|poke|p2|Raging Bolt|\n|poke|p2|Landorus-Therian, M|\n|poke|p2|Ogerpon-Wellspring, F|\n|poke|p2|Iron Crown|\n|poke|p2|Meowscarada, M|\n|teampreview\n|inactive|Battle timer is ON: inactive players will automatically lose when time's up. (requested by Cerberus 17)\n|\n|t:|1771208080\n|teamsize|p1|6\n|teamsize|p2|6\n|start\n|switch|p1a: Tyranitar|Tyranitar, F|100/100\n|switch|p2a: Meowscarada|Meowscarada, M|100/100\n|-weather|Sandstorm|[from] ability: Sand Stream|[of] p1a: Tyranitar\n|turn|1\n|\n|t:|1771208096\n|switch|p1a: Excadrill|Excadrill, M|100/100\n|move|p2a: Meowscarada|Flower Trick|p1a: Excadrill\n|-start|p2a: Meowscarada|typechange|Grass|[from] ability: Protean\n|-crit|p1a: Excadrill\n|-damage|p1a: Excadrill|27/100\n|\n|-weather|Sandstorm|[upkeep]\n|-damage|p2a: Meowscarada|94/100|[from] Sandstorm\n|upkeep\n|turn|2\n|\n|t:|1771208103\n|move|p1a: Excadrill|Iron Head|p2a: Meowscarada\n|-damage|p2a: Meowscarada|0 fnt\n|faint|p2a: Meowscarada\n|\n|-weather|Sandstorm|[upkeep]\n|upkeep\n|\n|t:|1771208107\n|switch|p2a: Landorus|Landorus-Therian, M|100/100\n|-ability|p2a: Landorus|Intimidate|boost\n|-unboost|p1a: Excadrill|atk|1\n|turn|3\n|\n|t:|1771208109\n|switch|p1a: Sinistcha|Sinistcha-Masterpiece|100/100\n|move|p2a: Landorus|Earthquake|p1a: Sinistcha\n|-resisted|p1a: Sinistcha\n|-damage|p1a: Sinistcha|82/100\n|\n|-weather|Sandstorm|[upkeep]\n|-damage|p1a: Sinistcha|76/100|[from] Sandstorm\n|-heal|p1a: Sinistcha|82/100|[from] item: Leftovers\n|upkeep\n|turn|4\n|\n|t:|1771208117\n|move|p2a: Landorus|Stealth Rock|p1a: Sinistcha\n|-sidestart|p1: Cerberus 17|move: Stealth Rock\n|move|p1a: Sinistcha|Scald|p2a: Landorus\n|-supereffective|p2a: Landorus\n|-damage|p2a: Landorus|63/100\n|\n|-weather|Sandstorm|[upkeep]\n|-damage|p1a: Sinistcha|76/100|[from] Sandstorm\n|-heal|p1a: Sinistcha|82/100|[from] item: Leftovers\n|upkeep\n|turn|5\n|\n|t:|1771208121\n|move|p2a: Landorus|U-turn|p1a: Sinistcha\n|-damage|p1a: Sinistcha|64/100\n|\n|t:|1771208124\n|switch|p2a: Raging Bolt|Raging Bolt|100/100|[from] U-turn\n|move|p1a: Sinistcha|Matcha Gotcha|p2a: Raging Bolt\n|-resisted|p2a: Raging Bolt\n|-damage|p2a: Raging Bolt|86/100\n|-heal|p1a: Sinistcha|73/100|[from] drain|[of] p2a: Raging Bolt\n|-status|p2a: Raging Bolt|brn\n|\n|-weather|Sandstorm|[upkeep]\n|-damage|p2a: Raging Bolt|80/100 brn|[from] Sandstorm\n|-damage|p1a: Sinistcha|67/100|[from] Sandstorm\n|-heal|p1a: Sinistcha|73/100|[from] item: Leftovers\n|-damage|p2a: Raging Bolt|74/100 brn|[from] brn\n|upkeep\n|turn|6\n|\n|t:|1771208142\n|move|p2a: Raging Bolt|Draco Meteor|p1a: Sinistcha\n|-damage|p1a: Sinistcha|0 fnt\n|-unboost|p2a: Raging Bolt|spa|2\n|faint|p1a: Sinistcha\n|\n|-weather|Sandstorm|[upkeep]\n|-damage|p2a: Raging Bolt|68/100 brn|[from] Sandstorm\n|-damage|p2a: Raging Bolt|62/100 brn|[from] brn\n|upkeep\n|\n|t:|1771208148\n|switch|p1a: Diancie|Diancie|100/100\n|-damage|p1a: Diancie|88/100|[from] Stealth Rock\n|turn|7\n|\n|t:|1771208154\n|detailschange|p1a: Diancie|Diancie-Mega\n|-mega|p1a: Diancie|Diancie|Diancite\n|move|p1a: Diancie|Moonblast|p2a: Raging Bolt\n|-supereffective|p2a: Raging Bolt\n|-damage|p2a: Raging Bolt|0 fnt\n|faint|p2a: Raging Bolt\n|-end|p2a: Raging Bolt|Protosynthesis|[silent]\n|\n|-weather|Sandstorm|[upkeep]\n|upkeep\n|\n|t:|1771208159\n|switch|p2a: Landorus|Landorus-Therian, M|63/100\n|-ability|p2a: Landorus|Intimidate|boost\n|-unboost|p1a: Diancie|atk|1\n|turn|8\n|\n|t:|1771208166\n|move|p1a: Diancie|Moonblast|p2a: Landorus\n|-damage|p2a: Landorus|15/100\n|move|p2a: Landorus|Earthquake|p1a: Diancie\n|-supereffective|p1a: Diancie\n|-damage|p1a: Diancie|0 fnt\n|faint|p1a: Diancie\n|detailschange|p1: Diancie|Diancie|[silent]\n|\n|-weather|none\n|upkeep\n|\n|t:|1771208176\n|switch|p1a: Kartana|Kartana|100/100\n|-damage|p1a: Kartana|94/100|[from] Stealth Rock\n|turn|9\n|\n|t:|1771208189\n|move|p1a: Kartana|Sacred Sword|p2a: Landorus\n|-resisted|p2a: Landorus\n|-damage|p2a: Landorus|0 fnt\n|-damage|p1a: Kartana|78/100|[from] item: Rocky Helmet|[of] p2a: Landorus\n|faint|p2a: Landorus\n|-ability|p1a: Kartana|Beast Boost|boost\n|-boost|p1a: Kartana|atk|1\n|\n|upkeep\n|\n|t:|1771208196\n|switch|p2a: Diancie|Diancie|100/100\n|turn|10\n|\n|t:|1771208202\n|switch|p1a: Tyranitar|Tyranitar, F|100/100\n|-damage|p1a: Tyranitar|88/100|[from] Stealth Rock\n|-weather|Sandstorm|[from] ability: Sand Stream|[of] p1a: Tyranitar\n|move|p2a: Diancie|Mystical Fire|p1a: Tyranitar\n|-resisted|p1a: Tyranitar\n|-damage|p1a: Tyranitar|82/100\n|-unboost|p1a: Tyranitar|spa|1\n|\n|-weather|Sandstorm|[upkeep]\n|upkeep\n|turn|11\n|\n|t:|1771208209\n|detailschange|p2a: Diancie|Diancie-Mega\n|-mega|p2a: Diancie|Diancie|Diancite\n|move|p2a: Diancie|Moonblast|p1a: Tyranitar\n|-supereffective|p1a: Tyranitar\n|-damage|p1a: Tyranitar|20/100\n|move|p1a: Tyranitar|Stone Edge|p2a: Diancie\n|-damage|p2a: Diancie|10/100\n|\n|-weather|Sandstorm|[upkeep]\n|upkeep\n|turn|12\n|\n|t:|1771208218\n|move|p2a: Diancie|Moonblast|p1a: Tyranitar\n|-supereffective|p1a: Tyranitar\n|-damage|p1a: Tyranitar|0 fnt\n|faint|p1a: Tyranitar\n|\n|-weather|Sandstorm|[upkeep]\n|upkeep\n|\n|t:|1771208228\n|switch|p1a: Excadrill|Excadrill, M|27/100\n|-damage|p1a: Excadrill|24/100|[from] Stealth Rock\n|turn|13\n|\n|t:|1771208232\n|move|p1a: Excadrill|Rapid Spin|p2a: Diancie\n|-resisted|p2a: Diancie\n|-damage|p2a: Diancie|0 fnt\n|-boost|p1a: Excadrill|spe|1\n|-sideend|p1: Cerberus 17|Stealth Rock|[from] move: Rapid Spin|[of] p1a: Excadrill\n|faint|p2a: Diancie\n|detailschange|p2: Diancie|Diancie|[silent]\n|\n|-weather|Sandstorm|[upkeep]\n|upkeep\n|\n|t:|1771208235\n|switch|p2a: Ogerpon|Ogerpon-Wellspring, F|100/100\n|turn|14\n|\n|t:|1771208245\n|move|p1a: Excadrill|Rapid Spin|p2a: Ogerpon\n|-damage|p2a: Ogerpon|66/100\n|-boost|p1a: Excadrill|spe|1\n|move|p2a: Ogerpon|Horn Leech|p1a: Excadrill\n|-damage|p1a: Excadrill|0 fnt\n|-heal|p2a: Ogerpon|80/100|[from] drain|[of] p1a: Excadrill\n|faint|p1a: Excadrill\n|\n|-weather|Sandstorm|[upkeep]\n|-damage|p2a: Ogerpon|74/100|[from] Sandstorm\n|upkeep\n|\n|t:|1771208249\n|switch|p1a: Kommo-o|Kommo-o, F|100/100\n|turn|15\n|\n|t:|1771208252\n|move|p2a: Ogerpon|Ivy Cudgel|p1a: Kommo-o|[anim] Ivy Cudgel Water\n|-resisted|p1a: Kommo-o\n|-damage|p1a: Kommo-o|70/100\n|-zpower|p1a: Kommo-o\n|move|p1a: Kommo-o|Clangorous Soulblaze|p2a: Ogerpon|[zeffect]\n|-damage|p2a: Ogerpon|0 fnt\n|faint|p2a: Ogerpon\n|-boost|p1a: Kommo-o|atk|1\n|-boost|p1a: Kommo-o|def|1\n|-boost|p1a: Kommo-o|spa|1\n|-boost|p1a: Kommo-o|spd|1\n|-boost|p1a: Kommo-o|spe|1\n|\n|-weather|Sandstorm|[upkeep]\n|-damage|p1a: Kommo-o|64/100|[from] Sandstorm\n|upkeep\n|\n|t:|1771208255\n|switch|p2a: Iron Crown|Iron Crown|100/100\n|-enditem|p2a: Iron Crown|Booster Energy\n|-activate|p2a: Iron Crown|ability: Quark Drive|[fromitem]\n|-start|p2a: Iron Crown|quarkdrivespe\n|turn|16\n|\n|t:|1771208261\n|move|p2a: Iron Crown|Psyshock|p1a: Kommo-o\n|-supereffective|p1a: Kommo-o\n|-damage|p1a: Kommo-o|12/100\n|move|p1a: Kommo-o|Flamethrower|p2a: Iron Crown\n|-supereffective|p2a: Iron Crown\n|-damage|p2a: Iron Crown|19/100\n|\n|-weather|Sandstorm|[upkeep]\n|-damage|p1a: Kommo-o|6/100|[from] Sandstorm\n|upkeep\n|turn|17\n|\n|t:|1771208269\n|move|p2a: Iron Crown|Tachyon Cutter|p1a: Kommo-o\n|-damage|p1a: Kommo-o|0 fnt\n|faint|p1a: Kommo-o\n|-hitcount|p1: Kommo-o|1\n|\n|-weather|none\n|upkeep\n|\n|t:|1771208272\n|switch|p1a: Kartana|Kartana|78/100\n|turn|18\n|\n|t:|1771208278\n|move|p2a: Iron Crown|Focus Blast|p1a: Kartana\n|-supereffective|p1a: Kartana\n|-damage|p1a: Kartana|0 fnt\n|faint|p1a: Kartana\n|\n|win|shixuan云中\n|raw|Cerberus 17's rating: 1731 &rarr; <strong>1704</strong><br />(-27 for losing)\n|raw|shixuan云中's rating: 1610 &rarr; <strong>1637</strong><br />(+27 for winning)\n|l|☆shixuan云中\n|player|p2|\n|l|☆Cerberus 17\n|player|p1|\n", "uploadtime": 1771208481, "views": 8, "formatid": "gen9nationaldex", "rating": 1637, "private": 0, "password": null}