{"id": "gen9nationaldex-2540593396", "format": "[Gen 9] National Dex", "players": ["WangShixiong", "Conno2429"], "log": "|j|‽WangShixiong\n|j|☆Conno2429\n|t:|1771223609\n|gametype|singles\n|player|p1|WangShixiong|cynthia-gen4|1762\n|player|p2|Conno2429|steven|1628\n|gen|9\n|tier|[Gen 9] National Dex\n|rated|\n|rule|HP Percentage Mod: HP is shown in percentages\n|rule|Endless Battle Clause: Forcing endless battles is banned\n|rule|Species Clause: Limit one of each Pokémon\n|rule|OHKO Clause: OHKO moves are banned\n|rule|Evasion Clause: Evasion abilities, items, and moves are banned\n|rule|Evasion Abilities Clause: Evasion abilities are banned\n|rule|Evasion Items Clause: Evasion items are banned\n|rule|Evasion Moves Clause: Evasion moves are banned\n|rule|Sleep Clause Mod: Limit one foe put to sleep\n|rule|Terastal Clause: You cannot Terastallize\n|clearpoke\n|poke|p1|Zamazenta-*|\n|poke|p1|Kingambit, M|\n|poke|p1|Ceruledge, F|\n|poke|p1|Landorus-Therian, M|\n|poke|p1|Diancie|\n|poke|p1|Ogerpon-Wellspring, F|\n|poke|p2|Gyarados, F|\n|poke|p2|Ferrothorn, F|\n|poke|p2|Volcarona, M|\n|poke|p2|Zapdos|\n|poke|p2|Garchomp, M|\n|poke|p2|Gholdengo|\n|teampreview\n|inactive|Battle timer is ON: inactive players will automatically lose when time's up. (requested by WangShixiong)\n|j| corvipelon\n|\n|t:|1771223632\n|teamsize|p1|6\n|teamsize|p2|6\n|start\n|switch|p1a: Diancie|Diancie, shiny|100/100\n|switch|p2a: Gholdengo|Gholdengo|100/100\n|turn|1\n|\n|t:|1771223648\n|switch|p1a: Landorus|Landorus-Therian, M|100/100\n|-ability|p1a: Landorus|Intimidate|boost\n|-unboost|p2a: Gholdengo|atk|1\n|-zpower|p2a: Gholdengo\n|move|p2a: Gholdengo|All-Out Pummeling|p1a: Landorus|[zeffect]\n|-resisted|p1a: Landorus\n|-damage|p1a: Landorus|68/100\n|\n|upkeep\n|turn|2\n|\n|t:|1771223652\n|switch|p2a: Zapdos|Zapdos|100/100\n|move|p1a: Landorus|Stealth Rock|p2a: Zapdos\n|-sidestart|p2: Conno2429|move: Stealth Rock\n|\n|upkeep\n|turn|3\n|\n|t:|1771223655\n|switch|p1a: Diancie|Diancie, shiny|100/100\n|move|p2a: Zapdos|Defog|p1a: Diancie\n|-fail|p1a: Diancie|unboost|[from] ability: Clear Body|[of] p1a: Diancie\n|-sideend|p2: Conno2429|Stealth Rock|[from] move: Defog|[of] p2a: Zapdos\n|\n|upkeep\n|turn|4\n|\n|t:|1771223662\n|switch|p2a: Ferrothorn|Ferrothorn, F|100/100\n|detailschange|p1a: Diancie|Diancie-Mega, shiny\n|-mega|p1a: Diancie|Diancie|Diancite\n|move|p1a: Diancie|Diamond Storm|p2a: Ferrothorn\n|-resisted|p2a: Ferrothorn\n|-damage|p2a: Ferrothorn|78/100\n|\n|upkeep\n|turn|5\n|\n|t:|1771223666\n|move|p1a: Diancie|Mystical Fire|p2a: Ferrothorn\n|-supereffective|p2a: Ferrothorn\n|-damage|p2a: Ferrothorn|0 fnt\n|faint|p2a: Ferrothorn\n|\n|upkeep\n|\n|t:|1771223672\n|switch|p2a: Gyarados|Gyarados, F|100/100\n|-ability|p2a: Gyarados|Intimidate|boost\n|-unboost|p1a: Diancie|atk|1\n|turn|6\n|\n|t:|1771223676\n|detailschange|p2a: Gyarados|Gyarados-Mega, F\n|-mega|p2a: Gyarados|Gyarados|Gyaradosite\n|-ability|p2a: Gyarados|Mold Breaker\n|move|p1a: Diancie|Moonblast|p2a: Gyarados\n|-supereffective|p2a: Gyarados\n|-damage|p2a: Gyarados|9/100\n|move|p2a: Gyarados|Dragon Dance|p2a: Gyarados\n|-boost|p2a: Gyarados|atk|1\n|-boost|p2a: Gyarados|spe|1\n|\n|upkeep\n|turn|7\n|\n|t:|1771223682\n|switch|p1a: Zamazenta|Zamazenta|100/100\n|-ability|p1a: Zamazenta|Dauntless Shield|boost\n|-boost|p1a: Zamazenta|def|1\n|move|p2a: Gyarados|Waterfall|p1a: Zamazenta\n|-damage|p1a: Zamazenta|63/100\n|\n|-heal|p1a: Zamazenta|69/100|[from] item: Leftovers\n|upkeep\n|turn|8\n|\n|t:|1771223684\n|move|p2a: Gyarados|Waterfall|p1a: Zamazenta\n|-damage|p1a: Zamazenta|30/100\n|move|p1a: Zamazenta|Body Press|p2a: Gyarados\n|-supereffective|p2a: Gyarados\n|-damage|p2a: Gyarados|0 fnt\n|faint|p2a: Gyarados\n|detailschange|p2: Gyarados|Gyarados, F|[silent]\n|\n|-heal|p1a: Zamazenta|37/100|[from] item: Leftovers\n|upkeep\n|\n|t:|1771223687\n|switch|p2a: Volcarona|Volcarona, M|100/100\n|turn|9\n|\n|t:|1771223690\n|switch|p1a: Ceruledge|Ceruledge, F|100/100\n|move|p2a: Volcarona|Quiver Dance|p2a: Volcarona\n|-boost|p2a: Volcarona|spa|1\n|-boost|p2a: Volcarona|spd|1\n|-boost|p2a: Volcarona|spe|1\n|\n|upkeep\n|turn|10\n|\n|t:|1771223695\n|move|p2a: Volcarona|Fiery Dance|p1a: Ceruledge\n|-resisted|p1a: Ceruledge\n|-damage|p1a: Ceruledge|61/100\n|-zpower|p1a: Ceruledge\n|move|p1a: Ceruledge|Never-Ending Nightmare|p2a: Volcarona|[zeffect]\n|-damage|p2a: Volcarona|0 fnt\n|faint|p2a: Volcarona\n|\n|upkeep\n|\n|t:|1771223698\n|switch|p2a: Garchomp|Garchomp, M|100/100\n|turn|11\n|\n|t:|1771223700\n|switch|p1a: Landorus|Landorus-Therian, M|68/100\n|-ability|p1a: Landorus|Intimidate|boost\n|-unboost|p2a: Garchomp|atk|1\n|move|p2a: Garchomp|Scale Shot|p1a: Landorus\n|-damage|p1a: Landorus|58/100\n|-damage|p1a: Landorus|48/100\n|-damage|p1a: Landorus|38/100\n|-damage|p1a: Landorus|29/100\n|-damage|p1a: Landorus|19/100\n|-hitcount|p1a: Landorus|5\n|-unboost|p2a: Garchomp|def|1\n|-boost|p2a: Garchomp|spe|1\n|\n|upkeep\n|turn|12\n|-enditem|p1a: Landorus|Custap Berry|[eat]\n|-activate|p1a: Landorus|item: Custap Berry|[consumed]\n|\n|t:|1771223703\n|move|p1a: Landorus|Explosion|p2a: Garchomp\n|-damage|p2a: Garchomp|0 fnt\n|faint|p1a: Landorus\n|faint|p2a: Garchomp\n|\n|upkeep\n|-message|Conno2429 forfeited.\n|\n|win|WangShixiong\n|raw|WangShixiong's rating: 1762 &rarr; <strong>1775</strong><br />(+13 for winning)\n|raw|Conno2429's rating: 1628 &rarr; <strong>1615</strong><br />(-13 for losing)\n|l|☆Conno2429\n|player|p2|\n|l|‽WangShixiong\n|player|p1|\n|j| ghdsghjjjffssg\n|l| ghdsghjjjffssg\n", "uploadtime": 1771223925, "views": 7, "formatid": "gen9nationaldex", "rating": 1615, "private": 0, "password": null}