{"id": "gen9nationaldex-2540759406", "format": "[Gen 9] National Dex", "players": ["adjudicate", "A-joyhill"], "log": "|j|☆adjudicate\n|j|☆A-joyhill\n|t:|1771250753\n|gametype|singles\n|player|p1|adjudicate|linebacker|1609\n|player|p2|A-joyhill|tate|1571\n|gen|9\n|tier|[Gen 9] National Dex\n|rated|\n|rule|HP Percentage Mod: HP is shown in percentages\n|rule|Endless Battle Clause: Forcing endless battles is banned\n|rule|Species Clause: Limit one of each Pokémon\n|rule|OHKO Clause: OHKO moves are banned\n|rule|Evasion Clause: Evasion abilities, items, and moves are banned\n|rule|Evasion Abilities Clause: Evasion abilities are banned\n|rule|Evasion Items Clause: Evasion items are banned\n|rule|Evasion Moves Clause: Evasion moves are banned\n|rule|Sleep Clause Mod: Limit one foe put to sleep\n|rule|Terastal Clause: You cannot Terastallize\n|clearpoke\n|poke|p1|Mawile, M|\n|poke|p1|Iron Valiant|\n|poke|p1|Zapdos|\n|poke|p1|Tornadus-Therian, M|\n|poke|p1|Kingambit, F|\n|poke|p1|Swampert, M|\n|poke|p2|Ninetales, F|\n|poke|p2|Grimmsnarl, M|\n|poke|p2|Raging Bolt|\n|poke|p2|Great Tusk|\n|poke|p2|Heatran, M|\n|poke|p2|Diancie|\n|teampreview\n|inactive|Battle timer is ON: inactive players will automatically lose when time's up. (requested by adjudicate)\n|j| Reyanek\n|l| Reyanek\n|inactive|adjudicate has 120 seconds left.\n|\n|t:|1771250795\n|teamsize|p1|6\n|teamsize|p2|6\n|start\n|switch|p1a: Swampert|Swampert, M|100/100\n|switch|p2a: Ninetales|Ninetales, F|100/100\n|-weather|SunnyDay|[from] ability: Drought|[of] p2a: Ninetales\n|turn|1\n|\n|t:|1771250799\n|move|p2a: Ninetales|Will-O-Wisp|p1a: Swampert\n|-status|p1a: Swampert|brn\n|move|p1a: Swampert|Stealth Rock|p2a: Ninetales\n|-sidestart|p2: A-joyhill|move: Stealth Rock\n|\n|-weather|SunnyDay|[upkeep]\n|-damage|p1a: Swampert|94/100 brn|[from] brn\n|upkeep\n|turn|2\n|\n|t:|1771250804\n|move|p2a: Ninetales|Encore|p1a: Swampert\n|-start|p1a: Swampert|Encore\n|move|p1a: Swampert|Stealth Rock||[still]\n|-fail|p1a: Swampert\n|\n|-weather|SunnyDay|[upkeep]\n|-damage|p1a: Swampert|88/100 brn|[from] brn\n|upkeep\n|turn|3\n|\n|t:|1771250813\n|switch|p1a: Zapdos|Zapdos|100/100\n|move|p2a: Ninetales|Will-O-Wisp|p1a: Zapdos|[miss]\n|-miss|p2a: Ninetales|p1a: Zapdos\n|\n|-weather|SunnyDay|[upkeep]\n|upkeep\n|turn|4\n|\n|t:|1771250817\n|move|p1a: Zapdos|Volt Switch|p2a: Ninetales\n|-damage|p2a: Ninetales|67/100\n|\n|t:|1771250819\n|switch|p1a: Swampert|Swampert, M|88/100 brn|[from] Volt Switch\n|move|p2a: Ninetales|Will-O-Wisp|p1a: Swampert\n|-fail|p1a: Swampert|brn\n|\n|-weather|SunnyDay|[upkeep]\n|-damage|p1a: Swampert|82/100 brn|[from] brn\n|upkeep\n|turn|5\n|\n|t:|1771250825\n|switch|p2a: Great Tusk|Great Tusk|100/100\n|-damage|p2a: Great Tusk|98/100|[from] Stealth Rock\n|-activate|p2a: Great Tusk|ability: Protosynthesis\n|-start|p2a: Great Tusk|protosynthesisatk\n|move|p1a: Swampert|Flip Turn|p2a: Great Tusk\n|-supereffective|p2a: Great Tusk\n|-damage|p2a: Great Tusk|87/100\n|\n|t:|1771250837\n|switch|p1a: Zapdos|Zapdos|100/100|[from] Flip Turn\n|\n|-weather|SunnyDay|[upkeep]\n|upkeep\n|turn|6\n|\n|t:|1771250840\n|move|p1a: Zapdos|Hurricane|p2a: Great Tusk|[miss]\n|-miss|p1a: Zapdos|p2a: Great Tusk\n|move|p2a: Great Tusk|Knock Off|p1a: Zapdos\n|-crit|p1a: Zapdos\n|-damage|p1a: Zapdos|18/100\n|-status|p2a: Great Tusk|par|[from] ability: Static|[of] p1a: Zapdos\n|-enditem|p1a: Zapdos|Expert Belt|[from] move: Knock Off|[of] p2a: Great Tusk\n|\n|-weather|SunnyDay|[upkeep]\n|upkeep\n|turn|7\n|\n|t:|1771250847\n|move|p1a: Zapdos|Volt Switch|p2a: Great Tusk\n|-immune|p2a: Great Tusk\n|cant|p2a: Great Tusk|par\n|\n|-weather|SunnyDay|[upkeep]\n|upkeep\n|turn|8\n|\n|t:|1771250850\n|move|p1a: Zapdos|Hurricane|p2a: Great Tusk\n|-supereffective|p2a: Great Tusk\n|-crit|p2a: Great Tusk\n|-damage|p2a: Great Tusk|0 fnt\n|faint|p2a: Great Tusk\n|-end|p2a: Great Tusk|Protosynthesis|[silent]\n|\n|-weather|none\n|upkeep\n|\n|t:|1771250855\n|switch|p2a: Diancie|Diancie|100/100\n|-damage|p2a: Diancie|88/100|[from] Stealth Rock\n|turn|9\n|\n|t:|1771250865\n|detailschange|p2a: Diancie|Diancie-Mega\n|-mega|p2a: Diancie|Diancie|Diancite\n|move|p1a: Zapdos|Volt Switch|p2a: Diancie\n|-damage|p2a: Diancie|52/100\n|\n|t:|1771250871\n|switch|p1a: Swampert|Swampert, M|82/100 brn|[from] Volt Switch\n|move|p2a: Diancie|Mystical Fire|p1a: Swampert\n|-resisted|p1a: Swampert\n|-damage|p1a: Swampert|70/100 brn\n|-unboost|p1a: Swampert|spa|1\n|\n|-damage|p1a: Swampert|63/100 brn|[from] brn\n|upkeep\n|turn|10\n|-message|A-joyhill forfeited.\n|\n|win|adjudicate\n|raw|adjudicate's rating: 1609 &rarr; <strong>1627</strong><br />(+18 for winning)\n|raw|A-joyhill's rating: 1571 &rarr; <strong>1553</strong><br />(-18 for losing)\n|l|☆A-joyhill\n|player|p2|\n", "uploadtime": 1771251066, "views": 4, "formatid": "gen9nationaldex", "rating": 1553, "private": 0, "password": null}