{"id": "gen9nationaldex-2540583662", "format": "[Gen 9] National Dex", "players": ["peashooter xia", "Crsiu"], "log": "|j|☆peashooter xia\n|j|☆Crsiu\n|t:|1771221891\n|gametype|singles\n|player|p1|peashooter xia|dawn|1667\n|player|p2|Crsiu|n|1657\n|gen|9\n|tier|[Gen 9] National Dex\n|rated|\n|rule|HP Percentage Mod: HP is shown in percentages\n|rule|Endless Battle Clause: Forcing endless battles is banned\n|rule|Species Clause: Limit one of each Pokémon\n|rule|OHKO Clause: OHKO moves are banned\n|rule|Evasion Clause: Evasion abilities, items, and moves are banned\n|rule|Evasion Abilities Clause: Evasion abilities are banned\n|rule|Evasion Items Clause: Evasion items are banned\n|rule|Evasion Moves Clause: Evasion moves are banned\n|rule|Sleep Clause Mod: Limit one foe put to sleep\n|rule|Terastal Clause: You cannot Terastallize\n|clearpoke\n|poke|p1|Tornadus-Therian, M|\n|poke|p1|Gliscor, F|\n|poke|p1|Toxapex, M|\n|poke|p1|Scizor, F|\n|poke|p1|Reuniclus, F|\n|poke|p1|Hydrapple, M|\n|poke|p2|Blaziken, F|\n|poke|p2|Rillaboom, M|\n|poke|p2|Pinsir, M|\n|poke|p2|Raging Bolt|\n|poke|p2|Hatterene, F|\n|poke|p2|Alomomola, F|\n|teampreview\n|inactive|Battle timer is ON: inactive players will automatically lose when time's up. (requested by Crsiu)\n|\n|t:|1771221913\n|teamsize|p1|6\n|teamsize|p2|6\n|start\n|switch|p1a: Gliscor|Gliscor, F|100/100\n|switch|p2a: Raging Bolt|Raging Bolt|100/100\n|turn|1\n|\n|t:|1771221920\n|move|p1a: Gliscor|Protect|p1a: Gliscor\n|-singleturn|p1a: Gliscor|Protect\n|move|p2a: Raging Bolt|Draco Meteor|p1a: Gliscor\n|-activate|p1a: Gliscor|move: Protect\n|\n|-status|p1a: Gliscor|tox|[from] item: Toxic Orb\n|upkeep\n|turn|2\n|\n|t:|1771221925\n|switch|p1a: Toxapex|Toxapex, M|100/100\n|move|p2a: Raging Bolt|Draco Meteor|p1a: Toxapex\n|-damage|p1a: Toxapex|23/100\n|-unboost|p2a: Raging Bolt|spa|2\n|\n|upkeep\n|turn|3\n|\n|t:|1771221940\n|-end|p2a: Raging Bolt|Protosynthesis|[silent]\n|switch|p2a: Blaziken|Blaziken, F, shiny|100/100\n|switch|p1a: Gliscor|Gliscor, F|100/100 tox\n|\n|upkeep\n|turn|4\n|\n|t:|1771221951\n|switch|p2a: Alomomola|Alomomola, F|100/100\n|move|p1a: Gliscor|Toxic|p2a: Alomomola\n|-status|p2a: Alomomola|tox\n|\n|-damage|p2a: Alomomola|94/100 tox|[from] psn\n|upkeep\n|turn|5\n|\n|t:|1771221957\n|move|p1a: Gliscor|Earthquake|p2a: Alomomola\n|-damage|p2a: Alomomola|78/100 tox\n|move|p2a: Alomomola|Flip Turn|p1a: Gliscor\n|-supereffective|p1a: Gliscor\n|-damage|p1a: Gliscor|73/100 tox\n|\n|t:|1771221963\n|switch|p2a: Rillaboom|Rillaboom, M|100/100|[from] Flip Turn\n|-fieldstart|move: Grassy Terrain|[from] ability: Grassy Surge|[of] p2a: Rillaboom\n|\n|-heal|p1a: Gliscor|86/100 tox|[from] ability: Poison Heal\n|upkeep\n|turn|6\n|\n|t:|1771221966\n|switch|p1a: Hydrapple|Hydrapple, M|100/100\n|move|p2a: Rillaboom|Swords Dance|p2a: Rillaboom\n|-boost|p2a: Rillaboom|atk|2\n|\n|upkeep\n|turn|7\n|\n|t:|1771221971\n|switch|p2a: Hatterene|Hatterene, F|100/100\n|move|p1a: Hydrapple|Dragon Pulse|p2a: Hatterene\n|-immune|p2a: Hatterene\n|\n|upkeep\n|turn|8\n|\n|t:|1771221977\n|switch|p1a: Gliscor|Gliscor, F|86/100 tox\n|move|p2a: Hatterene|Psychic Noise|p1a: Gliscor\n|-damage|p1a: Gliscor|54/100 tox\n|-start|p1a: Gliscor|move: Heal Block\n|\n|upkeep\n|turn|9\n|\n|t:|1771221984\n|move|p1a: Gliscor|Protect|p1a: Gliscor\n|-singleturn|p1a: Gliscor|Protect\n|move|p2a: Hatterene|Psychic Noise|p1a: Gliscor\n|-activate|p1a: Gliscor|move: Protect\n|\n|-end|p1a: Gliscor|move: Heal Block\n|-fieldend|move: Grassy Terrain\n|upkeep\n|turn|10\n|\n|t:|1771221991\n|switch|p1a: Tornadus|Tornadus-Therian, M|100/100\n|move|p2a: Hatterene|Nuzzle|p1a: Tornadus\n|-supereffective|p1a: Tornadus\n|-crit|p1a: Tornadus\n|-damage|p1a: Tornadus|86/100\n|-status|p1a: Tornadus|par\n|\n|upkeep\n|turn|11\n|\n|t:|1771221997\n|switch|p2a: Raging Bolt|Raging Bolt|100/100\n|move|p1a: Tornadus|Knock Off|p2a: Raging Bolt\n|-damage|p2a: Raging Bolt|86/100\n|-enditem|p2a: Raging Bolt|Choice Specs|[from] move: Knock Off|[of] p1a: Tornadus\n|\n|upkeep\n|turn|12\n|\n|t:|1771222008\n|move|p2a: Raging Bolt|Draco Meteor|p1a: Tornadus\n|-damage|p1a: Tornadus|0 fnt\n|-unboost|p2a: Raging Bolt|spa|2\n|faint|p1a: Tornadus\n|\n|upkeep\n|\n|t:|1771222012\n|switch|p1a: Reuniclus|Reuniclus, F|100/100\n|turn|13\n|\n|t:|1771222025\n|-end|p2a: Raging Bolt|Protosynthesis|[silent]\n|switch|p2a: Rillaboom|Rillaboom, M|100/100\n|-fieldstart|move: Grassy Terrain|[from] ability: Grassy Surge|[of] p2a: Rillaboom\n|move|p1a: Reuniclus|Calm Mind|p1a: Reuniclus\n|-boost|p1a: Reuniclus|spa|1\n|-boost|p1a: Reuniclus|spd|1\n|\n|upkeep\n|turn|14\n|\n|t:|1771222030\n|switch|p1a: Hydrapple|Hydrapple, M|100/100\n|move|p2a: Rillaboom|Swords Dance|p2a: Rillaboom\n|-boost|p2a: Rillaboom|atk|2\n|\n|upkeep\n|turn|15\n|\n|t:|1771222033\n|switch|p2a: Hatterene|Hatterene, F|100/100\n|switch|p1a: Reuniclus|Reuniclus, F|100/100\n|\n|upkeep\n|turn|16\n|\n|t:|1771222037\n|move|p1a: Reuniclus|Calm Mind|p1a: Reuniclus\n|-boost|p1a: Reuniclus|spa|1\n|-boost|p1a: Reuniclus|spd|1\n|move|p2a: Hatterene|Nuzzle|p1a: Reuniclus\n|-damage|p1a: Reuniclus|97/100\n|-status|p1a: Reuniclus|par\n|\n|-heal|p1a: Reuniclus|100/100 par|[from] Grassy Terrain\n|upkeep\n|turn|17\n|\n|t:|1771222042\n|move|p2a: Hatterene|Mystical Fire|p1a: Reuniclus\n|-damage|p1a: Reuniclus|87/100 par\n|-unboost|p1a: Reuniclus|spa|1\n|move|p1a: Reuniclus|Calm Mind|p1a: Reuniclus\n|-boost|p1a: Reuniclus|spa|1\n|-boost|p1a: Reuniclus|spd|1\n|\n|-heal|p1a: Reuniclus|94/100 par|[from] Grassy Terrain\n|-fieldend|move: Grassy Terrain\n|upkeep\n|turn|18\n|-message|peashooter xia forfeited.\n|\n|win|Crsiu\n|raw|peashooter xia's rating: 1667 &rarr; <strong>1645</strong><br />(-22 for losing)\n|raw|Crsiu's rating: 1633 &rarr; <strong>1655</strong><br />(+22 for winning)\n|l|☆peashooter xia\n|player|p1|\n|l|☆Crsiu\n|player|p2|\n", "uploadtime": 1771222274, "views": 6, "formatid": "gen9nationaldex", "rating": 1645, "private": 0, "password": null}