{"id": "gen9nationaldex-2540880976", "format": "[Gen 9] National Dex", "players": ["jerseyiteMa", "slysly"], "log": "|j|☆jerseyiteMa\n|j|☆slysly\n|t:|1771263459\n|gametype|singles\n|player|p1|jerseyiteMa|shelly|1611\n|player|p2|slysly|101|1681\n|gen|9\n|tier|[Gen 9] National Dex\n|rated|\n|rule|HP Percentage Mod: HP is shown in percentages\n|rule|Endless Battle Clause: Forcing endless battles is banned\n|rule|Species Clause: Limit one of each Pokémon\n|rule|OHKO Clause: OHKO moves are banned\n|rule|Evasion Clause: Evasion abilities, items, and moves are banned\n|rule|Evasion Abilities Clause: Evasion abilities are banned\n|rule|Evasion Items Clause: Evasion items are banned\n|rule|Evasion Moves Clause: Evasion moves are banned\n|rule|Sleep Clause Mod: Limit one foe put to sleep\n|rule|Terastal Clause: You cannot Terastallize\n|clearpoke\n|poke|p1|Mawile, F|\n|poke|p1|Zapdos|\n|poke|p1|Ting-Lu|\n|poke|p1|Alomomola, M|\n|poke|p1|Gholdengo|\n|poke|p1|Buzzwole|\n|poke|p2|Hippowdon, M|\n|poke|p2|Excadrill, F|\n|poke|p2|Latios, M|\n|poke|p2|Tornadus-Therian, M|\n|poke|p2|Tapu Lele|\n|poke|p2|Dracozolt|\n|teampreview\n|\n|t:|1771263485\n|teamsize|p1|6\n|teamsize|p2|6\n|start\n|switch|p1a: Alomomola|Alomomola, M|100/100\n|switch|p2a: Hippowdon|Hippowdon, M|100/100\n|-weather|Sandstorm|[from] ability: Sand Stream|[of] p2a: Hippowdon\n|turn|1\n|j| BouCouMussDiss\n|\n|t:|1771263491\n|move|p2a: Hippowdon|Stealth Rock|p1a: Alomomola\n|-sidestart|p1: jerseyiteMa|move: Stealth Rock\n|move|p1a: Alomomola|Toxic|p2a: Hippowdon\n|-status|p2a: Hippowdon|tox\n|\n|-weather|Sandstorm|[upkeep]\n|-damage|p1a: Alomomola|94/100|[from] Sandstorm\n|-damage|p2a: Hippowdon|94/100 tox|[from] psn\n|upkeep\n|turn|2\n|\n|t:|1771263496\n|switch|p2a: Tornadus|Tornadus-Therian, M|100/100\n|move|p1a: Alomomola|Flip Turn|p2a: Tornadus\n|-damage|p2a: Tornadus|80/100\n|\n|t:|1771263509\n|switch|p1a: Gholdengo|Gholdengo|100/100|[from] Flip Turn\n|-damage|p1a: Gholdengo|94/100|[from] Stealth Rock\n|\n|-weather|Sandstorm|[upkeep]\n|-damage|p2a: Tornadus|74/100|[from] Sandstorm\n|upkeep\n|turn|3\n|\n|t:|1771263517\n|move|p1a: Gholdengo|Thunder|p2a: Tornadus|[miss]\n|-miss|p1a: Gholdengo|p2a: Tornadus\n|move|p2a: Tornadus|Heat Wave|p1a: Gholdengo\n|-supereffective|p1a: Gholdengo\n|-damage|p1a: Gholdengo|37/100\n|\n|-weather|Sandstorm|[upkeep]\n|-damage|p2a: Tornadus|68/100|[from] Sandstorm\n|upkeep\n|turn|4\n|\n|t:|1771263527\n|switch|p1a: Buzzwole|Buzzwole|100/100\n|-damage|p1a: Buzzwole|88/100|[from] Stealth Rock\n|switch|p2a: Dracozolt|Dracozolt|100/100\n|\n|-weather|Sandstorm|[upkeep]\n|-damage|p1a: Buzzwole|82/100|[from] Sandstorm\n|upkeep\n|turn|5\n|\n|t:|1771263535\n|switch|p1a: Zapdos|Zapdos|100/100\n|move|p2a: Dracozolt|Outrage|p1a: Zapdos\n|-damage|p1a: Zapdos|44/100\n|-damage|p2a: Dracozolt|91/100|[from] item: Life Orb\n|\n|-weather|Sandstorm|[upkeep]\n|-damage|p1a: Zapdos|38/100|[from] Sandstorm\n|upkeep\n|turn|6\n|\n|t:|1771263540\n|switch|p1a: Mawile|Mawile, F|100/100\n|-damage|p1a: Mawile|95/100|[from] Stealth Rock\n|-ability|p1a: Mawile|Intimidate|boost\n|-unboost|p2a: Dracozolt|atk|1\n|move|p2a: Dracozolt|Outrage|p1a: Mawile|[from] lockedmove\n|-immune|p1a: Mawile\n|\n|-weather|Sandstorm|[upkeep]\n|upkeep\n|turn|7\n|\n|t:|1771263551\n|switch|p2a: Tapu Lele|Tapu Lele|100/100\n|-fieldstart|move: Psychic Terrain|[from] ability: Psychic Surge|[of] p2a: Tapu Lele\n|detailschange|p1a: Mawile|Mawile-Mega, F\n|-mega|p1a: Mawile|Mawile|Mawilite\n|move|p1a: Mawile|Play Rough|p2a: Tapu Lele\n|-damage|p2a: Tapu Lele|0 fnt\n|faint|p2a: Tapu Lele\n|\n|-weather|Sandstorm|[upkeep]\n|upkeep\n|\n|t:|1771263564\n|switch|p2a: Excadrill|Excadrill, F|100/100\n|turn|8\n|\n|t:|1771263567\n|switch|p1a: Ting-Lu|Ting-Lu|100/100\n|-damage|p1a: Ting-Lu|94/100|[from] Stealth Rock\n|-ability|p1a: Ting-Lu|Vessel of Ruin\n|-zpower|p2a: Excadrill\n|move|p2a: Excadrill|Corkscrew Crash|p1a: Ting-Lu|[zeffect]\n|-damage|p1a: Ting-Lu|45/100\n|\n|-weather|none\n|-heal|p1a: Ting-Lu|51/100|[from] item: Leftovers\n|upkeep\n|turn|9\n|\n|t:|1771263575\n|switch|p2a: Tornadus|Tornadus-Therian, M|100/100\n|switch|p1a: Alomomola|Alomomola, M|100/100\n|\n|upkeep\n|turn|10\n|inactive|Battle timer is ON: inactive players will automatically lose when time's up. (requested by slysly)\n|\n|t:|1771263669\n|move|p2a: Tornadus|Knock Off|p1a: Alomomola\n|-damage|p1a: Alomomola|88/100\n|-enditem|p1a: Alomomola|Heavy-Duty Boots|[from] move: Knock Off|[of] p2a: Tornadus\n|move|p1a: Alomomola|Toxic|p2a: Tornadus|[miss]\n|-miss|p1a: Alomomola|p2a: Tornadus\n|\n|upkeep\n|turn|11\n|inactive|slysly has 120 seconds left.\n|\n|t:|1771263728\n|move|p2a: Tornadus|Hurricane|p1a: Alomomola\n|-damage|p1a: Alomomola|48/100\n|move|p1a: Alomomola|Wish|p1a: Alomomola\n|\n|-fieldend|move: Psychic Terrain\n|upkeep\n|turn|12\n|inactive|slysly has 90 seconds left.\n|inactive|jerseyiteMa has 120 seconds left.\n|inactive|jerseyiteMa has 90 seconds left.\n|inactive|jerseyiteMa has 60 seconds left.\n|\n|t:|1771263825\n|switch|p1a: Zapdos|Zapdos|38/100\n|move|p2a: Tornadus|Hurricane|p1a: Zapdos\n|-resisted|p1a: Zapdos\n|-damage|p1a: Zapdos|17/100\n|\n|-heal|p1a: Zapdos|79/100|[from] move: Wish|[wisher] Alomomola\n|upkeep\n|turn|13\n|inactive|jerseyiteMa has 60 seconds left.\n|inactive|slysly has 90 seconds left.\n|\n|t:|1771263836\n|switch|p2a: Dracozolt|Dracozolt|91/100\n|switch|p1a: Alomomola|Alomomola, M|82/100\n|-damage|p1a: Alomomola|69/100|[from] Stealth Rock\n|\n|upkeep\n|turn|14\n|\n|t:|1771263842\n|switch|p1a: Ting-Lu|Ting-Lu|51/100\n|-damage|p1a: Ting-Lu|45/100|[from] Stealth Rock\n|-ability|p1a: Ting-Lu|Vessel of Ruin\n|move|p2a: Dracozolt|Bolt Beak|p1a: Ting-Lu\n|-immune|p1a: Ting-Lu\n|\n|-heal|p1a: Ting-Lu|51/100|[from] item: Leftovers\n|upkeep\n|turn|15\n|\n|t:|1771263850\n|switch|p2a: Tornadus|Tornadus-Therian, M|100/100\n|move|p1a: Ting-Lu|Stealth Rock|p2a: Tornadus\n|-sidestart|p2: slysly|move: Stealth Rock\n|\n|-heal|p1a: Ting-Lu|58/100|[from] item: Leftovers\n|upkeep\n|turn|16\n|\n|t:|1771263855\n|switch|p1a: Alomomola|Alomomola, M|100/100\n|-damage|p1a: Alomomola|88/100|[from] Stealth Rock\n|move|p2a: Tornadus|U-turn|p1a: Alomomola\n|-damage|p1a: Alomomola|78/100\n|\n|t:|1771263862\n|switch|p2a: Dracozolt|Dracozolt|91/100|[from] U-turn\n|-damage|p2a: Dracozolt|78/100|[from] Stealth Rock\n|\n|upkeep\n|turn|17\n|inactive|jerseyiteMa has 90 seconds left.\n|\n|t:|1771263867\n|move|p1a: Alomomola|Protect|p1a: Alomomola\n|-singleturn|p1a: Alomomola|Protect\n|move|p2a: Dracozolt|Outrage|p1a: Alomomola\n|-activate|p1a: Alomomola|move: Protect\n|\n|upkeep\n|turn|18\n|inactive|slysly has 120 seconds left.\n|inactive|slysly has 90 seconds left.\n|\n|t:|1771263914\n|switch|p1a: Mawile|Mawile-Mega, F|95/100\n|-damage|p1a: Mawile|89/100|[from] Stealth Rock\n|move|p2a: Dracozolt|Outrage|p1a: Mawile\n|-immune|p1a: Mawile\n|\n|upkeep\n|turn|19\n|\n|t:|1771263925\n|switch|p1a: Ting-Lu|Ting-Lu|58/100\n|-damage|p1a: Ting-Lu|51/100|[from] Stealth Rock\n|-ability|p1a: Ting-Lu|Vessel of Ruin\n|move|p2a: Dracozolt|Earthquake|p1a: Ting-Lu\n|-damage|p1a: Ting-Lu|27/100\n|-damage|p2a: Dracozolt|68/100|[from] item: Life Orb\n|\n|-heal|p1a: Ting-Lu|33/100|[from] item: Leftovers\n|upkeep\n|turn|20\n|\n|t:|1771263935\n|switch|p1a: Alomomola|Alomomola, M|100/100\n|-damage|p1a: Alomomola|88/100|[from] Stealth Rock\n|move|p2a: Dracozolt|Outrage|p1a: Alomomola\n|-damage|p1a: Alomomola|42/100\n|-damage|p2a: Dracozolt|58/100|[from] item: Life Orb\n|\n|upkeep\n|turn|21\n|\n|t:|1771263944\n|move|p1a: Alomomola|Protect|p1a: Alomomola\n|-singleturn|p1a: Alomomola|Protect\n|move|p2a: Dracozolt|Outrage|p1a: Alomomola|[from] lockedmove\n|-activate|p1a: Alomomola|move: Protect\n|\n|upkeep\n|turn|22\n|\n|t:|1771263953\n|switch|p1a: Mawile|Mawile-Mega, F|89/100\n|-damage|p1a: Mawile|83/100|[from] Stealth Rock\n|move|p2a: Dracozolt|Outrage|p1a: Mawile\n|-immune|p1a: Mawile\n|\n|upkeep\n|turn|23\n|\n|t:|1771263964\n|switch|p1a: Buzzwole|Buzzwole|82/100\n|-damage|p1a: Buzzwole|70/100|[from] Stealth Rock\n|move|p2a: Dracozolt|Earthquake|p1a: Buzzwole\n|-resisted|p1a: Buzzwole\n|-damage|p1a: Buzzwole|55/100\n|-damage|p2a: Dracozolt|48/100|[from] item: Life Orb\n|\n|upkeep\n|turn|24\n|\n|t:|1771263972\n|move|p1a: Buzzwole|Ice Punch|p2a: Dracozolt\n|-supereffective|p2a: Dracozolt\n|-damage|p2a: Dracozolt|0 fnt\n|faint|p2a: Dracozolt\n|-ability|p1a: Buzzwole|Beast Boost|boost\n|-boost|p1a: Buzzwole|atk|1\n|\n|upkeep\n|\n|t:|1771263975\n|switch|p2a: Latios|Latios, M|100/100\n|-damage|p2a: Latios|88/100|[from] Stealth Rock\n|turn|25\n|\n|t:|1771263983\n|detailschange|p2a: Latios|Latios-Mega, M\n|-mega|p2a: Latios|Latios|Latiosite\n|move|p1a: Buzzwole|Ice Punch|p2a: Latios\n|-supereffective|p2a: Latios\n|-damage|p2a: Latios|0 fnt\n|faint|p2a: Latios\n|detailschange|p2: Latios|Latios, M|[silent]\n|-ability|p1a: Buzzwole|Beast Boost|boost\n|-boost|p1a: Buzzwole|atk|1\n|\n|upkeep\n|\n|t:|1771263989\n|switch|p2a: Hippowdon|Hippowdon, M|94/100 tox\n|-damage|p2a: Hippowdon|88/100 tox|[from] Stealth Rock\n|-weather|Sandstorm|[from] ability: Sand Stream|[of] p2a: Hippowdon\n|turn|26\n|\n|t:|1771263994\n|move|p1a: Buzzwole|Ice Punch|p2a: Hippowdon\n|-supereffective|p2a: Hippowdon\n|-damage|p2a: Hippowdon|31/100 tox\n|move|p2a: Hippowdon|Whirlwind|p1a: Buzzwole\n|drag|p1a: Zapdos|Zapdos|79/100\n|\n|-weather|Sandstorm|[upkeep]\n|-damage|p1a: Zapdos|73/100|[from] Sandstorm\n|-damage|p2a: Hippowdon|25/100 tox|[from] psn\n|upkeep\n|turn|27\n|\n|t:|1771264002\n|move|p1a: Zapdos|Defog|p2a: Hippowdon\n|-unboost|p2a: Hippowdon|evasion|1\n|-sideend|p2: slysly|Stealth Rock|[from] move: Defog|[of] p1a: Zapdos\n|-sideend|p1: jerseyiteMa|Stealth Rock|[from] move: Defog|[of] p1a: Zapdos\n|move|p2a: Hippowdon|Slack Off|p2a: Hippowdon\n|-heal|p2a: Hippowdon|75/100 tox\n|\n|-weather|Sandstorm|[upkeep]\n|-damage|p1a: Zapdos|67/100|[from] Sandstorm\n|-damage|p2a: Hippowdon|62/100 tox|[from] psn\n|upkeep\n|turn|28\n|\n|t:|1771264008\n|switch|p1a: Alomomola|Alomomola, M|75/100\n|move|p2a: Hippowdon|Stealth Rock|p1a: Alomomola\n|-sidestart|p1: jerseyiteMa|move: Stealth Rock\n|\n|-weather|Sandstorm|[upkeep]\n|-damage|p1a: Alomomola|69/100|[from] Sandstorm\n|-damage|p2a: Hippowdon|44/100 tox|[from] psn\n|upkeep\n|turn|29\n|\n|t:|1771264012\n|switch|p2a: Tornadus|Tornadus-Therian, M|100/100\n|move|p1a: Alomomola|Wish|p1a: Alomomola\n|\n|-weather|Sandstorm|[upkeep]\n|-damage|p2a: Tornadus|94/100|[from] Sandstorm\n|-damage|p1a: Alomomola|62/100|[from] Sandstorm\n|upkeep\n|turn|30\n|\n|t:|1771264020\n|move|p2a: Tornadus|Hurricane|p1a: Alomomola|[miss]\n|-miss|p2a: Tornadus|p1a: Alomomola\n|move|p1a: Alomomola|Flip Turn|p2a: Tornadus\n|-damage|p2a: Tornadus|73/100\n|\n|t:|1771264038\n|switch|p1a: Ting-Lu|Ting-Lu|33/100|[from] Flip Turn\n|-damage|p1a: Ting-Lu|27/100|[from] Stealth Rock\n|-ability|p1a: Ting-Lu|Vessel of Ruin\n|\n|-weather|Sandstorm|[upkeep]\n|-damage|p2a: Tornadus|67/100|[from] Sandstorm\n|-heal|p1a: Ting-Lu|73/100|[from] move: Wish|[wisher] Alomomola\n|-heal|p1a: Ting-Lu|79/100|[from] item: Leftovers\n|upkeep\n|turn|31\n|inactive|slysly has 120 seconds left.\n|\n|t:|1771264075\n|switch|p1a: Alomomola|Alomomola, M|96/100\n|-damage|p1a: Alomomola|83/100|[from] Stealth Rock\n|move|p2a: Tornadus|Knock Off|p1a: Alomomola\n|-damage|p1a: Alomomola|73/100\n|\n|-weather|Sandstorm|[upkeep]\n|-damage|p2a: Tornadus|61/100|[from] Sandstorm\n|-damage|p1a: Alomomola|67/100|[from] Sandstorm\n|upkeep\n|turn|32\n|\n|t:|1771264082\n|move|p2a: Tornadus|U-turn|p1a: Alomomola\n|-damage|p1a: Alomomola|58/100\n|\n|t:|1771264084\n|switch|p2a: Excadrill|Excadrill, F|100/100|[from] U-turn\n|move|p1a: Alomomola|Wish|p1a: Alomomola\n|\n|-weather|Sandstorm|[upkeep]\n|-damage|p1a: Alomomola|52/100|[from] Sandstorm\n|upkeep\n|turn|33\n|\n|t:|1771264087\n|move|p2a: Excadrill|Swords Dance|p2a: Excadrill\n|-boost|p2a: Excadrill|atk|2\n|move|p1a: Alomomola|Flip Turn|p2a: Excadrill\n|-supereffective|p2a: Excadrill\n|-damage|p2a: Excadrill|53/100\n|\n|t:|1771264091\n|switch|p1a: Buzzwole|Buzzwole|55/100|[from] Flip Turn\n|-damage|p1a: Buzzwole|42/100|[from] Stealth Rock\n|\n|-weather|none\n|-heal|p1a: Buzzwole|100/100|[from] move: Wish|[wisher] Alomomola\n|upkeep\n|turn|34\n|\n|t:|1771264098\n|switch|p2a: Tornadus|Tornadus-Therian, M|94/100\n|move|p1a: Buzzwole|Close Combat|p2a: Tornadus\n|-resisted|p2a: Tornadus\n|-damage|p2a: Tornadus|54/100\n|-unboost|p1a: Buzzwole|def|1\n|-unboost|p1a: Buzzwole|spd|1\n|\n|upkeep\n|turn|35\n|\n|t:|1771264104\n|switch|p1a: Alomomola|Alomomola, M|85/100\n|-damage|p1a: Alomomola|73/100|[from] Stealth Rock\n|move|p2a: Tornadus|U-turn|p1a: Alomomola\n|-damage|p1a: Alomomola|64/100\n|\n|t:|1771264105\n|switch|p2a: Hippowdon|Hippowdon, M|44/100 tox|[from] U-turn\n|-weather|Sandstorm|[from] ability: Sand Stream|[of] p2a: Hippowdon\n|\n|-weather|Sandstorm|[upkeep]\n|-damage|p1a: Alomomola|57/100|[from] Sandstorm\n|-damage|p2a: Hippowdon|38/100 tox|[from] psn\n|upkeep\n|turn|36\n|\n|t:|1771264114\n|switch|p2a: Tornadus|Tornadus-Therian, M|87/100\n|move|p1a: Alomomola|Wish|p1a: Alomomola\n|\n|-weather|Sandstorm|[upkeep]\n|-damage|p2a: Tornadus|81/100|[from] Sandstorm\n|-damage|p1a: Alomomola|51/100|[from] Sandstorm\n|upkeep\n|turn|37\n|\n|t:|1771264116\n|move|p2a: Tornadus|Hurricane|p1a: Alomomola|[miss]\n|-miss|p2a: Tornadus|p1a: Alomomola\n|move|p1a: Alomomola|Flip Turn|p2a: Tornadus\n|-crit|p2a: Tornadus\n|-damage|p2a: Tornadus|52/100\n|\n|t:|1771264120\n|switch|p1a: Gholdengo|Gholdengo|37/100|[from] Flip Turn\n|-damage|p1a: Gholdengo|31/100|[from] Stealth Rock\n|\n|-weather|Sandstorm|[upkeep]\n|-damage|p2a: Tornadus|46/100|[from] Sandstorm\n|-heal|p1a: Gholdengo|100/100|[from] move: Wish|[wisher] Alomomola\n|upkeep\n|turn|38\n|\n|t:|1771264129\n|move|p1a: Gholdengo|Make It Rain|p2a: Tornadus\n|-damage|p2a: Tornadus|4/100\n|-unboost|p1a: Gholdengo|spa|1\n|move|p2a: Tornadus|U-turn|p1a: Gholdengo\n|-resisted|p1a: Gholdengo\n|-damage|p1a: Gholdengo|96/100\n|\n|t:|1771264132\n|switch|p2a: Excadrill|Excadrill, F|53/100|[from] U-turn\n|\n|-weather|Sandstorm|[upkeep]\n|upkeep\n|turn|39\n|\n|t:|1771264137\n|switch|p1a: Buzzwole|Buzzwole|100/100\n|-damage|p1a: Buzzwole|88/100|[from] Stealth Rock\n|move|p2a: Excadrill|Swords Dance|p2a: Excadrill\n|-boost|p2a: Excadrill|atk|2\n|\n|-weather|Sandstorm|[upkeep]\n|-damage|p1a: Buzzwole|82/100|[from] Sandstorm\n|upkeep\n|turn|40\n|\n|t:|1771264143\n|move|p2a: Excadrill|Iron Head|p1a: Buzzwole\n|-damage|p1a: Buzzwole|24/100\n|move|p1a: Buzzwole|Close Combat|p2a: Excadrill\n|-supereffective|p2a: Excadrill\n|-damage|p2a: Excadrill|0 fnt\n|-unboost|p1a: Buzzwole|def|1\n|-unboost|p1a: Buzzwole|spd|1\n|faint|p2a: Excadrill\n|-ability|p1a: Buzzwole|Beast Boost|boost\n|-boost|p1a: Buzzwole|atk|1\n|\n|-weather|Sandstorm|[upkeep]\n|-damage|p1a: Buzzwole|17/100|[from] Sandstorm\n|upkeep\n|-message|slysly forfeited.\n|\n|win|jerseyiteMa\n|raw|jerseyiteMa's rating: 1611 &rarr; <strong>1635</strong><br />(+24 for winning)\n|raw|slysly's rating: 1681 &rarr; <strong>1657</strong><br />(-24 for losing)\n|l|☆slysly\n|player|p2|\n|l|☆jerseyiteMa\n|player|p1|\n|l| BouCouMussDiss\n", "uploadtime": 1771264379, "views": 3, "formatid": "gen9nationaldex", "rating": 1635, "private": 0, "password": null}