{"id": "gen9nationaldex-2540788200", "format": "[Gen 9] National Dex", "players": ["he898", "sa290715"], "log": "|j|☆he898\n|j|☆sa290715\n|t:|1771254072\n|gametype|singles\n|player|p1|he898|ghetsis-gen5bw|1546\n|player|p2|sa290715|elesa|1604\n|gen|9\n|tier|[Gen 9] National Dex\n|rated|\n|rule|HP Percentage Mod: HP is shown in percentages\n|rule|Endless Battle Clause: Forcing endless battles is banned\n|rule|Species Clause: Limit one of each Pokémon\n|rule|OHKO Clause: OHKO moves are banned\n|rule|Evasion Clause: Evasion abilities, items, and moves are banned\n|rule|Evasion Abilities Clause: Evasion abilities are banned\n|rule|Evasion Items Clause: Evasion items are banned\n|rule|Evasion Moves Clause: Evasion moves are banned\n|rule|Sleep Clause Mod: Limit one foe put to sleep\n|rule|Terastal Clause: You cannot Terastallize\n|clearpoke\n|poke|p1|Gyarados, M|\n|poke|p1|Dragonite, M|\n|poke|p1|Iron Treads|\n|poke|p1|Okidogi, M|\n|poke|p1|Ceruledge, M|\n|poke|p1|Serperior, M|\n|poke|p2|Iron Boulder|\n|poke|p2|Great Tusk|\n|poke|p2|Charizard, F|\n|poke|p2|Terapagos, M|\n|poke|p2|Dragonite, F|\n|poke|p2|Gholdengo|\n|teampreview\n|inactive|Battle timer is ON: inactive players will automatically lose when time's up. (requested by sa290715)\n|\n|t:|1771254096\n|teamsize|p1|6\n|teamsize|p2|6\n|start\n|switch|p1a: Serperior|Serperior, M|100/100\n|switch|p2a: Dragonite|Dragonite, F|100/100\n|turn|1\n|\n|t:|1771254103\n|switch|p2a: Gholdengo|Gholdengo|100/100\n|move|p1a: Serperior|Glare|p2a: Gholdengo\n|-immune|p2a: Gholdengo|[from] ability: Good as Gold\n|\n|upkeep\n|turn|2\n|\n|t:|1771254110\n|move|p2a: Gholdengo|Trick|p1a: Serperior\n|-activate|p2a: Gholdengo|move: Trick|[of] p1a: Serperior\n|-item|p1a: Serperior|Choice Scarf|[from] move: Trick\n|-item|p2a: Gholdengo|Leftovers|[from] move: Trick\n|move|p1a: Serperior|Leaf Storm|p2a: Gholdengo\n|-resisted|p2a: Gholdengo\n|-damage|p2a: Gholdengo|76/100\n|-boost|p1a: Serperior|spa|2\n|\n|-heal|p2a: Gholdengo|82/100|[from] item: Leftovers\n|upkeep\n|turn|3\n|\n|t:|1771254121\n|move|p1a: Serperior|Leaf Storm|p2a: Gholdengo\n|-resisted|p2a: Gholdengo\n|-crit|p2a: Gholdengo\n|-damage|p2a: Gholdengo|13/100\n|-boost|p1a: Serperior|spa|2\n|move|p2a: Gholdengo|Shadow Ball|p1a: Serperior\n|-damage|p1a: Serperior|52/100\n|-boost|p1a: Serperior|spd|1\n|\n|-heal|p2a: Gholdengo|19/100|[from] item: Leftovers\n|upkeep\n|turn|4\n|\n|t:|1771254132\n|move|p1a: Serperior|Leaf Storm|p2a: Gholdengo\n|-resisted|p2a: Gholdengo\n|-crit|p2a: Gholdengo\n|-damage|p2a: Gholdengo|0 fnt\n|-boost|p1a: Serperior|spa|2\n|faint|p2a: Gholdengo\n|\n|upkeep\n|\n|t:|1771254140\n|switch|p2a: Charizard|Charizard, F, shiny|100/100\n|turn|5\n|\n|t:|1771254144\n|detailschange|p2a: Charizard|Charizard-Mega-Y, F, shiny\n|-mega|p2a: Charizard|Charizard|Charizardite Y\n|-weather|SunnyDay|[from] ability: Drought|[of] p2a: Charizard\n|move|p1a: Serperior|Leaf Storm|p2a: Charizard\n|-resisted|p2a: Charizard\n|-damage|p2a: Charizard|55/100\n|move|p2a: Charizard|Weather Ball|p1a: Serperior\n|-supereffective|p1a: Serperior\n|-damage|p1a: Serperior|0 fnt\n|faint|p1a: Serperior\n|\n|-weather|SunnyDay|[upkeep]\n|upkeep\n|\n|t:|1771254156\n|switch|p1a: Dragonite|Dragonite, M|100/100\n|turn|6\n|\n|t:|1771254160\n|move|p2a: Charizard|Weather Ball|p1a: Dragonite\n|-resisted|p1a: Dragonite\n|-damage|p1a: Dragonite|75/100\n|move|p1a: Dragonite|Dragon Dance|p1a: Dragonite\n|-boost|p1a: Dragonite|atk|1\n|-boost|p1a: Dragonite|spe|1\n|\n|-weather|SunnyDay|[upkeep]\n|upkeep\n|turn|7\n|\n|t:|1771254169\n|move|p1a: Dragonite|Dragon Claw|p2a: Charizard\n|-damage|p2a: Charizard|0 fnt\n|faint|p2a: Charizard\n|detailschange|p2: Charizard|Charizard, F, shiny|[silent]\n|\n|-weather|SunnyDay|[upkeep]\n|upkeep\n|\n|t:|1771254176\n|switch|p2a: Iron Boulder|Iron Boulder|100/100\n|-enditem|p2a: Iron Boulder|Booster Energy\n|-activate|p2a: Iron Boulder|ability: Quark Drive|[fromitem]\n|-start|p2a: Iron Boulder|quarkdrivespe\n|turn|8\n|\n|t:|1771254182\n|switch|p1a: Iron Treads|Iron Treads|100/100\n|move|p2a: Iron Boulder|Mighty Cleave|p1a: Iron Treads\n|-resisted|p1a: Iron Treads\n|-damage|p1a: Iron Treads|90/100\n|\n|-weather|SunnyDay|[upkeep]\n|upkeep\n|turn|9\n|\n|t:|1771254197\n|-end|p2a: Iron Boulder|Quark Drive|[silent]\n|switch|p2a: Great Tusk|Great Tusk|100/100\n|-activate|p2a: Great Tusk|ability: Protosynthesis\n|-start|p2a: Great Tusk|protosynthesisatk\n|move|p1a: Iron Treads|Stealth Rock|p2a: Great Tusk\n|-sidestart|p2: sa290715|move: Stealth Rock\n|\n|-weather|none\n|-end|p2a: Great Tusk|Protosynthesis\n|upkeep\n|turn|10\n|\n|t:|1771254207\n|-end|p1a: Iron Treads|Quark Drive|[silent]\n|switch|p1a: Gyarados|Gyarados, M|100/100\n|-ability|p1a: Gyarados|Intimidate|boost\n|-unboost|p2a: Great Tusk|atk|1\n|move|p2a: Great Tusk|Rapid Spin|p1a: Gyarados\n|-damage|p1a: Gyarados|80/100\n|-boost|p2a: Great Tusk|spe|1\n|-sideend|p2: sa290715|Stealth Rock|[from] move: Rapid Spin|[of] p2a: Great Tusk\n|-damage|p2a: Great Tusk|91/100|[from] item: Life Orb\n|\n|upkeep\n|turn|11\n|\n|t:|1771254218\n|-end|p2a: Great Tusk|Protosynthesis|[silent]\n|switch|p2a: Dragonite|Dragonite, F|100/100\n|move|p1a: Gyarados|Waterfall|p2a: Dragonite\n|-resisted|p2a: Dragonite\n|-damage|p2a: Dragonite|89/100\n|\n|upkeep\n|turn|12\n|\n|t:|1771254225\n|move|p1a: Gyarados|Dragon Dance|p1a: Gyarados\n|-boost|p1a: Gyarados|atk|1\n|-boost|p1a: Gyarados|spe|1\n|move|p2a: Dragonite|Dragon Dance|p2a: Dragonite\n|-boost|p2a: Dragonite|atk|1\n|-boost|p2a: Dragonite|spe|1\n|\n|upkeep\n|turn|13\n|\n|t:|1771254233\n|detailschange|p1a: Gyarados|Gyarados-Mega, M\n|-mega|p1a: Gyarados|Gyarados|Gyaradosite\n|-ability|p1a: Gyarados|Mold Breaker\n|move|p1a: Gyarados|Crunch|p2a: Dragonite\n|-damage|p2a: Dragonite|14/100\n|-zpower|p2a: Dragonite\n|move|p2a: Dragonite|Devastating Drake|p1a: Gyarados|[zeffect]\n|-damage|p1a: Gyarados|0 fnt\n|faint|p1a: Gyarados\n|detailschange|p1: Gyarados|Gyarados, M|[silent]\n|\n|upkeep\n|\n|t:|1771254237\n|switch|p1a: Ceruledge|Ceruledge, M|100/100\n|turn|14\n|l|☆sa290715\n|inactive|sa290715 disconnected and has a minute to reconnect!\n|player|p2|\n|j|☆sa290715\n|inactive|sa290715 reconnected and has 125 seconds left.\n|player|p2|sa290715|elesa|\n|inactive|sa290715 has 120 seconds left.\n|\n|t:|1771254275\n|move|p1a: Ceruledge|Shadow Sneak|p2a: Dragonite\n|-damage|p2a: Dragonite|0 fnt\n|faint|p2a: Dragonite\n|\n|upkeep\n|\n|t:|1771254282\n|switch|p2a: Iron Boulder|Iron Boulder|100/100\n|turn|15\n|inactive|sa290715 has 120 seconds left.\n|\n|t:|1771254292\n|move|p1a: Ceruledge|Shadow Sneak|p2a: Iron Boulder\n|-supereffective|p2a: Iron Boulder\n|-damage|p2a: Iron Boulder|50/100\n|move|p2a: Iron Boulder|Mighty Cleave|p1a: Ceruledge\n|-supereffective|p1a: Ceruledge\n|-enditem|p1a: Ceruledge|Focus Sash\n|-damage|p1a: Ceruledge|1/100\n|-ability|p1a: Ceruledge|Weak Armor|boost\n|-unboost|p1a: Ceruledge|def|1\n|-boost|p1a: Ceruledge|spe|2\n|\n|upkeep\n|turn|16\n|inactive|sa290715 has 120 seconds left.\n|\n|t:|1771254303\n|-end|p2a: Iron Boulder|Quark Drive|[silent]\n|switch|p2a: Terapagos|Terapagos, M|100/100\n|-activate|p2a: Terapagos|ability: Tera Shift\n|detailschange|p2a: Terapagos|Terapagos-Terastal, M\n|-heal|p2a: Terapagos|100/100|[silent]\n|move|p1a: Ceruledge|Shadow Sneak|p2a: Terapagos\n|-immune|p2a: Terapagos\n|\n|upkeep\n|turn|17\n|\n|t:|1771254313\n|move|p1a: Ceruledge|Bitter Blade|p2a: Terapagos\n|-activate|p2a: Terapagos|ability: Tera Shell\n|-resisted|p2a: Terapagos\n|-damage|p2a: Terapagos|78/100\n|-heal|p1a: Ceruledge|14/100|[from] drain|[of] p2a: Terapagos\n|move|p2a: Terapagos|Flamethrower|p1a: Ceruledge\n|-resisted|p1a: Ceruledge\n|-damage|p1a: Ceruledge|0 fnt\n|faint|p1a: Ceruledge\n|\n|upkeep\n|\n|t:|1771254326\n|switch|p1a: Okidogi|Okidogi, M|100/100\n|turn|18\n|\n|t:|1771254332\n|move|p2a: Terapagos|Rapid Spin|p1a: Okidogi\n|-damage|p1a: Okidogi|86/100\n|-boost|p2a: Terapagos|spe|1\n|move|p1a: Okidogi|Bulk Up|p1a: Okidogi\n|-boost|p1a: Okidogi|atk|1\n|-boost|p1a: Okidogi|def|1\n|\n|-heal|p1a: Okidogi|92/100|[from] item: Black Sludge\n|upkeep\n|turn|19\n|\n|t:|1771254341\n|move|p2a: Terapagos|Tera Starstorm|p1a: Okidogi\n|-damage|p1a: Okidogi|33/100\n|move|p1a: Okidogi|Drain Punch|p2a: Terapagos\n|-supereffective|p2a: Terapagos\n|-damage|p2a: Terapagos|0 fnt\n|-heal|p1a: Okidogi|67/100|[from] drain|[of] p2a: Terapagos\n|faint|p2a: Terapagos\n|\n|-heal|p1a: Okidogi|73/100|[from] item: Black Sludge\n|upkeep\n|\n|t:|1771254353\n|switch|p2a: Great Tusk|Great Tusk|91/100\n|turn|20\n|\n|t:|1771254364\n|move|p2a: Great Tusk|Headlong Rush|p1a: Okidogi\n|-supereffective|p1a: Okidogi\n|-crit|p1a: Okidogi\n|-damage|p1a: Okidogi|0 fnt\n|-unboost|p2a: Great Tusk|def|1\n|-unboost|p2a: Great Tusk|spd|1\n|faint|p1a: Okidogi\n|-damage|p2a: Great Tusk|81/100|[from] item: Life Orb\n|\n|upkeep\n|\n|t:|1771254369\n|switch|p1a: Dragonite|Dragonite, M|75/100\n|turn|21\n|\n|t:|1771254376\n|-end|p2a: Great Tusk|Protosynthesis|[silent]\n|switch|p2a: Iron Boulder|Iron Boulder|50/100\n|-zpower|p1a: Dragonite\n|move|p1a: Dragonite|Supersonic Skystrike|p2a: Iron Boulder|[zeffect]\n|-resisted|p2a: Iron Boulder\n|-damage|p2a: Iron Boulder|0 fnt\n|faint|p2a: Iron Boulder\n|-end|p2a: Iron Boulder|Quark Drive|[silent]\n|\n|upkeep\n|\n|t:|1771254388\n|switch|p2a: Great Tusk|Great Tusk|81/100\n|turn|22\n|\n|t:|1771254391\n|move|p2a: Great Tusk|Headlong Rush|p1a: Dragonite\n|-immune|p1a: Dragonite\n|move|p1a: Dragonite|Fly||[still]\n|-prepare|p1a: Dragonite|Fly\n|\n|upkeep\n|turn|23\n|\n|t:|1771254397\n|move|p2a: Great Tusk|Rapid Spin|p1a: Dragonite|[miss]\n|-miss|p2a: Great Tusk|p1a: Dragonite\n|move|p1a: Dragonite|Fly|p2a: Great Tusk|[from] lockedmove\n|-supereffective|p2a: Great Tusk\n|-damage|p2a: Great Tusk|10/100\n|\n|upkeep\n|turn|24\n|\n|t:|1771254403\n|move|p2a: Great Tusk|Rapid Spin|p1a: Dragonite\n|-damage|p1a: Dragonite|49/100\n|-boost|p2a: Great Tusk|spe|1\n|-damage|p2a: Great Tusk|0 fnt|[from] item: Life Orb\n|faint|p2a: Great Tusk\n|-end|p2a: Great Tusk|Protosynthesis|[silent]\n|\n|win|he898\n|raw|he898's rating: 1546 &rarr; <strong>1569</strong><br />(+23 for winning)\n|raw|sa290715's rating: 1604 &rarr; <strong>1581</strong><br />(-23 for losing)\n|l|☆he898\n|player|p1|\n|l|☆sa290715\n|player|p2|\n", "uploadtime": 1771254635, "views": 4, "formatid": "gen9nationaldex", "rating": 1569, "private": 0, "password": null}