{"id": "gen9nationaldex-2540562230", "format": "[Gen 9] National Dex", "players": ["tspinner5000", "my evrything"], "log": "|j|☆tspinner5000\n|j|☆my evrything\n|t:|1771218428\n|gametype|singles\n|player|p1|tspinner5000|n-masters2|1594\n|player|p2|my evrything|169|1683\n|gen|9\n|tier|[Gen 9] National Dex\n|rated|\n|rule|HP Percentage Mod: HP is shown in percentages\n|rule|Endless Battle Clause: Forcing endless battles is banned\n|rule|Species Clause: Limit one of each Pokémon\n|rule|OHKO Clause: OHKO moves are banned\n|rule|Evasion Clause: Evasion abilities, items, and moves are banned\n|rule|Evasion Abilities Clause: Evasion abilities are banned\n|rule|Evasion Items Clause: Evasion items are banned\n|rule|Evasion Moves Clause: Evasion moves are banned\n|rule|Sleep Clause Mod: Limit one foe put to sleep\n|rule|Terastal Clause: You cannot Terastallize\n|clearpoke\n|poke|p1|Heatran, F|\n|poke|p1|Ferrothorn, F|\n|poke|p1|Landorus-Therian, M|\n|poke|p1|Samurott-Hisui, M|\n|poke|p1|Latios, M|\n|poke|p1|Tapu Lele|\n|poke|p2|Tapu Fini|\n|poke|p2|Weavile, F|\n|poke|p2|Great Tusk|\n|poke|p2|Ferrothorn, M|\n|poke|p2|Latios, M|\n|poke|p2|Melmetal|\n|teampreview\n|inactive|Battle timer is ON: inactive players will automatically lose when time's up. (requested by my evrything)\n|\n|t:|1771218439\n|teamsize|p1|6\n|teamsize|p2|6\n|start\n|switch|p1a: Tapu Lele|Tapu Lele|100/100\n|switch|p2a: Melmetal|Melmetal|100/100\n|-fieldstart|move: Psychic Terrain|[from] ability: Psychic Surge|[of] p1a: Tapu Lele\n|turn|1\n|\n|t:|1771218463\n|switch|p1a: Ferrothorn|Ferrothorn, F|100/100\n|move|p2a: Melmetal|Earthquake|p1a: Ferrothorn\n|-damage|p1a: Ferrothorn|74/100\n|\n|-heal|p1a: Ferrothorn|80/100|[from] item: Leftovers\n|upkeep\n|turn|2\n|\n|t:|1771218470\n|switch|p2a: Latios|Latios, M|100/100\n|move|p1a: Ferrothorn|Leech Seed|p2a: Latios|[miss]\n|-miss|p1a: Ferrothorn|p2a: Latios\n|\n|-heal|p1a: Ferrothorn|86/100|[from] item: Leftovers\n|upkeep\n|turn|3\n|\n|t:|1771218475\n|switch|p1a: Tapu Lele|Tapu Lele|100/100\n|detailschange|p2a: Latios|Latios-Mega, M\n|-mega|p2a: Latios|Latios|Latiosite\n|move|p2a: Latios|Aura Sphere|p1a: Tapu Lele\n|-resisted|p1a: Tapu Lele\n|-damage|p1a: Tapu Lele|92/100\n|\n|upkeep\n|turn|4\n|\n|t:|1771218479\n|switch|p2a: Melmetal|Melmetal|100/100\n|move|p1a: Tapu Lele|Focus Blast|p2a: Melmetal\n|-supereffective|p2a: Melmetal\n|-damage|p2a: Melmetal|53/100\n|\n|upkeep\n|turn|5\n|\n|t:|1771218482\n|switch|p1a: Landorus|Landorus-Therian, M|100/100\n|-ability|p1a: Landorus|Intimidate|boost\n|-unboost|p2a: Melmetal|atk|1\n|switch|p2a: Latios|Latios-Mega, M|100/100\n|\n|-fieldend|move: Psychic Terrain\n|upkeep\n|turn|6\n|\n|t:|1771218484\n|move|p2a: Latios|Luster Purge|p1a: Landorus\n|-damage|p1a: Landorus|38/100\n|move|p1a: Landorus|U-turn|p2a: Latios\n|-supereffective|p2a: Latios\n|-damage|p2a: Latios|45/100\n|\n|t:|1771218489\n|switch|p1a: Tapu Lele|Tapu Lele|92/100|[from] U-turn\n|-fieldstart|move: Psychic Terrain|[from] ability: Psychic Surge|[of] p1a: Tapu Lele\n|\n|upkeep\n|turn|7\n|\n|t:|1771218493\n|switch|p2a: Melmetal|Melmetal|53/100\n|move|p1a: Tapu Lele|Moonblast|p2a: Melmetal\n|-resisted|p2a: Melmetal\n|-damage|p2a: Melmetal|41/100\n|-unboost|p2a: Melmetal|spa|1\n|\n|upkeep\n|turn|8\n|\n|t:|1771218499\n|switch|p1a: Landorus|Landorus-Therian, M|38/100\n|-ability|p1a: Landorus|Intimidate|boost\n|-unboost|p2a: Melmetal|atk|1\n|switch|p2a: Latios|Latios-Mega, M|45/100\n|\n|upkeep\n|turn|9\n|\n|t:|1771218505\n|move|p2a: Latios|Luster Purge|p1a: Landorus\n|-damage|p1a: Landorus|0 fnt\n|faint|p1a: Landorus\n|\n|upkeep\n|\n|t:|1771218506\n|switch|p1a: Tapu Lele|Tapu Lele|92/100\n|turn|10\n|\n|t:|1771218508\n|switch|p2a: Melmetal|Melmetal|41/100\n|move|p1a: Tapu Lele|Moonblast|p2a: Melmetal\n|-resisted|p2a: Melmetal\n|-damage|p2a: Melmetal|28/100\n|-unboost|p2a: Melmetal|spa|1\n|\n|-fieldend|move: Psychic Terrain\n|upkeep\n|turn|11\n|\n|t:|1771218511\n|switch|p1a: Ferrothorn|Ferrothorn, F|86/100\n|switch|p2a: Latios|Latios-Mega, M|45/100\n|\n|-heal|p1a: Ferrothorn|92/100|[from] item: Leftovers\n|upkeep\n|turn|12\n|\n|t:|1771218514\n|switch|p1a: Tapu Lele|Tapu Lele|92/100\n|-fieldstart|move: Psychic Terrain|[from] ability: Psychic Surge|[of] p1a: Tapu Lele\n|move|p2a: Latios|Aura Sphere|p1a: Tapu Lele\n|-resisted|p1a: Tapu Lele\n|-damage|p1a: Tapu Lele|83/100\n|\n|upkeep\n|turn|13\n|\n|t:|1771218516\n|switch|p2a: Ferrothorn|Ferrothorn, M|100/100\n|move|p1a: Tapu Lele|Moonblast|p2a: Ferrothorn\n|-resisted|p2a: Ferrothorn\n|-damage|p2a: Ferrothorn|80/100\n|-unboost|p2a: Ferrothorn|spa|1\n|\n|-heal|p2a: Ferrothorn|86/100|[from] item: Leftovers\n|upkeep\n|turn|14\n|\n|t:|1771218519\n|switch|p1a: Heatran|Heatran, F|100/100\n|move|p2a: Ferrothorn|Stealth Rock|p1a: Heatran\n|-sidestart|p1: tspinner5000|move: Stealth Rock\n|\n|-heal|p2a: Ferrothorn|93/100|[from] item: Leftovers\n|upkeep\n|turn|15\n|\n|t:|1771218522\n|switch|p2a: Tapu Fini|Tapu Fini|100/100\n|-fieldstart|move: Misty Terrain|[from] ability: Misty Surge|[of] p2a: Tapu Fini\n|move|p1a: Heatran|Magma Storm|p2a: Tapu Fini\n|-resisted|p2a: Tapu Fini\n|-damage|p2a: Tapu Fini|85/100\n|-activate|p2a: Tapu Fini|move: Magma Storm|[of] p1a: Heatran\n|\n|-heal|p2a: Tapu Fini|91/100|[from] item: Leftovers\n|-damage|p2a: Tapu Fini|78/100|[from] move: Magma Storm|[partiallytrapped]\n|upkeep\n|turn|16\n|\n|t:|1771218525\n|move|p2a: Tapu Fini|Scald|p1a: Heatran\n|-supereffective|p1a: Heatran\n|-damage|p1a: Heatran|70/100\n|move|p1a: Heatran|Earth Power|p2a: Tapu Fini\n|-damage|p2a: Tapu Fini|56/100\n|\n|-heal|p2a: Tapu Fini|62/100|[from] item: Leftovers\n|-heal|p1a: Heatran|77/100|[from] item: Leftovers\n|-damage|p2a: Tapu Fini|50/100|[from] move: Magma Storm|[partiallytrapped]\n|upkeep\n|turn|17\n|\n|t:|1771218533\n|move|p2a: Tapu Fini|Scald|p1a: Heatran\n|-supereffective|p1a: Heatran\n|-damage|p1a: Heatran|43/100\n|move|p1a: Heatran|Earth Power|p2a: Tapu Fini\n|-damage|p2a: Tapu Fini|28/100\n|\n|-heal|p2a: Tapu Fini|35/100|[from] item: Leftovers\n|-heal|p1a: Heatran|50/100|[from] item: Leftovers\n|-damage|p2a: Tapu Fini|22/100|[from] move: Magma Storm|[partiallytrapped]\n|upkeep\n|turn|18\n|\n|t:|1771218542\n|move|p1a: Heatran|Protect|p1a: Heatran\n|-singleturn|p1a: Heatran|Protect\n|move|p2a: Tapu Fini|Scald|p1a: Heatran\n|-activate|p1a: Heatran|move: Protect\n|\n|-heal|p2a: Tapu Fini|28/100|[from] item: Leftovers\n|-heal|p1a: Heatran|56/100|[from] item: Leftovers\n|-damage|p2a: Tapu Fini|16/100|[from] move: Magma Storm|[partiallytrapped]\n|upkeep\n|turn|19\n|\n|t:|1771218543\n|move|p2a: Tapu Fini|Scald|p1a: Heatran\n|-supereffective|p1a: Heatran\n|-damage|p1a: Heatran|20/100\n|move|p1a: Heatran|Earth Power|p2a: Tapu Fini\n|-damage|p2a: Tapu Fini|0 fnt\n|faint|p2a: Tapu Fini\n|\n|-heal|p1a: Heatran|26/100|[from] item: Leftovers\n|-fieldend|Misty Terrain\n|upkeep\n|\n|t:|1771218546\n|switch|p2a: Weavile|Weavile, F|100/100\n|-ability|p2a: Weavile|Pressure\n|turn|20\n|\n|t:|1771218554\n|move|p1a: Heatran|Protect|p1a: Heatran\n|-singleturn|p1a: Heatran|Protect\n|move|p2a: Weavile|Pursuit|p1a: Heatran\n|-activate|p1a: Heatran|move: Protect\n|\n|-heal|p1a: Heatran|32/100|[from] item: Leftovers\n|upkeep\n|turn|21\n|\n|t:|1771218559\n|-activate|p1a: Heatran|move: Pursuit\n|move|p2a: Weavile|Pursuit|p1a: Heatran|[from] Pursuit\n|-damage|p1a: Heatran|0 fnt\n|faint|p1a: Heatran\n|-hint|A Pokemon can't switch between when it runs out of HP and when it faints\n|\n|upkeep\n|\n|t:|1771218566\n|switch|p1a: Tapu Lele|Tapu Lele|83/100\n|-damage|p1a: Tapu Lele|71/100|[from] Stealth Rock\n|-fieldstart|move: Psychic Terrain|[from] ability: Psychic Surge|[of] p1a: Tapu Lele\n|turn|22\n|\n|t:|1771218570\n|switch|p2a: Melmetal|Melmetal|28/100\n|move|p1a: Tapu Lele|Moonblast|p2a: Melmetal\n|-resisted|p2a: Melmetal\n|-damage|p2a: Melmetal|15/100\n|\n|upkeep\n|turn|23\n|\n|t:|1771218576\n|switch|p1a: Samurott|Samurott-Hisui, M|100/100\n|switch|p2a: Latios|Latios-Mega, M|45/100\n|\n|upkeep\n|turn|24\n|\n|t:|1771218579\n|switch|p2a: Ferrothorn|Ferrothorn, M|93/100\n|move|p1a: Samurott|Ceaseless Edge|p2a: Ferrothorn\n|-damage|p2a: Ferrothorn|64/100\n|-damage|p1a: Samurott|88/100|[from] ability: Iron Barbs|[of] p2a: Ferrothorn\n|-sidestart|p2: my evrything|Spikes\n|\n|-heal|p2a: Ferrothorn|71/100|[from] item: Leftovers\n|upkeep\n|turn|25\n|\n|t:|1771218584\n|switch|p1a: Latios|Latios, M|100/100\n|-damage|p1a: Latios|88/100|[from] Stealth Rock\n|move|p2a: Ferrothorn|Knock Off|p1a: Latios\n|-supereffective|p1a: Latios\n|-damage|p1a: Latios|50/100\n|\n|-heal|p2a: Ferrothorn|77/100|[from] item: Leftovers\n|upkeep\n|turn|26\n|\n|t:|1771218587\n|detailschange|p1a: Latios|Latios-Mega, M\n|-mega|p1a: Latios|Latios|Latiosite\n|move|p1a: Latios|Mystical Fire|p2a: Ferrothorn\n|-supereffective|p2a: Ferrothorn\n|-damage|p2a: Ferrothorn|0 fnt\n|faint|p2a: Ferrothorn\n|\n|-fieldend|move: Psychic Terrain\n|upkeep\n|\n|t:|1771218588\n|switch|p2a: Weavile|Weavile, F|100/100\n|-damage|p2a: Weavile|88/100|[from] Spikes\n|-ability|p2a: Weavile|Pressure\n|turn|27\n|\n|t:|1771218590\n|move|p2a: Weavile|Pursuit|p1a: Latios\n|-supereffective|p1a: Latios\n|-crit|p1a: Latios\n|-damage|p1a: Latios|0 fnt\n|faint|p1a: Latios\n|detailschange|p1: Latios|Latios, M|[silent]\n|\n|upkeep\n|\n|t:|1771218596\n|switch|p1a: Tapu Lele|Tapu Lele|71/100\n|-damage|p1a: Tapu Lele|59/100|[from] Stealth Rock\n|-fieldstart|move: Psychic Terrain|[from] ability: Psychic Surge|[of] p1a: Tapu Lele\n|turn|28\n|\n|t:|1771218599\n|switch|p2a: Melmetal|Melmetal|15/100\n|-damage|p2a: Melmetal|3/100|[from] Spikes\n|move|p1a: Tapu Lele|Moonblast|p2a: Melmetal\n|-resisted|p2a: Melmetal\n|-damage|p2a: Melmetal|0 fnt\n|faint|p2a: Melmetal\n|\n|upkeep\n|\n|t:|1771218608\n|switch|p2a: Great Tusk|Great Tusk|100/100\n|turn|29\n|\n|t:|1771218610\n|-end|p2a: Great Tusk|Protosynthesis|[silent]\n|switch|p2a: Latios|Latios-Mega, M|45/100\n|move|p1a: Tapu Lele|Moonblast|p2a: Latios\n|-supereffective|p2a: Latios\n|-damage|p2a: Latios|0 fnt\n|faint|p2a: Latios\n|detailschange|p2: Latios|Latios, M|[silent]\n|\n|upkeep\n|\n|t:|1771218612\n|switch|p2a: Weavile|Weavile, F|88/100\n|-damage|p2a: Weavile|76/100|[from] Spikes\n|-ability|p2a: Weavile|Pressure\n|turn|30\n|\n|t:|1771218613\n|move|p1a: Tapu Lele|Moonblast|p2a: Weavile\n|-supereffective|p2a: Weavile\n|-damage|p2a: Weavile|0 fnt\n|faint|p2a: Weavile\n|\n|upkeep\n|\n|t:|1771218615\n|switch|p2a: Great Tusk|Great Tusk|100/100\n|turn|31\n|\n|t:|1771218617\n|move|p1a: Tapu Lele|Moonblast|p2a: Great Tusk\n|-supereffective|p2a: Great Tusk\n|-damage|p2a: Great Tusk|0 fnt\n|faint|p2a: Great Tusk\n|-end|p2a: Great Tusk|Protosynthesis|[silent]\n|\n|win|tspinner5000\n|raw|tspinner5000's rating: 1594 &rarr; <strong>1619</strong><br />(+25 for winning)\n|raw|my evrything's rating: 1683 &rarr; <strong>1658</strong><br />(-25 for losing)\n|l|☆my evrything\n|player|p2|\n|l|☆tspinner5000\n|player|p1|\n", "uploadtime": 1771218971, "views": 5, "formatid": "gen9nationaldex", "rating": 1619, "private": 0, "password": null}