{"id": "gen9nationaldex-2540925552", "format": "[Gen 9] National Dex", "players": ["Machpunch93", "Pursuit Of Perfect"], "log": "|j|‽Machpunch93\n|j|☆Pursuit Of Perfect\n|t:|1771267748\n|gametype|singles\n|player|p1|Machpunch93|alder|1669\n|player|p2|Pursuit Of Perfect|lucy|1662\n|gen|9\n|tier|[Gen 9] National Dex\n|rated|\n|rule|HP Percentage Mod: HP is shown in percentages\n|rule|Endless Battle Clause: Forcing endless battles is banned\n|rule|Species Clause: Limit one of each Pokémon\n|rule|OHKO Clause: OHKO moves are banned\n|rule|Evasion Clause: Evasion abilities, items, and moves are banned\n|rule|Evasion Abilities Clause: Evasion abilities are banned\n|rule|Evasion Items Clause: Evasion items are banned\n|rule|Evasion Moves Clause: Evasion moves are banned\n|rule|Sleep Clause Mod: Limit one foe put to sleep\n|rule|Terastal Clause: You cannot Terastallize\n|clearpoke\n|poke|p1|Ferrothorn, M|\n|poke|p1|Garchomp, M|\n|poke|p1|Togekiss, M|\n|poke|p1|Gyarados, F|\n|poke|p1|Pelipper, M|\n|poke|p1|Goodra-Hisui, M|\n|poke|p2|Heracross, M|\n|poke|p2|Tyranitar, M|\n|poke|p2|Excadrill, M|\n|poke|p2|Moltres|\n|poke|p2|Amoonguss, F|\n|poke|p2|Gholdengo|\n|teampreview\n|\n|t:|1771267778\n|teamsize|p1|6\n|teamsize|p2|6\n|start\n|switch|p1a: Pelipper|Pelipper, M|100/100\n|switch|p2a: Heracross|Heracross, M|100/100\n|-weather|RainDance|[from] ability: Drizzle|[of] p1a: Pelipper\n|turn|1\n|\n|t:|1771267786\n|switch|p2a: Tyranitar|Tyranitar, M|100/100\n|-weather|Sandstorm|[from] ability: Sand Stream|[of] p2a: Tyranitar\n|move|p1a: Pelipper|Hurricane|p2a: Tyranitar\n|-resisted|p2a: Tyranitar\n|-damage|p2a: Tyranitar|86/100\n|\n|-weather|Sandstorm|[upkeep]\n|-damage|p1a: Pelipper|94/100|[from] Sandstorm\n|-heal|p2a: Tyranitar|92/100|[from] item: Leftovers\n|upkeep\n|turn|2\n|\n|t:|1771267799\n|switch|p1a: Ferrothorn|Ferrothorn, M|100/100\n|move|p2a: Tyranitar|Ice Beam|p1a: Ferrothorn\n|-damage|p1a: Ferrothorn|79/100\n|\n|-weather|Sandstorm|[upkeep]\n|-heal|p2a: Tyranitar|98/100|[from] item: Leftovers\n|upkeep\n|turn|3\n|\n|t:|1771267807\n|move|p2a: Tyranitar|Fire Blast|p1a: Ferrothorn\n|-supereffective|p1a: Ferrothorn\n|-damage|p1a: Ferrothorn|0 fnt\n|faint|p1a: Ferrothorn\n|\n|-weather|Sandstorm|[upkeep]\n|-heal|p2a: Tyranitar|100/100|[from] item: Leftovers\n|upkeep\n|\n|t:|1771267820\n|switch|p1a: Gyarados|Gyarados, F|100/100\n|-ability|p1a: Gyarados|Intimidate|boost\n|-unboost|p2a: Tyranitar|atk|1\n|turn|4\n|\n|t:|1771267825\n|switch|p2a: Amoonguss|Amoonguss, F|100/100\n|detailschange|p1a: Gyarados|Gyarados-Mega, F\n|-mega|p1a: Gyarados|Gyarados|Gyaradosite\n|-ability|p1a: Gyarados|Mold Breaker\n|move|p1a: Gyarados|Waterfall|p2a: Amoonguss\n|-resisted|p2a: Amoonguss\n|-damage|p2a: Amoonguss|84/100\n|-damage|p1a: Gyarados|84/100|[from] item: Rocky Helmet|[of] p2a: Amoonguss\n|\n|-weather|Sandstorm|[upkeep]\n|-damage|p1a: Gyarados|78/100|[from] Sandstorm\n|-damage|p2a: Amoonguss|78/100|[from] Sandstorm\n|upkeep\n|turn|5\n|\n|t:|1771267838\n|switch|p1a: Goodra|Goodra-Hisui, M|100/100\n|move|p2a: Amoonguss|Foul Play|p1a: Goodra\n|-damage|p1a: Goodra|80/100\n|\n|-weather|none\n|upkeep\n|turn|6\n|\n|t:|1771267848\n|switch|p2a: Heracross|Heracross, M|100/100\n|move|p1a: Goodra|Flamethrower|p2a: Heracross\n|-supereffective|p2a: Heracross\n|-damage|p2a: Heracross|23/100\n|\n|upkeep\n|turn|7\n|\n|t:|1771267856\n|switch|p1a: Togekiss|Togekiss, M|100/100\n|detailschange|p2a: Heracross|Heracross-Mega, M\n|-mega|p2a: Heracross|Heracross|Heracronite\n|move|p2a: Heracross|Rock Blast|p1a: Togekiss\n|-supereffective|p1a: Togekiss\n|-crit|p1a: Togekiss\n|-damage|p1a: Togekiss|57/100\n|-supereffective|p1a: Togekiss\n|-damage|p1a: Togekiss|25/100\n|-supereffective|p1a: Togekiss\n|-crit|p1a: Togekiss\n|-damage|p1a: Togekiss|0 fnt\n|faint|p1a: Togekiss\n|-hitcount|p1: Togekiss|3\n|\n|upkeep\n|\n|t:|1771267870\n|switch|p1a: Garchomp|Garchomp, M|100/100\n|turn|8\n|\n|t:|1771267875\n|move|p1a: Garchomp|Scale Shot|p2a: Heracross\n|-damage|p2a: Heracross|11/100\n|-damage|p2a: Heracross|0 fnt\n|faint|p2a: Heracross\n|detailschange|p2: Heracross|Heracross, M|[silent]\n|-hitcount|p2: Heracross|2\n|-unboost|p1a: Garchomp|def|1\n|-boost|p1a: Garchomp|spe|1\n|\n|upkeep\n|\n|t:|1771267881\n|switch|p2a: Amoonguss|Amoonguss, F|100/100\n|turn|9\n|\n|t:|1771267886\n|switch|p1a: Goodra|Goodra-Hisui, M|80/100\n|move|p2a: Amoonguss|Foul Play|p1a: Goodra\n|-damage|p1a: Goodra|59/100\n|\n|upkeep\n|turn|10\n|\n|t:|1771267896\n|switch|p2a: Moltres|Moltres|100/100\n|move|p1a: Goodra|Flash Cannon|p2a: Moltres\n|-resisted|p2a: Moltres\n|-damage|p2a: Moltres|80/100\n|\n|upkeep\n|turn|11\n|\n|t:|1771267902\n|move|p2a: Moltres|Scorching Sands|p1a: Goodra\n|-supereffective|p1a: Goodra\n|-damage|p1a: Goodra|42/100\n|move|p1a: Goodra|Thunderbolt|p2a: Moltres\n|-supereffective|p2a: Moltres\n|-damage|p2a: Moltres|22/100\n|\n|upkeep\n|turn|12\n|\n|t:|1771267909\n|move|p2a: Moltres|Roost|p2a: Moltres\n|-heal|p2a: Moltres|72/100\n|-singleturn|p2a: Moltres|move: Roost\n|move|p1a: Goodra|Thunderbolt|p2a: Moltres\n|-damage|p2a: Moltres|41/100\n|\n|upkeep\n|turn|13\n|\n|t:|1771267918\n|move|p2a: Moltres|Roost|p2a: Moltres\n|-heal|p2a: Moltres|91/100\n|-singleturn|p2a: Moltres|move: Roost\n|move|p1a: Goodra|Thunderbolt|p2a: Moltres\n|-damage|p2a: Moltres|62/100\n|\n|upkeep\n|turn|14\n|\n|t:|1771267927\n|switch|p2a: Excadrill|Excadrill, M|100/100\n|move|p1a: Goodra|Thunderbolt|p2a: Excadrill\n|-immune|p2a: Excadrill\n|\n|upkeep\n|turn|15\n|\n|t:|1771267941\n|switch|p1a: Pelipper|Pelipper, M|94/100\n|-weather|RainDance|[from] ability: Drizzle|[of] p1a: Pelipper\n|move|p2a: Excadrill|Earthquake|p1a: Pelipper\n|-immune|p1a: Pelipper\n|\n|-weather|RainDance|[upkeep]\n|upkeep\n|turn|16\n|\n|t:|1771267954\n|switch|p2a: Tyranitar|Tyranitar, M|100/100\n|-weather|Sandstorm|[from] ability: Sand Stream|[of] p2a: Tyranitar\n|move|p1a: Pelipper|Scald|p2a: Tyranitar\n|-supereffective|p2a: Tyranitar\n|-damage|p2a: Tyranitar|56/100\n|-status|p2a: Tyranitar|brn\n|\n|-weather|Sandstorm|[upkeep]\n|-damage|p1a: Pelipper|88/100|[from] Sandstorm\n|-heal|p2a: Tyranitar|62/100 brn|[from] item: Leftovers\n|-damage|p2a: Tyranitar|56/100 brn|[from] brn\n|upkeep\n|turn|17\n|\n|t:|1771267968\n|switch|p1a: Goodra|Goodra-Hisui, M|42/100\n|move|p2a: Tyranitar|Stealth Rock|p1a: Goodra\n|-sidestart|p1: Machpunch93|move: Stealth Rock\n|\n|-weather|Sandstorm|[upkeep]\n|-heal|p2a: Tyranitar|62/100 brn|[from] item: Leftovers\n|-damage|p2a: Tyranitar|56/100 brn|[from] brn\n|upkeep\n|turn|18\n|\n|t:|1771267977\n|switch|p2a: Excadrill|Excadrill, M|100/100\n|switch|p1a: Pelipper|Pelipper, M|88/100\n|-weather|RainDance|[from] ability: Drizzle|[of] p1a: Pelipper\n|\n|-weather|RainDance|[upkeep]\n|upkeep\n|turn|19\n|\n|t:|1771267985\n|switch|p2a: Gholdengo|Gholdengo|100/100\n|move|p1a: Pelipper|Defog|p2a: Gholdengo\n|-immune|p2a: Gholdengo|[from] ability: Good as Gold\n|\n|-weather|RainDance|[upkeep]\n|upkeep\n|turn|20\n|\n|t:|1771267993\n|switch|p1a: Goodra|Goodra-Hisui, M|42/100\n|-damage|p1a: Goodra|36/100|[from] Stealth Rock\n|move|p2a: Gholdengo|Shadow Ball|p1a: Goodra\n|-damage|p1a: Goodra|17/100\n|\n|-weather|RainDance|[upkeep]\n|upkeep\n|turn|21\n|\n|t:|1771268002\n|move|p2a: Gholdengo|Shadow Ball|p1a: Goodra\n|-damage|p1a: Goodra|0 fnt\n|faint|p1a: Goodra\n|\n|-weather|RainDance|[upkeep]\n|upkeep\n|\n|t:|1771268009\n|switch|p1a: Garchomp|Garchomp, M|100/100\n|-damage|p1a: Garchomp|94/100|[from] Stealth Rock\n|turn|22\n|\n|t:|1771268014\n|move|p1a: Garchomp|Swords Dance|p1a: Garchomp\n|-boost|p1a: Garchomp|atk|2\n|move|p2a: Gholdengo|Shadow Ball|p1a: Garchomp\n|-damage|p1a: Garchomp|52/100\n|-unboost|p1a: Garchomp|spd|1\n|\n|-weather|none\n|upkeep\n|turn|23\n|\n|t:|1771268025\n|move|p1a: Garchomp|Earthquake|p2a: Gholdengo\n|-supereffective|p2a: Gholdengo\n|-enditem|p2a: Gholdengo|Shuca Berry|[eat]\n|-enditem|p2a: Gholdengo|Shuca Berry|[weaken]\n|-damage|p2a: Gholdengo|3/100\n|move|p2a: Gholdengo|Make It Rain|p1a: Garchomp\n|-damage|p1a: Garchomp|0 fnt\n|-unboost|p2a: Gholdengo|spa|1\n|faint|p1a: Garchomp\n|\n|upkeep\n|\n|t:|1771268039\n|switch|p1a: Gyarados|Gyarados-Mega, F|78/100\n|-damage|p1a: Gyarados|65/100|[from] Stealth Rock\n|-ability|p1a: Gyarados|Mold Breaker\n|turn|24\n|\n|t:|1771268044\n|switch|p2a: Amoonguss|Amoonguss, F|100/100\n|move|p1a: Gyarados|Dragon Dance|p1a: Gyarados\n|-boost|p1a: Gyarados|atk|1\n|-boost|p1a: Gyarados|spe|1\n|\n|upkeep\n|turn|25\n|\n|t:|1771268051\n|move|p1a: Gyarados|Crunch|p2a: Amoonguss\n|-damage|p2a: Amoonguss|48/100\n|-damage|p1a: Gyarados|49/100|[from] item: Rocky Helmet|[of] p2a: Amoonguss\n|move|p2a: Amoonguss|Giga Drain|p1a: Gyarados\n|-supereffective|p1a: Gyarados\n|-damage|p1a: Gyarados|14/100\n|-heal|p2a: Amoonguss|61/100|[from] drain|[of] p1a: Gyarados\n|\n|upkeep\n|turn|26\n|\n|t:|1771268060\n|switch|p2a: Tyranitar|Tyranitar, M|56/100 brn\n|-weather|Sandstorm|[from] ability: Sand Stream|[of] p2a: Tyranitar\n|move|p1a: Gyarados|Crunch|p2a: Tyranitar\n|-resisted|p2a: Tyranitar\n|-damage|p2a: Tyranitar|31/100 brn\n|\n|-weather|Sandstorm|[upkeep]\n|-damage|p1a: Gyarados|8/100|[from] Sandstorm\n|-heal|p2a: Tyranitar|38/100 brn|[from] item: Leftovers\n|-damage|p2a: Tyranitar|31/100 brn|[from] brn\n|upkeep\n|turn|27\n|\n|t:|1771268077\n|switch|p2a: Moltres|Moltres|62/100\n|move|p1a: Gyarados|Waterfall|p2a: Moltres\n|-supereffective|p2a: Moltres\n|-damage|p2a: Moltres|0 fnt\n|faint|p2a: Moltres\n|\n|-weather|Sandstorm|[upkeep]\n|-damage|p1a: Gyarados|2/100|[from] Sandstorm\n|upkeep\n|\n|t:|1771268080\n|switch|p2a: Excadrill|Excadrill, M|100/100\n|turn|28\n|\n|t:|1771268090\n|switch|p1a: Pelipper|Pelipper, M|88/100\n|-weather|RainDance|[from] ability: Drizzle|[of] p1a: Pelipper\n|move|p2a: Excadrill|Iron Head|p1a: Pelipper\n|-resisted|p1a: Pelipper\n|-damage|p1a: Pelipper|66/100\n|\n|-weather|RainDance|[upkeep]\n|upkeep\n|turn|29\n|j| peregrine99\n|\n|t:|1771268099\n|switch|p2a: Tyranitar|Tyranitar, M|31/100 brn\n|-weather|Sandstorm|[from] ability: Sand Stream|[of] p2a: Tyranitar\n|move|p1a: Pelipper|Defog|p2a: Tyranitar\n|-unboost|p2a: Tyranitar|evasion|1\n|-sideend|p1: Machpunch93|Stealth Rock|[from] move: Defog|[of] p1a: Pelipper\n|\n|-weather|Sandstorm|[upkeep]\n|-damage|p1a: Pelipper|60/100|[from] Sandstorm\n|-heal|p2a: Tyranitar|38/100 brn|[from] item: Leftovers\n|-damage|p2a: Tyranitar|31/100 brn|[from] brn\n|upkeep\n|turn|30\n|\n|t:|1771268110\n|move|p1a: Pelipper|Scald|p2a: Tyranitar\n|-supereffective|p2a: Tyranitar\n|-damage|p2a: Tyranitar|0 fnt\n|faint|p2a: Tyranitar\n|\n|-weather|Sandstorm|[upkeep]\n|-damage|p1a: Pelipper|54/100|[from] Sandstorm\n|upkeep\n|\n|t:|1771268113\n|switch|p2a: Gholdengo|Gholdengo|3/100\n|turn|31\n|\n|t:|1771268121\n|switch|p1a: Gyarados|Gyarados-Mega, F|2/100\n|-ability|p1a: Gyarados|Mold Breaker\n|move|p2a: Gholdengo|Shadow Ball|p1a: Gyarados\n|-resisted|p1a: Gyarados\n|-damage|p1a: Gyarados|0 fnt\n|faint|p1a: Gyarados\n|detailschange|p1: Gyarados|Gyarados, F|[silent]\n|\n|-weather|Sandstorm|[upkeep]\n|upkeep\n|\n|t:|1771268131\n|switch|p1a: Pelipper|Pelipper, M|54/100\n|-weather|RainDance|[from] ability: Drizzle|[of] p1a: Pelipper\n|turn|32\n|\n|t:|1771268136\n|move|p2a: Gholdengo|Shadow Ball|p1a: Pelipper\n|-crit|p1a: Pelipper\n|-damage|p1a: Pelipper|0 fnt\n|faint|p1a: Pelipper\n|\n|win|Pursuit Of Perfect\n|raw|Machpunch93's rating: 1669 &rarr; <strong>1649</strong><br />(-20 for losing)\n|raw|Pursuit Of Perfect's rating: 1662 &rarr; <strong>1682</strong><br />(+20 for winning)\n|l|‽Machpunch93\n|player|p1|\n|l|☆Pursuit Of Perfect\n|player|p2|\n|l| peregrine99\n", "uploadtime": 1771268370, "views": 1, "formatid": "gen9nationaldex", "rating": 1649, "private": 0, "password": null}