{"id": "gen9nationaldex-2540835189", "format": "[Gen 9] National Dex", "players": ["BiuJJ", "Yaoshi"], "log": "|j|☆BiuJJ\n|j|☆Yaoshi\n|t:|1771258951\n|gametype|singles\n|player|p1|BiuJJ|266|1736\n|player|p2|Yaoshi|silver-masters|1608\n|gen|9\n|tier|[Gen 9] National Dex\n|rated|\n|rule|HP Percentage Mod: HP is shown in percentages\n|rule|Endless Battle Clause: Forcing endless battles is banned\n|rule|Species Clause: Limit one of each Pokémon\n|rule|OHKO Clause: OHKO moves are banned\n|rule|Evasion Clause: Evasion abilities, items, and moves are banned\n|rule|Evasion Abilities Clause: Evasion abilities are banned\n|rule|Evasion Items Clause: Evasion items are banned\n|rule|Evasion Moves Clause: Evasion moves are banned\n|rule|Sleep Clause Mod: Limit one foe put to sleep\n|rule|Terastal Clause: You cannot Terastallize\n|clearpoke\n|poke|p1|Mimikyu, M|\n|poke|p1|Cresselia, F|\n|poke|p1|Samurott-Hisui, M|\n|poke|p1|Sinistcha|\n|poke|p1|Carbink, L1|\n|poke|p1|Mawile, F|\n|poke|p2|Landorus-Therian, M|\n|poke|p2|Gallade, M|\n|poke|p2|Victini|\n|poke|p2|Aegislash, F|\n|poke|p2|Zeraora|\n|poke|p2|Alomomola, M|\n|teampreview\n|inactive|Battle timer is ON: inactive players will automatically lose when time's up. (requested by Yaoshi)\n|inactive|Yaoshi has 120 seconds left.\n|\n|t:|1771258997\n|teamsize|p1|6\n|teamsize|p2|6\n|start\n|switch|p1a: SimplePawn|Carbink, L1|100/100\n|switch|p2a: Landorus|Landorus-Therian, M, shiny|100/100\n|-ability|p2a: Landorus|Intimidate|boost\n|-unboost|p1a: SimplePawn|atk|1\n|turn|1\n|\n|t:|1771259012\n|switch|p2a: Aegislash|Aegislash, F, shiny|100/100\n|move|p1a: SimplePawn|Trick Room|p1a: SimplePawn\n|-fieldstart|move: Trick Room|[of] p1a: SimplePawn\n|\n|upkeep\n|turn|2\n|\n|t:|1771259016\n|move|p1a: SimplePawn|Stealth Rock|p2a: Aegislash\n|-sidestart|p2: Yaoshi|move: Stealth Rock\n|move|p2a: Aegislash|Toxic|p1a: SimplePawn\n|-status|p1a: SimplePawn|tox\n|\n|-damage|p1a: SimplePawn|92/100 tox|[from] psn\n|upkeep\n|turn|3\n|\n|t:|1771259020\n|switch|p1a: StacheKnight|Samurott-Hisui, M|100/100\n|move|p2a: Aegislash|King's Shield||[still]\n|-fail|p2a: Aegislash\n|\n|upkeep\n|turn|4\n|\n|t:|1771259025\n|move|p2a: Aegislash|Toxic|p1a: StacheKnight\n|-status|p1a: StacheKnight|tox\n|move|p1a: StacheKnight|Encore|p2a: Aegislash\n|-start|p2a: Aegislash|Encore\n|\n|-damage|p1a: StacheKnight|94/100 tox|[from] psn\n|upkeep\n|turn|5\n|\n|t:|1771259029\n|switch|p2a: Alomomola|Alomomola, M|100/100\n|-damage|p2a: Alomomola|88/100|[from] Stealth Rock\n|move|p1a: StacheKnight|Ceaseless Edge|p2a: Alomomola\n|-damage|p2a: Alomomola|56/100\n|-damage|p1a: StacheKnight|78/100 tox|[from] item: Rocky Helmet|[of] p2a: Alomomola\n|-sidestart|p2: Yaoshi|Spikes\n|-damage|p1a: StacheKnight|68/100 tox|[from] item: Life Orb\n|\n|-damage|p1a: StacheKnight|55/100 tox|[from] psn\n|-fieldend|move: Trick Room\n|upkeep\n|turn|6\n|\n|t:|1771259034\n|move|p1a: StacheKnight|Swords Dance|p1a: StacheKnight\n|-boost|p1a: StacheKnight|atk|2\n|move|p2a: Alomomola|Flip Turn|p1a: StacheKnight\n|-resisted|p1a: StacheKnight\n|-damage|p1a: StacheKnight|46/100 tox\n|\n|t:|1771259038\n|switch|p2a: Landorus|Landorus-Therian, M, shiny|100/100|[from] Flip Turn\n|-damage|p2a: Landorus|88/100|[from] Stealth Rock\n|-ability|p2a: Landorus|Intimidate|boost\n|-unboost|p1a: StacheKnight|atk|1\n|\n|-damage|p1a: StacheKnight|28/100 tox|[from] psn\n|upkeep\n|turn|7\n|\n|t:|1771259046\n|move|p2a: Landorus|Defog|p1a: StacheKnight\n|-unboost|p1a: StacheKnight|evasion|1\n|-sideend|p2: Yaoshi|Spikes|[from] move: Defog|[of] p2a: Landorus\n|-sideend|p2: Yaoshi|Stealth Rock|[from] move: Defog|[of] p2a: Landorus\n|move|p1a: StacheKnight|Ceaseless Edge|p2a: Landorus\n|-damage|p2a: Landorus|0 fnt\n|-sidestart|p2: Yaoshi|Spikes\n|faint|p2a: Landorus\n|-damage|p1a: StacheKnight|18/100 tox|[from] item: Life Orb\n|\n|-damage|p1a: StacheKnight|0 fnt|[from] psn\n|faint|p1a: StacheKnight\n|upkeep\n|\n|t:|1771259054\n|switch|p2a: Alomomola|Alomomola, M|90/100\n|switch|p1a: TeaShop|Sinistcha|100/100\n|-damage|p2a: Alomomola|77/100|[from] Spikes\n|turn|8\n|\n|t:|1771259064\n|switch|p2a: Victini|Victini|100/100\n|-damage|p2a: Victini|88/100|[from] Spikes\n|move|p1a: TeaShop|Trick Room|p1a: TeaShop\n|-fieldstart|move: Trick Room|[of] p1a: TeaShop\n|\n|upkeep\n|turn|9\n|\n|t:|1771259072\n|move|p1a: TeaShop|Shadow Ball|p2a: Victini\n|-supereffective|p2a: Victini\n|-damage|p2a: Victini|0 fnt\n|faint|p2a: Victini\n|\n|upkeep\n|\n|t:|1771259076\n|switch|p2a: Aegislash|Aegislash, F, shiny|100/100\n|-damage|p2a: Aegislash|88/100|[from] Spikes\n|turn|10\n|\n|t:|1771259094\n|move|p1a: TeaShop|Nasty Plot|p1a: TeaShop\n|-boost|p1a: TeaShop|spa|2\n|-formechange|p2a: Aegislash|Aegislash-Blade||[from] ability: Stance Change\n|move|p2a: Aegislash|Shadow Ball|p1a: TeaShop\n|-supereffective|p1a: TeaShop\n|-damage|p1a: TeaShop|5/100\n|\n|-heal|p2a: Aegislash|94/100|[from] item: Leftovers\n|upkeep\n|turn|11\n|\n|t:|1771259103\n|switch|p1a: MimiKing|Mimikyu, M|100/100\n|-formechange|p2a: Aegislash|Aegislash||[from] ability: Stance Change\n|move|p2a: Aegislash|King's Shield||[still]\n|-fail|p2a: Aegislash\n|\n|-heal|p2a: Aegislash|100/100|[from] item: Leftovers\n|upkeep\n|turn|12\n|\n|t:|1771259112\n|move|p2a: Aegislash|Toxic|p1a: MimiKing\n|-status|p1a: MimiKing|tox\n|move|p1a: MimiKing|Curse|p2a: Aegislash\n|-start|p2a: Aegislash|Curse|[of] p1a: MimiKing\n|-damage|p1a: MimiKing|50/100 tox\n|\n|-damage|p1a: MimiKing|44/100 tox|[from] psn\n|-damage|p2a: Aegislash|75/100|[from] Curse\n|-fieldend|move: Trick Room\n|upkeep\n|turn|13\n|\n|t:|1771259117\n|-formechange|p2a: Aegislash|Aegislash-Blade||[from] ability: Stance Change\n|move|p2a: Aegislash|Shadow Ball|p1a: MimiKing\n|-activate|p1a: MimiKing|ability: Disguise\n|-damage|p1a: MimiKing|44/100 tox\n|-unboost|p1a: MimiKing|spd|1\n|detailschange|p1a: MimiKing|Mimikyu-Busted, M\n|-damage|p1a: MimiKing|32/100 tox|[from] pokemon: Mimikyu-Busted\n|-enditem|p1a: MimiKing|Red Card|[of] p2a: Aegislash\n|drag|p2a: Gallade|Gallade, M, shiny|100/100\n|-damage|p2a: Gallade|88/100|[from] Spikes\n|move|p1a: MimiKing|Trick Room|p1a: MimiKing\n|-fieldstart|move: Trick Room|[of] p1a: MimiKing\n|\n|-damage|p1a: MimiKing|20/100 tox|[from] psn\n|upkeep\n|turn|14\n|\n|t:|1771259125\n|switch|p2a: Alomomola|Alomomola, M|100/100\n|-damage|p2a: Alomomola|88/100|[from] Spikes\n|move|p1a: MimiKing|Curse|p2a: Alomomola\n|-start|p2a: Alomomola|Curse|[of] p1a: MimiKing\n|-damage|p1a: MimiKing|0 fnt\n|faint|p1a: MimiKing\n|\n|-damage|p2a: Alomomola|63/100|[from] Curse\n|upkeep\n|\n|t:|1771259134\n|switch|p1a: SimplePawn|Carbink, L1|92/100 tox\n|turn|15\n|\n|t:|1771259137\n|move|p1a: SimplePawn|Endeavor|p2a: Alomomola\n|-damage|p2a: Alomomola|3/100\n|-damage|p1a: SimplePawn|75/100 tox|[from] item: Rocky Helmet|[of] p2a: Alomomola\n|move|p2a: Alomomola|Flip Turn|p1a: SimplePawn\n|-supereffective|p1a: SimplePawn\n|-damage|p1a: SimplePawn|0 fnt\n|faint|p1a: SimplePawn\n|\n|t:|1771259147\n|switch|p2a: Zeraora|Zeraora|100/100|[from] Flip Turn\n|-damage|p2a: Zeraora|88/100|[from] Spikes\n|\n|-heal|p2a: Zeraora|94/100|[from] item: Leftovers\n|upkeep\n|\n|t:|1771259152\n|switch|p1a: MadQueen|Mawile, F|100/100\n|-ability|p1a: MadQueen|Intimidate|boost\n|-unboost|p2a: Zeraora|atk|1\n|turn|16\n|\n|t:|1771259156\n|detailschange|p1a: MadQueen|Mawile-Mega, F\n|-mega|p1a: MadQueen|Mawile|Mawilite\n|move|p1a: MadQueen|Play Rough|p2a: Zeraora\n|-damage|p2a: Zeraora|0 fnt\n|faint|p2a: Zeraora\n|\n|upkeep\n|\n|t:|1771259164\n|switch|p2a: Alomomola|Alomomola, M|36/100\n|-damage|p2a: Alomomola|24/100|[from] Spikes\n|turn|17\n|\n|t:|1771259167\n|switch|p2a: Aegislash|Aegislash, F, shiny|75/100\n|-damage|p2a: Aegislash|63/100|[from] Spikes\n|move|p1a: MadQueen|Swords Dance|p1a: MadQueen\n|-boost|p1a: MadQueen|atk|2\n|\n|-heal|p2a: Aegislash|69/100|[from] item: Leftovers\n|-fieldend|move: Trick Room\n|upkeep\n|turn|18\n|\n|t:|1771259170\n|-formechange|p2a: Aegislash|Aegislash-Blade||[from] ability: Stance Change\n|move|p2a: Aegislash|Shadow Ball|p1a: MadQueen\n|-damage|p1a: MadQueen|61/100\n|move|p1a: MadQueen|Thunder Punch|p2a: Aegislash\n|-damage|p2a: Aegislash|0 fnt\n|faint|p2a: Aegislash\n|\n|upkeep\n|\n|t:|1771259175\n|switch|p2a: Alomomola|Alomomola, M|57/100\n|-damage|p2a: Alomomola|45/100|[from] Spikes\n|turn|19\n|\n|t:|1771259191\n|move|p2a: Alomomola|Protect|p2a: Alomomola\n|-singleturn|p2a: Alomomola|Protect\n|move|p1a: MadQueen|Thunder Punch|p2a: Alomomola\n|-activate|p2a: Alomomola|move: Protect\n|\n|upkeep\n|turn|20\n|\n|t:|1771259198\n|move|p2a: Alomomola|Scald|p1a: MadQueen\n|-crit|p1a: MadQueen\n|-damage|p1a: MadQueen|38/100\n|move|p1a: MadQueen|Thunder Punch|p2a: Alomomola\n|-supereffective|p2a: Alomomola\n|-damage|p2a: Alomomola|0 fnt\n|-damage|p1a: MadQueen|21/100|[from] item: Rocky Helmet|[of] p2a: Alomomola\n|faint|p2a: Alomomola\n|\n|upkeep\n|\n|t:|1771259203\n|switch|p2a: Gallade|Gallade, M, shiny|88/100\n|-damage|p2a: Gallade|76/100|[from] Spikes\n|turn|21\n|\n|t:|1771259208\n|switch|p1a: HealTower|Cresselia, F|100/100\n|detailschange|p2a: Gallade|Gallade-Mega, M, shiny\n|-mega|p2a: Gallade|Gallade|Galladite\n|move|p2a: Gallade|Bulk Up|p2a: Gallade\n|-boost|p2a: Gallade|atk|1\n|-boost|p2a: Gallade|def|1\n|\n|upkeep\n|turn|22\n|\n|t:|1771259214\n|move|p2a: Gallade|Bulk Up|p2a: Gallade\n|-boost|p2a: Gallade|atk|1\n|-boost|p2a: Gallade|def|1\n|move|p1a: HealTower|Trick Room|p1a: HealTower\n|-fieldstart|move: Trick Room|[of] p1a: HealTower\n|\n|upkeep\n|turn|23\n|\n|t:|1771259217\n|move|p1a: HealTower|Lunar Dance|p1a: HealTower\n|faint|p1a: HealTower\n|move|p2a: Gallade|Bulk Up|p2a: Gallade\n|-boost|p2a: Gallade|atk|1\n|-boost|p2a: Gallade|def|1\n|\n|upkeep\n|\n|t:|1771259219\n|switch|p1a: TeaShop|Sinistcha|5/100\n|-heal|p1a: TeaShop|100/100|[from] move: Lunar Dance\n|turn|24\n|\n|t:|1771259225\n|-zpower|p1a: TeaShop\n|move|p1a: TeaShop|Never-Ending Nightmare|p2a: Gallade|[zeffect]\n|-supereffective|p2a: Gallade\n|-damage|p2a: Gallade|0 fnt\n|faint|p2a: Gallade\n|detailschange|p2: Gallade|Gallade, M, shiny|[silent]\n|\n|win|BiuJJ\n|raw|BiuJJ's rating: 1736 &rarr; <strong>1749</strong><br />(+13 for winning)\n|raw|Yaoshi's rating: 1608 &rarr; <strong>1595</strong><br />(-13 for losing)\n|l|☆BiuJJ\n|player|p1|\n|j|☆BiuJJ\n|player|p1|BiuJJ|266|\n|l|☆BiuJJ\n|player|p1|\n", "uploadtime": 1771259444, "views": 5, "formatid": "gen9nationaldex", "rating": 1595, "private": 0, "password": null}