{"id": "gen9nationaldex-2540527881", "format": "[Gen 9] National Dex", "players": ["emsioab", "calamityiscoming2"], "log": "|j|☆emsioab\n|j|☆calamityiscoming2\n|t:|1771213415\n|gametype|singles\n|player|p1|emsioab|170|1786\n|player|p2|calamityiscoming2|bellelba|1844\n|gen|9\n|tier|[Gen 9] National Dex\n|rated|\n|rule|HP Percentage Mod: HP is shown in percentages\n|rule|Endless Battle Clause: Forcing endless battles is banned\n|rule|Species Clause: Limit one of each Pokémon\n|rule|OHKO Clause: OHKO moves are banned\n|rule|Evasion Clause: Evasion abilities, items, and moves are banned\n|rule|Evasion Abilities Clause: Evasion abilities are banned\n|rule|Evasion Items Clause: Evasion items are banned\n|rule|Evasion Moves Clause: Evasion moves are banned\n|rule|Sleep Clause Mod: Limit one foe put to sleep\n|rule|Terastal Clause: You cannot Terastallize\n|clearpoke\n|poke|p1|Ogerpon-Wellspring, F|\n|poke|p1|Clodsire, F|\n|poke|p1|Archaludon, M|\n|poke|p1|Banette, F|\n|poke|p1|Togekiss, F|\n|poke|p1|Kingambit, F|\n|poke|p2|Zamazenta-*|\n|poke|p2|Iron Crown|\n|poke|p2|Gholdengo|\n|poke|p2|Kingambit, F|\n|poke|p2|Dragonite, F|\n|poke|p2|Raging Bolt|\n|teampreview\n|inactive|Battle timer is ON: inactive players will automatically lose when time's up. (requested by emsioab)\n|\n|t:|1771213432\n|teamsize|p1|6\n|teamsize|p2|6\n|start\n|switch|p1a: Togekiss|Togekiss, F|100/100\n|switch|p2a: Dragonite|Dragonite, F|100/100\n|turn|1\n|\n|t:|1771213444\n|switch|p2a: Gholdengo|Gholdengo|100/100\n|-item|p2a: Gholdengo|Air Balloon\n|move|p1a: Togekiss|Dazzling Gleam|p2a: Gholdengo\n|-resisted|p2a: Gholdengo\n|-damage|p2a: Gholdengo|77/100\n|-enditem|p2a: Gholdengo|Air Balloon\n|\n|upkeep\n|turn|2\n|\n|t:|1771213451\n|switch|p1a: Clodsire|Clodsire, F|100/100\n|switch|p2a: Kingambit|Kingambit, F|100/100\n|\n|upkeep\n|turn|3\n|\n|t:|1771213454\n|switch|p1a: Archaludon|Archaludon, M|100/100\n|move|p2a: Kingambit|Knock Off|p1a: Archaludon\n|-damage|p1a: Archaludon|50/100\n|-ability|p1a: Archaludon|Stamina|boost\n|-boost|p1a: Archaludon|def|1\n|-enditem|p1a: Archaludon|Leftovers|[from] move: Knock Off|[of] p2a: Kingambit\n|\n|upkeep\n|turn|4\n|\n|t:|1771213459\n|-end|p2a: Kingambit|fallenundefined|[silent]\n|switch|p2a: Gholdengo|Gholdengo|77/100\n|move|p1a: Archaludon|Electro Shot||[still]\n|-prepare|p1a: Archaludon|Electro Shot\n|-boost|p1a: Archaludon|spa|1\n|\n|upkeep\n|turn|5\n|\n|t:|1771213462\n|move|p2a: Gholdengo|Focus Blast|p1a: Archaludon\n|-supereffective|p1a: Archaludon\n|-damage|p1a: Archaludon|0 fnt\n|faint|p1a: Archaludon\n|\n|upkeep\n|\n|t:|1771213467\n|switch|p1a: Clodsire|Clodsire, F|100/100\n|turn|6\n|c|☆calamityiscoming2|biblical greed\n|\n|t:|1771213470\n|switch|p2a: Kingambit|Kingambit, F|100/100\n|move|p1a: Clodsire|Stealth Rock|p2a: Kingambit\n|-sidestart|p2: calamityiscoming2|move: Stealth Rock\n|\n|upkeep\n|turn|7\n|\n|t:|1771213474\n|switch|p1a: Kingambit|Kingambit, F|100/100\n|-activate|p1a: Kingambit|ability: Supreme Overlord\n|-start|p1a: Kingambit|fallen1|[silent]\n|move|p2a: Kingambit|Knock Off|p1a: Kingambit\n|-resisted|p1a: Kingambit\n|-damage|p1a: Kingambit|77/100\n|-enditem|p1a: Kingambit|Black Glasses|[from] move: Knock Off|[of] p2a: Kingambit\n|\n|upkeep\n|turn|8\n|\n|t:|1771213480\n|move|p2a: Kingambit|Low Kick|p1a: Kingambit\n|-supereffective|p1a: Kingambit\n|-damage|p1a: Kingambit|0 fnt\n|faint|p1a: Kingambit\n|-end|p1a: Kingambit|fallen1|[silent]\n|\n|upkeep\n|\n|t:|1771213481\n|switch|p1a: Ogerpon|Ogerpon-Wellspring, F|100/100\n|turn|9\n|\n|t:|1771213487\n|-end|p2a: Kingambit|fallenundefined|[silent]\n|switch|p2a: Zamazenta|Zamazenta|100/100\n|-damage|p2a: Zamazenta|94/100|[from] Stealth Rock\n|-ability|p2a: Zamazenta|Dauntless Shield|boost\n|-boost|p2a: Zamazenta|def|1\n|move|p1a: Ogerpon|Low Kick|p2a: Zamazenta\n|-damage|p2a: Zamazenta|71/100\n|\n|upkeep\n|turn|10\n|\n|t:|1771213491\n|move|p2a: Zamazenta|Reflect|p2a: Zamazenta\n|-sidestart|p2: calamityiscoming2|Reflect\n|move|p1a: Ogerpon|Swords Dance|p1a: Ogerpon\n|-boost|p1a: Ogerpon|atk|2\n|\n|upkeep\n|turn|11\n|\n|t:|1771213493\n|move|p1a: Ogerpon|Swords Dance|p1a: Ogerpon\n|-boost|p1a: Ogerpon|atk|2\n|move|p2a: Zamazenta|Roar|p1a: Ogerpon\n|drag|p1a: Togekiss|Togekiss, F|100/100\n|\n|upkeep\n|turn|12\n|\n|t:|1771213497\n|move|p1a: Togekiss|Air Slash|p2a: Zamazenta\n|-supereffective|p2a: Zamazenta\n|-damage|p2a: Zamazenta|15/100\n|move|p2a: Zamazenta|Light Screen|p2a: Zamazenta\n|-sidestart|p2: calamityiscoming2|move: Light Screen\n|\n|upkeep\n|turn|13\n|\n|t:|1771213502\n|switch|p2a: Gholdengo|Gholdengo|77/100\n|-damage|p2a: Gholdengo|71/100|[from] Stealth Rock\n|move|p1a: Togekiss|Air Slash|p2a: Gholdengo\n|-resisted|p2a: Gholdengo\n|-damage|p2a: Gholdengo|60/100\n|\n|upkeep\n|turn|14\n|\n|t:|1771213505\n|switch|p1a: Clodsire|Clodsire, F|100/100\n|move|p2a: Gholdengo|Make It Rain|p1a: Clodsire\n|-damage|p1a: Clodsire|68/100\n|-unboost|p2a: Gholdengo|spa|1\n|\n|-heal|p1a: Clodsire|74/100|[from] item: Black Sludge\n|upkeep\n|turn|15\n|\n|t:|1771213509\n|switch|p1a: Ogerpon|Ogerpon-Wellspring, F|100/100\n|move|p2a: Gholdengo|Make It Rain|p1a: Ogerpon\n|-resisted|p1a: Ogerpon\n|-damage|p1a: Ogerpon|77/100\n|-unboost|p2a: Gholdengo|spa|1\n|\n|upkeep\n|turn|16\n|\n|t:|1771213514\n|switch|p2a: Dragonite|Dragonite, F|100/100\n|-damage|p2a: Dragonite|76/100|[from] Stealth Rock\n|move|p1a: Ogerpon|Swords Dance|p1a: Ogerpon\n|-boost|p1a: Ogerpon|atk|2\n|\n|upkeep\n|turn|17\n|\n|t:|1771213516\n|move|p1a: Ogerpon|Ivy Cudgel|p2a: Dragonite|[anim] Ivy Cudgel Water\n|-resisted|p2a: Dragonite\n|-damage|p2a: Dragonite|45/100\n|move|p2a: Dragonite|Dragon Dance|p2a: Dragonite\n|-boost|p2a: Dragonite|atk|1\n|-boost|p2a: Dragonite|spe|1\n|\n|-sideend|p2: calamityiscoming2|Reflect\n|upkeep\n|turn|18\n|\n|t:|1771213520\n|switch|p1a: Togekiss|Togekiss, F|100/100\n|-zpower|p2a: Dragonite\n|move|p2a: Dragonite|Devastating Drake|p1a: Togekiss|[zeffect]\n|-immune|p1a: Togekiss\n|\n|upkeep\n|turn|19\n|\n|t:|1771213522\n|move|p1a: Togekiss|Dazzling Gleam|p2a: Dragonite\n|-supereffective|p2a: Dragonite\n|-damage|p2a: Dragonite|0 fnt\n|faint|p2a: Dragonite\n|\n|-sideend|p2: calamityiscoming2|move: Light Screen\n|upkeep\n|\n|t:|1771213531\n|switch|p2a: Gholdengo|Gholdengo|60/100\n|-damage|p2a: Gholdengo|54/100|[from] Stealth Rock\n|turn|20\n|\n|t:|1771213533\n|switch|p1a: Clodsire|Clodsire, F|74/100\n|switch|p2a: Kingambit|Kingambit, F|100/100\n|-damage|p2a: Kingambit|94/100|[from] Stealth Rock\n|-activate|p2a: Kingambit|ability: Supreme Overlord\n|-start|p2a: Kingambit|fallen1|[silent]\n|\n|-heal|p1a: Clodsire|80/100|[from] item: Black Sludge\n|upkeep\n|turn|21\n|\n|t:|1771213540\n|switch|p1a: Togekiss|Togekiss, F|100/100\n|move|p2a: Kingambit|Knock Off|p1a: Togekiss\n|-resisted|p1a: Togekiss\n|-damage|p1a: Togekiss|53/100\n|-enditem|p1a: Togekiss|Choice Scarf|[from] move: Knock Off|[of] p2a: Kingambit\n|\n|upkeep\n|turn|22\n|\n|t:|1771213544\n|move|p1a: Togekiss|Trick|p2a: Kingambit\n|-activate|p1a: Togekiss|move: Trick|[of] p2a: Kingambit\n|-enditem|p2a: Kingambit|Black Glasses|[silent]|[from] move: Trick\n|-item|p1a: Togekiss|Black Glasses|[from] move: Trick\n|move|p2a: Kingambit|Swords Dance|p2a: Kingambit\n|-boost|p2a: Kingambit|atk|2\n|\n|upkeep\n|turn|23\n|\n|t:|1771213550\n|move|p2a: Kingambit|Sucker Punch|p1a: Togekiss\n|-resisted|p1a: Togekiss\n|-damage|p1a: Togekiss|0 fnt\n|faint|p1a: Togekiss\n|\n|upkeep\n|\n|t:|1771213552\n|switch|p1a: Banette|Banette, F|100/100\n|turn|24\n|\n|t:|1771213555\n|detailschange|p1a: Banette|Banette-Mega, F\n|-mega|p1a: Banette|Banette|Banettite\n|move|p2a: Kingambit|Sucker Punch||[still]\n|-fail|p2a: Kingambit\n|move|p1a: Banette|Destiny Bond|p1a: Banette\n|-singlemove|p1a: Banette|Destiny Bond\n|\n|upkeep\n|turn|25\n|\n|t:|1771213557\n|move|p2a: Kingambit|Knock Off|p1a: Banette\n|-supereffective|p1a: Banette\n|-damage|p1a: Banette|0 fnt\n|faint|p1a: Banette\n|-activate|p1a: Banette|move: Destiny Bond\n|detailschange|p1: Banette|Banette, F|[silent]\n|faint|p2a: Kingambit\n|-end|p2a: Kingambit|fallen1|[silent]\n|\n|upkeep\n|\n|t:|1771213563\n|switch|p2a: Zamazenta|Zamazenta|15/100\n|switch|p1a: Ogerpon|Ogerpon-Wellspring, F|77/100\n|-damage|p2a: Zamazenta|9/100|[from] Stealth Rock\n|turn|26\n|\n|t:|1771213566\n|move|p2a: Zamazenta|Reflect|p2a: Zamazenta\n|-sidestart|p2: calamityiscoming2|Reflect\n|move|p1a: Ogerpon|Ivy Cudgel|p2a: Zamazenta|[anim] Ivy Cudgel Water\n|-damage|p2a: Zamazenta|0 fnt\n|faint|p2a: Zamazenta\n|\n|upkeep\n|\n|t:|1771213567\n|switch|p2a: Iron Crown|Iron Crown|100/100\n|-damage|p2a: Iron Crown|94/100|[from] Stealth Rock\n|-enditem|p2a: Iron Crown|Booster Energy\n|-activate|p2a: Iron Crown|ability: Quark Drive|[fromitem]\n|-start|p2a: Iron Crown|quarkdrivespe\n|turn|27\n|\n|t:|1771213572\n|switch|p1a: Clodsire|Clodsire, F|80/100\n|move|p2a: Iron Crown|Iron Defense|p2a: Iron Crown\n|-boost|p2a: Iron Crown|def|2\n|\n|-heal|p1a: Clodsire|87/100|[from] item: Black Sludge\n|upkeep\n|turn|28\n|\n|t:|1771213577\n|move|p2a: Iron Crown|Iron Defense|p2a: Iron Crown\n|-boost|p2a: Iron Crown|def|2\n|move|p1a: Clodsire|Earthquake|p2a: Iron Crown\n|-supereffective|p2a: Iron Crown\n|-damage|p2a: Iron Crown|68/100\n|\n|-heal|p1a: Clodsire|93/100|[from] item: Black Sludge\n|upkeep\n|turn|29\n|\n|t:|1771213582\n|move|p2a: Iron Crown|Iron Defense|p2a: Iron Crown\n|-boost|p2a: Iron Crown|def|2\n|move|p1a: Clodsire|Earthquake|p2a: Iron Crown\n|-supereffective|p2a: Iron Crown\n|-damage|p2a: Iron Crown|42/100\n|\n|-heal|p1a: Clodsire|99/100|[from] item: Black Sludge\n|upkeep\n|turn|30\n|\n|t:|1771213584\n|move|p2a: Iron Crown|Stored Power|p1a: Clodsire\n|-supereffective|p1a: Clodsire\n|-damage|p1a: Clodsire|33/100\n|move|p1a: Clodsire|Earthquake|p2a: Iron Crown\n|-supereffective|p2a: Iron Crown\n|-damage|p2a: Iron Crown|16/100\n|\n|-heal|p1a: Clodsire|40/100|[from] item: Black Sludge\n|upkeep\n|turn|31\n|\n|t:|1771213589\n|move|p2a: Iron Crown|Stored Power|p1a: Clodsire\n|-supereffective|p1a: Clodsire\n|-damage|p1a: Clodsire|0 fnt\n|faint|p1a: Clodsire\n|\n|upkeep\n|-message|emsioab forfeited.\n|\n|win|calamityiscoming2\n|raw|emsioab's rating: 1786 &rarr; <strong>1769</strong><br />(-17 for losing)\n|raw|calamityiscoming2's rating: 1844 &rarr; <strong>1861</strong><br />(+17 for winning)\n|l|☆emsioab\n|player|p1|\n|l|☆calamityiscoming2\n|player|p2|\n", "uploadtime": 1771213751, "views": 7, "formatid": "gen9nationaldex", "rating": 1769, "private": 0, "password": null}