{"id": "gen9nationaldex-2540459742", "format": "[Gen 9] National Dex", "players": ["Nano4", "love is simple"], "log": "|j|☆Nano4\n|j|☆love is simple\n|t:|1771204707\n|gametype|singles\n|player|p1|Nano4|dragontamer|1492\n|player|p2|love is simple|dawn|1526\n|gen|9\n|tier|[Gen 9] National Dex\n|rated|\n|rule|HP Percentage Mod: HP is shown in percentages\n|rule|Endless Battle Clause: Forcing endless battles is banned\n|rule|Species Clause: Limit one of each Pokémon\n|rule|OHKO Clause: OHKO moves are banned\n|rule|Evasion Clause: Evasion abilities, items, and moves are banned\n|rule|Evasion Abilities Clause: Evasion abilities are banned\n|rule|Evasion Items Clause: Evasion items are banned\n|rule|Evasion Moves Clause: Evasion moves are banned\n|rule|Sleep Clause Mod: Limit one foe put to sleep\n|rule|Terastal Clause: You cannot Terastallize\n|clearpoke\n|poke|p1|Lopunny, F|\n|poke|p1|Regidrago|\n|poke|p1|Alomomola, F|\n|poke|p1|Gholdengo|\n|poke|p1|Cinderace, M|\n|poke|p1|Landorus-Therian, M|\n|poke|p2|Lopunny, F|\n|poke|p2|Landorus-Therian, M|\n|poke|p2|Kingambit, F|\n|poke|p2|Alomomola, F|\n|poke|p2|Iron Treads|\n|poke|p2|Slowking-Galar, F|\n|teampreview\n|inactive|Battle timer is ON: inactive players will automatically lose when time's up. (requested by Nano4)\n|inactive|love is simple also wants the timer to be on.\n|\n|t:|1771204717\n|teamsize|p1|6\n|teamsize|p2|6\n|start\n|switch|p1a: Lopunny|Lopunny, F|100/100\n|switch|p2a: Landorus|Landorus-Therian, M|100/100\n|-ability|p2a: Landorus|Intimidate|boost\n|-unboost|p1a: Lopunny|atk|1\n|turn|1\n|\n|t:|1771204724\n|detailschange|p1a: Lopunny|Lopunny-Mega, F\n|-mega|p1a: Lopunny|Lopunny|Lopunnite\n|move|p1a: Lopunny|Fake Out|p2a: Landorus\n|-damage|p2a: Landorus|81/100\n|cant|p2a: Landorus|flinch\n|\n|-heal|p2a: Landorus|87/100|[from] item: Leftovers\n|upkeep\n|turn|2\n|\n|t:|1771204729\n|switch|p1a: Landorus|Landorus-Therian, M|100/100\n|-ability|p1a: Landorus|Intimidate|boost\n|-unboost|p2a: Landorus|atk|1\n|move|p2a: Landorus|U-turn|p1a: Landorus\n|-resisted|p1a: Landorus\n|-damage|p1a: Landorus|90/100\n|\n|t:|1771204744\n|switch|p2a: Iron Treads|Iron Treads|100/100|[from] U-turn\n|-enditem|p2a: Iron Treads|Booster Energy\n|-activate|p2a: Iron Treads|ability: Quark Drive|[fromitem]\n|-start|p2a: Iron Treads|quarkdrivespe\n|\n|upkeep\n|turn|3\n|\n|t:|1771204755\n|switch|p1a: Alomomola|Alomomola, F|100/100\n|move|p2a: Iron Treads|Stealth Rock|p1a: Alomomola\n|-sidestart|p1: Nano4|move: Stealth Rock\n|\n|upkeep\n|turn|4\n|\n|t:|1771204763\n|-end|p2a: Iron Treads|Quark Drive|[silent]\n|switch|p2a: Slowking|Slowking-Galar, F|100/100\n|move|p1a: Alomomola|Flip Turn|p2a: Slowking\n|-damage|p2a: Slowking|83/100\n|\n|t:|1771204766\n|switch|p1a: Cinderace|Cinderace, M|100/100|[from] Flip Turn\n|\n|upkeep\n|turn|5\n|\n|t:|1771204774\n|move|p1a: Cinderace|Court Change|p1a: Cinderace\n|-start|p1a: Cinderace|typechange|Normal|[from] ability: Libero\n|-swapsideconditions\n|-activate|p1a: Cinderace|move: Court Change\n|move|p2a: Slowking|Thunder Wave|p1a: Cinderace\n|-status|p1a: Cinderace|par\n|\n|upkeep\n|turn|6\n|\n|t:|1771204779\n|cant|p1a: Cinderace|par\n|-prepare|p2a: Slowking|Chilly Reception|[premajor]\n|move|p2a: Slowking|Chilly Reception|p2a: Slowking\n|-weather|Snowscape\n|\n|t:|1771204782\n|switch|p2a: Iron Treads|Iron Treads|100/100|[from] Chilly Reception\n|-damage|p2a: Iron Treads|97/100|[from] Stealth Rock\n|\n|-weather|Snowscape|[upkeep]\n|upkeep\n|turn|7\n|\n|t:|1771204786\n|move|p2a: Iron Treads|Rapid Spin|p1a: Cinderace\n|-crit|p1a: Cinderace\n|-damage|p1a: Cinderace|64/100 par\n|-boost|p2a: Iron Treads|spe|1\n|-sideend|p2: love is simple|Stealth Rock|[from] move: Rapid Spin|[of] p2a: Iron Treads\n|move|p1a: Cinderace|Pyro Ball|p2a: Iron Treads\n|-supereffective|p2a: Iron Treads\n|-damage|p2a: Iron Treads|21/100\n|\n|-weather|Snowscape|[upkeep]\n|upkeep\n|turn|8\n|\n|t:|1771204794\n|move|p2a: Iron Treads|Earthquake|p1a: Cinderace\n|-damage|p1a: Cinderace|0 fnt\n|faint|p1a: Cinderace\n|\n|-weather|Snowscape|[upkeep]\n|upkeep\n|\n|t:|1771204799\n|switch|p1a: Lopunny|Lopunny-Mega, F|100/100\n|turn|9\n|\n|t:|1771204805\n|move|p1a: Lopunny|Fake Out|p2a: Iron Treads\n|-resisted|p2a: Iron Treads\n|-damage|p2a: Iron Treads|10/100\n|cant|p2a: Iron Treads|flinch\n|\n|-weather|Snowscape|[upkeep]\n|upkeep\n|turn|10\n|\n|t:|1771204808\n|move|p1a: Lopunny|Quick Attack|p2a: Iron Treads\n|-resisted|p2a: Iron Treads\n|-damage|p2a: Iron Treads|0 fnt\n|faint|p2a: Iron Treads\n|-end|p2a: Iron Treads|Quark Drive|[silent]\n|\n|-weather|none\n|upkeep\n|\n|t:|1771204815\n|switch|p2a: Alomomola|Alomomola, F|100/100\n|turn|11\n|j| DarkG99\n|\n|t:|1771204821\n|switch|p1a: Gholdengo|Gholdengo|100/100\n|move|p2a: Alomomola|Flip Turn|p1a: Gholdengo\n|-damage|p1a: Gholdengo|89/100\n|-enditem|p1a: Gholdengo|Eject Button\n|\n|t:|1771204824\n|switch|p1a: Regidrago|Regidrago|100/100\n|\n|upkeep\n|turn|12\n|\n|t:|1771204831\n|move|p2a: Alomomola|Protect|p2a: Alomomola\n|-singleturn|p2a: Alomomola|Protect\n|move|p1a: Regidrago|Dragon Energy|p2a: Alomomola\n|-activate|p2a: Alomomola|move: Protect\n|\n|upkeep\n|turn|13\n|\n|t:|1771204842\n|switch|p2a: Slowking|Slowking-Galar, F|100/100\n|move|p1a: Regidrago|Dragon Energy|p2a: Slowking\n|-damage|p2a: Slowking|5/100\n|\n|upkeep\n|turn|14\n|\n|t:|1771204846\n|move|p1a: Regidrago|Dragon Energy|p2a: Slowking\n|-damage|p2a: Slowking|0 fnt\n|faint|p2a: Slowking\n|\n|upkeep\n|\n|t:|1771204848\n|switch|p2a: Lopunny|Lopunny, F, shiny|100/100\n|turn|15\n|\n|t:|1771204852\n|switch|p1a: Landorus|Landorus-Therian, M|90/100\n|-ability|p1a: Landorus|Intimidate|boost\n|-unboost|p2a: Lopunny|atk|1\n|detailschange|p2a: Lopunny|Lopunny-Mega, F, shiny\n|-mega|p2a: Lopunny|Lopunny|Lopunnite\n|move|p2a: Lopunny|Fake Out|p1a: Landorus\n|-damage|p1a: Landorus|71/100\n|\n|upkeep\n|turn|16\n|\n|t:|1771204858\n|switch|p2a: Landorus|Landorus-Therian, M|87/100\n|-ability|p2a: Landorus|Intimidate|boost\n|-unboost|p1a: Landorus|atk|1\n|-zpower|p1a: Landorus\n|move|p1a: Landorus|Supersonic Skystrike|p2a: Landorus|[zeffect]\n|-damage|p2a: Landorus|3/100\n|\n|-heal|p2a: Landorus|9/100|[from] item: Leftovers\n|upkeep\n|turn|17\n|\n|t:|1771204868\n|move|p1a: Landorus|Stone Edge|p2a: Landorus|[miss]\n|-miss|p1a: Landorus|p2a: Landorus\n|move|p2a: Landorus|U-turn|p1a: Landorus\n|-resisted|p1a: Landorus\n|-damage|p1a: Landorus|55/100\n|\n|t:|1771204874\n|switch|p2a: Lopunny|Lopunny-Mega, F, shiny|100/100|[from] U-turn\n|\n|upkeep\n|turn|18\n|\n|t:|1771204884\n|switch|p1a: Alomomola|Alomomola, F|100/100\n|move|p2a: Lopunny|Frustration|p1a: Alomomola\n|-damage|p1a: Alomomola|58/100\n|\n|upkeep\n|turn|19\n|\n|t:|1771204897\n|move|p2a: Lopunny|Close Combat|p1a: Alomomola\n|-damage|p1a: Alomomola|11/100\n|-unboost|p2a: Lopunny|def|1\n|-unboost|p2a: Lopunny|spd|1\n|move|p1a: Alomomola|Flip Turn|p2a: Lopunny\n|-damage|p2a: Lopunny|65/100\n|\n|t:|1771204900\n|switch|p1a: Lopunny|Lopunny-Mega, F|100/100|[from] Flip Turn\n|\n|upkeep\n|turn|20\n|\n|t:|1771204906\n|switch|p2a: Landorus|Landorus-Therian, M|9/100\n|-ability|p2a: Landorus|Intimidate|boost\n|-fail|p1a: Lopunny|unboost|Attack|[from] ability: Scrappy|[of] p1a: Lopunny\n|move|p1a: Lopunny|Fake Out|p2a: Landorus\n|-damage|p2a: Landorus|0 fnt\n|faint|p2a: Landorus\n|\n|upkeep\n|\n|t:|1771204909\n|switch|p2a: Alomomola|Alomomola, F|100/100\n|turn|21\n|\n|t:|1771204914\n|switch|p1a: Gholdengo|Gholdengo|89/100\n|move|p2a: Alomomola|Flip Turn|p1a: Gholdengo\n|-damage|p1a: Gholdengo|78/100\n|\n|t:|1771204918\n|switch|p2a: Kingambit|Kingambit, F, shiny|100/100|[from] Flip Turn\n|-activate|p2a: Kingambit|ability: Supreme Overlord\n|-start|p2a: Kingambit|fallen3|[silent]\n|\n|upkeep\n|turn|22\n|\n|t:|1771204923\n|move|p2a: Kingambit|Knock Off|p1a: Gholdengo\n|-supereffective|p1a: Gholdengo\n|-damage|p1a: Gholdengo|17/100\n|move|p1a: Gholdengo|Focus Blast|p2a: Kingambit\n|-supereffective|p2a: Kingambit\n|-damage|p2a: Kingambit|0 fnt\n|faint|p2a: Kingambit\n|-end|p2a: Kingambit|fallen3|[silent]\n|\n|upkeep\n|-message|love is simple forfeited.\n|\n|win|Nano4\n|raw|Nano4's rating: 1492 &rarr; <strong>1514</strong><br />(+22 for winning)\n|raw|love is simple's rating: 1526 &rarr; <strong>1504</strong><br />(-22 for losing)\n|l|☆love is simple\n|player|p2|\n|l| DarkG99\n|l|☆Nano4\n|player|p1|\n", "uploadtime": 1771205101, "views": 7, "formatid": "gen9nationaldex", "rating": 1504, "private": 0, "password": null}