{"id": "gen9nationaldex-2540767205", "format": "[Gen 9] National Dex", "players": ["luis1019", "stowt"], "log": "|j|☆luis1019\n|j|☆stowt\n|t:|1771251688\n|gametype|singles\n|player|p1|luis1019|102|1594\n|player|p2|stowt|266|1596\n|gen|9\n|tier|[Gen 9] National Dex\n|rated|\n|rule|HP Percentage Mod: HP is shown in percentages\n|rule|Endless Battle Clause: Forcing endless battles is banned\n|rule|Species Clause: Limit one of each Pokémon\n|rule|OHKO Clause: OHKO moves are banned\n|rule|Evasion Clause: Evasion abilities, items, and moves are banned\n|rule|Evasion Abilities Clause: Evasion abilities are banned\n|rule|Evasion Items Clause: Evasion items are banned\n|rule|Evasion Moves Clause: Evasion moves are banned\n|rule|Sleep Clause Mod: Limit one foe put to sleep\n|rule|Terastal Clause: You cannot Terastallize\n|clearpoke\n|poke|p1|Charizard, F|\n|poke|p1|Hippowdon, M|\n|poke|p1|Dragonite, F|\n|poke|p1|Excadrill, F|\n|poke|p1|Heatran, M|\n|poke|p1|Keldeo-Resolute|\n|poke|p2|Slowbro-Galar, F|\n|poke|p2|Tapu Lele|\n|poke|p2|Zamazenta-*|\n|poke|p2|Ting-Lu|\n|poke|p2|Corsola-Galar, M|\n|poke|p2|Cinderace, F|\n|teampreview\n|inactive|Battle timer is ON: inactive players will automatically lose when time's up. (requested by stowt)\n|\n|t:|1771251707\n|teamsize|p1|6\n|teamsize|p2|6\n|start\n|switch|p1a: Keldeo|Keldeo-Resolute|100/100\n|switch|p2a: Cinderace|Cinderace, F|100/100\n|turn|1\n|\n|t:|1771251718\n|switch|p2a: Corsola|Corsola-Galar, M|100/100\n|move|p1a: Keldeo|Scald|p2a: Corsola\n|-damage|p2a: Corsola|79/100\n|\n|upkeep\n|turn|2\n|\n|t:|1771251727\n|switch|p1a: Heatran|Heatran, M|100/100\n|-item|p1a: Heatran|Air Balloon\n|move|p2a: Corsola|Whirlpool|p1a: Heatran\n|-supereffective|p1a: Heatran\n|-damage|p1a: Heatran|93/100\n|-activate|p1a: Heatran|move: Whirlpool|[of] p2a: Corsola\n|-enditem|p1a: Heatran|Air Balloon\n|\n|-damage|p1a: Heatran|80/100|[from] move: Whirlpool|[partiallytrapped]\n|upkeep\n|turn|3\n|\n|t:|1771251735\n|switch|p2a: Ting-Lu|Ting-Lu|100/100\n|-ability|p2a: Ting-Lu|Vessel of Ruin\n|move|p1a: Heatran|Taunt|p2a: Ting-Lu\n|-start|p2a: Ting-Lu|move: Taunt\n|\n|-end|p1a: Heatran|Whirlpool|[partiallytrapped]|[silent]\n|upkeep\n|turn|4\n|\n|t:|1771251743\n|switch|p1a: Hippowdon|Hippowdon, M|100/100\n|-weather|Sandstorm|[from] ability: Sand Stream|[of] p1a: Hippowdon\n|move|p2a: Ting-Lu|Ruination|p1a: Hippowdon\n|-damage|p1a: Hippowdon|50/100\n|\n|-weather|Sandstorm|[upkeep]\n|-heal|p1a: Hippowdon|57/100|[from] item: Leftovers\n|upkeep\n|turn|5\n|\n|t:|1771251751\n|switch|p2a: Slowbro|Slowbro-Galar, F|100/100\n|move|p1a: Hippowdon|Stealth Rock|p2a: Slowbro\n|-sidestart|p2: stowt|move: Stealth Rock\n|\n|-weather|Sandstorm|[upkeep]\n|-damage|p2a: Slowbro|94/100|[from] Sandstorm\n|-heal|p1a: Hippowdon|63/100|[from] item: Leftovers\n|upkeep\n|turn|6\n|\n|t:|1771251757\n|switch|p1a: Heatran|Heatran, M|80/100\n|move|p2a: Slowbro|Scald|p1a: Heatran\n|-supereffective|p1a: Heatran\n|-damage|p1a: Heatran|57/100\n|\n|-weather|Sandstorm|[upkeep]\n|-damage|p2a: Slowbro|88/100|[from] Sandstorm\n|upkeep\n|turn|7\n|\n|t:|1771251764\n|switch|p2a: Ting-Lu|Ting-Lu|100/100\n|-damage|p2a: Ting-Lu|94/100|[from] Stealth Rock\n|-ability|p2a: Ting-Lu|Vessel of Ruin\n|move|p1a: Heatran|Earth Power|p2a: Ting-Lu\n|-damage|p2a: Ting-Lu|83/100\n|\n|-weather|Sandstorm|[upkeep]\n|-heal|p2a: Ting-Lu|89/100|[from] item: Leftovers\n|upkeep\n|turn|8\n|\n|t:|1771251771\n|switch|p1a: Hippowdon|Hippowdon, M|63/100\n|move|p2a: Ting-Lu|Earthquake|p1a: Hippowdon\n|-damage|p1a: Hippowdon|43/100\n|\n|-weather|none\n|-heal|p1a: Hippowdon|49/100|[from] item: Leftovers\n|-heal|p2a: Ting-Lu|96/100|[from] item: Leftovers\n|upkeep\n|turn|9\n|\n|t:|1771251776\n|switch|p2a: Slowbro|Slowbro-Galar, F|100/100\n|-damage|p2a: Slowbro|88/100|[from] Stealth Rock\n|move|p1a: Hippowdon|Slack Off|p1a: Hippowdon\n|-heal|p1a: Hippowdon|99/100\n|\n|-heal|p1a: Hippowdon|100/100|[from] item: Leftovers\n|upkeep\n|turn|10\n|\n|t:|1771251787\n|move|p1a: Hippowdon|Earthquake|p2a: Slowbro\n|-supereffective|p2a: Slowbro\n|-damage|p2a: Slowbro|39/100\n|move|p2a: Slowbro|Scald|p1a: Hippowdon\n|-supereffective|p1a: Hippowdon\n|-damage|p1a: Hippowdon|60/100\n|\n|-heal|p1a: Hippowdon|67/100|[from] item: Leftovers\n|upkeep\n|turn|11\n|\n|t:|1771251795\n|detailschange|p2a: Slowbro|Slowbro-Mega, F\n|-mega|p2a: Slowbro|Slowbro|Slowbronite\n|move|p1a: Hippowdon|Earthquake|p2a: Slowbro\n|-damage|p2a: Slowbro|23/100\n|move|p2a: Slowbro|Slack Off|p2a: Slowbro\n|-heal|p2a: Slowbro|73/100\n|\n|-heal|p1a: Hippowdon|73/100|[from] item: Leftovers\n|upkeep\n|turn|12\n|\n|t:|1771251798\n|move|p1a: Hippowdon|Toxic|p2a: Slowbro\n|-status|p2a: Slowbro|tox\n|move|p2a: Slowbro|Scald|p1a: Hippowdon\n|-supereffective|p1a: Hippowdon\n|-damage|p1a: Hippowdon|4/100\n|\n|-heal|p1a: Hippowdon|10/100|[from] item: Leftovers\n|-damage|p2a: Slowbro|66/100 tox|[from] psn\n|upkeep\n|turn|13\n|\n|t:|1771251808\n|switch|p1a: Keldeo|Keldeo-Resolute|100/100\n|move|p2a: Slowbro|Psyshock|p1a: Keldeo\n|-supereffective|p1a: Keldeo\n|-damage|p1a: Keldeo|13/100\n|\n|-damage|p2a: Slowbro|54/100 tox|[from] psn\n|upkeep\n|turn|14\n|\n|t:|1771251814\n|move|p1a: Keldeo|Hidden Power|p2a: Slowbro\n|-supereffective|p2a: Slowbro\n|-damage|p2a: Slowbro|11/100 tox\n|move|p2a: Slowbro|Scald|p1a: Keldeo\n|-resisted|p1a: Keldeo\n|-damage|p1a: Keldeo|0 fnt\n|faint|p1a: Keldeo\n|\n|-damage|p2a: Slowbro|0 fnt|[from] psn\n|faint|p2a: Slowbro\n|detailschange|p2: Slowbro|Slowbro-Galar, F|[silent]\n|upkeep\n|\n|t:|1771251823\n|switch|p1a: Charizard|Charizard, F|100/100\n|switch|p2a: Cinderace|Cinderace, F|100/100\n|turn|15\n|\n|t:|1771251838\n|switch|p1a: Dragonite|Dragonite, F|100/100\n|move|p2a: Cinderace|U-turn|p1a: Dragonite\n|-resisted|p1a: Dragonite\n|-damage|p1a: Dragonite|87/100\n|\n|t:|1771251844\n|switch|p2a: Tapu Lele|Tapu Lele, shiny|100/100|[from] U-turn\n|-damage|p2a: Tapu Lele|88/100|[from] Stealth Rock\n|-fieldstart|move: Psychic Terrain|[from] ability: Psychic Surge|[of] p2a: Tapu Lele\n|\n|upkeep\n|turn|16\n|\n|t:|1771251852\n|switch|p1a: Heatran|Heatran, M|57/100\n|move|p2a: Tapu Lele|Moonblast|p1a: Heatran\n|-resisted|p1a: Heatran\n|-damage|p1a: Heatran|50/100\n|\n|upkeep\n|turn|17\n|\n|t:|1771251857\n|switch|p2a: Ting-Lu|Ting-Lu|96/100\n|-damage|p2a: Ting-Lu|89/100|[from] Stealth Rock\n|-ability|p2a: Ting-Lu|Vessel of Ruin\n|move|p1a: Heatran|Fire Blast|p2a: Ting-Lu\n|-damage|p2a: Ting-Lu|70/100\n|\n|-heal|p2a: Ting-Lu|76/100|[from] item: Leftovers\n|upkeep\n|turn|18\n|\n|t:|1771251863\n|switch|p1a: Charizard|Charizard, F|100/100\n|move|p2a: Ting-Lu|Earthquake|p1a: Charizard\n|-immune|p1a: Charizard\n|\n|-heal|p2a: Ting-Lu|82/100|[from] item: Leftovers\n|upkeep\n|turn|19\n|\n|t:|1771251868\n|detailschange|p1a: Charizard|Charizard-Mega-Y, F\n|-mega|p1a: Charizard|Charizard|Charizardite Y\n|-weather|SunnyDay|[from] ability: Drought|[of] p1a: Charizard\n|move|p1a: Charizard|Solar Beam||[still]\n|-prepare|p1a: Charizard|Solar Beam\n|-anim|p1a: Charizard|Solar Beam|p2a: Ting-Lu\n|-supereffective|p2a: Ting-Lu\n|-crit|p2a: Ting-Lu\n|-damage|p2a: Ting-Lu|17/100\n|move|p2a: Ting-Lu|Ruination|p1a: Charizard\n|-damage|p1a: Charizard|51/100\n|\n|-weather|SunnyDay|[upkeep]\n|-heal|p2a: Ting-Lu|23/100|[from] item: Leftovers\n|-fieldend|move: Psychic Terrain\n|upkeep\n|turn|20\n|\n|t:|1771251878\n|move|p2a: Ting-Lu|Protect|p2a: Ting-Lu\n|-singleturn|p2a: Ting-Lu|Protect\n|move|p1a: Charizard|Weather Ball|p2a: Ting-Lu\n|-activate|p2a: Ting-Lu|move: Protect\n|\n|-weather|SunnyDay|[upkeep]\n|-heal|p2a: Ting-Lu|29/100|[from] item: Leftovers\n|upkeep\n|turn|21\n|\n|t:|1771251885\n|move|p1a: Charizard|Solar Beam||[still]\n|-prepare|p1a: Charizard|Solar Beam\n|-anim|p1a: Charizard|Solar Beam|p2a: Ting-Lu\n|-supereffective|p2a: Ting-Lu\n|-damage|p2a: Ting-Lu|0 fnt\n|faint|p2a: Ting-Lu\n|\n|-weather|SunnyDay|[upkeep]\n|upkeep\n|\n|t:|1771251890\n|switch|p2a: Corsola|Corsola-Galar, M|79/100\n|-damage|p2a: Corsola|67/100|[from] Stealth Rock\n|turn|22\n|\n|t:|1771251897\n|move|p1a: Charizard|Weather Ball|p2a: Corsola\n|-damage|p2a: Corsola|21/100\n|move|p2a: Corsola|Strength Sap|p1a: Charizard\n|-unboost|p1a: Charizard|atk|1\n|-heal|p2a: Corsola|80/100\n|\n|-weather|SunnyDay|[upkeep]\n|upkeep\n|turn|23\n|\n|t:|1771251904\n|move|p2a: Corsola|Protect|p2a: Corsola\n|-singleturn|p2a: Corsola|Protect\n|move|p1a: Charizard|Roost|p1a: Charizard\n|-heal|p1a: Charizard|100/100\n|-singleturn|p1a: Charizard|move: Roost\n|\n|-weather|none\n|upkeep\n|turn|24\n|\n|t:|1771251916\n|switch|p1a: Hippowdon|Hippowdon, M|10/100\n|-weather|Sandstorm|[from] ability: Sand Stream|[of] p1a: Hippowdon\n|move|p2a: Corsola|Whirlpool|p1a: Hippowdon|[miss]\n|-miss|p2a: Corsola|p1a: Hippowdon\n|\n|-weather|Sandstorm|[upkeep]\n|-damage|p2a: Corsola|74/100|[from] Sandstorm\n|-heal|p1a: Hippowdon|17/100|[from] item: Leftovers\n|upkeep\n|turn|25\n|\n|t:|1771251924\n|switch|p2a: Cinderace|Cinderace, F|100/100\n|move|p1a: Hippowdon|Slack Off|p1a: Hippowdon\n|-heal|p1a: Hippowdon|67/100\n|\n|-weather|Sandstorm|[upkeep]\n|-damage|p2a: Cinderace|95/100|[from] Sandstorm\n|-heal|p1a: Hippowdon|73/100|[from] item: Leftovers\n|upkeep\n|turn|26\n|\n|t:|1771251928\n|move|p2a: Cinderace|Will-O-Wisp|p1a: Hippowdon\n|-status|p1a: Hippowdon|brn\n|move|p1a: Hippowdon|Earthquake|p2a: Cinderace\n|-supereffective|p2a: Cinderace\n|-damage|p2a: Cinderace|40/100\n|\n|-weather|Sandstorm|[upkeep]\n|-damage|p2a: Cinderace|34/100|[from] Sandstorm\n|-heal|p1a: Hippowdon|79/100 brn|[from] item: Leftovers\n|-damage|p1a: Hippowdon|73/100 brn|[from] brn\n|upkeep\n|turn|27\n|\n|t:|1771251936\n|move|p2a: Cinderace|Court Change|p2a: Cinderace\n|-swapsideconditions\n|-activate|p2a: Cinderace|move: Court Change\n|move|p1a: Hippowdon|Toxic|p2a: Cinderace\n|-status|p2a: Cinderace|tox\n|\n|-weather|Sandstorm|[upkeep]\n|-damage|p2a: Cinderace|28/100 tox|[from] Sandstorm\n|-heal|p1a: Hippowdon|79/100 brn|[from] item: Leftovers\n|-damage|p2a: Cinderace|22/100 tox|[from] psn\n|-damage|p1a: Hippowdon|73/100 brn|[from] brn\n|upkeep\n|turn|28\n|\n|t:|1771251939\n|move|p2a: Cinderace|U-turn|p1a: Hippowdon\n|-damage|p1a: Hippowdon|61/100 brn\n|\n|t:|1771251944\n|switch|p2a: Tapu Lele|Tapu Lele, shiny|88/100|[from] U-turn\n|-fieldstart|move: Psychic Terrain|[from] ability: Psychic Surge|[of] p2a: Tapu Lele\n|move|p1a: Hippowdon|Stealth Rock|p2a: Tapu Lele\n|-sidestart|p2: stowt|move: Stealth Rock\n|\n|-weather|none\n|-heal|p1a: Hippowdon|68/100 brn|[from] item: Leftovers\n|-damage|p1a: Hippowdon|61/100 brn|[from] brn\n|upkeep\n|turn|29\n|\n|t:|1771251952\n|switch|p1a: Heatran|Heatran, M|50/100\n|-damage|p1a: Heatran|37/100|[from] Stealth Rock\n|move|p2a: Tapu Lele|Calm Mind|p2a: Tapu Lele\n|-boost|p2a: Tapu Lele|spa|1\n|-boost|p2a: Tapu Lele|spd|1\n|\n|upkeep\n|turn|30\n|\n|t:|1771251961\n|-zpower|p2a: Tapu Lele\n|move|p2a: Tapu Lele|Shattered Psyche|p1a: Heatran|[zeffect]\n|-resisted|p1a: Heatran\n|-damage|p1a: Heatran|0 fnt\n|faint|p1a: Heatran\n|\n|upkeep\n|\n|t:|1771251970\n|switch|p1a: Hippowdon|Hippowdon, M|61/100 brn\n|-damage|p1a: Hippowdon|55/100 brn|[from] Stealth Rock\n|-weather|Sandstorm|[from] ability: Sand Stream|[of] p1a: Hippowdon\n|turn|31\n|\n|t:|1771251975\n|move|p2a: Tapu Lele|Moonblast|p1a: Hippowdon\n|-damage|p1a: Hippowdon|0 fnt\n|faint|p1a: Hippowdon\n|\n|-weather|Sandstorm|[upkeep]\n|-damage|p2a: Tapu Lele|82/100|[from] Sandstorm\n|upkeep\n|\n|t:|1771251978\n|switch|p1a: Excadrill|Excadrill, F|100/100\n|-damage|p1a: Excadrill|97/100|[from] Stealth Rock\n|turn|32\n|\n|t:|1771251987\n|switch|p2a: Cinderace|Cinderace, F|22/100 tox\n|move|p1a: Excadrill|Earthquake|p2a: Cinderace\n|-supereffective|p2a: Cinderace\n|-crit|p2a: Cinderace\n|-damage|p2a: Cinderace|0 fnt\n|faint|p2a: Cinderace\n|-damage|p1a: Excadrill|87/100|[from] item: Life Orb\n|\n|-weather|Sandstorm|[upkeep]\n|-fieldend|move: Psychic Terrain\n|upkeep\n|\n|t:|1771251992\n|switch|p2a: Corsola|Corsola-Galar, M|74/100\n|-damage|p2a: Corsola|62/100|[from] Stealth Rock\n|turn|33\n|\n|t:|1771252003\n|move|p1a: Excadrill|Earthquake|p2a: Corsola\n|-damage|p2a: Corsola|6/100\n|-damage|p1a: Excadrill|78/100|[from] item: Life Orb\n|move|p2a: Corsola|Strength Sap|p1a: Excadrill\n|-unboost|p1a: Excadrill|atk|1\n|-heal|p2a: Corsola|100/100\n|\n|-weather|Sandstorm|[upkeep]\n|-damage|p2a: Corsola|94/100|[from] Sandstorm\n|upkeep\n|turn|34\n|\n|t:|1771252013\n|switch|p1a: Charizard|Charizard-Mega-Y, F|100/100\n|-damage|p1a: Charizard|51/100|[from] Stealth Rock\n|-weather|SunnyDay|[from] ability: Drought|[of] p1a: Charizard\n|move|p2a: Corsola|Whirlpool|p1a: Charizard\n|-supereffective|p1a: Charizard\n|-damage|p1a: Charizard|45/100\n|-activate|p1a: Charizard|move: Whirlpool|[of] p2a: Corsola\n|\n|-weather|SunnyDay|[upkeep]\n|-damage|p1a: Charizard|32/100|[from] move: Whirlpool|[partiallytrapped]\n|upkeep\n|turn|35\n|\n|t:|1771252028\n|switch|p2a: Zamazenta|Zamazenta|100/100\n|-damage|p2a: Zamazenta|94/100|[from] Stealth Rock\n|-ability|p2a: Zamazenta|Dauntless Shield|boost\n|-boost|p2a: Zamazenta|def|1\n|move|p1a: Charizard|Roost|p1a: Charizard\n|-heal|p1a: Charizard|82/100\n|-singleturn|p1a: Charizard|move: Roost\n|\n|-weather|SunnyDay|[upkeep]\n|-end|p1a: Charizard|Whirlpool|[partiallytrapped]|[silent]\n|upkeep\n|turn|36\n|\n|t:|1771252035\n|move|p2a: Zamazenta|Stone Edge|p1a: Charizard\n|-supereffective|p1a: Charizard\n|-damage|p1a: Charizard|0 fnt\n|faint|p1a: Charizard\n|detailschange|p1: Charizard|Charizard, F|[silent]\n|\n|-weather|SunnyDay|[upkeep]\n|upkeep\n|-message|luis1019 forfeited.\n|\n|win|stowt\n|raw|luis1019's rating: 1594 &rarr; <strong>1574</strong><br />(-20 for losing)\n|raw|stowt's rating: 1596 &rarr; <strong>1616</strong><br />(+20 for winning)\n|l|☆luis1019\n|player|p1|\n|l|☆stowt\n|player|p2|\n", "uploadtime": 1771252164, "views": 4, "formatid": "gen9nationaldex", "rating": 1574, "private": 0, "password": null}