{"id": "gen9nationaldex-2540862650", "format": "[Gen 9] National Dex", "players": ["Starscrim", "genius lwlk"], "log": "|j|☆Starscrim\n|j|☆genius lwlk\n|t:|1771261676\n|gametype|singles\n|player|p1|Starscrim|juggler|1539\n|player|p2|genius lwlk|policeman-gen4|1546\n|gen|9\n|tier|[Gen 9] National Dex\n|rated|\n|rule|HP Percentage Mod: HP is shown in percentages\n|rule|Endless Battle Clause: Forcing endless battles is banned\n|rule|Species Clause: Limit one of each Pokémon\n|rule|OHKO Clause: OHKO moves are banned\n|rule|Evasion Clause: Evasion abilities, items, and moves are banned\n|rule|Evasion Abilities Clause: Evasion abilities are banned\n|rule|Evasion Items Clause: Evasion items are banned\n|rule|Evasion Moves Clause: Evasion moves are banned\n|rule|Sleep Clause Mod: Limit one foe put to sleep\n|rule|Terastal Clause: You cannot Terastallize\n|clearpoke\n|poke|p1|Urshifu-*, M|\n|poke|p1|Garchomp, F|\n|poke|p1|Togekiss, M|\n|poke|p1|Chansey, F|\n|poke|p1|Zapdos|\n|poke|p1|Dondozo, M|\n|poke|p2|Toxapex, F|\n|poke|p2|Shedinja|\n|poke|p2|Clodsire, M|\n|poke|p2|Gliscor, M|\n|poke|p2|Blissey, F|\n|poke|p2|Dondozo, F|\n|teampreview\n|\n|t:|1771261703\n|teamsize|p1|6\n|teamsize|p2|6\n|start\n|switch|p1a: Kissa bb|Togekiss, M|100/100\n|switch|p2a: Gliscor|Gliscor, M|100/100\n|turn|1\n|\n|t:|1771261710\n|move|p2a: Gliscor|Protect|p2a: Gliscor\n|-singleturn|p2a: Gliscor|Protect\n|move|p1a: Kissa bb|Substitute|p1a: Kissa bb\n|-start|p1a: Kissa bb|Substitute\n|-damage|p1a: Kissa bb|76/100\n|\n|-heal|p1a: Kissa bb|82/100|[from] item: Leftovers\n|-status|p2a: Gliscor|tox|[from] item: Toxic Orb\n|upkeep\n|turn|2\n|\n|t:|1771261721\n|switch|p2a: Clodsire|Clodsire, M|100/100\n|move|p1a: Kissa bb|Nasty Plot|p1a: Kissa bb\n|-boost|p1a: Kissa bb|spa|2\n|\n|-heal|p1a: Kissa bb|88/100|[from] item: Leftovers\n|upkeep\n|turn|3\n|\n|t:|1771261731\n|move|p1a: Kissa bb|Air Slash|p2a: Clodsire\n|-damage|p2a: Clodsire|81/100\n|cant|p2a: Clodsire|flinch\n|\n|-heal|p1a: Kissa bb|94/100|[from] item: Leftovers\n|upkeep\n|turn|4\n|\n|t:|1771261739\n|move|p1a: Kissa bb|Air Slash|p2a: Clodsire\n|-damage|p2a: Clodsire|62/100\n|move|p2a: Clodsire|Poison Jab|p1a: Kissa bb\n|-supereffective|p1a: Kissa bb\n|-end|p1a: Kissa bb|Substitute\n|\n|-heal|p1a: Kissa bb|99/100|[from] item: Leftovers\n|upkeep\n|turn|5\n|\n|t:|1771261757\n|switch|p1a: Dragon hunter|Garchomp, F|100/100\n|move|p2a: Clodsire|Recover|p2a: Clodsire\n|-heal|p2a: Clodsire|100/100\n|\n|upkeep\n|turn|6\n|\n|t:|1771261767\n|switch|p1a: Kissa bb|Togekiss, M|99/100\n|switch|p2a: Gliscor|Gliscor, M|100/100 tox\n|\n|-heal|p1a: Kissa bb|100/100|[from] item: Leftovers\n|upkeep\n|turn|7\n|\n|t:|1771261775\n|move|p1a: Kissa bb|Air Slash|p2a: Gliscor\n|-damage|p2a: Gliscor|54/100 tox\n|cant|p2a: Gliscor|flinch\n|\n|-heal|p2a: Gliscor|66/100 tox|[from] ability: Poison Heal\n|upkeep\n|turn|8\n|\n|t:|1771261783\n|move|p2a: Gliscor|Protect|p2a: Gliscor\n|-singleturn|p2a: Gliscor|Protect\n|move|p1a: Kissa bb|Substitute|p1a: Kissa bb\n|-start|p1a: Kissa bb|Substitute\n|-damage|p1a: Kissa bb|76/100\n|\n|-heal|p1a: Kissa bb|82/100|[from] item: Leftovers\n|-heal|p2a: Gliscor|79/100 tox|[from] ability: Poison Heal\n|upkeep\n|turn|9\n|\n|t:|1771261793\n|switch|p2a: Blissey|Blissey, F|100/100\n|move|p1a: Kissa bb|Nasty Plot|p1a: Kissa bb\n|-boost|p1a: Kissa bb|spa|2\n|\n|-heal|p1a: Kissa bb|88/100|[from] item: Leftovers\n|upkeep\n|turn|10\n|inactive|Battle timer is ON: inactive players will automatically lose when time's up. (requested by Starscrim)\n|\n|t:|1771261811\n|move|p1a: Kissa bb|Nasty Plot|p1a: Kissa bb\n|-boost|p1a: Kissa bb|spa|2\n|move|p2a: Blissey|Stealth Rock|p1a: Kissa bb\n|-sidestart|p1: Starscrim|move: Stealth Rock\n|\n|-heal|p1a: Kissa bb|94/100|[from] item: Leftovers\n|upkeep\n|turn|11\n|\n|t:|1771261819\n|move|p1a: Kissa bb|Air Slash|p2a: Blissey\n|-damage|p2a: Blissey|62/100\n|cant|p2a: Blissey|flinch\n|\n|-heal|p1a: Kissa bb|99/100|[from] item: Leftovers\n|upkeep\n|turn|12\n|\n|t:|1771261827\n|switch|p2a: Clodsire|Clodsire, M|100/100\n|move|p1a: Kissa bb|Air Slash|p2a: Clodsire\n|-damage|p2a: Clodsire|80/100\n|\n|-heal|p1a: Kissa bb|100/100|[from] item: Leftovers\n|upkeep\n|turn|13\n|\n|t:|1771261848\n|switch|p1a: 220 Volt|Zapdos|100/100\n|move|p2a: Clodsire|Recover|p2a: Clodsire\n|-heal|p2a: Clodsire|100/100\n|\n|upkeep\n|turn|14\n|\n|t:|1771261857\n|move|p1a: 220 Volt|Defog|p2a: Clodsire\n|-unboost|p2a: Clodsire|evasion|1\n|-sideend|p1: Starscrim|Stealth Rock|[from] move: Defog|[of] p1a: 220 Volt\n|move|p2a: Clodsire|Poison Jab|p1a: 220 Volt\n|-damage|p1a: 220 Volt|86/100\n|\n|upkeep\n|turn|15\n|\n|t:|1771261865\n|move|p1a: 220 Volt|Hurricane|p2a: Clodsire\n|-damage|p2a: Clodsire|77/100\n|move|p2a: Clodsire|Poison Jab|p1a: 220 Volt\n|-damage|p1a: 220 Volt|71/100\n|-status|p1a: 220 Volt|psn\n|-status|p2a: Clodsire|par|[from] ability: Static|[of] p1a: 220 Volt\n|\n|-damage|p1a: 220 Volt|58/100 psn|[from] psn\n|upkeep\n|turn|16\n|\n|t:|1771261882\n|switch|p1a: Urshifu|Urshifu-Rapid-Strike, M|100/100\n|move|p2a: Clodsire|Spikes|p1a: Urshifu\n|-sidestart|p1: Starscrim|Spikes\n|\n|upkeep\n|turn|17\n|\n|t:|1771261907\n|switch|p2a: Toxapex|Toxapex, F|100/100\n|move|p1a: Urshifu|Surging Strikes|p2a: Toxapex\n|-resisted|p2a: Toxapex\n|-crit|p2a: Toxapex\n|-damage|p2a: Toxapex|89/100\n|-resisted|p2a: Toxapex\n|-crit|p2a: Toxapex\n|-damage|p2a: Toxapex|76/100\n|-resisted|p2a: Toxapex\n|-crit|p2a: Toxapex\n|-damage|p2a: Toxapex|64/100\n|-hitcount|p2a: Toxapex|3\n|\n|upkeep\n|turn|18\n|\n|t:|1771261918\n|switch|p1a: 220 Volt|Zapdos|58/100 psn\n|move|p2a: Toxapex|Toxic||[still]\n|-fail|p2a: Toxapex\n|\n|-damage|p1a: 220 Volt|46/100 psn|[from] psn\n|upkeep\n|turn|19\n|\n|t:|1771261926\n|switch|p2a: Clodsire|Clodsire, M|77/100 par\n|move|p1a: 220 Volt|Defog|p2a: Clodsire\n|-unboost|p2a: Clodsire|evasion|1\n|-sideend|p1: Starscrim|Spikes|[from] move: Defog|[of] p1a: 220 Volt\n|\n|-damage|p1a: 220 Volt|33/100 psn|[from] psn\n|upkeep\n|turn|20\n|\n|t:|1771261936\n|move|p1a: 220 Volt|Roost|p1a: 220 Volt\n|-heal|p1a: 220 Volt|83/100 psn\n|-singleturn|p1a: 220 Volt|move: Roost\n|move|p2a: Clodsire|Poison Jab|p1a: 220 Volt\n|-damage|p1a: 220 Volt|66/100 psn\n|\n|-damage|p1a: 220 Volt|54/100 psn|[from] psn\n|upkeep\n|turn|21\n|\n|t:|1771261954\n|switch|p1a: Urshifu|Urshifu-Rapid-Strike, M|100/100\n|cant|p2a: Clodsire|par\n|\n|upkeep\n|turn|22\n|\n|t:|1771261960\n|switch|p2a: Toxapex|Toxapex, F|98/100\n|move|p1a: Urshifu|Close Combat|p2a: Toxapex\n|-resisted|p2a: Toxapex\n|-damage|p2a: Toxapex|60/100\n|-unboost|p1a: Urshifu|def|1\n|-unboost|p1a: Urshifu|spd|1\n|\n|upkeep\n|turn|23\n|\n|t:|1771261971\n|switch|p1a: 220 Volt|Zapdos|54/100 psn\n|move|p2a: Toxapex|Toxic Spikes|p1a: 220 Volt\n|-sidestart|p1: Starscrim|move: Toxic Spikes\n|\n|-damage|p1a: 220 Volt|41/100 psn|[from] psn\n|upkeep\n|turn|24\n|\n|t:|1771261979\n|move|p1a: 220 Volt|Defog|p2a: Toxapex\n|-unboost|p2a: Toxapex|evasion|1\n|-sideend|p1: Starscrim|Toxic Spikes|[from] move: Defog|[of] p1a: 220 Volt\n|move|p2a: Toxapex|Toxic Spikes|p1a: 220 Volt\n|-sidestart|p1: Starscrim|move: Toxic Spikes\n|\n|-damage|p1a: 220 Volt|29/100 psn|[from] psn\n|upkeep\n|turn|25\n|\n|t:|1771261990\n|switch|p2a: Clodsire|Clodsire, M|77/100 par\n|move|p1a: 220 Volt|Volt Switch|p2a: Clodsire\n|-immune|p2a: Clodsire\n|\n|-damage|p1a: 220 Volt|16/100 psn|[from] psn\n|upkeep\n|turn|26\n|\n|t:|1771262001\n|move|p1a: 220 Volt|Roost|p1a: 220 Volt\n|-heal|p1a: 220 Volt|66/100 psn\n|-singleturn|p1a: 220 Volt|move: Roost\n|move|p2a: Clodsire|Earthquake|p1a: 220 Volt\n|-supereffective|p1a: 220 Volt\n|-damage|p1a: 220 Volt|29/100 psn\n|\n|-damage|p1a: 220 Volt|16/100 psn|[from] psn\n|upkeep\n|turn|27\n|\n|t:|1771262014\n|move|p1a: 220 Volt|Defog|p2a: Clodsire\n|-unboost|p2a: Clodsire|evasion|1\n|-sideend|p1: Starscrim|Toxic Spikes|[from] move: Defog|[of] p1a: 220 Volt\n|move|p2a: Clodsire|Spikes|p1a: 220 Volt\n|-sidestart|p1: Starscrim|Spikes\n|\n|-damage|p1a: 220 Volt|4/100 psn|[from] psn\n|upkeep\n|turn|28\n|\n|t:|1771262024\n|move|p1a: 220 Volt|Defog|p2a: Clodsire\n|-unboost|p2a: Clodsire|evasion|1\n|-sideend|p1: Starscrim|Spikes|[from] move: Defog|[of] p1a: 220 Volt\n|move|p2a: Clodsire|Earthquake|p1a: 220 Volt\n|-immune|p1a: 220 Volt\n|\n|-damage|p1a: 220 Volt|0 fnt|[from] psn\n|faint|p1a: 220 Volt\n|upkeep\n|\n|t:|1771262047\n|switch|p1a: Kissa bb|Togekiss, M|100/100\n|turn|29\n|\n|t:|1771262053\n|switch|p2a: Toxapex|Toxapex, F|93/100\n|move|p1a: Kissa bb|Substitute|p1a: Kissa bb\n|-start|p1a: Kissa bb|Substitute\n|-damage|p1a: Kissa bb|76/100\n|\n|-heal|p1a: Kissa bb|82/100|[from] item: Leftovers\n|upkeep\n|turn|30\n|\n|t:|1771262062\n|move|p1a: Kissa bb|Nasty Plot|p1a: Kissa bb\n|-boost|p1a: Kissa bb|spa|2\n|move|p2a: Toxapex|Scald|p1a: Kissa bb\n|-activate|p1a: Kissa bb|move: Substitute|[damage]\n|\n|-heal|p1a: Kissa bb|88/100|[from] item: Leftovers\n|upkeep\n|turn|31\n|\n|t:|1771262071\n|move|p1a: Kissa bb|Air Slash|p2a: Toxapex\n|-damage|p2a: Toxapex|43/100\n|move|p2a: Toxapex|Scald|p1a: Kissa bb\n|-end|p1a: Kissa bb|Substitute\n|\n|-heal|p1a: Kissa bb|94/100|[from] item: Leftovers\n|upkeep\n|turn|32\n|\n|t:|1771262080\n|switch|p2a: Clodsire|Clodsire, M|77/100 par\n|move|p1a: Kissa bb|Air Slash|p2a: Clodsire\n|-damage|p2a: Clodsire|56/100 par\n|\n|-heal|p1a: Kissa bb|99/100|[from] item: Leftovers\n|upkeep\n|turn|33\n|\n|t:|1771262089\n|move|p1a: Kissa bb|Air Slash|p2a: Clodsire\n|-damage|p2a: Clodsire|37/100 par\n|cant|p2a: Clodsire|par\n|\n|-heal|p1a: Kissa bb|100/100|[from] item: Leftovers\n|upkeep\n|turn|34\n|\n|t:|1771262096\n|move|p1a: Kissa bb|Air Slash|p2a: Clodsire\n|-damage|p2a: Clodsire|16/100 par\n|cant|p2a: Clodsire|flinch\n|\n|upkeep\n|turn|35\n|\n|t:|1771262102\n|move|p1a: Kissa bb|Air Slash|p2a: Clodsire\n|-damage|p2a: Clodsire|0 fnt\n|faint|p2a: Clodsire\n|\n|upkeep\n|\n|t:|1771262111\n|switch|p2a: Blissey|Blissey, F|62/100\n|turn|36\n|\n|t:|1771262114\n|move|p1a: Kissa bb|Substitute|p1a: Kissa bb\n|-start|p1a: Kissa bb|Substitute\n|-damage|p1a: Kissa bb|76/100\n|move|p2a: Blissey|Psywave|p1a: Kissa bb\n|-activate|p1a: Kissa bb|move: Substitute|[damage]\n|\n|-heal|p1a: Kissa bb|82/100|[from] item: Leftovers\n|upkeep\n|turn|37\n|\n|t:|1771262123\n|move|p1a: Kissa bb|Air Slash|p2a: Blissey\n|-damage|p2a: Blissey|36/100\n|cant|p2a: Blissey|flinch\n|\n|-heal|p1a: Kissa bb|88/100|[from] item: Leftovers\n|upkeep\n|turn|38\n|\n|t:|1771262131\n|move|p1a: Kissa bb|Air Slash|p2a: Blissey\n|-damage|p2a: Blissey|11/100\n|cant|p2a: Blissey|flinch\n|\n|-heal|p1a: Kissa bb|94/100|[from] item: Leftovers\n|upkeep\n|turn|39\n|\n|t:|1771262139\n|move|p1a: Kissa bb|Air Slash|p2a: Blissey\n|-damage|p2a: Blissey|0 fnt\n|faint|p2a: Blissey\n|\n|-heal|p1a: Kissa bb|99/100|[from] item: Leftovers\n|upkeep\n|\n|t:|1771262145\n|switch|p2a: Toxapex|Toxapex, F|76/100\n|turn|40\n|\n|t:|1771262149\n|move|p1a: Kissa bb|Air Slash|p2a: Toxapex\n|-damage|p2a: Toxapex|24/100\n|cant|p2a: Toxapex|flinch\n|\n|-heal|p1a: Kissa bb|100/100|[from] item: Leftovers\n|upkeep\n|turn|41\n|\n|t:|1771262159\n|move|p1a: Kissa bb|Air Slash|p2a: Toxapex\n|-damage|p2a: Toxapex|0 fnt\n|faint|p2a: Toxapex\n|\n|upkeep\n|\n|t:|1771262162\n|switch|p2a: Shedinja|Shedinja|100/100\n|turn|42\n|\n|t:|1771262167\n|move|p2a: Shedinja|Protect|p2a: Shedinja\n|-singleturn|p2a: Shedinja|Protect\n|move|p1a: Kissa bb|Flamethrower|p2a: Shedinja\n|-activate|p2a: Shedinja|move: Protect\n|\n|upkeep\n|turn|43\n|\n|t:|1771262186\n|move|p2a: Shedinja|Shadow Sneak|p1a: Kissa bb\n|-end|p1a: Kissa bb|Substitute\n|move|p1a: Kissa bb|Flamethrower|p2a: Shedinja\n|-supereffective|p2a: Shedinja\n|-damage|p2a: Shedinja|0 fnt\n|faint|p2a: Shedinja\n|\n|upkeep\n|\n|t:|1771262189\n|switch|p2a: Dondozo|Dondozo, F|100/100\n|turn|44\n|\n|t:|1771262201\n|move|p1a: Kissa bb|Substitute|p1a: Kissa bb\n|-start|p1a: Kissa bb|Substitute\n|-damage|p1a: Kissa bb|76/100\n|move|p2a: Dondozo|Avalanche|p1a: Kissa bb\n|-supereffective|p1a: Kissa bb\n|-end|p1a: Kissa bb|Substitute\n|\n|-heal|p1a: Kissa bb|82/100|[from] item: Leftovers\n|upkeep\n|turn|45\n|inactive|genius lwlk has 120 seconds left.\n|\n|t:|1771262249\n|move|p1a: Kissa bb|Air Slash|p2a: Dondozo\n|-damage|p2a: Dondozo|68/100\n|cant|p2a: Dondozo|flinch\n|\n|-heal|p1a: Kissa bb|88/100|[from] item: Leftovers\n|upkeep\n|turn|46\n|\n|t:|1771262261\n|move|p1a: Kissa bb|Air Slash|p2a: Dondozo\n|-damage|p2a: Dondozo|31/100\n|cant|p2a: Dondozo|flinch\n|\n|-heal|p1a: Kissa bb|94/100|[from] item: Leftovers\n|upkeep\n|turn|47\n|inactive|genius lwlk has 120 seconds left.\n|inactive|genius lwlk has 90 seconds left.\n|c|☆Starscrim|Gg\n|inactive|genius lwlk has 60 seconds left.\n|inactive|genius lwlk has 30 seconds left.\n|\n|t:|1771262357\n|move|p1a: Kissa bb|Air Slash|p2a: Dondozo|[miss]\n|-miss|p1a: Kissa bb|p2a: Dondozo\n|move|p2a: Dondozo|Avalanche|p1a: Kissa bb\n|-supereffective|p1a: Kissa bb\n|-damage|p1a: Kissa bb|63/100\n|\n|-heal|p1a: Kissa bb|69/100|[from] item: Leftovers\n|upkeep\n|turn|48\n|\n|t:|1771262367\n|move|p1a: Kissa bb|Air Slash|p2a: Dondozo\n|-damage|p2a: Dondozo|0 fnt\n|faint|p2a: Dondozo\n|\n|-heal|p1a: Kissa bb|75/100|[from] item: Leftovers\n|upkeep\n|\n|t:|1771262370\n|switch|p2a: Gliscor|Gliscor, M|79/100 tox\n|turn|49\n|\n|t:|1771262378\n|move|p2a: Gliscor|Protect|p2a: Gliscor\n|-singleturn|p2a: Gliscor|Protect\n|move|p1a: Kissa bb|Air Slash|p2a: Gliscor\n|-activate|p2a: Gliscor|move: Protect\n|\n|-heal|p1a: Kissa bb|81/100|[from] item: Leftovers\n|-heal|p2a: Gliscor|91/100 tox|[from] ability: Poison Heal\n|upkeep\n|turn|50\n|\n|t:|1771262392\n|move|p1a: Kissa bb|Air Slash|p2a: Gliscor\n|-damage|p2a: Gliscor|0 fnt\n|faint|p2a: Gliscor\n|\n|win|Starscrim\n|raw|Starscrim's rating: 1539 &rarr; <strong>1558</strong><br />(+19 for winning)\n|raw|genius lwlk's rating: 1524 &rarr; <strong>1505</strong><br />(-19 for losing)\n|l|☆genius lwlk\n|player|p2|\n|l|☆Starscrim\n|player|p1|\n", "uploadtime": 1771262588, "views": 5, "formatid": "gen9nationaldex", "rating": 1505, "private": 0, "password": null}