{"id": "gen9nationaldex-2540562134", "format": "[Gen 9] National Dex", "players": ["a2pro", "ff14hellcat"], "log": "|j|☆a2pro\n|j|☆ff14hellcat\n|t:|1771218413\n|gametype|singles\n|player|p1|a2pro|gambler|1598\n|player|p2|ff14hellcat|265|1597\n|gen|9\n|tier|[Gen 9] National Dex\n|rated|\n|rule|HP Percentage Mod: HP is shown in percentages\n|rule|Endless Battle Clause: Forcing endless battles is banned\n|rule|Species Clause: Limit one of each Pokémon\n|rule|OHKO Clause: OHKO moves are banned\n|rule|Evasion Clause: Evasion abilities, items, and moves are banned\n|rule|Evasion Abilities Clause: Evasion abilities are banned\n|rule|Evasion Items Clause: Evasion items are banned\n|rule|Evasion Moves Clause: Evasion moves are banned\n|rule|Sleep Clause Mod: Limit one foe put to sleep\n|rule|Terastal Clause: You cannot Terastallize\n|clearpoke\n|poke|p1|Volcanion|\n|poke|p1|Gliscor, M|\n|poke|p1|Chansey, F|\n|poke|p1|Banette, M|\n|poke|p1|Iron Valiant|\n|poke|p1|Garganacl, M|\n|poke|p2|Pelipper, M|\n|poke|p2|Swampert, M|\n|poke|p2|Barraskewda, M|\n|poke|p2|Tapu Lele|\n|poke|p2|Zapdos|\n|poke|p2|Iron Treads|\n|teampreview\n|inactive|Battle timer is ON: inactive players will automatically lose when time's up. (requested by ff14hellcat)\n|\n|t:|1771218418\n|teamsize|p1|6\n|teamsize|p2|6\n|start\n|switch|p1a: Banette|Banette, M, shiny|100/100\n|switch|p2a: Iron Treads|Iron Treads|100/100\n|-item|p2a: Iron Treads|Rocky Helmet|[from] ability: Frisk|[of] p1a: Banette\n|turn|1\n|\n|t:|1771218422\n|detailschange|p1a: Banette|Banette-Mega, M, shiny\n|-mega|p1a: Banette|Banette|Banettite\n|move|p1a: Banette|Will-O-Wisp|p2a: Iron Treads\n|-status|p2a: Iron Treads|brn\n|move|p2a: Iron Treads|Stealth Rock|p1a: Banette\n|-sidestart|p1: a2pro|move: Stealth Rock\n|\n|-damage|p2a: Iron Treads|94/100 brn|[from] brn\n|upkeep\n|turn|2\n|\n|t:|1771218427\n|move|p1a: Banette|Encore|p2a: Iron Treads\n|-start|p2a: Iron Treads|Encore\n|move|p2a: Iron Treads|Stealth Rock||[still]\n|-fail|p2a: Iron Treads\n|\n|-damage|p2a: Iron Treads|88/100 brn|[from] brn\n|upkeep\n|turn|3\n|\n|t:|1771218430\n|-end|p2a: Iron Treads|Quark Drive|[silent]\n|switch|p2a: Zapdos|Zapdos|100/100\n|move|p1a: Banette|Poltergeist|p2a: Zapdos\n|-activate|p2a: Zapdos|move: Poltergeist|Choice Specs\n|-crit|p2a: Zapdos\n|-damage|p2a: Zapdos|0 fnt\n|faint|p2a: Zapdos\n|\n|upkeep\n|\n|t:|1771218436\n|switch|p2a: Barraskewda|Barraskewda, M|100/100\n|turn|4\n|\n|t:|1771218439\n|switch|p2a: Pelipper|Pelipper, M|100/100\n|-weather|RainDance|[from] ability: Drizzle|[of] p2a: Pelipper\n|move|p1a: Banette|Will-O-Wisp|p2a: Pelipper\n|-status|p2a: Pelipper|brn\n|\n|-weather|RainDance|[upkeep]\n|-damage|p2a: Pelipper|94/100 brn|[from] brn\n|upkeep\n|turn|5\n|\n|t:|1771218442\n|move|p1a: Banette|Poltergeist|p2a: Pelipper\n|-activate|p2a: Pelipper|move: Poltergeist|Damp Rock\n|-damage|p2a: Pelipper|12/100 brn\n|move|p2a: Pelipper|Scald|p1a: Banette\n|-damage|p1a: Banette|39/100\n|\n|-weather|RainDance|[upkeep]\n|-damage|p2a: Pelipper|5/100 brn|[from] brn\n|upkeep\n|turn|6\n|\n|t:|1771218447\n|move|p1a: Banette|Poltergeist|p2a: Pelipper\n|-activate|p2a: Pelipper|move: Poltergeist|Damp Rock\n|-damage|p2a: Pelipper|0 fnt\n|faint|p2a: Pelipper\n|\n|-weather|RainDance|[upkeep]\n|upkeep\n|\n|t:|1771218450\n|switch|p2a: Swampert|Swampert, M|100/100\n|turn|7\n|\n|t:|1771218452\n|detailschange|p2a: Swampert|Swampert-Mega, M\n|-mega|p2a: Swampert|Swampert|Swampertite\n|move|p1a: Banette|Destiny Bond|p1a: Banette\n|-singlemove|p1a: Banette|Destiny Bond\n|move|p2a: Swampert|Flip Turn|p1a: Banette\n|-damage|p1a: Banette|0 fnt\n|faint|p1a: Banette\n|-activate|p1a: Banette|move: Destiny Bond\n|detailschange|p1: Banette|Banette, M, shiny|[silent]\n|faint|p2a: Swampert\n|detailschange|p2: Swampert|Swampert, M|[silent]\n|\n|-weather|RainDance|[upkeep]\n|upkeep\n|\n|t:|1771218456\n|switch|p2a: Barraskewda|Barraskewda, M|100/100\n|switch|p1a: Gliscor|Gliscor, M, shiny|100/100\n|-damage|p1a: Gliscor|88/100|[from] Stealth Rock\n|turn|8\n|\n|t:|1771218460\n|move|p1a: Gliscor|Protect|p1a: Gliscor\n|-singleturn|p1a: Gliscor|Protect\n|move|p2a: Barraskewda|Liquidation|p1a: Gliscor\n|-activate|p1a: Gliscor|move: Protect\n|\n|-weather|RainDance|[upkeep]\n|-status|p1a: Gliscor|tox|[from] item: Toxic Orb\n|upkeep\n|turn|9\n|\n|t:|1771218463\n|switch|p1a: Volcanion|Volcanion|100/100\n|-damage|p1a: Volcanion|76/100|[from] Stealth Rock\n|move|p2a: Barraskewda|Close Combat|p1a: Volcanion\n|-damage|p1a: Volcanion|32/100\n|-unboost|p2a: Barraskewda|def|1\n|-unboost|p2a: Barraskewda|spd|1\n|-damage|p2a: Barraskewda|91/100|[from] item: Life Orb\n|\n|-weather|RainDance|[upkeep]\n|upkeep\n|turn|10\n|\n|t:|1771218470\n|move|p2a: Barraskewda|Close Combat|p1a: Volcanion\n|-damage|p1a: Volcanion|0 fnt\n|-unboost|p2a: Barraskewda|def|1\n|-unboost|p2a: Barraskewda|spd|1\n|faint|p1a: Volcanion\n|-damage|p2a: Barraskewda|81/100|[from] item: Life Orb\n|\n|-weather|RainDance|[upkeep]\n|upkeep\n|\n|t:|1771218474\n|switch|p1a: Iron Valiant|Iron Valiant|100/100\n|-damage|p1a: Iron Valiant|94/100|[from] Stealth Rock\n|-enditem|p1a: Iron Valiant|Booster Energy\n|-activate|p1a: Iron Valiant|ability: Quark Drive|[fromitem]\n|-start|p1a: Iron Valiant|quarkdrivespe\n|turn|11\n|\n|t:|1771218479\n|move|p2a: Barraskewda|Liquidation|p1a: Iron Valiant\n|-damage|p1a: Iron Valiant|0 fnt\n|faint|p1a: Iron Valiant\n|-end|p1a: Iron Valiant|Quark Drive|[silent]\n|-damage|p2a: Barraskewda|71/100|[from] item: Life Orb\n|\n|-weather|none\n|upkeep\n|\n|t:|1771218491\n|switch|p1a: Garganacl|Garganacl, M, shiny|100/100\n|-damage|p1a: Garganacl|88/100|[from] Stealth Rock\n|turn|12\n|\n|t:|1771218495\n|move|p2a: Barraskewda|Liquidation|p1a: Garganacl\n|-supereffective|p1a: Garganacl\n|-damage|p1a: Garganacl|12/100\n|-damage|p2a: Barraskewda|61/100|[from] item: Life Orb\n|move|p1a: Garganacl|Iron Defense|p1a: Garganacl\n|-boost|p1a: Garganacl|def|2\n|\n|-heal|p1a: Garganacl|18/100|[from] item: Leftovers\n|upkeep\n|turn|13\n|\n|t:|1771218499\n|move|p2a: Barraskewda|Liquidation|p1a: Garganacl\n|-supereffective|p1a: Garganacl\n|-damage|p1a: Garganacl|0 fnt\n|faint|p1a: Garganacl\n|-damage|p2a: Barraskewda|51/100|[from] item: Life Orb\n|\n|upkeep\n|\n|t:|1771218500\n|switch|p1a: Gliscor|Gliscor, M, shiny|88/100 tox\n|-damage|p1a: Gliscor|76/100 tox|[from] Stealth Rock\n|turn|14\n|\n|t:|1771218503\n|move|p1a: Gliscor|Protect|p1a: Gliscor\n|-singleturn|p1a: Gliscor|Protect\n|move|p2a: Barraskewda|Liquidation|p1a: Gliscor\n|-activate|p1a: Gliscor|move: Protect\n|\n|-heal|p1a: Gliscor|88/100 tox|[from] ability: Poison Heal\n|upkeep\n|turn|15\n|\n|t:|1771218519\n|move|p2a: Barraskewda|Liquidation|p1a: Gliscor\n|-supereffective|p1a: Gliscor\n|-damage|p1a: Gliscor|9/100 tox\n|-damage|p2a: Barraskewda|41/100|[from] item: Life Orb\n|move|p1a: Gliscor|Earthquake|p2a: Barraskewda\n|-damage|p2a: Barraskewda|0 fnt\n|faint|p2a: Barraskewda\n|\n|-heal|p1a: Gliscor|21/100 tox|[from] ability: Poison Heal\n|upkeep\n|\n|t:|1771218525\n|switch|p2a: Tapu Lele|Tapu Lele|100/100\n|-fieldstart|move: Psychic Terrain|[from] ability: Psychic Surge|[of] p2a: Tapu Lele\n|turn|16\n|\n|t:|1771218526\n|switch|p1a: Chansey|Chansey, F|100/100\n|-damage|p1a: Chansey|88/100|[from] Stealth Rock\n|move|p2a: Tapu Lele|Psyshock|p1a: Chansey\n|-damage|p1a: Chansey|42/100\n|\n|upkeep\n|turn|17\n|\n|t:|1771218531\n|move|p1a: Chansey|Protect|p1a: Chansey\n|-singleturn|p1a: Chansey|Protect\n|move|p2a: Tapu Lele|Psyshock|p1a: Chansey\n|-activate|p1a: Chansey|move: Protect\n|\n|upkeep\n|turn|18\n|\n|t:|1771218537\n|switch|p1a: Gliscor|Gliscor, M, shiny|21/100 tox\n|-damage|p1a: Gliscor|9/100 tox|[from] Stealth Rock\n|move|p2a: Tapu Lele|Psyshock|p1a: Gliscor\n|-damage|p1a: Gliscor|0 fnt\n|faint|p1a: Gliscor\n|\n|upkeep\n|\n|t:|1771218540\n|switch|p1a: Chansey|Chansey, F|42/100\n|-damage|p1a: Chansey|29/100|[from] Stealth Rock\n|turn|19\n|\n|t:|1771218541\n|move|p2a: Tapu Lele|Psyshock|p1a: Chansey\n|-damage|p1a: Chansey|0 fnt\n|faint|p1a: Chansey\n|\n|win|ff14hellcat\n|raw|a2pro's rating: 1598 &rarr; <strong>1578</strong><br />(-20 for losing)\n|raw|ff14hellcat's rating: 1597 &rarr; <strong>1617</strong><br />(+20 for winning)\n|l|☆ff14hellcat\n|player|p2|\n|l|☆a2pro\n|player|p1|\n", "uploadtime": 1771218695, "views": 5, "formatid": "gen9nationaldex", "rating": 1578, "private": 0, "password": null}