{"id": "gen9nationaldex-2540912895", "format": "[Gen 9] National Dex", "players": ["CanaryKill", "dicolibri"], "log": "|j|☆CanaryKill\n|j|☆dicolibri\n|t:|1771266531\n|gametype|singles\n|player|p1|CanaryKill|266|1696\n|player|p2|dicolibri|hiker|1764\n|gen|9\n|tier|[Gen 9] National Dex\n|rated|\n|rule|HP Percentage Mod: HP is shown in percentages\n|rule|Endless Battle Clause: Forcing endless battles is banned\n|rule|Species Clause: Limit one of each Pokémon\n|rule|OHKO Clause: OHKO moves are banned\n|rule|Evasion Clause: Evasion abilities, items, and moves are banned\n|rule|Evasion Abilities Clause: Evasion abilities are banned\n|rule|Evasion Items Clause: Evasion items are banned\n|rule|Evasion Moves Clause: Evasion moves are banned\n|rule|Sleep Clause Mod: Limit one foe put to sleep\n|rule|Terastal Clause: You cannot Terastallize\n|clearpoke\n|poke|p1|Primarina, F|\n|poke|p1|Sinistcha|\n|poke|p1|Volcanion|\n|poke|p1|Iron Treads|\n|poke|p1|Scizor, F|\n|poke|p1|Tinkaton, F|\n|poke|p2|Torkoal, M|\n|poke|p2|Slowbro, M|\n|poke|p2|Exeggutor-Alola, F|\n|poke|p2|Victini|\n|poke|p2|Ursaluna, F|\n|poke|p2|Hoopa-Unbound|\n|teampreview\n|inactive|Battle timer is ON: inactive players will automatically lose when time's up. (requested by CanaryKill)\n|\n|t:|1771266542\n|teamsize|p1|6\n|teamsize|p2|6\n|start\n|switch|p1a: Tinkaton|Tinkaton, F|100/100\n|switch|p2a: Torkoal|Torkoal, M|100/100\n|-ability|p1a: Tinkaton|Mold Breaker\n|-item|p1a: Tinkaton|Air Balloon\n|-weather|SunnyDay|[from] ability: Drought|[of] p2a: Torkoal\n|turn|1\n|\n|t:|1771266570\n|move|p1a: Tinkaton|Stealth Rock|p2a: Torkoal\n|-sidestart|p2: dicolibri|move: Stealth Rock\n|move|p2a: Torkoal|Stealth Rock|p1a: Tinkaton\n|-sidestart|p1: CanaryKill|move: Stealth Rock\n|\n|-weather|SunnyDay|[upkeep]\n|upkeep\n|turn|2\n|\n|t:|1771266575\n|move|p1a: Tinkaton|Encore|p2a: Torkoal\n|-start|p2a: Torkoal|Encore\n|move|p2a: Torkoal|Stealth Rock||[still]\n|-fail|p2a: Torkoal\n|\n|-weather|SunnyDay|[upkeep]\n|upkeep\n|turn|3\n|\n|t:|1771266585\n|switch|p2a: Victini|Victini|100/100\n|-damage|p2a: Victini|76/100|[from] Stealth Rock\n|move|p1a: Tinkaton|Gigaton Hammer|p2a: Victini\n|-resisted|p2a: Victini\n|-damage|p2a: Victini|57/100\n|\n|-weather|SunnyDay|[upkeep]\n|upkeep\n|turn|4\n|\n|t:|1771266597\n|switch|p1a: Volcanion|Volcanion|100/100\n|-damage|p1a: Volcanion|76/100|[from] Stealth Rock\n|move|p2a: Victini|Trick Room|p2a: Victini\n|-fieldstart|move: Trick Room|[of] p2a: Victini\n|\n|-weather|SunnyDay|[upkeep]\n|upkeep\n|turn|5\n|\n|t:|1771266610\n|move|p1a: Volcanion|Earth Power|p2a: Victini\n|-supereffective|p2a: Victini\n|-damage|p2a: Victini|15/100\n|move|p2a: Victini|Bolt Strike|p1a: Volcanion|[miss]\n|-miss|p2a: Victini|p1a: Volcanion\n|\n|-weather|SunnyDay|[upkeep]\n|upkeep\n|turn|6\n|\n|t:|1771266622\n|switch|p2a: Exeggutor|Exeggutor-Alola, F|100/100\n|-damage|p2a: Exeggutor|88/100|[from] Stealth Rock\n|-item|p1a: Volcanion|Assault Vest|[from] ability: Frisk|[of] p2a: Exeggutor\n|move|p1a: Volcanion|Earth Power|p2a: Exeggutor\n|-resisted|p2a: Exeggutor\n|-damage|p2a: Exeggutor|74/100\n|-unboost|p2a: Exeggutor|spd|1\n|\n|-weather|SunnyDay|[upkeep]\n|upkeep\n|turn|7\n|\n|t:|1771266634\n|-zpower|p2a: Exeggutor\n|move|p2a: Exeggutor|Bloom Doom|p1a: Volcanion|[zeffect]\n|-damage|p1a: Volcanion|24/100\n|move|p1a: Volcanion|Flamethrower|p2a: Exeggutor\n|-crit|p2a: Exeggutor\n|-damage|p2a: Exeggutor|0 fnt\n|faint|p2a: Exeggutor\n|\n|-weather|SunnyDay|[upkeep]\n|upkeep\n|\n|t:|1771266648\n|switch|p2a: Ursaluna|Ursaluna, F|100/100\n|-damage|p2a: Ursaluna|94/100|[from] Stealth Rock\n|turn|8\n|\n|t:|1771266663\n|move|p2a: Ursaluna|Facade|p1a: Volcanion\n|-damage|p1a: Volcanion|0 fnt\n|faint|p1a: Volcanion\n|\n|-weather|none\n|-fieldend|move: Trick Room\n|-status|p2a: Ursaluna|brn|[from] item: Flame Orb\n|upkeep\n|\n|t:|1771266669\n|switch|p1a: Primarina|Primarina, F|100/100\n|-damage|p1a: Primarina|88/100|[from] Stealth Rock\n|turn|9\n|\n|t:|1771266683\n|move|p1a: Primarina|Substitute|p1a: Primarina\n|-start|p1a: Primarina|Substitute\n|-damage|p1a: Primarina|63/100\n|move|p2a: Ursaluna|Facade|p1a: Primarina\n|-end|p1a: Primarina|Substitute\n|\n|-heal|p1a: Primarina|69/100|[from] item: Leftovers\n|-damage|p2a: Ursaluna|88/100 brn|[from] brn\n|upkeep\n|turn|10\n|\n|t:|1771266691\n|move|p1a: Primarina|Substitute|p1a: Primarina\n|-start|p1a: Primarina|Substitute\n|-damage|p1a: Primarina|44/100\n|move|p2a: Ursaluna|Facade|p1a: Primarina\n|-end|p1a: Primarina|Substitute\n|\n|-heal|p1a: Primarina|50/100|[from] item: Leftovers\n|-damage|p2a: Ursaluna|82/100 brn|[from] brn\n|upkeep\n|turn|11\n|\n|t:|1771266708\n|move|p1a: Primarina|Substitute|p1a: Primarina\n|-start|p1a: Primarina|Substitute\n|-damage|p1a: Primarina|25/100\n|move|p2a: Ursaluna|Facade|p1a: Primarina\n|-end|p1a: Primarina|Substitute\n|\n|-heal|p1a: Primarina|31/100|[from] item: Leftovers\n|-damage|p2a: Ursaluna|76/100 brn|[from] brn\n|upkeep\n|turn|12\n|\n|t:|1771266713\n|switch|p2a: Slowbro|Slowbro, M|100/100\n|-damage|p2a: Slowbro|88/100|[from] Stealth Rock\n|move|p1a: Primarina|Substitute|p1a: Primarina\n|-start|p1a: Primarina|Substitute\n|-damage|p1a: Primarina|6/100\n|\n|-heal|p1a: Primarina|12/100|[from] item: Leftovers\n|upkeep\n|turn|13\n|\n|t:|1771266719\n|move|p1a: Primarina|Moonblast|p2a: Slowbro\n|-damage|p2a: Slowbro|40/100\n|move|p2a: Slowbro|Trick Room|p2a: Slowbro\n|-fieldstart|move: Trick Room|[of] p2a: Slowbro\n|\n|-heal|p1a: Primarina|18/100|[from] item: Leftovers\n|upkeep\n|turn|14\n|inactive|dicolibri has 120 seconds left.\n|\n|t:|1771266767\n|switch|p2a: Victini|Victini|15/100\n|-damage|p2a: Victini|0 fnt|[from] Stealth Rock\n|faint|p2a: Victini\n|move|p1a: Primarina|Moonblast|p2: Victini|[notarget]\n|-fail|p1a: Primarina\n|\n|-heal|p1a: Primarina|24/100|[from] item: Leftovers\n|upkeep\n|\n|t:|1771266770\n|switch|p2a: Hoopa|Hoopa-Unbound|100/100\n|-damage|p2a: Hoopa|88/100|[from] Stealth Rock\n|turn|15\n|\n|t:|1771266779\n|move|p2a: Hoopa|Hyperspace Fury|p1a: Primarina\n|-resisted|p1a: Primarina\n|-damage|p1a: Primarina|0 fnt\n|-unboost|p2a: Hoopa|def|1\n|faint|p1a: Primarina\n|-damage|p2a: Hoopa|78/100|[from] item: Life Orb\n|\n|upkeep\n|\n|t:|1771266788\n|switch|p1a: Iron Treads|Iron Treads|100/100\n|-damage|p1a: Iron Treads|97/100|[from] Stealth Rock\n|-enditem|p1a: Iron Treads|Booster Energy\n|-activate|p1a: Iron Treads|ability: Quark Drive|[fromitem]\n|-start|p1a: Iron Treads|quarkdrivespe\n|turn|16\n|inactive|dicolibri has 120 seconds left.\n|inactive|dicolibri has 90 seconds left.\n|\n|t:|1771266834\n|switch|p2a: Torkoal|Torkoal, M|100/100\n|-damage|p2a: Torkoal|76/100|[from] Stealth Rock\n|-weather|SunnyDay|[from] ability: Drought|[of] p2a: Torkoal\n|move|p1a: Iron Treads|Earthquake|p2a: Torkoal\n|-supereffective|p2a: Torkoal\n|-damage|p2a: Torkoal|27/100\n|\n|-weather|SunnyDay|[upkeep]\n|upkeep\n|turn|17\n|inactive|dicolibri has 90 seconds left.\n|\n|t:|1771266865\n|move|p2a: Torkoal|Rapid Spin|p1a: Iron Treads\n|-resisted|p1a: Iron Treads\n|-damage|p1a: Iron Treads|93/100\n|-boost|p2a: Torkoal|spe|1\n|-sideend|p2: dicolibri|Stealth Rock|[from] move: Rapid Spin|[of] p2a: Torkoal\n|move|p1a: Iron Treads|Earthquake|p2a: Torkoal\n|-supereffective|p2a: Torkoal\n|-damage|p2a: Torkoal|0 fnt\n|faint|p2a: Torkoal\n|\n|-weather|SunnyDay|[upkeep]\n|-fieldend|move: Trick Room\n|upkeep\n|\n|t:|1771266872\n|switch|p2a: Slowbro|Slowbro, M|74/100\n|turn|18\n|inactive|dicolibri has 60 seconds left.\n|\n|t:|1771266898\n|detailschange|p2a: Slowbro|Slowbro-Mega, M\n|-mega|p2a: Slowbro|Slowbro|Slowbronite\n|move|p1a: Iron Treads|Rapid Spin|p2a: Slowbro\n|-damage|p2a: Slowbro|65/100\n|-boost|p1a: Iron Treads|spe|1\n|-sideend|p1: CanaryKill|Stealth Rock|[from] move: Rapid Spin|[of] p1a: Iron Treads\n|move|p2a: Slowbro|Trick Room|p2a: Slowbro\n|-fieldstart|move: Trick Room|[of] p2a: Slowbro\n|\n|-weather|SunnyDay|[upkeep]\n|upkeep\n|turn|19\n|\n|t:|1771266904\n|-end|p1a: Iron Treads|Quark Drive|[silent]\n|switch|p1a: Tinkaton|Tinkaton, F|100/100\n|-ability|p1a: Tinkaton|Mold Breaker\n|-item|p1a: Tinkaton|Air Balloon\n|move|p2a: Slowbro|Flamethrower|p1a: Tinkaton\n|-supereffective|p1a: Tinkaton\n|-damage|p1a: Tinkaton|10/100\n|-enditem|p1a: Tinkaton|Air Balloon\n|\n|-weather|SunnyDay|[upkeep]\n|upkeep\n|turn|20\n|\n|t:|1771266913\n|move|p2a: Slowbro|Flamethrower|p1a: Tinkaton\n|-supereffective|p1a: Tinkaton\n|-damage|p1a: Tinkaton|0 fnt\n|faint|p1a: Tinkaton\n|\n|-weather|SunnyDay|[upkeep]\n|upkeep\n|\n|t:|1771266923\n|switch|p1a: Sinistcha|Sinistcha|100/100\n|turn|21\n|\n|t:|1771266932\n|switch|p2a: Hoopa|Hoopa-Unbound|78/100\n|move|p1a: Sinistcha|Calm Mind|p1a: Sinistcha\n|-boost|p1a: Sinistcha|spa|1\n|-boost|p1a: Sinistcha|spd|1\n|\n|-weather|SunnyDay|[upkeep]\n|upkeep\n|turn|22\n|\n|t:|1771266943\n|move|p2a: Hoopa|Hyperspace Fury|p1a: Sinistcha\n|-supereffective|p1a: Sinistcha\n|-damage|p1a: Sinistcha|0 fnt\n|-unboost|p2a: Hoopa|def|1\n|faint|p1a: Sinistcha\n|-damage|p2a: Hoopa|68/100|[from] item: Life Orb\n|\n|-weather|SunnyDay|[upkeep]\n|-fieldend|move: Trick Room\n|upkeep\n|\n|t:|1771266947\n|switch|p1a: Scizor|Scizor, F|100/100\n|turn|23\n|inactive|dicolibri has 90 seconds left.\n|\n|t:|1771266986\n|switch|p2a: Ursaluna|Ursaluna, F|76/100 brn\n|move|p1a: Scizor|Swords Dance|p1a: Scizor\n|-boost|p1a: Scizor|atk|2\n|\n|-weather|none\n|-damage|p2a: Ursaluna|70/100 brn|[from] brn\n|upkeep\n|turn|24\n|\n|t:|1771267009\n|detailschange|p1a: Scizor|Scizor-Mega, F\n|-mega|p1a: Scizor|Scizor|Scizorite\n|move|p1a: Scizor|Knock Off|p2a: Ursaluna\n|-damage|p2a: Ursaluna|17/100 brn\n|-enditem|p2a: Ursaluna|Flame Orb|[from] move: Knock Off|[of] p1a: Scizor\n|move|p2a: Ursaluna|Fire Punch|p1a: Scizor\n|-supereffective|p1a: Scizor\n|-damage|p1a: Scizor|0 fnt\n|faint|p1a: Scizor\n|detailschange|p1: Scizor|Scizor, F|[silent]\n|\n|-damage|p2a: Ursaluna|11/100 brn|[from] brn\n|upkeep\n|\n|t:|1771267016\n|switch|p1a: Iron Treads|Iron Treads|93/100\n|turn|25\n|\n|t:|1771267025\n|move|p1a: Iron Treads|Earthquake|p2a: Ursaluna\n|-damage|p2a: Ursaluna|0 fnt\n|faint|p2a: Ursaluna\n|\n|upkeep\n|\n|t:|1771267027\n|switch|p2a: Slowbro|Slowbro-Mega, M|65/100\n|turn|26\n|\n|t:|1771267031\n|move|p1a: Iron Treads|Earthquake|p2a: Slowbro\n|-damage|p2a: Slowbro|39/100\n|move|p2a: Slowbro|Trick Room|p2a: Slowbro\n|-fieldstart|move: Trick Room|[of] p2a: Slowbro\n|\n|upkeep\n|turn|27\n|\n|t:|1771267037\n|move|p2a: Slowbro|Surf|p1a: Iron Treads\n|-supereffective|p1a: Iron Treads\n|-damage|p1a: Iron Treads|0 fnt\n|faint|p1a: Iron Treads\n|-end|p1a: Iron Treads|Quark Drive|[silent]\n|\n|win|dicolibri\n|raw|CanaryKill's rating: 1704 &rarr; <strong>1687</strong><br />(-17 for losing)\n|raw|dicolibri's rating: 1764 &rarr; <strong>1781</strong><br />(+17 for winning)\n|l|☆CanaryKill\n|player|p1|\n|l|☆dicolibri\n|player|p2|\n", "uploadtime": 1771267268, "views": 3, "formatid": "gen9nationaldex", "rating": 1687, "private": 0, "password": null}