{"id": "gen9nationaldex-2540890317", "format": "[Gen 9] National Dex", "players": ["xedrar4", "G6Gambit"], "log": "|j|☆xedrar4\n|j|☆G6Gambit\n|t:|1771264359\n|gametype|singles\n|player|p1|xedrar4|hilbert|1532\n|player|p2|G6Gambit|miku-ghost|1608\n|gen|9\n|tier|[Gen 9] National Dex\n|rated|\n|rule|HP Percentage Mod: HP is shown in percentages\n|rule|Endless Battle Clause: Forcing endless battles is banned\n|rule|Species Clause: Limit one of each Pokémon\n|rule|OHKO Clause: OHKO moves are banned\n|rule|Evasion Clause: Evasion abilities, items, and moves are banned\n|rule|Evasion Abilities Clause: Evasion abilities are banned\n|rule|Evasion Items Clause: Evasion items are banned\n|rule|Evasion Moves Clause: Evasion moves are banned\n|rule|Sleep Clause Mod: Limit one foe put to sleep\n|rule|Terastal Clause: You cannot Terastallize\n|clearpoke\n|poke|p1|Blaziken, M|\n|poke|p1|Swampert, M|\n|poke|p1|Meowscarada, F|\n|poke|p1|Latias, F|\n|poke|p1|Kingambit, F|\n|poke|p1|Slowbro, M|\n|poke|p2|Landorus-Therian, M|\n|poke|p2|Zamazenta-*|\n|poke|p2|Scizor, M|\n|poke|p2|Raging Bolt|\n|poke|p2|Moltres|\n|poke|p2|Alomomola, F|\n|teampreview\n|inactive|Battle timer is ON: inactive players will automatically lose when time's up. (requested by xedrar4)\n|j| yungster_testboi\n|\n|t:|1771264373\n|teamsize|p1|6\n|teamsize|p2|6\n|start\n|switch|p1a: Kingambit|Kingambit, F|100/100\n|switch|p2a: Landorus|Landorus-Therian, M|100/100\n|-ability|p2a: Landorus|Intimidate|boost\n|-unboost|p1a: Kingambit|atk|1\n|-ability|p1a: Kingambit|Defiant|boost\n|-boost|p1a: Kingambit|atk|2\n|turn|1\n|\n|t:|1771264380\n|move|p2a: Landorus|Earthquake|p1a: Kingambit\n|-supereffective|p1a: Kingambit\n|-damage|p1a: Kingambit|15/100\n|-zpower|p1a: Kingambit\n|move|p1a: Kingambit|Black Hole Eclipse|p2a: Landorus|[zeffect]\n|-damage|p2a: Landorus|0 fnt\n|faint|p2a: Landorus\n|\n|upkeep\n|\n|t:|1771264394\n|switch|p2a: Zamazenta|Zamazenta|100/100\n|-ability|p2a: Zamazenta|Dauntless Shield|boost\n|-boost|p2a: Zamazenta|def|1\n|turn|2\n|\n|t:|1771264398\n|switch|p1a: Slowbro|Slowbro, M|100/100\n|move|p2a: Zamazenta|Iron Defense|p2a: Zamazenta\n|-boost|p2a: Zamazenta|def|2\n|\n|upkeep\n|turn|3\n|\n|t:|1771264401\n|move|p2a: Zamazenta|Substitute|p2a: Zamazenta\n|-start|p2a: Zamazenta|Substitute\n|-damage|p2a: Zamazenta|76/100\n|move|p1a: Slowbro|Future Sight|p2a: Zamazenta\n|-start|p1a: Slowbro|move: Future Sight\n|\n|-heal|p2a: Zamazenta|82/100|[from] item: Leftovers\n|upkeep\n|turn|4\n|\n|t:|1771264407\n|move|p2a: Zamazenta|Crunch|p1a: Slowbro\n|-supereffective|p1a: Slowbro\n|-damage|p1a: Slowbro|61/100\n|-enditem|p1a: Slowbro|Red Card|[of] p2a: Zamazenta\n|drag|p2a: Raging Bolt|Raging Bolt|100/100\n|move|p1a: Slowbro|Scald|p2a: Raging Bolt\n|-resisted|p2a: Raging Bolt\n|-damage|p2a: Raging Bolt|82/100\n|\n|upkeep\n|turn|5\n|\n|t:|1771264417\n|switch|p1a: Swampert|Swampert, M|100/100\n|-zpower|p2a: Raging Bolt\n|move|p2a: Raging Bolt|Devastating Drake|p1a: Swampert|[zeffect]\n|-damage|p1a: Swampert|6/100\n|\n|-end|p2a: Raging Bolt|move: Future Sight\n|-damage|p2a: Raging Bolt|22/100\n|-heal|p1a: Swampert|12/100|[from] item: Leftovers\n|upkeep\n|turn|6\n|\n|t:|1771264421\n|move|p2a: Raging Bolt|Draco Meteor|p1a: Swampert\n|-damage|p1a: Swampert|0 fnt\n|-unboost|p2a: Raging Bolt|spa|2\n|faint|p1a: Swampert\n|\n|upkeep\n|\n|t:|1771264428\n|switch|p1a: Blaziken|Blaziken, M|100/100\n|turn|7\n|l| yungster_testboi\n|\n|t:|1771264431\n|move|p2a: Raging Bolt|Thunderbolt|p1a: Blaziken\n|-damage|p1a: Blaziken|65/100\n|move|p1a: Blaziken|Swords Dance|p1a: Blaziken\n|-boost|p1a: Blaziken|atk|2\n|\n|-ability|p1a: Blaziken|Speed Boost|boost\n|-boost|p1a: Blaziken|spe|1\n|upkeep\n|turn|8\n|\n|t:|1771264441\n|move|p1a: Blaziken|Swords Dance|p1a: Blaziken\n|-boost|p1a: Blaziken|atk|2\n|move|p2a: Raging Bolt|Thunderbolt|p1a: Blaziken\n|-damage|p1a: Blaziken|28/100\n|\n|-ability|p1a: Blaziken|Speed Boost|boost\n|-boost|p1a: Blaziken|spe|1\n|upkeep\n|turn|9\n|\n|t:|1771264448\n|move|p2a: Raging Bolt|Thunderclap|p1a: Blaziken\n|-damage|p1a: Blaziken|0 fnt\n|faint|p1a: Blaziken\n|\n|upkeep\n|\n|t:|1771264452\n|switch|p1a: Meowscarada|Meowscarada, F|100/100\n|turn|10\n|\n|t:|1771264454\n|-end|p2a: Raging Bolt|Protosynthesis|[silent]\n|switch|p2a: Moltres|Moltres|100/100\n|move|p1a: Meowscarada|Thunder Punch|p2a: Moltres\n|-start|p1a: Meowscarada|typechange|Electric|[from] ability: Protean\n|-supereffective|p2a: Moltres\n|-damage|p2a: Moltres|32/100\n|\n|upkeep\n|turn|11\n|\n|t:|1771264467\n|move|p1a: Meowscarada|Thunder Punch|p2a: Moltres\n|-supereffective|p2a: Moltres\n|-damage|p2a: Moltres|0 fnt\n|-status|p1a: Meowscarada|brn|[from] ability: Flame Body|[of] p2a: Moltres\n|faint|p2a: Moltres\n|\n|-damage|p1a: Meowscarada|94/100 brn|[from] brn\n|upkeep\n|\n|t:|1771264471\n|switch|p2a: Zamazenta|Zamazenta|82/100\n|turn|12\n|\n|t:|1771264477\n|switch|p1a: Slowbro|Slowbro, M|94/100\n|move|p2a: Zamazenta|Iron Defense|p2a: Zamazenta\n|-boost|p2a: Zamazenta|def|2\n|\n|-heal|p2a: Zamazenta|88/100|[from] item: Leftovers\n|upkeep\n|turn|13\n|\n|t:|1771264482\n|move|p2a: Zamazenta|Substitute|p2a: Zamazenta\n|-start|p2a: Zamazenta|Substitute\n|-damage|p2a: Zamazenta|63/100\n|move|p1a: Slowbro|Future Sight|p2a: Zamazenta\n|-start|p1a: Slowbro|move: Future Sight\n|\n|-heal|p2a: Zamazenta|69/100|[from] item: Leftovers\n|upkeep\n|turn|14\n|\n|t:|1771264489\n|move|p2a: Zamazenta|Crunch|p1a: Slowbro\n|-supereffective|p1a: Slowbro\n|-damage|p1a: Slowbro|52/100\n|move|p1a: Slowbro|Scald|p2a: Zamazenta\n|-end|p2a: Zamazenta|Substitute\n|\n|-heal|p2a: Zamazenta|75/100|[from] item: Leftovers\n|upkeep\n|turn|15\n|\n|t:|1771264496\n|move|p2a: Zamazenta|Crunch|p1a: Slowbro\n|-supereffective|p1a: Slowbro\n|-damage|p1a: Slowbro|11/100\n|move|p1a: Slowbro|Scald|p2a: Zamazenta\n|-damage|p2a: Zamazenta|42/100\n|\n|-end|p2a: Zamazenta|move: Future Sight\n|-supereffective|p2a: Zamazenta\n|-damage|p2a: Zamazenta|0 fnt\n|faint|p2a: Zamazenta\n|upkeep\n|\n|t:|1771264511\n|switch|p2a: Scizor|Scizor, M|100/100\n|turn|16\n|\n|t:|1771264521\n|switch|p1a: Kingambit|Kingambit, F|15/100\n|detailschange|p2a: Scizor|Scizor-Mega, M\n|-mega|p2a: Scizor|Scizor|Scizorite\n|move|p2a: Scizor|Swords Dance|p2a: Scizor\n|-boost|p2a: Scizor|atk|2\n|\n|upkeep\n|turn|17\n|\n|t:|1771264526\n|move|p2a: Scizor|Bullet Punch|p1a: Kingambit\n|-resisted|p1a: Kingambit\n|-damage|p1a: Kingambit|0 fnt\n|faint|p1a: Kingambit\n|\n|upkeep\n|\n|t:|1771264533\n|switch|p1a: Slowbro|Slowbro, M|44/100\n|turn|18\n|\n|t:|1771264537\n|switch|p1a: Latias|Latias, F|100/100\n|move|p2a: Scizor|Swords Dance|p2a: Scizor\n|-boost|p2a: Scizor|atk|2\n|\n|upkeep\n|turn|19\n|\n|t:|1771264543\n|move|p2a: Scizor|Bullet Punch|p1a: Latias\n|-damage|p1a: Latias|15/100\n|move|p1a: Latias|Reflect|p1a: Latias\n|-sidestart|p1: xedrar4|Reflect\n|\n|upkeep\n|turn|20\n|\n|t:|1771264549\n|move|p2a: Scizor|Bullet Punch|p1a: Latias\n|-damage|p1a: Latias|0 fnt\n|faint|p1a: Latias\n|\n|upkeep\n|\n|t:|1771264552\n|switch|p1a: Slowbro|Slowbro, M|78/100\n|turn|21\n|\n|t:|1771264555\n|move|p2a: Scizor|Knock Off|p1a: Slowbro\n|-supereffective|p1a: Slowbro\n|-damage|p1a: Slowbro|33/100\n|move|p1a: Slowbro|Flamethrower|p2a: Scizor\n|-supereffective|p2a: Scizor\n|-damage|p2a: Scizor|0 fnt\n|faint|p2a: Scizor\n|detailschange|p2: Scizor|Scizor, M|[silent]\n|\n|upkeep\n|\n|t:|1771264569\n|switch|p2a: Alomomola|Alomomola, F|100/100\n|turn|22\n|j| ralex69\n|\n|t:|1771264572\n|switch|p1a: Meowscarada|Meowscarada, F|94/100 brn\n|move|p2a: Alomomola|Wish|p2a: Alomomola\n|\n|-damage|p1a: Meowscarada|88/100 brn|[from] brn\n|upkeep\n|turn|23\n|\n|t:|1771264586\n|move|p1a: Meowscarada|Triple Axel|p2a: Alomomola\n|-start|p1a: Meowscarada|typechange|Ice|[from] ability: Protean\n|-resisted|p2a: Alomomola\n|-crit|p2a: Alomomola\n|-damage|p2a: Alomomola|96/100\n|-resisted|p2a: Alomomola\n|-damage|p2a: Alomomola|91/100\n|-resisted|p2a: Alomomola\n|-damage|p2a: Alomomola|83/100\n|-hitcount|p2a: Alomomola|3\n|move|p2a: Alomomola|Flip Turn|p1a: Meowscarada\n|-damage|p1a: Meowscarada|74/100 brn\n|j| Bursti\n|\n|t:|1771264597\n|switch|p2a: Raging Bolt|Raging Bolt|22/100|[from] Flip Turn\n|\n|-heal|p2a: Raging Bolt|91/100|[from] move: Wish|[wisher] Alomomola\n|-damage|p1a: Meowscarada|68/100 brn|[from] brn\n|upkeep\n|turn|24\n|\n|t:|1771264604\n|-end|p2a: Raging Bolt|Protosynthesis|[silent]\n|switch|p2a: Alomomola|Alomomola, F|100/100\n|move|p1a: Meowscarada|Triple Axel|p2a: Alomomola\n|-resisted|p2a: Alomomola\n|-damage|p2a: Alomomola|98/100\n|-resisted|p2a: Alomomola\n|-damage|p2a: Alomomola|92/100\n|-resisted|p2a: Alomomola\n|-damage|p2a: Alomomola|85/100\n|-hitcount|p2a: Alomomola|3\n|\n|-damage|p1a: Meowscarada|62/100 brn|[from] brn\n|upkeep\n|turn|25\n|\n|t:|1771264609\n|switch|p1a: Slowbro|Slowbro, M|66/100\n|move|p2a: Alomomola|Toxic|p1a: Slowbro\n|-status|p1a: Slowbro|tox\n|\n|-damage|p1a: Slowbro|60/100 tox|[from] psn\n|upkeep\n|turn|26\n|\n|t:|1771264613\n|move|p2a: Alomomola|Wish|p2a: Alomomola\n|move|p1a: Slowbro|Future Sight|p2a: Alomomola\n|-start|p1a: Slowbro|move: Future Sight\n|\n|-damage|p1a: Slowbro|48/100 tox|[from] psn\n|-sideend|p1: xedrar4|Reflect\n|upkeep\n|turn|27\n|\n|t:|1771264635\n|move|p2a: Alomomola|Protect|p2a: Alomomola\n|-singleturn|p2a: Alomomola|Protect\n|move|p1a: Slowbro|Teleport|p1a: Slowbro\n|\n|t:|1771264639\n|switch|p1a: Meowscarada|Meowscarada, F|62/100 brn|[from] Teleport\n|\n|-heal|p2a: Alomomola|100/100|[from] move: Wish|[wisher] Alomomola\n|-damage|p1a: Meowscarada|56/100 brn|[from] brn\n|upkeep\n|turn|28\n|\n|t:|1771264643\n|move|p2a: Alomomola|Protect|p2a: Alomomola\n|-singleturn|p2a: Alomomola|Protect\n|move|p1a: Meowscarada|Flower Trick|p2a: Alomomola\n|-start|p1a: Meowscarada|typechange|Grass|[from] ability: Protean\n|-activate|p2a: Alomomola|move: Protect\n|\n|-end|p2a: Alomomola|move: Future Sight\n|-damage|p2a: Alomomola|55/100\n|-damage|p1a: Meowscarada|50/100 brn|[from] brn\n|upkeep\n|turn|29\n|\n|t:|1771264647\n|switch|p1a: Slowbro|Slowbro, M|82/100 tox\n|switch|p2a: Raging Bolt|Raging Bolt|91/100\n|\n|-damage|p1a: Slowbro|75/100 tox|[from] psn\n|upkeep\n|turn|30\n|\n|t:|1771264652\n|switch|p1a: Meowscarada|Meowscarada, F|50/100 brn\n|move|p2a: Raging Bolt|Thunderbolt|p1a: Meowscarada\n|-resisted|p1a: Meowscarada\n|-crit|p1a: Meowscarada\n|-damage|p1a: Meowscarada|0 fnt\n|faint|p1a: Meowscarada\n|\n|upkeep\n|-message|xedrar4 forfeited.\n|\n|win|G6Gambit\n|raw|xedrar4's rating: 1532 &rarr; <strong>1516</strong><br />(-16 for losing)\n|raw|G6Gambit's rating: 1608 &rarr; <strong>1624</strong><br />(+16 for winning)\n|l|☆xedrar4\n|player|p1|\n|l| Bursti\n|j| Bursti\n|l| Bursti\n|j| Bursti\n|l| Bursti\n|j| Bursti\n|l| Bursti\n|j| Bursti\n|l| Bursti\n", "uploadtime": 1771264792, "views": 3, "formatid": "gen9nationaldex", "rating": 1516, "private": 0, "password": null}