{"id": "gen9nationaldex-2540697169", "format": "[Gen 9] National Dex", "players": ["zmdalan", "ffuy"], "log": "|j|☆zmdalan\n|j|☆ffuy\n|t:|1771241938\n|gametype|singles\n|player|p1|zmdalan|101|1654\n|player|p2|ffuy|1|1643\n|gen|9\n|tier|[Gen 9] National Dex\n|rated|\n|rule|HP Percentage Mod: HP is shown in percentages\n|rule|Endless Battle Clause: Forcing endless battles is banned\n|rule|Species Clause: Limit one of each Pokémon\n|rule|OHKO Clause: OHKO moves are banned\n|rule|Evasion Clause: Evasion abilities, items, and moves are banned\n|rule|Evasion Abilities Clause: Evasion abilities are banned\n|rule|Evasion Items Clause: Evasion items are banned\n|rule|Evasion Moves Clause: Evasion moves are banned\n|rule|Sleep Clause Mod: Limit one foe put to sleep\n|rule|Terastal Clause: You cannot Terastallize\n|clearpoke\n|poke|p1|Tapu Koko|\n|poke|p1|Raging Bolt|\n|poke|p1|Regieleki|\n|poke|p1|Charizard, M|\n|poke|p1|Iron Crown|\n|poke|p1|Ditto|\n|poke|p2|Diancie|\n|poke|p2|Tyranitar, F|\n|poke|p2|Alomomola, M|\n|poke|p2|Gliscor, M|\n|poke|p2|Urshifu-*, F|\n|poke|p2|Kyurem|\n|teampreview\n|inactive|Battle timer is ON: inactive players will automatically lose when time's up. (requested by ffuy)\n|inactive|zmdalan also wants the timer to be on.\n|\n|t:|1771241965\n|teamsize|p1|6\n|teamsize|p2|6\n|start\n|switch|p1a: Tapu Koko|Tapu Koko|100/100\n|switch|p2a: Diancie|Diancie|100/100\n|-fieldstart|move: Electric Terrain|[from] ability: Electric Surge|[of] p1a: Tapu Koko\n|turn|1\n|\n|t:|1771241969\n|switch|p2a: Gliscor|Gliscor, M|100/100\n|move|p1a: Tapu Koko|U-turn|p2a: Gliscor\n|-resisted|p2a: Gliscor\n|-damage|p2a: Gliscor|94/100\n|\n|t:|1771241974\n|switch|p1a: Charizard|Charizard, M|100/100|[from] U-turn\n|\n|-status|p2a: Gliscor|tox|[from] item: Toxic Orb\n|upkeep\n|turn|2\n|j| Villain gligar\n|\n|t:|1771241980\n|detailschange|p1a: Charizard|Charizard-Mega-Y, M\n|-mega|p1a: Charizard|Charizard|Charizardite Y\n|-weather|SunnyDay|[from] ability: Drought|[of] p1a: Charizard\n|move|p1a: Charizard|Weather Ball|p2a: Gliscor\n|-damage|p2a: Gliscor|21/100 tox\n|move|p2a: Gliscor|U-turn|p1a: Charizard\n|-resisted|p1a: Charizard\n|-damage|p1a: Charizard|95/100\n|\n|t:|1771241983\n|switch|p2a: Tyranitar|Tyranitar, F|100/100|[from] U-turn\n|-weather|Sandstorm|[from] ability: Sand Stream|[of] p2a: Tyranitar\n|\n|-weather|Sandstorm|[upkeep]\n|-damage|p1a: Charizard|89/100|[from] Sandstorm\n|upkeep\n|turn|3\n|\n|t:|1771241986\n|move|p1a: Charizard|Focus Blast|p2a: Tyranitar\n|-supereffective|p2a: Tyranitar\n|-damage|p2a: Tyranitar|46/100\n|move|p2a: Tyranitar|Pursuit|p1a: Charizard\n|-damage|p1a: Charizard|62/100\n|\n|-weather|Sandstorm|[upkeep]\n|-damage|p1a: Charizard|56/100|[from] Sandstorm\n|upkeep\n|turn|4\n|\n|t:|1771241992\n|move|p1a: Charizard|Focus Blast|p2a: Tyranitar\n|-supereffective|p2a: Tyranitar\n|-damage|p2a: Tyranitar|0 fnt\n|faint|p2a: Tyranitar\n|\n|-weather|Sandstorm|[upkeep]\n|-damage|p1a: Charizard|50/100|[from] Sandstorm\n|upkeep\n|\n|t:|1771241996\n|switch|p2a: Kyurem|Kyurem|100/100\n|-ability|p2a: Kyurem|Pressure\n|turn|5\n|\n|t:|1771242004\n|move|p2a: Kyurem|Ice Beam|p1a: Charizard\n|-damage|p1a: Charizard|2/100\n|move|p1a: Charizard|Weather Ball|p2a: Kyurem\n|-supereffective|p2a: Kyurem\n|-damage|p2a: Kyurem|24/100\n|\n|-weather|Sandstorm|[upkeep]\n|-damage|p2a: Kyurem|18/100|[from] Sandstorm\n|-damage|p1a: Charizard|0 fnt|[from] Sandstorm\n|faint|p1a: Charizard\n|detailschange|p1: Charizard|Charizard, M|[silent]\n|upkeep\n|\n|t:|1771242010\n|switch|p1a: Iron Crown|Iron Crown|100/100\n|-activate|p1a: Iron Crown|ability: Quark Drive\n|-start|p1a: Iron Crown|quarkdrivespe\n|turn|6\n|\n|t:|1771242021\n|switch|p2a: Alomomola|Alomomola, M|100/100\n|move|p1a: Iron Crown|Calm Mind|p1a: Iron Crown\n|-boost|p1a: Iron Crown|spa|1\n|-boost|p1a: Iron Crown|spd|1\n|\n|-weather|none\n|upkeep\n|turn|7\n|\n|t:|1771242033\n|move|p1a: Iron Crown|Agility|p1a: Iron Crown\n|-boost|p1a: Iron Crown|spe|2\n|move|p2a: Alomomola|Flip Turn|p1a: Iron Crown\n|-damage|p1a: Iron Crown|88/100\n|\n|t:|1771242036\n|switch|p2a: Diancie|Diancie|100/100|[from] Flip Turn\n|\n|upkeep\n|turn|8\n|\n|t:|1771242040\n|detailschange|p2a: Diancie|Diancie-Mega\n|-mega|p2a: Diancie|Diancie|Diancite\n|move|p1a: Iron Crown|Calm Mind|p1a: Iron Crown\n|-boost|p1a: Iron Crown|spa|1\n|-boost|p1a: Iron Crown|spd|1\n|move|p2a: Diancie|Earth Power|p1a: Iron Crown\n|-supereffective|p1a: Iron Crown\n|-damage|p1a: Iron Crown|56/100\n|-enditem|p1a: Iron Crown|Weakness Policy\n|-boost|p1a: Iron Crown|atk|2|[from] item: Weakness Policy\n|-boost|p1a: Iron Crown|spa|2|[from] item: Weakness Policy\n|\n|-fieldend|move: Electric Terrain\n|-end|p1a: Iron Crown|Quark Drive\n|upkeep\n|turn|9\n|\n|t:|1771242044\n|move|p1a: Iron Crown|Stored Power|p2a: Diancie\n|-damage|p2a: Diancie|0 fnt\n|faint|p2a: Diancie\n|detailschange|p2: Diancie|Diancie|[silent]\n|\n|upkeep\n|\n|t:|1771242049\n|switch|p2a: Gliscor|Gliscor, M|21/100 tox\n|turn|10\n|\n|t:|1771242052\n|move|p1a: Iron Crown|Stored Power|p2a: Gliscor\n|-damage|p2a: Gliscor|0 fnt\n|faint|p2a: Gliscor\n|\n|upkeep\n|-message|ffuy forfeited.\n|\n|win|zmdalan\n|raw|zmdalan's rating: 1654 &rarr; <strong>1673</strong><br />(+19 for winning)\n|raw|ffuy's rating: 1643 &rarr; <strong>1624</strong><br />(-19 for losing)\n|l|☆ffuy\n|player|p2|\n|l|☆zmdalan\n|player|p1|\n|l| Villain gligar\n", "uploadtime": 1771242215, "views": 9, "formatid": "gen9nationaldex", "rating": 1624, "private": 0, "password": null}