{"id": "gen9nationaldex-2540237736", "format": "[Gen 9] National Dex", "players": ["djalil le w7ch", "zyzyno.1"], "log": "|j|☆djalil le w7ch\n|j|☆zyzyno.1\n|t:|1771179301\n|gametype|singles\n|player|p1|djalil le w7ch|102|1603\n|player|p2|zyzyno.1|cynthia-gen4|1629\n|gen|9\n|tier|[Gen 9] National Dex\n|rated|\n|rule|HP Percentage Mod: HP is shown in percentages\n|rule|Endless Battle Clause: Forcing endless battles is banned\n|rule|Species Clause: Limit one of each Pokémon\n|rule|OHKO Clause: OHKO moves are banned\n|rule|Evasion Clause: Evasion abilities, items, and moves are banned\n|rule|Evasion Abilities Clause: Evasion abilities are banned\n|rule|Evasion Items Clause: Evasion items are banned\n|rule|Evasion Moves Clause: Evasion moves are banned\n|rule|Sleep Clause Mod: Limit one foe put to sleep\n|rule|Terastal Clause: You cannot Terastallize\n|clearpoke\n|poke|p1|Alomomola, M|\n|poke|p1|Raging Bolt|\n|poke|p1|Lopunny, M|\n|poke|p1|Landorus-Therian, M|\n|poke|p1|Hatterene, F|\n|poke|p1|Kartana|\n|poke|p2|Crustle, F|\n|poke|p2|Pinsir, M|\n|poke|p2|Hatterene, F|\n|poke|p2|Great Tusk|\n|poke|p2|Gholdengo|\n|poke|p2|Samurott-Hisui, F|\n|teampreview\n|\n|t:|1771179318\n|teamsize|p1|6\n|teamsize|p2|6\n|start\n|switch|p1a: Lopunny|Lopunny, M|100/100\n|switch|p2a: Crustle|Crustle, F|100/100\n|turn|1\n|\n|t:|1771179341\n|switch|p2a: Hatterene|Hatterene, F|100/100\n|detailschange|p1a: Lopunny|Lopunny-Mega, M\n|-mega|p1a: Lopunny|Lopunny|Lopunnite\n|move|p1a: Lopunny|Fake Out|p2a: Hatterene\n|-damage|p2a: Hatterene|83/100\n|-damage|p1a: Lopunny|84/100|[from] item: Rocky Helmet|[of] p2a: Hatterene\n|\n|upkeep\n|turn|2\n|\n|t:|1771179377\n|switch|p1a: Landorus|Landorus-Therian, M|100/100\n|-ability|p1a: Landorus|Intimidate|boost\n|-unboost|p2a: Hatterene|atk|1\n|move|p2a: Hatterene|Nuzzle|p1a: Landorus\n|-immune|p1a: Landorus\n|\n|upkeep\n|turn|3\n|\n|t:|1771179406\n|move|p1a: Landorus|Earthquake|p2a: Hatterene\n|-damage|p2a: Hatterene|47/100\n|move|p2a: Hatterene|Psychic Noise|p1a: Landorus\n|-damage|p1a: Landorus|65/100\n|-start|p1a: Landorus|move: Heal Block\n|\n|upkeep\n|turn|4\n|\n|t:|1771179423\n|switch|p2a: Pinsir|Pinsir, M|100/100\n|move|p1a: Landorus|Earthquake|p2a: Pinsir\n|-resisted|p2a: Pinsir\n|-damage|p2a: Pinsir|72/100\n|\n|-end|p1a: Landorus|move: Heal Block\n|upkeep\n|turn|5\n|\n|t:|1771179433\n|detailschange|p2a: Pinsir|Pinsir-Mega, M\n|-mega|p2a: Pinsir|Pinsir|Pinsirite\n|move|p2a: Pinsir|Return|p1a: Landorus\n|-damage|p1a: Landorus|11/100\n|-damage|p2a: Pinsir|55/100|[from] item: Rocky Helmet|[of] p1a: Landorus\n|move|p1a: Landorus|U-turn|p2a: Pinsir\n|-resisted|p2a: Pinsir\n|-damage|p2a: Pinsir|43/100\n|\n|t:|1771179441\n|switch|p1a: Kartana|Kartana|100/100|[from] U-turn\n|\n|upkeep\n|turn|6\n|\n|t:|1771179482\n|switch|p2a: Crustle|Crustle, F|100/100\n|move|p1a: Kartana|Smart Strike|p2a: Crustle\n|-supereffective|p2a: Crustle\n|-damage|p2a: Crustle|13/100\n|\n|upkeep\n|turn|7\n|\n|t:|1771179502\n|switch|p2a: Gholdengo|Gholdengo|100/100\n|move|p1a: Kartana|Smart Strike|p2a: Gholdengo\n|-resisted|p2a: Gholdengo\n|-damage|p2a: Gholdengo|73/100\n|\n|upkeep\n|turn|8\n|\n|t:|1771179521\n|switch|p1a: Alomomola|Alomomola, M|100/100\n|switch|p2a: Crustle|Crustle, F|13/100\n|\n|upkeep\n|turn|9\n|\n|t:|1771179541\n|-zpower|p2a: Crustle\n|move|p2a: Crustle|Continental Crush|p1a: Alomomola|[zeffect]\n|-damage|p1a: Alomomola|41/100\n|move|p1a: Alomomola|Flip Turn|p2a: Crustle\n|-supereffective|p2a: Crustle\n|-crit|p2a: Crustle\n|-damage|p2a: Crustle|0 fnt\n|faint|p2a: Crustle\n|\n|t:|1771179553\n|switch|p1a: Lopunny|Lopunny-Mega, M|84/100|[from] Flip Turn\n|\n|upkeep\n|inactive|Battle timer is ON: inactive players will automatically lose when time's up. (requested by djalil le w7ch)\n|\n|t:|1771179601\n|switch|p2a: Hatterene|Hatterene, F|47/100\n|turn|10\n|\n|t:|1771179623\n|move|p1a: Lopunny|Fake Out|p2a: Hatterene\n|-damage|p2a: Hatterene|28/100\n|-damage|p1a: Lopunny|67/100|[from] item: Rocky Helmet|[of] p2a: Hatterene\n|cant|p2a: Hatterene|flinch\n|\n|upkeep\n|turn|11\n|inactive|zyzyno.1 has 120 seconds left.\n|\n|t:|1771179649\n|switch|p2a: Gholdengo|Gholdengo|73/100\n|move|p1a: Lopunny|Return|p2a: Gholdengo\n|-resisted|p2a: Gholdengo\n|-damage|p2a: Gholdengo|40/100\n|\n|upkeep\n|turn|12\n|inactive|zyzyno.1 has 120 seconds left.\n|\n|t:|1771179659\n|switch|p1a: Alomomola|Alomomola, M|74/100\n|move|p2a: Gholdengo|Make It Rain|p1a: Alomomola\n|-resisted|p1a: Alomomola\n|-damage|p1a: Alomomola|43/100\n|-unboost|p2a: Gholdengo|spa|1\n|\n|upkeep\n|turn|13\n|inactive|zyzyno.1 has 120 seconds left.\n|\n|t:|1771179673\n|switch|p2a: Hatterene|Hatterene, F|28/100\n|move|p1a: Alomomola|Wish|p1a: Alomomola\n|\n|upkeep\n|turn|14\n|inactive|zyzyno.1 has 120 seconds left.\n|\n|t:|1771179689\n|move|p1a: Alomomola|Protect|p1a: Alomomola\n|-singleturn|p1a: Alomomola|Protect\n|move|p2a: Hatterene|Healing Wish|p2a: Hatterene\n|faint|p2a: Hatterene\n|\n|-heal|p1a: Alomomola|93/100|[from] move: Wish|[wisher] Alomomola\n|upkeep\n|\n|t:|1771179710\n|switch|p2a: Pinsir|Pinsir-Mega, M|43/100\n|-heal|p2a: Pinsir|100/100|[from] move: Healing Wish\n|turn|15\n|\n|t:|1771179721\n|move|p2a: Pinsir|Swords Dance|p2a: Pinsir\n|-boost|p2a: Pinsir|atk|2\n|move|p1a: Alomomola|Flip Turn|p2a: Pinsir\n|-damage|p2a: Pinsir|84/100\n|\n|t:|1771179725\n|switch|p1a: Lopunny|Lopunny-Mega, M|67/100|[from] Flip Turn\n|\n|upkeep\n|turn|16\n|\n|t:|1771179737\n|move|p1a: Lopunny|Fake Out|p2a: Pinsir\n|-damage|p2a: Pinsir|60/100\n|cant|p2a: Pinsir|flinch\n|\n|upkeep\n|turn|17\n|\n|t:|1771179743\n|switch|p1a: Landorus|Landorus-Therian, M|11/100\n|-ability|p1a: Landorus|Intimidate|boost\n|-unboost|p2a: Pinsir|atk|1\n|move|p2a: Pinsir|Quick Attack|p1a: Landorus\n|-damage|p1a: Landorus|0 fnt\n|-damage|p2a: Pinsir|43/100|[from] item: Rocky Helmet|[of] p1a: Landorus\n|faint|p1a: Landorus\n|\n|upkeep\n|\n|t:|1771179755\n|switch|p1a: Alomomola|Alomomola, M|100/100\n|turn|18\n|\n|t:|1771179761\n|move|p2a: Pinsir|Return|p1a: Alomomola\n|-damage|p1a: Alomomola|30/100\n|move|p1a: Alomomola|Flip Turn|p2a: Pinsir\n|-damage|p2a: Pinsir|25/100\n|\n|t:|1771179765\n|switch|p1a: Lopunny|Lopunny-Mega, M|67/100|[from] Flip Turn\n|\n|upkeep\n|turn|19\n|\n|t:|1771179771\n|move|p1a: Lopunny|Fake Out|p2a: Pinsir\n|-damage|p2a: Pinsir|2/100\n|cant|p2a: Pinsir|flinch\n|\n|upkeep\n|turn|20\n|\n|t:|1771179777\n|move|p1a: Lopunny|Quick Attack|p2a: Pinsir\n|-damage|p2a: Pinsir|0 fnt\n|faint|p2a: Pinsir\n|detailschange|p2: Pinsir|Pinsir, M|[silent]\n|\n|upkeep\n|\n|t:|1771179790\n|switch|p2a: Great Tusk|Great Tusk|100/100\n|-enditem|p2a: Great Tusk|Booster Energy\n|-activate|p2a: Great Tusk|ability: Protosynthesis|[fromitem]\n|-start|p2a: Great Tusk|protosynthesisspe\n|turn|21\n|\n|t:|1771179802\n|switch|p1a: Alomomola|Alomomola, M|63/100\n|move|p2a: Great Tusk|Headlong Rush|p1a: Alomomola\n|-damage|p1a: Alomomola|34/100\n|-unboost|p2a: Great Tusk|def|1\n|-unboost|p2a: Great Tusk|spd|1\n|\n|upkeep\n|turn|22\n|\n|t:|1771179810\n|move|p2a: Great Tusk|Headlong Rush|p1a: Alomomola\n|-damage|p1a: Alomomola|2/100\n|-unboost|p2a: Great Tusk|def|1\n|-unboost|p2a: Great Tusk|spd|1\n|move|p1a: Alomomola|Wish|p1a: Alomomola\n|\n|upkeep\n|turn|23\n|-message|zyzyno.1 forfeited.\n|\n|win|djalil le w7ch\n|raw|djalil le w7ch's rating: 1603 &rarr; <strong>1624</strong><br />(+21 for winning)\n|raw|zyzyno.1's rating: 1629 &rarr; <strong>1608</strong><br />(-21 for losing)\n|l|☆zyzyno.1\n|player|p2|\n|l|☆djalil le w7ch\n|player|p1|\n", "uploadtime": 1771179996, "views": 7, "formatid": "gen9nationaldex", "rating": 1608, "private": 0, "password": null}