{"id": "gen9nationaldex-2540529234", "format": "[Gen 9] National Dex", "players": ["lemmybro87", "sdaDAC"], "log": "|j|☆lemmybro87\n|j|☆sdaDAC\n|t:|1771213601\n|gametype|singles\n|player|p1|lemmybro87|jasmine|1549\n|player|p2|sdaDAC|169|1536\n|gen|9\n|tier|[Gen 9] National Dex\n|rated|\n|rule|HP Percentage Mod: HP is shown in percentages\n|rule|Endless Battle Clause: Forcing endless battles is banned\n|rule|Species Clause: Limit one of each Pokémon\n|rule|OHKO Clause: OHKO moves are banned\n|rule|Evasion Clause: Evasion abilities, items, and moves are banned\n|rule|Evasion Abilities Clause: Evasion abilities are banned\n|rule|Evasion Items Clause: Evasion items are banned\n|rule|Evasion Moves Clause: Evasion moves are banned\n|rule|Sleep Clause Mod: Limit one foe put to sleep\n|rule|Terastal Clause: You cannot Terastallize\n|clearpoke\n|poke|p1|Tapu Lele|\n|poke|p1|Charizard, F|\n|poke|p1|Gholdengo|\n|poke|p1|Tsareena, F|\n|poke|p1|Araquanid, F|\n|poke|p1|Iron Treads|\n|poke|p2|Latios, M|\n|poke|p2|Kingambit, M|\n|poke|p2|Zamazenta-*|\n|poke|p2|Weezing-Galar, M|\n|poke|p2|Moltres|\n|poke|p2|Ferrothorn, F|\n|teampreview\n|\n|t:|1771213632\n|teamsize|p1|6\n|teamsize|p2|6\n|start\n|switch|p1a: Charizard|Charizard, F|100/100\n|switch|p2a: Latios|Latios, M|100/100\n|turn|1\n|\n|t:|1771213641\n|detailschange|p2a: Latios|Latios-Mega, M\n|-mega|p2a: Latios|Latios|Latiosite\n|detailschange|p1a: Charizard|Charizard-Mega-X, F\n|-mega|p1a: Charizard|Charizard|Charizardite X\n|move|p2a: Latios|Luster Purge|p1a: Charizard\n|-damage|p1a: Charizard|27/100\n|move|p1a: Charizard|Dragon Claw|p2a: Latios\n|-supereffective|p2a: Latios\n|-damage|p2a: Latios|0 fnt\n|faint|p2a: Latios\n|detailschange|p2: Latios|Latios, M|[silent]\n|\n|upkeep\n|\n|t:|1771213654\n|switch|p2a: Zamazenta|Zamazenta|100/100\n|-ability|p2a: Zamazenta|Dauntless Shield|boost\n|-boost|p2a: Zamazenta|def|1\n|turn|2\n|\n|t:|1771213658\n|switch|p1a: spider jo|Araquanid, F|100/100\n|move|p2a: Zamazenta|Crunch|p1a: spider jo\n|-damage|p1a: spider jo|58/100\n|\n|upkeep\n|turn|3\n|\n|t:|1771213663\n|move|p2a: Zamazenta|Crunch|p1a: spider jo\n|-damage|p1a: spider jo|16/100\n|move|p1a: spider jo|Sticky Web|p2a: Zamazenta\n|-sidestart|p2: sdaDAC|move: Sticky Web\n|\n|upkeep\n|turn|4\n|-enditem|p1a: spider jo|Custap Berry|[eat]\n|-activate|p1a: spider jo|item: Custap Berry|[consumed]\n|\n|t:|1771213668\n|move|p1a: spider jo|Surf|p2a: Zamazenta\n|-damage|p2a: Zamazenta|45/100\n|move|p2a: Zamazenta|Crunch|p1a: spider jo\n|-damage|p1a: spider jo|0 fnt\n|faint|p1a: spider jo\n|\n|upkeep\n|\n|t:|1771213675\n|switch|p1a: spirit|Tapu Lele|100/100\n|-fieldstart|move: Psychic Terrain|[from] ability: Psychic Surge|[of] p1a: spirit\n|turn|5\n|\n|t:|1771213677\n|switch|p2a: Moltres|Moltres|100/100\n|move|p1a: spirit|Moonblast|p2a: Moltres\n|-resisted|p2a: Moltres\n|-damage|p2a: Moltres|77/100\n|-damage|p1a: spirit|91/100|[from] item: Life Orb\n|\n|upkeep\n|turn|6\n|\n|t:|1771213685\n|move|p1a: spirit|Psyshock|p2a: Moltres\n|-damage|p2a: Moltres|8/100\n|-damage|p1a: spirit|81/100|[from] item: Life Orb\n|move|p2a: Moltres|Toxic|p1a: spirit\n|-status|p1a: spirit|tox\n|\n|-damage|p1a: spirit|75/100 tox|[from] psn\n|upkeep\n|turn|7\n|\n|t:|1771213708\n|switch|p2a: Ferrothorn|Ferrothorn, F|100/100\n|-activate|p2a: Ferrothorn|move: Sticky Web\n|-unboost|p2a: Ferrothorn|spe|1\n|move|p1a: spirit|Focus Blast|p2a: Ferrothorn|[miss]\n|-miss|p1a: spirit|p2a: Ferrothorn\n|\n|-damage|p1a: spirit|62/100 tox|[from] psn\n|upkeep\n|turn|8\n|\n|t:|1771213715\n|move|p1a: spirit|Focus Blast|p2a: Ferrothorn\n|-supereffective|p2a: Ferrothorn\n|-damage|p2a: Ferrothorn|18/100\n|-damage|p1a: spirit|52/100 tox|[from] item: Life Orb\n|move|p2a: Ferrothorn|Stealth Rock|p1a: spirit\n|-sidestart|p1: lemmybro87|move: Stealth Rock\n|\n|-heal|p2a: Ferrothorn|25/100|[from] item: Leftovers\n|-damage|p1a: spirit|34/100 tox|[from] psn\n|upkeep\n|turn|9\n|\n|t:|1771213726\n|move|p1a: spirit|Shadow Ball|p2a: Ferrothorn\n|-damage|p2a: Ferrothorn|0 fnt\n|faint|p2a: Ferrothorn\n|-damage|p1a: spirit|24/100 tox|[from] item: Life Orb\n|\n|-damage|p1a: spirit|0 fnt|[from] psn\n|faint|p1a: spirit\n|-fieldend|move: Psychic Terrain\n|upkeep\n|\n|t:|1771213739\n|switch|p1a: rumba|Iron Treads|100/100\n|switch|p2a: Moltres|Moltres|8/100\n|-damage|p1a: rumba|97/100|[from] Stealth Rock\n|-item|p1a: rumba|Air Balloon\n|turn|10\n|\n|t:|1771213746\n|move|p1a: rumba|Rapid Spin|p2a: Moltres\n|-damage|p2a: Moltres|0 fnt\n|-boost|p1a: rumba|spe|1\n|-status|p1a: rumba|brn|[from] ability: Flame Body|[of] p2a: Moltres\n|-sideend|p1: lemmybro87|Stealth Rock|[from] move: Rapid Spin|[of] p1a: rumba\n|faint|p2a: Moltres\n|\n|-damage|p1a: rumba|91/100 brn|[from] brn\n|upkeep\n|\n|t:|1771213750\n|switch|p2a: Weezing|Weezing-Galar, M|100/100\n|-ability|p2a: Weezing|Neutralizing Gas\n|-activate|p2a: Weezing|move: Sticky Web\n|-unboost|p2a: Weezing|spe|1\n|turn|11\n|\n|t:|1771213754\n|move|p1a: rumba|Earthquake|p2a: Weezing\n|-supereffective|p2a: Weezing\n|-damage|p2a: Weezing|68/100\n|move|p2a: Weezing|Defog|p1a: rumba\n|-unboost|p1a: rumba|evasion|1\n|-sideend|p2: sdaDAC|Sticky Web|[from] move: Defog|[of] p2a: Weezing\n|\n|-heal|p2a: Weezing|74/100|[from] item: Black Sludge\n|-damage|p1a: rumba|85/100 brn|[from] brn\n|upkeep\n|turn|12\n|\n|t:|1771213770\n|move|p1a: rumba|Earthquake|p2a: Weezing\n|-supereffective|p2a: Weezing\n|-damage|p2a: Weezing|42/100\n|move|p2a: Weezing|Strange Steam|p1a: rumba\n|-resisted|p1a: rumba\n|-damage|p1a: rumba|67/100 brn\n|-enditem|p1a: rumba|Air Balloon\n|\n|-heal|p2a: Weezing|48/100|[from] item: Black Sludge\n|-damage|p1a: rumba|61/100 brn|[from] brn\n|upkeep\n|turn|13\n|\n|t:|1771213774\n|move|p1a: rumba|Earthquake|p2a: Weezing\n|-supereffective|p2a: Weezing\n|-damage|p2a: Weezing|18/100\n|move|p2a: Weezing|Pain Split|p1a: rumba\n|-sethp|p1a: rumba|39/100 brn|[from] move: Pain Split|[silent]\n|-sethp|p2a: Weezing|38/100|[from] move: Pain Split\n|\n|-heal|p2a: Weezing|44/100|[from] item: Black Sludge\n|-damage|p1a: rumba|33/100 brn|[from] brn\n|upkeep\n|turn|14\n|\n|t:|1771213803\n|move|p1a: rumba|Earthquake|p2a: Weezing\n|-supereffective|p2a: Weezing\n|-damage|p2a: Weezing|16/100\n|move|p2a: Weezing|Pain Split|p1a: rumba\n|-sethp|p1a: rumba|25/100 brn|[from] move: Pain Split|[silent]\n|-sethp|p2a: Weezing|24/100|[from] move: Pain Split\n|\n|-heal|p2a: Weezing|30/100|[from] item: Black Sludge\n|-damage|p1a: rumba|19/100 brn|[from] brn\n|upkeep\n|turn|15\n|\n|t:|1771213812\n|move|p1a: rumba|Earthquake|p2a: Weezing\n|-supereffective|p2a: Weezing\n|-damage|p2a: Weezing|1/100\n|move|p2a: Weezing|Strange Steam|p1a: rumba\n|-resisted|p1a: rumba\n|-damage|p1a: rumba|0 fnt\n|faint|p1a: rumba\n|-end|p1a: rumba|Quark Drive|[silent]\n|\n|-heal|p2a: Weezing|7/100|[from] item: Black Sludge\n|upkeep\n|\n|t:|1771213815\n|switch|p1a: gold string|Gholdengo|100/100\n|-item|p1a: gold string|Air Balloon\n|turn|16\n|\n|t:|1771213822\n|move|p1a: gold string|Shadow Ball|p2a: Weezing\n|-damage|p2a: Weezing|0 fnt\n|faint|p2a: Weezing\n|-end|p2a: Weezing|ability: Neutralizing Gas\n|\n|upkeep\n|\n|t:|1771213829\n|switch|p2a: Kingambit|Kingambit, M|100/100\n|-activate|p2a: Kingambit|ability: Supreme Overlord\n|-start|p2a: Kingambit|fallen4|[silent]\n|turn|17\n|\n|t:|1771213833\n|switch|p1a: Charizard|Charizard-Mega-X, F|27/100\n|move|p2a: Kingambit|Sucker Punch||[still]\n|-fail|p2a: Kingambit\n|\n|upkeep\n|turn|18\n|\n|t:|1771213840\n|move|p1a: Charizard|Dragon Dance|p1a: Charizard\n|-boost|p1a: Charizard|atk|1\n|-boost|p1a: Charizard|spe|1\n|move|p2a: Kingambit|Knock Off|p1a: Charizard\n|-damage|p1a: Charizard|0 fnt\n|faint|p1a: Charizard\n|detailschange|p1: Charizard|Charizard, F|[silent]\n|\n|upkeep\n|\n|t:|1771213842\n|switch|p1a: Tsareena|Tsareena, F|100/100\n|turn|19\n|\n|t:|1771213850\n|move|p2a: Kingambit|Sucker Punch||[still]\n|cant|p1a: Tsareena|ability: Queenly Majesty|Sucker Punch|[of] p2a: Kingambit\n|-zpower|p1a: Tsareena\n|move|p1a: Tsareena|Z-Celebrate|p1a: Tsareena|[anim]Celebrate\n|-boost|p1a: Tsareena|atk|1|[zeffect]\n|-boost|p1a: Tsareena|def|1|[zeffect]\n|-boost|p1a: Tsareena|spa|1|[zeffect]\n|-boost|p1a: Tsareena|spd|1|[zeffect]\n|-boost|p1a: Tsareena|spe|1|[zeffect]\n|-activate|p1a: Tsareena|move: Celebrate\n|\n|upkeep\n|turn|20\n|\n|t:|1771213856\n|move|p1a: Tsareena|High Jump Kick|p2a: Kingambit\n|-supereffective|p2a: Kingambit\n|-damage|p2a: Kingambit|0 fnt\n|faint|p2a: Kingambit\n|-end|p2a: Kingambit|fallen4|[silent]\n|\n|upkeep\n|\n|t:|1771213858\n|switch|p2a: Zamazenta|Zamazenta|45/100\n|turn|21\n|\n|t:|1771213861\n|move|p2a: Zamazenta|Crunch|p1a: Tsareena\n|-damage|p1a: Tsareena|69/100\n|move|p1a: Tsareena|Power Whip|p2a: Zamazenta\n|-damage|p2a: Zamazenta|0 fnt\n|faint|p2a: Zamazenta\n|\n|win|lemmybro87\n|raw|lemmybro87's rating: 1549 &rarr; <strong>1568</strong><br />(+19 for winning)\n|raw|sdaDAC's rating: 1536 &rarr; <strong>1517</strong><br />(-19 for losing)\n|l|☆lemmybro87\n|player|p1|\n|l|☆sdaDAC\n|player|p2|\n", "uploadtime": 1771214022, "views": 6, "formatid": "gen9nationaldex", "rating": 1517, "private": 0, "password": null}