{"id": "gen9nationaldex-2540421413", "format": "[Gen 9] National Dex", "players": ["Jadii_Xii", "dicolibri"], "log": "|j|☆Jadii_Xii\n|j|☆dicolibri\n|t:|1771199969\n|gametype|singles\n|player|p1|Jadii_Xii|aaron|1637\n|player|p2|dicolibri|hiker|1802\n|gen|9\n|tier|[Gen 9] National Dex\n|rated|\n|rule|HP Percentage Mod: HP is shown in percentages\n|rule|Endless Battle Clause: Forcing endless battles is banned\n|rule|Species Clause: Limit one of each Pokémon\n|rule|OHKO Clause: OHKO moves are banned\n|rule|Evasion Clause: Evasion abilities, items, and moves are banned\n|rule|Evasion Abilities Clause: Evasion abilities are banned\n|rule|Evasion Items Clause: Evasion items are banned\n|rule|Evasion Moves Clause: Evasion moves are banned\n|rule|Sleep Clause Mod: Limit one foe put to sleep\n|rule|Terastal Clause: You cannot Terastallize\n|clearpoke\n|poke|p1|Urshifu-*, M|\n|poke|p1|Porygon-Z|\n|poke|p1|Gengar, F|\n|poke|p1|Grimmsnarl, M|\n|poke|p1|Garchomp, F|\n|poke|p1|Volcarona, M|\n|poke|p2|Torkoal, M|\n|poke|p2|Slowbro, F|\n|poke|p2|Exeggutor-Alola, M|\n|poke|p2|Victini|\n|poke|p2|Ursaluna, M|\n|poke|p2|Hoopa-Unbound|\n|teampreview\n|inactive|Battle timer is ON: inactive players will automatically lose when time's up. (requested by Jadii_Xii)\n|\n|t:|1771199975\n|teamsize|p1|6\n|teamsize|p2|6\n|start\n|switch|p1a: Garchomp|Garchomp, F|100/100\n|switch|p2a: Torkoal|Torkoal, M|100/100\n|-weather|SunnyDay|[from] ability: Drought|[of] p2a: Torkoal\n|turn|1\n|j| dtybb\n|\n|t:|1771199979\n|move|p1a: Garchomp|Earthquake|p2a: Torkoal\n|-supereffective|p2a: Torkoal\n|-damage|p2a: Torkoal|52/100\n|move|p2a: Torkoal|Will-O-Wisp|p1a: Garchomp|[miss]\n|-miss|p2a: Torkoal|p1a: Garchomp\n|\n|-weather|SunnyDay|[upkeep]\n|upkeep\n|turn|2\n|\n|t:|1771199985\n|switch|p2a: Slowbro|Slowbro, F|100/100\n|move|p1a: Garchomp|Earthquake|p2a: Slowbro\n|-damage|p2a: Slowbro|64/100\n|\n|-weather|SunnyDay|[upkeep]\n|upkeep\n|turn|3\n|\n|t:|1771199993\n|move|p1a: Garchomp|Stealth Rock|p2a: Slowbro\n|-sidestart|p2: dicolibri|move: Stealth Rock\n|move|p2a: Slowbro|Trick Room|p2a: Slowbro\n|-fieldstart|move: Trick Room|[of] p2a: Slowbro\n|\n|-weather|SunnyDay|[upkeep]\n|upkeep\n|turn|4\n|\n|t:|1771200000\n|switch|p2a: Ursaluna|Ursaluna, M|100/100\n|-damage|p2a: Ursaluna|94/100|[from] Stealth Rock\n|move|p1a: Garchomp|Earthquake|p2a: Ursaluna\n|-crit|p2a: Ursaluna\n|-damage|p2a: Ursaluna|46/100\n|\n|-weather|SunnyDay|[upkeep]\n|-status|p2a: Ursaluna|brn|[from] item: Flame Orb\n|upkeep\n|turn|5\n|\n|t:|1771200009\n|move|p2a: Ursaluna|Facade|p1a: Garchomp\n|-crit|p1a: Garchomp\n|-damage|p1a: Garchomp|0 fnt\n|-damage|p2a: Ursaluna|33/100 brn|[from] ability: Rough Skin|[of] p1a: Garchomp\n|-damage|p2a: Ursaluna|17/100 brn|[from] item: Rocky Helmet|[of] p1a: Garchomp\n|faint|p1a: Garchomp\n|\n|-weather|SunnyDay|[upkeep]\n|-damage|p2a: Ursaluna|11/100 brn|[from] brn\n|upkeep\n|\n|t:|1771200013\n|switch|p1a: Gengar|Gengar, F|100/100\n|turn|6\n|\n|t:|1771200019\n|move|p2a: Ursaluna|Headlong Rush|p1a: Gengar\n|-supereffective|p1a: Gengar\n|-enditem|p1a: Gengar|Focus Sash\n|-damage|p1a: Gengar|1/100\n|-unboost|p2a: Ursaluna|def|1\n|-unboost|p2a: Ursaluna|spd|1\n|move|p1a: Gengar|Sludge Bomb|p2a: Ursaluna\n|-resisted|p2a: Ursaluna\n|-damage|p2a: Ursaluna|0 fnt\n|faint|p2a: Ursaluna\n|\n|-weather|SunnyDay|[upkeep]\n|upkeep\n|inactive|dicolibri has 120 seconds left.\n|\n|t:|1771200058\n|switch|p2a: Victini|Victini|100/100\n|-damage|p2a: Victini|76/100|[from] Stealth Rock\n|turn|7\n|\n|t:|1771200062\n|move|p2a: Victini|Bolt Strike|p1a: Gengar\n|-damage|p1a: Gengar|0 fnt\n|faint|p1a: Gengar\n|\n|-weather|SunnyDay|[upkeep]\n|-fieldend|move: Trick Room\n|upkeep\n|\n|t:|1771200065\n|switch|p1a: Grimmsnarl|Grimmsnarl, M|100/100\n|turn|8\n|\n|t:|1771200071\n|move|p1a: Grimmsnarl|Thunder Wave|p2a: Victini\n|-status|p2a: Victini|par\n|move|p2a: Victini|Trick Room|p2a: Victini\n|-fieldstart|move: Trick Room|[of] p2a: Victini\n|\n|-weather|none\n|upkeep\n|turn|9\n|\n|t:|1771200083\n|switch|p2a: Torkoal|Torkoal, M|52/100\n|-damage|p2a: Torkoal|27/100|[from] Stealth Rock\n|-weather|SunnyDay|[from] ability: Drought|[of] p2a: Torkoal\n|move|p1a: Grimmsnarl|Reflect|p1a: Grimmsnarl\n|-sidestart|p1: Jadii_Xii|Reflect\n|\n|-weather|SunnyDay|[upkeep]\n|upkeep\n|turn|10\n|\n|t:|1771200093\n|move|p2a: Torkoal|Rapid Spin|p1a: Grimmsnarl\n|-damage|p1a: Grimmsnarl|95/100\n|-boost|p2a: Torkoal|spe|1\n|-sideend|p2: dicolibri|Stealth Rock|[from] move: Rapid Spin|[of] p2a: Torkoal\n|move|p1a: Grimmsnarl|Spirit Break|p2a: Torkoal\n|-resisted|p2a: Torkoal\n|-damage|p2a: Torkoal|17/100\n|-unboost|p2a: Torkoal|spa|1\n|\n|-weather|SunnyDay|[upkeep]\n|upkeep\n|turn|11\n|\n|t:|1771200100\n|move|p2a: Torkoal|Stealth Rock|p1a: Grimmsnarl\n|-sidestart|p1: Jadii_Xii|move: Stealth Rock\n|move|p1a: Grimmsnarl|Spirit Break|p2a: Torkoal\n|-resisted|p2a: Torkoal\n|-damage|p2a: Torkoal|9/100\n|-unboost|p2a: Torkoal|spa|1\n|\n|-weather|SunnyDay|[upkeep]\n|upkeep\n|turn|12\n|\n|t:|1771200111\n|switch|p2a: Victini|Victini|76/100 par\n|move|p1a: Grimmsnarl|Spirit Break|p2a: Victini\n|-resisted|p2a: Victini\n|-damage|p2a: Victini|63/100 par\n|-unboost|p2a: Victini|spa|1\n|\n|-weather|SunnyDay|[upkeep]\n|-fieldend|move: Trick Room\n|upkeep\n|turn|13\n|\n|t:|1771200117\n|move|p1a: Grimmsnarl|Light Screen|p1a: Grimmsnarl\n|-sidestart|p1: Jadii_Xii|move: Light Screen\n|move|p2a: Victini|Trick Room|p2a: Victini\n|-fieldstart|move: Trick Room|[of] p2a: Victini\n|\n|-weather|SunnyDay|[upkeep]\n|upkeep\n|turn|14\n|\n|t:|1771200122\n|move|p2a: Victini|V-create|p1a: Grimmsnarl\n|-damage|p1a: Grimmsnarl|18/100\n|-unboost|p2a: Victini|spe|1\n|-unboost|p2a: Victini|def|1\n|-unboost|p2a: Victini|spd|1\n|move|p1a: Grimmsnarl|Spirit Break|p2a: Victini\n|-resisted|p2a: Victini\n|-damage|p2a: Victini|42/100 par\n|-unboost|p2a: Victini|spa|1\n|\n|-weather|SunnyDay|[upkeep]\n|upkeep\n|turn|15\n|\n|t:|1771200131\n|move|p2a: Victini|V-create|p1a: Grimmsnarl\n|-damage|p1a: Grimmsnarl|0 fnt\n|-unboost|p2a: Victini|spe|1\n|-unboost|p2a: Victini|def|1\n|-unboost|p2a: Victini|spd|1\n|faint|p1a: Grimmsnarl\n|\n|-weather|SunnyDay|[upkeep]\n|upkeep\n|\n|t:|1771200133\n|switch|p1a: Urshifu|Urshifu-Rapid-Strike, M|100/100\n|-damage|p1a: Urshifu|94/100|[from] Stealth Rock\n|turn|16\n|\n|t:|1771200145\n|move|p2a: Victini|Will-O-Wisp|p1a: Urshifu\n|-status|p1a: Urshifu|brn\n|move|p1a: Urshifu|Surging Strikes|p2a: Victini\n|-supereffective|p2a: Victini\n|-crit|p2a: Victini\n|-damage|p2a: Victini|25/100 par\n|-supereffective|p2a: Victini\n|-crit|p2a: Victini\n|-damage|p2a: Victini|8/100 par\n|-supereffective|p2a: Victini\n|-crit|p2a: Victini\n|-damage|p2a: Victini|0 fnt\n|faint|p2a: Victini\n|-hitcount|p2: Victini|3\n|\n|-weather|none\n|-damage|p1a: Urshifu|88/100 brn|[from] brn\n|-sideend|p1: Jadii_Xii|Reflect\n|upkeep\n|l| dtybb\n|\n|t:|1771200165\n|switch|p2a: Slowbro|Slowbro, F|97/100\n|turn|17\n|\n|t:|1771200172\n|switch|p1a: Volcarona|Volcarona, M|100/100\n|move|p2a: Slowbro|Trick Room|p2a: Slowbro\n|-fieldend|move: Trick Room\n|\n|upkeep\n|turn|18\n|\n|t:|1771200192\n|detailschange|p2a: Slowbro|Slowbro-Mega, F\n|-mega|p2a: Slowbro|Slowbro|Slowbronite\n|move|p1a: Volcarona|Bug Buzz|p2a: Slowbro\n|-supereffective|p2a: Slowbro\n|-damage|p2a: Slowbro|7/100\n|move|p2a: Slowbro|Surf|p1a: Volcarona\n|-supereffective|p1a: Volcarona\n|-damage|p1a: Volcarona|45/100\n|\n|upkeep\n|turn|19\n|\n|t:|1771200206\n|move|p1a: Volcarona|Bug Buzz|p2a: Slowbro\n|-supereffective|p2a: Slowbro\n|-damage|p2a: Slowbro|0 fnt\n|faint|p2a: Slowbro\n|detailschange|p2: Slowbro|Slowbro, F|[silent]\n|\n|upkeep\n|\n|t:|1771200212\n|switch|p2a: Hoopa|Hoopa-Unbound|100/100\n|turn|20\n|\n|t:|1771200222\n|move|p1a: Volcarona|Bug Buzz|p2a: Hoopa\n|-supereffective|p2a: Hoopa\n|-damage|p2a: Hoopa|0 fnt\n|faint|p2a: Hoopa\n|\n|-sideend|p1: Jadii_Xii|move: Light Screen\n|upkeep\n|\n|t:|1771200243\n|switch|p2a: Torkoal|Torkoal, M|9/100\n|-weather|SunnyDay|[from] ability: Drought|[of] p2a: Torkoal\n|turn|21\n|\n|t:|1771200258\n|move|p1a: Volcarona|Fiery Dance|p2a: Torkoal\n|-resisted|p2a: Torkoal\n|-damage|p2a: Torkoal|0 fnt\n|faint|p2a: Torkoal\n|\n|-weather|SunnyDay|[upkeep]\n|upkeep\n|\n|t:|1771200261\n|switch|p2a: Exeggutor|Exeggutor-Alola, M|100/100\n|-item|p1a: Volcarona|Heavy-Duty Boots|[from] ability: Frisk|[of] p2a: Exeggutor\n|turn|22\n|\n|t:|1771200262\n|move|p1a: Volcarona|Bug Buzz|p2a: Exeggutor\n|-supereffective|p2a: Exeggutor\n|-damage|p2a: Exeggutor|0 fnt\n|faint|p2a: Exeggutor\n|\n|win|Jadii_Xii\n|raw|Jadii_Xii's rating: 1637 &rarr; <strong>1666</strong><br />(+29 for winning)\n|raw|dicolibri's rating: 1802 &rarr; <strong>1773</strong><br />(-29 for losing)\n|l|☆Jadii_Xii\n|player|p1|\n|l|☆dicolibri\n|player|p2|\n", "uploadtime": 1771200392, "views": 8, "formatid": "gen9nationaldex", "rating": 1666, "private": 0, "password": null}