{"id": "gen9nationaldex-2540510076", "format": "[Gen 9] National Dex", "players": ["fight me son", "nomer 17"], "log": "|j|☆fight me son\n|j|☆nomer 17\n|t:|1771211038\n|gametype|singles\n|player|p1|fight me son|1|1659\n|player|p2|nomer 17|101|1689\n|gen|9\n|tier|[Gen 9] National Dex\n|rated|\n|rule|HP Percentage Mod: HP is shown in percentages\n|rule|Endless Battle Clause: Forcing endless battles is banned\n|rule|Species Clause: Limit one of each Pokémon\n|rule|OHKO Clause: OHKO moves are banned\n|rule|Evasion Clause: Evasion abilities, items, and moves are banned\n|rule|Evasion Abilities Clause: Evasion abilities are banned\n|rule|Evasion Items Clause: Evasion items are banned\n|rule|Evasion Moves Clause: Evasion moves are banned\n|rule|Sleep Clause Mod: Limit one foe put to sleep\n|rule|Terastal Clause: You cannot Terastallize\n|clearpoke\n|poke|p1|Garchomp, M|\n|poke|p1|Xurkitree|\n|poke|p1|Tapu Lele|\n|poke|p1|Scizor, M|\n|poke|p1|Alomomola, M|\n|poke|p1|Tornadus-Therian, M|\n|poke|p2|Lopunny, M|\n|poke|p2|Serperior, F|\n|poke|p2|Volcarona, F|\n|poke|p2|Corviknight, M|\n|poke|p2|Garchomp, M|\n|poke|p2|Umbreon, F|\n|teampreview\n|inactive|Battle timer is ON: inactive players will automatically lose when time's up. (requested by fight me son)\n|\n|t:|1771211044\n|teamsize|p1|6\n|teamsize|p2|6\n|start\n|switch|p1a: Scizor|Scizor, M|100/100\n|switch|p2a: Serperior|Serperior, F|100/100\n|turn|1\n|\n|t:|1771211048\n|switch|p2a: Volcarona|Volcarona, F|100/100\n|detailschange|p1a: Scizor|Scizor-Mega, M\n|-mega|p1a: Scizor|Scizor|Scizorite\n|move|p1a: Scizor|Knock Off|p2a: Volcarona\n|-damage|p2a: Volcarona|71/100\n|-enditem|p2a: Volcarona|Heavy-Duty Boots|[from] move: Knock Off|[of] p1a: Scizor\n|\n|upkeep\n|turn|2\n|\n|t:|1771211055\n|switch|p1a: Garchomp|Garchomp, M|100/100\n|move|p2a: Volcarona|Flamethrower|p1a: Garchomp\n|-resisted|p1a: Garchomp\n|-damage|p1a: Garchomp|87/100\n|\n|-heal|p1a: Garchomp|94/100|[from] item: Leftovers\n|upkeep\n|turn|3\n|\n|t:|1771211065\n|switch|p2a: Corviknight|Corviknight, M|100/100\n|-ability|p2a: Corviknight|Pressure\n|move|p1a: Garchomp|Stealth Rock|p2a: Corviknight\n|-sidestart|p2: nomer 17|move: Stealth Rock\n|\n|-heal|p1a: Garchomp|99/100|[from] item: Leftovers\n|upkeep\n|turn|4\n|\n|t:|1771211070\n|switch|p1a: Alomomola|Alomomola, M|100/100\n|move|p2a: Corviknight|Brave Bird|p1a: Alomomola\n|-damage|p1a: Alomomola|82/100\n|-damage|p2a: Corviknight|92/100|[from] Recoil\n|\n|-heal|p2a: Corviknight|98/100|[from] item: Leftovers\n|-heal|p1a: Alomomola|88/100|[from] item: Leftovers\n|upkeep\n|turn|5\n|\n|t:|1771211072\n|move|p2a: Corviknight|Substitute|p2a: Corviknight\n|-start|p2a: Corviknight|Substitute\n|-damage|p2a: Corviknight|73/100\n|move|p1a: Alomomola|Scald|p2a: Corviknight\n|-activate|p2a: Corviknight|move: Substitute|[damage]\n|\n|-heal|p2a: Corviknight|80/100|[from] item: Leftovers\n|-heal|p1a: Alomomola|94/100|[from] item: Leftovers\n|upkeep\n|turn|6\n|\n|t:|1771211075\n|move|p2a: Corviknight|Bulk Up|p2a: Corviknight\n|-boost|p2a: Corviknight|atk|1\n|-boost|p2a: Corviknight|def|1\n|move|p1a: Alomomola|Scald|p2a: Corviknight\n|-activate|p2a: Corviknight|move: Substitute|[damage]\n|\n|-heal|p2a: Corviknight|86/100|[from] item: Leftovers\n|-heal|p1a: Alomomola|99/100|[from] item: Leftovers\n|upkeep\n|turn|7\n|\n|t:|1771211078\n|move|p2a: Corviknight|Bulk Up|p2a: Corviknight\n|-boost|p2a: Corviknight|atk|1\n|-boost|p2a: Corviknight|def|1\n|move|p1a: Alomomola|Flip Turn|p2a: Corviknight\n|-end|p2a: Corviknight|Substitute\n|\n|t:|1771211081\n|switch|p1a: Xurkitree|Xurkitree|100/100|[from] Flip Turn\n|\n|-heal|p2a: Corviknight|92/100|[from] item: Leftovers\n|upkeep\n|turn|8\n|\n|t:|1771211087\n|move|p1a: Xurkitree|Thunderbolt|p2a: Corviknight\n|-supereffective|p2a: Corviknight\n|-damage|p2a: Corviknight|0 fnt\n|faint|p2a: Corviknight\n|-ability|p1a: Xurkitree|Beast Boost|boost\n|-boost|p1a: Xurkitree|spa|1\n|\n|upkeep\n|\n|t:|1771211090\n|switch|p2a: Lopunny|Lopunny, M|100/100\n|-damage|p2a: Lopunny|88/100|[from] Stealth Rock\n|turn|9\n|\n|t:|1771211095\n|switch|p1a: Alomomola|Alomomola, M|100/100\n|detailschange|p2a: Lopunny|Lopunny-Mega, M\n|-mega|p2a: Lopunny|Lopunny|Lopunnite\n|move|p2a: Lopunny|Return|p1a: Alomomola\n|-crit|p1a: Alomomola\n|-damage|p1a: Alomomola|55/100\n|\n|-heal|p1a: Alomomola|61/100|[from] item: Leftovers\n|upkeep\n|turn|10\n|\n|t:|1771211098\n|switch|p2a: Serperior|Serperior, F|100/100\n|-damage|p2a: Serperior|88/100|[from] Stealth Rock\n|move|p1a: Alomomola|Flip Turn|p2a: Serperior\n|-resisted|p2a: Serperior\n|-damage|p2a: Serperior|79/100\n|\n|t:|1771211104\n|switch|p1a: Tornadus|Tornadus-Therian, M|100/100|[from] Flip Turn\n|\n|upkeep\n|turn|11\n|\n|t:|1771211107\n|switch|p2a: Umbreon|Umbreon, F|100/100\n|-damage|p2a: Umbreon|88/100|[from] Stealth Rock\n|move|p1a: Tornadus|Heat Wave|p2a: Umbreon\n|-damage|p2a: Umbreon|76/100\n|\n|-heal|p2a: Umbreon|82/100|[from] item: Leftovers\n|upkeep\n|turn|12\n|\n|t:|1771211110\n|move|p1a: Tornadus|U-turn|p2a: Umbreon\n|-supereffective|p2a: Umbreon\n|-damage|p2a: Umbreon|57/100\n|\n|t:|1771211112\n|switch|p1a: Scizor|Scizor-Mega, M|100/100|[from] U-turn\n|move|p2a: Umbreon|Toxic|p1a: Scizor\n|-immune|p1a: Scizor\n|\n|-heal|p2a: Umbreon|63/100|[from] item: Leftovers\n|upkeep\n|turn|13\n|\n|t:|1771211116\n|move|p2a: Umbreon|Protect|p2a: Umbreon\n|-singleturn|p2a: Umbreon|Protect\n|move|p1a: Scizor|U-turn|p2a: Umbreon\n|-activate|p2a: Umbreon|move: Protect\n|\n|-heal|p2a: Umbreon|69/100|[from] item: Leftovers\n|upkeep\n|turn|14\n|\n|t:|1771211119\n|switch|p2a: Volcarona|Volcarona, F|71/100\n|-damage|p2a: Volcarona|21/100|[from] Stealth Rock\n|move|p1a: Scizor|Knock Off|p2a: Volcarona\n|-damage|p2a: Volcarona|0 fnt\n|faint|p2a: Volcarona\n|\n|upkeep\n|-message|nomer 17 forfeited.\n|\n|win|fight me son\n|raw|fight me son's rating: 1659 &rarr; <strong>1681</strong><br />(+22 for winning)\n|raw|nomer 17's rating: 1689 &rarr; <strong>1667</strong><br />(-22 for losing)\n|l|☆nomer 17\n|player|p2|\n|l|☆fight me son\n|player|p1|\n", "uploadtime": 1771211319, "views": 8, "formatid": "gen9nationaldex", "rating": 1667, "private": 0, "password": null}