{"id": "gen9nationaldex-2540770371", "format": "[Gen 9] National Dex", "players": ["DriftedEx", "AgencyBlundAMD"], "log": "|j|☆DriftedEx\n|j|‽AgencyBlundAMD\n|t:|1771252048\n|gametype|singles\n|player|p1|DriftedEx|rocketgrunt|1615\n|player|p2|AgencyBlundAMD|artist-gen4|1612\n|gen|9\n|tier|[Gen 9] National Dex\n|rated|\n|rule|HP Percentage Mod: HP is shown in percentages\n|rule|Endless Battle Clause: Forcing endless battles is banned\n|rule|Species Clause: Limit one of each Pokémon\n|rule|OHKO Clause: OHKO moves are banned\n|rule|Evasion Clause: Evasion abilities, items, and moves are banned\n|rule|Evasion Abilities Clause: Evasion abilities are banned\n|rule|Evasion Items Clause: Evasion items are banned\n|rule|Evasion Moves Clause: Evasion moves are banned\n|rule|Sleep Clause Mod: Limit one foe put to sleep\n|rule|Terastal Clause: You cannot Terastallize\n|clearpoke\n|poke|p1|Ogerpon-Wellspring, F|\n|poke|p1|Dragonite, M|\n|poke|p1|Hatterene, F|\n|poke|p1|Volcarona, M|\n|poke|p1|Diancie|\n|poke|p1|Landorus-Therian, M|\n|poke|p2|Great Tusk|\n|poke|p2|Clodsire, F|\n|poke|p2|Toxapex, F|\n|poke|p2|Slowbro, F|\n|poke|p2|Tornadus-Therian, M|\n|poke|p2|Dunsparce, F|\n|teampreview\n|inactive|Battle timer is ON: inactive players will automatically lose when time's up. (requested by DriftedEx)\n|\n|t:|1771252059\n|teamsize|p1|6\n|teamsize|p2|6\n|start\n|switch|p1a: Landorus|Landorus-Therian, M|100/100\n|switch|p2a: Slowbro|Slowbro, F|100/100\n|-ability|p1a: Landorus|Intimidate|boost\n|-unboost|p2a: Slowbro|atk|1\n|turn|1\n|\n|t:|1771252063\n|move|p1a: Landorus|U-turn|p2a: Slowbro\n|-supereffective|p2a: Slowbro\n|-damage|p2a: Slowbro|60/100\n|-damage|p1a: Landorus|84/100|[from] item: Rocky Helmet|[of] p2a: Slowbro\n|\n|t:|1771252066\n|switch|p1a: Hatterene|Hatterene, F|100/100|[from] U-turn\n|move|p2a: Slowbro|Future Sight|p1a: Hatterene\n|-start|p2a: Slowbro|move: Future Sight\n|\n|upkeep\n|turn|2\n|\n|t:|1771252072\n|move|p1a: Hatterene|Calm Mind|p1a: Hatterene\n|-boost|p1a: Hatterene|spa|1\n|-boost|p1a: Hatterene|spd|1\n|move|p2a: Slowbro|Teleport|p2a: Slowbro\n|\n|t:|1771252081\n|switch|p2a: Clodsire|Clodsire, F|100/100|[from] Teleport\n|\n|upkeep\n|turn|3\n|\n|t:|1771252084\n|move|p1a: Hatterene|Psyshock|p2a: Clodsire\n|-supereffective|p2a: Clodsire\n|-damage|p2a: Clodsire|24/100\n|move|p2a: Clodsire|Amnesia|p2a: Clodsire\n|-boost|p2a: Clodsire|spd|2\n|\n|-end|p1a: Hatterene|move: Future Sight\n|-resisted|p1a: Hatterene\n|-damage|p1a: Hatterene|80/100\n|-heal|p1a: Hatterene|86/100|[from] item: Leftovers\n|-heal|p2a: Clodsire|30/100|[from] item: Black Sludge\n|upkeep\n|turn|4\n|\n|t:|1771252088\n|move|p1a: Hatterene|Calm Mind|p1a: Hatterene\n|-boost|p1a: Hatterene|spa|1\n|-boost|p1a: Hatterene|spd|1\n|move|p2a: Clodsire|Poison Jab|p1a: Hatterene\n|-supereffective|p1a: Hatterene\n|-damage|p1a: Hatterene|47/100\n|\n|-heal|p1a: Hatterene|53/100|[from] item: Leftovers\n|-heal|p2a: Clodsire|36/100|[from] item: Black Sludge\n|upkeep\n|turn|5\n|\n|t:|1771252092\n|move|p1a: Hatterene|Psyshock|p2a: Clodsire\n|-supereffective|p2a: Clodsire\n|-crit|p2a: Clodsire\n|-damage|p2a: Clodsire|0 fnt\n|faint|p2a: Clodsire\n|\n|-heal|p1a: Hatterene|59/100|[from] item: Leftovers\n|upkeep\n|\n|t:|1771252098\n|switch|p2a: Great Tusk|Great Tusk|100/100\n|-enditem|p2a: Great Tusk|Booster Energy\n|-activate|p2a: Great Tusk|ability: Protosynthesis|[fromitem]\n|-start|p2a: Great Tusk|protosynthesisatk\n|turn|6\n|\n|t:|1771252101\n|switch|p1a: Landorus|Landorus-Therian, M|84/100\n|-ability|p1a: Landorus|Intimidate|boost\n|-unboost|p2a: Great Tusk|atk|1\n|move|p2a: Great Tusk|Headlong Rush|p1a: Landorus\n|-immune|p1a: Landorus\n|\n|upkeep\n|turn|7\n|\n|t:|1771252106\n|switch|p1a: Diancie|Diancie|100/100\n|move|p2a: Great Tusk|Stealth Rock|p1a: Diancie\n|-sidestart|p1: DriftedEx|move: Stealth Rock\n|\n|upkeep\n|turn|8\n|\n|t:|1771252113\n|-end|p2a: Great Tusk|Protosynthesis|[silent]\n|switch|p2a: Toxapex|Toxapex, F|100/100\n|detailschange|p1a: Diancie|Diancie-Mega\n|-mega|p1a: Diancie|Diancie|Diancite\n|move|p1a: Diancie|Substitute|p1a: Diancie\n|-start|p1a: Diancie|Substitute\n|-damage|p1a: Diancie|76/100\n|\n|upkeep\n|turn|9\n|\n|t:|1771252116\n|move|p1a: Diancie|Spikes|p2a: Toxapex\n|-sidestart|p2: AgencyBlundAMD|Spikes\n|move|p2a: Toxapex|Liquidation|p1a: Diancie\n|-supereffective|p1a: Diancie\n|-crit|p1a: Diancie\n|-end|p1a: Diancie|Substitute\n|\n|upkeep\n|turn|10\n|\n|t:|1771252118\n|move|p1a: Diancie|Spikes|p2a: Toxapex\n|-sidestart|p2: AgencyBlundAMD|Spikes\n|move|p2a: Toxapex|Liquidation|p1a: Diancie\n|-supereffective|p1a: Diancie\n|-damage|p1a: Diancie|0 fnt\n|faint|p1a: Diancie\n|detailschange|p1: Diancie|Diancie|[silent]\n|\n|upkeep\n|\n|t:|1771252122\n|switch|p1a: Hatterene|Hatterene, F|59/100\n|-damage|p1a: Hatterene|47/100|[from] Stealth Rock\n|turn|11\n|\n|t:|1771252127\n|move|p2a: Toxapex|Liquidation|p1a: Hatterene\n|-damage|p1a: Hatterene|7/100\n|move|p1a: Hatterene|Psyshock|p2a: Toxapex\n|-supereffective|p2a: Toxapex\n|-damage|p2a: Toxapex|39/100\n|\n|-heal|p1a: Hatterene|13/100|[from] item: Leftovers\n|upkeep\n|turn|12\n|\n|t:|1771252129\n|move|p2a: Toxapex|Liquidation|p1a: Hatterene\n|-damage|p1a: Hatterene|0 fnt\n|faint|p1a: Hatterene\n|\n|upkeep\n|\n|t:|1771252131\n|switch|p1a: Ogerpon|Ogerpon-Wellspring, F|100/100\n|-damage|p1a: Ogerpon|88/100|[from] Stealth Rock\n|turn|13\n|\n|t:|1771252133\n|switch|p2a: Tornadus|Tornadus-Therian, M|100/100\n|move|p1a: Ogerpon|Power Whip|p2a: Tornadus\n|-resisted|p2a: Tornadus\n|-damage|p2a: Tornadus|63/100\n|\n|upkeep\n|turn|14\n|\n|t:|1771252137\n|switch|p1a: Landorus|Landorus-Therian, M|84/100\n|-damage|p1a: Landorus|72/100|[from] Stealth Rock\n|-ability|p1a: Landorus|Intimidate|boost\n|-unboost|p2a: Tornadus|atk|1\n|move|p2a: Tornadus|U-turn|p1a: Landorus\n|-resisted|p1a: Landorus\n|-damage|p1a: Landorus|66/100\n|-damage|p2a: Tornadus|46/100|[from] item: Rocky Helmet|[of] p1a: Landorus\n|\n|t:|1771252139\n|switch|p2a: Great Tusk|Great Tusk|100/100|[from] U-turn\n|-damage|p2a: Great Tusk|84/100|[from] Spikes\n|\n|upkeep\n|turn|15\n|\n|t:|1771252143\n|move|p1a: Landorus|Earthquake|p2a: Great Tusk\n|-damage|p2a: Great Tusk|46/100\n|move|p2a: Great Tusk|Rapid Spin|p1a: Landorus\n|-damage|p1a: Landorus|44/100\n|-boost|p2a: Great Tusk|spe|1\n|-damage|p2a: Great Tusk|30/100|[from] item: Rocky Helmet|[of] p1a: Landorus\n|-sideend|p2: AgencyBlundAMD|Spikes|[from] move: Rapid Spin|[of] p2a: Great Tusk\n|\n|upkeep\n|turn|16\n|\n|t:|1771252150\n|move|p2a: Great Tusk|Rapid Spin|p1a: Landorus\n|-damage|p1a: Landorus|24/100\n|-boost|p2a: Great Tusk|spe|1\n|-damage|p2a: Great Tusk|13/100|[from] item: Rocky Helmet|[of] p1a: Landorus\n|move|p1a: Landorus|Earthquake|p2a: Great Tusk\n|-damage|p2a: Great Tusk|0 fnt\n|faint|p2a: Great Tusk\n|-end|p2a: Great Tusk|Protosynthesis|[silent]\n|\n|upkeep\n|\n|t:|1771252157\n|switch|p2a: Dunsparce|Dunsparce, F|100/100\n|turn|17\n|\n|t:|1771252160\n|move|p1a: Landorus|Taunt|p2a: Dunsparce\n|-start|p2a: Dunsparce|move: Taunt\n|cant|p2a: Dunsparce|move: Taunt|Coil\n|\n|upkeep\n|turn|18\n|\n|t:|1771252162\n|move|p1a: Landorus|Stealth Rock|p2a: Dunsparce\n|-sidestart|p2: AgencyBlundAMD|move: Stealth Rock\n|move|p2a: Dunsparce|Body Slam|p1a: Landorus\n|-damage|p1a: Landorus|0 fnt\n|-damage|p2a: Dunsparce|84/100|[from] item: Rocky Helmet|[of] p1a: Landorus\n|faint|p1a: Landorus\n|\n|upkeep\n|\n|t:|1771252165\n|switch|p1a: Volcarona|Volcarona, M|100/100\n|-damage|p1a: Volcarona|51/100|[from] Stealth Rock\n|turn|19\n|\n|t:|1771252167\n|move|p1a: Volcarona|Quiver Dance|p1a: Volcarona\n|-boost|p1a: Volcarona|spa|1\n|-boost|p1a: Volcarona|spd|1\n|-boost|p1a: Volcarona|spe|1\n|move|p2a: Dunsparce|Body Slam|p1a: Volcarona\n|-damage|p1a: Volcarona|14/100\n|\n|-end|p2a: Dunsparce|move: Taunt\n|upkeep\n|turn|20\n|\n|t:|1771252170\n|move|p1a: Volcarona|Bug Buzz|p2a: Dunsparce\n|-damage|p2a: Dunsparce|24/100\n|-ability|p2a: Dunsparce|Rattled|boost\n|-boost|p2a: Dunsparce|spe|1\n|move|p2a: Dunsparce|Body Slam|p1a: Volcarona\n|-damage|p1a: Volcarona|0 fnt\n|faint|p1a: Volcarona\n|\n|upkeep\n|\n|t:|1771252176\n|switch|p1a: Ogerpon|Ogerpon-Wellspring, F|88/100\n|-damage|p1a: Ogerpon|76/100|[from] Stealth Rock\n|turn|21\n|\n|t:|1771252178\n|move|p1a: Ogerpon|Ivy Cudgel|p2a: Dunsparce|[anim] Ivy Cudgel Water\n|-damage|p2a: Dunsparce|0 fnt\n|faint|p2a: Dunsparce\n|\n|upkeep\n|\n|t:|1771252180\n|switch|p2a: Tornadus|Tornadus-Therian, M|79/100\n|-damage|p2a: Tornadus|54/100|[from] Stealth Rock\n|turn|22\n|\n|t:|1771252183\n|move|p1a: Ogerpon|Ivy Cudgel|p2a: Tornadus|[anim] Ivy Cudgel Water\n|-damage|p2a: Tornadus|0 fnt\n|faint|p2a: Tornadus\n|\n|upkeep\n|\n|t:|1771252186\n|switch|p2a: Toxapex|Toxapex, F|72/100\n|-damage|p2a: Toxapex|60/100|[from] Stealth Rock\n|turn|23\n|\n|t:|1771252188\n|move|p1a: Ogerpon|Swords Dance|p1a: Ogerpon\n|-boost|p1a: Ogerpon|atk|2\n|move|p2a: Toxapex|Gunk Shot|p1a: Ogerpon\n|-supereffective|p1a: Ogerpon\n|-damage|p1a: Ogerpon|0 fnt\n|faint|p1a: Ogerpon\n|\n|upkeep\n|\n|t:|1771252189\n|switch|p1a: Dragonite|Dragonite, M|100/100\n|-damage|p1a: Dragonite|76/100|[from] Stealth Rock\n|turn|24\n|\n|t:|1771252192\n|move|p1a: Dragonite|Dragon Dance|p1a: Dragonite\n|-boost|p1a: Dragonite|atk|1\n|-boost|p1a: Dragonite|spe|1\n|move|p2a: Toxapex|Gunk Shot|p1a: Dragonite|[miss]\n|-miss|p2a: Toxapex|p1a: Dragonite\n|\n|upkeep\n|turn|25\n|\n|t:|1771252194\n|move|p1a: Dragonite|Substitute|p1a: Dragonite\n|-start|p1a: Dragonite|Substitute\n|-damage|p1a: Dragonite|51/100\n|move|p2a: Toxapex|Gunk Shot|p1a: Dragonite\n|-end|p1a: Dragonite|Substitute\n|\n|upkeep\n|turn|26\n|\n|t:|1771252195\n|move|p1a: Dragonite|Substitute|p1a: Dragonite\n|-start|p1a: Dragonite|Substitute\n|-damage|p1a: Dragonite|26/100\n|move|p2a: Toxapex|Gunk Shot|p1a: Dragonite\n|-end|p1a: Dragonite|Substitute\n|\n|upkeep\n|turn|27\n|\n|t:|1771252197\n|move|p1a: Dragonite|Substitute|p1a: Dragonite\n|-start|p1a: Dragonite|Substitute\n|-damage|p1a: Dragonite|1/100\n|move|p2a: Toxapex|Gunk Shot|p1a: Dragonite\n|-end|p1a: Dragonite|Substitute\n|\n|upkeep\n|turn|28\n|\n|t:|1771252199\n|move|p1a: Dragonite|Earthquake|p2a: Toxapex\n|-supereffective|p2a: Toxapex\n|-damage|p2a: Toxapex|0 fnt\n|faint|p2a: Toxapex\n|\n|upkeep\n|\n|t:|1771252201\n|switch|p2a: Slowbro|Slowbro, F|93/100\n|-damage|p2a: Slowbro|81/100|[from] Stealth Rock\n|turn|29\n|\n|t:|1771252203\n|move|p1a: Dragonite|Scale Shot|p2a: Slowbro\n|-damage|p2a: Slowbro|65/100\n|-damage|p2a: Slowbro|48/100\n|-damage|p2a: Slowbro|30/100\n|-damage|p2a: Slowbro|14/100\n|-hitcount|p2a: Slowbro|4\n|-unboost|p1a: Dragonite|def|1\n|-boost|p1a: Dragonite|spe|1\n|move|p2a: Slowbro|Scald|p1a: Dragonite\n|-resisted|p1a: Dragonite\n|-damage|p1a: Dragonite|0 fnt\n|faint|p1a: Dragonite\n|\n|win|AgencyBlundAMD\n|raw|DriftedEx's rating: 1615 &rarr; <strong>1595</strong><br />(-20 for losing)\n|raw|AgencyBlundAMD's rating: 1612 &rarr; <strong>1632</strong><br />(+20 for winning)\n|l|☆DriftedEx\n|player|p1|\n|l|‽AgencyBlundAMD\n|player|p2|\n", "uploadtime": 1771252438, "views": 6, "formatid": "gen9nationaldex", "rating": 1595, "private": 0, "password": null}