{"id": "gen9nationaldex-2540728626", "format": "[Gen 9] National Dex", "players": ["Yaoshi", "n!ce ct"], "log": "|j|☆Yaoshi\n|j|☆n!ce ct\n|t:|1771246725\n|gametype|singles\n|player|p1|Yaoshi|silver-masters|1578\n|player|p2|n!ce ct|emma-lza|1592\n|gen|9\n|tier|[Gen 9] National Dex\n|rated|\n|rule|HP Percentage Mod: HP is shown in percentages\n|rule|Endless Battle Clause: Forcing endless battles is banned\n|rule|Species Clause: Limit one of each Pokémon\n|rule|OHKO Clause: OHKO moves are banned\n|rule|Evasion Clause: Evasion abilities, items, and moves are banned\n|rule|Evasion Abilities Clause: Evasion abilities are banned\n|rule|Evasion Items Clause: Evasion items are banned\n|rule|Evasion Moves Clause: Evasion moves are banned\n|rule|Sleep Clause Mod: Limit one foe put to sleep\n|rule|Terastal Clause: You cannot Terastallize\n|clearpoke\n|poke|p1|Landorus-Therian, M|\n|poke|p1|Gallade, M|\n|poke|p1|Victini|\n|poke|p1|Aegislash, F|\n|poke|p1|Kyurem|\n|poke|p1|Alomomola, F|\n|poke|p2|Tapu Fini|\n|poke|p2|Slowbro-Galar, F|\n|poke|p2|Zapdos|\n|poke|p2|Ting-Lu|\n|poke|p2|Zamazenta-*|\n|poke|p2|Victini|\n|teampreview\n|inactive|Battle timer is ON: inactive players will automatically lose when time's up. (requested by Yaoshi)\n|inactive|n!ce ct has 120 seconds left.\n|\n|t:|1771246757\n|teamsize|p1|6\n|teamsize|p2|6\n|start\n|switch|p1a: YingLong|Landorus-Therian, M, shiny|100/100\n|switch|p2a: Victini|Victini|100/100\n|-ability|p1a: YingLong|Intimidate|boost\n|-unboost|p2a: Victini|atk|1\n|turn|1\n|\n|t:|1771246765\n|switch|p1a: máodùn|Aegislash, F, shiny|100/100\n|move|p2a: Victini|U-turn|p1a: máodùn\n|-resisted|p1a: máodùn\n|-damage|p1a: máodùn|98/100\n|\n|t:|1771246782\n|switch|p2a: Ting-Lu|Ting-Lu|100/100|[from] U-turn\n|-ability|p2a: Ting-Lu|Vessel of Ruin\n|\n|-heal|p1a: máodùn|100/100|[from] item: Leftovers\n|upkeep\n|turn|2\n|\n|t:|1771246787\n|switch|p2a: Tapu Fini|Tapu Fini|100/100\n|-fieldstart|move: Misty Terrain|[from] ability: Misty Surge|[of] p2a: Tapu Fini\n|move|p1a: máodùn|Toxic|p2a: Tapu Fini\n|-activate|p2a: Tapu Fini|move: Misty Terrain\n|\n|upkeep\n|turn|3\n|\n|t:|1771246794\n|switch|p1a: Wuji|Kyurem|100/100\n|-ability|p1a: Wuji|Pressure\n|move|p2a: Tapu Fini|Taunt|p1a: Wuji\n|-start|p1a: Wuji|move: Taunt\n|\n|upkeep\n|turn|4\n|\n|t:|1771246805\n|switch|p2a: Victini|Victini|100/100\n|move|p1a: Wuji|Freeze-Dry|p2a: Victini\n|-resisted|p2a: Victini\n|-damage|p2a: Victini|75/100\n|\n|upkeep\n|turn|5\n|\n|t:|1771246815\n|switch|p1a: Aoyu|Alomomola, F|100/100\n|move|p2a: Victini|Trick|p1a: Aoyu\n|-activate|p2a: Victini|move: Trick|[of] p1a: Aoyu\n|-item|p1a: Aoyu|Choice Scarf|[from] move: Trick\n|-item|p2a: Victini|Rocky Helmet|[from] move: Trick\n|\n|upkeep\n|turn|6\n|\n|t:|1771246821\n|move|p2a: Victini|U-turn|p1a: Aoyu\n|-damage|p1a: Aoyu|90/100\n|\n|t:|1771246824\n|switch|p2a: Tapu Fini|Tapu Fini|100/100|[from] U-turn\n|move|p1a: Aoyu|Flip Turn|p2a: Tapu Fini\n|-resisted|p2a: Tapu Fini\n|-damage|p2a: Tapu Fini|95/100\n|\n|t:|1771246828\n|switch|p1a: Wuji|Kyurem|100/100|[from] Flip Turn\n|-ability|p1a: Wuji|Pressure\n|\n|-heal|p2a: Tapu Fini|100/100|[from] item: Leftovers\n|-fieldend|Misty Terrain\n|upkeep\n|turn|7\n|\n|t:|1771246841\n|switch|p2a: Ting-Lu|Ting-Lu|100/100\n|-ability|p2a: Ting-Lu|Vessel of Ruin\n|move|p1a: Wuji|Freeze-Dry|p2a: Ting-Lu\n|-supereffective|p2a: Ting-Lu\n|-damage|p2a: Ting-Lu|58/100\n|\n|-heal|p2a: Ting-Lu|64/100|[from] item: Leftovers\n|upkeep\n|turn|8\n|\n|t:|1771246857\n|move|p1a: Wuji|Freeze-Dry|p2a: Ting-Lu\n|-supereffective|p2a: Ting-Lu\n|-damage|p2a: Ting-Lu|18/100\n|move|p2a: Ting-Lu|Stealth Rock|p1a: Wuji\n|-sidestart|p1: Yaoshi|move: Stealth Rock\n|\n|-heal|p2a: Ting-Lu|25/100|[from] item: Leftovers\n|upkeep\n|turn|9\n|\n|t:|1771246860\n|switch|p2a: Victini|Victini|75/100\n|move|p1a: Wuji|Freeze-Dry|p2a: Victini\n|-resisted|p2a: Victini\n|-damage|p2a: Victini|46/100\n|\n|upkeep\n|turn|10\n|\n|t:|1771246867\n|switch|p1a: Aoyu|Alomomola, F|100/100\n|-damage|p1a: Aoyu|88/100|[from] Stealth Rock\n|move|p2a: Victini|V-create|p1a: Aoyu\n|-resisted|p1a: Aoyu\n|-crit|p1a: Aoyu\n|-damage|p1a: Aoyu|59/100\n|-unboost|p2a: Victini|spe|1\n|-unboost|p2a: Victini|def|1\n|-unboost|p2a: Victini|spd|1\n|\n|upkeep\n|turn|11\n|\n|t:|1771246872\n|move|p2a: Victini|U-turn|p1a: Aoyu\n|-damage|p1a: Aoyu|49/100\n|\n|t:|1771246878\n|switch|p2a: Tapu Fini|Tapu Fini|100/100|[from] U-turn\n|-fieldstart|move: Misty Terrain|[from] ability: Misty Surge|[of] p2a: Tapu Fini\n|move|p1a: Aoyu|Flip Turn|p2a: Tapu Fini\n|-resisted|p2a: Tapu Fini\n|-damage|p2a: Tapu Fini|95/100\n|\n|t:|1771246883\n|switch|p1a: Wuji|Kyurem|100/100|[from] Flip Turn\n|-damage|p1a: Wuji|76/100|[from] Stealth Rock\n|-ability|p1a: Wuji|Pressure\n|\n|-heal|p2a: Tapu Fini|100/100|[from] item: Leftovers\n|upkeep\n|turn|12\n|\n|t:|1771246890\n|move|p1a: Wuji|Freeze-Dry|p2a: Tapu Fini\n|-supereffective|p2a: Tapu Fini\n|-damage|p2a: Tapu Fini|10/100\n|move|p2a: Tapu Fini|Draining Kiss|p1a: Wuji\n|-supereffective|p1a: Wuji\n|-damage|p1a: Wuji|46/100\n|-heal|p2a: Tapu Fini|35/100|[from] drain|[of] p1a: Wuji\n|\n|-heal|p2a: Tapu Fini|41/100|[from] item: Leftovers\n|upkeep\n|turn|13\n|\n|t:|1771246896\n|switch|p2a: Ting-Lu|Ting-Lu|25/100\n|-ability|p2a: Ting-Lu|Vessel of Ruin\n|move|p1a: Wuji|Freeze-Dry|p2a: Ting-Lu\n|-supereffective|p2a: Ting-Lu\n|-damage|p2a: Ting-Lu|0 fnt\n|faint|p2a: Ting-Lu\n|\n|upkeep\n|\n|t:|1771246907\n|switch|p2a: Victini|Victini|46/100\n|turn|14\n|\n|t:|1771246914\n|switch|p1a: YingLong|Landorus-Therian, M, shiny|100/100\n|-damage|p1a: YingLong|88/100|[from] Stealth Rock\n|-ability|p1a: YingLong|Intimidate|boost\n|-unboost|p2a: Victini|atk|1\n|move|p2a: Victini|Bolt Strike|p1a: YingLong\n|-immune|p1a: YingLong\n|\n|upkeep\n|turn|15\n|\n|t:|1771246920\n|switch|p2a: Zapdos|Zapdos|100/100\n|move|p1a: YingLong|Defog|p2a: Zapdos\n|-unboost|p2a: Zapdos|evasion|1\n|-sideend|p1: Yaoshi|Stealth Rock|[from] move: Defog|[of] p1a: YingLong\n|-fieldend|Misty Terrain\n|\n|upkeep\n|turn|16\n|\n|t:|1771246925\n|switch|p1a: máodùn|Aegislash, F, shiny|100/100\n|move|p2a: Zapdos|Volt Switch|p1a: máodùn\n|-damage|p1a: máodùn|83/100\n|\n|t:|1771246941\n|switch|p2a: Victini|Victini|46/100|[from] Volt Switch\n|\n|-heal|p1a: máodùn|89/100|[from] item: Leftovers\n|upkeep\n|turn|17\n|\n|t:|1771246949\n|move|p1a: máodùn|King's Shield|p1a: máodùn\n|-singleturn|p1a: máodùn|Protect\n|move|p2a: Victini|Trick|p1a: máodùn\n|-activate|p2a: Victini|move: Trick|[of] p1a: máodùn\n|-item|p1a: máodùn|Rocky Helmet|[from] move: Trick\n|-item|p2a: Victini|Leftovers|[from] move: Trick\n|\n|-heal|p2a: Victini|52/100|[from] item: Leftovers\n|upkeep\n|turn|18\n|\n|t:|1771246955\n|switch|p1a: Aoyu|Alomomola, F|82/100\n|move|p2a: Victini|V-create|p1a: Aoyu\n|-resisted|p1a: Aoyu\n|-crit|p1a: Aoyu\n|-damage|p1a: Aoyu|50/100\n|-unboost|p2a: Victini|spe|1\n|-unboost|p2a: Victini|def|1\n|-unboost|p2a: Victini|spd|1\n|\n|-heal|p2a: Victini|58/100|[from] item: Leftovers\n|upkeep\n|turn|19\n|\n|t:|1771246971\n|move|p2a: Victini|U-turn|p1a: Aoyu\n|-damage|p1a: Aoyu|40/100\n|\n|t:|1771246975\n|switch|p2a: Tapu Fini|Tapu Fini|41/100|[from] U-turn\n|-fieldstart|move: Misty Terrain|[from] ability: Misty Surge|[of] p2a: Tapu Fini\n|move|p1a: Aoyu|Flip Turn|p2a: Tapu Fini\n|-resisted|p2a: Tapu Fini\n|-damage|p2a: Tapu Fini|35/100\n|\n|t:|1771246978\n|switch|p1a: Wuji|Kyurem|46/100|[from] Flip Turn\n|-ability|p1a: Wuji|Pressure\n|\n|-heal|p2a: Tapu Fini|41/100|[from] item: Leftovers\n|upkeep\n|turn|20\n|\n|t:|1771246992\n|switch|p2a: Victini|Victini|58/100\n|move|p1a: Wuji|Freeze-Dry|p2a: Victini\n|-resisted|p2a: Victini\n|-damage|p2a: Victini|31/100\n|\n|-heal|p2a: Victini|37/100|[from] item: Leftovers\n|upkeep\n|turn|21\n|\n|t:|1771247002\n|switch|p1a: Aoyu|Alomomola, F|73/100\n|move|p2a: Victini|V-create|p1a: Aoyu\n|-resisted|p1a: Aoyu\n|-damage|p1a: Aoyu|53/100\n|-unboost|p2a: Victini|spe|1\n|-unboost|p2a: Victini|def|1\n|-unboost|p2a: Victini|spd|1\n|\n|-heal|p2a: Victini|44/100|[from] item: Leftovers\n|upkeep\n|turn|22\n|\n|t:|1771247005\n|move|p2a: Victini|U-turn|p1a: Aoyu\n|-damage|p1a: Aoyu|42/100\n|\n|t:|1771247010\n|switch|p2a: Slowbro|Slowbro-Galar, F|100/100|[from] U-turn\n|move|p1a: Aoyu|Flip Turn|p2a: Slowbro\n|-damage|p2a: Slowbro|90/100\n|\n|t:|1771247016\n|switch|p1a: Nezha|Victini|100/100|[from] Flip Turn\n|\n|upkeep\n|turn|23\n|\n|t:|1771247024\n|detailschange|p2a: Slowbro|Slowbro-Mega, F\n|-mega|p2a: Slowbro|Slowbro|Slowbronite\n|move|p1a: Nezha|Power-Up Punch|p2a: Slowbro\n|-resisted|p2a: Slowbro\n|-damage|p2a: Slowbro|88/100\n|-boost|p1a: Nezha|atk|1\n|move|p2a: Slowbro|Iron Defense|p2a: Slowbro\n|-boost|p2a: Slowbro|def|2\n|\n|-fieldend|Misty Terrain\n|upkeep\n|turn|24\n|l|☆n!ce ct\n|inactive|n!ce ct disconnected and has a minute to reconnect!\n|player|p2|\n|inactive|n!ce ct has 30 seconds to reconnect!\n|inactive|n!ce ct has 20 seconds to reconnect!\n|inactive|n!ce ct has 15 seconds to reconnect!\n|j|☆n!ce ct\n|inactive|n!ce ct reconnected and has 85 seconds left.\n|player|p2|n!ce ct|emma-lza|\n|\n|t:|1771247101\n|switch|p1a: máodùn|Aegislash, F, shiny|89/100\n|move|p2a: Slowbro|Body Press|p1a: máodùn\n|-immune|p1a: máodùn\n|\n|upkeep\n|turn|25\n|\n|t:|1771247112\n|switch|p2a: Tapu Fini|Tapu Fini|41/100\n|-fieldstart|move: Misty Terrain|[from] ability: Misty Surge|[of] p2a: Tapu Fini\n|-formechange|p1a: máodùn|Aegislash-Blade||[from] ability: Stance Change\n|move|p1a: máodùn|Shadow Ball|p2a: Tapu Fini\n|-damage|p2a: Tapu Fini|10/100\n|\n|-heal|p2a: Tapu Fini|16/100|[from] item: Leftovers\n|upkeep\n|turn|26\n|\n|t:|1771247118\n|switch|p2a: Zapdos|Zapdos|100/100\n|move|p1a: máodùn|Shadow Ball|p2a: Zapdos\n|-damage|p2a: Zapdos|63/100\n|\n|upkeep\n|turn|27\n|\n|t:|1771247121\n|-formechange|p1a: máodùn|Aegislash||[from] ability: Stance Change\n|move|p1a: máodùn|King's Shield|p1a: máodùn\n|-singleturn|p1a: máodùn|Protect\n|move|p2a: Zapdos|Roost|p2a: Zapdos\n|-heal|p2a: Zapdos|100/100\n|-singleturn|p2a: Zapdos|move: Roost\n|\n|upkeep\n|turn|28\n|\n|t:|1771247127\n|switch|p1a: YingLong|Landorus-Therian, M, shiny|88/100\n|-ability|p1a: YingLong|Intimidate|boost\n|-unboost|p2a: Zapdos|atk|1\n|move|p2a: Zapdos|Volt Switch|p1a: YingLong\n|-immune|p1a: YingLong\n|\n|upkeep\n|turn|29\n|\n|t:|1771247130\n|move|p1a: YingLong|Stone Edge|p2a: Zapdos\n|-supereffective|p2a: Zapdos\n|-damage|p2a: Zapdos|41/100\n|move|p2a: Zapdos|Hurricane|p1a: YingLong|[miss]\n|-miss|p2a: Zapdos|p1a: YingLong\n|\n|-fieldend|Misty Terrain\n|upkeep\n|turn|30\n|\n|t:|1771247137\n|switch|p2a: Slowbro|Slowbro-Mega, F|88/100\n|move|p1a: YingLong|Stone Edge|p2a: Slowbro|[miss]\n|-miss|p1a: YingLong|p2a: Slowbro\n|\n|upkeep\n|turn|31\n|\n|t:|1771247141\n|switch|p1a: máodùn|Aegislash, F, shiny|89/100\n|switch|p2a: Victini|Victini|44/100\n|\n|-heal|p2a: Victini|50/100|[from] item: Leftovers\n|upkeep\n|turn|32\n|\n|t:|1771247148\n|move|p1a: máodùn|King's Shield|p1a: máodùn\n|-singleturn|p1a: máodùn|Protect\n|move|p2a: Victini|V-create|p1a: máodùn\n|-activate|p1a: máodùn|move: Protect\n|-unboost|p2a: Victini|atk|1\n|\n|-heal|p2a: Victini|56/100|[from] item: Leftovers\n|upkeep\n|turn|33\n|\n|t:|1771247159\n|switch|p1a: Aoyu|Alomomola, F|75/100\n|move|p2a: Victini|U-turn|p1a: Aoyu\n|-damage|p1a: Aoyu|68/100\n|\n|t:|1771247163\n|switch|p2a: Zapdos|Zapdos|41/100|[from] U-turn\n|\n|upkeep\n|turn|34\n|\n|t:|1771247169\n|move|p2a: Zapdos|Hurricane|p1a: Aoyu|[miss]\n|-miss|p2a: Zapdos|p1a: Aoyu\n|move|p1a: Aoyu|Wish|p1a: Aoyu\n|\n|upkeep\n|turn|35\n|\n|t:|1771247179\n|switch|p1a: Wuji|Kyurem|46/100\n|-ability|p1a: Wuji|Pressure\n|move|p2a: Zapdos|Hurricane|p1a: Wuji\n|-damage|p1a: Wuji|2/100\n|\n|-heal|p1a: Wuji|70/100|[from] move: Wish|[wisher] Aoyu\n|upkeep\n|turn|36\n|c|☆n!ce ct|...\n|\n|t:|1771247191\n|move|p1a: Wuji|Freeze-Dry|p2a: Zapdos\n|-supereffective|p2a: Zapdos\n|-damage|p2a: Zapdos|0 fnt\n|faint|p2a: Zapdos\n|\n|upkeep\n|\n|t:|1771247193\n|switch|p2a: Zamazenta|Zamazenta|100/100\n|-ability|p2a: Zamazenta|Dauntless Shield|boost\n|-boost|p2a: Zamazenta|def|1\n|turn|37\n|\n|t:|1771247197\n|switch|p1a: máodùn|Aegislash, F, shiny|89/100\n|move|p2a: Zamazenta|Crunch|p1a: máodùn\n|-supereffective|p1a: máodùn\n|-damage|p1a: máodùn|45/100\n|-damage|p2a: Zamazenta|84/100|[from] item: Rocky Helmet|[of] p1a: máodùn\n|\n|upkeep\n|turn|38\n|\n|t:|1771247207\n|move|p2a: Zamazenta|Close Combat|p1a: máodùn\n|-immune|p1a: máodùn\n|move|p1a: máodùn|Toxic|p2a: Zamazenta\n|-status|p2a: Zamazenta|tox\n|\n|-damage|p2a: Zamazenta|78/100 tox|[from] psn\n|upkeep\n|turn|39\n|\n|t:|1771247214\n|switch|p1a: Aoyu|Alomomola, F|100/100\n|move|p2a: Zamazenta|Close Combat|p1a: Aoyu\n|-damage|p1a: Aoyu|68/100\n|-unboost|p2a: Zamazenta|def|1\n|-unboost|p2a: Zamazenta|spd|1\n|\n|-damage|p2a: Zamazenta|65/100 tox|[from] psn\n|upkeep\n|turn|40\n|-message|n!ce ct forfeited.\n|\n|win|Yaoshi\n|raw|Yaoshi's rating: 1578 &rarr; <strong>1599</strong><br />(+21 for winning)\n|raw|n!ce ct's rating: 1592 &rarr; <strong>1571</strong><br />(-21 for losing)\n|l|☆n!ce ct\n|player|p2|\n|l|☆Yaoshi\n|player|p1|\n", "uploadtime": 1771247360, "views": 3, "formatid": "gen9nationaldex", "rating": 1571, "private": 0, "password": null}