{"id": "gen9nationaldex-2540583553", "format": "[Gen 9] National Dex", "players": ["AyyOmega", "riderzitto5"], "log": "|j|☆AyyOmega\n|j|☆riderzitto5\n|t:|1771221871\n|gametype|singles\n|player|p1|AyyOmega|102|1672\n|player|p2|riderzitto5|petrel|1811\n|gen|9\n|tier|[Gen 9] National Dex\n|rated|\n|rule|HP Percentage Mod: HP is shown in percentages\n|rule|Endless Battle Clause: Forcing endless battles is banned\n|rule|Species Clause: Limit one of each Pokémon\n|rule|OHKO Clause: OHKO moves are banned\n|rule|Evasion Clause: Evasion abilities, items, and moves are banned\n|rule|Evasion Abilities Clause: Evasion abilities are banned\n|rule|Evasion Items Clause: Evasion items are banned\n|rule|Evasion Moves Clause: Evasion moves are banned\n|rule|Sleep Clause Mod: Limit one foe put to sleep\n|rule|Terastal Clause: You cannot Terastallize\n|clearpoke\n|poke|p1|Tapu Koko|\n|poke|p1|Iron Valiant|\n|poke|p1|Tyranitar, F|\n|poke|p1|Zapdos|\n|poke|p1|Alomomola, M|\n|poke|p1|Garchomp, M|\n|poke|p2|Chansey, F|\n|poke|p2|Toxapex, F|\n|poke|p2|Gliscor, F|\n|poke|p2|Clodsire, F|\n|poke|p2|Dondozo, M|\n|poke|p2|Sableye, F|\n|teampreview\n|c|☆riderzitto5|Yo sashiburidana\n|inactive|Battle timer is ON: inactive players will automatically lose when time's up. (requested by riderzitto5)\n|\n|t:|1771221897\n|teamsize|p1|6\n|teamsize|p2|6\n|start\n|switch|p1a: Tyranitar|Tyranitar, F|100/100\n|switch|p2a: Timid|Sableye, F, shiny|100/100\n|-weather|Sandstorm|[from] ability: Sand Stream|[of] p1a: Tyranitar\n|turn|1\n|\n|t:|1771221908\n|switch|p1a: Alomomola|Alomomola, M|100/100\n|detailschange|p2a: Timid|Sableye-Mega, F, shiny\n|-mega|p2a: Timid|Sableye|Sablenite\n|move|p2a: Timid|Will-O-Wisp|p1a: Alomomola\n|-status|p1a: Alomomola|brn\n|\n|-weather|Sandstorm|[upkeep]\n|-damage|p1a: Alomomola|94/100 brn|[from] Sandstorm\n|-damage|p2a: Timid|95/100|[from] Sandstorm\n|-damage|p1a: Alomomola|88/100 brn|[from] brn\n|upkeep\n|turn|2\n|\n|t:|1771221911\n|move|p1a: Alomomola|Flip Turn|p2a: Timid\n|-damage|p2a: Timid|89/100\n|\n|t:|1771221916\n|switch|p1a: Tapu Koko|Tapu Koko|100/100|[from] Flip Turn\n|-fieldstart|move: Electric Terrain|[from] ability: Electric Surge|[of] p1a: Tapu Koko\n|move|p2a: Timid|Knock Off|p1a: Tapu Koko\n|-resisted|p1a: Tapu Koko\n|-damage|p1a: Tapu Koko|87/100\n|\n|-weather|Sandstorm|[upkeep]\n|-damage|p1a: Tapu Koko|81/100|[from] Sandstorm\n|-damage|p2a: Timid|83/100|[from] Sandstorm\n|upkeep\n|turn|3\n|\n|t:|1771221924\n|move|p2a: Timid|Protect|p2a: Timid\n|-singleturn|p2a: Timid|Protect\n|move|p1a: Tapu Koko|U-turn|p2a: Timid\n|-activate|p2a: Timid|move: Protect\n|\n|-weather|Sandstorm|[upkeep]\n|-damage|p1a: Tapu Koko|75/100|[from] Sandstorm\n|-damage|p2a: Timid|77/100|[from] Sandstorm\n|upkeep\n|turn|4\n|\n|t:|1771221930\n|switch|p2a: Poison|Gliscor, F, shiny|100/100\n|move|p1a: Tapu Koko|Dazzling Gleam|p2a: Poison\n|-damage|p2a: Poison|69/100\n|\n|-weather|Sandstorm|[upkeep]\n|-damage|p1a: Tapu Koko|69/100|[from] Sandstorm\n|-status|p2a: Poison|tox|[from] item: Toxic Orb\n|upkeep\n|turn|5\n|\n|t:|1771221936\n|switch|p1a: Alomomola|Alomomola, M|100/100 brn\n|move|p2a: Poison|Protect||[still]\n|-fail|p2a: Poison\n|\n|-weather|none\n|-heal|p2a: Poison|81/100 tox|[from] ability: Poison Heal\n|-damage|p1a: Alomomola|94/100 brn|[from] brn\n|upkeep\n|turn|6\n|\n|t:|1771221941\n|move|p2a: Poison|Knock Off|p1a: Alomomola\n|-damage|p1a: Alomomola|79/100 brn\n|-enditem|p1a: Alomomola|Assault Vest|[from] move: Knock Off|[of] p2a: Poison\n|move|p1a: Alomomola|Flip Turn|p2a: Poison\n|-supereffective|p2a: Poison\n|-damage|p2a: Poison|69/100 tox\n|\n|t:|1771221956\n|switch|p1a: Tyranitar|Tyranitar, F|100/100|[from] Flip Turn\n|-weather|Sandstorm|[from] ability: Sand Stream|[of] p1a: Tyranitar\n|\n|-weather|Sandstorm|[upkeep]\n|-heal|p2a: Poison|82/100 tox|[from] ability: Poison Heal\n|-fieldend|move: Electric Terrain\n|upkeep\n|turn|7\n|\n|t:|1771221962\n|detailschange|p1a: Tyranitar|Tyranitar-Mega, F\n|-mega|p1a: Tyranitar|Tyranitar|Tyranitarite\n|move|p2a: Poison|Protect|p2a: Poison\n|-singleturn|p2a: Poison|Protect\n|move|p1a: Tyranitar|Knock Off|p2a: Poison\n|-activate|p2a: Poison|move: Protect\n|\n|-weather|Sandstorm|[upkeep]\n|-heal|p2a: Poison|94/100 tox|[from] ability: Poison Heal\n|upkeep\n|turn|8\n|\n|t:|1771221975\n|switch|p2a: Fish|Dondozo, M, shiny|100/100\n|move|p1a: Tyranitar|Knock Off|p2a: Fish\n|-damage|p2a: Fish|72/100\n|-enditem|p2a: Fish|Leftovers|[from] move: Knock Off|[of] p1a: Tyranitar\n|\n|-weather|Sandstorm|[upkeep]\n|-damage|p2a: Fish|66/100|[from] Sandstorm\n|upkeep\n|turn|9\n|\n|t:|1771221983\n|switch|p1a: Zapdos|Zapdos|100/100\n|move|p2a: Fish|Waterfall|p1a: Zapdos\n|-damage|p1a: Zapdos|80/100\n|-status|p2a: Fish|par|[from] ability: Static|[of] p1a: Zapdos\n|\n|-weather|Sandstorm|[upkeep]\n|-damage|p1a: Zapdos|74/100|[from] Sandstorm\n|-damage|p2a: Fish|60/100 par|[from] Sandstorm\n|upkeep\n|turn|10\n|\n|t:|1771221990\n|switch|p2a: hehhehe|Clodsire, F, shiny|100/100\n|move|p1a: Zapdos|Roost|p1a: Zapdos\n|-heal|p1a: Zapdos|100/100\n|-singleturn|p1a: Zapdos|move: Roost\n|\n|-weather|none\n|upkeep\n|turn|11\n|\n|t:|1771221994\n|switch|p1a: Alomomola|Alomomola, M|100/100 brn\n|move|p2a: hehhehe|Stealth Rock|p1a: Alomomola\n|-sidestart|p1: AyyOmega|move: Stealth Rock\n|\n|-damage|p1a: Alomomola|94/100 brn|[from] brn\n|upkeep\n|turn|12\n|\n|t:|1771222004\n|switch|p2a: Poison|Gliscor, F, shiny|94/100 tox\n|move|p1a: Alomomola|Flip Turn|p2a: Poison\n|-supereffective|p2a: Poison\n|-crit|p2a: Poison\n|-damage|p2a: Poison|76/100 tox\n|\n|t:|1771222021\n|switch|p1a: Zapdos|Zapdos|100/100|[from] Flip Turn\n|\n|-heal|p2a: Poison|89/100 tox|[from] ability: Poison Heal\n|upkeep\n|turn|13\n|\n|t:|1771222024\n|move|p1a: Zapdos|Defog|p2a: Poison\n|-unboost|p2a: Poison|evasion|1\n|-sideend|p1: AyyOmega|Stealth Rock|[from] move: Defog|[of] p1a: Zapdos\n|move|p2a: Poison|Knock Off|p1a: Zapdos\n|-damage|p1a: Zapdos|84/100\n|-enditem|p1a: Zapdos|Heavy-Duty Boots|[from] move: Knock Off|[of] p2a: Poison\n|\n|-heal|p2a: Poison|100/100 tox|[from] ability: Poison Heal\n|upkeep\n|turn|14\n|\n|t:|1771222031\n|switch|p1a: Alomomola|Alomomola, M|100/100 brn\n|move|p2a: Poison|Spikes|p1a: Alomomola\n|-sidestart|p1: AyyOmega|Spikes\n|\n|-damage|p1a: Alomomola|94/100 brn|[from] brn\n|upkeep\n|turn|15\n|\n|t:|1771222034\n|move|p2a: Poison|Spikes|p1a: Alomomola\n|-sidestart|p1: AyyOmega|Spikes\n|move|p1a: Alomomola|Flip Turn|p2a: Poison\n|-supereffective|p2a: Poison\n|-damage|p2a: Poison|88/100 tox\n|\n|t:|1771222042\n|switch|p1a: Garchomp|Garchomp, M|100/100|[from] Flip Turn\n|-damage|p1a: Garchomp|84/100|[from] Spikes\n|\n|-heal|p2a: Poison|100/100 tox|[from] ability: Poison Heal\n|upkeep\n|turn|16\n|\n|t:|1771222047\n|switch|p2a: Timid|Sableye-Mega, F, shiny|77/100\n|move|p1a: Garchomp|Stealth Rock|p2a: Timid\n|move|p2a: Timid|Stealth Rock|p1a: Garchomp|[from] ability: Magic Bounce\n|-sidestart|p1: AyyOmega|move: Stealth Rock\n|\n|upkeep\n|turn|17\n|\n|t:|1771222053\n|switch|p1a: Alomomola|Alomomola, M|100/100 brn\n|-damage|p1a: Alomomola|84/100 brn|[from] Spikes\n|-damage|p1a: Alomomola|72/100 brn|[from] Stealth Rock\n|move|p2a: Timid|Recover|p2a: Timid\n|-heal|p2a: Timid|100/100\n|\n|-damage|p1a: Alomomola|65/100 brn|[from] brn\n|upkeep\n|turn|18\n|\n|t:|1771222062\n|move|p2a: Timid|Protect|p2a: Timid\n|-singleturn|p2a: Timid|Protect\n|move|p1a: Alomomola|Scald|p2a: Timid\n|-activate|p2a: Timid|move: Protect\n|\n|-damage|p1a: Alomomola|59/100 brn|[from] brn\n|upkeep\n|turn|19\n|\n|t:|1771222068\n|switch|p2a: EggChan|Chansey, F, shiny|100/100\n|move|p1a: Alomomola|Flip Turn|p2a: EggChan\n|-crit|p2a: EggChan\n|-damage|p2a: EggChan|92/100\n|\n|t:|1771222070\n|switch|p1a: Tyranitar|Tyranitar-Mega, F|100/100|[from] Flip Turn\n|-damage|p1a: Tyranitar|84/100|[from] Spikes\n|-damage|p1a: Tyranitar|72/100|[from] Stealth Rock\n|-weather|Sandstorm|[from] ability: Sand Stream|[of] p1a: Tyranitar\n|\n|-weather|Sandstorm|[upkeep]\n|-damage|p2a: EggChan|86/100|[from] Sandstorm\n|upkeep\n|turn|20\n|\n|t:|1771222078\n|-activate|p2a: EggChan|move: Pursuit\n|move|p1a: Tyranitar|Pursuit|p2a: EggChan|[from] Pursuit\n|-damage|p2a: EggChan|50/100\n|switch|p2a: Fish|Dondozo, M, shiny|60/100 par\n|\n|-weather|Sandstorm|[upkeep]\n|-damage|p2a: Fish|54/100 par|[from] Sandstorm\n|upkeep\n|turn|21\n|\n|t:|1771222083\n|switch|p1a: Tapu Koko|Tapu Koko|69/100\n|-damage|p1a: Tapu Koko|53/100|[from] Spikes\n|-damage|p1a: Tapu Koko|40/100|[from] Stealth Rock\n|-fieldstart|move: Electric Terrain|[from] ability: Electric Surge|[of] p1a: Tapu Koko\n|move|p2a: Fish|Rest||[still]\n|-activate|p2a: Fish|move: Electric Terrain\n|-fail|p2a: Fish\n|\n|-weather|Sandstorm|[upkeep]\n|-damage|p1a: Tapu Koko|34/100|[from] Sandstorm\n|-damage|p2a: Fish|48/100 par|[from] Sandstorm\n|upkeep\n|turn|22\n|\n|t:|1771222092\n|switch|p2a: Poison|Gliscor, F, shiny|100/100 tox\n|move|p1a: Tapu Koko|U-turn|p2a: Poison\n|-resisted|p2a: Poison\n|-damage|p2a: Poison|94/100 tox\n|\n|t:|1771222094\n|switch|p1a: Iron Valiant|Iron Valiant|100/100|[from] U-turn\n|-damage|p1a: Iron Valiant|84/100|[from] Spikes\n|-damage|p1a: Iron Valiant|78/100|[from] Stealth Rock\n|-activate|p1a: Iron Valiant|ability: Quark Drive\n|-start|p1a: Iron Valiant|quarkdrivespa\n|\n|-weather|Sandstorm|[upkeep]\n|-damage|p1a: Iron Valiant|71/100|[from] Sandstorm\n|-heal|p2a: Poison|100/100 tox|[from] ability: Poison Heal\n|upkeep\n|turn|23\n|\n|t:|1771222099\n|move|p2a: Poison|Protect|p2a: Poison\n|-singleturn|p2a: Poison|Protect\n|move|p1a: Iron Valiant|Moonblast|p2a: Poison\n|-activate|p2a: Poison|move: Protect\n|\n|-weather|none\n|upkeep\n|turn|24\n|\n|t:|1771222106\n|switch|p2a: hehhehe|Clodsire, F, shiny|100/100\n|move|p1a: Iron Valiant|Moonblast|p2a: hehhehe\n|-resisted|p2a: hehhehe\n|-damage|p2a: hehhehe|72/100\n|\n|-heal|p2a: hehhehe|79/100|[from] item: Black Sludge\n|upkeep\n|turn|25\n|\n|t:|1771222112\n|-end|p1a: Iron Valiant|Quark Drive|[silent]\n|switch|p1a: Tyranitar|Tyranitar-Mega, F|72/100\n|-damage|p1a: Tyranitar|55/100|[from] Spikes\n|-damage|p1a: Tyranitar|43/100|[from] Stealth Rock\n|-weather|Sandstorm|[from] ability: Sand Stream|[of] p1a: Tyranitar\n|move|p2a: hehhehe|Poison Jab|p1a: Tyranitar\n|-resisted|p1a: Tyranitar\n|-damage|p1a: Tyranitar|36/100\n|\n|-weather|Sandstorm|[upkeep]\n|-heal|p2a: hehhehe|85/100|[from] item: Black Sludge\n|-fieldend|move: Electric Terrain\n|upkeep\n|turn|26\n|\n|t:|1771222120\n|-activate|p2a: hehhehe|move: Pursuit\n|move|p1a: Tyranitar|Pursuit|p2a: hehhehe|[from] Pursuit\n|-damage|p2a: hehhehe|27/100\n|switch|p2a: Poison|Gliscor, F, shiny|100/100 tox\n|\n|-weather|Sandstorm|[upkeep]\n|upkeep\n|turn|27\n|\n|t:|1771222126\n|switch|p1a: Zapdos|Zapdos|84/100\n|-damage|p1a: Zapdos|59/100|[from] Stealth Rock\n|move|p2a: Poison|Knock Off|p1a: Zapdos\n|-damage|p1a: Zapdos|49/100\n|\n|-weather|Sandstorm|[upkeep]\n|-damage|p1a: Zapdos|43/100|[from] Sandstorm\n|upkeep\n|turn|28\n|\n|t:|1771222132\n|switch|p2a: EggChan|Chansey, F, shiny|50/100\n|move|p1a: Zapdos|Roost|p1a: Zapdos\n|-heal|p1a: Zapdos|93/100\n|-singleturn|p1a: Zapdos|move: Roost\n|\n|-weather|Sandstorm|[upkeep]\n|-damage|p1a: Zapdos|87/100|[from] Sandstorm\n|-damage|p2a: EggChan|44/100|[from] Sandstorm\n|upkeep\n|turn|29\n|\n|t:|1771222139\n|move|p1a: Zapdos|Defog|p2a: EggChan\n|-unboost|p2a: EggChan|evasion|1\n|-sideend|p1: AyyOmega|Spikes|[from] move: Defog|[of] p1a: Zapdos\n|-sideend|p1: AyyOmega|Stealth Rock|[from] move: Defog|[of] p1a: Zapdos\n|move|p2a: EggChan|Toxic|p1a: Zapdos\n|-status|p1a: Zapdos|tox\n|\n|-weather|none\n|-damage|p1a: Zapdos|81/100 tox|[from] psn\n|upkeep\n|turn|30\n|\n|t:|1771222144\n|move|p1a: Zapdos|Volt Switch|p2a: EggChan\n|-damage|p2a: EggChan|36/100\n|\n|t:|1771222148\n|switch|p1a: Tyranitar|Tyranitar-Mega, F|36/100|[from] Volt Switch\n|-weather|Sandstorm|[from] ability: Sand Stream|[of] p1a: Tyranitar\n|move|p2a: EggChan|Soft-Boiled|p2a: EggChan\n|-heal|p2a: EggChan|86/100\n|\n|-weather|Sandstorm|[upkeep]\n|-damage|p2a: EggChan|80/100|[from] Sandstorm\n|upkeep\n|turn|31\n|\n|t:|1771222156\n|switch|p2a: Poison|Gliscor, F, shiny|100/100 tox\n|move|p1a: Tyranitar|Knock Off|p2a: Poison\n|-damage|p2a: Poison|51/100 tox\n|-enditem|p2a: Poison|Toxic Orb|[from] move: Knock Off|[of] p1a: Tyranitar\n|\n|-weather|Sandstorm|[upkeep]\n|-heal|p2a: Poison|64/100 tox|[from] ability: Poison Heal\n|upkeep\n|turn|32\n|\n|t:|1771222169\n|switch|p1a: Alomomola|Alomomola, M|92/100 brn\n|move|p2a: Poison|Protect||[still]\n|-fail|p2a: Poison\n|\n|-weather|Sandstorm|[upkeep]\n|-damage|p1a: Alomomola|86/100 brn|[from] Sandstorm\n|-heal|p2a: Poison|76/100 tox|[from] ability: Poison Heal\n|-damage|p1a: Alomomola|80/100 brn|[from] brn\n|upkeep\n|turn|33\n|\n|t:|1771222172\n|move|p2a: Poison|Spikes|p1a: Alomomola\n|-sidestart|p1: AyyOmega|Spikes\n|move|p1a: Alomomola|Flip Turn|p2a: Poison\n|-supereffective|p2a: Poison\n|-damage|p2a: Poison|64/100 tox\n|\n|t:|1771222175\n|switch|p1a: Tapu Koko|Tapu Koko|34/100|[from] Flip Turn\n|-damage|p1a: Tapu Koko|22/100|[from] Spikes\n|-fieldstart|move: Electric Terrain|[from] ability: Electric Surge|[of] p1a: Tapu Koko\n|\n|-weather|Sandstorm|[upkeep]\n|-damage|p1a: Tapu Koko|16/100|[from] Sandstorm\n|-heal|p2a: Poison|76/100 tox|[from] ability: Poison Heal\n|upkeep\n|turn|34\n|\n|t:|1771222182\n|move|p2a: Poison|Protect|p2a: Poison\n|-singleturn|p2a: Poison|Protect\n|move|p1a: Tapu Koko|U-turn|p2a: Poison\n|-activate|p2a: Poison|move: Protect\n|\n|-weather|none\n|-heal|p2a: Poison|89/100 tox|[from] ability: Poison Heal\n|upkeep\n|turn|35\n|\n|t:|1771222185\n|move|p1a: Tapu Koko|U-turn|p2a: Poison\n|-resisted|p2a: Poison\n|-damage|p2a: Poison|82/100 tox\n|\n|t:|1771222189\n|switch|p1a: Zapdos|Zapdos|81/100 tox|[from] U-turn\n|move|p2a: Poison|Spikes|p1a: Zapdos\n|-sidestart|p1: AyyOmega|Spikes\n|\n|-damage|p1a: Zapdos|75/100 tox|[from] psn\n|-heal|p2a: Poison|95/100 tox|[from] ability: Poison Heal\n|upkeep\n|turn|36\n|\n|t:|1771222196\n|move|p2a: Poison|Protect|p2a: Poison\n|-singleturn|p2a: Poison|Protect\n|move|p1a: Zapdos|Defog|p2a: Poison\n|-activate|p2a: Poison|move: Protect\n|\n|-damage|p1a: Zapdos|63/100 tox|[from] psn\n|-heal|p2a: Poison|100/100 tox|[from] ability: Poison Heal\n|upkeep\n|turn|37\n|\n|t:|1771222202\n|move|p1a: Zapdos|Defog|p2a: Poison\n|-unboost|p2a: Poison|evasion|1\n|-sideend|p1: AyyOmega|Spikes|[from] move: Defog|[of] p1a: Zapdos\n|-fieldend|move: Electric Terrain\n|move|p2a: Poison|Spikes|p1a: Zapdos\n|-sidestart|p1: AyyOmega|Spikes\n|\n|-damage|p1a: Zapdos|45/100 tox|[from] psn\n|upkeep\n|turn|38\n|c|☆riderzitto5|GG\n|\n|t:|1771222216\n|switch|p1a: Garchomp|Garchomp, M|84/100\n|-damage|p1a: Garchomp|71/100|[from] Spikes\n|move|p2a: Poison|Spikes|p1a: Garchomp\n|-sidestart|p1: AyyOmega|Spikes\n|\n|upkeep\n|turn|39\n|\n|t:|1771222220\n|switch|p2a: Timid|Sableye-Mega, F, shiny|100/100\n|move|p1a: Garchomp|Dragon Tail|p2a: Timid\n|-damage|p2a: Timid|83/100\n|drag|p2a: hehhehe|Clodsire, F, shiny|27/100\n|\n|-heal|p2a: hehhehe|33/100|[from] item: Black Sludge\n|upkeep\n|turn|40\n|\n|t:|1771222226\n|switch|p2a: Timid|Sableye-Mega, F, shiny|83/100\n|move|p1a: Garchomp|Dragon Tail|p2a: Timid|[miss]\n|-miss|p1a: Garchomp|p2a: Timid\n|\n|upkeep\n|turn|41\n|\n|t:|1771222232\n|move|p2a: Timid|Knock Off|p1a: Garchomp\n|-damage|p1a: Garchomp|48/100\n|-damage|p2a: Timid|70/100|[from] ability: Rough Skin|[of] p1a: Garchomp\n|-damage|p2a: Timid|54/100|[from] item: Rocky Helmet|[of] p1a: Garchomp\n|-enditem|p1a: Garchomp|Rocky Helmet|[from] move: Knock Off|[of] p2a: Timid\n|move|p1a: Garchomp|Dragon Tail|p2a: Timid\n|-damage|p2a: Timid|37/100\n|drag|p2a: ThePex|Toxapex, F, shiny|100/100\n|\n|upkeep\n|turn|42\n|\n|t:|1771222245\n|switch|p2a: Timid|Sableye-Mega, F, shiny|37/100\n|move|p1a: Garchomp|Earthquake|p2a: Timid\n|-damage|p2a: Timid|6/100\n|\n|upkeep\n|turn|43\n|\n|t:|1771222251\n|move|p2a: Timid|Protect|p2a: Timid\n|-singleturn|p2a: Timid|Protect\n|move|p1a: Garchomp|Dragon Tail|p2a: Timid\n|-activate|p2a: Timid|move: Protect\n|\n|upkeep\n|turn|44\n|\n|t:|1771222255\n|move|p1a: Garchomp|Earthquake|p2a: Timid\n|-damage|p2a: Timid|0 fnt\n|faint|p2a: Timid\n|detailschange|p2: Timid|Sableye, F, shiny|[silent]\n|\n|upkeep\n|\n|t:|1771222264\n|switch|p2a: Fish|Dondozo, M, shiny|48/100 par\n|turn|45\n|\n|t:|1771222268\n|switch|p1a: Tapu Koko|Tapu Koko|16/100\n|-damage|p1a: Tapu Koko|0 fnt|[from] Spikes\n|faint|p1a: Tapu Koko\n|move|p2a: Fish|Rest|p2a: Fish\n|-status|p2a: Fish|slp|[from] move: Rest\n|-heal|p2a: Fish|100/100 slp|[silent]\n|\n|upkeep\n|\n|t:|1771222273\n|switch|p1a: Iron Valiant|Iron Valiant|71/100\n|-damage|p1a: Iron Valiant|55/100|[from] Spikes\n|turn|46\n|\n|t:|1771222282\n|switch|p2a: ThePex|Toxapex, F, shiny|100/100\n|move|p1a: Iron Valiant|Aura Sphere|p2a: ThePex\n|-resisted|p2a: ThePex\n|-damage|p2a: ThePex|76/100\n|\n|upkeep\n|turn|47\n|\n|t:|1771222290\n|-end|p1a: Iron Valiant|Quark Drive|[silent]\n|switch|p1a: Garchomp|Garchomp, M|48/100\n|-damage|p1a: Garchomp|32/100|[from] Spikes\n|move|p2a: ThePex|Toxic Spikes|p1a: Garchomp\n|-sidestart|p1: AyyOmega|move: Toxic Spikes\n|\n|upkeep\n|turn|48\n|\n|t:|1771222303\n|switch|p2a: Poison|Gliscor, F, shiny|100/100 tox\n|move|p1a: Garchomp|Earthquake|p2a: Poison\n|-immune|p2a: Poison\n|\n|upkeep\n|turn|49\n|\n|t:|1771222308\n|switch|p1a: Alomomola|Alomomola, M|100/100 brn\n|-damage|p1a: Alomomola|84/100 brn|[from] Spikes\n|move|p2a: Poison|Knock Off|p1a: Alomomola\n|-damage|p1a: Alomomola|75/100 brn\n|\n|-damage|p1a: Alomomola|69/100 brn|[from] brn\n|upkeep\n|turn|50\n|\n|t:|1771222310\n|move|p2a: Poison|Spikes|p1a: Alomomola\n|-sidestart|p1: AyyOmega|Spikes\n|move|p1a: Alomomola|Flip Turn|p2a: Poison\n|-supereffective|p2a: Poison\n|-damage|p2a: Poison|87/100 tox\n|\n|t:|1771222312\n|switch|p1a: Zapdos|Zapdos|45/100 tox|[from] Flip Turn\n|\n|-damage|p1a: Zapdos|39/100 tox|[from] psn\n|-heal|p2a: Poison|99/100 tox|[from] ability: Poison Heal\n|upkeep\n|turn|51\n|\n|t:|1771222319\n|move|p1a: Zapdos|Roost|p1a: Zapdos\n|-heal|p1a: Zapdos|89/100 tox\n|-singleturn|p1a: Zapdos|move: Roost\n|move|p2a: Poison|Spikes||[still]\n|-fail|p2a: Poison\n|\n|-damage|p1a: Zapdos|77/100 tox|[from] psn\n|-heal|p2a: Poison|100/100 tox|[from] ability: Poison Heal\n|upkeep\n|turn|52\n|\n|t:|1771222322\n|move|p2a: Poison|Protect|p2a: Poison\n|-singleturn|p2a: Poison|Protect\n|move|p1a: Zapdos|Defog|p2a: Poison\n|-activate|p2a: Poison|move: Protect\n|\n|-damage|p1a: Zapdos|59/100 tox|[from] psn\n|upkeep\n|turn|53\n|j| corvipelon\n|\n|t:|1771222326\n|move|p1a: Zapdos|Defog|p2a: Poison\n|-unboost|p2a: Poison|evasion|1\n|-sideend|p1: AyyOmega|Spikes|[from] move: Defog|[of] p1a: Zapdos\n|-sideend|p1: AyyOmega|Toxic Spikes|[from] move: Defog|[of] p1a: Zapdos\n|move|p2a: Poison|Spikes|p1a: Zapdos\n|-sidestart|p1: AyyOmega|Spikes\n|\n|-damage|p1a: Zapdos|35/100 tox|[from] psn\n|upkeep\n|turn|54\n|l| corvipelon\n|\n|t:|1771222328\n|move|p1a: Zapdos|Roost|p1a: Zapdos\n|-heal|p1a: Zapdos|85/100 tox\n|-singleturn|p1a: Zapdos|move: Roost\n|move|p2a: Poison|Spikes|p1a: Zapdos\n|-sidestart|p1: AyyOmega|Spikes\n|\n|-damage|p1a: Zapdos|55/100 tox|[from] psn\n|upkeep\n|turn|55\n|\n|t:|1771222330\n|switch|p1a: Alomomola|Alomomola, M|100/100 brn\n|-damage|p1a: Alomomola|84/100 brn|[from] Spikes\n|move|p2a: Poison|Spikes|p1a: Alomomola\n|-sidestart|p1: AyyOmega|Spikes\n|\n|-damage|p1a: Alomomola|78/100 brn|[from] brn\n|upkeep\n|turn|56\n|j| corvipelon\n|\n|t:|1771222340\n|move|p2a: Poison|Knock Off|p1a: Alomomola\n|-crit|p1a: Alomomola\n|-damage|p1a: Alomomola|65/100 brn\n|move|p1a: Alomomola|Flip Turn|p2a: Poison\n|-supereffective|p2a: Poison\n|-damage|p2a: Poison|88/100 tox\n|\n|t:|1771222348\n|switch|p1a: Zapdos|Zapdos|55/100 tox|[from] Flip Turn\n|\n|-damage|p1a: Zapdos|49/100 tox|[from] psn\n|-heal|p2a: Poison|99/100 tox|[from] ability: Poison Heal\n|upkeep\n|turn|57\n|\n|t:|1771222352\n|move|p1a: Zapdos|Defog|p2a: Poison\n|-unboost|p2a: Poison|evasion|1\n|-sideend|p1: AyyOmega|Spikes|[from] move: Defog|[of] p1a: Zapdos\n|move|p2a: Poison|Knock Off|p1a: Zapdos\n|-damage|p1a: Zapdos|38/100 tox\n|\n|-damage|p1a: Zapdos|26/100 tox|[from] psn\n|-heal|p2a: Poison|100/100 tox|[from] ability: Poison Heal\n|upkeep\n|turn|58\n|\n|t:|1771222354\n|move|p1a: Zapdos|Roost|p1a: Zapdos\n|-heal|p1a: Zapdos|76/100 tox\n|-singleturn|p1a: Zapdos|move: Roost\n|move|p2a: Poison|Spikes|p1a: Zapdos\n|-sidestart|p1: AyyOmega|Spikes\n|\n|-damage|p1a: Zapdos|58/100 tox|[from] psn\n|upkeep\n|turn|59\n|\n|t:|1771222364\n|switch|p1a: Alomomola|Alomomola, M|98/100 brn\n|-damage|p1a: Alomomola|85/100 brn|[from] Spikes\n|move|p2a: Poison|Spikes|p1a: Alomomola\n|-sidestart|p1: AyyOmega|Spikes\n|\n|-damage|p1a: Alomomola|79/100 brn|[from] brn\n|upkeep\n|turn|60\n|\n|t:|1771222369\n|move|p2a: Poison|Spikes|p1a: Alomomola\n|-sidestart|p1: AyyOmega|Spikes\n|move|p1a: Alomomola|Scald|p2a: Poison\n|-supereffective|p2a: Poison\n|-damage|p2a: Poison|75/100 tox\n|\n|-heal|p2a: Poison|87/100 tox|[from] ability: Poison Heal\n|-damage|p1a: Alomomola|73/100 brn|[from] brn\n|upkeep\n|turn|61\n|\n|t:|1771222378\n|move|p2a: Poison|Knock Off|p1a: Alomomola\n|-damage|p1a: Alomomola|64/100 brn\n|move|p1a: Alomomola|Scald|p2a: Poison\n|-supereffective|p2a: Poison\n|-damage|p2a: Poison|65/100 tox\n|\n|-heal|p2a: Poison|77/100 tox|[from] ability: Poison Heal\n|-damage|p1a: Alomomola|58/100 brn|[from] brn\n|upkeep\n|turn|62\n|\n|t:|1771222385\n|move|p2a: Poison|Knock Off|p1a: Alomomola\n|-damage|p1a: Alomomola|49/100 brn\n|move|p1a: Alomomola|Scald|p2a: Poison\n|-supereffective|p2a: Poison\n|-damage|p2a: Poison|52/100 tox\n|\n|-heal|p2a: Poison|64/100 tox|[from] ability: Poison Heal\n|-damage|p1a: Alomomola|43/100 brn|[from] brn\n|upkeep\n|turn|63\n|\n|t:|1771222396\n|move|p2a: Poison|Knock Off|p1a: Alomomola\n|-damage|p1a: Alomomola|33/100 brn\n|move|p1a: Alomomola|Flip Turn|p2a: Poison\n|-supereffective|p2a: Poison\n|-damage|p2a: Poison|50/100 tox\n|\n|t:|1771222408\n|switch|p1a: Iron Valiant|Iron Valiant|55/100|[from] Flip Turn\n|-damage|p1a: Iron Valiant|30/100|[from] Spikes\n|\n|-heal|p2a: Poison|63/100 tox|[from] ability: Poison Heal\n|upkeep\n|turn|64\n|\n|t:|1771222415\n|move|p2a: Poison|Protect|p2a: Poison\n|-singleturn|p2a: Poison|Protect\n|move|p1a: Iron Valiant|Moonblast|p2a: Poison\n|-activate|p2a: Poison|move: Protect\n|\n|-heal|p2a: Poison|75/100 tox|[from] ability: Poison Heal\n|upkeep\n|turn|65\n|\n|t:|1771222427\n|-end|p1a: Iron Valiant|Quark Drive|[silent]\n|switch|p1a: Zapdos|Zapdos|58/100 tox\n|switch|p2a: ThePex|Toxapex, F, shiny|100/100\n|\n|-damage|p1a: Zapdos|52/100 tox|[from] psn\n|upkeep\n|turn|66\n|\n|t:|1771222432\n|move|p1a: Zapdos|Defog|p2a: ThePex\n|-unboost|p2a: ThePex|evasion|1\n|-sideend|p1: AyyOmega|Spikes|[from] move: Defog|[of] p1a: Zapdos\n|move|p2a: ThePex|Sludge Bomb|p1a: Zapdos\n|-damage|p1a: Zapdos|32/100 tox\n|\n|-damage|p1a: Zapdos|20/100 tox|[from] psn\n|upkeep\n|turn|67\n|\n|t:|1771222437\n|switch|p1a: Garchomp|Garchomp, M|32/100\n|move|p2a: ThePex|Sludge Bomb|p1a: Garchomp\n|-resisted|p1a: Garchomp\n|-damage|p1a: Garchomp|25/100\n|\n|upkeep\n|turn|68\n|\n|t:|1771222441\n|switch|p2a: Poison|Gliscor, F, shiny|75/100 tox\n|move|p1a: Garchomp|Dragon Tail|p2a: Poison\n|-damage|p2a: Poison|55/100 tox\n|drag|p2a: hehhehe|Clodsire, F, shiny|33/100\n|\n|-heal|p2a: hehhehe|39/100|[from] item: Black Sludge\n|upkeep\n|turn|69\n|\n|t:|1771222452\n|switch|p2a: Fish|Dondozo, M, shiny|100/100 slp\n|move|p1a: Garchomp|Dragon Tail|p2a: Fish\n|-damage|p2a: Fish|89/100 slp\n|drag|p2a: Poison|Gliscor, F, shiny|55/100 tox\n|\n|-heal|p2a: Poison|68/100 tox|[from] ability: Poison Heal\n|upkeep\n|turn|70\n|\n|t:|1771222459\n|move|p2a: Poison|Protect|p2a: Poison\n|-singleturn|p2a: Poison|Protect\n|move|p1a: Garchomp|Stealth Rock|p2a: Poison\n|-sidestart|p2: riderzitto5|move: Stealth Rock\n|\n|-heal|p2a: Poison|80/100 tox|[from] ability: Poison Heal\n|upkeep\n|turn|71\n|\n|t:|1771222466\n|move|p2a: Poison|Spikes|p1a: Garchomp\n|-sidestart|p1: AyyOmega|Spikes\n|move|p1a: Garchomp|Dragon Tail|p2a: Poison\n|-damage|p2a: Poison|61/100 tox\n|drag|p2a: hehhehe|Clodsire, F, shiny|39/100\n|-damage|p2a: hehhehe|33/100|[from] Stealth Rock\n|\n|-heal|p2a: hehhehe|39/100|[from] item: Black Sludge\n|upkeep\n|turn|72\n|\n|t:|1771222476\n|switch|p2a: Fish|Dondozo, M, shiny|89/100 slp\n|-damage|p2a: Fish|76/100 slp|[from] Stealth Rock\n|move|p1a: Garchomp|Earthquake|p2a: Fish\n|-damage|p2a: Fish|58/100 slp\n|\n|upkeep\n|turn|73\n|\n|t:|1771222481\n|cant|p2a: Fish|slp\n|move|p2a: Fish|Sleep Talk|p2a: Fish\n|move|p2a: Fish|Rest||[from] move: Sleep Talk|[still]\n|-fail|p2a: Fish\n|move|p1a: Garchomp|Dragon Tail|p2a: Fish\n|-damage|p2a: Fish|47/100 slp\n|drag|p2a: EggChan|Chansey, F, shiny|80/100\n|-damage|p2a: EggChan|67/100|[from] Stealth Rock\n|\n|upkeep\n|turn|74\n|\n|t:|1771222493\n|move|p2a: EggChan|Wish|p2a: EggChan\n|move|p1a: Garchomp|Dragon Tail|p2a: EggChan\n|-damage|p2a: EggChan|48/100\n|drag|p2a: Fish|Dondozo, M, shiny|47/100 slp\n|-damage|p2a: Fish|35/100 slp|[from] Stealth Rock\n|\n|upkeep\n|turn|75\n|\n|t:|1771222500\n|cant|p2a: Fish|slp\n|move|p2a: Fish|Sleep Talk|p2a: Fish\n|move|p2a: Fish|Curse|p2a: Fish|[from] move: Sleep Talk\n|-unboost|p2a: Fish|spe|1\n|-boost|p2a: Fish|atk|1\n|-boost|p2a: Fish|def|1\n|move|p1a: Garchomp|Dragon Tail|p2a: Fish\n|-damage|p2a: Fish|26/100 slp\n|drag|p2a: hehhehe|Clodsire, F, shiny|39/100\n|-damage|p2a: hehhehe|33/100|[from] Stealth Rock\n|\n|-heal|p2a: hehhehe|100/100|[from] move: Wish|[wisher] EggChan\n|upkeep\n|turn|76\n|\n|t:|1771222512\n|move|p1a: Garchomp|Earthquake|p2a: hehhehe\n|-supereffective|p2a: hehhehe\n|-crit|p2a: hehhehe\n|-damage|p2a: hehhehe|0 fnt\n|faint|p2a: hehhehe\n|\n|upkeep\n|\n|t:|1771222518\n|switch|p2a: EggChan|Chansey, F, shiny|48/100\n|-damage|p2a: EggChan|36/100|[from] Stealth Rock\n|turn|77\n|\n|t:|1771222525\n|move|p2a: EggChan|Soft-Boiled|p2a: EggChan\n|-heal|p2a: EggChan|86/100\n|move|p1a: Garchomp|Dragon Tail|p2a: EggChan\n|-damage|p2a: EggChan|68/100\n|drag|p2a: ThePex|Toxapex, F, shiny|100/100\n|-damage|p2a: ThePex|88/100|[from] Stealth Rock\n|\n|upkeep\n|turn|78\n|\n|t:|1771222531\n|move|p1a: Garchomp|Earthquake|p2a: ThePex\n|-supereffective|p2a: ThePex\n|-damage|p2a: ThePex|28/100\n|move|p2a: ThePex|Scald|p1a: Garchomp\n|-damage|p1a: Garchomp|14/100\n|\n|upkeep\n|turn|79\n|\n|t:|1771222538\n|switch|p2a: Poison|Gliscor, F, shiny|61/100 tox\n|-damage|p2a: Poison|49/100 tox|[from] Stealth Rock\n|move|p1a: Garchomp|Dragon Tail|p2a: Poison\n|-damage|p2a: Poison|28/100 tox\n|drag|p2a: Fish|Dondozo, M, shiny|26/100 slp\n|-damage|p2a: Fish|14/100 slp|[from] Stealth Rock\n|\n|upkeep\n|turn|80\n|\n|t:|1771222546\n|move|p1a: Garchomp|Earthquake|p2a: Fish\n|-damage|p2a: Fish|0 fnt\n|faint|p2a: Fish\n|\n|upkeep\n|\n|t:|1771222554\n|switch|p2a: Poison|Gliscor, F, shiny|28/100 tox\n|-damage|p2a: Poison|16/100 tox|[from] Stealth Rock\n|turn|81\n|\n|t:|1771222557\n|move|p2a: Poison|Protect|p2a: Poison\n|-singleturn|p2a: Poison|Protect\n|move|p1a: Garchomp|Dragon Tail|p2a: Poison\n|-activate|p2a: Poison|move: Protect\n|\n|-heal|p2a: Poison|28/100 tox|[from] ability: Poison Heal\n|upkeep\n|turn|82\n|\n|t:|1771222562\n|move|p2a: Poison|Knock Off|p1a: Garchomp\n|-damage|p1a: Garchomp|2/100\n|-damage|p2a: Poison|16/100 tox|[from] ability: Rough Skin|[of] p1a: Garchomp\n|move|p1a: Garchomp|Dragon Tail|p2a: Poison\n|-damage|p2a: Poison|0 fnt\n|faint|p2a: Poison\n|\n|upkeep\n|\n|t:|1771222566\n|switch|p2a: EggChan|Chansey, F, shiny|68/100\n|-damage|p2a: EggChan|56/100|[from] Stealth Rock\n|turn|83\n|\n|t:|1771222570\n|move|p1a: Garchomp|Earthquake|p2a: EggChan\n|-damage|p2a: EggChan|24/100\n|move|p2a: EggChan|Seismic Toss|p1a: Garchomp\n|-damage|p1a: Garchomp|0 fnt\n|-damage|p2a: EggChan|12/100|[from] ability: Rough Skin|[of] p1a: Garchomp\n|faint|p1a: Garchomp\n|\n|upkeep\n|\n|t:|1771222577\n|switch|p1a: Iron Valiant|Iron Valiant|30/100\n|-damage|p1a: Iron Valiant|17/100|[from] Spikes\n|turn|84\n|l| corvipelon\n|c|☆AyyOmega|gg indeed\n|\n|t:|1771222583\n|switch|p2a: ThePex|Toxapex, F, shiny|62/100\n|-damage|p2a: ThePex|49/100|[from] Stealth Rock\n|move|p1a: Iron Valiant|Thunderbolt|p2a: ThePex\n|-supereffective|p2a: ThePex\n|-damage|p2a: ThePex|0 fnt\n|faint|p2a: ThePex\n|\n|upkeep\n|\n|t:|1771222586\n|switch|p2a: EggChan|Chansey, F, shiny|12/100\n|-damage|p2a: EggChan|0 fnt|[from] Stealth Rock\n|faint|p2a: EggChan\n|\n|win|AyyOmega\n|raw|AyyOmega's rating: 1672 &rarr; <strong>1700</strong><br />(+28 for winning)\n|raw|riderzitto5's rating: 1811 &rarr; <strong>1783</strong><br />(-28 for losing)\n|l|☆riderzitto5\n|player|p2|\n|l|☆AyyOmega\n|player|p1|\n", "uploadtime": 1771222589, "views": 6, "formatid": "gen9nationaldex", "rating": 1700, "private": 0, "password": null}