{"id": "gen9nationaldex-2540941180", "format": "[Gen 9] National Dex", "players": ["zKaori", "so88"], "log": "|j|☆zKaori\n|j|☆so88\n|t:|1771269262\n|gametype|singles\n|player|p1|zKaori|wally|1638\n|player|p2|so88|101|1547\n|gen|9\n|tier|[Gen 9] National Dex\n|rated|\n|rule|HP Percentage Mod: HP is shown in percentages\n|rule|Endless Battle Clause: Forcing endless battles is banned\n|rule|Species Clause: Limit one of each Pokémon\n|rule|OHKO Clause: OHKO moves are banned\n|rule|Evasion Clause: Evasion abilities, items, and moves are banned\n|rule|Evasion Abilities Clause: Evasion abilities are banned\n|rule|Evasion Items Clause: Evasion items are banned\n|rule|Evasion Moves Clause: Evasion moves are banned\n|rule|Sleep Clause Mod: Limit one foe put to sleep\n|rule|Terastal Clause: You cannot Terastallize\n|clearpoke\n|poke|p1|Zamazenta-*|\n|poke|p1|Corviknight, M|\n|poke|p1|Polteageist|\n|poke|p1|Cloyster, F|\n|poke|p1|Great Tusk|\n|poke|p1|Altaria, M|\n|poke|p2|Iron Valiant|\n|poke|p2|Lopunny, M|\n|poke|p2|Iron Treads|\n|poke|p2|Tapu Koko|\n|poke|p2|Zapdos|\n|poke|p2|Alomomola, M|\n|teampreview\n|inactive|Battle timer is ON: inactive players will automatically lose when time's up. (requested by so88)\n|\n|t:|1771269312\n|teamsize|p1|6\n|teamsize|p2|6\n|start\n|switch|p1a: Zamazenta|Zamazenta|100/100\n|switch|p2a: Tapu Koko|Tapu Koko|100/100\n|-ability|p1a: Zamazenta|Dauntless Shield|boost\n|-boost|p1a: Zamazenta|def|1\n|-fieldstart|move: Electric Terrain|[from] ability: Electric Surge|[of] p2a: Tapu Koko\n|turn|1\n|\n|t:|1771269326\n|move|p1a: Zamazenta|Light Screen|p1a: Zamazenta\n|-sidestart|p1: zKaori|move: Light Screen\n|move|p2a: Tapu Koko|Dazzling Gleam|p1a: Zamazenta\n|-supereffective|p1a: Zamazenta\n|-damage|p1a: Zamazenta|73/100\n|\n|upkeep\n|turn|2\n|\n|t:|1771269333\n|move|p1a: Zamazenta|Reflect|p1a: Zamazenta\n|-sidestart|p1: zKaori|Reflect\n|move|p2a: Tapu Koko|Dazzling Gleam|p1a: Zamazenta\n|-supereffective|p1a: Zamazenta\n|-damage|p1a: Zamazenta|48/100\n|\n|upkeep\n|turn|3\n|\n|t:|1771269336\n|move|p1a: Zamazenta|Body Press|p2a: Tapu Koko\n|-resisted|p2a: Tapu Koko\n|-damage|p2a: Tapu Koko|71/100\n|move|p2a: Tapu Koko|Dazzling Gleam|p1a: Zamazenta\n|-supereffective|p1a: Zamazenta\n|-damage|p1a: Zamazenta|21/100\n|\n|upkeep\n|turn|4\n|\n|t:|1771269339\n|move|p1a: Zamazenta|Body Press|p2a: Tapu Koko\n|-resisted|p2a: Tapu Koko\n|-damage|p2a: Tapu Koko|41/100\n|move|p2a: Tapu Koko|Dazzling Gleam|p1a: Zamazenta\n|-supereffective|p1a: Zamazenta\n|-damage|p1a: Zamazenta|0 fnt\n|faint|p1a: Zamazenta\n|\n|upkeep\n|\n|t:|1771269351\n|switch|p1a: Corviknight|Corviknight, M|100/100\n|turn|5\n|\n|t:|1771269356\n|-zpower|p2a: Tapu Koko\n|move|p2a: Tapu Koko|Gigavolt Havoc|p1a: Corviknight|[zeffect]\n|-supereffective|p1a: Corviknight\n|-damage|p1a: Corviknight|26/100\n|-enditem|p1a: Corviknight|Weakness Policy\n|-boost|p1a: Corviknight|atk|2|[from] item: Weakness Policy\n|-boost|p1a: Corviknight|spa|2|[from] item: Weakness Policy\n|move|p1a: Corviknight|Agility|p1a: Corviknight\n|-boost|p1a: Corviknight|spe|2\n|\n|-fieldend|move: Electric Terrain\n|upkeep\n|turn|6\n|\n|t:|1771269366\n|move|p2a: Tapu Koko|Thunderbolt|p1a: Corviknight\n|-supereffective|p1a: Corviknight\n|-damage|p1a: Corviknight|0 fnt\n|faint|p1a: Corviknight\n|\n|upkeep\n|\n|t:|1771269369\n|switch|p1a: Great Tusk|Great Tusk|100/100\n|-enditem|p1a: Great Tusk|Booster Energy\n|-activate|p1a: Great Tusk|ability: Protosynthesis|[fromitem]\n|-start|p1a: Great Tusk|protosynthesisspe\n|turn|7\n|\n|t:|1771269373\n|switch|p2a: Zapdos|Zapdos|100/100\n|move|p1a: Great Tusk|Headlong Rush|p2a: Zapdos\n|-immune|p2a: Zapdos\n|\n|upkeep\n|turn|8\n|\n|t:|1771269376\n|move|p1a: Great Tusk|Bulk Up|p1a: Great Tusk\n|-boost|p1a: Great Tusk|atk|1\n|-boost|p1a: Great Tusk|def|1\n|move|p2a: Zapdos|Hurricane|p1a: Great Tusk\n|-supereffective|p1a: Great Tusk\n|-damage|p1a: Great Tusk|44/100\n|\n|-sideend|p1: zKaori|move: Light Screen\n|upkeep\n|turn|9\n|\n|t:|1771269378\n|move|p1a: Great Tusk|Ice Spinner|p2a: Zapdos\n|-supereffective|p2a: Zapdos\n|-damage|p2a: Zapdos|49/100\n|move|p2a: Zapdos|Hurricane|p1a: Great Tusk\n|-supereffective|p1a: Great Tusk\n|-damage|p1a: Great Tusk|0 fnt\n|faint|p1a: Great Tusk\n|-end|p1a: Great Tusk|Protosynthesis|[silent]\n|\n|-sideend|p1: zKaori|Reflect\n|upkeep\n|\n|t:|1771269384\n|switch|p1a: Polteageist|Polteageist|100/100\n|turn|10\n|\n|t:|1771269386\n|move|p1a: Polteageist|Shell Smash|p1a: Polteageist\n|-unboost|p1a: Polteageist|def|1\n|-unboost|p1a: Polteageist|spd|1\n|-boost|p1a: Polteageist|atk|2\n|-boost|p1a: Polteageist|spa|2\n|-boost|p1a: Polteageist|spe|2\n|-enditem|p1a: Polteageist|White Herb\n|-clearnegativeboost|p1a: Polteageist|[silent]\n|move|p2a: Zapdos|Volt Switch|p1a: Polteageist\n|-crit|p1a: Polteageist\n|-damage|p1a: Polteageist|48/100\n|\n|t:|1771269388\n|switch|p2a: Lopunny|Lopunny, M|100/100|[from] Volt Switch\n|\n|upkeep\n|turn|11\n|\n|t:|1771269396\n|detailschange|p2a: Lopunny|Lopunny-Mega, M\n|-mega|p2a: Lopunny|Lopunny|Lopunnite\n|move|p2a: Lopunny|Fake Out|p1a: Polteageist\n|-damage|p1a: Polteageist|12/100\n|cant|p1a: Polteageist|flinch\n|\n|upkeep\n|turn|12\n|\n|t:|1771269400\n|move|p2a: Lopunny|Quick Attack|p1a: Polteageist\n|-damage|p1a: Polteageist|0 fnt\n|faint|p1a: Polteageist\n|\n|upkeep\n|\n|t:|1771269403\n|switch|p1a: Altaria|Altaria, M|100/100\n|turn|13\n|\n|t:|1771269406\n|switch|p2a: Tapu Koko|Tapu Koko|41/100\n|-fieldstart|move: Electric Terrain|[from] ability: Electric Surge|[of] p2a: Tapu Koko\n|detailschange|p1a: Altaria|Altaria-Mega, M\n|-mega|p1a: Altaria|Altaria|Altarianite\n|move|p1a: Altaria|Dragon Dance|p1a: Altaria\n|-boost|p1a: Altaria|atk|1\n|-boost|p1a: Altaria|spe|1\n|\n|upkeep\n|turn|14\n|\n|t:|1771269409\n|move|p1a: Altaria|Earthquake|p2a: Tapu Koko\n|-supereffective|p2a: Tapu Koko\n|-damage|p2a: Tapu Koko|0 fnt\n|faint|p2a: Tapu Koko\n|\n|upkeep\n|\n|t:|1771269410\n|switch|p2a: Iron Valiant|Iron Valiant|100/100\n|-activate|p2a: Iron Valiant|ability: Quark Drive\n|-start|p2a: Iron Valiant|quarkdrivespa\n|turn|15\n|\n|t:|1771269417\n|move|p1a: Altaria|Frustration|p2a: Iron Valiant\n|-supereffective|p2a: Iron Valiant\n|-damage|p2a: Iron Valiant|0 fnt\n|faint|p2a: Iron Valiant\n|-end|p2a: Iron Valiant|Quark Drive|[silent]\n|\n|upkeep\n|\n|t:|1771269425\n|switch|p2a: Zapdos|Zapdos|49/100\n|turn|16\n|\n|t:|1771269427\n|move|p1a: Altaria|Frustration|p2a: Zapdos\n|-damage|p2a: Zapdos|0 fnt\n|-status|p1a: Altaria|par|[from] ability: Static|[of] p2a: Zapdos\n|faint|p2a: Zapdos\n|\n|upkeep\n|\n|t:|1771269435\n|switch|p2a: Lopunny|Lopunny-Mega, M|100/100\n|turn|17\n|\n|t:|1771269438\n|move|p2a: Lopunny|Fake Out|p1a: Altaria\n|-damage|p1a: Altaria|76/100 par\n|cant|p1a: Altaria|flinch\n|\n|-fieldend|move: Electric Terrain\n|upkeep\n|turn|18\n|\n|t:|1771269442\n|switch|p2a: Iron Treads|Iron Treads|100/100\n|cant|p1a: Altaria|par\n|\n|upkeep\n|turn|19\n|\n|t:|1771269446\n|move|p2a: Iron Treads|Earthquake|p1a: Altaria\n|-damage|p1a: Altaria|34/100 par\n|move|p1a: Altaria|Earthquake|p2a: Iron Treads\n|-supereffective|p2a: Iron Treads\n|-damage|p2a: Iron Treads|25/100\n|\n|-heal|p2a: Iron Treads|31/100|[from] item: Leftovers\n|upkeep\n|turn|20\n|\n|t:|1771269450\n|move|p2a: Iron Treads|Earthquake|p1a: Altaria\n|-damage|p1a: Altaria|0 fnt\n|faint|p1a: Altaria\n|detailschange|p1: Altaria|Altaria, M|[silent]\n|\n|-heal|p2a: Iron Treads|37/100|[from] item: Leftovers\n|upkeep\n|\n|t:|1771269452\n|switch|p1a: Cloyster|Cloyster, F|100/100\n|turn|21\n|\n|t:|1771269454\n|move|p2a: Iron Treads|Earthquake|p1a: Cloyster\n|-damage|p1a: Cloyster|68/100\n|move|p1a: Cloyster|Shell Smash|p1a: Cloyster\n|-unboost|p1a: Cloyster|def|1\n|-unboost|p1a: Cloyster|spd|1\n|-boost|p1a: Cloyster|atk|2\n|-boost|p1a: Cloyster|spa|2\n|-boost|p1a: Cloyster|spe|2\n|\n|-heal|p2a: Iron Treads|43/100|[from] item: Leftovers\n|upkeep\n|turn|22\n|\n|t:|1771269457\n|move|p1a: Cloyster|Icicle Spear|p2a: Iron Treads\n|-damage|p2a: Iron Treads|25/100\n|-damage|p2a: Iron Treads|9/100\n|-damage|p2a: Iron Treads|0 fnt\n|faint|p2a: Iron Treads\n|-end|p2a: Iron Treads|Quark Drive|[silent]\n|-hitcount|p2: Iron Treads|3\n|\n|upkeep\n|\n|t:|1771269459\n|switch|p2a: Lopunny|Lopunny-Mega, M|100/100\n|turn|23\n|\n|t:|1771269461\n|move|p2a: Lopunny|Fake Out|p1a: Cloyster\n|-damage|p1a: Cloyster|39/100\n|cant|p1a: Cloyster|flinch\n|\n|upkeep\n|turn|24\n|\n|t:|1771269466\n|switch|p2a: Alomomola|Alomomola, M|100/100\n|move|p1a: Cloyster|Icicle Spear|p2a: Alomomola\n|-resisted|p2a: Alomomola\n|-damage|p2a: Alomomola|91/100\n|-resisted|p2a: Alomomola\n|-damage|p2a: Alomomola|83/100\n|-resisted|p2a: Alomomola\n|-damage|p2a: Alomomola|73/100\n|-resisted|p2a: Alomomola\n|-damage|p2a: Alomomola|64/100\n|-resisted|p2a: Alomomola\n|-damage|p2a: Alomomola|55/100\n|-hitcount|p2a: Alomomola|5\n|\n|upkeep\n|turn|25\n|\n|t:|1771269471\n|move|p1a: Cloyster|Substitute|p1a: Cloyster\n|-start|p1a: Cloyster|Substitute\n|-damage|p1a: Cloyster|14/100\n|move|p2a: Alomomola|Knock Off|p1a: Cloyster\n|-crit|p1a: Cloyster\n|-activate|p1a: Cloyster|move: Substitute|[damage]\n|\n|upkeep\n|turn|26\n|\n|t:|1771269489\n|move|p2a: Alomomola|Aqua Jet|p1a: Cloyster\n|-resisted|p1a: Cloyster\n|-end|p1a: Cloyster|Substitute\n|-zpower|p1a: Cloyster\n|move|p1a: Cloyster|Tectonic Rage|p2a: Alomomola|[zeffect]\n|-damage|p2a: Alomomola|0 fnt\n|faint|p2a: Alomomola\n|\n|upkeep\n|\n|t:|1771269492\n|switch|p2a: Lopunny|Lopunny-Mega, M|100/100\n|turn|27\n|-message|zKaori forfeited.\n|\n|win|so88\n|raw|zKaori's rating: 1638 &rarr; <strong>1613</strong><br />(-25 for losing)\n|raw|so88's rating: 1547 &rarr; <strong>1572</strong><br />(+25 for winning)\n|l|☆zKaori\n|player|p1|\n|l|☆so88\n|player|p2|\n", "uploadtime": 1771269746, "views": 1, "formatid": "gen9nationaldex", "rating": 1572, "private": 0, "password": null}