{"id": "gen9nationaldex-2540694572", "format": "[Gen 9] National Dex", "players": ["Feb.Shunran_春岚", "lizzylamorte"], "log": "|j|☆Feb.Shunran_春岚\n|j|☆lizzylamorte\n|t:|1771241526\n|gametype|singles\n|player|p1|Feb.Shunran_春岚|169|1694\n|player|p2|lizzylamorte|1|1544\n|gen|9\n|tier|[Gen 9] National Dex\n|rated|\n|rule|HP Percentage Mod: HP is shown in percentages\n|rule|Endless Battle Clause: Forcing endless battles is banned\n|rule|Species Clause: Limit one of each Pokémon\n|rule|OHKO Clause: OHKO moves are banned\n|rule|Evasion Clause: Evasion abilities, items, and moves are banned\n|rule|Evasion Abilities Clause: Evasion abilities are banned\n|rule|Evasion Items Clause: Evasion items are banned\n|rule|Evasion Moves Clause: Evasion moves are banned\n|rule|Sleep Clause Mod: Limit one foe put to sleep\n|rule|Terastal Clause: You cannot Terastallize\n|clearpoke\n|poke|p1|Ogerpon-Wellspring, F|\n|poke|p1|Garchomp, M|\n|poke|p1|Terapagos, M|\n|poke|p1|Banette, M|\n|poke|p1|Zamazenta-*|\n|poke|p1|Celesteela|\n|poke|p2|Corsola-Galar, M|\n|poke|p2|Grimmsnarl, M|\n|poke|p2|Araquanid, F|\n|poke|p2|Iron Hands|\n|poke|p2|Jirachi|\n|poke|p2|Tapu Lele|\n|teampreview\n|inactive|Battle timer is ON: inactive players will automatically lose when time's up. (requested by lizzylamorte)\n|\n|t:|1771241533\n|teamsize|p1|6\n|teamsize|p2|6\n|start\n|switch|p1a: 战斗爽|Zamazenta|100/100\n|switch|p2a: Nasty Boy|Grimmsnarl, M|100/100\n|-ability|p1a: 战斗爽|Dauntless Shield|boost\n|-boost|p1a: 战斗爽|def|1\n|turn|1\n|\n|t:|1771241545\n|move|p2a: Nasty Boy|Taunt|p1a: 战斗爽\n|-start|p1a: 战斗爽|move: Taunt\n|move|p1a: 战斗爽|Close Combat|p2a: Nasty Boy\n|-damage|p2a: Nasty Boy|22/100\n|-unboost|p1a: 战斗爽|def|1\n|-unboost|p1a: 战斗爽|spd|1\n|\n|upkeep\n|turn|2\n|\n|t:|1771241559\n|move|p2a: Nasty Boy|Reflect|p2a: Nasty Boy\n|-sidestart|p2: lizzylamorte|Reflect\n|move|p1a: 战斗爽|Close Combat|p2a: Nasty Boy\n|-damage|p2a: Nasty Boy|0 fnt\n|-unboost|p1a: 战斗爽|def|1\n|-unboost|p1a: 战斗爽|spd|1\n|faint|p2a: Nasty Boy\n|\n|upkeep\n|\n|t:|1771241564\n|switch|p2a: Puppies|Jirachi|100/100\n|turn|3\n|l|☆Feb.Shunran_春岚\n|inactive|Feb.Shunran_春岚 disconnected and has a minute to reconnect!\n|player|p1|\n|j|☆Feb.Shunran_春岚\n|inactive|Feb.Shunran_春岚 reconnected and has 105 seconds left.\n|player|p1|Feb.Shunran_春岚|169|\n|\n|t:|1771241616\n|switch|p1a: 谁家小孩|Banette, M|100/100\n|-item|p2a: Puppies|Leftovers|[from] ability: Frisk|[of] p1a: 谁家小孩\n|move|p2a: Puppies|Iron Defense|p2a: Puppies\n|-boost|p2a: Puppies|def|2\n|\n|upkeep\n|turn|4\n|\n|t:|1771241624\n|detailschange|p1a: 谁家小孩|Banette-Mega, M\n|-mega|p1a: 谁家小孩|Banette|Banettite\n|move|p1a: 谁家小孩|Encore|p2a: Puppies\n|-start|p2a: Puppies|Encore\n|move|p2a: Puppies|Iron Defense|p2a: Puppies\n|-boost|p2a: Puppies|def|2\n|\n|upkeep\n|turn|5\n|\n|t:|1771241631\n|move|p2a: Puppies|Iron Defense|p2a: Puppies\n|-boost|p2a: Puppies|def|2\n|move|p1a: 谁家小孩|Poltergeist|p2a: Puppies\n|-activate|p2a: Puppies|move: Poltergeist|Leftovers\n|-supereffective|p2a: Puppies\n|-damage|p2a: Puppies|87/100\n|\n|-heal|p2a: Puppies|93/100|[from] item: Leftovers\n|upkeep\n|turn|6\n|inactive|Feb.Shunran_春岚 has 120 seconds left.\n|\n|t:|1771241643\n|move|p2a: Puppies|Iron Defense|p2a: Puppies\n|-boost|p2a: Puppies|def|0\n|move|p1a: 谁家小孩|Poltergeist|p2a: Puppies\n|-activate|p2a: Puppies|move: Poltergeist|Leftovers\n|-supereffective|p2a: Puppies\n|-damage|p2a: Puppies|79/100\n|\n|-heal|p2a: Puppies|86/100|[from] item: Leftovers\n|-end|p2a: Puppies|Encore\n|upkeep\n|turn|7\n|\n|t:|1771241656\n|move|p1a: 谁家小孩|Encore|p2a: Puppies\n|-start|p2a: Puppies|Encore\n|move|p2a: Puppies|Iron Defense|p2a: Puppies\n|-boost|p2a: Puppies|def|0\n|\n|-heal|p2a: Puppies|92/100|[from] item: Leftovers\n|upkeep\n|turn|8\n|\n|t:|1771241663\n|switch|p1a: 龟内|Terapagos, M|100/100\n|-activate|p1a: 龟内|ability: Tera Shift\n|detailschange|p1a: 龟内|Terapagos-Terastal, M\n|-heal|p1a: 龟内|100/100|[silent]\n|move|p2a: Puppies|Iron Defense|p2a: Puppies\n|-boost|p2a: Puppies|def|0\n|\n|-heal|p2a: Puppies|98/100|[from] item: Leftovers\n|upkeep\n|turn|9\n|\n|t:|1771241668\n|move|p1a: 龟内|Rapid Spin|p2a: Puppies\n|-resisted|p2a: Puppies\n|-damage|p2a: Puppies|97/100\n|-boost|p1a: 龟内|spe|1\n|move|p2a: Puppies|Iron Defense|p2a: Puppies\n|-boost|p2a: Puppies|def|0\n|\n|-heal|p2a: Puppies|100/100|[from] item: Leftovers\n|-end|p2a: Puppies|Encore\n|-sideend|p2: lizzylamorte|Reflect\n|upkeep\n|turn|10\n|\n|t:|1771241671\n|move|p1a: 龟内|Earth Power|p2a: Puppies\n|-supereffective|p2a: Puppies\n|-damage|p2a: Puppies|58/100\n|move|p2a: Puppies|Calm Mind|p2a: Puppies\n|-boost|p2a: Puppies|spa|1\n|-boost|p2a: Puppies|spd|1\n|\n|-heal|p2a: Puppies|65/100|[from] item: Leftovers\n|upkeep\n|turn|11\n|\n|t:|1771241676\n|move|p1a: 龟内|Earth Power|p2a: Puppies\n|-supereffective|p2a: Puppies\n|-damage|p2a: Puppies|38/100\n|-unboost|p2a: Puppies|spd|1\n|move|p2a: Puppies|Wish|p2a: Puppies\n|\n|-heal|p2a: Puppies|44/100|[from] item: Leftovers\n|upkeep\n|turn|12\n|\n|t:|1771241679\n|move|p1a: 龟内|Earth Power|p2a: Puppies\n|-supereffective|p2a: Puppies\n|-damage|p2a: Puppies|2/100\n|move|p2a: Puppies|Calm Mind|p2a: Puppies\n|-boost|p2a: Puppies|spa|1\n|-boost|p2a: Puppies|spd|1\n|\n|-heal|p2a: Puppies|52/100|[from] move: Wish|[wisher] Puppies\n|-heal|p2a: Puppies|58/100|[from] item: Leftovers\n|upkeep\n|turn|13\n|\n|t:|1771241687\n|move|p1a: 龟内|Earth Power|p2a: Puppies\n|-supereffective|p2a: Puppies\n|-damage|p2a: Puppies|30/100\n|move|p2a: Puppies|Wish|p2a: Puppies\n|\n|-heal|p2a: Puppies|36/100|[from] item: Leftovers\n|upkeep\n|turn|14\n|\n|t:|1771241692\n|move|p1a: 龟内|Earth Power|p2a: Puppies\n|-supereffective|p2a: Puppies\n|-damage|p2a: Puppies|7/100\n|move|p2a: Puppies|Calm Mind|p2a: Puppies\n|-boost|p2a: Puppies|spa|1\n|-boost|p2a: Puppies|spd|1\n|\n|-heal|p2a: Puppies|57/100|[from] move: Wish|[wisher] Puppies\n|-heal|p2a: Puppies|64/100|[from] item: Leftovers\n|upkeep\n|turn|15\n|\n|t:|1771241695\n|switch|p1a: 谁家小孩|Banette-Mega, M|100/100\n|move|p2a: Puppies|Wish|p2a: Puppies\n|\n|-heal|p2a: Puppies|70/100|[from] item: Leftovers\n|upkeep\n|turn|16\n|\n|t:|1771241699\n|move|p1a: 谁家小孩|Encore|p2a: Puppies\n|-start|p2a: Puppies|Encore\n|move|p2a: Puppies|Wish||[still]\n|-fail|p2a: Puppies\n|\n|-heal|p2a: Puppies|100/100|[from] move: Wish|[wisher] Puppies\n|upkeep\n|turn|17\n|\n|t:|1771241705\n|move|p1a: 谁家小孩|Shadow Sneak|p2a: Puppies\n|-supereffective|p2a: Puppies\n|-damage|p2a: Puppies|91/100\n|move|p2a: Puppies|Wish|p2a: Puppies\n|\n|-heal|p2a: Puppies|97/100|[from] item: Leftovers\n|upkeep\n|turn|18\n|\n|t:|1771241709\n|move|p1a: 谁家小孩|Shadow Sneak|p2a: Puppies\n|-supereffective|p2a: Puppies\n|-damage|p2a: Puppies|87/100\n|move|p2a: Puppies|Wish||[still]\n|-fail|p2a: Puppies\n|\n|-heal|p2a: Puppies|100/100|[from] move: Wish|[wisher] Puppies\n|-end|p2a: Puppies|Encore\n|upkeep\n|turn|19\n|\n|t:|1771241714\n|move|p1a: 谁家小孩|Encore|p2a: Puppies\n|-start|p2a: Puppies|Encore\n|move|p2a: Puppies|Wish|p2a: Puppies\n|\n|upkeep\n|turn|20\n|\n|t:|1771241719\n|switch|p1a: 龟内|Terapagos-Terastal, M|100/100\n|move|p2a: Puppies|Wish||[still]\n|-fail|p2a: Puppies\n|\n|upkeep\n|turn|21\n|\n|t:|1771241724\n|move|p1a: 龟内|Earth Power|p2a: Puppies\n|-supereffective|p2a: Puppies\n|-damage|p2a: Puppies|79/100\n|move|p2a: Puppies|Wish|p2a: Puppies\n|\n|-heal|p2a: Puppies|85/100|[from] item: Leftovers\n|-end|p2a: Puppies|Encore\n|upkeep\n|turn|22\n|\n|t:|1771241731\n|move|p1a: 龟内|Earth Power|p2a: Puppies\n|-supereffective|p2a: Puppies\n|-damage|p2a: Puppies|64/100\n|move|p2a: Puppies|Stored Power|p1a: 龟内\n|-activate|p1a: 龟内|ability: Tera Shell\n|-resisted|p1a: 龟内\n|-damage|p1a: 龟内|4/100\n|\n|-heal|p2a: Puppies|100/100|[from] move: Wish|[wisher] Puppies\n|upkeep\n|turn|23\n|\n|t:|1771241744\n|move|p1a: 龟内|Earth Power|p2a: Puppies\n|-supereffective|p2a: Puppies\n|-damage|p2a: Puppies|79/100\n|move|p2a: Puppies|Stored Power|p1a: 龟内\n|-damage|p1a: 龟内|0 fnt\n|faint|p1a: 龟内\n|\n|-heal|p2a: Puppies|85/100|[from] item: Leftovers\n|upkeep\n|\n|t:|1771241747\n|switch|p1a: 谁家小孩|Banette-Mega, M|100/100\n|turn|24\n|\n|t:|1771241754\n|move|p1a: 谁家小孩|Destiny Bond|p1a: 谁家小孩\n|-singlemove|p1a: 谁家小孩|Destiny Bond\n|move|p2a: Puppies|Wish|p2a: Puppies\n|\n|-heal|p2a: Puppies|91/100|[from] item: Leftovers\n|upkeep\n|turn|25\n|\n|t:|1771241763\n|move|p2a: Puppies|Stored Power|p1a: 谁家小孩\n|-damage|p1a: 谁家小孩|0 fnt\n|faint|p1a: 谁家小孩\n|-activate|p1a: 谁家小孩|move: Destiny Bond\n|detailschange|p1: 谁家小孩|Banette, M|[silent]\n|faint|p2a: Puppies\n|\n|upkeep\n|\n|t:|1771241772\n|switch|p2a: Bugg|Araquanid, F|100/100\n|switch|p1a: 战斗爽|Zamazenta|100/100\n|turn|26\n|\n|t:|1771241778\n|move|p1a: 战斗爽|Stone Edge|p2a: Bugg\n|-supereffective|p2a: Bugg\n|-damage|p2a: Bugg|17/100\n|move|p2a: Bugg|Liquidation|p1a: 战斗爽\n|-damage|p1a: 战斗爽|29/100\n|\n|upkeep\n|turn|27\n|\n|t:|1771241785\n|move|p1a: 战斗爽|Crunch|p2a: Bugg\n|-damage|p2a: Bugg|0 fnt\n|faint|p2a: Bugg\n|\n|upkeep\n|\n|t:|1771241797\n|switch|p2a: Lolo|Tapu Lele, shiny|100/100\n|-fieldstart|move: Psychic Terrain|[from] ability: Psychic Surge|[of] p2a: Lolo\n|turn|28\n|\n|t:|1771241802\n|switch|p2a: Fisto|Iron Hands|100/100\n|move|p1a: 战斗爽|Crunch|p2a: Fisto\n|-resisted|p2a: Fisto\n|-damage|p2a: Fisto|92/100\n|-unboost|p2a: Fisto|def|1\n|\n|-heal|p2a: Fisto|98/100|[from] item: Leftovers\n|upkeep\n|turn|29\n|\n|t:|1771241810\n|move|p1a: 战斗爽|Close Combat|p2a: Fisto\n|-damage|p2a: Fisto|41/100\n|-unboost|p1a: 战斗爽|def|1\n|-unboost|p1a: 战斗爽|spd|1\n|move|p2a: Fisto|Swords Dance|p2a: Fisto\n|-boost|p2a: Fisto|atk|2\n|\n|-heal|p2a: Fisto|48/100|[from] item: Leftovers\n|upkeep\n|turn|30\n|\n|t:|1771241820\n|-end|p2a: Fisto|Quark Drive|[silent]\n|switch|p2a: Fucked Up Babyboy|Corsola-Galar, M|100/100\n|move|p1a: 战斗爽|Close Combat|p2a: Fucked Up Babyboy\n|-immune|p2a: Fucked Up Babyboy\n|\n|upkeep\n|turn|31\n|\n|t:|1771241827\n|switch|p1a: 大筒木|Celesteela|100/100\n|move|p2a: Fucked Up Babyboy|Night Shade|p1a: 大筒木\n|-damage|p1a: 大筒木|71/100\n|\n|upkeep\n|turn|32\n|\n|t:|1771241832\n|move|p1a: 大筒木|Autotomize|p1a: 大筒木\n|-boost|p1a: 大筒木|spe|2\n|-start|p1a: 大筒木|Autotomize\n|move|p2a: Fucked Up Babyboy|Night Shade|p1a: 大筒木\n|-damage|p1a: 大筒木|41/100\n|\n|-fieldend|move: Psychic Terrain\n|upkeep\n|turn|33\n|\n|t:|1771241839\n|move|p1a: 大筒木|Meteor Beam||[still]\n|-prepare|p1a: 大筒木|Meteor Beam\n|-boost|p1a: 大筒木|spa|1\n|-enditem|p1a: 大筒木|Power Herb\n|-anim|p1a: 大筒木|Meteor Beam|p2a: Fucked Up Babyboy\n|-damage|p2a: Fucked Up Babyboy|72/100\n|move|p2a: Fucked Up Babyboy|Night Shade|p1a: 大筒木\n|-damage|p1a: 大筒木|11/100\n|\n|upkeep\n|turn|34\n|\n|t:|1771241848\n|move|p1a: 大筒木|Air Slash|p2a: Fucked Up Babyboy\n|-damage|p2a: Fucked Up Babyboy|42/100\n|-start|p1a: 大筒木|Disable|Air Slash|[from] ability: Cursed Body|[of] p2a: Fucked Up Babyboy\n|cant|p2a: Fucked Up Babyboy|flinch\n|\n|upkeep\n|turn|35\n|\n|t:|1771241854\n|move|p1a: 大筒木|Fire Blast|p2a: Fucked Up Babyboy\n|-damage|p2a: Fucked Up Babyboy|12/100\n|move|p2a: Fucked Up Babyboy|Strength Sap|p1a: 大筒木\n|-unboost|p1a: 大筒木|atk|1\n|-heal|p2a: Fucked Up Babyboy|70/100\n|\n|upkeep\n|turn|36\n|\n|t:|1771241862\n|move|p1a: 大筒木|Fire Blast|p2a: Fucked Up Babyboy\n|-crit|p2a: Fucked Up Babyboy\n|-damage|p2a: Fucked Up Babyboy|30/100\n|move|p2a: Fucked Up Babyboy|Night Shade|p1a: 大筒木\n|-damage|p1a: 大筒木|0 fnt\n|faint|p1a: 大筒木\n|\n|upkeep\n|\n|t:|1771241875\n|switch|p1a: 弟龙大仁|Garchomp, M|100/100\n|turn|37\n|\n|t:|1771241885\n|move|p1a: 弟龙大仁|Earthquake|p2a: Fucked Up Babyboy\n|-damage|p2a: Fucked Up Babyboy|0 fnt\n|faint|p2a: Fucked Up Babyboy\n|\n|upkeep\n|\n|t:|1771241897\n|switch|p2a: Lolo|Tapu Lele, shiny|100/100\n|-fieldstart|move: Psychic Terrain|[from] ability: Psychic Surge|[of] p2a: Lolo\n|turn|38\n|\n|t:|1771241901\n|move|p2a: Lolo|Moonblast|p1a: 弟龙大仁\n|-supereffective|p1a: 弟龙大仁\n|-damage|p1a: 弟龙大仁|0 fnt\n|faint|p1a: 弟龙大仁\n|\n|upkeep\n|\n|t:|1771241904\n|switch|p1a: 变脸扣5豆（悲）|Ogerpon-Wellspring, F|100/100\n|turn|39\n|\n|t:|1771241908\n|move|p2a: Lolo|Moonblast|p1a: 变脸扣5豆（悲）\n|-damage|p1a: 变脸扣5豆（悲）|44/100\n|move|p1a: 变脸扣5豆（悲）|Ivy Cudgel|p2a: Lolo|[anim] Ivy Cudgel Water\n|-damage|p2a: Lolo|4/100\n|\n|upkeep\n|turn|40\n|\n|t:|1771241913\n|move|p2a: Lolo|Moonblast|p1a: 变脸扣5豆（悲）\n|-damage|p1a: 变脸扣5豆（悲）|0 fnt\n|faint|p1a: 变脸扣5豆（悲）\n|\n|upkeep\n|\n|t:|1771241915\n|switch|p1a: 战斗爽|Zamazenta|29/100\n|turn|41\n|\n|t:|1771241920\n|move|p2a: Lolo|Moonblast|p1a: 战斗爽\n|-supereffective|p1a: 战斗爽\n|-crit|p1a: 战斗爽\n|-damage|p1a: 战斗爽|0 fnt\n|faint|p1a: 战斗爽\n|\n|win|lizzylamorte\n|raw|Feb.Shunran_春岚's rating: 1694 &rarr; <strong>1666</strong><br />(-28 for losing)\n|raw|lizzylamorte's rating: 1544 &rarr; <strong>1572</strong><br />(+28 for winning)\n|l|☆Feb.Shunran_春岚\n|player|p1|\n", "uploadtime": 1771242214, "views": 8, "formatid": "gen9nationaldex", "rating": 1572, "private": 0, "password": null}