{"id": "gen9nationaldex-2540575740", "format": "[Gen 9] National Dex", "players": ["ajdrawshq", "Bungeleid"], "log": "|j|☆ajdrawshq\n|j|☆Bungeleid\n|t:|1771220557\n|gametype|singles\n|player|p1|ajdrawshq|silver|1665\n|player|p2|Bungeleid|boarder|1604\n|gen|9\n|tier|[Gen 9] National Dex\n|rated|\n|rule|HP Percentage Mod: HP is shown in percentages\n|rule|Endless Battle Clause: Forcing endless battles is banned\n|rule|Species Clause: Limit one of each Pokémon\n|rule|OHKO Clause: OHKO moves are banned\n|rule|Evasion Clause: Evasion abilities, items, and moves are banned\n|rule|Evasion Abilities Clause: Evasion abilities are banned\n|rule|Evasion Items Clause: Evasion items are banned\n|rule|Evasion Moves Clause: Evasion moves are banned\n|rule|Sleep Clause Mod: Limit one foe put to sleep\n|rule|Terastal Clause: You cannot Terastallize\n|clearpoke\n|poke|p1|Charizard, F|\n|poke|p1|Iron Valiant|\n|poke|p1|Ribombee, F|\n|poke|p1|Victini|\n|poke|p1|Corviknight, F|\n|poke|p1|Raging Bolt|\n|poke|p2|Latios, M|\n|poke|p2|Zamazenta-*|\n|poke|p2|Gholdengo|\n|poke|p2|Samurott-Hisui, M|\n|poke|p2|Landorus-Therian, M|\n|poke|p2|Cinderace, M|\n|teampreview\n|inactive|Battle timer is ON: inactive players will automatically lose when time's up. (requested by ajdrawshq)\n|j| Arorever Love\n|l| Arorever Love\n|\n|t:|1771220574\n|teamsize|p1|6\n|teamsize|p2|6\n|start\n|switch|p1a: Ralsei|Ribombee, F|100/100\n|switch|p2a: Garfield|Landorus-Therian, M|100/100\n|-ability|p2a: Garfield|Intimidate|boost\n|-unboost|p1a: Ralsei|atk|1\n|turn|1\n|\n|t:|1771220578\n|move|p1a: Ralsei|Moonblast|p2a: Garfield\n|-damage|p2a: Garfield|58/100\n|move|p2a: Garfield|Stealth Rock|p1a: Ralsei\n|-sidestart|p1: ajdrawshq|move: Stealth Rock\n|\n|upkeep\n|turn|2\n|\n|t:|1771220583\n|move|p1a: Ralsei|Moonblast|p2a: Garfield\n|-damage|p2a: Garfield|11/100\n|-unboost|p2a: Garfield|spa|1\n|move|p2a: Garfield|Taunt|p1a: Ralsei\n|-start|p1a: Ralsei|move: Taunt\n|\n|upkeep\n|turn|3\n|\n|t:|1771220588\n|switch|p2a: Hat Rabbit|Cinderace, M|100/100\n|move|p1a: Ralsei|Moonblast|p2a: Hat Rabbit\n|-resisted|p2a: Hat Rabbit\n|-damage|p2a: Hat Rabbit|72/100\n|-unboost|p2a: Hat Rabbit|spa|1\n|\n|upkeep\n|turn|4\n|\n|t:|1771220592\n|move|p1a: Ralsei|Hidden Power|p2a: Hat Rabbit\n|-supereffective|p2a: Hat Rabbit\n|-damage|p2a: Hat Rabbit|26/100\n|move|p2a: Hat Rabbit|Pyro Ball|p1a: Ralsei\n|-supereffective|p1a: Ralsei\n|-enditem|p1a: Ralsei|Focus Sash\n|-damage|p1a: Ralsei|1/100\n|\n|upkeep\n|turn|5\n|\n|t:|1771220597\n|switch|p2a: Garfield|Landorus-Therian, M|11/100\n|-ability|p2a: Garfield|Intimidate|boost\n|-unboost|p1a: Ralsei|atk|1\n|move|p1a: Ralsei|Moonblast|p2a: Garfield\n|-damage|p2a: Garfield|0 fnt\n|faint|p2a: Garfield\n|\n|-end|p1a: Ralsei|move: Taunt\n|upkeep\n|\n|t:|1771220599\n|switch|p2a: Samurai Sack|Samurott-Hisui, M|100/100\n|turn|6\n|\n|t:|1771220604\n|move|p2a: Samurai Sack|Ceaseless Edge|p1a: Ralsei\n|-resisted|p1a: Ralsei\n|-damage|p1a: Ralsei|0 fnt\n|-sidestart|p1: ajdrawshq|Spikes\n|faint|p1a: Ralsei\n|\n|upkeep\n|\n|t:|1771220608\n|switch|p1a: Kris|Iron Valiant|100/100\n|-damage|p1a: Kris|94/100|[from] Stealth Rock\n|-damage|p1a: Kris|82/100|[from] Spikes\n|turn|7\n|\n|t:|1771220615\n|move|p2a: Samurai Sack|Ceaseless Edge|p1a: Kris\n|-resisted|p1a: Kris\n|-damage|p1a: Kris|68/100\n|-sidestart|p1: ajdrawshq|Spikes\n|move|p1a: Kris|Moonblast|p2a: Samurai Sack\n|-supereffective|p2a: Samurai Sack\n|-damage|p2a: Samurai Sack|0 fnt\n|faint|p2a: Samurai Sack\n|-damage|p1a: Kris|58/100|[from] item: Life Orb\n|\n|upkeep\n|\n|t:|1771220617\n|switch|p2a: Hat Rabbit|Cinderace, M|26/100\n|turn|8\n|\n|t:|1771220621\n|move|p2a: Hat Rabbit|Pyro Ball|p1a: Kris\n|-damage|p1a: Kris|0 fnt\n|faint|p1a: Kris\n|-end|p1a: Kris|Quark Drive|[silent]\n|\n|upkeep\n|\n|t:|1771220628\n|switch|p1a: Charizard|Charizard, F|100/100\n|-damage|p1a: Charizard|51/100|[from] Stealth Rock\n|turn|9\n|\n|t:|1771220634\n|detailschange|p1a: Charizard|Charizard-Mega-X, F\n|-mega|p1a: Charizard|Charizard|Charizardite X\n|-zpower|p2a: Hat Rabbit\n|move|p2a: Hat Rabbit|Breakneck Blitz|p1a: Charizard|[zeffect]\n|-start|p2a: Hat Rabbit|typechange|Normal|[from] ability: Libero\n|-damage|p1a: Charizard|0 fnt\n|faint|p1a: Charizard\n|detailschange|p1: Charizard|Charizard, F|[silent]\n|\n|upkeep\n|\n|t:|1771220645\n|switch|p1a: Noelle|Victini|100/100\n|-damage|p1a: Noelle|76/100|[from] Stealth Rock\n|-damage|p1a: Noelle|59/100|[from] Spikes\n|turn|10\n|\n|t:|1771220648\n|move|p2a: Hat Rabbit|Double-Edge|p1a: Noelle\n|-damage|p1a: Noelle|0 fnt\n|faint|p1a: Noelle\n|-damage|p2a: Hat Rabbit|4/100|[from] Recoil\n|\n|upkeep\n|\n|t:|1771220655\n|switch|p1a: Tenna|Raging Bolt|100/100\n|-damage|p1a: Tenna|88/100|[from] Stealth Rock\n|-damage|p1a: Tenna|72/100|[from] Spikes\n|turn|11\n|\n|t:|1771220662\n|move|p2a: Hat Rabbit|Double-Edge|p1a: Tenna\n|-damage|p1a: Tenna|26/100\n|-damage|p2a: Hat Rabbit|0 fnt|[from] Recoil\n|faint|p2a: Hat Rabbit\n|move|p1a: Tenna|Thunderbolt|p2: Hat Rabbit|[notarget]\n|-fail|p1a: Tenna\n|\n|upkeep\n|\n|t:|1771220665\n|switch|p2a: Njau|Latios, M|100/100\n|turn|12\n|\n|t:|1771220668\n|detailschange|p2a: Njau|Latios-Mega, M\n|-mega|p2a: Njau|Latios|Latiosite\n|move|p2a: Njau|Luster Purge|p1a: Tenna\n|-damage|p1a: Tenna|0 fnt\n|faint|p1a: Tenna\n|-end|p1a: Tenna|Protosynthesis|[silent]\n|\n|upkeep\n|\n|t:|1771220671\n|switch|p1a: Roaring|Corviknight, F|100/100\n|-damage|p1a: Roaring|88/100|[from] Stealth Rock\n|turn|13\n|\n|t:|1771220673\n|move|p2a: Njau|Mystical Fire|p1a: Roaring\n|-supereffective|p1a: Roaring\n|-crit|p1a: Roaring\n|-damage|p1a: Roaring|0 fnt\n|faint|p1a: Roaring\n|\n|win|Bungeleid\n|raw|ajdrawshq's rating: 1665 &rarr; <strong>1642</strong><br />(-23 for losing)\n|raw|Bungeleid's rating: 1604 &rarr; <strong>1627</strong><br />(+23 for winning)\n|l|☆ajdrawshq\n|player|p1|\n|l|☆Bungeleid\n|player|p2|\n", "uploadtime": 1771220898, "views": 4, "formatid": "gen9nationaldex", "rating": 1627, "private": 0, "password": null}