{"id": "gen9nationaldex-2540624615", "format": "[Gen 9] National Dex", "players": ["konjiki2525毒", "WangShixiong"], "log": "|j|‽konjiki2525毒\n|j|‽WangShixiong\n|t:|1771229499\n|gametype|singles\n|player|p1|konjiki2525毒|proton|1735\n|player|p2|WangShixiong|cynthia-gen4|1837\n|gen|9\n|tier|[Gen 9] National Dex\n|rated|\n|rule|HP Percentage Mod: HP is shown in percentages\n|rule|Endless Battle Clause: Forcing endless battles is banned\n|rule|Species Clause: Limit one of each Pokémon\n|rule|OHKO Clause: OHKO moves are banned\n|rule|Evasion Clause: Evasion abilities, items, and moves are banned\n|rule|Evasion Abilities Clause: Evasion abilities are banned\n|rule|Evasion Items Clause: Evasion items are banned\n|rule|Evasion Moves Clause: Evasion moves are banned\n|rule|Sleep Clause Mod: Limit one foe put to sleep\n|rule|Terastal Clause: You cannot Terastallize\n|clearpoke\n|poke|p1|Cresselia, F|\n|poke|p1|Swellow, M|\n|poke|p1|Tapu Lele|\n|poke|p1|Dracozolt|\n|poke|p1|Crobat, M|\n|poke|p1|Houndoom, M|\n|poke|p2|Zamazenta-*|\n|poke|p2|Kingambit, M|\n|poke|p2|Ceruledge, F|\n|poke|p2|Landorus-Therian, M|\n|poke|p2|Diancie|\n|poke|p2|Ogerpon-Wellspring, F|\n|teampreview\n|inactive|Battle timer is ON: inactive players will automatically lose when time's up. (requested by WangShixiong)\n|\n|t:|1771229516\n|teamsize|p1|6\n|teamsize|p2|6\n|start\n|switch|p1a: Tapu Lele|Tapu Lele, shiny|100/100\n|switch|p2a: Diancie|Diancie, shiny|100/100\n|-fieldstart|move: Psychic Terrain|[from] ability: Psychic Surge|[of] p1a: Tapu Lele\n|turn|1\n|\n|t:|1771229534\n|detailschange|p2a: Diancie|Diancie-Mega, shiny\n|-mega|p2a: Diancie|Diancie|Diancite\n|move|p2a: Diancie|Diamond Storm|p1a: Tapu Lele\n|-damage|p1a: Tapu Lele|32/100\n|-boost|p2a: Diancie|def|2\n|move|p1a: Tapu Lele|Moonblast|p2a: Diancie\n|-damage|p2a: Diancie|0 fnt\n|faint|p2a: Diancie\n|detailschange|p2: Diancie|Diancie, shiny|[silent]\n|\n|upkeep\n|\n|t:|1771229536\n|switch|p2a: Ceruledge|Ceruledge, F|100/100\n|turn|2\n|\n|t:|1771229548\n|switch|p2a: Landorus|Landorus-Therian, M|100/100\n|-ability|p2a: Landorus|Intimidate|boost\n|-unboost|p1a: Tapu Lele|atk|1\n|switch|p1a: Houndoom|Houndoom, M|100/100\n|\n|upkeep\n|turn|3\n|\n|t:|1771229554\n|switch|p1a: Swellow|Swellow, M|100/100\n|move|p2a: Landorus|Stealth Rock|p1a: Swellow\n|-sidestart|p1: konjiki2525毒|move: Stealth Rock\n|\n|upkeep\n|turn|4\n|\n|t:|1771229559\n|move|p1a: Swellow|Defog|p2a: Landorus\n|-unboost|p2a: Landorus|evasion|1\n|-sideend|p1: konjiki2525毒|Stealth Rock|[from] move: Defog|[of] p1a: Swellow\n|-fieldend|move: Psychic Terrain\n|move|p2a: Landorus|Taunt|p1a: Swellow\n|-start|p1a: Swellow|move: Taunt\n|\n|upkeep\n|turn|5\n|\n|t:|1771229566\n|move|p1a: Swellow|Boomburst|p2a: Landorus\n|-damage|p2a: Landorus|30/100\n|move|p2a: Landorus|Stealth Rock|p1a: Swellow\n|-sidestart|p1: konjiki2525毒|move: Stealth Rock\n|\n|upkeep\n|turn|6\n|\n|t:|1771229571\n|switch|p2a: Kingambit|Kingambit, M|100/100\n|-activate|p2a: Kingambit|ability: Supreme Overlord\n|-start|p2a: Kingambit|fallen1|[silent]\n|-item|p2a: Kingambit|Air Balloon\n|move|p1a: Swellow|Boomburst|p2a: Kingambit\n|-resisted|p2a: Kingambit\n|-damage|p2a: Kingambit|70/100\n|-enditem|p2a: Kingambit|Air Balloon\n|\n|upkeep\n|turn|7\n|\n|t:|1771229581\n|move|p1a: Swellow|Boomburst|p2a: Kingambit\n|-resisted|p2a: Kingambit\n|-damage|p2a: Kingambit|40/100\n|move|p2a: Kingambit|Knock Off|p1a: Swellow\n|-enditem|p1a: Swellow|Focus Sash\n|-damage|p1a: Swellow|1/100\n|\n|-end|p1a: Swellow|move: Taunt\n|upkeep\n|turn|8\n|\n|t:|1771229589\n|move|p1a: Swellow|Defog|p2a: Kingambit\n|-unboost|p2a: Kingambit|evasion|1\n|-sideend|p1: konjiki2525毒|Stealth Rock|[from] move: Defog|[of] p1a: Swellow\n|move|p2a: Kingambit|Knock Off|p1a: Swellow\n|-damage|p1a: Swellow|0 fnt\n|faint|p1a: Swellow\n|\n|upkeep\n|\n|t:|1771229600\n|switch|p1a: Houndoom|Houndoom, M|100/100\n|turn|9\n|\n|t:|1771229605\n|-end|p2a: Kingambit|fallen1|[silent]\n|switch|p2a: Ogerpon|Ogerpon-Wellspring, F|100/100\n|detailschange|p1a: Houndoom|Houndoom-Mega, M\n|-mega|p1a: Houndoom|Houndoom|Houndoominite\n|move|p1a: Houndoom|Fire Blast|p2a: Ogerpon\n|-damage|p2a: Ogerpon|27/100\n|\n|upkeep\n|turn|10\n|\n|t:|1771229613\n|switch|p1a: Dracozolt|Dracozolt|100/100\n|move|p2a: Ogerpon|Ivy Cudgel|p1a: Dracozolt|[anim] Ivy Cudgel Water\n|-resisted|p1a: Dracozolt\n|-damage|p1a: Dracozolt|72/100\n|\n|upkeep\n|turn|11\n|\n|t:|1771229621\n|switch|p2a: Landorus|Landorus-Therian, M|30/100\n|-ability|p2a: Landorus|Intimidate|boost\n|-unboost|p1a: Dracozolt|atk|1\n|move|p1a: Dracozolt|Dragon Claw|p2a: Landorus|[miss]\n|-miss|p1a: Dracozolt|p2a: Landorus\n|\n|upkeep\n|turn|12\n|\n|t:|1771229628\n|switch|p1a: Crobat|Crobat, M|100/100\n|move|p2a: Landorus|Stealth Rock|p1a: Crobat\n|-sidestart|p1: konjiki2525毒|move: Stealth Rock\n|\n|upkeep\n|turn|13\n|\n|t:|1771229634\n|move|p1a: Crobat|Hurricane|p2a: Landorus\n|-damage|p2a: Landorus|0 fnt\n|faint|p2a: Landorus\n|\n|upkeep\n|\n|t:|1771229637\n|switch|p2a: Ceruledge|Ceruledge, F|100/100\n|turn|14\n|\n|t:|1771229641\n|-zpower|p1a: Crobat\n|move|p1a: Crobat|Supersonic Skystrike|p2a: Ceruledge|[zeffect]\n|-damage|p2a: Ceruledge|18/100\n|-zpower|p2a: Ceruledge\n|move|p2a: Ceruledge|Never-Ending Nightmare|p1a: Crobat|[zeffect]\n|-damage|p1a: Crobat|0 fnt\n|faint|p1a: Crobat\n|\n|upkeep\n|\n|t:|1771229653\n|switch|p1a: Houndoom|Houndoom-Mega, M|100/100\n|-damage|p1a: Houndoom|75/100|[from] Stealth Rock\n|turn|15\n|\n|t:|1771229659\n|switch|p2a: Kingambit|Kingambit, M|40/100\n|-activate|p2a: Kingambit|ability: Supreme Overlord\n|-start|p2a: Kingambit|fallen2|[silent]\n|move|p1a: Houndoom|Sludge Bomb|p2a: Kingambit\n|-immune|p2a: Kingambit\n|\n|upkeep\n|turn|16\n|\n|t:|1771229676\n|move|p2a: Kingambit|Sucker Punch|p1a: Houndoom\n|-resisted|p1a: Houndoom\n|-damage|p1a: Houndoom|42/100\n|move|p1a: Houndoom|Fire Blast|p2a: Kingambit\n|-supereffective|p2a: Kingambit\n|-damage|p2a: Kingambit|0 fnt\n|faint|p2a: Kingambit\n|-end|p2a: Kingambit|fallen2|[silent]\n|\n|upkeep\n|j| EZY6666\n|\n|t:|1771229678\n|switch|p2a: Ogerpon|Ogerpon-Wellspring, F|27/100\n|turn|17\n|\n|t:|1771229686\n|move|p2a: Ogerpon|Ivy Cudgel|p1a: Houndoom|[anim] Ivy Cudgel Water\n|-supereffective|p1a: Houndoom\n|-damage|p1a: Houndoom|0 fnt\n|faint|p1a: Houndoom\n|detailschange|p1: Houndoom|Houndoom, M|[silent]\n|\n|upkeep\n|\n|t:|1771229690\n|switch|p1a: Cresselia|Cresselia, F, shiny|100/100\n|-damage|p1a: Cresselia|88/100|[from] Stealth Rock\n|turn|18\n|\n|t:|1771229694\n|move|p2a: Ogerpon|Taunt|p1a: Cresselia\n|-start|p1a: Cresselia|move: Taunt\n|cant|p1a: Cresselia|move: Taunt|Trick Room\n|\n|upkeep\n|turn|19\n|\n|t:|1771229699\n|switch|p1a: Dracozolt|Dracozolt|72/100\n|-damage|p1a: Dracozolt|60/100|[from] Stealth Rock\n|move|p2a: Ogerpon|Ivy Cudgel|p1a: Dracozolt|[anim] Ivy Cudgel Water\n|-resisted|p1a: Dracozolt\n|-damage|p1a: Dracozolt|33/100\n|\n|upkeep\n|turn|20\n|\n|t:|1771229707\n|move|p2a: Ogerpon|Power Whip|p1a: Dracozolt\n|-resisted|p1a: Dracozolt\n|-damage|p1a: Dracozolt|0 fnt\n|faint|p1a: Dracozolt\n|\n|upkeep\n|\n|t:|1771229712\n|switch|p1a: Cresselia|Cresselia, F, shiny|88/100\n|-damage|p1a: Cresselia|76/100|[from] Stealth Rock\n|turn|21\n|\n|t:|1771229718\n|move|p2a: Ogerpon|Taunt|p1a: Cresselia\n|-start|p1a: Cresselia|move: Taunt\n|move|p1a: Cresselia|Moonblast|p2a: Ogerpon\n|-damage|p2a: Ogerpon|5/100\n|-unboost|p2a: Ogerpon|spa|1\n|\n|upkeep\n|turn|22\n|\n|t:|1771229726\n|switch|p2a: Ceruledge|Ceruledge, F|18/100\n|move|p1a: Cresselia|Moonblast|p2a: Ceruledge\n|-resisted|p2a: Ceruledge\n|-damage|p2a: Ceruledge|8/100\n|\n|upkeep\n|turn|23\n|\n|t:|1771229731\n|move|p2a: Ceruledge|Poltergeist|p1a: Cresselia\n|-activate|p1a: Cresselia|move: Poltergeist|Sitrus Berry\n|-supereffective|p1a: Cresselia\n|-damage|p1a: Cresselia|12/100\n|-enditem|p1a: Cresselia|Sitrus Berry|[eat]\n|-heal|p1a: Cresselia|37/100|[from] item: Sitrus Berry\n|move|p1a: Cresselia|Moonblast|p2a: Ceruledge\n|-resisted|p2a: Ceruledge\n|-damage|p2a: Ceruledge|0 fnt\n|faint|p2a: Ceruledge\n|\n|-end|p1a: Cresselia|move: Taunt\n|upkeep\n|\n|t:|1771229736\n|switch|p2a: Ogerpon|Ogerpon-Wellspring, F|5/100\n|turn|24\n|\n|t:|1771229744\n|move|p2a: Ogerpon|Power Whip|p1a: Cresselia\n|-damage|p1a: Cresselia|1/100\n|move|p1a: Cresselia|Trick Room|p1a: Cresselia\n|-fieldstart|move: Trick Room|[of] p1a: Cresselia\n|\n|upkeep\n|turn|25\n|\n|t:|1771229749\n|switch|p2a: Zamazenta|Zamazenta|100/100\n|-ability|p2a: Zamazenta|Dauntless Shield|boost\n|-boost|p2a: Zamazenta|def|1\n|move|p1a: Cresselia|Lunar Dance|p1a: Cresselia\n|faint|p1a: Cresselia\n|\n|upkeep\n|\n|t:|1771229756\n|switch|p1a: Tapu Lele|Tapu Lele, shiny|32/100\n|-heal|p1a: Tapu Lele|100/100|[from] move: Lunar Dance\n|-damage|p1a: Tapu Lele|88/100|[from] Stealth Rock\n|-fieldstart|move: Psychic Terrain|[from] ability: Psychic Surge|[of] p1a: Tapu Lele\n|turn|26\n|-message|WangShixiong forfeited.\n|\n|win|konjiki2525毒\n|raw|konjiki2525毒's rating: 1735 &rarr; <strong>1761</strong><br />(+26 for winning)\n|raw|WangShixiong's rating: 1837 &rarr; <strong>1811</strong><br />(-26 for losing)\n|l|‽WangShixiong\n|player|p2|\n|j|‽WangShixiong\n|player|p2|WangShixiong|cynthia-gen4|\n|l|‽konjiki2525毒\n|player|p1|\n|l|‽WangShixiong\n|player|p2|\n", "uploadtime": 1771229996, "views": 12, "formatid": "gen9nationaldex", "rating": 1761, "private": 0, "password": null}