{"id": "gen9nationaldex-2540429114", "format": "[Gen 9] National Dex", "players": ["CharlesSilverstein", "DriftedEx"], "log": "|j|☆CharlesSilverstein\n|j|☆DriftedEx\n|t:|1771200927\n|gametype|singles\n|player|p1|CharlesSilverstein|2|1704\n|player|p2|DriftedEx|rocketgrunt|1662\n|gen|9\n|tier|[Gen 9] National Dex\n|rated|\n|rule|HP Percentage Mod: HP is shown in percentages\n|rule|Endless Battle Clause: Forcing endless battles is banned\n|rule|Species Clause: Limit one of each Pokémon\n|rule|OHKO Clause: OHKO moves are banned\n|rule|Evasion Clause: Evasion abilities, items, and moves are banned\n|rule|Evasion Abilities Clause: Evasion abilities are banned\n|rule|Evasion Items Clause: Evasion items are banned\n|rule|Evasion Moves Clause: Evasion moves are banned\n|rule|Sleep Clause Mod: Limit one foe put to sleep\n|rule|Terastal Clause: You cannot Terastallize\n|clearpoke\n|poke|p1|Weavile, M|\n|poke|p1|Ogerpon-Wellspring, F|\n|poke|p1|Moltres|\n|poke|p1|Landorus-Therian, M|\n|poke|p1|Tapu Koko|\n|poke|p1|Hatterene, F|\n|poke|p2|Toxapex, F|\n|poke|p2|Lopunny, F|\n|poke|p2|Gliscor, F|\n|poke|p2|Clefable, F|\n|poke|p2|Kyurem|\n|poke|p2|Gholdengo|\n|teampreview\n|inactive|Battle timer is ON: inactive players will automatically lose when time's up. (requested by DriftedEx)\n|\n|t:|1771200947\n|teamsize|p1|6\n|teamsize|p2|6\n|start\n|switch|p1a: Landorus|Landorus-Therian, M|100/100\n|switch|p2a: Gholdengo|Gholdengo|100/100\n|-ability|p1a: Landorus|Intimidate|boost\n|-unboost|p2a: Gholdengo|atk|1\n|turn|1\n|\n|t:|1771200955\n|switch|p2a: Gliscor|Gliscor, F|100/100\n|move|p1a: Landorus|Stealth Rock|p2a: Gliscor\n|-sidestart|p2: DriftedEx|move: Stealth Rock\n|\n|-status|p2a: Gliscor|tox|[from] item: Toxic Orb\n|upkeep\n|turn|2\n|\n|t:|1771200961\n|move|p1a: Landorus|U-turn|p2a: Gliscor\n|-resisted|p2a: Gliscor\n|-damage|p2a: Gliscor|93/100 tox\n|\n|t:|1771200963\n|switch|p1a: Hatterene|Hatterene, F|100/100|[from] U-turn\n|move|p2a: Gliscor|Defog|p1a: Hatterene\n|move|p1a: Hatterene|Defog|p2a: Gliscor|[from] ability: Magic Bounce\n|-unboost|p2a: Gliscor|evasion|1\n|-sideend|p2: DriftedEx|Stealth Rock|[from] move: Defog|[of] p1a: Hatterene\n|\n|-heal|p2a: Gliscor|100/100 tox|[from] ability: Poison Heal\n|upkeep\n|turn|3\n|\n|t:|1771200971\n|move|p2a: Gliscor|Earthquake|p1a: Hatterene\n|-damage|p1a: Hatterene|70/100\n|move|p1a: Hatterene|Nuzzle|p2a: Gliscor\n|-immune|p2a: Gliscor\n|\n|upkeep\n|turn|4\n|\n|t:|1771200974\n|move|p2a: Gliscor|Earthquake|p1a: Hatterene\n|-damage|p1a: Hatterene|43/100\n|move|p1a: Hatterene|Pain Split|p2a: Gliscor\n|-sethp|p2a: Gliscor|70/100 tox|[from] move: Pain Split|[silent]\n|-sethp|p1a: Hatterene|77/100|[from] move: Pain Split\n|\n|-heal|p2a: Gliscor|82/100 tox|[from] ability: Poison Heal\n|upkeep\n|turn|5\n|\n|t:|1771200981\n|move|p2a: Gliscor|U-turn|p1a: Hatterene\n|-damage|p1a: Hatterene|65/100\n|-damage|p2a: Gliscor|66/100 tox|[from] item: Rocky Helmet|[of] p1a: Hatterene\n|\n|t:|1771200983\n|switch|p2a: Gholdengo|Gholdengo|100/100|[from] U-turn\n|move|p1a: Hatterene|Draining Kiss|p2a: Gholdengo\n|-resisted|p2a: Gholdengo\n|-damage|p2a: Gholdengo|87/100\n|-heal|p1a: Hatterene|75/100|[from] drain|[of] p2a: Gholdengo\n|\n|upkeep\n|turn|6\n|\n|t:|1771200992\n|switch|p1a: Moltres|Moltres|100/100\n|move|p2a: Gholdengo|Trick|p1a: Moltres\n|-activate|p2a: Gholdengo|move: Trick|[of] p1a: Moltres\n|-item|p1a: Moltres|Choice Scarf|[from] move: Trick\n|-item|p2a: Gholdengo|Heavy-Duty Boots|[from] move: Trick\n|\n|upkeep\n|turn|7\n|\n|t:|1771201020\n|switch|p2a: Toxapex|Toxapex, F|100/100\n|move|p1a: Moltres|Scorching Sands|p2a: Toxapex\n|-supereffective|p2a: Toxapex\n|-damage|p2a: Toxapex|68/100\n|\n|upkeep\n|turn|8\n|\n|t:|1771201025\n|switch|p1a: Hatterene|Hatterene, F|75/100\n|move|p2a: Toxapex|Toxic|p1a: Hatterene\n|move|p1a: Hatterene|Toxic|p2a: Toxapex|[from] ability: Magic Bounce\n|-immune|p2a: Toxapex\n|\n|upkeep\n|turn|9\n|\n|t:|1771201031\n|switch|p2a: Gliscor|Gliscor, F|66/100 tox\n|move|p1a: Hatterene|Psychic Noise|p2a: Gliscor\n|-damage|p2a: Gliscor|38/100 tox\n|-start|p2a: Gliscor|move: Heal Block\n|\n|upkeep\n|turn|10\n|\n|t:|1771201044\n|switch|p1a: Landorus|Landorus-Therian, M|100/100\n|-ability|p1a: Landorus|Intimidate|boost\n|-unboost|p2a: Gliscor|atk|1\n|move|p2a: Gliscor|U-turn|p1a: Landorus\n|-resisted|p1a: Landorus\n|-damage|p1a: Landorus|95/100\n|-damage|p2a: Gliscor|22/100 tox|[from] item: Rocky Helmet|[of] p1a: Landorus\n|\n|t:|1771201047\n|switch|p2a: Kyurem|Kyurem|100/100|[from] U-turn\n|-ability|p2a: Kyurem|Pressure\n|\n|upkeep\n|turn|11\n|inactive|CharlesSilverstein has 120 seconds left.\n|\n|t:|1771201082\n|switch|p1a: Weavile|Weavile, M, shiny|100/100\n|-ability|p1a: Weavile|Pressure\n|move|p2a: Kyurem|Substitute|p2a: Kyurem\n|-start|p2a: Kyurem|Substitute\n|-damage|p2a: Kyurem|76/100\n|\n|upkeep\n|turn|12\n|inactive|CharlesSilverstein has 120 seconds left.\n|\n|t:|1771201093\n|move|p1a: Weavile|Knock Off|p2a: Kyurem\n|-end|p2a: Kyurem|Substitute\n|-zpower|p2a: Kyurem\n|move|p2a: Kyurem|Tectonic Rage|p1a: Weavile|[zeffect]\n|-damage|p1a: Weavile|23/100\n|\n|upkeep\n|turn|13\n|inactive|CharlesSilverstein has 120 seconds left.\n|\n|t:|1771201118\n|move|p1a: Weavile|Triple Axel|p2a: Kyurem\n|-damage|p2a: Kyurem|65/100\n|-damage|p2a: Kyurem|47/100\n|-damage|p2a: Kyurem|21/100\n|-hitcount|p2a: Kyurem|3\n|move|p2a: Kyurem|Earth Power|p1a: Weavile\n|-damage|p1a: Weavile|0 fnt\n|faint|p1a: Weavile\n|\n|upkeep\n|\n|t:|1771201138\n|switch|p1a: Ogerpon|Ogerpon-Wellspring, F|100/100\n|turn|14\n|\n|t:|1771201143\n|switch|p2a: Toxapex|Toxapex, F|100/100\n|move|p1a: Ogerpon|Ivy Cudgel|p2a: Toxapex|[anim] Ivy Cudgel Water\n|-resisted|p2a: Toxapex\n|-damage|p2a: Toxapex|80/100\n|\n|upkeep\n|turn|15\n|\n|t:|1771201149\n|switch|p2a: Gholdengo|Gholdengo|87/100\n|move|p1a: Ogerpon|Taunt|p2a: Gholdengo\n|-immune|p2a: Gholdengo|[from] ability: Good as Gold\n|\n|upkeep\n|turn|16\n|inactive|CharlesSilverstein has 120 seconds left.\n|\n|t:|1771201163\n|switch|p1a: Moltres|Moltres|100/100\n|move|p2a: Gholdengo|Shadow Ball|p1a: Moltres\n|-damage|p1a: Moltres|67/100\n|-unboost|p1a: Moltres|spd|1\n|\n|upkeep\n|turn|17\n|\n|t:|1771201169\n|move|p1a: Moltres|Mystical Fire|p2a: Gholdengo\n|-supereffective|p2a: Gholdengo\n|-damage|p2a: Gholdengo|7/100\n|-unboost|p2a: Gholdengo|spa|1\n|move|p2a: Gholdengo|Shadow Ball|p1a: Moltres\n|-damage|p1a: Moltres|32/100\n|\n|upkeep\n|turn|18\n|\n|t:|1771201183\n|switch|p1a: Landorus|Landorus-Therian, M|95/100\n|-ability|p1a: Landorus|Intimidate|boost\n|-unboost|p2a: Gholdengo|atk|1\n|switch|p2a: Clefable|Clefable, F|100/100\n|\n|upkeep\n|turn|19\n|\n|t:|1771201195\n|move|p1a: Landorus|Taunt|p2a: Clefable\n|-start|p2a: Clefable|move: Taunt\n|move|p2a: Clefable|Knock Off|p1a: Landorus\n|-damage|p1a: Landorus|81/100\n|-enditem|p1a: Landorus|Rocky Helmet|[from] move: Knock Off|[of] p2a: Clefable\n|\n|upkeep\n|turn|20\n|\n|t:|1771201201\n|move|p1a: Landorus|Stealth Rock|p2a: Clefable\n|-sidestart|p2: DriftedEx|move: Stealth Rock\n|move|p2a: Clefable|Moonblast|p1a: Landorus\n|-damage|p1a: Landorus|44/100\n|\n|upkeep\n|turn|21\n|\n|t:|1771201214\n|move|p1a: Landorus|U-turn|p2a: Clefable\n|-resisted|p2a: Clefable\n|-damage|p2a: Clefable|93/100\n|\n|t:|1771201218\n|switch|p1a: Hatterene|Hatterene, F|75/100|[from] U-turn\n|move|p2a: Clefable|Moonblast|p1a: Hatterene\n|-damage|p1a: Hatterene|39/100\n|\n|-heal|p2a: Clefable|99/100|[from] item: Leftovers\n|-end|p2a: Clefable|move: Taunt\n|upkeep\n|turn|22\n|\n|t:|1771201224\n|move|p2a: Clefable|Knock Off|p1a: Hatterene\n|-damage|p1a: Hatterene|27/100\n|-enditem|p1a: Hatterene|Rocky Helmet|[from] move: Knock Off|[of] p2a: Clefable\n|move|p1a: Hatterene|Nuzzle|p2a: Clefable\n|-damage|p2a: Clefable|96/100\n|-status|p2a: Clefable|par\n|\n|-heal|p2a: Clefable|100/100 par|[from] item: Leftovers\n|upkeep\n|turn|23\n|\n|t:|1771201233\n|switch|p2a: Gliscor|Gliscor, F|22/100 tox\n|-damage|p2a: Gliscor|10/100 tox|[from] Stealth Rock\n|move|p1a: Hatterene|Pain Split|p2a: Gliscor\n|-sethp|p2a: Gliscor|17/100 tox|[from] move: Pain Split|[silent]\n|-sethp|p1a: Hatterene|19/100|[from] move: Pain Split\n|\n|-heal|p2a: Gliscor|29/100 tox|[from] ability: Poison Heal\n|upkeep\n|turn|24\n|\n|t:|1771201243\n|move|p2a: Gliscor|Roost|p2a: Gliscor\n|-heal|p2a: Gliscor|80/100 tox\n|-singleturn|p2a: Gliscor|move: Roost\n|move|p1a: Hatterene|Psychic Noise|p2a: Gliscor\n|-damage|p2a: Gliscor|51/100 tox\n|-start|p2a: Gliscor|move: Heal Block\n|\n|upkeep\n|turn|25\n|\n|t:|1771201271\n|switch|p1a: Ogerpon|Ogerpon-Wellspring, F|100/100\n|move|p2a: Gliscor|Defog|p1a: Ogerpon\n|-unboost|p1a: Ogerpon|evasion|1\n|-sideend|p2: DriftedEx|Stealth Rock|[from] move: Defog|[of] p2a: Gliscor\n|\n|-end|p2a: Gliscor|move: Heal Block\n|upkeep\n|turn|26\n|\n|t:|1771201278\n|switch|p2a: Toxapex|Toxapex, F|100/100\n|move|p1a: Ogerpon|Swords Dance|p1a: Ogerpon\n|-boost|p1a: Ogerpon|atk|2\n|\n|upkeep\n|turn|27\n|\n|t:|1771201291\n|move|p1a: Ogerpon|Taunt|p2a: Toxapex\n|-start|p2a: Toxapex|move: Taunt\n|cant|p2a: Toxapex|move: Taunt|Toxic\n|\n|upkeep\n|turn|28\n|\n|t:|1771201296\n|switch|p2a: Gholdengo|Gholdengo|7/100\n|move|p1a: Ogerpon|Swords Dance|p1a: Ogerpon\n|-boost|p1a: Ogerpon|atk|2\n|\n|upkeep\n|turn|29\n|\n|t:|1771201300\n|move|p1a: Ogerpon|Ivy Cudgel|p2a: Gholdengo|[anim] Ivy Cudgel Water\n|-damage|p2a: Gholdengo|0 fnt\n|faint|p2a: Gholdengo\n|\n|upkeep\n|\n|t:|1771201303\n|switch|p2a: Lopunny|Lopunny, F|100/100\n|turn|30\n|\n|t:|1771201321\n|switch|p1a: Moltres|Moltres|32/100\n|detailschange|p2a: Lopunny|Lopunny-Mega, F\n|-mega|p2a: Lopunny|Lopunny|Lopunnite\n|move|p2a: Lopunny|Fake Out|p1a: Moltres\n|-damage|p1a: Moltres|13/100\n|-status|p2a: Lopunny|brn|[from] ability: Flame Body|[of] p1a: Moltres\n|\n|-damage|p2a: Lopunny|95/100 brn|[from] brn\n|upkeep\n|turn|31\n|\n|t:|1771201340\n|move|p2a: Lopunny|Frustration|p1a: Moltres\n|-damage|p1a: Moltres|0 fnt\n|faint|p1a: Moltres\n|\n|-damage|p2a: Lopunny|89/100 brn|[from] brn\n|upkeep\n|\n|t:|1771201352\n|switch|p1a: Tapu Koko|Tapu Koko|100/100\n|-fieldstart|move: Electric Terrain|[from] ability: Electric Surge|[of] p1a: Tapu Koko\n|turn|32\n|\n|t:|1771201368\n|move|p1a: Tapu Koko|Dazzling Gleam|p2a: Lopunny\n|-supereffective|p2a: Lopunny\n|-damage|p2a: Lopunny|8/100 brn\n|move|p2a: Lopunny|U-turn|p1a: Tapu Koko\n|-resisted|p1a: Tapu Koko\n|-damage|p1a: Tapu Koko|92/100\n|\n|t:|1771201371\n|switch|p2a: Gliscor|Gliscor, F|51/100 tox|[from] U-turn\n|\n|-heal|p2a: Gliscor|63/100 tox|[from] ability: Poison Heal\n|upkeep\n|turn|33\n|\n|t:|1771201395\n|move|p1a: Tapu Koko|Dazzling Gleam|p2a: Gliscor\n|-damage|p2a: Gliscor|34/100 tox\n|move|p2a: Gliscor|U-turn|p1a: Tapu Koko\n|-resisted|p1a: Tapu Koko\n|-damage|p1a: Tapu Koko|82/100\n|\n|t:|1771201419\n|switch|p2a: Toxapex|Toxapex, F|100/100|[from] U-turn\n|\n|upkeep\n|turn|34\n|\n|t:|1771201424\n|switch|p1a: Hatterene|Hatterene, F|19/100\n|move|p2a: Toxapex|Toxic|p1a: Hatterene\n|move|p1a: Hatterene|Toxic|p2a: Toxapex|[from] ability: Magic Bounce\n|-immune|p2a: Toxapex\n|\n|upkeep\n|turn|35\n|inactive|DriftedEx has 120 seconds left.\n|\n|t:|1771201469\n|move|p2a: Toxapex|Scald|p1a: Hatterene\n|-damage|p1a: Hatterene|1/100\n|move|p1a: Hatterene|Psychic Noise|p2a: Toxapex\n|-supereffective|p2a: Toxapex\n|-damage|p2a: Toxapex|45/100\n|-start|p2a: Toxapex|move: Heal Block\n|\n|upkeep\n|turn|36\n|\n|t:|1771201491\n|move|p2a: Toxapex|Scald|p1a: Hatterene\n|-damage|p1a: Hatterene|0 fnt\n|faint|p1a: Hatterene\n|\n|-end|p2a: Toxapex|move: Heal Block\n|-fieldend|move: Electric Terrain\n|upkeep\n|\n|t:|1771201499\n|switch|p1a: Ogerpon|Ogerpon-Wellspring, F|100/100\n|turn|37\n|\n|t:|1771201504\n|move|p1a: Ogerpon|Power Whip|p2a: Toxapex\n|-damage|p2a: Toxapex|0 fnt\n|-damage|p1a: Ogerpon|84/100|[from] item: Rocky Helmet|[of] p2a: Toxapex\n|faint|p2a: Toxapex\n|\n|upkeep\n|\n|t:|1771201508\n|switch|p2a: Clefable|Clefable, F|100/100 par\n|turn|38\n|inactive|CharlesSilverstein has 120 seconds left.\n|\n|t:|1771201562\n|move|p1a: Ogerpon|Swords Dance|p1a: Ogerpon\n|-boost|p1a: Ogerpon|atk|2\n|move|p2a: Clefable|Moonblast|p1a: Ogerpon\n|-damage|p1a: Ogerpon|48/100\n|\n|upkeep\n|turn|39\n|\n|t:|1771201566\n|move|p1a: Ogerpon|Ivy Cudgel|p2a: Clefable|[anim] Ivy Cudgel Water\n|-damage|p2a: Clefable|9/100 par\n|move|p2a: Clefable|Moonblast|p1a: Ogerpon\n|-damage|p1a: Ogerpon|10/100\n|\n|-heal|p2a: Clefable|15/100 par|[from] item: Leftovers\n|upkeep\n|turn|40\n|\n|t:|1771201571\n|move|p1a: Ogerpon|Ivy Cudgel|p2a: Clefable|[anim] Ivy Cudgel Water\n|-crit|p2a: Clefable\n|-damage|p2a: Clefable|0 fnt\n|faint|p2a: Clefable\n|\n|upkeep\n|\n|t:|1771201573\n|switch|p2a: Lopunny|Lopunny-Mega, F|8/100 brn\n|turn|41\n|\n|t:|1771201580\n|switch|p1a: Tapu Koko|Tapu Koko|82/100\n|-fieldstart|move: Electric Terrain|[from] ability: Electric Surge|[of] p1a: Tapu Koko\n|move|p2a: Lopunny|Frustration|p1a: Tapu Koko\n|-damage|p1a: Tapu Koko|46/100\n|\n|-damage|p2a: Lopunny|2/100 brn|[from] brn\n|upkeep\n|turn|42\n|\n|t:|1771201587\n|switch|p2a: Gliscor|Gliscor, F|34/100 tox\n|move|p1a: Tapu Koko|U-turn|p2a: Gliscor\n|-resisted|p2a: Gliscor\n|-damage|p2a: Gliscor|28/100 tox\n|\n|t:|1771201589\n|switch|p1a: Ogerpon|Ogerpon-Wellspring, F|10/100|[from] U-turn\n|\n|-heal|p2a: Gliscor|41/100 tox|[from] ability: Poison Heal\n|upkeep\n|turn|43\n|\n|t:|1771201594\n|switch|p2a: Kyurem|Kyurem|21/100\n|-ability|p2a: Kyurem|Pressure\n|move|p1a: Ogerpon|Ivy Cudgel|p2a: Kyurem|[anim] Ivy Cudgel Water\n|-resisted|p2a: Kyurem\n|-damage|p2a: Kyurem|0 fnt\n|faint|p2a: Kyurem\n|\n|upkeep\n|\n|t:|1771201595\n|switch|p2a: Lopunny|Lopunny-Mega, F|2/100 brn\n|turn|44\n|\n|t:|1771201623\n|switch|p1a: Landorus|Landorus-Therian, M|44/100\n|-ability|p1a: Landorus|Intimidate|boost\n|-fail|p2a: Lopunny|unboost|Attack|[from] ability: Scrappy|[of] p2a: Lopunny\n|move|p2a: Lopunny|Frustration|p1a: Landorus\n|-damage|p1a: Landorus|18/100\n|\n|-damage|p2a: Lopunny|0 fnt|[from] brn\n|faint|p2a: Lopunny\n|detailschange|p2: Lopunny|Lopunny, F|[silent]\n|upkeep\n|\n|t:|1771201631\n|switch|p2a: Gliscor|Gliscor, F|41/100 tox\n|turn|45\n|\n|t:|1771201635\n|move|p1a: Landorus|Taunt|p2a: Gliscor\n|-start|p2a: Gliscor|move: Taunt\n|cant|p2a: Gliscor|move: Taunt|Roost\n|\n|-heal|p2a: Gliscor|53/100 tox|[from] ability: Poison Heal\n|-fieldend|move: Electric Terrain\n|upkeep\n|turn|46\n|\n|t:|1771201641\n|move|p1a: Landorus|U-turn|p2a: Gliscor\n|-resisted|p2a: Gliscor\n|-damage|p2a: Gliscor|45/100 tox\n|\n|t:|1771201643\n|switch|p1a: Tapu Koko|Tapu Koko|46/100|[from] U-turn\n|-fieldstart|move: Electric Terrain|[from] ability: Electric Surge|[of] p1a: Tapu Koko\n|move|p2a: Gliscor|Earthquake|p1a: Tapu Koko\n|-supereffective|p1a: Tapu Koko\n|-damage|p1a: Tapu Koko|0 fnt\n|faint|p1a: Tapu Koko\n|\n|-heal|p2a: Gliscor|57/100 tox|[from] ability: Poison Heal\n|upkeep\n|\n|t:|1771201644\n|switch|p1a: Ogerpon|Ogerpon-Wellspring, F|10/100\n|turn|47\n|\n|t:|1771201651\n|move|p1a: Ogerpon|Ivy Cudgel|p2a: Gliscor|[anim] Ivy Cudgel Water\n|-supereffective|p2a: Gliscor\n|-damage|p2a: Gliscor|0 fnt\n|faint|p2a: Gliscor\n|\n|win|CharlesSilverstein\n|raw|CharlesSilverstein's rating: 1704 &rarr; <strong>1722</strong><br />(+18 for winning)\n|raw|DriftedEx's rating: 1662 &rarr; <strong>1644</strong><br />(-18 for losing)\n|l|☆DriftedEx\n|player|p2|\n|l|☆CharlesSilverstein\n|player|p1|\n", "uploadtime": 1771201906, "views": 11, "formatid": "gen9nationaldex", "rating": 1644, "private": 0, "password": null}