{"id": "gen9nationaldex-2540258547", "format": "[Gen 9] National Dex", "players": ["he898", "King12345676"], "log": "|j|☆he898\n|j|☆King12345676\n|t:|1771181661\n|gametype|singles\n|player|p1|he898|ghetsis-gen5bw|1546\n|player|p2|King12345676|psychic|1563\n|gen|9\n|tier|[Gen 9] National Dex\n|rated|\n|rule|HP Percentage Mod: HP is shown in percentages\n|rule|Endless Battle Clause: Forcing endless battles is banned\n|rule|Species Clause: Limit one of each Pokémon\n|rule|OHKO Clause: OHKO moves are banned\n|rule|Evasion Clause: Evasion abilities, items, and moves are banned\n|rule|Evasion Abilities Clause: Evasion abilities are banned\n|rule|Evasion Items Clause: Evasion items are banned\n|rule|Evasion Moves Clause: Evasion moves are banned\n|rule|Sleep Clause Mod: Limit one foe put to sleep\n|rule|Terastal Clause: You cannot Terastallize\n|clearpoke\n|poke|p1|Gyarados, M|\n|poke|p1|Dragonite, M|\n|poke|p1|Iron Treads|\n|poke|p1|Okidogi, M|\n|poke|p1|Ceruledge, M|\n|poke|p1|Serperior, M|\n|poke|p2|Garchomp, M|\n|poke|p2|Tyranitar, M|\n|poke|p2|Excadrill, M|\n|poke|p2|Alomomola, F|\n|poke|p2|Hydrapple, M|\n|poke|p2|Slowking-Galar, F|\n|teampreview\n|\n|t:|1771181678\n|teamsize|p1|6\n|teamsize|p2|6\n|start\n|switch|p1a: Serperior|Serperior, M|100/100\n|switch|p2a: Hydrapple|Hydrapple, M|100/100\n|turn|1\n|\n|t:|1771181684\n|move|p1a: Serperior|Glare|p2a: Hydrapple\n|-status|p2a: Hydrapple|par\n|move|p2a: Hydrapple|Nasty Plot|p2a: Hydrapple\n|-boost|p2a: Hydrapple|spa|2\n|\n|upkeep\n|turn|2\n|\n|t:|1771181698\n|switch|p1a: Iron Treads|Iron Treads|100/100\n|move|p2a: Hydrapple|Fickle Beam|p1a: Iron Treads\n|-resisted|p1a: Iron Treads\n|-damage|p1a: Iron Treads|41/100\n|\n|upkeep\n|turn|3\n|\n|t:|1771181709\n|switch|p2a: Alomomola|Alomomola, F|100/100\n|move|p1a: Iron Treads|Stealth Rock|p2a: Alomomola\n|-sidestart|p2: King12345676|move: Stealth Rock\n|\n|upkeep\n|turn|4\n|\n|t:|1771181718\n|move|p1a: Iron Treads|Earthquake|p2a: Alomomola\n|-damage|p2a: Alomomola|66/100\n|move|p2a: Alomomola|Flip Turn|p1a: Iron Treads\n|-supereffective|p1a: Iron Treads\n|-damage|p1a: Iron Treads|12/100\n|\n|t:|1771181728\n|switch|p2a: Hydrapple|Hydrapple, M|100/100 par|[from] Flip Turn\n|\n|upkeep\n|turn|5\n|\n|t:|1771181759\n|move|p1a: Iron Treads|Iron Head|p2a: Hydrapple\n|-damage|p2a: Hydrapple|72/100 par\n|move|p2a: Hydrapple|Nasty Plot|p2a: Hydrapple\n|-boost|p2a: Hydrapple|spa|2\n|\n|upkeep\n|turn|6\n|\n|t:|1771181764\n|move|p1a: Iron Treads|Iron Head|p2a: Hydrapple\n|-damage|p2a: Hydrapple|42/100 par\n|cant|p2a: Hydrapple|flinch\n|\n|upkeep\n|turn|7\n|\n|t:|1771181767\n|move|p1a: Iron Treads|Iron Head|p2a: Hydrapple\n|-damage|p2a: Hydrapple|11/100 par\n|cant|p2a: Hydrapple|par\n|\n|upkeep\n|turn|8\n|\n|t:|1771181772\n|switch|p2a: Alomomola|Alomomola, F|99/100\n|move|p1a: Iron Treads|Iron Head|p2a: Alomomola\n|-resisted|p2a: Alomomola\n|-damage|p2a: Alomomola|84/100\n|\n|upkeep\n|turn|9\n|\n|t:|1771181776\n|move|p1a: Iron Treads|Earthquake|p2a: Alomomola\n|-damage|p2a: Alomomola|46/100\n|move|p2a: Alomomola|Wish|p2a: Alomomola\n|\n|upkeep\n|turn|10\n|\n|t:|1771181780\n|move|p1a: Iron Treads|Earthquake|p2a: Alomomola\n|-damage|p2a: Alomomola|9/100\n|move|p2a: Alomomola|Flip Turn|p1a: Iron Treads\n|-supereffective|p1a: Iron Treads\n|-damage|p1a: Iron Treads|0 fnt\n|faint|p1a: Iron Treads\n|-end|p1a: Iron Treads|Quark Drive|[silent]\n|\n|t:|1771181784\n|switch|p2a: Hydrapple|Hydrapple, M|45/100 par|[from] Flip Turn\n|\n|-heal|p2a: Hydrapple|100/100 par|[from] move: Wish|[wisher] Alomomola\n|upkeep\n|\n|t:|1771181787\n|switch|p1a: Okidogi|Okidogi, M|100/100\n|turn|11\n|\n|t:|1771181793\n|switch|p2a: Slowking|Slowking-Galar, F|100/100\n|move|p1a: Okidogi|Bulk Up|p1a: Okidogi\n|-boost|p1a: Okidogi|atk|1\n|-boost|p1a: Okidogi|def|1\n|\n|upkeep\n|turn|12\n|\n|t:|1771181798\n|switch|p1a: Ceruledge|Ceruledge, M|100/100\n|move|p2a: Slowking|Psychic Noise|p1a: Ceruledge\n|-damage|p1a: Ceruledge|66/100\n|-start|p1a: Ceruledge|move: Heal Block\n|\n|upkeep\n|turn|13\n|\n|t:|1771181820\n|switch|p1a: Okidogi|Okidogi, M|100/100\n|switch|p2a: Tyranitar|Tyranitar, M|100/100\n|-damage|p2a: Tyranitar|88/100|[from] Stealth Rock\n|-weather|Sandstorm|[from] ability: Sand Stream|[of] p2a: Tyranitar\n|\n|-weather|Sandstorm|[upkeep]\n|-damage|p1a: Okidogi|94/100|[from] Sandstorm\n|-heal|p1a: Okidogi|100/100|[from] item: Black Sludge\n|upkeep\n|turn|14\n|\n|t:|1771181826\n|switch|p2a: Slowking|Slowking-Galar, F|100/100\n|move|p1a: Okidogi|Drain Punch|p2a: Slowking\n|-resisted|p2a: Slowking\n|-damage|p2a: Slowking|94/100\n|\n|-weather|Sandstorm|[upkeep]\n|-damage|p1a: Okidogi|94/100|[from] Sandstorm\n|-damage|p2a: Slowking|88/100|[from] Sandstorm\n|-heal|p1a: Okidogi|100/100|[from] item: Black Sludge\n|upkeep\n|turn|15\n|\n|t:|1771181833\n|switch|p1a: Ceruledge|Ceruledge, M|66/100\n|move|p2a: Slowking|Psychic Noise|p1a: Ceruledge\n|-damage|p1a: Ceruledge|32/100\n|-start|p1a: Ceruledge|move: Heal Block\n|\n|-weather|Sandstorm|[upkeep]\n|-damage|p1a: Ceruledge|26/100|[from] Sandstorm\n|-damage|p2a: Slowking|82/100|[from] Sandstorm\n|upkeep\n|turn|16\n|\n|t:|1771181837\n|switch|p2a: Tyranitar|Tyranitar, M|88/100\n|-damage|p2a: Tyranitar|76/100|[from] Stealth Rock\n|move|p1a: Ceruledge|Poltergeist|p2a: Tyranitar\n|-activate|p2a: Tyranitar|move: Poltergeist|Choice Band\n|-resisted|p2a: Tyranitar\n|-damage|p2a: Tyranitar|50/100\n|\n|-weather|Sandstorm|[upkeep]\n|-damage|p1a: Ceruledge|19/100|[from] Sandstorm\n|-end|p1a: Ceruledge|move: Heal Block\n|upkeep\n|turn|17\n|\n|t:|1771181843\n|move|p1a: Ceruledge|Poltergeist|p2a: Tyranitar\n|-activate|p2a: Tyranitar|move: Poltergeist|Choice Band\n|-resisted|p2a: Tyranitar\n|-damage|p2a: Tyranitar|27/100\n|move|p2a: Tyranitar|Pursuit|p1a: Ceruledge\n|-supereffective|p1a: Ceruledge\n|-damage|p1a: Ceruledge|0 fnt\n|faint|p1a: Ceruledge\n|\n|-weather|none\n|upkeep\n|\n|t:|1771181854\n|switch|p1a: Gyarados|Gyarados, M|100/100\n|-ability|p1a: Gyarados|Intimidate|boost\n|-unboost|p2a: Tyranitar|atk|1\n|turn|18\n|\n|t:|1771181862\n|switch|p2a: Slowking|Slowking-Galar, F|100/100\n|detailschange|p1a: Gyarados|Gyarados-Mega, M\n|-mega|p1a: Gyarados|Gyarados|Gyaradosite\n|-ability|p1a: Gyarados|Mold Breaker\n|move|p1a: Gyarados|Dragon Dance|p1a: Gyarados\n|-boost|p1a: Gyarados|atk|1\n|-boost|p1a: Gyarados|spe|1\n|\n|upkeep\n|turn|19\n|\n|t:|1771181868\n|move|p1a: Gyarados|Crunch|p2a: Slowking\n|-supereffective|p2a: Slowking\n|-damage|p2a: Slowking|0 fnt\n|faint|p2a: Slowking\n|\n|upkeep\n|\n|t:|1771181874\n|switch|p2a: Hydrapple|Hydrapple, M|100/100 par\n|turn|20\n|\n|t:|1771181878\n|move|p1a: Gyarados|Crunch|p2a: Hydrapple\n|-damage|p2a: Hydrapple|42/100 par\n|move|p2a: Hydrapple|Giga Drain|p1a: Gyarados\n|-supereffective|p1a: Gyarados\n|-damage|p1a: Gyarados|29/100\n|-heal|p2a: Hydrapple|70/100 par|[from] drain|[of] p1a: Gyarados\n|\n|upkeep\n|turn|21\n|\n|t:|1771181884\n|move|p1a: Gyarados|Crunch|p2a: Hydrapple\n|-damage|p2a: Hydrapple|13/100 par\n|cant|p2a: Hydrapple|par\n|\n|upkeep\n|turn|22\n|\n|t:|1771181889\n|switch|p2a: Tyranitar|Tyranitar, M|27/100\n|-damage|p2a: Tyranitar|14/100|[from] Stealth Rock\n|-weather|Sandstorm|[from] ability: Sand Stream|[of] p2a: Tyranitar\n|move|p1a: Gyarados|Crunch|p2a: Tyranitar\n|-resisted|p2a: Tyranitar\n|-damage|p2a: Tyranitar|0 fnt\n|faint|p2a: Tyranitar\n|\n|-weather|Sandstorm|[upkeep]\n|-damage|p1a: Gyarados|23/100|[from] Sandstorm\n|upkeep\n|\n|t:|1771181891\n|switch|p2a: Excadrill|Excadrill, M|100/100\n|-damage|p2a: Excadrill|97/100|[from] Stealth Rock\n|-item|p2a: Excadrill|Air Balloon\n|turn|23\n|\n|t:|1771181897\n|move|p2a: Excadrill|Earthquake|p1a: Gyarados\n|-damage|p1a: Gyarados|0 fnt\n|faint|p1a: Gyarados\n|detailschange|p1: Gyarados|Gyarados, M|[silent]\n|\n|-weather|Sandstorm|[upkeep]\n|upkeep\n|\n|t:|1771181907\n|switch|p1a: Serperior|Serperior, M|100/100\n|turn|24\n|\n|t:|1771181918\n|switch|p2a: Alomomola|Alomomola, F|42/100\n|move|p1a: Serperior|Glare|p2a: Alomomola\n|-status|p2a: Alomomola|par\n|\n|-weather|Sandstorm|[upkeep]\n|-damage|p1a: Serperior|94/100|[from] Sandstorm\n|-damage|p2a: Alomomola|36/100 par|[from] Sandstorm\n|-heal|p1a: Serperior|100/100|[from] item: Leftovers\n|upkeep\n|turn|25\n|\n|t:|1771181925\n|move|p1a: Serperior|Leaf Storm|p2a: Alomomola\n|-supereffective|p2a: Alomomola\n|-damage|p2a: Alomomola|0 fnt\n|-boost|p1a: Serperior|spa|2\n|faint|p2a: Alomomola\n|\n|-weather|Sandstorm|[upkeep]\n|-damage|p1a: Serperior|94/100|[from] Sandstorm\n|-heal|p1a: Serperior|100/100|[from] item: Leftovers\n|upkeep\n|\n|t:|1771181930\n|switch|p2a: Excadrill|Excadrill, M|97/100\n|-damage|p2a: Excadrill|94/100|[from] Stealth Rock\n|-item|p2a: Excadrill|Air Balloon\n|turn|26\n|\n|t:|1771181935\n|move|p2a: Excadrill|Rock Slide|p1a: Serperior\n|-damage|p1a: Serperior|68/100\n|cant|p1a: Serperior|flinch\n|\n|-weather|none\n|-heal|p1a: Serperior|74/100|[from] item: Leftovers\n|upkeep\n|turn|27\n|\n|t:|1771181942\n|move|p1a: Serperior|Leaf Storm|p2a: Excadrill\n|-damage|p2a: Excadrill|0 fnt\n|-boost|p1a: Serperior|spa|2\n|-enditem|p2a: Excadrill|Air Balloon\n|faint|p2a: Excadrill\n|\n|-heal|p1a: Serperior|80/100|[from] item: Leftovers\n|upkeep\n|\n|t:|1771181945\n|switch|p2a: Hydrapple|Hydrapple, M|47/100 par\n|turn|28\n|\n|t:|1771181950\n|move|p1a: Serperior|Substitute|p1a: Serperior\n|-start|p1a: Serperior|Substitute\n|-damage|p1a: Serperior|55/100\n|move|p2a: Hydrapple|Fickle Beam|p1a: Serperior|[anim] Fickle Beam All Out\n|-activate|p2a: Hydrapple|move: Fickle Beam\n|-end|p1a: Serperior|Substitute\n|\n|-heal|p1a: Serperior|61/100|[from] item: Leftovers\n|upkeep\n|turn|29\n|\n|t:|1771181955\n|move|p1a: Serperior|Hidden Power|p2a: Hydrapple\n|-damage|p2a: Hydrapple|7/100 par\n|move|p2a: Hydrapple|Fickle Beam|p1a: Serperior\n|-crit|p1a: Serperior\n|-damage|p1a: Serperior|0 fnt\n|faint|p1a: Serperior\n|\n|upkeep\n|\n|t:|1771181963\n|switch|p1a: Dragonite|Dragonite, M|100/100\n|turn|30\n|\n|t:|1771181965\n|move|p1a: Dragonite|Dragon Claw|p2a: Hydrapple\n|-supereffective|p2a: Hydrapple\n|-damage|p2a: Hydrapple|0 fnt\n|faint|p2a: Hydrapple\n|\n|upkeep\n|\n|t:|1771181967\n|switch|p2a: Garchomp|Garchomp, M|100/100\n|-damage|p2a: Garchomp|94/100|[from] Stealth Rock\n|turn|31\n|\n|t:|1771181973\n|move|p2a: Garchomp|Dragon Claw|p1a: Dragonite\n|-supereffective|p1a: Dragonite\n|-damage|p1a: Dragonite|54/100\n|move|p1a: Dragonite|Dragon Claw|p2a: Garchomp\n|-supereffective|p2a: Garchomp\n|-damage|p2a: Garchomp|6/100\n|-damage|p1a: Dragonite|42/100|[from] ability: Rough Skin|[of] p2a: Garchomp\n|\n|upkeep\n|turn|32\n|\n|t:|1771181977\n|move|p2a: Garchomp|Dragon Claw|p1a: Dragonite\n|-supereffective|p1a: Dragonite\n|-damage|p1a: Dragonite|0 fnt\n|faint|p1a: Dragonite\n|\n|upkeep\n|\n|t:|1771181979\n|switch|p1a: Okidogi|Okidogi, M|100/100\n|turn|33\n|\n|t:|1771181982\n|detailschange|p2a: Garchomp|Garchomp-Mega, M\n|-mega|p2a: Garchomp|Garchomp|Garchompite\n|move|p2a: Garchomp|Earthquake|p1a: Okidogi\n|-supereffective|p1a: Okidogi\n|-damage|p1a: Okidogi|1/100\n|move|p1a: Okidogi|Ice Punch|p2a: Garchomp\n|-supereffective|p2a: Garchomp\n|-damage|p2a: Garchomp|0 fnt\n|faint|p2a: Garchomp\n|detailschange|p2: Garchomp|Garchomp, M|[silent]\n|\n|win|he898\n|raw|he898's rating: 1546 &rarr; <strong>1567</strong><br />(+21 for winning)\n|raw|King12345676's rating: 1563 &rarr; <strong>1542</strong><br />(-21 for losing)\n|l|☆he898\n|player|p1|\n|l|☆King12345676\n|player|p2|\n", "uploadtime": 1771182181, "views": 8, "formatid": "gen9nationaldex", "rating": 1542, "private": 0, "password": null}