{"id": "gen9nationaldex-2540613502", "format": "[Gen 9] National Dex", "players": ["katarosca", "frost12080000"], "log": "|j|☆katarosca\n|j|☆frost12080000\n|t:|1771227400\n|gametype|singles\n|player|p1|katarosca|101|1491\n|player|p2|frost12080000|burglar|1592\n|gen|9\n|tier|[Gen 9] National Dex\n|rated|\n|rule|HP Percentage Mod: HP is shown in percentages\n|rule|Endless Battle Clause: Forcing endless battles is banned\n|rule|Species Clause: Limit one of each Pokémon\n|rule|OHKO Clause: OHKO moves are banned\n|rule|Evasion Clause: Evasion abilities, items, and moves are banned\n|rule|Evasion Abilities Clause: Evasion abilities are banned\n|rule|Evasion Items Clause: Evasion items are banned\n|rule|Evasion Moves Clause: Evasion moves are banned\n|rule|Sleep Clause Mod: Limit one foe put to sleep\n|rule|Terastal Clause: You cannot Terastallize\n|clearpoke\n|poke|p1|Tapu Bulu|\n|poke|p1|Tornadus-Therian, M|\n|poke|p1|Latios, M|\n|poke|p1|Heatran, F|\n|poke|p1|Corsola-Galar, F|\n|poke|p1|Urshifu-*, F|\n|poke|p2|Tapu Fini|\n|poke|p2|Ogerpon-Cornerstone, F|\n|poke|p2|Landorus-Therian, M|\n|poke|p2|Alomomola, F|\n|poke|p2|Medicham, M|\n|poke|p2|Clefable, M|\n|teampreview\n|\n|t:|1771227423\n|teamsize|p1|6\n|teamsize|p2|6\n|start\n|switch|p1a: Latios|Latios, M|100/100\n|switch|p2a: Medicham|Medicham, M|100/100\n|turn|1\n|\n|t:|1771227430\n|detailschange|p1a: Latios|Latios-Mega, M\n|-mega|p1a: Latios|Latios|Latiosite\n|detailschange|p2a: Medicham|Medicham-Mega, M\n|-mega|p2a: Medicham|Medicham|Medichamite\n|move|p2a: Medicham|Fake Out|p1a: Latios\n|-damage|p1a: Latios|73/100\n|cant|p1a: Latios|flinch\n|\n|upkeep\n|turn|2\n|\n|t:|1771227440\n|switch|p2a: Clefable|Clefable, M|100/100\n|move|p1a: Latios|Luster Purge|p2a: Clefable\n|-damage|p2a: Clefable|42/100\n|-unboost|p2a: Clefable|spd|1\n|\n|-heal|p2a: Clefable|48/100|[from] item: Leftovers\n|upkeep\n|turn|3\n|\n|t:|1771227443\n|move|p1a: Latios|Luster Purge|p2a: Clefable\n|-damage|p2a: Clefable|0 fnt\n|faint|p2a: Clefable\n|\n|upkeep\n|\n|t:|1771227448\n|switch|p2a: Landorus|Landorus-Therian, M|100/100\n|-ability|p2a: Landorus|Intimidate|boost\n|-unboost|p1a: Latios|atk|1\n|turn|4\n|\n|t:|1771227451\n|move|p2a: Landorus|U-turn|p1a: Latios\n|-supereffective|p1a: Latios\n|-damage|p1a: Latios|21/100\n|\n|t:|1771227454\n|switch|p2a: Alomomola|Alomomola, F|100/100|[from] U-turn\n|move|p1a: Latios|Draco Meteor|p2a: Alomomola\n|-damage|p2a: Alomomola|62/100\n|-unboost|p1a: Latios|spa|2\n|\n|upkeep\n|turn|5\n|inactive|Battle timer is ON: inactive players will automatically lose when time's up. (requested by frost12080000)\n|\n|t:|1771227458\n|switch|p1a: Tapu Bulu|Tapu Bulu|100/100\n|-fieldstart|move: Grassy Terrain|[from] ability: Grassy Surge|[of] p1a: Tapu Bulu\n|move|p2a: Alomomola|Flip Turn|p1a: Tapu Bulu\n|-resisted|p1a: Tapu Bulu\n|-damage|p1a: Tapu Bulu|93/100\n|\n|t:|1771227461\n|switch|p2a: Medicham|Medicham-Mega, M|100/100|[from] Flip Turn\n|\n|-heal|p1a: Tapu Bulu|99/100|[from] Grassy Terrain\n|upkeep\n|turn|6\n|\n|t:|1771227467\n|move|p2a: Medicham|Fake Out|p1a: Tapu Bulu\n|-damage|p1a: Tapu Bulu|76/100\n|cant|p1a: Tapu Bulu|flinch\n|\n|-heal|p1a: Tapu Bulu|82/100|[from] Grassy Terrain\n|upkeep\n|turn|7\n|\n|t:|1771227472\n|switch|p2a: Landorus|Landorus-Therian, M|100/100\n|-ability|p2a: Landorus|Intimidate|boost\n|-unboost|p1a: Tapu Bulu|atk|1\n|move|p1a: Tapu Bulu|Wood Hammer|p2a: Landorus\n|-damage|p2a: Landorus|0 fnt\n|faint|p2a: Landorus\n|-damage|p1a: Tapu Bulu|51/100|[from] Recoil\n|\n|-heal|p1a: Tapu Bulu|57/100|[from] Grassy Terrain\n|upkeep\n|\n|t:|1771227474\n|switch|p2a: Medicham|Medicham-Mega, M|100/100\n|turn|8\n|\n|t:|1771227477\n|switch|p1a: Corsola|Corsola-Galar, F|100/100\n|move|p2a: Medicham|Fake Out|p1a: Corsola\n|-immune|p1a: Corsola\n|\n|upkeep\n|turn|9\n|\n|t:|1771227479\n|move|p2a: Medicham|Zen Headbutt|p1a: Corsola|[miss]\n|-miss|p2a: Medicham|p1a: Corsola\n|move|p1a: Corsola|Will-O-Wisp|p2a: Medicham\n|-status|p2a: Medicham|brn\n|\n|-damage|p2a: Medicham|94/100 brn|[from] brn\n|-fieldend|move: Grassy Terrain\n|upkeep\n|turn|10\n|inactive|frost12080000 has 120 seconds left.\n|l|☆frost12080000\n|inactive|frost12080000 disconnected and has a minute to reconnect!\n|player|p2|\n|inactive|frost12080000 has 30 seconds to reconnect!\n|inactive|frost12080000 has 20 seconds to reconnect!\n|inactive|frost12080000 has 15 seconds to reconnect!\n|inactive|frost12080000 has 10 seconds to reconnect!\n|inactive|frost12080000 has 5 seconds to reconnect!\n|-message|frost12080000 lost due to inactivity.\n|\n|win|katarosca\n|raw|katarosca's rating: 1491 &rarr; <strong>1517</strong><br />(+26 for winning)\n|raw|frost12080000's rating: 1592 &rarr; <strong>1566</strong><br />(-26 for losing)\n|l|☆katarosca\n|player|p1|\n", "uploadtime": 1771227927, "views": 9, "formatid": "gen9nationaldex", "rating": 1517, "private": 0, "password": null}