{"id": "gen9nationaldex-2540333737", "format": "[Gen 9] National Dex", "players": ["rasb", "cbmarcus"], "log": "|j|☆rasb\n|j|☆cbmarcus\n|t:|1771189869\n|gametype|singles\n|player|p1|rasb|266|1503\n|player|p2|cbmarcus|clair-gen2|1754\n|gen|9\n|tier|[Gen 9] National Dex\n|rated|\n|rule|HP Percentage Mod: HP is shown in percentages\n|rule|Endless Battle Clause: Forcing endless battles is banned\n|rule|Species Clause: Limit one of each Pokémon\n|rule|OHKO Clause: OHKO moves are banned\n|rule|Evasion Clause: Evasion abilities, items, and moves are banned\n|rule|Evasion Abilities Clause: Evasion abilities are banned\n|rule|Evasion Items Clause: Evasion items are banned\n|rule|Evasion Moves Clause: Evasion moves are banned\n|rule|Sleep Clause Mod: Limit one foe put to sleep\n|rule|Terastal Clause: You cannot Terastallize\n|clearpoke\n|poke|p1|Charizard, M|\n|poke|p1|Great Tusk|\n|poke|p1|Ceruledge, F|\n|poke|p1|Raging Bolt|\n|poke|p1|Heatran, M|\n|poke|p1|Hatterene, F|\n|poke|p2|Landorus-Therian, M|\n|poke|p2|Magnezone|\n|poke|p2|Tapu Lele|\n|poke|p2|Kartana|\n|poke|p2|Diancie|\n|poke|p2|Gyarados, M|\n|teampreview\n|inactive|Battle timer is ON: inactive players will automatically lose when time's up. (requested by rasb)\n|\n|t:|1771189879\n|teamsize|p1|6\n|teamsize|p2|6\n|start\n|switch|p1a: Great Tusk|Great Tusk|100/100\n|switch|p2a: Landorus|Landorus-Therian, M|100/100\n|-ability|p2a: Landorus|Intimidate|boost\n|-unboost|p1a: Great Tusk|atk|1\n|turn|1\n|\n|t:|1771189881\n|move|p2a: Landorus|Stealth Rock|p1a: Great Tusk\n|-sidestart|p1: rasb|move: Stealth Rock\n|move|p1a: Great Tusk|Stealth Rock|p2a: Landorus\n|-sidestart|p2: cbmarcus|move: Stealth Rock\n|\n|upkeep\n|turn|2\n|\n|t:|1771189883\n|move|p2a: Landorus|Explosion|p1a: Great Tusk\n|-damage|p1a: Great Tusk|55/100\n|faint|p2a: Landorus\n|move|p1a: Great Tusk|Rapid Spin|p2: Landorus|[notarget]\n|-fail|p1a: Great Tusk\n|\n|upkeep\n|\n|t:|1771189886\n|switch|p2a: Tapu Lele|Tapu Lele|100/100\n|-damage|p2a: Tapu Lele|88/100|[from] Stealth Rock\n|-fieldstart|move: Psychic Terrain|[from] ability: Psychic Surge|[of] p2a: Tapu Lele\n|turn|3\n|\n|t:|1771189889\n|-end|p1a: Great Tusk|Protosynthesis|[silent]\n|switch|p1a: Heatran|Heatran, M|100/100\n|-damage|p1a: Heatran|88/100|[from] Stealth Rock\n|move|p2a: Tapu Lele|Psychic|p1a: Heatran\n|-resisted|p1a: Heatran\n|-damage|p1a: Heatran|40/100\n|\n|upkeep\n|turn|4\n|\n|t:|1771189895\n|move|p1a: Heatran|Fire Blast|p2a: Tapu Lele\n|-damage|p2a: Tapu Lele|30/100\n|move|p2a: Tapu Lele|Psychic|p1a: Heatran\n|-resisted|p1a: Heatran\n|-damage|p1a: Heatran|0 fnt\n|faint|p1a: Heatran\n|\n|upkeep\n|\n|t:|1771189909\n|switch|p1a: Hatterene|Hatterene, F|100/100\n|-damage|p1a: Hatterene|88/100|[from] Stealth Rock\n|turn|5\n|\n|t:|1771189912\n|switch|p2a: Magnezone|Magnezone|100/100\n|-damage|p2a: Magnezone|94/100|[from] Stealth Rock\n|move|p1a: Hatterene|Nuzzle|p2a: Magnezone\n|-resisted|p2a: Magnezone\n|-damage|p2a: Magnezone|93/100\n|\n|upkeep\n|turn|6\n|\n|t:|1771189917\n|switch|p1a: Great Tusk|Great Tusk|55/100\n|-damage|p1a: Great Tusk|52/100|[from] Stealth Rock\n|move|p2a: Magnezone|Flash Cannon|p1a: Great Tusk\n|-damage|p1a: Great Tusk|0 fnt\n|faint|p1a: Great Tusk\n|-end|p1a: Great Tusk|Protosynthesis|[silent]\n|\n|upkeep\n|\n|t:|1771189921\n|switch|p1a: Ceruledge|Ceruledge, F|100/100\n|-damage|p1a: Ceruledge|76/100|[from] Stealth Rock\n|turn|7\n|\n|t:|1771189944\n|move|p1a: Ceruledge|Bitter Blade|p2a: Magnezone\n|-supereffective|p2a: Magnezone\n|-damage|p2a: Magnezone|1/100\n|-heal|p1a: Ceruledge|100/100|[from] drain|[of] p2a: Magnezone\n|move|p2a: Magnezone|Volt Switch|p1a: Ceruledge\n|-damage|p1a: Ceruledge|51/100\n|\n|t:|1771189951\n|switch|p2a: Kartana|Kartana|100/100|[from] Volt Switch\n|-damage|p2a: Kartana|94/100|[from] Stealth Rock\n|\n|-fieldend|move: Psychic Terrain\n|upkeep\n|turn|8\n|\n|t:|1771189955\n|move|p1a: Ceruledge|Endure|p1a: Ceruledge\n|-singleturn|p1a: Ceruledge|move: Endure\n|move|p2a: Kartana|Knock Off|p1a: Ceruledge\n|-supereffective|p1a: Ceruledge\n|-activate|p1a: Ceruledge|move: Endure\n|-damage|p1a: Ceruledge|1/100\n|-ability|p1a: Ceruledge|Weak Armor|boost\n|-unboost|p1a: Ceruledge|def|1\n|-boost|p1a: Ceruledge|spe|2\n|\n|upkeep\n|turn|9\n|\n|t:|1771189959\n|switch|p2a: Magnezone|Magnezone|1/100\n|-damage|p2a: Magnezone|0 fnt|[from] Stealth Rock\n|faint|p2a: Magnezone\n|move|p1a: Ceruledge|Bitter Blade|p2: Magnezone|[notarget]\n|-fail|p1a: Ceruledge\n|\n|upkeep\n|\n|t:|1771189960\n|switch|p2a: Diancie|Diancie|100/100\n|-damage|p2a: Diancie|88/100|[from] Stealth Rock\n|turn|10\n|\n|t:|1771189963\n|-zpower|p1a: Ceruledge\n|move|p1a: Ceruledge|Never-Ending Nightmare|p2a: Diancie|[zeffect]\n|-damage|p2a: Diancie|0 fnt\n|faint|p2a: Diancie\n|\n|upkeep\n|\n|t:|1771189965\n|switch|p2a: Gyarados|Gyarados, M|100/100\n|-damage|p2a: Gyarados|76/100|[from] Stealth Rock\n|turn|11\n|\n|t:|1771189982\n|move|p1a: Ceruledge|Bitter Blade|p2a: Gyarados\n|-resisted|p2a: Gyarados\n|-damage|p2a: Gyarados|43/100\n|-heal|p1a: Ceruledge|19/100|[from] drain|[of] p2a: Gyarados\n|move|p2a: Gyarados|Waterfall|p1a: Ceruledge\n|-supereffective|p1a: Ceruledge\n|-damage|p1a: Ceruledge|0 fnt\n|faint|p1a: Ceruledge\n|-ability|p2a: Gyarados|Moxie|boost\n|-boost|p2a: Gyarados|atk|1\n|\n|upkeep\n|\n|t:|1771189992\n|switch|p1a: Charizard|Charizard, M|100/100\n|-damage|p1a: Charizard|51/100|[from] Stealth Rock\n|turn|12\n|\n|t:|1771189995\n|detailschange|p1a: Charizard|Charizard-Mega-Y, M\n|-mega|p1a: Charizard|Charizard|Charizardite Y\n|-weather|SunnyDay|[from] ability: Drought|[of] p1a: Charizard\n|move|p1a: Charizard|Weather Ball|p2a: Gyarados\n|-resisted|p2a: Gyarados\n|-damage|p2a: Gyarados|0 fnt\n|faint|p2a: Gyarados\n|\n|-weather|SunnyDay|[upkeep]\n|upkeep\n|\n|t:|1771189998\n|switch|p2a: Kartana|Kartana|94/100\n|-damage|p2a: Kartana|88/100|[from] Stealth Rock\n|turn|13\n|\n|t:|1771190005\n|move|p2a: Kartana|Knock Off|p1a: Charizard\n|-damage|p1a: Charizard|13/100\n|move|p1a: Charizard|Weather Ball|p2a: Kartana\n|-supereffective|p2a: Kartana\n|-damage|p2a: Kartana|0 fnt\n|faint|p2a: Kartana\n|\n|-weather|SunnyDay|[upkeep]\n|upkeep\n|\n|t:|1771190009\n|switch|p2a: Tapu Lele|Tapu Lele|30/100\n|-damage|p2a: Tapu Lele|18/100|[from] Stealth Rock\n|-fieldstart|move: Psychic Terrain|[from] ability: Psychic Surge|[of] p2a: Tapu Lele\n|turn|14\n|\n|t:|1771190012\n|move|p1a: Charizard|Weather Ball|p2a: Tapu Lele\n|-damage|p2a: Tapu Lele|0 fnt\n|faint|p2a: Tapu Lele\n|\n|win|rasb\n|raw|rasb's rating: 1503 &rarr; <strong>1535</strong><br />(+32 for winning)\n|raw|cbmarcus's rating: 1754 &rarr; <strong>1722</strong><br />(-32 for losing)\n|l|☆cbmarcus\n|player|p2|\n", "uploadtime": 1771190012, "views": 8, "formatid": "gen9nationaldex", "rating": 1535, "private": 0, "password": null}