{"id": "gen9nationaldex-2540563450", "format": "[Gen 9] National Dex", "players": ["Crsiu", "jeans from japan"], "log": "|j|☆Crsiu\n|j|‽jeans from japan\n|t:|1771218614\n|gametype|singles\n|player|p1|Crsiu|n|1551\n|player|p2|jeans from japan|nate|1503\n|gen|9\n|tier|[Gen 9] National Dex\n|rated|\n|rule|HP Percentage Mod: HP is shown in percentages\n|rule|Endless Battle Clause: Forcing endless battles is banned\n|rule|Species Clause: Limit one of each Pokémon\n|rule|OHKO Clause: OHKO moves are banned\n|rule|Evasion Clause: Evasion abilities, items, and moves are banned\n|rule|Evasion Abilities Clause: Evasion abilities are banned\n|rule|Evasion Items Clause: Evasion items are banned\n|rule|Evasion Moves Clause: Evasion moves are banned\n|rule|Sleep Clause Mod: Limit one foe put to sleep\n|rule|Terastal Clause: You cannot Terastallize\n|clearpoke\n|poke|p1|Blaziken, M|\n|poke|p1|Rillaboom, F|\n|poke|p1|Pinsir, F|\n|poke|p1|Raging Bolt|\n|poke|p1|Hatterene, F|\n|poke|p1|Alomomola, F|\n|poke|p2|Ditto|\n|poke|p2|Pawmot, F|\n|poke|p2|Deoxys-Defense|\n|poke|p2|Cresselia, F|\n|poke|p2|Kyurem|\n|poke|p2|Corviknight, F|\n|teampreview\n|inactive|Battle timer is ON: inactive players will automatically lose when time's up. (requested by Crsiu)\n|\n|t:|1771218647\n|teamsize|p1|6\n|teamsize|p2|6\n|start\n|switch|p1a: Rillaboom|Rillaboom, F|100/100\n|switch|p2a: Cresselia|Cresselia, F|100/100\n|-fieldstart|move: Grassy Terrain|[from] ability: Grassy Surge|[of] p1a: Rillaboom\n|turn|1\n|\n|t:|1771218653\n|move|p2a: Cresselia|Trick||[still]\n|-fail|p2a: Cresselia\n|move|p1a: Rillaboom|Swords Dance|p1a: Rillaboom\n|-boost|p1a: Rillaboom|atk|2\n|\n|upkeep\n|turn|2\n|\n|t:|1771218659\n|switch|p2a: Deoxys|Deoxys-Defense|100/100\n|-ability|p2a: Deoxys|Pressure\n|move|p1a: Rillaboom|Swords Dance|p1a: Rillaboom\n|-boost|p1a: Rillaboom|atk|2\n|\n|upkeep\n|turn|3\n|\n|t:|1771218666\n|move|p2a: Deoxys|Night Shade|p1a: Rillaboom\n|-damage|p1a: Rillaboom|73/100\n|move|p1a: Rillaboom|Knock Off|p2a: Deoxys\n|-supereffective|p2a: Deoxys\n|-damage|p2a: Deoxys|0 fnt\n|-damage|p1a: Rillaboom|56/100|[from] item: Rocky Helmet|[of] p2a: Deoxys\n|-enditem|p2a: Deoxys|Rocky Helmet|[from] move: Knock Off|[of] p1a: Rillaboom\n|faint|p2a: Deoxys\n|\n|-heal|p1a: Rillaboom|62/100|[from] Grassy Terrain\n|upkeep\n|\n|t:|1771218676\n|switch|p2a: Ditto|Ditto|100/100\n|-transform|p2a: Ditto|p1a: Rillaboom|[from] ability: Imposter\n|turn|4\n|\n|t:|1771218689\n|switch|p1a: Raging Bolt|Raging Bolt|100/100\n|move|p2a: Ditto|Drain Punch|p1a: Raging Bolt\n|-damage|p1a: Raging Bolt|27/100\n|\n|-heal|p1a: Raging Bolt|34/100|[from] Grassy Terrain\n|upkeep\n|turn|5\n|\n|t:|1771218696\n|-end|p1a: Raging Bolt|Protosynthesis|[silent]\n|switch|p1a: Hatterene|Hatterene, F|100/100\n|move|p2a: Ditto|Drain Punch|p1a: Hatterene\n|-resisted|p1a: Hatterene\n|-damage|p1a: Hatterene|78/100\n|\n|-heal|p1a: Hatterene|84/100|[from] Grassy Terrain\n|-fieldend|move: Grassy Terrain\n|upkeep\n|turn|6\n|\n|t:|1771218702\n|switch|p2a: Cresselia|Cresselia, F|100/100\n|move|p1a: Hatterene|Nuzzle|p2a: Cresselia\n|-damage|p2a: Cresselia|98/100\n|-status|p2a: Cresselia|par\n|\n|upkeep\n|turn|7\n|\n|t:|1771218721\n|move|p2a: Cresselia|Thunder Wave|p1a: Hatterene\n|move|p1a: Hatterene|Thunder Wave|p2a: Cresselia|[from] ability: Magic Bounce\n|-fail|p2a: Cresselia|par\n|move|p1a: Hatterene|Draining Kiss|p2a: Cresselia\n|-crit|p2a: Cresselia\n|-damage|p2a: Cresselia|74/100 par\n|-heal|p1a: Hatterene|100/100|[from] drain|[of] p2a: Cresselia\n|\n|upkeep\n|turn|8\n|\n|t:|1771218730\n|cant|p2a: Cresselia|par\n|move|p1a: Hatterene|Psychic Noise|p2a: Cresselia\n|-resisted|p2a: Cresselia\n|-damage|p2a: Cresselia|63/100 par\n|-start|p2a: Cresselia|move: Heal Block\n|\n|upkeep\n|turn|9\n|\n|t:|1771218740\n|switch|p2a: Corviknight|Corviknight, F, shiny|100/100\n|-ability|p2a: Corviknight|Pressure\n|move|p1a: Hatterene|Mystical Fire|p2a: Corviknight\n|-supereffective|p2a: Corviknight\n|-damage|p2a: Corviknight|62/100\n|-unboost|p2a: Corviknight|spa|1\n|\n|-heal|p2a: Corviknight|68/100|[from] item: Leftovers\n|upkeep\n|turn|10\n|inactive|Crsiu has 120 seconds left.\n|l|☆Crsiu\n|inactive|Crsiu disconnected and has a minute to reconnect!\n|player|p1|\n|j|☆Crsiu\n|inactive|Crsiu reconnected and has 110 seconds left.\n|player|p1|Crsiu|n|\n|\n|t:|1771218791\n|move|p2a: Corviknight|Substitute|p2a: Corviknight\n|-start|p2a: Corviknight|Substitute\n|-damage|p2a: Corviknight|43/100\n|move|p1a: Hatterene|Mystical Fire|p2a: Corviknight\n|-supereffective|p2a: Corviknight\n|-end|p2a: Corviknight|Substitute\n|\n|-heal|p2a: Corviknight|49/100|[from] item: Leftovers\n|upkeep\n|turn|11\n|inactive|jeans from japan has 120 seconds left.\n|c|☆Crsiu|1\n|inactive|jeans from japan has 90 seconds left.\n|\n|t:|1771218876\n|move|p2a: Corviknight|Substitute|p2a: Corviknight\n|-start|p2a: Corviknight|Substitute\n|-damage|p2a: Corviknight|24/100\n|move|p1a: Hatterene|Mystical Fire|p2a: Corviknight\n|-supereffective|p2a: Corviknight\n|-end|p2a: Corviknight|Substitute\n|\n|-heal|p2a: Corviknight|30/100|[from] item: Leftovers\n|upkeep\n|turn|12\n|\n|t:|1771218882\n|move|p2a: Corviknight|Roost|p2a: Corviknight\n|-heal|p2a: Corviknight|80/100\n|-singleturn|p2a: Corviknight|move: Roost\n|move|p1a: Hatterene|Psychic Noise|p2a: Corviknight\n|-resisted|p2a: Corviknight\n|-damage|p2a: Corviknight|66/100\n|-start|p2a: Corviknight|move: Heal Block\n|\n|upkeep\n|turn|13\n|\n|t:|1771218885\n|move|p2a: Corviknight|Substitute|p2a: Corviknight\n|-start|p2a: Corviknight|Substitute\n|-damage|p2a: Corviknight|42/100\n|move|p1a: Hatterene|Mystical Fire|p2a: Corviknight\n|-supereffective|p2a: Corviknight\n|-end|p2a: Corviknight|Substitute\n|\n|-end|p2a: Corviknight|move: Heal Block\n|upkeep\n|turn|14\n|\n|t:|1771218888\n|move|p2a: Corviknight|Roost|p2a: Corviknight\n|-heal|p2a: Corviknight|92/100\n|-singleturn|p2a: Corviknight|move: Roost\n|move|p1a: Hatterene|Mystical Fire|p2a: Corviknight\n|-supereffective|p2a: Corviknight\n|-crit|p2a: Corviknight\n|-damage|p2a: Corviknight|33/100\n|-unboost|p2a: Corviknight|spa|1\n|\n|-heal|p2a: Corviknight|39/100|[from] item: Leftovers\n|upkeep\n|turn|15\n|\n|t:|1771218894\n|move|p2a: Corviknight|Roost|p2a: Corviknight\n|-heal|p2a: Corviknight|89/100\n|-singleturn|p2a: Corviknight|move: Roost\n|move|p1a: Hatterene|Psychic Noise|p2a: Corviknight\n|-resisted|p2a: Corviknight\n|-damage|p2a: Corviknight|75/100\n|-start|p2a: Corviknight|move: Heal Block\n|\n|upkeep\n|turn|16\n|\n|t:|1771218901\n|move|p2a: Corviknight|Substitute|p2a: Corviknight\n|-start|p2a: Corviknight|Substitute\n|-damage|p2a: Corviknight|50/100\n|move|p1a: Hatterene|Mystical Fire|p2a: Corviknight\n|-supereffective|p2a: Corviknight\n|-end|p2a: Corviknight|Substitute\n|\n|-end|p2a: Corviknight|move: Heal Block\n|upkeep\n|turn|17\n|\n|t:|1771218912\n|move|p2a: Corviknight|Substitute|p2a: Corviknight\n|-start|p2a: Corviknight|Substitute\n|-damage|p2a: Corviknight|26/100\n|move|p1a: Hatterene|Nuzzle|p2a: Corviknight\n|-supereffective|p2a: Corviknight\n|-activate|p2a: Corviknight|move: Substitute|[damage]\n|\n|-heal|p2a: Corviknight|32/100|[from] item: Leftovers\n|upkeep\n|turn|18\n|\n|t:|1771218927\n|switch|p1a: Raging Bolt|Raging Bolt|34/100\n|move|p2a: Corviknight|Roost|p2a: Corviknight\n|-heal|p2a: Corviknight|82/100\n|-singleturn|p2a: Corviknight|move: Roost\n|\n|-heal|p2a: Corviknight|88/100|[from] item: Leftovers\n|upkeep\n|turn|19\n|\n|t:|1771218931\n|move|p1a: Raging Bolt|Volt Switch|p2a: Corviknight\n|-supereffective|p2a: Corviknight\n|-end|p2a: Corviknight|Substitute\n|\n|t:|1771218936\n|-end|p1a: Raging Bolt|Protosynthesis|[silent]\n|switch|p1a: Blaziken|Blaziken, M, shiny|100/100|[from] Volt Switch\n|move|p2a: Corviknight|Brave Bird|p1a: Blaziken\n|-supereffective|p1a: Blaziken\n|-damage|p1a: Blaziken|0 fnt\n|faint|p1a: Blaziken\n|-damage|p2a: Corviknight|63/100|[from] Recoil\n|\n|-heal|p2a: Corviknight|69/100|[from] item: Leftovers\n|upkeep\n|\n|t:|1771218941\n|switch|p1a: Raging Bolt|Raging Bolt|34/100\n|turn|20\n|\n|t:|1771218946\n|switch|p2a: Pawmot|Pawmot, F|100/100\n|move|p1a: Raging Bolt|Draco Meteor|p2a: Pawmot\n|-damage|p2a: Pawmot|0 fnt\n|-unboost|p1a: Raging Bolt|spa|2\n|faint|p2a: Pawmot\n|\n|upkeep\n|\n|t:|1771218948\n|switch|p2a: Kyurem|Kyurem|100/100\n|-ability|p2a: Kyurem|Pressure\n|turn|21\n|\n|t:|1771218956\n|-end|p1a: Raging Bolt|Protosynthesis|[silent]\n|switch|p1a: Alomomola|Alomomola, F|100/100\n|move|p2a: Kyurem|Dragon Dance|p2a: Kyurem\n|-boost|p2a: Kyurem|atk|1\n|-boost|p2a: Kyurem|spe|1\n|\n|upkeep\n|turn|22\n|\n|t:|1771218959\n|move|p2a: Kyurem|Substitute|p2a: Kyurem\n|-start|p2a: Kyurem|Substitute\n|-damage|p2a: Kyurem|76/100\n|move|p1a: Alomomola|Toxic||[still]\n|-fail|p1a: Alomomola\n|\n|-heal|p2a: Kyurem|82/100|[from] item: Leftovers\n|upkeep\n|turn|23\n|\n|t:|1771218968\n|move|p2a: Kyurem|Dragon Dance|p2a: Kyurem\n|-boost|p2a: Kyurem|atk|1\n|-boost|p2a: Kyurem|spe|1\n|move|p1a: Alomomola|Flip Turn|p2a: Kyurem\n|-resisted|p2a: Kyurem\n|-activate|p2a: Kyurem|move: Substitute|[damage]\n|\n|t:|1771218978\n|switch|p1a: Hatterene|Hatterene, F|100/100|[from] Flip Turn\n|\n|-heal|p2a: Kyurem|88/100|[from] item: Leftovers\n|upkeep\n|turn|24\n|\n|t:|1771218983\n|move|p2a: Kyurem|Icicle Spear|p1a: Hatterene\n|-damage|p1a: Hatterene|76/100\n|-damage|p1a: Hatterene|50/100\n|-damage|p1a: Hatterene|26/100\n|-damage|p1a: Hatterene|2/100\n|-damage|p1a: Hatterene|0 fnt\n|faint|p1a: Hatterene\n|-hitcount|p1: Hatterene|5\n|\n|-heal|p2a: Kyurem|94/100|[from] item: Leftovers\n|upkeep\n|\n|t:|1771218991\n|switch|p1a: Pinsir|Pinsir, F|100/100\n|turn|25\n|\n|t:|1771219001\n|detailschange|p1a: Pinsir|Pinsir-Mega, F\n|-mega|p1a: Pinsir|Pinsir|Pinsirite\n|move|p1a: Pinsir|Quick Attack|p2a: Kyurem\n|-end|p2a: Kyurem|Substitute\n|move|p2a: Kyurem|Icicle Spear|p1a: Pinsir\n|-supereffective|p1a: Pinsir\n|-damage|p1a: Pinsir|53/100\n|-supereffective|p1a: Pinsir\n|-damage|p1a: Pinsir|3/100\n|-supereffective|p1a: Pinsir\n|-damage|p1a: Pinsir|0 fnt\n|faint|p1a: Pinsir\n|detailschange|p1: Pinsir|Pinsir, F|[silent]\n|-hitcount|p1: Pinsir|3\n|\n|-heal|p2a: Kyurem|99/100|[from] item: Leftovers\n|upkeep\n|inactive|Crsiu has 120 seconds left.\n|inactive|Crsiu has 90 seconds left.\n|inactive|Crsiu has 60 seconds left.\n|inactive|Crsiu has 30 seconds left.\n|inactive|Crsiu has 20 seconds left.\n|inactive|Crsiu has 15 seconds left.\n|inactive|Crsiu has 10 seconds left.\n|inactive|Crsiu has 5 seconds left.\n|-message|Crsiu lost due to inactivity.\n|\n|win|jeans from japan\n|raw|Crsiu's rating: 1551 &rarr; <strong>1530</strong><br />(-21 for losing)\n|raw|jeans from japan's rating: 1527 &rarr; <strong>1548</strong><br />(+21 for winning)\n", "uploadtime": 1771219521, "views": 7, "formatid": "gen9nationaldex", "rating": 1530, "private": 0, "password": null}