{"id": "gen9nationaldex-2540528355", "format": "[Gen 9] National Dex", "players": ["WQX M7", "dragon god111龙王"], "log": "|j|☆WQX M7\n|j|☆dragon god111龙王\n|t:|1771213483\n|gametype|singles\n|player|p1|WQX M7|red-gen1|1538\n|player|p2|dragon god111龙王|pokemaniac|1517\n|gen|9\n|tier|[Gen 9] National Dex\n|rated|\n|rule|HP Percentage Mod: HP is shown in percentages\n|rule|Endless Battle Clause: Forcing endless battles is banned\n|rule|Species Clause: Limit one of each Pokémon\n|rule|OHKO Clause: OHKO moves are banned\n|rule|Evasion Clause: Evasion abilities, items, and moves are banned\n|rule|Evasion Abilities Clause: Evasion abilities are banned\n|rule|Evasion Items Clause: Evasion items are banned\n|rule|Evasion Moves Clause: Evasion moves are banned\n|rule|Sleep Clause Mod: Limit one foe put to sleep\n|rule|Terastal Clause: You cannot Terastallize\n|clearpoke\n|poke|p1|Urshifu-*, M|\n|poke|p1|Moltres|\n|poke|p1|Mamoswine, M|\n|poke|p1|Diancie|\n|poke|p1|Raging Bolt|\n|poke|p1|Kingambit, M|\n|poke|p2|Camerupt, M|\n|poke|p2|Rillaboom, M|\n|poke|p2|Terapagos, M|\n|poke|p2|Lucario, M|\n|poke|p2|Pecharunt|\n|poke|p2|Greninja-*, M|\n|teampreview\n|inactive|Battle timer is ON: inactive players will automatically lose when time's up. (requested by dragon god111龙王)\n|inactive|WQX M7 also wants the timer to be on.\n|\n|t:|1771213505\n|teamsize|p1|6\n|teamsize|p2|6\n|start\n|switch|p1a: Urshifu|Urshifu-Rapid-Strike, M|100/100\n|switch|p2a: Rillaboom|Rillaboom, M|100/100\n|-fieldstart|move: Grassy Terrain|[from] ability: Grassy Surge|[of] p2a: Rillaboom\n|turn|1\n|\n|t:|1771213511\n|switch|p1a: Moltres|Moltres|100/100\n|switch|p2a: Pecharunt|Pecharunt|100/100\n|\n|upkeep\n|turn|2\n|\n|t:|1771213515\n|switch|p1a: Kingambit|Kingambit, M|100/100\n|move|p2a: Pecharunt|Malignant Chain|p1a: Kingambit\n|-immune|p1a: Kingambit\n|\n|upkeep\n|turn|3\n|\n|t:|1771213521\n|move|p2a: Pecharunt|Parting Shot|p1a: Kingambit\n|-unboost|p1a: Kingambit|atk|1\n|-unboost|p1a: Kingambit|spa|1\n|-activate|p2a: Pecharunt|move: Pursuit\n|move|p1a: Kingambit|Pursuit|p2a: Pecharunt|[from] Pursuit\n|-supereffective|p2a: Pecharunt\n|-damage|p2a: Pecharunt|48/100\n|-damage|p1a: Kingambit|84/100|[from] item: Rocky Helmet|[of] p2a: Pecharunt\n|\n|t:|1771213532\n|switch|p2a: Camerupt|Camerupt, M|100/100|[from] Parting Shot\n|\n|-heal|p1a: Kingambit|90/100|[from] Grassy Terrain\n|upkeep\n|turn|4\n|\n|t:|1771213538\n|-end|p1a: Kingambit|fallenundefined|[silent]\n|switch|p1a: Raging Bolt|Raging Bolt|100/100\n|detailschange|p2a: Camerupt|Camerupt-Mega, M\n|-mega|p2a: Camerupt|Camerupt|Cameruptite\n|move|p2a: Camerupt|Earth Power|p1a: Raging Bolt\n|-supereffective|p1a: Raging Bolt\n|-damage|p1a: Raging Bolt|47/100\n|\n|-heal|p1a: Raging Bolt|53/100|[from] Grassy Terrain\n|upkeep\n|turn|5\n|\n|t:|1771213549\n|switch|p2a: Lucario|Lucario, M|100/100\n|move|p1a: Raging Bolt|Draco Meteor|p2a: Lucario|[miss]\n|-miss|p1a: Raging Bolt|p2a: Lucario\n|\n|-heal|p1a: Raging Bolt|60/100|[from] Grassy Terrain\n|-fieldend|move: Grassy Terrain\n|upkeep\n|turn|6\n|\n|t:|1771213558\n|-end|p1a: Raging Bolt|Protosynthesis|[silent]\n|switch|p1a: Moltres|Moltres|100/100\n|move|p2a: Lucario|Earthquake|p1a: Moltres\n|-immune|p1a: Moltres\n|\n|upkeep\n|turn|7\n|\n|t:|1771213567\n|switch|p2a: Camerupt|Camerupt-Mega, M|100/100\n|move|p1a: Moltres|U-turn|p2a: Camerupt\n|-resisted|p2a: Camerupt\n|-damage|p2a: Camerupt|93/100\n|\n|t:|1771213569\n|switch|p1a: Urshifu|Urshifu-Rapid-Strike, M|100/100|[from] U-turn\n|\n|upkeep\n|turn|8\n|\n|t:|1771213572\n|switch|p2a: Pecharunt|Pecharunt|48/100\n|move|p1a: Urshifu|U-turn|p2a: Pecharunt\n|-resisted|p2a: Pecharunt\n|-damage|p2a: Pecharunt|45/100\n|-damage|p1a: Urshifu|84/100|[from] item: Rocky Helmet|[of] p2a: Pecharunt\n|\n|t:|1771213577\n|switch|p1a: Mamoswine|Mamoswine, M|100/100|[from] U-turn\n|\n|upkeep\n|turn|9\n|\n|t:|1771213582\n|move|p1a: Mamoswine|Earthquake|p2a: Pecharunt\n|-supereffective|p2a: Pecharunt\n|-damage|p2a: Pecharunt|0 fnt\n|faint|p2a: Pecharunt\n|-damage|p1a: Mamoswine|91/100|[from] item: Life Orb\n|\n|upkeep\n|\n|t:|1771213589\n|switch|p2a: Greninja|Greninja, M|100/100\n|turn|10\n|\n|t:|1771213601\n|-zpower|p2a: Greninja\n|move|p2a: Greninja|Hydro Vortex|p1a: Mamoswine|[zeffect]\n|-supereffective|p1a: Mamoswine\n|-damage|p1a: Mamoswine|0 fnt\n|faint|p1a: Mamoswine\n|-ability|p2a: Greninja|Battle Bond|boost\n|-boost|p2a: Greninja|atk|1\n|-boost|p2a: Greninja|spa|1\n|-boost|p2a: Greninja|spe|1\n|-activate|p2a: Greninja|ability: Battle Bond\n|\n|upkeep\n|\n|t:|1771213607\n|switch|p1a: Urshifu|Urshifu-Rapid-Strike, M|84/100\n|turn|11\n|\n|t:|1771213617\n|move|p2a: Greninja|Surf|p1a: Urshifu\n|-resisted|p1a: Urshifu\n|-damage|p1a: Urshifu|42/100\n|move|p1a: Urshifu|Close Combat|p2a: Greninja\n|-supereffective|p2a: Greninja\n|-damage|p2a: Greninja|0 fnt\n|-unboost|p1a: Urshifu|def|1\n|-unboost|p1a: Urshifu|spd|1\n|faint|p2a: Greninja\n|\n|upkeep\n|\n|t:|1771213641\n|switch|p2a: Rillaboom|Rillaboom, M|100/100\n|-fieldstart|move: Grassy Terrain|[from] ability: Grassy Surge|[of] p2a: Rillaboom\n|turn|12\n|\n|t:|1771213647\n|switch|p1a: Moltres|Moltres|100/100\n|switch|p2a: Camerupt|Camerupt-Mega, M|93/100\n|\n|-heal|p2a: Camerupt|99/100|[from] Grassy Terrain\n|upkeep\n|turn|13\n|\n|t:|1771213653\n|move|p1a: Moltres|U-turn|p2a: Camerupt\n|-resisted|p2a: Camerupt\n|-damage|p2a: Camerupt|92/100\n|\n|t:|1771213656\n|switch|p1a: Diancie|Diancie|100/100|[from] U-turn\n|move|p2a: Camerupt|Earth Power|p1a: Diancie\n|-supereffective|p1a: Diancie\n|-damage|p1a: Diancie|0 fnt\n|faint|p1a: Diancie\n|\n|-heal|p2a: Camerupt|98/100|[from] Grassy Terrain\n|upkeep\n|\n|t:|1771213659\n|switch|p1a: Kingambit|Kingambit, M|90/100\n|-activate|p1a: Kingambit|ability: Supreme Overlord\n|-start|p1a: Kingambit|fallen2|[silent]\n|turn|14\n|\n|t:|1771213667\n|move|p1a: Kingambit|Knock Off|p2a: Camerupt\n|-damage|p2a: Camerupt|29/100\n|move|p2a: Camerupt|Earth Power|p1a: Kingambit\n|-supereffective|p1a: Kingambit\n|-damage|p1a: Kingambit|0 fnt\n|faint|p1a: Kingambit\n|-end|p1a: Kingambit|fallen2|[silent]\n|\n|-heal|p2a: Camerupt|35/100|[from] Grassy Terrain\n|upkeep\n|\n|t:|1771213671\n|switch|p1a: Urshifu|Urshifu-Rapid-Strike, M|42/100\n|turn|15\n|\n|t:|1771213678\n|move|p1a: Urshifu|Close Combat|p2a: Camerupt\n|-damage|p2a: Camerupt|0 fnt\n|-unboost|p1a: Urshifu|def|1\n|-unboost|p1a: Urshifu|spd|1\n|faint|p2a: Camerupt\n|detailschange|p2: Camerupt|Camerupt, M|[silent]\n|\n|-heal|p1a: Urshifu|49/100|[from] Grassy Terrain\n|upkeep\n|\n|t:|1771213685\n|switch|p2a: Rillaboom|Rillaboom, M|100/100\n|turn|16\n|\n|t:|1771213689\n|switch|p1a: Moltres|Moltres|100/100\n|switch|p2a: Terapagos|Terapagos, M|100/100\n|-activate|p2a: Terapagos|ability: Tera Shift\n|detailschange|p2a: Terapagos|Terapagos-Terastal, M\n|-heal|p2a: Terapagos|100/100|[silent]\n|\n|-fieldend|move: Grassy Terrain\n|upkeep\n|turn|17\n|\n|t:|1771213696\n|move|p1a: Moltres|U-turn|p2a: Terapagos\n|-activate|p2a: Terapagos|ability: Tera Shell\n|-resisted|p2a: Terapagos\n|-damage|p2a: Terapagos|95/100\n|\n|t:|1771213699\n|switch|p1a: Raging Bolt|Raging Bolt|60/100|[from] U-turn\n|move|p2a: Terapagos|Tera Starstorm|p1a: Raging Bolt\n|-damage|p1a: Raging Bolt|36/100\n|\n|upkeep\n|turn|18\n|\n|t:|1771213709\n|move|p2a: Terapagos|Tera Starstorm|p1a: Raging Bolt\n|-damage|p1a: Raging Bolt|12/100\n|move|p1a: Raging Bolt|Volt Switch|p2a: Terapagos\n|-damage|p2a: Terapagos|72/100\n|\n|t:|1771213713\n|-end|p1a: Raging Bolt|Protosynthesis|[silent]\n|switch|p1a: Urshifu|Urshifu-Rapid-Strike, M|49/100|[from] Volt Switch\n|\n|upkeep\n|turn|19\n|\n|t:|1771213722\n|switch|p2a: Lucario|Lucario, M|100/100\n|move|p1a: Urshifu|Close Combat|p2a: Lucario\n|-supereffective|p2a: Lucario\n|-damage|p2a: Lucario|0 fnt\n|-unboost|p1a: Urshifu|def|1\n|-unboost|p1a: Urshifu|spd|1\n|faint|p2a: Lucario\n|\n|upkeep\n|\n|t:|1771213728\n|switch|p2a: Rillaboom|Rillaboom, M|100/100\n|-fieldstart|move: Grassy Terrain|[from] ability: Grassy Surge|[of] p2a: Rillaboom\n|turn|20\n|\n|t:|1771213734\n|switch|p1a: Moltres|Moltres|100/100\n|switch|p2a: Terapagos|Terapagos-Terastal, M|72/100\n|\n|-heal|p2a: Terapagos|78/100|[from] Grassy Terrain\n|upkeep\n|turn|21\n|\n|t:|1771213740\n|move|p1a: Moltres|U-turn|p2a: Terapagos\n|-damage|p2a: Terapagos|66/100\n|\n|t:|1771213742\n|switch|p1a: Raging Bolt|Raging Bolt|12/100|[from] U-turn\n|move|p2a: Terapagos|Tera Starstorm|p1a: Raging Bolt\n|-damage|p1a: Raging Bolt|0 fnt\n|faint|p1a: Raging Bolt\n|-end|p1a: Raging Bolt|Protosynthesis|[silent]\n|\n|-heal|p2a: Terapagos|73/100|[from] Grassy Terrain\n|upkeep\n|\n|t:|1771213744\n|switch|p1a: Urshifu|Urshifu-Rapid-Strike, M|49/100\n|turn|22\n|\n|t:|1771213750\n|switch|p2a: Rillaboom|Rillaboom, M|100/100\n|move|p1a: Urshifu|U-turn|p2a: Rillaboom\n|-supereffective|p2a: Rillaboom\n|-damage|p2a: Rillaboom|57/100\n|\n|t:|1771213752\n|switch|p1a: Moltres|Moltres|100/100|[from] U-turn\n|\n|-heal|p2a: Rillaboom|63/100|[from] Grassy Terrain\n|upkeep\n|turn|23\n|\n|t:|1771213764\n|move|p1a: Moltres|Flamethrower|p2a: Rillaboom\n|-supereffective|p2a: Rillaboom\n|-damage|p2a: Rillaboom|8/100\n|move|p2a: Rillaboom|U-turn|p1a: Moltres\n|-resisted|p1a: Moltres\n|-damage|p1a: Moltres|96/100\n|\n|t:|1771213767\n|switch|p2a: Terapagos|Terapagos-Terastal, M|73/100|[from] U-turn\n|\n|-heal|p2a: Terapagos|79/100|[from] Grassy Terrain\n|upkeep\n|turn|24\n|\n|t:|1771213770\n|move|p1a: Moltres|U-turn|p2a: Terapagos\n|-damage|p2a: Terapagos|67/100\n|\n|t:|1771213771\n|switch|p1a: Urshifu|Urshifu-Rapid-Strike, M|49/100|[from] U-turn\n|move|p2a: Terapagos|Tera Starstorm|p1a: Urshifu\n|-crit|p1a: Urshifu\n|-damage|p1a: Urshifu|0 fnt\n|faint|p1a: Urshifu\n|\n|-heal|p2a: Terapagos|73/100|[from] Grassy Terrain\n|-fieldend|move: Grassy Terrain\n|upkeep\n|\n|t:|1771213773\n|switch|p1a: Moltres|Moltres|96/100\n|turn|25\n|\n|t:|1771213780\n|move|p1a: Moltres|Flamethrower|p2a: Terapagos\n|-damage|p2a: Terapagos|42/100\n|move|p2a: Terapagos|Tera Starstorm|p1a: Moltres\n|-crit|p1a: Moltres\n|-damage|p1a: Moltres|8/100\n|\n|upkeep\n|turn|26\n|\n|t:|1771213786\n|move|p1a: Moltres|Flamethrower|p2a: Terapagos\n|-damage|p2a: Terapagos|9/100\n|-status|p2a: Terapagos|brn\n|move|p2a: Terapagos|Tera Starstorm|p1a: Moltres\n|-damage|p1a: Moltres|0 fnt\n|faint|p1a: Moltres\n|\n|win|dragon god111龙王\n|raw|WQX M7's rating: 1538 &rarr; <strong>1517</strong><br />(-21 for losing)\n|raw|dragon god111龙王's rating: 1517 &rarr; <strong>1538</strong><br />(+21 for winning)\n|l|☆WQX M7\n|player|p1|\n|l|☆dragon god111龙王\n|player|p2|\n|j|☆dragon god111龙王\n|player|p2|dragon god111龙王|pokemaniac|\n", "uploadtime": 1771213795, "views": 6, "formatid": "gen9nationaldex", "rating": 1517, "private": 0, "password": null}