{"id": "gen9nationaldex-2540224581", "format": "[Gen 9] National Dex", "players": ["My Pal Pawmot", "yjw123"], "log": "|j|☆My Pal Pawmot\n|j|☆yjw123\n|t:|1771177808\n|gametype|singles\n|player|p1|My Pal Pawmot|bea-masters|1606\n|player|p2|yjw123|266|1644\n|gen|9\n|tier|[Gen 9] National Dex\n|rated|\n|rule|HP Percentage Mod: HP is shown in percentages\n|rule|Endless Battle Clause: Forcing endless battles is banned\n|rule|Species Clause: Limit one of each Pokémon\n|rule|OHKO Clause: OHKO moves are banned\n|rule|Evasion Clause: Evasion abilities, items, and moves are banned\n|rule|Evasion Abilities Clause: Evasion abilities are banned\n|rule|Evasion Items Clause: Evasion items are banned\n|rule|Evasion Moves Clause: Evasion moves are banned\n|rule|Sleep Clause Mod: Limit one foe put to sleep\n|rule|Terastal Clause: You cannot Terastallize\n|clearpoke\n|poke|p1|Pawmot, M|\n|poke|p1|Hoopa-Unbound|\n|poke|p1|Gliscor, F|\n|poke|p1|Melmetal|\n|poke|p1|Alomomola, M|\n|poke|p1|Zapdos|\n|poke|p2|Tapu Lele|\n|poke|p2|Urshifu-*, F|\n|poke|p2|Raging Bolt|\n|poke|p2|Empoleon, F|\n|poke|p2|Banette, F|\n|poke|p2|Landorus-Therian, M|\n|teampreview\n|inactive|Battle timer is ON: inactive players will automatically lose when time's up. (requested by My Pal Pawmot)\n|\n|t:|1771177827\n|teamsize|p1|6\n|teamsize|p2|6\n|start\n|switch|p1a: Pawmot|Pawmot, M|100/100\n|switch|p2a: Tapu Lele|Tapu Lele|100/100\n|-fieldstart|move: Psychic Terrain|[from] ability: Psychic Surge|[of] p2a: Tapu Lele\n|turn|1\n|\n|t:|1771177837\n|move|p1a: Pawmot|Volt Switch|p2a: Tapu Lele\n|-damage|p2a: Tapu Lele|82/100\n|\n|t:|1771177841\n|switch|p1a: Melmetal|Melmetal|100/100|[from] Volt Switch\n|move|p2a: Tapu Lele|Hidden Power|p1a: Melmetal\n|-supereffective|p1a: Melmetal\n|-damage|p1a: Melmetal|73/100\n|\n|upkeep\n|turn|2\n|\n|t:|1771177849\n|switch|p2a: Empoleon|Empoleon, F|100/100\n|switch|p1a: Gliscor|Gliscor, F|100/100\n|\n|-status|p1a: Gliscor|tox|[from] item: Toxic Orb\n|upkeep\n|turn|3\n|\n|t:|1771177857\n|switch|p1a: Alomomola|Alomomola, M|100/100\n|switch|p2a: Landorus|Landorus-Therian, M|100/100\n|-ability|p2a: Landorus|Intimidate|boost\n|-unboost|p1a: Alomomola|atk|1\n|\n|upkeep\n|turn|4\n|\n|t:|1771177862\n|move|p2a: Landorus|Stealth Rock|p1a: Alomomola\n|-sidestart|p1: My Pal Pawmot|move: Stealth Rock\n|move|p1a: Alomomola|Flip Turn|p2a: Landorus\n|-supereffective|p2a: Landorus\n|-damage|p2a: Landorus|83/100\n|-damage|p1a: Alomomola|84/100|[from] item: Rocky Helmet|[of] p2a: Landorus\n|\n|t:|1771177864\n|switch|p1a: Gliscor|Gliscor, F|100/100 tox|[from] Flip Turn\n|-damage|p1a: Gliscor|88/100 tox|[from] Stealth Rock\n|\n|-heal|p1a: Gliscor|100/100 tox|[from] ability: Poison Heal\n|upkeep\n|turn|5\n|\n|t:|1771177867\n|move|p1a: Gliscor|Spikes|p2a: Landorus\n|-sidestart|p2: yjw123|Spikes\n|move|p2a: Landorus|U-turn|p1a: Gliscor\n|-resisted|p1a: Gliscor\n|-damage|p1a: Gliscor|93/100 tox\n|\n|t:|1771177870\n|switch|p2a: Tapu Lele|Tapu Lele|82/100|[from] U-turn\n|-damage|p2a: Tapu Lele|70/100|[from] Spikes\n|\n|-heal|p1a: Gliscor|100/100 tox|[from] ability: Poison Heal\n|-fieldend|move: Psychic Terrain\n|upkeep\n|turn|6\n|\n|t:|1771177878\n|move|p2a: Tapu Lele|Future Sight|p1a: Gliscor\n|-start|p2a: Tapu Lele|move: Future Sight\n|move|p1a: Gliscor|Spikes|p2a: Tapu Lele\n|-sidestart|p2: yjw123|Spikes\n|\n|upkeep\n|turn|7\n|\n|t:|1771177882\n|-zpower|p2a: Tapu Lele\n|move|p2a: Tapu Lele|Shattered Psyche|p1a: Gliscor|[zeffect]\n|-damage|p1a: Gliscor|2/100 tox\n|move|p1a: Gliscor|Toxic|p2a: Tapu Lele\n|-status|p2a: Tapu Lele|tox\n|\n|-damage|p2a: Tapu Lele|64/100 tox|[from] psn\n|-heal|p1a: Gliscor|15/100 tox|[from] ability: Poison Heal\n|upkeep\n|turn|8\n|\n|t:|1771177892\n|switch|p2a: Empoleon|Empoleon, F|100/100\n|-damage|p2a: Empoleon|84/100|[from] Spikes\n|switch|p1a: Melmetal|Melmetal|73/100\n|-damage|p1a: Melmetal|67/100|[from] Stealth Rock\n|\n|-end|p1a: Melmetal|move: Future Sight\n|-resisted|p1a: Melmetal\n|-damage|p1a: Melmetal|49/100\n|upkeep\n|turn|9\n|\n|t:|1771177900\n|switch|p1a: Alomomola|Alomomola, M|100/100\n|move|p2a: Empoleon|Defog|p1a: Alomomola\n|-unboost|p1a: Alomomola|evasion|1\n|-sideend|p1: My Pal Pawmot|Stealth Rock|[from] move: Defog|[of] p2a: Empoleon\n|-sideend|p2: yjw123|Spikes|[from] move: Defog|[of] p2a: Empoleon\n|\n|upkeep\n|turn|10\n|\n|t:|1771177909\n|move|p2a: Empoleon|Roost|p2a: Empoleon\n|-heal|p2a: Empoleon|100/100\n|-singleturn|p2a: Empoleon|move: Roost\n|move|p1a: Alomomola|Wish|p1a: Alomomola\n|\n|upkeep\n|turn|11\n|\n|t:|1771177914\n|move|p1a: Alomomola|Flip Turn|p2a: Empoleon\n|-resisted|p2a: Empoleon\n|-damage|p2a: Empoleon|93/100\n|\n|t:|1771177917\n|switch|p1a: Melmetal|Melmetal|49/100|[from] Flip Turn\n|move|p2a: Empoleon|Roar|p1a: Melmetal\n|drag|p1a: Zapdos|Zapdos|100/100\n|\n|upkeep\n|turn|12\n|\n|t:|1771177924\n|switch|p2a: Raging Bolt|Raging Bolt|100/100\n|move|p1a: Zapdos|Volt Switch|p2a: Raging Bolt\n|-resisted|p2a: Raging Bolt\n|-damage|p2a: Raging Bolt|94/100\n|\n|t:|1771177927\n|switch|p1a: Gliscor|Gliscor, F|15/100 tox|[from] Volt Switch\n|\n|-heal|p1a: Gliscor|27/100 tox|[from] ability: Poison Heal\n|upkeep\n|turn|13\n|\n|t:|1771177934\n|move|p1a: Gliscor|Protect|p1a: Gliscor\n|-singleturn|p1a: Gliscor|Protect\n|move|p2a: Raging Bolt|Draco Meteor|p1a: Gliscor\n|-activate|p1a: Gliscor|move: Protect\n|\n|-heal|p1a: Gliscor|39/100 tox|[from] ability: Poison Heal\n|upkeep\n|turn|14\n|\n|t:|1771177942\n|switch|p1a: Alomomola|Alomomola, M|100/100\n|move|p2a: Raging Bolt|Draco Meteor|p1a: Alomomola|[miss]\n|-miss|p2a: Raging Bolt|p1a: Alomomola\n|\n|upkeep\n|turn|15\n|\n|t:|1771177948\n|switch|p1a: Gliscor|Gliscor, F|39/100 tox\n|move|p2a: Raging Bolt|Draco Meteor|p1a: Gliscor\n|-damage|p1a: Gliscor|0 fnt\n|-unboost|p2a: Raging Bolt|spa|2\n|faint|p1a: Gliscor\n|\n|upkeep\n|\n|t:|1771177952\n|switch|p1a: Alomomola|Alomomola, M|100/100\n|turn|16\n|\n|t:|1771177957\n|-end|p2a: Raging Bolt|Protosynthesis|[silent]\n|switch|p2a: Banette|Banette, F|100/100\n|move|p1a: Alomomola|Wish|p1a: Alomomola\n|\n|upkeep\n|turn|17\n|\n|t:|1771177964\n|detailschange|p2a: Banette|Banette-Mega, F\n|-mega|p2a: Banette|Banette|Banettite\n|move|p2a: Banette|Encore|p1a: Alomomola\n|-start|p1a: Alomomola|Encore\n|move|p1a: Alomomola|Wish||[still]\n|-fail|p1a: Alomomola\n|\n|upkeep\n|turn|18\n|\n|t:|1771177968\n|switch|p1a: Melmetal|Melmetal|49/100\n|move|p2a: Banette|Poltergeist|p1a: Melmetal\n|-activate|p1a: Melmetal|move: Poltergeist|Assault Vest\n|-damage|p1a: Melmetal|6/100\n|\n|upkeep\n|turn|19\n|\n|t:|1771177977\n|switch|p1a: Alomomola|Alomomola, M|100/100\n|move|p2a: Banette|Shadow Sneak|p1a: Alomomola\n|-damage|p1a: Alomomola|82/100\n|\n|upkeep\n|turn|20\n|\n|t:|1771177981\n|move|p2a: Banette|Poltergeist|p1a: Alomomola\n|-activate|p1a: Alomomola|move: Poltergeist|Heavy-Duty Boots\n|-damage|p1a: Alomomola|40/100\n|move|p1a: Alomomola|Wish|p1a: Alomomola\n|\n|upkeep\n|turn|21\n|\n|t:|1771177989\n|switch|p1a: Hoopa|Hoopa-Unbound|100/100\n|move|p2a: Banette|Poltergeist|p1a: Hoopa\n|-activate|p1a: Hoopa|move: Poltergeist|Choice Band\n|-damage|p1a: Hoopa|0 fnt\n|faint|p1a: Hoopa\n|\n|upkeep\n|-message|My Pal Pawmot forfeited.\n|\n|win|yjw123\n|raw|My Pal Pawmot's rating: 1606 &rarr; <strong>1588</strong><br />(-18 for losing)\n|raw|yjw123's rating: 1644 &rarr; <strong>1662</strong><br />(+18 for winning)\n|l|☆My Pal Pawmot\n|player|p1|\n|l|☆yjw123\n|player|p2|\n", "uploadtime": 1771178224, "views": 9, "formatid": "gen9nationaldex", "rating": 1588, "private": 0, "password": null}