{"id": "gen9nationaldex-2540260082", "format": "[Gen 9] National Dex", "players": ["oirgor", "Ministry0fMagic"], "log": "|j|☆oirgor\n|j|☆Ministry0fMagic\n|t:|1771181837\n|gametype|singles\n|player|p1|oirgor|red|1590\n|player|p2|Ministry0fMagic|101|1561\n|gen|9\n|tier|[Gen 9] National Dex\n|rated|\n|rule|HP Percentage Mod: HP is shown in percentages\n|rule|Endless Battle Clause: Forcing endless battles is banned\n|rule|Species Clause: Limit one of each Pokémon\n|rule|OHKO Clause: OHKO moves are banned\n|rule|Evasion Clause: Evasion abilities, items, and moves are banned\n|rule|Evasion Abilities Clause: Evasion abilities are banned\n|rule|Evasion Items Clause: Evasion items are banned\n|rule|Evasion Moves Clause: Evasion moves are banned\n|rule|Sleep Clause Mod: Limit one foe put to sleep\n|rule|Terastal Clause: You cannot Terastallize\n|clearpoke\n|poke|p1|Muk-Alola, M|\n|poke|p1|Alomomola, F|\n|poke|p1|Rillaboom, M|\n|poke|p1|Altaria, M|\n|poke|p1|Heatran, M|\n|poke|p1|Great Tusk|\n|poke|p2|Diancie|\n|poke|p2|Rillaboom, M|\n|poke|p2|Samurott-Hisui, M|\n|poke|p2|Slowking-Galar, M|\n|poke|p2|Iron Treads|\n|poke|p2|Moltres|\n|teampreview\n|inactive|Battle timer is ON: inactive players will automatically lose when time's up. (requested by oirgor)\n|\n|t:|1771181851\n|teamsize|p1|6\n|teamsize|p2|6\n|start\n|switch|p1a: Heatran|Heatran, M|100/100\n|switch|p2a: Diancie|Diancie|100/100\n|turn|1\n|\n|t:|1771181858\n|switch|p1a: Muk|Muk-Alola, M|100/100\n|switch|p2a: Slowking|Slowking-Galar, M|100/100\n|\n|upkeep\n|turn|2\n|\n|t:|1771181873\n|move|p1a: Muk|Knock Off|p2a: Slowking\n|-supereffective|p2a: Slowking\n|-damage|p2a: Slowking|28/100\n|-enditem|p2a: Slowking|Heavy-Duty Boots|[from] move: Knock Off|[of] p1a: Muk\n|move|p2a: Slowking|Thunder Wave|p1a: Muk\n|-status|p1a: Muk|par\n|\n|upkeep\n|turn|3\n|\n|t:|1771181881\n|-activate|p2a: Slowking|move: Pursuit\n|move|p1a: Muk|Pursuit|p2a: Slowking|[from] Pursuit\n|-supereffective|p2a: Slowking\n|-damage|p2a: Slowking|0 fnt\n|faint|p2a: Slowking\n|-hint|A Pokemon can't switch between when it runs out of HP and when it faints\n|\n|upkeep\n|\n|t:|1771181888\n|switch|p2a: Iron Treads|Iron Treads|100/100\n|turn|4\n|\n|t:|1771181896\n|switch|p1a: Alomomola|Alomomola, F|100/100\n|move|p2a: Iron Treads|Stealth Rock|p1a: Alomomola\n|-sidestart|p1: oirgor|move: Stealth Rock\n|\n|upkeep\n|turn|5\n|\n|t:|1771181902\n|-end|p2a: Iron Treads|Quark Drive|[silent]\n|switch|p2a: Samurott|Samurott-Hisui, M|100/100\n|move|p1a: Alomomola|Flip Turn|p2a: Samurott\n|-resisted|p2a: Samurott\n|-damage|p2a: Samurott|91/100\n|\n|t:|1771181908\n|switch|p1a: Rillaboom|Rillaboom, M|100/100|[from] Flip Turn\n|-damage|p1a: Rillaboom|88/100|[from] Stealth Rock\n|-fieldstart|move: Grassy Terrain|[from] ability: Grassy Surge|[of] p1a: Rillaboom\n|\n|-heal|p2a: Samurott|97/100|[from] Grassy Terrain\n|-heal|p1a: Rillaboom|94/100|[from] Grassy Terrain\n|upkeep\n|turn|6\n|\n|t:|1771181917\n|switch|p2a: Moltres|Moltres|100/100\n|switch|p1a: Heatran|Heatran, M|100/100\n|-damage|p1a: Heatran|88/100|[from] Stealth Rock\n|\n|-heal|p1a: Heatran|94/100|[from] Grassy Terrain\n|upkeep\n|turn|7\n|\n|t:|1771181929\n|switch|p2a: Diancie|Diancie|100/100\n|move|p1a: Heatran|Stealth Rock|p2a: Diancie\n|-sidestart|p2: Ministry0fMagic|move: Stealth Rock\n|\n|-heal|p1a: Heatran|100/100|[from] Grassy Terrain\n|upkeep\n|turn|8\n|\n|t:|1771181958\n|switch|p1a: Muk|Muk-Alola, M|100/100 par\n|-damage|p1a: Muk|88/100 par|[from] Stealth Rock\n|detailschange|p2a: Diancie|Diancie-Mega\n|-mega|p2a: Diancie|Diancie|Diancite\n|move|p2a: Diancie|Earth Power|p1a: Muk\n|-supereffective|p1a: Muk\n|-damage|p1a: Muk|57/100 par\n|\n|-heal|p1a: Muk|63/100 par|[from] Grassy Terrain\n|upkeep\n|turn|9\n|\n|t:|1771181983\n|move|p2a: Diancie|Moonblast|p1a: Muk\n|-damage|p1a: Muk|39/100 par\n|-unboost|p1a: Muk|spa|1\n|move|p1a: Muk|Poison Jab|p2a: Diancie\n|-damage|p2a: Diancie|61/100\n|-status|p2a: Diancie|psn\n|\n|-heal|p2a: Diancie|68/100 psn|[from] Grassy Terrain\n|-heal|p1a: Muk|45/100 par|[from] Grassy Terrain\n|-damage|p2a: Diancie|55/100 psn|[from] psn\n|-fieldend|move: Grassy Terrain\n|upkeep\n|turn|10\n|j| kwkw in beksosjrb\n|\n|t:|1771181995\n|move|p2a: Diancie|Earth Power|p1a: Muk\n|-supereffective|p1a: Muk\n|-damage|p1a: Muk|16/100 par\n|move|p1a: Muk|Knock Off|p2a: Diancie\n|-resisted|p2a: Diancie\n|-damage|p2a: Diancie|40/100 psn\n|\n|-damage|p2a: Diancie|27/100 psn|[from] psn\n|upkeep\n|turn|11\n|\n|t:|1771182004\n|move|p2a: Diancie|Moonblast|p1a: Muk\n|-damage|p1a: Muk|0 fnt\n|faint|p1a: Muk\n|\n|-damage|p2a: Diancie|15/100 psn|[from] psn\n|upkeep\n|\n|t:|1771182013\n|switch|p1a: Alomomola|Alomomola, F|100/100\n|turn|12\n|\n|t:|1771182017\n|switch|p2a: Samurott|Samurott-Hisui, M|97/100\n|-damage|p2a: Samurott|85/100|[from] Stealth Rock\n|move|p1a: Alomomola|Flip Turn|p2a: Samurott\n|-resisted|p2a: Samurott\n|-damage|p2a: Samurott|75/100\n|\n|t:|1771182023\n|switch|p1a: Altaria|Altaria, M|100/100|[from] Flip Turn\n|-damage|p1a: Altaria|76/100|[from] Stealth Rock\n|\n|upkeep\n|turn|13\n|\n|t:|1771182029\n|detailschange|p1a: Altaria|Altaria-Mega, M\n|-mega|p1a: Altaria|Altaria|Altarianite\n|move|p2a: Samurott|Flip Turn|p1a: Altaria\n|-resisted|p1a: Altaria\n|-damage|p1a: Altaria|66/100\n|\n|t:|1771182036\n|switch|p2a: Moltres|Moltres|100/100|[from] Flip Turn\n|move|p1a: Altaria|Hyper Voice|p2a: Moltres\n|-resisted|p2a: Moltres\n|-damage|p2a: Moltres|81/100\n|\n|upkeep\n|turn|14\n|\n|t:|1771182043\n|move|p2a: Moltres|Toxic|p1a: Altaria\n|-status|p1a: Altaria|tox\n|move|p1a: Altaria|Roost|p1a: Altaria\n|-heal|p1a: Altaria|100/100 tox\n|-singleturn|p1a: Altaria|move: Roost\n|\n|-damage|p1a: Altaria|94/100 tox|[from] psn\n|upkeep\n|turn|15\n|\n|t:|1771182052\n|switch|p2a: Iron Treads|Iron Treads|100/100\n|-damage|p2a: Iron Treads|98/100|[from] Stealth Rock\n|switch|p1a: Alomomola|Alomomola, F|100/100\n|\n|-heal|p2a: Iron Treads|100/100|[from] item: Leftovers\n|upkeep\n|turn|16\n|\n|t:|1771182061\n|move|p2a: Iron Treads|Rapid Spin|p1a: Alomomola\n|-damage|p1a: Alomomola|93/100\n|-boost|p2a: Iron Treads|spe|1\n|-sideend|p2: Ministry0fMagic|Stealth Rock|[from] move: Rapid Spin|[of] p2a: Iron Treads\n|move|p1a: Alomomola|Flip Turn|p2a: Iron Treads\n|-supereffective|p2a: Iron Treads\n|-damage|p2a: Iron Treads|77/100\n|\n|t:|1771182063\n|switch|p1a: Great Tusk|Great Tusk, shiny|100/100|[from] Flip Turn\n|-damage|p1a: Great Tusk|98/100|[from] Stealth Rock\n|\n|-heal|p2a: Iron Treads|83/100|[from] item: Leftovers\n|upkeep\n|turn|17\n|\n|t:|1771182074\n|-end|p2a: Iron Treads|Quark Drive|[silent]\n|switch|p2a: Moltres|Moltres|81/100\n|move|p1a: Great Tusk|Rapid Spin|p2a: Moltres\n|-damage|p2a: Moltres|68/100\n|-boost|p1a: Great Tusk|spe|1\n|-sideend|p1: oirgor|Stealth Rock|[from] move: Rapid Spin|[of] p1a: Great Tusk\n|\n|upkeep\n|turn|18\n|\n|t:|1771182085\n|-end|p1a: Great Tusk|Protosynthesis|[silent]\n|switch|p1a: Alomomola|Alomomola, F|100/100\n|move|p2a: Moltres|Roost|p2a: Moltres\n|-heal|p2a: Moltres|100/100\n|-singleturn|p2a: Moltres|move: Roost\n|\n|upkeep\n|turn|19\n|\n|t:|1771182092\n|move|p2a: Moltres|Toxic|p1a: Alomomola\n|-status|p1a: Alomomola|tox\n|move|p1a: Alomomola|Flip Turn|p2a: Moltres\n|-supereffective|p2a: Moltres\n|-damage|p2a: Moltres|78/100\n|\n|t:|1771182096\n|switch|p1a: Heatran|Heatran, M|100/100|[from] Flip Turn\n|\n|upkeep\n|turn|20\n|\n|t:|1771182102\n|move|p1a: Heatran|Magma Storm|p2a: Moltres\n|-resisted|p2a: Moltres\n|-damage|p2a: Moltres|53/100\n|-activate|p2a: Moltres|move: Magma Storm|[of] p1a: Heatran\n|move|p2a: Moltres|U-turn|p1a: Heatran\n|-resisted|p1a: Heatran\n|-damage|p1a: Heatran|97/100\n|\n|t:|1771182108\n|switch|p2a: Samurott|Samurott-Hisui, M|75/100|[from] U-turn\n|\n|upkeep\n|turn|21\n|\n|t:|1771182113\n|switch|p1a: Alomomola|Alomomola, F|100/100 tox\n|move|p2a: Samurott|Flip Turn|p1a: Alomomola\n|-resisted|p1a: Alomomola\n|-damage|p1a: Alomomola|94/100 tox\n|\n|t:|1771182119\n|switch|p2a: Rillaboom|Rillaboom, M|100/100|[from] Flip Turn\n|-fieldstart|move: Grassy Terrain|[from] ability: Grassy Surge|[of] p2a: Rillaboom\n|\n|-heal|p1a: Alomomola|99/100 tox|[from] Grassy Terrain\n|-damage|p1a: Alomomola|94/100 tox|[from] psn\n|upkeep\n|turn|22\n|\n|t:|1771182127\n|switch|p1a: Altaria|Altaria-Mega, M|94/100 tox\n|move|p2a: Rillaboom|Knock Off|p1a: Altaria\n|-resisted|p1a: Altaria\n|-damage|p1a: Altaria|82/100 tox\n|\n|-heal|p1a: Altaria|88/100 tox|[from] Grassy Terrain\n|-damage|p1a: Altaria|82/100 tox|[from] psn\n|upkeep\n|turn|23\n|\n|t:|1771182137\n|switch|p2a: Iron Treads|Iron Treads|83/100\n|move|p1a: Altaria|Heal Bell|p1a: Altaria\n|-activate|p1a: Altaria|move: Heal Bell\n|-curestatus|p1a: Altaria|tox|[msg]\n|-curestatus|p1: Alomomola|tox|[msg]\n|\n|-heal|p2a: Iron Treads|89/100|[from] Grassy Terrain\n|-heal|p2a: Iron Treads|95/100|[from] item: Leftovers\n|-heal|p1a: Altaria|88/100|[from] Grassy Terrain\n|upkeep\n|turn|24\n|\n|t:|1771182149\n|move|p2a: Iron Treads|Stealth Rock|p1a: Altaria\n|-sidestart|p1: oirgor|move: Stealth Rock\n|move|p1a: Altaria|Flamethrower|p2a: Iron Treads\n|-supereffective|p2a: Iron Treads\n|-damage|p2a: Iron Treads|60/100\n|\n|-heal|p2a: Iron Treads|66/100|[from] Grassy Terrain\n|-heal|p2a: Iron Treads|72/100|[from] item: Leftovers\n|-heal|p1a: Altaria|95/100|[from] Grassy Terrain\n|upkeep\n|turn|25\n|\n|t:|1771182165\n|-end|p2a: Iron Treads|Quark Drive|[silent]\n|switch|p2a: Moltres|Moltres|53/100\n|move|p1a: Altaria|Flamethrower|p2a: Moltres\n|-resisted|p2a: Moltres\n|-damage|p2a: Moltres|43/100\n|\n|-heal|p1a: Altaria|100/100|[from] Grassy Terrain\n|-fieldend|move: Grassy Terrain\n|upkeep\n|turn|26\n|\n|t:|1771182174\n|switch|p1a: Alomomola|Alomomola, F|100/100\n|move|p2a: Moltres|Roost|p2a: Moltres\n|-heal|p2a: Moltres|93/100\n|-singleturn|p2a: Moltres|move: Roost\n|\n|upkeep\n|turn|27\n|\n|t:|1771182182\n|switch|p2a: Samurott|Samurott-Hisui, M|75/100\n|move|p1a: Alomomola|Toxic|p2a: Samurott\n|-status|p2a: Samurott|tox\n|\n|-damage|p2a: Samurott|68/100 tox|[from] psn\n|upkeep\n|turn|28\n|-message|Ministry0fMagic forfeited.\n|\n|win|oirgor\n|raw|oirgor's rating: 1590 &rarr; <strong>1608</strong><br />(+18 for winning)\n|raw|Ministry0fMagic's rating: 1561 &rarr; <strong>1543</strong><br />(-18 for losing)\n|l|☆Ministry0fMagic\n|player|p2|\n|l|☆oirgor\n|player|p1|\n|l| kwkw in beksosjrb\n", "uploadtime": 1771182453, "views": 10, "formatid": "gen9nationaldex", "rating": 1543, "private": 0, "password": null}