{"id": "gen9nationaldex-2540266903", "format": "[Gen 9] National Dex", "players": ["TheHouseFell", "Crsiu"], "log": "|j|☆TheHouseFell\n|j|☆Crsiu\n|t:|1771182586\n|gametype|singles\n|player|p1|TheHouseFell|ingo|1636\n|player|p2|Crsiu|n|1699\n|gen|9\n|tier|[Gen 9] National Dex\n|rated|\n|rule|HP Percentage Mod: HP is shown in percentages\n|rule|Endless Battle Clause: Forcing endless battles is banned\n|rule|Species Clause: Limit one of each Pokémon\n|rule|OHKO Clause: OHKO moves are banned\n|rule|Evasion Clause: Evasion abilities, items, and moves are banned\n|rule|Evasion Abilities Clause: Evasion abilities are banned\n|rule|Evasion Items Clause: Evasion items are banned\n|rule|Evasion Moves Clause: Evasion moves are banned\n|rule|Sleep Clause Mod: Limit one foe put to sleep\n|rule|Terastal Clause: You cannot Terastallize\n|clearpoke\n|poke|p1|Greninja-*, F|\n|poke|p1|Gardevoir, F|\n|poke|p1|Meowscarada, F|\n|poke|p1|Zapdos|\n|poke|p1|Pecharunt|\n|poke|p1|Garchomp, F|\n|poke|p2|Blaziken, M|\n|poke|p2|Tapu Lele|\n|poke|p2|Iron Treads|\n|poke|p2|Ninetales-Alola, M|\n|poke|p2|Raging Bolt|\n|poke|p2|Ursaluna, F|\n|teampreview\n|inactive|Battle timer is ON: inactive players will automatically lose when time's up. (requested by Crsiu)\n|\n|t:|1771182599\n|teamsize|p1|6\n|teamsize|p2|6\n|start\n|switch|p1a: Pecharunt|Pecharunt|100/100\n|switch|p2a: Tapu Lele|Tapu Lele|100/100\n|-fieldstart|move: Psychic Terrain|[from] ability: Psychic Surge|[of] p2a: Tapu Lele\n|turn|1\n|inactive|TheHouseFell has 120 seconds left.\n|\n|t:|1771182630\n|switch|p2a: Ninetales|Ninetales-Alola, M|100/100\n|-weather|Snowscape|[from] ability: Snow Warning|[of] p2a: Ninetales\n|switch|p1a: Meowscarada|Meowscarada, F|100/100\n|\n|-weather|Snowscape|[upkeep]\n|upkeep\n|turn|2\n|\n|t:|1771182634\n|move|p1a: Meowscarada|Knock Off|p2a: Ninetales\n|-start|p1a: Meowscarada|typechange|Dark|[from] ability: Protean\n|-resisted|p2a: Ninetales\n|-damage|p2a: Ninetales|83/100\n|-enditem|p2a: Ninetales|Light Clay|[from] move: Knock Off|[of] p1a: Meowscarada\n|move|p2a: Ninetales|Aurora Veil|p2a: Ninetales\n|-sidestart|p2: Crsiu|move: Aurora Veil\n|\n|-weather|Snowscape|[upkeep]\n|upkeep\n|turn|3\n|\n|t:|1771182648\n|switch|p1a: Pecharunt|Pecharunt|100/100\n|switch|p2a: Raging Bolt|Raging Bolt|100/100\n|\n|-weather|Snowscape|[upkeep]\n|upkeep\n|turn|4\n|\n|t:|1771182661\n|switch|p1a: Gardevoir|Gardevoir, F|100/100\n|move|p2a: Raging Bolt|Volt Switch|p1a: Gardevoir\n|-damage|p1a: Gardevoir|32/100\n|\n|t:|1771182673\n|-end|p2a: Raging Bolt|Protosynthesis|[silent]\n|switch|p2a: Iron Treads|Iron Treads|100/100|[from] Volt Switch\n|\n|-weather|Snowscape|[upkeep]\n|upkeep\n|turn|5\n|\n|t:|1771182677\n|switch|p1a: Garchomp|Garchomp, F|100/100\n|move|p2a: Iron Treads|Knock Off|p1a: Garchomp\n|-damage|p1a: Garchomp|75/100\n|-damage|p2a: Iron Treads|88/100|[from] ability: Rough Skin|[of] p1a: Garchomp\n|-enditem|p1a: Garchomp|Leftovers|[from] move: Knock Off|[of] p2a: Iron Treads\n|\n|-weather|none\n|-fieldend|move: Psychic Terrain\n|upkeep\n|turn|6\n|\n|t:|1771182683\n|move|p2a: Iron Treads|Stealth Rock|p1a: Garchomp\n|-sidestart|p1: TheHouseFell|move: Stealth Rock\n|move|p1a: Garchomp|Stealth Rock|p2a: Iron Treads\n|-sidestart|p2: Crsiu|move: Stealth Rock\n|\n|-sideend|p2: Crsiu|move: Aurora Veil\n|upkeep\n|turn|7\n|\n|t:|1771182687\n|move|p2a: Iron Treads|Rapid Spin|p1a: Garchomp\n|-damage|p1a: Garchomp|62/100\n|-boost|p2a: Iron Treads|spe|1\n|-damage|p2a: Iron Treads|76/100|[from] ability: Rough Skin|[of] p1a: Garchomp\n|-sideend|p2: Crsiu|Stealth Rock|[from] move: Rapid Spin|[of] p2a: Iron Treads\n|move|p1a: Garchomp|Earthquake|p2a: Iron Treads\n|-supereffective|p2a: Iron Treads\n|-damage|p2a: Iron Treads|0 fnt\n|faint|p2a: Iron Treads\n|-end|p2a: Iron Treads|Quark Drive|[silent]\n|\n|upkeep\n|\n|t:|1771182697\n|switch|p2a: Tapu Lele|Tapu Lele|100/100\n|-fieldstart|move: Psychic Terrain|[from] ability: Psychic Surge|[of] p2a: Tapu Lele\n|turn|8\n|\n|t:|1771182700\n|move|p1a: Garchomp|Protect|p1a: Garchomp\n|-singleturn|p1a: Garchomp|Protect\n|move|p2a: Tapu Lele|Psychic|p1a: Garchomp\n|-activate|p1a: Garchomp|move: Protect\n|\n|upkeep\n|turn|9\n|\n|t:|1771182705\n|switch|p2a: Ninetales|Ninetales-Alola, M|83/100\n|-weather|Snowscape|[from] ability: Snow Warning|[of] p2a: Ninetales\n|switch|p1a: Meowscarada|Meowscarada, F|100/100\n|\n|-weather|Snowscape|[upkeep]\n|upkeep\n|turn|10\n|\n|t:|1771182720\n|move|p1a: Meowscarada|Flower Trick|p2a: Ninetales\n|-start|p1a: Meowscarada|typechange|Grass|[from] ability: Protean\n|-crit|p2a: Ninetales\n|-damage|p2a: Ninetales|43/100\n|move|p2a: Ninetales|Aurora Veil|p2a: Ninetales\n|-sidestart|p2: Crsiu|move: Aurora Veil\n|\n|-weather|Snowscape|[upkeep]\n|upkeep\n|turn|11\n|\n|t:|1771182727\n|switch|p2a: Raging Bolt|Raging Bolt|100/100\n|move|p1a: Meowscarada|Flower Trick|p2a: Raging Bolt\n|-resisted|p2a: Raging Bolt\n|-crit|p2a: Raging Bolt\n|-damage|p2a: Raging Bolt|82/100\n|\n|-weather|Snowscape|[upkeep]\n|upkeep\n|turn|12\n|\n|t:|1771182747\n|move|p1a: Meowscarada|Triple Axel|p2a: Raging Bolt\n|-supereffective|p2a: Raging Bolt\n|-damage|p2a: Raging Bolt|77/100\n|-supereffective|p2a: Raging Bolt\n|-damage|p2a: Raging Bolt|67/100\n|-supereffective|p2a: Raging Bolt\n|-damage|p2a: Raging Bolt|52/100\n|-hitcount|p2a: Raging Bolt|3\n|move|p2a: Raging Bolt|Volt Switch|p1a: Meowscarada\n|-resisted|p1a: Meowscarada\n|-damage|p1a: Meowscarada|55/100\n|\n|t:|1771182757\n|-end|p2a: Raging Bolt|Protosynthesis|[silent]\n|switch|p2a: Tapu Lele|Tapu Lele|100/100|[from] Volt Switch\n|\n|-weather|Snowscape|[upkeep]\n|-fieldend|move: Psychic Terrain\n|upkeep\n|turn|13\n|\n|t:|1771182762\n|move|p2a: Tapu Lele|Moonblast|p1a: Meowscarada\n|-damage|p1a: Meowscarada|0 fnt\n|faint|p1a: Meowscarada\n|\n|-weather|none\n|upkeep\n|\n|t:|1771182765\n|switch|p1a: Pecharunt|Pecharunt|100/100\n|-damage|p1a: Pecharunt|88/100|[from] Stealth Rock\n|turn|14\n|\n|t:|1771182770\n|switch|p2a: Ursaluna|Ursaluna, F|100/100\n|move|p1a: Pecharunt|Malignant Chain|p2a: Ursaluna\n|-resisted|p2a: Ursaluna\n|-damage|p2a: Ursaluna|91/100\n|\n|-sideend|p2: Crsiu|move: Aurora Veil\n|-status|p2a: Ursaluna|brn|[from] item: Flame Orb\n|upkeep\n|turn|15\n|\n|t:|1771182780\n|switch|p1a: Zapdos|Zapdos|100/100\n|move|p2a: Ursaluna|Facade|p1a: Zapdos\n|-damage|p1a: Zapdos|0 fnt\n|faint|p1a: Zapdos\n|\n|-damage|p2a: Ursaluna|85/100 brn|[from] brn\n|upkeep\n|\n|t:|1771182783\n|switch|p1a: Greninja|Greninja, F|100/100\n|-damage|p1a: Greninja|88/100|[from] Stealth Rock\n|turn|16\n|\n|t:|1771182787\n|switch|p2a: Raging Bolt|Raging Bolt|52/100\n|move|p1a: Greninja|Ice Beam|p2a: Raging Bolt\n|-start|p1a: Greninja|typechange|Ice|[from] ability: Protean\n|-supereffective|p2a: Raging Bolt\n|-damage|p2a: Raging Bolt|0 fnt\n|faint|p2a: Raging Bolt\n|-end|p2a: Raging Bolt|Protosynthesis|[silent]\n|\n|upkeep\n|\n|t:|1771182793\n|switch|p2a: Tapu Lele|Tapu Lele|100/100\n|-fieldstart|move: Psychic Terrain|[from] ability: Psychic Surge|[of] p2a: Tapu Lele\n|turn|17\n|\n|t:|1771182802\n|switch|p1a: Garchomp|Garchomp, F|62/100\n|-damage|p1a: Garchomp|55/100|[from] Stealth Rock\n|move|p2a: Tapu Lele|Psychic|p1a: Garchomp\n|-damage|p1a: Garchomp|16/100\n|\n|upkeep\n|turn|18\n|\n|t:|1771182805\n|move|p2a: Tapu Lele|Psychic|p1a: Garchomp\n|-damage|p1a: Garchomp|0 fnt\n|faint|p1a: Garchomp\n|\n|upkeep\n|\n|t:|1771182807\n|switch|p1a: Greninja|Greninja, F|88/100\n|-damage|p1a: Greninja|76/100|[from] Stealth Rock\n|turn|19\n|\n|t:|1771182819\n|switch|p2a: Ninetales|Ninetales-Alola, M|43/100\n|-weather|Snowscape|[from] ability: Snow Warning|[of] p2a: Ninetales\n|move|p1a: Greninja|Hydro Pump|p2a: Ninetales\n|-start|p1a: Greninja|typechange|Water|[from] ability: Protean\n|-damage|p2a: Ninetales|0 fnt\n|faint|p2a: Ninetales\n|\n|-weather|Snowscape|[upkeep]\n|upkeep\n|\n|t:|1771182825\n|switch|p2a: Tapu Lele|Tapu Lele|100/100\n|turn|20\n|\n|t:|1771182830\n|switch|p1a: Gardevoir|Gardevoir, F|32/100\n|-damage|p1a: Gardevoir|20/100|[from] Stealth Rock\n|-ability|p1a: Gardevoir|Psychic Surge|Trace|[from] ability: Trace|[of] p2a: Tapu Lele\n|move|p2a: Tapu Lele|Psychic|p1a: Gardevoir\n|-resisted|p1a: Gardevoir\n|-damage|p1a: Gardevoir|0 fnt\n|faint|p1a: Gardevoir\n|\n|-weather|Snowscape|[upkeep]\n|upkeep\n|\n|t:|1771182834\n|switch|p1a: Greninja|Greninja, F|76/100\n|-damage|p1a: Greninja|64/100|[from] Stealth Rock\n|turn|21\n|\n|t:|1771182846\n|switch|p2a: Ursaluna|Ursaluna, F|85/100 brn\n|move|p1a: Greninja|Hydro Pump|p2a: Ursaluna\n|-start|p1a: Greninja|typechange|Water|[from] ability: Protean\n|-supereffective|p2a: Ursaluna\n|-damage|p2a: Ursaluna|0 fnt\n|faint|p2a: Ursaluna\n|\n|-weather|Snowscape|[upkeep]\n|-fieldend|move: Psychic Terrain\n|upkeep\n|\n|t:|1771182853\n|switch|p2a: Tapu Lele|Tapu Lele|100/100\n|-fieldstart|move: Psychic Terrain|[from] ability: Psychic Surge|[of] p2a: Tapu Lele\n|turn|22\n|\n|t:|1771182858\n|move|p2a: Tapu Lele|Psychic|p1a: Greninja\n|-damage|p1a: Greninja|0 fnt\n|faint|p1a: Greninja\n|\n|-weather|Snowscape|[upkeep]\n|upkeep\n|-message|TheHouseFell forfeited.\n|\n|win|Crsiu\n|raw|TheHouseFell's rating: 1636 &rarr; <strong>1619</strong><br />(-17 for losing)\n|raw|Crsiu's rating: 1688 &rarr; <strong>1705</strong><br />(+17 for winning)\n|l|☆TheHouseFell\n|player|p1|\n|l|☆Crsiu\n|player|p2|\n", "uploadtime": 1771182998, "views": 12, "formatid": "gen9nationaldex", "rating": 1619, "private": 0, "password": null}