{"id": "gen9nationaldex-2540778597", "format": "[Gen 9] National Dex", "players": ["n!ce ct", "Pyroblaze212"], "log": "|j|☆n!ce ct\n|j|☆Pyroblaze212\n|t:|1771252997\n|gametype|singles\n|player|p1|n!ce ct|emma-lza|1585\n|player|p2|Pyroblaze212|red|1606\n|gen|9\n|tier|[Gen 9] National Dex\n|rated|\n|rule|HP Percentage Mod: HP is shown in percentages\n|rule|Endless Battle Clause: Forcing endless battles is banned\n|rule|Species Clause: Limit one of each Pokémon\n|rule|OHKO Clause: OHKO moves are banned\n|rule|Evasion Clause: Evasion abilities, items, and moves are banned\n|rule|Evasion Abilities Clause: Evasion abilities are banned\n|rule|Evasion Items Clause: Evasion items are banned\n|rule|Evasion Moves Clause: Evasion moves are banned\n|rule|Sleep Clause Mod: Limit one foe put to sleep\n|rule|Terastal Clause: You cannot Terastallize\n|clearpoke\n|poke|p1|Urshifu-*, F|\n|poke|p1|Slowking-Galar, F|\n|poke|p1|Altaria, M|\n|poke|p1|Landorus-Therian, M|\n|poke|p1|Zamazenta-*|\n|poke|p1|Cinderace, M|\n|poke|p2|Pelipper, M|\n|poke|p2|Swampert, M|\n|poke|p2|Kingdra, M|\n|poke|p2|Toxicroak, M|\n|poke|p2|Iron Treads|\n|poke|p2|Heatran, M|\n|teampreview\n|inactive|Battle timer is ON: inactive players will automatically lose when time's up. (requested by n!ce ct)\n|\n|t:|1771253010\n|teamsize|p1|6\n|teamsize|p2|6\n|start\n|switch|p1a: Slowking|Slowking-Galar, F|100/100\n|switch|p2a: Pelipper|Pelipper, M|100/100\n|-weather|RainDance|[from] ability: Drizzle|[of] p2a: Pelipper\n|turn|1\n|\n|t:|1771253020\n|move|p2a: Pelipper|U-turn|p1a: Slowking\n|-damage|p1a: Slowking|92/100\n|\n|t:|1771253031\n|switch|p2a: Iron Treads|Iron Treads|100/100|[from] U-turn\n|-enditem|p2a: Iron Treads|Booster Energy\n|-activate|p2a: Iron Treads|ability: Quark Drive|[fromitem]\n|-start|p2a: Iron Treads|quarkdrivespe\n|-prepare|p1a: Slowking|Chilly Reception|[premajor]\n|move|p1a: Slowking|Chilly Reception|p1a: Slowking\n|-weather|Snowscape\n|\n|t:|1771253050\n|switch|p1a: Urshifu|Urshifu-Rapid-Strike, F|100/100|[from] Chilly Reception\n|\n|-weather|Snowscape|[upkeep]\n|upkeep\n|turn|2\n|\n|t:|1771253064\n|-end|p2a: Iron Treads|Quark Drive|[silent]\n|switch|p2a: Toxicroak|Toxicroak, M|100/100\n|move|p1a: Urshifu|Substitute|p1a: Urshifu\n|-start|p1a: Urshifu|Substitute\n|-damage|p1a: Urshifu|76/100\n|\n|-weather|Snowscape|[upkeep]\n|upkeep\n|turn|3\n|\n|t:|1771253075\n|move|p1a: Urshifu|Drain Punch|p2a: Toxicroak\n|-resisted|p2a: Toxicroak\n|-damage|p2a: Toxicroak|81/100\n|-heal|p1a: Urshifu|86/100|[from] drain|[of] p2a: Toxicroak\n|move|p2a: Toxicroak|Encore|p1a: Urshifu\n|-start|p1a: Urshifu|Encore\n|\n|-weather|Snowscape|[upkeep]\n|upkeep\n|turn|4\n|\n|t:|1771253086\n|move|p1a: Urshifu|Drain Punch|p2a: Toxicroak\n|-resisted|p2a: Toxicroak\n|-damage|p2a: Toxicroak|61/100\n|-heal|p1a: Urshifu|97/100|[from] drain|[of] p2a: Toxicroak\n|move|p2a: Toxicroak|Drain Punch|p1a: Urshifu\n|-end|p1a: Urshifu|Substitute\n|-heal|p2a: Toxicroak|73/100|[from] drain|[of] p1a: Urshifu\n|\n|-weather|Snowscape|[upkeep]\n|upkeep\n|turn|5\n|\n|t:|1771253101\n|switch|p1a: Landorus|Landorus-Therian, M|100/100\n|-ability|p1a: Landorus|Intimidate|boost\n|-unboost|p2a: Toxicroak|atk|1\n|move|p2a: Toxicroak|Toxic|p1a: Landorus\n|-status|p1a: Landorus|tox\n|\n|-weather|none\n|-damage|p1a: Landorus|94/100 tox|[from] psn\n|upkeep\n|turn|6\n|\n|t:|1771253113\n|switch|p2a: Pelipper|Pelipper, M|100/100\n|-weather|RainDance|[from] ability: Drizzle|[of] p2a: Pelipper\n|move|p1a: Landorus|U-turn|p2a: Pelipper\n|-resisted|p2a: Pelipper\n|-damage|p2a: Pelipper|89/100\n|\n|t:|1771253116\n|switch|p1a: Altaria|Altaria, M|100/100|[from] U-turn\n|\n|-weather|RainDance|[upkeep]\n|upkeep\n|turn|7\n|\n|t:|1771253138\n|switch|p2a: Iron Treads|Iron Treads|100/100\n|detailschange|p1a: Altaria|Altaria-Mega, M\n|-mega|p1a: Altaria|Altaria|Altarianite\n|move|p1a: Altaria|Heal Bell|p1a: Altaria\n|-activate|p1a: Altaria|move: Heal Bell\n|-curestatus|p1: Landorus|tox|[msg]\n|\n|-weather|RainDance|[upkeep]\n|upkeep\n|turn|8\n|\n|t:|1771253151\n|switch|p1a: Urshifu|Urshifu-Rapid-Strike, F|97/100\n|move|p2a: Iron Treads|Stealth Rock|p1a: Urshifu\n|-sidestart|p1: n!ce ct|move: Stealth Rock\n|\n|-weather|RainDance|[upkeep]\n|upkeep\n|turn|9\n|\n|t:|1771253158\n|-end|p2a: Iron Treads|Quark Drive|[silent]\n|switch|p2a: Toxicroak|Toxicroak, M|73/100\n|move|p1a: Urshifu|Drain Punch|p2a: Toxicroak\n|-resisted|p2a: Toxicroak\n|-damage|p2a: Toxicroak|53/100\n|-heal|p1a: Urshifu|100/100|[from] drain|[of] p2a: Toxicroak\n|\n|-weather|RainDance|[upkeep]\n|-heal|p2a: Toxicroak|65/100|[from] ability: Dry Skin\n|upkeep\n|turn|10\n|\n|t:|1771253175\n|switch|p1a: Landorus|Landorus-Therian, M|94/100\n|-damage|p1a: Landorus|82/100|[from] Stealth Rock\n|-ability|p1a: Landorus|Intimidate|boost\n|-unboost|p2a: Toxicroak|atk|1\n|move|p2a: Toxicroak|Knock Off|p1a: Landorus\n|-damage|p1a: Landorus|66/100\n|-damage|p2a: Toxicroak|48/100|[from] item: Rocky Helmet|[of] p1a: Landorus\n|-enditem|p1a: Landorus|Rocky Helmet|[from] move: Knock Off|[of] p2a: Toxicroak\n|\n|-weather|RainDance|[upkeep]\n|-heal|p2a: Toxicroak|61/100|[from] ability: Dry Skin\n|upkeep\n|turn|11\n|\n|t:|1771253190\n|switch|p2a: Kingdra|Kingdra, M|100/100\n|move|p1a: Landorus|Stealth Rock|p2a: Kingdra\n|-sidestart|p2: Pyroblaze212|move: Stealth Rock\n|\n|-weather|RainDance|[upkeep]\n|upkeep\n|turn|12\n|inactive|Pyroblaze212 has 120 seconds left.\n|\n|t:|1771253222\n|switch|p1a: Altaria|Altaria-Mega, M|100/100\n|-damage|p1a: Altaria|88/100|[from] Stealth Rock\n|move|p2a: Kingdra|Weather Ball|p1a: Altaria\n|-resisted|p1a: Altaria\n|-damage|p1a: Altaria|38/100\n|\n|-weather|RainDance|[upkeep]\n|upkeep\n|turn|13\n|inactive|n!ce ct has 120 seconds left.\n|\n|t:|1771253253\n|move|p2a: Kingdra|Weather Ball|p1a: Altaria\n|-resisted|p1a: Altaria\n|-crit|p1a: Altaria\n|-damage|p1a: Altaria|0 fnt\n|faint|p1a: Altaria\n|detailschange|p1: Altaria|Altaria, M|[silent]\n|\n|-weather|none\n|upkeep\n|inactive|n!ce ct has 120 seconds left.\n|\n|t:|1771253261\n|switch|p1a: Zamazenta|Zamazenta|100/100\n|-damage|p1a: Zamazenta|94/100|[from] Stealth Rock\n|-ability|p1a: Zamazenta|Dauntless Shield|boost\n|-boost|p1a: Zamazenta|def|1\n|turn|14\n|j| Reyanek\n|inactive|Pyroblaze212 has 120 seconds left.\n|\n|t:|1771253274\n|switch|p2a: Toxicroak|Toxicroak, M|61/100\n|-damage|p2a: Toxicroak|55/100|[from] Stealth Rock\n|move|p1a: Zamazenta|Stone Edge|p2a: Toxicroak\n|-resisted|p2a: Toxicroak\n|-damage|p2a: Toxicroak|41/100\n|\n|upkeep\n|turn|15\n|inactive|Pyroblaze212 has 120 seconds left.\n|inactive|n!ce ct has 120 seconds left.\n|\n|t:|1771253295\n|switch|p1a: Cinderace|Cinderace, M|100/100\n|move|p2a: Toxicroak|Toxic|p1a: Cinderace\n|-status|p1a: Cinderace|tox\n|\n|-damage|p1a: Cinderace|95/100 tox|[from] psn\n|upkeep\n|turn|16\n|\n|t:|1771253304\n|switch|p2a: Pelipper|Pelipper, M|89/100\n|-damage|p2a: Pelipper|65/100|[from] Stealth Rock\n|-weather|RainDance|[from] ability: Drizzle|[of] p2a: Pelipper\n|move|p1a: Cinderace|U-turn|p2a: Pelipper\n|-start|p1a: Cinderace|typechange|Bug|[from] ability: Libero\n|-resisted|p2a: Pelipper\n|-damage|p2a: Pelipper|47/100\n|\n|t:|1771253308\n|switch|p1a: Slowking|Slowking-Galar, F|100/100|[from] U-turn\n|\n|-weather|RainDance|[upkeep]\n|upkeep\n|turn|17\n|inactive|Pyroblaze212 has 120 seconds left.\n|inactive|Pyroblaze212 has 90 seconds left.\n|l|☆n!ce ct\n|inactive|n!ce ct disconnected and has a minute to reconnect!\n|player|p1|\n|\n|t:|1771253354\n|move|p2a: Pelipper|Defog|p1a: Slowking\n|-unboost|p1a: Slowking|evasion|1\n|-sideend|p1: n!ce ct|Stealth Rock|[from] move: Defog|[of] p2a: Pelipper\n|-sideend|p2: Pyroblaze212|Stealth Rock|[from] move: Defog|[of] p2a: Pelipper\n|-prepare|p1a: Slowking|Chilly Reception|[premajor]\n|move|p1a: Slowking|Chilly Reception|p1a: Slowking\n|-weather|Snowscape\n|j|☆n!ce ct\n|inactive|n!ce ct reconnected and has 120 seconds left.\n|player|p1|n!ce ct|emma-lza|\n|\n|t:|1771253405\n|switch|p1a: Landorus|Landorus-Therian, M|66/100|[from] Chilly Reception\n|-ability|p1a: Landorus|Intimidate|boost\n|-unboost|p2a: Pelipper|atk|1\n|\n|-weather|Snowscape|[upkeep]\n|upkeep\n|turn|18\n|inactive|Pyroblaze212 has 90 seconds left.\n|\n|t:|1771253430\n|move|p1a: Landorus|Stealth Rock|p2a: Pelipper\n|-sidestart|p2: Pyroblaze212|move: Stealth Rock\n|move|p2a: Pelipper|Chilling Water|p1a: Landorus\n|-supereffective|p1a: Landorus\n|-damage|p1a: Landorus|30/100\n|-unboost|p1a: Landorus|atk|1\n|\n|-weather|Snowscape|[upkeep]\n|upkeep\n|turn|19\n|\n|t:|1771253440\n|switch|p1a: Zamazenta|Zamazenta|94/100\n|switch|p2a: Iron Treads|Iron Treads|100/100\n|-damage|p2a: Iron Treads|97/100|[from] Stealth Rock\n|\n|-weather|Snowscape|[upkeep]\n|upkeep\n|turn|20\n|\n|t:|1771253465\n|move|p1a: Zamazenta|Close Combat|p2a: Iron Treads\n|-supereffective|p2a: Iron Treads\n|-damage|p2a: Iron Treads|0 fnt\n|-unboost|p1a: Zamazenta|def|1\n|-unboost|p1a: Zamazenta|spd|1\n|faint|p2a: Iron Treads\n|-end|p2a: Iron Treads|Quark Drive|[silent]\n|\n|-weather|Snowscape|[upkeep]\n|upkeep\n|inactive|Pyroblaze212 has 60 seconds left.\n|\n|t:|1771253476\n|switch|p2a: Pelipper|Pelipper, M|47/100\n|-damage|p2a: Pelipper|22/100|[from] Stealth Rock\n|-weather|RainDance|[from] ability: Drizzle|[of] p2a: Pelipper\n|turn|21\n|\n|t:|1771253483\n|move|p1a: Zamazenta|Close Combat|p2a: Pelipper\n|-resisted|p2a: Pelipper\n|-damage|p2a: Pelipper|0 fnt\n|-unboost|p1a: Zamazenta|def|1\n|-unboost|p1a: Zamazenta|spd|1\n|faint|p2a: Pelipper\n|\n|-weather|RainDance|[upkeep]\n|upkeep\n|inactive|Pyroblaze212 has 60 seconds left.\n|inactive|Pyroblaze212 has 30 seconds left.\n|\n|t:|1771253525\n|switch|p2a: Swampert|Swampert, M|100/100\n|-damage|p2a: Swampert|94/100|[from] Stealth Rock\n|turn|22\n|inactive|n!ce ct has 120 seconds left.\n|inactive|Pyroblaze212 has 30 seconds left.\n|\n|t:|1771253542\n|switch|p1a: Cinderace|Cinderace, M|95/100 tox\n|detailschange|p2a: Swampert|Swampert-Mega, M\n|-mega|p2a: Swampert|Swampert|Swampertite\n|move|p2a: Swampert|Waterfall|p1a: Cinderace\n|-supereffective|p1a: Cinderace\n|-damage|p1a: Cinderace|0 fnt\n|faint|p1a: Cinderace\n|\n|-weather|RainDance|[upkeep]\n|upkeep\n|\n|t:|1771253551\n|switch|p1a: Urshifu|Urshifu-Rapid-Strike, F|100/100\n|turn|23\n|inactive|Pyroblaze212 has 30 seconds left.\n|\n|t:|1771253573\n|switch|p2a: Kingdra|Kingdra, M|100/100\n|-damage|p2a: Kingdra|88/100|[from] Stealth Rock\n|move|p1a: Urshifu|Surging Strikes|p2a: Kingdra\n|-resisted|p2a: Kingdra\n|-crit|p2a: Kingdra\n|-damage|p2a: Kingdra|77/100\n|-resisted|p2a: Kingdra\n|-crit|p2a: Kingdra\n|-damage|p2a: Kingdra|68/100\n|-resisted|p2a: Kingdra\n|-crit|p2a: Kingdra\n|-damage|p2a: Kingdra|58/100\n|-hitcount|p2a: Kingdra|3\n|\n|-weather|RainDance|[upkeep]\n|upkeep\n|turn|24\n|inactive|Pyroblaze212 has 30 seconds left.\n|inactive|n!ce ct has 120 seconds left.\n|\n|t:|1771253586\n|switch|p1a: Landorus|Landorus-Therian, M|30/100\n|-ability|p1a: Landorus|Intimidate|boost\n|-unboost|p2a: Kingdra|atk|1\n|move|p2a: Kingdra|Weather Ball|p1a: Landorus\n|-supereffective|p1a: Landorus\n|-damage|p1a: Landorus|0 fnt\n|faint|p1a: Landorus\n|\n|-weather|RainDance|[upkeep]\n|upkeep\n|inactive|n!ce ct has 120 seconds left.\n|\n|t:|1771253593\n|switch|p1a: Slowking|Slowking-Galar, F|100/100\n|turn|25\n|\n|t:|1771253599\n|move|p2a: Kingdra|Weather Ball|p1a: Slowking\n|-damage|p1a: Slowking|43/100\n|-prepare|p1a: Slowking|Chilly Reception|[premajor]\n|move|p1a: Slowking|Chilly Reception|p1a: Slowking\n|-weather|Snowscape\n|inactive|n!ce ct has 120 seconds left.\n|\n|t:|1771253617\n|switch|p1a: Urshifu|Urshifu-Rapid-Strike, F|100/100|[from] Chilly Reception\n|\n|-weather|Snowscape|[upkeep]\n|upkeep\n|turn|26\n|\n|t:|1771253624\n|move|p1a: Urshifu|Substitute|p1a: Urshifu\n|-start|p1a: Urshifu|Substitute\n|-damage|p1a: Urshifu|76/100\n|move|p2a: Kingdra|Weather Ball|p1a: Urshifu\n|-resisted|p1a: Urshifu\n|-end|p1a: Urshifu|Substitute\n|\n|-weather|Snowscape|[upkeep]\n|upkeep\n|turn|27\n|\n|t:|1771253632\n|move|p1a: Urshifu|Drain Punch|p2a: Kingdra\n|-damage|p2a: Kingdra|8/100\n|-heal|p1a: Urshifu|97/100|[from] drain|[of] p2a: Kingdra\n|move|p2a: Kingdra|Weather Ball|p1a: Urshifu\n|-resisted|p1a: Urshifu\n|-damage|p1a: Urshifu|64/100\n|\n|-weather|Snowscape|[upkeep]\n|upkeep\n|turn|28\n|\n|t:|1771253643\n|move|p1a: Urshifu|Swords Dance|p1a: Urshifu\n|-boost|p1a: Urshifu|atk|2\n|move|p2a: Kingdra|Weather Ball|p1a: Urshifu\n|-resisted|p1a: Urshifu\n|-damage|p1a: Urshifu|30/100\n|\n|-weather|Snowscape|[upkeep]\n|upkeep\n|turn|29\n|\n|t:|1771253652\n|move|p1a: Urshifu|Surging Strikes|p2a: Kingdra\n|-resisted|p2a: Kingdra\n|-crit|p2a: Kingdra\n|-damage|p2a: Kingdra|0 fnt\n|faint|p2a: Kingdra\n|-hitcount|p2: Kingdra|1\n|\n|-weather|none\n|upkeep\n|\n|t:|1771253661\n|switch|p2a: Toxicroak|Toxicroak, M|41/100\n|-damage|p2a: Toxicroak|34/100|[from] Stealth Rock\n|turn|30\n|inactive|Pyroblaze212 has 60 seconds left.\n|\n|t:|1771253668\n|move|p1a: Urshifu|Drain Punch|p2a: Toxicroak\n|-resisted|p2a: Toxicroak\n|-damage|p2a: Toxicroak|0 fnt\n|-heal|p1a: Urshifu|48/100|[from] drain|[of] p2a: Toxicroak\n|faint|p2a: Toxicroak\n|\n|upkeep\n|inactive|Pyroblaze212 has 60 seconds left.\n|-message|Pyroblaze212 forfeited.\n|\n|win|n!ce ct\n|raw|n!ce ct's rating: 1585 &rarr; <strong>1606</strong><br />(+21 for winning)\n|raw|Pyroblaze212's rating: 1606 &rarr; <strong>1585</strong><br />(-21 for losing)\n|l|☆Pyroblaze212\n|player|p2|\n|l|☆n!ce ct\n|player|p1|\n|l| Reyanek\n", "uploadtime": 1771253811, "views": 4, "formatid": "gen9nationaldex", "rating": 1585, "private": 0, "password": null}