{"id": "gen9nationaldex-2540342440", "format": "[Gen 9] National Dex", "players": ["Bungeleid", "FuriousGoat"], "log": "|j|☆Bungeleid\n|j|‽FuriousGoat\n|t:|1771190813\n|gametype|singles\n|player|p1|Bungeleid|boarder|1602\n|player|p2|FuriousGoat|policeman-gen4|1608\n|gen|9\n|tier|[Gen 9] National Dex\n|rated|\n|rule|HP Percentage Mod: HP is shown in percentages\n|rule|Endless Battle Clause: Forcing endless battles is banned\n|rule|Species Clause: Limit one of each Pokémon\n|rule|OHKO Clause: OHKO moves are banned\n|rule|Evasion Clause: Evasion abilities, items, and moves are banned\n|rule|Evasion Abilities Clause: Evasion abilities are banned\n|rule|Evasion Items Clause: Evasion items are banned\n|rule|Evasion Moves Clause: Evasion moves are banned\n|rule|Sleep Clause Mod: Limit one foe put to sleep\n|rule|Terastal Clause: You cannot Terastallize\n|clearpoke\n|poke|p1|Latios, M|\n|poke|p1|Zamazenta-*|\n|poke|p1|Gholdengo|\n|poke|p1|Samurott-Hisui, F|\n|poke|p1|Landorus-Therian, M|\n|poke|p1|Cinderace, M|\n|poke|p2|Garchomp, M|\n|poke|p2|Tyranitar, M|\n|poke|p2|Ferrothorn, F|\n|poke|p2|Moltres|\n|poke|p2|Azumarill, M|\n|poke|p2|Gholdengo|\n|teampreview\n|\n|t:|1771190827\n|teamsize|p1|6\n|teamsize|p2|6\n|start\n|switch|p1a: Garfield|Landorus-Therian, M|100/100\n|switch|p2a: Azumarill|Azumarill, M|100/100\n|-ability|p1a: Garfield|Intimidate|boost\n|-unboost|p2a: Azumarill|atk|1\n|turn|1\n|\n|t:|1771190849\n|move|p1a: Garfield|Earthquake|p2a: Azumarill\n|-damage|p2a: Azumarill|56/100\n|move|p2a: Azumarill|Liquidation|p1a: Garfield\n|-supereffective|p1a: Garfield\n|-damage|p1a: Garfield|34/100\n|-damage|p2a: Azumarill|39/100|[from] item: Rocky Helmet|[of] p1a: Garfield\n|\n|upkeep\n|turn|2\n|\n|t:|1771190857\n|switch|p2a: Moltres|Moltres|100/100\n|move|p1a: Garfield|Stealth Rock|p2a: Moltres\n|-sidestart|p2: FuriousGoat|move: Stealth Rock\n|\n|upkeep\n|turn|3\n|\n|t:|1771190861\n|move|p1a: Garfield|Toxic|p2a: Moltres\n|-status|p2a: Moltres|tox\n|move|p2a: Moltres|Flamethrower|p1a: Garfield\n|-damage|p1a: Garfield|0 fnt\n|faint|p1a: Garfield\n|\n|-damage|p2a: Moltres|94/100 tox|[from] psn\n|upkeep\n|\n|t:|1771190864\n|switch|p1a: Samurai Sack|Samurott-Hisui, F|100/100\n|turn|4\n|\n|t:|1771190868\n|move|p1a: Samurai Sack|Ceaseless Edge|p2a: Moltres\n|-damage|p2a: Moltres|62/100 tox\n|-status|p1a: Samurai Sack|brn|[from] ability: Flame Body|[of] p2a: Moltres\n|-sidestart|p2: FuriousGoat|Spikes\n|move|p2a: Moltres|U-turn|p1a: Samurai Sack\n|-supereffective|p1a: Samurai Sack\n|-damage|p1a: Samurai Sack|65/100 brn\n|\n|t:|1771190879\n|switch|p2a: Garchomp|Garchomp, M, shiny|100/100|[from] U-turn\n|-damage|p2a: Garchomp|94/100|[from] Stealth Rock\n|-damage|p2a: Garchomp|82/100|[from] Spikes\n|\n|-damage|p1a: Samurai Sack|59/100 brn|[from] brn\n|upkeep\n|turn|5\n|j| Reyanek\n|\n|t:|1771190881\n|move|p1a: Samurai Sack|Ceaseless Edge|p2a: Garchomp\n|-damage|p2a: Garchomp|59/100\n|-damage|p1a: Samurai Sack|46/100 brn|[from] ability: Rough Skin|[of] p2a: Garchomp\n|-sidestart|p2: FuriousGoat|Spikes\n|move|p2a: Garchomp|Scale Shot|p1a: Samurai Sack\n|-crit|p1a: Samurai Sack\n|-damage|p1a: Samurai Sack|23/100 brn\n|-damage|p1a: Samurai Sack|6/100 brn\n|-damage|p1a: Samurai Sack|0 fnt\n|faint|p1a: Samurai Sack\n|-hitcount|p1: Samurai Sack|3\n|-unboost|p2a: Garchomp|def|1\n|-boost|p2a: Garchomp|spe|1\n|\n|upkeep\n|\n|t:|1771190886\n|switch|p1a: Color Out of Space|Zamazenta|100/100\n|-ability|p1a: Color Out of Space|Dauntless Shield|boost\n|-boost|p1a: Color Out of Space|def|1\n|turn|6\n|\n|t:|1771190904\n|switch|p2a: Moltres|Moltres|62/100 tox\n|move|p1a: Color Out of Space|Close Combat|p2a: Moltres\n|-resisted|p2a: Moltres\n|-damage|p2a: Moltres|43/100 tox\n|-unboost|p1a: Color Out of Space|def|1\n|-unboost|p1a: Color Out of Space|spd|1\n|\n|-damage|p2a: Moltres|37/100 tox|[from] psn\n|upkeep\n|turn|7\n|\n|t:|1771190908\n|move|p1a: Color Out of Space|Stone Edge|p2a: Moltres\n|-supereffective|p2a: Moltres\n|-damage|p2a: Moltres|0 fnt\n|faint|p2a: Moltres\n|\n|upkeep\n|\n|t:|1771190911\n|switch|p2a: Gholdengo|Gholdengo|100/100\n|-damage|p2a: Gholdengo|94/100|[from] Stealth Rock\n|-damage|p2a: Gholdengo|78/100|[from] Spikes\n|turn|8\n|\n|t:|1771190914\n|switch|p1a: Hat Rabbit|Cinderace, M|100/100\n|move|p2a: Gholdengo|Psychic|p1a: Hat Rabbit\n|-damage|p1a: Hat Rabbit|48/100\n|\n|upkeep\n|turn|9\n|\n|t:|1771190919\n|move|p2a: Gholdengo|Psychic|p1a: Hat Rabbit\n|-damage|p1a: Hat Rabbit|0 fnt\n|faint|p1a: Hat Rabbit\n|\n|upkeep\n|\n|t:|1771190921\n|switch|p1a: Njau|Latios, M|100/100\n|turn|10\n|\n|t:|1771190929\n|switch|p2a: Ferrothorn|Ferrothorn, F|100/100\n|-damage|p2a: Ferrothorn|95/100|[from] Stealth Rock\n|-damage|p2a: Ferrothorn|78/100|[from] Spikes\n|detailschange|p1a: Njau|Latios-Mega, M\n|-mega|p1a: Njau|Latios|Latiosite\n|move|p1a: Njau|Mystical Fire|p2a: Ferrothorn\n|-supereffective|p2a: Ferrothorn\n|-damage|p2a: Ferrothorn|0 fnt\n|faint|p2a: Ferrothorn\n|\n|upkeep\n|\n|t:|1771190943\n|switch|p2a: Gholdengo|Gholdengo|78/100\n|-damage|p2a: Gholdengo|72/100|[from] Stealth Rock\n|-damage|p2a: Gholdengo|55/100|[from] Spikes\n|turn|11\n|\n|t:|1771190945\n|switch|p1a: Color Out of Space|Zamazenta|100/100\n|move|p2a: Gholdengo|Shadow Ball|p1a: Color Out of Space\n|-damage|p1a: Color Out of Space|71/100\n|\n|upkeep\n|turn|12\n|\n|t:|1771190955\n|switch|p2a: Azumarill|Azumarill, M|39/100\n|-damage|p2a: Azumarill|27/100|[from] Stealth Rock\n|-damage|p2a: Azumarill|10/100|[from] Spikes\n|move|p1a: Color Out of Space|Crunch|p2a: Azumarill\n|-resisted|p2a: Azumarill\n|-damage|p2a: Azumarill|0 fnt\n|faint|p2a: Azumarill\n|\n|upkeep\n|\n|t:|1771190961\n|switch|p2a: Gholdengo|Gholdengo|55/100\n|-damage|p2a: Gholdengo|49/100|[from] Stealth Rock\n|-damage|p2a: Gholdengo|33/100|[from] Spikes\n|turn|13\n|\n|t:|1771190964\n|move|p1a: Color Out of Space|Crunch|p2a: Gholdengo\n|-supereffective|p2a: Gholdengo\n|-damage|p2a: Gholdengo|0 fnt\n|faint|p2a: Gholdengo\n|\n|upkeep\n|-message|FuriousGoat forfeited.\n|\n|win|Bungeleid\n|raw|Bungeleid's rating: 1602 &rarr; <strong>1622</strong><br />(+20 for winning)\n|raw|FuriousGoat's rating: 1608 &rarr; <strong>1588</strong><br />(-20 for losing)\n|l|‽FuriousGoat\n|player|p2|\n|l|☆Bungeleid\n|player|p1|\n|l| Reyanek\n", "uploadtime": 1771191151, "views": 6, "formatid": "gen9nationaldex", "rating": 1588, "private": 0, "password": null}