{"id": "gen3randombattle-2539725963", "format": "[Gen 3] Random Battle", "players": ["accuratemovesonly", "SillySaur"], "log": "|j|☆accuratemovesonly\n|j|☆SillySaur\n|t:|1771101286\n|gametype|singles\n|player|p1|accuratemovesonly|fisherman-gen4|1539\n|player|p2|SillySaur|wattson|1691\n|gen|3\n|tier|[Gen 3] Random Battle\n|rated|\n|rule|Sleep Clause Mod: Limit one foe put to sleep\n|rule|Switch Priority Clause Mod: Faster Pokémon switch first\n|rule|Species Clause: Limit one of each Pokémon\n|rule|OHKO Clause: OHKO moves are banned\n|rule|Evasion Items Clause: Evasion items are banned\n|rule|Evasion Moves Clause: Evasion moves are banned\n|rule|Endless Battle Clause: Forcing endless battles is banned\n|rule|HP Percentage Mod: HP is shown in percentages\n|\n|t:|1771101286\n|teamsize|p1|6\n|teamsize|p2|6\n|start\n|switch|p1a: Mightyena|Mightyena, L92, F|278/278\n|switch|p2a: Mantine|Mantine, L86, M|252/252\n|-ability|p1a: Mightyena|Intimidate|boost\n|-unboost|p2a: Mantine|atk|1\n|turn|1\n|inactive|Battle timer is ON: inactive players will automatically lose when time's up. (requested by accuratemovesonly)\n|\n|t:|1771101294\n|move|p1a: Mightyena|Toxic|p2a: Mantine\n|-status|p2a: Mantine|tox\n|move|p2a: Mantine|Toxic|p1a: Mightyena\n|-status|p1a: Mightyena|tox\n|\n|-damage|p1a: Mightyena|261/278 tox|[from] psn\n|-damage|p2a: Mantine|237/252 tox|[from] psn\n|upkeep\n|turn|2\n|\n|t:|1771101305\n|move|p1a: Mightyena|Heal Bell|p1a: Mightyena\n|-activate|p1a: Mightyena|move: Heal Bell\n|-curestatus|p1a: Mightyena|tox|[silent]\n|move|p2a: Mantine|Rest|p2a: Mantine\n|-status|p2a: Mantine|slp|[from] move: Rest\n|-heal|p2a: Mantine|252/252 slp|[silent]\n|\n|-heal|p1a: Mightyena|278/278|[from] item: Leftovers\n|upkeep\n|turn|3\n|\n|t:|1771101308\n|switch|p1a: Qwilfish|Qwilfish, L83, M|244/244\n|cant|p2a: Mantine|slp\n|move|p2a: Mantine|Sleep Talk|p2a: Mantine\n|move|p2a: Mantine|Toxic|p1a: Qwilfish|[from] Sleep Talk\n|-immune|p1a: Qwilfish\n|\n|upkeep\n|turn|4\n|\n|t:|1771101312\n|switch|p2a: Quagsire|Quagsire, L84, M|297/297\n|move|p1a: Qwilfish|Spikes|p2a: Quagsire\n|-sidestart|p2: SillySaur|Spikes\n|\n|upkeep\n|turn|5\n|\n|t:|1771101322\n|switch|p1a: Sceptile|Sceptile, L82, F|249/249\n|move|p2a: Quagsire|Earthquake|p1a: Sceptile\n|-resisted|p1a: Sceptile\n|-damage|p1a: Sceptile|187/249\n|\n|-heal|p1a: Sceptile|202/249|[from] item: Leftovers\n|upkeep\n|turn|6\n|\n|t:|1771101327\n|switch|p2a: Seviper|Seviper, L88, F|272/272\n|-damage|p2a: Seviper|238/272|[from] Spikes\n|move|p1a: Sceptile|Leaf Blade|p2a: Seviper\n|-resisted|p2a: Seviper\n|-damage|p2a: Seviper|193/272\n|\n|-heal|p1a: Sceptile|217/249|[from] item: Leftovers\n|-heal|p2a: Seviper|210/272|[from] item: Leftovers\n|upkeep\n|turn|7\n|\n|t:|1771101334\n|switch|p1a: Wobbuffet|Wobbuffet, L82, M|446/446\n|move|p2a: Seviper|Earthquake|p1a: Wobbuffet\n|-damage|p1a: Wobbuffet|327/446\n|\n|-heal|p2a: Seviper|227/272|[from] item: Leftovers\n|-heal|p1a: Wobbuffet|354/446|[from] item: Leftovers\n|upkeep\n|turn|8\n|\n|t:|1771101348\n|move|p2a: Seviper|Sludge Bomb|p1a: Wobbuffet\n|-damage|p1a: Wobbuffet|214/446\n|move|p1a: Wobbuffet|Encore|p2a: Seviper\n|-start|p2a: Seviper|Encore\n|\n|-heal|p2a: Seviper|244/272|[from] item: Leftovers\n|-heal|p1a: Wobbuffet|241/446|[from] item: Leftovers\n|upkeep\n|turn|9\n|\n|t:|1771101354\n|move|p2a: Seviper|Sludge Bomb|p1a: Wobbuffet\n|-damage|p1a: Wobbuffet|91/446\n|move|p1a: Wobbuffet|Counter|p2a: Seviper\n|-damage|p2a: Seviper|0 fnt\n|faint|p2a: Seviper\n|\n|t:|1771101362\n|switch|p2a: Scizor|Scizor, L82, F|249/249\n|-damage|p2a: Scizor|218/249|[from] Spikes\n|\n|-heal|p2a: Scizor|233/249|[from] item: Leftovers\n|-heal|p1a: Wobbuffet|118/446|[from] item: Leftovers\n|upkeep\n|turn|10\n|\n|t:|1771101366\n|move|p2a: Scizor|Silver Wind|p1a: Wobbuffet\n|-supereffective|p1a: Wobbuffet\n|-damage|p1a: Wobbuffet|0 fnt\n|faint|p1a: Wobbuffet\n|\n|t:|1771101372\n|switch|p1a: Ampharos|Ampharos, L82, M|282/282\n|\n|-heal|p2a: Scizor|248/249|[from] item: Leftovers\n|upkeep\n|turn|11\n|\n|t:|1771101377\n|switch|p2a: Quagsire|Quagsire, L84, M|297/297\n|-damage|p2a: Quagsire|260/297|[from] Spikes\n|move|p1a: Ampharos|Toxic|p2a: Quagsire|[miss]\n|-miss|p1a: Ampharos|p2a: Quagsire\n|\n|-heal|p2a: Quagsire|278/297|[from] item: Leftovers\n|upkeep\n|turn|12\n|\n|t:|1771101381\n|switch|p1a: Sceptile|Sceptile, L82, F|217/249\n|move|p2a: Quagsire|Toxic|p1a: Sceptile\n|-status|p1a: Sceptile|tox\n|\n|-heal|p1a: Sceptile|232/249 tox|[from] item: Leftovers\n|-damage|p1a: Sceptile|217/249 tox|[from] psn\n|-heal|p2a: Quagsire|296/297|[from] item: Leftovers\n|upkeep\n|turn|13\n|\n|t:|1771101387\n|switch|p2a: Scizor|Scizor, L82, F|248/249\n|-damage|p2a: Scizor|217/249|[from] Spikes\n|move|p1a: Sceptile|Leech Seed|p2a: Scizor\n|-start|p2a: Scizor|move: Leech Seed\n|\n|-heal|p1a: Sceptile|232/249 tox|[from] item: Leftovers\n|-damage|p1a: Sceptile|202/249 tox|[from] psn\n|-heal|p2a: Scizor|232/249|[from] item: Leftovers\n|-damage|p2a: Scizor|201/249|[from] Leech Seed|[of] p1a: Sceptile\n|-heal|p1a: Sceptile|233/249 tox|[silent]\n|upkeep\n|turn|14\n|\n|t:|1771101394\n|switch|p1a: Ampharos|Ampharos, L82, M|282/282\n|move|p2a: Scizor|Silver Wind|p1a: Ampharos\n|-crit|p1a: Ampharos\n|-damage|p1a: Ampharos|115/282\n|\n|-heal|p2a: Scizor|216/249|[from] item: Leftovers\n|-damage|p2a: Scizor|185/249|[from] Leech Seed|[of] p1a: Ampharos\n|-heal|p1a: Ampharos|146/282|[silent]\n|-heal|p1a: Ampharos|163/282|[from] item: Leftovers\n|upkeep\n|turn|15\n|\n|t:|1771101403\n|switch|p2a: Quagsire|Quagsire, L84, M|296/297\n|-damage|p2a: Quagsire|259/297|[from] Spikes\n|move|p1a: Ampharos|Fire Punch|p2a: Quagsire\n|-resisted|p2a: Quagsire\n|-damage|p2a: Quagsire|222/297\n|\n|-heal|p1a: Ampharos|180/282|[from] item: Leftovers\n|-heal|p2a: Quagsire|240/297|[from] item: Leftovers\n|upkeep\n|turn|16\n|\n|t:|1771101409\n|switch|p1a: Sceptile|Sceptile, L82, F|233/249 tox\n|move|p2a: Quagsire|Ice Beam|p1a: Sceptile\n|-supereffective|p1a: Sceptile\n|-damage|p1a: Sceptile|119/249 tox\n|\n|-heal|p1a: Sceptile|134/249 tox|[from] item: Leftovers\n|-damage|p1a: Sceptile|119/249 tox|[from] psn\n|-heal|p2a: Quagsire|258/297|[from] item: Leftovers\n|upkeep\n|turn|17\n|\n|t:|1771101415\n|switch|p2a: Scizor|Scizor, L82, F|185/249\n|-damage|p2a: Scizor|154/249|[from] Spikes\n|move|p1a: Sceptile|Leech Seed|p2a: Scizor\n|-start|p2a: Scizor|move: Leech Seed\n|\n|-heal|p1a: Sceptile|134/249 tox|[from] item: Leftovers\n|-damage|p1a: Sceptile|104/249 tox|[from] psn\n|-heal|p2a: Scizor|169/249|[from] item: Leftovers\n|-damage|p2a: Scizor|138/249|[from] Leech Seed|[of] p1a: Sceptile\n|-heal|p1a: Sceptile|135/249 tox|[silent]\n|upkeep\n|turn|18\n|\n|t:|1771101422\n|switch|p1a: Qwilfish|Qwilfish, L83, M|244/244\n|move|p2a: Scizor|Swords Dance|p2a: Scizor\n|-boost|p2a: Scizor|atk|2\n|\n|-heal|p2a: Scizor|153/249|[from] item: Leftovers\n|-damage|p2a: Scizor|122/249|[from] Leech Seed|[of] p1a: Qwilfish\n|upkeep\n|turn|19\n|\n|t:|1771101427\n|move|p1a: Qwilfish|Hydro Pump|p2a: Scizor\n|-damage|p2a: Scizor|24/249\n|move|p2a: Scizor|Silver Wind|p1a: Qwilfish\n|-resisted|p1a: Qwilfish\n|-damage|p1a: Qwilfish|109/244\n|\n|-heal|p1a: Qwilfish|124/244|[from] item: Leftovers\n|-heal|p2a: Scizor|39/249|[from] item: Leftovers\n|-damage|p2a: Scizor|8/249|[from] Leech Seed|[of] p1a: Qwilfish\n|-heal|p1a: Qwilfish|155/244|[silent]\n|upkeep\n|turn|20\n|\n|t:|1771101433\n|move|p1a: Qwilfish|Hydro Pump|p2a: Scizor\n|-damage|p2a: Scizor|0 fnt\n|faint|p2a: Scizor\n|\n|t:|1771101440\n|switch|p2a: Kecleon|Kecleon, L92, M|260/260\n|-damage|p2a: Kecleon|228/260|[from] Spikes\n|\n|-heal|p1a: Qwilfish|170/244|[from] item: Leftovers\n|-heal|p2a: Kecleon|244/260|[from] item: Leftovers\n|upkeep\n|turn|21\n|\n|t:|1771101449\n|move|p1a: Qwilfish|Spikes|p2a: Kecleon\n|-sidestart|p2: SillySaur|Spikes\n|move|p2a: Kecleon|Thunder Wave|p1a: Qwilfish\n|-status|p1a: Qwilfish|par\n|\n|-heal|p2a: Kecleon|260/260|[from] item: Leftovers\n|-heal|p1a: Qwilfish|185/244 par|[from] item: Leftovers\n|upkeep\n|turn|22\n|\n|t:|1771101452\n|move|p2a: Kecleon|Return|p1a: Qwilfish\n|-damage|p1a: Qwilfish|41/244 par\n|move|p1a: Qwilfish|Spikes|p2a: Kecleon\n|-sidestart|p2: SillySaur|Spikes\n|\n|-heal|p1a: Qwilfish|56/244 par|[from] item: Leftovers\n|upkeep\n|turn|23\n|\n|t:|1771101469\n|move|p2a: Kecleon|Return|p1a: Qwilfish\n|-damage|p1a: Qwilfish|0 fnt\n|faint|p1a: Qwilfish\n|\n|t:|1771101470\n|switch|p1a: Mightyena|Mightyena, L92, F|278/278\n|-ability|p1a: Mightyena|Intimidate|boost\n|-unboost|p2a: Kecleon|atk|1\n|\n|upkeep\n|turn|24\n|\n|t:|1771101476\n|move|p1a: Mightyena|Toxic|p2a: Kecleon\n|-status|p2a: Kecleon|tox\n|move|p2a: Kecleon|Brick Break|p1a: Mightyena\n|-supereffective|p1a: Mightyena\n|-damage|p1a: Mightyena|194/278\n|\n|-heal|p1a: Mightyena|211/278|[from] item: Leftovers\n|-damage|p2a: Kecleon|244/260 tox|[from] psn\n|upkeep\n|turn|25\n|\n|t:|1771101483\n|switch|p2a: Mantine|Mantine, L86, M|252/252 slp\n|move|p1a: Mightyena|Hidden Power|p2a: Mantine\n|-resisted|p2a: Mantine\n|-damage|p2a: Mantine|218/252 slp\n|\n|-heal|p1a: Mightyena|228/278|[from] item: Leftovers\n|-heal|p2a: Mantine|233/252 slp|[from] item: Leftovers\n|upkeep\n|turn|26\n|\n|t:|1771101487\n|move|p1a: Mightyena|Heal Bell|p1a: Mightyena\n|-activate|p1a: Mightyena|move: Heal Bell\n|-curestatus|p1: Sceptile|tox|[silent]\n|cant|p2a: Mantine|slp\n|move|p2a: Mantine|Sleep Talk|p2a: Mantine\n|move|p2a: Mantine|Surf|p1a: Mightyena|[from] Sleep Talk\n|-damage|p1a: Mightyena|123/278\n|\n|-heal|p1a: Mightyena|140/278|[from] item: Leftovers\n|-heal|p2a: Mantine|248/252 slp|[from] item: Leftovers\n|upkeep\n|turn|27\n|\n|t:|1771101491\n|switch|p1a: Sceptile|Sceptile, L82, F|135/249\n|cant|p2a: Mantine|slp\n|move|p2a: Mantine|Sleep Talk|p2a: Mantine\n|move|p2a: Mantine|Surf|p1a: Sceptile|[from] Sleep Talk\n|-resisted|p1a: Sceptile\n|-damage|p1a: Sceptile|91/249\n|\n|-heal|p1a: Sceptile|106/249|[from] item: Leftovers\n|-heal|p2a: Mantine|252/252 slp|[from] item: Leftovers\n|upkeep\n|turn|28\n|\n|t:|1771101503\n|switch|p2a: Yanma|Yanma, L92, F|269/269\n|move|p1a: Sceptile|Substitute|p1a: Sceptile\n|-start|p1a: Sceptile|Substitute\n|-damage|p1a: Sceptile|44/249\n|\n|-heal|p1a: Sceptile|59/249|[from] item: Leftovers\n|upkeep\n|turn|29\n|\n|t:|1771101507\n|move|p1a: Sceptile|Hidden Power|p2a: Yanma\n|-supereffective|p2a: Yanma\n|-damage|p2a: Yanma|130/269\n|move|p2a: Yanma|Aerial Ace|p1a: Sceptile\n|-supereffective|p1a: Sceptile\n|-end|p1a: Sceptile|Substitute\n|\n|-heal|p1a: Sceptile|74/249|[from] item: Leftovers\n|-heal|p2a: Yanma|146/269|[from] item: Leftovers\n|upkeep\n|turn|30\n|\n|t:|1771101522\n|switch|p1a: Pikachu|Pikachu, L87, F|203/203\n|move|p2a: Yanma|Aerial Ace|p1a: Pikachu\n|-resisted|p1a: Pikachu\n|-damage|p1a: Pikachu|145/203\n|-status|p2a: Yanma|par|[from] ability: Static|[of] p1a: Pikachu\n|\n|-heal|p2a: Yanma|162/269 par|[from] item: Leftovers\n|upkeep\n|turn|31\n|\n|t:|1771101530\n|move|p1a: Pikachu|Hidden Power|p2a: Yanma\n|-supereffective|p2a: Yanma\n|-damage|p2a: Yanma|0 fnt\n|faint|p2a: Yanma\n|\n|t:|1771101535\n|switch|p2a: Quagsire|Quagsire, L84, M|258/297\n|-damage|p2a: Quagsire|184/297|[from] Spikes\n|\n|-heal|p2a: Quagsire|202/297|[from] item: Leftovers\n|upkeep\n|turn|32\n|\n|t:|1771101548\n|move|p1a: Pikachu|Hidden Power|p2a: Quagsire\n|-crit|p2a: Quagsire\n|-damage|p2a: Quagsire|26/297\n|move|p2a: Quagsire|Earthquake|p1a: Pikachu\n|-supereffective|p1a: Pikachu\n|-damage|p1a: Pikachu|0 fnt\n|faint|p1a: Pikachu\n|\n|t:|1771101551\n|switch|p1a: Sceptile|Sceptile, L82, F|74/249\n|\n|-heal|p1a: Sceptile|89/249|[from] item: Leftovers\n|-heal|p2a: Quagsire|44/297|[from] item: Leftovers\n|upkeep\n|turn|33\n|\n|t:|1771101560\n|move|p2a: Quagsire|Protect|p2a: Quagsire\n|-singleturn|p2a: Quagsire|Protect\n|move|p1a: Sceptile|Hidden Power|p2a: Quagsire\n|-activate|p2a: Quagsire|Protect\n|\n|-heal|p1a: Sceptile|104/249|[from] item: Leftovers\n|-heal|p2a: Quagsire|62/297|[from] item: Leftovers\n|upkeep\n|turn|34\n|\n|t:|1771101566\n|move|p2a: Quagsire|Protect|p2a: Quagsire\n|-singleturn|p2a: Quagsire|Protect\n|move|p1a: Sceptile|Substitute|p1a: Sceptile\n|-start|p1a: Sceptile|Substitute\n|-damage|p1a: Sceptile|42/249\n|\n|-heal|p1a: Sceptile|57/249|[from] item: Leftovers\n|-heal|p2a: Quagsire|80/297|[from] item: Leftovers\n|upkeep\n|turn|35\n|\n|t:|1771101572\n|switch|p2a: Mantine|Mantine, L86, M|252/252 slp\n|move|p1a: Sceptile|Leaf Blade|p2a: Mantine\n|-crit|p2a: Mantine\n|-damage|p2a: Mantine|87/252 slp\n|\n|-heal|p1a: Sceptile|72/249|[from] item: Leftovers\n|-heal|p2a: Mantine|102/252 slp|[from] item: Leftovers\n|upkeep\n|turn|36\n|\n|t:|1771101580\n|move|p1a: Sceptile|Leaf Blade|p2a: Mantine\n|-damage|p2a: Mantine|20/252 slp\n|cant|p2a: Mantine|slp\n|move|p2a: Mantine|Sleep Talk|p2a: Mantine\n|move|p2a: Mantine|Surf|p1a: Sceptile|[from] Sleep Talk\n|-resisted|p1a: Sceptile\n|-activate|p1a: Sceptile|Substitute|[damage]\n|\n|-heal|p1a: Sceptile|87/249|[from] item: Leftovers\n|-heal|p2a: Mantine|35/252 slp|[from] item: Leftovers\n|upkeep\n|turn|37\n|\n|t:|1771101583\n|move|p1a: Sceptile|Leaf Blade|p2a: Mantine\n|-damage|p2a: Mantine|0 fnt\n|faint|p2a: Mantine\n|\n|t:|1771101585\n|switch|p2a: Kecleon|Kecleon, L92, M|244/260 tox\n|-damage|p2a: Kecleon|179/260 tox|[from] Spikes\n|\n|-heal|p1a: Sceptile|102/249|[from] item: Leftovers\n|-heal|p2a: Kecleon|195/260 tox|[from] item: Leftovers\n|-damage|p2a: Kecleon|179/260 tox|[from] psn\n|upkeep\n|turn|38\n|\n|t:|1771101592\n|move|p1a: Sceptile|Leech Seed|p2a: Kecleon\n|-start|p2a: Kecleon|move: Leech Seed\n|move|p2a: Kecleon|Return|p1a: Sceptile\n|-end|p1a: Sceptile|Substitute\n|\n|-heal|p1a: Sceptile|117/249|[from] item: Leftovers\n|-heal|p2a: Kecleon|195/260 tox|[from] item: Leftovers\n|-damage|p2a: Kecleon|163/260 tox|[from] Leech Seed|[of] p1a: Sceptile\n|-heal|p1a: Sceptile|149/249|[silent]\n|-damage|p2a: Kecleon|131/260 tox|[from] psn\n|upkeep\n|turn|39\n|c|☆accuratemovesonly|Gg\n|\n|t:|1771101602\n|move|p1a: Sceptile|Substitute|p1a: Sceptile\n|-start|p1a: Sceptile|Substitute\n|-damage|p1a: Sceptile|87/249\n|move|p2a: Kecleon|Return|p1a: Sceptile\n|-crit|p1a: Sceptile\n|-end|p1a: Sceptile|Substitute\n|\n|-heal|p1a: Sceptile|102/249|[from] item: Leftovers\n|-heal|p2a: Kecleon|147/260 tox|[from] item: Leftovers\n|-damage|p2a: Kecleon|115/260 tox|[from] Leech Seed|[of] p1a: Sceptile\n|-heal|p1a: Sceptile|134/249|[silent]\n|-damage|p2a: Kecleon|67/260 tox|[from] psn\n|upkeep\n|turn|40\n|\n|t:|1771101606\n|move|p1a: Sceptile|Substitute|p1a: Sceptile\n|-start|p1a: Sceptile|Substitute\n|-damage|p1a: Sceptile|72/249\n|move|p2a: Kecleon|Return|p1a: Sceptile\n|-crit|p1a: Sceptile\n|-end|p1a: Sceptile|Substitute\n|\n|-heal|p1a: Sceptile|87/249|[from] item: Leftovers\n|-heal|p2a: Kecleon|83/260 tox|[from] item: Leftovers\n|-damage|p2a: Kecleon|51/260 tox|[from] Leech Seed|[of] p1a: Sceptile\n|-heal|p1a: Sceptile|119/249|[silent]\n|-damage|p2a: Kecleon|0 fnt|[from] psn\n|faint|p2a: Kecleon\n|upkeep\n|\n|t:|1771101608\n|switch|p2a: Quagsire|Quagsire, L84, M|80/297\n|-damage|p2a: Quagsire|6/297|[from] Spikes\n|turn|41\n|c|☆SillySaur|gg\n|\n|t:|1771101613\n|move|p1a: Sceptile|Leaf Blade|p2a: Quagsire\n|-supereffective|p2a: Quagsire\n|-damage|p2a: Quagsire|0 fnt\n|faint|p2a: Quagsire\n|\n|win|accuratemovesonly\n|raw|accuratemovesonly's rating: 1539 &rarr; <strong>1567</strong><br />(+28 for winning)\n|raw|SillySaur's rating: 1691 &rarr; <strong>1663</strong><br />(-28 for losing)\n|l|☆accuratemovesonly\n|player|p1|\n|j|☆accuratemovesonly\n|player|p1|accuratemovesonly|fisherman-gen4|\n", "inputlog": ">version ccdc32dd7cde25fd9e4bed64820e885f66e78a4e\n>start {\"formatid\":\"gen3randombattle\",\"seed\":\"sodium,98c18d6e6e9f7db39df7b75f638976b4\",\"rated\":\"Rated battle\"}\n>player p1 {\"name\":\"accuratemovesonly\",\"avatar\":\"fisherman-gen4\",\"rating\":1539,\"seed\":\"sodium,ecfe38d1f10233858b697a6a3fd05abe\"}\n>player p2 {\"name\":\"SillySaur\",\"avatar\":\"wattson\",\"rating\":1691,\"seed\":\"sodium,e5b2c89e14261f765f9fb5612d5c4bd0\"}\n>p1 move toxic\n>p2 move toxic\n>p1 move healbell\n>p2 move rest\n>p1 switch 5\n>p2 move sleeptalk\n>p1 move spikes\n>p2 switch 2\n>p1 switch 4\n>p2 move earthquake\n>p1 move leafblade\n>p2 switch 5\n>p1 switch 3\n>p2 move earthquake\n>p1 move encore\n>p2 move sludgebomb\n>p1 move counter\n>p2 move sludgebomb\n>p2 switch 4\n>p1 move encore\n>p2 move silverwind\n>p1 switch 2\n>p1 move toxic\n>p2 switch 5\n>p1 switch 3\n>p2 move toxic\n>p1 move leechseed\n>p2 switch 5\n>p1 switch 3\n>p2 move silverwind\n>p1 move firepunch\n>p2 switch 5\n>p1 switch 3\n>p2 move icebeam\n>p1 move leechseed\n>p2 switch 5\n>p1 switch 4\n>p2 move swordsdance\n>p1 move hydropump\n>p2 move silverwind\n>p1 move hydropump\n>p2 move batonpass\n>p2 switch 6\n>p1 move spikes\n>p2 move thunderwave\n>p1 move spikes\n>p2 move return\n>p1 move selfdestruct\n>p2 move return\n>p1 switch 5\n>p1 move toxic\n>p2 move brickbreak\n>p1 move hiddenpower\n>p2 switch 2\n>p1 move healbell\n>p2 move sleeptalk\n>p1 switch 4\n>p2 move sleeptalk\n>p1 move substitute\n>p2 switch 3\n>p1 move hiddenpower\n>p2 move aerialace\n>p1 switch 6\n>p2 move aerialace\n>p1 move hiddenpower\n>p2 move hiddenpower\n>p2 switch 5\n>p1 move hiddenpower\n>p2 move earthquake\n>p1 switch 6\n>p1 move hiddenpower\n>p2 move protect\n>p1 move substitute\n>p2 move protect\n>p1 move leafblade\n>p2 switch 3\n>p1 move leafblade\n>p2 move sleeptalk\n>p1 move leafblade\n>p2 move sleeptalk\n>p2 switch 2\n>p1 move leechseed\n>p2 move return\n>chat ☆accuratemovesonly|Gg\n>p1 move substitute\n>p2 move return\n>p1 move substitute\n>p2 move return\n>p2 switch 3\n>chat ☆SillySaur|gg\n>p1 move leafblade\n>p2 move icebeam", "uploadtime": 1771101624, "views": 129, "formatid": "gen3randombattle", "rating": 1567, "private": 0, "password": null}