{"id": "gen3randombattle-2539912167", "format": "[Gen 3] Random Battle", "players": ["smokin beers", "Michael91"], "log": "|j|☆smokin beers\n|j|☆Michael91\n|t:|1771126148\n|gametype|singles\n|player|p1|smokin beers|burglar-gen1|1539\n|player|p2|Michael91|266|1603\n|gen|3\n|tier|[Gen 3] Random Battle\n|rated|\n|rule|Sleep Clause Mod: Limit one foe put to sleep\n|rule|Switch Priority Clause Mod: Faster Pokémon switch first\n|rule|Species Clause: Limit one of each Pokémon\n|rule|OHKO Clause: OHKO moves are banned\n|rule|Evasion Items Clause: Evasion items are banned\n|rule|Evasion Moves Clause: Evasion moves are banned\n|rule|Endless Battle Clause: Forcing endless battles is banned\n|rule|HP Percentage Mod: HP is shown in percentages\n|\n|t:|1771126148\n|teamsize|p1|6\n|teamsize|p2|6\n|start\n|switch|p1a: Beautifly|Beautifly, M|282/282\n|switch|p2a: Walrein|Walrein, L80, F|307/307\n|turn|1\n|j| llrabs\n|inactive|Battle timer is ON: inactive players will automatically lose when time's up. (requested by smokin beers)\n|\n|t:|1771126180\n|switch|p1a: Suicune|Suicune, L74|270/270\n|-ability|p1a: Suicune|Pressure|[silent]\n|switch|p2a: Lanturn|Lanturn, L82, F|339/339\n|\n|upkeep\n|turn|2\n|\n|t:|1771126193\n|move|p1a: Suicune|Calm Mind|p1a: Suicune\n|-boost|p1a: Suicune|spa|1\n|-boost|p1a: Suicune|spd|1\n|move|p2a: Lanturn|Thunderbolt|p1a: Suicune\n|-supereffective|p1a: Suicune\n|-damage|p1a: Suicune|179/270\n|-status|p1a: Suicune|par\n|\n|-heal|p1a: Suicune|195/270 par|[from] item: Leftovers\n|upkeep\n|turn|3\n|\n|t:|1771126200\n|move|p2a: Lanturn|Thunderbolt|p1a: Suicune\n|-supereffective|p1a: Suicune\n|-damage|p1a: Suicune|103/270 par\n|move|p1a: Suicune|Rest|p1a: Suicune\n|-status|p1a: Suicune|slp|[from] move: Rest\n|-heal|p1a: Suicune|270/270 slp|[silent]\n|\n|upkeep\n|turn|4\n|l| llrabs\n|\n|t:|1771126217\n|switch|p2a: Walrein|Walrein, L80, F|307/307\n|cant|p1a: Suicune|slp\n|move|p1a: Suicune|Sleep Talk|p1a: Suicune\n|move|p1a: Suicune|Surf|p2a: Walrein|[from] Sleep Talk\n|-resisted|p2a: Walrein\n|-damage|p2a: Walrein|252/307\n|\n|-heal|p2a: Walrein|271/307|[from] item: Leftovers\n|upkeep\n|turn|5\n|\n|t:|1771126221\n|cant|p1a: Suicune|slp\n|move|p1a: Suicune|Sleep Talk|p1a: Suicune\n|move|p1a: Suicune|Calm Mind|p1a: Suicune|[from] Sleep Talk\n|-boost|p1a: Suicune|spa|1\n|-boost|p1a: Suicune|spd|1\n|move|p2a: Walrein|Encore|p1a: Suicune\n|-start|p1a: Suicune|Encore\n|\n|-heal|p2a: Walrein|290/307|[from] item: Leftovers\n|upkeep\n|turn|6\n|\n|t:|1771126231\n|switch|p2a: Spinda|Spinda, F|282/282\n|-curestatus|p1a: Suicune|slp|[msg]\n|move|p1a: Suicune|Sleep Talk|p1a: Suicune\n|\n|upkeep\n|turn|7\n|\n|t:|1771126235\n|switch|p1a: Machamp|Machamp, L82, F|282/282\n|move|p2a: Spinda|Toxic|p1a: Machamp\n|-status|p1a: Machamp|tox\n|\n|-damage|p1a: Machamp|265/282 tox|[from] psn\n|upkeep\n|turn|8\n|\n|t:|1771126240\n|move|p2a: Spinda|Substitute|p2a: Spinda\n|-start|p2a: Spinda|Substitute\n|-damage|p2a: Spinda|212/282\n|move|p1a: Machamp|Bulk Up|p1a: Machamp\n|-boost|p1a: Machamp|atk|1\n|-boost|p1a: Machamp|def|1\n|\n|-heal|p2a: Spinda|229/282|[from] item: Leftovers\n|-heal|p1a: Machamp|282/282 tox|[from] item: Leftovers\n|-damage|p1a: Machamp|248/282 tox|[from] psn\n|upkeep\n|turn|9\n|\n|t:|1771126249\n|switch|p1a: Suicune|Suicune, L74|270/270\n|-ability|p1a: Suicune|Pressure|[silent]\n|move|p2a: Spinda|Protect||[still]\n|-fail|p2a: Spinda\n|\n|-heal|p2a: Spinda|246/282|[from] item: Leftovers\n|upkeep\n|turn|10\n|\n|t:|1771126252\n|move|p2a: Spinda|Seismic Toss|p1a: Suicune\n|-damage|p1a: Suicune|170/270\n|move|p1a: Suicune|Surf|p2a: Spinda\n|-end|p2a: Spinda|Substitute\n|\n|-heal|p2a: Spinda|263/282|[from] item: Leftovers\n|-heal|p1a: Suicune|186/270|[from] item: Leftovers\n|upkeep\n|turn|11\n|\n|t:|1771126259\n|move|p2a: Spinda|Seismic Toss|p1a: Suicune\n|-damage|p1a: Suicune|86/270\n|move|p1a: Suicune|Calm Mind|p1a: Suicune\n|-boost|p1a: Suicune|spa|1\n|-boost|p1a: Suicune|spd|1\n|\n|-heal|p2a: Spinda|280/282|[from] item: Leftovers\n|-heal|p1a: Suicune|102/270|[from] item: Leftovers\n|upkeep\n|turn|12\n|inactive|Michael91 has 120 seconds left.\n|inactive|Michael91 has 90 seconds left.\n|\n|t:|1771126338\n|switch|p2a: Walrein|Walrein, L80, F|290/307\n|move|p1a: Suicune|Surf|p2a: Walrein\n|-resisted|p2a: Walrein\n|-damage|p2a: Walrein|232/307\n|\n|-heal|p1a: Suicune|118/270|[from] item: Leftovers\n|-heal|p2a: Walrein|251/307|[from] item: Leftovers\n|upkeep\n|turn|13\n|\n|t:|1771126346\n|move|p1a: Suicune|Rest|p1a: Suicune\n|-status|p1a: Suicune|slp|[from] move: Rest\n|-heal|p1a: Suicune|270/270 slp|[silent]\n|move|p2a: Walrein|Encore|p1a: Suicune\n|-start|p1a: Suicune|Encore\n|\n|-heal|p2a: Walrein|270/307|[from] item: Leftovers\n|upkeep\n|turn|14\n|inactive|Michael91 has 90 seconds left.\n|\n|t:|1771126375\n|switch|p1a: Beautifly|Beautifly, M|282/282\n|switch|p2a: Spinda|Spinda, F|280/282\n|\n|-heal|p2a: Spinda|282/282|[from] item: Leftovers\n|upkeep\n|turn|15\n|\n|t:|1771126379\n|switch|p2a: Lanturn|Lanturn, L82, F|339/339\n|move|p1a: Beautifly|Toxic|p2a: Lanturn\n|-status|p2a: Lanturn|tox\n|\n|-damage|p2a: Lanturn|318/339 tox|[from] psn\n|upkeep\n|turn|16\n|\n|t:|1771126384\n|switch|p1a: Raikou|Raikou, L74|255/255\n|-ability|p1a: Raikou|Pressure|[silent]\n|move|p2a: Lanturn|Thunderbolt|p1a: Raikou\n|-resisted|p1a: Raikou\n|-damage|p1a: Raikou|217/255\n|\n|-heal|p1a: Raikou|232/255|[from] item: Leftovers\n|-heal|p2a: Lanturn|339/339 tox|[from] item: Leftovers\n|-damage|p2a: Lanturn|297/339 tox|[from] psn\n|upkeep\n|turn|17\n|inactive|Michael91 has 90 seconds left.\n|\n|t:|1771126397\n|switch|p1a: Suicune|Suicune, L74|270/270 slp\n|-ability|p1a: Suicune|Pressure|[silent]\n|switch|p2a: Spinda|Spinda, F|282/282\n|\n|upkeep\n|turn|18\n|inactive|Michael91 has 90 seconds left.\n|\n|t:|1771126409\n|switch|p2a: Lanturn|Lanturn, L82, F|297/339 tox\n|cant|p1a: Suicune|slp\n|move|p1a: Suicune|Sleep Talk|p1a: Suicune\n|move|p1a: Suicune|Calm Mind|p1a: Suicune|[from] Sleep Talk\n|-boost|p1a: Suicune|spa|1\n|-boost|p1a: Suicune|spd|1\n|\n|-heal|p2a: Lanturn|318/339 tox|[from] item: Leftovers\n|-damage|p2a: Lanturn|297/339 tox|[from] psn\n|upkeep\n|turn|19\n|\n|t:|1771126411\n|cant|p1a: Suicune|slp\n|move|p1a: Suicune|Sleep Talk|p1a: Suicune\n|move|p1a: Suicune|Surf|p2a: Lanturn|[from] Sleep Talk\n|-resisted|p2a: Lanturn\n|-damage|p2a: Lanturn|233/339 tox\n|move|p2a: Lanturn|Thunderbolt|p1a: Suicune\n|-supereffective|p1a: Suicune\n|-damage|p1a: Suicune|178/270 slp\n|\n|-heal|p1a: Suicune|194/270 slp|[from] item: Leftovers\n|-heal|p2a: Lanturn|254/339 tox|[from] item: Leftovers\n|-damage|p2a: Lanturn|212/339 tox|[from] psn\n|upkeep\n|turn|20\n|\n|t:|1771126413\n|-curestatus|p1a: Suicune|slp|[msg]\n|move|p1a: Suicune|Calm Mind|p1a: Suicune\n|-boost|p1a: Suicune|spa|1\n|-boost|p1a: Suicune|spd|1\n|move|p2a: Lanturn|Thunderbolt|p1a: Suicune\n|-supereffective|p1a: Suicune\n|-damage|p1a: Suicune|114/270\n|\n|-heal|p1a: Suicune|130/270|[from] item: Leftovers\n|-heal|p2a: Lanturn|233/339 tox|[from] item: Leftovers\n|-damage|p2a: Lanturn|170/339 tox|[from] psn\n|upkeep\n|turn|21\n|\n|t:|1771126418\n|switch|p2a: Walrein|Walrein, L80, F|270/307\n|move|p1a: Suicune|Surf|p2a: Walrein\n|-resisted|p2a: Walrein\n|-damage|p2a: Walrein|188/307\n|\n|-heal|p1a: Suicune|146/270|[from] item: Leftovers\n|-heal|p2a: Walrein|207/307|[from] item: Leftovers\n|upkeep\n|turn|22\n|\n|t:|1771126422\n|move|p1a: Suicune|Surf|p2a: Walrein\n|-resisted|p2a: Walrein\n|-damage|p2a: Walrein|131/307\n|move|p2a: Walrein|Encore|p1a: Suicune\n|-start|p1a: Suicune|Encore\n|\n|-heal|p1a: Suicune|162/270|[from] item: Leftovers\n|-heal|p2a: Walrein|150/307|[from] item: Leftovers\n|upkeep\n|turn|23\n|\n|t:|1771126426\n|switch|p2a: Roselia|Roselia, L97, M|254/254\n|move|p1a: Suicune|Surf|p2a: Roselia\n|-resisted|p2a: Roselia\n|-damage|p2a: Roselia|189/254\n|\n|-heal|p2a: Roselia|204/254|[from] item: Leftovers\n|-heal|p1a: Suicune|178/270|[from] item: Leftovers\n|upkeep\n|turn|24\n|\n|t:|1771126430\n|move|p2a: Roselia|Spikes|p1a: Suicune\n|-sidestart|p1: smokin beers|Spikes\n|move|p1a: Suicune|Surf|p2a: Roselia\n|-resisted|p2a: Roselia\n|-damage|p2a: Roselia|130/254\n|\n|-heal|p2a: Roselia|145/254|[from] item: Leftovers\n|-heal|p1a: Suicune|194/270|[from] item: Leftovers\n|-end|p1a: Suicune|Encore\n|upkeep\n|turn|25\n|\n|t:|1771126433\n|move|p2a: Roselia|Hidden Power|p1a: Suicune\n|-supereffective|p1a: Suicune\n|-damage|p1a: Suicune|105/270\n|move|p1a: Suicune|Calm Mind|p1a: Suicune\n|-boost|p1a: Suicune|spa|1\n|-boost|p1a: Suicune|spd|1\n|\n|-heal|p2a: Roselia|160/254|[from] item: Leftovers\n|-heal|p1a: Suicune|121/270|[from] item: Leftovers\n|upkeep\n|turn|26\n|\n|t:|1771126435\n|move|p2a: Roselia|Hidden Power|p1a: Suicune\n|-supereffective|p1a: Suicune\n|-crit|p1a: Suicune\n|-damage|p1a: Suicune|0 fnt\n|faint|p1a: Suicune\n|\n|t:|1771126446\n|switch|p1a: Beautifly|Beautifly, M|282/282\n|\n|-heal|p2a: Roselia|175/254|[from] item: Leftovers\n|upkeep\n|turn|27\n|\n|t:|1771126466\n|switch|p2a: Togetic|Togetic, L97, M|264/264\n|move|p1a: Beautifly|Toxic|p2a: Togetic\n|-status|p2a: Togetic|tox\n|\n|-damage|p2a: Togetic|248/264 tox|[from] psn\n|upkeep\n|turn|28\n|\n|t:|1771126475\n|switch|p1a: Raikou|Raikou, L74|232/255\n|-damage|p1a: Raikou|201/255|[from] Spikes\n|-ability|p1a: Raikou|Pressure|[silent]\n|move|p2a: Togetic|Seismic Toss|p1a: Raikou\n|-damage|p1a: Raikou|104/255\n|\n|-heal|p1a: Raikou|119/255|[from] item: Leftovers\n|-heal|p2a: Togetic|264/264 tox|[from] item: Leftovers\n|-damage|p2a: Togetic|232/264 tox|[from] psn\n|upkeep\n|turn|29\n|\n|t:|1771126482\n|switch|p2a: Lanturn|Lanturn, L82, F|170/339 tox\n|move|p1a: Raikou|Hidden Power|p2a: Lanturn\n|-resisted|p2a: Lanturn\n|-damage|p2a: Lanturn|147/339 tox\n|\n|-heal|p1a: Raikou|134/255|[from] item: Leftovers\n|-heal|p2a: Lanturn|168/339 tox|[from] item: Leftovers\n|-damage|p2a: Lanturn|147/339 tox|[from] psn\n|upkeep\n|turn|30\n|\n|t:|1771126487\n|move|p1a: Raikou|Hidden Power|p2a: Lanturn\n|-resisted|p2a: Lanturn\n|-damage|p2a: Lanturn|125/339 tox\n|move|p2a: Lanturn|Rest|p2a: Lanturn\n|-status|p2a: Lanturn|slp|[from] move: Rest\n|-heal|p2a: Lanturn|339/339 slp|[silent]\n|\n|-heal|p1a: Raikou|149/255|[from] item: Leftovers\n|upkeep\n|turn|31\n|\n|t:|1771126495\n|move|p1a: Raikou|Rest|p1a: Raikou\n|-status|p1a: Raikou|slp|[from] move: Rest\n|-heal|p1a: Raikou|255/255 slp|[silent]\n|cant|p2a: Lanturn|slp\n|\n|upkeep\n|turn|32\n|\n|t:|1771126502\n|switch|p2a: Roselia|Roselia, L97, M|175/254\n|cant|p1a: Raikou|slp\n|move|p1a: Raikou|Sleep Talk|p1a: Raikou\n|move|p1a: Raikou|Hidden Power|p2a: Roselia|[from] Sleep Talk\n|-supereffective|p2a: Roselia\n|-damage|p2a: Roselia|91/254\n|\n|-heal|p2a: Roselia|106/254|[from] item: Leftovers\n|upkeep\n|turn|33\n|\n|t:|1771126507\n|cant|p1a: Raikou|slp\n|move|p1a: Raikou|Sleep Talk|p1a: Raikou\n|move|p1a: Raikou|Hidden Power|p2a: Roselia|[from] Sleep Talk\n|-supereffective|p2a: Roselia\n|-damage|p2a: Roselia|21/254\n|move|p2a: Roselia|Synthesis|p2a: Roselia\n|-heal|p2a: Roselia|148/254\n|\n|-heal|p2a: Roselia|163/254|[from] item: Leftovers\n|upkeep\n|turn|34\n|\n|t:|1771126513\n|-curestatus|p1a: Raikou|slp|[msg]\n|move|p1a: Raikou|Hidden Power|p2a: Roselia\n|-supereffective|p2a: Roselia\n|-crit|p2a: Roselia\n|-damage|p2a: Roselia|0 fnt\n|faint|p2a: Roselia\n|\n|t:|1771126527\n|switch|p2a: Typhlosion|Typhlosion, L79, F|253/253\n|\n|upkeep\n|turn|35\n|\n|t:|1771126530\n|move|p1a: Raikou|Thunderbolt|p2a: Typhlosion\n|-damage|p2a: Typhlosion|158/253\n|move|p2a: Typhlosion|Fire Blast|p1a: Raikou\n|-damage|p1a: Raikou|129/255\n|\n|-heal|p1a: Raikou|144/255|[from] item: Leftovers\n|-heal|p2a: Typhlosion|173/253|[from] item: Leftovers\n|upkeep\n|turn|36\n|\n|t:|1771126535\n|move|p1a: Raikou|Thunderbolt|p2a: Typhlosion\n|-damage|p2a: Typhlosion|78/253\n|move|p2a: Typhlosion|Fire Blast|p1a: Raikou\n|-damage|p1a: Raikou|0 fnt\n|faint|p1a: Raikou\n|\n|t:|1771126535\n|switch|p1a: Kingdra|Kingdra, L81, F|254/254\n|-damage|p1a: Kingdra|223/254|[from] Spikes\n|\n|-heal|p2a: Typhlosion|93/253|[from] item: Leftovers\n|-heal|p1a: Kingdra|238/254|[from] item: Leftovers\n|upkeep\n|turn|37\n|\n|t:|1771126545\n|switch|p2a: Lanturn|Lanturn, L82, F|339/339 slp\n|switch|p1a: Primeape|Primeape, L84, M|246/246\n|-damage|p1a: Primeape|216/246|[from] Spikes\n|\n|-heal|p1a: Primeape|231/246|[from] item: Leftovers\n|upkeep\n|turn|38\n|\n|t:|1771126551\n|switch|p2a: Togetic|Togetic, L97, M|232/264 tox\n|move|p1a: Primeape|Bulk Up|p1a: Primeape\n|-boost|p1a: Primeape|atk|1\n|-boost|p1a: Primeape|def|1\n|\n|-heal|p1a: Primeape|246/246|[from] item: Leftovers\n|-heal|p2a: Togetic|248/264 tox|[from] item: Leftovers\n|-damage|p2a: Togetic|232/264 tox|[from] psn\n|upkeep\n|turn|39\n|\n|t:|1771126554\n|move|p1a: Primeape|Rock Slide|p2a: Togetic\n|-supereffective|p2a: Togetic\n|-damage|p2a: Togetic|68/264 tox\n|move|p2a: Togetic|Toxic|p1a: Primeape\n|-status|p1a: Primeape|tox\n|\n|-damage|p1a: Primeape|231/246 tox|[from] psn\n|-heal|p2a: Togetic|84/264 tox|[from] item: Leftovers\n|-damage|p2a: Togetic|52/264 tox|[from] psn\n|upkeep\n|turn|40\n|\n|t:|1771126564\n|move|p1a: Primeape|Rock Slide|p2a: Togetic|[miss]\n|-miss|p1a: Primeape|p2a: Togetic\n|move|p2a: Togetic|Seismic Toss|p1a: Primeape\n|-damage|p1a: Primeape|134/246 tox\n|\n|-heal|p1a: Primeape|149/246 tox|[from] item: Leftovers\n|-damage|p1a: Primeape|119/246 tox|[from] psn\n|-heal|p2a: Togetic|68/264 tox|[from] item: Leftovers\n|-damage|p2a: Togetic|20/264 tox|[from] psn\n|upkeep\n|turn|41\n|\n|t:|1771126572\n|move|p1a: Primeape|Rock Slide|p2a: Togetic\n|-supereffective|p2a: Togetic\n|-damage|p2a: Togetic|0 fnt\n|faint|p2a: Togetic\n|\n|t:|1771126578\n|switch|p2a: Spinda|Spinda, F|282/282\n|\n|-heal|p1a: Primeape|134/246 tox|[from] item: Leftovers\n|-damage|p1a: Primeape|89/246 tox|[from] psn\n|upkeep\n|turn|42\n|\n|t:|1771126580\n|move|p2a: Spinda|Protect|p2a: Spinda\n|-singleturn|p2a: Spinda|Protect\n|move|p1a: Primeape|Bulk Up|p1a: Primeape\n|-boost|p1a: Primeape|atk|1\n|-boost|p1a: Primeape|def|1\n|\n|-heal|p1a: Primeape|104/246 tox|[from] item: Leftovers\n|-damage|p1a: Primeape|44/246 tox|[from] psn\n|upkeep\n|turn|43\n|\n|t:|1771126588\n|switch|p2a: Walrein|Walrein, L80, F|150/307\n|move|p1a: Primeape|Cross Chop|p2a: Walrein\n|-supereffective|p2a: Walrein\n|-damage|p2a: Walrein|0 fnt\n|faint|p2a: Walrein\n|\n|t:|1771126600\n|switch|p2a: Typhlosion|Typhlosion, L79, F|93/253\n|\n|-heal|p1a: Primeape|59/246 tox|[from] item: Leftovers\n|-damage|p1a: Primeape|0 fnt|[from] psn\n|faint|p1a: Primeape\n|-heal|p2a: Typhlosion|108/253|[from] item: Leftovers\n|upkeep\n|\n|t:|1771126621\n|switch|p1a: Kingdra|Kingdra, L81, F|238/254\n|-damage|p1a: Kingdra|207/254|[from] Spikes\n|turn|44\n|\n|t:|1771126634\n|switch|p2a: Lanturn|Lanturn, L82, F|339/339 slp\n|move|p1a: Kingdra|Surf|p2a: Lanturn\n|-resisted|p2a: Lanturn\n|-damage|p2a: Lanturn|284/339 slp\n|\n|-heal|p1a: Kingdra|222/254|[from] item: Leftovers\n|-heal|p2a: Lanturn|305/339 slp|[from] item: Leftovers\n|upkeep\n|turn|45\n|\n|t:|1771126639\n|switch|p1a: Machamp|Machamp, L82, F|248/282 tox\n|-damage|p1a: Machamp|213/282 tox|[from] Spikes\n|cant|p2a: Lanturn|slp\n|move|p2a: Lanturn|Sleep Talk|p2a: Lanturn\n|move|p2a: Lanturn|Surf|p1a: Machamp|[from] Sleep Talk\n|-damage|p1a: Machamp|123/282 tox\n|\n|-heal|p2a: Lanturn|326/339 slp|[from] item: Leftovers\n|-heal|p1a: Machamp|140/282 tox|[from] item: Leftovers\n|-damage|p1a: Machamp|123/282 tox|[from] psn\n|upkeep\n|turn|46\n|\n|t:|1771126649\n|-curestatus|p2a: Lanturn|slp|[msg]\n|move|p2a: Lanturn|Sleep Talk|p2a: Lanturn\n|move|p1a: Machamp|Earthquake|p2a: Lanturn\n|-supereffective|p2a: Lanturn\n|-damage|p2a: Lanturn|0 fnt\n|faint|p2a: Lanturn\n|\n|t:|1771126657\n|switch|p2a: Typhlosion|Typhlosion, L79, F|108/253\n|\n|-heal|p2a: Typhlosion|123/253|[from] item: Leftovers\n|-heal|p1a: Machamp|140/282 tox|[from] item: Leftovers\n|-damage|p1a: Machamp|106/282 tox|[from] psn\n|upkeep\n|turn|47\n|\n|t:|1771126669\n|move|p2a: Typhlosion|Fire Blast|p1a: Machamp\n|-damage|p1a: Machamp|0 fnt\n|faint|p1a: Machamp\n|\n|t:|1771126670\n|switch|p1a: Kingdra|Kingdra, L81, F|222/254\n|-damage|p1a: Kingdra|191/254|[from] Spikes\n|\n|-heal|p2a: Typhlosion|138/253|[from] item: Leftovers\n|-heal|p1a: Kingdra|206/254|[from] item: Leftovers\n|upkeep\n|turn|48\n|\n|t:|1771126672\n|switch|p2a: Spinda|Spinda, F|282/282\n|move|p1a: Kingdra|Rain Dance|p1a: Kingdra\n|-weather|RainDance\n|\n|-weather|RainDance|[upkeep]\n|-heal|p1a: Kingdra|221/254|[from] item: Leftovers\n|upkeep\n|turn|49\n|\n|t:|1771126681\n|move|p2a: Spinda|Protect|p2a: Spinda\n|-singleturn|p2a: Spinda|Protect\n|move|p1a: Kingdra|Substitute|p1a: Kingdra\n|-start|p1a: Kingdra|Substitute\n|-damage|p1a: Kingdra|158/254\n|\n|-weather|RainDance|[upkeep]\n|-heal|p1a: Kingdra|173/254|[from] item: Leftovers\n|upkeep\n|turn|50\n|\n|t:|1771126685\n|move|p1a: Kingdra|Surf|p2a: Spinda\n|-damage|p2a: Spinda|120/282\n|move|p2a: Spinda|Seismic Toss|p1a: Kingdra\n|-end|p1a: Kingdra|Substitute\n|\n|-weather|RainDance|[upkeep]\n|-heal|p1a: Kingdra|188/254|[from] item: Leftovers\n|-heal|p2a: Spinda|137/282|[from] item: Leftovers\n|upkeep\n|turn|51\n|\n|t:|1771126692\n|move|p2a: Spinda|Protect|p2a: Spinda\n|-singleturn|p2a: Spinda|Protect\n|move|p1a: Kingdra|Substitute|p1a: Kingdra\n|-start|p1a: Kingdra|Substitute\n|-damage|p1a: Kingdra|125/254\n|\n|-weather|RainDance|[upkeep]\n|-heal|p1a: Kingdra|140/254|[from] item: Leftovers\n|-heal|p2a: Spinda|154/282|[from] item: Leftovers\n|upkeep\n|turn|52\n|\n|t:|1771126695\n|move|p1a: Kingdra|Surf|p2a: Spinda\n|-damage|p2a: Spinda|8/282\n|move|p2a: Spinda|Seismic Toss|p1a: Kingdra\n|-end|p1a: Kingdra|Substitute\n|\n|-weather|none\n|-heal|p1a: Kingdra|155/254|[from] item: Leftovers\n|-heal|p2a: Spinda|25/282|[from] item: Leftovers\n|upkeep\n|turn|53\n|\n|t:|1771126698\n|move|p2a: Spinda|Protect|p2a: Spinda\n|-singleturn|p2a: Spinda|Protect\n|move|p1a: Kingdra|Surf|p2a: Spinda\n|-activate|p2a: Spinda|Protect\n|\n|-heal|p1a: Kingdra|170/254|[from] item: Leftovers\n|-heal|p2a: Spinda|42/282|[from] item: Leftovers\n|upkeep\n|turn|54\n|\n|t:|1771126704\n|move|p1a: Kingdra|Surf|p2a: Spinda\n|-damage|p2a: Spinda|0 fnt\n|faint|p2a: Spinda\n|\n|t:|1771126706\n|switch|p2a: Typhlosion|Typhlosion, L79, F|138/253\n|\n|-heal|p2a: Typhlosion|153/253|[from] item: Leftovers\n|-heal|p1a: Kingdra|185/254|[from] item: Leftovers\n|upkeep\n|turn|55\n|\n|t:|1771126708\n|move|p2a: Typhlosion|Thunder Punch|p1a: Kingdra\n|-crit|p1a: Kingdra\n|-damage|p1a: Kingdra|90/254\n|move|p1a: Kingdra|Surf|p2a: Typhlosion\n|-supereffective|p2a: Typhlosion\n|-damage|p2a: Typhlosion|0 fnt\n|faint|p2a: Typhlosion\n|\n|win|smokin beers\n|raw|smokin beers's rating: 1539 &rarr; <strong>1563</strong><br />(+24 for winning)\n|raw|Michael91's rating: 1603 &rarr; <strong>1579</strong><br />(-24 for losing)\n|l|☆Michael91\n|player|p2|\n", "inputlog": ">version 686819e5e19f8a7fd2345cfc5a08a5085efa2cc3\n>start {\"formatid\":\"gen3randombattle\",\"seed\":\"sodium,bf9c3174184afb21d35527140e841140\",\"rated\":\"Rated battle\"}\n>player p1 {\"name\":\"smokin beers\",\"avatar\":\"burglar-gen1\",\"rating\":1539,\"seed\":\"sodium,3b160e938dab1801bc8814c5bbde9c1c\"}\n>player p2 {\"name\":\"Michael91\",\"avatar\":\"266\",\"rating\":1603,\"seed\":\"sodium,82ae8ffca4eb341fcca4fcb0037a8ec1\"}\n>p1 switch 3\n>p2 switch 5\n>p1 move calmmind\n>p2 move thunderbolt\n>p1 move rest\n>p2 move thunderbolt\n>p1 move sleeptalk\n>p2 switch 5\n>p1 move sleeptalk\n>p2 move encore\n>p1 move sleeptalk\n>p2 switch 4\n>p1 switch 5\n>p2 move toxic\n>p1 move bulkup\n>p2 move substitute\n>p1 switch 5\n>p2 move protect\n>p1 move surf\n>p2 move seismictoss\n>p1 move calmmind\n>p2 move seismictoss\n>p1 move surf\n>p2 switch 4\n>p1 move rest\n>p2 move encore\n>p1 switch 3\n>p2 switch 4\n>p1 move toxic\n>p2 switch 5\n>p1 switch 6\n>p2 move thunderbolt\n>p1 switch 3\n>p2 switch 5\n>p1 move sleeptalk\n>p2 switch 5\n>p1 move sleeptalk\n>p2 move thunderbolt\n>p1 move calmmind\n>p2 move thunderbolt\n>p1 move surf\n>p2 switch 4\n>p1 move surf\n>p2 move encore\n>p1 move surf\n>p2 switch 3\n>p1 move surf\n>p2 move spikes\n>p1 move calmmind\n>p2 move hiddenpower\n>p1 move rest\n>p2 move hiddenpower\n>p1 switch 6\n>p1 move toxic\n>p2 switch 6\n>p1 switch 3\n>p2 move seismictoss\n>p1 move hiddenpower\n>p2 switch 4\n>p1 move hiddenpower\n>p2 move rest\n>p1 move rest\n>p2 move thunderbolt\n>p1 move sleeptalk\n>p2 switch 6\n>p1 move sleeptalk\n>p2 move synthesis\n>p1 move hiddenpower\n>p2 move synthesis\n>p2 switch 2\n>p1 move thunderbolt\n>p2 move fireblast\n>p1 move thunderbolt\n>p2 move fireblast\n>p1 switch 2\n>p1 switch 4\n>p2 switch 6\n>p1 move bulkup\n>p2 switch 4\n>p1 move rockslide\n>p2 move toxic\n>p1 move rockslide\n>p2 move seismictoss\n>p1 move rockslide\n>p2 move seismictoss\n>p2 switch 5\n>p1 move bulkup\n>p2 move protect\n>p1 move crosschop\n>p2 switch 3\n>p2 switch 6\n>p1 switch 4\n>p1 move surf\n>p2 switch 4\n>p1 switch 5\n>p2 move sleeptalk\n>p1 move earthquake\n>p2 move sleeptalk\n>p2 switch 4\n>p1 move earthquake\n>p2 move fireblast\n>p1 switch 5\n>p1 move raindance\n>p2 switch 3\n>p1 move substitute\n>p2 move protect\n>p1 move surf\n>p2 move seismictoss\n>p1 move substitute\n>p2 move protect\n>p1 move surf\n>p2 move seismictoss\n>p1 move surf\n>p2 move protect\n>p1 move surf\n>p2 move seismictoss\n>p2 switch 3\n>p1 move surf\n>p2 move thunderpunch", "uploadtime": 1771126714, "views": 104, "formatid": "gen3randombattle", "rating": 1563, "private": 0, "password": null}