{"id": "gen3randombattle-2540692097", "format": "[Gen 3] Random Battle", "players": ["QuimArtolas12", "Jelee"], "log": "|j|☆QuimArtolas12\n|j|☆Jelee\n|t:|1771241125\n|gametype|singles\n|player|p1|QuimArtolas12|miku-fairy|1489\n|player|p2|Jelee|clair|1557\n|gen|3\n|tier|[Gen 3] Random Battle\n|rated|\n|rule|Sleep Clause Mod: Limit one foe put to sleep\n|rule|Switch Priority Clause Mod: Faster Pokémon switch first\n|rule|Species Clause: Limit one of each Pokémon\n|rule|OHKO Clause: OHKO moves are banned\n|rule|Evasion Items Clause: Evasion items are banned\n|rule|Evasion Moves Clause: Evasion moves are banned\n|rule|Endless Battle Clause: Forcing endless battles is banned\n|rule|HP Percentage Mod: HP is shown in percentages\n|\n|t:|1771241125\n|teamsize|p1|6\n|teamsize|p2|6\n|start\n|switch|p1a: Walrein|Walrein, L80, F|307/307\n|switch|p2a: Ludicolo|Ludicolo, L84, M|272/272\n|turn|1\n|inactive|Battle timer is ON: inactive players will automatically lose when time's up. (requested by QuimArtolas12)\n|\n|t:|1771241144\n|switch|p2a: Magneton|Magneton, L85|224/224\n|move|p1a: Walrein|Ice Beam|p2a: Magneton\n|-resisted|p2a: Magneton\n|-crit|p2a: Magneton\n|-damage|p2a: Magneton|111/224\n|\n|-heal|p2a: Magneton|125/224|[from] item: Leftovers\n|upkeep\n|turn|2\n|\n|t:|1771241160\n|switch|p1a: Groudon|Groudon, L69|252/252\n|-weather|SunnyDay|[from] ability: Drought|[of] p1a: Groudon\n|move|p2a: Magneton|Toxic|p1a: Groudon\n|-status|p1a: Groudon|tox\n|\n|-weather|SunnyDay|[upkeep]\n|-heal|p2a: Magneton|139/224|[from] item: Leftovers\n|-damage|p1a: Groudon|237/252 tox|[from] psn\n|upkeep\n|turn|3\n|\n|t:|1771241176\n|move|p2a: Magneton|Protect|p2a: Magneton\n|-singleturn|p2a: Magneton|Protect\n|move|p1a: Groudon|Overheat|p2a: Magneton\n|-activate|p2a: Magneton|Protect\n|\n|-weather|SunnyDay|[upkeep]\n|-heal|p2a: Magneton|153/224|[from] item: Leftovers\n|-heal|p1a: Groudon|252/252 tox|[from] item: Leftovers\n|-damage|p1a: Groudon|222/252 tox|[from] psn\n|upkeep\n|turn|4\n|\n|t:|1771241195\n|switch|p2a: Ludicolo|Ludicolo, L84, M|272/272\n|move|p1a: Groudon|Overheat|p2a: Ludicolo\n|-damage|p2a: Ludicolo|173/272\n|-unboost|p1a: Groudon|spa|2\n|\n|-weather|SunnyDay|[upkeep]\n|-heal|p1a: Groudon|237/252 tox|[from] item: Leftovers\n|-damage|p1a: Groudon|192/252 tox|[from] psn\n|upkeep\n|turn|5\n|\n|t:|1771241202\n|switch|p1a: Walrein|Walrein, L80, F|307/307\n|move|p2a: Ludicolo|Hidden Power|p1a: Walrein\n|-supereffective|p1a: Walrein\n|-damage|p1a: Walrein|164/307\n|\n|-weather|SunnyDay|[upkeep]\n|-heal|p1a: Walrein|183/307|[from] item: Leftovers\n|upkeep\n|turn|6\n|\n|t:|1771241205\n|move|p2a: Ludicolo|Hidden Power|p1a: Walrein\n|-supereffective|p1a: Walrein\n|-damage|p1a: Walrein|44/307\n|move|p1a: Walrein|Ice Beam|p2a: Ludicolo\n|-damage|p2a: Ludicolo|92/272\n|\n|-weather|SunnyDay|[upkeep]\n|-heal|p1a: Walrein|63/307|[from] item: Leftovers\n|upkeep\n|turn|7\n|\n|t:|1771241211\n|move|p2a: Ludicolo|Hidden Power|p1a: Walrein\n|-supereffective|p1a: Walrein\n|-damage|p1a: Walrein|0 fnt\n|faint|p1a: Walrein\n|\n|t:|1771241219\n|switch|p1a: Entei|Entei, L78|307/307\n|-ability|p1a: Entei|Pressure|[silent]\n|\n|-weather|SunnyDay|[upkeep]\n|upkeep\n|turn|8\n|\n|t:|1771241230\n|move|p1a: Entei|Flamethrower|p2a: Ludicolo\n|-damage|p2a: Ludicolo|0 fnt\n|faint|p2a: Ludicolo\n|\n|t:|1771241235\n|switch|p2a: Banette|Banette, L88, F|256/256\n|\n|-weather|SunnyDay|[upkeep]\n|upkeep\n|turn|9\n|\n|t:|1771241259\n|move|p1a: Entei|Substitute|p1a: Entei\n|-start|p1a: Entei|Substitute\n|-damage|p1a: Entei|231/307\n|move|p2a: Banette|Shadow Ball|p1a: Entei\n|-end|p1a: Entei|Substitute\n|\n|-weather|SunnyDay|[upkeep]\n|-heal|p1a: Entei|250/307|[from] item: Leftovers\n|upkeep\n|turn|10\n|\n|t:|1771241268\n|move|p1a: Entei|Protect|p1a: Entei\n|-singleturn|p1a: Entei|Protect\n|move|p2a: Banette|Shadow Ball|p1a: Entei\n|-activate|p1a: Entei|Protect\n|\n|-weather|SunnyDay|[upkeep]\n|-heal|p1a: Entei|269/307|[from] item: Leftovers\n|upkeep\n|turn|11\n|\n|t:|1771241275\n|switch|p2a: Nidoking|Nidoking, L82, M|267/267\n|move|p1a: Entei|Flamethrower|p2a: Nidoking\n|-damage|p2a: Nidoking|113/267\n|\n|-weather|SunnyDay|[upkeep]\n|-heal|p1a: Entei|288/307|[from] item: Leftovers\n|-heal|p2a: Nidoking|129/267|[from] item: Leftovers\n|upkeep\n|turn|12\n|\n|t:|1771241282\n|move|p1a: Entei|Flamethrower|p2a: Nidoking\n|-damage|p2a: Nidoking|0 fnt\n|faint|p2a: Nidoking\n|\n|t:|1771241291\n|switch|p2a: Gardevoir|Gardevoir, L79, M|237/237\n|-ability|p2a: Gardevoir|Pressure|Trace|[from] ability: Trace|[of] p1a: Entei\n|\n|-weather|SunnyDay|[upkeep]\n|-heal|p1a: Entei|307/307|[from] item: Leftovers\n|upkeep\n|turn|13\n|\n|t:|1771241312\n|switch|p1a: Nosepass|Nosepass, M|222/222\n|move|p2a: Gardevoir|Calm Mind|p2a: Gardevoir\n|-boost|p2a: Gardevoir|spa|1\n|-boost|p2a: Gardevoir|spd|1\n|\n|-weather|SunnyDay|[upkeep]\n|upkeep\n|turn|14\n|\n|t:|1771241317\n|move|p2a: Gardevoir|Hypnosis|p1a: Nosepass\n|-status|p1a: Nosepass|slp|[from] move: Hypnosis\n|cant|p1a: Nosepass|slp\n|\n|-weather|SunnyDay|[upkeep]\n|upkeep\n|turn|15\n|\n|t:|1771241320\n|move|p2a: Gardevoir|Psychic|p1a: Nosepass\n|-damage|p1a: Nosepass|85/222 slp\n|cant|p1a: Nosepass|slp\n|\n|-weather|SunnyDay|[upkeep]\n|-heal|p1a: Nosepass|98/222 slp|[from] item: Leftovers\n|upkeep\n|turn|16\n|\n|t:|1771241325\n|move|p2a: Gardevoir|Psychic|p1a: Nosepass\n|-damage|p1a: Nosepass|0 fnt\n|faint|p1a: Nosepass\n|\n|t:|1771241337\n|switch|p1a: Delibird|Delibird, L99, M|249/249\n|\n|-weather|SunnyDay|[upkeep]\n|upkeep\n|turn|17\n|\n|t:|1771241348\n|switch|p2a: Magneton|Magneton, L85|153/224\n|move|p1a: Delibird|Aerial Ace|p2a: Magneton\n|-resisted|p2a: Magneton\n|-damage|p2a: Magneton|122/224\n|\n|-weather|SunnyDay|[upkeep]\n|-heal|p2a: Magneton|136/224|[from] item: Leftovers\n|upkeep\n|turn|18\n|\n|t:|1771241357\n|switch|p1a: Minun|Minun, L89, M|252/252\n|move|p2a: Magneton|Hidden Power|p1a: Minun\n|-damage|p1a: Minun|195/252\n|\n|-weather|SunnyDay|[upkeep]\n|-heal|p1a: Minun|210/252|[from] item: Leftovers\n|-heal|p2a: Magneton|150/224|[from] item: Leftovers\n|upkeep\n|turn|19\n|\n|t:|1771241365\n|move|p1a: Minun|Substitute|p1a: Minun\n|-start|p1a: Minun|Substitute\n|-damage|p1a: Minun|147/252\n|move|p2a: Magneton|Thunderbolt|p1a: Minun\n|-resisted|p1a: Minun\n|-activate|p1a: Minun|Substitute|[damage]\n|\n|-weather|SunnyDay|[upkeep]\n|-heal|p1a: Minun|162/252|[from] item: Leftovers\n|-heal|p2a: Magneton|164/224|[from] item: Leftovers\n|upkeep\n|turn|20\n|\n|t:|1771241372\n|move|p1a: Minun|Baton Pass|p1a: Minun\n|\n|t:|1771241374\n|switch|p1a: Groudon|Groudon, L69|192/252 tox|[from] Baton Pass\n|move|p2a: Magneton|Thunderbolt|p1a: Groudon\n|-immune|p1a: Groudon\n|\n|-weather|SunnyDay|[upkeep]\n|-heal|p2a: Magneton|178/224|[from] item: Leftovers\n|-heal|p1a: Groudon|207/252 tox|[from] item: Leftovers\n|-damage|p1a: Groudon|192/252 tox|[from] psn\n|upkeep\n|turn|21\n|\n|t:|1771241381\n|move|p2a: Magneton|Protect|p2a: Magneton\n|-singleturn|p2a: Magneton|Protect\n|move|p1a: Groudon|Earthquake|p2a: Magneton\n|-activate|p2a: Magneton|Protect\n|\n|-weather|SunnyDay|[upkeep]\n|-heal|p2a: Magneton|192/224|[from] item: Leftovers\n|-heal|p1a: Groudon|207/252 tox|[from] item: Leftovers\n|-damage|p1a: Groudon|177/252 tox|[from] psn\n|upkeep\n|turn|22\n|\n|t:|1771241383\n|switch|p2a: Crawdaunt|Crawdaunt, L89, F|257/257\n|move|p1a: Groudon|Earthquake|p2a: Crawdaunt\n|-damage|p2a: Crawdaunt|153/257\n|\n|-weather|SunnyDay|[upkeep]\n|-heal|p1a: Groudon|192/252 tox|[from] item: Leftovers\n|-damage|p1a: Groudon|147/252 tox|[from] psn\n|-heal|p2a: Crawdaunt|169/257|[from] item: Leftovers\n|upkeep\n|turn|23\n|\n|t:|1771241389\n|move|p1a: Groudon|Earthquake|p2a: Crawdaunt\n|-damage|p2a: Crawdaunt|76/257\n|move|p2a: Crawdaunt|Brick Break|p1a: Groudon\n|-end|p1a: Groudon|Substitute\n|\n|-weather|SunnyDay|[upkeep]\n|-heal|p1a: Groudon|162/252 tox|[from] item: Leftovers\n|-damage|p1a: Groudon|102/252 tox|[from] psn\n|-heal|p2a: Crawdaunt|92/257|[from] item: Leftovers\n|upkeep\n|turn|24\n|\n|t:|1771241401\n|move|p1a: Groudon|Earthquake|p2a: Crawdaunt\n|-damage|p2a: Crawdaunt|0 fnt\n|faint|p2a: Crawdaunt\n|\n|t:|1771241413\n|switch|p2a: Magneton|Magneton, L85|192/224\n|\n|-weather|SunnyDay|[upkeep]\n|-heal|p2a: Magneton|206/224|[from] item: Leftovers\n|-heal|p1a: Groudon|117/252 tox|[from] item: Leftovers\n|-damage|p1a: Groudon|42/252 tox|[from] psn\n|upkeep\n|turn|25\n|\n|t:|1771241417\n|move|p2a: Magneton|Hidden Power|p1a: Groudon\n|-supereffective|p1a: Groudon\n|-damage|p1a: Groudon|0 fnt\n|faint|p1a: Groudon\n|\n|t:|1771241420\n|switch|p1a: Entei|Entei, L78|307/307\n|-ability|p1a: Entei|Pressure|[silent]\n|\n|-weather|SunnyDay|[upkeep]\n|-heal|p2a: Magneton|220/224|[from] item: Leftovers\n|upkeep\n|turn|26\n|\n|t:|1771241426\n|switch|p2a: Banette|Banette, L88, F|256/256\n|move|p1a: Entei|Flamethrower|p2a: Banette\n|-damage|p2a: Banette|93/256\n|-status|p2a: Banette|brn\n|\n|-weather|SunnyDay|[upkeep]\n|-damage|p2a: Banette|61/256 brn|[from] brn\n|upkeep\n|turn|27\n|\n|t:|1771241431\n|move|p1a: Entei|Substitute|p1a: Entei\n|-start|p1a: Entei|Substitute\n|-damage|p1a: Entei|231/307\n|move|p2a: Banette|Destiny Bond|p2a: Banette\n|-singlemove|p2a: Banette|Destiny Bond\n|\n|-weather|SunnyDay|[upkeep]\n|-heal|p1a: Entei|250/307|[from] item: Leftovers\n|-enditem|p2a: Banette|Salac Berry|[eat]\n|-boost|p2a: Banette|spe|1|[from] item: Salac Berry\n|-damage|p2a: Banette|29/256 brn|[from] brn\n|upkeep\n|turn|28\n|\n|t:|1771241435\n|move|p1a: Entei|Protect|p1a: Entei\n|-singleturn|p1a: Entei|Protect\n|move|p2a: Banette|Shadow Ball|p1a: Entei\n|-activate|p1a: Entei|Protect\n|\n|-weather|SunnyDay|[upkeep]\n|-damage|p2a: Banette|0 fnt|[from] brn\n|faint|p2a: Banette\n|-heal|p1a: Entei|269/307|[from] item: Leftovers\n|upkeep\n|\n|t:|1771241440\n|switch|p2a: Gardevoir|Gardevoir, L79, M|237/237\n|-ability|p2a: Gardevoir|Pressure|Trace|[from] ability: Trace|[of] p1a: Entei\n|turn|29\n|\n|t:|1771241445\n|move|p1a: Entei|Flamethrower|p2a: Gardevoir\n|-damage|p2a: Gardevoir|133/237\n|move|p2a: Gardevoir|Calm Mind|p2a: Gardevoir\n|-boost|p2a: Gardevoir|spa|1\n|-boost|p2a: Gardevoir|spd|1\n|\n|-weather|SunnyDay|[upkeep]\n|-heal|p1a: Entei|288/307|[from] item: Leftovers\n|-heal|p2a: Gardevoir|147/237|[from] item: Leftovers\n|upkeep\n|turn|30\n|\n|t:|1771241449\n|move|p1a: Entei|Flamethrower|p2a: Gardevoir\n|-damage|p2a: Gardevoir|68/237\n|move|p2a: Gardevoir|Calm Mind|p2a: Gardevoir\n|-boost|p2a: Gardevoir|spa|1\n|-boost|p2a: Gardevoir|spd|1\n|\n|-weather|SunnyDay|[upkeep]\n|-heal|p1a: Entei|307/307|[from] item: Leftovers\n|-heal|p2a: Gardevoir|82/237|[from] item: Leftovers\n|upkeep\n|turn|31\n|\n|t:|1771241455\n|move|p1a: Entei|Flamethrower|p2a: Gardevoir\n|-damage|p2a: Gardevoir|27/237\n|move|p2a: Gardevoir|Calm Mind|p2a: Gardevoir\n|-boost|p2a: Gardevoir|spa|1\n|-boost|p2a: Gardevoir|spd|1\n|\n|-weather|SunnyDay|[upkeep]\n|-heal|p2a: Gardevoir|41/237|[from] item: Leftovers\n|upkeep\n|turn|32\n|\n|t:|1771241458\n|move|p1a: Entei|Flamethrower|p2a: Gardevoir\n|-damage|p2a: Gardevoir|0 fnt\n|faint|p2a: Gardevoir\n|-message|Jelee forfeited.\n|\n|win|QuimArtolas12\n|raw|QuimArtolas12's rating: 1489 &rarr; <strong>1513</strong><br />(+24 for winning)\n|raw|Jelee's rating: 1557 &rarr; <strong>1533</strong><br />(-24 for losing)\n|l|☆Jelee\n|player|p2|\n", "inputlog": ">version 686819e5e19f8a7fd2345cfc5a08a5085efa2cc3\n>start {\"formatid\":\"gen3randombattle\",\"seed\":\"sodium,642bd65ef9d20c532ee213a78e4f6d13\",\"rated\":\"Rated battle\"}\n>player p1 {\"name\":\"QuimArtolas12\",\"avatar\":\"miku-fairy\",\"rating\":1489,\"seed\":\"sodium,bd47f8db0c497b52fc590bcea70e5300\"}\n>player p2 {\"name\":\"Jelee\",\"avatar\":\"clair\",\"rating\":1557,\"seed\":\"sodium,833d2e309160cf6a14a50e3cf4f611bc\"}\n>p1 move icebeam\n>p2 switch 5\n>p1 switch 3\n>p2 move toxic\n>p1 move overheat\n>p2 move protect\n>p1 move overheat\n>p2 switch 5\n>p1 switch 3\n>p2 move hiddenpower\n>p1 move icebeam\n>p2 move hiddenpower\n>p1 move icebeam\n>p2 move hiddenpower\n>p1 switch 2\n>p1 move flamethrower\n>p2 move raindance\n>p2 switch 3\n>p1 move substitute\n>p2 move shadowball\n>p1 move protect\n>p2 move shadowball\n>p1 move flamethrower\n>p2 switch 6\n>p1 move flamethrower\n>p2 move earthquake\n>p2 switch 4\n>p1 switch 5\n>p2 move calmmind\n>p1 move explosion\n>p2 move hypnosis\n>p1 move thunderwave\n>p2 move psychic\n>p1 move thunderwave\n>p2 move psychic\n>p1 switch 4\n>p1 move aerialace\n>p2 switch 5\n>p1 switch 6\n>p2 move hiddenpower\n>p1 move substitute\n>p2 move thunderbolt\n>p1 move batonpass\n>p2 move thunderbolt\n>p1 switch 3\n>p1 move earthquake\n>p2 move protect\n>p1 move earthquake\n>p2 switch 2\n>p1 move earthquake\n>p2 move brickbreak\n>p1 move earthquake\n>p2 move surf\n>p2 switch 2\n>p1 move earthquake\n>p2 move hiddenpower\n>p1 switch 5\n>p1 move flamethrower\n>p2 switch 6\n>p1 move substitute\n>p2 move destinybond\n>p1 move protect\n>p2 move shadowball\n>p2 switch 5\n>p1 move flamethrower\n>p2 move calmmind\n>p1 move flamethrower\n>p2 move calmmind\n>p1 move flamethrower\n>p2 move calmmind\n>p1 move flamethrower\n>p2 move psychic\n>forcelose p2", "uploadtime": 1771241467, "views": 16, "formatid": "gen3randombattle", "rating": 1513, "private": 0, "password": null}