{"id": "gen9ou-2540516875", "format": "[Gen 9] OU", "players": ["Rudeword", "mrgoob6000"], "log": "|j|☆Rudeword\n|j|☆mrgoob6000\n|t:|1771211948\n|gametype|singles\n|player|p1|Rudeword|266|1554\n|player|p2|mrgoob6000|dawn|1535\n|gen|9\n|tier|[Gen 9] OU\n|rated|\n|rule|HP Percentage Mod: HP is shown in percentages\n|rule|Endless Battle Clause: Forcing endless battles is banned\n|rule|Species Clause: Limit one of each Pokémon\n|rule|OHKO Clause: OHKO moves are banned\n|rule|Evasion Items Clause: Evasion items are banned\n|rule|Evasion Moves Clause: Evasion moves are banned\n|rule|Evasion Abilities Clause: Evasion abilities are banned\n|rule|Sleep Moves Clause: Sleep-inducing moves are banned\n|clearpoke\n|poke|p1|Ceruledge, M|\n|poke|p1|Araquanid, M|\n|poke|p1|Porygon-Z|\n|poke|p1|Hoopa-Unbound|\n|poke|p1|Lokix, M|\n|poke|p1|Corviknight, F|\n|poke|p2|Dragapult, M|\n|poke|p2|Rillaboom, F|\n|poke|p2|Landorus-Therian, M|\n|poke|p2|Cinderace, M|\n|poke|p2|Kingambit, M|\n|poke|p2|Iron Valiant|\n|teampreview\n|inactive|Battle timer is ON: inactive players will automatically lose when time's up. (requested by mrgoob6000)\n|inactive|mrgoob6000 has 120 seconds left.\n|inactive|mrgoob6000 has 90 seconds left.\n|\n|t:|1771212027\n|teamsize|p1|6\n|teamsize|p2|6\n|start\n|switch|p1a: Porygon-Z|Porygon-Z|100/100\n|switch|p2a: Dragapult|Dragapult, M|100/100\n|turn|1\n|\n|t:|1771212033\n|move|p1a: Porygon-Z|Ice Beam|p2a: Dragapult\n|-supereffective|p2a: Dragapult\n|-damage|p2a: Dragapult|0 fnt\n|faint|p2a: Dragapult\n|\n|upkeep\n|\n|t:|1771212038\n|switch|p2a: Kingambit|Kingambit, M|100/100\n|-activate|p2a: Kingambit|ability: Supreme Overlord\n|-start|p2a: Kingambit|fallen1|[silent]\n|turn|2\n|\n|t:|1771212042\n|switch|p1a: Corviknight|Corviknight, F|100/100\n|move|p2a: Kingambit|Swords Dance|p2a: Kingambit\n|-boost|p2a: Kingambit|atk|2\n|\n|upkeep\n|turn|3\n|\n|t:|1771212048\n|-end|p2a: Kingambit|fallen1|[silent]\n|switch|p2a: Landorus|Landorus-Therian, M|100/100\n|-ability|p2a: Landorus|Intimidate|boost\n|-ability|p1a: Corviknight|Mirror Armor\n|-unboost|p2a: Landorus|atk|1\n|move|p1a: Corviknight|U-turn|p2a: Landorus\n|-resisted|p2a: Landorus\n|-damage|p2a: Landorus|93/100\n|-damage|p1a: Corviknight|84/100|[from] item: Rocky Helmet|[of] p2a: Landorus\n|\n|t:|1771212054\n|switch|p1a: Araquanid|Araquanid, M|100/100|[from] U-turn\n|\n|upkeep\n|turn|4\n|\n|t:|1771212058\n|move|p2a: Landorus|Stealth Rock|p1a: Araquanid\n|-sidestart|p1: Rudeword|move: Stealth Rock\n|move|p1a: Araquanid|Waterfall|p2a: Landorus\n|-supereffective|p2a: Landorus\n|-damage|p2a: Landorus|0 fnt\n|-damage|p1a: Araquanid|84/100|[from] item: Rocky Helmet|[of] p2a: Landorus\n|faint|p2a: Landorus\n|\n|upkeep\n|\n|t:|1771212063\n|switch|p2a: Rillaboom|Rillaboom, F|100/100\n|-fieldstart|move: Grassy Terrain|[from] ability: Grassy Surge|[of] p2a: Rillaboom\n|turn|5\n|\n|t:|1771212065\n|switch|p1a: Corviknight|Corviknight, F|84/100\n|-damage|p1a: Corviknight|72/100|[from] Stealth Rock\n|move|p2a: Rillaboom|U-turn|p1a: Corviknight\n|-resisted|p1a: Corviknight\n|-damage|p1a: Corviknight|66/100\n|-damage|p2a: Rillaboom|84/100|[from] item: Rocky Helmet|[of] p1a: Corviknight\n|\n|t:|1771212068\n|switch|p2a: Cinderace|Cinderace, M|100/100|[from] U-turn\n|\n|upkeep\n|turn|6\n|\n|t:|1771212084\n|switch|p1a: Hoopa|Hoopa-Unbound|100/100\n|-damage|p1a: Hoopa|88/100|[from] Stealth Rock\n|move|p2a: Cinderace|Pyro Ball|p1a: Hoopa\n|-damage|p1a: Hoopa|0 fnt\n|faint|p1a: Hoopa\n|\n|upkeep\n|inactive|Rudeword has 120 seconds left.\n|\n|t:|1771212105\n|switch|p1a: Ceruledge|Ceruledge, M|100/100\n|-damage|p1a: Ceruledge|76/100|[from] Stealth Rock\n|turn|7\n|\n|t:|1771212114\n|move|p2a: Cinderace|U-turn|p1a: Ceruledge\n|-resisted|p1a: Ceruledge\n|-damage|p1a: Ceruledge|68/100\n|-ability|p1a: Ceruledge|Weak Armor|boost\n|-unboost|p1a: Ceruledge|def|1\n|-boost|p1a: Ceruledge|spe|2\n|\n|t:|1771212125\n|switch|p2a: Rillaboom|Rillaboom, F|84/100|[from] U-turn\n|move|p1a: Ceruledge|Bitter Blade|p2a: Rillaboom\n|-supereffective|p2a: Rillaboom\n|-damage|p2a: Rillaboom|0 fnt\n|-heal|p1a: Ceruledge|100/100|[from] drain|[of] p2a: Rillaboom\n|faint|p2a: Rillaboom\n|\n|upkeep\n|\n|t:|1771212128\n|switch|p2a: Iron Valiant|Iron Valiant|100/100\n|-enditem|p2a: Iron Valiant|Booster Energy\n|-activate|p2a: Iron Valiant|ability: Quark Drive|[fromitem]\n|-start|p2a: Iron Valiant|quarkdrivespe\n|turn|8\n|\n|t:|1771212132\n|move|p2a: Iron Valiant|Knock Off|p1a: Ceruledge\n|-supereffective|p1a: Ceruledge\n|-crit|p1a: Ceruledge\n|-enditem|p1a: Ceruledge|Focus Sash\n|-damage|p1a: Ceruledge|1/100\n|-ability|p1a: Ceruledge|Weak Armor|boost\n|-unboost|p1a: Ceruledge|def|1\n|-boost|p1a: Ceruledge|spe|2\n|move|p1a: Ceruledge|Bitter Blade|p2a: Iron Valiant\n|-damage|p2a: Iron Valiant|36/100\n|-heal|p1a: Ceruledge|33/100|[from] drain|[of] p2a: Iron Valiant\n|\n|-heal|p1a: Ceruledge|39/100|[from] Grassy Terrain\n|-heal|p2a: Iron Valiant|42/100|[from] Grassy Terrain\n|upkeep\n|turn|9\n|\n|t:|1771212137\n|move|p1a: Ceruledge|Bitter Blade|p2a: Iron Valiant\n|-damage|p2a: Iron Valiant|0 fnt\n|-heal|p1a: Ceruledge|60/100|[from] drain|[of] p2a: Iron Valiant\n|faint|p2a: Iron Valiant\n|-end|p2a: Iron Valiant|Quark Drive|[silent]\n|\n|-heal|p1a: Ceruledge|66/100|[from] Grassy Terrain\n|-fieldend|move: Grassy Terrain\n|upkeep\n|\n|t:|1771212140\n|switch|p2a: Kingambit|Kingambit, M|100/100\n|-activate|p2a: Kingambit|ability: Supreme Overlord\n|-start|p2a: Kingambit|fallen4|[silent]\n|turn|10\n|\n|t:|1771212149\n|move|p1a: Ceruledge|Close Combat|p2a: Kingambit\n|-supereffective|p2a: Kingambit\n|-damage|p2a: Kingambit|0 fnt\n|-unboost|p1a: Ceruledge|def|1\n|-unboost|p1a: Ceruledge|spd|1\n|faint|p2a: Kingambit\n|-end|p2a: Kingambit|fallen4|[silent]\n|\n|upkeep\n|-message|mrgoob6000 forfeited.\n|\n|win|Rudeword\n|raw|Rudeword's rating: 1554 &rarr; <strong>1573</strong><br />(+19 for winning)\n|raw|mrgoob6000's rating: 1535 &rarr; <strong>1516</strong><br />(-19 for losing)\n|l|☆Rudeword\n|player|p1|\n|l|☆mrgoob6000\n|player|p2|\n", "uploadtime": 1771212399, "views": 6, "formatid": "gen9ou", "rating": 1516, "private": 0, "password": null}