{"id": "gen9ou-2540663381", "format": "[Gen 9] OU", "players": ["ja hoi", "theonReekGreyjoy93"], "log": "|j|☆ja hoi\n|j|☆theonReekGreyjoy93\n|t:|1771236397\n|gametype|singles\n|player|p1|ja hoi|101|1609\n|player|p2|theonReekGreyjoy93|102|1639\n|gen|9\n|tier|[Gen 9] OU\n|rated|\n|rule|HP Percentage Mod: HP is shown in percentages\n|rule|Endless Battle Clause: Forcing endless battles is banned\n|rule|Species Clause: Limit one of each Pokémon\n|rule|OHKO Clause: OHKO moves are banned\n|rule|Evasion Items Clause: Evasion items are banned\n|rule|Evasion Moves Clause: Evasion moves are banned\n|rule|Evasion Abilities Clause: Evasion abilities are banned\n|rule|Sleep Moves Clause: Sleep-inducing moves are banned\n|clearpoke\n|poke|p1|Quaquaval, F|\n|poke|p1|Iron Moth|\n|poke|p1|Dragapult, M|\n|poke|p1|Corviknight, M|\n|poke|p1|Grimmsnarl, M|\n|poke|p1|Garganacl, M|\n|poke|p2|Dragapult, M|\n|poke|p2|Great Tusk|\n|poke|p2|Pawmot, M|\n|poke|p2|Samurott-Hisui, F|\n|poke|p2|Gholdengo|\n|poke|p2|Kingambit, M|\n|teampreview\n|inactive|Battle timer is ON: inactive players will automatically lose when time's up. (requested by ja hoi)\n|\n|t:|1771236477\n|teamsize|p1|6\n|teamsize|p2|6\n|start\n|switch|p1a: Grimmsnarl|Grimmsnarl, M|100/100\n|switch|p2a: Dragapult|Dragapult, M|100/100\n|turn|1\n|\n|t:|1771236483\n|move|p1a: Grimmsnarl|Taunt|p2a: Dragapult\n|-start|p2a: Dragapult|move: Taunt\n|cant|p2a: Dragapult|move: Taunt|Substitute\n|\n|upkeep\n|turn|2\n|inactive|theonReekGreyjoy93 has 120 seconds left.\n|\n|t:|1771236529\n|switch|p2a: Gholdengo|Gholdengo|100/100\n|-item|p2a: Gholdengo|Air Balloon\n|move|p1a: Grimmsnarl|Parting Shot|p2a: Gholdengo\n|-immune|p2a: Gholdengo|[from] ability: Good as Gold\n|\n|upkeep\n|turn|3\n|\n|t:|1771236552\n|switch|p1a: Corviknight|Corviknight, M|100/100\n|-ability|p1a: Corviknight|Pressure\n|move|p2a: Gholdengo|Shadow Ball|p1a: Corviknight\n|-damage|p1a: Corviknight|61/100\n|\n|upkeep\n|turn|4\n|\n|t:|1771236561\n|move|p2a: Gholdengo|Shadow Ball|p1a: Corviknight\n|-damage|p1a: Corviknight|17/100\n|move|p1a: Corviknight|U-turn|p2a: Gholdengo\n|-resisted|p2a: Gholdengo\n|-damage|p2a: Gholdengo|95/100\n|-enditem|p2a: Gholdengo|Air Balloon\n|\n|t:|1771236567\n|switch|p1a: Iron Moth|Iron Moth|100/100|[from] U-turn\n|-enditem|p1a: Iron Moth|Booster Energy\n|-activate|p1a: Iron Moth|ability: Quark Drive|[fromitem]\n|-start|p1a: Iron Moth|quarkdrivespa\n|\n|upkeep\n|turn|5\n|inactive|theonReekGreyjoy93 has 90 seconds left.\n|\n|t:|1771236597\n|switch|p2a: Dragapult|Dragapult, M|100/100\n|move|p1a: Iron Moth|Fiery Dance|p2a: Dragapult\n|-resisted|p2a: Dragapult\n|-damage|p2a: Dragapult|56/100\n|-boost|p1a: Iron Moth|spa|1\n|\n|-heal|p2a: Dragapult|62/100|[from] item: Leftovers\n|upkeep\n|turn|6\n|\n|t:|1771236623\n|move|p2a: Dragapult|Dragon Darts|p1a: Iron Moth\n|-damage|p1a: Iron Moth|64/100\n|-anim|p2a: Dragapult|Dragon Darts|p1a: Iron Moth\n|-damage|p1a: Iron Moth|29/100\n|move|p1a: Iron Moth|Sludge Wave|p2a: Dragapult\n|-resisted|p2a: Dragapult\n|-damage|p2a: Dragapult|0 fnt\n|faint|p2a: Dragapult\n|\n|upkeep\n|\n|t:|1771236632\n|switch|p2a: Samurott|Samurott-Hisui, F|100/100\n|turn|7\n|\n|t:|1771236636\n|-end|p1a: Iron Moth|Quark Drive|[silent]\n|switch|p1a: Corviknight|Corviknight, M|17/100\n|-ability|p1a: Corviknight|Pressure\n|move|p2a: Samurott|Aqua Jet|p1a: Corviknight\n|-damage|p1a: Corviknight|0 fnt\n|-damage|p2a: Samurott|84/100|[from] item: Rocky Helmet|[of] p1a: Corviknight\n|faint|p1a: Corviknight\n|\n|upkeep\n|\n|t:|1771236645\n|switch|p1a: Quaquaval|Quaquaval, F|100/100\n|turn|8\n|\n|t:|1771236655\n|switch|p2a: Gholdengo|Gholdengo|95/100\n|move|p1a: Quaquaval|Aqua Step|p2a: Gholdengo\n|-damage|p2a: Gholdengo|38/100\n|-boost|p1a: Quaquaval|spe|1\n|\n|upkeep\n|turn|9\n|inactive|theonReekGreyjoy93 has 120 seconds left.\n|\n|t:|1771236674\n|move|p1a: Quaquaval|Aqua Step|p2a: Gholdengo\n|-damage|p2a: Gholdengo|0 fnt\n|-boost|p1a: Quaquaval|spe|1\n|faint|p2a: Gholdengo\n|-ability|p1a: Quaquaval|Moxie|boost\n|-boost|p1a: Quaquaval|atk|1\n|\n|upkeep\n|\n|t:|1771236676\n|switch|p2a: Great Tusk|Great Tusk|100/100\n|-enditem|p2a: Great Tusk|Booster Energy\n|-activate|p2a: Great Tusk|ability: Protosynthesis|[fromitem]\n|-start|p2a: Great Tusk|protosynthesisspe\n|turn|10\n|\n|t:|1771236692\n|-terastallize|p2a: Great Tusk|Water\n|move|p1a: Quaquaval|Aqua Step|p2a: Great Tusk\n|-resisted|p2a: Great Tusk\n|-damage|p2a: Great Tusk|77/100\n|-boost|p1a: Quaquaval|spe|1\n|move|p2a: Great Tusk|Bulk Up|p2a: Great Tusk\n|-boost|p2a: Great Tusk|atk|1\n|-boost|p2a: Great Tusk|def|1\n|\n|upkeep\n|turn|11\n|\n|t:|1771236707\n|switch|p1a: Grimmsnarl|Grimmsnarl, M|100/100\n|move|p2a: Great Tusk|Earthquake|p1a: Grimmsnarl\n|-damage|p1a: Grimmsnarl|14/100\n|\n|upkeep\n|turn|12\n|\n|t:|1771236713\n|move|p1a: Grimmsnarl|Reflect|p1a: Grimmsnarl\n|-sidestart|p1: ja hoi|Reflect\n|move|p2a: Great Tusk|Bulk Up|p2a: Great Tusk\n|-boost|p2a: Great Tusk|atk|1\n|-boost|p2a: Great Tusk|def|1\n|\n|upkeep\n|turn|13\n|\n|t:|1771236719\n|move|p1a: Grimmsnarl|Taunt|p2a: Great Tusk\n|-start|p2a: Great Tusk|move: Taunt\n|move|p2a: Great Tusk|Rapid Spin|p1a: Grimmsnarl\n|-damage|p1a: Grimmsnarl|0 fnt\n|-boost|p2a: Great Tusk|spe|1\n|faint|p1a: Grimmsnarl\n|\n|upkeep\n|\n|t:|1771236726\n|switch|p1a: Garganacl|Garganacl, M|100/100\n|turn|14\n|\n|t:|1771236730\n|-terastallize|p1a: Garganacl|Fairy\n|move|p2a: Great Tusk|Earthquake|p1a: Garganacl\n|-damage|p1a: Garganacl|73/100\n|move|p1a: Garganacl|Salt Cure|p2a: Great Tusk\n|-damage|p2a: Great Tusk|73/100\n|-start|p2a: Great Tusk|Salt Cure\n|\n|-heal|p1a: Garganacl|79/100|[from] item: Leftovers\n|-damage|p2a: Great Tusk|48/100|[from] Salt Cure\n|upkeep\n|turn|15\n|\n|t:|1771236743\n|-end|p2a: Great Tusk|Protosynthesis|[silent]\n|switch|p2a: Pawmot|Pawmot, M|100/100\n|move|p1a: Garganacl|Iron Defense|p1a: Garganacl\n|-boost|p1a: Garganacl|def|2\n|\n|-heal|p1a: Garganacl|85/100|[from] item: Leftovers\n|upkeep\n|turn|16\n|\n|t:|1771236751\n|move|p2a: Pawmot|Revival Blessing|p2a: Pawmot\n|-enditem|p2a: Pawmot|Leppa Berry|[eat]\n|-activate|p2a: Pawmot|item: Leppa Berry|Revival Blessing|[consumed]\n|\n|t:|1771236755\n|-heal|p2: Gholdengo|50/100|[from] move: Revival Blessing\n|move|p1a: Garganacl|Salt Cure|p2a: Pawmot\n|-resisted|p2a: Pawmot\n|-damage|p2a: Pawmot|90/100\n|-start|p2a: Pawmot|Salt Cure\n|\n|-heal|p1a: Garganacl|92/100|[from] item: Leftovers\n|-damage|p2a: Pawmot|77/100|[from] Salt Cure\n|upkeep\n|turn|17\n|\n|t:|1771236766\n|move|p2a: Pawmot|Revival Blessing|p2a: Pawmot\n|\n|t:|1771236769\n|-heal|p2: Dragapult|50/100|[from] move: Revival Blessing\n|move|p1a: Garganacl|Body Press|p2a: Pawmot\n|-damage|p2a: Pawmot|5/100\n|\n|-heal|p1a: Garganacl|98/100|[from] item: Leftovers\n|-damage|p2a: Pawmot|0 fnt|[from] Salt Cure\n|faint|p2a: Pawmot\n|upkeep\n|c|☆ja hoi|haha shit\n|\n|t:|1771236789\n|switch|p2a: Dragapult|Dragapult, M|50/100\n|turn|18\n|\n|t:|1771236795\n|move|p2a: Dragapult|Substitute|p2a: Dragapult\n|-start|p2a: Dragapult|Substitute\n|-damage|p2a: Dragapult|25/100\n|move|p1a: Garganacl|Salt Cure|p2a: Dragapult\n|-activate|p2a: Dragapult|move: Substitute|[damage]\n|\n|-heal|p2a: Dragapult|31/100|[from] item: Leftovers\n|-heal|p1a: Garganacl|100/100|[from] item: Leftovers\n|upkeep\n|turn|19\n|\n|t:|1771236804\n|move|p2a: Dragapult|Hex|p1a: Garganacl\n|-damage|p1a: Garganacl|92/100\n|move|p1a: Garganacl|Salt Cure|p2a: Dragapult\n|-end|p2a: Dragapult|Substitute\n|\n|-heal|p2a: Dragapult|37/100|[from] item: Leftovers\n|-heal|p1a: Garganacl|98/100|[from] item: Leftovers\n|-sideend|p1: ja hoi|Reflect\n|upkeep\n|turn|20\n|\n|t:|1771236812\n|switch|p2a: Samurott|Samurott-Hisui, F|84/100\n|move|p1a: Garganacl|Salt Cure|p2a: Samurott\n|-damage|p2a: Samurott|68/100\n|-start|p2a: Samurott|Salt Cure\n|\n|-heal|p1a: Garganacl|100/100|[from] item: Leftovers\n|-damage|p2a: Samurott|43/100|[from] Salt Cure\n|upkeep\n|turn|21\n|\n|t:|1771236827\n|move|p2a: Samurott|Ceaseless Edge|p1a: Garganacl\n|-resisted|p1a: Garganacl\n|-damage|p1a: Garganacl|94/100\n|-sidestart|p1: ja hoi|Spikes\n|move|p1a: Garganacl|Salt Cure|p2a: Samurott\n|-crit|p2a: Samurott\n|-damage|p2a: Samurott|15/100\n|\n|-heal|p1a: Garganacl|99/100|[from] item: Leftovers\n|-damage|p2a: Samurott|0 fnt|[from] Salt Cure\n|faint|p2a: Samurott\n|upkeep\n|\n|t:|1771236834\n|switch|p2a: Gholdengo|Gholdengo|50/100\n|turn|22\n|\n|t:|1771236839\n|move|p2a: Gholdengo|Make It Rain|p1a: Garganacl\n|-supereffective|p1a: Garganacl\n|-damage|p1a: Garganacl|13/100\n|-unboost|p2a: Gholdengo|spa|1\n|move|p1a: Garganacl|Salt Cure|p2a: Gholdengo\n|-resisted|p2a: Gholdengo\n|-damage|p2a: Gholdengo|42/100\n|-start|p2a: Gholdengo|Salt Cure\n|\n|-heal|p1a: Garganacl|20/100|[from] item: Leftovers\n|-damage|p2a: Gholdengo|17/100|[from] Salt Cure\n|upkeep\n|turn|23\n|\n|t:|1771236850\n|move|p2a: Gholdengo|Recover|p2a: Gholdengo\n|-heal|p2a: Gholdengo|67/100\n|move|p1a: Garganacl|Recover|p1a: Garganacl\n|-heal|p1a: Garganacl|70/100\n|\n|-heal|p1a: Garganacl|76/100|[from] item: Leftovers\n|-damage|p2a: Gholdengo|43/100|[from] Salt Cure\n|upkeep\n|turn|24\n|\n|t:|1771236858\n|move|p2a: Gholdengo|Recover|p2a: Gholdengo\n|-heal|p2a: Gholdengo|93/100\n|move|p1a: Garganacl|Recover|p1a: Garganacl\n|-heal|p1a: Garganacl|100/100\n|\n|-damage|p2a: Gholdengo|68/100|[from] Salt Cure\n|upkeep\n|turn|25\n|\n|t:|1771236864\n|move|p2a: Gholdengo|Nasty Plot|p2a: Gholdengo\n|-boost|p2a: Gholdengo|spa|2\n|move|p1a: Garganacl|Salt Cure|p2a: Gholdengo\n|-resisted|p2a: Gholdengo\n|-damage|p2a: Gholdengo|60/100\n|\n|-damage|p2a: Gholdengo|35/100|[from] Salt Cure\n|upkeep\n|turn|26\n|\n|t:|1771236884\n|switch|p1a: Iron Moth|Iron Moth|29/100\n|-damage|p1a: Iron Moth|16/100|[from] Spikes\n|move|p2a: Gholdengo|Make It Rain|p1a: Iron Moth\n|-resisted|p1a: Iron Moth\n|-damage|p1a: Iron Moth|0 fnt\n|-unboost|p2a: Gholdengo|spa|1\n|faint|p1a: Iron Moth\n|-end|p1a: Iron Moth|Quark Drive|[silent]\n|\n|-damage|p2a: Gholdengo|10/100|[from] Salt Cure\n|upkeep\n|\n|t:|1771236896\n|switch|p1a: Quaquaval|Quaquaval, F|100/100\n|-damage|p1a: Quaquaval|88/100|[from] Spikes\n|turn|27\n|\n|t:|1771236903\n|switch|p2a: Dragapult|Dragapult, M|37/100\n|move|p1a: Quaquaval|Aqua Step|p2a: Dragapult\n|-resisted|p2a: Dragapult\n|-damage|p2a: Dragapult|2/100\n|-boost|p1a: Quaquaval|spe|1\n|\n|-heal|p2a: Dragapult|8/100|[from] item: Leftovers\n|upkeep\n|turn|28\n|\n|t:|1771236912\n|move|p1a: Quaquaval|Aqua Step|p2a: Dragapult\n|-resisted|p2a: Dragapult\n|-damage|p2a: Dragapult|0 fnt\n|-boost|p1a: Quaquaval|spe|1\n|faint|p2a: Dragapult\n|-ability|p1a: Quaquaval|Moxie|boost\n|-boost|p1a: Quaquaval|atk|1\n|\n|upkeep\n|\n|t:|1771236919\n|switch|p2a: Great Tusk|Great Tusk, tera:Water|48/100\n|turn|29\n|\n|t:|1771236922\n|move|p1a: Quaquaval|Close Combat|p2a: Great Tusk\n|-damage|p2a: Great Tusk|0 fnt\n|-unboost|p1a: Quaquaval|def|1\n|-unboost|p1a: Quaquaval|spd|1\n|faint|p2a: Great Tusk\n|-end|p2a: Great Tusk|Protosynthesis|[silent]\n|-ability|p1a: Quaquaval|Moxie|boost\n|-boost|p1a: Quaquaval|atk|1\n|\n|upkeep\n|\n|t:|1771236929\n|switch|p2a: Gholdengo|Gholdengo|10/100\n|turn|30\n|\n|t:|1771236934\n|move|p1a: Quaquaval|Aqua Step|p2a: Gholdengo\n|-damage|p2a: Gholdengo|0 fnt\n|-boost|p1a: Quaquaval|spe|1\n|faint|p2a: Gholdengo\n|-ability|p1a: Quaquaval|Moxie|boost\n|-boost|p1a: Quaquaval|atk|1\n|\n|upkeep\n|\n|t:|1771236936\n|switch|p2a: Kingambit|Kingambit, M|100/100\n|-activate|p2a: Kingambit|ability: Supreme Overlord\n|-start|p2a: Kingambit|fallen5|[silent]\n|turn|31\n|\n|t:|1771236950\n|move|p1a: Quaquaval|Aqua Jet|p2a: Kingambit\n|-damage|p2a: Kingambit|51/100\n|move|p2a: Kingambit|Sucker Punch||[still]\n|-fail|p2a: Kingambit\n|\n|upkeep\n|turn|32\n|-message|theonReekGreyjoy93 forfeited.\n|\n|win|ja hoi\n|raw|ja hoi's rating: 1609 &rarr; <strong>1631</strong><br />(+22 for winning)\n|raw|theonReekGreyjoy93's rating: 1639 &rarr; <strong>1617</strong><br />(-22 for losing)\n|l|☆theonReekGreyjoy93\n|player|p2|\n|l|☆ja hoi\n|player|p1|\n", "uploadtime": 1771237177, "views": 7, "formatid": "gen9ou", "rating": 1617, "private": 0, "password": null}