{"id": "gen9ou-2540809796", "format": "[Gen 9] OU", "players": ["tuanquewang", "3idk"], "log": "|j|☆tuanquewang\n|j|☆3idk\n|t:|1771256352\n|gametype|singles\n|player|p1|tuanquewang|backersf|1680\n|player|p2|3idk|cynthia-masters|1738\n|gen|9\n|tier|[Gen 9] OU\n|rated|\n|rule|HP Percentage Mod: HP is shown in percentages\n|rule|Endless Battle Clause: Forcing endless battles is banned\n|rule|Species Clause: Limit one of each Pokémon\n|rule|OHKO Clause: OHKO moves are banned\n|rule|Evasion Items Clause: Evasion items are banned\n|rule|Evasion Moves Clause: Evasion moves are banned\n|rule|Evasion Abilities Clause: Evasion abilities are banned\n|rule|Sleep Moves Clause: Sleep-inducing moves are banned\n|clearpoke\n|poke|p1|Slowking-Galar, M|\n|poke|p1|Alomomola, F|\n|poke|p1|Scizor, M|\n|poke|p1|Hydrapple, F|\n|poke|p1|Cinderace, M|\n|poke|p1|Sandy Shocks|\n|poke|p2|Pelipper, F|\n|poke|p2|Hatterene, F|\n|poke|p2|Iron Treads|\n|poke|p2|Toxicroak, F|\n|poke|p2|Barraskewda, F|\n|poke|p2|Zapdos|\n|teampreview\n|inactive|Battle timer is ON: inactive players will automatically lose when time's up. (requested by tuanquewang)\n|inactive|3idk also wants the timer to be on.\n|j| wgc0609\n|\n|t:|1771256368\n|teamsize|p1|6\n|teamsize|p2|6\n|start\n|switch|p1a: Hydrapple|Hydrapple, F, shiny|100/100\n|switch|p2a: Pelipper|Pelipper, F|100/100\n|-weather|RainDance|[from] ability: Drizzle|[of] p2a: Pelipper\n|turn|1\n|\n|t:|1771256376\n|move|p2a: Pelipper|Hurricane|p1a: Hydrapple\n|-supereffective|p1a: Hydrapple\n|-damage|p1a: Hydrapple|27/100\n|move|p1a: Hydrapple|Leaf Storm|p2a: Pelipper\n|-damage|p2a: Pelipper|3/100\n|-unboost|p1a: Hydrapple|spa|2\n|\n|-weather|RainDance|[upkeep]\n|upkeep\n|turn|2\n|\n|t:|1771256384\n|switch|p1a: Slowking|Slowking-Galar, M|100/100\n|move|p2a: Pelipper|Roost|p2a: Pelipper\n|-heal|p2a: Pelipper|53/100\n|-singleturn|p2a: Pelipper|move: Roost\n|\n|-weather|RainDance|[upkeep]\n|upkeep\n|turn|3\n|\n|t:|1771256391\n|move|p2a: Pelipper|Roost|p2a: Pelipper\n|-heal|p2a: Pelipper|100/100\n|-singleturn|p2a: Pelipper|move: Roost\n|-prepare|p1a: Slowking|Chilly Reception|[premajor]\n|move|p1a: Slowking|Chilly Reception|p1a: Slowking\n|-weather|Snowscape\n|\n|t:|1771256401\n|switch|p1a: Sandy Shocks|Sandy Shocks, shiny|100/100|[from] Chilly Reception\n|\n|-weather|Snowscape|[upkeep]\n|upkeep\n|turn|4\n|\n|t:|1771256407\n|switch|p2a: Hatterene|Hatterene, F|100/100\n|move|p1a: Sandy Shocks|Volt Switch|p2a: Hatterene\n|-damage|p2a: Hatterene|60/100\n|-enditem|p2a: Hatterene|Eject Button\n|\n|t:|1771256414\n|switch|p2a: Barraskewda|Barraskewda, F|100/100\n|\n|-weather|Snowscape|[upkeep]\n|upkeep\n|turn|5\n|\n|t:|1771256418\n|move|p1a: Sandy Shocks|Volt Switch|p2a: Barraskewda\n|-supereffective|p2a: Barraskewda\n|-damage|p2a: Barraskewda|0 fnt\n|faint|p2a: Barraskewda\n|\n|t:|1771256421\n|-end|p1a: Sandy Shocks|Protosynthesis|[silent]\n|switch|p1a: Hydrapple|Hydrapple, F, shiny|60/100|[from] Volt Switch\n|\n|-weather|Snowscape|[upkeep]\n|upkeep\n|\n|t:|1771256425\n|switch|p2a: Zapdos|Zapdos|100/100\n|turn|6\n|\n|t:|1771256429\n|switch|p1a: Slowking|Slowking-Galar, M|100/100\n|-terastallize|p2a: Zapdos|Flying\n|move|p2a: Zapdos|Hurricane|p1a: Slowking\n|-damage|p1a: Slowking|32/100\n|\n|-weather|Snowscape|[upkeep]\n|-heal|p1a: Slowking|38/100|[from] item: Black Sludge\n|upkeep\n|turn|7\n|\n|t:|1771256437\n|switch|p1a: Sandy Shocks|Sandy Shocks, shiny|100/100\n|move|p2a: Zapdos|Hurricane|p1a: Sandy Shocks\n|-resisted|p1a: Sandy Shocks\n|-damage|p1a: Sandy Shocks|35/100\n|\n|-weather|none\n|upkeep\n|turn|8\n|\n|t:|1771256444\n|move|p1a: Sandy Shocks|Earth Power|p2a: Zapdos\n|-immune|p2a: Zapdos\n|move|p2a: Zapdos|Hurricane|p1a: Sandy Shocks\n|-resisted|p1a: Sandy Shocks\n|-damage|p1a: Sandy Shocks|0 fnt\n|faint|p1a: Sandy Shocks\n|-end|p1a: Sandy Shocks|Protosynthesis|[silent]\n|\n|upkeep\n|j| tabata toxapex\n|\n|t:|1771256455\n|switch|p1a: Hydrapple|Hydrapple, F, shiny|93/100\n|turn|9\n|\n|t:|1771256461\n|-terastallize|p1a: Hydrapple|Water\n|move|p2a: Zapdos|Hurricane|p1a: Hydrapple\n|-crit|p1a: Hydrapple\n|-damage|p1a: Hydrapple|0 fnt\n|faint|p1a: Hydrapple\n|\n|upkeep\n|\n|t:|1771256466\n|switch|p1a: Scizor|Scizor, M|100/100\n|turn|10\n|\n|t:|1771256471\n|switch|p2a: Pelipper|Pelipper, F|100/100\n|-weather|RainDance|[from] ability: Drizzle|[of] p2a: Pelipper\n|move|p1a: Scizor|Bullet Punch|p2a: Pelipper\n|-resisted|p2a: Pelipper\n|-crit|p2a: Pelipper\n|-damage|p2a: Pelipper|62/100\n|\n|-weather|RainDance|[upkeep]\n|upkeep\n|turn|11\n|\n|t:|1771256480\n|move|p1a: Scizor|Bullet Punch|p2a: Pelipper\n|-resisted|p2a: Pelipper\n|-damage|p2a: Pelipper|35/100\n|move|p2a: Pelipper|Roost|p2a: Pelipper\n|-heal|p2a: Pelipper|85/100\n|-singleturn|p2a: Pelipper|move: Roost\n|\n|-weather|RainDance|[upkeep]\n|upkeep\n|turn|12\n|\n|t:|1771256485\n|switch|p1a: Slowking|Slowking-Galar, M|71/100\n|move|p2a: Pelipper|U-turn|p1a: Slowking\n|-damage|p1a: Slowking|62/100\n|\n|t:|1771256490\n|switch|p2a: Zapdos|Zapdos, tera:Flying|100/100|[from] U-turn\n|\n|-weather|RainDance|[upkeep]\n|-heal|p1a: Slowking|68/100|[from] item: Black Sludge\n|upkeep\n|turn|13\n|\n|t:|1771256504\n|move|p2a: Zapdos|Hurricane|p1a: Slowking\n|-damage|p1a: Slowking|6/100\n|-prepare|p1a: Slowking|Chilly Reception|[premajor]\n|move|p1a: Slowking|Chilly Reception|p1a: Slowking\n|-weather|Snowscape\n|\n|t:|1771256506\n|switch|p1a: Scizor|Scizor, M|100/100|[from] Chilly Reception\n|\n|-weather|Snowscape|[upkeep]\n|upkeep\n|turn|14\n|\n|t:|1771256511\n|move|p2a: Zapdos|Hurricane|p1a: Scizor\n|-damage|p1a: Scizor|0 fnt\n|faint|p1a: Scizor\n|\n|-weather|Snowscape|[upkeep]\n|upkeep\n|-message|tuanquewang forfeited.\n|\n|win|3idk\n|raw|tuanquewang's rating: 1680 &rarr; <strong>1663</strong><br />(-17 for losing)\n|raw|3idk's rating: 1738 &rarr; <strong>1755</strong><br />(+17 for winning)\n|l|☆tuanquewang\n|player|p1|\n", "uploadtime": 1771256519, "views": 5, "formatid": "gen9ou", "rating": 1663, "private": 0, "password": null}