{"id": "gen9ou-2540777183", "format": "[Gen 9] OU", "players": ["Juniper xx", "RobinaAddMyPalFuwa"], "log": "|j|☆Juniper xx\n|j|☆RobinaAddMyPalFuwa\n|t:|1771252835\n|gametype|singles\n|player|p1|Juniper xx|1|1702\n|player|p2|RobinaAddMyPalFuwa|skyla|1748\n|gen|9\n|tier|[Gen 9] OU\n|rated|\n|rule|HP Percentage Mod: HP is shown in percentages\n|rule|Endless Battle Clause: Forcing endless battles is banned\n|rule|Species Clause: Limit one of each Pokémon\n|rule|OHKO Clause: OHKO moves are banned\n|rule|Evasion Items Clause: Evasion items are banned\n|rule|Evasion Moves Clause: Evasion moves are banned\n|rule|Evasion Abilities Clause: Evasion abilities are banned\n|rule|Sleep Moves Clause: Sleep-inducing moves are banned\n|clearpoke\n|poke|p1|Torkoal, F|\n|poke|p1|Great Tusk|\n|poke|p1|Walking Wake|\n|poke|p1|Mesprit|\n|poke|p1|Lilligant-Hisui, F|\n|poke|p1|Slither Wing|\n|poke|p2|Pelipper, L99, F|\n|poke|p2|Barraskewda, F|\n|poke|p2|Raging Bolt|\n|poke|p2|Golduck, F|\n|poke|p2|Pawmot, F|\n|poke|p2|Tentacruel, F|\n|teampreview\n|inactive|Battle timer is ON: inactive players will automatically lose when time's up. (requested by RobinaAddMyPalFuwa)\n|\n|t:|1771252857\n|teamsize|p1|6\n|teamsize|p2|6\n|start\n|switch|p1a: Walking Wake|Walking Wake|100/100\n|switch|p2a: Spaghetti Too|Tentacruel, F|100/100\n|turn|1\n|\n|t:|1771252863\n|move|p1a: Walking Wake|Flip Turn|p2a: Spaghetti Too\n|-resisted|p2a: Spaghetti Too\n|-damage|p2a: Spaghetti Too|91/100\n|\n|t:|1771252872\n|-end|p1a: Walking Wake|Protosynthesis|[silent]\n|switch|p1a: Torkoal|Torkoal, F|100/100|[from] Flip Turn\n|-weather|SunnyDay|[from] ability: Drought|[of] p1a: Torkoal\n|move|p2a: Spaghetti Too|Toxic|p1a: Torkoal\n|-status|p1a: Torkoal|tox\n|\n|-weather|SunnyDay|[upkeep]\n|-heal|p2a: Spaghetti Too|97/100|[from] item: Leftovers\n|-damage|p1a: Torkoal|94/100 tox|[from] psn\n|upkeep\n|turn|2\n|j| hitman9191\n|\n|t:|1771252884\n|move|p2a: Spaghetti Too|Toxic|p1a: Torkoal\n|-fail|p1a: Torkoal|tox\n|move|p1a: Torkoal|Stealth Rock|p2a: Spaghetti Too\n|-sidestart|p2: RobinaAddMyPalFuwa|move: Stealth Rock\n|\n|-weather|SunnyDay|[upkeep]\n|-heal|p2a: Spaghetti Too|100/100|[from] item: Leftovers\n|-damage|p1a: Torkoal|82/100 tox|[from] psn\n|upkeep\n|turn|3\n|\n|t:|1771252893\n|switch|p1a: Mesprit|Mesprit|100/100\n|move|p2a: Spaghetti Too|Rapid Spin|p1a: Mesprit\n|-damage|p1a: Mesprit|94/100\n|-boost|p2a: Spaghetti Too|spe|1\n|-sideend|p2: RobinaAddMyPalFuwa|Stealth Rock|[from] move: Rapid Spin|[of] p2a: Spaghetti Too\n|-enditem|p1a: Mesprit|Eject Button\n|l| hitman9191\n|\n|t:|1771252907\n|switch|p1a: Lilligant|Lilligant-Hisui, F|100/100\n|\n|-weather|SunnyDay|[upkeep]\n|upkeep\n|turn|4\n|\n|t:|1771252913\n|switch|p2a: Ghoti carrier|Pelipper, L99, F|100/100\n|-weather|RainDance|[from] ability: Drizzle|[of] p2a: Ghoti carrier\n|move|p1a: Lilligant|Substitute|p1a: Lilligant\n|-start|p1a: Lilligant|Substitute\n|-damage|p1a: Lilligant|76/100\n|\n|-weather|RainDance|[upkeep]\n|upkeep\n|turn|5\n|\n|t:|1771252928\n|move|p1a: Lilligant|Solar Blade||[still]\n|-prepare|p1a: Lilligant|Solar Blade\n|move|p2a: Ghoti carrier|Hurricane|p1a: Lilligant\n|-supereffective|p1a: Lilligant\n|-end|p1a: Lilligant|Substitute\n|\n|-weather|RainDance|[upkeep]\n|upkeep\n|turn|6\n|\n|t:|1771252940\n|move|p1a: Lilligant|Solar Blade|p2a: Ghoti carrier|[from] lockedmove\n|-damage|p2a: Ghoti carrier|68/100\n|-damage|p1a: Lilligant|66/100|[from] item: Life Orb\n|move|p2a: Ghoti carrier|Hurricane|p1a: Lilligant\n|-supereffective|p1a: Lilligant\n|-damage|p1a: Lilligant|0 fnt\n|faint|p1a: Lilligant\n|\n|-weather|RainDance|[upkeep]\n|upkeep\n|\n|t:|1771252950\n|switch|p1a: Walking Wake|Walking Wake|100/100\n|turn|7\n|\n|t:|1771252953\n|switch|p2a: Spaghetti Too|Tentacruel, F|100/100\n|-terastallize|p1a: Walking Wake|Water\n|move|p1a: Walking Wake|Hydro Steam|p2a: Spaghetti Too\n|-resisted|p2a: Spaghetti Too\n|-damage|p2a: Spaghetti Too|68/100\n|\n|-weather|RainDance|[upkeep]\n|-heal|p2a: Spaghetti Too|74/100|[from] ability: Rain Dish\n|-heal|p2a: Spaghetti Too|80/100|[from] item: Leftovers\n|upkeep\n|turn|8\n|\n|t:|1771252964\n|-end|p1a: Walking Wake|Protosynthesis|[silent]\n|switch|p1a: Torkoal|Torkoal, F|82/100 tox\n|-weather|SunnyDay|[from] ability: Drought|[of] p1a: Torkoal\n|move|p2a: Spaghetti Too|Flip Turn|p1a: Torkoal\n|-supereffective|p1a: Torkoal\n|-damage|p1a: Torkoal|73/100 tox\n|\n|t:|1771252966\n|switch|p2a: Ghoti carrier|Pelipper, L99, F|68/100|[from] Flip Turn\n|-weather|RainDance|[from] ability: Drizzle|[of] p2a: Ghoti carrier\n|\n|-weather|RainDance|[upkeep]\n|-damage|p1a: Torkoal|67/100 tox|[from] psn\n|upkeep\n|turn|9\n|\n|t:|1771252977\n|switch|p1a: Walking Wake|Walking Wake, tera:Water|100/100\n|move|p2a: Ghoti carrier|U-turn|p1a: Walking Wake\n|-damage|p1a: Walking Wake|91/100\n|\n|t:|1771252980\n|switch|p2a: Spaghetti Too|Tentacruel, F|80/100|[from] U-turn\n|\n|-weather|RainDance|[upkeep]\n|-heal|p2a: Spaghetti Too|86/100|[from] ability: Rain Dish\n|-heal|p2a: Spaghetti Too|92/100|[from] item: Leftovers\n|upkeep\n|turn|10\n|j| hbgzd\n|\n|t:|1771252988\n|move|p1a: Walking Wake|Dragon Pulse|p2a: Spaghetti Too\n|-damage|p2a: Spaghetti Too|55/100\n|move|p2a: Spaghetti Too|Flip Turn|p1a: Walking Wake\n|-resisted|p1a: Walking Wake\n|-damage|p1a: Walking Wake|78/100\n|\n|t:|1771252992\n|switch|p2a: ExSkewda Me|Barraskewda, F|100/100|[from] Flip Turn\n|\n|-weather|RainDance|[upkeep]\n|upkeep\n|turn|11\n|\n|t:|1771253003\n|move|p2a: ExSkewda Me|Flip Turn|p1a: Walking Wake\n|-resisted|p1a: Walking Wake\n|-damage|p1a: Walking Wake|46/100\n|\n|t:|1771253006\n|switch|p2a: Spaghetti Too|Tentacruel, F|55/100|[from] Flip Turn\n|move|p1a: Walking Wake|Dragon Pulse|p2a: Spaghetti Too\n|-damage|p2a: Spaghetti Too|16/100\n|\n|-weather|RainDance|[upkeep]\n|-heal|p2a: Spaghetti Too|22/100|[from] ability: Rain Dish\n|-heal|p2a: Spaghetti Too|29/100|[from] item: Leftovers\n|upkeep\n|turn|12\n|\n|t:|1771253015\n|move|p1a: Walking Wake|Dragon Pulse|p2a: Spaghetti Too\n|-damage|p2a: Spaghetti Too|0 fnt\n|faint|p2a: Spaghetti Too\n|\n|-weather|RainDance|[upkeep]\n|upkeep\n|\n|t:|1771253017\n|switch|p2a: Seaking Duck|Golduck, F|100/100\n|turn|13\n|\n|t:|1771253022\n|-end|p1a: Walking Wake|Protosynthesis|[silent]\n|switch|p1a: Torkoal|Torkoal, F|67/100 tox\n|-weather|SunnyDay|[from] ability: Drought|[of] p1a: Torkoal\n|move|p2a: Seaking Duck|Grass Knot|p1a: Torkoal\n|-resisted|p1a: Torkoal\n|-damage|p1a: Torkoal|47/100 tox\n|-damage|p2a: Seaking Duck|91/100|[from] item: Life Orb\n|\n|-weather|SunnyDay|[upkeep]\n|-damage|p1a: Torkoal|41/100 tox|[from] psn\n|upkeep\n|turn|14\n|\n|t:|1771253032\n|switch|p1a: Mesprit|Mesprit|94/100\n|move|p2a: Seaking Duck|Hydro Pump|p1a: Mesprit\n|-damage|p1a: Mesprit|69/100\n|-damage|p2a: Seaking Duck|81/100|[from] item: Life Orb\n|\n|-weather|SunnyDay|[upkeep]\n|upkeep\n|turn|15\n|\n|t:|1771253041\n|switch|p2a: Ghoti carrier|Pelipper, L99, F|68/100\n|-weather|RainDance|[from] ability: Drizzle|[of] p2a: Ghoti carrier\n|move|p1a: Mesprit|U-turn|p2a: Ghoti carrier\n|-resisted|p2a: Ghoti carrier\n|-damage|p2a: Ghoti carrier|61/100\n|\n|t:|1771253049\n|switch|p1a: Walking Wake|Walking Wake, tera:Water|46/100|[from] U-turn\n|\n|-weather|RainDance|[upkeep]\n|upkeep\n|turn|16\n|\n|t:|1771253056\n|switch|p2a: Seaking Duck|Golduck, F|81/100\n|move|p1a: Walking Wake|Hydro Steam|p2a: Seaking Duck\n|-resisted|p2a: Seaking Duck\n|-damage|p2a: Seaking Duck|0 fnt\n|faint|p2a: Seaking Duck\n|\n|-weather|RainDance|[upkeep]\n|upkeep\n|\n|t:|1771253059\n|switch|p2a: Great Neck|Raging Bolt|100/100\n|turn|17\n|\n|t:|1771253065\n|-end|p1a: Walking Wake|Protosynthesis|[silent]\n|switch|p1a: Torkoal|Torkoal, F|41/100 tox\n|-weather|SunnyDay|[from] ability: Drought|[of] p1a: Torkoal\n|-activate|p2a: Great Neck|ability: Protosynthesis\n|-start|p2a: Great Neck|protosynthesisspa\n|move|p2a: Great Neck|Weather Ball|p1a: Torkoal\n|-resisted|p1a: Torkoal\n|-damage|p1a: Torkoal|0 fnt\n|faint|p1a: Torkoal\n|\n|-weather|SunnyDay|[upkeep]\n|upkeep\n|\n|t:|1771253077\n|switch|p1a: Great Tusk|Great Tusk|100/100\n|-activate|p1a: Great Tusk|ability: Protosynthesis\n|-start|p1a: Great Tusk|protosynthesisatk\n|turn|18\n|\n|t:|1771253089\n|-terastallize|p2a: Great Neck|Fairy\n|move|p1a: Great Tusk|Head Smash|p2a: Great Neck|[miss]\n|-miss|p1a: Great Tusk|p2a: Great Neck\n|move|p2a: Great Neck|Weather Ball|p1a: Great Tusk\n|-damage|p1a: Great Tusk|0 fnt\n|faint|p1a: Great Tusk\n|-end|p1a: Great Tusk|Protosynthesis|[silent]\n|\n|-weather|SunnyDay|[upkeep]\n|upkeep\n|\n|t:|1771253105\n|switch|p1a: Slither Wing|Slither Wing|100/100\n|-activate|p1a: Slither Wing|ability: Protosynthesis\n|-start|p1a: Slither Wing|protosynthesisatk\n|turn|19\n|\n|t:|1771253115\n|move|p2a: Great Neck|Weather Ball|p1a: Slither Wing\n|-supereffective|p1a: Slither Wing\n|-damage|p1a: Slither Wing|0 fnt\n|faint|p1a: Slither Wing\n|-end|p1a: Slither Wing|Protosynthesis|[silent]\n|\n|-weather|SunnyDay|[upkeep]\n|upkeep\n|\n|t:|1771253121\n|switch|p1a: Mesprit|Mesprit|69/100\n|turn|20\n|\n|t:|1771253127\n|move|p2a: Great Neck|Weather Ball|p1a: Mesprit\n|-damage|p1a: Mesprit|11/100\n|move|p1a: Mesprit|Healing Wish|p1a: Mesprit\n|faint|p1a: Mesprit\n|\n|-weather|SunnyDay|[upkeep]\n|upkeep\n|\n|t:|1771253133\n|switch|p1a: Walking Wake|Walking Wake, tera:Water|46/100\n|-heal|p1a: Walking Wake|100/100|[from] move: Healing Wish\n|-activate|p1a: Walking Wake|ability: Protosynthesis\n|-start|p1a: Walking Wake|protosynthesisspe\n|turn|21\n|\n|t:|1771253139\n|move|p2a: Great Neck|Thunderclap|p1a: Walking Wake\n|-supereffective|p1a: Walking Wake\n|-damage|p1a: Walking Wake|0 fnt\n|faint|p1a: Walking Wake\n|-end|p1a: Walking Wake|Protosynthesis|[silent]\n|\n|win|RobinaAddMyPalFuwa\n|raw|Juniper xx's rating: 1702 &rarr; <strong>1685</strong><br />(-17 for losing)\n|raw|RobinaAddMyPalFuwa's rating: 1748 &rarr; <strong>1765</strong><br />(+17 for winning)\n|l|☆Juniper xx\n|player|p1|\n|l| hbgzd\n|l|☆RobinaAddMyPalFuwa\n|player|p2|\n", "uploadtime": 1771253399, "views": 7, "formatid": "gen9ou", "rating": 1685, "private": 0, "password": null}