{"id": "gen9ou-2639234797", "format": "[Gen 9] OU", "players": ["DcBaker", "grgwrgwegwe"], "log": "|j|☆DcBaker\n|j|☆grgwrgwegwe\n|t:|1782438206\n|gametype|singles\n|player|p1|DcBaker|unknownf|1223\n|player|p2|grgwrgwegwe|nurse|1172\n|gen|9\n|tier|[Gen 9] OU\n|rated|\n|rule|HP Percentage Mod: HP is shown in percentages\n|rule|Endless Battle Clause: Forcing endless battles is banned\n|rule|Species Clause: Limit one of each Pokémon\n|rule|OHKO Clause: OHKO moves are banned\n|rule|Evasion Items Clause: Evasion items are banned\n|rule|Evasion Moves Clause: Evasion moves are banned\n|rule|Evasion Abilities Clause: Evasion abilities are banned\n|rule|Sleep Moves Clause: Sleep-inducing moves are banned\n|clearpoke\n|poke|p1|Deoxys-Speed|\n|poke|p1|Ceruledge, M|\n|poke|p1|Zamazenta-*|\n|poke|p1|Ogerpon-Wellspring, F|\n|poke|p1|Glimmora, M|\n|poke|p1|Moltres-Galar|\n|poke|p2|Basculegion, M|\n|poke|p2|Magnezone|\n|poke|p2|Regidrago|\n|poke|p2|Sylveon, M|\n|poke|p2|Slaking, M|\n|poke|p2|Great Tusk|\n|teampreview\n|inactive|Battle timer is ON: inactive players will automatically lose when time's up. (requested by DcBaker)\n|\n|t:|1782438214\n|teamsize|p1|6\n|teamsize|p2|6\n|start\n|switch|p1a: gimmie|Glimmora, M|100/100\n|switch|p2a: >.*{|Slaking, M|100/100\n|turn|1\n|l|☆DcBaker\n|inactive|DcBaker disconnected and has a minute to reconnect!\n|player|p1|\n|j|☆DcBaker\n|inactive|DcBaker reconnected and has 130 seconds left.\n|player|p1|DcBaker|unknownf|\n|\n|t:|1782438243\n|move|p1a: gimmie|Meteor Beam||[still]\n|-prepare|p1a: gimmie|Meteor Beam\n|-boost|p1a: gimmie|spa|1\n|-enditem|p1a: gimmie|Power Herb\n|-anim|p1a: gimmie|Meteor Beam|p2a: >.*{\n|-damage|p2a: >.*{|22/100\n|move|p2a: >.*{|Earthquake|p1a: gimmie\n|-supereffective|p1a: gimmie\n|-damage|p1a: gimmie|0 fnt\n|-activate|p1a: gimmie|ability: Toxic Debris\n|-sidestart|p2: grgwrgwegwe|move: Toxic Spikes\n|faint|p1a: gimmie\n|\n|upkeep\n|inactive|DcBaker has 120 seconds left.\n|\n|t:|1782438254\n|switch|p1a: 1/151|Ogerpon-Wellspring, F|100/100\n|turn|2\n|inactive|DcBaker has 120 seconds left.\n|\n|t:|1782438267\n|switch|p2a: CBT|Regidrago|100/100\n|-status|p2a: CBT|psn\n|move|p1a: 1/151|Ivy Cudgel|p2a: CBT|[anim] Ivy Cudgel Water\n|-resisted|p2a: CBT\n|-damage|p2a: CBT|67/100 psn\n|\n|-damage|p2a: CBT|54/100 psn|[from] psn\n|upkeep\n|turn|3\n|\n|t:|1782438276\n|move|p1a: 1/151|Play Rough|p2a: CBT\n|-supereffective|p2a: CBT\n|-enditem|p2a: CBT|Roseli Berry|[eat]\n|-enditem|p2a: CBT|Roseli Berry|[weaken]\n|-damage|p2a: CBT|12/100 psn\n|-unboost|p2a: CBT|atk|1\n|move|p2a: CBT|Draco Meteor|p1a: 1/151\n|-damage|p1a: 1/151|0 fnt\n|-unboost|p2a: CBT|spa|2\n|faint|p1a: 1/151\n|\n|-damage|p2a: CBT|0 fnt|[from] psn\n|faint|p2a: CBT\n|upkeep\n|inactive|DcBaker has 120 seconds left.\n|\n|t:|1782438286\n|switch|p1a: mo|Moltres-Galar|100/100\n|switch|p2a: Uno Reverse|Great Tusk|100/100\n|-status|p2a: Uno Reverse|psn\n|-enditem|p2a: Uno Reverse|Booster Energy\n|-activate|p2a: Uno Reverse|ability: Protosynthesis|[fromitem]\n|-start|p2a: Uno Reverse|protosynthesisspe\n|turn|4\n|\n|t:|1782438301\n|-terastallize|p2a: Uno Reverse|Dark\n|move|p2a: Uno Reverse|Body Press|p1a: mo\n|-damage|p1a: mo|63/100\n|move|p1a: mo|Air Slash|p2a: Uno Reverse\n|-damage|p2a: Uno Reverse|55/100 psn\n|\n|-damage|p2a: Uno Reverse|43/100 psn|[from] psn\n|upkeep\n|turn|5\n|\n|t:|1782438307\n|move|p2a: Uno Reverse|Head Smash|p1a: mo\n|-supereffective|p1a: mo\n|-damage|p1a: mo|0 fnt\n|faint|p1a: mo\n|-damage|p2a: Uno Reverse|19/100 psn|[from] Recoil\n|\n|-damage|p2a: Uno Reverse|7/100 psn|[from] psn\n|upkeep\n|\n|t:|1782438312\n|switch|p1a: Sara|Ceruledge, M|100/100\n|turn|6\n|\n|t:|1782438315\n|move|p1a: Sara|Shadow Sneak|p2a: Uno Reverse\n|-resisted|p2a: Uno Reverse\n|-damage|p2a: Uno Reverse|0 fnt\n|faint|p2a: Uno Reverse\n|-end|p2a: Uno Reverse|Protosynthesis|[silent]\n|-damage|p1a: Sara|91/100|[from] item: Life Orb\n|\n|upkeep\n|\n|t:|1782438320\n|switch|p2a: The Dripper|Basculegion, M|100/100\n|-status|p2a: The Dripper|psn\n|turn|7\n|\n|t:|1782438336\n|move|p1a: Sara|Shadow Sneak|p2a: The Dripper\n|-supereffective|p2a: The Dripper\n|-damage|p2a: The Dripper|24/100 psn\n|-damage|p1a: Sara|81/100|[from] item: Life Orb\n|move|p2a: The Dripper|Wave Crash|p1a: Sara\n|-supereffective|p1a: Sara\n|-damage|p1a: Sara|0 fnt\n|faint|p1a: Sara\n|-damage|p2a: The Dripper|2/100 psn|[from] Recoil\n|\n|-damage|p2a: The Dripper|0 fnt|[from] psn\n|faint|p2a: The Dripper\n|upkeep\n|\n|t:|1782438342\n|switch|p2a: Zlurp|Magnezone|100/100\n|switch|p1a: ZAHM|Zamazenta|100/100\n|-ability|p1a: ZAHM|Dauntless Shield|boost\n|-boost|p1a: ZAHM|def|1\n|turn|8\n|\n|t:|1782438346\n|switch|p2a: >.*{|Slaking, M|22/100\n|-status|p2a: >.*{|psn\n|move|p1a: ZAHM|Body Press|p2a: >.*{\n|-supereffective|p2a: >.*{\n|-damage|p2a: >.*{|0 fnt\n|faint|p2a: >.*{\n|\n|upkeep\n|\n|t:|1782438347\n|switch|p2a: Jbai|Sylveon, M|100/100\n|-status|p2a: Jbai|psn\n|turn|9\n|\n|t:|1782438353\n|-terastallize|p1a: ZAHM|Electric\n|move|p1a: ZAHM|Heavy Slam|p2a: Jbai\n|-supereffective|p2a: Jbai\n|-damage|p2a: Jbai|35/100 psn\n|move|p2a: Jbai|Hyper Voice|p1a: ZAHM\n|-damage|p1a: ZAHM|19/100\n|\n|-heal|p1a: ZAHM|25/100|[from] item: Leftovers\n|-damage|p2a: Jbai|22/100 psn|[from] psn\n|upkeep\n|turn|10\n|-message|grgwrgwegwe forfeited.\n|\n|win|DcBaker\n|raw|DcBaker's rating: 1223 &rarr; <strong>1244</strong><br />(+21 for winning)\n|raw|grgwrgwegwe's rating: 1172 &rarr; <strong>1151</strong><br />(-21 for losing)\n", "uploadtime": 1782438359, "views": 7, "formatid": "gen9ou", "rating": 1151, "private": 0, "password": null}