{"id": "gen9ou-2540564811", "format": "[Gen 9] OU", "players": ["H0llo", "bsp1"], "log": "|j|☆H0llo\n|j|☆bsp1\n|t:|1771218823\n|gametype|singles\n|player|p1|H0llo|idol|1630\n|player|p2|bsp1|170|1597\n|gen|9\n|tier|[Gen 9] OU\n|rated|\n|rule|HP Percentage Mod: HP is shown in percentages\n|rule|Endless Battle Clause: Forcing endless battles is banned\n|rule|Species Clause: Limit one of each Pokémon\n|rule|OHKO Clause: OHKO moves are banned\n|rule|Evasion Items Clause: Evasion items are banned\n|rule|Evasion Moves Clause: Evasion moves are banned\n|rule|Evasion Abilities Clause: Evasion abilities are banned\n|rule|Sleep Moves Clause: Sleep-inducing moves are banned\n|clearpoke\n|poke|p1|Primarina, M|\n|poke|p1|Great Tusk|\n|poke|p1|Kingambit, M|\n|poke|p1|Slowking-Galar, M|\n|poke|p1|Ogerpon, F|\n|poke|p1|Enamorus, F|\n|poke|p2|Ceruledge, M|\n|poke|p2|Iron Valiant|\n|poke|p2|Ditto|\n|poke|p2|Mamoswine, F|\n|poke|p2|Armarouge, F|\n|poke|p2|Cinderace, F|\n|teampreview\n|inactive|Battle timer is ON: inactive players will automatically lose when time's up. (requested by H0llo)\n|\n|t:|1771218849\n|teamsize|p1|6\n|teamsize|p2|6\n|start\n|switch|p1a: Great Tusk|Great Tusk, shiny|100/100\n|switch|p2a: Armarouge|Armarouge, F|100/100\n|turn|1\n|\n|t:|1771218872\n|move|p1a: Great Tusk|Stealth Rock|p2a: Armarouge\n|-sidestart|p2: bsp1|move: Stealth Rock\n|move|p2a: Armarouge|Calm Mind|p2a: Armarouge\n|-boost|p2a: Armarouge|spa|1\n|-boost|p2a: Armarouge|spd|1\n|\n|upkeep\n|turn|2\n|\n|t:|1771218880\n|-end|p1a: Great Tusk|Protosynthesis|[silent]\n|switch|p1a: Slowking|Slowking-Galar, M, shiny|100/100\n|move|p2a: Armarouge|Armor Cannon|p1a: Slowking\n|-damage|p1a: Slowking|50/100\n|-unboost|p2a: Armarouge|def|1\n|-unboost|p2a: Armarouge|spd|1\n|\n|upkeep\n|turn|3\n|\n|t:|1771218901\n|move|p2a: Armarouge|Psyshock|p1a: Slowking\n|-damage|p1a: Slowking|3/100\n|move|p1a: Slowking|Sludge Bomb|p2a: Armarouge\n|-damage|p2a: Armarouge|53/100\n|\n|upkeep\n|turn|4\n|\n|t:|1771218909\n|move|p2a: Armarouge|Psyshock|p1a: Slowking\n|-damage|p1a: Slowking|0 fnt\n|faint|p1a: Slowking\n|\n|upkeep\n|\n|t:|1771218913\n|switch|p1a: Ogerpon|Ogerpon, F|100/100\n|turn|5\n|\n|t:|1771218916\n|move|p1a: Ogerpon|Knock Off|p2a: Armarouge\n|-supereffective|p2a: Armarouge\n|-damage|p2a: Armarouge|0 fnt\n|-enditem|p2a: Armarouge|Focus Sash|[from] move: Knock Off|[of] p1a: Ogerpon\n|faint|p2a: Armarouge\n|\n|upkeep\n|\n|t:|1771218919\n|switch|p2a: Cinderace|Cinderace, F|100/100\n|-damage|p2a: Cinderace|76/100|[from] Stealth Rock\n|turn|6\n|\n|t:|1771218922\n|switch|p1a: Great Tusk|Great Tusk, shiny|100/100\n|move|p2a: Cinderace|Court Change|p2a: Cinderace\n|-start|p2a: Cinderace|typechange|Normal|[from] ability: Libero\n|-swapsideconditions\n|-activate|p2a: Cinderace|move: Court Change\n|\n|upkeep\n|turn|7\n|\n|t:|1771218932\n|switch|p2a: Ceruledge|Ceruledge, M, shiny|100/100\n|move|p1a: Great Tusk|Stealth Rock|p2a: Ceruledge\n|-sidestart|p2: bsp1|move: Stealth Rock\n|\n|upkeep\n|turn|8\n|\n|t:|1771218936\n|move|p1a: Great Tusk|Headlong Rush|p2a: Ceruledge\n|-supereffective|p2a: Ceruledge\n|-enditem|p2a: Ceruledge|Focus Sash\n|-damage|p2a: Ceruledge|1/100\n|-unboost|p1a: Great Tusk|def|1\n|-unboost|p1a: Great Tusk|spd|1\n|-ability|p2a: Ceruledge|Weak Armor|boost\n|-unboost|p2a: Ceruledge|def|1\n|-boost|p2a: Ceruledge|spe|2\n|move|p2a: Ceruledge|Swords Dance|p2a: Ceruledge\n|-boost|p2a: Ceruledge|atk|2\n|\n|upkeep\n|turn|9\n|\n|t:|1771218943\n|move|p2a: Ceruledge|Bitter Blade|p1a: Great Tusk\n|-damage|p1a: Great Tusk|0 fnt\n|-heal|p2a: Ceruledge|65/100|[from] drain|[of] p1a: Great Tusk\n|-damage|p2a: Ceruledge|48/100|[from] item: Rocky Helmet|[of] p1a: Great Tusk\n|faint|p1a: Great Tusk\n|-end|p1a: Great Tusk|Protosynthesis|[silent]\n|\n|upkeep\n|\n|t:|1771218953\n|switch|p1a: Kingambit|Kingambit, M, shiny|100/100\n|-damage|p1a: Kingambit|94/100|[from] Stealth Rock\n|-activate|p1a: Kingambit|ability: Supreme Overlord\n|-start|p1a: Kingambit|fallen2|[silent]\n|turn|10\n|\n|t:|1771218969\n|move|p2a: Ceruledge|Bitter Blade|p1a: Kingambit\n|-supereffective|p1a: Kingambit\n|-damage|p1a: Kingambit|0 fnt\n|-heal|p2a: Ceruledge|100/100|[from] drain|[of] p1a: Kingambit\n|faint|p1a: Kingambit\n|-end|p1a: Kingambit|fallen2|[silent]\n|\n|upkeep\n|\n|t:|1771218976\n|switch|p1a: Ogerpon|Ogerpon, F|100/100\n|-damage|p1a: Ogerpon|88/100|[from] Stealth Rock\n|turn|11\n|\n|t:|1771218980\n|-terastallize|p1a: Ogerpon|Grass\n|detailschange|p1a: Ogerpon|Ogerpon-Teal-Tera, F, tera:Grass\n|-ability|p1a: Ogerpon|Embody Aspect (Teal)|boost\n|-boost|p1a: Ogerpon|spe|1\n|move|p2a: Ceruledge|Bitter Blade|p1a: Ogerpon\n|-supereffective|p1a: Ogerpon\n|-damage|p1a: Ogerpon|0 fnt\n|faint|p1a: Ogerpon\n|detailschange|p1: Ogerpon|Ogerpon, F|[silent]\n|\n|upkeep\n|-message|H0llo forfeited.\n|\n|win|bsp1\n|raw|H0llo's rating: 1630 &rarr; <strong>1608</strong><br />(-22 for losing)\n|raw|bsp1's rating: 1597 &rarr; <strong>1619</strong><br />(+22 for winning)\n|l|☆H0llo\n|player|p1|\n|l|☆bsp1\n|player|p2|\n", "uploadtime": 1771219246, "views": 4, "formatid": "gen9ou", "rating": 1608, "private": 0, "password": null}