{"id": "gen9ou-2540623924", "format": "[Gen 9] OU", "players": ["firecharmander004", "tuanquewang"], "log": "|j|☆firecharmander004\n|j|☆tuanquewang\n|t:|1771229362\n|gametype|singles\n|player|p1|firecharmander004|170|1643\n|player|p2|tuanquewang|backersf|1729\n|gen|9\n|tier|[Gen 9] OU\n|rated|\n|rule|HP Percentage Mod: HP is shown in percentages\n|rule|Endless Battle Clause: Forcing endless battles is banned\n|rule|Species Clause: Limit one of each Pokémon\n|rule|OHKO Clause: OHKO moves are banned\n|rule|Evasion Items Clause: Evasion items are banned\n|rule|Evasion Moves Clause: Evasion moves are banned\n|rule|Evasion Abilities Clause: Evasion abilities are banned\n|rule|Sleep Moves Clause: Sleep-inducing moves are banned\n|clearpoke\n|poke|p1|Deoxys-Speed|\n|poke|p1|Ceruledge, F|\n|poke|p1|Zamazenta-*|\n|poke|p1|Ogerpon-Wellspring, F|\n|poke|p1|Glimmora, M|\n|poke|p1|Moltres-Galar|\n|poke|p2|Slowking-Galar, M|\n|poke|p2|Alomomola, F|\n|poke|p2|Scizor, M|\n|poke|p2|Hydrapple, F|\n|poke|p2|Cinderace, M|\n|poke|p2|Sandy Shocks|\n|teampreview\n|inactive|Battle timer is ON: inactive players will automatically lose when time's up. (requested by firecharmander004)\n|inactive|tuanquewang also wants the timer to be on.\n|\n|t:|1771229375\n|teamsize|p1|6\n|teamsize|p2|6\n|start\n|switch|p1a: Deoxys|Deoxys-Speed|100/100\n|switch|p2a: Scizor|Scizor, M|100/100\n|-ability|p1a: Deoxys|Pressure\n|turn|1\n|\n|t:|1771229379\n|move|p1a: Deoxys|Reflect|p1a: Deoxys\n|-sidestart|p1: firecharmander004|Reflect\n|move|p2a: Scizor|U-turn|p1a: Deoxys\n|-supereffective|p1a: Deoxys\n|-damage|p1a: Deoxys|24/100\n|\n|t:|1771229386\n|switch|p2a: Sandy Shocks|Sandy Shocks, shiny|100/100|[from] U-turn\n|\n|upkeep\n|turn|2\n|\n|t:|1771229394\n|move|p1a: Deoxys|Light Screen|p1a: Deoxys\n|-sidestart|p1: firecharmander004|move: Light Screen\n|move|p2a: Sandy Shocks|Volt Switch|p1a: Deoxys\n|-damage|p1a: Deoxys|2/100\n|\n|t:|1771229397\n|-end|p2a: Sandy Shocks|Protosynthesis|[silent]\n|switch|p2a: Scizor|Scizor, M|100/100|[from] Volt Switch\n|\n|upkeep\n|turn|3\n|\n|t:|1771229401\n|switch|p1a: Glimmora|Glimmora, M|100/100\n|move|p2a: Scizor|U-turn|p1a: Glimmora\n|-resisted|p1a: Glimmora\n|-damage|p1a: Glimmora|82/100\n|-activate|p1a: Glimmora|ability: Toxic Debris\n|-sidestart|p2: tuanquewang|move: Toxic Spikes\n|\n|t:|1771229410\n|switch|p2a: Slowking|Slowking-Galar, M|100/100|[from] U-turn\n|-sideend|p2: tuanquewang|move: Toxic Spikes|[of] p2a: Slowking\n|\n|upkeep\n|turn|4\n|\n|t:|1771229417\n|switch|p1a: Ceruledge|Ceruledge, F|100/100\n|-prepare|p2a: Slowking|Chilly Reception|[premajor]\n|move|p2a: Slowking|Chilly Reception|p2a: Slowking\n|-weather|Snowscape\n|\n|t:|1771229422\n|switch|p2a: Sandy Shocks|Sandy Shocks, shiny|100/100|[from] Chilly Reception\n|\n|-weather|Snowscape|[upkeep]\n|upkeep\n|turn|5\n|\n|t:|1771229449\n|move|p2a: Sandy Shocks|Earth Power|p1a: Ceruledge\n|-supereffective|p1a: Ceruledge\n|-crit|p1a: Ceruledge\n|-damage|p1a: Ceruledge|0 fnt\n|faint|p1a: Ceruledge\n|\n|-weather|Snowscape|[upkeep]\n|upkeep\n|\n|t:|1771229458\n|switch|p1a: Ogerpon|Ogerpon-Wellspring, F|100/100\n|turn|6\n|\n|t:|1771229466\n|-end|p2a: Sandy Shocks|Protosynthesis|[silent]\n|switch|p2a: Hydrapple|Hydrapple, F, shiny|100/100\n|move|p1a: Ogerpon|Swords Dance|p1a: Ogerpon\n|-boost|p1a: Ogerpon|atk|2\n|\n|-weather|Snowscape|[upkeep]\n|upkeep\n|turn|7\n|\n|t:|1771229474\n|switch|p2a: Cinderace|Cinderace, M|100/100\n|move|p1a: Ogerpon|Play Rough|p2a: Cinderace|[miss]\n|-miss|p1a: Ogerpon|p2a: Cinderace\n|\n|-weather|Snowscape|[upkeep]\n|upkeep\n|turn|8\n|\n|t:|1771229480\n|move|p2a: Cinderace|U-turn|p1a: Ogerpon\n|-start|p2a: Cinderace|typechange|Bug|[from] ability: Libero\n|-supereffective|p1a: Ogerpon\n|-damage|p1a: Ogerpon|59/100\n|\n|t:|1771229485\n|switch|p2a: Hydrapple|Hydrapple, F, shiny|100/100|[from] U-turn\n|move|p1a: Ogerpon|Ivy Cudgel|p2a: Hydrapple|[anim] Ivy Cudgel Water\n|-resisted|p2a: Hydrapple\n|-damage|p2a: Hydrapple|76/100\n|\n|-weather|none\n|-sideend|p1: firecharmander004|Reflect\n|upkeep\n|turn|9\n|\n|t:|1771229494\n|-terastallize|p2a: Hydrapple|Water\n|move|p1a: Ogerpon|Play Rough|p2a: Hydrapple|[miss]\n|-miss|p1a: Ogerpon|p2a: Hydrapple\n|move|p2a: Hydrapple|Draco Meteor|p1a: Ogerpon\n|-damage|p1a: Ogerpon|0 fnt\n|-unboost|p2a: Hydrapple|spa|2\n|faint|p1a: Ogerpon\n|\n|-sideend|p1: firecharmander004|move: Light Screen\n|upkeep\n|-message|firecharmander004 forfeited.\n|\n|win|tuanquewang\n|raw|firecharmander004's rating: 1643 &rarr; <strong>1628</strong><br />(-15 for losing)\n|raw|tuanquewang's rating: 1729 &rarr; <strong>1744</strong><br />(+15 for winning)\n|l|☆firecharmander004\n|player|p1|\n|l|☆tuanquewang\n|player|p2|\n", "uploadtime": 1771229720, "views": 8, "formatid": "gen9ou", "rating": 1628, "private": 0, "password": null}