{"id": "gen9ou-2639313261", "format": "[Gen 9] OU", "players": ["mightymit", "msean3"], "log": "|j|☆mightymit\n|j|‽msean3\n|t:|1782451139\n|gametype|singles\n|player|p1|mightymit|2|1450\n|player|p2|msean3|101|1537\n|gen|9\n|tier|[Gen 9] OU\n|rated|\n|rule|HP Percentage Mod: HP is shown in percentages\n|rule|Endless Battle Clause: Forcing endless battles is banned\n|rule|Species Clause: Limit one of each Pokémon\n|rule|OHKO Clause: OHKO moves are banned\n|rule|Evasion Items Clause: Evasion items are banned\n|rule|Evasion Moves Clause: Evasion moves are banned\n|rule|Evasion Abilities Clause: Evasion abilities are banned\n|rule|Sleep Moves Clause: Sleep-inducing moves are banned\n|clearpoke\n|poke|p1|Regieleki|\n|poke|p1|Weavile, M|\n|poke|p1|Iron Valiant|\n|poke|p1|Pecharunt|\n|poke|p1|Alomomola, F|\n|poke|p1|Landorus-Therian, M|\n|poke|p2|Iron Valiant|\n|poke|p2|Excadrill, F|\n|poke|p2|Tyranitar, M|\n|poke|p2|Tornadus-Therian, M|\n|poke|p2|Ogerpon-Cornerstone, F|\n|poke|p2|Toxapex, F|\n|teampreview\n|inactive|Battle timer is ON: inactive players will automatically lose when time's up. (requested by mightymit)\n|\n|t:|1782451169\n|teamsize|p1|6\n|teamsize|p2|6\n|start\n|switch|p1a: Regieleki|Regieleki|100/100\n|switch|p2a: Iron Valiant|Iron Valiant|100/100\n|turn|1\n|\n|t:|1782451187\n|switch|p1a: Landorus|Landorus-Therian, M|100/100\n|-ability|p1a: Landorus|Intimidate|boost\n|-unboost|p2a: Iron Valiant|atk|1\n|-end|p2a: Iron Valiant|Quark Drive|[silent]\n|switch|p2a: Excadrill|Excadrill, F|100/100\n|\n|upkeep\n|turn|2\n|\n|t:|1782451198\n|switch|p2a: Toxapex|Toxapex, F|100/100\n|move|p1a: Landorus|Stealth Rock|p2a: Toxapex\n|-sidestart|p2: msean3|move: Stealth Rock\n|\n|upkeep\n|turn|3\n|\n|t:|1782451206\n|move|p1a: Landorus|U-turn|p2a: Toxapex\n|-resisted|p2a: Toxapex\n|-crit|p2a: Toxapex\n|-damage|p2a: Toxapex|89/100\n|-enditem|p2a: Toxapex|Eject Button\n|\n|t:|1782451211\n|switch|p2a: Iron Valiant|Iron Valiant|100/100\n|-damage|p2a: Iron Valiant|94/100|[from] Stealth Rock\n|\n|upkeep\n|turn|4\n|\n|t:|1782451217\n|switch|p1a: Alomomola|Alomomola, F|100/100\n|move|p2a: Iron Valiant|Moonblast|p1a: Alomomola\n|-damage|p1a: Alomomola|65/100\n|\n|upkeep\n|turn|5\n|\n|t:|1782451241\n|switch|p1a: Pecharunt|Pecharunt|100/100\n|move|p2a: Iron Valiant|Moonblast|p1a: Pecharunt\n|-resisted|p1a: Pecharunt\n|-damage|p1a: Pecharunt|67/100\n|-unboost|p1a: Pecharunt|spa|1\n|\n|upkeep\n|turn|6\n|\n|t:|1782451258\n|-end|p2a: Iron Valiant|Quark Drive|[silent]\n|switch|p2a: Tyranitar|Tyranitar, M|100/100\n|-damage|p2a: Tyranitar|88/100|[from] Stealth Rock\n|-weather|Sandstorm|[from] ability: Sand Stream|[of] p2a: Tyranitar\n|move|p1a: Pecharunt|Parting Shot|p2a: Tyranitar\n|-unboost|p2a: Tyranitar|atk|1\n|-unboost|p2a: Tyranitar|spa|1\n|inactive|mightymit has 120 seconds left.\n|\n|t:|1782451285\n|switch|p1a: Landorus|Landorus-Therian, M|100/100|[from] Parting Shot\n|-ability|p1a: Landorus|Intimidate|boost\n|-unboost|p2a: Tyranitar|atk|1\n|\n|-weather|Sandstorm|[upkeep]\n|upkeep\n|turn|7\n|inactive|mightymit has 120 seconds left.\n|\n|t:|1782451295\n|move|p1a: Landorus|Earth Power|p2a: Tyranitar\n|-supereffective|p2a: Tyranitar\n|-damage|p2a: Tyranitar|39/100\n|move|p2a: Tyranitar|Stealth Rock|p1a: Landorus\n|-sidestart|p1: mightymit|move: Stealth Rock\n|\n|-weather|Sandstorm|[upkeep]\n|upkeep\n|turn|8\n|\n|t:|1782451305\n|switch|p2a: Tornadus|Tornadus-Therian, M|100/100\n|-damage|p2a: Tornadus|76/100|[from] Stealth Rock\n|move|p1a: Landorus|U-turn|p2a: Tornadus\n|-resisted|p2a: Tornadus\n|-damage|p2a: Tornadus|62/100\n|inactive|mightymit has 120 seconds left.\n|\n|t:|1782451316\n|switch|p1a: Weavile|Weavile, M|100/100|[from] U-turn\n|-ability|p1a: Weavile|Pressure\n|\n|-weather|Sandstorm|[upkeep]\n|-damage|p1a: Weavile|94/100|[from] Sandstorm\n|-damage|p2a: Tornadus|56/100|[from] Sandstorm\n|upkeep\n|turn|9\n|\n|t:|1782451331\n|switch|p2a: Toxapex|Toxapex, F|100/100\n|-damage|p2a: Toxapex|88/100|[from] Stealth Rock\n|move|p1a: Weavile|Knock Off|p2a: Toxapex\n|-damage|p2a: Toxapex|61/100\n|\n|-weather|Sandstorm|[upkeep]\n|-damage|p1a: Weavile|88/100|[from] Sandstorm\n|-damage|p2a: Toxapex|55/100|[from] Sandstorm\n|upkeep\n|turn|10\n|\n|t:|1782451343\n|switch|p1a: Pecharunt|Pecharunt|67/100\n|switch|p2a: Tornadus|Tornadus-Therian, M|89/100\n|-damage|p2a: Tornadus|64/100|[from] Stealth Rock\n|\n|-weather|Sandstorm|[upkeep]\n|-damage|p2a: Tornadus|58/100|[from] Sandstorm\n|-damage|p1a: Pecharunt|60/100|[from] Sandstorm\n|upkeep\n|turn|11\n|\n|t:|1782451350\n|move|p2a: Tornadus|Bleakwind Storm|p1a: Pecharunt\n|-damage|p1a: Pecharunt|0 fnt\n|faint|p1a: Pecharunt\n|\n|-weather|Sandstorm|[upkeep]\n|-damage|p2a: Tornadus|52/100|[from] Sandstorm\n|upkeep\n|inactive|mightymit has 120 seconds left.\n|\n|t:|1782451388\n|switch|p1a: Iron Valiant|Iron Valiant|100/100\n|-damage|p1a: Iron Valiant|94/100|[from] Stealth Rock\n|-enditem|p1a: Iron Valiant|Booster Energy\n|-activate|p1a: Iron Valiant|ability: Quark Drive|[fromitem]\n|-start|p1a: Iron Valiant|quarkdrivespe\n|turn|12\n|\n|t:|1782451402\n|switch|p2a: Toxapex|Toxapex, F|88/100\n|-damage|p2a: Toxapex|75/100|[from] Stealth Rock\n|move|p1a: Iron Valiant|Calm Mind|p1a: Iron Valiant\n|-boost|p1a: Iron Valiant|spa|1\n|-boost|p1a: Iron Valiant|spd|1\n|\n|-weather|Sandstorm|[upkeep]\n|-damage|p1a: Iron Valiant|88/100|[from] Sandstorm\n|-damage|p2a: Toxapex|69/100|[from] Sandstorm\n|upkeep\n|turn|13\n|\n|t:|1782451409\n|move|p1a: Iron Valiant|Shadow Ball|p2a: Toxapex\n|-damage|p2a: Toxapex|43/100\n|-unboost|p2a: Toxapex|spd|1\n|move|p2a: Toxapex|Toxic|p1a: Iron Valiant\n|-status|p1a: Iron Valiant|tox\n|\n|-weather|none\n|-damage|p1a: Iron Valiant|82/100 tox|[from] psn\n|upkeep\n|turn|14\n|inactive|mightymit has 120 seconds left.\n|\n|t:|1782451430\n|switch|p2a: Tyranitar|Tyranitar, M|39/100\n|-damage|p2a: Tyranitar|27/100|[from] Stealth Rock\n|-weather|Sandstorm|[from] ability: Sand Stream|[of] p2a: Tyranitar\n|move|p1a: Iron Valiant|Shadow Ball|p2a: Tyranitar\n|-resisted|p2a: Tyranitar\n|-damage|p2a: Tyranitar|14/100\n|\n|-weather|Sandstorm|[upkeep]\n|-damage|p1a: Iron Valiant|76/100 tox|[from] Sandstorm\n|-damage|p1a: Iron Valiant|63/100 tox|[from] psn\n|upkeep\n|turn|15\n|\n|t:|1782451434\n|switch|p2a: Toxapex|Toxapex, F|76/100\n|-damage|p2a: Toxapex|64/100|[from] Stealth Rock\n|move|p1a: Iron Valiant|Shadow Ball|p2a: Toxapex\n|-damage|p2a: Toxapex|34/100\n|\n|-weather|Sandstorm|[upkeep]\n|-damage|p1a: Iron Valiant|57/100 tox|[from] Sandstorm\n|-damage|p2a: Toxapex|28/100|[from] Sandstorm\n|-damage|p1a: Iron Valiant|38/100 tox|[from] psn\n|upkeep\n|turn|16\n|inactive|mightymit has 120 seconds left.\n|\n|t:|1782451448\n|switch|p2a: Tyranitar|Tyranitar, M|14/100\n|-damage|p2a: Tyranitar|2/100|[from] Stealth Rock\n|move|p1a: Iron Valiant|Shadow Ball|p2a: Tyranitar\n|-resisted|p2a: Tyranitar\n|-damage|p2a: Tyranitar|0 fnt\n|faint|p2a: Tyranitar\n|\n|-weather|Sandstorm|[upkeep]\n|-damage|p1a: Iron Valiant|32/100 tox|[from] Sandstorm\n|-damage|p1a: Iron Valiant|7/100 tox|[from] psn\n|upkeep\n|\n|t:|1782451451\n|switch|p2a: Excadrill|Excadrill, F|100/100\n|-damage|p2a: Excadrill|97/100|[from] Stealth Rock\n|turn|17\n|\n|t:|1782451455\n|move|p1a: Iron Valiant|Vacuum Wave|p2a: Excadrill\n|-supereffective|p2a: Excadrill\n|-damage|p2a: Excadrill|13/100\n|move|p2a: Excadrill|Rapid Spin|p1a: Iron Valiant\n|-damage|p1a: Iron Valiant|0 fnt\n|-boost|p2a: Excadrill|spe|1\n|-sideend|p2: msean3|Stealth Rock|[from] move: Rapid Spin|[of] p2a: Excadrill\n|faint|p1a: Iron Valiant\n|-end|p1a: Iron Valiant|Quark Drive|[silent]\n|\n|-weather|Sandstorm|[upkeep]\n|-heal|p2a: Excadrill|19/100|[from] item: Leftovers\n|upkeep\n|\n|t:|1782451461\n|switch|p1a: Alomomola|Alomomola, F|98/100\n|-damage|p1a: Alomomola|86/100|[from] Stealth Rock\n|turn|18\n|\n|t:|1782451468\n|switch|p2a: Tornadus|Tornadus-Therian, M|85/100\n|move|p1a: Alomomola|Flip Turn|p2a: Tornadus\n|-damage|p2a: Tornadus|62/100\n|\n|t:|1782451473\n|switch|p1a: Weavile|Weavile, M|88/100|[from] Flip Turn\n|-ability|p1a: Weavile|Pressure\n|\n|-weather|Sandstorm|[upkeep]\n|-damage|p1a: Weavile|82/100|[from] Sandstorm\n|-damage|p2a: Tornadus|56/100|[from] Sandstorm\n|upkeep\n|turn|19\n|\n|t:|1782451487\n|move|p1a: Weavile|Triple Axel|p2a: Tornadus\n|-supereffective|p2a: Tornadus\n|-crit|p2a: Tornadus\n|-damage|p2a: Tornadus|13/100\n|-supereffective|p2a: Tornadus\n|-damage|p2a: Tornadus|0 fnt\n|faint|p2a: Tornadus\n|-hitcount|p2: Tornadus|2\n|\n|-weather|Sandstorm|[upkeep]\n|-damage|p1a: Weavile|76/100|[from] Sandstorm\n|upkeep\n|\n|t:|1782451490\n|switch|p2a: Iron Valiant|Iron Valiant|94/100\n|turn|20\n|\n|t:|1782451501\n|switch|p1a: Alomomola|Alomomola, F|100/100\n|-damage|p1a: Alomomola|88/100|[from] Stealth Rock\n|move|p2a: Iron Valiant|Moonblast|p1a: Alomomola\n|-damage|p1a: Alomomola|49/100\n|\n|-weather|Sandstorm|[upkeep]\n|-damage|p2a: Iron Valiant|88/100|[from] Sandstorm\n|-damage|p1a: Alomomola|43/100|[from] Sandstorm\n|upkeep\n|turn|21\n|\n|t:|1782451512\n|move|p2a: Iron Valiant|Moonblast|p1a: Alomomola\n|-damage|p1a: Alomomola|4/100\n|move|p1a: Alomomola|Flip Turn|p2a: Iron Valiant\n|-damage|p2a: Iron Valiant|65/100\n|inactive|mightymit has 120 seconds left.\n|\n|t:|1782451541\n|switch|p1a: Landorus|Landorus-Therian, M|100/100|[from] Flip Turn\n|-damage|p1a: Landorus|88/100|[from] Stealth Rock\n|-ability|p1a: Landorus|Intimidate|boost\n|-unboost|p2a: Iron Valiant|atk|1\n|\n|-weather|none\n|upkeep\n|turn|22\n|\n|t:|1782451546\n|move|p2a: Iron Valiant|Moonblast|p1a: Landorus\n|-damage|p1a: Landorus|0 fnt\n|faint|p1a: Landorus\n|\n|upkeep\n|\n|t:|1782451552\n|switch|p1a: Regieleki|Regieleki|100/100\n|-damage|p1a: Regieleki|88/100|[from] Stealth Rock\n|turn|23\n|inactive|mightymit has 120 seconds left.\n|\n|t:|1782451591\n|move|p1a: Regieleki|Volt Switch|p2a: Iron Valiant\n|-damage|p2a: Iron Valiant|0 fnt\n|faint|p2a: Iron Valiant\n|-end|p2a: Iron Valiant|Quark Drive|[silent]\n|\n|t:|1782451601\n|switch|p1a: Weavile|Weavile, M|76/100|[from] Volt Switch\n|-ability|p1a: Weavile|Pressure\n|\n|upkeep\n|\n|t:|1782451607\n|switch|p2a: Toxapex|Toxapex, F|61/100\n|turn|24\n|\n|t:|1782451612\n|switch|p1a: Alomomola|Alomomola, F|38/100\n|-damage|p1a: Alomomola|25/100|[from] Stealth Rock\n|move|p2a: Toxapex|Recover|p2a: Toxapex\n|-heal|p2a: Toxapex|100/100\n|\n|upkeep\n|turn|25\n|\n|t:|1782451638\n|move|p1a: Alomomola|Flip Turn|p2a: Toxapex\n|-resisted|p2a: Toxapex\n|-damage|p2a: Toxapex|95/100\n|\n|t:|1782451650\n|switch|p1a: Regieleki|Regieleki|88/100|[from] Flip Turn\n|-damage|p1a: Regieleki|76/100|[from] Stealth Rock\n|move|p2a: Toxapex|Toxic|p1a: Regieleki\n|-status|p1a: Regieleki|tox\n|\n|-damage|p1a: Regieleki|70/100 tox|[from] psn\n|upkeep\n|turn|26\n|\n|t:|1782451664\n|move|p1a: Regieleki|Thunderbolt|p2a: Toxapex\n|-supereffective|p2a: Toxapex\n|-damage|p2a: Toxapex|0 fnt\n|faint|p2a: Toxapex\n|\n|-damage|p1a: Regieleki|58/100 tox|[from] psn\n|upkeep\n|\n|t:|1782451674\n|switch|p2a: Excadrill|Excadrill, F|19/100\n|turn|27\n|inactive|mightymit has 120 seconds left.\n|\n|t:|1782451695\n|move|p1a: Regieleki|Thunderbolt|p2a: Excadrill\n|-immune|p2a: Excadrill\n|move|p2a: Excadrill|Rapid Spin|p1a: Regieleki\n|-damage|p1a: Regieleki|19/100 tox\n|-boost|p2a: Excadrill|spe|1\n|\n|-heal|p2a: Excadrill|25/100|[from] item: Leftovers\n|-damage|p1a: Regieleki|1/100 tox|[from] psn\n|upkeep\n|turn|28\n|\n|t:|1782451700\n|move|p1a: Regieleki|Thunderbolt|p2a: Excadrill\n|-immune|p2a: Excadrill\n|move|p2a: Excadrill|Rapid Spin|p1a: Regieleki\n|-damage|p1a: Regieleki|0 fnt\n|-boost|p2a: Excadrill|spe|1\n|faint|p1a: Regieleki\n|\n|-heal|p2a: Excadrill|31/100|[from] item: Leftovers\n|upkeep\n|\n|t:|1782451708\n|switch|p1a: Alomomola|Alomomola, F|59/100\n|-damage|p1a: Alomomola|46/100|[from] Stealth Rock\n|turn|29\n|\n|t:|1782451712\n|move|p2a: Excadrill|Earthquake|p1a: Alomomola\n|-damage|p1a: Alomomola|5/100\n|move|p1a: Alomomola|Flip Turn|p2a: Excadrill\n|-supereffective|p2a: Excadrill\n|-damage|p2a: Excadrill|0 fnt\n|faint|p2a: Excadrill\n|\n|t:|1782451715\n|switch|p1a: Weavile|Weavile, M|76/100|[from] Flip Turn\n|-ability|p1a: Weavile|Pressure\n|\n|upkeep\n|\n|t:|1782451724\n|switch|p2a: Ogerpon|Ogerpon-Cornerstone, F|100/100\n|turn|30\n|inactive|mightymit has 120 seconds left.\n|\n|t:|1782451749\n|-terastallize|p1a: Weavile|Ghost\n|-terastallize|p2a: Ogerpon|Rock\n|detailschange|p2a: Ogerpon|Ogerpon-Cornerstone-Tera, F, tera:Rock\n|-ability|p2a: Ogerpon|Embody Aspect (Cornerstone)|boost\n|-boost|p2a: Ogerpon|def|1\n|move|p1a: Weavile|Triple Axel|p2a: Ogerpon\n|-damage|p2a: Ogerpon|91/100\n|-damage|p2a: Ogerpon|73/100\n|-damage|p2a: Ogerpon|47/100\n|-hitcount|p2a: Ogerpon|3\n|move|p2a: Ogerpon|Ivy Cudgel|p1a: Weavile|[anim] Ivy Cudgel Rock\n|-damage|p1a: Weavile|0 fnt\n|faint|p1a: Weavile\n|\n|upkeep\n|inactive|mightymit has 120 seconds left.\n|\n|t:|1782451762\n|switch|p1a: Alomomola|Alomomola, F|38/100\n|-damage|p1a: Alomomola|26/100|[from] Stealth Rock\n|turn|31\n|inactive|mightymit has 120 seconds left.\n|\n|t:|1782451770\n|move|p2a: Ogerpon|Ivy Cudgel|p1a: Alomomola|[anim] Ivy Cudgel Rock\n|-damage|p1a: Alomomola|0 fnt\n|faint|p1a: Alomomola\n|\n|win|msean3\n|raw|mightymit's rating: 1450 &rarr; <strong>1434</strong><br />(-16 for losing)\n|raw|msean3's rating: 1521 &rarr; <strong>1537</strong><br />(+16 for winning)\n|l|☆mightymit\n|player|p1|\n|l|‽msean3\n|player|p2|\n", "uploadtime": 1782451929, "views": 1, "formatid": "gen9ou", "rating": 1434, "private": 0, "password": null}