{"id": "gen9ou-2639310714", "format": "[Gen 9] OU", "players": ["moonlit meadows", "StarDio"], "log": "|j|‽moonlit meadows\n|j|☆StarDio\n|t:|1782450634\n|gametype|singles\n|player|p1|moonlit meadows|bellelba|1637\n|player|p2|StarDio|workerice|1580\n|gen|9\n|tier|[Gen 9] OU\n|rated|\n|rule|HP Percentage Mod: HP is shown in percentages\n|rule|Endless Battle Clause: Forcing endless battles is banned\n|rule|Species Clause: Limit one of each Pokémon\n|rule|OHKO Clause: OHKO moves are banned\n|rule|Evasion Items Clause: Evasion items are banned\n|rule|Evasion Moves Clause: Evasion moves are banned\n|rule|Evasion Abilities Clause: Evasion abilities are banned\n|rule|Sleep Moves Clause: Sleep-inducing moves are banned\n|clearpoke\n|poke|p1|Clodsire, M|\n|poke|p1|Toxapex, F|\n|poke|p1|Corviknight, F|\n|poke|p1|Dondozo, F|\n|poke|p1|Clefable, F|\n|poke|p1|Gliscor, M|\n|poke|p2|Weavile, F|\n|poke|p2|Moltres|\n|poke|p2|Hoopa-Unbound|\n|poke|p2|Enamorus, F|\n|poke|p2|Iron Treads|\n|poke|p2|Ogerpon-Wellspring, F|\n|teampreview\n|inactive|Battle timer is ON: inactive players will automatically lose when time's up. (requested by moonlit meadows)\n|inactive|StarDio also wants the timer to be on.\n|\n|t:|1782450642\n|teamsize|p1|6\n|teamsize|p2|6\n|start\n|switch|p1a: Toxapex|Toxapex, F|100/100\n|switch|p2a: Weavile|Weavile, F|100/100\n|-ability|p2a: Weavile|Pressure\n|turn|1\n|\n|t:|1782450647\n|switch|p2a: Iron Treads|Iron Treads|100/100\n|move|p1a: Toxapex|Baneful Bunker||[still]\n|-fail|p1a: Toxapex\n|\n|upkeep\n|turn|2\n|\n|t:|1782450652\n|switch|p1a: Corviknight|Corviknight, F|100/100\n|-ability|p1a: Corviknight|Pressure\n|move|p2a: Iron Treads|Stealth Rock|p1a: Corviknight\n|-sidestart|p1: moonlit meadows|move: Stealth Rock\n|\n|upkeep\n|turn|3\n|\n|t:|1782450659\n|-end|p2a: Iron Treads|Quark Drive|[silent]\n|switch|p2a: Moltres|Moltres, shiny|100/100\n|move|p1a: Corviknight|Defog|p2a: Moltres\n|-unboost|p2a: Moltres|evasion|1\n|-sideend|p1: moonlit meadows|Stealth Rock|[from] move: Defog|[of] p1a: Corviknight\n|\n|upkeep\n|turn|4\n|\n|t:|1782450662\n|switch|p1a: Gliscor|Gliscor, M|100/100\n|move|p2a: Moltres|Will-O-Wisp|p1a: Gliscor\n|-status|p1a: Gliscor|brn\n|\n|-damage|p1a: Gliscor|94/100 brn|[from] brn\n|upkeep\n|turn|5\n|\n|t:|1782450678\n|switch|p2a: Iron Treads|Iron Treads|100/100\n|move|p1a: Gliscor|Toxic|p2a: Iron Treads\n|-immune|p2a: Iron Treads\n|\n|-damage|p1a: Gliscor|88/100 brn|[from] brn\n|upkeep\n|turn|6\n|\n|t:|1782450683\n|move|p2a: Iron Treads|Stealth Rock|p1a: Gliscor\n|-sidestart|p1: moonlit meadows|move: Stealth Rock\n|move|p1a: Gliscor|Knock Off|p2a: Iron Treads\n|-damage|p2a: Iron Treads|91/100\n|-enditem|p2a: Iron Treads|Occa Berry|[from] move: Knock Off|[of] p1a: Gliscor\n|\n|-damage|p1a: Gliscor|82/100 brn|[from] brn\n|upkeep\n|turn|7\n|\n|t:|1782450687\n|switch|p1a: Corviknight|Corviknight, F|100/100\n|-damage|p1a: Corviknight|88/100|[from] Stealth Rock\n|-ability|p1a: Corviknight|Pressure\n|move|p2a: Iron Treads|Heavy Slam|p1a: Corviknight\n|-resisted|p1a: Corviknight\n|-damage|p1a: Corviknight|71/100\n|\n|-heal|p1a: Corviknight|78/100|[from] item: Leftovers\n|upkeep\n|turn|8\n|\n|t:|1782450694\n|-end|p2a: Iron Treads|Quark Drive|[silent]\n|switch|p2a: Moltres|Moltres, shiny|100/100\n|move|p1a: Corviknight|Defog|p2a: Moltres\n|-unboost|p2a: Moltres|evasion|1\n|-sideend|p1: moonlit meadows|Stealth Rock|[from] move: Defog|[of] p1a: Corviknight\n|\n|-heal|p1a: Corviknight|84/100|[from] item: Leftovers\n|upkeep\n|turn|9\n|\n|t:|1782450696\n|move|p1a: Corviknight|Protect|p1a: Corviknight\n|-singleturn|p1a: Corviknight|Protect\n|move|p2a: Moltres|Will-O-Wisp|p1a: Corviknight\n|-activate|p1a: Corviknight|move: Protect\n|\n|-heal|p1a: Corviknight|90/100|[from] item: Leftovers\n|upkeep\n|turn|10\n|\n|t:|1782450705\n|switch|p1a: Clefable|Clefable, F|100/100\n|move|p2a: Moltres|Will-O-Wisp|p1a: Clefable\n|-status|p1a: Clefable|brn\n|\n|upkeep\n|turn|11\n|\n|t:|1782450708\n|move|p2a: Moltres|U-turn|p1a: Clefable\n|-resisted|p1a: Clefable\n|-damage|p1a: Clefable|95/100 brn\n|\n|t:|1782450717\n|switch|p2a: Iron Treads|Iron Treads|91/100|[from] U-turn\n|move|p1a: Clefable|Stealth Rock|p2a: Iron Treads\n|-sidestart|p2: StarDio|move: Stealth Rock\n|\n|upkeep\n|turn|12\n|\n|t:|1782450726\n|switch|p1a: Corviknight|Corviknight, F|90/100\n|-ability|p1a: Corviknight|Pressure\n|move|p2a: Iron Treads|Rapid Spin|p1a: Corviknight\n|-resisted|p1a: Corviknight\n|-damage|p1a: Corviknight|84/100\n|-boost|p2a: Iron Treads|spe|1\n|-sideend|p2: StarDio|Stealth Rock|[from] move: Rapid Spin|[of] p2a: Iron Treads\n|\n|-heal|p1a: Corviknight|90/100|[from] item: Leftovers\n|upkeep\n|turn|13\n|\n|t:|1782450732\n|switch|p1a: Clefable|Clefable, F|95/100 brn\n|move|p2a: Iron Treads|Stealth Rock|p1a: Clefable\n|-sidestart|p1: moonlit meadows|move: Stealth Rock\n|\n|upkeep\n|turn|14\n|\n|t:|1782450740\n|switch|p1a: Corviknight|Corviknight, F|90/100\n|-damage|p1a: Corviknight|78/100|[from] Stealth Rock\n|-ability|p1a: Corviknight|Pressure\n|move|p2a: Iron Treads|Heavy Slam|p1a: Corviknight\n|-resisted|p1a: Corviknight\n|-damage|p1a: Corviknight|61/100\n|\n|-heal|p1a: Corviknight|67/100|[from] item: Leftovers\n|upkeep\n|turn|15\n|\n|t:|1782450744\n|-end|p2a: Iron Treads|Quark Drive|[silent]\n|switch|p2a: Moltres|Moltres, shiny|100/100\n|move|p1a: Corviknight|Defog|p2a: Moltres\n|-unboost|p2a: Moltres|evasion|1\n|-sideend|p1: moonlit meadows|Stealth Rock|[from] move: Defog|[of] p1a: Corviknight\n|\n|-heal|p1a: Corviknight|74/100|[from] item: Leftovers\n|upkeep\n|turn|16\n|\n|t:|1782450748\n|switch|p1a: Clefable|Clefable, F|95/100 brn\n|move|p2a: Moltres|Will-O-Wisp|p1a: Clefable\n|-fail|p1a: Clefable|brn\n|\n|upkeep\n|turn|17\n|\n|t:|1782450751\n|move|p2a: Moltres|Flamethrower|p1a: Clefable\n|-damage|p1a: Clefable|58/100 brn\n|move|p1a: Clefable|Stealth Rock|p2a: Moltres\n|-sidestart|p2: StarDio|move: Stealth Rock\n|\n|upkeep\n|turn|18\n|\n|t:|1782450755\n|move|p2a: Moltres|Flamethrower|p1a: Clefable\n|-damage|p1a: Clefable|22/100 brn\n|move|p1a: Clefable|Moonlight|p1a: Clefable\n|-heal|p1a: Clefable|72/100 brn\n|\n|upkeep\n|turn|19\n|\n|t:|1782450757\n|move|p2a: Moltres|U-turn|p1a: Clefable\n|-resisted|p1a: Clefable\n|-damage|p1a: Clefable|67/100 brn\n|\n|t:|1782450759\n|switch|p2a: Iron Treads|Iron Treads|91/100|[from] U-turn\n|-damage|p2a: Iron Treads|88/100|[from] Stealth Rock\n|move|p1a: Clefable|Knock Off|p2a: Iron Treads\n|-damage|p2a: Iron Treads|83/100\n|\n|upkeep\n|turn|20\n|\n|t:|1782450766\n|switch|p1a: Corviknight|Corviknight, F|74/100\n|-ability|p1a: Corviknight|Pressure\n|move|p2a: Iron Treads|Rapid Spin|p1a: Corviknight\n|-resisted|p1a: Corviknight\n|-damage|p1a: Corviknight|67/100\n|-boost|p2a: Iron Treads|spe|1\n|-sideend|p2: StarDio|Stealth Rock|[from] move: Rapid Spin|[of] p2a: Iron Treads\n|\n|-heal|p1a: Corviknight|74/100|[from] item: Leftovers\n|upkeep\n|turn|21\n|\n|t:|1782450775\n|-end|p2a: Iron Treads|Quark Drive|[silent]\n|switch|p2a: Moltres|Moltres, shiny|100/100\n|switch|p1a: Gliscor|Gliscor, M|82/100 brn\n|\n|-damage|p1a: Gliscor|75/100 brn|[from] brn\n|upkeep\n|turn|22\n|\n|t:|1782450784\n|switch|p2a: Iron Treads|Iron Treads|83/100\n|move|p1a: Gliscor|Knock Off|p2a: Iron Treads\n|-damage|p2a: Iron Treads|77/100\n|\n|-damage|p1a: Gliscor|69/100 brn|[from] brn\n|upkeep\n|turn|23\n|\n|t:|1782450796\n|switch|p1a: Corviknight|Corviknight, F|74/100\n|-ability|p1a: Corviknight|Pressure\n|move|p2a: Iron Treads|Stealth Rock|p1a: Corviknight\n|-sidestart|p1: moonlit meadows|move: Stealth Rock\n|\n|-heal|p1a: Corviknight|80/100|[from] item: Leftovers\n|upkeep\n|turn|24\n|\n|t:|1782450806\n|-end|p2a: Iron Treads|Quark Drive|[silent]\n|switch|p2a: Moltres|Moltres, shiny|100/100\n|move|p1a: Corviknight|Defog|p2a: Moltres\n|-unboost|p2a: Moltres|evasion|1\n|-sideend|p1: moonlit meadows|Stealth Rock|[from] move: Defog|[of] p1a: Corviknight\n|\n|-heal|p1a: Corviknight|86/100|[from] item: Leftovers\n|upkeep\n|turn|25\n|\n|t:|1782450815\n|switch|p1a: Toxapex|Toxapex, F|100/100\n|move|p2a: Moltres|Flamethrower|p1a: Toxapex\n|-resisted|p1a: Toxapex\n|-crit|p1a: Toxapex\n|-damage|p1a: Toxapex|75/100\n|\n|-heal|p1a: Toxapex|81/100|[from] item: Leftovers\n|upkeep\n|turn|26\n|\n|t:|1782450821\n|move|p2a: Moltres|Will-O-Wisp|p1a: Toxapex\n|-status|p1a: Toxapex|brn\n|move|p1a: Toxapex|Toxic|p2a: Moltres\n|-status|p2a: Moltres|tox\n|\n|-heal|p1a: Toxapex|88/100 brn|[from] item: Leftovers\n|-damage|p2a: Moltres|94/100 tox|[from] psn\n|-damage|p1a: Toxapex|81/100 brn|[from] brn\n|upkeep\n|turn|27\n|\n|t:|1782450825\n|switch|p2a: Iron Treads|Iron Treads|77/100\n|move|p1a: Toxapex|Baneful Bunker||[still]\n|-fail|p1a: Toxapex\n|\n|-heal|p1a: Toxapex|88/100 brn|[from] item: Leftovers\n|-damage|p1a: Toxapex|81/100 brn|[from] brn\n|upkeep\n|turn|28\n|\n|t:|1782450827\n|switch|p1a: Corviknight|Corviknight, F|86/100\n|-ability|p1a: Corviknight|Pressure\n|move|p2a: Iron Treads|Earthquake|p1a: Corviknight\n|-immune|p1a: Corviknight\n|\n|-heal|p1a: Corviknight|92/100|[from] item: Leftovers\n|upkeep\n|turn|29\n|\n|t:|1782450838\n|-end|p2a: Iron Treads|Quark Drive|[silent]\n|switch|p2a: Moltres|Moltres, shiny|94/100 tox\n|switch|p1a: Clefable|Clefable, F|67/100 brn\n|\n|-damage|p2a: Moltres|88/100 tox|[from] psn\n|upkeep\n|turn|30\n|\n|t:|1782450845\n|move|p2a: Moltres|Flamethrower|p1a: Clefable\n|-damage|p1a: Clefable|29/100 brn\n|move|p1a: Clefable|Moonlight|p1a: Clefable\n|-heal|p1a: Clefable|79/100 brn\n|\n|-damage|p2a: Moltres|76/100 tox|[from] psn\n|upkeep\n|turn|31\n|inactive|moonlit meadows has 120 seconds left.\n|\n|t:|1782450878\n|move|p2a: Moltres|U-turn|p1a: Clefable\n|-resisted|p1a: Clefable\n|-damage|p1a: Clefable|73/100 brn\n|\n|t:|1782450881\n|switch|p2a: Iron Treads|Iron Treads|77/100|[from] U-turn\n|move|p1a: Clefable|Stealth Rock|p2a: Iron Treads\n|-sidestart|p2: StarDio|move: Stealth Rock\n|\n|upkeep\n|turn|32\n|\n|t:|1782450889\n|switch|p1a: Corviknight|Corviknight, F|92/100\n|-ability|p1a: Corviknight|Pressure\n|move|p2a: Iron Treads|Rapid Spin|p1a: Corviknight\n|-resisted|p1a: Corviknight\n|-damage|p1a: Corviknight|87/100\n|-boost|p2a: Iron Treads|spe|1\n|-sideend|p2: StarDio|Stealth Rock|[from] move: Rapid Spin|[of] p2a: Iron Treads\n|\n|-heal|p1a: Corviknight|93/100|[from] item: Leftovers\n|upkeep\n|turn|33\n|\n|t:|1782450896\n|move|p1a: Corviknight|Protect|p1a: Corviknight\n|-singleturn|p1a: Corviknight|Protect\n|move|p2a: Iron Treads|Stealth Rock|p1a: Corviknight\n|-sidestart|p1: moonlit meadows|move: Stealth Rock\n|\n|-heal|p1a: Corviknight|99/100|[from] item: Leftovers\n|upkeep\n|turn|34\n|\n|t:|1782450906\n|-end|p2a: Iron Treads|Quark Drive|[silent]\n|switch|p2a: Moltres|Moltres, shiny|76/100 tox\n|move|p1a: Corviknight|Defog|p2a: Moltres\n|-unboost|p2a: Moltres|evasion|1\n|-sideend|p1: moonlit meadows|Stealth Rock|[from] move: Defog|[of] p1a: Corviknight\n|\n|-heal|p1a: Corviknight|100/100|[from] item: Leftovers\n|-damage|p2a: Moltres|70/100 tox|[from] psn\n|upkeep\n|turn|35\n|\n|t:|1782450916\n|switch|p1a: Clefable|Clefable, F|73/100 brn\n|move|p2a: Moltres|U-turn|p1a: Clefable\n|-resisted|p1a: Clefable\n|-damage|p1a: Clefable|67/100 brn\n|\n|t:|1782450920\n|switch|p2a: Number 1|Hoopa-Unbound|100/100|[from] U-turn\n|\n|upkeep\n|turn|36\n|\n|t:|1782450930\n|move|p2a: Number 1|Psychic Noise|p1a: Clefable\n|-damage|p1a: Clefable|23/100 brn\n|-start|p1a: Clefable|move: Heal Block\n|move|p1a: Clefable|Moonblast|p2a: Number 1\n|-supereffective|p2a: Number 1\n|-damage|p2a: Number 1|71/100\n|\n|upkeep\n|turn|37\n|\n|t:|1782450941\n|move|p2a: Number 1|Thunderbolt|p1a: Clefable\n|-damage|p1a: Clefable|0 fnt\n|faint|p1a: Clefable\n|\n|upkeep\n|\n|t:|1782450944\n|switch|p1a: Toxapex|Toxapex, F|100/100 brn\n|turn|38\n|\n|t:|1782450949\n|switch|p2a: Iron Treads|Iron Treads|77/100\n|move|p1a: Toxapex|Toxic|p2a: Iron Treads\n|-immune|p2a: Iron Treads\n|\n|-damage|p1a: Toxapex|94/100 brn|[from] brn\n|upkeep\n|turn|39\n|\n|t:|1782450951\n|switch|p1a: Corviknight|Corviknight, F|100/100\n|-ability|p1a: Corviknight|Pressure\n|move|p2a: Iron Treads|Stealth Rock|p1a: Corviknight\n|-sidestart|p1: moonlit meadows|move: Stealth Rock\n|\n|upkeep\n|turn|40\n|\n|t:|1782450957\n|-end|p2a: Iron Treads|Quark Drive|[silent]\n|switch|p2a: Moltres|Moltres, shiny|70/100 tox\n|move|p1a: Corviknight|Defog|p2a: Moltres\n|-unboost|p2a: Moltres|evasion|1\n|-sideend|p1: moonlit meadows|Stealth Rock|[from] move: Defog|[of] p1a: Corviknight\n|\n|-damage|p2a: Moltres|64/100 tox|[from] psn\n|upkeep\n|turn|41\n|\n|t:|1782450961\n|switch|p1a: Gliscor|Gliscor, M|69/100 brn\n|move|p2a: Moltres|U-turn|p1a: Gliscor\n|-resisted|p1a: Gliscor\n|-damage|p1a: Gliscor|63/100 brn\n|\n|t:|1782450967\n|switch|p2a: Weavile|Weavile, F|100/100|[from] U-turn\n|-ability|p2a: Weavile|Pressure\n|\n|-damage|p1a: Gliscor|57/100 brn|[from] brn\n|upkeep\n|turn|42\n|\n|t:|1782450973\n|move|p2a: Weavile|Knock Off|p1a: Gliscor\n|-damage|p1a: Gliscor|0 fnt\n|-enditem|p1a: Gliscor|Toxic Orb|[from] move: Knock Off|[of] p2a: Weavile\n|faint|p1a: Gliscor\n|\n|upkeep\n|\n|t:|1782450976\n|switch|p1a: Toxapex|Toxapex, F|100/100 brn\n|turn|43\n|\n|t:|1782450979\n|switch|p2a: Iron Treads|Iron Treads|77/100\n|move|p1a: Toxapex|Baneful Bunker||[still]\n|-fail|p1a: Toxapex\n|\n|-damage|p1a: Toxapex|94/100 brn|[from] brn\n|upkeep\n|turn|44\n|\n|t:|1782450982\n|switch|p1a: Corviknight|Corviknight, F|100/100\n|-ability|p1a: Corviknight|Pressure\n|move|p2a: Iron Treads|Stealth Rock|p1a: Corviknight\n|-sidestart|p1: moonlit meadows|move: Stealth Rock\n|\n|upkeep\n|turn|45\n|\n|t:|1782450987\n|-end|p2a: Iron Treads|Quark Drive|[silent]\n|switch|p2a: Moltres|Moltres, shiny|64/100 tox\n|move|p1a: Corviknight|Defog|p2a: Moltres\n|-unboost|p2a: Moltres|evasion|1\n|-sideend|p1: moonlit meadows|Stealth Rock|[from] move: Defog|[of] p1a: Corviknight\n|\n|-damage|p2a: Moltres|58/100 tox|[from] psn\n|upkeep\n|turn|46\n|\n|t:|1782450994\n|move|p1a: Corviknight|Protect|p1a: Corviknight\n|-singleturn|p1a: Corviknight|Protect\n|move|p2a: Moltres|U-turn|p1a: Corviknight\n|-activate|p1a: Corviknight|move: Protect\n|\n|-damage|p2a: Moltres|46/100 tox|[from] psn\n|upkeep\n|turn|47\n|\n|t:|1782450998\n|switch|p1a: Toxapex|Toxapex, F|100/100 brn\n|move|p2a: Moltres|Flamethrower|p1a: Toxapex\n|-resisted|p1a: Toxapex\n|-damage|p1a: Toxapex|86/100 brn\n|\n|-heal|p1a: Toxapex|93/100 brn|[from] item: Leftovers\n|-damage|p2a: Moltres|28/100 tox|[from] psn\n|-damage|p1a: Toxapex|86/100 brn|[from] brn\n|upkeep\n|turn|48\n|\n|t:|1782451002\n|switch|p2a: Iron Treads|Iron Treads|77/100\n|move|p1a: Toxapex|Baneful Bunker||[still]\n|-fail|p1a: Toxapex\n|\n|-heal|p1a: Toxapex|93/100 brn|[from] item: Leftovers\n|-damage|p1a: Toxapex|86/100 brn|[from] brn\n|upkeep\n|turn|49\n|\n|t:|1782451005\n|switch|p1a: Corviknight|Corviknight, F|100/100\n|-ability|p1a: Corviknight|Pressure\n|move|p2a: Iron Treads|Stealth Rock|p1a: Corviknight\n|-sidestart|p1: moonlit meadows|move: Stealth Rock\n|\n|upkeep\n|turn|50\n|\n|t:|1782451014\n|-end|p2a: Iron Treads|Quark Drive|[silent]\n|switch|p2a: Moltres|Moltres, shiny|28/100 tox\n|move|p1a: Corviknight|Defog|p2a: Moltres\n|-unboost|p2a: Moltres|evasion|1\n|-sideend|p1: moonlit meadows|Stealth Rock|[from] move: Defog|[of] p1a: Corviknight\n|\n|-damage|p2a: Moltres|22/100 tox|[from] psn\n|upkeep\n|turn|51\n|\n|t:|1782451020\n|move|p1a: Corviknight|Protect|p1a: Corviknight\n|-singleturn|p1a: Corviknight|Protect\n|move|p2a: Moltres|Roost|p2a: Moltres\n|-heal|p2a: Moltres|73/100 tox\n|-singleturn|p2a: Moltres|move: Roost\n|\n|-damage|p2a: Moltres|61/100 tox|[from] psn\n|upkeep\n|turn|52\n|\n|t:|1782451023\n|switch|p1a: Toxapex|Toxapex, F|100/100 brn\n|move|p2a: Moltres|U-turn|p1a: Toxapex\n|-resisted|p1a: Toxapex\n|-damage|p1a: Toxapex|96/100 brn\n|\n|t:|1782451032\n|switch|p2a: Iron Treads|Iron Treads|77/100|[from] U-turn\n|\n|-heal|p1a: Toxapex|100/100 brn|[from] item: Leftovers\n|-damage|p1a: Toxapex|94/100 brn|[from] brn\n|upkeep\n|turn|53\n|\n|t:|1782451036\n|switch|p1a: Corviknight|Corviknight, F|100/100\n|-ability|p1a: Corviknight|Pressure\n|move|p2a: Iron Treads|Stealth Rock|p1a: Corviknight\n|-sidestart|p1: moonlit meadows|move: Stealth Rock\n|\n|upkeep\n|turn|54\n|\n|t:|1782451039\n|-end|p2a: Iron Treads|Quark Drive|[silent]\n|switch|p2a: Moltres|Moltres, shiny|61/100 tox\n|move|p1a: Corviknight|Defog|p2a: Moltres\n|-unboost|p2a: Moltres|evasion|1\n|-sideend|p1: moonlit meadows|Stealth Rock|[from] move: Defog|[of] p1a: Corviknight\n|\n|-damage|p2a: Moltres|55/100 tox|[from] psn\n|upkeep\n|turn|55\n|\n|t:|1782451044\n|move|p2a: Moltres|Roost|p2a: Moltres\n|-heal|p2a: Moltres|100/100 tox\n|-singleturn|p2a: Moltres|move: Roost\n|move|p1a: Corviknight|Brave Bird|p2a: Moltres\n|-damage|p2a: Moltres|75/100 tox\n|-damage|p1a: Corviknight|92/100|[from] Recoil\n|\n|-heal|p1a: Corviknight|99/100|[from] item: Leftovers\n|-damage|p2a: Moltres|63/100 tox|[from] psn\n|upkeep\n|turn|56\n|j| thing maker\n|\n|t:|1782451049\n|move|p1a: Corviknight|Protect|p1a: Corviknight\n|-singleturn|p1a: Corviknight|Protect\n|move|p2a: Moltres|U-turn|p1a: Corviknight\n|-activate|p1a: Corviknight|move: Protect\n|\n|-heal|p1a: Corviknight|100/100|[from] item: Leftovers\n|-damage|p2a: Moltres|45/100 tox|[from] psn\n|upkeep\n|turn|57\n|\n|t:|1782451055\n|move|p2a: Moltres|Roost|p2a: Moltres\n|-heal|p2a: Moltres|96/100 tox\n|-singleturn|p2a: Moltres|move: Roost\n|move|p1a: Corviknight|Brave Bird|p2a: Moltres\n|-damage|p2a: Moltres|70/100 tox\n|-status|p1a: Corviknight|brn|[from] ability: Flame Body|[of] p2a: Moltres\n|-damage|p1a: Corviknight|92/100 brn|[from] Recoil\n|\n|-heal|p1a: Corviknight|99/100 brn|[from] item: Leftovers\n|-damage|p2a: Moltres|46/100 tox|[from] psn\n|-damage|p1a: Corviknight|92/100 brn|[from] brn\n|upkeep\n|turn|58\n|-message|moonlit meadows forfeited.\n|\n|win|StarDio\n|raw|moonlit meadows's rating: 1637 &rarr; <strong>1614</strong><br />(-23 for losing)\n|raw|StarDio's rating: 1580 &rarr; <strong>1603</strong><br />(+23 for winning)\n|l|☆StarDio\n|player|p2|\n", "uploadtime": 1782451156, "views": 10, "formatid": "gen9ou", "rating": 1603, "private": 0, "password": null}