{"id": "gen9ou-2540799865", "format": "[Gen 9] OU", "players": ["Dhoom Again", "Af Lele.Tomas"], "log": "|j|☆Dhoom Again\n|j|☆Af Lele.Tomas\n|t:|1771255313\n|gametype|singles\n|player|p1|Dhoom Again|argenta|1576\n|player|p2|Af Lele.Tomas|nate|1607\n|gen|9\n|tier|[Gen 9] OU\n|rated|\n|rule|HP Percentage Mod: HP is shown in percentages\n|rule|Endless Battle Clause: Forcing endless battles is banned\n|rule|Species Clause: Limit one of each Pokémon\n|rule|OHKO Clause: OHKO moves are banned\n|rule|Evasion Items Clause: Evasion items are banned\n|rule|Evasion Moves Clause: Evasion moves are banned\n|rule|Evasion Abilities Clause: Evasion abilities are banned\n|rule|Sleep Moves Clause: Sleep-inducing moves are banned\n|clearpoke\n|poke|p1|Grimmsnarl, M|\n|poke|p1|Gholdengo|\n|poke|p1|Garchomp, F|\n|poke|p1|Primarina, F|\n|poke|p1|Ogerpon, F|\n|poke|p1|Ceruledge, M|\n|poke|p2|Indeedee, M|\n|poke|p2|Armarouge, M|\n|poke|p2|Iron Treads|\n|poke|p2|Polteageist|\n|poke|p2|Hatterene, F|\n|poke|p2|Kyurem|\n|teampreview\n|inactive|Battle timer is ON: inactive players will automatically lose when time's up. (requested by Af Lele.Tomas)\n|inactive|Dhoom Again has 120 seconds left.\n|\n|t:|1771255364\n|teamsize|p1|6\n|teamsize|p2|6\n|start\n|switch|p1a: PataPataPatapon|Ogerpon, F|100/100\n|switch|p2a: Indeedee|Indeedee, M|100/100\n|-fieldstart|move: Psychic Terrain|[from] ability: Psychic Surge|[of] p2a: Indeedee\n|turn|1\n|\n|t:|1771255374\n|switch|p2a: Hatterene|Hatterene, F|100/100\n|move|p1a: PataPataPatapon|Knock Off|p2a: Hatterene\n|-damage|p2a: Hatterene|73/100\n|-enditem|p2a: Hatterene|Eject Button|[from] move: Knock Off|[of] p1a: PataPataPatapon\n|\n|upkeep\n|turn|2\n|inactive|Dhoom Again has 120 seconds left.\n|\n|t:|1771255408\n|switch|p1a: Cielo|Gholdengo|100/100\n|move|p2a: Hatterene|Nuzzle|p1a: Cielo\n|-damage|p1a: Cielo|96/100\n|-status|p1a: Cielo|par\n|\n|upkeep\n|turn|3\n|\n|t:|1771255415\n|switch|p2a: Iron Treads|Iron Treads|100/100\n|-enditem|p2a: Iron Treads|Booster Energy\n|-activate|p2a: Iron Treads|ability: Quark Drive|[fromitem]\n|-start|p2a: Iron Treads|quarkdrivespe\n|move|p1a: Cielo|Make It Rain|p2a: Iron Treads\n|-resisted|p2a: Iron Treads\n|-crit|p2a: Iron Treads\n|-damage|p2a: Iron Treads|0 fnt\n|-unboost|p1a: Cielo|spa|1\n|faint|p2a: Iron Treads\n|-end|p2a: Iron Treads|Quark Drive|[silent]\n|\n|upkeep\n|\n|t:|1771255430\n|switch|p2a: Polteageist|Polteageist|100/100\n|turn|4\n|inactive|Dhoom Again has 120 seconds left.\n|inactive|Dhoom Again has 90 seconds left.\n|\n|t:|1771255487\n|switch|p1a: PataPataPatapon|Ogerpon, F|100/100\n|move|p2a: Polteageist|Shell Smash|p2a: Polteageist\n|-unboost|p2a: Polteageist|def|1\n|-unboost|p2a: Polteageist|spd|1\n|-boost|p2a: Polteageist|atk|2\n|-boost|p2a: Polteageist|spa|2\n|-boost|p2a: Polteageist|spe|2\n|\n|upkeep\n|turn|5\n|\n|t:|1771255495\n|-terastallize|p1a: PataPataPatapon|Grass\n|detailschange|p1a: PataPataPatapon|Ogerpon-Teal-Tera, F, tera:Grass\n|-ability|p1a: PataPataPatapon|Embody Aspect (Teal)|boost\n|-boost|p1a: PataPataPatapon|spe|1\n|move|p1a: PataPataPatapon|Encore|p2a: Polteageist\n|-start|p2a: Polteageist|Encore\n|move|p2a: Polteageist|Shell Smash|p2a: Polteageist\n|-unboost|p2a: Polteageist|def|1\n|-unboost|p2a: Polteageist|spd|1\n|-boost|p2a: Polteageist|atk|2\n|-boost|p2a: Polteageist|spa|2\n|-boost|p2a: Polteageist|spe|2\n|\n|upkeep\n|turn|6\n|inactive|Dhoom Again has 90 seconds left.\n|\n|t:|1771255511\n|switch|p2a: Hatterene|Hatterene, F|73/100\n|move|p1a: PataPataPatapon|Ivy Cudgel|p2a: Hatterene\n|-damage|p2a: Hatterene|21/100\n|\n|upkeep\n|turn|7\n|\n|t:|1771255517\n|move|p1a: PataPataPatapon|Ivy Cudgel|p2a: Hatterene\n|-damage|p2a: Hatterene|0 fnt\n|faint|p2a: Hatterene\n|\n|upkeep\n|\n|t:|1771255520\n|switch|p2a: Armarouge|Armarouge, M|100/100\n|turn|8\n|\n|t:|1771255543\n|switch|p1a: The Brother Grimm|Grimmsnarl, M|100/100\n|move|p2a: Armarouge|Armor Cannon|p1a: The Brother Grimm\n|-damage|p1a: The Brother Grimm|52/100\n|-unboost|p2a: Armarouge|def|1\n|-unboost|p2a: Armarouge|spd|1\n|\n|-fieldend|move: Psychic Terrain\n|upkeep\n|turn|9\n|\n|t:|1771255549\n|move|p1a: The Brother Grimm|Light Screen|p1a: The Brother Grimm\n|-sidestart|p1: Dhoom Again|move: Light Screen\n|move|p2a: Armarouge|Armor Cannon|p1a: The Brother Grimm\n|-damage|p1a: The Brother Grimm|25/100\n|-unboost|p2a: Armarouge|def|1\n|-unboost|p2a: Armarouge|spd|1\n|\n|upkeep\n|turn|10\n|\n|t:|1771255555\n|switch|p1a: Sound the Alarm|Primarina, F|100/100\n|move|p2a: Armarouge|Armor Cannon|p1a: Sound the Alarm\n|-resisted|p1a: Sound the Alarm\n|-damage|p1a: Sound the Alarm|88/100\n|-unboost|p2a: Armarouge|def|1\n|-unboost|p2a: Armarouge|spd|1\n|\n|-heal|p1a: Sound the Alarm|94/100|[from] item: Leftovers\n|upkeep\n|turn|11\n|\n|t:|1771255560\n|move|p2a: Armarouge|Expanding Force|p1a: Sound the Alarm\n|-damage|p1a: Sound the Alarm|76/100\n|move|p1a: Sound the Alarm|Substitute|p1a: Sound the Alarm\n|-start|p1a: Sound the Alarm|Substitute\n|-damage|p1a: Sound the Alarm|51/100\n|\n|-heal|p1a: Sound the Alarm|57/100|[from] item: Leftovers\n|upkeep\n|turn|12\n|\n|t:|1771255562\n|move|p2a: Armarouge|Expanding Force|p1a: Sound the Alarm\n|-activate|p1a: Sound the Alarm|move: Substitute|[damage]\n|move|p1a: Sound the Alarm|Calm Mind|p1a: Sound the Alarm\n|-boost|p1a: Sound the Alarm|spa|1\n|-boost|p1a: Sound the Alarm|spd|1\n|\n|-heal|p1a: Sound the Alarm|63/100|[from] item: Leftovers\n|upkeep\n|turn|13\n|\n|t:|1771255567\n|switch|p2a: Indeedee|Indeedee, M|100/100\n|-fieldstart|move: Psychic Terrain|[from] ability: Psychic Surge|[of] p2a: Indeedee\n|move|p1a: Sound the Alarm|Calm Mind|p1a: Sound the Alarm\n|-boost|p1a: Sound the Alarm|spa|1\n|-boost|p1a: Sound the Alarm|spd|1\n|\n|-heal|p1a: Sound the Alarm|69/100|[from] item: Leftovers\n|upkeep\n|turn|14\n|\n|t:|1771255570\n|move|p2a: Indeedee|Encore|p1a: Sound the Alarm\n|-start|p1a: Sound the Alarm|Encore\n|move|p1a: Sound the Alarm|Calm Mind|p1a: Sound the Alarm\n|-boost|p1a: Sound the Alarm|spa|1\n|-boost|p1a: Sound the Alarm|spd|1\n|\n|-heal|p1a: Sound the Alarm|75/100|[from] item: Leftovers\n|upkeep\n|turn|15\n|\n|t:|1771255576\n|move|p2a: Indeedee|Psychic|p1a: Sound the Alarm\n|-end|p1a: Sound the Alarm|Substitute\n|move|p1a: Sound the Alarm|Calm Mind|p1a: Sound the Alarm\n|-boost|p1a: Sound the Alarm|spa|1\n|-boost|p1a: Sound the Alarm|spd|1\n|\n|-heal|p1a: Sound the Alarm|81/100|[from] item: Leftovers\n|upkeep\n|turn|16\n|\n|t:|1771255583\n|move|p2a: Indeedee|Psychic|p1a: Sound the Alarm\n|-damage|p1a: Sound the Alarm|74/100\n|move|p1a: Sound the Alarm|Calm Mind|p1a: Sound the Alarm\n|-boost|p1a: Sound the Alarm|spa|1\n|-boost|p1a: Sound the Alarm|spd|1\n|\n|-heal|p1a: Sound the Alarm|80/100|[from] item: Leftovers\n|-end|p1a: Sound the Alarm|Encore\n|-sideend|p1: Dhoom Again|move: Light Screen\n|upkeep\n|turn|17\n|\n|t:|1771255589\n|switch|p1a: PataPataPatapon|Ogerpon-Teal-Tera, F, tera:Grass|100/100\n|-ability|p1a: PataPataPatapon|Embody Aspect (Teal)|boost\n|-boost|p1a: PataPataPatapon|spe|1\n|move|p2a: Indeedee|Encore||[still]\n|-fail|p2a: Indeedee\n|\n|upkeep\n|turn|18\n|\n|t:|1771255597\n|switch|p2a: Armarouge|Armarouge, M|100/100\n|move|p1a: PataPataPatapon|Knock Off|p2a: Armarouge\n|-supereffective|p2a: Armarouge\n|-damage|p2a: Armarouge|30/100\n|-ability|p2a: Armarouge|Weak Armor|boost\n|-unboost|p2a: Armarouge|def|1\n|-boost|p2a: Armarouge|spe|2\n|-enditem|p2a: Armarouge|Focus Sash|[from] move: Knock Off|[of] p1a: PataPataPatapon\n|\n|upkeep\n|turn|19\n|\n|t:|1771255601\n|move|p2a: Armarouge|Endure|p2a: Armarouge\n|-singleturn|p2a: Armarouge|move: Endure\n|move|p1a: PataPataPatapon|Knock Off|p2a: Armarouge\n|-supereffective|p2a: Armarouge\n|-activate|p2a: Armarouge|move: Endure\n|-damage|p2a: Armarouge|1/100\n|-ability|p2a: Armarouge|Weak Armor|boost\n|-unboost|p2a: Armarouge|def|1\n|-boost|p2a: Armarouge|spe|2\n|\n|upkeep\n|turn|20\n|\n|t:|1771255616\n|switch|p1a: Ouch|Garchomp, F|100/100\n|move|p2a: Armarouge|Expanding Force|p1a: Ouch\n|-damage|p1a: Ouch|13/100\n|\n|-fieldend|move: Psychic Terrain\n|upkeep\n|turn|21\n|\n|t:|1771255620\n|move|p2a: Armarouge|Armor Cannon|p1a: Ouch\n|-resisted|p1a: Ouch\n|-damage|p1a: Ouch|0 fnt\n|-unboost|p2a: Armarouge|def|1\n|-unboost|p2a: Armarouge|spd|1\n|faint|p1a: Ouch\n|\n|upkeep\n|\n|t:|1771255623\n|switch|p1a: MM.EXE|Ceruledge, M|100/100\n|turn|22\n|\n|t:|1771255628\n|move|p1a: MM.EXE|Shadow Sneak|p2a: Armarouge\n|-supereffective|p2a: Armarouge\n|-damage|p2a: Armarouge|0 fnt\n|faint|p2a: Armarouge\n|\n|upkeep\n|\n|t:|1771255634\n|switch|p2a: Indeedee|Indeedee, M|100/100\n|-fieldstart|move: Psychic Terrain|[from] ability: Psychic Surge|[of] p2a: Indeedee\n|turn|23\n|\n|t:|1771255641\n|switch|p1a: The Brother Grimm|Grimmsnarl, M|25/100\n|move|p2a: Indeedee|Psychic|p1a: The Brother Grimm\n|-immune|p1a: The Brother Grimm\n|\n|upkeep\n|turn|24\n|\n|t:|1771255645\n|move|p1a: The Brother Grimm|Light Screen|p1a: The Brother Grimm\n|-sidestart|p1: Dhoom Again|move: Light Screen\n|move|p2a: Indeedee|Dazzling Gleam|p1a: The Brother Grimm\n|-supereffective|p1a: The Brother Grimm\n|-damage|p1a: The Brother Grimm|8/100\n|\n|upkeep\n|turn|25\n|\n|t:|1771255653\n|switch|p1a: Sound the Alarm|Primarina, F|80/100\n|move|p2a: Indeedee|Dazzling Gleam|p1a: Sound the Alarm\n|-damage|p1a: Sound the Alarm|71/100\n|\n|-heal|p1a: Sound the Alarm|77/100|[from] item: Leftovers\n|upkeep\n|turn|26\n|\n|t:|1771255659\n|move|p2a: Indeedee|Psychic|p1a: Sound the Alarm\n|-damage|p1a: Sound the Alarm|54/100\n|move|p1a: Sound the Alarm|Draining Kiss|p2a: Indeedee\n|-damage|p2a: Indeedee|70/100\n|-heal|p1a: Sound the Alarm|70/100|[from] drain|[of] p2a: Indeedee\n|\n|-heal|p1a: Sound the Alarm|76/100|[from] item: Leftovers\n|upkeep\n|turn|27\n|\n|t:|1771255662\n|move|p2a: Indeedee|Psychic|p1a: Sound the Alarm\n|-damage|p1a: Sound the Alarm|55/100\n|move|p1a: Sound the Alarm|Draining Kiss|p2a: Indeedee\n|-damage|p2a: Indeedee|41/100\n|-heal|p1a: Sound the Alarm|71/100|[from] drain|[of] p2a: Indeedee\n|\n|-heal|p1a: Sound the Alarm|77/100|[from] item: Leftovers\n|upkeep\n|turn|28\n|\n|t:|1771255665\n|move|p2a: Indeedee|Psychic|p1a: Sound the Alarm\n|-damage|p1a: Sound the Alarm|55/100\n|-unboost|p1a: Sound the Alarm|spd|1\n|move|p1a: Sound the Alarm|Draining Kiss|p2a: Indeedee\n|-damage|p2a: Indeedee|12/100\n|-heal|p1a: Sound the Alarm|71/100|[from] drain|[of] p2a: Indeedee\n|\n|-heal|p1a: Sound the Alarm|77/100|[from] item: Leftovers\n|upkeep\n|turn|29\n|\n|t:|1771255669\n|move|p2a: Indeedee|Psychic|p1a: Sound the Alarm\n|-damage|p1a: Sound the Alarm|42/100\n|move|p1a: Sound the Alarm|Draining Kiss|p2a: Indeedee\n|-damage|p2a: Indeedee|0 fnt\n|-heal|p1a: Sound the Alarm|48/100|[from] drain|[of] p2a: Indeedee\n|faint|p2a: Indeedee\n|\n|-heal|p1a: Sound the Alarm|54/100|[from] item: Leftovers\n|upkeep\n|\n|t:|1771255673\n|switch|p2a: Polteageist|Polteageist|100/100\n|turn|30\n|\n|t:|1771255683\n|move|p2a: Polteageist|Shell Smash|p2a: Polteageist\n|-unboost|p2a: Polteageist|def|1\n|-unboost|p2a: Polteageist|spd|1\n|-boost|p2a: Polteageist|atk|2\n|-boost|p2a: Polteageist|spa|2\n|-boost|p2a: Polteageist|spe|2\n|move|p1a: Sound the Alarm|Psychic Noise|p2a: Polteageist\n|-damage|p2a: Polteageist|48/100\n|-start|p2a: Polteageist|move: Heal Block\n|\n|-heal|p1a: Sound the Alarm|60/100|[from] item: Leftovers\n|-fieldend|move: Psychic Terrain\n|upkeep\n|turn|31\n|\n|t:|1771255687\n|move|p2a: Polteageist|Shadow Ball|p1a: Sound the Alarm\n|-damage|p1a: Sound the Alarm|0 fnt\n|faint|p1a: Sound the Alarm\n|\n|-end|p2a: Polteageist|move: Heal Block\n|-sideend|p1: Dhoom Again|move: Light Screen\n|upkeep\n|\n|t:|1771255693\n|switch|p1a: PataPataPatapon|Ogerpon-Teal-Tera, F, tera:Grass|100/100\n|-ability|p1a: PataPataPatapon|Embody Aspect (Teal)|boost\n|-boost|p1a: PataPataPatapon|spe|1\n|turn|32\n|\n|t:|1771255697\n|move|p1a: PataPataPatapon|Knock Off|p2a: Polteageist\n|-supereffective|p2a: Polteageist\n|-damage|p2a: Polteageist|0 fnt\n|-enditem|p2a: Polteageist|Focus Sash|[from] move: Knock Off|[of] p1a: PataPataPatapon\n|faint|p2a: Polteageist\n|\n|upkeep\n|\n|t:|1771255699\n|switch|p2a: Kyurem|Kyurem|100/100\n|-ability|p2a: Kyurem|Pressure\n|turn|33\n|\n|t:|1771255701\n|move|p1a: PataPataPatapon|Knock Off|p2a: Kyurem\n|-damage|p2a: Kyurem|73/100\n|-enditem|p2a: Kyurem|Loaded Dice|[from] move: Knock Off|[of] p1a: PataPataPatapon\n|move|p2a: Kyurem|Dragon Dance|p2a: Kyurem\n|-boost|p2a: Kyurem|atk|1\n|-boost|p2a: Kyurem|spe|1\n|\n|upkeep\n|turn|34\n|\n|t:|1771255712\n|move|p1a: PataPataPatapon|Encore|p2a: Kyurem\n|-start|p2a: Kyurem|Encore\n|move|p2a: Kyurem|Dragon Dance|p2a: Kyurem\n|-boost|p2a: Kyurem|atk|1\n|-boost|p2a: Kyurem|spe|1\n|\n|upkeep\n|turn|35\n|\n|t:|1771255722\n|switch|p1a: Cielo|Gholdengo|96/100 par\n|move|p2a: Kyurem|Dragon Dance|p2a: Kyurem\n|-boost|p2a: Kyurem|atk|1\n|-boost|p2a: Kyurem|spe|1\n|\n|upkeep\n|turn|36\n|\n|t:|1771255726\n|-terastallize|p2a: Kyurem|Ground\n|move|p2a: Kyurem|Dragon Dance|p2a: Kyurem\n|-boost|p2a: Kyurem|atk|1\n|-boost|p2a: Kyurem|spe|1\n|move|p1a: Cielo|Make It Rain|p2a: Kyurem\n|-damage|p2a: Kyurem|0 fnt\n|-unboost|p1a: Cielo|spa|1\n|faint|p2a: Kyurem\n|\n|win|Dhoom Again\n|raw|Dhoom Again's rating: 1576 &rarr; <strong>1598</strong><br />(+22 for winning)\n|raw|Af Lele.Tomas's rating: 1607 &rarr; <strong>1585</strong><br />(-22 for losing)\n|l|☆Dhoom Again\n|player|p1|\n|l|☆Af Lele.Tomas\n|player|p2|\n", "uploadtime": 1771255872, "views": 5, "formatid": "gen9ou", "rating": 1585, "private": 0, "password": null}