{"id": "gen9ou-2639198203", "format": "[Gen 9] OU", "players": ["fremsh39", "Power Panpour"], "log": "|j|☆fremsh39\n|j|☆Power Panpour\n|t:|1782432781\n|gametype|singles\n|player|p1|fremsh39|unknown|1133\n|player|p2|Power Panpour|pokemonranger|1175\n|gen|9\n|tier|[Gen 9] OU\n|rated|\n|rule|HP Percentage Mod: HP is shown in percentages\n|rule|Endless Battle Clause: Forcing endless battles is banned\n|rule|Species Clause: Limit one of each Pokémon\n|rule|OHKO Clause: OHKO moves are banned\n|rule|Evasion Items Clause: Evasion items are banned\n|rule|Evasion Moves Clause: Evasion moves are banned\n|rule|Evasion Abilities Clause: Evasion abilities are banned\n|rule|Sleep Moves Clause: Sleep-inducing moves are banned\n|clearpoke\n|poke|p1|Altaria, M|\n|poke|p1|Tinkaton, F|\n|poke|p1|Glastrier|\n|poke|p1|Granbull, F|\n|poke|p1|Walking Wake|\n|poke|p1|Cacturne, M|\n|poke|p2|Alomomola, M|\n|poke|p2|Landorus-Therian, M|\n|poke|p2|Cinderace, F|\n|poke|p2|Slowking-Galar, M|\n|poke|p2|Regice|\n|poke|p2|Iron Valiant|\n|teampreview\n|inactive|Battle timer is ON: inactive players will automatically lose when time's up. (requested by Power Panpour)\n|\n|t:|1782432792\n|teamsize|p1|6\n|teamsize|p2|6\n|start\n|switch|p1a: Altaria|Altaria, M|100/100\n|switch|p2a: Drake|Regice|100/100\n|turn|1\n|\n|t:|1782432808\n|switch|p1a: Glastrier|Glastrier|100/100\n|move|p2a: Drake|Ice Beam|p1a: Glastrier\n|-resisted|p1a: Glastrier\n|-damage|p1a: Glastrier|85/100\n|\n|upkeep\n|turn|2\n|\n|t:|1782432832\n|switch|p2a: Wih fih 💔|Alomomola, M|100/100\n|move|p1a: Glastrier|Close Combat|p2a: Wih fih 💔\n|-damage|p2a: Wih fih 💔|58/100\n|-unboost|p1a: Glastrier|def|1\n|-unboost|p1a: Glastrier|spd|1\n|-damage|p1a: Glastrier|68/100|[from] item: Rocky Helmet|[of] p2a: Wih fih 💔\n|\n|upkeep\n|turn|3\n|\n|t:|1782432857\n|move|p2a: Wih fih 💔|Wish|p2a: Wih fih 💔\n|move|p1a: Glastrier|Close Combat|p2a: Wih fih 💔\n|-damage|p2a: Wih fih 💔|17/100\n|-unboost|p1a: Glastrier|def|1\n|-unboost|p1a: Glastrier|spd|1\n|-damage|p1a: Glastrier|51/100|[from] item: Rocky Helmet|[of] p2a: Wih fih 💔\n|\n|upkeep\n|turn|4\n|\n|t:|1782432870\n|switch|p2a: ランドロスの王|Landorus-Therian, M|100/100\n|-ability|p2a: ランドロスの王|Intimidate|boost\n|-unboost|p1a: Glastrier|atk|1\n|switch|p1a: Cacturne|Cacturne, M|100/100\n|\n|upkeep\n|turn|5\n|\n|t:|1782432879\n|switch|p1a: Altaria|Altaria, M|100/100\n|move|p2a: ランドロスの王|U-turn|p1a: Altaria\n|-resisted|p1a: Altaria\n|-damage|p1a: Altaria|88/100\n|\n|t:|1782432887\n|switch|p2a: Drake|Regice|100/100|[from] U-turn\n|\n|upkeep\n|turn|6\n|inactive|fremsh39 has 120 seconds left.\n|\n|t:|1782432945\n|switch|p1a: Tinkaton|Tinkaton, F|100/100\n|-ability|p1a: Tinkaton|Mold Breaker\n|move|p2a: Drake|Ancient Power|p1a: Tinkaton\n|-resisted|p1a: Tinkaton\n|-damage|p1a: Tinkaton|90/100\n|\n|-heal|p1a: Tinkaton|96/100|[from] item: Leftovers\n|upkeep\n|turn|7\n|\n|t:|1782432952\n|switch|p2a: ランドロスの王|Landorus-Therian, M|100/100\n|-ability|p2a: ランドロスの王|Intimidate|boost\n|-unboost|p1a: Tinkaton|atk|1\n|move|p1a: Tinkaton|Gigaton Hammer|p2a: ランドロスの王\n|-damage|p2a: ランドロスの王|51/100\n|\n|-heal|p1a: Tinkaton|100/100|[from] item: Leftovers\n|-heal|p2a: ランドロスの王|57/100|[from] item: Leftovers\n|upkeep\n|turn|8\n|\n|t:|1782432959\n|switch|p1a: Altaria|Altaria, M|88/100\n|move|p2a: ランドロスの王|U-turn|p1a: Altaria\n|-resisted|p1a: Altaria\n|-crit|p1a: Altaria\n|-damage|p1a: Altaria|66/100\n|\n|t:|1782432963\n|switch|p2a: Drake|Regice|100/100|[from] U-turn\n|\n|upkeep\n|turn|9\n|\n|t:|1782432969\n|move|p1a: Altaria|Will-O-Wisp|p2a: Drake\n|-status|p2a: Drake|brn\n|move|p2a: Drake|Zap Cannon|p1a: Altaria\n|-damage|p1a: Altaria|42/100\n|-status|p1a: Altaria|par\n|\n|-damage|p2a: Drake|94/100 brn|[from] brn\n|upkeep\n|turn|10\n|\n|t:|1782432978\n|move|p2a: Drake|Ice Beam|p1a: Altaria\n|-supereffective|p1a: Altaria\n|-damage|p1a: Altaria|0 fnt\n|faint|p1a: Altaria\n|\n|-damage|p2a: Drake|88/100 brn|[from] brn\n|upkeep\n|\n|t:|1782432984\n|switch|p1a: Tinkaton|Tinkaton, F|100/100\n|-ability|p1a: Tinkaton|Mold Breaker\n|turn|11\n|\n|t:|1782432993\n|switch|p2a: ランドロスの王|Landorus-Therian, M|57/100\n|-ability|p2a: ランドロスの王|Intimidate|boost\n|-unboost|p1a: Tinkaton|atk|1\n|move|p1a: Tinkaton|Thunder Wave|p2a: ランドロスの王\n|-immune|p2a: ランドロスの王\n|\n|-heal|p2a: ランドロスの王|63/100|[from] item: Leftovers\n|upkeep\n|turn|12\n|\n|t:|1782432998\n|switch|p1a: Granbull|Granbull, F|100/100\n|-ability|p1a: Granbull|Intimidate|boost\n|-unboost|p2a: ランドロスの王|atk|1\n|move|p2a: ランドロスの王|Earthquake|p1a: Granbull\n|-damage|p1a: Granbull|58/100\n|\n|-heal|p2a: ランドロスの王|69/100|[from] item: Leftovers\n|-heal|p1a: Granbull|64/100|[from] item: Leftovers\n|upkeep\n|turn|13\n|\n|t:|1782433006\n|move|p2a: ランドロスの王|U-turn|p1a: Granbull\n|-resisted|p1a: Granbull\n|-damage|p1a: Granbull|54/100\n|\n|t:|1782433010\n|switch|p2a: Wih fih 💔|Alomomola, M|50/100|[from] U-turn\n|move|p1a: Granbull|Play Rough|p2a: Wih fih 💔\n|-damage|p2a: Wih fih 💔|23/100\n|-damage|p1a: Granbull|37/100|[from] item: Rocky Helmet|[of] p2a: Wih fih 💔\n|\n|-heal|p1a: Granbull|43/100|[from] item: Leftovers\n|upkeep\n|turn|14\n|\n|t:|1782433015\n|move|p2a: Wih fih 💔|Flip Turn|p1a: Granbull\n|-damage|p1a: Granbull|27/100\n|\n|t:|1782433018\n|switch|p2a: Bri'ish?|Cinderace, F|100/100|[from] Flip Turn\n|move|p1a: Granbull|Play Rough|p2a: Bri'ish?\n|-resisted|p2a: Bri'ish?\n|-damage|p2a: Bri'ish?|64/100\n|-unboost|p2a: Bri'ish?|atk|1\n|\n|-heal|p1a: Granbull|33/100|[from] item: Leftovers\n|upkeep\n|turn|15\n|\n|t:|1782433027\n|move|p2a: Bri'ish?|Pyro Ball|p1a: Granbull\n|-damage|p1a: Granbull|0 fnt\n|faint|p1a: Granbull\n|\n|upkeep\n|\n|t:|1782433030\n|switch|p1a: Walking Wake|Walking Wake|100/100\n|turn|16\n|\n|t:|1782433036\n|move|p2a: Bri'ish?|U-turn|p1a: Walking Wake\n|-damage|p1a: Walking Wake|85/100\n|\n|t:|1782433040\n|switch|p2a: Erm ackshually...|Slowking-Galar, M|100/100|[from] U-turn\n|move|p1a: Walking Wake|Sunny Day|p1a: Walking Wake\n|-weather|SunnyDay\n|-activate|p1a: Walking Wake|ability: Protosynthesis\n|-start|p1a: Walking Wake|protosynthesisspa\n|\n|-weather|SunnyDay|[upkeep]\n|upkeep\n|turn|17\n|\n|t:|1782433045\n|move|p1a: Walking Wake|Hydro Steam|p2a: Erm ackshually...\n|-damage|p2a: Erm ackshually...|59/100\n|-damage|p1a: Walking Wake|75/100|[from] item: Life Orb\n|move|p2a: Erm ackshually...|Sludge Bomb|p1a: Walking Wake\n|-damage|p1a: Walking Wake|35/100\n|-status|p1a: Walking Wake|psn\n|\n|-weather|SunnyDay|[upkeep]\n|-damage|p1a: Walking Wake|22/100 psn|[from] psn\n|upkeep\n|turn|18\n|\n|t:|1782433058\n|move|p1a: Walking Wake|Hydro Steam|p2a: Erm ackshually...\n|-damage|p2a: Erm ackshually...|21/100\n|-damage|p1a: Walking Wake|12/100 psn|[from] item: Life Orb\n|move|p2a: Erm ackshually...|Sludge Bomb|p1a: Walking Wake\n|-damage|p1a: Walking Wake|0 fnt\n|faint|p1a: Walking Wake\n|-end|p1a: Walking Wake|Protosynthesis|[silent]\n|\n|-weather|SunnyDay|[upkeep]\n|upkeep\n|\n|t:|1782433063\n|switch|p1a: Cacturne|Cacturne, M|100/100\n|turn|19\n|\n|t:|1782433069\n|switch|p2a: ランドロスの王|Landorus-Therian, M|69/100\n|-ability|p2a: ランドロスの王|Intimidate|boost\n|-unboost|p1a: Cacturne|atk|1\n|move|p1a: Cacturne|Knock Off|p2a: ランドロスの王\n|-damage|p2a: ランドロスの王|14/100\n|-enditem|p2a: ランドロスの王|Leftovers|[from] move: Knock Off|[of] p1a: Cacturne\n|-damage|p1a: Cacturne|91/100|[from] item: Life Orb\n|\n|-weather|SunnyDay|[upkeep]\n|upkeep\n|turn|20\n|\n|t:|1782433074\n|move|p1a: Cacturne|Sucker Punch||[still]\n|-fail|p1a: Cacturne\n|move|p2a: ランドロスの王|Taunt|p1a: Cacturne\n|-start|p1a: Cacturne|move: Taunt\n|\n|-weather|none\n|upkeep\n|turn|21\n|\n|t:|1782433079\n|switch|p2a: Aegis|Iron Valiant|100/100\n|move|p1a: Cacturne|Knock Off|p2a: Aegis\n|-resisted|p2a: Aegis\n|-damage|p2a: Aegis|87/100\n|-enditem|p2a: Aegis|Life Orb|[from] move: Knock Off|[of] p1a: Cacturne\n|-damage|p1a: Cacturne|81/100|[from] item: Life Orb\n|\n|upkeep\n|turn|22\n|\n|t:|1782433087\n|switch|p1a: Glastrier|Glastrier|51/100\n|move|p2a: Aegis|Close Combat|p1a: Glastrier\n|-supereffective|p1a: Glastrier\n|-damage|p1a: Glastrier|0 fnt\n|-unboost|p2a: Aegis|def|1\n|-unboost|p2a: Aegis|spd|1\n|faint|p1a: Glastrier\n|\n|upkeep\n|\n|t:|1782433092\n|switch|p1a: Tinkaton|Tinkaton, F|100/100\n|-ability|p1a: Tinkaton|Mold Breaker\n|turn|23\n|\n|t:|1782433096\n|move|p2a: Aegis|Destiny Bond|p2a: Aegis\n|-singlemove|p2a: Aegis|Destiny Bond\n|move|p1a: Tinkaton|Gigaton Hammer|p2a: Aegis\n|-supereffective|p2a: Aegis\n|-damage|p2a: Aegis|0 fnt\n|faint|p2a: Aegis\n|-activate|p2a: Aegis|move: Destiny Bond\n|-end|p2a: Aegis|Quark Drive|[silent]\n|faint|p1a: Tinkaton\n|\n|upkeep\n|\n|t:|1782433100\n|switch|p2a: Drake|Regice|88/100 brn\n|switch|p1a: Cacturne|Cacturne, M|81/100\n|turn|24\n|\n|t:|1782433103\n|move|p2a: Drake|Ice Beam|p1a: Cacturne\n|-supereffective|p1a: Cacturne\n|-damage|p1a: Cacturne|0 fnt\n|faint|p1a: Cacturne\n|\n|win|Power Panpour\n|raw|fremsh39's rating: 1133 &rarr; <strong>1111</strong><br />(-22 for losing)\n|raw|Power Panpour's rating: 1175 &rarr; <strong>1197</strong><br />(+22 for winning)\n|l|☆fremsh39\n|player|p1|\n|l|☆Power Panpour\n|player|p2|\n", "uploadtime": 1782433507, "views": 7, "formatid": "gen9ou", "rating": 1111, "private": 0, "password": null}