{"id": "gen9ou-2639293872", "format": "[Gen 9] OU", "players": ["GABito2002", "miamiaquatic"], "log": "|j|☆GABito2002\n|j|☆miamiaquatic\n|t:|1782447461\n|gametype|singles\n|player|p1|GABito2002|waitress-gen4|1294\n|player|p2|miamiaquatic|169|1332\n|gen|9\n|tier|[Gen 9] OU\n|rated|\n|rule|HP Percentage Mod: HP is shown in percentages\n|rule|Endless Battle Clause: Forcing endless battles is banned\n|rule|Species Clause: Limit one of each Pokémon\n|rule|OHKO Clause: OHKO moves are banned\n|rule|Evasion Items Clause: Evasion items are banned\n|rule|Evasion Moves Clause: Evasion moves are banned\n|rule|Evasion Abilities Clause: Evasion abilities are banned\n|rule|Sleep Moves Clause: Sleep-inducing moves are banned\n|clearpoke\n|poke|p1|Great Tusk|\n|poke|p1|Kingambit, F|\n|poke|p1|Raging Bolt|\n|poke|p1|Walking Wake|\n|poke|p1|Ninetales, F|\n|poke|p1|Ceruledge, M|\n|poke|p2|Ceruledge, M|\n|poke|p2|Clefable, F|\n|poke|p2|Dragonite, M|\n|poke|p2|Raichu, M|\n|poke|p2|Scizor, M|\n|poke|p2|Blastoise, M|\n|teampreview\n|\n|t:|1782447478\n|teamsize|p1|6\n|teamsize|p2|6\n|start\n|switch|p1a: Ninetales|Ninetales, F|100/100\n|switch|p2a: Ceruledge|Ceruledge, M|100/100\n|-weather|SunnyDay|[from] ability: Drought|[of] p1a: Ninetales\n|turn|1\n|\n|t:|1782447482\n|move|p1a: Ninetales|Scorching Sands|p2a: Ceruledge\n|-supereffective|p2a: Ceruledge\n|-damage|p2a: Ceruledge|56/100\n|move|p2a: Ceruledge|Swords Dance|p2a: Ceruledge\n|-boost|p2a: Ceruledge|atk|2\n|\n|-weather|SunnyDay|[upkeep]\n|upkeep\n|turn|2\n|\n|t:|1782447486\n|move|p2a: Ceruledge|Shadow Sneak|p1a: Ninetales\n|-damage|p1a: Ninetales|37/100\n|move|p1a: Ninetales|Encore|p2a: Ceruledge\n|-start|p2a: Ceruledge|Encore\n|\n|-weather|SunnyDay|[upkeep]\n|upkeep\n|turn|3\n|\n|t:|1782447489\n|switch|p1a: Kingambit|Kingambit, F|100/100\n|-item|p1a: Kingambit|Air Balloon\n|move|p2a: Ceruledge|Shadow Sneak|p1a: Kingambit\n|-resisted|p1a: Kingambit\n|-damage|p1a: Kingambit|81/100\n|-enditem|p1a: Kingambit|Air Balloon\n|\n|-weather|SunnyDay|[upkeep]\n|upkeep\n|turn|4\n|\n|t:|1782447493\n|move|p2a: Ceruledge|Shadow Sneak|p1a: Kingambit\n|-resisted|p1a: Kingambit\n|-damage|p1a: Kingambit|63/100\n|move|p1a: Kingambit|Kowtow Cleave|p2a: Ceruledge\n|-supereffective|p2a: Ceruledge\n|-damage|p2a: Ceruledge|0 fnt\n|faint|p2a: Ceruledge\n|\n|-weather|SunnyDay|[upkeep]\n|upkeep\n|\n|t:|1782447499\n|switch|p2a: Dragonite|Dragonite, M|100/100\n|turn|5\n|\n|t:|1782447501\n|move|p2a: Dragonite|Dragon Dance|p2a: Dragonite\n|-boost|p2a: Dragonite|atk|1\n|-boost|p2a: Dragonite|spe|1\n|move|p1a: Kingambit|Kowtow Cleave|p2a: Dragonite\n|-damage|p2a: Dragonite|74/100\n|\n|-weather|SunnyDay|[upkeep]\n|upkeep\n|turn|6\n|\n|t:|1782447505\n|move|p1a: Kingambit|Sucker Punch|p2a: Dragonite\n|-damage|p2a: Dragonite|31/100\n|move|p2a: Dragonite|Fire Punch|p1a: Kingambit\n|-supereffective|p1a: Kingambit\n|-damage|p1a: Kingambit|0 fnt\n|faint|p1a: Kingambit\n|-end|p1a: Kingambit|fallenundefined|[silent]\n|\n|-weather|SunnyDay|[upkeep]\n|upkeep\n|\n|t:|1782447512\n|switch|p1a: Walking Wake|Walking Wake|100/100\n|-activate|p1a: Walking Wake|ability: Protosynthesis\n|-start|p1a: Walking Wake|protosynthesisspe\n|turn|7\n|\n|t:|1782447524\n|move|p2a: Dragonite|Extreme Speed|p1a: Walking Wake\n|-damage|p1a: Walking Wake|52/100\n|move|p1a: Walking Wake|Hydro Steam|p2a: Dragonite\n|-resisted|p2a: Dragonite\n|-damage|p2a: Dragonite|0 fnt\n|faint|p2a: Dragonite\n|\n|-weather|SunnyDay|[upkeep]\n|upkeep\n|\n|t:|1782447531\n|switch|p2a: Clefable|Clefable, F|100/100\n|turn|8\n|\n|t:|1782447537\n|move|p1a: Walking Wake|Flip Turn|p2a: Clefable\n|-damage|p2a: Clefable|93/100\n|\n|t:|1782447539\n|-end|p1a: Walking Wake|Protosynthesis|[silent]\n|switch|p1a: Great Tusk|Great Tusk|100/100|[from] Flip Turn\n|-activate|p1a: Great Tusk|ability: Protosynthesis\n|-start|p1a: Great Tusk|protosynthesisatk\n|move|p2a: Clefable|Draining Kiss|p1a: Great Tusk\n|-supereffective|p1a: Great Tusk\n|-damage|p1a: Great Tusk|72/100\n|-heal|p2a: Clefable|100/100|[from] drain|[of] p1a: Great Tusk\n|\n|-weather|none\n|-end|p1a: Great Tusk|Protosynthesis\n|upkeep\n|turn|9\n|\n|t:|1782447547\n|-end|p1a: Great Tusk|Protosynthesis|[silent]\n|switch|p1a: Ninetales|Ninetales, F|37/100\n|-weather|SunnyDay|[from] ability: Drought|[of] p1a: Ninetales\n|move|p2a: Clefable|Cosmic Power|p2a: Clefable\n|-boost|p2a: Clefable|def|1\n|-boost|p2a: Clefable|spd|1\n|\n|-weather|SunnyDay|[upkeep]\n|upkeep\n|turn|10\n|\n|t:|1782447552\n|move|p1a: Ninetales|Encore|p2a: Clefable\n|-start|p2a: Clefable|Encore\n|move|p2a: Clefable|Cosmic Power|p2a: Clefable\n|-boost|p2a: Clefable|def|1\n|-boost|p2a: Clefable|spd|1\n|\n|-weather|SunnyDay|[upkeep]\n|upkeep\n|turn|11\n|\n|t:|1782447556\n|switch|p1a: Ceruledge|Ceruledge, M|100/100\n|move|p2a: Clefable|Cosmic Power|p2a: Clefable\n|-boost|p2a: Clefable|def|1\n|-boost|p2a: Clefable|spd|1\n|\n|-weather|SunnyDay|[upkeep]\n|upkeep\n|turn|12\n|\n|t:|1782447560\n|move|p1a: Ceruledge|Swords Dance|p1a: Ceruledge\n|-boost|p1a: Ceruledge|atk|2\n|-enditem|p2a: Clefable|Mirror Herb\n|-boost|p2a: Clefable|atk|2|[from] item: Mirror Herb\n|move|p2a: Clefable|Cosmic Power|p2a: Clefable\n|-boost|p2a: Clefable|def|1\n|-boost|p2a: Clefable|spd|1\n|\n|-weather|SunnyDay|[upkeep]\n|-end|p2a: Clefable|Encore\n|upkeep\n|turn|13\n|\n|t:|1782447570\n|move|p1a: Ceruledge|Bitter Blade|p2a: Clefable\n|-damage|p2a: Clefable|80/100\n|move|p2a: Clefable|Stored Power|p1a: Ceruledge\n|-crit|p1a: Ceruledge\n|-damage|p1a: Ceruledge|35/100\n|\n|-weather|SunnyDay|[upkeep]\n|upkeep\n|turn|14\n|\n|t:|1782447573\n|move|p1a: Ceruledge|Bitter Blade|p2a: Clefable\n|-damage|p2a: Clefable|55/100\n|-heal|p1a: Ceruledge|47/100|[from] drain|[of] p2a: Clefable\n|move|p2a: Clefable|Stored Power|p1a: Ceruledge\n|-damage|p1a: Ceruledge|2/100\n|\n|-weather|SunnyDay|[upkeep]\n|upkeep\n|turn|15\n|\n|t:|1782447577\n|move|p1a: Ceruledge|Bitter Blade|p2a: Clefable\n|-damage|p2a: Clefable|34/100\n|-heal|p1a: Ceruledge|12/100|[from] drain|[of] p2a: Clefable\n|move|p2a: Clefable|Draining Kiss|p1a: Ceruledge\n|-resisted|p1a: Ceruledge\n|-damage|p1a: Ceruledge|4/100\n|-heal|p2a: Clefable|41/100|[from] drain|[of] p1a: Ceruledge\n|\n|-weather|SunnyDay|[upkeep]\n|upkeep\n|turn|16\n|\n|t:|1782447580\n|move|p1a: Ceruledge|Bitter Blade|p2a: Clefable\n|-damage|p2a: Clefable|16/100\n|-heal|p1a: Ceruledge|16/100|[from] drain|[of] p2a: Clefable\n|move|p2a: Clefable|Draining Kiss|p1a: Ceruledge\n|-resisted|p1a: Ceruledge\n|-damage|p1a: Ceruledge|8/100\n|-heal|p2a: Clefable|22/100|[from] drain|[of] p1a: Ceruledge\n|\n|-weather|none\n|upkeep\n|turn|17\n|\n|t:|1782447585\n|move|p1a: Ceruledge|Bitter Blade|p2a: Clefable\n|-crit|p2a: Clefable\n|-damage|p2a: Clefable|0 fnt\n|-heal|p1a: Ceruledge|18/100|[from] drain|[of] p2a: Clefable\n|faint|p2a: Clefable\n|\n|upkeep\n|\n|t:|1782447588\n|switch|p2a: Raichu|Raichu, M|100/100\n|turn|18\n|\n|t:|1782447592\n|move|p1a: Ceruledge|Shadow Sneak|p2a: Raichu\n|-damage|p2a: Raichu|3/100\n|move|p2a: Raichu|Thunderbolt|p1a: Ceruledge\n|-damage|p1a: Ceruledge|0 fnt\n|faint|p1a: Ceruledge\n|-damage|p2a: Raichu|0 fnt|[from] item: Life Orb\n|faint|p2a: Raichu\n|\n|upkeep\n|\n|t:|1782447599\n|switch|p2a: Blastoise|Blastoise, M|100/100\n|switch|p1a: Ninetales|Ninetales, F|37/100\n|-weather|SunnyDay|[from] ability: Drought|[of] p1a: Ninetales\n|turn|19\n|\n|t:|1782447602\n|move|p1a: Ninetales|Healing Wish|p1a: Ninetales\n|faint|p1a: Ninetales\n|move|p2a: Blastoise|Shell Smash|p2a: Blastoise\n|-unboost|p2a: Blastoise|def|1\n|-unboost|p2a: Blastoise|spd|1\n|-boost|p2a: Blastoise|atk|2\n|-boost|p2a: Blastoise|spa|2\n|-boost|p2a: Blastoise|spe|2\n|-enditem|p2a: Blastoise|White Herb\n|-clearnegativeboost|p2a: Blastoise|[silent]\n|\n|-weather|SunnyDay|[upkeep]\n|upkeep\n|\n|t:|1782447607\n|switch|p1a: Walking Wake|Walking Wake|52/100\n|-heal|p1a: Walking Wake|100/100|[from] move: Healing Wish\n|-activate|p1a: Walking Wake|ability: Protosynthesis\n|-start|p1a: Walking Wake|protosynthesisspe\n|turn|20\n|\n|t:|1782447610\n|move|p1a: Walking Wake|Draco Meteor|p2a: Blastoise\n|-damage|p2a: Blastoise|24/100\n|-unboost|p1a: Walking Wake|spa|2\n|move|p2a: Blastoise|Dark Pulse|p1a: Walking Wake\n|-damage|p1a: Walking Wake|42/100\n|\n|-weather|SunnyDay|[upkeep]\n|upkeep\n|turn|21\n|\n|t:|1782447617\n|move|p1a: Walking Wake|Draco Meteor|p2a: Blastoise\n|-damage|p2a: Blastoise|0 fnt\n|-unboost|p1a: Walking Wake|spa|2\n|faint|p2a: Blastoise\n|\n|-weather|SunnyDay|[upkeep]\n|upkeep\n|\n|t:|1782447621\n|switch|p2a: Scizor|Scizor, M|100/100\n|turn|22\n|\n|t:|1782447623\n|move|p1a: Walking Wake|Weather Ball|p2a: Scizor\n|-supereffective|p2a: Scizor\n|-damage|p2a: Scizor|0 fnt\n|faint|p2a: Scizor\n|\n|win|GABito2002\n|raw|GABito2002's rating: 1294 &rarr; <strong>1322</strong><br />(+28 for winning)\n|raw|miamiaquatic's rating: 1332 &rarr; <strong>1310</strong><br />(-22 for losing)\n|l|☆miamiaquatic\n|player|p2|\n|l|☆GABito2002\n|player|p1|\n", "uploadtime": 1782447895, "views": 4, "formatid": "gen9ou", "rating": 1310, "private": 0, "password": null}