{"id": "gen9ou-2540470334", "format": "[Gen 9] OU", "players": ["clorox man", "xdye"], "log": "|badge|p2|bronze|gen9ou|100-8\n|uhtml|medal-msg|<div class=\"broadcast-blue\">Curious what those medals under the avatar are? PS now has Ladder Seasons! For more information, check out the <a href=\"https://www.smogon.com/forums/threads/3740067/\">thread on Smogon.</a></div>\n|j|‽clorox man\n|j|☆xdye\n|t:|1771206026\n|gametype|singles\n|player|p1|clorox man|clown|1750\n|player|p2|xdye|iris-gen5bw2|1838\n|gen|9\n|tier|[Gen 9] OU\n|rated|\n|rule|HP Percentage Mod: HP is shown in percentages\n|rule|Endless Battle Clause: Forcing endless battles is banned\n|rule|Species Clause: Limit one of each Pokémon\n|rule|OHKO Clause: OHKO moves are banned\n|rule|Evasion Items Clause: Evasion items are banned\n|rule|Evasion Moves Clause: Evasion moves are banned\n|rule|Evasion Abilities Clause: Evasion abilities are banned\n|rule|Sleep Moves Clause: Sleep-inducing moves are banned\n|clearpoke\n|poke|p1|Kingambit, M|\n|poke|p1|Ting-Lu|\n|poke|p1|Pecharunt|\n|poke|p1|Primarina, F|\n|poke|p1|Deoxys-Speed|\n|poke|p1|Zamazenta-*|\n|poke|p2|Bronzong|\n|poke|p2|Alomomola, M|\n|poke|p2|Pecharunt|\n|poke|p2|Ting-Lu|\n|poke|p2|Zapdos-Galar|\n|poke|p2|Darkrai|\n|teampreview\n|c|☆xdye|hf\n|j| Bruhbruhlol9\n|j| xiaopangsonsong\n|\n|t:|1771206045\n|teamsize|p1|6\n|teamsize|p2|6\n|start\n|switch|p1a: Pecharunt|Pecharunt|100/100\n|switch|p2a: Bronzong|Bronzong|100/100\n|turn|1\n|l| xiaopangsonsong\n|\n|t:|1771206049\n|switch|p1a: Ting-Lu|Ting-Lu|100/100\n|-ability|p1a: Ting-Lu|Vessel of Ruin\n|move|p2a: Bronzong|Stealth Rock|p1a: Ting-Lu\n|-sidestart|p1: clorox man|move: Stealth Rock\n|\n|upkeep\n|turn|2\n|inactive|Battle timer is ON: inactive players will automatically lose when time's up. (requested by clorox man)\n|\n|t:|1771206060\n|switch|p2a: Ting-Lu|Ting-Lu|100/100\n|-ability|p2a: Ting-Lu|Vessel of Ruin\n|move|p1a: Ting-Lu|Stealth Rock|p2a: Ting-Lu\n|-sidestart|p2: xdye|move: Stealth Rock\n|\n|upkeep\n|turn|3\n|\n|t:|1771206064\n|move|p2a: Ting-Lu|Spikes|p1a: Ting-Lu\n|-sidestart|p1: clorox man|Spikes\n|move|p1a: Ting-Lu|Ruination|p2a: Ting-Lu\n|-damage|p2a: Ting-Lu|51/100\n|\n|-heal|p2a: Ting-Lu|57/100|[from] item: Leftovers\n|upkeep\n|turn|4\n|\n|t:|1771206066\n|move|p2a: Ting-Lu|Spikes|p1a: Ting-Lu\n|-sidestart|p1: clorox man|Spikes\n|move|p1a: Ting-Lu|Spikes|p2a: Ting-Lu\n|-sidestart|p2: xdye|Spikes\n|\n|-heal|p2a: Ting-Lu|63/100|[from] item: Leftovers\n|upkeep\n|turn|5\n|\n|t:|1771206070\n|move|p2a: Ting-Lu|Spikes|p1a: Ting-Lu\n|-sidestart|p1: clorox man|Spikes\n|move|p1a: Ting-Lu|Whirlwind|p2a: Ting-Lu\n|drag|p2a: Zapdos|Zapdos-Galar|100/100\n|-damage|p2a: Zapdos|88/100|[from] Stealth Rock\n|\n|upkeep\n|turn|6\n|\n|t:|1771206076\n|move|p2a: Zapdos|Thunderous Kick|p1a: Ting-Lu\n|-supereffective|p1a: Ting-Lu\n|-damage|p1a: Ting-Lu|51/100\n|-unboost|p1a: Ting-Lu|def|1\n|-enditem|p1a: Ting-Lu|Red Card|[of] p2a: Zapdos\n|drag|p2a: Pecharunt|Pecharunt|100/100\n|move|p1a: Ting-Lu|Spikes|p2a: Pecharunt\n|-sidestart|p2: xdye|Spikes\n|\n|upkeep\n|turn|7\n|\n|t:|1771206085\n|move|p2a: Pecharunt|Parting Shot|p1a: Ting-Lu\n|-unboost|p1a: Ting-Lu|atk|1\n|-unboost|p1a: Ting-Lu|spa|1\n|\n|t:|1771206087\n|switch|p2a: Zapdos|Zapdos-Galar|88/100|[from] Parting Shot\n|-damage|p2a: Zapdos|76/100|[from] Stealth Rock\n|move|p1a: Ting-Lu|Spikes|p2a: Zapdos\n|-sidestart|p2: xdye|Spikes\n|\n|upkeep\n|turn|8\n|\n|t:|1771206094\n|switch|p1a: Pecharunt|Pecharunt|100/100\n|move|p2a: Zapdos|Knock Off|p1a: Pecharunt\n|-supereffective|p1a: Pecharunt\n|-damage|p1a: Pecharunt|60/100\n|-enditem|p1a: Pecharunt|Heavy-Duty Boots|[from] move: Knock Off|[of] p2a: Zapdos\n|\n|upkeep\n|turn|9\n|\n|t:|1771206110\n|switch|p2a: Bronzong|Bronzong|100/100\n|-damage|p2a: Bronzong|94/100|[from] Stealth Rock\n|move|p1a: Pecharunt|Recover|p1a: Pecharunt\n|-heal|p1a: Pecharunt|100/100\n|\n|-heal|p2a: Bronzong|100/100|[from] item: Leftovers\n|upkeep\n|turn|10\n|\n|t:|1771206115\n|move|p1a: Pecharunt|Nasty Plot|p1a: Pecharunt\n|-boost|p1a: Pecharunt|spa|2\n|move|p2a: Bronzong|Psychic Noise|p1a: Pecharunt\n|-supereffective|p1a: Pecharunt\n|-damage|p1a: Pecharunt|58/100\n|-start|p1a: Pecharunt|move: Heal Block\n|\n|upkeep\n|turn|11\n|\n|t:|1771206119\n|move|p1a: Pecharunt|Shadow Ball|p2a: Bronzong\n|-supereffective|p2a: Bronzong\n|-damage|p2a: Bronzong|30/100\n|move|p2a: Bronzong|Psychic Noise|p1a: Pecharunt\n|-supereffective|p1a: Pecharunt\n|-damage|p1a: Pecharunt|16/100\n|\n|-heal|p2a: Bronzong|37/100|[from] item: Leftovers\n|-end|p1a: Pecharunt|move: Heal Block\n|upkeep\n|turn|12\n|\n|t:|1771206125\n|move|p1a: Pecharunt|Recover|p1a: Pecharunt\n|-heal|p1a: Pecharunt|66/100\n|move|p2a: Bronzong|Psychic Noise|p1a: Pecharunt\n|-supereffective|p1a: Pecharunt\n|-damage|p1a: Pecharunt|22/100\n|-start|p1a: Pecharunt|move: Heal Block\n|\n|-heal|p2a: Bronzong|43/100|[from] item: Leftovers\n|upkeep\n|turn|13\n|\n|t:|1771206128\n|move|p1a: Pecharunt|Shadow Ball|p2a: Bronzong\n|-supereffective|p2a: Bronzong\n|-damage|p2a: Bronzong|0 fnt\n|faint|p2a: Bronzong\n|\n|-end|p1a: Pecharunt|move: Heal Block\n|upkeep\n|\n|t:|1771206140\n|switch|p2a: Darkrai|Darkrai|100/100\n|turn|14\n|\n|t:|1771206147\n|move|p2a: Darkrai|Ice Beam|p1a: Pecharunt\n|-damage|p1a: Pecharunt|0 fnt\n|faint|p1a: Pecharunt\n|\n|upkeep\n|j| hbgzd\n|\n|t:|1771206160\n|switch|p1a: Primarina|Primarina, F|100/100\n|-damage|p1a: Primarina|88/100|[from] Stealth Rock\n|-damage|p1a: Primarina|63/100|[from] Spikes\n|turn|15\n|\n|t:|1771206170\n|move|p2a: Darkrai|Knock Off|p1a: Primarina\n|-resisted|p1a: Primarina\n|-damage|p1a: Primarina|43/100\n|-enditem|p1a: Primarina|Assault Vest|[from] move: Knock Off|[of] p2a: Darkrai\n|move|p1a: Primarina|Surf|p2a: Darkrai\n|-damage|p2a: Darkrai|21/100\n|\n|upkeep\n|turn|16\n|\n|t:|1771206176\n|switch|p2a: Alomomola|Alomomola, M|100/100\n|move|p1a: Primarina|Surf|p2a: Alomomola\n|-resisted|p2a: Alomomola\n|-damage|p2a: Alomomola|81/100\n|\n|upkeep\n|turn|17\n|\n|t:|1771206180\n|move|p1a: Primarina|Moonblast|p2a: Alomomola\n|-damage|p2a: Alomomola|39/100\n|move|p2a: Alomomola|Flip Turn|p1a: Primarina\n|-resisted|p1a: Primarina\n|-damage|p1a: Primarina|32/100\n|\n|t:|1771206187\n|switch|p2a: Zapdos|Zapdos-Galar|76/100|[from] Flip Turn\n|-damage|p2a: Zapdos|63/100|[from] Stealth Rock\n|\n|upkeep\n|turn|18\n|\n|t:|1771206194\n|move|p2a: Zapdos|Close Combat|p1a: Primarina\n|-resisted|p1a: Primarina\n|-damage|p1a: Primarina|0 fnt\n|-unboost|p2a: Zapdos|def|1\n|-unboost|p2a: Zapdos|spd|1\n|faint|p1a: Primarina\n|\n|upkeep\n|\n|t:|1771206200\n|switch|p1a: Deoxys|Deoxys-Speed|100/100\n|-damage|p1a: Deoxys|88/100|[from] Stealth Rock\n|-damage|p1a: Deoxys|63/100|[from] Spikes\n|-ability|p1a: Deoxys|Pressure\n|turn|19\n|\n|t:|1771206207\n|switch|p2a: Ting-Lu|Ting-Lu|63/100\n|-damage|p2a: Ting-Lu|57/100|[from] Stealth Rock\n|-damage|p2a: Ting-Lu|32/100|[from] Spikes\n|-ability|p2a: Ting-Lu|Vessel of Ruin\n|move|p1a: Deoxys|Thunderbolt|p2a: Ting-Lu\n|-immune|p2a: Ting-Lu\n|\n|-heal|p2a: Ting-Lu|38/100|[from] item: Leftovers\n|upkeep\n|turn|20\n|\n|t:|1771206211\n|move|p1a: Deoxys|Superpower|p2a: Ting-Lu\n|-supereffective|p2a: Ting-Lu\n|-damage|p2a: Ting-Lu|0 fnt\n|-unboost|p1a: Deoxys|atk|1\n|-unboost|p1a: Deoxys|def|1\n|faint|p2a: Ting-Lu\n|-damage|p1a: Deoxys|53/100|[from] item: Life Orb\n|\n|upkeep\n|\n|t:|1771206217\n|switch|p2a: Zapdos|Zapdos-Galar|63/100\n|-damage|p2a: Zapdos|51/100|[from] Stealth Rock\n|turn|21\n|\n|t:|1771206230\n|switch|p1a: Ting-Lu|Ting-Lu|51/100\n|-damage|p1a: Ting-Lu|45/100|[from] Stealth Rock\n|-damage|p1a: Ting-Lu|20/100|[from] Spikes\n|-ability|p1a: Ting-Lu|Vessel of Ruin\n|move|p2a: Zapdos|Close Combat|p1a: Ting-Lu\n|-supereffective|p1a: Ting-Lu\n|-damage|p1a: Ting-Lu|0 fnt\n|-unboost|p2a: Zapdos|def|1\n|-unboost|p2a: Zapdos|spd|1\n|faint|p1a: Ting-Lu\n|\n|upkeep\n|\n|t:|1771206234\n|switch|p1a: Zamazenta|Zamazenta|100/100\n|-ability|p1a: Zamazenta|Dauntless Shield|boost\n|-boost|p1a: Zamazenta|def|1\n|turn|22\n|\n|t:|1771206239\n|switch|p2a: Pecharunt|Pecharunt|100/100\n|move|p1a: Zamazenta|Crunch|p2a: Pecharunt\n|-supereffective|p2a: Pecharunt\n|-damage|p2a: Pecharunt|77/100\n|\n|upkeep\n|turn|23\n|\n|t:|1771206243\n|move|p1a: Zamazenta|Crunch|p2a: Pecharunt\n|-supereffective|p2a: Pecharunt\n|-damage|p2a: Pecharunt|51/100\n|move|p2a: Pecharunt|Parting Shot|p1a: Zamazenta\n|-unboost|p1a: Zamazenta|atk|1\n|-unboost|p1a: Zamazenta|spa|1\n|\n|t:|1771206247\n|switch|p2a: Alomomola|Alomomola, M|72/100|[from] Parting Shot\n|\n|upkeep\n|turn|24\n|\n|t:|1771206255\n|switch|p1a: Deoxys|Deoxys-Speed|53/100\n|-damage|p1a: Deoxys|41/100|[from] Stealth Rock\n|-damage|p1a: Deoxys|16/100|[from] Spikes\n|-ability|p1a: Deoxys|Pressure\n|move|p2a: Alomomola|Wish|p2a: Alomomola\n|\n|upkeep\n|turn|25\n|\n|t:|1771206264\n|move|p1a: Deoxys|Psycho Boost|p2a: Alomomola\n|-damage|p2a: Alomomola|9/100\n|-unboost|p1a: Deoxys|spa|2\n|-damage|p1a: Deoxys|6/100|[from] item: Life Orb\n|move|p2a: Alomomola|Flip Turn|p1a: Deoxys\n|-damage|p1a: Deoxys|0 fnt\n|faint|p1a: Deoxys\n|j| FaronAan\n|\n|t:|1771206274\n|switch|p2a: Zapdos|Zapdos-Galar|51/100|[from] Flip Turn\n|-damage|p2a: Zapdos|38/100|[from] Stealth Rock\n|\n|-heal|p2a: Zapdos|100/100|[from] move: Wish|[wisher] Alomomola\n|upkeep\n|\n|t:|1771206278\n|switch|p1a: Zamazenta|Zamazenta|100/100\n|turn|26\n|\n|t:|1771206290\n|switch|p2a: Alomomola|Alomomola, M|42/100\n|move|p1a: Zamazenta|Crunch|p2a: Alomomola\n|-damage|p2a: Alomomola|24/100\n|\n|upkeep\n|turn|27\n|\n|t:|1771206296\n|move|p1a: Zamazenta|Close Combat|p2a: Alomomola\n|-damage|p2a: Alomomola|0 fnt\n|-unboost|p1a: Zamazenta|def|1\n|-unboost|p1a: Zamazenta|spd|1\n|faint|p2a: Alomomola\n|\n|upkeep\n|\n|t:|1771206299\n|switch|p2a: Pecharunt|Pecharunt|51/100\n|turn|28\n|\n|t:|1771206304\n|move|p1a: Zamazenta|Crunch|p2a: Pecharunt\n|-supereffective|p2a: Pecharunt\n|-damage|p2a: Pecharunt|26/100\n|move|p2a: Pecharunt|Recover|p2a: Pecharunt\n|-heal|p2a: Pecharunt|76/100\n|\n|upkeep\n|turn|29\n|\n|t:|1771206308\n|move|p1a: Zamazenta|Crunch|p2a: Pecharunt\n|-supereffective|p2a: Pecharunt\n|-damage|p2a: Pecharunt|53/100\n|move|p2a: Pecharunt|Recover|p2a: Pecharunt\n|-heal|p2a: Pecharunt|100/100\n|\n|upkeep\n|turn|30\n|\n|t:|1771206313\n|switch|p1a: Kingambit|Kingambit, M|100/100\n|-damage|p1a: Kingambit|94/100|[from] Stealth Rock\n|-activate|p1a: Kingambit|ability: Supreme Overlord\n|-start|p1a: Kingambit|fallen4|[silent]\n|-item|p1a: Kingambit|Air Balloon\n|move|p2a: Pecharunt|Malignant Chain|p1a: Kingambit\n|-immune|p1a: Kingambit\n|\n|upkeep\n|turn|31\n|\n|t:|1771206316\n|move|p2a: Pecharunt|Parting Shot|p1a: Kingambit\n|-unboost|p1a: Kingambit|atk|1\n|-unboost|p1a: Kingambit|spa|1\n|\n|t:|1771206319\n|switch|p2a: Darkrai|Darkrai|21/100|[from] Parting Shot\n|move|p1a: Kingambit|Swords Dance|p1a: Kingambit\n|-boost|p1a: Kingambit|atk|2\n|\n|upkeep\n|turn|32\n|\n|t:|1771206329\n|-terastallize|p1a: Kingambit|Fire\n|move|p2a: Darkrai|Focus Blast|p1a: Kingambit\n|-damage|p1a: Kingambit|46/100\n|-enditem|p1a: Kingambit|Air Balloon\n|move|p1a: Kingambit|Swords Dance|p1a: Kingambit\n|-boost|p1a: Kingambit|atk|2\n|\n|upkeep\n|turn|33\n|\n|t:|1771206334\n|move|p1a: Kingambit|Sucker Punch|p2a: Darkrai\n|-resisted|p2a: Darkrai\n|-damage|p2a: Darkrai|0 fnt\n|faint|p2a: Darkrai\n|\n|upkeep\n|\n|t:|1771206343\n|switch|p2a: Zapdos|Zapdos-Galar|100/100\n|-damage|p2a: Zapdos|88/100|[from] Stealth Rock\n|turn|34\n|\n|t:|1771206350\n|move|p1a: Kingambit|Sucker Punch|p2a: Zapdos\n|-resisted|p2a: Zapdos\n|-damage|p2a: Zapdos|12/100\n|move|p2a: Zapdos|Brave Bird|p1a: Kingambit\n|-damage|p1a: Kingambit|0 fnt\n|faint|p1a: Kingambit\n|-end|p1a: Kingambit|fallen4|[silent]\n|-damage|p2a: Zapdos|0 fnt|[from] Recoil\n|faint|p2a: Zapdos\n|\n|upkeep\n|-message|clorox man forfeited.\n|\n|win|xdye\n|raw|clorox man's rating: 1750 &rarr; <strong>1735</strong><br />(-15 for losing)\n|raw|xdye's rating: 1838 &rarr; <strong>1853</strong><br />(+15 for winning)\n|l|‽clorox man\n|player|p1|\n|l| FaronAan\n|l| hbgzd\n", "uploadtime": 1771206588, "views": 8, "formatid": "gen9ou", "rating": 1735, "private": 0, "password": null}