{"id": "gen9ou-2540818020", "format": "[Gen 9] OU", "players": ["tcatw132", "mickeyb2"], "log": "|j|☆tcatw132\n|j|☆mickeyb2\n|t:|1771257197\n|gametype|singles\n|player|p1|tcatw132|1|1562\n|player|p2|mickeyb2|flint|1628\n|gen|9\n|tier|[Gen 9] OU\n|rated|\n|rule|HP Percentage Mod: HP is shown in percentages\n|rule|Endless Battle Clause: Forcing endless battles is banned\n|rule|Species Clause: Limit one of each Pokémon\n|rule|OHKO Clause: OHKO moves are banned\n|rule|Evasion Items Clause: Evasion items are banned\n|rule|Evasion Moves Clause: Evasion moves are banned\n|rule|Evasion Abilities Clause: Evasion abilities are banned\n|rule|Sleep Moves Clause: Sleep-inducing moves are banned\n|clearpoke\n|poke|p1|Farigiraf, M|\n|poke|p1|Gholdengo|\n|poke|p1|Raging Bolt|\n|poke|p1|Pecharunt|\n|poke|p1|Great Tusk|\n|poke|p1|Grimmsnarl, M|\n|poke|p2|Kyurem|\n|poke|p2|Reuniclus, F|\n|poke|p2|Enamorus, F|\n|poke|p2|Lokix, F|\n|poke|p2|Cinderace, F|\n|poke|p2|Slowking, F|\n|teampreview\n|inactive|Battle timer is ON: inactive players will automatically lose when time's up. (requested by mickeyb2)\n|c|☆mickeyb2|uh oh\n|c|☆mickeyb2|fun team alert\n|\n|t:|1771257223\n|teamsize|p1|6\n|teamsize|p2|6\n|start\n|switch|p1a: Pecharunt|Pecharunt|100/100\n|switch|p2a: Slowking|Slowking, F|100/100\n|-item|p1a: Pecharunt|Air Balloon\n|turn|1\n|\n|t:|1771257235\n|move|p1a: Pecharunt|Nasty Plot|p1a: Pecharunt\n|-boost|p1a: Pecharunt|spa|2\n|move|p2a: Slowking|Future Sight|p1a: Pecharunt\n|-start|p2a: Slowking|move: Future Sight\n|\n|upkeep\n|turn|2\n|\n|t:|1771257241\n|switch|p2a: Cinderace|Cinderace, F|100/100\n|move|p1a: Pecharunt|Shadow Ball|p2a: Cinderace\n|-damage|p2a: Cinderace|57/100\n|\n|upkeep\n|turn|3\n|\n|t:|1771257258\n|move|p1a: Pecharunt|Malignant Chain|p2a: Cinderace\n|-damage|p2a: Cinderace|0 fnt\n|faint|p2a: Cinderace\n|\n|-end|p1a: Pecharunt|move: Future Sight\n|-supereffective|p1a: Pecharunt\n|-damage|p1a: Pecharunt|0 fnt\n|-enditem|p1a: Pecharunt|Air Balloon\n|faint|p1a: Pecharunt\n|upkeep\n|\n|t:|1771257275\n|switch|p1a: Grimmsnarl|Grimmsnarl, M|100/100\n|switch|p2a: Enamorus|Enamorus, F|100/100\n|turn|4\n|\n|t:|1771257280\n|move|p1a: Grimmsnarl|Light Screen|p1a: Grimmsnarl\n|-sidestart|p1: tcatw132|move: Light Screen\n|move|p2a: Enamorus|Superpower|p1a: Grimmsnarl\n|-damage|p1a: Grimmsnarl|54/100\n|-boost|p2a: Enamorus|atk|1\n|-boost|p2a: Enamorus|def|1\n|\n|upkeep\n|turn|5\n|\n|t:|1771257288\n|switch|p1a: Gholdengo|Gholdengo|100/100\n|move|p2a: Enamorus|Substitute|p2a: Enamorus\n|-start|p2a: Enamorus|Substitute\n|-damage|p2a: Enamorus|76/100\n|\n|-heal|p2a: Enamorus|82/100|[from] item: Leftovers\n|upkeep\n|turn|6\n|\n|t:|1771257295\n|-terastallize|p2a: Enamorus|Ground\n|move|p1a: Gholdengo|Shadow Ball|p2a: Enamorus\n|-end|p2a: Enamorus|Substitute\n|move|p2a: Enamorus|Tera Blast|p1a: Gholdengo|[anim] Tera Blast Ground\n|-supereffective|p1a: Gholdengo\n|-damage|p1a: Gholdengo|0 fnt\n|faint|p1a: Gholdengo\n|\n|-heal|p2a: Enamorus|88/100|[from] item: Leftovers\n|upkeep\n|inactive|tcatw132 has 120 seconds left.\n|\n|t:|1771257326\n|switch|p1a: Grimmsnarl|Grimmsnarl, M|54/100\n|turn|7\n|\n|t:|1771257329\n|move|p1a: Grimmsnarl|Reflect|p1a: Grimmsnarl\n|-sidestart|p1: tcatw132|Reflect\n|move|p2a: Enamorus|Superpower|p1a: Grimmsnarl\n|-damage|p1a: Grimmsnarl|21/100\n|-boost|p2a: Enamorus|atk|1\n|-boost|p2a: Enamorus|def|1\n|\n|-heal|p2a: Enamorus|94/100|[from] item: Leftovers\n|upkeep\n|turn|8\n|\n|t:|1771257339\n|move|p2a: Enamorus|Substitute|p2a: Enamorus\n|-start|p2a: Enamorus|Substitute\n|-damage|p2a: Enamorus|69/100\n|move|p1a: Grimmsnarl|Spirit Break|p2a: Enamorus\n|-activate|p2a: Enamorus|move: Substitute|[damage]\n|\n|-heal|p2a: Enamorus|76/100|[from] item: Leftovers\n|upkeep\n|turn|9\n|\n|t:|1771257346\n|move|p2a: Enamorus|Superpower|p1a: Grimmsnarl\n|-damage|p1a: Grimmsnarl|0 fnt\n|-boost|p2a: Enamorus|atk|1\n|-boost|p2a: Enamorus|def|1\n|faint|p1a: Grimmsnarl\n|\n|-heal|p2a: Enamorus|82/100|[from] item: Leftovers\n|upkeep\n|\n|t:|1771257356\n|switch|p1a: Great Tusk|Great Tusk|100/100\n|-enditem|p1a: Great Tusk|Booster Energy\n|-activate|p1a: Great Tusk|ability: Protosynthesis|[fromitem]\n|-start|p1a: Great Tusk|protosynthesisspe\n|turn|10\n|\n|t:|1771257361\n|move|p1a: Great Tusk|Ice Spinner|p2a: Enamorus\n|-supereffective|p2a: Enamorus\n|-end|p2a: Enamorus|Substitute\n|move|p2a: Enamorus|Superpower|p1a: Great Tusk\n|-damage|p1a: Great Tusk|70/100\n|-boost|p2a: Enamorus|atk|1\n|-boost|p2a: Enamorus|def|1\n|\n|-heal|p2a: Enamorus|88/100|[from] item: Leftovers\n|upkeep\n|turn|11\n|\n|t:|1771257371\n|move|p1a: Great Tusk|Headlong Rush|p2a: Enamorus\n|-damage|p2a: Enamorus|69/100\n|-unboost|p1a: Great Tusk|def|1\n|-unboost|p1a: Great Tusk|spd|1\n|move|p2a: Enamorus|Superpower|p1a: Great Tusk\n|-damage|p1a: Great Tusk|21/100\n|-boost|p2a: Enamorus|atk|1\n|-boost|p2a: Enamorus|def|1\n|\n|-heal|p2a: Enamorus|75/100|[from] item: Leftovers\n|-sideend|p1: tcatw132|move: Light Screen\n|upkeep\n|turn|12\n|-message|tcatw132 forfeited.\n|\n|win|mickeyb2\n|raw|tcatw132's rating: 1562 &rarr; <strong>1546</strong><br />(-16 for losing)\n|raw|mickeyb2's rating: 1628 &rarr; <strong>1644</strong><br />(+16 for winning)\n|l|☆tcatw132\n|player|p1|\n|l|☆mickeyb2\n|player|p2|\n", "uploadtime": 1771257522, "views": 5, "formatid": "gen9ou", "rating": 1546, "private": 0, "password": null}