{"id": "gen9ou-2639246610", "format": "[Gen 9] OU", "players": ["flylover42", "Vecary"], "log": "|j|☆flylover42\n|j|☆Vecary\n|t:|1782439916\n|gametype|singles\n|player|p1|flylover42|lady|1332\n|player|p2|Vecary|102|1356\n|gen|9\n|tier|[Gen 9] OU\n|rated|\n|rule|HP Percentage Mod: HP is shown in percentages\n|rule|Endless Battle Clause: Forcing endless battles is banned\n|rule|Species Clause: Limit one of each Pokémon\n|rule|OHKO Clause: OHKO moves are banned\n|rule|Evasion Items Clause: Evasion items are banned\n|rule|Evasion Moves Clause: Evasion moves are banned\n|rule|Evasion Abilities Clause: Evasion abilities are banned\n|rule|Sleep Moves Clause: Sleep-inducing moves are banned\n|clearpoke\n|poke|p1|Indeedee, M|\n|poke|p1|Armarouge, M|\n|poke|p1|Hatterene, F|\n|poke|p1|Polteageist|\n|poke|p1|Hawlucha, F|\n|poke|p1|Maushold|\n|poke|p2|Zamazenta-*|\n|poke|p2|Iron Hands|\n|poke|p2|Ceruledge, F|\n|poke|p2|Iron Valiant|\n|poke|p2|Deoxys-Speed|\n|poke|p2|Glimmora, F|\n|teampreview\n|\n|t:|1782439921\n|teamsize|p1|6\n|teamsize|p2|6\n|start\n|switch|p1a: Indeedee|Indeedee, M|100/100\n|switch|p2a: Deoxys|Deoxys-Speed|100/100\n|-ability|p2a: Deoxys|Pressure\n|-fieldstart|move: Psychic Terrain|[from] ability: Psychic Surge|[of] p1a: Indeedee\n|turn|1\n|\n|t:|1782439938\n|switch|p1a: Hatterene|Hatterene, F|100/100\n|move|p2a: Deoxys|Taunt|p1a: Hatterene\n|move|p1a: Hatterene|Taunt|p2a: Deoxys|[from] ability: Magic Bounce\n|-start|p2a: Deoxys|move: Taunt\n|\n|upkeep\n|turn|2\n|\n|t:|1782439949\n|switch|p2a: Zamazenta|Zamazenta|100/100\n|-ability|p2a: Zamazenta|Dauntless Shield|boost\n|-boost|p2a: Zamazenta|def|1\n|move|p1a: Hatterene|Nuzzle|p2a: Zamazenta\n|-damage|p2a: Zamazenta|98/100\n|-status|p2a: Zamazenta|par\n|\n|-heal|p2a: Zamazenta|100/100 par|[from] item: Leftovers\n|upkeep\n|turn|3\n|\n|t:|1782439968\n|switch|p1a: Armarouge|Armarouge, M|100/100\n|move|p2a: Zamazenta|Heavy Slam|p1a: Armarouge\n|-resisted|p1a: Armarouge\n|-damage|p1a: Armarouge|91/100\n|-ability|p1a: Armarouge|Weak Armor|boost\n|-unboost|p1a: Armarouge|def|1\n|-boost|p1a: Armarouge|spe|2\n|\n|upkeep\n|turn|4\n|\n|t:|1782439977\n|switch|p2a: Deoxys|Deoxys-Speed|100/100\n|-ability|p2a: Deoxys|Pressure\n|move|p1a: Armarouge|Expanding Force|p2a: Deoxys\n|-resisted|p2a: Deoxys\n|-damage|p2a: Deoxys|43/100\n|\n|upkeep\n|turn|5\n|\n|t:|1782439980\n|move|p2a: Deoxys|Light Screen|p2a: Deoxys\n|-sidestart|p2: Vecary|move: Light Screen\n|move|p1a: Armarouge|Expanding Force|p2a: Deoxys\n|-resisted|p2a: Deoxys\n|-damage|p2a: Deoxys|16/100\n|\n|upkeep\n|turn|6\n|\n|t:|1782439985\n|move|p2a: Deoxys|Reflect|p2a: Deoxys\n|-sidestart|p2: Vecary|Reflect\n|move|p1a: Armarouge|Expanding Force|p2a: Deoxys\n|-resisted|p2a: Deoxys\n|-crit|p2a: Deoxys\n|-damage|p2a: Deoxys|0 fnt\n|faint|p2a: Deoxys\n|\n|upkeep\n|\n|t:|1782439995\n|switch|p2a: Ceruledge|Ceruledge, F|100/100\n|turn|7\n|\n|t:|1782440003\n|move|p1a: Armarouge|Endure|p1a: Armarouge\n|-singleturn|p1a: Armarouge|move: Endure\n|move|p2a: Ceruledge|Poltergeist|p1a: Armarouge\n|-activate|p1a: Armarouge|move: Poltergeist|Weakness Policy\n|-supereffective|p1a: Armarouge\n|-crit|p1a: Armarouge\n|-activate|p1a: Armarouge|move: Endure\n|-damage|p1a: Armarouge|1/100\n|-ability|p1a: Armarouge|Weak Armor|boost\n|-unboost|p1a: Armarouge|def|1\n|-boost|p1a: Armarouge|spe|2\n|-enditem|p1a: Armarouge|Weakness Policy\n|-boost|p1a: Armarouge|atk|2|[from] item: Weakness Policy\n|-boost|p1a: Armarouge|spa|2|[from] item: Weakness Policy\n|-damage|p2a: Ceruledge|91/100|[from] item: Life Orb\n|\n|upkeep\n|turn|8\n|\n|t:|1782440015\n|move|p1a: Armarouge|Expanding Force|p2a: Ceruledge\n|-damage|p2a: Ceruledge|0 fnt\n|faint|p2a: Ceruledge\n|\n|-fieldend|move: Psychic Terrain\n|upkeep\n|\n|t:|1782440023\n|switch|p2a: Iron Valiant|Iron Valiant|100/100\n|-enditem|p2a: Iron Valiant|Booster Energy\n|-activate|p2a: Iron Valiant|ability: Quark Drive|[fromitem]\n|-start|p2a: Iron Valiant|quarkdrivespe\n|turn|9\n|\n|t:|1782440029\n|move|p1a: Armarouge|Expanding Force|p2a: Iron Valiant\n|-supereffective|p2a: Iron Valiant\n|-damage|p2a: Iron Valiant|0 fnt\n|faint|p2a: Iron Valiant\n|-end|p2a: Iron Valiant|Quark Drive|[silent]\n|\n|upkeep\n|\n|t:|1782440031\n|switch|p2a: Iron Hands|Iron Hands|100/100\n|-enditem|p2a: Iron Hands|Booster Energy\n|-activate|p2a: Iron Hands|ability: Quark Drive|[fromitem]\n|-start|p2a: Iron Hands|quarkdriveatk\n|turn|10\n|\n|t:|1782440035\n|-terastallize|p2a: Iron Hands|Bug\n|move|p1a: Armarouge|Expanding Force|p2a: Iron Hands\n|-damage|p2a: Iron Hands|57/100\n|move|p2a: Iron Hands|Ice Punch|p1a: Armarouge\n|-resisted|p1a: Armarouge\n|-damage|p1a: Armarouge|0 fnt\n|faint|p1a: Armarouge\n|\n|upkeep\n|\n|t:|1782440039\n|switch|p1a: Indeedee|Indeedee, M|100/100\n|-fieldstart|move: Psychic Terrain|[from] ability: Psychic Surge|[of] p1a: Indeedee\n|turn|11\n|\n|t:|1782440047\n|switch|p1a: Hatterene|Hatterene, F|100/100\n|move|p2a: Iron Hands|Supercell Slam|p1a: Hatterene\n|-damage|p1a: Hatterene|42/100\n|-enditem|p1a: Hatterene|Eject Button\n|\n|t:|1782440074\n|switch|p1a: Hawlucha|Hawlucha, F|100/100\n|-enditem|p1a: Hawlucha|Psychic Seed\n|-boost|p1a: Hawlucha|spd|1|[from] item: Psychic Seed\n|\n|upkeep\n|turn|12\n|\n|t:|1782440084\n|-end|p2a: Iron Hands|Quark Drive|[silent]\n|switch|p2a: Glimmora|Glimmora, F|100/100\n|-terastallize|p1a: Hawlucha|Ground\n|move|p1a: Hawlucha|Swords Dance|p1a: Hawlucha\n|-boost|p1a: Hawlucha|atk|2\n|\n|-sideend|p2: Vecary|move: Light Screen\n|upkeep\n|turn|13\n|\n|t:|1782440091\n|move|p1a: Hawlucha|Swords Dance|p1a: Hawlucha\n|-boost|p1a: Hawlucha|atk|2\n|move|p2a: Glimmora|Stealth Rock|p1a: Hawlucha\n|-sidestart|p1: flylover42|move: Stealth Rock\n|\n|-sideend|p2: Vecary|Reflect\n|upkeep\n|turn|14\n|\n|t:|1782440097\n|move|p1a: Hawlucha|Acrobatics|p2a: Glimmora\n|-resisted|p2a: Glimmora\n|-damage|p2a: Glimmora|52/100\n|-activate|p2a: Glimmora|ability: Toxic Debris\n|-sidestart|p1: flylover42|move: Toxic Spikes\n|-enditem|p2a: Glimmora|Red Card|[of] p1a: Hawlucha\n|drag|p1a: Indeedee|Indeedee, M|100/100\n|-damage|p1a: Indeedee|88/100|[from] Stealth Rock\n|-status|p1a: Indeedee|psn\n|move|p2a: Glimmora|Mortal Spin|p1a: Indeedee\n|-damage|p1a: Indeedee|78/100 psn\n|\n|-damage|p1a: Indeedee|66/100 psn|[from] psn\n|upkeep\n|turn|15\n|\n|t:|1782440106\n|move|p1a: Indeedee|Expanding Force|p2a: Glimmora\n|-supereffective|p2a: Glimmora\n|-damage|p2a: Glimmora|0 fnt\n|faint|p2a: Glimmora\n|\n|-damage|p1a: Indeedee|53/100 psn|[from] psn\n|upkeep\n|\n|t:|1782440111\n|switch|p2a: Zamazenta|Zamazenta|100/100 par\n|turn|16\n|\n|t:|1782440114\n|move|p1a: Indeedee|Expanding Force|p2a: Zamazenta\n|-supereffective|p2a: Zamazenta\n|-damage|p2a: Zamazenta|3/100 par\n|move|p2a: Zamazenta|Roar|p1a: Indeedee\n|drag|p1a: Hatterene|Hatterene, F|42/100\n|-damage|p1a: Hatterene|30/100|[from] Stealth Rock\n|-status|p1a: Hatterene|psn\n|\n|-heal|p2a: Zamazenta|9/100 par|[from] item: Leftovers\n|-damage|p1a: Hatterene|17/100 psn|[from] psn\n|upkeep\n|turn|17\n|\n|t:|1782440119\n|move|p1a: Hatterene|Mystical Fire|p2a: Zamazenta\n|-damage|p2a: Zamazenta|0 fnt\n|faint|p2a: Zamazenta\n|\n|-damage|p1a: Hatterene|5/100 psn|[from] psn\n|upkeep\n|\n|t:|1782440121\n|switch|p2a: Iron Hands|Iron Hands, tera:Bug|57/100\n|turn|18\n|\n|t:|1782440128\n|move|p2a: Iron Hands|Ice Punch|p1a: Hatterene\n|-damage|p1a: Hatterene|0 fnt\n|faint|p1a: Hatterene\n|\n|-fieldend|move: Psychic Terrain\n|upkeep\n|\n|t:|1782440136\n|switch|p1a: Indeedee|Indeedee, M|53/100 psn\n|-damage|p1a: Indeedee|41/100 psn|[from] Stealth Rock\n|-fieldstart|move: Psychic Terrain|[from] ability: Psychic Surge|[of] p1a: Indeedee\n|turn|19\n|\n|t:|1782440143\n|move|p1a: Indeedee|Encore|p2a: Iron Hands\n|-start|p2a: Iron Hands|Encore\n|move|p2a: Iron Hands|Ice Punch|p1a: Indeedee\n|-damage|p1a: Indeedee|0 fnt\n|faint|p1a: Indeedee\n|\n|upkeep\n|\n|t:|1782440151\n|switch|p1a: Maushold|Maushold|100/100\n|-damage|p1a: Maushold|88/100|[from] Stealth Rock\n|-status|p1a: Maushold|psn\n|turn|20\n|\n|t:|1782440155\n|move|p1a: Maushold|Population Bomb|p2a: Iron Hands\n|-damage|p2a: Iron Hands|50/100\n|-damage|p2a: Iron Hands|42/100\n|-damage|p2a: Iron Hands|34/100\n|-damage|p2a: Iron Hands|27/100\n|-damage|p2a: Iron Hands|19/100\n|-damage|p2a: Iron Hands|11/100\n|-damage|p2a: Iron Hands|3/100\n|-damage|p2a: Iron Hands|0 fnt\n|faint|p2a: Iron Hands\n|-end|p2a: Iron Hands|Quark Drive|[silent]\n|-hitcount|p2: Iron Hands|8\n|\n|win|flylover42\n|raw|flylover42's rating: 1332 &rarr; <strong>1353</strong><br />(+21 for winning)\n|raw|Vecary's rating: 1356 &rarr; <strong>1335</strong><br />(-21 for losing)\n|l|☆flylover42\n|player|p1|\n|l|☆Vecary\n|player|p2|\n", "uploadtime": 1782440442, "views": 5, "formatid": "gen9ou", "rating": 1335, "private": 0, "password": null}