{"id": "gen9ou-2540844583", "format": "[Gen 9] OU", "players": ["Mr Tpen", "Shockmoth"], "log": "|badge|p1|bronze|gen9ou|100-8\n|uhtml|medal-msg|<div class=\"broadcast-blue\">Curious what those medals under the avatar are? PS now has Ladder Seasons! For more information, check out the <a href=\"https://www.smogon.com/forums/threads/3740067/\">thread on Smogon.</a></div>\n|badge|p2|bronze|gen9ou|100-8\n|uhtml|medal-msg|<div class=\"broadcast-blue\">Curious what those medals under the avatar are? PS now has Ladder Seasons! For more information, check out the <a href=\"https://www.smogon.com/forums/threads/3740067/\">thread on Smogon.</a></div>\n|j|☆Mr Tpen\n|j|☆Shockmoth\n|t:|1771259891\n|gametype|singles\n|player|p1|Mr Tpen|101|1865\n|player|p2|Shockmoth|wattson|1893\n|gen|9\n|tier|[Gen 9] OU\n|rated|\n|rule|HP Percentage Mod: HP is shown in percentages\n|rule|Endless Battle Clause: Forcing endless battles is banned\n|rule|Species Clause: Limit one of each Pokémon\n|rule|OHKO Clause: OHKO moves are banned\n|rule|Evasion Items Clause: Evasion items are banned\n|rule|Evasion Moves Clause: Evasion moves are banned\n|rule|Evasion Abilities Clause: Evasion abilities are banned\n|rule|Sleep Moves Clause: Sleep-inducing moves are banned\n|clearpoke\n|poke|p1|Enamorus, F|\n|poke|p1|Kyurem|\n|poke|p1|Landorus-Therian, M|\n|poke|p1|Kingambit, F|\n|poke|p1|Ogerpon-Wellspring, F|\n|poke|p1|Glimmora, F|\n|poke|p2|Frosmoth, F|\n|poke|p2|Pincurchin, F|\n|poke|p2|Raichu-Alola, M|\n|poke|p2|Iron Hands|\n|poke|p2|Rotom-Wash|\n|poke|p2|Pawmot, M|\n|teampreview\n|inactive|Battle timer is ON: inactive players will automatically lose when time's up. (requested by Shockmoth)\n|inactive|Shockmoth has 120 seconds left.\n|\n|t:|1771259927\n|teamsize|p1|6\n|teamsize|p2|6\n|start\n|switch|p1a: Ogerpon|Ogerpon-Wellspring, F|100/100\n|switch|p2a: OH YEAH!!! YEAH!!|Pincurchin, F|100/100\n|-fieldstart|move: Electric Terrain|[from] ability: Electric Surge|[of] p2a: OH YEAH!!! YEAH!!\n|turn|1\n|j| Samurajen\n|\n|t:|1771259945\n|move|p1a: Ogerpon|Knock Off|p2a: OH YEAH!!! YEAH!!\n|-damage|p2a: OH YEAH!!! YEAH!!|55/100\n|-enditem|p2a: OH YEAH!!! YEAH!!|Terrain Extender|[from] move: Knock Off|[of] p1a: Ogerpon\n|move|p2a: OH YEAH!!! YEAH!!|Supercell Slam|p1a: Ogerpon\n|-damage|p1a: Ogerpon|25/100\n|\n|upkeep\n|turn|2\n|\n|t:|1771259950\n|switch|p1a: Landorus|Landorus-Therian, M|100/100\n|-ability|p1a: Landorus|Intimidate|boost\n|-unboost|p2a: OH YEAH!!! YEAH!!|atk|1\n|move|p2a: OH YEAH!!! YEAH!!|Sucker Punch||[still]\n|-fail|p2a: OH YEAH!!! YEAH!!\n|\n|upkeep\n|turn|3\n|\n|t:|1771259953\n|switch|p2a: William O' Wisp|Rotom-Wash|100/100\n|move|p1a: Landorus|Stealth Rock|p2a: William O' Wisp\n|-sidestart|p2: Shockmoth|move: Stealth Rock\n|\n|upkeep\n|turn|4\n|\n|t:|1771259958\n|move|p1a: Landorus|Taunt|p2a: William O' Wisp\n|-start|p2a: William O' Wisp|move: Taunt\n|move|p2a: William O' Wisp|Hydro Pump|p1a: Landorus\n|-supereffective|p1a: Landorus\n|-damage|p1a: Landorus|0 fnt\n|faint|p1a: Landorus\n|\n|upkeep\n|\n|t:|1771259960\n|switch|p1a: Ogerpon|Ogerpon-Wellspring, F|25/100\n|turn|5\n|\n|t:|1771259970\n|switch|p2a: Iron Deficiency|Iron Hands|100/100\n|-damage|p2a: Iron Deficiency|94/100|[from] Stealth Rock\n|-activate|p2a: Iron Deficiency|ability: Quark Drive\n|-start|p2a: Iron Deficiency|quarkdriveatk\n|move|p1a: Ogerpon|Knock Off|p2a: Iron Deficiency\n|-resisted|p2a: Iron Deficiency\n|-damage|p2a: Iron Deficiency|84/100\n|-enditem|p2a: Iron Deficiency|Quick Claw|[from] move: Knock Off|[of] p1a: Ogerpon\n|\n|upkeep\n|turn|6\n|\n|t:|1771259973\n|move|p1a: Ogerpon|U-turn|p2a: Iron Deficiency\n|-resisted|p2a: Iron Deficiency\n|-damage|p2a: Iron Deficiency|75/100\n|\n|t:|1771259975\n|switch|p1a: Glimmora|Glimmora, F|100/100|[from] U-turn\n|move|p2a: Iron Deficiency|Supercell Slam|p1a: Glimmora\n|-damage|p1a: Glimmora|21/100\n|-activate|p1a: Glimmora|ability: Toxic Debris\n|-sidestart|p2: Shockmoth|move: Toxic Spikes\n|-enditem|p1a: Glimmora|Red Card|[of] p2a: Iron Deficiency\n|-end|p2a: Iron Deficiency|Quark Drive|[silent]\n|drag|p2a: Surf's Up (2007)|Raichu-Alola, M|100/100\n|-damage|p2a: Surf's Up (2007)|88/100|[from] Stealth Rock\n|-status|p2a: Surf's Up (2007)|psn\n|\n|-damage|p2a: Surf's Up (2007)|76/100 psn|[from] psn\n|upkeep\n|turn|7\n|\n|t:|1771259979\n|move|p2a: Surf's Up (2007)|Volt Switch|p1a: Glimmora\n|-damage|p1a: Glimmora|0 fnt\n|faint|p1a: Glimmora\n|\n|t:|1771259990\n|switch|p2a: William O' Wisp|Rotom-Wash|100/100|[from] Volt Switch\n|-damage|p2a: William O' Wisp|88/100|[from] Stealth Rock\n|\n|upkeep\n|\n|t:|1771259993\n|switch|p1a: Kyurem|Kyurem|100/100\n|-ability|p1a: Kyurem|Pressure\n|turn|8\n|\n|t:|1771259996\n|switch|p2a: Finger Eleven|Frosmoth, F, shiny|100/100\n|move|p1a: Kyurem|Freeze-Dry|p2a: Finger Eleven\n|-resisted|p2a: Finger Eleven\n|-damage|p2a: Finger Eleven|88/100\n|\n|-fieldend|move: Electric Terrain\n|upkeep\n|turn|9\n|\n|t:|1771259999\n|switch|p1a: Kingambit|Kingambit, F|100/100\n|-activate|p1a: Kingambit|ability: Supreme Overlord\n|-start|p1a: Kingambit|fallen2|[silent]\n|-item|p1a: Kingambit|Air Balloon\n|move|p2a: Finger Eleven|Defog|p1a: Kingambit\n|-unboost|p1a: Kingambit|evasion|1\n|-sideend|p2: Shockmoth|Toxic Spikes|[from] move: Defog|[of] p2a: Finger Eleven\n|-sideend|p2: Shockmoth|Stealth Rock|[from] move: Defog|[of] p2a: Finger Eleven\n|\n|upkeep\n|turn|10\n|\n|t:|1771260002\n|switch|p2a: Evanescence|Pawmot, M|100/100\n|move|p1a: Kingambit|Iron Head|p2a: Evanescence\n|-resisted|p2a: Evanescence\n|-damage|p2a: Evanescence|72/100\n|\n|upkeep\n|turn|11\n|\n|t:|1771260005\n|move|p2a: Evanescence|Nuzzle|p1a: Kingambit\n|-damage|p1a: Kingambit|93/100\n|-status|p1a: Kingambit|par\n|-enditem|p1a: Kingambit|Air Balloon\n|move|p1a: Kingambit|Low Kick|p2a: Evanescence\n|-damage|p2a: Evanescence|41/100\n|\n|upkeep\n|turn|12\n|\n|t:|1771260009\n|switch|p2a: Iron Deficiency|Iron Hands|75/100\n|cant|p1a: Kingambit|par\n|\n|upkeep\n|turn|13\n|\n|t:|1771260013\n|-end|p1a: Kingambit|fallen2|[silent]\n|switch|p1a: Ogerpon|Ogerpon-Wellspring, F|25/100\n|move|p2a: Iron Deficiency|Supercell Slam|p1a: Ogerpon\n|-damage|p1a: Ogerpon|0 fnt\n|faint|p1a: Ogerpon\n|\n|upkeep\n|\n|t:|1771260015\n|switch|p1a: Enamorus|Enamorus, F|100/100\n|turn|14\n|\n|t:|1771260019\n|-end|p2a: Iron Deficiency|Quark Drive|[silent]\n|switch|p2a: OH YEAH!!! YEAH!!|Pincurchin, F|55/100\n|-fieldstart|move: Electric Terrain|[from] ability: Electric Surge|[of] p2a: OH YEAH!!! YEAH!!\n|-terastallize|p1a: Enamorus|Stellar\n|move|p1a: Enamorus|Tera Blast|p2a: OH YEAH!!! YEAH!!|[anim] Tera Blast Stellar\n|-damage|p2a: OH YEAH!!! YEAH!!|4/100\n|-boost|p1a: Enamorus|atk|1\n|-boost|p1a: Enamorus|spa|1\n|\n|upkeep\n|turn|15\n|\n|t:|1771260023\n|move|p2a: OH YEAH!!! YEAH!!|Sucker Punch|p1a: Enamorus\n|-resisted|p1a: Enamorus\n|-damage|p1a: Enamorus|82/100\n|move|p1a: Enamorus|Tera Blast|p2a: OH YEAH!!! YEAH!!|[anim] Tera Blast Stellar\n|-damage|p2a: OH YEAH!!! YEAH!!|0 fnt\n|-boost|p1a: Enamorus|atk|1\n|-boost|p1a: Enamorus|spa|1\n|faint|p2a: OH YEAH!!! YEAH!!\n|\n|upkeep\n|\n|t:|1771260025\n|switch|p2a: Surf's Up (2007)|Raichu-Alola, M|76/100 psn\n|turn|16\n|\n|t:|1771260027\n|switch|p1a: Kingambit|Kingambit, F|93/100 par\n|-activate|p1a: Kingambit|ability: Supreme Overlord\n|-start|p1a: Kingambit|fallen3|[silent]\n|move|p2a: Surf's Up (2007)|Volt Switch|p1a: Kingambit\n|-damage|p1a: Kingambit|18/100 par\n|\n|t:|1771260029\n|switch|p2a: William O' Wisp|Rotom-Wash|88/100|[from] Volt Switch\n|\n|upkeep\n|turn|17\n|\n|t:|1771260034\n|move|p1a: Kingambit|Sucker Punch||[still]\n|-fail|p1a: Kingambit\n|move|p2a: William O' Wisp|Light Screen|p2a: William O' Wisp\n|-sidestart|p2: Shockmoth|move: Light Screen\n|\n|upkeep\n|turn|18\n|\n|t:|1771260036\n|move|p2a: William O' Wisp|Volt Switch|p1a: Kingambit\n|-damage|p1a: Kingambit|0 fnt\n|faint|p1a: Kingambit\n|-end|p1a: Kingambit|fallen3|[silent]\n|\n|t:|1771260039\n|switch|p2a: Finger Eleven|Frosmoth, F, shiny|88/100|[from] Volt Switch\n|\n|-fieldend|move: Electric Terrain\n|upkeep\n|\n|t:|1771260041\n|switch|p1a: Enamorus|Enamorus, F, tera:Stellar|82/100\n|turn|19\n|\n|t:|1771260046\n|move|p1a: Enamorus|Superpower|p2a: Finger Eleven\n|-damage|p2a: Finger Eleven|31/100\n|-boost|p1a: Enamorus|atk|1\n|-boost|p1a: Enamorus|def|1\n|move|p2a: Finger Eleven|Quiver Dance|p2a: Finger Eleven\n|-boost|p2a: Finger Eleven|spa|1\n|-boost|p2a: Finger Eleven|spd|1\n|-boost|p2a: Finger Eleven|spe|1\n|\n|upkeep\n|turn|20\n|\n|t:|1771260049\n|move|p2a: Finger Eleven|Ice Beam|p1a: Enamorus\n|-supereffective|p1a: Enamorus\n|-damage|p1a: Enamorus|0 fnt\n|faint|p1a: Enamorus\n|\n|upkeep\n|\n|t:|1771260050\n|switch|p1a: Kyurem|Kyurem|100/100\n|-ability|p1a: Kyurem|Pressure\n|turn|21\n|\n|t:|1771260053\n|move|p1a: Kyurem|Ice Beam|p2a: Finger Eleven\n|-resisted|p2a: Finger Eleven\n|-damage|p2a: Finger Eleven|26/100\n|move|p2a: Finger Eleven|Ice Beam|p1a: Kyurem\n|-damage|p1a: Kyurem|40/100\n|\n|upkeep\n|turn|22\n|\n|t:|1771260055\n|move|p1a: Kyurem|Ice Beam|p2a: Finger Eleven\n|-resisted|p2a: Finger Eleven\n|-damage|p2a: Finger Eleven|21/100\n|move|p2a: Finger Eleven|Ice Beam|p1a: Kyurem\n|-damage|p1a: Kyurem|0 fnt\n|faint|p1a: Kyurem\n|\n|win|Shockmoth\n|raw|Mr Tpen's rating: 1865 &rarr; <strong>1847</strong><br />(-18 for losing)\n|raw|Shockmoth's rating: 1893 &rarr; <strong>1911</strong><br />(+18 for winning)\n|l|☆Mr Tpen\n|player|p1|\n|l|☆Shockmoth\n|player|p2|\n|j|☆Shockmoth\n|player|p2|Shockmoth|wattson|\n", "uploadtime": 1771260070, "views": 6, "formatid": "gen9ou", "rating": 1847, "private": 0, "password": null}