{"id": "gen9ou-2639289191", "format": "[Gen 9] OU", "players": ["kamata", "msean3"], "log": "|j|☆kamata\n|j|‽msean3\n|t:|1782446607\n|gametype|singles\n|player|p1|kamata|fantina|1466\n|player|p2|msean3|101|1565\n|gen|9\n|tier|[Gen 9] OU\n|rated|\n|rule|HP Percentage Mod: HP is shown in percentages\n|rule|Endless Battle Clause: Forcing endless battles is banned\n|rule|Species Clause: Limit one of each Pokémon\n|rule|OHKO Clause: OHKO moves are banned\n|rule|Evasion Items Clause: Evasion items are banned\n|rule|Evasion Moves Clause: Evasion moves are banned\n|rule|Evasion Abilities Clause: Evasion abilities are banned\n|rule|Sleep Moves Clause: Sleep-inducing moves are banned\n|clearpoke\n|poke|p1|Deoxys-Speed|\n|poke|p1|Ceruledge, M|\n|poke|p1|Zamazenta-*|\n|poke|p1|Ogerpon-Wellspring, F|\n|poke|p1|Glimmora, M|\n|poke|p1|Kommo-o, F|\n|poke|p2|Darkrai|\n|poke|p2|Alomomola, M|\n|poke|p2|Corviknight, F|\n|poke|p2|Weezing-Galar, F|\n|poke|p2|Garchomp, F|\n|poke|p2|Ogerpon, F|\n|teampreview\n|\n|t:|1782446626\n|teamsize|p1|6\n|teamsize|p2|6\n|start\n|switch|p1a: Deoxys|Deoxys-Speed|100/100\n|switch|p2a: Darkrai|Darkrai|100/100\n|-ability|p1a: Deoxys|Pressure\n|turn|1\n|inactive|Battle timer is ON: inactive players will automatically lose when time's up. (requested by kamata)\n|\n|t:|1782446634\n|move|p1a: Deoxys|Light Screen|p1a: Deoxys\n|-sidestart|p1: kamata|move: Light Screen\n|move|p2a: Darkrai|Dark Pulse|p1a: Deoxys\n|-supereffective|p1a: Deoxys\n|-damage|p1a: Deoxys|27/100\n|\n|upkeep\n|turn|2\n|\n|t:|1782446645\n|move|p1a: Deoxys|Reflect|p1a: Deoxys\n|-sidestart|p1: kamata|Reflect\n|move|p2a: Darkrai|Dark Pulse|p1a: Deoxys\n|-supereffective|p1a: Deoxys\n|-damage|p1a: Deoxys|0 fnt\n|faint|p1a: Deoxys\n|\n|upkeep\n|\n|t:|1782446652\n|switch|p1a: Glimmora|Glimmora, M|100/100\n|turn|3\n|\n|t:|1782446663\n|switch|p2a: Alomomola|Alomomola, M|100/100\n|move|p1a: Glimmora|Stealth Rock|p2a: Alomomola\n|-sidestart|p2: msean3|move: Stealth Rock\n|\n|upkeep\n|turn|4\n|\n|t:|1782446668\n|move|p1a: Glimmora|Meteor Beam||[still]\n|-prepare|p1a: Glimmora|Meteor Beam\n|-boost|p1a: Glimmora|spa|1\n|-enditem|p1a: Glimmora|Power Herb\n|-anim|p1a: Glimmora|Meteor Beam|p2a: Alomomola\n|-damage|p2a: Alomomola|55/100\n|move|p2a: Alomomola|Flip Turn|p1a: Glimmora\n|-supereffective|p1a: Glimmora\n|-damage|p1a: Glimmora|80/100\n|-activate|p1a: Glimmora|ability: Toxic Debris\n|-sidestart|p2: msean3|move: Toxic Spikes\n|\n|t:|1782446671\n|switch|p2a: Corviknight|Corviknight, F|100/100|[from] Flip Turn\n|-damage|p2a: Corviknight|88/100|[from] Stealth Rock\n|-ability|p2a: Corviknight|Pressure\n|\n|-heal|p2a: Corviknight|94/100|[from] item: Leftovers\n|upkeep\n|turn|5\n|\n|t:|1782446679\n|move|p1a: Glimmora|Meteor Beam||[still]\n|-prepare|p1a: Glimmora|Meteor Beam\n|-boost|p1a: Glimmora|spa|1\n|move|p2a: Corviknight|Defog|p1a: Glimmora\n|-unboost|p1a: Glimmora|evasion|1\n|-sideend|p1: kamata|Reflect\n|-sideend|p1: kamata|move: Light Screen\n|-sideend|p2: msean3|Toxic Spikes|[from] move: Defog|[of] p2a: Corviknight\n|-sideend|p2: msean3|Stealth Rock|[from] move: Defog|[of] p2a: Corviknight\n|\n|-heal|p2a: Corviknight|100/100|[from] item: Leftovers\n|upkeep\n|turn|6\n|\n|t:|1782446682\n|switch|p2a: Alomomola|Alomomola, M|88/100\n|move|p1a: Glimmora|Meteor Beam|p2a: Alomomola|[from] lockedmove\n|-damage|p2a: Alomomola|25/100\n|\n|upkeep\n|turn|7\n|\n|t:|1782446690\n|switch|p2a: Garchomp|Garchomp, F|100/100\n|move|p1a: Glimmora|Meteor Beam||[still]\n|-prepare|p1a: Glimmora|Meteor Beam\n|-boost|p1a: Glimmora|spa|1\n|\n|upkeep\n|turn|8\n|\n|t:|1782446693\n|move|p1a: Glimmora|Meteor Beam|p2a: Garchomp|[from] lockedmove\n|-resisted|p2a: Garchomp\n|-damage|p2a: Garchomp|31/100\n|move|p2a: Garchomp|Earthquake|p1a: Glimmora\n|-supereffective|p1a: Glimmora\n|-damage|p1a: Glimmora|0 fnt\n|-activate|p1a: Glimmora|ability: Toxic Debris\n|-sidestart|p2: msean3|move: Toxic Spikes\n|faint|p1a: Glimmora\n|\n|upkeep\n|\n|t:|1782446697\n|switch|p1a: Kommo-o|Kommo-o, F|100/100\n|turn|9\n|\n|t:|1782446701\n|switch|p2a: Corviknight|Corviknight, F|100/100\n|-ability|p2a: Corviknight|Pressure\n|-terastallize|p1a: Kommo-o|Normal\n|move|p1a: Kommo-o|Clangorous Soul|p1a: Kommo-o\n|-boost|p1a: Kommo-o|atk|1\n|-boost|p1a: Kommo-o|def|1\n|-boost|p1a: Kommo-o|spa|1\n|-boost|p1a: Kommo-o|spd|1\n|-boost|p1a: Kommo-o|spe|1\n|-damage|p1a: Kommo-o|68/100\n|-enditem|p1a: Kommo-o|Throat Spray\n|-boost|p1a: Kommo-o|spa|1|[from] item: Throat Spray\n|\n|upkeep\n|turn|10\n|\n|t:|1782446709\n|move|p1a: Kommo-o|Flamethrower|p2a: Corviknight\n|-supereffective|p2a: Corviknight\n|-crit|p2a: Corviknight\n|-damage|p2a: Corviknight|0 fnt\n|faint|p2a: Corviknight\n|\n|upkeep\n|\n|t:|1782446713\n|switch|p2a: Alomomola|Alomomola, M|58/100\n|-status|p2a: Alomomola|psn\n|turn|11\n|\n|t:|1782446720\n|switch|p2a: Garchomp|Garchomp, F|31/100\n|-status|p2a: Garchomp|psn\n|move|p1a: Kommo-o|Clangorous Soul|p1a: Kommo-o\n|-boost|p1a: Kommo-o|atk|1\n|-boost|p1a: Kommo-o|def|1\n|-boost|p1a: Kommo-o|spa|1\n|-boost|p1a: Kommo-o|spd|1\n|-boost|p1a: Kommo-o|spe|1\n|-damage|p1a: Kommo-o|35/100\n|\n|-damage|p2a: Garchomp|19/100 psn|[from] psn\n|upkeep\n|turn|12\n|\n|t:|1782446726\n|move|p1a: Kommo-o|Boomburst|p2a: Garchomp\n|-damage|p2a: Garchomp|0 fnt\n|faint|p2a: Garchomp\n|\n|upkeep\n|\n|t:|1782446731\n|switch|p2a: Alomomola|Alomomola, M|92/100 psn\n|turn|13\n|\n|t:|1782446734\n|move|p1a: Kommo-o|Drain Punch|p2a: Alomomola\n|-damage|p2a: Alomomola|46/100 psn\n|-heal|p1a: Kommo-o|76/100|[from] drain|[of] p2a: Alomomola\n|move|p2a: Alomomola|Flip Turn|p1a: Kommo-o\n|-damage|p1a: Kommo-o|68/100\n|-message|msean3 forfeited.\n|\n|win|kamata\n|raw|kamata's rating: 1466 &rarr; <strong>1493</strong><br />(+27 for winning)\n|raw|msean3's rating: 1586 &rarr; <strong>1559</strong><br />(-27 for losing)\n|l|‽msean3\n|player|p2|\n|l|☆kamata\n|player|p1|\n", "uploadtime": 1782447088, "views": 3, "formatid": "gen9ou", "rating": 1493, "private": 0, "password": null}