{"id": "gen9ou-2540451746", "format": "[Gen 9] OU", "players": ["Igoodnamename", "waha8"], "log": "|j|☆Igoodnamename\n|j|☆waha8\n|t:|1771203715\n|gametype|singles\n|player|p1|Igoodnamename|darach-caitlin|1630\n|player|p2|waha8|170|1607\n|gen|9\n|tier|[Gen 9] OU\n|rated|\n|rule|HP Percentage Mod: HP is shown in percentages\n|rule|Endless Battle Clause: Forcing endless battles is banned\n|rule|Species Clause: Limit one of each Pokémon\n|rule|OHKO Clause: OHKO moves are banned\n|rule|Evasion Items Clause: Evasion items are banned\n|rule|Evasion Moves Clause: Evasion moves are banned\n|rule|Evasion Abilities Clause: Evasion abilities are banned\n|rule|Sleep Moves Clause: Sleep-inducing moves are banned\n|clearpoke\n|poke|p1|Weezing-Galar, F|\n|poke|p1|Corviknight, M|\n|poke|p1|Alomomola, F|\n|poke|p1|Ting-Lu|\n|poke|p1|Ditto|\n|poke|p1|Kyurem|\n|poke|p2|Tsareena, F|\n|poke|p2|Pelipper, M|\n|poke|p2|Vikavolt, M|\n|poke|p2|Ribombee, M|\n|poke|p2|Dragonite, F|\n|poke|p2|Crawdaunt, F|\n|teampreview\n|j| DarkG99\n|j| hbgzd\n|\n|t:|1771203755\n|teamsize|p1|6\n|teamsize|p2|6\n|start\n|switch|p1a: Kyurem|Kyurem|100/100\n|switch|p2a: Peli|Pelipper, M|100/100\n|-ability|p1a: Kyurem|Pressure\n|-weather|RainDance|[from] ability: Drizzle|[of] p2a: Peli\n|turn|1\n|\n|t:|1771203770\n|move|p1a: Kyurem|Freeze-Dry|p2a: Peli\n|-supereffective|p2a: Peli\n|-damage|p2a: Peli|0 fnt\n|faint|p2a: Peli\n|\n|-weather|RainDance|[upkeep]\n|upkeep\n|\n|t:|1771203775\n|switch|p2a: Mavis|Ribombee, M|100/100\n|turn|2\n|inactive|Battle timer is ON: inactive players will automatically lose when time's up. (requested by waha8)\n|\n|t:|1771203800\n|-terastallize|p1a: Kyurem|Ground\n|move|p2a: Mavis|Trick|p1a: Kyurem\n|-activate|p2a: Mavis|move: Trick|[of] p1a: Kyurem\n|-item|p1a: Kyurem|Choice Scarf|[from] move: Trick\n|-item|p2a: Mavis|Leftovers|[from] move: Trick\n|move|p1a: Kyurem|Freeze-Dry|p2a: Mavis\n|-damage|p2a: Mavis|40/100\n|\n|-weather|RainDance|[upkeep]\n|-heal|p2a: Mavis|46/100|[from] item: Leftovers\n|upkeep\n|turn|3\n|\n|t:|1771203827\n|switch|p2a: F1|Vikavolt, M|100/100\n|move|p1a: Kyurem|Freeze-Dry|p2a: F1\n|-damage|p2a: F1|45/100\n|\n|-weather|RainDance|[upkeep]\n|upkeep\n|turn|4\n|j| IGN Careless\n|\n|t:|1771203840\n|move|p1a: Kyurem|Freeze-Dry|p2a: F1\n|-crit|p2a: F1\n|-damage|p2a: F1|0 fnt\n|faint|p2a: F1\n|\n|-weather|RainDance|[upkeep]\n|upkeep\n|inactive|waha8 has 120 seconds left.\n|\n|t:|1771203853\n|switch|p2a: MotherTeresa|Tsareena, F|100/100\n|turn|5\n|\n|t:|1771203866\n|switch|p1a: Weezing|Weezing-Galar, F|100/100\n|-ability|p1a: Weezing|Neutralizing Gas\n|-terastallize|p2a: MotherTeresa|Ice\n|move|p2a: MotherTeresa|Triple Axel|p1a: Weezing\n|-damage|p1a: Weezing|93/100\n|-damage|p1a: Weezing|80/100\n|-damage|p1a: Weezing|58/100\n|-hitcount|p1a: Weezing|3\n|\n|-weather|RainDance|[upkeep]\n|upkeep\n|turn|6\n|\n|t:|1771203877\n|switch|p2a: Mavis|Ribombee, M|46/100\n|move|p1a: Weezing|Will-O-Wisp|p2a: Mavis\n|-status|p2a: Mavis|brn\n|\n|-weather|RainDance|[upkeep]\n|-heal|p2a: Mavis|53/100 brn|[from] item: Leftovers\n|-damage|p2a: Mavis|46/100 brn|[from] brn\n|upkeep\n|turn|7\n|\n|t:|1771203887\n|-end|p1a: Weezing|ability: Neutralizing Gas\n|switch|p1a: Kyurem|Kyurem, tera:Ground|100/100\n|-ability|p1a: Kyurem|Pressure\n|move|p2a: Mavis|Sticky Web|p1a: Kyurem\n|-sidestart|p1: Igoodnamename|move: Sticky Web\n|\n|-weather|RainDance|[upkeep]\n|-heal|p2a: Mavis|53/100 brn|[from] item: Leftovers\n|-damage|p2a: Mavis|46/100 brn|[from] brn\n|upkeep\n|turn|8\n|\n|t:|1771203897\n|move|p1a: Kyurem|Freeze-Dry|p2a: Mavis\n|-damage|p2a: Mavis|0 fnt\n|faint|p2a: Mavis\n|\n|-weather|none\n|upkeep\n|\n|t:|1771203903\n|switch|p2a: MotherTeresa|Tsareena, F, tera:Ice|100/100\n|turn|9\n|\n|t:|1771203910\n|switch|p1a: Corviknight|Corviknight, M|100/100\n|-ability|p1a: Corviknight|Pressure\n|switch|p2a: Crawdaunt|Crawdaunt, F|100/100\n|\n|upkeep\n|turn|10\n|\n|t:|1771203919\n|move|p2a: Crawdaunt|Knock Off|p1a: Corviknight\n|-damage|p1a: Corviknight|39/100\n|-damage|p2a: Crawdaunt|84/100|[from] item: Rocky Helmet|[of] p1a: Corviknight\n|-enditem|p1a: Corviknight|Rocky Helmet|[from] move: Knock Off|[of] p2a: Crawdaunt\n|move|p1a: Corviknight|U-turn|p2a: Crawdaunt\n|-supereffective|p2a: Crawdaunt\n|-damage|p2a: Crawdaunt|44/100\n|\n|t:|1771203928\n|switch|p1a: Kyurem|Kyurem, tera:Ground|100/100|[from] U-turn\n|-activate|p1a: Kyurem|move: Sticky Web\n|-unboost|p1a: Kyurem|spe|1\n|-ability|p1a: Kyurem|Pressure\n|\n|upkeep\n|turn|11\n|\n|t:|1771203941\n|switch|p2a: MotherTeresa|Tsareena, F, tera:Ice|100/100\n|move|p1a: Kyurem|Freeze-Dry|p2a: MotherTeresa\n|-resisted|p2a: MotherTeresa\n|-damage|p2a: MotherTeresa|79/100\n|\n|upkeep\n|turn|12\n|\n|t:|1771203956\n|switch|p1a: Corviknight|Corviknight, M|39/100\n|-ability|p1a: Corviknight|Pressure\n|move|p2a: MotherTeresa|Triple Axel|p1a: Corviknight\n|-damage|p1a: Corviknight|32/100\n|-damage|p1a: Corviknight|19/100\n|-damage|p1a: Corviknight|0 fnt\n|faint|p1a: Corviknight\n|-hitcount|p1: Corviknight|3\n|\n|upkeep\n|\n|t:|1771203966\n|switch|p1a: Weezing|Weezing-Galar, F|58/100\n|-ability|p1a: Weezing|Neutralizing Gas\n|turn|13\n|\n|t:|1771203971\n|move|p2a: MotherTeresa|Triple Axel|p1a: Weezing\n|-damage|p1a: Weezing|52/100\n|-hitcount|p1a: Weezing|1\n|move|p1a: Weezing|Will-O-Wisp|p2a: MotherTeresa\n|-status|p2a: MotherTeresa|brn\n|\n|-damage|p2a: MotherTeresa|73/100 brn|[from] brn\n|upkeep\n|turn|14\n|\n|t:|1771203980\n|move|p2a: MotherTeresa|Knock Off|p1a: Weezing\n|-resisted|p1a: Weezing\n|-damage|p1a: Weezing|46/100\n|-enditem|p1a: Weezing|Heavy-Duty Boots|[from] move: Knock Off|[of] p2a: MotherTeresa\n|move|p1a: Weezing|Pain Split|p2a: MotherTeresa\n|-sethp|p2a: MotherTeresa|64/100 brn|[from] move: Pain Split|[silent]\n|-sethp|p1a: Weezing|54/100|[from] move: Pain Split\n|\n|-damage|p2a: MotherTeresa|58/100 brn|[from] brn\n|upkeep\n|turn|15\n|\n|t:|1771203990\n|move|p2a: MotherTeresa|Triple Axel|p1a: Weezing\n|-damage|p1a: Weezing|51/100\n|-damage|p1a: Weezing|44/100\n|-damage|p1a: Weezing|33/100\n|-hitcount|p1a: Weezing|3\n|move|p1a: Weezing|Sludge Bomb|p2a: MotherTeresa\n|-damage|p2a: MotherTeresa|26/100 brn\n|\n|-damage|p2a: MotherTeresa|20/100 brn|[from] brn\n|upkeep\n|turn|16\n|j| Ctannn\n|\n|t:|1771203999\n|move|p2a: MotherTeresa|Triple Axel|p1a: Weezing|[miss]\n|-miss|p2a: MotherTeresa|p1a: Weezing\n|move|p1a: Weezing|Sludge Bomb|p2a: MotherTeresa\n|-crit|p2a: MotherTeresa\n|-damage|p2a: MotherTeresa|0 fnt\n|faint|p2a: MotherTeresa\n|\n|upkeep\n|\n|t:|1771204012\n|switch|p2a: DKnight|Dragonite, F|100/100\n|turn|17\n|\n|t:|1771204015\n|move|p2a: DKnight|Earthquake|p1a: Weezing\n|-supereffective|p1a: Weezing\n|-damage|p1a: Weezing|0 fnt\n|faint|p1a: Weezing\n|-end|p1a: Weezing|ability: Neutralizing Gas\n|\n|upkeep\n|j| Samurajen\n|\n|t:|1771204021\n|switch|p1a: Kyurem|Kyurem, tera:Ground|100/100\n|-activate|p1a: Kyurem|move: Sticky Web\n|-unboost|p1a: Kyurem|spe|1\n|-ability|p1a: Kyurem|Pressure\n|turn|18\n|\n|t:|1771204032\n|move|p1a: Kyurem|Freeze-Dry|p2a: DKnight\n|-supereffective|p2a: DKnight\n|-damage|p2a: DKnight|40/100\n|move|p2a: DKnight|Ice Spinner|p1a: Kyurem\n|-supereffective|p1a: Kyurem\n|-damage|p1a: Kyurem|46/100\n|\n|upkeep\n|turn|19\n|j| Nikator98\n|l| Nikator98\n|\n|t:|1771204040\n|move|p2a: DKnight|Extreme Speed|p1a: Kyurem\n|-damage|p1a: Kyurem|18/100\n|move|p1a: Kyurem|Freeze-Dry|p2a: DKnight\n|-supereffective|p2a: DKnight\n|-damage|p2a: DKnight|0 fnt\n|faint|p2a: DKnight\n|\n|upkeep\n|\n|t:|1771204047\n|switch|p2a: Crawdaunt|Crawdaunt, F|44/100\n|turn|20\n|\n|t:|1771204052\n|move|p1a: Kyurem|Freeze-Dry|p2a: Crawdaunt\n|-supereffective|p2a: Crawdaunt\n|-damage|p2a: Crawdaunt|0 fnt\n|faint|p2a: Crawdaunt\n|\n|win|Igoodnamename\n|raw|Igoodnamename's rating: 1630 &rarr; <strong>1649</strong><br />(+19 for winning)\n|raw|waha8's rating: 1607 &rarr; <strong>1588</strong><br />(-19 for losing)\n|c|☆waha8|gg\n|c|☆Igoodnamename|ggs\n|l|☆waha8\n|player|p2|\n|l| DarkG99\n|l|☆Igoodnamename\n|player|p1|\n|l| IGN Careless\n|l| hbgzd\n|l| Ctannn\n", "uploadtime": 1771204290, "views": 10, "formatid": "gen9ou", "rating": 1588, "private": 0, "password": null}