{"id": "gen9ou-2540518571", "format": "[Gen 9] OU", "players": ["stonkystinky", "mrgoob6000"], "log": "|j|☆stonkystinky\n|j|☆mrgoob6000\n|t:|1771212172\n|gametype|singles\n|player|p1|stonkystinky|byron|1532\n|player|p2|mrgoob6000|dawn|1516\n|gen|9\n|tier|[Gen 9] OU\n|rated|\n|rule|HP Percentage Mod: HP is shown in percentages\n|rule|Endless Battle Clause: Forcing endless battles is banned\n|rule|Species Clause: Limit one of each Pokémon\n|rule|OHKO Clause: OHKO moves are banned\n|rule|Evasion Items Clause: Evasion items are banned\n|rule|Evasion Moves Clause: Evasion moves are banned\n|rule|Evasion Abilities Clause: Evasion abilities are banned\n|rule|Sleep Moves Clause: Sleep-inducing moves are banned\n|clearpoke\n|poke|p1|Pelipper, L99, F|\n|poke|p1|Barraskewda, F|\n|poke|p1|Raging Bolt|\n|poke|p1|Golduck, F|\n|poke|p1|Pawmot, F|\n|poke|p1|Tentacruel, F|\n|poke|p2|Dragapult, M|\n|poke|p2|Rillaboom, M|\n|poke|p2|Landorus-Therian, M|\n|poke|p2|Cinderace, M|\n|poke|p2|Kingambit, M|\n|poke|p2|Iron Valiant|\n|teampreview\n|inactive|Battle timer is ON: inactive players will automatically lose when time's up. (requested by mrgoob6000)\n|\n|t:|1771212181\n|teamsize|p1|6\n|teamsize|p2|6\n|start\n|switch|p1a: Spaghetti Too|Tentacruel, F|100/100\n|switch|p2a: Rillaboom|Rillaboom, M|100/100\n|-fieldstart|move: Grassy Terrain|[from] ability: Grassy Surge|[of] p2a: Rillaboom\n|turn|1\n|\n|t:|1771212185\n|move|p2a: Rillaboom|Wood Hammer|p1a: Spaghetti Too\n|-damage|p1a: Spaghetti Too|0 fnt\n|faint|p1a: Spaghetti Too\n|-damage|p2a: Rillaboom|67/100|[from] Recoil\n|\n|-heal|p2a: Rillaboom|73/100|[from] Grassy Terrain\n|upkeep\n|\n|t:|1771212193\n|switch|p1a: Great Neck|Raging Bolt|100/100\n|turn|2\n|\n|t:|1771212201\n|switch|p2a: Iron Valiant|Iron Valiant|100/100\n|-enditem|p2a: Iron Valiant|Booster Energy\n|-activate|p2a: Iron Valiant|ability: Quark Drive|[fromitem]\n|-start|p2a: Iron Valiant|quarkdrivespe\n|-end|p1a: Great Neck|Protosynthesis|[silent]\n|switch|p1a: Ghoti carrier|Pelipper, L99, F|100/100\n|-weather|RainDance|[from] ability: Drizzle|[of] p1a: Ghoti carrier\n|\n|-weather|RainDance|[upkeep]\n|upkeep\n|turn|3\n|\n|t:|1771212205\n|move|p2a: Iron Valiant|Knock Off|p1a: Ghoti carrier\n|-crit|p1a: Ghoti carrier\n|-damage|p1a: Ghoti carrier|66/100\n|-enditem|p1a: Ghoti carrier|Damp Rock|[from] move: Knock Off|[of] p2a: Iron Valiant\n|move|p1a: Ghoti carrier|Hurricane|p2a: Iron Valiant\n|-supereffective|p2a: Iron Valiant\n|-damage|p2a: Iron Valiant|0 fnt\n|faint|p2a: Iron Valiant\n|-end|p2a: Iron Valiant|Quark Drive|[silent]\n|\n|-weather|RainDance|[upkeep]\n|upkeep\n|\n|t:|1771212218\n|switch|p2a: Rillaboom|Rillaboom, M|73/100\n|turn|4\n|\n|t:|1771212226\n|switch|p1a: Great Neck|Raging Bolt|100/100\n|move|p2a: Rillaboom|Wood Hammer|p1a: Great Neck\n|-resisted|p1a: Great Neck\n|-damage|p1a: Great Neck|44/100\n|-damage|p2a: Rillaboom|52/100|[from] Recoil\n|\n|-weather|RainDance|[upkeep]\n|-heal|p2a: Rillaboom|58/100|[from] Grassy Terrain\n|-heal|p1a: Great Neck|51/100|[from] Grassy Terrain\n|-heal|p1a: Great Neck|57/100|[from] item: Leftovers\n|upkeep\n|turn|5\n|\n|t:|1771212234\n|move|p2a: Rillaboom|Wood Hammer|p1a: Great Neck\n|-resisted|p1a: Great Neck\n|-damage|p1a: Great Neck|0 fnt\n|faint|p1a: Great Neck\n|-end|p1a: Great Neck|Protosynthesis|[silent]\n|-damage|p2a: Rillaboom|37/100|[from] Recoil\n|\n|-weather|RainDance|[upkeep]\n|-heal|p2a: Rillaboom|43/100|[from] Grassy Terrain\n|-fieldend|move: Grassy Terrain\n|upkeep\n|\n|t:|1771212245\n|switch|p1a: Really want eject|Pawmot, F|100/100\n|turn|6\n|\n|t:|1771212249\n|switch|p2a: Landorus|Landorus-Therian, M|100/100\n|-ability|p2a: Landorus|Intimidate|boost\n|-unboost|p1a: Really want eject|atk|1\n|move|p1a: Really want eject|Nuzzle|p2a: Landorus\n|-immune|p2a: Landorus\n|\n|-weather|RainDance|[upkeep]\n|upkeep\n|turn|7\n|\n|t:|1771212255\n|move|p1a: Really want eject|Revival Blessing|p1a: Really want eject\n|-enditem|p1a: Really want eject|Leppa Berry|[eat]\n|-activate|p1a: Really want eject|item: Leppa Berry|Revival Blessing|[consumed]\n|\n|t:|1771212257\n|-heal|p1: Great Neck|50/100|[from] move: Revival Blessing\n|move|p2a: Landorus|Stealth Rock|p1a: Really want eject\n|-sidestart|p1: stonkystinky|move: Stealth Rock\n|\n|-weather|RainDance|[upkeep]\n|upkeep\n|turn|8\n|\n|t:|1771212268\n|move|p1a: Really want eject|Revival Blessing|p1a: Really want eject\n|\n|t:|1771212270\n|-heal|p1: Spaghetti Too|50/100|[from] move: Revival Blessing\n|move|p2a: Landorus|Earth Power|p1a: Really want eject\n|-supereffective|p1a: Really want eject\n|-damage|p1a: Really want eject|4/100\n|\n|-weather|RainDance|[upkeep]\n|upkeep\n|turn|9\n|\n|t:|1771212278\n|move|p1a: Really want eject|Close Combat|p2a: Landorus\n|-resisted|p2a: Landorus\n|-damage|p2a: Landorus|86/100\n|-unboost|p1a: Really want eject|def|1\n|-unboost|p1a: Really want eject|spd|1\n|-damage|p1a: Really want eject|0 fnt|[from] item: Rocky Helmet|[of] p2a: Landorus\n|faint|p1a: Really want eject\n|move|p2a: Landorus|U-turn|p1: Really want eject|[notarget]\n|-fail|p2a: Landorus\n|\n|-weather|none\n|upkeep\n|\n|t:|1771212285\n|switch|p1a: ExSkewda Me|Barraskewda, F|100/100\n|-damage|p1a: ExSkewda Me|88/100|[from] Stealth Rock\n|turn|10\n|\n|t:|1771212292\n|switch|p2a: Cinderace|Cinderace, M|100/100\n|move|p1a: ExSkewda Me|Flip Turn|p2a: Cinderace\n|-supereffective|p2a: Cinderace\n|-damage|p2a: Cinderace|0 fnt\n|faint|p2a: Cinderace\n|\n|t:|1771212295\n|switch|p1a: Ghoti carrier|Pelipper, L99, F|66/100|[from] Flip Turn\n|-damage|p1a: Ghoti carrier|42/100|[from] Stealth Rock\n|-weather|RainDance|[from] ability: Drizzle|[of] p1a: Ghoti carrier\n|\n|-weather|RainDance|[upkeep]\n|upkeep\n|\n|t:|1771212301\n|switch|p2a: Rillaboom|Rillaboom, M|43/100\n|-fieldstart|move: Grassy Terrain|[from] ability: Grassy Surge|[of] p2a: Rillaboom\n|turn|11\n|inactive|stonkystinky has 120 seconds left.\n|inactive|stonkystinky has 90 seconds left.\n|\n|t:|1771212362\n|switch|p1a: Seaking Duck|Golduck, F, shiny|100/100\n|-damage|p1a: Seaking Duck|88/100|[from] Stealth Rock\n|move|p2a: Rillaboom|U-turn|p1a: Seaking Duck\n|-damage|p1a: Seaking Duck|34/100\n|\n|t:|1771212371\n|switch|p2a: Kingambit|Kingambit, M|100/100|[from] U-turn\n|-activate|p2a: Kingambit|ability: Supreme Overlord\n|-start|p2a: Kingambit|fallen2|[silent]\n|\n|-weather|RainDance|[upkeep]\n|-heal|p1a: Seaking Duck|40/100|[from] Grassy Terrain\n|upkeep\n|turn|12\n|\n|t:|1771212374\n|move|p2a: Kingambit|Sucker Punch||[still]\n|-fail|p2a: Kingambit\n|move|p1a: Seaking Duck|Nasty Plot|p1a: Seaking Duck\n|-boost|p1a: Seaking Duck|spa|2\n|\n|-weather|RainDance|[upkeep]\n|-heal|p1a: Seaking Duck|46/100|[from] Grassy Terrain\n|upkeep\n|turn|13\n|\n|t:|1771212382\n|move|p2a: Kingambit|Sucker Punch|p1a: Seaking Duck\n|-damage|p1a: Seaking Duck|0 fnt\n|faint|p1a: Seaking Duck\n|\n|-weather|RainDance|[upkeep]\n|upkeep\n|\n|t:|1771212384\n|switch|p1a: Spaghetti Too|Tentacruel, F|50/100\n|-damage|p1a: Spaghetti Too|38/100|[from] Stealth Rock\n|turn|14\n|\n|t:|1771212387\n|move|p2a: Kingambit|Kowtow Cleave|p1a: Spaghetti Too\n|-crit|p1a: Spaghetti Too\n|-damage|p1a: Spaghetti Too|0 fnt\n|faint|p1a: Spaghetti Too\n|\n|-weather|none\n|upkeep\n|\n|t:|1771212392\n|switch|p1a: ExSkewda Me|Barraskewda, F|88/100\n|-damage|p1a: ExSkewda Me|76/100|[from] Stealth Rock\n|turn|15\n|\n|t:|1771212396\n|move|p2a: Kingambit|Sucker Punch|p1a: ExSkewda Me\n|-damage|p1a: ExSkewda Me|0 fnt\n|faint|p1a: ExSkewda Me\n|\n|-fieldend|move: Grassy Terrain\n|upkeep\n|\n|t:|1771212400\n|switch|p1a: Ghoti carrier|Pelipper, L99, F|42/100\n|-damage|p1a: Ghoti carrier|17/100|[from] Stealth Rock\n|-weather|RainDance|[from] ability: Drizzle|[of] p1a: Ghoti carrier\n|turn|16\n|\n|t:|1771212403\n|move|p2a: Kingambit|Kowtow Cleave|p1a: Ghoti carrier\n|-damage|p1a: Ghoti carrier|0 fnt\n|faint|p1a: Ghoti carrier\n|\n|-weather|RainDance|[upkeep]\n|upkeep\n|-message|stonkystinky forfeited.\n|\n|win|mrgoob6000\n|raw|stonkystinky's rating: 1532 &rarr; <strong>1511</strong><br />(-21 for losing)\n|raw|mrgoob6000's rating: 1516 &rarr; <strong>1537</strong><br />(+21 for winning)\n|l|☆stonkystinky\n|player|p1|\n|l|☆mrgoob6000\n|player|p2|\n", "uploadtime": 1771212669, "views": 6, "formatid": "gen9ou", "rating": 1511, "private": 0, "password": null}