{"id": "gen9ou-2639301399", "format": "[Gen 9] OU", "players": ["Dreilek", "thepeakmons"], "log": "|j|☆Dreilek\n|j|☆thepeakmons\n|t:|1782448853\n|gametype|singles\n|player|p1|Dreilek|benga|1401\n|player|p2|thepeakmons|101|1383\n|gen|9\n|tier|[Gen 9] OU\n|rated|\n|rule|HP Percentage Mod: HP is shown in percentages\n|rule|Endless Battle Clause: Forcing endless battles is banned\n|rule|Species Clause: Limit one of each Pokémon\n|rule|OHKO Clause: OHKO moves are banned\n|rule|Evasion Items Clause: Evasion items are banned\n|rule|Evasion Moves Clause: Evasion moves are banned\n|rule|Evasion Abilities Clause: Evasion abilities are banned\n|rule|Sleep Moves Clause: Sleep-inducing moves are banned\n|clearpoke\n|poke|p1|Torkoal, F|\n|poke|p1|Great Tusk|\n|poke|p1|Walking Wake|\n|poke|p1|Raging Bolt|\n|poke|p1|Venusaur, M|\n|poke|p1|Hatterene, F|\n|poke|p2|Dondozo, M|\n|poke|p2|Clodsire, F|\n|poke|p2|Corviknight, M|\n|poke|p2|Slowking-Galar, F|\n|poke|p2|Gholdengo|\n|poke|p2|Garganacl, F|\n|teampreview\n|inactive|Battle timer is ON: inactive players will automatically lose when time's up. (requested by thepeakmons)\n|\n|t:|1782448872\n|teamsize|p1|6\n|teamsize|p2|6\n|start\n|switch|p1a: Venusaur|Venusaur, M, shiny|100/100\n|switch|p2a: Clodsire|Clodsire, F|100/100\n|turn|1\n|\n|t:|1782448890\n|move|p1a: Venusaur|Earthquake|p2a: Clodsire\n|-supereffective|p2a: Clodsire\n|-damage|p2a: Clodsire|46/100\n|-damage|p1a: Venusaur|91/100|[from] item: Life Orb\n|move|p2a: Clodsire|Stealth Rock|p1a: Venusaur\n|-sidestart|p1: Dreilek|move: Stealth Rock\n|\n|upkeep\n|turn|2\n|\n|t:|1782448898\n|switch|p1a: Raging Bolt|Raging Bolt|100/100\n|-damage|p1a: Raging Bolt|88/100|[from] Stealth Rock\n|switch|p2a: Corviknight|Corviknight, M|100/100\n|-ability|p2a: Corviknight|Pressure\n|\n|-heal|p1a: Raging Bolt|94/100|[from] item: Leftovers\n|upkeep\n|turn|3\n|\n|t:|1782448910\n|switch|p2a: Clodsire|Clodsire, F|46/100\n|move|p1a: Raging Bolt|Dragon Pulse|p2a: Clodsire\n|-damage|p2a: Clodsire|17/100\n|\n|-heal|p1a: Raging Bolt|100/100|[from] item: Leftovers\n|upkeep\n|turn|4\n|\n|t:|1782448928\n|switch|p2a: Slowking|Slowking-Galar, F|100/100\n|move|p1a: Raging Bolt|Dragon Pulse|p2a: Slowking\n|-damage|p2a: Slowking|72/100\n|\n|upkeep\n|turn|5\n|\n|t:|1782448946\n|-end|p1a: Raging Bolt|Protosynthesis|[silent]\n|switch|p1a: Hatterene|Hatterene, F, shiny|100/100\n|-damage|p1a: Hatterene|88/100|[from] Stealth Rock\n|move|p2a: Slowking|Ice Beam|p1a: Hatterene\n|-damage|p1a: Hatterene|74/100\n|\n|upkeep\n|turn|6\n|\n|t:|1782448964\n|move|p1a: Hatterene|Psyshock|p2a: Slowking\n|-damage|p2a: Slowking|29/100\n|move|p2a: Slowking|Sludge Bomb|p1a: Hatterene\n|-supereffective|p1a: Hatterene\n|-damage|p1a: Hatterene|28/100\n|-status|p1a: Hatterene|psn\n|\n|-damage|p1a: Hatterene|16/100 psn|[from] psn\n|upkeep\n|turn|7\n|\n|t:|1782448977\n|switch|p2a: Garganacl|Garganacl, F|100/100\n|move|p1a: Hatterene|Mystical Fire|p2a: Garganacl\n|-resisted|p2a: Garganacl\n|-damage|p2a: Garganacl|90/100\n|-unboost|p2a: Garganacl|spa|1\n|\n|-heal|p2a: Garganacl|96/100|[from] item: Leftovers\n|-damage|p1a: Hatterene|4/100 psn|[from] psn\n|upkeep\n|turn|8\n|inactive|thepeakmons has 120 seconds left.\n|\n|t:|1782448994\n|switch|p1a: Great Tusk|Great Tusk, shiny|100/100\n|move|p2a: Garganacl|Salt Cure|p1a: Great Tusk\n|-resisted|p1a: Great Tusk\n|-damage|p1a: Great Tusk|98/100\n|-start|p1a: Great Tusk|Salt Cure\n|\n|-heal|p2a: Garganacl|100/100|[from] item: Leftovers\n|-damage|p1a: Great Tusk|86/100|[from] Salt Cure\n|upkeep\n|turn|9\n|inactive|thepeakmons has 120 seconds left.\n|\n|t:|1782449008\n|switch|p2a: Corviknight|Corviknight, M|100/100\n|-ability|p2a: Corviknight|Pressure\n|move|p1a: Great Tusk|Ice Spinner|p2a: Corviknight\n|-damage|p2a: Corviknight|87/100\n|\n|-damage|p1a: Great Tusk|73/100|[from] Salt Cure\n|upkeep\n|turn|10\n|inactive|thepeakmons has 120 seconds left.\n|\n|t:|1782449028\n|move|p1a: Great Tusk|Rapid Spin|p2a: Corviknight\n|-resisted|p2a: Corviknight\n|-damage|p2a: Corviknight|83/100\n|-boost|p1a: Great Tusk|spe|1\n|-sideend|p1: Dreilek|Stealth Rock|[from] move: Rapid Spin|[of] p1a: Great Tusk\n|move|p2a: Corviknight|Brave Bird|p1a: Great Tusk\n|-supereffective|p1a: Great Tusk\n|-damage|p1a: Great Tusk|29/100\n|-damage|p2a: Corviknight|67/100|[from] Recoil\n|\n|-damage|p1a: Great Tusk|17/100|[from] Salt Cure\n|upkeep\n|turn|11\n|\n|t:|1782449043\n|-end|p1a: Great Tusk|Protosynthesis|[silent]\n|switch|p1a: Raging Bolt|Raging Bolt|100/100\n|switch|p2a: Slowking|Slowking-Galar, F|62/100\n|\n|upkeep\n|turn|12\n|\n|t:|1782449066\n|-terastallize|p1a: Raging Bolt|Fairy\n|move|p1a: Raging Bolt|Calm Mind|p1a: Raging Bolt\n|-boost|p1a: Raging Bolt|spa|1\n|-boost|p1a: Raging Bolt|spd|1\n|move|p2a: Slowking|Ice Beam|p1a: Raging Bolt\n|-damage|p1a: Raging Bolt|86/100\n|\n|-heal|p1a: Raging Bolt|93/100|[from] item: Leftovers\n|upkeep\n|turn|13\n|\n|t:|1782449081\n|switch|p2a: Gholdengo|Gholdengo|100/100\n|move|p1a: Raging Bolt|Thunderbolt|p2a: Gholdengo\n|-damage|p2a: Gholdengo|22/100\n|-status|p2a: Gholdengo|par\n|\n|-heal|p1a: Raging Bolt|99/100|[from] item: Leftovers\n|upkeep\n|turn|14\n|\n|t:|1782449095\n|switch|p2a: Slowking|Slowking-Galar, F|95/100\n|move|p1a: Raging Bolt|Thunderbolt|p2a: Slowking\n|-damage|p2a: Slowking|47/100\n|\n|-heal|p1a: Raging Bolt|100/100|[from] item: Leftovers\n|upkeep\n|turn|15\n|\n|t:|1782449106\n|switch|p2a: Gholdengo|Gholdengo|22/100 par\n|move|p1a: Raging Bolt|Thunderbolt|p2a: Gholdengo\n|-damage|p2a: Gholdengo|0 fnt\n|faint|p2a: Gholdengo\n|\n|upkeep\n|inactive|thepeakmons has 90 seconds left.\n|\n|t:|1782449127\n|switch|p2a: Slowking|Slowking-Galar, F|80/100\n|turn|16\n|inactive|thepeakmons has 90 seconds left.\n|\n|t:|1782449143\n|move|p1a: Raging Bolt|Thunderbolt|p2a: Slowking\n|-damage|p2a: Slowking|30/100\n|move|p2a: Slowking|Sludge Bomb|p1a: Raging Bolt\n|-supereffective|p1a: Raging Bolt\n|-damage|p1a: Raging Bolt|57/100\n|-status|p1a: Raging Bolt|psn\n|\n|-heal|p1a: Raging Bolt|63/100 psn|[from] item: Leftovers\n|-damage|p1a: Raging Bolt|51/100 psn|[from] psn\n|upkeep\n|turn|17\n|\n|t:|1782449156\n|switch|p2a: Clodsire|Clodsire, F|17/100\n|move|p1a: Raging Bolt|Dragon Pulse|p2a: Clodsire\n|-damage|p2a: Clodsire|0 fnt\n|faint|p2a: Clodsire\n|\n|-heal|p1a: Raging Bolt|57/100 psn|[from] item: Leftovers\n|-damage|p1a: Raging Bolt|45/100 psn|[from] psn\n|upkeep\n|\n|t:|1782449170\n|switch|p2a: Slowking|Slowking-Galar, F|64/100\n|turn|18\n|\n|t:|1782449176\n|move|p1a: Raging Bolt|Thunderbolt|p2a: Slowking\n|-damage|p2a: Slowking|12/100\n|move|p2a: Slowking|Sludge Bomb|p1a: Raging Bolt\n|-supereffective|p1a: Raging Bolt\n|-damage|p1a: Raging Bolt|0 fnt\n|faint|p1a: Raging Bolt\n|-end|p1a: Raging Bolt|Protosynthesis|[silent]\n|\n|upkeep\n|\n|t:|1782449186\n|switch|p1a: Walking Wake|Walking Wake|100/100\n|turn|19\n|inactive|thepeakmons has 90 seconds left.\n|\n|t:|1782449196\n|switch|p2a: Dondozo|Dondozo, M|100/100\n|move|p1a: Walking Wake|Flip Turn|p2a: Dondozo\n|-resisted|p2a: Dondozo\n|-damage|p2a: Dondozo|97/100\n|\n|t:|1782449203\n|-end|p1a: Walking Wake|Protosynthesis|[silent]\n|switch|p1a: Torkoal|Torkoal, F, shiny|100/100|[from] Flip Turn\n|-weather|SunnyDay|[from] ability: Drought|[of] p1a: Torkoal\n|\n|-weather|SunnyDay|[upkeep]\n|upkeep\n|turn|20\n|\n|t:|1782449210\n|move|p2a: Dondozo|Wave Crash|p1a: Torkoal\n|-supereffective|p1a: Torkoal\n|-damage|p1a: Torkoal|80/100\n|-damage|p2a: Dondozo|92/100|[from] Recoil\n|move|p1a: Torkoal|Stealth Rock|p2a: Dondozo\n|-sidestart|p2: thepeakmons|move: Stealth Rock\n|\n|-weather|SunnyDay|[upkeep]\n|upkeep\n|turn|21\n|\n|t:|1782449222\n|switch|p2a: Garganacl|Garganacl, F|100/100\n|-damage|p2a: Garganacl|88/100|[from] Stealth Rock\n|move|p1a: Torkoal|Will-O-Wisp|p2a: Garganacl\n|-immune|p2a: Garganacl|[from] ability: Purifying Salt\n|\n|-weather|SunnyDay|[upkeep]\n|-heal|p2a: Garganacl|94/100|[from] item: Leftovers\n|upkeep\n|turn|22\n|\n|t:|1782449234\n|move|p2a: Garganacl|Salt Cure|p1a: Torkoal\n|-supereffective|p1a: Torkoal\n|-damage|p1a: Torkoal|64/100\n|-start|p1a: Torkoal|Salt Cure\n|move|p1a: Torkoal|Body Press|p2a: Garganacl\n|-supereffective|p2a: Garganacl\n|-damage|p2a: Garganacl|60/100\n|\n|-weather|SunnyDay|[upkeep]\n|-heal|p2a: Garganacl|66/100|[from] item: Leftovers\n|-damage|p1a: Torkoal|51/100|[from] Salt Cure\n|upkeep\n|turn|23\n|\n|t:|1782449247\n|switch|p1a: Venusaur|Venusaur, M, shiny|91/100\n|move|p2a: Garganacl|Salt Cure|p1a: Venusaur\n|-crit|p1a: Venusaur\n|-damage|p1a: Venusaur|59/100\n|-start|p1a: Venusaur|Salt Cure\n|\n|-weather|SunnyDay|[upkeep]\n|-heal|p2a: Garganacl|73/100|[from] item: Leftovers\n|-damage|p1a: Venusaur|46/100|[from] Salt Cure\n|upkeep\n|turn|24\n|\n|t:|1782449254\n|switch|p1a: Walking Wake|Walking Wake|100/100\n|-activate|p1a: Walking Wake|ability: Protosynthesis\n|-start|p1a: Walking Wake|protosynthesisspe\n|move|p2a: Garganacl|Protect||[still]\n|-fail|p2a: Garganacl\n|\n|-weather|SunnyDay|[upkeep]\n|-heal|p2a: Garganacl|79/100|[from] item: Leftovers\n|upkeep\n|turn|25\n|\n|t:|1782449271\n|move|p2a: Garganacl|Protect|p2a: Garganacl\n|-singleturn|p2a: Garganacl|Protect\n|move|p1a: Walking Wake|Draco Meteor|p2a: Garganacl\n|-activate|p2a: Garganacl|move: Protect\n|\n|-weather|SunnyDay|[upkeep]\n|-heal|p2a: Garganacl|85/100|[from] item: Leftovers\n|upkeep\n|turn|26\n|\n|t:|1782449280\n|move|p1a: Walking Wake|Draco Meteor|p2a: Garganacl\n|-damage|p2a: Garganacl|8/100\n|-unboost|p1a: Walking Wake|spa|2\n|move|p2a: Garganacl|Salt Cure|p1a: Walking Wake\n|-crit|p1a: Walking Wake\n|-damage|p1a: Walking Wake|76/100\n|-start|p1a: Walking Wake|Salt Cure\n|\n|-weather|none\n|-end|p1a: Walking Wake|Protosynthesis\n|-heal|p2a: Garganacl|14/100|[from] item: Leftovers\n|-damage|p1a: Walking Wake|51/100|[from] Salt Cure\n|upkeep\n|turn|27\n|\n|t:|1782449289\n|-end|p1a: Walking Wake|Protosynthesis|[silent]\n|switch|p1a: Great Tusk|Great Tusk, shiny|17/100\n|move|p2a: Garganacl|Protect||[still]\n|-fail|p2a: Garganacl\n|\n|-heal|p2a: Garganacl|20/100|[from] item: Leftovers\n|upkeep\n|turn|28\n|inactive|thepeakmons has 120 seconds left.\n|\n|t:|1782449303\n|switch|p2a: Corviknight|Corviknight, M|67/100\n|-ability|p2a: Corviknight|Pressure\n|move|p1a: Great Tusk|Bulk Up|p1a: Great Tusk\n|-boost|p1a: Great Tusk|atk|1\n|-boost|p1a: Great Tusk|def|1\n|\n|upkeep\n|turn|29\n|inactive|thepeakmons has 120 seconds left.\n|\n|t:|1782449316\n|move|p1a: Great Tusk|Ice Spinner|p2a: Corviknight\n|-damage|p2a: Corviknight|46/100\n|move|p2a: Corviknight|Brave Bird|p1a: Great Tusk\n|-supereffective|p1a: Great Tusk\n|-damage|p1a: Great Tusk|0 fnt\n|faint|p1a: Great Tusk\n|-end|p1a: Great Tusk|Protosynthesis|[silent]\n|-damage|p2a: Corviknight|40/100|[from] Recoil\n|\n|upkeep\n|\n|t:|1782449320\n|switch|p1a: Walking Wake|Walking Wake|51/100\n|turn|30\n|inactive|thepeakmons has 120 seconds left.\n|\n|t:|1782449332\n|switch|p2a: Dondozo|Dondozo, M|92/100\n|move|p1a: Walking Wake|Draco Meteor|p2a: Dondozo\n|-damage|p2a: Dondozo|0 fnt\n|-unboost|p1a: Walking Wake|spa|2\n|faint|p2a: Dondozo\n|\n|upkeep\n|inactive|thepeakmons has 120 seconds left.\n|\n|t:|1782449340\n|switch|p2a: Corviknight|Corviknight, M|40/100\n|-ability|p2a: Corviknight|Pressure\n|turn|31\n|inactive|thepeakmons has 120 seconds left.\n|\n|t:|1782449356\n|-end|p1a: Walking Wake|Protosynthesis|[silent]\n|switch|p1a: Hatterene|Hatterene, F, shiny|4/100 psn\n|move|p2a: Corviknight|Roost|p2a: Corviknight\n|-heal|p2a: Corviknight|90/100\n|-singleturn|p2a: Corviknight|move: Roost\n|\n|-damage|p1a: Hatterene|0 fnt|[from] psn\n|faint|p1a: Hatterene\n|upkeep\n|\n|t:|1782449360\n|switch|p1a: Torkoal|Torkoal, F, shiny|51/100\n|-weather|SunnyDay|[from] ability: Drought|[of] p1a: Torkoal\n|turn|32\n|inactive|thepeakmons has 120 seconds left.\n|\n|t:|1782449373\n|move|p2a: Corviknight|U-turn|p1a: Torkoal\n|-resisted|p1a: Torkoal\n|-damage|p1a: Torkoal|47/100\n|inactive|thepeakmons has 120 seconds left.\n|\n|t:|1782449393\n|switch|p2a: Slowking|Slowking-Galar, F|46/100|[from] U-turn\n|move|p1a: Torkoal|Will-O-Wisp|p2a: Slowking\n|-status|p2a: Slowking|brn\n|\n|-weather|SunnyDay|[upkeep]\n|-damage|p2a: Slowking|40/100 brn|[from] brn\n|upkeep\n|turn|33\n|\n|t:|1782449404\n|switch|p1a: Venusaur|Venusaur, M, shiny|46/100\n|move|p2a: Slowking|Sludge Bomb|p1a: Venusaur\n|-damage|p1a: Venusaur|5/100\n|\n|-weather|SunnyDay|[upkeep]\n|-damage|p2a: Slowking|33/100 brn|[from] brn\n|upkeep\n|turn|34\n|\n|t:|1782449418\n|switch|p2a: Garganacl|Garganacl, F|20/100\n|-damage|p2a: Garganacl|8/100|[from] Stealth Rock\n|move|p1a: Venusaur|Giga Drain|p2a: Garganacl\n|-supereffective|p2a: Garganacl\n|-damage|p2a: Garganacl|0 fnt\n|-heal|p1a: Venusaur|10/100|[from] drain|[of] p2a: Garganacl\n|faint|p2a: Garganacl\n|-damage|p1a: Venusaur|0 fnt|[from] item: Life Orb\n|faint|p1a: Venusaur\n|\n|-weather|SunnyDay|[upkeep]\n|upkeep\n|\n|t:|1782449430\n|switch|p1a: Walking Wake|Walking Wake|51/100\n|switch|p2a: Slowking|Slowking-Galar, F|67/100 brn\n|-activate|p1a: Walking Wake|ability: Protosynthesis\n|-start|p1a: Walking Wake|protosynthesisspe\n|turn|35\n|\n|t:|1782449438\n|switch|p2a: Corviknight|Corviknight, M|90/100\n|-ability|p2a: Corviknight|Pressure\n|move|p1a: Walking Wake|Hydro Steam|p2a: Corviknight\n|-damage|p2a: Corviknight|2/100\n|\n|-weather|SunnyDay|[upkeep]\n|upkeep\n|turn|36\n|\n|t:|1782449448\n|move|p1a: Walking Wake|Hydro Steam|p2a: Corviknight\n|-damage|p2a: Corviknight|0 fnt\n|faint|p2a: Corviknight\n|\n|-weather|SunnyDay|[upkeep]\n|upkeep\n|\n|t:|1782449454\n|switch|p2a: Slowking|Slowking-Galar, F|99/100 brn\n|turn|37\n|\n|t:|1782449464\n|move|p1a: Walking Wake|Hydro Steam|p2a: Slowking\n|-damage|p2a: Slowking|50/100 brn\n|move|p2a: Slowking|Sludge Bomb|p1a: Walking Wake\n|-damage|p1a: Walking Wake|11/100\n|\n|-weather|SunnyDay|[upkeep]\n|-damage|p2a: Slowking|44/100 brn|[from] brn\n|upkeep\n|turn|38\n|inactive|thepeakmons has 120 seconds left.\n|\n|t:|1782449476\n|move|p1a: Walking Wake|Hydro Steam|p2a: Slowking\n|-damage|p2a: Slowking|0 fnt\n|faint|p2a: Slowking\n|\n|win|Dreilek\n|raw|Dreilek's rating: 1401 &rarr; <strong>1418</strong><br />(+17 for winning)\n|raw|thepeakmons's rating: 1345 &rarr; <strong>1328</strong><br />(-17 for losing)\n|l|☆Dreilek\n|player|p1|\n", "uploadtime": 1782449482, "views": 8, "formatid": "gen9ou", "rating": 1328, "private": 0, "password": null}