{"id": "gen9ou-2639916397", "format": "[Gen 9] OU", "players": ["suprya", "mothcarona"], "log": "|badge|p1|bronze|gen9ou|100-9\n|html|<div class=\"broadcast-red\"><strong>This battle is required to be public due to one or more player having a season medal.</strong><br />During the public phase, you can discuss the state of the ladder <a href=\"/seasondiscussion\">in a special chatroom.</a></div>\n|uhtml|medal-msg|<div class=\"broadcast-blue\">Curious what those medals under the avatar are? PS now has Ladder Seasons! For more information, check out the <a href=\"https://www.smogon.com/forums/threads/3740067/\">thread on Smogon.</a></div>\n|j|☆suprya\n|j|☆mothcarona\n|t:|1782542765\n|gametype|singles\n|player|p1|suprya|clown|1701\n|player|p2|mothcarona|169|1689\n|gen|9\n|tier|[Gen 9] OU\n|rated|\n|rule|HP Percentage Mod: HP is shown in percentages\n|rule|Endless Battle Clause: Forcing endless battles is banned\n|rule|Species Clause: Limit one of each Pokémon\n|rule|OHKO Clause: OHKO moves are banned\n|rule|Evasion Items Clause: Evasion items are banned\n|rule|Evasion Moves Clause: Evasion moves are banned\n|rule|Evasion Abilities Clause: Evasion abilities are banned\n|rule|Sleep Moves Clause: Sleep-inducing moves are banned\n|clearpoke\n|poke|p1|Pelipper, M|\n|poke|p1|Hydrapple, F|\n|poke|p1|Iron Treads|\n|poke|p1|Gholdengo|\n|poke|p1|Greninja-*, M|\n|poke|p1|Iron Hands|\n|poke|p2|Toxapex, F|\n|poke|p2|Ting-Lu|\n|poke|p2|Mandibuzz, F|\n|poke|p2|Gholdengo|\n|poke|p2|Garganacl, M|\n|poke|p2|Hydrapple, F|\n|teampreview\n|inactive|Battle timer is ON: inactive players will automatically lose when time's up. (requested by suprya)\n|inactive|mothcarona also wants the timer to be on.\n|\n|t:|1782542775\n|teamsize|p1|6\n|teamsize|p2|6\n|start\n|switch|p1a: Iron Treads|Iron Treads|100/100\n|switch|p2a: Toxapex|Toxapex, F|100/100\n|turn|1\n|\n|t:|1782542786\n|move|p1a: Iron Treads|Stealth Rock|p2a: Toxapex\n|-sidestart|p2: mothcarona|move: Stealth Rock\n|move|p2a: Toxapex|Surf|p1a: Iron Treads\n|-supereffective|p1a: Iron Treads\n|-damage|p1a: Iron Treads|48/100\n|\n|-heal|p1a: Iron Treads|54/100|[from] item: Leftovers\n|upkeep\n|turn|2\n|\n|t:|1782542794\n|move|p1a: Iron Treads|Earthquake|p2a: Toxapex\n|-supereffective|p2a: Toxapex\n|-damage|p2a: Toxapex|46/100\n|move|p2a: Toxapex|Infestation|p1a: Iron Treads\n|-resisted|p1a: Iron Treads\n|-damage|p1a: Iron Treads|52/100\n|-activate|p1a: Iron Treads|move: Infestation|[of] p2a: Toxapex\n|\n|-heal|p1a: Iron Treads|58/100|[from] item: Leftovers\n|-damage|p1a: Iron Treads|46/100|[from] move: Infestation|[partiallytrapped]\n|upkeep\n|turn|3\n|\n|t:|1782542803\n|switch|p2a: Mandibuzz|Mandibuzz, F|100/100\n|move|p1a: Iron Treads|Earthquake|p2a: Mandibuzz\n|-immune|p2a: Mandibuzz\n|\n|-heal|p1a: Iron Treads|52/100|[from] item: Leftovers\n|-end|p1a: Iron Treads|Infestation|[partiallytrapped]|[silent]\n|upkeep\n|turn|4\n|\n|t:|1782542808\n|-end|p1a: Iron Treads|Quark Drive|[silent]\n|switch|p1a: Gholdengo|Gholdengo|100/100\n|move|p2a: Mandibuzz|Foul Play|p1a: Gholdengo\n|-supereffective|p1a: Gholdengo\n|-damage|p1a: Gholdengo|68/100\n|\n|upkeep\n|turn|5\n|\n|t:|1782542816\n|switch|p2a: Gholdengo|Gholdengo|100/100\n|-damage|p2a: Gholdengo|94/100|[from] Stealth Rock\n|move|p1a: Gholdengo|Trick|p2a: Gholdengo\n|-immune|p2a: Gholdengo|[from] ability: Good as Gold\n|\n|upkeep\n|turn|6\n|\n|t:|1782542824\n|switch|p1a: Iron Hands|Iron Hands|100/100\n|move|p2a: Gholdengo|Trick|p1a: Iron Hands\n|-activate|p2a: Gholdengo|move: Trick|[of] p1a: Iron Hands\n|-item|p1a: Iron Hands|Choice Scarf|[from] move: Trick\n|-item|p2a: Gholdengo|Assault Vest|[from] move: Trick\n|\n|upkeep\n|turn|7\n|j| Disscratch\n|inactive|suprya has 120 seconds left.\n|\n|t:|1782542857\n|switch|p2a: Hydrapple|Hydrapple, F|100/100\n|-end|p1a: Iron Hands|Quark Drive|[silent]\n|switch|p1a: Greninja|Greninja, M|100/100\n|\n|upkeep\n|turn|8\n|\n|t:|1782542863\n|switch|p1a: Pelipper|Pelipper, M|100/100\n|-weather|RainDance|[from] ability: Drizzle|[of] p1a: Pelipper\n|switch|p2a: Toxapex|Toxapex, F|80/100\n|-damage|p2a: Toxapex|67/100|[from] Stealth Rock\n|\n|-weather|RainDance|[upkeep]\n|upkeep\n|turn|9\n|l| Disscratch\n|\n|t:|1782542869\n|switch|p1a: Iron Hands|Iron Hands|100/100\n|move|p2a: Toxapex|Infestation|p1a: Iron Hands\n|-resisted|p1a: Iron Hands\n|-damage|p1a: Iron Hands|99/100\n|-activate|p1a: Iron Hands|move: Infestation|[of] p2a: Toxapex\n|\n|-weather|RainDance|[upkeep]\n|-damage|p1a: Iron Hands|87/100|[from] move: Infestation|[partiallytrapped]\n|upkeep\n|turn|10\n|\n|t:|1782542880\n|switch|p2a: Mandibuzz|Mandibuzz, F|100/100\n|move|p1a: Iron Hands|Wild Charge|p2a: Mandibuzz\n|-supereffective|p2a: Mandibuzz\n|-damage|p2a: Mandibuzz|45/100\n|-damage|p1a: Iron Hands|74/100|[from] Recoil\n|\n|-weather|RainDance|[upkeep]\n|-end|p1a: Iron Hands|Infestation|[partiallytrapped]|[silent]\n|upkeep\n|turn|11\n|\n|t:|1782542896\n|-end|p1a: Iron Hands|Quark Drive|[silent]\n|switch|p1a: Greninja|Greninja, M|100/100\n|switch|p2a: Garganacl|Garganacl, M|100/100\n|-damage|p2a: Garganacl|88/100|[from] Stealth Rock\n|\n|-weather|RainDance|[upkeep]\n|-heal|p2a: Garganacl|94/100|[from] item: Leftovers\n|upkeep\n|turn|12\n|\n|t:|1782542900\n|-terastallize|p2a: Garganacl|Water\n|move|p1a: Greninja|Hydro Pump|p2a: Garganacl\n|-resisted|p2a: Garganacl\n|-damage|p2a: Garganacl|64/100\n|move|p2a: Garganacl|Salt Cure|p1a: Greninja\n|-damage|p1a: Greninja|77/100\n|-start|p1a: Greninja|Salt Cure\n|\n|-weather|none\n|-heal|p2a: Garganacl|70/100|[from] item: Leftovers\n|-damage|p1a: Greninja|52/100|[from] Salt Cure\n|upkeep\n|turn|13\n|\n|t:|1782542905\n|switch|p1a: Hydrapple|Hydrapple, F|100/100\n|move|p2a: Garganacl|Salt Cure|p1a: Hydrapple\n|-damage|p1a: Hydrapple|92/100\n|-start|p1a: Hydrapple|Salt Cure\n|\n|-heal|p2a: Garganacl|76/100|[from] item: Leftovers\n|-damage|p1a: Hydrapple|80/100|[from] Salt Cure\n|upkeep\n|turn|14\n|\n|t:|1782542910\n|switch|p2a: Mandibuzz|Mandibuzz, F|45/100\n|move|p1a: Hydrapple|Nasty Plot|p1a: Hydrapple\n|-boost|p1a: Hydrapple|spa|2\n|\n|-damage|p1a: Hydrapple|68/100|[from] Salt Cure\n|upkeep\n|turn|15\n|\n|t:|1782542914\n|move|p2a: Mandibuzz|U-turn|p1a: Hydrapple\n|-supereffective|p1a: Hydrapple\n|-damage|p1a: Hydrapple|55/100\n|-damage|p2a: Mandibuzz|29/100|[from] item: Rocky Helmet|[of] p1a: Hydrapple\n|\n|t:|1782542918\n|switch|p2a: Gholdengo|Gholdengo|94/100|[from] U-turn\n|-damage|p2a: Gholdengo|88/100|[from] Stealth Rock\n|move|p1a: Hydrapple|Fickle Beam|p2a: Gholdengo\n|-resisted|p2a: Gholdengo\n|-damage|p2a: Gholdengo|62/100\n|\n|-damage|p1a: Hydrapple|43/100|[from] Salt Cure\n|upkeep\n|turn|16\n|j| LuwerPVP\n|\n|t:|1782542929\n|switch|p1a: Greninja|Greninja, M|52/100\n|move|p2a: Gholdengo|Shadow Ball|p1a: Greninja\n|-resisted|p1a: Greninja\n|-damage|p1a: Greninja|18/100\n|-unboost|p1a: Greninja|spd|1\n|\n|upkeep\n|turn|17\n|\n|t:|1782542937\n|switch|p2a: Toxapex|Toxapex, F|100/100\n|-damage|p2a: Toxapex|88/100|[from] Stealth Rock\n|move|p1a: Greninja|Spikes|p2a: Toxapex\n|-sidestart|p2: mothcarona|Spikes\n|\n|upkeep\n|turn|18\n|\n|t:|1782542946\n|switch|p1a: Iron Hands|Iron Hands|74/100\n|move|p2a: Toxapex|Infestation|p1a: Iron Hands\n|-resisted|p1a: Iron Hands\n|-damage|p1a: Iron Hands|72/100\n|-activate|p1a: Iron Hands|move: Infestation|[of] p2a: Toxapex\n|\n|-damage|p1a: Iron Hands|60/100|[from] move: Infestation|[partiallytrapped]\n|upkeep\n|turn|19\n|\n|t:|1782542952\n|move|p1a: Iron Hands|Wild Charge|p2a: Toxapex\n|-supereffective|p2a: Toxapex\n|-damage|p2a: Toxapex|15/100\n|-damage|p1a: Iron Hands|48/100|[from] Recoil\n|move|p2a: Toxapex|Surf|p1a: Iron Hands\n|-damage|p1a: Iron Hands|24/100\n|\n|-damage|p1a: Iron Hands|12/100|[from] move: Infestation|[partiallytrapped]\n|upkeep\n|turn|20\n|\n|t:|1782542965\n|switch|p2a: Hydrapple|Hydrapple, F|100/100\n|move|p1a: Iron Hands|Wild Charge|p2a: Hydrapple\n|-resisted|p2a: Hydrapple\n|-damage|p2a: Hydrapple|93/100\n|-damage|p1a: Iron Hands|10/100|[from] Recoil\n|\n|-end|p1a: Iron Hands|Infestation|[partiallytrapped]|[silent]\n|upkeep\n|turn|21\n|\n|t:|1782542972\n|-end|p1a: Iron Hands|Quark Drive|[silent]\n|switch|p1a: Pelipper|Pelipper, M|100/100\n|-weather|RainDance|[from] ability: Drizzle|[of] p1a: Pelipper\n|move|p2a: Hydrapple|Fickle Beam|p1a: Pelipper\n|-damage|p1a: Pelipper|51/100\n|\n|-weather|RainDance|[upkeep]\n|upkeep\n|turn|22\n|\n|t:|1782542979\n|move|p2a: Hydrapple|Fickle Beam|p1a: Pelipper|[anim] Fickle Beam All Out\n|-activate|p2a: Hydrapple|move: Fickle Beam\n|-damage|p1a: Pelipper|0 fnt\n|faint|p1a: Pelipper\n|\n|-weather|RainDance|[upkeep]\n|upkeep\n|\n|t:|1782542988\n|switch|p1a: Greninja|Greninja, M|18/100\n|turn|23\n|\n|t:|1782542992\n|switch|p2a: Garganacl|Garganacl, M, tera:Water|76/100\n|-damage|p2a: Garganacl|64/100|[from] Stealth Rock\n|-damage|p2a: Garganacl|51/100|[from] Spikes\n|move|p1a: Greninja|Dark Pulse|p2a: Garganacl\n|-damage|p2a: Garganacl|28/100\n|\n|-weather|RainDance|[upkeep]\n|-heal|p2a: Garganacl|34/100|[from] item: Leftovers\n|upkeep\n|turn|24\n|\n|t:|1782543003\n|move|p1a: Greninja|Hydro Pump|p2a: Garganacl\n|-resisted|p2a: Garganacl\n|-damage|p2a: Garganacl|4/100\n|move|p2a: Garganacl|Recover|p2a: Garganacl\n|-heal|p2a: Garganacl|54/100\n|\n|-weather|RainDance|[upkeep]\n|-heal|p2a: Garganacl|60/100|[from] item: Leftovers\n|upkeep\n|turn|25\n|j| I<3Chatot\n|\n|t:|1782543009\n|move|p1a: Greninja|Spikes|p2a: Garganacl\n|-sidestart|p2: mothcarona|Spikes\n|move|p2a: Garganacl|Recover|p2a: Garganacl\n|-heal|p2a: Garganacl|100/100\n|\n|-weather|none\n|upkeep\n|turn|26\n|j| pls game\n|\n|t:|1782543019\n|switch|p2a: Mandibuzz|Mandibuzz, F|29/100\n|move|p1a: Greninja|Spikes|p2a: Mandibuzz\n|-sidestart|p2: mothcarona|Spikes\n|\n|upkeep\n|turn|27\n|l| pls game\n|\n|t:|1782543026\n|move|p1a: Greninja|Hydro Pump|p2a: Mandibuzz|[miss]\n|-miss|p1a: Greninja|p2a: Mandibuzz\n|move|p2a: Mandibuzz|Roost|p2a: Mandibuzz\n|-heal|p2a: Mandibuzz|79/100\n|-singleturn|p2a: Mandibuzz|move: Roost\n|\n|upkeep\n|turn|28\n|\n|t:|1782543029\n|switch|p1a: Gholdengo|Gholdengo|68/100\n|move|p2a: Mandibuzz|Defog|p1a: Gholdengo\n|-immune|p1a: Gholdengo|[from] ability: Good as Gold\n|\n|upkeep\n|turn|29\n|\n|t:|1782543038\n|switch|p2a: Gholdengo|Gholdengo|62/100\n|-damage|p2a: Gholdengo|56/100|[from] Stealth Rock\n|-damage|p2a: Gholdengo|31/100|[from] Spikes\n|move|p1a: Gholdengo|Nasty Plot|p1a: Gholdengo\n|-boost|p1a: Gholdengo|spa|2\n|\n|upkeep\n|turn|30\n|\n|t:|1782543046\n|switch|p1a: Iron Treads|Iron Treads|52/100\n|move|p2a: Gholdengo|Shadow Ball|p1a: Iron Treads\n|-damage|p1a: Iron Treads|17/100\n|-unboost|p1a: Iron Treads|spd|1\n|\n|-heal|p1a: Iron Treads|23/100|[from] item: Leftovers\n|upkeep\n|turn|31\n|\n|t:|1782543051\n|move|p2a: Gholdengo|Shadow Ball|p1a: Iron Treads\n|-damage|p1a: Iron Treads|0 fnt\n|faint|p1a: Iron Treads\n|-end|p1a: Iron Treads|Quark Drive|[silent]\n|\n|upkeep\n|\n|t:|1782543054\n|switch|p1a: Greninja|Greninja, M|18/100\n|turn|32\n|\n|t:|1782543058\n|switch|p2a: Mandibuzz|Mandibuzz, F|79/100\n|move|p1a: Greninja|Dark Pulse|p2a: Mandibuzz\n|-resisted|p2a: Mandibuzz\n|-damage|p2a: Mandibuzz|65/100\n|\n|upkeep\n|turn|33\n|\n|t:|1782543066\n|-terastallize|p1a: Greninja|Water\n|move|p1a: Greninja|Hydro Pump|p2a: Mandibuzz\n|-damage|p2a: Mandibuzz|2/100\n|move|p2a: Mandibuzz|Roost|p2a: Mandibuzz\n|-heal|p2a: Mandibuzz|52/100\n|-singleturn|p2a: Mandibuzz|move: Roost\n|\n|upkeep\n|turn|34\n|\n|t:|1782543087\n|switch|p2a: Hydrapple|Hydrapple, F|100/100\n|move|p1a: Greninja|Hydro Pump|p2a: Hydrapple|[miss]\n|-miss|p1a: Greninja|p2a: Hydrapple\n|\n|upkeep\n|turn|35\n|\n|t:|1782543095\n|switch|p1a: Iron Hands|Iron Hands|10/100\n|move|p2a: Hydrapple|Earth Power|p1a: Iron Hands\n|-supereffective|p1a: Iron Hands\n|-damage|p1a: Iron Hands|0 fnt\n|faint|p1a: Iron Hands\n|-end|p1a: Iron Hands|Quark Drive|[silent]\n|\n|upkeep\n|\n|t:|1782543097\n|switch|p1a: Hydrapple|Hydrapple, F|76/100\n|turn|36\n|\n|t:|1782543100\n|move|p2a: Hydrapple|Fickle Beam|p1a: Hydrapple\n|-supereffective|p1a: Hydrapple\n|-damage|p1a: Hydrapple|18/100\n|move|p1a: Hydrapple|Fickle Beam|p2a: Hydrapple\n|-supereffective|p2a: Hydrapple\n|-damage|p2a: Hydrapple|34/100\n|\n|upkeep\n|turn|37\n|\n|t:|1782543107\n|switch|p2a: Mandibuzz|Mandibuzz, F|52/100\n|switch|p1a: Gholdengo|Gholdengo|68/100\n|\n|upkeep\n|turn|38\n|\n|t:|1782543117\n|switch|p2a: Gholdengo|Gholdengo|31/100\n|-damage|p2a: Gholdengo|25/100|[from] Stealth Rock\n|-damage|p2a: Gholdengo|0 fnt|[from] Spikes\n|faint|p2a: Gholdengo\n|move|p1a: Gholdengo|Make It Rain|p2: Gholdengo|[notarget]\n|-fail|p1a: Gholdengo\n|\n|upkeep\n|\n|t:|1782543135\n|switch|p2a: Mandibuzz|Mandibuzz, F|52/100\n|turn|39\n|\n|t:|1782543140\n|move|p1a: Gholdengo|Make It Rain|p2a: Mandibuzz\n|-crit|p2a: Mandibuzz\n|-damage|p2a: Mandibuzz|0 fnt\n|-unboost|p1a: Gholdengo|spa|1\n|faint|p2a: Mandibuzz\n|\n|upkeep\n|\n|t:|1782543154\n|switch|p2a: Garganacl|Garganacl, M, tera:Water|100/100\n|-damage|p2a: Garganacl|88/100|[from] Stealth Rock\n|-damage|p2a: Garganacl|63/100|[from] Spikes\n|turn|40\n|j| pls game\n|\n|t:|1782543168\n|switch|p1a: Hydrapple|Hydrapple, F|52/100\n|move|p2a: Garganacl|Salt Cure|p1a: Hydrapple\n|-damage|p1a: Hydrapple|44/100\n|-start|p1a: Hydrapple|Salt Cure\n|\n|-heal|p2a: Garganacl|69/100|[from] item: Leftovers\n|-damage|p1a: Hydrapple|32/100|[from] Salt Cure\n|upkeep\n|turn|41\n|\n|t:|1782543172\n|switch|p1a: Greninja|Greninja, M, tera:Water|18/100\n|switch|p2a: Hydrapple|Hydrapple, F|67/100\n|\n|upkeep\n|turn|42\n|\n|t:|1782543179\n|move|p1a: Greninja|Dark Pulse|p2a: Hydrapple\n|-damage|p2a: Hydrapple|29/100\n|move|p2a: Hydrapple|Fickle Beam|p1a: Greninja\n|-damage|p1a: Greninja|0 fnt\n|faint|p1a: Greninja\n|\n|upkeep\n|\n|t:|1782543184\n|switch|p1a: Gholdengo|Gholdengo|68/100\n|turn|43\n|\n|t:|1782543188\n|switch|p2a: Ting-Lu|Ting-Lu|100/100\n|-damage|p2a: Ting-Lu|94/100|[from] Stealth Rock\n|-damage|p2a: Ting-Lu|69/100|[from] Spikes\n|-ability|p2a: Ting-Lu|Vessel of Ruin\n|move|p1a: Gholdengo|Make It Rain|p2a: Ting-Lu\n|-damage|p2a: Ting-Lu|41/100\n|-unboost|p1a: Gholdengo|spa|1\n|\n|-heal|p2a: Ting-Lu|47/100|[from] item: Leftovers\n|upkeep\n|turn|44\n|\n|t:|1782543197\n|switch|p1a: Hydrapple|Hydrapple, F|65/100\n|move|p2a: Ting-Lu|Ruination|p1a: Hydrapple\n|-damage|p1a: Hydrapple|33/100\n|\n|-heal|p2a: Ting-Lu|54/100|[from] item: Leftovers\n|upkeep\n|turn|45\n|\n|t:|1782543205\n|switch|p2a: Hydrapple|Hydrapple, F|62/100\n|move|p1a: Hydrapple|Fickle Beam|p2a: Hydrapple\n|-supereffective|p2a: Hydrapple\n|-damage|p2a: Hydrapple|1/100\n|\n|upkeep\n|turn|46\n|\n|t:|1782543208\n|switch|p1a: Gholdengo|Gholdengo|68/100\n|move|p2a: Hydrapple|Fickle Beam|p1a: Gholdengo|[anim] Fickle Beam All Out\n|-activate|p2a: Hydrapple|move: Fickle Beam\n|-resisted|p1a: Gholdengo\n|-damage|p1a: Gholdengo|31/100\n|\n|upkeep\n|turn|47\n|\n|t:|1782543214\n|switch|p2a: Toxapex|Toxapex, F|48/100\n|-damage|p2a: Toxapex|36/100|[from] Stealth Rock\n|-damage|p2a: Toxapex|11/100|[from] Spikes\n|move|p1a: Gholdengo|Make It Rain|p2a: Toxapex\n|-resisted|p2a: Toxapex\n|-damage|p2a: Toxapex|0 fnt\n|-unboost|p1a: Gholdengo|spa|1\n|faint|p2a: Toxapex\n|\n|upkeep\n|\n|t:|1782543220\n|switch|p2a: Garganacl|Garganacl, M, tera:Water|69/100\n|-damage|p2a: Garganacl|57/100|[from] Stealth Rock\n|-damage|p2a: Garganacl|32/100|[from] Spikes\n|turn|48\n|\n|t:|1782543225\n|switch|p1a: Hydrapple|Hydrapple, F|66/100\n|switch|p2a: Hydrapple|Hydrapple, F|34/100\n|\n|upkeep\n|turn|49\n|\n|t:|1782543238\n|move|p2a: Hydrapple|Fickle Beam|p1a: Hydrapple\n|-supereffective|p1a: Hydrapple\n|-damage|p1a: Hydrapple|6/100\n|move|p1a: Hydrapple|Fickle Beam|p2a: Hydrapple|[anim] Fickle Beam All Out\n|-activate|p1a: Hydrapple|move: Fickle Beam\n|-supereffective|p2a: Hydrapple\n|-damage|p2a: Hydrapple|0 fnt\n|faint|p2a: Hydrapple\n|\n|upkeep\n|\n|t:|1782543251\n|switch|p2a: Ting-Lu|Ting-Lu|54/100\n|-damage|p2a: Ting-Lu|47/100|[from] Stealth Rock\n|-damage|p2a: Ting-Lu|22/100|[from] Spikes\n|-ability|p2a: Ting-Lu|Vessel of Ruin\n|turn|50\n|\n|t:|1782543263\n|move|p2a: Ting-Lu|Earthquake|p1a: Hydrapple\n|-resisted|p1a: Hydrapple\n|-damage|p1a: Hydrapple|0 fnt\n|faint|p1a: Hydrapple\n|\n|-heal|p2a: Ting-Lu|29/100|[from] item: Leftovers\n|upkeep\n|\n|t:|1782543265\n|switch|p1a: Gholdengo|Gholdengo|31/100\n|turn|51\n|\n|t:|1782543272\n|move|p1a: Gholdengo|Make It Rain|p2a: Ting-Lu\n|-damage|p2a: Ting-Lu|0 fnt\n|-unboost|p1a: Gholdengo|spa|1\n|faint|p2a: Ting-Lu\n|\n|upkeep\n|\n|t:|1782543274\n|switch|p2a: Garganacl|Garganacl, M, tera:Water|32/100\n|-damage|p2a: Garganacl|20/100|[from] Stealth Rock\n|-damage|p2a: Garganacl|0 fnt|[from] Spikes\n|faint|p2a: Garganacl\n|\n|win|suprya\n|raw|suprya's rating: 1682 &rarr; <strong>1702</strong><br />(+20 for winning)\n|raw|mothcarona's rating: 1689 &rarr; <strong>1669</strong><br />(-20 for losing)\n|l|☆suprya\n|player|p1|\n|c|☆mothcarona|gg\n|l|☆mothcarona\n|player|p2|\n|l| pls game\n|l| I<3Chatot\n", "uploadtime": 1782543477, "views": 8, "formatid": "gen9ou", "rating": 1669, "private": 0, "password": null}