{"id": "gen9ou-2639203608", "format": "[Gen 9] OU", "players": ["2763-LDM", "Legalize Moth"], "log": "|j|☆2763-LDM\n|j|☆Legalize Moth\n|t:|1782433579\n|gametype|singles\n|player|p1|2763-LDM|n|1067\n|player|p2|Legalize Moth|dragontamer|1000\n|gen|9\n|tier|[Gen 9] OU\n|rated|\n|rule|HP Percentage Mod: HP is shown in percentages\n|rule|Endless Battle Clause: Forcing endless battles is banned\n|rule|Species Clause: Limit one of each Pokémon\n|rule|OHKO Clause: OHKO moves are banned\n|rule|Evasion Items Clause: Evasion items are banned\n|rule|Evasion Moves Clause: Evasion moves are banned\n|rule|Evasion Abilities Clause: Evasion abilities are banned\n|rule|Sleep Moves Clause: Sleep-inducing moves are banned\n|clearpoke\n|poke|p1|Ogerpon-Wellspring, F|\n|poke|p1|Ribombee, M|\n|poke|p1|Thundurus-Therian, M|\n|poke|p1|Great Tusk|\n|poke|p1|Raging Bolt|\n|poke|p1|Iron Crown|\n|poke|p2|Dragonite, M|\n|poke|p2|Kingambit, M|\n|poke|p2|Hatterene, F|\n|poke|p2|Iron Treads|\n|poke|p2|Iron Moth|\n|poke|p2|Iron Valiant|\n|teampreview\n|\n|t:|1782433604\n|teamsize|p1|6\n|teamsize|p2|6\n|start\n|switch|p1a: Ribombee|Ribombee, M|100/100\n|switch|p2a: Hatterene|Hatterene, F|100/100\n|turn|1\n|\n|t:|1782433621\n|switch|p1a: Iron Crown|Iron Crown|100/100\n|move|p2a: Hatterene|Calm Mind|p2a: Hatterene\n|-boost|p2a: Hatterene|spa|1\n|-boost|p2a: Hatterene|spd|1\n|\n|upkeep\n|turn|2\n|\n|t:|1782433644\n|switch|p2a: Iron Treads|Iron Treads|100/100\n|-enditem|p2a: Iron Treads|Booster Energy\n|-activate|p2a: Iron Treads|ability: Quark Drive|[fromitem]\n|-start|p2a: Iron Treads|quarkdrivespe\n|move|p1a: Iron Crown|Calm Mind|p1a: Iron Crown\n|-boost|p1a: Iron Crown|spa|1\n|-boost|p1a: Iron Crown|spd|1\n|\n|upkeep\n|turn|3\n|\n|t:|1782433657\n|move|p2a: Iron Treads|Stealth Rock|p1a: Iron Crown\n|-sidestart|p1: 2763-LDM|move: Stealth Rock\n|move|p1a: Iron Crown|Agility|p1a: Iron Crown\n|-boost|p1a: Iron Crown|spe|2\n|\n|upkeep\n|turn|4\n|\n|t:|1782433684\n|-end|p2a: Iron Treads|Quark Drive|[silent]\n|switch|p2a: Dragonite|Dragonite, M|100/100\n|move|p1a: Iron Crown|Calm Mind|p1a: Iron Crown\n|-boost|p1a: Iron Crown|spa|1\n|-boost|p1a: Iron Crown|spd|1\n|\n|upkeep\n|turn|5\n|\n|t:|1782433697\n|-terastallize|p1a: Iron Crown|Steel\n|move|p1a: Iron Crown|Tachyon Cutter|p2a: Dragonite\n|-damage|p2a: Dragonite|61/100\n|-damage|p2a: Dragonite|0 fnt\n|faint|p2a: Dragonite\n|-hitcount|p2: Dragonite|2\n|\n|upkeep\n|\n|t:|1782433718\n|switch|p2a: Kingambit|Kingambit, M|100/100\n|-activate|p2a: Kingambit|ability: Supreme Overlord\n|-start|p2a: Kingambit|fallen1|[silent]\n|turn|6\n|\n|t:|1782433730\n|move|p2a: Kingambit|Sucker Punch|p1a: Iron Crown\n|-damage|p1a: Iron Crown|56/100\n|move|p1a: Iron Crown|Tachyon Cutter|p2a: Kingambit\n|-resisted|p2a: Kingambit\n|-damage|p2a: Kingambit|65/100\n|-resisted|p2a: Kingambit\n|-damage|p2a: Kingambit|28/100\n|-hitcount|p2a: Kingambit|2\n|\n|-heal|p1a: Iron Crown|62/100|[from] item: Leftovers\n|-heal|p2a: Kingambit|34/100|[from] item: Leftovers\n|upkeep\n|turn|7\n|c|☆2763-LDM|i’m TC again btw\n|\n|t:|1782433754\n|move|p2a: Kingambit|Sucker Punch||[still]\n|-fail|p2a: Kingambit\n|move|p1a: Iron Crown|Calm Mind|p1a: Iron Crown\n|-boost|p1a: Iron Crown|spa|1\n|-boost|p1a: Iron Crown|spd|1\n|\n|-heal|p1a: Iron Crown|69/100|[from] item: Leftovers\n|-heal|p2a: Kingambit|41/100|[from] item: Leftovers\n|upkeep\n|turn|8\n|\n|t:|1782433763\n|move|p2a: Kingambit|Sucker Punch|p1a: Iron Crown\n|-damage|p1a: Iron Crown|23/100\n|move|p1a: Iron Crown|Tachyon Cutter|p2a: Kingambit\n|-resisted|p2a: Kingambit\n|-damage|p2a: Kingambit|0 fnt\n|faint|p2a: Kingambit\n|-end|p2a: Kingambit|fallen1|[silent]\n|-hitcount|p2: Kingambit|1\n|\n|-heal|p1a: Iron Crown|29/100|[from] item: Leftovers\n|upkeep\n|\n|t:|1782433771\n|switch|p2a: Iron Moth|Iron Moth|100/100\n|-enditem|p2a: Iron Moth|Booster Energy\n|-activate|p2a: Iron Moth|ability: Quark Drive|[fromitem]\n|-start|p2a: Iron Moth|quarkdrivespe\n|turn|9\n|\n|t:|1782433777\n|move|p1a: Iron Crown|Stored Power|p2a: Iron Moth\n|-supereffective|p2a: Iron Moth\n|-damage|p2a: Iron Moth|0 fnt\n|faint|p2a: Iron Moth\n|-end|p2a: Iron Moth|Quark Drive|[silent]\n|\n|-heal|p1a: Iron Crown|35/100|[from] item: Leftovers\n|upkeep\n|-message|Legalize Moth forfeited.\n|\n|win|2763-LDM\n|raw|2763-LDM's rating: 1067 &rarr; <strong>1091</strong><br />(+24 for winning)\n|raw|Legalize Moth's rating: 1000 &rarr; <strong>1000</strong><br />(+0 for losing)\n|l|☆Legalize Moth\n|player|p2|\n", "uploadtime": 1782433784, "views": 16, "formatid": "gen9ou", "rating": 1000, "private": 0, "password": null}