{"id": "gen9ou-2540652007", "format": "[Gen 9] OU", "players": ["teamskullenoxa", "Dariuus12"], "log": "|j|☆teamskullenoxa\n|j|☆Dariuus12\n|t:|1771234447\n|gametype|singles\n|player|p1|teamskullenoxa|2|1530\n|player|p2|Dariuus12|102|1497\n|gen|9\n|tier|[Gen 9] OU\n|rated|\n|rule|HP Percentage Mod: HP is shown in percentages\n|rule|Endless Battle Clause: Forcing endless battles is banned\n|rule|Species Clause: Limit one of each Pokémon\n|rule|OHKO Clause: OHKO moves are banned\n|rule|Evasion Items Clause: Evasion items are banned\n|rule|Evasion Moves Clause: Evasion moves are banned\n|rule|Evasion Abilities Clause: Evasion abilities are banned\n|rule|Sleep Moves Clause: Sleep-inducing moves are banned\n|clearpoke\n|poke|p1|Typhlosion-Hisui, F|\n|poke|p1|Hatterene, F|\n|poke|p1|Torkoal, M|\n|poke|p1|Lilligant-Hisui, F|\n|poke|p1|Landorus-Therian, M|\n|poke|p1|Walking Wake|\n|poke|p2|Arcanine-Hisui, M|\n|poke|p2|Darkrai|\n|poke|p2|Great Tusk|\n|poke|p2|Hatterene, F|\n|poke|p2|Ogerpon-Wellspring, F|\n|poke|p2|Zapdos|\n|teampreview\n|inactive|Battle timer is ON: inactive players will automatically lose when time's up. (requested by teamskullenoxa)\n|\n|t:|1771234498\n|teamsize|p1|6\n|teamsize|p2|6\n|start\n|switch|p1a: Walking Wake|Walking Wake|100/100\n|switch|p2a: Darkrai|Darkrai|100/100\n|turn|1\n|\n|t:|1771234504\n|move|p2a: Darkrai|Trick|p1a: Walking Wake\n|-activate|p2a: Darkrai|move: Trick|[of] p1a: Walking Wake\n|-item|p1a: Walking Wake|Choice Scarf|[from] move: Trick\n|-item|p2a: Darkrai|Choice Scarf|[from] move: Trick\n|move|p1a: Walking Wake|Draco Meteor|p2a: Darkrai\n|-damage|p2a: Darkrai|8/100\n|-unboost|p1a: Walking Wake|spa|2\n|\n|upkeep\n|turn|2\n|\n|t:|1771234517\n|move|p2a: Darkrai|Dark Pulse|p1a: Walking Wake\n|-damage|p1a: Walking Wake|49/100\n|move|p1a: Walking Wake|Draco Meteor|p2a: Darkrai\n|-damage|p2a: Darkrai|0 fnt\n|-unboost|p1a: Walking Wake|spa|2\n|faint|p2a: Darkrai\n|\n|upkeep\n|\n|t:|1771234524\n|switch|p2a: Ogerpon|Ogerpon-Wellspring, F|100/100\n|turn|3\n|\n|t:|1771234530\n|-end|p1a: Walking Wake|Protosynthesis|[silent]\n|switch|p1a: Torkoal|Torkoal, M|100/100\n|-weather|SunnyDay|[from] ability: Drought|[of] p1a: Torkoal\n|move|p2a: Ogerpon|Spikes|p1a: Torkoal\n|-sidestart|p1: teamskullenoxa|Spikes\n|\n|-weather|SunnyDay|[upkeep]\n|upkeep\n|turn|4\n|\n|t:|1771234535\n|move|p2a: Ogerpon|Ivy Cudgel|p1a: Torkoal|[anim] Ivy Cudgel Water\n|-supereffective|p1a: Torkoal\n|-damage|p1a: Torkoal|60/100\n|move|p1a: Torkoal|Stealth Rock|p2a: Ogerpon\n|-sidestart|p2: Dariuus12|move: Stealth Rock\n|\n|-weather|SunnyDay|[upkeep]\n|upkeep\n|turn|5\n|\n|t:|1771234540\n|move|p2a: Ogerpon|Knock Off|p1a: Torkoal\n|-damage|p1a: Torkoal|33/100\n|-enditem|p1a: Torkoal|Heat Rock|[from] move: Knock Off|[of] p2a: Ogerpon\n|move|p1a: Torkoal|Rapid Spin|p2a: Ogerpon\n|-damage|p2a: Ogerpon|88/100\n|-boost|p1a: Torkoal|spe|1\n|-sideend|p1: teamskullenoxa|Spikes|[from] move: Rapid Spin|[of] p1a: Torkoal\n|\n|-weather|SunnyDay|[upkeep]\n|upkeep\n|turn|6\n|\n|t:|1771234545\n|switch|p1a: Hatterene|Hatterene, F|100/100\n|move|p2a: Ogerpon|Ivy Cudgel|p1a: Hatterene|[anim] Ivy Cudgel Water\n|-damage|p1a: Hatterene|73/100\n|-enditem|p1a: Hatterene|Eject Button\n|\n|t:|1771234555\n|switch|p1a: Lilligant|Lilligant-Hisui, F|100/100\n|\n|-weather|SunnyDay|[upkeep]\n|upkeep\n|turn|7\n|\n|t:|1771234567\n|switch|p2a: Zapdos|Zapdos|100/100\n|move|p1a: Lilligant|Victory Dance|p1a: Lilligant\n|-boost|p1a: Lilligant|atk|1\n|-boost|p1a: Lilligant|def|1\n|-boost|p1a: Lilligant|spe|1\n|\n|-weather|SunnyDay|[upkeep]\n|upkeep\n|turn|8\n|\n|t:|1771234572\n|move|p1a: Lilligant|Triple Axel|p2a: Zapdos\n|-supereffective|p2a: Zapdos\n|-damage|p2a: Zapdos|86/100\n|-supereffective|p2a: Zapdos\n|-damage|p2a: Zapdos|59/100\n|-supereffective|p2a: Zapdos\n|-damage|p2a: Zapdos|14/100\n|-hitcount|p2a: Zapdos|3\n|move|p2a: Zapdos|Thunder Wave|p1a: Lilligant\n|-status|p1a: Lilligant|par\n|\n|-weather|SunnyDay|[upkeep]\n|upkeep\n|turn|9\n|\n|t:|1771234579\n|move|p1a: Lilligant|Triple Axel|p2a: Zapdos\n|-supereffective|p2a: Zapdos\n|-damage|p2a: Zapdos|0 fnt\n|faint|p2a: Zapdos\n|-hitcount|p2: Zapdos|1\n|\n|-weather|SunnyDay|[upkeep]\n|upkeep\n|\n|t:|1771234585\n|switch|p2a: Hatterene|Hatterene, F|100/100\n|-damage|p2a: Hatterene|88/100|[from] Stealth Rock\n|turn|10\n|\n|t:|1771234587\n|move|p1a: Lilligant|Solar Blade||[still]\n|-prepare|p1a: Lilligant|Solar Blade\n|-anim|p1a: Lilligant|Solar Blade|p2a: Hatterene\n|-damage|p2a: Hatterene|0 fnt\n|faint|p2a: Hatterene\n|\n|-weather|none\n|upkeep\n|\n|t:|1771234593\n|switch|p2a: Great Tusk|Great Tusk|100/100\n|-damage|p2a: Great Tusk|98/100|[from] Stealth Rock\n|turn|11\n|\n|t:|1771234595\n|move|p2a: Great Tusk|Rapid Spin|p1a: Lilligant\n|-damage|p1a: Lilligant|85/100 par\n|-boost|p2a: Great Tusk|spe|1\n|-sideend|p2: Dariuus12|Stealth Rock|[from] move: Rapid Spin|[of] p2a: Great Tusk\n|move|p1a: Lilligant|Triple Axel|p2a: Great Tusk\n|-supereffective|p2a: Great Tusk\n|-damage|p2a: Great Tusk|82/100\n|-supereffective|p2a: Great Tusk\n|-damage|p2a: Great Tusk|52/100\n|-supereffective|p2a: Great Tusk\n|-damage|p2a: Great Tusk|8/100\n|-hitcount|p2a: Great Tusk|3\n|\n|upkeep\n|turn|12\n|\n|t:|1771234603\n|move|p2a: Great Tusk|Ice Spinner|p1a: Lilligant\n|-supereffective|p1a: Lilligant\n|-damage|p1a: Lilligant|36/100 par\n|cant|p1a: Lilligant|par\n|\n|upkeep\n|turn|13\n|\n|t:|1771234608\n|switch|p1a: Torkoal|Torkoal, M|33/100\n|-weather|SunnyDay|[from] ability: Drought|[of] p1a: Torkoal\n|-activate|p2a: Great Tusk|ability: Protosynthesis\n|-start|p2a: Great Tusk|protosynthesisspe\n|move|p2a: Great Tusk|Ice Spinner|p1a: Torkoal\n|-resisted|p1a: Torkoal\n|-damage|p1a: Torkoal|23/100\n|\n|-weather|SunnyDay|[upkeep]\n|upkeep\n|turn|14\n|\n|t:|1771234612\n|move|p2a: Great Tusk|Headlong Rush|p1a: Torkoal\n|-supereffective|p1a: Torkoal\n|-damage|p1a: Torkoal|0 fnt\n|-unboost|p2a: Great Tusk|def|1\n|-unboost|p2a: Great Tusk|spd|1\n|faint|p1a: Torkoal\n|\n|-weather|SunnyDay|[upkeep]\n|upkeep\n|\n|t:|1771234616\n|switch|p1a: Landorus|Landorus-Therian, M|100/100\n|-ability|p1a: Landorus|Intimidate|boost\n|-unboost|p2a: Great Tusk|atk|1\n|turn|15\n|\n|t:|1771234621\n|move|p2a: Great Tusk|Ice Spinner|p1a: Landorus\n|-supereffective|p1a: Landorus\n|-damage|p1a: Landorus|15/100\n|move|p1a: Landorus|U-turn|p2a: Great Tusk\n|-resisted|p2a: Great Tusk\n|-damage|p2a: Great Tusk|0 fnt\n|-damage|p1a: Landorus|0 fnt|[from] item: Rocky Helmet|[of] p2a: Great Tusk\n|faint|p2a: Great Tusk\n|-end|p2a: Great Tusk|Protosynthesis|[silent]\n|faint|p1a: Landorus\n|\n|-weather|SunnyDay|[upkeep]\n|upkeep\n|\n|t:|1771234634\n|switch|p1a: Typhlosion|Typhlosion-Hisui, F|100/100\n|switch|p2a: Arcanine|Arcanine-Hisui, M|100/100\n|turn|16\n|\n|t:|1771234640\n|switch|p1a: Walking Wake|Walking Wake|49/100\n|-activate|p1a: Walking Wake|ability: Protosynthesis\n|-start|p1a: Walking Wake|protosynthesisspa\n|move|p2a: Arcanine|Head Smash|p1a: Walking Wake\n|-damage|p1a: Walking Wake|0 fnt\n|faint|p1a: Walking Wake\n|-end|p1a: Walking Wake|Protosynthesis|[silent]\n|\n|-weather|SunnyDay|[upkeep]\n|upkeep\n|\n|t:|1771234643\n|switch|p1a: Hatterene|Hatterene, F|73/100\n|turn|17\n|\n|t:|1771234652\n|-terastallize|p1a: Hatterene|Steel\n|move|p2a: Arcanine|Head Smash|p1a: Hatterene\n|-resisted|p1a: Hatterene\n|-damage|p1a: Hatterene|23/100\n|move|p1a: Hatterene|Healing Wish|p1a: Hatterene\n|faint|p1a: Hatterene\n|\n|-weather|none\n|upkeep\n|\n|t:|1771234658\n|switch|p1a: Lilligant|Lilligant-Hisui, F|36/100 par\n|-heal|p1a: Lilligant|100/100|[from] move: Healing Wish\n|turn|18\n|\n|t:|1771234662\n|move|p2a: Arcanine|Head Smash|p1a: Lilligant\n|-resisted|p1a: Lilligant\n|-damage|p1a: Lilligant|27/100\n|move|p1a: Lilligant|Close Combat|p2a: Arcanine\n|-supereffective|p2a: Arcanine\n|-damage|p2a: Arcanine|0 fnt\n|-unboost|p1a: Lilligant|def|1\n|-unboost|p1a: Lilligant|spd|1\n|faint|p2a: Arcanine\n|\n|upkeep\n|\n|t:|1771234667\n|switch|p2a: Ogerpon|Ogerpon-Wellspring, F|88/100\n|turn|19\n|\n|t:|1771234673\n|move|p2a: Ogerpon|Knock Off|p1a: Lilligant\n|-resisted|p1a: Lilligant\n|-damage|p1a: Lilligant|0 fnt\n|-enditem|p1a: Lilligant|Protective Pads|[from] move: Knock Off|[of] p2a: Ogerpon\n|faint|p1a: Lilligant\n|\n|upkeep\n|\n|t:|1771234675\n|switch|p1a: Typhlosion|Typhlosion-Hisui, F|100/100\n|turn|20\n|\n|t:|1771234680\n|-terastallize|p2a: Ogerpon|Water\n|detailschange|p2a: Ogerpon|Ogerpon-Wellspring-Tera, F, tera:Water\n|-ability|p2a: Ogerpon|Embody Aspect (Wellspring)|boost\n|-boost|p2a: Ogerpon|spd|1\n|move|p1a: Typhlosion|Eruption|p2a: Ogerpon\n|-resisted|p2a: Ogerpon\n|-damage|p2a: Ogerpon|55/100\n|move|p2a: Ogerpon|Ivy Cudgel|p1a: Typhlosion|[anim] Ivy Cudgel Water\n|-supereffective|p1a: Typhlosion\n|-damage|p1a: Typhlosion|0 fnt\n|faint|p1a: Typhlosion\n|\n|win|Dariuus12\n|raw|teamskullenoxa's rating: 1530 &rarr; <strong>1508</strong><br />(-22 for losing)\n|raw|Dariuus12's rating: 1497 &rarr; <strong>1519</strong><br />(+22 for winning)\n|l|☆teamskullenoxa\n|player|p1|\n", "uploadtime": 1771234862, "views": 8, "formatid": "gen9ou", "rating": 1508, "private": 0, "password": null}