{"id": "gen9ou-2639984831", "format": "[Gen 9] OU", "players": ["robintheone", "mataash1ta"], "log": "|badge|p2|bronze|gen9ou|100-9\n|html|<div class=\"broadcast-red\"><strong>This battle is required to be public due to one or more player having a season medal.</strong><br />During the public phase, you can discuss the state of the ladder <a href=\"/seasondiscussion\">in a special chatroom.</a></div>\n|uhtml|medal-msg|<div class=\"broadcast-blue\">Curious what those medals under the avatar are? PS now has Ladder Seasons! For more information, check out the <a href=\"https://www.smogon.com/forums/threads/3740067/\">thread on Smogon.</a></div>\n|raw|<div class=\"broadcast-blue\"><strong>This battle is required to be public due to a player having a name starting with 'medal'.</div>\n|j|☆robintheone\n|j|☆mataash1ta\n|t:|1782558281\n|gametype|singles\n|player|p1|robintheone|1|1672\n|player|p2|mataash1ta|gardenia|1823\n|gen|9\n|tier|[Gen 9] OU\n|rated|\n|rule|HP Percentage Mod: HP is shown in percentages\n|rule|Endless Battle Clause: Forcing endless battles is banned\n|rule|Species Clause: Limit one of each Pokémon\n|rule|OHKO Clause: OHKO moves are banned\n|rule|Evasion Items Clause: Evasion items are banned\n|rule|Evasion Moves Clause: Evasion moves are banned\n|rule|Evasion Abilities Clause: Evasion abilities are banned\n|rule|Sleep Moves Clause: Sleep-inducing moves are banned\n|clearpoke\n|poke|p1|Hatterene, F|\n|poke|p1|Iron Hands|\n|poke|p1|Cresselia, F|\n|poke|p1|Hoopa-Unbound|\n|poke|p1|Ursaluna, M|\n|poke|p1|Regidrago|\n|poke|p2|Skarmory, M|\n|poke|p2|Ting-Lu|\n|poke|p2|Darkrai|\n|poke|p2|Clefable, M|\n|poke|p2|Gholdengo|\n|poke|p2|Dragonite, F|\n|teampreview\n|inactive|Battle timer is ON: inactive players will automatically lose when time's up. (requested by robintheone)\n|j| Garden of Dreams\n|\n|t:|1782558313\n|teamsize|p1|6\n|teamsize|p2|6\n|start\n|switch|p1a: Hoopa|Hoopa-Unbound|100/100\n|switch|p2a: Ting-Lu|Ting-Lu|100/100\n|-ability|p2a: Ting-Lu|Vessel of Ruin\n|turn|1\n|\n|t:|1782558323\n|move|p1a: Hoopa|Hyperspace Fury|p2a: Ting-Lu\n|-resisted|p2a: Ting-Lu\n|-damage|p2a: Ting-Lu|82/100\n|-unboost|p1a: Hoopa|def|1\n|-enditem|p1a: Hoopa|Eject Pack\n|\n|t:|1782558326\n|switch|p1a: Hatterene|Hatterene, F|100/100\n|move|p2a: Ting-Lu|Earthquake|p1a: Hatterene\n|-damage|p1a: Hatterene|47/100\n|\n|upkeep\n|turn|2\n|\n|t:|1782558334\n|switch|p1a: Hoopa|Hoopa-Unbound|100/100\n|move|p2a: Ting-Lu|Earthquake|p1a: Hoopa\n|-damage|p1a: Hoopa|36/100\n|\n|upkeep\n|turn|3\n|\n|t:|1782558339\n|move|p1a: Hoopa|Drain Punch|p2a: Ting-Lu\n|-supereffective|p2a: Ting-Lu\n|-crit|p2a: Ting-Lu\n|-damage|p2a: Ting-Lu|30/100\n|-heal|p1a: Hoopa|72/100|[from] drain|[of] p2a: Ting-Lu\n|-item|p1a: Hoopa|Custap Berry|[from] ability: Magician|[of] p2a: Ting-Lu\n|move|p2a: Ting-Lu|Earthquake|p1a: Hoopa\n|-damage|p1a: Hoopa|1/100\n|\n|upkeep\n|turn|4\n|-enditem|p1a: Hoopa|Custap Berry|[eat]\n|-activate|p1a: Hoopa|item: Custap Berry|[consumed]\n|\n|t:|1782558357\n|switch|p2a: Skarmory|Skarmory, M|100/100\n|move|p1a: Hoopa|Drain Punch|p2a: Skarmory\n|-damage|p2a: Skarmory|82/100\n|-heal|p1a: Hoopa|10/100|[from] drain|[of] p2a: Skarmory\n|-item|p1a: Hoopa|Leftovers|[from] ability: Magician|[of] p2a: Skarmory\n|\n|-heal|p1a: Hoopa|16/100|[from] item: Leftovers\n|upkeep\n|turn|5\n|\n|t:|1782558367\n|switch|p1a: Hatterene|Hatterene, F|47/100\n|move|p2a: Skarmory|Brave Bird|p1a: Hatterene\n|-crit|p1a: Hatterene\n|-damage|p1a: Hatterene|0 fnt\n|faint|p1a: Hatterene\n|-damage|p2a: Skarmory|68/100|[from] Recoil\n|\n|upkeep\n|\n|t:|1782558376\n|switch|p1a: Regidrago|Regidrago|100/100\n|turn|6\n|\n|t:|1782558393\n|switch|p2a: Clefable|Clefable, M|100/100\n|switch|p1a: Ursaluna|Ursaluna, M|100/100\n|\n|-status|p1a: Ursaluna|brn|[from] item: Flame Orb\n|upkeep\n|turn|7\n|\n|t:|1782558405\n|switch|p2a: Skarmory|Skarmory, M|68/100\n|move|p1a: Ursaluna|Swords Dance|p1a: Ursaluna\n|-boost|p1a: Ursaluna|atk|2\n|\n|-damage|p1a: Ursaluna|94/100 brn|[from] brn\n|upkeep\n|turn|8\n|\n|t:|1782558409\n|move|p2a: Skarmory|Spikes|p1a: Ursaluna\n|-sidestart|p1: robintheone|Spikes\n|move|p1a: Ursaluna|Fire Punch|p2a: Skarmory\n|-supereffective|p2a: Skarmory\n|-damage|p2a: Skarmory|0 fnt\n|faint|p2a: Skarmory\n|\n|-damage|p1a: Ursaluna|88/100 brn|[from] brn\n|upkeep\n|inactive|mataash1ta has 120 seconds left.\n|\n|t:|1782558447\n|switch|p2a: Darkrai|Darkrai|100/100\n|turn|9\n|\n|t:|1782558452\n|-terastallize|p1a: Ursaluna|Normal\n|move|p2a: Darkrai|Ice Beam|p1a: Ursaluna\n|-damage|p1a: Ursaluna|61/100 brn\n|move|p1a: Ursaluna|Facade|p2a: Darkrai\n|-damage|p2a: Darkrai|0 fnt\n|faint|p2a: Darkrai\n|\n|-damage|p1a: Ursaluna|54/100 brn|[from] brn\n|upkeep\n|\n|t:|1782558459\n|switch|p2a: Gholdengo|Gholdengo|100/100\n|turn|10\n|\n|t:|1782558476\n|move|p2a: Gholdengo|Make It Rain|p1a: Ursaluna\n|-damage|p1a: Ursaluna|3/100 brn\n|-unboost|p2a: Gholdengo|spa|1\n|move|p1a: Ursaluna|Fire Punch|p2a: Gholdengo\n|-supereffective|p2a: Gholdengo\n|-damage|p2a: Gholdengo|0 fnt\n|faint|p2a: Gholdengo\n|\n|-damage|p1a: Ursaluna|0 fnt|[from] brn\n|faint|p1a: Ursaluna\n|upkeep\n|inactive|robintheone has 120 seconds left.\n|\n|t:|1782558499\n|switch|p2a: Clefable|Clefable, M|100/100\n|switch|p1a: Cresselia|Cresselia, F|100/100\n|turn|11\n|\n|t:|1782558506\n|move|p2a: Clefable|Calm Mind|p2a: Clefable\n|-boost|p2a: Clefable|spa|1\n|-boost|p2a: Clefable|spd|1\n|move|p1a: Cresselia|Trick Room|p1a: Cresselia\n|-fieldstart|move: Trick Room|[of] p1a: Cresselia\n|\n|upkeep\n|turn|12\n|\n|t:|1782558511\n|switch|p1a: Iron Hands|Iron Hands|100/100\n|-damage|p1a: Iron Hands|88/100|[from] Spikes\n|-enditem|p1a: Iron Hands|Booster Energy\n|-activate|p1a: Iron Hands|ability: Quark Drive|[fromitem]\n|-start|p1a: Iron Hands|quarkdriveatk\n|move|p2a: Clefable|Calm Mind|p2a: Clefable\n|-boost|p2a: Clefable|spa|1\n|-boost|p2a: Clefable|spd|1\n|\n|upkeep\n|turn|13\n|\n|t:|1782558514\n|move|p1a: Iron Hands|Wild Charge|p2a: Clefable\n|-damage|p2a: Clefable|45/100\n|-damage|p1a: Iron Hands|77/100|[from] Recoil\n|move|p2a: Clefable|Moonblast|p1a: Iron Hands\n|-supereffective|p1a: Iron Hands\n|-damage|p1a: Iron Hands|0 fnt\n|faint|p1a: Iron Hands\n|-end|p1a: Iron Hands|Quark Drive|[silent]\n|\n|upkeep\n|\n|t:|1782558524\n|switch|p1a: Hoopa|Hoopa-Unbound|16/100\n|-damage|p1a: Hoopa|4/100|[from] Spikes\n|turn|14\n|\n|t:|1782558530\n|switch|p2a: Ting-Lu|Ting-Lu|30/100\n|-ability|p2a: Ting-Lu|Vessel of Ruin\n|move|p1a: Hoopa|Hyperspace Fury|p2a: Ting-Lu\n|-resisted|p2a: Ting-Lu\n|-damage|p2a: Ting-Lu|12/100\n|-unboost|p1a: Hoopa|def|1\n|\n|-heal|p1a: Hoopa|10/100|[from] item: Leftovers\n|upkeep\n|turn|15\n|\n|t:|1782558548\n|switch|p2a: Clefable|Clefable, M|45/100\n|switch|p1a: Cresselia|Cresselia, F|100/100\n|\n|-fieldend|move: Trick Room\n|upkeep\n|turn|16\n|\n|t:|1782558557\n|move|p1a: Cresselia|Lunar Dance|p1a: Cresselia\n|faint|p1a: Cresselia\n|move|p2a: Clefable|Moonlight|p2a: Clefable\n|-heal|p2a: Clefable|95/100\n|\n|upkeep\n|\n|t:|1782558559\n|switch|p1a: Hoopa|Hoopa-Unbound|10/100\n|-heal|p1a: Hoopa|100/100|[from] move: Lunar Dance\n|-damage|p1a: Hoopa|88/100|[from] Spikes\n|turn|17\n|inactive|mataash1ta has 120 seconds left.\n|\n|t:|1782558589\n|switch|p2a: Ting-Lu|Ting-Lu|12/100\n|-ability|p2a: Ting-Lu|Vessel of Ruin\n|move|p1a: Hoopa|Psychic|p2a: Ting-Lu\n|-immune|p2a: Ting-Lu\n|\n|-heal|p1a: Hoopa|94/100|[from] item: Leftovers\n|upkeep\n|turn|18\n|\n|t:|1782558596\n|move|p1a: Hoopa|Drain Punch|p2a: Ting-Lu\n|-supereffective|p2a: Ting-Lu\n|-damage|p2a: Ting-Lu|0 fnt\n|-heal|p1a: Hoopa|100/100|[from] drain|[of] p2a: Ting-Lu\n|faint|p2a: Ting-Lu\n|\n|upkeep\n|\n|t:|1782558597\n|switch|p2a: Dragonite|Dragonite, F|100/100\n|turn|19\n|\n|t:|1782558600\n|-terastallize|p2a: Dragonite|Normal\n|move|p2a: Dragonite|Extreme Speed|p1a: Hoopa\n|-damage|p1a: Hoopa|30/100\n|move|p1a: Hoopa|Trick Room|p1a: Hoopa\n|-fieldstart|move: Trick Room|[of] p1a: Hoopa\n|\n|-heal|p1a: Hoopa|36/100|[from] item: Leftovers\n|upkeep\n|turn|20\n|\n|t:|1782558612\n|move|p2a: Dragonite|Extreme Speed|p1a: Hoopa\n|-damage|p1a: Hoopa|0 fnt\n|faint|p1a: Hoopa\n|\n|upkeep\n|\n|t:|1782558614\n|switch|p1a: Regidrago|Regidrago|100/100\n|-damage|p1a: Regidrago|88/100|[from] Spikes\n|turn|21\n|\n|t:|1782558617\n|move|p2a: Dragonite|Extreme Speed|p1a: Regidrago\n|-damage|p1a: Regidrago|39/100\n|move|p1a: Regidrago|Earth Power|p2a: Dragonite\n|-damage|p2a: Dragonite|81/100\n|\n|upkeep\n|turn|22\n|-message|robintheone forfeited.\n|\n|win|mataash1ta\n|raw|robintheone's rating: 1672 &rarr; <strong>1660</strong><br />(-12 for losing)\n|raw|mataash1ta's rating: 1823 &rarr; <strong>1835</strong><br />(+12 for winning)\n|l|☆robintheone\n|player|p1|\n|l|☆mataash1ta\n|player|p2|\n", "uploadtime": 1782558760, "views": 13, "formatid": "gen9ou", "rating": 1660, "private": 0, "password": null}