{"id": "gen9ou-2639275474", "format": "[Gen 9] OU", "players": ["dazhigg", "Oweiner95"], "log": "|j|☆dazhigg\n|j|☆Oweiner95\n|t:|1782444298\n|gametype|singles\n|player|p1|dazhigg|schoolkid-gen4|1554\n|player|p2|Oweiner95|flannery|1636\n|gen|9\n|tier|[Gen 9] OU\n|rated|\n|rule|HP Percentage Mod: HP is shown in percentages\n|rule|Endless Battle Clause: Forcing endless battles is banned\n|rule|Species Clause: Limit one of each Pokémon\n|rule|OHKO Clause: OHKO moves are banned\n|rule|Evasion Items Clause: Evasion items are banned\n|rule|Evasion Moves Clause: Evasion moves are banned\n|rule|Evasion Abilities Clause: Evasion abilities are banned\n|rule|Sleep Moves Clause: Sleep-inducing moves are banned\n|clearpoke\n|poke|p1|Iron Moth|\n|poke|p1|Walking Wake|\n|poke|p1|Torkoal, M|\n|poke|p1|Whimsicott, F|\n|poke|p1|Great Tusk|\n|poke|p1|Incineroar, M|\n|poke|p2|Keldeo-Resolute|\n|poke|p2|Garchomp, M|\n|poke|p2|Cresselia, F|\n|poke|p2|Moltres|\n|poke|p2|Gholdengo|\n|poke|p2|Dragonite, M|\n|teampreview\n|inactive|Battle timer is ON: inactive players will automatically lose when time's up. (requested by Oweiner95)\n|\n|t:|1782444311\n|teamsize|p1|6\n|teamsize|p2|6\n|start\n|switch|p1a: Torkoal|Torkoal, M|100/100\n|switch|p2a: Garchomp|Garchomp, M|100/100\n|-weather|SunnyDay|[from] ability: Drought|[of] p1a: Torkoal\n|turn|1\n|\n|t:|1782444330\n|move|p2a: Garchomp|Stealth Rock|p1a: Torkoal\n|-sidestart|p1: dazhigg|move: Stealth Rock\n|move|p1a: Torkoal|Stealth Rock|p2a: Garchomp\n|-sidestart|p2: Oweiner95|move: Stealth Rock\n|\n|-weather|SunnyDay|[upkeep]\n|upkeep\n|turn|2\n|\n|t:|1782444337\n|move|p2a: Garchomp|Earthquake|p1a: Torkoal\n|-supereffective|p1a: Torkoal\n|-damage|p1a: Torkoal|48/100\n|move|p1a: Torkoal|Rapid Spin|p2a: Garchomp\n|-damage|p2a: Garchomp|95/100\n|-boost|p1a: Torkoal|spe|1\n|-damage|p1a: Torkoal|35/100|[from] ability: Rough Skin|[of] p2a: Garchomp\n|-damage|p1a: Torkoal|19/100|[from] item: Rocky Helmet|[of] p2a: Garchomp\n|-sideend|p1: dazhigg|Stealth Rock|[from] move: Rapid Spin|[of] p1a: Torkoal\n|\n|-weather|SunnyDay|[upkeep]\n|upkeep\n|turn|3\n|\n|t:|1782444352\n|switch|p1a: Whimsicott|Whimsicott, F|100/100\n|move|p2a: Garchomp|Stealth Rock|p1a: Whimsicott\n|-sidestart|p1: dazhigg|move: Stealth Rock\n|\n|-weather|SunnyDay|[upkeep]\n|upkeep\n|turn|4\n|\n|t:|1782444360\n|switch|p2a: Moltres|Moltres|100/100\n|move|p1a: Whimsicott|Growth|p1a: Whimsicott\n|-boost|p1a: Whimsicott|atk|2\n|-boost|p1a: Whimsicott|spa|2\n|\n|-weather|SunnyDay|[upkeep]\n|upkeep\n|turn|5\n|\n|t:|1782444369\n|-terastallize|p1a: Whimsicott|Ghost\n|move|p1a: Whimsicott|Shadow Ball|p2a: Moltres\n|-damage|p2a: Moltres|44/100\n|-damage|p1a: Whimsicott|91/100|[from] item: Life Orb\n|move|p2a: Moltres|Flamethrower|p1a: Whimsicott\n|-damage|p1a: Whimsicott|9/100\n|\n|-weather|SunnyDay|[upkeep]\n|upkeep\n|turn|6\n|\n|t:|1782444390\n|switch|p2a: Dragonite|Dragonite, M|100/100\n|move|p1a: Whimsicott|Shadow Ball|p2a: Dragonite\n|-damage|p2a: Dragonite|63/100\n|-unboost|p2a: Dragonite|spd|1\n|-damage|p1a: Whimsicott|0 fnt|[from] item: Life Orb\n|faint|p1a: Whimsicott\n|\n|-weather|SunnyDay|[upkeep]\n|upkeep\n|inactive|dazhigg has 120 seconds left.\n|\n|t:|1782444417\n|switch|p1a: Great Tusk|Great Tusk|100/100\n|-damage|p1a: Great Tusk|98/100|[from] Stealth Rock\n|-activate|p1a: Great Tusk|ability: Protosynthesis\n|-start|p1a: Great Tusk|protosynthesisspe\n|turn|7\n|\n|t:|1782444428\n|switch|p2a: Moltres|Moltres|44/100\n|move|p1a: Great Tusk|Ice Spinner|p2a: Moltres\n|-damage|p2a: Moltres|20/100\n|\n|-weather|SunnyDay|[upkeep]\n|-heal|p1a: Great Tusk|100/100|[from] item: Leftovers\n|upkeep\n|turn|8\n|\n|t:|1782444448\n|move|p1a: Great Tusk|Rapid Spin|p2a: Moltres\n|-damage|p2a: Moltres|7/100\n|-boost|p1a: Great Tusk|spe|1\n|-sideend|p1: dazhigg|Stealth Rock|[from] move: Rapid Spin|[of] p1a: Great Tusk\n|move|p2a: Moltres|Roost|p2a: Moltres\n|-heal|p2a: Moltres|57/100\n|-singleturn|p2a: Moltres|move: Roost\n|\n|-weather|none\n|-end|p1a: Great Tusk|Protosynthesis\n|upkeep\n|turn|9\n|\n|t:|1782444459\n|-end|p1a: Great Tusk|Protosynthesis|[silent]\n|switch|p1a: Torkoal|Torkoal, M|19/100\n|-weather|SunnyDay|[from] ability: Drought|[of] p1a: Torkoal\n|move|p2a: Moltres|Roost|p2a: Moltres\n|-heal|p2a: Moltres|100/100\n|-singleturn|p2a: Moltres|move: Roost\n|\n|-weather|SunnyDay|[upkeep]\n|upkeep\n|turn|10\n|\n|t:|1782444472\n|switch|p1a: Incineroar|Incineroar, M|100/100\n|-ability|p1a: Incineroar|Intimidate|boost\n|-unboost|p2a: Moltres|atk|1\n|move|p2a: Moltres|Flamethrower|p1a: Incineroar\n|-resisted|p1a: Incineroar\n|-damage|p1a: Incineroar|82/100\n|-enditem|p1a: Incineroar|Eject Button\n|\n|t:|1782444482\n|switch|p1a: Walking Wake|Walking Wake|100/100\n|-activate|p1a: Walking Wake|ability: Protosynthesis\n|-start|p1a: Walking Wake|protosynthesisspe\n|\n|-weather|SunnyDay|[upkeep]\n|upkeep\n|turn|11\n|\n|t:|1782444493\n|switch|p2a: Keldeo|Keldeo-Resolute|100/100\n|move|p1a: Walking Wake|Hydro Steam|p2a: Keldeo\n|-resisted|p2a: Keldeo\n|-damage|p2a: Keldeo|45/100\n|\n|-weather|SunnyDay|[upkeep]\n|upkeep\n|turn|12\n|\n|t:|1782444513\n|move|p2a: Keldeo|Vacuum Wave|p1a: Walking Wake\n|-damage|p1a: Walking Wake|76/100\n|move|p1a: Walking Wake|Hydro Steam|p2a: Keldeo\n|-resisted|p2a: Keldeo\n|-damage|p2a: Keldeo|0 fnt\n|faint|p2a: Keldeo\n|\n|-weather|SunnyDay|[upkeep]\n|upkeep\n|\n|t:|1782444514\n|switch|p2a: Dragonite|Dragonite, M|63/100\n|turn|13\n|\n|t:|1782444526\n|move|p1a: Walking Wake|Hydro Steam|p2a: Dragonite\n|-resisted|p2a: Dragonite\n|-damage|p2a: Dragonite|20/100\n|move|p2a: Dragonite|Roost|p2a: Dragonite\n|-heal|p2a: Dragonite|70/100\n|-singleturn|p2a: Dragonite|move: Roost\n|\n|-weather|SunnyDay|[upkeep]\n|upkeep\n|turn|14\n|\n|t:|1782444536\n|-end|p1a: Walking Wake|Protosynthesis|[silent]\n|switch|p1a: Incineroar|Incineroar, M|82/100\n|-ability|p1a: Incineroar|Intimidate|boost\n|-unboost|p2a: Dragonite|atk|1\n|move|p2a: Dragonite|Roost|p2a: Dragonite\n|-heal|p2a: Dragonite|100/100\n|-singleturn|p2a: Dragonite|move: Roost\n|\n|-weather|SunnyDay|[upkeep]\n|upkeep\n|turn|15\n|\n|t:|1782444547\n|switch|p2a: Moltres|Moltres|100/100\n|move|p1a: Incineroar|Fake Out|p2a: Moltres\n|-damage|p2a: Moltres|91/100\n|\n|-weather|SunnyDay|[upkeep]\n|upkeep\n|turn|16\n|\n|t:|1782444555\n|move|p2a: Moltres|U-turn|p1a: Incineroar\n|-damage|p1a: Incineroar|70/100\n|\n|t:|1782444560\n|switch|p2a: Garchomp|Garchomp, M|95/100|[from] U-turn\n|-damage|p2a: Garchomp|88/100|[from] Stealth Rock\n|move|p1a: Incineroar|Knock Off|p2a: Garchomp\n|-damage|p2a: Garchomp|65/100\n|-damage|p1a: Incineroar|57/100|[from] ability: Rough Skin|[of] p2a: Garchomp\n|-damage|p1a: Incineroar|41/100|[from] item: Rocky Helmet|[of] p2a: Garchomp\n|-enditem|p2a: Garchomp|Rocky Helmet|[from] move: Knock Off|[of] p1a: Incineroar\n|\n|-weather|none\n|upkeep\n|turn|17\n|inactive|dazhigg has 120 seconds left.\n|\n|t:|1782444582\n|move|p2a: Garchomp|Stealth Rock|p1a: Incineroar\n|-sidestart|p1: dazhigg|move: Stealth Rock\n|move|p1a: Incineroar|Parting Shot|p2a: Garchomp\n|-unboost|p2a: Garchomp|atk|1\n|-unboost|p2a: Garchomp|spa|1\n|\n|t:|1782444592\n|switch|p1a: Great Tusk|Great Tusk|100/100|[from] Parting Shot\n|-damage|p1a: Great Tusk|98/100|[from] Stealth Rock\n|\n|-heal|p1a: Great Tusk|100/100|[from] item: Leftovers\n|upkeep\n|turn|18\n|\n|t:|1782444603\n|move|p1a: Great Tusk|Bulk Up|p1a: Great Tusk\n|-boost|p1a: Great Tusk|atk|1\n|-boost|p1a: Great Tusk|def|1\n|move|p2a: Garchomp|Dragon Tail|p1a: Great Tusk\n|-damage|p1a: Great Tusk|92/100\n|-end|p1a: Great Tusk|Protosynthesis|[silent]\n|drag|p1a: Torkoal|Torkoal, M|19/100\n|-damage|p1a: Torkoal|0 fnt|[from] Stealth Rock\n|faint|p1a: Torkoal\n|\n|upkeep\n|\n|t:|1782444619\n|switch|p1a: Great Tusk|Great Tusk|92/100\n|-damage|p1a: Great Tusk|89/100|[from] Stealth Rock\n|turn|19\n|\n|t:|1782444629\n|switch|p2a: Gholdengo|Gholdengo|100/100\n|-damage|p2a: Gholdengo|94/100|[from] Stealth Rock\n|move|p1a: Great Tusk|Bulk Up|p1a: Great Tusk\n|-boost|p1a: Great Tusk|atk|1\n|-boost|p1a: Great Tusk|def|1\n|\n|-heal|p1a: Great Tusk|95/100|[from] item: Leftovers\n|upkeep\n|turn|20\n|\n|t:|1782444642\n|move|p2a: Gholdengo|Make It Rain|p1a: Great Tusk\n|-damage|p1a: Great Tusk|26/100\n|-unboost|p2a: Gholdengo|spa|1\n|move|p1a: Great Tusk|Headlong Rush|p2a: Gholdengo\n|-supereffective|p2a: Gholdengo\n|-damage|p2a: Gholdengo|0 fnt\n|-unboost|p1a: Great Tusk|def|1\n|-unboost|p1a: Great Tusk|spd|1\n|faint|p2a: Gholdengo\n|\n|-heal|p1a: Great Tusk|32/100|[from] item: Leftovers\n|upkeep\n|\n|t:|1782444660\n|switch|p2a: Moltres|Moltres|91/100\n|turn|21\n|\n|t:|1782444676\n|move|p1a: Great Tusk|Rapid Spin|p2a: Moltres\n|-damage|p2a: Moltres|69/100\n|-boost|p1a: Great Tusk|spe|1\n|-sideend|p1: dazhigg|Stealth Rock|[from] move: Rapid Spin|[of] p1a: Great Tusk\n|move|p2a: Moltres|Roar|p1a: Great Tusk\n|-end|p1a: Great Tusk|Protosynthesis|[silent]\n|drag|p1a: Incineroar|Incineroar, M|41/100\n|-ability|p1a: Incineroar|Intimidate|boost\n|-unboost|p2a: Moltres|atk|1\n|\n|upkeep\n|turn|22\n|\n|t:|1782444687\n|move|p2a: Moltres|U-turn|p1a: Incineroar\n|-damage|p1a: Incineroar|32/100\n|\n|t:|1782444689\n|switch|p2a: Garchomp|Garchomp, M|65/100|[from] U-turn\n|-damage|p2a: Garchomp|59/100|[from] Stealth Rock\n|move|p1a: Incineroar|Knock Off|p2a: Garchomp\n|-damage|p2a: Garchomp|44/100\n|-damage|p1a: Incineroar|20/100|[from] ability: Rough Skin|[of] p2a: Garchomp\n|\n|upkeep\n|turn|23\n|\n|t:|1782444699\n|move|p2a: Garchomp|Spikes|p1a: Incineroar\n|-sidestart|p1: dazhigg|Spikes\n|move|p1a: Incineroar|Sunny Day|p1a: Incineroar\n|-weather|SunnyDay\n|\n|-weather|SunnyDay|[upkeep]\n|upkeep\n|turn|24\n|\n|t:|1782444706\n|move|p2a: Garchomp|Stealth Rock|p1a: Incineroar\n|-sidestart|p1: dazhigg|move: Stealth Rock\n|move|p1a: Incineroar|Parting Shot|p2a: Garchomp\n|-unboost|p2a: Garchomp|atk|1\n|-unboost|p2a: Garchomp|spa|1\n|\n|t:|1782444712\n|switch|p1a: Great Tusk|Great Tusk|32/100|[from] Parting Shot\n|-damage|p1a: Great Tusk|19/100|[from] Spikes\n|-damage|p1a: Great Tusk|16/100|[from] Stealth Rock\n|-activate|p1a: Great Tusk|ability: Protosynthesis\n|-start|p1a: Great Tusk|protosynthesisspe\n|\n|-weather|SunnyDay|[upkeep]\n|-heal|p1a: Great Tusk|23/100|[from] item: Leftovers\n|upkeep\n|turn|25\n|inactive|dazhigg has 120 seconds left.\n|\n|t:|1782444723\n|move|p1a: Great Tusk|Ice Spinner|p2a: Garchomp\n|-supereffective|p2a: Garchomp\n|-damage|p2a: Garchomp|0 fnt\n|-damage|p1a: Great Tusk|10/100|[from] ability: Rough Skin|[of] p2a: Garchomp\n|faint|p2a: Garchomp\n|\n|-weather|SunnyDay|[upkeep]\n|-heal|p1a: Great Tusk|16/100|[from] item: Leftovers\n|upkeep\n|\n|t:|1782444726\n|switch|p2a: Dragonite|Dragonite, M|100/100\n|turn|26\n|inactive|dazhigg has 120 seconds left.\n|\n|t:|1782444739\n|move|p2a: Dragonite|Extreme Speed|p1a: Great Tusk\n|-damage|p1a: Great Tusk|0 fnt\n|faint|p1a: Great Tusk\n|-end|p1a: Great Tusk|Protosynthesis|[silent]\n|\n|-weather|SunnyDay|[upkeep]\n|upkeep\n|inactive|dazhigg has 120 seconds left.\n|c|☆Oweiner95|gg\n|\n|t:|1782444752\n|switch|p1a: Incineroar|Incineroar, M|20/100\n|-damage|p1a: Incineroar|7/100|[from] Spikes\n|-damage|p1a: Incineroar|0 fnt|[from] Stealth Rock\n|faint|p1a: Incineroar\n|\n|t:|1782444763\n|switch|p1a: Walking Wake|Walking Wake|76/100\n|-damage|p1a: Walking Wake|63/100|[from] Spikes\n|-damage|p1a: Walking Wake|51/100|[from] Stealth Rock\n|-activate|p1a: Walking Wake|ability: Protosynthesis\n|-start|p1a: Walking Wake|protosynthesisspe\n|turn|27\n|\n|t:|1782444772\n|-terastallize|p2a: Dragonite|Normal\n|move|p2a: Dragonite|Extreme Speed|p1a: Walking Wake\n|-damage|p1a: Walking Wake|5/100\n|move|p1a: Walking Wake|Draco Meteor|p2a: Dragonite\n|-damage|p2a: Dragonite|58/100\n|-unboost|p1a: Walking Wake|spa|2\n|\n|-weather|none\n|-end|p1a: Walking Wake|Protosynthesis\n|upkeep\n|turn|28\n|inactive|dazhigg has 120 seconds left.\n|\n|t:|1782444784\n|move|p1a: Walking Wake|Draco Meteor|p2a: Dragonite\n|-damage|p2a: Dragonite|12/100\n|-unboost|p1a: Walking Wake|spa|2\n|move|p2a: Dragonite|Roost|p2a: Dragonite\n|-heal|p2a: Dragonite|62/100\n|\n|upkeep\n|turn|29\n|inactive|dazhigg has 120 seconds left.\n|\n|t:|1782444792\n|-end|p1a: Walking Wake|Protosynthesis|[silent]\n|switch|p1a: Iron Moth|Iron Moth|100/100\n|-damage|p1a: Iron Moth|88/100|[from] Spikes\n|-damage|p1a: Iron Moth|63/100|[from] Stealth Rock\n|-enditem|p1a: Iron Moth|Booster Energy\n|-activate|p1a: Iron Moth|ability: Quark Drive|[fromitem]\n|-start|p1a: Iron Moth|quarkdrivespe\n|move|p2a: Dragonite|Roost|p2a: Dragonite\n|-heal|p2a: Dragonite|100/100\n|\n|upkeep\n|turn|30\n|inactive|dazhigg has 120 seconds left.\n|\n|t:|1782444805\n|move|p2a: Dragonite|Extreme Speed|p1a: Iron Moth\n|-damage|p1a: Iron Moth|3/100\n|move|p1a: Iron Moth|Fiery Dance|p2a: Dragonite\n|-damage|p2a: Dragonite|82/100\n|-boost|p1a: Iron Moth|spa|1\n|\n|upkeep\n|turn|31\n|\n|t:|1782444813\n|move|p2a: Dragonite|Extreme Speed|p1a: Iron Moth\n|-damage|p1a: Iron Moth|0 fnt\n|faint|p1a: Iron Moth\n|-end|p1a: Iron Moth|Quark Drive|[silent]\n|\n|upkeep\n|inactive|dazhigg has 120 seconds left.\n|\n|t:|1782444825\n|switch|p1a: Walking Wake|Walking Wake|5/100\n|-damage|p1a: Walking Wake|0 fnt|[from] Spikes\n|faint|p1a: Walking Wake\n|-end|p1a: Walking Wake|Protosynthesis|[silent]\n|\n|win|Oweiner95\n|raw|dazhigg's rating: 1554 &rarr; <strong>1539</strong><br />(-15 for losing)\n|raw|Oweiner95's rating: 1636 &rarr; <strong>1651</strong><br />(+15 for winning)\n|l|☆Oweiner95\n|player|p2|\n", "uploadtime": 1782444831, "views": 9, "formatid": "gen9ou", "rating": 1539, "private": 0, "password": null}