{"id": "gen9ou-2639960986", "format": "[Gen 9] OU", "players": ["Mysterious Soop", "merlin sword"], "log": "|j|☆Mysterious Soop\n|j|☆merlin sword\n|t:|1782553060\n|gametype|singles\n|player|p1|Mysterious Soop|266|1620\n|player|p2|merlin sword|hiker-gen4|1614\n|gen|9\n|tier|[Gen 9] OU\n|rated|\n|rule|HP Percentage Mod: HP is shown in percentages\n|rule|Endless Battle Clause: Forcing endless battles is banned\n|rule|Species Clause: Limit one of each Pokémon\n|rule|OHKO Clause: OHKO moves are banned\n|rule|Evasion Items Clause: Evasion items are banned\n|rule|Evasion Moves Clause: Evasion moves are banned\n|rule|Evasion Abilities Clause: Evasion abilities are banned\n|rule|Sleep Moves Clause: Sleep-inducing moves are banned\n|clearpoke\n|poke|p1|Chesnaught, F|\n|poke|p1|Gliscor, M|\n|poke|p1|Dragapult, F|\n|poke|p1|Alomomola, L99, F|\n|poke|p1|Kingambit, F|\n|poke|p1|Iron Treads|\n|poke|p2|Dragonite, F|\n|poke|p2|Hatterene, F|\n|poke|p2|Weavile, M|\n|poke|p2|Ogerpon-Wellspring, F|\n|poke|p2|Kingambit, M|\n|poke|p2|Great Tusk|\n|teampreview\n|\n|t:|1782553067\n|teamsize|p1|6\n|teamsize|p2|6\n|start\n|switch|p1a: Gliscor|Gliscor, M|100/100\n|switch|p2a: Weavile|Weavile, M|100/100\n|turn|1\n|\n|t:|1782553082\n|switch|p1a: Chesnaught|Chesnaught, F|100/100\n|move|p2a: Weavile|Swords Dance|p2a: Weavile\n|-boost|p2a: Weavile|atk|2\n|\n|upkeep\n|turn|2\n|j| turquoiselink\n|\n|t:|1782553104\n|-terastallize|p1a: Chesnaught|Water\n|move|p2a: Weavile|Icicle Crash|p1a: Chesnaught\n|-resisted|p1a: Chesnaught\n|-damage|p1a: Chesnaught|75/100\n|move|p1a: Chesnaught|Iron Defense|p1a: Chesnaught\n|-boost|p1a: Chesnaught|def|2\n|\n|upkeep\n|turn|3\n|\n|t:|1782553116\n|switch|p2a: Hatterene|Hatterene, F|100/100\n|move|p1a: Chesnaught|Synthesis|p1a: Chesnaught\n|-heal|p1a: Chesnaught|100/100\n|\n|upkeep\n|turn|4\n|\n|t:|1782553122\n|move|p1a: Chesnaught|Knock Off|p2a: Hatterene\n|-damage|p2a: Hatterene|80/100\n|-damage|p1a: Chesnaught|84/100|[from] item: Rocky Helmet|[of] p2a: Hatterene\n|-enditem|p2a: Hatterene|Rocky Helmet|[from] move: Knock Off|[of] p1a: Chesnaught\n|move|p2a: Hatterene|Nuzzle|p1a: Chesnaught\n|-supereffective|p1a: Chesnaught\n|-damage|p1a: Chesnaught|81/100\n|-status|p1a: Chesnaught|par\n|-damage|p2a: Hatterene|63/100|[from] item: Rocky Helmet|[of] p1a: Chesnaught\n|\n|upkeep\n|turn|5\n|\n|t:|1782553137\n|switch|p1a: Kingambit|Kingambit, F|100/100\n|move|p2a: Hatterene|Psychic Noise|p1a: Kingambit\n|-immune|p1a: Kingambit\n|\n|upkeep\n|turn|6\n|\n|t:|1782553142\n|-end|p1a: Kingambit|fallenundefined|[silent]\n|switch|p1a: Iron Treads|Iron Treads|100/100\n|switch|p2a: Great Tusk|Great Tusk|100/100\n|\n|upkeep\n|turn|7\n|\n|t:|1782553152\n|-end|p1a: Iron Treads|Quark Drive|[silent]\n|switch|p1a: Gliscor|Gliscor, M|100/100\n|move|p2a: Great Tusk|Headlong Rush|p1a: Gliscor\n|-immune|p1a: Gliscor\n|\n|-status|p1a: Gliscor|tox|[from] item: Toxic Orb\n|upkeep\n|turn|8\n|\n|t:|1782553161\n|move|p2a: Great Tusk|Ice Spinner|p1a: Gliscor\n|-supereffective|p1a: Gliscor\n|-damage|p1a: Gliscor|19/100 tox\n|move|p1a: Gliscor|Toxic|p2a: Great Tusk\n|-status|p2a: Great Tusk|tox\n|\n|-damage|p2a: Great Tusk|94/100 tox|[from] psn\n|-heal|p1a: Gliscor|31/100 tox|[from] ability: Poison Heal\n|upkeep\n|turn|9\n|\n|t:|1782553166\n|move|p1a: Gliscor|Protect|p1a: Gliscor\n|-singleturn|p1a: Gliscor|Protect\n|move|p2a: Great Tusk|Ice Spinner|p1a: Gliscor\n|-activate|p1a: Gliscor|move: Protect\n|\n|-damage|p2a: Great Tusk|82/100 tox|[from] psn\n|-heal|p1a: Gliscor|44/100 tox|[from] ability: Poison Heal\n|upkeep\n|turn|10\n|\n|t:|1782553173\n|switch|p1a: Alomomola|Alomomola, L99, F|100/100\n|move|p2a: Great Tusk|Close Combat|p1a: Alomomola\n|-damage|p1a: Alomomola|68/100\n|-unboost|p2a: Great Tusk|def|1\n|-unboost|p2a: Great Tusk|spd|1\n|\n|-damage|p2a: Great Tusk|64/100 tox|[from] psn\n|upkeep\n|turn|11\n|\n|t:|1782553178\n|-end|p2a: Great Tusk|Protosynthesis|[silent]\n|switch|p2a: Ogerpon|Ogerpon-Wellspring, F|100/100\n|move|p1a: Alomomola|Flip Turn|p2a: Ogerpon\n|-immune|p2a: Ogerpon|[from] ability: Water Absorb\n|\n|upkeep\n|turn|12\n|\n|t:|1782553196\n|switch|p1a: Chesnaught|Chesnaught, F, tera:Water|81/100 par\n|move|p2a: Ogerpon|Swords Dance|p2a: Ogerpon\n|-boost|p2a: Ogerpon|atk|2\n|\n|upkeep\n|turn|13\n|\n|t:|1782553202\n|move|p2a: Ogerpon|Power Whip|p1a: Chesnaught\n|-supereffective|p1a: Chesnaught\n|-damage|p1a: Chesnaught|0 fnt\n|-damage|p2a: Ogerpon|84/100|[from] item: Rocky Helmet|[of] p1a: Chesnaught\n|faint|p1a: Chesnaught\n|\n|upkeep\n|\n|t:|1782553209\n|switch|p1a: Dragapult|Dragapult, F|100/100\n|turn|14\n|\n|t:|1782553213\n|switch|p2a: Great Tusk|Great Tusk|64/100 tox\n|move|p1a: Dragapult|Dragon Darts|p2a: Great Tusk\n|-damage|p2a: Great Tusk|43/100 tox\n|-anim|p1a: Dragapult|Dragon Darts|p2a: Great Tusk\n|-damage|p2a: Great Tusk|21/100 tox\n|-damage|p1a: Dragapult|91/100|[from] item: Life Orb\n|\n|-damage|p2a: Great Tusk|15/100 tox|[from] psn\n|upkeep\n|turn|15\n|\n|t:|1782553218\n|move|p1a: Dragapult|Dragon Darts|p2a: Great Tusk\n|-damage|p2a: Great Tusk|0 fnt\n|faint|p2a: Great Tusk\n|-end|p2a: Great Tusk|Protosynthesis|[silent]\n|-damage|p1a: Dragapult|81/100|[from] item: Life Orb\n|\n|upkeep\n|\n|t:|1782553220\n|switch|p2a: Hatterene|Hatterene, F|63/100\n|turn|16\n|\n|t:|1782553227\n|move|p1a: Dragapult|Phantom Force||[still]\n|-prepare|p1a: Dragapult|Phantom Force\n|move|p2a: Hatterene|Psychic Noise|p1a: Dragapult|[miss]\n|-miss|p2a: Hatterene|p1a: Dragapult\n|\n|upkeep\n|turn|17\n|\n|t:|1782553237\n|switch|p2a: Kingambit|Kingambit, M|100/100\n|-activate|p2a: Kingambit|ability: Supreme Overlord\n|-start|p2a: Kingambit|fallen1|[silent]\n|move|p1a: Dragapult|Phantom Force|p2a: Kingambit|[from] lockedmove\n|-resisted|p2a: Kingambit\n|-crit|p2a: Kingambit\n|-damage|p2a: Kingambit|66/100\n|-damage|p1a: Dragapult|71/100|[from] item: Life Orb\n|\n|upkeep\n|turn|18\n|\n|t:|1782553251\n|switch|p1a: Alomomola|Alomomola, L99, F|100/100\n|-end|p2a: Kingambit|fallen1|[silent]\n|switch|p2a: Hatterene|Hatterene, F|63/100\n|\n|upkeep\n|turn|19\n|\n|t:|1782553259\n|switch|p1a: Iron Treads|Iron Treads|100/100\n|move|p2a: Hatterene|Healing Wish|p2a: Hatterene\n|faint|p2a: Hatterene\n|\n|upkeep\n|\n|t:|1782553264\n|switch|p2a: Weavile|Weavile, M|100/100\n|turn|20\n|\n|t:|1782553270\n|move|p2a: Weavile|Low Kick|p1a: Iron Treads\n|-supereffective|p1a: Iron Treads\n|-crit|p1a: Iron Treads\n|-damage|p1a: Iron Treads|11/100\n|move|p1a: Iron Treads|Volt Switch|p2a: Weavile\n|-damage|p2a: Weavile|82/100\n|\n|t:|1782553285\n|-end|p1a: Iron Treads|Quark Drive|[silent]\n|switch|p1a: Dragapult|Dragapult, F|71/100|[from] Volt Switch\n|\n|upkeep\n|turn|21\n|\n|t:|1782553300\n|move|p1a: Dragapult|Dragon Darts|p2a: Weavile\n|-damage|p2a: Weavile|26/100\n|-anim|p1a: Dragapult|Dragon Darts|p2a: Weavile\n|-damage|p2a: Weavile|0 fnt\n|faint|p2a: Weavile\n|-damage|p1a: Dragapult|61/100|[from] item: Life Orb\n|\n|upkeep\n|\n|t:|1782553319\n|switch|p2a: Kingambit|Kingambit, M|66/100\n|-heal|p2a: Kingambit|100/100|[from] move: Healing Wish\n|-activate|p2a: Kingambit|ability: Supreme Overlord\n|-start|p2a: Kingambit|fallen3|[silent]\n|turn|22\n|\n|t:|1782553329\n|switch|p1a: Gliscor|Gliscor, M|44/100 tox\n|move|p2a: Kingambit|Swords Dance|p2a: Kingambit\n|-boost|p2a: Kingambit|atk|2\n|\n|-heal|p1a: Gliscor|56/100 tox|[from] ability: Poison Heal\n|upkeep\n|turn|23\n|\n|t:|1782553337\n|move|p1a: Gliscor|Earthquake|p2a: Kingambit\n|-supereffective|p2a: Kingambit\n|-damage|p2a: Kingambit|44/100\n|move|p2a: Kingambit|Kowtow Cleave|p1a: Gliscor\n|-damage|p1a: Gliscor|0 fnt\n|faint|p1a: Gliscor\n|\n|upkeep\n|\n|t:|1782553349\n|switch|p1a: Kingambit|Kingambit, F|100/100\n|-activate|p1a: Kingambit|ability: Supreme Overlord\n|-start|p1a: Kingambit|fallen2|[silent]\n|turn|24\n|\n|t:|1782553356\n|move|p2a: Kingambit|Kowtow Cleave|p1a: Kingambit\n|-resisted|p1a: Kingambit\n|-damage|p1a: Kingambit|56/100\n|move|p1a: Kingambit|Kowtow Cleave|p2a: Kingambit\n|-resisted|p2a: Kingambit\n|-damage|p2a: Kingambit|21/100\n|\n|-heal|p1a: Kingambit|62/100|[from] item: Leftovers\n|upkeep\n|turn|25\n|\n|t:|1782553363\n|move|p2a: Kingambit|Kowtow Cleave|p1a: Kingambit\n|-resisted|p1a: Kingambit\n|-damage|p1a: Kingambit|14/100\n|move|p1a: Kingambit|Kowtow Cleave|p2a: Kingambit\n|-resisted|p2a: Kingambit\n|-damage|p2a: Kingambit|0 fnt\n|faint|p2a: Kingambit\n|-end|p2a: Kingambit|fallen3|[silent]\n|\n|-heal|p1a: Kingambit|20/100|[from] item: Leftovers\n|upkeep\n|\n|t:|1782553370\n|switch|p2a: Dragonite|Dragonite, F|100/100\n|turn|26\n|\n|t:|1782553375\n|move|p2a: Dragonite|Dragon Dance|p2a: Dragonite\n|-boost|p2a: Dragonite|atk|1\n|-boost|p2a: Dragonite|spe|1\n|move|p1a: Kingambit|Kowtow Cleave|p2a: Dragonite\n|-damage|p2a: Dragonite|71/100\n|\n|-heal|p2a: Dragonite|78/100|[from] item: Leftovers\n|-heal|p1a: Kingambit|26/100|[from] item: Leftovers\n|upkeep\n|turn|27\n|\n|t:|1782553382\n|move|p2a: Dragonite|Earthquake|p1a: Kingambit\n|-supereffective|p1a: Kingambit\n|-damage|p1a: Kingambit|0 fnt\n|faint|p1a: Kingambit\n|-end|p1a: Kingambit|fallen2|[silent]\n|\n|-heal|p2a: Dragonite|84/100|[from] item: Leftovers\n|upkeep\n|\n|t:|1782553393\n|switch|p1a: Dragapult|Dragapult, F|61/100\n|turn|28\n|\n|t:|1782553398\n|switch|p1a: Alomomola|Alomomola, L99, F|100/100\n|move|p2a: Dragonite|Ice Spinner|p1a: Alomomola\n|-resisted|p1a: Alomomola\n|-damage|p1a: Alomomola|88/100\n|\n|-heal|p2a: Dragonite|90/100|[from] item: Leftovers\n|upkeep\n|turn|29\n|\n|t:|1782553404\n|move|p2a: Dragonite|Dragon Dance|p2a: Dragonite\n|-boost|p2a: Dragonite|atk|1\n|-boost|p2a: Dragonite|spe|1\n|move|p1a: Alomomola|Scald|p2a: Dragonite\n|-resisted|p2a: Dragonite\n|-damage|p2a: Dragonite|83/100\n|\n|-heal|p2a: Dragonite|90/100|[from] item: Leftovers\n|upkeep\n|turn|30\n|\n|t:|1782553413\n|move|p2a: Dragonite|Earthquake|p1a: Alomomola\n|-damage|p1a: Alomomola|47/100\n|move|p1a: Alomomola|Scald|p2a: Dragonite\n|-resisted|p2a: Dragonite\n|-damage|p2a: Dragonite|83/100\n|-status|p2a: Dragonite|brn\n|\n|-heal|p2a: Dragonite|89/100 brn|[from] item: Leftovers\n|-damage|p2a: Dragonite|83/100 brn|[from] brn\n|upkeep\n|turn|31\n|\n|t:|1782553420\n|move|p2a: Dragonite|Dragon Dance|p2a: Dragonite\n|-boost|p2a: Dragonite|atk|1\n|-boost|p2a: Dragonite|spe|1\n|move|p1a: Alomomola|Wish|p1a: Alomomola\n|\n|-heal|p2a: Dragonite|89/100 brn|[from] item: Leftovers\n|-damage|p2a: Dragonite|83/100 brn|[from] brn\n|upkeep\n|turn|32\n|\n|t:|1782553430\n|move|p2a: Dragonite|Encore|p1a: Alomomola\n|-start|p1a: Alomomola|Encore\n|move|p1a: Alomomola|Wish||[still]\n|-fail|p1a: Alomomola\n|\n|-heal|p1a: Alomomola|97/100|[from] move: Wish|[wisher] Alomomola\n|-heal|p2a: Dragonite|89/100 brn|[from] item: Leftovers\n|-damage|p2a: Dragonite|83/100 brn|[from] brn\n|upkeep\n|turn|33\n|\n|t:|1782553435\n|switch|p1a: Iron Treads|Iron Treads|11/100\n|move|p2a: Dragonite|Dragon Dance|p2a: Dragonite\n|-boost|p2a: Dragonite|atk|1\n|-boost|p2a: Dragonite|spe|1\n|\n|-heal|p2a: Dragonite|89/100 brn|[from] item: Leftovers\n|-damage|p2a: Dragonite|83/100 brn|[from] brn\n|upkeep\n|turn|34\n|\n|t:|1782553441\n|move|p2a: Dragonite|Earthquake|p1a: Iron Treads\n|-supereffective|p1a: Iron Treads\n|-damage|p1a: Iron Treads|0 fnt\n|faint|p1a: Iron Treads\n|-end|p1a: Iron Treads|Quark Drive|[silent]\n|\n|-heal|p2a: Dragonite|89/100 brn|[from] item: Leftovers\n|-damage|p2a: Dragonite|83/100 brn|[from] brn\n|upkeep\n|\n|t:|1782553448\n|switch|p1a: Alomomola|Alomomola, L99, F|100/100\n|turn|35\n|\n|t:|1782553456\n|move|p2a: Dragonite|Earthquake|p1a: Alomomola\n|-damage|p1a: Alomomola|70/100\n|move|p1a: Alomomola|Scald|p2a: Dragonite\n|-resisted|p2a: Dragonite\n|-damage|p2a: Dragonite|76/100 brn\n|\n|-heal|p2a: Dragonite|82/100 brn|[from] item: Leftovers\n|-damage|p2a: Dragonite|76/100 brn|[from] brn\n|upkeep\n|turn|36\n|\n|t:|1782553461\n|move|p2a: Dragonite|Earthquake|p1a: Alomomola\n|-damage|p1a: Alomomola|42/100\n|move|p1a: Alomomola|Scald|p2a: Dragonite\n|-resisted|p2a: Dragonite\n|-damage|p2a: Dragonite|69/100 brn\n|\n|-heal|p2a: Dragonite|75/100 brn|[from] item: Leftovers\n|-damage|p2a: Dragonite|69/100 brn|[from] brn\n|upkeep\n|turn|37\n|\n|t:|1782553465\n|move|p2a: Dragonite|Earthquake|p1a: Alomomola\n|-damage|p1a: Alomomola|16/100\n|move|p1a: Alomomola|Scald|p2a: Dragonite\n|-resisted|p2a: Dragonite\n|-damage|p2a: Dragonite|62/100 brn\n|\n|-heal|p2a: Dragonite|68/100 brn|[from] item: Leftovers\n|-damage|p2a: Dragonite|62/100 brn|[from] brn\n|upkeep\n|turn|38\n|\n|t:|1782553471\n|move|p1a: Alomomola|Protect|p1a: Alomomola\n|-singleturn|p1a: Alomomola|Protect\n|move|p2a: Dragonite|Earthquake|p1a: Alomomola\n|-activate|p1a: Alomomola|move: Protect\n|\n|-heal|p2a: Dragonite|68/100 brn|[from] item: Leftovers\n|-damage|p2a: Dragonite|62/100 brn|[from] brn\n|upkeep\n|turn|39\n|\n|t:|1782553474\n|move|p1a: Alomomola|Protect||[still]\n|-fail|p1a: Alomomola\n|move|p2a: Dragonite|Earthquake|p1a: Alomomola\n|-damage|p1a: Alomomola|0 fnt\n|faint|p1a: Alomomola\n|\n|-heal|p2a: Dragonite|68/100 brn|[from] item: Leftovers\n|-damage|p2a: Dragonite|62/100 brn|[from] brn\n|upkeep\n|-message|Mysterious Soop forfeited.\n|\n|win|merlin sword\n|raw|Mysterious Soop's rating: 1620 &rarr; <strong>1600</strong><br />(-20 for losing)\n|raw|merlin sword's rating: 1614 &rarr; <strong>1634</strong><br />(+20 for winning)\n|l|☆Mysterious Soop\n|player|p1|\n|l|☆merlin sword\n|player|p2|\n|l| turquoiselink\n", "uploadtime": 1782553730, "views": 5, "formatid": "gen9ou", "rating": 1600, "private": 0, "password": null}