{"id": "gen9ou-2540739615", "format": "[Gen 9] OU", "players": ["wyte_town", "StarDio"], "log": "|j|☆wyte_town\n|j|☆StarDio\n|t:|1771248217\n|gametype|singles\n|player|p1|wyte_town|iris-gen5bw2|1531\n|player|p2|StarDio|nate|1525\n|gen|9\n|tier|[Gen 9] OU\n|rated|\n|rule|HP Percentage Mod: HP is shown in percentages\n|rule|Endless Battle Clause: Forcing endless battles is banned\n|rule|Species Clause: Limit one of each Pokémon\n|rule|OHKO Clause: OHKO moves are banned\n|rule|Evasion Items Clause: Evasion items are banned\n|rule|Evasion Moves Clause: Evasion moves are banned\n|rule|Evasion Abilities Clause: Evasion abilities are banned\n|rule|Sleep Moves Clause: Sleep-inducing moves are banned\n|clearpoke\n|poke|p1|Bellibolt, M|\n|poke|p1|Rillaboom, F|\n|poke|p1|Iron Valiant|\n|poke|p1|Ogerpon-Wellspring, F|\n|poke|p1|Landorus-Therian, M|\n|poke|p1|Dragonite, M|\n|poke|p2|Hoopa-Unbound|\n|poke|p2|Landorus-Therian, M|\n|poke|p2|Cinderace, M|\n|poke|p2|Weezing-Galar, F|\n|poke|p2|Rotom-Wash|\n|poke|p2|Zamazenta-*|\n|teampreview\n|inactive|Battle timer is ON: inactive players will automatically lose when time's up. (requested by StarDio)\n|inactive|StarDio has 120 seconds left.\n|j| heatraniac\n|\n|t:|1771248261\n|teamsize|p1|6\n|teamsize|p2|6\n|start\n|switch|p1a: Rillaboom|Rillaboom, F|100/100\n|switch|p2a: Rotom|Rotom-Wash|100/100\n|-fieldstart|move: Grassy Terrain|[from] ability: Grassy Surge|[of] p1a: Rillaboom\n|turn|1\n|\n|t:|1771248271\n|switch|p2a: Weezing|Weezing-Galar, F|100/100\n|-ability|p2a: Weezing|Neutralizing Gas\n|move|p1a: Rillaboom|Wood Hammer|p2a: Weezing\n|-resisted|p2a: Weezing\n|-damage|p2a: Weezing|62/100\n|-damage|p1a: Rillaboom|90/100|[from] Recoil\n|\n|-heal|p1a: Rillaboom|96/100|[from] Grassy Terrain\n|-heal|p2a: Weezing|68/100|[from] Grassy Terrain\n|upkeep\n|turn|2\n|\n|t:|1771248290\n|switch|p1a: Landorus|Landorus-Therian, M|100/100\n|move|p2a: Weezing|Will-O-Wisp|p1a: Landorus\n|-status|p1a: Landorus|brn\n|\n|-heal|p2a: Weezing|74/100|[from] Grassy Terrain\n|-damage|p1a: Landorus|94/100 brn|[from] brn\n|upkeep\n|turn|3\n|\n|t:|1771248301\n|move|p1a: Landorus|Stealth Rock|p2a: Weezing\n|-sidestart|p2: StarDio|move: Stealth Rock\n|move|p2a: Weezing|Strange Steam|p1a: Landorus\n|-damage|p1a: Landorus|71/100 brn\n|\n|-heal|p2a: Weezing|80/100|[from] Grassy Terrain\n|-damage|p1a: Landorus|65/100 brn|[from] brn\n|upkeep\n|turn|4\n|\n|t:|1771248306\n|-end|p2a: Weezing|ability: Neutralizing Gas\n|-ability|p1a: Landorus|Intimidate|boost\n|-unboost|p2a: Weezing|atk|1\n|switch|p2a: Rotom|Rotom-Wash|100/100\n|-damage|p2a: Rotom|88/100|[from] Stealth Rock\n|move|p1a: Landorus|Earth Power|p2a: Rotom\n|-immune|p2a: Rotom|[from] ability: Levitate\n|\n|-heal|p2a: Rotom|94/100|[from] item: Leftovers\n|-damage|p1a: Landorus|59/100 brn|[from] brn\n|upkeep\n|turn|5\n|\n|t:|1771248316\n|switch|p1a: Rillaboom|Rillaboom, F|96/100\n|move|p2a: Rotom|Volt Switch|p1a: Rillaboom\n|-resisted|p1a: Rillaboom\n|-damage|p1a: Rillaboom|83/100\n|\n|t:|1771248318\n|switch|p2a: Weezing|Weezing-Galar, F|80/100|[from] Volt Switch\n|-ability|p2a: Weezing|Neutralizing Gas\n|\n|-heal|p1a: Rillaboom|89/100|[from] Grassy Terrain\n|-heal|p2a: Weezing|86/100|[from] Grassy Terrain\n|-fieldend|move: Grassy Terrain\n|upkeep\n|turn|6\n|\n|t:|1771248331\n|switch|p1a: Landorus|Landorus-Therian, M|59/100 brn\n|move|p2a: Weezing|Defog|p1a: Landorus\n|-unboost|p1a: Landorus|evasion|1\n|-sideend|p2: StarDio|Stealth Rock|[from] move: Defog|[of] p2a: Weezing\n|\n|-damage|p1a: Landorus|53/100 brn|[from] brn\n|upkeep\n|turn|7\n|\n|t:|1771248339\n|move|p1a: Landorus|Earth Power|p2a: Weezing\n|-supereffective|p2a: Weezing\n|-damage|p2a: Weezing|0 fnt\n|faint|p2a: Weezing\n|-end|p2a: Weezing|ability: Neutralizing Gas\n|\n|-damage|p1a: Landorus|47/100 brn|[from] brn\n|upkeep\n|\n|t:|1771248341\n|switch|p2a: Rotom|Rotom-Wash|94/100\n|turn|8\n|\n|t:|1771248348\n|switch|p1a: Bellibolt|Bellibolt, M|100/100\n|move|p2a: Rotom|Hydro Pump|p1a: Bellibolt|[miss]\n|-miss|p2a: Rotom|p1a: Bellibolt\n|\n|-heal|p2a: Rotom|100/100|[from] item: Leftovers\n|upkeep\n|turn|9\n|\n|t:|1771248354\n|switch|p2a: Hoopa|Hoopa-Unbound|100/100\n|move|p1a: Bellibolt|Toxic|p2a: Hoopa\n|-status|p2a: Hoopa|tox\n|\n|-damage|p2a: Hoopa|94/100 tox|[from] psn\n|upkeep\n|turn|10\n|\n|t:|1771248363\n|switch|p1a: Landorus|Landorus-Therian, M|47/100 brn\n|-ability|p1a: Landorus|Intimidate|boost\n|-unboost|p2a: Hoopa|atk|1\n|move|p2a: Hoopa|Knock Off|p1a: Landorus\n|-damage|p1a: Landorus|15/100 brn\n|-damage|p2a: Hoopa|78/100 tox|[from] item: Rocky Helmet|[of] p1a: Landorus\n|-enditem|p1a: Landorus|Rocky Helmet|[from] move: Knock Off|[of] p2a: Hoopa\n|\n|-damage|p2a: Hoopa|66/100 tox|[from] psn\n|-damage|p1a: Landorus|9/100 brn|[from] brn\n|upkeep\n|turn|11\n|\n|t:|1771248370\n|switch|p2a: Cinderace|Cinderace, M|100/100\n|move|p1a: Landorus|Stealth Rock|p2a: Cinderace\n|-sidestart|p2: StarDio|move: Stealth Rock\n|\n|-damage|p1a: Landorus|3/100 brn|[from] brn\n|upkeep\n|turn|12\n|\n|t:|1771248374\n|move|p2a: Cinderace|Court Change|p2a: Cinderace\n|-start|p2a: Cinderace|typechange|Normal|[from] ability: Libero\n|-swapsideconditions\n|-activate|p2a: Cinderace|move: Court Change\n|move|p1a: Landorus|Taunt|p2a: Cinderace\n|-start|p2a: Cinderace|move: Taunt\n|\n|-damage|p1a: Landorus|0 fnt|[from] brn\n|faint|p1a: Landorus\n|upkeep\n|\n|t:|1771248382\n|switch|p1a: Bellibolt|Bellibolt, M|100/100\n|turn|13\n|\n|t:|1771248385\n|switch|p2a: Hoopa|Hoopa-Unbound|66/100 tox\n|move|p1a: Bellibolt|Toxic|p2a: Hoopa\n|-fail|p2a: Hoopa|tox\n|\n|-damage|p2a: Hoopa|60/100 tox|[from] psn\n|upkeep\n|turn|14\n|\n|t:|1771248391\n|move|p2a: Hoopa|Knock Off|p1a: Bellibolt\n|-damage|p1a: Bellibolt|69/100\n|-enditem|p1a: Bellibolt|Heavy-Duty Boots|[from] move: Knock Off|[of] p2a: Hoopa\n|move|p1a: Bellibolt|Volt Switch|p2a: Hoopa\n|-damage|p2a: Hoopa|47/100 tox\n|\n|t:|1771248394\n|switch|p1a: Rillaboom|Rillaboom, F|89/100|[from] Volt Switch\n|-damage|p1a: Rillaboom|77/100|[from] Stealth Rock\n|-fieldstart|move: Grassy Terrain|[from] ability: Grassy Surge|[of] p1a: Rillaboom\n|\n|-heal|p1a: Rillaboom|83/100|[from] Grassy Terrain\n|-heal|p2a: Hoopa|53/100 tox|[from] Grassy Terrain\n|-damage|p2a: Hoopa|41/100 tox|[from] psn\n|upkeep\n|turn|15\n|\n|t:|1771248403\n|switch|p2a: Cinderace|Cinderace, M|100/100\n|move|p1a: Rillaboom|U-turn|p2a: Cinderace\n|-resisted|p2a: Cinderace\n|-damage|p2a: Cinderace|72/100\n|\n|t:|1771248414\n|switch|p1a: Bellibolt|Bellibolt, M|69/100|[from] U-turn\n|-damage|p1a: Bellibolt|56/100|[from] Stealth Rock\n|\n|-heal|p2a: Cinderace|78/100|[from] Grassy Terrain\n|-heal|p1a: Bellibolt|62/100|[from] Grassy Terrain\n|upkeep\n|turn|16\n|\n|t:|1771248420\n|move|p2a: Cinderace|U-turn|p1a: Bellibolt\n|-start|p2a: Cinderace|typechange|Bug|[from] ability: Libero\n|-damage|p1a: Bellibolt|40/100\n|\n|t:|1771248422\n|switch|p2a: Hoopa|Hoopa-Unbound|41/100 tox|[from] U-turn\n|move|p1a: Bellibolt|Soak|p2a: Hoopa\n|-start|p2a: Hoopa|typechange|Water\n|\n|-heal|p2a: Hoopa|47/100 tox|[from] Grassy Terrain\n|-heal|p1a: Bellibolt|46/100|[from] Grassy Terrain\n|-damage|p2a: Hoopa|41/100 tox|[from] psn\n|upkeep\n|turn|17\n|\n|t:|1771248430\n|move|p2a: Hoopa|Psychic Noise|p1a: Bellibolt\n|-damage|p1a: Bellibolt|18/100\n|-start|p1a: Bellibolt|move: Heal Block\n|move|p1a: Bellibolt|Volt Switch|p2a: Hoopa\n|-supereffective|p2a: Hoopa\n|-damage|p2a: Hoopa|14/100 tox\n|\n|t:|1771248437\n|switch|p1a: Rillaboom|Rillaboom, F|83/100|[from] Volt Switch\n|-damage|p1a: Rillaboom|71/100|[from] Stealth Rock\n|\n|-heal|p1a: Rillaboom|77/100|[from] Grassy Terrain\n|-heal|p2a: Hoopa|20/100 tox|[from] Grassy Terrain\n|-damage|p2a: Hoopa|8/100 tox|[from] psn\n|upkeep\n|turn|18\n|\n|t:|1771248441\n|move|p1a: Rillaboom|U-turn|p2a: Hoopa\n|-damage|p2a: Hoopa|0 fnt\n|faint|p2a: Hoopa\n|\n|t:|1771248444\n|switch|p1a: Bellibolt|Bellibolt, M|18/100|[from] U-turn\n|-damage|p1a: Bellibolt|6/100|[from] Stealth Rock\n|\n|-heal|p1a: Bellibolt|12/100|[from] Grassy Terrain\n|-fieldend|move: Grassy Terrain\n|upkeep\n|\n|t:|1771248449\n|switch|p2a: Landorus|Landorus-Therian, M|100/100\n|-ability|p2a: Landorus|Intimidate|boost\n|-unboost|p1a: Bellibolt|atk|1\n|turn|19\n|\n|t:|1771248454\n|move|p2a: Landorus|U-turn|p1a: Bellibolt\n|-damage|p1a: Bellibolt|0 fnt\n|faint|p1a: Bellibolt\n|\n|t:|1771248456\n|switch|p2a: Cinderace|Cinderace, M|78/100|[from] U-turn\n|\n|upkeep\n|\n|t:|1771248463\n|switch|p1a: Ogerpon|Ogerpon-Wellspring, F|100/100\n|-damage|p1a: Ogerpon|88/100|[from] Stealth Rock\n|turn|20\n|\n|t:|1771248472\n|move|p2a: Cinderace|Gunk Shot|p1a: Ogerpon\n|-start|p2a: Cinderace|typechange|Poison|[from] ability: Libero\n|-supereffective|p1a: Ogerpon\n|-damage|p1a: Ogerpon|0 fnt\n|faint|p1a: Ogerpon\n|\n|upkeep\n|\n|t:|1771248482\n|switch|p1a: Dragonite|Dragonite, M|100/100\n|-damage|p1a: Dragonite|76/100|[from] Stealth Rock\n|turn|21\n|\n|t:|1771248488\n|move|p2a: Cinderace|U-turn|p1a: Dragonite\n|-resisted|p1a: Dragonite\n|-damage|p1a: Dragonite|66/100\n|\n|t:|1771248490\n|switch|p2a: Landorus|Landorus-Therian, M|100/100|[from] U-turn\n|-ability|p2a: Landorus|Intimidate|boost\n|-unboost|p1a: Dragonite|atk|1\n|move|p1a: Dragonite|Dragon Dance|p1a: Dragonite\n|-boost|p1a: Dragonite|atk|1\n|-boost|p1a: Dragonite|spe|1\n|\n|-heal|p1a: Dragonite|72/100|[from] item: Leftovers\n|upkeep\n|turn|22\n|\n|t:|1771248498\n|move|p1a: Dragonite|Roost|p1a: Dragonite\n|-heal|p1a: Dragonite|100/100\n|-singleturn|p1a: Dragonite|move: Roost\n|move|p2a: Landorus|Stone Edge|p1a: Dragonite\n|-damage|p1a: Dragonite|82/100\n|\n|-heal|p1a: Dragonite|88/100|[from] item: Leftovers\n|upkeep\n|turn|23\n|\n|t:|1771248504\n|move|p1a: Dragonite|Dragon Dance|p1a: Dragonite\n|-boost|p1a: Dragonite|atk|1\n|-boost|p1a: Dragonite|spe|1\n|move|p2a: Landorus|U-turn|p1a: Dragonite\n|-resisted|p1a: Dragonite\n|-damage|p1a: Dragonite|76/100\n|\n|t:|1771248506\n|switch|p2a: Rotom|Rotom-Wash|100/100|[from] U-turn\n|\n|-heal|p1a: Dragonite|83/100|[from] item: Leftovers\n|upkeep\n|turn|24\n|\n|t:|1771248516\n|-terastallize|p1a: Dragonite|Fairy\n|move|p1a: Dragonite|Tera Blast|p2a: Rotom|[anim] Tera Blast Fairy\n|-damage|p2a: Rotom|57/100\n|move|p2a: Rotom|Thunder Wave|p1a: Dragonite\n|-status|p1a: Dragonite|par\n|\n|-heal|p1a: Dragonite|89/100 par|[from] item: Leftovers\n|-heal|p2a: Rotom|63/100|[from] item: Leftovers\n|upkeep\n|turn|25\n|\n|t:|1771248527\n|cant|p1a: Dragonite|par\n|move|p2a: Rotom|Volt Switch|p1a: Dragonite\n|-damage|p1a: Dragonite|68/100 par\n|\n|t:|1771248529\n|switch|p2a: Landorus|Landorus-Therian, M|100/100|[from] Volt Switch\n|-ability|p2a: Landorus|Intimidate|boost\n|-unboost|p1a: Dragonite|atk|1\n|\n|-heal|p1a: Dragonite|74/100 par|[from] item: Leftovers\n|upkeep\n|turn|26\n|\n|t:|1771248533\n|move|p2a: Landorus|Earthquake|p1a: Dragonite\n|-damage|p1a: Dragonite|16/100 par\n|cant|p1a: Dragonite|par\n|\n|-heal|p1a: Dragonite|22/100 par|[from] item: Leftovers\n|upkeep\n|turn|27\n|\n|t:|1771248538\n|switch|p1a: Rillaboom|Rillaboom, F|77/100\n|-damage|p1a: Rillaboom|64/100|[from] Stealth Rock\n|-fieldstart|move: Grassy Terrain|[from] ability: Grassy Surge|[of] p1a: Rillaboom\n|move|p2a: Landorus|Earthquake|p1a: Rillaboom\n|-resisted|p1a: Rillaboom\n|-damage|p1a: Rillaboom|48/100\n|\n|-heal|p1a: Rillaboom|54/100|[from] Grassy Terrain\n|upkeep\n|turn|28\n|\n|t:|1771248546\n|move|p2a: Landorus|U-turn|p1a: Rillaboom\n|-supereffective|p1a: Rillaboom\n|-damage|p1a: Rillaboom|3/100\n|\n|t:|1771248552\n|switch|p2a: Zamazenta|Zamazenta|100/100|[from] U-turn\n|-ability|p2a: Zamazenta|Dauntless Shield|boost\n|-boost|p2a: Zamazenta|def|1\n|move|p1a: Rillaboom|Wood Hammer|p2a: Zamazenta\n|-damage|p2a: Zamazenta|36/100\n|-damage|p1a: Rillaboom|0 fnt|[from] Recoil\n|faint|p1a: Rillaboom\n|\n|-heal|p2a: Zamazenta|42/100|[from] Grassy Terrain\n|-heal|p2a: Zamazenta|48/100|[from] item: Leftovers\n|upkeep\n|\n|t:|1771248565\n|switch|p1a: Iron Valiant|Iron Valiant|100/100\n|-damage|p1a: Iron Valiant|94/100|[from] Stealth Rock\n|-enditem|p1a: Iron Valiant|Booster Energy\n|-activate|p1a: Iron Valiant|ability: Quark Drive|[fromitem]\n|-start|p1a: Iron Valiant|quarkdrivespe\n|turn|29\n|\n|t:|1771248569\n|move|p1a: Iron Valiant|Calm Mind|p1a: Iron Valiant\n|-boost|p1a: Iron Valiant|spa|1\n|-boost|p1a: Iron Valiant|spd|1\n|move|p2a: Zamazenta|Roar|p1a: Iron Valiant\n|-end|p1a: Iron Valiant|Quark Drive|[silent]\n|drag|p1a: Dragonite|Dragonite, M, tera:Fairy|22/100 par\n|-damage|p1a: Dragonite|10/100 par|[from] Stealth Rock\n|\n|-heal|p2a: Zamazenta|55/100|[from] Grassy Terrain\n|-heal|p2a: Zamazenta|61/100|[from] item: Leftovers\n|-heal|p1a: Dragonite|16/100 par|[from] Grassy Terrain\n|-heal|p1a: Dragonite|22/100 par|[from] item: Leftovers\n|upkeep\n|turn|30\n|\n|t:|1771248576\n|move|p2a: Zamazenta|Body Press|p1a: Dragonite\n|-resisted|p1a: Dragonite\n|-damage|p1a: Dragonite|0 fnt\n|faint|p1a: Dragonite\n|\n|-heal|p2a: Zamazenta|67/100|[from] Grassy Terrain\n|-heal|p2a: Zamazenta|73/100|[from] item: Leftovers\n|upkeep\n|\n|t:|1771248579\n|switch|p1a: Iron Valiant|Iron Valiant|94/100\n|-damage|p1a: Iron Valiant|88/100|[from] Stealth Rock\n|turn|31\n|\n|t:|1771248585\n|switch|p2a: Landorus|Landorus-Therian, M|100/100\n|-ability|p2a: Landorus|Intimidate|boost\n|-unboost|p1a: Iron Valiant|atk|1\n|move|p1a: Iron Valiant|Moonblast|p2a: Landorus\n|-damage|p2a: Landorus|39/100\n|\n|-heal|p1a: Iron Valiant|94/100|[from] Grassy Terrain\n|-fieldend|move: Grassy Terrain\n|upkeep\n|turn|32\n|\n|t:|1771248590\n|move|p1a: Iron Valiant|Calm Mind|p1a: Iron Valiant\n|-boost|p1a: Iron Valiant|spa|1\n|-boost|p1a: Iron Valiant|spd|1\n|move|p2a: Landorus|Earthquake|p1a: Iron Valiant\n|-damage|p1a: Iron Valiant|0 fnt\n|faint|p1a: Iron Valiant\n|-end|p1a: Iron Valiant|Quark Drive|[silent]\n|\n|win|StarDio\n|raw|wyte_town's rating: 1531 &rarr; <strong>1511</strong><br />(-20 for losing)\n|raw|StarDio's rating: 1525 &rarr; <strong>1545</strong><br />(+20 for winning)\n|l|☆wyte_town\n|player|p1|\n|l|☆StarDio\n|player|p2|\n|l| heatraniac\n", "uploadtime": 1771248732, "views": 11, "formatid": "gen9ou", "rating": 1511, "private": 0, "password": null}