{"id": "gen9ou-2639245487", "format": "[Gen 9] OU", "players": ["Roni13", "HYTT_tttt代号中"], "log": "|j|☆Roni13\n|j|☆HYTT_tttt代号中\n|t:|1782439753\n|gametype|singles\n|player|p1|Roni13|hilbert|1199\n|player|p2|HYTT_tttt代号中|rosa-pokestar2|1185\n|gen|9\n|tier|[Gen 9] OU\n|rated|\n|rule|HP Percentage Mod: HP is shown in percentages\n|rule|Endless Battle Clause: Forcing endless battles is banned\n|rule|Species Clause: Limit one of each Pokémon\n|rule|OHKO Clause: OHKO moves are banned\n|rule|Evasion Items Clause: Evasion items are banned\n|rule|Evasion Moves Clause: Evasion moves are banned\n|rule|Evasion Abilities Clause: Evasion abilities are banned\n|rule|Sleep Moves Clause: Sleep-inducing moves are banned\n|clearpoke\n|poke|p1|Weavile, M|\n|poke|p1|Blaziken, M|\n|poke|p1|Gliscor, M|\n|poke|p1|Rillaboom, F|\n|poke|p1|Primarina, F|\n|poke|p1|Sableye, F|\n|poke|p2|Hippowdon, M|\n|poke|p2|Garganacl, F|\n|poke|p2|Reuniclus, F|\n|poke|p2|Corviknight, M|\n|poke|p2|Gliscor, M|\n|poke|p2|Alomomola, F|\n|teampreview\n|\n|t:|1782439769\n|teamsize|p1|6\n|teamsize|p2|6\n|start\n|switch|p1a: Weavile|Weavile, M|100/100\n|switch|p2a: 阿三|Hippowdon, M|100/100\n|-weather|Sandstorm|[from] ability: Sand Stream|[of] p2a: 阿三\n|turn|1\n|\n|t:|1782439779\n|switch|p2a: 鸟人|Corviknight, M|100/100\n|-ability|p2a: 鸟人|Pressure\n|move|p1a: Weavile|Hone Claws|p1a: Weavile\n|-boost|p1a: Weavile|atk|1\n|-boost|p1a: Weavile|accuracy|1\n|\n|-weather|Sandstorm|[upkeep]\n|-damage|p1a: Weavile|94/100|[from] Sandstorm\n|upkeep\n|turn|2\n|\n|t:|1782439797\n|move|p1a: Weavile|Triple Axel|p2a: 鸟人\n|-damage|p2a: 鸟人|92/100\n|-damage|p1a: Weavile|78/100|[from] item: Rocky Helmet|[of] p2a: 鸟人\n|-damage|p2a: 鸟人|73/100\n|-damage|p1a: Weavile|62/100|[from] item: Rocky Helmet|[of] p2a: 鸟人\n|-damage|p2a: 鸟人|45/100\n|-damage|p1a: Weavile|45/100|[from] item: Rocky Helmet|[of] p2a: 鸟人\n|-hitcount|p2a: 鸟人|3\n|move|p2a: 鸟人|U-turn|p1a: Weavile\n|-supereffective|p1a: Weavile\n|-damage|p1a: Weavile|0 fnt\n|faint|p1a: Weavile\n|\n|t:|1782439810\n|switch|p2a: koko|Reuniclus, F|100/100|[from] U-turn\n|\n|-weather|Sandstorm|[upkeep]\n|upkeep\n|\n|t:|1782439827\n|switch|p1a: Rillaboom|Rillaboom, F|100/100\n|-fieldstart|move: Grassy Terrain|[from] ability: Grassy Surge|[of] p1a: Rillaboom\n|turn|3\n|\n|t:|1782439851\n|switch|p2a: 土猫|Gliscor, M|100/100\n|move|p1a: Rillaboom|Bulk Up|p1a: Rillaboom\n|-boost|p1a: Rillaboom|atk|1\n|-boost|p1a: Rillaboom|def|1\n|\n|-weather|Sandstorm|[upkeep]\n|-damage|p1a: Rillaboom|94/100|[from] Sandstorm\n|-heal|p1a: Rillaboom|100/100|[from] Grassy Terrain\n|-status|p2a: 土猫|tox|[from] item: Toxic Orb\n|upkeep\n|turn|4\n|\n|t:|1782439865\n|move|p1a: Rillaboom|Wood Hammer|p2a: 土猫\n|-damage|p2a: 土猫|0 fnt\n|faint|p2a: 土猫\n|-damage|p1a: Rillaboom|66/100|[from] Recoil\n|-damage|p1a: Rillaboom|57/100|[from] item: Life Orb\n|\n|-weather|Sandstorm|[upkeep]\n|-damage|p1a: Rillaboom|50/100|[from] Sandstorm\n|-heal|p1a: Rillaboom|57/100|[from] Grassy Terrain\n|upkeep\n|\n|t:|1782439911\n|switch|p2a: 鸟人|Corviknight, M|45/100\n|-ability|p2a: 鸟人|Pressure\n|turn|5\n|\n|t:|1782439938\n|move|p1a: Rillaboom|Knock Off|p2a: 鸟人\n|-damage|p2a: 鸟人|3/100\n|-damage|p1a: Rillaboom|40/100|[from] item: Rocky Helmet|[of] p2a: 鸟人\n|-enditem|p2a: 鸟人|Rocky Helmet|[from] move: Knock Off|[of] p1a: Rillaboom\n|-damage|p1a: Rillaboom|30/100|[from] item: Life Orb\n|move|p2a: 鸟人|Roost|p2a: 鸟人\n|-heal|p2a: 鸟人|53/100\n|-singleturn|p2a: 鸟人|move: Roost\n|\n|-weather|none\n|-heal|p1a: Rillaboom|36/100|[from] Grassy Terrain\n|-heal|p2a: 鸟人|59/100|[from] Grassy Terrain\n|upkeep\n|turn|6\n|inactive|Battle timer is ON: inactive players will automatically lose when time's up. (requested by Roni13)\n|\n|t:|1782439967\n|move|p1a: Rillaboom|Knock Off|p2a: 鸟人\n|-damage|p2a: 鸟人|32/100\n|-damage|p1a: Rillaboom|26/100|[from] item: Life Orb\n|move|p2a: 鸟人|Roost|p2a: 鸟人\n|-heal|p2a: 鸟人|82/100\n|-singleturn|p2a: 鸟人|move: Roost\n|\n|-heal|p1a: Rillaboom|32/100|[from] Grassy Terrain\n|-heal|p2a: 鸟人|88/100|[from] Grassy Terrain\n|upkeep\n|turn|7\n|\n|t:|1782439987\n|switch|p1a: Sableye|Sableye, F|100/100\n|move|p2a: 鸟人|Brave Bird|p1a: Sableye\n|-damage|p1a: Sableye|64/100\n|-damage|p2a: 鸟人|71/100|[from] item: Rocky Helmet|[of] p1a: Sableye\n|-damage|p2a: 鸟人|62/100|[from] Recoil\n|\n|-heal|p1a: Sableye|70/100|[from] Grassy Terrain\n|-fieldend|move: Grassy Terrain\n|upkeep\n|turn|8\n|\n|t:|1782440000\n|move|p1a: Sableye|Will-O-Wisp|p2a: 鸟人\n|-status|p2a: 鸟人|brn\n|move|p2a: 鸟人|U-turn|p1a: Sableye\n|-damage|p1a: Sableye|63/100\n|-damage|p2a: 鸟人|46/100 brn|[from] item: Rocky Helmet|[of] p1a: Sableye\n|\n|t:|1782440011\n|switch|p2a: 玛姬|Garganacl, F|100/100|[from] U-turn\n|\n|upkeep\n|turn|9\n|inactive|Roni13 has 120 seconds left.\n|inactive|Roni13 has 90 seconds left.\n|\n|t:|1782440073\n|move|p1a: Sableye|Will-O-Wisp|p2a: 玛姬\n|-immune|p2a: 玛姬|[from] ability: Purifying Salt\n|move|p2a: 玛姬|Salt Cure|p1a: Sableye\n|-damage|p1a: Sableye|50/100\n|-start|p1a: Sableye|Salt Cure\n|\n|-damage|p1a: Sableye|38/100|[from] Salt Cure\n|upkeep\n|turn|10\n|inactive|Roni13 has 90 seconds left.\n|inactive|Roni13 has 60 seconds left.\n|\n|t:|1782440113\n|move|p1a: Sableye|Recover|p1a: Sableye\n|-heal|p1a: Sableye|88/100\n|move|p2a: 玛姬|Curse|p2a: 玛姬\n|-unboost|p2a: 玛姬|spe|1\n|-boost|p2a: 玛姬|atk|1\n|-boost|p2a: 玛姬|def|1\n|\n|-damage|p1a: Sableye|75/100|[from] Salt Cure\n|upkeep\n|turn|11\n|inactive|Roni13 has 60 seconds left.\n|\n|t:|1782440138\n|move|p1a: Sableye|Encore|p2a: 玛姬\n|-start|p2a: 玛姬|Encore\n|move|p2a: 玛姬|Curse|p2a: 玛姬\n|-unboost|p2a: 玛姬|spe|1\n|-boost|p2a: 玛姬|atk|1\n|-boost|p2a: 玛姬|def|1\n|\n|-damage|p1a: Sableye|63/100|[from] Salt Cure\n|upkeep\n|turn|12\n|\n|t:|1782440155\n|switch|p1a: Primarina|Primarina, F|100/100\n|move|p2a: 玛姬|Curse|p2a: 玛姬\n|-unboost|p2a: 玛姬|spe|1\n|-boost|p2a: 玛姬|atk|1\n|-boost|p2a: 玛姬|def|1\n|\n|upkeep\n|turn|13\n|\n|t:|1782440165\n|-terastallize|p2a: 玛姬|Fairy\n|move|p1a: Primarina|Calm Mind|p1a: Primarina\n|-boost|p1a: Primarina|spa|1\n|-boost|p1a: Primarina|spd|1\n|move|p2a: 玛姬|Curse|p2a: 玛姬\n|-unboost|p2a: 玛姬|spe|1\n|-boost|p2a: 玛姬|atk|1\n|-boost|p2a: 玛姬|def|1\n|\n|-end|p2a: 玛姬|Encore\n|upkeep\n|turn|14\n|inactive|Roni13 has 60 seconds left.\n|\n|t:|1782440199\n|move|p1a: Primarina|Surf|p2a: 玛姬\n|-damage|p2a: 玛姬|49/100\n|move|p2a: 玛姬|Salt Cure|p1a: Primarina\n|-damage|p1a: Primarina|51/100\n|-start|p1a: Primarina|Salt Cure\n|\n|-heal|p1a: Primarina|57/100|[from] item: Leftovers\n|-heal|p2a: 玛姬|55/100|[from] item: Leftovers\n|-damage|p1a: Primarina|32/100|[from] Salt Cure\n|upkeep\n|turn|15\n|inactive|Roni13 has 30 seconds left.\n|inactive|Roni13 has 20 seconds left.\n|inactive|Roni13 has 15 seconds left.\n|inactive|HYTT_tttt代号中 has 120 seconds left.\n|inactive|Roni13 has 10 seconds left.\n|\n|t:|1782440238\n|-terastallize|p1a: Primarina|Steel\n|move|p1a: Primarina|Draining Kiss|p2a: 玛姬\n|-damage|p2a: 玛姬|27/100\n|-heal|p1a: Primarina|56/100|[from] drain|[of] p2a: 玛姬\n|move|p2a: 玛姬|Salt Cure|p1a: Primarina\n|-resisted|p1a: Primarina\n|-damage|p1a: Primarina|31/100\n|\n|-heal|p1a: Primarina|37/100|[from] item: Leftovers\n|-heal|p2a: 玛姬|33/100|[from] item: Leftovers\n|-damage|p1a: Primarina|12/100|[from] Salt Cure\n|upkeep\n|turn|16\n|inactive|Roni13 has 20 seconds left this turn.\n|inactive|Roni13 has 15 seconds left.\n|inactive|HYTT_tttt代号中 has 120 seconds left.\n|inactive|Roni13 has 10 seconds left.\n|\n|t:|1782440249\n|move|p1a: Primarina|Surf|p2a: 玛姬\n|-damage|p2a: 玛姬|0 fnt\n|faint|p2a: 玛姬\n|\n|-heal|p1a: Primarina|18/100|[from] item: Leftovers\n|-damage|p1a: Primarina|0 fnt|[from] Salt Cure\n|faint|p1a: Primarina\n|upkeep\n|inactive|Roni13 has 15 seconds left this turn.\n|inactive|Roni13 has 10 seconds left.\n|inactive|Roni13 has 5 seconds left.\n|-message|Roni13 lost due to inactivity.\n|\n|win|HYTT_tttt代号中\n|raw|Roni13's rating: 1199 &rarr; <strong>1173</strong><br />(-26 for losing)\n|raw|HYTT_tttt代号中's rating: 1185 &rarr; <strong>1211</strong><br />(+26 for winning)\n|l|☆HYTT_tttt代号中\n|player|p2|\n|l|☆Roni13\n|player|p1|\n", "uploadtime": 1782440578, "views": 9, "formatid": "gen9ou", "rating": 1173, "private": 0, "password": null}