{"id": "gen9ou-2540824611", "format": "[Gen 9] OU", "players": ["tuanquewang", "gon_freakster"], "log": "|j|☆tuanquewang\n|j|☆gon_freakster\n|t:|1771257886\n|gametype|singles\n|player|p1|tuanquewang|backersf|1696\n|player|p2|gon_freakster|101|1665\n|gen|9\n|tier|[Gen 9] OU\n|rated|\n|rule|HP Percentage Mod: HP is shown in percentages\n|rule|Endless Battle Clause: Forcing endless battles is banned\n|rule|Species Clause: Limit one of each Pokémon\n|rule|OHKO Clause: OHKO moves are banned\n|rule|Evasion Items Clause: Evasion items are banned\n|rule|Evasion Moves Clause: Evasion moves are banned\n|rule|Evasion Abilities Clause: Evasion abilities are banned\n|rule|Sleep Moves Clause: Sleep-inducing moves are banned\n|clearpoke\n|poke|p1|Slowking-Galar, M|\n|poke|p1|Alomomola, F|\n|poke|p1|Scizor, M|\n|poke|p1|Hydrapple, F|\n|poke|p1|Cinderace, M|\n|poke|p1|Sandy Shocks|\n|poke|p2|Pelipper, M|\n|poke|p2|Raging Bolt|\n|poke|p2|Overqwil, F|\n|poke|p2|Barraskewda, F|\n|poke|p2|Iron Treads|\n|poke|p2|Kingambit, M|\n|teampreview\n|inactive|Battle timer is ON: inactive players will automatically lose when time's up. (requested by tuanquewang)\n|\n|t:|1771257894\n|teamsize|p1|6\n|teamsize|p2|6\n|start\n|switch|p1a: Sandy Shocks|Sandy Shocks, shiny|100/100\n|switch|p2a: lil swimmer|Barraskewda, F|100/100\n|turn|1\n|\n|t:|1771257896\n|move|p1a: Sandy Shocks|Volt Switch|p2a: lil swimmer\n|-supereffective|p2a: lil swimmer\n|-damage|p2a: lil swimmer|0 fnt\n|faint|p2a: lil swimmer\n|\n|t:|1771257904\n|-end|p1a: Sandy Shocks|Protosynthesis|[silent]\n|switch|p1a: Slowking|Slowking-Galar, M|100/100|[from] Volt Switch\n|\n|upkeep\n|\n|t:|1771257908\n|switch|p2a: UShouldGetTested|Overqwil, F|100/100\n|turn|2\n|\n|t:|1771257934\n|move|p2a: UShouldGetTested|Crunch|p1a: Slowking\n|-supereffective|p1a: Slowking\n|-damage|p1a: Slowking|0 fnt\n|faint|p1a: Slowking\n|-damage|p2a: UShouldGetTested|91/100|[from] item: Life Orb\n|\n|upkeep\n|inactive|tuanquewang has 120 seconds left.\n|\n|t:|1771257949\n|switch|p1a: Cinderace|Cinderace, M|100/100\n|turn|3\n|\n|t:|1771257952\n|switch|p2a: Pelipper|Pelipper, M|100/100\n|-weather|RainDance|[from] ability: Drizzle|[of] p2a: Pelipper\n|move|p1a: Cinderace|U-turn|p2a: Pelipper\n|-start|p1a: Cinderace|typechange|Bug|[from] ability: Libero\n|-resisted|p2a: Pelipper\n|-damage|p2a: Pelipper|88/100\n|\n|t:|1771257956\n|switch|p1a: Sandy Shocks|Sandy Shocks, shiny|100/100|[from] U-turn\n|\n|-weather|RainDance|[upkeep]\n|upkeep\n|turn|4\n|\n|t:|1771257960\n|switch|p2a: Iron Treads|Iron Treads|100/100\n|-enditem|p2a: Iron Treads|Booster Energy\n|-activate|p2a: Iron Treads|ability: Quark Drive|[fromitem]\n|-start|p2a: Iron Treads|quarkdrivespe\n|move|p1a: Sandy Shocks|Volt Switch|p2a: Iron Treads\n|-immune|p2a: Iron Treads\n|\n|-weather|RainDance|[upkeep]\n|upkeep\n|turn|5\n|\n|t:|1771257964\n|-end|p1a: Sandy Shocks|Protosynthesis|[silent]\n|switch|p1a: Alomomola|Alomomola, F|100/100\n|move|p2a: Iron Treads|Stealth Rock|p1a: Alomomola\n|-sidestart|p1: tuanquewang|move: Stealth Rock\n|\n|-weather|RainDance|[upkeep]\n|upkeep\n|turn|6\n|\n|t:|1771257970\n|-end|p2a: Iron Treads|Quark Drive|[silent]\n|switch|p2a: Pelipper|Pelipper, M|88/100\n|move|p1a: Alomomola|Flip Turn|p2a: Pelipper\n|-resisted|p2a: Pelipper\n|-damage|p2a: Pelipper|79/100\n|\n|t:|1771257974\n|switch|p1a: Sandy Shocks|Sandy Shocks, shiny|100/100|[from] Flip Turn\n|-damage|p1a: Sandy Shocks|94/100|[from] Stealth Rock\n|\n|-weather|RainDance|[upkeep]\n|upkeep\n|turn|7\n|\n|t:|1771257977\n|move|p1a: Sandy Shocks|Volt Switch|p2a: Pelipper\n|-supereffective|p2a: Pelipper\n|-damage|p2a: Pelipper|0 fnt\n|faint|p2a: Pelipper\n|\n|t:|1771257986\n|-end|p1a: Sandy Shocks|Protosynthesis|[silent]\n|switch|p1a: Scizor|Scizor, M|100/100|[from] Volt Switch\n|-damage|p1a: Scizor|88/100|[from] Stealth Rock\n|\n|-weather|RainDance|[upkeep]\n|upkeep\n|\n|t:|1771257989\n|switch|p2a: UNBEATABLE THROAT|Raging Bolt|100/100\n|-enditem|p2a: UNBEATABLE THROAT|Booster Energy\n|-activate|p2a: UNBEATABLE THROAT|ability: Protosynthesis|[fromitem]\n|-start|p2a: UNBEATABLE THROAT|protosynthesisspa\n|turn|8\n|\n|t:|1771257996\n|move|p2a: UNBEATABLE THROAT|Thunder|p1a: Scizor\n|-damage|p1a: Scizor|0 fnt\n|faint|p1a: Scizor\n|\n|-weather|RainDance|[upkeep]\n|upkeep\n|\n|t:|1771258000\n|switch|p1a: Sandy Shocks|Sandy Shocks, shiny|94/100\n|-damage|p1a: Sandy Shocks|88/100|[from] Stealth Rock\n|turn|9\n|\n|t:|1771258003\n|move|p1a: Sandy Shocks|Earth Power|p2a: UNBEATABLE THROAT\n|-supereffective|p2a: UNBEATABLE THROAT\n|-damage|p2a: UNBEATABLE THROAT|20/100\n|-unboost|p2a: UNBEATABLE THROAT|spd|1\n|move|p2a: UNBEATABLE THROAT|Weather Ball|p1a: Sandy Shocks\n|-supereffective|p1a: Sandy Shocks\n|-damage|p1a: Sandy Shocks|0 fnt\n|faint|p1a: Sandy Shocks\n|-end|p1a: Sandy Shocks|Protosynthesis|[silent]\n|\n|-weather|RainDance|[upkeep]\n|upkeep\n|\n|t:|1771258012\n|switch|p1a: Cinderace|Cinderace, M|100/100\n|turn|10\n|\n|t:|1771258021\n|-end|p2a: UNBEATABLE THROAT|Protosynthesis|[silent]\n|switch|p2a: Iron Treads|Iron Treads|100/100\n|move|p1a: Cinderace|U-turn|p2a: Iron Treads\n|-start|p1a: Cinderace|typechange|Bug|[from] ability: Libero\n|-resisted|p2a: Iron Treads\n|-damage|p2a: Iron Treads|85/100\n|\n|t:|1771258023\n|switch|p1a: Alomomola|Alomomola, F|100/100|[from] U-turn\n|-damage|p1a: Alomomola|88/100|[from] Stealth Rock\n|\n|-weather|none\n|-heal|p1a: Alomomola|94/100|[from] item: Leftovers\n|upkeep\n|turn|11\n|\n|t:|1771258027\n|move|p2a: Iron Treads|Earth Power|p1a: Alomomola\n|-damage|p1a: Alomomola|51/100\n|move|p1a: Alomomola|Flip Turn|p2a: Iron Treads\n|-supereffective|p2a: Iron Treads\n|-damage|p2a: Iron Treads|55/100\n|\n|t:|1771258029\n|switch|p1a: Cinderace|Cinderace, M|100/100|[from] Flip Turn\n|\n|upkeep\n|turn|12\n|\n|t:|1771258032\n|move|p1a: Cinderace|Pyro Ball|p2a: Iron Treads\n|-supereffective|p2a: Iron Treads\n|-crit|p2a: Iron Treads\n|-damage|p2a: Iron Treads|0 fnt\n|faint|p2a: Iron Treads\n|-end|p2a: Iron Treads|Quark Drive|[silent]\n|\n|upkeep\n|\n|t:|1771258035\n|switch|p2a: UShouldGetTested|Overqwil, F|91/100\n|turn|13\n|\n|t:|1771258040\n|move|p1a: Cinderace|U-turn|p2a: UShouldGetTested\n|-start|p1a: Cinderace|typechange|Bug|[from] ability: Libero\n|-damage|p2a: UShouldGetTested|55/100\n|\n|t:|1771258043\n|switch|p1a: Alomomola|Alomomola, F|85/100|[from] U-turn\n|-damage|p1a: Alomomola|72/100|[from] Stealth Rock\n|move|p2a: UShouldGetTested|Gunk Shot|p1a: Alomomola\n|-damage|p1a: Alomomola|26/100\n|-status|p1a: Alomomola|psn\n|-damage|p2a: UShouldGetTested|45/100|[from] item: Life Orb\n|\n|-heal|p1a: Alomomola|32/100 psn|[from] item: Leftovers\n|-damage|p1a: Alomomola|20/100 psn|[from] psn\n|upkeep\n|turn|14\n|\n|t:|1771258049\n|move|p2a: UShouldGetTested|Crunch|p1a: Alomomola\n|-damage|p1a: Alomomola|0 fnt\n|faint|p1a: Alomomola\n|-damage|p2a: UShouldGetTested|35/100|[from] item: Life Orb\n|\n|upkeep\n|\n|t:|1771258051\n|switch|p1a: Cinderace|Cinderace, M|100/100\n|turn|15\n|\n|t:|1771258055\n|move|p1a: Cinderace|Pyro Ball|p2a: UShouldGetTested\n|-damage|p2a: UShouldGetTested|0 fnt\n|faint|p2a: UShouldGetTested\n|\n|upkeep\n|\n|t:|1771258057\n|switch|p2a: Kingambit|Kingambit, M|100/100\n|-activate|p2a: Kingambit|ability: Supreme Overlord\n|-start|p2a: Kingambit|fallen4|[silent]\n|turn|16\n|\n|t:|1771258061\n|-terastallize|p2a: Kingambit|Dark\n|move|p2a: Kingambit|Sucker Punch|p1a: Cinderace\n|-damage|p1a: Cinderace|0 fnt\n|faint|p1a: Cinderace\n|\n|upkeep\n|\n|t:|1771258065\n|switch|p1a: Hydrapple|Hydrapple, F, shiny|100/100\n|-damage|p1a: Hydrapple|88/100|[from] Stealth Rock\n|turn|17\n|\n|t:|1771258072\n|move|p2a: Kingambit|Sucker Punch|p1a: Hydrapple\n|-damage|p1a: Hydrapple|34/100\n|move|p1a: Hydrapple|Draco Meteor|p2a: Kingambit\n|-damage|p2a: Kingambit|0 fnt\n|-unboost|p1a: Hydrapple|spa|2\n|faint|p2a: Kingambit\n|-end|p2a: Kingambit|fallen4|[silent]\n|\n|upkeep\n|\n|t:|1771258080\n|switch|p2a: UNBEATABLE THROAT|Raging Bolt|20/100\n|turn|18\n|\n|t:|1771258082\n|-terastallize|p1a: Hydrapple|Water\n|move|p2a: UNBEATABLE THROAT|Draco Meteor|p1a: Hydrapple\n|-damage|p1a: Hydrapple|0 fnt\n|-unboost|p2a: UNBEATABLE THROAT|spa|2\n|faint|p1a: Hydrapple\n|\n|win|gon_freakster\n|raw|tuanquewang's rating: 1696 &rarr; <strong>1674</strong><br />(-22 for losing)\n|raw|gon_freakster's rating: 1665 &rarr; <strong>1687</strong><br />(+22 for winning)\n|c|☆gon_freakster|ur team is really dark weak\n|l|☆tuanquewang\n|player|p1|\n|c|☆gon_freakster|gg\n|l|☆gon_freakster\n|player|p2|\n", "uploadtime": 1771258345, "views": 5, "formatid": "gen9ou", "rating": 1674, "private": 0, "password": null}