{"id": "gen9ou-2540653137", "format": "[Gen 9] OU", "players": ["one_angry_jew", "vccgt"], "log": "|j|☆one_angry_jew\n|j|☆vccgt\n|t:|1771234636\n|gametype|singles\n|player|p1|one_angry_jew|2|1515\n|player|p2|vccgt|gambler|1536\n|gen|9\n|tier|[Gen 9] OU\n|rated|\n|rule|HP Percentage Mod: HP is shown in percentages\n|rule|Endless Battle Clause: Forcing endless battles is banned\n|rule|Species Clause: Limit one of each Pokémon\n|rule|OHKO Clause: OHKO moves are banned\n|rule|Evasion Items Clause: Evasion items are banned\n|rule|Evasion Moves Clause: Evasion moves are banned\n|rule|Evasion Abilities Clause: Evasion abilities are banned\n|rule|Sleep Moves Clause: Sleep-inducing moves are banned\n|clearpoke\n|poke|p1|Vaporeon, F|\n|poke|p1|Sylveon, F|\n|poke|p1|Espeon, M|\n|poke|p1|Jolteon, M|\n|poke|p1|Glaceon, F|\n|poke|p1|Umbreon, M|\n|poke|p2|Primarina, M|\n|poke|p2|Pecharunt|\n|poke|p2|Ting-Lu|\n|poke|p2|Zapdos|\n|poke|p2|Kyurem|\n|poke|p2|Iron Crown|\n|teampreview\n|\n|t:|1771234646\n|teamsize|p1|6\n|teamsize|p2|6\n|start\n|switch|p1a: Vaporeon|Vaporeon, F|100/100\n|switch|p2a: Pecharunt|Pecharunt|100/100\n|turn|1\n|\n|t:|1771234651\n|move|p2a: Pecharunt|Malignant Chain|p1a: Vaporeon\n|-damage|p1a: Vaporeon|65/100\n|move|p1a: Vaporeon|Shadow Ball|p2a: Pecharunt\n|-supereffective|p2a: Pecharunt\n|-damage|p2a: Pecharunt|20/100\n|\n|-heal|p2a: Pecharunt|26/100|[from] item: Black Sludge\n|upkeep\n|turn|2\n|\n|t:|1771234664\n|move|p2a: Pecharunt|Parting Shot|p1a: Vaporeon\n|-unboost|p1a: Vaporeon|atk|1\n|-unboost|p1a: Vaporeon|spa|1\n|\n|t:|1771234666\n|switch|p2a: Zapdos|Zapdos|100/100|[from] Parting Shot\n|move|p1a: Vaporeon|Shadow Ball|p2a: Zapdos\n|-damage|p2a: Zapdos|74/100\n|\n|upkeep\n|turn|3\n|j| fifodrummer\n|\n|t:|1771234669\n|switch|p1a: Jolteon|Jolteon, M|100/100\n|move|p2a: Zapdos|U-turn|p1a: Jolteon\n|-damage|p1a: Jolteon|74/100\n|\n|t:|1771234672\n|switch|p2a: Ting-Lu|Ting-Lu|100/100|[from] U-turn\n|-ability|p2a: Ting-Lu|Vessel of Ruin\n|\n|upkeep\n|turn|4\n|\n|t:|1771234676\n|switch|p1a: Glaceon|Glaceon, F|100/100\n|move|p2a: Ting-Lu|Stomping Tantrum|p1a: Glaceon\n|-damage|p1a: Glaceon|75/100\n|-damage|p2a: Ting-Lu|84/100|[from] item: Rocky Helmet|[of] p1a: Glaceon\n|\n|-heal|p2a: Ting-Lu|90/100|[from] item: Leftovers\n|upkeep\n|turn|5\n|\n|t:|1771234682\n|switch|p1a: Espeon|Espeon, M|100/100\n|move|p2a: Ting-Lu|Stealth Rock|p1a: Espeon\n|move|p1a: Espeon|Stealth Rock|p2a: Ting-Lu|[from] ability: Magic Bounce\n|-sidestart|p2: vccgt|move: Stealth Rock\n|\n|-heal|p2a: Ting-Lu|96/100|[from] item: Leftovers\n|upkeep\n|turn|6\n|\n|t:|1771234685\n|move|p1a: Espeon|Trick|p2a: Ting-Lu\n|-activate|p1a: Espeon|move: Trick|[of] p2a: Ting-Lu\n|-item|p2a: Ting-Lu|Choice Scarf|[from] move: Trick\n|-item|p1a: Espeon|Leftovers|[from] move: Trick\n|move|p2a: Ting-Lu|Ruination|p1a: Espeon\n|-damage|p1a: Espeon|50/100\n|\n|-heal|p1a: Espeon|57/100|[from] item: Leftovers\n|upkeep\n|turn|7\n|\n|t:|1771234698\n|switch|p2a: Pecharunt|Pecharunt|26/100\n|-damage|p2a: Pecharunt|14/100|[from] Stealth Rock\n|move|p1a: Espeon|Alluring Voice|p2a: Pecharunt\n|-resisted|p2a: Pecharunt\n|-damage|p2a: Pecharunt|0 fnt\n|faint|p2a: Pecharunt\n|\n|-heal|p1a: Espeon|63/100|[from] item: Leftovers\n|upkeep\n|\n|t:|1771234712\n|switch|p2a: Iron Crown|Iron Crown|100/100\n|-damage|p2a: Iron Crown|94/100|[from] Stealth Rock\n|-enditem|p2a: Iron Crown|Booster Energy\n|-activate|p2a: Iron Crown|ability: Quark Drive|[fromitem]\n|-start|p2a: Iron Crown|quarkdrivespa\n|turn|8\n|\n|t:|1771234717\n|move|p2a: Iron Crown|Tachyon Cutter|p1a: Espeon\n|-damage|p1a: Espeon|22/100\n|-crit|p1a: Espeon\n|-damage|p1a: Espeon|0 fnt\n|faint|p1a: Espeon\n|-hitcount|p1: Espeon|2\n|\n|upkeep\n|\n|t:|1771234722\n|switch|p1a: Jolteon|Jolteon, M|74/100\n|turn|9\n|\n|t:|1771234730\n|move|p1a: Jolteon|Shadow Ball|p2a: Iron Crown\n|-supereffective|p2a: Iron Crown\n|-crit|p2a: Iron Crown\n|-damage|p2a: Iron Crown|0 fnt\n|faint|p2a: Iron Crown\n|-end|p2a: Iron Crown|Quark Drive|[silent]\n|\n|upkeep\n|\n|t:|1771234736\n|switch|p2a: Ting-Lu|Ting-Lu|96/100\n|-damage|p2a: Ting-Lu|90/100|[from] Stealth Rock\n|-ability|p2a: Ting-Lu|Vessel of Ruin\n|turn|10\n|\n|t:|1771234741\n|switch|p1a: Glaceon|Glaceon, F|75/100\n|move|p2a: Ting-Lu|Stealth Rock|p1a: Glaceon\n|-sidestart|p1: one_angry_jew|move: Stealth Rock\n|\n|upkeep\n|turn|11\n|\n|t:|1771234751\n|switch|p2a: Primarina|Primarina, M|100/100\n|-damage|p2a: Primarina|88/100|[from] Stealth Rock\n|move|p1a: Glaceon|Freeze-Dry|p2a: Primarina\n|-supereffective|p2a: Primarina\n|-damage|p2a: Primarina|22/100\n|\n|upkeep\n|turn|12\n|\n|t:|1771234756\n|move|p1a: Glaceon|Freeze-Dry|p2a: Primarina\n|-supereffective|p2a: Primarina\n|-damage|p2a: Primarina|0 fnt\n|faint|p2a: Primarina\n|\n|upkeep\n|\n|t:|1771234768\n|switch|p2a: Kyurem|Kyurem|100/100\n|-damage|p2a: Kyurem|76/100|[from] Stealth Rock\n|-ability|p2a: Kyurem|Pressure\n|turn|13\n|\n|t:|1771234775\n|-terastallize|p2a: Kyurem|Ice\n|move|p2a: Kyurem|Earth Power|p1a: Glaceon\n|-damage|p1a: Glaceon|41/100\n|move|p1a: Glaceon|Chilling Water|p2a: Kyurem\n|-damage|p2a: Kyurem|58/100\n|-unboost|p2a: Kyurem|atk|1\n|\n|-heal|p2a: Kyurem|64/100|[from] item: Leftovers\n|upkeep\n|turn|14\n|\n|t:|1771234784\n|move|p2a: Kyurem|Draco Meteor|p1a: Glaceon|[miss]\n|-miss|p2a: Kyurem|p1a: Glaceon\n|move|p1a: Glaceon|Chilling Water|p2a: Kyurem\n|-damage|p2a: Kyurem|45/100\n|-unboost|p2a: Kyurem|atk|1\n|\n|-heal|p2a: Kyurem|51/100|[from] item: Leftovers\n|upkeep\n|turn|15\n|\n|t:|1771234790\n|switch|p1a: Sylveon|Sylveon, F|100/100\n|-damage|p1a: Sylveon|88/100|[from] Stealth Rock\n|move|p2a: Kyurem|Earth Power|p1a: Sylveon\n|-crit|p1a: Sylveon\n|-damage|p1a: Sylveon|65/100\n|\n|-heal|p2a: Kyurem|58/100|[from] item: Leftovers\n|upkeep\n|turn|16\n|\n|t:|1771234798\n|move|p2a: Kyurem|Ice Beam|p1a: Sylveon\n|-damage|p1a: Sylveon|34/100\n|move|p1a: Sylveon|Hyper Voice|p2a: Kyurem\n|-damage|p2a: Kyurem|4/100\n|\n|-heal|p2a: Kyurem|10/100|[from] item: Leftovers\n|upkeep\n|turn|17\n|c|☆one_angry_jew|okayge ?\n|\n|t:|1771234813\n|move|p1a: Sylveon|Quick Attack|p2a: Kyurem\n|-damage|p2a: Kyurem|0 fnt\n|faint|p2a: Kyurem\n|\n|upkeep\n|\n|t:|1771234816\n|switch|p2a: Zapdos|Zapdos|74/100\n|-damage|p2a: Zapdos|49/100|[from] Stealth Rock\n|turn|18\n|\n|t:|1771234820\n|move|p2a: Zapdos|Roost|p2a: Zapdos\n|-heal|p2a: Zapdos|99/100\n|-singleturn|p2a: Zapdos|move: Roost\n|move|p1a: Sylveon|Hyper Voice|p2a: Zapdos\n|-damage|p2a: Zapdos|45/100\n|\n|upkeep\n|turn|19\n|-message|vccgt forfeited.\n|\n|win|one_angry_jew\n|raw|one_angry_jew's rating: 1515 &rarr; <strong>1536</strong><br />(+21 for winning)\n|raw|vccgt's rating: 1536 &rarr; <strong>1515</strong><br />(-21 for losing)\n|l|☆vccgt\n|player|p2|\n|l|☆one_angry_jew\n|player|p1|\n", "uploadtime": 1771234999, "views": 12, "formatid": "gen9ou", "rating": 1515, "private": 0, "password": null}