{"id": "gen9ou-2540627550", "format": "[Gen 9] OU", "players": ["Arboks Fangs", "3idk"], "log": "|j|‽Arboks Fangs\n|j|☆3idk\n|t:|1771230051\n|gametype|singles\n|player|p1|Arboks Fangs|fantina|1690\n|player|p2|3idk|cynthia-masters|1780\n|gen|9\n|tier|[Gen 9] OU\n|rated|\n|rule|HP Percentage Mod: HP is shown in percentages\n|rule|Endless Battle Clause: Forcing endless battles is banned\n|rule|Species Clause: Limit one of each Pokémon\n|rule|OHKO Clause: OHKO moves are banned\n|rule|Evasion Items Clause: Evasion items are banned\n|rule|Evasion Moves Clause: Evasion moves are banned\n|rule|Evasion Abilities Clause: Evasion abilities are banned\n|rule|Sleep Moves Clause: Sleep-inducing moves are banned\n|clearpoke\n|poke|p1|Ninetales-Alola, M|\n|poke|p1|Klefki, F|\n|poke|p1|Maushold-Four|\n|poke|p1|Latias, F|\n|poke|p1|Okidogi, M|\n|poke|p1|Kyurem|\n|poke|p2|Pelipper, F|\n|poke|p2|Hatterene, F|\n|poke|p2|Iron Treads|\n|poke|p2|Toxicroak, F|\n|poke|p2|Barraskewda, F|\n|poke|p2|Zapdos|\n|teampreview\n|inactive|Battle timer is ON: inactive players will automatically lose when time's up. (requested by 3idk)\n|j| dsekop\n|\n|t:|1771230066\n|teamsize|p1|6\n|teamsize|p2|6\n|start\n|switch|p1a: Klefki|Klefki, F|100/100\n|switch|p2a: Pelipper|Pelipper, F|100/100\n|-weather|RainDance|[from] ability: Drizzle|[of] p2a: Pelipper\n|turn|1\n|\n|t:|1771230073\n|move|p1a: Klefki|Reflect|p1a: Klefki\n|-sidestart|p1: Arboks Fangs|Reflect\n|move|p2a: Pelipper|Knock Off|p1a: Klefki\n|-resisted|p1a: Klefki\n|-damage|p1a: Klefki|97/100\n|-enditem|p1a: Klefki|Light Clay|[from] move: Knock Off|[of] p2a: Pelipper\n|\n|-weather|RainDance|[upkeep]\n|upkeep\n|turn|2\n|\n|t:|1771230078\n|switch|p2a: Iron Treads|Iron Treads|100/100\n|move|p1a: Klefki|Thunder Wave|p2a: Iron Treads\n|-immune|p2a: Iron Treads\n|\n|-weather|RainDance|[upkeep]\n|upkeep\n|turn|3\n|\n|t:|1771230083\n|switch|p1a: Latias|Latias, F|100/100\n|move|p2a: Iron Treads|Stealth Rock|p1a: Latias\n|-sidestart|p1: Arboks Fangs|move: Stealth Rock\n|\n|-weather|RainDance|[upkeep]\n|upkeep\n|turn|4\n|\n|t:|1771230090\n|move|p1a: Latias|Agility|p1a: Latias\n|-boost|p1a: Latias|spe|2\n|move|p2a: Iron Treads|Volt Switch|p1a: Latias\n|-resisted|p1a: Latias\n|-damage|p1a: Latias|95/100\n|\n|t:|1771230093\n|-end|p2a: Iron Treads|Quark Drive|[silent]\n|switch|p2a: Toxicroak|Toxicroak, F|100/100|[from] Volt Switch\n|\n|-weather|RainDance|[upkeep]\n|upkeep\n|turn|5\n|\n|t:|1771230095\n|move|p1a: Latias|Stored Power|p2a: Toxicroak\n|-supereffective|p2a: Toxicroak\n|-damage|p2a: Toxicroak|0 fnt\n|faint|p2a: Toxicroak\n|\n|-weather|RainDance|[upkeep]\n|upkeep\n|\n|t:|1771230099\n|switch|p2a: Zapdos|Zapdos|100/100\n|turn|6\n|j| nonchalantbufalant\n|\n|t:|1771230103\n|move|p1a: Latias|Calm Mind|p1a: Latias\n|-boost|p1a: Latias|spa|1\n|-boost|p1a: Latias|spd|1\n|move|p2a: Zapdos|Thunder|p1a: Latias\n|-resisted|p1a: Latias\n|-damage|p1a: Latias|71/100\n|\n|-weather|RainDance|[upkeep]\n|upkeep\n|turn|7\n|\n|t:|1771230109\n|move|p1a: Latias|Stored Power|p2a: Zapdos\n|-damage|p2a: Zapdos|14/100\n|move|p2a: Zapdos|Thunder|p1a: Latias\n|-resisted|p1a: Latias\n|-damage|p1a: Latias|47/100\n|\n|-weather|RainDance|[upkeep]\n|upkeep\n|turn|8\n|\n|t:|1771230114\n|switch|p2a: Hatterene|Hatterene, F|100/100\n|move|p1a: Latias|Stored Power|p2a: Hatterene\n|-resisted|p2a: Hatterene\n|-damage|p2a: Hatterene|59/100\n|-enditem|p2a: Hatterene|Eject Button\n|\n|t:|1771230117\n|switch|p2a: Barraskewda|Barraskewda, F|100/100\n|\n|-weather|none\n|-sideend|p1: Arboks Fangs|Reflect\n|upkeep\n|turn|9\n|\n|t:|1771230123\n|switch|p2a: Pelipper|Pelipper, F|100/100\n|-weather|RainDance|[from] ability: Drizzle|[of] p2a: Pelipper\n|move|p1a: Latias|Stored Power|p2a: Pelipper\n|-damage|p2a: Pelipper|29/100\n|\n|-weather|RainDance|[upkeep]\n|upkeep\n|turn|10\n|\n|t:|1771230129\n|switch|p2a: Iron Treads|Iron Treads|100/100\n|move|p1a: Latias|Agility|p1a: Latias\n|-boost|p1a: Latias|spe|2\n|\n|-weather|RainDance|[upkeep]\n|upkeep\n|turn|11\n|\n|t:|1771230132\n|move|p1a: Latias|Aura Sphere|p2a: Iron Treads\n|-supereffective|p2a: Iron Treads\n|-damage|p2a: Iron Treads|32/100\n|move|p2a: Iron Treads|Volt Switch|p1a: Latias\n|-resisted|p1a: Latias\n|-damage|p1a: Latias|44/100\n|\n|t:|1771230136\n|-end|p2a: Iron Treads|Quark Drive|[silent]\n|switch|p2a: Barraskewda|Barraskewda, F|100/100|[from] Volt Switch\n|\n|-weather|RainDance|[upkeep]\n|upkeep\n|turn|12\n|\n|t:|1771230141\n|move|p1a: Latias|Stored Power|p2a: Barraskewda\n|-damage|p2a: Barraskewda|0 fnt\n|faint|p2a: Barraskewda\n|\n|-weather|RainDance|[upkeep]\n|upkeep\n|-message|3idk forfeited.\n|\n|win|Arboks Fangs\n|raw|Arboks Fangs's rating: 1690 &rarr; <strong>1715</strong><br />(+25 for winning)\n|raw|3idk's rating: 1780 &rarr; <strong>1755</strong><br />(-25 for losing)\n|l|☆3idk\n|player|p2|\n|j| Box Scammer\n|l| Box Scammer\n|l| dsekop\n|l| nonchalantbufalant\n", "uploadtime": 1771230410, "views": 8, "formatid": "gen9ou", "rating": 1715, "private": 0, "password": null}