{"id": "gen9ou-2540708647", "format": "[Gen 9] OU", "players": ["Juniper xx", "tuanquewang"], "log": "|j|☆Juniper xx\n|j|☆tuanquewang\n|t:|1771243788\n|gametype|singles\n|player|p1|Juniper xx|1|1736\n|player|p2|tuanquewang|backersf|1735\n|gen|9\n|tier|[Gen 9] OU\n|rated|\n|rule|HP Percentage Mod: HP is shown in percentages\n|rule|Endless Battle Clause: Forcing endless battles is banned\n|rule|Species Clause: Limit one of each Pokémon\n|rule|OHKO Clause: OHKO moves are banned\n|rule|Evasion Items Clause: Evasion items are banned\n|rule|Evasion Moves Clause: Evasion moves are banned\n|rule|Evasion Abilities Clause: Evasion abilities are banned\n|rule|Sleep Moves Clause: Sleep-inducing moves are banned\n|clearpoke\n|poke|p1|Rillaboom, M|\n|poke|p1|Raging Bolt|\n|poke|p1|Hatterene, F|\n|poke|p1|Ogerpon-Cornerstone, F|\n|poke|p1|Moltres|\n|poke|p1|Hawlucha, F|\n|poke|p2|Slowking-Galar, M|\n|poke|p2|Alomomola, F|\n|poke|p2|Scizor, M|\n|poke|p2|Hydrapple, F|\n|poke|p2|Cinderace, M|\n|poke|p2|Sandy Shocks|\n|teampreview\n|inactive|Battle timer is ON: inactive players will automatically lose when time's up. (requested by tuanquewang)\n|j| firecharmander004\n|\n|t:|1771243805\n|teamsize|p1|6\n|teamsize|p2|6\n|start\n|switch|p1a: Raging Bolt|Raging Bolt|100/100\n|switch|p2a: Hydrapple|Hydrapple, F, shiny|100/100\n|turn|1\n|l| firecharmander004\n|\n|t:|1771243824\n|switch|p2a: Slowking|Slowking-Galar, M|100/100\n|move|p1a: Raging Bolt|Calm Mind|p1a: Raging Bolt\n|-boost|p1a: Raging Bolt|spa|1\n|-boost|p1a: Raging Bolt|spd|1\n|\n|upkeep\n|turn|2\n|\n|t:|1771243831\n|move|p1a: Raging Bolt|Thunderbolt|p2a: Slowking\n|-damage|p2a: Slowking|53/100\n|move|p2a: Slowking|Toxic|p1a: Raging Bolt\n|-status|p1a: Raging Bolt|tox\n|\n|-heal|p2a: Slowking|59/100|[from] item: Black Sludge\n|-damage|p1a: Raging Bolt|94/100 tox|[from] psn\n|upkeep\n|turn|3\n|\n|t:|1771243843\n|move|p1a: Raging Bolt|Dragon Pulse|p2a: Slowking\n|-crit|p2a: Slowking\n|-damage|p2a: Slowking|0 fnt\n|faint|p2a: Slowking\n|\n|-damage|p1a: Raging Bolt|82/100 tox|[from] psn\n|upkeep\n|\n|t:|1771243845\n|switch|p2a: Sandy Shocks|Sandy Shocks, shiny|100/100\n|turn|4\n|\n|t:|1771243852\n|move|p2a: Sandy Shocks|Earth Power|p1a: Raging Bolt\n|-supereffective|p1a: Raging Bolt\n|-damage|p1a: Raging Bolt|25/100 tox\n|move|p1a: Raging Bolt|Dragon Pulse|p2a: Sandy Shocks\n|-damage|p2a: Sandy Shocks|0 fnt\n|faint|p2a: Sandy Shocks\n|-end|p2a: Sandy Shocks|Protosynthesis|[silent]\n|\n|-damage|p1a: Raging Bolt|6/100 tox|[from] psn\n|upkeep\n|\n|t:|1771243855\n|switch|p2a: Scizor|Scizor, M|100/100\n|turn|5\n|\n|t:|1771243862\n|-end|p1a: Raging Bolt|Protosynthesis|[silent]\n|switch|p1a: Moltres|Moltres|100/100\n|switch|p2a: Alomomola|Alomomola, F|100/100\n|\n|upkeep\n|turn|6\n|\n|t:|1771243874\n|switch|p1a: Rillaboom|Rillaboom, M|100/100\n|-fieldstart|move: Grassy Terrain|[from] ability: Grassy Surge|[of] p1a: Rillaboom\n|move|p2a: Alomomola|Flip Turn|p1a: Rillaboom\n|-resisted|p1a: Rillaboom\n|-damage|p1a: Rillaboom|93/100\n|\n|t:|1771243895\n|switch|p2a: Hydrapple|Hydrapple, F, shiny|100/100|[from] Flip Turn\n|\n|-heal|p1a: Rillaboom|99/100|[from] Grassy Terrain\n|upkeep\n|turn|7\n|\n|t:|1771243902\n|move|p1a: Rillaboom|Swords Dance|p1a: Rillaboom\n|-boost|p1a: Rillaboom|atk|2\n|move|p2a: Hydrapple|Draco Meteor|p1a: Rillaboom\n|-damage|p1a: Rillaboom|0 fnt\n|-unboost|p2a: Hydrapple|spa|2\n|faint|p1a: Rillaboom\n|\n|upkeep\n|\n|t:|1771243923\n|switch|p1a: Hawlucha|Hawlucha, F|100/100\n|-enditem|p1a: Hawlucha|Grassy Seed\n|-boost|p1a: Hawlucha|def|1|[from] item: Grassy Seed\n|turn|8\n|\n|t:|1771243929\n|move|p1a: Hawlucha|Swords Dance|p1a: Hawlucha\n|-boost|p1a: Hawlucha|atk|2\n|move|p2a: Hydrapple|Draco Meteor|p1a: Hawlucha\n|-damage|p1a: Hawlucha|14/100\n|-unboost|p2a: Hydrapple|spa|2\n|\n|upkeep\n|turn|9\n|\n|t:|1771243939\n|switch|p2a: Alomomola|Alomomola, F|100/100\n|move|p1a: Hawlucha|Close Combat|p2a: Alomomola\n|-damage|p2a: Alomomola|47/100\n|-unboost|p1a: Hawlucha|def|1\n|-unboost|p1a: Hawlucha|spd|1\n|\n|-heal|p2a: Alomomola|53/100|[from] Grassy Terrain\n|-heal|p2a: Alomomola|59/100|[from] item: Leftovers\n|upkeep\n|turn|10\n|\n|t:|1771243949\n|move|p2a: Alomomola|Protect|p2a: Alomomola\n|-singleturn|p2a: Alomomola|Protect\n|move|p1a: Hawlucha|Close Combat|p2a: Alomomola\n|-activate|p2a: Alomomola|move: Protect\n|\n|-heal|p2a: Alomomola|66/100|[from] Grassy Terrain\n|-heal|p2a: Alomomola|72/100|[from] item: Leftovers\n|upkeep\n|turn|11\n|j| safeafeasfwasd\n|\n|t:|1771243956\n|move|p1a: Hawlucha|Close Combat|p2a: Alomomola\n|-damage|p2a: Alomomola|14/100\n|-unboost|p1a: Hawlucha|def|1\n|-unboost|p1a: Hawlucha|spd|1\n|move|p2a: Alomomola|Flip Turn|p1a: Hawlucha\n|-damage|p1a: Hawlucha|0 fnt\n|faint|p1a: Hawlucha\n|\n|t:|1771243964\n|switch|p2a: Cinderace|Cinderace, M|100/100|[from] Flip Turn\n|\n|upkeep\n|l| safeafeasfwasd\n|\n|t:|1771243975\n|switch|p1a: Hatterene|Hatterene, F|100/100\n|-enditem|p1a: Hatterene|Grassy Seed\n|-boost|p1a: Hatterene|def|1|[from] item: Grassy Seed\n|turn|12\n|inactive|tuanquewang has 120 seconds left.\n|\n|t:|1771244015\n|move|p2a: Cinderace|U-turn|p1a: Hatterene\n|-start|p2a: Cinderace|typechange|Bug|[from] ability: Libero\n|-damage|p1a: Hatterene|83/100\n|\n|t:|1771244017\n|switch|p2a: Scizor|Scizor, M|100/100|[from] U-turn\n|move|p1a: Hatterene|Calm Mind|p1a: Hatterene\n|-boost|p1a: Hatterene|spa|1\n|-boost|p1a: Hatterene|spd|1\n|\n|-heal|p1a: Hatterene|89/100|[from] Grassy Terrain\n|upkeep\n|turn|13\n|inactive|tuanquewang has 120 seconds left.\n|\n|t:|1771244026\n|-terastallize|p1a: Hatterene|Poison\n|move|p2a: Scizor|Bullet Punch|p1a: Hatterene\n|-damage|p1a: Hatterene|61/100\n|move|p1a: Hatterene|Mystical Fire|p2a: Scizor\n|-supereffective|p2a: Scizor\n|-damage|p2a: Scizor|0 fnt\n|faint|p2a: Scizor\n|\n|-heal|p1a: Hatterene|67/100|[from] Grassy Terrain\n|-fieldend|move: Grassy Terrain\n|upkeep\n|inactive|tuanquewang has 120 seconds left.\n|\n|t:|1771244033\n|switch|p2a: Hydrapple|Hydrapple, F, shiny|100/100\n|turn|14\n|inactive|tuanquewang has 120 seconds left.\n|\n|t:|1771244059\n|move|p2a: Hydrapple|Earth Power|p1a: Hatterene\n|-supereffective|p1a: Hatterene\n|-damage|p1a: Hatterene|0 fnt\n|faint|p1a: Hatterene\n|\n|upkeep\n|\n|t:|1771244069\n|switch|p1a: Moltres|Moltres|100/100\n|turn|15\n|\n|t:|1771244073\n|switch|p2a: Alomomola|Alomomola, F|47/100\n|move|p1a: Moltres|U-turn|p2a: Alomomola\n|-damage|p2a: Alomomola|40/100\n|\n|t:|1771244079\n|switch|p1a: Ogerpon|Ogerpon-Cornerstone, F|100/100|[from] U-turn\n|\n|-heal|p2a: Alomomola|46/100|[from] item: Leftovers\n|upkeep\n|turn|16\n|\n|t:|1771244087\n|move|p1a: Ogerpon|Trailblaze|p2a: Alomomola\n|-supereffective|p2a: Alomomola\n|-damage|p2a: Alomomola|14/100\n|-boost|p1a: Ogerpon|spe|1\n|move|p2a: Alomomola|Flip Turn|p1a: Ogerpon\n|-damage|p1a: Ogerpon|79/100\n|\n|t:|1771244090\n|switch|p2a: Hydrapple|Hydrapple, F, shiny|100/100|[from] Flip Turn\n|\n|upkeep\n|turn|17\n|\n|t:|1771244102\n|move|p1a: Ogerpon|Ivy Cudgel|p2a: Hydrapple|[anim] Ivy Cudgel Rock\n|-damage|p2a: Hydrapple|52/100\n|move|p2a: Hydrapple|Draco Meteor|p1a: Ogerpon|[miss]\n|-miss|p2a: Hydrapple|p1a: Ogerpon\n|\n|upkeep\n|turn|18\n|\n|t:|1771244129\n|switch|p2a: Alomomola|Alomomola, F|47/100\n|move|p1a: Ogerpon|Ivy Cudgel|p2a: Alomomola|[anim] Ivy Cudgel Rock\n|-damage|p2a: Alomomola|17/100\n|\n|-heal|p2a: Alomomola|24/100|[from] item: Leftovers\n|upkeep\n|turn|19\n|\n|t:|1771244137\n|move|p1a: Ogerpon|Horn Leech|p2a: Alomomola\n|-supereffective|p2a: Alomomola\n|-damage|p2a: Alomomola|0 fnt\n|-heal|p1a: Ogerpon|99/100|[from] drain|[of] p2a: Alomomola\n|faint|p2a: Alomomola\n|\n|upkeep\n|\n|t:|1771244140\n|switch|p2a: Hydrapple|Hydrapple, F, shiny|85/100\n|turn|20\n|\n|t:|1771244160\n|move|p1a: Ogerpon|Horn Leech|p2a: Hydrapple\n|-resisted|p2a: Hydrapple\n|-damage|p2a: Hydrapple|77/100\n|-heal|p1a: Ogerpon|100/100|[from] drain|[of] p2a: Hydrapple\n|move|p2a: Hydrapple|Draco Meteor|p1a: Ogerpon\n|-ability|p1a: Ogerpon|Sturdy\n|-damage|p1a: Ogerpon|1/100\n|-unboost|p2a: Hydrapple|spa|2\n|\n|upkeep\n|turn|21\n|\n|t:|1771244182\n|move|p1a: Ogerpon|Ivy Cudgel|p2a: Hydrapple|[anim] Ivy Cudgel Rock\n|-damage|p2a: Hydrapple|33/100\n|move|p2a: Hydrapple|Draco Meteor|p1a: Ogerpon|[miss]\n|-miss|p2a: Hydrapple|p1a: Ogerpon\n|\n|upkeep\n|turn|22\n|\n|t:|1771244195\n|switch|p2a: Cinderace|Cinderace, M|100/100\n|move|p1a: Ogerpon|Ivy Cudgel|p2a: Cinderace|[anim] Ivy Cudgel Rock\n|-supereffective|p2a: Cinderace\n|-damage|p2a: Cinderace|0 fnt\n|faint|p2a: Cinderace\n|\n|upkeep\n|\n|t:|1771244196\n|switch|p2a: Hydrapple|Hydrapple, F, shiny|67/100\n|turn|23\n|-message|tuanquewang forfeited.\n|\n|win|Juniper xx\n|raw|Juniper xx's rating: 1736 &rarr; <strong>1756</strong><br />(+20 for winning)\n|raw|tuanquewang's rating: 1735 &rarr; <strong>1715</strong><br />(-20 for losing)\n|l|☆tuanquewang\n|player|p2|\n|l|☆Juniper xx\n|player|p1|\n", "uploadtime": 1771244393, "views": 7, "formatid": "gen9ou", "rating": 1715, "private": 0, "password": null}