{"id": "gen9ou-2540885445", "format": "[Gen 9] OU", "players": ["Picosto", "Ancia"], "log": "|j|☆Picosto\n|j|☆Ancia\n|t:|1771263889\n|gametype|singles\n|player|p1|Picosto|102|1662\n|player|p2|Ancia|169|1570\n|gen|9\n|tier|[Gen 9] OU\n|rated|\n|rule|HP Percentage Mod: HP is shown in percentages\n|rule|Endless Battle Clause: Forcing endless battles is banned\n|rule|Species Clause: Limit one of each Pokémon\n|rule|OHKO Clause: OHKO moves are banned\n|rule|Evasion Items Clause: Evasion items are banned\n|rule|Evasion Moves Clause: Evasion moves are banned\n|rule|Evasion Abilities Clause: Evasion abilities are banned\n|rule|Sleep Moves Clause: Sleep-inducing moves are banned\n|clearpoke\n|poke|p1|Landorus-Therian, M|\n|poke|p1|Cinderace, M|\n|poke|p1|Enamorus, F|\n|poke|p1|Zamazenta-*|\n|poke|p1|Gholdengo|\n|poke|p1|Hoopa-Unbound|\n|poke|p2|Hatterene, F|\n|poke|p2|Ceruledge, M|\n|poke|p2|Hydrapple, F|\n|poke|p2|Milotic, F|\n|poke|p2|Gallade, M|\n|poke|p2|Glimmora, M|\n|teampreview\n|\n|t:|1771263898\n|teamsize|p1|6\n|teamsize|p2|6\n|start\n|switch|p1a: Cinderace|Cinderace, M|100/100\n|switch|p2a: Milotic|Milotic, F|100/100\n|turn|1\n|\n|t:|1771263921\n|move|p1a: Cinderace|U-turn|p2a: Milotic\n|-start|p1a: Cinderace|typechange|Bug|[from] ability: Libero\n|-damage|p2a: Milotic|59/100\n|-damage|p1a: Cinderace|84/100|[from] item: Rocky Helmet|[of] p2a: Milotic\n|\n|t:|1771263928\n|switch|p1a: Hoopa|Hoopa-Unbound|100/100|[from] U-turn\n|move|p2a: Milotic|Scald|p1a: Hoopa\n|-damage|p1a: Hoopa|91/100\n|\n|upkeep\n|turn|2\n|\n|t:|1771263990\n|move|p2a: Milotic|Scald|p1a: Hoopa\n|-damage|p1a: Hoopa|80/100\n|-status|p1a: Hoopa|brn\n|move|p1a: Hoopa|Thunderbolt|p2a: Milotic\n|-supereffective|p2a: Milotic\n|-damage|p2a: Milotic|15/100\n|\n|-damage|p1a: Hoopa|74/100 brn|[from] brn\n|upkeep\n|turn|3\n|\n|t:|1771264007\n|move|p2a: Milotic|Recover|p2a: Milotic\n|-heal|p2a: Milotic|65/100\n|move|p1a: Hoopa|Psychic|p2a: Milotic\n|-damage|p2a: Milotic|31/100\n|\n|-damage|p1a: Hoopa|68/100 brn|[from] brn\n|upkeep\n|turn|4\n|\n|t:|1771264035\n|move|p2a: Milotic|Recover|p2a: Milotic\n|-heal|p2a: Milotic|81/100\n|move|p1a: Hoopa|Thunderbolt|p2a: Milotic\n|-supereffective|p2a: Milotic\n|-damage|p2a: Milotic|37/100\n|\n|-damage|p1a: Hoopa|62/100 brn|[from] brn\n|upkeep\n|turn|5\n|\n|t:|1771264043\n|move|p2a: Milotic|Recover|p2a: Milotic\n|-heal|p2a: Milotic|87/100\n|move|p1a: Hoopa|Thunderbolt|p2a: Milotic\n|-supereffective|p2a: Milotic\n|-damage|p2a: Milotic|36/100\n|\n|-damage|p1a: Hoopa|56/100 brn|[from] brn\n|upkeep\n|turn|6\n|\n|t:|1771264056\n|switch|p2a: Hydrapple|Hydrapple, F|100/100\n|move|p1a: Hoopa|Thunderbolt|p2a: Hydrapple\n|-resisted|p2a: Hydrapple\n|-damage|p2a: Hydrapple|92/100\n|\n|-damage|p1a: Hoopa|50/100 brn|[from] brn\n|upkeep\n|turn|7\n|\n|t:|1771264063\n|move|p1a: Hoopa|Psychic|p2a: Hydrapple\n|-damage|p2a: Hydrapple|47/100\n|move|p2a: Hydrapple|Fickle Beam|p1a: Hoopa\n|-damage|p1a: Hoopa|38/100 brn\n|\n|-damage|p1a: Hoopa|32/100 brn|[from] brn\n|upkeep\n|turn|8\n|\n|t:|1771264069\n|switch|p2a: Milotic|Milotic, F|36/100\n|move|p1a: Hoopa|Psychic|p2a: Milotic\n|-damage|p2a: Milotic|0 fnt\n|faint|p2a: Milotic\n|\n|-damage|p1a: Hoopa|26/100 brn|[from] brn\n|upkeep\n|\n|t:|1771264076\n|switch|p2a: Hydrapple|Hydrapple, F|80/100\n|turn|9\n|\n|t:|1771264081\n|move|p1a: Hoopa|Psychic|p2a: Hydrapple\n|-damage|p2a: Hydrapple|31/100\n|move|p2a: Hydrapple|Fickle Beam|p1a: Hoopa\n|-damage|p1a: Hoopa|13/100 brn\n|\n|-damage|p1a: Hoopa|7/100 brn|[from] brn\n|upkeep\n|turn|10\n|\n|t:|1771264089\n|move|p1a: Hoopa|Thunderbolt|p2a: Hydrapple\n|-resisted|p2a: Hydrapple\n|-damage|p2a: Hydrapple|23/100\n|move|p2a: Hydrapple|Giga Drain|p1a: Hoopa\n|-damage|p1a: Hoopa|0 fnt\n|-heal|p2a: Hydrapple|26/100|[from] drain|[of] p1a: Hoopa\n|faint|p1a: Hoopa\n|\n|upkeep\n|\n|t:|1771264094\n|switch|p1a: Cinderace|Cinderace, M|84/100\n|turn|11\n|\n|t:|1771264111\n|switch|p2a: Glimmora|Glimmora, M|100/100\n|move|p1a: Cinderace|U-turn|p2a: Glimmora\n|-start|p1a: Cinderace|typechange|Bug|[from] ability: Libero\n|-resisted|p2a: Glimmora\n|-damage|p2a: Glimmora|67/100\n|-activate|p2a: Glimmora|ability: Toxic Debris\n|-sidestart|p1: Picosto|move: Toxic Spikes\n|\n|t:|1771264116\n|switch|p1a: Landorus|Landorus-Therian, M|100/100|[from] U-turn\n|-ability|p1a: Landorus|Intimidate|boost\n|-unboost|p2a: Glimmora|atk|1\n|\n|upkeep\n|turn|12\n|\n|t:|1771264120\n|switch|p2a: Hydrapple|Hydrapple, F|59/100\n|move|p1a: Landorus|Earthquake|p2a: Hydrapple\n|-resisted|p2a: Hydrapple\n|-damage|p2a: Hydrapple|41/100\n|\n|upkeep\n|turn|13\n|\n|t:|1771264125\n|switch|p1a: Gholdengo|Gholdengo|100/100\n|switch|p2a: Glimmora|Glimmora, M|67/100\n|\n|upkeep\n|turn|14\n|\n|t:|1771264129\n|move|p2a: Glimmora|Earth Power|p1a: Gholdengo\n|-supereffective|p1a: Gholdengo\n|-damage|p1a: Gholdengo|41/100\n|move|p1a: Gholdengo|Make It Rain|p2a: Glimmora\n|-supereffective|p2a: Glimmora\n|-damage|p2a: Glimmora|0 fnt\n|-unboost|p1a: Gholdengo|spa|1\n|faint|p2a: Glimmora\n|\n|upkeep\n|\n|t:|1771264136\n|switch|p2a: Ceruledge|Ceruledge, M|100/100\n|turn|15\n|\n|t:|1771264138\n|switch|p1a: Landorus|Landorus-Therian, M|100/100\n|-ability|p1a: Landorus|Intimidate|boost\n|-unboost|p2a: Ceruledge|atk|1\n|move|p2a: Ceruledge|Swords Dance|p2a: Ceruledge\n|-boost|p2a: Ceruledge|atk|2\n|\n|upkeep\n|turn|16\n|\n|t:|1771264159\n|move|p1a: Landorus|U-turn|p2a: Ceruledge\n|-resisted|p2a: Ceruledge\n|-damage|p2a: Ceruledge|91/100\n|-ability|p2a: Ceruledge|Weak Armor|boost\n|-unboost|p2a: Ceruledge|def|1\n|-boost|p2a: Ceruledge|spe|2\n|\n|t:|1771264161\n|switch|p1a: Zamazenta|Zamazenta|100/100|[from] U-turn\n|-status|p1a: Zamazenta|psn\n|-ability|p1a: Zamazenta|Dauntless Shield|boost\n|-boost|p1a: Zamazenta|def|1\n|move|p2a: Ceruledge|Swords Dance|p2a: Ceruledge\n|-boost|p2a: Ceruledge|atk|2\n|\n|-damage|p1a: Zamazenta|88/100 psn|[from] psn\n|upkeep\n|turn|17\n|\n|t:|1771264165\n|move|p2a: Ceruledge|Bitter Blade|p1a: Zamazenta\n|-damage|p1a: Zamazenta|48/100 psn\n|-heal|p2a: Ceruledge|100/100|[from] drain|[of] p1a: Zamazenta\n|move|p1a: Zamazenta|Crunch|p2a: Ceruledge\n|-supereffective|p2a: Ceruledge\n|-damage|p2a: Ceruledge|6/100\n|-ability|p2a: Ceruledge|Weak Armor|boost\n|-unboost|p2a: Ceruledge|def|1\n|-boost|p2a: Ceruledge|spe|2\n|\n|-heal|p1a: Zamazenta|54/100 psn|[from] item: Leftovers\n|-damage|p1a: Zamazenta|42/100 psn|[from] psn\n|upkeep\n|turn|18\n|\n|t:|1771264176\n|move|p2a: Ceruledge|Poltergeist|p1a: Zamazenta\n|-activate|p1a: Zamazenta|move: Poltergeist|Leftovers\n|-damage|p1a: Zamazenta|0 fnt\n|faint|p1a: Zamazenta\n|\n|upkeep\n|\n|t:|1771264178\n|switch|p1a: Landorus|Landorus-Therian, M|100/100\n|-ability|p1a: Landorus|Intimidate|boost\n|-unboost|p2a: Ceruledge|atk|1\n|turn|19\n|\n|t:|1771264183\n|-terastallize|p1a: Landorus|Water\n|move|p2a: Ceruledge|Poltergeist|p1a: Landorus|[miss]\n|-miss|p2a: Ceruledge|p1a: Landorus\n|move|p1a: Landorus|U-turn|p2a: Ceruledge\n|-resisted|p2a: Ceruledge\n|-damage|p2a: Ceruledge|0 fnt\n|faint|p2a: Ceruledge\n|j| Samurajen\n|\n|t:|1771264189\n|switch|p1a: Enamorus|Enamorus, F|100/100|[from] U-turn\n|\n|upkeep\n|\n|t:|1771264217\n|switch|p2a: Hatterene|Hatterene, F|100/100\n|turn|20\n|\n|t:|1771264245\n|move|p1a: Enamorus|Moonblast|p2a: Hatterene\n|-damage|p2a: Hatterene|46/100\n|-unboost|p2a: Hatterene|spa|1\n|move|p2a: Hatterene|Mystical Fire|p1a: Enamorus\n|-damage|p1a: Enamorus|81/100\n|-unboost|p1a: Enamorus|spa|1\n|\n|-heal|p2a: Hatterene|52/100|[from] item: Leftovers\n|upkeep\n|turn|21\n|\n|t:|1771264255\n|move|p1a: Enamorus|Moonblast|p2a: Hatterene\n|-damage|p2a: Hatterene|10/100\n|-unboost|p2a: Hatterene|spa|1\n|move|p2a: Hatterene|Draining Kiss|p1a: Enamorus\n|-damage|p1a: Enamorus|66/100\n|-heal|p2a: Hatterene|20/100|[from] drain|[of] p1a: Enamorus\n|\n|-heal|p2a: Hatterene|26/100|[from] item: Leftovers\n|upkeep\n|turn|22\n|\n|t:|1771264259\n|move|p1a: Enamorus|Moonblast|p2a: Hatterene\n|-damage|p2a: Hatterene|0 fnt\n|faint|p2a: Hatterene\n|\n|upkeep\n|\n|t:|1771264262\n|switch|p2a: Hydrapple|Hydrapple, F|74/100\n|turn|23\n|\n|t:|1771264265\n|-terastallize|p2a: Hydrapple|Steel\n|move|p1a: Enamorus|Moonblast|p2a: Hydrapple\n|-resisted|p2a: Hydrapple\n|-damage|p2a: Hydrapple|56/100\n|-unboost|p2a: Hydrapple|spa|1\n|move|p2a: Hydrapple|Nasty Plot|p2a: Hydrapple\n|-boost|p2a: Hydrapple|spa|2\n|\n|upkeep\n|turn|24\n|\n|t:|1771264288\n|switch|p1a: Gholdengo|Gholdengo|41/100\n|move|p2a: Hydrapple|Giga Drain|p1a: Gholdengo\n|-resisted|p1a: Gholdengo\n|-damage|p1a: Gholdengo|20/100\n|-heal|p2a: Hydrapple|66/100|[from] drain|[of] p1a: Gholdengo\n|\n|upkeep\n|turn|25\n|\n|t:|1771264304\n|move|p1a: Gholdengo|Focus Blast|p2a: Hydrapple\n|-supereffective|p2a: Hydrapple\n|-damage|p2a: Hydrapple|0 fnt\n|faint|p2a: Hydrapple\n|\n|upkeep\n|\n|t:|1771264326\n|switch|p2a: Gallade|Gallade, M|100/100\n|turn|26\n|\n|t:|1771264344\n|switch|p1a: Landorus|Landorus-Therian, M, tera:Water|100/100\n|-status|p1a: Landorus|psn\n|-ability|p1a: Landorus|Intimidate|boost\n|-unboost|p2a: Gallade|atk|1\n|move|p2a: Gallade|Swords Dance|p2a: Gallade\n|-boost|p2a: Gallade|atk|2\n|\n|-damage|p1a: Landorus|88/100 psn|[from] psn\n|upkeep\n|turn|27\n|\n|t:|1771264385\n|move|p1a: Landorus|Earthquake|p2a: Gallade\n|-damage|p2a: Gallade|0 fnt\n|faint|p2a: Gallade\n|\n|win|Picosto\n|raw|Picosto's rating: 1662 &rarr; <strong>1675</strong><br />(+13 for winning)\n|raw|Ancia's rating: 1527 &rarr; <strong>1514</strong><br />(-13 for losing)\n|l|☆Picosto\n|player|p1|\n|l|☆Ancia\n|player|p2|\n", "uploadtime": 1771264654, "views": 6, "formatid": "gen9ou", "rating": 1514, "private": 0, "password": null}