{"id": "gen9ou-2540813021", "format": "[Gen 9] OU", "players": ["afdtv", "MiaTaylor612"], "log": "|j|☆afdtv\n|j|☆MiaTaylor612\n|t:|1771256681\n|gametype|singles\n|player|p1|afdtv|hilbert|1555\n|player|p2|MiaTaylor612|lady-gen4|1634\n|gen|9\n|tier|[Gen 9] OU\n|rated|\n|rule|HP Percentage Mod: HP is shown in percentages\n|rule|Endless Battle Clause: Forcing endless battles is banned\n|rule|Species Clause: Limit one of each Pokémon\n|rule|OHKO Clause: OHKO moves are banned\n|rule|Evasion Items Clause: Evasion items are banned\n|rule|Evasion Moves Clause: Evasion moves are banned\n|rule|Evasion Abilities Clause: Evasion abilities are banned\n|rule|Sleep Moves Clause: Sleep-inducing moves are banned\n|clearpoke\n|poke|p1|Greninja-*, M|\n|poke|p1|Great Tusk|\n|poke|p1|Gholdengo|\n|poke|p1|Moltres|\n|poke|p1|Meloetta|\n|poke|p1|Zamazenta-*|\n|poke|p2|Hoopa-Unbound|\n|poke|p2|Weezing-Galar, F|\n|poke|p2|Iron Treads|\n|poke|p2|Alomomola, F|\n|poke|p2|Zapdos|\n|poke|p2|Dragonite, M|\n|teampreview\n|inactive|Battle timer is ON: inactive players will automatically lose when time's up. (requested by MiaTaylor612)\n|j| Splateo\n|inactive|afdtv has 120 seconds left.\n|l| Splateo\n|\n|t:|1771256733\n|teamsize|p1|6\n|teamsize|p2|6\n|start\n|switch|p1a: Zamazenta|Zamazenta|100/100\n|switch|p2a: Alomomola|Alomomola, F|100/100\n|-ability|p1a: Zamazenta|Dauntless Shield|boost\n|-boost|p1a: Zamazenta|def|1\n|turn|1\n|\n|t:|1771256743\n|move|p1a: Zamazenta|Close Combat|p2a: Alomomola\n|-damage|p2a: Alomomola|41/100\n|-unboost|p1a: Zamazenta|def|1\n|-unboost|p1a: Zamazenta|spd|1\n|move|p2a: Alomomola|Scald|p1a: Zamazenta\n|-damage|p1a: Zamazenta|81/100\n|\n|upkeep\n|turn|2\n|\n|t:|1771256760\n|switch|p1a: Gholdengo|Gholdengo|100/100\n|-item|p1a: Gholdengo|Air Balloon\n|switch|p2a: Zapdos|Zapdos|100/100\n|\n|upkeep\n|turn|3\n|\n|t:|1771256768\n|move|p2a: Zapdos|Heat Wave|p1a: Gholdengo\n|-supereffective|p1a: Gholdengo\n|-damage|p1a: Gholdengo|43/100\n|-enditem|p1a: Gholdengo|Air Balloon\n|move|p1a: Gholdengo|Nasty Plot|p1a: Gholdengo\n|-boost|p1a: Gholdengo|spa|2\n|\n|upkeep\n|turn|4\n|\n|t:|1771256782\n|switch|p1a: Meloetta|Meloetta|100/100\n|move|p2a: Zapdos|Volt Switch|p1a: Meloetta\n|-damage|p1a: Meloetta|84/100\n|\n|t:|1771256787\n|switch|p2a: Iron Treads|Iron Treads|100/100|[from] Volt Switch\n|\n|upkeep\n|turn|5\n|\n|t:|1771256795\n|move|p2a: Iron Treads|Knock Off|p1a: Meloetta\n|-supereffective|p1a: Meloetta\n|-damage|p1a: Meloetta|26/100\n|-enditem|p1a: Meloetta|Assault Vest|[from] move: Knock Off|[of] p2a: Iron Treads\n|move|p1a: Meloetta|Shadow Ball|p2a: Iron Treads\n|-damage|p2a: Iron Treads|76/100\n|\n|-heal|p2a: Iron Treads|82/100|[from] item: Leftovers\n|upkeep\n|turn|6\n|\n|t:|1771256814\n|switch|p1a: Zamazenta|Zamazenta|81/100\n|move|p2a: Iron Treads|Knock Off|p1a: Zamazenta\n|-resisted|p1a: Zamazenta\n|-damage|p1a: Zamazenta|70/100\n|-enditem|p1a: Zamazenta|Choice Band|[from] move: Knock Off|[of] p2a: Iron Treads\n|\n|-heal|p2a: Iron Treads|88/100|[from] item: Leftovers\n|upkeep\n|turn|7\n|\n|t:|1771256821\n|-end|p2a: Iron Treads|Quark Drive|[silent]\n|switch|p2a: Alomomola|Alomomola, F|74/100\n|move|p1a: Zamazenta|Heavy Slam|p2a: Alomomola\n|-resisted|p2a: Alomomola\n|-damage|p2a: Alomomola|60/100\n|\n|upkeep\n|turn|8\n|\n|t:|1771256826\n|move|p1a: Zamazenta|Close Combat|p2a: Alomomola\n|-damage|p2a: Alomomola|18/100\n|-unboost|p1a: Zamazenta|def|1\n|-unboost|p1a: Zamazenta|spd|1\n|move|p2a: Alomomola|Flip Turn|p1a: Zamazenta\n|-damage|p1a: Zamazenta|46/100\n|\n|t:|1771256832\n|switch|p2a: Zapdos|Zapdos|100/100|[from] Flip Turn\n|\n|upkeep\n|turn|9\n|inactive|afdtv has 120 seconds left.\n|\n|t:|1771256871\n|switch|p1a: Meloetta|Meloetta|26/100\n|move|p2a: Zapdos|Volt Switch|p1a: Meloetta\n|-damage|p1a: Meloetta|3/100\n|\n|t:|1771256876\n|switch|p2a: Iron Treads|Iron Treads|88/100|[from] Volt Switch\n|\n|-heal|p2a: Iron Treads|94/100|[from] item: Leftovers\n|upkeep\n|turn|10\n|inactive|afdtv has 120 seconds left.\n|\n|t:|1771256889\n|switch|p1a: Zamazenta|Zamazenta|46/100\n|move|p2a: Iron Treads|Knock Off|p1a: Zamazenta\n|-resisted|p1a: Zamazenta\n|-damage|p1a: Zamazenta|37/100\n|\n|-heal|p2a: Iron Treads|100/100|[from] item: Leftovers\n|upkeep\n|turn|11\n|\n|t:|1771256897\n|-end|p2a: Iron Treads|Quark Drive|[silent]\n|switch|p2a: Weezing|Weezing-Galar, F|100/100\n|-ability|p2a: Weezing|Neutralizing Gas\n|move|p1a: Zamazenta|Close Combat|p2a: Weezing\n|-resisted|p2a: Weezing\n|-damage|p2a: Weezing|92/100\n|-unboost|p1a: Zamazenta|def|1\n|-unboost|p1a: Zamazenta|spd|1\n|\n|upkeep\n|turn|12\n|\n|t:|1771256903\n|move|p1a: Zamazenta|Heavy Slam|p2a: Weezing\n|-supereffective|p2a: Weezing\n|-damage|p2a: Weezing|42/100\n|move|p2a: Weezing|Will-O-Wisp|p1a: Zamazenta|[miss]\n|-miss|p2a: Weezing|p1a: Zamazenta\n|\n|upkeep\n|turn|13\n|\n|t:|1771256907\n|-end|p2a: Weezing|ability: Neutralizing Gas\n|switch|p2a: Zapdos|Zapdos|100/100\n|move|p1a: Zamazenta|Heavy Slam|p2a: Zapdos\n|-resisted|p2a: Zapdos\n|-damage|p2a: Zapdos|85/100\n|\n|upkeep\n|turn|14\n|\n|t:|1771256913\n|switch|p1a: Meloetta|Meloetta|3/100\n|move|p2a: Zapdos|Volt Switch|p1a: Meloetta\n|-damage|p1a: Meloetta|0 fnt\n|faint|p1a: Meloetta\n|\n|t:|1771256916\n|switch|p2a: Alomomola|Alomomola, F|51/100|[from] Volt Switch\n|\n|upkeep\n|\n|t:|1771256922\n|switch|p1a: Greninja|Greninja, M|100/100\n|turn|15\n|\n|t:|1771256924\n|move|p1a: Greninja|Dark Pulse|p2a: Alomomola\n|-damage|p2a: Alomomola|26/100\n|-damage|p1a: Greninja|91/100|[from] item: Life Orb\n|move|p2a: Alomomola|Body Slam|p1a: Greninja\n|-damage|p1a: Greninja|66/100\n|-status|p1a: Greninja|par\n|\n|upkeep\n|turn|16\n|\n|t:|1771256932\n|switch|p2a: Wishmaster|Hoopa-Unbound|100/100\n|move|p1a: Greninja|Dark Pulse|p2a: Wishmaster\n|-damage|p2a: Wishmaster|75/100\n|-damage|p1a: Greninja|56/100 par|[from] item: Life Orb\n|\n|upkeep\n|turn|17\n|\n|t:|1771256940\n|switch|p1a: Moltres|Moltres|100/100\n|move|p2a: Wishmaster|Drain Punch|p1a: Moltres\n|-resisted|p1a: Moltres\n|-damage|p1a: Moltres|92/100\n|-heal|p2a: Wishmaster|80/100|[from] drain|[of] p1a: Moltres\n|\n|upkeep\n|turn|18\n|\n|t:|1771256944\n|switch|p2a: Alomomola|Alomomola, F|59/100\n|move|p1a: Moltres|U-turn|p2a: Alomomola\n|-damage|p2a: Alomomola|50/100\n|\n|t:|1771256948\n|switch|p1a: Greninja|Greninja, M|56/100 par|[from] U-turn\n|\n|upkeep\n|turn|19\n|\n|t:|1771256951\n|cant|p1a: Greninja|par\n|move|p2a: Alomomola|Flip Turn|p1a: Greninja\n|-resisted|p1a: Greninja\n|-damage|p1a: Greninja|43/100 par\n|\n|t:|1771256954\n|switch|p2a: Wishmaster|Hoopa-Unbound|80/100|[from] Flip Turn\n|\n|upkeep\n|turn|20\n|c|☆afdtv|wow\n|\n|t:|1771256957\n|move|p2a: Wishmaster|Knock Off|p1a: Greninja\n|-resisted|p1a: Greninja\n|-damage|p1a: Greninja|0 fnt\n|-enditem|p1a: Greninja|Life Orb|[from] move: Knock Off|[of] p2a: Wishmaster\n|faint|p1a: Greninja\n|\n|upkeep\n|\n|t:|1771256960\n|switch|p1a: Zamazenta|Zamazenta|37/100\n|turn|21\n|\n|t:|1771256967\n|switch|p2a: Zapdos|Zapdos|85/100\n|move|p1a: Zamazenta|Close Combat|p2a: Zapdos\n|-resisted|p2a: Zapdos\n|-damage|p2a: Zapdos|51/100\n|-unboost|p1a: Zamazenta|def|1\n|-unboost|p1a: Zamazenta|spd|1\n|-status|p1a: Zamazenta|par|[from] ability: Static|[of] p2a: Zapdos\n|\n|upkeep\n|turn|22\n|-message|afdtv forfeited.\n|\n|win|MiaTaylor612\n|raw|afdtv's rating: 1555 &rarr; <strong>1539</strong><br />(-16 for losing)\n|raw|MiaTaylor612's rating: 1634 &rarr; <strong>1650</strong><br />(+16 for winning)\n|l|☆afdtv\n|player|p1|\n|l|☆MiaTaylor612\n|player|p2|\n", "uploadtime": 1771257110, "views": 5, "formatid": "gen9ou", "rating": 1539, "private": 0, "password": null}