{"id": "gen9ou-2639258689", "format": "[Gen 9] OU", "players": ["nessov", "He Hao Yi"], "log": "|j|☆nessov\n|j|☆He Hao Yi\n|t:|1782441701\n|gametype|singles\n|player|p1|nessov|266|1347\n|player|p2|He Hao Yi|giovanni|1456\n|gen|9\n|tier|[Gen 9] OU\n|rated|\n|rule|HP Percentage Mod: HP is shown in percentages\n|rule|Endless Battle Clause: Forcing endless battles is banned\n|rule|Species Clause: Limit one of each Pokémon\n|rule|OHKO Clause: OHKO moves are banned\n|rule|Evasion Items Clause: Evasion items are banned\n|rule|Evasion Moves Clause: Evasion moves are banned\n|rule|Evasion Abilities Clause: Evasion abilities are banned\n|rule|Sleep Moves Clause: Sleep-inducing moves are banned\n|clearpoke\n|poke|p1|Rotom-Heat|\n|poke|p1|Slowking-Galar, F|\n|poke|p1|Dragapult, M|\n|poke|p1|Pecharunt|\n|poke|p1|Kingambit, F|\n|poke|p1|Ogerpon-Wellspring, F|\n|poke|p2|Slither Wing|\n|poke|p2|Ninetales, F|\n|poke|p2|Ceruledge, M|\n|poke|p2|Walking Wake|\n|poke|p2|Great Tusk|\n|poke|p2|Venusaur, M|\n|teampreview\n|\n|t:|1782441720\n|teamsize|p1|6\n|teamsize|p2|6\n|start\n|switch|p1a: Rotom|Rotom-Heat|100/100\n|switch|p2a: Walkenheimer|Walking Wake|100/100\n|turn|1\n|\n|t:|1782441729\n|switch|p1a: Slowking|Slowking-Galar, F|100/100\n|move|p2a: Walkenheimer|Draco Meteor|p1a: Slowking|[miss]\n|-miss|p2a: Walkenheimer|p1a: Slowking\n|\n|upkeep\n|turn|2\n|\n|t:|1782441742\n|move|p2a: Walkenheimer|Flip Turn|p1a: Slowking\n|-damage|p1a: Slowking|81/100\n|\n|t:|1782441746\n|-end|p2a: Walkenheimer|Protosynthesis|[silent]\n|switch|p2a: naruto|Ninetales, F, shiny|100/100|[from] Flip Turn\n|-weather|SunnyDay|[from] ability: Drought|[of] p2a: naruto\n|move|p1a: Slowking|Ice Beam|p2a: naruto\n|-resisted|p2a: naruto\n|-damage|p2a: naruto|87/100\n|\n|-weather|SunnyDay|[upkeep]\n|upkeep\n|turn|3\n|\n|t:|1782441754\n|move|p2a: naruto|Encore|p1a: Slowking\n|-start|p1a: Slowking|Encore\n|move|p1a: Slowking|Ice Beam|p2a: naruto\n|-resisted|p2a: naruto\n|-damage|p2a: naruto|74/100\n|\n|-weather|SunnyDay|[upkeep]\n|upkeep\n|turn|4\n|\n|t:|1782441760\n|move|p2a: naruto|Will-O-Wisp|p1a: Slowking\n|-status|p1a: Slowking|brn\n|move|p1a: Slowking|Ice Beam|p2a: naruto\n|-resisted|p2a: naruto\n|-damage|p2a: naruto|60/100\n|\n|-weather|SunnyDay|[upkeep]\n|-damage|p1a: Slowking|75/100 brn|[from] brn\n|upkeep\n|turn|5\n|\n|t:|1782441776\n|switch|p2a: Walkenheimer|Walking Wake|100/100\n|-activate|p2a: Walkenheimer|ability: Protosynthesis\n|-start|p2a: Walkenheimer|protosynthesisspe\n|move|p1a: Slowking|Ice Beam|p2a: Walkenheimer\n|-crit|p2a: Walkenheimer\n|-damage|p2a: Walkenheimer|63/100\n|\n|-weather|SunnyDay|[upkeep]\n|-damage|p1a: Slowking|69/100 brn|[from] brn\n|-end|p1a: Slowking|Encore\n|upkeep\n|turn|6\n|\n|t:|1782441786\n|move|p2a: Walkenheimer|Hydro Steam|p1a: Slowking\n|-damage|p1a: Slowking|37/100 brn\n|move|p1a: Slowking|Ice Beam|p2a: Walkenheimer\n|-damage|p2a: Walkenheimer|37/100\n|\n|-weather|SunnyDay|[upkeep]\n|-damage|p1a: Slowking|31/100 brn|[from] brn\n|upkeep\n|turn|7\n|\n|t:|1782441794\n|switch|p1a: Ogerpon|Ogerpon-Wellspring, F|100/100\n|move|p2a: Walkenheimer|Draco Meteor|p1a: Ogerpon\n|-damage|p1a: Ogerpon|18/100\n|-unboost|p2a: Walkenheimer|spa|2\n|\n|-weather|SunnyDay|[upkeep]\n|upkeep\n|turn|8\n|\n|t:|1782441802\n|switch|p1a: Slowking|Slowking-Galar, F|64/100 brn\n|move|p2a: Walkenheimer|Weather Ball|p1a: Slowking\n|-crit|p1a: Slowking\n|-damage|p1a: Slowking|35/100 brn\n|\n|-weather|SunnyDay|[upkeep]\n|-damage|p1a: Slowking|29/100 brn|[from] brn\n|upkeep\n|turn|9\n|\n|t:|1782441811\n|-end|p2a: Walkenheimer|Protosynthesis|[silent]\n|switch|p2a: OMG ILY|Slither Wing|100/100\n|-activate|p2a: OMG ILY|ability: Protosynthesis\n|-start|p2a: OMG ILY|protosynthesisatk\n|move|p1a: Slowking|Ice Beam|p2a: OMG ILY\n|-damage|p2a: OMG ILY|87/100\n|\n|-weather|none\n|-end|p2a: OMG ILY|Protosynthesis\n|-damage|p1a: Slowking|23/100 brn|[from] brn\n|upkeep\n|turn|10\n|\n|t:|1782441821\n|switch|p1a: Pecharunt|Pecharunt|100/100\n|-item|p1a: Pecharunt|Air Balloon\n|move|p2a: OMG ILY|U-turn|p1a: Pecharunt\n|-resisted|p1a: Pecharunt\n|-damage|p1a: Pecharunt|96/100\n|-enditem|p1a: Pecharunt|Air Balloon\n|\n|t:|1782441867\n|-end|p2a: OMG ILY|Protosynthesis|[silent]\n|switch|p2a: naruto|Ninetales, F, shiny|60/100|[from] U-turn\n|-weather|SunnyDay|[from] ability: Drought|[of] p2a: naruto\n|\n|-weather|SunnyDay|[upkeep]\n|upkeep\n|turn|11\n|\n|t:|1782441881\n|switch|p2a: flowey|Venusaur, M|100/100\n|switch|p1a: Slowking|Slowking-Galar, F|56/100 brn\n|\n|-weather|SunnyDay|[upkeep]\n|-damage|p1a: Slowking|50/100 brn|[from] brn\n|upkeep\n|turn|12\n|\n|t:|1782441911\n|move|p2a: flowey|Growth|p2a: flowey\n|-boost|p2a: flowey|atk|2\n|-boost|p2a: flowey|spa|2\n|move|p1a: Slowking|Fire Blast|p2a: flowey\n|-supereffective|p2a: flowey\n|-damage|p2a: flowey|0 fnt\n|faint|p2a: flowey\n|\n|-weather|SunnyDay|[upkeep]\n|-damage|p1a: Slowking|44/100 brn|[from] brn\n|upkeep\n|\n|t:|1782441923\n|switch|p2a: nah i'd spin|Great Tusk|100/100\n|-activate|p2a: nah i'd spin|ability: Protosynthesis\n|-start|p2a: nah i'd spin|protosynthesisspe\n|turn|13\n|\n|t:|1782441931\n|switch|p1a: Rotom|Rotom-Heat|100/100\n|move|p2a: nah i'd spin|Earthquake|p1a: Rotom\n|-immune|p1a: Rotom|[from] ability: Levitate\n|\n|-weather|SunnyDay|[upkeep]\n|upkeep\n|turn|14\n|\n|t:|1782441937\n|move|p2a: nah i'd spin|Stealth Rock|p1a: Rotom\n|-sidestart|p1: nessov|move: Stealth Rock\n|move|p1a: Rotom|Overheat|p2a: nah i'd spin\n|-damage|p2a: nah i'd spin|0 fnt\n|-unboost|p1a: Rotom|spa|2\n|faint|p2a: nah i'd spin\n|-end|p2a: nah i'd spin|Protosynthesis|[silent]\n|\n|-weather|SunnyDay|[upkeep]\n|upkeep\n|\n|t:|1782441947\n|switch|p2a: OMG ILY|Slither Wing|87/100\n|-activate|p2a: OMG ILY|ability: Protosynthesis\n|-start|p2a: OMG ILY|protosynthesisatk\n|turn|15\n|\n|t:|1782441952\n|switch|p1a: Ogerpon|Ogerpon-Wellspring, F|18/100\n|-damage|p1a: Ogerpon|5/100|[from] Stealth Rock\n|move|p2a: OMG ILY|Close Combat|p1a: Ogerpon\n|-damage|p1a: Ogerpon|0 fnt\n|-unboost|p2a: OMG ILY|def|1\n|-unboost|p2a: OMG ILY|spd|1\n|faint|p1a: Ogerpon\n|\n|-weather|SunnyDay|[upkeep]\n|upkeep\n|\n|t:|1782441966\n|switch|p1a: Rotom|Rotom-Heat|100/100\n|-damage|p1a: Rotom|75/100|[from] Stealth Rock\n|turn|16\n|\n|t:|1782441974\n|-end|p2a: OMG ILY|Protosynthesis|[silent]\n|switch|p2a: Walkenheimer|Walking Wake|37/100\n|-activate|p2a: Walkenheimer|ability: Protosynthesis\n|-start|p2a: Walkenheimer|protosynthesisspe\n|move|p1a: Rotom|Volt Switch|p2a: Walkenheimer\n|-damage|p2a: Walkenheimer|0 fnt\n|faint|p2a: Walkenheimer\n|-end|p2a: Walkenheimer|Protosynthesis|[silent]\n|\n|t:|1782441995\n|switch|p1a: Dragapult|Dragapult, M|100/100|[from] Volt Switch\n|-damage|p1a: Dragapult|88/100|[from] Stealth Rock\n|\n|-weather|SunnyDay|[upkeep]\n|upkeep\n|\n|t:|1782442009\n|switch|p2a: OMG ILY|Slither Wing|87/100\n|-activate|p2a: OMG ILY|ability: Protosynthesis\n|-start|p2a: OMG ILY|protosynthesisatk\n|turn|17\n|\n|t:|1782442018\n|-terastallize|p1a: Dragapult|Dragon\n|move|p1a: Dragapult|Dragon Darts|p2a: OMG ILY\n|-damage|p2a: OMG ILY|32/100\n|-anim|p1a: Dragapult|Dragon Darts|p2a: OMG ILY\n|-damage|p2a: OMG ILY|0 fnt\n|faint|p2a: OMG ILY\n|-end|p2a: OMG ILY|Protosynthesis|[silent]\n|\n|-weather|none\n|upkeep\n|\n|t:|1782442028\n|switch|p2a: naruto|Ninetales, F, shiny|60/100\n|-weather|SunnyDay|[from] ability: Drought|[of] p2a: naruto\n|turn|18\n|\n|t:|1782442032\n|move|p1a: Dragapult|Dragon Darts|p2a: naruto\n|-damage|p2a: naruto|0 fnt\n|faint|p2a: naruto\n|\n|-weather|SunnyDay|[upkeep]\n|upkeep\n|\n|t:|1782442035\n|switch|p2a: red judas|Ceruledge, M|100/100\n|-item|p2a: red judas|Air Balloon\n|turn|19\n|\n|t:|1782442040\n|-terastallize|p2a: red judas|Fairy\n|move|p1a: Dragapult|Dragon Darts|p2a: red judas\n|-immune|p2a: red judas\n|move|p2a: red judas|Swords Dance|p2a: red judas\n|-boost|p2a: red judas|atk|2\n|\n|-weather|SunnyDay|[upkeep]\n|upkeep\n|turn|20\n|\n|t:|1782442050\n|switch|p1a: Pecharunt|Pecharunt|96/100\n|-damage|p1a: Pecharunt|84/100|[from] Stealth Rock\n|move|p2a: red judas|Bitter Blade|p1a: Pecharunt\n|-damage|p1a: Pecharunt|14/100\n|\n|-weather|SunnyDay|[upkeep]\n|upkeep\n|turn|21\n|\n|t:|1782442058\n|move|p2a: red judas|Bitter Blade|p1a: Pecharunt\n|-damage|p1a: Pecharunt|0 fnt\n|faint|p1a: Pecharunt\n|\n|-weather|SunnyDay|[upkeep]\n|upkeep\n|\n|t:|1782442084\n|switch|p1a: Slowking|Slowking-Galar, F|77/100 brn\n|-damage|p1a: Slowking|65/100 brn|[from] Stealth Rock\n|turn|22\n|\n|t:|1782442098\n|move|p2a: red judas|Bitter Blade|p1a: Slowking\n|-damage|p1a: Slowking|0 fnt\n|faint|p1a: Slowking\n|\n|-weather|SunnyDay|[upkeep]\n|upkeep\n|\n|t:|1782442103\n|switch|p1a: Rotom|Rotom-Heat|75/100\n|-damage|p1a: Rotom|50/100|[from] Stealth Rock\n|turn|23\n|\n|t:|1782442107\n|move|p2a: red judas|Bitter Blade|p1a: Rotom\n|-resisted|p1a: Rotom\n|-damage|p1a: Rotom|0 fnt\n|faint|p1a: Rotom\n|\n|-weather|SunnyDay|[upkeep]\n|upkeep\n|\n|t:|1782442112\n|switch|p1a: Dragapult|Dragapult, M, tera:Dragon|88/100\n|-damage|p1a: Dragapult|76/100|[from] Stealth Rock\n|turn|24\n|\n|t:|1782442120\n|move|p1a: Dragapult|Phantom Force||[still]\n|-prepare|p1a: Dragapult|Phantom Force\n|move|p2a: red judas|Bitter Blade|p1a: Dragapult|[miss]\n|-miss|p2a: red judas|p1a: Dragapult\n|\n|-weather|SunnyDay|[upkeep]\n|upkeep\n|turn|25\n|\n|t:|1782442126\n|move|p1a: Dragapult|Phantom Force|p2a: red judas|[from] lockedmove\n|-damage|p2a: red judas|11/100\n|-ability|p2a: red judas|Weak Armor|boost\n|-unboost|p2a: red judas|def|1\n|-boost|p2a: red judas|spe|2\n|-enditem|p2a: red judas|Air Balloon\n|move|p2a: red judas|Bitter Blade|p1a: Dragapult\n|-resisted|p1a: Dragapult\n|-damage|p1a: Dragapult|0 fnt\n|-heal|p2a: red judas|50/100|[from] drain|[of] p1a: Dragapult\n|faint|p1a: Dragapult\n|\n|-weather|none\n|upkeep\n|\n|t:|1782442138\n|switch|p1a: Kingambit|Kingambit, F|100/100\n|-damage|p1a: Kingambit|94/100|[from] Stealth Rock\n|-activate|p1a: Kingambit|ability: Supreme Overlord\n|-start|p1a: Kingambit|fallen5|[silent]\n|turn|26\n|\n|t:|1782442143\n|move|p2a: red judas|Bitter Blade|p1a: Kingambit\n|-supereffective|p1a: Kingambit\n|-damage|p1a: Kingambit|0 fnt\n|-heal|p2a: red judas|100/100|[from] drain|[of] p1a: Kingambit\n|faint|p1a: Kingambit\n|-end|p1a: Kingambit|fallen5|[silent]\n|\n|win|He Hao Yi\n|raw|nessov's rating: 1347 &rarr; <strong>1333</strong><br />(-14 for losing)\n|raw|He Hao Yi's rating: 1456 &rarr; <strong>1470</strong><br />(+14 for winning)\n", "uploadtime": 1782442143, "views": 10, "formatid": "gen9ou", "rating": 1333, "private": 0, "password": null}