{"id": "gen9ou-2540905155", "format": "[Gen 9] OU", "players": ["NapedCrusader", "Mryellowsnowmann"], "log": "|j|☆NapedCrusader\n|j|☆Mryellowsnowmann\n|t:|1771265792\n|gametype|singles\n|player|p1|NapedCrusader|169|1526\n|player|p2|Mryellowsnowmann|2|1528\n|gen|9\n|tier|[Gen 9] OU\n|rated|\n|rule|HP Percentage Mod: HP is shown in percentages\n|rule|Endless Battle Clause: Forcing endless battles is banned\n|rule|Species Clause: Limit one of each Pokémon\n|rule|OHKO Clause: OHKO moves are banned\n|rule|Evasion Items Clause: Evasion items are banned\n|rule|Evasion Moves Clause: Evasion moves are banned\n|rule|Evasion Abilities Clause: Evasion abilities are banned\n|rule|Sleep Moves Clause: Sleep-inducing moves are banned\n|clearpoke\n|poke|p1|Arcanine-Hisui, F|\n|poke|p1|Darkrai|\n|poke|p1|Great Tusk|\n|poke|p1|Hatterene, F|\n|poke|p1|Ogerpon-Wellspring, F|\n|poke|p1|Zapdos|\n|poke|p2|Politoed, F|\n|poke|p2|Ludicolo, M|\n|poke|p2|Quaquaval, F|\n|poke|p2|Hawlucha, F|\n|poke|p2|Mudsdale, F|\n|poke|p2|Cinderace, F|\n|teampreview\n|inactive|Battle timer is ON: inactive players will automatically lose when time's up. (requested by NapedCrusader)\n|\n|t:|1771265821\n|teamsize|p1|6\n|teamsize|p2|6\n|start\n|switch|p1a: Hatterene|Hatterene, F|100/100\n|switch|p2a: Ronaldo|Cinderace, F|100/100\n|turn|1\n|\n|t:|1771265840\n|move|p2a: Ronaldo|Gunk Shot|p1a: Hatterene\n|-start|p2a: Ronaldo|typechange|Poison|[from] ability: Libero\n|-supereffective|p1a: Hatterene\n|-damage|p1a: Hatterene|0 fnt\n|faint|p1a: Hatterene\n|\n|upkeep\n|\n|t:|1771265842\n|switch|p1a: Great Tusk|Great Tusk|100/100\n|turn|2\n|j| yugiohLORD\n|\n|t:|1771265847\n|move|p2a: Ronaldo|U-turn|p1a: Great Tusk\n|-resisted|p1a: Great Tusk\n|-damage|p1a: Great Tusk|92/100\n|-damage|p2a: Ronaldo|84/100|[from] item: Rocky Helmet|[of] p1a: Great Tusk\n|\n|t:|1771265850\n|switch|p2a: Donkey Xote|Mudsdale, F|100/100|[from] U-turn\n|move|p1a: Great Tusk|Headlong Rush|p2a: Donkey Xote\n|-crit|p2a: Donkey Xote\n|-damage|p2a: Donkey Xote|45/100\n|-unboost|p1a: Great Tusk|def|1\n|-unboost|p1a: Great Tusk|spd|1\n|-ability|p2a: Donkey Xote|Stamina|boost\n|-boost|p2a: Donkey Xote|def|1\n|\n|-heal|p2a: Donkey Xote|51/100|[from] item: Leftovers\n|upkeep\n|turn|3\n|\n|t:|1771265864\n|-end|p1a: Great Tusk|Protosynthesis|[silent]\n|switch|p1a: Ogerpon|Ogerpon-Wellspring, F|100/100\n|move|p2a: Donkey Xote|Stealth Rock|p1a: Ogerpon\n|-sidestart|p1: NapedCrusader|move: Stealth Rock\n|\n|-heal|p2a: Donkey Xote|58/100|[from] item: Leftovers\n|upkeep\n|turn|4\n|\n|t:|1771265890\n|switch|p2a: SALSA TIME|Quaquaval, F|100/100\n|-terastallize|p1a: Ogerpon|Water\n|detailschange|p1a: Ogerpon|Ogerpon-Wellspring-Tera, F, tera:Water\n|-ability|p1a: Ogerpon|Embody Aspect (Wellspring)|boost\n|-boost|p1a: Ogerpon|spd|1\n|move|p1a: Ogerpon|Ivy Cudgel|p2a: SALSA TIME|[anim] Ivy Cudgel Water\n|-resisted|p2a: SALSA TIME\n|-damage|p2a: SALSA TIME|53/100\n|\n|upkeep\n|turn|5\n|inactive|Mryellowsnowmann has 120 seconds left.\n|\n|t:|1771265906\n|move|p2a: SALSA TIME|Close Combat|p1a: Ogerpon\n|-damage|p1a: Ogerpon|16/100\n|-unboost|p2a: SALSA TIME|def|1\n|-unboost|p2a: SALSA TIME|spd|1\n|move|p1a: Ogerpon|Ivy Cudgel|p2a: SALSA TIME|[anim] Ivy Cudgel Water\n|-resisted|p2a: SALSA TIME\n|-crit|p2a: SALSA TIME\n|-damage|p2a: SALSA TIME|0 fnt\n|faint|p2a: SALSA TIME\n|\n|upkeep\n|inactive|Mryellowsnowmann has 120 seconds left.\n|\n|t:|1771265912\n|switch|p2a: Ronaldo|Cinderace, F|84/100\n|turn|6\n|inactive|Mryellowsnowmann has 120 seconds left.\n|\n|t:|1771265925\n|switch|p1a: Zapdos|Zapdos|100/100\n|move|p2a: Ronaldo|Pyro Ball|p1a: Zapdos\n|-damage|p1a: Zapdos|61/100\n|\n|upkeep\n|turn|7\n|inactive|Mryellowsnowmann has 120 seconds left.\n|\n|t:|1771265939\n|switch|p2a: Donkey Xote|Mudsdale, F|58/100\n|move|p1a: Zapdos|Thunder Wave|p2a: Donkey Xote\n|-immune|p2a: Donkey Xote\n|\n|-heal|p2a: Donkey Xote|64/100|[from] item: Leftovers\n|upkeep\n|turn|8\n|l| yugiohLORD\n|\n|t:|1771265962\n|switch|p1a: Great Tusk|Great Tusk|92/100\n|-damage|p1a: Great Tusk|89/100|[from] Stealth Rock\n|switch|p2a: UN VIP UN VIP AYY|Politoed, F|100/100\n|-weather|RainDance|[from] ability: Drizzle|[of] p2a: UN VIP UN VIP AYY\n|\n|-weather|RainDance|[upkeep]\n|upkeep\n|turn|9\n|inactive|Mryellowsnowmann has 120 seconds left.\n|\n|t:|1771265980\n|move|p1a: Great Tusk|Rapid Spin|p2a: UN VIP UN VIP AYY\n|-damage|p2a: UN VIP UN VIP AYY|80/100\n|-boost|p1a: Great Tusk|spe|1\n|-sideend|p1: NapedCrusader|Stealth Rock|[from] move: Rapid Spin|[of] p1a: Great Tusk\n|move|p2a: UN VIP UN VIP AYY|Whirlpool|p1a: Great Tusk\n|-supereffective|p1a: Great Tusk\n|-damage|p1a: Great Tusk|42/100\n|-activate|p1a: Great Tusk|move: Whirlpool|[of] p2a: UN VIP UN VIP AYY\n|\n|-weather|RainDance|[upkeep]\n|-damage|p1a: Great Tusk|29/100|[from] move: Whirlpool|[partiallytrapped]\n|upkeep\n|turn|10\n|inactive|Mryellowsnowmann has 120 seconds left.\n|\n|t:|1771265991\n|move|p1a: Great Tusk|Headlong Rush|p2a: UN VIP UN VIP AYY\n|-damage|p2a: UN VIP UN VIP AYY|12/100\n|-unboost|p1a: Great Tusk|def|1\n|-unboost|p1a: Great Tusk|spd|1\n|move|p2a: UN VIP UN VIP AYY|Whirlpool|p1a: Great Tusk\n|-supereffective|p1a: Great Tusk\n|-damage|p1a: Great Tusk|0 fnt\n|faint|p1a: Great Tusk\n|-end|p1a: Great Tusk|Protosynthesis|[silent]\n|\n|-weather|RainDance|[upkeep]\n|upkeep\n|\n|t:|1771266018\n|switch|p1a: Ogerpon|Ogerpon-Wellspring-Tera, F, tera:Water|16/100\n|-ability|p1a: Ogerpon|Embody Aspect (Wellspring)|boost\n|-boost|p1a: Ogerpon|spd|1\n|turn|11\n|inactive|Mryellowsnowmann has 120 seconds left.\n|\n|t:|1771266036\n|move|p1a: Ogerpon|U-turn|p2a: UN VIP UN VIP AYY\n|-damage|p2a: UN VIP UN VIP AYY|0 fnt\n|faint|p2a: UN VIP UN VIP AYY\n|\n|t:|1771266045\n|switch|p1a: Darkrai|Darkrai|100/100|[from] U-turn\n|\n|-weather|RainDance|[upkeep]\n|upkeep\n|inactive|Mryellowsnowmann has 120 seconds left.\n|\n|t:|1771266056\n|switch|p2a: Ronaldo|Cinderace, F|84/100\n|turn|12\n|\n|t:|1771266060\n|switch|p1a: Zapdos|Zapdos|61/100\n|move|p2a: Ronaldo|U-turn|p1a: Zapdos\n|-start|p2a: Ronaldo|typechange|Bug|[from] ability: Libero\n|-resisted|p1a: Zapdos\n|-damage|p1a: Zapdos|48/100\n|-status|p2a: Ronaldo|par|[from] ability: Static|[of] p1a: Zapdos\n|\n|t:|1771266065\n|switch|p2a: Pancho Villa|Ludicolo, M|100/100|[from] U-turn\n|\n|-weather|RainDance|[upkeep]\n|upkeep\n|turn|13\n|\n|t:|1771266070\n|switch|p1a: Ogerpon|Ogerpon-Wellspring-Tera, F, tera:Water|16/100\n|-ability|p1a: Ogerpon|Embody Aspect (Wellspring)|boost\n|-boost|p1a: Ogerpon|spd|1\n|move|p2a: Pancho Villa|Ice Beam|p1a: Ogerpon\n|-resisted|p1a: Ogerpon\n|-damage|p1a: Ogerpon|3/100\n|-damage|p2a: Pancho Villa|91/100|[from] item: Life Orb\n|\n|-weather|RainDance|[upkeep]\n|upkeep\n|turn|14\n|\n|t:|1771266077\n|move|p2a: Pancho Villa|Ice Beam|p1a: Ogerpon\n|-resisted|p1a: Ogerpon\n|-damage|p1a: Ogerpon|0 fnt\n|faint|p1a: Ogerpon\n|detailschange|p1: Ogerpon|Ogerpon-Wellspring, F|[silent]\n|-damage|p2a: Pancho Villa|81/100|[from] item: Life Orb\n|\n|-weather|RainDance|[upkeep]\n|upkeep\n|\n|t:|1771266080\n|switch|p1a: Darkrai|Darkrai|100/100\n|turn|15\n|\n|t:|1771266084\n|move|p1a: Darkrai|Sludge Bomb|p2a: Pancho Villa\n|-supereffective|p2a: Pancho Villa\n|-damage|p2a: Pancho Villa|7/100\n|move|p2a: Pancho Villa|Hydro Pump|p1a: Darkrai\n|-damage|p1a: Darkrai|0 fnt\n|faint|p1a: Darkrai\n|-damage|p2a: Pancho Villa|0 fnt|[from] item: Life Orb\n|faint|p2a: Pancho Villa\n|\n|-weather|none\n|upkeep\n|\n|t:|1771266094\n|switch|p1a: Zapdos|Zapdos|48/100\n|switch|p2a: Nacho Libre|Hawlucha, F|100/100\n|turn|16\n|\n|t:|1771266104\n|switch|p2a: Donkey Xote|Mudsdale, F|64/100\n|move|p1a: Zapdos|Hurricane|p2a: Donkey Xote\n|-damage|p2a: Donkey Xote|16/100\n|-ability|p2a: Donkey Xote|Stamina|boost\n|-boost|p2a: Donkey Xote|def|1\n|\n|-heal|p2a: Donkey Xote|23/100|[from] item: Leftovers\n|upkeep\n|turn|17\n|\n|t:|1771266108\n|move|p1a: Zapdos|Hurricane|p2a: Donkey Xote\n|-damage|p2a: Donkey Xote|0 fnt\n|faint|p2a: Donkey Xote\n|\n|upkeep\n|\n|t:|1771266111\n|switch|p2a: Nacho Libre|Hawlucha, F|100/100\n|turn|18\n|\n|t:|1771266120\n|-terastallize|p2a: Nacho Libre|Flying\n|move|p2a: Nacho Libre|Swords Dance|p2a: Nacho Libre\n|-boost|p2a: Nacho Libre|atk|2\n|move|p1a: Zapdos|Thunder Wave|p2a: Nacho Libre\n|-status|p2a: Nacho Libre|par\n|\n|upkeep\n|turn|19\n|\n|t:|1771266126\n|move|p1a: Zapdos|Hurricane|p2a: Nacho Libre\n|-damage|p2a: Nacho Libre|26/100 par\n|cant|p2a: Nacho Libre|par\n|\n|upkeep\n|turn|20\n|c|☆NapedCrusader|gg\n|-message|Mryellowsnowmann forfeited.\n|\n|win|NapedCrusader\n|raw|NapedCrusader's rating: 1526 &rarr; <strong>1546</strong><br />(+20 for winning)\n|raw|Mryellowsnowmann's rating: 1528 &rarr; <strong>1508</strong><br />(-20 for losing)\n|l|☆Mryellowsnowmann\n|player|p2|\n|l|☆NapedCrusader\n|player|p1|\n", "uploadtime": 1771266307, "views": 4, "formatid": "gen9ou", "rating": 1508, "private": 0, "password": null}