{"id": "gen9ou-2540565887", "format": "[Gen 9] OU", "players": ["KnightKnaveSpy", "H0llo"], "log": "|j|☆KnightKnaveSpy\n|j|☆H0llo\n|t:|1771218998\n|gametype|singles\n|player|p1|KnightKnaveSpy|265|1655\n|player|p2|H0llo|idol|1608\n|gen|9\n|tier|[Gen 9] OU\n|rated|\n|rule|HP Percentage Mod: HP is shown in percentages\n|rule|Endless Battle Clause: Forcing endless battles is banned\n|rule|Species Clause: Limit one of each Pokémon\n|rule|OHKO Clause: OHKO moves are banned\n|rule|Evasion Items Clause: Evasion items are banned\n|rule|Evasion Moves Clause: Evasion moves are banned\n|rule|Evasion Abilities Clause: Evasion abilities are banned\n|rule|Sleep Moves Clause: Sleep-inducing moves are banned\n|clearpoke\n|poke|p1|Samurott-Hisui, F|\n|poke|p1|Blaziken, M|\n|poke|p1|Kingambit, F|\n|poke|p1|Raging Bolt|\n|poke|p1|Ogerpon-Wellspring, F|\n|poke|p1|Greninja-*, M|\n|poke|p2|Primarina, M|\n|poke|p2|Great Tusk|\n|poke|p2|Kingambit, M|\n|poke|p2|Slowking-Galar, M|\n|poke|p2|Ogerpon, F|\n|poke|p2|Enamorus, F|\n|teampreview\n|inactive|Battle timer is ON: inactive players will automatically lose when time's up. (requested by H0llo)\n|\n|t:|1771219005\n|teamsize|p1|6\n|teamsize|p2|6\n|start\n|switch|p1a: Samurott|Samurott-Hisui, F|100/100\n|switch|p2a: Great Tusk|Great Tusk, shiny|100/100\n|turn|1\n|\n|t:|1771219017\n|move|p2a: Great Tusk|Stealth Rock|p1a: Samurott\n|-sidestart|p1: KnightKnaveSpy|move: Stealth Rock\n|move|p1a: Samurott|Aqua Cutter|p2a: Great Tusk\n|-supereffective|p2a: Great Tusk\n|-damage|p2a: Great Tusk|37/100\n|\n|upkeep\n|turn|2\n|\n|t:|1771219025\n|move|p2a: Great Tusk|Headlong Rush|p1a: Samurott\n|-damage|p1a: Samurott|14/100\n|-unboost|p2a: Great Tusk|def|1\n|-unboost|p2a: Great Tusk|spd|1\n|move|p1a: Samurott|Aqua Cutter|p2a: Great Tusk\n|-supereffective|p2a: Great Tusk\n|-damage|p2a: Great Tusk|0 fnt\n|faint|p2a: Great Tusk\n|-end|p2a: Great Tusk|Protosynthesis|[silent]\n|\n|upkeep\n|\n|t:|1771219030\n|switch|p2a: Ogerpon|Ogerpon, F|100/100\n|turn|3\n|\n|t:|1771219033\n|move|p1a: Samurott|Sucker Punch|p2a: Ogerpon\n|-damage|p2a: Ogerpon|61/100\n|move|p2a: Ogerpon|U-turn|p1a: Samurott\n|-supereffective|p1a: Samurott\n|-damage|p1a: Samurott|0 fnt\n|faint|p1a: Samurott\n|j| Nick the Tick\n|l| Nick the Tick\n|\n|t:|1771219046\n|switch|p2a: Slowking|Slowking-Galar, M, shiny|100/100|[from] U-turn\n|\n|upkeep\n|\n|t:|1771219054\n|switch|p1a: Kingambit|Kingambit, F|100/100\n|-damage|p1a: Kingambit|94/100|[from] Stealth Rock\n|-activate|p1a: Kingambit|ability: Supreme Overlord\n|-start|p1a: Kingambit|fallen1|[silent]\n|turn|4\n|\n|t:|1771219060\n|move|p1a: Kingambit|Kowtow Cleave|p2a: Slowking\n|-supereffective|p2a: Slowking\n|-damage|p2a: Slowking|18/100\n|move|p2a: Slowking|Flamethrower|p1a: Kingambit\n|-supereffective|p1a: Kingambit\n|-damage|p1a: Kingambit|48/100\n|\n|-heal|p1a: Kingambit|54/100|[from] item: Leftovers\n|upkeep\n|turn|5\n|\n|t:|1771219070\n|switch|p2a: Primarina|Primarina, M, shiny|100/100\n|move|p1a: Kingambit|Iron Head|p2a: Primarina\n|-damage|p2a: Primarina|22/100\n|\n|-heal|p2a: Primarina|28/100|[from] item: Leftovers\n|-heal|p1a: Kingambit|60/100|[from] item: Leftovers\n|upkeep\n|turn|6\n|\n|t:|1771219076\n|move|p1a: Kingambit|Sucker Punch||[still]\n|-fail|p1a: Kingambit\n|move|p2a: Primarina|Substitute|p2a: Primarina\n|-start|p2a: Primarina|Substitute\n|-damage|p2a: Primarina|3/100\n|\n|-heal|p2a: Primarina|9/100|[from] item: Leftovers\n|-heal|p1a: Kingambit|66/100|[from] item: Leftovers\n|upkeep\n|turn|7\n|\n|t:|1771219081\n|move|p2a: Primarina|Whirlpool|p1a: Kingambit\n|-damage|p1a: Kingambit|48/100\n|-activate|p1a: Kingambit|move: Whirlpool|[of] p2a: Primarina\n|move|p1a: Kingambit|Iron Head|p2a: Primarina\n|-end|p2a: Primarina|Substitute\n|\n|-heal|p2a: Primarina|15/100|[from] item: Leftovers\n|-heal|p1a: Kingambit|54/100|[from] item: Leftovers\n|-damage|p1a: Kingambit|42/100|[from] move: Whirlpool|[partiallytrapped]\n|upkeep\n|turn|8\n|\n|t:|1771219085\n|move|p2a: Primarina|Substitute|p2a: Primarina\n|-fail|p2a: Primarina|move: Substitute|[weak]\n|move|p1a: Kingambit|Iron Head|p2a: Primarina\n|-damage|p2a: Primarina|0 fnt\n|faint|p2a: Primarina\n|\n|-heal|p1a: Kingambit|48/100|[from] item: Leftovers\n|-end|p1a: Kingambit|Whirlpool|[partiallytrapped]|[silent]\n|upkeep\n|\n|t:|1771219091\n|switch|p2a: Enamorus|Enamorus, F, shiny|100/100\n|turn|9\n|inactive|KnightKnaveSpy has 120 seconds left.\n|inactive|KnightKnaveSpy has 90 seconds left.\n|\n|t:|1771219158\n|-end|p1a: Kingambit|fallen1|[silent]\n|switch|p1a: Blaziken|Blaziken, M|100/100\n|-damage|p1a: Blaziken|88/100|[from] Stealth Rock\n|move|p2a: Enamorus|Earth Power|p1a: Blaziken\n|-supereffective|p1a: Blaziken\n|-damage|p1a: Blaziken|0 fnt\n|faint|p1a: Blaziken\n|\n|upkeep\n|\n|t:|1771219160\n|switch|p1a: Ogerpon|Ogerpon-Wellspring, F|100/100\n|-damage|p1a: Ogerpon|88/100|[from] Stealth Rock\n|turn|10\n|\n|t:|1771219170\n|switch|p2a: Kingambit|Kingambit, M, shiny|100/100\n|-activate|p2a: Kingambit|ability: Supreme Overlord\n|-start|p2a: Kingambit|fallen2|[silent]\n|move|p1a: Ogerpon|U-turn|p2a: Kingambit\n|-damage|p2a: Kingambit|79/100\n|\n|t:|1771219176\n|switch|p1a: Raging Bolt|Raging Bolt|100/100|[from] U-turn\n|-damage|p1a: Raging Bolt|88/100|[from] Stealth Rock\n|\n|-heal|p1a: Raging Bolt|94/100|[from] item: Leftovers\n|-heal|p2a: Kingambit|85/100|[from] item: Leftovers\n|upkeep\n|turn|11\n|\n|t:|1771219186\n|move|p1a: Raging Bolt|Thunderbolt|p2a: Kingambit\n|-damage|p2a: Kingambit|33/100\n|move|p2a: Kingambit|Kowtow Cleave|p1a: Raging Bolt\n|-damage|p1a: Raging Bolt|45/100\n|\n|-heal|p1a: Raging Bolt|52/100|[from] item: Leftovers\n|-heal|p2a: Kingambit|39/100|[from] item: Leftovers\n|upkeep\n|turn|12\n|\n|t:|1771219199\n|move|p2a: Kingambit|Sucker Punch|p1a: Raging Bolt\n|-damage|p1a: Raging Bolt|14/100\n|move|p1a: Raging Bolt|Thunderbolt|p2a: Kingambit\n|-damage|p2a: Kingambit|0 fnt\n|faint|p2a: Kingambit\n|-end|p2a: Kingambit|fallen2|[silent]\n|\n|-heal|p1a: Raging Bolt|21/100|[from] item: Leftovers\n|upkeep\n|\n|t:|1771219202\n|switch|p2a: Ogerpon|Ogerpon, F|61/100\n|turn|13\n|\n|t:|1771219209\n|move|p1a: Raging Bolt|Thunderclap|p2a: Ogerpon\n|-resisted|p2a: Ogerpon\n|-damage|p2a: Ogerpon|37/100\n|move|p2a: Ogerpon|Ivy Cudgel|p1a: Raging Bolt\n|-resisted|p1a: Raging Bolt\n|-damage|p1a: Raging Bolt|0 fnt\n|faint|p1a: Raging Bolt\n|-end|p1a: Raging Bolt|Protosynthesis|[silent]\n|\n|upkeep\n|\n|t:|1771219213\n|switch|p1a: Kingambit|Kingambit, F|48/100\n|-damage|p1a: Kingambit|42/100|[from] Stealth Rock\n|-activate|p1a: Kingambit|ability: Supreme Overlord\n|-start|p1a: Kingambit|fallen3|[silent]\n|turn|14\n|\n|t:|1771219225\n|switch|p2a: Slowking|Slowking-Galar, M, shiny|51/100\n|move|p1a: Kingambit|Iron Head|p2a: Slowking\n|-damage|p2a: Slowking|7/100\n|\n|-heal|p1a: Kingambit|48/100|[from] item: Leftovers\n|upkeep\n|turn|15\n|\n|t:|1771219229\n|move|p1a: Kingambit|Iron Head|p2a: Slowking\n|-damage|p2a: Slowking|0 fnt\n|faint|p2a: Slowking\n|\n|-heal|p1a: Kingambit|54/100|[from] item: Leftovers\n|upkeep\n|\n|t:|1771219231\n|switch|p2a: Enamorus|Enamorus, F, shiny|100/100\n|turn|16\n|\n|t:|1771219244\n|-end|p1a: Kingambit|fallen3|[silent]\n|switch|p1a: Greninja|Greninja, M|100/100\n|-damage|p1a: Greninja|88/100|[from] Stealth Rock\n|move|p2a: Enamorus|Healing Wish|p2a: Enamorus\n|faint|p2a: Enamorus\n|\n|-heal|p1a: Greninja|94/100|[from] item: Leftovers\n|upkeep\n|\n|t:|1771219265\n|switch|p2a: Ogerpon|Ogerpon, F|37/100\n|-heal|p2a: Ogerpon|100/100|[from] move: Healing Wish\n|turn|17\n|\n|t:|1771219293\n|switch|p1a: Ogerpon|Ogerpon-Wellspring, F|88/100\n|-damage|p1a: Ogerpon|76/100|[from] Stealth Rock\n|-terastallize|p2a: Ogerpon|Grass\n|detailschange|p2a: Ogerpon|Ogerpon-Teal-Tera, F, tera:Grass\n|-ability|p2a: Ogerpon|Embody Aspect (Teal)|boost\n|-boost|p2a: Ogerpon|spe|1\n|move|p2a: Ogerpon|Ivy Cudgel|p1a: Ogerpon\n|-crit|p1a: Ogerpon\n|-damage|p1a: Ogerpon|0 fnt\n|faint|p1a: Ogerpon\n|\n|upkeep\n|\n|t:|1771219295\n|switch|p1a: Kingambit|Kingambit, F|54/100\n|-damage|p1a: Kingambit|48/100|[from] Stealth Rock\n|-activate|p1a: Kingambit|ability: Supreme Overlord\n|-start|p1a: Kingambit|fallen4|[silent]\n|turn|18\n|\n|t:|1771219324\n|move|p1a: Kingambit|Sucker Punch|p2a: Ogerpon\n|-damage|p2a: Ogerpon|24/100\n|move|p2a: Ogerpon|Ivy Cudgel|p1a: Kingambit\n|-resisted|p1a: Kingambit\n|-damage|p1a: Kingambit|12/100\n|\n|-heal|p1a: Kingambit|19/100|[from] item: Leftovers\n|upkeep\n|turn|19\n|\n|t:|1771219331\n|move|p1a: Kingambit|Sucker Punch|p2a: Ogerpon\n|-damage|p2a: Ogerpon|0 fnt\n|faint|p2a: Ogerpon\n|detailschange|p2: Ogerpon|Ogerpon, F|[silent]\n|\n|win|KnightKnaveSpy\n|raw|KnightKnaveSpy's rating: 1655 &rarr; <strong>1672</strong><br />(+17 for winning)\n|raw|H0llo's rating: 1608 &rarr; <strong>1591</strong><br />(-17 for losing)\n|l|☆H0llo\n|player|p2|\n|c|☆KnightKnaveSpy|Gg\n|l|☆KnightKnaveSpy\n|player|p1|\n", "uploadtime": 1771219521, "views": 4, "formatid": "gen9ou", "rating": 1591, "private": 0, "password": null}