{"id": "gen9ou-2639204804", "format": "[Gen 9] OU", "players": ["salazzle stan", "Phanthom_Ex4"], "log": "|j|☆salazzle stan\n|j|☆Phanthom_Ex4\n|t:|1782433755\n|gametype|singles\n|player|p1|salazzle stan|ninjaboy|1381\n|player|p2|Phanthom_Ex4|burglar|1412\n|gen|9\n|tier|[Gen 9] OU\n|rated|\n|rule|HP Percentage Mod: HP is shown in percentages\n|rule|Endless Battle Clause: Forcing endless battles is banned\n|rule|Species Clause: Limit one of each Pokémon\n|rule|OHKO Clause: OHKO moves are banned\n|rule|Evasion Items Clause: Evasion items are banned\n|rule|Evasion Moves Clause: Evasion moves are banned\n|rule|Evasion Abilities Clause: Evasion abilities are banned\n|rule|Sleep Moves Clause: Sleep-inducing moves are banned\n|clearpoke\n|poke|p1|Armarouge, F|\n|poke|p1|Gardevoir, M|\n|poke|p1|Grimmsnarl, M|\n|poke|p1|Great Tusk|\n|poke|p1|Rillaboom, M|\n|poke|p1|Gengar, F|\n|poke|p2|Kleavor, M|\n|poke|p2|Brambleghast, M|\n|poke|p2|Kommo-o, M|\n|poke|p2|Clodsire, M|\n|poke|p2|Zoroark-Hisui, F|\n|poke|p2|Masquerain, M|\n|teampreview\n|inactive|Battle timer is ON: inactive players will automatically lose when time's up. (requested by Phanthom_Ex4)\n|\n|t:|1782433765\n|teamsize|p1|6\n|teamsize|p2|6\n|start\n|switch|p1a: Gengar|Gengar, F|100/100\n|switch|p2a: Masquerain|Masquerain, M|100/100\n|-ability|p2a: Masquerain|Intimidate|boost\n|-unboost|p1a: Gengar|atk|1\n|turn|1\n|\n|t:|1782433774\n|move|p1a: Gengar|Icy Wind|p2a: Masquerain\n|-supereffective|p2a: Masquerain\n|-damage|p2a: Masquerain|48/100\n|-unboost|p2a: Masquerain|spe|1\n|move|p2a: Masquerain|Sticky Web|p1a: Gengar\n|-sidestart|p1: salazzle stan|move: Sticky Web\n|\n|upkeep\n|turn|2\n|\n|t:|1782433780\n|switch|p2a: Kleavor|Kleavor, M|100/100\n|move|p1a: Gengar|Shadow Ball|p2a: Kleavor\n|-damage|p2a: Kleavor|35/100\n|\n|upkeep\n|turn|3\n|\n|t:|1782433790\n|switch|p2a: Clodsire|Clodsire, M|100/100\n|move|p1a: Gengar|Shadow Ball|p2a: Clodsire\n|-damage|p2a: Clodsire|78/100\n|\n|-heal|p2a: Clodsire|84/100|[from] item: Black Sludge\n|upkeep\n|turn|4\n|\n|t:|1782433797\n|move|p1a: Gengar|Shadow Ball|p2a: Clodsire\n|-damage|p2a: Clodsire|63/100\n|move|p2a: Clodsire|Stealth Rock|p1a: Gengar\n|-sidestart|p1: salazzle stan|move: Stealth Rock\n|\n|-heal|p2a: Clodsire|69/100|[from] item: Black Sludge\n|upkeep\n|turn|5\n|\n|t:|1782433805\n|move|p1a: Gengar|Icy Wind|p2a: Clodsire\n|-supereffective|p2a: Clodsire\n|-damage|p2a: Clodsire|48/100\n|-unboost|p2a: Clodsire|spe|1\n|move|p2a: Clodsire|Earthquake|p1a: Gengar\n|-supereffective|p1a: Gengar\n|-damage|p1a: Gengar|2/100\n|\n|-heal|p2a: Clodsire|54/100|[from] item: Black Sludge\n|upkeep\n|turn|6\n|\n|t:|1782433813\n|move|p1a: Gengar|Shadow Ball|p2a: Clodsire\n|-damage|p2a: Clodsire|31/100\n|move|p2a: Clodsire|Recover|p2a: Clodsire\n|-heal|p2a: Clodsire|81/100\n|\n|-heal|p2a: Clodsire|87/100|[from] item: Black Sludge\n|upkeep\n|turn|7\n|\n|t:|1782433820\n|move|p1a: Gengar|Destiny Bond|p1a: Gengar\n|-singlemove|p1a: Gengar|Destiny Bond\n|move|p2a: Clodsire|Earthquake|p1a: Gengar\n|-supereffective|p1a: Gengar\n|-damage|p1a: Gengar|0 fnt\n|-start|p2a: Clodsire|Disable|Earthquake|[from] ability: Cursed Body|[of] p1a: Gengar\n|faint|p1a: Gengar\n|-activate|p1a: Gengar|move: Destiny Bond\n|faint|p2a: Clodsire\n|\n|upkeep\n|\n|t:|1782433831\n|switch|p1a: Grimmsnarl|Grimmsnarl, M|100/100\n|switch|p2a: Kleavor|Kleavor, M|100/100\n|-activate|p1a: Grimmsnarl|move: Sticky Web\n|-unboost|p1a: Grimmsnarl|spe|1\n|-damage|p1a: Grimmsnarl|88/100|[from] Stealth Rock\n|turn|8\n|\n|t:|1782433840\n|move|p1a: Grimmsnarl|Reflect|p1a: Grimmsnarl\n|-sidestart|p1: salazzle stan|Reflect\n|move|p2a: Kleavor|Trick|p1a: Grimmsnarl\n|-activate|p2a: Kleavor|move: Trick|[of] p1a: Grimmsnarl\n|-item|p1a: Grimmsnarl|Choice Specs|[from] move: Trick\n|-item|p2a: Kleavor|Light Clay|[from] move: Trick\n|\n|upkeep\n|turn|9\n|\n|t:|1782433852\n|move|p1a: Grimmsnarl|Thunder Wave|p2a: Kleavor\n|-status|p2a: Kleavor|par\n|move|p2a: Kleavor|Hyper Voice|p1a: Grimmsnarl\n|-damage|p1a: Grimmsnarl|50/100\n|\n|upkeep\n|turn|10\n|\n|t:|1782433865\n|switch|p1a: Rillaboom|Rillaboom, M|100/100\n|-activate|p1a: Rillaboom|move: Sticky Web\n|-unboost|p1a: Rillaboom|spe|1\n|-damage|p1a: Rillaboom|88/100|[from] Stealth Rock\n|-fieldstart|move: Grassy Terrain|[from] ability: Grassy Surge|[of] p1a: Rillaboom\n|move|p2a: Kleavor|Bitter Malice|p1a: Rillaboom\n|-damage|p1a: Rillaboom|42/100\n|-unboost|p1a: Rillaboom|atk|1\n|\n|-heal|p1a: Rillaboom|48/100|[from] Grassy Terrain\n|upkeep\n|turn|11\n|\n|t:|1782433879\n|move|p1a: Rillaboom|Grassy Glide|p2a: Kleavor\n|-damage|p2a: Kleavor|41/100 par\n|replace|p2a: Zoroark|Zoroark-Hisui, F\n|-end|p2a: Zoroark|Illusion\n|move|p2a: Zoroark|Hyper Voice|p1a: Rillaboom\n|-damage|p1a: Rillaboom|0 fnt\n|faint|p1a: Rillaboom\n|\n|-heal|p2a: Zoroark|47/100 par|[from] Grassy Terrain\n|upkeep\n|\n|t:|1782433890\n|switch|p1a: Grimmsnarl|Grimmsnarl, M|50/100\n|-activate|p1a: Grimmsnarl|move: Sticky Web\n|-unboost|p1a: Grimmsnarl|spe|1\n|-damage|p1a: Grimmsnarl|38/100|[from] Stealth Rock\n|turn|12\n|\n|t:|1782433900\n|move|p1a: Grimmsnarl|Light Screen|p1a: Grimmsnarl\n|-sidestart|p1: salazzle stan|move: Light Screen\n|move|p2a: Zoroark|Hyper Voice|p1a: Grimmsnarl\n|-damage|p1a: Grimmsnarl|15/100\n|\n|-heal|p2a: Zoroark|53/100 par|[from] Grassy Terrain\n|-heal|p1a: Grimmsnarl|21/100|[from] Grassy Terrain\n|upkeep\n|turn|13\n|\n|t:|1782433912\n|switch|p1a: Gardevoir|Gardevoir, M|100/100\n|-activate|p1a: Gardevoir|move: Sticky Web\n|-unboost|p1a: Gardevoir|spe|1\n|-damage|p1a: Gardevoir|88/100|[from] Stealth Rock\n|-enditem|p1a: Gardevoir|Grassy Seed\n|-boost|p1a: Gardevoir|def|1|[from] item: Grassy Seed\n|cant|p2a: Zoroark|par\n|\n|-heal|p2a: Zoroark|59/100 par|[from] Grassy Terrain\n|-heal|p1a: Gardevoir|94/100|[from] Grassy Terrain\n|upkeep\n|turn|14\n|\n|t:|1782433922\n|move|p2a: Zoroark|Bitter Malice|p1a: Gardevoir\n|-supereffective|p1a: Gardevoir\n|-damage|p1a: Gardevoir|60/100\n|-unboost|p1a: Gardevoir|atk|1\n|move|p1a: Gardevoir|Calm Mind|p1a: Gardevoir\n|-boost|p1a: Gardevoir|spa|1\n|-boost|p1a: Gardevoir|spd|1\n|\n|-heal|p2a: Zoroark|65/100 par|[from] Grassy Terrain\n|-heal|p1a: Gardevoir|66/100|[from] Grassy Terrain\n|upkeep\n|turn|15\n|\n|t:|1782433939\n|switch|p2a: Masquerain|Masquerain, M|48/100\n|-ability|p1a: Gardevoir|Intimidate|Trace|[from] ability: Trace|[of] p2a: Masquerain\n|-ability|p1a: Gardevoir|Intimidate|boost\n|-unboost|p2a: Masquerain|atk|1\n|-ability|p2a: Masquerain|Intimidate|boost\n|-unboost|p1a: Gardevoir|atk|1\n|move|p1a: Gardevoir|Draining Kiss|p2a: Masquerain\n|-damage|p2a: Masquerain|3/100\n|-heal|p1a: Gardevoir|94/100|[from] drain|[of] p2a: Masquerain\n|\n|-heal|p1a: Gardevoir|99/100|[from] Grassy Terrain\n|-sideend|p1: salazzle stan|Reflect\n|upkeep\n|turn|16\n|\n|t:|1782433950\n|move|p1a: Gardevoir|Vacuum Wave|p2a: Masquerain\n|-resisted|p2a: Masquerain\n|-damage|p2a: Masquerain|0 fnt\n|faint|p2a: Masquerain\n|\n|-heal|p1a: Gardevoir|100/100|[from] Grassy Terrain\n|-sideend|p1: salazzle stan|move: Light Screen\n|upkeep\n|\n|t:|1782433964\n|switch|p2a: Brambleghast|Brambleghast, M|100/100\n|turn|17\n|\n|t:|1782433971\n|-terastallize|p1a: Gardevoir|Steel\n|move|p2a: Brambleghast|Power Whip|p1a: Gardevoir\n|-resisted|p1a: Gardevoir\n|-damage|p1a: Gardevoir|72/100\n|move|p1a: Gardevoir|Calm Mind|p1a: Gardevoir\n|-boost|p1a: Gardevoir|spa|1\n|-boost|p1a: Gardevoir|spd|1\n|\n|-heal|p1a: Gardevoir|78/100|[from] Grassy Terrain\n|-fieldend|move: Grassy Terrain\n|upkeep\n|turn|18\n|\n|t:|1782433986\n|switch|p2a: Kleavor|Kleavor, M|35/100\n|move|p1a: Gardevoir|Draining Kiss|p2a: Kleavor\n|-damage|p2a: Kleavor|0 fnt\n|-heal|p1a: Gardevoir|99/100|[from] drain|[of] p2a: Kleavor\n|faint|p2a: Kleavor\n|\n|upkeep\n|\n|t:|1782433991\n|switch|p2a: Brambleghast|Brambleghast, M|65/100 par\n|turn|19\n|\n|t:|1782433998\n|-terastallize|p2a: Brambleghast|Fighting\n|move|p2a: Brambleghast|Focus Blast|p1a: Gardevoir\n|-supereffective|p1a: Gardevoir\n|-damage|p1a: Gardevoir|40/100\n|move|p1a: Gardevoir|Draining Kiss|p2a: Brambleghast\n|-supereffective|p2a: Brambleghast\n|-damage|p2a: Brambleghast|0 fnt\n|-heal|p1a: Gardevoir|75/100|[from] drain|[of] p2a: Brambleghast\n|replace|p2a: Zoroark|Zoroark-Hisui, F\n|-end|p2a: Zoroark|Illusion\n|faint|p2a: Zoroark\n|\n|upkeep\n|-message|Phanthom_Ex4 forfeited.\n|\n|win|salazzle stan\n|raw|salazzle stan's rating: 1381 &rarr; <strong>1403</strong><br />(+22 for winning)\n|raw|Phanthom_Ex4's rating: 1412 &rarr; <strong>1390</strong><br />(-22 for losing)\n|l|☆Phanthom_Ex4\n|player|p2|\n|l|☆salazzle stan\n|player|p1|\n", "uploadtime": 1782434323, "views": 17, "formatid": "gen9ou", "rating": 1390, "private": 0, "password": null}