{"id": "gen9ou-2639287687", "format": "[Gen 9] OU", "players": ["thepeakmons", "BuilderSamBon"], "log": "|j|☆thepeakmons\n|j|☆BuilderSamBon\n|t:|1782446329\n|gametype|singles\n|player|p1|thepeakmons|101|1324\n|player|p2|BuilderSamBon|benga|1394\n|gen|9\n|tier|[Gen 9] OU\n|rated|\n|rule|HP Percentage Mod: HP is shown in percentages\n|rule|Endless Battle Clause: Forcing endless battles is banned\n|rule|Species Clause: Limit one of each Pokémon\n|rule|OHKO Clause: OHKO moves are banned\n|rule|Evasion Items Clause: Evasion items are banned\n|rule|Evasion Moves Clause: Evasion moves are banned\n|rule|Evasion Abilities Clause: Evasion abilities are banned\n|rule|Sleep Moves Clause: Sleep-inducing moves are banned\n|clearpoke\n|poke|p1|Corviknight, F|\n|poke|p1|Ting-Lu|\n|poke|p1|Kyurem|\n|poke|p1|Dondozo, F|\n|poke|p1|Slowking-Galar, M|\n|poke|p1|Cinderace, M|\n|poke|p2|Ting-Lu|\n|poke|p2|Gholdengo|\n|poke|p2|Hydrapple, F|\n|poke|p2|Great Tusk|\n|poke|p2|Heatran, M|\n|poke|p2|Tornadus-Therian, M|\n|teampreview\n|inactive|Battle timer is ON: inactive players will automatically lose when time's up. (requested by thepeakmons)\n|\n|t:|1782446338\n|teamsize|p1|6\n|teamsize|p2|6\n|start\n|switch|p1a: Cinderace|Cinderace, M|100/100\n|switch|p2a: Ting-Lu|Ting-Lu|100/100\n|-ability|p2a: Ting-Lu|Vessel of Ruin\n|turn|1\n|\n|t:|1782446358\n|move|p1a: Cinderace|U-turn|p2a: Ting-Lu\n|-supereffective|p2a: Ting-Lu\n|-damage|p2a: Ting-Lu|84/100\n|\n|t:|1782446365\n|switch|p1a: Kyurem|Kyurem|100/100|[from] U-turn\n|-ability|p1a: Kyurem|Pressure\n|move|p2a: Ting-Lu|Ruination|p1a: Kyurem\n|-damage|p1a: Kyurem|50/100\n|\n|-heal|p1a: Kyurem|57/100|[from] item: Leftovers\n|-heal|p2a: Ting-Lu|90/100|[from] item: Leftovers\n|upkeep\n|turn|2\n|\n|t:|1782446385\n|move|p1a: Kyurem|Freeze-Dry|p2a: Ting-Lu\n|-supereffective|p2a: Ting-Lu\n|-damage|p2a: Ting-Lu|48/100\n|move|p2a: Ting-Lu|Whirlwind|p1a: Kyurem\n|drag|p1a: Ting-Lu|Ting-Lu|100/100\n|-ability|p1a: Ting-Lu|Vessel of Ruin\n|\n|-heal|p2a: Ting-Lu|54/100|[from] item: Leftovers\n|upkeep\n|turn|3\n|\n|t:|1782446395\n|switch|p1a: Kyurem|Kyurem|57/100\n|-ability|p1a: Kyurem|Pressure\n|move|p2a: Ting-Lu|Stealth Rock|p1a: Kyurem\n|-sidestart|p1: thepeakmons|move: Stealth Rock\n|\n|-heal|p1a: Kyurem|63/100|[from] item: Leftovers\n|-heal|p2a: Ting-Lu|60/100|[from] item: Leftovers\n|upkeep\n|turn|4\n|\n|t:|1782446407\n|switch|p2a: Tornadus|Tornadus-Therian, M|100/100\n|move|p1a: Kyurem|Freeze-Dry|p2a: Tornadus\n|-supereffective|p2a: Tornadus\n|-damage|p2a: Tornadus|46/100\n|-status|p2a: Tornadus|frz\n|\n|-heal|p1a: Kyurem|69/100|[from] item: Leftovers\n|upkeep\n|turn|5\n|\n|t:|1782446418\n|cant|p2a: Tornadus|frz\n|move|p1a: Kyurem|Earth Power|p2a: Tornadus\n|-immune|p2a: Tornadus\n|\n|-heal|p1a: Kyurem|75/100|[from] item: Leftovers\n|upkeep\n|turn|6\n|\n|t:|1782446439\n|switch|p2a: Gholdengo|Gholdengo|100/100\n|move|p1a: Kyurem|Freeze-Dry|p2a: Gholdengo\n|-resisted|p2a: Gholdengo\n|-damage|p2a: Gholdengo|83/100\n|\n|-heal|p1a: Kyurem|81/100|[from] item: Leftovers\n|upkeep\n|turn|7\n|\n|t:|1782446456\n|move|p1a: Kyurem|Earth Power|p2a: Gholdengo\n|-supereffective|p2a: Gholdengo\n|-damage|p2a: Gholdengo|21/100\n|move|p2a: Gholdengo|Thunder Wave|p1a: Kyurem|[miss]\n|-miss|p2a: Gholdengo|p1a: Kyurem\n|\n|-heal|p1a: Kyurem|88/100|[from] item: Leftovers\n|upkeep\n|turn|8\n|inactive|thepeakmons has 120 seconds left.\n|\n|t:|1782446487\n|switch|p2a: Tornadus|Tornadus-Therian, M|79/100 frz\n|move|p1a: Kyurem|Protect||[still]\n|-fail|p1a: Kyurem\n|\n|-heal|p1a: Kyurem|94/100|[from] item: Leftovers\n|upkeep\n|turn|9\n|inactive|thepeakmons has 120 seconds left.\n|\n|t:|1782446493\n|cant|p2a: Tornadus|frz\n|move|p1a: Kyurem|Freeze-Dry|p2a: Tornadus\n|-supereffective|p2a: Tornadus\n|-damage|p2a: Tornadus|16/100 frz\n|\n|-heal|p1a: Kyurem|99/100|[from] item: Leftovers\n|upkeep\n|turn|10\n|inactive|thepeakmons has 120 seconds left.\n|\n|t:|1782446506\n|cant|p2a: Tornadus|frz\n|move|p1a: Kyurem|Earth Power|p2a: Tornadus\n|-immune|p2a: Tornadus\n|\n|-heal|p1a: Kyurem|100/100|[from] item: Leftovers\n|upkeep\n|turn|11\n|\n|t:|1782446513\n|cant|p2a: Tornadus|frz\n|move|p1a: Kyurem|Freeze-Dry|p2a: Tornadus\n|-supereffective|p2a: Tornadus\n|-damage|p2a: Tornadus|0 fnt\n|faint|p2a: Tornadus\n|\n|upkeep\n|\n|t:|1782446543\n|switch|p2a: Ting-Lu|Ting-Lu|60/100\n|-ability|p2a: Ting-Lu|Vessel of Ruin\n|turn|12\n|\n|t:|1782446559\n|move|p1a: Kyurem|Freeze-Dry|p2a: Ting-Lu\n|-supereffective|p2a: Ting-Lu\n|-damage|p2a: Ting-Lu|20/100\n|move|p2a: Ting-Lu|Whirlwind|p1a: Kyurem\n|drag|p1a: Cinderace|Cinderace, M|100/100\n|\n|-heal|p2a: Ting-Lu|26/100|[from] item: Leftovers\n|upkeep\n|turn|13\n|\n|t:|1782446567\n|move|p1a: Cinderace|Pyro Ball|p2a: Ting-Lu\n|-damage|p2a: Ting-Lu|5/100\n|move|p2a: Ting-Lu|Stealth Rock||[still]\n|-fail|p2a: Ting-Lu\n|\n|-heal|p2a: Ting-Lu|11/100|[from] item: Leftovers\n|upkeep\n|turn|14\n|\n|t:|1782446579\n|switch|p2a: Heatran|Heatran, M|100/100\n|move|p1a: Cinderace|U-turn|p2a: Heatran\n|-resisted|p2a: Heatran\n|-damage|p2a: Heatran|97/100\n|\n|t:|1782446595\n|switch|p1a: Kyurem|Kyurem|100/100|[from] U-turn\n|-damage|p1a: Kyurem|75/100|[from] Stealth Rock\n|-ability|p1a: Kyurem|Pressure\n|\n|-heal|p1a: Kyurem|82/100|[from] item: Leftovers\n|-heal|p2a: Heatran|100/100|[from] item: Leftovers\n|upkeep\n|turn|15\n|\n|t:|1782446605\n|move|p1a: Kyurem|Earth Power|p2a: Heatran\n|-supereffective|p2a: Heatran\n|-damage|p2a: Heatran|24/100\n|move|p2a: Heatran|Magma Storm|p1a: Kyurem\n|-damage|p1a: Kyurem|39/100\n|-activate|p1a: Kyurem|move: Magma Storm|[of] p2a: Heatran\n|\n|-heal|p1a: Kyurem|46/100|[from] item: Leftovers\n|-heal|p2a: Heatran|30/100|[from] item: Leftovers\n|-damage|p1a: Kyurem|33/100|[from] move: Magma Storm|[partiallytrapped]\n|upkeep\n|turn|16\n|\n|t:|1782446615\n|move|p2a: Heatran|Protect|p2a: Heatran\n|-singleturn|p2a: Heatran|Protect\n|move|p1a: Kyurem|Earth Power|p2a: Heatran\n|-activate|p2a: Heatran|move: Protect\n|\n|-heal|p1a: Kyurem|39/100|[from] item: Leftovers\n|-heal|p2a: Heatran|36/100|[from] item: Leftovers\n|-damage|p1a: Kyurem|27/100|[from] move: Magma Storm|[partiallytrapped]\n|upkeep\n|turn|17\n|\n|t:|1782446633\n|switch|p2a: Hydrapple|Hydrapple, F|100/100\n|move|p1a: Kyurem|Earth Power|p2a: Hydrapple\n|-resisted|p2a: Hydrapple\n|-damage|p2a: Hydrapple|85/100\n|\n|-heal|p1a: Kyurem|33/100|[from] item: Leftovers\n|-end|p1a: Kyurem|Magma Storm|[partiallytrapped]|[silent]\n|upkeep\n|turn|18\n|\n|t:|1782446652\n|-terastallize|p2a: Hydrapple|Steel\n|move|p1a: Kyurem|Freeze-Dry|p2a: Hydrapple\n|-resisted|p2a: Hydrapple\n|-damage|p2a: Hydrapple|67/100\n|move|p2a: Hydrapple|Fickle Beam|p1a: Kyurem\n|-supereffective|p1a: Kyurem\n|-damage|p1a: Kyurem|0 fnt\n|faint|p1a: Kyurem\n|\n|upkeep\n|\n|t:|1782446674\n|switch|p1a: Cinderace|Cinderace, M|100/100\n|turn|19\n|\n|t:|1782446686\n|switch|p2a: Heatran|Heatran, M|36/100\n|move|p1a: Cinderace|Court Change|p1a: Cinderace\n|-swapsideconditions\n|-activate|p1a: Cinderace|move: Court Change\n|\n|-heal|p2a: Heatran|42/100|[from] item: Leftovers\n|upkeep\n|turn|20\n|\n|t:|1782446693\n|move|p1a: Cinderace|Pyro Ball|p2a: Heatran\n|-start|p2a: Heatran|ability: Flash Fire\n|move|p2a: Heatran|Magma Storm|p1a: Cinderace|[miss]\n|-miss|p2a: Heatran|p1a: Cinderace\n|\n|-heal|p2a: Heatran|49/100|[from] item: Leftovers\n|upkeep\n|turn|21\n|\n|t:|1782446700\n|switch|p1a: Ting-Lu|Ting-Lu|100/100\n|-ability|p1a: Ting-Lu|Vessel of Ruin\n|move|p2a: Heatran|Magma Storm|p1a: Ting-Lu\n|-damage|p1a: Ting-Lu|74/100\n|-activate|p1a: Ting-Lu|move: Magma Storm|[of] p2a: Heatran\n|\n|-heal|p2a: Heatran|55/100|[from] item: Leftovers\n|-heal|p1a: Ting-Lu|80/100|[from] item: Leftovers\n|-damage|p1a: Ting-Lu|67/100|[from] move: Magma Storm|[partiallytrapped]\n|upkeep\n|turn|22\n|\n|t:|1782446713\n|move|p2a: Heatran|Protect|p2a: Heatran\n|-singleturn|p2a: Heatran|Protect\n|move|p1a: Ting-Lu|Earthquake|p2a: Heatran\n|-activate|p2a: Heatran|move: Protect\n|\n|-heal|p2a: Heatran|61/100|[from] item: Leftovers\n|-heal|p1a: Ting-Lu|74/100|[from] item: Leftovers\n|-damage|p1a: Ting-Lu|61/100|[from] move: Magma Storm|[partiallytrapped]\n|upkeep\n|turn|23\n|\n|t:|1782446729\n|-end|p2a: Heatran|ability: Flash Fire|[silent]\n|switch|p2a: Great Tusk|Great Tusk|100/100\n|move|p1a: Ting-Lu|Earthquake|p2a: Great Tusk\n|-damage|p2a: Great Tusk|73/100\n|\n|-heal|p1a: Ting-Lu|67/100|[from] item: Leftovers\n|-end|p1a: Ting-Lu|Magma Storm|[partiallytrapped]|[silent]\n|upkeep\n|turn|24\n|\n|t:|1782446740\n|move|p2a: Great Tusk|Rapid Spin|p1a: Ting-Lu\n|-damage|p1a: Ting-Lu|58/100\n|-boost|p2a: Great Tusk|spe|1\n|-sideend|p2: BuilderSamBon|Stealth Rock|[from] move: Rapid Spin|[of] p2a: Great Tusk\n|move|p1a: Ting-Lu|Earthquake|p2a: Great Tusk\n|-damage|p2a: Great Tusk|44/100\n|\n|-heal|p1a: Ting-Lu|64/100|[from] item: Leftovers\n|upkeep\n|turn|25\n|\n|t:|1782446754\n|switch|p1a: Corviknight|Corviknight, F|100/100\n|-ability|p1a: Corviknight|Pressure\n|move|p2a: Great Tusk|Headlong Rush|p1a: Corviknight\n|-immune|p1a: Corviknight\n|\n|upkeep\n|turn|26\n|\n|t:|1782446771\n|-end|p2a: Great Tusk|Protosynthesis|[silent]\n|switch|p2a: Heatran|Heatran, M|61/100\n|move|p1a: Corviknight|U-turn|p2a: Heatran\n|-resisted|p2a: Heatran\n|-damage|p2a: Heatran|58/100\n|\n|t:|1782446789\n|switch|p1a: Ting-Lu|Ting-Lu|64/100|[from] U-turn\n|-ability|p1a: Ting-Lu|Vessel of Ruin\n|\n|-heal|p2a: Heatran|64/100|[from] item: Leftovers\n|-heal|p1a: Ting-Lu|70/100|[from] item: Leftovers\n|upkeep\n|turn|27\n|inactive|thepeakmons has 120 seconds left.\n|\n|t:|1782446807\n|move|p2a: Heatran|Protect|p2a: Heatran\n|-singleturn|p2a: Heatran|Protect\n|move|p1a: Ting-Lu|Payback|p2a: Heatran\n|-activate|p2a: Heatran|move: Protect\n|\n|-heal|p2a: Heatran|70/100|[from] item: Leftovers\n|-heal|p1a: Ting-Lu|77/100|[from] item: Leftovers\n|upkeep\n|turn|28\n|\n|t:|1782446814\n|move|p2a: Heatran|Will-O-Wisp|p1a: Ting-Lu\n|-status|p1a: Ting-Lu|brn\n|move|p1a: Ting-Lu|Earthquake|p2a: Heatran\n|-supereffective|p2a: Heatran\n|-damage|p2a: Heatran|10/100\n|\n|-heal|p2a: Heatran|16/100|[from] item: Leftovers\n|-heal|p1a: Ting-Lu|83/100 brn|[from] item: Leftovers\n|-damage|p1a: Ting-Lu|77/100 brn|[from] brn\n|upkeep\n|turn|29\n|\n|t:|1782446823\n|move|p2a: Heatran|Protect|p2a: Heatran\n|-singleturn|p2a: Heatran|Protect\n|move|p1a: Ting-Lu|Rest|p1a: Ting-Lu\n|-status|p1a: Ting-Lu|slp|[from] move: Rest\n|-heal|p1a: Ting-Lu|100/100 slp|[silent]\n|\n|-heal|p2a: Heatran|22/100|[from] item: Leftovers\n|upkeep\n|turn|30\n|\n|t:|1782446835\n|switch|p2a: Gholdengo|Gholdengo|21/100\n|cant|p1a: Ting-Lu|slp\n|move|p1a: Ting-Lu|Sleep Talk|p1a: Ting-Lu\n|move|p1a: Ting-Lu|Rest||[from] move: Sleep Talk|[still]\n|-fail|p1a: Ting-Lu\n|\n|upkeep\n|turn|31\n|\n|t:|1782446847\n|move|p2a: Gholdengo|Recover|p2a: Gholdengo\n|-heal|p2a: Gholdengo|71/100\n|cant|p1a: Ting-Lu|slp\n|move|p1a: Ting-Lu|Sleep Talk|p1a: Ting-Lu\n|move|p1a: Ting-Lu|Earthquake|p2a: Gholdengo|[from] move: Sleep Talk\n|-supereffective|p2a: Gholdengo\n|-damage|p2a: Gholdengo|21/100\n|\n|upkeep\n|turn|32\n|\n|t:|1782446867\n|move|p2a: Gholdengo|Recover|p2a: Gholdengo\n|-heal|p2a: Gholdengo|71/100\n|-curestatus|p1a: Ting-Lu|slp|[msg]\n|move|p1a: Ting-Lu|Earthquake|p2a: Gholdengo\n|-supereffective|p2a: Gholdengo\n|-damage|p2a: Gholdengo|19/100\n|\n|upkeep\n|turn|33\n|\n|t:|1782446896\n|move|p2a: Gholdengo|Recover|p2a: Gholdengo\n|-heal|p2a: Gholdengo|69/100\n|move|p1a: Ting-Lu|Earthquake|p2a: Gholdengo\n|-supereffective|p2a: Gholdengo\n|-damage|p2a: Gholdengo|17/100\n|\n|upkeep\n|turn|34\n|\n|t:|1782446905\n|switch|p2a: Great Tusk|Great Tusk|44/100\n|move|p1a: Ting-Lu|Payback|p2a: Great Tusk\n|-resisted|p2a: Great Tusk\n|-damage|p2a: Great Tusk|38/100\n|\n|upkeep\n|turn|35\n|\n|t:|1782446917\n|move|p2a: Great Tusk|Knock Off|p1a: Ting-Lu\n|-resisted|p1a: Ting-Lu\n|-damage|p1a: Ting-Lu|91/100\n|-enditem|p1a: Ting-Lu|Leftovers|[from] move: Knock Off|[of] p2a: Great Tusk\n|move|p1a: Ting-Lu|Earthquake|p2a: Great Tusk\n|-damage|p2a: Great Tusk|13/100\n|\n|upkeep\n|turn|36\n|\n|t:|1782446930\n|move|p2a: Great Tusk|Headlong Rush|p1a: Ting-Lu\n|-damage|p1a: Ting-Lu|55/100\n|-unboost|p2a: Great Tusk|def|1\n|-unboost|p2a: Great Tusk|spd|1\n|move|p1a: Ting-Lu|Payback|p2a: Great Tusk\n|-resisted|p2a: Great Tusk\n|-damage|p2a: Great Tusk|0 fnt\n|faint|p2a: Great Tusk\n|-end|p2a: Great Tusk|Protosynthesis|[silent]\n|\n|upkeep\n|\n|t:|1782446939\n|switch|p2a: Hydrapple|Hydrapple, F, tera:Steel|99/100\n|turn|37\n|\n|t:|1782446950\n|move|p1a: Ting-Lu|Rest|p1a: Ting-Lu\n|-status|p1a: Ting-Lu|slp|[from] move: Rest\n|-heal|p1a: Ting-Lu|100/100 slp|[silent]\n|move|p2a: Hydrapple|Giga Drain|p1a: Ting-Lu\n|-supereffective|p1a: Ting-Lu\n|-damage|p1a: Ting-Lu|69/100 slp\n|-heal|p2a: Hydrapple|100/100|[from] drain|[of] p1a: Ting-Lu\n|\n|upkeep\n|turn|38\n|\n|t:|1782446958\n|cant|p1a: Ting-Lu|slp\n|move|p1a: Ting-Lu|Sleep Talk|p1a: Ting-Lu\n|move|p1a: Ting-Lu|Rest||[from] move: Sleep Talk|[still]\n|-fail|p1a: Ting-Lu\n|move|p2a: Hydrapple|Nasty Plot|p2a: Hydrapple\n|-boost|p2a: Hydrapple|spa|2\n|\n|upkeep\n|turn|39\n|\n|t:|1782446966\n|cant|p1a: Ting-Lu|slp\n|move|p1a: Ting-Lu|Sleep Talk|p1a: Ting-Lu\n|move|p1a: Ting-Lu|Rest||[from] move: Sleep Talk|[still]\n|-fail|p1a: Ting-Lu\n|move|p2a: Hydrapple|Fickle Beam|p1a: Ting-Lu|[anim] Fickle Beam All Out\n|-activate|p2a: Hydrapple|move: Fickle Beam\n|-damage|p1a: Ting-Lu|0 fnt\n|faint|p1a: Ting-Lu\n|\n|upkeep\n|\n|t:|1782446984\n|switch|p1a: Cinderace|Cinderace, M|100/100\n|turn|40\n|\n|t:|1782447002\n|move|p1a: Cinderace|Pyro Ball|p2a: Hydrapple\n|-supereffective|p2a: Hydrapple\n|-damage|p2a: Hydrapple|32/100\n|move|p2a: Hydrapple|Earth Power|p1a: Cinderace\n|-supereffective|p1a: Cinderace\n|-damage|p1a: Cinderace|0 fnt\n|faint|p1a: Cinderace\n|\n|upkeep\n|\n|t:|1782447011\n|switch|p1a: Corviknight|Corviknight, F|100/100\n|-ability|p1a: Corviknight|Pressure\n|turn|41\n|\n|t:|1782447021\n|switch|p2a: Heatran|Heatran, M|22/100\n|move|p1a: Corviknight|Brave Bird|p2a: Heatran\n|-resisted|p2a: Heatran\n|-damage|p2a: Heatran|7/100\n|-damage|p1a: Corviknight|96/100|[from] Recoil\n|\n|-heal|p2a: Heatran|13/100|[from] item: Leftovers\n|upkeep\n|turn|42\n|\n|t:|1782447037\n|switch|p1a: Slowking|Slowking-Galar, M|100/100\n|move|p2a: Heatran|Will-O-Wisp|p1a: Slowking\n|-status|p1a: Slowking|brn\n|\n|-heal|p2a: Heatran|19/100|[from] item: Leftovers\n|-damage|p1a: Slowking|94/100 brn|[from] brn\n|upkeep\n|turn|43\n|\n|t:|1782447054\n|switch|p1a: Dondozo|Dondozo, F|100/100\n|move|p2a: Heatran|Earth Power|p1a: Dondozo\n|-damage|p1a: Dondozo|84/100\n|\n|-heal|p2a: Heatran|26/100|[from] item: Leftovers\n|-heal|p1a: Dondozo|90/100|[from] item: Leftovers\n|upkeep\n|turn|44\n|\n|t:|1782447068\n|move|p2a: Heatran|Will-O-Wisp|p1a: Dondozo\n|-status|p1a: Dondozo|brn\n|move|p1a: Dondozo|Waterfall|p2a: Heatran\n|-supereffective|p2a: Heatran\n|-damage|p2a: Heatran|1/100\n|\n|-heal|p2a: Heatran|7/100|[from] item: Leftovers\n|-heal|p1a: Dondozo|97/100 brn|[from] item: Leftovers\n|-damage|p1a: Dondozo|90/100 brn|[from] brn\n|upkeep\n|turn|45\n|\n|t:|1782447081\n|switch|p2a: Hydrapple|Hydrapple, F, tera:Steel|65/100\n|move|p1a: Dondozo|Body Press|p2a: Hydrapple\n|-supereffective|p2a: Hydrapple\n|-damage|p2a: Hydrapple|49/100\n|\n|-heal|p1a: Dondozo|97/100 brn|[from] item: Leftovers\n|-damage|p1a: Dondozo|90/100 brn|[from] brn\n|upkeep\n|turn|46\n|\n|t:|1782447099\n|move|p2a: Hydrapple|Giga Drain|p1a: Dondozo\n|-supereffective|p1a: Dondozo\n|-damage|p1a: Dondozo|36/100 brn\n|-heal|p2a: Hydrapple|82/100|[from] drain|[of] p1a: Dondozo\n|move|p1a: Dondozo|Body Press|p2a: Hydrapple\n|-supereffective|p2a: Hydrapple\n|-damage|p2a: Hydrapple|67/100\n|\n|-heal|p1a: Dondozo|42/100 brn|[from] item: Leftovers\n|-damage|p1a: Dondozo|36/100 brn|[from] brn\n|upkeep\n|turn|47\n|\n|t:|1782447116\n|switch|p2a: Gholdengo|Gholdengo|17/100\n|switch|p1a: Corviknight|Corviknight, F|96/100\n|-ability|p1a: Corviknight|Pressure\n|\n|upkeep\n|turn|48\n|\n|t:|1782447123\n|move|p2a: Gholdengo|Recover|p2a: Gholdengo\n|-heal|p2a: Gholdengo|67/100\n|move|p1a: Corviknight|U-turn|p2a: Gholdengo\n|-resisted|p2a: Gholdengo\n|-crit|p2a: Gholdengo\n|-damage|p2a: Gholdengo|63/100\n|\n|t:|1782447134\n|switch|p1a: Dondozo|Dondozo, F|36/100 brn|[from] U-turn\n|\n|-heal|p1a: Dondozo|42/100 brn|[from] item: Leftovers\n|-damage|p1a: Dondozo|36/100 brn|[from] brn\n|upkeep\n|turn|49\n|\n|t:|1782447141\n|move|p2a: Gholdengo|Hex|p1a: Dondozo\n|-damage|p1a: Dondozo|0 fnt\n|faint|p1a: Dondozo\n|\n|upkeep\n|inactive|thepeakmons has 120 seconds left.\n|\n|t:|1782447157\n|switch|p1a: Corviknight|Corviknight, F|96/100\n|-ability|p1a: Corviknight|Pressure\n|turn|50\n|inactive|thepeakmons has 120 seconds left.\n|\n|t:|1782447169\n|switch|p2a: Ting-Lu|Ting-Lu|11/100\n|-ability|p2a: Ting-Lu|Vessel of Ruin\n|move|p1a: Corviknight|Brave Bird|p2a: Ting-Lu\n|-damage|p2a: Ting-Lu|0 fnt\n|faint|p2a: Ting-Lu\n|-damage|p1a: Corviknight|91/100|[from] Recoil\n|\n|upkeep\n|\n|t:|1782447194\n|switch|p2a: Heatran|Heatran, M|7/100\n|turn|51\n|inactive|thepeakmons has 120 seconds left.\n|\n|t:|1782447213\n|switch|p1a: Slowking|Slowking-Galar, M|100/100 brn\n|move|p2a: Heatran|Will-O-Wisp|p1a: Slowking|[miss]\n|-miss|p2a: Heatran|p1a: Slowking\n|\n|-heal|p2a: Heatran|13/100|[from] item: Leftovers\n|-damage|p1a: Slowking|94/100 brn|[from] brn\n|upkeep\n|turn|52\n|\n|t:|1782447222\n|move|p2a: Heatran|Earth Power|p1a: Slowking\n|-supereffective|p1a: Slowking\n|-enditem|p1a: Slowking|Shuca Berry|[eat]\n|-enditem|p1a: Slowking|Shuca Berry|[weaken]\n|-damage|p1a: Slowking|74/100 brn\n|move|p1a: Slowking|Ice Beam|p2a: Heatran\n|-resisted|p2a: Heatran\n|-damage|p2a: Heatran|10/100\n|\n|-heal|p2a: Heatran|16/100|[from] item: Leftovers\n|-damage|p1a: Slowking|68/100 brn|[from] brn\n|upkeep\n|turn|53\n|inactive|thepeakmons has 120 seconds left.\n|\n|t:|1782447237\n|move|p2a: Heatran|Magma Storm|p1a: Slowking\n|-crit|p1a: Slowking\n|-damage|p1a: Slowking|12/100 brn\n|-activate|p1a: Slowking|move: Magma Storm|[of] p2a: Heatran\n|move|p1a: Slowking|Ice Beam|p2a: Heatran\n|-resisted|p2a: Heatran\n|-damage|p2a: Heatran|13/100\n|\n|-heal|p2a: Heatran|19/100|[from] item: Leftovers\n|-damage|p1a: Slowking|6/100 brn|[from] brn\n|-damage|p1a: Slowking|0 fnt|[from] move: Magma Storm|[partiallytrapped]\n|faint|p1a: Slowking\n|upkeep\n|inactive|thepeakmons has 120 seconds left.\n|\n|t:|1782447245\n|switch|p1a: Corviknight|Corviknight, F|91/100\n|-ability|p1a: Corviknight|Pressure\n|turn|54\n|\n|t:|1782447254\n|move|p2a: Heatran|Protect|p2a: Heatran\n|-singleturn|p2a: Heatran|Protect\n|move|p1a: Corviknight|Roost|p1a: Corviknight\n|-heal|p1a: Corviknight|100/100\n|-singleturn|p1a: Corviknight|move: Roost\n|\n|-heal|p2a: Heatran|25/100|[from] item: Leftovers\n|upkeep\n|turn|55\n|\n|t:|1782447266\n|move|p2a: Heatran|Will-O-Wisp|p1a: Corviknight\n|-status|p1a: Corviknight|brn\n|move|p1a: Corviknight|Brave Bird|p2a: Heatran\n|-resisted|p2a: Heatran\n|-damage|p2a: Heatran|17/100\n|-damage|p1a: Corviknight|98/100 brn|[from] Recoil\n|\n|-heal|p2a: Heatran|23/100|[from] item: Leftovers\n|-damage|p1a: Corviknight|92/100 brn|[from] brn\n|upkeep\n|turn|56\n|\n|t:|1782447278\n|move|p2a: Heatran|Magma Storm|p1a: Corviknight\n|-supereffective|p1a: Corviknight\n|-damage|p1a: Corviknight|12/100 brn\n|-activate|p1a: Corviknight|move: Magma Storm|[of] p2a: Heatran\n|move|p1a: Corviknight|Brave Bird|p2a: Heatran\n|-resisted|p2a: Heatran\n|-damage|p2a: Heatran|15/100\n|-damage|p1a: Corviknight|9/100 brn|[from] Recoil\n|\n|-heal|p2a: Heatran|21/100|[from] item: Leftovers\n|-damage|p1a: Corviknight|3/100 brn|[from] brn\n|-damage|p1a: Corviknight|0 fnt|[from] move: Magma Storm|[partiallytrapped]\n|faint|p1a: Corviknight\n|\n|win|BuilderSamBon\n|raw|thepeakmons's rating: 1361 &rarr; <strong>1343</strong><br />(-18 for losing)\n|raw|BuilderSamBon's rating: 1394 &rarr; <strong>1412</strong><br />(+18 for winning)\n|l|☆BuilderSamBon\n|player|p2|\n|l|☆thepeakmons\n|player|p1|\n", "uploadtime": 1782447279, "views": 13, "formatid": "gen9ou", "rating": 1343, "private": 0, "password": null}