{"id": "gen9ou-2639248833", "format": "[Gen 9] OU", "players": ["FairyManiac0108", "oldBank"], "log": "|j|☆FairyManiac0108\n|j|☆oldBank\n|t:|1782440241\n|gametype|singles\n|player|p1|FairyManiac0108|aromalady|1271\n|player|p2|oldBank|170|1221\n|gen|9\n|tier|[Gen 9] OU\n|rated|\n|rule|HP Percentage Mod: HP is shown in percentages\n|rule|Endless Battle Clause: Forcing endless battles is banned\n|rule|Species Clause: Limit one of each Pokémon\n|rule|OHKO Clause: OHKO moves are banned\n|rule|Evasion Items Clause: Evasion items are banned\n|rule|Evasion Moves Clause: Evasion moves are banned\n|rule|Evasion Abilities Clause: Evasion abilities are banned\n|rule|Sleep Moves Clause: Sleep-inducing moves are banned\n|clearpoke\n|poke|p1|Weezing-Galar, M|\n|poke|p1|Vileplume, M|\n|poke|p1|Seviper, L1, F|\n|poke|p1|Glimmora, M|\n|poke|p1|Gengar, M|\n|poke|p1|Muk-Alola, F|\n|poke|p2|Heatran, M|\n|poke|p2|Samurott-Hisui, F|\n|poke|p2|Iron Valiant|\n|poke|p2|Conkeldurr, M|\n|poke|p2|Sceptile, F|\n|poke|p2|Dragonite, F|\n|teampreview\n|\n|t:|1782440262\n|teamsize|p1|6\n|teamsize|p2|6\n|start\n|switch|p1a: Glimmora|Glimmora, M|100/100\n|switch|p2a: Heatran|Heatran, M|100/100\n|-item|p1a: Glimmora|Air Balloon\n|-item|p2a: Heatran|Air Balloon\n|turn|1\n|\n|t:|1782440270\n|move|p1a: Glimmora|Power Gem|p2a: Heatran\n|-damage|p2a: Heatran|63/100\n|-enditem|p2a: Heatran|Air Balloon\n|move|p2a: Heatran|Flash Cannon|p1a: Glimmora\n|-supereffective|p1a: Glimmora\n|-damage|p1a: Glimmora|0 fnt\n|-enditem|p1a: Glimmora|Air Balloon\n|faint|p1a: Glimmora\n|\n|upkeep\n|\n|t:|1782440281\n|switch|p1a: Muk|Muk-Alola, F|100/100\n|turn|2\n|\n|t:|1782440288\n|move|p2a: Heatran|Lava Plume|p1a: Muk\n|-damage|p1a: Muk|75/100\n|move|p1a: Muk|Drain Punch|p2a: Heatran\n|-supereffective|p2a: Heatran\n|-damage|p2a: Heatran|25/100\n|-heal|p1a: Muk|93/100|[from] drain|[of] p2a: Heatran\n|\n|upkeep\n|turn|3\n|\n|t:|1782440295\n|move|p2a: Heatran|Lava Plume|p1a: Muk\n|-damage|p1a: Muk|69/100\n|move|p1a: Muk|Knock Off|p2a: Heatran\n|-damage|p2a: Heatran|0 fnt\n|faint|p2a: Heatran\n|\n|upkeep\n|\n|t:|1782440302\n|switch|p2a: Samurott|Samurott-Hisui, F|100/100\n|turn|4\n|\n|t:|1782440306\n|switch|p1a: Weezing|Weezing-Galar, M|100/100\n|move|p2a: Samurott|Ceaseless Edge|p1a: Weezing|[miss]\n|-miss|p2a: Samurott|p1a: Weezing\n|\n|upkeep\n|turn|5\n|\n|t:|1782440309\n|move|p2a: Samurott|Ceaseless Edge|p1a: Weezing\n|-resisted|p1a: Weezing\n|-damage|p1a: Weezing|82/100\n|-damage|p2a: Samurott|84/100|[from] item: Rocky Helmet|[of] p1a: Weezing\n|-sidestart|p1: FairyManiac0108|Spikes\n|move|p1a: Weezing|Will-O-Wisp|p2a: Samurott\n|-status|p2a: Samurott|brn\n|\n|-damage|p2a: Samurott|78/100 brn|[from] brn\n|upkeep\n|turn|6\n|\n|t:|1782440312\n|move|p2a: Samurott|Ceaseless Edge|p1a: Weezing\n|-resisted|p1a: Weezing\n|-damage|p1a: Weezing|73/100\n|-damage|p2a: Samurott|61/100 brn|[from] item: Rocky Helmet|[of] p1a: Weezing\n|-sidestart|p1: FairyManiac0108|Spikes\n|move|p1a: Weezing|Strange Steam|p2a: Samurott\n|-supereffective|p2a: Samurott\n|-damage|p2a: Samurott|0 fnt\n|faint|p2a: Samurott\n|\n|upkeep\n|\n|t:|1782440321\n|switch|p2a: Dragonite|Dragonite, F|100/100\n|turn|7\n|\n|t:|1782440332\n|move|p2a: Dragonite|Dragon Dance|p2a: Dragonite\n|-boost|p2a: Dragonite|atk|1\n|-boost|p2a: Dragonite|spe|1\n|move|p1a: Weezing|Will-O-Wisp|p2a: Dragonite|[miss]\n|-miss|p1a: Weezing|p2a: Dragonite\n|\n|upkeep\n|turn|8\n|\n|t:|1782440337\n|move|p2a: Dragonite|Thunder Punch|p1a: Weezing\n|-damage|p1a: Weezing|40/100\n|-damage|p2a: Dragonite|84/100|[from] item: Rocky Helmet|[of] p1a: Weezing\n|move|p1a: Weezing|Will-O-Wisp|p2a: Dragonite\n|-status|p2a: Dragonite|brn\n|-enditem|p2a: Dragonite|Lum Berry|[eat]\n|-curestatus|p2a: Dragonite|brn|[msg]\n|\n|upkeep\n|turn|9\n|\n|t:|1782440346\n|-terastallize|p2a: Dragonite|Normal\n|move|p2a: Dragonite|Extreme Speed|p1a: Weezing\n|-damage|p1a: Weezing|0 fnt\n|-damage|p2a: Dragonite|68/100|[from] item: Rocky Helmet|[of] p1a: Weezing\n|faint|p1a: Weezing\n|\n|upkeep\n|\n|t:|1782440361\n|switch|p1a: Gengar|Gengar, M|100/100\n|-damage|p1a: Gengar|84/100|[from] Spikes\n|turn|10\n|\n|t:|1782440365\n|move|p1a: Gengar|Destiny Bond|p1a: Gengar\n|-singlemove|p1a: Gengar|Destiny Bond\n|move|p2a: Dragonite|Dragon Claw|p1a: Gengar\n|-damage|p1a: Gengar|0 fnt\n|faint|p1a: Gengar\n|-activate|p1a: Gengar|move: Destiny Bond\n|faint|p2a: Dragonite\n|\n|upkeep\n|\n|t:|1782440377\n|switch|p1a: Vileplume|Vileplume, M|100/100\n|switch|p2a: Iron Valiant|Iron Valiant|100/100\n|-damage|p1a: Vileplume|84/100|[from] Spikes\n|-enditem|p2a: Iron Valiant|Booster Energy\n|-activate|p2a: Iron Valiant|ability: Quark Drive|[fromitem]\n|-start|p2a: Iron Valiant|quarkdrivespe\n|turn|11\n|\n|t:|1782440384\n|move|p2a: Iron Valiant|Icy Wind|p1a: Vileplume\n|-supereffective|p1a: Vileplume\n|-damage|p1a: Vileplume|44/100\n|-unboost|p1a: Vileplume|spe|1\n|move|p1a: Vileplume|Sludge Wave|p2a: Iron Valiant\n|-supereffective|p2a: Iron Valiant\n|-damage|p2a: Iron Valiant|0 fnt\n|faint|p2a: Iron Valiant\n|-end|p2a: Iron Valiant|Quark Drive|[silent]\n|\n|-heal|p1a: Vileplume|50/100|[from] item: Leftovers\n|upkeep\n|\n|t:|1782440393\n|switch|p2a: Conkeldurr|Conkeldurr, M|100/100\n|turn|12\n|\n|t:|1782440399\n|move|p2a: Conkeldurr|Ice Punch|p1a: Vileplume\n|-supereffective|p1a: Vileplume\n|-damage|p1a: Vileplume|3/100\n|move|p1a: Vileplume|Strength Sap|p2a: Conkeldurr\n|-unboost|p2a: Conkeldurr|atk|1\n|-heal|p1a: Vileplume|100/100\n|\n|-status|p2a: Conkeldurr|brn|[from] item: Flame Orb\n|upkeep\n|turn|13\n|\n|t:|1782440406\n|switch|p2a: Sceptile|Sceptile, F|100/100\n|-terastallize|p1a: Vileplume|Water\n|move|p1a: Vileplume|Leech Seed|p2a: Sceptile\n|-immune|p2a: Sceptile\n|\n|upkeep\n|turn|14\n|\n|t:|1782440410\n|switch|p1a: Seviper|Seviper, L1, F|100/100\n|-damage|p1a: Seviper|84/100|[from] Spikes\n|move|p2a: Sceptile|Giga Drain|p1a: Seviper\n|-resisted|p1a: Seviper\n|-damage|p1a: Seviper|0 fnt\n|faint|p1a: Seviper\n|\n|upkeep\n|\n|t:|1782440412\n|switch|p1a: Muk|Muk-Alola, F|69/100\n|-damage|p1a: Muk|52/100|[from] Spikes\n|turn|15\n|\n|t:|1782440423\n|switch|p2a: Conkeldurr|Conkeldurr, M|100/100 brn\n|move|p1a: Muk|Poison Jab|p2a: Conkeldurr\n|-damage|p2a: Conkeldurr|65/100 brn\n|\n|-damage|p2a: Conkeldurr|59/100 brn|[from] brn\n|upkeep\n|turn|16\n|\n|t:|1782440431\n|switch|p1a: Vileplume|Vileplume, M, tera:Water|100/100\n|-damage|p1a: Vileplume|84/100|[from] Spikes\n|move|p2a: Conkeldurr|Drain Punch|p1a: Vileplume\n|-damage|p1a: Vileplume|36/100\n|-heal|p2a: Conkeldurr|80/100 brn|[from] drain|[of] p1a: Vileplume\n|\n|-heal|p1a: Vileplume|42/100|[from] item: Leftovers\n|-damage|p2a: Conkeldurr|74/100 brn|[from] brn\n|upkeep\n|turn|17\n|\n|t:|1782440443\n|move|p1a: Vileplume|Strength Sap|p2a: Conkeldurr\n|-unboost|p2a: Conkeldurr|atk|1\n|-heal|p1a: Vileplume|100/100\n|move|p2a: Conkeldurr|Drain Punch|p1a: Vileplume\n|-damage|p1a: Vileplume|67/100\n|-heal|p2a: Conkeldurr|89/100 brn|[from] drain|[of] p1a: Vileplume\n|\n|-heal|p1a: Vileplume|73/100|[from] item: Leftovers\n|-damage|p2a: Conkeldurr|83/100 brn|[from] brn\n|upkeep\n|turn|18\n|\n|t:|1782440448\n|move|p1a: Vileplume|Sludge Wave|p2a: Conkeldurr\n|-damage|p2a: Conkeldurr|39/100 brn\n|move|p2a: Conkeldurr|Knock Off|p1a: Vileplume\n|-damage|p1a: Vileplume|44/100\n|-enditem|p1a: Vileplume|Leftovers|[from] move: Knock Off|[of] p2a: Conkeldurr\n|\n|-damage|p2a: Conkeldurr|33/100 brn|[from] brn\n|upkeep\n|turn|19\n|\n|t:|1782440460\n|move|p1a: Vileplume|Strength Sap|p2a: Conkeldurr\n|-unboost|p2a: Conkeldurr|atk|1\n|-heal|p1a: Vileplume|100/100\n|move|p2a: Conkeldurr|Drain Punch|p1a: Vileplume\n|-damage|p1a: Vileplume|76/100\n|-heal|p2a: Conkeldurr|44/100 brn|[from] drain|[of] p1a: Vileplume\n|\n|-damage|p2a: Conkeldurr|38/100 brn|[from] brn\n|upkeep\n|turn|20\n|\n|t:|1782440464\n|move|p1a: Vileplume|Leech Seed|p2a: Conkeldurr\n|-start|p2a: Conkeldurr|move: Leech Seed\n|move|p2a: Conkeldurr|Ice Punch|p1a: Vileplume\n|-resisted|p1a: Vileplume\n|-damage|p1a: Vileplume|67/100\n|\n|-damage|p2a: Conkeldurr|25/100 brn|[from] Leech Seed|[of] p1a: Vileplume\n|-heal|p1a: Vileplume|82/100|[silent]\n|-damage|p2a: Conkeldurr|19/100 brn|[from] brn\n|upkeep\n|turn|21\n|\n|t:|1782440471\n|move|p1a: Vileplume|Sludge Wave|p2a: Conkeldurr\n|-damage|p2a: Conkeldurr|0 fnt\n|faint|p2a: Conkeldurr\n|\n|upkeep\n|\n|t:|1782440473\n|switch|p2a: Sceptile|Sceptile, F|100/100\n|turn|22\n|\n|t:|1782440476\n|move|p2a: Sceptile|Giga Drain|p1a: Vileplume\n|-supereffective|p1a: Vileplume\n|-damage|p1a: Vileplume|10/100\n|move|p1a: Vileplume|Sludge Wave|p2a: Sceptile\n|-supereffective|p2a: Sceptile\n|-crit|p2a: Sceptile\n|-enditem|p2a: Sceptile|Focus Sash\n|-damage|p2a: Sceptile|1/100\n|\n|upkeep\n|turn|23\n|\n|t:|1782440481\n|move|p2a: Sceptile|Giga Drain|p1a: Vileplume\n|-supereffective|p1a: Vileplume\n|-damage|p1a: Vileplume|0 fnt\n|-heal|p2a: Sceptile|7/100|[from] drain|[of] p1a: Vileplume\n|faint|p1a: Vileplume\n|\n|upkeep\n|\n|t:|1782440483\n|switch|p1a: Muk|Muk-Alola, F|52/100\n|-damage|p1a: Muk|36/100|[from] Spikes\n|turn|24\n|\n|t:|1782440491\n|move|p1a: Muk|Shadow Sneak|p2a: Sceptile\n|-damage|p2a: Sceptile|0 fnt\n|faint|p2a: Sceptile\n|\n|win|FairyManiac0108\n|raw|FairyManiac0108's rating: 1271 &rarr; <strong>1292</strong><br />(+21 for winning)\n|raw|oldBank's rating: 1221 &rarr; <strong>1200</strong><br />(-21 for losing)\n|l|☆oldBank\n|player|p2|\n|l|☆FairyManiac0108\n|player|p1|\n", "uploadtime": 1782440850, "views": 9, "formatid": "gen9ou", "rating": 1200, "private": 0, "password": null}