{"id": "gen9ou-2639252089", "format": "[Gen 9] OU", "players": ["fivetomatoes", "Pig Perfect"], "log": "|j|☆fivetomatoes\n|j|☆Pig Perfect\n|t:|1782440718\n|gametype|singles\n|player|p1|fivetomatoes|169|1667\n|player|p2|Pig Perfect|workerice|1639\n|gen|9\n|tier|[Gen 9] OU\n|rated|\n|rule|HP Percentage Mod: HP is shown in percentages\n|rule|Endless Battle Clause: Forcing endless battles is banned\n|rule|Species Clause: Limit one of each Pokémon\n|rule|OHKO Clause: OHKO moves are banned\n|rule|Evasion Items Clause: Evasion items are banned\n|rule|Evasion Moves Clause: Evasion moves are banned\n|rule|Evasion Abilities Clause: Evasion abilities are banned\n|rule|Sleep Moves Clause: Sleep-inducing moves are banned\n|clearpoke\n|poke|p1|Rotom-Wash|\n|poke|p1|Rillaboom, F|\n|poke|p1|Glimmora, M|\n|poke|p1|Garganacl, F|\n|poke|p1|Dragapult, F|\n|poke|p1|Gholdengo|\n|poke|p2|Darkrai|\n|poke|p2|Great Tusk|\n|poke|p2|Iron Crown|\n|poke|p2|Pecharunt|\n|poke|p2|Primarina, F|\n|poke|p2|Salamence, M|\n|teampreview\n|inactive|Battle timer is ON: inactive players will automatically lose when time's up. (requested by fivetomatoes)\n|inactive|Pig Perfect has 120 seconds left.\n|inactive|Pig Perfect has 90 seconds left.\n|inactive|Pig Perfect has 60 seconds left.\n|\n|t:|1782440818\n|teamsize|p1|6\n|teamsize|p2|6\n|start\n|switch|p1a: Gholdengo|Gholdengo|100/100\n|switch|p2a: Iron Crown|Iron Crown|100/100\n|turn|1\n|\n|t:|1782440821\n|move|p2a: Iron Crown|Volt Switch|p1a: Gholdengo\n|-damage|p1a: Gholdengo|72/100\n|\n|t:|1782440827\n|-end|p2a: Iron Crown|Quark Drive|[silent]\n|switch|p2a: Great Tusk|Great Tusk|100/100|[from] Volt Switch\n|move|p1a: Gholdengo|Trick|p2a: Great Tusk\n|-activate|p1a: Gholdengo|move: Trick|[of] p2a: Great Tusk\n|-item|p2a: Great Tusk|Choice Scarf|[from] move: Trick\n|-item|p1a: Gholdengo|Rocky Helmet|[from] move: Trick\n|\n|upkeep\n|turn|2\n|\n|t:|1782440833\n|switch|p1a: Rotom|Rotom-Wash|100/100\n|move|p2a: Great Tusk|Stealth Rock|p1a: Rotom\n|-sidestart|p1: fivetomatoes|move: Stealth Rock\n|\n|upkeep\n|turn|3\n|\n|t:|1782440844\n|-end|p2a: Great Tusk|Protosynthesis|[silent]\n|switch|p2a: Iron Crown|Iron Crown|100/100\n|move|p1a: Rotom|Trick|p2a: Iron Crown\n|-activate|p1a: Rotom|move: Trick|[of] p2a: Iron Crown\n|-item|p2a: Iron Crown|Choice Scarf|[from] move: Trick\n|-item|p1a: Rotom|Choice Scarf|[from] move: Trick\n|\n|upkeep\n|turn|4\n|inactive|Pig Perfect has 120 seconds left.\n|\n|t:|1782440878\n|move|p2a: Iron Crown|Future Sight|p1a: Rotom\n|-start|p2a: Iron Crown|move: Future Sight\n|move|p1a: Rotom|Hydro Pump|p2a: Iron Crown\n|-damage|p2a: Iron Crown|53/100\n|\n|upkeep\n|turn|5\n|inactive|Pig Perfect has 120 seconds left.\n|inactive|Pig Perfect has 90 seconds left.\n|\n|t:|1782440924\n|-end|p2a: Iron Crown|Quark Drive|[silent]\n|switch|p2a: Darkrai|Darkrai|100/100\n|switch|p1a: Rillaboom|Rillaboom, F|100/100\n|-damage|p1a: Rillaboom|88/100|[from] Stealth Rock\n|-fieldstart|move: Grassy Terrain|[from] ability: Grassy Surge|[of] p1a: Rillaboom\n|\n|-heal|p1a: Rillaboom|94/100|[from] Grassy Terrain\n|upkeep\n|turn|6\n|inactive|Pig Perfect has 90 seconds left.\n|inactive|Pig Perfect has 60 seconds left.\n|\n|t:|1782440965\n|move|p2a: Darkrai|Dark Pulse|p1a: Rillaboom\n|-damage|p1a: Rillaboom|34/100\n|move|p1a: Rillaboom|U-turn|p2a: Darkrai\n|-supereffective|p2a: Darkrai\n|-damage|p2a: Darkrai|10/100\n|-damage|p1a: Rillaboom|24/100|[from] item: Life Orb\n|\n|t:|1782440978\n|switch|p1a: Rotom|Rotom-Wash|100/100|[from] U-turn\n|-damage|p1a: Rotom|88/100|[from] Stealth Rock\n|\n|-end|p1a: Rotom|move: Future Sight\n|-damage|p1a: Rotom|10/100\n|-heal|p2a: Darkrai|16/100|[from] Grassy Terrain\n|upkeep\n|turn|7\n|inactive|Pig Perfect has 60 seconds left.\n|\n|t:|1782440998\n|move|p1a: Rotom|Volt Switch|p2a: Darkrai\n|-damage|p2a: Darkrai|0 fnt\n|faint|p2a: Darkrai\n|\n|t:|1782441007\n|switch|p1a: Rillaboom|Rillaboom, F|24/100|[from] Volt Switch\n|-damage|p1a: Rillaboom|12/100|[from] Stealth Rock\n|\n|-heal|p1a: Rillaboom|18/100|[from] Grassy Terrain\n|upkeep\n|j| 3EyeQ\n|\n|t:|1782441011\n|switch|p2a: Salamence|Salamence, M|100/100\n|-ability|p2a: Salamence|Intimidate|boost\n|-unboost|p1a: Rillaboom|atk|1\n|turn|8\n|l| 3EyeQ\n|\n|t:|1782441021\n|switch|p1a: Garganacl|Garganacl, F|100/100\n|-damage|p1a: Garganacl|88/100|[from] Stealth Rock\n|move|p2a: Salamence|Substitute|p2a: Salamence\n|-start|p2a: Salamence|Substitute\n|-damage|p2a: Salamence|76/100\n|\n|-heal|p2a: Salamence|82/100|[from] item: Leftovers\n|-heal|p1a: Garganacl|94/100|[from] Grassy Terrain\n|-heal|p1a: Garganacl|100/100|[from] item: Leftovers\n|upkeep\n|turn|9\n|\n|t:|1782441032\n|move|p2a: Salamence|Outrage|p1a: Garganacl\n|-damage|p1a: Garganacl|65/100\n|move|p1a: Garganacl|Curse|p1a: Garganacl\n|-unboost|p1a: Garganacl|spe|1\n|-boost|p1a: Garganacl|atk|1\n|-boost|p1a: Garganacl|def|1\n|\n|-heal|p2a: Salamence|88/100|[from] item: Leftovers\n|-heal|p1a: Garganacl|72/100|[from] Grassy Terrain\n|-heal|p1a: Garganacl|78/100|[from] item: Leftovers\n|-fieldend|move: Grassy Terrain\n|upkeep\n|turn|10\n|\n|t:|1782441037\n|move|p2a: Salamence|Outrage|p1a: Garganacl|[from] lockedmove\n|-damage|p1a: Garganacl|55/100\n|move|p1a: Garganacl|Salt Cure|p2a: Salamence\n|-supereffective|p2a: Salamence\n|-end|p2a: Salamence|Substitute\n|\n|-heal|p2a: Salamence|94/100|[from] item: Leftovers\n|-heal|p1a: Garganacl|61/100|[from] item: Leftovers\n|upkeep\n|turn|11\n|\n|t:|1782441043\n|move|p2a: Salamence|Outrage|p1a: Garganacl|[from] lockedmove\n|-damage|p1a: Garganacl|38/100\n|-start|p2a: Salamence|confusion|[fatigue]\n|move|p1a: Garganacl|Recover|p1a: Garganacl\n|-heal|p1a: Garganacl|88/100\n|\n|-heal|p2a: Salamence|100/100|[from] item: Leftovers\n|-heal|p1a: Garganacl|94/100|[from] item: Leftovers\n|upkeep\n|turn|12\n|\n|t:|1782441047\n|switch|p2a: Primarina|Primarina, F|100/100\n|move|p1a: Garganacl|Salt Cure|p2a: Primarina\n|-damage|p2a: Primarina|73/100\n|-start|p2a: Primarina|Salt Cure\n|\n|-heal|p1a: Garganacl|99/100|[from] item: Leftovers\n|-damage|p2a: Primarina|48/100|[from] Salt Cure\n|upkeep\n|turn|13\n|\n|t:|1782441051\n|move|p1a: Garganacl|Protect|p1a: Garganacl\n|-singleturn|p1a: Garganacl|Protect\n|move|p2a: Primarina|Psychic Noise|p1a: Garganacl\n|-activate|p1a: Garganacl|move: Protect\n|\n|-heal|p1a: Garganacl|100/100|[from] item: Leftovers\n|-damage|p2a: Primarina|23/100|[from] Salt Cure\n|upkeep\n|turn|14\n|inactive|Pig Perfect has 120 seconds left.\n|\n|t:|1782441064\n|switch|p1a: Rillaboom|Rillaboom, F|18/100\n|-damage|p1a: Rillaboom|6/100|[from] Stealth Rock\n|-fieldstart|move: Grassy Terrain|[from] ability: Grassy Surge|[of] p1a: Rillaboom\n|move|p2a: Primarina|Flip Turn|p1a: Rillaboom\n|-resisted|p1a: Rillaboom\n|-damage|p1a: Rillaboom|0 fnt\n|faint|p1a: Rillaboom\n|\n|t:|1782441067\n|switch|p2a: Iron Crown|Iron Crown|53/100|[from] Flip Turn\n|\n|-heal|p2a: Iron Crown|59/100|[from] Grassy Terrain\n|upkeep\n|\n|t:|1782441079\n|switch|p1a: Gholdengo|Gholdengo|72/100\n|-damage|p1a: Gholdengo|66/100|[from] Stealth Rock\n|turn|15\n|inactive|Pig Perfect has 120 seconds left.\n|\n|t:|1782441109\n|move|p2a: Iron Crown|Volt Switch|p1a: Gholdengo\n|-damage|p1a: Gholdengo|36/100\n|\n|t:|1782441117\n|-end|p2a: Iron Crown|Quark Drive|[silent]\n|switch|p2a: Primarina|Primarina, F|23/100|[from] Volt Switch\n|move|p1a: Gholdengo|Shadow Ball|p2a: Primarina\n|-damage|p2a: Primarina|0 fnt\n|faint|p2a: Primarina\n|\n|-heal|p1a: Gholdengo|42/100|[from] Grassy Terrain\n|upkeep\n|\n|t:|1782441122\n|switch|p2a: Salamence|Salamence, M|100/100\n|-ability|p2a: Salamence|Intimidate|boost\n|-unboost|p1a: Gholdengo|atk|1\n|turn|16\n|\n|t:|1782441131\n|move|p2a: Salamence|Temper Flare|p1a: Gholdengo\n|-supereffective|p1a: Gholdengo\n|-crit|p1a: Gholdengo\n|-damage|p1a: Gholdengo|0 fnt\n|-damage|p2a: Salamence|84/100|[from] item: Rocky Helmet|[of] p1a: Gholdengo\n|faint|p1a: Gholdengo\n|\n|-heal|p2a: Salamence|90/100|[from] item: Leftovers\n|upkeep\n|\n|t:|1782441140\n|switch|p1a: Garganacl|Garganacl, F|100/100\n|-damage|p1a: Garganacl|88/100|[from] Stealth Rock\n|turn|17\n|inactive|Pig Perfect has 120 seconds left.\n|\n|t:|1782441160\n|switch|p2a: Great Tusk|Great Tusk|100/100\n|move|p1a: Garganacl|Curse|p1a: Garganacl\n|-unboost|p1a: Garganacl|spe|1\n|-boost|p1a: Garganacl|atk|1\n|-boost|p1a: Garganacl|def|1\n|\n|-heal|p1a: Garganacl|94/100|[from] Grassy Terrain\n|-heal|p1a: Garganacl|100/100|[from] item: Leftovers\n|upkeep\n|turn|18\n|inactive|Pig Perfect has 120 seconds left.\n|\n|t:|1782441167\n|move|p1a: Garganacl|Protect|p1a: Garganacl\n|-singleturn|p1a: Garganacl|Protect\n|move|p2a: Great Tusk|Headlong Rush|p1a: Garganacl\n|-activate|p1a: Garganacl|move: Protect\n|\n|-fieldend|move: Grassy Terrain\n|upkeep\n|turn|19\n|\n|t:|1782441182\n|move|p2a: Great Tusk|Headlong Rush|p1a: Garganacl\n|-supereffective|p1a: Garganacl\n|-damage|p1a: Garganacl|58/100\n|-unboost|p2a: Great Tusk|def|1\n|-unboost|p2a: Great Tusk|spd|1\n|move|p1a: Garganacl|Curse|p1a: Garganacl\n|-unboost|p1a: Garganacl|spe|1\n|-boost|p1a: Garganacl|atk|1\n|-boost|p1a: Garganacl|def|1\n|\n|-heal|p1a: Garganacl|65/100|[from] item: Leftovers\n|upkeep\n|turn|20\n|\n|t:|1782441185\n|move|p1a: Garganacl|Protect|p1a: Garganacl\n|-singleturn|p1a: Garganacl|Protect\n|move|p2a: Great Tusk|Headlong Rush|p1a: Garganacl\n|-activate|p1a: Garganacl|move: Protect\n|\n|-heal|p1a: Garganacl|71/100|[from] item: Leftovers\n|upkeep\n|turn|21\n|\n|t:|1782441194\n|move|p2a: Great Tusk|Headlong Rush|p1a: Garganacl\n|-supereffective|p1a: Garganacl\n|-damage|p1a: Garganacl|38/100\n|-unboost|p2a: Great Tusk|def|1\n|-unboost|p2a: Great Tusk|spd|1\n|move|p1a: Garganacl|Recover|p1a: Garganacl\n|-heal|p1a: Garganacl|88/100\n|\n|-heal|p1a: Garganacl|94/100|[from] item: Leftovers\n|upkeep\n|turn|22\n|\n|t:|1782441198\n|-end|p2a: Great Tusk|Protosynthesis|[silent]\n|switch|p2a: Pecharunt|Pecharunt|100/100\n|move|p1a: Garganacl|Protect||[still]\n|-fail|p1a: Garganacl\n|\n|-heal|p1a: Garganacl|100/100|[from] item: Leftovers\n|upkeep\n|turn|23\n|\n|t:|1782441202\n|move|p2a: Pecharunt|Parting Shot|p1a: Garganacl\n|-unboost|p1a: Garganacl|atk|1\n|-unboost|p1a: Garganacl|spa|1\n|\n|t:|1782441204\n|switch|p2a: Great Tusk|Great Tusk|100/100|[from] Parting Shot\n|move|p1a: Garganacl|Salt Cure|p2a: Great Tusk\n|-resisted|p2a: Great Tusk\n|-damage|p2a: Great Tusk|97/100\n|-start|p2a: Great Tusk|Salt Cure\n|\n|-damage|p2a: Great Tusk|85/100|[from] Salt Cure\n|upkeep\n|turn|24\n|\n|t:|1782441212\n|-end|p2a: Great Tusk|Protosynthesis|[silent]\n|switch|p2a: Salamence|Salamence, M|90/100\n|-ability|p2a: Salamence|Intimidate|boost\n|-unboost|p1a: Garganacl|atk|1\n|move|p1a: Garganacl|Curse|p1a: Garganacl\n|-unboost|p1a: Garganacl|spe|1\n|-boost|p1a: Garganacl|atk|1\n|-boost|p1a: Garganacl|def|1\n|\n|-heal|p2a: Salamence|96/100|[from] item: Leftovers\n|upkeep\n|turn|25\n|\n|t:|1782441216\n|switch|p2a: Pecharunt|Pecharunt|100/100\n|move|p1a: Garganacl|Salt Cure|p2a: Pecharunt\n|-damage|p2a: Pecharunt|90/100\n|-start|p2a: Pecharunt|Salt Cure\n|\n|-damage|p2a: Pecharunt|78/100|[from] Salt Cure\n|upkeep\n|turn|26\n|\n|t:|1782441221\n|move|p2a: Pecharunt|Parting Shot|p1a: Garganacl\n|-unboost|p1a: Garganacl|atk|1\n|-unboost|p1a: Garganacl|spa|1\n|\n|t:|1782441223\n|switch|p2a: Salamence|Salamence, M|96/100|[from] Parting Shot\n|-ability|p2a: Salamence|Intimidate|boost\n|-unboost|p1a: Garganacl|atk|1\n|move|p1a: Garganacl|Curse|p1a: Garganacl\n|-unboost|p1a: Garganacl|spe|1\n|-boost|p1a: Garganacl|atk|1\n|-boost|p1a: Garganacl|def|1\n|\n|-heal|p2a: Salamence|100/100|[from] item: Leftovers\n|upkeep\n|turn|27\n|\n|t:|1782441229\n|switch|p2a: Great Tusk|Great Tusk|85/100\n|move|p1a: Garganacl|Salt Cure|p2a: Great Tusk\n|-resisted|p2a: Great Tusk\n|-damage|p2a: Great Tusk|82/100\n|-start|p2a: Great Tusk|Salt Cure\n|\n|-damage|p2a: Great Tusk|70/100|[from] Salt Cure\n|upkeep\n|turn|28\n|\n|t:|1782441232\n|move|p2a: Great Tusk|Headlong Rush|p1a: Garganacl\n|-supereffective|p1a: Garganacl\n|-damage|p1a: Garganacl|78/100\n|-unboost|p2a: Great Tusk|def|1\n|-unboost|p2a: Great Tusk|spd|1\n|move|p1a: Garganacl|Salt Cure|p2a: Great Tusk\n|-resisted|p2a: Great Tusk\n|-damage|p2a: Great Tusk|65/100\n|\n|-heal|p1a: Garganacl|84/100|[from] item: Leftovers\n|-damage|p2a: Great Tusk|53/100|[from] Salt Cure\n|upkeep\n|turn|29\n|\n|t:|1782441235\n|move|p2a: Great Tusk|Headlong Rush|p1a: Garganacl\n|-supereffective|p1a: Garganacl\n|-damage|p1a: Garganacl|62/100\n|-unboost|p2a: Great Tusk|def|1\n|-unboost|p2a: Great Tusk|spd|1\n|move|p1a: Garganacl|Salt Cure|p2a: Great Tusk\n|-resisted|p2a: Great Tusk\n|-damage|p2a: Great Tusk|48/100\n|\n|-heal|p1a: Garganacl|68/100|[from] item: Leftovers\n|-damage|p2a: Great Tusk|36/100|[from] Salt Cure\n|upkeep\n|turn|30\n|\n|t:|1782441240\n|-end|p2a: Great Tusk|Protosynthesis|[silent]\n|switch|p2a: Salamence|Salamence, M|100/100\n|-ability|p2a: Salamence|Intimidate|boost\n|-unboost|p1a: Garganacl|atk|1\n|move|p1a: Garganacl|Recover|p1a: Garganacl\n|-heal|p1a: Garganacl|100/100\n|\n|upkeep\n|turn|31\n|\n|t:|1782441243\n|move|p2a: Salamence|Substitute|p2a: Salamence\n|-start|p2a: Salamence|Substitute\n|-damage|p2a: Salamence|76/100\n|move|p1a: Garganacl|Salt Cure|p2a: Salamence\n|-supereffective|p2a: Salamence\n|-end|p2a: Salamence|Substitute\n|\n|-heal|p2a: Salamence|82/100|[from] item: Leftovers\n|upkeep\n|turn|32\n|\n|t:|1782441251\n|move|p2a: Salamence|Substitute|p2a: Salamence\n|-start|p2a: Salamence|Substitute\n|-damage|p2a: Salamence|57/100\n|move|p1a: Garganacl|Salt Cure|p2a: Salamence\n|-supereffective|p2a: Salamence\n|-activate|p2a: Salamence|move: Substitute|[damage]\n|\n|-heal|p2a: Salamence|63/100|[from] item: Leftovers\n|upkeep\n|turn|33\n|\n|t:|1782441254\n|move|p2a: Salamence|Dragon Dance|p2a: Salamence\n|-boost|p2a: Salamence|atk|1\n|-boost|p2a: Salamence|spe|1\n|move|p1a: Garganacl|Curse|p1a: Garganacl\n|-unboost|p1a: Garganacl|spe|1\n|-boost|p1a: Garganacl|atk|1\n|-boost|p1a: Garganacl|def|1\n|\n|-heal|p2a: Salamence|69/100|[from] item: Leftovers\n|upkeep\n|turn|34\n|\n|t:|1782441257\n|move|p2a: Salamence|Dragon Dance|p2a: Salamence\n|-boost|p2a: Salamence|atk|1\n|-boost|p2a: Salamence|spe|1\n|move|p1a: Garganacl|Salt Cure|p2a: Salamence\n|-supereffective|p2a: Salamence\n|-end|p2a: Salamence|Substitute\n|\n|-heal|p2a: Salamence|76/100|[from] item: Leftovers\n|upkeep\n|turn|35\n|\n|t:|1782441262\n|switch|p2a: Pecharunt|Pecharunt|78/100\n|move|p1a: Garganacl|Salt Cure|p2a: Pecharunt\n|-damage|p2a: Pecharunt|71/100\n|-start|p2a: Pecharunt|Salt Cure\n|\n|-damage|p2a: Pecharunt|58/100|[from] Salt Cure\n|upkeep\n|turn|36\n|\n|t:|1782441266\n|move|p2a: Pecharunt|Parting Shot|p1a: Garganacl\n|-unboost|p1a: Garganacl|atk|1\n|-unboost|p1a: Garganacl|spa|1\n|\n|t:|1782441270\n|switch|p2a: Great Tusk|Great Tusk|36/100|[from] Parting Shot\n|move|p1a: Garganacl|Salt Cure|p2a: Great Tusk\n|-resisted|p2a: Great Tusk\n|-damage|p2a: Great Tusk|34/100\n|-start|p2a: Great Tusk|Salt Cure\n|\n|-damage|p2a: Great Tusk|22/100|[from] Salt Cure\n|upkeep\n|turn|37\n|\n|t:|1782441275\n|-end|p2a: Great Tusk|Protosynthesis|[silent]\n|switch|p2a: Pecharunt|Pecharunt|58/100\n|move|p1a: Garganacl|Salt Cure|p2a: Pecharunt\n|-damage|p2a: Pecharunt|54/100\n|-start|p2a: Pecharunt|Salt Cure\n|\n|-damage|p2a: Pecharunt|42/100|[from] Salt Cure\n|upkeep\n|turn|38\n|\n|t:|1782441278\n|move|p2a: Pecharunt|Recover|p2a: Pecharunt\n|-heal|p2a: Pecharunt|92/100\n|move|p1a: Garganacl|Curse|p1a: Garganacl\n|-unboost|p1a: Garganacl|spe|1\n|-boost|p1a: Garganacl|atk|1\n|-boost|p1a: Garganacl|def|1\n|\n|-damage|p2a: Pecharunt|79/100|[from] Salt Cure\n|upkeep\n|turn|39\n|\n|t:|1782441282\n|move|p2a: Pecharunt|Parting Shot|p1a: Garganacl\n|-unboost|p1a: Garganacl|atk|1\n|-unboost|p1a: Garganacl|spa|1\n|\n|t:|1782441283\n|switch|p2a: Great Tusk|Great Tusk|22/100|[from] Parting Shot\n|move|p1a: Garganacl|Salt Cure|p2a: Great Tusk\n|-resisted|p2a: Great Tusk\n|-damage|p2a: Great Tusk|20/100\n|-start|p2a: Great Tusk|Salt Cure\n|\n|-damage|p2a: Great Tusk|8/100|[from] Salt Cure\n|upkeep\n|turn|40\n|\n|t:|1782441288\n|move|p2a: Great Tusk|Headlong Rush|p1a: Garganacl\n|-supereffective|p1a: Garganacl\n|-damage|p1a: Garganacl|85/100\n|-unboost|p2a: Great Tusk|def|1\n|-unboost|p2a: Great Tusk|spd|1\n|move|p1a: Garganacl|Salt Cure|p2a: Great Tusk\n|-resisted|p2a: Great Tusk\n|-damage|p2a: Great Tusk|5/100\n|\n|-heal|p1a: Garganacl|91/100|[from] item: Leftovers\n|-damage|p2a: Great Tusk|0 fnt|[from] Salt Cure\n|faint|p2a: Great Tusk\n|-end|p2a: Great Tusk|Protosynthesis|[silent]\n|upkeep\n|\n|t:|1782441294\n|switch|p2a: Iron Crown|Iron Crown|59/100\n|turn|41\n|\n|t:|1782441311\n|move|p1a: Garganacl|Protect|p1a: Garganacl\n|-singleturn|p1a: Garganacl|Protect\n|move|p2a: Iron Crown|Tachyon Cutter|p1a: Garganacl\n|-activate|p1a: Garganacl|move: Protect\n|\n|-heal|p1a: Garganacl|98/100|[from] item: Leftovers\n|upkeep\n|turn|42\n|\n|t:|1782441318\n|-end|p2a: Iron Crown|Quark Drive|[silent]\n|switch|p2a: Pecharunt|Pecharunt|79/100\n|-terastallize|p1a: Garganacl|Dark\n|move|p1a: Garganacl|Salt Cure|p2a: Pecharunt\n|-damage|p2a: Pecharunt|75/100\n|-start|p2a: Pecharunt|Salt Cure\n|\n|-heal|p1a: Garganacl|100/100|[from] item: Leftovers\n|-damage|p2a: Pecharunt|62/100|[from] Salt Cure\n|upkeep\n|turn|43\n|\n|t:|1782441324\n|move|p2a: Pecharunt|Parting Shot|p1a: Garganacl\n|-unboost|p1a: Garganacl|atk|1\n|-unboost|p1a: Garganacl|spa|1\n|\n|t:|1782441327\n|switch|p2a: Salamence|Salamence, M|76/100|[from] Parting Shot\n|-ability|p2a: Salamence|Intimidate|boost\n|-unboost|p1a: Garganacl|atk|1\n|move|p1a: Garganacl|Salt Cure|p2a: Salamence\n|-supereffective|p2a: Salamence\n|-damage|p2a: Salamence|61/100\n|-start|p2a: Salamence|Salt Cure\n|\n|-heal|p2a: Salamence|68/100|[from] item: Leftovers\n|-damage|p2a: Salamence|55/100|[from] Salt Cure\n|upkeep\n|turn|44\n|\n|t:|1782441332\n|switch|p2a: Iron Crown|Iron Crown|59/100\n|move|p1a: Garganacl|Salt Cure|p2a: Iron Crown\n|-resisted|p2a: Iron Crown\n|-damage|p2a: Iron Crown|56/100\n|-start|p2a: Iron Crown|Salt Cure\n|\n|-damage|p2a: Iron Crown|31/100|[from] Salt Cure\n|upkeep\n|turn|45\n|\n|t:|1782441336\n|-terastallize|p2a: Iron Crown|Fighting\n|move|p1a: Garganacl|Protect|p1a: Garganacl\n|-singleturn|p1a: Garganacl|Protect\n|move|p2a: Iron Crown|Focus Blast|p1a: Garganacl\n|-activate|p1a: Garganacl|move: Protect\n|\n|-damage|p2a: Iron Crown|19/100|[from] Salt Cure\n|upkeep\n|turn|46\n|\n|t:|1782441343\n|-end|p2a: Iron Crown|Quark Drive|[silent]\n|switch|p2a: Pecharunt|Pecharunt|62/100\n|switch|p1a: Rotom|Rotom-Wash|10/100\n|-damage|p1a: Rotom|0 fnt|[from] Stealth Rock\n|faint|p1a: Rotom\n|\n|upkeep\n|\n|t:|1782441346\n|switch|p1a: Glimmora|Glimmora, M|100/100\n|turn|47\n|\n|t:|1782441353\n|move|p1a: Glimmora|Earth Power|p2a: Pecharunt\n|-supereffective|p2a: Pecharunt\n|-damage|p2a: Pecharunt|7/100\n|move|p2a: Pecharunt|Recover|p2a: Pecharunt\n|-heal|p2a: Pecharunt|57/100\n|\n|upkeep\n|turn|48\n|\n|t:|1782441357\n|move|p1a: Glimmora|Earth Power|p2a: Pecharunt\n|-supereffective|p2a: Pecharunt\n|-crit|p2a: Pecharunt\n|-damage|p2a: Pecharunt|0 fnt\n|faint|p2a: Pecharunt\n|\n|upkeep\n|\n|t:|1782441361\n|switch|p2a: Iron Crown|Iron Crown, tera:Fighting|19/100\n|turn|49\n|\n|t:|1782441363\n|move|p1a: Glimmora|Spiky Shield|p1a: Glimmora\n|-singleturn|p1a: Glimmora|move: Protect\n|move|p2a: Iron Crown|Tachyon Cutter|p1a: Glimmora\n|-activate|p1a: Glimmora|move: Protect\n|\n|upkeep\n|turn|50\n|\n|t:|1782441374\n|move|p2a: Iron Crown|Tachyon Cutter|p1a: Glimmora\n|-supereffective|p1a: Glimmora\n|-damage|p1a: Glimmora|50/100\n|-supereffective|p1a: Glimmora\n|-damage|p1a: Glimmora|0 fnt\n|faint|p1a: Glimmora\n|-hitcount|p1: Glimmora|2\n|\n|upkeep\n|\n|t:|1782441376\n|switch|p1a: Dragapult|Dragapult, F|100/100\n|-damage|p1a: Dragapult|88/100|[from] Stealth Rock\n|turn|51\n|\n|t:|1782441384\n|move|p2a: Iron Crown|Tachyon Cutter|p1a: Dragapult\n|-damage|p1a: Dragapult|58/100\n|-damage|p1a: Dragapult|30/100\n|-hitcount|p1a: Dragapult|2\n|move|p1a: Dragapult|Dragon Darts|p2a: Iron Crown\n|-damage|p2a: Iron Crown|0 fnt\n|faint|p2a: Iron Crown\n|-end|p2a: Iron Crown|Quark Drive|[silent]\n|\n|-heal|p1a: Dragapult|36/100|[from] item: Leftovers\n|upkeep\n|\n|t:|1782441388\n|switch|p2a: Salamence|Salamence, M|55/100\n|-ability|p2a: Salamence|Intimidate|boost\n|-fail|p1a: Dragapult|unboost|[from] ability: Clear Body|[of] p1a: Dragapult\n|turn|52\n|j| maximilk\n|\n|t:|1782441396\n|move|p1a: Dragapult|Substitute|p1a: Dragapult\n|-start|p1a: Dragapult|Substitute\n|-damage|p1a: Dragapult|11/100\n|move|p2a: Salamence|Dragon Dance|p2a: Salamence\n|-boost|p2a: Salamence|atk|1\n|-boost|p2a: Salamence|spe|1\n|\n|-heal|p2a: Salamence|61/100|[from] item: Leftovers\n|-heal|p1a: Dragapult|17/100|[from] item: Leftovers\n|upkeep\n|turn|53\n|c|☆Pig Perfect|Ggwp\n|c|☆Pig Perfect|Tera dark garg is cool\n|\n|t:|1782441421\n|move|p2a: Salamence|Temper Flare|p1a: Dragapult\n|-resisted|p1a: Dragapult\n|-end|p1a: Dragapult|Substitute\n|move|p1a: Dragapult|Dragon Darts|p2a: Salamence\n|-supereffective|p2a: Salamence\n|-damage|p2a: Salamence|14/100\n|-anim|p1a: Dragapult|Dragon Darts|p2a: Salamence\n|-supereffective|p2a: Salamence\n|-damage|p2a: Salamence|0 fnt\n|faint|p2a: Salamence\n|\n|win|fivetomatoes\n|raw|fivetomatoes's rating: 1667 &rarr; <strong>1685</strong><br />(+18 for winning)\n|raw|Pig Perfect's rating: 1639 &rarr; <strong>1621</strong><br />(-18 for losing)\n|l|☆Pig Perfect\n|player|p2|\n|l|☆fivetomatoes\n|player|p1|\n", "uploadtime": 1782441667, "views": 6, "formatid": "gen9ou", "rating": 1621, "private": 0, "password": null}