{"id": "gen9ou-2540930901", "format": "[Gen 9] OU", "players": ["Dog_in_a_Suit", "glass bugle"], "log": "|j|☆Dog_in_a_Suit\n|j|☆glass bugle\n|t:|1771268279\n|gametype|singles\n|player|p1|Dog_in_a_Suit|red|1476\n|player|p2|glass bugle|swimmer-gen4dp|1559\n|gen|9\n|tier|[Gen 9] OU\n|rated|\n|rule|HP Percentage Mod: HP is shown in percentages\n|rule|Endless Battle Clause: Forcing endless battles is banned\n|rule|Species Clause: Limit one of each Pokémon\n|rule|OHKO Clause: OHKO moves are banned\n|rule|Evasion Items Clause: Evasion items are banned\n|rule|Evasion Moves Clause: Evasion moves are banned\n|rule|Evasion Abilities Clause: Evasion abilities are banned\n|rule|Sleep Moves Clause: Sleep-inducing moves are banned\n|clearpoke\n|poke|p1|Hatterene, F|\n|poke|p1|Torkoal, F|\n|poke|p1|Ceruledge, F|\n|poke|p1|Raging Bolt|\n|poke|p1|Leavanny, F|\n|poke|p1|Great Tusk|\n|poke|p2|Dragonite, F|\n|poke|p2|Samurott-Hisui, F|\n|poke|p2|Clefable, F|\n|poke|p2|Gliscor, M|\n|poke|p2|Gholdengo|\n|poke|p2|Zamazenta-*|\n|teampreview\n|\n|t:|1771268288\n|teamsize|p1|6\n|teamsize|p2|6\n|start\n|switch|p1a: Hatterene|Hatterene, F|100/100\n|switch|p2a: Samurott|Samurott-Hisui, F|100/100\n|turn|1\n|\n|t:|1771268312\n|move|p2a: Samurott|Ceaseless Edge|p1a: Hatterene\n|-damage|p1a: Hatterene|36/100\n|-sidestart|p1: Dog_in_a_Suit|Spikes\n|move|p1a: Hatterene|Trick Room|p1a: Hatterene\n|-fieldstart|move: Trick Room|[of] p1a: Hatterene\n|\n|upkeep\n|turn|2\n|\n|t:|1771268318\n|move|p1a: Hatterene|Misty Explosion|p2a: Samurott\n|-supereffective|p2a: Samurott\n|-damage|p2a: Samurott|13/100\n|faint|p1a: Hatterene\n|move|p2a: Samurott|Ceaseless Edge|p1: Hatterene|[notarget]\n|-fail|p2a: Samurott\n|\n|upkeep\n|\n|t:|1771268321\n|switch|p1a: Torkoal|Torkoal, F|100/100\n|-damage|p1a: Torkoal|88/100|[from] Spikes\n|-weather|SunnyDay|[from] ability: Drought|[of] p1a: Torkoal\n|turn|3\n|\n|t:|1771268327\n|move|p2a: Samurott|Sucker Punch|p1a: Torkoal\n|-damage|p1a: Torkoal|61/100\n|move|p1a: Torkoal|Eruption|p2a: Samurott\n|-resisted|p2a: Samurott\n|-damage|p2a: Samurott|0 fnt\n|faint|p2a: Samurott\n|\n|-weather|SunnyDay|[upkeep]\n|upkeep\n|\n|t:|1771268329\n|switch|p2a: Dragonite|Dragonite, F|100/100\n|turn|4\n|\n|t:|1771268333\n|move|p1a: Torkoal|Eruption|p2a: Dragonite\n|-resisted|p2a: Dragonite\n|-damage|p2a: Dragonite|85/100\n|move|p2a: Dragonite|Dragon Dance|p2a: Dragonite\n|-boost|p2a: Dragonite|atk|1\n|-boost|p2a: Dragonite|spe|1\n|\n|-weather|SunnyDay|[upkeep]\n|upkeep\n|turn|5\n|\n|t:|1771268337\n|move|p1a: Torkoal|Eruption|p2a: Dragonite\n|-resisted|p2a: Dragonite\n|-damage|p2a: Dragonite|54/100\n|move|p2a: Dragonite|Roost|p2a: Dragonite\n|-heal|p2a: Dragonite|100/100\n|-singleturn|p2a: Dragonite|move: Roost\n|\n|-weather|SunnyDay|[upkeep]\n|-fieldend|move: Trick Room\n|upkeep\n|turn|6\n|\n|t:|1771268341\n|move|p2a: Dragonite|Dragon Dance|p2a: Dragonite\n|-boost|p2a: Dragonite|atk|1\n|-boost|p2a: Dragonite|spe|1\n|move|p1a: Torkoal|Eruption|p2a: Dragonite\n|-resisted|p2a: Dragonite\n|-damage|p2a: Dragonite|87/100\n|\n|-weather|SunnyDay|[upkeep]\n|upkeep\n|turn|7\n|\n|t:|1771268345\n|switch|p1a: Leavanny|Leavanny, F|100/100\n|-damage|p1a: Leavanny|88/100|[from] Spikes\n|move|p2a: Dragonite|Dragon Dance|p2a: Dragonite\n|-boost|p2a: Dragonite|atk|1\n|-boost|p2a: Dragonite|spe|1\n|\n|-weather|SunnyDay|[upkeep]\n|upkeep\n|turn|8\n|\n|t:|1771268348\n|-terastallize|p2a: Dragonite|Normal\n|-terastallize|p1a: Leavanny|Ghost\n|move|p2a: Dragonite|Extreme Speed|p1a: Leavanny\n|-immune|p1a: Leavanny\n|move|p1a: Leavanny|Triple Axel|p2a: Dragonite\n|-damage|p2a: Dragonite|78/100\n|-damage|p2a: Dragonite|60/100\n|-crit|p2a: Dragonite\n|-damage|p2a: Dragonite|19/100\n|-hitcount|p2a: Dragonite|3\n|-damage|p1a: Leavanny|78/100|[from] item: Life Orb\n|\n|-weather|SunnyDay|[upkeep]\n|upkeep\n|turn|9\n|\n|t:|1771268353\n|move|p2a: Dragonite|Earthquake|p1a: Leavanny\n|-damage|p1a: Leavanny|0 fnt\n|faint|p1a: Leavanny\n|\n|-weather|SunnyDay|[upkeep]\n|upkeep\n|\n|t:|1771268361\n|switch|p1a: Great Tusk|Great Tusk|100/100\n|-damage|p1a: Great Tusk|88/100|[from] Spikes\n|-activate|p1a: Great Tusk|ability: Protosynthesis\n|-start|p1a: Great Tusk|protosynthesisatk\n|turn|10\n|\n|t:|1771268364\n|move|p2a: Dragonite|Extreme Speed|p1a: Great Tusk\n|-damage|p1a: Great Tusk|10/100\n|move|p1a: Great Tusk|Rapid Spin|p2a: Dragonite\n|-damage|p2a: Dragonite|0 fnt\n|-boost|p1a: Great Tusk|spe|1\n|-sideend|p1: Dog_in_a_Suit|Spikes|[from] move: Rapid Spin|[of] p1a: Great Tusk\n|faint|p2a: Dragonite\n|\n|-weather|none\n|-end|p1a: Great Tusk|Protosynthesis\n|-heal|p1a: Great Tusk|17/100|[from] item: Leftovers\n|upkeep\n|\n|t:|1771268373\n|switch|p2a: Zamazenta|Zamazenta|100/100\n|-ability|p2a: Zamazenta|Dauntless Shield|boost\n|-boost|p2a: Zamazenta|def|1\n|turn|11\n|\n|t:|1771268378\n|-end|p1a: Great Tusk|Protosynthesis|[silent]\n|switch|p1a: Torkoal|Torkoal, F|61/100\n|-weather|SunnyDay|[from] ability: Drought|[of] p1a: Torkoal\n|move|p2a: Zamazenta|Iron Defense|p2a: Zamazenta\n|-boost|p2a: Zamazenta|def|2\n|\n|-weather|SunnyDay|[upkeep]\n|upkeep\n|turn|12\n|\n|t:|1771268381\n|move|p2a: Zamazenta|Body Press|p1a: Torkoal\n|-damage|p1a: Torkoal|0 fnt\n|faint|p1a: Torkoal\n|\n|-weather|SunnyDay|[upkeep]\n|upkeep\n|\n|t:|1771268386\n|switch|p1a: Raging Bolt|Raging Bolt|100/100\n|-activate|p1a: Raging Bolt|ability: Protosynthesis\n|-start|p1a: Raging Bolt|protosynthesisspa\n|turn|13\n|\n|t:|1771268409\n|switch|p2a: Gholdengo|Gholdengo|100/100\n|move|p1a: Raging Bolt|Thunderbolt|p2a: Gholdengo\n|-damage|p2a: Gholdengo|13/100\n|\n|-weather|SunnyDay|[upkeep]\n|upkeep\n|turn|14\n|\n|t:|1771268421\n|move|p1a: Raging Bolt|Thunderclap||[still]\n|-fail|p1a: Raging Bolt\n|move|p2a: Gholdengo|Trick|p1a: Raging Bolt\n|-activate|p2a: Gholdengo|move: Trick|[of] p1a: Raging Bolt\n|-item|p1a: Raging Bolt|Choice Scarf|[from] move: Trick\n|-item|p2a: Gholdengo|Booster Energy|[from] move: Trick\n|\n|-weather|SunnyDay|[upkeep]\n|upkeep\n|turn|15\n|\n|t:|1771268426\n|move|p2a: Gholdengo|Recover|p2a: Gholdengo\n|-heal|p2a: Gholdengo|63/100\n|move|p1a: Raging Bolt|Thunderbolt|p2a: Gholdengo\n|-damage|p2a: Gholdengo|0 fnt\n|faint|p2a: Gholdengo\n|\n|-weather|SunnyDay|[upkeep]\n|upkeep\n|\n|t:|1771268429\n|switch|p2a: Gliscor|Gliscor, M|100/100\n|turn|16\n|\n|t:|1771268433\n|-end|p1a: Raging Bolt|Protosynthesis|[silent]\n|switch|p1a: Great Tusk|Great Tusk|17/100\n|-activate|p1a: Great Tusk|ability: Protosynthesis\n|-start|p1a: Great Tusk|protosynthesisatk\n|move|p2a: Gliscor|Knock Off|p1a: Great Tusk\n|-resisted|p1a: Great Tusk\n|-damage|p1a: Great Tusk|10/100\n|-enditem|p1a: Great Tusk|Leftovers|[from] move: Knock Off|[of] p2a: Gliscor\n|\n|-weather|SunnyDay|[upkeep]\n|-status|p2a: Gliscor|tox|[from] item: Toxic Orb\n|upkeep\n|turn|17\n|\n|t:|1771268438\n|switch|p2a: Clefable|Clefable, F|100/100\n|move|p1a: Great Tusk|Ice Spinner|p2a: Clefable\n|-damage|p2a: Clefable|74/100\n|-damage|p1a: Great Tusk|0 fnt|[from] item: Rocky Helmet|[of] p2a: Clefable\n|faint|p1a: Great Tusk\n|-end|p1a: Great Tusk|Protosynthesis|[silent]\n|\n|-weather|SunnyDay|[upkeep]\n|upkeep\n|\n|t:|1771268442\n|switch|p1a: Raging Bolt|Raging Bolt|100/100\n|-activate|p1a: Raging Bolt|ability: Protosynthesis\n|-start|p1a: Raging Bolt|protosynthesisspa\n|turn|18\n|\n|t:|1771268446\n|move|p1a: Raging Bolt|Draco Meteor|p2a: Clefable\n|-immune|p2a: Clefable\n|move|p2a: Clefable|Stealth Rock|p1a: Raging Bolt\n|-sidestart|p1: Dog_in_a_Suit|move: Stealth Rock\n|\n|-weather|none\n|-end|p1a: Raging Bolt|Protosynthesis\n|upkeep\n|turn|19\n|\n|t:|1771268450\n|-end|p1a: Raging Bolt|Protosynthesis|[silent]\n|switch|p1a: Ceruledge|Ceruledge, F|100/100\n|-damage|p1a: Ceruledge|76/100|[from] Stealth Rock\n|move|p2a: Clefable|Moonblast|p1a: Ceruledge\n|-resisted|p1a: Ceruledge\n|-damage|p1a: Ceruledge|57/100\n|\n|upkeep\n|turn|20\n|\n|t:|1771268452\n|switch|p2a: Zamazenta|Zamazenta|100/100\n|move|p1a: Ceruledge|Swords Dance|p1a: Ceruledge\n|-boost|p1a: Ceruledge|atk|2\n|\n|upkeep\n|turn|21\n|\n|t:|1771268454\n|move|p2a: Zamazenta|Iron Defense|p2a: Zamazenta\n|-boost|p2a: Zamazenta|def|2\n|move|p1a: Ceruledge|Bitter Blade|p2a: Zamazenta\n|-damage|p2a: Zamazenta|62/100\n|-heal|p1a: Ceruledge|77/100|[from] drain|[of] p2a: Zamazenta\n|\n|-heal|p2a: Zamazenta|68/100|[from] item: Leftovers\n|upkeep\n|turn|22\n|\n|t:|1771268458\n|move|p2a: Zamazenta|Crunch|p1a: Ceruledge\n|-supereffective|p1a: Ceruledge\n|-damage|p1a: Ceruledge|13/100\n|-ability|p1a: Ceruledge|Weak Armor|boost\n|-unboost|p1a: Ceruledge|def|1\n|-boost|p1a: Ceruledge|spe|2\n|move|p1a: Ceruledge|Swords Dance|p1a: Ceruledge\n|-boost|p1a: Ceruledge|atk|2\n|\n|-heal|p2a: Zamazenta|75/100|[from] item: Leftovers\n|upkeep\n|turn|23\n|\n|t:|1771268461\n|move|p1a: Ceruledge|Bitter Blade|p2a: Zamazenta\n|-crit|p2a: Zamazenta\n|-damage|p2a: Zamazenta|0 fnt\n|-heal|p1a: Ceruledge|52/100|[from] drain|[of] p2a: Zamazenta\n|faint|p2a: Zamazenta\n|\n|upkeep\n|\n|t:|1771268464\n|switch|p2a: Gliscor|Gliscor, M|100/100 tox\n|turn|24\n|c|☆glass bugle|bruh\n|\n|t:|1771268472\n|move|p1a: Ceruledge|Bitter Blade|p2a: Gliscor\n|-damage|p2a: Gliscor|0 fnt\n|-heal|p1a: Ceruledge|100/100|[from] drain|[of] p2a: Gliscor\n|faint|p2a: Gliscor\n|\n|upkeep\n|c|☆Dog_in_a_Suit|thats act so lucky of me wow\n|c|☆glass bugle|gg\n|c|☆Dog_in_a_Suit|gg\n|inactive|Battle timer is ON: inactive players will automatically lose when time's up. (requested by Dog_in_a_Suit)\n|-message|glass bugle forfeited.\n|\n|win|Dog_in_a_Suit\n|raw|Dog_in_a_Suit's rating: 1476 &rarr; <strong>1501</strong><br />(+25 for winning)\n|raw|glass bugle's rating: 1559 &rarr; <strong>1534</strong><br />(-25 for losing)\n|l|☆glass bugle\n|player|p2|\n|l|☆Dog_in_a_Suit\n|player|p1|\n", "uploadtime": 1771268783, "views": 3, "formatid": "gen9ou", "rating": 1501, "private": 0, "password": null}