{"id": "gen9ou-2639173425", "format": "[Gen 9] OU", "players": ["thepeakmons", "beanbois69"], "log": "|j|☆thepeakmons\n|j|☆beanbois69\n|t:|1782429272\n|gametype|singles\n|player|p1|thepeakmons|101|1178\n|player|p2|beanbois69|169|1232\n|gen|9\n|tier|[Gen 9] OU\n|rated|\n|rule|HP Percentage Mod: HP is shown in percentages\n|rule|Endless Battle Clause: Forcing endless battles is banned\n|rule|Species Clause: Limit one of each Pokémon\n|rule|OHKO Clause: OHKO moves are banned\n|rule|Evasion Items Clause: Evasion items are banned\n|rule|Evasion Moves Clause: Evasion moves are banned\n|rule|Evasion Abilities Clause: Evasion abilities are banned\n|rule|Sleep Moves Clause: Sleep-inducing moves are banned\n|clearpoke\n|poke|p1|Corviknight, M|\n|poke|p1|Ting-Lu|\n|poke|p1|Kyurem|\n|poke|p1|Dondozo, F|\n|poke|p1|Slowking-Galar, M|\n|poke|p1|Cinderace, F|\n|poke|p2|Clodsire, M|\n|poke|p2|Toxapex, F|\n|poke|p2|Corviknight, F|\n|poke|p2|Dondozo, M|\n|poke|p2|Clefable, M|\n|poke|p2|Gliscor, F|\n|teampreview\n|inactive|Battle timer is ON: inactive players will automatically lose when time's up. (requested by thepeakmons)\n|\n|t:|1782429291\n|teamsize|p1|6\n|teamsize|p2|6\n|start\n|switch|p1a: Corviknight|Corviknight, M|100/100\n|switch|p2a: nothing new there|Gliscor, F|100/100\n|-ability|p1a: Corviknight|Pressure\n|turn|1\n|inactive|thepeakmons has 120 seconds left.\n|\n|t:|1782429326\n|switch|p1a: Kyurem|Kyurem|100/100\n|-ability|p1a: Kyurem|Pressure\n|move|p2a: nothing new there|Knock Off|p1a: Kyurem\n|-damage|p1a: Kyurem|82/100\n|-enditem|p1a: Kyurem|Leftovers|[from] move: Knock Off|[of] p2a: nothing new there\n|\n|-status|p2a: nothing new there|tox|[from] item: Toxic Orb\n|upkeep\n|turn|2\n|\n|t:|1782429341\n|-terastallize|p2a: nothing new there|Dark\n|move|p2a: nothing new there|Toxic|p1a: Kyurem\n|-status|p1a: Kyurem|tox\n|move|p1a: Kyurem|Freeze-Dry|p2a: nothing new there\n|-damage|p2a: nothing new there|58/100 tox\n|\n|-heal|p2a: nothing new there|71/100 tox|[from] ability: Poison Heal\n|-damage|p1a: Kyurem|76/100 tox|[from] psn\n|upkeep\n|turn|3\n|\n|t:|1782429361\n|move|p2a: nothing new there|Protect|p2a: nothing new there\n|-singleturn|p2a: nothing new there|Protect\n|move|p1a: Kyurem|Freeze-Dry|p2a: nothing new there\n|-activate|p2a: nothing new there|move: Protect\n|\n|-damage|p1a: Kyurem|63/100 tox|[from] psn\n|-heal|p2a: nothing new there|83/100 tox|[from] ability: Poison Heal\n|upkeep\n|turn|4\n|\n|t:|1782429373\n|switch|p1a: Corviknight|Corviknight, M|100/100\n|-ability|p1a: Corviknight|Pressure\n|move|p2a: nothing new there|Substitute|p2a: nothing new there\n|-start|p2a: nothing new there|Substitute\n|-damage|p2a: nothing new there|58/100 tox\n|\n|-heal|p2a: nothing new there|71/100 tox|[from] ability: Poison Heal\n|upkeep\n|turn|5\n|\n|t:|1782429384\n|move|p2a: nothing new there|Knock Off|p1a: Corviknight\n|-damage|p1a: Corviknight|82/100\n|-damage|p2a: nothing new there|54/100 tox|[from] item: Rocky Helmet|[of] p1a: Corviknight\n|-enditem|p1a: Corviknight|Rocky Helmet|[from] move: Knock Off|[of] p2a: nothing new there\n|move|p1a: Corviknight|U-turn|p2a: nothing new there\n|-supereffective|p2a: nothing new there\n|-activate|p2a: nothing new there|move: Substitute|[damage]\n|\n|t:|1782429393\n|switch|p1a: Ting-Lu|Ting-Lu|100/100|[from] U-turn\n|-ability|p1a: Ting-Lu|Vessel of Ruin\n|\n|-heal|p2a: nothing new there|67/100 tox|[from] ability: Poison Heal\n|upkeep\n|turn|6\n|l|☆beanbois69\n|inactive|beanbois69 disconnected and has a minute to reconnect!\n|player|p2|\n|j|☆beanbois69\n|inactive|beanbois69 reconnected and has 115 seconds left.\n|player|p2|beanbois69|169|\n|\n|t:|1782429434\n|switch|p1a: Corviknight|Corviknight, M|82/100\n|-ability|p1a: Corviknight|Pressure\n|move|p2a: nothing new there|Toxic|p1a: Corviknight\n|-immune|p1a: Corviknight\n|\n|-heal|p2a: nothing new there|79/100 tox|[from] ability: Poison Heal\n|upkeep\n|turn|7\n|\n|t:|1782429451\n|move|p2a: nothing new there|Knock Off|p1a: Corviknight\n|-crit|p1a: Corviknight\n|-damage|p1a: Corviknight|63/100\n|move|p1a: Corviknight|U-turn|p2a: nothing new there\n|-supereffective|p2a: nothing new there\n|-end|p2a: nothing new there|Substitute\n|\n|t:|1782429466\n|switch|p1a: Slowking|Slowking-Galar, M|100/100|[from] U-turn\n|\n|-heal|p2a: nothing new there|92/100 tox|[from] ability: Poison Heal\n|upkeep\n|turn|8\n|inactive|beanbois69 has 120 seconds left.\n|\n|t:|1782429481\n|move|p2a: nothing new there|Knock Off|p1a: Slowking\n|-supereffective|p1a: Slowking\n|-damage|p1a: Slowking|51/100\n|-enditem|p1a: Slowking|Shuca Berry|[from] move: Knock Off|[of] p2a: nothing new there\n|move|p1a: Slowking|Sludge Bomb|p2a: nothing new there\n|-damage|p2a: nothing new there|48/100 tox\n|\n|-heal|p2a: nothing new there|61/100 tox|[from] ability: Poison Heal\n|upkeep\n|turn|9\n|inactive|beanbois69 has 120 seconds left.\n|inactive|thepeakmons has 120 seconds left.\n|\n|t:|1782429506\n|switch|p1a: Corviknight|Corviknight, M|63/100\n|-ability|p1a: Corviknight|Pressure\n|move|p2a: nothing new there|Knock Off|p1a: Corviknight\n|-damage|p1a: Corviknight|50/100\n|\n|-heal|p2a: nothing new there|73/100 tox|[from] ability: Poison Heal\n|upkeep\n|turn|10\n|inactive|thepeakmons has 120 seconds left.\n|\n|t:|1782429519\n|switch|p2a: love this for you|Clefable, M|100/100\n|move|p1a: Corviknight|Roost|p1a: Corviknight\n|-heal|p1a: Corviknight|99/100\n|-singleturn|p1a: Corviknight|move: Roost\n|\n|upkeep\n|turn|11\n|inactive|thepeakmons has 120 seconds left.\n|\n|t:|1782429539\n|switch|p1a: Cinderace|Cinderace, F|100/100\n|move|p2a: love this for you|Stealth Rock|p1a: Cinderace\n|-sidestart|p1: thepeakmons|move: Stealth Rock\n|\n|upkeep\n|turn|12\n|inactive|beanbois69 has 120 seconds left.\n|\n|t:|1782429552\n|move|p1a: Cinderace|Pyro Ball|p2a: love this for you\n|-damage|p2a: love this for you|67/100\n|move|p2a: love this for you|Knock Off|p1a: Cinderace\n|-damage|p1a: Cinderace|81/100\n|-enditem|p1a: Cinderace|Heavy-Duty Boots|[from] move: Knock Off|[of] p2a: love this for you\n|\n|upkeep\n|turn|13\n|inactive|beanbois69 has 120 seconds left.\n|\n|t:|1782429561\n|move|p1a: Cinderace|Court Change|p1a: Cinderace\n|-swapsideconditions\n|-activate|p1a: Cinderace|move: Court Change\n|move|p2a: love this for you|Stealth Rock|p1a: Cinderace\n|-sidestart|p1: thepeakmons|move: Stealth Rock\n|\n|upkeep\n|turn|14\n|\n|t:|1782429570\n|move|p1a: Cinderace|Pyro Ball|p2a: love this for you\n|-damage|p2a: love this for you|31/100\n|move|p2a: love this for you|Moonblast|p1a: Cinderace\n|-resisted|p1a: Cinderace\n|-damage|p1a: Cinderace|62/100\n|\n|upkeep\n|turn|15\n|inactive|thepeakmons has 120 seconds left.\n|\n|t:|1782429584\n|switch|p2a: did you calc that?|Clodsire, M|100/100\n|move|p1a: Cinderace|Pyro Ball|p2a: did you calc that?\n|-damage|p2a: did you calc that?|45/100\n|\n|upkeep\n|turn|16\n|inactive|thepeakmons has 120 seconds left.\n|\n|t:|1782429601\n|switch|p2a: keep trying|Dondozo, M|100/100\n|-damage|p2a: keep trying|88/100|[from] Stealth Rock\n|move|p1a: Cinderace|Pyro Ball|p2a: keep trying\n|-resisted|p2a: keep trying\n|-damage|p2a: keep trying|77/100\n|\n|-heal|p2a: keep trying|83/100|[from] item: Leftovers\n|upkeep\n|turn|17\n|\n|t:|1782429629\n|move|p1a: Cinderace|U-turn|p2a: keep trying\n|-damage|p2a: keep trying|74/100\n|\n|t:|1782429637\n|switch|p1a: Slowking|Slowking-Galar, M|85/100|[from] U-turn\n|-damage|p1a: Slowking|72/100|[from] Stealth Rock\n|move|p2a: keep trying|Crunch|p1a: Slowking\n|-supereffective|p1a: Slowking\n|-damage|p1a: Slowking|44/100\n|\n|-heal|p2a: keep trying|80/100|[from] item: Leftovers\n|upkeep\n|turn|18\n|\n|t:|1782429662\n|switch|p1a: Ting-Lu|Ting-Lu|100/100\n|-damage|p1a: Ting-Lu|94/100|[from] Stealth Rock\n|-ability|p1a: Ting-Lu|Vessel of Ruin\n|move|p2a: keep trying|Crunch|p1a: Ting-Lu\n|-resisted|p1a: Ting-Lu\n|-damage|p1a: Ting-Lu|89/100\n|\n|-heal|p1a: Ting-Lu|96/100|[from] item: Leftovers\n|-heal|p2a: keep trying|86/100|[from] item: Leftovers\n|upkeep\n|turn|19\n|inactive|thepeakmons has 90 seconds left.\n|\n|t:|1782429677\n|switch|p2a: love this for you|Clefable, M|31/100\n|move|p1a: Ting-Lu|Earthquake|p2a: love this for you\n|-damage|p2a: love this for you|1/100\n|\n|-heal|p1a: Ting-Lu|100/100|[from] item: Leftovers\n|upkeep\n|turn|20\n|inactive|thepeakmons has 90 seconds left.\n|\n|t:|1782429689\n|switch|p1a: Corviknight|Corviknight, M|99/100\n|-damage|p1a: Corviknight|87/100|[from] Stealth Rock\n|-ability|p1a: Corviknight|Pressure\n|move|p2a: love this for you|Moonlight|p2a: love this for you\n|-heal|p2a: love this for you|51/100\n|\n|upkeep\n|turn|21\n|inactive|beanbois69 has 120 seconds left.\n|\n|t:|1782429711\n|switch|p1a: Slowking|Slowking-Galar, M|77/100\n|-damage|p1a: Slowking|64/100|[from] Stealth Rock\n|move|p2a: love this for you|Moonlight|p2a: love this for you\n|-heal|p2a: love this for you|100/100\n|\n|upkeep\n|turn|22\n|inactive|beanbois69 has 120 seconds left.\n|\n|t:|1782429727\n|switch|p2a: did you calc that?|Clodsire, M|45/100\n|move|p1a: Slowking|Sludge Bomb|p2a: did you calc that?\n|-resisted|p2a: did you calc that?\n|-damage|p2a: did you calc that?|41/100\n|\n|upkeep\n|turn|23\n|inactive|beanbois69 has 120 seconds left.\n|inactive|thepeakmons has 90 seconds left.\n|\n|t:|1782429745\n|switch|p1a: Ting-Lu|Ting-Lu|100/100\n|-damage|p1a: Ting-Lu|94/100|[from] Stealth Rock\n|-ability|p1a: Ting-Lu|Vessel of Ruin\n|move|p2a: did you calc that?|Recover|p2a: did you calc that?\n|-heal|p2a: did you calc that?|91/100\n|\n|-heal|p1a: Ting-Lu|100/100|[from] item: Leftovers\n|upkeep\n|turn|24\n|inactive|thepeakmons has 90 seconds left.\n|inactive|beanbois69 has 120 seconds left.\n|\n|t:|1782429759\n|switch|p2a: love this for you|Clefable, M|100/100\n|move|p1a: Ting-Lu|Earthquake|p2a: love this for you\n|-damage|p2a: love this for you|72/100\n|\n|upkeep\n|turn|25\n|\n|t:|1782429766\n|move|p2a: love this for you|Knock Off|p1a: Ting-Lu\n|-resisted|p1a: Ting-Lu\n|-damage|p1a: Ting-Lu|96/100\n|-enditem|p1a: Ting-Lu|Leftovers|[from] move: Knock Off|[of] p2a: love this for you\n|move|p1a: Ting-Lu|Earthquake|p2a: love this for you\n|-damage|p2a: love this for you|41/100\n|\n|upkeep\n|turn|26\n|\n|t:|1782429777\n|switch|p1a: Slowking|Slowking-Galar, M|98/100\n|-damage|p1a: Slowking|85/100|[from] Stealth Rock\n|move|p2a: love this for you|Moonlight|p2a: love this for you\n|-heal|p2a: love this for you|91/100\n|\n|upkeep\n|turn|27\n|\n|t:|1782429788\n|switch|p2a: did you calc that?|Clodsire, M|91/100\n|move|p1a: Slowking|Future Sight|p2a: did you calc that?\n|-start|p1a: Slowking|move: Future Sight\n|\n|upkeep\n|turn|28\n|\n|t:|1782429798\n|switch|p2a: nothing new there|Gliscor, F, tera:Dark|73/100 tox\n|-damage|p2a: nothing new there|61/100 tox|[from] Stealth Rock\n|switch|p1a: Ting-Lu|Ting-Lu|96/100\n|-damage|p1a: Ting-Lu|90/100|[from] Stealth Rock\n|-ability|p1a: Ting-Lu|Vessel of Ruin\n|\n|-heal|p2a: nothing new there|73/100 tox|[from] ability: Poison Heal\n|upkeep\n|turn|29\n|\n|t:|1782429810\n|move|p2a: nothing new there|Toxic|p1a: Ting-Lu\n|-status|p1a: Ting-Lu|tox\n|move|p1a: Ting-Lu|Earthquake|p2a: nothing new there\n|-damage|p2a: nothing new there|42/100 tox\n|\n|-end|p2a: nothing new there|move: Future Sight\n|-immune|p2a: nothing new there\n|-heal|p2a: nothing new there|55/100 tox|[from] ability: Poison Heal\n|-damage|p1a: Ting-Lu|84/100 tox|[from] psn\n|upkeep\n|turn|30\n|\n|t:|1782429824\n|move|p2a: nothing new there|Protect|p2a: nothing new there\n|-singleturn|p2a: nothing new there|Protect\n|move|p1a: Ting-Lu|Rest|p1a: Ting-Lu\n|-status|p1a: Ting-Lu|slp|[from] move: Rest\n|-heal|p1a: Ting-Lu|100/100 slp|[silent]\n|\n|-heal|p2a: nothing new there|67/100 tox|[from] ability: Poison Heal\n|upkeep\n|turn|31\n|\n|t:|1782429841\n|switch|p2a: take your time|Toxapex, F|100/100\n|-damage|p2a: take your time|88/100|[from] Stealth Rock\n|cant|p1a: Ting-Lu|slp\n|move|p1a: Ting-Lu|Sleep Talk|p1a: Ting-Lu\n|move|p1a: Ting-Lu|Rest||[from] move: Sleep Talk|[still]\n|-fail|p1a: Ting-Lu\n|\n|-heal|p2a: take your time|94/100|[from] item: Leftovers\n|upkeep\n|turn|32\n|\n|t:|1782429856\n|cant|p1a: Ting-Lu|slp\n|move|p1a: Ting-Lu|Sleep Talk|p1a: Ting-Lu\n|move|p1a: Ting-Lu|Rest||[from] move: Sleep Talk|[still]\n|-fail|p1a: Ting-Lu\n|move|p2a: take your time|Infestation|p1a: Ting-Lu\n|-supereffective|p1a: Ting-Lu\n|-damage|p1a: Ting-Lu|99/100 slp\n|-activate|p1a: Ting-Lu|move: Infestation|[of] p2a: take your time\n|\n|-heal|p2a: take your time|100/100|[from] item: Leftovers\n|-damage|p1a: Ting-Lu|86/100 slp|[from] move: Infestation|[partiallytrapped]\n|upkeep\n|turn|33\n|\n|t:|1782429873\n|-curestatus|p1a: Ting-Lu|slp|[msg]\n|move|p1a: Ting-Lu|Earthquake|p2a: take your time\n|-supereffective|p2a: take your time\n|-damage|p2a: take your time|59/100\n|move|p2a: take your time|Poison Jab|p1a: Ting-Lu\n|-resisted|p1a: Ting-Lu\n|-damage|p1a: Ting-Lu|81/100\n|-status|p1a: Ting-Lu|psn\n|\n|-heal|p2a: take your time|65/100|[from] item: Leftovers\n|-damage|p1a: Ting-Lu|69/100 psn|[from] psn\n|-damage|p1a: Ting-Lu|57/100 psn|[from] move: Infestation|[partiallytrapped]\n|upkeep\n|turn|34\n|inactive|beanbois69 has 120 seconds left.\n|\n|t:|1782429890\n|move|p1a: Ting-Lu|Rest|p1a: Ting-Lu\n|-status|p1a: Ting-Lu|slp|[from] move: Rest\n|-heal|p1a: Ting-Lu|100/100 slp|[silent]\n|move|p2a: take your time|Recover|p2a: take your time\n|-heal|p2a: take your time|100/100\n|\n|-damage|p1a: Ting-Lu|88/100 slp|[from] move: Infestation|[partiallytrapped]\n|upkeep\n|turn|35\n|inactive|beanbois69 has 120 seconds left.\n|\n|t:|1782429906\n|switch|p2a: did you calc that?|Clodsire, M|91/100\n|cant|p1a: Ting-Lu|slp\n|move|p1a: Ting-Lu|Sleep Talk|p1a: Ting-Lu\n|move|p1a: Ting-Lu|Rest||[from] move: Sleep Talk|[still]\n|-fail|p1a: Ting-Lu\n|\n|-end|p1a: Ting-Lu|Infestation|[partiallytrapped]|[silent]\n|upkeep\n|turn|36\n|inactive|beanbois69 has 120 seconds left.\n|\n|t:|1782429916\n|cant|p1a: Ting-Lu|slp\n|move|p2a: did you calc that?|Spikes|p1a: Ting-Lu\n|-sidestart|p1: thepeakmons|Spikes\n|\n|upkeep\n|turn|37\n|inactive|beanbois69 has 120 seconds left.\n|\n|t:|1782429935\n|switch|p2a: nothing new there|Gliscor, F, tera:Dark|67/100 tox\n|-damage|p2a: nothing new there|55/100 tox|[from] Stealth Rock\n|-curestatus|p1a: Ting-Lu|slp|[msg]\n|move|p1a: Ting-Lu|Earthquake|p2a: nothing new there\n|-damage|p2a: nothing new there|26/100 tox\n|\n|-heal|p2a: nothing new there|38/100 tox|[from] ability: Poison Heal\n|upkeep\n|turn|38\n|inactive|thepeakmons has 120 seconds left.\n|inactive|beanbois69 has 120 seconds left.\n|\n|t:|1782429955\n|switch|p1a: Corviknight|Corviknight, M|87/100\n|-damage|p1a: Corviknight|75/100|[from] Stealth Rock\n|-ability|p1a: Corviknight|Pressure\n|move|p2a: nothing new there|Protect||[still]\n|-fail|p2a: nothing new there\n|\n|-heal|p2a: nothing new there|51/100 tox|[from] ability: Poison Heal\n|upkeep\n|turn|39\n|\n|t:|1782429980\n|switch|p2a: love this for you|Clefable, M|91/100\n|move|p1a: Corviknight|Defog|p2a: love this for you\n|-unboost|p2a: love this for you|evasion|1\n|-sideend|p2: beanbois69|Stealth Rock|[from] move: Defog|[of] p1a: Corviknight\n|-sideend|p1: thepeakmons|Spikes|[from] move: Defog|[of] p1a: Corviknight\n|-sideend|p1: thepeakmons|Stealth Rock|[from] move: Defog|[of] p1a: Corviknight\n|\n|upkeep\n|turn|40\n|inactive|thepeakmons has 120 seconds left.\n|inactive|beanbois69 has 90 seconds left.\n|\n|t:|1782429997\n|move|p1a: Corviknight|Roost|p1a: Corviknight\n|-heal|p1a: Corviknight|100/100\n|-singleturn|p1a: Corviknight|move: Roost\n|move|p2a: love this for you|Stealth Rock|p1a: Corviknight\n|-sidestart|p1: thepeakmons|move: Stealth Rock\n|\n|upkeep\n|turn|41\n|\n|t:|1782430004\n|move|p1a: Corviknight|Defog|p2a: love this for you\n|-unboost|p2a: love this for you|evasion|1\n|-sideend|p1: thepeakmons|Stealth Rock|[from] move: Defog|[of] p1a: Corviknight\n|move|p2a: love this for you|Knock Off|p1a: Corviknight\n|-damage|p1a: Corviknight|94/100\n|\n|upkeep\n|turn|42\n|\n|t:|1782430015\n|switch|p1a: Cinderace|Cinderace, F|62/100\n|move|p2a: love this for you|Stealth Rock|p1a: Cinderace\n|-sidestart|p1: thepeakmons|move: Stealth Rock\n|\n|upkeep\n|turn|43\n|\n|t:|1782430027\n|switch|p2a: take your time|Toxapex, F|100/100\n|move|p1a: Cinderace|Court Change|p1a: Cinderace\n|-swapsideconditions\n|-activate|p1a: Cinderace|move: Court Change\n|\n|upkeep\n|turn|44\n|\n|t:|1782430034\n|switch|p1a: Slowking|Slowking-Galar, M|100/100\n|move|p2a: take your time|Infestation|p1a: Slowking\n|-damage|p1a: Slowking|98/100\n|-activate|p1a: Slowking|move: Infestation|[of] p2a: take your time\n|\n|-damage|p1a: Slowking|86/100|[from] move: Infestation|[partiallytrapped]\n|upkeep\n|turn|45\n|\n|t:|1782430044\n|move|p2a: take your time|Poison Jab|p1a: Slowking\n|-resisted|p1a: Slowking\n|-damage|p1a: Slowking|80/100\n|move|p1a: Slowking|Future Sight|p2a: take your time\n|-start|p1a: Slowking|move: Future Sight\n|\n|-damage|p1a: Slowking|67/100|[from] move: Infestation|[partiallytrapped]\n|upkeep\n|turn|46\n|\n|t:|1782430054\n|switch|p2a: nothing new there|Gliscor, F, tera:Dark|51/100 tox\n|-damage|p2a: nothing new there|38/100 tox|[from] Stealth Rock\n|-prepare|p1a: Slowking|Chilly Reception|[premajor]\n|move|p1a: Slowking|Chilly Reception|p1a: Slowking\n|-weather|Snowscape\n|\n|t:|1782430062\n|switch|p1a: Cinderace|Cinderace, F|62/100|[from] Chilly Reception\n|\n|-weather|Snowscape|[upkeep]\n|-heal|p2a: nothing new there|51/100 tox|[from] ability: Poison Heal\n|upkeep\n|turn|47\n|\n|t:|1782430070\n|move|p2a: nothing new there|Protect|p2a: nothing new there\n|-singleturn|p2a: nothing new there|Protect\n|move|p1a: Cinderace|U-turn|p2a: nothing new there\n|-activate|p2a: nothing new there|move: Protect\n|\n|-weather|Snowscape|[upkeep]\n|-end|p2a: nothing new there|move: Future Sight\n|-immune|p2a: nothing new there\n|-heal|p2a: nothing new there|63/100 tox|[from] ability: Poison Heal\n|upkeep\n|turn|48\n|inactive|beanbois69 has 120 seconds left.\n|\n|t:|1782430081\n|switch|p2a: love this for you|Clefable, M|91/100\n|move|p1a: Cinderace|U-turn|p2a: love this for you\n|-resisted|p2a: love this for you\n|-damage|p2a: love this for you|84/100\n|inactive|thepeakmons has 120 seconds left.\n|\n|t:|1782430124\n|switch|p1a: Slowking|Slowking-Galar, M|100/100|[from] U-turn\n|\n|-weather|Snowscape|[upkeep]\n|upkeep\n|turn|49\n|inactive|beanbois69 has 120 seconds left.\n|\n|t:|1782430140\n|switch|p2a: did you calc that?|Clodsire, M|91/100\n|move|p1a: Slowking|Sludge Bomb|p2a: did you calc that?\n|-resisted|p2a: did you calc that?\n|-damage|p2a: did you calc that?|87/100\n|\n|-weather|Snowscape|[upkeep]\n|upkeep\n|turn|50\n|\n|t:|1782430152\n|move|p2a: did you calc that?|Spikes|p1a: Slowking\n|-sidestart|p1: thepeakmons|Spikes\n|move|p1a: Slowking|Ice Beam|p2a: did you calc that?\n|-supereffective|p2a: did you calc that?\n|-damage|p2a: did you calc that?|61/100\n|\n|-weather|none\n|upkeep\n|turn|51\n|\n|t:|1782430163\n|move|p2a: did you calc that?|Spikes|p1a: Slowking\n|-sidestart|p1: thepeakmons|Spikes\n|move|p1a: Slowking|Ice Beam|p2a: did you calc that?\n|-supereffective|p2a: did you calc that?\n|-damage|p2a: did you calc that?|38/100\n|\n|upkeep\n|turn|52\n|\n|t:|1782430182\n|move|p2a: did you calc that?|Recover|p2a: did you calc that?\n|-heal|p2a: did you calc that?|88/100\n|move|p1a: Slowking|Ice Beam|p2a: did you calc that?\n|-supereffective|p2a: did you calc that?\n|-damage|p2a: did you calc that?|65/100\n|\n|upkeep\n|turn|53\n|\n|t:|1782430195\n|move|p2a: did you calc that?|Spikes|p1a: Slowking\n|-sidestart|p1: thepeakmons|Spikes\n|move|p1a: Slowking|Future Sight|p2a: did you calc that?\n|-start|p1a: Slowking|move: Future Sight\n|\n|upkeep\n|turn|54\n|inactive|beanbois69 has 120 seconds left.\n|\n|t:|1782430236\n|switch|p1a: Corviknight|Corviknight, M|94/100\n|-ability|p1a: Corviknight|Pressure\n|move|p2a: did you calc that?|Earthquake|p1a: Corviknight\n|-immune|p1a: Corviknight\n|\n|upkeep\n|turn|55\n|\n|t:|1782430245\n|switch|p2a: love this for you|Clefable, M|84/100\n|move|p1a: Corviknight|Defog|p2a: love this for you\n|-unboost|p2a: love this for you|evasion|1\n|-sideend|p2: beanbois69|Stealth Rock|[from] move: Defog|[of] p1a: Corviknight\n|-sideend|p1: thepeakmons|Spikes|[from] move: Defog|[of] p1a: Corviknight\n|\n|-end|p2a: love this for you|move: Future Sight\n|-damage|p2a: love this for you|44/100\n|upkeep\n|turn|56\n|\n|t:|1782430257\n|move|p1a: Corviknight|Brave Bird|p2a: love this for you\n|-damage|p2a: love this for you|16/100\n|-damage|p1a: Corviknight|85/100|[from] Recoil\n|move|p2a: love this for you|Moonlight|p2a: love this for you\n|-heal|p2a: love this for you|66/100\n|\n|upkeep\n|turn|57\n|\n|t:|1782430280\n|switch|p1a: Cinderace|Cinderace, F|62/100\n|move|p2a: love this for you|Stealth Rock|p1a: Cinderace\n|-sidestart|p1: thepeakmons|move: Stealth Rock\n|\n|-damage|p1a: Cinderace|50/100|[from] item: Sticky Barb\n|upkeep\n|turn|58\n|inactive|thepeakmons has 120 seconds left.\n|\n|t:|1782430290\n|switch|p2a: take your time|Toxapex, F|100/100\n|move|p1a: Cinderace|Pyro Ball|p2a: take your time\n|-resisted|p2a: take your time\n|-damage|p2a: take your time|87/100\n|\n|-heal|p2a: take your time|93/100|[from] item: Leftovers\n|-damage|p1a: Cinderace|38/100|[from] item: Sticky Barb\n|upkeep\n|turn|59\n|\n|t:|1782430303\n|move|p1a: Cinderace|Court Change|p1a: Cinderace\n|-swapsideconditions\n|-activate|p1a: Cinderace|move: Court Change\n|move|p2a: take your time|Poison Jab|p1a: Cinderace\n|-damage|p1a: Cinderace|14/100\n|\n|-heal|p2a: take your time|99/100|[from] item: Leftovers\n|-damage|p1a: Cinderace|2/100|[from] item: Sticky Barb\n|upkeep\n|turn|60\n|\n|t:|1782430315\n|move|p2a: take your time|Baneful Bunker|p2a: take your time\n|-singleturn|p2a: take your time|move: Protect\n|move|p1a: Cinderace|Pyro Ball|p2a: take your time\n|-activate|p2a: take your time|move: Protect\n|\n|-heal|p2a: take your time|100/100|[from] item: Leftovers\n|-damage|p1a: Cinderace|0 fnt|[from] item: Sticky Barb\n|faint|p1a: Cinderace\n|upkeep\n|\n|t:|1782430325\n|switch|p1a: Slowking|Slowking-Galar, M|100/100\n|turn|61\n|inactive|beanbois69 has 120 seconds left.\n|\n|t:|1782430331\n|move|p2a: take your time|Infestation|p1a: Slowking\n|-damage|p1a: Slowking|98/100\n|-activate|p1a: Slowking|move: Infestation|[of] p2a: take your time\n|move|p1a: Slowking|Ice Beam|p2a: take your time\n|-resisted|p2a: take your time\n|-damage|p2a: take your time|92/100\n|\n|-heal|p2a: take your time|98/100|[from] item: Leftovers\n|-damage|p1a: Slowking|86/100|[from] move: Infestation|[partiallytrapped]\n|upkeep\n|turn|62\n|inactive|beanbois69 has 120 seconds left.\n|\n|t:|1782430345\n|move|p2a: take your time|Infestation|p1a: Slowking\n|-damage|p1a: Slowking|84/100\n|move|p1a: Slowking|Future Sight|p2a: take your time\n|-start|p1a: Slowking|move: Future Sight\n|\n|-heal|p2a: take your time|100/100|[from] item: Leftovers\n|-damage|p1a: Slowking|71/100|[from] move: Infestation|[partiallytrapped]\n|upkeep\n|turn|63\n|\n|t:|1782430355\n|move|p2a: take your time|Infestation|p1a: Slowking\n|-damage|p1a: Slowking|69/100\n|move|p1a: Slowking|Ice Beam|p2a: take your time\n|-resisted|p2a: take your time\n|-damage|p2a: take your time|91/100\n|\n|-heal|p2a: take your time|97/100|[from] item: Leftovers\n|-damage|p1a: Slowking|57/100|[from] move: Infestation|[partiallytrapped]\n|upkeep\n|turn|64\n|\n|t:|1782430368\n|switch|p2a: nothing new there|Gliscor, F, tera:Dark|63/100 tox\n|-damage|p2a: nothing new there|51/100 tox|[from] Stealth Rock\n|move|p1a: Slowking|Future Sight||[still]\n|-fail|p1a: Slowking\n|\n|-end|p2a: nothing new there|move: Future Sight\n|-immune|p2a: nothing new there\n|-heal|p2a: nothing new there|63/100 tox|[from] ability: Poison Heal\n|-end|p1a: Slowking|Infestation|[partiallytrapped]|[silent]\n|upkeep\n|turn|65\n|inactive|beanbois69 has 120 seconds left.\n|\n|t:|1782430385\n|move|p2a: nothing new there|Knock Off|p1a: Slowking\n|-supereffective|p1a: Slowking\n|-damage|p1a: Slowking|26/100\n|move|p1a: Slowking|Sludge Bomb|p2a: nothing new there\n|-damage|p2a: nothing new there|22/100 tox\n|\n|-heal|p2a: nothing new there|35/100 tox|[from] ability: Poison Heal\n|upkeep\n|turn|66\n|\n|t:|1782430397\n|switch|p1a: Ting-Lu|Ting-Lu|88/100\n|-ability|p1a: Ting-Lu|Vessel of Ruin\n|move|p2a: nothing new there|Protect||[still]\n|-fail|p2a: nothing new there\n|\n|-heal|p2a: nothing new there|47/100 tox|[from] ability: Poison Heal\n|upkeep\n|turn|67\n|\n|t:|1782430406\n|switch|p1a: Slowking|Slowking-Galar, M|59/100\n|move|p2a: nothing new there|Toxic|p1a: Slowking\n|-immune|p1a: Slowking\n|\n|-heal|p2a: nothing new there|60/100 tox|[from] ability: Poison Heal\n|upkeep\n|turn|68\n|\n|t:|1782430416\n|move|p2a: nothing new there|Substitute|p2a: nothing new there\n|-start|p2a: nothing new there|Substitute\n|-damage|p2a: nothing new there|35/100 tox\n|move|p1a: Slowking|Sludge Bomb|p2a: nothing new there\n|-end|p2a: nothing new there|Substitute\n|\n|-heal|p2a: nothing new there|47/100 tox|[from] ability: Poison Heal\n|upkeep\n|turn|69\n|\n|t:|1782430428\n|move|p2a: nothing new there|Protect|p2a: nothing new there\n|-singleturn|p2a: nothing new there|Protect\n|move|p1a: Slowking|Sludge Bomb|p2a: nothing new there\n|-activate|p2a: nothing new there|move: Protect\n|\n|-heal|p2a: nothing new there|60/100 tox|[from] ability: Poison Heal\n|upkeep\n|turn|70\n|\n|t:|1782430438\n|move|p2a: nothing new there|Knock Off|p1a: Slowking\n|-supereffective|p1a: Slowking\n|-damage|p1a: Slowking|28/100\n|move|p1a: Slowking|Ice Beam|p2a: nothing new there\n|-crit|p2a: nothing new there\n|-damage|p2a: nothing new there|16/100 tox\n|\n|-heal|p2a: nothing new there|29/100 tox|[from] ability: Poison Heal\n|upkeep\n|turn|71\n|\n|t:|1782430455\n|switch|p1a: Ting-Lu|Ting-Lu|88/100\n|-ability|p1a: Ting-Lu|Vessel of Ruin\n|move|p2a: nothing new there|Knock Off|p1a: Ting-Lu\n|-resisted|p1a: Ting-Lu\n|-damage|p1a: Ting-Lu|82/100\n|\n|-heal|p2a: nothing new there|41/100 tox|[from] ability: Poison Heal\n|upkeep\n|turn|72\n|\n|t:|1782430472\n|switch|p1a: Slowking|Slowking-Galar, M|62/100\n|move|p2a: nothing new there|Toxic|p1a: Slowking\n|-immune|p1a: Slowking\n|\n|-heal|p2a: nothing new there|54/100 tox|[from] ability: Poison Heal\n|upkeep\n|turn|73\n|\n|t:|1782430481\n|move|p2a: nothing new there|Knock Off|p1a: Slowking\n|-supereffective|p1a: Slowking\n|-damage|p1a: Slowking|31/100\n|move|p1a: Slowking|Sludge Bomb|p2a: nothing new there\n|-damage|p2a: nothing new there|11/100 tox\n|\n|-heal|p2a: nothing new there|23/100 tox|[from] ability: Poison Heal\n|upkeep\n|turn|74\n|\n|t:|1782430496\n|move|p2a: nothing new there|Knock Off|p1a: Slowking\n|-supereffective|p1a: Slowking\n|-damage|p1a: Slowking|1/100\n|move|p1a: Slowking|Ice Beam|p2a: nothing new there\n|-damage|p2a: nothing new there|0 fnt\n|faint|p2a: nothing new there\n|\n|upkeep\n|\n|t:|1782430510\n|switch|p2a: keep trying|Dondozo, M|86/100\n|-damage|p2a: keep trying|74/100|[from] Stealth Rock\n|turn|75\n|\n|t:|1782430538\n|move|p2a: keep trying|Curse|p2a: keep trying\n|-unboost|p2a: keep trying|spe|1\n|-boost|p2a: keep trying|atk|1\n|-boost|p2a: keep trying|def|1\n|move|p1a: Slowking|Future Sight|p2a: keep trying\n|-start|p1a: Slowking|move: Future Sight\n|\n|-heal|p2a: keep trying|80/100|[from] item: Leftovers\n|upkeep\n|turn|76\n|\n|t:|1782430547\n|switch|p1a: Dondozo|Dondozo, F|100/100\n|move|p2a: keep trying|Crunch|p1a: Dondozo\n|-damage|p1a: Dondozo|89/100\n|\n|-heal|p1a: Dondozo|95/100|[from] item: Leftovers\n|-heal|p2a: keep trying|86/100|[from] item: Leftovers\n|upkeep\n|turn|77\n|\n|t:|1782430568\n|switch|p2a: per my last turn|Corviknight, F|100/100\n|-damage|p2a: per my last turn|88/100|[from] Stealth Rock\n|-ability|p2a: per my last turn|Pressure\n|move|p1a: Dondozo|Body Press|p2a: per my last turn\n|-damage|p2a: per my last turn|71/100\n|\n|-end|p2a: per my last turn|move: Future Sight\n|-resisted|p2a: per my last turn\n|-damage|p2a: per my last turn|56/100\n|-heal|p2a: per my last turn|63/100|[from] item: Leftovers\n|-heal|p1a: Dondozo|100/100|[from] item: Leftovers\n|upkeep\n|turn|78\n|\n|t:|1782430584\n|switch|p2a: take your time|Toxapex, F|100/100\n|-damage|p2a: take your time|88/100|[from] Stealth Rock\n|switch|p1a: Slowking|Slowking-Galar, M|34/100\n|\n|-heal|p2a: take your time|94/100|[from] item: Leftovers\n|upkeep\n|turn|79\n|\n|t:|1782430594\n|move|p2a: take your time|Infestation|p1a: Slowking\n|-damage|p1a: Slowking|32/100\n|-activate|p1a: Slowking|move: Infestation|[of] p2a: take your time\n|move|p1a: Slowking|Ice Beam|p2a: take your time\n|-resisted|p2a: take your time\n|-crit|p2a: take your time\n|-damage|p2a: take your time|81/100\n|\n|-heal|p2a: take your time|87/100|[from] item: Leftovers\n|-damage|p1a: Slowking|20/100|[from] move: Infestation|[partiallytrapped]\n|upkeep\n|turn|80\n|\n|t:|1782430605\n|move|p2a: take your time|Infestation|p1a: Slowking\n|-damage|p1a: Slowking|17/100\n|-prepare|p1a: Slowking|Chilly Reception|[premajor]\n|move|p1a: Slowking|Chilly Reception|p1a: Slowking\n|-weather|Snowscape\n|\n|t:|1782430611\n|switch|p1a: Dondozo|Dondozo, F|100/100|[from] Chilly Reception\n|\n|-weather|Snowscape|[upkeep]\n|-heal|p2a: take your time|94/100|[from] item: Leftovers\n|upkeep\n|turn|81\n|\n|t:|1782430618\n|switch|p1a: Slowking|Slowking-Galar, M|50/100\n|move|p2a: take your time|Infestation|p1a: Slowking\n|-damage|p1a: Slowking|48/100\n|-activate|p1a: Slowking|move: Infestation|[of] p2a: take your time\n|\n|-weather|Snowscape|[upkeep]\n|-heal|p2a: take your time|99/100|[from] item: Leftovers\n|-damage|p1a: Slowking|36/100|[from] move: Infestation|[partiallytrapped]\n|upkeep\n|turn|82\n|\n|t:|1782430629\n|switch|p2a: love this for you|Clefable, M|66/100\n|-prepare|p1a: Slowking|Chilly Reception|[premajor]\n|move|p1a: Slowking|Chilly Reception|p1a: Slowking\n|\n|t:|1782430636\n|switch|p1a: Kyurem|Kyurem|63/100 tox|[from] Chilly Reception\n|-ability|p1a: Kyurem|Pressure\n|\n|-weather|Snowscape|[upkeep]\n|-damage|p1a: Kyurem|57/100 tox|[from] psn\n|upkeep\n|turn|83\n|\n|t:|1782430646\n|move|p1a: Kyurem|Freeze-Dry|p2a: love this for you\n|-damage|p2a: love this for you|34/100\n|move|p2a: love this for you|Moonlight|p2a: love this for you\n|-heal|p2a: love this for you|59/100\n|\n|-weather|Snowscape|[upkeep]\n|-damage|p1a: Kyurem|45/100 tox|[from] psn\n|upkeep\n|turn|84\n|\n|t:|1782430658\n|move|p1a: Kyurem|Freeze-Dry|p2a: love this for you\n|-crit|p2a: love this for you\n|-damage|p2a: love this for you|12/100\n|move|p2a: love this for you|Moonlight|p2a: love this for you\n|-heal|p2a: love this for you|37/100\n|\n|-weather|none\n|-damage|p1a: Kyurem|26/100 tox|[from] psn\n|upkeep\n|turn|85\n|\n|t:|1782430669\n|move|p1a: Kyurem|Freeze-Dry|p2a: love this for you\n|-damage|p2a: love this for you|2/100\n|move|p2a: love this for you|Moonlight|p2a: love this for you\n|-heal|p2a: love this for you|52/100\n|\n|-damage|p1a: Kyurem|1/100 tox|[from] psn\n|upkeep\n|turn|86\n|\n|t:|1782430682\n|switch|p1a: Slowking|Slowking-Galar, M|69/100\n|switch|p2a: take your time|Toxapex, F|100/100\n|-damage|p2a: take your time|88/100|[from] Stealth Rock\n|\n|-heal|p2a: take your time|94/100|[from] item: Leftovers\n|upkeep\n|turn|87\n|\n|t:|1782430691\n|move|p2a: take your time|Infestation|p1a: Slowking\n|-damage|p1a: Slowking|66/100\n|-activate|p1a: Slowking|move: Infestation|[of] p2a: take your time\n|move|p1a: Slowking|Ice Beam|p2a: take your time\n|-resisted|p2a: take your time\n|-damage|p2a: take your time|85/100\n|\n|-heal|p2a: take your time|91/100|[from] item: Leftovers\n|-damage|p1a: Slowking|54/100|[from] move: Infestation|[partiallytrapped]\n|upkeep\n|turn|88\n|\n|t:|1782430702\n|move|p2a: take your time|Poison Jab|p1a: Slowking\n|-resisted|p1a: Slowking\n|-damage|p1a: Slowking|47/100\n|-prepare|p1a: Slowking|Chilly Reception|[premajor]\n|move|p1a: Slowking|Chilly Reception|p1a: Slowking\n|-weather|Snowscape\n|\n|t:|1782430709\n|switch|p1a: Dondozo|Dondozo, F|100/100|[from] Chilly Reception\n|\n|-weather|Snowscape|[upkeep]\n|-heal|p2a: take your time|97/100|[from] item: Leftovers\n|upkeep\n|turn|89\n|\n|t:|1782430725\n|switch|p1a: Slowking|Slowking-Galar, M|80/100\n|move|p2a: take your time|Poison Jab|p1a: Slowking\n|-resisted|p1a: Slowking\n|-damage|p1a: Slowking|73/100\n|\n|-weather|Snowscape|[upkeep]\n|-heal|p2a: take your time|100/100|[from] item: Leftovers\n|upkeep\n|turn|90\n|\n|t:|1782430734\n|move|p2a: take your time|Infestation|p1a: Slowking\n|-damage|p1a: Slowking|71/100\n|-activate|p1a: Slowking|move: Infestation|[of] p2a: take your time\n|move|p1a: Slowking|Ice Beam|p2a: take your time\n|-resisted|p2a: take your time\n|-damage|p2a: take your time|91/100\n|\n|-weather|Snowscape|[upkeep]\n|-heal|p2a: take your time|98/100|[from] item: Leftovers\n|-damage|p1a: Slowking|58/100|[from] move: Infestation|[partiallytrapped]\n|upkeep\n|turn|91\n|\n|t:|1782430744\n|move|p2a: take your time|Poison Jab|p1a: Slowking\n|-resisted|p1a: Slowking\n|-damage|p1a: Slowking|52/100\n|-prepare|p1a: Slowking|Chilly Reception|[premajor]\n|move|p1a: Slowking|Chilly Reception|p1a: Slowking\n|\n|t:|1782430753\n|switch|p1a: Dondozo|Dondozo, F|100/100|[from] Chilly Reception\n|\n|-weather|Snowscape|[upkeep]\n|-heal|p2a: take your time|100/100|[from] item: Leftovers\n|upkeep\n|turn|92\n|\n|t:|1782430765\n|switch|p1a: Slowking|Slowking-Galar, M|85/100\n|move|p2a: take your time|Infestation|p1a: Slowking\n|-damage|p1a: Slowking|83/100\n|-activate|p1a: Slowking|move: Infestation|[of] p2a: take your time\n|\n|-weather|none\n|-damage|p1a: Slowking|70/100|[from] move: Infestation|[partiallytrapped]\n|upkeep\n|turn|93\n|\n|t:|1782430779\n|move|p2a: take your time|Poison Jab|p1a: Slowking\n|-resisted|p1a: Slowking\n|-damage|p1a: Slowking|64/100\n|move|p1a: Slowking|Ice Beam|p2a: take your time\n|-resisted|p2a: take your time\n|-damage|p2a: take your time|91/100\n|\n|-heal|p2a: take your time|98/100|[from] item: Leftovers\n|-damage|p1a: Slowking|51/100|[from] move: Infestation|[partiallytrapped]\n|upkeep\n|turn|94\n|\n|t:|1782430793\n|move|p2a: take your time|Poison Jab|p1a: Slowking\n|-resisted|p1a: Slowking\n|-crit|p1a: Slowking\n|-damage|p1a: Slowking|42/100\n|-prepare|p1a: Slowking|Chilly Reception|[premajor]\n|move|p1a: Slowking|Chilly Reception|p1a: Slowking\n|-weather|Snowscape\n|\n|t:|1782430811\n|switch|p1a: Dondozo|Dondozo, F|100/100|[from] Chilly Reception\n|\n|-weather|Snowscape|[upkeep]\n|-heal|p2a: take your time|100/100|[from] item: Leftovers\n|upkeep\n|turn|95\n|\n|t:|1782430821\n|switch|p1a: Slowking|Slowking-Galar, M|75/100\n|move|p2a: take your time|Infestation|p1a: Slowking\n|-damage|p1a: Slowking|73/100\n|-activate|p1a: Slowking|move: Infestation|[of] p2a: take your time\n|\n|-weather|Snowscape|[upkeep]\n|-damage|p1a: Slowking|60/100|[from] move: Infestation|[partiallytrapped]\n|upkeep\n|turn|96\n|\n|t:|1782430832\n|move|p2a: take your time|Poison Jab|p1a: Slowking\n|-resisted|p1a: Slowking\n|-damage|p1a: Slowking|54/100\n|-prepare|p1a: Slowking|Chilly Reception|[premajor]\n|move|p1a: Slowking|Chilly Reception|p1a: Slowking\n|\n|t:|1782430839\n|switch|p1a: Dondozo|Dondozo, F|100/100|[from] Chilly Reception\n|\n|-weather|Snowscape|[upkeep]\n|upkeep\n|turn|97\n|\n|t:|1782430847\n|move|p2a: take your time|Infestation|p1a: Dondozo\n|-damage|p1a: Dondozo|99/100\n|-activate|p1a: Dondozo|move: Infestation|[of] p2a: take your time\n|move|p1a: Dondozo|Curse|p1a: Dondozo\n|-unboost|p1a: Dondozo|spe|1\n|-boost|p1a: Dondozo|atk|1\n|-boost|p1a: Dondozo|def|1\n|\n|-weather|Snowscape|[upkeep]\n|-heal|p1a: Dondozo|100/100|[from] item: Leftovers\n|-damage|p1a: Dondozo|88/100|[from] move: Infestation|[partiallytrapped]\n|upkeep\n|turn|98\n|\n|t:|1782430859\n|move|p2a: take your time|Poison Jab|p1a: Dondozo\n|-damage|p1a: Dondozo|80/100\n|move|p1a: Dondozo|Curse|p1a: Dondozo\n|-unboost|p1a: Dondozo|spe|1\n|-boost|p1a: Dondozo|atk|1\n|-boost|p1a: Dondozo|def|1\n|\n|-weather|none\n|-heal|p1a: Dondozo|87/100|[from] item: Leftovers\n|-damage|p1a: Dondozo|74/100|[from] move: Infestation|[partiallytrapped]\n|upkeep\n|turn|99\n|\n|t:|1782430870\n|move|p2a: take your time|Poison Jab|p1a: Dondozo\n|-damage|p1a: Dondozo|68/100\n|move|p1a: Dondozo|Curse|p1a: Dondozo\n|-unboost|p1a: Dondozo|spe|1\n|-boost|p1a: Dondozo|atk|1\n|-boost|p1a: Dondozo|def|1\n|\n|-heal|p1a: Dondozo|74/100|[from] item: Leftovers\n|-damage|p1a: Dondozo|62/100|[from] move: Infestation|[partiallytrapped]\n|upkeep\n|turn|100\n|\n|t:|1782430884\n|move|p2a: take your time|Poison Jab|p1a: Dondozo\n|-damage|p1a: Dondozo|57/100\n|move|p1a: Dondozo|Body Press|p2a: take your time\n|-resisted|p2a: take your time\n|-damage|p2a: take your time|85/100\n|\n|-heal|p2a: take your time|92/100|[from] item: Leftovers\n|-heal|p1a: Dondozo|63/100|[from] item: Leftovers\n|-damage|p1a: Dondozo|51/100|[from] move: Infestation|[partiallytrapped]\n|upkeep\n|turn|101\n|\n|t:|1782430895\n|move|p2a: take your time|Poison Jab|p1a: Dondozo\n|-damage|p1a: Dondozo|46/100\n|move|p1a: Dondozo|Body Press|p2a: take your time\n|-resisted|p2a: take your time\n|-damage|p2a: take your time|76/100\n|\n|-heal|p2a: take your time|82/100|[from] item: Leftovers\n|-heal|p1a: Dondozo|52/100|[from] item: Leftovers\n|-damage|p1a: Dondozo|40/100|[from] move: Infestation|[partiallytrapped]\n|upkeep\n|turn|102\n|\n|t:|1782430906\n|move|p2a: take your time|Poison Jab|p1a: Dondozo\n|-damage|p1a: Dondozo|35/100\n|move|p1a: Dondozo|Waterfall|p2a: take your time\n|-resisted|p2a: take your time\n|-damage|p2a: take your time|63/100\n|\n|-heal|p2a: take your time|69/100|[from] item: Leftovers\n|-heal|p1a: Dondozo|41/100|[from] item: Leftovers\n|-end|p1a: Dondozo|Infestation|[partiallytrapped]\n|upkeep\n|turn|103\n|\n|t:|1782430917\n|move|p2a: take your time|Poison Jab|p1a: Dondozo\n|-damage|p1a: Dondozo|36/100\n|move|p1a: Dondozo|Rest|p1a: Dondozo\n|-status|p1a: Dondozo|slp|[from] move: Rest\n|-heal|p1a: Dondozo|100/100 slp|[silent]\n|\n|-heal|p2a: take your time|75/100|[from] item: Leftovers\n|upkeep\n|turn|104\n|inactive|beanbois69 has 120 seconds left.\n|inactive|beanbois69 has 90 seconds left.\n|\n|t:|1782430958\n|switch|p2a: per my last turn|Corviknight, F|63/100\n|-damage|p2a: per my last turn|50/100|[from] Stealth Rock\n|-ability|p2a: per my last turn|Pressure\n|cant|p1a: Dondozo|slp\n|\n|-heal|p2a: per my last turn|56/100|[from] item: Leftovers\n|upkeep\n|turn|105\n|inactive|beanbois69 has 90 seconds left.\n|\n|t:|1782430972\n|move|p2a: per my last turn|Defog|p1a: Dondozo\n|-unboost|p1a: Dondozo|evasion|1\n|-sideend|p2: beanbois69|Stealth Rock|[from] move: Defog|[of] p2a: per my last turn\n|cant|p1a: Dondozo|slp\n|\n|-heal|p2a: per my last turn|63/100|[from] item: Leftovers\n|upkeep\n|turn|106\n|\n|t:|1782430981\n|switch|p2a: keep trying|Dondozo, M|86/100\n|-curestatus|p1a: Dondozo|slp|[msg]\n|move|p1a: Dondozo|Waterfall|p2a: keep trying\n|-resisted|p2a: keep trying\n|-damage|p2a: keep trying|80/100\n|\n|-heal|p2a: keep trying|87/100|[from] item: Leftovers\n|upkeep\n|turn|107\n|\n|t:|1782430993\n|move|p2a: keep trying|Curse|p2a: keep trying\n|-unboost|p2a: keep trying|spe|1\n|-boost|p2a: keep trying|atk|1\n|-boost|p2a: keep trying|def|1\n|move|p1a: Dondozo|Body Press|p2a: keep trying\n|-damage|p2a: keep trying|78/100\n|\n|-heal|p2a: keep trying|84/100|[from] item: Leftovers\n|upkeep\n|turn|108\n|\n|t:|1782431003\n|move|p2a: keep trying|Curse|p2a: keep trying\n|-unboost|p2a: keep trying|spe|1\n|-boost|p2a: keep trying|atk|1\n|-boost|p2a: keep trying|def|1\n|move|p1a: Dondozo|Body Press|p2a: keep trying\n|-damage|p2a: keep trying|75/100\n|\n|-heal|p2a: keep trying|81/100|[from] item: Leftovers\n|upkeep\n|turn|109\n|\n|t:|1782431016\n|move|p2a: keep trying|Curse|p2a: keep trying\n|-unboost|p2a: keep trying|spe|1\n|-boost|p2a: keep trying|atk|1\n|-boost|p2a: keep trying|def|1\n|move|p1a: Dondozo|Waterfall|p2a: keep trying\n|-resisted|p2a: keep trying\n|-damage|p2a: keep trying|75/100\n|\n|-heal|p2a: keep trying|81/100|[from] item: Leftovers\n|upkeep\n|turn|110\n|\n|t:|1782431026\n|move|p1a: Dondozo|Waterfall|p2a: keep trying\n|-resisted|p2a: keep trying\n|-damage|p2a: keep trying|75/100\n|move|p2a: keep trying|Curse|p2a: keep trying\n|-unboost|p2a: keep trying|spe|1\n|-boost|p2a: keep trying|atk|1\n|-boost|p2a: keep trying|def|1\n|\n|-heal|p2a: keep trying|82/100|[from] item: Leftovers\n|upkeep\n|turn|111\n|\n|t:|1782431036\n|move|p1a: Dondozo|Body Press|p2a: keep trying\n|-damage|p2a: keep trying|73/100\n|move|p2a: keep trying|Curse|p2a: keep trying\n|-unboost|p2a: keep trying|spe|1\n|-boost|p2a: keep trying|atk|1\n|-boost|p2a: keep trying|def|1\n|\n|-heal|p2a: keep trying|79/100|[from] item: Leftovers\n|upkeep\n|turn|112\n|\n|t:|1782431046\n|move|p1a: Dondozo|Waterfall|p2a: keep trying\n|-resisted|p2a: keep trying\n|-damage|p2a: keep trying|73/100\n|move|p2a: keep trying|Curse|p2a: keep trying\n|-unboost|p2a: keep trying|spe|1\n|-boost|p2a: keep trying|atk|1\n|-boost|p2a: keep trying|def|1\n|\n|-heal|p2a: keep trying|79/100|[from] item: Leftovers\n|upkeep\n|turn|113\n|inactive|beanbois69 has 60 seconds left.\n|\n|t:|1782431057\n|move|p1a: Dondozo|Waterfall|p2a: keep trying\n|-resisted|p2a: keep trying\n|-damage|p2a: keep trying|73/100\n|move|p2a: keep trying|Crunch|p1a: Dondozo\n|-damage|p1a: Dondozo|89/100\n|\n|-heal|p1a: Dondozo|95/100|[from] item: Leftovers\n|-heal|p2a: keep trying|80/100|[from] item: Leftovers\n|upkeep\n|turn|114\n|inactive|beanbois69 has 60 seconds left.\n|\n|t:|1782431068\n|move|p1a: Dondozo|Curse|p1a: Dondozo\n|-unboost|p1a: Dondozo|spe|1\n|-boost|p1a: Dondozo|atk|1\n|-boost|p1a: Dondozo|def|1\n|move|p2a: keep trying|Crunch|p1a: Dondozo\n|-damage|p1a: Dondozo|83/100\n|\n|-heal|p1a: Dondozo|89/100|[from] item: Leftovers\n|-heal|p2a: keep trying|86/100|[from] item: Leftovers\n|upkeep\n|turn|115\n|\n|t:|1782431080\n|move|p1a: Dondozo|Body Press|p2a: keep trying\n|-damage|p2a: keep trying|77/100\n|move|p2a: keep trying|Crunch|p1a: Dondozo\n|-damage|p1a: Dondozo|78/100\n|\n|-heal|p1a: Dondozo|84/100|[from] item: Leftovers\n|-heal|p2a: keep trying|83/100|[from] item: Leftovers\n|upkeep\n|turn|116\n|\n|t:|1782431090\n|move|p1a: Dondozo|Body Press|p2a: keep trying\n|-damage|p2a: keep trying|73/100\n|move|p2a: keep trying|Crunch|p1a: Dondozo\n|-crit|p1a: Dondozo\n|-damage|p1a: Dondozo|67/100\n|\n|-heal|p1a: Dondozo|73/100|[from] item: Leftovers\n|-heal|p2a: keep trying|79/100|[from] item: Leftovers\n|upkeep\n|turn|117\n|\n|t:|1782431101\n|move|p1a: Dondozo|Waterfall|p2a: keep trying\n|-resisted|p2a: keep trying\n|-damage|p2a: keep trying|73/100\n|cant|p2a: keep trying|flinch\n|\n|-heal|p1a: Dondozo|79/100|[from] item: Leftovers\n|-heal|p2a: keep trying|80/100|[from] item: Leftovers\n|upkeep\n|turn|118\n|\n|t:|1782431109\n|move|p1a: Dondozo|Body Press|p2a: keep trying\n|-crit|p2a: keep trying\n|-damage|p2a: keep trying|65/100\n|move|p2a: keep trying|Crunch|p1a: Dondozo\n|-damage|p1a: Dondozo|67/100\n|\n|-heal|p1a: Dondozo|73/100|[from] item: Leftovers\n|-heal|p2a: keep trying|71/100|[from] item: Leftovers\n|upkeep\n|turn|119\n|\n|t:|1782431118\n|move|p1a: Dondozo|Waterfall|p2a: keep trying\n|-resisted|p2a: keep trying\n|-damage|p2a: keep trying|66/100\n|move|p2a: keep trying|Crunch|p1a: Dondozo\n|-damage|p1a: Dondozo|63/100\n|\n|-heal|p1a: Dondozo|69/100|[from] item: Leftovers\n|-heal|p2a: keep trying|72/100|[from] item: Leftovers\n|upkeep\n|turn|120\n|inactive|beanbois69 has 30 seconds left.\n|\n|t:|1782431141\n|move|p1a: Dondozo|Rest|p1a: Dondozo\n|-status|p1a: Dondozo|slp|[from] move: Rest\n|-heal|p1a: Dondozo|100/100 slp|[silent]\n|move|p2a: keep trying|Crunch|p1a: Dondozo\n|-damage|p1a: Dondozo|90/100 slp\n|-unboost|p1a: Dondozo|def|1\n|\n|-heal|p1a: Dondozo|96/100 slp|[from] item: Leftovers\n|-heal|p2a: keep trying|78/100|[from] item: Leftovers\n|upkeep\n|turn|121\n|inactive|beanbois69 has 30 seconds left this turn.\n|inactive|beanbois69 has 20 seconds left.\n|\n|t:|1782431152\n|cant|p1a: Dondozo|slp\n|move|p2a: keep trying|Crunch|p1a: Dondozo\n|-damage|p1a: Dondozo|85/100 slp\n|-unboost|p1a: Dondozo|def|1\n|\n|-heal|p1a: Dondozo|91/100 slp|[from] item: Leftovers\n|-heal|p2a: keep trying|84/100|[from] item: Leftovers\n|upkeep\n|turn|122\n|inactive|beanbois69 has 25 seconds left this turn.\n|inactive|beanbois69 has 20 seconds left.\n|inactive|beanbois69 has 15 seconds left.\n|inactive|beanbois69 has 10 seconds left.\n|\n|t:|1782431168\n|switch|p2a: love this for you|Clefable, M|52/100\n|cant|p1a: Dondozo|slp\n|\n|-heal|p1a: Dondozo|97/100 slp|[from] item: Leftovers\n|upkeep\n|turn|123\n|inactive|beanbois69 has 15 seconds left this turn.\n|inactive|beanbois69 has 10 seconds left.\n|\n|t:|1782431175\n|move|p2a: love this for you|Moonlight|p2a: love this for you\n|-heal|p2a: love this for you|100/100\n|-curestatus|p1a: Dondozo|slp|[msg]\n|move|p1a: Dondozo|Body Press|p2a: love this for you\n|-resisted|p2a: love this for you\n|-damage|p2a: love this for you|86/100\n|\n|-heal|p1a: Dondozo|100/100|[from] item: Leftovers\n|upkeep\n|turn|124\n|inactive|beanbois69 has 15 seconds left this turn.\n|inactive|beanbois69 has 10 seconds left.\n|inactive|beanbois69 has 5 seconds left.\n|\n|t:|1782431186\n|switch|p2a: keep trying|Dondozo, M|84/100\n|move|p1a: Dondozo|Waterfall|p2a: keep trying\n|-resisted|p2a: keep trying\n|-damage|p2a: keep trying|79/100\n|\n|-heal|p2a: keep trying|85/100|[from] item: Leftovers\n|upkeep\n|turn|125\n|inactive|beanbois69 has 10 seconds left this turn.\n|\n|t:|1782431192\n|move|p2a: keep trying|Curse|p2a: keep trying\n|-unboost|p2a: keep trying|spe|1\n|-boost|p2a: keep trying|atk|1\n|-boost|p2a: keep trying|def|1\n|move|p1a: Dondozo|Body Press|p2a: keep trying\n|-damage|p2a: keep trying|75/100\n|\n|-heal|p2a: keep trying|82/100|[from] item: Leftovers\n|upkeep\n|turn|126\n|inactive|beanbois69 has 15 seconds left this turn.\n|\n|t:|1782431198\n|switch|p1a: Slowking|Slowking-Galar, M|87/100\n|move|p2a: keep trying|Curse|p2a: keep trying\n|-unboost|p2a: keep trying|spe|1\n|-boost|p2a: keep trying|atk|1\n|-boost|p2a: keep trying|def|1\n|\n|-heal|p2a: keep trying|88/100|[from] item: Leftovers\n|upkeep\n|turn|127\n|inactive|beanbois69 has 20 seconds left this turn.\n|inactive|beanbois69 has 15 seconds left.\n|\n|t:|1782431206\n|switch|p1a: Corviknight|Corviknight, M|85/100\n|-ability|p1a: Corviknight|Pressure\n|switch|p2a: did you calc that?|Clodsire, M|65/100\n|\n|upkeep\n|turn|128\n|inactive|beanbois69 has 20 seconds left this turn.\n|inactive|beanbois69 has 15 seconds left.\n|inactive|beanbois69 has 10 seconds left.\n|\n|t:|1782431219\n|move|p1a: Corviknight|Brave Bird|p2a: did you calc that?\n|-damage|p2a: did you calc that?|26/100\n|-damage|p1a: Corviknight|70/100|[from] Recoil\n|move|p2a: did you calc that?|Spikes|p1a: Corviknight\n|-sidestart|p1: thepeakmons|Spikes\n|\n|upkeep\n|turn|129\n|inactive|beanbois69 has 15 seconds left this turn.\n|inactive|beanbois69 has 10 seconds left.\n|\n|t:|1782431226\n|switch|p2a: per my last turn|Corviknight, F|63/100\n|-ability|p2a: per my last turn|Pressure\n|move|p1a: Corviknight|Brave Bird|p2a: per my last turn\n|-resisted|p2a: per my last turn\n|-damage|p2a: per my last turn|47/100\n|-damage|p1a: Corviknight|65/100|[from] Recoil\n|\n|-heal|p2a: per my last turn|53/100|[from] item: Leftovers\n|upkeep\n|turn|130\n|inactive|beanbois69 has 15 seconds left this turn.\n|inactive|beanbois69 has 10 seconds left.\n|\n|t:|1782431233\n|move|p1a: Corviknight|Roost|p1a: Corviknight\n|-heal|p1a: Corviknight|100/100\n|-singleturn|p1a: Corviknight|move: Roost\n|move|p2a: per my last turn|Brave Bird|p1a: Corviknight\n|-resisted|p1a: Corviknight\n|-damage|p1a: Corviknight|89/100\n|-damage|p2a: per my last turn|49/100|[from] Recoil\n|\n|-heal|p2a: per my last turn|56/100|[from] item: Leftovers\n|upkeep\n|turn|131\n|inactive|beanbois69 has 15 seconds left this turn.\n|inactive|beanbois69 has 10 seconds left.\n|\n|t:|1782431241\n|move|p1a: Corviknight|Defog|p2a: per my last turn\n|-unboost|p2a: per my last turn|evasion|1\n|-sideend|p1: thepeakmons|Spikes|[from] move: Defog|[of] p1a: Corviknight\n|move|p2a: per my last turn|Roost|p2a: per my last turn\n|-heal|p2a: per my last turn|100/100\n|-singleturn|p2a: per my last turn|move: Roost\n|\n|upkeep\n|turn|132\n|inactive|beanbois69 has 15 seconds left this turn.\n|inactive|beanbois69 has 10 seconds left.\n|\n|t:|1782431249\n|move|p2a: per my last turn|Brave Bird|p1a: Corviknight\n|-resisted|p1a: Corviknight\n|-damage|p1a: Corviknight|78/100\n|-damage|p2a: per my last turn|97/100|[from] Recoil\n|move|p1a: Corviknight|Brave Bird|p2a: per my last turn\n|-resisted|p2a: per my last turn\n|-damage|p2a: per my last turn|83/100\n|-damage|p1a: Corviknight|74/100|[from] Recoil\n|\n|-heal|p2a: per my last turn|89/100|[from] item: Leftovers\n|upkeep\n|turn|133\n|inactive|beanbois69 has 15 seconds left this turn.\n|inactive|beanbois69 has 10 seconds left.\n|\n|t:|1782431259\n|move|p1a: Corviknight|Roost|p1a: Corviknight\n|-heal|p1a: Corviknight|100/100\n|-singleturn|p1a: Corviknight|move: Roost\n|move|p2a: per my last turn|Brave Bird|p1a: Corviknight\n|-resisted|p1a: Corviknight\n|-damage|p1a: Corviknight|90/100\n|-damage|p2a: per my last turn|86/100|[from] Recoil\n|\n|-heal|p2a: per my last turn|92/100|[from] item: Leftovers\n|upkeep\n|turn|134\n|inactive|beanbois69 has 15 seconds left this turn.\n|inactive|beanbois69 has 10 seconds left.\n|\n|t:|1782431267\n|move|p1a: Corviknight|Roost|p1a: Corviknight\n|-heal|p1a: Corviknight|100/100\n|-singleturn|p1a: Corviknight|move: Roost\n|move|p2a: per my last turn|Brave Bird|p1a: Corviknight\n|-resisted|p1a: Corviknight\n|-damage|p1a: Corviknight|90/100\n|-damage|p2a: per my last turn|89/100|[from] Recoil\n|\n|-heal|p2a: per my last turn|95/100|[from] item: Leftovers\n|upkeep\n|turn|135\n|inactive|beanbois69 has 15 seconds left this turn.\n|\n|t:|1782431275\n|move|p2a: per my last turn|Brave Bird|p1a: Corviknight\n|-resisted|p1a: Corviknight\n|-damage|p1a: Corviknight|79/100\n|-damage|p2a: per my last turn|91/100|[from] Recoil\n|move|p1a: Corviknight|Brave Bird|p2a: per my last turn\n|-resisted|p2a: per my last turn\n|-damage|p2a: per my last turn|77/100\n|-damage|p1a: Corviknight|74/100|[from] Recoil\n|\n|-heal|p2a: per my last turn|83/100|[from] item: Leftovers\n|upkeep\n|turn|136\n|inactive|beanbois69 has 20 seconds left this turn.\n|inactive|beanbois69 has 15 seconds left.\n|inactive|beanbois69 has 10 seconds left.\n|\n|t:|1782431285\n|move|p1a: Corviknight|Brave Bird|p2a: per my last turn\n|-resisted|p2a: per my last turn\n|-damage|p2a: per my last turn|69/100\n|-damage|p1a: Corviknight|69/100|[from] Recoil\n|move|p2a: per my last turn|Defog|p1a: Corviknight\n|-unboost|p1a: Corviknight|evasion|1\n|\n|-heal|p2a: per my last turn|76/100|[from] item: Leftovers\n|upkeep\n|turn|137\n|inactive|beanbois69 has 15 seconds left this turn.\n|inactive|beanbois69 has 10 seconds left.\n|\n|t:|1782431292\n|move|p2a: per my last turn|Defog|p1a: Corviknight\n|-unboost|p1a: Corviknight|evasion|1\n|move|p1a: Corviknight|Roost|p1a: Corviknight\n|-heal|p1a: Corviknight|100/100\n|-singleturn|p1a: Corviknight|move: Roost\n|\n|-heal|p2a: per my last turn|82/100|[from] item: Leftovers\n|upkeep\n|turn|138\n|inactive|beanbois69 has 15 seconds left this turn.\n|inactive|beanbois69 has 10 seconds left.\n|\n|t:|1782431301\n|switch|p1a: Slowking|Slowking-Galar, M|100/100\n|move|p2a: per my last turn|Brave Bird|p1a: Slowking\n|-damage|p1a: Slowking|74/100\n|-damage|p2a: per my last turn|73/100|[from] Recoil\n|\n|-heal|p2a: per my last turn|79/100|[from] item: Leftovers\n|upkeep\n|turn|139\n|inactive|beanbois69 has 15 seconds left this turn.\n|inactive|beanbois69 has 10 seconds left.\n|\n|t:|1782431308\n|move|p2a: per my last turn|Protect|p2a: per my last turn\n|-singleturn|p2a: per my last turn|Protect\n|move|p1a: Slowking|Future Sight|p2a: per my last turn\n|-start|p1a: Slowking|move: Future Sight\n|\n|-heal|p2a: per my last turn|86/100|[from] item: Leftovers\n|upkeep\n|turn|140\n|inactive|beanbois69 has 15 seconds left this turn.\n|inactive|beanbois69 has 10 seconds left.\n|\n|t:|1782431317\n|switch|p1a: Dondozo|Dondozo, F|100/100\n|move|p2a: per my last turn|Brave Bird|p1a: Dondozo\n|-damage|p1a: Dondozo|77/100\n|-damage|p2a: per my last turn|76/100|[from] Recoil\n|\n|-heal|p2a: per my last turn|82/100|[from] item: Leftovers\n|-heal|p1a: Dondozo|83/100|[from] item: Leftovers\n|upkeep\n|turn|141\n|inactive|beanbois69 has 15 seconds left this turn.\n|inactive|beanbois69 has 10 seconds left.\n|\n|t:|1782431326\n|move|p2a: per my last turn|Protect|p2a: per my last turn\n|-singleturn|p2a: per my last turn|Protect\n|move|p1a: Dondozo|Curse|p1a: Dondozo\n|-unboost|p1a: Dondozo|spe|1\n|-boost|p1a: Dondozo|atk|1\n|-boost|p1a: Dondozo|def|1\n|\n|-end|p2a: per my last turn|move: Future Sight\n|-resisted|p2a: per my last turn\n|-damage|p2a: per my last turn|67/100\n|-heal|p2a: per my last turn|74/100|[from] item: Leftovers\n|-heal|p1a: Dondozo|89/100|[from] item: Leftovers\n|upkeep\n|turn|142\n|inactive|beanbois69 has 15 seconds left this turn.\n|inactive|beanbois69 has 10 seconds left.\n|inactive|beanbois69 has 5 seconds left.\n|\n|t:|1782431339\n|move|p2a: per my last turn|Defog|p1a: Dondozo\n|-unboost|p1a: Dondozo|evasion|1\n|move|p1a: Dondozo|Waterfall|p2a: per my last turn\n|-damage|p2a: per my last turn|40/100\n|\n|-heal|p2a: per my last turn|47/100|[from] item: Leftovers\n|-heal|p1a: Dondozo|96/100|[from] item: Leftovers\n|upkeep\n|turn|143\n|inactive|beanbois69 has 10 seconds left this turn.\n|\n|t:|1782431345\n|move|p2a: per my last turn|Roost|p2a: per my last turn\n|-heal|p2a: per my last turn|97/100\n|-singleturn|p2a: per my last turn|move: Roost\n|move|p1a: Dondozo|Waterfall|p2a: per my last turn\n|-damage|p2a: per my last turn|66/100\n|\n|-heal|p2a: per my last turn|72/100|[from] item: Leftovers\n|-heal|p1a: Dondozo|100/100|[from] item: Leftovers\n|upkeep\n|turn|144\n|inactive|beanbois69 has 15 seconds left this turn.\n|inactive|beanbois69 has 10 seconds left.\n|\n|t:|1782431354\n|move|p2a: per my last turn|Protect|p2a: per my last turn\n|-singleturn|p2a: per my last turn|Protect\n|move|p1a: Dondozo|Body Press|p2a: per my last turn\n|-activate|p2a: per my last turn|move: Protect\n|\n|-heal|p2a: per my last turn|78/100|[from] item: Leftovers\n|upkeep\n|turn|145\n|inactive|beanbois69 has 15 seconds left this turn.\n|inactive|beanbois69 has 10 seconds left.\n|\n|t:|1782431362\n|move|p2a: per my last turn|Roost|p2a: per my last turn\n|-heal|p2a: per my last turn|100/100\n|-singleturn|p2a: per my last turn|move: Roost\n|move|p1a: Dondozo|Waterfall|p2a: per my last turn\n|-damage|p2a: per my last turn|65/100\n|\n|-heal|p2a: per my last turn|71/100|[from] item: Leftovers\n|upkeep\n|turn|146\n|inactive|beanbois69 has 15 seconds left this turn.\n|inactive|beanbois69 has 10 seconds left.\n|inactive|beanbois69 has 5 seconds left.\n|\n|t:|1782431373\n|move|p2a: per my last turn|Protect|p2a: per my last turn\n|-singleturn|p2a: per my last turn|Protect\n|move|p1a: Dondozo|Body Press|p2a: per my last turn\n|-activate|p2a: per my last turn|move: Protect\n|\n|-heal|p2a: per my last turn|77/100|[from] item: Leftovers\n|upkeep\n|turn|147\n|inactive|beanbois69 has 10 seconds left this turn.\n|inactive|beanbois69 has 5 seconds left.\n|\n|t:|1782431383\n|switch|p1a: Slowking|Slowking-Galar, M|100/100\n|move|p2a: per my last turn|Defog|p1a: Slowking\n|-unboost|p1a: Slowking|evasion|1\n|\n|-heal|p2a: per my last turn|84/100|[from] item: Leftovers\n|upkeep\n|turn|148\n|inactive|beanbois69 has 10 seconds left this turn.\n|inactive|beanbois69 has 5 seconds left.\n|\n|t:|1782431389\n|move|p2a: per my last turn|Brave Bird|p1a: Slowking\n|-damage|p1a: Slowking|73/100\n|-damage|p2a: per my last turn|75/100|[from] Recoil\n|move|p1a: Slowking|Future Sight|p2a: per my last turn\n|-start|p1a: Slowking|move: Future Sight\n|\n|-heal|p2a: per my last turn|81/100|[from] item: Leftovers\n|upkeep\n|turn|149\n|inactive|beanbois69 has 10 seconds left this turn.\n|inactive|beanbois69 has 5 seconds left.\n|\n|t:|1782431396\n|switch|p1a: Ting-Lu|Ting-Lu|82/100\n|-ability|p1a: Ting-Lu|Vessel of Ruin\n|move|p2a: per my last turn|Brave Bird|p1a: Ting-Lu\n|-damage|p1a: Ting-Lu|63/100\n|-damage|p2a: per my last turn|73/100|[from] Recoil\n|\n|-heal|p2a: per my last turn|79/100|[from] item: Leftovers\n|upkeep\n|turn|150\n|inactive|beanbois69 has 10 seconds left this turn.\n|inactive|beanbois69 has 5 seconds left.\n|\n|t:|1782431404\n|switch|p2a: take your time|Toxapex, F|100/100\n|move|p1a: Ting-Lu|Rest|p1a: Ting-Lu\n|-status|p1a: Ting-Lu|slp|[from] move: Rest\n|-heal|p1a: Ting-Lu|100/100 slp|[silent]\n|\n|-end|p2a: take your time|move: Future Sight\n|-supereffective|p2a: take your time\n|-crit|p2a: take your time\n|-damage|p2a: take your time|23/100\n|-heal|p2a: take your time|29/100|[from] item: Leftovers\n|upkeep\n|turn|151\n|inactive|beanbois69 has 10 seconds left this turn.\n|inactive|beanbois69 has 5 seconds left.\n|\n|t:|1782431411\n|move|p2a: take your time|Baneful Bunker|p2a: take your time\n|-singleturn|p2a: take your time|move: Protect\n|cant|p1a: Ting-Lu|slp\n|move|p1a: Ting-Lu|Sleep Talk|p1a: Ting-Lu\n|move|p1a: Ting-Lu|Rest||[from] move: Sleep Talk|[still]\n|-fail|p1a: Ting-Lu\n|\n|-heal|p2a: take your time|35/100|[from] item: Leftovers\n|upkeep\n|turn|152\n|inactive|beanbois69 has 10 seconds left this turn.\n|inactive|beanbois69 has 5 seconds left.\n|\n|t:|1782431419\n|cant|p1a: Ting-Lu|slp\n|move|p1a: Ting-Lu|Sleep Talk|p1a: Ting-Lu\n|move|p1a: Ting-Lu|Rest||[from] move: Sleep Talk|[still]\n|-fail|p1a: Ting-Lu\n|move|p2a: take your time|Recover|p2a: take your time\n|-heal|p2a: take your time|85/100\n|\n|-heal|p2a: take your time|92/100|[from] item: Leftovers\n|upkeep\n|turn|153\n|inactive|beanbois69 has 10 seconds left this turn.\n|\n|t:|1782431425\n|switch|p2a: keep trying|Dondozo, M|88/100\n|-curestatus|p1a: Ting-Lu|slp|[msg]\n|move|p1a: Ting-Lu|Earthquake|p2a: keep trying\n|-damage|p2a: keep trying|71/100\n|\n|-heal|p2a: keep trying|77/100|[from] item: Leftovers\n|upkeep\n|turn|154\n|inactive|beanbois69 has 15 seconds left this turn.\n|inactive|beanbois69 has 10 seconds left.\n|\n|t:|1782431432\n|move|p1a: Ting-Lu|Earthquake|p2a: keep trying\n|-damage|p2a: keep trying|60/100\n|move|p2a: keep trying|Curse|p2a: keep trying\n|-unboost|p2a: keep trying|spe|1\n|-boost|p2a: keep trying|atk|1\n|-boost|p2a: keep trying|def|1\n|\n|-heal|p2a: keep trying|66/100|[from] item: Leftovers\n|upkeep\n|turn|155\n|inactive|beanbois69 has 15 seconds left this turn.\n|inactive|beanbois69 has 10 seconds left.\n|\n|t:|1782431438\n|move|p1a: Ting-Lu|Earthquake|p2a: keep trying\n|-damage|p2a: keep trying|55/100\n|move|p2a: keep trying|Curse|p2a: keep trying\n|-unboost|p2a: keep trying|spe|1\n|-boost|p2a: keep trying|atk|1\n|-boost|p2a: keep trying|def|1\n|\n|-heal|p2a: keep trying|61/100|[from] item: Leftovers\n|upkeep\n|turn|156\n|inactive|beanbois69 has 15 seconds left this turn.\n|\n|t:|1782431445\n|switch|p1a: Dondozo|Dondozo, F|100/100\n|move|p2a: keep trying|Rest|p2a: keep trying\n|-status|p2a: keep trying|slp|[from] move: Rest\n|-heal|p2a: keep trying|100/100 slp|[silent]\n|\n|upkeep\n|turn|157\n|inactive|beanbois69 has 20 seconds left this turn.\n|inactive|beanbois69 has 15 seconds left.\n|inactive|beanbois69 has 10 seconds left.\n|\n|t:|1782431457\n|move|p1a: Dondozo|Curse|p1a: Dondozo\n|-unboost|p1a: Dondozo|spe|1\n|-boost|p1a: Dondozo|atk|1\n|-boost|p1a: Dondozo|def|1\n|cant|p2a: keep trying|slp\n|move|p2a: keep trying|Sleep Talk|p2a: keep trying\n|move|p2a: keep trying|Crunch|p1a: Dondozo|[from] move: Sleep Talk\n|-damage|p1a: Dondozo|89/100\n|\n|-heal|p1a: Dondozo|95/100|[from] item: Leftovers\n|upkeep\n|turn|158\n|inactive|beanbois69 has 15 seconds left this turn.\n|inactive|beanbois69 has 10 seconds left.\n|\n|t:|1782431464\n|move|p1a: Dondozo|Waterfall|p2a: keep trying\n|-resisted|p2a: keep trying\n|-damage|p2a: keep trying|94/100 slp\n|cant|p2a: keep trying|slp\n|move|p2a: keep trying|Sleep Talk|p2a: keep trying\n|move|p2a: keep trying|Rest||[from] move: Sleep Talk|[still]\n|-fail|p2a: keep trying\n|\n|-heal|p1a: Dondozo|100/100|[from] item: Leftovers\n|-heal|p2a: keep trying|99/100 slp|[from] item: Leftovers\n|upkeep\n|turn|159\n|inactive|beanbois69 has 15 seconds left this turn.\n|l|☆thepeakmons\n|inactive|thepeakmons disconnected and has a minute to reconnect!\n|player|p1|\n|inactive|beanbois69 has 10 seconds left.\n|j|☆thepeakmons\n|inactive|thepeakmons reconnected and has 115 seconds left.\n|player|p1|thepeakmons|101|\n|-message|thepeakmons forfeited.\n|\n|win|beanbois69\n|raw|thepeakmons's rating: 1202 &rarr; <strong>1179</strong><br />(-23 for losing)\n|raw|beanbois69's rating: 1232 &rarr; <strong>1255</strong><br />(+23 for winning)\n|l|☆thepeakmons\n|player|p1|\n", "uploadtime": 1782431517, "views": 28, "formatid": "gen9ou", "rating": 1179, "private": 0, "password": null}