{"id": "gen9ou-2540711686", "format": "[Gen 9] OU", "players": ["GODKUD", "gigabowser20"], "log": "|j|☆GODKUD\n|j|☆gigabowser20\n|t:|1771244258\n|gametype|singles\n|player|p1|GODKUD|ghetsis-gen5bw|1612\n|player|p2|gigabowser20|rosa|1552\n|gen|9\n|tier|[Gen 9] OU\n|rated|\n|rule|HP Percentage Mod: HP is shown in percentages\n|rule|Endless Battle Clause: Forcing endless battles is banned\n|rule|Species Clause: Limit one of each Pokémon\n|rule|OHKO Clause: OHKO moves are banned\n|rule|Evasion Items Clause: Evasion items are banned\n|rule|Evasion Moves Clause: Evasion moves are banned\n|rule|Evasion Abilities Clause: Evasion abilities are banned\n|rule|Sleep Moves Clause: Sleep-inducing moves are banned\n|clearpoke\n|poke|p1|Deoxys-Speed|\n|poke|p1|Great Tusk|\n|poke|p1|Raging Bolt|\n|poke|p1|Kingambit, M|\n|poke|p1|Iron Moth|\n|poke|p1|Ogerpon-Wellspring, F|\n|poke|p2|Iron Treads|\n|poke|p2|Armarouge, M|\n|poke|p2|Polteageist|\n|poke|p2|Deoxys-Speed|\n|poke|p2|Indeedee, M|\n|poke|p2|Hawlucha, M|\n|teampreview\n|inactive|Battle timer is ON: inactive players will automatically lose when time's up. (requested by gigabowser20)\n|\n|t:|1771244280\n|teamsize|p1|6\n|teamsize|p2|6\n|start\n|switch|p1a: DNA-ALIEN|Deoxys-Speed, shiny|100/100\n|switch|p2a: Deoxys|Deoxys-Speed, shiny|100/100\n|-ability|p1a: DNA-ALIEN|Pressure\n|-ability|p2a: Deoxys|Pressure\n|turn|1\n|\n|t:|1771244288\n|move|p2a: Deoxys|Taunt|p1a: DNA-ALIEN\n|-start|p1a: DNA-ALIEN|move: Taunt\n|cant|p1a: DNA-ALIEN|move: Taunt|Taunt\n|\n|upkeep\n|turn|2\n|\n|t:|1771244293\n|move|p2a: Deoxys|Stealth Rock|p1a: DNA-ALIEN\n|-sidestart|p1: GODKUD|move: Stealth Rock\n|move|p1a: DNA-ALIEN|Knock Off|p2a: Deoxys\n|-supereffective|p2a: Deoxys\n|-damage|p2a: Deoxys|45/100\n|-enditem|p2a: Deoxys|Terrain Extender|[from] move: Knock Off|[of] p1a: DNA-ALIEN\n|\n|upkeep\n|turn|3\n|\n|t:|1771244300\n|move|p1a: DNA-ALIEN|Knock Off|p2a: Deoxys\n|-supereffective|p2a: Deoxys\n|-damage|p2a: Deoxys|12/100\n|move|p2a: Deoxys|Psychic Terrain|p2a: Deoxys\n|-fieldstart|move: Psychic Terrain\n|\n|-end|p1a: DNA-ALIEN|move: Taunt\n|upkeep\n|turn|4\n|\n|t:|1771244306\n|move|p1a: DNA-ALIEN|Stealth Rock|p2a: Deoxys\n|-sidestart|p2: gigabowser20|move: Stealth Rock\n|move|p2a: Deoxys|Taunt|p1a: DNA-ALIEN\n|-start|p1a: DNA-ALIEN|move: Taunt\n|\n|upkeep\n|turn|5\n|\n|t:|1771244310\n|move|p2a: Deoxys|Psycho Boost|p1a: DNA-ALIEN\n|-resisted|p1a: DNA-ALIEN\n|-damage|p1a: DNA-ALIEN|62/100\n|-unboost|p2a: Deoxys|spa|2\n|-enditem|p1a: DNA-ALIEN|Red Card|[of] p2a: Deoxys\n|drag|p2a: Armarouge|Armarouge, M|100/100\n|-damage|p2a: Armarouge|76/100|[from] Stealth Rock\n|move|p1a: DNA-ALIEN|Knock Off|p2a: Armarouge\n|-supereffective|p2a: Armarouge\n|-damage|p2a: Armarouge|31/100\n|-ability|p2a: Armarouge|Weak Armor|boost\n|-unboost|p2a: Armarouge|def|1\n|-boost|p2a: Armarouge|spe|2\n|-enditem|p2a: Armarouge|Focus Sash|[from] move: Knock Off|[of] p1a: DNA-ALIEN\n|\n|upkeep\n|turn|6\n|\n|t:|1771244317\n|move|p2a: Armarouge|Armor Cannon|p1a: DNA-ALIEN\n|-damage|p1a: DNA-ALIEN|0 fnt\n|-unboost|p2a: Armarouge|def|1\n|-unboost|p2a: Armarouge|spd|1\n|faint|p1a: DNA-ALIEN\n|\n|upkeep\n|\n|t:|1771244334\n|switch|p1a: Queen|Raging Bolt|100/100\n|-damage|p1a: Queen|88/100|[from] Stealth Rock\n|-enditem|p1a: Queen|Booster Energy\n|-activate|p1a: Queen|ability: Protosynthesis|[fromitem]\n|-start|p1a: Queen|protosynthesisspa\n|turn|7\n|\n|t:|1771244337\n|move|p2a: Armarouge|Expanding Force|p1a: Queen\n|-damage|p1a: Queen|18/100\n|move|p1a: Queen|Thunderbolt|p2a: Armarouge\n|-damage|p2a: Armarouge|0 fnt\n|faint|p2a: Armarouge\n|\n|-fieldend|move: Psychic Terrain\n|upkeep\n|\n|t:|1771244342\n|switch|p2a: Iron Treads|Iron Treads|100/100\n|-damage|p2a: Iron Treads|97/100|[from] Stealth Rock\n|turn|8\n|\n|t:|1771244347\n|move|p2a: Iron Treads|Rapid Spin|p1a: Queen\n|-damage|p1a: Queen|2/100\n|-boost|p2a: Iron Treads|spe|1\n|-sideend|p2: gigabowser20|Stealth Rock|[from] move: Rapid Spin|[of] p2a: Iron Treads\n|move|p1a: Queen|Dragon Pulse|p2a: Iron Treads\n|-resisted|p2a: Iron Treads\n|-crit|p2a: Iron Treads\n|-damage|p2a: Iron Treads|53/100\n|\n|upkeep\n|turn|9\n|\n|t:|1771244362\n|move|p2a: Iron Treads|Rapid Spin|p1a: Queen\n|-damage|p1a: Queen|0 fnt\n|-boost|p2a: Iron Treads|spe|1\n|faint|p1a: Queen\n|-end|p1a: Queen|Protosynthesis|[silent]\n|\n|upkeep\n|\n|t:|1771244366\n|switch|p1a: Manny|Great Tusk|100/100\n|-damage|p1a: Manny|98/100|[from] Stealth Rock\n|-enditem|p1a: Manny|Booster Energy\n|-activate|p1a: Manny|ability: Protosynthesis|[fromitem]\n|-start|p1a: Manny|protosynthesisatk\n|turn|10\n|\n|t:|1771244370\n|move|p2a: Iron Treads|Ice Spinner|p1a: Manny\n|-supereffective|p1a: Manny\n|-damage|p1a: Manny|64/100\n|move|p1a: Manny|Rapid Spin|p2a: Iron Treads\n|-resisted|p2a: Iron Treads\n|-damage|p2a: Iron Treads|42/100\n|-boost|p1a: Manny|spe|1\n|-sideend|p1: GODKUD|Stealth Rock|[from] move: Rapid Spin|[of] p1a: Manny\n|\n|upkeep\n|turn|11\n|\n|t:|1771244376\n|move|p2a: Iron Treads|Ice Spinner|p1a: Manny\n|-supereffective|p1a: Manny\n|-damage|p1a: Manny|26/100\n|move|p1a: Manny|Rapid Spin|p2a: Iron Treads\n|-resisted|p2a: Iron Treads\n|-damage|p2a: Iron Treads|31/100\n|-boost|p1a: Manny|spe|1\n|\n|upkeep\n|turn|12\n|\n|t:|1771244379\n|move|p2a: Iron Treads|Ice Spinner|p1a: Manny\n|-supereffective|p1a: Manny\n|-damage|p1a: Manny|0 fnt\n|faint|p1a: Manny\n|-end|p1a: Manny|Protosynthesis|[silent]\n|\n|upkeep\n|\n|t:|1771244383\n|switch|p1a: ABUSO|Ogerpon-Wellspring, F|100/100\n|turn|13\n|\n|t:|1771244386\n|move|p2a: Iron Treads|Ice Spinner|p1a: ABUSO\n|-damage|p1a: ABUSO|70/100\n|move|p1a: ABUSO|Horn Leech|p2a: Iron Treads\n|-damage|p2a: Iron Treads|0 fnt\n|-heal|p1a: ABUSO|87/100|[from] drain|[of] p2a: Iron Treads\n|faint|p2a: Iron Treads\n|-end|p2a: Iron Treads|Quark Drive|[silent]\n|\n|upkeep\n|\n|t:|1771244390\n|switch|p2a: Indeedee|Indeedee, M, shiny|100/100\n|-fieldstart|move: Psychic Terrain|[from] ability: Psychic Surge|[of] p2a: Indeedee\n|turn|14\n|j| Samurajen\n|\n|t:|1771244394\n|move|p1a: ABUSO|Knock Off|p2a: Indeedee\n|-supereffective|p2a: Indeedee\n|-crit|p2a: Indeedee\n|-damage|p2a: Indeedee|0 fnt\n|-enditem|p2a: Indeedee|Terrain Extender|[from] move: Knock Off|[of] p1a: ABUSO\n|faint|p2a: Indeedee\n|\n|upkeep\n|\n|t:|1771244403\n|switch|p2a: Hawlucha|Hawlucha, M|100/100\n|-enditem|p2a: Hawlucha|Psychic Seed\n|-boost|p2a: Hawlucha|spd|1|[from] item: Psychic Seed\n|turn|15\n|\n|t:|1771244407\n|move|p2a: Hawlucha|Acrobatics|p1a: ABUSO\n|-supereffective|p1a: ABUSO\n|-damage|p1a: ABUSO|0 fnt\n|faint|p1a: ABUSO\n|\n|upkeep\n|\n|t:|1771244412\n|switch|p1a: Volcaneitor|Iron Moth|100/100\n|-enditem|p1a: Volcaneitor|Booster Energy\n|-activate|p1a: Volcaneitor|ability: Quark Drive|[fromitem]\n|-start|p1a: Volcaneitor|quarkdrivespa\n|turn|16\n|\n|t:|1771244422\n|move|p2a: Hawlucha|Close Combat|p1a: Volcaneitor\n|-resisted|p1a: Volcaneitor\n|-damage|p1a: Volcaneitor|53/100\n|-unboost|p2a: Hawlucha|def|1\n|-unboost|p2a: Hawlucha|spd|1\n|move|p1a: Volcaneitor|Fiery Dance|p2a: Hawlucha\n|-damage|p2a: Hawlucha|0 fnt\n|-boost|p1a: Volcaneitor|spa|1\n|faint|p2a: Hawlucha\n|\n|upkeep\n|\n|t:|1771244427\n|switch|p2a: Polteageist|Polteageist|100/100\n|turn|17\n|\n|t:|1771244431\n|move|p1a: Volcaneitor|Substitute|p1a: Volcaneitor\n|-start|p1a: Volcaneitor|Substitute\n|-damage|p1a: Volcaneitor|28/100\n|move|p2a: Polteageist|Shell Smash|p2a: Polteageist\n|-unboost|p2a: Polteageist|def|1\n|-unboost|p2a: Polteageist|spd|1\n|-boost|p2a: Polteageist|atk|2\n|-boost|p2a: Polteageist|spa|2\n|-boost|p2a: Polteageist|spe|2\n|\n|upkeep\n|turn|18\n|\n|t:|1771244437\n|move|p2a: Polteageist|Shadow Ball|p1a: Volcaneitor\n|-crit|p1a: Volcaneitor\n|-end|p1a: Volcaneitor|Substitute\n|move|p1a: Volcaneitor|Fiery Dance|p2a: Polteageist\n|-enditem|p2a: Polteageist|Focus Sash\n|-damage|p2a: Polteageist|1/100\n|-boost|p1a: Volcaneitor|spa|1\n|\n|upkeep\n|turn|19\n|\n|t:|1771244439\n|move|p2a: Polteageist|Shadow Ball|p1a: Volcaneitor\n|-damage|p1a: Volcaneitor|0 fnt\n|faint|p1a: Volcaneitor\n|-end|p1a: Volcaneitor|Quark Drive|[silent]\n|\n|upkeep\n|\n|t:|1771244442\n|switch|p1a: Final Boss|Kingambit, M, shiny|100/100\n|-activate|p1a: Final Boss|ability: Supreme Overlord\n|-start|p1a: Final Boss|fallen5|[silent]\n|turn|20\n|\n|t:|1771244445\n|-terastallize|p2a: Polteageist|Fighting\n|-terastallize|p1a: Final Boss|Dark\n|move|p2a: Polteageist|Tera Blast|p1a: Final Boss|[anim] Tera Blast Fighting\n|-supereffective|p1a: Final Boss\n|-damage|p1a: Final Boss|0 fnt\n|faint|p1a: Final Boss\n|-end|p1a: Final Boss|fallen5|[silent]\n|\n|win|gigabowser20\n|raw|GODKUD's rating: 1612 &rarr; <strong>1589</strong><br />(-23 for losing)\n|raw|gigabowser20's rating: 1552 &rarr; <strong>1575</strong><br />(+23 for winning)\n|l|☆GODKUD\n|player|p1|\n|l|☆gigabowser20\n|player|p2|\n", "uploadtime": 1771244665, "views": 7, "formatid": "gen9ou", "rating": 1575, "private": 0, "password": null}