{"id": "gen9ou-2540750832", "format": "[Gen 9] OU", "players": ["wyte_town", "rentschler"], "log": "|badge|p2|bronze|gen9ru|100-8\n|uhtml|medal-msg|<div class=\"broadcast-blue\">Curious what those medals under the avatar are? PS now has Ladder Seasons! For more information, check out the <a href=\"https://www.smogon.com/forums/threads/3740067/\">thread on Smogon.</a></div>\n|j|☆wyte_town\n|j|☆rentschler\n|t:|1771249668\n|gametype|singles\n|player|p1|wyte_town|iris-gen5bw2|1514\n|player|p2|rentschler|flint|1575\n|gen|9\n|tier|[Gen 9] OU\n|rated|\n|rule|HP Percentage Mod: HP is shown in percentages\n|rule|Endless Battle Clause: Forcing endless battles is banned\n|rule|Species Clause: Limit one of each Pokémon\n|rule|OHKO Clause: OHKO moves are banned\n|rule|Evasion Items Clause: Evasion items are banned\n|rule|Evasion Moves Clause: Evasion moves are banned\n|rule|Evasion Abilities Clause: Evasion abilities are banned\n|rule|Sleep Moves Clause: Sleep-inducing moves are banned\n|clearpoke\n|poke|p1|Bellibolt, F|\n|poke|p1|Rillaboom, M|\n|poke|p1|Iron Valiant|\n|poke|p1|Iron Crown|\n|poke|p1|Landorus-Therian, M|\n|poke|p1|Dragonite, M|\n|poke|p2|Ogerpon-Wellspring, F|\n|poke|p2|Kingambit, F|\n|poke|p2|Landorus-Therian, M|\n|poke|p2|Pelipper, F|\n|poke|p2|Raging Bolt|\n|poke|p2|Walking Wake|\n|teampreview\n|inactive|Battle timer is ON: inactive players will automatically lose when time's up. (requested by wyte_town)\n|\n|t:|1771249697\n|teamsize|p1|6\n|teamsize|p2|6\n|start\n|switch|p1a: Bellibolt|Bellibolt, F|100/100\n|switch|p2a: Ogerpon|Ogerpon-Wellspring, F|100/100\n|turn|1\n|\n|t:|1771249704\n|move|p2a: Ogerpon|Ivy Cudgel|p1a: Bellibolt|[anim] Ivy Cudgel Water\n|-damage|p1a: Bellibolt|66/100\n|move|p1a: Bellibolt|Toxic|p2a: Ogerpon\n|-status|p2a: Ogerpon|tox\n|\n|-damage|p2a: Ogerpon|95/100 tox|[from] psn\n|upkeep\n|turn|2\n|\n|t:|1771249711\n|switch|p2a: Pelipper|Pelipper, F|100/100\n|-weather|RainDance|[from] ability: Drizzle|[of] p2a: Pelipper\n|move|p1a: Bellibolt|Slack Off|p1a: Bellibolt\n|-heal|p1a: Bellibolt|100/100\n|\n|-weather|RainDance|[upkeep]\n|upkeep\n|turn|3\n|\n|t:|1771249718\n|switch|p2a: Landorus|Landorus-Therian, M|100/100\n|-ability|p2a: Landorus|Intimidate|boost\n|-unboost|p1a: Bellibolt|atk|1\n|move|p1a: Bellibolt|Toxic|p2a: Landorus\n|-status|p2a: Landorus|tox\n|\n|-weather|RainDance|[upkeep]\n|-damage|p2a: Landorus|95/100 tox|[from] psn\n|upkeep\n|turn|4\n|\n|t:|1771249728\n|switch|p1a: Landorus|Landorus-Therian, M|100/100\n|-ability|p1a: Landorus|Intimidate|boost\n|-unboost|p2a: Landorus|atk|1\n|move|p2a: Landorus|U-turn|p1a: Landorus\n|-resisted|p1a: Landorus\n|-damage|p1a: Landorus|87/100\n|-damage|p2a: Landorus|78/100 tox|[from] item: Rocky Helmet|[of] p1a: Landorus\n|\n|t:|1771249735\n|switch|p2a: Ogerpon|Ogerpon-Wellspring, F|95/100 tox|[from] U-turn\n|\n|-weather|RainDance|[upkeep]\n|-damage|p2a: Ogerpon|89/100 tox|[from] psn\n|upkeep\n|turn|5\n|\n|t:|1771249743\n|switch|p1a: Bellibolt|Bellibolt, F|100/100\n|move|p2a: Ogerpon|Ivy Cudgel|p1a: Bellibolt|[anim] Ivy Cudgel Water\n|-damage|p1a: Bellibolt|44/100\n|\n|-weather|RainDance|[upkeep]\n|-damage|p2a: Ogerpon|77/100 tox|[from] psn\n|upkeep\n|turn|6\n|\n|t:|1771249753\n|switch|p1a: Rillaboom|Rillaboom, M|100/100\n|-fieldstart|move: Grassy Terrain|[from] ability: Grassy Surge|[of] p1a: Rillaboom\n|move|p2a: Ogerpon|Ivy Cudgel|p1a: Rillaboom|[anim] Ivy Cudgel Water\n|-resisted|p1a: Rillaboom\n|-damage|p1a: Rillaboom|60/100\n|\n|-weather|RainDance|[upkeep]\n|-heal|p2a: Ogerpon|83/100 tox|[from] Grassy Terrain\n|-heal|p1a: Rillaboom|67/100|[from] Grassy Terrain\n|-damage|p2a: Ogerpon|65/100 tox|[from] psn\n|upkeep\n|turn|7\n|\n|t:|1771249763\n|move|p1a: Rillaboom|Grassy Glide|p2a: Ogerpon\n|-damage|p2a: Ogerpon|0 fnt\n|faint|p2a: Ogerpon\n|\n|-weather|RainDance|[upkeep]\n|-heal|p1a: Rillaboom|73/100|[from] Grassy Terrain\n|upkeep\n|\n|t:|1771249769\n|switch|p2a: Landorus|Landorus-Therian, M|78/100 tox\n|-ability|p2a: Landorus|Intimidate|boost\n|-unboost|p1a: Rillaboom|atk|1\n|turn|8\n|\n|t:|1771249774\n|switch|p1a: Bellibolt|Bellibolt, F|44/100\n|move|p2a: Landorus|U-turn|p1a: Bellibolt\n|-damage|p1a: Bellibolt|20/100\n|\n|t:|1771249782\n|switch|p2a: Walking Wake|Walking Wake|100/100|[from] U-turn\n|-enditem|p2a: Walking Wake|Booster Energy\n|-activate|p2a: Walking Wake|ability: Protosynthesis|[fromitem]\n|-start|p2a: Walking Wake|protosynthesisspe\n|\n|-weather|RainDance|[upkeep]\n|-heal|p1a: Bellibolt|26/100|[from] Grassy Terrain\n|upkeep\n|turn|9\n|\n|t:|1771249791\n|move|p2a: Walking Wake|Hydro Steam|p1a: Bellibolt\n|-damage|p1a: Bellibolt|0 fnt\n|faint|p1a: Bellibolt\n|\n|-weather|none\n|upkeep\n|\n|t:|1771249797\n|switch|p1a: Rillaboom|Rillaboom, M|73/100\n|turn|10\n|\n|t:|1771249803\n|move|p2a: Walking Wake|Draco Meteor|p1a: Rillaboom\n|-damage|p1a: Rillaboom|0 fnt\n|-unboost|p2a: Walking Wake|spa|2\n|faint|p1a: Rillaboom\n|\n|-fieldend|move: Grassy Terrain\n|upkeep\n|\n|t:|1771249812\n|switch|p1a: Iron Crown|Iron Crown|100/100\n|turn|11\n|\n|t:|1771249819\n|-end|p2a: Walking Wake|Protosynthesis|[silent]\n|switch|p2a: Pelipper|Pelipper, F|100/100\n|-weather|RainDance|[from] ability: Drizzle|[of] p2a: Pelipper\n|move|p1a: Iron Crown|Agility|p1a: Iron Crown\n|-boost|p1a: Iron Crown|spe|2\n|\n|-weather|RainDance|[upkeep]\n|upkeep\n|turn|12\n|\n|t:|1771249827\n|move|p1a: Iron Crown|Calm Mind|p1a: Iron Crown\n|-boost|p1a: Iron Crown|spa|1\n|-boost|p1a: Iron Crown|spd|1\n|move|p2a: Pelipper|Weather Ball|p1a: Iron Crown\n|-damage|p1a: Iron Crown|63/100\n|\n|-weather|RainDance|[upkeep]\n|upkeep\n|turn|13\n|\n|t:|1771249835\n|move|p1a: Iron Crown|Calm Mind|p1a: Iron Crown\n|-boost|p1a: Iron Crown|spa|1\n|-boost|p1a: Iron Crown|spd|1\n|move|p2a: Pelipper|Weather Ball|p1a: Iron Crown\n|-damage|p1a: Iron Crown|34/100\n|\n|-weather|RainDance|[upkeep]\n|upkeep\n|turn|14\n|\n|t:|1771249844\n|move|p1a: Iron Crown|Stored Power|p2a: Pelipper\n|-damage|p2a: Pelipper|0 fnt\n|faint|p2a: Pelipper\n|\n|-weather|RainDance|[upkeep]\n|upkeep\n|\n|t:|1771249849\n|switch|p2a: Kingambit|Kingambit, F|100/100\n|-activate|p2a: Kingambit|ability: Supreme Overlord\n|-start|p2a: Kingambit|fallen2|[silent]\n|-item|p2a: Kingambit|Air Balloon\n|turn|15\n|\n|t:|1771249857\n|move|p1a: Iron Crown|Tachyon Cutter|p2a: Kingambit\n|-resisted|p2a: Kingambit\n|-damage|p2a: Kingambit|82/100\n|-enditem|p2a: Kingambit|Air Balloon\n|-resisted|p2a: Kingambit\n|-damage|p2a: Kingambit|65/100\n|-hitcount|p2a: Kingambit|2\n|move|p2a: Kingambit|Low Kick|p1a: Iron Crown\n|-damage|p1a: Iron Crown|0 fnt\n|faint|p1a: Iron Crown\n|-end|p1a: Iron Crown|Quark Drive|[silent]\n|\n|-weather|RainDance|[upkeep]\n|upkeep\n|\n|t:|1771249866\n|switch|p1a: Landorus|Landorus-Therian, M|87/100\n|-ability|p1a: Landorus|Intimidate|boost\n|-unboost|p2a: Kingambit|atk|1\n|turn|16\n|\n|t:|1771249872\n|-end|p2a: Kingambit|fallen2|[silent]\n|switch|p2a: Landorus|Landorus-Therian, M|78/100 tox\n|-ability|p2a: Landorus|Intimidate|boost\n|-unboost|p1a: Landorus|atk|1\n|move|p1a: Landorus|U-turn|p2a: Landorus\n|-resisted|p2a: Landorus\n|-damage|p2a: Landorus|69/100 tox\n|\n|t:|1771249875\n|switch|p1a: Dragonite|Dragonite, M|100/100|[from] U-turn\n|\n|-weather|RainDance|[upkeep]\n|-damage|p2a: Landorus|63/100 tox|[from] psn\n|upkeep\n|turn|17\n|\n|t:|1771249883\n|move|p2a: Landorus|U-turn|p1a: Dragonite\n|-resisted|p1a: Dragonite\n|-damage|p1a: Dragonite|91/100\n|\n|t:|1771249891\n|switch|p2a: Walking Wake|Walking Wake|100/100|[from] U-turn\n|move|p1a: Dragonite|Dragon Dance|p1a: Dragonite\n|-boost|p1a: Dragonite|atk|1\n|-boost|p1a: Dragonite|spe|1\n|\n|-weather|RainDance|[upkeep]\n|-heal|p1a: Dragonite|97/100|[from] item: Leftovers\n|upkeep\n|turn|18\n|\n|t:|1771249899\n|-terastallize|p1a: Dragonite|Fairy\n|-terastallize|p2a: Walking Wake|Water\n|move|p1a: Dragonite|Tera Blast|p2a: Walking Wake|[anim] Tera Blast Fairy\n|-damage|p2a: Walking Wake|36/100\n|move|p2a: Walking Wake|Dragon Pulse|p1a: Dragonite\n|-immune|p1a: Dragonite\n|\n|-weather|none\n|-heal|p1a: Dragonite|100/100|[from] item: Leftovers\n|upkeep\n|turn|19\n|\n|t:|1771249913\n|-end|p2a: Walking Wake|Protosynthesis|[silent]\n|switch|p2a: Landorus|Landorus-Therian, M|63/100 tox\n|-ability|p2a: Landorus|Intimidate|boost\n|-unboost|p1a: Dragonite|atk|1\n|move|p1a: Dragonite|Tera Blast|p2a: Landorus|[anim] Tera Blast Fairy\n|-damage|p2a: Landorus|15/100 tox\n|\n|-damage|p2a: Landorus|9/100 tox|[from] psn\n|upkeep\n|turn|20\n|\n|t:|1771249926\n|switch|p2a: Kingambit|Kingambit, F|65/100\n|-activate|p2a: Kingambit|ability: Supreme Overlord\n|-start|p2a: Kingambit|fallen2|[silent]\n|move|p1a: Dragonite|Dragon Dance|p1a: Dragonite\n|-boost|p1a: Dragonite|atk|1\n|-boost|p1a: Dragonite|spe|1\n|\n|upkeep\n|turn|21\n|\n|t:|1771249933\n|move|p1a: Dragonite|Earthquake|p2a: Kingambit\n|-supereffective|p2a: Kingambit\n|-damage|p2a: Kingambit|0 fnt\n|faint|p2a: Kingambit\n|-end|p2a: Kingambit|fallen2|[silent]\n|\n|upkeep\n|\n|t:|1771249937\n|switch|p2a: Landorus|Landorus-Therian, M|9/100 tox\n|-ability|p2a: Landorus|Intimidate|boost\n|-unboost|p1a: Dragonite|atk|1\n|turn|22\n|\n|t:|1771249941\n|move|p1a: Dragonite|Dragon Dance|p1a: Dragonite\n|-boost|p1a: Dragonite|atk|1\n|-boost|p1a: Dragonite|spe|1\n|move|p2a: Landorus|Earthquake|p1a: Dragonite\n|-damage|p1a: Dragonite|63/100\n|\n|-heal|p1a: Dragonite|70/100|[from] item: Leftovers\n|-damage|p2a: Landorus|3/100 tox|[from] psn\n|upkeep\n|turn|23\n|\n|t:|1771249949\n|move|p1a: Dragonite|Roost|p1a: Dragonite\n|-heal|p1a: Dragonite|100/100\n|move|p2a: Landorus|Earthquake|p1a: Dragonite\n|-damage|p1a: Dragonite|65/100\n|\n|-heal|p1a: Dragonite|71/100|[from] item: Leftovers\n|-damage|p2a: Landorus|0 fnt|[from] psn\n|faint|p2a: Landorus\n|upkeep\n|\n|t:|1771249957\n|switch|p2a: Raging Bolt|Raging Bolt|100/100\n|turn|24\n|\n|t:|1771249962\n|move|p1a: Dragonite|Tera Blast|p2a: Raging Bolt|[anim] Tera Blast Fairy\n|-supereffective|p2a: Raging Bolt\n|-damage|p2a: Raging Bolt|2/100\n|move|p2a: Raging Bolt|Thunder|p1a: Dragonite\n|-damage|p1a: Dragonite|10/100\n|\n|-heal|p1a: Dragonite|16/100|[from] item: Leftovers\n|upkeep\n|turn|25\n|\n|t:|1771249972\n|move|p2a: Raging Bolt|Thunderclap|p1a: Dragonite\n|-damage|p1a: Dragonite|0 fnt\n|faint|p1a: Dragonite\n|\n|upkeep\n|\n|t:|1771249974\n|switch|p1a: Landorus|Landorus-Therian, M|87/100\n|-ability|p1a: Landorus|Intimidate|boost\n|-unboost|p2a: Raging Bolt|atk|1\n|turn|26\n|\n|t:|1771249978\n|move|p1a: Landorus|U-turn|p2a: Raging Bolt\n|-damage|p2a: Raging Bolt|0 fnt\n|faint|p2a: Raging Bolt\n|-end|p2a: Raging Bolt|Protosynthesis|[silent]\n|\n|t:|1771249980\n|switch|p1a: Iron Valiant|Iron Valiant|100/100|[from] U-turn\n|-enditem|p1a: Iron Valiant|Booster Energy\n|-activate|p1a: Iron Valiant|ability: Quark Drive|[fromitem]\n|-start|p1a: Iron Valiant|quarkdrivespe\n|\n|upkeep\n|-message|rentschler forfeited.\n|\n|win|wyte_town\n|raw|wyte_town's rating: 1514 &rarr; <strong>1537</strong><br />(+23 for winning)\n|raw|rentschler's rating: 1575 &rarr; <strong>1552</strong><br />(-23 for losing)\n|l|☆rentschler\n|player|p2|\n|l|☆wyte_town\n|player|p1|\n", "uploadtime": 1771250243, "views": 13, "formatid": "gen9ou", "rating": 1537, "private": 0, "password": null}