{"id": "gen9ou-2540624276", "format": "[Gen 9] OU", "players": ["Arboks Fangs", "Hgfhhfghfff"], "log": "|j|‽Arboks Fangs\n|j|☆Hgfhhfghfff\n|t:|1771229433\n|gametype|singles\n|player|p1|Arboks Fangs|fantina|1696\n|player|p2|Hgfhhfghfff|lucas|1665\n|gen|9\n|tier|[Gen 9] OU\n|rated|\n|rule|HP Percentage Mod: HP is shown in percentages\n|rule|Endless Battle Clause: Forcing endless battles is banned\n|rule|Species Clause: Limit one of each Pokémon\n|rule|OHKO Clause: OHKO moves are banned\n|rule|Evasion Items Clause: Evasion items are banned\n|rule|Evasion Moves Clause: Evasion moves are banned\n|rule|Evasion Abilities Clause: Evasion abilities are banned\n|rule|Sleep Moves Clause: Sleep-inducing moves are banned\n|clearpoke\n|poke|p1|Ninetales-Alola, M|\n|poke|p1|Klefki, F|\n|poke|p1|Maushold-Four|\n|poke|p1|Latias, F|\n|poke|p1|Okidogi, M|\n|poke|p1|Kyurem|\n|poke|p2|Scream Tail|\n|poke|p2|Iron Hands|\n|poke|p2|Talonflame, M|\n|poke|p2|Latios, M|\n|poke|p2|Ursaluna, M|\n|poke|p2|Muk-Alola, M|\n|teampreview\n|inactive|Battle timer is ON: inactive players will automatically lose when time's up. (requested by Arboks Fangs)\n|\n|t:|1771229441\n|teamsize|p1|6\n|teamsize|p2|6\n|start\n|switch|p1a: Klefki|Klefki, F|100/100\n|switch|p2a: Talonflame|Talonflame, M|100/100\n|turn|1\n|\n|t:|1771229446\n|switch|p2a: Ursaluna|Ursaluna, M|100/100\n|move|p1a: Klefki|Thunder Wave|p2a: Ursaluna\n|-immune|p2a: Ursaluna\n|\n|-status|p2a: Ursaluna|brn|[from] item: Flame Orb\n|upkeep\n|turn|2\n|\n|t:|1771229452\n|move|p1a: Klefki|Reflect|p1a: Klefki\n|-sidestart|p1: Arboks Fangs|Reflect\n|move|p2a: Ursaluna|Fire Punch|p1a: Klefki\n|-supereffective|p1a: Klefki\n|-damage|p1a: Klefki|55/100\n|\n|-damage|p2a: Ursaluna|94/100 brn|[from] brn\n|upkeep\n|turn|3\n|\n|t:|1771229457\n|move|p1a: Klefki|Light Screen|p1a: Klefki\n|-sidestart|p1: Arboks Fangs|move: Light Screen\n|move|p2a: Ursaluna|Fire Punch|p1a: Klefki\n|-supereffective|p1a: Klefki\n|-damage|p1a: Klefki|8/100\n|\n|-damage|p2a: Ursaluna|88/100 brn|[from] brn\n|upkeep\n|turn|4\n|\n|t:|1771229460\n|move|p1a: Klefki|Spikes|p2a: Ursaluna\n|-sidestart|p2: Hgfhhfghfff|Spikes\n|move|p2a: Ursaluna|Fire Punch|p1a: Klefki\n|-supereffective|p1a: Klefki\n|-damage|p1a: Klefki|0 fnt\n|faint|p1a: Klefki\n|\n|-damage|p2a: Ursaluna|82/100 brn|[from] brn\n|upkeep\n|\n|t:|1771229464\n|switch|p1a: Kyurem|Kyurem, shiny|100/100\n|-ability|p1a: Kyurem|Pressure\n|turn|5\n|\n|t:|1771229469\n|switch|p2a: Latios|Latios, M|100/100\n|move|p1a: Kyurem|Dragon Dance|p1a: Kyurem\n|-boost|p1a: Kyurem|atk|1\n|-boost|p1a: Kyurem|spe|1\n|\n|upkeep\n|turn|6\n|j| dsekop\n|\n|t:|1771229478\n|-terastallize|p1a: Kyurem|Fire\n|move|p2a: Latios|Trick|p1a: Kyurem\n|-activate|p2a: Latios|move: Trick|[of] p1a: Kyurem\n|-item|p1a: Kyurem|Choice Scarf|[from] move: Trick\n|-item|p2a: Latios|Loaded Dice|[from] move: Trick\n|move|p1a: Kyurem|Icicle Spear|p2a: Latios\n|-supereffective|p2a: Latios\n|-damage|p2a: Latios|40/100\n|-supereffective|p2a: Latios\n|-damage|p2a: Latios|0 fnt\n|faint|p2a: Latios\n|-hitcount|p2: Latios|2\n|\n|upkeep\n|\n|t:|1771229486\n|switch|p2a: Iron Hands|Iron Hands|100/100\n|-damage|p2a: Iron Hands|88/100|[from] Spikes\n|turn|7\n|\n|t:|1771229496\n|switch|p1a: Ninetales|Ninetales-Alola, M|100/100\n|-weather|Snowscape|[from] ability: Snow Warning|[of] p1a: Ninetales\n|move|p2a: Iron Hands|Swords Dance|p2a: Iron Hands\n|-boost|p2a: Iron Hands|atk|2\n|\n|-weather|Snowscape|[upkeep]\n|-heal|p2a: Iron Hands|94/100|[from] item: Leftovers\n|upkeep\n|turn|8\n|\n|t:|1771229499\n|-end|p2a: Iron Hands|Quark Drive|[silent]\n|switch|p2a: Talonflame|Talonflame, M|100/100\n|move|p1a: Ninetales|Encore||[still]\n|-fail|p1a: Ninetales\n|\n|-weather|Snowscape|[upkeep]\n|upkeep\n|turn|9\n|\n|t:|1771229503\n|move|p2a: Talonflame|Defog|p1a: Ninetales\n|-unboost|p1a: Ninetales|evasion|1\n|-sideend|p1: Arboks Fangs|Reflect\n|-sideend|p1: Arboks Fangs|move: Light Screen\n|-sideend|p2: Hgfhhfghfff|Spikes|[from] move: Defog|[of] p2a: Talonflame\n|move|p1a: Ninetales|Aurora Veil|p1a: Ninetales\n|-sidestart|p1: Arboks Fangs|move: Aurora Veil\n|\n|-weather|Snowscape|[upkeep]\n|upkeep\n|turn|10\n|\n|t:|1771229506\n|move|p2a: Talonflame|Flamethrower|p1a: Ninetales\n|-supereffective|p1a: Ninetales\n|-damage|p1a: Ninetales|73/100\n|move|p1a: Ninetales|Freeze-Dry|p2a: Talonflame\n|-damage|p2a: Talonflame|77/100\n|\n|-weather|Snowscape|[upkeep]\n|upkeep\n|turn|11\n|\n|t:|1771229511\n|move|p2a: Talonflame|Defog|p1a: Ninetales\n|-unboost|p1a: Ninetales|evasion|1\n|-sideend|p1: Arboks Fangs|move: Aurora Veil\n|move|p1a: Ninetales|Encore|p2a: Talonflame\n|-start|p2a: Talonflame|Encore\n|\n|-weather|none\n|upkeep\n|turn|12\n|\n|t:|1771229518\n|switch|p2a: Muk|Muk-Alola, M|100/100\n|switch|p1a: Maushold|Maushold-Four|100/100\n|\n|upkeep\n|turn|13\n|\n|t:|1771229529\n|move|p1a: Maushold|Population Bomb|p2a: Muk\n|-damage|p2a: Muk|87/100\n|-damage|p2a: Muk|74/100\n|-damage|p2a: Muk|61/100\n|-damage|p2a: Muk|49/100\n|-damage|p2a: Muk|36/100\n|-damage|p2a: Muk|24/100\n|-damage|p2a: Muk|12/100\n|-damage|p2a: Muk|0 fnt\n|faint|p2a: Muk\n|-hitcount|p2: Muk|8\n|\n|upkeep\n|j| nonchalantbufalant\n|\n|t:|1771229541\n|switch|p2a: Iron Hands|Iron Hands|94/100\n|turn|14\n|\n|t:|1771229544\n|switch|p1a: Ninetales|Ninetales-Alola, M|73/100\n|-weather|Snowscape|[from] ability: Snow Warning|[of] p1a: Ninetales\n|move|p2a: Iron Hands|Swords Dance|p2a: Iron Hands\n|-boost|p2a: Iron Hands|atk|2\n|\n|-weather|Snowscape|[upkeep]\n|-heal|p2a: Iron Hands|100/100|[from] item: Leftovers\n|upkeep\n|turn|15\n|\n|t:|1771229547\n|-end|p2a: Iron Hands|Quark Drive|[silent]\n|switch|p2a: Talonflame|Talonflame, M|77/100\n|move|p1a: Ninetales|Aurora Veil|p1a: Ninetales\n|-sidestart|p1: Arboks Fangs|move: Aurora Veil\n|\n|-weather|Snowscape|[upkeep]\n|upkeep\n|turn|16\n|\n|t:|1771229549\n|move|p2a: Talonflame|Defog|p1a: Ninetales\n|-unboost|p1a: Ninetales|evasion|1\n|-sideend|p1: Arboks Fangs|move: Aurora Veil\n|move|p1a: Ninetales|Encore|p2a: Talonflame\n|-start|p2a: Talonflame|Encore\n|\n|-weather|Snowscape|[upkeep]\n|upkeep\n|turn|17\n|\n|t:|1771229553\n|move|p2a: Talonflame|Defog|p1a: Ninetales\n|-unboost|p1a: Ninetales|evasion|1\n|move|p1a: Ninetales|Aurora Veil|p1a: Ninetales\n|-sidestart|p1: Arboks Fangs|move: Aurora Veil\n|\n|-weather|Snowscape|[upkeep]\n|upkeep\n|turn|18\n|\n|t:|1771229558\n|move|p2a: Talonflame|Defog|p1a: Ninetales\n|-unboost|p1a: Ninetales|evasion|1\n|-sideend|p1: Arboks Fangs|move: Aurora Veil\n|move|p1a: Ninetales|Freeze-Dry|p2a: Talonflame\n|-damage|p2a: Talonflame|48/100\n|\n|-weather|none\n|upkeep\n|turn|19\n|\n|t:|1771229563\n|switch|p2a: Scream Tail|Scream Tail|100/100\n|move|p1a: Ninetales|Freeze-Dry|p2a: Scream Tail\n|-damage|p2a: Scream Tail|89/100\n|\n|-heal|p2a: Scream Tail|96/100|[from] item: Leftovers\n|upkeep\n|turn|20\n|\n|t:|1771229571\n|switch|p1a: Kyurem|Kyurem, shiny, tera:Fire|100/100\n|-ability|p1a: Kyurem|Pressure\n|move|p2a: Scream Tail|Trick Room|p2a: Scream Tail\n|-fieldstart|move: Trick Room|[of] p2a: Scream Tail\n|\n|-heal|p2a: Scream Tail|100/100|[from] item: Leftovers\n|upkeep\n|turn|21\n|\n|t:|1771229575\n|-end|p2a: Scream Tail|Protosynthesis|[silent]\n|switch|p2a: Ursaluna|Ursaluna, M|82/100 brn\n|move|p1a: Kyurem|Tera Blast|p2a: Ursaluna|[anim] Tera Blast Fire\n|-damage|p2a: Ursaluna|51/100 brn\n|\n|-damage|p2a: Ursaluna|45/100 brn|[from] brn\n|upkeep\n|turn|22\n|\n|t:|1771229585\n|switch|p1a: Latias|Latias, F|100/100\n|move|p2a: Ursaluna|Facade|p1a: Latias\n|-damage|p1a: Latias|0 fnt\n|faint|p1a: Latias\n|\n|-damage|p2a: Ursaluna|39/100 brn|[from] brn\n|upkeep\n|\n|t:|1771229589\n|switch|p1a: Ninetales|Ninetales-Alola, M|73/100\n|-weather|Snowscape|[from] ability: Snow Warning|[of] p1a: Ninetales\n|turn|23\n|\n|t:|1771229597\n|switch|p1a: Kyurem|Kyurem, shiny, tera:Fire|100/100\n|-ability|p1a: Kyurem|Pressure\n|move|p2a: Ursaluna|Facade|p1a: Kyurem\n|-damage|p1a: Kyurem|0 fnt\n|faint|p1a: Kyurem\n|\n|-weather|Snowscape|[upkeep]\n|-damage|p2a: Ursaluna|33/100 brn|[from] brn\n|upkeep\n|\n|t:|1771229615\n|switch|p1a: Okidogi|Okidogi, M|100/100\n|turn|24\n|\n|t:|1771229621\n|move|p2a: Ursaluna|Facade|p1a: Okidogi\n|-damage|p1a: Okidogi|0 fnt\n|faint|p1a: Okidogi\n|\n|-weather|Snowscape|[upkeep]\n|-damage|p2a: Ursaluna|27/100 brn|[from] brn\n|-fieldend|move: Trick Room\n|upkeep\n|\n|t:|1771229623\n|switch|p1a: Ninetales|Ninetales-Alola, M|73/100\n|turn|25\n|\n|t:|1771229626\n|switch|p2a: Scream Tail|Scream Tail|100/100\n|move|p1a: Ninetales|Aurora Veil|p1a: Ninetales\n|-sidestart|p1: Arboks Fangs|move: Aurora Veil\n|\n|-weather|Snowscape|[upkeep]\n|upkeep\n|turn|26\n|\n|t:|1771229632\n|switch|p1a: Maushold|Maushold-Four|100/100\n|move|p2a: Scream Tail|Trick Room|p2a: Scream Tail\n|-fieldstart|move: Trick Room|[of] p2a: Scream Tail\n|\n|-weather|Snowscape|[upkeep]\n|upkeep\n|turn|27\n|\n|t:|1771229643\n|move|p2a: Scream Tail|Protect|p2a: Scream Tail\n|-singleturn|p2a: Scream Tail|Protect\n|move|p1a: Maushold|Encore|p2a: Scream Tail\n|-activate|p2a: Scream Tail|move: Protect\n|\n|-weather|none\n|upkeep\n|turn|28\n|\n|t:|1771229650\n|-end|p2a: Scream Tail|Protosynthesis|[silent]\n|switch|p2a: Talonflame|Talonflame, M|48/100\n|move|p1a: Maushold|Population Bomb|p2a: Talonflame\n|-damage|p2a: Talonflame|33/100\n|-damage|p2a: Talonflame|17/100\n|-damage|p2a: Talonflame|2/100\n|-damage|p2a: Talonflame|0 fnt\n|faint|p2a: Talonflame\n|-hitcount|p2: Talonflame|4\n|\n|upkeep\n|\n|t:|1771229669\n|switch|p2a: Ursaluna|Ursaluna, M|27/100 brn\n|turn|29\n|\n|t:|1771229678\n|switch|p1a: Ninetales|Ninetales-Alola, M|73/100\n|-weather|Snowscape|[from] ability: Snow Warning|[of] p1a: Ninetales\n|-terastallize|p2a: Ursaluna|Ghost\n|move|p2a: Ursaluna|Headlong Rush|p1a: Ninetales\n|-damage|p1a: Ninetales|35/100\n|-unboost|p2a: Ursaluna|def|1\n|-unboost|p2a: Ursaluna|spd|1\n|\n|-weather|Snowscape|[upkeep]\n|-damage|p2a: Ursaluna|21/100 brn|[from] brn\n|upkeep\n|turn|30\n|\n|t:|1771229692\n|move|p2a: Ursaluna|Headlong Rush|p1a: Ninetales\n|-damage|p1a: Ninetales|0 fnt\n|-unboost|p2a: Ursaluna|def|1\n|-unboost|p2a: Ursaluna|spd|1\n|faint|p1a: Ninetales\n|\n|-weather|Snowscape|[upkeep]\n|-damage|p2a: Ursaluna|15/100 brn|[from] brn\n|-fieldend|move: Trick Room\n|upkeep\n|\n|t:|1771229693\n|switch|p1a: Maushold|Maushold-Four|100/100\n|turn|31\n|\n|t:|1771229698\n|move|p1a: Maushold|Tidy Up|p1a: Maushold\n|-boost|p1a: Maushold|atk|1\n|-boost|p1a: Maushold|spe|1\n|move|p2a: Ursaluna|Headlong Rush|p1a: Maushold\n|-damage|p1a: Maushold|31/100\n|-unboost|p2a: Ursaluna|def|1\n|-unboost|p2a: Ursaluna|spd|1\n|\n|-weather|Snowscape|[upkeep]\n|-damage|p2a: Ursaluna|9/100 brn|[from] brn\n|upkeep\n|turn|32\n|\n|t:|1771229701\n|move|p1a: Maushold|Bite|p2a: Ursaluna\n|-supereffective|p2a: Ursaluna\n|-crit|p2a: Ursaluna\n|-damage|p2a: Ursaluna|0 fnt\n|faint|p2a: Ursaluna\n|\n|-weather|Snowscape|[upkeep]\n|-sideend|p1: Arboks Fangs|move: Aurora Veil\n|upkeep\n|\n|t:|1771229705\n|switch|p2a: Scream Tail|Scream Tail|100/100\n|turn|33\n|\n|t:|1771229708\n|move|p1a: Maushold|Population Bomb|p2a: Scream Tail\n|-damage|p2a: Scream Tail|85/100\n|-damage|p2a: Scream Tail|70/100\n|-damage|p2a: Scream Tail|57/100\n|-damage|p2a: Scream Tail|42/100\n|-damage|p2a: Scream Tail|28/100\n|-damage|p2a: Scream Tail|15/100\n|-damage|p2a: Scream Tail|0 fnt\n|faint|p2a: Scream Tail\n|-end|p2a: Scream Tail|Protosynthesis|[silent]\n|-hitcount|p2: Scream Tail|7\n|\n|-weather|none\n|upkeep\n|\n|t:|1771229714\n|switch|p2a: Iron Hands|Iron Hands|100/100\n|turn|34\n|\n|t:|1771229716\n|move|p1a: Maushold|Population Bomb|p2a: Iron Hands\n|-damage|p2a: Iron Hands|93/100\n|-damage|p2a: Iron Hands|85/100\n|-damage|p2a: Iron Hands|77/100\n|-damage|p2a: Iron Hands|70/100\n|-damage|p2a: Iron Hands|61/100\n|-damage|p2a: Iron Hands|52/100\n|-damage|p2a: Iron Hands|44/100\n|-damage|p2a: Iron Hands|36/100\n|-damage|p2a: Iron Hands|27/100\n|-damage|p2a: Iron Hands|20/100\n|-hitcount|p2a: Iron Hands|10\n|move|p2a: Iron Hands|Supercell Slam|p1a: Maushold\n|-damage|p1a: Maushold|0 fnt\n|faint|p1a: Maushold\n|\n|win|Hgfhhfghfff\n|raw|Arboks Fangs's rating: 1696 &rarr; <strong>1674</strong><br />(-22 for losing)\n|raw|Hgfhhfghfff's rating: 1665 &rarr; <strong>1687</strong><br />(+22 for winning)\n|l|‽Arboks Fangs\n|player|p1|\n|l|☆Hgfhhfghfff\n|player|p2|\n|l| dsekop\n|l| nonchalantbufalant\n", "uploadtime": 1771229858, "views": 11, "formatid": "gen9ou", "rating": 1674, "private": 0, "password": null}