{"id": "gen9ou-2540459627", "format": "[Gen 9] OU", "players": ["roddyj", "altonating"], "log": "|j|☆roddyj\n|j|☆altonating\n|t:|1771204692\n|gametype|singles\n|player|p1|roddyj|ethan|1672\n|player|p2|altonating|psychicf-gen4|1628\n|gen|9\n|tier|[Gen 9] OU\n|rated|\n|rule|HP Percentage Mod: HP is shown in percentages\n|rule|Endless Battle Clause: Forcing endless battles is banned\n|rule|Species Clause: Limit one of each Pokémon\n|rule|OHKO Clause: OHKO moves are banned\n|rule|Evasion Items Clause: Evasion items are banned\n|rule|Evasion Moves Clause: Evasion moves are banned\n|rule|Evasion Abilities Clause: Evasion abilities are banned\n|rule|Sleep Moves Clause: Sleep-inducing moves are banned\n|clearpoke\n|poke|p1|Iron Crown|\n|poke|p1|Kingambit, F|\n|poke|p1|Raikou|\n|poke|p1|Weezing-Galar, M|\n|poke|p1|Goodra-Hisui, F|\n|poke|p1|Manaphy|\n|poke|p2|Tinkaton, F|\n|poke|p2|Zamazenta-*|\n|poke|p2|Pecharunt|\n|poke|p2|Zapdos|\n|poke|p2|Ting-Lu|\n|poke|p2|Empoleon, F|\n|teampreview\n|inactive|Battle timer is ON: inactive players will automatically lose when time's up. (requested by altonating)\n|j| xiaopangsonsong\n|j| hbgzd\n|inactive|roddyj has 120 seconds left.\n|l| xiaopangsonsong\n|\n|t:|1771204754\n|teamsize|p1|6\n|teamsize|p2|6\n|start\n|switch|p1a: Goodra|Goodra-Hisui, F, shiny|100/100\n|switch|p2a: Ting-Lu|Ting-Lu|100/100\n|-ability|p2a: Ting-Lu|Vessel of Ruin\n|turn|1\n|\n|t:|1771204759\n|switch|p1a: Weezing|Weezing-Galar, M, shiny|100/100\n|move|p2a: Ting-Lu|Spikes|p1a: Weezing\n|-sidestart|p1: roddyj|Spikes\n|\n|upkeep\n|turn|2\n|\n|t:|1771204766\n|switch|p2a: Empoleon|Empoleon, F|100/100\n|move|p1a: Weezing|Will-O-Wisp|p2a: Empoleon|[miss]\n|-miss|p1a: Weezing|p2a: Empoleon\n|\n|upkeep\n|turn|3\n|\n|t:|1771204771\n|switch|p1a: Goodra|Goodra-Hisui, F, shiny|100/100\n|-damage|p1a: Goodra|88/100|[from] Spikes\n|move|p2a: Empoleon|Flash Cannon|p1a: Goodra\n|-resisted|p1a: Goodra\n|-damage|p1a: Goodra|79/100\n|\n|upkeep\n|turn|4\n|\n|t:|1771204774\n|move|p2a: Empoleon|Knock Off|p1a: Goodra\n|-damage|p1a: Goodra|62/100\n|-ability|p1a: Goodra|Gooey\n|-unboost|p2a: Empoleon|spe|1\n|-ability|p2a: Empoleon|Competitive|boost\n|-boost|p2a: Empoleon|spa|2\n|-enditem|p1a: Goodra|Assault Vest|[from] move: Knock Off|[of] p2a: Empoleon\n|move|p1a: Goodra|Knock Off|p2a: Empoleon\n|-damage|p2a: Empoleon|77/100\n|-enditem|p2a: Empoleon|Heavy-Duty Boots|[from] move: Knock Off|[of] p1a: Goodra\n|\n|upkeep\n|turn|5\n|\n|t:|1771204787\n|move|p1a: Goodra|Flamethrower|p2a: Empoleon\n|-damage|p2a: Empoleon|51/100\n|move|p2a: Empoleon|Surf|p1a: Goodra\n|-resisted|p1a: Goodra\n|-damage|p1a: Goodra|34/100\n|\n|upkeep\n|turn|6\n|\n|t:|1771204796\n|move|p1a: Goodra|Flamethrower|p2a: Empoleon\n|-damage|p2a: Empoleon|24/100\n|move|p2a: Empoleon|Roost|p2a: Empoleon\n|-heal|p2a: Empoleon|75/100\n|-singleturn|p2a: Empoleon|move: Roost\n|\n|upkeep\n|turn|7\n|\n|t:|1771204799\n|move|p1a: Goodra|Flamethrower|p2a: Empoleon\n|-damage|p2a: Empoleon|51/100\n|move|p2a: Empoleon|Roost|p2a: Empoleon\n|-heal|p2a: Empoleon|100/100\n|-singleturn|p2a: Empoleon|move: Roost\n|\n|upkeep\n|turn|8\n|\n|t:|1771204803\n|move|p1a: Goodra|Flamethrower|p2a: Empoleon\n|-damage|p2a: Empoleon|74/100\n|move|p2a: Empoleon|Knock Off|p1a: Goodra\n|-damage|p1a: Goodra|23/100\n|-ability|p1a: Goodra|Gooey\n|-unboost|p2a: Empoleon|spe|1\n|-ability|p2a: Empoleon|Competitive|boost\n|-boost|p2a: Empoleon|spa|2\n|\n|upkeep\n|turn|9\n|\n|t:|1771204808\n|move|p1a: Goodra|Flamethrower|p2a: Empoleon\n|-damage|p2a: Empoleon|49/100\n|move|p2a: Empoleon|Roost|p2a: Empoleon\n|-heal|p2a: Empoleon|99/100\n|-singleturn|p2a: Empoleon|move: Roost\n|\n|upkeep\n|turn|10\n|\n|t:|1771204812\n|move|p1a: Goodra|Flamethrower|p2a: Empoleon\n|-damage|p2a: Empoleon|73/100\n|move|p2a: Empoleon|Knock Off|p1a: Goodra\n|-damage|p1a: Goodra|13/100\n|-ability|p1a: Goodra|Gooey\n|-unboost|p2a: Empoleon|spe|1\n|-ability|p2a: Empoleon|Competitive|boost\n|-boost|p2a: Empoleon|spa|2\n|\n|upkeep\n|turn|11\n|\n|t:|1771204821\n|move|p1a: Goodra|Flamethrower|p2a: Empoleon\n|-damage|p2a: Empoleon|47/100\n|move|p2a: Empoleon|Roost|p2a: Empoleon\n|-heal|p2a: Empoleon|97/100\n|-singleturn|p2a: Empoleon|move: Roost\n|\n|upkeep\n|turn|12\n|\n|t:|1771204827\n|move|p1a: Goodra|Flamethrower|p2a: Empoleon\n|-damage|p2a: Empoleon|71/100\n|move|p2a: Empoleon|Surf|p1a: Goodra\n|-resisted|p1a: Goodra\n|-damage|p1a: Goodra|0 fnt\n|faint|p1a: Goodra\n|\n|upkeep\n|j| xiaopangsonsong\n|l| xiaopangsonsong\n|\n|t:|1771204834\n|switch|p1a: Raikou|Raikou, shiny|100/100\n|-damage|p1a: Raikou|88/100|[from] Spikes\n|-ability|p1a: Raikou|Pressure\n|turn|13\n|\n|t:|1771204837\n|switch|p2a: Ting-Lu|Ting-Lu|100/100\n|-ability|p2a: Ting-Lu|Vessel of Ruin\n|move|p1a: Raikou|Thunder Wave|p2a: Ting-Lu\n|-immune|p2a: Ting-Lu\n|\n|upkeep\n|turn|14\n|\n|t:|1771204841\n|switch|p1a: Weezing|Weezing-Galar, M, shiny|100/100\n|move|p2a: Ting-Lu|Spikes|p1a: Weezing\n|-sidestart|p1: roddyj|Spikes\n|\n|upkeep\n|turn|15\n|\n|t:|1771204843\n|switch|p2a: Empoleon|Empoleon, F|71/100\n|move|p1a: Weezing|Defog|p2a: Empoleon\n|-unboost|p2a: Empoleon|evasion|1\n|-ability|p2a: Empoleon|Competitive|boost\n|-boost|p2a: Empoleon|spa|2\n|-sideend|p1: roddyj|Spikes|[from] move: Defog|[of] p1a: Weezing\n|\n|upkeep\n|turn|16\n|j| Samurajen\n|\n|t:|1771204849\n|switch|p1a: Raikou|Raikou, shiny|88/100\n|-ability|p1a: Raikou|Pressure\n|move|p2a: Empoleon|Surf|p1a: Raikou\n|-damage|p1a: Raikou|0 fnt\n|faint|p1a: Raikou\n|\n|upkeep\n|\n|t:|1771204851\n|switch|p1a: Kingambit|Kingambit, F, shiny|100/100\n|-activate|p1a: Kingambit|ability: Supreme Overlord\n|-start|p1a: Kingambit|fallen2|[silent]\n|turn|17\n|\n|t:|1771204867\n|-terastallize|p2a: Empoleon|Flying\n|move|p1a: Kingambit|Low Kick|p2a: Empoleon\n|-resisted|p2a: Empoleon\n|-damage|p2a: Empoleon|54/100\n|move|p2a: Empoleon|Surf|p1a: Kingambit\n|-damage|p1a: Kingambit|0 fnt\n|faint|p1a: Kingambit\n|-end|p1a: Kingambit|fallen2|[silent]\n|\n|upkeep\n|\n|t:|1771204876\n|switch|p1a: Iron Crown|Iron Crown|100/100\n|turn|18\n|\n|t:|1771204879\n|switch|p2a: Ting-Lu|Ting-Lu|100/100\n|-ability|p2a: Ting-Lu|Vessel of Ruin\n|move|p1a: Iron Crown|Calm Mind|p1a: Iron Crown\n|-boost|p1a: Iron Crown|spa|1\n|-boost|p1a: Iron Crown|spd|1\n|\n|upkeep\n|turn|19\n|\n|t:|1771204882\n|-end|p1a: Iron Crown|Quark Drive|[silent]\n|switch|p1a: Weezing|Weezing-Galar, M, shiny|100/100\n|move|p2a: Ting-Lu|Earthquake|p1a: Weezing\n|-immune|p1a: Weezing|[from] ability: Levitate\n|\n|upkeep\n|turn|20\n|\n|t:|1771204885\n|move|p1a: Weezing|Will-O-Wisp|p2a: Ting-Lu\n|-status|p2a: Ting-Lu|brn\n|move|p2a: Ting-Lu|Spikes|p1a: Weezing\n|-sidestart|p1: roddyj|Spikes\n|\n|-damage|p2a: Ting-Lu|94/100 brn|[from] brn\n|upkeep\n|turn|21\n|\n|t:|1771204890\n|switch|p2a: Empoleon|Empoleon, F, tera:Flying|54/100\n|move|p1a: Weezing|Strange Steam|p2a: Empoleon\n|-damage|p2a: Empoleon|33/100\n|\n|upkeep\n|turn|22\n|\n|t:|1771204892\n|move|p2a: Empoleon|Roost|p2a: Empoleon\n|-heal|p2a: Empoleon|83/100\n|-hint|If a Terastallized Pokemon uses Roost, it remains Flying-type.\n|move|p1a: Weezing|Strange Steam|p2a: Empoleon\n|-damage|p2a: Empoleon|61/100\n|-start|p2a: Empoleon|confusion\n|\n|upkeep\n|turn|23\n|\n|t:|1771204895\n|-activate|p2a: Empoleon|confusion\n|-damage|p2a: Empoleon|53/100|[from] confusion\n|move|p1a: Weezing|Strange Steam|p2a: Empoleon|[miss]\n|-miss|p1a: Weezing|p2a: Empoleon\n|\n|upkeep\n|turn|24\n|\n|t:|1771204898\n|move|p1a: Weezing|Strange Steam|p2a: Empoleon\n|-damage|p2a: Empoleon|31/100\n|-activate|p2a: Empoleon|confusion\n|move|p2a: Empoleon|Roost|p2a: Empoleon\n|-heal|p2a: Empoleon|81/100\n|-hint|If a Terastallized Pokemon uses Roost, it remains Flying-type.\n|\n|upkeep\n|turn|25\n|\n|t:|1771204903\n|move|p1a: Weezing|Will-O-Wisp|p2a: Empoleon\n|-status|p2a: Empoleon|brn\n|-end|p2a: Empoleon|confusion\n|move|p2a: Empoleon|Roost|p2a: Empoleon\n|-heal|p2a: Empoleon|100/100 brn\n|-hint|If a Terastallized Pokemon uses Roost, it remains Flying-type.\n|\n|-damage|p2a: Empoleon|94/100 brn|[from] brn\n|upkeep\n|turn|26\n|\n|t:|1771204907\n|move|p2a: Empoleon|Flash Cannon|p1a: Weezing\n|-supereffective|p1a: Weezing\n|-damage|p1a: Weezing|0 fnt\n|faint|p1a: Weezing\n|\n|-damage|p2a: Empoleon|88/100 brn|[from] brn\n|upkeep\n|\n|t:|1771204912\n|switch|p1a: Manaphy|Manaphy, shiny|100/100\n|-damage|p1a: Manaphy|88/100|[from] Spikes\n|turn|27\n|\n|t:|1771204915\n|switch|p2a: Tinkaton|Tinkaton, F|100/100\n|-item|p2a: Tinkaton|Air Balloon\n|move|p1a: Manaphy|Take Heart|p1a: Manaphy\n|-boost|p1a: Manaphy|spa|1\n|-boost|p1a: Manaphy|spd|1\n|\n|-heal|p1a: Manaphy|94/100|[from] item: Leftovers\n|upkeep\n|turn|28\n|\n|t:|1771204918\n|move|p2a: Tinkaton|Encore|p1a: Manaphy\n|-start|p1a: Manaphy|Encore\n|move|p1a: Manaphy|Take Heart|p1a: Manaphy\n|-boost|p1a: Manaphy|spa|1\n|-boost|p1a: Manaphy|spd|1\n|\n|-heal|p1a: Manaphy|100/100|[from] item: Leftovers\n|upkeep\n|turn|29\n|\n|t:|1771204921\n|move|p2a: Tinkaton|Knock Off|p1a: Manaphy\n|-damage|p1a: Manaphy|85/100\n|-enditem|p1a: Manaphy|Leftovers|[from] move: Knock Off|[of] p2a: Tinkaton\n|move|p1a: Manaphy|Take Heart|p1a: Manaphy\n|-boost|p1a: Manaphy|spa|1\n|-boost|p1a: Manaphy|spd|1\n|\n|upkeep\n|turn|30\n|\n|t:|1771204924\n|move|p2a: Tinkaton|Stealth Rock|p1a: Manaphy\n|-sidestart|p1: roddyj|move: Stealth Rock\n|move|p1a: Manaphy|Take Heart|p1a: Manaphy\n|-boost|p1a: Manaphy|spa|1\n|-boost|p1a: Manaphy|spd|1\n|\n|-end|p1a: Manaphy|Encore\n|upkeep\n|turn|31\n|\n|t:|1771204927\n|move|p2a: Tinkaton|Encore|p1a: Manaphy\n|-start|p1a: Manaphy|Encore\n|move|p1a: Manaphy|Take Heart|p1a: Manaphy\n|-boost|p1a: Manaphy|spa|1\n|-boost|p1a: Manaphy|spd|1\n|\n|upkeep\n|turn|32\n|-message|roddyj forfeited.\n|\n|win|altonating\n|raw|roddyj's rating: 1672 &rarr; <strong>1649</strong><br />(-23 for losing)\n|raw|altonating's rating: 1628 &rarr; <strong>1651</strong><br />(+23 for winning)\n|l|☆roddyj\n|player|p1|\n", "uploadtime": 1771204936, "views": 10, "formatid": "gen9ou", "rating": 1649, "private": 0, "password": null}