{"id": "gen9ou-2540735609", "format": "[Gen 9] OU", "players": ["firewall1234", "Wuerfel"], "log": "|j|☆firewall1234\n|j|☆Wuerfel\n|t:|1771247686\n|gametype|singles\n|player|p1|firewall1234|102|1657\n|player|p2|Wuerfel|serena-masters|1662\n|gen|9\n|tier|[Gen 9] OU\n|rated|\n|rule|HP Percentage Mod: HP is shown in percentages\n|rule|Endless Battle Clause: Forcing endless battles is banned\n|rule|Species Clause: Limit one of each Pokémon\n|rule|OHKO Clause: OHKO moves are banned\n|rule|Evasion Items Clause: Evasion items are banned\n|rule|Evasion Moves Clause: Evasion moves are banned\n|rule|Evasion Abilities Clause: Evasion abilities are banned\n|rule|Sleep Moves Clause: Sleep-inducing moves are banned\n|clearpoke\n|poke|p1|Hydrapple, M|\n|poke|p1|Tyranitar, F|\n|poke|p1|Moltres|\n|poke|p1|Zamazenta-*|\n|poke|p1|Slowking-Galar, M|\n|poke|p1|Excadrill, F|\n|poke|p2|Scream Tail|\n|poke|p2|Iron Boulder|\n|poke|p2|Iron Valiant|\n|poke|p2|Iron Moth|\n|poke|p2|Walking Wake|\n|poke|p2|Great Tusk|\n|teampreview\n|inactive|Battle timer is ON: inactive players will automatically lose when time's up. (requested by Wuerfel)\n|\n|t:|1771247707\n|teamsize|p1|6\n|teamsize|p2|6\n|start\n|switch|p1a: Tyranitar|Tyranitar, F|100/100\n|switch|p2a: Scream Tail|Scream Tail|100/100\n|-weather|Sandstorm|[from] ability: Sand Stream|[of] p1a: Tyranitar\n|turn|1\n|\n|t:|1771247711\n|move|p2a: Scream Tail|Reflect|p2a: Scream Tail\n|-sidestart|p2: Wuerfel|Reflect\n|move|p1a: Tyranitar|Stealth Rock|p2a: Scream Tail\n|-sidestart|p2: Wuerfel|move: Stealth Rock\n|\n|-weather|Sandstorm|[upkeep]\n|-damage|p2a: Scream Tail|94/100|[from] Sandstorm\n|upkeep\n|turn|2\n|\n|t:|1771247719\n|move|p2a: Scream Tail|Light Screen|p2a: Scream Tail\n|-sidestart|p2: Wuerfel|move: Light Screen\n|move|p1a: Tyranitar|Knock Off|p2a: Scream Tail\n|-damage|p2a: Scream Tail|78/100\n|-enditem|p2a: Scream Tail|Light Clay|[from] move: Knock Off|[of] p1a: Tyranitar\n|\n|-weather|Sandstorm|[upkeep]\n|-damage|p2a: Scream Tail|72/100|[from] Sandstorm\n|upkeep\n|turn|3\n|\n|t:|1771247725\n|switch|p1a: Slowking|Slowking-Galar, M|100/100\n|move|p2a: Scream Tail|Stealth Rock|p1a: Slowking\n|-sidestart|p1: firewall1234|move: Stealth Rock\n|\n|-weather|Sandstorm|[upkeep]\n|-damage|p2a: Scream Tail|65/100|[from] Sandstorm\n|-damage|p1a: Slowking|94/100|[from] Sandstorm\n|upkeep\n|turn|4\n|\n|t:|1771247731\n|move|p2a: Scream Tail|Misty Explosion|p1a: Slowking\n|-resisted|p1a: Slowking\n|-damage|p1a: Slowking|88/100\n|faint|p2a: Scream Tail\n|-end|p2a: Scream Tail|Protosynthesis|[silent]\n|move|p1a: Slowking|Sludge Bomb|p2: Scream Tail|[notarget]\n|-fail|p1a: Slowking\n|\n|-weather|Sandstorm|[upkeep]\n|-damage|p1a: Slowking|81/100|[from] Sandstorm\n|upkeep\n|\n|t:|1771247744\n|switch|p2a: Great Tusk|Great Tusk|100/100\n|-damage|p2a: Great Tusk|98/100|[from] Stealth Rock\n|-enditem|p2a: Great Tusk|Booster Energy\n|-activate|p2a: Great Tusk|ability: Protosynthesis|[fromitem]\n|-start|p2a: Great Tusk|protosynthesisatk\n|turn|5\n|\n|t:|1771247755\n|switch|p1a: Moltres|Moltres|100/100\n|move|p2a: Great Tusk|Rapid Spin|p1a: Moltres\n|-damage|p1a: Moltres|83/100\n|-boost|p2a: Great Tusk|spe|1\n|-sideend|p2: Wuerfel|Stealth Rock|[from] move: Rapid Spin|[of] p2a: Great Tusk\n|\n|-weather|Sandstorm|[upkeep]\n|-damage|p1a: Moltres|77/100|[from] Sandstorm\n|upkeep\n|turn|6\n|\n|t:|1771247762\n|move|p2a: Great Tusk|Knock Off|p1a: Moltres\n|-damage|p1a: Moltres|49/100\n|-enditem|p1a: Moltres|Heavy-Duty Boots|[from] move: Knock Off|[of] p2a: Great Tusk\n|move|p1a: Moltres|Roar|p2a: Great Tusk\n|-end|p2a: Great Tusk|Protosynthesis|[silent]\n|drag|p2a: Walking Wake|Walking Wake|100/100\n|-enditem|p2a: Walking Wake|Booster Energy\n|-activate|p2a: Walking Wake|ability: Protosynthesis|[fromitem]\n|-start|p2a: Walking Wake|protosynthesisspe\n|\n|-weather|Sandstorm|[upkeep]\n|-damage|p2a: Walking Wake|94/100|[from] Sandstorm\n|-damage|p1a: Moltres|43/100|[from] Sandstorm\n|upkeep\n|turn|7\n|j| gdsegtrhyer\n|\n|t:|1771247771\n|switch|p1a: Slowking|Slowking-Galar, M|100/100\n|-damage|p1a: Slowking|88/100|[from] Stealth Rock\n|move|p2a: Walking Wake|Scald|p1a: Slowking\n|-damage|p1a: Slowking|65/100\n|\n|-weather|Sandstorm|[upkeep]\n|-damage|p2a: Walking Wake|88/100|[from] Sandstorm\n|-damage|p1a: Slowking|59/100|[from] Sandstorm\n|upkeep\n|turn|8\n|\n|t:|1771247778\n|move|p2a: Walking Wake|Knock Off|p1a: Slowking\n|-supereffective|p1a: Slowking\n|-damage|p1a: Slowking|31/100\n|-enditem|p1a: Slowking|Assault Vest|[from] move: Knock Off|[of] p2a: Walking Wake\n|move|p1a: Slowking|Sludge Bomb|p2a: Walking Wake\n|-damage|p2a: Walking Wake|68/100\n|\n|-weather|none\n|-sideend|p2: Wuerfel|Reflect\n|upkeep\n|turn|9\n|\n|t:|1771247792\n|switch|p1a: Tyranitar|Tyranitar, F|100/100\n|-damage|p1a: Tyranitar|88/100|[from] Stealth Rock\n|-weather|Sandstorm|[from] ability: Sand Stream|[of] p1a: Tyranitar\n|move|p2a: Walking Wake|Dragon Pulse|p1a: Tyranitar\n|-damage|p1a: Tyranitar|71/100\n|\n|-weather|Sandstorm|[upkeep]\n|-damage|p2a: Walking Wake|62/100|[from] Sandstorm\n|-sideend|p2: Wuerfel|move: Light Screen\n|upkeep\n|turn|10\n|\n|t:|1771247800\n|move|p2a: Walking Wake|Scald|p1a: Tyranitar\n|-supereffective|p1a: Tyranitar\n|-damage|p1a: Tyranitar|36/100\n|move|p1a: Tyranitar|Stealth Rock|p2a: Walking Wake\n|-sidestart|p2: Wuerfel|move: Stealth Rock\n|\n|-weather|Sandstorm|[upkeep]\n|-damage|p2a: Walking Wake|56/100|[from] Sandstorm\n|upkeep\n|turn|11\n|\n|t:|1771247807\n|switch|p1a: Slowking|Slowking-Galar, M|64/100\n|-damage|p1a: Slowking|52/100|[from] Stealth Rock\n|move|p2a: Walking Wake|Scald|p1a: Slowking\n|-damage|p1a: Slowking|21/100\n|-status|p1a: Slowking|brn\n|\n|-weather|Sandstorm|[upkeep]\n|-damage|p2a: Walking Wake|49/100|[from] Sandstorm\n|-damage|p1a: Slowking|15/100 brn|[from] Sandstorm\n|-damage|p1a: Slowking|9/100 brn|[from] brn\n|upkeep\n|turn|12\n|\n|t:|1771247818\n|move|p2a: Walking Wake|Scald|p1a: Slowking\n|-damage|p1a: Slowking|0 fnt\n|faint|p1a: Slowking\n|\n|-weather|Sandstorm|[upkeep]\n|-damage|p2a: Walking Wake|43/100|[from] Sandstorm\n|upkeep\n|\n|t:|1771247820\n|switch|p1a: Excadrill|Excadrill, F|100/100\n|-damage|p1a: Excadrill|97/100|[from] Stealth Rock\n|-item|p1a: Excadrill|Air Balloon\n|turn|13\n|\n|t:|1771247826\n|move|p1a: Excadrill|Earthquake|p2a: Walking Wake\n|-damage|p2a: Walking Wake|0 fnt\n|faint|p2a: Walking Wake\n|-end|p2a: Walking Wake|Protosynthesis|[silent]\n|\n|-weather|Sandstorm|[upkeep]\n|upkeep\n|\n|t:|1771247832\n|switch|p2a: Great Tusk|Great Tusk|98/100\n|-damage|p2a: Great Tusk|95/100|[from] Stealth Rock\n|turn|14\n|\n|t:|1771247837\n|move|p1a: Excadrill|Rapid Spin|p2a: Great Tusk\n|-damage|p2a: Great Tusk|81/100\n|-boost|p1a: Excadrill|spe|1\n|-sideend|p1: firewall1234|Stealth Rock|[from] move: Rapid Spin|[of] p1a: Excadrill\n|move|p2a: Great Tusk|Rapid Spin|p1a: Excadrill\n|-resisted|p1a: Excadrill\n|-damage|p1a: Excadrill|86/100\n|-boost|p2a: Great Tusk|spe|1\n|-enditem|p1a: Excadrill|Air Balloon\n|-sideend|p2: Wuerfel|Stealth Rock|[from] move: Rapid Spin|[of] p2a: Great Tusk\n|\n|-weather|Sandstorm|[upkeep]\n|upkeep\n|turn|15\n|\n|t:|1771247844\n|switch|p1a: Moltres|Moltres|43/100\n|move|p2a: Great Tusk|Headlong Rush|p1a: Moltres\n|-immune|p1a: Moltres\n|\n|-weather|Sandstorm|[upkeep]\n|-damage|p1a: Moltres|37/100|[from] Sandstorm\n|upkeep\n|turn|16\n|\n|t:|1771247855\n|-end|p2a: Great Tusk|Protosynthesis|[silent]\n|switch|p2a: Iron Moth|Iron Moth|100/100\n|-enditem|p2a: Iron Moth|Booster Energy\n|-activate|p2a: Iron Moth|ability: Quark Drive|[fromitem]\n|-start|p2a: Iron Moth|quarkdrivespe\n|move|p1a: Moltres|Roost|p1a: Moltres\n|-heal|p1a: Moltres|87/100\n|-singleturn|p1a: Moltres|move: Roost\n|\n|-weather|none\n|upkeep\n|turn|17\n|\n|t:|1771247861\n|switch|p1a: Tyranitar|Tyranitar, F|36/100\n|-weather|Sandstorm|[from] ability: Sand Stream|[of] p1a: Tyranitar\n|move|p2a: Iron Moth|Sludge Wave|p1a: Tyranitar\n|-resisted|p1a: Tyranitar\n|-damage|p1a: Tyranitar|26/100\n|-status|p1a: Tyranitar|psn\n|\n|-weather|Sandstorm|[upkeep]\n|-damage|p2a: Iron Moth|95/100|[from] Sandstorm\n|-damage|p1a: Tyranitar|14/100 psn|[from] psn\n|upkeep\n|turn|18\n|\n|t:|1771247874\n|switch|p1a: Moltres|Moltres|87/100\n|move|p2a: Iron Moth|Substitute|p2a: Iron Moth\n|-start|p2a: Iron Moth|Substitute\n|-damage|p2a: Iron Moth|70/100\n|\n|-weather|Sandstorm|[upkeep]\n|-damage|p2a: Iron Moth|64/100|[from] Sandstorm\n|-damage|p1a: Moltres|81/100|[from] Sandstorm\n|upkeep\n|turn|19\n|\n|t:|1771247876\n|move|p2a: Iron Moth|Sludge Wave|p1a: Moltres\n|-damage|p1a: Moltres|28/100\n|move|p1a: Moltres|U-turn|p2a: Iron Moth\n|-resisted|p2a: Iron Moth\n|-activate|p2a: Iron Moth|move: Substitute|[damage]\n|\n|t:|1771247881\n|switch|p1a: Excadrill|Excadrill, F|86/100|[from] U-turn\n|\n|-weather|Sandstorm|[upkeep]\n|-damage|p2a: Iron Moth|58/100|[from] Sandstorm\n|upkeep\n|turn|20\n|\n|t:|1771247886\n|-terastallize|p1a: Excadrill|Fire\n|move|p1a: Excadrill|Earthquake|p2a: Iron Moth\n|-supereffective|p2a: Iron Moth\n|-end|p2a: Iron Moth|Substitute\n|move|p2a: Iron Moth|Fiery Dance|p1a: Excadrill\n|-resisted|p1a: Excadrill\n|-damage|p1a: Excadrill|58/100\n|\n|-weather|Sandstorm|[upkeep]\n|-damage|p2a: Iron Moth|52/100|[from] Sandstorm\n|upkeep\n|turn|21\n|\n|t:|1771247898\n|move|p1a: Excadrill|Earthquake|p2a: Iron Moth\n|-supereffective|p2a: Iron Moth\n|-damage|p2a: Iron Moth|0 fnt\n|faint|p2a: Iron Moth\n|-end|p2a: Iron Moth|Quark Drive|[silent]\n|\n|-weather|Sandstorm|[upkeep]\n|upkeep\n|\n|t:|1771247909\n|switch|p2a: Great Tusk|Great Tusk|81/100\n|turn|22\n|\n|t:|1771247918\n|switch|p1a: Hydrapple|Hydrapple, M|100/100\n|move|p2a: Great Tusk|Ice Spinner|p1a: Hydrapple\n|-supereffective|p1a: Hydrapple\n|-damage|p1a: Hydrapple|35/100\n|\n|-weather|Sandstorm|[upkeep]\n|-damage|p1a: Hydrapple|29/100|[from] Sandstorm\n|upkeep\n|turn|23\n|\n|t:|1771247929\n|move|p2a: Great Tusk|Ice Spinner|p1a: Hydrapple\n|-supereffective|p1a: Hydrapple\n|-damage|p1a: Hydrapple|0 fnt\n|faint|p1a: Hydrapple\n|\n|-weather|Sandstorm|[upkeep]\n|upkeep\n|\n|t:|1771247932\n|switch|p1a: Moltres|Moltres|28/100\n|turn|24\n|\n|t:|1771247940\n|move|p2a: Great Tusk|Ice Spinner|p1a: Moltres\n|-damage|p1a: Moltres|8/100\n|move|p1a: Moltres|Roost|p1a: Moltres\n|-heal|p1a: Moltres|58/100\n|-singleturn|p1a: Moltres|move: Roost\n|\n|-weather|none\n|upkeep\n|turn|25\n|\n|t:|1771247949\n|-end|p2a: Great Tusk|Protosynthesis|[silent]\n|switch|p2a: Iron Boulder|Iron Boulder|100/100\n|-enditem|p2a: Iron Boulder|Booster Energy\n|-activate|p2a: Iron Boulder|ability: Quark Drive|[fromitem]\n|-start|p2a: Iron Boulder|quarkdrivespe\n|move|p1a: Moltres|U-turn|p2a: Iron Boulder\n|-supereffective|p2a: Iron Boulder\n|-damage|p2a: Iron Boulder|62/100\n|\n|t:|1771247957\n|switch|p1a: Tyranitar|Tyranitar, F|14/100 psn|[from] U-turn\n|-weather|Sandstorm|[from] ability: Sand Stream|[of] p1a: Tyranitar\n|\n|-weather|Sandstorm|[upkeep]\n|-damage|p1a: Tyranitar|1/100 psn|[from] psn\n|upkeep\n|turn|26\n|\n|t:|1771247976\n|move|p2a: Iron Boulder|Mighty Cleave|p1a: Tyranitar\n|-damage|p1a: Tyranitar|0 fnt\n|faint|p1a: Tyranitar\n|\n|-weather|Sandstorm|[upkeep]\n|upkeep\n|\n|t:|1771247980\n|switch|p1a: Excadrill|Excadrill, F, tera:Fire|58/100\n|turn|27\n|\n|t:|1771247984\n|move|p1a: Excadrill|Earthquake|p2a: Iron Boulder\n|-supereffective|p2a: Iron Boulder\n|-damage|p2a: Iron Boulder|0 fnt\n|faint|p2a: Iron Boulder\n|-end|p2a: Iron Boulder|Quark Drive|[silent]\n|\n|-weather|Sandstorm|[upkeep]\n|upkeep\n|\n|t:|1771247989\n|switch|p2a: Great Tusk|Great Tusk|81/100\n|turn|28\n|\n|t:|1771247992\n|move|p1a: Excadrill|Earthquake|p2a: Great Tusk\n|-damage|p2a: Great Tusk|44/100\n|move|p2a: Great Tusk|Headlong Rush|p1a: Excadrill\n|-supereffective|p1a: Excadrill\n|-damage|p1a: Excadrill|0 fnt\n|-unboost|p2a: Great Tusk|def|1\n|-unboost|p2a: Great Tusk|spd|1\n|faint|p1a: Excadrill\n|\n|-weather|Sandstorm|[upkeep]\n|upkeep\n|\n|t:|1771247996\n|switch|p1a: Moltres|Moltres|58/100\n|turn|29\n|\n|t:|1771248002\n|move|p2a: Great Tusk|Ice Spinner|p1a: Moltres\n|-damage|p1a: Moltres|39/100\n|move|p1a: Moltres|Roost|p1a: Moltres\n|-heal|p1a: Moltres|89/100\n|-singleturn|p1a: Moltres|move: Roost\n|\n|-weather|Sandstorm|[upkeep]\n|-damage|p1a: Moltres|83/100|[from] Sandstorm\n|upkeep\n|turn|30\n|\n|t:|1771248009\n|move|p2a: Great Tusk|Ice Spinner|p1a: Moltres\n|-damage|p1a: Moltres|65/100\n|move|p1a: Moltres|Flamethrower|p2a: Great Tusk\n|-damage|p2a: Great Tusk|0 fnt\n|faint|p2a: Great Tusk\n|-end|p2a: Great Tusk|Protosynthesis|[silent]\n|\n|-weather|Sandstorm|[upkeep]\n|-damage|p1a: Moltres|59/100|[from] Sandstorm\n|upkeep\n|\n|t:|1771248013\n|switch|p2a: Iron Valiant|Iron Valiant|100/100\n|-enditem|p2a: Iron Valiant|Booster Energy\n|-activate|p2a: Iron Valiant|ability: Quark Drive|[fromitem]\n|-start|p2a: Iron Valiant|quarkdrivespe\n|turn|31\n|\n|t:|1771248024\n|move|p2a: Iron Valiant|Calm Mind|p2a: Iron Valiant\n|-boost|p2a: Iron Valiant|spa|1\n|-boost|p2a: Iron Valiant|spd|1\n|move|p1a: Moltres|Roost|p1a: Moltres\n|-heal|p1a: Moltres|100/100\n|-singleturn|p1a: Moltres|move: Roost\n|\n|-weather|Sandstorm|[upkeep]\n|-damage|p2a: Iron Valiant|94/100|[from] Sandstorm\n|-damage|p1a: Moltres|94/100|[from] Sandstorm\n|upkeep\n|turn|32\n|\n|t:|1771248028\n|move|p2a: Iron Valiant|Calm Mind|p2a: Iron Valiant\n|-boost|p2a: Iron Valiant|spa|1\n|-boost|p2a: Iron Valiant|spd|1\n|move|p1a: Moltres|Flamethrower|p2a: Iron Valiant\n|-damage|p2a: Iron Valiant|58/100\n|-status|p2a: Iron Valiant|brn\n|\n|-weather|none\n|-damage|p2a: Iron Valiant|51/100 brn|[from] brn\n|upkeep\n|turn|33\n|\n|t:|1771248034\n|move|p2a: Iron Valiant|Calm Mind|p2a: Iron Valiant\n|-boost|p2a: Iron Valiant|spa|1\n|-boost|p2a: Iron Valiant|spd|1\n|move|p1a: Moltres|Flamethrower|p2a: Iron Valiant\n|-damage|p2a: Iron Valiant|21/100 brn\n|\n|-damage|p2a: Iron Valiant|15/100 brn|[from] brn\n|upkeep\n|turn|34\n|\n|t:|1771248040\n|move|p2a: Iron Valiant|Moonblast|p1a: Moltres\n|-resisted|p1a: Moltres\n|-damage|p1a: Moltres|42/100\n|-unboost|p1a: Moltres|spa|1\n|move|p1a: Moltres|Roost|p1a: Moltres\n|-heal|p1a: Moltres|92/100\n|-singleturn|p1a: Moltres|move: Roost\n|\n|-damage|p2a: Iron Valiant|9/100 brn|[from] brn\n|upkeep\n|turn|35\n|l| gdsegtrhyer\n|-message|Wuerfel forfeited.\n|\n|win|firewall1234\n|raw|firewall1234's rating: 1657 &rarr; <strong>1677</strong><br />(+20 for winning)\n|raw|Wuerfel's rating: 1662 &rarr; <strong>1642</strong><br />(-20 for losing)\n|l|☆Wuerfel\n|player|p2|\n|l|☆firewall1234\n|player|p1|\n", "uploadtime": 1771248183, "views": 5, "formatid": "gen9ou", "rating": 1642, "private": 0, "password": null}