{"id": "gen9ou-2639184177", "format": "[Gen 9] OU", "players": ["loupap", "cooltrainersamson"], "log": "|j|☆loupap\n|j|☆cooltrainersamson\n|t:|1782430789\n|gametype|singles\n|player|p1|loupap|n|1065\n|player|p2|cooltrainersamson|cowgirl|1117\n|gen|9\n|tier|[Gen 9] OU\n|rated|\n|rule|HP Percentage Mod: HP is shown in percentages\n|rule|Endless Battle Clause: Forcing endless battles is banned\n|rule|Species Clause: Limit one of each Pokémon\n|rule|OHKO Clause: OHKO moves are banned\n|rule|Evasion Items Clause: Evasion items are banned\n|rule|Evasion Moves Clause: Evasion moves are banned\n|rule|Evasion Abilities Clause: Evasion abilities are banned\n|rule|Sleep Moves Clause: Sleep-inducing moves are banned\n|clearpoke\n|poke|p1|Gliscor, F|\n|poke|p1|Glimmora, F|\n|poke|p1|Garganacl, M|\n|poke|p1|Pecharunt|\n|poke|p1|Tyranitar, M|\n|poke|p1|Slowking-Galar, M|\n|poke|p2|Jirachi|\n|poke|p2|Dudunsparce-*, F|\n|poke|p2|Serperior, M|\n|poke|p2|Zapdos|\n|poke|p2|Grimmsnarl, M|\n|poke|p2|Gholdengo|\n|teampreview\n|inactive|Battle timer is ON: inactive players will automatically lose when time's up. (requested by cooltrainersamson)\n|\n|t:|1782430811\n|teamsize|p1|6\n|teamsize|p2|6\n|start\n|switch|p1a: Gliscor|Gliscor, F|100/100\n|switch|p2a: Dudunsparce|Dudunsparce, F|100/100\n|turn|1\n|\n|t:|1782430819\n|move|p1a: Gliscor|Spikes|p2a: Dudunsparce\n|-sidestart|p2: cooltrainersamson|Spikes\n|move|p2a: Dudunsparce|Glare|p1a: Gliscor\n|-status|p1a: Gliscor|par\n|\n|upkeep\n|turn|2\n|\n|t:|1782430828\n|move|p2a: Dudunsparce|Boomburst|p1a: Gliscor\n|-damage|p1a: Gliscor|53/100 par\n|cant|p1a: Gliscor|par\n|\n|upkeep\n|turn|3\n|\n|t:|1782430839\n|move|p2a: Dudunsparce|Boomburst|p1a: Gliscor\n|-damage|p1a: Gliscor|0 fnt\n|faint|p1a: Gliscor\n|\n|upkeep\n|\n|t:|1782430854\n|switch|p1a: Pecharunt|Pecharunt|100/100\n|turn|4\n|\n|t:|1782430859\n|move|p1a: Pecharunt|Malignant Chain|p2a: Dudunsparce\n|-damage|p2a: Dudunsparce|65/100\n|move|p2a: Dudunsparce|Glare|p1a: Pecharunt\n|-status|p1a: Pecharunt|par\n|\n|upkeep\n|turn|5\n|\n|t:|1782430866\n|switch|p2a: Jirachi|Jirachi|100/100\n|-damage|p2a: Jirachi|88/100|[from] Spikes\n|switch|p1a: Slowking|Slowking-Galar, M|100/100\n|\n|-heal|p2a: Jirachi|94/100|[from] item: Leftovers\n|upkeep\n|turn|6\n|\n|t:|1782430879\n|move|p2a: Jirachi|Thunder Wave|p1a: Slowking\n|-status|p1a: Slowking|par\n|cant|p1a: Slowking|par\n|\n|-heal|p2a: Jirachi|100/100|[from] item: Leftovers\n|upkeep\n|turn|7\n|\n|t:|1782430884\n|move|p2a: Jirachi|Substitute|p2a: Jirachi\n|-start|p2a: Jirachi|Substitute\n|-damage|p2a: Jirachi|75/100\n|cant|p1a: Slowking|par\n|\n|-heal|p2a: Jirachi|82/100|[from] item: Leftovers\n|upkeep\n|turn|8\n|\n|t:|1782430890\n|move|p2a: Jirachi|Iron Head|p1a: Slowking\n|-damage|p1a: Slowking|73/100 par\n|-damage|p2a: Jirachi|65/100|[from] item: Rocky Helmet|[of] p1a: Slowking\n|cant|p1a: Slowking|flinch\n|\n|-heal|p2a: Jirachi|71/100|[from] item: Leftovers\n|upkeep\n|turn|9\n|\n|t:|1782430899\n|move|p2a: Jirachi|Iron Head|p1a: Slowking\n|-damage|p1a: Slowking|47/100 par\n|-damage|p2a: Jirachi|55/100|[from] item: Rocky Helmet|[of] p1a: Slowking\n|cant|p1a: Slowking|flinch\n|\n|-heal|p2a: Jirachi|61/100|[from] item: Leftovers\n|upkeep\n|turn|10\n|\n|t:|1782430906\n|move|p2a: Jirachi|Iron Head|p1a: Slowking\n|-damage|p1a: Slowking|20/100 par\n|-damage|p2a: Jirachi|44/100|[from] item: Rocky Helmet|[of] p1a: Slowking\n|cant|p1a: Slowking|flinch\n|\n|-heal|p2a: Jirachi|50/100|[from] item: Leftovers\n|upkeep\n|turn|11\n|c|☆loupap|Wtf\n|\n|t:|1782430934\n|move|p2a: Jirachi|Iron Head|p1a: Slowking\n|-damage|p1a: Slowking|0 fnt\n|-damage|p2a: Jirachi|34/100|[from] item: Rocky Helmet|[of] p1a: Slowking\n|faint|p1a: Slowking\n|\n|-heal|p2a: Jirachi|40/100|[from] item: Leftovers\n|upkeep\n|c|☆cooltrainersamson|yeah its a team specifically to say F you to gliscor teams\n|inactive|loupap has 120 seconds left.\n|\n|t:|1782430946\n|switch|p1a: Glimmora|Glimmora, F|100/100\n|turn|12\n|\n|t:|1782430953\n|move|p1a: Glimmora|Spiky Shield|p1a: Glimmora\n|-singleturn|p1a: Glimmora|move: Protect\n|move|p2a: Jirachi|Thunder Wave|p1a: Glimmora\n|-activate|p1a: Glimmora|move: Protect\n|\n|-heal|p2a: Jirachi|46/100|[from] item: Leftovers\n|upkeep\n|turn|13\n|\n|t:|1782430965\n|move|p1a: Glimmora|Spiky Shield|p1a: Glimmora\n|-singleturn|p1a: Glimmora|move: Protect\n|move|p2a: Jirachi|Thunder Wave|p1a: Glimmora\n|-activate|p1a: Glimmora|move: Protect\n|\n|-heal|p2a: Jirachi|52/100|[from] item: Leftovers\n|upkeep\n|turn|14\n|c|☆cooltrainersamson|!data serene grace\n|c|☆cooltrainersamson|/raw <ul class=\"utilichart\"><li class=\"result\"><span class=\"col namecol\"><a href=\"https://dex.pokemonshowdown.com/abilities/serenegrace\">Serene Grace</a></span> <span class=\"col abilitydesccol\">This Pokemon's moves have their secondary effect chance doubled.</span> </li><li style=\"clear:both\"></li></ul>\n\n|\n|t:|1782430974\n|switch|p1a: Pecharunt|Pecharunt|100/100 par\n|move|p2a: Jirachi|Thunder Wave|p1a: Pecharunt\n|-fail|p1a: Pecharunt|par\n|\n|-heal|p2a: Jirachi|59/100|[from] item: Leftovers\n|upkeep\n|turn|15\n|\n|t:|1782430983\n|move|p2a: Jirachi|Iron Head|p1a: Pecharunt\n|-damage|p1a: Pecharunt|83/100 par\n|-damage|p2a: Jirachi|42/100|[from] item: Rocky Helmet|[of] p1a: Pecharunt\n|cant|p1a: Pecharunt|flinch\n|\n|-heal|p2a: Jirachi|48/100|[from] item: Leftovers\n|upkeep\n|turn|16\n|\n|t:|1782431004\n|switch|p2a: Gholdengo|Gholdengo|100/100\n|-item|p2a: Gholdengo|Air Balloon\n|cant|p1a: Pecharunt|par\n|\n|upkeep\n|turn|17\n|\n|t:|1782431015\n|move|p2a: Gholdengo|Shadow Ball|p1a: Pecharunt\n|-supereffective|p1a: Pecharunt\n|-damage|p1a: Pecharunt|0 fnt\n|faint|p1a: Pecharunt\n|\n|upkeep\n|-message|loupap forfeited.\n|\n|win|cooltrainersamson\n|raw|loupap's rating: 1065 &rarr; <strong>1048</strong><br />(-17 for losing)\n|raw|cooltrainersamson's rating: 1117 &rarr; <strong>1138</strong><br />(+21 for winning)\n|l|☆loupap\n|player|p1|\n", "uploadtime": 1782431021, "views": 19, "formatid": "gen9ou", "rating": 1048, "private": 0, "password": null}