{"id": "gen9ou-2639247660", "format": "[Gen 9] OU", "players": ["welovevaporeon", "TWENNY7"], "log": "|j|☆welovevaporeon\n|j|☆TWENNY7\n|t:|1782440068\n|gametype|singles\n|player|p1|welovevaporeon|zinnia|1320\n|player|p2|TWENNY7|hau-stance|1270\n|gen|9\n|tier|[Gen 9] OU\n|rated|\n|rule|HP Percentage Mod: HP is shown in percentages\n|rule|Endless Battle Clause: Forcing endless battles is banned\n|rule|Species Clause: Limit one of each Pokémon\n|rule|OHKO Clause: OHKO moves are banned\n|rule|Evasion Items Clause: Evasion items are banned\n|rule|Evasion Moves Clause: Evasion moves are banned\n|rule|Evasion Abilities Clause: Evasion abilities are banned\n|rule|Sleep Moves Clause: Sleep-inducing moves are banned\n|clearpoke\n|poke|p1|Iron Crown|\n|poke|p1|Greninja-*, M|\n|poke|p1|Corviknight, F|\n|poke|p1|Kyurem|\n|poke|p1|Landorus-Therian, M|\n|poke|p1|Iron Valiant|\n|poke|p2|Darkrai|\n|poke|p2|Okidogi, M|\n|poke|p2|Iron Valiant|\n|poke|p2|Tyranitar, M|\n|poke|p2|Iron Jugulis|\n|poke|p2|Scizor, M|\n|teampreview\n|inactive|Battle timer is ON: inactive players will automatically lose when time's up. (requested by TWENNY7)\n|\n|t:|1782440084\n|teamsize|p1|6\n|teamsize|p2|6\n|start\n|switch|p1a: Landorus|Landorus-Therian, M|100/100\n|switch|p2a: NASTY WORKS|Iron Jugulis|100/100\n|-ability|p1a: Landorus|Intimidate|boost\n|-unboost|p2a: NASTY WORKS|atk|1\n|-enditem|p2a: NASTY WORKS|Booster Energy\n|-activate|p2a: NASTY WORKS|ability: Quark Drive|[fromitem]\n|-start|p2a: NASTY WORKS|quarkdrivespe\n|turn|1\n|\n|t:|1782440098\n|switch|p1a: Greninja|Greninja, M|100/100\n|move|p2a: NASTY WORKS|Focus Energy|p2a: NASTY WORKS\n|-start|p2a: NASTY WORKS|move: Focus Energy\n|\n|upkeep\n|turn|2\n|\n|t:|1782440104\n|move|p2a: NASTY WORKS|Charge Beam|p1a: Greninja\n|-supereffective|p1a: Greninja\n|-crit|p1a: Greninja\n|-damage|p1a: Greninja|65/100\n|-boost|p2a: NASTY WORKS|spa|1\n|move|p1a: Greninja|Ice Beam|p2a: NASTY WORKS\n|-supereffective|p2a: NASTY WORKS\n|-damage|p2a: NASTY WORKS|47/100\n|\n|upkeep\n|turn|3\n|\n|t:|1782440110\n|move|p2a: NASTY WORKS|Hurricane|p1a: Greninja|[miss]\n|-miss|p2a: NASTY WORKS|p1a: Greninja\n|move|p1a: Greninja|Ice Beam|p2a: NASTY WORKS\n|-supereffective|p2a: NASTY WORKS\n|-damage|p2a: NASTY WORKS|0 fnt\n|faint|p2a: NASTY WORKS\n|-end|p2a: NASTY WORKS|Quark Drive|[silent]\n|-ability|p1a: Greninja|Battle Bond|boost\n|-boost|p1a: Greninja|atk|1\n|-boost|p1a: Greninja|spa|1\n|-boost|p1a: Greninja|spe|1\n|-activate|p1a: Greninja|ability: Battle Bond\n|\n|upkeep\n|\n|t:|1782440113\n|switch|p2a: REDRUM|Scizor, M|100/100\n|turn|4\n|\n|t:|1782440125\n|move|p1a: Greninja|U-turn|p2a: REDRUM\n|-resisted|p2a: REDRUM\n|-damage|p2a: REDRUM|88/100\n|\n|t:|1782440131\n|switch|p1a: Corviknight|Corviknight, F, shiny|100/100|[from] U-turn\n|-ability|p1a: Corviknight|Pressure\n|move|p2a: REDRUM|Swords Dance|p2a: REDRUM\n|-boost|p2a: REDRUM|atk|2\n|\n|upkeep\n|turn|5\n|\n|t:|1782440136\n|move|p2a: REDRUM|Focus Energy|p2a: REDRUM\n|-start|p2a: REDRUM|move: Focus Energy\n|move|p1a: Corviknight|Brave Bird|p2a: REDRUM\n|-damage|p2a: REDRUM|43/100\n|-damage|p1a: Corviknight|90/100|[from] Recoil\n|\n|upkeep\n|turn|6\n|\n|t:|1782440138\n|move|p2a: REDRUM|Knock Off|p1a: Corviknight\n|-crit|p1a: Corviknight\n|-damage|p1a: Corviknight|28/100\n|-damage|p2a: REDRUM|26/100|[from] item: Rocky Helmet|[of] p1a: Corviknight\n|-enditem|p1a: Corviknight|Rocky Helmet|[from] move: Knock Off|[of] p2a: REDRUM\n|move|p1a: Corviknight|Brave Bird|p2a: REDRUM\n|-damage|p2a: REDRUM|0 fnt\n|faint|p2a: REDRUM\n|-damage|p1a: Corviknight|22/100|[from] Recoil\n|\n|upkeep\n|\n|t:|1782440141\n|switch|p2a: Zzz|Darkrai|100/100\n|turn|7\n|\n|t:|1782440145\n|move|p2a: Zzz|Dark Pulse|p1a: Corviknight\n|-damage|p1a: Corviknight|0 fnt\n|faint|p1a: Corviknight\n|\n|upkeep\n|\n|t:|1782440152\n|switch|p1a: Greninja|Greninja, M|65/100\n|turn|8\n|\n|t:|1782440157\n|switch|p2a: CASPER|Okidogi, M|100/100\n|move|p1a: Greninja|Surf|p2a: CASPER\n|-damage|p2a: CASPER|69/100\n|\n|-heal|p2a: CASPER|75/100|[from] item: Leftovers\n|upkeep\n|turn|9\n|\n|t:|1782440163\n|move|p1a: Greninja|Surf|p2a: CASPER\n|-damage|p2a: CASPER|48/100\n|move|p2a: CASPER|Ice Punch|p1a: Greninja\n|-resisted|p1a: Greninja\n|-damage|p1a: Greninja|49/100\n|\n|-heal|p2a: CASPER|54/100|[from] item: Leftovers\n|upkeep\n|turn|10\n|\n|t:|1782440165\n|move|p1a: Greninja|Surf|p2a: CASPER\n|-damage|p2a: CASPER|25/100\n|move|p2a: CASPER|Drain Punch|p1a: Greninja\n|-supereffective|p1a: Greninja\n|-damage|p1a: Greninja|0 fnt\n|-heal|p2a: CASPER|48/100|[from] drain|[of] p1a: Greninja\n|faint|p1a: Greninja\n|\n|-heal|p2a: CASPER|54/100|[from] item: Leftovers\n|upkeep\n|\n|t:|1782440172\n|switch|p1a: Landorus|Landorus-Therian, M|100/100\n|-ability|p1a: Landorus|Intimidate|boost\n|-ability|p2a: CASPER|Guard Dog|boost\n|-boost|p2a: CASPER|atk|1\n|turn|11\n|\n|t:|1782440175\n|-terastallize|p2a: CASPER|Water\n|move|p1a: Landorus|Earthquake|p2a: CASPER\n|-damage|p2a: CASPER|3/100\n|move|p2a: CASPER|Ice Punch|p1a: Landorus\n|-supereffective|p1a: Landorus\n|-damage|p1a: Landorus|0 fnt\n|faint|p1a: Landorus\n|\n|-heal|p2a: CASPER|9/100|[from] item: Leftovers\n|upkeep\n|\n|t:|1782440182\n|switch|p1a: Iron Crown|Iron Crown|100/100\n|turn|12\n|\n|t:|1782440187\n|move|p1a: Iron Crown|Volt Switch|p2a: CASPER\n|-supereffective|p2a: CASPER\n|-damage|p2a: CASPER|0 fnt\n|faint|p2a: CASPER\n|\n|t:|1782440195\n|-end|p1a: Iron Crown|Quark Drive|[silent]\n|switch|p1a: Iron Valiant|Iron Valiant|100/100|[from] Volt Switch\n|\n|upkeep\n|\n|t:|1782440197\n|switch|p2a: Zzz|Darkrai|100/100\n|turn|13\n|\n|t:|1782440200\n|move|p2a: Zzz|Sludge Bomb|p1a: Iron Valiant\n|-supereffective|p1a: Iron Valiant\n|-damage|p1a: Iron Valiant|0 fnt\n|faint|p1a: Iron Valiant\n|-end|p1a: Iron Valiant|Quark Drive|[silent]\n|\n|upkeep\n|\n|t:|1782440202\n|switch|p1a: Iron Crown|Iron Crown|100/100\n|turn|14\n|\n|t:|1782440207\n|switch|p2a: CODE:red|Tyranitar, M, shiny|100/100\n|-weather|Sandstorm|[from] ability: Sand Stream|[of] p2a: CODE:red\n|move|p1a: Iron Crown|Tachyon Cutter|p2a: CODE:red\n|-supereffective|p2a: CODE:red\n|-damage|p2a: CODE:red|70/100\n|-supereffective|p2a: CODE:red\n|-damage|p2a: CODE:red|42/100\n|-hitcount|p2a: CODE:red|2\n|-enditem|p2a: CODE:red|Red Card|[of] p1a: Iron Crown\n|-end|p1a: Iron Crown|Quark Drive|[silent]\n|drag|p1a: Kyurem|Kyurem|100/100\n|-ability|p1a: Kyurem|Pressure\n|\n|-weather|Sandstorm|[upkeep]\n|-damage|p1a: Kyurem|94/100|[from] Sandstorm\n|-heal|p1a: Kyurem|100/100|[from] item: Leftovers\n|upkeep\n|turn|15\n|\n|t:|1782440213\n|move|p1a: Kyurem|Protect|p1a: Kyurem\n|-singleturn|p1a: Kyurem|Protect\n|move|p2a: CODE:red|Stealth Rock|p1a: Kyurem\n|-sidestart|p1: welovevaporeon|move: Stealth Rock\n|\n|-weather|Sandstorm|[upkeep]\n|-damage|p1a: Kyurem|94/100|[from] Sandstorm\n|-heal|p1a: Kyurem|100/100|[from] item: Leftovers\n|upkeep\n|turn|16\n|\n|t:|1782440218\n|move|p1a: Kyurem|Earth Power|p2a: CODE:red\n|-supereffective|p2a: CODE:red\n|-damage|p2a: CODE:red|18/100\n|move|p2a: CODE:red|Roar|p1a: Kyurem\n|drag|p1a: Iron Crown|Iron Crown|100/100\n|-damage|p1a: Iron Crown|94/100|[from] Stealth Rock\n|\n|-weather|Sandstorm|[upkeep]\n|upkeep\n|turn|17\n|\n|t:|1782440223\n|move|p1a: Iron Crown|Tachyon Cutter|p2a: CODE:red\n|-supereffective|p2a: CODE:red\n|-damage|p2a: CODE:red|0 fnt\n|faint|p2a: CODE:red\n|-hitcount|p2: CODE:red|1\n|\n|-weather|Sandstorm|[upkeep]\n|upkeep\n|\n|t:|1782440226\n|switch|p2a: Zzz|Darkrai|100/100\n|turn|18\n|\n|t:|1782440230\n|-terastallize|p1a: Iron Crown|Steel\n|move|p2a: Zzz|Dark Pulse|p1a: Iron Crown\n|-damage|p1a: Iron Crown|51/100\n|move|p1a: Iron Crown|Tachyon Cutter|p2a: Zzz\n|-damage|p2a: Zzz|37/100\n|-damage|p2a: Zzz|0 fnt\n|faint|p2a: Zzz\n|-hitcount|p2: Zzz|2\n|\n|-weather|none\n|upkeep\n|\n|t:|1782440233\n|switch|p2a: RUNE 2H|Iron Valiant|100/100\n|-enditem|p2a: RUNE 2H|Booster Energy\n|-activate|p2a: RUNE 2H|ability: Quark Drive|[fromitem]\n|-start|p2a: RUNE 2H|quarkdrivespe\n|turn|19\n|\n|t:|1782440237\n|move|p2a: RUNE 2H|Close Combat|p1a: Iron Crown\n|-supereffective|p1a: Iron Crown\n|-damage|p1a: Iron Crown|0 fnt\n|-unboost|p2a: RUNE 2H|def|1\n|-unboost|p2a: RUNE 2H|spd|1\n|faint|p1a: Iron Crown\n|-end|p1a: Iron Crown|Quark Drive|[silent]\n|\n|upkeep\n|\n|t:|1782440241\n|switch|p1a: Kyurem|Kyurem|100/100\n|-damage|p1a: Kyurem|75/100|[from] Stealth Rock\n|-ability|p1a: Kyurem|Pressure\n|turn|20\n|\n|t:|1782440243\n|move|p1a: Kyurem|Protect|p1a: Kyurem\n|-singleturn|p1a: Kyurem|Protect\n|move|p2a: RUNE 2H|Close Combat|p1a: Kyurem\n|-activate|p1a: Kyurem|move: Protect\n|\n|-heal|p1a: Kyurem|82/100|[from] item: Leftovers\n|upkeep\n|turn|21\n|\n|t:|1782440246\n|move|p2a: RUNE 2H|Close Combat|p1a: Kyurem\n|-supereffective|p1a: Kyurem\n|-damage|p1a: Kyurem|0 fnt\n|-unboost|p2a: RUNE 2H|def|1\n|-unboost|p2a: RUNE 2H|spd|1\n|faint|p1a: Kyurem\n|\n|win|TWENNY7\n|raw|welovevaporeon's rating: 1320 &rarr; <strong>1297</strong><br />(-23 for losing)\n|raw|TWENNY7's rating: 1270 &rarr; <strong>1299</strong><br />(+29 for winning)\n|l|☆TWENNY7\n|player|p2|\n|l|☆welovevaporeon\n|player|p1|\n", "uploadtime": 1782440578, "views": 22, "formatid": "gen9ou", "rating": 1297, "private": 0, "password": null}