{"id": "gen9ou-2639987786", "format": "[Gen 9] OU", "players": ["HackHaven", "mataash1ta"], "log": "|badge|p2|bronze|gen9ou|100-9\n|html|<div class=\"broadcast-red\"><strong>This battle is required to be public due to one or more player having a season medal.</strong><br />During the public phase, you can discuss the state of the ladder <a href=\"/seasondiscussion\">in a special chatroom.</a></div>\n|uhtml|medal-msg|<div class=\"broadcast-blue\">Curious what those medals under the avatar are? PS now has Ladder Seasons! For more information, check out the <a href=\"https://www.smogon.com/forums/threads/3740067/\">thread on Smogon.</a></div>\n|raw|<div class=\"broadcast-blue\"><strong>This battle is required to be public due to a player having a name starting with 'medal'.</div>\n|j|‽HackHaven\n|j|☆mataash1ta\n|t:|1782558887\n|gametype|singles\n|player|p1|HackHaven|ghetsis|1715\n|player|p2|mataash1ta|gardenia|1835\n|gen|9\n|tier|[Gen 9] OU\n|rated|\n|rule|HP Percentage Mod: HP is shown in percentages\n|rule|Endless Battle Clause: Forcing endless battles is banned\n|rule|Species Clause: Limit one of each Pokémon\n|rule|OHKO Clause: OHKO moves are banned\n|rule|Evasion Items Clause: Evasion items are banned\n|rule|Evasion Moves Clause: Evasion moves are banned\n|rule|Evasion Abilities Clause: Evasion abilities are banned\n|rule|Sleep Moves Clause: Sleep-inducing moves are banned\n|clearpoke\n|poke|p1|Grimmsnarl, M|\n|poke|p1|Cinderace, F|\n|poke|p1|Zapdos|\n|poke|p1|Iron Crown|\n|poke|p1|Ogerpon-Wellspring, F|\n|poke|p1|Mew|\n|poke|p2|Skarmory, M|\n|poke|p2|Ting-Lu|\n|poke|p2|Darkrai|\n|poke|p2|Clefable, M|\n|poke|p2|Gholdengo|\n|poke|p2|Dragonite, F|\n|teampreview\n|\n|t:|1782558927\n|teamsize|p1|6\n|teamsize|p2|6\n|start\n|switch|p1a: Ogerpon|Ogerpon-Wellspring, F|100/100\n|switch|p2a: Ting-Lu|Ting-Lu|100/100\n|-ability|p2a: Ting-Lu|Vessel of Ruin\n|turn|1\n|j| nonchalantbufalant\n|\n|t:|1782558934\n|switch|p2a: Skarmory|Skarmory, M|100/100\n|move|p1a: Ogerpon|Swords Dance|p1a: Ogerpon\n|-boost|p1a: Ogerpon|atk|2\n|\n|upkeep\n|turn|2\n|\n|t:|1782558944\n|move|p1a: Ogerpon|Ivy Cudgel|p2a: Skarmory|[anim] Ivy Cudgel Water\n|-damage|p2a: Skarmory|28/100\n|move|p2a: Skarmory|Brave Bird|p1a: Ogerpon\n|-supereffective|p1a: Ogerpon\n|-damage|p1a: Ogerpon|5/100\n|-damage|p2a: Skarmory|0 fnt|[from] Recoil\n|faint|p2a: Skarmory\n|\n|upkeep\n|\n|t:|1782558951\n|switch|p2a: Darkrai|Darkrai|100/100\n|turn|3\n|\n|t:|1782558959\n|switch|p1a: Grimmsnarl|Grimmsnarl, M, shiny|100/100\n|move|p2a: Darkrai|Knock Off|p1a: Grimmsnarl\n|-resisted|p1a: Grimmsnarl\n|-damage|p1a: Grimmsnarl|94/100\n|-enditem|p1a: Grimmsnarl|Light Clay|[from] move: Knock Off|[of] p2a: Darkrai\n|\n|upkeep\n|turn|4\n|\n|t:|1782558970\n|switch|p2a: Ting-Lu|Ting-Lu|100/100\n|-ability|p2a: Ting-Lu|Vessel of Ruin\n|move|p1a: Grimmsnarl|Light Screen|p1a: Grimmsnarl\n|-sidestart|p1: HackHaven|move: Light Screen\n|\n|upkeep\n|turn|5\n|inactive|Battle timer is ON: inactive players will automatically lose when time's up. (requested by HackHaven)\n|\n|t:|1782558974\n|move|p1a: Grimmsnarl|Play Rough|p2a: Ting-Lu|[miss]\n|-miss|p1a: Grimmsnarl|p2a: Ting-Lu\n|move|p2a: Ting-Lu|Stealth Rock|p1a: Grimmsnarl\n|-sidestart|p1: HackHaven|move: Stealth Rock\n|\n|upkeep\n|turn|6\n|\n|t:|1782558976\n|move|p1a: Grimmsnarl|Play Rough|p2a: Ting-Lu\n|-supereffective|p2a: Ting-Lu\n|-damage|p2a: Ting-Lu|58/100\n|move|p2a: Ting-Lu|Heavy Slam|p1a: Grimmsnarl\n|-supereffective|p1a: Grimmsnarl\n|-damage|p1a: Grimmsnarl|12/100\n|\n|upkeep\n|turn|7\n|\n|t:|1782558984\n|move|p1a: Grimmsnarl|Reflect|p1a: Grimmsnarl\n|-sidestart|p1: HackHaven|Reflect\n|move|p2a: Ting-Lu|Earthquake|p1a: Grimmsnarl\n|-damage|p1a: Grimmsnarl|0 fnt\n|faint|p1a: Grimmsnarl\n|\n|upkeep\n|\n|t:|1782558994\n|switch|p1a: Cinderace|Cinderace, F|100/100\n|turn|8\n|l| nonchalantbufalant\n|\n|t:|1782559005\n|move|p1a: Cinderace|Will-O-Wisp|p2a: Ting-Lu\n|-status|p2a: Ting-Lu|brn\n|move|p2a: Ting-Lu|Stealth Rock||[still]\n|-fail|p2a: Ting-Lu\n|\n|-damage|p2a: Ting-Lu|52/100 brn|[from] brn\n|-sideend|p1: HackHaven|move: Light Screen\n|upkeep\n|turn|9\n|\n|t:|1782559013\n|move|p1a: Cinderace|Pyro Ball|p2a: Ting-Lu\n|-damage|p2a: Ting-Lu|20/100 brn\n|move|p2a: Ting-Lu|Earthquake|p1a: Cinderace\n|-supereffective|p1a: Cinderace\n|-damage|p1a: Cinderace|71/100\n|\n|-damage|p2a: Ting-Lu|14/100 brn|[from] brn\n|upkeep\n|turn|10\n|-enditem|p2a: Ting-Lu|Custap Berry|[eat]\n|-activate|p2a: Ting-Lu|item: Custap Berry|[consumed]\n|\n|t:|1782559018\n|move|p2a: Ting-Lu|Earthquake|p1a: Cinderace\n|-supereffective|p1a: Cinderace\n|-damage|p1a: Cinderace|39/100\n|move|p1a: Cinderace|Pyro Ball|p2a: Ting-Lu\n|-damage|p2a: Ting-Lu|0 fnt\n|faint|p2a: Ting-Lu\n|\n|upkeep\n|\n|t:|1782559021\n|switch|p2a: Gholdengo|Gholdengo|100/100\n|turn|11\n|\n|t:|1782559031\n|switch|p1a: Ogerpon|Ogerpon-Wellspring, F|5/100\n|-damage|p1a: Ogerpon|0 fnt|[from] Stealth Rock\n|faint|p1a: Ogerpon\n|move|p2a: Gholdengo|Shadow Ball|p1: Ogerpon|[notarget]\n|-fail|p2a: Gholdengo\n|\n|-sideend|p1: HackHaven|Reflect\n|upkeep\n|\n|t:|1782559045\n|switch|p1a: Iron Crown|Iron Crown|100/100\n|-damage|p1a: Iron Crown|94/100|[from] Stealth Rock\n|turn|12\n|\n|t:|1782559053\n|move|p2a: Gholdengo|Shadow Ball|p1a: Iron Crown\n|-supereffective|p1a: Iron Crown\n|-damage|p1a: Iron Crown|10/100\n|-enditem|p1a: Iron Crown|Weakness Policy\n|-boost|p1a: Iron Crown|atk|2|[from] item: Weakness Policy\n|-boost|p1a: Iron Crown|spa|2|[from] item: Weakness Policy\n|move|p1a: Iron Crown|Agility|p1a: Iron Crown\n|-boost|p1a: Iron Crown|spe|2\n|\n|upkeep\n|turn|13\n|\n|t:|1782559059\n|move|p1a: Iron Crown|Stored Power|p2a: Gholdengo\n|-resisted|p2a: Gholdengo\n|-damage|p2a: Gholdengo|27/100\n|move|p2a: Gholdengo|Shadow Ball|p1a: Iron Crown\n|-supereffective|p1a: Iron Crown\n|-damage|p1a: Iron Crown|0 fnt\n|faint|p1a: Iron Crown\n|-end|p1a: Iron Crown|Quark Drive|[silent]\n|\n|upkeep\n|\n|t:|1782559069\n|switch|p1a: Zapdos|Zapdos|100/100\n|-damage|p1a: Zapdos|75/100|[from] Stealth Rock\n|turn|14\n|\n|t:|1782559079\n|switch|p2a: Clefable|Clefable, M|100/100\n|move|p1a: Zapdos|Roost|p1a: Zapdos\n|-heal|p1a: Zapdos|100/100\n|-singleturn|p1a: Zapdos|move: Roost\n|\n|upkeep\n|turn|15\n|j| jeffbuckleyenjoyer\n|\n|t:|1782559082\n|move|p1a: Zapdos|Discharge|p2a: Clefable\n|-damage|p2a: Clefable|71/100\n|move|p2a: Clefable|Calm Mind|p2a: Clefable\n|-boost|p2a: Clefable|spa|1\n|-boost|p2a: Clefable|spd|1\n|\n|upkeep\n|turn|16\n|\n|t:|1782559086\n|switch|p1a: Cinderace|Cinderace, F|39/100\n|move|p2a: Clefable|Moonblast|p1a: Cinderace\n|-resisted|p1a: Cinderace\n|-damage|p1a: Cinderace|0 fnt\n|faint|p1a: Cinderace\n|\n|upkeep\n|j| nonchalantbufalant\n|\n|t:|1782559091\n|switch|p1a: Zapdos|Zapdos|100/100\n|-damage|p1a: Zapdos|75/100|[from] Stealth Rock\n|turn|17\n|\n|t:|1782559092\n|move|p1a: Zapdos|Discharge|p2a: Clefable\n|-damage|p2a: Clefable|49/100\n|move|p2a: Clefable|Moonblast|p1a: Zapdos\n|-damage|p1a: Zapdos|15/100\n|\n|upkeep\n|turn|18\n|\n|t:|1782559097\n|move|p1a: Zapdos|Discharge|p2a: Clefable\n|-damage|p2a: Clefable|29/100\n|move|p2a: Clefable|Moonblast|p1a: Zapdos\n|-crit|p1a: Zapdos\n|-damage|p1a: Zapdos|0 fnt\n|faint|p1a: Zapdos\n|\n|upkeep\n|\n|t:|1782559102\n|switch|p1a: Mew|Mew, shiny|100/100\n|-damage|p1a: Mew|88/100|[from] Stealth Rock\n|turn|19\n|\n|t:|1782559105\n|move|p1a: Mew|Dragon Dance|p1a: Mew\n|-boost|p1a: Mew|atk|1\n|-boost|p1a: Mew|spe|1\n|move|p2a: Clefable|Moonblast|p1a: Mew\n|-damage|p1a: Mew|27/100\n|\n|upkeep\n|turn|20\n|\n|t:|1782559117\n|-terastallize|p1a: Mew|Fighting\n|move|p1a: Mew|Drain Punch|p2a: Clefable\n|-resisted|p2a: Clefable\n|-crit|p2a: Clefable\n|-damage|p2a: Clefable|0 fnt\n|-heal|p1a: Mew|44/100|[from] drain|[of] p2a: Clefable\n|faint|p2a: Clefable\n|\n|upkeep\n|\n|t:|1782559134\n|switch|p2a: Dragonite|Dragonite, F|100/100\n|turn|21\n|\n|t:|1782559138\n|move|p2a: Dragonite|Extreme Speed|p1a: Mew\n|-damage|p1a: Mew|17/100\n|move|p1a: Mew|Drain Punch|p2a: Dragonite\n|-resisted|p2a: Dragonite\n|-damage|p2a: Dragonite|88/100\n|-heal|p1a: Mew|24/100|[from] drain|[of] p2a: Dragonite\n|\n|upkeep\n|turn|22\n|j| dante1310\n|\n|t:|1782559142\n|-terastallize|p2a: Dragonite|Normal\n|move|p2a: Dragonite|Extreme Speed|p1a: Mew\n|-damage|p1a: Mew|0 fnt\n|faint|p1a: Mew\n|\n|win|mataash1ta\n|raw|HackHaven's rating: 1715 &rarr; <strong>1702</strong><br />(-13 for losing)\n|raw|mataash1ta's rating: 1835 &rarr; <strong>1848</strong><br />(+13 for winning)\n|l| jeffbuckleyenjoyer\n|l| dante1310\n|l|☆mataash1ta\n|player|p2|\n|l| nonchalantbufalant\n|l|‽HackHaven\n|player|p1|\n", "uploadtime": 1782559304, "views": 18, "formatid": "gen9ou", "rating": 1702, "private": 0, "password": null}