{"id": "gen9ou-2540793057", "format": "[Gen 9] OU", "players": ["tboc13", "Jackesh-7T2"], "log": "|j|☆tboc13\n|j|☆Jackesh-7T2\n|t:|1771254602\n|gametype|singles\n|player|p1|tboc13|dawn|1562\n|player|p2|Jackesh-7T2|170|1657\n|gen|9\n|tier|[Gen 9] OU\n|rated|\n|rule|HP Percentage Mod: HP is shown in percentages\n|rule|Endless Battle Clause: Forcing endless battles is banned\n|rule|Species Clause: Limit one of each Pokémon\n|rule|OHKO Clause: OHKO moves are banned\n|rule|Evasion Items Clause: Evasion items are banned\n|rule|Evasion Moves Clause: Evasion moves are banned\n|rule|Evasion Abilities Clause: Evasion abilities are banned\n|rule|Sleep Moves Clause: Sleep-inducing moves are banned\n|clearpoke\n|poke|p1|Weavile, F|\n|poke|p1|Dragapult, F|\n|poke|p1|Great Tusk|\n|poke|p1|Heatran, F|\n|poke|p1|Skarmory, F|\n|poke|p1|Clefable, F|\n|poke|p2|Kyurem|\n|poke|p2|Raging Bolt|\n|poke|p2|Torkoal, F|\n|poke|p2|Walking Wake|\n|poke|p2|Corviknight, F|\n|poke|p2|Ting-Lu|\n|teampreview\n|inactive|Battle timer is ON: inactive players will automatically lose when time's up. (requested by tboc13)\n|inactive|tboc13 has 120 seconds left.\n|inactive|tboc13 has 90 seconds left.\n|\n|t:|1771254666\n|teamsize|p1|6\n|teamsize|p2|6\n|start\n|switch|p1a: Heatran|Heatran, F|100/100\n|switch|p2a: Ting-Lu|Ting-Lu|100/100\n|-ability|p2a: Ting-Lu|Vessel of Ruin\n|turn|1\n|inactive|Jackesh-7T2 has 120 seconds left.\n|l|☆tboc13\n|inactive|tboc13 disconnected and has a minute to reconnect!\n|player|p1|\n|\n|t:|1771254705\n|move|p1a: Heatran|Will-O-Wisp|p2a: Ting-Lu\n|-status|p2a: Ting-Lu|brn\n|move|p2a: Ting-Lu|Earthquake|p1a: Heatran\n|-supereffective|p1a: Heatran\n|-damage|p1a: Heatran|0 fnt\n|faint|p1a: Heatran\n|\n|-damage|p2a: Ting-Lu|94/100 brn|[from] brn\n|upkeep\n|j|☆tboc13\n|inactive|tboc13 reconnected and has 150 seconds left.\n|player|p1|tboc13|dawn|\n|\n|t:|1771254727\n|switch|p1a: Skarmory|Skarmory, F|100/100\n|turn|2\n|\n|t:|1771254733\n|switch|p2a: Torkoal|Torkoal, F|100/100\n|-weather|SunnyDay|[from] ability: Drought|[of] p2a: Torkoal\n|move|p1a: Skarmory|Spikes|p2a: Torkoal\n|-sidestart|p2: Jackesh-7T2|Spikes\n|\n|-weather|SunnyDay|[upkeep]\n|upkeep\n|turn|3\n|\n|t:|1771254740\n|switch|p1a: Great Tusk|Great Tusk|100/100\n|-activate|p1a: Great Tusk|ability: Protosynthesis\n|-start|p1a: Great Tusk|protosynthesisatk\n|move|p2a: Torkoal|Stealth Rock|p1a: Great Tusk\n|-sidestart|p1: tboc13|move: Stealth Rock\n|\n|-weather|SunnyDay|[upkeep]\n|upkeep\n|turn|4\n|\n|t:|1771254745\n|-terastallize|p2a: Torkoal|Ghost\n|move|p1a: Great Tusk|Headlong Rush|p2a: Torkoal\n|-damage|p2a: Torkoal|37/100\n|-unboost|p1a: Great Tusk|def|1\n|-unboost|p1a: Great Tusk|spd|1\n|move|p2a: Torkoal|Rapid Spin|p1a: Great Tusk\n|-damage|p1a: Great Tusk|90/100\n|-boost|p2a: Torkoal|spe|1\n|-sideend|p2: Jackesh-7T2|Spikes|[from] move: Rapid Spin|[of] p2a: Torkoal\n|\n|-weather|SunnyDay|[upkeep]\n|upkeep\n|turn|5\n|\n|t:|1771254749\n|switch|p2a: Corviknight|Corviknight, F|100/100\n|-ability|p2a: Corviknight|Pressure\n|move|p1a: Great Tusk|Knock Off|p2a: Corviknight\n|-damage|p2a: Corviknight|64/100\n|-enditem|p2a: Corviknight|Heavy-Duty Boots|[from] move: Knock Off|[of] p1a: Great Tusk\n|\n|-weather|SunnyDay|[upkeep]\n|upkeep\n|turn|6\n|\n|t:|1771254755\n|-end|p1a: Great Tusk|Protosynthesis|[silent]\n|switch|p1a: Skarmory|Skarmory, F|100/100\n|-damage|p1a: Skarmory|88/100|[from] Stealth Rock\n|switch|p2a: Kyurem|Kyurem|100/100\n|-ability|p2a: Kyurem|Pressure\n|\n|-weather|SunnyDay|[upkeep]\n|upkeep\n|turn|7\n|inactive|tboc13 has 120 seconds left.\n|inactive|tboc13 has 90 seconds left.\n|inactive|tboc13 has 60 seconds left.\n|inactive|tboc13 has 30 seconds left.\n|\n|t:|1771254876\n|switch|p1a: Clefable|Clefable, F|100/100\n|move|p2a: Kyurem|Weather Ball|p1a: Clefable\n|-damage|p1a: Clefable|71/100\n|\n|-weather|SunnyDay|[upkeep]\n|-heal|p1a: Clefable|77/100|[from] item: Leftovers\n|upkeep\n|turn|8\n|\n|t:|1771254883\n|switch|p2a: Ting-Lu|Ting-Lu|94/100 brn\n|-ability|p2a: Ting-Lu|Vessel of Ruin\n|move|p1a: Clefable|Wish|p1a: Clefable\n|\n|-weather|SunnyDay|[upkeep]\n|-heal|p1a: Clefable|83/100|[from] item: Leftovers\n|-damage|p2a: Ting-Lu|88/100 brn|[from] brn\n|upkeep\n|turn|9\n|\n|t:|1771254893\n|switch|p1a: Skarmory|Skarmory, F|88/100\n|-damage|p1a: Skarmory|76/100|[from] Stealth Rock\n|switch|p2a: Kyurem|Kyurem|100/100\n|-ability|p2a: Kyurem|Pressure\n|\n|-weather|none\n|-heal|p1a: Skarmory|100/100|[from] move: Wish|[wisher] Clefable\n|upkeep\n|turn|10\n|\n|t:|1771254897\n|switch|p1a: Clefable|Clefable, F|83/100\n|move|p2a: Kyurem|Freeze-Dry|p1a: Clefable\n|-damage|p1a: Clefable|60/100\n|\n|-heal|p1a: Clefable|66/100|[from] item: Leftovers\n|upkeep\n|turn|11\n|\n|t:|1771254899\n|move|p2a: Kyurem|Icicle Spear|p1a: Clefable\n|-damage|p1a: Clefable|51/100\n|-damage|p1a: Clefable|37/100\n|-damage|p1a: Clefable|22/100\n|-damage|p1a: Clefable|9/100\n|-hitcount|p1a: Clefable|4\n|move|p1a: Clefable|Wish|p1a: Clefable\n|\n|-heal|p1a: Clefable|15/100|[from] item: Leftovers\n|upkeep\n|turn|12\n|\n|t:|1771254904\n|move|p1a: Clefable|Protect|p1a: Clefable\n|-singleturn|p1a: Clefable|Protect\n|move|p2a: Kyurem|Icicle Spear|p1a: Clefable\n|-activate|p1a: Clefable|move: Protect\n|\n|-heal|p1a: Clefable|65/100|[from] move: Wish|[wisher] Clefable\n|-heal|p1a: Clefable|71/100|[from] item: Leftovers\n|upkeep\n|turn|13\n|\n|t:|1771254906\n|move|p2a: Kyurem|Icicle Spear|p1a: Clefable\n|-damage|p1a: Clefable|57/100\n|-damage|p1a: Clefable|44/100\n|-damage|p1a: Clefable|29/100\n|-damage|p1a: Clefable|15/100\n|-damage|p1a: Clefable|0 fnt\n|faint|p1a: Clefable\n|-hitcount|p1: Clefable|5\n|\n|upkeep\n|inactive|tboc13 has 90 seconds left.\n|\n|t:|1771254913\n|switch|p1a: Dragapult|Dragapult, F|100/100\n|turn|14\n|\n|t:|1771254917\n|switch|p2a: Ting-Lu|Ting-Lu|88/100 brn\n|-ability|p2a: Ting-Lu|Vessel of Ruin\n|move|p1a: Dragapult|Draco Meteor|p2a: Ting-Lu\n|-damage|p2a: Ting-Lu|61/100 brn\n|-unboost|p1a: Dragapult|spa|2\n|\n|-damage|p2a: Ting-Lu|55/100 brn|[from] brn\n|upkeep\n|turn|15\n|\n|t:|1771254929\n|switch|p2a: Kyurem|Kyurem|100/100\n|-ability|p2a: Kyurem|Pressure\n|move|p1a: Dragapult|U-turn|p2a: Kyurem\n|-damage|p2a: Kyurem|84/100\n|\n|t:|1771254936\n|switch|p1a: Weavile|Weavile, F|100/100|[from] U-turn\n|-ability|p1a: Weavile|Pressure\n|\n|upkeep\n|turn|16\n|\n|t:|1771254949\n|move|p1a: Weavile|Swords Dance|p1a: Weavile\n|-boost|p1a: Weavile|atk|2\n|move|p2a: Kyurem|Earth Power|p1a: Weavile\n|-damage|p1a: Weavile|59/100\n|\n|upkeep\n|turn|17\n|\n|t:|1771254954\n|switch|p2a: Torkoal|Torkoal, F, tera:Ghost|37/100\n|-weather|SunnyDay|[from] ability: Drought|[of] p2a: Torkoal\n|move|p1a: Weavile|Knock Off|p2a: Torkoal\n|-supereffective|p2a: Torkoal\n|-damage|p2a: Torkoal|0 fnt\n|-enditem|p2a: Torkoal|Heat Rock|[from] move: Knock Off|[of] p1a: Weavile\n|faint|p2a: Torkoal\n|\n|-weather|SunnyDay|[upkeep]\n|upkeep\n|\n|t:|1771254955\n|switch|p2a: Raging Bolt|Raging Bolt|100/100\n|-activate|p2a: Raging Bolt|ability: Protosynthesis\n|-start|p2a: Raging Bolt|protosynthesisspa\n|turn|18\n|\n|t:|1771254967\n|move|p2a: Raging Bolt|Thunderclap|p1a: Weavile\n|-damage|p1a: Weavile|0 fnt\n|faint|p1a: Weavile\n|\n|-weather|SunnyDay|[upkeep]\n|upkeep\n|-message|tboc13 forfeited.\n|\n|win|Jackesh-7T2\n|raw|tboc13's rating: 1562 &rarr; <strong>1547</strong><br />(-15 for losing)\n|raw|Jackesh-7T2's rating: 1657 &rarr; <strong>1672</strong><br />(+15 for winning)\n|l|☆tboc13\n|player|p1|\n", "uploadtime": 1771254973, "views": 5, "formatid": "gen9ou", "rating": 1547, "private": 0, "password": null}