{"id": "gen9ou-2540629302", "format": "[Gen 9] OU", "players": ["bh.babiri", "hamoodiscute"], "log": "|j|☆bh.babiri\n|j|☆hamoodiscute\n|t:|1771230387\n|gametype|singles\n|player|p1|bh.babiri|pokemonbreederf-gen4|1716\n|player|p2|hamoodiscute|cynthia|1668\n|gen|9\n|tier|[Gen 9] OU\n|rated|\n|rule|HP Percentage Mod: HP is shown in percentages\n|rule|Endless Battle Clause: Forcing endless battles is banned\n|rule|Species Clause: Limit one of each Pokémon\n|rule|OHKO Clause: OHKO moves are banned\n|rule|Evasion Items Clause: Evasion items are banned\n|rule|Evasion Moves Clause: Evasion moves are banned\n|rule|Evasion Abilities Clause: Evasion abilities are banned\n|rule|Sleep Moves Clause: Sleep-inducing moves are banned\n|clearpoke\n|poke|p1|Slowking-Galar, M|\n|poke|p1|Rillaboom, M|\n|poke|p1|Primarina, F|\n|poke|p1|Regidrago|\n|poke|p1|Cinderace, F|\n|poke|p1|Glimmora, M|\n|poke|p2|Darkrai|\n|poke|p2|Ogerpon-Wellspring, F|\n|poke|p2|Great Tusk|\n|poke|p2|Dragonite, F|\n|poke|p2|Gholdengo|\n|poke|p2|Glimmora, F|\n|teampreview\n|inactive|Battle timer is ON: inactive players will automatically lose when time's up. (requested by bh.babiri)\n|\n|t:|1771230403\n|teamsize|p1|6\n|teamsize|p2|6\n|start\n|switch|p1a: Slowking|Slowking-Galar, M|100/100\n|switch|p2a: Darkrai|Darkrai|100/100\n|turn|1\n|\n|t:|1771230412\n|move|p2a: Darkrai|Knock Off|p1a: Slowking\n|-supereffective|p1a: Slowking\n|-damage|p1a: Slowking|18/100\n|-enditem|p1a: Slowking|Heavy-Duty Boots|[from] move: Knock Off|[of] p2a: Darkrai\n|-prepare|p1a: Slowking|Chilly Reception|[premajor]\n|move|p1a: Slowking|Chilly Reception|p1a: Slowking\n|-weather|Snowscape\n|\n|t:|1771230417\n|switch|p1a: Primarina|Primarina, F|100/100|[from] Chilly Reception\n|\n|-weather|Snowscape|[upkeep]\n|upkeep\n|turn|2\n|\n|t:|1771230424\n|switch|p2a: Glimmora|Glimmora, F, shiny|100/100\n|move|p1a: Primarina|Substitute|p1a: Primarina\n|-start|p1a: Primarina|Substitute\n|-damage|p1a: Primarina|76/100\n|\n|-weather|Snowscape|[upkeep]\n|-heal|p1a: Primarina|82/100|[from] item: Leftovers\n|upkeep\n|turn|3\n|\n|t:|1771230429\n|move|p2a: Glimmora|Power Gem|p1a: Primarina\n|-end|p1a: Primarina|Substitute\n|move|p1a: Primarina|Surf|p2a: Glimmora\n|-supereffective|p2a: Glimmora\n|-damage|p2a: Glimmora|18/100\n|-enditem|p2a: Glimmora|Red Card|[of] p1a: Primarina\n|drag|p1a: Glimmora|Glimmora, M|100/100\n|\n|-weather|Snowscape|[upkeep]\n|upkeep\n|turn|4\n|\n|t:|1771230436\n|move|p1a: Glimmora|Meteor Beam||[still]\n|-prepare|p1a: Glimmora|Meteor Beam\n|-boost|p1a: Glimmora|spa|1\n|-enditem|p1a: Glimmora|Power Herb\n|-anim|p1a: Glimmora|Meteor Beam|p2a: Glimmora\n|-damage|p2a: Glimmora|0 fnt\n|faint|p2a: Glimmora\n|\n|-weather|Snowscape|[upkeep]\n|upkeep\n|inactive|hamoodiscute has 120 seconds left.\n|inactive|hamoodiscute has 90 seconds left.\n|\n|t:|1771230517\n|switch|p2a: Ogerpon|Ogerpon-Wellspring, F|100/100\n|turn|5\n|\n|t:|1771230521\n|switch|p1a: Rillaboom|Rillaboom, M|100/100\n|-fieldstart|move: Grassy Terrain|[from] ability: Grassy Surge|[of] p1a: Rillaboom\n|move|p2a: Ogerpon|Ivy Cudgel|p1a: Rillaboom|[anim] Ivy Cudgel Water\n|-resisted|p1a: Rillaboom\n|-damage|p1a: Rillaboom|70/100\n|\n|-weather|none\n|-heal|p1a: Rillaboom|76/100|[from] Grassy Terrain\n|upkeep\n|turn|6\n|inactive|hamoodiscute has 90 seconds left.\n|\n|t:|1771230530\n|move|p2a: Ogerpon|U-turn|p1a: Rillaboom\n|-supereffective|p1a: Rillaboom\n|-damage|p1a: Rillaboom|10/100\n|inactive|hamoodiscute has 90 seconds left.\n|\n|t:|1771230535\n|switch|p2a: Dragonite|Dragonite, F|100/100|[from] U-turn\n|move|p1a: Rillaboom|U-turn|p2a: Dragonite\n|-resisted|p2a: Dragonite\n|-damage|p2a: Dragonite|92/100\n|\n|t:|1771230546\n|switch|p1a: Regidrago|Regidrago|100/100|[from] U-turn\n|\n|upkeep\n|turn|7\n|\n|t:|1771230559\n|-terastallize|p2a: Dragonite|Fairy\n|move|p1a: Regidrago|Dragon Energy|p2a: Dragonite\n|-immune|p2a: Dragonite\n|move|p2a: Dragonite|Dragon Dance|p2a: Dragonite\n|-boost|p2a: Dragonite|atk|1\n|-boost|p2a: Dragonite|spe|1\n|\n|-heal|p2a: Dragonite|99/100|[from] Grassy Terrain\n|upkeep\n|turn|8\n|\n|t:|1771230564\n|switch|p1a: Rillaboom|Rillaboom, M|10/100\n|move|p2a: Dragonite|Dragon Dance|p2a: Dragonite\n|-boost|p2a: Dragonite|atk|1\n|-boost|p2a: Dragonite|spe|1\n|\n|-heal|p2a: Dragonite|100/100|[from] Grassy Terrain\n|-heal|p1a: Rillaboom|17/100|[from] Grassy Terrain\n|upkeep\n|turn|9\n|\n|t:|1771230567\n|move|p1a: Rillaboom|Grassy Glide|p2a: Dragonite\n|-damage|p2a: Dragonite|75/100\n|move|p2a: Dragonite|Dragon Dance|p2a: Dragonite\n|-boost|p2a: Dragonite|atk|1\n|-boost|p2a: Dragonite|spe|1\n|\n|-heal|p2a: Dragonite|81/100|[from] Grassy Terrain\n|-heal|p1a: Rillaboom|23/100|[from] Grassy Terrain\n|-fieldend|move: Grassy Terrain\n|upkeep\n|turn|10\n|\n|t:|1771230572\n|move|p2a: Dragonite|Roost|p2a: Dragonite\n|-heal|p2a: Dragonite|100/100\n|move|p1a: Rillaboom|Grassy Glide|p2a: Dragonite\n|-damage|p2a: Dragonite|80/100\n|\n|upkeep\n|turn|11\n|\n|t:|1771230577\n|move|p2a: Dragonite|Dragon Dance|p2a: Dragonite\n|-boost|p2a: Dragonite|atk|1\n|-boost|p2a: Dragonite|spe|1\n|move|p1a: Rillaboom|Grassy Glide|p2a: Dragonite\n|-damage|p2a: Dragonite|39/100\n|\n|upkeep\n|turn|12\n|\n|t:|1771230578\n|move|p2a: Dragonite|Roost|p2a: Dragonite\n|-heal|p2a: Dragonite|90/100\n|move|p1a: Rillaboom|Grassy Glide|p2a: Dragonite\n|-damage|p2a: Dragonite|51/100\n|\n|upkeep\n|turn|13\n|\n|t:|1771230589\n|switch|p1a: Glimmora|Glimmora, M|100/100\n|move|p2a: Dragonite|Roost|p2a: Dragonite\n|-heal|p2a: Dragonite|100/100\n|\n|upkeep\n|turn|14\n|\n|t:|1771230595\n|move|p2a: Dragonite|Earthquake|p1a: Glimmora\n|-supereffective|p1a: Glimmora\n|-damage|p1a: Glimmora|0 fnt\n|-activate|p1a: Glimmora|ability: Toxic Debris\n|-sidestart|p2: hamoodiscute|move: Toxic Spikes\n|faint|p1a: Glimmora\n|\n|upkeep\n|\n|t:|1771230597\n|switch|p1a: Rillaboom|Rillaboom, M|23/100\n|-fieldstart|move: Grassy Terrain|[from] ability: Grassy Surge|[of] p1a: Rillaboom\n|turn|15\n|\n|t:|1771230602\n|move|p1a: Rillaboom|Grassy Glide|p2a: Dragonite\n|-damage|p2a: Dragonite|75/100\n|move|p2a: Dragonite|Earthquake|p1a: Rillaboom\n|-resisted|p1a: Rillaboom\n|-damage|p1a: Rillaboom|0 fnt\n|faint|p1a: Rillaboom\n|\n|-heal|p2a: Dragonite|81/100|[from] Grassy Terrain\n|upkeep\n|\n|t:|1771230605\n|switch|p1a: Regidrago|Regidrago|100/100\n|turn|16\n|\n|t:|1771230607\n|-terastallize|p1a: Regidrago|Steel\n|move|p2a: Dragonite|Tera Blast|p1a: Regidrago|[anim] Tera Blast Fairy\n|-resisted|p1a: Regidrago\n|-damage|p1a: Regidrago|45/100\n|move|p1a: Regidrago|Tera Blast|p2a: Dragonite|[anim] Tera Blast Steel\n|-supereffective|p2a: Dragonite\n|-damage|p2a: Dragonite|32/100\n|\n|-heal|p2a: Dragonite|38/100|[from] Grassy Terrain\n|-heal|p1a: Regidrago|51/100|[from] Grassy Terrain\n|upkeep\n|turn|17\n|\n|t:|1771230626\n|move|p2a: Dragonite|Earthquake|p1a: Regidrago\n|-supereffective|p1a: Regidrago\n|-damage|p1a: Regidrago|0 fnt\n|faint|p1a: Regidrago\n|\n|-heal|p2a: Dragonite|45/100|[from] Grassy Terrain\n|upkeep\n|-message|bh.babiri forfeited.\n|\n|win|hamoodiscute\n|raw|bh.babiri's rating: 1716 &rarr; <strong>1693</strong><br />(-23 for losing)\n|raw|hamoodiscute's rating: 1668 &rarr; <strong>1691</strong><br />(+23 for winning)\n|l|☆bh.babiri\n|player|p1|\n|l|☆hamoodiscute\n|player|p2|\n", "uploadtime": 1771230824, "views": 9, "formatid": "gen9ou", "rating": 1691, "private": 0, "password": null}