{"id": "gen9ou-2540592366", "format": "[Gen 9] OU", "players": ["GummyDeino", "alex12381723898"], "log": "|j|☆GummyDeino\n|j|☆alex12381723898\n|t:|1771223422\n|gametype|singles\n|player|p1|GummyDeino|lady|1603\n|player|p2|alex12381723898|170|1620\n|gen|9\n|tier|[Gen 9] OU\n|rated|\n|rule|HP Percentage Mod: HP is shown in percentages\n|rule|Endless Battle Clause: Forcing endless battles is banned\n|rule|Species Clause: Limit one of each Pokémon\n|rule|OHKO Clause: OHKO moves are banned\n|rule|Evasion Items Clause: Evasion items are banned\n|rule|Evasion Moves Clause: Evasion moves are banned\n|rule|Evasion Abilities Clause: Evasion abilities are banned\n|rule|Sleep Moves Clause: Sleep-inducing moves are banned\n|clearpoke\n|poke|p1|Iron Valiant|\n|poke|p1|Great Tusk|\n|poke|p1|Dragonite, M|\n|poke|p1|Deoxys-Speed|\n|poke|p1|Glimmora, M|\n|poke|p1|Kingambit, M|\n|poke|p2|Landorus-Therian, M|\n|poke|p2|Sinistcha|\n|poke|p2|Tinkaton, F|\n|poke|p2|Moltres|\n|poke|p2|Samurott-Hisui, M|\n|poke|p2|Hydreigon, M|\n|teampreview\n|inactive|Battle timer is ON: inactive players will automatically lose when time's up. (requested by GummyDeino)\n|\n|t:|1771223426\n|teamsize|p1|6\n|teamsize|p2|6\n|start\n|switch|p1a: Limitless|Deoxys-Speed|100/100\n|switch|p2a: Smile.exe|Tinkaton, F, shiny|100/100\n|-ability|p1a: Limitless|Pressure\n|-item|p2a: Smile.exe|Air Balloon\n|turn|1\n|\n|t:|1771223434\n|move|p1a: Limitless|Taunt|p2a: Smile.exe\n|-start|p2a: Smile.exe|move: Taunt\n|cant|p2a: Smile.exe|move: Taunt|Stealth Rock\n|\n|upkeep\n|turn|2\n|\n|t:|1771223438\n|move|p1a: Limitless|Reflect|p1a: Limitless\n|-sidestart|p1: GummyDeino|Reflect\n|move|p2a: Smile.exe|Gigaton Hammer|p1a: Limitless\n|-damage|p1a: Limitless|65/100\n|\n|upkeep\n|turn|3\n|j| No Bithes?????\n|\n|t:|1771223442\n|switch|p2a: Jack Sparrow|Samurott-Hisui, M, shiny|100/100\n|move|p1a: Limitless|Psycho Boost|p2a: Jack Sparrow\n|-immune|p2a: Jack Sparrow\n|\n|upkeep\n|turn|4\n|\n|t:|1771223448\n|switch|p1a: Granite|Glimmora, M, shiny|100/100\n|move|p2a: Jack Sparrow|Ceaseless Edge|p1a: Granite\n|-damage|p1a: Granite|69/100\n|-activate|p1a: Granite|ability: Toxic Debris\n|-sidestart|p2: alex12381723898|move: Toxic Spikes\n|-sidestart|p1: GummyDeino|Spikes\n|\n|upkeep\n|turn|5\n|\n|t:|1771223457\n|move|p1a: Granite|Meteor Beam||[still]\n|-prepare|p1a: Granite|Meteor Beam\n|-boost|p1a: Granite|spa|1\n|-enditem|p1a: Granite|Power Herb\n|-anim|p1a: Granite|Meteor Beam|p2a: Jack Sparrow\n|-damage|p2a: Jack Sparrow|0 fnt\n|faint|p2a: Jack Sparrow\n|\n|upkeep\n|\n|t:|1771223460\n|switch|p2a: Smile.exe|Tinkaton, F, shiny|100/100\n|-item|p2a: Smile.exe|Air Balloon\n|turn|6\n|\n|t:|1771223467\n|move|p2a: Smile.exe|Stealth Rock|p1a: Granite\n|-sidestart|p1: GummyDeino|move: Stealth Rock\n|move|p1a: Granite|Stealth Rock|p2a: Smile.exe\n|-sidestart|p2: alex12381723898|move: Stealth Rock\n|\n|upkeep\n|turn|7\n|\n|t:|1771223473\n|switch|p1a: Behemoth|Great Tusk, shiny|100/100\n|-damage|p1a: Behemoth|88/100|[from] Spikes\n|-damage|p1a: Behemoth|85/100|[from] Stealth Rock\n|-enditem|p1a: Behemoth|Booster Energy\n|-activate|p1a: Behemoth|ability: Protosynthesis|[fromitem]\n|-start|p1a: Behemoth|protosynthesisspe\n|move|p2a: Smile.exe|Gigaton Hammer|p1a: Behemoth\n|-damage|p1a: Behemoth|68/100\n|\n|upkeep\n|turn|8\n|\n|t:|1771223482\n|switch|p2a: Sagittarius|Sinistcha, shiny|100/100\n|move|p1a: Behemoth|Bulk Up|p1a: Behemoth\n|-boost|p1a: Behemoth|atk|1\n|-boost|p1a: Behemoth|def|1\n|\n|upkeep\n|turn|9\n|\n|t:|1771223488\n|move|p1a: Behemoth|Taunt|p2a: Sagittarius\n|-start|p2a: Sagittarius|move: Taunt\n|cant|p2a: Sagittarius|move: Taunt|Strength Sap\n|\n|-sideend|p1: GummyDeino|Reflect\n|upkeep\n|turn|10\n|\n|t:|1771223492\n|move|p1a: Behemoth|Head Smash|p2a: Sagittarius|[miss]\n|-miss|p1a: Behemoth|p2a: Sagittarius\n|move|p2a: Sagittarius|Matcha Gotcha|p1a: Behemoth\n|-supereffective|p1a: Behemoth\n|-damage|p1a: Behemoth|0 fnt\n|faint|p1a: Behemoth\n|-end|p1a: Behemoth|Protosynthesis|[silent]\n|\n|upkeep\n|\n|t:|1771223505\n|switch|p1a: Dismantle|Kingambit, M, shiny|100/100\n|-damage|p1a: Dismantle|88/100|[from] Spikes\n|-damage|p1a: Dismantle|82/100|[from] Stealth Rock\n|-activate|p1a: Dismantle|ability: Supreme Overlord\n|-start|p1a: Dismantle|fallen1|[silent]\n|turn|11\n|\n|t:|1771223511\n|switch|p2a: Phoenix|Moltres, shiny|100/100\n|move|p1a: Dismantle|Swords Dance|p1a: Dismantle\n|-boost|p1a: Dismantle|atk|2\n|\n|upkeep\n|turn|12\n|\n|t:|1771223516\n|move|p2a: Phoenix|Flamethrower|p1a: Dismantle\n|-supereffective|p1a: Dismantle\n|-damage|p1a: Dismantle|0 fnt\n|faint|p1a: Dismantle\n|-end|p1a: Dismantle|fallen1|[silent]\n|\n|upkeep\n|\n|t:|1771223521\n|switch|p1a: Limitless|Deoxys-Speed|65/100\n|-damage|p1a: Limitless|53/100|[from] Spikes\n|-damage|p1a: Limitless|40/100|[from] Stealth Rock\n|-ability|p1a: Limitless|Pressure\n|turn|13\n|\n|t:|1771223530\n|move|p1a: Limitless|Light Screen|p1a: Limitless\n|-sidestart|p1: GummyDeino|move: Light Screen\n|move|p2a: Phoenix|Flamethrower|p1a: Limitless\n|-damage|p1a: Limitless|17/100\n|-status|p1a: Limitless|brn\n|\n|-damage|p1a: Limitless|11/100 brn|[from] brn\n|upkeep\n|turn|14\n|l| No Bithes?????\n|\n|t:|1771223539\n|move|p1a: Limitless|Taunt|p2a: Phoenix\n|-start|p2a: Phoenix|move: Taunt\n|move|p2a: Phoenix|Flamethrower|p1a: Limitless\n|-damage|p1a: Limitless|0 fnt\n|faint|p1a: Limitless\n|\n|upkeep\n|\n|t:|1771223546\n|switch|p1a: Mahoraga|Dragonite, M|100/100\n|-damage|p1a: Mahoraga|76/100|[from] Stealth Rock\n|turn|15\n|\n|t:|1771223551\n|move|p1a: Mahoraga|Dragon Dance|p1a: Mahoraga\n|-boost|p1a: Mahoraga|atk|1\n|-boost|p1a: Mahoraga|spe|1\n|move|p2a: Phoenix|U-turn|p1a: Mahoraga\n|-resisted|p1a: Mahoraga\n|-damage|p1a: Mahoraga|68/100\n|\n|t:|1771223554\n|switch|p2a: Enten|Landorus-Therian, M, shiny|100/100|[from] U-turn\n|-damage|p2a: Enten|88/100|[from] Stealth Rock\n|-ability|p2a: Enten|Intimidate|boost\n|-unboost|p1a: Mahoraga|atk|1\n|\n|-heal|p1a: Mahoraga|74/100|[from] item: Leftovers\n|upkeep\n|turn|16\n|\n|t:|1771223562\n|move|p2a: Enten|Stone Edge|p1a: Mahoraga\n|-supereffective|p1a: Mahoraga\n|-crit|p1a: Mahoraga\n|-damage|p1a: Mahoraga|0 fnt\n|faint|p1a: Mahoraga\n|\n|upkeep\n|-message|GummyDeino forfeited.\n|\n|win|alex12381723898\n|raw|GummyDeino's rating: 1603 &rarr; <strong>1584</strong><br />(-19 for losing)\n|raw|alex12381723898's rating: 1620 &rarr; <strong>1639</strong><br />(+19 for winning)\n|l|☆GummyDeino\n|player|p1|\n|l|☆alex12381723898\n|player|p2|\n", "uploadtime": 1771223788, "views": 9, "formatid": "gen9ou", "rating": 1584, "private": 0, "password": null}