{"id": "gen9ou-2540421179", "format": "[Gen 9] OU", "players": ["Dutchum", "STALLWILLCONQUER"], "log": "|badge|p1|bronze|gen9ru|100-8\n|uhtml|medal-msg|<div class=\"broadcast-blue\">Curious what those medals under the avatar are? PS now has Ladder Seasons! For more information, check out the <a href=\"https://www.smogon.com/forums/threads/3740067/\">thread on Smogon.</a></div>\n|j|☆Dutchum\n|j|☆STALLWILLCONQUER\n|t:|1771199942\n|gametype|singles\n|player|p1|Dutchum|channeler-gen1rb|1837\n|player|p2|STALLWILLCONQUER|colress|1704\n|gen|9\n|tier|[Gen 9] OU\n|rated|\n|rule|HP Percentage Mod: HP is shown in percentages\n|rule|Endless Battle Clause: Forcing endless battles is banned\n|rule|Species Clause: Limit one of each Pokémon\n|rule|OHKO Clause: OHKO moves are banned\n|rule|Evasion Items Clause: Evasion items are banned\n|rule|Evasion Moves Clause: Evasion moves are banned\n|rule|Evasion Abilities Clause: Evasion abilities are banned\n|rule|Sleep Moves Clause: Sleep-inducing moves are banned\n|clearpoke\n|poke|p1|Iron Valiant|\n|poke|p1|Rillaboom, M|\n|poke|p1|Zamazenta-*|\n|poke|p1|Deoxys-Speed|\n|poke|p1|Landorus-Therian, M|\n|poke|p1|Gholdengo|\n|poke|p2|Clodsire, F|\n|poke|p2|Dondozo, F|\n|poke|p2|Alomomola, M|\n|poke|p2|Talonflame, F|\n|poke|p2|Toxapex, F|\n|poke|p2|Blissey, F|\n|teampreview\n|inactive|Battle timer is ON: inactive players will automatically lose when time's up. (requested by Dutchum)\n|\n|t:|1771199956\n|teamsize|p1|6\n|teamsize|p2|6\n|start\n|switch|p1a: Rillaboom|Rillaboom, M|100/100\n|switch|p2a: Blissey|Blissey, F|100/100\n|-fieldstart|move: Grassy Terrain|[from] ability: Grassy Surge|[of] p1a: Rillaboom\n|turn|1\n|\n|t:|1771199959\n|switch|p2a: Talonflame|Talonflame, F|100/100\n|move|p1a: Rillaboom|Knock Off|p2a: Talonflame\n|-damage|p2a: Talonflame|67/100\n|-status|p1a: Rillaboom|brn|[from] ability: Flame Body|[of] p2a: Talonflame\n|-enditem|p2a: Talonflame|Heavy-Duty Boots|[from] move: Knock Off|[of] p1a: Rillaboom\n|\n|-damage|p1a: Rillaboom|94/100 brn|[from] brn\n|upkeep\n|turn|2\n|\n|t:|1771199967\n|move|p2a: Talonflame|Roost|p2a: Talonflame\n|-heal|p2a: Talonflame|100/100\n|-singleturn|p2a: Talonflame|move: Roost\n|move|p1a: Rillaboom|U-turn|p2a: Talonflame\n|-resisted|p2a: Talonflame\n|-damage|p2a: Talonflame|94/100\n|j| Nikator98\n|\n|t:|1771199979\n|switch|p1a: Deoxys|Deoxys-Speed|100/100|[from] U-turn\n|-ability|p1a: Deoxys|Pressure\n|\n|-heal|p2a: Talonflame|99/100|[from] Grassy Terrain\n|upkeep\n|turn|3\n|\n|t:|1771199983\n|switch|p2a: Blissey|Blissey, F|100/100\n|move|p1a: Deoxys|Nasty Plot|p1a: Deoxys\n|-boost|p1a: Deoxys|spa|2\n|\n|upkeep\n|turn|4\n|\n|t:|1771199988\n|move|p1a: Deoxys|Nasty Plot|p1a: Deoxys\n|-boost|p1a: Deoxys|spa|2\n|move|p2a: Blissey|Seismic Toss|p1a: Deoxys\n|-damage|p1a: Deoxys|60/100\n|\n|-heal|p1a: Deoxys|66/100|[from] Grassy Terrain\n|upkeep\n|turn|5\n|\n|t:|1771199992\n|move|p1a: Deoxys|Nasty Plot|p1a: Deoxys\n|-boost|p1a: Deoxys|spa|2\n|move|p2a: Blissey|Seismic Toss|p1a: Deoxys\n|-damage|p1a: Deoxys|26/100\n|\n|-heal|p1a: Deoxys|32/100|[from] Grassy Terrain\n|-fieldend|move: Grassy Terrain\n|upkeep\n|turn|6\n|\n|t:|1771199998\n|-terastallize|p2a: Blissey|Dark\n|move|p1a: Deoxys|Recover|p1a: Deoxys\n|-heal|p1a: Deoxys|82/100\n|move|p2a: Blissey|Seismic Toss|p1a: Deoxys\n|-damage|p1a: Deoxys|42/100\n|\n|upkeep\n|turn|7\n|\n|t:|1771200003\n|move|p1a: Deoxys|Focus Blast|p2a: Blissey\n|-supereffective|p2a: Blissey\n|-damage|p2a: Blissey|1/100\n|-damage|p1a: Deoxys|32/100|[from] item: Life Orb\n|move|p2a: Blissey|Seismic Toss|p1a: Deoxys\n|-damage|p1a: Deoxys|0 fnt\n|faint|p1a: Deoxys\n|\n|upkeep\n|c|☆STALLWILLCONQUER|like a boss\n|\n|t:|1771200020\n|switch|p1a: Rillaboom|Rillaboom, M|94/100 brn\n|-fieldstart|move: Grassy Terrain|[from] ability: Grassy Surge|[of] p1a: Rillaboom\n|turn|8\n|\n|t:|1771200030\n|switch|p2a: Talonflame|Talonflame, F|99/100\n|move|p1a: Rillaboom|U-turn|p2a: Talonflame\n|-resisted|p2a: Talonflame\n|-damage|p2a: Talonflame|97/100\n|\n|t:|1771200045\n|switch|p1a: Landorus|Landorus-Therian, M|100/100|[from] U-turn\n|-ability|p1a: Landorus|Intimidate|boost\n|-unboost|p2a: Talonflame|atk|1\n|\n|upkeep\n|turn|9\n|j| FaronAan\n|l| FaronAan\n|\n|t:|1771200050\n|switch|p2a: Alomomola|Alomomola, M|100/100\n|move|p1a: Landorus|Fling|p2a: Alomomola\n|-damage|p2a: Alomomola|95/100\n|-status|p2a: Alomomola|par\n|-enditem|p1a: Landorus|Light Ball|[from] move: Fling\n|\n|-heal|p2a: Alomomola|100/100 par|[from] Grassy Terrain\n|upkeep\n|turn|10\n|\n|t:|1771200053\n|move|p1a: Landorus|Stealth Rock|p2a: Alomomola\n|-sidestart|p2: STALLWILLCONQUER|move: Stealth Rock\n|move|p2a: Alomomola|Wish|p2a: Alomomola\n|\n|upkeep\n|turn|11\n|\n|t:|1771200069\n|move|p1a: Landorus|U-turn|p2a: Alomomola\n|-damage|p2a: Alomomola|90/100 par\n|\n|t:|1771200071\n|switch|p1a: Gholdengo|Gholdengo|100/100|[from] U-turn\n|-enditem|p1a: Gholdengo|Grassy Seed\n|-boost|p1a: Gholdengo|def|1|[from] item: Grassy Seed\n|cant|p2a: Alomomola|par\n|\n|-heal|p2a: Alomomola|100/100 par|[from] move: Wish|[wisher] Alomomola\n|upkeep\n|turn|12\n|\n|t:|1771200079\n|move|p1a: Gholdengo|Nasty Plot|p1a: Gholdengo\n|-boost|p1a: Gholdengo|spa|2\n|cant|p2a: Alomomola|par\n|\n|-fieldend|move: Grassy Terrain\n|upkeep\n|turn|13\n|\n|t:|1771200084\n|switch|p2a: Clodsire|Clodsire, F|100/100\n|move|p1a: Gholdengo|Shadow Ball|p2a: Clodsire\n|-damage|p2a: Clodsire|79/100\n|\n|upkeep\n|turn|14\n|\n|t:|1771200089\n|move|p1a: Gholdengo|Shadow Ball|p2a: Clodsire\n|-damage|p2a: Clodsire|57/100\n|move|p2a: Clodsire|Earthquake|p1a: Gholdengo\n|-supereffective|p1a: Gholdengo\n|-damage|p1a: Gholdengo|52/100\n|\n|upkeep\n|turn|15\n|\n|t:|1771200096\n|move|p1a: Gholdengo|Recover|p1a: Gholdengo\n|-heal|p1a: Gholdengo|100/100\n|move|p2a: Clodsire|Recover|p2a: Clodsire\n|-heal|p2a: Clodsire|100/100\n|\n|upkeep\n|turn|16\n|\n|t:|1771200101\n|switch|p1a: Iron Valiant|Iron Valiant|100/100\n|-enditem|p1a: Iron Valiant|Booster Energy\n|-activate|p1a: Iron Valiant|ability: Quark Drive|[fromitem]\n|-start|p1a: Iron Valiant|quarkdrivespe\n|move|p2a: Clodsire|Earthquake|p1a: Iron Valiant\n|-damage|p1a: Iron Valiant|64/100\n|\n|upkeep\n|turn|17\n|j| ArcticFrostburn ❄️\n|\n|t:|1771200105\n|move|p1a: Iron Valiant|Knock Off|p2a: Clodsire\n|-damage|p2a: Clodsire|68/100\n|-enditem|p2a: Clodsire|Heavy-Duty Boots|[from] move: Knock Off|[of] p1a: Iron Valiant\n|move|p2a: Clodsire|Gunk Shot|p1a: Iron Valiant\n|-supereffective|p1a: Iron Valiant\n|-damage|p1a: Iron Valiant|0 fnt\n|faint|p1a: Iron Valiant\n|-end|p1a: Iron Valiant|Quark Drive|[silent]\n|\n|upkeep\n|l| ArcticFrostburn ❄️\n|\n|t:|1771200114\n|switch|p1a: Rillaboom|Rillaboom, M|94/100 brn\n|-fieldstart|move: Grassy Terrain|[from] ability: Grassy Surge|[of] p1a: Rillaboom\n|turn|18\n|\n|t:|1771200117\n|switch|p2a: Alomomola|Alomomola, M|100/100 par\n|move|p1a: Rillaboom|High Horsepower|p2a: Alomomola|[miss]\n|-miss|p1a: Rillaboom|p2a: Alomomola\n|\n|-heal|p1a: Rillaboom|100/100 brn|[from] Grassy Terrain\n|-damage|p1a: Rillaboom|94/100 brn|[from] brn\n|upkeep\n|turn|19\n|\n|t:|1771200122\n|move|p1a: Rillaboom|U-turn|p2a: Alomomola\n|-damage|p2a: Alomomola|94/100 par\n|j| ArcticFrostburn ❄️\n|l| ArcticFrostburn ❄️\n|\n|t:|1771200129\n|switch|p1a: Gholdengo|Gholdengo|100/100|[from] U-turn\n|move|p2a: Alomomola|Wish|p2a: Alomomola\n|\n|-heal|p2a: Alomomola|99/100 par|[from] Grassy Terrain\n|upkeep\n|turn|20\n|\n|t:|1771200134\n|switch|p2a: Clodsire|Clodsire, F|68/100\n|-damage|p2a: Clodsire|62/100|[from] Stealth Rock\n|move|p1a: Gholdengo|Nasty Plot|p1a: Gholdengo\n|-boost|p1a: Gholdengo|spa|2\n|\n|-heal|p2a: Clodsire|100/100|[from] move: Wish|[wisher] Alomomola\n|upkeep\n|turn|21\n|\n|t:|1771200143\n|move|p1a: Gholdengo|Nasty Plot|p1a: Gholdengo\n|-boost|p1a: Gholdengo|spa|2\n|move|p2a: Clodsire|Earthquake|p1a: Gholdengo\n|-supereffective|p1a: Gholdengo\n|-damage|p1a: Gholdengo|77/100\n|\n|-heal|p1a: Gholdengo|83/100|[from] Grassy Terrain\n|upkeep\n|turn|22\n|j| dtybb\n|inactive|STALLWILLCONQUER has 120 seconds left.\n|j| CorvPress\n|inactive|STALLWILLCONQUER has 90 seconds left.\n|inactive|STALLWILLCONQUER has 60 seconds left.\n|\n|t:|1771200234\n|switch|p2a: Dondozo|Dondozo, F|100/100\n|move|p1a: Gholdengo|Shadow Ball|p2a: Dondozo\n|-damage|p2a: Dondozo|64/100\n|\n|-heal|p1a: Gholdengo|89/100|[from] Grassy Terrain\n|-heal|p2a: Dondozo|70/100|[from] Grassy Terrain\n|-fieldend|move: Grassy Terrain\n|upkeep\n|turn|23\n|\n|t:|1771200239\n|move|p1a: Gholdengo|Shadow Ball|p2a: Dondozo\n|-damage|p2a: Dondozo|35/100\n|-unboost|p2a: Dondozo|spd|1\n|move|p2a: Dondozo|Rest|p2a: Dondozo\n|-status|p2a: Dondozo|slp|[from] move: Rest\n|-heal|p2a: Dondozo|100/100 slp|[silent]\n|\n|upkeep\n|turn|24\n|\n|t:|1771200245\n|switch|p2a: Blissey|Blissey, F, tera:Dark|1/100\n|move|p1a: Gholdengo|Shadow Ball|p2a: Blissey\n|-resisted|p2a: Blissey\n|-damage|p2a: Blissey|0 fnt\n|faint|p2a: Blissey\n|\n|upkeep\n|\n|t:|1771200251\n|switch|p2a: Talonflame|Talonflame, F|97/100\n|-damage|p2a: Talonflame|47/100|[from] Stealth Rock\n|turn|25\n|\n|t:|1771200256\n|move|p2a: Talonflame|Flamethrower|p1a: Gholdengo\n|-supereffective|p1a: Gholdengo\n|-damage|p1a: Gholdengo|49/100\n|move|p1a: Gholdengo|Shadow Ball|p2a: Talonflame\n|-damage|p2a: Talonflame|0 fnt\n|faint|p2a: Talonflame\n|\n|upkeep\n|\n|t:|1771200261\n|switch|p2a: Clodsire|Clodsire, F|100/100\n|-damage|p2a: Clodsire|94/100|[from] Stealth Rock\n|turn|26\n|\n|t:|1771200268\n|switch|p1a: Landorus|Landorus-Therian, M|100/100\n|-ability|p1a: Landorus|Intimidate|boost\n|-unboost|p2a: Clodsire|atk|1\n|move|p2a: Clodsire|Gunk Shot|p1a: Landorus|[miss]\n|-miss|p2a: Clodsire|p1a: Landorus\n|\n|upkeep\n|turn|27\n|\n|t:|1771200271\n|switch|p2a: Alomomola|Alomomola, M|100/100 par\n|move|p1a: Landorus|U-turn|p2a: Alomomola\n|-damage|p2a: Alomomola|89/100 par\n|\n|t:|1771200279\n|switch|p1a: Rillaboom|Rillaboom, M|94/100 brn|[from] U-turn\n|-fieldstart|move: Grassy Terrain|[from] ability: Grassy Surge|[of] p1a: Rillaboom\n|\n|-heal|p1a: Rillaboom|100/100 brn|[from] Grassy Terrain\n|-heal|p2a: Alomomola|95/100 par|[from] Grassy Terrain\n|-damage|p1a: Rillaboom|94/100 brn|[from] brn\n|upkeep\n|turn|28\n|inactive|STALLWILLCONQUER has 120 seconds left.\n|\n|t:|1771200285\n|switch|p2a: Toxapex|Toxapex, F|100/100\n|move|p1a: Rillaboom|U-turn|p2a: Toxapex\n|-resisted|p2a: Toxapex\n|-damage|p2a: Toxapex|97/100\n|\n|t:|1771200288\n|switch|p1a: Gholdengo|Gholdengo|49/100|[from] U-turn\n|\n|-heal|p1a: Gholdengo|55/100|[from] Grassy Terrain\n|-heal|p2a: Toxapex|100/100|[from] Grassy Terrain\n|upkeep\n|turn|29\n|\n|t:|1771200291\n|move|p1a: Gholdengo|Nasty Plot|p1a: Gholdengo\n|-boost|p1a: Gholdengo|spa|2\n|move|p2a: Toxapex|Infestation|p1a: Gholdengo\n|-resisted|p1a: Gholdengo\n|-damage|p1a: Gholdengo|55/100\n|-activate|p1a: Gholdengo|move: Infestation|[of] p2a: Toxapex\n|\n|-heal|p1a: Gholdengo|61/100|[from] Grassy Terrain\n|-damage|p1a: Gholdengo|48/100|[from] move: Infestation|[partiallytrapped]\n|upkeep\n|turn|30\n|\n|t:|1771200297\n|move|p1a: Gholdengo|Shadow Ball|p2a: Toxapex\n|-damage|p2a: Toxapex|37/100\n|move|p2a: Toxapex|Haze|p2a: Toxapex\n|-clearallboost\n|\n|-heal|p1a: Gholdengo|54/100|[from] Grassy Terrain\n|-heal|p2a: Toxapex|44/100|[from] Grassy Terrain\n|-damage|p1a: Gholdengo|42/100|[from] move: Infestation|[partiallytrapped]\n|upkeep\n|turn|31\n|l| CorvPress\n|\n|t:|1771200305\n|switch|p2a: Clodsire|Clodsire, F|94/100\n|-damage|p2a: Clodsire|88/100|[from] Stealth Rock\n|move|p1a: Gholdengo|Nasty Plot|p1a: Gholdengo\n|-boost|p1a: Gholdengo|spa|2\n|\n|-heal|p1a: Gholdengo|48/100|[from] Grassy Terrain\n|-heal|p2a: Clodsire|94/100|[from] Grassy Terrain\n|-end|p1a: Gholdengo|Infestation|[partiallytrapped]|[silent]\n|-fieldend|move: Grassy Terrain\n|upkeep\n|turn|32\n|\n|t:|1771200309\n|move|p1a: Gholdengo|Recover|p1a: Gholdengo\n|-heal|p1a: Gholdengo|98/100\n|move|p2a: Clodsire|Earthquake|p1a: Gholdengo\n|-supereffective|p1a: Gholdengo\n|-damage|p1a: Gholdengo|50/100\n|\n|upkeep\n|turn|33\n|\n|t:|1771200331\n|switch|p1a: Landorus|Landorus-Therian, M|100/100\n|-ability|p1a: Landorus|Intimidate|boost\n|-unboost|p2a: Clodsire|atk|1\n|move|p2a: Clodsire|Gunk Shot|p1a: Landorus\n|-resisted|p1a: Landorus\n|-damage|p1a: Landorus|90/100\n|\n|upkeep\n|turn|34\n|\n|t:|1771200341\n|switch|p2a: Alomomola|Alomomola, M|100/100 par\n|move|p1a: Landorus|U-turn|p2a: Alomomola\n|-damage|p2a: Alomomola|90/100 par\n|\n|t:|1771200343\n|switch|p1a: Rillaboom|Rillaboom, M|94/100 brn|[from] U-turn\n|-fieldstart|move: Grassy Terrain|[from] ability: Grassy Surge|[of] p1a: Rillaboom\n|\n|-heal|p1a: Rillaboom|100/100 brn|[from] Grassy Terrain\n|-heal|p2a: Alomomola|96/100 par|[from] Grassy Terrain\n|-damage|p1a: Rillaboom|94/100 brn|[from] brn\n|upkeep\n|turn|35\n|\n|t:|1771200347\n|move|p1a: Rillaboom|Knock Off|p2a: Alomomola\n|-damage|p2a: Alomomola|87/100 par\n|-enditem|p2a: Alomomola|Heavy-Duty Boots|[from] move: Knock Off|[of] p1a: Rillaboom\n|cant|p2a: Alomomola|par\n|\n|-heal|p1a: Rillaboom|100/100 brn|[from] Grassy Terrain\n|-heal|p2a: Alomomola|93/100 par|[from] Grassy Terrain\n|-damage|p1a: Rillaboom|94/100 brn|[from] brn\n|upkeep\n|turn|36\n|\n|t:|1771200352\n|switch|p2a: Toxapex|Toxapex, F|77/100\n|move|p1a: Rillaboom|U-turn|p2a: Toxapex\n|-resisted|p2a: Toxapex\n|-damage|p2a: Toxapex|73/100\n|\n|t:|1771200354\n|switch|p1a: Gholdengo|Gholdengo|50/100|[from] U-turn\n|\n|-heal|p1a: Gholdengo|56/100|[from] Grassy Terrain\n|-heal|p2a: Toxapex|79/100|[from] Grassy Terrain\n|upkeep\n|turn|37\n|\n|t:|1771200358\n|move|p1a: Gholdengo|Recover|p1a: Gholdengo\n|-heal|p1a: Gholdengo|100/100\n|move|p2a: Toxapex|Haze|p2a: Toxapex\n|-clearallboost\n|\n|-heal|p2a: Toxapex|86/100|[from] Grassy Terrain\n|upkeep\n|turn|38\n|\n|t:|1771200362\n|move|p1a: Gholdengo|Nasty Plot|p1a: Gholdengo\n|-boost|p1a: Gholdengo|spa|2\n|move|p2a: Toxapex|Haze|p2a: Toxapex\n|-clearallboost\n|\n|-heal|p2a: Toxapex|92/100|[from] Grassy Terrain\n|-fieldend|move: Grassy Terrain\n|upkeep\n|turn|39\n|\n|t:|1771200365\n|switch|p2a: Clodsire|Clodsire, F|94/100\n|-damage|p2a: Clodsire|88/100|[from] Stealth Rock\n|move|p1a: Gholdengo|Shadow Ball|p2a: Clodsire\n|-damage|p2a: Clodsire|67/100\n|\n|upkeep\n|turn|40\n|\n|t:|1771200370\n|switch|p1a: Landorus|Landorus-Therian, M|90/100\n|-ability|p1a: Landorus|Intimidate|boost\n|-unboost|p2a: Clodsire|atk|1\n|move|p2a: Clodsire|Earthquake|p1a: Landorus\n|-immune|p1a: Landorus\n|\n|upkeep\n|turn|41\n|\n|t:|1771200375\n|move|p1a: Landorus|Earth Power|p2a: Clodsire\n|-supereffective|p2a: Clodsire\n|-damage|p2a: Clodsire|31/100\n|move|p2a: Clodsire|Toxic|p1a: Landorus\n|-status|p1a: Landorus|tox\n|\n|-damage|p1a: Landorus|83/100 tox|[from] psn\n|upkeep\n|turn|42\n|\n|t:|1771200383\n|switch|p2a: Alomomola|Alomomola, M|100/100 par\n|-damage|p2a: Alomomola|88/100 par|[from] Stealth Rock\n|move|p1a: Landorus|Earth Power|p2a: Alomomola\n|-damage|p2a: Alomomola|49/100 par\n|\n|-damage|p1a: Landorus|71/100 tox|[from] psn\n|upkeep\n|turn|43\n|\n|t:|1771200386\n|move|p1a: Landorus|Earth Power|p2a: Alomomola\n|-damage|p2a: Alomomola|12/100 par\n|move|p2a: Alomomola|Wish|p2a: Alomomola\n|\n|-damage|p1a: Landorus|53/100 tox|[from] psn\n|upkeep\n|turn|44\n|\n|t:|1771200395\n|switch|p2a: Dondozo|Dondozo, F|100/100 slp\n|move|p1a: Landorus|Earth Power|p2a: Dondozo\n|-damage|p2a: Dondozo|71/100 slp\n|\n|-heal|p2a: Dondozo|100/100 slp|[from] move: Wish|[wisher] Alomomola\n|-damage|p1a: Landorus|29/100 tox|[from] psn\n|upkeep\n|turn|45\n|\n|t:|1771200403\n|move|p1a: Landorus|U-turn|p2a: Dondozo\n|-damage|p2a: Dondozo|91/100 slp\n|\n|t:|1771200408\n|switch|p1a: Rillaboom|Rillaboom, M|94/100 brn|[from] U-turn\n|-fieldstart|move: Grassy Terrain|[from] ability: Grassy Surge|[of] p1a: Rillaboom\n|cant|p2a: Dondozo|slp\n|move|p2a: Dondozo|Sleep Talk|p2a: Dondozo\n|move|p2a: Dondozo|Rest||[from] move: Sleep Talk|[still]\n|-fail|p2a: Dondozo\n|\n|-heal|p1a: Rillaboom|100/100 brn|[from] Grassy Terrain\n|-heal|p2a: Dondozo|97/100 slp|[from] Grassy Terrain\n|-damage|p1a: Rillaboom|94/100 brn|[from] brn\n|upkeep\n|turn|46\n|\n|t:|1771200415\n|switch|p2a: Toxapex|Toxapex, F|100/100\n|move|p1a: Rillaboom|Knock Off|p2a: Toxapex\n|-damage|p2a: Toxapex|90/100\n|-enditem|p2a: Toxapex|Heavy-Duty Boots|[from] move: Knock Off|[of] p1a: Rillaboom\n|\n|-heal|p1a: Rillaboom|100/100 brn|[from] Grassy Terrain\n|-heal|p2a: Toxapex|96/100|[from] Grassy Terrain\n|-damage|p1a: Rillaboom|94/100 brn|[from] brn\n|upkeep\n|turn|47\n|\n|t:|1771200418\n|move|p1a: Rillaboom|U-turn|p2a: Toxapex\n|-resisted|p2a: Toxapex\n|-damage|p2a: Toxapex|93/100\n|\n|t:|1771200420\n|switch|p1a: Gholdengo|Gholdengo|100/100|[from] U-turn\n|move|p2a: Toxapex|Infestation|p1a: Gholdengo\n|-resisted|p1a: Gholdengo\n|-damage|p1a: Gholdengo|99/100\n|-activate|p1a: Gholdengo|move: Infestation|[of] p2a: Toxapex\n|\n|-heal|p1a: Gholdengo|100/100|[from] Grassy Terrain\n|-heal|p2a: Toxapex|99/100|[from] Grassy Terrain\n|-damage|p1a: Gholdengo|88/100|[from] move: Infestation|[partiallytrapped]\n|upkeep\n|turn|48\n|\n|t:|1771200430\n|switch|p1a: Rillaboom|Rillaboom, M|94/100 brn\n|move|p2a: Toxapex|Haze|p2a: Toxapex\n|-clearallboost\n|\n|-heal|p1a: Rillaboom|100/100 brn|[from] Grassy Terrain\n|-heal|p2a: Toxapex|100/100|[from] Grassy Terrain\n|-damage|p1a: Rillaboom|94/100 brn|[from] brn\n|upkeep\n|turn|49\n|\n|t:|1771200434\n|move|p1a: Rillaboom|U-turn|p2a: Toxapex\n|-resisted|p2a: Toxapex\n|-damage|p2a: Toxapex|97/100\n|\n|t:|1771200435\n|switch|p1a: Gholdengo|Gholdengo|88/100|[from] U-turn\n|move|p2a: Toxapex|Infestation|p1a: Gholdengo\n|-resisted|p1a: Gholdengo\n|-damage|p1a: Gholdengo|88/100\n|-activate|p1a: Gholdengo|move: Infestation|[of] p2a: Toxapex\n|\n|-heal|p1a: Gholdengo|94/100|[from] Grassy Terrain\n|-heal|p2a: Toxapex|100/100|[from] Grassy Terrain\n|-damage|p1a: Gholdengo|81/100|[from] move: Infestation|[partiallytrapped]\n|-fieldend|move: Grassy Terrain\n|upkeep\n|turn|50\n|\n|t:|1771200445\n|switch|p1a: Rillaboom|Rillaboom, M|94/100 brn\n|-fieldstart|move: Grassy Terrain|[from] ability: Grassy Surge|[of] p1a: Rillaboom\n|move|p2a: Toxapex|Haze|p2a: Toxapex\n|-clearallboost\n|\n|-heal|p1a: Rillaboom|100/100 brn|[from] Grassy Terrain\n|-damage|p1a: Rillaboom|94/100 brn|[from] brn\n|upkeep\n|turn|51\n|\n|t:|1771200448\n|switch|p2a: Alomomola|Alomomola, M|45/100 par\n|-damage|p2a: Alomomola|33/100 par|[from] Stealth Rock\n|move|p1a: Rillaboom|U-turn|p2a: Alomomola\n|-damage|p2a: Alomomola|26/100 par\n|\n|t:|1771200451\n|switch|p1a: Gholdengo|Gholdengo|81/100|[from] U-turn\n|\n|-heal|p1a: Gholdengo|87/100|[from] Grassy Terrain\n|-heal|p2a: Alomomola|33/100 par|[from] Grassy Terrain\n|upkeep\n|turn|52\n|\n|t:|1771200459\n|switch|p2a: Toxapex|Toxapex, F|100/100\n|-damage|p2a: Toxapex|88/100|[from] Stealth Rock\n|move|p1a: Gholdengo|Nasty Plot|p1a: Gholdengo\n|-boost|p1a: Gholdengo|spa|2\n|\n|-heal|p1a: Gholdengo|93/100|[from] Grassy Terrain\n|-heal|p2a: Toxapex|94/100|[from] Grassy Terrain\n|upkeep\n|turn|53\n|\n|t:|1771200462\n|move|p1a: Gholdengo|Shadow Ball|p2a: Toxapex\n|-damage|p2a: Toxapex|34/100\n|move|p2a: Toxapex|Haze|p2a: Toxapex\n|-clearallboost\n|\n|-heal|p1a: Gholdengo|99/100|[from] Grassy Terrain\n|-heal|p2a: Toxapex|40/100|[from] Grassy Terrain\n|upkeep\n|turn|54\n|\n|t:|1771200470\n|move|p1a: Gholdengo|Shadow Ball|p2a: Toxapex\n|-damage|p2a: Toxapex|6/100\n|-unboost|p2a: Toxapex|spd|1\n|move|p2a: Toxapex|Recover|p2a: Toxapex\n|-heal|p2a: Toxapex|56/100\n|\n|-heal|p1a: Gholdengo|100/100|[from] Grassy Terrain\n|-heal|p2a: Toxapex|63/100|[from] Grassy Terrain\n|-fieldend|move: Grassy Terrain\n|upkeep\n|turn|55\n|\n|t:|1771200478\n|switch|p2a: Dondozo|Dondozo, F|97/100 slp\n|move|p1a: Gholdengo|Nasty Plot|p1a: Gholdengo\n|-boost|p1a: Gholdengo|spa|2\n|\n|upkeep\n|turn|56\n|\n|t:|1771200482\n|move|p1a: Gholdengo|Shadow Ball|p2a: Dondozo\n|-damage|p2a: Dondozo|61/100 slp\n|cant|p2a: Dondozo|slp\n|move|p2a: Dondozo|Sleep Talk|p2a: Dondozo\n|move|p2a: Dondozo|Rest||[from] move: Sleep Talk|[still]\n|-fail|p2a: Dondozo\n|\n|upkeep\n|turn|57\n|\n|t:|1771200488\n|move|p1a: Gholdengo|Dazzling Gleam|p2a: Dondozo\n|-damage|p2a: Dondozo|35/100 slp\n|-curestatus|p2a: Dondozo|slp|[msg]\n|move|p2a: Dondozo|Rest|p2a: Dondozo\n|-status|p2a: Dondozo|slp|[from] move: Rest\n|-heal|p2a: Dondozo|100/100 slp|[silent]\n|\n|upkeep\n|turn|58\n|\n|t:|1771200495\n|move|p1a: Gholdengo|Shadow Ball|p2a: Dondozo\n|-damage|p2a: Dondozo|60/100 slp\n|cant|p2a: Dondozo|slp\n|move|p2a: Dondozo|Sleep Talk|p2a: Dondozo\n|move|p2a: Dondozo|Rest||[from] move: Sleep Talk|[still]\n|-fail|p2a: Dondozo\n|\n|upkeep\n|turn|59\n|\n|t:|1771200504\n|move|p1a: Gholdengo|Shadow Ball|p2a: Dondozo\n|-damage|p2a: Dondozo|20/100 slp\n|cant|p2a: Dondozo|slp\n|move|p2a: Dondozo|Sleep Talk|p2a: Dondozo\n|move|p2a: Dondozo|Body Press|p1a: Gholdengo|[from] move: Sleep Talk\n|-immune|p1a: Gholdengo\n|\n|upkeep\n|turn|60\n|\n|t:|1771200508\n|move|p1a: Gholdengo|Shadow Ball|p2a: Dondozo\n|-damage|p2a: Dondozo|0 fnt\n|faint|p2a: Dondozo\n|\n|upkeep\n|\n|t:|1771200509\n|switch|p2a: Clodsire|Clodsire, F|31/100\n|-damage|p2a: Clodsire|25/100|[from] Stealth Rock\n|turn|61\n|\n|t:|1771200512\n|move|p1a: Gholdengo|Shadow Ball|p2a: Clodsire\n|-damage|p2a: Clodsire|4/100\n|move|p2a: Clodsire|Recover|p2a: Clodsire\n|-heal|p2a: Clodsire|54/100\n|\n|upkeep\n|turn|62\n|-message|STALLWILLCONQUER forfeited.\n|\n|win|Dutchum\n|raw|Dutchum's rating: 1837 &rarr; <strong>1850</strong><br />(+13 for winning)\n|raw|STALLWILLCONQUER's rating: 1704 &rarr; <strong>1691</strong><br />(-13 for losing)\n|l|☆STALLWILLCONQUER\n|player|p2|\n|l| Nikator98\n|l| dtybb\n", "uploadtime": 1771200667, "views": 11, "formatid": "gen9ou", "rating": 1691, "private": 0, "password": null}