{"id": "gen9ou-2540571015", "format": "[Gen 9] OU", "players": ["Xwipe le nul", "WeRrsome"], "log": "|j|☆Xwipe le nul\n|j|☆WeRrsome\n|t:|1771219803\n|gametype|singles\n|player|p1|Xwipe le nul|plasmagrunt|1539\n|player|p2|WeRrsome|1|1572\n|gen|9\n|tier|[Gen 9] OU\n|rated|\n|rule|HP Percentage Mod: HP is shown in percentages\n|rule|Endless Battle Clause: Forcing endless battles is banned\n|rule|Species Clause: Limit one of each Pokémon\n|rule|OHKO Clause: OHKO moves are banned\n|rule|Evasion Items Clause: Evasion items are banned\n|rule|Evasion Moves Clause: Evasion moves are banned\n|rule|Evasion Abilities Clause: Evasion abilities are banned\n|rule|Sleep Moves Clause: Sleep-inducing moves are banned\n|clearpoke\n|poke|p1|Dragonite, F|\n|poke|p1|Jirachi|\n|poke|p1|Corviknight, F|\n|poke|p1|Garchomp, M|\n|poke|p1|Kingambit, M|\n|poke|p1|Iron Valiant|\n|poke|p2|Araquanid, M|\n|poke|p2|Iron Treads|\n|poke|p2|Landorus-Therian, M|\n|poke|p2|Dragonite, F|\n|poke|p2|Ogerpon, F|\n|poke|p2|Zoroark-Hisui, M|\n|teampreview\n|inactive|Battle timer is ON: inactive players will automatically lose when time's up. (requested by WeRrsome)\n|\n|t:|1771219814\n|teamsize|p1|6\n|teamsize|p2|6\n|start\n|switch|p1a: Dragonite|Dragonite, F|100/100\n|switch|p2a: Landorus|Landorus-Therian, M|100/100\n|-ability|p2a: Landorus|Intimidate|boost\n|-unboost|p1a: Dragonite|atk|1\n|turn|1\n|\n|t:|1771219819\n|switch|p1a: Corviknight|Corviknight, F|100/100\n|-ability|p1a: Corviknight|Pressure\n|move|p2a: Landorus|Rock Slide|p1a: Corviknight\n|-damage|p1a: Corviknight|77/100\n|\n|-heal|p1a: Corviknight|84/100|[from] item: Leftovers\n|upkeep\n|turn|2\n|\n|t:|1771219826\n|switch|p2a: Dragonite|Dragonite, F|100/100\n|move|p1a: Corviknight|U-turn|p2a: Dragonite\n|-resisted|p2a: Dragonite\n|-damage|p2a: Dragonite|98/100\n|-damage|p1a: Corviknight|67/100|[from] item: Rocky Helmet|[of] p2a: Dragonite\n|\n|t:|1771219830\n|switch|p1a: do not spin|Garchomp, M|100/100|[from] U-turn\n|\n|upkeep\n|turn|3\n|\n|t:|1771219834\n|move|p1a: do not spin|Scale Shot|p2a: Dragonite\n|-supereffective|p2a: Dragonite\n|-damage|p2a: Dragonite|80/100\n|-supereffective|p2a: Dragonite\n|-damage|p2a: Dragonite|60/100\n|-supereffective|p2a: Dragonite\n|-damage|p2a: Dragonite|43/100\n|-supereffective|p2a: Dragonite\n|-damage|p2a: Dragonite|24/100\n|-hitcount|p2a: Dragonite|4\n|-unboost|p1a: do not spin|def|1\n|-boost|p1a: do not spin|spe|1\n|move|p2a: Dragonite|Ice Beam|p1a: do not spin\n|-supereffective|p1a: do not spin\n|-damage|p1a: do not spin|12/100\n|\n|upkeep\n|turn|4\n|\n|t:|1771219844\n|switch|p1a: Jirachi|Jirachi|100/100\n|move|p2a: Dragonite|Ice Beam|p1a: Jirachi\n|-resisted|p1a: Jirachi\n|-damage|p1a: Jirachi|95/100\n|\n|-heal|p1a: Jirachi|100/100|[from] item: Leftovers\n|upkeep\n|turn|5\n|\n|t:|1771219851\n|move|p2a: Dragonite|Roost|p2a: Dragonite\n|-heal|p2a: Dragonite|74/100\n|-singleturn|p2a: Dragonite|move: Roost\n|move|p1a: Jirachi|Wish|p1a: Jirachi\n|\n|upkeep\n|turn|6\n|\n|t:|1771219861\n|move|p1a: Jirachi|U-turn|p2a: Dragonite\n|-resisted|p2a: Dragonite\n|-damage|p2a: Dragonite|69/100\n|-damage|p1a: Jirachi|84/100|[from] item: Rocky Helmet|[of] p2a: Dragonite\n|\n|t:|1771219866\n|switch|p1a: Corviknight|Corviknight, F|67/100|[from] U-turn\n|-ability|p1a: Corviknight|Pressure\n|move|p2a: Dragonite|Roar|p1a: Corviknight\n|drag|p1a: do not spin|Garchomp, M|12/100\n|\n|-heal|p1a: do not spin|69/100|[from] move: Wish|[wisher] Jirachi\n|upkeep\n|turn|7\n|\n|t:|1771219877\n|-terastallize|p2a: Dragonite|Steel\n|move|p1a: do not spin|Scale Shot|p2a: Dragonite\n|-resisted|p2a: Dragonite\n|-damage|p2a: Dragonite|64/100\n|-resisted|p2a: Dragonite\n|-damage|p2a: Dragonite|60/100\n|-resisted|p2a: Dragonite\n|-damage|p2a: Dragonite|56/100\n|-resisted|p2a: Dragonite\n|-damage|p2a: Dragonite|51/100\n|-hitcount|p2a: Dragonite|4\n|-unboost|p1a: do not spin|def|1\n|-boost|p1a: do not spin|spe|1\n|move|p2a: Dragonite|Ice Beam|p1a: do not spin\n|-supereffective|p1a: do not spin\n|-damage|p1a: do not spin|0 fnt\n|faint|p1a: do not spin\n|\n|upkeep\n|\n|t:|1771219889\n|switch|p1a: Dragonite|Dragonite, F|100/100\n|turn|8\n|\n|t:|1771219893\n|switch|p2a: Landorus|Landorus-Therian, M|100/100\n|-ability|p2a: Landorus|Intimidate|boost\n|-unboost|p1a: Dragonite|atk|1\n|move|p1a: Dragonite|Fire Punch|p2a: Landorus\n|-damage|p2a: Landorus|66/100\n|-status|p2a: Landorus|brn\n|\n|-damage|p2a: Landorus|60/100 brn|[from] brn\n|upkeep\n|turn|9\n|\n|t:|1771219899\n|switch|p1a: Corviknight|Corviknight, F|67/100\n|-ability|p1a: Corviknight|Pressure\n|move|p2a: Landorus|Stealth Rock|p1a: Corviknight\n|-sidestart|p1: Xwipe le nul|move: Stealth Rock\n|\n|-heal|p1a: Corviknight|73/100|[from] item: Leftovers\n|-damage|p2a: Landorus|54/100 brn|[from] brn\n|upkeep\n|turn|10\n|\n|t:|1771219904\n|switch|p2a: Dragonite|Dragonite, F, tera:Steel|51/100\n|move|p1a: Corviknight|Defog|p2a: Dragonite\n|-unboost|p2a: Dragonite|evasion|1\n|-sideend|p1: Xwipe le nul|Stealth Rock|[from] move: Defog|[of] p1a: Corviknight\n|\n|-heal|p1a: Corviknight|80/100|[from] item: Leftovers\n|upkeep\n|turn|11\n|\n|t:|1771219908\n|move|p2a: Dragonite|Thunder Wave|p1a: Corviknight\n|-status|p1a: Corviknight|par\n|cant|p1a: Corviknight|par\n|\n|-heal|p1a: Corviknight|86/100 par|[from] item: Leftovers\n|upkeep\n|turn|12\n|\n|t:|1771219913\n|move|p2a: Dragonite|Roost|p2a: Dragonite\n|-heal|p2a: Dragonite|100/100\n|move|p1a: Corviknight|U-turn|p2a: Dragonite\n|-resisted|p2a: Dragonite\n|-damage|p2a: Dragonite|98/100\n|-damage|p1a: Corviknight|69/100 par|[from] item: Rocky Helmet|[of] p2a: Dragonite\n|\n|t:|1771219915\n|switch|p1a: Dragonite|Dragonite, F|100/100|[from] U-turn\n|\n|upkeep\n|turn|13\n|\n|t:|1771219922\n|move|p1a: Dragonite|Earthquake|p2a: Dragonite\n|-supereffective|p2a: Dragonite\n|-damage|p2a: Dragonite|19/100\n|move|p2a: Dragonite|Thunder Wave|p1a: Dragonite\n|-status|p1a: Dragonite|par\n|\n|upkeep\n|turn|14\n|\n|t:|1771219928\n|move|p2a: Dragonite|Roost|p2a: Dragonite\n|-heal|p2a: Dragonite|69/100\n|move|p1a: Dragonite|Earthquake|p2a: Dragonite\n|-supereffective|p2a: Dragonite\n|-damage|p2a: Dragonite|0 fnt\n|faint|p2a: Dragonite\n|\n|upkeep\n|c|☆Xwipe le nul|wtf\n|\n|t:|1771219945\n|switch|p2a: Ogerpon|Ogerpon, F|100/100\n|turn|15\n|\n|t:|1771219952\n|switch|p1a: Iron Valiant|Iron Valiant|100/100\n|-enditem|p1a: Iron Valiant|Booster Energy\n|-activate|p1a: Iron Valiant|ability: Quark Drive|[fromitem]\n|-start|p1a: Iron Valiant|quarkdrivespe\n|move|p2a: Ogerpon|U-turn|p1a: Iron Valiant\n|-resisted|p1a: Iron Valiant\n|-damage|p1a: Iron Valiant|90/100\n|\n|t:|1771219956\n|switch|p2a: Iron Treads|Iron Treads|100/100|[from] U-turn\n|\n|upkeep\n|turn|16\n|\n|t:|1771219963\n|move|p1a: Iron Valiant|Close Combat|p2a: Iron Treads\n|-supereffective|p2a: Iron Treads\n|-damage|p2a: Iron Treads|28/100\n|-unboost|p1a: Iron Valiant|def|1\n|-unboost|p1a: Iron Valiant|spd|1\n|move|p2a: Iron Treads|Iron Head|p1a: Iron Valiant\n|-supereffective|p1a: Iron Valiant\n|-damage|p1a: Iron Valiant|0 fnt\n|faint|p1a: Iron Valiant\n|-end|p1a: Iron Valiant|Quark Drive|[silent]\n|\n|upkeep\n|\n|t:|1771219968\n|switch|p1a: Kingambit|Kingambit, M|100/100\n|-activate|p1a: Kingambit|ability: Supreme Overlord\n|-start|p1a: Kingambit|fallen2|[silent]\n|turn|17\n|\n|t:|1771219976\n|-terastallize|p1a: Kingambit|Dark\n|move|p1a: Kingambit|Sucker Punch|p2a: Iron Treads\n|-damage|p2a: Iron Treads|0 fnt\n|faint|p2a: Iron Treads\n|-end|p2a: Iron Treads|Quark Drive|[silent]\n|\n|upkeep\n|\n|t:|1771219994\n|switch|p2a: Landorus|Landorus-Therian, M|54/100 brn\n|-ability|p2a: Landorus|Intimidate|boost\n|-unboost|p1a: Kingambit|atk|1\n|turn|18\n|\n|t:|1771219998\n|-end|p1a: Kingambit|fallen2|[silent]\n|switch|p1a: Corviknight|Corviknight, F|69/100 par\n|-ability|p1a: Corviknight|Pressure\n|move|p2a: Landorus|U-turn|p1a: Corviknight\n|-resisted|p1a: Corviknight\n|-damage|p1a: Corviknight|67/100 par\n|\n|t:|1771220001\n|switch|p2a: Araquanid|Araquanid, M|100/100|[from] U-turn\n|\n|-heal|p1a: Corviknight|73/100 par|[from] item: Leftovers\n|upkeep\n|turn|19\n|\n|t:|1771220005\n|move|p2a: Araquanid|Shadow Ball|p1a: Corviknight\n|-damage|p1a: Corviknight|29/100 par\n|move|p1a: Corviknight|Brave Bird|p2a: Araquanid\n|-damage|p2a: Araquanid|30/100\n|replace|p2a: Zoroark|Zoroark-Hisui, M\n|-end|p2a: Zoroark|Illusion\n|-damage|p1a: Corviknight|14/100 par|[from] Recoil\n|\n|-heal|p1a: Corviknight|21/100 par|[from] item: Leftovers\n|upkeep\n|turn|20\n|\n|t:|1771220010\n|switch|p1a: Kingambit|Kingambit, M, tera:Dark|100/100\n|-activate|p1a: Kingambit|ability: Supreme Overlord\n|-start|p1a: Kingambit|fallen2|[silent]\n|move|p2a: Zoroark|Shadow Ball|p1a: Kingambit\n|-resisted|p1a: Kingambit\n|-damage|p1a: Kingambit|79/100\n|-unboost|p1a: Kingambit|spd|1\n|\n|upkeep\n|turn|21\n|\n|t:|1771220014\n|switch|p2a: Landorus|Landorus-Therian, M|54/100 brn\n|-ability|p2a: Landorus|Intimidate|boost\n|-unboost|p1a: Kingambit|atk|1\n|move|p1a: Kingambit|Sucker Punch||[still]\n|-fail|p1a: Kingambit\n|\n|-damage|p2a: Landorus|48/100 brn|[from] brn\n|upkeep\n|turn|22\n|\n|t:|1771220016\n|-end|p1a: Kingambit|fallen2|[silent]\n|switch|p1a: Corviknight|Corviknight, F|21/100 par\n|-ability|p1a: Corviknight|Pressure\n|move|p2a: Landorus|U-turn|p1a: Corviknight\n|-resisted|p1a: Corviknight\n|-damage|p1a: Corviknight|18/100 par\n|\n|t:|1771220019\n|switch|p2a: Araquanid|Araquanid, M|30/100|[from] U-turn\n|\n|-heal|p1a: Corviknight|24/100 par|[from] item: Leftovers\n|upkeep\n|turn|23\n|\n|t:|1771220024\n|switch|p1a: Dragonite|Dragonite, F|100/100 par\n|move|p2a: Araquanid|Shadow Ball|p1a: Dragonite\n|-damage|p1a: Dragonite|66/100 par\n|\n|upkeep\n|turn|24\n|\n|t:|1771220030\n|switch|p1a: Kingambit|Kingambit, M, tera:Dark|79/100\n|-activate|p1a: Kingambit|ability: Supreme Overlord\n|-start|p1a: Kingambit|fallen2|[silent]\n|move|p2a: Araquanid|Shadow Ball|p1a: Kingambit\n|-resisted|p1a: Kingambit\n|-damage|p1a: Kingambit|55/100\n|\n|upkeep\n|turn|25\n|\n|t:|1771220035\n|switch|p2a: Landorus|Landorus-Therian, M|48/100 brn\n|-ability|p2a: Landorus|Intimidate|boost\n|-unboost|p1a: Kingambit|atk|1\n|move|p1a: Kingambit|Kowtow Cleave|p2a: Landorus\n|-damage|p2a: Landorus|0 fnt\n|faint|p2a: Landorus\n|\n|upkeep\n|\n|t:|1771220038\n|switch|p2a: Ogerpon|Ogerpon, F|100/100\n|turn|26\n|\n|t:|1771220042\n|-end|p1a: Kingambit|fallen2|[silent]\n|switch|p1a: Jirachi|Jirachi|84/100\n|move|p2a: Ogerpon|U-turn|p1a: Jirachi\n|-damage|p1a: Jirachi|53/100\n|\n|t:|1771220045\n|switch|p2a: Araquanid|Araquanid, M|30/100|[from] U-turn\n|\n|-heal|p1a: Jirachi|59/100|[from] item: Leftovers\n|upkeep\n|turn|27\n|\n|t:|1771220049\n|switch|p1a: Corviknight|Corviknight, F|24/100 par\n|-ability|p1a: Corviknight|Pressure\n|move|p2a: Araquanid|Focus Blast|p1a: Corviknight\n|-damage|p1a: Corviknight|0 fnt\n|faint|p1a: Corviknight\n|\n|upkeep\n|\n|t:|1771220054\n|switch|p1a: Kingambit|Kingambit, M, tera:Dark|55/100\n|-activate|p1a: Kingambit|ability: Supreme Overlord\n|-start|p1a: Kingambit|fallen3|[silent]\n|turn|28\n|\n|t:|1771220063\n|switch|p2a: Araquanid|Araquanid, M|100/100\n|move|p1a: Kingambit|Kowtow Cleave|p2a: Araquanid\n|-damage|p2a: Araquanid|8/100\n|\n|upkeep\n|turn|29\n|\n|t:|1771220067\n|move|p1a: Kingambit|Kowtow Cleave|p2a: Araquanid\n|-damage|p2a: Araquanid|0 fnt\n|faint|p2a: Araquanid\n|\n|upkeep\n|\n|t:|1771220069\n|switch|p2a: Ogerpon|Ogerpon, F|100/100\n|turn|30\n|\n|t:|1771220074\n|-end|p1a: Kingambit|fallen3|[silent]\n|switch|p1a: Jirachi|Jirachi|59/100\n|move|p2a: Ogerpon|U-turn|p1a: Jirachi\n|-damage|p1a: Jirachi|31/100\n|\n|t:|1771220081\n|switch|p2a: Ogerpon|Ogerpon, F|30/100|[from] U-turn\n|\n|-heal|p1a: Jirachi|38/100|[from] item: Leftovers\n|upkeep\n|turn|31\n|\n|t:|1771220087\n|switch|p1a: Dragonite|Dragonite, F|66/100 par\n|move|p2a: Ogerpon|Focus Blast|p1a: Dragonite\n|-resisted|p1a: Dragonite\n|-damage|p1a: Dragonite|33/100 par\n|\n|upkeep\n|turn|32\n|\n|t:|1771220090\n|move|p1a: Dragonite|Extreme Speed|p2a: Ogerpon\n|-immune|p2a: Ogerpon\n|move|p2a: Ogerpon|Focus Blast|p1a: Dragonite\n|-resisted|p1a: Dragonite\n|-damage|p1a: Dragonite|0 fnt\n|faint|p1a: Dragonite\n|\n|upkeep\n|\n|t:|1771220095\n|switch|p1a: Kingambit|Kingambit, M, tera:Dark|55/100\n|-activate|p1a: Kingambit|ability: Supreme Overlord\n|-start|p1a: Kingambit|fallen4|[silent]\n|turn|33\n|inactive|WeRrsome has 120 seconds left.\n|\n|t:|1771220128\n|switch|p2a: Ogerpon|Ogerpon, F|100/100\n|move|p1a: Kingambit|Sucker Punch||[still]\n|-fail|p1a: Kingambit\n|\n|upkeep\n|turn|34\n|inactive|WeRrsome has 120 seconds left.\n|\n|t:|1771220138\n|move|p1a: Kingambit|Sucker Punch|p2a: Ogerpon\n|-crit|p2a: Ogerpon\n|-damage|p2a: Ogerpon|0 fnt\n|faint|p2a: Ogerpon\n|\n|upkeep\n|\n|t:|1771220143\n|switch|p2a: Zoroark|Zoroark-Hisui, M|30/100\n|turn|35\n|\n|t:|1771220150\n|-end|p1a: Kingambit|fallen4|[silent]\n|switch|p1a: Jirachi|Jirachi|38/100\n|move|p2a: Zoroark|Trick|p1a: Jirachi\n|-activate|p2a: Zoroark|move: Trick|[of] p1a: Jirachi\n|-item|p1a: Jirachi|Choice Specs|[from] move: Trick\n|-item|p2a: Zoroark|Leftovers|[from] move: Trick\n|\n|-heal|p2a: Zoroark|36/100|[from] item: Leftovers\n|upkeep\n|turn|36\n|\n|t:|1771220156\n|move|p2a: Zoroark|Shadow Ball|p1a: Jirachi\n|-supereffective|p1a: Jirachi\n|-damage|p1a: Jirachi|0 fnt\n|faint|p1a: Jirachi\n|\n|-heal|p2a: Zoroark|42/100|[from] item: Leftovers\n|upkeep\n|\n|t:|1771220157\n|switch|p1a: Kingambit|Kingambit, M, tera:Dark|55/100\n|-activate|p1a: Kingambit|ability: Supreme Overlord\n|-start|p1a: Kingambit|fallen5|[silent]\n|turn|37\n|\n|t:|1771220160\n|move|p1a: Kingambit|Sucker Punch||[still]\n|-fail|p1a: Kingambit\n|move|p2a: Zoroark|Trick|p1a: Kingambit\n|-activate|p2a: Zoroark|move: Trick|[of] p1a: Kingambit\n|-item|p1a: Kingambit|Leftovers|[from] move: Trick\n|-item|p2a: Zoroark|Assault Vest|[from] move: Trick\n|\n|-heal|p1a: Kingambit|61/100|[from] item: Leftovers\n|upkeep\n|turn|38\n|\n|t:|1771220166\n|move|p1a: Kingambit|Sucker Punch|p2a: Zoroark\n|-supereffective|p2a: Zoroark\n|-damage|p2a: Zoroark|0 fnt\n|faint|p2a: Zoroark\n|\n|win|Xwipe le nul\n|raw|Xwipe le nul's rating: 1539 &rarr; <strong>1561</strong><br />(+22 for winning)\n|raw|WeRrsome's rating: 1572 &rarr; <strong>1550</strong><br />(-22 for losing)\n|l|☆WeRrsome\n|player|p2|\n|l|☆Xwipe le nul\n|player|p1|\n", "uploadtime": 1771220347, "views": 4, "formatid": "gen9ou", "rating": 1550, "private": 0, "password": null}