{"id": "gen9ou-2540748101", "format": "[Gen 9] OU", "players": ["Chigusa_24zono", "NeveringStar"], "log": "|j|☆Chigusa_24zono\n|j|☆NeveringStar\n|t:|1771249312\n|gametype|singles\n|player|p1|Chigusa_24zono|lass|1573\n|player|p2|NeveringStar|cheren-masters|1563\n|gen|9\n|tier|[Gen 9] OU\n|rated|\n|rule|HP Percentage Mod: HP is shown in percentages\n|rule|Endless Battle Clause: Forcing endless battles is banned\n|rule|Species Clause: Limit one of each Pokémon\n|rule|OHKO Clause: OHKO moves are banned\n|rule|Evasion Items Clause: Evasion items are banned\n|rule|Evasion Moves Clause: Evasion moves are banned\n|rule|Evasion Abilities Clause: Evasion abilities are banned\n|rule|Sleep Moves Clause: Sleep-inducing moves are banned\n|clearpoke\n|poke|p1|Iron Jugulis|\n|poke|p1|Sandy Shocks|\n|poke|p1|Manaphy|\n|poke|p1|Latios, M|\n|poke|p1|Scizor, F|\n|poke|p1|Ogerpon, F|\n|poke|p2|Pelipper, F|\n|poke|p2|Raging Bolt|\n|poke|p2|Overqwil, M|\n|poke|p2|Barraskewda, F|\n|poke|p2|Iron Treads|\n|poke|p2|Kingambit, M|\n|teampreview\n|inactive|Battle timer is ON: inactive players will automatically lose when time's up. (requested by Chigusa_24zono)\n|inactive|NeveringStar also wants the timer to be on.\n|\n|t:|1771249321\n|teamsize|p1|6\n|teamsize|p2|6\n|start\n|switch|p1a: Sandy Shocks|Sandy Shocks, shiny|100/100\n|switch|p2a: Pelipper|Pelipper, F|100/100\n|-weather|RainDance|[from] ability: Drizzle|[of] p2a: Pelipper\n|-enditem|p1a: Sandy Shocks|Booster Energy\n|-activate|p1a: Sandy Shocks|ability: Protosynthesis|[fromitem]\n|-start|p1a: Sandy Shocks|protosynthesisspe\n|turn|1\n|\n|t:|1771249325\n|switch|p2a: Iron Treads|Iron Treads|100/100\n|-enditem|p2a: Iron Treads|Booster Energy\n|-activate|p2a: Iron Treads|ability: Quark Drive|[fromitem]\n|-start|p2a: Iron Treads|quarkdrivespe\n|move|p1a: Sandy Shocks|Stealth Rock|p2a: Iron Treads\n|-sidestart|p2: NeveringStar|move: Stealth Rock\n|\n|-weather|RainDance|[upkeep]\n|upkeep\n|turn|2\n|\n|t:|1771249336\n|-terastallize|p1a: Sandy Shocks|Ghost\n|move|p1a: Sandy Shocks|Earth Power|p2a: Iron Treads\n|-supereffective|p2a: Iron Treads\n|-damage|p2a: Iron Treads|0 fnt\n|faint|p2a: Iron Treads\n|-end|p2a: Iron Treads|Quark Drive|[silent]\n|\n|-weather|RainDance|[upkeep]\n|upkeep\n|\n|t:|1771249357\n|switch|p2a: Overqwil|Overqwil, M|100/100\n|-damage|p2a: Overqwil|88/100|[from] Stealth Rock\n|turn|3\n|\n|t:|1771249361\n|move|p2a: Overqwil|Crunch|p1a: Sandy Shocks\n|-supereffective|p1a: Sandy Shocks\n|-damage|p1a: Sandy Shocks|0 fnt\n|faint|p1a: Sandy Shocks\n|-end|p1a: Sandy Shocks|Protosynthesis|[silent]\n|-damage|p2a: Overqwil|78/100|[from] item: Life Orb\n|\n|-weather|RainDance|[upkeep]\n|upkeep\n|\n|t:|1771249369\n|switch|p1a: Manaphy|Manaphy, shiny|100/100\n|turn|4\n|\n|t:|1771249376\n|move|p2a: Overqwil|Gunk Shot|p1a: Manaphy\n|-damage|p1a: Manaphy|18/100\n|-enditem|p1a: Manaphy|Sitrus Berry|[eat]\n|-heal|p1a: Manaphy|43/100|[from] item: Sitrus Berry\n|-damage|p2a: Overqwil|69/100|[from] item: Life Orb\n|move|p1a: Manaphy|Ice Beam|p2a: Overqwil\n|-damage|p2a: Overqwil|26/100\n|\n|-weather|RainDance|[upkeep]\n|upkeep\n|turn|5\n|\n|t:|1771249386\n|switch|p1a: Scizor|Scizor, F, shiny|100/100\n|move|p2a: Overqwil|Crunch|p1a: Scizor\n|-damage|p1a: Scizor|45/100\n|-enditem|p1a: Scizor|Sitrus Berry|[eat]\n|-heal|p1a: Scizor|70/100|[from] item: Sitrus Berry\n|-damage|p2a: Overqwil|17/100|[from] item: Life Orb\n|\n|-weather|RainDance|[upkeep]\n|upkeep\n|turn|6\n|\n|t:|1771249400\n|switch|p2a: Raging Bolt|Raging Bolt|100/100\n|-damage|p2a: Raging Bolt|88/100|[from] Stealth Rock\n|-enditem|p2a: Raging Bolt|Booster Energy\n|-activate|p2a: Raging Bolt|ability: Protosynthesis|[fromitem]\n|-start|p2a: Raging Bolt|protosynthesisspa\n|move|p1a: Scizor|Bullet Punch|p2a: Raging Bolt\n|-resisted|p2a: Raging Bolt\n|-crit|p2a: Raging Bolt\n|-damage|p2a: Raging Bolt|67/100\n|\n|-weather|RainDance|[upkeep]\n|upkeep\n|turn|7\n|\n|t:|1771249412\n|move|p2a: Raging Bolt|Thunder|p1a: Scizor\n|-crit|p1a: Scizor\n|-damage|p1a: Scizor|0 fnt\n|faint|p1a: Scizor\n|\n|-weather|RainDance|[upkeep]\n|upkeep\n|\n|t:|1771249419\n|switch|p1a: Manaphy|Manaphy, shiny|43/100\n|turn|8\n|\n|t:|1771249425\n|move|p2a: Raging Bolt|Thunderclap|p1a: Manaphy\n|-supereffective|p1a: Manaphy\n|-damage|p1a: Manaphy|0 fnt\n|faint|p1a: Manaphy\n|\n|-weather|none\n|upkeep\n|\n|t:|1771249427\n|switch|p1a: Ogerpon|Ogerpon, F|100/100\n|turn|9\n|\n|t:|1771249431\n|move|p1a: Ogerpon|Encore|p2a: Raging Bolt\n|-start|p2a: Raging Bolt|Encore\n|move|p2a: Raging Bolt|Thunderclap||[still]\n|-fail|p2a: Raging Bolt\n|\n|upkeep\n|turn|10\n|\n|t:|1771249433\n|-end|p2a: Raging Bolt|Protosynthesis|[silent]\n|switch|p2a: Pelipper|Pelipper, F|100/100\n|-damage|p2a: Pelipper|76/100|[from] Stealth Rock\n|-weather|RainDance|[from] ability: Drizzle|[of] p2a: Pelipper\n|move|p1a: Ogerpon|Swords Dance|p1a: Ogerpon\n|-boost|p1a: Ogerpon|atk|2\n|\n|-weather|RainDance|[upkeep]\n|upkeep\n|turn|11\n|\n|t:|1771249448\n|move|p1a: Ogerpon|Ivy Cudgel|p2a: Pelipper\n|-damage|p2a: Pelipper|0 fnt\n|faint|p2a: Pelipper\n|-damage|p1a: Ogerpon|91/100|[from] item: Life Orb\n|\n|-weather|RainDance|[upkeep]\n|upkeep\n|\n|t:|1771249453\n|switch|p2a: Overqwil|Overqwil, M|17/100\n|-damage|p2a: Overqwil|4/100|[from] Stealth Rock\n|turn|12\n|\n|t:|1771249465\n|switch|p1a: Iron Jugulis|Iron Jugulis, shiny|100/100\n|-enditem|p1a: Iron Jugulis|Booster Energy\n|-activate|p1a: Iron Jugulis|ability: Quark Drive|[fromitem]\n|-start|p1a: Iron Jugulis|quarkdrivespe\n|move|p2a: Overqwil|Crunch|p1a: Iron Jugulis\n|-resisted|p1a: Iron Jugulis\n|-damage|p1a: Iron Jugulis|67/100\n|-damage|p2a: Overqwil|0 fnt|[from] item: Life Orb\n|faint|p2a: Overqwil\n|\n|-weather|RainDance|[upkeep]\n|upkeep\n|\n|t:|1771249475\n|switch|p2a: Barraskewda|Barraskewda, F|100/100\n|-damage|p2a: Barraskewda|88/100|[from] Stealth Rock\n|turn|13\n|\n|t:|1771249487\n|move|p2a: Barraskewda|Flip Turn|p1a: Iron Jugulis\n|-damage|p1a: Iron Jugulis|0 fnt\n|faint|p1a: Iron Jugulis\n|-end|p1a: Iron Jugulis|Quark Drive|[silent]\n|\n|t:|1771249491\n|switch|p2a: Raging Bolt|Raging Bolt|67/100|[from] Flip Turn\n|-damage|p2a: Raging Bolt|55/100|[from] Stealth Rock\n|\n|-weather|RainDance|[upkeep]\n|upkeep\n|\n|t:|1771249496\n|switch|p1a: Latios|Latios, M, shiny|100/100\n|turn|14\n|\n|t:|1771249500\n|-terastallize|p2a: Raging Bolt|Fairy\n|move|p1a: Latios|Calm Mind|p1a: Latios\n|-boost|p1a: Latios|spa|1\n|-boost|p1a: Latios|spd|1\n|move|p2a: Raging Bolt|Draco Meteor|p1a: Latios\n|-supereffective|p1a: Latios\n|-damage|p1a: Latios|3/100\n|-unboost|p2a: Raging Bolt|spa|2\n|-enditem|p1a: Latios|Weakness Policy\n|-boost|p1a: Latios|atk|2|[from] item: Weakness Policy\n|-boost|p1a: Latios|spa|2|[from] item: Weakness Policy\n|\n|-weather|RainDance|[upkeep]\n|upkeep\n|turn|15\n|\n|t:|1771249508\n|move|p1a: Latios|Calm Mind|p1a: Latios\n|-boost|p1a: Latios|spa|1\n|-boost|p1a: Latios|spd|1\n|move|p2a: Raging Bolt|Draco Meteor|p1a: Latios\n|-supereffective|p1a: Latios\n|-damage|p1a: Latios|0 fnt\n|-unboost|p2a: Raging Bolt|spa|2\n|faint|p1a: Latios\n|\n|-weather|RainDance|[upkeep]\n|upkeep\n|\n|t:|1771249511\n|switch|p1a: Ogerpon|Ogerpon, F|91/100\n|turn|16\n|\n|t:|1771249518\n|-end|p2a: Raging Bolt|Protosynthesis|[silent]\n|switch|p2a: Kingambit|Kingambit, M|100/100\n|-damage|p2a: Kingambit|94/100|[from] Stealth Rock\n|-activate|p2a: Kingambit|ability: Supreme Overlord\n|-start|p2a: Kingambit|fallen3|[silent]\n|move|p1a: Ogerpon|Ivy Cudgel|p2a: Kingambit\n|-resisted|p2a: Kingambit\n|-damage|p2a: Kingambit|73/100\n|-damage|p1a: Ogerpon|81/100|[from] item: Life Orb\n|\n|-weather|RainDance|[upkeep]\n|-heal|p2a: Kingambit|79/100|[from] item: Leftovers\n|upkeep\n|turn|17\n|-message|Chigusa_24zono forfeited.\n|\n|win|NeveringStar\n|raw|Chigusa_24zono's rating: 1573 &rarr; <strong>1552</strong><br />(-21 for losing)\n|raw|NeveringStar's rating: 1563 &rarr; <strong>1584</strong><br />(+21 for winning)\n|l|☆Chigusa_24zono\n|player|p1|\n|l|☆NeveringStar\n|player|p2|\n", "uploadtime": 1771249692, "views": 13, "formatid": "gen9ou", "rating": 1552, "private": 0, "password": null}