{"id": "gen9ou-2639299769", "format": "[Gen 9] OU", "players": ["johtoboi_9", "devontranalt"], "log": "|j|☆johtoboi_9\n|j|☆devontranalt\n|t:|1782448558\n|gametype|singles\n|player|p1|johtoboi_9|swimmer-gen4|1246\n|player|p2|devontranalt|266|1262\n|gen|9\n|tier|[Gen 9] OU\n|rated|\n|rule|HP Percentage Mod: HP is shown in percentages\n|rule|Endless Battle Clause: Forcing endless battles is banned\n|rule|Species Clause: Limit one of each Pokémon\n|rule|OHKO Clause: OHKO moves are banned\n|rule|Evasion Items Clause: Evasion items are banned\n|rule|Evasion Moves Clause: Evasion moves are banned\n|rule|Evasion Abilities Clause: Evasion abilities are banned\n|rule|Sleep Moves Clause: Sleep-inducing moves are banned\n|clearpoke\n|poke|p1|Politoed, M|\n|poke|p1|Poliwhirl, F|\n|poke|p1|Poliwrath, F|\n|poke|p1|Zapdos|\n|poke|p1|Pelipper, F|\n|poke|p1|Kingdra, F|\n|poke|p2|Slowking-Galar, M|\n|poke|p2|Moltres|\n|poke|p2|Iron Treads|\n|poke|p2|Zamazenta-*|\n|poke|p2|Dragonite, M|\n|poke|p2|Ogerpon-Wellspring, F|\n|teampreview\n|inactive|Battle timer is ON: inactive players will automatically lose when time's up. (requested by johtoboi_9)\n|\n|t:|1782448589\n|teamsize|p1|6\n|teamsize|p2|6\n|start\n|switch|p1a: Politoed|Politoed, M, shiny|100/100\n|switch|p2a: Dragonite|Dragonite, M|100/100\n|-weather|RainDance|[from] ability: Drizzle|[of] p1a: Politoed\n|turn|1\n|c|☆johtoboi_9|𓆏 ribbit 𓆏\n|\n|t:|1782448603\n|-terastallize|p2a: Dragonite|Normal\n|move|p1a: Politoed|Ice Beam|p2a: Dragonite\n|-damage|p2a: Dragonite|91/100\n|move|p2a: Dragonite|Dragon Dance|p2a: Dragonite\n|-boost|p2a: Dragonite|atk|1\n|-boost|p2a: Dragonite|spe|1\n|\n|-weather|RainDance|[upkeep]\n|-heal|p2a: Dragonite|97/100|[from] item: Leftovers\n|upkeep\n|turn|2\n|\n|t:|1782448613\n|move|p2a: Dragonite|Dragon Dance|p2a: Dragonite\n|-boost|p2a: Dragonite|atk|1\n|-boost|p2a: Dragonite|spe|1\n|move|p1a: Politoed|Weather Ball|p2a: Dragonite\n|-damage|p2a: Dragonite|53/100\n|\n|-weather|RainDance|[upkeep]\n|-heal|p2a: Dragonite|59/100|[from] item: Leftovers\n|upkeep\n|turn|3\n|c|☆johtoboi_9|𓆏 ribbit 𓆏\n|\n|t:|1782448623\n|move|p2a: Dragonite|Roost|p2a: Dragonite\n|-heal|p2a: Dragonite|100/100\n|move|p1a: Politoed|Weather Ball|p2a: Dragonite\n|-damage|p2a: Dragonite|75/100\n|\n|-weather|RainDance|[upkeep]\n|-heal|p2a: Dragonite|81/100|[from] item: Leftovers\n|upkeep\n|turn|4\n|\n|t:|1782448631\n|move|p2a: Dragonite|Dragon Dance|p2a: Dragonite\n|-boost|p2a: Dragonite|atk|1\n|-boost|p2a: Dragonite|spe|1\n|move|p1a: Politoed|Mud-Slap|p2a: Dragonite\n|-damage|p2a: Dragonite|76/100\n|-unboost|p2a: Dragonite|accuracy|1\n|\n|-weather|RainDance|[upkeep]\n|-heal|p2a: Dragonite|82/100|[from] item: Leftovers\n|upkeep\n|turn|5\n|\n|t:|1782448648\n|move|p2a: Dragonite|Extreme Speed|p1a: Politoed\n|-crit|p1a: Politoed\n|-damage|p1a: Politoed|0 fnt\n|faint|p1a: Politoed\n|\n|-weather|RainDance|[upkeep]\n|-heal|p2a: Dragonite|88/100|[from] item: Leftovers\n|upkeep\n|\n|t:|1782448659\n|switch|p1a: Kingdra|Kingdra, F, shiny|100/100\n|turn|6\n|\n|t:|1782448665\n|move|p2a: Dragonite|Earthquake|p1a: Kingdra\n|-damage|p1a: Kingdra|6/100\n|move|p1a: Kingdra|Draco Meteor|p2a: Dragonite\n|-damage|p2a: Dragonite|45/100\n|-unboost|p1a: Kingdra|spa|2\n|\n|-weather|RainDance|[upkeep]\n|-heal|p2a: Dragonite|51/100|[from] item: Leftovers\n|upkeep\n|turn|7\n|\n|t:|1782448675\n|switch|p1a: Zapdos|Zapdos|100/100\n|-ability|p1a: Zapdos|Pressure\n|move|p2a: Dragonite|Roost|p2a: Dragonite\n|-heal|p2a: Dragonite|100/100\n|\n|-weather|RainDance|[upkeep]\n|upkeep\n|turn|8\n|\n|t:|1782448683\n|move|p2a: Dragonite|Extreme Speed|p1a: Zapdos\n|-damage|p1a: Zapdos|17/100\n|move|p1a: Zapdos|Hurricane|p2a: Dragonite\n|-damage|p2a: Dragonite|75/100\n|-start|p2a: Dragonite|confusion\n|-damage|p1a: Zapdos|7/100|[from] item: Life Orb\n|\n|-weather|none\n|-heal|p2a: Dragonite|81/100|[from] item: Leftovers\n|upkeep\n|turn|9\n|\n|t:|1782448698\n|switch|p1a: Pelipper|Pelipper, F|100/100\n|-weather|RainDance|[from] ability: Drizzle|[of] p1a: Pelipper\n|-activate|p2a: Dragonite|confusion\n|-damage|p2a: Dragonite|52/100|[from] confusion\n|\n|-weather|RainDance|[upkeep]\n|-heal|p2a: Dragonite|58/100|[from] item: Leftovers\n|upkeep\n|turn|10\n|\n|t:|1782448706\n|switch|p1a: Zapdos|Zapdos|7/100\n|-ability|p1a: Zapdos|Pressure\n|-activate|p2a: Dragonite|confusion\n|-damage|p2a: Dragonite|29/100|[from] confusion\n|\n|-weather|RainDance|[upkeep]\n|-heal|p2a: Dragonite|35/100|[from] item: Leftovers\n|upkeep\n|turn|11\n|\n|t:|1782448714\n|-activate|p2a: Dragonite|confusion\n|move|p2a: Dragonite|Roost|p2a: Dragonite\n|-heal|p2a: Dragonite|85/100\n|move|p1a: Zapdos|Thunder|p2a: Dragonite\n|-damage|p2a: Dragonite|26/100\n|-damage|p1a: Zapdos|0 fnt|[from] item: Life Orb\n|faint|p1a: Zapdos\n|\n|-weather|RainDance|[upkeep]\n|-heal|p2a: Dragonite|32/100|[from] item: Leftovers\n|upkeep\n|\n|t:|1782448726\n|switch|p1a: Poliwrath|Poliwrath, F|100/100\n|turn|12\n|\n|t:|1782448729\n|-activate|p2a: Dragonite|confusion\n|move|p2a: Dragonite|Roost|p2a: Dragonite\n|-heal|p2a: Dragonite|82/100\n|move|p1a: Poliwrath|Waterfall|p2a: Dragonite\n|-damage|p2a: Dragonite|25/100\n|\n|-weather|RainDance|[upkeep]\n|-heal|p2a: Dragonite|31/100|[from] item: Leftovers\n|upkeep\n|turn|13\n|\n|t:|1782448736\n|-end|p2a: Dragonite|confusion\n|move|p2a: Dragonite|Roost|p2a: Dragonite\n|-heal|p2a: Dragonite|81/100\n|move|p1a: Poliwrath|Waterfall|p2a: Dragonite\n|-damage|p2a: Dragonite|29/100\n|\n|-weather|RainDance|[upkeep]\n|-heal|p2a: Dragonite|35/100|[from] item: Leftovers\n|upkeep\n|turn|14\n|\n|t:|1782448745\n|move|p2a: Dragonite|Roost|p2a: Dragonite\n|-heal|p2a: Dragonite|85/100\n|move|p1a: Poliwrath|Waterfall|p2a: Dragonite\n|-damage|p2a: Dragonite|25/100\n|\n|-weather|RainDance|[upkeep]\n|-heal|p2a: Dragonite|31/100|[from] item: Leftovers\n|upkeep\n|turn|15\n|\n|t:|1782448753\n|move|p2a: Dragonite|Roost|p2a: Dragonite\n|-heal|p2a: Dragonite|81/100\n|move|p1a: Poliwrath|Waterfall|p2a: Dragonite\n|-damage|p2a: Dragonite|26/100\n|\n|-weather|RainDance|[upkeep]\n|-heal|p2a: Dragonite|32/100|[from] item: Leftovers\n|upkeep\n|turn|16\n|\n|t:|1782448763\n|move|p2a: Dragonite|Roost|p2a: Dragonite\n|-heal|p2a: Dragonite|83/100\n|move|p1a: Poliwrath|Waterfall|p2a: Dragonite\n|-damage|p2a: Dragonite|30/100\n|\n|-weather|none\n|-heal|p2a: Dragonite|36/100|[from] item: Leftovers\n|upkeep\n|turn|17\n|\n|t:|1782448773\n|move|p2a: Dragonite|Extreme Speed|p1a: Poliwrath\n|-damage|p1a: Poliwrath|2/100\n|-enditem|p1a: Poliwrath|Sitrus Berry|[eat]\n|-heal|p1a: Poliwrath|27/100|[from] item: Sitrus Berry\n|move|p1a: Poliwrath|Waterfall|p2a: Dragonite\n|-damage|p2a: Dragonite|0 fnt\n|faint|p2a: Dragonite\n|\n|upkeep\n|\n|t:|1782448787\n|switch|p2a: Iron Treads|Iron Treads|100/100\n|-enditem|p2a: Iron Treads|Booster Energy\n|-activate|p2a: Iron Treads|ability: Quark Drive|[fromitem]\n|-start|p2a: Iron Treads|quarkdriveatk\n|turn|18\n|\n|t:|1782448795\n|move|p2a: Iron Treads|Stealth Rock|p1a: Poliwrath\n|-sidestart|p1: johtoboi_9|move: Stealth Rock\n|move|p1a: Poliwrath|Waterfall|p2a: Iron Treads\n|-supereffective|p2a: Iron Treads\n|-damage|p2a: Iron Treads|37/100\n|\n|upkeep\n|turn|19\n|\n|t:|1782448804\n|move|p2a: Iron Treads|Earthquake|p1a: Poliwrath\n|-damage|p1a: Poliwrath|0 fnt\n|faint|p1a: Poliwrath\n|\n|upkeep\n|\n|t:|1782448809\n|switch|p1a: Pelipper|Pelipper, F|100/100\n|-damage|p1a: Pelipper|76/100|[from] Stealth Rock\n|-weather|RainDance|[from] ability: Drizzle|[of] p1a: Pelipper\n|turn|20\n|\n|t:|1782448817\n|switch|p1a: Kingdra|Kingdra, F, shiny|6/100\n|-damage|p1a: Kingdra|0 fnt|[from] Stealth Rock\n|faint|p1a: Kingdra\n|move|p2a: Iron Treads|Ice Spinner|p1: Kingdra|[notarget]\n|-fail|p2a: Iron Treads\n|\n|-weather|RainDance|[upkeep]\n|upkeep\n|\n|t:|1782448824\n|switch|p1a: Poliwhirl|Poliwhirl, F, shiny|100/100\n|-damage|p1a: Poliwhirl|88/100|[from] Stealth Rock\n|turn|21\n|\n|t:|1782448837\n|move|p1a: Poliwhirl|Belly Drum|p1a: Poliwhirl\n|-damage|p1a: Poliwhirl|39/100\n|-setboost|p1a: Poliwhirl|atk|6|[from] move: Belly Drum\n|move|p2a: Iron Treads|Earthquake|p1a: Poliwhirl\n|-damage|p1a: Poliwhirl|0 fnt\n|faint|p1a: Poliwhirl\n|\n|-weather|RainDance|[upkeep]\n|upkeep\n|\n|t:|1782448844\n|switch|p1a: Pelipper|Pelipper, F|76/100\n|-damage|p1a: Pelipper|51/100|[from] Stealth Rock\n|turn|22\n|\n|t:|1782448848\n|move|p2a: Iron Treads|Ice Spinner|p1a: Pelipper\n|-damage|p1a: Pelipper|8/100\n|move|p1a: Pelipper|Weather Ball|p2a: Iron Treads\n|-supereffective|p2a: Iron Treads\n|-damage|p2a: Iron Treads|0 fnt\n|faint|p2a: Iron Treads\n|-end|p2a: Iron Treads|Quark Drive|[silent]\n|\n|-weather|RainDance|[upkeep]\n|upkeep\n|-message|johtoboi_9 forfeited.\n|\n|win|devontranalt\n|raw|johtoboi_9's rating: 1246 &rarr; <strong>1222</strong><br />(-24 for losing)\n|raw|devontranalt's rating: 1262 &rarr; <strong>1286</strong><br />(+24 for winning)\n|l|☆johtoboi_9\n|player|p1|\n|l|☆devontranalt\n|player|p2|\n", "uploadtime": 1782449240, "views": 5, "formatid": "gen9ou", "rating": 1222, "private": 0, "password": null}