{"id": "gen9ou-2540842762", "format": "[Gen 9] OU", "players": ["shedtailhater", "alakazam darnold"], "log": "|j|☆shedtailhater\n|j|‽alakazam darnold\n|t:|1771259709\n|gametype|singles\n|player|p1|shedtailhater|102|1665\n|player|p2|alakazam darnold|li|1622\n|gen|9\n|tier|[Gen 9] OU\n|rated|\n|rule|HP Percentage Mod: HP is shown in percentages\n|rule|Endless Battle Clause: Forcing endless battles is banned\n|rule|Species Clause: Limit one of each Pokémon\n|rule|OHKO Clause: OHKO moves are banned\n|rule|Evasion Items Clause: Evasion items are banned\n|rule|Evasion Moves Clause: Evasion moves are banned\n|rule|Evasion Abilities Clause: Evasion abilities are banned\n|rule|Sleep Moves Clause: Sleep-inducing moves are banned\n|clearpoke\n|poke|p1|Ting-Lu|\n|poke|p1|Corviknight, F|\n|poke|p1|Darkrai|\n|poke|p1|Cinderace, M|\n|poke|p1|Kyurem|\n|poke|p1|Slowking-Galar, M|\n|poke|p2|Ninetales-Alola, F|\n|poke|p2|Raging Bolt|\n|poke|p2|Glimmora, M|\n|poke|p2|Kingambit, F|\n|poke|p2|Latias, F|\n|poke|p2|Ceruledge, M|\n|teampreview\n|inactive|Battle timer is ON: inactive players will automatically lose when time's up. (requested by shedtailhater)\n|\n|t:|1771259721\n|teamsize|p1|6\n|teamsize|p2|6\n|start\n|switch|p1a: Darkrai|Darkrai|100/100\n|switch|p2a: Glimmora|Glimmora, M|100/100\n|turn|1\n|\n|t:|1771259724\n|move|p1a: Darkrai|Dark Pulse|p2a: Glimmora\n|-damage|p2a: Glimmora|42/100\n|move|p2a: Glimmora|Mortal Spin|p1a: Darkrai\n|-damage|p1a: Darkrai|92/100\n|-status|p1a: Darkrai|psn\n|\n|-damage|p1a: Darkrai|80/100 psn|[from] psn\n|upkeep\n|turn|2\n|\n|t:|1771259730\n|switch|p1a: Cinderace|Cinderace, M|100/100\n|switch|p2a: Ninetales|Ninetales-Alola, F|100/100\n|-weather|Snowscape|[from] ability: Snow Warning|[of] p2a: Ninetales\n|\n|-weather|Snowscape|[upkeep]\n|upkeep\n|turn|3\n|\n|t:|1771259734\n|move|p1a: Cinderace|Pyro Ball|p2a: Ninetales\n|-supereffective|p2a: Ninetales\n|-damage|p2a: Ninetales|11/100\n|move|p2a: Ninetales|Aurora Veil|p2a: Ninetales\n|-sidestart|p2: alakazam darnold|move: Aurora Veil\n|\n|-weather|Snowscape|[upkeep]\n|upkeep\n|turn|4\n|\n|t:|1771259737\n|move|p1a: Cinderace|Court Change|p1a: Cinderace\n|-swapsideconditions\n|-activate|p1a: Cinderace|move: Court Change\n|move|p2a: Ninetales|Encore|p1a: Cinderace\n|-start|p1a: Cinderace|Encore\n|\n|-weather|Snowscape|[upkeep]\n|upkeep\n|turn|5\n|\n|t:|1771259741\n|switch|p1a: Darkrai|Darkrai|80/100 psn\n|move|p2a: Ninetales|Aurora Veil|p2a: Ninetales\n|-sidestart|p2: alakazam darnold|move: Aurora Veil\n|\n|-weather|Snowscape|[upkeep]\n|-damage|p1a: Darkrai|67/100 psn|[from] psn\n|upkeep\n|turn|6\n|\n|t:|1771259746\n|switch|p2a: Glimmora|Glimmora, M|42/100\n|move|p1a: Darkrai|Dark Pulse|p2a: Glimmora\n|-damage|p2a: Glimmora|7/100\n|\n|-weather|none\n|-damage|p1a: Darkrai|55/100 psn|[from] psn\n|upkeep\n|turn|7\n|\n|t:|1771259748\n|move|p1a: Darkrai|Dark Pulse|p2a: Glimmora\n|-damage|p2a: Glimmora|0 fnt\n|faint|p2a: Glimmora\n|\n|-damage|p1a: Darkrai|42/100 psn|[from] psn\n|upkeep\n|\n|t:|1771259757\n|switch|p2a: Raging Bolt|Raging Bolt|100/100\n|-enditem|p2a: Raging Bolt|Booster Energy\n|-activate|p2a: Raging Bolt|ability: Protosynthesis|[fromitem]\n|-start|p2a: Raging Bolt|protosynthesisspa\n|turn|8\n|\n|t:|1771259761\n|switch|p1a: Ting-Lu|Ting-Lu|100/100\n|-ability|p1a: Ting-Lu|Vessel of Ruin\n|move|p2a: Raging Bolt|Calm Mind|p2a: Raging Bolt\n|-boost|p2a: Raging Bolt|spa|1\n|-boost|p2a: Raging Bolt|spd|1\n|\n|upkeep\n|turn|9\n|\n|t:|1771259765\n|move|p2a: Raging Bolt|Dragon Pulse|p1a: Ting-Lu\n|-damage|p1a: Ting-Lu|78/100\n|move|p1a: Ting-Lu|Stealth Rock|p2a: Raging Bolt\n|-sidestart|p2: alakazam darnold|move: Stealth Rock\n|\n|-heal|p1a: Ting-Lu|85/100|[from] item: Leftovers\n|upkeep\n|turn|10\n|\n|t:|1771259768\n|move|p2a: Raging Bolt|Dragon Pulse|p1a: Ting-Lu\n|-damage|p1a: Ting-Lu|64/100\n|move|p1a: Ting-Lu|Whirlwind|p2a: Raging Bolt\n|-end|p2a: Raging Bolt|Protosynthesis|[silent]\n|drag|p2a: Ceruledge|Ceruledge, M|100/100\n|-damage|p2a: Ceruledge|76/100|[from] Stealth Rock\n|\n|-heal|p1a: Ting-Lu|70/100|[from] item: Leftovers\n|-sideend|p1: shedtailhater|move: Aurora Veil\n|upkeep\n|turn|11\n|\n|t:|1771259773\n|move|p2a: Ceruledge|Taunt|p1a: Ting-Lu\n|-start|p1a: Ting-Lu|move: Taunt\n|cant|p1a: Ting-Lu|move: Taunt|Whirlwind\n|\n|-heal|p1a: Ting-Lu|76/100|[from] item: Leftovers\n|upkeep\n|turn|12\n|\n|t:|1771259776\n|switch|p1a: Darkrai|Darkrai|42/100 psn\n|move|p2a: Ceruledge|Bulk Up|p2a: Ceruledge\n|-boost|p2a: Ceruledge|atk|1\n|-boost|p2a: Ceruledge|def|1\n|\n|-damage|p1a: Darkrai|30/100 psn|[from] psn\n|-sideend|p2: alakazam darnold|move: Aurora Veil\n|upkeep\n|turn|13\n|\n|t:|1771259786\n|-terastallize|p2a: Ceruledge|Bug\n|move|p1a: Darkrai|Trick|p2a: Ceruledge\n|-activate|p1a: Darkrai|move: Trick|[of] p2a: Ceruledge\n|-item|p2a: Ceruledge|Choice Scarf|[from] move: Trick\n|-item|p1a: Darkrai|Covert Cloak|[from] move: Trick\n|move|p2a: Ceruledge|Bitter Blade|p1a: Darkrai\n|-damage|p1a: Darkrai|0 fnt\n|-heal|p2a: Ceruledge|87/100|[from] drain|[of] p1a: Darkrai\n|faint|p1a: Darkrai\n|\n|upkeep\n|\n|t:|1771259798\n|switch|p1a: Kyurem|Kyurem, shiny|100/100\n|-ability|p1a: Kyurem|Pressure\n|turn|14\n|\n|t:|1771259801\n|move|p2a: Ceruledge|Bitter Blade|p1a: Kyurem\n|-damage|p1a: Kyurem|51/100\n|-heal|p2a: Ceruledge|100/100|[from] drain|[of] p1a: Kyurem\n|move|p1a: Kyurem|Ice Beam|p2a: Ceruledge\n|-damage|p2a: Ceruledge|48/100\n|\n|upkeep\n|turn|15\n|\n|t:|1771259807\n|move|p2a: Ceruledge|Bitter Blade|p1a: Kyurem\n|-damage|p1a: Kyurem|0 fnt\n|-heal|p2a: Ceruledge|76/100|[from] drain|[of] p1a: Kyurem\n|faint|p1a: Kyurem\n|\n|upkeep\n|\n|t:|1771259812\n|switch|p1a: Ting-Lu|Ting-Lu|76/100\n|-ability|p1a: Ting-Lu|Vessel of Ruin\n|turn|16\n|-message|shedtailhater forfeited.\n|\n|win|alakazam darnold\n|raw|shedtailhater's rating: 1665 &rarr; <strong>1643</strong><br />(-22 for losing)\n|raw|alakazam darnold's rating: 1622 &rarr; <strong>1644</strong><br />(+22 for winning)\n|l|☆shedtailhater\n|player|p1|\n|l|‽alakazam darnold\n|player|p2|\n", "uploadtime": 1771259994, "views": 5, "formatid": "gen9ou", "rating": 1643, "private": 0, "password": null}