{"id": "gen9ou-2540836751", "format": "[Gen 9] OU", "players": ["Mky27", "Mrmoistmaker"], "log": "|j|☆Mky27\n|j|☆Mrmoistmaker\n|t:|1771259106\n|gametype|singles\n|player|p1|Mky27|ltsurge|1581\n|player|p2|Mrmoistmaker|aromalady|1557\n|gen|9\n|tier|[Gen 9] OU\n|rated|\n|rule|HP Percentage Mod: HP is shown in percentages\n|rule|Endless Battle Clause: Forcing endless battles is banned\n|rule|Species Clause: Limit one of each Pokémon\n|rule|OHKO Clause: OHKO moves are banned\n|rule|Evasion Items Clause: Evasion items are banned\n|rule|Evasion Moves Clause: Evasion moves are banned\n|rule|Evasion Abilities Clause: Evasion abilities are banned\n|rule|Sleep Moves Clause: Sleep-inducing moves are banned\n|clearpoke\n|poke|p1|Walking Wake|\n|poke|p1|Great Tusk|\n|poke|p1|Torkoal, F|\n|poke|p1|Indeedee, M|\n|poke|p1|Exeggutor, M|\n|poke|p1|Kingambit, M|\n|poke|p2|Dragapult, F|\n|poke|p2|Slowking-Galar, M|\n|poke|p2|Hawlucha, M|\n|poke|p2|Kyurem|\n|poke|p2|Ting-Lu|\n|poke|p2|Dondozo, F|\n|teampreview\n|inactive|Battle timer is ON: inactive players will automatically lose when time's up. (requested by Mky27)\n|l|☆Mky27\n|inactive|Mky27 disconnected and has a minute to reconnect!\n|player|p1|\n|j|☆Mky27\n|inactive|Mky27 reconnected and has 135 seconds left.\n|player|p1|Mky27|ltsurge|\n|\n|t:|1771259125\n|teamsize|p1|6\n|teamsize|p2|6\n|start\n|switch|p1a: Indimale-te|Indeedee, M|100/100\n|switch|p2a: Slowking|Slowking-Galar, M|100/100\n|-fieldstart|move: Psychic Terrain|[from] ability: Psychic Surge|[of] p1a: Indimale-te\n|turn|1\n|\n|t:|1771259135\n|move|p1a: Indimale-te|Expanding Force|p2a: Slowking\n|-damage|p2a: Slowking|53/100\n|-prepare|p2a: Slowking|Chilly Reception|[premajor]\n|move|p2a: Slowking|Chilly Reception|p2a: Slowking\n|-weather|Snowscape\n|\n|t:|1771259144\n|switch|p2a: Dragapult|Dragapult, F|100/100|[from] Chilly Reception\n|\n|-weather|Snowscape|[upkeep]\n|upkeep\n|turn|2\n|\n|t:|1771259149\n|move|p1a: Indimale-te|Expanding Force|p2a: Dragapult\n|-damage|p2a: Dragapult|0 fnt\n|faint|p2a: Dragapult\n|\n|-weather|Snowscape|[upkeep]\n|upkeep\n|c|☆Mrmoistmaker|How frustrated do ylu\n|inactive|Mrmoistmaker has 120 seconds left.\n|c|☆Mrmoistmaker|have to get about being pounded\n|c|☆Mrmoistmaker|to start running cheese\n|\n|t:|1771259188\n|switch|p2a: Ting-Lu|Ting-Lu|100/100\n|-ability|p2a: Ting-Lu|Vessel of Ruin\n|turn|3\n|\n|t:|1771259193\n|switch|p1a: Paleomut|Great Tusk, shiny|100/100\n|move|p2a: Ting-Lu|Earthquake|p1a: Paleomut\n|-damage|p1a: Paleomut|79/100\n|\n|-weather|Snowscape|[upkeep]\n|-heal|p1a: Paleomut|85/100|[from] item: Leftovers\n|upkeep\n|turn|4\n|\n|t:|1771259205\n|-end|p1a: Paleomut|Protosynthesis|[silent]\n|switch|p1a: Exxegcutor|Exeggutor, M, shiny|100/100\n|switch|p2a: Hawlucha|Hawlucha, M|100/100\n|-ability|p2a: Hawlucha|Mold Breaker\n|\n|-weather|Snowscape|[upkeep]\n|upkeep\n|turn|5\n|\n|t:|1771259219\n|switch|p2a: Slowking|Slowking-Galar, M|86/100\n|move|p1a: Exxegcutor|Endure||[still]\n|-fail|p1a: Exxegcutor\n|\n|-weather|none\n|-heal|p2a: Slowking|92/100|[from] item: Black Sludge\n|-fieldend|move: Psychic Terrain\n|upkeep\n|turn|6\n|\n|t:|1771259228\n|switch|p1a: Kingsharp|Kingambit, M|100/100\n|move|p2a: Slowking|Trick|p1a: Kingsharp\n|-activate|p2a: Slowking|move: Trick|[of] p1a: Kingsharp\n|-item|p1a: Kingsharp|Black Sludge|[from] move: Trick\n|-item|p2a: Slowking|Assault Vest|[from] move: Trick\n|\n|-damage|p1a: Kingsharp|88/100|[from] item: Black Sludge\n|upkeep\n|turn|7\n|\n|t:|1771259248\n|switch|p1a: Trollkoal|Torkoal, F, shiny|100/100\n|-weather|SunnyDay|[from] ability: Drought|[of] p1a: Trollkoal\n|move|p2a: Slowking|Sludge Bomb|p1a: Trollkoal\n|-damage|p1a: Trollkoal|55/100\n|\n|-weather|SunnyDay|[upkeep]\n|upkeep\n|turn|8\n|\n|t:|1771259261\n|move|p2a: Slowking|Sludge Bomb|p1a: Trollkoal\n|-crit|p1a: Trollkoal\n|-damage|p1a: Trollkoal|0 fnt\n|faint|p1a: Trollkoal\n|\n|-weather|SunnyDay|[upkeep]\n|upkeep\n|\n|t:|1771259272\n|switch|p1a: Paleomut|Great Tusk, shiny|85/100\n|-activate|p1a: Paleomut|ability: Protosynthesis\n|-start|p1a: Paleomut|protosynthesisspe\n|turn|9\n|\n|t:|1771259279\n|switch|p2a: Hawlucha|Hawlucha, M|100/100\n|-ability|p2a: Hawlucha|Mold Breaker\n|move|p1a: Paleomut|Headlong Rush|p2a: Hawlucha\n|-immune|p2a: Hawlucha\n|\n|-weather|SunnyDay|[upkeep]\n|-heal|p1a: Paleomut|91/100|[from] item: Leftovers\n|upkeep\n|turn|10\n|\n|t:|1771259299\n|move|p1a: Paleomut|Ice Spinner|p2a: Hawlucha\n|-supereffective|p2a: Hawlucha\n|-damage|p2a: Hawlucha|60/100\n|-damage|p1a: Paleomut|75/100|[from] item: Rocky Helmet|[of] p2a: Hawlucha\n|move|p2a: Hawlucha|Flying Press|p1a: Paleomut\n|-supereffective|p1a: Paleomut\n|-damage|p1a: Paleomut|34/100\n|\n|-weather|SunnyDay|[upkeep]\n|-heal|p1a: Paleomut|41/100|[from] item: Leftovers\n|upkeep\n|turn|11\n|\n|t:|1771259312\n|-end|p1a: Paleomut|Protosynthesis|[silent]\n|switch|p1a: PaleoRaptor|Walking Wake|100/100\n|-activate|p1a: PaleoRaptor|ability: Protosynthesis\n|-start|p1a: PaleoRaptor|protosynthesisspe\n|move|p2a: Hawlucha|Roost|p2a: Hawlucha\n|-heal|p2a: Hawlucha|100/100\n|-singleturn|p2a: Hawlucha|move: Roost\n|\n|-weather|SunnyDay|[upkeep]\n|upkeep\n|turn|12\n|\n|t:|1771259322\n|switch|p2a: Slowking|Slowking-Galar, M|100/100\n|move|p1a: PaleoRaptor|Hydro Steam|p2a: Slowking\n|-damage|p2a: Slowking|72/100\n|\n|-weather|SunnyDay|[upkeep]\n|upkeep\n|turn|13\n|\n|t:|1771259330\n|move|p1a: PaleoRaptor|Hydro Steam|p2a: Slowking\n|-damage|p2a: Slowking|46/100\n|move|p2a: Slowking|Ice Beam|p1a: PaleoRaptor\n|-damage|p1a: PaleoRaptor|73/100\n|\n|-weather|SunnyDay|[upkeep]\n|upkeep\n|turn|14\n|\n|t:|1771259342\n|switch|p2a: Dondozo|Dondozo, F|100/100\n|move|p1a: PaleoRaptor|Hydro Steam|p2a: Dondozo\n|-resisted|p2a: Dondozo\n|-damage|p2a: Dondozo|79/100\n|\n|-weather|none\n|-end|p1a: PaleoRaptor|Protosynthesis\n|-heal|p2a: Dondozo|85/100|[from] item: Leftovers\n|upkeep\n|turn|15\n|\n|t:|1771259352\n|switch|p2a: Slowking|Slowking-Galar, M|79/100\n|move|p1a: PaleoRaptor|Draco Meteor|p2a: Slowking|[miss]\n|-miss|p1a: PaleoRaptor|p2a: Slowking\n|\n|upkeep\n|turn|16\n|\n|t:|1771259359\n|move|p1a: PaleoRaptor|Flip Turn|p2a: Slowking\n|-damage|p2a: Slowking|58/100\n|\n|t:|1771259364\n|-end|p1a: PaleoRaptor|Protosynthesis|[silent]\n|switch|p1a: Kingsharp|Kingambit, M|88/100|[from] Flip Turn\n|move|p2a: Slowking|Sludge Bomb|p1a: Kingsharp\n|-immune|p1a: Kingsharp\n|\n|-damage|p1a: Kingsharp|76/100|[from] item: Black Sludge\n|upkeep\n|turn|17\n|\n|t:|1771259374\n|switch|p1a: Indimale-te|Indeedee, M|100/100\n|-fieldstart|move: Psychic Terrain|[from] ability: Psychic Surge|[of] p1a: Indimale-te\n|switch|p2a: Hawlucha|Hawlucha, M|100/100\n|-ability|p2a: Hawlucha|Mold Breaker\n|\n|upkeep\n|turn|18\n|\n|t:|1771259383\n|switch|p2a: Slowking|Slowking-Galar, M|92/100\n|move|p1a: Indimale-te|Trick|p2a: Slowking\n|-activate|p1a: Indimale-te|move: Trick|[of] p2a: Slowking\n|-item|p2a: Slowking|Choice Scarf|[from] move: Trick\n|-item|p1a: Indimale-te|Assault Vest|[from] move: Trick\n|\n|upkeep\n|turn|19\n|\n|t:|1771259391\n|move|p1a: Indimale-te|Expanding Force|p2a: Slowking\n|-damage|p2a: Slowking|46/100\n|move|p2a: Slowking|Ice Beam|p1a: Indimale-te\n|-damage|p1a: Indimale-te|79/100\n|\n|upkeep\n|turn|20\n|c|☆Mrmoistmaker|You shouldn’t leave long gaps\n|\n|t:|1771259411\n|switch|p2a: Ting-Lu|Ting-Lu|100/100\n|-ability|p2a: Ting-Lu|Vessel of Ruin\n|move|p1a: Indimale-te|Dazzling Gleam|p2a: Ting-Lu\n|-supereffective|p2a: Ting-Lu\n|-damage|p2a: Ting-Lu|78/100\n|\n|-heal|p2a: Ting-Lu|85/100|[from] item: Leftovers\n|upkeep\n|turn|21\n|-message|Mky27 forfeited.\n|\n|win|Mrmoistmaker\n|raw|Mky27's rating: 1581 &rarr; <strong>1561</strong><br />(-20 for losing)\n|raw|Mrmoistmaker's rating: 1581 &rarr; <strong>1601</strong><br />(+20 for winning)\n|l|☆Mky27\n|player|p1|\n", "uploadtime": 1771259581, "views": 6, "formatid": "gen9ou", "rating": 1561, "private": 0, "password": null}