{"id": "gen9ou-2540424576", "format": "[Gen 9] OU", "players": ["Quaqrash", "smoltuna"], "log": "|j|☆Quaqrash\n|j|☆smoltuna\n|t:|1771200366\n|gametype|singles\n|player|p1|Quaqrash|170|1724\n|player|p2|smoltuna|pokefanf-gen2|1735\n|gen|9\n|tier|[Gen 9] OU\n|rated|\n|rule|HP Percentage Mod: HP is shown in percentages\n|rule|Endless Battle Clause: Forcing endless battles is banned\n|rule|Species Clause: Limit one of each Pokémon\n|rule|OHKO Clause: OHKO moves are banned\n|rule|Evasion Items Clause: Evasion items are banned\n|rule|Evasion Moves Clause: Evasion moves are banned\n|rule|Evasion Abilities Clause: Evasion abilities are banned\n|rule|Sleep Moves Clause: Sleep-inducing moves are banned\n|clearpoke\n|poke|p1|Excadrill, M|\n|poke|p1|Tyranitar, M|\n|poke|p1|Gholdengo|\n|poke|p1|Chesnaught, F|\n|poke|p1|Tornadus-Therian, M|\n|poke|p1|Iron Valiant|\n|poke|p2|Landorus-Therian, M|\n|poke|p2|Iron Hands|\n|poke|p2|Primarina, M|\n|poke|p2|Glimmora, F|\n|poke|p2|Dragapult, F|\n|poke|p2|Kingambit, F|\n|teampreview\n|\n|t:|1771200391\n|teamsize|p1|6\n|teamsize|p2|6\n|start\n|switch|p1a: The Juggernaught|Chesnaught, F|100/100\n|switch|p2a: Iron Hands|Iron Hands, shiny|100/100\n|-enditem|p2a: Iron Hands|Booster Energy\n|-activate|p2a: Iron Hands|ability: Quark Drive|[fromitem]\n|-start|p2a: Iron Hands|quarkdriveatk\n|turn|1\n|\n|t:|1771200412\n|move|p1a: The Juggernaught|Spikes|p2a: Iron Hands\n|-sidestart|p2: smoltuna|Spikes\n|move|p2a: Iron Hands|Ice Punch|p1a: The Juggernaught\n|-supereffective|p1a: The Juggernaught\n|-damage|p1a: The Juggernaught|60/100\n|-damage|p2a: Iron Hands|84/100|[from] item: Rocky Helmet|[of] p1a: The Juggernaught\n|\n|upkeep\n|turn|2\n|\n|t:|1771200417\n|-end|p2a: Iron Hands|Quark Drive|[silent]\n|switch|p2a: Glimmora|Glimmora, F, shiny|100/100\n|-damage|p2a: Glimmora|88/100|[from] Spikes\n|move|p1a: The Juggernaught|Spikes|p2a: Glimmora\n|-sidestart|p2: smoltuna|Spikes\n|\n|upkeep\n|turn|3\n|\n|t:|1771200424\n|move|p2a: Glimmora|Earth Power|p1a: The Juggernaught\n|-resisted|p1a: The Juggernaught\n|-damage|p1a: The Juggernaught|41/100\n|-unboost|p1a: The Juggernaught|spd|1\n|move|p1a: The Juggernaught|Synthesis|p1a: The Juggernaught\n|-heal|p1a: The Juggernaught|91/100\n|\n|upkeep\n|turn|4\n|\n|t:|1771200431\n|switch|p2a: Dragapult|Dragapult, F|100/100\n|-damage|p2a: Dragapult|84/100|[from] Spikes\n|switch|p1a: The Golden Child|Gholdengo|100/100\n|\n|upkeep\n|turn|5\n|j| FaronAan\n|\n|t:|1771200490\n|switch|p1a: The Juggernaught|Chesnaught, F|91/100\n|move|p2a: Dragapult|U-turn|p1a: The Juggernaught\n|-damage|p1a: The Juggernaught|72/100\n|-damage|p2a: Dragapult|68/100|[from] item: Rocky Helmet|[of] p1a: The Juggernaught\n|\n|t:|1771200500\n|switch|p2a: Glimmora|Glimmora, F, shiny|88/100|[from] U-turn\n|-damage|p2a: Glimmora|72/100|[from] Spikes\n|\n|upkeep\n|turn|6\n|inactive|Battle timer is ON: inactive players will automatically lose when time's up. (requested by smoltuna)\n|\n|t:|1771200523\n|move|p2a: Glimmora|Mortal Spin|p1a: The Juggernaught\n|-supereffective|p1a: The Juggernaught\n|-damage|p1a: The Juggernaught|65/100\n|-status|p1a: The Juggernaught|psn\n|-damage|p2a: Glimmora|55/100|[from] item: Rocky Helmet|[of] p1a: The Juggernaught\n|-sideend|p2: smoltuna|Spikes|[from] move: Mortal Spin|[of] p2a: Glimmora\n|move|p1a: The Juggernaught|Spikes|p2a: Glimmora\n|-sidestart|p2: smoltuna|Spikes\n|\n|-damage|p1a: The Juggernaught|52/100 psn|[from] psn\n|upkeep\n|turn|7\n|j| dtybb\n|inactive|Quaqrash has 120 seconds left.\n|inactive|Quaqrash has 90 seconds left.\n|inactive|Quaqrash has 60 seconds left.\n|\n|t:|1771200617\n|switch|p2a: Primarina|Primarina, M, shiny|100/100\n|-damage|p2a: Primarina|88/100|[from] Spikes\n|move|p1a: The Juggernaught|Spikes|p2a: Primarina\n|-sidestart|p2: smoltuna|Spikes\n|\n|-damage|p1a: The Juggernaught|40/100 psn|[from] psn\n|upkeep\n|turn|8\n|l| dtybb\n|\n|t:|1771200629\n|switch|p1a: The Reigner|Tornadus-Therian, M|100/100\n|move|p2a: Primarina|Moonblast|p1a: The Reigner\n|-damage|p1a: The Reigner|51/100\n|\n|upkeep\n|turn|9\n|\n|t:|1771200639\n|switch|p1a: The Golden Child|Gholdengo|100/100\n|move|p2a: Primarina|Moonblast|p1a: The Golden Child\n|-resisted|p1a: The Golden Child\n|-damage|p1a: The Golden Child|76/100\n|\n|upkeep\n|turn|10\n|\n|t:|1771200644\n|move|p1a: The Golden Child|Make It Rain|p2a: Primarina\n|-damage|p2a: Primarina|42/100\n|-unboost|p1a: The Golden Child|spa|1\n|move|p2a: Primarina|Psychic Noise|p1a: The Golden Child\n|-crit|p1a: The Golden Child\n|-damage|p1a: The Golden Child|12/100\n|-start|p1a: The Golden Child|move: Heal Block\n|\n|upkeep\n|turn|11\n|\n|t:|1771200648\n|move|p1a: The Golden Child|Thunderbolt|p2a: Primarina\n|-supereffective|p2a: Primarina\n|-damage|p2a: Primarina|14/100\n|move|p2a: Primarina|Flip Turn|p1a: The Golden Child\n|-damage|p1a: The Golden Child|0 fnt\n|faint|p1a: The Golden Child\n|\n|t:|1771200652\n|switch|p2a: Dragapult|Dragapult, F|68/100|[from] Flip Turn\n|-damage|p2a: Dragapult|51/100|[from] Spikes\n|\n|upkeep\n|\n|t:|1771200655\n|switch|p1a: The Tyrant|Tyranitar, M|100/100\n|-weather|Sandstorm|[from] ability: Sand Stream|[of] p1a: The Tyrant\n|turn|12\n|\n|t:|1771200658\n|move|p2a: Dragapult|U-turn|p1a: The Tyrant\n|-supereffective|p1a: The Tyrant\n|-damage|p1a: The Tyrant|48/100\n|\n|t:|1771200661\n|switch|p2a: Landorus|Landorus-Therian, M, shiny|100/100|[from] U-turn\n|-ability|p2a: Landorus|Intimidate|boost\n|-unboost|p1a: The Tyrant|atk|1\n|move|p1a: The Tyrant|Stealth Rock|p2a: Landorus\n|-sidestart|p2: smoltuna|move: Stealth Rock\n|\n|-weather|Sandstorm|[upkeep]\n|-heal|p1a: The Tyrant|54/100|[from] item: Leftovers\n|upkeep\n|turn|13\n|inactive|Quaqrash has 120 seconds left.\n|j| hitman9191\n|inactive|Quaqrash has 90 seconds left.\n|\n|t:|1771200716\n|move|p2a: Landorus|Stealth Rock|p1a: The Tyrant\n|-sidestart|p1: Quaqrash|move: Stealth Rock\n|move|p1a: The Tyrant|Ice Beam|p2a: Landorus\n|-supereffective|p2a: Landorus\n|-damage|p2a: Landorus|18/100\n|\n|-weather|Sandstorm|[upkeep]\n|-heal|p1a: The Tyrant|60/100|[from] item: Leftovers\n|upkeep\n|turn|14\n|l| hitman9191\n|\n|t:|1771200724\n|switch|p1a: The Juggernaught|Chesnaught, F|40/100 psn\n|-damage|p1a: The Juggernaught|34/100 psn|[from] Stealth Rock\n|move|p2a: Landorus|U-turn|p1a: The Juggernaught\n|-damage|p1a: The Juggernaught|23/100 psn\n|-damage|p2a: Landorus|1/100|[from] item: Rocky Helmet|[of] p1a: The Juggernaught\n|\n|t:|1771200728\n|switch|p2a: Glimmora|Glimmora, F, shiny|55/100|[from] U-turn\n|-damage|p2a: Glimmora|38/100|[from] Spikes\n|-damage|p2a: Glimmora|26/100|[from] Stealth Rock\n|\n|-weather|Sandstorm|[upkeep]\n|-damage|p1a: The Juggernaught|17/100 psn|[from] Sandstorm\n|-damage|p1a: The Juggernaught|5/100 psn|[from] psn\n|upkeep\n|turn|15\n|\n|t:|1771200732\n|switch|p1a: The Excalibur|Excadrill, M|100/100\n|-damage|p1a: The Excalibur|97/100|[from] Stealth Rock\n|-item|p1a: The Excalibur|Air Balloon\n|move|p2a: Glimmora|Earth Power|p1a: The Excalibur\n|-immune|p1a: The Excalibur\n|\n|-weather|Sandstorm|[upkeep]\n|upkeep\n|turn|16\n|\n|t:|1771200742\n|switch|p2a: Landorus|Landorus-Therian, M, shiny|1/100\n|-damage|p2a: Landorus|0 fnt|[from] Stealth Rock\n|faint|p2a: Landorus\n|move|p1a: The Excalibur|Rapid Spin|p2: Landorus|[notarget]\n|-fail|p1a: The Excalibur\n|\n|-weather|none\n|upkeep\n|\n|t:|1771200747\n|switch|p2a: Kingambit|Kingambit, F|100/100\n|-damage|p2a: Kingambit|84/100|[from] Spikes\n|-damage|p2a: Kingambit|78/100|[from] Stealth Rock\n|-activate|p2a: Kingambit|ability: Supreme Overlord\n|-start|p2a: Kingambit|fallen1|[silent]\n|turn|17\n|inactive|Quaqrash has 90 seconds left.\n|\n|t:|1771200787\n|switch|p1a: The Juggernaught|Chesnaught, F|5/100 psn\n|-damage|p1a: The Juggernaught|0 fnt|[from] Stealth Rock\n|faint|p1a: The Juggernaught\n|move|p2a: Kingambit|Swords Dance|p2a: Kingambit\n|-boost|p2a: Kingambit|atk|2\n|\n|-heal|p2a: Kingambit|84/100|[from] item: Leftovers\n|upkeep\n|\n|t:|1771200795\n|switch|p1a: The Reigner|Tornadus-Therian, M|84/100\n|-damage|p1a: The Reigner|60/100|[from] Stealth Rock\n|turn|18\n|\n|t:|1771200797\n|move|p2a: Kingambit|Sucker Punch|p1a: The Reigner\n|-damage|p1a: The Reigner|0 fnt\n|faint|p1a: The Reigner\n|\n|-heal|p2a: Kingambit|90/100|[from] item: Leftovers\n|upkeep\n|\n|t:|1771200800\n|switch|p1a: The Valiant|Iron Valiant|100/100\n|-damage|p1a: The Valiant|94/100|[from] Stealth Rock\n|-enditem|p1a: The Valiant|Booster Energy\n|-activate|p1a: The Valiant|ability: Quark Drive|[fromitem]\n|-start|p1a: The Valiant|quarkdrivespe\n|turn|19\n|inactive|Quaqrash has 90 seconds left.\n|\n|t:|1771200811\n|-terastallize|p2a: Kingambit|Grass\n|move|p1a: The Valiant|Encore|p2a: Kingambit\n|-start|p2a: Kingambit|Encore\n|move|p2a: Kingambit|Sucker Punch||[still]\n|-fail|p2a: Kingambit\n|\n|-heal|p2a: Kingambit|97/100|[from] item: Leftovers\n|upkeep\n|turn|20\n|\n|t:|1771200816\n|-end|p2a: Kingambit|fallen1|[silent]\n|switch|p2a: Primarina|Primarina, M, shiny|14/100\n|-damage|p2a: Primarina|0 fnt|[from] Spikes\n|faint|p2a: Primarina\n|move|p1a: The Valiant|Calm Mind|p1a: The Valiant\n|-boost|p1a: The Valiant|spa|1\n|-boost|p1a: The Valiant|spd|1\n|\n|upkeep\n|\n|t:|1771200819\n|switch|p2a: Iron Hands|Iron Hands, shiny|84/100\n|-damage|p2a: Iron Hands|67/100|[from] Spikes\n|-damage|p2a: Iron Hands|61/100|[from] Stealth Rock\n|turn|21\n|c|☆smoltuna|gg\n|j| Joypee\n|j| dtybb\n|inactive|Quaqrash has 90 seconds left.\n|\n|t:|1771200849\n|move|p1a: The Valiant|Moonblast|p2a: Iron Hands\n|-supereffective|p2a: Iron Hands\n|-damage|p2a: Iron Hands|0 fnt\n|faint|p2a: Iron Hands\n|-end|p2a: Iron Hands|Quark Drive|[silent]\n|\n|upkeep\n|\n|t:|1771200853\n|switch|p2a: Kingambit|Kingambit, F, tera:Grass|97/100\n|-damage|p2a: Kingambit|80/100|[from] Spikes\n|-damage|p2a: Kingambit|68/100|[from] Stealth Rock\n|-activate|p2a: Kingambit|ability: Supreme Overlord\n|-start|p2a: Kingambit|fallen3|[silent]\n|turn|22\n|inactive|Quaqrash has 90 seconds left.\n|inactive|Quaqrash has 60 seconds left.\n|\n|t:|1771200912\n|move|p1a: The Valiant|Moonblast|p2a: Kingambit\n|-damage|p2a: Kingambit|1/100\n|move|p2a: Kingambit|Iron Head|p1a: The Valiant\n|-supereffective|p1a: The Valiant\n|-damage|p1a: The Valiant|0 fnt\n|faint|p1a: The Valiant\n|-end|p1a: The Valiant|Quark Drive|[silent]\n|\n|-heal|p2a: Kingambit|7/100|[from] item: Leftovers\n|upkeep\n|\n|t:|1771200918\n|switch|p1a: The Tyrant|Tyranitar, M|60/100\n|-damage|p1a: The Tyrant|48/100|[from] Stealth Rock\n|-weather|Sandstorm|[from] ability: Sand Stream|[of] p1a: The Tyrant\n|turn|23\n|\n|t:|1771200923\n|-terastallize|p1a: The Tyrant|Flying\n|move|p1a: The Tyrant|Knock Off|p2a: Kingambit\n|-damage|p2a: Kingambit|0 fnt\n|-enditem|p2a: Kingambit|Leftovers|[from] move: Knock Off|[of] p1a: The Tyrant\n|faint|p2a: Kingambit\n|-end|p2a: Kingambit|fallen3|[silent]\n|\n|-weather|Sandstorm|[upkeep]\n|-damage|p1a: The Tyrant|42/100|[from] Sandstorm\n|-heal|p1a: The Tyrant|48/100|[from] item: Leftovers\n|upkeep\n|c|☆Quaqrash|Bruh I got low rolled on the ival I think\n|inactive|smoltuna has 120 seconds left.\n|j| glass bugle\n|\n|t:|1771200960\n|switch|p2a: Dragapult|Dragapult, F|51/100\n|-damage|p2a: Dragapult|35/100|[from] Spikes\n|-damage|p2a: Dragapult|23/100|[from] Stealth Rock\n|turn|24\n|\n|t:|1771200963\n|move|p2a: Dragapult|Dragon Darts|p1a: The Tyrant\n|-damage|p1a: The Tyrant|19/100\n|-anim|p2a: Dragapult|Dragon Darts|p1a: The Tyrant\n|-damage|p1a: The Tyrant|0 fnt\n|faint|p1a: The Tyrant\n|\n|-weather|Sandstorm|[upkeep]\n|-damage|p2a: Dragapult|17/100|[from] Sandstorm\n|upkeep\n|\n|t:|1771200965\n|switch|p1a: The Excalibur|Excadrill, M|97/100\n|-damage|p1a: The Excalibur|94/100|[from] Stealth Rock\n|-item|p1a: The Excalibur|Air Balloon\n|turn|25\n|\n|t:|1771200967\n|move|p1a: The Excalibur|Earthquake|p2a: Dragapult\n|-crit|p2a: Dragapult\n|-damage|p2a: Dragapult|0 fnt\n|faint|p2a: Dragapult\n|\n|-weather|Sandstorm|[upkeep]\n|upkeep\n|\n|t:|1771200969\n|switch|p2a: Glimmora|Glimmora, F, shiny|26/100\n|-damage|p2a: Glimmora|9/100|[from] Spikes\n|-damage|p2a: Glimmora|0 fnt|[from] Stealth Rock\n|faint|p2a: Glimmora\n|\n|win|Quaqrash\n|raw|Quaqrash's rating: 1724 &rarr; <strong>1745</strong><br />(+21 for winning)\n|raw|smoltuna's rating: 1735 &rarr; <strong>1714</strong><br />(-21 for losing)\n|l|☆smoltuna\n|player|p2|\n|l| FaronAan\n|l|☆Quaqrash\n|player|p1|\n|l| Joypee\n|l| glass bugle\n|j|☆Quaqrash\n|player|p1|Quaqrash|170|\n", "uploadtime": 1771200974, "views": 11, "formatid": "gen9ou", "rating": 1714, "private": 0, "password": null}