{"id": "gen9ou-2540880468", "format": "[Gen 9] OU", "players": ["raichussuperfan", "vinicio499"], "log": "|j|☆raichussuperfan\n|j|☆vinicio499\n|t:|1771263412\n|gametype|singles\n|player|p1|raichussuperfan|blaine|1545\n|player|p2|vinicio499|miku-ghost|1491\n|gen|9\n|tier|[Gen 9] OU\n|rated|\n|rule|HP Percentage Mod: HP is shown in percentages\n|rule|Endless Battle Clause: Forcing endless battles is banned\n|rule|Species Clause: Limit one of each Pokémon\n|rule|OHKO Clause: OHKO moves are banned\n|rule|Evasion Items Clause: Evasion items are banned\n|rule|Evasion Moves Clause: Evasion moves are banned\n|rule|Evasion Abilities Clause: Evasion abilities are banned\n|rule|Sleep Moves Clause: Sleep-inducing moves are banned\n|clearpoke\n|poke|p1|Goodra-Hisui, M|\n|poke|p1|Alomomola, M|\n|poke|p1|Ogerpon-Wellspring, F|\n|poke|p1|Rillaboom, F|\n|poke|p1|Iron Moth|\n|poke|p1|Great Tusk|\n|poke|p2|Torkoal, F|\n|poke|p2|Lilligant, F|\n|poke|p2|Walking Wake|\n|poke|p2|Hatterene, F|\n|poke|p2|Great Tusk|\n|poke|p2|Ceruledge, F|\n|teampreview\n|inactive|Battle timer is ON: inactive players will automatically lose when time's up. (requested by vinicio499)\n|\n|t:|1771263438\n|teamsize|p1|6\n|teamsize|p2|6\n|start\n|switch|p1a: Iron Moth|Iron Moth|100/100\n|switch|p2a: Mr.Koal|Torkoal, F|100/100\n|-weather|SunnyDay|[from] ability: Drought|[of] p2a: Mr.Koal\n|turn|1\n|\n|t:|1771263444\n|move|p1a: Iron Moth|Sludge Wave|p2a: Mr.Koal\n|-damage|p2a: Mr.Koal|1/100\n|move|p2a: Mr.Koal|Earthquake|p1a: Iron Moth\n|-supereffective|p1a: Iron Moth\n|-damage|p1a: Iron Moth|0 fnt\n|faint|p1a: Iron Moth\n|-end|p1a: Iron Moth|Quark Drive|[silent]\n|\n|-weather|SunnyDay|[upkeep]\n|upkeep\n|\n|t:|1771263450\n|switch|p1a: Great Tusk|Great Tusk|100/100\n|-activate|p1a: Great Tusk|ability: Protosynthesis\n|-start|p1a: Great Tusk|protosynthesisspe\n|turn|2\n|c|☆vinicio499|MR KOAL HANGS ON\n|\n|t:|1771263457\n|switch|p2a: Docella|Hatterene, F, shiny|100/100\n|move|p1a: Great Tusk|Rapid Spin|p2a: Docella\n|-damage|p2a: Docella|87/100\n|-boost|p1a: Great Tusk|spe|1\n|-enditem|p2a: Docella|Eject Button\n|\n|t:|1771263460\n|switch|p2a: Mrs.Koal|Lilligant, F|100/100\n|\n|-weather|SunnyDay|[upkeep]\n|upkeep\n|turn|3\n|\n|t:|1771263476\n|-end|p1a: Great Tusk|Protosynthesis|[silent]\n|switch|p1a: Goodra|Goodra-Hisui, M|100/100\n|-terastallize|p2a: Mrs.Koal|Fire\n|move|p2a: Mrs.Koal|Weather Ball|p1a: Goodra\n|-damage|p1a: Goodra|59/100\n|-damage|p2a: Mrs.Koal|91/100|[from] item: Life Orb\n|\n|-weather|SunnyDay|[upkeep]\n|upkeep\n|turn|4\n|\n|t:|1771263484\n|move|p2a: Mrs.Koal|Growth|p2a: Mrs.Koal\n|-boost|p2a: Mrs.Koal|atk|2\n|-boost|p2a: Mrs.Koal|spa|2\n|move|p1a: Goodra|Knock Off|p2a: Mrs.Koal\n|-damage|p2a: Mrs.Koal|57/100\n|-enditem|p2a: Mrs.Koal|Life Orb|[from] move: Knock Off|[of] p1a: Goodra\n|\n|-weather|SunnyDay|[upkeep]\n|upkeep\n|turn|5\n|\n|t:|1771263487\n|move|p2a: Mrs.Koal|Weather Ball|p1a: Goodra\n|-damage|p1a: Goodra|0 fnt\n|faint|p1a: Goodra\n|\n|-weather|SunnyDay|[upkeep]\n|upkeep\n|\n|t:|1771263494\n|switch|p1a: Rillaboom|Rillaboom, F|100/100\n|-fieldstart|move: Grassy Terrain|[from] ability: Grassy Surge|[of] p1a: Rillaboom\n|turn|6\n|\n|t:|1771263500\n|-terastallize|p1a: Rillaboom|Grass\n|move|p1a: Rillaboom|Grassy Glide|p2a: Mrs.Koal\n|-resisted|p2a: Mrs.Koal\n|-damage|p2a: Mrs.Koal|1/100\n|move|p2a: Mrs.Koal|Weather Ball|p1a: Rillaboom\n|-supereffective|p1a: Rillaboom\n|-damage|p1a: Rillaboom|0 fnt\n|faint|p1a: Rillaboom\n|\n|-weather|SunnyDay|[upkeep]\n|-heal|p2a: Mrs.Koal|7/100|[from] Grassy Terrain\n|upkeep\n|c|☆raichussuperfan|wow\n|-message|raichussuperfan forfeited.\n|\n|win|vinicio499\n|raw|raichussuperfan's rating: 1545 &rarr; <strong>1522</strong><br />(-23 for losing)\n|raw|vinicio499's rating: 1491 &rarr; <strong>1514</strong><br />(+23 for winning)\n|l|☆raichussuperfan\n|player|p1|\n|l|☆vinicio499\n|player|p2|\n", "uploadtime": 1771263689, "views": 9, "formatid": "gen9ou", "rating": 1514, "private": 0, "password": null}