{"id": "gen9ou-2639253263", "format": "[Gen 9] OU", "players": ["758lboss", "thepeakmons"], "log": "|j|☆758lboss\n|j|☆thepeakmons\n|t:|1782440889\n|gametype|singles\n|player|p1|758lboss|pokemonranger-gen4|1203\n|player|p2|thepeakmons|101|1252\n|gen|9\n|tier|[Gen 9] OU\n|rated|\n|rule|HP Percentage Mod: HP is shown in percentages\n|rule|Endless Battle Clause: Forcing endless battles is banned\n|rule|Species Clause: Limit one of each Pokémon\n|rule|OHKO Clause: OHKO moves are banned\n|rule|Evasion Items Clause: Evasion items are banned\n|rule|Evasion Moves Clause: Evasion moves are banned\n|rule|Evasion Abilities Clause: Evasion abilities are banned\n|rule|Sleep Moves Clause: Sleep-inducing moves are banned\n|clearpoke\n|poke|p1|Darkrai|\n|poke|p1|Ceruledge, M|\n|poke|p1|Zapdos|\n|poke|p1|Iron Treads|\n|poke|p1|Primarina, F|\n|poke|p1|Kommo-o, M|\n|poke|p2|Corviknight, F|\n|poke|p2|Ting-Lu|\n|poke|p2|Kyurem|\n|poke|p2|Dondozo, F|\n|poke|p2|Slowking-Galar, M|\n|poke|p2|Cinderace, M|\n|teampreview\n|inactive|Battle timer is ON: inactive players will automatically lose when time's up. (requested by thepeakmons)\n|\n|t:|1782440902\n|teamsize|p1|6\n|teamsize|p2|6\n|start\n|switch|p1a: Primarina|Primarina, F|100/100\n|switch|p2a: Cinderace|Cinderace, M|100/100\n|turn|1\n|\n|t:|1782440919\n|move|p2a: Cinderace|U-turn|p1a: Primarina\n|-resisted|p1a: Primarina\n|-damage|p1a: Primarina|86/100\n|\n|t:|1782440929\n|switch|p2a: Slowking|Slowking-Galar, M|100/100|[from] U-turn\n|move|p1a: Primarina|Moonblast|p2a: Slowking\n|-resisted|p2a: Slowking\n|-damage|p2a: Slowking|79/100\n|\n|-heal|p1a: Primarina|92/100|[from] item: Leftovers\n|upkeep\n|turn|2\n|\n|t:|1782440943\n|move|p1a: Primarina|Shadow Ball|p2a: Slowking\n|-supereffective|p2a: Slowking\n|-damage|p2a: Slowking|33/100\n|move|p2a: Slowking|Sludge Bomb|p1a: Primarina\n|-supereffective|p1a: Primarina\n|-damage|p1a: Primarina|37/100\n|\n|-heal|p1a: Primarina|43/100|[from] item: Leftovers\n|upkeep\n|turn|3\n|\n|t:|1782440955\n|move|p1a: Primarina|Shadow Ball|p2a: Slowking\n|-supereffective|p2a: Slowking\n|-damage|p2a: Slowking|0 fnt\n|faint|p2a: Slowking\n|\n|-heal|p1a: Primarina|49/100|[from] item: Leftovers\n|upkeep\n|\n|t:|1782440968\n|switch|p2a: Kyurem|Kyurem|100/100\n|-ability|p2a: Kyurem|Pressure\n|turn|4\n|\n|t:|1782440975\n|move|p2a: Kyurem|Freeze-Dry|p1a: Primarina\n|-supereffective|p1a: Primarina\n|-damage|p1a: Primarina|0 fnt\n|faint|p1a: Primarina\n|\n|upkeep\n|\n|t:|1782440989\n|switch|p1a: Ceruledge|Ceruledge, M|100/100\n|turn|5\n|\n|t:|1782440996\n|move|p2a: Kyurem|Earth Power|p1a: Ceruledge\n|-supereffective|p1a: Ceruledge\n|-damage|p1a: Ceruledge|31/100\n|move|p1a: Ceruledge|Bitter Blade|p2a: Kyurem\n|-damage|p2a: Kyurem|52/100\n|-heal|p1a: Ceruledge|64/100|[from] drain|[of] p2a: Kyurem\n|\n|-heal|p2a: Kyurem|58/100|[from] item: Leftovers\n|upkeep\n|turn|6\n|\n|t:|1782441011\n|move|p2a: Kyurem|Earth Power|p1a: Ceruledge\n|-supereffective|p1a: Ceruledge\n|-damage|p1a: Ceruledge|0 fnt\n|faint|p1a: Ceruledge\n|\n|-heal|p2a: Kyurem|64/100|[from] item: Leftovers\n|upkeep\n|\n|t:|1782441023\n|switch|p1a: Zapdos|Zapdos|100/100\n|turn|7\n|\n|t:|1782441033\n|-terastallize|p1a: Zapdos|Water\n|move|p2a: Kyurem|Freeze-Dry|p1a: Zapdos\n|-supereffective|p1a: Zapdos\n|-damage|p1a: Zapdos|29/100\n|move|p1a: Zapdos|Ancient Power|p2a: Kyurem\n|-supereffective|p2a: Kyurem\n|-damage|p2a: Kyurem|28/100\n|\n|-heal|p2a: Kyurem|34/100|[from] item: Leftovers\n|upkeep\n|turn|8\n|\n|t:|1782441047\n|move|p2a: Kyurem|Earth Power|p1a: Zapdos\n|-damage|p1a: Zapdos|0 fnt\n|faint|p1a: Zapdos\n|\n|-heal|p2a: Kyurem|41/100|[from] item: Leftovers\n|upkeep\n|\n|t:|1782441054\n|switch|p1a: Kommo-o|Kommo-o, M|100/100\n|turn|9\n|\n|t:|1782441060\n|move|p1a: Kommo-o|Iron Head|p2a: Kyurem\n|-supereffective|p2a: Kyurem\n|-damage|p2a: Kyurem|0 fnt\n|faint|p2a: Kyurem\n|\n|upkeep\n|\n|t:|1782441071\n|switch|p2a: Ting-Lu|Ting-Lu|100/100\n|-ability|p2a: Ting-Lu|Vessel of Ruin\n|turn|10\n|\n|t:|1782441077\n|switch|p1a: Iron Treads|Iron Treads|100/100\n|-enditem|p1a: Iron Treads|Booster Energy\n|-activate|p1a: Iron Treads|ability: Quark Drive|[fromitem]\n|-start|p1a: Iron Treads|quarkdrivedef\n|move|p2a: Ting-Lu|Earthquake|p1a: Iron Treads\n|-supereffective|p1a: Iron Treads\n|-damage|p1a: Iron Treads|57/100\n|\n|upkeep\n|turn|11\n|\n|t:|1782441088\n|move|p1a: Iron Treads|Knock Off|p2a: Ting-Lu\n|-resisted|p2a: Ting-Lu\n|-damage|p2a: Ting-Lu|93/100\n|-enditem|p2a: Ting-Lu|Leftovers|[from] move: Knock Off|[of] p1a: Iron Treads\n|move|p2a: Ting-Lu|Earthquake|p1a: Iron Treads\n|-supereffective|p1a: Iron Treads\n|-damage|p1a: Iron Treads|12/100\n|\n|upkeep\n|turn|12\n|\n|t:|1782441097\n|move|p1a: Iron Treads|Body Press|p2a: Ting-Lu\n|-supereffective|p2a: Ting-Lu\n|-damage|p2a: Ting-Lu|62/100\n|move|p2a: Ting-Lu|Earthquake|p1a: Iron Treads\n|-supereffective|p1a: Iron Treads\n|-damage|p1a: Iron Treads|0 fnt\n|faint|p1a: Iron Treads\n|-end|p1a: Iron Treads|Quark Drive|[silent]\n|\n|upkeep\n|\n|t:|1782441108\n|switch|p1a: Kommo-o|Kommo-o, M|100/100\n|turn|13\n|\n|t:|1782441118\n|switch|p2a: Dondozo|Dondozo, F|100/100\n|move|p1a: Kommo-o|Brick Break|p2a: Dondozo\n|-damage|p2a: Dondozo|78/100\n|\n|-heal|p2a: Dondozo|84/100|[from] item: Leftovers\n|upkeep\n|turn|14\n|\n|t:|1782441129\n|switch|p1a: Darkrai|Darkrai|100/100\n|move|p2a: Dondozo|Curse|p2a: Dondozo\n|-unboost|p2a: Dondozo|spe|1\n|-boost|p2a: Dondozo|atk|1\n|-boost|p2a: Dondozo|def|1\n|\n|-heal|p2a: Dondozo|91/100|[from] item: Leftovers\n|upkeep\n|turn|15\n|\n|t:|1782441139\n|move|p1a: Darkrai|Nasty Plot|p1a: Darkrai\n|-boost|p1a: Darkrai|spa|2\n|move|p2a: Dondozo|Body Press|p1a: Darkrai\n|-supereffective|p1a: Darkrai\n|-damage|p1a: Darkrai|14/100\n|\n|-heal|p2a: Dondozo|97/100|[from] item: Leftovers\n|upkeep\n|turn|16\n|\n|t:|1782441148\n|move|p1a: Darkrai|Dark Pulse|p2a: Dondozo\n|-damage|p2a: Dondozo|60/100\n|-damage|p1a: Darkrai|4/100|[from] item: Life Orb\n|cant|p2a: Dondozo|flinch\n|\n|-heal|p2a: Dondozo|67/100|[from] item: Leftovers\n|upkeep\n|turn|17\n|\n|t:|1782441156\n|move|p1a: Darkrai|Dark Pulse|p2a: Dondozo\n|-damage|p2a: Dondozo|31/100\n|-damage|p1a: Darkrai|0 fnt|[from] item: Life Orb\n|faint|p1a: Darkrai\n|cant|p2a: Dondozo|flinch\n|\n|-heal|p2a: Dondozo|37/100|[from] item: Leftovers\n|upkeep\n|\n|t:|1782441165\n|switch|p1a: Kommo-o|Kommo-o, M|100/100\n|turn|18\n|\n|t:|1782441172\n|switch|p2a: Corviknight|Corviknight, F|100/100\n|-ability|p2a: Corviknight|Pressure\n|move|p1a: Kommo-o|Dragon Claw|p2a: Corviknight\n|-resisted|p2a: Corviknight\n|-damage|p2a: Corviknight|90/100\n|-damage|p1a: Kommo-o|84/100|[from] item: Rocky Helmet|[of] p2a: Corviknight\n|\n|upkeep\n|turn|19\n|-message|758lboss forfeited.\n|\n|win|thepeakmons\n|raw|758lboss's rating: 1203 &rarr; <strong>1186</strong><br />(-17 for losing)\n|raw|thepeakmons's rating: 1321 &rarr; <strong>1334</strong><br />(+13 for winning)\n|l|☆758lboss\n|player|p1|\n", "uploadtime": 1782441182, "views": 15, "formatid": "gen9ou", "rating": 1186, "private": 0, "password": null}