{"id": "gen9ou-2540672093", "format": "[Gen 9] OU", "players": ["St4rfl1tT 2", "fck_yellow_magic"], "log": "|j|☆St4rfl1tT 2\n|j|☆fck_yellow_magic\n|t:|1771237843\n|gametype|singles\n|player|p1|St4rfl1tT 2|acetrainer|1613\n|player|p2|fck_yellow_magic|janitor-gen9|1606\n|gen|9\n|tier|[Gen 9] OU\n|rated|\n|rule|HP Percentage Mod: HP is shown in percentages\n|rule|Endless Battle Clause: Forcing endless battles is banned\n|rule|Species Clause: Limit one of each Pokémon\n|rule|OHKO Clause: OHKO moves are banned\n|rule|Evasion Items Clause: Evasion items are banned\n|rule|Evasion Moves Clause: Evasion moves are banned\n|rule|Evasion Abilities Clause: Evasion abilities are banned\n|rule|Sleep Moves Clause: Sleep-inducing moves are banned\n|clearpoke\n|poke|p1|Garchomp, M|\n|poke|p1|Darkrai|\n|poke|p1|Zapdos|\n|poke|p1|Zamazenta-*|\n|poke|p1|Heatran, M|\n|poke|p1|Ogerpon-Wellspring, F|\n|poke|p2|Iron Crown|\n|poke|p2|Enamorus, F|\n|poke|p2|Hatterene, F|\n|poke|p2|Probopass, M|\n|poke|p2|Great Tusk|\n|poke|p2|Dragapult, M|\n|teampreview\n|inactive|Battle timer is ON: inactive players will automatically lose when time's up. (requested by St4rfl1tT 2)\n|inactive|fck_yellow_magic has 120 seconds left.\n|\n|t:|1771237877\n|teamsize|p1|6\n|teamsize|p2|6\n|start\n|switch|p1a: Heatran|Heatran, M|100/100\n|switch|p2a: Enamorus|Enamorus, F|100/100\n|turn|1\n|\n|t:|1771237883\n|switch|p1a: Ogerpon|Ogerpon-Wellspring, F|100/100\n|move|p2a: Enamorus|Earth Power|p1a: Ogerpon\n|-resisted|p1a: Ogerpon\n|-damage|p1a: Ogerpon|84/100\n|\n|upkeep\n|turn|2\n|\n|t:|1771237888\n|move|p1a: Ogerpon|Ivy Cudgel|p2a: Enamorus|[anim] Ivy Cudgel Water\n|-crit|p2a: Enamorus\n|-damage|p2a: Enamorus|0 fnt\n|faint|p2a: Enamorus\n|\n|upkeep\n|\n|t:|1771237895\n|switch|p2a: Dragapult|Dragapult, M|100/100\n|turn|3\n|\n|t:|1771237903\n|move|p2a: Dragapult|Dragon Dance|p2a: Dragapult\n|-boost|p2a: Dragapult|atk|1\n|-boost|p2a: Dragapult|spe|1\n|move|p1a: Ogerpon|Encore|p2a: Dragapult\n|-start|p2a: Dragapult|Encore\n|\n|upkeep\n|turn|4\n|\n|t:|1771237909\n|switch|p2a: Hatterene|Hatterene, F|100/100\n|switch|p1a: Garchomp|Garchomp, M|100/100\n|\n|upkeep\n|turn|5\n|\n|t:|1771237917\n|switch|p1a: Heatran|Heatran, M|100/100\n|move|p2a: Hatterene|Draining Kiss|p1a: Heatran\n|-resisted|p1a: Heatran\n|-damage|p1a: Heatran|97/100\n|\n|-heal|p1a: Heatran|100/100|[from] item: Leftovers\n|upkeep\n|turn|6\n|\n|t:|1771237932\n|switch|p2a: Probopass|Probopass, M|100/100\n|move|p1a: Heatran|Magma Storm|p2a: Probopass|[miss]\n|-miss|p1a: Heatran|p2a: Probopass\n|\n|upkeep\n|turn|7\n|\n|t:|1771237937\n|move|p1a: Heatran|Taunt|p2a: Probopass\n|-start|p2a: Probopass|move: Taunt\n|cant|p2a: Probopass|move: Taunt|Stealth Rock\n|\n|upkeep\n|turn|8\n|\n|t:|1771237940\n|move|p1a: Heatran|Magma Storm|p2a: Probopass\n|-damage|p2a: Probopass|71/100\n|-activate|p2a: Probopass|move: Magma Storm|[of] p1a: Heatran\n|move|p2a: Probopass|Body Press|p1a: Heatran\n|-supereffective|p1a: Heatran\n|-damage|p1a: Heatran|42/100\n|\n|-heal|p1a: Heatran|48/100|[from] item: Leftovers\n|-damage|p2a: Probopass|59/100|[from] move: Magma Storm|[partiallytrapped]\n|upkeep\n|turn|9\n|\n|t:|1771237949\n|move|p1a: Heatran|Earth Power|p2a: Probopass\n|-supereffective|p2a: Probopass\n|-damage|p2a: Probopass|0 fnt\n|faint|p2a: Probopass\n|\n|-heal|p1a: Heatran|54/100|[from] item: Leftovers\n|upkeep\n|\n|t:|1771237962\n|switch|p2a: Great Tusk|Great Tusk|100/100\n|-enditem|p2a: Great Tusk|Booster Energy\n|-activate|p2a: Great Tusk|ability: Protosynthesis|[fromitem]\n|-start|p2a: Great Tusk|protosynthesisspe\n|turn|10\n|\n|t:|1771237973\n|switch|p1a: Zapdos|Zapdos|100/100\n|move|p2a: Great Tusk|Headlong Rush|p1a: Zapdos\n|-immune|p1a: Zapdos\n|\n|upkeep\n|turn|11\n|\n|t:|1771237978\n|-end|p2a: Great Tusk|Protosynthesis|[silent]\n|switch|p2a: Dragapult|Dragapult, M|100/100\n|move|p1a: Zapdos|Hurricane|p2a: Dragapult\n|-damage|p2a: Dragapult|31/100\n|\n|-heal|p2a: Dragapult|37/100|[from] item: Leftovers\n|upkeep\n|turn|12\n|\n|t:|1771237985\n|move|p2a: Dragapult|Dragon Darts|p1a: Zapdos\n|-damage|p1a: Zapdos|71/100\n|-anim|p2a: Dragapult|Dragon Darts|p1a: Zapdos\n|-damage|p1a: Zapdos|42/100\n|move|p1a: Zapdos|Volt Switch|p2a: Dragapult\n|-resisted|p2a: Dragapult\n|-damage|p2a: Dragapult|15/100\n|\n|t:|1771237992\n|switch|p1a: Darkrai|Darkrai|100/100|[from] Volt Switch\n|\n|-heal|p2a: Dragapult|21/100|[from] item: Leftovers\n|upkeep\n|turn|13\n|\n|t:|1771237997\n|move|p1a: Darkrai|Dark Pulse|p2a: Dragapult\n|-supereffective|p2a: Dragapult\n|-damage|p2a: Dragapult|0 fnt\n|faint|p2a: Dragapult\n|\n|upkeep\n|\n|t:|1771238000\n|switch|p2a: Iron Crown|Iron Crown|100/100\n|-enditem|p2a: Iron Crown|Booster Energy\n|-activate|p2a: Iron Crown|ability: Quark Drive|[fromitem]\n|-start|p2a: Iron Crown|quarkdrivespa\n|turn|14\n|\n|t:|1771238009\n|-terastallize|p2a: Iron Crown|Fighting\n|move|p1a: Darkrai|Dark Pulse|p2a: Iron Crown\n|-resisted|p2a: Iron Crown\n|-damage|p2a: Iron Crown|81/100\n|cant|p2a: Iron Crown|flinch\n|\n|upkeep\n|turn|15\n|\n|t:|1771238015\n|switch|p1a: Zamazenta|Zamazenta|100/100\n|-ability|p1a: Zamazenta|Dauntless Shield|boost\n|-boost|p1a: Zamazenta|def|1\n|move|p2a: Iron Crown|Agility|p2a: Iron Crown\n|-boost|p2a: Iron Crown|spe|2\n|\n|upkeep\n|turn|16\n|\n|t:|1771238023\n|-end|p2a: Iron Crown|Quark Drive|[silent]\n|switch|p2a: Hatterene|Hatterene, F|100/100\n|-terastallize|p1a: Zamazenta|Electric\n|move|p1a: Zamazenta|Roar|p2a: Hatterene\n|move|p2a: Hatterene|Roar|p1a: Zamazenta|[from] ability: Magic Bounce\n|drag|p1a: Darkrai|Darkrai|100/100\n|\n|upkeep\n|turn|17\n|c|☆fck_yellow_magic|of course\n|\n|t:|1771238031\n|move|p1a: Darkrai|Trick|p2a: Hatterene\n|-activate|p1a: Darkrai|move: Trick|[of] p2a: Hatterene\n|-item|p2a: Hatterene|Choice Scarf|[from] move: Trick\n|-item|p1a: Darkrai|Rocky Helmet|[from] move: Trick\n|move|p2a: Hatterene|Nuzzle|p1a: Darkrai\n|-damage|p1a: Darkrai|95/100\n|-status|p1a: Darkrai|par\n|-damage|p2a: Hatterene|84/100|[from] item: Rocky Helmet|[of] p1a: Darkrai\n|\n|upkeep\n|turn|18\n|\n|t:|1771238044\n|switch|p1a: Garchomp|Garchomp, M|100/100\n|switch|p2a: Great Tusk|Great Tusk|100/100\n|\n|upkeep\n|turn|19\n|\n|t:|1771238052\n|move|p1a: Garchomp|Scale Shot|p2a: Great Tusk\n|-damage|p2a: Great Tusk|93/100\n|-damage|p2a: Great Tusk|84/100\n|-damage|p2a: Great Tusk|77/100\n|-damage|p2a: Great Tusk|69/100\n|-damage|p2a: Great Tusk|60/100\n|-hitcount|p2a: Great Tusk|5\n|-unboost|p1a: Garchomp|def|1\n|-boost|p1a: Garchomp|spe|1\n|move|p2a: Great Tusk|Bulk Up|p2a: Great Tusk\n|-boost|p2a: Great Tusk|atk|1\n|-boost|p2a: Great Tusk|def|1\n|\n|upkeep\n|turn|20\n|\n|t:|1771238065\n|move|p1a: Garchomp|Swords Dance|p1a: Garchomp\n|-boost|p1a: Garchomp|atk|2\n|move|p2a: Great Tusk|Rapid Spin|p1a: Garchomp\n|-damage|p1a: Garchomp|68/100\n|-boost|p2a: Great Tusk|spe|1\n|-damage|p2a: Great Tusk|48/100|[from] ability: Rough Skin|[of] p1a: Garchomp\n|\n|upkeep\n|turn|21\n|\n|t:|1771238072\n|move|p1a: Garchomp|Scale Shot|p2a: Great Tusk\n|-damage|p2a: Great Tusk|37/100\n|-damage|p2a: Great Tusk|26/100\n|-damage|p2a: Great Tusk|16/100\n|-damage|p2a: Great Tusk|5/100\n|-hitcount|p2a: Great Tusk|4\n|-unboost|p1a: Garchomp|def|1\n|-boost|p1a: Garchomp|spe|1\n|move|p2a: Great Tusk|Ice Spinner|p1a: Garchomp\n|-supereffective|p1a: Garchomp\n|-damage|p1a: Garchomp|0 fnt\n|-damage|p2a: Great Tusk|0 fnt|[from] ability: Rough Skin|[of] p1a: Garchomp\n|faint|p1a: Garchomp\n|faint|p2a: Great Tusk\n|-end|p2a: Great Tusk|Protosynthesis|[silent]\n|\n|upkeep\n|\n|t:|1771238095\n|switch|p1a: Zamazenta|Zamazenta, tera:Electric|100/100\n|switch|p2a: Hatterene|Hatterene, F|84/100\n|turn|22\n|\n|t:|1771238101\n|switch|p1a: Heatran|Heatran, M|54/100\n|move|p2a: Hatterene|Psychic Noise|p1a: Heatran\n|-resisted|p1a: Heatran\n|-damage|p1a: Heatran|42/100\n|-start|p1a: Heatran|move: Heal Block\n|\n|upkeep\n|turn|23\n|\n|t:|1771238113\n|switch|p1a: Darkrai|Darkrai|95/100 par\n|move|p2a: Hatterene|Psychic Noise|p1a: Darkrai\n|-immune|p1a: Darkrai\n|\n|upkeep\n|turn|24\n|\n|t:|1771238120\n|cant|p1a: Darkrai|par\n|move|p2a: Hatterene|Psychic Noise|p1a: Darkrai\n|-immune|p1a: Darkrai\n|\n|upkeep\n|turn|25\n|\n|t:|1771238137\n|switch|p1a: Heatran|Heatran, M|42/100\n|move|p2a: Hatterene|Psychic Noise|p1a: Heatran\n|-resisted|p1a: Heatran\n|-damage|p1a: Heatran|30/100\n|-start|p1a: Heatran|move: Heal Block\n|\n|upkeep\n|turn|26\n|\n|t:|1771238144\n|move|p1a: Heatran|Earth Power|p2a: Hatterene\n|-crit|p2a: Hatterene\n|-damage|p2a: Hatterene|43/100\n|move|p2a: Hatterene|Psychic Noise|p1a: Heatran\n|-resisted|p1a: Heatran\n|-damage|p1a: Heatran|19/100\n|\n|-end|p1a: Heatran|move: Heal Block\n|upkeep\n|turn|27\n|\n|t:|1771238152\n|move|p1a: Heatran|Taunt|p2a: Hatterene\n|move|p2a: Hatterene|Taunt|p1a: Heatran|[from] ability: Magic Bounce\n|-start|p1a: Heatran|move: Taunt\n|move|p2a: Hatterene|Psychic Noise|p1a: Heatran\n|-resisted|p1a: Heatran\n|-damage|p1a: Heatran|8/100\n|-start|p1a: Heatran|move: Heal Block\n|\n|upkeep\n|turn|28\n|\n|t:|1771238161\n|move|p1a: Heatran|Earth Power|p2a: Hatterene\n|-damage|p2a: Hatterene|15/100\n|move|p2a: Hatterene|Psychic Noise|p1a: Heatran\n|-resisted|p1a: Heatran\n|-damage|p1a: Heatran|0 fnt\n|faint|p1a: Heatran\n|\n|upkeep\n|\n|t:|1771238167\n|switch|p1a: Ogerpon|Ogerpon-Wellspring, F|84/100\n|turn|29\n|\n|t:|1771238170\n|move|p1a: Ogerpon|Swords Dance|p1a: Ogerpon\n|-boost|p1a: Ogerpon|atk|2\n|move|p2a: Hatterene|Psychic Noise|p1a: Ogerpon\n|-damage|p1a: Ogerpon|44/100\n|-start|p1a: Ogerpon|move: Heal Block\n|\n|upkeep\n|turn|30\n|\n|t:|1771238177\n|move|p1a: Ogerpon|Ivy Cudgel|p2a: Hatterene|[anim] Ivy Cudgel Water\n|-damage|p2a: Hatterene|0 fnt\n|faint|p2a: Hatterene\n|\n|-end|p1a: Ogerpon|move: Heal Block\n|upkeep\n|\n|t:|1771238179\n|switch|p2a: Iron Crown|Iron Crown, tera:Fighting|81/100\n|turn|31\n|\n|t:|1771238183\n|move|p1a: Ogerpon|Ivy Cudgel|p2a: Iron Crown|[anim] Ivy Cudgel Water\n|-damage|p2a: Iron Crown|0 fnt\n|faint|p2a: Iron Crown\n|-end|p2a: Iron Crown|Quark Drive|[silent]\n|\n|win|St4rfl1tT 2\n|raw|St4rfl1tT 2's rating: 1613 &rarr; <strong>1633</strong><br />(+20 for winning)\n|raw|fck_yellow_magic's rating: 1606 &rarr; <strong>1586</strong><br />(-20 for losing)\n|l|☆St4rfl1tT 2\n|player|p1|\n|l|☆fck_yellow_magic\n|player|p2|\n", "uploadtime": 1771238402, "views": 12, "formatid": "gen9ou", "rating": 1586, "private": 0, "password": null}