{"id": "gen9ou-2639236655", "format": "[Gen 9] OU", "players": ["TurtleKDM", "seantheguyr5"], "log": "|j|☆TurtleKDM\n|j|☆seantheguyr5\n|t:|1782438473\n|gametype|singles\n|player|p1|TurtleKDM|101|1332\n|player|p2|seantheguyr5|emmet|1345\n|gen|9\n|tier|[Gen 9] OU\n|rated|\n|rule|HP Percentage Mod: HP is shown in percentages\n|rule|Endless Battle Clause: Forcing endless battles is banned\n|rule|Species Clause: Limit one of each Pokémon\n|rule|OHKO Clause: OHKO moves are banned\n|rule|Evasion Items Clause: Evasion items are banned\n|rule|Evasion Moves Clause: Evasion moves are banned\n|rule|Evasion Abilities Clause: Evasion abilities are banned\n|rule|Sleep Moves Clause: Sleep-inducing moves are banned\n|clearpoke\n|poke|p1|Ninetales, M|\n|poke|p1|Typhlosion-Hisui, F|\n|poke|p1|Venusaur, M|\n|poke|p1|Great Tusk|\n|poke|p1|Garganacl, F|\n|poke|p1|Walking Wake|\n|poke|p2|Ting-Lu|\n|poke|p2|Gliscor, F|\n|poke|p2|Sinistcha-Masterpiece|\n|poke|p2|Keldeo|\n|poke|p2|Tinkaton, F|\n|poke|p2|Dragonite, F|\n|teampreview\n|\n|t:|1782438492\n|teamsize|p1|6\n|teamsize|p2|6\n|start\n|switch|p1a: Walking Wake|Walking Wake|100/100\n|switch|p2a: Jarhead|Ting-Lu|100/100\n|-ability|p2a: Jarhead|Vessel of Ruin\n|turn|1\n|inactive|Battle timer is ON: inactive players will automatically lose when time's up. (requested by seantheguyr5)\n|inactive|TurtleKDM has 120 seconds left.\n|\n|t:|1782438549\n|move|p1a: Walking Wake|Hydro Steam|p2a: Jarhead\n|-supereffective|p2a: Jarhead\n|-damage|p2a: Jarhead|54/100\n|move|p2a: Jarhead|Ruination|p1a: Walking Wake\n|-damage|p1a: Walking Wake|51/100\n|\n|-heal|p2a: Jarhead|60/100|[from] item: Leftovers\n|upkeep\n|turn|2\n|\n|t:|1782438558\n|switch|p2a: MoonShine|Sinistcha-Masterpiece|100/100\n|move|p1a: Walking Wake|Hydro Steam|p2a: MoonShine\n|-resisted|p2a: MoonShine\n|-damage|p2a: MoonShine|63/100\n|\n|upkeep\n|turn|3\n|\n|t:|1782438567\n|-end|p1a: Walking Wake|Protosynthesis|[silent]\n|switch|p1a: Ninetales|Ninetales, M|100/100\n|-weather|SunnyDay|[from] ability: Drought|[of] p1a: Ninetales\n|move|p2a: MoonShine|Matcha Gotcha|p1a: Ninetales\n|-resisted|p1a: Ninetales\n|-damage|p1a: Ninetales|84/100\n|-heal|p2a: MoonShine|72/100|[from] drain|[of] p1a: Ninetales\n|\n|-weather|SunnyDay|[upkeep]\n|upkeep\n|turn|4\n|\n|t:|1782438575\n|switch|p2a: SUGARCUBE|Keldeo|100/100\n|move|p1a: Ninetales|Weather Ball|p2a: SUGARCUBE\n|-resisted|p2a: SUGARCUBE\n|-damage|p2a: SUGARCUBE|77/100\n|\n|-weather|SunnyDay|[upkeep]\n|upkeep\n|turn|5\n|\n|t:|1782438582\n|switch|p1a: Venusaur|Venusaur, M|100/100\n|move|p2a: SUGARCUBE|Surf|p1a: Venusaur\n|-resisted|p1a: Venusaur\n|-damage|p1a: Venusaur|86/100\n|\n|-weather|SunnyDay|[upkeep]\n|upkeep\n|turn|6\n|\n|t:|1782438592\n|move|p1a: Venusaur|Solar Beam||[still]\n|-prepare|p1a: Venusaur|Solar Beam\n|-anim|p1a: Venusaur|Solar Beam|p2a: SUGARCUBE\n|-supereffective|p2a: SUGARCUBE\n|-damage|p2a: SUGARCUBE|0 fnt\n|faint|p2a: SUGARCUBE\n|-damage|p1a: Venusaur|76/100|[from] item: Life Orb\n|\n|-weather|SunnyDay|[upkeep]\n|upkeep\n|\n|t:|1782438598\n|switch|p2a: Tiffany|Tinkaton, F|100/100\n|-ability|p2a: Tiffany|Mold Breaker\n|-item|p2a: Tiffany|Air Balloon\n|turn|7\n|\n|t:|1782438606\n|move|p1a: Venusaur|Weather Ball|p2a: Tiffany\n|-supereffective|p2a: Tiffany\n|-damage|p2a: Tiffany|1/100\n|-enditem|p2a: Tiffany|Air Balloon\n|-damage|p1a: Venusaur|66/100|[from] item: Life Orb\n|move|p2a: Tiffany|Gigaton Hammer|p1a: Venusaur\n|-damage|p1a: Venusaur|9/100\n|\n|-weather|SunnyDay|[upkeep]\n|upkeep\n|turn|8\n|\n|t:|1782438619\n|switch|p1a: Great Tusk|Great Tusk|100/100\n|-activate|p1a: Great Tusk|ability: Protosynthesis\n|-start|p1a: Great Tusk|protosynthesisatk\n|move|p2a: Tiffany|Stealth Rock|p1a: Great Tusk\n|-sidestart|p1: TurtleKDM|move: Stealth Rock\n|\n|-weather|SunnyDay|[upkeep]\n|upkeep\n|turn|9\n|\n|t:|1782438637\n|move|p2a: Tiffany|Encore||[still]\n|-fail|p2a: Tiffany\n|move|p1a: Great Tusk|Ice Spinner|p2a: Tiffany\n|-resisted|p2a: Tiffany\n|-damage|p2a: Tiffany|0 fnt\n|faint|p2a: Tiffany\n|\n|-weather|SunnyDay|[upkeep]\n|upkeep\n|\n|t:|1782438641\n|switch|p2a: MoonShine|Sinistcha-Masterpiece|72/100\n|turn|10\n|\n|t:|1782438645\n|move|p1a: Great Tusk|Ice Spinner|p2a: MoonShine\n|-supereffective|p2a: MoonShine\n|-damage|p2a: MoonShine|15/100\n|move|p2a: MoonShine|Strength Sap|p1a: Great Tusk\n|-unboost|p1a: Great Tusk|atk|1\n|-heal|p2a: MoonShine|100/100\n|\n|-weather|none\n|-end|p1a: Great Tusk|Protosynthesis\n|upkeep\n|turn|11\n|\n|t:|1782438654\n|-end|p1a: Great Tusk|Protosynthesis|[silent]\n|switch|p1a: Ninetales|Ninetales, M|84/100\n|-damage|p1a: Ninetales|59/100|[from] Stealth Rock\n|-weather|SunnyDay|[from] ability: Drought|[of] p1a: Ninetales\n|switch|p2a: Jarhead|Ting-Lu|60/100\n|-ability|p2a: Jarhead|Vessel of Ruin\n|\n|-weather|SunnyDay|[upkeep]\n|-heal|p2a: Jarhead|66/100|[from] item: Leftovers\n|upkeep\n|turn|12\n|\n|t:|1782438663\n|switch|p1a: Great Tusk|Great Tusk|100/100\n|-damage|p1a: Great Tusk|98/100|[from] Stealth Rock\n|-activate|p1a: Great Tusk|ability: Protosynthesis\n|-start|p1a: Great Tusk|protosynthesisatk\n|move|p2a: Jarhead|Spikes|p1a: Great Tusk\n|-sidestart|p1: TurtleKDM|Spikes\n|\n|-weather|SunnyDay|[upkeep]\n|-heal|p2a: Jarhead|72/100|[from] item: Leftovers\n|upkeep\n|turn|13\n|\n|t:|1782438672\n|-terastallize|p2a: Jarhead|Ghost\n|move|p1a: Great Tusk|Ice Spinner|p2a: Jarhead\n|-damage|p2a: Jarhead|49/100\n|move|p2a: Jarhead|Whirlwind|p1a: Great Tusk\n|-end|p1a: Great Tusk|Protosynthesis|[silent]\n|drag|p1a: Garganacl|Garganacl, F|100/100\n|-damage|p1a: Garganacl|88/100|[from] Stealth Rock\n|-damage|p1a: Garganacl|76/100|[from] Spikes\n|\n|-weather|SunnyDay|[upkeep]\n|-heal|p2a: Jarhead|56/100|[from] item: Leftovers\n|-heal|p1a: Garganacl|82/100|[from] item: Leftovers\n|upkeep\n|turn|14\n|\n|t:|1782438692\n|switch|p1a: Great Tusk|Great Tusk|98/100\n|-damage|p1a: Great Tusk|95/100|[from] Stealth Rock\n|-damage|p1a: Great Tusk|82/100|[from] Spikes\n|-activate|p1a: Great Tusk|ability: Protosynthesis\n|-start|p1a: Great Tusk|protosynthesisatk\n|move|p2a: Jarhead|Whirlwind|p1a: Great Tusk\n|-end|p1a: Great Tusk|Protosynthesis|[silent]\n|drag|p1a: Ninetales|Ninetales, M|59/100\n|-damage|p1a: Ninetales|34/100|[from] Stealth Rock\n|-damage|p1a: Ninetales|22/100|[from] Spikes\n|\n|-weather|SunnyDay|[upkeep]\n|-heal|p2a: Jarhead|62/100|[from] item: Leftovers\n|upkeep\n|turn|15\n|\n|t:|1782438702\n|switch|p1a: Great Tusk|Great Tusk|82/100\n|-damage|p1a: Great Tusk|79/100|[from] Stealth Rock\n|-damage|p1a: Great Tusk|67/100|[from] Spikes\n|-activate|p1a: Great Tusk|ability: Protosynthesis\n|-start|p1a: Great Tusk|protosynthesisatk\n|move|p2a: Jarhead|Whirlwind|p1a: Great Tusk\n|-end|p1a: Great Tusk|Protosynthesis|[silent]\n|drag|p1a: Typhlosion|Typhlosion-Hisui, F|100/100\n|-damage|p1a: Typhlosion|76/100|[from] Stealth Rock\n|-damage|p1a: Typhlosion|64/100|[from] Spikes\n|\n|-weather|SunnyDay|[upkeep]\n|-heal|p2a: Jarhead|68/100|[from] item: Leftovers\n|upkeep\n|turn|16\n|\n|t:|1782438712\n|move|p1a: Typhlosion|Shadow Ball|p2a: Jarhead\n|-supereffective|p2a: Jarhead\n|-damage|p2a: Jarhead|35/100\n|move|p2a: Jarhead|Whirlwind|p1a: Typhlosion\n|drag|p1a: Great Tusk|Great Tusk|67/100\n|-damage|p1a: Great Tusk|64/100|[from] Stealth Rock\n|-damage|p1a: Great Tusk|51/100|[from] Spikes\n|-activate|p1a: Great Tusk|ability: Protosynthesis\n|-start|p1a: Great Tusk|protosynthesisatk\n|\n|-weather|SunnyDay|[upkeep]\n|-heal|p2a: Jarhead|41/100|[from] item: Leftovers\n|upkeep\n|turn|17\n|\n|t:|1782438719\n|move|p1a: Great Tusk|Headlong Rush|p2a: Jarhead\n|-damage|p2a: Jarhead|0 fnt\n|-unboost|p1a: Great Tusk|def|1\n|-unboost|p1a: Great Tusk|spd|1\n|faint|p2a: Jarhead\n|\n|-weather|SunnyDay|[upkeep]\n|upkeep\n|\n|t:|1782438723\n|switch|p2a: lemonade|Dragonite, F|100/100\n|turn|18\n|\n|t:|1782438728\n|move|p1a: Great Tusk|Ice Spinner|p2a: lemonade\n|-supereffective|p2a: lemonade\n|-crit|p2a: lemonade\n|-damage|p2a: lemonade|0 fnt\n|faint|p2a: lemonade\n|\n|-weather|none\n|-end|p1a: Great Tusk|Protosynthesis\n|upkeep\n|-message|seantheguyr5 forfeited.\n|\n|win|TurtleKDM\n|raw|TurtleKDM's rating: 1332 &rarr; <strong>1353</strong><br />(+21 for winning)\n|raw|seantheguyr5's rating: 1345 &rarr; <strong>1324</strong><br />(-21 for losing)\n|l|☆seantheguyr5\n|player|p2|\n|l|☆TurtleKDM\n|player|p1|\n", "uploadtime": 1782439082, "views": 8, "formatid": "gen9ou", "rating": 1324, "private": 0, "password": null}