{"id": "gen9ou-2540583702", "format": "[Gen 9] OU", "players": ["Its NaCl", "H0llo"], "log": "|j|☆Its NaCl\n|j|☆H0llo\n|t:|1771221898\n|gametype|singles\n|player|p1|Its NaCl|flannery|1537\n|player|p2|H0llo|idol|1561\n|gen|9\n|tier|[Gen 9] OU\n|rated|\n|rule|HP Percentage Mod: HP is shown in percentages\n|rule|Endless Battle Clause: Forcing endless battles is banned\n|rule|Species Clause: Limit one of each Pokémon\n|rule|OHKO Clause: OHKO moves are banned\n|rule|Evasion Items Clause: Evasion items are banned\n|rule|Evasion Moves Clause: Evasion moves are banned\n|rule|Evasion Abilities Clause: Evasion abilities are banned\n|rule|Sleep Moves Clause: Sleep-inducing moves are banned\n|clearpoke\n|poke|p1|Samurott-Hisui, F|\n|poke|p1|Glimmora, F|\n|poke|p1|Ceruledge, F|\n|poke|p1|Iron Valiant|\n|poke|p1|Kingambit, M|\n|poke|p1|Dragonite, F|\n|poke|p2|Heatran, M|\n|poke|p2|Gliscor, M|\n|poke|p2|Kyurem|\n|poke|p2|Hatterene, F|\n|poke|p2|Tornadus-Therian, M|\n|poke|p2|Zamazenta-*|\n|teampreview\n|inactive|Battle timer is ON: inactive players will automatically lose when time's up. (requested by H0llo)\n|j| qd king\n|\n|t:|1771221911\n|teamsize|p1|6\n|teamsize|p2|6\n|start\n|switch|p1a: Samurott|Samurott-Hisui, F|100/100\n|switch|p2a: Kyurem|Kyurem|100/100\n|-ability|p2a: Kyurem|Pressure\n|turn|1\n|\n|t:|1771221916\n|move|p2a: Kyurem|Protect|p2a: Kyurem\n|-singleturn|p2a: Kyurem|Protect\n|move|p1a: Samurott|Ceaseless Edge|p2a: Kyurem\n|-activate|p2a: Kyurem|move: Protect\n|\n|upkeep\n|turn|2\n|\n|t:|1771221921\n|move|p2a: Kyurem|Freeze-Dry|p1a: Samurott\n|-supereffective|p1a: Samurott\n|-enditem|p1a: Samurott|Focus Sash\n|-damage|p1a: Samurott|1/100\n|-status|p1a: Samurott|frz\n|cant|p1a: Samurott|frz\n|\n|upkeep\n|turn|3\n|c|☆Its NaCl|Well then\n|\n|t:|1771221948\n|move|p2a: Kyurem|Substitute|p2a: Kyurem\n|-start|p2a: Kyurem|Substitute\n|-damage|p2a: Kyurem|76/100\n|cant|p1a: Samurott|frz\n|\n|-heal|p2a: Kyurem|82/100|[from] item: Leftovers\n|upkeep\n|turn|4\n|\n|t:|1771221953\n|move|p2a: Kyurem|Freeze-Dry|p1a: Samurott\n|-supereffective|p1a: Samurott\n|-damage|p1a: Samurott|0 fnt\n|faint|p1a: Samurott\n|\n|-heal|p2a: Kyurem|88/100|[from] item: Leftovers\n|upkeep\n|\n|t:|1771221970\n|switch|p1a: Kingambit|Kingambit, M|100/100\n|-activate|p1a: Kingambit|ability: Supreme Overlord\n|-start|p1a: Kingambit|fallen1|[silent]\n|turn|5\n|\n|t:|1771221975\n|-terastallize|p2a: Kyurem|Ground\n|move|p2a: Kyurem|Earth Power|p1a: Kingambit\n|-supereffective|p1a: Kingambit\n|-damage|p1a: Kingambit|15/100\n|move|p1a: Kingambit|Iron Head|p2a: Kyurem\n|-end|p2a: Kyurem|Substitute\n|\n|-heal|p2a: Kyurem|94/100|[from] item: Leftovers\n|-heal|p1a: Kingambit|21/100|[from] item: Leftovers\n|upkeep\n|turn|6\n|\n|t:|1771221989\n|move|p2a: Kyurem|Substitute|p2a: Kyurem\n|-start|p2a: Kyurem|Substitute\n|-damage|p2a: Kyurem|69/100\n|move|p1a: Kingambit|Iron Head|p2a: Kyurem\n|-end|p2a: Kyurem|Substitute\n|\n|-heal|p2a: Kyurem|75/100|[from] item: Leftovers\n|-heal|p1a: Kingambit|27/100|[from] item: Leftovers\n|upkeep\n|turn|7\n|inactive|Its NaCl has 120 seconds left.\n|\n|t:|1771222015\n|move|p2a: Kyurem|Earth Power|p1a: Kingambit\n|-supereffective|p1a: Kingambit\n|-crit|p1a: Kingambit\n|-damage|p1a: Kingambit|0 fnt\n|faint|p1a: Kingambit\n|-end|p1a: Kingambit|fallen1|[silent]\n|\n|-heal|p2a: Kyurem|81/100|[from] item: Leftovers\n|upkeep\n|inactive|Its NaCl has 120 seconds left.\n|\n|t:|1771222024\n|switch|p1a: Iron Valiant|Iron Valiant|100/100\n|-enditem|p1a: Iron Valiant|Booster Energy\n|-activate|p1a: Iron Valiant|ability: Quark Drive|[fromitem]\n|-start|p1a: Iron Valiant|quarkdrivespe\n|turn|8\n|\n|t:|1771222032\n|switch|p2a: Hatterene|Hatterene, F|100/100\n|move|p1a: Iron Valiant|Close Combat|p2a: Hatterene\n|-resisted|p2a: Hatterene\n|-damage|p2a: Hatterene|89/100\n|-unboost|p1a: Iron Valiant|def|1\n|-unboost|p1a: Iron Valiant|spd|1\n|-damage|p1a: Iron Valiant|84/100|[from] item: Rocky Helmet|[of] p2a: Hatterene\n|\n|upkeep\n|turn|9\n|\n|t:|1771222042\n|-end|p1a: Iron Valiant|Quark Drive|[silent]\n|switch|p1a: Glimmora|Glimmora, F|100/100\n|move|p2a: Hatterene|Psychic Noise|p1a: Glimmora\n|-supereffective|p1a: Glimmora\n|-damage|p1a: Glimmora|14/100\n|-start|p1a: Glimmora|move: Heal Block\n|-enditem|p1a: Glimmora|Red Card|[of] p2a: Hatterene\n|drag|p2a: Heatran|Heatran, M|100/100\n|\n|upkeep\n|turn|10\n|\n|t:|1771222053\n|switch|p2a: Hatterene|Hatterene, F|89/100\n|move|p1a: Glimmora|Earth Power|p2a: Hatterene\n|-damage|p2a: Hatterene|56/100\n|\n|-end|p1a: Glimmora|move: Heal Block\n|upkeep\n|turn|11\n|\n|t:|1771222061\n|move|p1a: Glimmora|Mortal Spin|p2a: Hatterene\n|-supereffective|p2a: Hatterene\n|-damage|p2a: Hatterene|46/100\n|-status|p2a: Hatterene|psn\n|-damage|p1a: Glimmora|0 fnt|[from] item: Rocky Helmet|[of] p2a: Hatterene\n|faint|p1a: Glimmora\n|move|p2a: Hatterene|Psychic Noise|p1: Glimmora|[notarget]\n|-fail|p2a: Hatterene\n|\n|-damage|p2a: Hatterene|34/100 psn|[from] psn\n|upkeep\n|\n|t:|1771222073\n|switch|p1a: Ceruledge|Ceruledge, F|100/100\n|turn|12\n|\n|t:|1771222078\n|move|p1a: Ceruledge|Swords Dance|p1a: Ceruledge\n|-boost|p1a: Ceruledge|atk|2\n|move|p2a: Hatterene|Nuzzle|p1a: Ceruledge\n|-damage|p1a: Ceruledge|95/100\n|-status|p1a: Ceruledge|par\n|-ability|p1a: Ceruledge|Weak Armor|boost\n|-unboost|p1a: Ceruledge|def|1\n|-boost|p1a: Ceruledge|spe|2\n|\n|-damage|p2a: Hatterene|22/100 psn|[from] psn\n|upkeep\n|turn|13\n|\n|t:|1771222084\n|move|p1a: Ceruledge|Bitter Blade|p2a: Hatterene\n|-damage|p2a: Hatterene|0 fnt\n|-heal|p1a: Ceruledge|100/100 par|[from] drain|[of] p2a: Hatterene\n|-damage|p1a: Ceruledge|84/100 par|[from] item: Rocky Helmet|[of] p2a: Hatterene\n|faint|p2a: Hatterene\n|\n|upkeep\n|\n|t:|1771222096\n|switch|p2a: Zamazenta|Zamazenta|100/100\n|-ability|p2a: Zamazenta|Dauntless Shield|boost\n|-boost|p2a: Zamazenta|def|1\n|turn|14\n|\n|t:|1771222108\n|move|p1a: Ceruledge|Poltergeist|p2a: Zamazenta\n|-activate|p2a: Zamazenta|move: Poltergeist|Leftovers\n|-damage|p2a: Zamazenta|38/100\n|move|p2a: Zamazenta|Roar|p1a: Ceruledge\n|drag|p1a: Iron Valiant|Iron Valiant|84/100\n|\n|-heal|p2a: Zamazenta|44/100|[from] item: Leftovers\n|upkeep\n|turn|15\n|\n|t:|1771222128\n|-terastallize|p1a: Iron Valiant|Steel\n|move|p2a: Zamazenta|Iron Defense|p2a: Zamazenta\n|-boost|p2a: Zamazenta|def|2\n|move|p1a: Iron Valiant|Moonblast|p2a: Zamazenta\n|-supereffective|p2a: Zamazenta\n|-damage|p2a: Zamazenta|0 fnt\n|faint|p2a: Zamazenta\n|\n|upkeep\n|\n|t:|1771222137\n|switch|p2a: Tornadus|Tornadus-Therian, M|100/100\n|turn|16\n|\n|t:|1771222145\n|-end|p1a: Iron Valiant|Quark Drive|[silent]\n|switch|p1a: Ceruledge|Ceruledge, F|84/100 par\n|move|p2a: Tornadus|Heat Wave|p1a: Ceruledge\n|-resisted|p1a: Ceruledge\n|-damage|p1a: Ceruledge|71/100 par\n|\n|upkeep\n|turn|17\n|\n|t:|1771222154\n|move|p2a: Tornadus|Knock Off|p1a: Ceruledge\n|-supereffective|p1a: Ceruledge\n|-damage|p1a: Ceruledge|12/100 par\n|-ability|p1a: Ceruledge|Weak Armor|boost\n|-unboost|p1a: Ceruledge|def|1\n|-boost|p1a: Ceruledge|spe|2\n|-enditem|p1a: Ceruledge|Focus Sash|[from] move: Knock Off|[of] p2a: Tornadus\n|move|p1a: Ceruledge|Poltergeist|p2a: Tornadus\n|-activate|p2a: Tornadus|move: Poltergeist|Assault Vest\n|-damage|p2a: Tornadus|40/100\n|\n|upkeep\n|turn|18\n|\n|t:|1771222165\n|move|p1a: Ceruledge|Shadow Sneak|p2a: Tornadus\n|-damage|p2a: Tornadus|17/100\n|move|p2a: Tornadus|Knock Off|p1a: Ceruledge\n|-supereffective|p1a: Ceruledge\n|-damage|p1a: Ceruledge|0 fnt\n|faint|p1a: Ceruledge\n|\n|upkeep\n|\n|t:|1771222170\n|switch|p1a: Dragonite|Dragonite, F|100/100\n|turn|19\n|\n|t:|1771222175\n|move|p2a: Tornadus|U-turn|p1a: Dragonite\n|-resisted|p1a: Dragonite\n|-damage|p1a: Dragonite|96/100\n|\n|t:|1771222177\n|switch|p2a: Gliscor|Gliscor, M|100/100|[from] U-turn\n|move|p1a: Dragonite|Dragon Dance|p1a: Dragonite\n|-boost|p1a: Dragonite|atk|1\n|-boost|p1a: Dragonite|spe|1\n|\n|-status|p2a: Gliscor|tox|[from] item: Toxic Orb\n|upkeep\n|turn|20\n|\n|t:|1771222186\n|move|p1a: Dragonite|Ice Spinner|p2a: Gliscor\n|-supereffective|p2a: Gliscor\n|-damage|p2a: Gliscor|0 fnt\n|faint|p2a: Gliscor\n|\n|upkeep\n|\n|t:|1771222193\n|switch|p2a: Kyurem|Kyurem, tera:Ground|81/100\n|-ability|p2a: Kyurem|Pressure\n|turn|21\n|\n|t:|1771222197\n|move|p1a: Dragonite|Ice Spinner|p2a: Kyurem\n|-supereffective|p2a: Kyurem\n|-damage|p2a: Kyurem|1/100\n|move|p2a: Kyurem|Freeze-Dry|p1a: Dragonite\n|-supereffective|p1a: Dragonite\n|-damage|p1a: Dragonite|0 fnt\n|faint|p1a: Dragonite\n|\n|-heal|p2a: Kyurem|8/100|[from] item: Leftovers\n|upkeep\n|\n|t:|1771222203\n|switch|p1a: Iron Valiant|Iron Valiant, tera:Steel|84/100\n|turn|22\n|\n|t:|1771222209\n|move|p1a: Iron Valiant|Moonblast|p2a: Kyurem\n|-damage|p2a: Kyurem|0 fnt\n|faint|p2a: Kyurem\n|\n|upkeep\n|\n|t:|1771222211\n|switch|p2a: Tornadus|Tornadus-Therian, M|50/100\n|turn|23\n|\n|t:|1771222215\n|switch|p2a: Heatran|Heatran, M|100/100\n|move|p1a: Iron Valiant|Moonblast|p2a: Heatran\n|-resisted|p2a: Heatran\n|-crit|p2a: Heatran\n|-damage|p2a: Heatran|90/100\n|\n|-heal|p2a: Heatran|96/100|[from] item: Leftovers\n|upkeep\n|turn|24\n|\n|t:|1771222220\n|move|p1a: Iron Valiant|Close Combat|p2a: Heatran\n|-supereffective|p2a: Heatran\n|-damage|p2a: Heatran|12/100\n|-unboost|p1a: Iron Valiant|def|1\n|-unboost|p1a: Iron Valiant|spd|1\n|move|p2a: Heatran|Earth Power|p1a: Iron Valiant\n|-supereffective|p1a: Iron Valiant\n|-damage|p1a: Iron Valiant|0 fnt\n|faint|p1a: Iron Valiant\n|-end|p1a: Iron Valiant|Quark Drive|[silent]\n|\n|win|H0llo\n|raw|Its NaCl's rating: 1537 &rarr; <strong>1518</strong><br />(-19 for losing)\n|raw|H0llo's rating: 1561 &rarr; <strong>1580</strong><br />(+19 for winning)\n|l|☆Its NaCl\n|player|p1|\n|l| qd king\n|l|☆H0llo\n|player|p2|\n", "uploadtime": 1771222412, "views": 4, "formatid": "gen9ou", "rating": 1518, "private": 0, "password": null}