{"id": "gen9ou-2639295087", "format": "[Gen 9] OU", "players": ["jaca resenhudo", "Roni13"], "log": "|j|☆jaca resenhudo\n|j|☆Roni13\n|t:|1782447684\n|gametype|singles\n|player|p1|jaca resenhudo|ethan|1145\n|player|p2|Roni13|hilbert|1173\n|gen|9\n|tier|[Gen 9] OU\n|rated|\n|rule|HP Percentage Mod: HP is shown in percentages\n|rule|Endless Battle Clause: Forcing endless battles is banned\n|rule|Species Clause: Limit one of each Pokémon\n|rule|OHKO Clause: OHKO moves are banned\n|rule|Evasion Items Clause: Evasion items are banned\n|rule|Evasion Moves Clause: Evasion moves are banned\n|rule|Evasion Abilities Clause: Evasion abilities are banned\n|rule|Sleep Moves Clause: Sleep-inducing moves are banned\n|clearpoke\n|poke|p1|Garchomp, F|\n|poke|p1|Iron Valiant|\n|poke|p1|Gastrodon, M|\n|poke|p1|Slither Wing|\n|poke|p1|Goodra-Hisui, M|\n|poke|p1|Dragapult, F|\n|poke|p2|Weavile, M|\n|poke|p2|Blaziken, M|\n|poke|p2|Gliscor, M|\n|poke|p2|Rillaboom, F|\n|poke|p2|Primarina, F|\n|poke|p2|Sableye, M|\n|teampreview\n|inactive|Battle timer is ON: inactive players will automatically lose when time's up. (requested by Roni13)\n|\n|t:|1782447716\n|teamsize|p1|6\n|teamsize|p2|6\n|start\n|switch|p1a: roselita|Slither Wing, shiny|100/100\n|switch|p2a: Weavile|Weavile, M|100/100\n|turn|1\n|\n|t:|1782447732\n|move|p2a: Weavile|Hone Claws|p2a: Weavile\n|-boost|p2a: Weavile|atk|1\n|-boost|p2a: Weavile|accuracy|1\n|move|p1a: roselita|Close Combat|p2a: Weavile\n|-supereffective|p2a: Weavile\n|-enditem|p2a: Weavile|Focus Sash\n|-damage|p2a: Weavile|1/100\n|-unboost|p1a: roselita|def|1\n|-unboost|p1a: roselita|spd|1\n|-enditem|p1a: roselita|Choice Band|[silent]|[from] ability: Pickpocket|[of] p1a: roselita\n|-item|p2a: Weavile|Choice Band|[from] ability: Pickpocket|[of] p1a: roselita\n|\n|upkeep\n|turn|2\n|\n|t:|1782447749\n|move|p2a: Weavile|Triple Axel|p1a: roselita\n|-damage|p1a: roselita|63/100\n|-damage|p1a: roselita|0 fnt\n|faint|p1a: roselita\n|-end|p1a: roselita|Protosynthesis|[silent]\n|-hitcount|p1: roselita|2\n|\n|upkeep\n|\n|t:|1782447756\n|switch|p1a: isaias|Iron Valiant, shiny|100/100\n|-enditem|p1a: isaias|Booster Energy\n|-activate|p1a: isaias|ability: Quark Drive|[fromitem]\n|-start|p1a: isaias|quarkdrivespe\n|turn|3\n|\n|t:|1782447764\n|move|p1a: isaias|Aura Sphere|p2a: Weavile\n|-supereffective|p2a: Weavile\n|-damage|p2a: Weavile|0 fnt\n|faint|p2a: Weavile\n|\n|upkeep\n|\n|t:|1782447772\n|switch|p2a: Sableye|Sableye, M|100/100\n|turn|4\n|\n|t:|1782447778\n|move|p2a: Sableye|Encore|p1a: isaias\n|-start|p1a: isaias|Encore\n|move|p1a: isaias|Aura Sphere|p2a: Sableye\n|-immune|p2a: Sableye\n|\n|upkeep\n|turn|5\n|\n|t:|1782447808\n|-end|p1a: isaias|Quark Drive|[silent]\n|switch|p1a: estefan|Goodra-Hisui, M, shiny|100/100\n|move|p2a: Sableye|Will-O-Wisp|p1a: estefan\n|-status|p1a: estefan|brn\n|\n|-damage|p1a: estefan|94/100 brn|[from] brn\n|upkeep\n|turn|6\n|inactive|jaca resenhudo has 120 seconds left.\n|\n|t:|1782447834\n|switch|p2a: Gliscor|Gliscor, M, shiny|100/100\n|move|p1a: estefan|Ice Beam|p2a: Gliscor\n|-supereffective|p2a: Gliscor\n|-damage|p2a: Gliscor|0 fnt\n|faint|p2a: Gliscor\n|\n|-damage|p1a: estefan|88/100 brn|[from] brn\n|upkeep\n|\n|t:|1782447845\n|switch|p2a: Primarina|Primarina, F|100/100\n|turn|7\n|inactive|jaca resenhudo has 120 seconds left.\n|\n|t:|1782447853\n|move|p2a: Primarina|Substitute|p2a: Primarina\n|-start|p2a: Primarina|Substitute\n|-damage|p2a: Primarina|75/100\n|move|p1a: estefan|Flash Cannon|p2a: Primarina\n|-end|p2a: Primarina|Substitute\n|\n|-heal|p2a: Primarina|82/100|[from] item: Leftovers\n|-damage|p1a: estefan|82/100 brn|[from] brn\n|upkeep\n|turn|8\n|inactive|jaca resenhudo has 120 seconds left.\n|\n|t:|1782447865\n|switch|p1a: isaias|Iron Valiant, shiny|100/100\n|move|p2a: Primarina|Calm Mind|p2a: Primarina\n|-boost|p2a: Primarina|spa|1\n|-boost|p2a: Primarina|spd|1\n|\n|-heal|p2a: Primarina|88/100|[from] item: Leftovers\n|upkeep\n|turn|9\n|inactive|jaca resenhudo has 120 seconds left.\n|\n|t:|1782447877\n|-terastallize|p1a: isaias|Steel\n|move|p1a: isaias|Moonblast|p2a: Primarina\n|-damage|p2a: Primarina|62/100\n|move|p2a: Primarina|Draining Kiss|p1a: isaias\n|-resisted|p1a: isaias\n|-damage|p1a: isaias|63/100\n|-heal|p2a: Primarina|84/100|[from] drain|[of] p1a: isaias\n|\n|-heal|p2a: Primarina|90/100|[from] item: Leftovers\n|upkeep\n|turn|10\n|inactive|jaca resenhudo has 120 seconds left.\n|\n|t:|1782447895\n|move|p1a: isaias|Moonblast|p2a: Primarina\n|-damage|p2a: Primarina|63/100\n|-unboost|p2a: Primarina|spa|1\n|move|p2a: Primarina|Surf|p1a: isaias\n|-damage|p1a: isaias|0 fnt\n|faint|p1a: isaias\n|-end|p1a: isaias|Quark Drive|[silent]\n|\n|-heal|p2a: Primarina|69/100|[from] item: Leftovers\n|upkeep\n|\n|t:|1782447906\n|switch|p1a: ze droguinha|Dragapult, F, shiny|100/100\n|turn|11\n|\n|t:|1782447910\n|move|p1a: ze droguinha|Phantom Force||[still]\n|-prepare|p1a: ze droguinha|Phantom Force\n|move|p2a: Primarina|Draining Kiss|p1a: ze droguinha|[miss]\n|-miss|p2a: Primarina|p1a: ze droguinha\n|\n|-heal|p2a: Primarina|75/100|[from] item: Leftovers\n|upkeep\n|turn|12\n|\n|t:|1782447920\n|move|p1a: ze droguinha|Phantom Force|p2a: Primarina|[from] lockedmove\n|-damage|p2a: Primarina|9/100\n|-damage|p1a: ze droguinha|91/100|[from] item: Life Orb\n|move|p2a: Primarina|Calm Mind|p2a: Primarina\n|-boost|p2a: Primarina|spa|1\n|-boost|p2a: Primarina|spd|1\n|\n|-heal|p2a: Primarina|15/100|[from] item: Leftovers\n|upkeep\n|turn|13\n|\n|t:|1782447929\n|move|p1a: ze droguinha|Phantom Force||[still]\n|-prepare|p1a: ze droguinha|Phantom Force\n|move|p2a: Primarina|Draining Kiss|p1a: ze droguinha|[miss]\n|-miss|p2a: Primarina|p1a: ze droguinha\n|\n|-heal|p2a: Primarina|21/100|[from] item: Leftovers\n|upkeep\n|turn|14\n|\n|t:|1782447938\n|move|p1a: ze droguinha|Phantom Force|p2a: Primarina|[from] lockedmove\n|-damage|p2a: Primarina|0 fnt\n|faint|p2a: Primarina\n|-damage|p1a: ze droguinha|81/100|[from] item: Life Orb\n|\n|upkeep\n|\n|t:|1782447948\n|switch|p2a: Sableye|Sableye, M|100/100\n|turn|15\n|\n|t:|1782447954\n|move|p2a: Sableye|Will-O-Wisp|p1a: ze droguinha\n|-status|p1a: ze droguinha|brn\n|move|p1a: ze droguinha|Phantom Force||[still]\n|-prepare|p1a: ze droguinha|Phantom Force\n|\n|-damage|p1a: ze droguinha|75/100 brn|[from] brn\n|upkeep\n|turn|16\n|\n|t:|1782447981\n|switch|p2a: Rillaboom|Rillaboom, F|100/100\n|-fieldstart|move: Grassy Terrain|[from] ability: Grassy Surge|[of] p2a: Rillaboom\n|move|p1a: ze droguinha|Phantom Force|p2a: Rillaboom|[from] lockedmove\n|-damage|p2a: Rillaboom|67/100\n|-damage|p1a: ze droguinha|65/100 brn|[from] item: Life Orb\n|\n|-heal|p1a: ze droguinha|71/100 brn|[from] Grassy Terrain\n|-heal|p2a: Rillaboom|73/100|[from] Grassy Terrain\n|-damage|p1a: ze droguinha|65/100 brn|[from] brn\n|upkeep\n|turn|17\n|\n|t:|1782448001\n|move|p1a: ze droguinha|U-turn|p2a: Rillaboom\n|-supereffective|p2a: Rillaboom\n|-damage|p2a: Rillaboom|38/100\n|-damage|p1a: ze droguinha|55/100 brn|[from] item: Life Orb\n|\n|t:|1782448009\n|switch|p1a: Garchomp|Garchomp, F|100/100|[from] U-turn\n|move|p2a: Rillaboom|Bulk Up|p2a: Rillaboom\n|-boost|p2a: Rillaboom|atk|1\n|-boost|p2a: Rillaboom|def|1\n|\n|-heal|p2a: Rillaboom|44/100|[from] Grassy Terrain\n|upkeep\n|turn|18\n|\n|t:|1782448021\n|move|p2a: Rillaboom|Grassy Glide|p1a: Garchomp\n|-damage|p1a: Garchomp|26/100\n|-damage|p2a: Rillaboom|32/100|[from] ability: Rough Skin|[of] p1a: Garchomp\n|-damage|p2a: Rillaboom|22/100|[from] item: Life Orb\n|move|p1a: Garchomp|Poison Jab|p2a: Rillaboom\n|-supereffective|p2a: Rillaboom\n|-damage|p2a: Rillaboom|0 fnt\n|faint|p2a: Rillaboom\n|\n|-heal|p1a: Garchomp|33/100|[from] Grassy Terrain\n|upkeep\n|inactive|Roni13 has 120 seconds left.\n|\n|t:|1782448037\n|switch|p2a: Blaziken|Blaziken, M, shiny|100/100\n|turn|19\n|\n|t:|1782448044\n|move|p2a: Blaziken|Protect|p2a: Blaziken\n|-singleturn|p2a: Blaziken|Protect\n|move|p1a: Garchomp|Earthquake|p2a: Blaziken\n|-activate|p2a: Blaziken|move: Protect\n|\n|-heal|p1a: Garchomp|39/100|[from] Grassy Terrain\n|-ability|p2a: Blaziken|Speed Boost|boost\n|-boost|p2a: Blaziken|spe|1\n|upkeep\n|turn|20\n|inactive|Roni13 has 120 seconds left.\n|\n|t:|1782448067\n|-terastallize|p2a: Blaziken|Flying\n|move|p2a: Blaziken|Swords Dance|p2a: Blaziken\n|-boost|p2a: Blaziken|atk|2\n|move|p1a: Garchomp|Earthquake|p2a: Blaziken\n|-immune|p2a: Blaziken\n|\n|-heal|p1a: Garchomp|45/100|[from] Grassy Terrain\n|-fieldend|move: Grassy Terrain\n|-ability|p2a: Blaziken|Speed Boost|boost\n|-boost|p2a: Blaziken|spe|1\n|upkeep\n|turn|21\n|inactive|Roni13 has 120 seconds left.\n|\n|t:|1782448081\n|-singleturn|p2a: Blaziken|move: Focus Punch\n|move|p1a: Garchomp|Stone Edge|p2a: Blaziken\n|-supereffective|p2a: Blaziken\n|-damage|p2a: Blaziken|0 fnt\n|faint|p2a: Blaziken\n|\n|upkeep\n|inactive|Roni13 has 120 seconds left.\n|\n|t:|1782448086\n|switch|p2a: Sableye|Sableye, M|100/100\n|turn|22\n|\n|t:|1782448093\n|move|p2a: Sableye|Will-O-Wisp|p1a: Garchomp|[miss]\n|-miss|p2a: Sableye|p1a: Garchomp\n|move|p1a: Garchomp|Dragon Claw|p2a: Sableye\n|-damage|p2a: Sableye|56/100\n|-damage|p1a: Garchomp|28/100|[from] item: Rocky Helmet|[of] p2a: Sableye\n|\n|upkeep\n|turn|23\n|\n|t:|1782448102\n|move|p2a: Sableye|Will-O-Wisp|p1a: Garchomp\n|-status|p1a: Garchomp|brn\n|move|p1a: Garchomp|Earthquake|p2a: Sableye\n|-damage|p2a: Sableye|31/100\n|\n|-damage|p1a: Garchomp|22/100 brn|[from] brn\n|upkeep\n|turn|24\n|\n|t:|1782448110\n|move|p2a: Sableye|Recover|p2a: Sableye\n|-heal|p2a: Sableye|81/100\n|move|p1a: Garchomp|Dragon Claw|p2a: Sableye\n|-damage|p2a: Sableye|61/100\n|-damage|p1a: Garchomp|6/100 brn|[from] item: Rocky Helmet|[of] p2a: Sableye\n|\n|-damage|p1a: Garchomp|0 fnt|[from] brn\n|faint|p1a: Garchomp\n|upkeep\n|\n|t:|1782448119\n|switch|p1a: genebaldo|Gastrodon, M, shiny|100/100\n|turn|25\n|\n|t:|1782448132\n|move|p2a: Sableye|Will-O-Wisp|p1a: genebaldo|[miss]\n|-miss|p2a: Sableye|p1a: genebaldo\n|move|p1a: genebaldo|Muddy Water|p2a: Sableye\n|-damage|p2a: Sableye|11/100\n|\n|upkeep\n|turn|26\n|\n|t:|1782448139\n|move|p2a: Sableye|Recover|p2a: Sableye\n|-heal|p2a: Sableye|61/100\n|move|p1a: genebaldo|Muddy Water|p2a: Sableye\n|-damage|p2a: Sableye|13/100\n|\n|upkeep\n|turn|27\n|\n|t:|1782448146\n|move|p2a: Sableye|Recover|p2a: Sableye\n|-heal|p2a: Sableye|63/100\n|move|p1a: genebaldo|Muddy Water|p2a: Sableye\n|-damage|p2a: Sableye|15/100\n|\n|upkeep\n|turn|28\n|\n|t:|1782448152\n|move|p2a: Sableye|Recover|p2a: Sableye\n|-heal|p2a: Sableye|65/100\n|move|p1a: genebaldo|Muddy Water|p2a: Sableye\n|-damage|p2a: Sableye|19/100\n|-unboost|p2a: Sableye|accuracy|1\n|\n|upkeep\n|turn|29\n|\n|t:|1782448159\n|move|p2a: Sableye|Will-O-Wisp|p1a: genebaldo\n|-status|p1a: genebaldo|brn\n|move|p1a: genebaldo|Muddy Water|p2a: Sableye\n|-damage|p2a: Sableye|0 fnt\n|faint|p2a: Sableye\n|\n|win|jaca resenhudo\n|raw|jaca resenhudo's rating: 1145 &rarr; <strong>1172</strong><br />(+27 for winning)\n|raw|Roni13's rating: 1173 &rarr; <strong>1146</strong><br />(-27 for losing)\n|c|☆Roni13|gg\n|l|☆Roni13\n|player|p2|\n", "uploadtime": 1782448432, "views": 3, "formatid": "gen9ou", "rating": 1146, "private": 0, "password": null}