{"id": "gen9ou-2540586856", "format": "[Gen 9] OU", "players": ["suprya", "firecharmander004"], "log": "|j|☆suprya\n|j|☆firecharmander004\n|t:|1771222445\n|gametype|singles\n|player|p1|suprya|266|1771\n|player|p2|firecharmander004|170|1617\n|gen|9\n|tier|[Gen 9] OU\n|rated|\n|rule|HP Percentage Mod: HP is shown in percentages\n|rule|Endless Battle Clause: Forcing endless battles is banned\n|rule|Species Clause: Limit one of each Pokémon\n|rule|OHKO Clause: OHKO moves are banned\n|rule|Evasion Items Clause: Evasion items are banned\n|rule|Evasion Moves Clause: Evasion moves are banned\n|rule|Evasion Abilities Clause: Evasion abilities are banned\n|rule|Sleep Moves Clause: Sleep-inducing moves are banned\n|clearpoke\n|poke|p1|Glaceon, M|\n|poke|p1|Slowking-Galar, M|\n|poke|p1|Rotom-Wash|\n|poke|p1|Great Tusk|\n|poke|p1|Cinderace, F|\n|poke|p1|Grimmsnarl, M|\n|poke|p2|Deoxys-Speed|\n|poke|p2|Ceruledge, F|\n|poke|p2|Zamazenta-*|\n|poke|p2|Ogerpon-Wellspring, F|\n|poke|p2|Glimmora, F|\n|poke|p2|Moltres-Galar|\n|teampreview\n|inactive|Battle timer is ON: inactive players will automatically lose when time's up. (requested by suprya)\n|inactive|firecharmander004 also wants the timer to be on.\n|\n|t:|1771222459\n|teamsize|p1|6\n|teamsize|p2|6\n|start\n|switch|p1a: Slowking|Slowking-Galar, M|100/100\n|switch|p2a: Deoxys|Deoxys-Speed|100/100\n|-ability|p2a: Deoxys|Pressure\n|turn|1\n|\n|t:|1771222462\n|move|p2a: Deoxys|Taunt|p1a: Slowking\n|-start|p1a: Slowking|move: Taunt\n|cant|p1a: Slowking|move: Taunt|Thunder Wave\n|\n|upkeep\n|turn|2\n|\n|t:|1771222468\n|move|p2a: Deoxys|Light Screen|p2a: Deoxys\n|-sidestart|p2: firecharmander004|move: Light Screen\n|move|p1a: Slowking|Sludge Bomb|p2a: Deoxys\n|-damage|p2a: Deoxys|80/100\n|\n|upkeep\n|turn|3\n|\n|t:|1771222473\n|move|p2a: Deoxys|Reflect|p2a: Deoxys\n|-sidestart|p2: firecharmander004|Reflect\n|move|p1a: Slowking|Sludge Bomb|p2a: Deoxys\n|-damage|p2a: Deoxys|58/100\n|\n|-end|p1a: Slowking|move: Taunt\n|upkeep\n|turn|4\n|\n|t:|1771222478\n|move|p2a: Deoxys|Taunt|p1a: Slowking\n|-start|p1a: Slowking|move: Taunt\n|move|p1a: Slowking|Sludge Bomb|p2a: Deoxys\n|-damage|p2a: Deoxys|38/100\n|\n|upkeep\n|turn|5\n|\n|t:|1771222481\n|switch|p2a: Ceruledge|Ceruledge, F|100/100\n|move|p1a: Slowking|Sludge Bomb|p2a: Ceruledge\n|-resisted|p2a: Ceruledge\n|-damage|p2a: Ceruledge|92/100\n|-status|p2a: Ceruledge|psn\n|\n|-damage|p2a: Ceruledge|80/100 psn|[from] psn\n|upkeep\n|turn|6\n|\n|t:|1771222506\n|switch|p1a: Grimmsnarl|Grimmsnarl, M|100/100\n|move|p2a: Ceruledge|Swords Dance|p2a: Ceruledge\n|-boost|p2a: Ceruledge|atk|2\n|\n|-damage|p2a: Ceruledge|68/100 psn|[from] psn\n|upkeep\n|turn|7\n|\n|t:|1771222517\n|move|p1a: Grimmsnarl|Parting Shot|p2a: Ceruledge\n|-unboost|p2a: Ceruledge|atk|1\n|-unboost|p2a: Ceruledge|spa|1\n|\n|t:|1771222522\n|switch|p1a: Rotom|Rotom-Wash|100/100|[from] Parting Shot\n|move|p2a: Ceruledge|Bitter Blade|p1a: Rotom\n|-resisted|p1a: Rotom\n|-damage|p1a: Rotom|62/100\n|-heal|p2a: Ceruledge|86/100 psn|[from] drain|[of] p1a: Rotom\n|-damage|p2a: Ceruledge|76/100 psn|[from] item: Life Orb\n|\n|-heal|p1a: Rotom|68/100|[from] item: Leftovers\n|-damage|p2a: Ceruledge|64/100 psn|[from] psn\n|upkeep\n|turn|8\n|\n|t:|1771222536\n|switch|p1a: Grimmsnarl|Grimmsnarl, M|100/100\n|move|p2a: Ceruledge|Poltergeist|p1a: Grimmsnarl\n|-activate|p1a: Grimmsnarl|move: Poltergeist|Heavy-Duty Boots\n|-resisted|p1a: Grimmsnarl\n|-damage|p1a: Grimmsnarl|14/100\n|-damage|p2a: Ceruledge|54/100 psn|[from] item: Life Orb\n|\n|-damage|p2a: Ceruledge|42/100 psn|[from] psn\n|upkeep\n|turn|9\n|\n|t:|1771222549\n|move|p1a: Grimmsnarl|Sucker Punch|p2a: Ceruledge\n|-supereffective|p2a: Ceruledge\n|-damage|p2a: Ceruledge|0 fnt\n|faint|p2a: Ceruledge\n|\n|-sideend|p2: firecharmander004|move: Light Screen\n|upkeep\n|\n|t:|1771222567\n|switch|p2a: Moltres|Moltres-Galar|100/100\n|turn|10\n|\n|t:|1771222576\n|move|p2a: Moltres|Agility|p2a: Moltres\n|-boost|p2a: Moltres|spe|2\n|move|p1a: Grimmsnarl|Spirit Break|p2a: Moltres\n|-supereffective|p2a: Moltres\n|-damage|p2a: Moltres|56/100\n|-unboost|p2a: Moltres|spa|1\n|\n|-sideend|p2: firecharmander004|Reflect\n|upkeep\n|turn|11\n|\n|t:|1771222594\n|-terastallize|p2a: Moltres|Fairy\n|move|p2a: Moltres|Nasty Plot|p2a: Moltres\n|-boost|p2a: Moltres|spa|2\n|move|p1a: Grimmsnarl|Spirit Break|p2a: Moltres\n|-damage|p2a: Moltres|13/100\n|-unboost|p2a: Moltres|spa|1\n|-ability|p2a: Moltres|Berserk|boost\n|-boost|p2a: Moltres|spa|1\n|-enditem|p2a: Moltres|Sitrus Berry|[eat]\n|-heal|p2a: Moltres|38/100|[from] item: Sitrus Berry\n|\n|upkeep\n|turn|12\n|\n|t:|1771222623\n|move|p1a: Grimmsnarl|Parting Shot|p2a: Moltres\n|-unboost|p2a: Moltres|atk|1\n|-unboost|p2a: Moltres|spa|1\n|\n|t:|1771222627\n|switch|p1a: Slowking|Slowking-Galar, M|100/100|[from] Parting Shot\n|move|p2a: Moltres|Tera Blast|p1a: Slowking|[anim] Tera Blast Fairy\n|-resisted|p1a: Slowking\n|-damage|p1a: Slowking|90/100\n|\n|upkeep\n|turn|13\n|\n|t:|1771222633\n|move|p2a: Moltres|Fiery Wrath|p1a: Slowking\n|-supereffective|p1a: Slowking\n|-damage|p1a: Slowking|43/100\n|move|p1a: Slowking|Sludge Bomb|p2a: Moltres\n|-supereffective|p2a: Moltres\n|-damage|p2a: Moltres|0 fnt\n|faint|p2a: Moltres\n|\n|upkeep\n|\n|t:|1771222641\n|switch|p2a: Deoxys|Deoxys-Speed|38/100\n|-ability|p2a: Deoxys|Pressure\n|turn|14\n|\n|t:|1771222652\n|move|p2a: Deoxys|Light Screen|p2a: Deoxys\n|-sidestart|p2: firecharmander004|move: Light Screen\n|move|p1a: Slowking|Sludge Bomb|p2a: Deoxys\n|-damage|p2a: Deoxys|16/100\n|\n|upkeep\n|turn|15\n|inactive|firecharmander004 has 120 seconds left.\n|\n|t:|1771222693\n|switch|p2a: Glimmora|Glimmora, F|100/100\n|switch|p1a: Grimmsnarl|Grimmsnarl, M|14/100\n|\n|upkeep\n|turn|16\n|\n|t:|1771222702\n|move|p1a: Grimmsnarl|Parting Shot|p2a: Glimmora\n|-unboost|p2a: Glimmora|atk|1\n|-unboost|p2a: Glimmora|spa|1\n|\n|t:|1771222705\n|switch|p1a: Great Tusk|Great Tusk|100/100|[from] Parting Shot\n|move|p2a: Glimmora|Meteor Beam||[still]\n|-prepare|p2a: Glimmora|Meteor Beam\n|-boost|p2a: Glimmora|spa|1\n|-enditem|p2a: Glimmora|Power Herb\n|-anim|p2a: Glimmora|Meteor Beam|p1a: Great Tusk\n|-resisted|p1a: Great Tusk\n|-damage|p1a: Great Tusk|77/100\n|\n|upkeep\n|turn|17\n|\n|t:|1771222725\n|switch|p2a: Ogerpon|Ogerpon-Wellspring, F|100/100\n|move|p1a: Great Tusk|Headlong Rush|p2a: Ogerpon\n|-resisted|p2a: Ogerpon\n|-damage|p2a: Ogerpon|63/100\n|-unboost|p1a: Great Tusk|def|1\n|-unboost|p1a: Great Tusk|spd|1\n|\n|upkeep\n|turn|18\n|inactive|firecharmander004 has 120 seconds left.\n|inactive|firecharmander004 has 90 seconds left.\n|\n|t:|1771222779\n|-end|p1a: Great Tusk|Protosynthesis|[silent]\n|switch|p1a: Grimmsnarl|Grimmsnarl, M|14/100\n|move|p2a: Ogerpon|Swords Dance|p2a: Ogerpon\n|-boost|p2a: Ogerpon|atk|2\n|\n|upkeep\n|turn|19\n|\n|t:|1771222788\n|move|p1a: Grimmsnarl|Sucker Punch|p2a: Ogerpon\n|-damage|p2a: Ogerpon|8/100\n|move|p2a: Ogerpon|Horn Leech|p1a: Grimmsnarl\n|-damage|p1a: Grimmsnarl|0 fnt\n|-heal|p2a: Ogerpon|16/100|[from] drain|[of] p1a: Grimmsnarl\n|faint|p1a: Grimmsnarl\n|\n|upkeep\n|\n|t:|1771222794\n|switch|p1a: Cinderace|Cinderace, F|100/100\n|turn|20\n|\n|t:|1771222814\n|switch|p2a: Glimmora|Glimmora, F|100/100\n|move|p1a: Cinderace|U-turn|p2a: Glimmora\n|-resisted|p2a: Glimmora\n|-damage|p2a: Glimmora|90/100\n|-activate|p2a: Glimmora|ability: Toxic Debris\n|-sidestart|p1: suprya|move: Toxic Spikes\n|\n|t:|1771222820\n|switch|p1a: Slowking|Slowking-Galar, M|76/100|[from] U-turn\n|-sideend|p1: suprya|move: Toxic Spikes|[of] p1a: Slowking\n|\n|upkeep\n|turn|21\n|\n|t:|1771222826\n|move|p2a: Glimmora|Earth Power|p1a: Slowking\n|-supereffective|p1a: Slowking\n|-damage|p1a: Slowking|38/100\n|-prepare|p1a: Slowking|Chilly Reception|[premajor]\n|move|p1a: Slowking|Chilly Reception|p1a: Slowking\n|-weather|Snowscape\n|\n|t:|1771222833\n|switch|p1a: Rotom|Rotom-Wash|68/100|[from] Chilly Reception\n|\n|-weather|Snowscape|[upkeep]\n|-heal|p1a: Rotom|75/100|[from] item: Leftovers\n|-sideend|p2: firecharmander004|move: Light Screen\n|upkeep\n|turn|22\n|\n|t:|1771222844\n|move|p2a: Glimmora|Stealth Rock|p1a: Rotom\n|-sidestart|p1: suprya|move: Stealth Rock\n|move|p1a: Rotom|Volt Switch|p2a: Glimmora\n|-damage|p2a: Glimmora|58/100\n|\n|t:|1771222849\n|switch|p1a: Great Tusk|Great Tusk|77/100|[from] Volt Switch\n|\n|-weather|Snowscape|[upkeep]\n|upkeep\n|turn|23\n|\n|t:|1771222852\n|move|p1a: Great Tusk|Rapid Spin|p2a: Glimmora\n|-resisted|p2a: Glimmora\n|-damage|p2a: Glimmora|47/100\n|-boost|p1a: Great Tusk|spe|1\n|-activate|p2a: Glimmora|ability: Toxic Debris\n|-sidestart|p1: suprya|move: Toxic Spikes\n|-sideend|p1: suprya|Toxic Spikes|[from] move: Rapid Spin|[of] p1a: Great Tusk\n|-sideend|p1: suprya|Stealth Rock|[from] move: Rapid Spin|[of] p1a: Great Tusk\n|move|p2a: Glimmora|Earth Power|p1a: Great Tusk\n|-damage|p1a: Great Tusk|29/100\n|\n|-weather|Snowscape|[upkeep]\n|upkeep\n|turn|24\n|\n|t:|1771222860\n|move|p1a: Great Tusk|Headlong Rush|p2a: Glimmora\n|-supereffective|p2a: Glimmora\n|-crit|p2a: Glimmora\n|-damage|p2a: Glimmora|0 fnt\n|-unboost|p1a: Great Tusk|def|1\n|-unboost|p1a: Great Tusk|spd|1\n|-activate|p2a: Glimmora|ability: Toxic Debris\n|-sidestart|p1: suprya|move: Toxic Spikes\n|faint|p2a: Glimmora\n|\n|-weather|Snowscape|[upkeep]\n|upkeep\n|\n|t:|1771222876\n|switch|p2a: Deoxys|Deoxys-Speed|16/100\n|-ability|p2a: Deoxys|Pressure\n|turn|25\n|\n|t:|1771222888\n|move|p2a: Deoxys|Psycho Boost|p1a: Great Tusk\n|-supereffective|p1a: Great Tusk\n|-damage|p1a: Great Tusk|0 fnt\n|-unboost|p2a: Deoxys|spa|2\n|faint|p1a: Great Tusk\n|-end|p1a: Great Tusk|Protosynthesis|[silent]\n|\n|-weather|Snowscape|[upkeep]\n|upkeep\n|\n|t:|1771222892\n|switch|p1a: Slowking|Slowking-Galar, M|71/100\n|-sideend|p1: suprya|move: Toxic Spikes|[of] p1a: Slowking\n|turn|26\n|inactive|firecharmander004 has 120 seconds left.\n|inactive|suprya has 120 seconds left.\n|\n|t:|1771222952\n|move|p2a: Deoxys|Taunt|p1a: Slowking\n|-start|p1a: Slowking|move: Taunt\n|move|p1a: Slowking|Sludge Bomb|p2a: Deoxys\n|-damage|p2a: Deoxys|0 fnt\n|faint|p2a: Deoxys\n|\n|-weather|Snowscape|[upkeep]\n|upkeep\n|inactive|firecharmander004 has 90 seconds left.\n|\n|t:|1771222981\n|switch|p2a: Ogerpon|Ogerpon-Wellspring, F|16/100\n|turn|27\n|\n|t:|1771222988\n|switch|p1a: Glaceon|Glaceon, M|100/100\n|move|p2a: Ogerpon|Ivy Cudgel|p1a: Glaceon|[anim] Ivy Cudgel Water\n|-damage|p1a: Glaceon|61/100\n|\n|-weather|Snowscape|[upkeep]\n|-heal|p1a: Glaceon|67/100|[from] ability: Ice Body\n|-heal|p1a: Glaceon|73/100|[from] item: Leftovers\n|upkeep\n|turn|28\n|inactive|suprya has 120 seconds left.\n|inactive|firecharmander004 has 90 seconds left.\n|inactive|firecharmander004 has 60 seconds left.\n|-message|firecharmander004 forfeited.\n|\n|win|suprya\n|raw|suprya's rating: 1771 &rarr; <strong>1781</strong><br />(+10 for winning)\n|raw|firecharmander004's rating: 1591 &rarr; <strong>1581</strong><br />(-10 for losing)\n|l|☆suprya\n|player|p1|\n|l|☆firecharmander004\n|player|p2|\n", "uploadtime": 1771223238, "views": 6, "formatid": "gen9ou", "rating": 1581, "private": 0, "password": null}