{"id": "gen9ou-2540745020", "format": "[Gen 9] OU", "players": ["Henrianiac", "Acastillo631"], "log": "|j|☆Henrianiac\n|j|☆Acastillo631\n|t:|1771248915\n|gametype|singles\n|player|p1|Henrianiac|miku-flying|1704\n|player|p2|Acastillo631|silver|1674\n|gen|9\n|tier|[Gen 9] OU\n|rated|\n|rule|HP Percentage Mod: HP is shown in percentages\n|rule|Endless Battle Clause: Forcing endless battles is banned\n|rule|Species Clause: Limit one of each Pokémon\n|rule|OHKO Clause: OHKO moves are banned\n|rule|Evasion Items Clause: Evasion items are banned\n|rule|Evasion Moves Clause: Evasion moves are banned\n|rule|Evasion Abilities Clause: Evasion abilities are banned\n|rule|Sleep Moves Clause: Sleep-inducing moves are banned\n|clearpoke\n|poke|p1|Corviknight, M|\n|poke|p1|Dondozo, F|\n|poke|p1|Alomomola, M|\n|poke|p1|Toxapex, F|\n|poke|p1|Gliscor, F|\n|poke|p1|Clodsire, M|\n|poke|p2|Iron Valiant|\n|poke|p2|Sinistcha|\n|poke|p2|Tyranitar, M|\n|poke|p2|Iron Treads|\n|poke|p2|Klefki, F|\n|poke|p2|Swampert, M|\n|teampreview\n|\n|t:|1771248948\n|teamsize|p1|6\n|teamsize|p2|6\n|start\n|switch|p1a: Alomomola|Alomomola, M|100/100\n|switch|p2a: Duff McWhalen|Swampert, M|100/100\n|turn|1\n|\n|t:|1771248958\n|move|p2a: Duff McWhalen|Stealth Rock|p1a: Alomomola\n|-sidestart|p1: Henrianiac|move: Stealth Rock\n|move|p1a: Alomomola|Scald|p2a: Duff McWhalen\n|-damage|p2a: Duff McWhalen|91/100\n|\n|-heal|p2a: Duff McWhalen|98/100|[from] item: Leftovers\n|upkeep\n|turn|2\n|\n|t:|1771248965\n|move|p2a: Duff McWhalen|Knock Off|p1a: Alomomola\n|-damage|p1a: Alomomola|87/100\n|-enditem|p1a: Alomomola|Heavy-Duty Boots|[from] move: Knock Off|[of] p2a: Duff McWhalen\n|move|p1a: Alomomola|Scald|p2a: Duff McWhalen\n|-damage|p2a: Duff McWhalen|89/100\n|\n|-heal|p2a: Duff McWhalen|95/100|[from] item: Leftovers\n|upkeep\n|turn|3\n|\n|t:|1771248975\n|move|p2a: Duff McWhalen|Flip Turn|p1a: Alomomola\n|-resisted|p1a: Alomomola\n|-damage|p1a: Alomomola|81/100\n|\n|t:|1771248990\n|switch|p2a: Eregion|Tyranitar, M|100/100|[from] Flip Turn\n|-weather|Sandstorm|[from] ability: Sand Stream|[of] p2a: Eregion\n|move|p1a: Alomomola|Scald|p2a: Eregion\n|-supereffective|p2a: Eregion\n|-damage|p2a: Eregion|89/100\n|-status|p2a: Eregion|brn\n|\n|-weather|Sandstorm|[upkeep]\n|-damage|p1a: Alomomola|75/100|[from] Sandstorm\n|-heal|p2a: Eregion|95/100 brn|[from] item: Leftovers\n|-damage|p2a: Eregion|89/100 brn|[from] brn\n|upkeep\n|turn|4\n|\n|t:|1771249005\n|switch|p2a: Redips|Klefki, F|100/100\n|move|p1a: Alomomola|Flip Turn|p2a: Redips\n|-damage|p2a: Redips|87/100\n|-damage|p1a: Alomomola|58/100|[from] item: Rocky Helmet|[of] p2a: Redips\n|\n|t:|1771249015\n|switch|p1a: Gliscor|Gliscor, F|100/100|[from] Flip Turn\n|-damage|p1a: Gliscor|88/100|[from] Stealth Rock\n|\n|-weather|Sandstorm|[upkeep]\n|-status|p1a: Gliscor|tox|[from] item: Toxic Orb\n|upkeep\n|turn|5\n|j| heatraniac\n|\n|t:|1771249029\n|move|p2a: Redips|Spikes|p1a: Gliscor\n|-sidestart|p1: Henrianiac|Spikes\n|move|p1a: Gliscor|Spikes|p2a: Redips\n|-sidestart|p2: Acastillo631|Spikes\n|\n|-weather|Sandstorm|[upkeep]\n|-heal|p1a: Gliscor|100/100 tox|[from] ability: Poison Heal\n|upkeep\n|turn|6\n|\n|t:|1771249034\n|move|p2a: Redips|Spikes|p1a: Gliscor\n|-sidestart|p1: Henrianiac|Spikes\n|move|p1a: Gliscor|Knock Off|p2a: Redips\n|-resisted|p2a: Redips\n|-damage|p2a: Redips|78/100\n|-damage|p1a: Gliscor|84/100 tox|[from] item: Rocky Helmet|[of] p2a: Redips\n|-enditem|p2a: Redips|Rocky Helmet|[from] move: Knock Off|[of] p1a: Gliscor\n|\n|-weather|Sandstorm|[upkeep]\n|-heal|p1a: Gliscor|97/100 tox|[from] ability: Poison Heal\n|upkeep\n|turn|7\n|inactive|Battle timer is ON: inactive players will automatically lose when time's up. (requested by Henrianiac)\n|\n|t:|1771249079\n|switch|p2a: Duff McWhalen|Swampert, M|95/100\n|-damage|p2a: Duff McWhalen|83/100|[from] Spikes\n|move|p1a: Gliscor|Knock Off|p2a: Duff McWhalen\n|-damage|p2a: Duff McWhalen|62/100\n|-enditem|p2a: Duff McWhalen|Leftovers|[from] move: Knock Off|[of] p1a: Gliscor\n|\n|-weather|none\n|-heal|p1a: Gliscor|100/100 tox|[from] ability: Poison Heal\n|upkeep\n|turn|8\n|\n|t:|1771249085\n|move|p1a: Gliscor|Toxic|p2a: Duff McWhalen\n|-status|p2a: Duff McWhalen|tox\n|move|p2a: Duff McWhalen|Flip Turn|p1a: Gliscor\n|-supereffective|p1a: Gliscor\n|-damage|p1a: Gliscor|62/100 tox\n|j| bjgcjvc\n|l| bjgcjvc\n|\n|t:|1771249112\n|switch|p2a: Wire Sponge|Sinistcha|100/100|[from] Flip Turn\n|\n|-heal|p1a: Gliscor|75/100 tox|[from] ability: Poison Heal\n|upkeep\n|turn|9\n|\n|t:|1771249121\n|-terastallize|p2a: Wire Sponge|Poison\n|move|p1a: Gliscor|Toxic|p2a: Wire Sponge\n|-immune|p2a: Wire Sponge\n|move|p2a: Wire Sponge|Calm Mind|p2a: Wire Sponge\n|-boost|p2a: Wire Sponge|spa|1\n|-boost|p2a: Wire Sponge|spd|1\n|\n|-heal|p1a: Gliscor|87/100 tox|[from] ability: Poison Heal\n|upkeep\n|turn|10\n|\n|t:|1771249125\n|switch|p1a: Clodsire|Clodsire, M|100/100\n|move|p2a: Wire Sponge|Matcha Gotcha|p1a: Clodsire\n|-damage|p1a: Clodsire|83/100\n|\n|upkeep\n|turn|11\n|\n|t:|1771249132\n|move|p2a: Wire Sponge|Matcha Gotcha|p1a: Clodsire|[miss]\n|-miss|p2a: Wire Sponge|p1a: Clodsire\n|move|p1a: Clodsire|Stealth Rock|p2a: Wire Sponge\n|-sidestart|p2: Acastillo631|move: Stealth Rock\n|\n|upkeep\n|turn|12\n|\n|t:|1771249138\n|move|p2a: Wire Sponge|Matcha Gotcha|p1a: Clodsire\n|-damage|p1a: Clodsire|66/100\n|move|p1a: Clodsire|Earthquake|p2a: Wire Sponge\n|-supereffective|p2a: Wire Sponge\n|-damage|p2a: Wire Sponge|64/100\n|\n|upkeep\n|turn|13\n|\n|t:|1771249143\n|move|p2a: Wire Sponge|Matcha Gotcha|p1a: Clodsire\n|-damage|p1a: Clodsire|48/100\n|-heal|p2a: Wire Sponge|76/100|[from] drain|[of] p1a: Clodsire\n|move|p1a: Clodsire|Earthquake|p2a: Wire Sponge\n|-supereffective|p2a: Wire Sponge\n|-damage|p2a: Wire Sponge|37/100\n|\n|upkeep\n|turn|14\n|\n|t:|1771249152\n|move|p2a: Wire Sponge|Strength Sap|p1a: Clodsire\n|-unboost|p1a: Clodsire|atk|1\n|-heal|p2a: Wire Sponge|92/100\n|move|p1a: Clodsire|Recover|p1a: Clodsire\n|-heal|p1a: Clodsire|98/100\n|\n|upkeep\n|turn|15\n|\n|t:|1771249154\n|move|p2a: Wire Sponge|Matcha Gotcha|p1a: Clodsire\n|-damage|p1a: Clodsire|80/100\n|-heal|p2a: Wire Sponge|100/100|[from] drain|[of] p1a: Clodsire\n|-status|p1a: Clodsire|brn\n|move|p1a: Clodsire|Earthquake|p2a: Wire Sponge\n|-supereffective|p2a: Wire Sponge\n|-damage|p2a: Wire Sponge|86/100\n|\n|-damage|p1a: Clodsire|74/100 brn|[from] brn\n|upkeep\n|turn|16\n|\n|t:|1771249161\n|move|p2a: Wire Sponge|Shadow Ball|p1a: Clodsire\n|-damage|p1a: Clodsire|56/100 brn\n|-unboost|p1a: Clodsire|spd|1\n|move|p1a: Clodsire|Earthquake|p2a: Wire Sponge\n|-supereffective|p2a: Wire Sponge\n|-damage|p2a: Wire Sponge|73/100\n|\n|-damage|p1a: Clodsire|50/100 brn|[from] brn\n|upkeep\n|turn|17\n|\n|t:|1771249168\n|move|p2a: Wire Sponge|Matcha Gotcha|p1a: Clodsire\n|-damage|p1a: Clodsire|23/100 brn\n|-heal|p2a: Wire Sponge|92/100|[from] drain|[of] p1a: Clodsire\n|move|p1a: Clodsire|Recover|p1a: Clodsire\n|-heal|p1a: Clodsire|73/100 brn\n|\n|-damage|p1a: Clodsire|67/100 brn|[from] brn\n|upkeep\n|turn|18\n|\n|t:|1771249175\n|switch|p1a: Gliscor|Gliscor, F|87/100 tox\n|-damage|p1a: Gliscor|75/100 tox|[from] Stealth Rock\n|move|p2a: Wire Sponge|Calm Mind|p2a: Wire Sponge\n|-boost|p2a: Wire Sponge|spa|1\n|-boost|p2a: Wire Sponge|spd|1\n|\n|-heal|p1a: Gliscor|87/100 tox|[from] ability: Poison Heal\n|upkeep\n|turn|19\n|\n|t:|1771249180\n|move|p1a: Gliscor|Knock Off|p2a: Wire Sponge\n|-damage|p2a: Wire Sponge|76/100\n|-enditem|p2a: Wire Sponge|Heavy-Duty Boots|[from] move: Knock Off|[of] p1a: Gliscor\n|move|p2a: Wire Sponge|Strength Sap|p1a: Gliscor\n|-unboost|p1a: Gliscor|atk|1\n|-heal|p2a: Wire Sponge|100/100\n|\n|-heal|p1a: Gliscor|99/100 tox|[from] ability: Poison Heal\n|upkeep\n|turn|20\n|\n|t:|1771249183\n|move|p1a: Gliscor|Protect|p1a: Gliscor\n|-singleturn|p1a: Gliscor|Protect\n|move|p2a: Wire Sponge|Shadow Ball|p1a: Gliscor\n|-activate|p1a: Gliscor|move: Protect\n|\n|-heal|p1a: Gliscor|100/100 tox|[from] ability: Poison Heal\n|upkeep\n|turn|21\n|\n|t:|1771249191\n|switch|p1a: Clodsire|Clodsire, M|67/100 brn\n|move|p2a: Wire Sponge|Shadow Ball|p1a: Clodsire\n|-damage|p1a: Clodsire|50/100 brn\n|-unboost|p1a: Clodsire|spd|1\n|\n|-damage|p1a: Clodsire|44/100 brn|[from] brn\n|upkeep\n|turn|22\n|\n|t:|1771249198\n|move|p2a: Wire Sponge|Shadow Ball|p1a: Clodsire\n|-damage|p1a: Clodsire|19/100 brn\n|move|p1a: Clodsire|Recover|p1a: Clodsire\n|-heal|p1a: Clodsire|69/100 brn\n|\n|-damage|p1a: Clodsire|63/100 brn|[from] brn\n|upkeep\n|turn|23\n|\n|t:|1771249209\n|switch|p1a: Toxapex|Toxapex, F|100/100\n|-damage|p1a: Toxapex|88/100|[from] Stealth Rock\n|-damage|p1a: Toxapex|72/100|[from] Spikes\n|move|p2a: Wire Sponge|Shadow Ball|p1a: Toxapex\n|-damage|p1a: Toxapex|39/100\n|\n|upkeep\n|turn|24\n|-message|Henrianiac forfeited.\n|\n|win|Acastillo631\n|raw|Henrianiac's rating: 1704 &rarr; <strong>1682</strong><br />(-22 for losing)\n|raw|Acastillo631's rating: 1674 &rarr; <strong>1696</strong><br />(+22 for winning)\n|l| heatraniac\n|c|☆Acastillo631|Die staller\n|c|☆Henrianiac|No\n|c|☆Acastillo631|Stallers will not see heaven\n|c|☆Henrianiac|,people be hatin on stall in the big 26  😭\n|c|☆Henrianiac|Stallers have an equal chance of\n|c|☆Henrianiac|Seeing heaven\n|c|☆Henrianiac|As balance playrrs\n|c|☆Henrianiac|Ho players\n|l|☆Acastillo631\n|player|p2|\n|c|☆Henrianiac|Offense players.\n", "uploadtime": 1771249417, "views": 10, "formatid": "gen9ou", "rating": 1682, "private": 0, "password": null}