{"id": "gen9ou-2639244602", "format": "[Gen 9] OU", "players": ["Yvonne348", "kikomatsing"], "log": "|j|☆Yvonne348\n|j|☆kikomatsing\n|t:|1782439625\n|gametype|singles\n|player|p1|Yvonne348|dahlia|1086\n|player|p2|kikomatsing|richboy-gen4|1000\n|gen|9\n|tier|[Gen 9] OU\n|rated|\n|rule|HP Percentage Mod: HP is shown in percentages\n|rule|Endless Battle Clause: Forcing endless battles is banned\n|rule|Species Clause: Limit one of each Pokémon\n|rule|OHKO Clause: OHKO moves are banned\n|rule|Evasion Items Clause: Evasion items are banned\n|rule|Evasion Moves Clause: Evasion moves are banned\n|rule|Evasion Abilities Clause: Evasion abilities are banned\n|rule|Sleep Moves Clause: Sleep-inducing moves are banned\n|clearpoke\n|poke|p1|Dragonite, M|\n|poke|p1|Primarina, F|\n|poke|p1|Kingambit, M|\n|poke|p1|Jolteon, M|\n|poke|p1|Walking Wake|\n|poke|p1|Blaziken, M|\n|poke|p2|Gengar, M|\n|poke|p2|Raichu-Alola, M|\n|poke|p2|Ceruledge, F|\n|poke|p2|Tinkaton, F|\n|poke|p2|Ogerpon-Wellspring, F|\n|poke|p2|Blissey, F|\n|teampreview\n|\n|t:|1782439645\n|teamsize|p1|6\n|teamsize|p2|6\n|start\n|switch|p1a: Jolty|Jolteon, M|100/100\n|switch|p2a: Ogerpon|Ogerpon-Wellspring, F|100/100\n|-item|p1a: Jolty|Air Balloon\n|turn|1\n|\n|t:|1782439653\n|move|p1a: Jolty|Volt Switch|p2a: Ogerpon\n|-crit|p2a: Ogerpon\n|-damage|p2a: Ogerpon|51/100\n|\n|t:|1782439658\n|switch|p1a: Wake|Walking Wake|100/100|[from] Volt Switch\n|-enditem|p1a: Wake|Booster Energy\n|-activate|p1a: Wake|ability: Protosynthesis|[fromitem]\n|-start|p1a: Wake|protosynthesisspa\n|move|p2a: Ogerpon|Spikes|p1a: Wake\n|-sidestart|p1: Yvonne348|Spikes\n|\n|upkeep\n|turn|2\n|\n|t:|1782439669\n|move|p1a: Wake|Flamethrower|p2a: Ogerpon\n|-damage|p2a: Ogerpon|8/100\n|move|p2a: Ogerpon|Grass Knot|p1a: Wake\n|-damage|p1a: Wake|59/100\n|\n|upkeep\n|turn|3\n|\n|t:|1782439680\n|-terastallize|p2a: Ogerpon|Water\n|detailschange|p2a: Ogerpon|Ogerpon-Wellspring-Tera, F, tera:Water\n|-ability|p2a: Ogerpon|Embody Aspect (Wellspring)|boost\n|-boost|p2a: Ogerpon|spd|1\n|move|p1a: Wake|Flamethrower|p2a: Ogerpon\n|-resisted|p2a: Ogerpon\n|-damage|p2a: Ogerpon|0 fnt\n|faint|p2a: Ogerpon\n|detailschange|p2: Ogerpon|Ogerpon-Wellspring, F|[silent]\n|\n|upkeep\n|\n|t:|1782439690\n|switch|p2a: Raichu|Raichu-Alola, M, shiny|100/100\n|turn|4\n|\n|t:|1782439695\n|move|p1a: Wake|Draco Meteor|p2a: Raichu\n|-damage|p2a: Raichu|0 fnt\n|-unboost|p1a: Wake|spa|2\n|faint|p2a: Raichu\n|\n|upkeep\n|\n|t:|1782439702\n|switch|p2a: Tinkaton|Tinkaton, F, shiny|100/100\n|-ability|p2a: Tinkaton|Mold Breaker\n|turn|5\n|\n|t:|1782439707\n|-end|p1a: Wake|Protosynthesis|[silent]\n|switch|p1a: KING Gambit|Kingambit, M, shiny|100/100\n|-damage|p1a: KING Gambit|88/100|[from] Spikes\n|move|p2a: Tinkaton|Draining Kiss|p1a: KING Gambit\n|-damage|p1a: KING Gambit|73/100\n|\n|upkeep\n|turn|6\n|\n|t:|1782439717\n|move|p2a: Tinkaton|Fake Out||[still]\n|-hint|Fake Out only works on your first turn out.\n|-fail|p2a: Tinkaton\n|move|p1a: KING Gambit|Iron Head|p2a: Tinkaton\n|-damage|p2a: Tinkaton|43/100\n|\n|upkeep\n|turn|7\n|\n|t:|1782439725\n|move|p2a: Tinkaton|Gigaton Hammer|p1a: KING Gambit\n|-resisted|p1a: KING Gambit\n|-damage|p1a: KING Gambit|55/100\n|move|p1a: KING Gambit|Iron Head|p2a: Tinkaton\n|-damage|p2a: Tinkaton|0 fnt\n|faint|p2a: Tinkaton\n|\n|upkeep\n|\n|t:|1782439734\n|switch|p2a: Ceruledge|Ceruledge, F|100/100\n|-item|p2a: Ceruledge|Air Balloon\n|turn|8\n|\n|t:|1782439740\n|move|p1a: KING Gambit|Sucker Punch|p2a: Ceruledge\n|-supereffective|p2a: Ceruledge\n|-crit|p2a: Ceruledge\n|-damage|p2a: Ceruledge|0 fnt\n|-enditem|p2a: Ceruledge|Air Balloon\n|faint|p2a: Ceruledge\n|\n|upkeep\n|\n|t:|1782439747\n|switch|p2a: Blissey|Blissey, F, shiny|100/100\n|-item|p2a: Blissey|Air Balloon\n|turn|9\n|\n|t:|1782439755\n|move|p2a: Blissey|Earthquake|p1a: KING Gambit\n|-supereffective|p1a: KING Gambit\n|-damage|p1a: KING Gambit|43/100\n|move|p1a: KING Gambit|Kowtow Cleave|p2a: Blissey\n|-damage|p2a: Blissey|3/100\n|-enditem|p2a: Blissey|Air Balloon\n|\n|upkeep\n|turn|10\n|\n|t:|1782439763\n|move|p1a: KING Gambit|Sucker Punch||[still]\n|-fail|p1a: KING Gambit\n|move|p2a: Blissey|Soft-Boiled|p2a: Blissey\n|-heal|p2a: Blissey|53/100\n|\n|upkeep\n|turn|11\n|\n|t:|1782439770\n|move|p2a: Blissey|Soft-Boiled|p2a: Blissey\n|-heal|p2a: Blissey|100/100\n|move|p1a: KING Gambit|Kowtow Cleave|p2a: Blissey\n|-damage|p2a: Blissey|5/100\n|\n|upkeep\n|turn|12\n|\n|t:|1782439776\n|move|p1a: KING Gambit|Sucker Punch||[still]\n|-fail|p1a: KING Gambit\n|move|p2a: Blissey|Soft-Boiled|p2a: Blissey\n|-heal|p2a: Blissey|55/100\n|\n|upkeep\n|turn|13\n|\n|t:|1782439783\n|move|p2a: Blissey|Soft-Boiled|p2a: Blissey\n|-heal|p2a: Blissey|100/100\n|move|p1a: KING Gambit|Kowtow Cleave|p2a: Blissey\n|-damage|p2a: Blissey|0 fnt\n|faint|p2a: Blissey\n|\n|upkeep\n|\n|t:|1782439791\n|switch|p2a: Gengar|Gengar, M, shiny|100/100\n|turn|14\n|\n|t:|1782439796\n|move|p2a: Gengar|Dazzling Gleam|p1a: KING Gambit\n|-damage|p1a: KING Gambit|21/100\n|move|p1a: KING Gambit|Kowtow Cleave|p2a: Gengar\n|-supereffective|p2a: Gengar\n|-damage|p2a: Gengar|0 fnt\n|faint|p2a: Gengar\n|\n|win|Yvonne348\n|raw|Yvonne348's rating: 1086 &rarr; <strong>1107</strong><br />(+21 for winning)\n|raw|kikomatsing's rating: 1000 &rarr; <strong>1000</strong><br />(+0 for losing)\n", "uploadtime": 1782439807, "views": 13, "formatid": "gen9ou", "rating": 1000, "private": 0, "password": null}