{"id": "gen9ou-2540426599", "format": "[Gen 9] OU", "players": ["Slim Summers", "flandre727"], "log": "|j|☆Slim Summers\n|j|☆flandre727\n|t:|1771200611\n|gametype|singles\n|player|p1|Slim Summers|blue|1658\n|player|p2|flandre727|dawn-gen4pt|1663\n|gen|9\n|tier|[Gen 9] OU\n|rated|\n|rule|HP Percentage Mod: HP is shown in percentages\n|rule|Endless Battle Clause: Forcing endless battles is banned\n|rule|Species Clause: Limit one of each Pokémon\n|rule|OHKO Clause: OHKO moves are banned\n|rule|Evasion Items Clause: Evasion items are banned\n|rule|Evasion Moves Clause: Evasion moves are banned\n|rule|Evasion Abilities Clause: Evasion abilities are banned\n|rule|Sleep Moves Clause: Sleep-inducing moves are banned\n|clearpoke\n|poke|p1|Darkrai|\n|poke|p1|Great Tusk|\n|poke|p1|Zapdos|\n|poke|p1|Tyranitar, M|\n|poke|p1|Arcanine-Hisui, M|\n|poke|p1|Rillaboom, M|\n|poke|p2|Ceruledge, M|\n|poke|p2|Iron Valiant|\n|poke|p2|Dragonite, F|\n|poke|p2|Deoxys-Speed|\n|poke|p2|Glimmora, M|\n|poke|p2|Darkrai|\n|teampreview\n|c|☆flandre727|hf\n|c|☆Slim Summers|u2\n|inactive|Battle timer is ON: inactive players will automatically lose when time's up. (requested by flandre727)\n|\n|t:|1771200683\n|teamsize|p1|6\n|teamsize|p2|6\n|start\n|switch|p1a: Tyranitar|Tyranitar, M|100/100\n|switch|p2a: Glimmora|Glimmora, M|100/100\n|-weather|Sandstorm|[from] ability: Sand Stream|[of] p1a: Tyranitar\n|turn|1\n|\n|t:|1771200701\n|move|p2a: Glimmora|Stealth Rock|p1a: Tyranitar\n|-sidestart|p1: Slim Summers|move: Stealth Rock\n|move|p1a: Tyranitar|Stealth Rock|p2a: Glimmora\n|-sidestart|p2: flandre727|move: Stealth Rock\n|\n|-weather|Sandstorm|[upkeep]\n|upkeep\n|turn|2\n|inactive|Slim Summers has 120 seconds left.\n|\n|t:|1771200728\n|switch|p1a: Arcanine|Arcanine-Hisui, M|100/100\n|-damage|p1a: Arcanine|76/100|[from] Stealth Rock\n|move|p2a: Glimmora|Mortal Spin|p1a: Arcanine\n|-resisted|p1a: Arcanine\n|-damage|p1a: Arcanine|72/100\n|-status|p1a: Arcanine|psn\n|-sideend|p2: flandre727|Stealth Rock|[from] move: Mortal Spin|[of] p2a: Glimmora\n|\n|-weather|Sandstorm|[upkeep]\n|-damage|p1a: Arcanine|60/100 psn|[from] psn\n|upkeep\n|turn|3\n|\n|t:|1771200738\n|move|p1a: Arcanine|Head Smash|p2a: Glimmora\n|-damage|p2a: Glimmora|0 fnt\n|-activate|p2a: Glimmora|ability: Toxic Debris\n|-sidestart|p1: Slim Summers|move: Toxic Spikes\n|faint|p2a: Glimmora\n|\n|-weather|Sandstorm|[upkeep]\n|-damage|p1a: Arcanine|48/100 psn|[from] psn\n|upkeep\n|\n|t:|1771200746\n|switch|p2a: Iron Valiant|Iron Valiant|100/100\n|-enditem|p2a: Iron Valiant|Booster Energy\n|-activate|p2a: Iron Valiant|ability: Quark Drive|[fromitem]\n|-start|p2a: Iron Valiant|quarkdrivespe\n|turn|4\n|\n|t:|1771200754\n|move|p2a: Iron Valiant|Moonblast|p1a: Arcanine\n|-resisted|p1a: Arcanine\n|-damage|p1a: Arcanine|33/100 psn\n|move|p1a: Arcanine|Head Smash|p2a: Iron Valiant\n|-resisted|p2a: Iron Valiant\n|-damage|p2a: Iron Valiant|29/100\n|\n|-weather|Sandstorm|[upkeep]\n|-damage|p2a: Iron Valiant|23/100|[from] Sandstorm\n|-damage|p1a: Arcanine|21/100 psn|[from] psn\n|upkeep\n|turn|5\n|inactive|Slim Summers has 120 seconds left.\n|\n|t:|1771200782\n|move|p2a: Iron Valiant|Knock Off|p1a: Arcanine\n|-damage|p1a: Arcanine|0 fnt\n|-enditem|p1a: Arcanine|Choice Band|[from] move: Knock Off|[of] p2a: Iron Valiant\n|faint|p1a: Arcanine\n|\n|-weather|none\n|upkeep\n|inactive|Slim Summers has 120 seconds left.\n|\n|t:|1771200810\n|switch|p1a: Zapdos|Zapdos|100/100\n|turn|6\n|\n|t:|1771200814\n|move|p2a: Iron Valiant|Knock Off|p1a: Zapdos\n|-damage|p1a: Zapdos|75/100\n|-enditem|p1a: Zapdos|Heavy-Duty Boots|[from] move: Knock Off|[of] p2a: Iron Valiant\n|move|p1a: Zapdos|Volt Switch|p2a: Iron Valiant\n|-damage|p2a: Iron Valiant|0 fnt\n|faint|p2a: Iron Valiant\n|-end|p2a: Iron Valiant|Quark Drive|[silent]\n|\n|t:|1771200823\n|switch|p1a: Tyranitar|Tyranitar, M|100/100|[from] Volt Switch\n|-weather|Sandstorm|[from] ability: Sand Stream|[of] p1a: Tyranitar\n|\n|-weather|Sandstorm|[upkeep]\n|upkeep\n|\n|t:|1771200831\n|switch|p2a: Deoxys|Deoxys-Speed|100/100\n|-ability|p2a: Deoxys|Pressure\n|turn|7\n|inactive|Slim Summers has 120 seconds left.\n|\n|t:|1771200846\n|move|p2a: Deoxys|Taunt|p1a: Tyranitar\n|-start|p1a: Tyranitar|move: Taunt\n|move|p1a: Tyranitar|Knock Off|p2a: Deoxys\n|-supereffective|p2a: Deoxys\n|-damage|p2a: Deoxys|0 fnt\n|-enditem|p2a: Deoxys|Light Clay|[from] move: Knock Off|[of] p1a: Tyranitar\n|faint|p2a: Deoxys\n|\n|-weather|Sandstorm|[upkeep]\n|upkeep\n|\n|t:|1771200853\n|switch|p2a: Darkrai|Darkrai|100/100\n|turn|8\n|inactive|Slim Summers has 120 seconds left.\n|\n|t:|1771200869\n|move|p2a: Darkrai|Nasty Plot|p2a: Darkrai\n|-boost|p2a: Darkrai|spa|2\n|move|p1a: Tyranitar|Knock Off|p2a: Darkrai\n|-resisted|p2a: Darkrai\n|-damage|p2a: Darkrai|72/100\n|-enditem|p2a: Darkrai|Life Orb|[from] move: Knock Off|[of] p1a: Tyranitar\n|\n|-weather|Sandstorm|[upkeep]\n|-damage|p2a: Darkrai|66/100|[from] Sandstorm\n|upkeep\n|turn|9\n|inactive|Slim Summers has 120 seconds left.\n|\n|t:|1771200885\n|move|p2a: Darkrai|Focus Blast|p1a: Tyranitar|[miss]\n|-miss|p2a: Darkrai|p1a: Tyranitar\n|move|p1a: Tyranitar|Knock Off|p2a: Darkrai\n|-resisted|p2a: Darkrai\n|-damage|p2a: Darkrai|45/100\n|\n|-weather|Sandstorm|[upkeep]\n|-damage|p2a: Darkrai|39/100|[from] Sandstorm\n|-end|p1a: Tyranitar|move: Taunt\n|upkeep\n|turn|10\n|\n|t:|1771200894\n|move|p2a: Darkrai|Focus Blast|p1a: Tyranitar\n|-supereffective|p1a: Tyranitar\n|-damage|p1a: Tyranitar|0 fnt\n|faint|p1a: Tyranitar\n|\n|-weather|none\n|upkeep\n|\n|t:|1771200903\n|switch|p1a: Rillaboom|Rillaboom, M|100/100\n|-damage|p1a: Rillaboom|88/100|[from] Stealth Rock\n|-status|p1a: Rillaboom|psn\n|-fieldstart|move: Grassy Terrain|[from] ability: Grassy Surge|[of] p1a: Rillaboom\n|turn|11\n|inactive|Slim Summers has 120 seconds left.\n|\n|t:|1771200910\n|move|p1a: Rillaboom|Grassy Glide|p2a: Darkrai\n|-damage|p2a: Darkrai|0 fnt\n|faint|p2a: Darkrai\n|\n|-heal|p1a: Rillaboom|94/100 psn|[from] Grassy Terrain\n|-damage|p1a: Rillaboom|82/100 psn|[from] psn\n|upkeep\n|\n|t:|1771200920\n|switch|p2a: Dragonite|Dragonite, F|100/100\n|turn|12\n|\n|t:|1771200927\n|switch|p1a: Zapdos|Zapdos|75/100\n|-damage|p1a: Zapdos|50/100|[from] Stealth Rock\n|move|p2a: Dragonite|Dragon Dance|p2a: Dragonite\n|-boost|p2a: Dragonite|atk|1\n|-boost|p2a: Dragonite|spe|1\n|\n|upkeep\n|turn|13\n|\n|t:|1771200935\n|move|p2a: Dragonite|Dragon Dance|p2a: Dragonite\n|-boost|p2a: Dragonite|atk|1\n|-boost|p2a: Dragonite|spe|1\n|move|p1a: Zapdos|Roost|p1a: Zapdos\n|-heal|p1a: Zapdos|99/100\n|-singleturn|p1a: Zapdos|move: Roost\n|\n|-heal|p1a: Zapdos|100/100|[from] Grassy Terrain\n|upkeep\n|turn|14\n|\n|t:|1771200943\n|move|p2a: Dragonite|Dragon Dance|p2a: Dragonite\n|-boost|p2a: Dragonite|atk|1\n|-boost|p2a: Dragonite|spe|1\n|move|p1a: Zapdos|Discharge|p2a: Dragonite\n|-damage|p2a: Dragonite|83/100\n|\n|-heal|p2a: Dragonite|89/100|[from] item: Leftovers\n|upkeep\n|turn|15\n|\n|t:|1771200950\n|-terastallize|p2a: Dragonite|Flying\n|move|p2a: Dragonite|Tera Blast|p1a: Zapdos|[anim] Tera Blast Flying\n|-resisted|p1a: Zapdos\n|-damage|p1a: Zapdos|51/100\n|move|p1a: Zapdos|Discharge|p2a: Dragonite\n|-supereffective|p2a: Dragonite\n|-damage|p2a: Dragonite|14/100\n|\n|-heal|p2a: Dragonite|21/100|[from] item: Leftovers\n|-fieldend|move: Grassy Terrain\n|upkeep\n|turn|16\n|\n|t:|1771200962\n|move|p2a: Dragonite|Tera Blast|p1a: Zapdos|[anim] Tera Blast Flying\n|-resisted|p1a: Zapdos\n|-damage|p1a: Zapdos|0 fnt\n|faint|p1a: Zapdos\n|\n|-heal|p2a: Dragonite|27/100|[from] item: Leftovers\n|upkeep\n|\n|t:|1771200985\n|switch|p1a: Rillaboom|Rillaboom, M|82/100 psn\n|-damage|p1a: Rillaboom|69/100 psn|[from] Stealth Rock\n|-fieldstart|move: Grassy Terrain|[from] ability: Grassy Surge|[of] p1a: Rillaboom\n|turn|17\n|\n|t:|1771200990\n|-terastallize|p1a: Rillaboom|Grass\n|move|p1a: Rillaboom|Grassy Glide|p2a: Dragonite\n|-resisted|p2a: Dragonite\n|-damage|p2a: Dragonite|0 fnt\n|faint|p2a: Dragonite\n|\n|-heal|p1a: Rillaboom|75/100 psn|[from] Grassy Terrain\n|-damage|p1a: Rillaboom|63/100 psn|[from] psn\n|upkeep\n|\n|t:|1771200995\n|switch|p2a: Ceruledge|Ceruledge, M|100/100\n|turn|18\n|\n|t:|1771201015\n|switch|p1a: Darkrai|Darkrai|100/100\n|-damage|p1a: Darkrai|88/100|[from] Stealth Rock\n|-status|p1a: Darkrai|psn\n|move|p2a: Ceruledge|Swords Dance|p2a: Ceruledge\n|-boost|p2a: Ceruledge|atk|2\n|\n|-heal|p1a: Darkrai|94/100 psn|[from] Grassy Terrain\n|-heal|p1a: Darkrai|100/100 psn|[from] item: Leftovers\n|-damage|p1a: Darkrai|88/100 psn|[from] psn\n|upkeep\n|turn|19\n|c|☆flandre727|gg\n|\n|t:|1771201027\n|move|p1a: Darkrai|Dark Pulse|p2a: Ceruledge\n|-supereffective|p2a: Ceruledge\n|-damage|p2a: Ceruledge|26/100\n|move|p2a: Ceruledge|Bitter Blade|p1a: Darkrai\n|-damage|p1a: Darkrai|0 fnt\n|-heal|p2a: Ceruledge|70/100|[from] drain|[of] p1a: Darkrai\n|faint|p1a: Darkrai\n|-damage|p2a: Ceruledge|60/100|[from] item: Life Orb\n|\n|-heal|p2a: Ceruledge|67/100|[from] Grassy Terrain\n|upkeep\n|\n|t:|1771201038\n|switch|p1a: Great Tusk|Great Tusk|100/100\n|turn|20\n|\n|t:|1771201044\n|move|p1a: Great Tusk|Headlong Rush|p2a: Ceruledge\n|-supereffective|p2a: Ceruledge\n|-damage|p2a: Ceruledge|0 fnt\n|-unboost|p1a: Great Tusk|def|1\n|-unboost|p1a: Great Tusk|spd|1\n|faint|p2a: Ceruledge\n|\n|win|Slim Summers\n|raw|Slim Summers's rating: 1658 &rarr; <strong>1678</strong><br />(+20 for winning)\n|raw|flandre727's rating: 1663 &rarr; <strong>1643</strong><br />(-20 for losing)\n|c|☆Slim Summers|gg\n|l|☆flandre727\n|player|p2|\n|l|☆Slim Summers\n|player|p1|\n", "uploadtime": 1771201218, "views": 9, "formatid": "gen9ou", "rating": 1643, "private": 0, "password": null}