{"id": "gen9ou-2540411418", "format": "[Gen 9] OU", "players": ["like gold", "AmygdalanResponse"], "log": "|j|☆like gold\n|j|☆AmygdalanResponse\n|t:|1771198753\n|gametype|singles\n|player|p1|like gold|steven|1552\n|player|p2|AmygdalanResponse|marshal|1482\n|gen|9\n|tier|[Gen 9] OU\n|rated|\n|rule|HP Percentage Mod: HP is shown in percentages\n|rule|Endless Battle Clause: Forcing endless battles is banned\n|rule|Species Clause: Limit one of each Pokémon\n|rule|OHKO Clause: OHKO moves are banned\n|rule|Evasion Items Clause: Evasion items are banned\n|rule|Evasion Moves Clause: Evasion moves are banned\n|rule|Evasion Abilities Clause: Evasion abilities are banned\n|rule|Sleep Moves Clause: Sleep-inducing moves are banned\n|clearpoke\n|poke|p1|Zapdos-Galar|\n|poke|p1|Slowking, M|\n|poke|p1|Sinistcha|\n|poke|p1|Goodra-Hisui, F|\n|poke|p1|Iron Moth|\n|poke|p1|Garchomp, F|\n|poke|p2|Ribombee, M|\n|poke|p2|Raging Bolt|\n|poke|p2|Gholdengo|\n|poke|p2|Enamorus, F|\n|poke|p2|Ogerpon-Wellspring, F|\n|poke|p2|Great Tusk|\n|teampreview\n|\n|t:|1771198767\n|teamsize|p1|6\n|teamsize|p2|6\n|start\n|switch|p1a: Slowking|Slowking, M|100/100\n|switch|p2a: Ribombee|Ribombee, M|100/100\n|turn|1\n|\n|t:|1771198769\n|move|p2a: Ribombee|Sticky Web|p1a: Slowking\n|-sidestart|p1: like gold|move: Sticky Web\n|move|p1a: Slowking|Scald|p2a: Ribombee\n|-damage|p2a: Ribombee|56/100\n|\n|upkeep\n|turn|2\n|\n|t:|1771198806\n|move|p2a: Ribombee|Moonblast|p1a: Slowking\n|-damage|p1a: Slowking|77/100\n|-unboost|p1a: Slowking|spa|1\n|move|p1a: Slowking|Psyshock|p2a: Ribombee\n|-damage|p2a: Ribombee|16/100\n|\n|upkeep\n|turn|3\n|\n|t:|1771198816\n|move|p2a: Ribombee|Skill Swap|p1a: Slowking\n|-activate|p2a: Ribombee|Skill Swap|p1a: Slowking|[ability] Regenerator|[ability2] Shield Dust\n|move|p1a: Slowking|Scald|p2a: Ribombee\n|-damage|p2a: Ribombee|0 fnt\n|faint|p2a: Ribombee\n|\n|upkeep\n|\n|t:|1771198829\n|switch|p2a: Raging Bolt|Raging Bolt|100/100\n|-enditem|p2a: Raging Bolt|Booster Energy\n|-activate|p2a: Raging Bolt|ability: Protosynthesis|[fromitem]\n|-start|p2a: Raging Bolt|protosynthesisspa\n|turn|4\n|\n|t:|1771198834\n|switch|p1a: Goodra|Goodra-Hisui, F|100/100\n|-activate|p1a: Goodra|move: Sticky Web\n|-unboost|p1a: Goodra|spe|1\n|move|p2a: Raging Bolt|Calm Mind|p2a: Raging Bolt\n|-boost|p2a: Raging Bolt|spa|1\n|-boost|p2a: Raging Bolt|spd|1\n|\n|upkeep\n|turn|5\n|\n|t:|1771198839\n|move|p2a: Raging Bolt|Dragon Pulse|p1a: Goodra\n|-damage|p1a: Goodra|67/100\n|move|p1a: Goodra|Dragon Tail|p2a: Raging Bolt\n|-supereffective|p2a: Raging Bolt\n|-damage|p2a: Raging Bolt|68/100\n|-end|p2a: Raging Bolt|Protosynthesis|[silent]\n|drag|p2a: Gholdengo|Gholdengo|100/100\n|-item|p2a: Gholdengo|Air Balloon\n|\n|upkeep\n|turn|6\n|\n|t:|1771198847\n|move|p2a: Gholdengo|Focus Blast|p1a: Goodra\n|-supereffective|p1a: Goodra\n|-damage|p1a: Goodra|35/100\n|move|p1a: Goodra|Dragon Tail|p2a: Gholdengo\n|-resisted|p2a: Gholdengo\n|-damage|p2a: Gholdengo|90/100\n|-enditem|p2a: Gholdengo|Air Balloon\n|drag|p2a: Enamorus|Enamorus, F|100/100\n|\n|upkeep\n|turn|7\n|\n|t:|1771198852\n|move|p2a: Enamorus|Earth Power|p1a: Goodra\n|-supereffective|p1a: Goodra\n|-damage|p1a: Goodra|0 fnt\n|faint|p1a: Goodra\n|\n|upkeep\n|\n|t:|1771198858\n|switch|p1a: Zapdos|Zapdos-Galar|100/100\n|turn|8\n|\n|t:|1771198867\n|switch|p2a: Gholdengo|Gholdengo|90/100\n|move|p1a: Zapdos|Knock Off|p2a: Gholdengo\n|-supereffective|p2a: Gholdengo\n|-damage|p2a: Gholdengo|13/100\n|\n|upkeep\n|turn|9\n|\n|t:|1771198872\n|move|p1a: Zapdos|Knock Off|p2a: Gholdengo\n|-supereffective|p2a: Gholdengo\n|-damage|p2a: Gholdengo|0 fnt\n|faint|p2a: Gholdengo\n|\n|upkeep\n|\n|t:|1771198873\n|switch|p2a: Raging Bolt|Raging Bolt|68/100\n|turn|10\n|\n|t:|1771198877\n|-terastallize|p1a: Zapdos|Fighting\n|move|p1a: Zapdos|Knock Off|p2a: Raging Bolt\n|-damage|p2a: Raging Bolt|37/100\n|move|p2a: Raging Bolt|Thunderbolt|p1a: Zapdos\n|-damage|p1a: Zapdos|48/100\n|\n|upkeep\n|turn|11\n|\n|t:|1771198884\n|switch|p1a: Garchomp|Garchomp, F|100/100\n|-activate|p1a: Garchomp|move: Sticky Web\n|-unboost|p1a: Garchomp|spe|1\n|move|p2a: Raging Bolt|Thunderclap||[still]\n|-fail|p2a: Raging Bolt\n|\n|upkeep\n|turn|12\n|\n|t:|1771198887\n|move|p2a: Raging Bolt|Dragon Pulse|p1a: Garchomp\n|-supereffective|p1a: Garchomp\n|-damage|p1a: Garchomp|21/100\n|move|p1a: Garchomp|Earthquake|p2a: Raging Bolt\n|-supereffective|p2a: Raging Bolt\n|-damage|p2a: Raging Bolt|0 fnt\n|faint|p2a: Raging Bolt\n|-end|p2a: Raging Bolt|Protosynthesis|[silent]\n|\n|upkeep\n|\n|t:|1771198893\n|switch|p2a: Great Tusk|Great Tusk|100/100\n|-enditem|p2a: Great Tusk|Booster Energy\n|-activate|p2a: Great Tusk|ability: Protosynthesis|[fromitem]\n|-start|p2a: Great Tusk|protosynthesisspe\n|turn|13\n|\n|t:|1771198923\n|move|p2a: Great Tusk|Bulk Up|p2a: Great Tusk\n|-boost|p2a: Great Tusk|atk|1\n|-boost|p2a: Great Tusk|def|1\n|move|p1a: Garchomp|Stealth Rock|p2a: Great Tusk\n|-sidestart|p2: AmygdalanResponse|move: Stealth Rock\n|\n|upkeep\n|turn|14\n|\n|t:|1771198931\n|move|p2a: Great Tusk|Bulk Up|p2a: Great Tusk\n|-boost|p2a: Great Tusk|atk|1\n|-boost|p2a: Great Tusk|def|1\n|move|p1a: Garchomp|Dragon Tail|p2a: Great Tusk\n|-damage|p2a: Great Tusk|92/100\n|-end|p2a: Great Tusk|Protosynthesis|[silent]\n|drag|p2a: Ogerpon|Ogerpon-Wellspring, F|100/100\n|-damage|p2a: Ogerpon|88/100|[from] Stealth Rock\n|\n|upkeep\n|turn|15\n|\n|t:|1771198937\n|move|p2a: Ogerpon|Swords Dance|p2a: Ogerpon\n|-boost|p2a: Ogerpon|atk|2\n|move|p1a: Garchomp|Spikes|p2a: Ogerpon\n|-sidestart|p2: AmygdalanResponse|Spikes\n|\n|upkeep\n|turn|16\n|\n|t:|1771198943\n|move|p2a: Ogerpon|Ivy Cudgel|p1a: Garchomp|[anim] Ivy Cudgel Water\n|-crit|p1a: Garchomp\n|-damage|p1a: Garchomp|0 fnt\n|faint|p1a: Garchomp\n|\n|upkeep\n|\n|t:|1771198953\n|switch|p1a: Sinistcha|Sinistcha|100/100\n|turn|17\n|\n|t:|1771198955\n|move|p2a: Ogerpon|Knock Off|p1a: Sinistcha\n|-supereffective|p1a: Sinistcha\n|-damage|p1a: Sinistcha|0 fnt\n|-enditem|p1a: Sinistcha|Heavy-Duty Boots|[from] move: Knock Off|[of] p2a: Ogerpon\n|faint|p1a: Sinistcha\n|\n|upkeep\n|\n|t:|1771198962\n|switch|p1a: Zapdos|Zapdos-Galar, tera:Fighting|48/100\n|-activate|p1a: Zapdos|move: Sticky Web\n|-unboost|p1a: Zapdos|spe|1\n|-ability|p1a: Zapdos|Defiant|boost\n|-boost|p1a: Zapdos|atk|2\n|turn|18\n|\n|t:|1771198966\n|move|p2a: Ogerpon|Ivy Cudgel|p1a: Zapdos|[anim] Ivy Cudgel Water\n|-damage|p1a: Zapdos|0 fnt\n|faint|p1a: Zapdos\n|\n|upkeep\n|\n|t:|1771198969\n|switch|p1a: Iron Moth|Iron Moth|100/100\n|-activate|p1a: Iron Moth|move: Sticky Web\n|-unboost|p1a: Iron Moth|spe|1\n|-enditem|p1a: Iron Moth|Booster Energy\n|-activate|p1a: Iron Moth|ability: Quark Drive|[fromitem]\n|-start|p1a: Iron Moth|quarkdrivespa\n|turn|19\n|\n|t:|1771198972\n|move|p2a: Ogerpon|Ivy Cudgel|p1a: Iron Moth|[anim] Ivy Cudgel Water\n|-supereffective|p1a: Iron Moth\n|-damage|p1a: Iron Moth|0 fnt\n|faint|p1a: Iron Moth\n|-end|p1a: Iron Moth|Quark Drive|[silent]\n|\n|upkeep\n|-message|like gold forfeited.\n|\n|win|AmygdalanResponse\n|raw|like gold's rating: 1552 &rarr; <strong>1528</strong><br />(-24 for losing)\n|raw|AmygdalanResponse's rating: 1482 &rarr; <strong>1506</strong><br />(+24 for winning)\n|l|☆like gold\n|player|p1|\n", "uploadtime": 1771198979, "views": 10, "formatid": "gen9ou", "rating": 1506, "private": 0, "password": null}