{"id": "gen9ou-2540532257", "format": "[Gen 9] OU", "players": ["Tankman123", "ceo o wo chien"], "log": "|j|☆Tankman123\n|j|☆ceo o wo chien\n|t:|1771214005\n|gametype|singles\n|player|p1|Tankman123|169|1646\n|player|p2|ceo o wo chien|1|1743\n|gen|9\n|tier|[Gen 9] OU\n|rated|\n|rule|HP Percentage Mod: HP is shown in percentages\n|rule|Endless Battle Clause: Forcing endless battles is banned\n|rule|Species Clause: Limit one of each Pokémon\n|rule|OHKO Clause: OHKO moves are banned\n|rule|Evasion Items Clause: Evasion items are banned\n|rule|Evasion Moves Clause: Evasion moves are banned\n|rule|Evasion Abilities Clause: Evasion abilities are banned\n|rule|Sleep Moves Clause: Sleep-inducing moves are banned\n|clearpoke\n|poke|p1|Zarude|\n|poke|p1|Pecharunt|\n|poke|p1|Blissey, F|\n|poke|p1|Gliscor, F|\n|poke|p1|Keldeo-Resolute|\n|poke|p1|Gholdengo|\n|poke|p2|Primarina, M|\n|poke|p2|Iron Crown|\n|poke|p2|Great Tusk|\n|poke|p2|Wo-Chien|\n|poke|p2|Moltres|\n|poke|p2|Dragapult, F|\n|teampreview\n|inactive|Battle timer is ON: inactive players will automatically lose when time's up. (requested by ceo o wo chien)\n|j| SaltysSuicune\n|\n|t:|1771214032\n|teamsize|p1|6\n|teamsize|p2|6\n|start\n|switch|p1a: Gliscor|Gliscor, F|100/100\n|switch|p2a: Primarina|Primarina, M|100/100\n|turn|1\n|\n|t:|1771214041\n|move|p1a: Gliscor|Protect|p1a: Gliscor\n|-singleturn|p1a: Gliscor|Protect\n|move|p2a: Primarina|Surf|p1a: Gliscor\n|-activate|p1a: Gliscor|move: Protect\n|\n|-status|p1a: Gliscor|tox|[from] item: Toxic Orb\n|upkeep\n|turn|2\n|\n|t:|1771214051\n|switch|p1a: Blissey|Blissey, F|100/100\n|move|p2a: Primarina|Flip Turn|p1a: Blissey\n|-damage|p1a: Blissey|85/100\n|\n|t:|1771214062\n|switch|p2a: Wo-Chien|Wo-Chien|100/100|[from] Flip Turn\n|-ability|p2a: Wo-Chien|Tablets of Ruin\n|\n|upkeep\n|turn|3\n|\n|t:|1771214069\n|move|p2a: Wo-Chien|Mean Look|p1a: Blissey\n|-activate|p1a: Blissey|trapped\n|move|p1a: Blissey|Thunder Wave|p2a: Wo-Chien\n|-status|p2a: Wo-Chien|par\n|\n|upkeep\n|turn|4\n|\n|t:|1771214077\n|move|p1a: Blissey|Stealth Rock|p2a: Wo-Chien\n|-sidestart|p2: ceo o wo chien|move: Stealth Rock\n|move|p2a: Wo-Chien|Leech Seed|p1a: Blissey\n|-start|p1a: Blissey|move: Leech Seed\n|\n|-damage|p1a: Blissey|72/100|[from] Leech Seed|[of] p2a: Wo-Chien\n|upkeep\n|turn|5\n|\n|t:|1771214082\n|move|p1a: Blissey|Seismic Toss|p2a: Wo-Chien\n|-damage|p2a: Wo-Chien|74/100 par\n|move|p2a: Wo-Chien|Knock Off|p1a: Blissey\n|-damage|p1a: Blissey|42/100\n|-enditem|p1a: Blissey|Heavy-Duty Boots|[from] move: Knock Off|[of] p2a: Wo-Chien\n|\n|-heal|p2a: Wo-Chien|80/100 par|[from] item: Leftovers\n|-damage|p1a: Blissey|30/100|[from] Leech Seed|[of] p2a: Wo-Chien\n|-heal|p2a: Wo-Chien|100/100 par|[silent]\n|upkeep\n|turn|6\n|\n|t:|1771214089\n|move|p1a: Blissey|Soft-Boiled|p1a: Blissey\n|-heal|p1a: Blissey|80/100\n|move|p2a: Wo-Chien|Knock Off|p1a: Blissey\n|-crit|p1a: Blissey\n|-damage|p1a: Blissey|52/100\n|\n|-damage|p1a: Blissey|39/100|[from] Leech Seed|[of] p2a: Wo-Chien\n|upkeep\n|turn|7\n|\n|t:|1771214092\n|move|p1a: Blissey|Soft-Boiled|p1a: Blissey\n|-heal|p1a: Blissey|89/100\n|move|p2a: Wo-Chien|Taunt|p1a: Blissey\n|-start|p1a: Blissey|move: Taunt\n|\n|-damage|p1a: Blissey|77/100|[from] Leech Seed|[of] p2a: Wo-Chien\n|upkeep\n|turn|8\n|\n|t:|1771214103\n|move|p1a: Blissey|Seismic Toss|p2a: Wo-Chien\n|-damage|p2a: Wo-Chien|74/100 par\n|move|p2a: Wo-Chien|Knock Off|p1a: Blissey\n|-damage|p1a: Blissey|55/100\n|\n|-heal|p2a: Wo-Chien|80/100 par|[from] item: Leftovers\n|-damage|p1a: Blissey|42/100|[from] Leech Seed|[of] p2a: Wo-Chien\n|-heal|p2a: Wo-Chien|100/100 par|[silent]\n|upkeep\n|turn|9\n|\n|t:|1771214109\n|move|p1a: Blissey|Seismic Toss|p2a: Wo-Chien\n|-damage|p2a: Wo-Chien|74/100 par\n|cant|p2a: Wo-Chien|par\n|\n|-heal|p2a: Wo-Chien|80/100 par|[from] item: Leftovers\n|-damage|p1a: Blissey|30/100|[from] Leech Seed|[of] p2a: Wo-Chien\n|-heal|p2a: Wo-Chien|100/100 par|[silent]\n|upkeep\n|turn|10\n|\n|t:|1771214135\n|move|p1a: Blissey|Seismic Toss|p2a: Wo-Chien\n|-damage|p2a: Wo-Chien|74/100 par\n|move|p2a: Wo-Chien|Knock Off|p1a: Blissey\n|-damage|p1a: Blissey|9/100\n|\n|-heal|p2a: Wo-Chien|80/100 par|[from] item: Leftovers\n|-damage|p1a: Blissey|0 fnt|[from] Leech Seed|[of] p2a: Wo-Chien\n|-heal|p2a: Wo-Chien|95/100 par|[silent]\n|faint|p1a: Blissey\n|upkeep\n|\n|t:|1771214149\n|switch|p1a: Gliscor|Gliscor, F|100/100 tox\n|turn|11\n|\n|t:|1771214156\n|move|p1a: Gliscor|Protect|p1a: Gliscor\n|-singleturn|p1a: Gliscor|Protect\n|move|p2a: Wo-Chien|Leech Seed|p1a: Gliscor\n|-activate|p1a: Gliscor|move: Protect\n|\n|-heal|p2a: Wo-Chien|100/100 par|[from] item: Leftovers\n|upkeep\n|turn|12\n|\n|t:|1771214162\n|move|p1a: Gliscor|Spikes|p2a: Wo-Chien\n|-sidestart|p2: ceo o wo chien|Spikes\n|move|p2a: Wo-Chien|Leech Seed|p1a: Gliscor\n|-start|p1a: Gliscor|move: Leech Seed\n|\n|-damage|p1a: Gliscor|88/100 tox|[from] Leech Seed|[of] p2a: Wo-Chien\n|-heal|p1a: Gliscor|100/100 tox|[from] ability: Poison Heal\n|upkeep\n|turn|13\n|\n|t:|1771214168\n|switch|p1a: Keldeo|Keldeo-Resolute|100/100\n|cant|p2a: Wo-Chien|par\n|\n|upkeep\n|turn|14\n|\n|t:|1771214172\n|switch|p2a: Primarina|Primarina, M|100/100\n|-damage|p2a: Primarina|88/100|[from] Stealth Rock\n|-damage|p2a: Primarina|76/100|[from] Spikes\n|move|p1a: Keldeo|Flip Turn|p2a: Primarina\n|-resisted|p2a: Primarina\n|-damage|p2a: Primarina|65/100\n|\n|t:|1771214175\n|switch|p1a: Zarude|Zarude|100/100|[from] Flip Turn\n|\n|upkeep\n|turn|15\n|j| the salt wars\n|\n|t:|1771214185\n|switch|p2a: Moltres|Moltres|100/100\n|move|p1a: Zarude|Knock Off|p2a: Moltres\n|-damage|p2a: Moltres|65/100\n|-status|p1a: Zarude|brn|[from] ability: Flame Body|[of] p2a: Moltres\n|-enditem|p2a: Moltres|Heavy-Duty Boots|[from] move: Knock Off|[of] p1a: Zarude\n|\n|-damage|p1a: Zarude|95/100 brn|[from] brn\n|upkeep\n|turn|16\n|\n|t:|1771214197\n|switch|p1a: Keldeo|Keldeo-Resolute|100/100\n|move|p2a: Moltres|U-turn|p1a: Keldeo\n|-resisted|p1a: Keldeo\n|-damage|p1a: Keldeo|93/100\n|\n|t:|1771214199\n|switch|p2a: Primarina|Primarina, M|65/100|[from] U-turn\n|-damage|p2a: Primarina|53/100|[from] Stealth Rock\n|-damage|p2a: Primarina|40/100|[from] Spikes\n|\n|upkeep\n|turn|17\n|\n|t:|1771214204\n|move|p1a: Keldeo|Flip Turn|p2a: Primarina\n|-resisted|p2a: Primarina\n|-damage|p2a: Primarina|30/100\n|\n|t:|1771214211\n|switch|p1a: Gholdengo|Gholdengo|100/100|[from] Flip Turn\n|move|p2a: Primarina|Moonblast|p1a: Gholdengo\n|-resisted|p1a: Gholdengo\n|-damage|p1a: Gholdengo|71/100\n|\n|upkeep\n|turn|18\n|l| the salt wars\n|\n|t:|1771214219\n|switch|p2a: Wo-Chien|Wo-Chien|100/100 par\n|-damage|p2a: Wo-Chien|88/100 par|[from] Stealth Rock\n|-damage|p2a: Wo-Chien|76/100 par|[from] Spikes\n|-ability|p2a: Wo-Chien|Tablets of Ruin\n|move|p1a: Gholdengo|Make It Rain|p2a: Wo-Chien\n|-damage|p2a: Wo-Chien|37/100 par\n|-unboost|p1a: Gholdengo|spa|1\n|\n|-heal|p2a: Wo-Chien|43/100 par|[from] item: Leftovers\n|upkeep\n|turn|19\n|\n|t:|1771214224\n|switch|p1a: Keldeo|Keldeo-Resolute|93/100\n|cant|p2a: Wo-Chien|par\n|\n|-heal|p2a: Wo-Chien|49/100 par|[from] item: Leftovers\n|upkeep\n|turn|20\n|\n|t:|1771214236\n|move|p1a: Keldeo|Flip Turn|p2a: Wo-Chien\n|-resisted|p2a: Wo-Chien\n|-damage|p2a: Wo-Chien|45/100 par\n|\n|t:|1771214244\n|switch|p1a: Pecharunt|Pecharunt|100/100|[from] Flip Turn\n|move|p2a: Wo-Chien|Knock Off|p1a: Pecharunt\n|-supereffective|p1a: Pecharunt\n|-damage|p1a: Pecharunt|74/100\n|-enditem|p1a: Pecharunt|Heavy-Duty Boots|[from] move: Knock Off|[of] p2a: Wo-Chien\n|\n|-heal|p2a: Wo-Chien|51/100 par|[from] item: Leftovers\n|upkeep\n|turn|21\n|\n|t:|1771214253\n|switch|p2a: Iron Crown|Iron Crown|100/100\n|-damage|p2a: Iron Crown|94/100|[from] Stealth Rock\n|-damage|p2a: Iron Crown|82/100|[from] Spikes\n|move|p1a: Pecharunt|Parting Shot|p2a: Iron Crown\n|-unboost|p2a: Iron Crown|atk|1\n|-unboost|p2a: Iron Crown|spa|1\n|\n|t:|1771214258\n|switch|p1a: Zarude|Zarude|95/100 brn|[from] Parting Shot\n|\n|-damage|p1a: Zarude|89/100 brn|[from] brn\n|upkeep\n|turn|22\n|\n|t:|1771214268\n|-end|p2a: Iron Crown|Quark Drive|[silent]\n|switch|p2a: Great Tusk|Great Tusk|100/100\n|move|p1a: Zarude|Knock Off|p2a: Great Tusk\n|-resisted|p2a: Great Tusk\n|-damage|p2a: Great Tusk|93/100\n|-enditem|p2a: Great Tusk|Heavy-Duty Boots|[from] move: Knock Off|[of] p1a: Zarude\n|\n|-damage|p1a: Zarude|83/100 brn|[from] brn\n|upkeep\n|turn|23\n|\n|t:|1771214279\n|switch|p1a: Pecharunt|Pecharunt|74/100\n|move|p2a: Great Tusk|Stealth Rock|p1a: Pecharunt\n|-sidestart|p1: Tankman123|move: Stealth Rock\n|\n|upkeep\n|turn|24\n|\n|t:|1771214289\n|-end|p2a: Great Tusk|Protosynthesis|[silent]\n|switch|p2a: Iron Crown|Iron Crown|82/100\n|-damage|p2a: Iron Crown|76/100|[from] Stealth Rock\n|-damage|p2a: Iron Crown|63/100|[from] Spikes\n|move|p1a: Pecharunt|Malignant Chain|p2a: Iron Crown\n|-immune|p2a: Iron Crown\n|\n|upkeep\n|turn|25\n|\n|t:|1771214297\n|switch|p1a: Zarude|Zarude|83/100 brn\n|move|p2a: Iron Crown|Tachyon Cutter|p1a: Zarude\n|-damage|p1a: Zarude|41/100 brn\n|-damage|p1a: Zarude|4/100 brn\n|-hitcount|p1a: Zarude|2\n|\n|-damage|p1a: Zarude|0 fnt|[from] brn\n|faint|p1a: Zarude\n|upkeep\n|\n|t:|1771214302\n|switch|p1a: Gholdengo|Gholdengo|71/100\n|-damage|p1a: Gholdengo|65/100|[from] Stealth Rock\n|turn|26\n|\n|t:|1771214308\n|-end|p2a: Iron Crown|Quark Drive|[silent]\n|switch|p2a: Moltres|Moltres|65/100\n|-damage|p2a: Moltres|15/100|[from] Stealth Rock\n|move|p1a: Gholdengo|Shadow Ball|p2a: Moltres\n|-damage|p2a: Moltres|0 fnt\n|faint|p2a: Moltres\n|\n|upkeep\n|j| tinki1\n|\n|t:|1771214313\n|switch|p2a: Primarina|Primarina, M|30/100\n|-damage|p2a: Primarina|18/100|[from] Stealth Rock\n|-damage|p2a: Primarina|5/100|[from] Spikes\n|turn|27\n|-enditem|p2a: Primarina|Custap Berry|[eat]\n|-activate|p2a: Primarina|item: Custap Berry|[consumed]\n|\n|t:|1771214315\n|move|p2a: Primarina|Surf|p1a: Gholdengo\n|-damage|p1a: Gholdengo|0 fnt\n|faint|p1a: Gholdengo\n|\n|upkeep\n|\n|t:|1771214319\n|switch|p1a: Gliscor|Gliscor, F|100/100 tox\n|-damage|p1a: Gliscor|88/100 tox|[from] Stealth Rock\n|turn|28\n|\n|t:|1771214321\n|move|p1a: Gliscor|Earthquake|p2a: Primarina\n|-damage|p2a: Primarina|0 fnt\n|faint|p2a: Primarina\n|\n|-heal|p1a: Gliscor|100/100 tox|[from] ability: Poison Heal\n|upkeep\n|\n|t:|1771214325\n|switch|p2a: Wo-Chien|Wo-Chien|51/100 par\n|-damage|p2a: Wo-Chien|38/100 par|[from] Stealth Rock\n|-damage|p2a: Wo-Chien|26/100 par|[from] Spikes\n|-ability|p2a: Wo-Chien|Tablets of Ruin\n|turn|29\n|\n|t:|1771214329\n|switch|p1a: Keldeo|Keldeo-Resolute|93/100\n|move|p2a: Wo-Chien|Leech Seed|p1a: Keldeo\n|-start|p1a: Keldeo|move: Leech Seed\n|\n|-heal|p2a: Wo-Chien|32/100 par|[from] item: Leftovers\n|-damage|p1a: Keldeo|80/100|[from] Leech Seed|[of] p2a: Wo-Chien\n|-heal|p2a: Wo-Chien|43/100 par|[silent]\n|upkeep\n|turn|30\n|\n|t:|1771214333\n|switch|p2a: Dragapult|Dragapult, F|100/100\n|-damage|p2a: Dragapult|88/100|[from] Stealth Rock\n|-damage|p2a: Dragapult|76/100|[from] Spikes\n|move|p1a: Keldeo|Secret Sword|p2a: Dragapult\n|-immune|p2a: Dragapult\n|\n|-damage|p1a: Keldeo|68/100|[from] Leech Seed|[of] p2a: Dragapult\n|-heal|p2a: Dragapult|89/100|[silent]\n|upkeep\n|turn|31\n|\n|t:|1771214339\n|switch|p1a: Gliscor|Gliscor, F|100/100 tox\n|-damage|p1a: Gliscor|88/100 tox|[from] Stealth Rock\n|move|p2a: Dragapult|Dragon Darts|p1a: Gliscor\n|-crit|p1a: Gliscor\n|-damage|p1a: Gliscor|57/100 tox\n|-anim|p2a: Dragapult|Dragon Darts|p1a: Gliscor\n|-damage|p1a: Gliscor|35/100 tox\n|\n|-heal|p1a: Gliscor|48/100 tox|[from] ability: Poison Heal\n|upkeep\n|turn|32\n|\n|t:|1771214345\n|switch|p2a: Iron Crown|Iron Crown|63/100\n|-damage|p2a: Iron Crown|57/100|[from] Stealth Rock\n|-damage|p2a: Iron Crown|44/100|[from] Spikes\n|move|p1a: Gliscor|Protect||[still]\n|-fail|p1a: Gliscor\n|\n|-heal|p1a: Gliscor|60/100 tox|[from] ability: Poison Heal\n|upkeep\n|turn|33\n|\n|t:|1771214348\n|move|p1a: Gliscor|Protect|p1a: Gliscor\n|-singleturn|p1a: Gliscor|Protect\n|move|p2a: Iron Crown|Tachyon Cutter|p1a: Gliscor\n|-activate|p1a: Gliscor|move: Protect\n|\n|-heal|p1a: Gliscor|73/100 tox|[from] ability: Poison Heal\n|upkeep\n|turn|34\n|j| Box Scammer\n|\n|t:|1771214353\n|switch|p1a: Keldeo|Keldeo-Resolute|68/100\n|move|p2a: Iron Crown|Tachyon Cutter|p1a: Keldeo\n|-resisted|p1a: Keldeo\n|-damage|p1a: Keldeo|48/100\n|-resisted|p1a: Keldeo\n|-damage|p1a: Keldeo|28/100\n|-hitcount|p1a: Keldeo|2\n|\n|upkeep\n|turn|35\n|\n|t:|1771214358\n|move|p1a: Keldeo|Surf|p2a: Iron Crown\n|-damage|p2a: Iron Crown|0 fnt\n|faint|p2a: Iron Crown\n|-end|p2a: Iron Crown|Quark Drive|[silent]\n|\n|upkeep\n|\n|t:|1771214359\n|switch|p2a: Dragapult|Dragapult, F|89/100\n|-damage|p2a: Dragapult|76/100|[from] Stealth Rock\n|-damage|p2a: Dragapult|64/100|[from] Spikes\n|turn|36\n|\n|t:|1771214367\n|move|p2a: Dragapult|Dragon Darts|p1a: Keldeo\n|-damage|p1a: Keldeo|0 fnt\n|faint|p1a: Keldeo\n|\n|upkeep\n|\n|t:|1771214368\n|switch|p1a: Gliscor|Gliscor, F|73/100 tox\n|-damage|p1a: Gliscor|60/100 tox|[from] Stealth Rock\n|turn|37\n|\n|t:|1771214378\n|move|p1a: Gliscor|Protect|p1a: Gliscor\n|-singleturn|p1a: Gliscor|Protect\n|move|p2a: Dragapult|Dragon Darts|p1a: Gliscor\n|-activate|p1a: Gliscor|move: Protect\n|\n|-heal|p1a: Gliscor|73/100 tox|[from] ability: Poison Heal\n|upkeep\n|turn|38\n|l| Box Scammer\n|\n|t:|1771214390\n|move|p2a: Dragapult|Dragon Darts|p1a: Gliscor\n|-damage|p1a: Gliscor|52/100 tox\n|-anim|p2a: Dragapult|Dragon Darts|p1a: Gliscor\n|-damage|p1a: Gliscor|31/100 tox\n|move|p1a: Gliscor|Earthquake|p2a: Dragapult\n|-damage|p2a: Dragapult|18/100\n|\n|-heal|p1a: Gliscor|43/100 tox|[from] ability: Poison Heal\n|upkeep\n|turn|39\n|\n|t:|1771214396\n|move|p1a: Gliscor|Protect|p1a: Gliscor\n|-singleturn|p1a: Gliscor|Protect\n|move|p2a: Dragapult|Dragon Darts|p1a: Gliscor\n|-activate|p1a: Gliscor|move: Protect\n|\n|-heal|p1a: Gliscor|56/100 tox|[from] ability: Poison Heal\n|upkeep\n|turn|40\n|\n|t:|1771214398\n|move|p2a: Dragapult|Dragon Darts|p1a: Gliscor\n|-damage|p1a: Gliscor|35/100 tox\n|-anim|p2a: Dragapult|Dragon Darts|p1a: Gliscor\n|-damage|p1a: Gliscor|12/100 tox\n|move|p1a: Gliscor|Earthquake|p2a: Dragapult\n|-damage|p2a: Dragapult|0 fnt\n|faint|p2a: Dragapult\n|\n|-heal|p1a: Gliscor|25/100 tox|[from] ability: Poison Heal\n|upkeep\n|j| the salt wars\n|\n|t:|1771214404\n|switch|p2a: Great Tusk|Great Tusk|93/100\n|-damage|p2a: Great Tusk|90/100|[from] Stealth Rock\n|-damage|p2a: Great Tusk|77/100|[from] Spikes\n|turn|41\n|\n|t:|1771214406\n|move|p1a: Gliscor|Protect|p1a: Gliscor\n|-singleturn|p1a: Gliscor|Protect\n|move|p2a: Great Tusk|Ice Spinner|p1a: Gliscor\n|-activate|p1a: Gliscor|move: Protect\n|\n|-heal|p1a: Gliscor|37/100 tox|[from] ability: Poison Heal\n|upkeep\n|turn|42\n|\n|t:|1771214410\n|-terastallize|p1a: Gliscor|Ghost\n|move|p2a: Great Tusk|Ice Spinner|p1a: Gliscor\n|-damage|p1a: Gliscor|24/100 tox\n|move|p1a: Gliscor|Toxic|p2a: Great Tusk\n|-status|p2a: Great Tusk|tox\n|\n|-damage|p2a: Great Tusk|71/100 tox|[from] psn\n|-heal|p1a: Gliscor|37/100 tox|[from] ability: Poison Heal\n|upkeep\n|turn|43\n|l| the salt wars\n|\n|t:|1771214416\n|move|p1a: Gliscor|Protect|p1a: Gliscor\n|-singleturn|p1a: Gliscor|Protect\n|move|p2a: Great Tusk|Ice Spinner|p1a: Gliscor\n|-activate|p1a: Gliscor|move: Protect\n|\n|-damage|p2a: Great Tusk|59/100 tox|[from] psn\n|-heal|p1a: Gliscor|49/100 tox|[from] ability: Poison Heal\n|upkeep\n|turn|44\n|\n|t:|1771214423\n|-end|p2a: Great Tusk|Protosynthesis|[silent]\n|switch|p2a: Wo-Chien|Wo-Chien|43/100 par\n|-damage|p2a: Wo-Chien|31/100 par|[from] Stealth Rock\n|-damage|p2a: Wo-Chien|18/100 par|[from] Spikes\n|-ability|p2a: Wo-Chien|Tablets of Ruin\n|move|p1a: Gliscor|Earthquake|p2a: Wo-Chien\n|-resisted|p2a: Wo-Chien\n|-damage|p2a: Wo-Chien|10/100 par\n|\n|-heal|p2a: Wo-Chien|16/100 par|[from] item: Leftovers\n|-heal|p1a: Gliscor|62/100 tox|[from] ability: Poison Heal\n|upkeep\n|turn|45\n|\n|t:|1771214432\n|move|p1a: Gliscor|Protect|p1a: Gliscor\n|-singleturn|p1a: Gliscor|Protect\n|move|p2a: Wo-Chien|Leech Seed|p1a: Gliscor\n|-activate|p1a: Gliscor|move: Protect\n|\n|-heal|p2a: Wo-Chien|22/100 par|[from] item: Leftovers\n|-heal|p1a: Gliscor|74/100 tox|[from] ability: Poison Heal\n|upkeep\n|turn|46\n|\n|t:|1771214436\n|switch|p1a: Pecharunt|Pecharunt|74/100\n|-damage|p1a: Pecharunt|61/100|[from] Stealth Rock\n|move|p2a: Wo-Chien|Leech Seed|p1a: Pecharunt\n|-start|p1a: Pecharunt|move: Leech Seed\n|\n|-heal|p2a: Wo-Chien|28/100 par|[from] item: Leftovers\n|-damage|p1a: Pecharunt|49/100|[from] Leech Seed|[of] p2a: Wo-Chien\n|-heal|p2a: Wo-Chien|41/100 par|[silent]\n|upkeep\n|turn|47\n|\n|t:|1771214444\n|-terastallize|p2a: Wo-Chien|Poison\n|move|p1a: Pecharunt|Recover|p1a: Pecharunt\n|-heal|p1a: Pecharunt|99/100\n|move|p2a: Wo-Chien|Knock Off|p1a: Pecharunt\n|-supereffective|p1a: Pecharunt\n|-damage|p1a: Pecharunt|81/100\n|\n|-heal|p2a: Wo-Chien|47/100 par|[from] item: Leftovers\n|-damage|p1a: Pecharunt|69/100|[from] Leech Seed|[of] p2a: Wo-Chien\n|-heal|p2a: Wo-Chien|59/100 par|[silent]\n|upkeep\n|turn|48\n|\n|t:|1771214450\n|move|p1a: Pecharunt|Parting Shot|p2a: Wo-Chien\n|-unboost|p2a: Wo-Chien|atk|1\n|-unboost|p2a: Wo-Chien|spa|1\n|\n|t:|1771214452\n|switch|p1a: Gliscor|Gliscor, F, tera:Ghost|74/100 tox|[from] Parting Shot\n|-damage|p1a: Gliscor|62/100 tox|[from] Stealth Rock\n|move|p2a: Wo-Chien|Leech Seed|p1a: Gliscor\n|-start|p1a: Gliscor|move: Leech Seed\n|\n|-heal|p2a: Wo-Chien|65/100 par|[from] item: Leftovers\n|-damage|p1a: Gliscor|49/100 tox|[from] Leech Seed|[of] p2a: Wo-Chien\n|-heal|p2a: Wo-Chien|77/100 par|[silent]\n|-heal|p1a: Gliscor|62/100 tox|[from] ability: Poison Heal\n|upkeep\n|turn|49\n|\n|t:|1771214463\n|move|p1a: Gliscor|Earthquake|p2a: Wo-Chien\n|-supereffective|p2a: Wo-Chien\n|-damage|p2a: Wo-Chien|39/100 par\n|cant|p2a: Wo-Chien|par\n|\n|-heal|p2a: Wo-Chien|45/100 par|[from] item: Leftovers\n|-damage|p1a: Gliscor|49/100 tox|[from] Leech Seed|[of] p2a: Wo-Chien\n|-heal|p2a: Wo-Chien|57/100 par|[silent]\n|-heal|p1a: Gliscor|62/100 tox|[from] ability: Poison Heal\n|upkeep\n|turn|50\n|\n|t:|1771214470\n|switch|p2a: Great Tusk|Great Tusk|59/100 tox\n|-damage|p2a: Great Tusk|56/100 tox|[from] Stealth Rock\n|-damage|p2a: Great Tusk|43/100 tox|[from] Spikes\n|move|p1a: Gliscor|Earthquake|p2a: Great Tusk\n|-damage|p2a: Great Tusk|24/100 tox\n|\n|-damage|p1a: Gliscor|49/100 tox|[from] Leech Seed|[of] p2a: Great Tusk\n|-heal|p2a: Great Tusk|34/100 tox|[silent]\n|-damage|p2a: Great Tusk|28/100 tox|[from] psn\n|-heal|p1a: Gliscor|62/100 tox|[from] ability: Poison Heal\n|upkeep\n|turn|51\n|\n|t:|1771214477\n|move|p1a: Gliscor|Protect|p1a: Gliscor\n|-singleturn|p1a: Gliscor|Protect\n|move|p2a: Great Tusk|Headlong Rush|p1a: Gliscor\n|-activate|p1a: Gliscor|move: Protect\n|\n|-damage|p1a: Gliscor|49/100 tox|[from] Leech Seed|[of] p2a: Great Tusk\n|-heal|p2a: Great Tusk|38/100 tox|[silent]\n|-damage|p2a: Great Tusk|25/100 tox|[from] psn\n|-heal|p1a: Gliscor|62/100 tox|[from] ability: Poison Heal\n|upkeep\n|turn|52\n|\n|t:|1771214482\n|move|p2a: Great Tusk|Headlong Rush|p1a: Gliscor\n|-damage|p1a: Gliscor|31/100 tox\n|-unboost|p2a: Great Tusk|def|1\n|-unboost|p2a: Great Tusk|spd|1\n|move|p1a: Gliscor|Earthquake|p2a: Great Tusk\n|-damage|p2a: Great Tusk|0 fnt\n|faint|p2a: Great Tusk\n|-end|p2a: Great Tusk|Protosynthesis|[silent]\n|\n|-heal|p1a: Gliscor|43/100 tox|[from] ability: Poison Heal\n|upkeep\n|-message|ceo o wo chien forfeited.\n|\n|win|Tankman123\n|raw|Tankman123's rating: 1646 &rarr; <strong>1672</strong><br />(+26 for winning)\n|raw|ceo o wo chien's rating: 1757 &rarr; <strong>1731</strong><br />(-26 for losing)\n|l|☆ceo o wo chien\n|player|p2|\n|l| tinki1\n", "uploadtime": 1771214496, "views": 18, "formatid": "gen9ou", "rating": 1672, "private": 0, "password": null}