{"id": "gen9ou-2540437553", "format": "[Gen 9] OU", "players": ["RIP his neck!", "ice talk"], "log": "|j|☆RIP his neck!\n|j|☆ice talk\n|t:|1771201960\n|gametype|singles\n|player|p1|RIP his neck!|battlegirl-gen4|1651\n|player|p2|ice talk|cheryl|1577\n|gen|9\n|tier|[Gen 9] OU\n|rated|\n|rule|HP Percentage Mod: HP is shown in percentages\n|rule|Endless Battle Clause: Forcing endless battles is banned\n|rule|Species Clause: Limit one of each Pokémon\n|rule|OHKO Clause: OHKO moves are banned\n|rule|Evasion Items Clause: Evasion items are banned\n|rule|Evasion Moves Clause: Evasion moves are banned\n|rule|Evasion Abilities Clause: Evasion abilities are banned\n|rule|Sleep Moves Clause: Sleep-inducing moves are banned\n|clearpoke\n|poke|p1|Dondozo, M|\n|poke|p1|Blissey, F|\n|poke|p1|Corviknight, F|\n|poke|p1|Weezing-Galar, F|\n|poke|p1|Gliscor, F|\n|poke|p1|Toxapex, F|\n|poke|p2|Ninetales-Alola, F|\n|poke|p2|Cetitan, F|\n|poke|p2|Kyurem|\n|poke|p2|Samurott-Hisui, M|\n|poke|p2|Ting-Lu|\n|poke|p2|Hatterene, F|\n|teampreview\n|\n|t:|1771201966\n|teamsize|p1|6\n|teamsize|p2|6\n|start\n|switch|p1a: Gliscor|Gliscor, F|100/100\n|switch|p2a: Ninetales|Ninetales-Alola, F|100/100\n|-weather|Snowscape|[from] ability: Snow Warning|[of] p2a: Ninetales\n|turn|1\n|\n|t:|1771201970\n|move|p1a: Gliscor|Protect|p1a: Gliscor\n|-singleturn|p1a: Gliscor|Protect\n|move|p2a: Ninetales|Aurora Veil|p2a: Ninetales\n|-sidestart|p2: ice talk|move: Aurora Veil\n|\n|-weather|Snowscape|[upkeep]\n|-status|p1a: Gliscor|tox|[from] item: Toxic Orb\n|upkeep\n|turn|2\n|\n|t:|1771201974\n|switch|p1a: Toxapex|Toxapex, F|100/100\n|move|p2a: Ninetales|Freeze-Dry|p1a: Toxapex\n|-supereffective|p1a: Toxapex\n|-damage|p1a: Toxapex|76/100\n|\n|-weather|Snowscape|[upkeep]\n|-heal|p1a: Toxapex|82/100|[from] item: Leftovers\n|upkeep\n|turn|3\n|\n|t:|1771201978\n|switch|p2a: Hatterene|Hatterene, F|100/100\n|move|p1a: Toxapex|Toxic Spikes|p2a: Hatterene\n|move|p2a: Hatterene|Toxic Spikes|p1a: Toxapex|[from] ability: Magic Bounce\n|-sidestart|p1: RIP his neck!|move: Toxic Spikes\n|\n|-weather|Snowscape|[upkeep]\n|-heal|p1a: Toxapex|89/100|[from] item: Leftovers\n|upkeep\n|turn|4\n|\n|t:|1771201983\n|switch|p1a: Gliscor|Gliscor, F|100/100 tox\n|move|p2a: Hatterene|Nuzzle|p1a: Gliscor\n|-immune|p1a: Gliscor\n|\n|-weather|Snowscape|[upkeep]\n|upkeep\n|turn|5\n|\n|t:|1771201986\n|move|p1a: Gliscor|Knock Off|p2a: Hatterene\n|-damage|p2a: Hatterene|91/100\n|-enditem|p2a: Hatterene|Eject Button|[from] move: Knock Off|[of] p1a: Gliscor\n|move|p2a: Hatterene|Psychic Noise|p1a: Gliscor\n|-damage|p1a: Gliscor|70/100 tox\n|-start|p1a: Gliscor|move: Heal Block\n|\n|-weather|Snowscape|[upkeep]\n|-sideend|p2: ice talk|move: Aurora Veil\n|upkeep\n|turn|6\n|\n|t:|1771201991\n|switch|p1a: Toxapex|Toxapex, F|100/100\n|-sideend|p1: RIP his neck!|move: Toxic Spikes|[of] p1a: Toxapex\n|move|p2a: Hatterene|Psychic Noise|p1a: Toxapex\n|-supereffective|p1a: Toxapex\n|-damage|p1a: Toxapex|54/100\n|-start|p1a: Toxapex|move: Heal Block\n|\n|-weather|Snowscape|[upkeep]\n|upkeep\n|turn|7\n|\n|t:|1771201995\n|switch|p1a: Blissey|Blissey, F|100/100\n|move|p2a: Hatterene|Psychic Noise|p1a: Blissey\n|-damage|p1a: Blissey|90/100\n|-start|p1a: Blissey|move: Heal Block\n|\n|-weather|Snowscape|[upkeep]\n|upkeep\n|turn|8\n|\n|t:|1771201998\n|switch|p2a: Samurott|Samurott-Hisui, M|100/100\n|move|p1a: Blissey|Seismic Toss|p2a: Samurott\n|-damage|p2a: Samurott|69/100\n|\n|-weather|none\n|-end|p1a: Blissey|move: Heal Block\n|upkeep\n|turn|9\n|\n|t:|1771202001\n|switch|p1a: Corviknight|Corviknight, F|100/100\n|-ability|p1a: Corviknight|Pressure\n|move|p2a: Samurott|Ceaseless Edge|p1a: Corviknight\n|-damage|p1a: Corviknight|76/100\n|-sidestart|p1: RIP his neck!|Spikes\n|\n|-heal|p1a: Corviknight|82/100|[from] item: Leftovers\n|upkeep\n|turn|10\n|\n|t:|1771202006\n|switch|p2a: Kyurem|Kyurem|100/100\n|-ability|p2a: Kyurem|Pressure\n|move|p1a: Corviknight|Body Press|p2a: Kyurem\n|-supereffective|p2a: Kyurem\n|-damage|p2a: Kyurem|50/100\n|\n|-heal|p1a: Corviknight|88/100|[from] item: Leftovers\n|upkeep\n|turn|11\n|\n|t:|1771202020\n|switch|p2a: Samurott|Samurott-Hisui, M|69/100\n|move|p1a: Corviknight|Body Press|p2a: Samurott\n|-supereffective|p2a: Samurott\n|-damage|p2a: Samurott|4/100\n|\n|-heal|p1a: Corviknight|94/100|[from] item: Leftovers\n|upkeep\n|turn|12\n|\n|t:|1771202024\n|move|p2a: Samurott|Ceaseless Edge|p1a: Corviknight\n|-damage|p1a: Corviknight|69/100\n|-sidestart|p1: RIP his neck!|Spikes\n|move|p1a: Corviknight|Body Press|p2a: Samurott\n|-supereffective|p2a: Samurott\n|-damage|p2a: Samurott|0 fnt\n|faint|p2a: Samurott\n|\n|-heal|p1a: Corviknight|75/100|[from] item: Leftovers\n|upkeep\n|\n|t:|1771202025\n|switch|p2a: Kyurem|Kyurem|50/100\n|-ability|p2a: Kyurem|Pressure\n|turn|13\n|\n|t:|1771202035\n|move|p2a: Kyurem|Blizzard|p1a: Corviknight\n|-damage|p1a: Corviknight|0 fnt\n|faint|p1a: Corviknight\n|\n|upkeep\n|\n|t:|1771202039\n|switch|p1a: Blissey|Blissey, F|90/100\n|-damage|p1a: Blissey|73/100|[from] Spikes\n|turn|14\n|\n|t:|1771202046\n|switch|p2a: Hatterene|Hatterene, F|91/100\n|move|p1a: Blissey|Seismic Toss|p2a: Hatterene\n|-damage|p2a: Hatterene|60/100\n|\n|-heal|p1a: Blissey|80/100|[from] item: Leftovers\n|upkeep\n|turn|15\n|\n|t:|1771202074\n|move|p1a: Blissey|Seismic Toss|p2a: Hatterene\n|-damage|p2a: Hatterene|28/100\n|move|p2a: Hatterene|Draining Kiss|p1a: Blissey\n|-damage|p1a: Blissey|73/100\n|-heal|p2a: Hatterene|39/100|[from] drain|[of] p1a: Blissey\n|\n|-heal|p1a: Blissey|79/100|[from] item: Leftovers\n|upkeep\n|turn|16\n|\n|t:|1771202094\n|move|p1a: Blissey|Seismic Toss|p2a: Hatterene\n|-damage|p2a: Hatterene|7/100\n|move|p2a: Hatterene|Pain Split|p1a: Blissey\n|-sethp|p1a: Blissey|41/100|[from] move: Pain Split|[silent]\n|-sethp|p2a: Hatterene|85/100|[from] move: Pain Split\n|\n|-heal|p1a: Blissey|48/100|[from] item: Leftovers\n|upkeep\n|turn|17\n|\n|t:|1771202108\n|switch|p2a: Cetitan|Cetitan, F|100/100\n|move|p1a: Blissey|Soft-Boiled|p1a: Blissey\n|-heal|p1a: Blissey|98/100\n|\n|-heal|p1a: Blissey|100/100|[from] item: Leftovers\n|upkeep\n|turn|18\n|\n|t:|1771202116\n|switch|p1a: Donbozo|Dondozo, M|100/100\n|-damage|p1a: Donbozo|84/100|[from] Spikes\n|move|p2a: Cetitan|Icicle Crash|p1a: Donbozo\n|-resisted|p1a: Donbozo\n|-damage|p1a: Donbozo|75/100\n|\n|-heal|p1a: Donbozo|81/100|[from] item: Leftovers\n|upkeep\n|turn|19\n|inactive|Battle timer is ON: inactive players will automatically lose when time's up. (requested by RIP his neck!)\n|\n|t:|1771202169\n|switch|p2a: Ninetales|Ninetales-Alola, F|100/100\n|-weather|Snowscape|[from] ability: Snow Warning|[of] p2a: Ninetales\n|move|p1a: Donbozo|Body Press|p2a: Ninetales\n|-damage|p2a: Ninetales|76/100\n|\n|-weather|Snowscape|[upkeep]\n|-heal|p1a: Donbozo|87/100|[from] item: Leftovers\n|upkeep\n|turn|20\n|inactive|RIP his neck! has 120 seconds left.\n|\n|t:|1771202217\n|switch|p2a: Cetitan|Cetitan, F|100/100\n|switch|p1a: Blissey|Blissey, F|100/100\n|-damage|p1a: Blissey|84/100|[from] Spikes\n|\n|-weather|Snowscape|[upkeep]\n|-heal|p1a: Blissey|90/100|[from] item: Leftovers\n|upkeep\n|turn|21\n|-message|RIP his neck! forfeited.\n|\n|win|ice talk\n|raw|RIP his neck!'s rating: 1651 &rarr; <strong>1627</strong><br />(-24 for losing)\n|raw|ice talk's rating: 1577 &rarr; <strong>1601</strong><br />(+24 for winning)\n|l|☆RIP his neck!\n|player|p1|\n|l|☆ice talk\n|player|p2|\n", "uploadtime": 1771202458, "views": 12, "formatid": "gen9ou", "rating": 1601, "private": 0, "password": null}