{"id": "gen9ou-2639313609", "format": "[Gen 9] OU", "players": ["Player UNOWN", "headmasterless"], "log": "|j|☆Player UNOWN\n|j|☆headmasterless\n|t:|1782451212\n|gametype|singles\n|player|p1|Player UNOWN|scientist-gen4|1091\n|player|p2|headmasterless|marley|1062\n|gen|9\n|tier|[Gen 9] OU\n|rated|\n|rule|HP Percentage Mod: HP is shown in percentages\n|rule|Endless Battle Clause: Forcing endless battles is banned\n|rule|Species Clause: Limit one of each Pokémon\n|rule|OHKO Clause: OHKO moves are banned\n|rule|Evasion Items Clause: Evasion items are banned\n|rule|Evasion Moves Clause: Evasion moves are banned\n|rule|Evasion Abilities Clause: Evasion abilities are banned\n|rule|Sleep Moves Clause: Sleep-inducing moves are banned\n|clearpoke\n|poke|p1|Hippowdon, M|\n|poke|p1|Tyranitar, M|\n|poke|p1|Scizor, M|\n|poke|p1|Golem-Alola, M|\n|poke|p1|Empoleon, M|\n|poke|p1|Gastrodon, F|\n|poke|p2|Maushold|\n|poke|p2|Enamorus, F|\n|poke|p2|Garganacl, M|\n|poke|p2|Dragapult, F|\n|poke|p2|Clefable, M|\n|poke|p2|Drifblim, F|\n|teampreview\n|inactive|Battle timer is ON: inactive players will automatically lose when time's up. (requested by headmasterless)\n|\n|t:|1782451216\n|teamsize|p1|6\n|teamsize|p2|6\n|start\n|switch|p1a: Hippowdon|Hippowdon, M|100/100\n|switch|p2a: IDF warrior|Maushold|100/100\n|-weather|Sandstorm|[from] ability: Sand Stream|[of] p1a: Hippowdon\n|turn|1\n|\n|t:|1782451225\n|move|p2a: IDF warrior|Tidy Up|p2a: IDF warrior\n|-boost|p2a: IDF warrior|atk|1\n|-boost|p2a: IDF warrior|spe|1\n|move|p1a: Hippowdon|Stealth Rock|p2a: IDF warrior\n|-sidestart|p2: headmasterless|move: Stealth Rock\n|\n|-weather|Sandstorm|[upkeep]\n|-damage|p2a: IDF warrior|94/100|[from] Sandstorm\n|upkeep\n|turn|2\n|\n|t:|1782451233\n|move|p2a: IDF warrior|Tidy Up|p2a: IDF warrior\n|-sideend|p2: headmasterless|Stealth Rock\n|-activate|p2a: IDF warrior|move: Tidy Up\n|-boost|p2a: IDF warrior|atk|1\n|-boost|p2a: IDF warrior|spe|1\n|move|p1a: Hippowdon|Whirlwind|p2a: IDF warrior\n|drag|p2a: Enamorus|Enamorus, F|100/100\n|\n|-weather|Sandstorm|[upkeep]\n|-damage|p2a: Enamorus|94/100|[from] Sandstorm\n|upkeep\n|turn|3\n|\n|t:|1782451245\n|move|p2a: Enamorus|Superpower|p1a: Hippowdon\n|-damage|p1a: Hippowdon|74/100\n|-boost|p2a: Enamorus|atk|1\n|-boost|p2a: Enamorus|def|1\n|-damage|p2a: Enamorus|78/100|[from] item: Rocky Helmet|[of] p1a: Hippowdon\n|move|p1a: Hippowdon|Stealth Rock|p2a: Enamorus\n|-sidestart|p2: headmasterless|move: Stealth Rock\n|\n|-weather|Sandstorm|[upkeep]\n|-damage|p2a: Enamorus|71/100|[from] Sandstorm\n|upkeep\n|turn|4\n|\n|t:|1782451257\n|move|p2a: Enamorus|Superpower|p1a: Hippowdon\n|-damage|p1a: Hippowdon|33/100\n|-boost|p2a: Enamorus|atk|1\n|-boost|p2a: Enamorus|def|1\n|-damage|p2a: Enamorus|55/100|[from] item: Rocky Helmet|[of] p1a: Hippowdon\n|move|p1a: Hippowdon|Whirlwind|p2a: Enamorus\n|drag|p2a: IDF warrior|Maushold|94/100\n|-damage|p2a: IDF warrior|82/100|[from] Stealth Rock\n|\n|-weather|Sandstorm|[upkeep]\n|-damage|p2a: IDF warrior|76/100|[from] Sandstorm\n|upkeep\n|turn|5\n|\n|t:|1782451270\n|move|p2a: IDF warrior|Tidy Up|p2a: IDF warrior\n|-sideend|p2: headmasterless|Stealth Rock\n|-activate|p2a: IDF warrior|move: Tidy Up\n|-boost|p2a: IDF warrior|atk|1\n|-boost|p2a: IDF warrior|spe|1\n|move|p1a: Hippowdon|Whirlwind|p2a: IDF warrior\n|drag|p2a: Enamorus|Enamorus, F|55/100\n|\n|-weather|none\n|upkeep\n|turn|6\n|\n|t:|1782451280\n|move|p2a: Enamorus|Moonblast|p1a: Hippowdon\n|-crit|p1a: Hippowdon\n|-damage|p1a: Hippowdon|0 fnt\n|faint|p1a: Hippowdon\n|\n|upkeep\n|\n|t:|1782451287\n|switch|p1a: Scizor|Scizor, M|100/100\n|turn|7\n|\n|t:|1782451291\n|move|p2a: Enamorus|Superpower|p1a: Scizor\n|-damage|p1a: Scizor|48/100\n|-boost|p2a: Enamorus|atk|1\n|-boost|p2a: Enamorus|def|1\n|-damage|p2a: Enamorus|38/100|[from] item: Rocky Helmet|[of] p1a: Scizor\n|move|p1a: Scizor|Swords Dance|p1a: Scizor\n|-boost|p1a: Scizor|atk|2\n|\n|upkeep\n|turn|8\n|\n|t:|1782451300\n|move|p1a: Scizor|Bullet Punch|p2a: Enamorus\n|-supereffective|p2a: Enamorus\n|-damage|p2a: Enamorus|0 fnt\n|faint|p2a: Enamorus\n|\n|upkeep\n|\n|t:|1782451315\n|switch|p2a: Dragapult|Dragapult, F|100/100\n|turn|9\n|\n|t:|1782451321\n|move|p2a: Dragapult|Sucker Punch|p1a: Scizor\n|-damage|p1a: Scizor|15/100\n|-damage|p2a: Dragapult|84/100|[from] item: Rocky Helmet|[of] p1a: Scizor\n|move|p1a: Scizor|Bullet Punch|p2a: Dragapult\n|-damage|p2a: Dragapult|0 fnt\n|faint|p2a: Dragapult\n|\n|upkeep\n|\n|t:|1782451324\n|switch|p2a: Drifblim|Drifblim, F|100/100\n|turn|10\n|\n|t:|1782451332\n|move|p1a: Scizor|Bullet Punch|p2a: Drifblim\n|-damage|p2a: Drifblim|7/100\n|move|p2a: Drifblim|Strength Sap|p1a: Scizor\n|-unboost|p1a: Scizor|atk|1\n|-heal|p2a: Drifblim|100/100\n|\n|upkeep\n|turn|11\n|\n|t:|1782451340\n|move|p1a: Scizor|Bullet Punch|p2a: Drifblim\n|-damage|p2a: Drifblim|24/100\n|move|p2a: Drifblim|Shadow Ball|p1a: Scizor\n|-damage|p1a: Scizor|0 fnt\n|faint|p1a: Scizor\n|\n|upkeep\n|\n|t:|1782451349\n|switch|p1a: Empoleon|Empoleon, M|100/100\n|turn|12\n|\n|t:|1782451352\n|move|p1a: Empoleon|Aqua Jet|p2a: Drifblim\n|-damage|p2a: Drifblim|7/100\n|move|p2a: Drifblim|Strength Sap|p1a: Empoleon\n|-unboost|p1a: Empoleon|atk|1\n|-ability|p1a: Empoleon|Competitive|boost\n|-boost|p1a: Empoleon|spa|2\n|-heal|p2a: Drifblim|54/100\n|\n|upkeep\n|turn|13\n|\n|t:|1782451372\n|switch|p2a: IDF warrior|Maushold|76/100\n|move|p1a: Empoleon|Ice Beam|p2a: IDF warrior\n|-damage|p2a: IDF warrior|6/100\n|\n|upkeep\n|turn|14\n|\n|t:|1782451379\n|move|p1a: Empoleon|Aqua Jet|p2a: IDF warrior\n|-damage|p2a: IDF warrior|0 fnt\n|faint|p2a: IDF warrior\n|\n|upkeep\n|\n|t:|1782451387\n|switch|p2a: Garganacl|Garganacl, M|100/100\n|turn|15\n|\n|t:|1782451392\n|move|p1a: Empoleon|Surf|p2a: Garganacl\n|-supereffective|p2a: Garganacl\n|-ability|p2a: Garganacl|Sturdy\n|-damage|p2a: Garganacl|1/100\n|move|p2a: Garganacl|Salt Cure|p1a: Empoleon\n|-resisted|p1a: Empoleon\n|-damage|p1a: Empoleon|95/100\n|-start|p1a: Empoleon|Salt Cure\n|\n|-heal|p2a: Garganacl|7/100|[from] item: Leftovers\n|-damage|p1a: Empoleon|70/100|[from] Salt Cure\n|upkeep\n|turn|16\n|\n|t:|1782451404\n|move|p2a: Garganacl|Protect|p2a: Garganacl\n|-singleturn|p2a: Garganacl|Protect\n|move|p1a: Empoleon|Ice Beam|p2a: Garganacl\n|-activate|p2a: Garganacl|move: Protect\n|\n|-heal|p2a: Garganacl|13/100|[from] item: Leftovers\n|-damage|p1a: Empoleon|45/100|[from] Salt Cure\n|upkeep\n|turn|17\n|\n|t:|1782451424\n|move|p1a: Empoleon|Ice Beam|p2a: Garganacl\n|-damage|p2a: Garganacl|0 fnt\n|faint|p2a: Garganacl\n|\n|-damage|p1a: Empoleon|20/100|[from] Salt Cure\n|upkeep\n|\n|t:|1782451427\n|switch|p2a: Drifblim|Drifblim, F|54/100\n|turn|18\n|\n|t:|1782451434\n|move|p1a: Empoleon|Aqua Jet|p2a: Drifblim\n|-damage|p2a: Drifblim|42/100\n|move|p2a: Drifblim|Shadow Ball|p1a: Empoleon\n|-damage|p1a: Empoleon|0 fnt\n|faint|p1a: Empoleon\n|\n|upkeep\n|\n|t:|1782451442\n|switch|p1a: Tyranitar|Tyranitar, M|100/100\n|-weather|Sandstorm|[from] ability: Sand Stream|[of] p1a: Tyranitar\n|turn|19\n|\n|t:|1782451448\n|move|p2a: Drifblim|Strength Sap|p1a: Tyranitar\n|-unboost|p1a: Tyranitar|atk|1\n|-heal|p2a: Drifblim|100/100\n|move|p1a: Tyranitar|Knock Off|p2a: Drifblim\n|-supereffective|p2a: Drifblim\n|-damage|p2a: Drifblim|0 fnt\n|-damage|p1a: Tyranitar|75/100|[from] ability: Aftermath|[of] p2a: Drifblim\n|-enditem|p2a: Drifblim|Heavy-Duty Boots|[from] move: Knock Off|[of] p1a: Tyranitar\n|faint|p2a: Drifblim\n|\n|-weather|Sandstorm|[upkeep]\n|upkeep\n|\n|t:|1782451451\n|switch|p2a: Netanyahu|Clefable, M|100/100\n|turn|20\n|\n|t:|1782451465\n|move|p2a: Netanyahu|Calm Mind|p2a: Netanyahu\n|-boost|p2a: Netanyahu|spa|1\n|-boost|p2a: Netanyahu|spd|1\n|move|p1a: Tyranitar|Knock Off|p2a: Netanyahu\n|-resisted|p2a: Netanyahu\n|-damage|p2a: Netanyahu|69/100\n|-enditem|p2a: Netanyahu|Clear Amulet|[from] move: Knock Off|[of] p1a: Tyranitar\n|\n|-weather|Sandstorm|[upkeep]\n|-damage|p2a: Netanyahu|62/100|[from] Sandstorm\n|upkeep\n|turn|21\n|\n|t:|1782451478\n|move|p2a: Netanyahu|Moonblast|p1a: Tyranitar\n|-supereffective|p1a: Tyranitar\n|-damage|p1a: Tyranitar|0 fnt\n|faint|p1a: Tyranitar\n|\n|-weather|Sandstorm|[upkeep]\n|-damage|p2a: Netanyahu|56/100|[from] Sandstorm\n|upkeep\n|\n|t:|1782451487\n|switch|p1a: Golem|Golem-Alola, M|100/100\n|turn|22\n|\n|t:|1782451493\n|-terastallize|p1a: Golem|Electric\n|move|p2a: Netanyahu|Moonlight|p2a: Netanyahu\n|-heal|p2a: Netanyahu|81/100\n|move|p1a: Golem|Explosion|p2a: Netanyahu\n|-damage|p2a: Netanyahu|0 fnt\n|faint|p1a: Golem\n|faint|p2a: Netanyahu\n|\n|win|Player UNOWN\n|raw|Player UNOWN's rating: 1091 &rarr; <strong>1115</strong><br />(+24 for winning)\n|raw|headmasterless's rating: 1062 &rarr; <strong>1044</strong><br />(-18 for losing)\n|l|☆headmasterless\n|player|p2|\n|l|☆Player UNOWN\n|player|p1|\n", "uploadtime": 1782451795, "views": 4, "formatid": "gen9ou", "rating": 1044, "private": 0, "password": null}