{"id": "gen9ou-2540608487", "format": "[Gen 9] OU", "players": ["I-fear-the-weak", "asdfsadfsffsdfsdf"], "log": "|j|☆I-fear-the-weak\n|j|☆asdfsadfsffsdfsdf\n|t:|1771226449\n|gametype|singles\n|player|p1|I-fear-the-weak|169|1627\n|player|p2|asdfsadfsffsdfsdf|101|1548\n|gen|9\n|tier|[Gen 9] OU\n|rated|\n|rule|HP Percentage Mod: HP is shown in percentages\n|rule|Endless Battle Clause: Forcing endless battles is banned\n|rule|Species Clause: Limit one of each Pokémon\n|rule|OHKO Clause: OHKO moves are banned\n|rule|Evasion Items Clause: Evasion items are banned\n|rule|Evasion Moves Clause: Evasion moves are banned\n|rule|Evasion Abilities Clause: Evasion abilities are banned\n|rule|Sleep Moves Clause: Sleep-inducing moves are banned\n|clearpoke\n|poke|p1|Hoopa-Unbound|\n|poke|p1|Great Tusk|\n|poke|p1|Darkrai|\n|poke|p1|Primarina, F|\n|poke|p1|Pecharunt|\n|poke|p1|Dragapult, M|\n|poke|p2|Grimmsnarl, M|\n|poke|p2|Iron Treads|\n|poke|p2|Raging Bolt|\n|poke|p2|Deoxys-Speed|\n|poke|p2|Ogerpon-Wellspring, F|\n|poke|p2|Ceruledge, M|\n|teampreview\n|inactive|Battle timer is ON: inactive players will automatically lose when time's up. (requested by I-fear-the-weak)\n|\n|t:|1771226476\n|teamsize|p1|6\n|teamsize|p2|6\n|start\n|switch|p1a: Darkrai|Darkrai|100/100\n|switch|p2a: Ogerpon|Ogerpon-Wellspring, F|100/100\n|turn|1\n|\n|t:|1771226494\n|move|p1a: Darkrai|Sludge Bomb|p2a: Ogerpon\n|-supereffective|p2a: Ogerpon\n|-damage|p2a: Ogerpon|0 fnt\n|faint|p2a: Ogerpon\n|\n|upkeep\n|\n|t:|1771226503\n|switch|p2a: Iron Treads|Iron Treads, shiny|100/100\n|-enditem|p2a: Iron Treads|Booster Energy\n|-activate|p2a: Iron Treads|ability: Quark Drive|[fromitem]\n|-start|p2a: Iron Treads|quarkdrivespe\n|turn|2\n|\n|t:|1771226510\n|switch|p1a: Primarina|Primarina, F|100/100\n|move|p2a: Iron Treads|Stealth Rock|p1a: Primarina\n|-sidestart|p1: I-fear-the-weak|move: Stealth Rock\n|\n|upkeep\n|turn|3\n|\n|t:|1771226522\n|-end|p2a: Iron Treads|Quark Drive|[silent]\n|switch|p2a: Grimmsnarl|Grimmsnarl, M, shiny|100/100\n|move|p1a: Primarina|Psychic Noise|p2a: Grimmsnarl\n|-damage|p2a: Grimmsnarl|58/100\n|-start|p2a: Grimmsnarl|move: Heal Block\n|\n|upkeep\n|turn|4\n|\n|t:|1771226530\n|move|p2a: Grimmsnarl|Light Screen|p2a: Grimmsnarl\n|-sidestart|p2: asdfsadfsffsdfsdf|move: Light Screen\n|move|p1a: Primarina|Substitute|p1a: Primarina\n|-start|p1a: Primarina|Substitute\n|-damage|p1a: Primarina|75/100\n|\n|-heal|p1a: Primarina|82/100|[from] item: Leftovers\n|-end|p2a: Grimmsnarl|move: Heal Block\n|upkeep\n|turn|5\n|\n|t:|1771226542\n|switch|p2a: Raging Bolt|Raging Bolt|100/100\n|-enditem|p2a: Raging Bolt|Booster Energy\n|-activate|p2a: Raging Bolt|ability: Protosynthesis|[fromitem]\n|-start|p2a: Raging Bolt|protosynthesisspa\n|move|p1a: Primarina|Calm Mind|p1a: Primarina\n|-boost|p1a: Primarina|spa|1\n|-boost|p1a: Primarina|spd|1\n|\n|-heal|p1a: Primarina|88/100|[from] item: Leftovers\n|upkeep\n|turn|6\n|\n|t:|1771226554\n|move|p2a: Raging Bolt|Thunderbolt|p1a: Primarina\n|-supereffective|p1a: Primarina\n|-end|p1a: Primarina|Substitute\n|move|p1a: Primarina|Draining Kiss|p2a: Raging Bolt\n|-supereffective|p2a: Raging Bolt\n|-damage|p2a: Raging Bolt|72/100\n|-heal|p1a: Primarina|100/100|[from] drain|[of] p2a: Raging Bolt\n|\n|upkeep\n|turn|7\n|\n|t:|1771226562\n|move|p2a: Raging Bolt|Calm Mind|p2a: Raging Bolt\n|-boost|p2a: Raging Bolt|spa|1\n|-boost|p2a: Raging Bolt|spd|1\n|move|p1a: Primarina|Draining Kiss|p2a: Raging Bolt\n|-supereffective|p2a: Raging Bolt\n|-damage|p2a: Raging Bolt|51/100\n|\n|upkeep\n|turn|8\n|\n|t:|1771226576\n|switch|p1a: Great Tusk|Great Tusk|100/100\n|move|p2a: Raging Bolt|Thunderbolt|p1a: Great Tusk\n|-immune|p1a: Great Tusk\n|\n|upkeep\n|turn|9\n|inactive|I-fear-the-weak has 120 seconds left.\n|\n|t:|1771226609\n|-end|p1a: Great Tusk|Protosynthesis|[silent]\n|switch|p1a: Pecharunt|Pecharunt|100/100\n|-terastallize|p2a: Raging Bolt|Flying\n|move|p2a: Raging Bolt|Dragon Pulse|p1a: Pecharunt\n|-damage|p1a: Pecharunt|5/100\n|\n|upkeep\n|turn|10\n|\n|t:|1771226626\n|move|p2a: Raging Bolt|Thunderclap||[still]\n|-fail|p2a: Raging Bolt\n|move|p1a: Pecharunt|Parting Shot|p2a: Raging Bolt\n|-unboost|p2a: Raging Bolt|atk|1\n|-unboost|p2a: Raging Bolt|spa|1\n|inactive|I-fear-the-weak has 120 seconds left.\n|\n|t:|1771226641\n|switch|p1a: Great Tusk|Great Tusk|100/100|[from] Parting Shot\n|\n|upkeep\n|turn|11\n|\n|t:|1771226654\n|move|p1a: Great Tusk|Ice Spinner|p2a: Raging Bolt\n|-supereffective|p2a: Raging Bolt\n|-damage|p2a: Raging Bolt|2/100\n|move|p2a: Raging Bolt|Dragon Pulse|p1a: Great Tusk\n|-damage|p1a: Great Tusk|2/100\n|\n|-sideend|p2: asdfsadfsffsdfsdf|move: Light Screen\n|upkeep\n|turn|12\n|\n|t:|1771226665\n|-end|p2a: Raging Bolt|Protosynthesis|[silent]\n|switch|p2a: Grimmsnarl|Grimmsnarl, M, shiny|58/100\n|move|p1a: Great Tusk|Rapid Spin|p2a: Grimmsnarl\n|-damage|p2a: Grimmsnarl|31/100\n|-boost|p1a: Great Tusk|spe|1\n|-sideend|p1: I-fear-the-weak|Stealth Rock|[from] move: Rapid Spin|[of] p1a: Great Tusk\n|\n|upkeep\n|turn|13\n|\n|t:|1771226674\n|move|p2a: Grimmsnarl|Reflect|p2a: Grimmsnarl\n|-sidestart|p2: asdfsadfsffsdfsdf|Reflect\n|move|p1a: Great Tusk|Stealth Rock|p2a: Grimmsnarl\n|-sidestart|p2: asdfsadfsffsdfsdf|move: Stealth Rock\n|\n|upkeep\n|turn|14\n|\n|t:|1771226679\n|move|p2a: Grimmsnarl|Light Screen|p2a: Grimmsnarl\n|-sidestart|p2: asdfsadfsffsdfsdf|move: Light Screen\n|move|p1a: Great Tusk|Headlong Rush|p2a: Grimmsnarl\n|-damage|p2a: Grimmsnarl|0 fnt\n|-unboost|p1a: Great Tusk|def|1\n|-unboost|p1a: Great Tusk|spd|1\n|faint|p2a: Grimmsnarl\n|\n|upkeep\n|\n|t:|1771226687\n|switch|p2a: Iron Treads|Iron Treads, shiny|100/100\n|-damage|p2a: Iron Treads|97/100|[from] Stealth Rock\n|turn|15\n|\n|t:|1771226691\n|-end|p1a: Great Tusk|Protosynthesis|[silent]\n|switch|p1a: Pecharunt|Pecharunt|5/100\n|move|p2a: Iron Treads|Rapid Spin|p1a: Pecharunt\n|-immune|p1a: Pecharunt\n|\n|upkeep\n|turn|16\n|\n|t:|1771226702\n|switch|p1a: Great Tusk|Great Tusk|2/100\n|move|p2a: Iron Treads|Earth Power|p1a: Great Tusk\n|-damage|p1a: Great Tusk|0 fnt\n|faint|p1a: Great Tusk\n|-end|p1a: Great Tusk|Protosynthesis|[silent]\n|\n|upkeep\n|\n|t:|1771226708\n|switch|p1a: Dragapult|Dragapult, M|100/100\n|turn|17\n|j| whatthefraax\n|\n|t:|1771226719\n|move|p1a: Dragapult|Will-O-Wisp|p2a: Iron Treads\n|-status|p2a: Iron Treads|brn\n|move|p2a: Iron Treads|Earth Power|p1a: Dragapult\n|-damage|p1a: Dragapult|54/100\n|\n|-damage|p2a: Iron Treads|91/100 brn|[from] brn\n|upkeep\n|turn|18\n|\n|t:|1771226729\n|move|p1a: Dragapult|U-turn|p2a: Iron Treads\n|-resisted|p2a: Iron Treads\n|-damage|p2a: Iron Treads|83/100 brn\n|\n|t:|1771226732\n|switch|p1a: Hoopa|Hoopa-Unbound|100/100|[from] U-turn\n|move|p2a: Iron Treads|Steel Beam|p1a: Hoopa\n|-damage|p1a: Hoopa|76/100\n|-damage|p2a: Iron Treads|33/100 brn|[from] steelbeam\n|\n|-damage|p2a: Iron Treads|27/100 brn|[from] brn\n|upkeep\n|turn|19\n|\n|t:|1771226746\n|switch|p1a: Pecharunt|Pecharunt|5/100\n|move|p2a: Iron Treads|Stealth Rock|p1a: Pecharunt\n|-sidestart|p1: I-fear-the-weak|move: Stealth Rock\n|\n|-damage|p2a: Iron Treads|20/100 brn|[from] brn\n|upkeep\n|turn|20\n|\n|t:|1771226756\n|move|p2a: Iron Treads|Earth Power|p1a: Pecharunt\n|-supereffective|p1a: Pecharunt\n|-damage|p1a: Pecharunt|0 fnt\n|faint|p1a: Pecharunt\n|\n|-damage|p2a: Iron Treads|14/100 brn|[from] brn\n|-sideend|p2: asdfsadfsffsdfsdf|Reflect\n|upkeep\n|\n|t:|1771226758\n|switch|p1a: Darkrai|Darkrai|100/100\n|-damage|p1a: Darkrai|88/100|[from] Stealth Rock\n|turn|21\n|\n|t:|1771226765\n|move|p1a: Darkrai|Dark Pulse|p2a: Iron Treads\n|-damage|p2a: Iron Treads|0 fnt\n|faint|p2a: Iron Treads\n|-end|p2a: Iron Treads|Quark Drive|[silent]\n|\n|-sideend|p2: asdfsadfsffsdfsdf|move: Light Screen\n|upkeep\n|\n|t:|1771226780\n|switch|p2a: Deoxys|Deoxys-Speed, shiny|100/100\n|-damage|p2a: Deoxys|88/100|[from] Stealth Rock\n|-ability|p2a: Deoxys|Pressure\n|turn|22\n|\n|t:|1771226790\n|switch|p1a: Dragapult|Dragapult, M|54/100\n|move|p2a: Deoxys|Substitute|p2a: Deoxys\n|-start|p2a: Deoxys|Substitute\n|-damage|p2a: Deoxys|63/100\n|\n|-heal|p2a: Deoxys|69/100|[from] item: Leftovers\n|upkeep\n|turn|23\n|\n|t:|1771226806\n|move|p2a: Deoxys|Nasty Plot|p2a: Deoxys\n|-boost|p2a: Deoxys|spa|2\n|move|p1a: Dragapult|Hex|p2a: Deoxys\n|-supereffective|p2a: Deoxys\n|-crit|p2a: Deoxys\n|-damage|p2a: Deoxys|0 fnt\n|faint|p2a: Deoxys\n|\n|upkeep\n|\n|t:|1771226816\n|switch|p2a: Ceruledge|Ceruledge, M, shiny|100/100\n|-damage|p2a: Ceruledge|76/100|[from] Stealth Rock\n|turn|24\n|\n|t:|1771226822\n|move|p2a: Ceruledge|Shadow Sneak|p1a: Dragapult\n|-supereffective|p1a: Dragapult\n|-damage|p1a: Dragapult|0 fnt\n|faint|p1a: Dragapult\n|-damage|p2a: Ceruledge|66/100|[from] item: Life Orb\n|\n|upkeep\n|\n|t:|1771226824\n|switch|p1a: Darkrai|Darkrai|88/100\n|-damage|p1a: Darkrai|76/100|[from] Stealth Rock\n|turn|25\n|\n|t:|1771226834\n|move|p1a: Darkrai|Dark Pulse|p2a: Ceruledge\n|-supereffective|p2a: Ceruledge\n|-damage|p2a: Ceruledge|0 fnt\n|faint|p2a: Ceruledge\n|\n|upkeep\n|c|☆asdfsadfsffsdfsdf|gg\n|-message|asdfsadfsffsdfsdf forfeited.\n|\n|win|I-fear-the-weak\n|raw|I-fear-the-weak's rating: 1627 &rarr; <strong>1643</strong><br />(+16 for winning)\n|raw|asdfsadfsffsdfsdf's rating: 1548 &rarr; <strong>1532</strong><br />(-16 for losing)\n|l|☆asdfsadfsffsdfsdf\n|player|p2|\n|l|☆I-fear-the-weak\n|player|p1|\n", "uploadtime": 1771227098, "views": 10, "formatid": "gen9ou", "rating": 1532, "private": 0, "password": null}