{"id": "gen9ou-2540867475", "format": "[Gen 9] OU", "players": ["sommeliersam", "Jackesh-7T2"], "log": "|j|☆sommeliersam\n|j|☆Jackesh-7T2\n|t:|1771262148\n|gametype|singles\n|player|p1|sommeliersam|266|1789\n|player|p2|Jackesh-7T2|170|1730\n|gen|9\n|tier|[Gen 9] OU\n|rated|\n|rule|HP Percentage Mod: HP is shown in percentages\n|rule|Endless Battle Clause: Forcing endless battles is banned\n|rule|Species Clause: Limit one of each Pokémon\n|rule|OHKO Clause: OHKO moves are banned\n|rule|Evasion Items Clause: Evasion items are banned\n|rule|Evasion Moves Clause: Evasion moves are banned\n|rule|Evasion Abilities Clause: Evasion abilities are banned\n|rule|Sleep Moves Clause: Sleep-inducing moves are banned\n|clearpoke\n|poke|p1|Deoxys-Speed|\n|poke|p1|Glimmora, M|\n|poke|p1|Zamazenta-*|\n|poke|p1|Ceruledge, M|\n|poke|p1|Ogerpon-Wellspring, F|\n|poke|p1|Moltres-Galar|\n|poke|p2|Kyurem|\n|poke|p2|Raging Bolt|\n|poke|p2|Torkoal, F|\n|poke|p2|Walking Wake|\n|poke|p2|Corviknight, F|\n|poke|p2|Ting-Lu|\n|teampreview\n|inactive|Battle timer is ON: inactive players will automatically lose when time's up. (requested by Jackesh-7T2)\n|\n|t:|1771262169\n|teamsize|p1|6\n|teamsize|p2|6\n|start\n|switch|p1a: Deoxys|Deoxys-Speed|100/100\n|switch|p2a: Kyurem|Kyurem|100/100\n|-ability|p1a: Deoxys|Pressure\n|-ability|p2a: Kyurem|Pressure\n|turn|1\n|\n|t:|1771262181\n|move|p1a: Deoxys|Reflect|p1a: Deoxys\n|-sidestart|p1: sommeliersam|Reflect\n|move|p2a: Kyurem|Icicle Spear|p1a: Deoxys\n|-damage|p1a: Deoxys|94/100\n|-damage|p1a: Deoxys|86/100\n|-damage|p1a: Deoxys|78/100\n|-damage|p1a: Deoxys|71/100\n|-damage|p1a: Deoxys|64/100\n|-hitcount|p1a: Deoxys|5\n|\n|upkeep\n|turn|2\n|\n|t:|1771262188\n|move|p1a: Deoxys|Light Screen|p1a: Deoxys\n|-sidestart|p1: sommeliersam|move: Light Screen\n|move|p2a: Kyurem|Icicle Spear|p1a: Deoxys\n|-damage|p1a: Deoxys|56/100\n|-damage|p1a: Deoxys|48/100\n|-damage|p1a: Deoxys|41/100\n|-damage|p1a: Deoxys|34/100\n|-hitcount|p1a: Deoxys|4\n|\n|upkeep\n|turn|3\n|\n|t:|1771262207\n|switch|p1a: Glimmora|Glimmora, M|100/100\n|move|p2a: Kyurem|Earth Power|p1a: Glimmora\n|-supereffective|p1a: Glimmora\n|-damage|p1a: Glimmora|26/100\n|\n|upkeep\n|turn|4\n|\n|t:|1771262219\n|switch|p1a: Ogerpon|Ogerpon-Wellspring, F|100/100\n|move|p2a: Kyurem|Earth Power|p1a: Ogerpon\n|-resisted|p1a: Ogerpon\n|-damage|p1a: Ogerpon|93/100\n|\n|upkeep\n|turn|5\n|\n|t:|1771262222\n|move|p1a: Ogerpon|Swords Dance|p1a: Ogerpon\n|-boost|p1a: Ogerpon|atk|2\n|move|p2a: Kyurem|Freeze-Dry|p1a: Ogerpon\n|-supereffective|p1a: Ogerpon\n|-damage|p1a: Ogerpon|22/100\n|\n|upkeep\n|turn|6\n|\n|t:|1771262230\n|switch|p2a: Torkoal|Torkoal, F|100/100\n|-weather|SunnyDay|[from] ability: Drought|[of] p2a: Torkoal\n|move|p1a: Ogerpon|Play Rough|p2a: Torkoal\n|-resisted|p2a: Torkoal\n|-damage|p2a: Torkoal|75/100\n|-unboost|p2a: Torkoal|atk|1\n|\n|-weather|SunnyDay|[upkeep]\n|upkeep\n|turn|7\n|\n|t:|1771262236\n|switch|p2a: Walking Wake|Walking Wake|100/100\n|-activate|p2a: Walking Wake|ability: Protosynthesis\n|-start|p2a: Walking Wake|protosynthesisspa\n|move|p1a: Ogerpon|Ivy Cudgel|p2a: Walking Wake|[anim] Ivy Cudgel Water\n|-resisted|p2a: Walking Wake\n|-damage|p2a: Walking Wake|85/100\n|\n|-weather|SunnyDay|[upkeep]\n|upkeep\n|turn|8\n|\n|t:|1771262250\n|move|p2a: Walking Wake|Draco Meteor|p1a: Ogerpon\n|-damage|p1a: Ogerpon|0 fnt\n|-unboost|p2a: Walking Wake|spa|2\n|faint|p1a: Ogerpon\n|\n|-weather|SunnyDay|[upkeep]\n|-sideend|p1: sommeliersam|Reflect\n|upkeep\n|\n|t:|1771262264\n|switch|p1a: Ceruledge|Ceruledge, M|100/100\n|turn|9\n|\n|t:|1771262274\n|-end|p2a: Walking Wake|Protosynthesis|[silent]\n|switch|p2a: Raging Bolt|Raging Bolt|100/100\n|-activate|p2a: Raging Bolt|ability: Protosynthesis\n|-start|p2a: Raging Bolt|protosynthesisspa\n|move|p1a: Ceruledge|Swords Dance|p1a: Ceruledge\n|-boost|p1a: Ceruledge|atk|2\n|\n|-weather|SunnyDay|[upkeep]\n|-sideend|p1: sommeliersam|move: Light Screen\n|upkeep\n|turn|10\n|\n|t:|1771262281\n|move|p1a: Ceruledge|Poltergeist|p2a: Raging Bolt\n|-activate|p2a: Raging Bolt|move: Poltergeist|Assault Vest\n|-damage|p2a: Raging Bolt|0 fnt\n|faint|p2a: Raging Bolt\n|-end|p2a: Raging Bolt|Protosynthesis|[silent]\n|-damage|p1a: Ceruledge|91/100|[from] item: Life Orb\n|\n|-weather|SunnyDay|[upkeep]\n|upkeep\n|\n|t:|1771262291\n|switch|p2a: Walking Wake|Walking Wake|85/100\n|-activate|p2a: Walking Wake|ability: Protosynthesis\n|-start|p2a: Walking Wake|protosynthesisspa\n|turn|11\n|inactive|Jackesh-7T2 has 120 seconds left.\n|inactive|sommeliersam has 120 seconds left.\n|\n|t:|1771262344\n|switch|p1a: Glimmora|Glimmora, M|26/100\n|-terastallize|p2a: Walking Wake|Water\n|move|p2a: Walking Wake|Hydro Steam|p1a: Glimmora\n|-supereffective|p1a: Glimmora\n|-damage|p1a: Glimmora|0 fnt\n|faint|p1a: Glimmora\n|\n|-weather|SunnyDay|[upkeep]\n|upkeep\n|\n|t:|1771262347\n|switch|p1a: Deoxys|Deoxys-Speed|34/100\n|-ability|p1a: Deoxys|Pressure\n|turn|12\n|\n|t:|1771262348\n|move|p2a: Walking Wake|Hydro Steam|p1a: Deoxys\n|-damage|p1a: Deoxys|0 fnt\n|faint|p1a: Deoxys\n|\n|-weather|SunnyDay|[upkeep]\n|upkeep\n|inactive|sommeliersam has 120 seconds left.\n|\n|t:|1771262370\n|switch|p1a: Ceruledge|Ceruledge, M|91/100\n|turn|13\n|\n|t:|1771262372\n|move|p1a: Ceruledge|Shadow Sneak|p2a: Walking Wake\n|-damage|p2a: Walking Wake|53/100\n|-damage|p1a: Ceruledge|81/100|[from] item: Life Orb\n|move|p2a: Walking Wake|Hydro Steam|p1a: Ceruledge\n|-supereffective|p1a: Ceruledge\n|-damage|p1a: Ceruledge|0 fnt\n|faint|p1a: Ceruledge\n|\n|-weather|none\n|-end|p2a: Walking Wake|Protosynthesis\n|upkeep\n|\n|t:|1771262382\n|switch|p1a: Moltres|Moltres-Galar|100/100\n|turn|14\n|inactive|sommeliersam has 120 seconds left.\n|\n|t:|1771262404\n|-end|p2a: Walking Wake|Protosynthesis|[silent]\n|switch|p2a: Ting-Lu|Ting-Lu|100/100\n|-ability|p2a: Ting-Lu|Vessel of Ruin\n|move|p1a: Moltres|Nasty Plot|p1a: Moltres\n|-boost|p1a: Moltres|spa|2\n|\n|upkeep\n|turn|15\n|\n|t:|1771262409\n|-terastallize|p1a: Moltres|Fairy\n|move|p1a: Moltres|Tera Blast|p2a: Ting-Lu|[anim] Tera Blast Fairy\n|-supereffective|p2a: Ting-Lu\n|-damage|p2a: Ting-Lu|13/100\n|move|p2a: Ting-Lu|Stone Edge|p1a: Moltres\n|-damage|p1a: Moltres|47/100\n|-ability|p1a: Moltres|Berserk|boost\n|-boost|p1a: Moltres|spa|1\n|-enditem|p1a: Moltres|Sitrus Berry|[eat]\n|-heal|p1a: Moltres|72/100|[from] item: Sitrus Berry\n|\n|upkeep\n|turn|16\n|\n|t:|1771262422\n|switch|p2a: Torkoal|Torkoal, F|75/100\n|-weather|SunnyDay|[from] ability: Drought|[of] p2a: Torkoal\n|move|p1a: Moltres|Fiery Wrath|p2a: Torkoal\n|-damage|p2a: Torkoal|0 fnt\n|faint|p2a: Torkoal\n|\n|-weather|SunnyDay|[upkeep]\n|upkeep\n|\n|t:|1771262425\n|switch|p2a: Walking Wake|Walking Wake, tera:Water|53/100\n|-activate|p2a: Walking Wake|ability: Protosynthesis\n|-start|p2a: Walking Wake|protosynthesisspa\n|turn|17\n|\n|t:|1771262430\n|move|p2a: Walking Wake|Hydro Steam|p1a: Moltres\n|-damage|p1a: Moltres|0 fnt\n|faint|p1a: Moltres\n|\n|-weather|SunnyDay|[upkeep]\n|upkeep\n|\n|t:|1771262432\n|switch|p1a: Zamazenta|Zamazenta|100/100\n|-ability|p1a: Zamazenta|Dauntless Shield|boost\n|-boost|p1a: Zamazenta|def|1\n|turn|18\n|\n|t:|1771262436\n|move|p2a: Walking Wake|Hydro Steam|p1a: Zamazenta\n|-damage|p1a: Zamazenta|0 fnt\n|faint|p1a: Zamazenta\n|\n|win|Jackesh-7T2\n|raw|sommeliersam's rating: 1789 &rarr; <strong>1766</strong><br />(-23 for losing)\n|raw|Jackesh-7T2's rating: 1730 &rarr; <strong>1753</strong><br />(+23 for winning)\n|l|☆sommeliersam\n|player|p1|\n|l|☆Jackesh-7T2\n|player|p2|\n|j|☆Jackesh-7T2\n|player|p2|Jackesh-7T2|170|\n|l|☆Jackesh-7T2\n|player|p2|\n|j|☆Jackesh-7T2\n|player|p2|Jackesh-7T2|170|\n", "uploadtime": 1771262439, "views": 10, "formatid": "gen9ou", "rating": 1753, "private": 0, "password": null}