{"id": "gen9ou-2639288836", "format": "[Gen 9] OU", "players": ["stevenstonersx69", "Archerdadon"], "log": "|j|☆stevenstonersx69\n|j|☆Archerdadon\n|t:|1782446543\n|gametype|singles\n|player|p1|stevenstonersx69|1|1593\n|player|p2|Archerdadon|marshal|1604\n|gen|9\n|tier|[Gen 9] OU\n|rated|\n|rule|HP Percentage Mod: HP is shown in percentages\n|rule|Endless Battle Clause: Forcing endless battles is banned\n|rule|Species Clause: Limit one of each Pokémon\n|rule|OHKO Clause: OHKO moves are banned\n|rule|Evasion Items Clause: Evasion items are banned\n|rule|Evasion Moves Clause: Evasion moves are banned\n|rule|Evasion Abilities Clause: Evasion abilities are banned\n|rule|Sleep Moves Clause: Sleep-inducing moves are banned\n|clearpoke\n|poke|p1|Garchomp, M|\n|poke|p1|Empoleon, F|\n|poke|p1|Iron Valiant|\n|poke|p1|Cinderace, M|\n|poke|p1|Iron Crown|\n|poke|p1|Zapdos|\n|poke|p2|Dondozo, F|\n|poke|p2|Cinderace, F|\n|poke|p2|Ting-Lu|\n|poke|p2|Heatran, M|\n|poke|p2|Hydrapple, F|\n|poke|p2|Glimmora, M|\n|teampreview\n|\n|t:|1782446571\n|teamsize|p1|6\n|teamsize|p2|6\n|start\n|switch|p1a: Empoleon|Empoleon, F|100/100\n|switch|p2a: Glimmora|Glimmora, M|100/100\n|turn|1\n|\n|t:|1782446578\n|move|p2a: Glimmora|Earth Power|p1a: Empoleon\n|-supereffective|p1a: Empoleon\n|-enditem|p1a: Empoleon|Shuca Berry|[eat]\n|-enditem|p1a: Empoleon|Shuca Berry|[weaken]\n|-damage|p1a: Empoleon|72/100\n|move|p1a: Empoleon|Flash Cannon|p2a: Glimmora\n|-supereffective|p2a: Glimmora\n|-enditem|p2a: Glimmora|Focus Sash\n|-damage|p2a: Glimmora|1/100\n|\n|upkeep\n|turn|2\n|inactive|Battle timer is ON: inactive players will automatically lose when time's up. (requested by Archerdadon)\n|\n|t:|1782446585\n|move|p2a: Glimmora|Earth Power|p1a: Empoleon\n|-supereffective|p1a: Empoleon\n|-damage|p1a: Empoleon|16/100\n|move|p1a: Empoleon|Flip Turn|p2a: Glimmora\n|-supereffective|p2a: Glimmora\n|-damage|p2a: Glimmora|0 fnt\n|-activate|p2a: Glimmora|ability: Toxic Debris\n|-sidestart|p1: stevenstonersx69|move: Toxic Spikes\n|faint|p2a: Glimmora\n|\n|t:|1782446590\n|switch|p1a: Cinderace|Cinderace, M|100/100|[from] Flip Turn\n|\n|upkeep\n|\n|t:|1782446597\n|switch|p2a: Cinderace|Cinderace, F|100/100\n|turn|3\n|\n|t:|1782446601\n|move|p1a: Cinderace|High Jump Kick|p2a: Cinderace\n|-start|p1a: Cinderace|typechange|Fighting|[from] ability: Libero\n|-damage|p2a: Cinderace|7/100\n|move|p2a: Cinderace|High Jump Kick|p1a: Cinderace\n|-start|p2a: Cinderace|typechange|Fighting|[from] ability: Libero\n|-damage|p1a: Cinderace|15/100\n|\n|upkeep\n|turn|4\n|\n|t:|1782446610\n|switch|p2a: Hydrapple|Hydrapple, F|100/100\n|move|p1a: Cinderace|Court Change|p1a: Cinderace\n|-swapsideconditions\n|-activate|p1a: Cinderace|move: Court Change\n|\n|upkeep\n|turn|5\n|\n|t:|1782446615\n|move|p1a: Cinderace|U-turn|p2a: Hydrapple\n|-supereffective|p2a: Hydrapple\n|-damage|p2a: Hydrapple|75/100\n|-damage|p1a: Cinderace|0 fnt|[from] item: Rocky Helmet|[of] p2a: Hydrapple\n|faint|p1a: Cinderace\n|move|p2a: Hydrapple|Fickle Beam|p1: Cinderace|[notarget]\n|-fail|p2a: Hydrapple\n|\n|upkeep\n|\n|t:|1782446622\n|switch|p1a: Iron Crown|Iron Crown|100/100\n|-enditem|p1a: Iron Crown|Booster Energy\n|-activate|p1a: Iron Crown|ability: Quark Drive|[fromitem]\n|-start|p1a: Iron Crown|quarkdrivespa\n|turn|6\n|\n|t:|1782446625\n|switch|p2a: Heatran|Heatran, M|100/100\n|move|p1a: Iron Crown|Calm Mind|p1a: Iron Crown\n|-boost|p1a: Iron Crown|spa|1\n|-boost|p1a: Iron Crown|spd|1\n|\n|upkeep\n|turn|7\n|\n|t:|1782446637\n|move|p1a: Iron Crown|Calm Mind|p1a: Iron Crown\n|-boost|p1a: Iron Crown|spa|1\n|-boost|p1a: Iron Crown|spd|1\n|move|p2a: Heatran|Magma Storm|p1a: Iron Crown\n|-supereffective|p1a: Iron Crown\n|-damage|p1a: Iron Crown|60/100\n|-activate|p1a: Iron Crown|move: Magma Storm|[of] p2a: Heatran\n|\n|-damage|p1a: Iron Crown|47/100|[from] move: Magma Storm|[partiallytrapped]\n|upkeep\n|turn|8\n|\n|t:|1782446646\n|move|p1a: Iron Crown|Stored Power|p2a: Heatran\n|-resisted|p2a: Heatran\n|-damage|p2a: Heatran|54/100\n|move|p2a: Heatran|Magma Storm|p1a: Iron Crown\n|-supereffective|p1a: Iron Crown\n|-damage|p1a: Iron Crown|0 fnt\n|faint|p1a: Iron Crown\n|-end|p1a: Iron Crown|Quark Drive|[silent]\n|\n|-heal|p2a: Heatran|60/100|[from] item: Leftovers\n|upkeep\n|\n|t:|1782446653\n|switch|p1a: Garchomp|Garchomp, M|100/100\n|turn|9\n|\n|t:|1782446663\n|switch|p2a: Ting-Lu|Ting-Lu|100/100\n|-status|p2a: Ting-Lu|psn\n|-ability|p2a: Ting-Lu|Vessel of Ruin\n|move|p1a: Garchomp|Substitute|p1a: Garchomp\n|-start|p1a: Garchomp|Substitute\n|-damage|p1a: Garchomp|76/100\n|\n|-damage|p2a: Ting-Lu|88/100 psn|[from] psn\n|upkeep\n|turn|10\n|\n|t:|1782446672\n|switch|p2a: Dondozo|Dondozo, F|100/100\n|-status|p2a: Dondozo|psn\n|move|p1a: Garchomp|Swords Dance|p1a: Garchomp\n|-boost|p1a: Garchomp|atk|2\n|\n|-damage|p2a: Dondozo|88/100 psn|[from] psn\n|upkeep\n|turn|11\n|\n|t:|1782446675\n|-terastallize|p1a: Garchomp|Dragon\n|move|p1a: Garchomp|Scale Shot|p2a: Dondozo\n|-damage|p2a: Dondozo|80/100 psn\n|-damage|p2a: Dondozo|72/100 psn\n|-damage|p2a: Dondozo|64/100 psn\n|-damage|p2a: Dondozo|57/100 psn\n|-hitcount|p2a: Dondozo|4\n|-unboost|p1a: Garchomp|def|1\n|-boost|p1a: Garchomp|spe|1\n|move|p2a: Dondozo|Rest|p2a: Dondozo\n|-status|p2a: Dondozo|slp|[from] move: Rest\n|-heal|p2a: Dondozo|100/100 slp|[silent]\n|\n|upkeep\n|turn|12\n|\n|t:|1782446686\n|switch|p1a: Zapdos|Zapdos|100/100\n|cant|p2a: Dondozo|slp\n|move|p2a: Dondozo|Sleep Talk|p2a: Dondozo\n|move|p2a: Dondozo|Rest||[from] move: Sleep Talk|[still]\n|-fail|p2a: Dondozo\n|\n|upkeep\n|turn|13\n|\n|t:|1782446693\n|switch|p2a: Ting-Lu|Ting-Lu|88/100 psn\n|-ability|p2a: Ting-Lu|Vessel of Ruin\n|move|p1a: Zapdos|Hurricane|p2a: Ting-Lu\n|-damage|p2a: Ting-Lu|64/100 psn\n|\n|-heal|p2a: Ting-Lu|70/100 psn|[from] item: Leftovers\n|-damage|p2a: Ting-Lu|58/100 psn|[from] psn\n|upkeep\n|turn|14\n|\n|t:|1782446701\n|switch|p1a: Empoleon|Empoleon, F|16/100\n|move|p2a: Ting-Lu|Rest|p2a: Ting-Lu\n|-status|p2a: Ting-Lu|slp|[from] move: Rest\n|-heal|p2a: Ting-Lu|100/100 slp|[silent]\n|\n|upkeep\n|turn|15\n|\n|t:|1782446707\n|-terastallize|p2a: Ting-Lu|Ghost\n|move|p1a: Empoleon|Hydro Pump|p2a: Ting-Lu\n|-damage|p2a: Ting-Lu|76/100 slp\n|cant|p2a: Ting-Lu|slp\n|\n|-heal|p2a: Ting-Lu|83/100 slp|[from] item: Leftovers\n|upkeep\n|turn|16\n|\n|t:|1782446711\n|move|p1a: Empoleon|Stealth Rock|p2a: Ting-Lu\n|-sidestart|p2: Archerdadon|move: Stealth Rock\n|cant|p2a: Ting-Lu|slp\n|\n|-heal|p2a: Ting-Lu|89/100 slp|[from] item: Leftovers\n|upkeep\n|turn|17\n|\n|t:|1782446715\n|move|p1a: Empoleon|Flip Turn|p2a: Ting-Lu\n|-damage|p2a: Ting-Lu|81/100 slp\n|\n|t:|1782446721\n|switch|p1a: Garchomp|Garchomp, M, tera:Dragon|76/100|[from] Flip Turn\n|-curestatus|p2a: Ting-Lu|slp|[msg]\n|move|p2a: Ting-Lu|Earthquake|p1a: Garchomp\n|-damage|p1a: Garchomp|38/100\n|\n|-heal|p2a: Ting-Lu|87/100|[from] item: Leftovers\n|upkeep\n|turn|18\n|\n|t:|1782446729\n|move|p1a: Garchomp|Scale Shot|p2a: Ting-Lu\n|-damage|p2a: Ting-Lu|77/100\n|-damage|p2a: Ting-Lu|66/100\n|-damage|p2a: Ting-Lu|57/100\n|-damage|p2a: Ting-Lu|46/100\n|-hitcount|p2a: Ting-Lu|4\n|-unboost|p1a: Garchomp|def|1\n|-boost|p1a: Garchomp|spe|1\n|move|p2a: Ting-Lu|Earthquake|p1a: Garchomp\n|-damage|p1a: Garchomp|0 fnt\n|faint|p1a: Garchomp\n|\n|-heal|p2a: Ting-Lu|53/100|[from] item: Leftovers\n|upkeep\n|\n|t:|1782446743\n|switch|p1a: Zapdos|Zapdos|100/100\n|turn|19\n|\n|t:|1782446748\n|move|p1a: Zapdos|Hurricane|p2a: Ting-Lu\n|-damage|p2a: Ting-Lu|31/100\n|move|p2a: Ting-Lu|Payback|p1a: Zapdos\n|-damage|p1a: Zapdos|54/100\n|-status|p2a: Ting-Lu|par|[from] ability: Static|[of] p1a: Zapdos\n|\n|-heal|p2a: Ting-Lu|38/100 par|[from] item: Leftovers\n|upkeep\n|turn|20\n|\n|t:|1782446756\n|switch|p1a: Iron Valiant|Iron Valiant|100/100\n|move|p2a: Ting-Lu|Rest|p2a: Ting-Lu\n|-status|p2a: Ting-Lu|slp|[from] move: Rest\n|-heal|p2a: Ting-Lu|100/100 slp|[silent]\n|\n|upkeep\n|turn|21\n|\n|t:|1782446761\n|move|p1a: Iron Valiant|Shadow Ball|p2a: Ting-Lu\n|-supereffective|p2a: Ting-Lu\n|-damage|p2a: Ting-Lu|75/100 slp\n|-unboost|p2a: Ting-Lu|spd|1\n|cant|p2a: Ting-Lu|slp\n|\n|-heal|p2a: Ting-Lu|81/100 slp|[from] item: Leftovers\n|upkeep\n|turn|22\n|\n|t:|1782446765\n|switch|p2a: Heatran|Heatran, M|60/100\n|-damage|p2a: Heatran|48/100|[from] Stealth Rock\n|move|p1a: Iron Valiant|Shadow Ball|p2a: Heatran\n|-damage|p2a: Heatran|30/100\n|\n|-heal|p2a: Heatran|36/100|[from] item: Leftovers\n|upkeep\n|turn|23\n|\n|t:|1782446768\n|-end|p1a: Iron Valiant|Quark Drive|[silent]\n|switch|p1a: Empoleon|Empoleon, F|16/100\n|move|p2a: Heatran|Magma Storm|p1a: Empoleon\n|-damage|p1a: Empoleon|0 fnt\n|faint|p1a: Empoleon\n|\n|-heal|p2a: Heatran|42/100|[from] item: Leftovers\n|upkeep\n|\n|t:|1782446770\n|switch|p1a: Zapdos|Zapdos|54/100\n|turn|24\n|\n|t:|1782446779\n|move|p1a: Zapdos|Hurricane|p2a: Heatran\n|-resisted|p2a: Heatran\n|-damage|p2a: Heatran|27/100\n|move|p2a: Heatran|Magma Storm|p1a: Zapdos\n|-damage|p1a: Zapdos|0 fnt\n|faint|p1a: Zapdos\n|\n|-heal|p2a: Heatran|33/100|[from] item: Leftovers\n|upkeep\n|\n|t:|1782446782\n|switch|p1a: Iron Valiant|Iron Valiant|100/100\n|turn|25\n|\n|t:|1782446790\n|move|p1a: Iron Valiant|Moonblast|p2a: Heatran\n|-resisted|p2a: Heatran\n|-damage|p2a: Heatran|26/100\n|move|p2a: Heatran|Magma Storm|p1a: Iron Valiant\n|-damage|p1a: Iron Valiant|23/100\n|-activate|p1a: Iron Valiant|move: Magma Storm|[of] p2a: Heatran\n|\n|-heal|p2a: Heatran|32/100|[from] item: Leftovers\n|-damage|p1a: Iron Valiant|10/100|[from] move: Magma Storm|[partiallytrapped]\n|upkeep\n|turn|26\n|-message|stevenstonersx69 forfeited.\n|\n|win|Archerdadon\n|raw|stevenstonersx69's rating: 1593 &rarr; <strong>1574</strong><br />(-19 for losing)\n|raw|Archerdadon's rating: 1604 &rarr; <strong>1623</strong><br />(+19 for winning)\n|l|☆stevenstonersx69\n|player|p1|\n", "uploadtime": 1782447088, "views": 3, "formatid": "gen9ou", "rating": 1574, "private": 0, "password": null}