{"id": "gen9ou-2540837627", "format": "[Gen 9] OU", "players": ["tuanquewang", "shedtailhater"], "log": "|j|☆tuanquewang\n|j|☆shedtailhater\n|t:|1771259195\n|gametype|singles\n|player|p1|tuanquewang|backersf|1658\n|player|p2|shedtailhater|102|1665\n|gen|9\n|tier|[Gen 9] OU\n|rated|\n|rule|HP Percentage Mod: HP is shown in percentages\n|rule|Endless Battle Clause: Forcing endless battles is banned\n|rule|Species Clause: Limit one of each Pokémon\n|rule|OHKO Clause: OHKO moves are banned\n|rule|Evasion Items Clause: Evasion items are banned\n|rule|Evasion Moves Clause: Evasion moves are banned\n|rule|Evasion Abilities Clause: Evasion abilities are banned\n|rule|Sleep Moves Clause: Sleep-inducing moves are banned\n|clearpoke\n|poke|p1|Slowking-Galar, M|\n|poke|p1|Alomomola, F|\n|poke|p1|Scizor, M|\n|poke|p1|Hydrapple, F|\n|poke|p1|Cinderace, M|\n|poke|p1|Sandy Shocks|\n|poke|p2|Grimmsnarl, M|\n|poke|p2|Great Tusk|\n|poke|p2|Kyurem|\n|poke|p2|Pecharunt|\n|poke|p2|Ogerpon-Wellspring, F|\n|poke|p2|Dragonite, M|\n|teampreview\n|inactive|Battle timer is ON: inactive players will automatically lose when time's up. (requested by shedtailhater)\n|inactive|tuanquewang also wants the timer to be on.\n|j| Jaden726\n|\n|t:|1771259206\n|teamsize|p1|6\n|teamsize|p2|6\n|start\n|switch|p1a: Scizor|Scizor, M|100/100\n|switch|p2a: Grimmsnarl|Grimmsnarl, M|100/100\n|turn|1\n|\n|t:|1771259218\n|move|p2a: Grimmsnarl|Reflect|p2a: Grimmsnarl\n|-sidestart|p2: shedtailhater|Reflect\n|move|p1a: Scizor|U-turn|p2a: Grimmsnarl\n|-damage|p2a: Grimmsnarl|66/100\n|\n|t:|1771259227\n|switch|p1a: Cinderace|Cinderace, M|100/100|[from] U-turn\n|\n|upkeep\n|turn|2\n|inactive|shedtailhater has 120 seconds left.\n|\n|t:|1771259282\n|move|p2a: Grimmsnarl|Light Screen|p2a: Grimmsnarl\n|-sidestart|p2: shedtailhater|move: Light Screen\n|move|p1a: Cinderace|U-turn|p2a: Grimmsnarl\n|-start|p1a: Cinderace|typechange|Bug|[from] ability: Libero\n|-damage|p2a: Grimmsnarl|45/100\n|\n|t:|1771259286\n|switch|p1a: Scizor|Scizor, M|100/100|[from] U-turn\n|\n|upkeep\n|turn|3\n|\n|t:|1771259291\n|move|p2a: Grimmsnarl|Parting Shot|p1a: Scizor\n|-unboost|p1a: Scizor|atk|1\n|-unboost|p1a: Scizor|spa|1\n|\n|t:|1771259294\n|switch|p2a: Great Tusk|Great Tusk|100/100|[from] Parting Shot\n|-enditem|p2a: Great Tusk|Booster Energy\n|-activate|p2a: Great Tusk|ability: Protosynthesis|[fromitem]\n|-start|p2a: Great Tusk|protosynthesisspe\n|move|p1a: Scizor|U-turn|p2a: Great Tusk\n|-resisted|p2a: Great Tusk\n|-damage|p2a: Great Tusk|95/100\n|\n|t:|1771259300\n|switch|p1a: Alomomola|Alomomola, F|100/100|[from] U-turn\n|\n|upkeep\n|turn|4\n|\n|t:|1771259306\n|move|p2a: Great Tusk|Stealth Rock|p1a: Alomomola\n|-sidestart|p1: tuanquewang|move: Stealth Rock\n|move|p1a: Alomomola|Wish|p1a: Alomomola\n|\n|upkeep\n|turn|5\n|\n|t:|1771259313\n|move|p2a: Great Tusk|Headlong Rush|p1a: Alomomola\n|-crit|p1a: Alomomola\n|-damage|p1a: Alomomola|55/100\n|-unboost|p2a: Great Tusk|def|1\n|-unboost|p2a: Great Tusk|spd|1\n|move|p1a: Alomomola|Flip Turn|p2a: Great Tusk\n|-supereffective|p2a: Great Tusk\n|-damage|p2a: Great Tusk|78/100\n|\n|t:|1771259317\n|switch|p1a: Hydrapple|Hydrapple, F, shiny|100/100|[from] Flip Turn\n|-damage|p1a: Hydrapple|88/100|[from] Stealth Rock\n|\n|-heal|p1a: Hydrapple|100/100|[from] move: Wish|[wisher] Alomomola\n|upkeep\n|turn|6\n|\n|t:|1771259320\n|switch|p1a: Alomomola|Alomomola, F|88/100\n|-damage|p1a: Alomomola|76/100|[from] Stealth Rock\n|move|p2a: Great Tusk|Ice Spinner|p1a: Alomomola\n|-resisted|p1a: Alomomola\n|-damage|p1a: Alomomola|69/100\n|\n|-heal|p1a: Alomomola|75/100|[from] item: Leftovers\n|upkeep\n|turn|7\n|\n|t:|1771259323\n|-end|p2a: Great Tusk|Protosynthesis|[silent]\n|switch|p2a: Ogerpon|Ogerpon-Wellspring, F|100/100\n|move|p1a: Alomomola|Flip Turn|p2a: Ogerpon\n|-immune|p2a: Ogerpon|[from] ability: Water Absorb\n|\n|-heal|p1a: Alomomola|82/100|[from] item: Leftovers\n|upkeep\n|turn|8\n|\n|t:|1771259327\n|switch|p1a: Hydrapple|Hydrapple, F, shiny|100/100\n|-damage|p1a: Hydrapple|88/100|[from] Stealth Rock\n|move|p2a: Ogerpon|Swords Dance|p2a: Ogerpon\n|-boost|p2a: Ogerpon|atk|2\n|\n|-sideend|p2: shedtailhater|Reflect\n|upkeep\n|turn|9\n|\n|t:|1771259334\n|move|p2a: Ogerpon|Swords Dance|p2a: Ogerpon\n|-boost|p2a: Ogerpon|atk|2\n|move|p1a: Hydrapple|Draco Meteor|p2a: Ogerpon|[miss]\n|-miss|p1a: Hydrapple|p2a: Ogerpon\n|\n|-sideend|p2: shedtailhater|move: Light Screen\n|upkeep\n|turn|10\n|\n|t:|1771259338\n|move|p2a: Ogerpon|Substitute|p2a: Ogerpon\n|-start|p2a: Ogerpon|Substitute\n|-damage|p2a: Ogerpon|76/100\n|move|p1a: Hydrapple|Draco Meteor|p2a: Ogerpon\n|-end|p2a: Ogerpon|Substitute\n|-unboost|p1a: Hydrapple|spa|2\n|\n|upkeep\n|turn|11\n|\n|t:|1771259342\n|move|p2a: Ogerpon|Substitute|p2a: Ogerpon\n|-start|p2a: Ogerpon|Substitute\n|-damage|p2a: Ogerpon|51/100\n|move|p1a: Hydrapple|Draco Meteor|p2a: Ogerpon\n|-crit|p2a: Ogerpon\n|-end|p2a: Ogerpon|Substitute\n|-unboost|p1a: Hydrapple|spa|2\n|\n|upkeep\n|turn|12\n|\n|t:|1771259345\n|move|p2a: Ogerpon|Substitute|p2a: Ogerpon\n|-start|p2a: Ogerpon|Substitute\n|-damage|p2a: Ogerpon|26/100\n|move|p1a: Hydrapple|Draco Meteor|p2a: Ogerpon\n|-end|p2a: Ogerpon|Substitute\n|-unboost|p1a: Hydrapple|spa|2\n|\n|upkeep\n|turn|13\n|\n|t:|1771259350\n|move|p2a: Ogerpon|Horn Leech|p1a: Hydrapple\n|-resisted|p1a: Hydrapple\n|-damage|p1a: Hydrapple|64/100\n|-heal|p2a: Ogerpon|43/100|[from] drain|[of] p1a: Hydrapple\n|move|p1a: Hydrapple|Draco Meteor|p2a: Ogerpon\n|-crit|p2a: Ogerpon\n|-damage|p2a: Ogerpon|0 fnt\n|faint|p2a: Ogerpon\n|\n|upkeep\n|\n|t:|1771259361\n|switch|p2a: Pecharunt|Pecharunt|100/100\n|turn|14\n|\n|t:|1771259366\n|switch|p1a: Slowking|Slowking-Galar, M|100/100\n|-damage|p1a: Slowking|88/100|[from] Stealth Rock\n|move|p2a: Pecharunt|Nasty Plot|p2a: Pecharunt\n|-boost|p2a: Pecharunt|spa|2\n|\n|-heal|p1a: Slowking|94/100|[from] item: Black Sludge\n|upkeep\n|turn|15\n|\n|t:|1771259371\n|move|p2a: Pecharunt|Shadow Ball|p1a: Slowking\n|-supereffective|p1a: Slowking\n|-damage|p1a: Slowking|35/100\n|move|p1a: Slowking|Future Sight|p2a: Pecharunt\n|-start|p1a: Slowking|move: Future Sight\n|\n|-heal|p1a: Slowking|41/100|[from] item: Black Sludge\n|upkeep\n|turn|16\n|\n|t:|1771259382\n|move|p2a: Pecharunt|Malignant Chain|p1a: Slowking\n|-resisted|p1a: Slowking\n|-damage|p1a: Slowking|22/100\n|-prepare|p1a: Slowking|Chilly Reception|[premajor]\n|move|p1a: Slowking|Chilly Reception|p1a: Slowking\n|-weather|Snowscape\n|\n|t:|1771259388\n|switch|p1a: Cinderace|Cinderace, M|100/100|[from] Chilly Reception\n|\n|-weather|Snowscape|[upkeep]\n|upkeep\n|turn|17\n|\n|t:|1771259397\n|-terastallize|p2a: Pecharunt|Fairy\n|move|p1a: Cinderace|U-turn|p2a: Pecharunt\n|-start|p1a: Cinderace|typechange|Bug|[from] ability: Libero\n|-resisted|p2a: Pecharunt\n|-damage|p2a: Pecharunt|91/100\n|\n|t:|1771259399\n|switch|p1a: Slowking|Slowking-Galar, M|55/100|[from] U-turn\n|-damage|p1a: Slowking|42/100|[from] Stealth Rock\n|move|p2a: Pecharunt|Malignant Chain|p1a: Slowking\n|-resisted|p1a: Slowking\n|-damage|p1a: Slowking|23/100\n|\n|-weather|Snowscape|[upkeep]\n|-end|p2a: Pecharunt|move: Future Sight\n|-damage|p2a: Pecharunt|44/100\n|-heal|p2a: Pecharunt|50/100|[from] item: Leftovers\n|-heal|p1a: Slowking|29/100|[from] item: Black Sludge\n|upkeep\n|turn|18\n|\n|t:|1771259408\n|move|p2a: Pecharunt|Malignant Chain|p1a: Slowking\n|-resisted|p1a: Slowking\n|-damage|p1a: Slowking|11/100\n|-prepare|p1a: Slowking|Chilly Reception|[premajor]\n|move|p1a: Slowking|Chilly Reception|p1a: Slowking\n|\n|t:|1771259410\n|switch|p1a: Scizor|Scizor, M|100/100|[from] Chilly Reception\n|-damage|p1a: Scizor|88/100|[from] Stealth Rock\n|\n|-weather|Snowscape|[upkeep]\n|-heal|p2a: Pecharunt|56/100|[from] item: Leftovers\n|upkeep\n|turn|19\n|\n|t:|1771259415\n|move|p1a: Scizor|Bullet Punch|p2a: Pecharunt\n|-supereffective|p2a: Pecharunt\n|-damage|p2a: Pecharunt|0 fnt\n|faint|p2a: Pecharunt\n|\n|-weather|Snowscape|[upkeep]\n|upkeep\n|-message|shedtailhater forfeited.\n|\n|win|tuanquewang\n|raw|tuanquewang's rating: 1658 &rarr; <strong>1678</strong><br />(+20 for winning)\n|raw|shedtailhater's rating: 1665 &rarr; <strong>1645</strong><br />(-20 for losing)\n|l|☆shedtailhater\n|player|p2|\n|l|☆tuanquewang\n|player|p1|\n", "uploadtime": 1771259581, "views": 6, "formatid": "gen9ou", "rating": 1645, "private": 0, "password": null}