{"id": "gen9ou-2639224941", "format": "[Gen 9] OU", "players": ["MoondropSoulHeart", "Ycv"], "log": "|j|☆MoondropSoulHeart\n|j|☆Ycv\n|t:|1782436782\n|gametype|singles\n|player|p1|MoondropSoulHeart|giovanni|1211\n|player|p2|Ycv|lucas|1212\n|gen|9\n|tier|[Gen 9] OU\n|rated|\n|rule|HP Percentage Mod: HP is shown in percentages\n|rule|Endless Battle Clause: Forcing endless battles is banned\n|rule|Species Clause: Limit one of each Pokémon\n|rule|OHKO Clause: OHKO moves are banned\n|rule|Evasion Items Clause: Evasion items are banned\n|rule|Evasion Moves Clause: Evasion moves are banned\n|rule|Evasion Abilities Clause: Evasion abilities are banned\n|rule|Sleep Moves Clause: Sleep-inducing moves are banned\n|clearpoke\n|poke|p1|Ceruledge, M|\n|poke|p1|Poliwrath, F|\n|poke|p1|Reuniclus, F|\n|poke|p1|Regice|\n|poke|p1|Iron Jugulis|\n|poke|p1|Maushold-Four|\n|poke|p2|Pincurchin, F|\n|poke|p2|Raging Bolt|\n|poke|p2|Iron Moth|\n|poke|p2|Iron Crown|\n|poke|p2|Iron Valiant|\n|poke|p2|Hawlucha, F|\n|teampreview\n|\n|t:|1782436796\n|teamsize|p1|6\n|teamsize|p2|6\n|start\n|switch|p1a: Maushold|Maushold-Four|100/100\n|switch|p2a: Iron Crown|Iron Crown|100/100\n|turn|1\n|\n|t:|1782436799\n|move|p2a: Iron Crown|Volt Switch|p1a: Maushold\n|-damage|p1a: Maushold|56/100\n|\n|t:|1782436802\n|-end|p2a: Iron Crown|Quark Drive|[silent]\n|switch|p2a: Pincurchin|Pincurchin, F, shiny|100/100|[from] Volt Switch\n|-fieldstart|move: Electric Terrain|[from] ability: Electric Surge|[of] p2a: Pincurchin\n|move|p1a: Maushold|Tidy Up|p1a: Maushold\n|-boost|p1a: Maushold|atk|1\n|-boost|p1a: Maushold|spe|1\n|\n|upkeep\n|turn|2\n|\n|t:|1782436810\n|switch|p2a: Iron Crown|Iron Crown|100/100\n|-activate|p2a: Iron Crown|ability: Quark Drive\n|-start|p2a: Iron Crown|quarkdrivespa\n|move|p1a: Maushold|Population Bomb|p2a: Iron Crown\n|-resisted|p2a: Iron Crown\n|-damage|p2a: Iron Crown|91/100\n|-resisted|p2a: Iron Crown\n|-damage|p2a: Iron Crown|82/100\n|-resisted|p2a: Iron Crown\n|-damage|p2a: Iron Crown|72/100\n|-resisted|p2a: Iron Crown\n|-damage|p2a: Iron Crown|62/100\n|-resisted|p2a: Iron Crown\n|-damage|p2a: Iron Crown|52/100\n|-resisted|p2a: Iron Crown\n|-damage|p2a: Iron Crown|42/100\n|-resisted|p2a: Iron Crown\n|-damage|p2a: Iron Crown|31/100\n|-resisted|p2a: Iron Crown\n|-damage|p2a: Iron Crown|22/100\n|-resisted|p2a: Iron Crown\n|-damage|p2a: Iron Crown|12/100\n|-hitcount|p2a: Iron Crown|9\n|\n|upkeep\n|turn|3\n|\n|t:|1782436820\n|move|p1a: Maushold|Bite|p2a: Iron Crown\n|-supereffective|p2a: Iron Crown\n|-crit|p2a: Iron Crown\n|-damage|p2a: Iron Crown|0 fnt\n|faint|p2a: Iron Crown\n|-end|p2a: Iron Crown|Quark Drive|[silent]\n|\n|upkeep\n|\n|t:|1782436821\n|switch|p2a: Raging Bolt|Raging Bolt|100/100\n|turn|4\n|\n|t:|1782436825\n|move|p2a: Raging Bolt|Thunderclap||[still]\n|-fail|p2a: Raging Bolt\n|move|p1a: Maushold|Tidy Up|p1a: Maushold\n|-boost|p1a: Maushold|atk|1\n|-boost|p1a: Maushold|spe|1\n|\n|upkeep\n|turn|5\n|\n|t:|1782436827\n|move|p2a: Raging Bolt|Thunderclap|p1a: Maushold\n|-damage|p1a: Maushold|0 fnt\n|faint|p1a: Maushold\n|\n|upkeep\n|\n|t:|1782436837\n|switch|p1a: Regice|Regice|100/100\n|turn|6\n|\n|t:|1782436843\n|-end|p2a: Raging Bolt|Protosynthesis|[silent]\n|switch|p2a: Iron Moth|Iron Moth|100/100\n|-activate|p2a: Iron Moth|ability: Quark Drive\n|-start|p2a: Iron Moth|quarkdrivespa\n|move|p1a: Regice|Ice Beam|p2a: Iron Moth\n|-resisted|p2a: Iron Moth\n|-damage|p2a: Iron Moth|75/100\n|\n|upkeep\n|turn|7\n|\n|t:|1782436851\n|switch|p1a: Ceruledge|Ceruledge, M|100/100\n|move|p2a: Iron Moth|Meteor Beam||[still]\n|-prepare|p2a: Iron Moth|Meteor Beam\n|-boost|p2a: Iron Moth|spa|1\n|-enditem|p2a: Iron Moth|Power Herb\n|-anim|p2a: Iron Moth|Meteor Beam|p1a: Ceruledge\n|-supereffective|p1a: Ceruledge\n|-crit|p1a: Ceruledge\n|-damage|p1a: Ceruledge|0 fnt\n|faint|p1a: Ceruledge\n|\n|upkeep\n|\n|t:|1782436856\n|switch|p1a: Iron Jugulis|Iron Jugulis|100/100\n|-activate|p1a: Iron Jugulis|ability: Quark Drive\n|-start|p1a: Iron Jugulis|quarkdrivespe\n|turn|8\n|\n|t:|1782436860\n|-terastallize|p1a: Iron Jugulis|Ground\n|-terastallize|p2a: Iron Moth|Fairy\n|move|p1a: Iron Jugulis|Earth Power|p2a: Iron Moth\n|-damage|p2a: Iron Moth|30/100\n|move|p2a: Iron Moth|Dazzling Gleam|p1a: Iron Jugulis\n|-damage|p1a: Iron Jugulis|0 fnt\n|faint|p1a: Iron Jugulis\n|-end|p1a: Iron Jugulis|Quark Drive|[silent]\n|\n|-fieldend|move: Electric Terrain\n|-end|p2a: Iron Moth|Quark Drive\n|upkeep\n|\n|t:|1782436867\n|switch|p1a: Reuniclus|Reuniclus, F|100/100\n|turn|9\n|\n|t:|1782436871\n|move|p2a: Iron Moth|Fiery Dance|p1a: Reuniclus\n|-damage|p1a: Reuniclus|40/100\n|move|p1a: Reuniclus|Trick Room|p1a: Reuniclus\n|-fieldstart|move: Trick Room|[of] p1a: Reuniclus\n|\n|upkeep\n|turn|10\n|\n|t:|1782436875\n|move|p1a: Reuniclus|Psychic|p2a: Iron Moth\n|-damage|p2a: Iron Moth|0 fnt\n|faint|p2a: Iron Moth\n|-end|p2a: Iron Moth|Quark Drive|[silent]\n|\n|upkeep\n|\n|t:|1782436881\n|switch|p2a: Pincurchin|Pincurchin, F, shiny|100/100\n|-fieldstart|move: Electric Terrain|[from] ability: Electric Surge|[of] p2a: Pincurchin\n|turn|11\n|\n|t:|1782436887\n|move|p2a: Pincurchin|Memento|p1a: Reuniclus\n|-unboost|p1a: Reuniclus|atk|2\n|-unboost|p1a: Reuniclus|spa|2\n|faint|p2a: Pincurchin\n|move|p1a: Reuniclus|Psychic|p2: Pincurchin|[notarget]\n|-fail|p1a: Reuniclus\n|\n|upkeep\n|\n|t:|1782436895\n|switch|p2a: Iron Valiant|Iron Valiant|100/100\n|-activate|p2a: Iron Valiant|ability: Quark Drive\n|-start|p2a: Iron Valiant|quarkdrivespe\n|turn|12\n|\n|t:|1782436903\n|move|p1a: Reuniclus|Calm Mind|p1a: Reuniclus\n|-boost|p1a: Reuniclus|spa|1\n|-boost|p1a: Reuniclus|spd|1\n|move|p2a: Iron Valiant|Knock Off|p1a: Reuniclus\n|-supereffective|p1a: Reuniclus\n|-damage|p1a: Reuniclus|0 fnt\n|-enditem|p1a: Reuniclus|Life Orb|[from] move: Knock Off|[of] p2a: Iron Valiant\n|faint|p1a: Reuniclus\n|-damage|p2a: Iron Valiant|91/100|[from] item: Life Orb\n|\n|upkeep\n|\n|t:|1782436905\n|switch|p1a: Regice|Regice|100/100\n|turn|13\n|\n|t:|1782436908\n|move|p1a: Regice|Flash Cannon|p2a: Iron Valiant\n|-supereffective|p2a: Iron Valiant\n|-damage|p2a: Iron Valiant|0 fnt\n|faint|p2a: Iron Valiant\n|-end|p2a: Iron Valiant|Quark Drive|[silent]\n|\n|-fieldend|move: Trick Room\n|upkeep\n|\n|t:|1782436912\n|switch|p2a: Raging Bolt|Raging Bolt|100/100\n|turn|14\n|\n|t:|1782436919\n|switch|p1a: Poliwrath|Poliwrath, F|100/100\n|move|p2a: Raging Bolt|Rising Voltage|p1a: Poliwrath\n|-hint|Rising Voltage's BP doubled on grounded target.\n|-supereffective|p1a: Poliwrath\n|-damage|p1a: Poliwrath|0 fnt\n|faint|p1a: Poliwrath\n|\n|upkeep\n|\n|t:|1782436922\n|switch|p1a: Regice|Regice|100/100\n|turn|15\n|\n|t:|1782436923\n|move|p2a: Raging Bolt|Rising Voltage|p1a: Regice\n|-hint|Rising Voltage's BP doubled on grounded target.\n|-damage|p1a: Regice|15/100\n|move|p1a: Regice|Ice Beam|p2a: Raging Bolt\n|-supereffective|p2a: Raging Bolt\n|-damage|p2a: Raging Bolt|2/100\n|\n|upkeep\n|turn|16\n|\n|t:|1782436928\n|move|p2a: Raging Bolt|Rising Voltage|p1a: Regice\n|-hint|Rising Voltage's BP doubled on grounded target.\n|-damage|p1a: Regice|0 fnt\n|faint|p1a: Regice\n|\n|win|Ycv\n|raw|MoondropSoulHeart's rating: 1211 &rarr; <strong>1186</strong><br />(-25 for losing)\n|raw|Ycv's rating: 1212 &rarr; <strong>1237</strong><br />(+25 for winning)\n|l|☆Ycv\n|player|p2|\n|l|☆MoondropSoulHeart\n|player|p1|\n", "uploadtime": 1782437315, "views": 4, "formatid": "gen9ou", "rating": 1186, "private": 0, "password": null}