{"id": "gen9ou-2540894469", "format": "[Gen 9] OU", "players": ["StudiousShade", "Jackesh-7T2"], "log": "|j|☆StudiousShade\n|j|☆Jackesh-7T2\n|t:|1771264756\n|gametype|singles\n|player|p1|StudiousShade|nobunaga-conquest|1590\n|player|p2|Jackesh-7T2|170|1708\n|gen|9\n|tier|[Gen 9] OU\n|rated|\n|rule|HP Percentage Mod: HP is shown in percentages\n|rule|Endless Battle Clause: Forcing endless battles is banned\n|rule|Species Clause: Limit one of each Pokémon\n|rule|OHKO Clause: OHKO moves are banned\n|rule|Evasion Items Clause: Evasion items are banned\n|rule|Evasion Moves Clause: Evasion moves are banned\n|rule|Evasion Abilities Clause: Evasion abilities are banned\n|rule|Sleep Moves Clause: Sleep-inducing moves are banned\n|clearpoke\n|poke|p1|Entei|\n|poke|p1|Hatterene, F|\n|poke|p1|Tornadus-Therian, M|\n|poke|p1|Great Tusk|\n|poke|p1|Dragonite, M|\n|poke|p1|Kingambit, M|\n|poke|p2|Kyurem|\n|poke|p2|Raging Bolt|\n|poke|p2|Torkoal, F|\n|poke|p2|Walking Wake|\n|poke|p2|Corviknight, M|\n|poke|p2|Ting-Lu|\n|teampreview\n|inactive|Battle timer is ON: inactive players will automatically lose when time's up. (requested by Jackesh-7T2)\n|\n|t:|1771264771\n|teamsize|p1|6\n|teamsize|p2|6\n|start\n|switch|p1a: Tornadus|Tornadus-Therian, M|100/100\n|switch|p2a: Walking Wake|Walking Wake|100/100\n|turn|1\n|\n|t:|1771264776\n|move|p2a: Walking Wake|Flip Turn|p1a: Tornadus\n|-damage|p1a: Tornadus|82/100\n|\n|t:|1771264778\n|-end|p2a: Walking Wake|Protosynthesis|[silent]\n|switch|p2a: Corviknight|Corviknight, M|100/100|[from] Flip Turn\n|-ability|p2a: Corviknight|Pressure\n|move|p1a: Tornadus|Knock Off|p2a: Corviknight\n|-damage|p2a: Corviknight|85/100\n|-enditem|p2a: Corviknight|Heavy-Duty Boots|[from] move: Knock Off|[of] p1a: Tornadus\n|\n|upkeep\n|turn|2\n|\n|t:|1771264784\n|switch|p2a: Torkoal|Torkoal, F|100/100\n|-weather|SunnyDay|[from] ability: Drought|[of] p2a: Torkoal\n|move|p1a: Tornadus|Heat Wave|p2a: Torkoal\n|-resisted|p2a: Torkoal\n|-damage|p2a: Torkoal|84/100\n|\n|-weather|SunnyDay|[upkeep]\n|upkeep\n|turn|3\n|\n|t:|1771264796\n|switch|p2a: Raging Bolt|Raging Bolt|100/100\n|-activate|p2a: Raging Bolt|ability: Protosynthesis\n|-start|p2a: Raging Bolt|protosynthesisspa\n|move|p1a: Tornadus|Knock Off|p2a: Raging Bolt\n|-damage|p2a: Raging Bolt|85/100\n|-enditem|p2a: Raging Bolt|Assault Vest|[from] move: Knock Off|[of] p1a: Tornadus\n|\n|-weather|SunnyDay|[upkeep]\n|upkeep\n|turn|4\n|\n|t:|1771264802\n|move|p1a: Tornadus|U-turn|p2a: Raging Bolt\n|-damage|p2a: Raging Bolt|73/100\n|\n|t:|1771264804\n|switch|p1a: Hatterene|Hatterene, F|100/100|[from] U-turn\n|move|p2a: Raging Bolt|Weather Ball|p1a: Hatterene\n|-damage|p1a: Hatterene|12/100\n|\n|-weather|SunnyDay|[upkeep]\n|upkeep\n|turn|5\n|\n|t:|1771264810\n|switch|p1a: Entei|Entei|100/100\n|move|p2a: Raging Bolt|Dragon Pulse|p1a: Entei\n|-damage|p1a: Entei|26/100\n|\n|-weather|SunnyDay|[upkeep]\n|upkeep\n|turn|6\n|\n|t:|1771264817\n|move|p1a: Entei|Sacred Fire|p2a: Raging Bolt\n|-resisted|p2a: Raging Bolt\n|-damage|p2a: Raging Bolt|26/100\n|move|p2a: Raging Bolt|Weather Ball|p1a: Entei\n|-resisted|p1a: Entei\n|-damage|p1a: Entei|0 fnt\n|faint|p1a: Entei\n|\n|-weather|SunnyDay|[upkeep]\n|upkeep\n|\n|t:|1771264820\n|switch|p1a: Great Tusk|Great Tusk|100/100\n|-activate|p1a: Great Tusk|ability: Protosynthesis\n|-start|p1a: Great Tusk|protosynthesisspe\n|turn|7\n|\n|t:|1771264824\n|-end|p2a: Raging Bolt|Protosynthesis|[silent]\n|switch|p2a: Corviknight|Corviknight, M|85/100\n|-ability|p2a: Corviknight|Pressure\n|move|p1a: Great Tusk|Ice Spinner|p2a: Corviknight\n|-damage|p2a: Corviknight|68/100\n|\n|-weather|SunnyDay|[upkeep]\n|upkeep\n|turn|8\n|\n|t:|1771264829\n|move|p1a: Great Tusk|Stealth Rock|p2a: Corviknight\n|-sidestart|p2: Jackesh-7T2|move: Stealth Rock\n|move|p2a: Corviknight|Roost|p2a: Corviknight\n|-heal|p2a: Corviknight|100/100\n|-singleturn|p2a: Corviknight|move: Roost\n|\n|-weather|SunnyDay|[upkeep]\n|upkeep\n|turn|9\n|\n|t:|1771264832\n|-end|p1a: Great Tusk|Protosynthesis|[silent]\n|switch|p1a: Hatterene|Hatterene, F|12/100\n|move|p2a: Corviknight|Bulk Up|p2a: Corviknight\n|-boost|p2a: Corviknight|atk|1\n|-boost|p2a: Corviknight|def|1\n|\n|-weather|none\n|upkeep\n|turn|10\n|\n|t:|1771264836\n|move|p2a: Corviknight|Brave Bird|p1a: Hatterene\n|-damage|p1a: Hatterene|0 fnt\n|faint|p1a: Hatterene\n|-damage|p2a: Corviknight|97/100|[from] Recoil\n|\n|upkeep\n|\n|t:|1771264839\n|switch|p1a: Tornadus|Tornadus-Therian, M|100/100\n|turn|11\n|\n|t:|1771264841\n|move|p1a: Tornadus|Heat Wave|p2a: Corviknight\n|-supereffective|p2a: Corviknight\n|-damage|p2a: Corviknight|63/100\n|move|p2a: Corviknight|Defog|p1a: Tornadus\n|-unboost|p1a: Tornadus|evasion|1\n|-sideend|p2: Jackesh-7T2|Stealth Rock|[from] move: Defog|[of] p2a: Corviknight\n|\n|upkeep\n|turn|12\n|\n|t:|1771264844\n|switch|p1a: Dragonite|Dragonite, M|100/100\n|switch|p2a: Torkoal|Torkoal, F|84/100\n|-weather|SunnyDay|[from] ability: Drought|[of] p2a: Torkoal\n|\n|-weather|SunnyDay|[upkeep]\n|upkeep\n|turn|13\n|\n|t:|1771264851\n|move|p1a: Dragonite|Dragon Dance|p1a: Dragonite\n|-boost|p1a: Dragonite|atk|1\n|-boost|p1a: Dragonite|spe|1\n|move|p2a: Torkoal|Lava Plume|p1a: Dragonite\n|-resisted|p1a: Dragonite\n|-damage|p1a: Dragonite|90/100\n|\n|-weather|SunnyDay|[upkeep]\n|-heal|p1a: Dragonite|96/100|[from] item: Leftovers\n|upkeep\n|turn|14\n|\n|t:|1771264855\n|switch|p2a: Kyurem|Kyurem|100/100\n|-ability|p2a: Kyurem|Pressure\n|move|p1a: Dragonite|Earthquake|p2a: Kyurem\n|-damage|p2a: Kyurem|51/100\n|\n|-weather|SunnyDay|[upkeep]\n|-heal|p1a: Dragonite|100/100|[from] item: Leftovers\n|upkeep\n|turn|15\n|\n|t:|1771264861\n|-terastallize|p1a: Dragonite|Flying\n|move|p1a: Dragonite|Tera Blast|p2a: Kyurem|[anim] Tera Blast Flying\n|-damage|p2a: Kyurem|0 fnt\n|faint|p2a: Kyurem\n|\n|-weather|SunnyDay|[upkeep]\n|upkeep\n|\n|t:|1771264870\n|switch|p2a: Ting-Lu|Ting-Lu|100/100\n|-ability|p2a: Ting-Lu|Vessel of Ruin\n|turn|16\n|\n|t:|1771264874\n|move|p1a: Dragonite|Tera Blast|p2a: Ting-Lu|[anim] Tera Blast Flying\n|-damage|p2a: Ting-Lu|49/100\n|move|p2a: Ting-Lu|Throat Chop|p1a: Dragonite\n|-damage|p1a: Dragonite|67/100\n|-start|p1a: Dragonite|Throat Chop|[silent]\n|\n|-weather|SunnyDay|[upkeep]\n|-heal|p1a: Dragonite|73/100|[from] item: Leftovers\n|upkeep\n|turn|17\n|\n|t:|1771264877\n|move|p1a: Dragonite|Tera Blast|p2a: Ting-Lu|[anim] Tera Blast Flying\n|-damage|p2a: Ting-Lu|5/100\n|move|p2a: Ting-Lu|Throat Chop|p1a: Dragonite\n|-damage|p1a: Dragonite|5/100\n|\n|-weather|SunnyDay|[upkeep]\n|-heal|p1a: Dragonite|11/100|[from] item: Leftovers\n|-end|p1a: Dragonite|Throat Chop|[silent]\n|upkeep\n|turn|18\n|\n|t:|1771264881\n|move|p1a: Dragonite|Tera Blast|p2a: Ting-Lu|[anim] Tera Blast Flying\n|-damage|p2a: Ting-Lu|0 fnt\n|faint|p2a: Ting-Lu\n|\n|-weather|SunnyDay|[upkeep]\n|-heal|p1a: Dragonite|17/100|[from] item: Leftovers\n|upkeep\n|\n|t:|1771264882\n|switch|p2a: Corviknight|Corviknight, M|63/100\n|-ability|p2a: Corviknight|Pressure\n|turn|19\n|\n|t:|1771264891\n|move|p1a: Dragonite|Tera Blast|p2a: Corviknight|[anim] Tera Blast Flying\n|-resisted|p2a: Corviknight\n|-damage|p2a: Corviknight|27/100\n|move|p2a: Corviknight|Bulk Up|p2a: Corviknight\n|-boost|p2a: Corviknight|atk|1\n|-boost|p2a: Corviknight|def|1\n|\n|-weather|none\n|-heal|p1a: Dragonite|23/100|[from] item: Leftovers\n|upkeep\n|turn|20\n|\n|t:|1771264893\n|move|p1a: Dragonite|Encore|p2a: Corviknight\n|-start|p2a: Corviknight|Encore\n|move|p2a: Corviknight|Bulk Up|p2a: Corviknight\n|-boost|p2a: Corviknight|atk|1\n|-boost|p2a: Corviknight|def|1\n|\n|-heal|p1a: Dragonite|30/100|[from] item: Leftovers\n|upkeep\n|turn|21\n|\n|t:|1771264899\n|switch|p2a: Torkoal|Torkoal, F|84/100\n|-weather|SunnyDay|[from] ability: Drought|[of] p2a: Torkoal\n|move|p1a: Dragonite|Dragon Dance|p1a: Dragonite\n|-boost|p1a: Dragonite|atk|1\n|-boost|p1a: Dragonite|spe|1\n|\n|-weather|SunnyDay|[upkeep]\n|-heal|p1a: Dragonite|36/100|[from] item: Leftovers\n|upkeep\n|turn|22\n|\n|t:|1771264903\n|-terastallize|p2a: Torkoal|Ghost\n|move|p1a: Dragonite|Earthquake|p2a: Torkoal\n|-damage|p2a: Torkoal|33/100\n|move|p2a: Torkoal|Lava Plume|p1a: Dragonite\n|-damage|p1a: Dragonite|0 fnt\n|faint|p1a: Dragonite\n|\n|-weather|SunnyDay|[upkeep]\n|upkeep\n|\n|t:|1771264910\n|switch|p1a: Tornadus|Tornadus-Therian, M|100/100\n|turn|23\n|\n|t:|1771264924\n|switch|p2a: Raging Bolt|Raging Bolt|26/100\n|-activate|p2a: Raging Bolt|ability: Protosynthesis\n|-start|p2a: Raging Bolt|protosynthesisspa\n|move|p1a: Tornadus|Bleakwind Storm|p2a: Raging Bolt\n|-resisted|p2a: Raging Bolt\n|-damage|p2a: Raging Bolt|12/100\n|-unboost|p2a: Raging Bolt|spe|1\n|\n|-weather|SunnyDay|[upkeep]\n|upkeep\n|turn|24\n|\n|t:|1771264931\n|move|p1a: Tornadus|Knock Off|p2a: Raging Bolt\n|-damage|p2a: Raging Bolt|0 fnt\n|faint|p2a: Raging Bolt\n|-end|p2a: Raging Bolt|Protosynthesis|[silent]\n|\n|-weather|SunnyDay|[upkeep]\n|upkeep\n|\n|t:|1771264935\n|switch|p2a: Walking Wake|Walking Wake|100/100\n|-activate|p2a: Walking Wake|ability: Protosynthesis\n|-start|p2a: Walking Wake|protosynthesisspa\n|turn|25\n|\n|t:|1771264943\n|move|p2a: Walking Wake|Hydro Steam|p1a: Tornadus\n|-damage|p1a: Tornadus|48/100\n|move|p1a: Tornadus|Bleakwind Storm|p2a: Walking Wake\n|-damage|p2a: Walking Wake|52/100\n|-unboost|p2a: Walking Wake|spe|1\n|\n|-weather|SunnyDay|[upkeep]\n|upkeep\n|turn|26\n|\n|t:|1771264950\n|move|p1a: Tornadus|U-turn|p2a: Walking Wake\n|-damage|p2a: Walking Wake|36/100\n|\n|t:|1771264953\n|switch|p1a: Great Tusk|Great Tusk|100/100|[from] U-turn\n|-activate|p1a: Great Tusk|ability: Protosynthesis\n|-start|p1a: Great Tusk|protosynthesisspe\n|move|p2a: Walking Wake|Hydro Steam|p1a: Great Tusk\n|-supereffective|p1a: Great Tusk\n|-damage|p1a: Great Tusk|0 fnt\n|faint|p1a: Great Tusk\n|-end|p1a: Great Tusk|Protosynthesis|[silent]\n|\n|-weather|SunnyDay|[upkeep]\n|upkeep\n|\n|t:|1771264955\n|switch|p1a: Kingambit|Kingambit, M|100/100\n|-activate|p1a: Kingambit|ability: Supreme Overlord\n|-start|p1a: Kingambit|fallen4|[silent]\n|turn|27\n|\n|t:|1771264958\n|move|p2a: Walking Wake|Hydro Steam|p1a: Kingambit\n|-damage|p1a: Kingambit|17/100\n|move|p1a: Kingambit|Swords Dance|p1a: Kingambit\n|-boost|p1a: Kingambit|atk|2\n|\n|-weather|SunnyDay|[upkeep]\n|-heal|p1a: Kingambit|23/100|[from] item: Leftovers\n|upkeep\n|turn|28\n|\n|t:|1771264961\n|-end|p2a: Walking Wake|Protosynthesis|[silent]\n|switch|p2a: Corviknight|Corviknight, M|27/100\n|-ability|p2a: Corviknight|Pressure\n|move|p1a: Kingambit|Sucker Punch||[still]\n|-fail|p1a: Kingambit\n|\n|-weather|none\n|-heal|p1a: Kingambit|29/100|[from] item: Leftovers\n|upkeep\n|turn|29\n|\n|t:|1771264964\n|move|p2a: Corviknight|Roost|p2a: Corviknight\n|-heal|p2a: Corviknight|77/100\n|-singleturn|p2a: Corviknight|move: Roost\n|move|p1a: Kingambit|Kowtow Cleave|p2a: Corviknight\n|-damage|p2a: Corviknight|0 fnt\n|faint|p2a: Corviknight\n|\n|-heal|p1a: Kingambit|35/100|[from] item: Leftovers\n|upkeep\n|-message|Jackesh-7T2 forfeited.\n|\n|win|StudiousShade\n|raw|StudiousShade's rating: 1590 &rarr; <strong>1617</strong><br />(+27 for winning)\n|raw|Jackesh-7T2's rating: 1720 &rarr; <strong>1693</strong><br />(-27 for losing)\n|l|☆Jackesh-7T2\n|player|p2|\n|l|☆StudiousShade\n|player|p1|\n", "uploadtime": 1771265205, "views": 4, "formatid": "gen9ou", "rating": 1617, "private": 0, "password": null}