{"id": "gen9ou-2540850979", "format": "[Gen 9] OU", "players": ["dylan in the ma", "Callymacc"], "log": "|j|☆dylan in the ma\n|j|‽Callymacc\n|t:|1771260526\n|gametype|singles\n|player|p1|dylan in the ma|265|1637\n|player|p2|Callymacc|2|1613\n|gen|9\n|tier|[Gen 9] OU\n|rated|\n|rule|HP Percentage Mod: HP is shown in percentages\n|rule|Endless Battle Clause: Forcing endless battles is banned\n|rule|Species Clause: Limit one of each Pokémon\n|rule|OHKO Clause: OHKO moves are banned\n|rule|Evasion Items Clause: Evasion items are banned\n|rule|Evasion Moves Clause: Evasion moves are banned\n|rule|Evasion Abilities Clause: Evasion abilities are banned\n|rule|Sleep Moves Clause: Sleep-inducing moves are banned\n|clearpoke\n|poke|p1|Kingambit, F|\n|poke|p1|Ursaluna, F|\n|poke|p1|Alomomola, M|\n|poke|p1|Ninetales-Alola, M|\n|poke|p1|Great Tusk|\n|poke|p1|Amoonguss, M|\n|poke|p2|Dragonite, F|\n|poke|p2|Sinistcha|\n|poke|p2|Ursaluna, M|\n|poke|p2|Great Tusk|\n|poke|p2|Ogerpon-Wellspring, F|\n|poke|p2|Slowking-Galar, F|\n|teampreview\n|\n|t:|1771260538\n|teamsize|p1|6\n|teamsize|p2|6\n|start\n|switch|p1a: Ninetales|Ninetales-Alola, M|100/100\n|switch|p2a: Slowking|Slowking-Galar, F|100/100\n|-weather|Snowscape|[from] ability: Snow Warning|[of] p1a: Ninetales\n|turn|1\n|\n|t:|1771260546\n|move|p1a: Ninetales|Aurora Veil|p1a: Ninetales\n|-sidestart|p1: dylan in the ma|move: Aurora Veil\n|move|p2a: Slowking|Future Sight|p1a: Ninetales\n|-start|p2a: Slowking|move: Future Sight\n|\n|-weather|Snowscape|[upkeep]\n|upkeep\n|turn|2\n|\n|t:|1771260552\n|move|p1a: Ninetales|Encore|p2a: Slowking\n|-start|p2a: Slowking|Encore\n|move|p2a: Slowking|Future Sight||[still]\n|-fail|p2a: Slowking\n|\n|-weather|Snowscape|[upkeep]\n|upkeep\n|turn|3\n|\n|t:|1771260561\n|switch|p1a: Alomomola|Alomomola, M|100/100\n|move|p2a: Slowking|Future Sight||[still]\n|-fail|p2a: Slowking\n|\n|-weather|Snowscape|[upkeep]\n|-end|p1a: Alomomola|move: Future Sight\n|-damage|p1a: Alomomola|85/100\n|upkeep\n|turn|4\n|\n|t:|1771260570\n|switch|p2a: Sinistcha|Sinistcha|100/100\n|move|p1a: Alomomola|Flip Turn|p2a: Sinistcha\n|-resisted|p2a: Sinistcha\n|-damage|p2a: Sinistcha|95/100\n|\n|t:|1771260578\n|switch|p1a: Ursaluna|Ursaluna, F|100/100|[from] Flip Turn\n|\n|-weather|Snowscape|[upkeep]\n|-status|p1a: Ursaluna|brn|[from] item: Flame Orb\n|upkeep\n|turn|5\n|\n|t:|1771260585\n|move|p2a: Sinistcha|Strength Sap|p1a: Ursaluna\n|-unboost|p1a: Ursaluna|atk|1\n|-heal|p2a: Sinistcha|100/100\n|move|p1a: Ursaluna|Swords Dance|p1a: Ursaluna\n|-boost|p1a: Ursaluna|atk|2\n|\n|-weather|none\n|-damage|p1a: Ursaluna|94/100 brn|[from] brn\n|upkeep\n|turn|6\n|\n|t:|1771260595\n|move|p2a: Sinistcha|Calm Mind|p2a: Sinistcha\n|-boost|p2a: Sinistcha|spa|1\n|-boost|p2a: Sinistcha|spd|1\n|move|p1a: Ursaluna|Swords Dance|p1a: Ursaluna\n|-boost|p1a: Ursaluna|atk|2\n|\n|-damage|p1a: Ursaluna|88/100 brn|[from] brn\n|upkeep\n|turn|7\n|\n|t:|1771260604\n|move|p2a: Sinistcha|Matcha Gotcha|p1a: Ursaluna\n|-supereffective|p1a: Ursaluna\n|-damage|p1a: Ursaluna|39/100 brn\n|move|p1a: Ursaluna|Fire Punch|p2a: Sinistcha\n|-supereffective|p2a: Sinistcha\n|-damage|p2a: Sinistcha|21/100\n|\n|-damage|p1a: Ursaluna|33/100 brn|[from] brn\n|upkeep\n|turn|8\n|\n|t:|1771260618\n|-terastallize|p1a: Ursaluna|Dragon\n|move|p2a: Sinistcha|Strength Sap|p1a: Ursaluna\n|-unboost|p1a: Ursaluna|atk|1\n|-heal|p2a: Sinistcha|100/100\n|move|p1a: Ursaluna|Fire Punch|p2a: Sinistcha\n|-supereffective|p2a: Sinistcha\n|-damage|p2a: Sinistcha|32/100\n|\n|-damage|p1a: Ursaluna|27/100 brn|[from] brn\n|-sideend|p1: dylan in the ma|move: Aurora Veil\n|upkeep\n|turn|9\n|\n|t:|1771260635\n|switch|p1a: Ninetales|Ninetales-Alola, M|100/100\n|-weather|Snowscape|[from] ability: Snow Warning|[of] p1a: Ninetales\n|move|p2a: Sinistcha|Strength Sap|p1a: Ninetales\n|-unboost|p1a: Ninetales|atk|1\n|-heal|p2a: Sinistcha|68/100\n|\n|-weather|Snowscape|[upkeep]\n|upkeep\n|turn|10\n|\n|t:|1771260645\n|switch|p2a: Slowking|Slowking-Galar, F|100/100\n|move|p1a: Ninetales|Encore||[still]\n|-fail|p1a: Ninetales\n|\n|-weather|Snowscape|[upkeep]\n|upkeep\n|turn|11\n|\n|t:|1771260657\n|move|p1a: Ninetales|Aurora Veil|p1a: Ninetales\n|-sidestart|p1: dylan in the ma|move: Aurora Veil\n|move|p2a: Slowking|Sludge Bomb|p1a: Ninetales\n|-supereffective|p1a: Ninetales\n|-damage|p1a: Ninetales|62/100\n|\n|-weather|Snowscape|[upkeep]\n|upkeep\n|turn|12\n|\n|t:|1771260669\n|switch|p1a: Alomomola|Alomomola, M|100/100\n|-prepare|p2a: Slowking|Chilly Reception|[premajor]\n|move|p2a: Slowking|Chilly Reception|p2a: Slowking\n|\n|t:|1771260673\n|switch|p2a: Ogerpon|Ogerpon-Wellspring, F|100/100|[from] Chilly Reception\n|\n|-weather|Snowscape|[upkeep]\n|upkeep\n|turn|13\n|\n|t:|1771260684\n|move|p2a: Ogerpon|Swords Dance|p2a: Ogerpon\n|-boost|p2a: Ogerpon|atk|2\n|move|p1a: Alomomola|Wish|p1a: Alomomola\n|\n|-weather|none\n|upkeep\n|turn|14\n|\n|t:|1771260695\n|switch|p1a: Ursaluna|Ursaluna, F, tera:Dragon|27/100 brn\n|move|p2a: Ogerpon|Ivy Cudgel|p1a: Ursaluna|[anim] Ivy Cudgel Water\n|-resisted|p1a: Ursaluna\n|-crit|p1a: Ursaluna\n|-damage|p1a: Ursaluna|0 fnt\n|faint|p1a: Ursaluna\n|\n|upkeep\n|c|☆dylan in the ma|Nice crit\n|\n|t:|1771260722\n|switch|p1a: Amoonguss|Amoonguss, M|100/100\n|turn|15\n|\n|t:|1771260740\n|switch|p2a: Slowking|Slowking-Galar, F|100/100\n|move|p1a: Amoonguss|Foul Play|p2a: Slowking\n|-supereffective|p2a: Slowking\n|-damage|p2a: Slowking|68/100\n|\n|upkeep\n|turn|16\n|\n|t:|1771260748\n|switch|p1a: Great Tusk|Great Tusk|100/100\n|-prepare|p2a: Slowking|Chilly Reception|[premajor]\n|move|p2a: Slowking|Chilly Reception|p2a: Slowking\n|-weather|Snowscape\n|\n|t:|1771260752\n|switch|p2a: Sinistcha|Sinistcha|68/100|[from] Chilly Reception\n|\n|-weather|Snowscape|[upkeep]\n|upkeep\n|turn|17\n|\n|t:|1771260762\n|move|p1a: Great Tusk|Stealth Rock|p2a: Sinistcha\n|-sidestart|p2: Callymacc|move: Stealth Rock\n|move|p2a: Sinistcha|Strength Sap|p1a: Great Tusk\n|-unboost|p1a: Great Tusk|atk|1\n|-heal|p2a: Sinistcha|100/100\n|\n|-weather|Snowscape|[upkeep]\n|upkeep\n|turn|18\n|\n|t:|1771260781\n|-end|p1a: Great Tusk|Protosynthesis|[silent]\n|switch|p1a: Ninetales|Ninetales-Alola, M|62/100\n|move|p2a: Sinistcha|Shadow Ball|p1a: Ninetales\n|-damage|p1a: Ninetales|42/100\n|\n|-weather|Snowscape|[upkeep]\n|-sideend|p1: dylan in the ma|move: Aurora Veil\n|upkeep\n|turn|19\n|\n|t:|1771260789\n|switch|p2a: Slowking|Slowking-Galar, F|100/100\n|move|p1a: Ninetales|Aurora Veil|p1a: Ninetales\n|-sidestart|p1: dylan in the ma|move: Aurora Veil\n|\n|-weather|Snowscape|[upkeep]\n|upkeep\n|turn|20\n|\n|t:|1771260797\n|switch|p1a: Kingambit|Kingambit, F|100/100\n|-activate|p1a: Kingambit|ability: Supreme Overlord\n|-start|p1a: Kingambit|fallen1|[silent]\n|-prepare|p2a: Slowking|Chilly Reception|[premajor]\n|move|p2a: Slowking|Chilly Reception|p2a: Slowking\n|\n|t:|1771260799\n|switch|p2a: Great Tusk|Great Tusk|100/100|[from] Chilly Reception\n|-damage|p2a: Great Tusk|98/100|[from] Stealth Rock\n|\n|-weather|none\n|upkeep\n|turn|21\n|\n|t:|1771260810\n|move|p2a: Great Tusk|Stealth Rock|p1a: Kingambit\n|-sidestart|p1: dylan in the ma|move: Stealth Rock\n|move|p1a: Kingambit|Iron Head|p2a: Great Tusk\n|-damage|p2a: Great Tusk|58/100\n|-damage|p1a: Kingambit|84/100|[from] item: Rocky Helmet|[of] p2a: Great Tusk\n|\n|-heal|p1a: Kingambit|90/100|[from] item: Leftovers\n|upkeep\n|turn|22\n|\n|t:|1771260819\n|move|p2a: Great Tusk|Headlong Rush|p1a: Kingambit\n|-supereffective|p1a: Kingambit\n|-damage|p1a: Kingambit|41/100\n|-unboost|p2a: Great Tusk|def|1\n|-unboost|p2a: Great Tusk|spd|1\n|move|p1a: Kingambit|Iron Head|p2a: Great Tusk\n|-damage|p2a: Great Tusk|1/100\n|-damage|p1a: Kingambit|24/100|[from] item: Rocky Helmet|[of] p2a: Great Tusk\n|\n|-heal|p1a: Kingambit|30/100|[from] item: Leftovers\n|upkeep\n|turn|23\n|\n|t:|1771260833\n|move|p1a: Kingambit|Sucker Punch|p2a: Great Tusk\n|-resisted|p2a: Great Tusk\n|-damage|p2a: Great Tusk|0 fnt\n|-damage|p1a: Kingambit|14/100|[from] item: Rocky Helmet|[of] p2a: Great Tusk\n|faint|p2a: Great Tusk\n|-end|p2a: Great Tusk|Protosynthesis|[silent]\n|\n|-heal|p1a: Kingambit|20/100|[from] item: Leftovers\n|upkeep\n|\n|t:|1771260838\n|switch|p2a: Ogerpon|Ogerpon-Wellspring, F|100/100\n|-damage|p2a: Ogerpon|88/100|[from] Stealth Rock\n|turn|24\n|\n|t:|1771260845\n|-end|p1a: Kingambit|fallen1|[silent]\n|switch|p1a: Amoonguss|Amoonguss, M|100/100\n|-damage|p1a: Amoonguss|88/100|[from] Stealth Rock\n|move|p2a: Ogerpon|Encore||[still]\n|-fail|p2a: Ogerpon\n|\n|upkeep\n|turn|25\n|\n|t:|1771260856\n|switch|p2a: Slowking|Slowking-Galar, F|100/100\n|move|p1a: Amoonguss|Foul Play|p2a: Slowking\n|-supereffective|p2a: Slowking\n|-damage|p2a: Slowking|70/100\n|\n|upkeep\n|turn|26\n|\n|t:|1771260864\n|move|p1a: Amoonguss|Foul Play|p2a: Slowking\n|-supereffective|p2a: Slowking\n|-damage|p2a: Slowking|40/100\n|-prepare|p2a: Slowking|Chilly Reception|[premajor]\n|move|p2a: Slowking|Chilly Reception|p2a: Slowking\n|-weather|Snowscape\n|\n|t:|1771260868\n|switch|p2a: Ursaluna|Ursaluna, M|100/100|[from] Chilly Reception\n|-damage|p2a: Ursaluna|94/100|[from] Stealth Rock\n|\n|-weather|Snowscape|[upkeep]\n|-sideend|p1: dylan in the ma|move: Aurora Veil\n|-status|p2a: Ursaluna|brn|[from] item: Flame Orb\n|upkeep\n|turn|27\n|\n|t:|1771260884\n|switch|p1a: Great Tusk|Great Tusk|100/100\n|move|p2a: Ursaluna|Facade|p1a: Great Tusk\n|-damage|p1a: Great Tusk|15/100\n|\n|-weather|Snowscape|[upkeep]\n|-damage|p2a: Ursaluna|88/100 brn|[from] brn\n|upkeep\n|turn|28\n|\n|t:|1771260894\n|switch|p2a: Sinistcha|Sinistcha|100/100\n|move|p1a: Great Tusk|Ice Spinner|p2a: Sinistcha\n|-supereffective|p2a: Sinistcha\n|-damage|p2a: Sinistcha|58/100\n|\n|-weather|Snowscape|[upkeep]\n|upkeep\n|turn|29\n|\n|t:|1771260904\n|-end|p1a: Great Tusk|Protosynthesis|[silent]\n|switch|p1a: Ninetales|Ninetales-Alola, M|42/100\n|-damage|p1a: Ninetales|17/100|[from] Stealth Rock\n|move|p2a: Sinistcha|Strength Sap|p1a: Ninetales\n|-unboost|p1a: Ninetales|atk|1\n|-heal|p2a: Sinistcha|94/100\n|\n|-weather|Snowscape|[upkeep]\n|upkeep\n|turn|30\n|\n|t:|1771260914\n|switch|p2a: Slowking|Slowking-Galar, F|73/100\n|move|p1a: Ninetales|Aurora Veil|p1a: Ninetales\n|-sidestart|p1: dylan in the ma|move: Aurora Veil\n|\n|-weather|none\n|upkeep\n|turn|31\n|inactive|Battle timer is ON: inactive players will automatically lose when time's up. (requested by Callymacc)\n|\n|t:|1771260943\n|move|p1a: Ninetales|Freeze-Dry|p2a: Slowking\n|-damage|p2a: Slowking|56/100\n|move|p2a: Slowking|Future Sight|p1a: Ninetales\n|-start|p2a: Slowking|move: Future Sight\n|\n|upkeep\n|turn|32\n|\n|t:|1771260953\n|move|p1a: Ninetales|Encore|p2a: Slowking\n|-start|p2a: Slowking|Encore\n|move|p2a: Slowking|Future Sight||[still]\n|-fail|p2a: Slowking\n|\n|upkeep\n|turn|33\n|\n|t:|1771260962\n|move|p1a: Ninetales|Freeze-Dry|p2a: Slowking\n|-damage|p2a: Slowking|41/100\n|move|p2a: Slowking|Future Sight||[still]\n|-fail|p2a: Slowking\n|\n|-end|p1a: Ninetales|move: Future Sight\n|-damage|p1a: Ninetales|0 fnt\n|faint|p1a: Ninetales\n|upkeep\n|\n|t:|1771260982\n|switch|p1a: Kingambit|Kingambit, F|20/100\n|-damage|p1a: Kingambit|14/100|[from] Stealth Rock\n|-activate|p1a: Kingambit|ability: Supreme Overlord\n|-start|p1a: Kingambit|fallen2|[silent]\n|turn|34\n|\n|t:|1771260989\n|move|p1a: Kingambit|Kowtow Cleave|p2a: Slowking\n|-supereffective|p2a: Slowking\n|-damage|p2a: Slowking|0 fnt\n|faint|p2a: Slowking\n|\n|-heal|p1a: Kingambit|20/100|[from] item: Leftovers\n|upkeep\n|\n|t:|1771260996\n|switch|p2a: Ogerpon|Ogerpon-Wellspring, F|88/100\n|-damage|p2a: Ogerpon|76/100|[from] Stealth Rock\n|turn|35\n|\n|t:|1771261004\n|switch|p2a: Sinistcha|Sinistcha|94/100\n|move|p1a: Kingambit|Kowtow Cleave|p2a: Sinistcha\n|-supereffective|p2a: Sinistcha\n|-damage|p2a: Sinistcha|3/100\n|\n|-heal|p1a: Kingambit|26/100|[from] item: Leftovers\n|upkeep\n|turn|36\n|\n|t:|1771261015\n|move|p2a: Sinistcha|Strength Sap|p1a: Kingambit\n|-unboost|p1a: Kingambit|atk|1\n|-heal|p2a: Sinistcha|100/100\n|move|p1a: Kingambit|Swords Dance|p1a: Kingambit\n|-boost|p1a: Kingambit|atk|2\n|\n|-heal|p1a: Kingambit|32/100|[from] item: Leftovers\n|upkeep\n|turn|37\n|\n|t:|1771261026\n|-terastallize|p2a: Sinistcha|Poison\n|move|p2a: Sinistcha|Calm Mind|p2a: Sinistcha\n|-boost|p2a: Sinistcha|spa|1\n|-boost|p2a: Sinistcha|spd|1\n|move|p1a: Kingambit|Kowtow Cleave|p2a: Sinistcha\n|-damage|p2a: Sinistcha|35/100\n|\n|-heal|p1a: Kingambit|38/100|[from] item: Leftovers\n|-sideend|p1: dylan in the ma|move: Aurora Veil\n|upkeep\n|turn|38\n|\n|t:|1771261039\n|move|p2a: Sinistcha|Strength Sap|p1a: Kingambit\n|-unboost|p1a: Kingambit|atk|1\n|-heal|p2a: Sinistcha|100/100\n|move|p1a: Kingambit|Swords Dance|p1a: Kingambit\n|-boost|p1a: Kingambit|atk|2\n|\n|-heal|p1a: Kingambit|45/100|[from] item: Leftovers\n|upkeep\n|turn|39\n|\n|t:|1771261049\n|move|p2a: Sinistcha|Matcha Gotcha|p1a: Kingambit\n|-resisted|p1a: Kingambit\n|-damage|p1a: Kingambit|22/100\n|move|p1a: Kingambit|Kowtow Cleave|p2a: Sinistcha\n|-damage|p2a: Sinistcha|10/100\n|\n|-heal|p1a: Kingambit|28/100|[from] item: Leftovers\n|upkeep\n|turn|40\n|\n|t:|1771261070\n|switch|p2a: Ogerpon|Ogerpon-Wellspring, F|76/100\n|-damage|p2a: Ogerpon|64/100|[from] Stealth Rock\n|move|p1a: Kingambit|Kowtow Cleave|p2a: Ogerpon\n|-damage|p2a: Ogerpon|0 fnt\n|faint|p2a: Ogerpon\n|\n|-heal|p1a: Kingambit|34/100|[from] item: Leftovers\n|upkeep\n|\n|t:|1771261075\n|switch|p2a: Dragonite|Dragonite, F|100/100\n|turn|41\n|\n|t:|1771261086\n|move|p2a: Dragonite|Earthquake|p1a: Kingambit\n|-supereffective|p1a: Kingambit\n|-damage|p1a: Kingambit|0 fnt\n|faint|p1a: Kingambit\n|-end|p1a: Kingambit|fallen2|[silent]\n|\n|upkeep\n|inactive|dylan in the ma has 120 seconds left.\n|\n|t:|1771261107\n|switch|p1a: Amoonguss|Amoonguss, M|100/100\n|-damage|p1a: Amoonguss|88/100|[from] Stealth Rock\n|turn|42\n|\n|t:|1771261119\n|move|p2a: Dragonite|Dragon Dance|p2a: Dragonite\n|-boost|p2a: Dragonite|atk|1\n|-boost|p2a: Dragonite|spe|1\n|move|p1a: Amoonguss|Foul Play|p2a: Dragonite\n|-damage|p2a: Dragonite|70/100\n|\n|upkeep\n|turn|43\n|\n|t:|1771261128\n|move|p2a: Dragonite|Earthquake|p1a: Amoonguss\n|-damage|p1a: Amoonguss|45/100\n|move|p1a: Amoonguss|Foul Play|p2a: Dragonite\n|-damage|p2a: Dragonite|8/100\n|\n|upkeep\n|turn|44\n|\n|t:|1771261135\n|move|p2a: Dragonite|Earthquake|p1a: Amoonguss\n|-damage|p1a: Amoonguss|4/100\n|move|p1a: Amoonguss|Foul Play|p2a: Dragonite\n|-damage|p2a: Dragonite|0 fnt\n|faint|p2a: Dragonite\n|\n|upkeep\n|\n|t:|1771261144\n|switch|p2a: Ursaluna|Ursaluna, M|88/100 brn\n|-damage|p2a: Ursaluna|82/100 brn|[from] Stealth Rock\n|turn|45\n|\n|t:|1771261149\n|move|p2a: Ursaluna|Facade|p1a: Amoonguss\n|-damage|p1a: Amoonguss|0 fnt\n|-damage|p2a: Ursaluna|65/100 brn|[from] item: Rocky Helmet|[of] p1a: Amoonguss\n|faint|p1a: Amoonguss\n|\n|-damage|p2a: Ursaluna|59/100 brn|[from] brn\n|upkeep\n|\n|t:|1771261157\n|switch|p1a: Alomomola|Alomomola, M|100/100\n|-damage|p1a: Alomomola|88/100|[from] Stealth Rock\n|turn|46\n|\n|t:|1771261167\n|move|p1a: Alomomola|Protect|p1a: Alomomola\n|-singleturn|p1a: Alomomola|Protect\n|move|p2a: Ursaluna|Facade|p1a: Alomomola\n|-activate|p1a: Alomomola|move: Protect\n|\n|-damage|p2a: Ursaluna|53/100 brn|[from] brn\n|upkeep\n|turn|47\n|\n|t:|1771261183\n|switch|p2a: Sinistcha|Sinistcha, tera:Poison|10/100\n|move|p1a: Alomomola|Flip Turn|p2a: Sinistcha\n|-crit|p2a: Sinistcha\n|-damage|p2a: Sinistcha|0 fnt\n|faint|p2a: Sinistcha\n|-message|Callymacc forfeited.\n|\n|win|dylan in the ma\n|raw|dylan in the ma's rating: 1637 &rarr; <strong>1656</strong><br />(+19 for winning)\n|raw|Callymacc's rating: 1613 &rarr; <strong>1594</strong><br />(-19 for losing)\n|l|‽Callymacc\n|player|p2|\n|c|☆dylan in the ma|Gg\n", "uploadtime": 1771261212, "views": 13, "formatid": "gen9ou", "rating": 1594, "private": 0, "password": null}