{"id": "gen9ou-2540692055", "format": "[Gen 9] OU", "players": ["dimitry5000", "bobbyfelipe"], "log": "|j|☆dimitry5000\n|j|☆bobbyfelipe\n|t:|1771241118\n|gametype|singles\n|player|p1|dimitry5000|102|1796\n|player|p2|bobbyfelipe|chase|1781\n|gen|9\n|tier|[Gen 9] OU\n|rated|\n|rule|HP Percentage Mod: HP is shown in percentages\n|rule|Endless Battle Clause: Forcing endless battles is banned\n|rule|Species Clause: Limit one of each Pokémon\n|rule|OHKO Clause: OHKO moves are banned\n|rule|Evasion Items Clause: Evasion items are banned\n|rule|Evasion Moves Clause: Evasion moves are banned\n|rule|Evasion Abilities Clause: Evasion abilities are banned\n|rule|Sleep Moves Clause: Sleep-inducing moves are banned\n|clearpoke\n|poke|p1|Alomomola, F|\n|poke|p1|Dondozo, M|\n|poke|p1|Slowking-Galar, M|\n|poke|p1|Gliscor, F|\n|poke|p1|Blissey, F|\n|poke|p1|Corviknight, M|\n|poke|p2|Enamorus, F|\n|poke|p2|Dragapult, M|\n|poke|p2|Iron Valiant|\n|poke|p2|Gholdengo|\n|poke|p2|Iron Treads|\n|poke|p2|Kingambit, M|\n|teampreview\n|inactive|Battle timer is ON: inactive players will automatically lose when time's up. (requested by dimitry5000)\n|\n|t:|1771241128\n|teamsize|p1|6\n|teamsize|p2|6\n|start\n|switch|p1a: Gliscor|Gliscor, F|100/100\n|switch|p2a: Dragapult|Dragapult, M|100/100\n|turn|1\n|\n|t:|1771241133\n|move|p1a: Gliscor|Protect|p1a: Gliscor\n|-singleturn|p1a: Gliscor|Protect\n|move|p2a: Dragapult|Substitute|p2a: Dragapult\n|-start|p2a: Dragapult|Substitute\n|-damage|p2a: Dragapult|76/100\n|\n|-status|p1a: Gliscor|tox|[from] item: Toxic Orb\n|upkeep\n|turn|2\n|\n|t:|1771241136\n|move|p2a: Dragapult|Shadow Ball|p1a: Gliscor\n|-crit|p1a: Gliscor\n|-damage|p1a: Gliscor|45/100 tox\n|-damage|p2a: Dragapult|66/100|[from] item: Life Orb\n|move|p1a: Gliscor|Knock Off|p2a: Dragapult\n|-supereffective|p2a: Dragapult\n|-end|p2a: Dragapult|Substitute\n|\n|-heal|p1a: Gliscor|58/100 tox|[from] ability: Poison Heal\n|upkeep\n|turn|3\n|\n|t:|1771241144\n|move|p1a: Gliscor|Protect|p1a: Gliscor\n|-singleturn|p1a: Gliscor|Protect\n|move|p2a: Dragapult|Shadow Ball|p1a: Gliscor\n|-activate|p1a: Gliscor|move: Protect\n|\n|-heal|p1a: Gliscor|70/100 tox|[from] ability: Poison Heal\n|upkeep\n|turn|4\n|\n|t:|1771241147\n|move|p2a: Dragapult|Substitute|p2a: Dragapult\n|-start|p2a: Dragapult|Substitute\n|-damage|p2a: Dragapult|41/100\n|move|p1a: Gliscor|Knock Off|p2a: Dragapult\n|-supereffective|p2a: Dragapult\n|-end|p2a: Dragapult|Substitute\n|\n|-heal|p1a: Gliscor|83/100 tox|[from] ability: Poison Heal\n|upkeep\n|turn|5\n|\n|t:|1771241150\n|switch|p2a: Iron Treads|Iron Treads|100/100\n|-enditem|p2a: Iron Treads|Booster Energy\n|-activate|p2a: Iron Treads|ability: Quark Drive|[fromitem]\n|-start|p2a: Iron Treads|quarkdrivespe\n|move|p1a: Gliscor|Knock Off|p2a: Iron Treads\n|-damage|p2a: Iron Treads|89/100\n|\n|-heal|p1a: Gliscor|95/100 tox|[from] ability: Poison Heal\n|upkeep\n|turn|6\n|\n|t:|1771241161\n|move|p2a: Iron Treads|Stealth Rock|p1a: Gliscor\n|-sidestart|p1: dimitry5000|move: Stealth Rock\n|move|p1a: Gliscor|Stealth Rock|p2a: Iron Treads\n|-sidestart|p2: bobbyfelipe|move: Stealth Rock\n|\n|-heal|p1a: Gliscor|100/100 tox|[from] ability: Poison Heal\n|upkeep\n|turn|7\n|\n|t:|1771241164\n|move|p2a: Iron Treads|Rapid Spin|p1a: Gliscor\n|-damage|p1a: Gliscor|91/100 tox\n|-boost|p2a: Iron Treads|spe|1\n|-sideend|p2: bobbyfelipe|Stealth Rock|[from] move: Rapid Spin|[of] p2a: Iron Treads\n|move|p1a: Gliscor|Knock Off|p2a: Iron Treads\n|-damage|p2a: Iron Treads|78/100\n|\n|-heal|p1a: Gliscor|100/100 tox|[from] ability: Poison Heal\n|upkeep\n|turn|8\n|\n|t:|1771241168\n|move|p2a: Iron Treads|Knock Off|p1a: Gliscor\n|-damage|p1a: Gliscor|81/100 tox\n|-enditem|p1a: Gliscor|Toxic Orb|[from] move: Knock Off|[of] p2a: Iron Treads\n|move|p1a: Gliscor|Stealth Rock|p2a: Iron Treads\n|-sidestart|p2: bobbyfelipe|move: Stealth Rock\n|\n|-heal|p1a: Gliscor|94/100 tox|[from] ability: Poison Heal\n|upkeep\n|turn|9\n|\n|t:|1771241171\n|move|p1a: Gliscor|Protect|p1a: Gliscor\n|-singleturn|p1a: Gliscor|Protect\n|move|p2a: Iron Treads|Rapid Spin|p1a: Gliscor\n|-activate|p1a: Gliscor|move: Protect\n|\n|-heal|p1a: Gliscor|100/100 tox|[from] ability: Poison Heal\n|upkeep\n|turn|10\n|\n|t:|1771241174\n|move|p2a: Iron Treads|Rapid Spin|p1a: Gliscor\n|-damage|p1a: Gliscor|90/100 tox\n|-boost|p2a: Iron Treads|spe|1\n|-sideend|p2: bobbyfelipe|Stealth Rock|[from] move: Rapid Spin|[of] p2a: Iron Treads\n|move|p1a: Gliscor|Stealth Rock|p2a: Iron Treads\n|-sidestart|p2: bobbyfelipe|move: Stealth Rock\n|\n|-heal|p1a: Gliscor|100/100 tox|[from] ability: Poison Heal\n|upkeep\n|turn|11\n|\n|t:|1771241176\n|move|p2a: Iron Treads|Rapid Spin|p1a: Gliscor\n|-damage|p1a: Gliscor|91/100 tox\n|-boost|p2a: Iron Treads|spe|1\n|-sideend|p2: bobbyfelipe|Stealth Rock|[from] move: Rapid Spin|[of] p2a: Iron Treads\n|move|p1a: Gliscor|Knock Off|p2a: Iron Treads\n|-damage|p2a: Iron Treads|67/100\n|\n|-heal|p1a: Gliscor|100/100 tox|[from] ability: Poison Heal\n|upkeep\n|turn|12\n|\n|t:|1771241181\n|-end|p2a: Iron Treads|Quark Drive|[silent]\n|switch|p2a: Enamorus|Enamorus, F|100/100\n|move|p1a: Gliscor|Stealth Rock|p2a: Enamorus\n|-sidestart|p2: bobbyfelipe|move: Stealth Rock\n|\n|upkeep\n|turn|13\n|\n|t:|1771241183\n|move|p2a: Enamorus|Substitute|p2a: Enamorus\n|-start|p2a: Enamorus|Substitute\n|-damage|p2a: Enamorus|76/100\n|move|p1a: Gliscor|Toxic||[still]\n|-fail|p1a: Gliscor\n|\n|-heal|p2a: Enamorus|82/100|[from] item: Leftovers\n|upkeep\n|turn|14\n|\n|t:|1771241186\n|switch|p1a: Slowking|Slowking-Galar, M|100/100\n|move|p2a: Enamorus|Calm Mind|p2a: Enamorus\n|-boost|p2a: Enamorus|spa|1\n|-boost|p2a: Enamorus|spd|1\n|\n|-heal|p2a: Enamorus|88/100|[from] item: Leftovers\n|upkeep\n|turn|15\n|\n|t:|1771241190\n|move|p2a: Enamorus|Earth Power|p1a: Slowking\n|-supereffective|p1a: Slowking\n|-damage|p1a: Slowking|40/100\n|move|p1a: Slowking|Sludge Bomb|p2a: Enamorus\n|-supereffective|p2a: Enamorus\n|-end|p2a: Enamorus|Substitute\n|\n|-heal|p2a: Enamorus|94/100|[from] item: Leftovers\n|upkeep\n|turn|16\n|\n|t:|1771241197\n|switch|p2a: Iron Treads|Iron Treads|67/100\n|-damage|p2a: Iron Treads|64/100|[from] Stealth Rock\n|switch|p1a: Blissey|Blissey, F|100/100\n|\n|upkeep\n|turn|17\n|\n|t:|1771241201\n|switch|p1a: Alomomola|Alomomola, F|100/100\n|-damage|p1a: Alomomola|88/100|[from] Stealth Rock\n|move|p2a: Iron Treads|Rapid Spin|p1a: Alomomola\n|-damage|p1a: Alomomola|81/100\n|-boost|p2a: Iron Treads|spe|1\n|-damage|p2a: Iron Treads|47/100|[from] item: Rocky Helmet|[of] p1a: Alomomola\n|-sideend|p2: bobbyfelipe|Stealth Rock|[from] move: Rapid Spin|[of] p2a: Iron Treads\n|\n|upkeep\n|turn|18\n|\n|t:|1771241203\n|move|p2a: Iron Treads|Knock Off|p1a: Alomomola\n|-damage|p1a: Alomomola|65/100\n|-damage|p2a: Iron Treads|30/100|[from] item: Rocky Helmet|[of] p1a: Alomomola\n|-enditem|p1a: Alomomola|Rocky Helmet|[from] move: Knock Off|[of] p2a: Iron Treads\n|move|p1a: Alomomola|Flip Turn|p2a: Iron Treads\n|-supereffective|p2a: Iron Treads\n|-damage|p2a: Iron Treads|5/100\n|\n|t:|1771241206\n|switch|p1a: Gliscor|Gliscor, F|100/100 tox|[from] Flip Turn\n|-damage|p1a: Gliscor|88/100 tox|[from] Stealth Rock\n|\n|-heal|p1a: Gliscor|100/100 tox|[from] ability: Poison Heal\n|upkeep\n|turn|19\n|\n|t:|1771241208\n|-end|p2a: Iron Treads|Quark Drive|[silent]\n|switch|p2a: Enamorus|Enamorus, F|94/100\n|move|p1a: Gliscor|Stealth Rock|p2a: Enamorus\n|-sidestart|p2: bobbyfelipe|move: Stealth Rock\n|\n|-heal|p2a: Enamorus|100/100|[from] item: Leftovers\n|upkeep\n|turn|20\n|\n|t:|1771241211\n|switch|p2a: Iron Treads|Iron Treads|5/100\n|-damage|p2a: Iron Treads|2/100|[from] Stealth Rock\n|switch|p1a: Blissey|Blissey, F|100/100\n|\n|upkeep\n|turn|21\n|\n|t:|1771241214\n|switch|p1a: Alomomola|Alomomola, F|98/100\n|-damage|p1a: Alomomola|86/100|[from] Stealth Rock\n|move|p2a: Iron Treads|Rapid Spin|p1a: Alomomola\n|-damage|p1a: Alomomola|79/100\n|-boost|p2a: Iron Treads|spe|1\n|-sideend|p2: bobbyfelipe|Stealth Rock|[from] move: Rapid Spin|[of] p2a: Iron Treads\n|\n|upkeep\n|turn|22\n|\n|t:|1771241219\n|-end|p2a: Iron Treads|Quark Drive|[silent]\n|switch|p2a: Enamorus|Enamorus, F|100/100\n|move|p1a: Alomomola|Flip Turn|p2a: Enamorus\n|-damage|p2a: Enamorus|76/100\n|\n|t:|1771241222\n|switch|p1a: Slowking|Slowking-Galar, M|73/100|[from] Flip Turn\n|\n|-heal|p2a: Enamorus|83/100|[from] item: Leftovers\n|upkeep\n|turn|23\n|\n|t:|1771241230\n|switch|p2a: Gholdengo|Gholdengo|100/100\n|-item|p2a: Gholdengo|Air Balloon\n|move|p1a: Slowking|Sludge Bomb|p2a: Gholdengo\n|-immune|p2a: Gholdengo\n|\n|upkeep\n|turn|24\n|\n|t:|1771241234\n|switch|p1a: Blissey|Blissey, F|100/100\n|move|p2a: Gholdengo|Nasty Plot|p2a: Gholdengo\n|-boost|p2a: Gholdengo|spa|2\n|\n|upkeep\n|turn|25\n|\n|t:|1771241237\n|move|p2a: Gholdengo|Nasty Plot|p2a: Gholdengo\n|-boost|p2a: Gholdengo|spa|2\n|move|p1a: Blissey|Calm Mind|p1a: Blissey\n|-boost|p1a: Blissey|spa|1\n|-boost|p1a: Blissey|spd|1\n|\n|upkeep\n|turn|26\n|\n|t:|1771241238\n|move|p2a: Gholdengo|Nasty Plot|p2a: Gholdengo\n|-boost|p2a: Gholdengo|spa|2\n|move|p1a: Blissey|Calm Mind|p1a: Blissey\n|-boost|p1a: Blissey|spa|1\n|-boost|p1a: Blissey|spd|1\n|\n|upkeep\n|turn|27\n|\n|t:|1771241240\n|move|p2a: Gholdengo|Psyshock|p1a: Blissey\n|-damage|p1a: Blissey|0 fnt\n|faint|p1a: Blissey\n|\n|upkeep\n|\n|t:|1771241243\n|switch|p1a: Dondozo|Dondozo, M|100/100\n|-damage|p1a: Dondozo|88/100|[from] Stealth Rock\n|turn|28\n|\n|t:|1771241248\n|move|p2a: Gholdengo|Shadow Ball|p1a: Dondozo\n|-damage|p1a: Dondozo|45/100\n|-unboost|p1a: Dondozo|spd|1\n|move|p1a: Dondozo|Waterfall|p2a: Gholdengo\n|-damage|p2a: Gholdengo|67/100\n|-enditem|p2a: Gholdengo|Air Balloon\n|\n|-heal|p1a: Dondozo|51/100|[from] item: Leftovers\n|upkeep\n|turn|29\n|-message|dimitry5000 forfeited.\n|\n|win|bobbyfelipe\n|raw|dimitry5000's rating: 1796 &rarr; <strong>1775</strong><br />(-21 for losing)\n|raw|bobbyfelipe's rating: 1781 &rarr; <strong>1802</strong><br />(+21 for winning)\n|l|☆dimitry5000\n|player|p1|\n|l|☆bobbyfelipe\n|player|p2|\n", "uploadtime": 1771241397, "views": 17, "formatid": "gen9ou", "rating": 1775, "private": 0, "password": null}