{"id": "gen9ou-2639227704", "format": "[Gen 9] OU", "players": ["Kanto's Finest", "flylover42"], "log": "|j|☆Kanto's Finest\n|j|☆flylover42\n|t:|1782437182\n|gametype|singles\n|player|p1|Kanto's Finest|red-masters|1261\n|player|p2|flylover42|lady|1398\n|gen|9\n|tier|[Gen 9] OU\n|rated|\n|rule|HP Percentage Mod: HP is shown in percentages\n|rule|Endless Battle Clause: Forcing endless battles is banned\n|rule|Species Clause: Limit one of each Pokémon\n|rule|OHKO Clause: OHKO moves are banned\n|rule|Evasion Items Clause: Evasion items are banned\n|rule|Evasion Moves Clause: Evasion moves are banned\n|rule|Evasion Abilities Clause: Evasion abilities are banned\n|rule|Sleep Moves Clause: Sleep-inducing moves are banned\n|clearpoke\n|poke|p1|Dragonite, F|\n|poke|p1|Dugtrio, F|\n|poke|p1|Vaporeon, F|\n|poke|p1|Hitmonlee, M|\n|poke|p1|Clefable, F|\n|poke|p1|Weezing, M|\n|poke|p2|Pincurchin, M|\n|poke|p2|Iron Crown|\n|poke|p2|Raichu-Alola, F|\n|poke|p2|Iron Valiant|\n|poke|p2|Raging Bolt|\n|poke|p2|Iron Moth|\n|teampreview\n|inactive|Battle timer is ON: inactive players will automatically lose when time's up. (requested by Kanto's Finest)\n|\n|t:|1782437189\n|teamsize|p1|6\n|teamsize|p2|6\n|start\n|switch|p1a: Weezing|Weezing, M|100/100\n|switch|p2a: Pincurchin|Pincurchin, M|100/100\n|-ability|p1a: Weezing|Neutralizing Gas\n|turn|1\n|\n|t:|1782437204\n|switch|p2a: Raging Bolt|Raging Bolt|100/100\n|move|p1a: Weezing|Toxic Spikes|p2a: Raging Bolt\n|-sidestart|p2: flylover42|move: Toxic Spikes\n|\n|upkeep\n|turn|2\n|\n|t:|1782437212\n|-end|p2a: Raging Bolt|Protosynthesis|[silent]\n|switch|p2a: Iron Moth|Iron Moth|100/100\n|-sideend|p2: flylover42|move: Toxic Spikes|[of] p2a: Iron Moth\n|move|p1a: Weezing|Toxic Spikes|p2a: Iron Moth\n|-sidestart|p2: flylover42|move: Toxic Spikes\n|\n|upkeep\n|turn|3\n|\n|t:|1782437216\n|move|p2a: Iron Moth|Overheat|p1a: Weezing\n|-damage|p1a: Weezing|0 fnt\n|-unboost|p2a: Iron Moth|spa|2\n|faint|p1a: Weezing\n|-end|p1a: Weezing|ability: Neutralizing Gas\n|\n|upkeep\n|\n|t:|1782437220\n|switch|p1a: Diglett Cave|Dugtrio, F|100/100\n|turn|4\n|\n|t:|1782437225\n|move|p1a: Diglett Cave|Stealth Rock|p2a: Iron Moth\n|-sidestart|p2: flylover42|move: Stealth Rock\n|move|p2a: Iron Moth|Overheat|p1a: Diglett Cave\n|-enditem|p1a: Diglett Cave|Focus Sash\n|-damage|p1a: Diglett Cave|1/100\n|-unboost|p2a: Iron Moth|spa|2\n|\n|upkeep\n|turn|5\n|\n|t:|1782437229\n|move|p1a: Diglett Cave|Earthquake|p2a: Iron Moth\n|-supereffective|p2a: Iron Moth\n|-damage|p2a: Iron Moth|0 fnt\n|faint|p2a: Iron Moth\n|-end|p2a: Iron Moth|Quark Drive|[silent]\n|\n|upkeep\n|\n|t:|1782437234\n|switch|p2a: Pincurchin|Pincurchin, M|100/100\n|-status|p2a: Pincurchin|psn\n|-damage|p2a: Pincurchin|88/100 psn|[from] Stealth Rock\n|-fieldstart|move: Electric Terrain|[from] ability: Electric Surge|[of] p2a: Pincurchin\n|turn|6\n|\n|t:|1782437239\n|move|p1a: Diglett Cave|Earthquake|p2a: Pincurchin\n|-supereffective|p2a: Pincurchin\n|-damage|p2a: Pincurchin|11/100 psn\n|move|p2a: Pincurchin|Spikes|p1a: Diglett Cave\n|-sidestart|p1: Kanto's Finest|Spikes\n|\n|-damage|p2a: Pincurchin|0 fnt|[from] psn\n|faint|p2a: Pincurchin\n|upkeep\n|\n|t:|1782437248\n|switch|p2a: Raichu|Raichu-Alola, F|100/100\n|-status|p2a: Raichu|psn\n|-damage|p2a: Raichu|88/100 psn|[from] Stealth Rock\n|turn|7\n|\n|t:|1782437254\n|move|p1a: Diglett Cave|Sucker Punch|p2a: Raichu\n|-supereffective|p2a: Raichu\n|-crit|p2a: Raichu\n|-damage|p2a: Raichu|0 fnt\n|faint|p2a: Raichu\n|\n|upkeep\n|\n|t:|1782437265\n|switch|p2a: Iron Valiant|Iron Valiant|100/100\n|-status|p2a: Iron Valiant|psn\n|-damage|p2a: Iron Valiant|94/100 psn|[from] Stealth Rock\n|-activate|p2a: Iron Valiant|ability: Quark Drive\n|-start|p2a: Iron Valiant|quarkdrivespe\n|turn|8\n|\n|t:|1782437272\n|switch|p1a: Celadon|Vaporeon, F|100/100\n|-damage|p1a: Celadon|88/100|[from] Spikes\n|move|p2a: Iron Valiant|Swords Dance|p2a: Iron Valiant\n|-boost|p2a: Iron Valiant|atk|2\n|\n|-damage|p2a: Iron Valiant|82/100 psn|[from] psn\n|upkeep\n|turn|9\n|\n|t:|1782437279\n|move|p2a: Iron Valiant|Thunder Punch|p1a: Celadon\n|-supereffective|p1a: Celadon\n|-damage|p1a: Celadon|0 fnt\n|faint|p1a: Celadon\n|-damage|p2a: Iron Valiant|72/100 psn|[from] item: Life Orb\n|\n|-damage|p2a: Iron Valiant|60/100 psn|[from] psn\n|upkeep\n|\n|t:|1782437286\n|switch|p1a: Hitmonlee|Hitmonlee, M|100/100\n|-damage|p1a: Hitmonlee|88/100|[from] Spikes\n|turn|10\n|\n|t:|1782437289\n|move|p1a: Hitmonlee|Fake Out|p2a: Iron Valiant\n|-enditem|p1a: Hitmonlee|Normal Gem|[from] gem\n|-damage|p2a: Iron Valiant|34/100 psn\n|cant|p2a: Iron Valiant|flinch\n|\n|-damage|p2a: Iron Valiant|22/100 psn|[from] psn\n|upkeep\n|turn|11\n|\n|t:|1782437296\n|move|p2a: Iron Valiant|Ice Punch|p1a: Hitmonlee\n|-damage|p1a: Hitmonlee|0 fnt\n|faint|p1a: Hitmonlee\n|-damage|p2a: Iron Valiant|12/100 psn|[from] item: Life Orb\n|\n|-damage|p2a: Iron Valiant|0 fnt|[from] psn\n|faint|p2a: Iron Valiant\n|-end|p2a: Iron Valiant|Quark Drive|[silent]\n|upkeep\n|\n|t:|1782437303\n|switch|p2a: Iron Crown|Iron Crown|100/100\n|switch|p1a: Safari Zone|Dragonite, F|100/100\n|-damage|p2a: Iron Crown|94/100|[from] Stealth Rock\n|-activate|p2a: Iron Crown|ability: Quark Drive\n|-start|p2a: Iron Crown|quarkdrivespa\n|turn|12\n|\n|t:|1782437310\n|-terastallize|p1a: Safari Zone|Fire\n|move|p2a: Iron Crown|Tachyon Cutter|p1a: Safari Zone\n|-resisted|p1a: Safari Zone\n|-damage|p1a: Safari Zone|88/100\n|-resisted|p1a: Safari Zone\n|-damage|p1a: Safari Zone|63/100\n|-hitcount|p1a: Safari Zone|2\n|move|p1a: Safari Zone|Dragon Dance|p1a: Safari Zone\n|-boost|p1a: Safari Zone|atk|1\n|-boost|p1a: Safari Zone|spe|1\n|\n|upkeep\n|turn|13\n|\n|t:|1782437317\n|-end|p2a: Iron Crown|Quark Drive|[silent]\n|switch|p2a: Raging Bolt|Raging Bolt|100/100\n|-status|p2a: Raging Bolt|psn\n|-damage|p2a: Raging Bolt|88/100 psn|[from] Stealth Rock\n|move|p1a: Safari Zone|Fire Punch|p2a: Raging Bolt\n|-resisted|p2a: Raging Bolt\n|-damage|p2a: Raging Bolt|59/100 psn\n|\n|-damage|p2a: Raging Bolt|47/100 psn|[from] psn\n|-fieldend|move: Electric Terrain\n|upkeep\n|turn|14\n|\n|t:|1782437321\n|move|p1a: Safari Zone|Scale Shot|p2a: Raging Bolt\n|-supereffective|p2a: Raging Bolt\n|-damage|p2a: Raging Bolt|11/100 psn\n|-supereffective|p2a: Raging Bolt\n|-damage|p2a: Raging Bolt|0 fnt\n|faint|p2a: Raging Bolt\n|-end|p2a: Raging Bolt|Protosynthesis|[silent]\n|-hitcount|p2: Raging Bolt|2\n|-unboost|p1a: Safari Zone|def|1\n|-boost|p1a: Safari Zone|spe|1\n|\n|upkeep\n|\n|t:|1782437323\n|switch|p2a: Iron Crown|Iron Crown|94/100\n|-damage|p2a: Iron Crown|88/100|[from] Stealth Rock\n|turn|15\n|\n|t:|1782437327\n|move|p1a: Safari Zone|Fire Punch|p2a: Iron Crown\n|-supereffective|p2a: Iron Crown\n|-damage|p2a: Iron Crown|0 fnt\n|faint|p2a: Iron Crown\n|-end|p2a: Iron Crown|Quark Drive|[silent]\n|\n|win|Kanto's Finest\n|raw|Kanto&apos;s Finest's rating: 1286 &rarr; <strong>1319</strong><br />(+33 for winning)\n|raw|flylover42's rating: 1398 &rarr; <strong>1372</strong><br />(-26 for losing)\n|l|☆Kanto's Finest\n|player|p1|\n|l|☆flylover42\n|player|p2|\n", "uploadtime": 1782437722, "views": 17, "formatid": "gen9ou", "rating": 1319, "private": 0, "password": null}