{"id": "gen9ou-2639230818", "format": "[Gen 9] OU", "players": ["Eratosthene", "flylover42"], "log": "|j|☆Eratosthene\n|j|☆flylover42\n|t:|1782437635\n|gametype|singles\n|player|p1|Eratosthene|170|1401\n|player|p2|flylover42|lady|1369\n|gen|9\n|tier|[Gen 9] OU\n|rated|\n|rule|HP Percentage Mod: HP is shown in percentages\n|rule|Endless Battle Clause: Forcing endless battles is banned\n|rule|Species Clause: Limit one of each Pokémon\n|rule|OHKO Clause: OHKO moves are banned\n|rule|Evasion Items Clause: Evasion items are banned\n|rule|Evasion Moves Clause: Evasion moves are banned\n|rule|Evasion Abilities Clause: Evasion abilities are banned\n|rule|Sleep Moves Clause: Sleep-inducing moves are banned\n|clearpoke\n|poke|p1|Great Tusk|\n|poke|p1|Raging Bolt|\n|poke|p1|Ninetales, M|\n|poke|p1|Venusaur, F|\n|poke|p1|Cresselia, F|\n|poke|p1|Walking Wake|\n|poke|p2|Pincurchin, M|\n|poke|p2|Iron Crown|\n|poke|p2|Raichu-Alola, M|\n|poke|p2|Iron Valiant|\n|poke|p2|Raging Bolt|\n|poke|p2|Iron Moth|\n|teampreview\n|\n|t:|1782437645\n|teamsize|p1|6\n|teamsize|p2|6\n|start\n|switch|p1a: Ninetales|Ninetales, M|100/100\n|switch|p2a: Pincurchin|Pincurchin, M|100/100\n|-weather|SunnyDay|[from] ability: Drought|[of] p1a: Ninetales\n|-fieldstart|move: Electric Terrain|[from] ability: Electric Surge|[of] p2a: Pincurchin\n|turn|1\n|\n|t:|1782437662\n|switch|p1a: Raging Bolt|Raging Bolt|100/100\n|-activate|p1a: Raging Bolt|ability: Protosynthesis\n|-start|p1a: Raging Bolt|protosynthesisspa\n|move|p2a: Pincurchin|Spikes|p1a: Raging Bolt\n|-sidestart|p1: Eratosthene|Spikes\n|\n|-weather|SunnyDay|[upkeep]\n|upkeep\n|turn|2\n|\n|t:|1782437679\n|switch|p2a: Raging Bolt|Raging Bolt|100/100\n|-activate|p2a: Raging Bolt|ability: Protosynthesis\n|-start|p2a: Raging Bolt|protosynthesisspa\n|move|p1a: Raging Bolt|Weather Ball|p2a: Raging Bolt\n|-resisted|p2a: Raging Bolt\n|-damage|p2a: Raging Bolt|77/100\n|\n|-weather|SunnyDay|[upkeep]\n|upkeep\n|turn|3\n|\n|t:|1782437697\n|-end|p1a: Raging Bolt|Protosynthesis|[silent]\n|switch|p1a: Great Tusk|Great Tusk|100/100\n|-damage|p1a: Great Tusk|88/100|[from] Spikes\n|-activate|p1a: Great Tusk|ability: Protosynthesis\n|-start|p1a: Great Tusk|protosynthesisspe\n|move|p2a: Raging Bolt|Draco Meteor|p1a: Great Tusk\n|-damage|p1a: Great Tusk|14/100\n|-unboost|p2a: Raging Bolt|spa|2\n|\n|-weather|SunnyDay|[upkeep]\n|upkeep\n|turn|4\n|\n|t:|1782437714\n|move|p1a: Great Tusk|Rapid Spin|p2a: Raging Bolt\n|-damage|p2a: Raging Bolt|66/100\n|-boost|p1a: Great Tusk|spe|1\n|-sideend|p1: Eratosthene|Spikes|[from] move: Rapid Spin|[of] p1a: Great Tusk\n|move|p2a: Raging Bolt|Draco Meteor|p1a: Great Tusk\n|-damage|p1a: Great Tusk|0 fnt\n|-unboost|p2a: Raging Bolt|spa|2\n|faint|p1a: Great Tusk\n|-end|p1a: Great Tusk|Protosynthesis|[silent]\n|\n|-weather|SunnyDay|[upkeep]\n|upkeep\n|\n|t:|1782437724\n|switch|p1a: Venusaur|Venusaur, F|100/100\n|turn|5\n|\n|t:|1782437728\n|move|p1a: Venusaur|Growth|p1a: Venusaur\n|-boost|p1a: Venusaur|atk|2\n|-boost|p1a: Venusaur|spa|2\n|move|p2a: Raging Bolt|Volt Switch|p1a: Venusaur\n|-resisted|p1a: Venusaur\n|-damage|p1a: Venusaur|88/100\n|\n|t:|1782437733\n|-end|p2a: Raging Bolt|Protosynthesis|[silent]\n|switch|p2a: Raichu|Raichu-Alola, M|100/100|[from] Volt Switch\n|\n|-weather|SunnyDay|[upkeep]\n|upkeep\n|turn|6\n|\n|t:|1782437738\n|-terastallize|p1a: Venusaur|Fire\n|move|p2a: Raichu|Psyshock|p1a: Venusaur\n|-damage|p1a: Venusaur|24/100\n|-damage|p2a: Raichu|91/100|[from] item: Life Orb\n|move|p1a: Venusaur|Giga Drain|p2a: Raichu\n|-damage|p2a: Raichu|0 fnt\n|-heal|p1a: Venusaur|63/100|[from] drain|[of] p2a: Raichu\n|faint|p2a: Raichu\n|-damage|p1a: Venusaur|53/100|[from] item: Life Orb\n|\n|-weather|SunnyDay|[upkeep]\n|upkeep\n|\n|t:|1782437759\n|switch|p2a: Iron Moth|Iron Moth|100/100\n|-activate|p2a: Iron Moth|ability: Quark Drive\n|-start|p2a: Iron Moth|quarkdrivespa\n|turn|7\n|\n|t:|1782437768\n|move|p1a: Venusaur|Weather Ball|p2a: Iron Moth\n|-resisted|p2a: Iron Moth\n|-crit|p2a: Iron Moth\n|-damage|p2a: Iron Moth|0 fnt\n|faint|p2a: Iron Moth\n|-end|p2a: Iron Moth|Quark Drive|[silent]\n|-damage|p1a: Venusaur|44/100|[from] item: Life Orb\n|\n|-weather|SunnyDay|[upkeep]\n|upkeep\n|\n|t:|1782437773\n|switch|p2a: Raging Bolt|Raging Bolt|66/100\n|-activate|p2a: Raging Bolt|ability: Protosynthesis\n|-start|p2a: Raging Bolt|protosynthesisspa\n|turn|8\n|\n|t:|1782437780\n|move|p1a: Venusaur|Sludge Bomb|p2a: Raging Bolt\n|-damage|p2a: Raging Bolt|9/100\n|-damage|p1a: Venusaur|34/100|[from] item: Life Orb\n|move|p2a: Raging Bolt|Volt Switch|p1a: Venusaur\n|-damage|p1a: Venusaur|0 fnt\n|faint|p1a: Venusaur\n|\n|t:|1782437788\n|-end|p2a: Raging Bolt|Protosynthesis|[silent]\n|switch|p2a: Iron Valiant|Iron Valiant|100/100|[from] Volt Switch\n|-activate|p2a: Iron Valiant|ability: Quark Drive\n|-start|p2a: Iron Valiant|quarkdrivespe\n|\n|-weather|none\n|-fieldend|move: Electric Terrain\n|-end|p2a: Iron Valiant|Quark Drive\n|upkeep\n|\n|t:|1782437801\n|switch|p1a: Cresselia|Cresselia, F|100/100\n|turn|9\n|\n|t:|1782437804\n|-end|p2a: Iron Valiant|Quark Drive|[silent]\n|switch|p2a: Pincurchin|Pincurchin, M|100/100\n|-fieldstart|move: Electric Terrain|[from] ability: Electric Surge|[of] p2a: Pincurchin\n|move|p1a: Cresselia|Thunder Wave|p2a: Pincurchin\n|-immune|p2a: Pincurchin\n|\n|upkeep\n|turn|10\n|\n|t:|1782437814\n|move|p1a: Cresselia|Sunny Day|p1a: Cresselia\n|-weather|SunnyDay\n|move|p2a: Pincurchin|Discharge|p1a: Cresselia\n|-damage|p1a: Cresselia|80/100\n|-status|p1a: Cresselia|par\n|-enditem|p1a: Cresselia|Eject Button\n|\n|t:|1782437818\n|switch|p1a: Raging Bolt|Raging Bolt|100/100\n|-activate|p1a: Raging Bolt|ability: Protosynthesis\n|-start|p1a: Raging Bolt|protosynthesisspa\n|\n|-weather|SunnyDay|[upkeep]\n|upkeep\n|turn|11\n|\n|t:|1782437828\n|move|p1a: Raging Bolt|Weather Ball|p2a: Pincurchin\n|-damage|p2a: Pincurchin|8/100\n|move|p2a: Pincurchin|Memento|p1a: Raging Bolt\n|-unboost|p1a: Raging Bolt|atk|2\n|-unboost|p1a: Raging Bolt|spa|2\n|faint|p2a: Pincurchin\n|\n|-weather|SunnyDay|[upkeep]\n|upkeep\n|\n|t:|1782437833\n|switch|p2a: Iron Valiant|Iron Valiant|100/100\n|-activate|p2a: Iron Valiant|ability: Quark Drive\n|-start|p2a: Iron Valiant|quarkdrivespe\n|turn|12\n|\n|t:|1782437851\n|-end|p1a: Raging Bolt|Protosynthesis|[silent]\n|switch|p1a: Cresselia|Cresselia, F|80/100 par\n|move|p2a: Iron Valiant|Swords Dance|p2a: Iron Valiant\n|-boost|p2a: Iron Valiant|atk|2\n|\n|-weather|SunnyDay|[upkeep]\n|upkeep\n|turn|13\n|\n|t:|1782437855\n|move|p2a: Iron Valiant|Thunder Punch|p1a: Cresselia\n|-damage|p1a: Cresselia|32/100 par\n|-damage|p2a: Iron Valiant|91/100|[from] item: Life Orb\n|move|p1a: Cresselia|Thunder Wave|p2a: Iron Valiant\n|-status|p2a: Iron Valiant|par\n|\n|-weather|SunnyDay|[upkeep]\n|upkeep\n|turn|14\n|\n|t:|1782437864\n|move|p2a: Iron Valiant|Ice Punch|p1a: Cresselia\n|-damage|p1a: Cresselia|0 fnt\n|faint|p1a: Cresselia\n|-damage|p2a: Iron Valiant|81/100 par|[from] item: Life Orb\n|\n|-weather|none\n|upkeep\n|\n|t:|1782437874\n|switch|p1a: Ninetales|Ninetales, M|100/100\n|-weather|SunnyDay|[from] ability: Drought|[of] p1a: Ninetales\n|turn|15\n|\n|t:|1782437881\n|move|p1a: Ninetales|Overheat|p2a: Iron Valiant\n|-damage|p2a: Iron Valiant|0 fnt\n|-unboost|p1a: Ninetales|spa|2\n|faint|p2a: Iron Valiant\n|-end|p2a: Iron Valiant|Quark Drive|[silent]\n|\n|-weather|SunnyDay|[upkeep]\n|upkeep\n|\n|t:|1782437884\n|switch|p2a: Iron Crown|Iron Crown|100/100\n|-activate|p2a: Iron Crown|ability: Quark Drive\n|-start|p2a: Iron Crown|quarkdrivespa\n|turn|16\n|\n|t:|1782437896\n|move|p1a: Ninetales|Healing Wish|p1a: Ninetales\n|faint|p1a: Ninetales\n|move|p2a: Iron Crown|Psyshock|p1: Ninetales|[notarget]\n|-fail|p2a: Iron Crown\n|\n|-weather|SunnyDay|[upkeep]\n|-fieldend|move: Electric Terrain\n|-end|p2a: Iron Crown|Quark Drive\n|upkeep\n|\n|t:|1782437902\n|switch|p1a: Walking Wake|Walking Wake|100/100\n|-activate|p1a: Walking Wake|ability: Protosynthesis\n|-start|p1a: Walking Wake|protosynthesisspa\n|turn|17\n|\n|t:|1782437907\n|move|p1a: Walking Wake|Hydro Steam|p2a: Iron Crown\n|-damage|p2a: Iron Crown|0 fnt\n|faint|p2a: Iron Crown\n|-end|p2a: Iron Crown|Quark Drive|[silent]\n|\n|-weather|SunnyDay|[upkeep]\n|upkeep\n|\n|t:|1782437910\n|switch|p2a: Raging Bolt|Raging Bolt|9/100\n|-activate|p2a: Raging Bolt|ability: Protosynthesis\n|-start|p2a: Raging Bolt|protosynthesisspa\n|turn|18\n|\n|t:|1782437918\n|-terastallize|p2a: Raging Bolt|Water\n|move|p2a: Raging Bolt|Thunderclap|p1a: Walking Wake\n|-damage|p1a: Walking Wake|47/100\n|move|p1a: Walking Wake|Hydro Steam|p2a: Raging Bolt\n|-resisted|p2a: Raging Bolt\n|-damage|p2a: Raging Bolt|0 fnt\n|faint|p2a: Raging Bolt\n|-end|p2a: Raging Bolt|Protosynthesis|[silent]\n|\n|win|Eratosthene\n|raw|Eratosthene's rating: 1401 &rarr; <strong>1419</strong><br />(+18 for winning)\n|raw|flylover42's rating: 1369 &rarr; <strong>1351</strong><br />(-18 for losing)\n|l|☆flylover42\n|player|p2|\n|l|☆Eratosthene\n|player|p1|\n", "uploadtime": 1782438267, "views": 17, "formatid": "gen9ou", "rating": 1351, "private": 0, "password": null}