{"id": "gen9ou-2639933154", "format": "[Gen 9] OU", "players": ["rekka auto", "fachkus"], "log": "|j|☆rekka auto\n|j|☆fachkus\n|t:|1782546659\n|gametype|singles\n|player|p1|rekka auto|drayden|1549\n|player|p2|fachkus|1|1620\n|gen|9\n|tier|[Gen 9] OU\n|rated|\n|rule|HP Percentage Mod: HP is shown in percentages\n|rule|Endless Battle Clause: Forcing endless battles is banned\n|rule|Species Clause: Limit one of each Pokémon\n|rule|OHKO Clause: OHKO moves are banned\n|rule|Evasion Items Clause: Evasion items are banned\n|rule|Evasion Moves Clause: Evasion moves are banned\n|rule|Evasion Abilities Clause: Evasion abilities are banned\n|rule|Sleep Moves Clause: Sleep-inducing moves are banned\n|clearpoke\n|poke|p1|Gholdengo|\n|poke|p1|Garganacl, M|\n|poke|p1|Volcanion|\n|poke|p1|Great Tusk|\n|poke|p1|Zapdos|\n|poke|p1|Weavile, F|\n|poke|p2|Iron Moth|\n|poke|p2|Gliscor, M|\n|poke|p2|Hatterene, F|\n|poke|p2|Ogerpon-Wellspring, F|\n|poke|p2|Raging Bolt|\n|poke|p2|Zamazenta-*|\n|teampreview\n|inactive|Battle timer is ON: inactive players will automatically lose when time's up. (requested by rekka auto)\n|\n|t:|1782546671\n|teamsize|p1|6\n|teamsize|p2|6\n|start\n|switch|p1a: Volcanion|Volcanion|100/100\n|switch|p2a: Raging Bolt|Raging Bolt|100/100\n|-enditem|p2a: Raging Bolt|Booster Energy\n|-activate|p2a: Raging Bolt|ability: Protosynthesis|[fromitem]\n|-start|p2a: Raging Bolt|protosynthesisspa\n|turn|1\n|inactive|fachkus also wants the timer to be on.\n|\n|t:|1782546680\n|switch|p1a: Great Tusk|Great Tusk|100/100\n|move|p2a: Raging Bolt|Dragon Pulse|p1a: Great Tusk\n|-damage|p1a: Great Tusk|1/100\n|\n|upkeep\n|turn|2\n|\n|t:|1782546689\n|-end|p2a: Raging Bolt|Protosynthesis|[silent]\n|switch|p2a: Zamazenta|Zamazenta|100/100\n|-ability|p2a: Zamazenta|Dauntless Shield|boost\n|-boost|p2a: Zamazenta|def|1\n|move|p1a: Great Tusk|Headlong Rush|p2a: Zamazenta\n|-damage|p2a: Zamazenta|65/100\n|-unboost|p1a: Great Tusk|def|1\n|-unboost|p1a: Great Tusk|spd|1\n|\n|upkeep\n|turn|3\n|\n|t:|1782546699\n|-end|p1a: Great Tusk|Protosynthesis|[silent]\n|switch|p1a: Zapdos|Zapdos|100/100\n|-ability|p1a: Zapdos|Pressure\n|move|p2a: Zamazenta|Close Combat|p1a: Zapdos\n|-resisted|p1a: Zapdos\n|-damage|p1a: Zapdos|81/100\n|-unboost|p2a: Zamazenta|def|1\n|-unboost|p2a: Zamazenta|spd|1\n|\n|upkeep\n|turn|4\n|\n|t:|1782546709\n|move|p2a: Zamazenta|Light Screen|p2a: Zamazenta\n|-sidestart|p2: fachkus|move: Light Screen\n|move|p1a: Zapdos|U-turn|p2a: Zamazenta\n|-resisted|p2a: Zamazenta\n|-damage|p2a: Zamazenta|60/100\n|\n|t:|1782546719\n|switch|p1a: Garganacl|Garganacl, M|100/100|[from] U-turn\n|\n|upkeep\n|turn|5\n|\n|t:|1782546727\n|switch|p2a: Gliscor|Gliscor, M|100/100\n|move|p1a: Garganacl|Stealth Rock|p2a: Gliscor\n|-sidestart|p2: fachkus|move: Stealth Rock\n|\n|-status|p2a: Gliscor|tox|[from] item: Toxic Orb\n|upkeep\n|turn|6\n|\n|t:|1782546735\n|move|p2a: Gliscor|Swords Dance|p2a: Gliscor\n|-boost|p2a: Gliscor|atk|2\n|move|p1a: Garganacl|Salt Cure|p2a: Gliscor\n|-damage|p2a: Gliscor|89/100 tox\n|-start|p2a: Gliscor|Salt Cure\n|\n|-heal|p2a: Gliscor|100/100 tox|[from] ability: Poison Heal\n|-damage|p2a: Gliscor|88/100 tox|[from] Salt Cure\n|upkeep\n|turn|7\n|\n|t:|1782546754\n|move|p2a: Gliscor|Agility|p2a: Gliscor\n|-boost|p2a: Gliscor|spe|2\n|move|p1a: Garganacl|Salt Cure|p2a: Gliscor\n|-damage|p2a: Gliscor|77/100 tox\n|\n|-heal|p2a: Gliscor|89/100 tox|[from] ability: Poison Heal\n|-damage|p2a: Gliscor|77/100 tox|[from] Salt Cure\n|upkeep\n|turn|8\n|\n|t:|1782546769\n|switch|p1a: Gholdengo|Gholdengo|100/100\n|move|p2a: Gliscor|Swords Dance|p2a: Gliscor\n|-boost|p2a: Gliscor|atk|2\n|\n|-heal|p2a: Gliscor|89/100 tox|[from] ability: Poison Heal\n|-damage|p2a: Gliscor|77/100 tox|[from] Salt Cure\n|upkeep\n|turn|9\n|\n|t:|1782546777\n|move|p2a: Gliscor|Earthquake|p1a: Gholdengo\n|-supereffective|p1a: Gholdengo\n|-damage|p1a: Gholdengo|0 fnt\n|faint|p1a: Gholdengo\n|\n|-heal|p2a: Gliscor|89/100 tox|[from] ability: Poison Heal\n|-damage|p2a: Gliscor|77/100 tox|[from] Salt Cure\n|upkeep\n|\n|t:|1782546784\n|switch|p1a: Weavile|Weavile, F|100/100\n|turn|10\n|\n|t:|1782546791\n|-terastallize|p2a: Gliscor|Normal\n|move|p1a: Weavile|Ice Shard|p2a: Gliscor\n|-damage|p2a: Gliscor|50/100 tox\n|move|p2a: Gliscor|Earthquake|p1a: Weavile\n|-damage|p1a: Weavile|0 fnt\n|faint|p1a: Weavile\n|\n|-heal|p2a: Gliscor|62/100 tox|[from] ability: Poison Heal\n|-damage|p2a: Gliscor|50/100 tox|[from] Salt Cure\n|upkeep\n|\n|t:|1782546807\n|switch|p1a: Great Tusk|Great Tusk|1/100\n|turn|11\n|\n|t:|1782546818\n|move|p2a: Gliscor|Facade|p1a: Great Tusk\n|-damage|p1a: Great Tusk|0 fnt\n|faint|p1a: Great Tusk\n|-end|p1a: Great Tusk|Protosynthesis|[silent]\n|\n|-heal|p2a: Gliscor|62/100 tox|[from] ability: Poison Heal\n|-damage|p2a: Gliscor|50/100 tox|[from] Salt Cure\n|-sideend|p2: fachkus|move: Light Screen\n|upkeep\n|-message|rekka auto forfeited.\n|\n|win|fachkus\n|raw|rekka auto's rating: 1549 &rarr; <strong>1533</strong><br />(-16 for losing)\n|raw|fachkus's rating: 1620 &rarr; <strong>1636</strong><br />(+16 for winning)\n|l|☆rekka auto\n|player|p1|\n", "uploadtime": 1782546823, "views": 5, "formatid": "gen9ou", "rating": 1533, "private": 0, "password": null}