{"id": "gen9ou-2540870329", "format": "[Gen 9] OU", "players": ["Alerjake", "lukas hartung"], "log": "|j|☆Alerjake\n|j|☆lukas hartung\n|t:|1771262429\n|gametype|singles\n|player|p1|Alerjake|169|1552\n|player|p2|lukas hartung|psychicf-gen4|1511\n|gen|9\n|tier|[Gen 9] OU\n|rated|\n|rule|HP Percentage Mod: HP is shown in percentages\n|rule|Endless Battle Clause: Forcing endless battles is banned\n|rule|Species Clause: Limit one of each Pokémon\n|rule|OHKO Clause: OHKO moves are banned\n|rule|Evasion Items Clause: Evasion items are banned\n|rule|Evasion Moves Clause: Evasion moves are banned\n|rule|Evasion Abilities Clause: Evasion abilities are banned\n|rule|Sleep Moves Clause: Sleep-inducing moves are banned\n|clearpoke\n|poke|p1|Ribombee, F|\n|poke|p1|Slither Wing|\n|poke|p1|Gholdengo|\n|poke|p1|Ceruledge, M|\n|poke|p1|Primarina, M|\n|poke|p1|Ting-Lu|\n|poke|p2|Slowbro-Galar, F|\n|poke|p2|Kyurem|\n|poke|p2|Ninetales-Alola, M|\n|poke|p2|Hatterene, F|\n|poke|p2|Iron Moth|\n|poke|p2|Kingambit, M|\n|teampreview\n|inactive|Battle timer is ON: inactive players will automatically lose when time's up. (requested by Alerjake)\n|inactive|lukas hartung also wants the timer to be on.\n|\n|t:|1771262447\n|teamsize|p1|6\n|teamsize|p2|6\n|start\n|switch|p1a: Ribombee|Ribombee, F|100/100\n|switch|p2a: Ninetales|Ninetales-Alola, M|100/100\n|-weather|Snowscape|[from] ability: Snow Warning|[of] p2a: Ninetales\n|turn|1\n|\n|t:|1771262455\n|move|p1a: Ribombee|Stun Spore|p2a: Ninetales\n|-status|p2a: Ninetales|par\n|move|p2a: Ninetales|Aurora Veil|p2a: Ninetales\n|-sidestart|p2: lukas hartung|move: Aurora Veil\n|\n|-weather|Snowscape|[upkeep]\n|upkeep\n|turn|2\n|\n|t:|1771262465\n|switch|p2a: Slowbro|Slowbro-Galar, F|100/100\n|move|p1a: Ribombee|Sticky Web|p2a: Slowbro\n|-sidestart|p2: lukas hartung|move: Sticky Web\n|\n|-weather|Snowscape|[upkeep]\n|upkeep\n|turn|3\n|\n|t:|1771262468\n|move|p1a: Ribombee|Stun Spore|p2a: Slowbro|[miss]\n|-miss|p1a: Ribombee|p2a: Slowbro\n|move|p2a: Slowbro|Belly Drum|p2a: Slowbro\n|-damage|p2a: Slowbro|50/100\n|-setboost|p2a: Slowbro|atk|6|[from] move: Belly Drum\n|\n|-weather|Snowscape|[upkeep]\n|upkeep\n|turn|4\n|-activate|p2a: Slowbro|ability: Quick Draw\n|\n|t:|1771262472\n|move|p2a: Slowbro|Shell Side Arm|p1a: Ribombee|[anim] Shell Side Arm Physical\n|-supereffective|p1a: Ribombee\n|-enditem|p1a: Ribombee|Focus Sash\n|-damage|p1a: Ribombee|1/100\n|-hint|Physical Shell Side Arm\n|move|p1a: Ribombee|Skill Swap|p2a: Slowbro\n|-activate|p1a: Ribombee|Skill Swap|p2a: Slowbro|[ability] Quick Draw|[ability2] Shield Dust\n|\n|-weather|Snowscape|[upkeep]\n|upkeep\n|turn|5\n|-activate|p2a: Slowbro|item: Quick Claw\n|\n|t:|1771262486\n|move|p2a: Slowbro|Shell Side Arm|p1a: Ribombee|[anim] Shell Side Arm Physical\n|-supereffective|p1a: Ribombee\n|-damage|p1a: Ribombee|0 fnt\n|-hint|Physical Shell Side Arm\n|faint|p1a: Ribombee\n|\n|-weather|none\n|upkeep\n|\n|t:|1771262492\n|switch|p1a: Ting-Lu|Ting-Lu|100/100\n|-ability|p1a: Ting-Lu|Vessel of Ruin\n|turn|6\n|\n|t:|1771262495\n|move|p1a: Ting-Lu|Earthquake|p2a: Slowbro\n|-supereffective|p2a: Slowbro\n|-damage|p2a: Slowbro|11/100\n|move|p2a: Slowbro|Drain Punch|p1a: Ting-Lu\n|-supereffective|p1a: Ting-Lu\n|-damage|p1a: Ting-Lu|0 fnt\n|-heal|p2a: Slowbro|71/100|[from] drain|[of] p1a: Ting-Lu\n|faint|p1a: Ting-Lu\n|\n|upkeep\n|\n|t:|1771262505\n|switch|p1a: Ceruledge|Ceruledge, M|100/100\n|turn|7\n|\n|t:|1771262508\n|move|p1a: Ceruledge|Shadow Sneak|p2a: Slowbro\n|-supereffective|p2a: Slowbro\n|-damage|p2a: Slowbro|58/100\n|move|p2a: Slowbro|Shell Side Arm|p1a: Ceruledge|[anim] Shell Side Arm Physical\n|-resisted|p1a: Ceruledge\n|-damage|p1a: Ceruledge|11/100\n|-hint|Physical Shell Side Arm\n|\n|upkeep\n|turn|8\n|-activate|p2a: Slowbro|item: Quick Claw\n|\n|t:|1771262515\n|move|p1a: Ceruledge|Shadow Sneak|p2a: Slowbro\n|-supereffective|p2a: Slowbro\n|-damage|p2a: Slowbro|44/100\n|move|p2a: Slowbro|Shell Side Arm|p1a: Ceruledge|[anim] Shell Side Arm Physical\n|-resisted|p1a: Ceruledge\n|-damage|p1a: Ceruledge|0 fnt\n|-hint|Physical Shell Side Arm\n|faint|p1a: Ceruledge\n|\n|-sideend|p2: lukas hartung|move: Aurora Veil\n|upkeep\n|\n|t:|1771262522\n|switch|p1a: Gholdengo|Gholdengo|100/100\n|-item|p1a: Gholdengo|Air Balloon\n|turn|9\n|\n|t:|1771262526\n|move|p1a: Gholdengo|Shadow Ball|p2a: Slowbro\n|-supereffective|p2a: Slowbro\n|-damage|p2a: Slowbro|0 fnt\n|faint|p2a: Slowbro\n|\n|upkeep\n|\n|t:|1771262533\n|switch|p2a: Iron Moth|Iron Moth|100/100\n|-activate|p2a: Iron Moth|move: Sticky Web\n|-unboost|p2a: Iron Moth|spe|1\n|-enditem|p2a: Iron Moth|Booster Energy\n|-activate|p2a: Iron Moth|ability: Quark Drive|[fromitem]\n|-start|p2a: Iron Moth|quarkdrivespa\n|turn|10\n|\n|t:|1771262539\n|move|p2a: Iron Moth|Substitute|p2a: Iron Moth\n|-start|p2a: Iron Moth|Substitute\n|-damage|p2a: Iron Moth|76/100\n|move|p1a: Gholdengo|Shadow Ball|p2a: Iron Moth\n|-end|p2a: Iron Moth|Substitute\n|\n|upkeep\n|turn|11\n|\n|t:|1771262548\n|move|p2a: Iron Moth|Fiery Dance|p1a: Gholdengo\n|-supereffective|p1a: Gholdengo\n|-damage|p1a: Gholdengo|0 fnt\n|-enditem|p1a: Gholdengo|Air Balloon\n|faint|p1a: Gholdengo\n|\n|upkeep\n|\n|t:|1771262551\n|switch|p1a: Slither Wing|Slither Wing|100/100\n|-enditem|p1a: Slither Wing|Booster Energy\n|-activate|p1a: Slither Wing|ability: Protosynthesis|[fromitem]\n|-start|p1a: Slither Wing|protosynthesisatk\n|turn|12\n|\n|t:|1771262556\n|move|p1a: Slither Wing|Earthquake|p2a: Iron Moth\n|-supereffective|p2a: Iron Moth\n|-damage|p2a: Iron Moth|0 fnt\n|faint|p2a: Iron Moth\n|-end|p2a: Iron Moth|Quark Drive|[silent]\n|\n|upkeep\n|\n|t:|1771262564\n|switch|p2a: Ninetales|Ninetales-Alola, M|100/100 par\n|-activate|p2a: Ninetales|move: Sticky Web\n|-unboost|p2a: Ninetales|spe|1\n|-weather|Snowscape|[from] ability: Snow Warning|[of] p2a: Ninetales\n|turn|13\n|\n|t:|1771262573\n|-terastallize|p1a: Slither Wing|Fairy\n|move|p1a: Slither Wing|Bulk Up|p1a: Slither Wing\n|-boost|p1a: Slither Wing|atk|1\n|-boost|p1a: Slither Wing|def|1\n|move|p2a: Ninetales|Aurora Veil|p2a: Ninetales\n|-sidestart|p2: lukas hartung|move: Aurora Veil\n|\n|-weather|Snowscape|[upkeep]\n|upkeep\n|turn|14\n|\n|t:|1771262580\n|move|p1a: Slither Wing|Close Combat|p2a: Ninetales\n|-damage|p2a: Ninetales|52/100 par\n|-unboost|p1a: Slither Wing|def|1\n|-unboost|p1a: Slither Wing|spd|1\n|move|p2a: Ninetales|Encore|p1a: Slither Wing\n|-start|p1a: Slither Wing|Encore\n|\n|-weather|Snowscape|[upkeep]\n|upkeep\n|turn|15\n|\n|t:|1771262596\n|move|p1a: Slither Wing|Close Combat|p2a: Ninetales\n|-damage|p2a: Ninetales|6/100 par\n|-unboost|p1a: Slither Wing|def|1\n|-unboost|p1a: Slither Wing|spd|1\n|move|p2a: Ninetales|Moonblast|p1a: Slither Wing\n|-damage|p1a: Slither Wing|49/100\n|\n|-weather|Snowscape|[upkeep]\n|upkeep\n|turn|16\n|\n|t:|1771262601\n|move|p1a: Slither Wing|Close Combat|p2a: Ninetales\n|-damage|p2a: Ninetales|0 fnt\n|-unboost|p1a: Slither Wing|def|1\n|-unboost|p1a: Slither Wing|spd|1\n|faint|p2a: Ninetales\n|\n|-weather|Snowscape|[upkeep]\n|upkeep\n|inactive|lukas hartung has 120 seconds left.\n|\n|t:|1771262632\n|switch|p2a: Kyurem|Kyurem|100/100\n|-activate|p2a: Kyurem|move: Sticky Web\n|-unboost|p2a: Kyurem|spe|1\n|-ability|p2a: Kyurem|Pressure\n|turn|17\n|inactive|lukas hartung has 120 seconds left.\n|\n|t:|1771262646\n|move|p1a: Slither Wing|Close Combat|p2a: Kyurem\n|-supereffective|p2a: Kyurem\n|-damage|p2a: Kyurem|26/100\n|-unboost|p1a: Slither Wing|def|1\n|-unboost|p1a: Slither Wing|spd|1\n|move|p2a: Kyurem|Icicle Spear|p1a: Slither Wing\n|-damage|p1a: Slither Wing|3/100\n|-damage|p1a: Slither Wing|0 fnt\n|faint|p1a: Slither Wing\n|-end|p1a: Slither Wing|Protosynthesis|[silent]\n|-hitcount|p1: Slither Wing|2\n|\n|-weather|none\n|upkeep\n|\n|t:|1771262654\n|switch|p1a: Primarina|Primarina, M|100/100\n|turn|18\n|\n|t:|1771262658\n|move|p1a: Primarina|Moonblast|p2a: Kyurem\n|-supereffective|p2a: Kyurem\n|-damage|p2a: Kyurem|0 fnt\n|faint|p2a: Kyurem\n|\n|upkeep\n|\n|t:|1771262668\n|switch|p2a: Kingambit|Kingambit, M|100/100\n|-activate|p2a: Kingambit|move: Sticky Web\n|-unboost|p2a: Kingambit|spe|1\n|-activate|p2a: Kingambit|ability: Supreme Overlord\n|-start|p2a: Kingambit|fallen4|[silent]\n|turn|19\n|\n|t:|1771262673\n|move|p1a: Primarina|Moonblast|p2a: Kingambit\n|-damage|p2a: Kingambit|60/100\n|move|p2a: Kingambit|Iron Head|p1a: Primarina\n|-damage|p1a: Primarina|3/100\n|\n|upkeep\n|turn|20\n|\n|t:|1771262677\n|move|p2a: Kingambit|Sucker Punch|p1a: Primarina\n|-resisted|p1a: Primarina\n|-damage|p1a: Primarina|0 fnt\n|faint|p1a: Primarina\n|\n|win|lukas hartung\n|raw|Alerjake's rating: 1552 &rarr; <strong>1530</strong><br />(-22 for losing)\n|raw|lukas hartung's rating: 1511 &rarr; <strong>1533</strong><br />(+22 for winning)\n|l|☆Alerjake\n|player|p1|\n|l|☆lukas hartung\n|player|p2|\n", "uploadtime": 1771262863, "views": 4, "formatid": "gen9ou", "rating": 1530, "private": 0, "password": null}