{"id": "gen9ou-2639265932", "format": "[Gen 9] OU", "players": ["misterricflair", "OUBotBeepBoop"], "log": "|j|☆misterricflair\n|j|☆OUBotBeepBoop\n|t:|1782442799\n|gametype|singles\n|player|p1|misterricflair|2|1175\n|player|p2|OUBotBeepBoop|2|1157\n|gen|9\n|tier|[Gen 9] OU\n|rated|\n|rule|HP Percentage Mod: HP is shown in percentages\n|rule|Endless Battle Clause: Forcing endless battles is banned\n|rule|Species Clause: Limit one of each Pokémon\n|rule|OHKO Clause: OHKO moves are banned\n|rule|Evasion Items Clause: Evasion items are banned\n|rule|Evasion Moves Clause: Evasion moves are banned\n|rule|Evasion Abilities Clause: Evasion abilities are banned\n|rule|Sleep Moves Clause: Sleep-inducing moves are banned\n|clearpoke\n|poke|p1|Slowking-Galar, M|\n|poke|p1|Corviknight, F|\n|poke|p1|Weavile, F|\n|poke|p1|Raging Bolt|\n|poke|p1|Zamazenta-*|\n|poke|p1|Heatran, M|\n|poke|p2|Glimmora, F|\n|poke|p2|Great Tusk|\n|poke|p2|Kingambit, M|\n|poke|p2|Dragapult, F|\n|poke|p2|Clefable, M|\n|poke|p2|Corviknight, M|\n|teampreview\n|\n|t:|1782442807\n|teamsize|p1|6\n|teamsize|p2|6\n|start\n|switch|p1a: Heatran|Heatran, M|100/100\n|switch|p2a: Glimmora|Glimmora, F|100/100\n|turn|1\n|\n|t:|1782442813\n|switch|p2a: Great Tusk|Great Tusk|100/100\n|switch|p1a: Corviknight|Corviknight, F|100/100\n|-ability|p1a: Corviknight|Pressure\n|\n|upkeep\n|turn|2\n|\n|t:|1782442820\n|-end|p2a: Great Tusk|Protosynthesis|[silent]\n|switch|p2a: Glimmora|Glimmora, F|100/100\n|move|p1a: Corviknight|U-turn|p2a: Glimmora\n|-resisted|p2a: Glimmora\n|-damage|p2a: Glimmora|91/100\n|-activate|p2a: Glimmora|ability: Toxic Debris\n|-sidestart|p1: misterricflair|move: Toxic Spikes\n|\n|t:|1782442828\n|switch|p1a: Slowking|Slowking-Galar, M|100/100|[from] U-turn\n|-sideend|p1: misterricflair|move: Toxic Spikes|[of] p1a: Slowking\n|\n|upkeep\n|turn|3\n|\n|t:|1782442832\n|switch|p2a: Kingambit|Kingambit, M|100/100\n|move|p1a: Slowking|Future Sight|p2a: Kingambit\n|-start|p1a: Slowking|move: Future Sight\n|\n|upkeep\n|turn|4\n|\n|t:|1782442837\n|switch|p1a: Zamazenta|Zamazenta|100/100\n|-ability|p1a: Zamazenta|Dauntless Shield|boost\n|-boost|p1a: Zamazenta|def|1\n|move|p2a: Kingambit|Kowtow Cleave|p1a: Zamazenta\n|-resisted|p1a: Zamazenta\n|-damage|p1a: Zamazenta|83/100\n|\n|upkeep\n|turn|5\n|\n|t:|1782442851\n|-end|p2a: Kingambit|fallenundefined|[silent]\n|switch|p2a: Clefable|Clefable, M|100/100\n|move|p1a: Zamazenta|Crunch|p2a: Clefable\n|-resisted|p2a: Clefable\n|-damage|p2a: Clefable|90/100\n|-unboost|p2a: Clefable|def|1\n|\n|-end|p2a: Clefable|move: Future Sight\n|-damage|p2a: Clefable|48/100\n|-heal|p2a: Clefable|54/100|[from] item: Leftovers\n|upkeep\n|turn|6\n|\n|t:|1782442863\n|switch|p1a: Corviknight|Corviknight, F|100/100\n|-ability|p1a: Corviknight|Pressure\n|move|p2a: Clefable|Flamethrower|p1a: Corviknight\n|-supereffective|p1a: Corviknight\n|-damage|p1a: Corviknight|58/100\n|\n|-heal|p2a: Clefable|60/100|[from] item: Leftovers\n|upkeep\n|turn|7\n|\n|t:|1782442877\n|move|p1a: Corviknight|U-turn|p2a: Clefable\n|-resisted|p2a: Clefable\n|-damage|p2a: Clefable|53/100\n|\n|t:|1782442881\n|switch|p1a: Heatran|Heatran, M|100/100|[from] U-turn\n|move|p2a: Clefable|Flamethrower|p1a: Heatran\n|-start|p1a: Heatran|ability: Flash Fire\n|\n|-heal|p2a: Clefable|59/100|[from] item: Leftovers\n|upkeep\n|turn|8\n|\n|t:|1782442888\n|switch|p2a: Great Tusk|Great Tusk|100/100\n|move|p1a: Heatran|Magma Storm|p2a: Great Tusk\n|-damage|p2a: Great Tusk|0 fnt\n|faint|p2a: Great Tusk\n|-end|p2a: Great Tusk|Protosynthesis|[silent]\n|\n|upkeep\n|\n|t:|1782442889\n|switch|p2a: Dragapult|Dragapult, F|100/100\n|turn|9\n|\n|t:|1782442902\n|move|p2a: Dragapult|Shadow Ball|p1a: Heatran\n|-damage|p1a: Heatran|46/100\n|move|p1a: Heatran|Magma Storm|p2a: Dragapult\n|-resisted|p2a: Dragapult\n|-damage|p2a: Dragapult|44/100\n|-activate|p2a: Dragapult|move: Magma Storm|[of] p1a: Heatran\n|\n|-heal|p1a: Heatran|53/100|[from] item: Leftovers\n|-damage|p2a: Dragapult|31/100|[from] move: Magma Storm|[partiallytrapped]\n|upkeep\n|turn|10\n|\n|t:|1782442920\n|move|p2a: Dragapult|Shadow Ball|p1a: Heatran\n|-damage|p1a: Heatran|2/100\n|move|p1a: Heatran|Stealth Rock|p2a: Dragapult\n|-sidestart|p2: OUBotBeepBoop|move: Stealth Rock\n|\n|-heal|p1a: Heatran|9/100|[from] item: Leftovers\n|-damage|p2a: Dragapult|19/100|[from] move: Magma Storm|[partiallytrapped]\n|upkeep\n|turn|11\n|\n|t:|1782442937\n|-end|p1a: Heatran|ability: Flash Fire|[silent]\n|switch|p1a: Corviknight|Corviknight, F|58/100\n|-ability|p1a: Corviknight|Pressure\n|move|p2a: Dragapult|Shadow Ball|p1a: Corviknight\n|-damage|p1a: Corviknight|12/100\n|\n|-end|p2a: Dragapult|Magma Storm|[partiallytrapped]|[silent]\n|upkeep\n|turn|12\n|\n|t:|1782442957\n|move|p2a: Dragapult|Shadow Ball|p1a: Corviknight\n|-damage|p1a: Corviknight|0 fnt\n|faint|p1a: Corviknight\n|\n|upkeep\n|\n|t:|1782442964\n|switch|p1a: Weavile|Weavile, F|100/100\n|-ability|p1a: Weavile|Pressure\n|turn|13\n|\n|t:|1782442971\n|switch|p2a: Corviknight|Corviknight, M|100/100\n|-damage|p2a: Corviknight|88/100|[from] Stealth Rock\n|-ability|p2a: Corviknight|Pressure\n|move|p1a: Weavile|Swords Dance|p1a: Weavile\n|-boost|p1a: Weavile|atk|2\n|\n|-heal|p2a: Corviknight|94/100|[from] item: Leftovers\n|upkeep\n|turn|14\n|\n|t:|1782442987\n|-terastallize|p1a: Weavile|Ice\n|move|p1a: Weavile|Triple Axel|p2a: Corviknight|[miss]\n|-miss|p1a: Weavile|p2a: Corviknight\n|move|p2a: Corviknight|Body Press|p1a: Weavile\n|-supereffective|p1a: Weavile\n|-damage|p1a: Weavile|13/100\n|\n|-heal|p2a: Corviknight|100/100|[from] item: Leftovers\n|upkeep\n|turn|15\n|\n|t:|1782442998\n|move|p1a: Weavile|Triple Axel|p2a: Corviknight\n|-damage|p2a: Corviknight|85/100\n|-damage|p2a: Corviknight|55/100\n|-crit|p2a: Corviknight\n|-damage|p2a: Corviknight|0 fnt\n|faint|p2a: Corviknight\n|-hitcount|p2: Corviknight|3\n|\n|upkeep\n|\n|t:|1782442998\n|switch|p2a: Kingambit|Kingambit, M|100/100\n|-damage|p2a: Kingambit|94/100|[from] Stealth Rock\n|-activate|p2a: Kingambit|ability: Supreme Overlord\n|-start|p2a: Kingambit|fallen2|[silent]\n|turn|16\n|\n|t:|1782443009\n|switch|p1a: Zamazenta|Zamazenta|83/100\n|move|p2a: Kingambit|Sucker Punch||[still]\n|-fail|p2a: Kingambit\n|\n|upkeep\n|turn|17\n|\n|t:|1782443016\n|-end|p2a: Kingambit|fallen2|[silent]\n|switch|p2a: Clefable|Clefable, M|59/100\n|-damage|p2a: Clefable|46/100|[from] Stealth Rock\n|move|p1a: Zamazenta|Roar|p2a: Clefable\n|drag|p2a: Glimmora|Glimmora, F|91/100\n|-damage|p2a: Glimmora|79/100|[from] Stealth Rock\n|\n|upkeep\n|turn|18\n|\n|t:|1782443026\n|switch|p1a: Slowking|Slowking-Galar, M|100/100\n|switch|p2a: Clefable|Clefable, M|46/100\n|-damage|p2a: Clefable|34/100|[from] Stealth Rock\n|\n|-heal|p2a: Clefable|40/100|[from] item: Leftovers\n|upkeep\n|turn|19\n|\n|t:|1782443038\n|switch|p2a: Kingambit|Kingambit, M|94/100\n|-damage|p2a: Kingambit|88/100|[from] Stealth Rock\n|-activate|p2a: Kingambit|ability: Supreme Overlord\n|-start|p2a: Kingambit|fallen2|[silent]\n|move|p1a: Slowking|Toxic|p2a: Kingambit\n|-immune|p2a: Kingambit\n|\n|upkeep\n|turn|20\n|\n|t:|1782443049\n|switch|p1a: Zamazenta|Zamazenta|83/100\n|move|p2a: Kingambit|Kowtow Cleave|p1a: Zamazenta\n|-resisted|p1a: Zamazenta\n|-damage|p1a: Zamazenta|48/100\n|\n|upkeep\n|turn|21\n|\n|t:|1782443056\n|-end|p2a: Kingambit|fallen2|[silent]\n|switch|p2a: Clefable|Clefable, M|40/100\n|-damage|p2a: Clefable|27/100|[from] Stealth Rock\n|move|p1a: Zamazenta|Close Combat|p2a: Clefable\n|-resisted|p2a: Clefable\n|-damage|p2a: Clefable|5/100\n|-unboost|p1a: Zamazenta|def|1\n|-unboost|p1a: Zamazenta|spd|1\n|\n|-heal|p2a: Clefable|11/100|[from] item: Leftovers\n|upkeep\n|turn|22\n|\n|t:|1782443066\n|move|p1a: Zamazenta|Crunch|p2a: Clefable\n|-resisted|p2a: Clefable\n|-damage|p2a: Clefable|2/100\n|-unboost|p2a: Clefable|def|1\n|move|p2a: Clefable|Moonblast|p1a: Zamazenta\n|-supereffective|p1a: Zamazenta\n|-damage|p1a: Zamazenta|0 fnt\n|faint|p1a: Zamazenta\n|\n|-heal|p2a: Clefable|8/100|[from] item: Leftovers\n|upkeep\n|\n|t:|1782443076\n|switch|p1a: Raging Bolt|Raging Bolt|100/100\n|turn|23\n|\n|t:|1782443079\n|switch|p2a: Dragapult|Dragapult, F|19/100\n|-damage|p2a: Dragapult|7/100|[from] Stealth Rock\n|move|p1a: Raging Bolt|Volt Switch|p2a: Dragapult\n|-resisted|p2a: Dragapult\n|-damage|p2a: Dragapult|0 fnt\n|faint|p2a: Dragapult\n|\n|t:|1782443089\n|-end|p1a: Raging Bolt|Protosynthesis|[silent]\n|switch|p1a: Slowking|Slowking-Galar, M|100/100|[from] Volt Switch\n|\n|upkeep\n|\n|t:|1782443089\n|switch|p2a: Kingambit|Kingambit, M|88/100\n|-damage|p2a: Kingambit|82/100|[from] Stealth Rock\n|-activate|p2a: Kingambit|ability: Supreme Overlord\n|-start|p2a: Kingambit|fallen3|[silent]\n|turn|24\n|\n|t:|1782443097\n|move|p2a: Kingambit|Kowtow Cleave|p1a: Slowking\n|-supereffective|p1a: Slowking\n|-damage|p1a: Slowking|0 fnt\n|faint|p1a: Slowking\n|\n|upkeep\n|\n|t:|1782443102\n|switch|p1a: Raging Bolt|Raging Bolt|100/100\n|turn|25\n|\n|t:|1782443110\n|move|p1a: Raging Bolt|Thunderclap|p2a: Kingambit\n|-damage|p2a: Kingambit|17/100\n|move|p2a: Kingambit|Kowtow Cleave|p1a: Raging Bolt\n|-damage|p1a: Raging Bolt|25/100\n|\n|upkeep\n|turn|26\n|\n|t:|1782443116\n|move|p1a: Raging Bolt|Thunderclap|p2a: Kingambit\n|-damage|p2a: Kingambit|0 fnt\n|faint|p2a: Kingambit\n|-end|p2a: Kingambit|fallen3|[silent]\n|\n|upkeep\n|\n|t:|1782443116\n|switch|p2a: Glimmora|Glimmora, F|79/100\n|-damage|p2a: Glimmora|67/100|[from] Stealth Rock\n|turn|27\n|\n|t:|1782443130\n|-end|p1a: Raging Bolt|Protosynthesis|[silent]\n|switch|p1a: Heatran|Heatran, M|9/100\n|move|p2a: Glimmora|Earth Power|p1a: Heatran\n|-supereffective|p1a: Heatran\n|-damage|p1a: Heatran|0 fnt\n|faint|p1a: Heatran\n|\n|upkeep\n|\n|t:|1782443141\n|switch|p1a: Raging Bolt|Raging Bolt|25/100\n|turn|28\n|\n|t:|1782443144\n|move|p1a: Raging Bolt|Thunderclap|p2a: Glimmora\n|-damage|p2a: Glimmora|0 fnt\n|faint|p2a: Glimmora\n|\n|upkeep\n|\n|t:|1782443145\n|switch|p2a: Clefable|Clefable, M|8/100\n|-damage|p2a: Clefable|0 fnt|[from] Stealth Rock\n|faint|p2a: Clefable\n|\n|win|misterricflair\n|raw|misterricflair's rating: 1175 &rarr; <strong>1197</strong><br />(+22 for winning)\n|raw|OUBotBeepBoop's rating: 1137 &rarr; <strong>1115</strong><br />(-22 for losing)\n|l|☆OUBotBeepBoop\n|player|p2|\n", "uploadtime": 1782443185, "views": 25, "formatid": "gen9ou", "rating": 1115, "private": 0, "password": null}