{"id": "gen9ou-2540700024", "format": "[Gen 9] OU", "players": ["dante1310", "oehtwashere"], "log": "|j|☆dante1310\n|j|‽oehtwashere\n|t:|1771242401\n|gametype|singles\n|player|p1|dante1310|morty-gen2|1675\n|player|p2|oehtwashere|ryuki|1657\n|gen|9\n|tier|[Gen 9] OU\n|rated|\n|rule|HP Percentage Mod: HP is shown in percentages\n|rule|Endless Battle Clause: Forcing endless battles is banned\n|rule|Species Clause: Limit one of each Pokémon\n|rule|OHKO Clause: OHKO moves are banned\n|rule|Evasion Items Clause: Evasion items are banned\n|rule|Evasion Moves Clause: Evasion moves are banned\n|rule|Evasion Abilities Clause: Evasion abilities are banned\n|rule|Sleep Moves Clause: Sleep-inducing moves are banned\n|clearpoke\n|poke|p1|Tyranitar, M|\n|poke|p1|Excadrill, M|\n|poke|p1|Hydrapple, F|\n|poke|p1|Moltres|\n|poke|p1|Azumarill, M|\n|poke|p1|Slowking-Galar, F|\n|poke|p2|Volcanion|\n|poke|p2|Rotom-Heat|\n|poke|p2|Cinderace, F|\n|poke|p2|Talonflame, F|\n|poke|p2|Heatran, M|\n|poke|p2|Arcanine-Hisui, F|\n|teampreview\n|inactive|Battle timer is ON: inactive players will automatically lose when time's up. (requested by oehtwashere)\n|\n|t:|1771242406\n|teamsize|p1|6\n|teamsize|p2|6\n|start\n|switch|p1a: Tyranitar|Tyranitar, M|100/100\n|switch|p2a: Cinderace|Cinderace, F|100/100\n|-weather|Sandstorm|[from] ability: Sand Stream|[of] p1a: Tyranitar\n|turn|1\n|\n|t:|1771242412\n|move|p2a: Cinderace|U-turn|p1a: Tyranitar\n|-start|p2a: Cinderace|typechange|Bug|[from] ability: Libero\n|-supereffective|p1a: Tyranitar\n|-damage|p1a: Tyranitar|47/100\n|\n|t:|1771242437\n|switch|p2a: Talonflame|Talonflame, F|100/100|[from] U-turn\n|move|p1a: Tyranitar|Knock Off|p2a: Talonflame\n|-damage|p2a: Talonflame|64/100\n|-status|p1a: Tyranitar|brn|[from] ability: Flame Body|[of] p2a: Talonflame\n|-enditem|p2a: Talonflame|Heavy-Duty Boots|[from] move: Knock Off|[of] p1a: Tyranitar\n|\n|-weather|Sandstorm|[upkeep]\n|-damage|p2a: Talonflame|58/100|[from] Sandstorm\n|-damage|p1a: Tyranitar|41/100 brn|[from] brn\n|upkeep\n|turn|2\n|\n|t:|1771242443\n|move|p2a: Talonflame|Roost|p2a: Talonflame\n|-heal|p2a: Talonflame|100/100\n|-singleturn|p2a: Talonflame|move: Roost\n|move|p1a: Tyranitar|Stealth Rock|p2a: Talonflame\n|-sidestart|p2: oehtwashere|move: Stealth Rock\n|\n|-weather|Sandstorm|[upkeep]\n|-damage|p2a: Talonflame|94/100|[from] Sandstorm\n|-damage|p1a: Tyranitar|35/100 brn|[from] brn\n|upkeep\n|turn|3\n|\n|t:|1771242452\n|switch|p1a: Azumarill|Azumarill, M|100/100\n|move|p2a: Talonflame|Defog|p1a: Azumarill\n|-unboost|p1a: Azumarill|evasion|1\n|-sideend|p2: oehtwashere|Stealth Rock|[from] move: Defog|[of] p2a: Talonflame\n|\n|-weather|Sandstorm|[upkeep]\n|-damage|p2a: Talonflame|88/100|[from] Sandstorm\n|-damage|p1a: Azumarill|94/100|[from] Sandstorm\n|upkeep\n|turn|4\n|\n|t:|1771242455\n|switch|p1a: Slowking|Slowking-Galar, F|100/100\n|move|p2a: Talonflame|Will-O-Wisp|p1a: Slowking\n|-status|p1a: Slowking|brn\n|\n|-weather|Sandstorm|[upkeep]\n|-damage|p2a: Talonflame|82/100|[from] Sandstorm\n|-damage|p1a: Slowking|94/100 brn|[from] Sandstorm\n|-heal|p1a: Slowking|100/100 brn|[from] item: Black Sludge\n|-damage|p1a: Slowking|94/100 brn|[from] brn\n|upkeep\n|turn|5\n|\n|t:|1771242458\n|switch|p2a: Heatran|Heatran, M|100/100\n|move|p1a: Slowking|Future Sight|p2a: Heatran\n|-start|p1a: Slowking|move: Future Sight\n|\n|-weather|none\n|-heal|p1a: Slowking|100/100 brn|[from] item: Black Sludge\n|-damage|p1a: Slowking|94/100 brn|[from] brn\n|upkeep\n|turn|6\n|\n|t:|1771242460\n|move|p2a: Heatran|Stealth Rock|p1a: Slowking\n|-sidestart|p1: dante1310|move: Stealth Rock\n|-prepare|p1a: Slowking|Chilly Reception|[premajor]\n|move|p1a: Slowking|Chilly Reception|p1a: Slowking\n|-weather|Snowscape\n|\n|t:|1771242462\n|switch|p1a: Excadrill|Excadrill, M|100/100|[from] Chilly Reception\n|-damage|p1a: Excadrill|97/100|[from] Stealth Rock\n|\n|-weather|Snowscape|[upkeep]\n|-heal|p1a: Excadrill|100/100|[from] item: Leftovers\n|upkeep\n|turn|7\n|\n|t:|1771242469\n|switch|p2a: Rotom|Rotom-Heat|100/100\n|move|p1a: Excadrill|Substitute|p1a: Excadrill\n|-start|p1a: Excadrill|Substitute\n|-damage|p1a: Excadrill|76/100\n|\n|-weather|Snowscape|[upkeep]\n|-end|p2a: Rotom|move: Future Sight\n|-damage|p2a: Rotom|50/100\n|-heal|p1a: Excadrill|82/100|[from] item: Leftovers\n|upkeep\n|turn|8\n|\n|t:|1771242475\n|move|p1a: Excadrill|Rapid Spin|p2a: Rotom\n|-damage|p2a: Rotom|35/100\n|-boost|p1a: Excadrill|spe|1\n|-sideend|p1: dante1310|Stealth Rock|[from] move: Rapid Spin|[of] p1a: Excadrill\n|move|p2a: Rotom|Foul Play|p1a: Excadrill\n|-end|p1a: Excadrill|Substitute\n|\n|-weather|Snowscape|[upkeep]\n|-heal|p1a: Excadrill|88/100|[from] item: Leftovers\n|upkeep\n|turn|9\n|\n|t:|1771242484\n|move|p1a: Excadrill|Rock Slide|p2a: Rotom\n|-supereffective|p2a: Rotom\n|-damage|p2a: Rotom|0 fnt\n|faint|p2a: Rotom\n|\n|-weather|Snowscape|[upkeep]\n|-heal|p1a: Excadrill|94/100|[from] item: Leftovers\n|upkeep\n|\n|t:|1771242497\n|switch|p2a: Talonflame|Talonflame, F|82/100\n|turn|10\n|\n|t:|1771242502\n|-terastallize|p2a: Talonflame|Grass\n|move|p1a: Excadrill|Substitute|p1a: Excadrill\n|-start|p1a: Excadrill|Substitute\n|-damage|p1a: Excadrill|69/100\n|move|p2a: Talonflame|Flamethrower|p1a: Excadrill\n|-supereffective|p1a: Excadrill\n|-end|p1a: Excadrill|Substitute\n|\n|-weather|none\n|-heal|p1a: Excadrill|75/100|[from] item: Leftovers\n|upkeep\n|turn|11\n|\n|t:|1771242508\n|switch|p1a: Tyranitar|Tyranitar, M|35/100 brn\n|-weather|Sandstorm|[from] ability: Sand Stream|[of] p1a: Tyranitar\n|move|p2a: Talonflame|Flamethrower|p1a: Tyranitar\n|-resisted|p1a: Tyranitar\n|-damage|p1a: Tyranitar|30/100 brn\n|\n|-weather|Sandstorm|[upkeep]\n|-damage|p2a: Talonflame|76/100|[from] Sandstorm\n|-damage|p1a: Tyranitar|24/100 brn|[from] brn\n|upkeep\n|turn|12\n|\n|t:|1771242514\n|move|p2a: Talonflame|Flamethrower|p1a: Tyranitar\n|-resisted|p1a: Tyranitar\n|-damage|p1a: Tyranitar|19/100 brn\n|move|p1a: Tyranitar|Ice Beam|p2a: Talonflame\n|-supereffective|p2a: Talonflame\n|-damage|p2a: Talonflame|24/100\n|\n|-weather|Sandstorm|[upkeep]\n|-damage|p2a: Talonflame|18/100|[from] Sandstorm\n|-damage|p1a: Tyranitar|13/100 brn|[from] brn\n|upkeep\n|turn|13\n|\n|t:|1771242519\n|switch|p2a: Heatran|Heatran, M|100/100\n|move|p1a: Tyranitar|Stealth Rock|p2a: Heatran\n|-sidestart|p2: oehtwashere|move: Stealth Rock\n|\n|-weather|Sandstorm|[upkeep]\n|-damage|p1a: Tyranitar|6/100 brn|[from] brn\n|upkeep\n|turn|14\n|\n|t:|1771242523\n|move|p2a: Heatran|Protect|p2a: Heatran\n|-singleturn|p2a: Heatran|Protect\n|move|p1a: Tyranitar|Low Kick|p2a: Heatran\n|-activate|p2a: Heatran|move: Protect\n|\n|-weather|Sandstorm|[upkeep]\n|-damage|p1a: Tyranitar|0 fnt|[from] brn\n|faint|p1a: Tyranitar\n|upkeep\n|\n|t:|1771242528\n|switch|p1a: Excadrill|Excadrill, M|75/100\n|turn|15\n|\n|t:|1771242536\n|move|p2a: Heatran|Protect|p2a: Heatran\n|-singleturn|p2a: Heatran|Protect\n|move|p1a: Excadrill|Earthquake|p2a: Heatran\n|-activate|p2a: Heatran|move: Protect\n|\n|-weather|none\n|-heal|p1a: Excadrill|81/100|[from] item: Leftovers\n|upkeep\n|turn|16\n|\n|t:|1771242539\n|switch|p2a: Talonflame|Talonflame, F, tera:Grass|18/100\n|-damage|p2a: Talonflame|6/100|[from] Stealth Rock\n|move|p1a: Excadrill|Earthquake|p2a: Talonflame\n|-resisted|p2a: Talonflame\n|-crit|p2a: Talonflame\n|-damage|p2a: Talonflame|0 fnt\n|faint|p2a: Talonflame\n|\n|-heal|p1a: Excadrill|87/100|[from] item: Leftovers\n|upkeep\n|\n|t:|1771242542\n|switch|p2a: Cinderace|Cinderace, F|100/100\n|turn|17\n|j| hbgzd\n|\n|t:|1771242547\n|switch|p1a: Moltres|Moltres|100/100\n|move|p2a: Cinderace|Court Change|p2a: Cinderace\n|-start|p2a: Cinderace|typechange|Normal|[from] ability: Libero\n|-swapsideconditions\n|-activate|p2a: Cinderace|move: Court Change\n|\n|upkeep\n|turn|18\n|\n|t:|1771242551\n|switch|p2a: Volcanion|Volcanion|100/100\n|move|p1a: Moltres|U-turn|p2a: Volcanion\n|-resisted|p2a: Volcanion\n|-damage|p2a: Volcanion|95/100\n|\n|t:|1771242556\n|switch|p1a: Slowking|Slowking-Galar, F|100/100 brn|[from] U-turn\n|-damage|p1a: Slowking|88/100 brn|[from] Stealth Rock\n|\n|-heal|p1a: Slowking|94/100 brn|[from] item: Black Sludge\n|-damage|p1a: Slowking|88/100 brn|[from] brn\n|upkeep\n|turn|19\n|\n|t:|1771242558\n|switch|p2a: Heatran|Heatran, M|100/100\n|move|p1a: Slowking|Trick|p2a: Heatran\n|-activate|p1a: Slowking|move: Trick|[of] p2a: Heatran\n|-item|p2a: Heatran|Black Sludge|[from] move: Trick\n|-item|p1a: Slowking|Leftovers|[from] move: Trick\n|\n|-damage|p2a: Heatran|88/100|[from] item: Black Sludge\n|-heal|p1a: Slowking|94/100 brn|[from] item: Leftovers\n|-damage|p1a: Slowking|88/100 brn|[from] brn\n|upkeep\n|turn|20\n|\n|t:|1771242563\n|move|p2a: Heatran|Earth Power|p1a: Slowking\n|-supereffective|p1a: Slowking\n|-damage|p1a: Slowking|46/100 brn\n|-prepare|p1a: Slowking|Chilly Reception|[premajor]\n|move|p1a: Slowking|Chilly Reception|p1a: Slowking\n|-weather|Snowscape\n|\n|t:|1771242565\n|switch|p1a: Excadrill|Excadrill, M|87/100|[from] Chilly Reception\n|-damage|p1a: Excadrill|84/100|[from] Stealth Rock\n|\n|-weather|Snowscape|[upkeep]\n|-heal|p1a: Excadrill|90/100|[from] item: Leftovers\n|-damage|p2a: Heatran|76/100|[from] item: Black Sludge\n|upkeep\n|turn|21\n|\n|t:|1771242569\n|move|p1a: Excadrill|Earthquake|p2a: Heatran\n|-supereffective|p2a: Heatran\n|-damage|p2a: Heatran|0 fnt\n|faint|p2a: Heatran\n|\n|-weather|Snowscape|[upkeep]\n|-heal|p1a: Excadrill|96/100|[from] item: Leftovers\n|upkeep\n|\n|t:|1771242571\n|switch|p2a: Cinderace|Cinderace, F|100/100\n|turn|22\n|\n|t:|1771242574\n|switch|p1a: Moltres|Moltres|100/100\n|move|p2a: Cinderace|U-turn|p1a: Moltres\n|-start|p2a: Cinderace|typechange|Bug|[from] ability: Libero\n|-resisted|p1a: Moltres\n|-damage|p1a: Moltres|95/100\n|\n|t:|1771242576\n|switch|p2a: Arcanine|Arcanine-Hisui, F|100/100|[from] U-turn\n|\n|-weather|Snowscape|[upkeep]\n|upkeep\n|turn|23\n|\n|t:|1771242580\n|switch|p1a: Hydrapple|Hydrapple, F|100/100\n|move|p2a: Arcanine|Head Smash|p1a: Hydrapple\n|-damage|p1a: Hydrapple|37/100\n|\n|-weather|Snowscape|[upkeep]\n|upkeep\n|turn|24\n|\n|t:|1771242584\n|move|p2a: Arcanine|Head Smash|p1a: Hydrapple\n|-damage|p1a: Hydrapple|0 fnt\n|faint|p1a: Hydrapple\n|\n|-weather|none\n|upkeep\n|\n|t:|1771242586\n|switch|p1a: Excadrill|Excadrill, M|96/100\n|-damage|p1a: Excadrill|93/100|[from] Stealth Rock\n|turn|25\n|\n|t:|1771242589\n|switch|p2a: Volcanion|Volcanion|95/100\n|move|p1a: Excadrill|Earthquake|p2a: Volcanion\n|-supereffective|p2a: Volcanion\n|-damage|p2a: Volcanion|13/100\n|\n|-heal|p1a: Excadrill|99/100|[from] item: Leftovers\n|upkeep\n|turn|26\n|\n|t:|1771242593\n|move|p1a: Excadrill|Earthquake|p2a: Volcanion\n|-supereffective|p2a: Volcanion\n|-damage|p2a: Volcanion|0 fnt\n|faint|p2a: Volcanion\n|\n|-heal|p1a: Excadrill|100/100|[from] item: Leftovers\n|upkeep\n|\n|t:|1771242595\n|switch|p2a: Cinderace|Cinderace, F|100/100\n|turn|27\n|\n|t:|1771242599\n|switch|p1a: Moltres|Moltres|95/100\n|move|p2a: Cinderace|U-turn|p1a: Moltres\n|-start|p2a: Cinderace|typechange|Bug|[from] ability: Libero\n|-resisted|p1a: Moltres\n|-damage|p1a: Moltres|89/100\n|\n|t:|1771242601\n|switch|p2a: Arcanine|Arcanine-Hisui, F|100/100|[from] U-turn\n|\n|upkeep\n|turn|28\n|\n|t:|1771242605\n|move|p2a: Arcanine|Head Smash|p1a: Moltres\n|-supereffective|p1a: Moltres\n|-damage|p1a: Moltres|0 fnt\n|faint|p1a: Moltres\n|\n|upkeep\n|\n|t:|1771242608\n|switch|p1a: Azumarill|Azumarill, M|94/100\n|-damage|p1a: Azumarill|82/100|[from] Stealth Rock\n|turn|29\n|\n|t:|1771242610\n|move|p1a: Azumarill|Aqua Jet|p2a: Arcanine\n|-supereffective|p2a: Arcanine\n|-damage|p2a: Arcanine|0 fnt\n|faint|p2a: Arcanine\n|\n|upkeep\n|\n|t:|1771242612\n|switch|p2a: Cinderace|Cinderace, F|100/100\n|turn|30\n|\n|t:|1771242615\n|move|p1a: Azumarill|Aqua Jet|p2a: Cinderace\n|-supereffective|p2a: Cinderace\n|-damage|p2a: Cinderace|26/100\n|move|p2a: Cinderace|Pyro Ball|p1a: Azumarill\n|-resisted|p1a: Azumarill\n|-damage|p1a: Azumarill|53/100\n|\n|upkeep\n|turn|31\n|-message|oehtwashere forfeited.\n|\n|win|dante1310\n|raw|dante1310's rating: 1675 &rarr; <strong>1694</strong><br />(+19 for winning)\n|raw|oehtwashere's rating: 1657 &rarr; <strong>1638</strong><br />(-19 for losing)\n|l|‽oehtwashere\n|player|p2|\n|l|☆dante1310\n|player|p1|\n", "uploadtime": 1771242759, "views": 9, "formatid": "gen9ou", "rating": 1638, "private": 0, "password": null}