{"id": "gen9ou-2639884210", "format": "[Gen 9] OU", "players": ["tokyo sushi", "temporarylight"], "log": "|badge|p2|bronze|gen9ou|100-9\n|html|<div class=\"broadcast-red\"><strong>This battle is required to be public due to one or more player having a season medal.</strong><br />During the public phase, you can discuss the state of the ladder <a href=\"/seasondiscussion\">in a special chatroom.</a></div>\n|uhtml|medal-msg|<div class=\"broadcast-blue\">Curious what those medals under the avatar are? PS now has Ladder Seasons! For more information, check out the <a href=\"https://www.smogon.com/forums/threads/3740067/\">thread on Smogon.</a></div>\n|raw|<div class=\"broadcast-blue\"><strong>This battle is required to be public due to a player having a name starting with 'medal'.</div>\n|j|☆tokyo sushi\n|j|☆temporarylight\n|t:|1782535957\n|gametype|singles\n|player|p1|tokyo sushi|lass-gen4dp|1740\n|player|p2|temporarylight|jogger|1808\n|gen|9\n|tier|[Gen 9] OU\n|rated|\n|rule|HP Percentage Mod: HP is shown in percentages\n|rule|Endless Battle Clause: Forcing endless battles is banned\n|rule|Species Clause: Limit one of each Pokémon\n|rule|OHKO Clause: OHKO moves are banned\n|rule|Evasion Items Clause: Evasion items are banned\n|rule|Evasion Moves Clause: Evasion moves are banned\n|rule|Evasion Abilities Clause: Evasion abilities are banned\n|rule|Sleep Moves Clause: Sleep-inducing moves are banned\n|clearpoke\n|poke|p1|Ogerpon-Wellspring, F|\n|poke|p1|Kyurem|\n|poke|p1|Glimmora, M|\n|poke|p1|Great Tusk|\n|poke|p1|Kingambit, M|\n|poke|p1|Enamorus, F|\n|poke|p2|Garchomp, M|\n|poke|p2|Darkrai|\n|poke|p2|Gholdengo|\n|poke|p2|Ogerpon-Wellspring, F|\n|poke|p2|Iron Valiant|\n|poke|p2|Iron Treads|\n|teampreview\n|inactive|Battle timer is ON: inactive players will automatically lose when time's up. (requested by tokyo sushi)\n|\n|t:|1782535977\n|teamsize|p1|6\n|teamsize|p2|6\n|start\n|switch|p1a: Ogerpon|Ogerpon-Wellspring, F|100/100\n|switch|p2a: Darkrai|Darkrai|100/100\n|turn|1\n|c|☆temporarylight|BBBBBBBBBBBBBBBBBBBBBBBBBBBBBBB\n|\n|t:|1782535987\n|move|p2a: Darkrai|Sludge Bomb|p1a: Ogerpon\n|-supereffective|p1a: Ogerpon\n|-damage|p1a: Ogerpon|19/100\n|-status|p1a: Ogerpon|psn\n|move|p1a: Ogerpon|U-turn|p2a: Darkrai\n|-supereffective|p2a: Darkrai\n|-damage|p2a: Darkrai|26/100\n|\n|t:|1782535990\n|switch|p1a: Enamorus|Enamorus, F|100/100|[from] U-turn\n|\n|upkeep\n|turn|2\n|\n|t:|1782535999\n|switch|p2a: Iron Treads|Iron Treads|100/100\n|move|p1a: Enamorus|Earth Power|p2a: Iron Treads\n|-supereffective|p2a: Iron Treads\n|-damage|p2a: Iron Treads|23/100\n|\n|-heal|p2a: Iron Treads|29/100|[from] item: Leftovers\n|upkeep\n|turn|3\n|\n|t:|1782536002\n|-end|p2a: Iron Treads|Quark Drive|[silent]\n|switch|p2a: Gholdengo|Gholdengo|100/100\n|-item|p2a: Gholdengo|Air Balloon\n|move|p1a: Enamorus|Earth Power|p2a: Gholdengo\n|-immune|p2a: Gholdengo\n|\n|upkeep\n|turn|4\n|\n|t:|1782536012\n|switch|p1a: Ogerpon|Ogerpon-Wellspring, F|19/100 psn\n|move|p2a: Gholdengo|Make It Rain|p1a: Ogerpon\n|-resisted|p1a: Ogerpon\n|-damage|p1a: Ogerpon|0 fnt\n|-unboost|p2a: Gholdengo|spa|1\n|faint|p1a: Ogerpon\n|\n|upkeep\n|\n|t:|1782536017\n|switch|p1a: Kingambit|Kingambit, M|100/100\n|-activate|p1a: Kingambit|ability: Supreme Overlord\n|-start|p1a: Kingambit|fallen1|[silent]\n|turn|5\n|\n|t:|1782536026\n|switch|p2a: Garchomp|Garchomp, M|100/100\n|move|p1a: Kingambit|Swords Dance|p1a: Kingambit\n|-boost|p1a: Kingambit|atk|2\n|\n|upkeep\n|turn|6\n|\n|t:|1782536030\n|-end|p1a: Kingambit|fallen1|[silent]\n|switch|p1a: Enamorus|Enamorus, F|100/100\n|move|p2a: Garchomp|Earthquake|p1a: Enamorus\n|-immune|p1a: Enamorus\n|\n|upkeep\n|turn|7\n|\n|t:|1782536039\n|switch|p2a: Iron Treads|Iron Treads|29/100\n|move|p1a: Enamorus|Moonblast|p2a: Iron Treads\n|-resisted|p2a: Iron Treads\n|-damage|p2a: Iron Treads|0 fnt\n|faint|p2a: Iron Treads\n|-end|p2a: Iron Treads|Quark Drive|[silent]\n|\n|upkeep\n|\n|t:|1782536043\n|switch|p2a: Gholdengo|Gholdengo|100/100\n|-item|p2a: Gholdengo|Air Balloon\n|turn|8\n|\n|t:|1782536047\n|switch|p1a: Kingambit|Kingambit, M|100/100\n|-activate|p1a: Kingambit|ability: Supreme Overlord\n|-start|p1a: Kingambit|fallen1|[silent]\n|move|p2a: Gholdengo|Thunder Wave|p1a: Kingambit\n|-status|p1a: Kingambit|par\n|\n|upkeep\n|turn|9\n|\n|t:|1782536051\n|switch|p2a: Garchomp|Garchomp, M|100/100\n|-end|p1a: Kingambit|fallen1|[silent]\n|switch|p1a: Enamorus|Enamorus, F|100/100\n|\n|upkeep\n|turn|10\n|\n|t:|1782536054\n|switch|p2a: Gholdengo|Gholdengo|100/100\n|-item|p2a: Gholdengo|Air Balloon\n|move|p1a: Enamorus|Moonblast|p2a: Gholdengo\n|-resisted|p2a: Gholdengo\n|-damage|p2a: Gholdengo|73/100\n|-unboost|p2a: Gholdengo|spa|1\n|-enditem|p2a: Gholdengo|Air Balloon\n|\n|upkeep\n|turn|11\n|\n|t:|1782536057\n|switch|p2a: Garchomp|Garchomp, M|100/100\n|move|p1a: Enamorus|Moonblast|p2a: Garchomp\n|-supereffective|p2a: Garchomp\n|-damage|p2a: Garchomp|0 fnt\n|faint|p2a: Garchomp\n|\n|upkeep\n|\n|t:|1782536064\n|switch|p2a: Gholdengo|Gholdengo|73/100\n|turn|12\n|\n|t:|1782536068\n|switch|p1a: Kingambit|Kingambit, M|100/100 par\n|-activate|p1a: Kingambit|ability: Supreme Overlord\n|-start|p1a: Kingambit|fallen1|[silent]\n|move|p2a: Gholdengo|Make It Rain|p1a: Kingambit\n|-resisted|p1a: Kingambit\n|-damage|p1a: Kingambit|72/100 par\n|-unboost|p2a: Gholdengo|spa|1\n|\n|-heal|p1a: Kingambit|78/100 par|[from] item: Leftovers\n|upkeep\n|turn|13\n|\n|t:|1782536073\n|switch|p2a: Ogerpon|Ogerpon-Wellspring, F|100/100\n|move|p1a: Kingambit|Iron Head|p2a: Ogerpon\n|-resisted|p2a: Ogerpon\n|-damage|p2a: Ogerpon|71/100\n|\n|-heal|p1a: Kingambit|84/100 par|[from] item: Leftovers\n|upkeep\n|turn|14\n|\n|t:|1782536084\n|switch|p2a: Iron Valiant|Iron Valiant|100/100\n|-enditem|p2a: Iron Valiant|Booster Energy\n|-activate|p2a: Iron Valiant|ability: Quark Drive|[fromitem]\n|-start|p2a: Iron Valiant|quarkdrivespe\n|move|p1a: Kingambit|Kowtow Cleave|p2a: Iron Valiant\n|-resisted|p2a: Iron Valiant\n|-damage|p2a: Iron Valiant|83/100\n|\n|-heal|p1a: Kingambit|90/100 par|[from] item: Leftovers\n|upkeep\n|turn|15\n|\n|t:|1782536098\n|move|p2a: Iron Valiant|Encore|p1a: Kingambit\n|-start|p1a: Kingambit|Encore\n|move|p1a: Kingambit|Kowtow Cleave|p2a: Iron Valiant\n|-resisted|p2a: Iron Valiant\n|-crit|p2a: Iron Valiant\n|-damage|p2a: Iron Valiant|54/100\n|\n|-heal|p1a: Kingambit|96/100 par|[from] item: Leftovers\n|upkeep\n|turn|16\n|\n|t:|1782536105\n|-end|p1a: Kingambit|fallen1|[silent]\n|switch|p1a: Glimmora|Glimmora, M|100/100\n|move|p2a: Iron Valiant|Calm Mind|p2a: Iron Valiant\n|-boost|p2a: Iron Valiant|spa|1\n|-boost|p2a: Iron Valiant|spd|1\n|\n|upkeep\n|turn|17\n|\n|t:|1782536118\n|move|p2a: Iron Valiant|Thunderbolt|p1a: Glimmora\n|-damage|p1a: Glimmora|54/100\n|-status|p1a: Glimmora|par\n|-enditem|p1a: Glimmora|Red Card|[of] p2a: Iron Valiant\n|-end|p2a: Iron Valiant|Quark Drive|[silent]\n|drag|p2a: Ogerpon|Ogerpon-Wellspring, F|71/100\n|move|p1a: Glimmora|Earth Power|p2a: Ogerpon\n|-resisted|p2a: Ogerpon\n|-damage|p2a: Ogerpon|58/100\n|\n|upkeep\n|turn|18\n|\n|t:|1782536129\n|move|p2a: Ogerpon|Synthesis|p2a: Ogerpon\n|-heal|p2a: Ogerpon|100/100\n|cant|p1a: Glimmora|par\n|\n|upkeep\n|turn|19\n|\n|t:|1782536131\n|move|p2a: Ogerpon|Ivy Cudgel|p1a: Glimmora|[anim] Ivy Cudgel Water\n|-supereffective|p1a: Glimmora\n|-damage|p1a: Glimmora|0 fnt\n|-activate|p1a: Glimmora|ability: Toxic Debris\n|-sidestart|p2: temporarylight|move: Toxic Spikes\n|faint|p1a: Glimmora\n|\n|upkeep\n|\n|t:|1782536139\n|switch|p1a: Kyurem|Kyurem|100/100\n|-ability|p1a: Kyurem|Pressure\n|turn|20\n|\n|t:|1782536152\n|switch|p2a: Iron Valiant|Iron Valiant|54/100\n|-status|p2a: Iron Valiant|psn\n|move|p1a: Kyurem|Dragon Dance|p1a: Kyurem\n|-boost|p1a: Kyurem|atk|1\n|-boost|p1a: Kyurem|spe|1\n|\n|-damage|p2a: Iron Valiant|42/100 psn|[from] psn\n|upkeep\n|turn|21\n|\n|t:|1782536159\n|move|p1a: Kyurem|Icicle Spear|p2a: Iron Valiant\n|-damage|p2a: Iron Valiant|18/100 psn\n|-damage|p2a: Iron Valiant|0 fnt\n|faint|p2a: Iron Valiant\n|-end|p2a: Iron Valiant|Quark Drive|[silent]\n|-hitcount|p2: Iron Valiant|2\n|\n|upkeep\n|\n|t:|1782536162\n|switch|p2a: Gholdengo|Gholdengo|73/100\n|turn|22\n|\n|t:|1782536166\n|switch|p1a: Kingambit|Kingambit, M|96/100 par\n|-activate|p1a: Kingambit|ability: Supreme Overlord\n|-start|p1a: Kingambit|fallen2|[silent]\n|move|p2a: Gholdengo|Thunder Wave|p1a: Kingambit\n|-fail|p1a: Kingambit|par\n|\n|-heal|p1a: Kingambit|100/100 par|[from] item: Leftovers\n|upkeep\n|turn|23\n|j| daddy (rotom)\n|\n|t:|1782536172\n|move|p2a: Gholdengo|Hex|p1a: Kingambit\n|-resisted|p1a: Kingambit\n|-damage|p1a: Kingambit|70/100 par\n|cant|p1a: Kingambit|par\n|\n|-heal|p1a: Kingambit|76/100 par|[from] item: Leftovers\n|upkeep\n|turn|24\n|\n|t:|1782536174\n|move|p2a: Gholdengo|Hex|p1a: Kingambit\n|-resisted|p1a: Kingambit\n|-damage|p1a: Kingambit|45/100 par\n|cant|p1a: Kingambit|par\n|\n|-heal|p1a: Kingambit|51/100 par|[from] item: Leftovers\n|upkeep\n|turn|25\n|\n|t:|1782536177\n|move|p2a: Gholdengo|Hex|p1a: Kingambit\n|-resisted|p1a: Kingambit\n|-damage|p1a: Kingambit|23/100 par\n|cant|p1a: Kingambit|par\n|\n|-heal|p1a: Kingambit|29/100 par|[from] item: Leftovers\n|upkeep\n|turn|26\n|-message|temporarylight forfeited.\n|\n|win|tokyo sushi\n|raw|tokyo sushi's rating: 1740 &rarr; <strong>1764</strong><br />(+24 for winning)\n|raw|temporarylight's rating: 1808 &rarr; <strong>1784</strong><br />(-24 for losing)\n", "uploadtime": 1782536194, "views": 27, "formatid": "gen9ou", "rating": 1764, "private": 0, "password": null}