{"id": "gen9ou-2540692824", "format": "[Gen 9] OU", "players": ["isaac_pruebas", "oehtwashere"], "log": "|j|☆isaac_pruebas\n|j|‽oehtwashere\n|t:|1771241247\n|gametype|singles\n|player|p1|isaac_pruebas|acetrainer-gen4dp|1809\n|player|p2|oehtwashere|ryuki|1662\n|gen|9\n|tier|[Gen 9] OU\n|rated|\n|rule|HP Percentage Mod: HP is shown in percentages\n|rule|Endless Battle Clause: Forcing endless battles is banned\n|rule|Species Clause: Limit one of each Pokémon\n|rule|OHKO Clause: OHKO moves are banned\n|rule|Evasion Items Clause: Evasion items are banned\n|rule|Evasion Moves Clause: Evasion moves are banned\n|rule|Evasion Abilities Clause: Evasion abilities are banned\n|rule|Sleep Moves Clause: Sleep-inducing moves are banned\n|clearpoke\n|poke|p1|Primarina, F|\n|poke|p1|Raging Bolt|\n|poke|p1|Heatran, M|\n|poke|p1|Weezing-Galar, M|\n|poke|p1|Garchomp, M|\n|poke|p1|Weavile, M|\n|poke|p2|Volcanion|\n|poke|p2|Rotom-Heat|\n|poke|p2|Cinderace, M|\n|poke|p2|Talonflame, M|\n|poke|p2|Heatran, M|\n|poke|p2|Arcanine-Hisui, F|\n|teampreview\n|inactive|Battle timer is ON: inactive players will automatically lose when time's up. (requested by oehtwashere)\n|\n|t:|1771241256\n|teamsize|p1|6\n|teamsize|p2|6\n|start\n|switch|p1a: Garchomp|Garchomp, M|100/100\n|switch|p2a: Cinderace|Cinderace, M|100/100\n|turn|1\n|\n|t:|1771241258\n|move|p1a: Garchomp|Earthquake|p2a: Cinderace\n|-supereffective|p2a: Cinderace\n|-damage|p2a: Cinderace|0 fnt\n|faint|p2a: Cinderace\n|\n|upkeep\n|\n|t:|1771241261\n|switch|p2a: Rotom|Rotom-Heat|100/100\n|turn|2\n|\n|t:|1771241263\n|switch|p1a: Heatran|Heatran, M|100/100\n|move|p2a: Rotom|Nasty Plot|p2a: Rotom\n|-boost|p2a: Rotom|spa|2\n|\n|upkeep\n|turn|3\n|\n|t:|1771241268\n|move|p2a: Rotom|Thunderbolt|p1a: Heatran\n|-damage|p1a: Heatran|56/100\n|move|p1a: Heatran|Power Gem|p2a: Rotom\n|-supereffective|p2a: Rotom\n|-damage|p2a: Rotom|16/100\n|\n|upkeep\n|turn|4\n|\n|t:|1771241271\n|move|p2a: Rotom|Thunderbolt|p1a: Heatran\n|-damage|p1a: Heatran|12/100\n|move|p1a: Heatran|Lava Plume|p2a: Rotom\n|-resisted|p2a: Rotom\n|-damage|p2a: Rotom|0 fnt\n|faint|p2a: Rotom\n|\n|upkeep\n|\n|t:|1771241276\n|switch|p2a: Arcanine|Arcanine-Hisui, F|100/100\n|turn|5\n|\n|t:|1771241278\n|move|p2a: Arcanine|Head Smash|p1a: Heatran\n|-damage|p1a: Heatran|0 fnt\n|faint|p1a: Heatran\n|\n|upkeep\n|\n|t:|1771241290\n|switch|p1a: Garchomp|Garchomp, M|100/100\n|turn|6\n|\n|t:|1771241293\n|switch|p2a: Talonflame|Talonflame, M|100/100\n|move|p1a: Garchomp|Rock Slide|p2a: Talonflame\n|-supereffective|p2a: Talonflame\n|-crit|p2a: Talonflame\n|-damage|p2a: Talonflame|0 fnt\n|faint|p2a: Talonflame\n|\n|upkeep\n|\n|t:|1771241295\n|switch|p2a: Heatran|Heatran, M|100/100\n|turn|7\n|\n|t:|1771241300\n|switch|p1a: Primarina|Primarina, F, shiny|100/100\n|move|p2a: Heatran|Stealth Rock|p1a: Primarina\n|-sidestart|p1: isaac_pruebas|move: Stealth Rock\n|\n|upkeep\n|turn|8\n|\n|t:|1771241303\n|switch|p2a: Volcanion|Volcanion|100/100\n|move|p1a: Primarina|Calm Mind|p1a: Primarina\n|-boost|p1a: Primarina|spa|1\n|-boost|p1a: Primarina|spd|1\n|\n|upkeep\n|turn|9\n|\n|t:|1771241306\n|move|p2a: Volcanion|Fire Spin|p1a: Primarina|[miss]\n|-miss|p2a: Volcanion|p1a: Primarina\n|move|p1a: Primarina|Calm Mind|p1a: Primarina\n|-boost|p1a: Primarina|spa|1\n|-boost|p1a: Primarina|spd|1\n|\n|upkeep\n|turn|10\n|\n|t:|1771241309\n|move|p2a: Volcanion|Fire Spin|p1a: Primarina\n|-resisted|p1a: Primarina\n|-damage|p1a: Primarina|97/100\n|-activate|p1a: Primarina|move: Fire Spin|[of] p2a: Volcanion\n|move|p1a: Primarina|Draining Kiss|p2a: Volcanion\n|-resisted|p2a: Volcanion\n|-damage|p2a: Volcanion|72/100\n|-heal|p1a: Primarina|100/100|[from] drain|[of] p2a: Volcanion\n|\n|-damage|p1a: Primarina|88/100|[from] move: Fire Spin|[partiallytrapped]\n|upkeep\n|turn|11\n|\n|t:|1771241313\n|move|p2a: Volcanion|Taunt|p1a: Primarina\n|-start|p1a: Primarina|move: Taunt\n|cant|p1a: Primarina|move: Taunt|Calm Mind\n|\n|-heal|p1a: Primarina|94/100|[from] item: Leftovers\n|-damage|p1a: Primarina|82/100|[from] move: Fire Spin|[partiallytrapped]\n|upkeep\n|turn|12\n|\n|t:|1771241317\n|move|p2a: Volcanion|Steam Eruption|p1a: Primarina\n|-resisted|p1a: Primarina\n|-damage|p1a: Primarina|71/100\n|move|p1a: Primarina|Draining Kiss|p2a: Volcanion\n|-resisted|p2a: Volcanion\n|-damage|p2a: Volcanion|43/100\n|-heal|p1a: Primarina|93/100|[from] drain|[of] p2a: Volcanion\n|\n|-heal|p1a: Primarina|99/100|[from] item: Leftovers\n|-damage|p1a: Primarina|86/100|[from] move: Fire Spin|[partiallytrapped]\n|upkeep\n|turn|13\n|\n|t:|1771241321\n|move|p2a: Volcanion|Steam Eruption|p1a: Primarina|[miss]\n|-miss|p2a: Volcanion|p1a: Primarina\n|move|p1a: Primarina|Draining Kiss|p2a: Volcanion\n|-resisted|p2a: Volcanion\n|-damage|p2a: Volcanion|16/100\n|-heal|p1a: Primarina|100/100|[from] drain|[of] p2a: Volcanion\n|\n|-damage|p1a: Primarina|88/100|[from] move: Fire Spin|[partiallytrapped]\n|-end|p1a: Primarina|move: Taunt\n|upkeep\n|turn|14\n|\n|t:|1771241323\n|move|p2a: Volcanion|Earth Power|p1a: Primarina\n|-damage|p1a: Primarina|77/100\n|move|p1a: Primarina|Draining Kiss|p2a: Volcanion\n|-resisted|p2a: Volcanion\n|-crit|p2a: Volcanion\n|-damage|p2a: Volcanion|0 fnt\n|-heal|p1a: Primarina|90/100|[from] drain|[of] p2a: Volcanion\n|faint|p2a: Volcanion\n|\n|-heal|p1a: Primarina|96/100|[from] item: Leftovers\n|-end|p1a: Primarina|Fire Spin|[partiallytrapped]|[silent]\n|upkeep\n|\n|t:|1771241326\n|switch|p2a: Arcanine|Arcanine-Hisui, F|100/100\n|turn|15\n|\n|t:|1771241328\n|move|p1a: Primarina|Protect|p1a: Primarina\n|-singleturn|p1a: Primarina|Protect\n|move|p2a: Arcanine|Head Smash|p1a: Primarina\n|-activate|p1a: Primarina|move: Protect\n|\n|-heal|p1a: Primarina|100/100|[from] item: Leftovers\n|upkeep\n|turn|16\n|\n|t:|1771241331\n|-terastallize|p1a: Primarina|Steel\n|move|p2a: Arcanine|Head Smash|p1a: Primarina\n|-resisted|p1a: Primarina\n|-crit|p1a: Primarina\n|-damage|p1a: Primarina|0 fnt\n|faint|p1a: Primarina\n|\n|upkeep\n|\n|t:|1771241335\n|switch|p1a: Garchomp|Garchomp, M|100/100\n|-damage|p1a: Garchomp|94/100|[from] Stealth Rock\n|turn|17\n|\n|t:|1771241345\n|switch|p2a: Heatran|Heatran, M|100/100\n|move|p1a: Garchomp|Earthquake|p2a: Heatran\n|-supereffective|p2a: Heatran\n|-damage|p2a: Heatran|0 fnt\n|faint|p2a: Heatran\n|\n|upkeep\n|\n|t:|1771241346\n|switch|p2a: Arcanine|Arcanine-Hisui, F|100/100\n|turn|18\n|\n|t:|1771241348\n|-terastallize|p2a: Arcanine|Normal\n|move|p1a: Garchomp|Earthquake|p2a: Arcanine\n|-damage|p2a: Arcanine|32/100\n|move|p2a: Arcanine|Double-Edge|p1a: Garchomp\n|-damage|p1a: Garchomp|0 fnt\n|-damage|p2a: Arcanine|20/100|[from] ability: Rough Skin|[of] p1a: Garchomp\n|faint|p1a: Garchomp\n|\n|upkeep\n|\n|t:|1771241354\n|switch|p1a: Raging Bolt|Raging Bolt|100/100\n|-damage|p1a: Raging Bolt|88/100|[from] Stealth Rock\n|turn|19\n|\n|t:|1771241355\n|move|p1a: Raging Bolt|Thunderclap|p2a: Arcanine\n|-damage|p2a: Arcanine|0 fnt\n|faint|p2a: Arcanine\n|\n|win|isaac_pruebas\n|raw|isaac_pruebas's rating: 1809 &rarr; <strong>1821</strong><br />(+12 for winning)\n|raw|oehtwashere's rating: 1662 &rarr; <strong>1650</strong><br />(-12 for losing)\n|l|‽oehtwashere\n|player|p2|\n|l|☆isaac_pruebas\n|player|p1|\n", "uploadtime": 1771241533, "views": 18, "formatid": "gen9ou", "rating": 1650, "private": 0, "password": null}