{"id": "gen9ou-2639240282", "format": "[Gen 9] OU", "players": ["Bruno BF", "bidthimg"], "log": "|j|☆Bruno BF\n|j|☆bidthimg\n|t:|1782438991\n|gametype|singles\n|player|p1|Bruno BF|riley|1294\n|player|p2|bidthimg|hilda-wonderlauncher|1276\n|gen|9\n|tier|[Gen 9] OU\n|rated|\n|rule|HP Percentage Mod: HP is shown in percentages\n|rule|Endless Battle Clause: Forcing endless battles is banned\n|rule|Species Clause: Limit one of each Pokémon\n|rule|OHKO Clause: OHKO moves are banned\n|rule|Evasion Items Clause: Evasion items are banned\n|rule|Evasion Moves Clause: Evasion moves are banned\n|rule|Evasion Abilities Clause: Evasion abilities are banned\n|rule|Sleep Moves Clause: Sleep-inducing moves are banned\n|clearpoke\n|poke|p1|Gardevoir, F|\n|poke|p1|Iron Valiant|\n|poke|p1|Gallade, M|\n|poke|p1|Rotom-Wash|\n|poke|p1|Kingambit, F|\n|poke|p1|Landorus-Therian, M|\n|poke|p2|Kingdra, F|\n|poke|p2|Pelipper, F|\n|poke|p2|Iron Treads|\n|poke|p2|Zapdos|\n|poke|p2|Alomomola, M|\n|poke|p2|Goodra, F|\n|teampreview\n|inactive|Battle timer is ON: inactive players will automatically lose when time's up. (requested by bidthimg)\n|\n|t:|1782439006\n|teamsize|p1|6\n|teamsize|p2|6\n|start\n|switch|p1a: Rotom|Rotom-Wash|100/100\n|switch|p2a: Pelipper|Pelipper, F|100/100\n|-weather|RainDance|[from] ability: Drizzle|[of] p2a: Pelipper\n|turn|1\n|\n|t:|1782439020\n|switch|p2a: Goodra|Goodra, F, shiny|100/100\n|move|p1a: Rotom|Trick|p2a: Goodra\n|-activate|p1a: Rotom|move: Trick|[of] p2a: Goodra\n|-item|p2a: Goodra|Choice Scarf|[from] move: Trick\n|-item|p1a: Rotom|Leftovers|[from] move: Trick\n|\n|-weather|RainDance|[upkeep]\n|upkeep\n|turn|2\n|\n|t:|1782439033\n|move|p2a: Goodra|Power Whip|p1a: Rotom|[miss]\n|-miss|p2a: Goodra|p1a: Rotom\n|move|p1a: Rotom|Will-O-Wisp|p2a: Goodra\n|-status|p2a: Goodra|brn\n|\n|-weather|RainDance|[upkeep]\n|-activate|p2a: Goodra|ability: Hydration\n|-curestatus|p2a: Goodra|brn|[msg]\n|upkeep\n|turn|3\n|\n|t:|1782439058\n|switch|p2a: Iron Treads|Iron Treads|100/100\n|move|p1a: Rotom|Volt Switch|p2a: Iron Treads\n|-immune|p2a: Iron Treads\n|\n|-weather|RainDance|[upkeep]\n|upkeep\n|turn|4\n|\n|t:|1782439065\n|move|p2a: Iron Treads|Volt Switch|p1a: Rotom\n|-damage|p1a: Rotom|88/100\n|\n|t:|1782439070\n|-end|p2a: Iron Treads|Quark Drive|[silent]\n|switch|p2a: Goodra|Goodra, F, shiny|100/100|[from] Volt Switch\n|move|p1a: Rotom|Will-O-Wisp|p2a: Goodra\n|-status|p2a: Goodra|brn\n|\n|-weather|RainDance|[upkeep]\n|-activate|p2a: Goodra|ability: Hydration\n|-curestatus|p2a: Goodra|brn|[msg]\n|-heal|p1a: Rotom|95/100|[from] item: Leftovers\n|upkeep\n|turn|5\n|\n|t:|1782439075\n|move|p2a: Goodra|Thunder|p1a: Rotom\n|-damage|p1a: Rotom|65/100\n|move|p1a: Rotom|Volt Switch|p2a: Goodra\n|-resisted|p2a: Goodra\n|-damage|p2a: Goodra|94/100\n|\n|t:|1782439081\n|switch|p1a: Gallade|Gallade, M|100/100|[from] Volt Switch\n|\n|-weather|RainDance|[upkeep]\n|upkeep\n|turn|6\n|\n|t:|1782439087\n|move|p2a: Goodra|Thunder|p1a: Gallade\n|-damage|p1a: Gallade|72/100\n|-status|p1a: Gallade|par\n|move|p1a: Gallade|Agility|p1a: Gallade\n|-boost|p1a: Gallade|spe|2\n|\n|-weather|RainDance|[upkeep]\n|upkeep\n|turn|7\n|\n|t:|1782439097\n|switch|p2a: Zapdos|Zapdos|100/100\n|move|p1a: Gallade|Agility|p1a: Gallade\n|-boost|p1a: Gallade|spe|2\n|\n|-weather|RainDance|[upkeep]\n|upkeep\n|turn|8\n|\n|t:|1782439104\n|cant|p1a: Gallade|par\n|move|p2a: Zapdos|Hurricane|p1a: Gallade\n|-supereffective|p1a: Gallade\n|-damage|p1a: Gallade|0 fnt\n|faint|p1a: Gallade\n|\n|-weather|none\n|upkeep\n|\n|t:|1782439112\n|switch|p1a: Iron Valiant|Iron Valiant|100/100\n|-enditem|p1a: Iron Valiant|Booster Energy\n|-activate|p1a: Iron Valiant|ability: Quark Drive|[fromitem]\n|-start|p1a: Iron Valiant|quarkdrivespe\n|turn|9\n|\n|t:|1782439121\n|move|p1a: Iron Valiant|Knock Off|p2a: Zapdos\n|-damage|p2a: Zapdos|62/100\n|-status|p1a: Iron Valiant|par|[from] ability: Static|[of] p2a: Zapdos\n|-enditem|p2a: Zapdos|Heavy-Duty Boots|[from] move: Knock Off|[of] p1a: Iron Valiant\n|move|p2a: Zapdos|U-turn|p1a: Iron Valiant\n|-resisted|p1a: Iron Valiant\n|-damage|p1a: Iron Valiant|96/100 par\n|\n|t:|1782439127\n|switch|p2a: Pelipper|Pelipper, F|100/100|[from] U-turn\n|-weather|RainDance|[from] ability: Drizzle|[of] p2a: Pelipper\n|\n|-weather|RainDance|[upkeep]\n|upkeep\n|turn|10\n|\n|t:|1782439135\n|-end|p1a: Iron Valiant|Quark Drive|[silent]\n|switch|p1a: Rotom|Rotom-Wash|65/100\n|move|p2a: Pelipper|U-turn|p1a: Rotom\n|-damage|p1a: Rotom|55/100\n|\n|t:|1782439139\n|switch|p2a: Kingdra|Kingdra, F, shiny|100/100|[from] U-turn\n|\n|-weather|RainDance|[upkeep]\n|-heal|p1a: Rotom|61/100|[from] item: Leftovers\n|upkeep\n|turn|11\n|inactive|bidthimg has 120 seconds left.\n|inactive|bidthimg has 90 seconds left.\n|\n|t:|1782439209\n|-terastallize|p2a: Kingdra|Water\n|move|p2a: Kingdra|Weather Ball|p1a: Rotom\n|-resisted|p1a: Rotom\n|-damage|p1a: Rotom|0 fnt\n|faint|p1a: Rotom\n|\n|-weather|RainDance|[upkeep]\n|upkeep\n|\n|t:|1782439214\n|switch|p1a: Gardevoir|Gardevoir, F|100/100\n|-ability|p1a: Gardevoir|Swift Swim|Trace|[from] ability: Trace|[of] p2a: Kingdra\n|turn|12\n|\n|t:|1782439226\n|move|p1a: Gardevoir|Moonblast|p2a: Kingdra\n|-damage|p2a: Kingdra|43/100\n|move|p2a: Kingdra|Weather Ball|p1a: Gardevoir\n|-damage|p1a: Gardevoir|0 fnt\n|faint|p1a: Gardevoir\n|\n|-weather|RainDance|[upkeep]\n|upkeep\n|-message|Bruno BF forfeited.\n|\n|win|bidthimg\n|raw|Bruno BF's rating: 1294 &rarr; <strong>1268</strong><br />(-26 for losing)\n|raw|bidthimg's rating: 1276 &rarr; <strong>1302</strong><br />(+26 for winning)\n|l|☆Bruno BF\n|player|p1|\n", "uploadtime": 1782439237, "views": 18, "formatid": "gen9ou", "rating": 1268, "private": 0, "password": null}