{"id": "gen9ou-2639979039", "format": "[Gen 9] OU", "players": ["magikarp soup", "brodiewhat"], "log": "|j|☆magikarp soup\n|j|☆brodiewhat\n|t:|1782557035\n|gametype|singles\n|player|p1|magikarp soup|medium|1774\n|player|p2|brodiewhat|palmer|1663\n|gen|9\n|tier|[Gen 9] OU\n|rated|\n|rule|HP Percentage Mod: HP is shown in percentages\n|rule|Endless Battle Clause: Forcing endless battles is banned\n|rule|Species Clause: Limit one of each Pokémon\n|rule|OHKO Clause: OHKO moves are banned\n|rule|Evasion Items Clause: Evasion items are banned\n|rule|Evasion Moves Clause: Evasion moves are banned\n|rule|Evasion Abilities Clause: Evasion abilities are banned\n|rule|Sleep Moves Clause: Sleep-inducing moves are banned\n|clearpoke\n|poke|p1|Landorus-Therian, M|\n|poke|p1|Gholdengo|\n|poke|p1|Samurott-Hisui, M|\n|poke|p1|Deoxys-Speed|\n|poke|p1|Zamazenta-*|\n|poke|p1|Pecharunt|\n|poke|p2|Tornadus, M|\n|poke|p2|Hoopa-Unbound|\n|poke|p2|Brambleghast, M|\n|poke|p2|Armarouge, M|\n|poke|p2|Hatterene, F|\n|poke|p2|Ogerpon-Cornerstone, F|\n|teampreview\n|inactive|Battle timer is ON: inactive players will automatically lose when time's up. (requested by brodiewhat)\n|c|☆magikarp soup|glhf\n|c|☆brodiewhat|u2 fam\n|\n|t:|1782557045\n|teamsize|p1|6\n|teamsize|p2|6\n|start\n|switch|p1a: Landorus|Landorus-Therian, M|100/100\n|switch|p2a: Tornadus|Tornadus, M|100/100\n|-ability|p1a: Landorus|Intimidate|boost\n|-unboost|p2a: Tornadus|atk|1\n|turn|1\n|c|☆magikarp soup|ou shi its you\n|c|☆magikarp soup|hi twin\n|c|☆brodiewhat|yur\n|c|☆brodiewhat|what up\n|\n|t:|1782557059\n|move|p2a: Tornadus|Tailwind|p2a: Tornadus\n|-sidestart|p2: brodiewhat|move: Tailwind\n|move|p1a: Landorus|Nasty Plot|p1a: Landorus\n|-boost|p1a: Landorus|spa|2\n|\n|upkeep\n|turn|2\n|c|☆brodiewhat|ayo\n|c|☆magikarp soup|yessir\n|\n|t:|1782557072\n|switch|p2a: Hoopa|Hoopa-Unbound|100/100\n|move|p1a: Landorus|Stealth Rock|p2a: Hoopa\n|-sidestart|p2: brodiewhat|move: Stealth Rock\n|\n|upkeep\n|turn|3\n|c|☆brodiewhat|yo?\n|\n|t:|1782557082\n|switch|p1a: Samurott|Samurott-Hisui, M|100/100\n|move|p2a: Hoopa|Hyperspace Fury|p1a: Samurott\n|-resisted|p1a: Samurott\n|-damage|p1a: Samurott|55/100\n|-unboost|p2a: Hoopa|def|1\n|-damage|p2a: Hoopa|91/100|[from] item: Life Orb\n|\n|upkeep\n|turn|4\n|\n|t:|1782557089\n|-terastallize|p2a: Hoopa|Dark\n|move|p2a: Hoopa|Hyperspace Fury|p1a: Samurott\n|-resisted|p1a: Samurott\n|-damage|p1a: Samurott|0 fnt\n|-unboost|p2a: Hoopa|def|1\n|faint|p1a: Samurott\n|-damage|p2a: Hoopa|81/100|[from] item: Life Orb\n|\n|-sideend|p2: brodiewhat|move: Tailwind\n|upkeep\n|\n|t:|1782557107\n|switch|p1a: Zamazenta|Zamazenta|100/100\n|-ability|p1a: Zamazenta|Dauntless Shield|boost\n|-boost|p1a: Zamazenta|def|1\n|turn|5\n|j| dante1310\n|\n|t:|1782557114\n|switch|p2a: Hatterene|Hatterene, F|100/100\n|-damage|p2a: Hatterene|88/100|[from] Stealth Rock\n|move|p1a: Zamazenta|Howl|p1a: Zamazenta\n|-boost|p1a: Zamazenta|atk|1\n|\n|-heal|p2a: Hatterene|94/100|[from] item: Leftovers\n|upkeep\n|turn|6\n|\n|t:|1782557120\n|move|p1a: Zamazenta|Stone Edge|p2a: Hatterene|[miss]\n|-miss|p1a: Zamazenta|p2a: Hatterene\n|move|p2a: Hatterene|Trick Room|p2a: Hatterene\n|-fieldstart|move: Trick Room|[of] p2a: Hatterene\n|\n|-heal|p2a: Hatterene|99/100|[from] item: Leftovers\n|upkeep\n|turn|7\n|\n|t:|1782557128\n|move|p2a: Hatterene|Calm Mind|p2a: Hatterene\n|-boost|p2a: Hatterene|spa|1\n|-boost|p2a: Hatterene|spd|1\n|move|p1a: Zamazenta|Crunch|p2a: Hatterene\n|-damage|p2a: Hatterene|44/100\n|-damage|p1a: Zamazenta|91/100|[from] item: Life Orb\n|\n|-heal|p2a: Hatterene|50/100|[from] item: Leftovers\n|upkeep\n|turn|8\n|\n|t:|1782557134\n|switch|p1a: Pecharunt|Pecharunt|100/100\n|move|p2a: Hatterene|Draining Kiss|p1a: Pecharunt\n|-resisted|p1a: Pecharunt\n|-damage|p1a: Pecharunt|81/100\n|-heal|p2a: Hatterene|67/100|[from] drain|[of] p1a: Pecharunt\n|\n|-heal|p2a: Hatterene|73/100|[from] item: Leftovers\n|upkeep\n|turn|9\n|\n|t:|1782557137\n|move|p2a: Hatterene|Mystical Fire|p1a: Pecharunt\n|-damage|p1a: Pecharunt|43/100\n|-unboost|p1a: Pecharunt|spa|1\n|move|p1a: Pecharunt|Parting Shot|p2a: Hatterene\n|move|p2a: Hatterene|Parting Shot|p1a: Pecharunt|[from] ability: Magic Bounce\n|-unboost|p1a: Pecharunt|atk|1\n|-unboost|p1a: Pecharunt|spa|1\n|\n|t:|1782557149\n|switch|p2a: Hoopa|Hoopa-Unbound, tera:Dark|81/100|[from] Parting Shot\n|-damage|p2a: Hoopa|68/100|[from] Stealth Rock\n|\n|upkeep\n|turn|10\n|\n|t:|1782557154\n|move|p2a: Hoopa|Hyperspace Fury|p1a: Pecharunt\n|-supereffective|p1a: Pecharunt\n|-damage|p1a: Pecharunt|0 fnt\n|-unboost|p2a: Hoopa|def|1\n|faint|p1a: Pecharunt\n|-damage|p2a: Hoopa|59/100|[from] item: Life Orb\n|\n|-fieldend|move: Trick Room\n|upkeep\n|\n|t:|1782557157\n|switch|p1a: Zamazenta|Zamazenta|91/100\n|turn|11\n|\n|t:|1782557175\n|switch|p2a: Armarouge|Armarouge, M|100/100\n|-damage|p2a: Armarouge|76/100|[from] Stealth Rock\n|move|p1a: Zamazenta|Stone Edge|p2a: Armarouge\n|-supereffective|p2a: Armarouge\n|-damage|p2a: Armarouge|0 fnt\n|faint|p2a: Armarouge\n|-damage|p1a: Zamazenta|81/100|[from] item: Life Orb\n|\n|upkeep\n|\n|t:|1782557179\n|switch|p2a: Tornadus|Tornadus, M|100/100\n|-damage|p2a: Tornadus|76/100|[from] Stealth Rock\n|turn|12\n|\n|t:|1782557182\n|move|p2a: Tornadus|Tailwind|p2a: Tornadus\n|-sidestart|p2: brodiewhat|move: Tailwind\n|move|p1a: Zamazenta|Stone Edge|p2a: Tornadus\n|-supereffective|p2a: Tornadus\n|-damage|p2a: Tornadus|0 fnt\n|faint|p2a: Tornadus\n|-damage|p1a: Zamazenta|71/100|[from] item: Life Orb\n|\n|upkeep\n|\n|t:|1782557187\n|switch|p2a: Hoopa|Hoopa-Unbound, tera:Dark|59/100\n|-damage|p2a: Hoopa|46/100|[from] Stealth Rock\n|turn|13\n|\n|t:|1782557190\n|switch|p1a: Landorus|Landorus-Therian, M|100/100\n|-ability|p1a: Landorus|Intimidate|boost\n|-unboost|p2a: Hoopa|atk|1\n|move|p2a: Hoopa|Psychic|p1a: Landorus\n|-damage|p1a: Landorus|11/100\n|-damage|p2a: Hoopa|36/100|[from] item: Life Orb\n|\n|upkeep\n|turn|14\n|\n|t:|1782557196\n|move|p2a: Hoopa|Psychic|p1a: Landorus\n|-damage|p1a: Landorus|0 fnt\n|faint|p1a: Landorus\n|-damage|p2a: Hoopa|26/100|[from] item: Life Orb\n|\n|upkeep\n|\n|t:|1782557198\n|switch|p1a: Gholdengo|Gholdengo|100/100\n|turn|15\n|\n|t:|1782557201\n|move|p2a: Hoopa|Hyperspace Fury|p1a: Gholdengo\n|-supereffective|p1a: Gholdengo\n|-damage|p1a: Gholdengo|0 fnt\n|-unboost|p2a: Hoopa|def|1\n|faint|p1a: Gholdengo\n|-damage|p2a: Hoopa|17/100|[from] item: Life Orb\n|\n|-sideend|p2: brodiewhat|move: Tailwind\n|upkeep\n|\n|t:|1782557206\n|switch|p1a: Zamazenta|Zamazenta|71/100\n|turn|16\n|\n|t:|1782557210\n|move|p1a: Zamazenta|Crunch|p2a: Hoopa\n|-resisted|p2a: Hoopa\n|-damage|p2a: Hoopa|0 fnt\n|faint|p2a: Hoopa\n|-damage|p1a: Zamazenta|61/100|[from] item: Life Orb\n|\n|upkeep\n|\n|t:|1782557217\n|switch|p2a: Hatterene|Hatterene, F|73/100\n|-damage|p2a: Hatterene|61/100|[from] Stealth Rock\n|turn|17\n|\n|t:|1782557222\n|switch|p1a: Deoxys|Deoxys-Speed|100/100\n|-ability|p1a: Deoxys|Pressure\n|move|p2a: Hatterene|Trick Room|p2a: Hatterene\n|-fieldstart|move: Trick Room|[of] p2a: Hatterene\n|\n|-heal|p2a: Hatterene|67/100|[from] item: Leftovers\n|upkeep\n|turn|18\n|\n|t:|1782557226\n|move|p2a: Hatterene|Calm Mind|p2a: Hatterene\n|-boost|p2a: Hatterene|spa|1\n|-boost|p2a: Hatterene|spd|1\n|move|p1a: Deoxys|Knock Off|p2a: Hatterene\n|-damage|p2a: Hatterene|37/100\n|-enditem|p2a: Hatterene|Leftovers|[from] move: Knock Off|[of] p1a: Deoxys\n|-damage|p1a: Deoxys|91/100|[from] item: Life Orb\n|\n|upkeep\n|turn|19\n|\n|t:|1782557231\n|move|p2a: Hatterene|Draining Kiss|p1a: Deoxys\n|-damage|p1a: Deoxys|24/100\n|-heal|p2a: Hatterene|74/100|[from] drain|[of] p1a: Deoxys\n|move|p1a: Deoxys|Pain Split|p2a: Hatterene\n|-sethp|p2a: Hatterene|46/100|[from] move: Pain Split|[silent]\n|-sethp|p1a: Deoxys|61/100|[from] move: Pain Split\n|\n|upkeep\n|turn|20\n|\n|t:|1782557238\n|move|p2a: Hatterene|Draining Kiss|p1a: Deoxys\n|-damage|p1a: Deoxys|0 fnt\n|-heal|p2a: Hatterene|81/100|[from] drain|[of] p1a: Deoxys\n|faint|p1a: Deoxys\n|\n|upkeep\n|\n|t:|1782557241\n|switch|p1a: Zamazenta|Zamazenta|61/100\n|turn|21\n|\n|t:|1782557243\n|move|p2a: Hatterene|Draining Kiss|p1a: Zamazenta\n|-supereffective|p1a: Zamazenta\n|-damage|p1a: Zamazenta|0 fnt\n|-heal|p2a: Hatterene|100/100|[from] drain|[of] p1a: Zamazenta\n|faint|p1a: Zamazenta\n|\n|win|brodiewhat\n|raw|magikarp soup's rating: 1774 &rarr; <strong>1748</strong><br />(-26 for losing)\n|raw|brodiewhat's rating: 1663 &rarr; <strong>1689</strong><br />(+26 for winning)\n|c|☆brodiewhat|gg\n|c|☆magikarp soup|gg\n|l|☆magikarp soup\n|player|p1|\n|l|☆brodiewhat\n|player|p2|\n|l| dante1310\n", "uploadtime": 1782557401, "views": 15, "formatid": "gen9ou", "rating": 1689, "private": 0, "password": null}