{"id": "gen9ou-2639225353", "format": "[Gen 9] OU", "players": ["clavier gameur", "gobbygg"], "log": "|j|☆clavier gameur\n|j|☆gobbygg\n|t:|1782436842\n|gametype|singles\n|player|p1|clavier gameur|benga|1186\n|player|p2|gobbygg|n|1209\n|gen|9\n|tier|[Gen 9] OU\n|rated|\n|rule|HP Percentage Mod: HP is shown in percentages\n|rule|Endless Battle Clause: Forcing endless battles is banned\n|rule|Species Clause: Limit one of each Pokémon\n|rule|OHKO Clause: OHKO moves are banned\n|rule|Evasion Items Clause: Evasion items are banned\n|rule|Evasion Moves Clause: Evasion moves are banned\n|rule|Evasion Abilities Clause: Evasion abilities are banned\n|rule|Sleep Moves Clause: Sleep-inducing moves are banned\n|clearpoke\n|poke|p1|Skeledirge, F|\n|poke|p1|Rillaboom, M|\n|poke|p1|Enamorus, F|\n|poke|p1|Weavile, F|\n|poke|p1|Great Tusk|\n|poke|p1|Slowking-Galar, F|\n|poke|p2|Chandelure, F|\n|poke|p2|Kyurem|\n|poke|p2|Zoroark, M|\n|poke|p2|Gliscor, M|\n|poke|p2|Cinderace, F|\n|poke|p2|Eelektross, F|\n|teampreview\n|inactive|Battle timer is ON: inactive players will automatically lose when time's up. (requested by clavier gameur)\n|\n|t:|1782436860\n|teamsize|p1|6\n|teamsize|p2|6\n|start\n|switch|p1a: Great Tusk|Great Tusk|100/100\n|switch|p2a: Chandelure|Chandelure, F|100/100\n|turn|1\n|\n|t:|1782436870\n|move|p2a: Chandelure|Nasty Plot|p2a: Chandelure\n|-boost|p2a: Chandelure|spa|2\n|move|p1a: Great Tusk|Stealth Rock|p2a: Chandelure\n|-sidestart|p2: gobbygg|move: Stealth Rock\n|\n|upkeep\n|turn|2\n|\n|t:|1782436876\n|move|p2a: Chandelure|Agility|p2a: Chandelure\n|-boost|p2a: Chandelure|spe|2\n|move|p1a: Great Tusk|Headlong Rush|p2a: Chandelure\n|-enditem|p2a: Chandelure|Focus Sash\n|-damage|p2a: Chandelure|1/100\n|-unboost|p1a: Great Tusk|def|1\n|-unboost|p1a: Great Tusk|spd|1\n|replace|p2a: N|Zoroark, M\n|-end|p2a: N|Illusion\n|\n|upkeep\n|turn|3\n|\n|t:|1782436892\n|move|p2a: N|Psychic|p1a: Great Tusk\n|-supereffective|p1a: Great Tusk\n|-damage|p1a: Great Tusk|0 fnt\n|faint|p1a: Great Tusk\n|-end|p1a: Great Tusk|Protosynthesis|[silent]\n|\n|upkeep\n|\n|t:|1782436895\n|switch|p1a: Weavile|Weavile, F|100/100\n|-ability|p1a: Weavile|Pressure\n|turn|4\n|\n|t:|1782436903\n|move|p1a: Weavile|Ice Shard|p2a: N\n|-damage|p2a: N|0 fnt\n|faint|p2a: N\n|\n|upkeep\n|\n|t:|1782436916\n|switch|p2a: Cinderace|Cinderace, F|100/100\n|turn|5\n|\n|t:|1782436930\n|switch|p1a: Enamorus|Enamorus, F|100/100\n|move|p2a: Cinderace|Pyro Ball|p1a: Enamorus\n|-damage|p1a: Enamorus|17/100\n|\n|upkeep\n|turn|6\n|\n|t:|1782436943\n|move|p1a: Enamorus|Earth Power|p2a: Cinderace\n|-supereffective|p2a: Cinderace\n|-damage|p2a: Cinderace|22/100\n|move|p2a: Cinderace|Pyro Ball|p1a: Enamorus\n|-damage|p1a: Enamorus|0 fnt\n|faint|p1a: Enamorus\n|\n|upkeep\n|\n|t:|1782436948\n|switch|p1a: Weavile|Weavile, F|100/100\n|-ability|p1a: Weavile|Pressure\n|turn|7\n|\n|t:|1782436958\n|move|p1a: Weavile|Ice Shard|p2a: Cinderace\n|-resisted|p2a: Cinderace\n|-damage|p2a: Cinderace|10/100\n|move|p2a: Cinderace|Court Change|p2a: Cinderace\n|-start|p2a: Cinderace|typechange|Normal|[from] ability: Libero\n|-swapsideconditions\n|-activate|p2a: Cinderace|move: Court Change\n|\n|upkeep\n|turn|8\n|\n|t:|1782436968\n|move|p1a: Weavile|Ice Shard|p2a: Cinderace\n|-damage|p2a: Cinderace|0 fnt\n|faint|p2a: Cinderace\n|\n|upkeep\n|\n|t:|1782436976\n|switch|p2a: Chandelure|Chandelure, F|100/100\n|turn|9\n|\n|t:|1782436982\n|move|p2a: Chandelure|Overheat|p1a: Weavile|[miss]\n|-miss|p2a: Chandelure|p1a: Weavile\n|move|p1a: Weavile|Knock Off|p2a: Chandelure\n|-supereffective|p2a: Chandelure\n|-damage|p2a: Chandelure|0 fnt\n|-enditem|p2a: Chandelure|Choice Scarf|[from] move: Knock Off|[of] p1a: Weavile\n|faint|p2a: Chandelure\n|\n|upkeep\n|c|☆gobbygg|i tought u had scarf??\n|c|☆gobbygg|how did u outspeed my zoroark?\n|c|☆clavier gameur|no\n|inactive|gobbygg has 120 seconds left.\n|\n|t:|1782437016\n|switch|p2a: Grey stupid dragon|Kyurem|100/100\n|-ability|p2a: Grey stupid dragon|Pressure\n|turn|10\n|c|☆clavier gameur|ice shard is a priority\n|\n|t:|1782437027\n|move|p1a: Weavile|Swords Dance|p1a: Weavile\n|-boost|p1a: Weavile|atk|2\n|move|p2a: Grey stupid dragon|Flash Cannon|p1a: Weavile\n|-supereffective|p1a: Weavile\n|-crit|p1a: Weavile\n|-damage|p1a: Weavile|0 fnt\n|faint|p1a: Weavile\n|\n|upkeep\n|c|☆gobbygg|ohhh\n|\n|t:|1782437034\n|switch|p1a: Skeledirge|Skeledirge, F|100/100\n|turn|11\n|c|☆gobbygg|makes more sense\n|\n|t:|1782437045\n|move|p2a: Grey stupid dragon|Earth Power|p1a: Skeledirge\n|-supereffective|p1a: Skeledirge\n|-damage|p1a: Skeledirge|23/100\n|move|p1a: Skeledirge|Torch Song|p2a: Grey stupid dragon\n|-damage|p2a: Grey stupid dragon|73/100\n|-boost|p1a: Skeledirge|spa|1\n|\n|upkeep\n|turn|12\n|\n|t:|1782437057\n|move|p2a: Grey stupid dragon|Earth Power|p1a: Skeledirge\n|-supereffective|p1a: Skeledirge\n|-damage|p1a: Skeledirge|0 fnt\n|faint|p1a: Skeledirge\n|\n|upkeep\n|c|☆clavier gameur|yes\n|\n|t:|1782437063\n|switch|p1a: Slowking|Slowking-Galar, F|100/100\n|turn|13\n|\n|t:|1782437068\n|move|p2a: Grey stupid dragon|Earth Power|p1a: Slowking\n|-supereffective|p1a: Slowking\n|-damage|p1a: Slowking|62/100\n|move|p1a: Slowking|Thunder Wave|p2a: Grey stupid dragon\n|-status|p2a: Grey stupid dragon|par\n|\n|upkeep\n|turn|14\n|\n|t:|1782437075\n|move|p2a: Grey stupid dragon|Earth Power|p1a: Slowking\n|-supereffective|p1a: Slowking\n|-damage|p1a: Slowking|22/100\n|move|p1a: Slowking|Future Sight|p2a: Grey stupid dragon\n|-start|p1a: Slowking|move: Future Sight\n|\n|upkeep\n|turn|15\n|\n|t:|1782437089\n|move|p2a: Grey stupid dragon|Earth Power|p1a: Slowking\n|-supereffective|p1a: Slowking\n|-damage|p1a: Slowking|0 fnt\n|faint|p1a: Slowking\n|\n|upkeep\n|\n|t:|1782437091\n|switch|p1a: Rillaboom|Rillaboom, M|100/100\n|-damage|p1a: Rillaboom|88/100|[from] Stealth Rock\n|-fieldstart|move: Grassy Terrain|[from] ability: Grassy Surge|[of] p1a: Rillaboom\n|turn|16\n|\n|t:|1782437101\n|move|p1a: Rillaboom|Knock Off|p2a: Grey stupid dragon\n|-damage|p2a: Grey stupid dragon|22/100 par\n|-enditem|p2a: Grey stupid dragon|Assault Vest|[from] move: Knock Off|[of] p1a: Rillaboom\n|move|p2a: Grey stupid dragon|Freeze-Dry|p1a: Rillaboom\n|-supereffective|p1a: Rillaboom\n|-damage|p1a: Rillaboom|0 fnt\n|faint|p1a: Rillaboom\n|\n|win|gobbygg\n|raw|clavier gameur's rating: 1186 &rarr; <strong>1163</strong><br />(-23 for losing)\n|raw|gobbygg's rating: 1209 &rarr; <strong>1232</strong><br />(+23 for winning)\n|l|☆clavier gameur\n|player|p1|\n|c|☆gobbygg|how did i not get paralized\n|c|☆gobbygg|gg\n|l|☆gobbygg\n|player|p2|\n", "uploadtime": 1782437451, "views": 5, "formatid": "gen9ou", "rating": 1163, "private": 0, "password": null}