{"id": "gen9ou-2540713702", "format": "[Gen 9] OU", "players": ["zarross", "FIREEEE"], "log": "|j|☆zarross\n|j|☆FIREEEE\n|t:|1771244563\n|gametype|singles\n|player|p1|zarross|plumeria|1767\n|player|p2|FIREEEE|pokekid|1814\n|gen|9\n|tier|[Gen 9] OU\n|rated|\n|rule|HP Percentage Mod: HP is shown in percentages\n|rule|Endless Battle Clause: Forcing endless battles is banned\n|rule|Species Clause: Limit one of each Pokémon\n|rule|OHKO Clause: OHKO moves are banned\n|rule|Evasion Items Clause: Evasion items are banned\n|rule|Evasion Moves Clause: Evasion moves are banned\n|rule|Evasion Abilities Clause: Evasion abilities are banned\n|rule|Sleep Moves Clause: Sleep-inducing moves are banned\n|clearpoke\n|poke|p1|Dondozo, F|\n|poke|p1|Gliscor, F|\n|poke|p1|Weezing-Galar, M|\n|poke|p1|Blissey, F|\n|poke|p1|Corviknight, F|\n|poke|p1|Amoonguss, F|\n|poke|p2|Heatran, M|\n|poke|p2|Rillaboom, M|\n|poke|p2|Dragapult, F|\n|poke|p2|Ting-Lu|\n|poke|p2|Iron Crown|\n|poke|p2|Hatterene, F|\n|teampreview\n|inactive|Battle timer is ON: inactive players will automatically lose when time's up. (requested by zarross)\n|inactive|FIREEEE has 120 seconds left.\n|\n|t:|1771244594\n|teamsize|p1|6\n|teamsize|p2|6\n|start\n|switch|p1a: Gliscor|Gliscor, F|100/100\n|switch|p2a: Heatran|Heatran, M|100/100\n|turn|1\n|\n|t:|1771244599\n|move|p1a: Gliscor|Protect|p1a: Gliscor\n|-singleturn|p1a: Gliscor|Protect\n|move|p2a: Heatran|Stealth Rock|p1a: Gliscor\n|-sidestart|p1: zarross|move: Stealth Rock\n|\n|-status|p1a: Gliscor|tox|[from] item: Toxic Orb\n|upkeep\n|turn|2\n|j| Samurajen\n|\n|t:|1771244609\n|move|p2a: Heatran|Protect|p2a: Heatran\n|-singleturn|p2a: Heatran|Protect\n|move|p1a: Gliscor|Knock Off|p2a: Heatran\n|-activate|p2a: Heatran|move: Protect\n|\n|upkeep\n|turn|3\n|j| teagrf\n|\n|t:|1771244634\n|switch|p2a: Rillaboom|Rillaboom, M|100/100\n|-fieldstart|move: Grassy Terrain|[from] ability: Grassy Surge|[of] p2a: Rillaboom\n|move|p1a: Gliscor|Knock Off|p2a: Rillaboom\n|-damage|p2a: Rillaboom|81/100\n|-enditem|p2a: Rillaboom|Terrain Extender|[from] move: Knock Off|[of] p1a: Gliscor\n|\n|-heal|p2a: Rillaboom|87/100|[from] Grassy Terrain\n|upkeep\n|turn|4\n|j| hbgzd\n|\n|t:|1771244649\n|switch|p2a: Heatran|Heatran, M|100/100\n|move|p1a: Gliscor|Toxic|p2a: Heatran\n|-immune|p2a: Heatran\n|\n|upkeep\n|turn|5\n|\n|t:|1771244654\n|move|p1a: Gliscor|Knock Off|p2a: Heatran\n|-damage|p2a: Heatran|88/100\n|-enditem|p2a: Heatran|Leftovers|[from] move: Knock Off|[of] p1a: Gliscor\n|move|p2a: Heatran|Lava Plume|p1a: Gliscor\n|-damage|p1a: Gliscor|61/100 tox\n|\n|-heal|p2a: Heatran|95/100|[from] Grassy Terrain\n|-heal|p1a: Gliscor|74/100 tox|[from] ability: Poison Heal\n|upkeep\n|turn|6\n|\n|t:|1771244662\n|move|p1a: Gliscor|Protect|p1a: Gliscor\n|-singleturn|p1a: Gliscor|Protect\n|move|p2a: Heatran|Stealth Rock||[still]\n|-fail|p2a: Heatran\n|\n|-heal|p2a: Heatran|100/100|[from] Grassy Terrain\n|-heal|p1a: Gliscor|86/100 tox|[from] ability: Poison Heal\n|upkeep\n|turn|7\n|\n|t:|1771244664\n|move|p1a: Gliscor|Stealth Rock|p2a: Heatran\n|-sidestart|p2: FIREEEE|move: Stealth Rock\n|move|p2a: Heatran|Lava Plume|p1a: Gliscor\n|-damage|p1a: Gliscor|41/100 tox\n|\n|-heal|p1a: Gliscor|53/100 tox|[from] ability: Poison Heal\n|upkeep\n|turn|8\n|j| Vaitas\n|\n|t:|1771244669\n|move|p1a: Gliscor|Protect|p1a: Gliscor\n|-singleturn|p1a: Gliscor|Protect\n|move|p2a: Heatran|Stealth Rock||[still]\n|-fail|p2a: Heatran\n|\n|-heal|p1a: Gliscor|66/100 tox|[from] ability: Poison Heal\n|upkeep\n|turn|9\n|\n|t:|1771244673\n|switch|p1a: Flesh Tutu|Blissey, F, shiny|100/100\n|move|p2a: Heatran|Lava Plume|p1a: Flesh Tutu\n|-damage|p1a: Flesh Tutu|90/100\n|-status|p1a: Flesh Tutu|brn\n|\n|-heal|p1a: Flesh Tutu|96/100 brn|[from] Grassy Terrain\n|-damage|p1a: Flesh Tutu|90/100 brn|[from] brn\n|upkeep\n|turn|10\n|\n|t:|1771244686\n|switch|p2a: Ting-Lu|Ting-Lu|100/100\n|-damage|p2a: Ting-Lu|94/100|[from] Stealth Rock\n|-ability|p2a: Ting-Lu|Vessel of Ruin\n|-curestatus|p1a: Flesh Tutu|brn|[from] ability: Natural Cure\n|switch|p1a: Gliscor|Gliscor, F|66/100 tox\n|-damage|p1a: Gliscor|53/100 tox|[from] Stealth Rock\n|\n|-heal|p2a: Ting-Lu|100/100|[from] Grassy Terrain\n|-heal|p1a: Gliscor|66/100 tox|[from] ability: Poison Heal\n|-fieldend|move: Grassy Terrain\n|upkeep\n|turn|11\n|\n|t:|1771244707\n|move|p1a: Gliscor|Toxic|p2a: Ting-Lu\n|-status|p2a: Ting-Lu|tox\n|move|p2a: Ting-Lu|Spikes|p1a: Gliscor\n|-sidestart|p1: zarross|Spikes\n|\n|-heal|p1a: Gliscor|78/100 tox|[from] ability: Poison Heal\n|-damage|p2a: Ting-Lu|94/100 tox|[from] psn\n|upkeep\n|turn|12\n|\n|t:|1771244712\n|switch|p2a: Rillaboom|Rillaboom, M|87/100\n|-damage|p2a: Rillaboom|74/100|[from] Stealth Rock\n|-fieldstart|move: Grassy Terrain|[from] ability: Grassy Surge|[of] p2a: Rillaboom\n|move|p1a: Gliscor|Knock Off|p2a: Rillaboom\n|-damage|p2a: Rillaboom|60/100\n|\n|-heal|p2a: Rillaboom|66/100|[from] Grassy Terrain\n|-heal|p1a: Gliscor|91/100 tox|[from] ability: Poison Heal\n|upkeep\n|turn|13\n|\n|t:|1771244721\n|switch|p2a: Heatran|Heatran, M|100/100\n|-damage|p2a: Heatran|88/100|[from] Stealth Rock\n|move|p1a: Gliscor|Toxic|p2a: Heatran\n|-immune|p2a: Heatran\n|\n|-heal|p2a: Heatran|94/100|[from] Grassy Terrain\n|-heal|p1a: Gliscor|100/100 tox|[from] ability: Poison Heal\n|upkeep\n|turn|14\n|\n|t:|1771244726\n|move|p1a: Gliscor|Knock Off|p2a: Heatran\n|-damage|p2a: Heatran|85/100\n|move|p2a: Heatran|Stealth Rock||[still]\n|-fail|p2a: Heatran\n|\n|-heal|p2a: Heatran|92/100|[from] Grassy Terrain\n|upkeep\n|turn|15\n|\n|t:|1771244733\n|switch|p1a: Flesh Tutu|Blissey, F, shiny|90/100\n|move|p2a: Heatran|Stealth Rock||[still]\n|-fail|p2a: Heatran\n|\n|-heal|p2a: Heatran|98/100|[from] Grassy Terrain\n|-heal|p1a: Flesh Tutu|96/100|[from] Grassy Terrain\n|upkeep\n|turn|16\n|\n|t:|1771244743\n|switch|p1a: Gliscor|Gliscor, F|100/100 tox\n|-damage|p1a: Gliscor|88/100 tox|[from] Stealth Rock\n|move|p2a: Heatran|Lava Plume|p1a: Gliscor\n|-damage|p1a: Gliscor|46/100 tox\n|\n|-heal|p2a: Heatran|100/100|[from] Grassy Terrain\n|-heal|p1a: Gliscor|58/100 tox|[from] ability: Poison Heal\n|-fieldend|move: Grassy Terrain\n|upkeep\n|turn|17\n|\n|t:|1771244749\n|move|p1a: Gliscor|Protect|p1a: Gliscor\n|-singleturn|p1a: Gliscor|Protect\n|move|p2a: Heatran|Earth Power|p1a: Gliscor\n|-activate|p1a: Gliscor|move: Protect\n|\n|-heal|p1a: Gliscor|71/100 tox|[from] ability: Poison Heal\n|upkeep\n|turn|18\n|\n|t:|1771244753\n|switch|p1a: Flesh Tutu|Blissey, F, shiny|96/100\n|move|p2a: Heatran|Lava Plume|p1a: Flesh Tutu\n|-damage|p1a: Flesh Tutu|86/100\n|-status|p1a: Flesh Tutu|brn\n|\n|-damage|p1a: Flesh Tutu|80/100 brn|[from] brn\n|upkeep\n|turn|19\n|\n|t:|1771244761\n|move|p2a: Heatran|Earth Power|p1a: Flesh Tutu\n|-damage|p1a: Flesh Tutu|73/100 brn\n|move|p1a: Flesh Tutu|Seismic Toss|p2a: Heatran\n|-damage|p2a: Heatran|75/100\n|\n|-damage|p1a: Flesh Tutu|67/100 brn|[from] brn\n|upkeep\n|turn|20\n|\n|t:|1771244765\n|move|p2a: Heatran|Lava Plume|p1a: Flesh Tutu\n|-damage|p1a: Flesh Tutu|57/100 brn\n|move|p1a: Flesh Tutu|Soft-Boiled|p1a: Flesh Tutu\n|-heal|p1a: Flesh Tutu|100/100 brn\n|\n|-damage|p1a: Flesh Tutu|94/100 brn|[from] brn\n|upkeep\n|turn|21\n|\n|t:|1771244767\n|move|p2a: Heatran|Lava Plume|p1a: Flesh Tutu\n|-damage|p1a: Flesh Tutu|84/100 brn\n|move|p1a: Flesh Tutu|Seismic Toss|p2a: Heatran\n|-damage|p2a: Heatran|49/100\n|\n|-damage|p1a: Flesh Tutu|78/100 brn|[from] brn\n|upkeep\n|turn|22\n|\n|t:|1771244771\n|switch|p2a: Rillaboom|Rillaboom, M|66/100\n|-damage|p2a: Rillaboom|54/100|[from] Stealth Rock\n|-fieldstart|move: Grassy Terrain|[from] ability: Grassy Surge|[of] p2a: Rillaboom\n|move|p1a: Flesh Tutu|Seismic Toss|p2a: Rillaboom\n|-damage|p2a: Rillaboom|29/100\n|\n|-heal|p2a: Rillaboom|35/100|[from] Grassy Terrain\n|-heal|p1a: Flesh Tutu|84/100 brn|[from] Grassy Terrain\n|-damage|p1a: Flesh Tutu|78/100 brn|[from] brn\n|upkeep\n|turn|23\n|\n|t:|1771244775\n|-curestatus|p1a: Flesh Tutu|brn|[from] ability: Natural Cure\n|switch|p1a: Gliscor|Gliscor, F|71/100 tox\n|-damage|p1a: Gliscor|58/100 tox|[from] Stealth Rock\n|move|p2a: Rillaboom|Knock Off|p1a: Gliscor\n|-damage|p1a: Gliscor|36/100 tox\n|-enditem|p1a: Gliscor|Toxic Orb|[from] move: Knock Off|[of] p2a: Rillaboom\n|\n|-heal|p2a: Rillaboom|41/100|[from] Grassy Terrain\n|-heal|p1a: Gliscor|49/100 tox|[from] ability: Poison Heal\n|upkeep\n|turn|24\n|\n|t:|1771244780\n|move|p2a: Rillaboom|Grassy Glide|p1a: Gliscor\n|-damage|p1a: Gliscor|22/100 tox\n|move|p1a: Gliscor|Knock Off|p2a: Rillaboom\n|-damage|p2a: Rillaboom|27/100\n|\n|-heal|p2a: Rillaboom|33/100|[from] Grassy Terrain\n|-heal|p1a: Gliscor|35/100 tox|[from] ability: Poison Heal\n|upkeep\n|turn|25\n|\n|t:|1771244789\n|move|p1a: Gliscor|Toxic|p2a: Rillaboom\n|-status|p2a: Rillaboom|tox\n|move|p2a: Rillaboom|U-turn|p1a: Gliscor\n|-resisted|p1a: Gliscor\n|-damage|p1a: Gliscor|27/100 tox\n|\n|t:|1771244800\n|switch|p2a: Dragapult|Dragapult, F|100/100|[from] U-turn\n|-damage|p2a: Dragapult|88/100|[from] Stealth Rock\n|\n|-heal|p2a: Dragapult|94/100|[from] Grassy Terrain\n|-heal|p1a: Gliscor|40/100 tox|[from] ability: Poison Heal\n|upkeep\n|turn|26\n|\n|t:|1771244803\n|move|p1a: Gliscor|Protect|p1a: Gliscor\n|-singleturn|p1a: Gliscor|Protect\n|move|p2a: Dragapult|Dragon Darts|p1a: Gliscor\n|-activate|p1a: Gliscor|move: Protect\n|\n|-heal|p2a: Dragapult|99/100|[from] Grassy Terrain\n|-heal|p1a: Gliscor|52/100 tox|[from] ability: Poison Heal\n|-fieldend|move: Grassy Terrain\n|upkeep\n|turn|27\n|\n|t:|1771244811\n|switch|p2a: Iron Crown|Iron Crown|100/100\n|-damage|p2a: Iron Crown|94/100|[from] Stealth Rock\n|switch|p1a: Weezing|Weezing-Galar, M|100/100\n|-ability|p1a: Weezing|Neutralizing Gas\n|\n|upkeep\n|turn|28\n|\n|t:|1771244841\n|-end|p1a: Weezing|ability: Neutralizing Gas\n|switch|p1a: Flesh Tutu|Blissey, F, shiny|78/100\n|move|p2a: Iron Crown|Psyshock|p1a: Flesh Tutu\n|-damage|p1a: Flesh Tutu|0 fnt\n|faint|p1a: Flesh Tutu\n|\n|upkeep\n|\n|t:|1771244852\n|switch|p1a: Gliscor|Gliscor, F|52/100 tox\n|-damage|p1a: Gliscor|40/100 tox|[from] Stealth Rock\n|turn|29\n|\n|t:|1771244857\n|move|p1a: Gliscor|Protect|p1a: Gliscor\n|-singleturn|p1a: Gliscor|Protect\n|move|p2a: Iron Crown|Psyshock|p1a: Gliscor\n|-activate|p1a: Gliscor|move: Protect\n|\n|-heal|p1a: Gliscor|52/100 tox|[from] ability: Poison Heal\n|upkeep\n|turn|30\n|\n|t:|1771244868\n|-end|p2a: Iron Crown|Quark Drive|[silent]\n|switch|p2a: Ting-Lu|Ting-Lu|94/100 tox\n|-damage|p2a: Ting-Lu|88/100 tox|[from] Stealth Rock\n|-ability|p2a: Ting-Lu|Vessel of Ruin\n|switch|p1a: Corviknight|Corviknight, F, shiny|100/100\n|-damage|p1a: Corviknight|88/100|[from] Stealth Rock\n|-ability|p1a: Corviknight|Pressure\n|\n|-heal|p1a: Corviknight|94/100|[from] item: Leftovers\n|-heal|p2a: Ting-Lu|94/100 tox|[from] item: Leftovers\n|-damage|p2a: Ting-Lu|88/100 tox|[from] psn\n|upkeep\n|turn|31\n|\n|t:|1771244873\n|move|p1a: Corviknight|Defog|p2a: Ting-Lu\n|-unboost|p2a: Ting-Lu|evasion|1\n|-sideend|p2: FIREEEE|Stealth Rock|[from] move: Defog|[of] p1a: Corviknight\n|-sideend|p1: zarross|Spikes|[from] move: Defog|[of] p1a: Corviknight\n|-sideend|p1: zarross|Stealth Rock|[from] move: Defog|[of] p1a: Corviknight\n|move|p2a: Ting-Lu|Ruination|p1a: Corviknight|[miss]\n|-miss|p2a: Ting-Lu|p1a: Corviknight\n|\n|-heal|p1a: Corviknight|99/100|[from] item: Leftovers\n|-heal|p2a: Ting-Lu|94/100 tox|[from] item: Leftovers\n|-damage|p2a: Ting-Lu|82/100 tox|[from] psn\n|upkeep\n|turn|32\n|\n|t:|1771244877\n|move|p1a: Corviknight|Iron Head|p2a: Ting-Lu\n|-damage|p2a: Ting-Lu|68/100 tox\n|move|p2a: Ting-Lu|Spikes|p1a: Corviknight\n|-sidestart|p1: zarross|Spikes\n|\n|-heal|p1a: Corviknight|100/100|[from] item: Leftovers\n|-heal|p2a: Ting-Lu|74/100 tox|[from] item: Leftovers\n|-damage|p2a: Ting-Lu|55/100 tox|[from] psn\n|upkeep\n|turn|33\n|\n|t:|1771244882\n|switch|p2a: Heatran|Heatran, M|49/100\n|move|p1a: Corviknight|Defog|p2a: Heatran\n|-unboost|p2a: Heatran|evasion|1\n|-sideend|p1: zarross|Spikes|[from] move: Defog|[of] p1a: Corviknight\n|\n|upkeep\n|turn|34\n|\n|t:|1771244887\n|move|p1a: Corviknight|Protect|p1a: Corviknight\n|-singleturn|p1a: Corviknight|Protect\n|move|p2a: Heatran|Stealth Rock|p1a: Corviknight\n|-sidestart|p1: zarross|move: Stealth Rock\n|\n|upkeep\n|turn|35\n|\n|t:|1771244897\n|switch|p1a: Gliscor|Gliscor, F|52/100 tox\n|-damage|p1a: Gliscor|40/100 tox|[from] Stealth Rock\n|move|p2a: Heatran|Lava Plume|p1a: Gliscor\n|-damage|p1a: Gliscor|0 fnt\n|faint|p1a: Gliscor\n|\n|upkeep\n|-message|zarross forfeited.\n|\n|win|FIREEEE\n|raw|zarross's rating: 1767 &rarr; <strong>1750</strong><br />(-17 for losing)\n|raw|FIREEEE's rating: 1814 &rarr; <strong>1831</strong><br />(+17 for winning)\n|l|☆zarross\n|player|p1|\n|l|☆FIREEEE\n|player|p2|\n|l| hbgzd\n|l| teagrf\n|l| Vaitas\n", "uploadtime": 1771244933, "views": 8, "formatid": "gen9ou", "rating": 1750, "private": 0, "password": null}