{"id": "gen9ou-2540546858", "format": "[Gen 9] OU", "players": ["shadow09", "Lordbulbus17"], "log": "|j|☆shadow09\n|j|☆Lordbulbus17\n|t:|1771216073\n|gametype|singles\n|player|p1|shadow09|riley|1555\n|player|p2|Lordbulbus17|101|1489\n|gen|9\n|tier|[Gen 9] OU\n|rated|\n|rule|HP Percentage Mod: HP is shown in percentages\n|rule|Endless Battle Clause: Forcing endless battles is banned\n|rule|Species Clause: Limit one of each Pokémon\n|rule|OHKO Clause: OHKO moves are banned\n|rule|Evasion Items Clause: Evasion items are banned\n|rule|Evasion Moves Clause: Evasion moves are banned\n|rule|Evasion Abilities Clause: Evasion abilities are banned\n|rule|Sleep Moves Clause: Sleep-inducing moves are banned\n|clearpoke\n|poke|p1|Lucario, M|\n|poke|p1|Espeon, F|\n|poke|p1|Corviknight, M|\n|poke|p1|Garchomp, M|\n|poke|p1|Gardevoir, F|\n|poke|p1|Raikou|\n|poke|p2|Ninetales-Alola, M|\n|poke|p2|Cinderace, F|\n|poke|p2|Hatterene, F|\n|poke|p2|Alomomola, M|\n|poke|p2|Cetitan, M|\n|poke|p2|Ceruledge, M|\n|teampreview\n|inactive|Battle timer is ON: inactive players will automatically lose when time's up. (requested by Lordbulbus17)\n|\n|t:|1771216088\n|teamsize|p1|6\n|teamsize|p2|6\n|start\n|switch|p1a: Raikou|Raikou|100/100\n|switch|p2a: Ninetales|Ninetales-Alola, M|100/100\n|-weather|Snowscape|[from] ability: Snow Warning|[of] p2a: Ninetales\n|turn|1\n|\n|t:|1771216097\n|move|p1a: Raikou|Substitute|p1a: Raikou\n|-start|p1a: Raikou|Substitute\n|-damage|p1a: Raikou|76/100\n|move|p2a: Ninetales|Aurora Veil|p2a: Ninetales\n|-sidestart|p2: Lordbulbus17|move: Aurora Veil\n|\n|-weather|Snowscape|[upkeep]\n|-heal|p1a: Raikou|82/100|[from] item: Leftovers\n|upkeep\n|turn|2\n|\n|t:|1771216103\n|move|p1a: Raikou|Calm Mind|p1a: Raikou\n|-boost|p1a: Raikou|spa|1\n|-boost|p1a: Raikou|spd|1\n|move|p2a: Ninetales|Encore|p1a: Raikou\n|-start|p1a: Raikou|Encore\n|\n|-weather|Snowscape|[upkeep]\n|-heal|p1a: Raikou|88/100|[from] item: Leftovers\n|upkeep\n|turn|3\n|\n|t:|1771216111\n|switch|p2a: Cetitan|Cetitan, M|100/100\n|move|p1a: Raikou|Calm Mind|p1a: Raikou\n|-boost|p1a: Raikou|spa|1\n|-boost|p1a: Raikou|spd|1\n|\n|-weather|Snowscape|[upkeep]\n|-heal|p1a: Raikou|94/100|[from] item: Leftovers\n|upkeep\n|turn|4\n|\n|t:|1771216118\n|move|p2a: Cetitan|Belly Drum|p2a: Cetitan\n|-damage|p2a: Cetitan|51/100\n|-setboost|p2a: Cetitan|atk|6|[from] move: Belly Drum\n|move|p1a: Raikou|Calm Mind|p1a: Raikou\n|-boost|p1a: Raikou|spa|1\n|-boost|p1a: Raikou|spd|1\n|\n|-weather|Snowscape|[upkeep]\n|-heal|p1a: Raikou|99/100|[from] item: Leftovers\n|upkeep\n|turn|5\n|\n|t:|1771216127\n|move|p2a: Cetitan|Icicle Spear|p1a: Raikou\n|-end|p1a: Raikou|Substitute\n|-damage|p1a: Raikou|51/100\n|-damage|p1a: Raikou|0 fnt\n|faint|p1a: Raikou\n|-hitcount|p1: Raikou|3\n|\n|-weather|Snowscape|[upkeep]\n|-sideend|p2: Lordbulbus17|move: Aurora Veil\n|upkeep\n|\n|t:|1771216130\n|switch|p1a: Lucario|Lucario, M|100/100\n|turn|6\n|\n|t:|1771216156\n|move|p2a: Cetitan|Earthquake|p1a: Lucario\n|-supereffective|p1a: Lucario\n|-enditem|p1a: Lucario|Focus Sash\n|-damage|p1a: Lucario|1/100\n|move|p1a: Lucario|Close Combat|p2a: Cetitan\n|-supereffective|p2a: Cetitan\n|-damage|p2a: Cetitan|0 fnt\n|-unboost|p1a: Lucario|def|1\n|-unboost|p1a: Lucario|spd|1\n|faint|p2a: Cetitan\n|\n|-weather|Snowscape|[upkeep]\n|upkeep\n|inactive|Lordbulbus17 has 120 seconds left.\n|\n|t:|1771216174\n|switch|p2a: Alomomola|Alomomola, M|100/100\n|turn|7\n|inactive|Lordbulbus17 has 120 seconds left.\n|inactive|shadow09 has 120 seconds left.\n|\n|t:|1771216219\n|move|p1a: Lucario|Extreme Speed|p2a: Alomomola\n|-damage|p2a: Alomomola|87/100\n|move|p2a: Alomomola|Flip Turn|p1a: Lucario\n|-crit|p1a: Lucario\n|-damage|p1a: Lucario|0 fnt\n|faint|p1a: Lucario\n|inactive|Lordbulbus17 has 120 seconds left.\n|\n|t:|1771216228\n|switch|p2a: Ninetales|Ninetales-Alola, M|100/100|[from] Flip Turn\n|\n|-weather|Snowscape|[upkeep]\n|upkeep\n|inactive|shadow09 has 90 seconds left.\n|\n|t:|1771216262\n|switch|p1a: Corviknight|Corviknight, M, shiny|100/100\n|turn|8\n|\n|t:|1771216265\n|move|p2a: Ninetales|Aurora Veil|p2a: Ninetales\n|-sidestart|p2: Lordbulbus17|move: Aurora Veil\n|move|p1a: Corviknight|Agility|p1a: Corviknight\n|-boost|p1a: Corviknight|spe|2\n|\n|-weather|none\n|upkeep\n|turn|9\n|\n|t:|1771216271\n|move|p1a: Corviknight|Iron Head|p2a: Ninetales\n|-supereffective|p2a: Ninetales\n|-damage|p2a: Ninetales|47/100\n|cant|p2a: Ninetales|flinch\n|\n|upkeep\n|turn|10\n|\n|t:|1771216279\n|switch|p2a: Cinderace|Cinderace, F|100/100\n|move|p1a: Corviknight|Iron Head|p2a: Cinderace\n|-resisted|p2a: Cinderace\n|-damage|p2a: Cinderace|92/100\n|\n|upkeep\n|turn|11\n|\n|t:|1771216285\n|move|p1a: Corviknight|Bulk Up|p1a: Corviknight\n|-boost|p1a: Corviknight|atk|1\n|-boost|p1a: Corviknight|def|1\n|move|p2a: Cinderace|Pyro Ball|p1a: Corviknight\n|-supereffective|p1a: Corviknight\n|-damage|p1a: Corviknight|41/100\n|\n|-heal|p1a: Corviknight|47/100|[from] item: Leftovers\n|upkeep\n|turn|12\n|\n|t:|1771216294\n|move|p1a: Corviknight|Power Trip|p2a: Cinderace\n|-damage|p2a: Cinderace|70/100\n|move|p2a: Cinderace|Pyro Ball|p1a: Corviknight\n|-supereffective|p1a: Corviknight\n|-damage|p1a: Corviknight|0 fnt\n|faint|p1a: Corviknight\n|\n|-sideend|p2: Lordbulbus17|move: Aurora Veil\n|upkeep\n|\n|t:|1771216297\n|switch|p1a: Garchomp|Garchomp, M, shiny|100/100\n|turn|13\n|\n|t:|1771216307\n|switch|p2a: Hatterene|Hatterene, F|100/100\n|move|p1a: Garchomp|Scale Shot|p2a: Hatterene\n|-immune|p2a: Hatterene\n|\n|upkeep\n|turn|14\n|\n|t:|1771216327\n|move|p1a: Garchomp|Iron Head|p2a: Hatterene\n|-supereffective|p2a: Hatterene\n|-damage|p2a: Hatterene|38/100\n|move|p2a: Hatterene|Draining Kiss|p1a: Garchomp\n|-supereffective|p1a: Garchomp\n|-damage|p1a: Garchomp|55/100\n|-heal|p2a: Hatterene|76/100|[from] drain|[of] p1a: Garchomp\n|-damage|p2a: Hatterene|64/100|[from] ability: Rough Skin|[of] p1a: Garchomp\n|\n|-heal|p2a: Hatterene|70/100|[from] item: Leftovers\n|upkeep\n|turn|15\n|\n|t:|1771216338\n|move|p1a: Garchomp|Swords Dance|p1a: Garchomp\n|-boost|p1a: Garchomp|atk|2\n|move|p2a: Hatterene|Draining Kiss|p1a: Garchomp\n|-supereffective|p1a: Garchomp\n|-damage|p1a: Garchomp|7/100\n|-heal|p2a: Hatterene|100/100|[from] drain|[of] p1a: Garchomp\n|-damage|p2a: Hatterene|88/100|[from] ability: Rough Skin|[of] p1a: Garchomp\n|\n|-heal|p2a: Hatterene|94/100|[from] item: Leftovers\n|upkeep\n|turn|16\n|\n|t:|1771216350\n|switch|p2a: Alomomola|Alomomola, M|100/100\n|move|p1a: Garchomp|Earthquake|p2a: Alomomola\n|-damage|p2a: Alomomola|42/100\n|\n|-heal|p2a: Alomomola|49/100|[from] item: Leftovers\n|upkeep\n|turn|17\n|\n|t:|1771216358\n|move|p2a: Alomomola|Protect|p2a: Alomomola\n|-singleturn|p2a: Alomomola|Protect\n|move|p1a: Garchomp|Scale Shot|p2a: Alomomola\n|-activate|p2a: Alomomola|move: Protect\n|\n|-heal|p2a: Alomomola|55/100|[from] item: Leftovers\n|upkeep\n|turn|18\n|\n|t:|1771216365\n|move|p1a: Garchomp|Earthquake|p2a: Alomomola\n|-damage|p2a: Alomomola|0 fnt\n|faint|p2a: Alomomola\n|\n|upkeep\n|\n|t:|1771216369\n|switch|p2a: Ceruledge|Ceruledge, M|100/100\n|turn|19\n|\n|t:|1771216386\n|switch|p2a: Ninetales|Ninetales-Alola, M|47/100\n|-weather|Snowscape|[from] ability: Snow Warning|[of] p2a: Ninetales\n|move|p1a: Garchomp|Scale Shot|p2a: Ninetales\n|-immune|p2a: Ninetales\n|\n|-weather|Snowscape|[upkeep]\n|upkeep\n|turn|20\n|\n|t:|1771216413\n|move|p1a: Garchomp|Iron Head|p2a: Ninetales\n|-supereffective|p2a: Ninetales\n|-damage|p2a: Ninetales|0 fnt\n|faint|p2a: Ninetales\n|\n|-weather|Snowscape|[upkeep]\n|upkeep\n|\n|t:|1771216418\n|switch|p2a: Cinderace|Cinderace, F|70/100\n|turn|21\n|\n|t:|1771216430\n|move|p2a: Cinderace|Sucker Punch|p1a: Garchomp\n|-start|p2a: Cinderace|typechange|Dark|[from] ability: Libero\n|-damage|p1a: Garchomp|0 fnt\n|-damage|p2a: Cinderace|58/100|[from] ability: Rough Skin|[of] p1a: Garchomp\n|faint|p1a: Garchomp\n|\n|-weather|Snowscape|[upkeep]\n|upkeep\n|\n|t:|1771216432\n|switch|p1a: Gardevoir|Gardevoir, F, shiny|100/100\n|-ability|p1a: Gardevoir|Libero|Trace|[from] ability: Trace|[of] p2a: Cinderace\n|turn|22\n|\n|t:|1771216445\n|move|p1a: Gardevoir|Moonblast|p2a: Cinderace\n|-start|p1a: Gardevoir|typechange|Fairy|[from] ability: Libero\n|-supereffective|p2a: Cinderace\n|-damage|p2a: Cinderace|0 fnt\n|faint|p2a: Cinderace\n|\n|-weather|Snowscape|[upkeep]\n|upkeep\n|\n|t:|1771216452\n|switch|p2a: Ceruledge|Ceruledge, M|100/100\n|turn|23\n|\n|t:|1771216455\n|switch|p1a: Espeon|Espeon, F|100/100\n|move|p2a: Ceruledge|Substitute|p2a: Ceruledge\n|-start|p2a: Ceruledge|Substitute\n|-damage|p2a: Ceruledge|76/100\n|\n|-weather|Snowscape|[upkeep]\n|-heal|p2a: Ceruledge|82/100|[from] item: Leftovers\n|upkeep\n|turn|24\n|\n|t:|1771216464\n|move|p1a: Espeon|Reflect|p1a: Espeon\n|-sidestart|p1: shadow09|Reflect\n|move|p2a: Ceruledge|Bitter Blade|p1a: Espeon\n|-damage|p1a: Espeon|54/100\n|-heal|p2a: Ceruledge|99/100|[from] drain|[of] p1a: Espeon\n|\n|-weather|Snowscape|[upkeep]\n|-heal|p2a: Ceruledge|100/100|[from] item: Leftovers\n|upkeep\n|turn|25\n|\n|t:|1771216472\n|move|p1a: Espeon|Psychic Noise|p2a: Ceruledge\n|-crit|p2a: Ceruledge\n|-damage|p2a: Ceruledge|45/100\n|-start|p2a: Ceruledge|move: Heal Block\n|move|p2a: Ceruledge|Curse|p1a: Espeon\n|-start|p1a: Espeon|Curse|[of] p2a: Ceruledge\n|-damage|p2a: Ceruledge|0 fnt\n|faint|p2a: Ceruledge\n|\n|-weather|Snowscape|[upkeep]\n|-damage|p1a: Espeon|29/100|[from] Curse\n|upkeep\n|\n|t:|1771216483\n|switch|p2a: Hatterene|Hatterene, F|94/100\n|turn|26\n|\n|t:|1771216486\n|move|p1a: Espeon|Light Screen|p1a: Espeon\n|-sidestart|p1: shadow09|move: Light Screen\n|move|p2a: Hatterene|Calm Mind|p2a: Hatterene\n|-boost|p2a: Hatterene|spa|1\n|-boost|p2a: Hatterene|spd|1\n|\n|-weather|none\n|-heal|p2a: Hatterene|99/100|[from] item: Leftovers\n|-damage|p1a: Espeon|4/100|[from] Curse\n|upkeep\n|turn|27\n|\n|t:|1771216494\n|move|p1a: Espeon|Psychic Noise|p2a: Hatterene\n|-resisted|p2a: Hatterene\n|-damage|p2a: Hatterene|89/100\n|-start|p2a: Hatterene|move: Heal Block\n|move|p2a: Hatterene|Calm Mind|p2a: Hatterene\n|-boost|p2a: Hatterene|spa|1\n|-boost|p2a: Hatterene|spd|1\n|\n|-damage|p1a: Espeon|0 fnt|[from] Curse\n|faint|p1a: Espeon\n|upkeep\n|\n|t:|1771216497\n|switch|p1a: Gardevoir|Gardevoir, F, shiny|100/100\n|-ability|p1a: Gardevoir|Magic Bounce|Trace|[from] ability: Trace|[of] p2a: Hatterene\n|turn|28\n|\n|t:|1771216511\n|-terastallize|p1a: Gardevoir|Fire\n|move|p1a: Gardevoir|Mystical Fire|p2a: Hatterene\n|-damage|p2a: Hatterene|75/100\n|-unboost|p2a: Hatterene|spa|1\n|move|p2a: Hatterene|Mystical Fire|p1a: Gardevoir\n|-resisted|p1a: Gardevoir\n|-damage|p1a: Gardevoir|92/100\n|-unboost|p1a: Gardevoir|spa|1\n|\n|-end|p2a: Hatterene|move: Heal Block\n|upkeep\n|turn|29\n|\n|t:|1771216523\n|-terastallize|p2a: Hatterene|Psychic\n|move|p1a: Gardevoir|Mystical Fire|p2a: Hatterene\n|-damage|p2a: Hatterene|65/100\n|-unboost|p2a: Hatterene|spa|1\n|move|p2a: Hatterene|Psyshock|p1a: Gardevoir\n|-damage|p1a: Gardevoir|52/100\n|\n|-heal|p2a: Hatterene|71/100|[from] item: Leftovers\n|upkeep\n|turn|30\n|\n|t:|1771216533\n|move|p1a: Gardevoir|Mystical Fire|p2a: Hatterene\n|-damage|p2a: Hatterene|61/100\n|-unboost|p2a: Hatterene|spa|1\n|move|p2a: Hatterene|Psyshock|p1a: Gardevoir\n|-damage|p1a: Gardevoir|23/100\n|\n|-heal|p2a: Hatterene|67/100|[from] item: Leftovers\n|upkeep\n|turn|31\n|\n|t:|1771216541\n|move|p1a: Gardevoir|Mystical Fire|p2a: Hatterene\n|-damage|p2a: Hatterene|58/100\n|-unboost|p2a: Hatterene|spa|1\n|move|p2a: Hatterene|Psyshock|p1a: Gardevoir\n|-crit|p1a: Gardevoir\n|-damage|p1a: Gardevoir|0 fnt\n|faint|p1a: Gardevoir\n|\n|win|Lordbulbus17\n|raw|shadow09's rating: 1555 &rarr; <strong>1531</strong><br />(-24 for losing)\n|raw|Lordbulbus17's rating: 1489 &rarr; <strong>1513</strong><br />(+24 for winning)\n|l|☆shadow09\n|player|p1|\n|l|☆Lordbulbus17\n|player|p2|\n", "uploadtime": 1771216726, "views": 5, "formatid": "gen9ou", "rating": 1513, "private": 0, "password": null}