{"id": "gen9ou-2639299535", "format": "[Gen 9] OU", "players": ["gojo du m", "xjdfgdfg"], "log": "|j|☆gojo du m\n|j|☆xjdfgdfg\n|t:|1782448514\n|gametype|singles\n|player|p1|gojo du m|brawly|1665\n|player|p2|xjdfgdfg|102|1673\n|gen|9\n|tier|[Gen 9] OU\n|rated|\n|rule|HP Percentage Mod: HP is shown in percentages\n|rule|Endless Battle Clause: Forcing endless battles is banned\n|rule|Species Clause: Limit one of each Pokémon\n|rule|OHKO Clause: OHKO moves are banned\n|rule|Evasion Items Clause: Evasion items are banned\n|rule|Evasion Moves Clause: Evasion moves are banned\n|rule|Evasion Abilities Clause: Evasion abilities are banned\n|rule|Sleep Moves Clause: Sleep-inducing moves are banned\n|clearpoke\n|poke|p1|Great Tusk|\n|poke|p1|Primarina, M|\n|poke|p1|Ting-Lu|\n|poke|p1|Slowking-Galar, F|\n|poke|p1|Dragonite, F|\n|poke|p1|Raging Bolt|\n|poke|p2|Serperior, M|\n|poke|p2|Skeledirge, M|\n|poke|p2|Ting-Lu|\n|poke|p2|Gholdengo|\n|poke|p2|Rotom-Wash|\n|poke|p2|Weavile, M|\n|teampreview\n|inactive|Battle timer is ON: inactive players will automatically lose when time's up. (requested by xjdfgdfg)\n|\n|t:|1782448526\n|teamsize|p1|6\n|teamsize|p2|6\n|start\n|switch|p1a: Primarina|Primarina, M|100/100\n|switch|p2a: Serperior|Serperior, M, shiny|100/100\n|turn|1\n|\n|t:|1782448538\n|switch|p1a: Slowking|Slowking-Galar, F|100/100\n|move|p2a: Serperior|Substitute|p2a: Serperior\n|-start|p2a: Serperior|Substitute\n|-damage|p2a: Serperior|76/100\n|\n|-heal|p2a: Serperior|82/100|[from] item: Leftovers\n|upkeep\n|turn|2\n|\n|t:|1782448554\n|move|p2a: Serperior|Glare|p1a: Slowking\n|-status|p1a: Slowking|par\n|cant|p1a: Slowking|par\n|\n|-heal|p2a: Serperior|88/100|[from] item: Leftovers\n|upkeep\n|turn|3\n|\n|t:|1782448562\n|move|p2a: Serperior|Leech Seed|p1a: Slowking\n|-start|p1a: Slowking|move: Leech Seed\n|move|p1a: Slowking|Sludge Bomb|p2a: Serperior\n|-supereffective|p2a: Serperior\n|-end|p2a: Serperior|Substitute\n|\n|-heal|p2a: Serperior|94/100|[from] item: Leftovers\n|-damage|p1a: Slowking|88/100 par|[from] Leech Seed|[of] p2a: Serperior\n|-heal|p2a: Serperior|100/100|[silent]\n|upkeep\n|turn|4\n|\n|t:|1782448572\n|move|p2a: Serperior|Substitute|p2a: Serperior\n|-start|p2a: Serperior|Substitute\n|-damage|p2a: Serperior|76/100\n|move|p1a: Slowking|Sludge Bomb|p2a: Serperior\n|-supereffective|p2a: Serperior\n|-end|p2a: Serperior|Substitute\n|\n|-heal|p2a: Serperior|82/100|[from] item: Leftovers\n|-damage|p1a: Slowking|76/100 par|[from] Leech Seed|[of] p2a: Serperior\n|-heal|p2a: Serperior|97/100|[silent]\n|upkeep\n|turn|5\n|\n|t:|1782448582\n|move|p2a: Serperior|Substitute|p2a: Serperior\n|-start|p2a: Serperior|Substitute\n|-damage|p2a: Serperior|72/100\n|move|p1a: Slowking|Sludge Bomb|p2a: Serperior\n|-supereffective|p2a: Serperior\n|-end|p2a: Serperior|Substitute\n|\n|-heal|p2a: Serperior|78/100|[from] item: Leftovers\n|-damage|p1a: Slowking|63/100 par|[from] Leech Seed|[of] p2a: Serperior\n|-heal|p2a: Serperior|93/100|[silent]\n|upkeep\n|turn|6\n|\n|t:|1782448592\n|move|p2a: Serperior|Substitute|p2a: Serperior\n|-start|p2a: Serperior|Substitute\n|-damage|p2a: Serperior|68/100\n|move|p1a: Slowking|Sludge Bomb|p2a: Serperior\n|-supereffective|p2a: Serperior\n|-end|p2a: Serperior|Substitute\n|\n|-heal|p2a: Serperior|74/100|[from] item: Leftovers\n|-damage|p1a: Slowking|51/100 par|[from] Leech Seed|[of] p2a: Serperior\n|-heal|p2a: Serperior|89/100|[silent]\n|upkeep\n|turn|7\n|j| thing maker\n|\n|t:|1782448602\n|move|p2a: Serperior|Substitute|p2a: Serperior\n|-start|p2a: Serperior|Substitute\n|-damage|p2a: Serperior|65/100\n|move|p1a: Slowking|Sludge Bomb|p2a: Serperior\n|-supereffective|p2a: Serperior\n|-end|p2a: Serperior|Substitute\n|\n|-heal|p2a: Serperior|71/100|[from] item: Leftovers\n|-damage|p1a: Slowking|38/100 par|[from] Leech Seed|[of] p2a: Serperior\n|-heal|p2a: Serperior|86/100|[silent]\n|upkeep\n|turn|8\n|j| pls game\n|\n|t:|1782448613\n|switch|p1a: Ting-Lu|Ting-Lu|100/100\n|-ability|p1a: Ting-Lu|Vessel of Ruin\n|move|p2a: Serperior|Substitute|p2a: Serperior\n|-start|p2a: Serperior|Substitute\n|-damage|p2a: Serperior|61/100\n|\n|-heal|p2a: Serperior|67/100|[from] item: Leftovers\n|upkeep\n|turn|9\n|\n|t:|1782448623\n|move|p2a: Serperior|Glare|p1a: Ting-Lu\n|-status|p1a: Ting-Lu|par\n|move|p1a: Ting-Lu|Whirlwind|p2a: Serperior\n|drag|p2a: slow cycle|Rotom-Wash|100/100\n|\n|upkeep\n|turn|10\n|\n|t:|1782448634\n|switch|p2a: Ting-Lu|Ting-Lu|100/100\n|-ability|p2a: Ting-Lu|Vessel of Ruin\n|switch|p1a: Slowking|Slowking-Galar, F|72/100 par\n|\n|upkeep\n|turn|11\n|\n|t:|1782448643\n|switch|p1a: Ting-Lu|Ting-Lu|100/100 par\n|-ability|p1a: Ting-Lu|Vessel of Ruin\n|move|p2a: Ting-Lu|Stealth Rock|p1a: Ting-Lu\n|-sidestart|p1: gojo du m|move: Stealth Rock\n|\n|upkeep\n|turn|12\n|\n|t:|1782448651\n|move|p2a: Ting-Lu|Spikes|p1a: Ting-Lu\n|-sidestart|p1: gojo du m|Spikes\n|move|p1a: Ting-Lu|Stealth Rock|p2a: Ting-Lu\n|-sidestart|p2: xjdfgdfg|move: Stealth Rock\n|\n|upkeep\n|turn|13\n|\n|t:|1782448656\n|switch|p1a: Great Tusk|Great Tusk|100/100\n|-damage|p1a: Great Tusk|98/100|[from] Stealth Rock\n|-damage|p1a: Great Tusk|85/100|[from] Spikes\n|move|p2a: Ting-Lu|Whirlwind|p1a: Great Tusk\n|-end|p1a: Great Tusk|Protosynthesis|[silent]\n|drag|p1a: Dragonite|Dragonite, F|100/100\n|\n|upkeep\n|turn|14\n|\n|t:|1782448665\n|switch|p1a: Ting-Lu|Ting-Lu|100/100 par\n|-damage|p1a: Ting-Lu|94/100 par|[from] Stealth Rock\n|-damage|p1a: Ting-Lu|82/100 par|[from] Spikes\n|-ability|p1a: Ting-Lu|Vessel of Ruin\n|move|p2a: Ting-Lu|Whirlwind|p1a: Ting-Lu\n|drag|p1a: Great Tusk|Great Tusk|85/100\n|-damage|p1a: Great Tusk|82/100|[from] Stealth Rock\n|-damage|p1a: Great Tusk|70/100|[from] Spikes\n|\n|upkeep\n|turn|15\n|j| maclura\n|\n|t:|1782448677\n|switch|p2a: slow cycle|Rotom-Wash|100/100\n|-damage|p2a: slow cycle|88/100|[from] Stealth Rock\n|move|p1a: Great Tusk|Earthquake|p2a: slow cycle\n|-immune|p2a: slow cycle|[from] ability: Levitate\n|\n|upkeep\n|turn|16\n|l| maclura\n|l| pls game\n|\n|t:|1782448685\n|move|p2a: slow cycle|Hydro Pump|p1a: Great Tusk\n|-supereffective|p1a: Great Tusk\n|-damage|p1a: Great Tusk|0 fnt\n|faint|p1a: Great Tusk\n|-end|p1a: Great Tusk|Protosynthesis|[silent]\n|\n|upkeep\n|\n|t:|1782448691\n|switch|p1a: Slowking|Slowking-Galar, F|100/100 par\n|-damage|p1a: Slowking|88/100 par|[from] Stealth Rock\n|-damage|p1a: Slowking|76/100 par|[from] Spikes\n|turn|17\n|\n|t:|1782448697\n|move|p2a: slow cycle|Volt Switch|p1a: Slowking\n|-damage|p1a: Slowking|62/100 par\n|\n|t:|1782448698\n|switch|p2a: Ting-Lu|Ting-Lu|100/100|[from] Volt Switch\n|-damage|p2a: Ting-Lu|94/100|[from] Stealth Rock\n|-ability|p2a: Ting-Lu|Vessel of Ruin\n|move|p1a: Slowking|Sludge Bomb|p2a: Ting-Lu\n|-resisted|p2a: Ting-Lu\n|-damage|p2a: Ting-Lu|84/100\n|\n|-heal|p2a: Ting-Lu|91/100|[from] item: Leftovers\n|upkeep\n|turn|18\n|\n|t:|1782448711\n|move|p2a: Ting-Lu|Spikes|p1a: Slowking\n|-sidestart|p1: gojo du m|Spikes\n|cant|p1a: Slowking|par\n|\n|-heal|p2a: Ting-Lu|97/100|[from] item: Leftovers\n|upkeep\n|turn|19\n|\n|t:|1782448718\n|switch|p1a: Ting-Lu|Ting-Lu|82/100 par\n|-damage|p1a: Ting-Lu|75/100 par|[from] Stealth Rock\n|-damage|p1a: Ting-Lu|59/100 par|[from] Spikes\n|-ability|p1a: Ting-Lu|Vessel of Ruin\n|move|p2a: Ting-Lu|Earthquake|p1a: Ting-Lu\n|-damage|p1a: Ting-Lu|40/100 par\n|\n|-heal|p2a: Ting-Lu|100/100|[from] item: Leftovers\n|-heal|p1a: Ting-Lu|46/100 par|[from] item: Leftovers\n|upkeep\n|turn|20\n|\n|t:|1782448732\n|move|p2a: Ting-Lu|Spikes|p1a: Ting-Lu\n|-sidestart|p1: gojo du m|Spikes\n|move|p1a: Ting-Lu|Ruination|p2a: Ting-Lu\n|-damage|p2a: Ting-Lu|50/100\n|\n|-heal|p2a: Ting-Lu|57/100|[from] item: Leftovers\n|-heal|p1a: Ting-Lu|52/100 par|[from] item: Leftovers\n|upkeep\n|turn|21\n|\n|t:|1782448741\n|move|p1a: Ting-Lu|Ruination|p2a: Ting-Lu\n|-damage|p2a: Ting-Lu|29/100\n|move|p2a: Ting-Lu|Whirlwind|p1a: Ting-Lu\n|drag|p1a: Dragonite|Dragonite, F|100/100\n|\n|-heal|p2a: Ting-Lu|35/100|[from] item: Leftovers\n|upkeep\n|turn|22\n|\n|t:|1782448750\n|move|p1a: Dragonite|Ice Spinner|p2a: Ting-Lu\n|-supereffective|p2a: Ting-Lu\n|-damage|p2a: Ting-Lu|2/100\n|move|p2a: Ting-Lu|Whirlwind|p1a: Dragonite\n|drag|p1a: Slowking|Slowking-Galar, F|95/100 par\n|-damage|p1a: Slowking|83/100 par|[from] Stealth Rock\n|-damage|p1a: Slowking|58/100 par|[from] Spikes\n|\n|-heal|p2a: Ting-Lu|8/100|[from] item: Leftovers\n|upkeep\n|turn|23\n|\n|t:|1782448761\n|move|p2a: Ting-Lu|Earthquake|p1a: Slowking\n|-supereffective|p1a: Slowking\n|-damage|p1a: Slowking|0 fnt\n|faint|p1a: Slowking\n|\n|-heal|p2a: Ting-Lu|14/100|[from] item: Leftovers\n|upkeep\n|\n|t:|1782448769\n|switch|p1a: Dragonite|Dragonite, F|100/100\n|turn|24\n|\n|t:|1782448773\n|move|p1a: Dragonite|Ice Spinner|p2a: Ting-Lu\n|-supereffective|p2a: Ting-Lu\n|-damage|p2a: Ting-Lu|0 fnt\n|faint|p2a: Ting-Lu\n|\n|upkeep\n|\n|t:|1782448776\n|switch|p2a: Weavile|Weavile, M|100/100\n|turn|25\n|\n|t:|1782448781\n|switch|p1a: Ting-Lu|Ting-Lu|52/100 par\n|-damage|p1a: Ting-Lu|46/100 par|[from] Stealth Rock\n|-damage|p1a: Ting-Lu|21/100 par|[from] Spikes\n|-ability|p1a: Ting-Lu|Vessel of Ruin\n|move|p2a: Weavile|Knock Off|p1a: Ting-Lu\n|-resisted|p1a: Ting-Lu\n|-damage|p1a: Ting-Lu|6/100 par\n|-enditem|p1a: Ting-Lu|Leftovers|[from] move: Knock Off|[of] p2a: Weavile\n|\n|upkeep\n|turn|26\n|\n|t:|1782448792\n|move|p2a: Weavile|Knock Off|p1a: Ting-Lu\n|-resisted|p1a: Ting-Lu\n|-damage|p1a: Ting-Lu|0 fnt\n|faint|p1a: Ting-Lu\n|\n|upkeep\n|\n|t:|1782448800\n|switch|p1a: Primarina|Primarina, M|100/100\n|-damage|p1a: Primarina|88/100|[from] Stealth Rock\n|-damage|p1a: Primarina|63/100|[from] Spikes\n|turn|27\n|\n|t:|1782448805\n|switch|p2a: Amascut's Promise|Gholdengo|100/100\n|-damage|p2a: Amascut's Promise|94/100|[from] Stealth Rock\n|move|p1a: Primarina|Moonblast|p2a: Amascut's Promise\n|-resisted|p2a: Amascut's Promise\n|-damage|p2a: Amascut's Promise|51/100\n|-unboost|p2a: Amascut's Promise|spa|1\n|\n|upkeep\n|turn|28\n|\n|t:|1782448814\n|move|p2a: Amascut's Promise|Make It Rain|p1a: Primarina\n|-damage|p1a: Primarina|30/100\n|-unboost|p2a: Amascut's Promise|spa|1\n|move|p1a: Primarina|Moonblast|p2a: Amascut's Promise\n|-resisted|p2a: Amascut's Promise\n|-damage|p2a: Amascut's Promise|2/100\n|\n|upkeep\n|turn|29\n|\n|t:|1782448822\n|move|p2a: Amascut's Promise|Make It Rain|p1a: Primarina\n|-damage|p1a: Primarina|4/100\n|-unboost|p2a: Amascut's Promise|spa|1\n|move|p1a: Primarina|Moonblast|p2a: Amascut's Promise\n|-resisted|p2a: Amascut's Promise\n|-damage|p2a: Amascut's Promise|0 fnt\n|faint|p2a: Amascut's Promise\n|\n|upkeep\n|\n|t:|1782448826\n|switch|p2a: Weavile|Weavile, M|100/100\n|turn|30\n|\n|t:|1782448835\n|move|p2a: Weavile|Knock Off|p1a: Primarina\n|-resisted|p1a: Primarina\n|-damage|p1a: Primarina|0 fnt\n|-enditem|p1a: Primarina|Choice Specs|[from] move: Knock Off|[of] p2a: Weavile\n|faint|p1a: Primarina\n|\n|upkeep\n|\n|t:|1782448849\n|switch|p1a: Raging Bolt|Raging Bolt|100/100\n|-damage|p1a: Raging Bolt|88/100|[from] Stealth Rock\n|-damage|p1a: Raging Bolt|63/100|[from] Spikes\n|turn|31\n|\n|t:|1782448857\n|-terastallize|p1a: Raging Bolt|Bug\n|move|p2a: Weavile|Knock Off|p1a: Raging Bolt\n|-crit|p1a: Raging Bolt\n|-damage|p1a: Raging Bolt|23/100\n|-enditem|p1a: Raging Bolt|Leftovers|[from] move: Knock Off|[of] p2a: Weavile\n|move|p1a: Raging Bolt|Thunderbolt|p2a: Weavile\n|-damage|p2a: Weavile|45/100\n|\n|upkeep\n|turn|32\n|\n|t:|1782448866\n|move|p2a: Weavile|Ice Shard|p1a: Raging Bolt\n|-damage|p1a: Raging Bolt|12/100\n|move|p1a: Raging Bolt|Thunderclap||[still]\n|-fail|p1a: Raging Bolt\n|\n|upkeep\n|turn|33\n|\n|t:|1782448872\n|move|p2a: Weavile|Ice Shard|p1a: Raging Bolt\n|-damage|p1a: Raging Bolt|0 fnt\n|faint|p1a: Raging Bolt\n|-end|p1a: Raging Bolt|Protosynthesis|[silent]\n|\n|upkeep\n|\n|t:|1782448878\n|switch|p1a: Dragonite|Dragonite, F|100/100\n|turn|34\n|\n|t:|1782448882\n|move|p2a: Weavile|Icicle Crash|p1a: Dragonite\n|-supereffective|p1a: Dragonite\n|-damage|p1a: Dragonite|13/100\n|cant|p1a: Dragonite|flinch\n|\n|upkeep\n|turn|35\n|\n|t:|1782448888\n|move|p1a: Dragonite|Extreme Speed|p2a: Weavile\n|-damage|p2a: Weavile|0 fnt\n|faint|p2a: Weavile\n|\n|upkeep\n|\n|t:|1782448890\n|switch|p2a: slow cycle|Rotom-Wash|88/100\n|-damage|p2a: slow cycle|75/100|[from] Stealth Rock\n|turn|36\n|\n|t:|1782448898\n|move|p1a: Dragonite|Extreme Speed|p2a: slow cycle\n|-damage|p2a: slow cycle|52/100\n|-damage|p1a: Dragonite|0 fnt|[from] item: Rocky Helmet|[of] p2a: slow cycle\n|faint|p1a: Dragonite\n|\n|win|xjdfgdfg\n|raw|gojo du m's rating: 1665 &rarr; <strong>1645</strong><br />(-20 for losing)\n|raw|xjdfgdfg's rating: 1673 &rarr; <strong>1693</strong><br />(+20 for winning)\n|l| thing maker\n|l|☆gojo du m\n|player|p1|\n|l|☆xjdfgdfg\n|player|p2|\n", "uploadtime": 1782449240, "views": 6, "formatid": "gen9ou", "rating": 1645, "private": 0, "password": null}