{"id": "gen9ou-2639307781", "format": "[Gen 9] OU", "players": ["Archerdadon", "LowEL0God"], "log": "|j|☆Archerdadon\n|j|☆LowEL0God\n|t:|1782450064\n|gametype|singles\n|player|p1|Archerdadon|marshal|1605\n|player|p2|LowEL0God|2|1583\n|gen|9\n|tier|[Gen 9] OU\n|rated|\n|rule|HP Percentage Mod: HP is shown in percentages\n|rule|Endless Battle Clause: Forcing endless battles is banned\n|rule|Species Clause: Limit one of each Pokémon\n|rule|OHKO Clause: OHKO moves are banned\n|rule|Evasion Items Clause: Evasion items are banned\n|rule|Evasion Moves Clause: Evasion moves are banned\n|rule|Evasion Abilities Clause: Evasion abilities are banned\n|rule|Sleep Moves Clause: Sleep-inducing moves are banned\n|clearpoke\n|poke|p1|Dondozo, M|\n|poke|p1|Cinderace, F|\n|poke|p1|Ting-Lu|\n|poke|p1|Heatran, F|\n|poke|p1|Hydrapple, M|\n|poke|p1|Glimmora, M|\n|poke|p2|Pelipper, F|\n|poke|p2|Torkoal, F|\n|poke|p2|Walking Wake|\n|poke|p2|Tyranitar, M|\n|poke|p2|Excadrill, F|\n|poke|p2|Ogerpon-Wellspring, F|\n|teampreview\n|inactive|Battle timer is ON: inactive players will automatically lose when time's up. (requested by LowEL0God)\n|\n|t:|1782450068\n|teamsize|p1|6\n|teamsize|p2|6\n|start\n|switch|p1a: Glimmora|Glimmora, M|100/100\n|switch|p2a: Ogerpon|Ogerpon-Wellspring, F|100/100\n|turn|1\n|\n|t:|1782450074\n|move|p2a: Ogerpon|Ivy Cudgel|p1a: Glimmora|[anim] Ivy Cudgel Water\n|-supereffective|p1a: Glimmora\n|-enditem|p1a: Glimmora|Focus Sash\n|-damage|p1a: Glimmora|1/100\n|-activate|p1a: Glimmora|ability: Toxic Debris\n|-sidestart|p2: LowEL0God|move: Toxic Spikes\n|move|p1a: Glimmora|Sludge Wave|p2a: Ogerpon\n|-supereffective|p2a: Ogerpon\n|-damage|p2a: Ogerpon|0 fnt\n|faint|p2a: Ogerpon\n|\n|upkeep\n|\n|t:|1782450077\n|switch|p2a: Walking Wake|Walking Wake|100/100\n|-status|p2a: Walking Wake|psn\n|turn|2\n|\n|t:|1782450088\n|move|p2a: Walking Wake|Hydro Steam|p1a: Glimmora\n|-supereffective|p1a: Glimmora\n|-damage|p1a: Glimmora|0 fnt\n|faint|p1a: Glimmora\n|\n|-damage|p2a: Walking Wake|88/100 psn|[from] psn\n|upkeep\n|\n|t:|1782450090\n|switch|p1a: Ting-Lu|Ting-Lu|100/100\n|-ability|p1a: Ting-Lu|Vessel of Ruin\n|turn|3\n|\n|t:|1782450094\n|-terastallize|p1a: Ting-Lu|Ghost\n|move|p2a: Walking Wake|Hydro Steam|p1a: Ting-Lu\n|-damage|p1a: Ting-Lu|75/100\n|move|p1a: Ting-Lu|Stealth Rock|p2a: Walking Wake\n|-sidestart|p2: LowEL0God|move: Stealth Rock\n|\n|-heal|p1a: Ting-Lu|81/100|[from] item: Leftovers\n|-damage|p2a: Walking Wake|76/100 psn|[from] psn\n|upkeep\n|turn|4\n|\n|t:|1782450098\n|-end|p2a: Walking Wake|Protosynthesis|[silent]\n|switch|p2a: Hurricane Spam|Pelipper, F, shiny|100/100\n|-damage|p2a: Hurricane Spam|76/100|[from] Stealth Rock\n|-weather|RainDance|[from] ability: Drizzle|[of] p2a: Hurricane Spam\n|move|p1a: Ting-Lu|Earthquake|p2a: Hurricane Spam\n|-immune|p2a: Hurricane Spam\n|\n|-weather|RainDance|[upkeep]\n|-heal|p1a: Ting-Lu|87/100|[from] item: Leftovers\n|upkeep\n|turn|5\n|\n|t:|1782450103\n|move|p2a: Hurricane Spam|Hurricane|p1a: Ting-Lu\n|-damage|p1a: Ting-Lu|60/100\n|move|p1a: Ting-Lu|Payback|p2a: Hurricane Spam\n|-damage|p2a: Hurricane Spam|39/100\n|\n|-weather|RainDance|[upkeep]\n|-heal|p1a: Ting-Lu|66/100|[from] item: Leftovers\n|upkeep\n|turn|6\n|\n|t:|1782450105\n|switch|p1a: Heatran|Heatran, F|100/100\n|move|p2a: Hurricane Spam|Hurricane|p1a: Heatran\n|-resisted|p1a: Heatran\n|-damage|p1a: Heatran|79/100\n|\n|-weather|RainDance|[upkeep]\n|-heal|p1a: Heatran|85/100|[from] item: Leftovers\n|upkeep\n|turn|7\n|\n|t:|1782450110\n|move|p1a: Heatran|Magma Storm|p2a: Hurricane Spam|[miss]\n|-miss|p1a: Heatran|p2a: Hurricane Spam\n|move|p2a: Hurricane Spam|Hurricane|p1a: Heatran\n|-resisted|p1a: Heatran\n|-damage|p1a: Heatran|64/100\n|\n|-weather|RainDance|[upkeep]\n|-heal|p1a: Heatran|70/100|[from] item: Leftovers\n|upkeep\n|turn|8\n|\n|t:|1782450111\n|move|p1a: Heatran|Magma Storm|p2a: Hurricane Spam\n|-resisted|p2a: Hurricane Spam\n|-damage|p2a: Hurricane Spam|22/100\n|-activate|p2a: Hurricane Spam|move: Magma Storm|[of] p1a: Heatran\n|move|p2a: Hurricane Spam|Hurricane|p1a: Heatran\n|-resisted|p1a: Heatran\n|-damage|p1a: Heatran|48/100\n|-start|p1a: Heatran|confusion\n|\n|-weather|none\n|-heal|p1a: Heatran|54/100|[from] item: Leftovers\n|-damage|p2a: Hurricane Spam|10/100|[from] move: Magma Storm|[partiallytrapped]\n|upkeep\n|turn|9\n|\n|t:|1782450116\n|-activate|p1a: Heatran|confusion\n|-damage|p1a: Heatran|48/100|[from] confusion\n|move|p2a: Hurricane Spam|Hurricane|p1a: Heatran|[miss]\n|-miss|p2a: Hurricane Spam|p1a: Heatran\n|\n|-heal|p1a: Heatran|54/100|[from] item: Leftovers\n|-damage|p2a: Hurricane Spam|0 fnt|[from] move: Magma Storm|[partiallytrapped]\n|faint|p2a: Hurricane Spam\n|upkeep\n|\n|t:|1782450116\n|switch|p2a: No Hazards for You|Excadrill, F, shiny|100/100\n|-damage|p2a: No Hazards for You|97/100|[from] Stealth Rock\n|turn|10\n|\n|t:|1782450121\n|switch|p1a: Hydrapple|Hydrapple, M|100/100\n|move|p2a: No Hazards for You|Earthquake|p1a: Hydrapple\n|-resisted|p1a: Hydrapple\n|-damage|p1a: Hydrapple|75/100\n|\n|upkeep\n|turn|11\n|\n|t:|1782450126\n|switch|p2a: No Lando Plz|Tyranitar, M, shiny|100/100\n|-weather|Sandstorm|[from] ability: Sand Stream|[of] p2a: No Lando Plz\n|move|p1a: Hydrapple|Giga Drain|p2a: No Lando Plz\n|-supereffective|p2a: No Lando Plz\n|-damage|p2a: No Lando Plz|76/100\n|-heal|p1a: Hydrapple|86/100|[from] drain|[of] p2a: No Lando Plz\n|\n|-weather|Sandstorm|[upkeep]\n|-damage|p1a: Hydrapple|80/100|[from] Sandstorm\n|upkeep\n|turn|12\n|\n|t:|1782450132\n|switch|p1a: Dondozo|Dondozo, M|100/100\n|move|p2a: No Lando Plz|Ice Beam|p1a: Dondozo\n|-resisted|p1a: Dondozo\n|-damage|p1a: Dondozo|90/100\n|\n|-weather|Sandstorm|[upkeep]\n|-damage|p1a: Dondozo|84/100|[from] Sandstorm\n|-heal|p1a: Dondozo|90/100|[from] item: Leftovers\n|upkeep\n|turn|13\n|\n|t:|1782450137\n|move|p2a: No Lando Plz|Thunder Wave|p1a: Dondozo|[miss]\n|-miss|p2a: No Lando Plz|p1a: Dondozo\n|move|p1a: Dondozo|Waterfall|p2a: No Lando Plz\n|-supereffective|p2a: No Lando Plz\n|-damage|p2a: No Lando Plz|35/100\n|\n|-weather|Sandstorm|[upkeep]\n|-damage|p1a: Dondozo|84/100|[from] Sandstorm\n|-heal|p1a: Dondozo|90/100|[from] item: Leftovers\n|upkeep\n|turn|14\n|\n|t:|1782450143\n|move|p2a: No Lando Plz|Stealth Rock|p1a: Dondozo\n|-sidestart|p1: Archerdadon|move: Stealth Rock\n|move|p1a: Dondozo|Waterfall|p2a: No Lando Plz\n|-supereffective|p2a: No Lando Plz\n|-damage|p2a: No Lando Plz|0 fnt\n|faint|p2a: No Lando Plz\n|\n|-weather|Sandstorm|[upkeep]\n|-damage|p1a: Dondozo|84/100|[from] Sandstorm\n|-heal|p1a: Dondozo|90/100|[from] item: Leftovers\n|upkeep\n|\n|t:|1782450144\n|switch|p2a: Walking Wake|Walking Wake|76/100 psn\n|-damage|p2a: Walking Wake|64/100 psn|[from] Stealth Rock\n|turn|15\n|\n|t:|1782450160\n|switch|p1a: Hydrapple|Hydrapple, M|100/100\n|-damage|p1a: Hydrapple|88/100|[from] Stealth Rock\n|move|p2a: Walking Wake|Dragon Pulse|p1a: Hydrapple\n|-supereffective|p1a: Hydrapple\n|-damage|p1a: Hydrapple|0 fnt\n|faint|p1a: Hydrapple\n|\n|-weather|none\n|-damage|p2a: Walking Wake|51/100 psn|[from] psn\n|upkeep\n|\n|t:|1782450167\n|switch|p1a: Ting-Lu|Ting-Lu, tera:Ghost|66/100\n|-damage|p1a: Ting-Lu|53/100|[from] Stealth Rock\n|-ability|p1a: Ting-Lu|Vessel of Ruin\n|turn|16\n|\n|t:|1782450169\n|move|p2a: Walking Wake|Dragon Pulse|p1a: Ting-Lu\n|-damage|p1a: Ting-Lu|27/100\n|move|p1a: Ting-Lu|Rest|p1a: Ting-Lu\n|-status|p1a: Ting-Lu|slp|[from] move: Rest\n|-heal|p1a: Ting-Lu|100/100 slp|[silent]\n|\n|-damage|p2a: Walking Wake|39/100 psn|[from] psn\n|upkeep\n|turn|17\n|\n|t:|1782450171\n|-end|p2a: Walking Wake|Protosynthesis|[silent]\n|switch|p2a: No Hazards for You|Excadrill, F, shiny|97/100\n|-damage|p2a: No Hazards for You|94/100|[from] Stealth Rock\n|cant|p1a: Ting-Lu|slp\n|\n|upkeep\n|turn|18\n|\n|t:|1782450176\n|-terastallize|p2a: No Hazards for You|Ground\n|move|p2a: No Hazards for You|Earthquake|p1a: Ting-Lu\n|-damage|p1a: Ting-Lu|34/100 slp\n|cant|p1a: Ting-Lu|slp\n|\n|-heal|p1a: Ting-Lu|40/100 slp|[from] item: Leftovers\n|upkeep\n|turn|19\n|\n|t:|1782450188\n|move|p2a: No Hazards for You|Earthquake|p1a: Ting-Lu\n|-damage|p1a: Ting-Lu|0 fnt\n|faint|p1a: Ting-Lu\n|\n|upkeep\n|\n|t:|1782450189\n|switch|p1a: Dondozo|Dondozo, M|90/100\n|-damage|p1a: Dondozo|78/100|[from] Stealth Rock\n|turn|20\n|\n|t:|1782450191\n|move|p2a: No Hazards for You|Earthquake|p1a: Dondozo\n|-damage|p1a: Dondozo|23/100\n|move|p1a: Dondozo|Waterfall|p2a: No Hazards for You\n|-supereffective|p2a: No Hazards for You\n|-damage|p2a: No Hazards for You|19/100\n|\n|-heal|p1a: Dondozo|29/100|[from] item: Leftovers\n|upkeep\n|turn|21\n|\n|t:|1782450196\n|move|p2a: No Hazards for You|Earthquake|p1a: Dondozo\n|-damage|p1a: Dondozo|0 fnt\n|faint|p1a: Dondozo\n|\n|upkeep\n|\n|t:|1782450198\n|switch|p1a: Cinderace|Cinderace, F|100/100\n|turn|22\n|\n|t:|1782450200\n|move|p1a: Cinderace|Pyro Ball|p2a: No Hazards for You\n|-damage|p2a: No Hazards for You|0 fnt\n|faint|p2a: No Hazards for You\n|\n|upkeep\n|\n|t:|1782450201\n|switch|p2a: Torkoal|Torkoal, F|100/100\n|-status|p2a: Torkoal|psn\n|-damage|p2a: Torkoal|76/100 psn|[from] Stealth Rock\n|-weather|SunnyDay|[from] ability: Drought|[of] p2a: Torkoal\n|turn|23\n|\n|t:|1782450206\n|move|p1a: Cinderace|U-turn|p2a: Torkoal\n|-start|p1a: Cinderace|typechange|Bug|[from] ability: Libero\n|-resisted|p2a: Torkoal\n|-crit|p2a: Torkoal\n|-damage|p2a: Torkoal|61/100 psn\n|\n|t:|1782450209\n|switch|p1a: Heatran|Heatran, F|54/100|[from] U-turn\n|-damage|p1a: Heatran|42/100|[from] Stealth Rock\n|move|p2a: Torkoal|Body Press|p1a: Heatran\n|-supereffective|p1a: Heatran\n|-damage|p1a: Heatran|0 fnt\n|faint|p1a: Heatran\n|\n|-weather|SunnyDay|[upkeep]\n|-damage|p2a: Torkoal|49/100 psn|[from] psn\n|upkeep\n|\n|t:|1782450211\n|switch|p1a: Cinderace|Cinderace, F|100/100\n|turn|24\n|\n|t:|1782450213\n|move|p1a: Cinderace|High Jump Kick|p2a: Torkoal\n|-start|p1a: Cinderace|typechange|Fighting|[from] ability: Libero\n|-damage|p2a: Torkoal|15/100 psn\n|move|p2a: Torkoal|Lava Plume|p1a: Cinderace\n|-damage|p1a: Cinderace|48/100\n|\n|-weather|SunnyDay|[upkeep]\n|-damage|p2a: Torkoal|3/100 psn|[from] psn\n|upkeep\n|turn|25\n|\n|t:|1782450220\n|move|p1a: Cinderace|Pyro Ball|p2a: Torkoal|[miss]\n|-miss|p1a: Cinderace|p2a: Torkoal\n|move|p2a: Torkoal|Will-O-Wisp|p1a: Cinderace\n|-status|p1a: Cinderace|brn\n|\n|-weather|SunnyDay|[upkeep]\n|-damage|p2a: Torkoal|0 fnt|[from] psn\n|faint|p2a: Torkoal\n|-damage|p1a: Cinderace|42/100 brn|[from] brn\n|upkeep\n|\n|t:|1782450221\n|switch|p2a: Walking Wake|Walking Wake|39/100 psn\n|-damage|p2a: Walking Wake|27/100 psn|[from] Stealth Rock\n|-activate|p2a: Walking Wake|ability: Protosynthesis\n|-start|p2a: Walking Wake|protosynthesisspe\n|turn|26\n|\n|t:|1782450226\n|move|p2a: Walking Wake|Hydro Steam|p1a: Cinderace\n|-damage|p1a: Cinderace|0 fnt\n|faint|p1a: Cinderace\n|\n|win|LowEL0God\n|raw|Archerdadon's rating: 1605 &rarr; <strong>1584</strong><br />(-21 for losing)\n|raw|LowEL0God's rating: 1583 &rarr; <strong>1604</strong><br />(+21 for winning)\n|l|☆Archerdadon\n|player|p1|\n|l|☆LowEL0God\n|player|p2|\n", "uploadtime": 1782450451, "views": 9, "formatid": "gen9ou", "rating": 1584, "private": 0, "password": null}