{"id": "gen9ou-2540606646", "format": "[Gen 9] OU", "players": ["GummyDeino", "testingolem"], "log": "|j|☆GummyDeino\n|j|☆testingolem\n|t:|1771226110\n|gametype|singles\n|player|p1|GummyDeino|lady|1578\n|player|p2|testingolem|hiker-gen4|1504\n|gen|9\n|tier|[Gen 9] OU\n|rated|\n|rule|HP Percentage Mod: HP is shown in percentages\n|rule|Endless Battle Clause: Forcing endless battles is banned\n|rule|Species Clause: Limit one of each Pokémon\n|rule|OHKO Clause: OHKO moves are banned\n|rule|Evasion Items Clause: Evasion items are banned\n|rule|Evasion Moves Clause: Evasion moves are banned\n|rule|Evasion Abilities Clause: Evasion abilities are banned\n|rule|Sleep Moves Clause: Sleep-inducing moves are banned\n|clearpoke\n|poke|p1|Iron Valiant|\n|poke|p1|Great Tusk|\n|poke|p1|Dragonite, M|\n|poke|p1|Deoxys-Speed|\n|poke|p1|Glimmora, M|\n|poke|p1|Kingambit, M|\n|poke|p2|Ribombee, M|\n|poke|p2|Serperior, F|\n|poke|p2|Gholdengo|\n|poke|p2|Great Tusk|\n|poke|p2|Kingambit, M|\n|poke|p2|Dragapult, M|\n|teampreview\n|inactive|Battle timer is ON: inactive players will automatically lose when time's up. (requested by GummyDeino)\n|inactive|testingolem has 120 seconds left.\n|\n|t:|1771226162\n|teamsize|p1|6\n|teamsize|p2|6\n|start\n|switch|p1a: Limitless|Deoxys-Speed|100/100\n|switch|p2a: Ribombee|Ribombee, M|100/100\n|-ability|p1a: Limitless|Pressure\n|turn|1\n|\n|t:|1771226173\n|move|p1a: Limitless|Taunt|p2a: Ribombee\n|-start|p2a: Ribombee|move: Taunt\n|cant|p2a: Ribombee|move: Taunt|Sticky Web\n|\n|upkeep\n|turn|2\n|\n|t:|1771226181\n|move|p1a: Limitless|Light Screen|p1a: Limitless\n|-sidestart|p1: GummyDeino|move: Light Screen\n|move|p2a: Ribombee|Moonblast|p1a: Limitless\n|-damage|p1a: Limitless|76/100\n|\n|upkeep\n|turn|3\n|\n|t:|1771226188\n|move|p1a: Limitless|Reflect|p1a: Limitless\n|-sidestart|p1: GummyDeino|Reflect\n|move|p2a: Ribombee|Moonblast|p1a: Limitless\n|-damage|p1a: Limitless|51/100\n|-unboost|p1a: Limitless|spa|1\n|\n|-end|p2a: Ribombee|move: Taunt\n|upkeep\n|turn|4\n|j| Tb_cccc15\n|\n|t:|1771226195\n|move|p1a: Limitless|Taunt|p2a: Ribombee\n|-start|p2a: Ribombee|move: Taunt\n|move|p2a: Ribombee|U-turn|p1a: Limitless\n|-supereffective|p1a: Limitless\n|-damage|p1a: Limitless|34/100\n|\n|t:|1771226198\n|switch|p2a: Serperior|Serperior, F|100/100|[from] U-turn\n|\n|upkeep\n|turn|5\n|\n|t:|1771226203\n|move|p1a: Limitless|Psycho Boost|p2a: Serperior\n|-damage|p2a: Serperior|59/100\n|-unboost|p1a: Limitless|spa|2\n|move|p2a: Serperior|Leaf Storm|p1a: Limitless\n|-damage|p1a: Limitless|3/100\n|-boost|p2a: Serperior|spa|2\n|\n|-heal|p2a: Serperior|65/100|[from] item: Leftovers\n|upkeep\n|turn|6\n|\n|t:|1771226214\n|move|p1a: Limitless|Taunt|p2a: Serperior\n|-start|p2a: Serperior|move: Taunt\n|cant|p2a: Serperior|move: Taunt|Glare\n|\n|-heal|p2a: Serperior|72/100|[from] item: Leftovers\n|upkeep\n|turn|7\n|\n|t:|1771226220\n|move|p1a: Limitless|Psycho Boost|p2a: Serperior\n|-damage|p2a: Serperior|46/100\n|-unboost|p1a: Limitless|spa|2\n|move|p2a: Serperior|Leaf Storm|p1a: Limitless\n|-damage|p1a: Limitless|0 fnt\n|-boost|p2a: Serperior|spa|2\n|faint|p1a: Limitless\n|\n|-heal|p2a: Serperior|52/100|[from] item: Leftovers\n|upkeep\n|\n|t:|1771226231\n|switch|p1a: Terminator|Iron Valiant, shiny|100/100\n|-enditem|p1a: Terminator|Booster Energy\n|-activate|p1a: Terminator|ability: Quark Drive|[fromitem]\n|-start|p1a: Terminator|quarkdrivespe\n|turn|8\n|\n|t:|1771226238\n|move|p1a: Terminator|Knock Off|p2a: Serperior\n|-damage|p2a: Serperior|18/100\n|-enditem|p2a: Serperior|Leftovers|[from] move: Knock Off|[of] p1a: Terminator\n|move|p2a: Serperior|Leaf Storm|p1a: Terminator\n|-damage|p1a: Terminator|0 fnt\n|-boost|p2a: Serperior|spa|2\n|faint|p1a: Terminator\n|-end|p1a: Terminator|Quark Drive|[silent]\n|\n|-end|p2a: Serperior|move: Taunt\n|upkeep\n|\n|t:|1771226248\n|switch|p1a: Behemoth|Great Tusk, shiny|100/100\n|-enditem|p1a: Behemoth|Booster Energy\n|-activate|p1a: Behemoth|ability: Protosynthesis|[fromitem]\n|-start|p1a: Behemoth|protosynthesisspe\n|turn|9\n|\n|t:|1771226257\n|switch|p2a: Gholdengo|Gholdengo|100/100\n|-item|p2a: Gholdengo|Air Balloon\n|move|p1a: Behemoth|Head Smash|p2a: Gholdengo\n|-resisted|p2a: Gholdengo\n|-damage|p2a: Gholdengo|77/100\n|-enditem|p2a: Gholdengo|Air Balloon\n|-damage|p1a: Behemoth|92/100|[from] Recoil\n|\n|-sideend|p1: GummyDeino|move: Light Screen\n|upkeep\n|turn|10\n|\n|t:|1771226266\n|move|p1a: Behemoth|Bulk Up|p1a: Behemoth\n|-boost|p1a: Behemoth|atk|1\n|-boost|p1a: Behemoth|def|1\n|move|p2a: Gholdengo|Shadow Ball|p1a: Behemoth\n|-damage|p1a: Behemoth|35/100\n|\n|-sideend|p1: GummyDeino|Reflect\n|upkeep\n|turn|11\n|\n|t:|1771226274\n|move|p1a: Behemoth|Headlong Rush|p2a: Gholdengo\n|-supereffective|p2a: Gholdengo\n|-damage|p2a: Gholdengo|0 fnt\n|-unboost|p1a: Behemoth|def|1\n|-unboost|p1a: Behemoth|spd|1\n|faint|p2a: Gholdengo\n|\n|upkeep\n|\n|t:|1771226278\n|switch|p2a: Ribombee|Ribombee, M|100/100\n|turn|12\n|\n|t:|1771226282\n|move|p1a: Behemoth|Head Smash|p2a: Ribombee\n|-supereffective|p2a: Ribombee\n|-enditem|p2a: Ribombee|Focus Sash\n|-damage|p2a: Ribombee|1/100\n|-damage|p1a: Behemoth|5/100|[from] Recoil\n|move|p2a: Ribombee|Moonblast|p1a: Behemoth\n|-supereffective|p1a: Behemoth\n|-damage|p1a: Behemoth|0 fnt\n|faint|p1a: Behemoth\n|-end|p1a: Behemoth|Protosynthesis|[silent]\n|\n|upkeep\n|\n|t:|1771226292\n|switch|p1a: Granite|Glimmora, M, shiny|100/100\n|turn|13\n|\n|t:|1771226297\n|move|p2a: Ribombee|Stun Spore|p1a: Granite\n|-status|p1a: Granite|par\n|move|p1a: Granite|Mortal Spin|p2a: Ribombee\n|-supereffective|p2a: Ribombee\n|-damage|p2a: Ribombee|0 fnt\n|faint|p2a: Ribombee\n|\n|upkeep\n|\n|t:|1771226303\n|switch|p2a: Serperior|Serperior, F|18/100\n|turn|14\n|\n|t:|1771226307\n|move|p2a: Serperior|Leaf Storm|p1a: Granite\n|-damage|p1a: Granite|36/100 par\n|-boost|p2a: Serperior|spa|2\n|move|p1a: Granite|Meteor Beam||[still]\n|-prepare|p1a: Granite|Meteor Beam\n|-boost|p1a: Granite|spa|1\n|-enditem|p1a: Granite|Power Herb\n|-anim|p1a: Granite|Meteor Beam|p2a: Serperior\n|-damage|p2a: Serperior|0 fnt\n|faint|p2a: Serperior\n|\n|upkeep\n|\n|t:|1771226316\n|switch|p2a: Dragapult|Dragapult, M|100/100\n|turn|15\n|\n|t:|1771226320\n|move|p2a: Dragapult|Shadow Ball|p1a: Granite\n|-crit|p1a: Granite\n|-damage|p1a: Granite|0 fnt\n|faint|p1a: Granite\n|\n|upkeep\n|\n|t:|1771226327\n|switch|p1a: Mahoraga|Dragonite, M|100/100\n|turn|16\n|\n|t:|1771226331\n|move|p2a: Dragapult|Shadow Ball|p1a: Mahoraga\n|-damage|p1a: Mahoraga|72/100\n|move|p1a: Mahoraga|Dragon Dance|p1a: Mahoraga\n|-boost|p1a: Mahoraga|atk|1\n|-boost|p1a: Mahoraga|spe|1\n|\n|-heal|p1a: Mahoraga|78/100|[from] item: Leftovers\n|upkeep\n|turn|17\n|\n|t:|1771226339\n|-terastallize|p1a: Mahoraga|Flying\n|-terastallize|p2a: Dragapult|Ghost\n|move|p1a: Mahoraga|Tera Blast|p2a: Dragapult|[anim] Tera Blast Flying\n|-damage|p2a: Dragapult|0 fnt\n|faint|p2a: Dragapult\n|\n|-heal|p1a: Mahoraga|84/100|[from] item: Leftovers\n|upkeep\n|\n|t:|1771226344\n|switch|p2a: Kingambit|Kingambit, M|100/100\n|-activate|p2a: Kingambit|ability: Supreme Overlord\n|-start|p2a: Kingambit|fallen4|[silent]\n|turn|18\n|\n|t:|1771226351\n|move|p1a: Mahoraga|Earthquake|p2a: Kingambit\n|-supereffective|p2a: Kingambit\n|-damage|p2a: Kingambit|19/100\n|move|p2a: Kingambit|Kowtow Cleave|p1a: Mahoraga\n|-damage|p1a: Mahoraga|0 fnt\n|faint|p1a: Mahoraga\n|\n|upkeep\n|\n|t:|1771226358\n|switch|p1a: Dismantle|Kingambit, M, shiny|100/100\n|-activate|p1a: Dismantle|ability: Supreme Overlord\n|-start|p1a: Dismantle|fallen5|[silent]\n|turn|19\n|\n|t:|1771226363\n|move|p1a: Dismantle|Sucker Punch||[still]\n|-fail|p1a: Dismantle\n|move|p2a: Kingambit|Swords Dance|p2a: Kingambit\n|-boost|p2a: Kingambit|atk|2\n|\n|upkeep\n|turn|20\n|\n|t:|1771226368\n|move|p1a: Dismantle|Sucker Punch|p2a: Kingambit\n|-resisted|p2a: Kingambit\n|-damage|p2a: Kingambit|0 fnt\n|faint|p2a: Kingambit\n|-end|p2a: Kingambit|fallen4|[silent]\n|\n|upkeep\n|\n|t:|1771226371\n|switch|p2a: Great Tusk|Great Tusk|100/100\n|-enditem|p2a: Great Tusk|Booster Energy\n|-activate|p2a: Great Tusk|ability: Protosynthesis|[fromitem]\n|-start|p2a: Great Tusk|protosynthesisatk\n|turn|21\n|\n|t:|1771226376\n|move|p2a: Great Tusk|Close Combat|p1a: Dismantle\n|-supereffective|p1a: Dismantle\n|-damage|p1a: Dismantle|0 fnt\n|-unboost|p2a: Great Tusk|def|1\n|-unboost|p2a: Great Tusk|spd|1\n|faint|p1a: Dismantle\n|-end|p1a: Dismantle|fallen5|[silent]\n|\n|win|testingolem\n|raw|GummyDeino's rating: 1578 &rarr; <strong>1554</strong><br />(-24 for losing)\n|raw|testingolem's rating: 1504 &rarr; <strong>1528</strong><br />(+24 for winning)\n|l| Tb_cccc15\n|l|☆GummyDeino\n|player|p1|\n|l|☆testingolem\n|player|p2|\n", "uploadtime": 1771226546, "views": 8, "formatid": "gen9ou", "rating": 1528, "private": 0, "password": null}