{"id": "gen9ou-2639293917", "format": "[Gen 9] OU", "players": ["MosXARH", "wadwamille"], "log": "|j|☆MosXARH\n|j|☆wadwamille\n|t:|1782447467\n|gametype|singles\n|player|p1|MosXARH|morty|1102\n|player|p2|wadwamille|smasher|1081\n|gen|9\n|tier|[Gen 9] OU\n|rated|\n|rule|HP Percentage Mod: HP is shown in percentages\n|rule|Endless Battle Clause: Forcing endless battles is banned\n|rule|Species Clause: Limit one of each Pokémon\n|rule|OHKO Clause: OHKO moves are banned\n|rule|Evasion Items Clause: Evasion items are banned\n|rule|Evasion Moves Clause: Evasion moves are banned\n|rule|Evasion Abilities Clause: Evasion abilities are banned\n|rule|Sleep Moves Clause: Sleep-inducing moves are banned\n|clearpoke\n|poke|p1|Dragonite, M|\n|poke|p1|Goodra-Hisui, M|\n|poke|p1|Sceptile, M|\n|poke|p1|Slowking-Galar, M|\n|poke|p1|Gyarados, F|\n|poke|p1|Talonflame, M|\n|poke|p2|Pelipper, F|\n|poke|p2|Barraskewda, F|\n|poke|p2|Alomomola, F|\n|poke|p2|Weezing-Galar, F|\n|poke|p2|Ludicolo, M|\n|poke|p2|Golurk|\n|teampreview\n|inactive|Battle timer is ON: inactive players will automatically lose when time's up. (requested by wadwamille)\n|\n|t:|1782447474\n|teamsize|p1|6\n|teamsize|p2|6\n|start\n|switch|p1a: Gyarados|Gyarados, F|100/100\n|switch|p2a: Pelipper|Pelipper, F|100/100\n|-weather|RainDance|[from] ability: Drizzle|[of] p2a: Pelipper\n|-ability|p1a: Gyarados|Intimidate|boost\n|-unboost|p2a: Pelipper|atk|1\n|turn|1\n|\n|t:|1782447491\n|switch|p2a: Alomomola|Alomomola, F|100/100\n|move|p1a: Gyarados|Thunderbolt|p2a: Alomomola\n|-supereffective|p2a: Alomomola\n|-damage|p2a: Alomomola|64/100\n|\n|-weather|RainDance|[upkeep]\n|upkeep\n|turn|2\n|\n|t:|1782447503\n|switch|p1a: Sceptile|Sceptile, M|100/100\n|move|p2a: Alomomola|Flip Turn|p1a: Sceptile\n|-resisted|p1a: Sceptile\n|-damage|p1a: Sceptile|82/100\n|-enditem|p1a: Sceptile|Red Card|[of] p2a: Alomomola\n|drag|p2a: Golurk|Golurk|100/100\n|\n|-weather|RainDance|[upkeep]\n|upkeep\n|turn|3\n|\n|t:|1782447515\n|switch|p2a: Weezing|Weezing-Galar, F|100/100\n|-ability|p2a: Weezing|Neutralizing Gas\n|move|p1a: Sceptile|Swords Dance|p1a: Sceptile\n|-boost|p1a: Sceptile|atk|2\n|\n|-weather|RainDance|[upkeep]\n|upkeep\n|turn|4\n|\n|t:|1782447533\n|-terastallize|p1a: Sceptile|Flying\n|move|p1a: Sceptile|Acrobatics|p2a: Weezing\n|-damage|p2a: Weezing|0 fnt\n|faint|p2a: Weezing\n|-end|p2a: Weezing|ability: Neutralizing Gas\n|\n|-weather|RainDance|[upkeep]\n|upkeep\n|\n|t:|1782447538\n|switch|p2a: Barraskewered|Barraskewda, F|100/100\n|turn|5\n|\n|t:|1782447545\n|-terastallize|p2a: Barraskewered|Water\n|move|p2a: Barraskewered|Waterfall|p1a: Sceptile\n|-damage|p1a: Sceptile|0 fnt\n|faint|p1a: Sceptile\n|\n|-weather|RainDance|[upkeep]\n|upkeep\n|\n|t:|1782447555\n|switch|p1a: Gyarados|Gyarados, F|100/100\n|-ability|p1a: Gyarados|Intimidate|boost\n|-unboost|p2a: Barraskewered|atk|1\n|turn|6\n|\n|t:|1782447562\n|move|p2a: Barraskewered|Waterfall|p1a: Gyarados\n|-resisted|p1a: Gyarados\n|-damage|p1a: Gyarados|53/100\n|move|p1a: Gyarados|Thunderbolt|p2a: Barraskewered\n|-supereffective|p2a: Barraskewered\n|-damage|p2a: Barraskewered|7/100\n|\n|-weather|RainDance|[upkeep]\n|upkeep\n|turn|7\n|\n|t:|1782447570\n|switch|p2a: Ludicolo|Ludicolo, M|100/100\n|move|p1a: Gyarados|Thunderbolt|p2a: Ludicolo\n|-damage|p2a: Ludicolo|77/100\n|\n|-weather|RainDance|[upkeep]\n|upkeep\n|turn|8\n|-message|wadwamille forfeited.\n|\n|win|MosXARH\n|raw|MosXARH's rating: 1102 &rarr; <strong>1125</strong><br />(+23 for winning)\n|raw|wadwamille's rating: 1081 &rarr; <strong>1060</strong><br />(-21 for losing)\n|l|☆wadwamille\n|player|p2|\n|l|☆MosXARH\n|player|p1|\n", "uploadtime": 1782447895, "views": 12, "formatid": "gen9ou", "rating": 1060, "private": 0, "password": null}