{"id": "gen9ou-2540799108", "format": "[Gen 9] OU", "players": ["EGmiau", "Caloogan"], "log": "|j|☆EGmiau\n|j|☆Caloogan\n|t:|1771255235\n|gametype|singles\n|player|p1|EGmiau|bianca|1518\n|player|p2|Caloogan|101|1603\n|gen|9\n|tier|[Gen 9] OU\n|rated|\n|rule|HP Percentage Mod: HP is shown in percentages\n|rule|Endless Battle Clause: Forcing endless battles is banned\n|rule|Species Clause: Limit one of each Pokémon\n|rule|OHKO Clause: OHKO moves are banned\n|rule|Evasion Items Clause: Evasion items are banned\n|rule|Evasion Moves Clause: Evasion moves are banned\n|rule|Evasion Abilities Clause: Evasion abilities are banned\n|rule|Sleep Moves Clause: Sleep-inducing moves are banned\n|clearpoke\n|poke|p1|Samurott-Hisui, M|\n|poke|p1|Iron Moth|\n|poke|p1|Raging Bolt|\n|poke|p1|Dragapult, M|\n|poke|p1|Meowscarada, M|\n|poke|p1|Landorus-Therian, M|\n|poke|p2|Swalot, M|\n|poke|p2|Dragonite, F|\n|poke|p2|Ogerpon-Wellspring, F|\n|poke|p2|Landorus-Therian, M|\n|poke|p2|Kingambit, F|\n|poke|p2|Cinderace, M|\n|teampreview\n|inactive|Battle timer is ON: inactive players will automatically lose when time's up. (requested by Caloogan)\n|c|☆EGmiau|glhf\n|\n|t:|1771255264\n|teamsize|p1|6\n|teamsize|p2|6\n|start\n|switch|p1a: Samurott|Samurott-Hisui, M|100/100\n|switch|p2a: Garfield|Landorus-Therian, M|100/100\n|-ability|p2a: Garfield|Intimidate|boost\n|-unboost|p1a: Samurott|atk|1\n|turn|1\n|\n|t:|1771255270\n|switch|p1a: Landorus|Landorus-Therian, M|100/100\n|-ability|p1a: Landorus|Intimidate|boost\n|-unboost|p2a: Garfield|atk|1\n|move|p2a: Garfield|U-turn|p1a: Landorus\n|-resisted|p1a: Landorus\n|-damage|p1a: Landorus|94/100\n|-damage|p2a: Garfield|84/100|[from] item: Rocky Helmet|[of] p1a: Landorus\n|\n|t:|1771255271\n|switch|p2a: Joey|Ogerpon-Wellspring, F|100/100|[from] U-turn\n|\n|upkeep\n|turn|2\n|\n|t:|1771255274\n|move|p2a: Joey|Ivy Cudgel|p1a: Landorus|[anim] Ivy Cudgel Water\n|-supereffective|p1a: Landorus\n|-damage|p1a: Landorus|0 fnt\n|faint|p1a: Landorus\n|\n|upkeep\n|\n|t:|1771255277\n|switch|p1a: Meowscarada|Meowscarada, M|100/100\n|turn|3\n|\n|t:|1771255283\n|switch|p2a: Garfield|Landorus-Therian, M|84/100\n|-ability|p2a: Garfield|Intimidate|boost\n|-unboost|p1a: Meowscarada|atk|1\n|move|p1a: Meowscarada|Triple Axel|p2a: Garfield\n|-start|p1a: Meowscarada|typechange|Ice|[from] ability: Protean\n|-supereffective|p2a: Garfield\n|-crit|p2a: Garfield\n|-damage|p2a: Garfield|0 fnt\n|-damage|p1a: Meowscarada|84/100|[from] item: Rocky Helmet|[of] p2a: Garfield\n|faint|p2a: Garfield\n|-hitcount|p2: Garfield|1\n|\n|upkeep\n|\n|t:|1771255284\n|switch|p2a: ObÃ©lix|Kingambit, F|100/100\n|-activate|p2a: ObÃ©lix|ability: Supreme Overlord\n|-start|p2a: ObÃ©lix|fallen1|[silent]\n|turn|4\n|\n|t:|1771255290\n|switch|p1a: Iron Moth|Iron Moth|100/100\n|move|p2a: ObÃ©lix|Swords Dance|p2a: ObÃ©lix\n|-boost|p2a: ObÃ©lix|atk|2\n|\n|upkeep\n|turn|5\n|\n|t:|1771255298\n|-terastallize|p1a: Iron Moth|Fairy\n|move|p2a: ObÃ©lix|Sucker Punch|p1a: Iron Moth\n|-resisted|p1a: Iron Moth\n|-damage|p1a: Iron Moth|24/100\n|move|p1a: Iron Moth|Fiery Dance|p2a: ObÃ©lix\n|-supereffective|p2a: ObÃ©lix\n|-damage|p2a: ObÃ©lix|4/100\n|-boost|p1a: Iron Moth|spa|1\n|\n|upkeep\n|turn|6\n|\n|t:|1771255303\n|-end|p1a: Iron Moth|Quark Drive|[silent]\n|switch|p1a: Samurott|Samurott-Hisui, M|100/100\n|move|p2a: ObÃ©lix|Sucker Punch||[still]\n|-fail|p2a: ObÃ©lix\n|\n|upkeep\n|turn|7\n|\n|t:|1771255306\n|move|p1a: Samurott|Aqua Jet|p2a: ObÃ©lix\n|-damage|p2a: ObÃ©lix|0 fnt\n|faint|p2a: ObÃ©lix\n|-end|p2a: ObÃ©lix|fallen1|[silent]\n|\n|upkeep\n|\n|t:|1771255307\n|switch|p2a: Homer|Dragonite, F|100/100\n|turn|8\n|\n|t:|1771255316\n|move|p1a: Samurott|Ceaseless Edge|p2a: Homer\n|-damage|p2a: Homer|74/100\n|-sidestart|p2: Caloogan|Spikes\n|move|p2a: Homer|Dragon Dance|p2a: Homer\n|-boost|p2a: Homer|atk|1\n|-boost|p2a: Homer|spe|1\n|\n|upkeep\n|turn|9\n|\n|t:|1771255328\n|move|p2a: Homer|Dragon Dance|p2a: Homer\n|-boost|p2a: Homer|atk|1\n|-boost|p2a: Homer|spe|1\n|move|p1a: Samurott|Ceaseless Edge|p2a: Homer\n|-damage|p2a: Homer|22/100\n|-sidestart|p2: Caloogan|Spikes\n|\n|upkeep\n|turn|10\n|\n|t:|1771255331\n|move|p2a: Homer|Rock Slide|p1a: Samurott\n|-damage|p1a: Samurott|24/100\n|move|p1a: Samurott|Ceaseless Edge|p2a: Homer\n|-damage|p2a: Homer|0 fnt\n|-sidestart|p2: Caloogan|Spikes\n|faint|p2a: Homer\n|\n|upkeep\n|\n|t:|1771255332\n|switch|p2a: Ronaldo|Cinderace, M|100/100\n|turn|11\n|\n|t:|1771255339\n|move|p2a: Ronaldo|Court Change|p2a: Ronaldo\n|-swapsideconditions\n|-activate|p2a: Ronaldo|move: Court Change\n|move|p1a: Samurott|Hydro Pump|p2a: Ronaldo\n|-supereffective|p2a: Ronaldo\n|-damage|p2a: Ronaldo|3/100\n|\n|upkeep\n|turn|12\n|\n|t:|1771255342\n|move|p1a: Samurott|Aqua Jet|p2a: Ronaldo\n|-supereffective|p2a: Ronaldo\n|-damage|p2a: Ronaldo|0 fnt\n|faint|p2a: Ronaldo\n|\n|upkeep\n|\n|t:|1771255343\n|switch|p2a: Joey|Ogerpon-Wellspring, F|100/100\n|turn|13\n|\n|t:|1771255347\n|move|p2a: Joey|Play Rough|p1a: Samurott\n|-supereffective|p1a: Samurott\n|-damage|p1a: Samurott|0 fnt\n|faint|p1a: Samurott\n|\n|upkeep\n|\n|t:|1771255355\n|switch|p1a: Meowscarada|Meowscarada, M|84/100\n|-damage|p1a: Meowscarada|59/100|[from] Spikes\n|turn|14\n|\n|t:|1771255366\n|switch|p2a: Takeru|Swalot, M|100/100\n|move|p1a: Meowscarada|U-turn|p2a: Takeru\n|-start|p1a: Meowscarada|typechange|Bug|[from] ability: Protean\n|-resisted|p2a: Takeru\n|-damage|p2a: Takeru|80/100\n|\n|t:|1771255378\n|switch|p1a: Dragapult|Dragapult, M|100/100|[from] U-turn\n|-damage|p1a: Dragapult|76/100|[from] Spikes\n|\n|upkeep\n|turn|15\n|\n|t:|1771255380\n|move|p1a: Dragapult|Shadow Ball|p2a: Takeru\n|-damage|p2a: Takeru|36/100\n|-damage|p1a: Dragapult|66/100|[from] item: Life Orb\n|move|p2a: Takeru|Ice Beam|p1a: Dragapult\n|-supereffective|p1a: Dragapult\n|-damage|p1a: Dragapult|21/100\n|-status|p1a: Dragapult|frz\n|\n|upkeep\n|turn|16\n|\n|t:|1771255390\n|switch|p2a: Joey|Ogerpon-Wellspring, F|100/100\n|cant|p1a: Dragapult|frz\n|\n|upkeep\n|turn|17\n|\n|t:|1771255393\n|cant|p1a: Dragapult|frz\n|move|p2a: Joey|Swords Dance|p2a: Joey\n|-boost|p2a: Joey|atk|2\n|\n|upkeep\n|turn|18\n|\n|t:|1771255396\n|-curestatus|p1a: Dragapult|frz|[msg]\n|move|p1a: Dragapult|Draco Meteor|p2a: Joey\n|-damage|p2a: Joey|8/100\n|-unboost|p1a: Dragapult|spa|2\n|-damage|p1a: Dragapult|11/100|[from] item: Life Orb\n|move|p2a: Joey|Swords Dance|p2a: Joey\n|-boost|p2a: Joey|atk|2\n|\n|upkeep\n|turn|19\n|\n|t:|1771255402\n|move|p1a: Dragapult|Shadow Ball|p2a: Joey\n|-damage|p2a: Joey|0 fnt\n|faint|p2a: Joey\n|-damage|p1a: Dragapult|1/100|[from] item: Life Orb\n|\n|upkeep\n|\n|t:|1771255403\n|switch|p2a: Takeru|Swalot, M|36/100\n|turn|20\n|-enditem|p2a: Takeru|Custap Berry|[eat]\n|-activate|p2a: Takeru|item: Custap Berry|[consumed]\n|\n|t:|1771255405\n|move|p2a: Takeru|Toxic Spikes|p1a: Dragapult\n|-sidestart|p1: EGmiau|move: Toxic Spikes\n|move|p1a: Dragapult|Draco Meteor|p2a: Takeru\n|-damage|p2a: Takeru|0 fnt\n|-unboost|p1a: Dragapult|spa|2\n|faint|p2a: Takeru\n|-damage|p1a: Dragapult|0 fnt|[from] item: Life Orb\n|faint|p1a: Dragapult\n|\n|win|EGmiau\n|raw|EGmiau's rating: 1518 &rarr; <strong>1543</strong><br />(+25 for winning)\n|raw|Caloogan's rating: 1603 &rarr; <strong>1578</strong><br />(-25 for losing)\n|c|☆EGmiau|gg\n|l|☆EGmiau\n|player|p1|\n", "uploadtime": 1771255598, "views": 4, "formatid": "gen9ou", "rating": 1543, "private": 0, "password": null}