{"id": "gen9ou-2639262983", "format": "[Gen 9] OU", "players": ["oldgensbetter", "crck like alakazam"], "log": "|badge|p1|bronze|gen9ou|100-9\n|uhtml|medal-msg|<div class=\"broadcast-blue\">Curious what those medals under the avatar are? PS now has Ladder Seasons! For more information, check out the <a href=\"https://www.smogon.com/forums/threads/3740067/\">thread on Smogon.</a></div>\n|j|☆oldgensbetter\n|j|☆crck like alakazam\n|t:|1782442346\n|gametype|singles\n|player|p1|oldgensbetter|unknownf|1807\n|player|p2|crck like alakazam|psychicf-gen4|1810\n|gen|9\n|tier|[Gen 9] OU\n|rated|\n|rule|HP Percentage Mod: HP is shown in percentages\n|rule|Endless Battle Clause: Forcing endless battles is banned\n|rule|Species Clause: Limit one of each Pokémon\n|rule|OHKO Clause: OHKO moves are banned\n|rule|Evasion Items Clause: Evasion items are banned\n|rule|Evasion Moves Clause: Evasion moves are banned\n|rule|Evasion Abilities Clause: Evasion abilities are banned\n|rule|Sleep Moves Clause: Sleep-inducing moves are banned\n|clearpoke\n|poke|p1|Gholdengo|\n|poke|p1|Dragonite, F|\n|poke|p1|Raging Bolt|\n|poke|p1|Great Tusk|\n|poke|p1|Iron Valiant|\n|poke|p1|Ting-Lu|\n|poke|p2|Kingambit, M|\n|poke|p2|Zapdos|\n|poke|p2|Primarina, M|\n|poke|p2|Clodsire, F|\n|poke|p2|Cinderace, M|\n|poke|p2|Deoxys-Speed|\n|teampreview\n|inactive|Battle timer is ON: inactive players will automatically lose when time's up. (requested by crck like alakazam)\n|\n|t:|1782442373\n|teamsize|p1|6\n|teamsize|p2|6\n|start\n|switch|p1a: Ting-Lu|Ting-Lu|100/100\n|switch|p2a: LaurynChill|Primarina, M|100/100\n|-ability|p1a: Ting-Lu|Vessel of Ruin\n|turn|1\n|\n|t:|1782442386\n|move|p2a: LaurynChill|Moonblast|p1a: Ting-Lu\n|-supereffective|p1a: Ting-Lu\n|-damage|p1a: Ting-Lu|54/100\n|move|p1a: Ting-Lu|Earthquake|p2a: LaurynChill\n|-damage|p2a: LaurynChill|58/100\n|\n|-heal|p1a: Ting-Lu|60/100|[from] item: Leftovers\n|upkeep\n|turn|2\n|\n|t:|1782442402\n|switch|p1a: Gholdengo|Gholdengo|100/100\n|move|p2a: LaurynChill|Flip Turn|p1a: Gholdengo\n|-damage|p1a: Gholdengo|85/100\n|\n|t:|1782442404\n|switch|p2a: DonnieCourtman|Cinderace, M|100/100|[from] Flip Turn\n|\n|upkeep\n|turn|3\n|\n|t:|1782442407\n|switch|p1a: Great Tusk|Great Tusk|100/100\n|move|p2a: DonnieCourtman|Pyro Ball|p1a: Great Tusk\n|-damage|p1a: Great Tusk|74/100\n|\n|upkeep\n|turn|4\n|\n|t:|1782442413\n|-end|p1a: Great Tusk|Protosynthesis|[silent]\n|switch|p1a: Great Neck|Raging Bolt|100/100\n|move|p2a: DonnieCourtman|Will-O-Wisp|p1a: Great Neck\n|-status|p1a: Great Neck|brn\n|\n|-damage|p1a: Great Neck|94/100 brn|[from] brn\n|upkeep\n|turn|5\n|\n|t:|1782442419\n|move|p2a: DonnieCourtman|U-turn|p1a: Great Neck\n|-damage|p1a: Great Neck|79/100 brn\n|inactive|crck like alakazam has 120 seconds left.\n|\n|t:|1782442451\n|switch|p2a: LaurynChill|Primarina, M|58/100|[from] U-turn\n|move|p1a: Great Neck|Draco Meteor|p2a: LaurynChill\n|-immune|p2a: LaurynChill\n|\n|-damage|p1a: Great Neck|73/100 brn|[from] brn\n|upkeep\n|turn|6\n|inactive|crck like alakazam has 120 seconds left.\n|\n|t:|1782442467\n|-end|p1a: Great Neck|Protosynthesis|[silent]\n|switch|p1a: Gholdengo|Gholdengo|85/100\n|switch|p2a: SwitchinStature|Clodsire, F|100/100\n|\n|upkeep\n|turn|7\n|inactive|crck like alakazam has 120 seconds left.\n|\n|t:|1782442481\n|switch|p1a: Great Tusk|Great Tusk|74/100\n|switch|p2a: DosSta.D.I.X|Zapdos|100/100\n|\n|upkeep\n|turn|8\n|\n|t:|1782442489\n|-end|p1a: Great Tusk|Protosynthesis|[silent]\n|switch|p1a: Ting-Lu|Ting-Lu|60/100\n|-ability|p1a: Ting-Lu|Vessel of Ruin\n|move|p2a: DosSta.D.I.X|U-turn|p1a: Ting-Lu\n|-supereffective|p1a: Ting-Lu\n|-damage|p1a: Ting-Lu|46/100\n|inactive|crck like alakazam has 120 seconds left.\n|\n|t:|1782442512\n|switch|p2a: DonnieCourtman|Cinderace, M|100/100|[from] U-turn\n|\n|-heal|p1a: Ting-Lu|52/100|[from] item: Leftovers\n|upkeep\n|turn|9\n|\n|t:|1782442517\n|switch|p1a: Great Tusk|Great Tusk|74/100\n|move|p2a: DonnieCourtman|U-turn|p1a: Great Tusk\n|-resisted|p1a: Great Tusk\n|-damage|p1a: Great Tusk|69/100\n|-damage|p2a: DonnieCourtman|84/100|[from] item: Rocky Helmet|[of] p1a: Great Tusk\n|\n|t:|1782442525\n|switch|p2a: DosSta.D.I.X|Zapdos|100/100|[from] U-turn\n|\n|upkeep\n|turn|10\n|\n|t:|1782442532\n|-end|p1a: Great Tusk|Protosynthesis|[silent]\n|switch|p1a: Great Neck|Raging Bolt|73/100 brn\n|move|p2a: DosSta.D.I.X|U-turn|p1a: Great Neck\n|-damage|p1a: Great Neck|62/100 brn\n|\n|t:|1782442538\n|switch|p2a: BonnieBoost|Deoxys-Speed|100/100|[from] U-turn\n|-ability|p2a: BonnieBoost|Pressure\n|\n|-damage|p1a: Great Neck|55/100 brn|[from] brn\n|upkeep\n|turn|11\n|\n|t:|1782442545\n|move|p2a: BonnieBoost|Psycho Boost|p1a: Great Neck\n|-damage|p1a: Great Neck|0 fnt\n|-unboost|p2a: BonnieBoost|spa|2\n|faint|p1a: Great Neck\n|-end|p1a: Great Neck|Protosynthesis|[silent]\n|-damage|p2a: BonnieBoost|90/100|[from] item: Life Orb\n|\n|upkeep\n|\n|t:|1782442557\n|switch|p1a: Ting-Lu|Ting-Lu|52/100\n|-ability|p1a: Ting-Lu|Vessel of Ruin\n|turn|12\n|inactive|crck like alakazam has 120 seconds left.\n|\n|t:|1782442588\n|switch|p2a: LaurynChill|Primarina, M|58/100\n|move|p1a: Ting-Lu|Stealth Rock|p2a: LaurynChill\n|-sidestart|p2: crck like alakazam|move: Stealth Rock\n|\n|-heal|p1a: Ting-Lu|58/100|[from] item: Leftovers\n|upkeep\n|turn|13\n|\n|t:|1782442610\n|-terastallize|p1a: Ting-Lu|Water\n|move|p2a: LaurynChill|Flip Turn|p1a: Ting-Lu\n|-resisted|p1a: Ting-Lu\n|-damage|p1a: Ting-Lu|54/100\n|\n|t:|1782442623\n|switch|p2a: DosSta.D.I.X|Zapdos|100/100|[from] Flip Turn\n|move|p1a: Ting-Lu|Earthquake|p2a: DosSta.D.I.X\n|-immune|p2a: DosSta.D.I.X\n|\n|-heal|p1a: Ting-Lu|60/100|[from] item: Leftovers\n|upkeep\n|turn|14\n|\n|t:|1782442631\n|move|p2a: DosSta.D.I.X|Discharge|p1a: Ting-Lu\n|-supereffective|p1a: Ting-Lu\n|-damage|p1a: Ting-Lu|27/100\n|-status|p1a: Ting-Lu|par\n|move|p1a: Ting-Lu|Ruination|p2a: DosSta.D.I.X\n|-damage|p2a: DosSta.D.I.X|51/100\n|\n|-heal|p1a: Ting-Lu|33/100 par|[from] item: Leftovers\n|upkeep\n|turn|15\n|j| maclura\n|\n|t:|1782442651\n|switch|p1a: Great Tusk|Great Tusk|69/100\n|move|p2a: DosSta.D.I.X|Discharge|p1a: Great Tusk\n|-immune|p1a: Great Tusk\n|\n|upkeep\n|turn|16\n|\n|t:|1782442657\n|move|p2a: DosSta.D.I.X|Hurricane|p1a: Great Tusk\n|-supereffective|p1a: Great Tusk\n|-damage|p1a: Great Tusk|0 fnt\n|faint|p1a: Great Tusk\n|-end|p1a: Great Tusk|Protosynthesis|[silent]\n|\n|upkeep\n|\n|t:|1782442672\n|switch|p1a: Gholdengo|Gholdengo|85/100\n|turn|17\n|j| St.Peewee\n|\n|t:|1782442678\n|move|p1a: Gholdengo|Shadow Ball|p2a: DosSta.D.I.X\n|-damage|p2a: DosSta.D.I.X|0 fnt\n|faint|p2a: DosSta.D.I.X\n|\n|upkeep\n|\n|t:|1782442689\n|switch|p2a: DonnieCourtman|Cinderace, M|84/100\n|turn|18\n|\n|t:|1782442694\n|switch|p1a: Ting-Lu|Ting-Lu, tera:Water|33/100 par\n|-ability|p1a: Ting-Lu|Vessel of Ruin\n|move|p2a: DonnieCourtman|U-turn|p1a: Ting-Lu\n|-damage|p1a: Ting-Lu|23/100 par\n|inactive|crck like alakazam has 120 seconds left.\n|inactive|crck like alakazam has 90 seconds left.\n|\n|t:|1782442769\n|switch|p2a: BonnieBoost|Deoxys-Speed|90/100|[from] U-turn\n|-damage|p2a: BonnieBoost|78/100|[from] Stealth Rock\n|-ability|p2a: BonnieBoost|Pressure\n|\n|-heal|p1a: Ting-Lu|29/100 par|[from] item: Leftovers\n|upkeep\n|turn|19\n|\n|t:|1782442776\n|switch|p1a: Gholdengo|Gholdengo|85/100\n|move|p2a: BonnieBoost|Nasty Plot|p2a: BonnieBoost\n|-boost|p2a: BonnieBoost|spa|2\n|\n|upkeep\n|turn|20\n|\n|t:|1782442780\n|move|p2a: BonnieBoost|Psycho Boost|p1a: Gholdengo\n|-resisted|p1a: Gholdengo\n|-damage|p1a: Gholdengo|0 fnt\n|-unboost|p2a: BonnieBoost|spa|2\n|faint|p1a: Gholdengo\n|-damage|p2a: BonnieBoost|68/100|[from] item: Life Orb\n|\n|upkeep\n|\n|t:|1782442789\n|switch|p1a: Dragonite|Dragonite, F|100/100\n|turn|21\n|inactive|crck like alakazam has 90 seconds left.\n|\n|t:|1782442817\n|move|p2a: BonnieBoost|Psycho Boost|p1a: Dragonite\n|-damage|p1a: Dragonite|57/100\n|-unboost|p2a: BonnieBoost|spa|2\n|-damage|p2a: BonnieBoost|58/100|[from] item: Life Orb\n|move|p1a: Dragonite|Dragon Dance|p1a: Dragonite\n|-boost|p1a: Dragonite|atk|1\n|-boost|p1a: Dragonite|spe|1\n|\n|upkeep\n|turn|22\n|inactive|crck like alakazam has 90 seconds left.\n|\n|t:|1782442835\n|move|p2a: BonnieBoost|Psycho Boost|p1a: Dragonite\n|-damage|p1a: Dragonite|18/100\n|-unboost|p2a: BonnieBoost|spa|2\n|-damage|p2a: BonnieBoost|48/100|[from] item: Life Orb\n|move|p1a: Dragonite|Dragon Dance|p1a: Dragonite\n|-boost|p1a: Dragonite|atk|1\n|-boost|p1a: Dragonite|spe|1\n|\n|upkeep\n|turn|23\n|\n|t:|1782442841\n|move|p1a: Dragonite|Roost|p1a: Dragonite\n|-heal|p1a: Dragonite|68/100\n|-singleturn|p1a: Dragonite|move: Roost\n|move|p2a: BonnieBoost|Psycho Boost|p1a: Dragonite\n|-damage|p1a: Dragonite|42/100\n|-unboost|p2a: BonnieBoost|spa|2\n|-damage|p2a: BonnieBoost|38/100|[from] item: Life Orb\n|\n|upkeep\n|turn|24\n|\n|t:|1782442847\n|move|p1a: Dragonite|Roost|p1a: Dragonite\n|-heal|p1a: Dragonite|92/100\n|-singleturn|p1a: Dragonite|move: Roost\n|move|p2a: BonnieBoost|Nasty Plot|p2a: BonnieBoost\n|-boost|p2a: BonnieBoost|spa|2\n|\n|upkeep\n|turn|25\n|\n|t:|1782442852\n|move|p1a: Dragonite|Extreme Speed|p2a: BonnieBoost\n|-damage|p2a: BonnieBoost|0 fnt\n|faint|p2a: BonnieBoost\n|\n|upkeep\n|\n|t:|1782442855\n|switch|p2a: SwitchinStature|Clodsire, F|100/100\n|-damage|p2a: SwitchinStature|94/100|[from] Stealth Rock\n|turn|26\n|\n|t:|1782442858\n|move|p1a: Dragonite|Earthquake|p2a: SwitchinStature\n|-supereffective|p2a: SwitchinStature\n|-enditem|p2a: SwitchinStature|Shuca Berry|[eat]\n|-enditem|p2a: SwitchinStature|Shuca Berry|[weaken]\n|-damage|p2a: SwitchinStature|64/100\n|move|p2a: SwitchinStature|Counter|p1a: Dragonite\n|-damage|p1a: Dragonite|6/100\n|\n|upkeep\n|turn|27\n|l| maclura\n|inactive|crck like alakazam has 120 seconds left.\n|\n|t:|1782442868\n|-terastallize|p2a: SwitchinStature|Fairy\n|move|p1a: Dragonite|Roost|p1a: Dragonite\n|-heal|p1a: Dragonite|56/100\n|-singleturn|p1a: Dragonite|move: Roost\n|move|p2a: SwitchinStature|Toxic|p1a: Dragonite\n|-status|p1a: Dragonite|tox\n|\n|-damage|p1a: Dragonite|50/100 tox|[from] psn\n|upkeep\n|turn|28\n|l| St.Peewee\n|\n|t:|1782442879\n|move|p1a: Dragonite|Extreme Speed|p2a: SwitchinStature\n|-damage|p2a: SwitchinStature|43/100\n|move|p2a: SwitchinStature|Recover|p2a: SwitchinStature\n|-heal|p2a: SwitchinStature|93/100\n|\n|-damage|p1a: Dragonite|37/100 tox|[from] psn\n|upkeep\n|turn|29\n|\n|t:|1782442886\n|switch|p1a: Ting-Lu|Ting-Lu, tera:Water|29/100 par\n|-ability|p1a: Ting-Lu|Vessel of Ruin\n|move|p2a: SwitchinStature|Counter||[still]\n|-fail|p2a: SwitchinStature\n|\n|-heal|p1a: Ting-Lu|36/100 par|[from] item: Leftovers\n|upkeep\n|turn|30\n|\n|t:|1782442908\n|switch|p2a: LaurynChill|Primarina, M|58/100\n|-damage|p2a: LaurynChill|46/100|[from] Stealth Rock\n|move|p1a: Ting-Lu|Earthquake|p2a: LaurynChill\n|-damage|p2a: LaurynChill|0 fnt\n|faint|p2a: LaurynChill\n|\n|-heal|p1a: Ting-Lu|42/100 par|[from] item: Leftovers\n|upkeep\n|inactive|crck like alakazam has 120 seconds left.\n|\n|t:|1782442923\n|switch|p2a: DonnieCourtman|Cinderace, M|84/100\n|turn|31\n|\n|t:|1782442933\n|move|p2a: DonnieCourtman|Pyro Ball|p1a: Ting-Lu\n|-resisted|p1a: Ting-Lu\n|-damage|p1a: Ting-Lu|29/100 par\n|cant|p1a: Ting-Lu|par\n|\n|-heal|p1a: Ting-Lu|36/100 par|[from] item: Leftovers\n|upkeep\n|turn|32\n|\n|t:|1782442939\n|move|p2a: DonnieCourtman|Court Change|p2a: DonnieCourtman\n|-swapsideconditions\n|-activate|p2a: DonnieCourtman|move: Court Change\n|cant|p1a: Ting-Lu|par\n|\n|-heal|p1a: Ting-Lu|42/100 par|[from] item: Leftovers\n|upkeep\n|turn|33\n|\n|t:|1782442942\n|move|p2a: DonnieCourtman|Pyro Ball|p1a: Ting-Lu\n|-resisted|p1a: Ting-Lu\n|-damage|p1a: Ting-Lu|29/100 par\n|move|p1a: Ting-Lu|Earthquake|p2a: DonnieCourtman\n|-supereffective|p2a: DonnieCourtman\n|-crit|p2a: DonnieCourtman\n|-damage|p2a: DonnieCourtman|0 fnt\n|faint|p2a: DonnieCourtman\n|\n|-heal|p1a: Ting-Lu|36/100 par|[from] item: Leftovers\n|upkeep\n|\n|t:|1782442943\n|switch|p2a: OneWingedAngel|Kingambit, M|100/100\n|-activate|p2a: OneWingedAngel|ability: Supreme Overlord\n|-start|p2a: OneWingedAngel|fallen4|[silent]\n|turn|34\n|\n|t:|1782442949\n|switch|p1a: Iron Valiant|Iron Valiant|100/100\n|-damage|p1a: Iron Valiant|94/100|[from] Stealth Rock\n|-enditem|p1a: Iron Valiant|Booster Energy\n|-activate|p1a: Iron Valiant|ability: Quark Drive|[fromitem]\n|-start|p1a: Iron Valiant|quarkdrivespe\n|move|p2a: OneWingedAngel|Kowtow Cleave|p1a: Iron Valiant\n|-resisted|p1a: Iron Valiant\n|-damage|p1a: Iron Valiant|71/100\n|\n|upkeep\n|turn|35\n|\n|t:|1782442958\n|-end|p2a: OneWingedAngel|fallen4|[silent]\n|switch|p2a: SwitchinStature|Clodsire, F, tera:Fairy|93/100\n|move|p1a: Iron Valiant|Encore||[still]\n|-fail|p1a: Iron Valiant\n|\n|upkeep\n|turn|36\n|\n|t:|1782442961\n|-end|p1a: Iron Valiant|Quark Drive|[silent]\n|switch|p1a: Ting-Lu|Ting-Lu, tera:Water|36/100 par\n|-damage|p1a: Ting-Lu|23/100 par|[from] Stealth Rock\n|-ability|p1a: Ting-Lu|Vessel of Ruin\n|move|p2a: SwitchinStature|Earthquake|p1a: Ting-Lu\n|-damage|p1a: Ting-Lu|11/100 par\n|\n|-heal|p1a: Ting-Lu|17/100 par|[from] item: Leftovers\n|upkeep\n|turn|37\n|\n|t:|1782442968\n|switch|p2a: OneWingedAngel|Kingambit, M|100/100\n|-activate|p2a: OneWingedAngel|ability: Supreme Overlord\n|-start|p2a: OneWingedAngel|fallen4|[silent]\n|move|p1a: Ting-Lu|Earthquake|p2a: OneWingedAngel\n|-supereffective|p2a: OneWingedAngel\n|-damage|p2a: OneWingedAngel|40/100\n|\n|-heal|p2a: OneWingedAngel|46/100|[from] item: Leftovers\n|-heal|p1a: Ting-Lu|23/100 par|[from] item: Leftovers\n|upkeep\n|turn|38\n|\n|t:|1782442974\n|move|p2a: OneWingedAngel|Kowtow Cleave|p1a: Ting-Lu\n|-damage|p1a: Ting-Lu|0 fnt\n|faint|p1a: Ting-Lu\n|\n|-heal|p2a: OneWingedAngel|52/100|[from] item: Leftovers\n|upkeep\n|\n|t:|1782442978\n|switch|p1a: Iron Valiant|Iron Valiant|71/100\n|-damage|p1a: Iron Valiant|65/100|[from] Stealth Rock\n|turn|39\n|\n|t:|1782442985\n|move|p1a: Iron Valiant|Moonblast|p2a: OneWingedAngel\n|-damage|p2a: OneWingedAngel|5/100\n|move|p2a: OneWingedAngel|Iron Head|p1a: Iron Valiant\n|-supereffective|p1a: Iron Valiant\n|-damage|p1a: Iron Valiant|0 fnt\n|faint|p1a: Iron Valiant\n|-end|p1a: Iron Valiant|Quark Drive|[silent]\n|\n|-heal|p2a: OneWingedAngel|11/100|[from] item: Leftovers\n|upkeep\n|\n|t:|1782442992\n|switch|p1a: Dragonite|Dragonite, F|37/100 tox\n|turn|40\n|\n|t:|1782442995\n|move|p1a: Dragonite|Extreme Speed|p2a: OneWingedAngel\n|-resisted|p2a: OneWingedAngel\n|-damage|p2a: OneWingedAngel|0 fnt\n|faint|p2a: OneWingedAngel\n|-end|p2a: OneWingedAngel|fallen4|[silent]\n|\n|-damage|p1a: Dragonite|31/100 tox|[from] psn\n|upkeep\n|\n|t:|1782442997\n|switch|p2a: SwitchinStature|Clodsire, F, tera:Fairy|93/100\n|turn|41\n|inactive|oldgensbetter has 120 seconds left.\n|\n|t:|1782443042\n|move|p1a: Dragonite|Extreme Speed|p2a: SwitchinStature\n|-damage|p2a: SwitchinStature|72/100\n|move|p2a: SwitchinStature|Counter|p1a: Dragonite\n|-damage|p1a: Dragonite|0 fnt\n|faint|p1a: Dragonite\n|\n|win|crck like alakazam\n|raw|oldgensbetter's rating: 1807 &rarr; <strong>1787</strong><br />(-20 for losing)\n|raw|crck like alakazam's rating: 1810 &rarr; <strong>1830</strong><br />(+20 for winning)\n|l|☆oldgensbetter\n|player|p1|\n|l|☆crck like alakazam\n|player|p2|\n|j|☆crck like alakazam\n|player|p2|crck like alakazam|psychicf-gen4|\n", "uploadtime": 1782443075, "views": 6, "formatid": "gen9ou", "rating": 1787, "private": 0, "password": null}