{"id": "gen9ou-2540563246", "format": "[Gen 9] OU", "players": ["like gold", "White Boy SZN"], "log": "|j|☆like gold\n|j|☆White Boy SZN\n|t:|1771218582\n|gametype|singles\n|player|p1|like gold|steven|1527\n|player|p2|White Boy SZN|blue-gen7|1556\n|gen|9\n|tier|[Gen 9] OU\n|rated|\n|rule|HP Percentage Mod: HP is shown in percentages\n|rule|Endless Battle Clause: Forcing endless battles is banned\n|rule|Species Clause: Limit one of each Pokémon\n|rule|OHKO Clause: OHKO moves are banned\n|rule|Evasion Items Clause: Evasion items are banned\n|rule|Evasion Moves Clause: Evasion moves are banned\n|rule|Evasion Abilities Clause: Evasion abilities are banned\n|rule|Sleep Moves Clause: Sleep-inducing moves are banned\n|clearpoke\n|poke|p1|Ting-Lu|\n|poke|p1|Dragonite, M|\n|poke|p1|Sinistcha|\n|poke|p1|Tinkaton, F|\n|poke|p1|Gliscor, F|\n|poke|p1|Keldeo|\n|poke|p2|Keldeo-Resolute|\n|poke|p2|Darkrai|\n|poke|p2|Kingambit, F|\n|poke|p2|Tinkaton, F|\n|poke|p2|Mamoswine, M|\n|poke|p2|Sinistcha|\n|teampreview\n|\n|t:|1771218659\n|teamsize|p1|6\n|teamsize|p2|6\n|start\n|switch|p1a: Tinkaton|Tinkaton, F|100/100\n|switch|p2a: Flawlëss|Keldeo-Resolute|100/100\n|-ability|p1a: Tinkaton|Mold Breaker\n|-item|p1a: Tinkaton|Air Balloon\n|turn|1\n|\n|t:|1771218667\n|move|p2a: Flawlëss|Flip Turn|p1a: Tinkaton\n|-damage|p1a: Tinkaton|85/100\n|-enditem|p1a: Tinkaton|Air Balloon\n|\n|t:|1771218669\n|switch|p2a: P.I.M.P.|Mamoswine, M|100/100|[from] Flip Turn\n|move|p1a: Tinkaton|Thunder Wave|p2a: P.I.M.P.\n|-immune|p2a: P.I.M.P.\n|\n|upkeep\n|turn|2\n|\n|t:|1771218689\n|switch|p1a: Keldeo|Keldeo|100/100\n|move|p2a: P.I.M.P.|Earthquake|p1a: Keldeo\n|-damage|p1a: Keldeo|39/100\n|\n|upkeep\n|turn|3\n|\n|t:|1771218701\n|switch|p2a: Matcha 🥷🏿|Sinistcha|100/100\n|move|p1a: Keldeo|Aura Sphere|p2a: Matcha 🥷🏿\n|-immune|p2a: Matcha 🥷🏿\n|\n|upkeep\n|turn|4\n|\n|t:|1771218716\n|move|p1a: Keldeo|Flip Turn|p2a: Matcha 🥷🏿\n|-resisted|p2a: Matcha 🥷🏿\n|-damage|p2a: Matcha 🥷🏿|95/100\n|\n|t:|1771218723\n|switch|p1a: Tinkaton|Tinkaton, F|85/100|[from] Flip Turn\n|-ability|p1a: Tinkaton|Mold Breaker\n|move|p2a: Matcha 🥷🏿|Matcha Gotcha|p1a: Tinkaton\n|-resisted|p1a: Tinkaton\n|-damage|p1a: Tinkaton|70/100\n|-heal|p2a: Matcha 🥷🏿|100/100|[from] drain|[of] p1a: Tinkaton\n|\n|upkeep\n|turn|5\n|\n|t:|1771218741\n|move|p1a: Tinkaton|Stealth Rock|p2a: Matcha 🥷🏿\n|-sidestart|p2: White Boy SZN|move: Stealth Rock\n|move|p2a: Matcha 🥷🏿|Strength Sap|p1a: Tinkaton\n|-unboost|p1a: Tinkaton|atk|1\n|\n|upkeep\n|turn|6\n|\n|t:|1771218746\n|switch|p2a: P.I.M.P.|Mamoswine, M|100/100\n|-damage|p2a: P.I.M.P.|88/100|[from] Stealth Rock\n|move|p1a: Tinkaton|Thunder Wave|p2a: P.I.M.P.\n|-immune|p2a: P.I.M.P.\n|\n|upkeep\n|turn|7\n|\n|t:|1771218757\n|move|p1a: Tinkaton|Gigaton Hammer|p2a: P.I.M.P.\n|-supereffective|p2a: P.I.M.P.\n|-damage|p2a: P.I.M.P.|27/100\n|move|p2a: P.I.M.P.|Knock Off|p1a: Tinkaton\n|-resisted|p1a: Tinkaton\n|-damage|p1a: Tinkaton|56/100\n|\n|upkeep\n|turn|8\n|\n|t:|1771218763\n|move|p1a: Tinkaton|Encore|p2a: P.I.M.P.\n|-start|p2a: P.I.M.P.|Encore\n|move|p2a: P.I.M.P.|Knock Off|p1a: Tinkaton\n|-resisted|p1a: Tinkaton\n|-damage|p1a: Tinkaton|43/100\n|\n|upkeep\n|turn|9\n|\n|t:|1771218775\n|move|p1a: Tinkaton|Thunder Wave|p2a: P.I.M.P.\n|-immune|p2a: P.I.M.P.\n|move|p2a: P.I.M.P.|Knock Off|p1a: Tinkaton\n|-resisted|p1a: Tinkaton\n|-damage|p1a: Tinkaton|29/100\n|\n|upkeep\n|turn|10\n|\n|t:|1771218782\n|switch|p2a: Flawlëss|Keldeo-Resolute|100/100\n|move|p1a: Tinkaton|Thunder Wave|p2a: Flawlëss\n|-status|p2a: Flawlëss|par\n|\n|upkeep\n|turn|11\n|\n|t:|1771218786\n|switch|p1a: Sinistcha|Sinistcha|100/100\n|move|p2a: Flawlëss|Surf|p1a: Sinistcha\n|-resisted|p1a: Sinistcha\n|-damage|p1a: Sinistcha|69/100\n|\n|upkeep\n|turn|12\n|\n|t:|1771218799\n|switch|p2a: Lavender Sunflower|Tinkaton, F|100/100\n|-damage|p2a: Lavender Sunflower|94/100|[from] Stealth Rock\n|-ability|p2a: Lavender Sunflower|Mold Breaker\n|-item|p2a: Lavender Sunflower|Air Balloon\n|move|p1a: Sinistcha|Matcha Gotcha|p2a: Lavender Sunflower\n|-resisted|p2a: Lavender Sunflower\n|-damage|p2a: Lavender Sunflower|82/100\n|-heal|p1a: Sinistcha|76/100|[from] drain|[of] p2a: Lavender Sunflower\n|-status|p2a: Lavender Sunflower|brn\n|-enditem|p2a: Lavender Sunflower|Air Balloon\n|\n|-damage|p2a: Lavender Sunflower|75/100 brn|[from] brn\n|upkeep\n|turn|13\n|\n|t:|1771218816\n|switch|p1a: Ting-Lu|Ting-Lu|100/100\n|-ability|p1a: Ting-Lu|Vessel of Ruin\n|move|p2a: Lavender Sunflower|Stealth Rock|p1a: Ting-Lu\n|-sidestart|p1: like gold|move: Stealth Rock\n|\n|-damage|p2a: Lavender Sunflower|69/100 brn|[from] brn\n|upkeep\n|turn|14\n|\n|t:|1771218823\n|switch|p2a: P.I.M.P.|Mamoswine, M|27/100\n|-damage|p2a: P.I.M.P.|15/100|[from] Stealth Rock\n|move|p1a: Ting-Lu|Spikes|p2a: P.I.M.P.\n|-sidestart|p2: White Boy SZN|Spikes\n|\n|upkeep\n|turn|15\n|\n|t:|1771218834\n|move|p2a: P.I.M.P.|Icicle Crash|p1a: Ting-Lu\n|-supereffective|p1a: Ting-Lu\n|-damage|p1a: Ting-Lu|50/100\n|cant|p1a: Ting-Lu|flinch\n|\n|-heal|p1a: Ting-Lu|57/100|[from] item: Leftovers\n|upkeep\n|turn|16\n|\n|t:|1771218839\n|move|p2a: P.I.M.P.|Icicle Crash|p1a: Ting-Lu\n|-supereffective|p1a: Ting-Lu\n|-damage|p1a: Ting-Lu|3/100\n|move|p1a: Ting-Lu|Whirlwind|p2a: P.I.M.P.\n|drag|p2a: Flawlëss|Keldeo-Resolute|100/100 par\n|\n|-heal|p1a: Ting-Lu|9/100|[from] item: Leftovers\n|upkeep\n|turn|17\n|\n|t:|1771218851\n|move|p2a: Flawlëss|Surf|p1a: Ting-Lu\n|-supereffective|p1a: Ting-Lu\n|-damage|p1a: Ting-Lu|0 fnt\n|faint|p1a: Ting-Lu\n|\n|upkeep\n|\n|t:|1771218856\n|switch|p1a: Dragonite|Dragonite, M|100/100\n|turn|18\n|\n|t:|1771218859\n|move|p2a: Flawlëss|Flip Turn|p1a: Dragonite\n|-resisted|p1a: Dragonite\n|-damage|p1a: Dragonite|98/100\n|\n|t:|1771218862\n|switch|p2a: Lavender Sunflower|Tinkaton, F|69/100 brn|[from] Flip Turn\n|-damage|p2a: Lavender Sunflower|63/100 brn|[from] Stealth Rock\n|-damage|p2a: Lavender Sunflower|51/100 brn|[from] Spikes\n|-ability|p2a: Lavender Sunflower|Mold Breaker\n|move|p1a: Dragonite|Dragon Tail|p2a: Lavender Sunflower\n|-immune|p2a: Lavender Sunflower\n|\n|-damage|p2a: Lavender Sunflower|45/100 brn|[from] brn\n|upkeep\n|turn|19\n|\n|t:|1771218876\n|switch|p1a: Gliscor|Gliscor, F|100/100\n|-damage|p1a: Gliscor|88/100|[from] Stealth Rock\n|move|p2a: Lavender Sunflower|Encore||[still]\n|-fail|p2a: Lavender Sunflower\n|\n|-damage|p2a: Lavender Sunflower|38/100 brn|[from] brn\n|-status|p1a: Gliscor|tox|[from] item: Toxic Orb\n|upkeep\n|turn|20\n|\n|t:|1771218892\n|switch|p2a: P.I.M.P.|Mamoswine, M|15/100\n|-damage|p2a: P.I.M.P.|3/100|[from] Stealth Rock\n|-damage|p2a: P.I.M.P.|0 fnt|[from] Spikes\n|faint|p2a: P.I.M.P.\n|move|p1a: Gliscor|Swords Dance|p1a: Gliscor\n|-boost|p1a: Gliscor|atk|2\n|\n|-heal|p1a: Gliscor|100/100 tox|[from] ability: Poison Heal\n|upkeep\n|\n|t:|1771218895\n|switch|p2a: IDGAF|Darkrai|100/100\n|-damage|p2a: IDGAF|88/100|[from] Stealth Rock\n|-damage|p2a: IDGAF|76/100|[from] Spikes\n|turn|21\n|\n|t:|1771218900\n|-terastallize|p1a: Gliscor|Normal\n|move|p2a: IDGAF|Ice Beam|p1a: Gliscor\n|-damage|p1a: Gliscor|64/100 tox\n|move|p1a: Gliscor|Facade|p2a: IDGAF\n|-damage|p2a: IDGAF|0 fnt\n|faint|p2a: IDGAF\n|\n|-heal|p1a: Gliscor|77/100 tox|[from] ability: Poison Heal\n|upkeep\n|\n|t:|1771218918\n|switch|p2a: Lavender Sunflower|Tinkaton, F|38/100 brn\n|-damage|p2a: Lavender Sunflower|32/100 brn|[from] Stealth Rock\n|-damage|p2a: Lavender Sunflower|20/100 brn|[from] Spikes\n|-ability|p2a: Lavender Sunflower|Mold Breaker\n|turn|22\n|\n|t:|1771218925\n|move|p1a: Gliscor|Facade|p2a: Lavender Sunflower\n|-resisted|p2a: Lavender Sunflower\n|-damage|p2a: Lavender Sunflower|0 fnt\n|faint|p2a: Lavender Sunflower\n|\n|-heal|p1a: Gliscor|89/100 tox|[from] ability: Poison Heal\n|upkeep\n|\n|t:|1771218934\n|switch|p2a: Armed & Dangerous|Kingambit, F|100/100\n|-damage|p2a: Armed & Dangerous|94/100|[from] Stealth Rock\n|-damage|p2a: Armed & Dangerous|82/100|[from] Spikes\n|-activate|p2a: Armed & Dangerous|ability: Supreme Overlord\n|-start|p2a: Armed & Dangerous|fallen3|[silent]\n|turn|23\n|\n|t:|1771218941\n|switch|p1a: Tinkaton|Tinkaton, F|29/100\n|-damage|p1a: Tinkaton|23/100|[from] Stealth Rock\n|-ability|p1a: Tinkaton|Mold Breaker\n|move|p2a: Armed & Dangerous|Swords Dance|p2a: Armed & Dangerous\n|-boost|p2a: Armed & Dangerous|atk|2\n|\n|-heal|p2a: Armed & Dangerous|88/100|[from] item: Leftovers\n|upkeep\n|turn|24\n|\n|t:|1771218949\n|-end|p2a: Armed & Dangerous|fallen3|[silent]\n|switch|p2a: Matcha 🥷🏿|Sinistcha|100/100\n|move|p1a: Tinkaton|Encore||[still]\n|-fail|p1a: Tinkaton\n|\n|upkeep\n|turn|25\n|\n|t:|1771218956\n|move|p1a: Tinkaton|Thunder Wave|p2a: Matcha 🥷🏿\n|-status|p2a: Matcha 🥷🏿|par\n|move|p2a: Matcha 🥷🏿|Shadow Ball|p1a: Tinkaton\n|-damage|p1a: Tinkaton|0 fnt\n|faint|p1a: Tinkaton\n|\n|upkeep\n|\n|t:|1771218967\n|switch|p1a: Sinistcha|Sinistcha|76/100\n|turn|26\n|\n|t:|1771218970\n|move|p1a: Sinistcha|Calm Mind|p1a: Sinistcha\n|-boost|p1a: Sinistcha|spa|1\n|-boost|p1a: Sinistcha|spd|1\n|move|p2a: Matcha 🥷🏿|Shadow Ball|p1a: Sinistcha\n|-supereffective|p1a: Sinistcha\n|-damage|p1a: Sinistcha|27/100\n|\n|upkeep\n|turn|27\n|\n|t:|1771219001\n|move|p1a: Sinistcha|Strength Sap|p2a: Matcha 🥷🏿\n|-unboost|p2a: Matcha 🥷🏿|atk|1\n|-heal|p1a: Sinistcha|67/100\n|move|p2a: Matcha 🥷🏿|Shadow Ball|p1a: Sinistcha\n|-supereffective|p1a: Sinistcha\n|-damage|p1a: Sinistcha|11/100\n|-unboost|p1a: Sinistcha|spd|1\n|\n|upkeep\n|turn|28\n|\n|t:|1771219009\n|move|p1a: Sinistcha|Shadow Ball|p2a: Matcha 🥷🏿\n|-supereffective|p2a: Matcha 🥷🏿\n|-damage|p2a: Matcha 🥷🏿|0 fnt\n|faint|p2a: Matcha 🥷🏿\n|\n|upkeep\n|\n|t:|1771219014\n|switch|p2a: Armed & Dangerous|Kingambit, F|88/100\n|-damage|p2a: Armed & Dangerous|82/100|[from] Stealth Rock\n|-damage|p2a: Armed & Dangerous|70/100|[from] Spikes\n|-activate|p2a: Armed & Dangerous|ability: Supreme Overlord\n|-start|p2a: Armed & Dangerous|fallen4|[silent]\n|turn|29\n|\n|t:|1771219025\n|move|p2a: Armed & Dangerous|Swords Dance|p2a: Armed & Dangerous\n|-boost|p2a: Armed & Dangerous|atk|2\n|move|p1a: Sinistcha|Strength Sap|p2a: Armed & Dangerous\n|-unboost|p2a: Armed & Dangerous|atk|1\n|-heal|p1a: Sinistcha|100/100\n|\n|-heal|p2a: Armed & Dangerous|76/100|[from] item: Leftovers\n|upkeep\n|turn|30\n|\n|t:|1771219034\n|move|p2a: Armed & Dangerous|Kowtow Cleave|p1a: Sinistcha\n|-supereffective|p1a: Sinistcha\n|-damage|p1a: Sinistcha|0 fnt\n|faint|p1a: Sinistcha\n|\n|-heal|p2a: Armed & Dangerous|82/100|[from] item: Leftovers\n|upkeep\n|\n|t:|1771219038\n|switch|p1a: Keldeo|Keldeo|39/100\n|turn|31\n|\n|t:|1771219048\n|switch|p1a: Gliscor|Gliscor, F, tera:Normal|89/100 tox\n|-damage|p1a: Gliscor|77/100 tox|[from] Stealth Rock\n|-terastallize|p2a: Armed & Dangerous|Ghost\n|move|p2a: Armed & Dangerous|Sucker Punch||[still]\n|-fail|p2a: Armed & Dangerous\n|\n|-heal|p2a: Armed & Dangerous|88/100|[from] item: Leftovers\n|-heal|p1a: Gliscor|89/100 tox|[from] ability: Poison Heal\n|upkeep\n|turn|32\n|\n|t:|1771219060\n|move|p1a: Gliscor|Knock Off|p2a: Armed & Dangerous\n|-supereffective|p2a: Armed & Dangerous\n|-damage|p2a: Armed & Dangerous|51/100\n|-enditem|p2a: Armed & Dangerous|Leftovers|[from] move: Knock Off|[of] p1a: Gliscor\n|move|p2a: Armed & Dangerous|Kowtow Cleave|p1a: Gliscor\n|-damage|p1a: Gliscor|8/100 tox\n|\n|-heal|p1a: Gliscor|21/100 tox|[from] ability: Poison Heal\n|upkeep\n|turn|33\n|\n|t:|1771219079\n|move|p1a: Gliscor|Knock Off|p2a: Armed & Dangerous\n|-supereffective|p2a: Armed & Dangerous\n|-damage|p2a: Armed & Dangerous|25/100\n|move|p2a: Armed & Dangerous|Kowtow Cleave|p1a: Gliscor\n|-crit|p1a: Gliscor\n|-damage|p1a: Gliscor|0 fnt\n|faint|p1a: Gliscor\n|\n|upkeep\n|\n|t:|1771219128\n|switch|p1a: Dragonite|Dragonite, M|98/100\n|turn|34\n|\n|t:|1771219135\n|move|p1a: Dragonite|Earthquake|p2a: Armed & Dangerous\n|-damage|p2a: Armed & Dangerous|0 fnt\n|faint|p2a: Armed & Dangerous\n|-end|p2a: Armed & Dangerous|fallen4|[silent]\n|\n|upkeep\n|\n|t:|1771219137\n|switch|p2a: Flawlëss|Keldeo-Resolute|100/100 par\n|turn|35\n|\n|t:|1771219143\n|move|p1a: Dragonite|Roost|p1a: Dragonite\n|-heal|p1a: Dragonite|100/100\n|-singleturn|p1a: Dragonite|move: Roost\n|move|p2a: Flawlëss|Surf|p1a: Dragonite\n|-resisted|p1a: Dragonite\n|-damage|p1a: Dragonite|89/100\n|\n|upkeep\n|turn|36\n|\n|t:|1771219156\n|move|p1a: Dragonite|Earthquake|p2a: Flawlëss\n|-damage|p2a: Flawlëss|59/100 par\n|move|p2a: Flawlëss|Secret Sword|p1a: Dragonite\n|-resisted|p1a: Dragonite\n|-damage|p1a: Dragonite|68/100\n|\n|upkeep\n|turn|37\n|\n|t:|1771219161\n|move|p1a: Dragonite|Earthquake|p2a: Flawlëss\n|-damage|p2a: Flawlëss|18/100 par\n|move|p2a: Flawlëss|Secret Sword|p1a: Dragonite\n|-resisted|p1a: Dragonite\n|-damage|p1a: Dragonite|44/100\n|\n|upkeep\n|turn|38\n|\n|t:|1771219164\n|move|p2a: Flawlëss|Vacuum Wave|p1a: Dragonite\n|-resisted|p1a: Dragonite\n|-damage|p1a: Dragonite|35/100\n|move|p1a: Dragonite|Earthquake|p2a: Flawlëss\n|-damage|p2a: Flawlëss|0 fnt\n|faint|p2a: Flawlëss\n|\n|win|like gold\n|raw|like gold's rating: 1527 &rarr; <strong>1549</strong><br />(+22 for winning)\n|raw|White Boy SZN's rating: 1556 &rarr; <strong>1534</strong><br />(-22 for losing)\n|l|☆White Boy SZN\n|player|p2|\n|l|☆like gold\n|player|p1|\n", "uploadtime": 1771219384, "views": 5, "formatid": "gen9ou", "rating": 1534, "private": 0, "password": null}