{"id": "gen9ou-2540739368", "format": "[Gen 9] OU", "players": ["dante1310", "xerkalm"], "log": "|j|☆dante1310\n|j|☆xerkalm\n|t:|1771248186\n|gametype|singles\n|player|p1|dante1310|morty-gen2|1590\n|player|p2|xerkalm|266|1663\n|gen|9\n|tier|[Gen 9] OU\n|rated|\n|rule|HP Percentage Mod: HP is shown in percentages\n|rule|Endless Battle Clause: Forcing endless battles is banned\n|rule|Species Clause: Limit one of each Pokémon\n|rule|OHKO Clause: OHKO moves are banned\n|rule|Evasion Items Clause: Evasion items are banned\n|rule|Evasion Moves Clause: Evasion moves are banned\n|rule|Evasion Abilities Clause: Evasion abilities are banned\n|rule|Sleep Moves Clause: Sleep-inducing moves are banned\n|clearpoke\n|poke|p1|Tyranitar, M|\n|poke|p1|Excadrill, F|\n|poke|p1|Hydrapple, M|\n|poke|p1|Moltres|\n|poke|p1|Azumarill, M|\n|poke|p1|Slowking-Galar, F|\n|poke|p2|Comfey, M|\n|poke|p2|Whimsicott, F|\n|poke|p2|Iron Moth|\n|poke|p2|Walking Wake|\n|poke|p2|Great Tusk|\n|poke|p2|Ninetales, F|\n|teampreview\n|inactive|Battle timer is ON: inactive players will automatically lose when time's up. (requested by dante1310)\n|\n|t:|1771248195\n|teamsize|p1|6\n|teamsize|p2|6\n|start\n|switch|p1a: Slowking|Slowking-Galar, F|100/100\n|switch|p2a: Whimsicott|Whimsicott, F|100/100\n|turn|1\n|\n|t:|1771248203\n|switch|p2a: Great Tusk|Great Tusk|100/100\n|-prepare|p1a: Slowking|Chilly Reception|[premajor]\n|move|p1a: Slowking|Chilly Reception|p1a: Slowking\n|-weather|Snowscape\n|\n|t:|1771248206\n|switch|p1a: Hydrapple|Hydrapple, M|100/100|[from] Chilly Reception\n|\n|-weather|Snowscape|[upkeep]\n|upkeep\n|turn|2\n|\n|t:|1771248216\n|move|p2a: Great Tusk|Stealth Rock|p1a: Hydrapple\n|-sidestart|p1: dante1310|move: Stealth Rock\n|move|p1a: Hydrapple|Earth Power|p2a: Great Tusk\n|-damage|p2a: Great Tusk|68/100\n|\n|-weather|Snowscape|[upkeep]\n|upkeep\n|turn|3\n|\n|t:|1771248219\n|move|p2a: Great Tusk|Ice Spinner|p1a: Hydrapple\n|-supereffective|p1a: Hydrapple\n|-damage|p1a: Hydrapple|49/100\n|move|p1a: Hydrapple|Giga Drain|p2a: Great Tusk\n|-supereffective|p2a: Great Tusk\n|-damage|p2a: Great Tusk|0 fnt\n|-heal|p1a: Hydrapple|84/100|[from] drain|[of] p2a: Great Tusk\n|faint|p2a: Great Tusk\n|-end|p2a: Great Tusk|Protosynthesis|[silent]\n|\n|-weather|Snowscape|[upkeep]\n|upkeep\n|\n|t:|1771248224\n|switch|p2a: Iron Moth|Iron Moth|100/100\n|-enditem|p2a: Iron Moth|Booster Energy\n|-activate|p2a: Iron Moth|ability: Quark Drive|[fromitem]\n|-start|p2a: Iron Moth|quarkdrivespa\n|turn|4\n|j| gdsegtrhyer\n|\n|t:|1771248228\n|switch|p1a: Tyranitar|Tyranitar, M|100/100\n|-weather|Sandstorm|[from] ability: Sand Stream|[of] p1a: Tyranitar\n|move|p2a: Iron Moth|Sludge Wave|p1a: Tyranitar\n|-resisted|p1a: Tyranitar\n|-damage|p1a: Tyranitar|87/100\n|\n|-weather|Sandstorm|[upkeep]\n|-damage|p2a: Iron Moth|95/100|[from] Sandstorm\n|upkeep\n|turn|5\n|\n|t:|1771248239\n|move|p2a: Iron Moth|Sludge Wave|p1a: Tyranitar\n|-resisted|p1a: Tyranitar\n|-damage|p1a: Tyranitar|72/100\n|move|p1a: Tyranitar|Stealth Rock|p2a: Iron Moth\n|-sidestart|p2: xerkalm|move: Stealth Rock\n|\n|-weather|Sandstorm|[upkeep]\n|-damage|p2a: Iron Moth|89/100|[from] Sandstorm\n|upkeep\n|turn|6\n|\n|t:|1771248244\n|move|p2a: Iron Moth|Sludge Wave|p1a: Tyranitar\n|-resisted|p1a: Tyranitar\n|-damage|p1a: Tyranitar|59/100\n|move|p1a: Tyranitar|Knock Off|p2a: Iron Moth\n|-damage|p2a: Iron Moth|37/100\n|\n|-weather|Sandstorm|[upkeep]\n|-damage|p2a: Iron Moth|31/100|[from] Sandstorm\n|upkeep\n|turn|7\n|\n|t:|1771248252\n|move|p2a: Iron Moth|Overheat|p1a: Tyranitar\n|-resisted|p1a: Tyranitar\n|-damage|p1a: Tyranitar|41/100\n|-unboost|p2a: Iron Moth|spa|2\n|move|p1a: Tyranitar|Knock Off|p2a: Iron Moth\n|-damage|p2a: Iron Moth|0 fnt\n|faint|p2a: Iron Moth\n|-end|p2a: Iron Moth|Quark Drive|[silent]\n|\n|-weather|Sandstorm|[upkeep]\n|upkeep\n|\n|t:|1771248257\n|switch|p2a: Walking Wake|Walking Wake|100/100\n|-damage|p2a: Walking Wake|88/100|[from] Stealth Rock\n|turn|8\n|\n|t:|1771248260\n|switch|p1a: Azumarill|Azumarill, M|100/100\n|-damage|p1a: Azumarill|88/100|[from] Stealth Rock\n|move|p2a: Walking Wake|Hydro Steam|p1a: Azumarill\n|-resisted|p1a: Azumarill\n|-damage|p1a: Azumarill|75/100\n|\n|-weather|none\n|upkeep\n|turn|9\n|\n|t:|1771248271\n|move|p2a: Walking Wake|Knock Off|p1a: Azumarill\n|-resisted|p1a: Azumarill\n|-damage|p1a: Azumarill|66/100\n|-enditem|p1a: Azumarill|Assault Vest|[from] move: Knock Off|[of] p2a: Walking Wake\n|move|p1a: Azumarill|Knock Off|p2a: Walking Wake\n|-damage|p2a: Walking Wake|53/100\n|-enditem|p2a: Walking Wake|Assault Vest|[from] move: Knock Off|[of] p1a: Azumarill\n|\n|upkeep\n|turn|10\n|\n|t:|1771248280\n|move|p2a: Walking Wake|Flip Turn|p1a: Azumarill\n|-resisted|p1a: Azumarill\n|-damage|p1a: Azumarill|58/100\n|\n|t:|1771248282\n|-end|p2a: Walking Wake|Protosynthesis|[silent]\n|switch|p2a: Whimsicott|Whimsicott, F|100/100|[from] Flip Turn\n|-damage|p2a: Whimsicott|88/100|[from] Stealth Rock\n|move|p1a: Azumarill|Knock Off|p2a: Whimsicott\n|-resisted|p2a: Whimsicott\n|-damage|p2a: Whimsicott|63/100\n|-enditem|p2a: Whimsicott|Life Orb|[from] move: Knock Off|[of] p1a: Azumarill\n|\n|upkeep\n|turn|11\n|\n|t:|1771248291\n|switch|p1a: Slowking|Slowking-Galar, F|100/100\n|-damage|p1a: Slowking|88/100|[from] Stealth Rock\n|move|p2a: Whimsicott|Shadow Ball|p1a: Slowking\n|-supereffective|p1a: Slowking\n|-damage|p1a: Slowking|50/100\n|\n|-heal|p1a: Slowking|57/100|[from] item: Black Sludge\n|upkeep\n|turn|12\n|\n|t:|1771248297\n|switch|p2a: Walking Wake|Walking Wake|53/100\n|-damage|p2a: Walking Wake|41/100|[from] Stealth Rock\n|-prepare|p1a: Slowking|Chilly Reception|[premajor]\n|move|p1a: Slowking|Chilly Reception|p1a: Slowking\n|-weather|Snowscape\n|\n|t:|1771248304\n|switch|p1a: Azumarill|Azumarill, M|58/100|[from] Chilly Reception\n|-damage|p1a: Azumarill|46/100|[from] Stealth Rock\n|\n|-weather|Snowscape|[upkeep]\n|upkeep\n|turn|13\n|\n|t:|1771248311\n|move|p2a: Walking Wake|Hydro Steam|p1a: Azumarill\n|-resisted|p1a: Azumarill\n|-damage|p1a: Azumarill|26/100\n|move|p1a: Azumarill|Play Rough|p2a: Walking Wake\n|-supereffective|p2a: Walking Wake\n|-damage|p2a: Walking Wake|0 fnt\n|faint|p2a: Walking Wake\n|-end|p2a: Walking Wake|Protosynthesis|[silent]\n|\n|-weather|Snowscape|[upkeep]\n|upkeep\n|\n|t:|1771248315\n|switch|p2a: Whimsicott|Whimsicott, F|63/100\n|-damage|p2a: Whimsicott|50/100|[from] Stealth Rock\n|turn|14\n|\n|t:|1771248317\n|move|p2a: Whimsicott|Giga Drain|p1a: Azumarill\n|-supereffective|p1a: Azumarill\n|-damage|p1a: Azumarill|0 fnt\n|-heal|p2a: Whimsicott|67/100|[from] drain|[of] p1a: Azumarill\n|faint|p1a: Azumarill\n|\n|-weather|Snowscape|[upkeep]\n|upkeep\n|\n|t:|1771248319\n|switch|p1a: Slowking|Slowking-Galar, F|90/100\n|-damage|p1a: Slowking|77/100|[from] Stealth Rock\n|turn|15\n|\n|t:|1771248326\n|move|p2a: Whimsicott|Shadow Ball|p1a: Slowking\n|-supereffective|p1a: Slowking\n|-damage|p1a: Slowking|44/100\n|move|p1a: Slowking|Sludge Bomb|p2a: Whimsicott\n|-supereffective|p2a: Whimsicott\n|-damage|p2a: Whimsicott|0 fnt\n|faint|p2a: Whimsicott\n|\n|-weather|Snowscape|[upkeep]\n|-heal|p1a: Slowking|50/100|[from] item: Black Sludge\n|upkeep\n|\n|t:|1771248340\n|switch|p2a: Ninetales|Ninetales, F|100/100\n|-damage|p2a: Ninetales|76/100|[from] Stealth Rock\n|-weather|SunnyDay|[from] ability: Drought|[of] p2a: Ninetales\n|turn|16\n|\n|t:|1771248344\n|move|p2a: Ninetales|Will-O-Wisp|p1a: Slowking\n|-status|p1a: Slowking|brn\n|-prepare|p1a: Slowking|Chilly Reception|[premajor]\n|move|p1a: Slowking|Chilly Reception|p1a: Slowking\n|-weather|Snowscape\n|\n|t:|1771248350\n|switch|p1a: Tyranitar|Tyranitar, M|41/100|[from] Chilly Reception\n|-weather|Sandstorm|[from] ability: Sand Stream|[of] p1a: Tyranitar\n|\n|-weather|Sandstorm|[upkeep]\n|-damage|p2a: Ninetales|70/100|[from] Sandstorm\n|upkeep\n|turn|17\n|\n|t:|1771248353\n|move|p2a: Ninetales|Will-O-Wisp|p1a: Tyranitar\n|-status|p1a: Tyranitar|brn\n|move|p1a: Tyranitar|Knock Off|p2a: Ninetales\n|-damage|p2a: Ninetales|45/100\n|-enditem|p2a: Ninetales|Heat Rock|[from] move: Knock Off|[of] p1a: Tyranitar\n|\n|-weather|Sandstorm|[upkeep]\n|-damage|p2a: Ninetales|39/100|[from] Sandstorm\n|-damage|p1a: Tyranitar|35/100 brn|[from] brn\n|upkeep\n|turn|18\n|\n|t:|1771248364\n|switch|p2a: Comfey|Comfey, M|100/100\n|-damage|p2a: Comfey|88/100|[from] Stealth Rock\n|switch|p1a: Slowking|Slowking-Galar, F|83/100 brn\n|-damage|p1a: Slowking|71/100 brn|[from] Stealth Rock\n|\n|-weather|Sandstorm|[upkeep]\n|-damage|p2a: Comfey|82/100|[from] Sandstorm\n|-damage|p1a: Slowking|65/100 brn|[from] Sandstorm\n|-heal|p1a: Slowking|71/100 brn|[from] item: Black Sludge\n|-damage|p1a: Slowking|65/100 brn|[from] brn\n|upkeep\n|turn|19\n|l| gdsegtrhyer\n|\n|t:|1771248370\n|switch|p2a: Ninetales|Ninetales, F|39/100\n|-damage|p2a: Ninetales|15/100|[from] Stealth Rock\n|-weather|SunnyDay|[from] ability: Drought|[of] p2a: Ninetales\n|move|p1a: Slowking|Sludge Bomb|p2a: Ninetales\n|-damage|p2a: Ninetales|0 fnt\n|faint|p2a: Ninetales\n|\n|-weather|SunnyDay|[upkeep]\n|-heal|p1a: Slowking|71/100 brn|[from] item: Black Sludge\n|-damage|p1a: Slowking|65/100 brn|[from] brn\n|upkeep\n|\n|t:|1771248375\n|switch|p2a: Comfey|Comfey, M|82/100\n|-damage|p2a: Comfey|69/100|[from] Stealth Rock\n|turn|20\n|\n|t:|1771248379\n|-terastallize|p2a: Comfey|Water\n|move|p2a: Comfey|Growth|p2a: Comfey\n|-boost|p2a: Comfey|atk|2\n|-boost|p2a: Comfey|spa|2\n|move|p1a: Slowking|Sludge Bomb|p2a: Comfey\n|-damage|p2a: Comfey|36/100\n|\n|-weather|SunnyDay|[upkeep]\n|-heal|p1a: Slowking|71/100 brn|[from] item: Black Sludge\n|-damage|p1a: Slowking|65/100 brn|[from] brn\n|upkeep\n|turn|21\n|\n|t:|1771248384\n|move|p2a: Comfey|Synthesis|p2a: Comfey\n|-heal|p2a: Comfey|100/100\n|move|p1a: Slowking|Future Sight|p2a: Comfey\n|-start|p1a: Slowking|move: Future Sight\n|\n|-weather|SunnyDay|[upkeep]\n|-heal|p1a: Slowking|71/100 brn|[from] item: Black Sludge\n|-damage|p1a: Slowking|65/100 brn|[from] brn\n|upkeep\n|turn|22\n|\n|t:|1771248390\n|switch|p1a: Tyranitar|Tyranitar, M|35/100 brn\n|-weather|Sandstorm|[from] ability: Sand Stream|[of] p1a: Tyranitar\n|move|p2a: Comfey|Growth|p2a: Comfey\n|-boost|p2a: Comfey|atk|1\n|-boost|p2a: Comfey|spa|1\n|\n|-weather|Sandstorm|[upkeep]\n|-damage|p2a: Comfey|94/100|[from] Sandstorm\n|-damage|p1a: Tyranitar|29/100 brn|[from] brn\n|upkeep\n|turn|23\n|\n|t:|1771248403\n|move|p2a: Comfey|Growth|p2a: Comfey\n|-boost|p2a: Comfey|atk|1\n|-boost|p2a: Comfey|spa|1\n|move|p1a: Tyranitar|Knock Off|p2a: Comfey\n|-damage|p2a: Comfey|66/100\n|-enditem|p2a: Comfey|Life Orb|[from] move: Knock Off|[of] p1a: Tyranitar\n|\n|-weather|Sandstorm|[upkeep]\n|-damage|p2a: Comfey|60/100|[from] Sandstorm\n|-end|p2a: Comfey|move: Future Sight\n|-damage|p2a: Comfey|17/100\n|-damage|p1a: Tyranitar|23/100 brn|[from] brn\n|upkeep\n|turn|24\n|\n|t:|1771248408\n|move|p2a: Comfey|Draining Kiss|p1a: Tyranitar\n|-supereffective|p1a: Tyranitar\n|-crit|p1a: Tyranitar\n|-damage|p1a: Tyranitar|0 fnt\n|-heal|p2a: Comfey|39/100|[from] drain|[of] p1a: Tyranitar\n|faint|p1a: Tyranitar\n|\n|-weather|Sandstorm|[upkeep]\n|-damage|p2a: Comfey|33/100|[from] Sandstorm\n|upkeep\n|\n|t:|1771248411\n|switch|p1a: Hydrapple|Hydrapple, M|100/100\n|turn|25\n|\n|t:|1771248414\n|-terastallize|p1a: Hydrapple|Poison\n|move|p2a: Comfey|Draining Kiss|p1a: Hydrapple\n|-resisted|p1a: Hydrapple\n|-damage|p1a: Hydrapple|70/100\n|-heal|p2a: Comfey|64/100|[from] drain|[of] p1a: Hydrapple\n|move|p1a: Hydrapple|Giga Drain|p2a: Comfey\n|-supereffective|p2a: Comfey\n|-damage|p2a: Comfey|6/100\n|-heal|p1a: Hydrapple|91/100|[from] drain|[of] p2a: Comfey\n|\n|-weather|Sandstorm|[upkeep]\n|-damage|p2a: Comfey|0 fnt|[from] Sandstorm\n|-damage|p1a: Hydrapple|85/100|[from] Sandstorm\n|faint|p2a: Comfey\n|\n|win|dante1310\n|raw|dante1310's rating: 1590 &rarr; <strong>1614</strong><br />(+24 for winning)\n|raw|xerkalm's rating: 1663 &rarr; <strong>1639</strong><br />(-24 for losing)\n|l|☆xerkalm\n|player|p2|\n|l|☆dante1310\n|player|p1|\n", "uploadtime": 1771248594, "views": 7, "formatid": "gen9ou", "rating": 1614, "private": 0, "password": null}