{"id": "gen9ou-2540757543", "format": "[Gen 9] OU", "players": ["zarross", "Jackesh-7T2"], "log": "|j|☆zarross\n|j|☆Jackesh-7T2\n|t:|1771250528\n|gametype|singles\n|player|p1|zarross|plumeria|1691\n|player|p2|Jackesh-7T2|170|1740\n|gen|9\n|tier|[Gen 9] OU\n|rated|\n|rule|HP Percentage Mod: HP is shown in percentages\n|rule|Endless Battle Clause: Forcing endless battles is banned\n|rule|Species Clause: Limit one of each Pokémon\n|rule|OHKO Clause: OHKO moves are banned\n|rule|Evasion Items Clause: Evasion items are banned\n|rule|Evasion Moves Clause: Evasion moves are banned\n|rule|Evasion Abilities Clause: Evasion abilities are banned\n|rule|Sleep Moves Clause: Sleep-inducing moves are banned\n|clearpoke\n|poke|p1|Dondozo, F|\n|poke|p1|Gliscor, F|\n|poke|p1|Weezing-Galar, F|\n|poke|p1|Blissey, F|\n|poke|p1|Corviknight, F|\n|poke|p1|Amoonguss, F|\n|poke|p2|Kyurem|\n|poke|p2|Raging Bolt|\n|poke|p2|Torkoal, F|\n|poke|p2|Walking Wake|\n|poke|p2|Corviknight, F|\n|poke|p2|Ting-Lu|\n|teampreview\n|inactive|Battle timer is ON: inactive players will automatically lose when time's up. (requested by zarross)\n|\n|t:|1771250538\n|teamsize|p1|6\n|teamsize|p2|6\n|start\n|switch|p1a: Gliscor|Gliscor, F|100/100\n|switch|p2a: Walking Wake|Walking Wake|100/100\n|turn|1\n|\n|t:|1771250545\n|move|p1a: Gliscor|Protect|p1a: Gliscor\n|-singleturn|p1a: Gliscor|Protect\n|move|p2a: Walking Wake|Flip Turn|p1a: Gliscor\n|-activate|p1a: Gliscor|move: Protect\n|\n|-status|p1a: Gliscor|tox|[from] item: Toxic Orb\n|upkeep\n|turn|2\n|\n|t:|1771250550\n|move|p2a: Walking Wake|Flip Turn|p1a: Gliscor\n|-supereffective|p1a: Gliscor\n|-damage|p1a: Gliscor|79/100 tox\n|\n|t:|1771250552\n|-end|p2a: Walking Wake|Protosynthesis|[silent]\n|switch|p2a: Corviknight|Corviknight, F|100/100|[from] Flip Turn\n|-ability|p2a: Corviknight|Pressure\n|move|p1a: Gliscor|Toxic|p2a: Corviknight\n|-immune|p2a: Corviknight\n|\n|-heal|p1a: Gliscor|92/100 tox|[from] ability: Poison Heal\n|upkeep\n|turn|3\n|\n|t:|1771250557\n|move|p1a: Gliscor|Stealth Rock|p2a: Corviknight\n|-sidestart|p2: Jackesh-7T2|move: Stealth Rock\n|move|p2a: Corviknight|Bulk Up|p2a: Corviknight\n|-boost|p2a: Corviknight|atk|1\n|-boost|p2a: Corviknight|def|1\n|\n|-heal|p1a: Gliscor|100/100 tox|[from] ability: Poison Heal\n|upkeep\n|turn|4\n|\n|t:|1771250562\n|move|p1a: Gliscor|Knock Off|p2a: Corviknight\n|-damage|p2a: Corviknight|88/100\n|-enditem|p2a: Corviknight|Heavy-Duty Boots|[from] move: Knock Off|[of] p1a: Gliscor\n|move|p2a: Corviknight|Brave Bird|p1a: Gliscor\n|-damage|p1a: Gliscor|67/100 tox\n|-damage|p2a: Corviknight|78/100|[from] Recoil\n|\n|-heal|p1a: Gliscor|79/100 tox|[from] ability: Poison Heal\n|upkeep\n|turn|5\n|\n|t:|1771250572\n|move|p1a: Gliscor|Protect|p1a: Gliscor\n|-singleturn|p1a: Gliscor|Protect\n|move|p2a: Corviknight|Defog|p1a: Gliscor\n|-activate|p1a: Gliscor|move: Protect\n|\n|-heal|p1a: Gliscor|92/100 tox|[from] ability: Poison Heal\n|upkeep\n|turn|6\n|\n|t:|1771250579\n|switch|p1a: Corviknight|Corviknight, F, shiny|100/100\n|-ability|p1a: Corviknight|Pressure\n|move|p2a: Corviknight|Brave Bird|p1a: Corviknight\n|-resisted|p1a: Corviknight\n|-damage|p1a: Corviknight|77/100\n|-damage|p2a: Corviknight|70/100|[from] Recoil\n|\n|-heal|p1a: Corviknight|83/100|[from] item: Leftovers\n|upkeep\n|turn|7\n|\n|t:|1771250585\n|move|p1a: Corviknight|Protect|p1a: Corviknight\n|-singleturn|p1a: Corviknight|Protect\n|move|p2a: Corviknight|Defog|p1a: Corviknight\n|-activate|p1a: Corviknight|move: Protect\n|\n|-heal|p1a: Corviknight|89/100|[from] item: Leftovers\n|upkeep\n|turn|8\n|\n|t:|1771250590\n|switch|p1a: Gliscor|Gliscor, F|92/100 tox\n|move|p2a: Corviknight|Defog|p1a: Gliscor\n|-unboost|p1a: Gliscor|evasion|1\n|-sideend|p2: Jackesh-7T2|Stealth Rock|[from] move: Defog|[of] p2a: Corviknight\n|\n|-heal|p1a: Gliscor|100/100 tox|[from] ability: Poison Heal\n|upkeep\n|turn|9\n|\n|t:|1771250597\n|switch|p2a: Kyurem|Kyurem|100/100\n|-ability|p2a: Kyurem|Pressure\n|move|p1a: Gliscor|Stealth Rock|p2a: Kyurem\n|-sidestart|p2: Jackesh-7T2|move: Stealth Rock\n|\n|upkeep\n|turn|10\n|\n|t:|1771250600\n|move|p1a: Gliscor|Protect|p1a: Gliscor\n|-singleturn|p1a: Gliscor|Protect\n|move|p2a: Kyurem|Ice Beam|p1a: Gliscor\n|-activate|p1a: Gliscor|move: Protect\n|\n|upkeep\n|turn|11\n|j| le saintdoux\n|\n|t:|1771250609\n|switch|p1a: Flesh Tutu|Blissey, F, shiny|100/100\n|move|p2a: Kyurem|Ice Beam|p1a: Flesh Tutu\n|-damage|p1a: Flesh Tutu|87/100\n|\n|upkeep\n|turn|12\n|\n|t:|1771250619\n|switch|p1a: Corviknight|Corviknight, F, shiny|89/100\n|-ability|p1a: Corviknight|Pressure\n|-terastallize|p2a: Kyurem|Fighting\n|move|p2a: Kyurem|Focus Blast|p1a: Corviknight\n|-damage|p1a: Corviknight|43/100\n|\n|-heal|p1a: Corviknight|49/100|[from] item: Leftovers\n|upkeep\n|turn|13\n|\n|t:|1771250628\n|move|p1a: Corviknight|Protect|p1a: Corviknight\n|-singleturn|p1a: Corviknight|Protect\n|move|p2a: Kyurem|Ice Beam|p1a: Corviknight\n|-activate|p1a: Corviknight|move: Protect\n|\n|-heal|p1a: Corviknight|55/100|[from] item: Leftovers\n|upkeep\n|turn|14\n|\n|t:|1771250632\n|move|p2a: Kyurem|Ice Beam|p1a: Corviknight\n|-damage|p1a: Corviknight|22/100\n|move|p1a: Corviknight|Roost|p1a: Corviknight\n|-heal|p1a: Corviknight|72/100\n|-singleturn|p1a: Corviknight|move: Roost\n|\n|-heal|p1a: Corviknight|78/100|[from] item: Leftovers\n|upkeep\n|turn|15\n|\n|t:|1771250637\n|switch|p2a: Corviknight|Corviknight, F|70/100\n|-damage|p2a: Corviknight|58/100|[from] Stealth Rock\n|-ability|p2a: Corviknight|Pressure\n|move|p1a: Corviknight|Protect||[still]\n|-fail|p1a: Corviknight\n|\n|-heal|p1a: Corviknight|84/100|[from] item: Leftovers\n|upkeep\n|turn|16\n|\n|t:|1771250641\n|switch|p1a: Gliscor|Gliscor, F|100/100 tox\n|move|p2a: Corviknight|Roost|p2a: Corviknight\n|-heal|p2a: Corviknight|100/100\n|-singleturn|p2a: Corviknight|move: Roost\n|\n|upkeep\n|turn|17\n|\n|t:|1771250644\n|switch|p1a: Corviknight|Corviknight, F, shiny|84/100\n|-ability|p1a: Corviknight|Pressure\n|move|p2a: Corviknight|Defog|p1a: Corviknight\n|-unboost|p1a: Corviknight|evasion|1\n|-sideend|p2: Jackesh-7T2|Stealth Rock|[from] move: Defog|[of] p2a: Corviknight\n|\n|-heal|p1a: Corviknight|90/100|[from] item: Leftovers\n|upkeep\n|turn|18\n|\n|t:|1771250650\n|switch|p1a: Gliscor|Gliscor, F|100/100 tox\n|switch|p2a: Torkoal|Torkoal, F|100/100\n|-weather|SunnyDay|[from] ability: Drought|[of] p2a: Torkoal\n|\n|-weather|SunnyDay|[upkeep]\n|upkeep\n|turn|19\n|\n|t:|1771250653\n|switch|p2a: Corviknight|Corviknight, F|100/100\n|-ability|p2a: Corviknight|Pressure\n|move|p1a: Gliscor|Toxic|p2a: Corviknight\n|-immune|p2a: Corviknight\n|\n|-weather|SunnyDay|[upkeep]\n|upkeep\n|turn|20\n|\n|t:|1771250673\n|move|p1a: Gliscor|Stealth Rock|p2a: Corviknight\n|-sidestart|p2: Jackesh-7T2|move: Stealth Rock\n|move|p2a: Corviknight|Bulk Up|p2a: Corviknight\n|-boost|p2a: Corviknight|atk|1\n|-boost|p2a: Corviknight|def|1\n|\n|-weather|SunnyDay|[upkeep]\n|upkeep\n|turn|21\n|\n|t:|1771250679\n|switch|p1a: Corviknight|Corviknight, F, shiny|90/100\n|-ability|p1a: Corviknight|Pressure\n|move|p2a: Corviknight|Defog|p1a: Corviknight\n|-unboost|p1a: Corviknight|evasion|1\n|-sideend|p2: Jackesh-7T2|Stealth Rock|[from] move: Defog|[of] p2a: Corviknight\n|\n|-weather|SunnyDay|[upkeep]\n|-heal|p1a: Corviknight|96/100|[from] item: Leftovers\n|upkeep\n|turn|22\n|\n|t:|1771250685\n|switch|p1a: Gliscor|Gliscor, F|100/100 tox\n|switch|p2a: Kyurem|Kyurem, tera:Fighting|100/100\n|-ability|p2a: Kyurem|Pressure\n|\n|-weather|SunnyDay|[upkeep]\n|upkeep\n|turn|23\n|\n|t:|1771250697\n|move|p1a: Gliscor|Protect|p1a: Gliscor\n|-singleturn|p1a: Gliscor|Protect\n|move|p2a: Kyurem|Ice Beam|p1a: Gliscor\n|-activate|p1a: Gliscor|move: Protect\n|\n|-weather|SunnyDay|[upkeep]\n|upkeep\n|turn|24\n|\n|t:|1771250704\n|switch|p1a: Corviknight|Corviknight, F, shiny|96/100\n|-ability|p1a: Corviknight|Pressure\n|move|p2a: Kyurem|Ice Beam|p1a: Corviknight\n|-damage|p1a: Corviknight|60/100\n|\n|-weather|SunnyDay|[upkeep]\n|-heal|p1a: Corviknight|66/100|[from] item: Leftovers\n|upkeep\n|turn|25\n|\n|t:|1771250718\n|move|p1a: Corviknight|Protect|p1a: Corviknight\n|-singleturn|p1a: Corviknight|Protect\n|move|p2a: Kyurem|Freeze-Dry|p1a: Corviknight\n|-activate|p1a: Corviknight|move: Protect\n|\n|-weather|none\n|-heal|p1a: Corviknight|72/100|[from] item: Leftovers\n|upkeep\n|turn|26\n|\n|t:|1771250721\n|switch|p2a: Torkoal|Torkoal, F|100/100\n|-weather|SunnyDay|[from] ability: Drought|[of] p2a: Torkoal\n|move|p1a: Corviknight|Roost|p1a: Corviknight\n|-heal|p1a: Corviknight|100/100\n|-singleturn|p1a: Corviknight|move: Roost\n|\n|-weather|SunnyDay|[upkeep]\n|upkeep\n|turn|27\n|\n|t:|1771250728\n|switch|p1a: Gliscor|Gliscor, F|100/100 tox\n|switch|p2a: Kyurem|Kyurem, tera:Fighting|100/100\n|-ability|p2a: Kyurem|Pressure\n|\n|-weather|SunnyDay|[upkeep]\n|upkeep\n|turn|28\n|\n|t:|1771250735\n|switch|p1a: Flesh Tutu|Blissey, F, shiny|87/100\n|move|p2a: Kyurem|Freeze-Dry|p1a: Flesh Tutu\n|-damage|p1a: Flesh Tutu|77/100\n|\n|-weather|SunnyDay|[upkeep]\n|upkeep\n|turn|29\n|\n|t:|1771250745\n|move|p2a: Kyurem|Focus Blast|p1a: Flesh Tutu\n|-supereffective|p1a: Flesh Tutu\n|-damage|p1a: Flesh Tutu|34/100\n|move|p1a: Flesh Tutu|Soft-Boiled|p1a: Flesh Tutu\n|-heal|p1a: Flesh Tutu|84/100\n|\n|-weather|SunnyDay|[upkeep]\n|upkeep\n|turn|30\n|\n|t:|1771250752\n|switch|p1a: Corviknight|Corviknight, F, shiny|100/100\n|-ability|p1a: Corviknight|Pressure\n|move|p2a: Kyurem|Freeze-Dry|p1a: Corviknight\n|-damage|p1a: Corviknight|73/100\n|\n|-weather|SunnyDay|[upkeep]\n|-heal|p1a: Corviknight|79/100|[from] item: Leftovers\n|upkeep\n|turn|31\n|\n|t:|1771250760\n|switch|p2a: Raging Bolt|Raging Bolt|100/100\n|-activate|p2a: Raging Bolt|ability: Protosynthesis\n|-start|p2a: Raging Bolt|protosynthesisspa\n|move|p1a: Corviknight|Protect||[still]\n|-fail|p1a: Corviknight\n|\n|-weather|SunnyDay|[upkeep]\n|-heal|p1a: Corviknight|85/100|[from] item: Leftovers\n|upkeep\n|turn|32\n|\n|t:|1771250765\n|move|p1a: Corviknight|Protect|p1a: Corviknight\n|-singleturn|p1a: Corviknight|Protect\n|move|p2a: Raging Bolt|Volt Switch|p1a: Corviknight\n|-activate|p1a: Corviknight|move: Protect\n|\n|-weather|SunnyDay|[upkeep]\n|-heal|p1a: Corviknight|91/100|[from] item: Leftovers\n|upkeep\n|turn|33\n|j| Cabalgasapos\n|\n|t:|1771250770\n|switch|p1a: Amoonguss|Amoonguss, F, shiny|100/100\n|move|p2a: Raging Bolt|Dragon Pulse|p1a: Amoonguss\n|-damage|p1a: Amoonguss|70/100\n|\n|-weather|none\n|-end|p2a: Raging Bolt|Protosynthesis\n|upkeep\n|turn|34\n|l| Cabalgasapos\n|\n|t:|1771250783\n|move|p2a: Raging Bolt|Volt Switch|p1a: Amoonguss\n|-resisted|p1a: Amoonguss\n|-damage|p1a: Amoonguss|61/100\n|\n|t:|1771250784\n|-end|p2a: Raging Bolt|Protosynthesis|[silent]\n|switch|p2a: Torkoal|Torkoal, F|100/100|[from] Volt Switch\n|-weather|SunnyDay|[from] ability: Drought|[of] p2a: Torkoal\n|move|p1a: Amoonguss|Stomping Tantrum|p2a: Torkoal\n|-supereffective|p2a: Torkoal\n|-damage|p2a: Torkoal|77/100\n|\n|-weather|SunnyDay|[upkeep]\n|upkeep\n|turn|35\n|\n|t:|1771250792\n|switch|p1a: Gliscor|Gliscor, F|100/100 tox\n|move|p2a: Torkoal|Stealth Rock|p1a: Gliscor\n|-sidestart|p1: zarross|move: Stealth Rock\n|\n|-weather|SunnyDay|[upkeep]\n|upkeep\n|turn|36\n|\n|t:|1771250797\n|switch|p2a: Kyurem|Kyurem, tera:Fighting|100/100\n|-ability|p2a: Kyurem|Pressure\n|move|p1a: Gliscor|Toxic|p2a: Kyurem\n|-status|p2a: Kyurem|tox\n|\n|-weather|SunnyDay|[upkeep]\n|-damage|p2a: Kyurem|94/100 tox|[from] psn\n|upkeep\n|turn|37\n|\n|t:|1771250804\n|switch|p2a: Walking Wake|Walking Wake|100/100\n|-activate|p2a: Walking Wake|ability: Protosynthesis\n|-start|p2a: Walking Wake|protosynthesisspa\n|move|p1a: Gliscor|Protect||[still]\n|-fail|p1a: Gliscor\n|\n|-weather|SunnyDay|[upkeep]\n|upkeep\n|turn|38\n|\n|t:|1771250809\n|move|p1a: Gliscor|Protect|p1a: Gliscor\n|-singleturn|p1a: Gliscor|Protect\n|move|p2a: Walking Wake|Hydro Steam|p1a: Gliscor\n|-activate|p1a: Gliscor|move: Protect\n|\n|-weather|SunnyDay|[upkeep]\n|upkeep\n|turn|39\n|\n|t:|1771250812\n|-end|p2a: Walking Wake|Protosynthesis|[silent]\n|switch|p2a: Raging Bolt|Raging Bolt|100/100\n|-activate|p2a: Raging Bolt|ability: Protosynthesis\n|-start|p2a: Raging Bolt|protosynthesisspa\n|switch|p1a: Amoonguss|Amoonguss, F, shiny|94/100\n|-damage|p1a: Amoonguss|82/100|[from] Stealth Rock\n|\n|-weather|SunnyDay|[upkeep]\n|upkeep\n|turn|40\n|\n|t:|1771250819\n|move|p2a: Raging Bolt|Weather Ball|p1a: Amoonguss\n|-supereffective|p1a: Amoonguss\n|-damage|p1a: Amoonguss|10/100\n|move|p1a: Amoonguss|Stomping Tantrum|p2a: Raging Bolt\n|-supereffective|p2a: Raging Bolt\n|-crit|p2a: Raging Bolt\n|-damage|p2a: Raging Bolt|64/100\n|\n|-weather|SunnyDay|[upkeep]\n|upkeep\n|turn|41\n|j| FaronAan\n|\n|t:|1771250839\n|switch|p1a: Flesh Tutu|Blissey, F, shiny|84/100\n|move|p2a: Raging Bolt|Volt Switch|p1a: Flesh Tutu\n|-damage|p1a: Flesh Tutu|68/100\n|\n|t:|1771250847\n|-end|p2a: Raging Bolt|Protosynthesis|[silent]\n|switch|p2a: Ting-Lu|Ting-Lu|100/100|[from] Volt Switch\n|-ability|p2a: Ting-Lu|Vessel of Ruin\n|\n|-weather|none\n|upkeep\n|turn|42\n|\n|t:|1771250850\n|switch|p1a: Gliscor|Gliscor, F|100/100 tox\n|-damage|p1a: Gliscor|88/100 tox|[from] Stealth Rock\n|move|p2a: Ting-Lu|Throat Chop|p1a: Gliscor\n|-damage|p1a: Gliscor|54/100 tox\n|-start|p1a: Gliscor|Throat Chop|[silent]\n|\n|-heal|p1a: Gliscor|67/100 tox|[from] ability: Poison Heal\n|upkeep\n|turn|43\n|\n|t:|1771250857\n|switch|p2a: Corviknight|Corviknight, F|100/100\n|-ability|p2a: Corviknight|Pressure\n|move|p1a: Gliscor|Toxic|p2a: Corviknight\n|-immune|p2a: Corviknight\n|\n|-heal|p1a: Gliscor|79/100 tox|[from] ability: Poison Heal\n|-end|p1a: Gliscor|Throat Chop|[silent]\n|upkeep\n|turn|44\n|\n|t:|1771250865\n|switch|p2a: Torkoal|Torkoal, F|77/100\n|-weather|SunnyDay|[from] ability: Drought|[of] p2a: Torkoal\n|move|p1a: Gliscor|Stealth Rock|p2a: Torkoal\n|-sidestart|p2: Jackesh-7T2|move: Stealth Rock\n|\n|-weather|SunnyDay|[upkeep]\n|-heal|p1a: Gliscor|92/100 tox|[from] ability: Poison Heal\n|upkeep\n|turn|45\n|l| FaronAan\n|\n|t:|1771250873\n|switch|p2a: Corviknight|Corviknight, F|100/100\n|-damage|p2a: Corviknight|88/100|[from] Stealth Rock\n|-ability|p2a: Corviknight|Pressure\n|move|p1a: Gliscor|Toxic|p2a: Corviknight\n|-immune|p2a: Corviknight\n|\n|-weather|SunnyDay|[upkeep]\n|-heal|p1a: Gliscor|100/100 tox|[from] ability: Poison Heal\n|upkeep\n|turn|46\n|\n|t:|1771250881\n|move|p1a: Gliscor|Stealth Rock||[still]\n|-fail|p1a: Gliscor\n|move|p2a: Corviknight|Bulk Up|p2a: Corviknight\n|-boost|p2a: Corviknight|atk|1\n|-boost|p2a: Corviknight|def|1\n|\n|-weather|SunnyDay|[upkeep]\n|upkeep\n|turn|47\n|\n|t:|1771250887\n|switch|p1a: Corviknight|Corviknight, F, shiny|91/100\n|-damage|p1a: Corviknight|79/100|[from] Stealth Rock\n|-ability|p1a: Corviknight|Pressure\n|switch|p2a: Raging Bolt|Raging Bolt|64/100\n|-damage|p2a: Raging Bolt|52/100|[from] Stealth Rock\n|-activate|p2a: Raging Bolt|ability: Protosynthesis\n|-start|p2a: Raging Bolt|protosynthesisspa\n|\n|-weather|SunnyDay|[upkeep]\n|-heal|p1a: Corviknight|85/100|[from] item: Leftovers\n|upkeep\n|turn|48\n|\n|t:|1771250891\n|move|p1a: Corviknight|Protect|p1a: Corviknight\n|-singleturn|p1a: Corviknight|Protect\n|move|p2a: Raging Bolt|Weather Ball|p1a: Corviknight\n|-activate|p1a: Corviknight|move: Protect\n|\n|-weather|SunnyDay|[upkeep]\n|-heal|p1a: Corviknight|91/100|[from] item: Leftovers\n|upkeep\n|turn|49\n|\n|t:|1771250905\n|switch|p1a: Flesh Tutu|Blissey, F, shiny|68/100\n|move|p2a: Raging Bolt|Volt Switch|p1a: Flesh Tutu\n|-crit|p1a: Flesh Tutu\n|-damage|p1a: Flesh Tutu|42/100\n|inactive|Jackesh-7T2 has 120 seconds left.\n|\n|t:|1771250950\n|-end|p2a: Raging Bolt|Protosynthesis|[silent]\n|switch|p2a: Ting-Lu|Ting-Lu|100/100|[from] Volt Switch\n|-damage|p2a: Ting-Lu|94/100|[from] Stealth Rock\n|-ability|p2a: Ting-Lu|Vessel of Ruin\n|\n|-weather|SunnyDay|[upkeep]\n|upkeep\n|turn|50\n|\n|t:|1771250960\n|switch|p1a: Gliscor|Gliscor, F|100/100 tox\n|-damage|p1a: Gliscor|88/100 tox|[from] Stealth Rock\n|switch|p2a: Walking Wake|Walking Wake|100/100\n|-damage|p2a: Walking Wake|88/100|[from] Stealth Rock\n|-activate|p2a: Walking Wake|ability: Protosynthesis\n|-start|p2a: Walking Wake|protosynthesisspa\n|\n|-weather|SunnyDay|[upkeep]\n|-heal|p1a: Gliscor|100/100 tox|[from] ability: Poison Heal\n|upkeep\n|turn|51\n|j| PCCWVictorMa\n|\n|t:|1771250963\n|move|p1a: Gliscor|Protect|p1a: Gliscor\n|-singleturn|p1a: Gliscor|Protect\n|move|p2a: Walking Wake|Hydro Steam|p1a: Gliscor\n|-activate|p1a: Gliscor|move: Protect\n|\n|-weather|none\n|-end|p2a: Walking Wake|Protosynthesis\n|upkeep\n|turn|52\n|\n|t:|1771250969\n|-end|p2a: Walking Wake|Protosynthesis|[silent]\n|switch|p2a: Corviknight|Corviknight, F|88/100\n|-damage|p2a: Corviknight|76/100|[from] Stealth Rock\n|-ability|p2a: Corviknight|Pressure\n|switch|p1a: Amoonguss|Amoonguss, F, shiny|43/100\n|-damage|p1a: Amoonguss|31/100|[from] Stealth Rock\n|\n|upkeep\n|turn|53\n|\n|t:|1771250974\n|switch|p1a: Corviknight|Corviknight, F, shiny|91/100\n|-damage|p1a: Corviknight|79/100|[from] Stealth Rock\n|-ability|p1a: Corviknight|Pressure\n|move|p2a: Corviknight|Brave Bird|p1a: Corviknight\n|-resisted|p1a: Corviknight\n|-damage|p1a: Corviknight|63/100\n|-damage|p2a: Corviknight|71/100|[from] Recoil\n|\n|-heal|p1a: Corviknight|69/100|[from] item: Leftovers\n|upkeep\n|turn|54\n|\n|t:|1771250980\n|move|p2a: Corviknight|Bulk Up|p2a: Corviknight\n|-boost|p2a: Corviknight|atk|1\n|-boost|p2a: Corviknight|def|1\n|move|p1a: Corviknight|Roost|p1a: Corviknight\n|-heal|p1a: Corviknight|100/100\n|-singleturn|p1a: Corviknight|move: Roost\n|\n|upkeep\n|turn|55\n|\n|t:|1771250983\n|switch|p1a: Gliscor|Gliscor, F|100/100 tox\n|-damage|p1a: Gliscor|88/100 tox|[from] Stealth Rock\n|move|p2a: Corviknight|Bulk Up|p2a: Corviknight\n|-boost|p2a: Corviknight|atk|1\n|-boost|p2a: Corviknight|def|1\n|\n|-heal|p1a: Gliscor|100/100 tox|[from] ability: Poison Heal\n|upkeep\n|turn|56\n|\n|t:|1771250987\n|move|p1a: Gliscor|Knock Off|p2a: Corviknight\n|-damage|p2a: Corviknight|65/100\n|move|p2a: Corviknight|Bulk Up|p2a: Corviknight\n|-boost|p2a: Corviknight|atk|1\n|-boost|p2a: Corviknight|def|1\n|\n|upkeep\n|turn|57\n|\n|t:|1771250990\n|switch|p1a: Corviknight|Corviknight, F, shiny|100/100\n|-damage|p1a: Corviknight|88/100|[from] Stealth Rock\n|-ability|p1a: Corviknight|Pressure\n|move|p2a: Corviknight|Roost|p2a: Corviknight\n|-heal|p2a: Corviknight|100/100\n|-singleturn|p2a: Corviknight|move: Roost\n|\n|-heal|p1a: Corviknight|94/100|[from] item: Leftovers\n|upkeep\n|turn|58\n|\n|t:|1771250998\n|move|p1a: Corviknight|Protect|p1a: Corviknight\n|-singleturn|p1a: Corviknight|Protect\n|move|p2a: Corviknight|Bulk Up|p2a: Corviknight\n|-boost|p2a: Corviknight|atk|1\n|-boost|p2a: Corviknight|def|1\n|\n|-heal|p1a: Corviknight|99/100|[from] item: Leftovers\n|upkeep\n|turn|59\n|\n|t:|1771251002\n|switch|p1a: Dondozo|Dondozo, F|100/100\n|-damage|p1a: Dondozo|88/100|[from] Stealth Rock\n|move|p2a: Corviknight|Bulk Up|p2a: Corviknight\n|-boost|p2a: Corviknight|atk|1\n|-boost|p2a: Corviknight|def|1\n|\n|-heal|p1a: Dondozo|94/100|[from] item: Leftovers\n|upkeep\n|turn|60\n|\n|t:|1771251006\n|move|p2a: Corviknight|Brave Bird|p1a: Dondozo\n|-damage|p1a: Dondozo|79/100\n|-damage|p2a: Corviknight|94/100|[from] Recoil\n|move|p1a: Dondozo|Body Press|p2a: Corviknight\n|-damage|p2a: Corviknight|72/100\n|\n|-heal|p1a: Dondozo|85/100|[from] item: Leftovers\n|upkeep\n|turn|61\n|\n|t:|1771251012\n|switch|p2a: Torkoal|Torkoal, F|77/100\n|-damage|p2a: Torkoal|52/100|[from] Stealth Rock\n|-weather|SunnyDay|[from] ability: Drought|[of] p2a: Torkoal\n|switch|p1a: Gliscor|Gliscor, F|100/100 tox\n|-damage|p1a: Gliscor|88/100 tox|[from] Stealth Rock\n|\n|-weather|SunnyDay|[upkeep]\n|-heal|p1a: Gliscor|100/100 tox|[from] ability: Poison Heal\n|upkeep\n|turn|62\n|\n|t:|1771251017\n|switch|p2a: Corviknight|Corviknight, F|72/100\n|-damage|p2a: Corviknight|60/100|[from] Stealth Rock\n|-ability|p2a: Corviknight|Pressure\n|move|p1a: Gliscor|Knock Off|p2a: Corviknight\n|-damage|p2a: Corviknight|48/100\n|\n|-weather|SunnyDay|[upkeep]\n|upkeep\n|turn|63\n|\n|t:|1771251023\n|switch|p1a: Weezing|Weezing-Galar, F|100/100\n|-ability|p1a: Weezing|Neutralizing Gas\n|move|p2a: Corviknight|Roost|p2a: Corviknight\n|-heal|p2a: Corviknight|98/100\n|-singleturn|p2a: Corviknight|move: Roost\n|\n|-weather|SunnyDay|[upkeep]\n|upkeep\n|turn|64\n|\n|t:|1771251038\n|switch|p2a: Walking Wake|Walking Wake|88/100\n|-damage|p2a: Walking Wake|76/100|[from] Stealth Rock\n|move|p1a: Weezing|Will-O-Wisp|p2a: Walking Wake\n|-status|p2a: Walking Wake|brn\n|\n|-weather|SunnyDay|[upkeep]\n|-damage|p2a: Walking Wake|70/100 brn|[from] brn\n|upkeep\n|turn|65\n|\n|t:|1771251047\n|-end|p1a: Weezing|ability: Neutralizing Gas\n|-activate|p2a: Walking Wake|ability: Protosynthesis\n|-start|p2a: Walking Wake|protosynthesisspa\n|switch|p1a: Amoonguss|Amoonguss, F, shiny|64/100\n|-damage|p1a: Amoonguss|52/100|[from] Stealth Rock\n|move|p2a: Walking Wake|Hydro Steam|p1a: Amoonguss\n|-resisted|p1a: Amoonguss\n|-damage|p1a: Amoonguss|35/100\n|\n|-weather|SunnyDay|[upkeep]\n|-damage|p2a: Walking Wake|63/100 brn|[from] brn\n|upkeep\n|turn|66\n|\n|t:|1771251065\n|-end|p2a: Walking Wake|Protosynthesis|[silent]\n|switch|p2a: Raging Bolt|Raging Bolt|52/100\n|-damage|p2a: Raging Bolt|40/100|[from] Stealth Rock\n|-activate|p2a: Raging Bolt|ability: Protosynthesis\n|-start|p2a: Raging Bolt|protosynthesisspa\n|move|p1a: Amoonguss|Stomping Tantrum|p2a: Raging Bolt\n|-supereffective|p2a: Raging Bolt\n|-damage|p2a: Raging Bolt|15/100\n|\n|-weather|SunnyDay|[upkeep]\n|upkeep\n|turn|67\n|\n|t:|1771251075\n|switch|p1a: Flesh Tutu|Blissey, F, shiny|42/100\n|move|p2a: Raging Bolt|Weather Ball|p1a: Flesh Tutu\n|-damage|p1a: Flesh Tutu|21/100\n|\n|-weather|SunnyDay|[upkeep]\n|upkeep\n|turn|68\n|l| PCCWVictorMa\n|\n|t:|1771251092\n|switch|p1a: Weezing|Weezing-Galar, F|100/100\n|-ability|p1a: Weezing|Neutralizing Gas\n|move|p2a: Raging Bolt|Weather Ball|p1a: Weezing\n|-damage|p1a: Weezing|12/100\n|\n|-weather|none\n|upkeep\n|turn|69\n|\n|t:|1771251107\n|move|p2a: Raging Bolt|Weather Ball|p1a: Weezing\n|-damage|p1a: Weezing|0 fnt\n|faint|p1a: Weezing\n|-end|p1a: Weezing|ability: Neutralizing Gas\n|-end|p2a: Raging Bolt|Protosynthesis\n|\n|upkeep\n|\n|t:|1771251110\n|switch|p1a: Flesh Tutu|Blissey, F, shiny|21/100\n|turn|70\n|\n|t:|1771251114\n|move|p2a: Raging Bolt|Volt Switch|p1a: Flesh Tutu\n|-damage|p1a: Flesh Tutu|8/100\n|\n|t:|1771251116\n|-end|p2a: Raging Bolt|Protosynthesis|[silent]\n|switch|p2a: Torkoal|Torkoal, F|52/100|[from] Volt Switch\n|-damage|p2a: Torkoal|27/100|[from] Stealth Rock\n|-weather|SunnyDay|[from] ability: Drought|[of] p2a: Torkoal\n|move|p1a: Flesh Tutu|Soft-Boiled|p1a: Flesh Tutu\n|-heal|p1a: Flesh Tutu|58/100\n|\n|-weather|SunnyDay|[upkeep]\n|upkeep\n|turn|71\n|\n|t:|1771251119\n|move|p1a: Flesh Tutu|Soft-Boiled|p1a: Flesh Tutu\n|-heal|p1a: Flesh Tutu|100/100\n|move|p2a: Torkoal|Rapid Spin|p1a: Flesh Tutu\n|-damage|p1a: Flesh Tutu|89/100\n|-boost|p2a: Torkoal|spe|1\n|-sideend|p2: Jackesh-7T2|Stealth Rock|[from] move: Rapid Spin|[of] p2a: Torkoal\n|\n|-weather|SunnyDay|[upkeep]\n|upkeep\n|turn|72\n|\n|t:|1771251133\n|switch|p1a: Gliscor|Gliscor, F|100/100 tox\n|-damage|p1a: Gliscor|88/100 tox|[from] Stealth Rock\n|switch|p2a: Walking Wake|Walking Wake|63/100 brn\n|-activate|p2a: Walking Wake|ability: Protosynthesis\n|-start|p2a: Walking Wake|protosynthesisspa\n|\n|-weather|SunnyDay|[upkeep]\n|-heal|p1a: Gliscor|100/100 tox|[from] ability: Poison Heal\n|-damage|p2a: Walking Wake|57/100 brn|[from] brn\n|upkeep\n|turn|73\n|\n|t:|1771251137\n|move|p1a: Gliscor|Protect|p1a: Gliscor\n|-singleturn|p1a: Gliscor|Protect\n|move|p2a: Walking Wake|Hydro Steam|p1a: Gliscor\n|-activate|p1a: Gliscor|move: Protect\n|\n|-weather|SunnyDay|[upkeep]\n|-damage|p2a: Walking Wake|51/100 brn|[from] brn\n|upkeep\n|turn|74\n|\n|t:|1771251140\n|-end|p2a: Walking Wake|Protosynthesis|[silent]\n|switch|p2a: Kyurem|Kyurem, tera:Fighting|94/100 tox\n|-ability|p2a: Kyurem|Pressure\n|switch|p1a: Amoonguss|Amoonguss, F, shiny|68/100\n|-damage|p1a: Amoonguss|55/100|[from] Stealth Rock\n|\n|-weather|SunnyDay|[upkeep]\n|-damage|p2a: Kyurem|88/100 tox|[from] psn\n|upkeep\n|turn|75\n|\n|t:|1771251156\n|switch|p1a: Flesh Tutu|Blissey, F, shiny|89/100\n|move|p2a: Kyurem|Ice Beam|p1a: Flesh Tutu\n|-damage|p1a: Flesh Tutu|76/100\n|\n|-weather|SunnyDay|[upkeep]\n|-damage|p2a: Kyurem|76/100 tox|[from] psn\n|upkeep\n|turn|76\n|\n|t:|1771251161\n|move|p2a: Kyurem|Focus Blast|p1a: Flesh Tutu|[miss]\n|-miss|p2a: Kyurem|p1a: Flesh Tutu\n|move|p1a: Flesh Tutu|Soft-Boiled|p1a: Flesh Tutu\n|-heal|p1a: Flesh Tutu|100/100\n|\n|-weather|SunnyDay|[upkeep]\n|-damage|p2a: Kyurem|58/100 tox|[from] psn\n|upkeep\n|turn|77\n|\n|t:|1771251166\n|switch|p2a: Raging Bolt|Raging Bolt|15/100\n|-activate|p2a: Raging Bolt|ability: Protosynthesis\n|-start|p2a: Raging Bolt|protosynthesisspa\n|move|p1a: Flesh Tutu|Soft-Boiled||[still]\n|-fail|p1a: Flesh Tutu|heal\n|\n|-weather|none\n|-end|p2a: Raging Bolt|Protosynthesis\n|upkeep\n|turn|78\n|\n|t:|1771251172\n|-end|p2a: Raging Bolt|Protosynthesis|[silent]\n|switch|p2a: Kyurem|Kyurem, tera:Fighting|58/100 tox\n|-ability|p2a: Kyurem|Pressure\n|move|p1a: Flesh Tutu|Seismic Toss|p2a: Kyurem\n|-damage|p2a: Kyurem|32/100 tox\n|\n|-damage|p2a: Kyurem|26/100 tox|[from] psn\n|upkeep\n|turn|79\n|\n|t:|1771251178\n|move|p2a: Kyurem|Focus Blast|p1a: Flesh Tutu\n|-supereffective|p1a: Flesh Tutu\n|-damage|p1a: Flesh Tutu|59/100\n|move|p1a: Flesh Tutu|Calm Mind|p1a: Flesh Tutu\n|-boost|p1a: Flesh Tutu|spa|1\n|-boost|p1a: Flesh Tutu|spd|1\n|\n|-damage|p2a: Kyurem|14/100 tox|[from] psn\n|upkeep\n|turn|80\n|\n|t:|1771251182\n|switch|p2a: Ting-Lu|Ting-Lu|94/100\n|-ability|p2a: Ting-Lu|Vessel of Ruin\n|move|p1a: Flesh Tutu|Soft-Boiled|p1a: Flesh Tutu\n|-heal|p1a: Flesh Tutu|100/100\n|\n|upkeep\n|turn|81\n|\n|t:|1771251194\n|switch|p1a: Gliscor|Gliscor, F|100/100 tox\n|-damage|p1a: Gliscor|88/100 tox|[from] Stealth Rock\n|move|p2a: Ting-Lu|Throat Chop|p1a: Gliscor\n|-damage|p1a: Gliscor|53/100 tox\n|-start|p1a: Gliscor|Throat Chop|[silent]\n|\n|-heal|p1a: Gliscor|66/100 tox|[from] ability: Poison Heal\n|upkeep\n|turn|82\n|\n|t:|1771251209\n|switch|p2a: Corviknight|Corviknight, F|98/100\n|-ability|p2a: Corviknight|Pressure\n|move|p1a: Gliscor|Stealth Rock|p2a: Corviknight\n|-sidestart|p2: Jackesh-7T2|move: Stealth Rock\n|\n|-heal|p1a: Gliscor|78/100 tox|[from] ability: Poison Heal\n|-end|p1a: Gliscor|Throat Chop|[silent]\n|upkeep\n|turn|83\n|\n|t:|1771251214\n|move|p1a: Gliscor|Knock Off|p2a: Corviknight\n|-damage|p2a: Corviknight|85/100\n|move|p2a: Corviknight|Bulk Up|p2a: Corviknight\n|-boost|p2a: Corviknight|atk|1\n|-boost|p2a: Corviknight|def|1\n|\n|-heal|p1a: Gliscor|91/100 tox|[from] ability: Poison Heal\n|upkeep\n|turn|84\n|\n|t:|1771251218\n|switch|p1a: Corviknight|Corviknight, F, shiny|99/100\n|-damage|p1a: Corviknight|88/100|[from] Stealth Rock\n|-ability|p1a: Corviknight|Pressure\n|move|p2a: Corviknight|Bulk Up|p2a: Corviknight\n|-boost|p2a: Corviknight|atk|1\n|-boost|p2a: Corviknight|def|1\n|\n|-heal|p1a: Corviknight|94/100|[from] item: Leftovers\n|upkeep\n|turn|85\n|\n|t:|1771251224\n|move|p1a: Corviknight|Defog|p2a: Corviknight\n|-unboost|p2a: Corviknight|evasion|1\n|-sideend|p2: Jackesh-7T2|Stealth Rock|[from] move: Defog|[of] p1a: Corviknight\n|-sideend|p1: zarross|Stealth Rock|[from] move: Defog|[of] p1a: Corviknight\n|move|p2a: Corviknight|Brave Bird|p1a: Corviknight\n|-resisted|p1a: Corviknight\n|-damage|p1a: Corviknight|63/100\n|-damage|p2a: Corviknight|75/100|[from] Recoil\n|\n|-heal|p1a: Corviknight|69/100|[from] item: Leftovers\n|upkeep\n|turn|86\n|\n|t:|1771251228\n|switch|p1a: Gliscor|Gliscor, F|91/100 tox\n|move|p2a: Corviknight|Brave Bird|p1a: Gliscor\n|-damage|p1a: Gliscor|45/100 tox\n|-damage|p2a: Corviknight|61/100|[from] Recoil\n|\n|-heal|p1a: Gliscor|57/100 tox|[from] ability: Poison Heal\n|upkeep\n|turn|87\n|\n|t:|1771251231\n|move|p1a: Gliscor|Stealth Rock|p2a: Corviknight\n|-sidestart|p2: Jackesh-7T2|move: Stealth Rock\n|move|p2a: Corviknight|Bulk Up|p2a: Corviknight\n|-boost|p2a: Corviknight|atk|1\n|-boost|p2a: Corviknight|def|1\n|\n|-heal|p1a: Gliscor|70/100 tox|[from] ability: Poison Heal\n|upkeep\n|turn|88\n|\n|t:|1771251235\n|move|p1a: Gliscor|Protect|p1a: Gliscor\n|-singleturn|p1a: Gliscor|Protect\n|move|p2a: Corviknight|Defog|p1a: Gliscor\n|-activate|p1a: Gliscor|move: Protect\n|\n|-heal|p1a: Gliscor|82/100 tox|[from] ability: Poison Heal\n|upkeep\n|turn|89\n|\n|t:|1771251238\n|switch|p1a: Corviknight|Corviknight, F, shiny|69/100\n|-ability|p1a: Corviknight|Pressure\n|move|p2a: Corviknight|Defog|p1a: Corviknight\n|-unboost|p1a: Corviknight|evasion|1\n|-sideend|p2: Jackesh-7T2|Stealth Rock|[from] move: Defog|[of] p2a: Corviknight\n|\n|-heal|p1a: Corviknight|75/100|[from] item: Leftovers\n|upkeep\n|turn|90\n|\n|t:|1771251248\n|switch|p1a: Dondozo|Dondozo, F|85/100\n|move|p2a: Corviknight|Roost|p2a: Corviknight\n|-heal|p2a: Corviknight|100/100\n|-singleturn|p2a: Corviknight|move: Roost\n|\n|-heal|p1a: Dondozo|91/100|[from] item: Leftovers\n|upkeep\n|turn|91\n|\n|t:|1771251274\n|switch|p2a: Torkoal|Torkoal, F|27/100\n|-weather|SunnyDay|[from] ability: Drought|[of] p2a: Torkoal\n|switch|p1a: Gliscor|Gliscor, F|82/100 tox\n|\n|-weather|SunnyDay|[upkeep]\n|-heal|p1a: Gliscor|95/100 tox|[from] ability: Poison Heal\n|upkeep\n|turn|92\n|\n|t:|1771251278\n|switch|p2a: Corviknight|Corviknight, F|100/100\n|-ability|p2a: Corviknight|Pressure\n|move|p1a: Gliscor|Stealth Rock|p2a: Corviknight\n|-sidestart|p2: Jackesh-7T2|move: Stealth Rock\n|\n|-weather|SunnyDay|[upkeep]\n|-heal|p1a: Gliscor|100/100 tox|[from] ability: Poison Heal\n|upkeep\n|turn|93\n|\n|t:|1771251282\n|switch|p1a: Corviknight|Corviknight, F, shiny|75/100\n|-ability|p1a: Corviknight|Pressure\n|move|p2a: Corviknight|Bulk Up|p2a: Corviknight\n|-boost|p2a: Corviknight|atk|1\n|-boost|p2a: Corviknight|def|1\n|\n|-weather|SunnyDay|[upkeep]\n|-heal|p1a: Corviknight|81/100|[from] item: Leftovers\n|upkeep\n|turn|94\n|\n|t:|1771251285\n|switch|p1a: Gliscor|Gliscor, F|100/100 tox\n|move|p2a: Corviknight|Bulk Up|p2a: Corviknight\n|-boost|p2a: Corviknight|atk|1\n|-boost|p2a: Corviknight|def|1\n|\n|-weather|SunnyDay|[upkeep]\n|upkeep\n|turn|95\n|\n|t:|1771251288\n|switch|p1a: Corviknight|Corviknight, F, shiny|81/100\n|-ability|p1a: Corviknight|Pressure\n|move|p2a: Corviknight|Defog|p1a: Corviknight\n|-unboost|p1a: Corviknight|evasion|1\n|-sideend|p2: Jackesh-7T2|Stealth Rock|[from] move: Defog|[of] p2a: Corviknight\n|\n|-weather|SunnyDay|[upkeep]\n|-heal|p1a: Corviknight|87/100|[from] item: Leftovers\n|upkeep\n|turn|96\n|\n|t:|1771251294\n|switch|p1a: Gliscor|Gliscor, F|100/100 tox\n|switch|p2a: Kyurem|Kyurem, tera:Fighting|14/100 tox\n|-ability|p2a: Kyurem|Pressure\n|\n|-weather|SunnyDay|[upkeep]\n|-damage|p2a: Kyurem|7/100 tox|[from] psn\n|upkeep\n|turn|97\n|\n|t:|1771251300\n|switch|p2a: Walking Wake|Walking Wake|51/100 brn\n|-activate|p2a: Walking Wake|ability: Protosynthesis\n|-start|p2a: Walking Wake|protosynthesisspa\n|move|p1a: Gliscor|Protect||[still]\n|-fail|p1a: Gliscor\n|\n|-weather|SunnyDay|[upkeep]\n|-damage|p2a: Walking Wake|45/100 brn|[from] brn\n|upkeep\n|turn|98\n|\n|t:|1771251304\n|move|p1a: Gliscor|Protect|p1a: Gliscor\n|-singleturn|p1a: Gliscor|Protect\n|move|p2a: Walking Wake|Hydro Steam|p1a: Gliscor\n|-activate|p1a: Gliscor|move: Protect\n|\n|-weather|none\n|-end|p2a: Walking Wake|Protosynthesis\n|-damage|p2a: Walking Wake|39/100 brn|[from] brn\n|upkeep\n|turn|99\n|\n|t:|1771251309\n|-end|p2a: Walking Wake|Protosynthesis|[silent]\n|switch|p2a: Ting-Lu|Ting-Lu|94/100\n|-ability|p2a: Ting-Lu|Vessel of Ruin\n|switch|p1a: Amoonguss|Amoonguss, F, shiny|89/100\n|\n|upkeep\n|turn|100\n|\n|t:|1771251315\n|switch|p2a: Corviknight|Corviknight, F|100/100\n|-ability|p2a: Corviknight|Pressure\n|switch|p1a: Gliscor|Gliscor, F|100/100 tox\n|\n|upkeep\n|turn|101\n|\n|t:|1771251318\n|move|p1a: Gliscor|Stealth Rock|p2a: Corviknight\n|-sidestart|p2: Jackesh-7T2|move: Stealth Rock\n|move|p2a: Corviknight|Bulk Up|p2a: Corviknight\n|-boost|p2a: Corviknight|atk|1\n|-boost|p2a: Corviknight|def|1\n|\n|upkeep\n|turn|102\n|\n|t:|1771251322\n|switch|p1a: Corviknight|Corviknight, F, shiny|87/100\n|-ability|p1a: Corviknight|Pressure\n|move|p2a: Corviknight|Bulk Up|p2a: Corviknight\n|-boost|p2a: Corviknight|atk|1\n|-boost|p2a: Corviknight|def|1\n|\n|-heal|p1a: Corviknight|93/100|[from] item: Leftovers\n|upkeep\n|turn|103\n|\n|t:|1771251328\n|switch|p1a: Gliscor|Gliscor, F|100/100 tox\n|move|p2a: Corviknight|Defog|p1a: Gliscor\n|-unboost|p1a: Gliscor|evasion|1\n|-sideend|p2: Jackesh-7T2|Stealth Rock|[from] move: Defog|[of] p2a: Corviknight\n|\n|upkeep\n|turn|104\n|\n|t:|1771251335\n|move|p1a: Gliscor|Stealth Rock|p2a: Corviknight\n|-sidestart|p2: Jackesh-7T2|move: Stealth Rock\n|move|p2a: Corviknight|Brave Bird|p1a: Gliscor\n|-crit|p1a: Gliscor\n|-damage|p1a: Gliscor|32/100 tox\n|-damage|p2a: Corviknight|81/100|[from] Recoil\n|\n|-heal|p1a: Gliscor|45/100 tox|[from] ability: Poison Heal\n|upkeep\n|turn|105\n|\n|t:|1771251346\n|move|p1a: Gliscor|Protect|p1a: Gliscor\n|-singleturn|p1a: Gliscor|Protect\n|move|p2a: Corviknight|Bulk Up|p2a: Corviknight\n|-boost|p2a: Corviknight|atk|1\n|-boost|p2a: Corviknight|def|1\n|\n|-heal|p1a: Gliscor|57/100 tox|[from] ability: Poison Heal\n|upkeep\n|turn|106\n|\n|t:|1771251350\n|switch|p1a: Corviknight|Corviknight, F, shiny|93/100\n|-ability|p1a: Corviknight|Pressure\n|move|p2a: Corviknight|Defog|p1a: Corviknight\n|-unboost|p1a: Corviknight|evasion|1\n|-sideend|p2: Jackesh-7T2|Stealth Rock|[from] move: Defog|[of] p2a: Corviknight\n|\n|-heal|p1a: Corviknight|99/100|[from] item: Leftovers\n|upkeep\n|turn|107\n|\n|t:|1771251356\n|switch|p1a: Dondozo|Dondozo, F|91/100\n|move|p2a: Corviknight|Bulk Up|p2a: Corviknight\n|-boost|p2a: Corviknight|atk|1\n|-boost|p2a: Corviknight|def|1\n|\n|-heal|p1a: Dondozo|97/100|[from] item: Leftovers\n|upkeep\n|turn|108\n|\n|t:|1771251360\n|move|p2a: Corviknight|Brave Bird|p1a: Dondozo\n|-damage|p1a: Dondozo|80/100\n|-damage|p2a: Corviknight|73/100|[from] Recoil\n|move|p1a: Dondozo|Body Press|p2a: Corviknight\n|-damage|p2a: Corviknight|51/100\n|\n|-heal|p1a: Dondozo|86/100|[from] item: Leftovers\n|upkeep\n|turn|109\n|\n|t:|1771251366\n|move|p2a: Corviknight|Roost|p2a: Corviknight\n|-heal|p2a: Corviknight|100/100\n|-singleturn|p2a: Corviknight|move: Roost\n|move|p1a: Dondozo|Body Press|p2a: Corviknight\n|-supereffective|p2a: Corviknight\n|-damage|p2a: Corviknight|52/100\n|\n|-heal|p1a: Dondozo|92/100|[from] item: Leftovers\n|upkeep\n|turn|110\n|\n|t:|1771251381\n|switch|p1a: Gliscor|Gliscor, F|57/100 tox\n|move|p2a: Corviknight|Roost|p2a: Corviknight\n|-heal|p2a: Corviknight|100/100\n|-singleturn|p2a: Corviknight|move: Roost\n|\n|-heal|p1a: Gliscor|70/100 tox|[from] ability: Poison Heal\n|upkeep\n|turn|111\n|\n|t:|1771251389\n|switch|p1a: Corviknight|Corviknight, F, shiny|99/100\n|-ability|p1a: Corviknight|Pressure\n|move|p2a: Corviknight|Brave Bird|p1a: Corviknight\n|-resisted|p1a: Corviknight\n|-damage|p1a: Corviknight|52/100\n|-damage|p2a: Corviknight|85/100|[from] Recoil\n|\n|-heal|p1a: Corviknight|58/100|[from] item: Leftovers\n|upkeep\n|turn|112\n|\n|t:|1771251406\n|move|p2a: Corviknight|Bulk Up|p2a: Corviknight\n|-boost|p2a: Corviknight|atk|1\n|-boost|p2a: Corviknight|def|1\n|move|p1a: Corviknight|Roost|p1a: Corviknight\n|-heal|p1a: Corviknight|100/100\n|-singleturn|p1a: Corviknight|move: Roost\n|\n|upkeep\n|turn|113\n|\n|t:|1771251411\n|switch|p1a: Dondozo|Dondozo, F|92/100\n|move|p2a: Corviknight|Brave Bird|p1a: Dondozo\n|-damage|p1a: Dondozo|74/100\n|-damage|p2a: Corviknight|77/100|[from] Recoil\n|\n|-heal|p1a: Dondozo|80/100|[from] item: Leftovers\n|upkeep\n|turn|114\n|\n|t:|1771251418\n|move|p2a: Corviknight|Brave Bird|p1a: Dondozo\n|-damage|p1a: Dondozo|65/100\n|-damage|p2a: Corviknight|71/100|[from] Recoil\n|move|p1a: Dondozo|Body Press|p2a: Corviknight\n|-damage|p2a: Corviknight|48/100\n|\n|-heal|p1a: Dondozo|71/100|[from] item: Leftovers\n|upkeep\n|turn|115\n|\n|t:|1771251432\n|switch|p2a: Kyurem|Kyurem, tera:Fighting|7/100 tox\n|-ability|p2a: Kyurem|Pressure\n|move|p1a: Dondozo|Body Press|p2a: Kyurem\n|-damage|p2a: Kyurem|0 fnt\n|faint|p2a: Kyurem\n|\n|-heal|p1a: Dondozo|77/100|[from] item: Leftovers\n|upkeep\n|\n|t:|1771251441\n|switch|p2a: Torkoal|Torkoal, F|27/100\n|-weather|SunnyDay|[from] ability: Drought|[of] p2a: Torkoal\n|turn|116\n|\n|t:|1771251448\n|switch|p1a: Gliscor|Gliscor, F|70/100 tox\n|switch|p2a: Corviknight|Corviknight, F|48/100\n|-ability|p2a: Corviknight|Pressure\n|\n|-weather|SunnyDay|[upkeep]\n|-heal|p1a: Gliscor|82/100 tox|[from] ability: Poison Heal\n|upkeep\n|turn|117\n|\n|t:|1771251452\n|move|p1a: Gliscor|Stealth Rock|p2a: Corviknight\n|-sidestart|p2: Jackesh-7T2|move: Stealth Rock\n|move|p2a: Corviknight|Bulk Up|p2a: Corviknight\n|-boost|p2a: Corviknight|atk|1\n|-boost|p2a: Corviknight|def|1\n|\n|-weather|SunnyDay|[upkeep]\n|-heal|p1a: Gliscor|95/100 tox|[from] ability: Poison Heal\n|upkeep\n|turn|118\n|\n|t:|1771251457\n|switch|p1a: Dondozo|Dondozo, F|77/100\n|move|p2a: Corviknight|Defog|p1a: Dondozo\n|-unboost|p1a: Dondozo|evasion|1\n|-sideend|p2: Jackesh-7T2|Stealth Rock|[from] move: Defog|[of] p2a: Corviknight\n|\n|-weather|SunnyDay|[upkeep]\n|-heal|p1a: Dondozo|83/100|[from] item: Leftovers\n|upkeep\n|turn|119\n|\n|t:|1771251462\n|switch|p1a: Gliscor|Gliscor, F|95/100 tox\n|move|p2a: Corviknight|Brave Bird|p1a: Gliscor\n|-damage|p1a: Gliscor|60/100 tox\n|-damage|p2a: Corviknight|38/100|[from] Recoil\n|\n|-weather|SunnyDay|[upkeep]\n|-heal|p1a: Gliscor|72/100 tox|[from] ability: Poison Heal\n|upkeep\n|turn|120\n|\n|t:|1771251468\n|move|p1a: Gliscor|Stealth Rock|p2a: Corviknight\n|-sidestart|p2: Jackesh-7T2|move: Stealth Rock\n|move|p2a: Corviknight|Roost|p2a: Corviknight\n|-heal|p2a: Corviknight|88/100\n|-singleturn|p2a: Corviknight|move: Roost\n|\n|-weather|SunnyDay|[upkeep]\n|-heal|p1a: Gliscor|85/100 tox|[from] ability: Poison Heal\n|upkeep\n|turn|121\n|\n|t:|1771251474\n|switch|p1a: Corviknight|Corviknight, F, shiny|100/100\n|-ability|p1a: Corviknight|Pressure\n|move|p2a: Corviknight|Bulk Up|p2a: Corviknight\n|-boost|p2a: Corviknight|atk|1\n|-boost|p2a: Corviknight|def|1\n|\n|-weather|SunnyDay|[upkeep]\n|upkeep\n|turn|122\n|\n|t:|1771251478\n|switch|p1a: Dondozo|Dondozo, F|83/100\n|move|p2a: Corviknight|Defog|p1a: Dondozo\n|-unboost|p1a: Dondozo|evasion|1\n|-sideend|p2: Jackesh-7T2|Stealth Rock|[from] move: Defog|[of] p2a: Corviknight\n|\n|-weather|SunnyDay|[upkeep]\n|-heal|p1a: Dondozo|90/100|[from] item: Leftovers\n|upkeep\n|turn|123\n|\n|t:|1771251482\n|switch|p1a: Gliscor|Gliscor, F|85/100 tox\n|move|p2a: Corviknight|Brave Bird|p1a: Gliscor\n|-damage|p1a: Gliscor|39/100 tox\n|-damage|p2a: Corviknight|75/100|[from] Recoil\n|\n|-weather|none\n|-heal|p1a: Gliscor|51/100 tox|[from] ability: Poison Heal\n|upkeep\n|turn|124\n|inactive|Jackesh-7T2 has 120 seconds left.\n|\n|t:|1771251526\n|move|p1a: Gliscor|Protect|p1a: Gliscor\n|-singleturn|p1a: Gliscor|Protect\n|move|p2a: Corviknight|Brave Bird|p1a: Gliscor\n|-activate|p1a: Gliscor|move: Protect\n|\n|-heal|p1a: Gliscor|64/100 tox|[from] ability: Poison Heal\n|upkeep\n|turn|125\n|\n|t:|1771251533\n|switch|p1a: Corviknight|Corviknight, F, shiny|100/100\n|-ability|p1a: Corviknight|Pressure\n|move|p2a: Corviknight|Bulk Up|p2a: Corviknight\n|-boost|p2a: Corviknight|atk|1\n|-boost|p2a: Corviknight|def|1\n|\n|upkeep\n|turn|126\n|\n|t:|1771251540\n|move|p1a: Corviknight|Protect|p1a: Corviknight\n|-singleturn|p1a: Corviknight|Protect\n|move|p2a: Corviknight|Bulk Up|p2a: Corviknight\n|-boost|p2a: Corviknight|atk|1\n|-boost|p2a: Corviknight|def|1\n|\n|upkeep\n|turn|127\n|\n|t:|1771251550\n|switch|p1a: Dondozo|Dondozo, F|90/100\n|move|p2a: Corviknight|Defog|p1a: Dondozo\n|-unboost|p1a: Dondozo|evasion|1\n|\n|-heal|p1a: Dondozo|96/100|[from] item: Leftovers\n|upkeep\n|turn|128\n|\n|t:|1771251556\n|move|p2a: Corviknight|Brave Bird|p1a: Dondozo\n|-damage|p1a: Dondozo|78/100\n|-damage|p2a: Corviknight|67/100|[from] Recoil\n|move|p1a: Dondozo|Body Press|p2a: Corviknight\n|-damage|p2a: Corviknight|45/100\n|\n|-heal|p1a: Dondozo|84/100|[from] item: Leftovers\n|upkeep\n|turn|129\n|\n|t:|1771251584\n|move|p2a: Corviknight|Defog|p1a: Dondozo\n|-unboost|p1a: Dondozo|evasion|1\n|move|p1a: Dondozo|Body Press|p2a: Corviknight\n|-damage|p2a: Corviknight|21/100\n|\n|-heal|p1a: Dondozo|91/100|[from] item: Leftovers\n|upkeep\n|turn|130\n|\n|t:|1771251594\n|move|p2a: Corviknight|Roost|p2a: Corviknight\n|-heal|p2a: Corviknight|71/100\n|-singleturn|p2a: Corviknight|move: Roost\n|move|p1a: Dondozo|Body Press|p2a: Corviknight\n|-supereffective|p2a: Corviknight\n|-damage|p2a: Corviknight|24/100\n|\n|-heal|p1a: Dondozo|97/100|[from] item: Leftovers\n|upkeep\n|turn|131\n|\n|t:|1771251598\n|switch|p1a: Corviknight|Corviknight, F, shiny|100/100\n|-ability|p1a: Corviknight|Pressure\n|move|p2a: Corviknight|Bulk Up|p2a: Corviknight\n|-boost|p2a: Corviknight|atk|1\n|-boost|p2a: Corviknight|def|1\n|\n|upkeep\n|turn|132\n|\n|t:|1771251605\n|switch|p1a: Dondozo|Dondozo, F|97/100\n|move|p2a: Corviknight|Brave Bird|p1a: Dondozo\n|-damage|p1a: Dondozo|80/100\n|-damage|p2a: Corviknight|17/100|[from] Recoil\n|\n|-heal|p1a: Dondozo|87/100|[from] item: Leftovers\n|upkeep\n|turn|133\n|\n|t:|1771251611\n|switch|p1a: Corviknight|Corviknight, F, shiny|100/100\n|-ability|p1a: Corviknight|Pressure\n|move|p2a: Corviknight|Defog|p1a: Corviknight\n|-unboost|p1a: Corviknight|evasion|1\n|\n|upkeep\n|turn|134\n|\n|t:|1771251618\n|switch|p2a: Torkoal|Torkoal, F|27/100\n|-weather|SunnyDay|[from] ability: Drought|[of] p2a: Torkoal\n|move|p1a: Corviknight|Protect||[still]\n|-fail|p1a: Corviknight\n|\n|-weather|SunnyDay|[upkeep]\n|upkeep\n|turn|135\n|\n|t:|1771251629\n|switch|p1a: Gliscor|Gliscor, F|64/100 tox\n|switch|p2a: Raging Bolt|Raging Bolt|15/100\n|-activate|p2a: Raging Bolt|ability: Protosynthesis\n|-start|p2a: Raging Bolt|protosynthesisspa\n|\n|-weather|SunnyDay|[upkeep]\n|-heal|p1a: Gliscor|76/100 tox|[from] ability: Poison Heal\n|upkeep\n|turn|136\n|\n|t:|1771251635\n|move|p1a: Gliscor|Protect|p1a: Gliscor\n|-singleturn|p1a: Gliscor|Protect\n|move|p2a: Raging Bolt|Dragon Pulse|p1a: Gliscor\n|-activate|p1a: Gliscor|move: Protect\n|\n|-weather|SunnyDay|[upkeep]\n|-heal|p1a: Gliscor|89/100 tox|[from] ability: Poison Heal\n|upkeep\n|turn|137\n|\n|t:|1771251639\n|switch|p1a: Flesh Tutu|Blissey, F, shiny|100/100\n|move|p2a: Raging Bolt|Dragon Pulse|p1a: Flesh Tutu\n|-damage|p1a: Flesh Tutu|83/100\n|\n|-weather|SunnyDay|[upkeep]\n|upkeep\n|turn|138\n|\n|t:|1771251645\n|move|p2a: Raging Bolt|Volt Switch|p1a: Flesh Tutu\n|-damage|p1a: Flesh Tutu|68/100\n|\n|t:|1771251647\n|-end|p2a: Raging Bolt|Protosynthesis|[silent]\n|switch|p2a: Ting-Lu|Ting-Lu|94/100|[from] Volt Switch\n|-ability|p2a: Ting-Lu|Vessel of Ruin\n|move|p1a: Flesh Tutu|Seismic Toss|p2a: Ting-Lu\n|-damage|p2a: Ting-Lu|74/100\n|\n|-weather|SunnyDay|[upkeep]\n|upkeep\n|turn|139\n|\n|t:|1771251658\n|switch|p1a: Gliscor|Gliscor, F|89/100 tox\n|move|p2a: Ting-Lu|Throat Chop|p1a: Gliscor\n|-damage|p1a: Gliscor|51/100 tox\n|-start|p1a: Gliscor|Throat Chop|[silent]\n|\n|-weather|SunnyDay|[upkeep]\n|-heal|p1a: Gliscor|64/100 tox|[from] ability: Poison Heal\n|upkeep\n|turn|140\n|\n|t:|1771251668\n|switch|p2a: Corviknight|Corviknight, F|17/100\n|-ability|p2a: Corviknight|Pressure\n|move|p1a: Gliscor|Stealth Rock|p2a: Corviknight\n|-sidestart|p2: Jackesh-7T2|move: Stealth Rock\n|\n|-weather|SunnyDay|[upkeep]\n|-heal|p1a: Gliscor|76/100 tox|[from] ability: Poison Heal\n|-end|p1a: Gliscor|Throat Chop|[silent]\n|upkeep\n|turn|141\n|\n|t:|1771251672\n|switch|p1a: Corviknight|Corviknight, F, shiny|100/100\n|-ability|p1a: Corviknight|Pressure\n|move|p2a: Corviknight|Bulk Up|p2a: Corviknight\n|-boost|p2a: Corviknight|atk|1\n|-boost|p2a: Corviknight|def|1\n|\n|-weather|none\n|upkeep\n|turn|142\n|\n|t:|1771251677\n|switch|p1a: Gliscor|Gliscor, F|76/100 tox\n|move|p2a: Corviknight|Bulk Up|p2a: Corviknight\n|-boost|p2a: Corviknight|atk|1\n|-boost|p2a: Corviknight|def|1\n|\n|-heal|p1a: Gliscor|89/100 tox|[from] ability: Poison Heal\n|upkeep\n|turn|143\n|\n|t:|1771251682\n|switch|p1a: Corviknight|Corviknight, F, shiny|100/100\n|-ability|p1a: Corviknight|Pressure\n|move|p2a: Corviknight|Bulk Up|p2a: Corviknight\n|-boost|p2a: Corviknight|atk|1\n|-boost|p2a: Corviknight|def|1\n|\n|upkeep\n|turn|144\n|\n|t:|1771251685\n|switch|p1a: Dondozo|Dondozo, F|87/100\n|move|p2a: Corviknight|Bulk Up|p2a: Corviknight\n|-boost|p2a: Corviknight|atk|1\n|-boost|p2a: Corviknight|def|1\n|\n|-heal|p1a: Dondozo|93/100|[from] item: Leftovers\n|upkeep\n|turn|145\n|\n|t:|1771251689\n|switch|p1a: Corviknight|Corviknight, F, shiny|100/100\n|-ability|p1a: Corviknight|Pressure\n|move|p2a: Corviknight|Defog|p1a: Corviknight\n|-unboost|p1a: Corviknight|evasion|1\n|-sideend|p2: Jackesh-7T2|Stealth Rock|[from] move: Defog|[of] p2a: Corviknight\n|\n|upkeep\n|turn|146\n|inactive|Jackesh-7T2 has 120 seconds left.\n|\n|t:|1771251699\n|switch|p1a: Dondozo|Dondozo, F|93/100\n|move|p2a: Corviknight|Brave Bird|p1a: Dondozo\n|-damage|p1a: Dondozo|75/100\n|-damage|p2a: Corviknight|10/100|[from] Recoil\n|\n|-heal|p1a: Dondozo|81/100|[from] item: Leftovers\n|upkeep\n|turn|147\n|\n|t:|1771251704\n|switch|p2a: Torkoal|Torkoal, F|27/100\n|-weather|SunnyDay|[from] ability: Drought|[of] p2a: Torkoal\n|switch|p1a: Corviknight|Corviknight, F, shiny|100/100\n|-ability|p1a: Corviknight|Pressure\n|\n|-weather|SunnyDay|[upkeep]\n|upkeep\n|turn|148\n|\n|t:|1771251711\n|switch|p1a: Gliscor|Gliscor, F|89/100 tox\n|switch|p2a: Raging Bolt|Raging Bolt|15/100\n|-activate|p2a: Raging Bolt|ability: Protosynthesis\n|-start|p2a: Raging Bolt|protosynthesisspa\n|\n|-weather|SunnyDay|[upkeep]\n|-heal|p1a: Gliscor|100/100 tox|[from] ability: Poison Heal\n|upkeep\n|turn|149\n|\n|t:|1771251719\n|move|p1a: Gliscor|Protect|p1a: Gliscor\n|-singleturn|p1a: Gliscor|Protect\n|move|p2a: Raging Bolt|Dragon Pulse|p1a: Gliscor\n|-activate|p1a: Gliscor|move: Protect\n|\n|-weather|SunnyDay|[upkeep]\n|upkeep\n|turn|150\n|\n|t:|1771251724\n|switch|p1a: Flesh Tutu|Blissey, F, shiny|68/100\n|move|p2a: Raging Bolt|Dragon Pulse|p1a: Flesh Tutu\n|-damage|p1a: Flesh Tutu|48/100\n|\n|-weather|SunnyDay|[upkeep]\n|upkeep\n|turn|151\n|\n|t:|1771251727\n|move|p2a: Raging Bolt|Volt Switch|p1a: Flesh Tutu\n|-damage|p1a: Flesh Tutu|32/100\n|\n|t:|1771251732\n|-end|p2a: Raging Bolt|Protosynthesis|[silent]\n|switch|p2a: Ting-Lu|Ting-Lu|74/100|[from] Volt Switch\n|-ability|p2a: Ting-Lu|Vessel of Ruin\n|move|p1a: Flesh Tutu|Soft-Boiled|p1a: Flesh Tutu\n|-heal|p1a: Flesh Tutu|82/100\n|\n|-weather|SunnyDay|[upkeep]\n|upkeep\n|turn|152\n|\n|t:|1771251746\n|switch|p1a: Gliscor|Gliscor, F|100/100 tox\n|move|p2a: Ting-Lu|Throat Chop|p1a: Gliscor\n|-damage|p1a: Gliscor|63/100 tox\n|-start|p1a: Gliscor|Throat Chop|[silent]\n|\n|-weather|SunnyDay|[upkeep]\n|-heal|p1a: Gliscor|75/100 tox|[from] ability: Poison Heal\n|upkeep\n|turn|153\n|\n|t:|1771251751\n|move|p1a: Gliscor|Stealth Rock|p2a: Ting-Lu\n|-sidestart|p2: Jackesh-7T2|move: Stealth Rock\n|move|p2a: Ting-Lu|Throat Chop|p1a: Gliscor\n|-damage|p1a: Gliscor|37/100 tox\n|\n|-weather|SunnyDay|[upkeep]\n|-heal|p1a: Gliscor|49/100 tox|[from] ability: Poison Heal\n|-end|p1a: Gliscor|Throat Chop|[silent]\n|upkeep\n|turn|154\n|\n|t:|1771251760\n|move|p1a: Gliscor|Toxic|p2a: Ting-Lu\n|-status|p2a: Ting-Lu|tox\n|move|p2a: Ting-Lu|Throat Chop|p1a: Gliscor\n|-damage|p1a: Gliscor|10/100 tox\n|-start|p1a: Gliscor|Throat Chop|[silent]\n|\n|-weather|none\n|-heal|p1a: Gliscor|23/100 tox|[from] ability: Poison Heal\n|-damage|p2a: Ting-Lu|68/100 tox|[from] psn\n|upkeep\n|turn|155\n|\n|t:|1771251778\n|switch|p1a: Dondozo|Dondozo, F|81/100\n|move|p2a: Ting-Lu|Throat Chop|p1a: Dondozo\n|-damage|p1a: Dondozo|55/100\n|-start|p1a: Dondozo|Throat Chop|[silent]\n|\n|-heal|p1a: Dondozo|61/100|[from] item: Leftovers\n|-damage|p2a: Ting-Lu|56/100 tox|[from] psn\n|upkeep\n|turn|156\n|\n|t:|1771251784\n|switch|p2a: Corviknight|Corviknight, F|10/100\n|-damage|p2a: Corviknight|0 fnt|[from] Stealth Rock\n|faint|p2a: Corviknight\n|move|p1a: Dondozo|Rest|p1a: Dondozo\n|-status|p1a: Dondozo|slp|[from] move: Rest\n|-heal|p1a: Dondozo|100/100 slp|[silent]\n|\n|-end|p1a: Dondozo|Throat Chop|[silent]\n|upkeep\n|\n|t:|1771251786\n|switch|p2a: Torkoal|Torkoal, F|27/100\n|-damage|p2a: Torkoal|2/100|[from] Stealth Rock\n|-weather|SunnyDay|[from] ability: Drought|[of] p2a: Torkoal\n|turn|157\n|\n|t:|1771251791\n|switch|p1a: Gliscor|Gliscor, F|23/100 tox\n|move|p2a: Torkoal|Rapid Spin|p1a: Gliscor\n|-crit|p1a: Gliscor\n|-damage|p1a: Gliscor|14/100 tox\n|-boost|p2a: Torkoal|spe|1\n|-sideend|p2: Jackesh-7T2|Stealth Rock|[from] move: Rapid Spin|[of] p2a: Torkoal\n|\n|-weather|SunnyDay|[upkeep]\n|-heal|p1a: Gliscor|27/100 tox|[from] ability: Poison Heal\n|upkeep\n|turn|158\n|\n|t:|1771251801\n|move|p1a: Gliscor|Stealth Rock|p2a: Torkoal\n|-sidestart|p2: Jackesh-7T2|move: Stealth Rock\n|move|p2a: Torkoal|Stealth Rock|p1a: Gliscor\n|-sidestart|p1: zarross|move: Stealth Rock\n|\n|-weather|SunnyDay|[upkeep]\n|-heal|p1a: Gliscor|39/100 tox|[from] ability: Poison Heal\n|upkeep\n|turn|159\n|\n|t:|1771251812\n|move|p1a: Gliscor|Stealth Rock||[still]\n|-fail|p1a: Gliscor\n|move|p2a: Torkoal|Rapid Spin|p1a: Gliscor\n|-damage|p1a: Gliscor|34/100 tox\n|-boost|p2a: Torkoal|spe|1\n|-sideend|p2: Jackesh-7T2|Stealth Rock|[from] move: Rapid Spin|[of] p2a: Torkoal\n|\n|-weather|SunnyDay|[upkeep]\n|-heal|p1a: Gliscor|46/100 tox|[from] ability: Poison Heal\n|upkeep\n|turn|160\n|\n|t:|1771251816\n|move|p1a: Gliscor|Stealth Rock|p2a: Torkoal\n|-sidestart|p2: Jackesh-7T2|move: Stealth Rock\n|move|p2a: Torkoal|Lava Plume|p1a: Gliscor\n|-damage|p1a: Gliscor|4/100 tox\n|\n|-weather|SunnyDay|[upkeep]\n|-heal|p1a: Gliscor|17/100 tox|[from] ability: Poison Heal\n|upkeep\n|turn|161\n|\n|t:|1771251826\n|move|p1a: Gliscor|Knock Off|p2a: Torkoal\n|-damage|p2a: Torkoal|0 fnt\n|-enditem|p2a: Torkoal|Heat Rock|[from] move: Knock Off|[of] p1a: Gliscor\n|faint|p2a: Torkoal\n|\n|-weather|SunnyDay|[upkeep]\n|-heal|p1a: Gliscor|29/100 tox|[from] ability: Poison Heal\n|upkeep\n|\n|t:|1771251828\n|switch|p2a: Raging Bolt|Raging Bolt|15/100\n|-damage|p2a: Raging Bolt|3/100|[from] Stealth Rock\n|-activate|p2a: Raging Bolt|ability: Protosynthesis\n|-start|p2a: Raging Bolt|protosynthesisspa\n|turn|162\n|\n|t:|1771251830\n|move|p1a: Gliscor|Protect|p1a: Gliscor\n|-singleturn|p1a: Gliscor|Protect\n|move|p2a: Raging Bolt|Dragon Pulse|p1a: Gliscor\n|-activate|p1a: Gliscor|move: Protect\n|\n|-weather|SunnyDay|[upkeep]\n|-heal|p1a: Gliscor|42/100 tox|[from] ability: Poison Heal\n|upkeep\n|turn|163\n|\n|t:|1771251838\n|switch|p1a: Flesh Tutu|Blissey, F, shiny|82/100\n|move|p2a: Raging Bolt|Weather Ball|p1a: Flesh Tutu\n|-crit|p1a: Flesh Tutu\n|-damage|p1a: Flesh Tutu|50/100\n|\n|-weather|SunnyDay|[upkeep]\n|upkeep\n|turn|164\n|\n|t:|1771251844\n|move|p2a: Raging Bolt|Dragon Pulse|p1a: Flesh Tutu\n|-damage|p1a: Flesh Tutu|31/100\n|move|p1a: Flesh Tutu|Soft-Boiled|p1a: Flesh Tutu\n|-heal|p1a: Flesh Tutu|81/100\n|\n|-weather|none\n|-end|p2a: Raging Bolt|Protosynthesis\n|upkeep\n|turn|165\n|\n|t:|1771251859\n|move|p2a: Raging Bolt|Dragon Pulse|p1a: Flesh Tutu\n|-damage|p1a: Flesh Tutu|65/100\n|move|p1a: Flesh Tutu|Shadow Ball|p2a: Raging Bolt\n|-damage|p2a: Raging Bolt|0 fnt\n|faint|p2a: Raging Bolt\n|-end|p2a: Raging Bolt|Protosynthesis|[silent]\n|\n|upkeep\n|-message|Jackesh-7T2 forfeited.\n|\n|win|zarross\n|raw|zarross's rating: 1691 &rarr; <strong>1714</strong><br />(+23 for winning)\n|raw|Jackesh-7T2's rating: 1740 &rarr; <strong>1717</strong><br />(-23 for losing)\n|l|☆Jackesh-7T2\n|player|p2|\n|l| le saintdoux\n|l|☆zarross\n|player|p1|\n", "uploadtime": 1771252027, "views": 5, "formatid": "gen9ou", "rating": 1714, "private": 0, "password": null}