{"id": "gen9ou-2540715178", "format": "[Gen 9] OU", "players": ["Dr.Px", "gigabowser20"], "log": "|j|☆Dr.Px\n|j|☆gigabowser20\n|t:|1771244782\n|gametype|singles\n|player|p1|Dr.Px|lance|1580\n|player|p2|gigabowser20|rosa|1575\n|gen|9\n|tier|[Gen 9] OU\n|rated|\n|rule|HP Percentage Mod: HP is shown in percentages\n|rule|Endless Battle Clause: Forcing endless battles is banned\n|rule|Species Clause: Limit one of each Pokémon\n|rule|OHKO Clause: OHKO moves are banned\n|rule|Evasion Items Clause: Evasion items are banned\n|rule|Evasion Moves Clause: Evasion moves are banned\n|rule|Evasion Abilities Clause: Evasion abilities are banned\n|rule|Sleep Moves Clause: Sleep-inducing moves are banned\n|clearpoke\n|poke|p1|Darkrai|\n|poke|p1|Samurott-Hisui, F|\n|poke|p1|Latios, M|\n|poke|p1|Pecharunt|\n|poke|p1|Zamazenta-*|\n|poke|p1|Landorus-Therian, M|\n|poke|p2|Iron Treads|\n|poke|p2|Armarouge, F|\n|poke|p2|Polteageist|\n|poke|p2|Deoxys-Speed|\n|poke|p2|Indeedee, M|\n|poke|p2|Hawlucha, M|\n|teampreview\n|inactive|Battle timer is ON: inactive players will automatically lose when time's up. (requested by gigabowser20)\n|\n|t:|1771244801\n|teamsize|p1|6\n|teamsize|p2|6\n|start\n|switch|p1a: Samurott|Samurott-Hisui, F|100/100\n|switch|p2a: Deoxys|Deoxys-Speed, shiny|100/100\n|-ability|p2a: Deoxys|Pressure\n|turn|1\n|\n|t:|1771244806\n|move|p2a: Deoxys|Stealth Rock|p1a: Samurott\n|-sidestart|p1: Dr.Px|move: Stealth Rock\n|move|p1a: Samurott|Ceaseless Edge|p2a: Deoxys\n|-supereffective|p2a: Deoxys\n|-damage|p2a: Deoxys|0 fnt\n|-sidestart|p2: gigabowser20|Spikes\n|faint|p2a: Deoxys\n|\n|upkeep\n|\n|t:|1771244818\n|switch|p2a: Indeedee|Indeedee, M, shiny|100/100\n|-damage|p2a: Indeedee|88/100|[from] Spikes\n|-fieldstart|move: Psychic Terrain|[from] ability: Psychic Surge|[of] p2a: Indeedee\n|turn|2\n|\n|t:|1771244841\n|switch|p2a: Hawlucha|Hawlucha, M|100/100\n|-enditem|p2a: Hawlucha|Psychic Seed\n|-boost|p2a: Hawlucha|spd|1|[from] item: Psychic Seed\n|move|p1a: Samurott|Ceaseless Edge|p2a: Hawlucha\n|-resisted|p2a: Hawlucha\n|-damage|p2a: Hawlucha|71/100\n|-sidestart|p2: gigabowser20|Spikes\n|\n|upkeep\n|turn|3\n|\n|t:|1771244851\n|move|p2a: Hawlucha|Close Combat|p1a: Samurott\n|-supereffective|p1a: Samurott\n|-damage|p1a: Samurott|0 fnt\n|-unboost|p2a: Hawlucha|def|1\n|-unboost|p2a: Hawlucha|spd|1\n|faint|p1a: Samurott\n|\n|upkeep\n|\n|t:|1771244855\n|switch|p1a: Pecharunt|Pecharunt|100/100\n|turn|4\n|\n|t:|1771244862\n|move|p2a: Hawlucha|Throat Chop|p1a: Pecharunt\n|-supereffective|p1a: Pecharunt\n|-damage|p1a: Pecharunt|80/100\n|-start|p1a: Pecharunt|Throat Chop|[silent]\n|cant|p1a: Pecharunt|move: Throat Chop\n|\n|upkeep\n|turn|5\n|\n|t:|1771244869\n|move|p2a: Hawlucha|Throat Chop|p1a: Pecharunt\n|-supereffective|p1a: Pecharunt\n|-damage|p1a: Pecharunt|55/100\n|move|p1a: Pecharunt|Malignant Chain|p2a: Hawlucha\n|-damage|p2a: Hawlucha|17/100\n|\n|-end|p1a: Pecharunt|Throat Chop|[silent]\n|upkeep\n|turn|6\n|\n|t:|1771244875\n|switch|p1a: Landorus|Landorus-Therian, M|100/100\n|-damage|p1a: Landorus|88/100|[from] Stealth Rock\n|-ability|p1a: Landorus|Intimidate|boost\n|-unboost|p2a: Hawlucha|atk|1\n|move|p2a: Hawlucha|Throat Chop|p1a: Landorus\n|-damage|p1a: Landorus|72/100\n|-start|p1a: Landorus|Throat Chop|[silent]\n|-damage|p2a: Hawlucha|0 fnt|[from] item: Rocky Helmet|[of] p1a: Landorus\n|faint|p2a: Hawlucha\n|\n|upkeep\n|\n|t:|1771244882\n|switch|p2a: Iron Treads|Iron Treads|100/100\n|-damage|p2a: Iron Treads|84/100|[from] Spikes\n|turn|7\n|\n|t:|1771244893\n|switch|p1a: Pecharunt|Pecharunt|55/100\n|move|p2a: Iron Treads|Rapid Spin|p1a: Pecharunt\n|-immune|p1a: Pecharunt\n|\n|upkeep\n|turn|8\n|\n|t:|1771244897\n|move|p2a: Iron Treads|Earthquake|p1a: Pecharunt\n|-supereffective|p1a: Pecharunt\n|-damage|p1a: Pecharunt|14/100\n|move|p1a: Pecharunt|Parting Shot|p2a: Iron Treads\n|-unboost|p2a: Iron Treads|atk|1\n|-unboost|p2a: Iron Treads|spa|1\n|\n|t:|1771244907\n|switch|p1a: Zamazenta|Zamazenta|100/100|[from] Parting Shot\n|-ability|p1a: Zamazenta|Dauntless Shield|boost\n|-boost|p1a: Zamazenta|def|1\n|\n|upkeep\n|turn|9\n|\n|t:|1771244909\n|move|p1a: Zamazenta|Close Combat|p2a: Iron Treads\n|-supereffective|p2a: Iron Treads\n|-damage|p2a: Iron Treads|0 fnt\n|-unboost|p1a: Zamazenta|def|1\n|-unboost|p1a: Zamazenta|spd|1\n|faint|p2a: Iron Treads\n|-end|p2a: Iron Treads|Quark Drive|[silent]\n|\n|-fieldend|move: Psychic Terrain\n|upkeep\n|\n|t:|1771244914\n|switch|p2a: Indeedee|Indeedee, M, shiny|88/100\n|-damage|p2a: Indeedee|71/100|[from] Spikes\n|-fieldstart|move: Psychic Terrain|[from] ability: Psychic Surge|[of] p2a: Indeedee\n|turn|10\n|\n|t:|1771244917\n|move|p1a: Zamazenta|Crunch|p2a: Indeedee\n|-supereffective|p2a: Indeedee\n|-damage|p2a: Indeedee|0 fnt\n|faint|p2a: Indeedee\n|\n|upkeep\n|\n|t:|1771244920\n|switch|p2a: Polteageist|Polteageist|100/100\n|-damage|p2a: Polteageist|84/100|[from] Spikes\n|turn|11\n|\n|t:|1771244923\n|-terastallize|p2a: Polteageist|Fighting\n|move|p1a: Zamazenta|Crunch|p2a: Polteageist\n|-resisted|p2a: Polteageist\n|-damage|p2a: Polteageist|59/100\n|-unboost|p2a: Polteageist|def|1\n|-ability|p2a: Polteageist|Weak Armor|boost\n|-unboost|p2a: Polteageist|def|1\n|-boost|p2a: Polteageist|spe|2\n|move|p2a: Polteageist|Shell Smash|p2a: Polteageist\n|-unboost|p2a: Polteageist|def|1\n|-unboost|p2a: Polteageist|spd|1\n|-boost|p2a: Polteageist|atk|2\n|-boost|p2a: Polteageist|spa|2\n|-boost|p2a: Polteageist|spe|2\n|\n|upkeep\n|turn|12\n|\n|t:|1771244931\n|move|p2a: Polteageist|Tera Blast|p1a: Zamazenta|[anim] Tera Blast Fighting\n|-damage|p1a: Zamazenta|0 fnt\n|faint|p1a: Zamazenta\n|\n|upkeep\n|\n|t:|1771244945\n|switch|p1a: Latios|Latios, M|100/100\n|-damage|p1a: Latios|88/100|[from] Stealth Rock\n|turn|13\n|\n|t:|1771244949\n|-terastallize|p1a: Latios|Steel\n|move|p2a: Polteageist|Shadow Ball|p1a: Latios\n|-damage|p1a: Latios|0 fnt\n|faint|p1a: Latios\n|\n|upkeep\n|\n|t:|1771244954\n|switch|p1a: Darkrai|Darkrai|100/100\n|turn|14\n|\n|t:|1771244957\n|move|p2a: Polteageist|Tera Blast|p1a: Darkrai|[anim] Tera Blast Fighting\n|-supereffective|p1a: Darkrai\n|-damage|p1a: Darkrai|0 fnt\n|faint|p1a: Darkrai\n|\n|upkeep\n|\n|t:|1771244967\n|switch|p1a: Landorus|Landorus-Therian, M|72/100\n|-damage|p1a: Landorus|60/100|[from] Stealth Rock\n|-ability|p1a: Landorus|Intimidate|boost\n|-unboost|p2a: Polteageist|atk|1\n|turn|15\n|\n|t:|1771244970\n|move|p2a: Polteageist|Stored Power|p1a: Landorus\n|-damage|p1a: Landorus|0 fnt\n|faint|p1a: Landorus\n|\n|upkeep\n|-message|Dr.Px forfeited.\n|\n|win|gigabowser20\n|raw|Dr.Px's rating: 1580 &rarr; <strong>1560</strong><br />(-20 for losing)\n|raw|gigabowser20's rating: 1575 &rarr; <strong>1595</strong><br />(+20 for winning)\n|l|☆Dr.Px\n|player|p1|\n|l|☆gigabowser20\n|player|p2|\n", "uploadtime": 1771245210, "views": 7, "formatid": "gen9ou", "rating": 1560, "private": 0, "password": null}