{"id": "gen9ou-2540591233", "format": "[Gen 9] OU", "players": ["Zicofool", "bh.babiri"], "log": "|j|☆Zicofool\n|j|☆bh.babiri\n|t:|1771223217\n|gametype|singles\n|player|p1|Zicofool|miku-water|1546\n|player|p2|bh.babiri|pokemonbreederf-gen4|1668\n|gen|9\n|tier|[Gen 9] OU\n|rated|\n|rule|HP Percentage Mod: HP is shown in percentages\n|rule|Endless Battle Clause: Forcing endless battles is banned\n|rule|Species Clause: Limit one of each Pokémon\n|rule|OHKO Clause: OHKO moves are banned\n|rule|Evasion Items Clause: Evasion items are banned\n|rule|Evasion Moves Clause: Evasion moves are banned\n|rule|Evasion Abilities Clause: Evasion abilities are banned\n|rule|Sleep Moves Clause: Sleep-inducing moves are banned\n|clearpoke\n|poke|p1|Ogerpon, F|\n|poke|p1|Maushold-Four|\n|poke|p1|Volcanion|\n|poke|p1|Fezandipiti, M|\n|poke|p1|Garchomp, M|\n|poke|p1|Tyranitar, F|\n|poke|p2|Alomomola, F|\n|poke|p2|Dragapult, F|\n|poke|p2|Iron Crown|\n|poke|p2|Kingambit, F|\n|poke|p2|Landorus-Therian, M|\n|poke|p2|Pecharunt|\n|teampreview\n|inactive|Battle timer is ON: inactive players will automatically lose when time's up. (requested by bh.babiri)\n|\n|t:|1771223235\n|teamsize|p1|6\n|teamsize|p2|6\n|start\n|switch|p1a: Ogerpon|Ogerpon, F|100/100\n|switch|p2a: Dragapult|Dragapult, F|100/100\n|turn|1\n|\n|t:|1771223238\n|switch|p2a: Kingambit|Kingambit, F|100/100\n|-terastallize|p1a: Ogerpon|Grass\n|detailschange|p1a: Ogerpon|Ogerpon-Teal-Tera, F, tera:Grass\n|-ability|p1a: Ogerpon|Embody Aspect (Teal)|boost\n|-boost|p1a: Ogerpon|spe|1\n|move|p1a: Ogerpon|Knock Off|p2a: Kingambit\n|-resisted|p2a: Kingambit\n|-damage|p2a: Kingambit|84/100\n|-enditem|p2a: Kingambit|Black Glasses|[from] move: Knock Off|[of] p1a: Ogerpon\n|\n|upkeep\n|turn|2\n|\n|t:|1771223251\n|switch|p1a: Garchomp|Garchomp, M|100/100\n|move|p2a: Kingambit|Low Kick|p1a: Garchomp\n|-damage|p1a: Garchomp|80/100\n|-damage|p2a: Kingambit|72/100|[from] ability: Rough Skin|[of] p1a: Garchomp\n|-damage|p2a: Kingambit|55/100|[from] item: Rocky Helmet|[of] p1a: Garchomp\n|\n|upkeep\n|turn|3\n|\n|t:|1771223271\n|-end|p2a: Kingambit|fallenundefined|[silent]\n|switch|p2a: Alomomola|Alomomola, F|100/100\n|move|p1a: Garchomp|Stealth Rock|p2a: Alomomola\n|-sidestart|p2: bh.babiri|move: Stealth Rock\n|\n|upkeep\n|turn|4\n|\n|t:|1771223277\n|move|p2a: Alomomola|Wish|p2a: Alomomola\n|move|p1a: Garchomp|Dragon Tail|p2a: Alomomola\n|-damage|p2a: Alomomola|88/100\n|-damage|p1a: Garchomp|63/100|[from] item: Rocky Helmet|[of] p2a: Alomomola\n|drag|p2a: Pecharunt|Pecharunt|100/100\n|\n|upkeep\n|turn|5\n|\n|t:|1771223286\n|move|p2a: Pecharunt|Malignant Chain|p1a: Garchomp\n|-resisted|p1a: Garchomp\n|-damage|p1a: Garchomp|44/100\n|move|p1a: Garchomp|Dragon Tail|p2a: Pecharunt\n|-damage|p2a: Pecharunt|84/100\n|drag|p2a: Iron Crown|Iron Crown|100/100\n|-damage|p2a: Iron Crown|94/100|[from] Stealth Rock\n|-enditem|p2a: Iron Crown|Booster Energy\n|-activate|p2a: Iron Crown|ability: Quark Drive|[fromitem]\n|-start|p2a: Iron Crown|quarkdrivespa\n|\n|-heal|p2a: Iron Crown|100/100|[from] move: Wish|[wisher] Alomomola\n|upkeep\n|turn|6\n|\n|t:|1771223296\n|move|p2a: Iron Crown|Tachyon Cutter|p1a: Garchomp\n|-damage|p1a: Garchomp|12/100\n|-damage|p1a: Garchomp|0 fnt\n|faint|p1a: Garchomp\n|-hitcount|p1: Garchomp|2\n|\n|upkeep\n|\n|t:|1771223310\n|switch|p1a: Volcanion|Volcanion|100/100\n|turn|7\n|\n|t:|1771223323\n|move|p2a: Iron Crown|Volt Switch|p1a: Volcanion\n|-supereffective|p1a: Volcanion\n|-damage|p1a: Volcanion|43/100\n|\n|t:|1771223325\n|-end|p2a: Iron Crown|Quark Drive|[silent]\n|switch|p2a: Dragapult|Dragapult, F|100/100|[from] Volt Switch\n|move|p1a: Volcanion|Fire Blast|p2a: Dragapult\n|-resisted|p2a: Dragapult\n|-damage|p2a: Dragapult|39/100\n|-status|p2a: Dragapult|brn\n|\n|-damage|p2a: Dragapult|33/100 brn|[from] brn\n|upkeep\n|turn|8\n|\n|t:|1771223337\n|switch|p1a: Fezandipiti|Fezandipiti, M|100/100\n|move|p2a: Dragapult|Hex|p1a: Fezandipiti\n|-damage|p1a: Fezandipiti|84/100\n|\n|-heal|p1a: Fezandipiti|90/100|[from] item: Leftovers\n|-damage|p2a: Dragapult|27/100 brn|[from] brn\n|upkeep\n|turn|9\n|\n|t:|1771223347\n|move|p2a: Dragapult|U-turn|p1a: Fezandipiti\n|-resisted|p1a: Fezandipiti\n|-damage|p1a: Fezandipiti|88/100\n|\n|t:|1771223349\n|switch|p2a: Pecharunt|Pecharunt|84/100|[from] U-turn\n|move|p1a: Fezandipiti|Calm Mind|p1a: Fezandipiti\n|-boost|p1a: Fezandipiti|spa|1\n|-boost|p1a: Fezandipiti|spd|1\n|\n|-heal|p1a: Fezandipiti|94/100|[from] item: Leftovers\n|upkeep\n|turn|10\n|\n|t:|1771223352\n|move|p1a: Fezandipiti|Calm Mind|p1a: Fezandipiti\n|-boost|p1a: Fezandipiti|spa|1\n|-boost|p1a: Fezandipiti|spd|1\n|move|p2a: Pecharunt|Parting Shot|p1a: Fezandipiti\n|-unboost|p1a: Fezandipiti|atk|1\n|-unboost|p1a: Fezandipiti|spa|1\n|\n|t:|1771223355\n|switch|p2a: Landorus|Landorus-Therian, M|100/100|[from] Parting Shot\n|-damage|p2a: Landorus|88/100|[from] Stealth Rock\n|-ability|p2a: Landorus|Intimidate|boost\n|-unboost|p1a: Fezandipiti|atk|1\n|\n|-heal|p1a: Fezandipiti|99/100|[from] item: Leftovers\n|upkeep\n|turn|11\n|\n|t:|1771223381\n|move|p2a: Landorus|U-turn|p1a: Fezandipiti\n|-resisted|p1a: Fezandipiti\n|-damage|p1a: Fezandipiti|95/100\n|\n|t:|1771223385\n|switch|p2a: Dragapult|Dragapult, F|27/100 brn|[from] U-turn\n|move|p1a: Fezandipiti|Moonblast|p2a: Dragapult\n|-supereffective|p2a: Dragapult\n|-damage|p2a: Dragapult|0 fnt\n|faint|p2a: Dragapult\n|\n|-heal|p1a: Fezandipiti|100/100|[from] item: Leftovers\n|upkeep\n|\n|t:|1771223387\n|switch|p2a: Landorus|Landorus-Therian, M|88/100\n|-damage|p2a: Landorus|76/100|[from] Stealth Rock\n|-ability|p2a: Landorus|Intimidate|boost\n|-unboost|p1a: Fezandipiti|atk|1\n|turn|12\n|\n|t:|1771223396\n|switch|p1a: Ogerpon|Ogerpon-Teal-Tera, F, tera:Grass|100/100\n|-ability|p1a: Ogerpon|Embody Aspect (Teal)|boost\n|-boost|p1a: Ogerpon|spe|1\n|-terastallize|p2a: Landorus|Ground\n|move|p2a: Landorus|Earthquake|p1a: Ogerpon\n|-resisted|p1a: Ogerpon\n|-damage|p1a: Ogerpon|54/100\n|\n|upkeep\n|turn|13\n|\n|t:|1771223401\n|switch|p2a: Pecharunt|Pecharunt|84/100\n|move|p1a: Ogerpon|Ivy Cudgel|p2a: Pecharunt\n|-resisted|p2a: Pecharunt\n|-damage|p2a: Pecharunt|55/100\n|\n|upkeep\n|turn|14\n|\n|t:|1771223411\n|switch|p1a: Tyranitar|Tyranitar, F|100/100\n|-weather|Sandstorm|[from] ability: Sand Stream|[of] p1a: Tyranitar\n|move|p2a: Pecharunt|Parting Shot|p1a: Tyranitar\n|-unboost|p1a: Tyranitar|atk|1\n|-unboost|p1a: Tyranitar|spa|1\n|\n|t:|1771223413\n|switch|p2a: Landorus|Landorus-Therian, M, tera:Ground|76/100|[from] Parting Shot\n|-damage|p2a: Landorus|70/100|[from] Stealth Rock\n|-ability|p2a: Landorus|Intimidate|boost\n|-unboost|p1a: Tyranitar|atk|1\n|\n|-weather|Sandstorm|[upkeep]\n|upkeep\n|turn|15\n|\n|t:|1771223421\n|switch|p1a: Volcanion|Volcanion|43/100\n|move|p2a: Landorus|Earthquake|p1a: Volcanion\n|-supereffective|p1a: Volcanion\n|-damage|p1a: Volcanion|0 fnt\n|faint|p1a: Volcanion\n|\n|-weather|Sandstorm|[upkeep]\n|upkeep\n|\n|t:|1771223426\n|switch|p1a: Ogerpon|Ogerpon-Teal-Tera, F, tera:Grass|54/100\n|-ability|p1a: Ogerpon|Embody Aspect (Teal)|boost\n|-boost|p1a: Ogerpon|spe|1\n|turn|16\n|\n|t:|1771223429\n|switch|p2a: Kingambit|Kingambit, F|55/100\n|-damage|p2a: Kingambit|49/100|[from] Stealth Rock\n|-activate|p2a: Kingambit|ability: Supreme Overlord\n|-start|p2a: Kingambit|fallen1|[silent]\n|move|p1a: Ogerpon|Knock Off|p2a: Kingambit\n|-resisted|p2a: Kingambit\n|-damage|p2a: Kingambit|37/100\n|\n|-weather|Sandstorm|[upkeep]\n|-damage|p1a: Ogerpon|48/100|[from] Sandstorm\n|upkeep\n|turn|17\n|\n|t:|1771223438\n|switch|p1a: Tyranitar|Tyranitar, F|100/100\n|move|p2a: Kingambit|Kowtow Cleave|p1a: Tyranitar\n|-resisted|p1a: Tyranitar\n|-damage|p1a: Tyranitar|80/100\n|\n|-weather|Sandstorm|[upkeep]\n|upkeep\n|turn|18\n|\n|t:|1771223444\n|move|p1a: Tyranitar|Earthquake|p2a: Kingambit\n|-supereffective|p2a: Kingambit\n|-damage|p2a: Kingambit|0 fnt\n|faint|p2a: Kingambit\n|-end|p2a: Kingambit|fallen1|[silent]\n|\n|-weather|none\n|upkeep\n|\n|t:|1771223446\n|switch|p2a: Landorus|Landorus-Therian, M, tera:Ground|70/100\n|-damage|p2a: Landorus|64/100|[from] Stealth Rock\n|-ability|p2a: Landorus|Intimidate|boost\n|-unboost|p1a: Tyranitar|atk|1\n|turn|19\n|\n|t:|1771223461\n|switch|p1a: Maushold|Maushold-Four|100/100\n|move|p2a: Landorus|Earthquake|p1a: Maushold\n|-damage|p1a: Maushold|0 fnt\n|faint|p1a: Maushold\n|\n|upkeep\n|\n|t:|1771223464\n|switch|p1a: Ogerpon|Ogerpon-Teal-Tera, F, tera:Grass|48/100\n|-ability|p1a: Ogerpon|Embody Aspect (Teal)|boost\n|-boost|p1a: Ogerpon|spe|1\n|turn|20\n|\n|t:|1771223479\n|switch|p2a: Iron Crown|Iron Crown|100/100\n|-damage|p2a: Iron Crown|94/100|[from] Stealth Rock\n|move|p1a: Ogerpon|Ivy Cudgel|p2a: Iron Crown\n|-resisted|p2a: Iron Crown\n|-crit|p2a: Iron Crown\n|-damage|p2a: Iron Crown|11/100\n|\n|upkeep\n|turn|21\n|\n|t:|1771223485\n|move|p1a: Ogerpon|Ivy Cudgel|p2a: Iron Crown\n|-resisted|p2a: Iron Crown\n|-damage|p2a: Iron Crown|0 fnt\n|faint|p2a: Iron Crown\n|-end|p2a: Iron Crown|Quark Drive|[silent]\n|\n|upkeep\n|\n|t:|1771223487\n|switch|p2a: Pecharunt|Pecharunt|55/100\n|turn|22\n|\n|t:|1771223491\n|switch|p1a: Tyranitar|Tyranitar, F|80/100\n|-weather|Sandstorm|[from] ability: Sand Stream|[of] p1a: Tyranitar\n|move|p2a: Pecharunt|Recover|p2a: Pecharunt\n|-heal|p2a: Pecharunt|100/100\n|\n|-weather|Sandstorm|[upkeep]\n|-damage|p2a: Pecharunt|94/100|[from] Sandstorm\n|upkeep\n|turn|23\n|\n|t:|1771223494\n|move|p2a: Pecharunt|Parting Shot|p1a: Tyranitar\n|-unboost|p1a: Tyranitar|atk|1\n|-unboost|p1a: Tyranitar|spa|1\n|\n|t:|1771223495\n|switch|p2a: Alomomola|Alomomola, F|100/100|[from] Parting Shot\n|-damage|p2a: Alomomola|88/100|[from] Stealth Rock\n|move|p1a: Tyranitar|Knock Off|p2a: Alomomola\n|-damage|p2a: Alomomola|68/100\n|-damage|p1a: Tyranitar|64/100|[from] item: Rocky Helmet|[of] p2a: Alomomola\n|-enditem|p2a: Alomomola|Rocky Helmet|[from] move: Knock Off|[of] p1a: Tyranitar\n|\n|-weather|Sandstorm|[upkeep]\n|-damage|p2a: Alomomola|62/100|[from] Sandstorm\n|upkeep\n|turn|24\n|\n|t:|1771223501\n|switch|p1a: Fezandipiti|Fezandipiti, M|100/100\n|move|p2a: Alomomola|Flip Turn|p1a: Fezandipiti\n|-damage|p1a: Fezandipiti|89/100\n|\n|t:|1771223503\n|switch|p2a: Landorus|Landorus-Therian, M, tera:Ground|64/100|[from] Flip Turn\n|-damage|p2a: Landorus|58/100|[from] Stealth Rock\n|-ability|p2a: Landorus|Intimidate|boost\n|-unboost|p1a: Fezandipiti|atk|1\n|\n|-weather|Sandstorm|[upkeep]\n|-damage|p1a: Fezandipiti|83/100|[from] Sandstorm\n|-heal|p1a: Fezandipiti|89/100|[from] item: Leftovers\n|upkeep\n|turn|25\n|\n|t:|1771223508\n|move|p2a: Landorus|Earthquake|p1a: Fezandipiti\n|-supereffective|p1a: Fezandipiti\n|-damage|p1a: Fezandipiti|0 fnt\n|faint|p1a: Fezandipiti\n|\n|-weather|Sandstorm|[upkeep]\n|upkeep\n|\n|t:|1771223510\n|switch|p1a: Ogerpon|Ogerpon-Teal-Tera, F, tera:Grass|48/100\n|-ability|p1a: Ogerpon|Embody Aspect (Teal)|boost\n|-boost|p1a: Ogerpon|spe|1\n|turn|26\n|\n|t:|1771223518\n|switch|p2a: Alomomola|Alomomola, F|95/100\n|-damage|p2a: Alomomola|83/100|[from] Stealth Rock\n|move|p1a: Ogerpon|Ivy Cudgel|p2a: Alomomola\n|-supereffective|p2a: Alomomola\n|-crit|p2a: Alomomola\n|-damage|p2a: Alomomola|0 fnt\n|faint|p2a: Alomomola\n|\n|-weather|none\n|upkeep\n|\n|t:|1771223522\n|switch|p2a: Pecharunt|Pecharunt|94/100\n|turn|27\n|\n|t:|1771223526\n|move|p1a: Ogerpon|Ivy Cudgel|p2a: Pecharunt\n|-resisted|p2a: Pecharunt\n|-damage|p2a: Pecharunt|63/100\n|move|p2a: Pecharunt|Malignant Chain|p1a: Ogerpon\n|-supereffective|p1a: Ogerpon\n|-damage|p1a: Ogerpon|0 fnt\n|faint|p1a: Ogerpon\n|detailschange|p1: Ogerpon|Ogerpon, F|[silent]\n|\n|upkeep\n|\n|t:|1771223529\n|switch|p1a: Tyranitar|Tyranitar, F|64/100\n|-weather|Sandstorm|[from] ability: Sand Stream|[of] p1a: Tyranitar\n|turn|28\n|\n|t:|1771223530\n|move|p2a: Pecharunt|Malignant Chain|p1a: Tyranitar\n|-resisted|p1a: Tyranitar\n|-damage|p1a: Tyranitar|56/100\n|-status|p1a: Tyranitar|tox\n|-start|p1a: Tyranitar|confusion|[from] ability: Poison Puppeteer|[of] p2a: Pecharunt\n|-activate|p1a: Tyranitar|confusion\n|move|p1a: Tyranitar|Crunch|p2a: Pecharunt\n|-supereffective|p2a: Pecharunt\n|-damage|p2a: Pecharunt|10/100\n|\n|-weather|Sandstorm|[upkeep]\n|-damage|p2a: Pecharunt|4/100|[from] Sandstorm\n|-damage|p1a: Tyranitar|50/100 tox|[from] psn\n|upkeep\n|turn|29\n|c|☆Zicofool|gg\n|-message|Zicofool forfeited.\n|\n|win|bh.babiri\n|raw|Zicofool's rating: 1546 &rarr; <strong>1533</strong><br />(-13 for losing)\n|raw|bh.babiri's rating: 1668 &rarr; <strong>1681</strong><br />(+13 for winning)\n|l|☆Zicofool\n|player|p1|\n|l|☆bh.babiri\n|player|p2|\n", "uploadtime": 1771223788, "views": 7, "formatid": "gen9ou", "rating": 1533, "private": 0, "password": null}