{"id": "gen9ou-2639991692", "format": "[Gen 9] OU", "players": ["tb poke", "Kinair"], "log": "|j|☆tb poke\n|j|☆Kinair\n|t:|1782559690\n|gametype|singles\n|player|p1|tb poke|170|1604\n|player|p2|Kinair|169|1538\n|gen|9\n|tier|[Gen 9] OU\n|rated|\n|rule|HP Percentage Mod: HP is shown in percentages\n|rule|Endless Battle Clause: Forcing endless battles is banned\n|rule|Species Clause: Limit one of each Pokémon\n|rule|OHKO Clause: OHKO moves are banned\n|rule|Evasion Items Clause: Evasion items are banned\n|rule|Evasion Moves Clause: Evasion moves are banned\n|rule|Evasion Abilities Clause: Evasion abilities are banned\n|rule|Sleep Moves Clause: Sleep-inducing moves are banned\n|clearpoke\n|poke|p1|Kingambit, F|\n|poke|p1|Garganacl, F|\n|poke|p1|Pecharunt|\n|poke|p1|Alomomola, F|\n|poke|p1|Great Tusk|\n|poke|p1|Tornadus-Therian, M|\n|poke|p2|Pelipper, F|\n|poke|p2|Kingdra, M|\n|poke|p2|Raging Bolt|\n|poke|p2|Iron Treads|\n|poke|p2|Zamazenta-*|\n|poke|p2|Kingambit, F|\n|teampreview\n|inactive|Battle timer is ON: inactive players will automatically lose when time's up. (requested by Kinair)\n|\n|t:|1782559704\n|teamsize|p1|6\n|teamsize|p2|6\n|start\n|switch|p1a: Tornadus|Tornadus-Therian, M|100/100\n|switch|p2a: Iron Treads|Iron Treads|100/100\n|-enditem|p2a: Iron Treads|Booster Energy\n|-activate|p2a: Iron Treads|ability: Quark Drive|[fromitem]\n|-start|p2a: Iron Treads|quarkdrivespe\n|turn|1\n|\n|t:|1782559707\n|move|p2a: Iron Treads|Knock Off|p1a: Tornadus\n|-damage|p1a: Tornadus|75/100\n|-enditem|p1a: Tornadus|Assault Vest|[from] move: Knock Off|[of] p2a: Iron Treads\n|move|p1a: Tornadus|Heat Wave|p2a: Iron Treads\n|-supereffective|p2a: Iron Treads\n|-damage|p2a: Iron Treads|34/100\n|\n|upkeep\n|turn|2\n|\n|t:|1782559711\n|move|p2a: Iron Treads|Stealth Rock|p1a: Tornadus\n|-sidestart|p1: tb poke|move: Stealth Rock\n|move|p1a: Tornadus|Heat Wave|p2a: Iron Treads\n|-supereffective|p2a: Iron Treads\n|-damage|p2a: Iron Treads|0 fnt\n|faint|p2a: Iron Treads\n|-end|p2a: Iron Treads|Quark Drive|[silent]\n|\n|upkeep\n|\n|t:|1782559721\n|switch|p2a: Kingdra|Kingdra, M|100/100\n|turn|3\n|\n|t:|1782559725\n|move|p1a: Tornadus|Bleakwind Storm|p2a: Kingdra\n|-damage|p2a: Kingdra|58/100\n|move|p2a: Kingdra|Draco Meteor|p1a: Tornadus\n|-damage|p1a: Tornadus|0 fnt\n|-unboost|p2a: Kingdra|spa|2\n|faint|p1a: Tornadus\n|\n|upkeep\n|\n|t:|1782559737\n|switch|p1a: Garganacl|Garganacl, F|100/100\n|-damage|p1a: Garganacl|88/100|[from] Stealth Rock\n|turn|4\n|\n|t:|1782559743\n|switch|p2a: Zamazenta|Zamazenta|100/100\n|-ability|p2a: Zamazenta|Dauntless Shield|boost\n|-boost|p2a: Zamazenta|def|1\n|move|p1a: Garganacl|Salt Cure|p2a: Zamazenta\n|-resisted|p2a: Zamazenta\n|-damage|p2a: Zamazenta|97/100\n|-start|p2a: Zamazenta|Salt Cure\n|\n|-heal|p2a: Zamazenta|100/100|[from] item: Leftovers\n|-heal|p1a: Garganacl|94/100|[from] item: Leftovers\n|-damage|p2a: Zamazenta|88/100|[from] Salt Cure\n|upkeep\n|turn|5\n|\n|t:|1782559746\n|switch|p1a: Pecharunt|Pecharunt|100/100\n|move|p2a: Zamazenta|Body Press|p1a: Pecharunt\n|-immune|p1a: Pecharunt\n|\n|-heal|p2a: Zamazenta|94/100|[from] item: Leftovers\n|-damage|p2a: Zamazenta|82/100|[from] Salt Cure\n|upkeep\n|turn|6\n|\n|t:|1782559749\n|switch|p2a: Kingambit|Kingambit, F|100/100\n|-activate|p2a: Kingambit|ability: Supreme Overlord\n|-start|p2a: Kingambit|fallen1|[silent]\n|move|p1a: Pecharunt|Shadow Ball|p2a: Kingambit\n|-resisted|p2a: Kingambit\n|-damage|p2a: Kingambit|88/100\n|\n|upkeep\n|turn|7\n|\n|t:|1782559762\n|switch|p1a: Great Tusk|Great Tusk|100/100\n|-damage|p1a: Great Tusk|98/100|[from] Stealth Rock\n|-enditem|p1a: Great Tusk|Booster Energy\n|-activate|p1a: Great Tusk|ability: Protosynthesis|[fromitem]\n|-start|p1a: Great Tusk|protosynthesisspe\n|-end|p2a: Kingambit|fallen1|[silent]\n|switch|p2a: Pelipper|Pelipper, F|100/100\n|-weather|RainDance|[from] ability: Drizzle|[of] p2a: Pelipper\n|\n|-weather|RainDance|[upkeep]\n|upkeep\n|turn|8\n|\n|t:|1782559774\n|-end|p1a: Great Tusk|Protosynthesis|[silent]\n|switch|p1a: Alomomola|Alomomola, F|100/100\n|-damage|p1a: Alomomola|88/100|[from] Stealth Rock\n|move|p2a: Pelipper|Surf|p1a: Alomomola\n|-resisted|p1a: Alomomola\n|-damage|p1a: Alomomola|69/100\n|\n|-weather|RainDance|[upkeep]\n|upkeep\n|turn|9\n|\n|t:|1782559778\n|move|p2a: Pelipper|Hurricane|p1a: Alomomola\n|-damage|p1a: Alomomola|37/100\n|-start|p1a: Alomomola|confusion\n|-activate|p1a: Alomomola|confusion\n|move|p1a: Alomomola|Flip Turn|p2a: Pelipper\n|-resisted|p2a: Pelipper\n|-damage|p2a: Pelipper|92/100\n|\n|t:|1782559780\n|switch|p1a: Garganacl|Garganacl, F|94/100|[from] Flip Turn\n|-damage|p1a: Garganacl|82/100|[from] Stealth Rock\n|\n|-weather|RainDance|[upkeep]\n|-heal|p1a: Garganacl|88/100|[from] item: Leftovers\n|upkeep\n|turn|10\n|\n|t:|1782559785\n|-terastallize|p1a: Garganacl|Flying\n|move|p2a: Pelipper|Surf|p1a: Garganacl\n|-damage|p1a: Garganacl|58/100\n|move|p1a: Garganacl|Salt Cure|p2a: Pelipper\n|-supereffective|p2a: Pelipper\n|-crit|p2a: Pelipper\n|-damage|p2a: Pelipper|57/100\n|-start|p2a: Pelipper|Salt Cure\n|\n|-weather|RainDance|[upkeep]\n|-heal|p1a: Garganacl|64/100|[from] item: Leftovers\n|-damage|p2a: Pelipper|33/100|[from] Salt Cure\n|upkeep\n|turn|11\n|\n|t:|1782559792\n|switch|p2a: Zamazenta|Zamazenta|82/100\n|move|p1a: Garganacl|Recover|p1a: Garganacl\n|-heal|p1a: Garganacl|100/100\n|\n|-weather|RainDance|[upkeep]\n|-heal|p2a: Zamazenta|88/100|[from] item: Leftovers\n|upkeep\n|turn|12\n|\n|t:|1782559796\n|move|p1a: Garganacl|Salt Cure|p2a: Zamazenta\n|-resisted|p2a: Zamazenta\n|-damage|p2a: Zamazenta|82/100\n|-start|p2a: Zamazenta|Salt Cure\n|move|p2a: Zamazenta|Roar|p1a: Garganacl\n|drag|p1a: Great Tusk|Great Tusk|98/100\n|-damage|p1a: Great Tusk|95/100|[from] Stealth Rock\n|\n|-weather|RainDance|[upkeep]\n|-heal|p2a: Zamazenta|89/100|[from] item: Leftovers\n|-damage|p2a: Zamazenta|76/100|[from] Salt Cure\n|upkeep\n|turn|13\n|\n|t:|1782559801\n|switch|p2a: Kingdra|Kingdra, M|58/100\n|move|p1a: Great Tusk|Rapid Spin|p2a: Kingdra\n|-damage|p2a: Kingdra|41/100\n|-boost|p1a: Great Tusk|spe|1\n|-sideend|p1: tb poke|Stealth Rock|[from] move: Rapid Spin|[of] p1a: Great Tusk\n|\n|-weather|RainDance|[upkeep]\n|upkeep\n|turn|14\n|\n|t:|1782559807\n|-end|p1a: Great Tusk|Protosynthesis|[silent]\n|switch|p1a: Alomomola|Alomomola, F|70/100\n|move|p2a: Kingdra|Surf|p1a: Alomomola\n|-resisted|p1a: Alomomola\n|-damage|p1a: Alomomola|28/100\n|\n|-weather|none\n|upkeep\n|turn|15\n|\n|t:|1782559814\n|move|p2a: Kingdra|Surf|p1a: Alomomola\n|-resisted|p1a: Alomomola\n|-damage|p1a: Alomomola|0 fnt\n|faint|p1a: Alomomola\n|\n|upkeep\n|\n|t:|1782559817\n|switch|p1a: Garganacl|Garganacl, F, tera:Flying|100/100\n|turn|16\n|\n|t:|1782559820\n|switch|p2a: Pelipper|Pelipper, F|33/100\n|-weather|RainDance|[from] ability: Drizzle|[of] p2a: Pelipper\n|move|p1a: Garganacl|Salt Cure|p2a: Pelipper\n|-supereffective|p2a: Pelipper\n|-damage|p2a: Pelipper|12/100\n|-start|p2a: Pelipper|Salt Cure\n|\n|-weather|RainDance|[upkeep]\n|-damage|p2a: Pelipper|0 fnt|[from] Salt Cure\n|faint|p2a: Pelipper\n|upkeep\n|\n|t:|1782559821\n|switch|p2a: Raging Bolt|Raging Bolt|100/100\n|-enditem|p2a: Raging Bolt|Booster Energy\n|-activate|p2a: Raging Bolt|ability: Protosynthesis|[fromitem]\n|-start|p2a: Raging Bolt|protosynthesisspa\n|turn|17\n|\n|t:|1782559826\n|switch|p1a: Pecharunt|Pecharunt|100/100\n|move|p2a: Raging Bolt|Thunder|p1a: Pecharunt\n|-damage|p1a: Pecharunt|17/100\n|-status|p1a: Pecharunt|par\n|\n|-weather|RainDance|[upkeep]\n|upkeep\n|turn|18\n|\n|t:|1782559829\n|move|p2a: Raging Bolt|Weather Ball|p1a: Pecharunt\n|-damage|p1a: Pecharunt|0 fnt\n|faint|p1a: Pecharunt\n|\n|-weather|RainDance|[upkeep]\n|upkeep\n|\n|t:|1782559843\n|switch|p1a: Kingambit|Kingambit, F|100/100\n|-activate|p1a: Kingambit|ability: Supreme Overlord\n|-start|p1a: Kingambit|fallen3|[silent]\n|turn|19\n|\n|t:|1782559849\n|move|p2a: Raging Bolt|Thunder|p1a: Kingambit\n|-damage|p1a: Kingambit|0 fnt\n|faint|p1a: Kingambit\n|-end|p1a: Kingambit|fallen3|[silent]\n|\n|-weather|RainDance|[upkeep]\n|upkeep\n|\n|t:|1782559851\n|switch|p1a: Great Tusk|Great Tusk|95/100\n|turn|20\n|\n|t:|1782559855\n|-terastallize|p2a: Raging Bolt|Fairy\n|move|p1a: Great Tusk|Headlong Rush|p2a: Raging Bolt\n|-damage|p2a: Raging Bolt|51/100\n|-unboost|p1a: Great Tusk|def|1\n|-unboost|p1a: Great Tusk|spd|1\n|move|p2a: Raging Bolt|Weather Ball|p1a: Great Tusk\n|-supereffective|p1a: Great Tusk\n|-damage|p1a: Great Tusk|0 fnt\n|faint|p1a: Great Tusk\n|-end|p1a: Great Tusk|Protosynthesis|[silent]\n|\n|-weather|RainDance|[upkeep]\n|upkeep\n|\n|t:|1782559857\n|switch|p1a: Garganacl|Garganacl, F, tera:Flying|100/100\n|turn|21\n|\n|t:|1782559858\n|move|p2a: Raging Bolt|Thunder|p1a: Garganacl\n|-supereffective|p1a: Garganacl\n|-damage|p1a: Garganacl|0 fnt\n|faint|p1a: Garganacl\n|\n|win|Kinair\n|raw|tb poke's rating: 1604 &rarr; <strong>1580</strong><br />(-24 for losing)\n|raw|Kinair's rating: 1538 &rarr; <strong>1562</strong><br />(+24 for winning)\n|l|☆tb poke\n|player|p1|\n|l|☆Kinair\n|player|p2|\n", "uploadtime": 1782560120, "views": 8, "formatid": "gen9ou", "rating": 1562, "private": 0, "password": null}