{"id": "gen9ou-2639965968", "format": "[Gen 9] OU", "players": ["nwalesu", "brodiewhat"], "log": "|j|☆nwalesu\n|j|☆brodiewhat\n|t:|1782554154\n|gametype|singles\n|player|p1|nwalesu|170|1552\n|player|p2|brodiewhat|palmer|1615\n|gen|9\n|tier|[Gen 9] OU\n|rated|\n|rule|HP Percentage Mod: HP is shown in percentages\n|rule|Endless Battle Clause: Forcing endless battles is banned\n|rule|Species Clause: Limit one of each Pokémon\n|rule|OHKO Clause: OHKO moves are banned\n|rule|Evasion Items Clause: Evasion items are banned\n|rule|Evasion Moves Clause: Evasion moves are banned\n|rule|Evasion Abilities Clause: Evasion abilities are banned\n|rule|Sleep Moves Clause: Sleep-inducing moves are banned\n|clearpoke\n|poke|p1|Rotom-Heat|\n|poke|p1|Dragonite, F|\n|poke|p1|Iron Crown|\n|poke|p1|Primarina, F|\n|poke|p1|Mandibuzz, F|\n|poke|p1|Garchomp, F|\n|poke|p2|Tornadus, M|\n|poke|p2|Hoopa-Unbound|\n|poke|p2|Brambleghast, M|\n|poke|p2|Armarouge, M|\n|poke|p2|Hatterene, F|\n|poke|p2|Ogerpon-Cornerstone, F|\n|teampreview\n|inactive|Battle timer is ON: inactive players will automatically lose when time's up. (requested by brodiewhat)\n|inactive|brodiewhat has 120 seconds left.\n|\n|t:|1782554195\n|teamsize|p1|6\n|teamsize|p2|6\n|start\n|switch|p1a: Iron Crown|Iron Crown|100/100\n|switch|p2a: Tornadus|Tornadus, M|100/100\n|turn|1\n|\n|t:|1782554204\n|move|p2a: Tornadus|Tailwind|p2a: Tornadus\n|-sidestart|p2: brodiewhat|move: Tailwind\n|move|p1a: Iron Crown|Volt Switch|p2a: Tornadus\n|-supereffective|p2a: Tornadus\n|-damage|p2a: Tornadus|12/100\n|-enditem|p2a: Tornadus|Eject Button\n|\n|t:|1782554208\n|switch|p2a: Brambleghast|Brambleghast, M|100/100\n|-ability|p2a: Brambleghast|Wind Rider|boost\n|-boost|p2a: Brambleghast|atk|1\n|\n|upkeep\n|turn|2\n|\n|t:|1782554226\n|switch|p2a: Ogerpon|Ogerpon-Cornerstone, F|100/100\n|-end|p1a: Iron Crown|Quark Drive|[silent]\n|switch|p1a: Mandibuzz|Mandibuzz, F|100/100\n|\n|upkeep\n|turn|3\n|\n|t:|1782554237\n|switch|p1a: Iron Crown|Iron Crown|100/100\n|move|p2a: Ogerpon|Swords Dance|p2a: Ogerpon\n|-boost|p2a: Ogerpon|atk|2\n|\n|upkeep\n|turn|4\n|\n|t:|1782554258\n|-end|p1a: Iron Crown|Quark Drive|[silent]\n|switch|p1a: Mandibuzz|Mandibuzz, F|100/100\n|move|p2a: Ogerpon|Ivy Cudgel|p1a: Mandibuzz|[anim] Ivy Cudgel Rock\n|-supereffective|p1a: Mandibuzz\n|-crit|p1a: Mandibuzz\n|-damage|p1a: Mandibuzz|0 fnt\n|faint|p1a: Mandibuzz\n|\n|-sideend|p2: brodiewhat|move: Tailwind\n|upkeep\n|inactive|nwalesu has 120 seconds left.\n|\n|t:|1782554276\n|switch|p1a: Garchomp|Garchomp, F|100/100\n|turn|5\n|\n|t:|1782554280\n|move|p1a: Garchomp|Scale Shot|p2a: Ogerpon\n|-damage|p2a: Ogerpon|84/100\n|-damage|p2a: Ogerpon|69/100\n|-hitcount|p2a: Ogerpon|2\n|-unboost|p1a: Garchomp|def|1\n|-boost|p1a: Garchomp|spe|1\n|move|p2a: Ogerpon|Trailblaze|p1a: Garchomp\n|-damage|p1a: Garchomp|2/100\n|-boost|p2a: Ogerpon|spe|1\n|-damage|p2a: Ogerpon|57/100|[from] ability: Rough Skin|[of] p1a: Garchomp\n|\n|upkeep\n|turn|6\n|\n|t:|1782554291\n|move|p1a: Garchomp|Earthquake|p2a: Ogerpon\n|-damage|p2a: Ogerpon|1/100\n|move|p2a: Ogerpon|Trailblaze|p1a: Garchomp\n|-damage|p1a: Garchomp|0 fnt\n|-boost|p2a: Ogerpon|spe|1\n|-damage|p2a: Ogerpon|0 fnt|[from] ability: Rough Skin|[of] p1a: Garchomp\n|faint|p1a: Garchomp\n|faint|p2a: Ogerpon\n|\n|upkeep\n|\n|t:|1782554304\n|switch|p1a: Dragonite|Dragonite, F|100/100\n|switch|p2a: Tornadus|Tornadus, M|12/100\n|turn|7\n|\n|t:|1782554310\n|move|p2a: Tornadus|Tailwind|p2a: Tornadus\n|-sidestart|p2: brodiewhat|move: Tailwind\n|move|p1a: Dragonite|Dragon Dance|p1a: Dragonite\n|-boost|p1a: Dragonite|atk|1\n|-boost|p1a: Dragonite|spe|1\n|\n|upkeep\n|turn|8\n|\n|t:|1782554316\n|move|p2a: Tornadus|Bleakwind Storm|p1a: Dragonite\n|-damage|p1a: Dragonite|72/100\n|move|p1a: Dragonite|Dragon Dance|p1a: Dragonite\n|-boost|p1a: Dragonite|atk|1\n|-boost|p1a: Dragonite|spe|1\n|\n|upkeep\n|turn|9\n|\n|t:|1782554326\n|move|p2a: Tornadus|Bleakwind Storm|p1a: Dragonite\n|-damage|p1a: Dragonite|20/100\n|-unboost|p1a: Dragonite|spe|1\n|move|p1a: Dragonite|Thunder Punch|p2a: Tornadus\n|-supereffective|p2a: Tornadus\n|-damage|p2a: Tornadus|0 fnt\n|faint|p2a: Tornadus\n|\n|upkeep\n|\n|t:|1782554336\n|switch|p2a: Brambleghast|Brambleghast, M|100/100\n|-ability|p2a: Brambleghast|Wind Rider|boost\n|-boost|p2a: Brambleghast|atk|1\n|turn|10\n|\n|t:|1782554342\n|-terastallize|p1a: Dragonite|Normal\n|move|p2a: Brambleghast|Rapid Spin|p1a: Dragonite\n|-damage|p1a: Dragonite|0 fnt\n|-boost|p2a: Brambleghast|spe|1\n|faint|p1a: Dragonite\n|-damage|p2a: Brambleghast|91/100|[from] item: Life Orb\n|\n|-sideend|p2: brodiewhat|move: Tailwind\n|upkeep\n|\n|t:|1782554352\n|switch|p1a: Rotom|Rotom-Heat|100/100\n|turn|11\n|\n|t:|1782554355\n|-terastallize|p2a: Brambleghast|Ghost\n|move|p2a: Brambleghast|Poltergeist|p1a: Rotom\n|-activate|p1a: Rotom|move: Poltergeist|Heavy-Duty Boots\n|-damage|p1a: Rotom|0 fnt\n|faint|p1a: Rotom\n|-damage|p2a: Brambleghast|81/100|[from] item: Life Orb\n|\n|upkeep\n|-message|nwalesu forfeited.\n|\n|win|brodiewhat\n|raw|nwalesu's rating: 1552 &rarr; <strong>1536</strong><br />(-16 for losing)\n|raw|brodiewhat's rating: 1615 &rarr; <strong>1631</strong><br />(+16 for winning)\n|j| uncle brown\n|j| dpp henry\n|l| uncle brown\n|l| dpp henry\n|l|☆brodiewhat\n|player|p2|\n", "uploadtime": 1782554369, "views": 10, "formatid": "gen9ou", "rating": 1536, "private": 0, "password": null}