{"id": "gen9ou-2639299821", "format": "[Gen 9] OU", "players": ["Kankan14", "beiqianccc"], "log": "|j|☆Kankan14\n|j|☆beiqianccc\n|t:|1782448567\n|gametype|singles\n|player|p1|Kankan14|cyrus|\n|player|p2|beiqianccc|red|\n|gen|9\n|tier|[Gen 9] OU\n|rule|HP Percentage Mod: HP is shown in percentages\n|rule|Endless Battle Clause: Forcing endless battles is banned\n|rule|Species Clause: Limit one of each Pokémon\n|rule|OHKO Clause: OHKO moves are banned\n|rule|Evasion Items Clause: Evasion items are banned\n|rule|Evasion Moves Clause: Evasion moves are banned\n|rule|Evasion Abilities Clause: Evasion abilities are banned\n|rule|Sleep Moves Clause: Sleep-inducing moves are banned\n|clearpoke\n|poke|p1|Samurott-Hisui, M|\n|poke|p1|Zapdos|\n|poke|p1|Iron Treads|\n|poke|p1|Ceruledge, M|\n|poke|p1|Gholdengo|\n|poke|p1|Kingambit, M|\n|poke|p2|Blissey, F|\n|poke|p2|Slowbro, M|\n|poke|p2|Krookodile, F|\n|poke|p2|Dragapult, M|\n|poke|p2|Great Tusk|\n|poke|p2|Corviknight, M|\n|teampreview\n|\n|t:|1782448577\n|teamsize|p1|6\n|teamsize|p2|6\n|start\n|switch|p1a: 大象|Iron Treads, shiny|100/100\n|switch|p2a: Corviknight|Corviknight, M|100/100\n|turn|1\n|\n|t:|1782448588\n|move|p1a: 大象|Knock Off|p2a: Corviknight\n|-damage|p2a: Corviknight|82/100\n|-enditem|p2a: Corviknight|Leftovers|[from] move: Knock Off|[of] p1a: 大象\n|move|p2a: Corviknight|Body Press|p1a: 大象\n|-supereffective|p1a: 大象\n|-damage|p1a: 大象|54/100\n|\n|-heal|p1a: 大象|61/100|[from] item: Leftovers\n|upkeep\n|turn|2\n|\n|t:|1782448606\n|-end|p1a: 大象|Quark Drive|[silent]\n|switch|p1a: 尖嘴大黄鸟|Zapdos, shiny|100/100\n|move|p2a: Corviknight|Tailwind|p2a: Corviknight\n|-sidestart|p2: beiqianccc|move: Tailwind\n|\n|upkeep\n|turn|3\n|\n|t:|1782448617\n|switch|p2a: 陨石|Blissey, F|100/100\n|move|p1a: 尖嘴大黄鸟|Thunder Wave|p2a: 陨石\n|-status|p2a: 陨石|par\n|\n|upkeep\n|turn|4\n|\n|t:|1782448625\n|move|p1a: 尖嘴大黄鸟|Hurricane|p2a: 陨石\n|-damage|p2a: 陨石|88/100 par\n|-start|p2a: 陨石|confusion\n|-activate|p2a: 陨石|confusion\n|move|p2a: 陨石|Stealth Rock|p1a: 尖嘴大黄鸟\n|-sidestart|p1: Kankan14|move: Stealth Rock\n|\n|-heal|p2a: 陨石|94/100 par|[from] item: Leftovers\n|upkeep\n|turn|5\n|\n|t:|1782448643\n|switch|p1a: 大象|Iron Treads, shiny|61/100\n|-damage|p1a: 大象|58/100|[from] Stealth Rock\n|-curestatus|p2a: 陨石|par|[from] ability: Natural Cure|[silent]\n|switch|p2a: 轮胎|Great Tusk|100/100\n|\n|-heal|p1a: 大象|64/100|[from] item: Leftovers\n|-sideend|p2: beiqianccc|move: Tailwind\n|upkeep\n|turn|6\n|\n|t:|1782448684\n|move|p1a: 大象|Rapid Spin|p2a: 轮胎\n|-damage|p2a: 轮胎|92/100\n|-boost|p1a: 大象|spe|1\n|-sideend|p1: Kankan14|Stealth Rock|[from] move: Rapid Spin|[of] p1a: 大象\n|move|p2a: 轮胎|Ice Spinner|p1a: 大象\n|-damage|p1a: 大象|40/100\n|\n|-heal|p1a: 大象|46/100|[from] item: Leftovers\n|upkeep\n|turn|7\n|\n|t:|1782448695\n|move|p1a: 大象|Earthquake|p2a: 轮胎\n|-damage|p2a: 轮胎|63/100\n|move|p2a: 轮胎|Ice Spinner|p1a: 大象\n|-crit|p1a: 大象\n|-damage|p1a: 大象|12/100\n|\n|-heal|p1a: 大象|18/100|[from] item: Leftovers\n|upkeep\n|turn|8\n|\n|t:|1782448717\n|-end|p1a: 大象|Quark Drive|[silent]\n|switch|p1a: 吹胡子瞪眼得嫖娼将军|Kingambit, M, shiny|100/100\n|move|p2a: 轮胎|Ice Spinner|p1a: 吹胡子瞪眼得嫖娼将军\n|-resisted|p1a: 吹胡子瞪眼得嫖娼将军\n|-damage|p1a: 吹胡子瞪眼得嫖娼将军|88/100\n|\n|-heal|p1a: 吹胡子瞪眼得嫖娼将军|95/100|[from] item: Leftovers\n|upkeep\n|turn|9\n|\n|t:|1782448728\n|move|p2a: 轮胎|Body Press|p1a: 吹胡子瞪眼得嫖娼将军\n|-supereffective|p1a: 吹胡子瞪眼得嫖娼将军\n|-damage|p1a: 吹胡子瞪眼得嫖娼将军|0 fnt\n|faint|p1a: 吹胡子瞪眼得嫖娼将军\n|-end|p1a: 吹胡子瞪眼得嫖娼将军|fallenundefined|[silent]\n|\n|upkeep\n|\n|t:|1782448740\n|switch|p1a: 紫色心情|Ceruledge, M, shiny|100/100\n|turn|10\n|\n|t:|1782448746\n|move|p2a: 轮胎|Headlong Rush|p1a: 紫色心情\n|-supereffective|p1a: 紫色心情\n|-damage|p1a: 紫色心情|0 fnt\n|-unboost|p2a: 轮胎|def|1\n|-unboost|p2a: 轮胎|spd|1\n|faint|p1a: 紫色心情\n|\n|upkeep\n|\n|t:|1782448754\n|switch|p1a: 黑毛|Samurott-Hisui, M|100/100\n|turn|11\n|\n|t:|1782448798\n|-end|p2a: 轮胎|Protosynthesis|[silent]\n|switch|p2a: 大智若愚|Slowbro, M|100/100\n|move|p1a: 黑毛|Razor Shell|p2a: 大智若愚\n|-resisted|p2a: 大智若愚\n|-damage|p2a: 大智若愚|87/100\n|-unboost|p2a: 大智若愚|def|1\n|\n|upkeep\n|turn|12\n|\n|t:|1782448807\n|move|p1a: 黑毛|Knock Off|p2a: 大智若愚\n|-supereffective|p2a: 大智若愚\n|-enditem|p2a: 大智若愚|Colbur Berry|[eat]\n|-enditem|p2a: 大智若愚|Colbur Berry|[weaken]\n|-damage|p2a: 大智若愚|49/100\n|move|p2a: 大智若愚|Body Press|p1a: 黑毛\n|-supereffective|p1a: 黑毛\n|-damage|p1a: 黑毛|62/100\n|\n|upkeep\n|turn|13\n|\n|t:|1782448821\n|move|p1a: 黑毛|Ceaseless Edge|p2a: 大智若愚\n|-supereffective|p2a: 大智若愚\n|-damage|p2a: 大智若愚|0 fnt\n|-sidestart|p2: beiqianccc|Spikes\n|faint|p2a: 大智若愚\n|\n|upkeep\n|\n|t:|1782448826\n|switch|p2a: Corviknight|Corviknight, M|82/100\n|turn|14\n|\n|t:|1782448840\n|move|p1a: 黑毛|Ceaseless Edge|p2a: Corviknight\n|-damage|p2a: Corviknight|53/100\n|-sidestart|p2: beiqianccc|Spikes\n|move|p2a: Corviknight|Defog|p1a: 黑毛\n|-unboost|p1a: 黑毛|evasion|1\n|-sideend|p2: beiqianccc|Spikes|[from] move: Defog|[of] p2a: Corviknight\n|\n|upkeep\n|turn|15\n|\n|t:|1782448869\n|move|p1a: 黑毛|Razor Shell|p2a: Corviknight\n|-damage|p2a: Corviknight|22/100\n|move|p2a: Corviknight|Body Press|p1a: 黑毛\n|-supereffective|p1a: 黑毛\n|-damage|p1a: 黑毛|13/100\n|\n|upkeep\n|turn|16\n|\n|t:|1782448935\n|move|p1a: 黑毛|Ceaseless Edge|p2a: Corviknight\n|-damage|p2a: Corviknight|0 fnt\n|-sidestart|p2: beiqianccc|Spikes\n|faint|p2a: Corviknight\n|\n|upkeep\n|\n|t:|1782448944\n|switch|p2a: 陨石|Blissey, F|94/100\n|-damage|p2a: 陨石|82/100|[from] Spikes\n|turn|17\n|\n|t:|1782448958\n|move|p1a: 黑毛|Ceaseless Edge|p2a: 陨石\n|-damage|p2a: 陨石|38/100\n|-sidestart|p2: beiqianccc|Spikes\n|move|p2a: 陨石|Thunder Wave|p1a: 黑毛\n|-status|p1a: 黑毛|par\n|\n|-heal|p2a: 陨石|44/100|[from] item: Leftovers\n|upkeep\n|turn|18\n|\n|t:|1782448971\n|move|p2a: 陨石|Soft-Boiled|p2a: 陨石\n|-heal|p2a: 陨石|94/100\n|move|p1a: 黑毛|Ceaseless Edge|p2a: 陨石\n|-damage|p2a: 陨石|48/100\n|-sidestart|p2: beiqianccc|Spikes\n|\n|-heal|p2a: 陨石|54/100|[from] item: Leftovers\n|upkeep\n|turn|19\n|\n|t:|1782448981\n|move|p2a: 陨石|Stealth Rock|p1a: 黑毛\n|-sidestart|p1: Kankan14|move: Stealth Rock\n|cant|p1a: 黑毛|par\n|\n|-heal|p2a: 陨石|60/100|[from] item: Leftovers\n|upkeep\n|turn|20\n|\n|t:|1782448990\n|switch|p2a: 轮胎|Great Tusk|63/100\n|-damage|p2a: 轮胎|39/100|[from] Spikes\n|move|p1a: 黑毛|Ceaseless Edge|p2a: 轮胎\n|-resisted|p2a: 轮胎\n|-damage|p2a: 轮胎|27/100\n|\n|upkeep\n|turn|21\n|\n|t:|1782449008\n|switch|p1a: 香蕉味旺旺碎冰冰|Gholdengo|100/100\n|-damage|p1a: 香蕉味旺旺碎冰冰|94/100|[from] Stealth Rock\n|-item|p1a: 香蕉味旺旺碎冰冰|Air Balloon\n|move|p2a: 轮胎|Ice Spinner|p1a: 香蕉味旺旺碎冰冰\n|-resisted|p1a: 香蕉味旺旺碎冰冰\n|-damage|p1a: 香蕉味旺旺碎冰冰|85/100\n|-enditem|p1a: 香蕉味旺旺碎冰冰|Air Balloon\n|\n|upkeep\n|turn|22\n|\n|t:|1782449023\n|move|p2a: 轮胎|Headlong Rush|p1a: 香蕉味旺旺碎冰冰\n|-supereffective|p1a: 香蕉味旺旺碎冰冰\n|-damage|p1a: 香蕉味旺旺碎冰冰|0 fnt\n|-unboost|p2a: 轮胎|def|1\n|-unboost|p2a: 轮胎|spd|1\n|faint|p1a: 香蕉味旺旺碎冰冰\n|\n|upkeep\n|\n|t:|1782449030\n|switch|p1a: 尖嘴大黄鸟|Zapdos, shiny|100/100\n|turn|23\n|\n|t:|1782449039\n|move|p1a: 尖嘴大黄鸟|Hurricane|p2a: 轮胎|[miss]\n|-miss|p1a: 尖嘴大黄鸟|p2a: 轮胎\n|move|p2a: 轮胎|Ice Spinner|p1a: 尖嘴大黄鸟\n|-supereffective|p1a: 尖嘴大黄鸟\n|-damage|p1a: 尖嘴大黄鸟|62/100\n|\n|upkeep\n|turn|24\n|\n|t:|1782449047\n|-end|p2a: 轮胎|Protosynthesis|[silent]\n|switch|p2a: 酷酷的鳄鱼|Krookodile, F|100/100\n|-damage|p2a: 酷酷的鳄鱼|76/100|[from] Spikes\n|-ability|p2a: 酷酷的鳄鱼|Intimidate|boost\n|-unboost|p1a: 尖嘴大黄鸟|atk|1\n|move|p1a: 尖嘴大黄鸟|Hurricane|p2a: 酷酷的鳄鱼\n|-damage|p2a: 酷酷的鳄鱼|19/100\n|\n|-heal|p2a: 酷酷的鳄鱼|26/100|[from] item: Leftovers\n|upkeep\n|turn|25\n|\n|t:|1782449065\n|move|p2a: 酷酷的鳄鱼|Stone Edge|p1a: 尖嘴大黄鸟\n|-supereffective|p1a: 尖嘴大黄鸟\n|-damage|p1a: 尖嘴大黄鸟|12/100\n|move|p1a: 尖嘴大黄鸟|Hurricane|p2a: 酷酷的鳄鱼\n|-damage|p2a: 酷酷的鳄鱼|0 fnt\n|faint|p2a: 酷酷的鳄鱼\n|\n|upkeep\n|\n|t:|1782449072\n|switch|p2a: 陨石|Blissey, F|60/100\n|-damage|p2a: 陨石|35/100|[from] Spikes\n|turn|26\n|\n|t:|1782449080\n|move|p1a: 尖嘴大黄鸟|Roost|p1a: 尖嘴大黄鸟\n|-heal|p1a: 尖嘴大黄鸟|62/100\n|-singleturn|p1a: 尖嘴大黄鸟|move: Roost\n|move|p2a: 陨石|Soft-Boiled|p2a: 陨石\n|-heal|p2a: 陨石|85/100\n|\n|-heal|p2a: 陨石|92/100|[from] item: Leftovers\n|upkeep\n|turn|27\n|\n|t:|1782449090\n|switch|p2a: 佐伯龙治|Dragapult, M, shiny|100/100\n|-damage|p2a: 佐伯龙治|76/100|[from] Spikes\n|move|p1a: 尖嘴大黄鸟|Roost|p1a: 尖嘴大黄鸟\n|-heal|p1a: 尖嘴大黄鸟|100/100\n|-singleturn|p1a: 尖嘴大黄鸟|move: Roost\n|\n|upkeep\n|turn|28\n|\n|t:|1782449102\n|move|p2a: 佐伯龙治|Fire Blast|p1a: 尖嘴大黄鸟\n|-damage|p1a: 尖嘴大黄鸟|62/100\n|-damage|p2a: 佐伯龙治|66/100|[from] item: Life Orb\n|move|p1a: 尖嘴大黄鸟|Thunder Wave|p2a: 佐伯龙治\n|-status|p2a: 佐伯龙治|par\n|\n|upkeep\n|turn|29\n|\n|t:|1782449114\n|move|p1a: 尖嘴大黄鸟|Hurricane|p2a: 佐伯龙治|[miss]\n|-miss|p1a: 尖嘴大黄鸟|p2a: 佐伯龙治\n|move|p2a: 佐伯龙治|Draco Meteor|p1a: 尖嘴大黄鸟\n|-damage|p1a: 尖嘴大黄鸟|0 fnt\n|-unboost|p2a: 佐伯龙治|spa|2\n|faint|p1a: 尖嘴大黄鸟\n|-damage|p2a: 佐伯龙治|56/100 par|[from] item: Life Orb\n|\n|upkeep\n|\n|t:|1782449128\n|switch|p1a: 大象|Iron Treads, shiny|18/100\n|-damage|p1a: 大象|15/100|[from] Stealth Rock\n|turn|30\n|\n|t:|1782449149\n|switch|p2a: 陨石|Blissey, F|92/100\n|-damage|p2a: 陨石|67/100|[from] Spikes\n|move|p1a: 大象|Knock Off|p2a: 陨石\n|-damage|p2a: 陨石|30/100\n|-enditem|p2a: 陨石|Leftovers|[from] move: Knock Off|[of] p1a: 大象\n|\n|-heal|p1a: 大象|21/100|[from] item: Leftovers\n|upkeep\n|turn|31\n|\n|t:|1782449167\n|move|p1a: 大象|Rapid Spin|p2a: 陨石\n|-damage|p2a: 陨石|12/100\n|-boost|p1a: 大象|spe|1\n|-sideend|p1: Kankan14|Stealth Rock|[from] move: Rapid Spin|[of] p1a: 大象\n|move|p2a: 陨石|Heal Bell|p2a: 陨石\n|-activate|p2a: 陨石|move: Heal Bell\n|-curestatus|p2: 佐伯龙治|par|[msg]\n|\n|-heal|p1a: 大象|27/100|[from] item: Leftovers\n|upkeep\n|turn|32\n|\n|t:|1782449179\n|move|p1a: 大象|Knock Off|p2a: 陨石\n|-damage|p2a: 陨石|0 fnt\n|faint|p2a: 陨石\n|\n|-heal|p1a: 大象|34/100|[from] item: Leftovers\n|upkeep\n|\n|t:|1782449187\n|switch|p2a: 轮胎|Great Tusk|27/100\n|-damage|p2a: 轮胎|2/100|[from] Spikes\n|turn|33\n|\n|t:|1782449203\n|move|p1a: 大象|Knock Off|p2a: 轮胎\n|-resisted|p2a: 轮胎\n|-damage|p2a: 轮胎|0 fnt\n|-enditem|p2a: 轮胎|Assault Vest|[from] move: Knock Off|[of] p1a: 大象\n|faint|p2a: 轮胎\n|-end|p2a: 轮胎|Protosynthesis|[silent]\n|\n|-heal|p1a: 大象|40/100|[from] item: Leftovers\n|upkeep\n|\n|t:|1782449210\n|switch|p2a: 佐伯龙治|Dragapult, M, shiny|56/100\n|-damage|p2a: 佐伯龙治|31/100|[from] Spikes\n|turn|34\n|\n|t:|1782449218\n|-terastallize|p2a: 佐伯龙治|Steel\n|move|p1a: 大象|Knock Off|p2a: 佐伯龙治\n|-damage|p2a: 佐伯龙治|0 fnt\n|-enditem|p2a: 佐伯龙治|Life Orb|[from] move: Knock Off|[of] p1a: 大象\n|faint|p2a: 佐伯龙治\n|\n|win|Kankan14\n", "uploadtime": 1782449225, "views": 7, "formatid": "gen9ou", "rating": null, "private": 0, "password": null}