{"id": "gen9ou-2540513521", "format": "[Gen 9] OU", "players": ["ihateclodsire", "faiyex-san"], "log": "|j|☆ihateclodsire\n|j|☆faiyex-san\n|t:|1771211504\n|gametype|singles\n|player|p1|ihateclodsire|riley|1656\n|player|p2|faiyex-san|erika|1645\n|gen|9\n|tier|[Gen 9] OU\n|rated|\n|rule|HP Percentage Mod: HP is shown in percentages\n|rule|Endless Battle Clause: Forcing endless battles is banned\n|rule|Species Clause: Limit one of each Pokémon\n|rule|OHKO Clause: OHKO moves are banned\n|rule|Evasion Items Clause: Evasion items are banned\n|rule|Evasion Moves Clause: Evasion moves are banned\n|rule|Evasion Abilities Clause: Evasion abilities are banned\n|rule|Sleep Moves Clause: Sleep-inducing moves are banned\n|clearpoke\n|poke|p1|Pelipper, F|\n|poke|p1|Hatterene, F|\n|poke|p1|Iron Treads|\n|poke|p1|Toxicroak, M|\n|poke|p1|Floatzel, F|\n|poke|p1|Zapdos|\n|poke|p2|Ceruledge, F|\n|poke|p2|Darkrai|\n|poke|p2|Hatterene, F|\n|poke|p2|Samurott-Hisui, M|\n|poke|p2|Landorus-Therian, M|\n|poke|p2|Zamazenta-*|\n|teampreview\n|inactive|Battle timer is ON: inactive players will automatically lose when time's up. (requested by ihateclodsire)\n|\n|t:|1771211529\n|teamsize|p1|6\n|teamsize|p2|6\n|start\n|switch|p1a: Pelipper|Pelipper, F|100/100\n|switch|p2a: Ceruledge|Ceruledge, F|100/100\n|-weather|RainDance|[from] ability: Drizzle|[of] p1a: Pelipper\n|turn|1\n|\n|t:|1771211541\n|-terastallize|p2a: Ceruledge|Ghost\n|move|p2a: Ceruledge|Poltergeist|p1a: Pelipper|[miss]\n|-miss|p2a: Ceruledge|p1a: Pelipper\n|move|p1a: Pelipper|Hurricane|p2a: Ceruledge\n|-crit|p2a: Ceruledge\n|-damage|p2a: Ceruledge|31/100\n|-start|p2a: Ceruledge|confusion\n|\n|-weather|RainDance|[upkeep]\n|upkeep\n|turn|2\n|\n|t:|1771211546\n|-terastallize|p1a: Pelipper|Normal\n|-activate|p2a: Ceruledge|confusion\n|move|p2a: Ceruledge|Poltergeist|p1a: Pelipper\n|-immune|p1a: Pelipper\n|move|p1a: Pelipper|Hurricane|p2a: Ceruledge\n|-damage|p2a: Ceruledge|0 fnt\n|faint|p2a: Ceruledge\n|\n|-weather|RainDance|[upkeep]\n|upkeep\n|\n|t:|1771211559\n|switch|p2a: Samurott|Samurott-Hisui, M|100/100\n|turn|3\n|\n|t:|1771211563\n|switch|p1a: Need a Frog!?|Toxicroak, M|100/100\n|move|p2a: Samurott|Razor Shell|p1a: Need a Frog!?\n|-immune|p1a: Need a Frog!?|[from] ability: Dry Skin\n|\n|-weather|RainDance|[upkeep]\n|upkeep\n|turn|4\n|\n|t:|1771211571\n|switch|p2a: Hatterene|Hatterene, F|100/100\n|move|p1a: Need a Frog!?|Toxic|p2a: Hatterene\n|move|p2a: Hatterene|Toxic|p1a: Need a Frog!?|[from] ability: Magic Bounce\n|-immune|p1a: Need a Frog!?\n|\n|-weather|RainDance|[upkeep]\n|upkeep\n|turn|5\n|\n|t:|1771211575\n|move|p1a: Need a Frog!?|Knock Off|p2a: Hatterene\n|-damage|p2a: Hatterene|72/100\n|-enditem|p2a: Hatterene|Assault Vest|[from] move: Knock Off|[of] p1a: Need a Frog!?\n|move|p2a: Hatterene|Psyshock|p1a: Need a Frog!?\n|-supereffective|p1a: Need a Frog!?\n|-damage|p1a: Need a Frog!?|0 fnt\n|faint|p1a: Need a Frog!?\n|\n|-weather|RainDance|[upkeep]\n|upkeep\n|\n|t:|1771211578\n|switch|p1a: GOATzel|Floatzel, F, shiny|100/100\n|turn|6\n|\n|t:|1771211589\n|switch|p2a: Landorus|Landorus-Therian, M|100/100\n|-ability|p2a: Landorus|Intimidate|boost\n|-unboost|p1a: GOATzel|atk|1\n|move|p1a: GOATzel|Liquidation|p2a: Landorus\n|-supereffective|p2a: Landorus\n|-damage|p2a: Landorus|0 fnt\n|-damage|p1a: GOATzel|84/100|[from] item: Rocky Helmet|[of] p2a: Landorus\n|faint|p2a: Landorus\n|\n|-weather|RainDance|[upkeep]\n|upkeep\n|\n|t:|1771211593\n|switch|p2a: Samurott|Samurott-Hisui, M|100/100\n|turn|7\n|\n|t:|1771211596\n|switch|p1a: Glampoline|Hatterene, F|100/100\n|move|p2a: Samurott|Ceaseless Edge|p1a: Glampoline\n|-damage|p1a: Glampoline|64/100\n|-sidestart|p1: ihateclodsire|Spikes\n|-enditem|p1a: Glampoline|Eject Button\n|\n|t:|1771211599\n|switch|p1a: Zapdos|Zapdos|100/100\n|\n|-weather|RainDance|[upkeep]\n|upkeep\n|turn|8\n|\n|t:|1771211609\n|move|p1a: Zapdos|Volt Switch|p2a: Samurott\n|-supereffective|p2a: Samurott\n|-damage|p2a: Samurott|29/100\n|\n|t:|1771211617\n|switch|p1a: Iron Treads|Iron Treads|100/100|[from] Volt Switch\n|-damage|p1a: Iron Treads|88/100|[from] Spikes\n|move|p2a: Samurott|Ceaseless Edge|p1a: Iron Treads\n|-damage|p1a: Iron Treads|53/100\n|-sidestart|p1: ihateclodsire|Spikes\n|\n|-weather|none\n|-heal|p1a: Iron Treads|59/100|[from] item: Leftovers\n|upkeep\n|turn|9\n|\n|t:|1771211631\n|move|p1a: Iron Treads|Earthquake|p2a: Samurott\n|-damage|p2a: Samurott|0 fnt\n|faint|p2a: Samurott\n|\n|-heal|p1a: Iron Treads|65/100|[from] item: Leftovers\n|upkeep\n|\n|t:|1771211638\n|switch|p2a: Zamazenta|Zamazenta|100/100\n|-ability|p2a: Zamazenta|Dauntless Shield|boost\n|-boost|p2a: Zamazenta|def|1\n|turn|10\n|\n|t:|1771211645\n|-end|p1a: Iron Treads|Quark Drive|[silent]\n|switch|p1a: Zapdos|Zapdos|100/100\n|move|p2a: Zamazenta|Close Combat|p1a: Zapdos\n|-resisted|p1a: Zapdos\n|-damage|p1a: Zapdos|65/100\n|-unboost|p2a: Zamazenta|def|1\n|-unboost|p2a: Zamazenta|spd|1\n|\n|upkeep\n|turn|11\n|\n|t:|1771211648\n|move|p2a: Zamazenta|Stone Edge|p1a: Zapdos\n|-supereffective|p1a: Zapdos\n|-damage|p1a: Zapdos|0 fnt\n|faint|p1a: Zapdos\n|\n|upkeep\n|\n|t:|1771211653\n|switch|p1a: Pelipper|Pelipper, F, tera:Normal|100/100\n|-damage|p1a: Pelipper|84/100|[from] Spikes\n|-weather|RainDance|[from] ability: Drizzle|[of] p1a: Pelipper\n|turn|12\n|\n|t:|1771211661\n|move|p2a: Zamazenta|Close Combat|p1a: Pelipper\n|-supereffective|p1a: Pelipper\n|-damage|p1a: Pelipper|0 fnt\n|-unboost|p2a: Zamazenta|def|1\n|-unboost|p2a: Zamazenta|spd|1\n|faint|p1a: Pelipper\n|\n|-weather|RainDance|[upkeep]\n|upkeep\n|\n|t:|1771211664\n|switch|p1a: GOATzel|Floatzel, F, shiny|84/100\n|-damage|p1a: GOATzel|68/100|[from] Spikes\n|turn|13\n|inactive|ihateclodsire has 120 seconds left.\n|\n|t:|1771211733\n|switch|p2a: Hatterene|Hatterene, F|72/100\n|move|p1a: GOATzel|Wave Crash|p2a: Hatterene\n|-damage|p2a: Hatterene|0 fnt\n|faint|p2a: Hatterene\n|-damage|p1a: GOATzel|47/100|[from] Recoil\n|\n|-weather|RainDance|[upkeep]\n|upkeep\n|\n|t:|1771211739\n|switch|p2a: Zamazenta|Zamazenta|100/100\n|turn|14\n|\n|t:|1771211744\n|switch|p1a: Iron Treads|Iron Treads|65/100\n|-damage|p1a: Iron Treads|49/100|[from] Spikes\n|move|p2a: Zamazenta|Crunch|p1a: Iron Treads\n|-damage|p1a: Iron Treads|28/100\n|-unboost|p1a: Iron Treads|def|1\n|\n|-weather|RainDance|[upkeep]\n|-heal|p1a: Iron Treads|34/100|[from] item: Leftovers\n|upkeep\n|turn|15\n|\n|t:|1771211756\n|switch|p2a: Darkrai|Darkrai|100/100\n|move|p1a: Iron Treads|Rapid Spin|p2a: Darkrai\n|-damage|p2a: Darkrai|84/100\n|-boost|p1a: Iron Treads|spe|1\n|-sideend|p1: ihateclodsire|Spikes|[from] move: Rapid Spin|[of] p1a: Iron Treads\n|\n|-weather|RainDance|[upkeep]\n|-heal|p1a: Iron Treads|40/100|[from] item: Leftovers\n|upkeep\n|turn|16\n|\n|t:|1771211762\n|move|p2a: Darkrai|Dark Pulse|p1a: Iron Treads\n|-damage|p1a: Iron Treads|6/100\n|move|p1a: Iron Treads|Earthquake|p2a: Darkrai\n|-crit|p2a: Darkrai\n|-damage|p2a: Darkrai|3/100\n|\n|-weather|RainDance|[upkeep]\n|-heal|p1a: Iron Treads|12/100|[from] item: Leftovers\n|upkeep\n|turn|17\n|\n|t:|1771211764\n|move|p2a: Darkrai|Dark Pulse|p1a: Iron Treads\n|-damage|p1a: Iron Treads|0 fnt\n|faint|p1a: Iron Treads\n|-end|p1a: Iron Treads|Quark Drive|[silent]\n|\n|-weather|RainDance|[upkeep]\n|upkeep\n|\n|t:|1771211766\n|switch|p1a: GOATzel|Floatzel, F, shiny|47/100\n|turn|18\n|\n|t:|1771211769\n|move|p1a: GOATzel|Wave Crash|p2a: Darkrai\n|-damage|p2a: Darkrai|0 fnt\n|faint|p2a: Darkrai\n|-damage|p1a: GOATzel|46/100|[from] Recoil\n|\n|-weather|RainDance|[upkeep]\n|upkeep\n|\n|t:|1771211771\n|switch|p2a: Zamazenta|Zamazenta|100/100\n|turn|19\n|\n|t:|1771211790\n|move|p1a: GOATzel|Wave Crash|p2a: Zamazenta\n|-damage|p2a: Zamazenta|0 fnt\n|faint|p2a: Zamazenta\n|-damage|p1a: GOATzel|12/100|[from] Recoil\n|\n|win|ihateclodsire\n|raw|ihateclodsire's rating: 1656 &rarr; <strong>1675</strong><br />(+19 for winning)\n|raw|faiyex-san's rating: 1645 &rarr; <strong>1626</strong><br />(-19 for losing)\n|l|☆ihateclodsire\n|player|p1|\n|l|☆faiyex-san\n|player|p2|\n", "uploadtime": 1771211994, "views": 14, "formatid": "gen9ou", "rating": 1626, "private": 0, "password": null}