{"id": "gen9ou-2540803609", "format": "[Gen 9] OU", "players": ["bigtestsofbig", "ja hoi"], "log": "|j|☆bigtestsofbig\n|j|☆ja hoi\n|t:|1771255702\n|gametype|singles\n|player|p1|bigtestsofbig|169|1544\n|player|p2|ja hoi|102|1556\n|gen|9\n|tier|[Gen 9] OU\n|rated|\n|rule|HP Percentage Mod: HP is shown in percentages\n|rule|Endless Battle Clause: Forcing endless battles is banned\n|rule|Species Clause: Limit one of each Pokémon\n|rule|OHKO Clause: OHKO moves are banned\n|rule|Evasion Items Clause: Evasion items are banned\n|rule|Evasion Moves Clause: Evasion moves are banned\n|rule|Evasion Abilities Clause: Evasion abilities are banned\n|rule|Sleep Moves Clause: Sleep-inducing moves are banned\n|clearpoke\n|poke|p1|Gliscor, F|\n|poke|p1|Kingambit, F|\n|poke|p1|Dragonite, F|\n|poke|p1|Hatterene, F|\n|poke|p1|Keldeo-Resolute|\n|poke|p1|Iron Boulder|\n|poke|p2|Quaquaval, F|\n|poke|p2|Iron Moth|\n|poke|p2|Dragapult, F|\n|poke|p2|Corviknight, F|\n|poke|p2|Grimmsnarl, M|\n|poke|p2|Garganacl, M|\n|teampreview\n|inactive|Battle timer is ON: inactive players will automatically lose when time's up. (requested by ja hoi)\n|\n|t:|1771255714\n|teamsize|p1|6\n|teamsize|p2|6\n|start\n|switch|p1a: Hatterene|Hatterene, F|100/100\n|switch|p2a: Grimmsnarl|Grimmsnarl, M|100/100\n|turn|1\n|inactive|ja hoi has 120 seconds left.\n|\n|t:|1771255770\n|move|p2a: Grimmsnarl|Parting Shot|p1a: Hatterene\n|move|p1a: Hatterene|Parting Shot|p2a: Grimmsnarl|[from] ability: Magic Bounce\n|-unboost|p2a: Grimmsnarl|atk|1\n|-unboost|p2a: Grimmsnarl|spa|1\n|inactive|bigtestsofbig has 120 seconds left.\n|\n|t:|1771255815\n|switch|p1a: Keldeo|Keldeo-Resolute|100/100|[from] Parting Shot\n|\n|upkeep\n|turn|2\n|\n|t:|1771255822\n|move|p2a: Grimmsnarl|Light Screen|p2a: Grimmsnarl\n|-sidestart|p2: ja hoi|move: Light Screen\n|move|p1a: Keldeo|Surf|p2a: Grimmsnarl\n|-damage|p2a: Grimmsnarl|72/100\n|\n|upkeep\n|turn|3\n|\n|t:|1771255828\n|move|p2a: Grimmsnarl|Reflect|p2a: Grimmsnarl\n|-sidestart|p2: ja hoi|Reflect\n|move|p1a: Keldeo|Surf|p2a: Grimmsnarl\n|-damage|p2a: Grimmsnarl|45/100\n|\n|upkeep\n|turn|4\n|\n|t:|1771255834\n|switch|p1a: Hatterene|Hatterene, F|100/100\n|switch|p2a: Corviknight|Corviknight, F|100/100\n|-ability|p2a: Corviknight|Pressure\n|\n|upkeep\n|turn|5\n|inactive|ja hoi has 120 seconds left.\n|\n|t:|1771255860\n|move|p2a: Corviknight|Brave Bird|p1a: Hatterene\n|-damage|p1a: Hatterene|57/100\n|-damage|p2a: Corviknight|84/100|[from] item: Rocky Helmet|[of] p1a: Hatterene\n|-damage|p2a: Corviknight|72/100|[from] Recoil\n|move|p1a: Hatterene|Nuzzle|p2a: Corviknight\n|-supereffective|p2a: Corviknight\n|-damage|p2a: Corviknight|69/100\n|-status|p2a: Corviknight|par\n|-damage|p1a: Hatterene|40/100|[from] item: Rocky Helmet|[of] p2a: Corviknight\n|\n|upkeep\n|turn|6\n|\n|t:|1771255874\n|switch|p1a: Gliscor|Gliscor, F|100/100\n|move|p2a: Corviknight|Brave Bird|p1a: Gliscor\n|-damage|p1a: Gliscor|61/100\n|-damage|p2a: Corviknight|57/100 par|[from] Recoil\n|\n|-status|p1a: Gliscor|tox|[from] item: Toxic Orb\n|upkeep\n|turn|7\n|inactive|ja hoi has 90 seconds left.\n|inactive|ja hoi has 60 seconds left.\n|inactive|bigtestsofbig has 120 seconds left.\n|inactive|ja hoi has 30 seconds left.\n|inactive|ja hoi has 20 seconds left.\n|\n|t:|1771255972\n|move|p1a: Gliscor|Knock Off|p2a: Corviknight\n|-damage|p2a: Corviknight|49/100 par\n|-damage|p1a: Gliscor|45/100 tox|[from] item: Rocky Helmet|[of] p2a: Corviknight\n|-enditem|p2a: Corviknight|Rocky Helmet|[from] move: Knock Off|[of] p1a: Gliscor\n|move|p2a: Corviknight|Brave Bird|p1a: Gliscor\n|-damage|p1a: Gliscor|0 fnt\n|faint|p1a: Gliscor\n|-damage|p2a: Corviknight|37/100 par|[from] Recoil\n|\n|upkeep\n|\n|t:|1771255992\n|switch|p1a: Iron Boulder|Iron Boulder|100/100\n|-enditem|p1a: Iron Boulder|Booster Energy\n|-activate|p1a: Iron Boulder|ability: Quark Drive|[fromitem]\n|-start|p1a: Iron Boulder|quarkdrivespe\n|turn|8\n|inactive|ja hoi has 30 seconds left.\n|\n|t:|1771256006\n|move|p1a: Iron Boulder|Swords Dance|p1a: Iron Boulder\n|-boost|p1a: Iron Boulder|atk|2\n|move|p2a: Corviknight|U-turn|p1a: Iron Boulder\n|-supereffective|p1a: Iron Boulder\n|-damage|p1a: Iron Boulder|49/100\n|inactive|ja hoi has 30 seconds left this turn.\n|inactive|ja hoi has 20 seconds left.\n|\n|t:|1771256016\n|switch|p2a: Dragapult|Dragapult, F|100/100|[from] U-turn\n|\n|upkeep\n|turn|9\n|inactive|ja hoi has 30 seconds left this turn.\n|inactive|bigtestsofbig has 120 seconds left.\n|\n|t:|1771256031\n|-terastallize|p1a: Iron Boulder|Fighting\n|move|p2a: Dragapult|Sucker Punch|p1a: Iron Boulder\n|-resisted|p1a: Iron Boulder\n|-damage|p1a: Iron Boulder|34/100\n|move|p1a: Iron Boulder|Mighty Cleave|p2a: Dragapult\n|-damage|p2a: Dragapult|27/100\n|\n|-heal|p2a: Dragapult|33/100|[from] item: Leftovers\n|-sideend|p2: ja hoi|move: Light Screen\n|upkeep\n|turn|10\n|inactive|bigtestsofbig has 120 seconds left.\n|\n|t:|1771256045\n|move|p2a: Dragapult|Sucker Punch|p1a: Iron Boulder\n|-resisted|p1a: Iron Boulder\n|-damage|p1a: Iron Boulder|18/100\n|move|p1a: Iron Boulder|Mighty Cleave|p2a: Dragapult\n|-damage|p2a: Dragapult|0 fnt\n|faint|p2a: Dragapult\n|\n|-sideend|p2: ja hoi|Reflect\n|upkeep\n|inactive|ja hoi has 30 seconds left.\n|\n|t:|1771256065\n|switch|p2a: Quaquaval|Quaquaval, F|100/100\n|turn|11\n|\n|t:|1771256074\n|move|p2a: Quaquaval|Aqua Jet|p1a: Iron Boulder\n|-damage|p1a: Iron Boulder|0 fnt\n|faint|p1a: Iron Boulder\n|-end|p1a: Iron Boulder|Quark Drive|[silent]\n|-ability|p2a: Quaquaval|Moxie|boost\n|-boost|p2a: Quaquaval|atk|1\n|\n|upkeep\n|\n|t:|1771256080\n|switch|p1a: Dragonite|Dragonite, F|100/100\n|turn|12\n|inactive|ja hoi has 30 seconds left.\n|\n|t:|1771256104\n|move|p2a: Quaquaval|Ice Spinner|p1a: Dragonite\n|-supereffective|p1a: Dragonite\n|-damage|p1a: Dragonite|27/100\n|move|p1a: Dragonite|Dragon Tail|p2a: Quaquaval|[miss]\n|-miss|p1a: Dragonite|p2a: Quaquaval\n|\n|upkeep\n|turn|13\n|\n|t:|1771256118\n|switch|p1a: Hatterene|Hatterene, F|40/100\n|move|p2a: Quaquaval|Ice Spinner|p1a: Hatterene\n|-damage|p1a: Hatterene|10/100\n|-damage|p2a: Quaquaval|84/100|[from] item: Rocky Helmet|[of] p1a: Hatterene\n|\n|upkeep\n|turn|14\n|\n|t:|1771256124\n|move|p2a: Quaquaval|Aqua Step|p1a: Hatterene\n|-damage|p1a: Hatterene|0 fnt\n|-boost|p2a: Quaquaval|spe|1\n|-damage|p2a: Quaquaval|68/100|[from] item: Rocky Helmet|[of] p1a: Hatterene\n|faint|p1a: Hatterene\n|-ability|p2a: Quaquaval|Moxie|boost\n|-boost|p2a: Quaquaval|atk|1\n|\n|upkeep\n|\n|t:|1771256132\n|switch|p1a: Keldeo|Keldeo-Resolute|100/100\n|turn|15\n|\n|t:|1771256137\n|move|p1a: Keldeo|Vacuum Wave|p2a: Quaquaval\n|-damage|p2a: Quaquaval|24/100\n|move|p2a: Quaquaval|Close Combat|p1a: Keldeo\n|-damage|p1a: Keldeo|0 fnt\n|-unboost|p2a: Quaquaval|def|1\n|-unboost|p2a: Quaquaval|spd|1\n|faint|p1a: Keldeo\n|-ability|p2a: Quaquaval|Moxie|boost\n|-boost|p2a: Quaquaval|atk|1\n|\n|upkeep\n|\n|t:|1771256140\n|switch|p1a: Dragonite|Dragonite, F|27/100\n|turn|16\n|\n|t:|1771256149\n|switch|p2a: Corviknight|Corviknight, F|37/100 par\n|-ability|p2a: Corviknight|Pressure\n|move|p1a: Dragonite|Extreme Speed|p2a: Corviknight\n|-resisted|p2a: Corviknight\n|-damage|p2a: Corviknight|24/100 par\n|\n|upkeep\n|turn|17\n|\n|t:|1771256156\n|move|p1a: Dragonite|Roost|p1a: Dragonite\n|-heal|p1a: Dragonite|77/100\n|-singleturn|p1a: Dragonite|move: Roost\n|move|p2a: Corviknight|Brave Bird|p1a: Dragonite\n|-damage|p1a: Dragonite|31/100\n|-damage|p2a: Corviknight|10/100 par|[from] Recoil\n|\n|upkeep\n|turn|18\n|\n|t:|1771256177\n|move|p1a: Dragonite|Extreme Speed|p2a: Corviknight\n|-resisted|p2a: Corviknight\n|-damage|p2a: Corviknight|0 fnt\n|faint|p2a: Corviknight\n|\n|upkeep\n|\n|t:|1771256190\n|switch|p2a: Garganacl|Garganacl, M|100/100\n|turn|19\n|inactive|bigtestsofbig has 120 seconds left.\n|\n|t:|1771256230\n|move|p1a: Dragonite|Earthquake|p2a: Garganacl\n|-supereffective|p2a: Garganacl\n|-damage|p2a: Garganacl|50/100\n|move|p2a: Garganacl|Salt Cure|p1a: Dragonite\n|-supereffective|p1a: Dragonite\n|-damage|p1a: Dragonite|6/100\n|-start|p1a: Dragonite|Salt Cure\n|\n|-heal|p2a: Garganacl|56/100|[from] item: Leftovers\n|-damage|p1a: Dragonite|0 fnt|[from] Salt Cure\n|faint|p1a: Dragonite\n|upkeep\n|\n|t:|1771256233\n|switch|p1a: Kingambit|Kingambit, F|100/100\n|-activate|p1a: Kingambit|ability: Supreme Overlord\n|-start|p1a: Kingambit|fallen5|[silent]\n|turn|20\n|\n|t:|1771256246\n|move|p1a: Kingambit|Iron Head|p2a: Garganacl\n|-supereffective|p2a: Garganacl\n|-damage|p2a: Garganacl|0 fnt\n|faint|p2a: Garganacl\n|\n|upkeep\n|\n|t:|1771256251\n|switch|p2a: Grimmsnarl|Grimmsnarl, M|45/100\n|turn|21\n|\n|t:|1771256254\n|move|p2a: Grimmsnarl|Reflect|p2a: Grimmsnarl\n|-sidestart|p2: ja hoi|Reflect\n|move|p1a: Kingambit|Swords Dance|p1a: Kingambit\n|-boost|p1a: Kingambit|atk|2\n|\n|upkeep\n|turn|22\n|\n|t:|1771256268\n|switch|p2a: Iron Moth|Iron Moth|100/100\n|-enditem|p2a: Iron Moth|Booster Energy\n|-activate|p2a: Iron Moth|ability: Quark Drive|[fromitem]\n|-start|p2a: Iron Moth|quarkdrivespa\n|move|p1a: Kingambit|Swords Dance|p1a: Kingambit\n|-boost|p1a: Kingambit|atk|2\n|\n|upkeep\n|turn|23\n|inactive|bigtestsofbig has 120 seconds left.\n|\n|t:|1771256306\n|move|p1a: Kingambit|Sucker Punch|p2a: Iron Moth\n|-damage|p2a: Iron Moth|0 fnt\n|faint|p2a: Iron Moth\n|-end|p2a: Iron Moth|Quark Drive|[silent]\n|\n|upkeep\n|\n|t:|1771256310\n|switch|p2a: Quaquaval|Quaquaval, F|24/100\n|turn|24\n|\n|t:|1771256316\n|-terastallize|p2a: Quaquaval|Water\n|move|p2a: Quaquaval|Aqua Jet|p1a: Kingambit\n|-damage|p1a: Kingambit|78/100\n|move|p1a: Kingambit|Sucker Punch||[still]\n|-fail|p1a: Kingambit\n|\n|-heal|p1a: Kingambit|84/100|[from] item: Leftovers\n|upkeep\n|turn|25\n|inactive|ja hoi has 120 seconds left.\n|\n|t:|1771256325\n|move|p2a: Quaquaval|Aqua Jet|p1a: Kingambit\n|-damage|p1a: Kingambit|62/100\n|move|p1a: Kingambit|Sucker Punch||[still]\n|-fail|p1a: Kingambit\n|\n|-heal|p1a: Kingambit|68/100|[from] item: Leftovers\n|upkeep\n|turn|26\n|\n|t:|1771256342\n|move|p2a: Quaquaval|Aqua Jet|p1a: Kingambit\n|-damage|p1a: Kingambit|46/100\n|move|p1a: Kingambit|Sucker Punch||[still]\n|-fail|p1a: Kingambit\n|\n|-heal|p1a: Kingambit|52/100|[from] item: Leftovers\n|upkeep\n|turn|27\n|\n|t:|1771256351\n|move|p1a: Kingambit|Sucker Punch|p2a: Quaquaval\n|-damage|p2a: Quaquaval|0 fnt\n|faint|p2a: Quaquaval\n|\n|-heal|p1a: Kingambit|58/100|[from] item: Leftovers\n|upkeep\n|c|☆ja hoi|aids\n|c|☆ja hoi|gg\n|-message|ja hoi forfeited.\n|\n|win|bigtestsofbig\n|raw|bigtestsofbig's rating: 1544 &rarr; <strong>1565</strong><br />(+21 for winning)\n|raw|ja hoi's rating: 1556 &rarr; <strong>1535</strong><br />(-21 for losing)\n|l|☆ja hoi\n|player|p2|\n|l|☆bigtestsofbig\n|player|p1|\n", "uploadtime": 1771256560, "views": 6, "formatid": "gen9ou", "rating": 1535, "private": 0, "password": null}