{"id": "gen9ou-2540798366", "format": "[Gen 9] OU", "players": ["elpets", "getreyal"], "log": "|badge|p1|bronze|gen9ou|100-8\n|uhtml|medal-msg|<div class=\"broadcast-blue\">Curious what those medals under the avatar are? PS now has Ladder Seasons! For more information, check out the <a href=\"https://www.smogon.com/forums/threads/3740067/\">thread on Smogon.</a></div>\n|badge|p2|bronze|gen9ou|100-8\n|uhtml|medal-msg|<div class=\"broadcast-blue\">Curious what those medals under the avatar are? PS now has Ladder Seasons! For more information, check out the <a href=\"https://www.smogon.com/forums/threads/3740067/\">thread on Smogon.</a></div>\n|j|☆elpets\n|j|☆getreyal\n|t:|1771255154\n|gametype|singles\n|player|p1|elpets|infielder|1847\n|player|p2|getreyal|pokemaniac-gen6|1885\n|gen|9\n|tier|[Gen 9] OU\n|rated|\n|rule|HP Percentage Mod: HP is shown in percentages\n|rule|Endless Battle Clause: Forcing endless battles is banned\n|rule|Species Clause: Limit one of each Pokémon\n|rule|OHKO Clause: OHKO moves are banned\n|rule|Evasion Items Clause: Evasion items are banned\n|rule|Evasion Moves Clause: Evasion moves are banned\n|rule|Evasion Abilities Clause: Evasion abilities are banned\n|rule|Sleep Moves Clause: Sleep-inducing moves are banned\n|clearpoke\n|poke|p1|Hatterene, F|\n|poke|p1|Dragonite, F|\n|poke|p1|Breloom, F|\n|poke|p1|Azumarill, F|\n|poke|p1|Great Tusk|\n|poke|p1|Skeledirge, F|\n|poke|p2|Zamazenta-*|\n|poke|p2|Cinderace, F|\n|poke|p2|Hatterene, F|\n|poke|p2|Raging Bolt|\n|poke|p2|Landorus-Therian, M|\n|poke|p2|Samurott-Hisui, F|\n|teampreview\n|inactive|Battle timer is ON: inactive players will automatically lose when time's up. (requested by elpets)\n|\n|t:|1771255166\n|teamsize|p1|6\n|teamsize|p2|6\n|start\n|switch|p1a: Azumarill|Azumarill, F|100/100\n|switch|p2a: Raging Bolt|Raging Bolt|100/100\n|turn|1\n|inactive|getreyal has 120 seconds left.\n|\n|t:|1771255197\n|-terastallize|p1a: Azumarill|Ground\n|move|p2a: Raging Bolt|Volt Switch|p1a: Azumarill\n|-immune|p1a: Azumarill\n|move|p1a: Azumarill|Play Rough|p2a: Raging Bolt\n|-supereffective|p2a: Raging Bolt\n|-damage|p2a: Raging Bolt|1/100\n|\n|upkeep\n|turn|2\n|\n|t:|1771255204\n|-end|p2a: Raging Bolt|Protosynthesis|[silent]\n|switch|p2a: Landorus|Landorus-Therian, M|100/100\n|-ability|p2a: Landorus|Intimidate|boost\n|-unboost|p1a: Azumarill|atk|1\n|move|p1a: Azumarill|Liquidation|p2a: Landorus\n|-supereffective|p2a: Landorus\n|-damage|p2a: Landorus|25/100\n|-damage|p1a: Azumarill|84/100|[from] item: Rocky Helmet|[of] p2a: Landorus\n|\n|upkeep\n|turn|3\n|inactive|getreyal has 120 seconds left.\n|\n|t:|1771255231\n|move|p1a: Azumarill|Aqua Jet|p2a: Landorus\n|-supereffective|p2a: Landorus\n|-crit|p2a: Landorus\n|-damage|p2a: Landorus|0 fnt\n|-damage|p1a: Azumarill|67/100|[from] item: Rocky Helmet|[of] p2a: Landorus\n|faint|p2a: Landorus\n|\n|upkeep\n|\n|t:|1771255232\n|switch|p2a: Samurott|Samurott-Hisui, F|100/100\n|turn|4\n|\n|t:|1771255240\n|switch|p1a: Ippo|Breloom, F|100/100\n|move|p2a: Samurott|Razor Shell|p1a: Ippo\n|-resisted|p1a: Ippo\n|-damage|p1a: Ippo|59/100\n|\n|upkeep\n|turn|5\n|\n|t:|1771255246\n|switch|p2a: Cinderace|Cinderace, F|100/100\n|move|p1a: Ippo|Bullet Seed|p2a: Cinderace\n|-resisted|p2a: Cinderace\n|-damage|p2a: Cinderace|85/100\n|-resisted|p2a: Cinderace\n|-damage|p2a: Cinderace|69/100\n|-hitcount|p2a: Cinderace|2\n|\n|upkeep\n|turn|6\n|\n|t:|1771255254\n|move|p2a: Cinderace|U-turn|p1a: Ippo\n|-start|p2a: Cinderace|typechange|Bug|[from] ability: Libero\n|-damage|p1a: Ippo|6/100\n|\n|t:|1771255258\n|switch|p2a: Zamazenta|Zamazenta|100/100|[from] U-turn\n|-ability|p2a: Zamazenta|Dauntless Shield|boost\n|-boost|p2a: Zamazenta|def|1\n|move|p1a: Ippo|Rock Tomb|p2a: Zamazenta\n|-resisted|p2a: Zamazenta\n|-damage|p2a: Zamazenta|92/100\n|-unboost|p2a: Zamazenta|spe|1\n|\n|-heal|p2a: Zamazenta|98/100|[from] item: Leftovers\n|upkeep\n|turn|7\n|\n|t:|1771255261\n|switch|p1a: Skeledirge|Skeledirge, F|100/100\n|move|p2a: Zamazenta|Body Press|p1a: Skeledirge\n|-immune|p1a: Skeledirge\n|\n|-heal|p2a: Zamazenta|100/100|[from] item: Leftovers\n|upkeep\n|turn|8\n|\n|t:|1771255264\n|switch|p2a: Samurott|Samurott-Hisui, F|100/100\n|move|p1a: Skeledirge|Torch Song|p2a: Samurott\n|-resisted|p2a: Samurott\n|-damage|p2a: Samurott|76/100\n|-boost|p1a: Skeledirge|spa|1\n|\n|upkeep\n|turn|9\n|\n|t:|1771255268\n|switch|p1a: Ippo|Breloom, F|6/100\n|move|p2a: Samurott|Ceaseless Edge|p1a: Ippo\n|-resisted|p1a: Ippo\n|-damage|p1a: Ippo|0 fnt\n|-sidestart|p1: elpets|Spikes\n|faint|p1a: Ippo\n|\n|upkeep\n|\n|t:|1771255271\n|switch|p1a: Dragonite|Dragonite, F|100/100\n|turn|10\n|\n|t:|1771255275\n|move|p1a: Dragonite|Dragon Dance|p1a: Dragonite\n|-boost|p1a: Dragonite|atk|1\n|-boost|p1a: Dragonite|spe|1\n|move|p2a: Samurott|Ceaseless Edge|p1a: Dragonite|[miss]\n|-miss|p2a: Samurott|p1a: Dragonite\n|\n|upkeep\n|turn|11\n|\n|t:|1771255277\n|move|p1a: Dragonite|Outrage|p2a: Samurott\n|-damage|p2a: Samurott|0 fnt\n|faint|p2a: Samurott\n|\n|upkeep\n|\n|t:|1771255279\n|switch|p2a: Hatterene|Hatterene, F|100/100\n|turn|12\n|\n|t:|1771255283\n|move|p1a: Dragonite|Outrage|p2a: Hatterene|[from] lockedmove\n|-immune|p2a: Hatterene\n|-start|p1a: Dragonite|confusion|[fatigue]\n|-enditem|p1a: Dragonite|Lum Berry|[eat]\n|-end|p1a: Dragonite|confusion\n|move|p2a: Hatterene|Nuzzle|p1a: Dragonite\n|-damage|p1a: Dragonite|99/100\n|-status|p1a: Dragonite|par\n|\n|upkeep\n|turn|13\n|\n|t:|1771255285\n|cant|p1a: Dragonite|par\n|move|p2a: Hatterene|Draining Kiss|p1a: Dragonite\n|-supereffective|p1a: Dragonite\n|-damage|p1a: Dragonite|40/100 par\n|\n|upkeep\n|turn|14\n|\n|t:|1771255290\n|move|p1a: Dragonite|Extreme Speed|p2a: Hatterene\n|-damage|p2a: Hatterene|55/100\n|move|p2a: Hatterene|Draining Kiss|p1a: Dragonite\n|-supereffective|p1a: Dragonite\n|-damage|p1a: Dragonite|0 fnt\n|-heal|p2a: Hatterene|85/100|[from] drain|[of] p1a: Dragonite\n|faint|p1a: Dragonite\n|\n|upkeep\n|\n|t:|1771255293\n|switch|p1a: Skeledirge|Skeledirge, F|100/100\n|-damage|p1a: Skeledirge|88/100|[from] Spikes\n|turn|15\n|\n|t:|1771255296\n|move|p1a: Skeledirge|Torch Song|p2a: Hatterene\n|-damage|p2a: Hatterene|68/100\n|-boost|p1a: Skeledirge|spa|1\n|move|p2a: Hatterene|Nuzzle|p1a: Skeledirge\n|-damage|p1a: Skeledirge|86/100\n|\n|upkeep\n|turn|16\n|\n|t:|1771255302\n|move|p1a: Skeledirge|Shadow Ball|p2a: Hatterene\n|-supereffective|p2a: Hatterene\n|-damage|p2a: Hatterene|11/100\n|-unboost|p2a: Hatterene|spd|1\n|move|p2a: Hatterene|Psyshock|p1a: Skeledirge\n|-damage|p1a: Skeledirge|63/100\n|\n|upkeep\n|turn|17\n|\n|t:|1771255305\n|move|p1a: Skeledirge|Torch Song|p2a: Hatterene\n|-damage|p2a: Hatterene|0 fnt\n|-boost|p1a: Skeledirge|spa|1\n|faint|p2a: Hatterene\n|\n|upkeep\n|\n|t:|1771255306\n|switch|p2a: Raging Bolt|Raging Bolt|1/100\n|turn|18\n|\n|t:|1771255308\n|move|p2a: Raging Bolt|Draco Meteor|p1a: Skeledirge\n|-damage|p1a: Skeledirge|0 fnt\n|-unboost|p2a: Raging Bolt|spa|2\n|faint|p1a: Skeledirge\n|\n|upkeep\n|\n|t:|1771255314\n|switch|p1a: Hatterene|Hatterene, F|100/100\n|-damage|p1a: Hatterene|88/100|[from] Spikes\n|turn|19\n|\n|t:|1771255317\n|-end|p2a: Raging Bolt|Protosynthesis|[silent]\n|switch|p2a: Cinderace|Cinderace, F|69/100\n|move|p1a: Hatterene|Trick Room|p1a: Hatterene\n|-fieldstart|move: Trick Room|[of] p1a: Hatterene\n|\n|-heal|p1a: Hatterene|94/100|[from] item: Leftovers\n|upkeep\n|turn|20\n|\n|t:|1771255346\n|move|p1a: Hatterene|Psyshock|p2a: Cinderace\n|-damage|p2a: Cinderace|5/100\n|move|p2a: Cinderace|Pyro Ball|p1a: Hatterene\n|-damage|p1a: Hatterene|31/100\n|-status|p1a: Hatterene|brn\n|\n|-heal|p1a: Hatterene|37/100 brn|[from] item: Leftovers\n|-damage|p1a: Hatterene|31/100 brn|[from] brn\n|upkeep\n|turn|21\n|\n|t:|1771255352\n|move|p2a: Cinderace|Sucker Punch|p1a: Hatterene\n|-start|p2a: Cinderace|typechange|Dark|[from] ability: Libero\n|-damage|p1a: Hatterene|0 fnt\n|faint|p1a: Hatterene\n|\n|upkeep\n|\n|t:|1771255354\n|switch|p1a: Azumarill|Azumarill, F, tera:Ground|67/100\n|-damage|p1a: Azumarill|55/100|[from] Spikes\n|turn|22\n|\n|t:|1771255356\n|move|p1a: Azumarill|Aqua Jet|p2a: Cinderace\n|-damage|p2a: Cinderace|0 fnt\n|faint|p2a: Cinderace\n|\n|upkeep\n|\n|t:|1771255363\n|switch|p2a: Raging Bolt|Raging Bolt|1/100\n|turn|23\n|\n|t:|1771255367\n|move|p1a: Azumarill|Aqua Jet|p2a: Raging Bolt\n|-resisted|p2a: Raging Bolt\n|-damage|p2a: Raging Bolt|0 fnt\n|faint|p2a: Raging Bolt\n|-end|p2a: Raging Bolt|Protosynthesis|[silent]\n|\n|-fieldend|move: Trick Room\n|upkeep\n|\n|t:|1771255368\n|switch|p2a: Zamazenta|Zamazenta|100/100\n|turn|24\n|\n|t:|1771255370\n|move|p2a: Zamazenta|Iron Defense|p2a: Zamazenta\n|-boost|p2a: Zamazenta|def|2\n|move|p1a: Azumarill|Play Rough|p2a: Zamazenta\n|-supereffective|p2a: Zamazenta\n|-damage|p2a: Zamazenta|57/100\n|-unboost|p2a: Zamazenta|atk|1\n|\n|-heal|p2a: Zamazenta|63/100|[from] item: Leftovers\n|upkeep\n|turn|25\n|\n|t:|1771255372\n|move|p2a: Zamazenta|Body Press|p1a: Azumarill\n|-damage|p1a: Azumarill|0 fnt\n|faint|p1a: Azumarill\n|\n|-heal|p2a: Zamazenta|69/100|[from] item: Leftovers\n|upkeep\n|\n|t:|1771255375\n|switch|p1a: Great Tusk|Great Tusk|100/100\n|-damage|p1a: Great Tusk|88/100|[from] Spikes\n|-enditem|p1a: Great Tusk|Booster Energy\n|-activate|p1a: Great Tusk|ability: Protosynthesis|[fromitem]\n|-start|p1a: Great Tusk|protosynthesisatk\n|turn|26\n|\n|t:|1771255376\n|move|p2a: Zamazenta|Iron Defense|p2a: Zamazenta\n|-boost|p2a: Zamazenta|def|2\n|move|p1a: Great Tusk|Rapid Spin|p2a: Zamazenta\n|-damage|p2a: Zamazenta|64/100\n|-boost|p1a: Great Tusk|spe|1\n|-sideend|p1: elpets|Spikes|[from] move: Rapid Spin|[of] p1a: Great Tusk\n|\n|-heal|p2a: Zamazenta|70/100|[from] item: Leftovers\n|upkeep\n|turn|27\n|\n|t:|1771255378\n|move|p1a: Great Tusk|Headlong Rush|p2a: Zamazenta\n|-damage|p2a: Zamazenta|48/100\n|-unboost|p1a: Great Tusk|def|1\n|-unboost|p1a: Great Tusk|spd|1\n|move|p2a: Zamazenta|Body Press|p1a: Great Tusk\n|-damage|p1a: Great Tusk|0 fnt\n|faint|p1a: Great Tusk\n|-end|p1a: Great Tusk|Protosynthesis|[silent]\n|\n|win|getreyal\n|raw|elpets's rating: 1847 &rarr; <strong>1829</strong><br />(-18 for losing)\n|raw|getreyal's rating: 1885 &rarr; <strong>1903</strong><br />(+18 for winning)\n|l|☆elpets\n|player|p1|\n|l|☆getreyal\n|player|p2|\n", "uploadtime": 1771255598, "views": 5, "formatid": "gen9ou", "rating": 1829, "private": 0, "password": null}