{"id": "gen9ou-2540768971", "format": "[Gen 9] OU", "players": ["Laughable", "Dracaufeu shiny"], "log": "|j|☆Laughable\n|j|☆Dracaufeu shiny\n|t:|1771251892\n|gametype|singles\n|player|p1|Laughable|tuber|1570\n|player|p2|Dracaufeu shiny|unknown|1531\n|gen|9\n|tier|[Gen 9] OU\n|rated|\n|rule|HP Percentage Mod: HP is shown in percentages\n|rule|Endless Battle Clause: Forcing endless battles is banned\n|rule|Species Clause: Limit one of each Pokémon\n|rule|OHKO Clause: OHKO moves are banned\n|rule|Evasion Items Clause: Evasion items are banned\n|rule|Evasion Moves Clause: Evasion moves are banned\n|rule|Evasion Abilities Clause: Evasion abilities are banned\n|rule|Sleep Moves Clause: Sleep-inducing moves are banned\n|clearpoke\n|poke|p1|Dragapult, M|\n|poke|p1|Gliscor, M|\n|poke|p1|Milotic, M|\n|poke|p1|Skeledirge, F|\n|poke|p1|Weezing-Galar, M|\n|poke|p1|Mandibuzz, F|\n|poke|p2|Gholdengo|\n|poke|p2|Dragapult, M|\n|poke|p2|Glimmora, F|\n|poke|p2|Iron Valiant|\n|poke|p2|Kyurem|\n|poke|p2|Kingambit, M|\n|teampreview\n|\n|t:|1771251905\n|teamsize|p1|6\n|teamsize|p2|6\n|start\n|switch|p1a: Gliscor|Gliscor, M|100/100\n|switch|p2a: Glimmora|Glimmora, F|100/100\n|turn|1\n|\n|t:|1771251909\n|move|p2a: Glimmora|Stealth Rock|p1a: Gliscor\n|-sidestart|p1: Laughable|move: Stealth Rock\n|move|p1a: Gliscor|Earthquake|p2a: Glimmora\n|-supereffective|p2a: Glimmora\n|-enditem|p2a: Glimmora|Focus Sash\n|-damage|p2a: Glimmora|1/100\n|-activate|p2a: Glimmora|ability: Toxic Debris\n|-sidestart|p1: Laughable|move: Toxic Spikes\n|\n|-status|p1a: Gliscor|tox|[from] item: Toxic Orb\n|upkeep\n|turn|2\n|inactive|Battle timer is ON: inactive players will automatically lose when time's up. (requested by Laughable)\n|\n|t:|1771251915\n|move|p2a: Glimmora|Power Gem|p1a: Gliscor\n|-damage|p1a: Gliscor|66/100 tox\n|move|p1a: Gliscor|Earthquake|p2a: Glimmora\n|-supereffective|p2a: Glimmora\n|-damage|p2a: Glimmora|0 fnt\n|-activate|p2a: Glimmora|ability: Toxic Debris\n|-sidestart|p1: Laughable|move: Toxic Spikes\n|faint|p2a: Glimmora\n|\n|-heal|p1a: Gliscor|79/100 tox|[from] ability: Poison Heal\n|upkeep\n|\n|t:|1771251920\n|switch|p2a: Kyurem|Kyurem|100/100\n|-ability|p2a: Kyurem|Pressure\n|turn|3\n|\n|t:|1771251923\n|-terastallize|p1a: Gliscor|Water\n|move|p2a: Kyurem|Freeze-Dry|p1a: Gliscor\n|-supereffective|p1a: Gliscor\n|-damage|p1a: Gliscor|12/100 tox\n|move|p1a: Gliscor|Toxic|p2a: Kyurem\n|-status|p2a: Kyurem|tox\n|\n|-damage|p2a: Kyurem|94/100 tox|[from] psn\n|-heal|p1a: Gliscor|24/100 tox|[from] ability: Poison Heal\n|upkeep\n|turn|4\n|\n|t:|1771251936\n|move|p1a: Gliscor|Protect|p1a: Gliscor\n|-singleturn|p1a: Gliscor|Protect\n|move|p2a: Kyurem|Freeze-Dry|p1a: Gliscor\n|-activate|p1a: Gliscor|move: Protect\n|\n|-damage|p2a: Kyurem|82/100 tox|[from] psn\n|-heal|p1a: Gliscor|37/100 tox|[from] ability: Poison Heal\n|upkeep\n|turn|5\n|\n|t:|1771251942\n|switch|p1a: Weezing|Weezing-Galar, M|100/100\n|-ability|p1a: Weezing|Neutralizing Gas\n|-damage|p1a: Weezing|88/100|[from] Stealth Rock\n|-sideend|p1: Laughable|move: Toxic Spikes|[of] p1a: Weezing\n|move|p2a: Kyurem|Earth Power|p1a: Weezing\n|-supereffective|p1a: Weezing\n|-damage|p1a: Weezing|1/100\n|\n|-heal|p1a: Weezing|7/100|[from] item: Leftovers\n|-damage|p2a: Kyurem|64/100 tox|[from] psn\n|upkeep\n|turn|6\n|\n|t:|1771251946\n|move|p2a: Kyurem|Freeze-Dry|p1a: Weezing\n|-damage|p1a: Weezing|0 fnt\n|faint|p1a: Weezing\n|-end|p1a: Weezing|ability: Neutralizing Gas\n|-ability|p2a: Kyurem|Pressure\n|\n|-damage|p2a: Kyurem|39/100 tox|[from] psn\n|upkeep\n|\n|t:|1771251951\n|switch|p1a: Dragapult|Dragapult, M|100/100\n|-damage|p1a: Dragapult|88/100|[from] Stealth Rock\n|turn|7\n|\n|t:|1771251953\n|move|p1a: Dragapult|U-turn|p2a: Kyurem\n|-crit|p2a: Kyurem\n|-damage|p2a: Kyurem|14/100 tox\n|\n|t:|1771251956\n|switch|p1a: Skeledirge|Skeledirge, F|100/100|[from] U-turn\n|move|p2a: Kyurem|Scale Shot|p1a: Skeledirge\n|-damage|p1a: Skeledirge|91/100\n|-damage|p1a: Skeledirge|81/100\n|-damage|p1a: Skeledirge|72/100\n|-damage|p1a: Skeledirge|62/100\n|-hitcount|p1a: Skeledirge|4\n|-unboost|p2a: Kyurem|def|1\n|-boost|p2a: Kyurem|spe|1\n|\n|-damage|p2a: Kyurem|0 fnt|[from] psn\n|faint|p2a: Kyurem\n|upkeep\n|\n|t:|1771251964\n|switch|p2a: Dragapult|Dragapult, M|100/100\n|turn|8\n|\n|t:|1771251969\n|move|p2a: Dragapult|Thunder Wave|p1a: Skeledirge\n|-status|p1a: Skeledirge|par\n|cant|p1a: Skeledirge|par\n|\n|upkeep\n|turn|9\n|\n|t:|1771251975\n|switch|p1a: Mandibuzz|Mandibuzz, F|100/100\n|move|p2a: Dragapult|Hex|p1a: Mandibuzz\n|-resisted|p1a: Mandibuzz\n|-damage|p1a: Mandibuzz|89/100\n|\n|upkeep\n|turn|10\n|\n|t:|1771251989\n|move|p2a: Dragapult|Will-O-Wisp|p1a: Mandibuzz\n|-status|p1a: Mandibuzz|brn\n|move|p1a: Mandibuzz|Foul Play|p2a: Dragapult\n|-supereffective|p2a: Dragapult\n|-damage|p2a: Dragapult|42/100\n|\n|-damage|p1a: Mandibuzz|83/100 brn|[from] brn\n|upkeep\n|turn|11\n|\n|t:|1771251997\n|switch|p2a: Kingambit|Kingambit, M|100/100\n|-activate|p2a: Kingambit|ability: Supreme Overlord\n|-start|p2a: Kingambit|fallen2|[silent]\n|move|p1a: Mandibuzz|Knock Off|p2a: Kingambit\n|-resisted|p2a: Kingambit\n|-damage|p2a: Kingambit|96/100\n|-enditem|p2a: Kingambit|Leftovers|[from] move: Knock Off|[of] p1a: Mandibuzz\n|\n|-damage|p1a: Mandibuzz|76/100 brn|[from] brn\n|upkeep\n|turn|12\n|\n|t:|1771252001\n|move|p1a: Mandibuzz|Iron Defense|p1a: Mandibuzz\n|-boost|p1a: Mandibuzz|def|2\n|move|p2a: Kingambit|Swords Dance|p2a: Kingambit\n|-boost|p2a: Kingambit|atk|2\n|\n|-damage|p1a: Mandibuzz|70/100 brn|[from] brn\n|upkeep\n|turn|13\n|\n|t:|1771252005\n|move|p1a: Mandibuzz|Roost|p1a: Mandibuzz\n|-heal|p1a: Mandibuzz|100/100 brn\n|-singleturn|p1a: Mandibuzz|move: Roost\n|move|p2a: Kingambit|Iron Head|p1a: Mandibuzz\n|-damage|p1a: Mandibuzz|69/100 brn\n|\n|-damage|p1a: Mandibuzz|63/100 brn|[from] brn\n|upkeep\n|turn|14\n|\n|t:|1771252010\n|-end|p2a: Kingambit|fallen2|[silent]\n|switch|p2a: Iron Valiant|Iron Valiant|100/100\n|-enditem|p2a: Iron Valiant|Booster Energy\n|-activate|p2a: Iron Valiant|ability: Quark Drive|[fromitem]\n|-start|p2a: Iron Valiant|quarkdrivespe\n|move|p1a: Mandibuzz|Iron Defense|p1a: Mandibuzz\n|-boost|p1a: Mandibuzz|def|2\n|\n|-damage|p1a: Mandibuzz|57/100 brn|[from] brn\n|upkeep\n|turn|15\n|\n|t:|1771252015\n|switch|p1a: Milotic|Milotic, M, shiny|100/100\n|move|p2a: Iron Valiant|Moonblast|p1a: Milotic\n|-damage|p1a: Milotic|72/100\n|\n|upkeep\n|turn|16\n|\n|t:|1771252020\n|move|p2a: Iron Valiant|Moonblast|p1a: Milotic\n|-damage|p1a: Milotic|47/100\n|move|p1a: Milotic|Mirror Coat|p2a: Iron Valiant\n|-damage|p2a: Iron Valiant|31/100\n|\n|upkeep\n|turn|17\n|\n|t:|1771252028\n|-end|p2a: Iron Valiant|Quark Drive|[silent]\n|switch|p2a: Kingambit|Kingambit, M|96/100\n|-activate|p2a: Kingambit|ability: Supreme Overlord\n|-start|p2a: Kingambit|fallen2|[silent]\n|move|p1a: Milotic|Recover|p1a: Milotic\n|-heal|p1a: Milotic|97/100\n|\n|upkeep\n|turn|18\n|\n|t:|1771252033\n|switch|p1a: Mandibuzz|Mandibuzz, F|57/100 brn\n|-end|p2a: Kingambit|fallen2|[silent]\n|switch|p2a: Dragapult|Dragapult, M|42/100\n|\n|-damage|p1a: Mandibuzz|51/100 brn|[from] brn\n|upkeep\n|turn|19\n|\n|t:|1771252038\n|move|p2a: Dragapult|Dragon Darts|p1a: Mandibuzz\n|-damage|p1a: Mandibuzz|38/100 brn\n|-anim|p2a: Dragapult|Dragon Darts|p1a: Mandibuzz\n|-damage|p1a: Mandibuzz|25/100 brn\n|move|p1a: Mandibuzz|Roost|p1a: Mandibuzz\n|-heal|p1a: Mandibuzz|75/100 brn\n|-singleturn|p1a: Mandibuzz|move: Roost\n|\n|-damage|p1a: Mandibuzz|69/100 brn|[from] brn\n|upkeep\n|turn|20\n|\n|t:|1771252046\n|switch|p2a: Iron Valiant|Iron Valiant|31/100\n|move|p1a: Mandibuzz|Foul Play|p2a: Iron Valiant\n|-resisted|p2a: Iron Valiant\n|-damage|p2a: Iron Valiant|25/100\n|\n|-damage|p1a: Mandibuzz|63/100 brn|[from] brn\n|upkeep\n|turn|21\n|\n|t:|1771252053\n|switch|p1a: Skeledirge|Skeledirge, F|62/100 par\n|move|p2a: Iron Valiant|Close Combat|p1a: Skeledirge\n|-immune|p1a: Skeledirge\n|\n|upkeep\n|turn|22\n|\n|t:|1771252057\n|move|p2a: Iron Valiant|Hex|p1a: Skeledirge\n|-supereffective|p1a: Skeledirge\n|-damage|p1a: Skeledirge|0 fnt\n|faint|p1a: Skeledirge\n|\n|upkeep\n|\n|t:|1771252062\n|switch|p1a: Dragapult|Dragapult, M|88/100\n|-damage|p1a: Dragapult|76/100|[from] Stealth Rock\n|turn|23\n|\n|t:|1771252067\n|-end|p2a: Iron Valiant|Quark Drive|[silent]\n|switch|p2a: Kingambit|Kingambit, M|96/100\n|-activate|p2a: Kingambit|ability: Supreme Overlord\n|-start|p2a: Kingambit|fallen2|[silent]\n|move|p1a: Dragapult|Will-O-Wisp|p2a: Kingambit\n|-status|p2a: Kingambit|brn\n|\n|-damage|p2a: Kingambit|90/100 brn|[from] brn\n|upkeep\n|turn|24\n|\n|t:|1771252072\n|switch|p1a: Mandibuzz|Mandibuzz, F|63/100 brn\n|move|p2a: Kingambit|Iron Head|p1a: Mandibuzz\n|-damage|p1a: Mandibuzz|46/100 brn\n|\n|-damage|p1a: Mandibuzz|40/100 brn|[from] brn\n|-damage|p2a: Kingambit|84/100 brn|[from] brn\n|upkeep\n|turn|25\n|\n|t:|1771252078\n|-end|p2a: Kingambit|fallen2|[silent]\n|switch|p2a: Iron Valiant|Iron Valiant|25/100\n|move|p1a: Mandibuzz|Roost|p1a: Mandibuzz\n|-heal|p1a: Mandibuzz|90/100 brn\n|-singleturn|p1a: Mandibuzz|move: Roost\n|\n|-damage|p1a: Mandibuzz|84/100 brn|[from] brn\n|upkeep\n|turn|26\n|\n|t:|1771252084\n|switch|p1a: Milotic|Milotic, M, shiny|97/100\n|move|p2a: Iron Valiant|Close Combat|p1a: Milotic\n|-damage|p1a: Milotic|43/100\n|-unboost|p2a: Iron Valiant|def|1\n|-unboost|p2a: Iron Valiant|spd|1\n|\n|upkeep\n|turn|27\n|\n|t:|1771252104\n|move|p2a: Iron Valiant|Moonblast|p1a: Milotic\n|-damage|p1a: Milotic|19/100\n|-unboost|p1a: Milotic|spa|1\n|move|p1a: Milotic|Scald|p2a: Iron Valiant\n|-damage|p2a: Iron Valiant|0 fnt\n|faint|p2a: Iron Valiant\n|-end|p2a: Iron Valiant|Quark Drive|[silent]\n|\n|upkeep\n|\n|t:|1771252114\n|switch|p2a: Dragapult|Dragapult, M|42/100\n|turn|28\n|\n|t:|1771252117\n|switch|p1a: Mandibuzz|Mandibuzz, F|84/100 brn\n|move|p2a: Dragapult|Dragon Darts|p1a: Mandibuzz\n|-damage|p1a: Mandibuzz|72/100 brn\n|-anim|p2a: Dragapult|Dragon Darts|p1a: Mandibuzz\n|-damage|p1a: Mandibuzz|60/100 brn\n|\n|-damage|p1a: Mandibuzz|53/100 brn|[from] brn\n|upkeep\n|turn|29\n|\n|t:|1771252125\n|switch|p2a: Gholdengo|Gholdengo|100/100\n|-item|p2a: Gholdengo|Air Balloon\n|move|p1a: Mandibuzz|Roost|p1a: Mandibuzz\n|-heal|p1a: Mandibuzz|100/100 brn\n|-singleturn|p1a: Mandibuzz|move: Roost\n|\n|-damage|p1a: Mandibuzz|94/100 brn|[from] brn\n|upkeep\n|turn|30\n|\n|t:|1771252132\n|move|p2a: Gholdengo|Hex|p1a: Mandibuzz\n|-resisted|p1a: Mandibuzz\n|-damage|p1a: Mandibuzz|72/100 brn\n|move|p1a: Mandibuzz|Knock Off|p2a: Gholdengo\n|-supereffective|p2a: Gholdengo\n|-damage|p2a: Gholdengo|84/100\n|-enditem|p2a: Gholdengo|Air Balloon\n|\n|-damage|p1a: Mandibuzz|66/100 brn|[from] brn\n|upkeep\n|turn|31\n|\n|t:|1771252139\n|move|p2a: Gholdengo|Hex|p1a: Mandibuzz\n|-resisted|p1a: Mandibuzz\n|-damage|p1a: Mandibuzz|42/100 brn\n|move|p1a: Mandibuzz|Roost|p1a: Mandibuzz\n|-heal|p1a: Mandibuzz|92/100 brn\n|-singleturn|p1a: Mandibuzz|move: Roost\n|\n|-damage|p1a: Mandibuzz|86/100 brn|[from] brn\n|upkeep\n|turn|32\n|\n|t:|1771252144\n|move|p2a: Gholdengo|Hex|p1a: Mandibuzz\n|-resisted|p1a: Mandibuzz\n|-damage|p1a: Mandibuzz|60/100 brn\n|move|p1a: Mandibuzz|Foul Play|p2a: Gholdengo\n|-supereffective|p2a: Gholdengo\n|-damage|p2a: Gholdengo|73/100\n|\n|-damage|p1a: Mandibuzz|54/100 brn|[from] brn\n|upkeep\n|turn|33\n|\n|t:|1771252150\n|move|p2a: Gholdengo|Hex|p1a: Mandibuzz\n|-resisted|p1a: Mandibuzz\n|-damage|p1a: Mandibuzz|31/100 brn\n|move|p1a: Mandibuzz|Roost|p1a: Mandibuzz\n|-heal|p1a: Mandibuzz|81/100 brn\n|-singleturn|p1a: Mandibuzz|move: Roost\n|\n|-damage|p1a: Mandibuzz|74/100 brn|[from] brn\n|upkeep\n|turn|34\n|\n|t:|1771252165\n|switch|p1a: Milotic|Milotic, M, shiny|19/100\n|move|p2a: Gholdengo|Hex|p1a: Milotic\n|-damage|p1a: Milotic|3/100\n|\n|upkeep\n|turn|35\n|\n|t:|1771252168\n|move|p1a: Milotic|Recover|p1a: Milotic\n|-heal|p1a: Milotic|53/100\n|move|p2a: Gholdengo|Hex|p1a: Milotic\n|-crit|p1a: Milotic\n|-damage|p1a: Milotic|31/100\n|\n|upkeep\n|turn|36\n|\n|t:|1771252172\n|move|p1a: Milotic|Recover|p1a: Milotic\n|-heal|p1a: Milotic|81/100\n|move|p2a: Gholdengo|Thunder Wave|p1a: Milotic\n|-status|p1a: Milotic|par\n|\n|upkeep\n|turn|37\n|\n|t:|1771252175\n|move|p2a: Gholdengo|Hex|p1a: Milotic\n|-damage|p1a: Milotic|46/100 par\n|move|p1a: Milotic|Mirror Coat|p2a: Gholdengo\n|-damage|p2a: Gholdengo|1/100\n|\n|upkeep\n|turn|38\n|\n|t:|1771252180\n|move|p2a: Gholdengo|Recover|p2a: Gholdengo\n|-heal|p2a: Gholdengo|51/100\n|move|p1a: Milotic|Scald|p2a: Gholdengo\n|-damage|p2a: Gholdengo|24/100\n|\n|upkeep\n|turn|39\n|\n|t:|1771252182\n|move|p2a: Gholdengo|Recover|p2a: Gholdengo\n|-heal|p2a: Gholdengo|74/100\n|cant|p1a: Milotic|par\n|\n|upkeep\n|turn|40\n|\n|t:|1771252186\n|move|p2a: Gholdengo|Recover|p2a: Gholdengo\n|-heal|p2a: Gholdengo|100/100\n|move|p1a: Milotic|Recover|p1a: Milotic\n|-heal|p1a: Milotic|96/100 par\n|\n|upkeep\n|turn|41\n|\n|t:|1771252188\n|move|p2a: Gholdengo|Hex|p1a: Milotic\n|-damage|p1a: Milotic|64/100 par\n|move|p1a: Milotic|Mirror Coat|p2a: Gholdengo\n|-damage|p2a: Gholdengo|33/100\n|\n|upkeep\n|turn|42\n|\n|t:|1771252194\n|move|p2a: Gholdengo|Recover|p2a: Gholdengo\n|-heal|p2a: Gholdengo|83/100\n|move|p1a: Milotic|Scald|p2a: Gholdengo\n|-damage|p2a: Gholdengo|59/100\n|\n|upkeep\n|turn|43\n|\n|t:|1771252199\n|move|p2a: Gholdengo|Hex|p1a: Milotic\n|-crit|p1a: Milotic\n|-damage|p1a: Milotic|14/100 par\n|cant|p1a: Milotic|par\n|\n|upkeep\n|turn|44\n|\n|t:|1771252203\n|move|p2a: Gholdengo|Hex|p1a: Milotic\n|-damage|p1a: Milotic|0 fnt\n|faint|p1a: Milotic\n|\n|upkeep\n|\n|t:|1771252205\n|switch|p1a: Dragapult|Dragapult, M|76/100\n|-damage|p1a: Dragapult|64/100|[from] Stealth Rock\n|turn|45\n|\n|t:|1771252208\n|switch|p1a: Gliscor|Gliscor, M, tera:Water|37/100 tox\n|-damage|p1a: Gliscor|24/100 tox|[from] Stealth Rock\n|switch|p2a: Kingambit|Kingambit, M|84/100 brn\n|-activate|p2a: Kingambit|ability: Supreme Overlord\n|-start|p2a: Kingambit|fallen3|[silent]\n|\n|-heal|p1a: Gliscor|37/100 tox|[from] ability: Poison Heal\n|-damage|p2a: Kingambit|78/100 brn|[from] brn\n|upkeep\n|turn|46\n|\n|t:|1771252219\n|-end|p2a: Kingambit|fallen3|[silent]\n|switch|p2a: Dragapult|Dragapult, M|42/100\n|move|p1a: Gliscor|Spikes|p2a: Dragapult\n|-sidestart|p2: Dracaufeu shiny|Spikes\n|\n|-heal|p1a: Gliscor|49/100 tox|[from] ability: Poison Heal\n|upkeep\n|turn|47\n|\n|t:|1771252223\n|move|p1a: Gliscor|Protect|p1a: Gliscor\n|-singleturn|p1a: Gliscor|Protect\n|move|p2a: Dragapult|Hex|p1a: Gliscor\n|-activate|p1a: Gliscor|move: Protect\n|\n|-heal|p1a: Gliscor|62/100 tox|[from] ability: Poison Heal\n|upkeep\n|turn|48\n|\n|t:|1771252227\n|move|p2a: Dragapult|Hex|p1a: Gliscor\n|-damage|p1a: Gliscor|16/100 tox\n|move|p1a: Gliscor|Earthquake|p2a: Dragapult\n|-damage|p2a: Dragapult|1/100\n|\n|-heal|p1a: Gliscor|29/100 tox|[from] ability: Poison Heal\n|upkeep\n|turn|49\n|\n|t:|1771252233\n|move|p1a: Gliscor|Protect|p1a: Gliscor\n|-singleturn|p1a: Gliscor|Protect\n|move|p2a: Dragapult|Hex|p1a: Gliscor\n|-activate|p1a: Gliscor|move: Protect\n|\n|-heal|p1a: Gliscor|41/100 tox|[from] ability: Poison Heal\n|upkeep\n|turn|50\n|\n|t:|1771252238\n|move|p1a: Gliscor|Protect||[still]\n|-fail|p1a: Gliscor\n|move|p2a: Dragapult|Hex|p1a: Gliscor\n|-damage|p1a: Gliscor|0 fnt\n|faint|p1a: Gliscor\n|\n|upkeep\n|\n|t:|1771252254\n|switch|p1a: Mandibuzz|Mandibuzz, F|74/100 brn\n|turn|51\n|\n|t:|1771252258\n|move|p2a: Dragapult|Dragon Darts|p1a: Mandibuzz\n|-crit|p1a: Mandibuzz\n|-damage|p1a: Mandibuzz|54/100 brn\n|-anim|p2a: Dragapult|Dragon Darts|p1a: Mandibuzz\n|-damage|p1a: Mandibuzz|41/100 brn\n|move|p1a: Mandibuzz|Knock Off|p2a: Dragapult\n|-supereffective|p2a: Dragapult\n|-damage|p2a: Dragapult|0 fnt\n|-enditem|p2a: Dragapult|Heavy-Duty Boots|[from] move: Knock Off|[of] p1a: Mandibuzz\n|faint|p2a: Dragapult\n|\n|-damage|p1a: Mandibuzz|35/100 brn|[from] brn\n|upkeep\n|\n|t:|1771252265\n|switch|p2a: Gholdengo|Gholdengo|59/100\n|-damage|p2a: Gholdengo|46/100|[from] Spikes\n|turn|52\n|\n|t:|1771252269\n|move|p2a: Gholdengo|Hex|p1a: Mandibuzz\n|-resisted|p1a: Mandibuzz\n|-damage|p1a: Mandibuzz|12/100 brn\n|move|p1a: Mandibuzz|Roost|p1a: Mandibuzz\n|-heal|p1a: Mandibuzz|62/100 brn\n|-singleturn|p1a: Mandibuzz|move: Roost\n|\n|-damage|p1a: Mandibuzz|56/100 brn|[from] brn\n|upkeep\n|turn|53\n|\n|t:|1771252273\n|move|p2a: Gholdengo|Hex|p1a: Mandibuzz\n|-resisted|p1a: Mandibuzz\n|-damage|p1a: Mandibuzz|33/100 brn\n|move|p1a: Mandibuzz|Roost|p1a: Mandibuzz\n|-heal|p1a: Mandibuzz|83/100 brn\n|-singleturn|p1a: Mandibuzz|move: Roost\n|\n|-damage|p1a: Mandibuzz|77/100 brn|[from] brn\n|upkeep\n|turn|54\n|\n|t:|1771252279\n|move|p2a: Gholdengo|Recover|p2a: Gholdengo\n|-heal|p2a: Gholdengo|96/100\n|move|p1a: Mandibuzz|Foul Play|p2a: Gholdengo\n|-supereffective|p2a: Gholdengo\n|-damage|p2a: Gholdengo|86/100\n|\n|-damage|p1a: Mandibuzz|71/100 brn|[from] brn\n|upkeep\n|turn|55\n|\n|t:|1771252284\n|move|p2a: Gholdengo|Hex|p1a: Mandibuzz\n|-resisted|p1a: Mandibuzz\n|-damage|p1a: Mandibuzz|46/100 brn\n|move|p1a: Mandibuzz|Foul Play|p2a: Gholdengo\n|-supereffective|p2a: Gholdengo\n|-damage|p2a: Gholdengo|75/100\n|\n|-damage|p1a: Mandibuzz|40/100 brn|[from] brn\n|upkeep\n|turn|56\n|\n|t:|1771252289\n|move|p2a: Gholdengo|Hex|p1a: Mandibuzz\n|-resisted|p1a: Mandibuzz\n|-damage|p1a: Mandibuzz|14/100 brn\n|move|p1a: Mandibuzz|Foul Play|p2a: Gholdengo\n|-supereffective|p2a: Gholdengo\n|-damage|p2a: Gholdengo|64/100\n|\n|-damage|p1a: Mandibuzz|8/100 brn|[from] brn\n|upkeep\n|turn|57\n|\n|t:|1771252292\n|move|p2a: Gholdengo|Hex|p1a: Mandibuzz\n|-resisted|p1a: Mandibuzz\n|-damage|p1a: Mandibuzz|0 fnt\n|faint|p1a: Mandibuzz\n|\n|upkeep\n|\n|t:|1771252294\n|switch|p1a: Dragapult|Dragapult, M|64/100\n|-damage|p1a: Dragapult|51/100|[from] Stealth Rock\n|turn|58\n|\n|t:|1771252297\n|move|p1a: Dragapult|Shadow Ball|p2a: Gholdengo\n|-supereffective|p2a: Gholdengo\n|-damage|p2a: Gholdengo|0 fnt\n|faint|p2a: Gholdengo\n|\n|upkeep\n|\n|t:|1771252299\n|switch|p2a: Kingambit|Kingambit, M|78/100 brn\n|-damage|p2a: Kingambit|66/100 brn|[from] Spikes\n|-activate|p2a: Kingambit|ability: Supreme Overlord\n|-start|p2a: Kingambit|fallen5|[silent]\n|turn|59\n|\n|t:|1771252302\n|move|p1a: Dragapult|Shadow Ball|p2a: Kingambit\n|-resisted|p2a: Kingambit\n|-damage|p2a: Kingambit|35/100 brn\n|move|p2a: Kingambit|Kowtow Cleave|p1a: Dragapult\n|-supereffective|p1a: Dragapult\n|-damage|p1a: Dragapult|0 fnt\n|faint|p1a: Dragapult\n|\n|win|Dracaufeu shiny\n|raw|Laughable's rating: 1570 &rarr; <strong>1548</strong><br />(-22 for losing)\n|raw|Dracaufeu shiny's rating: 1531 &rarr; <strong>1553</strong><br />(+22 for winning)\n|l|☆Laughable\n|player|p1|\n|l|☆Dracaufeu shiny\n|player|p2|\n", "uploadtime": 1771252438, "views": 10, "formatid": "gen9ou", "rating": 1548, "private": 0, "password": null}