{"id": "gen9ou-2540688593", "format": "[Gen 9] OU", "players": ["pepinoloko", "ronnie07"], "log": "|j|☆pepinoloko\n|j|☆ronnie07\n|t:|1771240553\n|gametype|singles\n|player|p1|pepinoloko|byron|1577\n|player|p2|ronnie07|rocket-gen1rb|1612\n|gen|9\n|tier|[Gen 9] OU\n|rated|\n|rule|HP Percentage Mod: HP is shown in percentages\n|rule|Endless Battle Clause: Forcing endless battles is banned\n|rule|Species Clause: Limit one of each Pokémon\n|rule|OHKO Clause: OHKO moves are banned\n|rule|Evasion Items Clause: Evasion items are banned\n|rule|Evasion Moves Clause: Evasion moves are banned\n|rule|Evasion Abilities Clause: Evasion abilities are banned\n|rule|Sleep Moves Clause: Sleep-inducing moves are banned\n|clearpoke\n|poke|p1|Zoroark-Hisui, M|\n|poke|p1|Weezing-Galar, F|\n|poke|p1|Primarina, F|\n|poke|p1|Landorus-Therian, M|\n|poke|p1|Lokix, F|\n|poke|p1|Araquanid, M|\n|poke|p2|Gholdengo|\n|poke|p2|Dragonite, F|\n|poke|p2|Raging Bolt|\n|poke|p2|Great Tusk|\n|poke|p2|Iron Valiant|\n|poke|p2|Ting-Lu|\n|teampreview\n|inactive|Battle timer is ON: inactive players will automatically lose when time's up. (requested by pepinoloko)\n|\n|t:|1771240602\n|teamsize|p1|6\n|teamsize|p2|6\n|start\n|switch|p1a: Love thy neighbor|Araquanid, M|100/100\n|switch|p2a: Great Neck|Raging Bolt|100/100\n|turn|1\n|\n|t:|1771240609\n|move|p2a: Great Neck|Thunderbolt|p1a: Love thy neighbor\n|-supereffective|p1a: Love thy neighbor\n|-damage|p1a: Love thy neighbor|0 fnt\n|faint|p1a: Love thy neighbor\n|\n|upkeep\n|\n|t:|1771240615\n|switch|p1a: God is always good|Landorus-Therian, M|100/100\n|-ability|p1a: God is always good|Intimidate|boost\n|-unboost|p2a: Great Neck|atk|1\n|turn|2\n|\n|t:|1771240619\n|-end|p2a: Great Neck|Protosynthesis|[silent]\n|switch|p2a: Great Tusk|Great Tusk|100/100\n|move|p1a: God is always good|U-turn|p2a: Great Tusk\n|-resisted|p2a: Great Tusk\n|-damage|p2a: Great Tusk|93/100\n|\n|t:|1771240622\n|switch|p1a: Forgive|Weezing-Galar, F|100/100|[from] U-turn\n|\n|upkeep\n|turn|3\n|\n|t:|1771240629\n|-end|p2a: Great Tusk|Protosynthesis|[silent]\n|switch|p2a: Ting-Lu|Ting-Lu|100/100\n|-ability|p2a: Ting-Lu|Vessel of Ruin\n|move|p1a: Forgive|Hyper Voice|p2a: Ting-Lu\n|-damage|p2a: Ting-Lu|70/100\n|\n|-heal|p2a: Ting-Lu|76/100|[from] item: Leftovers\n|upkeep\n|turn|4\n|\n|t:|1771240636\n|switch|p1a: Forgive|Weezing-Galar, F|100/100\n|move|p2a: Ting-Lu|Stealth Rock|p1a: Forgive\n|-sidestart|p1: pepinoloko|move: Stealth Rock\n|\n|-heal|p2a: Ting-Lu|83/100|[from] item: Leftovers\n|upkeep\n|turn|5\n|\n|t:|1771240647\n|switch|p1a: Forgive|Weezing-Galar, F|100/100\n|-damage|p1a: Forgive|88/100|[from] Stealth Rock\n|switch|p2a: Gholdengo|Gholdengo|100/100\n|\n|upkeep\n|turn|6\n|\n|t:|1771240654\n|switch|p2a: Ting-Lu|Ting-Lu|83/100\n|-ability|p2a: Ting-Lu|Vessel of Ruin\n|move|p1a: Forgive|Shadow Ball|p2a: Ting-Lu\n|-resisted|p2a: Ting-Lu\n|-damage|p2a: Ting-Lu|68/100\n|-unboost|p2a: Ting-Lu|spd|1\n|\n|-heal|p2a: Ting-Lu|74/100|[from] item: Leftovers\n|upkeep\n|turn|7\n|\n|t:|1771240663\n|switch|p1a: Forgive|Weezing-Galar, F|100/100\n|-damage|p1a: Forgive|88/100|[from] Stealth Rock\n|move|p2a: Ting-Lu|Ruination|p1a: Forgive\n|-damage|p1a: Forgive|45/100\n|\n|-heal|p2a: Ting-Lu|80/100|[from] item: Leftovers\n|upkeep\n|turn|8\n|\n|t:|1771240672\n|switch|p1a: God is always good|Landorus-Therian, M|100/100\n|-damage|p1a: God is always good|88/100|[from] Stealth Rock\n|-ability|p1a: God is always good|Intimidate|boost\n|-unboost|p2a: Ting-Lu|atk|1\n|switch|p2a: Gholdengo|Gholdengo|100/100\n|\n|upkeep\n|turn|9\n|\n|t:|1771240677\n|switch|p2a: Great Tusk|Great Tusk|93/100\n|move|p1a: God is always good|Earthquake|p2a: Great Tusk\n|-damage|p2a: Great Tusk|58/100\n|\n|upkeep\n|turn|10\n|\n|t:|1771240685\n|switch|p1a: Forgive|Weezing-Galar, F|45/100\n|-damage|p1a: Forgive|32/100|[from] Stealth Rock\n|move|p2a: Great Tusk|Ice Spinner|p1a: Forgive\n|-damage|p1a: Forgive|11/100\n|-damage|p2a: Great Tusk|41/100|[from] item: Rocky Helmet|[of] p1a: Forgive\n|\n|upkeep\n|turn|11\n|\n|t:|1771240693\n|move|p2a: Great Tusk|Ice Spinner|p1a: Forgive\n|-damage|p1a: Forgive|0 fnt\n|-damage|p2a: Great Tusk|25/100|[from] item: Rocky Helmet|[of] p1a: Forgive\n|faint|p1a: Forgive\n|\n|upkeep\n|\n|t:|1771240696\n|switch|p1a: God is always good|Landorus-Therian, M|88/100\n|-damage|p1a: God is always good|76/100|[from] Stealth Rock\n|-ability|p1a: God is always good|Intimidate|boost\n|-unboost|p2a: Great Tusk|atk|1\n|turn|12\n|\n|t:|1771240704\n|-terastallize|p1a: God is always good|Ice\n|move|p1a: God is always good|Tera Blast|p2a: Great Tusk|[anim] Tera Blast Ice\n|-supereffective|p2a: Great Tusk\n|-damage|p2a: Great Tusk|0 fnt\n|faint|p2a: Great Tusk\n|-end|p2a: Great Tusk|Protosynthesis|[silent]\n|\n|upkeep\n|\n|t:|1771240716\n|switch|p2a: Iron Valiant|Iron Valiant|100/100\n|-enditem|p2a: Iron Valiant|Booster Energy\n|-activate|p2a: Iron Valiant|ability: Quark Drive|[fromitem]\n|-start|p2a: Iron Valiant|quarkdrivespe\n|turn|13\n|\n|t:|1771240723\n|switch|p1a: Grace still is|Primarina, F|100/100\n|-damage|p1a: Grace still is|88/100|[from] Stealth Rock\n|move|p2a: Iron Valiant|Moonblast|p1a: Grace still is\n|-damage|p1a: Grace still is|63/100\n|\n|upkeep\n|turn|14\n|\n|t:|1771240734\n|-end|p2a: Iron Valiant|Quark Drive|[silent]\n|switch|p2a: Gholdengo|Gholdengo|100/100\n|move|p1a: Grace still is|Draining Kiss|p2a: Gholdengo\n|-resisted|p2a: Gholdengo\n|-crit|p2a: Gholdengo\n|-damage|p2a: Gholdengo|75/100\n|-heal|p1a: Grace still is|81/100|[from] drain|[of] p2a: Gholdengo\n|\n|upkeep\n|turn|15\n|\n|t:|1771240742\n|switch|p1a: God is always good|Landorus-Therian, M, tera:Ice|76/100\n|-damage|p1a: God is always good|51/100|[from] Stealth Rock\n|-ability|p1a: God is always good|Intimidate|boost\n|-unboost|p2a: Gholdengo|atk|1\n|move|p2a: Gholdengo|Make It Rain|p1a: God is always good\n|-supereffective|p1a: God is always good\n|-damage|p1a: God is always good|0 fnt\n|-unboost|p2a: Gholdengo|spa|1\n|faint|p1a: God is always good\n|\n|upkeep\n|\n|t:|1771240745\n|switch|p1a: Repent|Lokix, F|100/100\n|-damage|p1a: Repent|76/100|[from] Stealth Rock\n|turn|16\n|\n|t:|1771240750\n|switch|p2a: Ting-Lu|Ting-Lu|80/100\n|-ability|p2a: Ting-Lu|Vessel of Ruin\n|move|p1a: Repent|Swords Dance|p1a: Repent\n|-boost|p1a: Repent|atk|2\n|\n|-heal|p2a: Ting-Lu|86/100|[from] item: Leftovers\n|upkeep\n|turn|17\n|j| VollWP\n|\n|t:|1771240767\n|move|p1a: Repent|Leech Life|p2a: Ting-Lu\n|-supereffective|p2a: Ting-Lu\n|-damage|p2a: Ting-Lu|0 fnt\n|-heal|p1a: Repent|100/100|[from] drain|[of] p2a: Ting-Lu\n|faint|p2a: Ting-Lu\n|-damage|p1a: Repent|91/100|[from] item: Life Orb\n|\n|upkeep\n|\n|t:|1771240771\n|switch|p2a: Dragonite|Dragonite, F|100/100\n|turn|18\n|\n|t:|1771240776\n|move|p1a: Repent|Leech Life|p2a: Dragonite\n|-resisted|p2a: Dragonite\n|-damage|p2a: Dragonite|50/100\n|-heal|p1a: Repent|100/100|[from] drain|[of] p2a: Dragonite\n|-damage|p1a: Repent|91/100|[from] item: Life Orb\n|move|p2a: Dragonite|Dragon Dance|p2a: Dragonite\n|-boost|p2a: Dragonite|atk|1\n|-boost|p2a: Dragonite|spe|1\n|\n|upkeep\n|turn|19\n|\n|t:|1771240786\n|-terastallize|p2a: Dragonite|Normal\n|move|p2a: Dragonite|Extreme Speed|p1a: Repent\n|-crit|p1a: Repent\n|-damage|p1a: Repent|0 fnt\n|faint|p1a: Repent\n|\n|upkeep\n|\n|t:|1771240789\n|switch|p1a: Grace still is|Primarina, F|88/100\n|-damage|p1a: Grace still is|76/100|[from] Stealth Rock\n|turn|20\n|\n|t:|1771240793\n|move|p2a: Dragonite|Extreme Speed|p1a: Grace still is\n|-immune|p1a: Grace still is\n|move|p1a: Grace still is|Hyper Voice|p2a: Dragonite\n|-damage|p2a: Dragonite|0 fnt\n|faint|p2a: Dragonite\n|\n|upkeep\n|\n|t:|1771240802\n|switch|p2a: Great Neck|Raging Bolt|100/100\n|turn|21\n|\n|t:|1771240806\n|move|p1a: Grace still is|Hyper Voice|p2a: Great Neck\n|-damage|p2a: Great Neck|45/100\n|move|p2a: Great Neck|Volt Switch|p1a: Grace still is\n|-damage|p1a: Grace still is|0 fnt\n|replace|p1a: The end is nigh|Zoroark-Hisui, M\n|-end|p1a: The end is nigh|Illusion\n|faint|p1a: The end is nigh\n|\n|t:|1771240814\n|-end|p2a: Great Neck|Protosynthesis|[silent]\n|switch|p2a: Gholdengo|Gholdengo|75/100|[from] Volt Switch\n|\n|upkeep\n|\n|t:|1771240817\n|switch|p1a: Grace still is|Primarina, F|81/100\n|-damage|p1a: Grace still is|68/100|[from] Stealth Rock\n|turn|22\n|\n|t:|1771240824\n|move|p2a: Gholdengo|Make It Rain|p1a: Grace still is\n|-crit|p1a: Grace still is\n|-damage|p1a: Grace still is|0 fnt\n|-unboost|p2a: Gholdengo|spa|1\n|faint|p1a: Grace still is\n|\n|win|ronnie07\n|raw|pepinoloko's rating: 1577 &rarr; <strong>1559</strong><br />(-18 for losing)\n|raw|ronnie07's rating: 1612 &rarr; <strong>1630</strong><br />(+18 for winning)\n|c|☆ronnie07|gg\n|c|☆pepinoloko|gg\n|l|☆ronnie07\n|player|p2|\n|l| VollWP\n|l|☆pepinoloko\n|player|p1|\n", "uploadtime": 1771240989, "views": 15, "formatid": "gen9ou", "rating": 1559, "private": 0, "password": null}