{"id": "gen9ou-2540566108", "format": "[Gen 9] OU", "players": ["alex12381723898", "bh.babiri"], "log": "|j|☆alex12381723898\n|j|☆bh.babiri\n|t:|1771219032\n|gametype|singles\n|player|p1|alex12381723898|170|1587\n|player|p2|bh.babiri|pokemonbreederf-gen4|1541\n|gen|9\n|tier|[Gen 9] OU\n|rated|\n|rule|HP Percentage Mod: HP is shown in percentages\n|rule|Endless Battle Clause: Forcing endless battles is banned\n|rule|Species Clause: Limit one of each Pokémon\n|rule|OHKO Clause: OHKO moves are banned\n|rule|Evasion Items Clause: Evasion items are banned\n|rule|Evasion Moves Clause: Evasion moves are banned\n|rule|Evasion Abilities Clause: Evasion abilities are banned\n|rule|Sleep Moves Clause: Sleep-inducing moves are banned\n|clearpoke\n|poke|p1|Landorus-Therian, M|\n|poke|p1|Sinistcha|\n|poke|p1|Tinkaton, F|\n|poke|p1|Moltres|\n|poke|p1|Samurott-Hisui, M|\n|poke|p1|Hydreigon, M|\n|poke|p2|Raging Bolt|\n|poke|p2|Zamazenta-*|\n|poke|p2|Hydrapple, M|\n|poke|p2|Rillaboom, F|\n|poke|p2|Pecharunt|\n|poke|p2|Iron Treads|\n|teampreview\n|inactive|Battle timer is ON: inactive players will automatically lose when time's up. (requested by bh.babiri)\n|\n|t:|1771219062\n|teamsize|p1|6\n|teamsize|p2|6\n|start\n|switch|p1a: Samurott|Samurott-Hisui, M, shiny|100/100\n|switch|p2a: Iron Treads|Iron Treads|100/100\n|turn|1\n|\n|t:|1771219093\n|move|p2a: Iron Treads|Earthquake|p1a: Samurott\n|-damage|p1a: Samurott|43/100\n|move|p1a: Samurott|Ceaseless Edge|p2a: Iron Treads\n|-damage|p2a: Iron Treads|56/100\n|-sidestart|p2: bh.babiri|Spikes\n|\n|upkeep\n|turn|2\n|inactive|alex12381723898 has 120 seconds left.\n|inactive|alex12381723898 has 90 seconds left.\n|\n|t:|1771219153\n|move|p2a: Iron Treads|Stealth Rock|p1a: Samurott\n|-sidestart|p1: alex12381723898|move: Stealth Rock\n|move|p1a: Samurott|Ceaseless Edge|p2a: Iron Treads|[miss]\n|-miss|p1a: Samurott|p2a: Iron Treads\n|\n|upkeep\n|turn|3\n|\n|t:|1771219157\n|switch|p1a: Sinistcha|Sinistcha, shiny|100/100\n|move|p2a: Iron Treads|Earthquake|p1a: Sinistcha\n|-resisted|p1a: Sinistcha\n|-damage|p1a: Sinistcha|84/100\n|\n|upkeep\n|turn|4\n|\n|t:|1771219169\n|-end|p2a: Iron Treads|Quark Drive|[silent]\n|switch|p2a: Raging Bolt|Raging Bolt|100/100\n|-damage|p2a: Raging Bolt|88/100|[from] Spikes\n|move|p1a: Sinistcha|Shadow Ball|p2a: Raging Bolt\n|-damage|p2a: Raging Bolt|62/100\n|-unboost|p2a: Raging Bolt|spd|1\n|\n|upkeep\n|turn|5\n|\n|t:|1771219174\n|move|p2a: Raging Bolt|Volt Switch|p1a: Sinistcha\n|-resisted|p1a: Sinistcha\n|-damage|p1a: Sinistcha|47/100\n|\n|t:|1771219179\n|-end|p2a: Raging Bolt|Protosynthesis|[silent]\n|switch|p2a: Zamazenta|Zamazenta|100/100|[from] Volt Switch\n|-damage|p2a: Zamazenta|88/100|[from] Spikes\n|-ability|p2a: Zamazenta|Dauntless Shield|boost\n|-boost|p2a: Zamazenta|def|1\n|move|p1a: Sinistcha|Shadow Ball|p2a: Zamazenta\n|-damage|p2a: Zamazenta|60/100\n|\n|upkeep\n|turn|6\n|\n|t:|1771219183\n|move|p2a: Zamazenta|Stone Edge|p1a: Sinistcha\n|-damage|p1a: Sinistcha|12/100\n|move|p1a: Sinistcha|Strength Sap|p2a: Zamazenta\n|-unboost|p2a: Zamazenta|atk|1\n|-heal|p1a: Sinistcha|100/100\n|\n|upkeep\n|turn|7\n|\n|t:|1771219192\n|switch|p2a: Raging Bolt|Raging Bolt|62/100\n|-damage|p2a: Raging Bolt|49/100|[from] Spikes\n|move|p1a: Sinistcha|Shadow Ball|p2a: Raging Bolt\n|-damage|p2a: Raging Bolt|21/100\n|\n|upkeep\n|turn|8\n|\n|t:|1771219198\n|move|p2a: Raging Bolt|Volt Switch|p1a: Sinistcha\n|-resisted|p1a: Sinistcha\n|-damage|p1a: Sinistcha|66/100\n|\n|t:|1771219201\n|-end|p2a: Raging Bolt|Protosynthesis|[silent]\n|switch|p2a: Zamazenta|Zamazenta|60/100|[from] Volt Switch\n|-damage|p2a: Zamazenta|48/100|[from] Spikes\n|move|p1a: Sinistcha|Shadow Ball|p2a: Zamazenta\n|-damage|p2a: Zamazenta|19/100\n|\n|upkeep\n|turn|9\n|\n|t:|1771219205\n|move|p2a: Zamazenta|Crunch|p1a: Sinistcha\n|-supereffective|p1a: Sinistcha\n|-damage|p1a: Sinistcha|11/100\n|move|p1a: Sinistcha|Strength Sap|p2a: Zamazenta\n|-unboost|p2a: Zamazenta|atk|1\n|-heal|p1a: Sinistcha|100/100\n|\n|upkeep\n|turn|10\n|\n|t:|1771219209\n|move|p2a: Zamazenta|Crunch|p1a: Sinistcha\n|-supereffective|p1a: Sinistcha\n|-damage|p1a: Sinistcha|64/100\n|-unboost|p1a: Sinistcha|def|1\n|move|p1a: Sinistcha|Matcha Gotcha|p2a: Zamazenta\n|-damage|p2a: Zamazenta|0 fnt\n|-heal|p1a: Sinistcha|73/100|[from] drain|[of] p2a: Zamazenta\n|faint|p2a: Zamazenta\n|\n|upkeep\n|\n|t:|1771219213\n|switch|p2a: Raging Bolt|Raging Bolt|21/100\n|-damage|p2a: Raging Bolt|9/100|[from] Spikes\n|turn|11\n|\n|t:|1771219216\n|switch|p1a: Tinkaton|Tinkaton, F, shiny|100/100\n|-damage|p1a: Tinkaton|94/100|[from] Stealth Rock\n|-item|p1a: Tinkaton|Air Balloon\n|move|p2a: Raging Bolt|Draco Meteor|p1a: Tinkaton\n|-immune|p1a: Tinkaton\n|\n|upkeep\n|turn|12\n|\n|t:|1771219219\n|-end|p2a: Raging Bolt|Protosynthesis|[silent]\n|switch|p2a: Iron Treads|Iron Treads|56/100\n|move|p1a: Tinkaton|Stealth Rock|p2a: Iron Treads\n|-sidestart|p2: bh.babiri|move: Stealth Rock\n|\n|upkeep\n|turn|13\n|\n|t:|1771219222\n|switch|p1a: Sinistcha|Sinistcha, shiny|73/100\n|move|p2a: Iron Treads|Ice Spinner|p1a: Sinistcha\n|-supereffective|p1a: Sinistcha\n|-damage|p1a: Sinistcha|39/100\n|\n|upkeep\n|turn|14\n|\n|t:|1771219228\n|move|p2a: Iron Treads|Ice Spinner|p1a: Sinistcha\n|-supereffective|p1a: Sinistcha\n|-damage|p1a: Sinistcha|4/100\n|move|p1a: Sinistcha|Strength Sap|p2a: Iron Treads\n|-unboost|p2a: Iron Treads|atk|1\n|-heal|p1a: Sinistcha|97/100\n|\n|upkeep\n|turn|15\n|-message|bh.babiri forfeited.\n|\n|win|alex12381723898\n|raw|alex12381723898's rating: 1587 &rarr; <strong>1604</strong><br />(+17 for winning)\n|raw|bh.babiri's rating: 1541 &rarr; <strong>1524</strong><br />(-17 for losing)\n|l|☆bh.babiri\n|player|p2|\n|l|☆alex12381723898\n|player|p1|\n", "uploadtime": 1771219384, "views": 4, "formatid": "gen9ou", "rating": 1524, "private": 0, "password": null}