{"id": "gen9ou-2639216908", "format": "[Gen 9] OU", "players": ["rotiop", "thepeakmons"], "log": "|j|☆rotiop\n|j|☆thepeakmons\n|t:|1782435580\n|gametype|singles\n|player|p1|rotiop|2|1197\n|player|p2|thepeakmons|101|1240\n|gen|9\n|tier|[Gen 9] OU\n|rated|\n|rule|HP Percentage Mod: HP is shown in percentages\n|rule|Endless Battle Clause: Forcing endless battles is banned\n|rule|Species Clause: Limit one of each Pokémon\n|rule|OHKO Clause: OHKO moves are banned\n|rule|Evasion Items Clause: Evasion items are banned\n|rule|Evasion Moves Clause: Evasion moves are banned\n|rule|Evasion Abilities Clause: Evasion abilities are banned\n|rule|Sleep Moves Clause: Sleep-inducing moves are banned\n|clearpoke\n|poke|p1|Zamazenta-*|\n|poke|p1|Gliscor, F|\n|poke|p1|Toxapex, F|\n|poke|p1|Hydrapple, F|\n|poke|p1|Corviknight, F|\n|poke|p1|Iron Moth|\n|poke|p2|Dondozo, M|\n|poke|p2|Clodsire, F|\n|poke|p2|Corviknight, M|\n|poke|p2|Slowking-Galar, F|\n|poke|p2|Gholdengo|\n|poke|p2|Garganacl, F|\n|teampreview\n|inactive|Battle timer is ON: inactive players will automatically lose when time's up. (requested by rotiop)\n|\n|t:|1782435588\n|teamsize|p1|6\n|teamsize|p2|6\n|start\n|switch|p1a: Gliscor|Gliscor, F|100/100\n|switch|p2a: Clodsire|Clodsire, F|100/100\n|turn|1\n|inactive|thepeakmons also wants the timer to be on.\n|inactive|thepeakmons has 120 seconds left.\n|\n|t:|1782435628\n|switch|p2a: Corviknight|Corviknight, M|100/100\n|-ability|p2a: Corviknight|Pressure\n|move|p1a: Gliscor|Earthquake|p2a: Corviknight\n|-immune|p2a: Corviknight\n|\n|-status|p1a: Gliscor|tox|[from] item: Toxic Orb\n|upkeep\n|turn|2\n|\n|t:|1782435639\n|move|p1a: Gliscor|Knock Off|p2a: Corviknight\n|-damage|p2a: Corviknight|84/100\n|-enditem|p2a: Corviknight|Heavy-Duty Boots|[from] move: Knock Off|[of] p1a: Gliscor\n|move|p2a: Corviknight|U-turn|p1a: Gliscor\n|-resisted|p1a: Gliscor\n|-damage|p1a: Gliscor|95/100 tox\n|\n|t:|1782435654\n|switch|p2a: Slowking|Slowking-Galar, F|100/100|[from] U-turn\n|\n|-heal|p1a: Gliscor|100/100 tox|[from] ability: Poison Heal\n|upkeep\n|turn|3\n|\n|t:|1782435669\n|move|p1a: Gliscor|Protect|p1a: Gliscor\n|-singleturn|p1a: Gliscor|Protect\n|move|p2a: Slowking|Ice Beam|p1a: Gliscor\n|-activate|p1a: Gliscor|move: Protect\n|\n|upkeep\n|turn|4\n|\n|t:|1782435683\n|-terastallize|p1a: Gliscor|Normal\n|move|p1a: Gliscor|Knock Off|p2a: Slowking\n|-supereffective|p2a: Slowking\n|-damage|p2a: Slowking|35/100\n|-enditem|p2a: Slowking|Heavy-Duty Boots|[from] move: Knock Off|[of] p1a: Gliscor\n|move|p2a: Slowking|Ice Beam|p1a: Gliscor\n|-damage|p1a: Gliscor|74/100 tox\n|\n|-heal|p1a: Gliscor|87/100 tox|[from] ability: Poison Heal\n|upkeep\n|turn|5\n|\n|t:|1782435697\n|switch|p2a: Corviknight|Corviknight, M|84/100\n|-ability|p2a: Corviknight|Pressure\n|move|p1a: Gliscor|Swords Dance|p1a: Gliscor\n|-boost|p1a: Gliscor|atk|2\n|\n|-heal|p1a: Gliscor|99/100 tox|[from] ability: Poison Heal\n|upkeep\n|turn|6\n|\n|t:|1782435708\n|move|p1a: Gliscor|Knock Off|p2a: Corviknight\n|-damage|p2a: Corviknight|61/100\n|move|p2a: Corviknight|Roost|p2a: Corviknight\n|-heal|p2a: Corviknight|100/100\n|-singleturn|p2a: Corviknight|move: Roost\n|\n|-heal|p1a: Gliscor|100/100 tox|[from] ability: Poison Heal\n|upkeep\n|turn|7\n|\n|t:|1782435719\n|switch|p1a: Hydrapple|Hydrapple, F|100/100\n|switch|p2a: Dondozo|Dondozo, M|100/100\n|\n|upkeep\n|turn|8\n|inactive|thepeakmons has 120 seconds left.\n|\n|t:|1782435729\n|switch|p2a: Corviknight|Corviknight, M|100/100\n|-ability|p2a: Corviknight|Pressure\n|move|p1a: Hydrapple|Leaf Storm|p2a: Corviknight\n|-resisted|p2a: Corviknight\n|-damage|p2a: Corviknight|89/100\n|-unboost|p1a: Hydrapple|spa|2\n|\n|upkeep\n|turn|9\n|inactive|thepeakmons has 120 seconds left.\n|\n|t:|1782435747\n|switch|p2a: Slowking|Slowking-Galar, F|68/100\n|switch|p1a: Corviknight|Corviknight, F|100/100\n|-ability|p1a: Corviknight|Unnerve\n|\n|upkeep\n|turn|10\n|inactive|thepeakmons has 120 seconds left.\n|\n|t:|1782435757\n|switch|p2a: Clodsire|Clodsire, F|100/100\n|move|p1a: Corviknight|U-turn|p2a: Clodsire\n|-resisted|p2a: Clodsire\n|-damage|p2a: Clodsire|93/100\n|\n|t:|1782435765\n|switch|p1a: Gliscor|Gliscor, F, tera:Normal|100/100 tox|[from] U-turn\n|\n|upkeep\n|turn|11\n|\n|t:|1782435774\n|switch|p2a: Dondozo|Dondozo, M|100/100\n|move|p1a: Gliscor|Earthquake|p2a: Dondozo\n|-damage|p2a: Dondozo|80/100\n|\n|upkeep\n|turn|12\n|\n|t:|1782435785\n|switch|p1a: Hydrapple|Hydrapple, F|100/100\n|move|p2a: Dondozo|Body Press|p1a: Hydrapple\n|-damage|p1a: Hydrapple|79/100\n|\n|upkeep\n|turn|13\n|\n|t:|1782435800\n|switch|p2a: Slowking|Slowking-Galar, F|100/100\n|move|p1a: Hydrapple|Dragon Tail|p2a: Slowking\n|-crit|p2a: Slowking\n|-damage|p2a: Slowking|74/100\n|drag|p2a: Clodsire|Clodsire, F|93/100\n|\n|upkeep\n|turn|14\n|inactive|thepeakmons has 120 seconds left.\n|\n|t:|1782435819\n|switch|p1a: Gliscor|Gliscor, F, tera:Normal|100/100 tox\n|move|p2a: Clodsire|Stealth Rock|p1a: Gliscor\n|-sidestart|p1: rotiop|move: Stealth Rock\n|\n|upkeep\n|turn|15\n|inactive|thepeakmons has 120 seconds left.\n|\n|t:|1782435834\n|switch|p2a: Dondozo|Dondozo, M|80/100\n|move|p1a: Gliscor|Knock Off|p2a: Dondozo\n|-damage|p2a: Dondozo|66/100\n|-enditem|p2a: Dondozo|Heavy-Duty Boots|[from] move: Knock Off|[of] p1a: Gliscor\n|\n|upkeep\n|turn|16\n|inactive|thepeakmons has 120 seconds left.\n|\n|t:|1782435855\n|switch|p1a: Hydrapple|Hydrapple, F|100/100\n|-damage|p1a: Hydrapple|88/100|[from] Stealth Rock\n|move|p2a: Dondozo|Curse|p2a: Dondozo\n|-unboost|p2a: Dondozo|spe|1\n|-boost|p2a: Dondozo|atk|1\n|-boost|p2a: Dondozo|def|1\n|\n|upkeep\n|turn|17\n|\n|t:|1782435868\n|switch|p2a: Slowking|Slowking-Galar, F|100/100\n|move|p1a: Hydrapple|Leaf Storm|p2a: Slowking\n|-resisted|p2a: Slowking\n|-damage|p2a: Slowking|85/100\n|-unboost|p1a: Hydrapple|spa|2\n|\n|upkeep\n|turn|18\n|\n|t:|1782435880\n|switch|p2a: Gholdengo|Gholdengo|100/100\n|move|p1a: Hydrapple|Dragon Tail|p2a: Gholdengo\n|-resisted|p2a: Gholdengo\n|-damage|p2a: Gholdengo|94/100\n|drag|p2a: Corviknight|Corviknight, M|89/100\n|-ability|p2a: Corviknight|Pressure\n|\n|upkeep\n|turn|19\n|\n|t:|1782435891\n|move|p2a: Corviknight|U-turn|p1a: Hydrapple\n|-supereffective|p1a: Hydrapple\n|-damage|p1a: Hydrapple|67/100\n|inactive|thepeakmons has 90 seconds left.\n|\n|t:|1782435912\n|switch|p2a: Gholdengo|Gholdengo|94/100|[from] U-turn\n|move|p1a: Hydrapple|Dragon Tail|p2a: Gholdengo\n|-resisted|p2a: Gholdengo\n|-damage|p2a: Gholdengo|87/100\n|drag|p2a: Garganacl|Garganacl, F|100/100\n|\n|upkeep\n|turn|20\n|inactive|thepeakmons has 90 seconds left.\n|\n|t:|1782435925\n|switch|p1a: Gliscor|Gliscor, F, tera:Normal|100/100 tox\n|-damage|p1a: Gliscor|88/100 tox|[from] Stealth Rock\n|move|p2a: Garganacl|Salt Cure|p1a: Gliscor\n|-damage|p1a: Gliscor|77/100 tox\n|-start|p1a: Gliscor|Salt Cure\n|\n|-heal|p1a: Gliscor|89/100 tox|[from] ability: Poison Heal\n|-damage|p1a: Gliscor|77/100 tox|[from] Salt Cure\n|upkeep\n|turn|21\n|inactive|thepeakmons has 90 seconds left.\n|\n|t:|1782435940\n|switch|p2a: Dondozo|Dondozo, M|66/100\n|move|p1a: Gliscor|Earthquake|p2a: Dondozo\n|-damage|p2a: Dondozo|44/100\n|\n|-heal|p1a: Gliscor|89/100 tox|[from] ability: Poison Heal\n|-damage|p1a: Gliscor|77/100 tox|[from] Salt Cure\n|upkeep\n|turn|22\n|inactive|thepeakmons has 90 seconds left.\n|\n|t:|1782435955\n|switch|p1a: Hydrapple|Hydrapple, F|100/100\n|-damage|p1a: Hydrapple|88/100|[from] Stealth Rock\n|move|p2a: Dondozo|Body Press|p1a: Hydrapple\n|-damage|p1a: Hydrapple|65/100\n|\n|upkeep\n|turn|23\n|inactive|thepeakmons has 90 seconds left.\n|\n|t:|1782435968\n|switch|p2a: Gholdengo|Gholdengo|87/100\n|move|p1a: Hydrapple|Earthquake|p2a: Gholdengo\n|-supereffective|p2a: Gholdengo\n|-damage|p2a: Gholdengo|55/100\n|\n|upkeep\n|turn|24\n|inactive|thepeakmons has 90 seconds left.\n|\n|t:|1782435984\n|move|p2a: Gholdengo|Recover|p2a: Gholdengo\n|-heal|p2a: Gholdengo|100/100\n|move|p1a: Hydrapple|Dragon Tail|p2a: Gholdengo\n|-resisted|p2a: Gholdengo\n|-damage|p2a: Gholdengo|94/100\n|drag|p2a: Slowking|Slowking-Galar, F|100/100\n|\n|upkeep\n|turn|25\n|inactive|thepeakmons has 90 seconds left.\n|\n|t:|1782436006\n|move|p1a: Hydrapple|Earthquake|p2a: Slowking\n|-supereffective|p2a: Slowking\n|-damage|p2a: Slowking|61/100\n|move|p2a: Slowking|Sludge Bomb|p1a: Hydrapple\n|-supereffective|p1a: Hydrapple\n|-damage|p1a: Hydrapple|34/100\n|\n|upkeep\n|turn|26\n|inactive|thepeakmons has 90 seconds left.\n|\n|t:|1782436027\n|switch|p1a: Corviknight|Corviknight, F|100/100\n|-ability|p1a: Corviknight|Unnerve\n|-damage|p1a: Corviknight|88/100|[from] Stealth Rock\n|move|p2a: Slowking|Sludge Bomb|p1a: Corviknight\n|-immune|p1a: Corviknight\n|\n|upkeep\n|turn|27\n|\n|t:|1782436040\n|switch|p2a: Gholdengo|Gholdengo|94/100\n|move|p1a: Corviknight|U-turn|p2a: Gholdengo\n|-resisted|p2a: Gholdengo\n|-damage|p2a: Gholdengo|92/100\n|\n|t:|1782436046\n|switch|p1a: Iron Moth|Iron Moth|100/100|[from] U-turn\n|\n|upkeep\n|turn|28\n|\n|t:|1782436055\n|switch|p2a: Clodsire|Clodsire, F|93/100\n|move|p1a: Iron Moth|Fiery Dance|p2a: Clodsire\n|-damage|p2a: Clodsire|66/100\n|-boost|p1a: Iron Moth|spa|1\n|\n|upkeep\n|turn|29\n|inactive|thepeakmons has 90 seconds left.\n|\n|t:|1782436069\n|move|p1a: Iron Moth|Psychic|p2a: Clodsire\n|-supereffective|p2a: Clodsire\n|-damage|p2a: Clodsire|10/100\n|move|p2a: Clodsire|Recover|p2a: Clodsire\n|-heal|p2a: Clodsire|60/100\n|\n|upkeep\n|turn|30\n|inactive|thepeakmons has 90 seconds left.\n|\n|t:|1782436081\n|move|p1a: Iron Moth|Psychic|p2a: Clodsire\n|-supereffective|p2a: Clodsire\n|-damage|p2a: Clodsire|0 fnt\n|faint|p2a: Clodsire\n|\n|upkeep\n|\n|t:|1782436099\n|switch|p2a: Garganacl|Garganacl, F|100/100\n|turn|31\n|\n|t:|1782436110\n|move|p1a: Iron Moth|Energy Ball|p2a: Garganacl\n|-supereffective|p2a: Garganacl\n|-damage|p2a: Garganacl|1/100\n|move|p2a: Garganacl|Salt Cure|p1a: Iron Moth\n|-supereffective|p1a: Iron Moth\n|-damage|p1a: Iron Moth|51/100\n|-start|p1a: Iron Moth|Salt Cure\n|\n|-heal|p2a: Garganacl|8/100|[from] item: Leftovers\n|-damage|p1a: Iron Moth|38/100|[from] Salt Cure\n|upkeep\n|turn|32\n|\n|t:|1782436125\n|move|p2a: Garganacl|Protect|p2a: Garganacl\n|-singleturn|p2a: Garganacl|Protect\n|move|p1a: Iron Moth|Fiery Dance|p2a: Garganacl\n|-activate|p2a: Garganacl|move: Protect\n|\n|-heal|p2a: Garganacl|14/100|[from] item: Leftovers\n|-damage|p1a: Iron Moth|26/100|[from] Salt Cure\n|upkeep\n|turn|33\n|\n|t:|1782436136\n|switch|p2a: Slowking|Slowking-Galar, F|94/100\n|move|p1a: Iron Moth|Fiery Dance|p2a: Slowking\n|-damage|p2a: Slowking|49/100\n|-boost|p1a: Iron Moth|spa|1\n|\n|-damage|p1a: Iron Moth|14/100|[from] Salt Cure\n|upkeep\n|turn|34\n|\n|t:|1782436149\n|switch|p2a: Dondozo|Dondozo, M|44/100\n|move|p1a: Iron Moth|Energy Ball|p2a: Dondozo\n|-supereffective|p2a: Dondozo\n|-damage|p2a: Dondozo|0 fnt\n|faint|p2a: Dondozo\n|\n|-damage|p1a: Iron Moth|1/100|[from] Salt Cure\n|upkeep\n|\n|t:|1782436161\n|switch|p2a: Slowking|Slowking-Galar, F|82/100\n|turn|35\n|\n|t:|1782436168\n|move|p1a: Iron Moth|Fiery Dance|p2a: Slowking\n|-damage|p2a: Slowking|29/100\n|-prepare|p2a: Slowking|Chilly Reception|[premajor]\n|move|p2a: Slowking|Chilly Reception|p2a: Slowking\n|-weather|Snowscape\n|\n|t:|1782436176\n|switch|p2a: Gholdengo|Gholdengo|92/100|[from] Chilly Reception\n|\n|-weather|Snowscape|[upkeep]\n|-damage|p1a: Iron Moth|0 fnt|[from] Salt Cure\n|faint|p1a: Iron Moth\n|-end|p1a: Iron Moth|Quark Drive|[silent]\n|upkeep\n|\n|t:|1782436186\n|switch|p1a: Hydrapple|Hydrapple, F|67/100\n|-damage|p1a: Hydrapple|54/100|[from] Stealth Rock\n|turn|36\n|\n|t:|1782436191\n|switch|p1a: Corviknight|Corviknight, F|88/100\n|-ability|p1a: Corviknight|Unnerve\n|-damage|p1a: Corviknight|75/100|[from] Stealth Rock\n|move|p2a: Gholdengo|Make It Rain|p1a: Corviknight\n|-resisted|p1a: Corviknight\n|-damage|p1a: Corviknight|57/100\n|-unboost|p2a: Gholdengo|spa|1\n|\n|-weather|Snowscape|[upkeep]\n|upkeep\n|turn|37\n|inactive|thepeakmons has 90 seconds left.\n|\n|t:|1782436203\n|move|p2a: Gholdengo|Nasty Plot|p2a: Gholdengo\n|-boost|p2a: Gholdengo|spa|2\n|move|p1a: Corviknight|Defog|p2a: Gholdengo\n|-immune|p2a: Gholdengo|[from] ability: Good as Gold\n|\n|-weather|Snowscape|[upkeep]\n|upkeep\n|turn|38\n|inactive|thepeakmons has 90 seconds left.\n|\n|t:|1782436215\n|move|p2a: Gholdengo|Nasty Plot|p2a: Gholdengo\n|-boost|p2a: Gholdengo|spa|2\n|move|p1a: Corviknight|Roost|p1a: Corviknight\n|-heal|p1a: Corviknight|100/100\n|-singleturn|p1a: Corviknight|move: Roost\n|\n|-weather|Snowscape|[upkeep]\n|upkeep\n|turn|39\n|inactive|thepeakmons has 90 seconds left.\n|\n|t:|1782436228\n|move|p2a: Gholdengo|Nasty Plot|p2a: Gholdengo\n|-boost|p2a: Gholdengo|spa|2\n|move|p1a: Corviknight|U-turn|p2a: Gholdengo\n|-resisted|p2a: Gholdengo\n|-damage|p2a: Gholdengo|89/100\n|\n|t:|1782436234\n|switch|p1a: Hydrapple|Hydrapple, F|88/100|[from] U-turn\n|-damage|p1a: Hydrapple|75/100|[from] Stealth Rock\n|\n|-weather|none\n|upkeep\n|turn|40\n|\n|t:|1782436241\n|move|p2a: Gholdengo|Make It Rain|p1a: Hydrapple\n|-damage|p1a: Hydrapple|0 fnt\n|-unboost|p2a: Gholdengo|spa|1\n|faint|p1a: Hydrapple\n|\n|upkeep\n|\n|t:|1782436249\n|switch|p1a: Gliscor|Gliscor, F, tera:Normal|77/100 tox\n|-damage|p1a: Gliscor|64/100 tox|[from] Stealth Rock\n|turn|41\n|\n|t:|1782436260\n|move|p2a: Gholdengo|Make It Rain|p1a: Gliscor\n|-damage|p1a: Gliscor|0 fnt\n|-unboost|p2a: Gholdengo|spa|1\n|faint|p1a: Gliscor\n|\n|upkeep\n|-message|rotiop forfeited.\n|\n|win|thepeakmons\n|raw|rotiop's rating: 1197 &rarr; <strong>1174</strong><br />(-23 for losing)\n|raw|thepeakmons's rating: 1218 &rarr; <strong>1241</strong><br />(+23 for winning)\n|l|☆rotiop\n|player|p1|\n", "uploadtime": 1782436278, "views": 11, "formatid": "gen9ou", "rating": 1174, "private": 0, "password": null}