{"id": "gen9ou-2540602388", "format": "[Gen 9] OU", "players": ["mrgoob6000", "Dop a da"], "log": "|j|☆mrgoob6000\n|j|☆Dop a da\n|t:|1771225286\n|gametype|singles\n|player|p1|mrgoob6000|dawn|1531\n|player|p2|Dop a da|2|1574\n|gen|9\n|tier|[Gen 9] OU\n|rated|\n|rule|HP Percentage Mod: HP is shown in percentages\n|rule|Endless Battle Clause: Forcing endless battles is banned\n|rule|Species Clause: Limit one of each Pokémon\n|rule|OHKO Clause: OHKO moves are banned\n|rule|Evasion Items Clause: Evasion items are banned\n|rule|Evasion Moves Clause: Evasion moves are banned\n|rule|Evasion Abilities Clause: Evasion abilities are banned\n|rule|Sleep Moves Clause: Sleep-inducing moves are banned\n|clearpoke\n|poke|p1|Indeedee, M|\n|poke|p1|Gholdengo|\n|poke|p1|Polteageist|\n|poke|p1|Blaziken, M|\n|poke|p1|Iron Treads|\n|poke|p1|Deoxys-Speed|\n|poke|p2|Rillaboom, M|\n|poke|p2|Heatran, M|\n|poke|p2|Ogerpon-Wellspring, F|\n|poke|p2|Hawlucha, F|\n|poke|p2|Hatterene, F|\n|poke|p2|Great Tusk|\n|teampreview\n|inactive|Battle timer is ON: inactive players will automatically lose when time's up. (requested by mrgoob6000)\n|\n|t:|1771225310\n|teamsize|p1|6\n|teamsize|p2|6\n|start\n|switch|p1a: Iron Treads|Iron Treads|100/100\n|switch|p2a: Hatterene|Hatterene, F|100/100\n|-enditem|p1a: Iron Treads|Booster Energy\n|-activate|p1a: Iron Treads|ability: Quark Drive|[fromitem]\n|-start|p1a: Iron Treads|quarkdrivespe\n|turn|1\n|\n|t:|1771225323\n|switch|p2a: Heatran|Heatran, M|100/100\n|move|p1a: Iron Treads|Earth Power|p2a: Heatran\n|-supereffective|p2a: Heatran\n|-damage|p2a: Heatran|12/100\n|\n|-heal|p2a: Heatran|19/100|[from] item: Leftovers\n|upkeep\n|turn|2\n|\n|t:|1771225335\n|move|p2a: Heatran|Protect|p2a: Heatran\n|-singleturn|p2a: Heatran|Protect\n|move|p1a: Iron Treads|Earth Power|p2a: Heatran\n|-activate|p2a: Heatran|move: Protect\n|\n|-heal|p2a: Heatran|25/100|[from] item: Leftovers\n|upkeep\n|turn|3\n|\n|t:|1771225343\n|switch|p2a: Hatterene|Hatterene, F|100/100\n|move|p1a: Iron Treads|Steel Beam|p2a: Hatterene\n|-supereffective|p2a: Hatterene\n|-damage|p2a: Hatterene|38/100\n|-damage|p1a: Iron Treads|50/100|[from] steelbeam\n|\n|upkeep\n|turn|4\n|\n|t:|1771225354\n|move|p1a: Iron Treads|Earth Power|p2a: Hatterene\n|-damage|p2a: Hatterene|17/100\n|move|p2a: Hatterene|Mystical Fire|p1a: Iron Treads\n|-supereffective|p1a: Iron Treads\n|-damage|p1a: Iron Treads|0 fnt\n|faint|p1a: Iron Treads\n|-end|p1a: Iron Treads|Quark Drive|[silent]\n|\n|upkeep\n|\n|t:|1771225359\n|switch|p1a: Blaziken|Blaziken, M|100/100\n|turn|5\n|\n|t:|1771225363\n|move|p1a: Blaziken|Acrobatics|p2a: Hatterene\n|-damage|p2a: Hatterene|0 fnt\n|faint|p2a: Hatterene\n|\n|-ability|p1a: Blaziken|Speed Boost|boost\n|-boost|p1a: Blaziken|spe|1\n|upkeep\n|\n|t:|1771225369\n|switch|p2a: Great Tusk|Great Tusk|100/100\n|turn|6\n|\n|t:|1771225396\n|-terastallize|p1a: Blaziken|Flying\n|move|p1a: Blaziken|Swords Dance|p1a: Blaziken\n|-boost|p1a: Blaziken|atk|2\n|move|p2a: Great Tusk|Stealth Rock|p1a: Blaziken\n|-sidestart|p1: mrgoob6000|move: Stealth Rock\n|\n|-ability|p1a: Blaziken|Speed Boost|boost\n|-boost|p1a: Blaziken|spe|1\n|upkeep\n|turn|7\n|\n|t:|1771225406\n|-terastallize|p2a: Great Tusk|Steel\n|move|p1a: Blaziken|Flare Blitz|p2a: Great Tusk\n|-supereffective|p2a: Great Tusk\n|-damage|p2a: Great Tusk|0 fnt\n|faint|p2a: Great Tusk\n|-end|p2a: Great Tusk|Protosynthesis|[silent]\n|-damage|p1a: Blaziken|60/100|[from] Recoil\n|\n|-ability|p1a: Blaziken|Speed Boost|boost\n|-boost|p1a: Blaziken|spe|1\n|upkeep\n|\n|t:|1771225419\n|switch|p2a: Heatran|Heatran, M|25/100\n|turn|8\n|\n|t:|1771225429\n|move|p1a: Blaziken|Close Combat|p2a: Heatran\n|-supereffective|p2a: Heatran\n|-damage|p2a: Heatran|0 fnt\n|-unboost|p1a: Blaziken|def|1\n|-unboost|p1a: Blaziken|spd|1\n|faint|p2a: Heatran\n|\n|-ability|p1a: Blaziken|Speed Boost|boost\n|-boost|p1a: Blaziken|spe|1\n|upkeep\n|\n|t:|1771225432\n|switch|p2a: Rillaboom|Rillaboom, M|100/100\n|-fieldstart|move: Grassy Terrain|[from] ability: Grassy Surge|[of] p2a: Rillaboom\n|turn|9\n|\n|t:|1771225442\n|move|p2a: Rillaboom|Grassy Glide|p1a: Blaziken\n|-resisted|p1a: Blaziken\n|-damage|p1a: Blaziken|0 fnt\n|faint|p1a: Blaziken\n|\n|upkeep\n|\n|t:|1771225447\n|switch|p1a: Indeedee|Indeedee, M|100/100\n|-damage|p1a: Indeedee|88/100|[from] Stealth Rock\n|-fieldstart|move: Psychic Terrain|[from] ability: Psychic Surge|[of] p1a: Indeedee\n|turn|10\n|\n|t:|1771225452\n|switch|p2a: Ogerpon|Ogerpon-Wellspring, F|100/100\n|move|p1a: Indeedee|Expanding Force|p2a: Ogerpon\n|-damage|p2a: Ogerpon|19/100\n|\n|upkeep\n|turn|11\n|\n|t:|1771225461\n|switch|p1a: Gholdengo|Gholdengo|100/100\n|-damage|p1a: Gholdengo|94/100|[from] Stealth Rock\n|move|p2a: Ogerpon|U-turn|p1a: Gholdengo\n|-resisted|p1a: Gholdengo\n|-damage|p1a: Gholdengo|87/100\n|\n|t:|1771225467\n|switch|p2a: Rillaboom|Rillaboom, M|100/100|[from] U-turn\n|-fieldstart|move: Grassy Terrain|[from] ability: Grassy Surge|[of] p2a: Rillaboom\n|\n|-heal|p1a: Gholdengo|93/100|[from] Grassy Terrain\n|upkeep\n|turn|12\n|\n|t:|1771225485\n|move|p1a: Gholdengo|Make It Rain|p2a: Rillaboom\n|-damage|p2a: Rillaboom|14/100\n|-unboost|p1a: Gholdengo|spa|1\n|move|p2a: Rillaboom|Knock Off|p1a: Gholdengo\n|-supereffective|p1a: Gholdengo\n|-damage|p1a: Gholdengo|0 fnt\n|-enditem|p1a: Gholdengo|Salac Berry|[from] move: Knock Off|[of] p2a: Rillaboom\n|faint|p1a: Gholdengo\n|\n|-heal|p2a: Rillaboom|20/100|[from] Grassy Terrain\n|upkeep\n|\n|t:|1771225488\n|switch|p1a: Indeedee|Indeedee, M|88/100\n|-damage|p1a: Indeedee|76/100|[from] Stealth Rock\n|-fieldstart|move: Psychic Terrain|[from] ability: Psychic Surge|[of] p1a: Indeedee\n|turn|13\n|\n|t:|1771225504\n|switch|p2a: Ogerpon|Ogerpon-Wellspring, F|19/100\n|move|p1a: Indeedee|Expanding Force|p2a: Ogerpon\n|-damage|p2a: Ogerpon|0 fnt\n|faint|p2a: Ogerpon\n|\n|upkeep\n|\n|t:|1771225516\n|switch|p2a: Rillaboom|Rillaboom, M|20/100\n|-fieldstart|move: Grassy Terrain|[from] ability: Grassy Surge|[of] p2a: Rillaboom\n|turn|14\n|\n|t:|1771225534\n|switch|p1a: Polteageist|Polteageist|100/100\n|-damage|p1a: Polteageist|88/100|[from] Stealth Rock\n|move|p2a: Rillaboom|Grassy Glide|p1a: Polteageist\n|-damage|p1a: Polteageist|0 fnt\n|faint|p1a: Polteageist\n|\n|-heal|p2a: Rillaboom|27/100|[from] Grassy Terrain\n|upkeep\n|\n|t:|1771225535\n|switch|p1a: Indeedee|Indeedee, M|76/100\n|-damage|p1a: Indeedee|64/100|[from] Stealth Rock\n|-fieldstart|move: Psychic Terrain|[from] ability: Psychic Surge|[of] p1a: Indeedee\n|turn|15\n|\n|t:|1771225550\n|switch|p2a: Hawlucha|Hawlucha, F|100/100\n|move|p1a: Indeedee|Expanding Force|p2a: Hawlucha\n|-supereffective|p2a: Hawlucha\n|-damage|p2a: Hawlucha|0 fnt\n|faint|p2a: Hawlucha\n|\n|upkeep\n|\n|t:|1771225552\n|switch|p2a: Rillaboom|Rillaboom, M|27/100\n|-fieldstart|move: Grassy Terrain|[from] ability: Grassy Surge|[of] p2a: Rillaboom\n|turn|16\n|\n|t:|1771225560\n|switch|p1a: Deoxys|Deoxys-Speed|100/100\n|-damage|p1a: Deoxys|88/100|[from] Stealth Rock\n|-ability|p1a: Deoxys|Pressure\n|move|p2a: Rillaboom|Knock Off|p1a: Deoxys\n|-supereffective|p1a: Deoxys\n|-damage|p1a: Deoxys|0 fnt\n|-enditem|p1a: Deoxys|Power Herb|[from] move: Knock Off|[of] p2a: Rillaboom\n|faint|p1a: Deoxys\n|\n|-heal|p2a: Rillaboom|33/100|[from] Grassy Terrain\n|upkeep\n|\n|t:|1771225567\n|switch|p1a: Indeedee|Indeedee, M|64/100\n|-damage|p1a: Indeedee|51/100|[from] Stealth Rock\n|-fieldstart|move: Psychic Terrain|[from] ability: Psychic Surge|[of] p1a: Indeedee\n|turn|17\n|\n|t:|1771225569\n|move|p1a: Indeedee|Expanding Force|p2a: Rillaboom\n|-damage|p2a: Rillaboom|0 fnt\n|faint|p2a: Rillaboom\n|\n|win|mrgoob6000\n|raw|mrgoob6000's rating: 1531 &rarr; <strong>1553</strong><br />(+22 for winning)\n|raw|Dop a da's rating: 1574 &rarr; <strong>1552</strong><br />(-22 for losing)\n|l|☆Dop a da\n|player|p2|\n|l|☆mrgoob6000\n|player|p1|\n", "uploadtime": 1771225718, "views": 6, "formatid": "gen9ou", "rating": 1552, "private": 0, "password": null}