{"id": "gen9ou-2639313840", "format": "[Gen 9] OU", "players": ["alpalmaster", "Dreilek"], "log": "|j|☆alpalmaster\n|j|☆Dreilek\n|t:|1782451257\n|gametype|singles\n|player|p1|alpalmaster|roughneck-gen4|1407\n|player|p2|Dreilek|benga|1483\n|gen|9\n|tier|[Gen 9] OU\n|rated|\n|rule|HP Percentage Mod: HP is shown in percentages\n|rule|Endless Battle Clause: Forcing endless battles is banned\n|rule|Species Clause: Limit one of each Pokémon\n|rule|OHKO Clause: OHKO moves are banned\n|rule|Evasion Items Clause: Evasion items are banned\n|rule|Evasion Moves Clause: Evasion moves are banned\n|rule|Evasion Abilities Clause: Evasion abilities are banned\n|rule|Sleep Moves Clause: Sleep-inducing moves are banned\n|clearpoke\n|poke|p1|Skarmory, M|\n|poke|p1|Great Tusk|\n|poke|p1|Tyranitar, F|\n|poke|p1|Dragapult, F|\n|poke|p1|Kommo-o, F|\n|poke|p1|Slowking-Galar, M|\n|poke|p2|Torkoal, M|\n|poke|p2|Great Tusk|\n|poke|p2|Walking Wake|\n|poke|p2|Raging Bolt|\n|poke|p2|Venusaur, F|\n|poke|p2|Hatterene, F|\n|teampreview\n|inactive|Battle timer is ON: inactive players will automatically lose when time's up. (requested by alpalmaster)\n|\n|t:|1782451278\n|teamsize|p1|6\n|teamsize|p2|6\n|start\n|switch|p1a: Tyranitar|Tyranitar, F|100/100\n|switch|p2a: Torkoal|Torkoal, M, shiny|100/100\n|-weather|Sandstorm|[from] ability: Sand Stream|[of] p1a: Tyranitar\n|-weather|SunnyDay|[from] ability: Drought|[of] p2a: Torkoal\n|turn|1\n|\n|t:|1782451291\n|move|p1a: Tyranitar|Knock Off|p2a: Torkoal\n|-damage|p2a: Torkoal|55/100\n|-enditem|p2a: Torkoal|Heat Rock|[from] move: Knock Off|[of] p1a: Tyranitar\n|move|p2a: Torkoal|Will-O-Wisp|p1a: Tyranitar\n|-status|p1a: Tyranitar|brn\n|\n|-weather|SunnyDay|[upkeep]\n|-damage|p1a: Tyranitar|94/100 brn|[from] brn\n|upkeep\n|turn|2\n|\n|t:|1782451298\n|switch|p1a: Slowking|Slowking-Galar, M|100/100\n|move|p2a: Torkoal|Stealth Rock|p1a: Slowking\n|-sidestart|p1: alpalmaster|move: Stealth Rock\n|\n|-weather|SunnyDay|[upkeep]\n|upkeep\n|turn|3\n|\n|t:|1782451304\n|switch|p2a: Great Tusk|Great Tusk, shiny|100/100\n|-activate|p2a: Great Tusk|ability: Protosynthesis\n|-start|p2a: Great Tusk|protosynthesisspe\n|-prepare|p1a: Slowking|Chilly Reception|[premajor]\n|move|p1a: Slowking|Chilly Reception|p1a: Slowking\n|-weather|Snowscape\n|-end|p2a: Great Tusk|Protosynthesis\n|\n|t:|1782451315\n|switch|p1a: Skarmory|Skarmory, M|100/100|[from] Chilly Reception\n|-damage|p1a: Skarmory|88/100|[from] Stealth Rock\n|\n|-weather|Snowscape|[upkeep]\n|upkeep\n|turn|4\n|\n|t:|1782451318\n|-end|p2a: Great Tusk|Protosynthesis|[silent]\n|switch|p2a: Hatterene|Hatterene, F, shiny|100/100\n|move|p1a: Skarmory|Stealth Rock|p2a: Hatterene\n|move|p2a: Hatterene|Stealth Rock||[from] ability: Magic Bounce|[still]\n|-fail|p2a: Hatterene\n|\n|-weather|Snowscape|[upkeep]\n|upkeep\n|turn|5\n|\n|t:|1782451327\n|switch|p1a: Tyranitar|Tyranitar, F|94/100 brn\n|-damage|p1a: Tyranitar|82/100 brn|[from] Stealth Rock\n|-weather|Sandstorm|[from] ability: Sand Stream|[of] p1a: Tyranitar\n|move|p2a: Hatterene|Draining Kiss|p1a: Tyranitar\n|-supereffective|p1a: Tyranitar\n|-damage|p1a: Tyranitar|46/100 brn\n|\n|-weather|Sandstorm|[upkeep]\n|-damage|p2a: Hatterene|95/100|[from] Sandstorm\n|-damage|p1a: Tyranitar|40/100 brn|[from] brn\n|upkeep\n|turn|6\n|\n|t:|1782451337\n|switch|p2a: Torkoal|Torkoal, M, shiny|55/100\n|-weather|SunnyDay|[from] ability: Drought|[of] p2a: Torkoal\n|move|p1a: Tyranitar|Knock Off|p2a: Torkoal\n|-damage|p2a: Torkoal|39/100\n|\n|-weather|SunnyDay|[upkeep]\n|-damage|p1a: Tyranitar|34/100 brn|[from] brn\n|upkeep\n|turn|7\n|\n|t:|1782451346\n|switch|p1a: Slowking|Slowking-Galar, M|100/100\n|move|p2a: Torkoal|Body Press|p1a: Slowking\n|-resisted|p1a: Slowking\n|-damage|p1a: Slowking|93/100\n|\n|-weather|SunnyDay|[upkeep]\n|upkeep\n|turn|8\n|\n|t:|1782451359\n|switch|p2a: Hatterene|Hatterene, F, shiny|95/100\n|move|p1a: Slowking|Future Sight|p2a: Hatterene\n|-start|p1a: Slowking|move: Future Sight\n|\n|-weather|SunnyDay|[upkeep]\n|upkeep\n|turn|9\n|\n|t:|1782451361\n|move|p2a: Hatterene|Nuzzle|p1a: Slowking\n|-damage|p1a: Slowking|89/100\n|-status|p1a: Slowking|par\n|cant|p1a: Slowking|par\n|\n|-weather|SunnyDay|[upkeep]\n|upkeep\n|turn|10\n|\n|t:|1782451367\n|move|p2a: Hatterene|Psyshock|p1a: Slowking\n|-damage|p1a: Slowking|45/100 par\n|move|p1a: Slowking|Sludge Bomb|p2a: Hatterene\n|-supereffective|p2a: Hatterene\n|-damage|p2a: Hatterene|53/100\n|\n|-weather|none\n|-end|p2a: Hatterene|move: Future Sight\n|-resisted|p2a: Hatterene\n|-damage|p2a: Hatterene|39/100\n|upkeep\n|turn|11\n|\n|t:|1782451380\n|switch|p1a: Tyranitar|Tyranitar, F|34/100 brn\n|-damage|p1a: Tyranitar|22/100 brn|[from] Stealth Rock\n|-weather|Sandstorm|[from] ability: Sand Stream|[of] p1a: Tyranitar\n|move|p2a: Hatterene|Draining Kiss|p1a: Tyranitar\n|-supereffective|p1a: Tyranitar\n|-damage|p1a: Tyranitar|0 fnt\n|-heal|p2a: Hatterene|56/100|[from] drain|[of] p1a: Tyranitar\n|faint|p1a: Tyranitar\n|\n|-weather|Sandstorm|[upkeep]\n|-damage|p2a: Hatterene|50/100|[from] Sandstorm\n|upkeep\n|\n|t:|1782451387\n|switch|p1a: Slowking|Slowking-Galar, M|78/100 par\n|turn|12\n|\n|t:|1782451392\n|move|p2a: Hatterene|Psyshock|p1a: Slowking\n|-damage|p1a: Slowking|30/100 par\n|move|p1a: Slowking|Sludge Bomb|p2a: Hatterene\n|-supereffective|p2a: Hatterene\n|-damage|p2a: Hatterene|7/100\n|\n|-weather|Sandstorm|[upkeep]\n|-damage|p2a: Hatterene|1/100|[from] Sandstorm\n|-damage|p1a: Slowking|24/100 par|[from] Sandstorm\n|upkeep\n|turn|13\n|\n|t:|1782451401\n|switch|p1a: Skarmory|Skarmory, M|88/100\n|-damage|p1a: Skarmory|76/100|[from] Stealth Rock\n|move|p2a: Hatterene|Psyshock|p1a: Skarmory\n|-resisted|p1a: Skarmory\n|-damage|p1a: Skarmory|64/100\n|\n|-weather|Sandstorm|[upkeep]\n|-damage|p2a: Hatterene|0 fnt|[from] Sandstorm\n|faint|p2a: Hatterene\n|upkeep\n|\n|t:|1782451405\n|switch|p2a: Raging Bolt|Raging Bolt|100/100\n|turn|14\n|\n|t:|1782451415\n|switch|p1a: Great Tusk|Great Tusk|100/100\n|-damage|p1a: Great Tusk|98/100|[from] Stealth Rock\n|move|p2a: Raging Bolt|Dragon Pulse|p1a: Great Tusk\n|-damage|p1a: Great Tusk|29/100\n|\n|-weather|Sandstorm|[upkeep]\n|-damage|p2a: Raging Bolt|94/100|[from] Sandstorm\n|-heal|p1a: Great Tusk|35/100|[from] item: Leftovers\n|-heal|p2a: Raging Bolt|100/100|[from] item: Leftovers\n|upkeep\n|turn|15\n|\n|t:|1782451428\n|-end|p2a: Raging Bolt|Protosynthesis|[silent]\n|switch|p2a: Great Tusk|Great Tusk, shiny|100/100\n|move|p1a: Great Tusk|Earthquake|p2a: Great Tusk\n|-damage|p2a: Great Tusk|73/100\n|\n|-weather|none\n|-heal|p1a: Great Tusk|41/100|[from] item: Leftovers\n|upkeep\n|turn|16\n|\n|t:|1782451434\n|move|p1a: Great Tusk|Rapid Spin|p2a: Great Tusk\n|-damage|p2a: Great Tusk|63/100\n|-boost|p1a: Great Tusk|spe|1\n|-sideend|p1: alpalmaster|Stealth Rock|[from] move: Rapid Spin|[of] p1a: Great Tusk\n|move|p2a: Great Tusk|Bulk Up|p2a: Great Tusk\n|-boost|p2a: Great Tusk|atk|1\n|-boost|p2a: Great Tusk|def|1\n|\n|-heal|p1a: Great Tusk|48/100|[from] item: Leftovers\n|upkeep\n|turn|17\n|\n|t:|1782451441\n|move|p1a: Great Tusk|Bulk Up|p1a: Great Tusk\n|-boost|p1a: Great Tusk|atk|1\n|-boost|p1a: Great Tusk|def|1\n|move|p2a: Great Tusk|Ice Spinner|p1a: Great Tusk\n|-supereffective|p1a: Great Tusk\n|-damage|p1a: Great Tusk|21/100\n|\n|-heal|p1a: Great Tusk|27/100|[from] item: Leftovers\n|upkeep\n|turn|18\n|\n|t:|1782451470\n|-end|p1a: Great Tusk|Protosynthesis|[silent]\n|switch|p1a: Skarmory|Skarmory, M|64/100\n|move|p2a: Great Tusk|Bulk Up|p2a: Great Tusk\n|-boost|p2a: Great Tusk|atk|1\n|-boost|p2a: Great Tusk|def|1\n|\n|upkeep\n|turn|19\n|\n|t:|1782451475\n|move|p2a: Great Tusk|Ice Spinner|p1a: Skarmory\n|-damage|p1a: Skarmory|35/100\n|-damage|p2a: Great Tusk|47/100|[from] item: Rocky Helmet|[of] p1a: Skarmory\n|move|p1a: Skarmory|Stealth Rock|p2a: Great Tusk\n|-sidestart|p2: Dreilek|move: Stealth Rock\n|\n|upkeep\n|turn|20\n|\n|t:|1782451482\n|move|p2a: Great Tusk|Bulk Up|p2a: Great Tusk\n|-boost|p2a: Great Tusk|atk|1\n|-boost|p2a: Great Tusk|def|1\n|move|p1a: Skarmory|Roost|p1a: Skarmory\n|-heal|p1a: Skarmory|85/100\n|-singleturn|p1a: Skarmory|move: Roost\n|\n|upkeep\n|turn|21\n|\n|t:|1782451489\n|move|p2a: Great Tusk|Bulk Up|p2a: Great Tusk\n|-boost|p2a: Great Tusk|atk|1\n|-boost|p2a: Great Tusk|def|1\n|move|p1a: Skarmory|Spikes|p2a: Great Tusk\n|-sidestart|p2: Dreilek|Spikes\n|\n|upkeep\n|turn|22\n|\n|t:|1782451492\n|move|p2a: Great Tusk|Bulk Up|p2a: Great Tusk\n|-boost|p2a: Great Tusk|atk|1\n|-boost|p2a: Great Tusk|def|1\n|move|p1a: Skarmory|Whirlwind|p2a: Great Tusk\n|-end|p2a: Great Tusk|Protosynthesis|[silent]\n|drag|p2a: Torkoal|Torkoal, M, shiny|39/100\n|-damage|p2a: Torkoal|14/100|[from] Stealth Rock\n|-damage|p2a: Torkoal|1/100|[from] Spikes\n|-weather|SunnyDay|[from] ability: Drought|[of] p2a: Torkoal\n|\n|-weather|SunnyDay|[upkeep]\n|upkeep\n|turn|23\n|\n|t:|1782451503\n|switch|p1a: Dragapult|Dragapult, F|100/100\n|move|p2a: Torkoal|Rapid Spin|p1a: Dragapult\n|-immune|p1a: Dragapult\n|\n|-weather|SunnyDay|[upkeep]\n|upkeep\n|turn|24\n|\n|t:|1782451509\n|move|p1a: Dragapult|U-turn|p2a: Torkoal\n|-resisted|p2a: Torkoal\n|-damage|p2a: Torkoal|0 fnt\n|faint|p2a: Torkoal\n|\n|t:|1782451513\n|switch|p1a: Slowking|Slowking-Galar, M|57/100 par|[from] U-turn\n|\n|-weather|SunnyDay|[upkeep]\n|upkeep\n|\n|t:|1782451528\n|switch|p2a: Raging Bolt|Raging Bolt|100/100\n|-damage|p2a: Raging Bolt|88/100|[from] Stealth Rock\n|-damage|p2a: Raging Bolt|76/100|[from] Spikes\n|-activate|p2a: Raging Bolt|ability: Protosynthesis\n|-start|p2a: Raging Bolt|protosynthesisspa\n|turn|25\n|\n|t:|1782451536\n|move|p2a: Raging Bolt|Dragon Pulse|p1a: Slowking\n|-damage|p1a: Slowking|16/100 par\n|-prepare|p1a: Slowking|Chilly Reception|[premajor]\n|move|p1a: Slowking|Chilly Reception|p1a: Slowking\n|-weather|Snowscape\n|-end|p2a: Raging Bolt|Protosynthesis\n|\n|t:|1782451539\n|switch|p1a: Dragapult|Dragapult, F|100/100|[from] Chilly Reception\n|\n|-weather|Snowscape|[upkeep]\n|-heal|p2a: Raging Bolt|82/100|[from] item: Leftovers\n|upkeep\n|turn|26\n|\n|t:|1782451547\n|-terastallize|p2a: Raging Bolt|Fairy\n|move|p1a: Dragapult|U-turn|p2a: Raging Bolt\n|-resisted|p2a: Raging Bolt\n|-damage|p2a: Raging Bolt|74/100\n|\n|t:|1782451571\n|switch|p1a: Slowking|Slowking-Galar, M|49/100 par|[from] U-turn\n|move|p2a: Raging Bolt|Dragon Pulse|p1a: Slowking\n|-damage|p1a: Slowking|18/100 par\n|\n|-weather|Snowscape|[upkeep]\n|-heal|p2a: Raging Bolt|81/100|[from] item: Leftovers\n|upkeep\n|turn|27\n|\n|t:|1782451579\n|move|p2a: Raging Bolt|Dragon Pulse|p1a: Slowking\n|-damage|p1a: Slowking|0 fnt\n|faint|p1a: Slowking\n|\n|-weather|Snowscape|[upkeep]\n|-heal|p2a: Raging Bolt|87/100|[from] item: Leftovers\n|upkeep\n|-message|alpalmaster forfeited.\n|\n|win|Dreilek\n|raw|alpalmaster's rating: 1407 &rarr; <strong>1391</strong><br />(-16 for losing)\n|raw|Dreilek's rating: 1483 &rarr; <strong>1499</strong><br />(+16 for winning)\n|l|☆alpalmaster\n|player|p1|\n|l|☆Dreilek\n|player|p2|\n", "uploadtime": 1782451795, "views": 3, "formatid": "gen9ou", "rating": 1391, "private": 0, "password": null}