{"id": "gen9ou-2639289305", "format": "[Gen 9] OU", "players": ["OUBotBeepBoop", "R0R0N04 ZORO"], "log": "|j|☆OUBotBeepBoop\n|j|☆R0R0N04 ZORO\n|t:|1782446627\n|gametype|singles\n|player|p1|OUBotBeepBoop|2|1206\n|player|p2|R0R0N04 ZORO|benga|1111\n|gen|9\n|tier|[Gen 9] OU\n|rated|\n|rule|HP Percentage Mod: HP is shown in percentages\n|rule|Endless Battle Clause: Forcing endless battles is banned\n|rule|Species Clause: Limit one of each Pokémon\n|rule|OHKO Clause: OHKO moves are banned\n|rule|Evasion Items Clause: Evasion items are banned\n|rule|Evasion Moves Clause: Evasion moves are banned\n|rule|Evasion Abilities Clause: Evasion abilities are banned\n|rule|Sleep Moves Clause: Sleep-inducing moves are banned\n|clearpoke\n|poke|p1|Glimmora, M|\n|poke|p1|Great Tusk|\n|poke|p1|Kingambit, F|\n|poke|p1|Dragapult, M|\n|poke|p1|Clefable, M|\n|poke|p1|Corviknight, F|\n|poke|p2|Glimmora, M|\n|poke|p2|Blaziken, F|\n|poke|p2|Kingambit, M|\n|poke|p2|Iron Crown|\n|poke|p2|Iron Treads|\n|poke|p2|Dragonite, F|\n|teampreview\n|\n|t:|1782446653\n|teamsize|p1|6\n|teamsize|p2|6\n|start\n|switch|p1a: Glimmora|Glimmora, M|100/100\n|switch|p2a: Iron Treads|Iron Treads|100/100\n|turn|1\n|\n|t:|1782446658\n|switch|p1a: Great Tusk|Great Tusk|100/100\n|move|p2a: Iron Treads|Earthquake|p1a: Great Tusk\n|-damage|p1a: Great Tusk|69/100\n|\n|upkeep\n|turn|2\n|\n|t:|1782446668\n|-end|p2a: Iron Treads|Quark Drive|[silent]\n|switch|p2a: Glimmora|Glimmora, M|100/100\n|move|p1a: Great Tusk|Headlong Rush|p2a: Glimmora\n|-supereffective|p2a: Glimmora\n|-enditem|p2a: Glimmora|Focus Sash\n|-damage|p2a: Glimmora|1/100\n|-unboost|p1a: Great Tusk|def|1\n|-unboost|p1a: Great Tusk|spd|1\n|-activate|p2a: Glimmora|ability: Toxic Debris\n|-sidestart|p1: OUBotBeepBoop|move: Toxic Spikes\n|\n|upkeep\n|turn|3\n|\n|t:|1782446672\n|move|p1a: Great Tusk|Rapid Spin|p2a: Glimmora\n|-resisted|p2a: Glimmora\n|-damage|p2a: Glimmora|0 fnt\n|-boost|p1a: Great Tusk|spe|1\n|-activate|p2a: Glimmora|ability: Toxic Debris\n|-sidestart|p1: OUBotBeepBoop|move: Toxic Spikes\n|-sideend|p1: OUBotBeepBoop|Toxic Spikes|[from] move: Rapid Spin|[of] p1a: Great Tusk\n|faint|p2a: Glimmora\n|\n|upkeep\n|\n|t:|1782446681\n|switch|p2a: Dragonite|Dragonite, F|100/100\n|turn|4\n|\n|t:|1782446686\n|move|p1a: Great Tusk|Ice Spinner|p2a: Dragonite\n|-supereffective|p2a: Dragonite\n|-damage|p2a: Dragonite|34/100\n|move|p2a: Dragonite|Dragon Dance|p2a: Dragonite\n|-boost|p2a: Dragonite|atk|1\n|-boost|p2a: Dragonite|spe|1\n|\n|upkeep\n|turn|5\n|\n|t:|1782446691\n|move|p2a: Dragonite|Extreme Speed|p1a: Great Tusk\n|-damage|p1a: Great Tusk|18/100\n|move|p1a: Great Tusk|Ice Spinner|p2a: Dragonite\n|-supereffective|p2a: Dragonite\n|-damage|p2a: Dragonite|0 fnt\n|faint|p2a: Dragonite\n|\n|upkeep\n|\n|t:|1782446696\n|switch|p2a: Blaziken|Blaziken, F|100/100\n|turn|6\n|\n|t:|1782446698\n|move|p2a: Blaziken|Protect|p2a: Blaziken\n|-singleturn|p2a: Blaziken|Protect\n|move|p1a: Great Tusk|Headlong Rush|p2a: Blaziken\n|-activate|p2a: Blaziken|move: Protect\n|\n|-ability|p2a: Blaziken|Speed Boost|boost\n|-boost|p2a: Blaziken|spe|1\n|upkeep\n|turn|7\n|\n|t:|1782446700\n|move|p2a: Blaziken|Protect||[still]\n|-fail|p2a: Blaziken\n|move|p1a: Great Tusk|Headlong Rush|p2a: Blaziken\n|-supereffective|p2a: Blaziken\n|-damage|p2a: Blaziken|0 fnt\n|-unboost|p1a: Great Tusk|def|1\n|-unboost|p1a: Great Tusk|spd|1\n|faint|p2a: Blaziken\n|\n|upkeep\n|\n|t:|1782446704\n|switch|p2a: Kingambit|Kingambit, M|100/100\n|-activate|p2a: Kingambit|ability: Supreme Overlord\n|-start|p2a: Kingambit|fallen3|[silent]\n|turn|8\n|\n|t:|1782446706\n|-end|p1a: Great Tusk|Protosynthesis|[silent]\n|switch|p1a: Corviknight|Corviknight, F|100/100\n|-ability|p1a: Corviknight|Pressure\n|move|p2a: Kingambit|Sucker Punch||[still]\n|-fail|p2a: Kingambit\n|\n|upkeep\n|turn|9\n|-message|R0R0N04 ZORO forfeited.\n|\n|win|OUBotBeepBoop\n|raw|OUBotBeepBoop's rating: 1206 &rarr; <strong>1224</strong><br />(+18 for winning)\n|raw|R0R0N04 ZORO's rating: 1111 &rarr; <strong>1093</strong><br />(-18 for losing)\n|l|☆OUBotBeepBoop\n|player|p1|\n|l|☆R0R0N04 ZORO\n|player|p2|\n", "uploadtime": 1782447088, "views": 3, "formatid": "gen9ou", "rating": 1093, "private": 0, "password": null}