{"id": "gen9ou-2639290012", "format": "[Gen 9] OU", "players": ["hoenn hunnies", "MalCantLadder"], "log": "|j|☆hoenn hunnies\n|j|☆MalCantLadder\n|t:|1782446760\n|gametype|singles\n|player|p1|hoenn hunnies|2|1062\n|player|p2|MalCantLadder|battlegirl-gen4|1070\n|gen|9\n|tier|[Gen 9] OU\n|rated|\n|rule|HP Percentage Mod: HP is shown in percentages\n|rule|Endless Battle Clause: Forcing endless battles is banned\n|rule|Species Clause: Limit one of each Pokémon\n|rule|OHKO Clause: OHKO moves are banned\n|rule|Evasion Items Clause: Evasion items are banned\n|rule|Evasion Moves Clause: Evasion moves are banned\n|rule|Evasion Abilities Clause: Evasion abilities are banned\n|rule|Sleep Moves Clause: Sleep-inducing moves are banned\n|clearpoke\n|poke|p1|Blaziken, M|\n|poke|p1|Breloom, M|\n|poke|p1|Pelipper, F|\n|poke|p1|Torkoal, F|\n|poke|p1|Shiftry, M|\n|poke|p1|Ludicolo, M|\n|poke|p2|Iron Moth|\n|poke|p2|Ceruledge, F|\n|poke|p2|Ogerpon-Wellspring, F|\n|poke|p2|Dragonite, M|\n|poke|p2|Dragapult, F|\n|poke|p2|Slowbro, M|\n|teampreview\n|inactive|Battle timer is ON: inactive players will automatically lose when time's up. (requested by MalCantLadder)\n|l|☆hoenn hunnies\n|inactive|hoenn hunnies disconnected and has a minute to reconnect!\n|player|p1|\n|j|☆hoenn hunnies\n|inactive|hoenn hunnies reconnected and has 130 seconds left.\n|player|p1|hoenn hunnies|2|\n|inactive|hoenn hunnies has 120 seconds left.\n|inactive|hoenn hunnies has 90 seconds left.\n|\n|t:|1782446821\n|teamsize|p1|6\n|teamsize|p2|6\n|start\n|switch|p1a: Pelipper|Pelipper, F|100/100\n|switch|p2a: Dragonite|Dragonite, M|100/100\n|-weather|RainDance|[from] ability: Drizzle|[of] p1a: Pelipper\n|turn|1\n|\n|t:|1782446828\n|move|p2a: Dragonite|Dragon Dance|p2a: Dragonite\n|-boost|p2a: Dragonite|atk|1\n|-boost|p2a: Dragonite|spe|1\n|move|p1a: Pelipper|Tailwind|p1a: Pelipper\n|-sidestart|p1: hoenn hunnies|move: Tailwind\n|\n|-weather|RainDance|[upkeep]\n|upkeep\n|turn|2\n|\n|t:|1782446839\n|move|p2a: Dragonite|Dragon Dance|p2a: Dragonite\n|-boost|p2a: Dragonite|atk|1\n|-boost|p2a: Dragonite|spe|1\n|move|p1a: Pelipper|Hurricane|p2a: Dragonite\n|-damage|p2a: Dragonite|74/100\n|\n|-weather|RainDance|[upkeep]\n|upkeep\n|turn|3\n|\n|t:|1782446847\n|move|p2a: Dragonite|Dragon Claw|p1a: Pelipper\n|-damage|p1a: Pelipper|0 fnt\n|faint|p1a: Pelipper\n|-damage|p2a: Dragonite|64/100|[from] item: Life Orb\n|\n|-weather|RainDance|[upkeep]\n|upkeep\n|\n|t:|1782446854\n|switch|p1a: Ludicolo|Ludicolo, M|100/100\n|turn|4\n|\n|t:|1782446867\n|move|p1a: Ludicolo|Ice Beam|p2a: Dragonite\n|-supereffective|p2a: Dragonite\n|-damage|p2a: Dragonite|0 fnt\n|faint|p2a: Dragonite\n|\n|-weather|RainDance|[upkeep]\n|-sideend|p1: hoenn hunnies|move: Tailwind\n|upkeep\n|\n|t:|1782446881\n|switch|p2a: Ceruledge|Ceruledge, F|100/100\n|turn|5\n|\n|t:|1782446885\n|move|p1a: Ludicolo|Weather Ball|p2a: Ceruledge\n|-supereffective|p2a: Ceruledge\n|-enditem|p2a: Ceruledge|Focus Sash\n|-damage|p2a: Ceruledge|1/100\n|move|p2a: Ceruledge|Swords Dance|p2a: Ceruledge\n|-boost|p2a: Ceruledge|atk|2\n|\n|-weather|RainDance|[upkeep]\n|upkeep\n|turn|6\n|\n|t:|1782446895\n|move|p1a: Ludicolo|Weather Ball|p2a: Ceruledge\n|-supereffective|p2a: Ceruledge\n|-damage|p2a: Ceruledge|0 fnt\n|faint|p2a: Ceruledge\n|\n|-weather|RainDance|[upkeep]\n|upkeep\n|\n|t:|1782446898\n|switch|p2a: Dragapult|Dragapult, F|100/100\n|turn|7\n|\n|t:|1782446904\n|switch|p2a: Slowbro|Slowbro, M|100/100\n|move|p1a: Ludicolo|Ice Beam|p2a: Slowbro\n|-resisted|p2a: Slowbro\n|-damage|p2a: Slowbro|91/100\n|\n|-weather|RainDance|[upkeep]\n|upkeep\n|turn|8\n|\n|t:|1782446913\n|move|p1a: Ludicolo|Giga Drain|p2a: Slowbro\n|-supereffective|p2a: Slowbro\n|-damage|p2a: Slowbro|52/100\n|move|p2a: Slowbro|Future Sight|p1a: Ludicolo\n|-start|p2a: Slowbro|move: Future Sight\n|\n|-weather|none\n|upkeep\n|turn|9\n|\n|t:|1782446920\n|switch|p2a: Dragapult|Dragapult, F|100/100\n|move|p1a: Ludicolo|Giga Drain|p2a: Dragapult\n|-resisted|p2a: Dragapult\n|-damage|p2a: Dragapult|80/100\n|\n|upkeep\n|turn|10\n|\n|t:|1782446927\n|move|p2a: Dragapult|Dragon Dance|p2a: Dragapult\n|-boost|p2a: Dragapult|atk|1\n|-boost|p2a: Dragapult|spe|1\n|move|p1a: Ludicolo|Ice Beam|p2a: Dragapult\n|-supereffective|p2a: Dragapult\n|-damage|p2a: Dragapult|13/100\n|\n|-end|p1a: Ludicolo|move: Future Sight\n|-damage|p1a: Ludicolo|45/100\n|-heal|p1a: Ludicolo|51/100|[from] item: Leftovers\n|upkeep\n|turn|11\n|\n|t:|1782446938\n|move|p2a: Dragapult|Dragon Darts|p1a: Ludicolo\n|-damage|p1a: Ludicolo|0 fnt\n|faint|p1a: Ludicolo\n|\n|upkeep\n|\n|t:|1782446943\n|switch|p1a: Torkoal|Torkoal, F|100/100\n|-weather|SunnyDay|[from] ability: Drought|[of] p1a: Torkoal\n|turn|12\n|\n|t:|1782446950\n|move|p2a: Dragapult|Dragon Darts|p1a: Torkoal\n|-damage|p1a: Torkoal|69/100\n|-anim|p2a: Dragapult|Dragon Darts|p1a: Torkoal\n|-damage|p1a: Torkoal|38/100\n|move|p1a: Torkoal|Rock Tomb|p2a: Dragapult\n|-damage|p2a: Dragapult|0 fnt\n|faint|p2a: Dragapult\n|\n|-weather|SunnyDay|[upkeep]\n|upkeep\n|\n|t:|1782446959\n|switch|p2a: Iron Moth|Iron Moth|100/100\n|-enditem|p2a: Iron Moth|Booster Energy\n|-activate|p2a: Iron Moth|ability: Quark Drive|[fromitem]\n|-start|p2a: Iron Moth|quarkdrivespa\n|turn|13\n|\n|t:|1782446965\n|move|p2a: Iron Moth|Fiery Dance|p1a: Torkoal\n|-resisted|p1a: Torkoal\n|-damage|p1a: Torkoal|0 fnt\n|-boost|p2a: Iron Moth|spa|1\n|faint|p1a: Torkoal\n|\n|-weather|SunnyDay|[upkeep]\n|upkeep\n|\n|t:|1782446974\n|switch|p1a: Shiftry|Shiftry, M|100/100\n|turn|14\n|\n|t:|1782446981\n|move|p1a: Shiftry|Extrasensory|p2a: Iron Moth\n|-supereffective|p2a: Iron Moth\n|-damage|p2a: Iron Moth|31/100\n|-damage|p1a: Shiftry|91/100|[from] item: Life Orb\n|move|p2a: Iron Moth|Fiery Dance|p1a: Shiftry\n|-supereffective|p1a: Shiftry\n|-damage|p1a: Shiftry|0 fnt\n|-boost|p2a: Iron Moth|spa|1\n|faint|p1a: Shiftry\n|\n|-weather|SunnyDay|[upkeep]\n|upkeep\n|\n|t:|1782447000\n|switch|p1a: Blaziken|Blaziken, M, shiny|100/100\n|turn|15\n|\n|t:|1782447006\n|move|p1a: Blaziken|Protect|p1a: Blaziken\n|-singleturn|p1a: Blaziken|Protect\n|move|p2a: Iron Moth|Dazzling Gleam|p1a: Blaziken\n|-activate|p1a: Blaziken|move: Protect\n|\n|-weather|SunnyDay|[upkeep]\n|-ability|p1a: Blaziken|Speed Boost|boost\n|-boost|p1a: Blaziken|spe|1\n|upkeep\n|turn|16\n|\n|t:|1782447028\n|-terastallize|p1a: Blaziken|Flying\n|move|p1a: Blaziken|Acrobatics|p2a: Iron Moth\n|-damage|p2a: Iron Moth|0 fnt\n|faint|p2a: Iron Moth\n|-end|p2a: Iron Moth|Quark Drive|[silent]\n|\n|-weather|SunnyDay|[upkeep]\n|-ability|p1a: Blaziken|Speed Boost|boost\n|-boost|p1a: Blaziken|spe|1\n|upkeep\n|\n|t:|1782447033\n|switch|p2a: Slowbro|Slowbro, M|85/100\n|turn|17\n|\n|t:|1782447040\n|move|p1a: Blaziken|Acrobatics|p2a: Slowbro\n|-damage|p2a: Slowbro|60/100\n|move|p2a: Slowbro|Future Sight|p1a: Blaziken\n|-start|p2a: Slowbro|move: Future Sight\n|\n|-weather|SunnyDay|[upkeep]\n|-ability|p1a: Blaziken|Speed Boost|boost\n|-boost|p1a: Blaziken|spe|1\n|upkeep\n|turn|18\n|\n|t:|1782447048\n|switch|p1a: Breloom|Breloom, M, shiny|100/100\n|move|p2a: Slowbro|Ice Beam|p1a: Breloom\n|-supereffective|p1a: Breloom\n|-damage|p1a: Breloom|0 fnt\n|faint|p1a: Breloom\n|\n|-weather|SunnyDay|[upkeep]\n|upkeep\n|\n|t:|1782447057\n|switch|p1a: Blaziken|Blaziken, M, shiny, tera:Flying|100/100\n|turn|19\n|\n|t:|1782447061\n|move|p1a: Blaziken|Acrobatics|p2a: Slowbro\n|-damage|p2a: Slowbro|31/100\n|move|p2a: Slowbro|Ice Beam|p1a: Blaziken\n|-supereffective|p1a: Blaziken\n|-damage|p1a: Blaziken|18/100\n|\n|-weather|none\n|-end|p1a: Blaziken|move: Future Sight\n|-damage|p1a: Blaziken|0 fnt\n|faint|p1a: Blaziken\n|\n|win|MalCantLadder\n|raw|hoenn hunnies's rating: 1062 &rarr; <strong>1043</strong><br />(-19 for losing)\n|raw|MalCantLadder's rating: 1070 &rarr; <strong>1099</strong><br />(+29 for winning)\n|l|☆hoenn hunnies\n|player|p1|\n|l|☆MalCantLadder\n|player|p2|\n", "uploadtime": 1782447358, "views": 6, "formatid": "gen9ou", "rating": 1043, "private": 0, "password": null}