{"id": "gen9ou-2540782611", "format": "[Gen 9] OU", "players": ["76lk", "Caloogan"], "log": "|j|☆76lk\n|j|☆Caloogan\n|t:|1771253443\n|gametype|singles\n|player|p1|76lk|parasollady-gen4|1554\n|player|p2|Caloogan|101|1539\n|gen|9\n|tier|[Gen 9] OU\n|rated|\n|rule|HP Percentage Mod: HP is shown in percentages\n|rule|Endless Battle Clause: Forcing endless battles is banned\n|rule|Species Clause: Limit one of each Pokémon\n|rule|OHKO Clause: OHKO moves are banned\n|rule|Evasion Items Clause: Evasion items are banned\n|rule|Evasion Moves Clause: Evasion moves are banned\n|rule|Evasion Abilities Clause: Evasion abilities are banned\n|rule|Sleep Moves Clause: Sleep-inducing moves are banned\n|clearpoke\n|poke|p1|Hoopa-Unbound|\n|poke|p1|Hatterene, F|\n|poke|p1|Torkoal, M|\n|poke|p1|Cresselia, F|\n|poke|p1|Ursaluna, F|\n|poke|p1|Iron Hands|\n|poke|p2|Swalot, M|\n|poke|p2|Dragonite, M|\n|poke|p2|Ogerpon-Wellspring, F|\n|poke|p2|Landorus-Therian, M|\n|poke|p2|Kingambit, F|\n|poke|p2|Cinderace, F|\n|teampreview\n|inactive|Battle timer is ON: inactive players will automatically lose when time's up. (requested by Caloogan)\n|\n|t:|1771253448\n|teamsize|p1|6\n|teamsize|p2|6\n|start\n|switch|p1a: Hatterene|Hatterene, F|100/100\n|switch|p2a: Joey|Ogerpon-Wellspring, F|100/100\n|turn|1\n|\n|t:|1771253477\n|move|p2a: Joey|Swords Dance|p2a: Joey\n|-boost|p2a: Joey|atk|2\n|move|p1a: Hatterene|Trick Room|p1a: Hatterene\n|-fieldstart|move: Trick Room|[of] p1a: Hatterene\n|\n|upkeep\n|turn|2\n|\n|t:|1771253483\n|move|p1a: Hatterene|Psychic Noise|p2a: Joey\n|-damage|p2a: Joey|53/100\n|-start|p2a: Joey|move: Heal Block\n|move|p2a: Joey|Ivy Cudgel|p1a: Hatterene|[anim] Ivy Cudgel Water\n|-enditem|p1a: Hatterene|Focus Sash\n|-damage|p1a: Hatterene|1/100\n|\n|upkeep\n|turn|3\n|\n|t:|1771253497\n|switch|p2a: ObÃ©lix|Kingambit, F|100/100\n|move|p1a: Hatterene|Healing Wish|p1a: Hatterene\n|faint|p1a: Hatterene\n|\n|upkeep\n|\n|t:|1771253512\n|switch|p1a: Iron Hands|Iron Hands|100/100\n|-enditem|p1a: Iron Hands|Booster Energy\n|-activate|p1a: Iron Hands|ability: Quark Drive|[fromitem]\n|-start|p1a: Iron Hands|quarkdriveatk\n|turn|4\n|\n|t:|1771253516\n|-end|p2a: ObÃ©lix|fallenundefined|[silent]\n|switch|p2a: Garfield|Landorus-Therian, M|100/100\n|-ability|p2a: Garfield|Intimidate|boost\n|-unboost|p1a: Iron Hands|atk|1\n|move|p1a: Iron Hands|Swords Dance|p1a: Iron Hands\n|-boost|p1a: Iron Hands|atk|2\n|\n|upkeep\n|turn|5\n|\n|t:|1771253518\n|-terastallize|p2a: Garfield|Water\n|move|p1a: Iron Hands|Ice Punch|p2a: Garfield\n|-resisted|p2a: Garfield\n|-crit|p2a: Garfield\n|-damage|p2a: Garfield|59/100\n|-damage|p1a: Iron Hands|84/100|[from] item: Rocky Helmet|[of] p2a: Garfield\n|move|p2a: Garfield|Earth Power|p1a: Iron Hands\n|-supereffective|p1a: Iron Hands\n|-damage|p1a: Iron Hands|35/100\n|\n|-fieldend|move: Trick Room\n|upkeep\n|turn|6\n|\n|t:|1771253524\n|-terastallize|p1a: Iron Hands|Flying\n|move|p2a: Garfield|U-turn|p1a: Iron Hands\n|-resisted|p1a: Iron Hands\n|-damage|p1a: Iron Hands|27/100\n|\n|t:|1771253525\n|switch|p2a: Homer|Dragonite, M|100/100|[from] U-turn\n|move|p1a: Iron Hands|Drain Punch|p2a: Homer\n|-resisted|p2a: Homer\n|-damage|p2a: Homer|75/100\n|-heal|p1a: Iron Hands|36/100|[from] drain|[of] p2a: Homer\n|\n|upkeep\n|turn|7\n|\n|t:|1771253532\n|move|p2a: Homer|Rock Slide|p1a: Iron Hands\n|-supereffective|p1a: Iron Hands\n|-damage|p1a: Iron Hands|0 fnt\n|faint|p1a: Iron Hands\n|-end|p1a: Iron Hands|Quark Drive|[silent]\n|\n|upkeep\n|\n|t:|1771253541\n|switch|p1a: Cresselia|Cresselia, F|100/100\n|turn|8\n|\n|t:|1771253547\n|switch|p2a: Joey|Ogerpon-Wellspring, F|53/100\n|move|p1a: Cresselia|Trick Room|p1a: Cresselia\n|-fieldstart|move: Trick Room|[of] p1a: Cresselia\n|\n|upkeep\n|turn|9\n|\n|t:|1771253555\n|move|p1a: Cresselia|Moonblast|p2a: Joey\n|-damage|p2a: Joey|32/100\n|-unboost|p2a: Joey|spa|1\n|move|p2a: Joey|Ivy Cudgel|p1a: Cresselia|[anim] Ivy Cudgel Water\n|-damage|p1a: Cresselia|71/100\n|\n|upkeep\n|turn|10\n|\n|t:|1771253560\n|move|p1a: Cresselia|Moonblast|p2a: Joey\n|-damage|p2a: Joey|13/100\n|move|p2a: Joey|Ivy Cudgel|p1a: Cresselia|[anim] Ivy Cudgel Water\n|-damage|p1a: Cresselia|41/100\n|\n|upkeep\n|turn|11\n|\n|t:|1771253564\n|switch|p2a: ObÃ©lix|Kingambit, F|100/100\n|move|p1a: Cresselia|Moonblast|p2a: ObÃ©lix\n|-damage|p2a: ObÃ©lix|81/100\n|\n|upkeep\n|turn|12\n|\n|t:|1771253571\n|switch|p1a: Ursaluna|Ursaluna, F|100/100\n|move|p2a: ObÃ©lix|Swords Dance|p2a: ObÃ©lix\n|-boost|p2a: ObÃ©lix|atk|2\n|\n|-fieldend|move: Trick Room\n|-status|p1a: Ursaluna|brn|[from] item: Flame Orb\n|upkeep\n|turn|13\n|\n|t:|1771253578\n|move|p2a: ObÃ©lix|Iron Head|p1a: Ursaluna\n|-damage|p1a: Ursaluna|30/100 brn\n|move|p1a: Ursaluna|Fire Punch|p2a: ObÃ©lix\n|-supereffective|p2a: ObÃ©lix\n|-damage|p2a: ObÃ©lix|5/100\n|\n|-damage|p1a: Ursaluna|24/100 brn|[from] brn\n|upkeep\n|turn|14\n|\n|t:|1771253594\n|move|p2a: ObÃ©lix|Kowtow Cleave|p1a: Ursaluna\n|-damage|p1a: Ursaluna|0 fnt\n|faint|p1a: Ursaluna\n|\n|upkeep\n|\n|t:|1771253606\n|switch|p1a: Torkoal|Torkoal, M|100/100\n|-weather|SunnyDay|[from] ability: Drought|[of] p1a: Torkoal\n|turn|15\n|\n|t:|1771253611\n|move|p2a: ObÃ©lix|Kowtow Cleave|p1a: Torkoal\n|-damage|p1a: Torkoal|32/100\n|move|p1a: Torkoal|Eruption|p2a: ObÃ©lix\n|-supereffective|p2a: ObÃ©lix\n|-damage|p2a: ObÃ©lix|0 fnt\n|faint|p2a: ObÃ©lix\n|-end|p2a: ObÃ©lix|fallenundefined|[silent]\n|\n|-weather|SunnyDay|[upkeep]\n|upkeep\n|\n|t:|1771253614\n|switch|p2a: Homer|Dragonite, M|75/100\n|turn|16\n|\n|t:|1771253617\n|switch|p1a: Cresselia|Cresselia, F|41/100\n|-heal|p1a: Cresselia|100/100|[from] move: Healing Wish\n|move|p2a: Homer|Dragon Dance|p2a: Homer\n|-boost|p2a: Homer|atk|1\n|-boost|p2a: Homer|spe|1\n|\n|-weather|SunnyDay|[upkeep]\n|upkeep\n|turn|17\n|\n|t:|1771253623\n|move|p2a: Homer|Rock Slide|p1a: Cresselia|[miss]\n|-miss|p2a: Homer|p1a: Cresselia\n|move|p1a: Cresselia|Ice Beam|p2a: Homer\n|-supereffective|p2a: Homer\n|-damage|p2a: Homer|2/100\n|\n|-weather|SunnyDay|[upkeep]\n|upkeep\n|turn|18\n|\n|t:|1771253626\n|switch|p2a: Garfield|Landorus-Therian, M, tera:Water|59/100\n|-ability|p2a: Garfield|Intimidate|boost\n|-unboost|p1a: Cresselia|atk|1\n|move|p1a: Cresselia|Trick Room|p1a: Cresselia\n|-fieldstart|move: Trick Room|[of] p1a: Cresselia\n|\n|-weather|SunnyDay|[upkeep]\n|upkeep\n|turn|19\n|\n|t:|1771253634\n|switch|p1a: Torkoal|Torkoal, M|32/100\n|move|p2a: Garfield|Stealth Rock|p1a: Torkoal\n|-sidestart|p1: 76lk|move: Stealth Rock\n|\n|-weather|none\n|upkeep\n|turn|20\n|\n|t:|1771253641\n|move|p1a: Torkoal|Rapid Spin|p2a: Garfield\n|-damage|p2a: Garfield|48/100\n|-boost|p1a: Torkoal|spe|1\n|-damage|p1a: Torkoal|15/100|[from] item: Rocky Helmet|[of] p2a: Garfield\n|-sideend|p1: 76lk|Stealth Rock|[from] move: Rapid Spin|[of] p1a: Torkoal\n|move|p2a: Garfield|U-turn|p1a: Torkoal\n|-resisted|p1a: Torkoal\n|-crit|p1a: Torkoal\n|-damage|p1a: Torkoal|4/100\n|\n|t:|1771253643\n|switch|p2a: Ronaldo|Cinderace, F|100/100|[from] U-turn\n|\n|upkeep\n|turn|21\n|\n|t:|1771253646\n|move|p1a: Torkoal|Rapid Spin|p2a: Ronaldo\n|-damage|p2a: Ronaldo|87/100\n|-boost|p1a: Torkoal|spe|1\n|move|p2a: Ronaldo|Pyro Ball|p1a: Torkoal\n|-resisted|p1a: Torkoal\n|-damage|p1a: Torkoal|0 fnt\n|faint|p1a: Torkoal\n|\n|upkeep\n|\n|t:|1771253650\n|switch|p1a: Hoopa|Hoopa-Unbound|100/100\n|turn|22\n|\n|t:|1771253653\n|move|p1a: Hoopa|Psychic Noise|p2a: Ronaldo\n|-damage|p2a: Ronaldo|28/100\n|-start|p2a: Ronaldo|move: Heal Block\n|-enditem|p1a: Hoopa|Throat Spray\n|-boost|p1a: Hoopa|spa|1|[from] item: Throat Spray\n|move|p2a: Ronaldo|U-turn|p1a: Hoopa\n|-supereffective|p1a: Hoopa\n|-damage|p1a: Hoopa|8/100\n|\n|t:|1771253654\n|switch|p2a: Joey|Ogerpon-Wellspring, F|13/100|[from] U-turn\n|\n|-fieldend|move: Trick Room\n|upkeep\n|turn|23\n|\n|t:|1771253663\n|switch|p1a: Cresselia|Cresselia, F|100/100\n|move|p2a: Joey|Ivy Cudgel|p1a: Cresselia|[anim] Ivy Cudgel Water\n|-damage|p1a: Cresselia|69/100\n|\n|upkeep\n|turn|24\n|\n|t:|1771253666\n|move|p2a: Joey|Power Whip|p1a: Cresselia\n|-damage|p1a: Cresselia|32/100\n|move|p1a: Cresselia|Trick Room|p1a: Cresselia\n|-fieldstart|move: Trick Room|[of] p1a: Cresselia\n|\n|upkeep\n|turn|25\n|\n|t:|1771253672\n|switch|p2a: Garfield|Landorus-Therian, M, tera:Water|48/100\n|-ability|p2a: Garfield|Intimidate|boost\n|-unboost|p1a: Cresselia|atk|1\n|move|p1a: Cresselia|Lunar Dance|p1a: Cresselia\n|faint|p1a: Cresselia\n|\n|upkeep\n|\n|t:|1771253675\n|switch|p1a: Hoopa|Hoopa-Unbound|8/100\n|-heal|p1a: Hoopa|100/100|[from] move: Lunar Dance\n|turn|26\n|\n|t:|1771253679\n|switch|p2a: Homer|Dragonite, M|2/100\n|move|p1a: Hoopa|Dark Pulse|p2a: Homer\n|-damage|p2a: Homer|0 fnt\n|faint|p2a: Homer\n|-item|p1a: Hoopa|Heavy-Duty Boots|[from] ability: Magician|[of] p2: Homer\n|\n|upkeep\n|\n|t:|1771253679\n|switch|p2a: Garfield|Landorus-Therian, M, tera:Water|48/100\n|-ability|p2a: Garfield|Intimidate|boost\n|-unboost|p1a: Hoopa|atk|1\n|turn|27\n|\n|t:|1771253683\n|switch|p2a: Takeru|Swalot, M|100/100\n|move|p1a: Hoopa|Dark Pulse|p2a: Takeru\n|-damage|p2a: Takeru|47/100\n|\n|upkeep\n|turn|28\n|\n|t:|1771253692\n|switch|p2a: Garfield|Landorus-Therian, M, tera:Water|48/100\n|-ability|p2a: Garfield|Intimidate|boost\n|-unboost|p1a: Hoopa|atk|1\n|move|p1a: Hoopa|Drain Punch|p2a: Garfield\n|-damage|p2a: Garfield|35/100\n|-damage|p1a: Hoopa|84/100|[from] item: Rocky Helmet|[of] p2a: Garfield\n|\n|-fieldend|move: Trick Room\n|upkeep\n|turn|29\n|\n|t:|1771253696\n|move|p2a: Garfield|U-turn|p1a: Hoopa\n|-supereffective|p1a: Hoopa\n|-damage|p1a: Hoopa|0 fnt\n|faint|p1a: Hoopa\n|\n|win|Caloogan\n|raw|76lk's rating: 1554 &rarr; <strong>1533</strong><br />(-21 for losing)\n|raw|Caloogan's rating: 1539 &rarr; <strong>1560</strong><br />(+21 for winning)\n|l|☆76lk\n|player|p1|\n|l|☆Caloogan\n|player|p2|\n", "uploadtime": 1771253948, "views": 4, "formatid": "gen9ou", "rating": 1533, "private": 0, "password": null}