{"id": "gen9ou-2639292787", "format": "[Gen 9] OU", "players": ["KeyStones8055", "chamozorra5"], "log": "|j|☆KeyStones8055\n|j|☆chamozorra5\n|t:|1782447257\n|gametype|singles\n|player|p1|KeyStones8055|fisherman-gen4|1081\n|player|p2|chamozorra5|gambler|1087\n|gen|9\n|tier|[Gen 9] OU\n|rated|\n|rule|HP Percentage Mod: HP is shown in percentages\n|rule|Endless Battle Clause: Forcing endless battles is banned\n|rule|Species Clause: Limit one of each Pokémon\n|rule|OHKO Clause: OHKO moves are banned\n|rule|Evasion Items Clause: Evasion items are banned\n|rule|Evasion Moves Clause: Evasion moves are banned\n|rule|Evasion Abilities Clause: Evasion abilities are banned\n|rule|Sleep Moves Clause: Sleep-inducing moves are banned\n|clearpoke\n|poke|p1|Gholdengo|\n|poke|p1|Great Tusk|\n|poke|p1|Kingambit, M|\n|poke|p1|Dragapult, F|\n|poke|p1|Rillaboom, M|\n|poke|p1|Heatran, F|\n|poke|p2|Gyarados, F|\n|poke|p2|Pelipper, F|\n|poke|p2|Glimmora, M|\n|poke|p2|Kilowattrel, M|\n|poke|p2|Cinderace, F|\n|poke|p2|Great Tusk|\n|teampreview\n|inactive|Battle timer is ON: inactive players will automatically lose when time's up. (requested by KeyStones8055)\n|\n|t:|1782447270\n|teamsize|p1|6\n|teamsize|p2|6\n|start\n|switch|p1a: Great Tusk|Great Tusk|100/100\n|switch|p2a: Kilowattrel|Kilowattrel, M|100/100\n|turn|1\n|\n|t:|1782447278\n|move|p2a: Kilowattrel|Air Slash|p1a: Great Tusk\n|-supereffective|p1a: Great Tusk\n|-damage|p1a: Great Tusk|18/100\n|move|p1a: Great Tusk|Stealth Rock|p2a: Kilowattrel\n|-sidestart|p2: chamozorra5|move: Stealth Rock\n|\n|upkeep\n|turn|2\n|\n|t:|1782447290\n|-end|p1a: Great Tusk|Protosynthesis|[silent]\n|switch|p1a: Heatran|Heatran, F|100/100\n|move|p2a: Kilowattrel|Air Slash|p1a: Heatran\n|-resisted|p1a: Heatran\n|-damage|p1a: Heatran|90/100\n|\n|-heal|p1a: Heatran|96/100|[from] item: Leftovers\n|upkeep\n|turn|3\n|\n|t:|1782447304\n|move|p2a: Kilowattrel|Thunder Wave|p1a: Heatran\n|-status|p1a: Heatran|par\n|move|p1a: Heatran|Magma Storm|p2a: Kilowattrel\n|-damage|p2a: Kilowattrel|18/100\n|-activate|p2a: Kilowattrel|move: Magma Storm|[of] p1a: Heatran\n|\n|-heal|p1a: Heatran|100/100 par|[from] item: Leftovers\n|-damage|p2a: Kilowattrel|6/100|[from] move: Magma Storm|[partiallytrapped]\n|upkeep\n|turn|4\n|\n|t:|1782447324\n|cant|p1a: Heatran|par\n|move|p2a: Kilowattrel|Thunderbolt|p1a: Heatran\n|-damage|p1a: Heatran|75/100 par\n|\n|-heal|p1a: Heatran|82/100 par|[from] item: Leftovers\n|-damage|p2a: Kilowattrel|0 fnt|[from] move: Magma Storm|[partiallytrapped]\n|faint|p2a: Kilowattrel\n|upkeep\n|\n|t:|1782447339\n|switch|p2a: Gyarados|Gyarados, F|100/100\n|-damage|p2a: Gyarados|76/100|[from] Stealth Rock\n|turn|5\n|\n|t:|1782447351\n|switch|p1a: Dragapult|Dragapult, F|100/100\n|move|p2a: Gyarados|Earthquake|p1a: Dragapult\n|-damage|p1a: Dragapult|52/100\n|\n|-heal|p2a: Gyarados|82/100|[from] item: Leftovers\n|upkeep\n|turn|6\n|\n|t:|1782447367\n|move|p1a: Dragapult|Draco Meteor|p2a: Gyarados\n|-damage|p2a: Gyarados|0 fnt\n|-unboost|p1a: Dragapult|spa|2\n|faint|p2a: Gyarados\n|\n|upkeep\n|\n|t:|1782447376\n|switch|p2a: Great Tusk|Great Tusk|100/100\n|-damage|p2a: Great Tusk|97/100|[from] Stealth Rock\n|-enditem|p2a: Great Tusk|Booster Energy\n|-activate|p2a: Great Tusk|ability: Protosynthesis|[fromitem]\n|-start|p2a: Great Tusk|protosynthesisspe\n|turn|7\n|\n|t:|1782447385\n|move|p2a: Great Tusk|Headlong Rush|p1a: Dragapult\n|-damage|p1a: Dragapult|0 fnt\n|-unboost|p2a: Great Tusk|def|1\n|-unboost|p2a: Great Tusk|spd|1\n|faint|p1a: Dragapult\n|\n|upkeep\n|\n|t:|1782447391\n|switch|p1a: Rillaboom|Rillaboom, M|100/100\n|-fieldstart|move: Grassy Terrain|[from] ability: Grassy Surge|[of] p1a: Rillaboom\n|turn|8\n|\n|t:|1782447402\n|move|p2a: Great Tusk|Close Combat|p1a: Rillaboom\n|-damage|p1a: Rillaboom|41/100\n|-unboost|p2a: Great Tusk|def|1\n|-unboost|p2a: Great Tusk|spd|1\n|move|p1a: Rillaboom|Wood Hammer|p2a: Great Tusk\n|-supereffective|p2a: Great Tusk\n|-damage|p2a: Great Tusk|0 fnt\n|faint|p2a: Great Tusk\n|-end|p2a: Great Tusk|Protosynthesis|[silent]\n|-damage|p1a: Rillaboom|0 fnt|[from] Recoil\n|faint|p1a: Rillaboom\n|\n|upkeep\n|\n|t:|1782447421\n|switch|p2a: Glimmora|Glimmora, M|100/100\n|switch|p1a: Gholdengo|Gholdengo|100/100\n|-damage|p2a: Glimmora|88/100|[from] Stealth Rock\n|turn|9\n|\n|t:|1782447431\n|move|p1a: Gholdengo|Make It Rain|p2a: Glimmora\n|-supereffective|p2a: Glimmora\n|-damage|p2a: Glimmora|0 fnt\n|-unboost|p1a: Gholdengo|spa|1\n|faint|p2a: Glimmora\n|\n|upkeep\n|\n|t:|1782447440\n|switch|p2a: Cinderace|Cinderace, F|100/100\n|-damage|p2a: Cinderace|76/100|[from] Stealth Rock\n|-item|p2a: Cinderace|Air Balloon\n|turn|10\n|\n|t:|1782447450\n|switch|p1a: Great Tusk|Great Tusk|18/100\n|move|p2a: Cinderace|Pyro Ball|p1a: Great Tusk\n|-damage|p1a: Great Tusk|0 fnt\n|faint|p1a: Great Tusk\n|-end|p1a: Great Tusk|Protosynthesis|[silent]\n|\n|upkeep\n|\n|t:|1782447460\n|switch|p1a: Kingambit|Kingambit, M|100/100\n|-activate|p1a: Kingambit|ability: Supreme Overlord\n|-start|p1a: Kingambit|fallen3|[silent]\n|turn|11\n|\n|t:|1782447470\n|-terastallize|p1a: Kingambit|Dark\n|move|p1a: Kingambit|Sucker Punch||[still]\n|-fail|p1a: Kingambit\n|move|p2a: Cinderace|Will-O-Wisp|p1a: Kingambit|[miss]\n|-miss|p2a: Cinderace|p1a: Kingambit\n|\n|upkeep\n|turn|12\n|\n|t:|1782447477\n|move|p1a: Kingambit|Sucker Punch||[still]\n|-fail|p1a: Kingambit\n|move|p2a: Cinderace|Will-O-Wisp|p1a: Kingambit\n|-status|p1a: Kingambit|brn\n|\n|-damage|p1a: Kingambit|94/100 brn|[from] brn\n|-fieldend|move: Grassy Terrain\n|upkeep\n|turn|13\n|\n|t:|1782447491\n|move|p2a: Cinderace|High Jump Kick|p1a: Kingambit\n|-start|p2a: Cinderace|typechange|Fighting|[from] ability: Libero\n|-supereffective|p1a: Kingambit\n|-damage|p1a: Kingambit|0 fnt\n|faint|p1a: Kingambit\n|-end|p1a: Kingambit|fallen3|[silent]\n|\n|upkeep\n|\n|t:|1782447499\n|switch|p1a: Gholdengo|Gholdengo|100/100\n|turn|14\n|\n|t:|1782447504\n|move|p1a: Gholdengo|Shadow Ball|p2a: Cinderace\n|-damage|p2a: Cinderace|17/100\n|-unboost|p2a: Cinderace|spd|1\n|-enditem|p2a: Cinderace|Air Balloon\n|move|p2a: Cinderace|Pyro Ball|p1a: Gholdengo\n|-supereffective|p1a: Gholdengo\n|-damage|p1a: Gholdengo|19/100\n|\n|upkeep\n|turn|15\n|\n|t:|1782447513\n|move|p2a: Cinderace|Sucker Punch|p1a: Gholdengo\n|-supereffective|p1a: Gholdengo\n|-damage|p1a: Gholdengo|0 fnt\n|faint|p1a: Gholdengo\n|\n|upkeep\n|\n|t:|1782447519\n|switch|p1a: Heatran|Heatran, F|82/100 par\n|turn|16\n|\n|t:|1782447527\n|move|p1a: Heatran|Protect|p1a: Heatran\n|-singleturn|p1a: Heatran|Protect\n|move|p2a: Cinderace|High Jump Kick|p1a: Heatran\n|-activate|p1a: Heatran|move: Protect\n|-damage|p2a: Cinderace|0 fnt|[from] highjumpkick\n|faint|p2a: Cinderace\n|\n|-heal|p1a: Heatran|88/100 par|[from] item: Leftovers\n|upkeep\n|\n|t:|1782447537\n|switch|p2a: Pelipper|Pelipper, F|100/100\n|-damage|p2a: Pelipper|75/100|[from] Stealth Rock\n|-weather|RainDance|[from] ability: Drizzle|[of] p2a: Pelipper\n|turn|17\n|c|☆KeyStones8055|ggs\n|\n|t:|1782447555\n|move|p2a: Pelipper|Weather Ball|p1a: Heatran\n|-supereffective|p1a: Heatran\n|-crit|p1a: Heatran\n|-damage|p1a: Heatran|0 fnt\n|faint|p1a: Heatran\n|\n|win|chamozorra5\n|raw|KeyStones8055's rating: 1081 &rarr; <strong>1059</strong><br />(-22 for losing)\n|raw|chamozorra5's rating: 1087 &rarr; <strong>1113</strong><br />(+26 for winning)\n|l|☆KeyStones8055\n|player|p1|\n|l|☆chamozorra5\n|player|p2|\n", "uploadtime": 1782447895, "views": 4, "formatid": "gen9ou", "rating": 1059, "private": 0, "password": null}