{"id": "gen9ou-2639255413", "format": "[Gen 9] OU", "players": ["SlackerDSI", "pushergod700"], "log": "|j|☆SlackerDSI\n|j|☆pushergod700\n|t:|1782441206\n|gametype|singles\n|player|p1|SlackerDSI|hilbert|1161\n|player|p2|pushergod700|boarder|1271\n|gen|9\n|tier|[Gen 9] OU\n|rated|\n|rule|HP Percentage Mod: HP is shown in percentages\n|rule|Endless Battle Clause: Forcing endless battles is banned\n|rule|Species Clause: Limit one of each Pokémon\n|rule|OHKO Clause: OHKO moves are banned\n|rule|Evasion Items Clause: Evasion items are banned\n|rule|Evasion Moves Clause: Evasion moves are banned\n|rule|Evasion Abilities Clause: Evasion abilities are banned\n|rule|Sleep Moves Clause: Sleep-inducing moves are banned\n|clearpoke\n|poke|p1|Slowking-Galar, M|\n|poke|p1|Great Tusk|\n|poke|p1|Kyurem|\n|poke|p1|Kingambit, F|\n|poke|p1|Cinderace, F|\n|poke|p1|Zapdos|\n|poke|p2|Hoopa-Unbound|\n|poke|p2|Pecharunt|\n|poke|p2|Landorus-Therian, M|\n|poke|p2|Cinderace, M|\n|poke|p2|Alomomola, M|\n|poke|p2|Iron Valiant|\n|teampreview\n|inactive|Battle timer is ON: inactive players will automatically lose when time's up. (requested by pushergod700)\n|c|☆pushergod700|glhf\n|\n|t:|1782441219\n|teamsize|p1|6\n|teamsize|p2|6\n|start\n|switch|p1a: Zapdos|Zapdos, shiny|100/100\n|switch|p2a: Overseer|Pecharunt|100/100\n|turn|1\n|\n|t:|1782441230\n|move|p1a: Zapdos|Thunder Wave|p2a: Overseer\n|-status|p2a: Overseer|par\n|cant|p2a: Overseer|par\n|\n|upkeep\n|turn|2\n|\n|t:|1782441235\n|move|p1a: Zapdos|Volt Switch|p2a: Overseer\n|-damage|p2a: Overseer|73/100 par\n|\n|t:|1782441249\n|switch|p1a: Cinderace|Cinderace, F|100/100|[from] Volt Switch\n|move|p2a: Overseer|Parting Shot|p1a: Cinderace\n|-unboost|p1a: Cinderace|atk|1\n|-unboost|p1a: Cinderace|spa|1\n|\n|t:|1782441269\n|switch|p2a: Enten|Landorus-Therian, M, shiny|100/100|[from] Parting Shot\n|-ability|p2a: Enten|Intimidate|boost\n|-unboost|p1a: Cinderace|atk|1\n|\n|upkeep\n|turn|3\n|\n|t:|1782441287\n|switch|p1a: Zapdos|Zapdos, shiny|100/100\n|move|p2a: Enten|U-turn|p1a: Zapdos\n|-resisted|p1a: Zapdos\n|-damage|p1a: Zapdos|91/100\n|\n|t:|1782441298\n|switch|p2a: Pisces|Alomomola, M|100/100|[from] U-turn\n|\n|upkeep\n|turn|4\n|inactive|pushergod700 has 120 seconds left.\n|inactive|pushergod700 has 90 seconds left.\n|\n|t:|1782441369\n|switch|p2a: Enten|Landorus-Therian, M, shiny|100/100\n|-ability|p2a: Enten|Intimidate|boost\n|-unboost|p1a: Zapdos|atk|1\n|move|p1a: Zapdos|Thunder Wave|p2a: Enten\n|-immune|p2a: Enten\n|\n|upkeep\n|turn|5\n|\n|t:|1782441378\n|move|p2a: Enten|Stone Edge|p1a: Zapdos\n|-supereffective|p1a: Zapdos\n|-damage|p1a: Zapdos|36/100\n|move|p1a: Zapdos|Hurricane|p2a: Enten\n|-damage|p2a: Enten|35/100\n|\n|upkeep\n|turn|6\n|inactive|pushergod700 has 90 seconds left.\n|\n|t:|1782441388\n|-terastallize|p1a: Zapdos|Grass\n|move|p2a: Enten|Stone Edge|p1a: Zapdos\n|-damage|p1a: Zapdos|7/100\n|move|p1a: Zapdos|Roost|p1a: Zapdos\n|-heal|p1a: Zapdos|57/100\n|\n|upkeep\n|turn|7\n|inactive|pushergod700 has 90 seconds left.\n|\n|t:|1782441401\n|switch|p2a: Overseer|Pecharunt|73/100 par\n|move|p1a: Zapdos|Hurricane|p2a: Overseer\n|-damage|p2a: Overseer|26/100 par\n|-start|p2a: Overseer|confusion\n|\n|upkeep\n|turn|8\n|inactive|pushergod700 has 90 seconds left.\n|\n|t:|1782441426\n|move|p1a: Zapdos|Volt Switch|p2a: Overseer\n|-damage|p2a: Overseer|0 fnt\n|faint|p2a: Overseer\n|\n|t:|1782441432\n|switch|p1a: Slowking|Slowking-Galar, M|100/100|[from] Volt Switch\n|\n|upkeep\n|inactive|pushergod700 has 90 seconds left.\n|\n|t:|1782441444\n|switch|p2a: Khaos|Hoopa-Unbound|100/100\n|turn|9\n|\n|t:|1782441463\n|move|p2a: Khaos|Knock Off|p1a: Slowking\n|-supereffective|p1a: Slowking\n|-enditem|p1a: Slowking|Colbur Berry|[eat]\n|-enditem|p1a: Slowking|Colbur Berry|[weaken]\n|-damage|p1a: Slowking|8/100\n|-prepare|p1a: Slowking|Chilly Reception|[premajor]\n|move|p1a: Slowking|Chilly Reception|p1a: Slowking\n|-weather|Snowscape\n|inactive|SlackerDSI has 120 seconds left.\n|\n|t:|1782441475\n|switch|p1a: Kingambit|Kingambit, F|100/100|[from] Chilly Reception\n|\n|-weather|Snowscape|[upkeep]\n|upkeep\n|turn|10\n|inactive|SlackerDSI has 120 seconds left.\n|inactive|pushergod700 has 90 seconds left.\n|\n|t:|1782441501\n|-terastallize|p2a: Khaos|Dark\n|move|p2a: Khaos|Knock Off|p1a: Kingambit\n|-resisted|p1a: Kingambit\n|-crit|p1a: Kingambit\n|-damage|p1a: Kingambit|26/100\n|-enditem|p1a: Kingambit|Leftovers|[from] move: Knock Off|[of] p2a: Khaos\n|move|p1a: Kingambit|Low Kick|p2a: Khaos\n|-supereffective|p2a: Khaos\n|-damage|p2a: Khaos|0 fnt\n|faint|p2a: Khaos\n|\n|-weather|Snowscape|[upkeep]\n|upkeep\n|\n|t:|1782441512\n|switch|p2a: Liberacy|Cinderace, M, shiny|100/100\n|turn|11\n|\n|t:|1782441522\n|-end|p1a: Kingambit|fallenundefined|[silent]\n|switch|p1a: Great Tusk|Great Tusk|100/100\n|move|p2a: Liberacy|U-turn|p1a: Great Tusk\n|-start|p2a: Liberacy|typechange|Bug|[from] ability: Libero\n|-resisted|p1a: Great Tusk\n|-damage|p1a: Great Tusk|89/100\n|inactive|pushergod700 has 90 seconds left.\n|\n|t:|1782441531\n|switch|p2a: Calamity|Iron Valiant, shiny|100/100|[from] U-turn\n|\n|-weather|Snowscape|[upkeep]\n|-heal|p1a: Great Tusk|96/100|[from] item: Leftovers\n|upkeep\n|turn|12\n|inactive|SlackerDSI has 120 seconds left.\n|\n|t:|1782441557\n|-end|p1a: Great Tusk|Protosynthesis|[silent]\n|switch|p1a: Slowking|Slowking-Galar, M|41/100\n|move|p2a: Calamity|Moonblast|p1a: Slowking\n|-resisted|p1a: Slowking\n|-damage|p1a: Slowking|21/100\n|\n|-weather|Snowscape|[upkeep]\n|upkeep\n|turn|13\n|\n|t:|1782441565\n|-end|p2a: Calamity|Quark Drive|[silent]\n|switch|p2a: Pisces|Alomomola, M|100/100\n|move|p1a: Slowking|Sludge Bomb|p2a: Pisces\n|-damage|p2a: Pisces|83/100\n|\n|-weather|none\n|upkeep\n|turn|14\n|\n|t:|1782441574\n|switch|p1a: Zapdos|Zapdos, shiny, tera:Grass|57/100\n|move|p2a: Pisces|Body Slam|p1a: Zapdos\n|-damage|p1a: Zapdos|46/100\n|\n|upkeep\n|turn|15\n|\n|t:|1782441580\n|move|p1a: Zapdos|Roost|p1a: Zapdos\n|-heal|p1a: Zapdos|96/100\n|move|p2a: Pisces|Mirror Coat||[still]\n|-fail|p2a: Pisces\n|\n|upkeep\n|turn|16\n|\n|t:|1782441588\n|switch|p2a: Enten|Landorus-Therian, M, shiny|35/100\n|-ability|p2a: Enten|Intimidate|boost\n|-unboost|p1a: Zapdos|atk|1\n|move|p1a: Zapdos|Volt Switch|p2a: Enten\n|-immune|p2a: Enten\n|\n|upkeep\n|turn|17\n|\n|t:|1782441593\n|move|p2a: Enten|U-turn|p1a: Zapdos\n|-supereffective|p1a: Zapdos\n|-damage|p1a: Zapdos|59/100\n|\n|t:|1782441603\n|switch|p2a: Pisces|Alomomola, M|100/100|[from] U-turn\n|move|p1a: Zapdos|Hurricane|p2a: Pisces\n|-damage|p2a: Pisces|76/100\n|\n|upkeep\n|turn|18\n|\n|t:|1782441610\n|move|p1a: Zapdos|Volt Switch|p2a: Pisces\n|-supereffective|p2a: Pisces\n|-damage|p2a: Pisces|48/100\n|\n|t:|1782441627\n|switch|p1a: Kyurem|Kyurem|100/100|[from] Volt Switch\n|-ability|p1a: Kyurem|Pressure\n|move|p2a: Pisces|Mirror Coat|p1a: Kyurem\n|-damage|p1a: Kyurem|23/100\n|\n|upkeep\n|turn|19\n|\n|t:|1782441643\n|switch|p2a: Enten|Landorus-Therian, M, shiny|35/100\n|-ability|p2a: Enten|Intimidate|boost\n|-unboost|p1a: Kyurem|atk|1\n|move|p1a: Kyurem|Freeze-Dry|p2a: Enten\n|-supereffective|p2a: Enten\n|-damage|p2a: Enten|0 fnt\n|faint|p2a: Enten\n|\n|upkeep\n|\n|t:|1782441654\n|switch|p2a: Liberacy|Cinderace, M, shiny|100/100\n|turn|20\n|\n|t:|1782441660\n|switch|p1a: Great Tusk|Great Tusk|96/100\n|move|p2a: Liberacy|U-turn|p1a: Great Tusk\n|-start|p2a: Liberacy|typechange|Bug|[from] ability: Libero\n|-resisted|p1a: Great Tusk\n|-damage|p1a: Great Tusk|85/100\n|\n|t:|1782441666\n|switch|p2a: Calamity|Iron Valiant, shiny|100/100|[from] U-turn\n|\n|-heal|p1a: Great Tusk|91/100|[from] item: Leftovers\n|upkeep\n|turn|21\n|\n|t:|1782441679\n|-end|p1a: Great Tusk|Protosynthesis|[silent]\n|switch|p1a: Slowking|Slowking-Galar, M|54/100\n|move|p2a: Calamity|Moonblast|p1a: Slowking\n|-resisted|p1a: Slowking\n|-damage|p1a: Slowking|32/100\n|\n|upkeep\n|turn|22\n|\n|t:|1782441688\n|-end|p2a: Calamity|Quark Drive|[silent]\n|switch|p2a: Pisces|Alomomola, M|81/100\n|move|p1a: Slowking|Sludge Bomb|p2a: Pisces\n|-damage|p2a: Pisces|64/100\n|\n|upkeep\n|turn|23\n|\n|t:|1782441698\n|switch|p1a: Zapdos|Zapdos, shiny, tera:Grass|59/100\n|move|p2a: Pisces|Flip Turn|p1a: Zapdos\n|-resisted|p1a: Zapdos\n|-damage|p1a: Zapdos|53/100\n|\n|t:|1782441704\n|switch|p2a: Liberacy|Cinderace, M, shiny|100/100|[from] Flip Turn\n|\n|upkeep\n|turn|24\n|\n|t:|1782441713\n|switch|p1a: Great Tusk|Great Tusk|91/100\n|move|p2a: Liberacy|Pyro Ball|p1a: Great Tusk|[miss]\n|-miss|p2a: Liberacy|p1a: Great Tusk\n|\n|-heal|p1a: Great Tusk|97/100|[from] item: Leftovers\n|upkeep\n|turn|25\n|\n|t:|1782441740\n|switch|p2a: Pisces|Alomomola, M|97/100\n|move|p1a: Great Tusk|Headlong Rush|p2a: Pisces\n|-damage|p2a: Pisces|53/100\n|-unboost|p1a: Great Tusk|def|1\n|-unboost|p1a: Great Tusk|spd|1\n|\n|-heal|p1a: Great Tusk|100/100|[from] item: Leftovers\n|upkeep\n|turn|26\n|\n|t:|1782441751\n|-end|p1a: Great Tusk|Protosynthesis|[silent]\n|switch|p1a: Zapdos|Zapdos, shiny, tera:Grass|53/100\n|move|p2a: Pisces|Flip Turn|p1a: Zapdos\n|-resisted|p1a: Zapdos\n|-damage|p1a: Zapdos|47/100\n|\n|t:|1782441757\n|switch|p2a: Calamity|Iron Valiant, shiny|100/100|[from] Flip Turn\n|\n|upkeep\n|turn|27\n|\n|t:|1782441762\n|move|p2a: Calamity|Moonblast|p1a: Zapdos\n|-damage|p1a: Zapdos|0 fnt\n|faint|p1a: Zapdos\n|\n|upkeep\n|\n|t:|1782441766\n|switch|p1a: Slowking|Slowking-Galar, M|65/100\n|turn|28\n|\n|t:|1782441771\n|-end|p2a: Calamity|Quark Drive|[silent]\n|switch|p2a: Pisces|Alomomola, M|86/100\n|move|p1a: Slowking|Thunder Wave|p2a: Pisces\n|-status|p2a: Pisces|par\n|\n|upkeep\n|turn|29\n|\n|t:|1782441778\n|move|p2a: Pisces|Flip Turn|p1a: Slowking\n|-damage|p1a: Slowking|49/100\n|\n|t:|1782441786\n|switch|p2a: Liberacy|Cinderace, M, shiny|100/100|[from] Flip Turn\n|move|p1a: Slowking|Future Sight|p2a: Liberacy\n|-start|p1a: Slowking|move: Future Sight\n|\n|upkeep\n|turn|30\n|\n|t:|1782441799\n|move|p2a: Liberacy|Pyro Ball|p1a: Slowking\n|-damage|p1a: Slowking|0 fnt\n|faint|p1a: Slowking\n|\n|upkeep\n|\n|t:|1782441807\n|switch|p1a: Great Tusk|Great Tusk|100/100\n|turn|31\n|\n|t:|1782441820\n|move|p2a: Liberacy|U-turn|p1a: Great Tusk\n|-start|p2a: Liberacy|typechange|Bug|[from] ability: Libero\n|-resisted|p1a: Great Tusk\n|-crit|p1a: Great Tusk\n|-damage|p1a: Great Tusk|83/100\n|\n|t:|1782441823\n|switch|p2a: Pisces|Alomomola, M|100/100 par|[from] U-turn\n|move|p1a: Great Tusk|Headlong Rush|p2a: Pisces\n|-damage|p2a: Pisces|57/100 par\n|-unboost|p1a: Great Tusk|def|1\n|-unboost|p1a: Great Tusk|spd|1\n|\n|-end|p2a: Pisces|move: Future Sight\n|-damage|p2a: Pisces|34/100 par\n|-heal|p1a: Great Tusk|90/100|[from] item: Leftovers\n|upkeep\n|turn|32\n|\n|t:|1782441845\n|switch|p2a: Calamity|Iron Valiant, shiny|100/100\n|move|p1a: Great Tusk|Headlong Rush|p2a: Calamity\n|-damage|p2a: Calamity|22/100\n|-unboost|p1a: Great Tusk|def|1\n|-unboost|p1a: Great Tusk|spd|1\n|\n|-heal|p1a: Great Tusk|96/100|[from] item: Leftovers\n|upkeep\n|turn|33\n|\n|t:|1782441863\n|-end|p1a: Great Tusk|Protosynthesis|[silent]\n|switch|p1a: Cinderace|Cinderace, F|100/100\n|move|p2a: Calamity|Moonblast|p1a: Cinderace\n|-resisted|p1a: Cinderace\n|-damage|p1a: Cinderace|61/100\n|\n|upkeep\n|turn|34\n|\n|t:|1782441875\n|-end|p2a: Calamity|Quark Drive|[silent]\n|switch|p2a: Pisces|Alomomola, M|67/100 par\n|move|p1a: Cinderace|Pyro Ball|p2a: Pisces\n|-resisted|p2a: Pisces\n|-damage|p2a: Pisces|50/100 par\n|\n|upkeep\n|turn|35\n|\n|t:|1782441881\n|move|p1a: Cinderace|U-turn|p2a: Pisces\n|-damage|p2a: Pisces|37/100 par\n|\n|t:|1782441888\n|switch|p1a: Kyurem|Kyurem|23/100|[from] U-turn\n|-ability|p1a: Kyurem|Pressure\n|move|p2a: Pisces|Flip Turn|p1a: Kyurem\n|-resisted|p1a: Kyurem\n|-damage|p1a: Kyurem|15/100\n|\n|t:|1782441905\n|switch|p2a: Liberacy|Cinderace, M, shiny|100/100|[from] Flip Turn\n|\n|upkeep\n|turn|36\n|\n|t:|1782441915\n|move|p2a: Liberacy|U-turn|p1a: Kyurem\n|-start|p2a: Liberacy|typechange|Bug|[from] ability: Libero\n|-damage|p1a: Kyurem|0 fnt\n|faint|p1a: Kyurem\n|\n|t:|1782441919\n|switch|p2a: Pisces|Alomomola, M|70/100 par|[from] U-turn\n|\n|upkeep\n|\n|t:|1782441924\n|switch|p1a: Cinderace|Cinderace, F|61/100\n|turn|37\n|\n|t:|1782441937\n|move|p1a: Cinderace|Pyro Ball|p2a: Pisces\n|-resisted|p2a: Pisces\n|-damage|p2a: Pisces|54/100 par\n|move|p2a: Pisces|Flip Turn|p1a: Cinderace\n|-supereffective|p1a: Cinderace\n|-damage|p1a: Cinderace|20/100\n|\n|t:|1782441947\n|switch|p2a: Calamity|Iron Valiant, shiny|22/100|[from] Flip Turn\n|\n|upkeep\n|turn|38\n|\n|t:|1782441960\n|switch|p1a: Great Tusk|Great Tusk|96/100\n|move|p2a: Calamity|Vacuum Wave|p1a: Great Tusk\n|-damage|p1a: Great Tusk|50/100\n|\n|-heal|p1a: Great Tusk|56/100|[from] item: Leftovers\n|upkeep\n|turn|39\n|\n|t:|1782441970\n|-end|p2a: Calamity|Quark Drive|[silent]\n|switch|p2a: Pisces|Alomomola, M|87/100 par\n|move|p1a: Great Tusk|Headlong Rush|p2a: Pisces\n|-damage|p2a: Pisces|45/100 par\n|-unboost|p1a: Great Tusk|def|1\n|-unboost|p1a: Great Tusk|spd|1\n|\n|-heal|p1a: Great Tusk|62/100|[from] item: Leftovers\n|upkeep\n|turn|40\n|\n|t:|1782441980\n|move|p1a: Great Tusk|Headlong Rush|p2a: Pisces\n|-damage|p2a: Pisces|4/100 par\n|-unboost|p1a: Great Tusk|def|1\n|-unboost|p1a: Great Tusk|spd|1\n|move|p2a: Pisces|Flip Turn|p1a: Great Tusk\n|-supereffective|p1a: Great Tusk\n|-damage|p1a: Great Tusk|18/100\n|\n|t:|1782441993\n|switch|p2a: Liberacy|Cinderace, M, shiny|100/100|[from] Flip Turn\n|\n|-heal|p1a: Great Tusk|24/100|[from] item: Leftovers\n|upkeep\n|turn|41\n|\n|t:|1782442001\n|move|p2a: Liberacy|Pyro Ball|p1a: Great Tusk\n|-damage|p1a: Great Tusk|0 fnt\n|faint|p1a: Great Tusk\n|-end|p1a: Great Tusk|Protosynthesis|[silent]\n|\n|upkeep\n|\n|t:|1782442006\n|switch|p1a: Cinderace|Cinderace, F|20/100\n|turn|42\n|\n|t:|1782442012\n|move|p2a: Liberacy|U-turn|p1a: Cinderace\n|-start|p2a: Liberacy|typechange|Bug|[from] ability: Libero\n|-resisted|p1a: Cinderace\n|-damage|p1a: Cinderace|0 fnt\n|faint|p1a: Cinderace\n|\n|t:|1782442018\n|switch|p2a: Pisces|Alomomola, M|37/100 par|[from] U-turn\n|\n|upkeep\n|\n|t:|1782442022\n|switch|p1a: Kingambit|Kingambit, F|26/100\n|-activate|p1a: Kingambit|ability: Supreme Overlord\n|-start|p1a: Kingambit|fallen5|[silent]\n|turn|43\n|\n|t:|1782442030\n|move|p1a: Kingambit|Sucker Punch|p2a: Pisces\n|-damage|p2a: Pisces|0 fnt\n|faint|p2a: Pisces\n|\n|upkeep\n|\n|t:|1782442035\n|switch|p2a: Liberacy|Cinderace, M, shiny|100/100\n|turn|44\n|c|☆pushergod700|gg\n|c|☆pushergod700|comeback\n|\n|t:|1782442051\n|move|p1a: Kingambit|Sucker Punch|p2a: Liberacy\n|-damage|p2a: Liberacy|10/100\n|move|p2a: Liberacy|Pyro Ball|p1a: Kingambit\n|-supereffective|p1a: Kingambit\n|-damage|p1a: Kingambit|0 fnt\n|faint|p1a: Kingambit\n|-end|p1a: Kingambit|fallen5|[silent]\n|\n|win|pushergod700\n|raw|SlackerDSI's rating: 1161 &rarr; <strong>1144</strong><br />(-17 for losing)\n|raw|pushergod700's rating: 1271 &rarr; <strong>1288</strong><br />(+17 for winning)\n", "uploadtime": 1782442057, "views": 12, "formatid": "gen9ou", "rating": 1144, "private": 0, "password": null}