{"id": "gen9ou-2639961388", "format": "[Gen 9] OU", "players": ["raviolikid", "rblt ryo"], "log": "|j|☆raviolikid\n|j|☆rblt ryo\n|t:|1782553145\n|gametype|singles\n|player|p1|raviolikid|anabel|1678\n|player|p2|rblt ryo|grimsley-gen7|1778\n|gen|9\n|tier|[Gen 9] OU\n|rated|\n|rule|HP Percentage Mod: HP is shown in percentages\n|rule|Endless Battle Clause: Forcing endless battles is banned\n|rule|Species Clause: Limit one of each Pokémon\n|rule|OHKO Clause: OHKO moves are banned\n|rule|Evasion Items Clause: Evasion items are banned\n|rule|Evasion Moves Clause: Evasion moves are banned\n|rule|Evasion Abilities Clause: Evasion abilities are banned\n|rule|Sleep Moves Clause: Sleep-inducing moves are banned\n|clearpoke\n|poke|p1|Dragapult, M|\n|poke|p1|Gliscor, F|\n|poke|p1|Ogerpon-Wellspring, F|\n|poke|p1|Iron Crown|\n|poke|p1|Ting-Lu|\n|poke|p1|Kingambit, M|\n|poke|p2|Kyurem|\n|poke|p2|Corviknight, F|\n|poke|p2|Ting-Lu|\n|poke|p2|Dondozo, F|\n|poke|p2|Slowking-Galar, F|\n|poke|p2|Cinderace, F|\n|teampreview\n|inactive|Battle timer is ON: inactive players will automatically lose when time's up. (requested by raviolikid)\n|\n|t:|1782553171\n|teamsize|p1|6\n|teamsize|p2|6\n|start\n|switch|p1a: Ting-Lu|Ting-Lu|100/100\n|switch|p2a: Slowking|Slowking-Galar, F|100/100\n|-ability|p1a: Ting-Lu|Vessel of Ruin\n|turn|1\n|j| MissBeckett\n|l| MissBeckett\n|\n|t:|1782553186\n|move|p1a: Ting-Lu|Stealth Rock|p2a: Slowking\n|-sidestart|p2: rblt ryo|move: Stealth Rock\n|-prepare|p2a: Slowking|Chilly Reception|[premajor]\n|move|p2a: Slowking|Chilly Reception|p2a: Slowking\n|-weather|Snowscape\n|\n|t:|1782553188\n|switch|p2a: Kyurem|Kyurem|100/100|[from] Chilly Reception\n|-damage|p2a: Kyurem|75/100|[from] Stealth Rock\n|-ability|p2a: Kyurem|Pressure\n|\n|-weather|Snowscape|[upkeep]\n|-heal|p2a: Kyurem|82/100|[from] item: Leftovers\n|upkeep\n|turn|2\n|\n|t:|1782553194\n|switch|p1a: Iron Crown|Iron Crown|100/100\n|-enditem|p1a: Iron Crown|Booster Energy\n|-activate|p1a: Iron Crown|ability: Quark Drive|[fromitem]\n|-start|p1a: Iron Crown|quarkdrivespe\n|move|p2a: Kyurem|Earth Power|p1a: Iron Crown\n|-supereffective|p1a: Iron Crown\n|-damage|p1a: Iron Crown|40/100\n|\n|-weather|Snowscape|[upkeep]\n|-heal|p2a: Kyurem|88/100|[from] item: Leftovers\n|upkeep\n|turn|3\n|\n|t:|1782553202\n|switch|p2a: Ting-Lu|Ting-Lu|100/100\n|-damage|p2a: Ting-Lu|94/100|[from] Stealth Rock\n|-ability|p2a: Ting-Lu|Vessel of Ruin\n|move|p1a: Iron Crown|Focus Blast|p2a: Ting-Lu\n|-supereffective|p2a: Ting-Lu\n|-damage|p2a: Ting-Lu|61/100\n|\n|-weather|Snowscape|[upkeep]\n|-heal|p2a: Ting-Lu|67/100|[from] item: Leftovers\n|upkeep\n|turn|4\n|\n|t:|1782553210\n|-end|p1a: Iron Crown|Quark Drive|[silent]\n|switch|p1a: Gliscor|Gliscor, F|100/100\n|move|p2a: Ting-Lu|Throat Chop|p1a: Gliscor\n|-damage|p1a: Gliscor|75/100\n|-start|p1a: Gliscor|Throat Chop|[silent]\n|\n|-weather|Snowscape|[upkeep]\n|-heal|p2a: Ting-Lu|73/100|[from] item: Leftovers\n|-status|p1a: Gliscor|tox|[from] item: Toxic Orb\n|upkeep\n|turn|5\n|\n|t:|1782553221\n|switch|p2a: Corviknight|Corviknight, F|100/100\n|-damage|p2a: Corviknight|88/100|[from] Stealth Rock\n|-ability|p2a: Corviknight|Pressure\n|move|p1a: Gliscor|Earthquake|p2a: Corviknight\n|-immune|p2a: Corviknight\n|\n|-weather|none\n|-heal|p1a: Gliscor|87/100 tox|[from] ability: Poison Heal\n|-end|p1a: Gliscor|Throat Chop|[silent]\n|upkeep\n|turn|6\n|\n|t:|1782553227\n|move|p1a: Gliscor|Protect|p1a: Gliscor\n|-singleturn|p1a: Gliscor|Protect\n|move|p2a: Corviknight|Defog|p1a: Gliscor\n|-activate|p1a: Gliscor|move: Protect\n|\n|-heal|p1a: Gliscor|99/100 tox|[from] ability: Poison Heal\n|upkeep\n|turn|7\n|j| Kathryne Keyron\n|\n|t:|1782553239\n|switch|p1a: Dragapult|Dragapult, M|100/100\n|move|p2a: Corviknight|Defog|p1a: Dragapult\n|-unboost|p1a: Dragapult|evasion|1\n|-sideend|p2: rblt ryo|Stealth Rock|[from] move: Defog|[of] p2a: Corviknight\n|\n|upkeep\n|turn|8\n|\n|t:|1782553244\n|switch|p2a: Ting-Lu|Ting-Lu|73/100\n|-ability|p2a: Ting-Lu|Vessel of Ruin\n|move|p1a: Dragapult|Will-O-Wisp|p2a: Ting-Lu\n|-status|p2a: Ting-Lu|brn\n|\n|-heal|p2a: Ting-Lu|79/100 brn|[from] item: Leftovers\n|-damage|p2a: Ting-Lu|73/100 brn|[from] brn\n|upkeep\n|turn|9\n|\n|t:|1782553255\n|switch|p2a: Slowking|Slowking-Galar, F|100/100\n|move|p1a: Dragapult|U-turn|p2a: Slowking\n|-damage|p2a: Slowking|86/100\n|\n|t:|1782553266\n|switch|p1a: Ogerpon|Ogerpon-Wellspring, F|100/100|[from] U-turn\n|\n|upkeep\n|turn|10\n|\n|t:|1782553270\n|move|p1a: Ogerpon|Knock Off|p2a: Slowking\n|-supereffective|p2a: Slowking\n|-damage|p2a: Slowking|29/100\n|-enditem|p2a: Slowking|Shuca Berry|[from] move: Knock Off|[of] p1a: Ogerpon\n|-prepare|p2a: Slowking|Chilly Reception|[premajor]\n|move|p2a: Slowking|Chilly Reception|p2a: Slowking\n|-weather|Snowscape\n|\n|t:|1782553275\n|switch|p2a: Cinderace|Cinderace, F|100/100|[from] Chilly Reception\n|\n|-weather|Snowscape|[upkeep]\n|upkeep\n|turn|11\n|\n|t:|1782553290\n|switch|p1a: Gliscor|Gliscor, F|99/100 tox\n|move|p2a: Cinderace|U-turn|p1a: Gliscor\n|-resisted|p1a: Gliscor\n|-damage|p1a: Gliscor|92/100 tox\n|\n|t:|1782553294\n|switch|p2a: Kyurem|Kyurem|88/100|[from] U-turn\n|-ability|p2a: Kyurem|Pressure\n|\n|-weather|Snowscape|[upkeep]\n|-heal|p2a: Kyurem|94/100|[from] item: Leftovers\n|-heal|p1a: Gliscor|100/100 tox|[from] ability: Poison Heal\n|upkeep\n|turn|12\n|\n|t:|1782553306\n|switch|p1a: Iron Crown|Iron Crown|40/100\n|move|p2a: Kyurem|Freeze-Dry|p1a: Iron Crown\n|-resisted|p1a: Iron Crown\n|-damage|p1a: Iron Crown|22/100\n|\n|-weather|Snowscape|[upkeep]\n|-heal|p2a: Kyurem|99/100|[from] item: Leftovers\n|upkeep\n|turn|13\n|inactive|rblt ryo has 120 seconds left.\n|\n|t:|1782553349\n|move|p2a: Kyurem|Protect|p2a: Kyurem\n|-singleturn|p2a: Kyurem|Protect\n|move|p1a: Iron Crown|Tachyon Cutter|p2a: Kyurem\n|-activate|p2a: Kyurem|move: Protect\n|\n|-weather|Snowscape|[upkeep]\n|-heal|p2a: Kyurem|100/100|[from] item: Leftovers\n|upkeep\n|turn|14\n|\n|t:|1782553369\n|switch|p2a: Ting-Lu|Ting-Lu|73/100 brn\n|-ability|p2a: Ting-Lu|Vessel of Ruin\n|move|p1a: Iron Crown|Tachyon Cutter|p2a: Ting-Lu\n|-damage|p2a: Ting-Lu|63/100 brn\n|-damage|p2a: Ting-Lu|53/100 brn\n|-hitcount|p2a: Ting-Lu|2\n|\n|-weather|none\n|-heal|p2a: Ting-Lu|60/100 brn|[from] item: Leftovers\n|-damage|p2a: Ting-Lu|53/100 brn|[from] brn\n|upkeep\n|turn|15\n|\n|t:|1782553380\n|-end|p1a: Iron Crown|Quark Drive|[silent]\n|switch|p1a: Ting-Lu|Ting-Lu|100/100\n|-ability|p1a: Ting-Lu|Vessel of Ruin\n|move|p2a: Ting-Lu|Rest|p2a: Ting-Lu\n|-status|p2a: Ting-Lu|slp|[from] move: Rest\n|-heal|p2a: Ting-Lu|100/100 slp|[silent]\n|\n|upkeep\n|turn|16\n|\n|t:|1782553386\n|switch|p2a: Kyurem|Kyurem|100/100\n|-ability|p2a: Kyurem|Pressure\n|move|p1a: Ting-Lu|Stealth Rock|p2a: Kyurem\n|-sidestart|p2: rblt ryo|move: Stealth Rock\n|\n|upkeep\n|turn|17\n|inactive|rblt ryo has 120 seconds left.\n|\n|t:|1782553394\n|move|p2a: Kyurem|Freeze-Dry|p1a: Ting-Lu\n|-supereffective|p1a: Ting-Lu\n|-damage|p1a: Ting-Lu|62/100\n|move|p1a: Ting-Lu|Ruination|p2a: Kyurem\n|-damage|p2a: Kyurem|50/100\n|\n|-heal|p2a: Kyurem|57/100|[from] item: Leftovers\n|upkeep\n|turn|18\n|\n|t:|1782553400\n|switch|p1a: Iron Crown|Iron Crown|22/100\n|move|p2a: Kyurem|Freeze-Dry|p1a: Iron Crown\n|-resisted|p1a: Iron Crown\n|-damage|p1a: Iron Crown|8/100\n|\n|-heal|p2a: Kyurem|63/100|[from] item: Leftovers\n|upkeep\n|turn|19\n|\n|t:|1782553405\n|switch|p2a: Ting-Lu|Ting-Lu|100/100 slp\n|-damage|p2a: Ting-Lu|94/100 slp|[from] Stealth Rock\n|-ability|p2a: Ting-Lu|Vessel of Ruin\n|move|p1a: Iron Crown|Calm Mind|p1a: Iron Crown\n|-boost|p1a: Iron Crown|spa|1\n|-boost|p1a: Iron Crown|spd|1\n|\n|-heal|p2a: Ting-Lu|100/100 slp|[from] item: Leftovers\n|upkeep\n|turn|20\n|\n|t:|1782553410\n|move|p1a: Iron Crown|Focus Blast|p2a: Ting-Lu\n|-supereffective|p2a: Ting-Lu\n|-damage|p2a: Ting-Lu|55/100 slp\n|-unboost|p2a: Ting-Lu|spd|1\n|cant|p2a: Ting-Lu|slp\n|move|p2a: Ting-Lu|Sleep Talk|p2a: Ting-Lu\n|move|p2a: Ting-Lu|Earthquake|p1a: Iron Crown|[from] move: Sleep Talk\n|-supereffective|p1a: Iron Crown\n|-damage|p1a: Iron Crown|0 fnt\n|faint|p1a: Iron Crown\n|-end|p1a: Iron Crown|Quark Drive|[silent]\n|\n|-heal|p2a: Ting-Lu|61/100 slp|[from] item: Leftovers\n|upkeep\n|\n|t:|1782553420\n|switch|p1a: Ogerpon|Ogerpon-Wellspring, F|100/100\n|turn|21\n|\n|t:|1782553426\n|switch|p2a: Corviknight|Corviknight, F|88/100\n|-damage|p2a: Corviknight|76/100|[from] Stealth Rock\n|-ability|p2a: Corviknight|Pressure\n|move|p1a: Ogerpon|Knock Off|p2a: Corviknight\n|-damage|p2a: Corviknight|54/100\n|-damage|p1a: Ogerpon|84/100|[from] item: Rocky Helmet|[of] p2a: Corviknight\n|-enditem|p2a: Corviknight|Rocky Helmet|[from] move: Knock Off|[of] p1a: Ogerpon\n|\n|upkeep\n|turn|22\n|\n|t:|1782553433\n|move|p1a: Ogerpon|Taunt|p2a: Corviknight\n|-start|p2a: Corviknight|move: Taunt\n|cant|p2a: Corviknight|move: Taunt|Roost\n|\n|upkeep\n|turn|23\n|\n|t:|1782553438\n|move|p1a: Ogerpon|U-turn|p2a: Corviknight\n|-resisted|p2a: Corviknight\n|-damage|p2a: Corviknight|50/100\n|\n|t:|1782553441\n|switch|p1a: Ting-Lu|Ting-Lu|62/100|[from] U-turn\n|-ability|p1a: Ting-Lu|Vessel of Ruin\n|move|p2a: Corviknight|U-turn|p1a: Ting-Lu\n|-supereffective|p1a: Ting-Lu\n|-damage|p1a: Ting-Lu|43/100\n|-damage|p2a: Corviknight|33/100|[from] item: Rocky Helmet|[of] p1a: Ting-Lu\n|\n|t:|1782553452\n|switch|p2a: Cinderace|Cinderace, F|100/100|[from] U-turn\n|\n|upkeep\n|turn|24\n|\n|t:|1782553462\n|move|p2a: Cinderace|U-turn|p1a: Ting-Lu\n|-supereffective|p1a: Ting-Lu\n|-damage|p1a: Ting-Lu|17/100\n|-damage|p2a: Cinderace|84/100|[from] item: Rocky Helmet|[of] p1a: Ting-Lu\n|\n|t:|1782553469\n|switch|p2a: Corviknight|Corviknight, F|33/100|[from] U-turn\n|-damage|p2a: Corviknight|21/100|[from] Stealth Rock\n|-ability|p2a: Corviknight|Pressure\n|move|p1a: Ting-Lu|Ruination|p2a: Corviknight\n|-damage|p2a: Corviknight|11/100\n|\n|upkeep\n|turn|25\n|\n|t:|1782553478\n|move|p1a: Ting-Lu|Taunt|p2a: Corviknight\n|-start|p2a: Corviknight|move: Taunt\n|cant|p2a: Corviknight|move: Taunt|Defog\n|\n|upkeep\n|turn|26\n|\n|t:|1782553486\n|move|p1a: Ting-Lu|Ruination|p2a: Corviknight\n|-damage|p2a: Corviknight|6/100\n|move|p2a: Corviknight|U-turn|p1a: Ting-Lu\n|-supereffective|p1a: Ting-Lu\n|-damage|p1a: Ting-Lu|0 fnt\n|-damage|p2a: Corviknight|0 fnt|[from] item: Rocky Helmet|[of] p1a: Ting-Lu\n|faint|p1a: Ting-Lu\n|faint|p2a: Corviknight\n|\n|upkeep\n|\n|t:|1782553503\n|switch|p1a: Ogerpon|Ogerpon-Wellspring, F|84/100\n|switch|p2a: Cinderace|Cinderace, F|84/100\n|turn|27\n|\n|t:|1782553511\n|move|p2a: Cinderace|U-turn|p1a: Ogerpon\n|-supereffective|p1a: Ogerpon\n|-damage|p1a: Ogerpon|39/100\n|\n|t:|1782553521\n|switch|p2a: Slowking|Slowking-Galar, F|63/100|[from] U-turn\n|-damage|p2a: Slowking|50/100|[from] Stealth Rock\n|move|p1a: Ogerpon|Ivy Cudgel|p2a: Slowking|[anim] Ivy Cudgel Water\n|-damage|p2a: Slowking|5/100\n|\n|upkeep\n|turn|28\n|\n|t:|1782553525\n|move|p1a: Ogerpon|Knock Off|p2a: Slowking\n|-supereffective|p2a: Slowking\n|-damage|p2a: Slowking|0 fnt\n|faint|p2a: Slowking\n|\n|upkeep\n|\n|t:|1782553548\n|switch|p2a: Cinderace|Cinderace, F|84/100\n|turn|29\n|\n|t:|1782553552\n|switch|p1a: Gliscor|Gliscor, F|100/100 tox\n|move|p2a: Cinderace|Court Change|p2a: Cinderace\n|-swapsideconditions\n|-activate|p2a: Cinderace|move: Court Change\n|\n|upkeep\n|turn|30\n|\n|t:|1782553559\n|switch|p2a: Dondozo|Dondozo, F|100/100\n|move|p1a: Gliscor|Toxic|p2a: Dondozo\n|-status|p2a: Dondozo|tox\n|\n|-damage|p2a: Dondozo|94/100 tox|[from] psn\n|upkeep\n|turn|31\n|\n|t:|1782553569\n|switch|p1a: Ogerpon|Ogerpon-Wellspring, F|39/100\n|-damage|p1a: Ogerpon|26/100|[from] Stealth Rock\n|move|p2a: Dondozo|Rest|p2a: Dondozo\n|-status|p2a: Dondozo|slp|[from] move: Rest\n|-heal|p2a: Dondozo|100/100 slp|[silent]\n|\n|upkeep\n|turn|32\n|\n|t:|1782553590\n|move|p1a: Ogerpon|Knock Off|p2a: Dondozo\n|-damage|p2a: Dondozo|78/100 slp\n|-enditem|p2a: Dondozo|Leftovers|[from] move: Knock Off|[of] p1a: Ogerpon\n|cant|p2a: Dondozo|slp\n|\n|upkeep\n|turn|33\n|\n|t:|1782553594\n|move|p1a: Ogerpon|Taunt|p2a: Dondozo\n|-start|p2a: Dondozo|move: Taunt\n|cant|p2a: Dondozo|slp\n|\n|upkeep\n|turn|34\n|\n|t:|1782553600\n|move|p1a: Ogerpon|Knock Off|p2a: Dondozo\n|-damage|p2a: Dondozo|64/100 slp\n|-curestatus|p2a: Dondozo|slp|[msg]\n|move|p2a: Dondozo|Body Press|p1a: Ogerpon\n|-damage|p1a: Ogerpon|0 fnt\n|faint|p1a: Ogerpon\n|\n|upkeep\n|\n|t:|1782553610\n|switch|p1a: Dragapult|Dragapult, M|100/100\n|turn|35\n|\n|t:|1782553612\n|switch|p2a: Ting-Lu|Ting-Lu|61/100 slp\n|-ability|p2a: Ting-Lu|Vessel of Ruin\n|move|p1a: Dragapult|Dragon Darts|p2a: Ting-Lu\n|-damage|p2a: Ting-Lu|51/100 slp\n|-anim|p1a: Dragapult|Dragon Darts|p2a: Ting-Lu\n|-damage|p2a: Ting-Lu|40/100 slp\n|\n|-heal|p2a: Ting-Lu|47/100 slp|[from] item: Leftovers\n|upkeep\n|turn|36\n|\n|t:|1782553626\n|move|p1a: Dragapult|Dragon Darts|p2a: Ting-Lu\n|-damage|p2a: Ting-Lu|35/100 slp\n|-anim|p1a: Dragapult|Dragon Darts|p2a: Ting-Lu\n|-damage|p2a: Ting-Lu|24/100 slp\n|cant|p2a: Ting-Lu|slp\n|move|p2a: Ting-Lu|Sleep Talk|p2a: Ting-Lu\n|move|p2a: Ting-Lu|Rest||[from] move: Sleep Talk|[still]\n|-fail|p2a: Ting-Lu\n|\n|-heal|p2a: Ting-Lu|30/100 slp|[from] item: Leftovers\n|upkeep\n|turn|37\n|\n|t:|1782553629\n|move|p1a: Dragapult|U-turn|p2a: Ting-Lu\n|-supereffective|p2a: Ting-Lu\n|-damage|p2a: Ting-Lu|8/100 slp\n|\n|t:|1782553631\n|switch|p1a: Gliscor|Gliscor, F|100/100 tox|[from] U-turn\n|-damage|p1a: Gliscor|88/100 tox|[from] Stealth Rock\n|-curestatus|p2a: Ting-Lu|slp|[msg]\n|move|p2a: Ting-Lu|Rest|p2a: Ting-Lu\n|-status|p2a: Ting-Lu|slp|[from] move: Rest\n|-heal|p2a: Ting-Lu|100/100 slp|[silent]\n|\n|-heal|p1a: Gliscor|100/100 tox|[from] ability: Poison Heal\n|upkeep\n|turn|38\n|\n|t:|1782553637\n|switch|p2a: Kyurem|Kyurem|63/100\n|-ability|p2a: Kyurem|Pressure\n|move|p1a: Gliscor|Toxic Spikes|p2a: Kyurem\n|-sidestart|p2: rblt ryo|move: Toxic Spikes\n|\n|-heal|p2a: Kyurem|69/100|[from] item: Leftovers\n|upkeep\n|turn|39\n|\n|t:|1782553646\n|move|p2a: Kyurem|Freeze-Dry|p1a: Gliscor\n|-supereffective|p1a: Gliscor\n|-damage|p1a: Gliscor|0 fnt\n|faint|p1a: Gliscor\n|\n|-heal|p2a: Kyurem|75/100|[from] item: Leftovers\n|upkeep\n|\n|t:|1782553650\n|switch|p1a: Dragapult|Dragapult, M|100/100\n|turn|40\n|\n|t:|1782553654\n|move|p2a: Kyurem|Protect|p2a: Kyurem\n|-singleturn|p2a: Kyurem|Protect\n|move|p1a: Dragapult|Dragon Darts|p2a: Kyurem\n|-activate|p2a: Kyurem|move: Protect\n|\n|-heal|p2a: Kyurem|81/100|[from] item: Leftovers\n|upkeep\n|turn|41\n|\n|t:|1782553674\n|-terastallize|p2a: Kyurem|Ground\n|move|p1a: Dragapult|U-turn|p2a: Kyurem\n|-damage|p2a: Kyurem|64/100\n|\n|t:|1782553676\n|switch|p1a: Big Gambito|Kingambit, M|100/100|[from] U-turn\n|-damage|p1a: Big Gambito|94/100|[from] Stealth Rock\n|-activate|p1a: Big Gambito|ability: Supreme Overlord\n|-start|p1a: Big Gambito|fallen4|[silent]\n|-item|p1a: Big Gambito|Air Balloon\n|move|p2a: Kyurem|Substitute|p2a: Kyurem\n|-start|p2a: Kyurem|Substitute\n|-damage|p2a: Kyurem|39/100\n|\n|-heal|p2a: Kyurem|45/100|[from] item: Leftovers\n|upkeep\n|turn|42\n|\n|t:|1782553686\n|-end|p1a: Big Gambito|fallen4|[silent]\n|switch|p1a: Dragapult|Dragapult, M|100/100\n|move|p2a: Kyurem|Freeze-Dry|p1a: Dragapult\n|-supereffective|p1a: Dragapult\n|-damage|p1a: Dragapult|0 fnt\n|faint|p1a: Dragapult\n|\n|-heal|p2a: Kyurem|51/100|[from] item: Leftovers\n|upkeep\n|\n|t:|1782553688\n|switch|p1a: Big Gambito|Kingambit, M|94/100\n|-damage|p1a: Big Gambito|88/100|[from] Stealth Rock\n|-activate|p1a: Big Gambito|ability: Supreme Overlord\n|-start|p1a: Big Gambito|fallen5|[silent]\n|-item|p1a: Big Gambito|Air Balloon\n|turn|43\n|\n|t:|1782553694\n|move|p2a: Kyurem|Freeze-Dry|p1a: Big Gambito\n|-resisted|p1a: Big Gambito\n|-damage|p1a: Big Gambito|68/100\n|-enditem|p1a: Big Gambito|Air Balloon\n|move|p1a: Big Gambito|Kowtow Cleave|p2a: Kyurem\n|-end|p2a: Kyurem|Substitute\n|\n|-heal|p2a: Kyurem|57/100|[from] item: Leftovers\n|upkeep\n|turn|44\n|\n|t:|1782553702\n|-terastallize|p1a: Big Gambito|Dark\n|move|p2a: Kyurem|Earth Power|p1a: Big Gambito\n|-damage|p1a: Big Gambito|16/100\n|move|p1a: Big Gambito|Kowtow Cleave|p2a: Kyurem\n|-damage|p2a: Kyurem|0 fnt\n|faint|p2a: Kyurem\n|\n|upkeep\n|\n|t:|1782553709\n|switch|p2a: Cinderace|Cinderace, F|84/100\n|turn|45\n|\n|t:|1782553713\n|move|p2a: Cinderace|Will-O-Wisp|p1a: Big Gambito\n|-status|p1a: Big Gambito|brn\n|move|p1a: Big Gambito|Kowtow Cleave|p2a: Cinderace\n|-damage|p2a: Cinderace|34/100\n|\n|-damage|p1a: Big Gambito|10/100 brn|[from] brn\n|upkeep\n|turn|46\n|\n|t:|1782553717\n|move|p1a: Big Gambito|Sucker Punch|p2a: Cinderace\n|-damage|p2a: Cinderace|0 fnt\n|faint|p2a: Cinderace\n|\n|-damage|p1a: Big Gambito|4/100 brn|[from] brn\n|upkeep\n|\n|t:|1782553719\n|switch|p2a: Dondozo|Dondozo, F|64/100\n|-status|p2a: Dondozo|psn\n|turn|47\n|\n|t:|1782553722\n|move|p1a: Big Gambito|Kowtow Cleave|p2a: Dondozo\n|-damage|p2a: Dondozo|36/100 psn\n|move|p2a: Dondozo|Waterfall|p1a: Big Gambito\n|-damage|p1a: Big Gambito|0 fnt\n|faint|p1a: Big Gambito\n|-end|p1a: Big Gambito|fallen5|[silent]\n|\n|win|rblt ryo\n|raw|raviolikid's rating: 1678 &rarr; <strong>1664</strong><br />(-14 for losing)\n|raw|rblt ryo's rating: 1778 &rarr; <strong>1792</strong><br />(+14 for winning)\n|l|☆raviolikid\n|player|p1|\n|l|☆rblt ryo\n|player|p2|\n", "uploadtime": 1782553725, "views": 5, "formatid": "gen9ou", "rating": 1664, "private": 0, "password": null}