{"id": "gen9ou-2540669545", "format": "[Gen 9] OU", "players": ["FIREEEE", "Pluto hendrixxx"], "log": "|j|☆FIREEEE\n|j|☆Pluto hendrixxx\n|t:|1771237426\n|gametype|singles\n|player|p1|FIREEEE|pokekid|1726\n|player|p2|Pluto hendrixxx|morty-gen2|1591\n|gen|9\n|tier|[Gen 9] OU\n|rated|\n|rule|HP Percentage Mod: HP is shown in percentages\n|rule|Endless Battle Clause: Forcing endless battles is banned\n|rule|Species Clause: Limit one of each Pokémon\n|rule|OHKO Clause: OHKO moves are banned\n|rule|Evasion Items Clause: Evasion items are banned\n|rule|Evasion Moves Clause: Evasion moves are banned\n|rule|Evasion Abilities Clause: Evasion abilities are banned\n|rule|Sleep Moves Clause: Sleep-inducing moves are banned\n|clearpoke\n|poke|p1|Heatran, M|\n|poke|p1|Rillaboom, F|\n|poke|p1|Dragapult, M|\n|poke|p1|Ting-Lu|\n|poke|p1|Iron Crown|\n|poke|p1|Hatterene, F|\n|poke|p2|Iron Valiant|\n|poke|p2|Excadrill, M|\n|poke|p2|Tyranitar, M|\n|poke|p2|Tornadus-Therian, M|\n|poke|p2|Ogerpon-Cornerstone, F|\n|poke|p2|Toxapex, M|\n|teampreview\n|inactive|Battle timer is ON: inactive players will automatically lose when time's up. (requested by Pluto hendrixxx)\n|inactive|FIREEEE has 120 seconds left.\n|\n|t:|1771237460\n|teamsize|p1|6\n|teamsize|p2|6\n|start\n|switch|p1a: Dragapult|Dragapult, M|100/100\n|switch|p2a: Fujin|Tornadus-Therian, M, shiny|100/100\n|turn|1\n|\n|t:|1771237468\n|move|p1a: Dragapult|Dragon Darts|p2a: Fujin\n|-damage|p2a: Fujin|46/100\n|-anim|p1a: Dragapult|Dragon Darts|p2a: Fujin\n|-damage|p2a: Fujin|0 fnt\n|faint|p2a: Fujin\n|\n|upkeep\n|\n|t:|1771237472\n|switch|p2a: Calamity|Iron Valiant, shiny|100/100\n|turn|2\n|\n|t:|1771237482\n|switch|p1a: Heatran|Heatran, M|100/100\n|-end|p2a: Calamity|Quark Drive|[silent]\n|switch|p2a: Impaler|Excadrill, M, shiny|100/100\n|\n|upkeep\n|turn|3\n|\n|t:|1771237510\n|switch|p1a: Hatterene|Hatterene, F|100/100\n|move|p2a: Impaler|Substitute|p2a: Impaler\n|-start|p2a: Impaler|Substitute\n|-damage|p2a: Impaler|76/100\n|\n|-heal|p2a: Impaler|82/100|[from] item: Leftovers\n|upkeep\n|turn|4\n|\n|t:|1771237516\n|switch|p1a: Rillaboom|Rillaboom, F|100/100\n|-fieldstart|move: Grassy Terrain|[from] ability: Grassy Surge|[of] p1a: Rillaboom\n|move|p2a: Impaler|Earthquake|p1a: Rillaboom\n|-resisted|p1a: Rillaboom\n|-damage|p1a: Rillaboom|88/100\n|\n|-heal|p2a: Impaler|88/100|[from] Grassy Terrain\n|-heal|p2a: Impaler|94/100|[from] item: Leftovers\n|-heal|p1a: Rillaboom|94/100|[from] Grassy Terrain\n|upkeep\n|turn|5\n|\n|t:|1771237527\n|move|p1a: Rillaboom|Grassy Glide|p2a: Impaler\n|-crit|p2a: Impaler\n|-end|p2a: Impaler|Substitute\n|move|p2a: Impaler|Rock Slide|p1a: Rillaboom\n|-damage|p1a: Rillaboom|66/100\n|\n|-heal|p2a: Impaler|99/100|[from] Grassy Terrain\n|-heal|p2a: Impaler|100/100|[from] item: Leftovers\n|-heal|p1a: Rillaboom|73/100|[from] Grassy Terrain\n|upkeep\n|turn|6\n|\n|t:|1771237533\n|switch|p2a: Serpentine|Toxapex, M, shiny|100/100\n|move|p1a: Rillaboom|Knock Off|p2a: Serpentine\n|-crit|p2a: Serpentine\n|-damage|p2a: Serpentine|65/100\n|-enditem|p2a: Serpentine|Eject Button|[from] move: Knock Off|[of] p1a: Rillaboom\n|\n|-heal|p1a: Rillaboom|79/100|[from] Grassy Terrain\n|-heal|p2a: Serpentine|71/100|[from] Grassy Terrain\n|upkeep\n|turn|7\n|j| heatraniac\n|\n|t:|1771237540\n|move|p1a: Rillaboom|U-turn|p2a: Serpentine\n|-resisted|p2a: Serpentine\n|-crit|p2a: Serpentine\n|-damage|p2a: Serpentine|57/100\n|\n|t:|1771237556\n|switch|p1a: Iron Crown|Iron Crown|100/100|[from] U-turn\n|move|p2a: Serpentine|Toxic|p1a: Iron Crown\n|-immune|p1a: Iron Crown\n|\n|-heal|p2a: Serpentine|63/100|[from] Grassy Terrain\n|upkeep\n|turn|8\n|\n|t:|1771237569\n|move|p1a: Iron Crown|Future Sight|p2a: Serpentine\n|-start|p1a: Iron Crown|move: Future Sight\n|move|p2a: Serpentine|Haze|p2a: Serpentine\n|-clearallboost\n|\n|-heal|p2a: Serpentine|69/100|[from] Grassy Terrain\n|upkeep\n|turn|9\n|\n|t:|1771237574\n|-end|p1a: Iron Crown|Quark Drive|[silent]\n|switch|p1a: Dragapult|Dragapult, M|100/100\n|switch|p2a: Impaler|Excadrill, M, shiny|100/100\n|\n|upkeep\n|turn|10\n|\n|t:|1771237581\n|move|p1a: Dragapult|Dragon Darts|p2a: Impaler\n|-resisted|p2a: Impaler\n|-damage|p2a: Impaler|76/100\n|-anim|p1a: Dragapult|Dragon Darts|p2a: Impaler\n|-resisted|p2a: Impaler\n|-damage|p2a: Impaler|48/100\n|move|p2a: Impaler|Substitute|p2a: Impaler\n|-start|p2a: Impaler|Substitute\n|-damage|p2a: Impaler|23/100\n|\n|-end|p2a: Impaler|move: Future Sight\n|-resisted|p2a: Impaler\n|-end|p2a: Impaler|Substitute\n|-heal|p2a: Impaler|30/100|[from] Grassy Terrain\n|-heal|p2a: Impaler|36/100|[from] item: Leftovers\n|upkeep\n|turn|11\n|\n|t:|1771237591\n|switch|p2a: Calamity|Iron Valiant, shiny|100/100\n|move|p1a: Dragapult|Dragon Darts|p2a: Calamity\n|-immune|p2a: Calamity\n|\n|-fieldend|move: Grassy Terrain\n|upkeep\n|turn|12\n|\n|t:|1771237603\n|switch|p1a: Rillaboom|Rillaboom, F|79/100\n|-fieldstart|move: Grassy Terrain|[from] ability: Grassy Surge|[of] p1a: Rillaboom\n|move|p2a: Calamity|Shadow Ball|p1a: Rillaboom\n|-damage|p1a: Rillaboom|35/100\n|-unboost|p1a: Rillaboom|spd|1\n|\n|-heal|p1a: Rillaboom|41/100|[from] Grassy Terrain\n|upkeep\n|turn|13\n|\n|t:|1771237611\n|switch|p1a: Ting-Lu|Ting-Lu|100/100\n|-ability|p1a: Ting-Lu|Vessel of Ruin\n|move|p2a: Calamity|Shadow Ball|p1a: Ting-Lu\n|-resisted|p1a: Ting-Lu\n|-damage|p1a: Ting-Lu|93/100\n|\n|-heal|p1a: Ting-Lu|99/100|[from] Grassy Terrain\n|-heal|p1a: Ting-Lu|100/100|[from] item: Leftovers\n|upkeep\n|turn|14\n|\n|t:|1771237615\n|-end|p2a: Calamity|Quark Drive|[silent]\n|switch|p2a: Spirit Monger|Ogerpon-Cornerstone, F|100/100\n|move|p1a: Ting-Lu|Spikes|p2a: Spirit Monger\n|-sidestart|p2: Pluto hendrixxx|Spikes\n|\n|upkeep\n|turn|15\n|\n|t:|1771237626\n|switch|p1a: Dragapult|Dragapult, M|100/100\n|move|p2a: Spirit Monger|Power Whip|p1a: Dragapult\n|-resisted|p1a: Dragapult\n|-damage|p1a: Dragapult|35/100\n|\n|-heal|p1a: Dragapult|41/100|[from] Grassy Terrain\n|upkeep\n|turn|16\n|\n|t:|1771237636\n|move|p1a: Dragapult|U-turn|p2a: Spirit Monger\n|-supereffective|p2a: Spirit Monger\n|-damage|p2a: Spirit Monger|4/100\n|\n|t:|1771237650\n|switch|p1a: Heatran|Heatran, M|100/100|[from] U-turn\n|move|p2a: Spirit Monger|Ivy Cudgel|p1a: Heatran|[anim] Ivy Cudgel Rock\n|-damage|p1a: Heatran|65/100\n|\n|-heal|p2a: Spirit Monger|10/100|[from] Grassy Terrain\n|-heal|p1a: Heatran|71/100|[from] Grassy Terrain\n|-heal|p1a: Heatran|77/100|[from] item: Leftovers\n|upkeep\n|turn|17\n|\n|t:|1771237662\n|move|p2a: Spirit Monger|Low Kick|p1a: Heatran\n|-supereffective|p1a: Heatran\n|-damage|p1a: Heatran|17/100\n|move|p1a: Heatran|Lava Plume|p2a: Spirit Monger\n|-damage|p2a: Spirit Monger|0 fnt\n|faint|p2a: Spirit Monger\n|\n|-heal|p1a: Heatran|23/100|[from] Grassy Terrain\n|-heal|p1a: Heatran|29/100|[from] item: Leftovers\n|upkeep\n|\n|t:|1771237666\n|switch|p2a: Impaler|Excadrill, M, shiny|36/100\n|-damage|p2a: Impaler|23/100|[from] Spikes\n|turn|18\n|\n|t:|1771237673\n|move|p2a: Impaler|Rapid Spin|p1a: Heatran\n|-resisted|p1a: Heatran\n|-damage|p1a: Heatran|23/100\n|-boost|p2a: Impaler|spe|1\n|-status|p2a: Impaler|brn|[from] ability: Flame Body|[of] p1a: Heatran\n|-sideend|p2: Pluto hendrixxx|Spikes|[from] move: Rapid Spin|[of] p2a: Impaler\n|move|p1a: Heatran|Lava Plume|p2a: Impaler\n|-supereffective|p2a: Impaler\n|-damage|p2a: Impaler|0 fnt\n|faint|p2a: Impaler\n|\n|-heal|p1a: Heatran|29/100|[from] Grassy Terrain\n|-heal|p1a: Heatran|35/100|[from] item: Leftovers\n|upkeep\n|\n|t:|1771237686\n|switch|p2a: Calamity|Iron Valiant, shiny|100/100\n|turn|19\n|\n|t:|1771237689\n|move|p1a: Heatran|Protect|p1a: Heatran\n|-singleturn|p1a: Heatran|Protect\n|move|p2a: Calamity|Vacuum Wave|p1a: Heatran\n|-activate|p1a: Heatran|move: Protect\n|\n|-heal|p1a: Heatran|42/100|[from] Grassy Terrain\n|-heal|p1a: Heatran|48/100|[from] item: Leftovers\n|-fieldend|move: Grassy Terrain\n|upkeep\n|turn|20\n|\n|t:|1771237698\n|-end|p2a: Calamity|Quark Drive|[silent]\n|switch|p2a: Rex|Tyranitar, M, shiny|100/100\n|-weather|Sandstorm|[from] ability: Sand Stream|[of] p2a: Rex\n|move|p1a: Heatran|Stealth Rock|p2a: Rex\n|-sidestart|p2: Pluto hendrixxx|move: Stealth Rock\n|\n|-weather|Sandstorm|[upkeep]\n|-heal|p1a: Heatran|54/100|[from] item: Leftovers\n|upkeep\n|turn|21\n|\n|t:|1771237724\n|switch|p1a: Rillaboom|Rillaboom, F|41/100\n|-fieldstart|move: Grassy Terrain|[from] ability: Grassy Surge|[of] p1a: Rillaboom\n|move|p2a: Rex|Stealth Rock|p1a: Rillaboom\n|-sidestart|p1: FIREEEE|move: Stealth Rock\n|\n|-weather|Sandstorm|[upkeep]\n|-damage|p1a: Rillaboom|35/100|[from] Sandstorm\n|-heal|p1a: Rillaboom|41/100|[from] Grassy Terrain\n|upkeep\n|turn|22\n|\n|t:|1771237731\n|move|p2a: Rex|Ice Punch|p1a: Rillaboom\n|-supereffective|p1a: Rillaboom\n|-damage|p1a: Rillaboom|0 fnt\n|faint|p1a: Rillaboom\n|\n|-weather|Sandstorm|[upkeep]\n|upkeep\n|\n|t:|1771237745\n|switch|p1a: Dragapult|Dragapult, M|41/100\n|-damage|p1a: Dragapult|29/100|[from] Stealth Rock\n|turn|23\n|\n|t:|1771237754\n|move|p1a: Dragapult|U-turn|p2a: Rex\n|-supereffective|p2a: Rex\n|-damage|p2a: Rex|34/100\n|\n|t:|1771237760\n|switch|p1a: Heatran|Heatran, M|54/100|[from] U-turn\n|-damage|p1a: Heatran|42/100|[from] Stealth Rock\n|move|p2a: Rex|Knock Off|p1a: Heatran\n|-damage|p1a: Heatran|4/100\n|-enditem|p1a: Heatran|Leftovers|[from] move: Knock Off|[of] p2a: Rex\n|\n|-weather|Sandstorm|[upkeep]\n|-heal|p2a: Rex|40/100|[from] Grassy Terrain\n|-heal|p1a: Heatran|10/100|[from] Grassy Terrain\n|upkeep\n|turn|24\n|\n|t:|1771237774\n|move|p2a: Rex|Low Kick|p1a: Heatran\n|-supereffective|p1a: Heatran\n|-damage|p1a: Heatran|0 fnt\n|-status|p2a: Rex|brn|[from] ability: Flame Body|[of] p1a: Heatran\n|faint|p1a: Heatran\n|\n|-weather|Sandstorm|[upkeep]\n|-heal|p2a: Rex|46/100 brn|[from] Grassy Terrain\n|-damage|p2a: Rex|40/100 brn|[from] brn\n|upkeep\n|\n|t:|1771237792\n|switch|p1a: Hatterene|Hatterene, F|100/100\n|-damage|p1a: Hatterene|88/100|[from] Stealth Rock\n|-enditem|p1a: Hatterene|Grassy Seed\n|-boost|p1a: Hatterene|def|1|[from] item: Grassy Seed\n|turn|25\n|\n|t:|1771237797\n|switch|p2a: Serpentine|Toxapex, M, shiny|100/100\n|-damage|p2a: Serpentine|88/100|[from] Stealth Rock\n|move|p1a: Hatterene|Calm Mind|p1a: Hatterene\n|-boost|p1a: Hatterene|spa|1\n|-boost|p1a: Hatterene|spd|1\n|\n|-weather|Sandstorm|[upkeep]\n|-damage|p1a: Hatterene|82/100|[from] Sandstorm\n|-damage|p2a: Serpentine|82/100|[from] Sandstorm\n|-heal|p1a: Hatterene|88/100|[from] Grassy Terrain\n|-heal|p2a: Serpentine|88/100|[from] Grassy Terrain\n|upkeep\n|turn|26\n|\n|t:|1771237800\n|move|p1a: Hatterene|Stored Power|p2a: Serpentine\n|-supereffective|p2a: Serpentine\n|-damage|p2a: Serpentine|16/100\n|move|p2a: Serpentine|Haze|p2a: Serpentine\n|-clearallboost\n|\n|-weather|Sandstorm|[upkeep]\n|-damage|p1a: Hatterene|82/100|[from] Sandstorm\n|-damage|p2a: Serpentine|10/100|[from] Sandstorm\n|-heal|p1a: Hatterene|88/100|[from] Grassy Terrain\n|-heal|p2a: Serpentine|16/100|[from] Grassy Terrain\n|upkeep\n|turn|27\n|j| wuxinshushu1\n|\n|t:|1771237805\n|move|p1a: Hatterene|Calm Mind|p1a: Hatterene\n|-boost|p1a: Hatterene|spa|1\n|-boost|p1a: Hatterene|spd|1\n|move|p2a: Serpentine|Haze|p2a: Serpentine\n|-clearallboost\n|\n|-weather|none\n|-heal|p1a: Hatterene|94/100|[from] Grassy Terrain\n|-heal|p2a: Serpentine|22/100|[from] Grassy Terrain\n|upkeep\n|turn|28\n|\n|t:|1771237815\n|move|p1a: Hatterene|Calm Mind|p1a: Hatterene\n|-boost|p1a: Hatterene|spa|1\n|-boost|p1a: Hatterene|spd|1\n|move|p2a: Serpentine|Recover|p2a: Serpentine\n|-heal|p2a: Serpentine|72/100\n|\n|-heal|p1a: Hatterene|99/100|[from] Grassy Terrain\n|-heal|p2a: Serpentine|78/100|[from] Grassy Terrain\n|-fieldend|move: Grassy Terrain\n|upkeep\n|turn|29\n|\n|t:|1771237819\n|move|p1a: Hatterene|Stored Power|p2a: Serpentine\n|-supereffective|p2a: Serpentine\n|-damage|p2a: Serpentine|26/100\n|move|p2a: Serpentine|Recover|p2a: Serpentine\n|-heal|p2a: Serpentine|76/100\n|\n|upkeep\n|turn|30\n|\n|t:|1771237833\n|move|p1a: Hatterene|Stored Power|p2a: Serpentine\n|-supereffective|p2a: Serpentine\n|-damage|p2a: Serpentine|20/100\n|move|p2a: Serpentine|Haze|p2a: Serpentine\n|-clearallboost\n|\n|upkeep\n|turn|31\n|\n|t:|1771237839\n|move|p1a: Hatterene|Calm Mind|p1a: Hatterene\n|-boost|p1a: Hatterene|spa|1\n|-boost|p1a: Hatterene|spd|1\n|move|p2a: Serpentine|Recover|p2a: Serpentine\n|-heal|p2a: Serpentine|70/100\n|\n|upkeep\n|turn|32\n|\n|t:|1771237846\n|move|p1a: Hatterene|Stored Power|p2a: Serpentine\n|-supereffective|p2a: Serpentine\n|-damage|p2a: Serpentine|11/100\n|move|p2a: Serpentine|Recover|p2a: Serpentine\n|-heal|p2a: Serpentine|61/100\n|\n|upkeep\n|turn|33\n|-message|Pluto hendrixxx forfeited.\n|\n|win|FIREEEE\n|raw|FIREEEE's rating: 1726 &rarr; <strong>1738</strong><br />(+12 for winning)\n|raw|Pluto hendrixxx's rating: 1576 &rarr; <strong>1564</strong><br />(-12 for losing)\n|l|☆Pluto hendrixxx\n|player|p2|\n|l|☆FIREEEE\n|player|p1|\n", "uploadtime": 1771237994, "views": 10, "formatid": "gen9ou", "rating": 1564, "private": 0, "password": null}