{"id": "gen9ou-2540906327", "format": "[Gen 9] OU", "players": ["mizuuuwu", "glass bugle"], "log": "|j|☆mizuuuwu\n|j|☆glass bugle\n|t:|1771265903\n|gametype|singles\n|player|p1|mizuuuwu|lass-gen4dp|1546\n|player|p2|glass bugle|swimmer-gen4dp|1532\n|gen|9\n|tier|[Gen 9] OU\n|rated|\n|rule|HP Percentage Mod: HP is shown in percentages\n|rule|Endless Battle Clause: Forcing endless battles is banned\n|rule|Species Clause: Limit one of each Pokémon\n|rule|OHKO Clause: OHKO moves are banned\n|rule|Evasion Items Clause: Evasion items are banned\n|rule|Evasion Moves Clause: Evasion moves are banned\n|rule|Evasion Abilities Clause: Evasion abilities are banned\n|rule|Sleep Moves Clause: Sleep-inducing moves are banned\n|clearpoke\n|poke|p1|Iron Valiant|\n|poke|p1|Gholdengo|\n|poke|p1|Ting-Lu|\n|poke|p1|Alomomola, M|\n|poke|p1|Dragonite, F|\n|poke|p1|Samurott-Hisui, F|\n|poke|p2|Bronzong|\n|poke|p2|Clodsire, M|\n|poke|p2|Gholdengo|\n|poke|p2|Pecharunt|\n|poke|p2|Chesnaught, M|\n|poke|p2|Weavile, F|\n|teampreview\n|\n|t:|1771265914\n|teamsize|p1|6\n|teamsize|p2|6\n|start\n|switch|p1a: Iron Valiant|Iron Valiant|100/100\n|switch|p2a: Chesnaught|Chesnaught, M|100/100\n|turn|1\n|\n|t:|1771265918\n|switch|p2a: Bronzong|Bronzong|100/100\n|move|p1a: Iron Valiant|Knock Off|p2a: Bronzong\n|-supereffective|p2a: Bronzong\n|-damage|p2a: Bronzong|48/100\n|-enditem|p2a: Bronzong|Leftovers|[from] move: Knock Off|[of] p1a: Iron Valiant\n|\n|upkeep\n|turn|2\n|\n|t:|1771265922\n|-end|p1a: Iron Valiant|Quark Drive|[silent]\n|switch|p1a: Samurott|Samurott-Hisui, F|100/100\n|move|p2a: Bronzong|Stealth Rock|p1a: Samurott\n|-sidestart|p1: mizuuuwu|move: Stealth Rock\n|\n|upkeep\n|turn|3\n|\n|t:|1771265926\n|switch|p2a: Chesnaught|Chesnaught, M|100/100\n|move|p1a: Samurott|Ceaseless Edge|p2a: Chesnaught\n|-resisted|p2a: Chesnaught\n|-damage|p2a: Chesnaught|87/100\n|-damage|p1a: Samurott|84/100|[from] item: Rocky Helmet|[of] p2a: Chesnaught\n|-sidestart|p2: glass bugle|Spikes\n|\n|upkeep\n|turn|4\n|\n|t:|1771265943\n|switch|p1a: Gholdengo|Gholdengo|100/100\n|-damage|p1a: Gholdengo|94/100|[from] Stealth Rock\n|-item|p1a: Gholdengo|Air Balloon\n|move|p2a: Chesnaught|Knock Off|p1a: Gholdengo\n|-supereffective|p1a: Gholdengo\n|-damage|p1a: Gholdengo|44/100\n|-enditem|p1a: Gholdengo|Air Balloon\n|\n|upkeep\n|turn|5\n|\n|t:|1771265952\n|switch|p2a: Clodsire|Clodsire, M|100/100\n|-damage|p2a: Clodsire|88/100|[from] Spikes\n|move|p1a: Gholdengo|Recover|p1a: Gholdengo\n|-heal|p1a: Gholdengo|94/100\n|\n|-heal|p2a: Clodsire|94/100|[from] item: Leftovers\n|upkeep\n|turn|6\n|\n|t:|1771265955\n|switch|p1a: Samurott|Samurott-Hisui, F|84/100\n|move|p2a: Clodsire|Spikes|p1a: Samurott\n|-sidestart|p1: mizuuuwu|Spikes\n|\n|-heal|p2a: Clodsire|100/100|[from] item: Leftovers\n|upkeep\n|turn|7\n|\n|t:|1771265959\n|switch|p2a: Chesnaught|Chesnaught, M|87/100\n|-damage|p2a: Chesnaught|74/100|[from] Spikes\n|move|p1a: Samurott|Ceaseless Edge|p2a: Chesnaught\n|-resisted|p2a: Chesnaught\n|-damage|p2a: Chesnaught|62/100\n|-damage|p1a: Samurott|67/100|[from] item: Rocky Helmet|[of] p2a: Chesnaught\n|-sidestart|p2: glass bugle|Spikes\n|\n|upkeep\n|turn|8\n|\n|t:|1771265965\n|switch|p1a: Gholdengo|Gholdengo|94/100\n|-damage|p1a: Gholdengo|88/100|[from] Stealth Rock\n|-damage|p1a: Gholdengo|76/100|[from] Spikes\n|move|p2a: Chesnaught|Synthesis|p2a: Chesnaught\n|-heal|p2a: Chesnaught|100/100\n|\n|upkeep\n|turn|9\n|\n|t:|1771265974\n|switch|p2a: Clodsire|Clodsire, M|100/100\n|-damage|p2a: Clodsire|84/100|[from] Spikes\n|move|p1a: Gholdengo|Make It Rain|p2a: Clodsire\n|-damage|p2a: Clodsire|48/100\n|-unboost|p1a: Gholdengo|spa|1\n|\n|-heal|p2a: Clodsire|54/100|[from] item: Leftovers\n|upkeep\n|turn|10\n|\n|t:|1771265981\n|move|p1a: Gholdengo|Nasty Plot|p1a: Gholdengo\n|-boost|p1a: Gholdengo|spa|2\n|move|p2a: Clodsire|Recover|p2a: Clodsire\n|-heal|p2a: Clodsire|100/100\n|\n|upkeep\n|turn|11\n|\n|t:|1771265984\n|move|p1a: Gholdengo|Make It Rain|p2a: Clodsire\n|-damage|p2a: Clodsire|64/100\n|-unboost|p1a: Gholdengo|spa|1\n|move|p2a: Clodsire|Earthquake|p1a: Gholdengo\n|-supereffective|p1a: Gholdengo\n|-crit|p1a: Gholdengo\n|-damage|p1a: Gholdengo|0 fnt\n|faint|p1a: Gholdengo\n|\n|-heal|p2a: Clodsire|70/100|[from] item: Leftovers\n|upkeep\n|\n|t:|1771265990\n|switch|p1a: Samurott|Samurott-Hisui, F|67/100\n|turn|12\n|\n|t:|1771265994\n|switch|p1a: Iron Valiant|Iron Valiant|100/100\n|switch|p2a: Chesnaught|Chesnaught, M|100/100\n|-damage|p2a: Chesnaught|84/100|[from] Spikes\n|\n|upkeep\n|turn|13\n|\n|t:|1771265997\n|switch|p2a: Bronzong|Bronzong|48/100\n|move|p1a: Iron Valiant|Knock Off|p2a: Bronzong\n|-supereffective|p2a: Bronzong\n|-damage|p2a: Bronzong|17/100\n|\n|upkeep\n|turn|14\n|\n|t:|1771266000\n|move|p1a: Iron Valiant|Knock Off|p2a: Bronzong\n|-supereffective|p2a: Bronzong\n|-damage|p2a: Bronzong|0 fnt\n|faint|p2a: Bronzong\n|\n|upkeep\n|\n|t:|1771266005\n|switch|p2a: Pecharunt|Pecharunt|100/100\n|turn|15\n|\n|t:|1771266013\n|-end|p1a: Iron Valiant|Quark Drive|[silent]\n|switch|p1a: Dragonite|Dragonite, F|100/100\n|move|p2a: Pecharunt|Malignant Chain|p1a: Dragonite\n|-damage|p1a: Dragonite|85/100\n|\n|upkeep\n|turn|16\n|\n|t:|1771266019\n|move|p1a: Dragonite|Earthquake|p2a: Pecharunt\n|-supereffective|p2a: Pecharunt\n|-damage|p2a: Pecharunt|62/100\n|move|p2a: Pecharunt|Malignant Chain|p1a: Dragonite\n|-damage|p1a: Dragonite|53/100\n|\n|upkeep\n|turn|17\n|\n|t:|1771266027\n|move|p1a: Dragonite|Dragon Dance|p1a: Dragonite\n|-boost|p1a: Dragonite|atk|1\n|-boost|p1a: Dragonite|spe|1\n|move|p2a: Pecharunt|Recover|p2a: Pecharunt\n|-heal|p2a: Pecharunt|100/100\n|\n|upkeep\n|turn|18\n|\n|t:|1771266033\n|move|p1a: Dragonite|Earthquake|p2a: Pecharunt\n|-supereffective|p2a: Pecharunt\n|-damage|p2a: Pecharunt|48/100\n|move|p2a: Pecharunt|Foul Play|p1a: Dragonite\n|-damage|p1a: Dragonite|0 fnt\n|faint|p1a: Dragonite\n|\n|upkeep\n|\n|t:|1771266038\n|switch|p1a: Samurott|Samurott-Hisui, F|67/100\n|turn|19\n|\n|t:|1771266044\n|switch|p2a: Chesnaught|Chesnaught, M|84/100\n|-damage|p2a: Chesnaught|67/100|[from] Spikes\n|move|p1a: Samurott|Sacred Sword|p2a: Chesnaught\n|-damage|p2a: Chesnaught|41/100\n|-damage|p1a: Samurott|51/100|[from] item: Rocky Helmet|[of] p2a: Chesnaught\n|\n|upkeep\n|turn|20\n|\n|t:|1771266049\n|switch|p1a: Iron Valiant|Iron Valiant|100/100\n|move|p2a: Chesnaught|Synthesis|p2a: Chesnaught\n|-heal|p2a: Chesnaught|91/100\n|\n|upkeep\n|turn|21\n|\n|t:|1771266054\n|-end|p1a: Iron Valiant|Quark Drive|[silent]\n|switch|p1a: Samurott|Samurott-Hisui, F|51/100\n|switch|p2a: Pecharunt|Pecharunt|48/100\n|\n|upkeep\n|turn|22\n|\n|t:|1771266060\n|switch|p1a: Alomomola|Alomomola, M|100/100\n|switch|p2a: Chesnaught|Chesnaught, M|91/100\n|-damage|p2a: Chesnaught|74/100|[from] Spikes\n|\n|upkeep\n|turn|23\n|\n|t:|1771266062\n|move|p2a: Chesnaught|Iron Defense|p2a: Chesnaught\n|-boost|p2a: Chesnaught|def|2\n|move|p1a: Alomomola|Wish|p1a: Alomomola\n|\n|upkeep\n|turn|24\n|\n|t:|1771266065\n|move|p2a: Chesnaught|Knock Off|p1a: Alomomola\n|-damage|p1a: Alomomola|87/100\n|-enditem|p1a: Alomomola|Heavy-Duty Boots|[from] move: Knock Off|[of] p2a: Chesnaught\n|move|p1a: Alomomola|Flip Turn|p2a: Chesnaught\n|-resisted|p2a: Chesnaught\n|-damage|p2a: Chesnaught|72/100\n|-damage|p1a: Alomomola|71/100|[from] item: Rocky Helmet|[of] p2a: Chesnaught\n|\n|t:|1771266067\n|switch|p1a: Samurott|Samurott-Hisui, F|51/100|[from] Flip Turn\n|\n|-heal|p1a: Samurott|100/100|[from] move: Wish|[wisher] Alomomola\n|upkeep\n|turn|25\n|\n|t:|1771266070\n|switch|p1a: Iron Valiant|Iron Valiant|100/100\n|move|p2a: Chesnaught|Synthesis|p2a: Chesnaught\n|-heal|p2a: Chesnaught|100/100\n|\n|upkeep\n|turn|26\n|\n|t:|1771266080\n|switch|p2a: Clodsire|Clodsire, M|70/100\n|-damage|p2a: Clodsire|54/100|[from] Spikes\n|move|p1a: Iron Valiant|Moonblast|p2a: Clodsire\n|-resisted|p2a: Clodsire\n|-damage|p2a: Clodsire|41/100\n|-unboost|p2a: Clodsire|spa|1\n|\n|-heal|p2a: Clodsire|47/100|[from] item: Leftovers\n|upkeep\n|turn|27\n|\n|t:|1771266088\n|-end|p1a: Iron Valiant|Quark Drive|[silent]\n|switch|p1a: Samurott|Samurott-Hisui, F|100/100\n|move|p2a: Clodsire|Toxic|p1a: Samurott\n|-status|p1a: Samurott|tox\n|\n|-heal|p2a: Clodsire|53/100|[from] item: Leftovers\n|-damage|p1a: Samurott|94/100 tox|[from] psn\n|upkeep\n|turn|28\n|\n|t:|1771266095\n|switch|p2a: Chesnaught|Chesnaught, M|100/100\n|-damage|p2a: Chesnaught|84/100|[from] Spikes\n|move|p1a: Samurott|Ceaseless Edge|p2a: Chesnaught\n|-resisted|p2a: Chesnaught\n|-damage|p2a: Chesnaught|71/100\n|-damage|p1a: Samurott|78/100 tox|[from] item: Rocky Helmet|[of] p2a: Chesnaught\n|-sidestart|p2: glass bugle|Spikes\n|\n|-damage|p1a: Samurott|65/100 tox|[from] psn\n|upkeep\n|turn|29\n|\n|t:|1771266098\n|switch|p1a: Iron Valiant|Iron Valiant|100/100\n|move|p2a: Chesnaught|Knock Off|p1a: Iron Valiant\n|-resisted|p1a: Iron Valiant\n|-damage|p1a: Iron Valiant|93/100\n|-enditem|p1a: Iron Valiant|Heavy-Duty Boots|[from] move: Knock Off|[of] p2a: Chesnaught\n|\n|upkeep\n|turn|30\n|\n|t:|1771266103\n|switch|p2a: Clodsire|Clodsire, M|53/100\n|-damage|p2a: Clodsire|28/100|[from] Spikes\n|move|p1a: Iron Valiant|Moonblast|p2a: Clodsire\n|-resisted|p2a: Clodsire\n|-damage|p2a: Clodsire|16/100\n|\n|-heal|p2a: Clodsire|23/100|[from] item: Leftovers\n|upkeep\n|turn|31\n|\n|t:|1771266107\n|move|p1a: Iron Valiant|Knock Off|p2a: Clodsire\n|-damage|p2a: Clodsire|0 fnt\n|-enditem|p2a: Clodsire|Leftovers|[from] move: Knock Off|[of] p1a: Iron Valiant\n|faint|p2a: Clodsire\n|\n|upkeep\n|\n|t:|1771266109\n|switch|p2a: Gholdengo|Gholdengo|100/100\n|-item|p2a: Gholdengo|Air Balloon\n|turn|32\n|\n|t:|1771266113\n|-end|p1a: Iron Valiant|Quark Drive|[silent]\n|switch|p1a: Samurott|Samurott-Hisui, F|65/100 tox\n|-terastallize|p2a: Gholdengo|Steel\n|move|p2a: Gholdengo|Make It Rain|p1a: Samurott\n|-resisted|p1a: Samurott\n|-damage|p1a: Samurott|0 fnt\n|-unboost|p2a: Gholdengo|spa|1\n|faint|p1a: Samurott\n|\n|upkeep\n|\n|t:|1771266116\n|switch|p1a: Ting-Lu|Ting-Lu|100/100\n|-ability|p1a: Ting-Lu|Vessel of Ruin\n|turn|33\n|\n|t:|1771266124\n|switch|p2a: Chesnaught|Chesnaught, M|71/100\n|-damage|p2a: Chesnaught|46/100|[from] Spikes\n|move|p1a: Ting-Lu|Ruination|p2a: Chesnaught\n|-damage|p2a: Chesnaught|23/100\n|\n|upkeep\n|turn|34\n|\n|t:|1771266128\n|switch|p1a: Iron Valiant|Iron Valiant|93/100\n|-damage|p1a: Iron Valiant|86/100|[from] Stealth Rock\n|-damage|p1a: Iron Valiant|74/100|[from] Spikes\n|move|p2a: Chesnaught|Synthesis|p2a: Chesnaught\n|-heal|p2a: Chesnaught|73/100\n|\n|upkeep\n|turn|35\n|\n|t:|1771266138\n|switch|p2a: Pecharunt|Pecharunt|48/100\n|move|p1a: Iron Valiant|Moonblast|p2a: Pecharunt\n|-resisted|p2a: Pecharunt\n|-damage|p2a: Pecharunt|25/100\n|\n|upkeep\n|turn|36\n|\n|t:|1771266143\n|move|p1a: Iron Valiant|Knock Off|p2a: Pecharunt\n|-supereffective|p2a: Pecharunt\n|-damage|p2a: Pecharunt|0 fnt\n|-enditem|p2a: Pecharunt|Heavy-Duty Boots|[from] move: Knock Off|[of] p1a: Iron Valiant\n|faint|p2a: Pecharunt\n|\n|upkeep\n|\n|t:|1771266145\n|switch|p2a: Weavile|Weavile, F|100/100\n|-ability|p2a: Weavile|Pressure\n|turn|37\n|\n|t:|1771266150\n|-end|p1a: Iron Valiant|Quark Drive|[silent]\n|switch|p1a: Alomomola|Alomomola, M|100/100\n|-damage|p1a: Alomomola|88/100|[from] Stealth Rock\n|-damage|p1a: Alomomola|76/100|[from] Spikes\n|move|p2a: Weavile|Triple Axel|p1a: Alomomola\n|-resisted|p1a: Alomomola\n|-damage|p1a: Alomomola|73/100\n|-resisted|p1a: Alomomola\n|-damage|p1a: Alomomola|68/100\n|-resisted|p1a: Alomomola\n|-damage|p1a: Alomomola|60/100\n|-hitcount|p1a: Alomomola|3\n|\n|upkeep\n|turn|38\n|\n|t:|1771266152\n|move|p2a: Weavile|Swords Dance|p2a: Weavile\n|-boost|p2a: Weavile|atk|2\n|move|p1a: Alomomola|Wish|p1a: Alomomola\n|\n|upkeep\n|turn|39\n|\n|t:|1771266155\n|move|p2a: Weavile|Swords Dance|p2a: Weavile\n|-boost|p2a: Weavile|atk|2\n|move|p1a: Alomomola|Tickle|p2a: Weavile\n|-unboost|p2a: Weavile|atk|1\n|-unboost|p2a: Weavile|def|1\n|\n|-heal|p1a: Alomomola|100/100|[from] move: Wish|[wisher] Alomomola\n|upkeep\n|turn|40\n|\n|t:|1771266159\n|move|p2a: Weavile|Swords Dance|p2a: Weavile\n|-boost|p2a: Weavile|atk|2\n|move|p1a: Alomomola|Tickle|p2a: Weavile\n|-unboost|p2a: Weavile|atk|1\n|-unboost|p2a: Weavile|def|1\n|\n|upkeep\n|turn|41\n|\n|t:|1771266161\n|move|p2a: Weavile|Knock Off|p1a: Alomomola\n|-damage|p1a: Alomomola|48/100\n|move|p1a: Alomomola|Tickle|p2a: Weavile\n|-unboost|p2a: Weavile|atk|1\n|-unboost|p2a: Weavile|def|1\n|\n|upkeep\n|turn|42\n|\n|t:|1771266166\n|move|p2a: Weavile|Swords Dance|p2a: Weavile\n|-boost|p2a: Weavile|atk|2\n|move|p1a: Alomomola|Flip Turn|p2a: Weavile\n|-damage|p2a: Weavile|30/100\n|\n|t:|1771266168\n|switch|p1a: Iron Valiant|Iron Valiant|74/100|[from] Flip Turn\n|-damage|p1a: Iron Valiant|68/100|[from] Stealth Rock\n|-damage|p1a: Iron Valiant|55/100|[from] Spikes\n|\n|upkeep\n|turn|43\n|\n|t:|1771266174\n|-end|p1a: Iron Valiant|Quark Drive|[silent]\n|switch|p1a: Ting-Lu|Ting-Lu|100/100\n|-ability|p1a: Ting-Lu|Vessel of Ruin\n|move|p2a: Weavile|Triple Axel|p1a: Ting-Lu\n|-supereffective|p1a: Ting-Lu\n|-damage|p1a: Ting-Lu|63/100\n|-hitcount|p1a: Ting-Lu|1\n|\n|upkeep\n|turn|44\n|\n|t:|1771266177\n|move|p2a: Weavile|Triple Axel|p1a: Ting-Lu\n|-supereffective|p1a: Ting-Lu\n|-damage|p1a: Ting-Lu|27/100\n|-supereffective|p1a: Ting-Lu\n|-damage|p1a: Ting-Lu|0 fnt\n|faint|p1a: Ting-Lu\n|-hitcount|p1: Ting-Lu|2\n|\n|upkeep\n|\n|t:|1771266179\n|switch|p1a: Alomomola|Alomomola, M|81/100\n|-damage|p1a: Alomomola|68/100|[from] Stealth Rock\n|-damage|p1a: Alomomola|56/100|[from] Spikes\n|turn|45\n|\n|t:|1771266182\n|move|p2a: Weavile|Knock Off|p1a: Alomomola\n|-damage|p1a: Alomomola|0 fnt\n|faint|p1a: Alomomola\n|\n|upkeep\n|\n|t:|1771266184\n|switch|p1a: Iron Valiant|Iron Valiant|55/100\n|-damage|p1a: Iron Valiant|49/100|[from] Stealth Rock\n|-damage|p1a: Iron Valiant|36/100|[from] Spikes\n|turn|46\n|\n|t:|1771266186\n|move|p2a: Weavile|Ice Shard|p1a: Iron Valiant\n|-damage|p1a: Iron Valiant|0 fnt\n|faint|p1a: Iron Valiant\n|-end|p1a: Iron Valiant|Quark Drive|[silent]\n|\n|win|glass bugle\n|raw|mizuuuwu's rating: 1546 &rarr; <strong>1525</strong><br />(-21 for losing)\n|raw|glass bugle's rating: 1532 &rarr; <strong>1553</strong><br />(+21 for winning)\n|c|☆glass bugle|gg\n|l|☆glass bugle\n|player|p2|\n|c|☆mizuuuwu|gg\n|l|☆mizuuuwu\n|player|p1|\n", "uploadtime": 1771266444, "views": 4, "formatid": "gen9ou", "rating": 1525, "private": 0, "password": null}