{"id": "gen9ou-2540840136", "format": "[Gen 9] OU", "players": ["mickeyb2", "shedtailhater"], "log": "|j|☆mickeyb2\n|j|☆shedtailhater\n|t:|1771259454\n|gametype|singles\n|player|p1|mickeyb2|flint|1629\n|player|p2|shedtailhater|102|1645\n|gen|9\n|tier|[Gen 9] OU\n|rated|\n|rule|HP Percentage Mod: HP is shown in percentages\n|rule|Endless Battle Clause: Forcing endless battles is banned\n|rule|Species Clause: Limit one of each Pokémon\n|rule|OHKO Clause: OHKO moves are banned\n|rule|Evasion Items Clause: Evasion items are banned\n|rule|Evasion Moves Clause: Evasion moves are banned\n|rule|Evasion Abilities Clause: Evasion abilities are banned\n|rule|Sleep Moves Clause: Sleep-inducing moves are banned\n|clearpoke\n|poke|p1|Kyurem|\n|poke|p1|Reuniclus, F|\n|poke|p1|Enamorus, F|\n|poke|p1|Lokix, M|\n|poke|p1|Cinderace, M|\n|poke|p1|Slowking, F|\n|poke|p2|Ting-Lu|\n|poke|p2|Corviknight, F|\n|poke|p2|Darkrai|\n|poke|p2|Cinderace, M|\n|poke|p2|Kyurem|\n|poke|p2|Slowking-Galar, M|\n|teampreview\n|inactive|Battle timer is ON: inactive players will automatically lose when time's up. (requested by shedtailhater)\n|inactive|mickeyb2 also wants the timer to be on.\n|\n|t:|1771259471\n|teamsize|p1|6\n|teamsize|p2|6\n|start\n|switch|p1a: Slowking|Slowking, F|100/100\n|switch|p2a: Cinderace|Cinderace, M|100/100\n|turn|1\n|\n|t:|1771259480\n|move|p2a: Cinderace|U-turn|p1a: Slowking\n|-supereffective|p1a: Slowking\n|-damage|p1a: Slowking|65/100\n|-damage|p2a: Cinderace|84/100|[from] item: Rocky Helmet|[of] p1a: Slowking\n|\n|t:|1771259483\n|switch|p2a: Darkrai|Darkrai|100/100|[from] U-turn\n|-prepare|p1a: Slowking|Chilly Reception|[premajor]\n|move|p1a: Slowking|Chilly Reception|p1a: Slowking\n|-weather|Snowscape\n|\n|t:|1771259485\n|switch|p1a: Kyurem|Kyurem|100/100|[from] Chilly Reception\n|-ability|p1a: Kyurem|Pressure\n|\n|-weather|Snowscape|[upkeep]\n|upkeep\n|turn|2\n|\n|t:|1771259489\n|move|p2a: Darkrai|Trick|p1a: Kyurem\n|-activate|p2a: Darkrai|move: Trick|[of] p1a: Kyurem\n|-item|p1a: Kyurem|Choice Scarf|[from] move: Trick\n|-item|p2a: Darkrai|Assault Vest|[from] move: Trick\n|move|p1a: Kyurem|Scale Shot|p2a: Darkrai\n|-damage|p2a: Darkrai|85/100\n|-damage|p2a: Darkrai|71/100\n|-hitcount|p2a: Darkrai|2\n|-unboost|p1a: Kyurem|def|1\n|-boost|p1a: Kyurem|spe|1\n|\n|-weather|Snowscape|[upkeep]\n|upkeep\n|turn|3\n|\n|t:|1771259494\n|switch|p1a: Cinderace|Cinderace, M|100/100\n|switch|p2a: Corviknight|Corviknight, F|100/100\n|-ability|p2a: Corviknight|Pressure\n|\n|-weather|Snowscape|[upkeep]\n|upkeep\n|turn|4\n|\n|t:|1771259497\n|move|p1a: Cinderace|Flare Blitz|p2a: Corviknight\n|-supereffective|p2a: Corviknight\n|-crit|p2a: Corviknight\n|-damage|p2a: Corviknight|1/100\n|-damage|p1a: Cinderace|84/100|[from] item: Rocky Helmet|[of] p2a: Corviknight\n|-damage|p1a: Cinderace|47/100|[from] Recoil\n|move|p2a: Corviknight|U-turn|p1a: Cinderace\n|-resisted|p1a: Cinderace\n|-damage|p1a: Cinderace|38/100\n|\n|t:|1771259503\n|switch|p2a: Kyurem|Kyurem, shiny|100/100|[from] U-turn\n|-ability|p2a: Kyurem|Pressure\n|\n|-weather|Snowscape|[upkeep]\n|upkeep\n|turn|5\n|inactive|mickeyb2 has 120 seconds left.\n|\n|t:|1771259555\n|move|p2a: Kyurem|Freeze-Dry|p1a: Cinderace\n|-resisted|p1a: Cinderace\n|-damage|p1a: Cinderace|12/100\n|move|p1a: Cinderace|Will-O-Wisp|p2a: Kyurem\n|-status|p2a: Kyurem|brn\n|\n|-weather|none\n|-damage|p2a: Kyurem|94/100 brn|[from] brn\n|upkeep\n|turn|6\n|inactive|shedtailhater has 120 seconds left.\n|\n|t:|1771259612\n|switch|p1a: Reuniclus|Reuniclus, F|100/100\n|move|p2a: Kyurem|Freeze-Dry|p1a: Reuniclus\n|-damage|p1a: Reuniclus|37/100\n|-status|p1a: Reuniclus|frz\n|\n|-damage|p2a: Kyurem|88/100 brn|[from] brn\n|upkeep\n|turn|7\n|\n|t:|1771259617\n|move|p2a: Kyurem|Freeze-Dry|p1a: Reuniclus\n|-damage|p1a: Reuniclus|0 fnt\n|faint|p1a: Reuniclus\n|\n|-damage|p2a: Kyurem|82/100 brn|[from] brn\n|upkeep\n|\n|t:|1771259620\n|switch|p1a: Lokix|Lokix, M|100/100\n|turn|8\n|\n|t:|1771259623\n|switch|p2a: Corviknight|Corviknight, F|1/100\n|-ability|p2a: Corviknight|Pressure\n|move|p1a: Lokix|Leech Life|p2a: Corviknight\n|-resisted|p2a: Corviknight\n|-damage|p2a: Corviknight|0 fnt\n|-damage|p1a: Lokix|84/100|[from] item: Rocky Helmet|[of] p2a: Corviknight\n|faint|p2a: Corviknight\n|\n|-heal|p1a: Lokix|90/100|[from] item: Leftovers\n|upkeep\n|j| Amphi N enjoyer\n|\n|t:|1771259626\n|switch|p2a: Kyurem|Kyurem, shiny|82/100 brn\n|-ability|p2a: Kyurem|Pressure\n|turn|9\n|\n|t:|1771259630\n|move|p2a: Kyurem|Freeze-Dry|p1a: Lokix\n|-damage|p1a: Lokix|0 fnt\n|faint|p1a: Lokix\n|\n|-damage|p2a: Kyurem|76/100 brn|[from] brn\n|upkeep\n|\n|t:|1771259633\n|switch|p1a: Kyurem|Kyurem|100/100\n|-ability|p1a: Kyurem|Pressure\n|turn|10\n|\n|t:|1771259637\n|switch|p2a: Ting-Lu|Ting-Lu|100/100\n|-ability|p2a: Ting-Lu|Vessel of Ruin\n|move|p1a: Kyurem|Flash Cannon|p2a: Ting-Lu\n|-damage|p2a: Ting-Lu|89/100\n|\n|-heal|p2a: Ting-Lu|96/100|[from] item: Leftovers\n|upkeep\n|turn|11\n|\n|t:|1771259642\n|switch|p1a: Slowking|Slowking, F|98/100\n|move|p2a: Ting-Lu|Stealth Rock|p1a: Slowking\n|-sidestart|p1: mickeyb2|move: Stealth Rock\n|\n|-heal|p2a: Ting-Lu|100/100|[from] item: Leftovers\n|upkeep\n|turn|12\n|c|☆mickeyb2|scarf switch was very rude\n|\n|t:|1771259648\n|switch|p2a: Slowking|Slowking-Galar, M|100/100\n|move|p1a: Slowking|Scald|p2a: Slowking\n|-damage|p2a: Slowking|77/100\n|\n|upkeep\n|turn|13\n|\n|t:|1771259652\n|move|p2a: Slowking|Sludge Bomb|p1a: Slowking\n|-damage|p1a: Slowking|68/100\n|move|p1a: Slowking|Future Sight|p2a: Slowking\n|-start|p1a: Slowking|move: Future Sight\n|\n|upkeep\n|turn|14\n|\n|t:|1771259658\n|move|p1a: Slowking|Scald|p2a: Slowking\n|-damage|p2a: Slowking|56/100\n|-status|p2a: Slowking|brn\n|move|p2a: Slowking|Sludge Bomb|p1a: Slowking\n|-damage|p1a: Slowking|38/100\n|-status|p1a: Slowking|psn\n|\n|-damage|p1a: Slowking|26/100 psn|[from] psn\n|-damage|p2a: Slowking|50/100 brn|[from] brn\n|upkeep\n|turn|15\n|\n|t:|1771259662\n|move|p1a: Slowking|Scald|p2a: Slowking\n|-damage|p2a: Slowking|26/100 brn\n|-prepare|p2a: Slowking|Chilly Reception|[premajor]\n|move|p2a: Slowking|Chilly Reception|p2a: Slowking\n|-weather|Snowscape\n|\n|t:|1771259664\n|switch|p2a: Ting-Lu|Ting-Lu|100/100|[from] Chilly Reception\n|-ability|p2a: Ting-Lu|Vessel of Ruin\n|\n|-weather|Snowscape|[upkeep]\n|-end|p2a: Ting-Lu|move: Future Sight\n|-immune|p2a: Ting-Lu\n|-damage|p1a: Slowking|13/100 psn|[from] psn\n|upkeep\n|turn|16\n|\n|t:|1771259669\n|move|p2a: Ting-Lu|Ruination|p1a: Slowking\n|-damage|p1a: Slowking|7/100 psn\n|move|p1a: Slowking|Future Sight|p2a: Ting-Lu\n|-start|p1a: Slowking|move: Future Sight\n|\n|-weather|Snowscape|[upkeep]\n|-damage|p1a: Slowking|0 fnt|[from] psn\n|faint|p1a: Slowking\n|upkeep\n|\n|t:|1771259672\n|switch|p1a: Enamorus|Enamorus, F|100/100\n|-damage|p1a: Enamorus|76/100|[from] Stealth Rock\n|turn|17\n|\n|t:|1771259676\n|move|p1a: Enamorus|Superpower|p2a: Ting-Lu\n|-supereffective|p2a: Ting-Lu\n|-damage|p2a: Ting-Lu|60/100\n|-boost|p1a: Enamorus|atk|1\n|-boost|p1a: Enamorus|def|1\n|move|p2a: Ting-Lu|Whirlwind|p1a: Enamorus\n|drag|p1a: Cinderace|Cinderace, M|12/100\n|\n|-weather|Snowscape|[upkeep]\n|-heal|p2a: Ting-Lu|66/100|[from] item: Leftovers\n|upkeep\n|turn|18\n|\n|t:|1771259683\n|move|p1a: Cinderace|Court Change|p1a: Cinderace\n|-start|p1a: Cinderace|typechange|Normal|[from] ability: Libero\n|-swapsideconditions\n|-activate|p1a: Cinderace|move: Court Change\n|move|p2a: Ting-Lu|Earthquake|p1a: Cinderace\n|-damage|p1a: Cinderace|0 fnt\n|faint|p1a: Cinderace\n|\n|-weather|Snowscape|[upkeep]\n|-end|p2a: Ting-Lu|move: Future Sight\n|-immune|p2a: Ting-Lu\n|-heal|p2a: Ting-Lu|72/100|[from] item: Leftovers\n|upkeep\n|\n|t:|1771259686\n|switch|p1a: Kyurem|Kyurem|100/100\n|-ability|p1a: Kyurem|Pressure\n|turn|19\n|\n|t:|1771259690\n|move|p1a: Kyurem|Freeze-Dry|p2a: Ting-Lu\n|-supereffective|p2a: Ting-Lu\n|-damage|p2a: Ting-Lu|40/100\n|move|p2a: Ting-Lu|Ruination|p1a: Kyurem\n|-damage|p1a: Kyurem|51/100\n|\n|-weather|none\n|-heal|p2a: Ting-Lu|46/100|[from] item: Leftovers\n|upkeep\n|turn|20\n|\n|t:|1771259696\n|switch|p2a: Cinderace|Cinderace, M|84/100\n|move|p1a: Kyurem|Freeze-Dry|p2a: Cinderace\n|-resisted|p2a: Cinderace\n|-damage|p2a: Cinderace|61/100\n|\n|upkeep\n|turn|21\n|\n|t:|1771259698\n|move|p1a: Kyurem|Freeze-Dry|p2a: Cinderace\n|-resisted|p2a: Cinderace\n|-damage|p2a: Cinderace|38/100\n|move|p2a: Cinderace|Court Change|p2a: Cinderace\n|-swapsideconditions\n|-activate|p2a: Cinderace|move: Court Change\n|\n|upkeep\n|turn|22\n|\n|t:|1771259701\n|move|p1a: Kyurem|Freeze-Dry|p2a: Cinderace\n|-resisted|p2a: Cinderace\n|-damage|p2a: Cinderace|16/100\n|move|p2a: Cinderace|Pyro Ball|p1a: Kyurem\n|-damage|p1a: Kyurem|0 fnt\n|faint|p1a: Kyurem\n|\n|upkeep\n|\n|t:|1771259703\n|switch|p1a: Enamorus|Enamorus, F|76/100\n|-damage|p1a: Enamorus|51/100|[from] Stealth Rock\n|turn|23\n|\n|t:|1771259704\n|move|p2a: Cinderace|Pyro Ball|p1a: Enamorus\n|-damage|p1a: Enamorus|0 fnt\n|faint|p1a: Enamorus\n|\n|win|shedtailhater\n|raw|mickeyb2's rating: 1648 &rarr; <strong>1628</strong><br />(-20 for losing)\n|raw|shedtailhater's rating: 1645 &rarr; <strong>1665</strong><br />(+20 for winning)\n|l|☆shedtailhater\n|player|p2|\n|c|☆mickeyb2|congrats\n|l|☆mickeyb2\n|player|p1|\n", "uploadtime": 1771259856, "views": 5, "formatid": "gen9ou", "rating": 1628, "private": 0, "password": null}