{"id": "gen9ou-2540729239", "format": "[Gen 9] OU", "players": ["PIando", "zarross"], "log": "|j|☆PIando\n|j|☆zarross\n|t:|1771246808\n|gametype|singles\n|player|p1|PIando|hugh|1632\n|player|p2|zarross|plumeria|1715\n|gen|9\n|tier|[Gen 9] OU\n|rated|\n|rule|HP Percentage Mod: HP is shown in percentages\n|rule|Endless Battle Clause: Forcing endless battles is banned\n|rule|Species Clause: Limit one of each Pokémon\n|rule|OHKO Clause: OHKO moves are banned\n|rule|Evasion Items Clause: Evasion items are banned\n|rule|Evasion Moves Clause: Evasion moves are banned\n|rule|Evasion Abilities Clause: Evasion abilities are banned\n|rule|Sleep Moves Clause: Sleep-inducing moves are banned\n|clearpoke\n|poke|p1|Garganacl, M|\n|poke|p1|Darkrai|\n|poke|p1|Great Tusk|\n|poke|p1|Hatterene, F|\n|poke|p1|Tornadus-Therian, M|\n|poke|p1|Dragonite, M|\n|poke|p2|Dondozo, F|\n|poke|p2|Gliscor, F|\n|poke|p2|Weezing-Galar, M|\n|poke|p2|Blissey, F|\n|poke|p2|Corviknight, F|\n|poke|p2|Amoonguss, F|\n|teampreview\n|inactive|Battle timer is ON: inactive players will automatically lose when time's up. (requested by zarross)\n|\n|t:|1771246820\n|teamsize|p1|6\n|teamsize|p2|6\n|start\n|switch|p1a: Garganacl|Garganacl, M|100/100\n|switch|p2a: Gliscor|Gliscor, F|100/100\n|turn|1\n|\n|t:|1771246829\n|move|p2a: Gliscor|Knock Off|p1a: Garganacl\n|-damage|p1a: Garganacl|86/100\n|-enditem|p1a: Garganacl|Leftovers|[from] move: Knock Off|[of] p2a: Gliscor\n|move|p1a: Garganacl|Salt Cure|p2a: Gliscor\n|-damage|p2a: Gliscor|92/100\n|-start|p2a: Gliscor|Salt Cure\n|\n|-damage|p2a: Gliscor|79/100|[from] Salt Cure\n|-status|p2a: Gliscor|tox|[from] item: Toxic Orb\n|upkeep\n|turn|2\n|\n|t:|1771246833\n|move|p2a: Gliscor|Knock Off|p1a: Garganacl\n|-damage|p1a: Garganacl|77/100\n|move|p1a: Garganacl|Stealth Rock|p2a: Gliscor\n|-sidestart|p2: zarross|move: Stealth Rock\n|\n|-heal|p2a: Gliscor|92/100 tox|[from] ability: Poison Heal\n|-damage|p2a: Gliscor|79/100 tox|[from] Salt Cure\n|upkeep\n|turn|3\n|\n|t:|1771246837\n|move|p2a: Gliscor|Knock Off|p1a: Garganacl\n|-damage|p1a: Garganacl|67/100\n|move|p1a: Garganacl|Salt Cure|p2a: Gliscor\n|-damage|p2a: Gliscor|71/100 tox\n|\n|-heal|p2a: Gliscor|83/100 tox|[from] ability: Poison Heal\n|-damage|p2a: Gliscor|71/100 tox|[from] Salt Cure\n|upkeep\n|turn|4\n|\n|t:|1771246840\n|move|p2a: Gliscor|Stealth Rock|p1a: Garganacl\n|-sidestart|p1: PIando|move: Stealth Rock\n|move|p1a: Garganacl|Recover|p1a: Garganacl\n|-heal|p1a: Garganacl|100/100\n|\n|-heal|p2a: Gliscor|83/100 tox|[from] ability: Poison Heal\n|-damage|p2a: Gliscor|71/100 tox|[from] Salt Cure\n|upkeep\n|turn|5\n|\n|t:|1771246845\n|switch|p2a: Amoonguss|Amoonguss, F, shiny|100/100\n|-damage|p2a: Amoonguss|88/100|[from] Stealth Rock\n|move|p1a: Garganacl|Salt Cure|p2a: Amoonguss\n|-damage|p2a: Amoonguss|73/100\n|-start|p2a: Amoonguss|Salt Cure\n|\n|-damage|p2a: Amoonguss|61/100|[from] Salt Cure\n|upkeep\n|turn|6\n|\n|t:|1771246851\n|switch|p2a: Weezing|Weezing-Galar, M|100/100\n|-ability|p2a: Weezing|Neutralizing Gas\n|move|p1a: Garganacl|Salt Cure|p2a: Weezing\n|-damage|p2a: Weezing|91/100\n|-start|p2a: Weezing|Salt Cure\n|\n|-damage|p2a: Weezing|79/100|[from] Salt Cure\n|upkeep\n|turn|7\n|\n|t:|1771246855\n|move|p1a: Garganacl|Protect|p1a: Garganacl\n|-singleturn|p1a: Garganacl|Protect\n|move|p2a: Weezing|Will-O-Wisp|p1a: Garganacl\n|-activate|p1a: Garganacl|move: Protect\n|\n|-damage|p2a: Weezing|67/100|[from] Salt Cure\n|upkeep\n|turn|8\n|\n|t:|1771246866\n|switch|p1a: Hatterene|Hatterene, F|100/100\n|-damage|p1a: Hatterene|88/100|[from] Stealth Rock\n|move|p2a: Weezing|Will-O-Wisp|p1a: Hatterene\n|-status|p1a: Hatterene|brn\n|\n|-damage|p1a: Hatterene|82/100 brn|[from] brn\n|-damage|p2a: Weezing|54/100|[from] Salt Cure\n|upkeep\n|turn|9\n|\n|t:|1771246872\n|-end|p2a: Weezing|ability: Neutralizing Gas\n|switch|p2a: Corviknight|Corviknight, F, shiny|100/100\n|-damage|p2a: Corviknight|88/100|[from] Stealth Rock\n|-ability|p2a: Corviknight|Pressure\n|move|p1a: Hatterene|Future Sight|p2a: Corviknight\n|-start|p1a: Hatterene|move: Future Sight\n|\n|-heal|p2a: Corviknight|94/100|[from] item: Leftovers\n|-damage|p1a: Hatterene|76/100 brn|[from] brn\n|upkeep\n|turn|10\n|\n|t:|1771246877\n|move|p2a: Corviknight|Iron Head|p1a: Hatterene\n|-supereffective|p1a: Hatterene\n|-damage|p1a: Hatterene|30/100 brn\n|-damage|p2a: Corviknight|78/100|[from] item: Rocky Helmet|[of] p1a: Hatterene\n|cant|p1a: Hatterene|flinch\n|\n|-heal|p2a: Corviknight|84/100|[from] item: Leftovers\n|-damage|p1a: Hatterene|24/100 brn|[from] brn\n|upkeep\n|turn|11\n|\n|t:|1771246888\n|switch|p1a: Darkrai|Darkrai|100/100\n|-damage|p1a: Darkrai|88/100|[from] Stealth Rock\n|move|p2a: Corviknight|Iron Head|p1a: Darkrai\n|-damage|p1a: Darkrai|50/100\n|\n|-end|p2a: Corviknight|move: Future Sight\n|-resisted|p2a: Corviknight\n|-damage|p2a: Corviknight|65/100\n|-heal|p2a: Corviknight|71/100|[from] item: Leftovers\n|upkeep\n|turn|12\n|\n|t:|1771246893\n|move|p2a: Corviknight|Protect|p2a: Corviknight\n|-singleturn|p2a: Corviknight|Protect\n|move|p1a: Darkrai|Dark Pulse|p2a: Corviknight\n|-activate|p2a: Corviknight|move: Protect\n|\n|-heal|p2a: Corviknight|77/100|[from] item: Leftovers\n|upkeep\n|turn|13\n|\n|t:|1771246896\n|switch|p1a: Great Tusk|Great Tusk|100/100\n|-damage|p1a: Great Tusk|98/100|[from] Stealth Rock\n|-enditem|p1a: Great Tusk|Booster Energy\n|-activate|p1a: Great Tusk|ability: Protosynthesis|[fromitem]\n|-start|p1a: Great Tusk|protosynthesisatk\n|switch|p2a: Flesh Tutu|Blissey, F, shiny|100/100\n|\n|upkeep\n|turn|14\n|\n|t:|1771246909\n|switch|p2a: Gliscor|Gliscor, F|71/100 tox\n|-damage|p2a: Gliscor|58/100 tox|[from] Stealth Rock\n|move|p1a: Great Tusk|Close Combat|p2a: Gliscor\n|-resisted|p2a: Gliscor\n|-damage|p2a: Gliscor|33/100 tox\n|-unboost|p1a: Great Tusk|def|1\n|-unboost|p1a: Great Tusk|spd|1\n|\n|-heal|p2a: Gliscor|46/100 tox|[from] ability: Poison Heal\n|upkeep\n|turn|15\n|\n|t:|1771246915\n|move|p2a: Gliscor|Protect|p2a: Gliscor\n|-singleturn|p2a: Gliscor|Protect\n|move|p1a: Great Tusk|Ice Spinner|p2a: Gliscor\n|-activate|p2a: Gliscor|move: Protect\n|\n|-heal|p2a: Gliscor|58/100 tox|[from] ability: Poison Heal\n|upkeep\n|turn|16\n|\n|t:|1771246929\n|-terastallize|p2a: Gliscor|Ghost\n|move|p1a: Great Tusk|Close Combat|p2a: Gliscor\n|-immune|p2a: Gliscor\n|move|p2a: Gliscor|Toxic|p1a: Great Tusk\n|-status|p1a: Great Tusk|tox\n|\n|-damage|p1a: Great Tusk|91/100 tox|[from] psn\n|-heal|p2a: Gliscor|71/100 tox|[from] ability: Poison Heal\n|upkeep\n|turn|17\n|\n|t:|1771246936\n|move|p2a: Gliscor|Protect|p2a: Gliscor\n|-singleturn|p2a: Gliscor|Protect\n|move|p1a: Great Tusk|Headlong Rush|p2a: Gliscor\n|-activate|p2a: Gliscor|move: Protect\n|\n|-damage|p1a: Great Tusk|79/100 tox|[from] psn\n|-heal|p2a: Gliscor|83/100 tox|[from] ability: Poison Heal\n|upkeep\n|turn|18\n|\n|t:|1771246945\n|move|p1a: Great Tusk|Close Combat|p2a: Gliscor\n|-immune|p2a: Gliscor\n|move|p2a: Gliscor|Knock Off|p1a: Great Tusk\n|-resisted|p1a: Great Tusk\n|-damage|p1a: Great Tusk|71/100 tox\n|\n|-damage|p1a: Great Tusk|52/100 tox|[from] psn\n|-heal|p2a: Gliscor|96/100 tox|[from] ability: Poison Heal\n|upkeep\n|turn|19\n|\n|t:|1771246951\n|-end|p1a: Great Tusk|Protosynthesis|[silent]\n|switch|p1a: Garganacl|Garganacl, M|100/100\n|-damage|p1a: Garganacl|88/100|[from] Stealth Rock\n|move|p2a: Gliscor|Knock Off|p1a: Garganacl\n|-damage|p1a: Garganacl|77/100\n|\n|-heal|p2a: Gliscor|100/100 tox|[from] ability: Poison Heal\n|upkeep\n|turn|20\n|\n|t:|1771246959\n|switch|p2a: Amoonguss|Amoonguss, F, shiny|94/100\n|-damage|p2a: Amoonguss|82/100|[from] Stealth Rock\n|move|p1a: Garganacl|Salt Cure|p2a: Amoonguss\n|-damage|p2a: Amoonguss|67/100\n|-start|p2a: Amoonguss|Salt Cure\n|\n|-damage|p2a: Amoonguss|55/100|[from] Salt Cure\n|upkeep\n|turn|21\n|\n|t:|1771246963\n|move|p1a: Garganacl|Salt Cure|p2a: Amoonguss\n|-damage|p2a: Amoonguss|41/100\n|move|p2a: Amoonguss|Seed Bomb|p1a: Garganacl\n|-supereffective|p1a: Garganacl\n|-damage|p1a: Garganacl|46/100\n|\n|-damage|p2a: Amoonguss|28/100|[from] Salt Cure\n|upkeep\n|turn|22\n|\n|t:|1771246970\n|switch|p2a: Weezing|Weezing-Galar, M|54/100\n|-ability|p2a: Weezing|Neutralizing Gas\n|move|p1a: Garganacl|Salt Cure|p2a: Weezing\n|-damage|p2a: Weezing|44/100\n|-start|p2a: Weezing|Salt Cure\n|\n|-damage|p2a: Weezing|32/100|[from] Salt Cure\n|upkeep\n|turn|23\n|\n|t:|1771246976\n|move|p1a: Garganacl|Protect|p1a: Garganacl\n|-singleturn|p1a: Garganacl|Protect\n|move|p2a: Weezing|Will-O-Wisp|p1a: Garganacl\n|-activate|p1a: Garganacl|move: Protect\n|\n|-damage|p2a: Weezing|19/100|[from] Salt Cure\n|upkeep\n|turn|24\n|\n|t:|1771246988\n|-end|p2a: Weezing|ability: Neutralizing Gas\n|switch|p2a: Amoonguss|Amoonguss, F, shiny|62/100\n|-damage|p2a: Amoonguss|49/100|[from] Stealth Rock\n|move|p1a: Garganacl|Salt Cure|p2a: Amoonguss\n|-damage|p2a: Amoonguss|33/100\n|-start|p2a: Amoonguss|Salt Cure\n|\n|-damage|p2a: Amoonguss|21/100|[from] Salt Cure\n|upkeep\n|turn|25\n|\n|t:|1771246999\n|switch|p2a: Gliscor|Gliscor, F, tera:Ghost|100/100 tox\n|-damage|p2a: Gliscor|88/100 tox|[from] Stealth Rock\n|move|p1a: Garganacl|Protect||[still]\n|-fail|p1a: Garganacl\n|\n|-heal|p2a: Gliscor|100/100 tox|[from] ability: Poison Heal\n|upkeep\n|turn|26\n|\n|t:|1771247007\n|move|p2a: Gliscor|Knock Off|p1a: Garganacl\n|-damage|p1a: Garganacl|35/100\n|move|p1a: Garganacl|Recover|p1a: Garganacl\n|-heal|p1a: Garganacl|85/100\n|\n|upkeep\n|turn|27\n|\n|t:|1771247013\n|move|p2a: Gliscor|Knock Off|p1a: Garganacl\n|-damage|p1a: Garganacl|75/100\n|move|p1a: Garganacl|Salt Cure|p2a: Gliscor\n|-damage|p2a: Gliscor|92/100 tox\n|-start|p2a: Gliscor|Salt Cure\n|\n|-heal|p2a: Gliscor|100/100 tox|[from] ability: Poison Heal\n|-damage|p2a: Gliscor|88/100 tox|[from] Salt Cure\n|upkeep\n|turn|28\n|\n|t:|1771247020\n|move|p2a: Gliscor|Knock Off|p1a: Garganacl\n|-damage|p1a: Garganacl|66/100\n|move|p1a: Garganacl|Salt Cure|p2a: Gliscor\n|-damage|p2a: Gliscor|79/100 tox\n|\n|-heal|p2a: Gliscor|92/100 tox|[from] ability: Poison Heal\n|-damage|p2a: Gliscor|79/100 tox|[from] Salt Cure\n|upkeep\n|turn|29\n|\n|t:|1771247026\n|switch|p2a: Flesh Tutu|Blissey, F, shiny|100/100\n|move|p1a: Garganacl|Recover|p1a: Garganacl\n|-heal|p1a: Garganacl|100/100\n|\n|upkeep\n|turn|30\n|\n|t:|1771247034\n|move|p2a: Flesh Tutu|Seismic Toss|p1a: Garganacl\n|-damage|p1a: Garganacl|76/100\n|move|p1a: Garganacl|Salt Cure|p2a: Flesh Tutu\n|-damage|p2a: Flesh Tutu|80/100\n|-start|p2a: Flesh Tutu|Salt Cure\n|\n|-damage|p2a: Flesh Tutu|68/100|[from] Salt Cure\n|upkeep\n|turn|31\n|\n|t:|1771247046\n|switch|p1a: Dragonite|Dragonite, M|100/100\n|-damage|p1a: Dragonite|76/100|[from] Stealth Rock\n|move|p2a: Flesh Tutu|Seismic Toss|p1a: Dragonite\n|-damage|p1a: Dragonite|48/100\n|\n|-damage|p2a: Flesh Tutu|56/100|[from] Salt Cure\n|upkeep\n|turn|32\n|\n|t:|1771247052\n|switch|p2a: Corviknight|Corviknight, F, shiny|77/100\n|-damage|p2a: Corviknight|65/100|[from] Stealth Rock\n|-ability|p2a: Corviknight|Pressure\n|move|p1a: Dragonite|Roost|p1a: Dragonite\n|-heal|p1a: Dragonite|98/100\n|-singleturn|p1a: Dragonite|move: Roost\n|\n|-heal|p2a: Corviknight|71/100|[from] item: Leftovers\n|upkeep\n|turn|33\n|\n|t:|1771247066\n|switch|p1a: Darkrai|Darkrai|50/100\n|-damage|p1a: Darkrai|37/100|[from] Stealth Rock\n|move|p2a: Corviknight|Roost|p2a: Corviknight\n|-heal|p2a: Corviknight|100/100\n|-singleturn|p2a: Corviknight|move: Roost\n|\n|upkeep\n|turn|34\n|\n|t:|1771247071\n|move|p2a: Corviknight|Protect|p2a: Corviknight\n|-singleturn|p2a: Corviknight|Protect\n|move|p1a: Darkrai|Dark Pulse|p2a: Corviknight\n|-activate|p2a: Corviknight|move: Protect\n|\n|upkeep\n|turn|35\n|\n|t:|1771247074\n|switch|p2a: Flesh Tutu|Blissey, F, shiny|56/100\n|move|p1a: Darkrai|Dark Pulse|p2a: Flesh Tutu\n|-damage|p2a: Flesh Tutu|35/100\n|\n|upkeep\n|turn|36\n|\n|t:|1771247079\n|move|p1a: Darkrai|Dark Pulse|p2a: Flesh Tutu\n|-damage|p2a: Flesh Tutu|17/100\n|cant|p2a: Flesh Tutu|flinch\n|\n|upkeep\n|turn|37\n|\n|t:|1771247084\n|move|p1a: Darkrai|Dark Pulse|p2a: Flesh Tutu\n|-damage|p2a: Flesh Tutu|0 fnt\n|faint|p2a: Flesh Tutu\n|\n|upkeep\n|\n|t:|1771247087\n|switch|p2a: Corviknight|Corviknight, F, shiny|100/100\n|-damage|p2a: Corviknight|88/100|[from] Stealth Rock\n|-ability|p2a: Corviknight|Pressure\n|turn|38\n|\n|t:|1771247090\n|move|p1a: Darkrai|Dark Pulse|p2a: Corviknight\n|-damage|p2a: Corviknight|44/100\n|cant|p2a: Corviknight|flinch\n|\n|-heal|p2a: Corviknight|50/100|[from] item: Leftovers\n|upkeep\n|turn|39\n|\n|t:|1771247093\n|move|p2a: Corviknight|Protect|p2a: Corviknight\n|-singleturn|p2a: Corviknight|Protect\n|move|p1a: Darkrai|Dark Pulse|p2a: Corviknight\n|-activate|p2a: Corviknight|move: Protect\n|\n|-heal|p2a: Corviknight|56/100|[from] item: Leftovers\n|upkeep\n|turn|40\n|\n|t:|1771247095\n|move|p1a: Darkrai|Dark Pulse|p2a: Corviknight\n|-damage|p2a: Corviknight|13/100\n|move|p2a: Corviknight|Roost|p2a: Corviknight\n|-heal|p2a: Corviknight|63/100\n|-singleturn|p2a: Corviknight|move: Roost\n|\n|-heal|p2a: Corviknight|69/100|[from] item: Leftovers\n|upkeep\n|turn|41\n|\n|t:|1771247100\n|move|p2a: Corviknight|Protect|p2a: Corviknight\n|-singleturn|p2a: Corviknight|Protect\n|move|p1a: Darkrai|Dark Pulse|p2a: Corviknight\n|-activate|p2a: Corviknight|move: Protect\n|\n|-heal|p2a: Corviknight|75/100|[from] item: Leftovers\n|upkeep\n|turn|42\n|\n|t:|1771247103\n|move|p1a: Darkrai|Dark Pulse|p2a: Corviknight\n|-damage|p2a: Corviknight|26/100\n|move|p2a: Corviknight|Iron Head|p1a: Darkrai\n|-damage|p1a: Darkrai|3/100\n|\n|-heal|p2a: Corviknight|32/100|[from] item: Leftovers\n|upkeep\n|turn|43\n|\n|t:|1771247108\n|move|p2a: Corviknight|Protect|p2a: Corviknight\n|-singleturn|p2a: Corviknight|Protect\n|move|p1a: Darkrai|Dark Pulse|p2a: Corviknight\n|-activate|p2a: Corviknight|move: Protect\n|\n|-heal|p2a: Corviknight|38/100|[from] item: Leftovers\n|upkeep\n|turn|44\n|\n|t:|1771247113\n|switch|p2a: Weezing|Weezing-Galar, M|19/100\n|-ability|p2a: Weezing|Neutralizing Gas\n|move|p1a: Darkrai|Dark Pulse|p2a: Weezing\n|-resisted|p2a: Weezing\n|-damage|p2a: Weezing|0 fnt\n|faint|p2a: Weezing\n|-end|p2a: Weezing|ability: Neutralizing Gas\n|\n|upkeep\n|\n|t:|1771247115\n|switch|p2a: Amoonguss|Amoonguss, F, shiny|54/100\n|-damage|p2a: Amoonguss|42/100|[from] Stealth Rock\n|turn|45\n|\n|t:|1771247119\n|move|p1a: Darkrai|Dark Pulse|p2a: Amoonguss\n|-damage|p2a: Amoonguss|11/100\n|cant|p2a: Amoonguss|flinch\n|\n|upkeep\n|turn|46\n|-message|zarross forfeited.\n|\n|win|PIando\n|raw|PIando's rating: 1632 &rarr; <strong>1657</strong><br />(+25 for winning)\n|raw|zarross's rating: 1715 &rarr; <strong>1690</strong><br />(-25 for losing)\n|l|☆zarross\n|player|p2|\n", "uploadtime": 1771247129, "views": 7, "formatid": "gen9ou", "rating": 1657, "private": 0, "password": null}