{"id": "gen9ou-2639310695", "format": "[Gen 9] OU", "players": ["CasualTrainerName", "thepeakmons"], "log": "|j|☆CasualTrainerName\n|j|☆thepeakmons\n|t:|1782450630\n|gametype|singles\n|player|p1|CasualTrainerName|265|1284\n|player|p2|thepeakmons|101|1313\n|gen|9\n|tier|[Gen 9] OU\n|rated|\n|rule|HP Percentage Mod: HP is shown in percentages\n|rule|Endless Battle Clause: Forcing endless battles is banned\n|rule|Species Clause: Limit one of each Pokémon\n|rule|OHKO Clause: OHKO moves are banned\n|rule|Evasion Items Clause: Evasion items are banned\n|rule|Evasion Moves Clause: Evasion moves are banned\n|rule|Evasion Abilities Clause: Evasion abilities are banned\n|rule|Sleep Moves Clause: Sleep-inducing moves are banned\n|clearpoke\n|poke|p1|Cramorant, M|\n|poke|p1|Iron Treads|\n|poke|p1|Ninetales-Alola, F|\n|poke|p1|Glimmora, F|\n|poke|p1|Iron Boulder|\n|poke|p1|Raging Bolt|\n|poke|p2|Gliscor, F|\n|poke|p2|Gholdengo|\n|poke|p2|Zamazenta-*|\n|poke|p2|Blissey, F|\n|poke|p2|Skarmory, F|\n|poke|p2|Pecharunt|\n|teampreview\n|inactive|Battle timer is ON: inactive players will automatically lose when time's up. (requested by CasualTrainerName)\n|\n|t:|1782450651\n|teamsize|p1|6\n|teamsize|p2|6\n|start\n|switch|p1a: Ninetales|Ninetales-Alola, F|100/100\n|switch|p2a: Skarmory|Skarmory, F|100/100\n|-weather|Snowscape|[from] ability: Snow Warning|[of] p1a: Ninetales\n|turn|1\n|inactive|thepeakmons also wants the timer to be on.\n|inactive|thepeakmons has 120 seconds left.\n|\n|t:|1782450696\n|switch|p2a: Zamazenta|Zamazenta|100/100\n|-ability|p2a: Zamazenta|Dauntless Shield|boost\n|-boost|p2a: Zamazenta|def|1\n|move|p1a: Ninetales|Aurora Veil|p1a: Ninetales\n|-sidestart|p1: CasualTrainerName|move: Aurora Veil\n|\n|-weather|Snowscape|[upkeep]\n|upkeep\n|turn|2\n|\n|t:|1782450720\n|move|p2a: Zamazenta|Heavy Slam|p1a: Ninetales\n|-supereffective|p1a: Ninetales\n|-damage|p1a: Ninetales|17/100\n|move|p1a: Ninetales|Blizzard|p2a: Zamazenta\n|-damage|p2a: Zamazenta|64/100\n|\n|-weather|Snowscape|[upkeep]\n|upkeep\n|turn|3\n|\n|t:|1782450728\n|switch|p1a: Cramorant|Cramorant, M, shiny|100/100\n|move|p2a: Zamazenta|Close Combat|p1a: Cramorant\n|-resisted|p1a: Cramorant\n|-damage|p1a: Cramorant|72/100\n|-unboost|p2a: Zamazenta|def|1\n|-unboost|p2a: Zamazenta|spd|1\n|\n|-weather|Snowscape|[upkeep]\n|upkeep\n|turn|4\n|inactive|thepeakmons has 120 seconds left.\n|\n|t:|1782450744\n|switch|p2a: Blissey|Blissey, F|100/100\n|move|p1a: Cramorant|Surf|p2a: Blissey\n|-formechange|p1a: Cramorant|Cramorant-Gulping|\n|-damage|p2a: Blissey|89/100\n|\n|-weather|Snowscape|[upkeep]\n|upkeep\n|turn|5\n|inactive|thepeakmons has 120 seconds left.\n|\n|t:|1782450756\n|switch|p1a: Glimmora|Glimmora, F|100/100\n|move|p2a: Blissey|Stealth Rock|p1a: Glimmora\n|-sidestart|p1: CasualTrainerName|move: Stealth Rock\n|\n|-weather|none\n|upkeep\n|turn|6\n|inactive|thepeakmons has 120 seconds left.\n|\n|t:|1782450772\n|switch|p2a: Gliscor|Gliscor, F|100/100\n|move|p1a: Glimmora|Toxic|p2a: Gliscor\n|-status|p2a: Gliscor|tox\n|\n|upkeep\n|turn|7\n|inactive|thepeakmons has 120 seconds left.\n|\n|t:|1782450789\n|move|p1a: Glimmora|Toxic Spikes|p2a: Gliscor\n|-sidestart|p2: thepeakmons|move: Toxic Spikes\n|move|p2a: Gliscor|Swords Dance|p2a: Gliscor\n|-boost|p2a: Gliscor|atk|2\n|\n|upkeep\n|turn|8\n|inactive|thepeakmons has 120 seconds left.\n|\n|t:|1782450801\n|move|p1a: Glimmora|Mortal Spin|p2a: Gliscor\n|-resisted|p2a: Gliscor\n|-damage|p2a: Gliscor|98/100 tox\n|-sideend|p1: CasualTrainerName|Stealth Rock|[from] move: Mortal Spin|[of] p1a: Glimmora\n|move|p2a: Gliscor|Earthquake|p1a: Glimmora\n|-supereffective|p1a: Glimmora\n|-enditem|p1a: Glimmora|Focus Sash\n|-damage|p1a: Glimmora|1/100\n|\n|-heal|p2a: Gliscor|100/100 tox|[from] ability: Poison Heal\n|-sideend|p1: CasualTrainerName|move: Aurora Veil\n|upkeep\n|turn|9\n|inactive|thepeakmons has 120 seconds left.\n|\n|t:|1782450831\n|switch|p1a: Cramorant|Cramorant, M, shiny|72/100\n|move|p2a: Gliscor|Earthquake|p1a: Cramorant\n|-immune|p1a: Cramorant\n|\n|upkeep\n|turn|10\n|\n|t:|1782450846\n|move|p2a: Gliscor|Protect|p2a: Gliscor\n|-singleturn|p2a: Gliscor|Protect\n|move|p1a: Cramorant|Surf|p2a: Gliscor\n|-activate|p2a: Gliscor|move: Protect\n|\n|upkeep\n|turn|11\n|\n|t:|1782450862\n|switch|p2a: Blissey|Blissey, F|89/100\n|move|p1a: Cramorant|Surf|p2a: Blissey\n|-formechange|p1a: Cramorant|Cramorant-Gulping|\n|-damage|p2a: Blissey|77/100\n|\n|upkeep\n|turn|12\n|\n|t:|1782450880\n|switch|p1a: Iron Treads|Iron Treads|100/100\n|move|p2a: Blissey|Stealth Rock|p1a: Iron Treads\n|-sidestart|p1: CasualTrainerName|move: Stealth Rock\n|\n|upkeep\n|turn|13\n|\n|t:|1782450889\n|switch|p2a: Gholdengo|Gholdengo|100/100\n|move|p1a: Iron Treads|Knock Off|p2a: Gholdengo\n|-supereffective|p2a: Gholdengo\n|-damage|p2a: Gholdengo|49/100\n|-enditem|p2a: Gholdengo|Ability Shield|[from] move: Knock Off|[of] p1a: Iron Treads\n|\n|upkeep\n|turn|14\n|\n|t:|1782450898\n|move|p1a: Iron Treads|Earthquake|p2a: Gholdengo\n|-supereffective|p2a: Gholdengo\n|-damage|p2a: Gholdengo|0 fnt\n|faint|p2a: Gholdengo\n|\n|upkeep\n|\n|t:|1782450912\n|switch|p2a: Zamazenta|Zamazenta|64/100\n|turn|15\n|\n|t:|1782450942\n|move|p2a: Zamazenta|Close Combat|p1a: Iron Treads\n|-supereffective|p1a: Iron Treads\n|-damage|p1a: Iron Treads|10/100\n|-unboost|p2a: Zamazenta|def|1\n|-unboost|p2a: Zamazenta|spd|1\n|move|p1a: Iron Treads|Rapid Spin|p2a: Zamazenta\n|-damage|p2a: Zamazenta|39/100\n|-boost|p1a: Iron Treads|spe|1\n|-sideend|p1: CasualTrainerName|Stealth Rock|[from] move: Rapid Spin|[of] p1a: Iron Treads\n|\n|-heal|p1a: Iron Treads|16/100|[from] item: Leftovers\n|upkeep\n|turn|16\n|\n|t:|1782450960\n|switch|p2a: Skarmory|Skarmory, F|100/100\n|move|p1a: Iron Treads|Earthquake|p2a: Skarmory\n|-immune|p2a: Skarmory\n|\n|-heal|p1a: Iron Treads|22/100|[from] item: Leftovers\n|upkeep\n|turn|17\n|\n|t:|1782450973\n|move|p1a: Iron Treads|Volt Switch|p2a: Skarmory\n|-supereffective|p2a: Skarmory\n|-damage|p2a: Skarmory|71/100\n|\n|t:|1782450983\n|-end|p1a: Iron Treads|Quark Drive|[silent]\n|switch|p1a: Glimmora|Glimmora, F|1/100|[from] Volt Switch\n|move|p2a: Skarmory|Spikes|p1a: Glimmora\n|-sidestart|p1: CasualTrainerName|Spikes\n|\n|upkeep\n|turn|18\n|\n|t:|1782450994\n|move|p1a: Glimmora|Toxic|p2a: Skarmory\n|-status|p2a: Skarmory|tox\n|move|p2a: Skarmory|Spikes|p1a: Glimmora\n|-sidestart|p1: CasualTrainerName|Spikes\n|\n|-damage|p2a: Skarmory|65/100 tox|[from] psn\n|upkeep\n|turn|19\n|\n|t:|1782451002\n|move|p1a: Glimmora|Toxic|p2a: Skarmory\n|-fail|p2a: Skarmory|tox\n|move|p2a: Skarmory|Spikes|p1a: Glimmora\n|-sidestart|p1: CasualTrainerName|Spikes\n|\n|-damage|p2a: Skarmory|53/100 tox|[from] psn\n|upkeep\n|turn|20\n|inactive|thepeakmons has 120 seconds left.\n|\n|t:|1782451009\n|move|p1a: Glimmora|Spiky Shield|p1a: Glimmora\n|-singleturn|p1a: Glimmora|move: Protect\n|move|p2a: Skarmory|Roost|p2a: Skarmory\n|-heal|p2a: Skarmory|100/100 tox\n|-singleturn|p2a: Skarmory|move: Roost\n|\n|-damage|p2a: Skarmory|83/100 tox|[from] psn\n|upkeep\n|turn|21\n|\n|t:|1782451033\n|move|p1a: Glimmora|Spiky Shield||[still]\n|-fail|p1a: Glimmora\n|move|p2a: Skarmory|Whirlwind|p1a: Glimmora\n|drag|p1a: Raging Bolt|Raging Bolt|100/100\n|-damage|p1a: Raging Bolt|76/100|[from] Spikes\n|\n|-damage|p2a: Skarmory|59/100 tox|[from] psn\n|upkeep\n|turn|22\n|\n|t:|1782451040\n|switch|p2a: Gliscor|Gliscor, F|100/100 tox\n|move|p1a: Raging Bolt|Thunderbolt|p2a: Gliscor\n|-immune|p2a: Gliscor\n|\n|upkeep\n|turn|23\n|\n|t:|1782451055\n|switch|p2a: Zamazenta|Zamazenta|39/100\n|-end|p1a: Raging Bolt|Protosynthesis|[silent]\n|switch|p1a: Cramorant|Cramorant, M, shiny|72/100\n|\n|upkeep\n|turn|24\n|\n|t:|1782451069\n|move|p1a: Cramorant|Surf|p2a: Zamazenta\n|-formechange|p1a: Cramorant|Cramorant-Gulping|\n|-damage|p2a: Zamazenta|4/100\n|move|p2a: Zamazenta|Ice Fang|p1a: Cramorant\n|-damage|p1a: Cramorant|30/100\n|-damage|p2a: Zamazenta|0 fnt|[from] ability: Gulp Missile|[of] p1a: Cramorant\n|-formechange|p1a: Cramorant|Cramorant|\n|faint|p2a: Zamazenta\n|\n|upkeep\n|\n|t:|1782451080\n|switch|p2a: Blissey|Blissey, F|77/100\n|turn|25\n|\n|t:|1782451089\n|move|p1a: Cramorant|Surf|p2a: Blissey\n|-formechange|p1a: Cramorant|Cramorant-Gorging|\n|-damage|p2a: Blissey|67/100\n|move|p2a: Blissey|Stealth Rock|p1a: Cramorant\n|-sidestart|p1: CasualTrainerName|move: Stealth Rock\n|\n|upkeep\n|turn|26\n|inactive|thepeakmons has 120 seconds left.\n|\n|t:|1782451110\n|move|p1a: Cramorant|Surf|p2a: Blissey\n|-damage|p2a: Blissey|55/100\n|move|p2a: Blissey|Calm Mind|p2a: Blissey\n|-boost|p2a: Blissey|spa|1\n|-boost|p2a: Blissey|spd|1\n|\n|upkeep\n|turn|27\n|inactive|thepeakmons has 120 seconds left.\n|\n|t:|1782451128\n|switch|p1a: Iron Boulder|Iron Boulder|100/100\n|-damage|p1a: Iron Boulder|76/100|[from] Spikes\n|-damage|p1a: Iron Boulder|63/100|[from] Stealth Rock\n|-enditem|p1a: Iron Boulder|Booster Energy\n|-activate|p1a: Iron Boulder|ability: Quark Drive|[fromitem]\n|-start|p1a: Iron Boulder|quarkdrivespe\n|move|p2a: Blissey|Soft-Boiled|p2a: Blissey\n|-heal|p2a: Blissey|100/100\n|\n|upkeep\n|turn|28\n|inactive|thepeakmons has 120 seconds left.\n|inactive|CasualTrainerName has 120 seconds left.\n|\n|t:|1782451185\n|switch|p2a: Gliscor|Gliscor, F|100/100 tox\n|move|p1a: Iron Boulder|Sacred Sword|p2a: Gliscor\n|-resisted|p2a: Gliscor\n|-damage|p2a: Gliscor|88/100 tox\n|\n|-heal|p2a: Gliscor|99/100 tox|[from] ability: Poison Heal\n|upkeep\n|turn|29\n|inactive|thepeakmons has 120 seconds left.\n|\n|t:|1782451200\n|-terastallize|p1a: Iron Boulder|Bug\n|move|p1a: Iron Boulder|Mighty Cleave|p2a: Gliscor\n|-damage|p2a: Gliscor|61/100 tox\n|move|p2a: Gliscor|Earthquake|p1a: Iron Boulder\n|-resisted|p1a: Iron Boulder\n|-damage|p1a: Iron Boulder|45/100\n|\n|-heal|p2a: Gliscor|74/100 tox|[from] ability: Poison Heal\n|upkeep\n|turn|30\n|inactive|thepeakmons has 120 seconds left.\n|\n|t:|1782451213\n|switch|p2a: Pecharunt|Pecharunt|100/100\n|-sideend|p2: thepeakmons|move: Toxic Spikes|[of] p2a: Pecharunt\n|move|p1a: Iron Boulder|Mighty Cleave|p2a: Pecharunt\n|-damage|p2a: Pecharunt|80/100\n|\n|upkeep\n|turn|31\n|inactive|thepeakmons has 120 seconds left.\n|\n|t:|1782451223\n|move|p1a: Iron Boulder|Psycho Cut|p2a: Pecharunt\n|-supereffective|p2a: Pecharunt\n|-damage|p2a: Pecharunt|48/100\n|move|p2a: Pecharunt|Toxic|p1a: Iron Boulder\n|-status|p1a: Iron Boulder|tox\n|-start|p1a: Iron Boulder|confusion|[from] ability: Poison Puppeteer|[of] p2a: Pecharunt\n|\n|-damage|p1a: Iron Boulder|39/100 tox|[from] psn\n|upkeep\n|turn|32\n|inactive|CasualTrainerName has 120 seconds left.\n|inactive|thepeakmons has 120 seconds left.\n|\n|t:|1782451231\n|-activate|p1a: Iron Boulder|confusion\n|move|p1a: Iron Boulder|Mighty Cleave|p2a: Pecharunt\n|-damage|p2a: Pecharunt|24/100\n|move|p2a: Pecharunt|Recover|p2a: Pecharunt\n|-heal|p2a: Pecharunt|74/100\n|\n|-damage|p1a: Iron Boulder|27/100 tox|[from] psn\n|upkeep\n|turn|33\n|\n|t:|1782451239\n|-activate|p1a: Iron Boulder|confusion\n|-damage|p1a: Iron Boulder|10/100 tox|[from] confusion\n|move|p2a: Pecharunt|Recover|p2a: Pecharunt\n|-heal|p2a: Pecharunt|100/100\n|\n|-damage|p1a: Iron Boulder|0 fnt|[from] psn\n|faint|p1a: Iron Boulder\n|-end|p1a: Iron Boulder|Quark Drive|[silent]\n|upkeep\n|\n|t:|1782451248\n|switch|p1a: Ninetales|Ninetales-Alola, F|17/100\n|-damage|p1a: Ninetales|0 fnt|[from] Spikes\n|faint|p1a: Ninetales\n|\n|t:|1782451250\n|switch|p1a: Iron Treads|Iron Treads|22/100\n|-damage|p1a: Iron Treads|0 fnt|[from] Spikes\n|faint|p1a: Iron Treads\n|-end|p1a: Iron Treads|Quark Drive|[silent]\n|\n|t:|1782451251\n|switch|p1a: Cramorant|Cramorant, M, shiny|30/100\n|-damage|p1a: Cramorant|5/100|[from] Stealth Rock\n|turn|34\n|\n|t:|1782451258\n|move|p1a: Cramorant|Surf|p2a: Pecharunt\n|-formechange|p1a: Cramorant|Cramorant-Gorging|\n|-damage|p2a: Pecharunt|67/100\n|move|p2a: Pecharunt|Toxic|p1a: Cramorant\n|-status|p1a: Cramorant|tox\n|-start|p1a: Cramorant|confusion|[from] ability: Poison Puppeteer|[of] p2a: Pecharunt\n|\n|-damage|p1a: Cramorant|0 fnt|[from] psn\n|faint|p1a: Cramorant\n|upkeep\n|-message|CasualTrainerName forfeited.\n|\n|win|thepeakmons\n|raw|CasualTrainerName's rating: 1284 &rarr; <strong>1264</strong><br />(-20 for losing)\n|raw|thepeakmons's rating: 1358 &rarr; <strong>1374</strong><br />(+16 for winning)\n|l|☆CasualTrainerName\n|player|p1|\n", "uploadtime": 1782451265, "views": 15, "formatid": "gen9ou", "rating": 1264, "private": 0, "password": null}