{"id": "gen9ou-2639217725", "format": "[Gen 9] OU", "players": ["Morsone", "volta selecao"], "log": "|j|☆Morsone\n|j|☆volta selecao\n|t:|1782435705\n|gametype|singles\n|player|p1|Morsone|riley|1073\n|player|p2|volta selecao|pokemaniac|1053\n|gen|9\n|tier|[Gen 9] OU\n|rated|\n|rule|HP Percentage Mod: HP is shown in percentages\n|rule|Endless Battle Clause: Forcing endless battles is banned\n|rule|Species Clause: Limit one of each Pokémon\n|rule|OHKO Clause: OHKO moves are banned\n|rule|Evasion Items Clause: Evasion items are banned\n|rule|Evasion Moves Clause: Evasion moves are banned\n|rule|Evasion Abilities Clause: Evasion abilities are banned\n|rule|Sleep Moves Clause: Sleep-inducing moves are banned\n|clearpoke\n|poke|p1|Umbreon, M|\n|poke|p1|Ursaluna, M|\n|poke|p1|Ribombee, F|\n|poke|p1|Blaziken, M|\n|poke|p1|Blastoise, M|\n|poke|p1|Enamorus, F|\n|poke|p2|Umbreon, F|\n|poke|p2|Mandibuzz, F|\n|poke|p2|Clodsire, F|\n|poke|p2|Hatterene, F|\n|poke|p2|Slowking, M|\n|poke|p2|Crocalor, M|\n|teampreview\n|inactive|Battle timer is ON: inactive players will automatically lose when time's up. (requested by volta selecao)\n|\n|t:|1782435710\n|teamsize|p1|6\n|teamsize|p2|6\n|start\n|switch|p1a: Big Boi Insect|Ribombee, F|100/100\n|switch|p2a: Check|Hatterene, F|100/100\n|turn|1\n|\n|t:|1782435717\n|move|p1a: Big Boi Insect|Quiver Dance|p1a: Big Boi Insect\n|-boost|p1a: Big Boi Insect|spa|1\n|-boost|p1a: Big Boi Insect|spd|1\n|-boost|p1a: Big Boi Insect|spe|1\n|move|p2a: Check|Mystical Fire|p1a: Big Boi Insect\n|-supereffective|p1a: Big Boi Insect\n|-damage|p1a: Big Boi Insect|52/100\n|\n|upkeep\n|turn|2\n|\n|t:|1782435725\n|move|p1a: Big Boi Insect|Quiver Dance|p1a: Big Boi Insect\n|-boost|p1a: Big Boi Insect|spa|1\n|-boost|p1a: Big Boi Insect|spd|1\n|-boost|p1a: Big Boi Insect|spe|1\n|move|p2a: Check|Mystical Fire|p1a: Big Boi Insect\n|-supereffective|p1a: Big Boi Insect\n|-damage|p1a: Big Boi Insect|12/100\n|\n|upkeep\n|turn|3\n|\n|t:|1782435729\n|move|p1a: Big Boi Insect|Moonblast|p2a: Check\n|-damage|p2a: Check|9/100\n|-unboost|p2a: Check|spa|1\n|move|p2a: Check|Mystical Fire|p1a: Big Boi Insect\n|-supereffective|p1a: Big Boi Insect\n|-damage|p1a: Big Boi Insect|0 fnt\n|faint|p1a: Big Boi Insect\n|\n|-heal|p2a: Check|15/100|[from] item: Leftovers\n|upkeep\n|\n|t:|1782435733\n|switch|p1a: Big Kicky Boi|Blaziken, M, shiny|100/100\n|turn|4\n|\n|t:|1782435737\n|move|p1a: Big Kicky Boi|Blaze Kick|p2a: Check\n|-damage|p2a: Check|0 fnt\n|faint|p2a: Check\n|\n|-ability|p1a: Big Kicky Boi|Speed Boost|boost\n|-boost|p1a: Big Kicky Boi|spe|1\n|upkeep\n|\n|t:|1782435740\n|switch|p2a: Checktung|Slowking, M|100/100\n|turn|5\n|\n|t:|1782435745\n|move|p1a: Big Kicky Boi|Swords Dance|p1a: Big Kicky Boi\n|-boost|p1a: Big Kicky Boi|atk|2\n|move|p2a: Checktung|Psychic|p1a: Big Kicky Boi\n|-supereffective|p1a: Big Kicky Boi\n|-enditem|p1a: Big Kicky Boi|Focus Sash\n|-damage|p1a: Big Kicky Boi|1/100\n|\n|-ability|p1a: Big Kicky Boi|Speed Boost|boost\n|-boost|p1a: Big Kicky Boi|spe|1\n|upkeep\n|turn|6\n|\n|t:|1782435750\n|move|p1a: Big Kicky Boi|Thunder Punch|p2a: Checktung\n|-supereffective|p2a: Checktung\n|-damage|p2a: Checktung|25/100\n|move|p2a: Checktung|Psychic|p1a: Big Kicky Boi\n|-supereffective|p1a: Big Kicky Boi\n|-damage|p1a: Big Kicky Boi|0 fnt\n|faint|p1a: Big Kicky Boi\n|\n|upkeep\n|\n|t:|1782435754\n|switch|p1a: Big Boi Stand|Enamorus, F, shiny|100/100\n|turn|7\n|\n|t:|1782435756\n|switch|p2a: Checkelung|Clodsire, F|100/100\n|move|p1a: Big Boi Stand|Superpower|p2a: Checkelung\n|-resisted|p2a: Checkelung\n|-damage|p2a: Checkelung|79/100\n|-boost|p1a: Big Boi Stand|atk|1\n|-boost|p1a: Big Boi Stand|def|1\n|\n|-heal|p2a: Checkelung|85/100|[from] item: Leftovers\n|upkeep\n|turn|8\n|\n|t:|1782435763\n|move|p1a: Big Boi Stand|Superpower|p2a: Checkelung\n|-resisted|p2a: Checkelung\n|-damage|p2a: Checkelung|53/100\n|-boost|p1a: Big Boi Stand|atk|1\n|-boost|p1a: Big Boi Stand|def|1\n|move|p2a: Checkelung|Gunk Shot|p1a: Big Boi Stand|[miss]\n|-miss|p2a: Checkelung|p1a: Big Boi Stand\n|\n|-heal|p2a: Checkelung|59/100|[from] item: Leftovers\n|upkeep\n|turn|9\n|\n|t:|1782435775\n|move|p1a: Big Boi Stand|Zen Headbutt|p2a: Checkelung|[miss]\n|-miss|p1a: Big Boi Stand|p2a: Checkelung\n|move|p2a: Checkelung|Gunk Shot|p1a: Big Boi Stand|[miss]\n|-miss|p2a: Checkelung|p1a: Big Boi Stand\n|\n|-heal|p2a: Checkelung|65/100|[from] item: Leftovers\n|upkeep\n|turn|10\n|\n|t:|1782435778\n|-terastallize|p2a: Checkelung|Ground\n|move|p1a: Big Boi Stand|Zen Headbutt|p2a: Checkelung\n|-damage|p2a: Checkelung|5/100\n|cant|p2a: Checkelung|flinch\n|\n|-heal|p2a: Checkelung|11/100|[from] item: Leftovers\n|upkeep\n|turn|11\n|c|☆volta selecao|DAMN\n|\n|t:|1782435786\n|move|p1a: Big Boi Stand|Superpower|p2a: Checkelung\n|-damage|p2a: Checkelung|0 fnt\n|-boost|p1a: Big Boi Stand|atk|1\n|-boost|p1a: Big Boi Stand|def|1\n|faint|p2a: Checkelung\n|\n|upkeep\n|\n|t:|1782435789\n|switch|p2a: Crocalor|Crocalor, M|100/100\n|turn|12\n|\n|t:|1782435801\n|move|p1a: Big Boi Stand|Superpower|p2a: Crocalor\n|-damage|p2a: Crocalor|81/100\n|-boost|p1a: Big Boi Stand|atk|1\n|-boost|p1a: Big Boi Stand|def|1\n|move|p2a: Crocalor|Fire Spin|p1a: Big Boi Stand|[miss]\n|-miss|p2a: Crocalor|p1a: Big Boi Stand\n|\n|upkeep\n|turn|13\n|\n|t:|1782435809\n|move|p1a: Big Boi Stand|Zen Headbutt|p2a: Crocalor\n|-damage|p2a: Crocalor|68/100\n|move|p2a: Crocalor|Will-O-Wisp|p1a: Big Boi Stand\n|-status|p1a: Big Boi Stand|brn\n|\n|-damage|p1a: Big Boi Stand|94/100 brn|[from] brn\n|upkeep\n|turn|14\n|c|☆volta selecao|Cant believe that\n|c|☆Morsone|that Crocalor is surprisingly tanky what\n|\n|t:|1782435829\n|move|p1a: Big Boi Stand|Superpower|p2a: Crocalor\n|-damage|p2a: Crocalor|58/100\n|-boost|p1a: Big Boi Stand|atk|1\n|-boost|p1a: Big Boi Stand|def|1\n|move|p2a: Crocalor|Fire Spin|p1a: Big Boi Stand\n|-damage|p1a: Big Boi Stand|83/100 brn\n|-activate|p1a: Big Boi Stand|move: Fire Spin|[of] p2a: Crocalor\n|\n|-damage|p1a: Big Boi Stand|76/100 brn|[from] brn\n|-damage|p1a: Big Boi Stand|64/100 brn|[from] move: Fire Spin|[partiallytrapped]\n|upkeep\n|turn|15\n|c|☆volta selecao|Ye it is\n|\n|t:|1782435836\n|move|p1a: Big Boi Stand|Superpower|p2a: Crocalor\n|-damage|p2a: Crocalor|48/100\n|-boost|p1a: Big Boi Stand|atk|1\n|-boost|p1a: Big Boi Stand|def|1\n|move|p2a: Crocalor|Slack Off|p2a: Crocalor\n|-heal|p2a: Crocalor|98/100\n|\n|-damage|p1a: Big Boi Stand|58/100 brn|[from] brn\n|-damage|p1a: Big Boi Stand|45/100 brn|[from] move: Fire Spin|[partiallytrapped]\n|upkeep\n|turn|16\n|\n|t:|1782435844\n|move|p1a: Big Boi Stand|Zen Headbutt|p2a: Crocalor\n|-damage|p2a: Crocalor|91/100\n|move|p2a: Crocalor|Flamethrower|p1a: Big Boi Stand\n|-damage|p1a: Big Boi Stand|19/100 brn\n|\n|-damage|p1a: Big Boi Stand|13/100 brn|[from] brn\n|-damage|p1a: Big Boi Stand|0 fnt|[from] move: Fire Spin|[partiallytrapped]\n|faint|p1a: Big Boi Stand\n|upkeep\n|c|☆volta selecao|It has got unaware\n|c|☆Morsone|damn alright\n|c|☆volta selecao|!dt unaware\n|c|☆volta selecao|/raw <ul class=\"utilichart\"><li class=\"result\"><span class=\"col namecol\"><a href=\"https://dex.pokemonshowdown.com/abilities/unaware\">Unaware</a></span> <span class=\"col abilitydesccol\">This Pokemon ignores other Pokemon's stat stages when taking or doing damage.</span> </li><li style=\"clear:both\"></li></ul>\n|c|☆volta selecao|/raw <font size=\"1\"><font color=\"#686868\">Gen:</font> 4&nbsp;|&ThickSpace;&#10003; Ignored by Mold Breaker</font>\n\n|c|☆Morsone|oh no wonder lmao\n|\n|t:|1782435863\n|switch|p1a: Big Boi Flashlight|Umbreon, M, shiny|100/100\n|turn|17\n|\n|t:|1782435868\n|switch|p2a: Checker|Umbreon, F|100/100\n|move|p1a: Big Boi Flashlight|Toxic|p2a: Checker\n|-status|p2a: Checker|tox\n|-activate|p2a: Checker|ability: Synchronize\n|-status|p1a: Big Boi Flashlight|tox\n|\n|-damage|p2a: Checker|94/100 tox|[from] psn\n|-damage|p1a: Big Boi Flashlight|94/100 tox|[from] psn\n|upkeep\n|turn|18\n|\n|t:|1782435874\n|switch|p2a: Checktung|Slowking, M|59/100\n|move|p1a: Big Boi Flashlight|Confuse Ray|p2a: Checktung\n|-start|p2a: Checktung|confusion\n|\n|-heal|p1a: Big Boi Flashlight|100/100 tox|[from] item: Leftovers\n|-damage|p1a: Big Boi Flashlight|88/100 tox|[from] psn\n|upkeep\n|turn|19\n|\n|t:|1782435879\n|switch|p2a: Checker|Umbreon, F|94/100 tox\n|move|p1a: Big Boi Flashlight|Wish|p1a: Big Boi Flashlight\n|\n|-heal|p1a: Big Boi Flashlight|94/100 tox|[from] item: Leftovers\n|-heal|p2a: Checker|100/100 tox|[from] item: Leftovers\n|-damage|p1a: Big Boi Flashlight|76/100 tox|[from] psn\n|-damage|p2a: Checker|94/100 tox|[from] psn\n|upkeep\n|turn|20\n|\n|t:|1782435885\n|switch|p2a: Checking|Mandibuzz, F|100/100\n|switch|p1a: Big Bertha|Ursaluna, M, shiny|100/100\n|\n|-status|p1a: Big Bertha|brn|[from] item: Flame Orb\n|upkeep\n|turn|21\n|\n|t:|1782435892\n|move|p1a: Big Bertha|Protect|p1a: Big Bertha\n|-singleturn|p1a: Big Bertha|Protect\n|move|p2a: Checking|Foul Play|p1a: Big Bertha\n|-activate|p1a: Big Bertha|move: Protect\n|\n|-damage|p1a: Big Bertha|94/100 brn|[from] brn\n|upkeep\n|turn|22\n|\n|t:|1782435896\n|move|p2a: Checking|Foul Play|p1a: Big Bertha\n|-damage|p1a: Big Bertha|72/100 brn\n|move|p1a: Big Bertha|Facade|p2a: Checking\n|-damage|p2a: Checking|45/100\n|\n|-damage|p1a: Big Bertha|66/100 brn|[from] brn\n|upkeep\n|turn|23\n|\n|t:|1782435901\n|move|p2a: Checking|Foul Play|p1a: Big Bertha\n|-damage|p1a: Big Bertha|43/100 brn\n|move|p1a: Big Bertha|Facade|p2a: Checking\n|-damage|p2a: Checking|0 fnt\n|faint|p2a: Checking\n|\n|-damage|p1a: Big Bertha|37/100 brn|[from] brn\n|upkeep\n|\n|t:|1782435903\n|switch|p2a: Checktung|Slowking, M|92/100\n|turn|24\n|\n|t:|1782435907\n|move|p1a: Big Bertha|Facade|p2a: Checktung\n|-damage|p2a: Checktung|25/100\n|move|p2a: Checktung|Scald|p1a: Big Bertha\n|-supereffective|p1a: Big Bertha\n|-damage|p1a: Big Bertha|0 fnt\n|faint|p1a: Big Bertha\n|\n|upkeep\n|\n|t:|1782435911\n|switch|p1a: BIG MAN BLASTOISE|Blastoise, M, shiny|100/100\n|turn|25\n|\n|t:|1782435916\n|switch|p2a: Checker|Umbreon, F|94/100 tox\n|-terastallize|p1a: BIG MAN BLASTOISE|Dragon\n|move|p1a: BIG MAN BLASTOISE|Shell Smash|p1a: BIG MAN BLASTOISE\n|-unboost|p1a: BIG MAN BLASTOISE|def|1\n|-unboost|p1a: BIG MAN BLASTOISE|spd|1\n|-boost|p1a: BIG MAN BLASTOISE|atk|2\n|-boost|p1a: BIG MAN BLASTOISE|spa|2\n|-boost|p1a: BIG MAN BLASTOISE|spe|2\n|-enditem|p1a: BIG MAN BLASTOISE|White Herb\n|-clearnegativeboost|p1a: BIG MAN BLASTOISE|[silent]\n|\n|-heal|p2a: Checker|100/100 tox|[from] item: Leftovers\n|-damage|p2a: Checker|94/100 tox|[from] psn\n|upkeep\n|turn|26\n|\n|t:|1782435921\n|move|p1a: BIG MAN BLASTOISE|Hydro Pump|p2a: Checker\n|-damage|p2a: Checker|49/100 tox\n|move|p2a: Checker|Toxic|p1a: BIG MAN BLASTOISE\n|-status|p1a: BIG MAN BLASTOISE|tox\n|\n|-heal|p2a: Checker|55/100 tox|[from] item: Leftovers\n|-damage|p1a: BIG MAN BLASTOISE|94/100 tox|[from] psn\n|-damage|p2a: Checker|42/100 tox|[from] psn\n|upkeep\n|turn|27\n|\n|t:|1782435923\n|move|p1a: BIG MAN BLASTOISE|Hydro Pump|p2a: Checker\n|-damage|p2a: Checker|0 fnt\n|faint|p2a: Checker\n|\n|-damage|p1a: BIG MAN BLASTOISE|82/100 tox|[from] psn\n|upkeep\n|\n|t:|1782435926\n|switch|p2a: Checktung|Slowking, M|59/100\n|turn|28\n|\n|t:|1782435930\n|switch|p2a: Crocalor|Crocalor, M|91/100\n|move|p1a: BIG MAN BLASTOISE|Hydro Pump|p2a: Crocalor\n|-supereffective|p2a: Crocalor\n|-damage|p2a: Crocalor|0 fnt\n|faint|p2a: Crocalor\n|\n|-damage|p1a: BIG MAN BLASTOISE|64/100 tox|[from] psn\n|upkeep\n|\n|t:|1782435932\n|switch|p2a: Checktung|Slowking, M|92/100\n|turn|29\n|\n|t:|1782435936\n|move|p1a: BIG MAN BLASTOISE|Dragon Pulse|p2a: Checktung\n|-damage|p2a: Checktung|31/100\n|move|p2a: Checktung|Psychic|p1a: BIG MAN BLASTOISE\n|-damage|p1a: BIG MAN BLASTOISE|10/100 tox\n|\n|-damage|p1a: BIG MAN BLASTOISE|0 fnt|[from] psn\n|faint|p1a: BIG MAN BLASTOISE\n|upkeep\n|\n|t:|1782435945\n|switch|p1a: Big Boi Flashlight|Umbreon, M, shiny|76/100 tox\n|turn|30\n|\n|t:|1782435948\n|move|p1a: Big Boi Flashlight|Toxic|p2a: Checktung\n|-status|p2a: Checktung|tox\n|move|p2a: Checktung|Psychic|p1a: Big Boi Flashlight\n|-immune|p1a: Big Boi Flashlight\n|\n|-heal|p1a: Big Boi Flashlight|82/100 tox|[from] item: Leftovers\n|-damage|p1a: Big Boi Flashlight|76/100 tox|[from] psn\n|-damage|p2a: Checktung|24/100 tox|[from] psn\n|upkeep\n|turn|31\n|-message|volta selecao forfeited.\n|\n|win|Morsone\n|raw|Morsone's rating: 1073 &rarr; <strong>1100</strong><br />(+27 for winning)\n|raw|volta selecao's rating: 1053 &rarr; <strong>1036</strong><br />(-17 for losing)\n|l|☆volta selecao\n|player|p2|\n|c|☆Morsone|ggs\n|l|☆Morsone\n|player|p1|\n", "uploadtime": 1782436227, "views": 6, "formatid": "gen9ou", "rating": 1036, "private": 0, "password": null}