{"id": "gen9ou-2640027622", "format": "[Gen 9] OU", "players": ["mataash1ta", "LowEL0God"], "log": "|badge|p1|bronze|gen9ou|100-9\n|html|<div class=\"broadcast-red\"><strong>This battle is required to be public due to one or more player having a season medal.</strong><br />During the public phase, you can discuss the state of the ladder <a href=\"/seasondiscussion\">in a special chatroom.</a></div>\n|uhtml|medal-msg|<div class=\"broadcast-blue\">Curious what those medals under the avatar are? PS now has Ladder Seasons! For more information, check out the <a href=\"https://www.smogon.com/forums/threads/3740067/\">thread on Smogon.</a></div>\n|raw|<div class=\"broadcast-blue\"><strong>This battle is required to be public due to a player having a name starting with 'medal'.</div>\n|j|☆mataash1ta\n|j|☆LowEL0God\n|t:|1782566295\n|gametype|singles\n|player|p1|mataash1ta|gardenia|1825\n|player|p2|LowEL0God|2|1667\n|gen|9\n|tier|[Gen 9] OU\n|rated|\n|rule|HP Percentage Mod: HP is shown in percentages\n|rule|Endless Battle Clause: Forcing endless battles is banned\n|rule|Species Clause: Limit one of each Pokémon\n|rule|OHKO Clause: OHKO moves are banned\n|rule|Evasion Items Clause: Evasion items are banned\n|rule|Evasion Moves Clause: Evasion moves are banned\n|rule|Evasion Abilities Clause: Evasion abilities are banned\n|rule|Sleep Moves Clause: Sleep-inducing moves are banned\n|clearpoke\n|poke|p1|Dragonite, F|\n|poke|p1|Weezing-Galar, F|\n|poke|p1|Heatran, M|\n|poke|p1|Ogerpon-Wellspring, F|\n|poke|p1|Slither Wing|\n|poke|p1|Landorus-Therian, M|\n|poke|p2|Pelipper, F|\n|poke|p2|Torkoal, F|\n|poke|p2|Walking Wake|\n|poke|p2|Tyranitar, F|\n|poke|p2|Excadrill, M|\n|poke|p2|Ogerpon-Wellspring, F|\n|teampreview\n|inactive|Battle timer is ON: inactive players will automatically lose when time's up. (requested by LowEL0God)\n|j| Garden of Dreams\n|\n|t:|1782566306\n|teamsize|p1|6\n|teamsize|p2|6\n|start\n|switch|p1a: Ogerpon|Ogerpon-Wellspring, F|100/100\n|switch|p2a: Hurricane Spam|Pelipper, F, shiny|100/100\n|-weather|RainDance|[from] ability: Drizzle|[of] p2a: Hurricane Spam\n|turn|1\n|\n|t:|1782566308\n|move|p1a: Ogerpon|Power Whip|p2a: Hurricane Spam\n|-damage|p2a: Hurricane Spam|28/100\n|move|p2a: Hurricane Spam|Hurricane|p1a: Ogerpon\n|-supereffective|p1a: Ogerpon\n|-damage|p1a: Ogerpon|0 fnt\n|faint|p1a: Ogerpon\n|\n|-weather|RainDance|[upkeep]\n|upkeep\n|\n|t:|1782566313\n|switch|p1a: Landorus|Landorus-Therian, M|100/100\n|-ability|p1a: Landorus|Intimidate|boost\n|-unboost|p2a: Hurricane Spam|atk|1\n|turn|2\n|\n|t:|1782566315\n|move|p1a: Landorus|Stone Edge|p2a: Hurricane Spam|[miss]\n|-miss|p1a: Landorus|p2a: Hurricane Spam\n|move|p2a: Hurricane Spam|Hurricane|p1a: Landorus\n|-damage|p1a: Landorus|22/100\n|-start|p1a: Landorus|confusion\n|\n|-weather|RainDance|[upkeep]\n|upkeep\n|turn|3\n|\n|t:|1782566317\n|-activate|p1a: Landorus|confusion\n|move|p1a: Landorus|Stone Edge|p2a: Hurricane Spam\n|-supereffective|p2a: Hurricane Spam\n|-damage|p2a: Hurricane Spam|0 fnt\n|faint|p2a: Hurricane Spam\n|\n|-weather|RainDance|[upkeep]\n|upkeep\n|\n|t:|1782566317\n|switch|p2a: Walking Wake|Walking Wake|100/100\n|turn|4\n|\n|t:|1782566320\n|move|p2a: Walking Wake|Hydro Steam|p1a: Landorus\n|-supereffective|p1a: Landorus\n|-crit|p1a: Landorus\n|-damage|p1a: Landorus|0 fnt\n|faint|p1a: Landorus\n|\n|-weather|RainDance|[upkeep]\n|upkeep\n|\n|t:|1782566324\n|switch|p1a: Dragonite|Dragonite, F|100/100\n|turn|5\n|\n|t:|1782566326\n|move|p2a: Walking Wake|Hydro Steam|p1a: Dragonite\n|-resisted|p1a: Dragonite\n|-damage|p1a: Dragonite|80/100\n|move|p1a: Dragonite|Dragon Dance|p1a: Dragonite\n|-boost|p1a: Dragonite|atk|1\n|-boost|p1a: Dragonite|spe|1\n|\n|-weather|none\n|upkeep\n|turn|6\n|\n|t:|1782566328\n|-end|p2a: Walking Wake|Protosynthesis|[silent]\n|switch|p2a: No Lando Plz|Tyranitar, F, shiny|100/100\n|-weather|Sandstorm|[from] ability: Sand Stream|[of] p2a: No Lando Plz\n|move|p1a: Dragonite|Dragon Dance|p1a: Dragonite\n|-boost|p1a: Dragonite|atk|1\n|-boost|p1a: Dragonite|spe|1\n|\n|-weather|Sandstorm|[upkeep]\n|-damage|p1a: Dragonite|74/100|[from] Sandstorm\n|upkeep\n|turn|7\n|l| Garden of Dreams\n|j| Garden of Dreams\n|\n|t:|1782566336\n|move|p1a: Dragonite|Earthquake|p2a: No Lando Plz\n|-supereffective|p2a: No Lando Plz\n|-damage|p2a: No Lando Plz|0 fnt\n|faint|p2a: No Lando Plz\n|\n|-weather|Sandstorm|[upkeep]\n|-damage|p1a: Dragonite|68/100|[from] Sandstorm\n|upkeep\n|\n|t:|1782566337\n|switch|p2a: No Hazards for You|Excadrill, M, shiny|100/100\n|turn|8\n|\n|t:|1782566341\n|switch|p1a: Slither Wing|Slither Wing|100/100\n|move|p2a: No Hazards for You|Iron Head|p1a: Slither Wing\n|-damage|p1a: Slither Wing|41/100\n|\n|-weather|Sandstorm|[upkeep]\n|-damage|p1a: Slither Wing|35/100|[from] Sandstorm\n|upkeep\n|turn|9\n|\n|t:|1782566344\n|move|p2a: No Hazards for You|Iron Head|p1a: Slither Wing\n|-damage|p1a: Slither Wing|0 fnt\n|faint|p1a: Slither Wing\n|-end|p1a: Slither Wing|Protosynthesis|[silent]\n|\n|-weather|Sandstorm|[upkeep]\n|upkeep\n|\n|t:|1782566345\n|switch|p1a: Heatran|Heatran, M|100/100\n|turn|10\n|\n|t:|1782566348\n|switch|p2a: Walking Wake|Walking Wake|100/100\n|move|p1a: Heatran|Magma Storm|p2a: Walking Wake\n|-resisted|p2a: Walking Wake\n|-damage|p2a: Walking Wake|88/100\n|-activate|p2a: Walking Wake|move: Magma Storm|[of] p1a: Heatran\n|\n|-weather|none\n|-damage|p2a: Walking Wake|76/100|[from] move: Magma Storm|[partiallytrapped]\n|upkeep\n|turn|11\n|\n|t:|1782566351\n|move|p1a: Heatran|Protect|p1a: Heatran\n|-singleturn|p1a: Heatran|Protect\n|move|p2a: Walking Wake|Hydro Steam|p1a: Heatran\n|-activate|p1a: Heatran|move: Protect\n|\n|-damage|p2a: Walking Wake|63/100|[from] move: Magma Storm|[partiallytrapped]\n|upkeep\n|turn|12\n|\n|t:|1782566360\n|-terastallize|p2a: Walking Wake|Water\n|move|p2a: Walking Wake|Hydro Steam|p1a: Heatran\n|-supereffective|p1a: Heatran\n|-damage|p1a: Heatran|5/100\n|move|p1a: Heatran|Earth Power|p2a: Walking Wake\n|-damage|p2a: Walking Wake|34/100\n|\n|-heal|p1a: Heatran|11/100|[from] item: Leftovers\n|-damage|p2a: Walking Wake|22/100|[from] move: Magma Storm|[partiallytrapped]\n|upkeep\n|turn|13\n|\n|t:|1782566362\n|move|p1a: Heatran|Protect|p1a: Heatran\n|-singleturn|p1a: Heatran|Protect\n|move|p2a: Walking Wake|Hydro Steam|p1a: Heatran\n|-activate|p1a: Heatran|move: Protect\n|\n|-heal|p1a: Heatran|18/100|[from] item: Leftovers\n|-damage|p2a: Walking Wake|10/100|[from] move: Magma Storm|[partiallytrapped]\n|upkeep\n|turn|14\n|\n|t:|1782566363\n|move|p1a: Heatran|Protect|p1a: Heatran\n|-singleturn|p1a: Heatran|Protect\n|move|p2a: Walking Wake|Hydro Steam|p1a: Heatran\n|-activate|p1a: Heatran|move: Protect\n|\n|-heal|p1a: Heatran|24/100|[from] item: Leftovers\n|-damage|p2a: Walking Wake|0 fnt|[from] move: Magma Storm|[partiallytrapped]\n|faint|p2a: Walking Wake\n|-end|p2a: Walking Wake|Protosynthesis|[silent]\n|upkeep\n|\n|t:|1782566364\n|switch|p2a: Ogerpon|Ogerpon-Wellspring, F|100/100\n|turn|15\n|\n|t:|1782566367\n|move|p2a: Ogerpon|Ivy Cudgel|p1a: Heatran|[anim] Ivy Cudgel Water\n|-supereffective|p1a: Heatran\n|-damage|p1a: Heatran|0 fnt\n|faint|p1a: Heatran\n|\n|upkeep\n|\n|t:|1782566372\n|switch|p1a: Weezing|Weezing-Galar, F|100/100\n|-ability|p1a: Weezing|Neutralizing Gas\n|turn|16\n|\n|t:|1782566373\n|move|p2a: Ogerpon|Swords Dance|p2a: Ogerpon\n|-boost|p2a: Ogerpon|atk|2\n|move|p1a: Weezing|Toxic|p2a: Ogerpon\n|-status|p2a: Ogerpon|tox\n|\n|-damage|p2a: Ogerpon|95/100 tox|[from] psn\n|upkeep\n|turn|17\n|\n|t:|1782566377\n|move|p2a: Ogerpon|Ivy Cudgel|p1a: Weezing|[anim] Ivy Cudgel Water\n|-damage|p1a: Weezing|17/100\n|move|p1a: Weezing|Strange Steam|p2a: Ogerpon\n|-damage|p2a: Ogerpon|61/100 tox\n|-start|p2a: Ogerpon|confusion\n|\n|-damage|p2a: Ogerpon|49/100 tox|[from] psn\n|upkeep\n|turn|18\n|\n|t:|1782566380\n|-activate|p2a: Ogerpon|confusion\n|move|p2a: Ogerpon|Ivy Cudgel|p1a: Weezing|[anim] Ivy Cudgel Water\n|-damage|p1a: Weezing|0 fnt\n|faint|p1a: Weezing\n|-end|p1a: Weezing|ability: Neutralizing Gas\n|\n|-damage|p2a: Ogerpon|31/100 tox|[from] psn\n|upkeep\n|\n|t:|1782566382\n|switch|p1a: Dragonite|Dragonite, F|68/100\n|turn|19\n|\n|t:|1782566385\n|-end|p2a: Ogerpon|confusion\n|move|p2a: Ogerpon|Play Rough|p1a: Dragonite\n|-supereffective|p1a: Dragonite\n|-damage|p1a: Dragonite|0 fnt\n|faint|p1a: Dragonite\n|\n|win|LowEL0God\n|raw|mataash1ta's rating: 1825 &rarr; <strong>1796</strong><br />(-29 for losing)\n|raw|LowEL0God's rating: 1667 &rarr; <strong>1696</strong><br />(+29 for winning)\n|l|☆mataash1ta\n|player|p1|\n|l| Garden of Dreams\n|l|☆LowEL0God\n|player|p2|\n", "uploadtime": 1782566395, "views": 3, "formatid": "gen9ou", "rating": 1696, "private": 0, "password": null}