{"id": "gen9ou-2540584575", "format": "[Gen 9] OU", "players": ["Billygunter", "yam madar"], "log": "|j|☆Billygunter\n|j|☆yam madar\n|t:|1771222057\n|gametype|singles\n|player|p1|Billygunter|102|1560\n|player|p2|yam madar|zinzolin|1521\n|gen|9\n|tier|[Gen 9] OU\n|rated|\n|rule|HP Percentage Mod: HP is shown in percentages\n|rule|Endless Battle Clause: Forcing endless battles is banned\n|rule|Species Clause: Limit one of each Pokémon\n|rule|OHKO Clause: OHKO moves are banned\n|rule|Evasion Items Clause: Evasion items are banned\n|rule|Evasion Moves Clause: Evasion moves are banned\n|rule|Evasion Abilities Clause: Evasion abilities are banned\n|rule|Sleep Moves Clause: Sleep-inducing moves are banned\n|clearpoke\n|poke|p1|Pecharunt|\n|poke|p1|Ting-Lu|\n|poke|p1|Ogerpon-Wellspring, F|\n|poke|p1|Dragapult, M|\n|poke|p1|Hatterene, F|\n|poke|p1|Cobalion|\n|poke|p2|Ogerpon-Wellspring, F|\n|poke|p2|Kingambit, M|\n|poke|p2|Landorus-Therian, M|\n|poke|p2|Glimmora, M|\n|poke|p2|Dragapult, M|\n|poke|p2|Iron Valiant|\n|teampreview\n|\n|t:|1771222072\n|teamsize|p1|6\n|teamsize|p2|6\n|start\n|switch|p1a: Dragapult|Dragapult, M|100/100\n|switch|p2a: Ogerpon|Ogerpon-Wellspring, F|100/100\n|turn|1\n|\n|t:|1771222084\n|switch|p2a: Kingambit|Kingambit, M|100/100\n|move|p1a: Dragapult|U-turn|p2a: Kingambit\n|-damage|p2a: Kingambit|87/100\n|\n|t:|1771222090\n|switch|p1a: Cobalion|Cobalion|100/100|[from] U-turn\n|\n|-heal|p2a: Kingambit|93/100|[from] item: Leftovers\n|upkeep\n|turn|2\n|\n|t:|1771222098\n|-end|p2a: Kingambit|fallenundefined|[silent]\n|switch|p2a: Landorus|Landorus-Therian, M|100/100\n|-ability|p2a: Landorus|Intimidate|boost\n|-unboost|p1a: Cobalion|atk|1\n|move|p1a: Cobalion|Stealth Rock|p2a: Landorus\n|-sidestart|p2: yam madar|move: Stealth Rock\n|\n|upkeep\n|turn|3\n|\n|t:|1771222108\n|switch|p1a: Hatterene|Hatterene, F|100/100\n|move|p2a: Landorus|U-turn|p1a: Hatterene\n|-damage|p1a: Hatterene|80/100\n|-damage|p2a: Landorus|84/100|[from] item: Rocky Helmet|[of] p1a: Hatterene\n|\n|t:|1771222122\n|switch|p2a: Dragapult|Dragapult, M|100/100|[from] U-turn\n|-damage|p2a: Dragapult|88/100|[from] Stealth Rock\n|\n|upkeep\n|turn|4\n|\n|t:|1771222128\n|switch|p1a: Ting-Lu|Ting-Lu|100/100\n|-ability|p1a: Ting-Lu|Vessel of Ruin\n|move|p2a: Dragapult|U-turn|p1a: Ting-Lu\n|-supereffective|p1a: Ting-Lu\n|-damage|p1a: Ting-Lu|83/100\n|\n|t:|1771222139\n|switch|p2a: Ogerpon|Ogerpon-Wellspring, F|100/100|[from] U-turn\n|-damage|p2a: Ogerpon|88/100|[from] Stealth Rock\n|\n|-heal|p1a: Ting-Lu|90/100|[from] item: Leftovers\n|upkeep\n|turn|5\n|\n|t:|1771222148\n|switch|p1a: Pecharunt|Pecharunt|100/100\n|-item|p1a: Pecharunt|Air Balloon\n|move|p2a: Ogerpon|Play Rough|p1a: Pecharunt|[miss]\n|-miss|p2a: Ogerpon|p1a: Pecharunt\n|\n|upkeep\n|turn|6\n|inactive|Battle timer is ON: inactive players will automatically lose when time's up. (requested by yam madar)\n|\n|t:|1771222171\n|switch|p2a: Glimmora|Glimmora, M|100/100\n|-damage|p2a: Glimmora|88/100|[from] Stealth Rock\n|switch|p1a: Cobalion|Cobalion|100/100\n|\n|upkeep\n|turn|7\n|\n|t:|1771222183\n|switch|p2a: Landorus|Landorus-Therian, M|84/100\n|-damage|p2a: Landorus|72/100|[from] Stealth Rock\n|-ability|p2a: Landorus|Intimidate|boost\n|-unboost|p1a: Cobalion|atk|1\n|move|p1a: Cobalion|Volt Switch|p2a: Landorus\n|-immune|p2a: Landorus\n|\n|upkeep\n|turn|8\n|\n|t:|1771222196\n|switch|p1a: Hatterene|Hatterene, F|80/100\n|move|p2a: Landorus|Earthquake|p1a: Hatterene\n|-damage|p1a: Hatterene|42/100\n|\n|upkeep\n|turn|9\n|\n|t:|1771222205\n|move|p2a: Landorus|U-turn|p1a: Hatterene\n|-damage|p1a: Hatterene|23/100\n|-damage|p2a: Landorus|55/100|[from] item: Rocky Helmet|[of] p1a: Hatterene\n|\n|t:|1771222211\n|switch|p2a: Glimmora|Glimmora, M|88/100|[from] U-turn\n|-damage|p2a: Glimmora|76/100|[from] Stealth Rock\n|move|p1a: Hatterene|Pain Split|p2a: Glimmora\n|-sethp|p2a: Glimmora|50/100|[from] move: Pain Split|[silent]\n|-sethp|p1a: Hatterene|48/100|[from] move: Pain Split\n|\n|upkeep\n|turn|10\n|\n|t:|1771222222\n|move|p2a: Glimmora|Mortal Spin|p1a: Hatterene\n|-supereffective|p1a: Hatterene\n|-damage|p1a: Hatterene|39/100\n|-status|p1a: Hatterene|psn\n|-damage|p2a: Glimmora|33/100|[from] item: Rocky Helmet|[of] p1a: Hatterene\n|-sideend|p2: yam madar|Stealth Rock|[from] move: Mortal Spin|[of] p2a: Glimmora\n|move|p1a: Hatterene|Psychic Noise|p2a: Glimmora\n|-supereffective|p2a: Glimmora\n|-damage|p2a: Glimmora|0 fnt\n|faint|p2a: Glimmora\n|\n|-damage|p1a: Hatterene|26/100 psn|[from] psn\n|upkeep\n|\n|t:|1771222235\n|switch|p2a: Ogerpon|Ogerpon-Wellspring, F|88/100\n|turn|11\n|\n|t:|1771222241\n|move|p2a: Ogerpon|Horn Leech|p1a: Hatterene\n|-damage|p1a: Hatterene|0 fnt\n|-heal|p2a: Ogerpon|100/100|[from] drain|[of] p1a: Hatterene\n|-damage|p2a: Ogerpon|84/100|[from] item: Rocky Helmet|[of] p1a: Hatterene\n|faint|p1a: Hatterene\n|\n|upkeep\n|\n|t:|1771222252\n|switch|p1a: Dragapult|Dragapult, M|100/100\n|turn|12\n|\n|t:|1771222260\n|switch|p2a: Landorus|Landorus-Therian, M|55/100\n|-ability|p2a: Landorus|Intimidate|boost\n|-unboost|p1a: Dragapult|atk|1\n|move|p1a: Dragapult|U-turn|p2a: Landorus\n|-resisted|p2a: Landorus\n|-damage|p2a: Landorus|49/100\n|-damage|p1a: Dragapult|84/100|[from] item: Rocky Helmet|[of] p2a: Landorus\n|\n|t:|1771222280\n|switch|p1a: Ogerpon|Ogerpon-Wellspring, F|100/100|[from] U-turn\n|\n|upkeep\n|turn|13\n|\n|t:|1771222287\n|switch|p2a: Dragapult|Dragapult, M|88/100\n|move|p1a: Ogerpon|Power Whip|p2a: Dragapult\n|-resisted|p2a: Dragapult\n|-damage|p2a: Dragapult|34/100\n|\n|upkeep\n|turn|14\n|\n|t:|1771222298\n|switch|p1a: Ting-Lu|Ting-Lu|90/100\n|-ability|p1a: Ting-Lu|Vessel of Ruin\n|move|p2a: Dragapult|Draco Meteor|p1a: Ting-Lu\n|-damage|p1a: Ting-Lu|54/100\n|-unboost|p2a: Dragapult|spa|2\n|\n|-heal|p1a: Ting-Lu|61/100|[from] item: Leftovers\n|upkeep\n|turn|15\n|\n|t:|1771222310\n|switch|p2a: Ogerpon|Ogerpon-Wellspring, F|84/100\n|move|p1a: Ting-Lu|Spikes|p2a: Ogerpon\n|-sidestart|p2: yam madar|Spikes\n|\n|-heal|p1a: Ting-Lu|67/100|[from] item: Leftovers\n|upkeep\n|turn|16\n|\n|t:|1771222323\n|switch|p1a: Pecharunt|Pecharunt|100/100\n|-item|p1a: Pecharunt|Air Balloon\n|move|p2a: Ogerpon|Play Rough|p1a: Pecharunt\n|-resisted|p1a: Pecharunt\n|-damage|p1a: Pecharunt|93/100\n|-enditem|p1a: Pecharunt|Air Balloon\n|\n|upkeep\n|turn|17\n|\n|t:|1771222335\n|switch|p2a: Kingambit|Kingambit, M|93/100\n|-damage|p2a: Kingambit|81/100|[from] Spikes\n|-activate|p2a: Kingambit|ability: Supreme Overlord\n|-start|p2a: Kingambit|fallen1|[silent]\n|move|p1a: Pecharunt|Shadow Ball|p2a: Kingambit\n|-resisted|p2a: Kingambit\n|-damage|p2a: Kingambit|69/100\n|\n|-heal|p2a: Kingambit|76/100|[from] item: Leftovers\n|upkeep\n|turn|18\n|\n|t:|1771222351\n|switch|p1a: Cobalion|Cobalion|100/100\n|-end|p2a: Kingambit|fallen1|[silent]\n|switch|p2a: Landorus|Landorus-Therian, M|49/100\n|-ability|p2a: Landorus|Intimidate|boost\n|-unboost|p1a: Cobalion|atk|1\n|\n|upkeep\n|turn|19\n|\n|t:|1771222374\n|move|p1a: Cobalion|Stealth Rock|p2a: Landorus\n|-sidestart|p2: yam madar|move: Stealth Rock\n|move|p2a: Landorus|U-turn|p1a: Cobalion\n|-resisted|p1a: Cobalion\n|-damage|p1a: Cobalion|97/100\n|-damage|p2a: Landorus|32/100|[from] item: Rocky Helmet|[of] p1a: Cobalion\n|\n|t:|1771222386\n|switch|p2a: Dragapult|Dragapult, M|34/100|[from] U-turn\n|-damage|p2a: Dragapult|22/100|[from] Spikes\n|-damage|p2a: Dragapult|9/100|[from] Stealth Rock\n|\n|upkeep\n|turn|20\n|\n|t:|1771222395\n|switch|p1a: Ting-Lu|Ting-Lu|67/100\n|-ability|p1a: Ting-Lu|Vessel of Ruin\n|move|p2a: Dragapult|Draco Meteor|p1a: Ting-Lu\n|-damage|p1a: Ting-Lu|31/100\n|-unboost|p2a: Dragapult|spa|2\n|\n|-heal|p1a: Ting-Lu|37/100|[from] item: Leftovers\n|upkeep\n|turn|21\n|\n|t:|1771222407\n|move|p2a: Dragapult|Draco Meteor|p1a: Ting-Lu\n|-crit|p1a: Ting-Lu\n|-damage|p1a: Ting-Lu|0 fnt\n|-unboost|p2a: Dragapult|spa|2\n|faint|p1a: Ting-Lu\n|\n|upkeep\n|\n|t:|1771222415\n|switch|p1a: Ogerpon|Ogerpon-Wellspring, F|100/100\n|turn|22\n|\n|t:|1771222421\n|move|p2a: Dragapult|Draco Meteor|p1a: Ogerpon\n|-damage|p1a: Ogerpon|72/100\n|-unboost|p2a: Dragapult|spa|2\n|move|p1a: Ogerpon|Ivy Cudgel|p2a: Dragapult|[anim] Ivy Cudgel Water\n|-resisted|p2a: Dragapult\n|-damage|p2a: Dragapult|0 fnt\n|faint|p2a: Dragapult\n|\n|upkeep\n|\n|t:|1771222438\n|switch|p2a: Ogerpon|Ogerpon-Wellspring, F|84/100\n|-damage|p2a: Ogerpon|72/100|[from] Spikes\n|-damage|p2a: Ogerpon|59/100|[from] Stealth Rock\n|turn|23\n|\n|t:|1771222446\n|switch|p1a: Pecharunt|Pecharunt|93/100\n|move|p2a: Ogerpon|Horn Leech|p1a: Pecharunt\n|-resisted|p1a: Pecharunt\n|-damage|p1a: Pecharunt|82/100\n|-heal|p2a: Ogerpon|66/100|[from] drain|[of] p1a: Pecharunt\n|\n|upkeep\n|turn|24\n|\n|t:|1771222467\n|switch|p2a: Kingambit|Kingambit, M|76/100\n|-damage|p2a: Kingambit|63/100|[from] Spikes\n|-damage|p2a: Kingambit|57/100|[from] Stealth Rock\n|-activate|p2a: Kingambit|ability: Supreme Overlord\n|-start|p2a: Kingambit|fallen2|[silent]\n|move|p1a: Pecharunt|Malignant Chain|p2a: Kingambit\n|-immune|p2a: Kingambit\n|\n|-heal|p2a: Kingambit|63/100|[from] item: Leftovers\n|upkeep\n|turn|25\n|\n|t:|1771222494\n|switch|p1a: Cobalion|Cobalion|97/100\n|-end|p2a: Kingambit|fallen2|[silent]\n|switch|p2a: Landorus|Landorus-Therian, M|32/100\n|-damage|p2a: Landorus|20/100|[from] Stealth Rock\n|-ability|p2a: Landorus|Intimidate|boost\n|-unboost|p1a: Cobalion|atk|1\n|\n|upkeep\n|turn|26\n|\n|t:|1771222509\n|switch|p1a: Dragapult|Dragapult, M|84/100\n|move|p2a: Landorus|Earthquake|p1a: Dragapult\n|-damage|p1a: Dragapult|14/100\n|\n|upkeep\n|turn|27\n|\n|t:|1771222516\n|switch|p2a: Kingambit|Kingambit, M|63/100\n|-damage|p2a: Kingambit|51/100|[from] Spikes\n|-damage|p2a: Kingambit|44/100|[from] Stealth Rock\n|-activate|p2a: Kingambit|ability: Supreme Overlord\n|-start|p2a: Kingambit|fallen2|[silent]\n|move|p1a: Dragapult|Shadow Ball|p2a: Kingambit\n|-resisted|p2a: Kingambit\n|-damage|p2a: Kingambit|17/100\n|-unboost|p2a: Kingambit|spd|1\n|\n|-heal|p2a: Kingambit|24/100|[from] item: Leftovers\n|upkeep\n|turn|28\n|\n|t:|1771222530\n|switch|p1a: Cobalion|Cobalion|97/100\n|move|p2a: Kingambit|Sucker Punch||[still]\n|-fail|p2a: Kingambit\n|\n|-heal|p2a: Kingambit|30/100|[from] item: Leftovers\n|upkeep\n|turn|29\n|\n|t:|1771222539\n|-end|p2a: Kingambit|fallen2|[silent]\n|switch|p2a: Landorus|Landorus-Therian, M|20/100\n|-damage|p2a: Landorus|8/100|[from] Stealth Rock\n|-ability|p2a: Landorus|Intimidate|boost\n|-unboost|p1a: Cobalion|atk|1\n|move|p1a: Cobalion|Iron Defense|p1a: Cobalion\n|-boost|p1a: Cobalion|def|2\n|\n|upkeep\n|turn|30\n|\n|t:|1771222549\n|-terastallize|p1a: Cobalion|Flying\n|move|p1a: Cobalion|Iron Defense|p1a: Cobalion\n|-boost|p1a: Cobalion|def|2\n|move|p2a: Landorus|Earthquake|p1a: Cobalion\n|-immune|p1a: Cobalion\n|\n|upkeep\n|turn|31\n|\n|t:|1771222558\n|move|p1a: Cobalion|Iron Defense|p1a: Cobalion\n|-boost|p1a: Cobalion|def|2\n|move|p2a: Landorus|Taunt|p1a: Cobalion\n|-start|p1a: Cobalion|move: Taunt\n|\n|upkeep\n|turn|32\n|\n|t:|1771222565\n|move|p1a: Cobalion|Body Press|p2a: Landorus\n|-resisted|p2a: Landorus\n|-damage|p2a: Landorus|0 fnt\n|-damage|p1a: Cobalion|80/100|[from] item: Rocky Helmet|[of] p2a: Landorus\n|faint|p2a: Landorus\n|\n|upkeep\n|\n|t:|1771222587\n|switch|p2a: Kingambit|Kingambit, M|30/100\n|-damage|p2a: Kingambit|17/100|[from] Spikes\n|-damage|p2a: Kingambit|11/100|[from] Stealth Rock\n|-activate|p2a: Kingambit|ability: Supreme Overlord\n|-start|p2a: Kingambit|fallen3|[silent]\n|turn|33\n|\n|t:|1771222595\n|move|p2a: Kingambit|Sucker Punch|p1a: Cobalion\n|-damage|p1a: Cobalion|71/100\n|-damage|p2a: Kingambit|0 fnt|[from] item: Rocky Helmet|[of] p1a: Cobalion\n|-ability|p1a: Cobalion|Justified|boost\n|-boost|p1a: Cobalion|atk|1\n|faint|p2a: Kingambit\n|-end|p2a: Kingambit|fallen3|[silent]\n|move|p1a: Cobalion|Volt Switch|p2: Kingambit|[notarget]\n|-fail|p1a: Cobalion\n|\n|upkeep\n|\n|t:|1771222609\n|switch|p2a: Iron Valiant|Iron Valiant|100/100\n|-damage|p2a: Iron Valiant|88/100|[from] Spikes\n|-damage|p2a: Iron Valiant|82/100|[from] Stealth Rock\n|-enditem|p2a: Iron Valiant|Booster Energy\n|-activate|p2a: Iron Valiant|ability: Quark Drive|[fromitem]\n|-start|p2a: Iron Valiant|quarkdrivespe\n|turn|34\n|\n|t:|1771222616\n|move|p2a: Iron Valiant|Encore|p1a: Cobalion\n|-start|p1a: Cobalion|Encore\n|move|p1a: Cobalion|Volt Switch|p2a: Iron Valiant\n|-damage|p2a: Iron Valiant|58/100\n|\n|t:|1771222623\n|switch|p1a: Pecharunt|Pecharunt|82/100|[from] Volt Switch\n|\n|upkeep\n|turn|35\n|\n|t:|1771222630\n|-terastallize|p2a: Iron Valiant|Steel\n|move|p2a: Iron Valiant|Swords Dance|p2a: Iron Valiant\n|-boost|p2a: Iron Valiant|atk|2\n|move|p1a: Pecharunt|Malignant Chain|p2a: Iron Valiant\n|-immune|p2a: Iron Valiant\n|\n|upkeep\n|turn|36\n|\n|t:|1771222640\n|switch|p1a: Cobalion|Cobalion, tera:Flying|71/100\n|move|p2a: Iron Valiant|Encore||[still]\n|-fail|p2a: Iron Valiant\n|\n|upkeep\n|turn|37\n|\n|t:|1771222646\n|move|p2a: Iron Valiant|Spirit Break|p1a: Cobalion\n|-damage|p1a: Cobalion|22/100\n|-unboost|p1a: Cobalion|spa|1\n|-damage|p2a: Iron Valiant|41/100|[from] item: Rocky Helmet|[of] p1a: Cobalion\n|move|p1a: Cobalion|Body Press|p2a: Iron Valiant\n|-supereffective|p2a: Iron Valiant\n|-damage|p2a: Iron Valiant|0 fnt\n|faint|p2a: Iron Valiant\n|-end|p2a: Iron Valiant|Quark Drive|[silent]\n|\n|upkeep\n|\n|t:|1771222654\n|switch|p2a: Ogerpon|Ogerpon-Wellspring, F|66/100\n|-damage|p2a: Ogerpon|54/100|[from] Spikes\n|-damage|p2a: Ogerpon|41/100|[from] Stealth Rock\n|turn|38\n|\n|t:|1771222661\n|move|p2a: Ogerpon|Ivy Cudgel|p1a: Cobalion|[anim] Ivy Cudgel Water\n|-damage|p1a: Cobalion|0 fnt\n|faint|p1a: Cobalion\n|\n|upkeep\n|\n|t:|1771222668\n|switch|p1a: Dragapult|Dragapult, M|14/100\n|turn|39\n|\n|t:|1771222672\n|move|p1a: Dragapult|U-turn|p2a: Ogerpon\n|-supereffective|p2a: Ogerpon\n|-damage|p2a: Ogerpon|0 fnt\n|faint|p2a: Ogerpon\n|\n|win|Billygunter\n|raw|Billygunter's rating: 1560 &rarr; <strong>1578</strong><br />(+18 for winning)\n|raw|yam madar's rating: 1521 &rarr; <strong>1503</strong><br />(-18 for losing)\n|c|☆yam madar|gg\n|l|☆yam madar\n|player|p2|\n|l|☆Billygunter\n|player|p1|\n", "uploadtime": 1771222825, "views": 6, "formatid": "gen9ou", "rating": 1503, "private": 0, "password": null}