{"id": "gen9ou-2540467608", "format": "[Gen 9] OU", "players": ["Ryan Cowtinho", "faiyex-san"], "log": "|j|☆Ryan Cowtinho\n|j|☆faiyex-san\n|t:|1771205684\n|gametype|singles\n|player|p1|Ryan Cowtinho|2|1577\n|player|p2|faiyex-san|erika|1683\n|gen|9\n|tier|[Gen 9] OU\n|rated|\n|rule|HP Percentage Mod: HP is shown in percentages\n|rule|Endless Battle Clause: Forcing endless battles is banned\n|rule|Species Clause: Limit one of each Pokémon\n|rule|OHKO Clause: OHKO moves are banned\n|rule|Evasion Items Clause: Evasion items are banned\n|rule|Evasion Moves Clause: Evasion moves are banned\n|rule|Evasion Abilities Clause: Evasion abilities are banned\n|rule|Sleep Moves Clause: Sleep-inducing moves are banned\n|clearpoke\n|poke|p1|Tyranitar, M|\n|poke|p1|Excadrill, M|\n|poke|p1|Ogerpon-Wellspring, F|\n|poke|p1|Pecharunt|\n|poke|p1|Skarmory, F|\n|poke|p1|Zamazenta-*|\n|poke|p2|Ceruledge, M|\n|poke|p2|Primarina, M|\n|poke|p2|Great Tusk|\n|poke|p2|Pecharunt|\n|poke|p2|Cinderace, M|\n|poke|p2|Tyranitar, M|\n|teampreview\n|\n|t:|1771205717\n|teamsize|p1|6\n|teamsize|p2|6\n|start\n|switch|p1a: Tyranitar|Tyranitar, M|100/100\n|switch|p2a: Tyranitar|Tyranitar, M|100/100\n|-weather|Sandstorm|[from] ability: Sand Stream|[of] p2a: Tyranitar\n|turn|1\n|\n|t:|1771205727\n|switch|p1a: Skarmory|Skarmory, F|100/100\n|move|p2a: Tyranitar|Low Kick|p1a: Skarmory\n|-damage|p1a: Skarmory|73/100\n|-damage|p2a: Tyranitar|84/100|[from] item: Rocky Helmet|[of] p1a: Skarmory\n|\n|-weather|Sandstorm|[upkeep]\n|upkeep\n|turn|2\n|\n|t:|1771205732\n|switch|p2a: Ceruledge|Ceruledge, M|100/100\n|move|p1a: Skarmory|Spikes|p2a: Ceruledge\n|-sidestart|p2: faiyex-san|Spikes\n|\n|-weather|Sandstorm|[upkeep]\n|-damage|p2a: Ceruledge|94/100|[from] Sandstorm\n|upkeep\n|turn|3\n|\n|t:|1771205736\n|-terastallize|p1a: Skarmory|Dragon\n|move|p2a: Ceruledge|Bitter Blade|p1a: Skarmory\n|-resisted|p1a: Skarmory\n|-damage|p1a: Skarmory|56/100\n|-heal|p2a: Ceruledge|100/100|[from] drain|[of] p1a: Skarmory\n|-damage|p2a: Ceruledge|84/100|[from] item: Rocky Helmet|[of] p1a: Skarmory\n|-damage|p2a: Ceruledge|74/100|[from] item: Life Orb\n|move|p1a: Skarmory|Iron Defense|p1a: Skarmory\n|-boost|p1a: Skarmory|def|2\n|\n|-weather|Sandstorm|[upkeep]\n|-damage|p2a: Ceruledge|68/100|[from] Sandstorm\n|-damage|p1a: Skarmory|50/100|[from] Sandstorm\n|upkeep\n|turn|4\n|\n|t:|1771205740\n|move|p2a: Ceruledge|Swords Dance|p2a: Ceruledge\n|-boost|p2a: Ceruledge|atk|2\n|move|p1a: Skarmory|Roost|p1a: Skarmory\n|-heal|p1a: Skarmory|99/100\n|\n|-weather|Sandstorm|[upkeep]\n|-damage|p2a: Ceruledge|62/100|[from] Sandstorm\n|-damage|p1a: Skarmory|94/100|[from] Sandstorm\n|upkeep\n|turn|5\n|\n|t:|1771205743\n|move|p2a: Ceruledge|Poltergeist|p1a: Skarmory\n|-activate|p1a: Skarmory|move: Poltergeist|Rocky Helmet\n|-damage|p1a: Skarmory|53/100\n|-damage|p2a: Ceruledge|52/100|[from] item: Life Orb\n|move|p1a: Skarmory|Iron Defense|p1a: Skarmory\n|-boost|p1a: Skarmory|def|2\n|\n|-weather|none\n|upkeep\n|turn|6\n|\n|t:|1771205751\n|switch|p2a: Pecharunt|Pecharunt|100/100\n|move|p1a: Skarmory|Roost|p1a: Skarmory\n|-heal|p1a: Skarmory|100/100\n|\n|upkeep\n|turn|7\n|\n|t:|1771205755\n|switch|p1a: Excadrill|Excadrill, M|100/100\n|-item|p1a: Excadrill|Air Balloon\n|move|p2a: Pecharunt|Malignant Chain|p1a: Excadrill\n|-immune|p1a: Excadrill\n|\n|upkeep\n|turn|8\n|\n|t:|1771205759\n|move|p1a: Excadrill|Earthquake|p2a: Pecharunt\n|-supereffective|p2a: Pecharunt\n|-damage|p2a: Pecharunt|49/100\n|move|p2a: Pecharunt|Parting Shot|p1a: Excadrill\n|-unboost|p1a: Excadrill|atk|1\n|-unboost|p1a: Excadrill|spa|1\n|\n|t:|1771205771\n|switch|p2a: Primarina|Primarina, M|100/100|[from] Parting Shot\n|-damage|p2a: Primarina|88/100|[from] Spikes\n|\n|upkeep\n|turn|9\n|\n|t:|1771205776\n|switch|p1a: Tyranitar|Tyranitar, M|100/100\n|-weather|Sandstorm|[from] ability: Sand Stream|[of] p1a: Tyranitar\n|move|p2a: Primarina|Surf|p1a: Tyranitar\n|-supereffective|p1a: Tyranitar\n|-damage|p1a: Tyranitar|61/100\n|\n|-weather|Sandstorm|[upkeep]\n|-damage|p2a: Primarina|82/100|[from] Sandstorm\n|upkeep\n|turn|10\n|\n|t:|1771205780\n|switch|p1a: Ogerpon|Ogerpon-Wellspring, F|100/100\n|move|p2a: Primarina|Flip Turn|p1a: Ogerpon\n|-immune|p1a: Ogerpon|[from] ability: Water Absorb\n|\n|-weather|Sandstorm|[upkeep]\n|-damage|p1a: Ogerpon|95/100|[from] Sandstorm\n|-damage|p2a: Primarina|76/100|[from] Sandstorm\n|upkeep\n|turn|11\n|\n|t:|1771205786\n|switch|p2a: Cinderace|Cinderace, M|100/100\n|move|p1a: Ogerpon|Knock Off|p2a: Cinderace\n|-damage|p2a: Cinderace|46/100\n|-enditem|p2a: Cinderace|Heavy-Duty Boots|[from] move: Knock Off|[of] p1a: Ogerpon\n|\n|-weather|Sandstorm|[upkeep]\n|-damage|p2a: Cinderace|40/100|[from] Sandstorm\n|-damage|p1a: Ogerpon|89/100|[from] Sandstorm\n|upkeep\n|turn|12\n|\n|t:|1771205790\n|switch|p1a: Skarmory|Skarmory, F, tera:Dragon|100/100\n|move|p2a: Cinderace|U-turn|p1a: Skarmory\n|-start|p2a: Cinderace|typechange|Bug|[from] ability: Libero\n|-crit|p1a: Skarmory\n|-damage|p1a: Skarmory|68/100\n|-damage|p2a: Cinderace|23/100|[from] item: Rocky Helmet|[of] p1a: Skarmory\n|\n|t:|1771205795\n|switch|p2a: Primarina|Primarina, M|76/100|[from] U-turn\n|-damage|p2a: Primarina|63/100|[from] Spikes\n|\n|-weather|Sandstorm|[upkeep]\n|-damage|p2a: Primarina|57/100|[from] Sandstorm\n|-damage|p1a: Skarmory|62/100|[from] Sandstorm\n|upkeep\n|turn|13\n|\n|t:|1771205798\n|switch|p1a: Ogerpon|Ogerpon-Wellspring, F|89/100\n|move|p2a: Primarina|Moonblast|p1a: Ogerpon\n|-damage|p1a: Ogerpon|27/100\n|\n|-weather|Sandstorm|[upkeep]\n|-damage|p1a: Ogerpon|21/100|[from] Sandstorm\n|-damage|p2a: Primarina|51/100|[from] Sandstorm\n|upkeep\n|turn|14\n|\n|t:|1771205808\n|switch|p2a: Great Tusk|Great Tusk|100/100\n|-damage|p2a: Great Tusk|88/100|[from] Spikes\n|move|p1a: Ogerpon|Power Whip|p2a: Great Tusk\n|-supereffective|p2a: Great Tusk\n|-damage|p2a: Great Tusk|0 fnt\n|-damage|p1a: Ogerpon|5/100|[from] item: Rocky Helmet|[of] p2a: Great Tusk\n|faint|p2a: Great Tusk\n|-end|p2a: Great Tusk|Protosynthesis|[silent]\n|\n|-weather|Sandstorm|[upkeep]\n|-damage|p1a: Ogerpon|0 fnt|[from] Sandstorm\n|faint|p1a: Ogerpon\n|upkeep\n|\n|t:|1771205817\n|switch|p1a: Excadrill|Excadrill, M|100/100\n|switch|p2a: Cinderace|Cinderace, M|23/100\n|-item|p1a: Excadrill|Air Balloon\n|-damage|p2a: Cinderace|11/100|[from] Spikes\n|turn|15\n|\n|t:|1771205821\n|move|p2a: Cinderace|Sucker Punch|p1a: Excadrill\n|-start|p2a: Cinderace|typechange|Dark|[from] ability: Libero\n|-damage|p1a: Excadrill|52/100\n|-enditem|p1a: Excadrill|Air Balloon\n|move|p1a: Excadrill|Earthquake|p2a: Cinderace\n|-damage|p2a: Cinderace|0 fnt\n|faint|p2a: Cinderace\n|\n|-weather|Sandstorm|[upkeep]\n|upkeep\n|\n|t:|1771205843\n|switch|p2a: Pecharunt|Pecharunt|49/100\n|turn|16\n|\n|t:|1771205849\n|-terastallize|p2a: Pecharunt|Dark\n|move|p1a: Excadrill|Earthquake|p2a: Pecharunt\n|-damage|p2a: Pecharunt|23/100\n|move|p2a: Pecharunt|Recover|p2a: Pecharunt\n|-heal|p2a: Pecharunt|73/100\n|\n|-weather|none\n|upkeep\n|turn|17\n|\n|t:|1771205854\n|switch|p1a: Zamazenta|Zamazenta|100/100\n|-ability|p1a: Zamazenta|Dauntless Shield|boost\n|-boost|p1a: Zamazenta|def|1\n|move|p2a: Pecharunt|Foul Play|p1a: Zamazenta\n|-resisted|p1a: Zamazenta\n|-damage|p1a: Zamazenta|87/100\n|\n|upkeep\n|turn|18\n|\n|t:|1771205856\n|move|p1a: Zamazenta|Close Combat|p2a: Pecharunt\n|-supereffective|p2a: Pecharunt\n|-damage|p2a: Pecharunt|22/100\n|-unboost|p1a: Zamazenta|def|1\n|-unboost|p1a: Zamazenta|spd|1\n|move|p2a: Pecharunt|Malignant Chain|p1a: Zamazenta\n|-damage|p1a: Zamazenta|42/100\n|\n|upkeep\n|turn|19\n|\n|t:|1771205860\n|move|p1a: Zamazenta|Close Combat|p2a: Pecharunt\n|-supereffective|p2a: Pecharunt\n|-damage|p2a: Pecharunt|0 fnt\n|-unboost|p1a: Zamazenta|def|1\n|-unboost|p1a: Zamazenta|spd|1\n|faint|p2a: Pecharunt\n|\n|upkeep\n|\n|t:|1771205868\n|switch|p2a: Ceruledge|Ceruledge, M|52/100\n|-damage|p2a: Ceruledge|39/100|[from] Spikes\n|turn|20\n|\n|t:|1771205871\n|switch|p1a: Tyranitar|Tyranitar, M|61/100\n|-weather|Sandstorm|[from] ability: Sand Stream|[of] p1a: Tyranitar\n|move|p2a: Ceruledge|Shadow Sneak|p1a: Tyranitar\n|-resisted|p1a: Tyranitar\n|-damage|p1a: Tyranitar|51/100\n|-damage|p2a: Ceruledge|29/100|[from] item: Life Orb\n|\n|-weather|Sandstorm|[upkeep]\n|-damage|p2a: Ceruledge|23/100|[from] Sandstorm\n|upkeep\n|turn|21\n|\n|t:|1771205873\n|move|p2a: Ceruledge|Bitter Blade|p1a: Tyranitar\n|-resisted|p1a: Tyranitar\n|-damage|p1a: Tyranitar|29/100\n|-heal|p2a: Ceruledge|39/100|[from] drain|[of] p1a: Tyranitar\n|-damage|p2a: Ceruledge|29/100|[from] item: Life Orb\n|move|p1a: Tyranitar|Knock Off|p2a: Ceruledge\n|-supereffective|p2a: Ceruledge\n|-damage|p2a: Ceruledge|0 fnt\n|-enditem|p2a: Ceruledge|Life Orb|[from] move: Knock Off|[of] p1a: Tyranitar\n|faint|p2a: Ceruledge\n|\n|-weather|Sandstorm|[upkeep]\n|upkeep\n|-message|faiyex-san forfeited.\n|\n|win|Ryan Cowtinho\n|raw|Ryan Cowtinho's rating: 1577 &rarr; <strong>1603</strong><br />(+26 for winning)\n|raw|faiyex-san's rating: 1683 &rarr; <strong>1657</strong><br />(-26 for losing)\n|l|☆faiyex-san\n|player|p2|\n|l|☆Ryan Cowtinho\n|player|p1|\n", "uploadtime": 1771206047, "views": 9, "formatid": "gen9ou", "rating": 1603, "private": 0, "password": null}