{"id": "gen9ou-2540707376", "format": "[Gen 9] OU", "players": ["hbgzd", "Wuerfel"], "log": "|j|☆hbgzd\n|j|☆Wuerfel\n|t:|1771243583\n|gametype|singles\n|player|p1|hbgzd|zinnia|1749\n|player|p2|Wuerfel|serena-masters|1679\n|gen|9\n|tier|[Gen 9] OU\n|rated|\n|rule|HP Percentage Mod: HP is shown in percentages\n|rule|Endless Battle Clause: Forcing endless battles is banned\n|rule|Species Clause: Limit one of each Pokémon\n|rule|OHKO Clause: OHKO moves are banned\n|rule|Evasion Items Clause: Evasion items are banned\n|rule|Evasion Moves Clause: Evasion moves are banned\n|rule|Evasion Abilities Clause: Evasion abilities are banned\n|rule|Sleep Moves Clause: Sleep-inducing moves are banned\n|clearpoke\n|poke|p1|Rillaboom, M|\n|poke|p1|Iron Crown|\n|poke|p1|Serperior, F|\n|poke|p1|Zamazenta-*|\n|poke|p1|Heatran, M|\n|poke|p1|Great Tusk|\n|poke|p2|Dragapult, F|\n|poke|p2|Iron Valiant|\n|poke|p2|Corviknight, M|\n|poke|p2|Hoopa-Unbound|\n|poke|p2|Landorus-Therian, M|\n|poke|p2|Glimmora, M|\n|teampreview\n|inactive|Battle timer is ON: inactive players will automatically lose when time's up. (requested by hbgzd)\n|\n|t:|1771243616\n|teamsize|p1|6\n|teamsize|p2|6\n|start\n|switch|p1a: Heatran|Heatran, M|100/100\n|switch|p2a: Hoopa|Hoopa-Unbound|100/100\n|-item|p1a: Heatran|Air Balloon\n|turn|1\n|\n|t:|1771243628\n|move|p2a: Hoopa|Hyperspace Fury|p1a: Heatran\n|-damage|p1a: Heatran|43/100\n|-unboost|p2a: Hoopa|def|1\n|-enditem|p1a: Heatran|Air Balloon\n|move|p1a: Heatran|Will-O-Wisp|p2a: Hoopa\n|-status|p2a: Hoopa|brn\n|\n|-damage|p2a: Hoopa|94/100 brn|[from] brn\n|upkeep\n|turn|2\n|\n|t:|1771243641\n|move|p2a: Hoopa|Drain Punch|p1a: Heatran\n|-supereffective|p1a: Heatran\n|-damage|p1a: Heatran|13/100\n|-heal|p2a: Hoopa|100/100 brn|[from] drain|[of] p1a: Heatran\n|move|p1a: Heatran|Stealth Rock|p2a: Hoopa\n|-sidestart|p2: Wuerfel|move: Stealth Rock\n|\n|-damage|p2a: Hoopa|94/100 brn|[from] brn\n|upkeep\n|turn|3\n|\n|t:|1771243648\n|switch|p1a: Rillaboom|Rillaboom, M, shiny|100/100\n|-fieldstart|move: Grassy Terrain|[from] ability: Grassy Surge|[of] p1a: Rillaboom\n|move|p2a: Hoopa|Knock Off|p1a: Rillaboom\n|-damage|p1a: Rillaboom|68/100\n|-enditem|p1a: Rillaboom|Life Orb|[from] move: Knock Off|[of] p2a: Hoopa\n|\n|-heal|p1a: Rillaboom|74/100|[from] Grassy Terrain\n|-heal|p2a: Hoopa|100/100 brn|[from] Grassy Terrain\n|-damage|p2a: Hoopa|94/100 brn|[from] brn\n|upkeep\n|turn|4\n|\n|t:|1771243660\n|switch|p2a: Corviknight|Corviknight, M|100/100\n|-damage|p2a: Corviknight|88/100|[from] Stealth Rock\n|-ability|p2a: Corviknight|Pressure\n|move|p1a: Rillaboom|Swords Dance|p1a: Rillaboom\n|-boost|p1a: Rillaboom|atk|2\n|\n|-heal|p1a: Rillaboom|80/100|[from] Grassy Terrain\n|upkeep\n|turn|5\n|\n|t:|1771243667\n|move|p1a: Rillaboom|Knock Off|p2a: Corviknight\n|-damage|p2a: Corviknight|50/100\n|-damage|p1a: Rillaboom|64/100|[from] item: Rocky Helmet|[of] p2a: Corviknight\n|-enditem|p2a: Corviknight|Rocky Helmet|[from] move: Knock Off|[of] p1a: Rillaboom\n|move|p2a: Corviknight|U-turn|p1a: Rillaboom\n|-supereffective|p1a: Rillaboom\n|-damage|p1a: Rillaboom|34/100\n|\n|t:|1771243685\n|switch|p2a: Dragapult|Dragapult, F|100/100|[from] U-turn\n|-damage|p2a: Dragapult|88/100|[from] Stealth Rock\n|\n|-heal|p2a: Dragapult|94/100|[from] Grassy Terrain\n|-heal|p1a: Rillaboom|40/100|[from] Grassy Terrain\n|upkeep\n|turn|6\n|\n|t:|1771243693\n|switch|p1a: Heatran|Heatran, M|13/100\n|move|p2a: Dragapult|U-turn|p1a: Heatran\n|-resisted|p1a: Heatran\n|-damage|p1a: Heatran|6/100\n|\n|t:|1771243709\n|switch|p2a: Hoopa|Hoopa-Unbound|94/100 brn|[from] U-turn\n|-damage|p2a: Hoopa|82/100 brn|[from] Stealth Rock\n|\n|-heal|p2a: Hoopa|88/100 brn|[from] Grassy Terrain\n|-heal|p1a: Heatran|12/100|[from] Grassy Terrain\n|-damage|p2a: Hoopa|82/100 brn|[from] brn\n|upkeep\n|turn|7\n|\n|t:|1771243717\n|switch|p1a: Great Tusk|Great Tusk|100/100\n|-enditem|p1a: Great Tusk|Booster Energy\n|-activate|p1a: Great Tusk|ability: Protosynthesis|[fromitem]\n|-start|p1a: Great Tusk|protosynthesisspe\n|move|p2a: Hoopa|Psychic Noise|p1a: Great Tusk\n|-supereffective|p1a: Great Tusk\n|-damage|p1a: Great Tusk|0 fnt\n|faint|p1a: Great Tusk\n|-end|p1a: Great Tusk|Protosynthesis|[silent]\n|\n|-heal|p2a: Hoopa|88/100 brn|[from] Grassy Terrain\n|-damage|p2a: Hoopa|82/100 brn|[from] brn\n|-fieldend|move: Grassy Terrain\n|upkeep\n|\n|t:|1771243724\n|switch|p1a: Rillaboom|Rillaboom, M, shiny|40/100\n|-fieldstart|move: Grassy Terrain|[from] ability: Grassy Surge|[of] p1a: Rillaboom\n|turn|8\n|\n|t:|1771243737\n|switch|p2a: Corviknight|Corviknight, M|50/100\n|-damage|p2a: Corviknight|38/100|[from] Stealth Rock\n|-ability|p2a: Corviknight|Pressure\n|move|p1a: Rillaboom|Knock Off|p2a: Corviknight\n|-damage|p2a: Corviknight|23/100\n|\n|-heal|p1a: Rillaboom|46/100|[from] Grassy Terrain\n|upkeep\n|turn|9\n|\n|t:|1771243747\n|switch|p1a: Iron Crown|Iron Crown|100/100\n|-enditem|p1a: Iron Crown|Grassy Seed\n|-boost|p1a: Iron Crown|def|1|[from] item: Grassy Seed\n|move|p2a: Corviknight|Roost|p2a: Corviknight\n|-heal|p2a: Corviknight|73/100\n|-singleturn|p2a: Corviknight|move: Roost\n|\n|-heal|p2a: Corviknight|80/100|[from] Grassy Terrain\n|upkeep\n|turn|10\n|\n|t:|1771243757\n|move|p1a: Iron Crown|Calm Mind|p1a: Iron Crown\n|-boost|p1a: Iron Crown|spa|1\n|-boost|p1a: Iron Crown|spd|1\n|move|p2a: Corviknight|U-turn|p1a: Iron Crown\n|-damage|p1a: Iron Crown|90/100\n|j| a19a19\n|\n|t:|1771243770\n|switch|p2a: Dragapult|Dragapult, F|94/100|[from] U-turn\n|-damage|p2a: Dragapult|82/100|[from] Stealth Rock\n|\n|-heal|p2a: Dragapult|88/100|[from] Grassy Terrain\n|-heal|p1a: Iron Crown|96/100|[from] Grassy Terrain\n|upkeep\n|turn|11\n|l| a19a19\n|\n|t:|1771243777\n|-terastallize|p2a: Dragapult|Ghost\n|-terastallize|p1a: Iron Crown|Fighting\n|move|p2a: Dragapult|Tera Blast|p1a: Iron Crown|[anim] Tera Blast Ghost\n|-damage|p1a: Iron Crown|40/100\n|move|p1a: Iron Crown|Agility|p1a: Iron Crown\n|-boost|p1a: Iron Crown|spe|2\n|\n|-heal|p1a: Iron Crown|47/100|[from] Grassy Terrain\n|-heal|p2a: Dragapult|94/100|[from] Grassy Terrain\n|upkeep\n|turn|12\n|inactive|Wuerfel has 120 seconds left.\n|\n|t:|1771243812\n|switch|p2a: Hoopa|Hoopa-Unbound|82/100 brn\n|-damage|p2a: Hoopa|70/100 brn|[from] Stealth Rock\n|move|p1a: Iron Crown|Stored Power|p2a: Hoopa\n|-immune|p2a: Hoopa\n|\n|-heal|p1a: Iron Crown|53/100|[from] Grassy Terrain\n|-heal|p2a: Hoopa|76/100 brn|[from] Grassy Terrain\n|-damage|p2a: Hoopa|70/100 brn|[from] brn\n|-fieldend|move: Grassy Terrain\n|upkeep\n|turn|13\n|inactive|Wuerfel has 120 seconds left.\n|\n|t:|1771243818\n|move|p1a: Iron Crown|Focus Blast|p2a: Hoopa|[miss]\n|-miss|p1a: Iron Crown|p2a: Hoopa\n|move|p2a: Hoopa|Psychic Noise|p1a: Iron Crown\n|-supereffective|p1a: Iron Crown\n|-damage|p1a: Iron Crown|0 fnt\n|faint|p1a: Iron Crown\n|-end|p1a: Iron Crown|Quark Drive|[silent]\n|\n|-damage|p2a: Hoopa|64/100 brn|[from] brn\n|upkeep\n|\n|t:|1771243826\n|switch|p1a: Rillaboom|Rillaboom, M, shiny|46/100\n|-fieldstart|move: Grassy Terrain|[from] ability: Grassy Surge|[of] p1a: Rillaboom\n|turn|14\n|\n|t:|1771243833\n|switch|p1a: Heatran|Heatran, M|12/100\n|move|p2a: Hoopa|Psychic Noise|p1a: Heatran\n|-resisted|p1a: Heatran\n|-damage|p1a: Heatran|0 fnt\n|faint|p1a: Heatran\n|\n|-heal|p2a: Hoopa|70/100 brn|[from] Grassy Terrain\n|-damage|p2a: Hoopa|64/100 brn|[from] brn\n|upkeep\n|\n|t:|1771243835\n|switch|p1a: Zamazenta|Zamazenta|100/100\n|-ability|p1a: Zamazenta|Dauntless Shield|boost\n|-boost|p1a: Zamazenta|def|1\n|turn|15\n|\n|t:|1771243851\n|move|p1a: Zamazenta|Body Press|p2a: Hoopa\n|-damage|p2a: Hoopa|0 fnt\n|faint|p2a: Hoopa\n|\n|upkeep\n|\n|t:|1771243858\n|switch|p2a: Landorus|Landorus-Therian, M, shiny|100/100\n|-damage|p2a: Landorus|88/100|[from] Stealth Rock\n|-ability|p2a: Landorus|Intimidate|boost\n|-unboost|p1a: Zamazenta|atk|1\n|turn|16\n|\n|t:|1771243870\n|move|p1a: Zamazenta|Iron Defense|p1a: Zamazenta\n|-boost|p1a: Zamazenta|def|2\n|move|p2a: Landorus|U-turn|p1a: Zamazenta\n|-resisted|p1a: Zamazenta\n|-damage|p1a: Zamazenta|97/100\n|\n|t:|1771243880\n|switch|p2a: Iron Valiant|Iron Valiant, shiny|100/100|[from] U-turn\n|-damage|p2a: Iron Valiant|94/100|[from] Stealth Rock\n|\n|-heal|p1a: Zamazenta|100/100|[from] Grassy Terrain\n|-heal|p2a: Iron Valiant|100/100|[from] Grassy Terrain\n|upkeep\n|turn|17\n|\n|t:|1771243884\n|move|p1a: Zamazenta|Body Press|p2a: Iron Valiant\n|-resisted|p2a: Iron Valiant\n|-damage|p2a: Iron Valiant|43/100\n|move|p2a: Iron Valiant|Moonblast|p1a: Zamazenta\n|-supereffective|p1a: Zamazenta\n|-damage|p1a: Zamazenta|0 fnt\n|faint|p1a: Zamazenta\n|\n|-heal|p2a: Iron Valiant|49/100|[from] Grassy Terrain\n|upkeep\n|\n|t:|1771243889\n|switch|p1a: Serperior|Serperior, F|100/100\n|turn|18\n|\n|t:|1771243894\n|move|p1a: Serperior|Leaf Storm|p2a: Iron Valiant\n|-damage|p2a: Iron Valiant|0 fnt\n|-boost|p1a: Serperior|spa|2\n|faint|p2a: Iron Valiant\n|-end|p2a: Iron Valiant|Quark Drive|[silent]\n|\n|-fieldend|move: Grassy Terrain\n|upkeep\n|\n|t:|1771243920\n|switch|p2a: Landorus|Landorus-Therian, M, shiny|88/100\n|-damage|p2a: Landorus|76/100|[from] Stealth Rock\n|-ability|p2a: Landorus|Intimidate|boost\n|-boost|p1a: Serperior|atk|1\n|turn|19\n|\n|t:|1771243925\n|move|p2a: Landorus|Protect|p2a: Landorus\n|-singleturn|p2a: Landorus|Protect\n|move|p1a: Serperior|Leaf Storm|p2a: Landorus\n|-activate|p2a: Landorus|move: Protect\n|\n|-heal|p2a: Landorus|82/100|[from] item: Leftovers\n|upkeep\n|turn|20\n|\n|t:|1771243932\n|move|p1a: Serperior|Leaf Storm|p2a: Landorus\n|-damage|p2a: Landorus|18/100\n|-boost|p1a: Serperior|spa|2\n|move|p2a: Landorus|U-turn|p1a: Serperior\n|-supereffective|p1a: Serperior\n|-damage|p1a: Serperior|46/100\n|\n|t:|1771243943\n|switch|p2a: Corviknight|Corviknight, M|80/100|[from] U-turn\n|-damage|p2a: Corviknight|67/100|[from] Stealth Rock\n|-ability|p2a: Corviknight|Pressure\n|\n|upkeep\n|turn|21\n|\n|t:|1771243961\n|move|p1a: Serperior|Leaf Storm|p2a: Corviknight\n|-resisted|p2a: Corviknight\n|-damage|p2a: Corviknight|35/100\n|-boost|p1a: Serperior|spa|2\n|move|p2a: Corviknight|Roost|p2a: Corviknight\n|-heal|p2a: Corviknight|85/100\n|-singleturn|p2a: Corviknight|move: Roost\n|\n|upkeep\n|turn|22\n|-message|hbgzd forfeited.\n|\n|win|Wuerfel\n|raw|hbgzd's rating: 1749 &rarr; <strong>1725</strong><br />(-24 for losing)\n|raw|Wuerfel's rating: 1679 &rarr; <strong>1703</strong><br />(+24 for winning)\n|l|☆hbgzd\n|player|p1|\n|l|☆Wuerfel\n|player|p2|\n", "uploadtime": 1771244121, "views": 7, "formatid": "gen9ou", "rating": 1703, "private": 0, "password": null}