{"id": "gen9ou-2540925393", "format": "[Gen 9] OU", "players": ["Gyo99", "waha8"], "log": "|j|☆Gyo99\n|j|☆waha8\n|t:|1771267732\n|gametype|singles\n|player|p1|Gyo99|rocketgrunt|1609\n|player|p2|waha8|101|1598\n|gen|9\n|tier|[Gen 9] OU\n|rated|\n|rule|HP Percentage Mod: HP is shown in percentages\n|rule|Endless Battle Clause: Forcing endless battles is banned\n|rule|Species Clause: Limit one of each Pokémon\n|rule|OHKO Clause: OHKO moves are banned\n|rule|Evasion Items Clause: Evasion items are banned\n|rule|Evasion Moves Clause: Evasion moves are banned\n|rule|Evasion Abilities Clause: Evasion abilities are banned\n|rule|Sleep Moves Clause: Sleep-inducing moves are banned\n|clearpoke\n|poke|p1|Garchomp, M|\n|poke|p1|Corviknight, M|\n|poke|p1|Clefable, F|\n|poke|p1|Swampert, F|\n|poke|p1|Cinderace, M|\n|poke|p1|Darkrai|\n|poke|p2|Tsareena, F|\n|poke|p2|Vikavolt, F|\n|poke|p2|Ribombee, M|\n|poke|p2|Dragonite, M|\n|poke|p2|Hoopa-Unbound|\n|poke|p2|Indeedee, M|\n|teampreview\n|j| moodrandom\n|\n|t:|1771267765\n|teamsize|p1|6\n|teamsize|p2|6\n|start\n|switch|p1a: Swampert|Swampert, F|100/100\n|switch|p2a: Mavis|Ribombee, M|100/100\n|turn|1\n|\n|t:|1771267771\n|move|p2a: Mavis|Trick|p1a: Swampert\n|-activate|p2a: Mavis|move: Trick|[of] p1a: Swampert\n|-item|p1a: Swampert|Choice Scarf|[from] move: Trick\n|-item|p2a: Mavis|Leftovers|[from] move: Trick\n|move|p1a: Swampert|Flip Turn|p2a: Mavis\n|-damage|p2a: Mavis|57/100\n|j| chase598\n|\n|t:|1771267779\n|switch|p1a: Darkrai|Darkrai, shiny|100/100|[from] Flip Turn\n|\n|-heal|p2a: Mavis|63/100|[from] item: Leftovers\n|upkeep\n|turn|2\n|\n|t:|1771267785\n|move|p1a: Darkrai|Sludge Bomb|p2a: Mavis\n|-supereffective|p2a: Mavis\n|-damage|p2a: Mavis|0 fnt\n|faint|p2a: Mavis\n|\n|upkeep\n|\n|t:|1771267796\n|switch|p2a: MotherTeresa|Tsareena, F|100/100\n|turn|3\n|\n|t:|1771267799\n|switch|p1a: Corviknight|Corviknight, M, shiny|100/100\n|move|p2a: MotherTeresa|Knock Off|p1a: Corviknight\n|-damage|p1a: Corviknight|79/100\n|-damage|p2a: MotherTeresa|84/100|[from] item: Rocky Helmet|[of] p1a: Corviknight\n|-enditem|p1a: Corviknight|Rocky Helmet|[from] move: Knock Off|[of] p2a: MotherTeresa\n|\n|upkeep\n|turn|4\n|l| chase598\n|\n|t:|1771267807\n|switch|p2a: DeeDee|Indeedee, M|100/100\n|-fieldstart|move: Psychic Terrain|[from] ability: Psychic Surge|[of] p2a: DeeDee\n|move|p1a: Corviknight|U-turn|p2a: DeeDee\n|-supereffective|p2a: DeeDee\n|-damage|p2a: DeeDee|39/100\n|\n|t:|1771267815\n|switch|p1a: Darkrai|Darkrai, shiny|100/100|[from] U-turn\n|\n|upkeep\n|turn|5\n|\n|t:|1771267820\n|move|p1a: Darkrai|Dark Pulse|p2a: DeeDee\n|-supereffective|p2a: DeeDee\n|-damage|p2a: DeeDee|0 fnt\n|faint|p2a: DeeDee\n|\n|upkeep\n|\n|t:|1771267831\n|switch|p2a: F1|Vikavolt, F|100/100\n|turn|6\n|\n|t:|1771267839\n|move|p1a: Darkrai|Dark Pulse|p2a: F1\n|-damage|p2a: F1|11/100\n|cant|p2a: F1|flinch\n|\n|upkeep\n|turn|7\n|\n|t:|1771267846\n|move|p1a: Darkrai|Dark Pulse|p2a: F1\n|-damage|p2a: F1|0 fnt\n|faint|p2a: F1\n|\n|upkeep\n|\n|t:|1771267857\n|switch|p2a: Akon|Hoopa-Unbound|100/100\n|turn|8\n|\n|t:|1771267862\n|move|p1a: Darkrai|Dark Pulse|p2a: Akon\n|-damage|p2a: Akon|45/100\n|move|p2a: Akon|Expanding Force|p1a: Darkrai\n|-immune|p1a: Darkrai\n|\n|upkeep\n|turn|9\n|c|☆waha8|gg\n|-message|waha8 forfeited.\n|\n|win|Gyo99\n|raw|Gyo99's rating: 1609 &rarr; <strong>1628</strong><br />(+19 for winning)\n|raw|waha8's rating: 1598 &rarr; <strong>1579</strong><br />(-19 for losing)\n|l|☆waha8\n|player|p2|\n|l|☆Gyo99\n|player|p1|\n|l| moodrandom\n", "uploadtime": 1771268095, "views": 3, "formatid": "gen9ou", "rating": 1579, "private": 0, "password": null}