{"id": "gen9ou-2540604520", "format": "[Gen 9] OU", "players": ["asdfsadfsffsdfsdf", "ceo o wo chien"], "log": "|j|☆asdfsadfsffsdfsdf\n|j|☆ceo o wo chien\n|t:|1771225703\n|gametype|singles\n|player|p1|asdfsadfsffsdfsdf|101|1543\n|player|p2|ceo o wo chien|1|1689\n|gen|9\n|tier|[Gen 9] OU\n|rated|\n|rule|HP Percentage Mod: HP is shown in percentages\n|rule|Endless Battle Clause: Forcing endless battles is banned\n|rule|Species Clause: Limit one of each Pokémon\n|rule|OHKO Clause: OHKO moves are banned\n|rule|Evasion Items Clause: Evasion items are banned\n|rule|Evasion Moves Clause: Evasion moves are banned\n|rule|Evasion Abilities Clause: Evasion abilities are banned\n|rule|Sleep Moves Clause: Sleep-inducing moves are banned\n|clearpoke\n|poke|p1|Grimmsnarl, M|\n|poke|p1|Iron Treads|\n|poke|p1|Raging Bolt|\n|poke|p1|Deoxys-Speed|\n|poke|p1|Ogerpon-Wellspring, F|\n|poke|p1|Ceruledge, M|\n|poke|p2|Primarina, F|\n|poke|p2|Iron Crown|\n|poke|p2|Great Tusk|\n|poke|p2|Wo-Chien|\n|poke|p2|Moltres|\n|poke|p2|Dragapult, F|\n|teampreview\n|inactive|Battle timer is ON: inactive players will automatically lose when time's up. (requested by ceo o wo chien)\n|inactive|ceo o wo chien has 120 seconds left.\n|\n|t:|1771225736\n|teamsize|p1|6\n|teamsize|p2|6\n|start\n|switch|p1a: Grimmsnarl|Grimmsnarl, M, shiny|100/100\n|switch|p2a: Wo-Chien|Wo-Chien|100/100\n|-ability|p2a: Wo-Chien|Tablets of Ruin\n|turn|1\n|inactive|asdfsadfsffsdfsdf has 120 seconds left.\n|\n|t:|1771225769\n|move|p1a: Grimmsnarl|Taunt|p2a: Wo-Chien\n|-hint|Since gen 7, Dark is immune to Prankster moves.\n|-immune|p2a: Wo-Chien\n|move|p2a: Wo-Chien|Mean Look|p1a: Grimmsnarl\n|-activate|p1a: Grimmsnarl|trapped\n|\n|upkeep\n|turn|2\n|\n|t:|1771225781\n|move|p1a: Grimmsnarl|Low Kick|p2a: Wo-Chien\n|-supereffective|p2a: Wo-Chien\n|-damage|p2a: Wo-Chien|72/100\n|move|p2a: Wo-Chien|Leech Seed|p1a: Grimmsnarl\n|-start|p1a: Grimmsnarl|move: Leech Seed\n|\n|-heal|p2a: Wo-Chien|78/100|[from] item: Leftovers\n|-damage|p1a: Grimmsnarl|88/100|[from] Leech Seed|[of] p2a: Wo-Chien\n|-heal|p2a: Wo-Chien|89/100|[silent]\n|upkeep\n|turn|3\n|\n|t:|1771225791\n|move|p1a: Grimmsnarl|Low Kick|p2a: Wo-Chien\n|-supereffective|p2a: Wo-Chien\n|-damage|p2a: Wo-Chien|60/100\n|move|p2a: Wo-Chien|Taunt|p1a: Grimmsnarl\n|-start|p1a: Grimmsnarl|move: Taunt\n|\n|-heal|p2a: Wo-Chien|66/100|[from] item: Leftovers\n|-damage|p1a: Grimmsnarl|76/100|[from] Leech Seed|[of] p2a: Wo-Chien\n|-heal|p2a: Wo-Chien|77/100|[silent]\n|upkeep\n|turn|4\n|\n|t:|1771225801\n|move|p1a: Grimmsnarl|Low Kick|p2a: Wo-Chien\n|-supereffective|p2a: Wo-Chien\n|-damage|p2a: Wo-Chien|46/100\n|move|p2a: Wo-Chien|Foul Play|p1a: Grimmsnarl\n|-resisted|p1a: Grimmsnarl\n|-damage|p1a: Grimmsnarl|56/100\n|\n|-heal|p2a: Wo-Chien|52/100|[from] item: Leftovers\n|-damage|p1a: Grimmsnarl|44/100|[from] Leech Seed|[of] p2a: Wo-Chien\n|-heal|p2a: Wo-Chien|63/100|[silent]\n|upkeep\n|turn|5\n|\n|t:|1771225811\n|move|p1a: Grimmsnarl|Low Kick|p2a: Wo-Chien\n|-supereffective|p2a: Wo-Chien\n|-damage|p2a: Wo-Chien|33/100\n|move|p2a: Wo-Chien|Foul Play|p1a: Grimmsnarl\n|-resisted|p1a: Grimmsnarl\n|-damage|p1a: Grimmsnarl|25/100\n|\n|-heal|p2a: Wo-Chien|39/100|[from] item: Leftovers\n|-damage|p1a: Grimmsnarl|12/100|[from] Leech Seed|[of] p2a: Wo-Chien\n|-heal|p2a: Wo-Chien|50/100|[silent]\n|upkeep\n|turn|6\n|\n|t:|1771225820\n|switch|p2a: Dragapult|Dragapult, F|100/100\n|move|p1a: Grimmsnarl|Low Kick|p2a: Dragapult\n|-immune|p2a: Dragapult\n|\n|-damage|p1a: Grimmsnarl|0 fnt|[from] Leech Seed|[of] p2a: Dragapult\n|faint|p1a: Grimmsnarl\n|upkeep\n|inactive|asdfsadfsffsdfsdf has 120 seconds left.\n|\n|t:|1771225853\n|switch|p1a: Ceruledge|Ceruledge, M, shiny|100/100\n|turn|7\n|\n|t:|1771225862\n|move|p2a: Dragapult|Dragon Darts|p1a: Ceruledge\n|-damage|p1a: Ceruledge|50/100\n|-ability|p1a: Ceruledge|Weak Armor|boost\n|-unboost|p1a: Ceruledge|def|1\n|-boost|p1a: Ceruledge|spe|2\n|-anim|p2a: Dragapult|Dragon Darts|p1a: Ceruledge\n|-damage|p1a: Ceruledge|0 fnt\n|faint|p1a: Ceruledge\n|\n|upkeep\n|\n|t:|1771225872\n|switch|p1a: Iron Treads|Iron Treads, shiny|100/100\n|-enditem|p1a: Iron Treads|Booster Energy\n|-activate|p1a: Iron Treads|ability: Quark Drive|[fromitem]\n|-start|p1a: Iron Treads|quarkdrivespe\n|turn|8\n|\n|t:|1771225879\n|switch|p2a: Wo-Chien|Wo-Chien|50/100\n|-ability|p2a: Wo-Chien|Tablets of Ruin\n|move|p1a: Iron Treads|Stealth Rock|p2a: Wo-Chien\n|-sidestart|p2: ceo o wo chien|move: Stealth Rock\n|\n|-heal|p2a: Wo-Chien|56/100|[from] item: Leftovers\n|upkeep\n|turn|9\n|inactive|asdfsadfsffsdfsdf has 120 seconds left.\n|\n|t:|1771225893\n|-end|p1a: Iron Treads|Quark Drive|[silent]\n|switch|p1a: Raging Bolt|Raging Bolt|100/100\n|-enditem|p1a: Raging Bolt|Booster Energy\n|-activate|p1a: Raging Bolt|ability: Protosynthesis|[fromitem]\n|-start|p1a: Raging Bolt|protosynthesisspa\n|move|p2a: Wo-Chien|Leech Seed|p1a: Raging Bolt\n|-start|p1a: Raging Bolt|move: Leech Seed\n|\n|-heal|p2a: Wo-Chien|63/100|[from] item: Leftovers\n|-damage|p1a: Raging Bolt|88/100|[from] Leech Seed|[of] p2a: Wo-Chien\n|-heal|p2a: Wo-Chien|76/100|[silent]\n|upkeep\n|turn|10\n|inactive|asdfsadfsffsdfsdf has 120 seconds left.\n|\n|t:|1771225910\n|-end|p1a: Raging Bolt|Protosynthesis|[silent]\n|switch|p1a: Deoxys|Deoxys-Speed, shiny|100/100\n|-ability|p1a: Deoxys|Pressure\n|move|p2a: Wo-Chien|Foul Play|p1a: Deoxys\n|-supereffective|p1a: Deoxys\n|-crit|p1a: Deoxys\n|-damage|p1a: Deoxys|0 fnt\n|faint|p1a: Deoxys\n|\n|-heal|p2a: Wo-Chien|83/100|[from] item: Leftovers\n|upkeep\n|-message|asdfsadfsffsdfsdf forfeited.\n|\n|win|ceo o wo chien\n|raw|asdfsadfsffsdfsdf's rating: 1543 &rarr; <strong>1531</strong><br />(-12 for losing)\n|raw|ceo o wo chien's rating: 1689 &rarr; <strong>1701</strong><br />(+12 for winning)\n|l|☆asdfsadfsffsdfsdf\n|player|p1|\n", "uploadtime": 1771225928, "views": 10, "formatid": "gen9ou", "rating": 1531, "private": 0, "password": null}