{"id": "gen9ou-2540601901", "format": "[Gen 9] OU", "players": ["rblt ryo", "ceo o wo chien"], "log": "|j|☆rblt ryo\n|j|☆ceo o wo chien\n|t:|1771225191\n|gametype|singles\n|player|p1|rblt ryo|dawn|1662\n|player|p2|ceo o wo chien|1|1702\n|gen|9\n|tier|[Gen 9] OU\n|rated|\n|rule|HP Percentage Mod: HP is shown in percentages\n|rule|Endless Battle Clause: Forcing endless battles is banned\n|rule|Species Clause: Limit one of each Pokémon\n|rule|OHKO Clause: OHKO moves are banned\n|rule|Evasion Items Clause: Evasion items are banned\n|rule|Evasion Moves Clause: Evasion moves are banned\n|rule|Evasion Abilities Clause: Evasion abilities are banned\n|rule|Sleep Moves Clause: Sleep-inducing moves are banned\n|clearpoke\n|poke|p1|Metagross|\n|poke|p1|Keldeo-Resolute|\n|poke|p1|Ting-Lu|\n|poke|p1|Pecharunt|\n|poke|p1|Dragapult, M|\n|poke|p1|Zapdos|\n|poke|p2|Primarina, F|\n|poke|p2|Iron Crown|\n|poke|p2|Great Tusk|\n|poke|p2|Wo-Chien|\n|poke|p2|Moltres|\n|poke|p2|Dragapult, M|\n|teampreview\n|inactive|Battle timer is ON: inactive players will automatically lose when time's up. (requested by ceo o wo chien)\n|inactive|rblt ryo has 120 seconds left.\n|inactive|ceo o wo chien has 120 seconds left.\n|\n|t:|1771225236\n|teamsize|p1|6\n|teamsize|p2|6\n|start\n|switch|p1a: Pecharunt|Pecharunt|100/100\n|switch|p2a: Iron Crown|Iron Crown|100/100\n|turn|1\n|inactive|rblt ryo has 120 seconds left.\n|\n|t:|1771225273\n|switch|p1a: Ting-Lu|Ting-Lu|100/100\n|-ability|p1a: Ting-Lu|Vessel of Ruin\n|move|p2a: Iron Crown|Tachyon Cutter|p1a: Ting-Lu\n|-damage|p1a: Ting-Lu|85/100\n|-damage|p1a: Ting-Lu|69/100\n|-hitcount|p1a: Ting-Lu|2\n|\n|-heal|p1a: Ting-Lu|75/100|[from] item: Leftovers\n|upkeep\n|turn|2\n|inactive|rblt ryo has 120 seconds left.\n|\n|t:|1771225286\n|move|p2a: Iron Crown|Tachyon Cutter|p1a: Ting-Lu\n|-damage|p1a: Ting-Lu|58/100\n|-damage|p1a: Ting-Lu|43/100\n|-hitcount|p1a: Ting-Lu|2\n|move|p1a: Ting-Lu|Ruination|p2a: Iron Crown\n|-damage|p2a: Iron Crown|51/100\n|\n|-heal|p1a: Ting-Lu|50/100|[from] item: Leftovers\n|upkeep\n|turn|3\n|\n|t:|1771225294\n|-end|p2a: Iron Crown|Quark Drive|[silent]\n|switch|p2a: Primarina|Primarina, F|100/100\n|move|p1a: Ting-Lu|Ruination|p2a: Primarina\n|-damage|p2a: Primarina|51/100\n|\n|-heal|p1a: Ting-Lu|56/100|[from] item: Leftovers\n|upkeep\n|turn|4\n|\n|t:|1771225304\n|-terastallize|p1a: Ting-Lu|Water\n|move|p2a: Primarina|Surf|p1a: Ting-Lu\n|-resisted|p1a: Ting-Lu\n|-damage|p1a: Ting-Lu|45/100\n|move|p1a: Ting-Lu|Stealth Rock|p2a: Primarina\n|-sidestart|p2: ceo o wo chien|move: Stealth Rock\n|\n|-heal|p1a: Ting-Lu|51/100|[from] item: Leftovers\n|upkeep\n|turn|5\n|\n|t:|1771225315\n|move|p2a: Primarina|Flip Turn|p1a: Ting-Lu\n|-resisted|p1a: Ting-Lu\n|-damage|p1a: Ting-Lu|47/100\n|\n|t:|1771225316\n|switch|p2a: Moltres|Moltres|100/100|[from] Flip Turn\n|move|p1a: Ting-Lu|Whirlwind|p2a: Moltres\n|drag|p2a: Dragapult|Dragapult, M|100/100\n|-damage|p2a: Dragapult|88/100|[from] Stealth Rock\n|\n|-heal|p1a: Ting-Lu|54/100|[from] item: Leftovers\n|upkeep\n|turn|6\n|\n|t:|1771225329\n|move|p2a: Dragapult|Dragon Darts|p1a: Ting-Lu\n|-damage|p1a: Ting-Lu|34/100\n|-anim|p2a: Dragapult|Dragon Darts|p1a: Ting-Lu\n|-damage|p1a: Ting-Lu|14/100\n|move|p1a: Ting-Lu|Ruination|p2a: Dragapult\n|-damage|p2a: Dragapult|44/100\n|\n|-heal|p1a: Ting-Lu|20/100|[from] item: Leftovers\n|upkeep\n|turn|7\n|\n|t:|1771225340\n|switch|p1a: Metagross|Metagross, shiny|100/100\n|move|p2a: Dragapult|Dragon Darts|p1a: Metagross\n|-resisted|p1a: Metagross\n|-damage|p1a: Metagross|86/100\n|-anim|p2a: Dragapult|Dragon Darts|p1a: Metagross\n|-resisted|p1a: Metagross\n|-damage|p1a: Metagross|73/100\n|\n|upkeep\n|turn|8\n|\n|t:|1771225346\n|switch|p2a: Moltres|Moltres|100/100\n|move|p1a: Metagross|Knock Off|p2a: Moltres\n|-damage|p2a: Moltres|75/100\n|-enditem|p2a: Moltres|Heavy-Duty Boots|[from] move: Knock Off|[of] p1a: Metagross\n|\n|upkeep\n|turn|9\n|j| djdjdjde\n|\n|t:|1771225353\n|switch|p1a: Keldeo|Keldeo-Resolute, shiny|100/100\n|move|p2a: Moltres|U-turn|p1a: Keldeo\n|-resisted|p1a: Keldeo\n|-damage|p1a: Keldeo|92/100\n|\n|t:|1771225355\n|switch|p2a: Dragapult|Dragapult, M|44/100|[from] U-turn\n|-damage|p2a: Dragapult|32/100|[from] Stealth Rock\n|\n|upkeep\n|turn|10\n|l| djdjdjde\n|\n|t:|1771225369\n|move|p2a: Dragapult|Dragon Darts|p1a: Keldeo\n|-damage|p1a: Keldeo|48/100\n|-anim|p2a: Dragapult|Dragon Darts|p1a: Keldeo\n|-damage|p1a: Keldeo|5/100\n|move|p1a: Keldeo|Surf|p2a: Dragapult\n|-resisted|p2a: Dragapult\n|-damage|p2a: Dragapult|0 fnt\n|faint|p2a: Dragapult\n|\n|upkeep\n|\n|t:|1771225375\n|switch|p2a: Primarina|Primarina, F|51/100\n|-damage|p2a: Primarina|38/100|[from] Stealth Rock\n|turn|11\n|\n|t:|1771225385\n|switch|p1a: Ting-Lu|Ting-Lu, tera:Water|20/100\n|-ability|p1a: Ting-Lu|Vessel of Ruin\n|move|p2a: Primarina|Moonblast|p1a: Ting-Lu\n|-damage|p1a: Ting-Lu|0 fnt\n|faint|p1a: Ting-Lu\n|\n|upkeep\n|\n|t:|1771225389\n|switch|p1a: Zapdos|Zapdos|100/100\n|turn|12\n|\n|t:|1771225393\n|switch|p2a: Wo-Chien|Wo-Chien|100/100\n|-damage|p2a: Wo-Chien|88/100|[from] Stealth Rock\n|-ability|p2a: Wo-Chien|Tablets of Ruin\n|move|p1a: Zapdos|Volt Switch|p2a: Wo-Chien\n|-resisted|p2a: Wo-Chien\n|-damage|p2a: Wo-Chien|75/100\n|\n|t:|1771225398\n|switch|p1a: Keldeo|Keldeo-Resolute, shiny|5/100|[from] Volt Switch\n|\n|-heal|p2a: Wo-Chien|82/100|[from] item: Leftovers\n|upkeep\n|turn|13\n|\n|t:|1771225402\n|move|p1a: Keldeo|Secret Sword|p2a: Wo-Chien\n|-supereffective|p2a: Wo-Chien\n|-damage|p2a: Wo-Chien|0 fnt\n|faint|p2a: Wo-Chien\n|\n|upkeep\n|\n|t:|1771225409\n|switch|p2a: Great Tusk|Great Tusk|100/100\n|turn|14\n|\n|t:|1771225417\n|switch|p1a: Dragapult|Dragapult, M|100/100\n|move|p2a: Great Tusk|Stealth Rock|p1a: Dragapult\n|-sidestart|p1: rblt ryo|move: Stealth Rock\n|\n|upkeep\n|turn|15\n|\n|t:|1771225426\n|move|p1a: Dragapult|Shadow Ball|p2a: Great Tusk\n|-damage|p2a: Great Tusk|48/100\n|move|p2a: Great Tusk|Ice Spinner|p1a: Dragapult\n|-supereffective|p1a: Dragapult\n|-damage|p1a: Dragapult|38/100\n|\n|upkeep\n|turn|16\n|\n|t:|1771225434\n|move|p1a: Dragapult|Shadow Ball|p2a: Great Tusk\n|-damage|p2a: Great Tusk|0 fnt\n|faint|p2a: Great Tusk\n|-end|p2a: Great Tusk|Protosynthesis|[silent]\n|\n|upkeep\n|\n|t:|1771225437\n|switch|p2a: Primarina|Primarina, F|38/100\n|-damage|p2a: Primarina|26/100|[from] Stealth Rock\n|turn|17\n|\n|t:|1771225440\n|move|p1a: Dragapult|Shadow Ball|p2a: Primarina\n|-damage|p2a: Primarina|0 fnt\n|faint|p2a: Primarina\n|\n|upkeep\n|-message|ceo o wo chien forfeited.\n|\n|win|rblt ryo\n|raw|rblt ryo's rating: 1662 &rarr; <strong>1685</strong><br />(+23 for winning)\n|raw|ceo o wo chien's rating: 1723 &rarr; <strong>1700</strong><br />(-23 for losing)\n|l|☆ceo o wo chien\n|player|p2|\n", "uploadtime": 1771225580, "views": 18, "formatid": "gen9ou", "rating": 1685, "private": 0, "password": null}