{"id": "gen9ou-2540548400", "format": "[Gen 9] OU", "players": ["IcePhoenix1", "tommytt22"], "log": "|j|☆IcePhoenix1\n|j|☆tommytt22\n|t:|1771216303\n|gametype|singles\n|player|p1|IcePhoenix1|ghetsis-gen5bw|1548\n|player|p2|tommytt22|265|1588\n|gen|9\n|tier|[Gen 9] OU\n|rated|\n|rule|HP Percentage Mod: HP is shown in percentages\n|rule|Endless Battle Clause: Forcing endless battles is banned\n|rule|Species Clause: Limit one of each Pokémon\n|rule|OHKO Clause: OHKO moves are banned\n|rule|Evasion Items Clause: Evasion items are banned\n|rule|Evasion Moves Clause: Evasion moves are banned\n|rule|Evasion Abilities Clause: Evasion abilities are banned\n|rule|Sleep Moves Clause: Sleep-inducing moves are banned\n|clearpoke\n|poke|p1|Tyranitar, M|\n|poke|p1|Excadrill, M|\n|poke|p1|Iron Valiant|\n|poke|p1|Zapdos|\n|poke|p1|Ogerpon, F|\n|poke|p1|Toxapex, M|\n|poke|p2|Rillaboom, M|\n|poke|p2|Cinccino, F|\n|poke|p2|Ogerpon-Wellspring, F|\n|poke|p2|Cinderace, F|\n|poke|p2|Ting-Lu|\n|poke|p2|Gholdengo|\n|teampreview\n|j| ctjn17\n|\n|t:|1771216323\n|teamsize|p1|6\n|teamsize|p2|6\n|start\n|switch|p1a: Ogerpon|Ogerpon, F|100/100\n|switch|p2a: Cinderace|Cinderace, F|100/100\n|turn|1\n|\n|t:|1771216328\n|switch|p1a: Toxapex|Toxapex, M, shiny|100/100\n|move|p2a: Cinderace|Will-O-Wisp|p1a: Toxapex\n|-status|p1a: Toxapex|brn\n|\n|-damage|p1a: Toxapex|95/100 brn|[from] brn\n|upkeep\n|turn|2\n|\n|t:|1771216337\n|switch|p1a: Zapdos|Zapdos, shiny|100/100\n|move|p2a: Cinderace|U-turn|p1a: Zapdos\n|-resisted|p1a: Zapdos\n|-damage|p1a: Zapdos|88/100\n|l| ctjn17\n|\n|t:|1771216347\n|switch|p2a: Gholdengo|Gholdengo|100/100|[from] U-turn\n|\n|upkeep\n|turn|3\n|\n|t:|1771216350\n|move|p2a: Gholdengo|Trick|p1a: Zapdos\n|-activate|p2a: Gholdengo|move: Trick|[of] p1a: Zapdos\n|-item|p1a: Zapdos|Choice Scarf|[from] move: Trick\n|-item|p2a: Gholdengo|Heavy-Duty Boots|[from] move: Trick\n|move|p1a: Zapdos|Heat Wave|p2a: Gholdengo\n|-supereffective|p2a: Gholdengo\n|-crit|p2a: Gholdengo\n|-damage|p2a: Gholdengo|0 fnt\n|faint|p2a: Gholdengo\n|\n|upkeep\n|\n|t:|1771216365\n|switch|p2a: Cinderace|Cinderace, F|100/100\n|turn|4\n|\n|t:|1771216368\n|switch|p1a: Toxapex|Toxapex, M, shiny|100/100 brn\n|move|p2a: Cinderace|U-turn|p1a: Toxapex\n|-resisted|p1a: Toxapex\n|-damage|p1a: Toxapex|92/100 brn\n|-enditem|p1a: Toxapex|Eject Button\n|\n|t:|1771216375\n|switch|p1a: Zapdos|Zapdos, shiny|88/100\n|\n|upkeep\n|turn|5\n|inactive|Battle timer is ON: inactive players will automatically lose when time's up. (requested by tommytt22)\n|\n|t:|1771216381\n|switch|p2a: Ting-Lu|Ting-Lu|100/100\n|-ability|p2a: Ting-Lu|Vessel of Ruin\n|move|p1a: Zapdos|Hurricane|p2a: Ting-Lu\n|-damage|p2a: Ting-Lu|75/100\n|-start|p2a: Ting-Lu|confusion\n|-enditem|p2a: Ting-Lu|Red Card|[of] p1a: Zapdos\n|drag|p1a: Tyranitar|Tyranitar, M, shiny|100/100\n|-weather|Sandstorm|[from] ability: Sand Stream|[of] p1a: Tyranitar\n|\n|-weather|Sandstorm|[upkeep]\n|upkeep\n|turn|6\n|\n|t:|1771216392\n|move|p1a: Tyranitar|Low Kick|p2a: Ting-Lu\n|-supereffective|p2a: Ting-Lu\n|-damage|p2a: Ting-Lu|16/100\n|-activate|p2a: Ting-Lu|confusion\n|-damage|p2a: Ting-Lu|7/100|[from] confusion\n|\n|-weather|Sandstorm|[upkeep]\n|upkeep\n|turn|7\n|inactive|tommytt22 has 120 seconds left.\n|inactive|tommytt22 has 90 seconds left.\n|inactive|tommytt22 has 60 seconds left.\n|\n|t:|1771216483\n|move|p1a: Tyranitar|Knock Off|p2a: Ting-Lu\n|-resisted|p2a: Ting-Lu\n|-damage|p2a: Ting-Lu|0 fnt\n|faint|p2a: Ting-Lu\n|\n|-weather|Sandstorm|[upkeep]\n|upkeep\n|\n|t:|1771216486\n|switch|p2a: Cinccino|Cinccino, F|100/100\n|turn|8\n|\n|t:|1771216494\n|move|p2a: Cinccino|Bullet Seed|p1a: Tyranitar\n|-supereffective|p1a: Tyranitar\n|-damage|p1a: Tyranitar|80/100\n|-supereffective|p1a: Tyranitar\n|-damage|p1a: Tyranitar|62/100\n|-supereffective|p1a: Tyranitar\n|-damage|p1a: Tyranitar|44/100\n|-supereffective|p1a: Tyranitar\n|-damage|p1a: Tyranitar|24/100\n|-supereffective|p1a: Tyranitar\n|-damage|p1a: Tyranitar|4/100\n|-hitcount|p1a: Tyranitar|5\n|move|p1a: Tyranitar|Knock Off|p2a: Cinccino\n|-damage|p2a: Cinccino|0 fnt\n|-enditem|p2a: Cinccino|Loaded Dice|[from] move: Knock Off|[of] p1a: Tyranitar\n|faint|p2a: Cinccino\n|\n|-weather|Sandstorm|[upkeep]\n|upkeep\n|\n|t:|1771216509\n|switch|p2a: Ogerpon|Ogerpon-Wellspring, F|100/100\n|turn|9\n|\n|t:|1771216515\n|move|p2a: Ogerpon|Trailblaze|p1a: Tyranitar\n|-supereffective|p1a: Tyranitar\n|-damage|p1a: Tyranitar|0 fnt\n|-boost|p2a: Ogerpon|spe|1\n|faint|p1a: Tyranitar\n|\n|-weather|Sandstorm|[upkeep]\n|-damage|p2a: Ogerpon|95/100|[from] Sandstorm\n|upkeep\n|\n|t:|1771216526\n|switch|p1a: Excadrill|Excadrill, M, shiny|100/100\n|turn|10\n|inactive|tommytt22 has 90 seconds left.\n|\n|t:|1771216532\n|move|p1a: Excadrill|Earthquake|p2a: Ogerpon\n|-resisted|p2a: Ogerpon\n|-damage|p2a: Ogerpon|58/100\n|move|p2a: Ogerpon|Trailblaze|p1a: Excadrill\n|-damage|p1a: Excadrill|60/100\n|-boost|p2a: Ogerpon|spe|1\n|\n|-weather|Sandstorm|[upkeep]\n|-damage|p2a: Ogerpon|52/100|[from] Sandstorm\n|-heal|p1a: Excadrill|66/100|[from] item: Leftovers\n|upkeep\n|turn|11\n|inactive|tommytt22 has 90 seconds left.\n|\n|t:|1771216543\n|move|p2a: Ogerpon|Ivy Cudgel|p1a: Excadrill|[anim] Ivy Cudgel Water\n|-supereffective|p1a: Excadrill\n|-damage|p1a: Excadrill|0 fnt\n|faint|p1a: Excadrill\n|\n|-weather|Sandstorm|[upkeep]\n|-damage|p2a: Ogerpon|46/100|[from] Sandstorm\n|upkeep\n|\n|t:|1771216555\n|switch|p1a: Iron Valiant|Iron Valiant, shiny|100/100\n|turn|12\n|\n|t:|1771216563\n|move|p1a: Iron Valiant|Vacuum Wave|p2a: Ogerpon\n|-damage|p2a: Ogerpon|8/100\n|move|p2a: Ogerpon|Horn Leech|p1a: Iron Valiant\n|-damage|p1a: Iron Valiant|46/100\n|-heal|p2a: Ogerpon|35/100|[from] drain|[of] p1a: Iron Valiant\n|\n|-weather|none\n|upkeep\n|turn|13\n|\n|t:|1771216573\n|switch|p2a: Cinderace|Cinderace, F|100/100\n|move|p1a: Iron Valiant|Vacuum Wave|p2a: Cinderace\n|-damage|p2a: Cinderace|61/100\n|\n|upkeep\n|turn|14\n|\n|t:|1771216581\n|-end|p1a: Iron Valiant|Quark Drive|[silent]\n|switch|p1a: Toxapex|Toxapex, M, shiny|100/100 brn\n|move|p2a: Cinderace|Pyro Ball|p1a: Toxapex\n|-resisted|p1a: Toxapex\n|-damage|p1a: Toxapex|79/100 brn\n|\n|-damage|p1a: Toxapex|73/100 brn|[from] brn\n|upkeep\n|turn|15\n|\n|t:|1771216587\n|switch|p2a: Rillaboom|Rillaboom, M|100/100\n|-fieldstart|move: Grassy Terrain|[from] ability: Grassy Surge|[of] p2a: Rillaboom\n|move|p1a: Toxapex|Toxic|p2a: Rillaboom\n|-status|p2a: Rillaboom|tox\n|\n|-heal|p1a: Toxapex|79/100 brn|[from] Grassy Terrain\n|-damage|p2a: Rillaboom|94/100 tox|[from] psn\n|-damage|p1a: Toxapex|73/100 brn|[from] brn\n|upkeep\n|turn|16\n|inactive|tommytt22 has 120 seconds left.\n|\n|t:|1771216612\n|switch|p2a: Ogerpon|Ogerpon-Wellspring, F|35/100\n|switch|p1a: Zapdos|Zapdos, shiny|88/100\n|\n|-heal|p2a: Ogerpon|41/100|[from] Grassy Terrain\n|upkeep\n|turn|17\n|inactive|tommytt22 has 120 seconds left.\n|\n|t:|1771216628\n|move|p1a: Zapdos|Volt Switch|p2a: Ogerpon\n|-damage|p2a: Ogerpon|0 fnt\n|faint|p2a: Ogerpon\n|-message|tommytt22 forfeited.\n|\n|win|IcePhoenix1\n|raw|IcePhoenix1's rating: 1548 &rarr; <strong>1570</strong><br />(+22 for winning)\n|raw|tommytt22's rating: 1588 &rarr; <strong>1566</strong><br />(-22 for losing)\n|l|☆tommytt22\n|player|p2|\n|l|☆IcePhoenix1\n|player|p1|\n", "uploadtime": 1771216861, "views": 7, "formatid": "gen9ou", "rating": 1566, "private": 0, "password": null}