{"id": "gen9ou-2540601476", "format": "[Gen 9] OU", "players": ["asdfsadfsffsdfsdf", "Holy Air"], "log": "|j|☆asdfsadfsffsdfsdf\n|j|☆Holy Air\n|t:|1771225115\n|gametype|singles\n|player|p1|asdfsadfsffsdfsdf|101|1520\n|player|p2|Holy Air|miku-ground|1557\n|gen|9\n|tier|[Gen 9] OU\n|rated|\n|rule|HP Percentage Mod: HP is shown in percentages\n|rule|Endless Battle Clause: Forcing endless battles is banned\n|rule|Species Clause: Limit one of each Pokémon\n|rule|OHKO Clause: OHKO moves are banned\n|rule|Evasion Items Clause: Evasion items are banned\n|rule|Evasion Moves Clause: Evasion moves are banned\n|rule|Evasion Abilities Clause: Evasion abilities are banned\n|rule|Sleep Moves Clause: Sleep-inducing moves are banned\n|clearpoke\n|poke|p1|Grimmsnarl, M|\n|poke|p1|Iron Treads|\n|poke|p1|Raging Bolt|\n|poke|p1|Deoxys-Speed|\n|poke|p1|Ogerpon-Wellspring, F|\n|poke|p1|Ceruledge, M|\n|poke|p2|Raging Bolt|\n|poke|p2|Ninetales, F|\n|poke|p2|Walking Wake|\n|poke|p2|Hatterene, F|\n|poke|p2|Great Tusk|\n|poke|p2|Iron Moth|\n|teampreview\n|inactive|Battle timer is ON: inactive players will automatically lose when time's up. (requested by Holy Air)\n|\n|t:|1771225144\n|teamsize|p1|6\n|teamsize|p2|6\n|start\n|switch|p1a: Iron Treads|Iron Treads, shiny|100/100\n|switch|p2a: Raging Bolt|Raging Bolt|100/100\n|-enditem|p1a: Iron Treads|Booster Energy\n|-activate|p1a: Iron Treads|ability: Quark Drive|[fromitem]\n|-start|p1a: Iron Treads|quarkdrivespe\n|turn|1\n|\n|t:|1771225155\n|-end|p2a: Raging Bolt|Protosynthesis|[silent]\n|switch|p2a: Great Tusk|Great Tusk|100/100\n|move|p1a: Iron Treads|Earth Power|p2a: Great Tusk\n|-damage|p2a: Great Tusk|51/100\n|\n|upkeep\n|turn|2\n|\n|t:|1771225171\n|move|p1a: Iron Treads|Steel Beam|p2a: Great Tusk\n|-damage|p2a: Great Tusk|0 fnt\n|-damage|p1a: Iron Treads|50/100|[from] steelbeam\n|faint|p2a: Great Tusk\n|-end|p2a: Great Tusk|Protosynthesis|[silent]\n|\n|upkeep\n|\n|t:|1771225179\n|switch|p2a: Walking Wake|Walking Wake|100/100\n|turn|3\n|\n|t:|1771225187\n|move|p1a: Iron Treads|Stealth Rock|p2a: Walking Wake\n|-sidestart|p2: Holy Air|move: Stealth Rock\n|move|p2a: Walking Wake|Flamethrower|p1a: Iron Treads\n|-supereffective|p1a: Iron Treads\n|-damage|p1a: Iron Treads|0 fnt\n|faint|p1a: Iron Treads\n|-end|p1a: Iron Treads|Quark Drive|[silent]\n|\n|upkeep\n|\n|t:|1771225198\n|switch|p1a: Raging Bolt|Raging Bolt|100/100\n|-enditem|p1a: Raging Bolt|Booster Energy\n|-activate|p1a: Raging Bolt|ability: Protosynthesis|[fromitem]\n|-start|p1a: Raging Bolt|protosynthesisspa\n|turn|4\n|\n|t:|1771225215\n|-end|p2a: Walking Wake|Protosynthesis|[silent]\n|switch|p2a: Hatterene|Hatterene, F, shiny|100/100\n|-damage|p2a: Hatterene|88/100|[from] Stealth Rock\n|-terastallize|p1a: Raging Bolt|Flying\n|move|p1a: Raging Bolt|Dragon Pulse|p2a: Hatterene\n|-immune|p2a: Hatterene\n|\n|upkeep\n|turn|5\n|\n|t:|1771225243\n|move|p1a: Raging Bolt|Calm Mind|p1a: Raging Bolt\n|-boost|p1a: Raging Bolt|spa|1\n|-boost|p1a: Raging Bolt|spd|1\n|move|p2a: Hatterene|Nuzzle|p1a: Raging Bolt\n|-supereffective|p1a: Raging Bolt\n|-damage|p1a: Raging Bolt|94/100\n|-status|p1a: Raging Bolt|par\n|\n|upkeep\n|turn|6\n|\n|t:|1771225253\n|cant|p1a: Raging Bolt|par\n|move|p2a: Hatterene|Mystical Fire|p1a: Raging Bolt\n|-damage|p1a: Raging Bolt|81/100 par\n|-unboost|p1a: Raging Bolt|spa|1\n|\n|upkeep\n|turn|7\n|inactive|Holy Air has 120 seconds left.\n|\n|t:|1771225290\n|-end|p1a: Raging Bolt|Protosynthesis|[silent]\n|switch|p1a: Ceruledge|Ceruledge, M, shiny|100/100\n|move|p2a: Hatterene|Mystical Fire|p1a: Ceruledge\n|-resisted|p1a: Ceruledge\n|-damage|p1a: Ceruledge|89/100\n|-unboost|p1a: Ceruledge|spa|1\n|\n|upkeep\n|turn|8\n|\n|t:|1771225309\n|switch|p2a: Walking Wake|Walking Wake|100/100\n|-damage|p2a: Walking Wake|88/100|[from] Stealth Rock\n|move|p1a: Ceruledge|Poltergeist|p2a: Walking Wake|[miss]\n|-miss|p1a: Ceruledge|p2a: Walking Wake\n|\n|upkeep\n|turn|9\n|\n|t:|1771225317\n|move|p2a: Walking Wake|Draco Meteor|p1a: Ceruledge\n|-damage|p1a: Ceruledge|0 fnt\n|-unboost|p2a: Walking Wake|spa|2\n|faint|p1a: Ceruledge\n|\n|upkeep\n|\n|t:|1771225324\n|switch|p1a: Ogerpon|Ogerpon-Wellspring, F|100/100\n|turn|10\n|\n|t:|1771225334\n|-end|p2a: Walking Wake|Protosynthesis|[silent]\n|switch|p2a: Raging Bolt|Raging Bolt|100/100\n|-damage|p2a: Raging Bolt|88/100|[from] Stealth Rock\n|move|p1a: Ogerpon|Swords Dance|p1a: Ogerpon\n|-boost|p1a: Ogerpon|atk|2\n|\n|upkeep\n|turn|11\n|\n|t:|1771225351\n|move|p2a: Raging Bolt|Volt Switch|p1a: Ogerpon\n|-damage|p1a: Ogerpon|57/100\n|\n|t:|1771225356\n|-end|p2a: Raging Bolt|Protosynthesis|[silent]\n|switch|p2a: Hatterene|Hatterene, F, shiny|88/100|[from] Volt Switch\n|-damage|p2a: Hatterene|76/100|[from] Stealth Rock\n|move|p1a: Ogerpon|Play Rough|p2a: Hatterene\n|-damage|p2a: Hatterene|14/100\n|\n|upkeep\n|turn|12\n|\n|t:|1771225366\n|move|p1a: Ogerpon|Trailblaze|p2a: Hatterene\n|-damage|p2a: Hatterene|0 fnt\n|-boost|p1a: Ogerpon|spe|1\n|faint|p2a: Hatterene\n|\n|upkeep\n|\n|t:|1771225370\n|switch|p2a: Raging Bolt|Raging Bolt|88/100\n|-damage|p2a: Raging Bolt|76/100|[from] Stealth Rock\n|turn|13\n|\n|t:|1771225379\n|switch|p1a: Grimmsnarl|Grimmsnarl, M, shiny|100/100\n|move|p2a: Raging Bolt|Draco Meteor|p1a: Grimmsnarl\n|-immune|p1a: Grimmsnarl\n|\n|upkeep\n|turn|14\n|\n|t:|1771225388\n|-end|p2a: Raging Bolt|Protosynthesis|[silent]\n|switch|p2a: Ninetales|Ninetales, F, shiny|100/100\n|-damage|p2a: Ninetales|76/100|[from] Stealth Rock\n|-weather|SunnyDay|[from] ability: Drought|[of] p2a: Ninetales\n|move|p1a: Grimmsnarl|Taunt|p2a: Ninetales\n|-start|p2a: Ninetales|move: Taunt\n|\n|-weather|SunnyDay|[upkeep]\n|upkeep\n|turn|15\n|\n|t:|1771225398\n|move|p1a: Grimmsnarl|Light Screen|p1a: Grimmsnarl\n|-sidestart|p1: asdfsadfsffsdfsdf|move: Light Screen\n|move|p2a: Ninetales|Weather Ball|p1a: Grimmsnarl\n|-damage|p1a: Grimmsnarl|73/100\n|\n|-weather|SunnyDay|[upkeep]\n|upkeep\n|turn|16\n|\n|t:|1771225419\n|switch|p2a: Iron Moth|Iron Moth|100/100\n|-damage|p2a: Iron Moth|76/100|[from] Stealth Rock\n|-enditem|p2a: Iron Moth|Booster Energy\n|-activate|p2a: Iron Moth|ability: Quark Drive|[fromitem]\n|-start|p2a: Iron Moth|quarkdrivespa\n|switch|p1a: Deoxys|Deoxys-Speed, shiny|100/100\n|-ability|p1a: Deoxys|Pressure\n|\n|-weather|SunnyDay|[upkeep]\n|upkeep\n|turn|17\n|\n|t:|1771225432\n|move|p1a: Deoxys|Psycho Boost|p2a: Iron Moth\n|-supereffective|p2a: Iron Moth\n|-crit|p2a: Iron Moth\n|-damage|p2a: Iron Moth|0 fnt\n|-unboost|p1a: Deoxys|spa|2\n|faint|p2a: Iron Moth\n|-end|p2a: Iron Moth|Quark Drive|[silent]\n|\n|-weather|SunnyDay|[upkeep]\n|upkeep\n|\n|t:|1771225437\n|switch|p2a: Walking Wake|Walking Wake|88/100\n|-damage|p2a: Walking Wake|76/100|[from] Stealth Rock\n|-activate|p2a: Walking Wake|ability: Protosynthesis\n|-start|p2a: Walking Wake|protosynthesisspe\n|turn|18\n|\n|t:|1771225453\n|switch|p1a: Grimmsnarl|Grimmsnarl, M, shiny|73/100\n|move|p2a: Walking Wake|Flamethrower|p1a: Grimmsnarl\n|-damage|p1a: Grimmsnarl|31/100\n|\n|-weather|SunnyDay|[upkeep]\n|upkeep\n|turn|19\n|\n|t:|1771225464\n|move|p1a: Grimmsnarl|Light Screen||[still]\n|-fail|p1a: Grimmsnarl\n|move|p2a: Walking Wake|Flamethrower|p1a: Grimmsnarl\n|-damage|p1a: Grimmsnarl|0 fnt\n|faint|p1a: Grimmsnarl\n|\n|-weather|SunnyDay|[upkeep]\n|upkeep\n|\n|t:|1771225473\n|switch|p1a: Ogerpon|Ogerpon-Wellspring, F|57/100\n|turn|20\n|\n|t:|1771225480\n|-terastallize|p2a: Walking Wake|Water\n|move|p2a: Walking Wake|Flamethrower|p1a: Ogerpon\n|-damage|p1a: Ogerpon|17/100\n|move|p1a: Ogerpon|Play Rough|p2a: Walking Wake\n|-damage|p2a: Walking Wake|33/100\n|\n|-weather|SunnyDay|[upkeep]\n|upkeep\n|turn|21\n|\n|t:|1771225493\n|move|p2a: Walking Wake|Flamethrower|p1a: Ogerpon\n|-damage|p1a: Ogerpon|0 fnt\n|faint|p1a: Ogerpon\n|\n|-weather|none\n|-end|p2a: Walking Wake|Protosynthesis\n|upkeep\n|\n|t:|1771225500\n|switch|p1a: Deoxys|Deoxys-Speed, shiny|100/100\n|-ability|p1a: Deoxys|Pressure\n|turn|22\n|\n|t:|1771225508\n|-end|p2a: Walking Wake|Protosynthesis|[silent]\n|switch|p2a: Ninetales|Ninetales, F, shiny|76/100\n|-damage|p2a: Ninetales|51/100|[from] Stealth Rock\n|-weather|SunnyDay|[from] ability: Drought|[of] p2a: Ninetales\n|move|p1a: Deoxys|Substitute|p1a: Deoxys\n|-start|p1a: Deoxys|Substitute\n|-damage|p1a: Deoxys|76/100\n|\n|-weather|SunnyDay|[upkeep]\n|-heal|p1a: Deoxys|82/100|[from] item: Leftovers\n|-sideend|p1: asdfsadfsffsdfsdf|move: Light Screen\n|upkeep\n|turn|23\n|\n|t:|1771225523\n|move|p1a: Deoxys|Nasty Plot|p1a: Deoxys\n|-boost|p1a: Deoxys|spa|2\n|move|p2a: Ninetales|Healing Wish|p2a: Ninetales\n|faint|p2a: Ninetales\n|\n|-weather|SunnyDay|[upkeep]\n|-heal|p1a: Deoxys|88/100|[from] item: Leftovers\n|upkeep\n|\n|t:|1771225525\n|switch|p2a: Walking Wake|Walking Wake, tera:Water|33/100\n|-heal|p2a: Walking Wake|100/100|[from] move: Healing Wish\n|-damage|p2a: Walking Wake|88/100|[from] Stealth Rock\n|-activate|p2a: Walking Wake|ability: Protosynthesis\n|-start|p2a: Walking Wake|protosynthesisspe\n|turn|24\n|\n|t:|1771225541\n|move|p2a: Walking Wake|Hydro Steam|p1a: Deoxys\n|-end|p1a: Deoxys|Substitute\n|move|p1a: Deoxys|Psycho Boost|p2a: Walking Wake\n|-damage|p2a: Walking Wake|0 fnt\n|-unboost|p1a: Deoxys|spa|2\n|faint|p2a: Walking Wake\n|-end|p2a: Walking Wake|Protosynthesis|[silent]\n|\n|-weather|SunnyDay|[upkeep]\n|-heal|p1a: Deoxys|94/100|[from] item: Leftovers\n|upkeep\n|\n|t:|1771225544\n|switch|p2a: Raging Bolt|Raging Bolt|76/100\n|-damage|p2a: Raging Bolt|64/100|[from] Stealth Rock\n|-activate|p2a: Raging Bolt|ability: Protosynthesis\n|-start|p2a: Raging Bolt|protosynthesisspa\n|turn|25\n|\n|t:|1771225558\n|move|p1a: Deoxys|Psycho Boost|p2a: Raging Bolt\n|-damage|p2a: Raging Bolt|2/100\n|-unboost|p1a: Deoxys|spa|2\n|move|p2a: Raging Bolt|Draco Meteor|p1a: Deoxys\n|-damage|p1a: Deoxys|0 fnt\n|-unboost|p2a: Raging Bolt|spa|2\n|faint|p1a: Deoxys\n|\n|-weather|SunnyDay|[upkeep]\n|upkeep\n|\n|t:|1771225568\n|switch|p1a: Raging Bolt|Raging Bolt, tera:Flying|81/100 par\n|-activate|p1a: Raging Bolt|ability: Protosynthesis\n|-start|p1a: Raging Bolt|protosynthesisspa\n|turn|26\n|\n|t:|1771225583\n|move|p1a: Raging Bolt|Thunderclap|p2a: Raging Bolt\n|-resisted|p2a: Raging Bolt\n|-damage|p2a: Raging Bolt|0 fnt\n|faint|p2a: Raging Bolt\n|-end|p2a: Raging Bolt|Protosynthesis|[silent]\n|\n|win|asdfsadfsffsdfsdf\n|raw|asdfsadfsffsdfsdf's rating: 1520 &rarr; <strong>1543</strong><br />(+23 for winning)\n|raw|Holy Air's rating: 1577 &rarr; <strong>1554</strong><br />(-23 for losing)\n|c|☆asdfsadfsffsdfsdf|gg\n|l|☆Holy Air\n|player|p2|\n|l|☆asdfsadfsffsdfsdf\n|player|p1|\n", "uploadtime": 1771225719, "views": 6, "formatid": "gen9ou", "rating": 1543, "private": 0, "password": null}