{"id": "gen9ou-2540694960", "format": "[Gen 9] OU", "players": ["isaac_pruebas", "Obling"], "log": "|j|☆isaac_pruebas\n|j|☆Obling\n|t:|1771241589\n|gametype|singles\n|player|p1|isaac_pruebas|acetrainer-gen4dp|1821\n|player|p2|Obling|player-go|1724\n|gen|9\n|tier|[Gen 9] OU\n|rated|\n|rule|HP Percentage Mod: HP is shown in percentages\n|rule|Endless Battle Clause: Forcing endless battles is banned\n|rule|Species Clause: Limit one of each Pokémon\n|rule|OHKO Clause: OHKO moves are banned\n|rule|Evasion Items Clause: Evasion items are banned\n|rule|Evasion Moves Clause: Evasion moves are banned\n|rule|Evasion Abilities Clause: Evasion abilities are banned\n|rule|Sleep Moves Clause: Sleep-inducing moves are banned\n|clearpoke\n|poke|p1|Primarina, F|\n|poke|p1|Raging Bolt|\n|poke|p1|Heatran, M|\n|poke|p1|Weezing-Galar, M|\n|poke|p1|Garchomp, M|\n|poke|p1|Weavile, F|\n|poke|p2|Deoxys-Speed|\n|poke|p2|Salamence, F|\n|poke|p2|Kingambit, M|\n|poke|p2|Ogerpon-Wellspring, F|\n|poke|p2|Latias, F|\n|poke|p2|Iron Moth|\n|teampreview\n|inactive|Battle timer is ON: inactive players will automatically lose when time's up. (requested by Obling)\n|\n|t:|1771241602\n|teamsize|p1|6\n|teamsize|p2|6\n|start\n|switch|p1a: Weavile|Weavile, F|100/100\n|switch|p2a: Deoxys|Deoxys-Speed|100/100\n|-ability|p2a: Deoxys|Pressure\n|-ability|p1a: Weavile|Pressure\n|turn|1\n|\n|t:|1771241605\n|move|p2a: Deoxys|Reflect|p2a: Deoxys\n|-sidestart|p2: Obling|Reflect\n|move|p1a: Weavile|Knock Off|p2a: Deoxys\n|-supereffective|p2a: Deoxys\n|-damage|p2a: Deoxys|41/100\n|-enditem|p2a: Deoxys|Light Clay|[from] move: Knock Off|[of] p1a: Weavile\n|\n|upkeep\n|turn|2\n|j| loalalmity\n|\n|t:|1771241618\n|move|p2a: Deoxys|Stealth Rock|p1a: Weavile\n|-sidestart|p1: isaac_pruebas|move: Stealth Rock\n|move|p1a: Weavile|Triple Axel|p2a: Deoxys\n|-crit|p2a: Deoxys\n|-damage|p2a: Deoxys|23/100\n|-damage|p2a: Deoxys|12/100\n|-hitcount|p2a: Deoxys|2\n|\n|upkeep\n|turn|3\n|l| loalalmity\n|\n|t:|1771241627\n|move|p1a: Weavile|Ice Shard|p2a: Deoxys\n|-damage|p2a: Deoxys|0 fnt\n|faint|p2a: Deoxys\n|\n|upkeep\n|\n|t:|1771241637\n|switch|p2a: V|Ogerpon-Wellspring, F|100/100\n|turn|4\n|\n|t:|1771241639\n|switch|p1a: Weezing|Weezing-Galar, M, shiny|100/100\n|-damage|p1a: Weezing|88/100|[from] Stealth Rock\n|move|p2a: V|Play Rough|p1a: Weezing\n|-resisted|p1a: Weezing\n|-damage|p1a: Weezing|76/100\n|\n|-heal|p1a: Weezing|82/100|[from] item: Black Sludge\n|upkeep\n|turn|5\n|\n|t:|1771241645\n|move|p2a: V|Swords Dance|p2a: V\n|-boost|p2a: V|atk|2\n|move|p1a: Weezing|Defog|p2a: V\n|-unboost|p2a: V|evasion|1\n|-sideend|p2: Obling|Reflect\n|-sideend|p1: isaac_pruebas|Stealth Rock|[from] move: Defog|[of] p1a: Weezing\n|\n|-heal|p1a: Weezing|88/100|[from] item: Black Sludge\n|upkeep\n|turn|6\n|\n|t:|1771241650\n|move|p2a: V|Ivy Cudgel|p1a: Weezing|[anim] Ivy Cudgel Water\n|-damage|p1a: Weezing|4/100\n|move|p1a: Weezing|Will-O-Wisp|p2a: V\n|-status|p2a: V|brn\n|\n|-heal|p1a: Weezing|10/100|[from] item: Black Sludge\n|-damage|p2a: V|95/100 brn|[from] brn\n|upkeep\n|turn|7\n|\n|t:|1771241656\n|move|p2a: V|Swords Dance|p2a: V\n|-boost|p2a: V|atk|2\n|move|p1a: Weezing|Pain Split|p2a: V\n|-sethp|p2a: V|53/100 brn|[from] move: Pain Split|[silent]\n|-sethp|p1a: Weezing|48/100|[from] move: Pain Split\n|\n|-heal|p1a: Weezing|53/100|[from] item: Black Sludge\n|-damage|p2a: V|47/100 brn|[from] brn\n|upkeep\n|turn|8\n|\n|t:|1771241658\n|move|p2a: V|Ivy Cudgel|p1a: Weezing|[anim] Ivy Cudgel Water\n|-damage|p1a: Weezing|0 fnt\n|faint|p1a: Weezing\n|\n|-damage|p2a: V|41/100 brn|[from] brn\n|upkeep\n|\n|t:|1771241662\n|switch|p1a: Weavile|Weavile, F|100/100\n|-ability|p1a: Weavile|Pressure\n|turn|9\n|\n|t:|1771241664\n|move|p1a: Weavile|Triple Axel|p2a: V\n|-damage|p2a: V|28/100 brn\n|-damage|p2a: V|4/100 brn\n|-damage|p2a: V|0 fnt\n|faint|p2a: V\n|-hitcount|p2: V|3\n|\n|upkeep\n|\n|t:|1771241672\n|switch|p2a: Iron Moth|Iron Moth|100/100\n|-enditem|p2a: Iron Moth|Booster Energy\n|-activate|p2a: Iron Moth|ability: Quark Drive|[fromitem]\n|-start|p2a: Iron Moth|quarkdrivespa\n|turn|10\n|\n|t:|1771241674\n|switch|p1a: Heatran|Heatran, M|100/100\n|move|p2a: Iron Moth|Dazzling Gleam|p1a: Heatran\n|-resisted|p1a: Heatran\n|-damage|p1a: Heatran|94/100\n|\n|upkeep\n|turn|11\n|\n|t:|1771241679\n|-end|p2a: Iron Moth|Quark Drive|[silent]\n|switch|p2a: Roaring Sun|Salamence, F|100/100\n|move|p1a: Heatran|Lava Plume|p2a: Roaring Sun\n|-resisted|p2a: Roaring Sun\n|-damage|p2a: Roaring Sun|72/100\n|\n|upkeep\n|turn|12\n|\n|t:|1771241683\n|switch|p1a: Primarina|Primarina, F, shiny|100/100\n|move|p2a: Roaring Sun|Earthquake|p1a: Primarina\n|-damage|p1a: Primarina|47/100\n|-damage|p2a: Roaring Sun|62/100|[from] item: Life Orb\n|\n|-heal|p1a: Primarina|53/100|[from] item: Leftovers\n|upkeep\n|turn|13\n|\n|t:|1771241686\n|move|p1a: Primarina|Protect|p1a: Primarina\n|-singleturn|p1a: Primarina|Protect\n|move|p2a: Roaring Sun|Dual Wingbeat|p1a: Primarina\n|-activate|p1a: Primarina|move: Protect\n|\n|-heal|p1a: Primarina|59/100|[from] item: Leftovers\n|upkeep\n|turn|14\n|\n|t:|1771241691\n|move|p2a: Roaring Sun|Outrage|p1a: Primarina\n|-immune|p1a: Primarina\n|move|p1a: Primarina|Draining Kiss|p2a: Roaring Sun\n|-supereffective|p2a: Roaring Sun\n|-damage|p2a: Roaring Sun|0 fnt\n|-heal|p1a: Primarina|100/100|[from] drain|[of] p2a: Roaring Sun\n|faint|p2a: Roaring Sun\n|\n|upkeep\n|\n|t:|1771241694\n|switch|p2a: Iron Moth|Iron Moth|100/100\n|turn|15\n|\n|t:|1771241698\n|switch|p1a: Heatran|Heatran, M|94/100\n|move|p2a: Iron Moth|Sludge Wave|p1a: Heatran\n|-immune|p1a: Heatran\n|\n|upkeep\n|turn|16\n|\n|t:|1771241701\n|move|p2a: Iron Moth|Agility|p2a: Iron Moth\n|-boost|p2a: Iron Moth|spe|2\n|move|p1a: Heatran|Lava Plume|p2a: Iron Moth\n|-resisted|p2a: Iron Moth\n|-damage|p2a: Iron Moth|79/100\n|\n|upkeep\n|turn|17\n|\n|t:|1771241705\n|move|p2a: Iron Moth|Dazzling Gleam|p1a: Heatran\n|-resisted|p1a: Heatran\n|-damage|p1a: Heatran|90/100\n|move|p1a: Heatran|Earth Power|p2a: Iron Moth\n|-supereffective|p2a: Iron Moth\n|-damage|p2a: Iron Moth|0 fnt\n|faint|p2a: Iron Moth\n|-end|p2a: Iron Moth|Quark Drive|[silent]\n|\n|upkeep\n|\n|t:|1771241706\n|switch|p2a: Seconds|Kingambit, M|100/100\n|-activate|p2a: Seconds|ability: Supreme Overlord\n|-start|p2a: Seconds|fallen4|[silent]\n|turn|18\n|\n|t:|1771241709\n|move|p2a: Seconds|Kowtow Cleave|p1a: Heatran\n|-damage|p1a: Heatran|24/100\n|move|p1a: Heatran|Lava Plume|p2a: Seconds\n|-supereffective|p2a: Seconds\n|-damage|p2a: Seconds|0 fnt\n|faint|p2a: Seconds\n|-end|p2a: Seconds|fallen4|[silent]\n|\n|upkeep\n|\n|t:|1771241711\n|switch|p2a: Faster|Latias, F|100/100\n|turn|19\n|\n|t:|1771241713\n|switch|p1a: Weavile|Weavile, F|100/100\n|-ability|p1a: Weavile|Pressure\n|move|p2a: Faster|Calm Mind|p2a: Faster\n|-boost|p2a: Faster|spa|1\n|-boost|p2a: Faster|spd|1\n|\n|upkeep\n|turn|20\n|\n|t:|1771241715\n|-terastallize|p2a: Faster|Fairy\n|move|p1a: Weavile|Knock Off|p2a: Faster\n|-resisted|p2a: Faster\n|-damage|p2a: Faster|77/100\n|-enditem|p2a: Faster|Weakness Policy|[from] move: Knock Off|[of] p1a: Weavile\n|move|p2a: Faster|Agility|p2a: Faster\n|-boost|p2a: Faster|spe|2\n|\n|upkeep\n|turn|21\n|\n|t:|1771241718\n|move|p2a: Faster|Draining Kiss|p1a: Weavile\n|-supereffective|p1a: Weavile\n|-enditem|p1a: Weavile|Focus Sash\n|-damage|p1a: Weavile|1/100\n|-heal|p2a: Faster|100/100|[from] drain|[of] p1a: Weavile\n|move|p1a: Weavile|Triple Axel|p2a: Faster\n|-damage|p2a: Faster|91/100\n|-damage|p2a: Faster|70/100\n|-damage|p2a: Faster|39/100\n|-hitcount|p2a: Faster|3\n|\n|upkeep\n|turn|22\n|\n|t:|1771241721\n|move|p1a: Weavile|Ice Shard|p2a: Faster\n|-damage|p2a: Faster|19/100\n|move|p2a: Faster|Draining Kiss|p1a: Weavile\n|-supereffective|p1a: Weavile\n|-damage|p1a: Weavile|0 fnt\n|-heal|p2a: Faster|20/100|[from] drain|[of] p1a: Weavile\n|faint|p1a: Weavile\n|\n|upkeep\n|\n|t:|1771241723\n|switch|p1a: Heatran|Heatran, M|24/100\n|turn|23\n|\n|t:|1771241725\n|move|p2a: Faster|Stored Power|p1a: Heatran\n|-resisted|p1a: Heatran\n|-damage|p1a: Heatran|4/100\n|move|p1a: Heatran|Flash Cannon|p2a: Faster\n|-supereffective|p2a: Faster\n|-damage|p2a: Faster|0 fnt\n|faint|p2a: Faster\n|\n|win|isaac_pruebas\n|raw|isaac_pruebas's rating: 1821 &rarr; <strong>1836</strong><br />(+15 for winning)\n|raw|Obling's rating: 1724 &rarr; <strong>1709</strong><br />(-15 for losing)\n|l|☆Obling\n|player|p2|\n|l|☆isaac_pruebas\n|player|p1|\n", "uploadtime": 1771241942, "views": 15, "formatid": "gen9ou", "rating": 1709, "private": 0, "password": null}