{"id": "gen9ou-2639914664", "format": "[Gen 9] OU", "players": ["suprya", "nate jacobss"], "log": "|badge|p1|bronze|gen9ou|100-9\n|html|<div class=\"broadcast-red\"><strong>This battle is required to be public due to one or more player having a season medal.</strong><br />During the public phase, you can discuss the state of the ladder <a href=\"/seasondiscussion\">in a special chatroom.</a></div>\n|uhtml|medal-msg|<div class=\"broadcast-blue\">Curious what those medals under the avatar are? PS now has Ladder Seasons! For more information, check out the <a href=\"https://www.smogon.com/forums/threads/3740067/\">thread on Smogon.</a></div>\n|raw|<div class=\"broadcast-blue\"><strong>This battle is required to be public due to a player having a name starting with 'medal'.</div>\n|j|☆suprya\n|j|☆nate jacobss\n|t:|1782542384\n|gametype|singles\n|player|p1|suprya|clown|1721\n|player|p2|nate jacobss|266|1720\n|gen|9\n|tier|[Gen 9] OU\n|rated|\n|rule|HP Percentage Mod: HP is shown in percentages\n|rule|Endless Battle Clause: Forcing endless battles is banned\n|rule|Species Clause: Limit one of each Pokémon\n|rule|OHKO Clause: OHKO moves are banned\n|rule|Evasion Items Clause: Evasion items are banned\n|rule|Evasion Moves Clause: Evasion moves are banned\n|rule|Evasion Abilities Clause: Evasion abilities are banned\n|rule|Sleep Moves Clause: Sleep-inducing moves are banned\n|clearpoke\n|poke|p1|Pelipper, M|\n|poke|p1|Hydrapple, M|\n|poke|p1|Iron Treads|\n|poke|p1|Gholdengo|\n|poke|p1|Greninja-*, M|\n|poke|p1|Iron Hands|\n|poke|p2|Ceruledge, F|\n|poke|p2|Ninetales, F|\n|poke|p2|Walking Wake|\n|poke|p2|Cresselia, F|\n|poke|p2|Raging Bolt|\n|poke|p2|Great Tusk|\n|teampreview\n|inactive|Battle timer is ON: inactive players will automatically lose when time's up. (requested by suprya)\n|j| Disscratch\n|\n|t:|1782542403\n|teamsize|p1|6\n|teamsize|p2|6\n|start\n|switch|p1a: Iron Hands|Iron Hands|100/100\n|switch|p2a: Walking Wake|Walking Wake|100/100\n|turn|1\n|j| daddy (rotom)\n|\n|t:|1782542415\n|-end|p2a: Walking Wake|Protosynthesis|[silent]\n|switch|p2a: Great Tusk|Great Tusk|100/100\n|move|p1a: Iron Hands|Drain Punch|p2a: Great Tusk\n|-damage|p2a: Great Tusk|75/100\n|\n|upkeep\n|turn|2\n|j| pls game\n|\n|t:|1782542424\n|-end|p1a: Iron Hands|Quark Drive|[silent]\n|switch|p1a: Hydrapple|Hydrapple, M|100/100\n|move|p2a: Great Tusk|Stealth Rock|p1a: Hydrapple\n|-sidestart|p1: suprya|move: Stealth Rock\n|\n|upkeep\n|turn|3\n|j| Kathryne Keyron\n|\n|t:|1782542433\n|-end|p2a: Great Tusk|Protosynthesis|[silent]\n|switch|p2a: Cresselia|Cresselia, F|100/100\n|move|p1a: Hydrapple|Fickle Beam|p2a: Cresselia\n|-damage|p2a: Cresselia|79/100\n|-enditem|p2a: Cresselia|Eject Button\n|\n|t:|1782542439\n|switch|p2a: Raging Bolt|Raging Bolt|100/100\n|\n|upkeep\n|turn|4\n|\n|t:|1782542456\n|switch|p1a: Iron Treads|Iron Treads|100/100\n|-damage|p1a: Iron Treads|98/100|[from] Stealth Rock\n|move|p2a: Raging Bolt|Draco Meteor|p1a: Iron Treads\n|-resisted|p1a: Iron Treads\n|-damage|p1a: Iron Treads|68/100\n|-unboost|p2a: Raging Bolt|spa|2\n|-enditem|p2a: Raging Bolt|Eject Pack\n|\n|t:|1782542475\n|-end|p2a: Raging Bolt|Protosynthesis|[silent]\n|switch|p2a: Walking Wake|Walking Wake|100/100\n|\n|-heal|p1a: Iron Treads|74/100|[from] item: Leftovers\n|upkeep\n|turn|5\n|inactive|nate jacobss has 120 seconds left.\n|l| Disscratch\n|\n|t:|1782542508\n|move|p2a: Walking Wake|Flamethrower|p1a: Iron Treads\n|-supereffective|p1a: Iron Treads\n|-damage|p1a: Iron Treads|0 fnt\n|faint|p1a: Iron Treads\n|-end|p1a: Iron Treads|Quark Drive|[silent]\n|\n|upkeep\n|\n|t:|1782542514\n|switch|p1a: Greninja|Greninja, M|100/100\n|-damage|p1a: Greninja|88/100|[from] Stealth Rock\n|turn|6\n|\n|t:|1782542523\n|-end|p2a: Walking Wake|Protosynthesis|[silent]\n|switch|p2a: Raging Bolt|Raging Bolt|100/100\n|move|p1a: Greninja|Dark Pulse|p2a: Raging Bolt\n|-damage|p2a: Raging Bolt|69/100\n|\n|upkeep\n|turn|7\n|inactive|nate jacobss has 120 seconds left.\n|j| Disscratch\n|\n|t:|1782542536\n|move|p1a: Greninja|Dark Pulse|p2a: Raging Bolt\n|-damage|p2a: Raging Bolt|37/100\n|move|p2a: Raging Bolt|Draco Meteor|p1a: Greninja\n|-damage|p1a: Greninja|0 fnt\n|-unboost|p2a: Raging Bolt|spa|2\n|faint|p1a: Greninja\n|\n|upkeep\n|\n|t:|1782542541\n|switch|p1a: Iron Hands|Iron Hands|100/100\n|-damage|p1a: Iron Hands|94/100|[from] Stealth Rock\n|turn|8\n|inactive|nate jacobss has 120 seconds left.\n|j| Garden of Dreams\n|\n|t:|1782542564\n|-end|p2a: Raging Bolt|Protosynthesis|[silent]\n|switch|p2a: Ninetales|Ninetales, F|100/100\n|-weather|SunnyDay|[from] ability: Drought|[of] p2a: Ninetales\n|move|p1a: Iron Hands|Ice Punch|p2a: Ninetales\n|-resisted|p2a: Ninetales\n|-damage|p2a: Ninetales|81/100\n|\n|-weather|SunnyDay|[upkeep]\n|upkeep\n|turn|9\n|\n|t:|1782542579\n|move|p2a: Ninetales|Will-O-Wisp|p1a: Iron Hands\n|-status|p1a: Iron Hands|brn\n|move|p1a: Iron Hands|Drain Punch|p2a: Ninetales\n|-damage|p2a: Ninetales|51/100\n|-heal|p1a: Iron Hands|100/100 brn|[from] drain|[of] p2a: Ninetales\n|\n|-weather|SunnyDay|[upkeep]\n|-damage|p1a: Iron Hands|94/100 brn|[from] brn\n|upkeep\n|turn|10\n|inactive|suprya has 120 seconds left.\n|l| Garden of Dreams\n|inactive|suprya has 90 seconds left.\n|\n|t:|1782542653\n|switch|p2a: Ceruledge|Ceruledge, F|100/100\n|-end|p1a: Iron Hands|Quark Drive|[silent]\n|switch|p1a: Pelipper|Pelipper, M|100/100\n|-weather|RainDance|[from] ability: Drizzle|[of] p1a: Pelipper\n|\n|-weather|RainDance|[upkeep]\n|upkeep\n|turn|11\n|inactive|nate jacobss has 90 seconds left.\n|\n|t:|1782542668\n|switch|p2a: Raging Bolt|Raging Bolt|37/100\n|move|p1a: Pelipper|Surf|p2a: Raging Bolt\n|-resisted|p2a: Raging Bolt\n|-damage|p2a: Raging Bolt|17/100\n|\n|-weather|RainDance|[upkeep]\n|upkeep\n|turn|12\n|inactive|suprya has 90 seconds left.\n|inactive|nate jacobss has 90 seconds left.\n|inactive|suprya has 60 seconds left.\n|inactive|suprya has 30 seconds left.\n|inactive|suprya has 20 seconds left.\n|\n|t:|1782542752\n|switch|p1a: Gholdengo|Gholdengo|100/100\n|-damage|p1a: Gholdengo|94/100|[from] Stealth Rock\n|move|p2a: Raging Bolt|Draco Meteor|p1a: Gholdengo\n|-resisted|p1a: Gholdengo\n|-damage|p1a: Gholdengo|48/100\n|-unboost|p2a: Raging Bolt|spa|2\n|\n|-weather|RainDance|[upkeep]\n|upkeep\n|turn|13\n|inactive|suprya has 30 seconds left this turn.\n|\n|t:|1782542771\n|-end|p2a: Raging Bolt|Protosynthesis|[silent]\n|switch|p2a: Walking Wake|Walking Wake|100/100\n|move|p1a: Gholdengo|Shadow Ball|p2a: Walking Wake\n|-damage|p2a: Walking Wake|51/100\n|\n|-weather|RainDance|[upkeep]\n|upkeep\n|turn|14\n|\n|t:|1782542780\n|move|p1a: Gholdengo|Shadow Ball|p2a: Walking Wake\n|-damage|p2a: Walking Wake|0 fnt\n|faint|p2a: Walking Wake\n|-end|p2a: Walking Wake|Protosynthesis|[silent]\n|\n|-weather|none\n|upkeep\n|inactive|nate jacobss has 60 seconds left.\n|\n|t:|1782542817\n|switch|p2a: Ceruledge|Ceruledge, F|100/100\n|turn|15\n|\n|t:|1782542830\n|-terastallize|p1a: Gholdengo|Fairy\n|move|p2a: Ceruledge|Shadow Sneak|p1a: Gholdengo\n|-crit|p1a: Gholdengo\n|-damage|p1a: Gholdengo|0 fnt\n|faint|p1a: Gholdengo\n|-damage|p2a: Ceruledge|91/100|[from] item: Life Orb\n|\n|upkeep\n|\n|t:|1782542844\n|switch|p1a: Pelipper|Pelipper, M|100/100\n|-weather|RainDance|[from] ability: Drizzle|[of] p1a: Pelipper\n|turn|16\n|inactive|nate jacobss has 60 seconds left.\n|\n|t:|1782542860\n|move|p2a: Ceruledge|Poltergeist|p1a: Pelipper\n|-activate|p1a: Pelipper|move: Poltergeist|Heavy-Duty Boots\n|-damage|p1a: Pelipper|40/100\n|-damage|p2a: Ceruledge|81/100|[from] item: Life Orb\n|move|p1a: Pelipper|Surf|p2a: Ceruledge\n|-supereffective|p2a: Ceruledge\n|-damage|p2a: Ceruledge|0 fnt\n|faint|p2a: Ceruledge\n|\n|-weather|RainDance|[upkeep]\n|upkeep\n|l| Disscratch\n|\n|t:|1782542865\n|switch|p2a: Raging Bolt|Raging Bolt|17/100\n|turn|17\n|\n|t:|1782542879\n|switch|p1a: Iron Hands|Iron Hands|94/100 brn\n|-damage|p1a: Iron Hands|88/100 brn|[from] Stealth Rock\n|move|p2a: Raging Bolt|Draco Meteor|p1a: Iron Hands\n|-damage|p1a: Iron Hands|53/100 brn\n|-unboost|p2a: Raging Bolt|spa|2\n|\n|-weather|RainDance|[upkeep]\n|-damage|p1a: Iron Hands|47/100 brn|[from] brn\n|upkeep\n|turn|18\n|inactive|nate jacobss has 60 seconds left.\n|\n|t:|1782542907\n|-end|p2a: Raging Bolt|Protosynthesis|[silent]\n|switch|p2a: Ninetales|Ninetales, F|51/100\n|-weather|SunnyDay|[from] ability: Drought|[of] p2a: Ninetales\n|move|p1a: Iron Hands|Ice Punch|p2a: Ninetales\n|-resisted|p2a: Ninetales\n|-damage|p2a: Ninetales|42/100\n|\n|-weather|SunnyDay|[upkeep]\n|-damage|p1a: Iron Hands|41/100 brn|[from] brn\n|upkeep\n|turn|19\n|inactive|suprya has 60 seconds left.\n|j| LuwerPVP\n|inactive|suprya has 30 seconds left.\n|inactive|suprya has 20 seconds left.\n|\n|t:|1782542956\n|switch|p2a: Cresselia|Cresselia, F|79/100\n|-end|p1a: Iron Hands|Quark Drive|[silent]\n|switch|p1a: Pelipper|Pelipper, M|40/100\n|-weather|RainDance|[from] ability: Drizzle|[of] p1a: Pelipper\n|\n|-weather|RainDance|[upkeep]\n|upkeep\n|turn|20\n|inactive|suprya has 30 seconds left this turn.\n|\n|t:|1782542963\n|move|p2a: Cresselia|Lunar Dance|p2a: Cresselia\n|faint|p2a: Cresselia\n|move|p1a: Pelipper|Roost|p1a: Pelipper\n|-heal|p1a: Pelipper|90/100\n|-singleturn|p1a: Pelipper|move: Roost\n|\n|-weather|RainDance|[upkeep]\n|upkeep\n|\n|t:|1782542965\n|switch|p2a: Raging Bolt|Raging Bolt|17/100\n|-heal|p2a: Raging Bolt|100/100|[from] move: Lunar Dance\n|turn|21\n|inactive|suprya has 30 seconds left.\n|inactive|suprya has 20 seconds left.\n|inactive|suprya has 15 seconds left.\n|inactive|suprya has 10 seconds left.\n|j| I<3Chatot\n|inactive|suprya has 5 seconds left.\n|-message|suprya lost due to inactivity.\n|\n|win|nate jacobss\n|raw|suprya's rating: 1701 &rarr; <strong>1682</strong><br />(-19 for losing)\n|raw|nate jacobss's rating: 1720 &rarr; <strong>1739</strong><br />(+19 for winning)\n|l| pls game\n|l|☆nate jacobss\n|player|p2|\n|l|☆suprya\n|player|p1|\n", "uploadtime": 1782543208, "views": 6, "formatid": "gen9ou", "rating": 1682, "private": 0, "password": null}