{"id": "gen9ou-2639967368", "format": "[Gen 9] OU", "players": ["Macrel", "der grosse z"], "log": "|j|☆Macrel\n|j|☆der grosse z\n|t:|1782554469\n|gametype|singles\n|player|p1|Macrel|cynthia-gen4|1519\n|player|p2|der grosse z|265|1632\n|gen|9\n|tier|[Gen 9] OU\n|rated|\n|rule|HP Percentage Mod: HP is shown in percentages\n|rule|Endless Battle Clause: Forcing endless battles is banned\n|rule|Species Clause: Limit one of each Pokémon\n|rule|OHKO Clause: OHKO moves are banned\n|rule|Evasion Items Clause: Evasion items are banned\n|rule|Evasion Moves Clause: Evasion moves are banned\n|rule|Evasion Abilities Clause: Evasion abilities are banned\n|rule|Sleep Moves Clause: Sleep-inducing moves are banned\n|clearpoke\n|poke|p1|Jolteon, F|\n|poke|p1|Slowking-Galar, F|\n|poke|p1|Great Tusk|\n|poke|p1|Moltres|\n|poke|p1|Kingambit, F|\n|poke|p1|Hydrapple, M|\n|poke|p2|Slowking-Galar, M|\n|poke|p2|Kyurem|\n|poke|p2|Great Tusk|\n|poke|p2|Hatterene, F|\n|poke|p2|Moltres|\n|poke|p2|Meowscarada, F|\n|teampreview\n|inactive|Battle timer is ON: inactive players will automatically lose when time's up. (requested by Macrel)\n|\n|t:|1782554477\n|teamsize|p1|6\n|teamsize|p2|6\n|start\n|switch|p1a: Slowking|Slowking-Galar, F, shiny|100/100\n|switch|p2a: Kyurem|Kyurem|100/100\n|-ability|p2a: Kyurem|Pressure\n|turn|1\n|\n|t:|1782554484\n|move|p2a: Kyurem|Earth Power|p1a: Slowking\n|-supereffective|p1a: Slowking\n|-damage|p1a: Slowking|59/100\n|move|p1a: Slowking|Sludge Bomb|p2a: Kyurem\n|-damage|p2a: Kyurem|60/100\n|\n|upkeep\n|turn|2\n|\n|t:|1782554492\n|switch|p2a: Slowking|Slowking-Galar, M|100/100\n|move|p1a: Slowking|Sludge Bomb|p2a: Slowking\n|-resisted|p2a: Slowking\n|-damage|p2a: Slowking|89/100\n|\n|upkeep\n|turn|3\n|\n|t:|1782554499\n|move|p1a: Slowking|Psyshock|p2a: Slowking\n|-damage|p2a: Slowking|56/100\n|move|p2a: Slowking|Future Sight|p1a: Slowking\n|-start|p2a: Slowking|move: Future Sight\n|\n|upkeep\n|turn|4\n|\n|t:|1782554505\n|move|p1a: Slowking|Sludge Bomb|p2a: Slowking\n|-resisted|p2a: Slowking\n|-damage|p2a: Slowking|45/100\n|-prepare|p2a: Slowking|Chilly Reception|[premajor]\n|move|p2a: Slowking|Chilly Reception|p2a: Slowking\n|-weather|Snowscape\n|\n|t:|1782554508\n|switch|p2a: Kyurem|Kyurem|60/100|[from] Chilly Reception\n|-ability|p2a: Kyurem|Pressure\n|\n|-weather|Snowscape|[upkeep]\n|upkeep\n|turn|5\n|\n|t:|1782554518\n|switch|p1a: Moltres|Moltres, shiny|100/100\n|-terastallize|p2a: Kyurem|Ice\n|move|p2a: Kyurem|Blizzard|p1a: Moltres\n|-damage|p1a: Moltres|0 fnt\n|faint|p1a: Moltres\n|\n|-weather|Snowscape|[upkeep]\n|-hint|Future Sight did not hit because the target is fainted.\n|upkeep\n|\n|t:|1782554532\n|switch|p1a: Kingambit|Kingambit, F, shiny|100/100\n|-activate|p1a: Kingambit|ability: Supreme Overlord\n|-start|p1a: Kingambit|fallen1|[silent]\n|turn|6\n|\n|t:|1782554536\n|switch|p2a: Great Tusk|Great Tusk|100/100\n|move|p1a: Kingambit|Iron Head|p2a: Great Tusk\n|-damage|p2a: Great Tusk|68/100\n|\n|-weather|Snowscape|[upkeep]\n|upkeep\n|turn|7\n|\n|t:|1782554542\n|-end|p1a: Kingambit|fallen1|[silent]\n|switch|p1a: Hydrapple|Hydrapple, M, shiny|100/100\n|move|p2a: Great Tusk|Stealth Rock|p1a: Hydrapple\n|-sidestart|p1: Macrel|move: Stealth Rock\n|\n|-weather|Snowscape|[upkeep]\n|upkeep\n|turn|8\n|\n|t:|1782554548\n|-end|p2a: Great Tusk|Protosynthesis|[silent]\n|switch|p2a: Slowking|Slowking-Galar, M|78/100\n|move|p1a: Hydrapple|Fickle Beam|p2a: Slowking\n|-damage|p2a: Slowking|58/100\n|\n|-weather|none\n|upkeep\n|turn|9\n|\n|t:|1782554558\n|switch|p1a: Kingambit|Kingambit, F, shiny|100/100\n|-damage|p1a: Kingambit|94/100|[from] Stealth Rock\n|-activate|p1a: Kingambit|ability: Supreme Overlord\n|-start|p1a: Kingambit|fallen1|[silent]\n|-prepare|p2a: Slowking|Chilly Reception|[premajor]\n|move|p2a: Slowking|Chilly Reception|p2a: Slowking\n|-weather|Snowscape\n|\n|t:|1782554562\n|switch|p2a: Great Tusk|Great Tusk|68/100|[from] Chilly Reception\n|\n|-weather|Snowscape|[upkeep]\n|-heal|p1a: Kingambit|100/100|[from] item: Leftovers\n|upkeep\n|turn|10\n|\n|t:|1782554569\n|-end|p2a: Great Tusk|Protosynthesis|[silent]\n|switch|p2a: Meowscarada|Meowscarada, F|100/100\n|-end|p1a: Kingambit|fallen1|[silent]\n|switch|p1a: Great Tusk|Great Tusk|100/100\n|-damage|p1a: Great Tusk|98/100|[from] Stealth Rock\n|\n|-weather|Snowscape|[upkeep]\n|upkeep\n|turn|11\n|\n|t:|1782554574\n|switch|p2a: Hatterene|Hatterene, F|100/100\n|move|p1a: Great Tusk|Body Press|p2a: Hatterene\n|-resisted|p2a: Hatterene\n|-damage|p2a: Hatterene|90/100\n|-damage|p1a: Great Tusk|81/100|[from] item: Rocky Helmet|[of] p2a: Hatterene\n|\n|-weather|Snowscape|[upkeep]\n|upkeep\n|turn|12\n|\n|t:|1782554583\n|-end|p1a: Great Tusk|Protosynthesis|[silent]\n|switch|p1a: Kingambit|Kingambit, F, shiny|100/100\n|-damage|p1a: Kingambit|94/100|[from] Stealth Rock\n|-activate|p1a: Kingambit|ability: Supreme Overlord\n|-start|p1a: Kingambit|fallen1|[silent]\n|move|p2a: Hatterene|Draining Kiss|p1a: Kingambit\n|-damage|p1a: Kingambit|70/100\n|-heal|p2a: Hatterene|100/100|[from] drain|[of] p1a: Kingambit\n|\n|-weather|Snowscape|[upkeep]\n|-heal|p1a: Kingambit|76/100|[from] item: Leftovers\n|upkeep\n|turn|13\n|\n|t:|1782554591\n|switch|p2a: Moltres|Moltres|100/100\n|move|p1a: Kingambit|Iron Head|p2a: Moltres\n|-resisted|p2a: Moltres\n|-damage|p2a: Moltres|83/100\n|\n|-weather|none\n|-heal|p1a: Kingambit|82/100|[from] item: Leftovers\n|upkeep\n|turn|14\n|\n|t:|1782554599\n|-end|p1a: Kingambit|fallen1|[silent]\n|switch|p1a: Jolteon|Jolteon, F|100/100\n|move|p2a: Moltres|U-turn|p1a: Jolteon\n|-damage|p1a: Jolteon|74/100\n|\n|t:|1782554604\n|switch|p2a: Meowscarada|Meowscarada, F|100/100|[from] U-turn\n|\n|upkeep\n|turn|15\n|\n|t:|1782554613\n|-terastallize|p1a: Jolteon|Fairy\n|move|p2a: Meowscarada|Knock Off|p1a: Jolteon\n|-start|p2a: Meowscarada|typechange|Dark|[from] ability: Protean\n|-resisted|p1a: Jolteon\n|-damage|p1a: Jolteon|31/100\n|-enditem|p1a: Jolteon|Heavy-Duty Boots|[from] move: Knock Off|[of] p2a: Meowscarada\n|move|p1a: Jolteon|Alluring Voice|p2a: Meowscarada\n|-supereffective|p2a: Meowscarada\n|-damage|p2a: Meowscarada|0 fnt\n|faint|p2a: Meowscarada\n|\n|upkeep\n|\n|t:|1782554624\n|switch|p2a: Slowking|Slowking-Galar, M|92/100\n|turn|16\n|\n|t:|1782554629\n|move|p1a: Jolteon|Volt Switch|p2a: Slowking\n|-damage|p2a: Slowking|72/100\n|\n|t:|1782554635\n|switch|p1a: Kingambit|Kingambit, F, shiny|82/100|[from] Volt Switch\n|-damage|p1a: Kingambit|76/100|[from] Stealth Rock\n|-activate|p1a: Kingambit|ability: Supreme Overlord\n|-start|p1a: Kingambit|fallen1|[silent]\n|-prepare|p2a: Slowking|Chilly Reception|[premajor]\n|move|p2a: Slowking|Chilly Reception|p2a: Slowking\n|-weather|Snowscape\n|\n|t:|1782554643\n|switch|p2a: Great Tusk|Great Tusk|68/100|[from] Chilly Reception\n|\n|-weather|Snowscape|[upkeep]\n|-heal|p1a: Kingambit|82/100|[from] item: Leftovers\n|upkeep\n|turn|17\n|\n|t:|1782554654\n|-end|p1a: Kingambit|fallen1|[silent]\n|switch|p1a: Hydrapple|Hydrapple, M, shiny|100/100\n|move|p2a: Great Tusk|Headlong Rush|p1a: Hydrapple\n|-resisted|p1a: Hydrapple\n|-damage|p1a: Hydrapple|86/100\n|-unboost|p2a: Great Tusk|def|1\n|-unboost|p2a: Great Tusk|spd|1\n|\n|-weather|Snowscape|[upkeep]\n|upkeep\n|turn|18\n|\n|t:|1782554661\n|-end|p2a: Great Tusk|Protosynthesis|[silent]\n|switch|p2a: Slowking|Slowking-Galar, M|100/100\n|move|p1a: Hydrapple|Earth Power|p2a: Slowking\n|-supereffective|p2a: Slowking\n|-damage|p2a: Slowking|74/100\n|\n|-weather|Snowscape|[upkeep]\n|upkeep\n|turn|19\n|\n|t:|1782554669\n|move|p1a: Hydrapple|Earth Power|p2a: Slowking\n|-supereffective|p2a: Slowking\n|-crit|p2a: Slowking\n|-damage|p2a: Slowking|28/100\n|-prepare|p2a: Slowking|Chilly Reception|[premajor]\n|move|p2a: Slowking|Chilly Reception|p2a: Slowking\n|\n|t:|1782554672\n|switch|p2a: Kyurem|Kyurem, tera:Ice|60/100|[from] Chilly Reception\n|-ability|p2a: Kyurem|Pressure\n|\n|-weather|Snowscape|[upkeep]\n|upkeep\n|turn|20\n|\n|t:|1782554683\n|switch|p1a: Slowking|Slowking-Galar, F, shiny|92/100\n|-damage|p1a: Slowking|80/100|[from] Stealth Rock\n|move|p2a: Kyurem|Blizzard|p1a: Slowking\n|-damage|p1a: Slowking|26/100\n|\n|-weather|none\n|upkeep\n|turn|21\n|\n|t:|1782554695\n|switch|p1a: Kingambit|Kingambit, F, shiny|82/100\n|-damage|p1a: Kingambit|76/100|[from] Stealth Rock\n|-activate|p1a: Kingambit|ability: Supreme Overlord\n|-start|p1a: Kingambit|fallen1|[silent]\n|move|p2a: Kyurem|Blizzard|p1a: Kingambit|[miss]\n|-miss|p2a: Kyurem|p1a: Kingambit\n|\n|-heal|p1a: Kingambit|82/100|[from] item: Leftovers\n|upkeep\n|turn|22\n|\n|t:|1782554710\n|switch|p2a: Moltres|Moltres|83/100\n|-end|p1a: Kingambit|fallen1|[silent]\n|switch|p1a: Jolteon|Jolteon, F, tera:Fairy|31/100\n|-damage|p1a: Jolteon|19/100|[from] Stealth Rock\n|\n|upkeep\n|turn|23\n|\n|t:|1782554719\n|switch|p2a: Slowking|Slowking-Galar, M|61/100\n|move|p1a: Jolteon|Thunderbolt|p2a: Slowking\n|-damage|p2a: Slowking|37/100\n|\n|upkeep\n|turn|24\n|\n|t:|1782554726\n|move|p1a: Jolteon|Thunderbolt|p2a: Slowking\n|-damage|p2a: Slowking|14/100\n|move|p2a: Slowking|Sludge Bomb|p1a: Jolteon\n|-supereffective|p1a: Jolteon\n|-damage|p1a: Jolteon|0 fnt\n|faint|p1a: Jolteon\n|\n|upkeep\n|\n|t:|1782554732\n|switch|p1a: Great Tusk|Great Tusk|81/100\n|-damage|p1a: Great Tusk|78/100|[from] Stealth Rock\n|turn|25\n|\n|t:|1782554735\n|switch|p2a: Hatterene|Hatterene, F|100/100\n|move|p1a: Great Tusk|Ice Spinner|p2a: Hatterene\n|-damage|p2a: Hatterene|80/100\n|-damage|p1a: Great Tusk|61/100|[from] item: Rocky Helmet|[of] p2a: Hatterene\n|\n|upkeep\n|turn|26\n|\n|t:|1782554743\n|-end|p1a: Great Tusk|Protosynthesis|[silent]\n|switch|p1a: Slowking|Slowking-Galar, F, shiny|60/100\n|-damage|p1a: Slowking|47/100|[from] Stealth Rock\n|move|p2a: Hatterene|Draining Kiss|p1a: Slowking\n|-resisted|p1a: Slowking\n|-damage|p1a: Slowking|42/100\n|-heal|p2a: Hatterene|85/100|[from] drain|[of] p1a: Slowking\n|\n|upkeep\n|turn|27\n|\n|t:|1782554750\n|switch|p2a: Slowking|Slowking-Galar, M|47/100\n|move|p1a: Slowking|Psyshock|p2a: Slowking\n|-damage|p2a: Slowking|8/100\n|\n|upkeep\n|turn|28\n|\n|t:|1782554760\n|move|p1a: Slowking|Psyshock|p2a: Slowking\n|-damage|p2a: Slowking|0 fnt\n|faint|p2a: Slowking\n|\n|upkeep\n|\n|t:|1782554763\n|switch|p2a: Kyurem|Kyurem, tera:Ice|60/100\n|-ability|p2a: Kyurem|Pressure\n|turn|29\n|\n|t:|1782554777\n|move|p2a: Kyurem|Ice Beam|p1a: Slowking\n|-damage|p1a: Slowking|1/100\n|move|p1a: Slowking|Flamethrower|p2a: Kyurem\n|-supereffective|p2a: Kyurem\n|-crit|p2a: Kyurem\n|-damage|p2a: Kyurem|0 fnt\n|faint|p2a: Kyurem\n|\n|upkeep\n|\n|t:|1782554783\n|switch|p2a: Great Tusk|Great Tusk|68/100\n|turn|30\n|\n|t:|1782554788\n|switch|p1a: Hydrapple|Hydrapple, M, shiny|100/100\n|move|p2a: Great Tusk|Ice Spinner|p1a: Hydrapple\n|-supereffective|p1a: Hydrapple\n|-damage|p1a: Hydrapple|52/100\n|\n|upkeep\n|turn|31\n|\n|t:|1782554799\n|move|p2a: Great Tusk|Ice Spinner|p1a: Hydrapple\n|-supereffective|p1a: Hydrapple\n|-damage|p1a: Hydrapple|3/100\n|move|p1a: Hydrapple|Giga Drain|p2a: Great Tusk\n|-supereffective|p2a: Great Tusk\n|-damage|p2a: Great Tusk|0 fnt\n|-heal|p1a: Hydrapple|39/100|[from] drain|[of] p2a: Great Tusk\n|faint|p2a: Great Tusk\n|-end|p2a: Great Tusk|Protosynthesis|[silent]\n|\n|upkeep\n|\n|t:|1782554804\n|switch|p2a: Moltres|Moltres|83/100\n|turn|32\n|\n|t:|1782554810\n|move|p2a: Moltres|U-turn|p1a: Hydrapple\n|-supereffective|p1a: Hydrapple\n|-damage|p1a: Hydrapple|23/100\n|\n|t:|1782554814\n|switch|p2a: Hatterene|Hatterene, F|85/100|[from] U-turn\n|move|p1a: Hydrapple|Fickle Beam|p2a: Hatterene\n|-immune|p2a: Hatterene\n|\n|upkeep\n|turn|33\n|\n|t:|1782554819\n|move|p1a: Hydrapple|Giga Drain|p2a: Hatterene\n|-damage|p2a: Hatterene|56/100\n|-heal|p1a: Hydrapple|34/100|[from] drain|[of] p2a: Hatterene\n|move|p2a: Hatterene|Draining Kiss|p1a: Hydrapple\n|-supereffective|p1a: Hydrapple\n|-crit|p1a: Hydrapple\n|-damage|p1a: Hydrapple|0 fnt\n|-heal|p2a: Hatterene|89/100|[from] drain|[of] p1a: Hydrapple\n|faint|p1a: Hydrapple\n|\n|upkeep\n|\n|t:|1782554826\n|switch|p1a: Kingambit|Kingambit, F, shiny|82/100\n|-damage|p1a: Kingambit|76/100|[from] Stealth Rock\n|-activate|p1a: Kingambit|ability: Supreme Overlord\n|-start|p1a: Kingambit|fallen3|[silent]\n|turn|34\n|\n|t:|1782554831\n|switch|p2a: Moltres|Moltres|83/100\n|move|p1a: Kingambit|Kowtow Cleave|p2a: Moltres\n|-damage|p2a: Moltres|35/100\n|\n|-heal|p1a: Kingambit|82/100|[from] item: Leftovers\n|upkeep\n|turn|35\n|\n|t:|1782554841\n|move|p1a: Kingambit|Sucker Punch||[still]\n|-fail|p1a: Kingambit\n|move|p2a: Moltres|Roost|p2a: Moltres\n|-heal|p2a: Moltres|85/100\n|-singleturn|p2a: Moltres|move: Roost\n|\n|-heal|p1a: Kingambit|88/100|[from] item: Leftovers\n|upkeep\n|turn|36\n|\n|t:|1782554850\n|-end|p1a: Kingambit|fallen3|[silent]\n|switch|p1a: Slowking|Slowking-Galar, F, shiny|34/100\n|-damage|p1a: Slowking|22/100|[from] Stealth Rock\n|move|p2a: Moltres|Flamethrower|p1a: Slowking\n|-damage|p1a: Slowking|4/100\n|\n|upkeep\n|turn|37\n|\n|t:|1782554857\n|move|p2a: Moltres|Flamethrower|p1a: Slowking\n|-damage|p1a: Slowking|0 fnt\n|faint|p1a: Slowking\n|\n|upkeep\n|\n|t:|1782554862\n|switch|p1a: Kingambit|Kingambit, F, shiny|88/100\n|-damage|p1a: Kingambit|82/100|[from] Stealth Rock\n|-activate|p1a: Kingambit|ability: Supreme Overlord\n|-start|p1a: Kingambit|fallen4|[silent]\n|turn|38\n|\n|t:|1782554869\n|move|p2a: Moltres|Flamethrower|p1a: Kingambit\n|-supereffective|p1a: Kingambit\n|-damage|p1a: Kingambit|0 fnt\n|faint|p1a: Kingambit\n|-end|p1a: Kingambit|fallen4|[silent]\n|\n|upkeep\n|-message|Macrel forfeited.\n|\n|win|der grosse z\n|raw|Macrel's rating: 1519 &rarr; <strong>1505</strong><br />(-14 for losing)\n|raw|der grosse z's rating: 1632 &rarr; <strong>1646</strong><br />(+14 for winning)\n|l|☆Macrel\n|player|p1|\n|l|☆der grosse z\n|player|p2|\n", "uploadtime": 1782555089, "views": 6, "formatid": "gen9ou", "rating": 1505, "private": 0, "password": null}