{"id": "gen9ou-2540755096", "format": "[Gen 9] OU", "players": ["GavilarKholin", "Acastillo631"], "log": "|j|☆GavilarKholin\n|j|☆Acastillo631\n|t:|1771250212\n|gametype|singles\n|player|p1|GavilarKholin|fantina|1674\n|player|p2|Acastillo631|silver|1734\n|gen|9\n|tier|[Gen 9] OU\n|rated|\n|rule|HP Percentage Mod: HP is shown in percentages\n|rule|Endless Battle Clause: Forcing endless battles is banned\n|rule|Species Clause: Limit one of each Pokémon\n|rule|OHKO Clause: OHKO moves are banned\n|rule|Evasion Items Clause: Evasion items are banned\n|rule|Evasion Moves Clause: Evasion moves are banned\n|rule|Evasion Abilities Clause: Evasion abilities are banned\n|rule|Sleep Moves Clause: Sleep-inducing moves are banned\n|clearpoke\n|poke|p1|Weavile, F|\n|poke|p1|Alomomola, F|\n|poke|p1|Iron Crown|\n|poke|p1|Zamazenta-*|\n|poke|p1|Pecharunt|\n|poke|p1|Gliscor, M|\n|poke|p2|Iron Valiant|\n|poke|p2|Sinistcha|\n|poke|p2|Tyranitar, M|\n|poke|p2|Iron Treads|\n|poke|p2|Klefki, F|\n|poke|p2|Swampert, F|\n|teampreview\n|j| le saintdoux\n|inactive|Battle timer is ON: inactive players will automatically lose when time's up. (requested by GavilarKholin)\n|\n|t:|1771250257\n|teamsize|p1|6\n|teamsize|p2|6\n|start\n|switch|p1a: Gliscor|Gliscor, M|100/100\n|switch|p2a: Duff McWhalen|Swampert, F|100/100\n|turn|1\n|\n|t:|1771250262\n|move|p1a: Gliscor|Protect|p1a: Gliscor\n|-singleturn|p1a: Gliscor|Protect\n|move|p2a: Duff McWhalen|Stealth Rock|p1a: Gliscor\n|-sidestart|p1: GavilarKholin|move: Stealth Rock\n|\n|-status|p1a: Gliscor|tox|[from] item: Toxic Orb\n|upkeep\n|turn|2\n|\n|t:|1771250266\n|move|p1a: Gliscor|Toxic|p2a: Duff McWhalen\n|-status|p2a: Duff McWhalen|tox\n|move|p2a: Duff McWhalen|Flip Turn|p1a: Gliscor\n|-supereffective|p1a: Gliscor\n|-crit|p1a: Gliscor\n|-damage|p1a: Gliscor|47/100 tox\n|\n|t:|1771250284\n|switch|p2a: Armored Armadillo|Iron Treads|100/100|[from] Flip Turn\n|-item|p2a: Armored Armadillo|Air Balloon\n|\n|-heal|p1a: Gliscor|60/100 tox|[from] ability: Poison Heal\n|upkeep\n|turn|3\n|\n|t:|1771250288\n|move|p1a: Gliscor|Protect|p1a: Gliscor\n|-singleturn|p1a: Gliscor|Protect\n|move|p2a: Armored Armadillo|Ice Spinner|p1a: Gliscor\n|-activate|p1a: Gliscor|move: Protect\n|\n|-heal|p1a: Gliscor|72/100 tox|[from] ability: Poison Heal\n|upkeep\n|turn|4\n|\n|t:|1771250291\n|switch|p1a: Alomomola|Alomomola, F|100/100\n|move|p2a: Armored Armadillo|Knock Off|p1a: Alomomola\n|-damage|p1a: Alomomola|77/100\n|-enditem|p1a: Alomomola|Heavy-Duty Boots|[from] move: Knock Off|[of] p2a: Armored Armadillo\n|\n|upkeep\n|turn|5\n|\n|t:|1771250296\n|-end|p2a: Armored Armadillo|Quark Drive|[silent]\n|switch|p2a: Redips|Klefki, F|100/100\n|move|p1a: Alomomola|Flip Turn|p2a: Redips\n|-damage|p2a: Redips|87/100\n|-damage|p1a: Alomomola|60/100|[from] item: Rocky Helmet|[of] p2a: Redips\n|j| Whomps1232\n|\n|t:|1771250303\n|switch|p1a: Iron Crown|Iron Crown|100/100|[from] Flip Turn\n|-damage|p1a: Iron Crown|94/100|[from] Stealth Rock\n|\n|upkeep\n|turn|6\n|\n|t:|1771250310\n|switch|p2a: Duff McWhalen|Swampert, F|100/100 tox\n|move|p1a: Iron Crown|Tachyon Cutter|p2a: Duff McWhalen\n|-resisted|p2a: Duff McWhalen\n|-damage|p2a: Duff McWhalen|88/100 tox\n|-resisted|p2a: Duff McWhalen\n|-damage|p2a: Duff McWhalen|75/100 tox\n|-hitcount|p2a: Duff McWhalen|2\n|\n|-heal|p2a: Duff McWhalen|82/100 tox|[from] item: Leftovers\n|-damage|p2a: Duff McWhalen|75/100 tox|[from] psn\n|upkeep\n|turn|7\n|\n|t:|1771250329\n|move|p1a: Iron Crown|Tachyon Cutter|p2a: Duff McWhalen\n|-resisted|p2a: Duff McWhalen\n|-damage|p2a: Duff McWhalen|63/100 tox\n|-resisted|p2a: Duff McWhalen\n|-damage|p2a: Duff McWhalen|51/100 tox\n|-hitcount|p2a: Duff McWhalen|2\n|move|p2a: Duff McWhalen|Flip Turn|p1a: Iron Crown\n|-damage|p1a: Iron Crown|71/100\n|\n|t:|1771250337\n|switch|p2a: Eregion|Tyranitar, M|100/100|[from] Flip Turn\n|-weather|Sandstorm|[from] ability: Sand Stream|[of] p2a: Eregion\n|\n|-weather|Sandstorm|[upkeep]\n|upkeep\n|turn|8\n|\n|t:|1771250349\n|-end|p1a: Iron Crown|Quark Drive|[silent]\n|switch|p1a: Alomomola|Alomomola, F|93/100\n|-damage|p1a: Alomomola|81/100|[from] Stealth Rock\n|move|p2a: Eregion|Knock Off|p1a: Alomomola\n|-crit|p1a: Alomomola\n|-damage|p1a: Alomomola|49/100\n|\n|-weather|Sandstorm|[upkeep]\n|-damage|p1a: Alomomola|43/100|[from] Sandstorm\n|upkeep\n|turn|9\n|\n|t:|1771250359\n|move|p2a: Eregion|Rock Blast|p1a: Alomomola\n|-damage|p1a: Alomomola|34/100\n|-damage|p1a: Alomomola|26/100\n|-damage|p1a: Alomomola|17/100\n|-hitcount|p1a: Alomomola|3\n|move|p1a: Alomomola|Flip Turn|p2a: Eregion\n|-supereffective|p2a: Eregion\n|-damage|p2a: Eregion|75/100\n|\n|t:|1771250369\n|switch|p1a: Zamazenta|Zamazenta|100/100|[from] Flip Turn\n|-ability|p1a: Zamazenta|Dauntless Shield|boost\n|-boost|p1a: Zamazenta|def|1\n|\n|-weather|Sandstorm|[upkeep]\n|-damage|p1a: Zamazenta|94/100|[from] Sandstorm\n|-heal|p2a: Eregion|81/100|[from] item: Leftovers\n|upkeep\n|turn|10\n|\n|t:|1771250376\n|switch|p2a: Redips|Klefki, F|87/100\n|move|p1a: Zamazenta|Close Combat|p2a: Redips\n|-damage|p2a: Redips|43/100\n|-unboost|p1a: Zamazenta|def|1\n|-unboost|p1a: Zamazenta|spd|1\n|-damage|p1a: Zamazenta|78/100|[from] item: Rocky Helmet|[of] p2a: Redips\n|\n|-weather|Sandstorm|[upkeep]\n|-damage|p1a: Zamazenta|72/100|[from] Sandstorm\n|upkeep\n|turn|11\n|\n|t:|1771250382\n|move|p2a: Redips|Thunder Wave|p1a: Zamazenta\n|-status|p1a: Zamazenta|par\n|move|p1a: Zamazenta|Close Combat|p2a: Redips\n|-crit|p2a: Redips\n|-damage|p2a: Redips|0 fnt\n|-unboost|p1a: Zamazenta|def|1\n|-unboost|p1a: Zamazenta|spd|1\n|-damage|p1a: Zamazenta|55/100 par|[from] item: Rocky Helmet|[of] p2a: Redips\n|faint|p2a: Redips\n|\n|-weather|none\n|upkeep\n|\n|t:|1771250400\n|switch|p2a: Wire Sponge|Sinistcha|100/100\n|turn|12\n|\n|t:|1771250403\n|switch|p1a: Weavile|Weavile, F|100/100\n|-ability|p1a: Weavile|Pressure\n|move|p2a: Wire Sponge|Shadow Ball|p1a: Weavile\n|-resisted|p1a: Weavile\n|-damage|p1a: Weavile|76/100\n|-unboost|p1a: Weavile|spd|1\n|\n|upkeep\n|turn|13\n|inactive|Acastillo631 has 120 seconds left.\n|\n|t:|1771250437\n|-terastallize|p1a: Weavile|Ice\n|-terastallize|p2a: Wire Sponge|Poison\n|move|p1a: Weavile|Triple Axel|p2a: Wire Sponge\n|-damage|p2a: Wire Sponge|91/100\n|-damage|p2a: Wire Sponge|72/100\n|-damage|p2a: Wire Sponge|42/100\n|-hitcount|p2a: Wire Sponge|3\n|move|p2a: Wire Sponge|Matcha Gotcha|p1a: Weavile\n|-damage|p1a: Weavile|10/100\n|-heal|p2a: Wire Sponge|68/100|[from] drain|[of] p1a: Weavile\n|\n|upkeep\n|turn|14\n|inactive|GavilarKholin has 120 seconds left.\n|\n|t:|1771250467\n|switch|p1a: Gliscor|Gliscor, M|72/100 tox\n|-damage|p1a: Gliscor|60/100 tox|[from] Stealth Rock\n|move|p2a: Wire Sponge|Strength Sap|p1a: Gliscor\n|-unboost|p1a: Gliscor|atk|1\n|-heal|p2a: Wire Sponge|100/100\n|\n|-heal|p1a: Gliscor|72/100 tox|[from] ability: Poison Heal\n|upkeep\n|turn|15\n|inactive|Acastillo631 has 120 seconds left.\n|\n|t:|1771250499\n|switch|p2a: Armored Armadillo|Iron Treads|100/100\n|-item|p2a: Armored Armadillo|Air Balloon\n|move|p1a: Gliscor|Spikes|p2a: Armored Armadillo\n|-sidestart|p2: Acastillo631|Spikes\n|\n|-heal|p1a: Gliscor|85/100 tox|[from] ability: Poison Heal\n|upkeep\n|turn|16\n|\n|t:|1771250508\n|move|p1a: Gliscor|Protect|p1a: Gliscor\n|-singleturn|p1a: Gliscor|Protect\n|move|p2a: Armored Armadillo|Knock Off|p1a: Gliscor\n|-activate|p1a: Gliscor|move: Protect\n|\n|-heal|p1a: Gliscor|97/100 tox|[from] ability: Poison Heal\n|upkeep\n|turn|17\n|\n|t:|1771250516\n|switch|p1a: Alomomola|Alomomola, F|51/100\n|-damage|p1a: Alomomola|38/100|[from] Stealth Rock\n|move|p2a: Armored Armadillo|Knock Off|p1a: Alomomola\n|-damage|p1a: Alomomola|23/100\n|\n|upkeep\n|turn|18\n|inactive|Acastillo631 has 120 seconds left.\n|inactive|GavilarKholin has 120 seconds left.\n|\n|t:|1771250546\n|switch|p1a: Gliscor|Gliscor, M|97/100 tox\n|-damage|p1a: Gliscor|85/100 tox|[from] Stealth Rock\n|move|p2a: Armored Armadillo|Earthquake|p1a: Gliscor\n|-immune|p1a: Gliscor\n|\n|-heal|p1a: Gliscor|97/100 tox|[from] ability: Poison Heal\n|upkeep\n|turn|19\n|\n|t:|1771250554\n|move|p1a: Gliscor|Protect|p1a: Gliscor\n|-singleturn|p1a: Gliscor|Protect\n|move|p2a: Armored Armadillo|Ice Spinner|p1a: Gliscor\n|-activate|p1a: Gliscor|move: Protect\n|\n|-heal|p1a: Gliscor|100/100 tox|[from] ability: Poison Heal\n|upkeep\n|turn|20\n|\n|t:|1771250562\n|switch|p1a: Alomomola|Alomomola, F|57/100\n|-damage|p1a: Alomomola|44/100|[from] Stealth Rock\n|move|p2a: Armored Armadillo|Ice Spinner|p1a: Alomomola\n|-resisted|p1a: Alomomola\n|-damage|p1a: Alomomola|34/100\n|\n|upkeep\n|turn|21\n|l| Whomps1232\n|inactive|Acastillo631 has 120 seconds left.\n|inactive|Acastillo631 has 90 seconds left.\n|\n|t:|1771250625\n|move|p2a: Armored Armadillo|Earthquake|p1a: Alomomola\n|-damage|p1a: Alomomola|0 fnt\n|faint|p1a: Alomomola\n|\n|upkeep\n|\n|t:|1771250637\n|switch|p1a: Weavile|Weavile, F, tera:Ice|10/100\n|-ability|p1a: Weavile|Pressure\n|turn|22\n|inactive|Acastillo631 has 90 seconds left.\n|\n|t:|1771250643\n|move|p1a: Weavile|Triple Axel|p2a: Armored Armadillo\n|-damage|p2a: Armored Armadillo|89/100\n|-enditem|p2a: Armored Armadillo|Air Balloon\n|-damage|p2a: Armored Armadillo|67/100\n|-damage|p2a: Armored Armadillo|29/100\n|-hitcount|p2a: Armored Armadillo|3\n|move|p2a: Armored Armadillo|Rapid Spin|p1a: Weavile\n|-damage|p1a: Weavile|0 fnt\n|-boost|p2a: Armored Armadillo|spe|1\n|-sideend|p2: Acastillo631|Spikes|[from] move: Rapid Spin|[of] p2a: Armored Armadillo\n|faint|p1a: Weavile\n|\n|upkeep\n|\n|t:|1771250652\n|switch|p1a: Zamazenta|Zamazenta|55/100 par\n|turn|23\n|inactive|Acastillo631 has 90 seconds left.\n|\n|t:|1771250686\n|-end|p2a: Armored Armadillo|Quark Drive|[silent]\n|switch|p2a: Wire Sponge|Sinistcha, tera:Poison|100/100\n|move|p1a: Zamazenta|Close Combat|p2a: Wire Sponge\n|-resisted|p2a: Wire Sponge\n|-damage|p2a: Wire Sponge|79/100\n|-unboost|p1a: Zamazenta|def|1\n|-unboost|p1a: Zamazenta|spd|1\n|\n|upkeep\n|turn|24\n|\n|t:|1771250694\n|switch|p1a: Gliscor|Gliscor, M|100/100 tox\n|-damage|p1a: Gliscor|88/100 tox|[from] Stealth Rock\n|move|p2a: Wire Sponge|Shadow Ball|p1a: Gliscor\n|-damage|p1a: Gliscor|57/100 tox\n|-unboost|p1a: Gliscor|spd|1\n|\n|-heal|p1a: Gliscor|70/100 tox|[from] ability: Poison Heal\n|upkeep\n|turn|25\n|l|☆Acastillo631\n|inactive|Acastillo631 disconnected and has a minute to reconnect!\n|player|p2|\n|j|☆Acastillo631\n|inactive|Acastillo631 reconnected and has 40 seconds left.\n|player|p2|Acastillo631|silver|\n|\n|t:|1771250752\n|switch|p1a: Iron Crown|Iron Crown|71/100\n|-damage|p1a: Iron Crown|65/100|[from] Stealth Rock\n|move|p2a: Wire Sponge|Matcha Gotcha|p1a: Iron Crown\n|-resisted|p1a: Iron Crown\n|-damage|p1a: Iron Crown|49/100\n|-heal|p2a: Wire Sponge|86/100|[from] drain|[of] p1a: Iron Crown\n|-status|p1a: Iron Crown|brn\n|\n|-damage|p1a: Iron Crown|43/100 brn|[from] brn\n|upkeep\n|turn|26\n|\n|t:|1771250762\n|switch|p2a: Duff McWhalen|Swampert, F|51/100 tox\n|move|p1a: Iron Crown|Psyshock|p2a: Duff McWhalen\n|-damage|p2a: Duff McWhalen|0 fnt\n|faint|p2a: Duff McWhalen\n|\n|-damage|p1a: Iron Crown|37/100 brn|[from] brn\n|upkeep\n|\n|t:|1771250771\n|switch|p2a: Armored Armadillo|Iron Treads|29/100\n|turn|27\n|\n|t:|1771250778\n|-end|p1a: Iron Crown|Quark Drive|[silent]\n|switch|p1a: Pecharunt|Pecharunt|100/100\n|move|p2a: Armored Armadillo|Earthquake|p1a: Pecharunt\n|-supereffective|p1a: Pecharunt\n|-damage|p1a: Pecharunt|52/100\n|\n|upkeep\n|turn|28\n|\n|t:|1771250794\n|-end|p2a: Armored Armadillo|Quark Drive|[silent]\n|switch|p2a: Sage Harpuia|Iron Valiant|100/100\n|-enditem|p2a: Sage Harpuia|Booster Energy\n|-activate|p2a: Sage Harpuia|ability: Quark Drive|[fromitem]\n|-start|p2a: Sage Harpuia|quarkdrivespe\n|move|p1a: Pecharunt|Foul Play|p2a: Sage Harpuia\n|-resisted|p2a: Sage Harpuia\n|-damage|p2a: Sage Harpuia|92/100\n|\n|upkeep\n|turn|29\n|\n|t:|1771250798\n|move|p2a: Sage Harpuia|Encore|p1a: Pecharunt\n|-start|p1a: Pecharunt|Encore\n|move|p1a: Pecharunt|Foul Play|p2a: Sage Harpuia\n|-resisted|p2a: Sage Harpuia\n|-damage|p2a: Sage Harpuia|83/100\n|\n|upkeep\n|turn|30\n|\n|t:|1771250800\n|switch|p1a: Gliscor|Gliscor, M|70/100 tox\n|-damage|p1a: Gliscor|57/100 tox|[from] Stealth Rock\n|move|p2a: Sage Harpuia|Moonblast|p1a: Gliscor\n|-damage|p1a: Gliscor|17/100 tox\n|\n|-heal|p1a: Gliscor|29/100 tox|[from] ability: Poison Heal\n|upkeep\n|turn|31\n|\n|t:|1771250805\n|move|p1a: Gliscor|Protect|p1a: Gliscor\n|-singleturn|p1a: Gliscor|Protect\n|move|p2a: Sage Harpuia|Moonblast|p1a: Gliscor\n|-activate|p1a: Gliscor|move: Protect\n|\n|-heal|p1a: Gliscor|42/100 tox|[from] ability: Poison Heal\n|upkeep\n|turn|32\n|\n|t:|1771250813\n|move|p2a: Sage Harpuia|Moonblast|p1a: Gliscor\n|-damage|p1a: Gliscor|0 fnt\n|faint|p1a: Gliscor\n|\n|upkeep\n|-message|GavilarKholin forfeited.\n|\n|win|Acastillo631\n|raw|GavilarKholin's rating: 1674 &rarr; <strong>1657</strong><br />(-17 for losing)\n|raw|Acastillo631's rating: 1734 &rarr; <strong>1751</strong><br />(+17 for winning)\n|j| FaronAan\n|l|☆GavilarKholin\n|player|p1|\n|l| FaronAan\n|l|☆Acastillo631\n|player|p2|\n|l| le saintdoux\n", "uploadtime": 1771251066, "views": 5, "formatid": "gen9ou", "rating": 1657, "private": 0, "password": null}