{"id": "gen9ou-2639192099", "format": "[Gen 9] OU", "players": ["RyD705", "Mandandu"], "log": "|j|☆RyD705\n|j|☆Mandandu\n|t:|1782431904\n|gametype|singles\n|player|p1|RyD705|iris|1388\n|player|p2|Mandandu|169|1385\n|gen|9\n|tier|[Gen 9] OU\n|rated|\n|rule|HP Percentage Mod: HP is shown in percentages\n|rule|Endless Battle Clause: Forcing endless battles is banned\n|rule|Species Clause: Limit one of each Pokémon\n|rule|OHKO Clause: OHKO moves are banned\n|rule|Evasion Items Clause: Evasion items are banned\n|rule|Evasion Moves Clause: Evasion moves are banned\n|rule|Evasion Abilities Clause: Evasion abilities are banned\n|rule|Sleep Moves Clause: Sleep-inducing moves are banned\n|clearpoke\n|poke|p1|Politoed, F|\n|poke|p1|Barraskewda, M|\n|poke|p1|Ogerpon-Wellspring, F|\n|poke|p1|Kingdra, F|\n|poke|p1|Beartic, F|\n|poke|p1|Iron Treads|\n|poke|p2|Ninetales-Alola, M|\n|poke|p2|Kyurem|\n|poke|p2|Slowking-Galar, M|\n|poke|p2|Ogerpon-Wellspring, F|\n|poke|p2|Gholdengo|\n|poke|p2|Great Tusk|\n|teampreview\n|inactive|Battle timer is ON: inactive players will automatically lose when time's up. (requested by Mandandu)\n|inactive|Mandandu has 120 seconds left.\n|\n|t:|1782431953\n|teamsize|p1|6\n|teamsize|p2|6\n|start\n|switch|p1a: Gay Frog|Politoed, F, shiny|100/100\n|switch|p2a: Kyurem|Kyurem|100/100\n|-ability|p2a: Kyurem|Pressure\n|-weather|RainDance|[from] ability: Drizzle|[of] p1a: Gay Frog\n|turn|1\n|\n|t:|1782431966\n|switch|p2a: Ninetales|Ninetales-Alola, M|100/100\n|-weather|Snowscape|[from] ability: Snow Warning|[of] p2a: Ninetales\n|switch|p1a: Iron Treads|Iron Treads|100/100\n|\n|-weather|Snowscape|[upkeep]\n|upkeep\n|turn|2\n|\n|t:|1782431976\n|switch|p2a: Great Tusk|Great Tusk|100/100\n|-end|p1a: Iron Treads|Quark Drive|[silent]\n|switch|p1a: Gay Frog|Politoed, F, shiny|100/100\n|-weather|RainDance|[from] ability: Drizzle|[of] p1a: Gay Frog\n|\n|-weather|RainDance|[upkeep]\n|upkeep\n|turn|3\n|\n|t:|1782431988\n|-end|p2a: Great Tusk|Protosynthesis|[silent]\n|switch|p2a: Ninetales|Ninetales-Alola, M|100/100\n|-weather|Snowscape|[from] ability: Snow Warning|[of] p2a: Ninetales\n|move|p1a: Gay Frog|Weather Ball|p2a: Ninetales\n|-resisted|p2a: Ninetales\n|-crit|p2a: Ninetales\n|-damage|p2a: Ninetales|80/100\n|\n|-weather|Snowscape|[upkeep]\n|upkeep\n|turn|4\n|\n|t:|1782432005\n|switch|p1a: Iron Treads|Iron Treads|100/100\n|move|p2a: Ninetales|Aurora Veil|p2a: Ninetales\n|-sidestart|p2: Mandandu|move: Aurora Veil\n|\n|-weather|Snowscape|[upkeep]\n|upkeep\n|turn|5\n|\n|t:|1782432014\n|switch|p2a: Ogerpon|Ogerpon-Wellspring, F|100/100\n|move|p1a: Iron Treads|Stealth Rock|p2a: Ogerpon\n|-sidestart|p2: Mandandu|move: Stealth Rock\n|\n|-weather|Snowscape|[upkeep]\n|upkeep\n|turn|6\n|\n|t:|1782432021\n|move|p2a: Ogerpon|Swords Dance|p2a: Ogerpon\n|-boost|p2a: Ogerpon|atk|2\n|move|p1a: Iron Treads|Volt Switch|p2a: Ogerpon\n|-damage|p2a: Ogerpon|94/100\n|\n|t:|1782432028\n|-end|p1a: Iron Treads|Quark Drive|[silent]\n|switch|p1a: Gay Frog|Politoed, F, shiny|100/100|[from] Volt Switch\n|-weather|RainDance|[from] ability: Drizzle|[of] p1a: Gay Frog\n|\n|-weather|RainDance|[upkeep]\n|upkeep\n|turn|7\n|\n|t:|1782432039\n|switch|p1a: Bonnet Wearer|Ogerpon-Wellspring, F|100/100\n|move|p2a: Ogerpon|Ivy Cudgel|p1a: Bonnet Wearer|[anim] Ivy Cudgel Water\n|-immune|p1a: Bonnet Wearer|[from] ability: Water Absorb\n|\n|-weather|RainDance|[upkeep]\n|upkeep\n|turn|8\n|\n|t:|1782432049\n|move|p1a: Bonnet Wearer|Wood Hammer|p2a: Ogerpon\n|-damage|p2a: Ogerpon|48/100\n|-damage|p1a: Bonnet Wearer|85/100|[from] Recoil\n|move|p2a: Ogerpon|Play Rough|p1a: Bonnet Wearer\n|-damage|p1a: Bonnet Wearer|0 fnt\n|faint|p1a: Bonnet Wearer\n|\n|-weather|RainDance|[upkeep]\n|upkeep\n|\n|t:|1782432060\n|switch|p1a: I can’t breathe|Kingdra, F|100/100\n|turn|9\n|\n|t:|1782432072\n|switch|p2a: Ninetales|Ninetales-Alola, M|80/100\n|-damage|p2a: Ninetales|56/100|[from] Stealth Rock\n|-weather|Snowscape|[from] ability: Snow Warning|[of] p2a: Ninetales\n|move|p1a: I can’t breathe|Draco Meteor|p2a: Ninetales\n|-immune|p2a: Ninetales\n|\n|-weather|Snowscape|[upkeep]\n|upkeep\n|turn|10\n|\n|t:|1782432082\n|switch|p2a: Slowking|Slowking-Galar, M|100/100\n|-damage|p2a: Slowking|88/100|[from] Stealth Rock\n|switch|p1a: Gay Frog|Politoed, F, shiny|100/100\n|-weather|RainDance|[from] ability: Drizzle|[of] p1a: Gay Frog\n|\n|-weather|RainDance|[upkeep]\n|-heal|p2a: Slowking|94/100|[from] item: Leftovers\n|upkeep\n|turn|11\n|\n|t:|1782432094\n|move|p1a: Gay Frog|Ice Beam|p2a: Slowking\n|-damage|p2a: Slowking|86/100\n|-prepare|p2a: Slowking|Chilly Reception|[premajor]\n|move|p2a: Slowking|Chilly Reception|p2a: Slowking\n|-weather|Snowscape\n|\n|t:|1782432109\n|switch|p2a: Kyurem|Kyurem|100/100|[from] Chilly Reception\n|-damage|p2a: Kyurem|76/100|[from] Stealth Rock\n|-ability|p2a: Kyurem|Pressure\n|\n|-weather|Snowscape|[upkeep]\n|-sideend|p2: Mandandu|move: Aurora Veil\n|upkeep\n|turn|12\n|\n|t:|1782432118\n|switch|p1a: Iron Treads|Iron Treads|100/100\n|move|p2a: Kyurem|Freeze-Dry|p1a: Iron Treads\n|-damage|p1a: Iron Treads|72/100\n|\n|-weather|Snowscape|[upkeep]\n|-heal|p1a: Iron Treads|78/100|[from] item: Leftovers\n|upkeep\n|turn|13\n|\n|t:|1782432131\n|switch|p2a: Great Tusk|Great Tusk|100/100\n|-damage|p2a: Great Tusk|97/100|[from] Stealth Rock\n|move|p1a: Iron Treads|Earthquake|p2a: Great Tusk\n|-damage|p2a: Great Tusk|77/100\n|\n|-weather|Snowscape|[upkeep]\n|-heal|p1a: Iron Treads|84/100|[from] item: Leftovers\n|-heal|p2a: Great Tusk|83/100|[from] item: Leftovers\n|upkeep\n|turn|14\n|\n|t:|1782432147\n|move|p1a: Iron Treads|Stealth Rock||[still]\n|-fail|p1a: Iron Treads\n|move|p2a: Great Tusk|Rapid Spin|p1a: Iron Treads\n|-resisted|p1a: Iron Treads\n|-damage|p1a: Iron Treads|78/100\n|-boost|p2a: Great Tusk|spe|1\n|-sideend|p2: Mandandu|Stealth Rock|[from] move: Rapid Spin|[of] p2a: Great Tusk\n|\n|-weather|Snowscape|[upkeep]\n|-heal|p2a: Great Tusk|89/100|[from] item: Leftovers\n|-heal|p1a: Iron Treads|85/100|[from] item: Leftovers\n|upkeep\n|turn|15\n|\n|t:|1782432159\n|-end|p1a: Iron Treads|Quark Drive|[silent]\n|switch|p1a: Gay Frog|Politoed, F, shiny|100/100\n|-weather|RainDance|[from] ability: Drizzle|[of] p1a: Gay Frog\n|move|p2a: Great Tusk|Rapid Spin|p1a: Gay Frog\n|-damage|p1a: Gay Frog|82/100\n|-boost|p2a: Great Tusk|spe|1\n|\n|-weather|RainDance|[upkeep]\n|-heal|p2a: Great Tusk|95/100|[from] item: Leftovers\n|upkeep\n|turn|16\n|\n|t:|1782432171\n|-end|p2a: Great Tusk|Protosynthesis|[silent]\n|switch|p2a: Slowking|Slowking-Galar, M|100/100\n|move|p1a: Gay Frog|Weather Ball|p2a: Slowking\n|-damage|p2a: Slowking|61/100\n|\n|-weather|RainDance|[upkeep]\n|-heal|p2a: Slowking|67/100|[from] item: Leftovers\n|upkeep\n|turn|17\n|\n|t:|1782432180\n|switch|p1a: Iron Treads|Iron Treads|85/100\n|-prepare|p2a: Slowking|Chilly Reception|[premajor]\n|move|p2a: Slowking|Chilly Reception|p2a: Slowking\n|-weather|Snowscape\n|\n|t:|1782432189\n|switch|p2a: Kyurem|Kyurem|76/100|[from] Chilly Reception\n|-ability|p2a: Kyurem|Pressure\n|\n|-weather|Snowscape|[upkeep]\n|-heal|p1a: Iron Treads|91/100|[from] item: Leftovers\n|upkeep\n|turn|18\n|\n|t:|1782432198\n|move|p2a: Kyurem|Earth Power|p1a: Iron Treads\n|-supereffective|p1a: Iron Treads\n|-damage|p1a: Iron Treads|42/100\n|move|p1a: Iron Treads|Stealth Rock|p2a: Kyurem\n|-sidestart|p2: Mandandu|move: Stealth Rock\n|\n|-weather|Snowscape|[upkeep]\n|-heal|p1a: Iron Treads|48/100|[from] item: Leftovers\n|upkeep\n|turn|19\n|\n|t:|1782432208\n|-end|p1a: Iron Treads|Quark Drive|[silent]\n|switch|p1a: Gay Frog|Politoed, F, shiny|82/100\n|-weather|RainDance|[from] ability: Drizzle|[of] p1a: Gay Frog\n|move|p2a: Kyurem|Earth Power|p1a: Gay Frog\n|-damage|p1a: Gay Frog|51/100\n|\n|-weather|RainDance|[upkeep]\n|upkeep\n|turn|20\n|\n|t:|1782432230\n|switch|p2a: Slowking|Slowking-Galar, M|99/100\n|-damage|p2a: Slowking|88/100|[from] Stealth Rock\n|switch|p1a: Pubic Bear|Beartic, F, shiny|100/100\n|\n|-weather|RainDance|[upkeep]\n|-heal|p2a: Slowking|94/100|[from] item: Leftovers\n|upkeep\n|turn|21\n|\n|t:|1782432247\n|move|p1a: Pubic Bear|Swords Dance|p1a: Pubic Bear\n|-boost|p1a: Pubic Bear|atk|2\n|-prepare|p2a: Slowking|Chilly Reception|[premajor]\n|move|p2a: Slowking|Chilly Reception|p2a: Slowking\n|-weather|Snowscape\n|\n|t:|1782432261\n|switch|p2a: Gholdengo|Gholdengo|100/100|[from] Chilly Reception\n|-damage|p2a: Gholdengo|94/100|[from] Stealth Rock\n|-item|p2a: Gholdengo|Air Balloon\n|\n|-weather|Snowscape|[upkeep]\n|upkeep\n|turn|22\n|\n|t:|1782432270\n|-terastallize|p1a: Pubic Bear|Water\n|move|p2a: Gholdengo|Make It Rain|p1a: Pubic Bear\n|-resisted|p1a: Pubic Bear\n|-damage|p1a: Pubic Bear|71/100\n|-unboost|p2a: Gholdengo|spa|1\n|move|p1a: Pubic Bear|Icicle Spear|p2a: Gholdengo\n|-resisted|p2a: Gholdengo\n|-damage|p2a: Gholdengo|86/100\n|-enditem|p2a: Gholdengo|Air Balloon\n|-resisted|p2a: Gholdengo\n|-crit|p2a: Gholdengo\n|-damage|p2a: Gholdengo|72/100\n|-resisted|p2a: Gholdengo\n|-damage|p2a: Gholdengo|62/100\n|-resisted|p2a: Gholdengo\n|-damage|p2a: Gholdengo|54/100\n|-resisted|p2a: Gholdengo\n|-damage|p2a: Gholdengo|44/100\n|-hitcount|p2a: Gholdengo|5\n|\n|-weather|Snowscape|[upkeep]\n|upkeep\n|turn|23\n|\n|t:|1782432290\n|move|p1a: Pubic Bear|Aqua Jet|p2a: Gholdengo\n|-damage|p2a: Gholdengo|13/100\n|move|p2a: Gholdengo|Recover|p2a: Gholdengo\n|-heal|p2a: Gholdengo|63/100\n|\n|-weather|Snowscape|[upkeep]\n|upkeep\n|turn|24\n|\n|t:|1782432304\n|switch|p2a: Ninetales|Ninetales-Alola, M|56/100\n|-damage|p2a: Ninetales|31/100|[from] Stealth Rock\n|move|p1a: Pubic Bear|Swords Dance|p1a: Pubic Bear\n|-boost|p1a: Pubic Bear|atk|2\n|\n|-weather|Snowscape|[upkeep]\n|upkeep\n|turn|25\n|\n|t:|1782432312\n|move|p1a: Pubic Bear|Aqua Jet|p2a: Ninetales\n|-damage|p2a: Ninetales|0 fnt\n|faint|p2a: Ninetales\n|\n|-weather|none\n|upkeep\n|\n|t:|1782432320\n|switch|p2a: Kyurem|Kyurem|76/100\n|-damage|p2a: Kyurem|51/100|[from] Stealth Rock\n|-ability|p2a: Kyurem|Pressure\n|turn|26\n|\n|t:|1782432330\n|move|p2a: Kyurem|Freeze-Dry|p1a: Pubic Bear\n|-supereffective|p1a: Pubic Bear\n|-damage|p1a: Pubic Bear|0 fnt\n|faint|p1a: Pubic Bear\n|\n|upkeep\n|\n|t:|1782432336\n|switch|p1a: Gay Frog|Politoed, F, shiny|51/100\n|-weather|RainDance|[from] ability: Drizzle|[of] p1a: Gay Frog\n|turn|27\n|\n|t:|1782432341\n|switch|p1a: Iron Treads|Iron Treads|48/100\n|move|p2a: Kyurem|Freeze-Dry|p1a: Iron Treads\n|-damage|p1a: Iron Treads|18/100\n|\n|-weather|RainDance|[upkeep]\n|-heal|p1a: Iron Treads|25/100|[from] item: Leftovers\n|upkeep\n|turn|28\n|\n|t:|1782432353\n|move|p2a: Kyurem|Freeze-Dry|p1a: Iron Treads\n|-damage|p1a: Iron Treads|0 fnt\n|faint|p1a: Iron Treads\n|-end|p1a: Iron Treads|Quark Drive|[silent]\n|\n|-weather|RainDance|[upkeep]\n|upkeep\n|\n|t:|1782432360\n|switch|p1a: I can’t breathe|Kingdra, F|100/100\n|turn|29\n|\n|t:|1782432369\n|switch|p2a: Ogerpon|Ogerpon-Wellspring, F|48/100\n|-damage|p2a: Ogerpon|36/100|[from] Stealth Rock\n|move|p1a: I can’t breathe|Draco Meteor|p2a: Ogerpon|[miss]\n|-miss|p1a: I can’t breathe|p2a: Ogerpon\n|\n|-weather|RainDance|[upkeep]\n|upkeep\n|turn|30\n|\n|t:|1782432378\n|move|p1a: I can’t breathe|Draco Meteor|p2a: Ogerpon|[miss]\n|-miss|p1a: I can’t breathe|p2a: Ogerpon\n|move|p2a: Ogerpon|Play Rough|p1a: I can’t breathe\n|-supereffective|p1a: I can’t breathe\n|-damage|p1a: I can’t breathe|7/100\n|\n|-weather|RainDance|[upkeep]\n|upkeep\n|turn|31\n|\n|t:|1782432387\n|move|p1a: I can’t breathe|Draco Meteor|p2a: Ogerpon\n|-damage|p2a: Ogerpon|0 fnt\n|-unboost|p1a: I can’t breathe|spa|2\n|faint|p2a: Ogerpon\n|\n|-weather|RainDance|[upkeep]\n|upkeep\n|\n|t:|1782432391\n|switch|p2a: Slowking|Slowking-Galar, M|100/100\n|-damage|p2a: Slowking|88/100|[from] Stealth Rock\n|turn|32\n|\n|t:|1782432398\n|switch|p1a: Strap|Barraskewda, M|100/100\n|move|p2a: Slowking|Future Sight|p1a: Strap\n|-start|p2a: Slowking|move: Future Sight\n|\n|-weather|RainDance|[upkeep]\n|-heal|p2a: Slowking|94/100|[from] item: Leftovers\n|upkeep\n|turn|33\n|\n|t:|1782432416\n|-terastallize|p2a: Slowking|Water\n|move|p1a: Strap|Drill Run|p2a: Slowking\n|-damage|p2a: Slowking|53/100\n|-prepare|p2a: Slowking|Chilly Reception|[premajor]\n|move|p2a: Slowking|Chilly Reception|p2a: Slowking\n|-weather|Snowscape\n|c|☆Mandandu|?\n|\n|t:|1782432425\n|switch|p2a: Kyurem|Kyurem|51/100|[from] Chilly Reception\n|-damage|p2a: Kyurem|26/100|[from] Stealth Rock\n|-ability|p2a: Kyurem|Pressure\n|\n|-weather|Snowscape|[upkeep]\n|upkeep\n|turn|34\n|\n|t:|1782432434\n|switch|p2a: Slowking|Slowking-Galar, M, tera:Water|87/100\n|-damage|p2a: Slowking|74/100|[from] Stealth Rock\n|move|p1a: Strap|Drill Run|p2a: Slowking\n|-damage|p2a: Slowking|35/100\n|\n|-weather|Snowscape|[upkeep]\n|-end|p1a: Strap|move: Future Sight\n|-damage|p1a: Strap|0 fnt\n|faint|p1a: Strap\n|-heal|p2a: Slowking|41/100|[from] item: Leftovers\n|upkeep\n|\n|t:|1782432448\n|switch|p1a: I can’t breathe|Kingdra, F|7/100\n|turn|35\n|\n|t:|1782432454\n|switch|p2a: Gholdengo|Gholdengo|63/100\n|-damage|p2a: Gholdengo|57/100|[from] Stealth Rock\n|move|p1a: I can’t breathe|Draco Meteor|p2a: Gholdengo\n|-resisted|p2a: Gholdengo\n|-damage|p2a: Gholdengo|12/100\n|-unboost|p1a: I can’t breathe|spa|2\n|\n|-weather|Snowscape|[upkeep]\n|upkeep\n|turn|36\n|\n|t:|1782432465\n|switch|p1a: Gay Frog|Politoed, F, shiny|51/100\n|-weather|RainDance|[from] ability: Drizzle|[of] p1a: Gay Frog\n|move|p2a: Gholdengo|Shadow Ball|p1a: Gay Frog\n|-damage|p1a: Gay Frog|17/100\n|\n|-weather|RainDance|[upkeep]\n|upkeep\n|turn|37\n|\n|t:|1782432478\n|move|p2a: Gholdengo|Shadow Ball|p1a: Gay Frog\n|-damage|p1a: Gay Frog|0 fnt\n|faint|p1a: Gay Frog\n|\n|-weather|RainDance|[upkeep]\n|upkeep\n|\n|t:|1782432484\n|switch|p1a: I can’t breathe|Kingdra, F|7/100\n|turn|38\n|\n|t:|1782432489\n|move|p1a: I can’t breathe|Surf|p2a: Gholdengo\n|-damage|p2a: Gholdengo|0 fnt\n|faint|p2a: Gholdengo\n|\n|-weather|RainDance|[upkeep]\n|upkeep\n|\n|t:|1782432492\n|switch|p2a: Slowking|Slowking-Galar, M, tera:Water|75/100\n|-damage|p2a: Slowking|62/100|[from] Stealth Rock\n|turn|39\n|\n|t:|1782432500\n|move|p1a: I can’t breathe|Surf|p2a: Slowking\n|-resisted|p2a: Slowking\n|-crit|p2a: Slowking\n|-damage|p2a: Slowking|19/100\n|move|p2a: Slowking|Sludge Bomb|p1a: I can’t breathe\n|-damage|p1a: I can’t breathe|0 fnt\n|faint|p1a: I can’t breathe\n|\n|win|Mandandu\n|raw|RyD705's rating: 1388 &rarr; <strong>1368</strong><br />(-20 for losing)\n|raw|Mandandu's rating: 1385 &rarr; <strong>1405</strong><br />(+20 for winning)\n|l|☆RyD705\n|player|p1|\n|l|☆Mandandu\n|player|p2|\n", "uploadtime": 1782432827, "views": 8, "formatid": "gen9ou", "rating": 1368, "private": 0, "password": null}