{"id": "gen9ou-2639279694", "format": "[Gen 9] OU", "players": ["Tactical_foul", "thepeakmons"], "log": "|j|☆Tactical_foul\n|j|☆thepeakmons\n|t:|1782444977\n|gametype|singles\n|player|p1|Tactical_foul|266|1302\n|player|p2|thepeakmons|101|1269\n|gen|9\n|tier|[Gen 9] OU\n|rated|\n|rule|HP Percentage Mod: HP is shown in percentages\n|rule|Endless Battle Clause: Forcing endless battles is banned\n|rule|Species Clause: Limit one of each Pokémon\n|rule|OHKO Clause: OHKO moves are banned\n|rule|Evasion Items Clause: Evasion items are banned\n|rule|Evasion Moves Clause: Evasion moves are banned\n|rule|Evasion Abilities Clause: Evasion abilities are banned\n|rule|Sleep Moves Clause: Sleep-inducing moves are banned\n|clearpoke\n|poke|p1|Araquanid, F|\n|poke|p1|Cinderace, M|\n|poke|p1|Hatterene, F|\n|poke|p1|Enamorus, F|\n|poke|p1|Kingambit, F|\n|poke|p1|Dragapult, F|\n|poke|p2|Gliscor, F|\n|poke|p2|Gholdengo|\n|poke|p2|Zamazenta-*|\n|poke|p2|Blissey, F|\n|poke|p2|Skarmory, F|\n|poke|p2|Pecharunt|\n|teampreview\n|\n|t:|1782444992\n|teamsize|p1|6\n|teamsize|p2|6\n|start\n|switch|p1a: Araquanid|Araquanid, F|100/100\n|switch|p2a: Skarmory|Skarmory, F|100/100\n|turn|1\n|inactive|Battle timer is ON: inactive players will automatically lose when time's up. (requested by thepeakmons)\n|inactive|Tactical_foul also wants the timer to be on.\n|\n|t:|1782445023\n|move|p2a: Skarmory|Spikes|p1a: Araquanid\n|-sidestart|p1: Tactical_foul|Spikes\n|move|p1a: Araquanid|Sticky Web|p2a: Skarmory\n|-sidestart|p2: thepeakmons|move: Sticky Web\n|\n|upkeep\n|turn|2\n|\n|t:|1782445046\n|switch|p1a: Enamorus|Enamorus, F|100/100\n|move|p2a: Skarmory|Spikes|p1a: Enamorus\n|-sidestart|p1: Tactical_foul|Spikes\n|\n|upkeep\n|turn|3\n|\n|t:|1782445054\n|switch|p2a: Blissey|Blissey, F|100/100\n|move|p1a: Enamorus|Moonblast|p2a: Blissey\n|-damage|p2a: Blissey|77/100\n|-unboost|p2a: Blissey|spa|1\n|\n|upkeep\n|turn|4\n|\n|t:|1782445068\n|switch|p1a: Cinderace|Cinderace, M|100/100\n|move|p2a: Blissey|Stealth Rock|p1a: Cinderace\n|-sidestart|p1: Tactical_foul|move: Stealth Rock\n|\n|upkeep\n|turn|5\n|\n|t:|1782445078\n|switch|p2a: Gliscor|Gliscor, F|100/100\n|move|p1a: Cinderace|Court Change|p1a: Cinderace\n|-start|p1a: Cinderace|typechange|Normal|[from] ability: Libero\n|-swapsideconditions\n|-activate|p1a: Cinderace|move: Court Change\n|\n|-status|p2a: Gliscor|tox|[from] item: Toxic Orb\n|upkeep\n|turn|6\n|\n|t:|1782445094\n|switch|p1a: Araquanid|Araquanid, F|100/100\n|-activate|p1a: Araquanid|move: Sticky Web\n|-unboost|p1a: Araquanid|spe|1\n|move|p2a: Gliscor|Knock Off|p1a: Araquanid\n|-damage|p1a: Araquanid|77/100\n|-enditem|p1a: Araquanid|Custap Berry|[from] move: Knock Off|[of] p2a: Gliscor\n|\n|upkeep\n|turn|7\n|\n|t:|1782445105\n|switch|p2a: Blissey|Blissey, F|77/100\n|move|p1a: Araquanid|Liquidation|p2a: Blissey\n|-damage|p2a: Blissey|15/100\n|\n|upkeep\n|turn|8\n|\n|t:|1782445127\n|move|p2a: Blissey|Stealth Rock|p1a: Araquanid\n|-sidestart|p1: Tactical_foul|move: Stealth Rock\n|move|p1a: Araquanid|Liquidation|p2a: Blissey\n|-damage|p2a: Blissey|0 fnt\n|faint|p2a: Blissey\n|\n|upkeep\n|\n|t:|1782445135\n|switch|p2a: Pecharunt|Pecharunt|100/100\n|turn|9\n|\n|t:|1782445146\n|move|p2a: Pecharunt|Toxic|p1a: Araquanid\n|-status|p1a: Araquanid|tox\n|-start|p1a: Araquanid|confusion|[from] ability: Poison Puppeteer|[of] p2a: Pecharunt\n|-activate|p1a: Araquanid|confusion\n|-damage|p1a: Araquanid|67/100 tox|[from] confusion\n|\n|-damage|p1a: Araquanid|60/100 tox|[from] psn\n|upkeep\n|turn|10\n|\n|t:|1782445153\n|move|p2a: Pecharunt|Shadow Ball|p1a: Araquanid\n|-damage|p1a: Araquanid|40/100 tox\n|-end|p1a: Araquanid|confusion\n|move|p1a: Araquanid|Liquidation|p2a: Pecharunt\n|-damage|p2a: Pecharunt|72/100\n|\n|-damage|p1a: Araquanid|28/100 tox|[from] psn\n|upkeep\n|turn|11\n|\n|t:|1782445166\n|move|p2a: Pecharunt|Recover|p2a: Pecharunt\n|-heal|p2a: Pecharunt|100/100\n|move|p1a: Araquanid|Liquidation|p2a: Pecharunt\n|-damage|p2a: Pecharunt|73/100\n|\n|-damage|p1a: Araquanid|9/100 tox|[from] psn\n|upkeep\n|turn|12\n|\n|t:|1782445174\n|move|p2a: Pecharunt|Shadow Ball|p1a: Araquanid\n|-damage|p1a: Araquanid|0 fnt\n|faint|p1a: Araquanid\n|\n|upkeep\n|\n|t:|1782445181\n|switch|p1a: Kingambit|Kingambit, F, shiny|100/100\n|-activate|p1a: Kingambit|move: Sticky Web\n|-unboost|p1a: Kingambit|spe|1\n|-ability|p1a: Kingambit|Defiant|boost\n|-boost|p1a: Kingambit|atk|2\n|-damage|p1a: Kingambit|94/100|[from] Stealth Rock\n|turn|13\n|\n|t:|1782445191\n|switch|p2a: Skarmory|Skarmory, F|100/100\n|move|p1a: Kingambit|Kowtow Cleave|p2a: Skarmory\n|-damage|p2a: Skarmory|39/100\n|\n|upkeep\n|turn|14\n|\n|t:|1782445203\n|switch|p1a: Dragapult|Dragapult, F|100/100\n|-activate|p1a: Dragapult|move: Sticky Web\n|-fail|p1a: Dragapult|unboost|[from] ability: Clear Body|[of] p1a: Dragapult\n|-damage|p1a: Dragapult|88/100|[from] Stealth Rock\n|move|p2a: Skarmory|Roost|p2a: Skarmory\n|-heal|p2a: Skarmory|89/100\n|-singleturn|p2a: Skarmory|move: Roost\n|\n|upkeep\n|turn|15\n|\n|t:|1782445212\n|move|p1a: Dragapult|Shadow Ball|p2a: Skarmory\n|-damage|p2a: Skarmory|30/100\n|-damage|p1a: Dragapult|78/100|[from] item: Life Orb\n|move|p2a: Skarmory|Spikes|p1a: Dragapult\n|-sidestart|p1: Tactical_foul|Spikes\n|\n|upkeep\n|turn|16\n|\n|t:|1782445223\n|switch|p2a: Zamazenta|Zamazenta|100/100\n|-ability|p2a: Zamazenta|Dauntless Shield|boost\n|-boost|p2a: Zamazenta|def|1\n|move|p1a: Dragapult|Shadow Ball|p2a: Zamazenta\n|-damage|p2a: Zamazenta|56/100\n|-damage|p1a: Dragapult|69/100|[from] item: Life Orb\n|\n|upkeep\n|turn|17\n|\n|t:|1782445237\n|move|p1a: Dragapult|Draco Meteor|p2a: Zamazenta\n|-damage|p2a: Zamazenta|0 fnt\n|-unboost|p1a: Dragapult|spa|2\n|faint|p2a: Zamazenta\n|-damage|p1a: Dragapult|59/100|[from] item: Life Orb\n|\n|upkeep\n|\n|t:|1782445247\n|switch|p2a: Gliscor|Gliscor, F|100/100 tox\n|-damage|p2a: Gliscor|88/100 tox|[from] Stealth Rock\n|turn|18\n|\n|t:|1782445264\n|switch|p1a: Cinderace|Cinderace, M|100/100\n|move|p2a: Gliscor|Knock Off|p1a: Cinderace\n|-damage|p1a: Cinderace|67/100\n|-enditem|p1a: Cinderace|Heavy-Duty Boots|[from] move: Knock Off|[of] p2a: Gliscor\n|\n|-heal|p2a: Gliscor|100/100 tox|[from] ability: Poison Heal\n|upkeep\n|turn|19\n|\n|t:|1782445284\n|move|p1a: Cinderace|Pyro Ball|p2a: Gliscor\n|-damage|p2a: Gliscor|55/100 tox\n|move|p2a: Gliscor|Swords Dance|p2a: Gliscor\n|-boost|p2a: Gliscor|atk|2\n|\n|-heal|p2a: Gliscor|68/100 tox|[from] ability: Poison Heal\n|upkeep\n|turn|20\n|\n|t:|1782445293\n|move|p1a: Cinderace|Pyro Ball|p2a: Gliscor\n|-damage|p2a: Gliscor|20/100 tox\n|move|p2a: Gliscor|Swords Dance|p2a: Gliscor\n|-boost|p2a: Gliscor|atk|2\n|\n|-heal|p2a: Gliscor|32/100 tox|[from] ability: Poison Heal\n|upkeep\n|turn|21\n|\n|t:|1782445303\n|move|p2a: Gliscor|Protect|p2a: Gliscor\n|-singleturn|p2a: Gliscor|Protect\n|move|p1a: Cinderace|Pyro Ball|p2a: Gliscor\n|-activate|p2a: Gliscor|move: Protect\n|\n|-heal|p2a: Gliscor|45/100 tox|[from] ability: Poison Heal\n|upkeep\n|turn|22\n|\n|t:|1782445312\n|move|p2a: Gliscor|Protect|p2a: Gliscor\n|-singleturn|p2a: Gliscor|Protect\n|move|p1a: Cinderace|Pyro Ball|p2a: Gliscor\n|-activate|p2a: Gliscor|move: Protect\n|\n|-heal|p2a: Gliscor|57/100 tox|[from] ability: Poison Heal\n|upkeep\n|turn|23\n|\n|t:|1782445321\n|move|p1a: Cinderace|Pyro Ball|p2a: Gliscor\n|-damage|p2a: Gliscor|14/100 tox\n|move|p2a: Gliscor|Earthquake|p1a: Cinderace\n|-supereffective|p1a: Cinderace\n|-damage|p1a: Cinderace|0 fnt\n|faint|p1a: Cinderace\n|\n|-heal|p2a: Gliscor|26/100 tox|[from] ability: Poison Heal\n|upkeep\n|\n|t:|1782445342\n|switch|p1a: Enamorus|Enamorus, F|100/100\n|-damage|p1a: Enamorus|76/100|[from] Stealth Rock\n|turn|24\n|\n|t:|1782445352\n|move|p2a: Gliscor|Protect|p2a: Gliscor\n|-singleturn|p2a: Gliscor|Protect\n|move|p1a: Enamorus|Moonblast|p2a: Gliscor\n|-activate|p2a: Gliscor|move: Protect\n|\n|-heal|p2a: Gliscor|39/100 tox|[from] ability: Poison Heal\n|upkeep\n|turn|25\n|\n|t:|1782445367\n|switch|p2a: Pecharunt|Pecharunt|73/100\n|move|p1a: Enamorus|Moonblast|p2a: Pecharunt\n|-resisted|p2a: Pecharunt\n|-damage|p2a: Pecharunt|37/100\n|\n|upkeep\n|turn|26\n|\n|t:|1782445383\n|move|p1a: Enamorus|Moonblast|p2a: Pecharunt\n|-resisted|p2a: Pecharunt\n|-damage|p2a: Pecharunt|1/100\n|move|p2a: Pecharunt|Recover|p2a: Pecharunt\n|-heal|p2a: Pecharunt|51/100\n|\n|upkeep\n|turn|27\n|\n|t:|1782445400\n|switch|p1a: Kingambit|Kingambit, F, shiny|94/100\n|-activate|p1a: Kingambit|move: Sticky Web\n|-unboost|p1a: Kingambit|spe|1\n|-ability|p1a: Kingambit|Defiant|boost\n|-boost|p1a: Kingambit|atk|2\n|-damage|p1a: Kingambit|88/100|[from] Stealth Rock\n|-damage|p1a: Kingambit|76/100|[from] Spikes\n|move|p2a: Pecharunt|Recover|p2a: Pecharunt\n|-heal|p2a: Pecharunt|100/100\n|\n|upkeep\n|turn|28\n|\n|t:|1782445410\n|switch|p2a: Gliscor|Gliscor, F|39/100 tox\n|-damage|p2a: Gliscor|26/100 tox|[from] Stealth Rock\n|move|p1a: Kingambit|Swords Dance|p1a: Kingambit\n|-boost|p1a: Kingambit|atk|2\n|\n|-heal|p2a: Gliscor|39/100 tox|[from] ability: Poison Heal\n|upkeep\n|turn|29\n|\n|t:|1782445426\n|move|p2a: Gliscor|Earthquake|p1a: Kingambit\n|-supereffective|p1a: Kingambit\n|-enditem|p1a: Kingambit|Shuca Berry|[eat]\n|-enditem|p1a: Kingambit|Shuca Berry|[weaken]\n|-damage|p1a: Kingambit|49/100\n|move|p1a: Kingambit|Kowtow Cleave|p2a: Gliscor\n|-damage|p2a: Gliscor|0 fnt\n|faint|p2a: Gliscor\n|\n|upkeep\n|inactive|thepeakmons has 120 seconds left.\n|\n|t:|1782445450\n|switch|p2a: Skarmory|Skarmory, F|30/100\n|turn|30\n|inactive|thepeakmons has 120 seconds left.\n|\n|t:|1782445476\n|switch|p1a: Dragapult|Dragapult, F|59/100\n|-activate|p1a: Dragapult|move: Sticky Web\n|-fail|p1a: Dragapult|unboost|[from] ability: Clear Body|[of] p1a: Dragapult\n|-damage|p1a: Dragapult|47/100|[from] Stealth Rock\n|-damage|p1a: Dragapult|34/100|[from] Spikes\n|move|p2a: Skarmory|Body Press|p1a: Dragapult\n|-immune|p1a: Dragapult\n|\n|upkeep\n|turn|31\n|inactive|thepeakmons has 120 seconds left.\n|\n|t:|1782445484\n|switch|p2a: Pecharunt|Pecharunt|100/100\n|move|p1a: Dragapult|Shadow Ball|p2a: Pecharunt\n|-supereffective|p2a: Pecharunt\n|-damage|p2a: Pecharunt|2/100\n|-damage|p1a: Dragapult|24/100|[from] item: Life Orb\n|\n|upkeep\n|turn|32\n|inactive|thepeakmons has 120 seconds left.\n|\n|t:|1782445499\n|switch|p2a: Gholdengo|Gholdengo|100/100\n|-damage|p2a: Gholdengo|84/100|[from] Spikes\n|-damage|p2a: Gholdengo|78/100|[from] Stealth Rock\n|move|p1a: Dragapult|Shadow Ball|p2a: Gholdengo\n|-supereffective|p2a: Gholdengo\n|-damage|p2a: Gholdengo|0 fnt\n|faint|p2a: Gholdengo\n|-damage|p1a: Dragapult|15/100|[from] item: Life Orb\n|\n|upkeep\n|\n|t:|1782445512\n|switch|p2a: Skarmory|Skarmory, F|30/100\n|turn|33\n|\n|t:|1782445520\n|move|p1a: Dragapult|Shadow Ball|p2a: Skarmory\n|-damage|p2a: Skarmory|0 fnt\n|faint|p2a: Skarmory\n|-damage|p1a: Dragapult|5/100|[from] item: Life Orb\n|\n|upkeep\n|\n|t:|1782445535\n|switch|p2a: Pecharunt|Pecharunt|2/100\n|turn|34\n|\n|t:|1782445547\n|move|p1a: Dragapult|Shadow Ball|p2a: Pecharunt\n|-supereffective|p2a: Pecharunt\n|-damage|p2a: Pecharunt|0 fnt\n|faint|p2a: Pecharunt\n|-damage|p1a: Dragapult|0 fnt|[from] item: Life Orb\n|faint|p1a: Dragapult\n|\n|win|Tactical_foul\n|raw|Tactical_foul's rating: 1302 &rarr; <strong>1323</strong><br />(+21 for winning)\n|raw|thepeakmons's rating: 1318 &rarr; <strong>1297</strong><br />(-21 for losing)\n|l|☆Tactical_foul\n|player|p1|\n", "uploadtime": 1782445547, "views": 7, "formatid": "gen9ou", "rating": 1297, "private": 0, "password": null}