{"id": "gen9ou-2540521435", "format": "[Gen 9] OU", "players": ["manjaloid", "Mr Tpen"], "log": "|j|☆manjaloid\n|j|☆Mr Tpen\n|t:|1771212554\n|gametype|singles\n|player|p1|manjaloid|101|1676\n|player|p2|Mr Tpen|2|1686\n|gen|9\n|tier|[Gen 9] OU\n|rated|\n|rule|HP Percentage Mod: HP is shown in percentages\n|rule|Endless Battle Clause: Forcing endless battles is banned\n|rule|Species Clause: Limit one of each Pokémon\n|rule|OHKO Clause: OHKO moves are banned\n|rule|Evasion Items Clause: Evasion items are banned\n|rule|Evasion Moves Clause: Evasion moves are banned\n|rule|Evasion Abilities Clause: Evasion abilities are banned\n|rule|Sleep Moves Clause: Sleep-inducing moves are banned\n|clearpoke\n|poke|p1|Pelipper, M|\n|poke|p1|Raging Bolt|\n|poke|p1|Overqwil, M|\n|poke|p1|Barraskewda, M|\n|poke|p1|Iron Treads|\n|poke|p1|Kingambit, M|\n|poke|p2|Enamorus, F|\n|poke|p2|Kyurem|\n|poke|p2|Landorus-Therian, M|\n|poke|p2|Kingambit, F|\n|poke|p2|Ogerpon-Wellspring, F|\n|poke|p2|Glimmora, F|\n|teampreview\n|inactive|Battle timer is ON: inactive players will automatically lose when time's up. (requested by manjaloid)\n|\n|t:|1771212571\n|teamsize|p1|6\n|teamsize|p2|6\n|start\n|switch|p1a: Iron Treads|Iron Treads|100/100\n|switch|p2a: Kyurem|Kyurem|100/100\n|-ability|p2a: Kyurem|Pressure\n|-enditem|p1a: Iron Treads|Booster Energy\n|-activate|p1a: Iron Treads|ability: Quark Drive|[fromitem]\n|-start|p1a: Iron Treads|quarkdrivespe\n|turn|1\n|\n|t:|1771212577\n|switch|p2a: Ogerpon|Ogerpon-Wellspring, F|100/100\n|move|p1a: Iron Treads|Steel Beam|p2a: Ogerpon\n|-resisted|p2a: Ogerpon\n|-damage|p2a: Ogerpon|68/100\n|-damage|p1a: Iron Treads|50/100|[from] steelbeam\n|\n|upkeep\n|turn|2\n|\n|t:|1771212579\n|move|p1a: Iron Treads|Stealth Rock|p2a: Ogerpon\n|-sidestart|p2: Mr Tpen|move: Stealth Rock\n|move|p2a: Ogerpon|Ivy Cudgel|p1a: Iron Treads|[anim] Ivy Cudgel Water\n|-supereffective|p1a: Iron Treads\n|-damage|p1a: Iron Treads|0 fnt\n|faint|p1a: Iron Treads\n|-end|p1a: Iron Treads|Quark Drive|[silent]\n|\n|upkeep\n|\n|t:|1771212586\n|switch|p1a: Pelipper|Pelipper, M|100/100\n|-weather|RainDance|[from] ability: Drizzle|[of] p1a: Pelipper\n|turn|3\n|\n|t:|1771212588\n|move|p2a: Ogerpon|U-turn|p1a: Pelipper\n|-resisted|p1a: Pelipper\n|-damage|p1a: Pelipper|89/100\n|\n|t:|1771212590\n|switch|p2a: Landorus|Landorus-Therian, M|100/100|[from] U-turn\n|-damage|p2a: Landorus|88/100|[from] Stealth Rock\n|-ability|p2a: Landorus|Intimidate|boost\n|-unboost|p1a: Pelipper|atk|1\n|move|p1a: Pelipper|U-turn|p2a: Landorus\n|-resisted|p2a: Landorus\n|-damage|p2a: Landorus|85/100\n|-damage|p1a: Pelipper|73/100|[from] item: Rocky Helmet|[of] p2a: Landorus\n|\n|t:|1771212601\n|switch|p1a: Overqwil|Overqwil, M|100/100|[from] U-turn\n|\n|-weather|RainDance|[upkeep]\n|upkeep\n|turn|4\n|\n|t:|1771212609\n|move|p1a: Overqwil|Liquidation|p2a: Landorus\n|-supereffective|p2a: Landorus\n|-damage|p2a: Landorus|0 fnt\n|-damage|p1a: Overqwil|84/100|[from] item: Rocky Helmet|[of] p2a: Landorus\n|faint|p2a: Landorus\n|-damage|p1a: Overqwil|74/100|[from] item: Life Orb\n|\n|-weather|RainDance|[upkeep]\n|upkeep\n|\n|t:|1771212612\n|switch|p2a: Ogerpon|Ogerpon-Wellspring, F|68/100\n|-damage|p2a: Ogerpon|55/100|[from] Stealth Rock\n|turn|5\n|\n|t:|1771212617\n|switch|p2a: Glimmora|Glimmora, F|100/100\n|-damage|p2a: Glimmora|88/100|[from] Stealth Rock\n|move|p1a: Overqwil|Crunch|p2a: Glimmora\n|-damage|p2a: Glimmora|48/100\n|-activate|p2a: Glimmora|ability: Toxic Debris\n|-sidestart|p1: manjaloid|move: Toxic Spikes\n|-enditem|p2a: Glimmora|Red Card|[of] p1a: Overqwil\n|drag|p1a: Pelipper|Pelipper, M|73/100\n|\n|-weather|RainDance|[upkeep]\n|upkeep\n|turn|6\n|\n|t:|1771212621\n|move|p2a: Glimmora|Mortal Spin|p1a: Pelipper\n|-damage|p1a: Pelipper|68/100\n|-status|p1a: Pelipper|psn\n|-sideend|p2: Mr Tpen|Stealth Rock|[from] move: Mortal Spin|[of] p2a: Glimmora\n|move|p1a: Pelipper|Weather Ball|p2a: Glimmora\n|-supereffective|p2a: Glimmora\n|-damage|p2a: Glimmora|0 fnt\n|faint|p2a: Glimmora\n|\n|-weather|RainDance|[upkeep]\n|-damage|p1a: Pelipper|56/100 psn|[from] psn\n|upkeep\n|\n|t:|1771212625\n|switch|p2a: Kyurem|Kyurem|100/100\n|-ability|p2a: Kyurem|Pressure\n|turn|7\n|\n|t:|1771212629\n|switch|p1a: Kingambit|Kingambit, M|100/100\n|-activate|p1a: Kingambit|ability: Supreme Overlord\n|-start|p1a: Kingambit|fallen1|[silent]\n|move|p2a: Kyurem|Freeze-Dry|p1a: Kingambit\n|-resisted|p1a: Kingambit\n|-damage|p1a: Kingambit|79/100\n|\n|-weather|RainDance|[upkeep]\n|-heal|p1a: Kingambit|86/100|[from] item: Leftovers\n|upkeep\n|turn|8\n|\n|t:|1771212632\n|switch|p2a: Kingambit|Kingambit, F|100/100\n|-activate|p2a: Kingambit|ability: Supreme Overlord\n|-start|p2a: Kingambit|fallen2|[silent]\n|-item|p2a: Kingambit|Air Balloon\n|move|p1a: Kingambit|Iron Head|p2a: Kingambit\n|-resisted|p2a: Kingambit\n|-damage|p2a: Kingambit|78/100\n|-enditem|p2a: Kingambit|Air Balloon\n|\n|-weather|RainDance|[upkeep]\n|-heal|p1a: Kingambit|92/100|[from] item: Leftovers\n|upkeep\n|turn|9\n|\n|t:|1771212641\n|move|p2a: Kingambit|Low Kick|p1a: Kingambit\n|-supereffective|p1a: Kingambit\n|-damage|p1a: Kingambit|0 fnt\n|faint|p1a: Kingambit\n|-end|p1a: Kingambit|fallen1|[silent]\n|\n|-weather|RainDance|[upkeep]\n|upkeep\n|\n|t:|1771212664\n|switch|p1a: Overqwil|Overqwil, M|74/100\n|-sideend|p1: manjaloid|move: Toxic Spikes|[of] p1a: Overqwil\n|turn|10\n|\n|t:|1771212671\n|move|p1a: Overqwil|Crunch|p2a: Kingambit\n|-resisted|p2a: Kingambit\n|-damage|p2a: Kingambit|54/100\n|-unboost|p2a: Kingambit|def|1\n|-damage|p1a: Overqwil|64/100|[from] item: Life Orb\n|move|p2a: Kingambit|Low Kick|p1a: Overqwil\n|-crit|p1a: Overqwil\n|-damage|p1a: Overqwil|4/100\n|\n|-weather|none\n|upkeep\n|turn|11\n|\n|t:|1771212677\n|-end|p2a: Kingambit|fallen2|[silent]\n|switch|p2a: Ogerpon|Ogerpon-Wellspring, F|55/100\n|move|p1a: Overqwil|Crunch|p2a: Ogerpon\n|-damage|p2a: Ogerpon|0 fnt\n|faint|p2a: Ogerpon\n|-damage|p1a: Overqwil|0 fnt|[from] item: Life Orb\n|faint|p1a: Overqwil\n|\n|upkeep\n|\n|t:|1771212684\n|switch|p2a: Kyurem|Kyurem|100/100\n|switch|p1a: Pelipper|Pelipper, M|56/100 psn\n|-ability|p2a: Kyurem|Pressure\n|-weather|RainDance|[from] ability: Drizzle|[of] p1a: Pelipper\n|turn|12\n|\n|t:|1771212687\n|move|p2a: Kyurem|Freeze-Dry|p1a: Pelipper\n|-supereffective|p1a: Pelipper\n|-damage|p1a: Pelipper|0 fnt\n|faint|p1a: Pelipper\n|\n|-weather|RainDance|[upkeep]\n|upkeep\n|inactive|manjaloid has 120 seconds left.\n|\n|t:|1771212721\n|switch|p1a: Barraskewda|Barraskewda, M|100/100\n|turn|13\n|\n|t:|1771212725\n|move|p1a: Barraskewda|Close Combat|p2a: Kyurem\n|-supereffective|p2a: Kyurem\n|-damage|p2a: Kyurem|0 fnt\n|-unboost|p1a: Barraskewda|def|1\n|-unboost|p1a: Barraskewda|spd|1\n|faint|p2a: Kyurem\n|\n|-weather|RainDance|[upkeep]\n|upkeep\n|\n|t:|1771212727\n|switch|p2a: Enamorus|Enamorus, F|100/100\n|turn|14\n|\n|t:|1771212731\n|switch|p1a: Raging Bolt|Raging Bolt|100/100\n|-enditem|p1a: Raging Bolt|Booster Energy\n|-activate|p1a: Raging Bolt|ability: Protosynthesis|[fromitem]\n|-start|p1a: Raging Bolt|protosynthesisspa\n|move|p2a: Enamorus|Moonblast|p1a: Raging Bolt\n|-supereffective|p1a: Raging Bolt\n|-damage|p1a: Raging Bolt|10/100\n|-unboost|p1a: Raging Bolt|spa|1\n|\n|-weather|RainDance|[upkeep]\n|upkeep\n|turn|15\n|\n|t:|1771212737\n|switch|p2a: Kingambit|Kingambit, F|54/100\n|-activate|p2a: Kingambit|ability: Supreme Overlord\n|-start|p2a: Kingambit|fallen4|[silent]\n|move|p1a: Raging Bolt|Thunderclap||[still]\n|-fail|p1a: Raging Bolt\n|\n|-weather|RainDance|[upkeep]\n|upkeep\n|turn|16\n|\n|t:|1771212741\n|move|p1a: Raging Bolt|Thunderclap|p2a: Kingambit\n|-damage|p2a: Kingambit|16/100\n|move|p2a: Kingambit|Sucker Punch||[still]\n|-fail|p2a: Kingambit\n|\n|-weather|RainDance|[upkeep]\n|upkeep\n|turn|17\n|\n|t:|1771212748\n|move|p2a: Kingambit|Sucker Punch|p1a: Raging Bolt\n|-damage|p1a: Raging Bolt|0 fnt\n|faint|p1a: Raging Bolt\n|-end|p1a: Raging Bolt|Protosynthesis|[silent]\n|\n|-weather|RainDance|[upkeep]\n|upkeep\n|\n|t:|1771212750\n|switch|p1a: Barraskewda|Barraskewda, M|100/100\n|turn|18\n|\n|t:|1771212764\n|-terastallize|p1a: Barraskewda|Water\n|move|p1a: Barraskewda|Aqua Jet|p2a: Kingambit\n|-damage|p2a: Kingambit|0 fnt\n|faint|p2a: Kingambit\n|-end|p2a: Kingambit|fallen4|[silent]\n|\n|-weather|RainDance|[upkeep]\n|upkeep\n|\n|t:|1771212767\n|switch|p2a: Enamorus|Enamorus, F|100/100\n|turn|19\n|\n|t:|1771212769\n|-terastallize|p2a: Enamorus|Stellar\n|move|p1a: Barraskewda|Aqua Jet|p2a: Enamorus\n|-damage|p2a: Enamorus|0 fnt\n|faint|p2a: Enamorus\n|\n|win|manjaloid\n|raw|manjaloid's rating: 1676 &rarr; <strong>1697</strong><br />(+21 for winning)\n|raw|Mr Tpen's rating: 1686 &rarr; <strong>1665</strong><br />(-21 for losing)\n|l|☆Mr Tpen\n|player|p2|\n|l|☆manjaloid\n|player|p1|\n", "uploadtime": 1771212939, "views": 12, "formatid": "gen9ou", "rating": 1665, "private": 0, "password": null}