{"id": "gen9ou-2639266853", "format": "[Gen 9] OU", "players": ["me312", "thepeakmons"], "log": "|j|☆me312\n|j|☆thepeakmons\n|t:|1782442937\n|gametype|singles\n|player|p1|me312|265|1287\n|player|p2|thepeakmons|101|1332\n|gen|9\n|tier|[Gen 9] OU\n|rated|\n|rule|HP Percentage Mod: HP is shown in percentages\n|rule|Endless Battle Clause: Forcing endless battles is banned\n|rule|Species Clause: Limit one of each Pokémon\n|rule|OHKO Clause: OHKO moves are banned\n|rule|Evasion Items Clause: Evasion items are banned\n|rule|Evasion Moves Clause: Evasion moves are banned\n|rule|Evasion Abilities Clause: Evasion abilities are banned\n|rule|Sleep Moves Clause: Sleep-inducing moves are banned\n|clearpoke\n|poke|p1|Tornadus-Therian, M|\n|poke|p1|Alomomola, M|\n|poke|p1|Fezandipiti, M|\n|poke|p1|Great Tusk|\n|poke|p1|Samurott-Hisui, F|\n|poke|p1|Pecharunt|\n|poke|p2|Gliscor, F|\n|poke|p2|Gholdengo|\n|poke|p2|Zamazenta-*|\n|poke|p2|Blissey, F|\n|poke|p2|Skarmory, F|\n|poke|p2|Pecharunt|\n|teampreview\n|inactive|Battle timer is ON: inactive players will automatically lose when time's up. (requested by me312)\n|\n|t:|1782442944\n|teamsize|p1|6\n|teamsize|p2|6\n|start\n|switch|p1a: Tornadus|Tornadus-Therian, M|100/100\n|switch|p2a: Skarmory|Skarmory, F|100/100\n|turn|1\n|inactive|thepeakmons also wants the timer to be on.\n|\n|t:|1782442972\n|move|p1a: Tornadus|Nasty Plot|p1a: Tornadus\n|-boost|p1a: Tornadus|spa|2\n|move|p2a: Skarmory|Spikes|p1a: Tornadus\n|-sidestart|p1: me312|Spikes\n|\n|upkeep\n|turn|2\n|\n|t:|1782442978\n|move|p1a: Tornadus|Heat Wave|p2a: Skarmory\n|-supereffective|p2a: Skarmory\n|-ability|p2a: Skarmory|Sturdy\n|-damage|p2a: Skarmory|1/100\n|-damage|p1a: Tornadus|91/100|[from] item: Life Orb\n|move|p2a: Skarmory|Whirlwind|p1a: Tornadus\n|drag|p1a: Great Tusk|Great Tusk|100/100\n|\n|upkeep\n|turn|3\n|\n|t:|1782442993\n|switch|p2a: Pecharunt|Pecharunt|100/100\n|move|p1a: Great Tusk|Rapid Spin|p2a: Pecharunt\n|-immune|p2a: Pecharunt\n|\n|upkeep\n|turn|4\n|\n|t:|1782443001\n|move|p1a: Great Tusk|Headlong Rush|p2a: Pecharunt\n|-supereffective|p2a: Pecharunt\n|-damage|p2a: Pecharunt|39/100\n|-unboost|p1a: Great Tusk|def|1\n|-unboost|p1a: Great Tusk|spd|1\n|move|p2a: Pecharunt|Toxic|p1a: Great Tusk\n|-status|p1a: Great Tusk|tox\n|-start|p1a: Great Tusk|confusion|[from] ability: Poison Puppeteer|[of] p2a: Pecharunt\n|\n|-damage|p1a: Great Tusk|94/100 tox|[from] psn\n|upkeep\n|turn|5\n|inactive|me312 has 120 seconds left.\n|\n|t:|1782443047\n|-end|p1a: Great Tusk|Protosynthesis|[silent]\n|switch|p1a: Tornadus|Tornadus-Therian, M|100/100\n|move|p2a: Pecharunt|Recover|p2a: Pecharunt\n|-heal|p2a: Pecharunt|89/100\n|\n|upkeep\n|turn|6\n|inactive|me312 has 120 seconds left.\n|\n|t:|1782443064\n|switch|p2a: Blissey|Blissey, F|100/100\n|move|p1a: Tornadus|U-turn|p2a: Blissey\n|-damage|p2a: Blissey|82/100\n|-damage|p1a: Tornadus|91/100|[from] item: Life Orb\n|\n|t:|1782443068\n|switch|p1a: Samurott|Samurott-Hisui, F|100/100|[from] U-turn\n|\n|upkeep\n|turn|7\n|\n|t:|1782443080\n|switch|p2a: Zamazenta|Zamazenta|100/100\n|-ability|p2a: Zamazenta|Dauntless Shield|boost\n|-boost|p2a: Zamazenta|def|1\n|move|p1a: Samurott|Ceaseless Edge|p2a: Zamazenta\n|-resisted|p2a: Zamazenta\n|-damage|p2a: Zamazenta|88/100\n|-sidestart|p2: thepeakmons|Spikes\n|\n|upkeep\n|turn|8\n|\n|t:|1782443099\n|switch|p1a: Pecharunt|Pecharunt|100/100\n|move|p2a: Zamazenta|Close Combat|p1a: Pecharunt\n|-immune|p1a: Pecharunt\n|\n|upkeep\n|turn|9\n|inactive|thepeakmons has 120 seconds left.\n|\n|t:|1782443117\n|switch|p2a: Gliscor|Gliscor, F|100/100\n|move|p1a: Pecharunt|Parting Shot|p2a: Gliscor\n|-unboost|p2a: Gliscor|atk|1\n|-unboost|p2a: Gliscor|spa|1\n|inactive|me312 has 120 seconds left.\n|\n|t:|1782443147\n|switch|p1a: Tornadus|Tornadus-Therian, M|100/100|[from] Parting Shot\n|\n|-status|p2a: Gliscor|tox|[from] item: Toxic Orb\n|upkeep\n|turn|10\n|\n|t:|1782443154\n|switch|p2a: Blissey|Blissey, F|82/100\n|move|p1a: Tornadus|Nasty Plot|p1a: Tornadus\n|-boost|p1a: Tornadus|spa|2\n|\n|upkeep\n|turn|11\n|\n|t:|1782443161\n|move|p1a: Tornadus|Bleakwind Storm|p2a: Blissey\n|-damage|p2a: Blissey|47/100\n|-unboost|p2a: Blissey|spe|1\n|-damage|p1a: Tornadus|91/100|[from] item: Life Orb\n|move|p2a: Blissey|Calm Mind|p2a: Blissey\n|-boost|p2a: Blissey|spa|1\n|-boost|p2a: Blissey|spd|1\n|\n|upkeep\n|turn|12\n|\n|t:|1782443180\n|move|p1a: Tornadus|U-turn|p2a: Blissey\n|-damage|p2a: Blissey|26/100\n|-damage|p1a: Tornadus|81/100|[from] item: Life Orb\n|\n|t:|1782443184\n|switch|p1a: Samurott|Samurott-Hisui, F|100/100|[from] U-turn\n|move|p2a: Blissey|Soft-Boiled|p2a: Blissey\n|-heal|p2a: Blissey|76/100\n|\n|upkeep\n|turn|13\n|\n|t:|1782443192\n|switch|p2a: Zamazenta|Zamazenta|88/100\n|move|p1a: Samurott|Encore||[still]\n|-fail|p1a: Samurott\n|\n|upkeep\n|turn|14\n|\n|t:|1782443197\n|move|p2a: Zamazenta|Close Combat|p1a: Samurott\n|-supereffective|p1a: Samurott\n|-damage|p1a: Samurott|0 fnt\n|-unboost|p2a: Zamazenta|def|1\n|-unboost|p2a: Zamazenta|spd|1\n|faint|p1a: Samurott\n|\n|upkeep\n|\n|t:|1782443208\n|switch|p1a: Tornadus|Tornadus-Therian, M|100/100\n|turn|15\n|\n|t:|1782443218\n|switch|p2a: Blissey|Blissey, F|76/100\n|move|p1a: Tornadus|Nasty Plot|p1a: Tornadus\n|-boost|p1a: Tornadus|spa|2\n|\n|upkeep\n|turn|16\n|\n|t:|1782443230\n|move|p1a: Tornadus|Bleakwind Storm|p2a: Blissey\n|-damage|p2a: Blissey|42/100\n|-unboost|p2a: Blissey|spe|1\n|-damage|p1a: Tornadus|91/100|[from] item: Life Orb\n|move|p2a: Blissey|Calm Mind|p2a: Blissey\n|-boost|p2a: Blissey|spa|1\n|-boost|p2a: Blissey|spd|1\n|\n|upkeep\n|turn|17\n|\n|t:|1782443251\n|move|p1a: Tornadus|U-turn|p2a: Blissey\n|-damage|p2a: Blissey|22/100\n|-damage|p1a: Tornadus|81/100|[from] item: Life Orb\n|\n|t:|1782443256\n|switch|p1a: Great Tusk|Great Tusk|94/100 tox|[from] U-turn\n|move|p2a: Blissey|Soft-Boiled|p2a: Blissey\n|-heal|p2a: Blissey|72/100\n|\n|-damage|p1a: Great Tusk|88/100 tox|[from] psn\n|upkeep\n|turn|18\n|\n|t:|1782443282\n|move|p1a: Great Tusk|Stealth Rock|p2a: Blissey\n|-sidestart|p2: thepeakmons|move: Stealth Rock\n|move|p2a: Blissey|Soft-Boiled|p2a: Blissey\n|-heal|p2a: Blissey|100/100\n|\n|-damage|p1a: Great Tusk|76/100 tox|[from] psn\n|upkeep\n|turn|19\n|\n|t:|1782443290\n|-end|p1a: Great Tusk|Protosynthesis|[silent]\n|switch|p1a: Alomomola|Alomomola, M|100/100\n|-damage|p1a: Alomomola|88/100|[from] Spikes\n|move|p2a: Blissey|Stealth Rock|p1a: Alomomola\n|-sidestart|p1: me312|move: Stealth Rock\n|\n|upkeep\n|turn|20\n|\n|t:|1782443301\n|move|p1a: Alomomola|Flip Turn|p2a: Blissey\n|-damage|p2a: Blissey|84/100\n|inactive|me312 has 120 seconds left.\n|\n|t:|1782443325\n|switch|p1a: Fezandipiti|Fezandipiti, M|100/100|[from] Flip Turn\n|move|p2a: Blissey|Calm Mind|p2a: Blissey\n|-boost|p2a: Blissey|spa|1\n|-boost|p2a: Blissey|spd|1\n|\n|upkeep\n|turn|21\n|\n|t:|1782443340\n|move|p1a: Fezandipiti|Beat Up|p2a: Blissey\n|-damage|p2a: Blissey|81/100\n|-damage|p2a: Blissey|78/100\n|-damage|p2a: Blissey|74/100\n|-status|p2a: Blissey|tox|[from] ability: Toxic Chain|[of] p1a: Fezandipiti\n|-damage|p2a: Blissey|71/100 tox\n|-hitcount|p2a: Blissey|4\n|move|p2a: Blissey|Shadow Ball|p1a: Fezandipiti\n|-damage|p1a: Fezandipiti|78/100\n|\n|-damage|p2a: Blissey|65/100 tox|[from] psn\n|upkeep\n|turn|22\n|\n|t:|1782443362\n|move|p1a: Fezandipiti|U-turn|p2a: Blissey\n|-damage|p2a: Blissey|51/100 tox\n|\n|t:|1782443366\n|switch|p1a: Tornadus|Tornadus-Therian, M|100/100|[from] U-turn\n|-damage|p1a: Tornadus|76/100|[from] Stealth Rock\n|move|p2a: Blissey|Soft-Boiled|p2a: Blissey\n|-heal|p2a: Blissey|100/100 tox\n|\n|-damage|p2a: Blissey|88/100 tox|[from] psn\n|upkeep\n|turn|23\n|\n|t:|1782443376\n|move|p1a: Tornadus|U-turn|p2a: Blissey\n|-damage|p2a: Blissey|69/100 tox\n|-damage|p1a: Tornadus|66/100|[from] item: Life Orb\n|\n|t:|1782443380\n|switch|p1a: Alomomola|Alomomola, M|100/100|[from] U-turn\n|-damage|p1a: Alomomola|88/100|[from] Spikes\n|-damage|p1a: Alomomola|76/100|[from] Stealth Rock\n|move|p2a: Blissey|Shadow Ball|p1a: Alomomola\n|-damage|p1a: Alomomola|61/100\n|-unboost|p1a: Alomomola|spd|1\n|\n|-damage|p2a: Blissey|50/100 tox|[from] psn\n|upkeep\n|turn|24\n|\n|t:|1782443404\n|-curestatus|p2a: Blissey|tox|[from] ability: Natural Cure|[silent]\n|switch|p2a: Pecharunt|Pecharunt|89/100\n|move|p1a: Alomomola|Flip Turn|p2a: Pecharunt\n|-damage|p2a: Pecharunt|82/100\n|\n|t:|1782443409\n|switch|p1a: Great Tusk|Great Tusk|76/100 tox|[from] Flip Turn\n|\n|-damage|p1a: Great Tusk|70/100 tox|[from] psn\n|upkeep\n|turn|25\n|\n|t:|1782443417\n|switch|p2a: Gliscor|Gliscor, F|100/100 tox\n|-damage|p2a: Gliscor|88/100 tox|[from] Stealth Rock\n|move|p1a: Great Tusk|Headlong Rush|p2a: Gliscor\n|-immune|p2a: Gliscor\n|\n|-damage|p1a: Great Tusk|57/100 tox|[from] psn\n|-heal|p2a: Gliscor|100/100 tox|[from] ability: Poison Heal\n|upkeep\n|turn|26\n|\n|t:|1782443428\n|-end|p1a: Great Tusk|Protosynthesis|[silent]\n|switch|p1a: Alomomola|Alomomola, M|94/100\n|-damage|p1a: Alomomola|82/100|[from] Spikes\n|-damage|p1a: Alomomola|69/100|[from] Stealth Rock\n|switch|p2a: Pecharunt|Pecharunt|82/100\n|\n|upkeep\n|turn|27\n|\n|t:|1782443436\n|move|p2a: Pecharunt|Toxic|p1a: Alomomola\n|-status|p1a: Alomomola|tox\n|-start|p1a: Alomomola|confusion|[from] ability: Poison Puppeteer|[of] p2a: Pecharunt\n|-activate|p1a: Alomomola|confusion\n|move|p1a: Alomomola|Flip Turn|p2a: Pecharunt\n|-damage|p2a: Pecharunt|73/100\n|\n|t:|1782443439\n|switch|p1a: Tornadus|Tornadus-Therian, M|99/100|[from] Flip Turn\n|-damage|p1a: Tornadus|74/100|[from] Stealth Rock\n|\n|upkeep\n|turn|28\n|\n|t:|1782443456\n|move|p1a: Tornadus|Nasty Plot|p1a: Tornadus\n|-boost|p1a: Tornadus|spa|2\n|move|p2a: Pecharunt|Toxic|p1a: Tornadus\n|-status|p1a: Tornadus|tox\n|-start|p1a: Tornadus|confusion|[from] ability: Poison Puppeteer|[of] p2a: Pecharunt\n|\n|-damage|p1a: Tornadus|68/100 tox|[from] psn\n|upkeep\n|turn|29\n|\n|t:|1782443468\n|switch|p2a: Blissey|Blissey, F|50/100\n|-activate|p1a: Tornadus|confusion\n|move|p1a: Tornadus|Bleakwind Storm|p2a: Blissey\n|-damage|p2a: Blissey|10/100\n|-damage|p1a: Tornadus|59/100 tox|[from] item: Life Orb\n|\n|-damage|p1a: Tornadus|47/100 tox|[from] psn\n|upkeep\n|turn|30\n|\n|t:|1782443480\n|-activate|p1a: Tornadus|confusion\n|move|p1a: Tornadus|U-turn|p2a: Blissey\n|-damage|p2a: Blissey|0 fnt\n|faint|p2a: Blissey\n|-damage|p1a: Tornadus|37/100 tox|[from] item: Life Orb\n|\n|t:|1782443509\n|switch|p1a: Alomomola|Alomomola, M|100/100 tox|[from] U-turn\n|-damage|p1a: Alomomola|88/100 tox|[from] Spikes\n|-damage|p1a: Alomomola|76/100 tox|[from] Stealth Rock\n|\n|-damage|p1a: Alomomola|70/100 tox|[from] psn\n|upkeep\n|\n|t:|1782443515\n|switch|p2a: Skarmory|Skarmory, F|1/100\n|turn|31\n|\n|t:|1782443524\n|move|p2a: Skarmory|Roost|p2a: Skarmory\n|-heal|p2a: Skarmory|51/100\n|-singleturn|p2a: Skarmory|move: Roost\n|move|p1a: Alomomola|Flip Turn|p2a: Skarmory\n|-damage|p2a: Skarmory|40/100\n|\n|t:|1782443528\n|switch|p1a: Tornadus|Tornadus-Therian, M|70/100 tox|[from] Flip Turn\n|-damage|p1a: Tornadus|45/100 tox|[from] Stealth Rock\n|\n|-damage|p1a: Tornadus|39/100 tox|[from] psn\n|upkeep\n|turn|32\n|\n|t:|1782443536\n|switch|p2a: Gliscor|Gliscor, F|100/100 tox\n|-damage|p2a: Gliscor|88/100 tox|[from] Stealth Rock\n|move|p1a: Tornadus|Heat Wave|p2a: Gliscor\n|-damage|p2a: Gliscor|54/100 tox\n|-damage|p1a: Tornadus|30/100 tox|[from] item: Life Orb\n|\n|-damage|p1a: Tornadus|18/100 tox|[from] psn\n|-heal|p2a: Gliscor|66/100 tox|[from] ability: Poison Heal\n|upkeep\n|turn|33\n|\n|t:|1782443548\n|switch|p1a: Alomomola|Alomomola, M|100/100 tox\n|-damage|p1a: Alomomola|88/100 tox|[from] Spikes\n|-damage|p1a: Alomomola|76/100 tox|[from] Stealth Rock\n|move|p2a: Gliscor|Swords Dance|p2a: Gliscor\n|-boost|p2a: Gliscor|atk|2\n|\n|-heal|p2a: Gliscor|79/100 tox|[from] ability: Poison Heal\n|-damage|p1a: Alomomola|70/100 tox|[from] psn\n|upkeep\n|turn|34\n|\n|t:|1782443566\n|move|p2a: Gliscor|Earthquake|p1a: Alomomola\n|-damage|p1a: Alomomola|19/100 tox\n|move|p1a: Alomomola|Flip Turn|p2a: Gliscor\n|-supereffective|p2a: Gliscor\n|-damage|p2a: Gliscor|52/100 tox\n|\n|t:|1782443594\n|switch|p1a: Great Tusk|Great Tusk|57/100 tox|[from] Flip Turn\n|\n|-damage|p1a: Great Tusk|51/100 tox|[from] psn\n|-heal|p2a: Gliscor|64/100 tox|[from] ability: Poison Heal\n|upkeep\n|turn|35\n|\n|t:|1782443602\n|move|p2a: Gliscor|Protect|p2a: Gliscor\n|-singleturn|p2a: Gliscor|Protect\n|move|p1a: Great Tusk|Rapid Spin|p2a: Gliscor\n|-activate|p2a: Gliscor|move: Protect\n|\n|-damage|p1a: Great Tusk|39/100 tox|[from] psn\n|-heal|p2a: Gliscor|77/100 tox|[from] ability: Poison Heal\n|upkeep\n|turn|36\n|\n|t:|1782443618\n|move|p1a: Great Tusk|Ice Spinner|p2a: Gliscor\n|-supereffective|p2a: Gliscor\n|-damage|p2a: Gliscor|0 fnt\n|faint|p2a: Gliscor\n|\n|-damage|p1a: Great Tusk|20/100 tox|[from] psn\n|upkeep\n|inactive|thepeakmons has 120 seconds left.\n|\n|t:|1782443640\n|switch|p2a: Pecharunt|Pecharunt|73/100\n|turn|37\n|inactive|thepeakmons has 120 seconds left.\n|\n|t:|1782443670\n|-end|p1a: Great Tusk|Protosynthesis|[silent]\n|switch|p1a: Pecharunt|Pecharunt|100/100\n|move|p2a: Pecharunt|Recover|p2a: Pecharunt\n|-heal|p2a: Pecharunt|100/100\n|\n|upkeep\n|turn|38\n|\n|t:|1782443690\n|move|p1a: Pecharunt|Shadow Ball|p2a: Pecharunt\n|-supereffective|p2a: Pecharunt\n|-damage|p2a: Pecharunt|46/100\n|move|p2a: Pecharunt|Shadow Ball|p1a: Pecharunt\n|-supereffective|p1a: Pecharunt\n|-damage|p1a: Pecharunt|50/100\n|\n|upkeep\n|turn|39\n|inactive|thepeakmons has 90 seconds left.\n|\n|t:|1782443714\n|switch|p2a: Gholdengo|Gholdengo|100/100\n|-damage|p2a: Gholdengo|88/100|[from] Spikes\n|-damage|p2a: Gholdengo|82/100|[from] Stealth Rock\n|move|p1a: Pecharunt|Shadow Ball|p2a: Gholdengo\n|-supereffective|p2a: Gholdengo\n|-damage|p2a: Gholdengo|32/100\n|-unboost|p2a: Gholdengo|spd|1\n|\n|upkeep\n|turn|40\n|inactive|thepeakmons has 90 seconds left.\n|\n|t:|1782443731\n|switch|p2a: Skarmory|Skarmory, F|40/100\n|switch|p1a: Alomomola|Alomomola, M|52/100 tox\n|-damage|p1a: Alomomola|40/100 tox|[from] Spikes\n|-damage|p1a: Alomomola|28/100 tox|[from] Stealth Rock\n|\n|-damage|p1a: Alomomola|21/100 tox|[from] psn\n|upkeep\n|turn|41\n|\n|t:|1782443749\n|move|p2a: Skarmory|Roost|p2a: Skarmory\n|-heal|p2a: Skarmory|90/100\n|-singleturn|p2a: Skarmory|move: Roost\n|move|p1a: Alomomola|Scald|p2a: Skarmory\n|-damage|p2a: Skarmory|70/100\n|\n|-damage|p1a: Alomomola|9/100 tox|[from] psn\n|upkeep\n|turn|42\n|\n|t:|1782443761\n|move|p2a: Skarmory|Roost|p2a: Skarmory\n|-heal|p2a: Skarmory|100/100\n|-singleturn|p2a: Skarmory|move: Roost\n|move|p1a: Alomomola|Scald|p2a: Skarmory\n|-damage|p2a: Skarmory|83/100\n|\n|-damage|p1a: Alomomola|0 fnt|[from] psn\n|faint|p1a: Alomomola\n|upkeep\n|\n|t:|1782443771\n|switch|p1a: Great Tusk|Great Tusk|20/100 tox\n|turn|43\n|\n|t:|1782443793\n|-end|p1a: Great Tusk|Protosynthesis|[silent]\n|switch|p1a: Pecharunt|Pecharunt|50/100\n|move|p2a: Skarmory|Roost|p2a: Skarmory\n|-heal|p2a: Skarmory|100/100\n|-singleturn|p2a: Skarmory|move: Roost\n|\n|upkeep\n|turn|44\n|\n|t:|1782443802\n|move|p1a: Pecharunt|Recover|p1a: Pecharunt\n|-heal|p1a: Pecharunt|99/100\n|move|p2a: Skarmory|Spikes|p1a: Pecharunt\n|-sidestart|p1: me312|Spikes\n|\n|upkeep\n|turn|45\n|\n|t:|1782443814\n|move|p1a: Pecharunt|Shadow Ball|p2a: Skarmory\n|-damage|p2a: Skarmory|65/100\n|move|p2a: Skarmory|Whirlwind|p1a: Pecharunt\n|drag|p1a: Fezandipiti|Fezandipiti, M|78/100\n|\n|upkeep\n|turn|46\n|\n|t:|1782443827\n|switch|p2a: Gholdengo|Gholdengo|32/100\n|-damage|p2a: Gholdengo|20/100|[from] Spikes\n|-damage|p2a: Gholdengo|14/100|[from] Stealth Rock\n|move|p1a: Fezandipiti|U-turn|p2a: Gholdengo\n|-resisted|p2a: Gholdengo\n|-damage|p2a: Gholdengo|11/100\n|\n|t:|1782443838\n|switch|p1a: Tornadus|Tornadus-Therian, M|51/100 tox|[from] U-turn\n|-damage|p1a: Tornadus|26/100 tox|[from] Stealth Rock\n|\n|-damage|p1a: Tornadus|20/100 tox|[from] psn\n|upkeep\n|turn|47\n|\n|t:|1782443846\n|move|p1a: Tornadus|U-turn|p2a: Gholdengo\n|-resisted|p2a: Gholdengo\n|-damage|p2a: Gholdengo|8/100\n|-damage|p1a: Tornadus|10/100 tox|[from] item: Life Orb\n|\n|t:|1782443858\n|switch|p1a: Fezandipiti|Fezandipiti, M|78/100|[from] U-turn\n|move|p2a: Gholdengo|Recover|p2a: Gholdengo\n|-heal|p2a: Gholdengo|58/100\n|\n|upkeep\n|turn|48\n|inactive|thepeakmons has 90 seconds left.\n|\n|t:|1782443873\n|move|p1a: Fezandipiti|Beat Up|p2a: Gholdengo\n|-supereffective|p2a: Gholdengo\n|-damage|p2a: Gholdengo|53/100\n|-supereffective|p2a: Gholdengo\n|-damage|p2a: Gholdengo|48/100\n|-hitcount|p2a: Gholdengo|2\n|move|p2a: Gholdengo|Recover|p2a: Gholdengo\n|-heal|p2a: Gholdengo|98/100\n|\n|upkeep\n|turn|49\n|inactive|thepeakmons has 90 seconds left.\n|\n|t:|1782443888\n|move|p1a: Fezandipiti|Beat Up|p2a: Gholdengo\n|-supereffective|p2a: Gholdengo\n|-damage|p2a: Gholdengo|94/100\n|-supereffective|p2a: Gholdengo\n|-damage|p2a: Gholdengo|89/100\n|-hitcount|p2a: Gholdengo|2\n|move|p2a: Gholdengo|Hex|p1a: Fezandipiti\n|-damage|p1a: Fezandipiti|56/100\n|\n|upkeep\n|turn|50\n|inactive|thepeakmons has 90 seconds left.\n|\n|t:|1782443904\n|move|p1a: Fezandipiti|Beat Up|p2a: Gholdengo\n|-supereffective|p2a: Gholdengo\n|-damage|p2a: Gholdengo|85/100\n|-supereffective|p2a: Gholdengo\n|-crit|p2a: Gholdengo\n|-damage|p2a: Gholdengo|78/100\n|-hitcount|p2a: Gholdengo|2\n|move|p2a: Gholdengo|Hex|p1a: Fezandipiti\n|-damage|p1a: Fezandipiti|35/100\n|\n|upkeep\n|turn|51\n|\n|t:|1782443917\n|move|p1a: Fezandipiti|Roost|p1a: Fezandipiti\n|-heal|p1a: Fezandipiti|85/100\n|-singleturn|p1a: Fezandipiti|move: Roost\n|move|p2a: Gholdengo|Thunder Wave|p1a: Fezandipiti|[miss]\n|-miss|p2a: Gholdengo|p1a: Fezandipiti\n|\n|upkeep\n|turn|52\n|\n|t:|1782443935\n|move|p1a: Fezandipiti|Beat Up|p2a: Gholdengo\n|-supereffective|p2a: Gholdengo\n|-damage|p2a: Gholdengo|74/100\n|-supereffective|p2a: Gholdengo\n|-damage|p2a: Gholdengo|69/100\n|-hitcount|p2a: Gholdengo|2\n|move|p2a: Gholdengo|Hex|p1a: Fezandipiti\n|-crit|p1a: Fezandipiti\n|-damage|p1a: Fezandipiti|57/100\n|\n|upkeep\n|turn|53\n|\n|t:|1782443953\n|move|p1a: Fezandipiti|Beat Up|p2a: Gholdengo\n|-supereffective|p2a: Gholdengo\n|-damage|p2a: Gholdengo|64/100\n|-supereffective|p2a: Gholdengo\n|-damage|p2a: Gholdengo|59/100\n|-hitcount|p2a: Gholdengo|2\n|move|p2a: Gholdengo|Recover|p2a: Gholdengo\n|-heal|p2a: Gholdengo|100/100\n|\n|upkeep\n|turn|54\n|\n|t:|1782443966\n|move|p1a: Fezandipiti|Beat Up|p2a: Gholdengo\n|-supereffective|p2a: Gholdengo\n|-damage|p2a: Gholdengo|96/100\n|-supereffective|p2a: Gholdengo\n|-damage|p2a: Gholdengo|91/100\n|-hitcount|p2a: Gholdengo|2\n|move|p2a: Gholdengo|Thunder Wave|p1a: Fezandipiti\n|-status|p1a: Fezandipiti|par\n|\n|upkeep\n|turn|55\n|\n|t:|1782443979\n|move|p2a: Gholdengo|Nasty Plot|p2a: Gholdengo\n|-boost|p2a: Gholdengo|spa|2\n|move|p1a: Fezandipiti|Beat Up|p2a: Gholdengo\n|-supereffective|p2a: Gholdengo\n|-damage|p2a: Gholdengo|87/100\n|-supereffective|p2a: Gholdengo\n|-damage|p2a: Gholdengo|82/100\n|-hitcount|p2a: Gholdengo|2\n|\n|upkeep\n|turn|56\n|\n|t:|1782443991\n|move|p2a: Gholdengo|Hex|p1a: Fezandipiti\n|-damage|p1a: Fezandipiti|0 fnt\n|faint|p1a: Fezandipiti\n|\n|upkeep\n|\n|t:|1782443996\n|switch|p1a: Tornadus|Tornadus-Therian, M|43/100 tox\n|-damage|p1a: Tornadus|19/100 tox|[from] Stealth Rock\n|turn|57\n|\n|t:|1782444008\n|move|p1a: Tornadus|Nasty Plot|p1a: Tornadus\n|-boost|p1a: Tornadus|spa|2\n|move|p2a: Gholdengo|Hex|p1a: Tornadus\n|-damage|p1a: Tornadus|0 fnt\n|faint|p1a: Tornadus\n|\n|upkeep\n|-message|me312 forfeited.\n|\n|win|thepeakmons\n|raw|me312's rating: 1287 &rarr; <strong>1265</strong><br />(-22 for losing)\n|raw|thepeakmons's rating: 1326 &rarr; <strong>1344</strong><br />(+18 for winning)\n|l|☆me312\n|player|p1|\n", "uploadtime": 1782444018, "views": 15, "formatid": "gen9ou", "rating": 1265, "private": 0, "password": null}