{"id": "gen9ou-2639877109", "format": "[Gen 9] OU", "players": ["atvin", "diamonds cuttin"], "log": "|badge|p1|bronze|gen9ou|100-9\n|html|<div class=\"broadcast-red\"><strong>This battle is required to be public due to one or more player having a season medal.</strong><br />During the public phase, you can discuss the state of the ladder <a href=\"/seasondiscussion\">in a special chatroom.</a></div>\n|uhtml|medal-msg|<div class=\"broadcast-blue\">Curious what those medals under the avatar are? PS now has Ladder Seasons! For more information, check out the <a href=\"https://www.smogon.com/forums/threads/3740067/\">thread on Smogon.</a></div>\n|raw|<div class=\"broadcast-blue\"><strong>This battle is required to be public due to a player having a name starting with 'medal'.</div>\n|j|☆atvin\n|j|☆diamonds cuttin\n|t:|1782534638\n|gametype|singles\n|player|p1|atvin|pokekid|1808\n|player|p2|diamonds cuttin|blackbelt-gen4dp|1784\n|gen|9\n|tier|[Gen 9] OU\n|rated|\n|rule|HP Percentage Mod: HP is shown in percentages\n|rule|Endless Battle Clause: Forcing endless battles is banned\n|rule|Species Clause: Limit one of each Pokémon\n|rule|OHKO Clause: OHKO moves are banned\n|rule|Evasion Items Clause: Evasion items are banned\n|rule|Evasion Moves Clause: Evasion moves are banned\n|rule|Evasion Abilities Clause: Evasion abilities are banned\n|rule|Sleep Moves Clause: Sleep-inducing moves are banned\n|clearpoke\n|poke|p1|Kyurem|\n|poke|p1|Corviknight, F|\n|poke|p1|Ting-Lu|\n|poke|p1|Dondozo, M|\n|poke|p1|Slowking-Galar, M|\n|poke|p1|Cinderace, M|\n|poke|p2|Walking Wake|\n|poke|p2|Great Tusk|\n|poke|p2|Cresselia, F|\n|poke|p2|Ninetales, M|\n|poke|p2|Raging Bolt|\n|poke|p2|Zarude|\n|teampreview\n|inactive|Battle timer is ON: inactive players will automatically lose when time's up. (requested by diamonds cuttin)\n|j| euphoricpoptarts\n|inactive|atvin has 120 seconds left.\n|inactive|atvin has 90 seconds left.\n|\n|t:|1782534709\n|teamsize|p1|6\n|teamsize|p2|6\n|start\n|switch|p1a: Kyurem|Kyurem|100/100\n|switch|p2a: Ninetales|Ninetales, M|100/100\n|-weather|SunnyDay|[from] ability: Drought|[of] p2a: Ninetales\n|-ability|p1a: Kyurem|Pressure\n|turn|1\n|inactive|atvin has 120 seconds left.\n|inactive|diamonds cuttin has 120 seconds left.\n|j| Garden of Dreams\n|inactive|atvin has 90 seconds left.\n|\n|t:|1782534784\n|switch|p2a: Great Tusk|Great Tusk|100/100\n|-activate|p2a: Great Tusk|ability: Protosynthesis\n|-start|p2a: Great Tusk|protosynthesisatk\n|move|p1a: Kyurem|Substitute|p1a: Kyurem\n|-start|p1a: Kyurem|Substitute\n|-damage|p1a: Kyurem|75/100\n|\n|-weather|SunnyDay|[upkeep]\n|-heal|p1a: Kyurem|82/100|[from] item: Leftovers\n|upkeep\n|turn|2\n|\n|t:|1782534791\n|move|p1a: Kyurem|Freeze-Dry|p2a: Great Tusk\n|-supereffective|p2a: Great Tusk\n|-damage|p2a: Great Tusk|25/100\n|move|p2a: Great Tusk|Rapid Spin|p1a: Kyurem\n|-activate|p1a: Kyurem|move: Substitute|[damage]\n|-boost|p2a: Great Tusk|spe|1\n|\n|-weather|SunnyDay|[upkeep]\n|-heal|p1a: Kyurem|88/100|[from] item: Leftovers\n|upkeep\n|turn|3\n|\n|t:|1782534794\n|move|p2a: Great Tusk|Knock Off|p1a: Kyurem\n|-end|p1a: Kyurem|Substitute\n|move|p1a: Kyurem|Freeze-Dry|p2a: Great Tusk\n|-supereffective|p2a: Great Tusk\n|-damage|p2a: Great Tusk|0 fnt\n|faint|p2a: Great Tusk\n|-end|p2a: Great Tusk|Protosynthesis|[silent]\n|\n|-weather|SunnyDay|[upkeep]\n|-heal|p1a: Kyurem|94/100|[from] item: Leftovers\n|upkeep\n|inactive|diamonds cuttin has 120 seconds left.\n|\n|t:|1782534803\n|switch|p2a: Zarude|Zarude|100/100\n|turn|4\n|\n|t:|1782534815\n|switch|p1a: Corviknight|Corviknight, F|100/100\n|-ability|p1a: Corviknight|Pressure\n|-terastallize|p2a: Zarude|Poison\n|move|p2a: Zarude|Swords Dance|p2a: Zarude\n|-boost|p2a: Zarude|atk|2\n|\n|-weather|SunnyDay|[upkeep]\n|upkeep\n|turn|5\n|\n|t:|1782534837\n|move|p2a: Zarude|Knock Off|p1a: Corviknight\n|-damage|p1a: Corviknight|40/100\n|-damage|p2a: Zarude|84/100|[from] item: Rocky Helmet|[of] p1a: Corviknight\n|-enditem|p1a: Corviknight|Rocky Helmet|[from] move: Knock Off|[of] p2a: Zarude\n|move|p1a: Corviknight|Brave Bird|p2a: Zarude\n|-damage|p2a: Zarude|51/100\n|-damage|p1a: Corviknight|30/100|[from] Recoil\n|\n|-weather|SunnyDay|[upkeep]\n|-heal|p2a: Zarude|57/100|[from] item: Leftovers\n|upkeep\n|turn|6\n|\n|t:|1782534851\n|move|p2a: Zarude|Knock Off|p1a: Corviknight\n|-damage|p1a: Corviknight|0 fnt\n|faint|p1a: Corviknight\n|\n|-weather|SunnyDay|[upkeep]\n|-heal|p2a: Zarude|63/100|[from] item: Leftovers\n|upkeep\n|\n|t:|1782534852\n|switch|p1a: Cinderace|Cinderace, M|100/100\n|turn|7\n|\n|t:|1782534858\n|switch|p2a: Raging Bolt|Raging Bolt|100/100\n|-activate|p2a: Raging Bolt|ability: Protosynthesis\n|-start|p2a: Raging Bolt|protosynthesisspa\n|move|p1a: Cinderace|Pyro Ball|p2a: Raging Bolt\n|-resisted|p2a: Raging Bolt\n|-damage|p2a: Raging Bolt|64/100\n|\n|-weather|SunnyDay|[upkeep]\n|upkeep\n|turn|8\n|\n|t:|1782534864\n|move|p2a: Raging Bolt|Draco Meteor|p1a: Cinderace\n|-damage|p1a: Cinderace|0 fnt\n|-unboost|p2a: Raging Bolt|spa|2\n|faint|p1a: Cinderace\n|\n|-weather|none\n|-end|p2a: Raging Bolt|Protosynthesis\n|upkeep\n|\n|t:|1782534875\n|switch|p1a: Kyurem|Kyurem|94/100\n|-ability|p1a: Kyurem|Pressure\n|turn|9\n|\n|t:|1782534890\n|move|p2a: Raging Bolt|Draco Meteor|p1a: Kyurem\n|-supereffective|p1a: Kyurem\n|-damage|p1a: Kyurem|20/100\n|-unboost|p2a: Raging Bolt|spa|2\n|move|p1a: Kyurem|Substitute|p1a: Kyurem\n|-fail|p1a: Kyurem|move: Substitute|[weak]\n|\n|-heal|p1a: Kyurem|26/100|[from] item: Leftovers\n|upkeep\n|turn|10\n|\n|t:|1782534897\n|move|p1a: Kyurem|Protect|p1a: Kyurem\n|-singleturn|p1a: Kyurem|Protect\n|move|p2a: Raging Bolt|Draco Meteor|p1a: Kyurem\n|-activate|p1a: Kyurem|move: Protect\n|\n|-heal|p1a: Kyurem|32/100|[from] item: Leftovers\n|upkeep\n|turn|11\n|\n|t:|1782534905\n|-end|p2a: Raging Bolt|Protosynthesis|[silent]\n|switch|p2a: Ninetales|Ninetales, M|100/100\n|-weather|SunnyDay|[from] ability: Drought|[of] p2a: Ninetales\n|switch|p1a: Slowking|Slowking-Galar, M|100/100\n|\n|-weather|SunnyDay|[upkeep]\n|upkeep\n|turn|12\n|\n|t:|1782534909\n|switch|p2a: Zarude|Zarude, tera:Poison|63/100\n|-prepare|p1a: Slowking|Chilly Reception|[premajor]\n|move|p1a: Slowking|Chilly Reception|p1a: Slowking\n|-weather|Snowscape\n|\n|t:|1782534914\n|switch|p1a: Kyurem|Kyurem|32/100|[from] Chilly Reception\n|-ability|p1a: Kyurem|Pressure\n|\n|-weather|Snowscape|[upkeep]\n|-heal|p2a: Zarude|69/100|[from] item: Leftovers\n|-heal|p1a: Kyurem|38/100|[from] item: Leftovers\n|upkeep\n|turn|13\n|\n|t:|1782534928\n|move|p1a: Kyurem|Protect|p1a: Kyurem\n|-singleturn|p1a: Kyurem|Protect\n|move|p2a: Zarude|Swords Dance|p2a: Zarude\n|-boost|p2a: Zarude|atk|2\n|\n|-weather|Snowscape|[upkeep]\n|-heal|p2a: Zarude|75/100|[from] item: Leftovers\n|-heal|p1a: Kyurem|45/100|[from] item: Leftovers\n|upkeep\n|turn|14\n|\n|t:|1782534936\n|switch|p1a: Dondozo|Dondozo, M|100/100\n|move|p2a: Zarude|Knock Off|p1a: Dondozo\n|-damage|p1a: Dondozo|81/100\n|-enditem|p1a: Dondozo|Leftovers|[from] move: Knock Off|[of] p2a: Zarude\n|\n|-weather|Snowscape|[upkeep]\n|-heal|p2a: Zarude|81/100|[from] item: Leftovers\n|upkeep\n|turn|15\n|\n|t:|1782534941\n|-terastallize|p1a: Dondozo|Dark\n|move|p2a: Zarude|Solar Blade||[still]\n|-prepare|p2a: Zarude|Solar Blade\n|move|p1a: Dondozo|Curse|p1a: Dondozo\n|-unboost|p1a: Dondozo|spe|1\n|-boost|p1a: Dondozo|atk|1\n|-boost|p1a: Dondozo|def|1\n|\n|-weather|Snowscape|[upkeep]\n|-heal|p2a: Zarude|87/100|[from] item: Leftovers\n|upkeep\n|turn|16\n|\n|t:|1782534945\n|move|p2a: Zarude|Solar Blade|p1a: Dondozo|[from] lockedmove\n|-damage|p1a: Dondozo|71/100\n|move|p1a: Dondozo|Waterfall|p2a: Zarude\n|-damage|p2a: Zarude|50/100\n|\n|-weather|none\n|-heal|p2a: Zarude|56/100|[from] item: Leftovers\n|upkeep\n|turn|17\n|\n|t:|1782534949\n|switch|p2a: Ninetales|Ninetales, M|100/100\n|-weather|SunnyDay|[from] ability: Drought|[of] p2a: Ninetales\n|move|p1a: Dondozo|Body Press|p2a: Ninetales\n|-damage|p2a: Ninetales|50/100\n|\n|-weather|SunnyDay|[upkeep]\n|upkeep\n|turn|18\n|\n|t:|1782534963\n|switch|p2a: Walking Wake|Walking Wake|100/100\n|-activate|p2a: Walking Wake|ability: Protosynthesis\n|-start|p2a: Walking Wake|protosynthesisspa\n|switch|p1a: Slowking|Slowking-Galar, M|100/100\n|\n|-weather|SunnyDay|[upkeep]\n|upkeep\n|turn|19\n|j| Dragonyte\n|\n|t:|1782534972\n|move|p2a: Walking Wake|Draco Meteor|p1a: Slowking\n|-damage|p1a: Slowking|26/100\n|-unboost|p2a: Walking Wake|spa|2\n|move|p1a: Slowking|Toxic|p2a: Walking Wake\n|-status|p2a: Walking Wake|tox\n|\n|-weather|SunnyDay|[upkeep]\n|-damage|p2a: Walking Wake|94/100 tox|[from] psn\n|upkeep\n|turn|20\n|\n|t:|1782534983\n|-end|p2a: Walking Wake|Protosynthesis|[silent]\n|switch|p2a: Zarude|Zarude, tera:Poison|56/100\n|switch|p1a: Ting-Lu|Ting-Lu|100/100\n|-ability|p1a: Ting-Lu|Vessel of Ruin\n|\n|-weather|SunnyDay|[upkeep]\n|-heal|p2a: Zarude|62/100|[from] item: Leftovers\n|upkeep\n|turn|21\n|\n|t:|1782534992\n|switch|p1a: Dondozo|Dondozo, M, tera:Dark|71/100\n|move|p2a: Zarude|Solar Blade||[still]\n|-prepare|p2a: Zarude|Solar Blade\n|-anim|p2a: Zarude|Solar Blade|p1a: Dondozo\n|-damage|p1a: Dondozo|42/100\n|\n|-weather|SunnyDay|[upkeep]\n|-heal|p2a: Zarude|68/100|[from] item: Leftovers\n|upkeep\n|turn|22\n|\n|t:|1782534995\n|switch|p2a: Walking Wake|Walking Wake|94/100 tox\n|-activate|p2a: Walking Wake|ability: Protosynthesis\n|-start|p2a: Walking Wake|protosynthesisspa\n|move|p1a: Dondozo|Rest|p1a: Dondozo\n|-status|p1a: Dondozo|slp|[from] move: Rest\n|-heal|p1a: Dondozo|100/100 slp|[silent]\n|\n|-weather|SunnyDay|[upkeep]\n|-damage|p2a: Walking Wake|88/100 tox|[from] psn\n|upkeep\n|turn|23\n|\n|t:|1782534999\n|switch|p1a: Ting-Lu|Ting-Lu|100/100\n|-ability|p1a: Ting-Lu|Vessel of Ruin\n|move|p2a: Walking Wake|Hydro Steam|p1a: Ting-Lu\n|-supereffective|p1a: Ting-Lu\n|-damage|p1a: Ting-Lu|0 fnt\n|faint|p1a: Ting-Lu\n|\n|-weather|SunnyDay|[upkeep]\n|-damage|p2a: Walking Wake|76/100 tox|[from] psn\n|upkeep\n|\n|t:|1782535008\n|switch|p1a: Kyurem|Kyurem|45/100\n|-ability|p1a: Kyurem|Pressure\n|turn|24\n|\n|t:|1782535017\n|-end|p2a: Walking Wake|Protosynthesis|[silent]\n|switch|p2a: Zarude|Zarude, tera:Poison|68/100\n|move|p1a: Kyurem|Protect||[still]\n|-fail|p1a: Kyurem\n|\n|-weather|none\n|-heal|p2a: Zarude|74/100|[from] item: Leftovers\n|-heal|p1a: Kyurem|51/100|[from] item: Leftovers\n|upkeep\n|turn|25\n|\n|t:|1782535027\n|switch|p1a: Dondozo|Dondozo, M, tera:Dark|100/100 slp\n|move|p2a: Zarude|Knock Off|p1a: Dondozo\n|-resisted|p1a: Dondozo\n|-damage|p1a: Dondozo|93/100 slp\n|\n|-heal|p2a: Zarude|80/100|[from] item: Leftovers\n|upkeep\n|turn|26\n|\n|t:|1782535032\n|move|p2a: Zarude|Knock Off|p1a: Dondozo\n|-resisted|p1a: Dondozo\n|-damage|p1a: Dondozo|86/100 slp\n|cant|p1a: Dondozo|slp\n|\n|-heal|p2a: Zarude|86/100|[from] item: Leftovers\n|upkeep\n|turn|27\n|\n|t:|1782535038\n|switch|p2a: Cresselia|Cresselia, F|100/100\n|switch|p1a: Kyurem|Kyurem|51/100\n|-ability|p1a: Kyurem|Pressure\n|\n|-heal|p1a: Kyurem|57/100|[from] item: Leftovers\n|upkeep\n|turn|28\n|l| euphoricpoptarts\n|\n|t:|1782535052\n|switch|p2a: Ninetales|Ninetales, M|50/100\n|-weather|SunnyDay|[from] ability: Drought|[of] p2a: Ninetales\n|move|p1a: Kyurem|Substitute|p1a: Kyurem\n|-start|p1a: Kyurem|Substitute\n|-damage|p1a: Kyurem|32/100\n|\n|-weather|SunnyDay|[upkeep]\n|-heal|p1a: Kyurem|38/100|[from] item: Leftovers\n|upkeep\n|turn|29\n|\n|t:|1782535056\n|move|p1a: Kyurem|Protect|p1a: Kyurem\n|-singleturn|p1a: Kyurem|Protect\n|move|p2a: Ninetales|Encore|p1a: Kyurem\n|-activate|p1a: Kyurem|move: Protect\n|\n|-weather|SunnyDay|[upkeep]\n|-heal|p1a: Kyurem|44/100|[from] item: Leftovers\n|upkeep\n|turn|30\n|\n|t:|1782535072\n|move|p1a: Kyurem|Protect||[still]\n|-fail|p1a: Kyurem\n|move|p2a: Ninetales|Encore|p1a: Kyurem\n|-start|p1a: Kyurem|Encore\n|\n|-weather|SunnyDay|[upkeep]\n|-heal|p1a: Kyurem|50/100|[from] item: Leftovers\n|upkeep\n|turn|31\n|\n|t:|1782535074\n|switch|p2a: Zarude|Zarude, tera:Poison|86/100\n|move|p1a: Kyurem|Protect||[still]\n|-fail|p1a: Kyurem\n|\n|-weather|SunnyDay|[upkeep]\n|-heal|p2a: Zarude|92/100|[from] item: Leftovers\n|-heal|p1a: Kyurem|57/100|[from] item: Leftovers\n|upkeep\n|turn|32\n|\n|t:|1782535077\n|move|p1a: Kyurem|Protect|p1a: Kyurem\n|-singleturn|p1a: Kyurem|Protect\n|move|p2a: Zarude|Swords Dance|p2a: Zarude\n|-boost|p2a: Zarude|atk|2\n|\n|-weather|SunnyDay|[upkeep]\n|-heal|p2a: Zarude|98/100|[from] item: Leftovers\n|-heal|p1a: Kyurem|63/100|[from] item: Leftovers\n|upkeep\n|turn|33\n|\n|t:|1782535081\n|move|p1a: Kyurem|Protect|p1a: Kyurem\n|-singleturn|p1a: Kyurem|Protect\n|move|p2a: Zarude|Solar Blade||[still]\n|-prepare|p2a: Zarude|Solar Blade\n|-anim|p2a: Zarude|Solar Blade|p1a: Kyurem\n|-activate|p1a: Kyurem|move: Protect\n|\n|-weather|SunnyDay|[upkeep]\n|-heal|p2a: Zarude|100/100|[from] item: Leftovers\n|-heal|p1a: Kyurem|69/100|[from] item: Leftovers\n|-end|p1a: Kyurem|Encore\n|upkeep\n|turn|34\n|\n|t:|1782535085\n|move|p2a: Zarude|Knock Off|p1a: Kyurem\n|-end|p1a: Kyurem|Substitute\n|move|p1a: Kyurem|Earth Power|p2a: Zarude\n|-supereffective|p2a: Zarude\n|-damage|p2a: Zarude|39/100\n|\n|-weather|SunnyDay|[upkeep]\n|-heal|p2a: Zarude|45/100|[from] item: Leftovers\n|-heal|p1a: Kyurem|75/100|[from] item: Leftovers\n|upkeep\n|turn|35\n|\n|t:|1782535090\n|move|p1a: Kyurem|Protect|p1a: Kyurem\n|-singleturn|p1a: Kyurem|Protect\n|move|p2a: Zarude|Synthesis|p2a: Zarude\n|-heal|p2a: Zarude|100/100\n|\n|-weather|none\n|-heal|p1a: Kyurem|81/100|[from] item: Leftovers\n|upkeep\n|turn|36\n|\n|t:|1782535097\n|switch|p1a: Dondozo|Dondozo, M, tera:Dark|86/100 slp\n|move|p2a: Zarude|Knock Off|p1a: Dondozo\n|-resisted|p1a: Dondozo\n|-damage|p1a: Dondozo|79/100 slp\n|\n|upkeep\n|turn|37\n|\n|t:|1782535106\n|switch|p2a: Ninetales|Ninetales, M|50/100\n|-weather|SunnyDay|[from] ability: Drought|[of] p2a: Ninetales\n|switch|p1a: Kyurem|Kyurem|81/100\n|-ability|p1a: Kyurem|Pressure\n|\n|-weather|SunnyDay|[upkeep]\n|-heal|p1a: Kyurem|88/100|[from] item: Leftovers\n|upkeep\n|turn|38\n|\n|t:|1782535112\n|move|p2a: Ninetales|Weather Ball|p1a: Kyurem\n|-damage|p1a: Kyurem|48/100\n|move|p1a: Kyurem|Earth Power|p2a: Ninetales\n|-supereffective|p2a: Ninetales\n|-crit|p2a: Ninetales\n|-damage|p2a: Ninetales|0 fnt\n|faint|p2a: Ninetales\n|\n|-weather|SunnyDay|[upkeep]\n|-heal|p1a: Kyurem|54/100|[from] item: Leftovers\n|upkeep\n|\n|t:|1782535121\n|switch|p2a: Walking Wake|Walking Wake|76/100 tox\n|-activate|p2a: Walking Wake|ability: Protosynthesis\n|-start|p2a: Walking Wake|protosynthesisspa\n|turn|39\n|\n|t:|1782535125\n|move|p1a: Kyurem|Protect|p1a: Kyurem\n|-singleturn|p1a: Kyurem|Protect\n|move|p2a: Walking Wake|Flamethrower|p1a: Kyurem\n|-activate|p1a: Kyurem|move: Protect\n|\n|-weather|SunnyDay|[upkeep]\n|-heal|p1a: Kyurem|61/100|[from] item: Leftovers\n|-damage|p2a: Walking Wake|70/100 tox|[from] psn\n|upkeep\n|turn|40\n|\n|t:|1782535144\n|switch|p1a: Slowking|Slowking-Galar, M|59/100\n|move|p2a: Walking Wake|Flamethrower|p1a: Slowking\n|-damage|p1a: Slowking|10/100\n|\n|-weather|SunnyDay|[upkeep]\n|-damage|p2a: Walking Wake|57/100 tox|[from] psn\n|upkeep\n|turn|41\n|c|☆diamonds cuttin|diamond diamond diamond on me dancing\n|\n|t:|1782535166\n|move|p2a: Walking Wake|Flamethrower|p1a: Slowking\n|-damage|p1a: Slowking|0 fnt\n|faint|p1a: Slowking\n|\n|-weather|SunnyDay|[upkeep]\n|-damage|p2a: Walking Wake|39/100 tox|[from] psn\n|upkeep\n|\n|t:|1782535169\n|switch|p1a: Kyurem|Kyurem|61/100\n|-ability|p1a: Kyurem|Pressure\n|turn|42\n|\n|t:|1782535179\n|move|p1a: Kyurem|Protect|p1a: Kyurem\n|-singleturn|p1a: Kyurem|Protect\n|move|p2a: Walking Wake|Flamethrower|p1a: Kyurem\n|-activate|p1a: Kyurem|move: Protect\n|\n|-weather|SunnyDay|[upkeep]\n|-heal|p1a: Kyurem|67/100|[from] item: Leftovers\n|-damage|p2a: Walking Wake|14/100 tox|[from] psn\n|upkeep\n|turn|43\n|\n|t:|1782535189\n|move|p1a: Kyurem|Protect|p1a: Kyurem\n|-singleturn|p1a: Kyurem|Protect\n|move|p2a: Walking Wake|Flamethrower|p1a: Kyurem\n|-activate|p1a: Kyurem|move: Protect\n|\n|-weather|SunnyDay|[upkeep]\n|-heal|p1a: Kyurem|73/100|[from] item: Leftovers\n|-damage|p2a: Walking Wake|0 fnt|[from] psn\n|faint|p2a: Walking Wake\n|-end|p2a: Walking Wake|Protosynthesis|[silent]\n|upkeep\n|\n|t:|1782535194\n|switch|p2a: Raging Bolt|Raging Bolt|64/100\n|-activate|p2a: Raging Bolt|ability: Protosynthesis\n|-start|p2a: Raging Bolt|protosynthesisspa\n|turn|44\n|l| Garden of Dreams\n|\n|t:|1782535200\n|switch|p1a: Dondozo|Dondozo, M, tera:Dark|79/100 slp\n|move|p2a: Raging Bolt|Draco Meteor|p1a: Dondozo\n|-damage|p1a: Dondozo|0 fnt\n|-unboost|p2a: Raging Bolt|spa|2\n|faint|p1a: Dondozo\n|\n|-weather|none\n|-end|p2a: Raging Bolt|Protosynthesis\n|upkeep\n|\n|t:|1782535202\n|switch|p1a: Kyurem|Kyurem|73/100\n|-ability|p1a: Kyurem|Pressure\n|turn|45\n|\n|t:|1782535216\n|move|p2a: Raging Bolt|Draco Meteor|p1a: Kyurem\n|-supereffective|p1a: Kyurem\n|-damage|p1a: Kyurem|0 fnt\n|-unboost|p2a: Raging Bolt|spa|2\n|faint|p1a: Kyurem\n|\n|win|diamonds cuttin\n|raw|atvin's rating: 1808 &rarr; <strong>1787</strong><br />(-21 for losing)\n|raw|diamonds cuttin's rating: 1784 &rarr; <strong>1805</strong><br />(+21 for winning)\n|l|☆atvin\n|player|p1|\n|j|☆atvin\n|player|p1|atvin|pokekid|\n|l|☆atvin\n|player|p1|\n|j| blarghlfarghl\n|l|☆diamonds cuttin\n|player|p2|\n", "uploadtime": 1782536415, "views": 14, "formatid": "gen9ou", "rating": 1787, "private": 0, "password": null}