{"id": "gen9ou-2639984640", "format": "[Gen 9] OU", "players": ["sirlsalot", "I Walk a Path"], "log": "|j|☆sirlsalot\n|j|☆I Walk a Path\n|t:|1782558240\n|gametype|singles\n|player|p1|sirlsalot|2|1773\n|player|p2|I Walk a Path|irida|1724\n|gen|9\n|tier|[Gen 9] OU\n|rated|\n|rule|HP Percentage Mod: HP is shown in percentages\n|rule|Endless Battle Clause: Forcing endless battles is banned\n|rule|Species Clause: Limit one of each Pokémon\n|rule|OHKO Clause: OHKO moves are banned\n|rule|Evasion Items Clause: Evasion items are banned\n|rule|Evasion Moves Clause: Evasion moves are banned\n|rule|Evasion Abilities Clause: Evasion abilities are banned\n|rule|Sleep Moves Clause: Sleep-inducing moves are banned\n|clearpoke\n|poke|p1|Gliscor, F|\n|poke|p1|Gholdengo|\n|poke|p1|Dragonite, M|\n|poke|p1|Ting-Lu|\n|poke|p1|Darkrai|\n|poke|p1|Zamazenta-*|\n|poke|p2|Clodsire, F|\n|poke|p2|Dondozo, F|\n|poke|p2|Gliscor, F|\n|poke|p2|Alomomola, L99, F|\n|poke|p2|Corviknight, F|\n|poke|p2|Pecharunt|\n|teampreview\n|inactive|Battle timer is ON: inactive players will automatically lose when time's up. (requested by I Walk a Path)\n|\n|t:|1782558261\n|teamsize|p1|6\n|teamsize|p2|6\n|start\n|switch|p1a: Gholdengo|Gholdengo|100/100\n|switch|p2a: Bashō|Gliscor, F|100/100\n|turn|1\n|j| firecharmander004\n|\n|t:|1782558277\n|move|p2a: Bashō|Protect|p2a: Bashō\n|-singleturn|p2a: Bashō|Protect\n|move|p1a: Gholdengo|Trick|p2a: Bashō\n|-activate|p2a: Bashō|move: Protect\n|\n|-status|p2a: Bashō|tox|[from] item: Toxic Orb\n|upkeep\n|turn|2\n|\n|t:|1782558291\n|switch|p2a: Baudelaire|Corviknight, F, shiny|100/100\n|-ability|p2a: Baudelaire|Pressure\n|move|p1a: Gholdengo|Trick|p2a: Baudelaire\n|-activate|p1a: Gholdengo|move: Trick|[of] p2a: Baudelaire\n|-item|p2a: Baudelaire|Choice Scarf|[from] move: Trick\n|-item|p1a: Gholdengo|Leftovers|[from] move: Trick\n|\n|upkeep\n|turn|3\n|\n|t:|1782558299\n|move|p2a: Baudelaire|Protect|p2a: Baudelaire\n|-singleturn|p2a: Baudelaire|Protect\n|move|p1a: Gholdengo|Shadow Ball|p2a: Baudelaire\n|-activate|p2a: Baudelaire|move: Protect\n|\n|upkeep\n|turn|4\n|\n|t:|1782558304\n|switch|p1a: Gliscor|Gliscor, F|100/100\n|switch|p2a: Rimbaud|Clodsire, F|100/100\n|\n|-status|p1a: Gliscor|tox|[from] item: Toxic Orb\n|upkeep\n|turn|5\n|\n|t:|1782558307\n|switch|p2a: Bashō|Gliscor, F|100/100 tox\n|move|p1a: Gliscor|Spikes|p2a: Bashō\n|-sidestart|p2: I Walk a Path|Spikes\n|\n|upkeep\n|turn|6\n|\n|t:|1782558310\n|move|p2a: Bashō|Stealth Rock|p1a: Gliscor\n|-sidestart|p1: sirlsalot|move: Stealth Rock\n|move|p1a: Gliscor|Spikes|p2a: Bashō\n|-sidestart|p2: I Walk a Path|Spikes\n|\n|upkeep\n|turn|7\n|\n|t:|1782558315\n|move|p2a: Bashō|Knock Off|p1a: Gliscor\n|-damage|p1a: Gliscor|87/100 tox\n|-enditem|p1a: Gliscor|Toxic Orb|[from] move: Knock Off|[of] p2a: Bashō\n|move|p1a: Gliscor|Spikes|p2a: Bashō\n|-sidestart|p2: I Walk a Path|Spikes\n|\n|-heal|p1a: Gliscor|99/100 tox|[from] ability: Poison Heal\n|upkeep\n|turn|8\n|\n|t:|1782558318\n|move|p2a: Bashō|Stealth Rock||[still]\n|-fail|p2a: Bashō\n|move|p1a: Gliscor|Spikes||[still]\n|-fail|p1a: Gliscor\n|\n|-heal|p1a: Gliscor|100/100 tox|[from] ability: Poison Heal\n|upkeep\n|turn|9\n|\n|t:|1782558321\n|move|p2a: Bashō|Stealth Rock||[still]\n|-fail|p2a: Bashō\n|move|p1a: Gliscor|Spikes||[still]\n|-fail|p1a: Gliscor\n|\n|upkeep\n|turn|10\n|\n|t:|1782558323\n|move|p2a: Bashō|Stealth Rock||[still]\n|-fail|p2a: Bashō\n|move|p1a: Gliscor|Spikes||[still]\n|-fail|p1a: Gliscor\n|\n|upkeep\n|turn|11\n|\n|t:|1782558324\n|move|p2a: Bashō|Stealth Rock||[still]\n|-fail|p2a: Bashō\n|move|p1a: Gliscor|Toxic|p2a: Bashō\n|-fail|p2a: Bashō|tox\n|\n|upkeep\n|turn|12\n|\n|t:|1782558329\n|move|p2a: Bashō|Toxic|p1a: Gliscor\n|-fail|p1a: Gliscor|tox\n|move|p1a: Gliscor|Spikes||[still]\n|-fail|p1a: Gliscor\n|\n|upkeep\n|turn|13\n|\n|t:|1782558331\n|move|p2a: Bashō|Knock Off|p1a: Gliscor\n|-damage|p1a: Gliscor|92/100 tox\n|move|p1a: Gliscor|Spikes||[still]\n|-fail|p1a: Gliscor\n|\n|-heal|p1a: Gliscor|100/100 tox|[from] ability: Poison Heal\n|upkeep\n|turn|14\n|\n|t:|1782558333\n|move|p2a: Bashō|Toxic|p1a: Gliscor\n|-fail|p1a: Gliscor|tox\n|move|p1a: Gliscor|Spikes||[still]\n|-fail|p1a: Gliscor\n|\n|upkeep\n|turn|15\n|\n|t:|1782558334\n|move|p2a: Bashō|Stealth Rock||[still]\n|-fail|p2a: Bashō\n|move|p1a: Gliscor|Spikes||[still]\n|-fail|p1a: Gliscor\n|\n|upkeep\n|turn|16\n|\n|t:|1782558337\n|move|p2a: Bashō|Stealth Rock||[still]\n|-fail|p2a: Bashō\n|move|p1a: Gliscor|Spikes||[still]\n|-fail|p1a: Gliscor\n|\n|upkeep\n|turn|17\n|\n|t:|1782558338\n|switch|p1a: Darkrai|Darkrai|100/100\n|move|p2a: Bashō|Stealth Rock||[still]\n|-fail|p2a: Bashō\n|\n|upkeep\n|turn|18\n|\n|t:|1782558346\n|switch|p2a: Tagore|Alomomola, L99, F, shiny|100/100\n|move|p1a: Darkrai|Ice Beam|p2a: Tagore\n|-resisted|p2a: Tagore\n|-damage|p2a: Tagore|89/100\n|\n|upkeep\n|turn|19\n|\n|t:|1782558350\n|move|p1a: Darkrai|Knock Off|p2a: Tagore\n|-damage|p2a: Tagore|68/100\n|-enditem|p2a: Tagore|Heavy-Duty Boots|[from] move: Knock Off|[of] p1a: Darkrai\n|move|p2a: Tagore|Flip Turn|p1a: Darkrai\n|-damage|p1a: Darkrai|80/100\n|\n|t:|1782558356\n|switch|p2a: Rimbaud|Clodsire, F|100/100|[from] Flip Turn\n|\n|upkeep\n|turn|20\n|\n|t:|1782558375\n|switch|p2a: Keats|Pecharunt|100/100\n|move|p1a: Darkrai|Knock Off|p2a: Keats\n|-supereffective|p2a: Keats\n|-damage|p2a: Keats|75/100\n|-enditem|p2a: Keats|Heavy-Duty Boots|[from] move: Knock Off|[of] p1a: Darkrai\n|\n|upkeep\n|turn|21\n|\n|t:|1782558380\n|move|p1a: Darkrai|Dark Pulse|p2a: Keats\n|-supereffective|p2a: Keats\n|-damage|p2a: Keats|0 fnt\n|faint|p2a: Keats\n|\n|upkeep\n|-message|I Walk a Path forfeited.\n|\n|win|sirlsalot\n|raw|sirlsalot's rating: 1773 &rarr; <strong>1790</strong><br />(+17 for winning)\n|raw|I Walk a Path's rating: 1724 &rarr; <strong>1707</strong><br />(-17 for losing)\n|l|☆I Walk a Path\n|player|p2|\n|l|☆sirlsalot\n|player|p1|\n|l| firecharmander004\n", "uploadtime": 1782558624, "views": 8, "formatid": "gen9ou", "rating": 1707, "private": 0, "password": null}