{"id": "gen9ou-2540617283", "format": "[Gen 9] OU", "players": ["alex12381723898", "I-fear-the-weak"], "log": "|j|☆alex12381723898\n|j|☆I-fear-the-weak\n|t:|1771228107\n|gametype|singles\n|player|p1|alex12381723898|170|1614\n|player|p2|I-fear-the-weak|169|1661\n|gen|9\n|tier|[Gen 9] OU\n|rated|\n|rule|HP Percentage Mod: HP is shown in percentages\n|rule|Endless Battle Clause: Forcing endless battles is banned\n|rule|Species Clause: Limit one of each Pokémon\n|rule|OHKO Clause: OHKO moves are banned\n|rule|Evasion Items Clause: Evasion items are banned\n|rule|Evasion Moves Clause: Evasion moves are banned\n|rule|Evasion Abilities Clause: Evasion abilities are banned\n|rule|Sleep Moves Clause: Sleep-inducing moves are banned\n|clearpoke\n|poke|p1|Landorus-Therian, M|\n|poke|p1|Sinistcha|\n|poke|p1|Tinkaton, F|\n|poke|p1|Moltres|\n|poke|p1|Samurott-Hisui, M|\n|poke|p1|Hydreigon, M|\n|poke|p2|Hoopa-Unbound|\n|poke|p2|Great Tusk|\n|poke|p2|Darkrai|\n|poke|p2|Primarina, F|\n|poke|p2|Pecharunt|\n|poke|p2|Dragapult, F|\n|teampreview\n|inactive|Battle timer is ON: inactive players will automatically lose when time's up. (requested by alex12381723898)\n|inactive|I-fear-the-weak also wants the timer to be on.\n|inactive|I-fear-the-weak has 120 seconds left.\n|inactive|I-fear-the-weak has 90 seconds left.\n|\n|t:|1771228184\n|teamsize|p1|6\n|teamsize|p2|6\n|start\n|switch|p1a: Enten|Landorus-Therian, M, shiny|100/100\n|switch|p2a: Darkrai|Darkrai|100/100\n|-ability|p1a: Enten|Intimidate|boost\n|-unboost|p2a: Darkrai|atk|1\n|turn|1\n|\n|t:|1771228192\n|switch|p2a: Primarina|Primarina, F|100/100\n|move|p1a: Enten|U-turn|p2a: Primarina\n|-resisted|p2a: Primarina\n|-damage|p2a: Primarina|90/100\n|\n|t:|1771228195\n|switch|p1a: Smile.exe|Tinkaton, F, shiny|100/100|[from] U-turn\n|-item|p1a: Smile.exe|Air Balloon\n|\n|-heal|p2a: Primarina|96/100|[from] item: Leftovers\n|upkeep\n|turn|2\n|\n|t:|1771228209\n|move|p1a: Smile.exe|Stealth Rock|p2a: Primarina\n|-sidestart|p2: I-fear-the-weak|move: Stealth Rock\n|move|p2a: Primarina|Psychic Noise|p1a: Smile.exe\n|-damage|p1a: Smile.exe|66/100\n|-start|p1a: Smile.exe|move: Heal Block\n|-enditem|p1a: Smile.exe|Air Balloon\n|\n|-heal|p2a: Primarina|100/100|[from] item: Leftovers\n|upkeep\n|turn|3\n|\n|t:|1771228218\n|move|p1a: Smile.exe|Gigaton Hammer|p2a: Primarina\n|-damage|p2a: Primarina|54/100\n|move|p2a: Primarina|Substitute|p2a: Primarina\n|-start|p2a: Primarina|Substitute\n|-damage|p2a: Primarina|29/100\n|\n|-heal|p2a: Primarina|35/100|[from] item: Leftovers\n|-end|p1a: Smile.exe|move: Heal Block\n|upkeep\n|turn|4\n|\n|t:|1771228224\n|move|p1a: Smile.exe|Encore|p2a: Primarina\n|-start|p2a: Primarina|Encore\n|move|p2a: Primarina|Substitute|p2a: Primarina\n|-fail|p2a: Primarina|move: Substitute\n|\n|-heal|p2a: Primarina|41/100|[from] item: Leftovers\n|upkeep\n|turn|5\n|\n|t:|1771228229\n|switch|p1a: Jack Sparrow|Samurott-Hisui, M, shiny|100/100\n|move|p2a: Primarina|Substitute|p2a: Primarina\n|-fail|p2a: Primarina|move: Substitute\n|\n|-heal|p2a: Primarina|47/100|[from] item: Leftovers\n|upkeep\n|turn|6\n|\n|t:|1771228233\n|move|p1a: Jack Sparrow|Ceaseless Edge|p2a: Primarina\n|-resisted|p2a: Primarina\n|-activate|p2a: Primarina|move: Substitute|[damage]\n|-sidestart|p2: I-fear-the-weak|Spikes\n|move|p2a: Primarina|Substitute|p2a: Primarina\n|-fail|p2a: Primarina|move: Substitute\n|\n|-heal|p2a: Primarina|53/100|[from] item: Leftovers\n|-end|p2a: Primarina|Encore\n|upkeep\n|turn|7\n|\n|t:|1771228241\n|move|p1a: Jack Sparrow|Ceaseless Edge|p2a: Primarina\n|-resisted|p2a: Primarina\n|-end|p2a: Primarina|Substitute\n|-sidestart|p2: I-fear-the-weak|Spikes\n|move|p2a: Primarina|Draining Kiss|p1a: Jack Sparrow\n|-supereffective|p1a: Jack Sparrow\n|-damage|p1a: Jack Sparrow|33/100\n|-heal|p2a: Primarina|98/100|[from] drain|[of] p1a: Jack Sparrow\n|\n|-heal|p2a: Primarina|100/100|[from] item: Leftovers\n|upkeep\n|turn|8\n|\n|t:|1771228248\n|switch|p1a: Smile.exe|Tinkaton, F, shiny|66/100\n|move|p2a: Primarina|Substitute|p2a: Primarina\n|-start|p2a: Primarina|Substitute\n|-damage|p2a: Primarina|75/100\n|\n|-heal|p2a: Primarina|82/100|[from] item: Leftovers\n|upkeep\n|turn|9\n|\n|t:|1771228268\n|switch|p2a: Great Tusk|Great Tusk|100/100\n|move|p1a: Smile.exe|Encore||[still]\n|-fail|p1a: Smile.exe\n|\n|upkeep\n|turn|10\n|\n|t:|1771228276\n|switch|p1a: Sagittarius|Sinistcha, shiny|100/100\n|move|p2a: Great Tusk|Stealth Rock|p1a: Sagittarius\n|-sidestart|p1: alex12381723898|move: Stealth Rock\n|\n|upkeep\n|turn|11\n|\n|t:|1771228281\n|-end|p2a: Great Tusk|Protosynthesis|[silent]\n|switch|p2a: Hoopa|Hoopa-Unbound|100/100\n|-damage|p2a: Hoopa|88/100|[from] Stealth Rock\n|-damage|p2a: Hoopa|72/100|[from] Spikes\n|move|p1a: Sagittarius|Matcha Gotcha|p2a: Hoopa\n|-damage|p2a: Hoopa|54/100\n|\n|upkeep\n|turn|12\n|\n|t:|1771228289\n|switch|p1a: Smile.exe|Tinkaton, F, shiny|66/100\n|-damage|p1a: Smile.exe|60/100|[from] Stealth Rock\n|move|p2a: Hoopa|Knock Off|p1a: Smile.exe\n|-resisted|p1a: Smile.exe\n|-damage|p1a: Smile.exe|37/100\n|-enditem|p2a: Hoopa|Assault Vest|[silent]|[from] ability: Pickpocket|[of] p2a: Hoopa\n|-item|p1a: Smile.exe|Assault Vest|[from] ability: Pickpocket|[of] p2a: Hoopa\n|-item|p2a: Hoopa|Assault Vest|[from] ability: Magician|[of] p1a: Smile.exe\n|\n|upkeep\n|turn|13\n|\n|t:|1771228301\n|switch|p2a: Great Tusk|Great Tusk|100/100\n|move|p1a: Smile.exe|Gigaton Hammer|p2a: Great Tusk\n|-damage|p2a: Great Tusk|57/100\n|\n|upkeep\n|turn|14\n|\n|t:|1771228310\n|switch|p1a: Sagittarius|Sinistcha, shiny|100/100\n|move|p2a: Great Tusk|Ice Spinner|p1a: Sagittarius\n|-supereffective|p1a: Sagittarius\n|-damage|p1a: Sagittarius|65/100\n|\n|upkeep\n|turn|15\n|\n|t:|1771228316\n|-end|p2a: Great Tusk|Protosynthesis|[silent]\n|switch|p2a: Hoopa|Hoopa-Unbound|54/100\n|-damage|p2a: Hoopa|42/100|[from] Stealth Rock\n|-damage|p2a: Hoopa|25/100|[from] Spikes\n|move|p1a: Sagittarius|Strength Sap|p2a: Hoopa\n|-unboost|p2a: Hoopa|atk|1\n|-heal|p1a: Sagittarius|100/100\n|\n|upkeep\n|turn|16\n|\n|t:|1771228321\n|switch|p1a: Smile.exe|Tinkaton, F, shiny|37/100\n|-damage|p1a: Smile.exe|30/100|[from] Stealth Rock\n|move|p2a: Hoopa|Psychic Noise|p1a: Smile.exe\n|-resisted|p1a: Smile.exe\n|-damage|p1a: Smile.exe|7/100\n|-start|p1a: Smile.exe|move: Heal Block\n|\n|upkeep\n|turn|17\n|\n|t:|1771228328\n|move|p1a: Smile.exe|Gigaton Hammer|p2a: Hoopa\n|-crit|p2a: Hoopa\n|-damage|p2a: Hoopa|0 fnt\n|faint|p2a: Hoopa\n|\n|-end|p1a: Smile.exe|move: Heal Block\n|upkeep\n|\n|t:|1771228335\n|switch|p2a: Darkrai|Darkrai|100/100\n|-damage|p2a: Darkrai|88/100|[from] Stealth Rock\n|-damage|p2a: Darkrai|72/100|[from] Spikes\n|turn|18\n|\n|t:|1771228338\n|move|p2a: Darkrai|Dark Pulse|p1a: Smile.exe\n|-resisted|p1a: Smile.exe\n|-damage|p1a: Smile.exe|0 fnt\n|faint|p1a: Smile.exe\n|\n|upkeep\n|\n|t:|1771228352\n|switch|p1a: Enten|Landorus-Therian, M, shiny|100/100\n|-damage|p1a: Enten|88/100|[from] Stealth Rock\n|-ability|p1a: Enten|Intimidate|boost\n|-unboost|p2a: Darkrai|atk|1\n|turn|19\n|\n|t:|1771228357\n|switch|p2a: Great Tusk|Great Tusk|57/100\n|-terastallize|p1a: Enten|Ground\n|move|p1a: Enten|Earthquake|p2a: Great Tusk\n|-damage|p2a: Great Tusk|0 fnt\n|faint|p2a: Great Tusk\n|-end|p2a: Great Tusk|Protosynthesis|[silent]\n|\n|upkeep\n|\n|t:|1771228365\n|switch|p2a: Primarina|Primarina, F|82/100\n|-damage|p2a: Primarina|69/100|[from] Stealth Rock\n|-damage|p2a: Primarina|53/100|[from] Spikes\n|turn|20\n|\n|t:|1771228372\n|switch|p1a: Jack Sparrow|Samurott-Hisui, M, shiny|33/100\n|move|p2a: Primarina|Psychic Noise|p1a: Jack Sparrow\n|-resisted|p1a: Jack Sparrow\n|-damage|p1a: Jack Sparrow|9/100\n|-start|p1a: Jack Sparrow|move: Heal Block\n|\n|-heal|p2a: Primarina|59/100|[from] item: Leftovers\n|upkeep\n|turn|21\n|\n|t:|1771228380\n|move|p1a: Jack Sparrow|Knock Off|p2a: Primarina\n|-resisted|p2a: Primarina\n|-damage|p2a: Primarina|39/100\n|-enditem|p2a: Primarina|Leftovers|[from] move: Knock Off|[of] p1a: Jack Sparrow\n|move|p2a: Primarina|Draining Kiss|p1a: Jack Sparrow\n|-supereffective|p1a: Jack Sparrow\n|-damage|p1a: Jack Sparrow|0 fnt\n|-heal|p2a: Primarina|44/100|[from] drain|[of] p1a: Jack Sparrow\n|faint|p1a: Jack Sparrow\n|\n|upkeep\n|\n|t:|1771228388\n|switch|p1a: Enten|Landorus-Therian, M, shiny, tera:Ground|88/100\n|-damage|p1a: Enten|82/100|[from] Stealth Rock\n|-ability|p1a: Enten|Intimidate|boost\n|-unboost|p2a: Primarina|atk|1\n|turn|22\n|\n|t:|1771228390\n|move|p1a: Enten|Earthquake|p2a: Primarina\n|-crit|p2a: Primarina\n|-damage|p2a: Primarina|0 fnt\n|faint|p2a: Primarina\n|\n|upkeep\n|\n|t:|1771228401\n|switch|p2a: Pecharunt|Pecharunt|100/100\n|turn|23\n|\n|t:|1771228407\n|switch|p1a: Phoenix|Moltres, shiny|100/100\n|move|p2a: Pecharunt|Malignant Chain|p1a: Phoenix\n|-damage|p1a: Phoenix|61/100\n|\n|upkeep\n|turn|24\n|\n|t:|1771228413\n|move|p1a: Phoenix|Scorching Sands|p2a: Pecharunt\n|-supereffective|p2a: Pecharunt\n|-damage|p2a: Pecharunt|65/100\n|-status|p2a: Pecharunt|brn\n|move|p2a: Pecharunt|Malignant Chain|p1a: Phoenix\n|-damage|p1a: Phoenix|22/100\n|-status|p1a: Phoenix|tox\n|-start|p1a: Phoenix|confusion|[from] ability: Poison Puppeteer|[of] p2a: Pecharunt\n|\n|-damage|p1a: Phoenix|16/100 tox|[from] psn\n|-damage|p2a: Pecharunt|59/100 brn|[from] brn\n|upkeep\n|turn|25\n|\n|t:|1771228422\n|-activate|p1a: Phoenix|confusion\n|move|p1a: Phoenix|U-turn|p2a: Pecharunt\n|-resisted|p2a: Pecharunt\n|-damage|p2a: Pecharunt|57/100 brn\n|\n|t:|1771228424\n|switch|p1a: Hybrid|Hydreigon, M, shiny|100/100|[from] U-turn\n|-damage|p1a: Hybrid|88/100|[from] Stealth Rock\n|move|p2a: Pecharunt|Recover|p2a: Pecharunt\n|-heal|p2a: Pecharunt|100/100 brn\n|\n|-damage|p2a: Pecharunt|94/100 brn|[from] brn\n|upkeep\n|turn|26\n|\n|t:|1771228436\n|-terastallize|p2a: Pecharunt|Poison\n|move|p1a: Hybrid|Dark Pulse|p2a: Pecharunt\n|-damage|p2a: Pecharunt|39/100 brn\n|move|p2a: Pecharunt|Malignant Chain|p1a: Hybrid\n|-damage|p1a: Hybrid|19/100\n|\n|-damage|p2a: Pecharunt|33/100 brn|[from] brn\n|upkeep\n|turn|27\n|\n|t:|1771228443\n|move|p1a: Hybrid|Dark Pulse|p2a: Pecharunt\n|-damage|p2a: Pecharunt|0 fnt\n|faint|p2a: Pecharunt\n|\n|upkeep\n|\n|t:|1771228445\n|switch|p2a: Darkrai|Darkrai|72/100\n|-damage|p2a: Darkrai|59/100|[from] Stealth Rock\n|-damage|p2a: Darkrai|43/100|[from] Spikes\n|turn|28\n|\n|t:|1771228452\n|move|p2a: Darkrai|Dark Pulse|p1a: Hybrid\n|-resisted|p1a: Hybrid\n|-crit|p1a: Hybrid\n|-damage|p1a: Hybrid|0 fnt\n|faint|p1a: Hybrid\n|\n|upkeep\n|\n|t:|1771228455\n|switch|p1a: Enten|Landorus-Therian, M, shiny, tera:Ground|82/100\n|-damage|p1a: Enten|76/100|[from] Stealth Rock\n|-ability|p1a: Enten|Intimidate|boost\n|-unboost|p2a: Darkrai|atk|1\n|turn|29\n|\n|t:|1771228457\n|move|p1a: Enten|Earthquake|p2a: Darkrai\n|-damage|p2a: Darkrai|0 fnt\n|faint|p2a: Darkrai\n|\n|upkeep\n|-message|I-fear-the-weak forfeited.\n|\n|win|alex12381723898\n|raw|alex12381723898's rating: 1614 &rarr; <strong>1637</strong><br />(+23 for winning)\n|raw|I-fear-the-weak's rating: 1661 &rarr; <strong>1638</strong><br />(-23 for losing)\n|l|☆I-fear-the-weak\n|player|p2|\n|l|☆alex12381723898\n|player|p1|\n", "uploadtime": 1771228617, "views": 11, "formatid": "gen9ou", "rating": 1637, "private": 0, "password": null}