{"id": "gen9ou-2540672191", "format": "[Gen 9] OU", "players": ["FIREEEE", "zarross"], "log": "|j|☆FIREEEE\n|j|☆zarross\n|t:|1771237858\n|gametype|singles\n|player|p1|FIREEEE|pokekid|1738\n|player|p2|zarross|plumeria|1774\n|gen|9\n|tier|[Gen 9] OU\n|rated|\n|rule|HP Percentage Mod: HP is shown in percentages\n|rule|Endless Battle Clause: Forcing endless battles is banned\n|rule|Species Clause: Limit one of each Pokémon\n|rule|OHKO Clause: OHKO moves are banned\n|rule|Evasion Items Clause: Evasion items are banned\n|rule|Evasion Moves Clause: Evasion moves are banned\n|rule|Evasion Abilities Clause: Evasion abilities are banned\n|rule|Sleep Moves Clause: Sleep-inducing moves are banned\n|clearpoke\n|poke|p1|Heatran, M|\n|poke|p1|Rillaboom, F|\n|poke|p1|Dragapult, M|\n|poke|p1|Ting-Lu|\n|poke|p1|Iron Crown|\n|poke|p1|Hatterene, F|\n|poke|p2|Dondozo, F|\n|poke|p2|Gliscor, F|\n|poke|p2|Weezing-Galar, M|\n|poke|p2|Blissey, F|\n|poke|p2|Corviknight, F|\n|poke|p2|Amoonguss, F|\n|teampreview\n|inactive|Battle timer is ON: inactive players will automatically lose when time's up. (requested by zarross)\n|\n|t:|1771237881\n|teamsize|p1|6\n|teamsize|p2|6\n|start\n|switch|p1a: Iron Crown|Iron Crown|100/100\n|switch|p2a: Gliscor|Gliscor, F|100/100\n|turn|1\n|\n|t:|1771237884\n|move|p2a: Gliscor|Protect|p2a: Gliscor\n|-singleturn|p2a: Gliscor|Protect\n|move|p1a: Iron Crown|Future Sight|p2a: Gliscor\n|-start|p1a: Iron Crown|move: Future Sight\n|\n|-status|p2a: Gliscor|tox|[from] item: Toxic Orb\n|upkeep\n|turn|2\n|\n|t:|1771237902\n|-end|p1a: Iron Crown|Quark Drive|[silent]\n|switch|p1a: Dragapult|Dragapult, M|100/100\n|move|p2a: Gliscor|Knock Off|p1a: Dragapult\n|-supereffective|p1a: Dragapult\n|-damage|p1a: Dragapult|46/100\n|-enditem|p1a: Dragapult|Choice Band|[from] move: Knock Off|[of] p2a: Gliscor\n|\n|upkeep\n|turn|3\n|\n|t:|1771237913\n|move|p2a: Gliscor|Protect|p2a: Gliscor\n|-singleturn|p2a: Gliscor|Protect\n|move|p1a: Dragapult|U-turn|p2a: Gliscor\n|-activate|p2a: Gliscor|move: Protect\n|\n|-end|p2a: Gliscor|move: Future Sight\n|-damage|p2a: Gliscor|27/100 tox\n|-heal|p2a: Gliscor|39/100 tox|[from] ability: Poison Heal\n|upkeep\n|turn|4\n|\n|t:|1771237929\n|switch|p2a: Dondozo|Dondozo, F|100/100\n|move|p1a: Dragapult|Dragon Darts|p2a: Dondozo\n|-damage|p2a: Dondozo|90/100\n|-anim|p1a: Dragapult|Dragon Darts|p2a: Dondozo\n|-damage|p2a: Dondozo|80/100\n|\n|-heal|p2a: Dondozo|86/100|[from] item: Leftovers\n|upkeep\n|turn|5\n|\n|t:|1771237933\n|switch|p2a: Gliscor|Gliscor, F|39/100 tox\n|move|p1a: Dragapult|U-turn|p2a: Gliscor\n|-resisted|p2a: Gliscor\n|-damage|p2a: Gliscor|33/100 tox\n|\n|t:|1771237942\n|switch|p1a: Iron Crown|Iron Crown|100/100|[from] U-turn\n|\n|-heal|p2a: Gliscor|45/100 tox|[from] ability: Poison Heal\n|upkeep\n|turn|6\n|\n|t:|1771237948\n|move|p2a: Gliscor|Protect|p2a: Gliscor\n|-singleturn|p2a: Gliscor|Protect\n|move|p1a: Iron Crown|Future Sight|p2a: Gliscor\n|-start|p1a: Iron Crown|move: Future Sight\n|\n|-heal|p2a: Gliscor|58/100 tox|[from] ability: Poison Heal\n|upkeep\n|turn|7\n|\n|t:|1771237953\n|-end|p1a: Iron Crown|Quark Drive|[silent]\n|switch|p1a: Dragapult|Dragapult, M|46/100\n|switch|p2a: Corviknight|Corviknight, F, shiny|100/100\n|-ability|p2a: Corviknight|Pressure\n|\n|upkeep\n|turn|8\n|\n|t:|1771237960\n|move|p2a: Corviknight|Protect|p2a: Corviknight\n|-singleturn|p2a: Corviknight|Protect\n|move|p1a: Dragapult|U-turn|p2a: Corviknight\n|-activate|p2a: Corviknight|move: Protect\n|\n|-end|p2a: Corviknight|move: Future Sight\n|-resisted|p2a: Corviknight\n|-damage|p2a: Corviknight|79/100\n|-heal|p2a: Corviknight|85/100|[from] item: Leftovers\n|upkeep\n|turn|9\n|\n|t:|1771237969\n|switch|p2a: Gliscor|Gliscor, F|58/100 tox\n|move|p1a: Dragapult|U-turn|p2a: Gliscor\n|-resisted|p2a: Gliscor\n|-damage|p2a: Gliscor|50/100 tox\n|\n|t:|1771237972\n|switch|p1a: Iron Crown|Iron Crown|100/100|[from] U-turn\n|\n|-heal|p2a: Gliscor|63/100 tox|[from] ability: Poison Heal\n|upkeep\n|turn|10\n|\n|t:|1771237978\n|move|p2a: Gliscor|Protect|p2a: Gliscor\n|-singleturn|p2a: Gliscor|Protect\n|move|p1a: Iron Crown|Tachyon Cutter|p2a: Gliscor\n|-activate|p2a: Gliscor|move: Protect\n|\n|-heal|p2a: Gliscor|75/100 tox|[from] ability: Poison Heal\n|upkeep\n|turn|11\n|\n|t:|1771237981\n|switch|p2a: Corviknight|Corviknight, F, shiny|85/100\n|-ability|p2a: Corviknight|Pressure\n|move|p1a: Iron Crown|Tachyon Cutter|p2a: Corviknight\n|-resisted|p2a: Corviknight\n|-damage|p2a: Corviknight|71/100\n|-resisted|p2a: Corviknight\n|-damage|p2a: Corviknight|57/100\n|-hitcount|p2a: Corviknight|2\n|\n|-heal|p2a: Corviknight|63/100|[from] item: Leftovers\n|upkeep\n|turn|12\n|\n|t:|1771237991\n|-end|p1a: Iron Crown|Quark Drive|[silent]\n|switch|p1a: Heatran|Heatran, M|100/100\n|move|p2a: Corviknight|Roost|p2a: Corviknight\n|-heal|p2a: Corviknight|100/100\n|-singleturn|p2a: Corviknight|move: Roost\n|\n|upkeep\n|turn|13\n|\n|t:|1771237996\n|switch|p2a: Flesh Tutu|Blissey, F, shiny|100/100\n|move|p1a: Heatran|Stealth Rock|p2a: Flesh Tutu\n|-sidestart|p2: zarross|move: Stealth Rock\n|\n|upkeep\n|turn|14\n|\n|t:|1771238006\n|switch|p1a: Dragapult|Dragapult, M|46/100\n|move|p2a: Flesh Tutu|Seismic Toss|p1a: Dragapult\n|-immune|p1a: Dragapult\n|\n|upkeep\n|turn|15\n|\n|t:|1771238009\n|switch|p2a: Gliscor|Gliscor, F|75/100 tox\n|-damage|p2a: Gliscor|63/100 tox|[from] Stealth Rock\n|move|p1a: Dragapult|U-turn|p2a: Gliscor\n|-resisted|p2a: Gliscor\n|-damage|p2a: Gliscor|56/100 tox\n|\n|t:|1771238019\n|switch|p1a: Iron Crown|Iron Crown|100/100|[from] U-turn\n|\n|-heal|p2a: Gliscor|68/100 tox|[from] ability: Poison Heal\n|upkeep\n|turn|16\n|\n|t:|1771238021\n|move|p2a: Gliscor|Protect|p2a: Gliscor\n|-singleturn|p2a: Gliscor|Protect\n|move|p1a: Iron Crown|Future Sight|p2a: Gliscor\n|-start|p1a: Iron Crown|move: Future Sight\n|\n|-heal|p2a: Gliscor|81/100 tox|[from] ability: Poison Heal\n|upkeep\n|turn|17\n|\n|t:|1771238027\n|-end|p1a: Iron Crown|Quark Drive|[silent]\n|switch|p1a: Heatran|Heatran, M|100/100\n|move|p2a: Gliscor|Knock Off|p1a: Heatran\n|-damage|p1a: Heatran|87/100\n|-enditem|p1a: Heatran|Leftovers|[from] move: Knock Off|[of] p2a: Gliscor\n|\n|-heal|p2a: Gliscor|93/100 tox|[from] ability: Poison Heal\n|upkeep\n|turn|18\n|\n|t:|1771238035\n|switch|p2a: Flesh Tutu|Blissey, F, shiny|100/100\n|move|p1a: Heatran|Lava Plume|p2a: Flesh Tutu\n|-damage|p2a: Flesh Tutu|90/100\n|\n|-end|p2a: Flesh Tutu|move: Future Sight\n|-damage|p2a: Flesh Tutu|71/100\n|upkeep\n|turn|19\n|\n|t:|1771238041\n|switch|p1a: Dragapult|Dragapult, M|46/100\n|move|p2a: Flesh Tutu|Seismic Toss|p1a: Dragapult\n|-immune|p1a: Dragapult\n|\n|upkeep\n|turn|20\n|\n|t:|1771238047\n|switch|p2a: Gliscor|Gliscor, F|93/100 tox\n|-damage|p2a: Gliscor|81/100 tox|[from] Stealth Rock\n|move|p1a: Dragapult|Dragon Darts|p2a: Gliscor\n|-damage|p2a: Gliscor|66/100 tox\n|-anim|p1a: Dragapult|Dragon Darts|p2a: Gliscor\n|-damage|p2a: Gliscor|51/100 tox\n|\n|-heal|p2a: Gliscor|64/100 tox|[from] ability: Poison Heal\n|upkeep\n|turn|21\n|\n|t:|1771238052\n|move|p1a: Dragapult|U-turn|p2a: Gliscor\n|-resisted|p2a: Gliscor\n|-damage|p2a: Gliscor|56/100 tox\n|\n|t:|1771238058\n|switch|p1a: Rillaboom|Rillaboom, F|100/100|[from] U-turn\n|-fieldstart|move: Grassy Terrain|[from] ability: Grassy Surge|[of] p1a: Rillaboom\n|move|p2a: Gliscor|Knock Off|p1a: Rillaboom\n|-damage|p1a: Rillaboom|81/100\n|-enditem|p1a: Rillaboom|Terrain Extender|[from] move: Knock Off|[of] p2a: Gliscor\n|\n|-heal|p1a: Rillaboom|87/100|[from] Grassy Terrain\n|-heal|p2a: Gliscor|68/100 tox|[from] ability: Poison Heal\n|upkeep\n|turn|22\n|\n|t:|1771238065\n|move|p2a: Gliscor|Stealth Rock|p1a: Rillaboom\n|-sidestart|p1: FIREEEE|move: Stealth Rock\n|move|p1a: Rillaboom|Knock Off|p2a: Gliscor\n|-damage|p2a: Gliscor|49/100 tox\n|-enditem|p2a: Gliscor|Toxic Orb|[from] move: Knock Off|[of] p1a: Rillaboom\n|\n|-heal|p1a: Rillaboom|93/100|[from] Grassy Terrain\n|-heal|p2a: Gliscor|61/100 tox|[from] ability: Poison Heal\n|upkeep\n|turn|23\n|\n|t:|1771238069\n|move|p1a: Rillaboom|Grassy Glide|p2a: Gliscor\n|-crit|p2a: Gliscor\n|-damage|p2a: Gliscor|27/100 tox\n|move|p2a: Gliscor|Toxic|p1a: Rillaboom\n|-status|p1a: Rillaboom|tox\n|\n|-heal|p1a: Rillaboom|99/100 tox|[from] Grassy Terrain\n|-heal|p2a: Gliscor|40/100 tox|[from] ability: Poison Heal\n|-damage|p1a: Rillaboom|93/100 tox|[from] psn\n|upkeep\n|turn|24\n|\n|t:|1771238082\n|switch|p1a: Hatterene|Hatterene, F|100/100\n|-damage|p1a: Hatterene|88/100|[from] Stealth Rock\n|-enditem|p1a: Hatterene|Grassy Seed\n|-boost|p1a: Hatterene|def|1|[from] item: Grassy Seed\n|move|p2a: Gliscor|Protect||[still]\n|-fail|p2a: Gliscor\n|\n|-heal|p1a: Hatterene|94/100|[from] Grassy Terrain\n|-heal|p2a: Gliscor|52/100 tox|[from] ability: Poison Heal\n|upkeep\n|turn|25\n|\n|t:|1771238092\n|switch|p2a: Amoonguss|Amoonguss, F, shiny|100/100\n|-damage|p2a: Amoonguss|88/100|[from] Stealth Rock\n|move|p1a: Hatterene|Calm Mind|p1a: Hatterene\n|-boost|p1a: Hatterene|spa|1\n|-boost|p1a: Hatterene|spd|1\n|\n|-heal|p2a: Amoonguss|94/100|[from] Grassy Terrain\n|-heal|p1a: Hatterene|99/100|[from] Grassy Terrain\n|upkeep\n|turn|26\n|\n|t:|1771238095\n|move|p1a: Hatterene|Stored Power|p2a: Amoonguss\n|-supereffective|p2a: Amoonguss\n|-damage|p2a: Amoonguss|44/100\n|move|p2a: Amoonguss|Clear Smog|p1a: Hatterene\n|-supereffective|p1a: Hatterene\n|-damage|p1a: Hatterene|81/100\n|-clearboost|p1a: Hatterene\n|\n|-heal|p2a: Amoonguss|50/100|[from] Grassy Terrain\n|-heal|p1a: Hatterene|87/100|[from] Grassy Terrain\n|upkeep\n|turn|27\n|\n|t:|1771238102\n|move|p1a: Hatterene|Calm Mind|p1a: Hatterene\n|-boost|p1a: Hatterene|spa|1\n|-boost|p1a: Hatterene|spd|1\n|move|p2a: Amoonguss|Seed Bomb|p1a: Hatterene\n|-damage|p1a: Hatterene|58/100\n|\n|-heal|p1a: Hatterene|64/100|[from] Grassy Terrain\n|-heal|p2a: Amoonguss|56/100|[from] Grassy Terrain\n|upkeep\n|turn|28\n|\n|t:|1771238109\n|move|p1a: Hatterene|Stored Power|p2a: Amoonguss\n|-supereffective|p2a: Amoonguss\n|-crit|p2a: Amoonguss\n|-damage|p2a: Amoonguss|0 fnt\n|faint|p2a: Amoonguss\n|\n|-heal|p1a: Hatterene|70/100|[from] Grassy Terrain\n|-fieldend|move: Grassy Terrain\n|upkeep\n|\n|t:|1771238113\n|switch|p2a: Corviknight|Corviknight, F, shiny|100/100\n|-damage|p2a: Corviknight|88/100|[from] Stealth Rock\n|-ability|p2a: Corviknight|Pressure\n|turn|29\n|\n|t:|1771238138\n|move|p2a: Corviknight|Iron Head|p1a: Hatterene\n|-supereffective|p1a: Hatterene\n|-damage|p1a: Hatterene|28/100\n|move|p1a: Hatterene|Mystical Fire|p2a: Corviknight\n|-supereffective|p2a: Corviknight\n|-damage|p2a: Corviknight|42/100\n|-unboost|p2a: Corviknight|spa|1\n|\n|-heal|p2a: Corviknight|48/100|[from] item: Leftovers\n|upkeep\n|turn|30\n|j| nonchalantbufalant\n|\n|t:|1771238143\n|switch|p1a: Heatran|Heatran, M|87/100\n|-damage|p1a: Heatran|75/100|[from] Stealth Rock\n|move|p2a: Corviknight|Iron Head|p1a: Heatran\n|-resisted|p1a: Heatran\n|-damage|p1a: Heatran|71/100\n|\n|-heal|p2a: Corviknight|54/100|[from] item: Leftovers\n|upkeep\n|turn|31\n|\n|t:|1771238153\n|switch|p1a: Iron Crown|Iron Crown|100/100\n|-damage|p1a: Iron Crown|94/100|[from] Stealth Rock\n|move|p2a: Corviknight|Protect||[still]\n|-fail|p2a: Corviknight\n|\n|-heal|p2a: Corviknight|60/100|[from] item: Leftovers\n|upkeep\n|turn|32\n|\n|t:|1771238158\n|move|p2a: Corviknight|Protect|p2a: Corviknight\n|-singleturn|p2a: Corviknight|Protect\n|move|p1a: Iron Crown|Future Sight|p2a: Corviknight\n|-start|p1a: Iron Crown|move: Future Sight\n|\n|-heal|p2a: Corviknight|66/100|[from] item: Leftovers\n|upkeep\n|turn|33\n|\n|t:|1771238166\n|-end|p1a: Iron Crown|Quark Drive|[silent]\n|switch|p1a: Heatran|Heatran, M|71/100\n|-damage|p1a: Heatran|59/100|[from] Stealth Rock\n|move|p2a: Corviknight|Roost|p2a: Corviknight\n|-heal|p2a: Corviknight|100/100\n|-singleturn|p2a: Corviknight|move: Roost\n|\n|upkeep\n|turn|34\n|\n|t:|1771238172\n|move|p2a: Corviknight|Protect|p2a: Corviknight\n|-singleturn|p2a: Corviknight|Protect\n|move|p1a: Heatran|Lava Plume|p2a: Corviknight\n|-activate|p2a: Corviknight|move: Protect\n|\n|-end|p2a: Corviknight|move: Future Sight\n|-resisted|p2a: Corviknight\n|-damage|p2a: Corviknight|80/100\n|-heal|p2a: Corviknight|86/100|[from] item: Leftovers\n|upkeep\n|turn|35\n|\n|t:|1771238174\n|switch|p2a: Flesh Tutu|Blissey, F, shiny|71/100\n|move|p1a: Heatran|Lava Plume|p2a: Flesh Tutu\n|-damage|p2a: Flesh Tutu|61/100\n|-status|p2a: Flesh Tutu|brn\n|\n|-damage|p2a: Flesh Tutu|55/100 brn|[from] brn\n|upkeep\n|turn|36\n|\n|t:|1771238178\n|switch|p1a: Rillaboom|Rillaboom, F|93/100 tox\n|-damage|p1a: Rillaboom|81/100 tox|[from] Stealth Rock\n|-fieldstart|move: Grassy Terrain|[from] ability: Grassy Surge|[of] p1a: Rillaboom\n|move|p2a: Flesh Tutu|Soft-Boiled|p2a: Flesh Tutu\n|-heal|p2a: Flesh Tutu|100/100 brn\n|\n|-heal|p1a: Rillaboom|87/100 tox|[from] Grassy Terrain\n|-damage|p1a: Rillaboom|81/100 tox|[from] psn\n|-damage|p2a: Flesh Tutu|94/100 brn|[from] brn\n|upkeep\n|turn|37\n|c| nonchalantbufalant|Why does iron crown sound like he just let out a massive diarrhea flood\n|\n|t:|1771238190\n|-curestatus|p2a: Flesh Tutu|brn|[from] ability: Natural Cure\n|switch|p2a: Weezing|Weezing-Galar, M|100/100\n|-ability|p2a: Weezing|Neutralizing Gas\n|move|p1a: Rillaboom|Grassy Glide|p2a: Weezing\n|-resisted|p2a: Weezing\n|-damage|p2a: Weezing|87/100\n|\n|-heal|p1a: Rillaboom|87/100 tox|[from] Grassy Terrain\n|-heal|p2a: Weezing|93/100|[from] Grassy Terrain\n|-damage|p1a: Rillaboom|74/100 tox|[from] psn\n|upkeep\n|turn|38\n|\n|t:|1771238196\n|-end|p2a: Weezing|ability: Neutralizing Gas\n|switch|p2a: Gliscor|Gliscor, F|52/100 tox\n|-damage|p2a: Gliscor|40/100 tox|[from] Stealth Rock\n|move|p1a: Rillaboom|U-turn|p2a: Gliscor\n|-resisted|p2a: Gliscor\n|-damage|p2a: Gliscor|33/100 tox\n|\n|t:|1771238204\n|switch|p1a: Hatterene|Hatterene, F|28/100|[from] U-turn\n|-damage|p1a: Hatterene|16/100|[from] Stealth Rock\n|\n|-heal|p1a: Hatterene|22/100|[from] Grassy Terrain\n|-heal|p2a: Gliscor|45/100 tox|[from] ability: Poison Heal\n|upkeep\n|turn|39\n|\n|t:|1771238213\n|move|p2a: Gliscor|Protect|p2a: Gliscor\n|-singleturn|p2a: Gliscor|Protect\n|move|p1a: Hatterene|Mystical Fire|p2a: Gliscor\n|-activate|p2a: Gliscor|move: Protect\n|\n|-heal|p1a: Hatterene|28/100|[from] Grassy Terrain\n|-heal|p2a: Gliscor|58/100 tox|[from] ability: Poison Heal\n|upkeep\n|turn|40\n|\n|t:|1771238217\n|switch|p2a: Corviknight|Corviknight, F, shiny|86/100\n|-damage|p2a: Corviknight|74/100|[from] Stealth Rock\n|-ability|p2a: Corviknight|Pressure\n|move|p1a: Hatterene|Mystical Fire|p2a: Corviknight\n|-supereffective|p2a: Corviknight\n|-damage|p2a: Corviknight|40/100\n|-unboost|p2a: Corviknight|spa|1\n|\n|-heal|p2a: Corviknight|46/100|[from] item: Leftovers\n|-heal|p1a: Hatterene|34/100|[from] Grassy Terrain\n|-fieldend|move: Grassy Terrain\n|upkeep\n|turn|41\n|\n|t:|1771238236\n|switch|p1a: Ting-Lu|Ting-Lu|100/100\n|-damage|p1a: Ting-Lu|94/100|[from] Stealth Rock\n|-ability|p1a: Ting-Lu|Vessel of Ruin\n|move|p2a: Corviknight|Roost|p2a: Corviknight\n|-heal|p2a: Corviknight|96/100\n|-singleturn|p2a: Corviknight|move: Roost\n|\n|-heal|p2a: Corviknight|100/100|[from] item: Leftovers\n|-heal|p1a: Ting-Lu|100/100|[from] item: Leftovers\n|upkeep\n|turn|42\n|\n|t:|1771238241\n|switch|p2a: Gliscor|Gliscor, F|58/100 tox\n|-damage|p2a: Gliscor|45/100 tox|[from] Stealth Rock\n|move|p1a: Ting-Lu|Spikes|p2a: Gliscor\n|-sidestart|p2: zarross|Spikes\n|\n|-heal|p2a: Gliscor|58/100 tox|[from] ability: Poison Heal\n|upkeep\n|turn|43\n|\n|t:|1771238247\n|switch|p1a: Heatran|Heatran, M|59/100\n|-damage|p1a: Heatran|46/100|[from] Stealth Rock\n|move|p2a: Gliscor|Knock Off|p1a: Heatran\n|-damage|p1a: Heatran|38/100\n|\n|-heal|p2a: Gliscor|70/100 tox|[from] ability: Poison Heal\n|upkeep\n|turn|44\n|\n|t:|1771238250\n|move|p2a: Gliscor|Protect|p2a: Gliscor\n|-singleturn|p2a: Gliscor|Protect\n|move|p1a: Heatran|Lava Plume|p2a: Gliscor\n|-activate|p2a: Gliscor|move: Protect\n|\n|-heal|p2a: Gliscor|83/100 tox|[from] ability: Poison Heal\n|upkeep\n|turn|45\n|\n|t:|1771238254\n|switch|p2a: Flesh Tutu|Blissey, F, shiny|94/100\n|move|p1a: Heatran|Lava Plume|p2a: Flesh Tutu\n|-damage|p2a: Flesh Tutu|84/100\n|\n|upkeep\n|turn|46\n|\n|t:|1771238260\n|switch|p1a: Dragapult|Dragapult, M|46/100\n|-damage|p1a: Dragapult|34/100|[from] Stealth Rock\n|move|p2a: Flesh Tutu|Shadow Ball|p1a: Dragapult\n|-supereffective|p1a: Dragapult\n|-damage|p1a: Dragapult|0 fnt\n|faint|p1a: Dragapult\n|\n|upkeep\n|\n|t:|1771238266\n|switch|p1a: Rillaboom|Rillaboom, F|74/100 tox\n|-damage|p1a: Rillaboom|62/100 tox|[from] Stealth Rock\n|-fieldstart|move: Grassy Terrain|[from] ability: Grassy Surge|[of] p1a: Rillaboom\n|turn|47\n|\n|t:|1771238269\n|switch|p2a: Weezing|Weezing-Galar, M|93/100\n|-ability|p2a: Weezing|Neutralizing Gas\n|move|p1a: Rillaboom|Knock Off|p2a: Weezing\n|-resisted|p2a: Weezing\n|-damage|p2a: Weezing|80/100\n|-enditem|p2a: Weezing|Heavy-Duty Boots|[from] move: Knock Off|[of] p1a: Rillaboom\n|\n|-heal|p1a: Rillaboom|68/100 tox|[from] Grassy Terrain\n|-heal|p2a: Weezing|86/100|[from] Grassy Terrain\n|-damage|p1a: Rillaboom|62/100 tox|[from] psn\n|upkeep\n|turn|48\n|\n|t:|1771238279\n|move|p1a: Rillaboom|U-turn|p2a: Weezing\n|-resisted|p2a: Weezing\n|-damage|p2a: Weezing|82/100\n|\n|t:|1771238282\n|switch|p1a: Ting-Lu|Ting-Lu|100/100|[from] U-turn\n|-damage|p1a: Ting-Lu|94/100|[from] Stealth Rock\n|move|p2a: Weezing|Sludge Bomb|p1a: Ting-Lu\n|-resisted|p1a: Ting-Lu\n|-damage|p1a: Ting-Lu|87/100\n|-status|p1a: Ting-Lu|psn\n|\n|-heal|p2a: Weezing|88/100|[from] Grassy Terrain\n|-heal|p1a: Ting-Lu|93/100 psn|[from] Grassy Terrain\n|-heal|p1a: Ting-Lu|99/100 psn|[from] item: Leftovers\n|-damage|p1a: Ting-Lu|87/100 psn|[from] psn\n|upkeep\n|turn|49\n|\n|t:|1771238291\n|-end|p2a: Weezing|ability: Neutralizing Gas\n|-ability|p1a: Ting-Lu|Vessel of Ruin\n|switch|p2a: Gliscor|Gliscor, F|83/100 tox\n|-damage|p2a: Gliscor|70/100 tox|[from] Stealth Rock\n|move|p1a: Ting-Lu|Spikes|p2a: Gliscor\n|-sidestart|p2: zarross|Spikes\n|\n|-heal|p1a: Ting-Lu|93/100 psn|[from] Grassy Terrain\n|-heal|p1a: Ting-Lu|99/100 psn|[from] item: Leftovers\n|-heal|p2a: Gliscor|83/100 tox|[from] ability: Poison Heal\n|-damage|p1a: Ting-Lu|87/100 psn|[from] psn\n|upkeep\n|turn|50\n|\n|t:|1771238294\n|move|p2a: Gliscor|Knock Off|p1a: Ting-Lu\n|-resisted|p1a: Ting-Lu\n|-damage|p1a: Ting-Lu|81/100 psn\n|-enditem|p1a: Ting-Lu|Leftovers|[from] move: Knock Off|[of] p2a: Gliscor\n|move|p1a: Ting-Lu|Spikes|p2a: Gliscor\n|-sidestart|p2: zarross|Spikes\n|\n|-heal|p1a: Ting-Lu|88/100 psn|[from] Grassy Terrain\n|-heal|p2a: Gliscor|95/100 tox|[from] ability: Poison Heal\n|-damage|p1a: Ting-Lu|75/100 psn|[from] psn\n|upkeep\n|turn|51\n|\n|t:|1771238298\n|switch|p2a: Corviknight|Corviknight, F, shiny|100/100\n|-damage|p2a: Corviknight|88/100|[from] Stealth Rock\n|-ability|p2a: Corviknight|Pressure\n|move|p1a: Ting-Lu|Ruination|p2a: Corviknight\n|-damage|p2a: Corviknight|44/100\n|\n|-heal|p2a: Corviknight|50/100|[from] item: Leftovers\n|-heal|p1a: Ting-Lu|81/100 psn|[from] Grassy Terrain\n|-damage|p1a: Ting-Lu|69/100 psn|[from] psn\n|-fieldend|move: Grassy Terrain\n|upkeep\n|turn|52\n|\n|t:|1771238303\n|switch|p1a: Heatran|Heatran, M|38/100\n|-damage|p1a: Heatran|25/100|[from] Stealth Rock\n|move|p2a: Corviknight|Defog|p1a: Heatran\n|-unboost|p1a: Heatran|evasion|1\n|-sideend|p1: FIREEEE|Stealth Rock|[from] move: Defog|[of] p2a: Corviknight\n|-sideend|p2: zarross|Spikes|[from] move: Defog|[of] p2a: Corviknight\n|-sideend|p2: zarross|Stealth Rock|[from] move: Defog|[of] p2a: Corviknight\n|\n|-heal|p2a: Corviknight|56/100|[from] item: Leftovers\n|upkeep\n|turn|53\n|\n|t:|1771238306\n|move|p2a: Corviknight|Protect|p2a: Corviknight\n|-singleturn|p2a: Corviknight|Protect\n|move|p1a: Heatran|Stealth Rock|p2a: Corviknight\n|-sidestart|p2: zarross|move: Stealth Rock\n|\n|-heal|p2a: Corviknight|62/100|[from] item: Leftovers\n|upkeep\n|turn|54\n|\n|t:|1771238315\n|switch|p1a: Rillaboom|Rillaboom, F|62/100 tox\n|-fieldstart|move: Grassy Terrain|[from] ability: Grassy Surge|[of] p1a: Rillaboom\n|switch|p2a: Flesh Tutu|Blissey, F, shiny|84/100\n|\n|-heal|p1a: Rillaboom|68/100 tox|[from] Grassy Terrain\n|-heal|p2a: Flesh Tutu|90/100|[from] Grassy Terrain\n|-damage|p1a: Rillaboom|62/100 tox|[from] psn\n|upkeep\n|turn|55\n|\n|t:|1771238326\n|switch|p2a: Gliscor|Gliscor, F|95/100 tox\n|-damage|p2a: Gliscor|83/100 tox|[from] Stealth Rock\n|move|p1a: Rillaboom|Knock Off|p2a: Gliscor\n|-damage|p2a: Gliscor|69/100 tox\n|\n|-heal|p1a: Rillaboom|68/100 tox|[from] Grassy Terrain\n|-heal|p2a: Gliscor|81/100 tox|[from] ability: Poison Heal\n|-damage|p1a: Rillaboom|56/100 tox|[from] psn\n|upkeep\n|turn|56\n|\n|t:|1771238331\n|move|p2a: Gliscor|Knock Off|p1a: Rillaboom\n|-damage|p1a: Rillaboom|43/100 tox\n|move|p1a: Rillaboom|U-turn|p2a: Gliscor\n|-resisted|p2a: Gliscor\n|-damage|p2a: Gliscor|74/100 tox\n|\n|t:|1771238333\n|switch|p1a: Hatterene|Hatterene, F|34/100|[from] U-turn\n|\n|-heal|p1a: Hatterene|40/100|[from] Grassy Terrain\n|-heal|p2a: Gliscor|86/100 tox|[from] ability: Poison Heal\n|upkeep\n|turn|57\n|\n|t:|1771238340\n|switch|p2a: Corviknight|Corviknight, F, shiny|62/100\n|-damage|p2a: Corviknight|50/100|[from] Stealth Rock\n|-ability|p2a: Corviknight|Pressure\n|move|p1a: Hatterene|Calm Mind|p1a: Hatterene\n|-boost|p1a: Hatterene|spa|1\n|-boost|p1a: Hatterene|spd|1\n|\n|-heal|p2a: Corviknight|56/100|[from] item: Leftovers\n|-heal|p1a: Hatterene|46/100|[from] Grassy Terrain\n|upkeep\n|turn|58\n|j| heatraniac\n|\n|t:|1771238346\n|-terastallize|p1a: Hatterene|Water\n|move|p2a: Corviknight|Protect|p2a: Corviknight\n|-singleturn|p2a: Corviknight|Protect\n|move|p1a: Hatterene|Calm Mind|p1a: Hatterene\n|-boost|p1a: Hatterene|spa|1\n|-boost|p1a: Hatterene|spd|1\n|\n|-heal|p2a: Corviknight|62/100|[from] item: Leftovers\n|-heal|p1a: Hatterene|52/100|[from] Grassy Terrain\n|-fieldend|move: Grassy Terrain\n|upkeep\n|turn|59\n|\n|t:|1771238354\n|move|p2a: Corviknight|Roost|p2a: Corviknight\n|-heal|p2a: Corviknight|100/100\n|-singleturn|p2a: Corviknight|move: Roost\n|move|p1a: Hatterene|Calm Mind|p1a: Hatterene\n|-boost|p1a: Hatterene|spa|1\n|-boost|p1a: Hatterene|spd|1\n|\n|upkeep\n|turn|60\n|\n|t:|1771238366\n|switch|p2a: Flesh Tutu|Blissey, F, shiny|90/100\n|move|p1a: Hatterene|Calm Mind|p1a: Hatterene\n|-boost|p1a: Hatterene|spa|1\n|-boost|p1a: Hatterene|spd|1\n|\n|upkeep\n|turn|61\n|\n|t:|1771238376\n|-terastallize|p2a: Flesh Tutu|Dark\n|move|p2a: Flesh Tutu|Calm Mind|p2a: Flesh Tutu\n|-boost|p2a: Flesh Tutu|spa|1\n|-boost|p2a: Flesh Tutu|spd|1\n|move|p1a: Hatterene|Draining Kiss|p2a: Flesh Tutu\n|-supereffective|p2a: Flesh Tutu\n|-damage|p2a: Flesh Tutu|65/100\n|-heal|p1a: Hatterene|93/100|[from] drain|[of] p2a: Flesh Tutu\n|\n|upkeep\n|turn|62\n|j| Samurajen\n|\n|t:|1771238383\n|move|p2a: Flesh Tutu|Soft-Boiled|p2a: Flesh Tutu\n|-heal|p2a: Flesh Tutu|100/100\n|move|p1a: Hatterene|Draining Kiss|p2a: Flesh Tutu\n|-supereffective|p2a: Flesh Tutu\n|-damage|p2a: Flesh Tutu|73/100\n|-heal|p1a: Hatterene|100/100|[from] drain|[of] p2a: Flesh Tutu\n|\n|upkeep\n|turn|63\n|\n|t:|1771238386\n|move|p2a: Flesh Tutu|Calm Mind|p2a: Flesh Tutu\n|-boost|p2a: Flesh Tutu|spa|1\n|-boost|p2a: Flesh Tutu|spd|1\n|move|p1a: Hatterene|Calm Mind|p1a: Hatterene\n|-boost|p1a: Hatterene|spa|1\n|-boost|p1a: Hatterene|spd|1\n|\n|upkeep\n|turn|64\n|\n|t:|1771238388\n|move|p2a: Flesh Tutu|Soft-Boiled|p2a: Flesh Tutu\n|-heal|p2a: Flesh Tutu|100/100\n|move|p1a: Hatterene|Calm Mind|p1a: Hatterene\n|-boost|p1a: Hatterene|spa|1\n|-boost|p1a: Hatterene|spd|1\n|\n|upkeep\n|turn|65\n|\n|t:|1771238391\n|move|p2a: Flesh Tutu|Calm Mind|p2a: Flesh Tutu\n|-boost|p2a: Flesh Tutu|spa|1\n|-boost|p2a: Flesh Tutu|spd|1\n|move|p1a: Hatterene|Draining Kiss|p2a: Flesh Tutu\n|-supereffective|p2a: Flesh Tutu\n|-damage|p2a: Flesh Tutu|79/100\n|\n|upkeep\n|turn|66\n|\n|t:|1771238395\n|move|p2a: Flesh Tutu|Seismic Toss|p1a: Hatterene\n|-damage|p1a: Hatterene|69/100\n|move|p1a: Hatterene|Draining Kiss|p2a: Flesh Tutu\n|-supereffective|p2a: Flesh Tutu\n|-damage|p2a: Flesh Tutu|57/100\n|-heal|p1a: Hatterene|100/100|[from] drain|[of] p2a: Flesh Tutu\n|\n|upkeep\n|turn|67\n|\n|t:|1771238398\n|move|p2a: Flesh Tutu|Calm Mind|p2a: Flesh Tutu\n|-boost|p2a: Flesh Tutu|spa|1\n|-boost|p2a: Flesh Tutu|spd|1\n|move|p1a: Hatterene|Draining Kiss|p2a: Flesh Tutu\n|-supereffective|p2a: Flesh Tutu\n|-damage|p2a: Flesh Tutu|41/100\n|\n|upkeep\n|turn|68\n|\n|t:|1771238403\n|move|p2a: Flesh Tutu|Soft-Boiled|p2a: Flesh Tutu\n|-heal|p2a: Flesh Tutu|91/100\n|move|p1a: Hatterene|Draining Kiss|p2a: Flesh Tutu\n|-supereffective|p2a: Flesh Tutu\n|-damage|p2a: Flesh Tutu|73/100\n|\n|upkeep\n|turn|69\n|\n|t:|1771238409\n|move|p2a: Flesh Tutu|Seismic Toss|p1a: Hatterene\n|-damage|p1a: Hatterene|69/100\n|move|p1a: Hatterene|Draining Kiss|p2a: Flesh Tutu\n|-supereffective|p2a: Flesh Tutu\n|-damage|p2a: Flesh Tutu|56/100\n|-heal|p1a: Hatterene|97/100|[from] drain|[of] p2a: Flesh Tutu\n|\n|upkeep\n|turn|70\n|\n|t:|1771238414\n|move|p2a: Flesh Tutu|Soft-Boiled|p2a: Flesh Tutu\n|-heal|p2a: Flesh Tutu|100/100\n|move|p1a: Hatterene|Draining Kiss|p2a: Flesh Tutu\n|-supereffective|p2a: Flesh Tutu\n|-crit|p2a: Flesh Tutu\n|-damage|p2a: Flesh Tutu|27/100\n|-heal|p1a: Hatterene|100/100|[from] drain|[of] p2a: Flesh Tutu\n|\n|upkeep\n|turn|71\n|\n|t:|1771238425\n|switch|p1a: Rillaboom|Rillaboom, F|43/100 tox\n|-fieldstart|move: Grassy Terrain|[from] ability: Grassy Surge|[of] p1a: Rillaboom\n|move|p2a: Flesh Tutu|Soft-Boiled|p2a: Flesh Tutu\n|-heal|p2a: Flesh Tutu|77/100\n|\n|-heal|p1a: Rillaboom|50/100 tox|[from] Grassy Terrain\n|-heal|p2a: Flesh Tutu|83/100|[from] Grassy Terrain\n|-damage|p1a: Rillaboom|43/100 tox|[from] psn\n|upkeep\n|turn|72\n|\n|t:|1771238433\n|switch|p2a: Gliscor|Gliscor, F|86/100 tox\n|-damage|p2a: Gliscor|74/100 tox|[from] Stealth Rock\n|move|p1a: Rillaboom|Hammer Arm|p2a: Gliscor|[miss]\n|-miss|p1a: Rillaboom|p2a: Gliscor\n|\n|-heal|p1a: Rillaboom|50/100 tox|[from] Grassy Terrain\n|-heal|p2a: Gliscor|86/100 tox|[from] ability: Poison Heal\n|-damage|p1a: Rillaboom|37/100 tox|[from] psn\n|upkeep\n|turn|73\n|\n|t:|1771238436\n|move|p2a: Gliscor|Stealth Rock|p1a: Rillaboom\n|-sidestart|p1: FIREEEE|move: Stealth Rock\n|move|p1a: Rillaboom|U-turn|p2a: Gliscor\n|-resisted|p2a: Gliscor\n|-damage|p2a: Gliscor|78/100 tox\n|\n|t:|1771238449\n|switch|p1a: Ting-Lu|Ting-Lu|69/100 psn|[from] U-turn\n|-damage|p1a: Ting-Lu|63/100 psn|[from] Stealth Rock\n|-ability|p1a: Ting-Lu|Vessel of Ruin\n|\n|-heal|p1a: Ting-Lu|69/100 psn|[from] Grassy Terrain\n|-heal|p2a: Gliscor|91/100 tox|[from] ability: Poison Heal\n|-damage|p1a: Ting-Lu|57/100 psn|[from] psn\n|upkeep\n|turn|74\n|\n|t:|1771238456\n|switch|p2a: Corviknight|Corviknight, F, shiny|100/100\n|-damage|p2a: Corviknight|88/100|[from] Stealth Rock\n|-ability|p2a: Corviknight|Pressure\n|move|p1a: Ting-Lu|Spikes|p2a: Corviknight\n|-sidestart|p2: zarross|Spikes\n|\n|-heal|p2a: Corviknight|94/100|[from] item: Leftovers\n|-heal|p1a: Ting-Lu|63/100 psn|[from] Grassy Terrain\n|-damage|p1a: Ting-Lu|50/100 psn|[from] psn\n|upkeep\n|turn|75\n|\n|t:|1771238459\n|move|p2a: Corviknight|Iron Head|p1a: Ting-Lu\n|-damage|p1a: Ting-Lu|36/100 psn\n|move|p1a: Ting-Lu|Ruination|p2a: Corviknight\n|-damage|p2a: Corviknight|47/100\n|\n|-heal|p2a: Corviknight|53/100|[from] item: Leftovers\n|-heal|p1a: Ting-Lu|42/100 psn|[from] Grassy Terrain\n|-damage|p1a: Ting-Lu|29/100 psn|[from] psn\n|-fieldend|move: Grassy Terrain\n|upkeep\n|turn|76\n|\n|t:|1771238462\n|switch|p1a: Heatran|Heatran, M|25/100\n|-damage|p1a: Heatran|13/100|[from] Stealth Rock\n|move|p2a: Corviknight|Defog|p1a: Heatran\n|-unboost|p1a: Heatran|evasion|1\n|-sideend|p1: FIREEEE|Stealth Rock|[from] move: Defog|[of] p2a: Corviknight\n|-sideend|p2: zarross|Spikes|[from] move: Defog|[of] p2a: Corviknight\n|-sideend|p2: zarross|Stealth Rock|[from] move: Defog|[of] p2a: Corviknight\n|\n|-heal|p2a: Corviknight|59/100|[from] item: Leftovers\n|upkeep\n|turn|77\n|\n|t:|1771238465\n|move|p2a: Corviknight|Protect|p2a: Corviknight\n|-singleturn|p2a: Corviknight|Protect\n|move|p1a: Heatran|Stealth Rock|p2a: Corviknight\n|-sidestart|p2: zarross|move: Stealth Rock\n|\n|-heal|p2a: Corviknight|65/100|[from] item: Leftovers\n|upkeep\n|turn|78\n|\n|t:|1771238470\n|switch|p2a: Flesh Tutu|Blissey, F, shiny, tera:Dark|83/100\n|move|p1a: Heatran|Lava Plume|p2a: Flesh Tutu\n|-damage|p2a: Flesh Tutu|72/100\n|\n|upkeep\n|turn|79\n|\n|t:|1771238481\n|switch|p1a: Rillaboom|Rillaboom, F|37/100 tox\n|-fieldstart|move: Grassy Terrain|[from] ability: Grassy Surge|[of] p1a: Rillaboom\n|move|p2a: Flesh Tutu|Seismic Toss|p1a: Rillaboom\n|-damage|p1a: Rillaboom|12/100 tox\n|\n|-heal|p1a: Rillaboom|18/100 tox|[from] Grassy Terrain\n|-heal|p2a: Flesh Tutu|78/100|[from] Grassy Terrain\n|-damage|p1a: Rillaboom|12/100 tox|[from] psn\n|upkeep\n|turn|80\n|\n|t:|1771238484\n|switch|p2a: Gliscor|Gliscor, F|91/100 tox\n|-damage|p2a: Gliscor|78/100 tox|[from] Stealth Rock\n|move|p1a: Rillaboom|U-turn|p2a: Gliscor\n|-resisted|p2a: Gliscor\n|-damage|p2a: Gliscor|70/100 tox\n|\n|t:|1771238499\n|switch|p1a: Iron Crown|Iron Crown|94/100|[from] U-turn\n|\n|-heal|p1a: Iron Crown|100/100|[from] Grassy Terrain\n|-heal|p2a: Gliscor|83/100 tox|[from] ability: Poison Heal\n|upkeep\n|turn|81\n|\n|t:|1771238504\n|move|p2a: Gliscor|Protect|p2a: Gliscor\n|-singleturn|p2a: Gliscor|Protect\n|move|p1a: Iron Crown|Tachyon Cutter|p2a: Gliscor\n|-activate|p2a: Gliscor|move: Protect\n|\n|-heal|p2a: Gliscor|95/100 tox|[from] ability: Poison Heal\n|upkeep\n|turn|82\n|\n|t:|1771238507\n|switch|p2a: Corviknight|Corviknight, F, shiny|65/100\n|-damage|p2a: Corviknight|53/100|[from] Stealth Rock\n|-ability|p2a: Corviknight|Pressure\n|move|p1a: Iron Crown|Tachyon Cutter|p2a: Corviknight\n|-resisted|p2a: Corviknight\n|-damage|p2a: Corviknight|39/100\n|-resisted|p2a: Corviknight\n|-damage|p2a: Corviknight|26/100\n|-hitcount|p2a: Corviknight|2\n|\n|-heal|p2a: Corviknight|32/100|[from] item: Leftovers\n|upkeep\n|turn|83\n|\n|t:|1771238510\n|move|p1a: Iron Crown|Tachyon Cutter|p2a: Corviknight\n|-resisted|p2a: Corviknight\n|-damage|p2a: Corviknight|19/100\n|-resisted|p2a: Corviknight\n|-damage|p2a: Corviknight|6/100\n|-hitcount|p2a: Corviknight|2\n|move|p2a: Corviknight|Roost|p2a: Corviknight\n|-heal|p2a: Corviknight|56/100\n|-singleturn|p2a: Corviknight|move: Roost\n|\n|-heal|p2a: Corviknight|62/100|[from] Grassy Terrain\n|-heal|p2a: Corviknight|68/100|[from] item: Leftovers\n|-fieldend|move: Grassy Terrain\n|upkeep\n|turn|84\n|\n|t:|1771238516\n|move|p1a: Iron Crown|Tachyon Cutter|p2a: Corviknight\n|-resisted|p2a: Corviknight\n|-damage|p2a: Corviknight|55/100\n|-resisted|p2a: Corviknight\n|-damage|p2a: Corviknight|42/100\n|-hitcount|p2a: Corviknight|2\n|move|p2a: Corviknight|Defog|p1a: Iron Crown\n|-unboost|p1a: Iron Crown|evasion|1\n|-sideend|p2: zarross|Stealth Rock|[from] move: Defog|[of] p2a: Corviknight\n|\n|-heal|p2a: Corviknight|48/100|[from] item: Leftovers\n|upkeep\n|turn|85\n|\n|t:|1771238519\n|move|p1a: Iron Crown|Tachyon Cutter|p2a: Corviknight\n|-resisted|p2a: Corviknight\n|-damage|p2a: Corviknight|34/100\n|-resisted|p2a: Corviknight\n|-damage|p2a: Corviknight|20/100\n|-hitcount|p2a: Corviknight|2\n|move|p2a: Corviknight|Roost|p2a: Corviknight\n|-heal|p2a: Corviknight|70/100\n|-singleturn|p2a: Corviknight|move: Roost\n|\n|-heal|p2a: Corviknight|76/100|[from] item: Leftovers\n|upkeep\n|turn|86\n|\n|t:|1771238527\n|-end|p1a: Iron Crown|Quark Drive|[silent]\n|switch|p1a: Heatran|Heatran, M|13/100\n|switch|p2a: Flesh Tutu|Blissey, F, shiny, tera:Dark|78/100\n|\n|upkeep\n|turn|87\n|\n|t:|1771238533\n|move|p1a: Heatran|Stealth Rock|p2a: Flesh Tutu\n|-sidestart|p2: zarross|move: Stealth Rock\n|move|p2a: Flesh Tutu|Seismic Toss|p1a: Heatran\n|-damage|p1a: Heatran|0 fnt\n|faint|p1a: Heatran\n|\n|upkeep\n|\n|t:|1771238536\n|switch|p1a: Rillaboom|Rillaboom, F|12/100 tox\n|-fieldstart|move: Grassy Terrain|[from] ability: Grassy Surge|[of] p1a: Rillaboom\n|turn|88\n|\n|t:|1771238540\n|switch|p2a: Weezing|Weezing-Galar, M|88/100\n|-ability|p2a: Weezing|Neutralizing Gas\n|-damage|p2a: Weezing|76/100|[from] Stealth Rock\n|move|p1a: Rillaboom|U-turn|p2a: Weezing\n|-resisted|p2a: Weezing\n|-damage|p2a: Weezing|71/100\n|\n|t:|1771238550\n|switch|p1a: Iron Crown|Iron Crown|100/100|[from] U-turn\n|\n|-heal|p2a: Weezing|77/100|[from] Grassy Terrain\n|upkeep\n|turn|89\n|\n|t:|1771238555\n|-end|p2a: Weezing|ability: Neutralizing Gas\n|switch|p2a: Corviknight|Corviknight, F, shiny|76/100\n|-damage|p2a: Corviknight|64/100|[from] Stealth Rock\n|-ability|p2a: Corviknight|Pressure\n|move|p1a: Iron Crown|Volt Switch|p2a: Corviknight\n|-supereffective|p2a: Corviknight\n|-damage|p2a: Corviknight|17/100\n|\n|t:|1771238581\n|-end|p1a: Iron Crown|Quark Drive|[silent]\n|switch|p1a: Hatterene|Hatterene, F, tera:Water|100/100|[from] Volt Switch\n|\n|-heal|p2a: Corviknight|23/100|[from] item: Leftovers\n|upkeep\n|turn|90\n|\n|t:|1771238587\n|move|p2a: Corviknight|Roost|p2a: Corviknight\n|-heal|p2a: Corviknight|73/100\n|-singleturn|p2a: Corviknight|move: Roost\n|move|p1a: Hatterene|Calm Mind|p1a: Hatterene\n|-boost|p1a: Hatterene|spa|1\n|-boost|p1a: Hatterene|spd|1\n|\n|-heal|p2a: Corviknight|79/100|[from] Grassy Terrain\n|-heal|p2a: Corviknight|85/100|[from] item: Leftovers\n|upkeep\n|turn|91\n|\n|t:|1771238592\n|switch|p2a: Flesh Tutu|Blissey, F, shiny, tera:Dark|78/100\n|move|p1a: Hatterene|Draining Kiss|p2a: Flesh Tutu\n|-supereffective|p2a: Flesh Tutu\n|-damage|p2a: Flesh Tutu|60/100\n|\n|-heal|p2a: Flesh Tutu|66/100|[from] Grassy Terrain\n|upkeep\n|turn|92\n|\n|t:|1771238604\n|switch|p1a: Rillaboom|Rillaboom, F|12/100 tox\n|move|p2a: Flesh Tutu|Calm Mind|p2a: Flesh Tutu\n|-boost|p2a: Flesh Tutu|spa|1\n|-boost|p2a: Flesh Tutu|spd|1\n|\n|-heal|p1a: Rillaboom|18/100 tox|[from] Grassy Terrain\n|-heal|p2a: Flesh Tutu|72/100|[from] Grassy Terrain\n|-damage|p1a: Rillaboom|12/100 tox|[from] psn\n|-fieldend|move: Grassy Terrain\n|upkeep\n|turn|93\n|\n|t:|1771238611\n|switch|p2a: Gliscor|Gliscor, F|95/100 tox\n|-damage|p2a: Gliscor|83/100 tox|[from] Stealth Rock\n|move|p1a: Rillaboom|U-turn|p2a: Gliscor\n|-resisted|p2a: Gliscor\n|-damage|p2a: Gliscor|75/100 tox\n|\n|t:|1771238617\n|switch|p1a: Iron Crown|Iron Crown|100/100|[from] U-turn\n|\n|-heal|p2a: Gliscor|87/100 tox|[from] ability: Poison Heal\n|upkeep\n|turn|94\n|\n|t:|1771238622\n|move|p2a: Gliscor|Protect|p2a: Gliscor\n|-singleturn|p2a: Gliscor|Protect\n|move|p1a: Iron Crown|Tachyon Cutter|p2a: Gliscor\n|-activate|p2a: Gliscor|move: Protect\n|\n|-heal|p2a: Gliscor|99/100 tox|[from] ability: Poison Heal\n|upkeep\n|turn|95\n|\n|t:|1771238629\n|switch|p2a: Corviknight|Corviknight, F, shiny|85/100\n|-damage|p2a: Corviknight|73/100|[from] Stealth Rock\n|-ability|p2a: Corviknight|Pressure\n|move|p1a: Iron Crown|Tachyon Cutter|p2a: Corviknight\n|-resisted|p2a: Corviknight\n|-damage|p2a: Corviknight|60/100\n|-resisted|p2a: Corviknight\n|-damage|p2a: Corviknight|46/100\n|-hitcount|p2a: Corviknight|2\n|\n|-heal|p2a: Corviknight|52/100|[from] item: Leftovers\n|upkeep\n|turn|96\n|\n|t:|1771238631\n|move|p1a: Iron Crown|Tachyon Cutter|p2a: Corviknight\n|-resisted|p2a: Corviknight\n|-damage|p2a: Corviknight|39/100\n|-resisted|p2a: Corviknight\n|-damage|p2a: Corviknight|25/100\n|-hitcount|p2a: Corviknight|2\n|move|p2a: Corviknight|Roost|p2a: Corviknight\n|-heal|p2a: Corviknight|75/100\n|-singleturn|p2a: Corviknight|move: Roost\n|\n|-heal|p2a: Corviknight|81/100|[from] item: Leftovers\n|upkeep\n|turn|97\n|\n|t:|1771238639\n|-end|p1a: Iron Crown|Quark Drive|[silent]\n|switch|p1a: Hatterene|Hatterene, F, tera:Water|100/100\n|move|p2a: Corviknight|Iron Head|p1a: Hatterene\n|-resisted|p1a: Hatterene\n|-damage|p1a: Hatterene|89/100\n|\n|-heal|p2a: Corviknight|87/100|[from] item: Leftovers\n|upkeep\n|turn|98\n|\n|t:|1771238648\n|switch|p2a: Flesh Tutu|Blissey, F, shiny, tera:Dark|72/100\n|move|p1a: Hatterene|Calm Mind|p1a: Hatterene\n|-boost|p1a: Hatterene|spa|1\n|-boost|p1a: Hatterene|spd|1\n|\n|upkeep\n|turn|99\n|\n|t:|1771238656\n|move|p2a: Flesh Tutu|Calm Mind|p2a: Flesh Tutu\n|-boost|p2a: Flesh Tutu|spa|1\n|-boost|p2a: Flesh Tutu|spd|1\n|move|p1a: Hatterene|Mystical Fire|p2a: Flesh Tutu\n|-damage|p2a: Flesh Tutu|65/100\n|-unboost|p2a: Flesh Tutu|spa|1\n|\n|upkeep\n|turn|100\n|\n|t:|1771238661\n|switch|p1a: Ting-Lu|Ting-Lu|29/100 psn\n|-ability|p1a: Ting-Lu|Vessel of Ruin\n|move|p2a: Flesh Tutu|Seismic Toss|p1a: Ting-Lu\n|-damage|p1a: Ting-Lu|10/100 psn\n|\n|-damage|p1a: Ting-Lu|0 fnt|[from] psn\n|faint|p1a: Ting-Lu\n|upkeep\n|\n|t:|1771238664\n|switch|p1a: Rillaboom|Rillaboom, F|12/100 tox\n|-fieldstart|move: Grassy Terrain|[from] ability: Grassy Surge|[of] p1a: Rillaboom\n|turn|101\n|\n|t:|1771238671\n|switch|p2a: Gliscor|Gliscor, F|99/100 tox\n|-damage|p2a: Gliscor|87/100 tox|[from] Stealth Rock\n|move|p1a: Rillaboom|U-turn|p2a: Gliscor\n|-resisted|p2a: Gliscor\n|-damage|p2a: Gliscor|79/100 tox\n|\n|t:|1771238681\n|switch|p1a: Hatterene|Hatterene, F, tera:Water|89/100|[from] U-turn\n|\n|-heal|p1a: Hatterene|95/100|[from] Grassy Terrain\n|-heal|p2a: Gliscor|92/100 tox|[from] ability: Poison Heal\n|upkeep\n|turn|102\n|\n|t:|1771238685\n|switch|p2a: Flesh Tutu|Blissey, F, shiny, tera:Dark|65/100\n|move|p1a: Hatterene|Calm Mind|p1a: Hatterene\n|-boost|p1a: Hatterene|spa|1\n|-boost|p1a: Hatterene|spd|1\n|\n|-heal|p2a: Flesh Tutu|72/100|[from] Grassy Terrain\n|-heal|p1a: Hatterene|100/100|[from] Grassy Terrain\n|upkeep\n|turn|103\n|\n|t:|1771238687\n|move|p2a: Flesh Tutu|Calm Mind|p2a: Flesh Tutu\n|-boost|p2a: Flesh Tutu|spa|1\n|-boost|p2a: Flesh Tutu|spd|1\n|move|p1a: Hatterene|Calm Mind|p1a: Hatterene\n|-boost|p1a: Hatterene|spa|1\n|-boost|p1a: Hatterene|spd|1\n|\n|-heal|p2a: Flesh Tutu|78/100|[from] Grassy Terrain\n|upkeep\n|turn|104\n|\n|t:|1771238692\n|move|p2a: Flesh Tutu|Calm Mind|p2a: Flesh Tutu\n|-boost|p2a: Flesh Tutu|spa|1\n|-boost|p2a: Flesh Tutu|spd|1\n|move|p1a: Hatterene|Calm Mind|p1a: Hatterene\n|-boost|p1a: Hatterene|spa|1\n|-boost|p1a: Hatterene|spd|1\n|\n|-heal|p2a: Flesh Tutu|84/100|[from] Grassy Terrain\n|upkeep\n|turn|105\n|\n|t:|1771238695\n|move|p2a: Flesh Tutu|Calm Mind|p2a: Flesh Tutu\n|-boost|p2a: Flesh Tutu|spa|1\n|-boost|p2a: Flesh Tutu|spd|1\n|move|p1a: Hatterene|Calm Mind|p1a: Hatterene\n|-boost|p1a: Hatterene|spa|1\n|-boost|p1a: Hatterene|spd|1\n|\n|-heal|p2a: Flesh Tutu|90/100|[from] Grassy Terrain\n|-fieldend|move: Grassy Terrain\n|upkeep\n|turn|106\n|\n|t:|1771238698\n|move|p2a: Flesh Tutu|Seismic Toss|p1a: Hatterene\n|-damage|p1a: Hatterene|69/100\n|move|p1a: Hatterene|Calm Mind|p1a: Hatterene\n|-boost|p1a: Hatterene|spa|1\n|-boost|p1a: Hatterene|spd|1\n|\n|upkeep\n|turn|107\n|\n|t:|1771238702\n|move|p2a: Flesh Tutu|Calm Mind|p2a: Flesh Tutu\n|-boost|p2a: Flesh Tutu|spa|1\n|-boost|p2a: Flesh Tutu|spd|1\n|move|p1a: Hatterene|Draining Kiss|p2a: Flesh Tutu\n|-supereffective|p2a: Flesh Tutu\n|-damage|p2a: Flesh Tutu|73/100\n|-heal|p1a: Hatterene|96/100|[from] drain|[of] p2a: Flesh Tutu\n|\n|upkeep\n|turn|108\n|\n|t:|1771238705\n|move|p2a: Flesh Tutu|Calm Mind|p2a: Flesh Tutu\n|-boost|p2a: Flesh Tutu|spa|1\n|-boost|p2a: Flesh Tutu|spd|1\n|move|p1a: Hatterene|Calm Mind|p1a: Hatterene\n|-boost|p1a: Hatterene|spa|1\n|-boost|p1a: Hatterene|spd|1\n|\n|upkeep\n|turn|109\n|\n|t:|1771238711\n|move|p2a: Flesh Tutu|Calm Mind|p2a: Flesh Tutu\n|-boost|p2a: Flesh Tutu|spa|1\n|-boost|p2a: Flesh Tutu|spd|1\n|move|p1a: Hatterene|Mystical Fire|p2a: Flesh Tutu\n|-crit|p2a: Flesh Tutu\n|-damage|p2a: Flesh Tutu|32/100\n|-unboost|p2a: Flesh Tutu|spa|1\n|\n|upkeep\n|turn|110\n|\n|t:|1771238717\n|move|p2a: Flesh Tutu|Soft-Boiled|p2a: Flesh Tutu\n|-heal|p2a: Flesh Tutu|82/100\n|move|p1a: Hatterene|Mystical Fire|p2a: Flesh Tutu\n|-damage|p2a: Flesh Tutu|75/100\n|-unboost|p2a: Flesh Tutu|spa|1\n|\n|upkeep\n|turn|111\n|\n|t:|1771238721\n|move|p2a: Flesh Tutu|Seismic Toss|p1a: Hatterene\n|-damage|p1a: Hatterene|65/100\n|move|p1a: Hatterene|Mystical Fire|p2a: Flesh Tutu\n|-damage|p2a: Flesh Tutu|69/100\n|-unboost|p2a: Flesh Tutu|spa|1\n|\n|upkeep\n|turn|112\n|\n|t:|1771238725\n|move|p2a: Flesh Tutu|Seismic Toss|p1a: Hatterene\n|-damage|p1a: Hatterene|33/100\n|move|p1a: Hatterene|Draining Kiss|p2a: Flesh Tutu\n|-supereffective|p2a: Flesh Tutu\n|-damage|p2a: Flesh Tutu|56/100\n|-heal|p1a: Hatterene|55/100|[from] drain|[of] p2a: Flesh Tutu\n|\n|upkeep\n|turn|113\n|\n|t:|1771238730\n|move|p2a: Flesh Tutu|Seismic Toss|p1a: Hatterene\n|-damage|p1a: Hatterene|23/100\n|move|p1a: Hatterene|Draining Kiss|p2a: Flesh Tutu\n|-supereffective|p2a: Flesh Tutu\n|-damage|p2a: Flesh Tutu|43/100\n|-heal|p1a: Hatterene|45/100|[from] drain|[of] p2a: Flesh Tutu\n|\n|upkeep\n|turn|114\n|\n|t:|1771238735\n|move|p2a: Flesh Tutu|Soft-Boiled|p2a: Flesh Tutu\n|-heal|p2a: Flesh Tutu|93/100\n|move|p1a: Hatterene|Draining Kiss|p2a: Flesh Tutu\n|-supereffective|p2a: Flesh Tutu\n|-damage|p2a: Flesh Tutu|79/100\n|-heal|p1a: Hatterene|67/100|[from] drain|[of] p2a: Flesh Tutu\n|\n|upkeep\n|turn|115\n|\n|t:|1771238738\n|move|p2a: Flesh Tutu|Seismic Toss|p1a: Hatterene\n|-damage|p1a: Hatterene|35/100\n|move|p1a: Hatterene|Draining Kiss|p2a: Flesh Tutu\n|-supereffective|p2a: Flesh Tutu\n|-damage|p2a: Flesh Tutu|65/100\n|-heal|p1a: Hatterene|58/100|[from] drain|[of] p2a: Flesh Tutu\n|\n|upkeep\n|turn|116\n|\n|t:|1771238741\n|move|p2a: Flesh Tutu|Seismic Toss|p1a: Hatterene\n|-damage|p1a: Hatterene|26/100\n|move|p1a: Hatterene|Draining Kiss|p2a: Flesh Tutu\n|-supereffective|p2a: Flesh Tutu\n|-damage|p2a: Flesh Tutu|51/100\n|-heal|p1a: Hatterene|49/100|[from] drain|[of] p2a: Flesh Tutu\n|\n|upkeep\n|turn|117\n|\n|t:|1771238744\n|move|p2a: Flesh Tutu|Seismic Toss|p1a: Hatterene\n|-damage|p1a: Hatterene|17/100\n|move|p1a: Hatterene|Draining Kiss|p2a: Flesh Tutu\n|-supereffective|p2a: Flesh Tutu\n|-crit|p2a: Flesh Tutu\n|-damage|p2a: Flesh Tutu|0 fnt\n|-heal|p1a: Hatterene|99/100|[from] drain|[of] p2a: Flesh Tutu\n|faint|p2a: Flesh Tutu\n|\n|upkeep\n|-message|zarross forfeited.\n|\n|win|FIREEEE\n|raw|FIREEEE's rating: 1738 &rarr; <strong>1760</strong><br />(+22 for winning)\n|raw|zarross's rating: 1774 &rarr; <strong>1752</strong><br />(-22 for losing)\n|l|☆zarross\n|player|p2|\n|l|☆FIREEEE\n|player|p1|\n|l| heatraniac\n|l| nonchalantbufalant\n", "uploadtime": 1771238794, "views": 10, "formatid": "gen9ou", "rating": 1752, "private": 0, "password": null}