{"id": "gen9ou-2540712565", "format": "[Gen 9] OU", "players": ["Acastillo631", "hamoodiscute"], "log": "|j|☆Acastillo631\n|j|☆hamoodiscute\n|t:|1771244398\n|gametype|singles\n|player|p1|Acastillo631|silver|1647\n|player|p2|hamoodiscute|cynthia|1645\n|gen|9\n|tier|[Gen 9] OU\n|rated|\n|rule|HP Percentage Mod: HP is shown in percentages\n|rule|Endless Battle Clause: Forcing endless battles is banned\n|rule|Species Clause: Limit one of each Pokémon\n|rule|OHKO Clause: OHKO moves are banned\n|rule|Evasion Items Clause: Evasion items are banned\n|rule|Evasion Moves Clause: Evasion moves are banned\n|rule|Evasion Abilities Clause: Evasion abilities are banned\n|rule|Sleep Moves Clause: Sleep-inducing moves are banned\n|clearpoke\n|poke|p1|Iron Valiant|\n|poke|p1|Sinistcha|\n|poke|p1|Tyranitar, F|\n|poke|p1|Iron Treads|\n|poke|p1|Klefki, F|\n|poke|p1|Swampert, M|\n|poke|p2|Darkrai|\n|poke|p2|Ogerpon-Wellspring, F|\n|poke|p2|Great Tusk|\n|poke|p2|Dragonite, M|\n|poke|p2|Gholdengo|\n|poke|p2|Glimmora, M|\n|teampreview\n|\n|t:|1771244407\n|teamsize|p1|6\n|teamsize|p2|6\n|start\n|switch|p1a: Redips|Klefki, F|100/100\n|switch|p2a: Darkrai|Darkrai|100/100\n|turn|1\n|j| teagrf\n|\n|t:|1771244420\n|switch|p2a: Great Tusk|Great Tusk|100/100\n|-enditem|p2a: Great Tusk|Booster Energy\n|-activate|p2a: Great Tusk|ability: Protosynthesis|[fromitem]\n|-start|p2a: Great Tusk|protosynthesisspe\n|move|p1a: Redips|Dazzling Gleam|p2a: Great Tusk\n|-supereffective|p2a: Great Tusk\n|-damage|p2a: Great Tusk|41/100\n|\n|upkeep\n|turn|2\n|\n|t:|1771244427\n|move|p1a: Redips|Magnet Rise|p1a: Redips\n|-start|p1a: Redips|Magnet Rise\n|move|p2a: Great Tusk|Headlong Rush|p1a: Redips\n|-immune|p1a: Redips\n|\n|upkeep\n|turn|3\n|\n|t:|1771244431\n|-end|p2a: Great Tusk|Protosynthesis|[silent]\n|switch|p2a: Gholdengo|Gholdengo|100/100\n|move|p1a: Redips|Spikes|p2a: Gholdengo\n|-sidestart|p2: hamoodiscute|Spikes\n|\n|upkeep\n|turn|4\n|\n|t:|1771244446\n|move|p1a: Redips|Spikes|p2a: Gholdengo\n|-sidestart|p2: hamoodiscute|Spikes\n|move|p2a: Gholdengo|Nasty Plot|p2a: Gholdengo\n|-boost|p2a: Gholdengo|spa|2\n|\n|upkeep\n|turn|5\n|\n|t:|1771244458\n|switch|p1a: Duff McWhalen|Swampert, M|100/100\n|move|p2a: Gholdengo|Shadow Ball|p1a: Duff McWhalen\n|-damage|p1a: Duff McWhalen|56/100\n|\n|-heal|p1a: Duff McWhalen|62/100|[from] item: Leftovers\n|upkeep\n|turn|6\n|j| hbgzd\n|\n|t:|1771244472\n|move|p2a: Gholdengo|Shadow Ball|p1a: Duff McWhalen\n|-damage|p1a: Duff McWhalen|14/100\n|move|p1a: Duff McWhalen|Knock Off|p2a: Gholdengo\n|-supereffective|p2a: Gholdengo\n|-damage|p2a: Gholdengo|67/100\n|-enditem|p2a: Gholdengo|Covert Cloak|[from] move: Knock Off|[of] p1a: Duff McWhalen\n|\n|-heal|p1a: Duff McWhalen|20/100|[from] item: Leftovers\n|upkeep\n|turn|7\n|\n|t:|1771244481\n|move|p2a: Gholdengo|Shadow Ball|p1a: Duff McWhalen\n|-damage|p1a: Duff McWhalen|0 fnt\n|faint|p1a: Duff McWhalen\n|\n|upkeep\n|\n|t:|1771244483\n|switch|p1a: Armored Armadillo|Iron Treads|100/100\n|-item|p1a: Armored Armadillo|Air Balloon\n|turn|8\n|\n|t:|1771244493\n|switch|p2a: Ogerpon|Ogerpon-Wellspring, F|100/100\n|-damage|p2a: Ogerpon|84/100|[from] Spikes\n|move|p1a: Armored Armadillo|Earthquake|p2a: Ogerpon\n|-resisted|p2a: Ogerpon\n|-damage|p2a: Ogerpon|53/100\n|\n|upkeep\n|turn|9\n|\n|t:|1771244500\n|-end|p1a: Armored Armadillo|Quark Drive|[silent]\n|switch|p1a: Wire Sponge|Sinistcha|100/100\n|move|p2a: Ogerpon|Ivy Cudgel|p1a: Wire Sponge|[anim] Ivy Cudgel Water\n|-resisted|p1a: Wire Sponge\n|-damage|p1a: Wire Sponge|79/100\n|\n|upkeep\n|turn|10\n|\n|t:|1771244503\n|move|p2a: Ogerpon|Taunt|p1a: Wire Sponge\n|-start|p1a: Wire Sponge|move: Taunt\n|move|p1a: Wire Sponge|Shadow Ball|p2a: Ogerpon\n|-damage|p2a: Ogerpon|14/100\n|\n|upkeep\n|turn|11\n|\n|t:|1771244507\n|switch|p1a: Redips|Klefki, F|100/100\n|move|p2a: Ogerpon|U-turn|p1a: Redips\n|-resisted|p1a: Redips\n|-damage|p1a: Redips|95/100\n|-damage|p2a: Ogerpon|0 fnt|[from] item: Rocky Helmet|[of] p1a: Redips\n|faint|p2a: Ogerpon\n|\n|upkeep\n|\n|t:|1771244514\n|switch|p2a: Glimmora|Glimmora, M, shiny|100/100\n|-damage|p2a: Glimmora|84/100|[from] Spikes\n|turn|12\n|\n|t:|1771244518\n|switch|p1a: Armored Armadillo|Iron Treads|100/100\n|-item|p1a: Armored Armadillo|Air Balloon\n|move|p2a: Glimmora|Earth Power|p1a: Armored Armadillo\n|-immune|p1a: Armored Armadillo\n|\n|upkeep\n|turn|13\n|\n|t:|1771244524\n|switch|p2a: Dragonite|Dragonite, M|100/100\n|move|p1a: Armored Armadillo|Earthquake|p2a: Dragonite\n|-immune|p2a: Dragonite\n|\n|upkeep\n|turn|14\n|\n|t:|1771244527\n|move|p1a: Armored Armadillo|Rapid Spin|p2a: Dragonite\n|-damage|p2a: Dragonite|93/100\n|-boost|p1a: Armored Armadillo|spe|1\n|move|p2a: Dragonite|Dragon Dance|p2a: Dragonite\n|-boost|p2a: Dragonite|atk|1\n|-boost|p2a: Dragonite|spe|1\n|\n|upkeep\n|turn|15\n|\n|t:|1771244530\n|move|p1a: Armored Armadillo|Ice Spinner|p2a: Dragonite\n|-supereffective|p2a: Dragonite\n|-damage|p2a: Dragonite|0 fnt\n|faint|p2a: Dragonite\n|\n|upkeep\n|\n|t:|1771244538\n|switch|p2a: Darkrai|Darkrai|100/100\n|-damage|p2a: Darkrai|84/100|[from] Spikes\n|turn|16\n|\n|t:|1771244544\n|-end|p1a: Armored Armadillo|Quark Drive|[silent]\n|switch|p1a: Redips|Klefki, F|95/100\n|move|p2a: Darkrai|Dark Pulse|p1a: Redips\n|-resisted|p1a: Redips\n|-damage|p1a: Redips|67/100\n|\n|upkeep\n|turn|17\n|\n|t:|1771244547\n|move|p2a: Darkrai|Knock Off|p1a: Redips\n|-resisted|p1a: Redips\n|-damage|p1a: Redips|52/100\n|-damage|p2a: Darkrai|68/100|[from] item: Rocky Helmet|[of] p1a: Redips\n|-enditem|p1a: Redips|Rocky Helmet|[from] move: Knock Off|[of] p2a: Darkrai\n|move|p1a: Redips|Dazzling Gleam|p2a: Darkrai\n|-supereffective|p2a: Darkrai\n|-damage|p2a: Darkrai|1/100\n|\n|upkeep\n|turn|18\n|\n|t:|1771244552\n|move|p1a: Redips|Spikes|p2a: Darkrai\n|-sidestart|p2: hamoodiscute|Spikes\n|move|p2a: Darkrai|Dark Pulse|p1a: Redips\n|-resisted|p1a: Redips\n|-damage|p1a: Redips|23/100\n|\n|upkeep\n|turn|19\n|\n|t:|1771244555\n|switch|p1a: Eregion|Tyranitar, F|100/100\n|-weather|Sandstorm|[from] ability: Sand Stream|[of] p1a: Eregion\n|move|p2a: Darkrai|Dark Pulse|p1a: Eregion\n|-resisted|p1a: Eregion\n|-damage|p1a: Eregion|91/100\n|\n|-weather|Sandstorm|[upkeep]\n|-damage|p2a: Darkrai|0 fnt|[from] Sandstorm\n|faint|p2a: Darkrai\n|-heal|p1a: Eregion|97/100|[from] item: Leftovers\n|upkeep\n|\n|t:|1771244560\n|switch|p2a: Glimmora|Glimmora, M, shiny|84/100\n|-damage|p2a: Glimmora|59/100|[from] Spikes\n|turn|20\n|\n|t:|1771244565\n|switch|p1a: Armored Armadillo|Iron Treads|100/100\n|-item|p1a: Armored Armadillo|Air Balloon\n|move|p2a: Glimmora|Earth Power|p1a: Armored Armadillo\n|-immune|p1a: Armored Armadillo\n|\n|-weather|Sandstorm|[upkeep]\n|upkeep\n|turn|21\n|\n|t:|1771244568\n|move|p1a: Armored Armadillo|Earthquake|p2a: Glimmora\n|-supereffective|p2a: Glimmora\n|-damage|p2a: Glimmora|0 fnt\n|-activate|p2a: Glimmora|ability: Toxic Debris\n|-sidestart|p1: Acastillo631|move: Toxic Spikes\n|faint|p2a: Glimmora\n|\n|-weather|Sandstorm|[upkeep]\n|upkeep\n|\n|t:|1771244572\n|switch|p2a: Great Tusk|Great Tusk|41/100\n|-damage|p2a: Great Tusk|16/100|[from] Spikes\n|turn|22\n|\n|t:|1771244580\n|move|p1a: Armored Armadillo|Ice Spinner|p2a: Great Tusk\n|-supereffective|p2a: Great Tusk\n|-damage|p2a: Great Tusk|0 fnt\n|faint|p2a: Great Tusk\n|-end|p2a: Great Tusk|Protosynthesis|[silent]\n|\n|-weather|Sandstorm|[upkeep]\n|upkeep\n|\n|t:|1771244582\n|switch|p2a: Gholdengo|Gholdengo|67/100\n|-damage|p2a: Gholdengo|42/100|[from] Spikes\n|turn|23\n|\n|t:|1771244585\n|-terastallize|p2a: Gholdengo|Fairy\n|move|p1a: Armored Armadillo|Earthquake|p2a: Gholdengo\n|-damage|p2a: Gholdengo|10/100\n|move|p2a: Gholdengo|Recover|p2a: Gholdengo\n|-heal|p2a: Gholdengo|60/100\n|\n|-weather|none\n|upkeep\n|turn|24\n|\n|t:|1771244593\n|move|p1a: Armored Armadillo|Rapid Spin|p2a: Gholdengo\n|-damage|p2a: Gholdengo|50/100\n|-boost|p1a: Armored Armadillo|spe|1\n|-sideend|p1: Acastillo631|Toxic Spikes|[from] move: Rapid Spin|[of] p1a: Armored Armadillo\n|move|p2a: Gholdengo|Nasty Plot|p2a: Gholdengo\n|-boost|p2a: Gholdengo|spa|2\n|\n|upkeep\n|turn|25\n|\n|t:|1771244598\n|-terastallize|p1a: Armored Armadillo|Ground\n|move|p1a: Armored Armadillo|Earthquake|p2a: Gholdengo\n|-damage|p2a: Gholdengo|6/100\n|move|p2a: Gholdengo|Recover|p2a: Gholdengo\n|-heal|p2a: Gholdengo|56/100\n|\n|upkeep\n|turn|26\n|\n|t:|1771244604\n|move|p1a: Armored Armadillo|Earthquake|p2a: Gholdengo\n|-crit|p2a: Gholdengo\n|-damage|p2a: Gholdengo|0 fnt\n|faint|p2a: Gholdengo\n|\n|win|Acastillo631\n|raw|Acastillo631's rating: 1647 &rarr; <strong>1667</strong><br />(+20 for winning)\n|raw|hamoodiscute's rating: 1645 &rarr; <strong>1625</strong><br />(-20 for losing)\n|l|☆hamoodiscute\n|player|p2|\n|j| Samurajen\n|l| teagrf\n|l|☆Acastillo631\n|player|p1|\n|l| hbgzd\n", "uploadtime": 1771244801, "views": 7, "formatid": "gen9ou", "rating": 1625, "private": 0, "password": null}