{"id": "gen9ou-2540910189", "format": "[Gen 9] OU", "players": ["dzbob", "WhenZero"], "log": "|j|☆dzbob\n|j|☆WhenZero\n|t:|1771266267\n|gametype|singles\n|player|p1|dzbob|dragontamer|1549\n|player|p2|WhenZero|170|1574\n|gen|9\n|tier|[Gen 9] OU\n|rated|\n|rule|HP Percentage Mod: HP is shown in percentages\n|rule|Endless Battle Clause: Forcing endless battles is banned\n|rule|Species Clause: Limit one of each Pokémon\n|rule|OHKO Clause: OHKO moves are banned\n|rule|Evasion Items Clause: Evasion items are banned\n|rule|Evasion Moves Clause: Evasion moves are banned\n|rule|Evasion Abilities Clause: Evasion abilities are banned\n|rule|Sleep Moves Clause: Sleep-inducing moves are banned\n|clearpoke\n|poke|p1|Great Tusk|\n|poke|p1|Slowking-Galar, F|\n|poke|p1|Samurott-Hisui, F|\n|poke|p1|Corviknight, F|\n|poke|p1|Iron Moth|\n|poke|p1|Iron Valiant|\n|poke|p2|Ogerpon, F|\n|poke|p2|Raging Bolt|\n|poke|p2|Alomomola, M|\n|poke|p2|Great Tusk|\n|poke|p2|Iron Crown|\n|poke|p2|Clefable, M|\n|teampreview\n|inactive|Battle timer is ON: inactive players will automatically lose when time's up. (requested by WhenZero)\n|\n|t:|1771266284\n|teamsize|p1|6\n|teamsize|p2|6\n|start\n|switch|p1a: Iron Moth|Iron Moth|100/100\n|switch|p2a: Clefable|Clefable, M|100/100\n|turn|1\n|\n|t:|1771266290\n|switch|p2a: Alomomola|Alomomola, M|100/100\n|move|p1a: Iron Moth|Fiery Dance|p2a: Alomomola\n|-resisted|p2a: Alomomola\n|-damage|p2a: Alomomola|75/100\n|-boost|p1a: Iron Moth|spa|1\n|\n|upkeep\n|turn|2\n|\n|t:|1771266299\n|move|p1a: Iron Moth|Fiery Dance|p2a: Alomomola\n|-resisted|p2a: Alomomola\n|-damage|p2a: Alomomola|32/100\n|-boost|p1a: Iron Moth|spa|1\n|move|p2a: Alomomola|Flip Turn|p1a: Iron Moth\n|-supereffective|p1a: Iron Moth\n|-damage|p1a: Iron Moth|46/100\n|\n|t:|1771266320\n|switch|p2a: Raging Bolt|Raging Bolt|100/100|[from] Flip Turn\n|\n|upkeep\n|turn|3\n|\n|t:|1771266328\n|-end|p1a: Iron Moth|Quark Drive|[silent]\n|switch|p1a: Iron Valiant|Iron Valiant|100/100\n|-enditem|p1a: Iron Valiant|Booster Energy\n|-activate|p1a: Iron Valiant|ability: Quark Drive|[fromitem]\n|-start|p1a: Iron Valiant|quarkdrivespe\n|move|p2a: Raging Bolt|Thunderclap||[still]\n|-fail|p2a: Raging Bolt\n|\n|upkeep\n|turn|4\n|\n|t:|1771266339\n|-end|p2a: Raging Bolt|Protosynthesis|[silent]\n|switch|p2a: Clefable|Clefable, M|100/100\n|move|p1a: Iron Valiant|Encore||[still]\n|-fail|p1a: Iron Valiant\n|\n|upkeep\n|turn|5\n|\n|t:|1771266349\n|move|p1a: Iron Valiant|Moonblast|p2a: Clefable\n|-damage|p2a: Clefable|55/100\n|move|p2a: Clefable|Stealth Rock|p1a: Iron Valiant\n|-sidestart|p1: dzbob|move: Stealth Rock\n|\n|-heal|p2a: Clefable|61/100|[from] item: Leftovers\n|upkeep\n|turn|6\n|\n|t:|1771266357\n|switch|p2a: Alomomola|Alomomola, M|65/100\n|move|p1a: Iron Valiant|Encore||[still]\n|-fail|p1a: Iron Valiant\n|\n|upkeep\n|turn|7\n|\n|t:|1771266360\n|move|p1a: Iron Valiant|Moonblast|p2a: Alomomola\n|-damage|p2a: Alomomola|24/100\n|move|p2a: Alomomola|Flip Turn|p1a: Iron Valiant\n|-crit|p1a: Iron Valiant\n|-damage|p1a: Iron Valiant|68/100\n|\n|t:|1771266366\n|switch|p2a: Clefable|Clefable, M|61/100|[from] Flip Turn\n|\n|-heal|p2a: Clefable|67/100|[from] item: Leftovers\n|upkeep\n|turn|8\n|\n|t:|1771266369\n|move|p1a: Iron Valiant|Moonblast|p2a: Clefable\n|-damage|p2a: Clefable|21/100\n|move|p2a: Clefable|Moonblast|p1a: Iron Valiant\n|-supereffective|p1a: Iron Valiant\n|-damage|p1a: Iron Valiant|0 fnt\n|faint|p1a: Iron Valiant\n|-end|p1a: Iron Valiant|Quark Drive|[silent]\n|\n|-heal|p2a: Clefable|27/100|[from] item: Leftovers\n|upkeep\n|\n|t:|1771266382\n|switch|p1a: Great Tusk|Great Tusk|100/100\n|-damage|p1a: Great Tusk|98/100|[from] Stealth Rock\n|turn|9\n|\n|t:|1771266398\n|move|p1a: Great Tusk|Earthquake|p2a: Clefable\n|-damage|p2a: Clefable|0 fnt\n|faint|p2a: Clefable\n|\n|upkeep\n|\n|t:|1771266403\n|switch|p2a: Ogerpon|Ogerpon, F|100/100\n|turn|10\n|\n|t:|1771266411\n|switch|p2a: Raging Bolt|Raging Bolt|100/100\n|-terastallize|p1a: Great Tusk|Grass\n|move|p1a: Great Tusk|Rapid Spin|p2a: Raging Bolt\n|-damage|p2a: Raging Bolt|87/100\n|-boost|p1a: Great Tusk|spe|1\n|-sideend|p1: dzbob|Stealth Rock|[from] move: Rapid Spin|[of] p1a: Great Tusk\n|\n|upkeep\n|turn|11\n|\n|t:|1771266420\n|-terastallize|p2a: Raging Bolt|Fairy\n|move|p1a: Great Tusk|Earthquake|p2a: Raging Bolt\n|-damage|p2a: Raging Bolt|47/100\n|move|p2a: Raging Bolt|Draco Meteor|p1a: Great Tusk|[miss]\n|-miss|p2a: Raging Bolt|p1a: Great Tusk\n|\n|upkeep\n|turn|12\n|\n|t:|1771266443\n|-end|p1a: Great Tusk|Protosynthesis|[silent]\n|switch|p1a: Slowking|Slowking-Galar, F|100/100\n|move|p2a: Raging Bolt|Draco Meteor|p1a: Slowking\n|-damage|p1a: Slowking|41/100\n|-unboost|p2a: Raging Bolt|spa|2\n|\n|upkeep\n|turn|13\n|\n|t:|1771266448\n|-end|p2a: Raging Bolt|Protosynthesis|[silent]\n|switch|p2a: Iron Crown|Iron Crown|100/100\n|move|p1a: Slowking|Psychic Noise|p2a: Iron Crown\n|-resisted|p2a: Iron Crown\n|-damage|p2a: Iron Crown|95/100\n|-start|p2a: Iron Crown|move: Heal Block\n|\n|upkeep\n|turn|14\n|\n|t:|1771266454\n|switch|p1a: Corviknight|Corviknight, F|100/100\n|-ability|p1a: Corviknight|Pressure\n|move|p2a: Iron Crown|Volt Switch|p1a: Corviknight\n|-supereffective|p1a: Corviknight\n|-damage|p1a: Corviknight|51/100\n|\n|t:|1771266461\n|-end|p2a: Iron Crown|Quark Drive|[silent]\n|switch|p2a: Alomomola|Alomomola, M|58/100|[from] Volt Switch\n|\n|-heal|p1a: Corviknight|58/100|[from] item: Leftovers\n|upkeep\n|turn|15\n|\n|t:|1771266464\n|move|p1a: Corviknight|Roost|p1a: Corviknight\n|-heal|p1a: Corviknight|100/100\n|-singleturn|p1a: Corviknight|move: Roost\n|move|p2a: Alomomola|Wish|p2a: Alomomola\n|\n|upkeep\n|turn|16\n|\n|t:|1771266467\n|move|p1a: Corviknight|Brave Bird|p2a: Alomomola\n|-damage|p2a: Alomomola|31/100\n|-damage|p1a: Corviknight|90/100|[from] Recoil\n|move|p2a: Alomomola|Flip Turn|p1a: Corviknight\n|-damage|p1a: Corviknight|79/100\n|\n|t:|1771266475\n|switch|p2a: Raging Bolt|Raging Bolt, tera:Fairy|47/100|[from] Flip Turn\n|\n|-heal|p2a: Raging Bolt|100/100|[from] move: Wish|[wisher] Alomomola\n|-heal|p1a: Corviknight|86/100|[from] item: Leftovers\n|upkeep\n|turn|17\n|\n|t:|1771266482\n|move|p2a: Raging Bolt|Draco Meteor|p1a: Corviknight\n|-resisted|p1a: Corviknight\n|-damage|p1a: Corviknight|28/100\n|-unboost|p2a: Raging Bolt|spa|2\n|move|p1a: Corviknight|U-turn|p2a: Raging Bolt\n|-resisted|p2a: Raging Bolt\n|-damage|p2a: Raging Bolt|94/100\n|\n|t:|1771266485\n|switch|p1a: Slowking|Slowking-Galar, F|74/100|[from] U-turn\n|\n|upkeep\n|turn|18\n|\n|t:|1771266490\n|-end|p2a: Raging Bolt|Protosynthesis|[silent]\n|switch|p2a: Iron Crown|Iron Crown|95/100\n|move|p1a: Slowking|Future Sight|p2a: Iron Crown\n|-start|p1a: Slowking|move: Future Sight\n|\n|upkeep\n|turn|19\n|\n|t:|1771266494\n|move|p2a: Iron Crown|Psychic Noise|p1a: Slowking\n|-damage|p1a: Slowking|56/100\n|-start|p1a: Slowking|move: Heal Block\n|move|p1a: Slowking|Flamethrower|p2a: Iron Crown\n|-supereffective|p2a: Iron Crown\n|-damage|p2a: Iron Crown|59/100\n|\n|upkeep\n|turn|20\n|\n|t:|1771266507\n|move|p2a: Iron Crown|Tachyon Cutter|p1a: Slowking\n|-damage|p1a: Slowking|44/100\n|-crit|p1a: Slowking\n|-damage|p1a: Slowking|27/100\n|-hitcount|p1a: Slowking|2\n|move|p1a: Slowking|Flamethrower|p2a: Iron Crown\n|-supereffective|p2a: Iron Crown\n|-damage|p2a: Iron Crown|25/100\n|\n|-end|p2a: Iron Crown|move: Future Sight\n|-resisted|p2a: Iron Crown\n|-damage|p2a: Iron Crown|16/100\n|-end|p1a: Slowking|move: Heal Block\n|upkeep\n|turn|21\n|\n|t:|1771266516\n|move|p2a: Iron Crown|Tachyon Cutter|p1a: Slowking\n|-damage|p1a: Slowking|14/100\n|-damage|p1a: Slowking|2/100\n|-hitcount|p1a: Slowking|2\n|move|p1a: Slowking|Flamethrower|p2a: Iron Crown\n|-supereffective|p2a: Iron Crown\n|-damage|p2a: Iron Crown|0 fnt\n|faint|p2a: Iron Crown\n|-end|p2a: Iron Crown|Quark Drive|[silent]\n|\n|upkeep\n|\n|t:|1771266539\n|switch|p2a: Raging Bolt|Raging Bolt, tera:Fairy|94/100\n|turn|22\n|\n|t:|1771266542\n|switch|p1a: Corviknight|Corviknight, F|28/100\n|-ability|p1a: Corviknight|Pressure\n|move|p2a: Raging Bolt|Volt Switch|p1a: Corviknight\n|-supereffective|p1a: Corviknight\n|-damage|p1a: Corviknight|0 fnt\n|faint|p1a: Corviknight\n|\n|t:|1771266550\n|-end|p2a: Raging Bolt|Protosynthesis|[silent]\n|switch|p2a: Ogerpon|Ogerpon, F|100/100|[from] Volt Switch\n|\n|upkeep\n|\n|t:|1771266559\n|switch|p1a: Great Tusk|Great Tusk, tera:Grass|98/100\n|turn|23\n|\n|t:|1771266563\n|move|p2a: Ogerpon|U-turn|p1a: Great Tusk\n|-supereffective|p1a: Great Tusk\n|-damage|p1a: Great Tusk|64/100\n|-damage|p2a: Ogerpon|84/100|[from] item: Rocky Helmet|[of] p1a: Great Tusk\n|\n|t:|1771266568\n|switch|p2a: Great Tusk|Great Tusk|100/100|[from] U-turn\n|move|p1a: Great Tusk|Knock Off|p2a: Great Tusk\n|-resisted|p2a: Great Tusk\n|-damage|p2a: Great Tusk|90/100\n|-enditem|p2a: Great Tusk|Heavy-Duty Boots|[from] move: Knock Off|[of] p1a: Great Tusk\n|\n|upkeep\n|turn|24\n|\n|t:|1771266575\n|move|p2a: Great Tusk|Rapid Spin|p1a: Great Tusk\n|-damage|p1a: Great Tusk|56/100\n|-boost|p2a: Great Tusk|spe|1\n|-damage|p2a: Great Tusk|74/100|[from] item: Rocky Helmet|[of] p1a: Great Tusk\n|move|p1a: Great Tusk|Earthquake|p2a: Great Tusk\n|-damage|p2a: Great Tusk|39/100\n|\n|upkeep\n|turn|25\n|\n|t:|1771266584\n|move|p2a: Great Tusk|Ice Spinner|p1a: Great Tusk\n|-supereffective|p1a: Great Tusk\n|-damage|p1a: Great Tusk|28/100\n|-damage|p2a: Great Tusk|22/100|[from] item: Rocky Helmet|[of] p1a: Great Tusk\n|move|p1a: Great Tusk|Earthquake|p2a: Great Tusk\n|-damage|p2a: Great Tusk|0 fnt\n|faint|p2a: Great Tusk\n|-end|p2a: Great Tusk|Protosynthesis|[silent]\n|\n|upkeep\n|\n|t:|1771266589\n|switch|p2a: Ogerpon|Ogerpon, F|84/100\n|turn|26\n|\n|t:|1771266597\n|move|p2a: Ogerpon|Knock Off|p1a: Great Tusk\n|-damage|p1a: Great Tusk|5/100\n|-damage|p2a: Ogerpon|67/100|[from] item: Rocky Helmet|[of] p1a: Great Tusk\n|-enditem|p1a: Great Tusk|Rocky Helmet|[from] move: Knock Off|[of] p2a: Ogerpon\n|move|p1a: Great Tusk|Earthquake|p2a: Ogerpon\n|-resisted|p2a: Ogerpon\n|-damage|p2a: Ogerpon|41/100\n|\n|upkeep\n|turn|27\n|\n|t:|1771266602\n|move|p2a: Ogerpon|Knock Off|p1a: Great Tusk\n|-damage|p1a: Great Tusk|0 fnt\n|faint|p1a: Great Tusk\n|-end|p1a: Great Tusk|Protosynthesis|[silent]\n|\n|upkeep\n|\n|t:|1771266607\n|switch|p1a: Samurott|Samurott-Hisui, F|100/100\n|turn|28\n|\n|t:|1771266619\n|switch|p2a: Raging Bolt|Raging Bolt, tera:Fairy|94/100\n|move|p1a: Samurott|Ceaseless Edge|p2a: Raging Bolt\n|-resisted|p2a: Raging Bolt\n|-damage|p2a: Raging Bolt|73/100\n|-sidestart|p2: WhenZero|Spikes\n|\n|upkeep\n|turn|29\n|\n|t:|1771266628\n|switch|p1a: Iron Moth|Iron Moth|46/100\n|move|p2a: Raging Bolt|Thunderbolt|p1a: Iron Moth\n|-damage|p1a: Iron Moth|0 fnt\n|faint|p1a: Iron Moth\n|-end|p1a: Iron Moth|Quark Drive|[silent]\n|\n|upkeep\n|\n|t:|1771266631\n|switch|p1a: Slowking|Slowking-Galar, F|35/100\n|turn|30\n|\n|t:|1771266642\n|move|p2a: Raging Bolt|Thunderbolt|p1a: Slowking\n|-damage|p1a: Slowking|0 fnt\n|faint|p1a: Slowking\n|\n|upkeep\n|\n|t:|1771266644\n|switch|p1a: Samurott|Samurott-Hisui, F|100/100\n|turn|31\n|\n|t:|1771266646\n|move|p1a: Samurott|Aqua Cutter|p2a: Raging Bolt\n|-damage|p2a: Raging Bolt|29/100\n|move|p2a: Raging Bolt|Thunderbolt|p1a: Samurott\n|-supereffective|p1a: Samurott\n|-damage|p1a: Samurott|0 fnt\n|faint|p1a: Samurott\n|\n|win|WhenZero\n|raw|dzbob's rating: 1549 &rarr; <strong>1530</strong><br />(-19 for losing)\n|raw|WhenZero's rating: 1574 &rarr; <strong>1593</strong><br />(+19 for winning)\n|l|☆dzbob\n|player|p1|\n", "uploadtime": 1771266678, "views": 10, "formatid": "gen9ou", "rating": 1530, "private": 0, "password": null}