{"id": "gen9ou-2639233189", "format": "[Gen 9] OU", "players": ["thepeakmons", "TWENNY7"], "log": "|j|☆thepeakmons\n|j|☆TWENNY7\n|t:|1782437968\n|gametype|singles\n|player|p1|thepeakmons|101|1195\n|player|p2|TWENNY7|hau-stance|1227\n|gen|9\n|tier|[Gen 9] OU\n|rated|\n|rule|HP Percentage Mod: HP is shown in percentages\n|rule|Endless Battle Clause: Forcing endless battles is banned\n|rule|Species Clause: Limit one of each Pokémon\n|rule|OHKO Clause: OHKO moves are banned\n|rule|Evasion Items Clause: Evasion items are banned\n|rule|Evasion Moves Clause: Evasion moves are banned\n|rule|Evasion Abilities Clause: Evasion abilities are banned\n|rule|Sleep Moves Clause: Sleep-inducing moves are banned\n|clearpoke\n|poke|p1|Corviknight, M|\n|poke|p1|Ting-Lu|\n|poke|p1|Kyurem|\n|poke|p1|Dondozo, M|\n|poke|p1|Slowking-Galar, M|\n|poke|p1|Cinderace, M|\n|poke|p2|Darkrai|\n|poke|p2|Okidogi, M|\n|poke|p2|Iron Valiant|\n|poke|p2|Tyranitar, M|\n|poke|p2|Iron Jugulis|\n|poke|p2|Scizor, F|\n|teampreview\n|\n|t:|1782437974\n|teamsize|p1|6\n|teamsize|p2|6\n|start\n|switch|p1a: Cinderace|Cinderace, M|100/100\n|switch|p2a: REDRUM|Scizor, F|100/100\n|turn|1\n|inactive|Battle timer is ON: inactive players will automatically lose when time's up. (requested by TWENNY7)\n|inactive|thepeakmons also wants the timer to be on.\n|\n|t:|1782437995\n|switch|p2a: CODE:red|Tyranitar, M, shiny|100/100\n|-weather|Sandstorm|[from] ability: Sand Stream|[of] p2a: CODE:red\n|move|p1a: Cinderace|Pyro Ball|p2a: CODE:red\n|-resisted|p2a: CODE:red\n|-damage|p2a: CODE:red|82/100\n|-enditem|p2a: CODE:red|Red Card|[of] p1a: Cinderace\n|drag|p1a: Dondozo|Dondozo, M|100/100\n|\n|-weather|Sandstorm|[upkeep]\n|-damage|p1a: Dondozo|94/100|[from] Sandstorm\n|-heal|p1a: Dondozo|100/100|[from] item: Leftovers\n|upkeep\n|turn|2\n|\n|t:|1782438006\n|move|p2a: CODE:red|Stealth Rock|p1a: Dondozo\n|-sidestart|p1: thepeakmons|move: Stealth Rock\n|move|p1a: Dondozo|Waterfall|p2a: CODE:red\n|-supereffective|p2a: CODE:red\n|-damage|p2a: CODE:red|41/100\n|\n|-weather|Sandstorm|[upkeep]\n|-damage|p1a: Dondozo|94/100|[from] Sandstorm\n|-heal|p1a: Dondozo|100/100|[from] item: Leftovers\n|upkeep\n|turn|3\n|\n|t:|1782438019\n|move|p2a: CODE:red|Knock Off|p1a: Dondozo\n|-damage|p1a: Dondozo|73/100\n|-enditem|p1a: Dondozo|Leftovers|[from] move: Knock Off|[of] p2a: CODE:red\n|move|p1a: Dondozo|Waterfall|p2a: CODE:red\n|-supereffective|p2a: CODE:red\n|-damage|p2a: CODE:red|0 fnt\n|faint|p2a: CODE:red\n|\n|-weather|Sandstorm|[upkeep]\n|-damage|p1a: Dondozo|67/100|[from] Sandstorm\n|upkeep\n|\n|t:|1782438024\n|switch|p2a: NASTY WORKS|Iron Jugulis|100/100\n|-enditem|p2a: NASTY WORKS|Booster Energy\n|-activate|p2a: NASTY WORKS|ability: Quark Drive|[fromitem]\n|-start|p2a: NASTY WORKS|quarkdrivespe\n|turn|4\n|\n|t:|1782438032\n|move|p2a: NASTY WORKS|Charge Beam|p1a: Dondozo\n|-supereffective|p1a: Dondozo\n|-damage|p1a: Dondozo|43/100\n|-boost|p2a: NASTY WORKS|spa|1\n|move|p1a: Dondozo|Waterfall|p2a: NASTY WORKS\n|-damage|p2a: NASTY WORKS|70/100\n|\n|-weather|Sandstorm|[upkeep]\n|-damage|p2a: NASTY WORKS|64/100|[from] Sandstorm\n|-damage|p1a: Dondozo|37/100|[from] Sandstorm\n|upkeep\n|turn|5\n|\n|t:|1782438044\n|move|p2a: NASTY WORKS|Focus Energy|p2a: NASTY WORKS\n|-start|p2a: NASTY WORKS|move: Focus Energy\n|move|p1a: Dondozo|Rest|p1a: Dondozo\n|-status|p1a: Dondozo|slp|[from] move: Rest\n|-heal|p1a: Dondozo|100/100 slp|[silent]\n|\n|-weather|none\n|upkeep\n|turn|6\n|\n|t:|1782438051\n|switch|p1a: Ting-Lu|Ting-Lu|100/100\n|-damage|p1a: Ting-Lu|94/100|[from] Stealth Rock\n|-ability|p1a: Ting-Lu|Vessel of Ruin\n|move|p2a: NASTY WORKS|Hurricane|p1a: Ting-Lu\n|-crit|p1a: Ting-Lu\n|-damage|p1a: Ting-Lu|44/100\n|\n|-heal|p1a: Ting-Lu|50/100|[from] item: Leftovers\n|upkeep\n|turn|7\n|\n|t:|1782438063\n|move|p2a: NASTY WORKS|Hurricane|p1a: Ting-Lu\n|-crit|p1a: Ting-Lu\n|-damage|p1a: Ting-Lu|0 fnt\n|faint|p1a: Ting-Lu\n|\n|upkeep\n|\n|t:|1782438072\n|switch|p1a: Kyurem|Kyurem|100/100\n|-damage|p1a: Kyurem|75/100|[from] Stealth Rock\n|-ability|p1a: Kyurem|Pressure\n|turn|8\n|inactive|TWENNY7 has 120 seconds left.\n|inactive|TWENNY7 has 90 seconds left.\n|\n|t:|1782438139\n|move|p1a: Kyurem|Protect|p1a: Kyurem\n|-singleturn|p1a: Kyurem|Protect\n|move|p2a: NASTY WORKS|Hurricane|p1a: Kyurem\n|-activate|p1a: Kyurem|move: Protect\n|\n|-heal|p1a: Kyurem|82/100|[from] item: Leftovers\n|upkeep\n|turn|9\n|inactive|TWENNY7 has 90 seconds left.\n|\n|t:|1782438152\n|-end|p2a: NASTY WORKS|Quark Drive|[silent]\n|switch|p2a: REDRUM|Scizor, F|100/100\n|move|p1a: Kyurem|Freeze-Dry|p2a: REDRUM\n|-resisted|p2a: REDRUM\n|-damage|p2a: REDRUM|75/100\n|\n|-heal|p1a: Kyurem|88/100|[from] item: Leftovers\n|upkeep\n|turn|10\n|\n|t:|1782438166\n|switch|p2a: NASTY WORKS|Iron Jugulis|64/100\n|move|p1a: Kyurem|Earth Power|p2a: NASTY WORKS\n|-immune|p2a: NASTY WORKS\n|\n|-heal|p1a: Kyurem|94/100|[from] item: Leftovers\n|upkeep\n|turn|11\n|\n|t:|1782438172\n|-end|p2a: NASTY WORKS|Quark Drive|[silent]\n|switch|p2a: REDRUM|Scizor, F|75/100\n|move|p1a: Kyurem|Freeze-Dry|p2a: REDRUM\n|-resisted|p2a: REDRUM\n|-damage|p2a: REDRUM|51/100\n|\n|-heal|p1a: Kyurem|99/100|[from] item: Leftovers\n|upkeep\n|turn|12\n|\n|t:|1782438199\n|switch|p1a: Cinderace|Cinderace, M|100/100\n|move|p2a: REDRUM|Close Combat|p1a: Cinderace\n|-damage|p1a: Cinderace|46/100\n|-unboost|p2a: REDRUM|def|1\n|-unboost|p2a: REDRUM|spd|1\n|\n|upkeep\n|turn|13\n|inactive|thepeakmons has 120 seconds left.\n|\n|t:|1782438230\n|move|p1a: Cinderace|Pyro Ball|p2a: REDRUM\n|-supereffective|p2a: REDRUM\n|-damage|p2a: REDRUM|0 fnt\n|faint|p2a: REDRUM\n|\n|upkeep\n|\n|t:|1782438233\n|switch|p2a: Zzz|Darkrai|100/100\n|turn|14\n|\n|t:|1782438254\n|move|p2a: Zzz|Dark Pulse|p1a: Cinderace\n|-damage|p1a: Cinderace|0 fnt\n|faint|p1a: Cinderace\n|\n|upkeep\n|inactive|thepeakmons has 90 seconds left.\n|\n|t:|1782438287\n|switch|p1a: Kyurem|Kyurem|99/100\n|-damage|p1a: Kyurem|75/100|[from] Stealth Rock\n|-ability|p1a: Kyurem|Pressure\n|turn|15\n|\n|t:|1782438301\n|switch|p2a: CASPER|Okidogi, M|100/100\n|move|p1a: Kyurem|Freeze-Dry|p2a: CASPER\n|-damage|p2a: CASPER|71/100\n|\n|-heal|p1a: Kyurem|81/100|[from] item: Leftovers\n|-heal|p2a: CASPER|77/100|[from] item: Leftovers\n|upkeep\n|turn|16\n|\n|t:|1782438314\n|switch|p1a: Corviknight|Corviknight, M|100/100\n|-damage|p1a: Corviknight|88/100|[from] Stealth Rock\n|-ability|p1a: Corviknight|Pressure\n|move|p2a: CASPER|Drain Punch|p1a: Corviknight\n|-damage|p1a: Corviknight|70/100\n|-heal|p2a: CASPER|87/100|[from] drain|[of] p1a: Corviknight\n|-damage|p2a: CASPER|71/100|[from] item: Rocky Helmet|[of] p1a: Corviknight\n|\n|-heal|p2a: CASPER|77/100|[from] item: Leftovers\n|upkeep\n|turn|17\n|\n|t:|1782438323\n|move|p2a: CASPER|Knock Off|p1a: Corviknight\n|-damage|p1a: Corviknight|54/100\n|-damage|p2a: CASPER|60/100|[from] item: Rocky Helmet|[of] p1a: Corviknight\n|-enditem|p1a: Corviknight|Rocky Helmet|[from] move: Knock Off|[of] p2a: CASPER\n|move|p1a: Corviknight|Brave Bird|p2a: CASPER\n|-supereffective|p2a: CASPER\n|-damage|p2a: CASPER|0 fnt\n|faint|p2a: CASPER\n|-damage|p1a: Corviknight|37/100|[from] Recoil\n|\n|upkeep\n|\n|t:|1782438332\n|switch|p2a: NASTY WORKS|Iron Jugulis|64/100\n|turn|18\n|inactive|thepeakmons has 90 seconds left.\n|\n|t:|1782438338\n|move|p2a: NASTY WORKS|Charge Beam|p1a: Corviknight\n|-supereffective|p1a: Corviknight\n|-damage|p1a: Corviknight|4/100\n|-boost|p2a: NASTY WORKS|spa|1\n|move|p1a: Corviknight|Roost|p1a: Corviknight\n|-heal|p1a: Corviknight|54/100\n|-singleturn|p1a: Corviknight|move: Roost\n|\n|upkeep\n|turn|19\n|inactive|thepeakmons has 90 seconds left.\n|\n|t:|1782438349\n|move|p2a: NASTY WORKS|Charge Beam|p1a: Corviknight\n|-supereffective|p1a: Corviknight\n|-damage|p1a: Corviknight|5/100\n|-boost|p2a: NASTY WORKS|spa|1\n|move|p1a: Corviknight|Defog|p2a: NASTY WORKS\n|-unboost|p2a: NASTY WORKS|evasion|1\n|-sideend|p1: thepeakmons|Stealth Rock|[from] move: Defog|[of] p1a: Corviknight\n|\n|upkeep\n|turn|20\n|inactive|thepeakmons has 90 seconds left.\n|\n|t:|1782438367\n|switch|p1a: Kyurem|Kyurem|81/100\n|-ability|p1a: Kyurem|Pressure\n|move|p2a: NASTY WORKS|Charge Beam|p1a: Kyurem\n|-resisted|p1a: Kyurem\n|-damage|p1a: Kyurem|66/100\n|-boost|p2a: NASTY WORKS|spa|1\n|\n|-heal|p1a: Kyurem|72/100|[from] item: Leftovers\n|upkeep\n|turn|21\n|inactive|thepeakmons has 90 seconds left.\n|\n|t:|1782438383\n|-terastallize|p2a: NASTY WORKS|Ground\n|move|p2a: NASTY WORKS|Earth Power|p1a: Kyurem\n|-damage|p1a: Kyurem|0 fnt\n|faint|p1a: Kyurem\n|\n|upkeep\n|\n|t:|1782438398\n|switch|p1a: Dondozo|Dondozo, M|100/100 slp\n|turn|22\n|\n|t:|1782438404\n|move|p2a: NASTY WORKS|Hurricane|p1a: Dondozo\n|-damage|p1a: Dondozo|67/100 slp\n|cant|p1a: Dondozo|slp\n|\n|upkeep\n|turn|23\n|\n|t:|1782438416\n|move|p2a: NASTY WORKS|Charge Beam|p1a: Dondozo\n|-supereffective|p1a: Dondozo\n|-crit|p1a: Dondozo\n|-damage|p1a: Dondozo|37/100 slp\n|cant|p1a: Dondozo|slp\n|\n|upkeep\n|turn|24\n|\n|t:|1782438428\n|move|p2a: NASTY WORKS|Hurricane|p1a: Dondozo\n|-damage|p1a: Dondozo|2/100 slp\n|-curestatus|p1a: Dondozo|slp|[msg]\n|move|p1a: Dondozo|Waterfall|p2a: NASTY WORKS\n|-supereffective|p2a: NASTY WORKS\n|-damage|p2a: NASTY WORKS|2/100\n|\n|upkeep\n|turn|25\n|\n|t:|1782438446\n|switch|p1a: Slowking|Slowking-Galar, M|100/100\n|move|p2a: NASTY WORKS|Charge Beam|p1a: Slowking\n|-damage|p1a: Slowking|66/100\n|\n|upkeep\n|turn|26\n|\n|t:|1782438456\n|switch|p1a: Corviknight|Corviknight, M|5/100\n|-ability|p1a: Corviknight|Pressure\n|move|p2a: NASTY WORKS|Earth Power|p1a: Corviknight\n|-immune|p1a: Corviknight\n|\n|upkeep\n|turn|27\n|\n|t:|1782438464\n|switch|p1a: Slowking|Slowking-Galar, M|99/100\n|move|p2a: NASTY WORKS|Charge Beam|p1a: Slowking\n|-damage|p1a: Slowking|69/100\n|\n|upkeep\n|turn|28\n|inactive|thepeakmons has 90 seconds left.\n|\n|t:|1782438476\n|switch|p1a: Corviknight|Corviknight, M|5/100\n|-ability|p1a: Corviknight|Pressure\n|move|p2a: NASTY WORKS|Earth Power|p1a: Corviknight\n|-immune|p1a: Corviknight\n|\n|upkeep\n|turn|29\n|inactive|thepeakmons has 90 seconds left.\n|\n|t:|1782438482\n|switch|p1a: Dondozo|Dondozo, M|2/100\n|move|p2a: NASTY WORKS|Charge Beam|p1a: Dondozo|[miss]\n|-miss|p2a: NASTY WORKS|p1a: Dondozo\n|\n|upkeep\n|turn|30\n|\n|t:|1782438488\n|switch|p1a: Slowking|Slowking-Galar, M|100/100\n|move|p2a: NASTY WORKS|Charge Beam|p1a: Slowking\n|-damage|p1a: Slowking|66/100\n|-boost|p2a: NASTY WORKS|spa|1\n|\n|upkeep\n|turn|31\n|\n|t:|1782438494\n|switch|p1a: Dondozo|Dondozo, M|2/100\n|move|p2a: NASTY WORKS|Hurricane|p1a: Dondozo|[miss]\n|-miss|p2a: NASTY WORKS|p1a: Dondozo\n|\n|upkeep\n|turn|32\n|\n|t:|1782438501\n|switch|p1a: Slowking|Slowking-Galar, M|99/100\n|move|p2a: NASTY WORKS|Earth Power|p1a: Slowking\n|-supereffective|p1a: Slowking\n|-enditem|p1a: Slowking|Shuca Berry|[eat]\n|-enditem|p1a: Slowking|Shuca Berry|[weaken]\n|-damage|p1a: Slowking|2/100\n|\n|upkeep\n|turn|33\n|\n|t:|1782438507\n|switch|p1a: Dondozo|Dondozo, M|2/100\n|move|p2a: NASTY WORKS|Charge Beam|p1a: Dondozo\n|-supereffective|p1a: Dondozo\n|-damage|p1a: Dondozo|0 fnt\n|-boost|p2a: NASTY WORKS|spa|1\n|faint|p1a: Dondozo\n|\n|upkeep\n|\n|t:|1782438514\n|switch|p1a: Slowking|Slowking-Galar, M|35/100\n|turn|34\n|\n|t:|1782438520\n|switch|p1a: Corviknight|Corviknight, M|5/100\n|-ability|p1a: Corviknight|Pressure\n|move|p2a: NASTY WORKS|Hurricane|p1a: Corviknight\n|-resisted|p1a: Corviknight\n|-damage|p1a: Corviknight|0 fnt\n|faint|p1a: Corviknight\n|\n|upkeep\n|\n|t:|1782438526\n|switch|p1a: Slowking|Slowking-Galar, M|68/100\n|turn|35\n|inactive|thepeakmons has 120 seconds left.\n|\n|t:|1782438532\n|move|p2a: NASTY WORKS|Earth Power|p1a: Slowking\n|-supereffective|p1a: Slowking\n|-damage|p1a: Slowking|0 fnt\n|faint|p1a: Slowking\n|\n|win|TWENNY7\n|raw|thepeakmons's rating: 1168 &rarr; <strong>1147</strong><br />(-21 for losing)\n|raw|TWENNY7's rating: 1227 &rarr; <strong>1248</strong><br />(+21 for winning)\n|l|☆TWENNY7\n|player|p2|\n", "uploadtime": 1782438532, "views": 11, "formatid": "gen9ou", "rating": 1147, "private": 0, "password": null}