{"id": "gen9ou-2639293611", "format": "[Gen 9] OU", "players": ["Kankan14", "beiqianccc"], "log": "|j|☆Kankan14\n|j|☆beiqianccc\n|t:|1782447413\n|gametype|singles\n|player|p1|Kankan14|cyrus|\n|player|p2|beiqianccc|red|\n|gen|9\n|tier|[Gen 9] OU\n|rule|HP Percentage Mod: HP is shown in percentages\n|rule|Endless Battle Clause: Forcing endless battles is banned\n|rule|Species Clause: Limit one of each Pokémon\n|rule|OHKO Clause: OHKO moves are banned\n|rule|Evasion Items Clause: Evasion items are banned\n|rule|Evasion Moves Clause: Evasion moves are banned\n|rule|Evasion Abilities Clause: Evasion abilities are banned\n|rule|Sleep Moves Clause: Sleep-inducing moves are banned\n|clearpoke\n|poke|p1|Hoopa|\n|poke|p1|Cinderace, M|\n|poke|p1|Mandibuzz, F|\n|poke|p1|Kyurem|\n|poke|p1|Ting-Lu|\n|poke|p1|Manaphy|\n|poke|p2|Blissey, F|\n|poke|p2|Slowbro, M|\n|poke|p2|Krookodile, M|\n|poke|p2|Dragapult, M|\n|poke|p2|Great Tusk|\n|poke|p2|Corviknight, M|\n|teampreview\n|\n|t:|1782447440\n|teamsize|p1|6\n|teamsize|p2|6\n|start\n|switch|p1a: 兔娘雨姐|Cinderace, M|100/100\n|switch|p2a: 陨石|Blissey, F|100/100\n|turn|1\n|\n|t:|1782447455\n|move|p1a: 兔娘雨姐|High Jump Kick|p2a: 陨石\n|-start|p1a: 兔娘雨姐|typechange|Fighting|[from] ability: Libero\n|-supereffective|p2a: 陨石\n|-damage|p2a: 陨石|0 fnt\n|faint|p2a: 陨石\n|\n|upkeep\n|\n|t:|1782447467\n|switch|p2a: 大智若愚|Slowbro, M|100/100\n|turn|2\n|\n|t:|1782447479\n|move|p1a: 兔娘雨姐|U-turn|p2a: 大智若愚\n|-supereffective|p2a: 大智若愚\n|-crit|p2a: 大智若愚\n|-damage|p2a: 大智若愚|60/100\n|\n|t:|1782447486\n|switch|p1a: 青色钥匙坠|Manaphy, shiny|100/100|[from] U-turn\n|move|p2a: 大智若愚|Psychic Noise|p1a: 青色钥匙坠\n|-damage|p1a: 青色钥匙坠|77/100\n|-start|p1a: 青色钥匙坠|move: Heal Block\n|\n|upkeep\n|turn|3\n|\n|t:|1782447501\n|move|p1a: 青色钥匙坠|Take Heart|p1a: 青色钥匙坠\n|-boost|p1a: 青色钥匙坠|spa|1\n|-boost|p1a: 青色钥匙坠|spd|1\n|move|p2a: 大智若愚|Slack Off|p2a: 大智若愚\n|-heal|p2a: 大智若愚|100/100\n|\n|-end|p1a: 青色钥匙坠|move: Heal Block\n|upkeep\n|turn|4\n|\n|t:|1782447513\n|switch|p2a: Corviknight|Corviknight, M|100/100\n|move|p1a: 青色钥匙坠|Tail Glow|p1a: 青色钥匙坠\n|-boost|p1a: 青色钥匙坠|spa|3\n|\n|-heal|p1a: 青色钥匙坠|83/100|[from] item: Leftovers\n|upkeep\n|turn|5\n|\n|t:|1782447522\n|move|p1a: 青色钥匙坠|Scald|p2a: Corviknight\n|-damage|p2a: Corviknight|7/100\n|move|p2a: Corviknight|Defog|p1a: 青色钥匙坠\n|-unboost|p1a: 青色钥匙坠|evasion|1\n|\n|-heal|p1a: 青色钥匙坠|90/100|[from] item: Leftovers\n|-heal|p2a: Corviknight|13/100|[from] item: Leftovers\n|upkeep\n|turn|6\n|\n|t:|1782447560\n|move|p1a: 青色钥匙坠|Scald|p2a: Corviknight\n|-damage|p2a: Corviknight|0 fnt\n|faint|p2a: Corviknight\n|\n|-heal|p1a: 青色钥匙坠|96/100|[from] item: Leftovers\n|upkeep\n|\n|t:|1782447566\n|switch|p2a: 佐伯龙治|Dragapult, M, shiny|100/100\n|turn|7\n|\n|t:|1782447578\n|move|p2a: 佐伯龙治|Draco Meteor|p1a: 青色钥匙坠\n|-damage|p1a: 青色钥匙坠|52/100\n|-unboost|p2a: 佐伯龙治|spa|2\n|-damage|p2a: 佐伯龙治|91/100|[from] item: Life Orb\n|move|p1a: 青色钥匙坠|Take Heart|p1a: 青色钥匙坠\n|-boost|p1a: 青色钥匙坠|spa|1\n|-boost|p1a: 青色钥匙坠|spd|1\n|\n|-heal|p1a: 青色钥匙坠|59/100|[from] item: Leftovers\n|upkeep\n|turn|8\n|\n|t:|1782447592\n|switch|p2a: 大智若愚|Slowbro, M|100/100\n|move|p1a: 青色钥匙坠|Alluring Voice|p2a: 大智若愚\n|-damage|p2a: 大智若愚|33/100\n|\n|-heal|p1a: 青色钥匙坠|65/100|[from] item: Leftovers\n|upkeep\n|turn|9\n|\n|t:|1782447629\n|switch|p2a: 佐伯龙治|Dragapult, M, shiny|91/100\n|move|p1a: 青色钥匙坠|Scald|p2a: 佐伯龙治\n|-resisted|p2a: 佐伯龙治\n|-damage|p2a: 佐伯龙治|35/100\n|\n|-heal|p1a: 青色钥匙坠|71/100|[from] item: Leftovers\n|upkeep\n|turn|10\n|\n|t:|1782447638\n|move|p2a: 佐伯龙治|Shadow Ball|p1a: 青色钥匙坠\n|-damage|p1a: 青色钥匙坠|51/100\n|-damage|p2a: 佐伯龙治|25/100|[from] item: Life Orb\n|move|p1a: 青色钥匙坠|Alluring Voice|p2a: 佐伯龙治\n|-supereffective|p2a: 佐伯龙治\n|-damage|p2a: 佐伯龙治|0 fnt\n|faint|p2a: 佐伯龙治\n|\n|-heal|p1a: 青色钥匙坠|58/100|[from] item: Leftovers\n|upkeep\n|-message|beiqianccc forfeited.\n|\n|win|Kankan14\n|l|☆beiqianccc\n|player|p2|\n", "uploadtime": 1782447658, "views": 18, "formatid": "gen9ou", "rating": null, "private": 0, "password": null}