{"id": "gen9ou-2540782625", "format": "[Gen 9] OU", "players": ["vote4biden", "beztgan"], "log": "|j|☆vote4biden\n|j|☆beztgan\n|t:|1771253444\n|gametype|singles\n|player|p1|vote4biden|hoopster|1525\n|player|p2|beztgan|169|1553\n|gen|9\n|tier|[Gen 9] OU\n|rated|\n|rule|HP Percentage Mod: HP is shown in percentages\n|rule|Endless Battle Clause: Forcing endless battles is banned\n|rule|Species Clause: Limit one of each Pokémon\n|rule|OHKO Clause: OHKO moves are banned\n|rule|Evasion Items Clause: Evasion items are banned\n|rule|Evasion Moves Clause: Evasion moves are banned\n|rule|Evasion Abilities Clause: Evasion abilities are banned\n|rule|Sleep Moves Clause: Sleep-inducing moves are banned\n|clearpoke\n|poke|p1|Darkrai|\n|poke|p1|Iron Valiant|\n|poke|p1|Dragapult, M|\n|poke|p1|Ting-Lu|\n|poke|p1|Hawlucha, F|\n|poke|p1|Alomomola, F|\n|poke|p2|Empoleon, M|\n|poke|p2|Sinistcha-Masterpiece|\n|poke|p2|Dragonite, M|\n|poke|p2|Gliscor, M|\n|poke|p2|Darkrai|\n|poke|p2|Ogerpon-Wellspring, F|\n|teampreview\n|inactive|Battle timer is ON: inactive players will automatically lose when time's up. (requested by vote4biden)\n|\n|t:|1771253455\n|teamsize|p1|6\n|teamsize|p2|6\n|start\n|switch|p1a: Darkrai|Darkrai|100/100\n|switch|p2a: Empoleon|Empoleon, M|100/100\n|turn|1\n|\n|t:|1771253463\n|move|p1a: Darkrai|Dark Pulse|p2a: Empoleon\n|-damage|p2a: Empoleon|55/100\n|move|p2a: Empoleon|Stealth Rock|p1a: Darkrai\n|-sidestart|p1: vote4biden|move: Stealth Rock\n|\n|-heal|p2a: Empoleon|61/100|[from] item: Leftovers\n|upkeep\n|turn|2\n|\n|t:|1771253475\n|move|p1a: Darkrai|Dark Pulse|p2a: Empoleon\n|-damage|p2a: Empoleon|21/100\n|move|p2a: Empoleon|Roost|p2a: Empoleon\n|-heal|p2a: Empoleon|71/100\n|-singleturn|p2a: Empoleon|move: Roost\n|\n|-heal|p2a: Empoleon|77/100|[from] item: Leftovers\n|upkeep\n|turn|3\n|\n|t:|1771253483\n|switch|p1a: Hawlucha|Hawlucha, F|100/100\n|-damage|p1a: Hawlucha|88/100|[from] Stealth Rock\n|-ability|p1a: Hawlucha|Mold Breaker\n|move|p2a: Empoleon|Knock Off|p1a: Hawlucha\n|-resisted|p1a: Hawlucha\n|-damage|p1a: Hawlucha|77/100\n|-enditem|p1a: Hawlucha|Leftovers|[from] move: Knock Off|[of] p2a: Empoleon\n|\n|-heal|p2a: Empoleon|84/100|[from] item: Leftovers\n|upkeep\n|turn|4\n|\n|t:|1771253491\n|switch|p2a: Gliscor|Gliscor, M|100/100\n|move|p1a: Hawlucha|Defog|p2a: Gliscor\n|-unboost|p2a: Gliscor|evasion|1\n|-sideend|p1: vote4biden|Stealth Rock|[from] move: Defog|[of] p1a: Hawlucha\n|\n|-status|p2a: Gliscor|tox|[from] item: Toxic Orb\n|upkeep\n|turn|5\n|\n|t:|1771253496\n|move|p1a: Hawlucha|U-turn|p2a: Gliscor\n|-resisted|p2a: Gliscor\n|-damage|p2a: Gliscor|95/100 tox\n|\n|t:|1771253501\n|switch|p1a: Alomomola|Alomomola, F|100/100|[from] U-turn\n|move|p2a: Gliscor|Spikes|p1a: Alomomola\n|-sidestart|p1: vote4biden|Spikes\n|\n|-heal|p2a: Gliscor|100/100 tox|[from] ability: Poison Heal\n|upkeep\n|turn|6\n|\n|t:|1771253506\n|move|p2a: Gliscor|Knock Off|p1a: Alomomola\n|-damage|p1a: Alomomola|86/100\n|-enditem|p1a: Alomomola|Assault Vest|[from] move: Knock Off|[of] p2a: Gliscor\n|move|p1a: Alomomola|Flip Turn|p2a: Gliscor\n|-supereffective|p2a: Gliscor\n|-damage|p2a: Gliscor|76/100 tox\n|\n|t:|1771253513\n|switch|p1a: Darkrai|Darkrai|100/100|[from] Flip Turn\n|-damage|p1a: Darkrai|88/100|[from] Spikes\n|\n|-heal|p2a: Gliscor|89/100 tox|[from] ability: Poison Heal\n|upkeep\n|turn|7\n|\n|t:|1771253518\n|-terastallize|p1a: Darkrai|Dark\n|move|p2a: Gliscor|Protect|p2a: Gliscor\n|-singleturn|p2a: Gliscor|Protect\n|move|p1a: Darkrai|Dark Pulse|p2a: Gliscor\n|-activate|p2a: Gliscor|move: Protect\n|\n|-heal|p2a: Gliscor|100/100 tox|[from] ability: Poison Heal\n|upkeep\n|turn|8\n|\n|t:|1771253533\n|move|p1a: Darkrai|Dark Pulse|p2a: Gliscor\n|-damage|p2a: Gliscor|26/100 tox\n|move|p2a: Gliscor|Knock Off|p1a: Darkrai\n|-resisted|p1a: Darkrai\n|-damage|p1a: Darkrai|73/100\n|-enditem|p1a: Darkrai|Choice Specs|[from] move: Knock Off|[of] p2a: Gliscor\n|\n|-heal|p2a: Gliscor|39/100 tox|[from] ability: Poison Heal\n|upkeep\n|turn|9\n|\n|t:|1771253540\n|move|p2a: Gliscor|Protect|p2a: Gliscor\n|-singleturn|p2a: Gliscor|Protect\n|move|p1a: Darkrai|Trick|p2a: Gliscor\n|-activate|p2a: Gliscor|move: Protect\n|\n|-heal|p2a: Gliscor|51/100 tox|[from] ability: Poison Heal\n|upkeep\n|turn|10\n|\n|t:|1771253550\n|switch|p2a: Ogerpon|Ogerpon-Wellspring, F|100/100\n|move|p1a: Darkrai|Dark Pulse|p2a: Ogerpon\n|-damage|p2a: Ogerpon|37/100\n|\n|upkeep\n|turn|11\n|\n|t:|1771253558\n|move|p1a: Darkrai|Dark Pulse|p2a: Ogerpon\n|-damage|p2a: Ogerpon|0 fnt\n|faint|p2a: Ogerpon\n|\n|upkeep\n|\n|t:|1771253564\n|switch|p2a: Dragonite|Dragonite, M|100/100\n|turn|12\n|\n|t:|1771253571\n|move|p1a: Darkrai|Ice Beam|p2a: Dragonite\n|-supereffective|p2a: Dragonite\n|-damage|p2a: Dragonite|45/100\n|move|p2a: Dragonite|Dragon Tail|p1a: Darkrai\n|-damage|p1a: Darkrai|23/100\n|drag|p1a: Ting-Lu|Ting-Lu|100/100\n|-damage|p1a: Ting-Lu|88/100|[from] Spikes\n|-ability|p1a: Ting-Lu|Vessel of Ruin\n|\n|upkeep\n|turn|13\n|\n|t:|1771253581\n|move|p2a: Dragonite|Roost|p2a: Dragonite\n|-heal|p2a: Dragonite|95/100\n|-singleturn|p2a: Dragonite|move: Roost\n|move|p1a: Ting-Lu|Throat Chop|p2a: Dragonite\n|-damage|p2a: Dragonite|36/100\n|-start|p2a: Dragonite|Throat Chop|[silent]\n|\n|upkeep\n|turn|14\n|\n|t:|1771253587\n|switch|p2a: Empoleon|Empoleon, M|84/100\n|move|p1a: Ting-Lu|Throat Chop|p2a: Empoleon\n|-damage|p2a: Empoleon|17/100\n|-start|p2a: Empoleon|Throat Chop|[silent]\n|\n|-heal|p2a: Empoleon|23/100|[from] item: Leftovers\n|upkeep\n|turn|15\n|\n|t:|1771253590\n|move|p2a: Empoleon|Stealth Rock|p1a: Ting-Lu\n|-sidestart|p1: vote4biden|move: Stealth Rock\n|move|p1a: Ting-Lu|Throat Chop|p2a: Empoleon\n|-damage|p2a: Empoleon|0 fnt\n|faint|p2a: Empoleon\n|\n|upkeep\n|\n|t:|1771253599\n|switch|p2a: Sinistcha|Sinistcha-Masterpiece|100/100\n|turn|16\n|inactive|vote4biden has 120 seconds left.\n|\n|t:|1771253632\n|switch|p1a: Alomomola|Alomomola, F|100/100\n|-damage|p1a: Alomomola|88/100|[from] Spikes\n|-damage|p1a: Alomomola|76/100|[from] Stealth Rock\n|move|p2a: Sinistcha|Calm Mind|p2a: Sinistcha\n|-boost|p2a: Sinistcha|spa|1\n|-boost|p2a: Sinistcha|spd|1\n|\n|upkeep\n|turn|17\n|inactive|vote4biden has 120 seconds left.\n|\n|t:|1771253645\n|move|p2a: Sinistcha|Matcha Gotcha|p1a: Alomomola\n|-supereffective|p1a: Alomomola\n|-damage|p1a: Alomomola|4/100\n|move|p1a: Alomomola|Flip Turn|p2a: Sinistcha\n|-resisted|p2a: Sinistcha\n|-damage|p2a: Sinistcha|95/100\n|inactive|vote4biden has 120 seconds left.\n|\n|t:|1771253653\n|switch|p1a: Hawlucha|Hawlucha, F|77/100|[from] Flip Turn\n|-damage|p1a: Hawlucha|65/100|[from] Stealth Rock\n|-ability|p1a: Hawlucha|Mold Breaker\n|\n|upkeep\n|turn|18\n|\n|t:|1771253660\n|move|p1a: Hawlucha|Defog|p2a: Sinistcha\n|-unboost|p2a: Sinistcha|evasion|1\n|-sideend|p1: vote4biden|Spikes|[from] move: Defog|[of] p1a: Hawlucha\n|-sideend|p1: vote4biden|Stealth Rock|[from] move: Defog|[of] p1a: Hawlucha\n|move|p2a: Sinistcha|Strength Sap|p1a: Hawlucha\n|-unboost|p1a: Hawlucha|atk|1\n|-heal|p2a: Sinistcha|100/100\n|\n|upkeep\n|turn|19\n|\n|t:|1771253663\n|move|p1a: Hawlucha|Encore|p2a: Sinistcha\n|-start|p2a: Sinistcha|Encore\n|move|p2a: Sinistcha|Strength Sap|p1a: Hawlucha\n|-unboost|p1a: Hawlucha|atk|1\n|\n|upkeep\n|turn|20\n|\n|t:|1771253667\n|switch|p2a: Gliscor|Gliscor, M|51/100 tox\n|move|p1a: Hawlucha|U-turn|p2a: Gliscor\n|-resisted|p2a: Gliscor\n|-damage|p2a: Gliscor|48/100 tox\n|\n|t:|1771253674\n|switch|p1a: Darkrai|Darkrai, tera:Dark|23/100|[from] U-turn\n|\n|-heal|p2a: Gliscor|60/100 tox|[from] ability: Poison Heal\n|upkeep\n|turn|21\n|\n|t:|1771253682\n|move|p2a: Gliscor|Protect|p2a: Gliscor\n|-singleturn|p2a: Gliscor|Protect\n|move|p1a: Darkrai|Ice Beam|p2a: Gliscor\n|-activate|p2a: Gliscor|move: Protect\n|\n|-heal|p2a: Gliscor|73/100 tox|[from] ability: Poison Heal\n|upkeep\n|turn|22\n|\n|t:|1771253686\n|switch|p2a: Darkrai|Darkrai|100/100\n|move|p1a: Darkrai|Ice Beam|p2a: Darkrai\n|-damage|p2a: Darkrai|67/100\n|\n|-heal|p2a: Darkrai|73/100|[from] item: Leftovers\n|upkeep\n|turn|23\n|\n|t:|1771253696\n|switch|p1a: Alomomola|Alomomola, F|37/100\n|move|p2a: Darkrai|Ice Beam|p1a: Alomomola\n|-resisted|p1a: Alomomola\n|-damage|p1a: Alomomola|28/100\n|-status|p1a: Alomomola|frz\n|\n|-heal|p2a: Darkrai|79/100|[from] item: Leftovers\n|upkeep\n|turn|24\n|\n|t:|1771253699\n|move|p2a: Darkrai|Nasty Plot|p2a: Darkrai\n|-boost|p2a: Darkrai|spa|2\n|cant|p1a: Alomomola|frz\n|\n|-heal|p2a: Darkrai|85/100|[from] item: Leftovers\n|upkeep\n|turn|25\n|\n|t:|1771253701\n|move|p2a: Darkrai|Dark Pulse|p1a: Alomomola\n|-damage|p1a: Alomomola|0 fnt\n|faint|p1a: Alomomola\n|\n|-heal|p2a: Darkrai|91/100|[from] item: Leftovers\n|upkeep\n|\n|t:|1771253717\n|switch|p1a: Ting-Lu|Ting-Lu|88/100\n|-ability|p1a: Ting-Lu|Vessel of Ruin\n|turn|26\n|\n|t:|1771253727\n|move|p2a: Darkrai|Will-O-Wisp|p1a: Ting-Lu\n|-status|p1a: Ting-Lu|brn\n|move|p1a: Ting-Lu|Heavy Slam|p2a: Darkrai\n|-damage|p2a: Darkrai|60/100\n|\n|-heal|p2a: Darkrai|66/100|[from] item: Leftovers\n|-damage|p1a: Ting-Lu|82/100 brn|[from] brn\n|upkeep\n|turn|27\n|\n|t:|1771253744\n|move|p2a: Darkrai|Ice Beam|p1a: Ting-Lu\n|-supereffective|p1a: Ting-Lu\n|-damage|p1a: Ting-Lu|18/100 brn\n|move|p1a: Ting-Lu|Heavy Slam|p2a: Darkrai\n|-damage|p2a: Darkrai|32/100\n|\n|-heal|p2a: Darkrai|39/100|[from] item: Leftovers\n|-damage|p1a: Ting-Lu|12/100 brn|[from] brn\n|upkeep\n|turn|28\n|\n|t:|1771253747\n|move|p2a: Darkrai|Ice Beam|p1a: Ting-Lu\n|-supereffective|p1a: Ting-Lu\n|-damage|p1a: Ting-Lu|0 fnt\n|faint|p1a: Ting-Lu\n|\n|-heal|p2a: Darkrai|45/100|[from] item: Leftovers\n|upkeep\n|\n|t:|1771253754\n|switch|p1a: Iron Valiant|Iron Valiant|100/100\n|turn|29\n|\n|t:|1771253759\n|move|p1a: Iron Valiant|Vacuum Wave|p2a: Darkrai\n|-supereffective|p2a: Darkrai\n|-damage|p2a: Darkrai|0 fnt\n|faint|p2a: Darkrai\n|\n|upkeep\n|\n|t:|1771253763\n|switch|p2a: Sinistcha|Sinistcha-Masterpiece|100/100\n|turn|30\n|\n|t:|1771253770\n|-end|p1a: Iron Valiant|Quark Drive|[silent]\n|switch|p1a: Darkrai|Darkrai, tera:Dark|23/100\n|move|p2a: Sinistcha|Calm Mind|p2a: Sinistcha\n|-boost|p2a: Sinistcha|spa|1\n|-boost|p2a: Sinistcha|spd|1\n|\n|upkeep\n|turn|31\n|\n|t:|1771253777\n|-terastallize|p2a: Sinistcha|Steel\n|move|p1a: Darkrai|Dark Pulse|p2a: Sinistcha\n|-damage|p2a: Sinistcha|53/100\n|move|p2a: Sinistcha|Calm Mind|p2a: Sinistcha\n|-boost|p2a: Sinistcha|spa|1\n|-boost|p2a: Sinistcha|spd|1\n|\n|upkeep\n|turn|32\n|\n|t:|1771253789\n|switch|p1a: Hawlucha|Hawlucha, F|65/100\n|-ability|p1a: Hawlucha|Mold Breaker\n|move|p2a: Sinistcha|Strength Sap|p1a: Hawlucha\n|-unboost|p1a: Hawlucha|atk|1\n|-heal|p2a: Sinistcha|100/100\n|\n|upkeep\n|turn|33\n|\n|t:|1771253796\n|switch|p2a: Gliscor|Gliscor, M|73/100 tox\n|move|p1a: Hawlucha|U-turn|p2a: Gliscor\n|-resisted|p2a: Gliscor\n|-damage|p2a: Gliscor|69/100 tox\n|\n|t:|1771253820\n|switch|p1a: Darkrai|Darkrai, tera:Dark|23/100|[from] U-turn\n|\n|-heal|p2a: Gliscor|81/100 tox|[from] ability: Poison Heal\n|upkeep\n|turn|34\n|\n|t:|1771253824\n|move|p2a: Gliscor|Protect|p2a: Gliscor\n|-singleturn|p2a: Gliscor|Protect\n|move|p1a: Darkrai|Ice Beam|p2a: Gliscor\n|-activate|p2a: Gliscor|move: Protect\n|\n|-heal|p2a: Gliscor|94/100 tox|[from] ability: Poison Heal\n|upkeep\n|turn|35\n|\n|t:|1771253830\n|move|p1a: Darkrai|Trick|p2a: Gliscor\n|-activate|p1a: Darkrai|move: Trick|[of] p2a: Gliscor\n|-enditem|p2a: Gliscor|Toxic Orb|[silent]|[from] move: Trick\n|-item|p1a: Darkrai|Toxic Orb|[from] move: Trick\n|move|p2a: Gliscor|Earthquake|p1a: Darkrai\n|-damage|p1a: Darkrai|0 fnt\n|faint|p1a: Darkrai\n|\n|-heal|p2a: Gliscor|100/100 tox|[from] ability: Poison Heal\n|upkeep\n|\n|t:|1771253843\n|switch|p1a: Hawlucha|Hawlucha, F|65/100\n|-ability|p1a: Hawlucha|Mold Breaker\n|turn|36\n|\n|t:|1771253852\n|move|p1a: Hawlucha|Roost|p1a: Hawlucha\n|-heal|p1a: Hawlucha|100/100\n|-singleturn|p1a: Hawlucha|move: Roost\n|move|p2a: Gliscor|Spikes|p1a: Hawlucha\n|-sidestart|p1: vote4biden|Spikes\n|\n|upkeep\n|turn|37\n|-message|vote4biden forfeited.\n|\n|win|beztgan\n|raw|vote4biden's rating: 1525 &rarr; <strong>1507</strong><br />(-18 for losing)\n|raw|beztgan's rating: 1553 &rarr; <strong>1571</strong><br />(+18 for winning)\n|l|☆vote4biden\n|player|p1|\n|l|☆beztgan\n|player|p2|\n", "uploadtime": 1771254085, "views": 4, "formatid": "gen9ou", "rating": 1507, "private": 0, "password": null}