{"id": "gen9ou-2639986235", "format": "[Gen 9] OU", "players": ["zxrkawa", "washed (real)"], "log": "|j|☆zxrkawa\n|j|☆washed (real)\n|t:|1782558568\n|gametype|singles\n|player|p1|zxrkawa|elesa|1541\n|player|p2|washed (real)|poppy|1514\n|gen|9\n|tier|[Gen 9] OU\n|rated|\n|rule|HP Percentage Mod: HP is shown in percentages\n|rule|Endless Battle Clause: Forcing endless battles is banned\n|rule|Species Clause: Limit one of each Pokémon\n|rule|OHKO Clause: OHKO moves are banned\n|rule|Evasion Items Clause: Evasion items are banned\n|rule|Evasion Moves Clause: Evasion moves are banned\n|rule|Evasion Abilities Clause: Evasion abilities are banned\n|rule|Sleep Moves Clause: Sleep-inducing moves are banned\n|clearpoke\n|poke|p1|Meowscarada, F|\n|poke|p1|Pecharunt|\n|poke|p1|Enamorus, F|\n|poke|p1|Iron Treads|\n|poke|p1|Skarmory, M|\n|poke|p1|Slowking, M|\n|poke|p2|Hatterene, F|\n|poke|p2|Great Tusk|\n|poke|p2|Tornadus-Therian, M|\n|poke|p2|Kyurem|\n|poke|p2|Slowking-Galar, F|\n|poke|p2|Kingambit, M|\n|teampreview\n|inactive|Battle timer is ON: inactive players will automatically lose when time's up. (requested by zxrkawa)\n|inactive|washed (real) has 120 seconds left.\n|\n|t:|1782558599\n|teamsize|p1|6\n|teamsize|p2|6\n|start\n|switch|p1a: Meowscarada|Meowscarada, F|100/100\n|switch|p2a: Kyurem|Kyurem|100/100\n|-ability|p2a: Kyurem|Pressure\n|turn|1\n|\n|t:|1782558605\n|move|p1a: Meowscarada|U-turn|p2a: Kyurem\n|-start|p1a: Meowscarada|typechange|Bug|[from] ability: Protean\n|-damage|p2a: Kyurem|53/100\n|\n|t:|1782558614\n|switch|p1a: Slowking|Slowking, M|100/100|[from] U-turn\n|move|p2a: Kyurem|Freeze-Dry|p1a: Slowking\n|-supereffective|p1a: Slowking\n|-damage|p1a: Slowking|53/100\n|\n|upkeep\n|turn|2\n|\n|t:|1782558630\n|move|p2a: Kyurem|Freeze-Dry|p1a: Slowking\n|-supereffective|p1a: Slowking\n|-damage|p1a: Slowking|4/100\n|move|p1a: Slowking|Psyshock|p2a: Kyurem\n|-damage|p2a: Kyurem|22/100\n|\n|upkeep\n|turn|3\n|\n|t:|1782558636\n|switch|p1a: Iron Treads|Iron Treads|100/100\n|move|p2a: Kyurem|Freeze-Dry|p1a: Iron Treads\n|-damage|p1a: Iron Treads|54/100\n|-status|p1a: Iron Treads|frz\n|\n|-heal|p1a: Iron Treads|60/100 frz|[from] item: Leftovers\n|upkeep\n|turn|4\n|\n|t:|1782558647\n|switch|p2a: Great Tusk|Great Tusk|100/100\n|cant|p1a: Iron Treads|frz\n|\n|-heal|p1a: Iron Treads|66/100 frz|[from] item: Leftovers\n|upkeep\n|turn|5\n|\n|t:|1782558656\n|-end|p1a: Iron Treads|Quark Drive|[silent]\n|switch|p1a: Skarmory|Skarmory, M|100/100\n|move|p2a: Great Tusk|Stealth Rock|p1a: Skarmory\n|-sidestart|p1: zxrkawa|move: Stealth Rock\n|\n|upkeep\n|turn|6\n|\n|t:|1782558662\n|-end|p2a: Great Tusk|Protosynthesis|[silent]\n|switch|p2a: Hatterene|Hatterene, F|100/100\n|move|p1a: Skarmory|Spikes|p2a: Hatterene\n|move|p2a: Hatterene|Spikes|p1a: Skarmory|[from] ability: Magic Bounce\n|-sidestart|p1: zxrkawa|Spikes\n|\n|upkeep\n|turn|7\n|\n|t:|1782558677\n|switch|p1a: Slowking|Slowking, M|38/100\n|-damage|p1a: Slowking|25/100|[from] Stealth Rock\n|-damage|p1a: Slowking|13/100|[from] Spikes\n|switch|p2a: Great Tusk|Great Tusk|100/100\n|\n|upkeep\n|turn|8\n|\n|t:|1782558685\n|switch|p1a: Skarmory|Skarmory, M|100/100\n|-damage|p1a: Skarmory|88/100|[from] Stealth Rock\n|move|p2a: Great Tusk|Headlong Rush|p1a: Skarmory\n|-immune|p1a: Skarmory\n|\n|upkeep\n|turn|9\n|\n|t:|1782558691\n|-end|p2a: Great Tusk|Protosynthesis|[silent]\n|switch|p2a: Tornadus|Tornadus-Therian, M|100/100\n|move|p1a: Skarmory|Body Press|p2a: Tornadus\n|-resisted|p2a: Tornadus\n|-damage|p2a: Tornadus|84/100\n|\n|upkeep\n|turn|10\n|\n|t:|1782558698\n|switch|p1a: Slowking|Slowking, M|46/100\n|-damage|p1a: Slowking|34/100|[from] Stealth Rock\n|-damage|p1a: Slowking|21/100|[from] Spikes\n|move|p2a: Tornadus|U-turn|p1a: Slowking\n|-supereffective|p1a: Slowking\n|-damage|p1a: Slowking|0 fnt\n|faint|p1a: Slowking\n|\n|t:|1782558710\n|switch|p2a: Hatterene|Hatterene, F|100/100|[from] U-turn\n|\n|upkeep\n|\n|t:|1782558713\n|switch|p1a: Iron Treads|Iron Treads|66/100 frz\n|-damage|p1a: Iron Treads|63/100 frz|[from] Stealth Rock\n|-damage|p1a: Iron Treads|50/100 frz|[from] Spikes\n|turn|11\n|\n|t:|1782558716\n|switch|p2a: Great Tusk|Great Tusk|100/100\n|cant|p1a: Iron Treads|frz\n|\n|-heal|p1a: Iron Treads|56/100 frz|[from] item: Leftovers\n|upkeep\n|turn|12\n|\n|t:|1782558724\n|-end|p2a: Great Tusk|Protosynthesis|[silent]\n|switch|p2a: Tornadus|Tornadus-Therian, M|100/100\n|-end|p1a: Iron Treads|Quark Drive|[silent]\n|switch|p1a: Pecharunt|Pecharunt|100/100\n|-damage|p1a: Pecharunt|88/100|[from] Stealth Rock\n|-damage|p1a: Pecharunt|76/100|[from] Spikes\n|\n|upkeep\n|turn|13\n|\n|t:|1782558729\n|move|p2a: Tornadus|Knock Off|p1a: Pecharunt\n|-supereffective|p1a: Pecharunt\n|-damage|p1a: Pecharunt|58/100\n|-damage|p2a: Tornadus|84/100|[from] item: Rocky Helmet|[of] p1a: Pecharunt\n|-enditem|p1a: Pecharunt|Rocky Helmet|[from] move: Knock Off|[of] p2a: Tornadus\n|move|p1a: Pecharunt|Malignant Chain|p2a: Tornadus\n|-damage|p2a: Tornadus|62/100\n|\n|upkeep\n|turn|14\n|\n|t:|1782558740\n|move|p2a: Tornadus|U-turn|p1a: Pecharunt\n|-resisted|p1a: Pecharunt\n|-damage|p1a: Pecharunt|56/100\n|\n|t:|1782558745\n|switch|p2a: Great Tusk|Great Tusk|100/100|[from] U-turn\n|move|p1a: Pecharunt|Recover|p1a: Pecharunt\n|-heal|p1a: Pecharunt|100/100\n|\n|upkeep\n|turn|15\n|\n|t:|1782558751\n|-end|p2a: Great Tusk|Protosynthesis|[silent]\n|switch|p2a: Slowking|Slowking-Galar, F|100/100\n|move|p1a: Pecharunt|Parting Shot|p2a: Slowking\n|-unboost|p2a: Slowking|atk|1\n|-unboost|p2a: Slowking|spa|1\n|\n|t:|1782558755\n|switch|p1a: Iron Treads|Iron Treads|56/100 frz|[from] Parting Shot\n|-damage|p1a: Iron Treads|54/100 frz|[from] Stealth Rock\n|-damage|p1a: Iron Treads|41/100 frz|[from] Spikes\n|\n|-heal|p1a: Iron Treads|47/100 frz|[from] item: Leftovers\n|upkeep\n|turn|16\n|\n|t:|1782558759\n|cant|p1a: Iron Treads|frz\n|-prepare|p2a: Slowking|Chilly Reception|[premajor]\n|move|p2a: Slowking|Chilly Reception|p2a: Slowking\n|-weather|Snowscape\n|\n|t:|1782558763\n|switch|p2a: Great Tusk|Great Tusk|100/100|[from] Chilly Reception\n|\n|-weather|Snowscape|[upkeep]\n|-heal|p1a: Iron Treads|53/100 frz|[from] item: Leftovers\n|upkeep\n|turn|17\n|\n|t:|1782558769\n|-end|p1a: Iron Treads|Quark Drive|[silent]\n|switch|p1a: Enamorus|Enamorus, F|100/100\n|-damage|p1a: Enamorus|76/100|[from] Stealth Rock\n|move|p2a: Great Tusk|Headlong Rush|p1a: Enamorus\n|-immune|p1a: Enamorus\n|\n|-weather|Snowscape|[upkeep]\n|upkeep\n|turn|18\n|\n|t:|1782558780\n|switch|p1a: Iron Treads|Iron Treads|53/100 frz\n|-damage|p1a: Iron Treads|50/100 frz|[from] Stealth Rock\n|-damage|p1a: Iron Treads|38/100 frz|[from] Spikes\n|-end|p2a: Great Tusk|Protosynthesis|[silent]\n|switch|p2a: Tornadus|Tornadus-Therian, M|95/100\n|\n|-weather|Snowscape|[upkeep]\n|-heal|p1a: Iron Treads|44/100 frz|[from] item: Leftovers\n|upkeep\n|turn|19\n|\n|t:|1782558784\n|move|p2a: Tornadus|Heat Wave|p1a: Iron Treads|[miss]\n|-miss|p2a: Tornadus|p1a: Iron Treads\n|cant|p1a: Iron Treads|frz\n|\n|-weather|Snowscape|[upkeep]\n|-heal|p1a: Iron Treads|50/100 frz|[from] item: Leftovers\n|upkeep\n|turn|20\n|\n|t:|1782558798\n|-end|p1a: Iron Treads|Quark Drive|[silent]\n|switch|p1a: Pecharunt|Pecharunt|100/100\n|-damage|p1a: Pecharunt|88/100|[from] Stealth Rock\n|-damage|p1a: Pecharunt|76/100|[from] Spikes\n|move|p2a: Tornadus|Heat Wave|p1a: Pecharunt\n|-crit|p1a: Pecharunt\n|-damage|p1a: Pecharunt|40/100\n|\n|-weather|none\n|upkeep\n|turn|21\n|\n|t:|1782558806\n|move|p2a: Tornadus|Bleakwind Storm|p1a: Pecharunt|[miss]\n|-miss|p2a: Tornadus|p1a: Pecharunt\n|move|p1a: Pecharunt|Recover|p1a: Pecharunt\n|-heal|p1a: Pecharunt|90/100\n|\n|upkeep\n|turn|22\n|\n|t:|1782558813\n|move|p2a: Tornadus|U-turn|p1a: Pecharunt\n|-resisted|p1a: Pecharunt\n|-damage|p1a: Pecharunt|88/100\n|\n|t:|1782558819\n|switch|p2a: Hatterene|Hatterene, F|100/100|[from] U-turn\n|move|p1a: Pecharunt|Malignant Chain|p2a: Hatterene\n|-supereffective|p2a: Hatterene\n|-damage|p2a: Hatterene|38/100\n|\n|upkeep\n|turn|23\n|\n|t:|1782558828\n|switch|p2a: Slowking|Slowking-Galar, F|100/100\n|move|p1a: Pecharunt|Parting Shot|p2a: Slowking\n|-unboost|p2a: Slowking|atk|1\n|-unboost|p2a: Slowking|spa|1\n|\n|t:|1782558832\n|switch|p1a: Iron Treads|Iron Treads|50/100 frz|[from] Parting Shot\n|-damage|p1a: Iron Treads|47/100 frz|[from] Stealth Rock\n|-damage|p1a: Iron Treads|35/100 frz|[from] Spikes\n|\n|-heal|p1a: Iron Treads|41/100 frz|[from] item: Leftovers\n|upkeep\n|turn|24\n|\n|t:|1782558836\n|-curestatus|p1a: Iron Treads|frz|[msg]\n|move|p1a: Iron Treads|Rapid Spin|p2a: Slowking\n|-damage|p2a: Slowking|91/100\n|-boost|p1a: Iron Treads|spe|1\n|-sideend|p1: zxrkawa|Spikes|[from] move: Rapid Spin|[of] p1a: Iron Treads\n|-sideend|p1: zxrkawa|Stealth Rock|[from] move: Rapid Spin|[of] p1a: Iron Treads\n|-prepare|p2a: Slowking|Chilly Reception|[premajor]\n|move|p2a: Slowking|Chilly Reception|p2a: Slowking\n|-weather|Snowscape\n|\n|t:|1782558843\n|switch|p2a: Great Tusk|Great Tusk|100/100|[from] Chilly Reception\n|\n|-weather|Snowscape|[upkeep]\n|-heal|p1a: Iron Treads|47/100|[from] item: Leftovers\n|upkeep\n|turn|25\n|\n|t:|1782558854\n|-end|p1a: Iron Treads|Quark Drive|[silent]\n|switch|p1a: Enamorus|Enamorus, F|76/100\n|move|p2a: Great Tusk|Stealth Rock|p1a: Enamorus\n|-sidestart|p1: zxrkawa|move: Stealth Rock\n|\n|-weather|Snowscape|[upkeep]\n|upkeep\n|turn|26\n|\n|t:|1782558862\n|-end|p2a: Great Tusk|Protosynthesis|[silent]\n|switch|p2a: Slowking|Slowking-Galar, F|100/100\n|move|p1a: Enamorus|Earth Power|p2a: Slowking\n|-supereffective|p2a: Slowking\n|-damage|p2a: Slowking|47/100\n|\n|-weather|Snowscape|[upkeep]\n|-heal|p2a: Slowking|53/100|[from] item: Black Sludge\n|upkeep\n|turn|27\n|\n|t:|1782558871\n|switch|p1a: Meowscarada|Meowscarada, F|100/100\n|-damage|p1a: Meowscarada|88/100|[from] Stealth Rock\n|switch|p2a: Tornadus|Tornadus-Therian, M|100/100\n|\n|-weather|Snowscape|[upkeep]\n|upkeep\n|turn|28\n|\n|t:|1782558876\n|switch|p2a: Hatterene|Hatterene, F|38/100\n|move|p1a: Meowscarada|Triple Axel|p2a: Hatterene\n|-start|p1a: Meowscarada|typechange|Ice|[from] ability: Protean\n|-damage|p2a: Hatterene|27/100\n|-damage|p1a: Meowscarada|72/100|[from] item: Rocky Helmet|[of] p2a: Hatterene\n|-damage|p2a: Hatterene|4/100\n|-damage|p1a: Meowscarada|55/100|[from] item: Rocky Helmet|[of] p2a: Hatterene\n|-damage|p2a: Hatterene|0 fnt\n|-damage|p1a: Meowscarada|39/100|[from] item: Rocky Helmet|[of] p2a: Hatterene\n|faint|p2a: Hatterene\n|-hitcount|p2: Hatterene|3\n|\n|-weather|none\n|upkeep\n|\n|t:|1782558890\n|switch|p2a: Kingambit|Kingambit, M|100/100\n|-activate|p2a: Kingambit|ability: Supreme Overlord\n|-start|p2a: Kingambit|fallen1|[silent]\n|turn|29\n|\n|t:|1782558896\n|switch|p1a: Skarmory|Skarmory, M|88/100\n|-damage|p1a: Skarmory|76/100|[from] Stealth Rock\n|-end|p2a: Kingambit|fallen1|[silent]\n|switch|p2a: Kyurem|Kyurem|22/100\n|-ability|p2a: Kyurem|Pressure\n|\n|upkeep\n|turn|30\n|\n|t:|1782558906\n|switch|p2a: Tornadus|Tornadus-Therian, M|100/100\n|switch|p1a: Iron Treads|Iron Treads|47/100\n|-damage|p1a: Iron Treads|44/100|[from] Stealth Rock\n|\n|-heal|p1a: Iron Treads|50/100|[from] item: Leftovers\n|upkeep\n|turn|31\n|\n|t:|1782558910\n|move|p2a: Tornadus|Heat Wave|p1a: Iron Treads\n|-supereffective|p1a: Iron Treads\n|-damage|p1a: Iron Treads|10/100\n|move|p1a: Iron Treads|Rapid Spin|p2a: Tornadus\n|-damage|p2a: Tornadus|86/100\n|-boost|p1a: Iron Treads|spe|1\n|-sideend|p1: zxrkawa|Stealth Rock|[from] move: Rapid Spin|[of] p1a: Iron Treads\n|\n|-heal|p1a: Iron Treads|16/100|[from] item: Leftovers\n|upkeep\n|turn|32\n|\n|t:|1782558919\n|-end|p1a: Iron Treads|Quark Drive|[silent]\n|switch|p1a: Pecharunt|Pecharunt|88/100\n|move|p2a: Tornadus|Knock Off|p1a: Pecharunt\n|-supereffective|p1a: Pecharunt\n|-damage|p1a: Pecharunt|76/100\n|\n|upkeep\n|turn|33\n|\n|t:|1782558929\n|move|p2a: Tornadus|U-turn|p1a: Pecharunt\n|-resisted|p1a: Pecharunt\n|-damage|p1a: Pecharunt|74/100\n|\n|t:|1782558931\n|switch|p2a: Slowking|Slowking-Galar, F|87/100|[from] U-turn\n|move|p1a: Pecharunt|Parting Shot|p2a: Slowking\n|-unboost|p2a: Slowking|atk|1\n|-unboost|p2a: Slowking|spa|1\n|\n|t:|1782558938\n|switch|p1a: Iron Treads|Iron Treads|16/100|[from] Parting Shot\n|\n|-heal|p1a: Iron Treads|22/100|[from] item: Leftovers\n|-heal|p2a: Slowking|93/100|[from] item: Black Sludge\n|upkeep\n|turn|34\n|\n|t:|1782558942\n|switch|p2a: Tornadus|Tornadus-Therian, M|100/100\n|move|p1a: Iron Treads|Stealth Rock|p2a: Tornadus\n|-sidestart|p2: washed (real)|move: Stealth Rock\n|\n|-heal|p1a: Iron Treads|28/100|[from] item: Leftovers\n|upkeep\n|turn|35\n|\n|t:|1782558953\n|-end|p1a: Iron Treads|Quark Drive|[silent]\n|switch|p1a: Pecharunt|Pecharunt|74/100\n|move|p2a: Tornadus|Bleakwind Storm|p1a: Pecharunt\n|-damage|p1a: Pecharunt|40/100\n|\n|upkeep\n|turn|36\n|\n|t:|1782558963\n|move|p2a: Tornadus|U-turn|p1a: Pecharunt\n|-resisted|p1a: Pecharunt\n|-damage|p1a: Pecharunt|39/100\n|\n|t:|1782558966\n|switch|p2a: Slowking|Slowking-Galar, F|100/100|[from] U-turn\n|-damage|p2a: Slowking|88/100|[from] Stealth Rock\n|move|p1a: Pecharunt|Recover|p1a: Pecharunt\n|-heal|p1a: Pecharunt|89/100\n|\n|-heal|p2a: Slowking|94/100|[from] item: Black Sludge\n|upkeep\n|turn|37\n|\n|t:|1782558972\n|move|p1a: Pecharunt|Foul Play|p2a: Slowking\n|-supereffective|p2a: Slowking\n|-damage|p2a: Slowking|75/100\n|-prepare|p2a: Slowking|Chilly Reception|[premajor]\n|move|p2a: Slowking|Chilly Reception|p2a: Slowking\n|-weather|Snowscape\n|\n|t:|1782558982\n|switch|p2a: Kingambit|Kingambit, M|100/100|[from] Chilly Reception\n|-damage|p2a: Kingambit|94/100|[from] Stealth Rock\n|-activate|p2a: Kingambit|ability: Supreme Overlord\n|-start|p2a: Kingambit|fallen1|[silent]\n|\n|-weather|Snowscape|[upkeep]\n|-heal|p2a: Kingambit|100/100|[from] item: Leftovers\n|upkeep\n|turn|38\n|\n|t:|1782559004\n|-end|p2a: Kingambit|fallen1|[silent]\n|switch|p2a: Slowking|Slowking-Galar, F|100/100\n|-damage|p2a: Slowking|88/100|[from] Stealth Rock\n|move|p1a: Pecharunt|Parting Shot|p2a: Slowking\n|-unboost|p2a: Slowking|atk|1\n|-unboost|p2a: Slowking|spa|1\n|\n|t:|1782559010\n|switch|p1a: Iron Treads|Iron Treads|28/100|[from] Parting Shot\n|\n|-weather|Snowscape|[upkeep]\n|-heal|p1a: Iron Treads|34/100|[from] item: Leftovers\n|-heal|p2a: Slowking|94/100|[from] item: Black Sludge\n|upkeep\n|turn|39\n|\n|t:|1782559013\n|switch|p2a: Tornadus|Tornadus-Therian, M|100/100\n|-damage|p2a: Tornadus|76/100|[from] Stealth Rock\n|move|p1a: Iron Treads|Knock Off|p2a: Tornadus\n|-damage|p2a: Tornadus|45/100\n|-enditem|p2a: Tornadus|Assault Vest|[from] move: Knock Off|[of] p1a: Iron Treads\n|\n|-weather|Snowscape|[upkeep]\n|-heal|p1a: Iron Treads|40/100|[from] item: Leftovers\n|upkeep\n|turn|40\n|\n|t:|1782559040\n|-end|p1a: Iron Treads|Quark Drive|[silent]\n|switch|p1a: Pecharunt|Pecharunt|89/100\n|move|p2a: Tornadus|Heat Wave|p1a: Pecharunt\n|-damage|p1a: Pecharunt|66/100\n|\n|-weather|Snowscape|[upkeep]\n|upkeep\n|turn|41\n|\n|t:|1782559047\n|move|p2a: Tornadus|U-turn|p1a: Pecharunt\n|-resisted|p1a: Pecharunt\n|-damage|p1a: Pecharunt|65/100\n|\n|t:|1782559048\n|switch|p2a: Slowking|Slowking-Galar, F|100/100|[from] U-turn\n|-damage|p2a: Slowking|88/100|[from] Stealth Rock\n|move|p1a: Pecharunt|Parting Shot|p2a: Slowking\n|-unboost|p2a: Slowking|atk|1\n|-unboost|p2a: Slowking|spa|1\n|\n|t:|1782559053\n|switch|p1a: Meowscarada|Meowscarada, F|39/100|[from] Parting Shot\n|\n|-weather|none\n|-heal|p2a: Slowking|94/100|[from] item: Black Sludge\n|upkeep\n|turn|42\n|\n|t:|1782559060\n|switch|p2a: Kingambit|Kingambit, M|100/100\n|-damage|p2a: Kingambit|94/100|[from] Stealth Rock\n|-activate|p2a: Kingambit|ability: Supreme Overlord\n|-start|p2a: Kingambit|fallen1|[silent]\n|move|p1a: Meowscarada|U-turn|p2a: Kingambit\n|-start|p1a: Meowscarada|typechange|Bug|[from] ability: Protean\n|-damage|p2a: Kingambit|59/100\n|\n|t:|1782559066\n|switch|p1a: Skarmory|Skarmory, M|76/100|[from] U-turn\n|\n|-heal|p2a: Kingambit|65/100|[from] item: Leftovers\n|upkeep\n|turn|43\n|\n|t:|1782559078\n|-end|p2a: Kingambit|fallen1|[silent]\n|switch|p2a: Slowking|Slowking-Galar, F|100/100\n|-damage|p2a: Slowking|88/100|[from] Stealth Rock\n|move|p1a: Skarmory|Spikes|p2a: Slowking\n|-sidestart|p2: washed (real)|Spikes\n|\n|-heal|p2a: Slowking|94/100|[from] item: Black Sludge\n|upkeep\n|turn|44\n|\n|t:|1782559091\n|move|p1a: Skarmory|Spikes|p2a: Slowking\n|-sidestart|p2: washed (real)|Spikes\n|-prepare|p2a: Slowking|Chilly Reception|[premajor]\n|move|p2a: Slowking|Chilly Reception|p2a: Slowking\n|-weather|Snowscape\n|\n|t:|1782559094\n|switch|p2a: Tornadus|Tornadus-Therian, M|78/100|[from] Chilly Reception\n|-damage|p2a: Tornadus|53/100|[from] Stealth Rock\n|\n|-weather|Snowscape|[upkeep]\n|upkeep\n|turn|45\n|\n|t:|1782559101\n|switch|p1a: Pecharunt|Pecharunt|65/100\n|move|p2a: Tornadus|Bleakwind Storm|p1a: Pecharunt\n|-damage|p1a: Pecharunt|27/100\n|\n|-weather|Snowscape|[upkeep]\n|upkeep\n|turn|46\n|\n|t:|1782559112\n|switch|p1a: Enamorus|Enamorus, F|76/100\n|move|p2a: Tornadus|Heat Wave|p1a: Enamorus\n|-damage|p1a: Enamorus|42/100\n|\n|-weather|Snowscape|[upkeep]\n|upkeep\n|turn|47\n|\n|t:|1782559121\n|switch|p2a: Slowking|Slowking-Galar, F|100/100\n|-damage|p2a: Slowking|88/100|[from] Stealth Rock\n|-damage|p2a: Slowking|71/100|[from] Spikes\n|move|p1a: Enamorus|Moonblast|p2a: Slowking\n|-resisted|p2a: Slowking\n|-damage|p2a: Slowking|51/100\n|\n|-weather|Snowscape|[upkeep]\n|-heal|p2a: Slowking|57/100|[from] item: Black Sludge\n|upkeep\n|turn|48\n|\n|t:|1782559128\n|move|p1a: Enamorus|Moonblast|p2a: Slowking\n|-resisted|p2a: Slowking\n|-damage|p2a: Slowking|35/100\n|-prepare|p2a: Slowking|Chilly Reception|[premajor]\n|move|p2a: Slowking|Chilly Reception|p2a: Slowking\n|\n|t:|1782559143\n|switch|p2a: Tornadus|Tornadus-Therian, M|86/100|[from] Chilly Reception\n|-damage|p2a: Tornadus|61/100|[from] Stealth Rock\n|\n|-weather|none\n|upkeep\n|turn|49\n|inactive|zxrkawa has 120 seconds left.\n|\n|t:|1782559196\n|-terastallize|p1a: Enamorus|Fairy\n|move|p1a: Enamorus|Moonblast|p2a: Tornadus\n|-damage|p2a: Tornadus|0 fnt\n|faint|p2a: Tornadus\n|\n|upkeep\n|\n|t:|1782559201\n|switch|p2a: Slowking|Slowking-Galar, F|68/100\n|-damage|p2a: Slowking|56/100|[from] Stealth Rock\n|-damage|p2a: Slowking|39/100|[from] Spikes\n|turn|50\n|\n|t:|1782559206\n|switch|p1a: Iron Treads|Iron Treads|40/100\n|-prepare|p2a: Slowking|Chilly Reception|[premajor]\n|move|p2a: Slowking|Chilly Reception|p2a: Slowking\n|-weather|Snowscape\n|\n|t:|1782559211\n|switch|p2a: Great Tusk|Great Tusk|100/100|[from] Chilly Reception\n|-damage|p2a: Great Tusk|98/100|[from] Stealth Rock\n|-damage|p2a: Great Tusk|81/100|[from] Spikes\n|\n|-weather|Snowscape|[upkeep]\n|-heal|p1a: Iron Treads|46/100|[from] item: Leftovers\n|upkeep\n|turn|51\n|inactive|zxrkawa has 120 seconds left.\n|\n|t:|1782559221\n|-end|p1a: Iron Treads|Quark Drive|[silent]\n|switch|p1a: Pecharunt|Pecharunt|27/100\n|move|p2a: Great Tusk|Rapid Spin|p1a: Pecharunt\n|-immune|p1a: Pecharunt\n|\n|-weather|Snowscape|[upkeep]\n|upkeep\n|turn|52\n|inactive|zxrkawa has 120 seconds left.\n|\n|t:|1782559236\n|switch|p1a: Enamorus|Enamorus, F, tera:Fairy|42/100\n|move|p2a: Great Tusk|Ice Spinner|p1a: Enamorus\n|-damage|p1a: Enamorus|0 fnt\n|faint|p1a: Enamorus\n|\n|-weather|Snowscape|[upkeep]\n|upkeep\n|\n|t:|1782559240\n|switch|p1a: Meowscarada|Meowscarada, F|39/100\n|turn|53\n|\n|t:|1782559247\n|-terastallize|p2a: Great Tusk|Steel\n|move|p1a: Meowscarada|Triple Axel|p2a: Great Tusk\n|-start|p1a: Meowscarada|typechange|Ice|[from] ability: Protean\n|-resisted|p2a: Great Tusk\n|-damage|p2a: Great Tusk|76/100\n|-damage|p1a: Meowscarada|23/100|[from] item: Rocky Helmet|[of] p2a: Great Tusk\n|-resisted|p2a: Great Tusk\n|-damage|p2a: Great Tusk|66/100\n|-damage|p1a: Meowscarada|6/100|[from] item: Rocky Helmet|[of] p2a: Great Tusk\n|-resisted|p2a: Great Tusk\n|-damage|p2a: Great Tusk|51/100\n|-damage|p1a: Meowscarada|0 fnt|[from] item: Rocky Helmet|[of] p2a: Great Tusk\n|faint|p1a: Meowscarada\n|-hitcount|p2a: Great Tusk|3\n|move|p2a: Great Tusk|Rapid Spin|p1: Meowscarada|[notarget]\n|-fail|p2a: Great Tusk\n|\n|-weather|Snowscape|[upkeep]\n|upkeep\n|inactive|zxrkawa has 120 seconds left.\n|\n|t:|1782559267\n|switch|p1a: Skarmory|Skarmory, M|76/100\n|turn|54\n|\n|t:|1782559275\n|-end|p2a: Great Tusk|Protosynthesis|[silent]\n|switch|p2a: Slowking|Slowking-Galar, F|73/100\n|-damage|p2a: Slowking|60/100|[from] Stealth Rock\n|-damage|p2a: Slowking|44/100|[from] Spikes\n|move|p1a: Skarmory|Body Press|p2a: Slowking\n|-resisted|p2a: Slowking\n|-damage|p2a: Slowking|38/100\n|\n|-weather|none\n|-heal|p2a: Slowking|45/100|[from] item: Black Sludge\n|upkeep\n|turn|55\n|inactive|zxrkawa has 120 seconds left.\n|\n|t:|1782559286\n|move|p1a: Skarmory|Spikes|p2a: Slowking\n|-sidestart|p2: washed (real)|Spikes\n|-prepare|p2a: Slowking|Chilly Reception|[premajor]\n|move|p2a: Slowking|Chilly Reception|p2a: Slowking\n|-weather|Snowscape\n|\n|t:|1782559290\n|switch|p2a: Great Tusk|Great Tusk, tera:Steel|51/100|[from] Chilly Reception\n|-damage|p2a: Great Tusk|45/100|[from] Stealth Rock\n|-damage|p2a: Great Tusk|20/100|[from] Spikes\n|\n|-weather|Snowscape|[upkeep]\n|upkeep\n|turn|56\n|inactive|zxrkawa has 120 seconds left.\n|\n|t:|1782559301\n|move|p2a: Great Tusk|Rapid Spin|p1a: Skarmory\n|-resisted|p1a: Skarmory\n|-damage|p1a: Skarmory|70/100\n|-boost|p2a: Great Tusk|spe|1\n|-sideend|p2: washed (real)|Spikes|[from] move: Rapid Spin|[of] p2a: Great Tusk\n|-sideend|p2: washed (real)|Stealth Rock|[from] move: Rapid Spin|[of] p2a: Great Tusk\n|move|p1a: Skarmory|Body Press|p2a: Great Tusk\n|-supereffective|p2a: Great Tusk\n|-damage|p2a: Great Tusk|0 fnt\n|-damage|p1a: Skarmory|54/100|[from] item: Rocky Helmet|[of] p2a: Great Tusk\n|faint|p2a: Great Tusk\n|-end|p2a: Great Tusk|Protosynthesis|[silent]\n|\n|-weather|Snowscape|[upkeep]\n|upkeep\n|\n|t:|1782559309\n|switch|p2a: Kyurem|Kyurem|22/100\n|-ability|p2a: Kyurem|Pressure\n|turn|57\n|\n|t:|1782559319\n|switch|p1a: Pecharunt|Pecharunt|27/100\n|move|p2a: Kyurem|Blizzard|p1a: Pecharunt\n|-damage|p1a: Pecharunt|0 fnt\n|faint|p1a: Pecharunt\n|\n|-weather|Snowscape|[upkeep]\n|upkeep\n|\n|t:|1782559322\n|switch|p1a: Iron Treads|Iron Treads|46/100\n|turn|58\n|\n|t:|1782559326\n|move|p2a: Kyurem|Blizzard|p1a: Iron Treads\n|-damage|p1a: Iron Treads|0 fnt\n|faint|p1a: Iron Treads\n|-end|p1a: Iron Treads|Quark Drive|[silent]\n|\n|-weather|Snowscape|[upkeep]\n|upkeep\n|\n|t:|1782559332\n|switch|p1a: Skarmory|Skarmory, M|54/100\n|turn|59\n|c|☆zxrkawa|gg\n|c|☆washed (real)|gg\n|\n|t:|1782559337\n|move|p2a: Kyurem|Blizzard|p1a: Skarmory\n|-damage|p1a: Skarmory|0 fnt\n|faint|p1a: Skarmory\n|\n|win|washed (real)\n|raw|zxrkawa's rating: 1541 &rarr; <strong>1519</strong><br />(-22 for losing)\n|raw|washed (real)'s rating: 1514 &rarr; <strong>1536</strong><br />(+22 for winning)\n|c|☆zxrkawa|that freeze screwed me fot the whole game\n|c|☆washed (real)|yea mb\n|l|☆washed (real)\n|player|p2|\n|l|☆zxrkawa\n|player|p1|\n", "uploadtime": 1782559576, "views": 6, "formatid": "gen9ou", "rating": 1519, "private": 0, "password": null}