{"id": "gen9ou-2540696630", "format": "[Gen 9] OU", "players": ["Eeveegamer758", "Magenta Maylene"], "log": "|j|☆Eeveegamer758\n|j|☆Magenta Maylene\n|t:|1771241852\n|gametype|singles\n|player|p1|Eeveegamer758|102|1539\n|player|p2|Magenta Maylene|maylene|1497\n|gen|9\n|tier|[Gen 9] OU\n|rated|\n|rule|HP Percentage Mod: HP is shown in percentages\n|rule|Endless Battle Clause: Forcing endless battles is banned\n|rule|Species Clause: Limit one of each Pokémon\n|rule|OHKO Clause: OHKO moves are banned\n|rule|Evasion Items Clause: Evasion items are banned\n|rule|Evasion Moves Clause: Evasion moves are banned\n|rule|Evasion Abilities Clause: Evasion abilities are banned\n|rule|Sleep Moves Clause: Sleep-inducing moves are banned\n|clearpoke\n|poke|p1|Samurott-Hisui, F|\n|poke|p1|Iron Valiant|\n|poke|p1|Gholdengo|\n|poke|p1|Kingambit, F|\n|poke|p1|Great Tusk|\n|poke|p1|Dragapult, F|\n|poke|p2|Clodsire, M|\n|poke|p2|Maushold-Four|\n|poke|p2|Abomasnow, M|\n|poke|p2|Gholdengo|\n|poke|p2|Moltres|\n|poke|p2|Scizor, F|\n|teampreview\n|inactive|Battle timer is ON: inactive players will automatically lose when time's up. (requested by Magenta Maylene)\n|c|☆Eeveegamer758|W team\n|c|☆Eeveegamer758|hf\n|inactive|Eeveegamer758 has 120 seconds left.\n|\n|t:|1771241887\n|teamsize|p1|6\n|teamsize|p2|6\n|start\n|switch|p1a: The goat|Dragapult, F|100/100\n|switch|p2a: Red Comet|Scizor, F|100/100\n|turn|1\n|\n|t:|1771241891\n|move|p2a: Red Comet|Bullet Punch|p1a: The goat\n|-damage|p1a: The goat|26/100\n|move|p1a: The goat|U-turn|p2a: Red Comet\n|-resisted|p2a: Red Comet\n|-damage|p2a: Red Comet|76/100\n|\n|t:|1771241901\n|switch|p1a: 90% acc|Samurott-Hisui, F|100/100|[from] U-turn\n|\n|upkeep\n|turn|2\n|\n|t:|1771241905\n|switch|p2a: Big Sushi Enjoyer|Abomasnow, M|100/100\n|-weather|Snowscape|[from] ability: Snow Warning|[of] p2a: Big Sushi Enjoyer\n|move|p1a: 90% acc|Ceaseless Edge|p2a: Big Sushi Enjoyer\n|-damage|p2a: Big Sushi Enjoyer|69/100\n|-sidestart|p2: Magenta Maylene|Spikes\n|\n|-weather|Snowscape|[upkeep]\n|upkeep\n|turn|3\n|\n|t:|1771241913\n|move|p1a: 90% acc|Ceaseless Edge|p2a: Big Sushi Enjoyer\n|-damage|p2a: Big Sushi Enjoyer|34/100\n|-sidestart|p2: Magenta Maylene|Spikes\n|move|p2a: Big Sushi Enjoyer|Leaf Storm|p1a: 90% acc\n|-supereffective|p1a: 90% acc\n|-damage|p1a: 90% acc|0 fnt\n|-unboost|p2a: Big Sushi Enjoyer|spa|2\n|faint|p1a: 90% acc\n|\n|-weather|Snowscape|[upkeep]\n|upkeep\n|\n|t:|1771241926\n|switch|p1a: The goat|Dragapult, F|26/100\n|turn|4\n|\n|t:|1771241932\n|move|p1a: The goat|U-turn|p2a: Big Sushi Enjoyer\n|-supereffective|p2a: Big Sushi Enjoyer\n|-damage|p2a: Big Sushi Enjoyer|0 fnt\n|faint|p2a: Big Sushi Enjoyer\n|\n|t:|1771241960\n|switch|p1a: Bolt counter|Great Tusk|100/100|[from] U-turn\n|\n|-weather|Snowscape|[upkeep]\n|upkeep\n|\n|t:|1771241965\n|switch|p2a: Lava Chicken|Moltres|100/100\n|turn|5\n|\n|t:|1771241984\n|move|p1a: Bolt counter|Stealth Rock|p2a: Lava Chicken\n|-sidestart|p2: Magenta Maylene|move: Stealth Rock\n|move|p2a: Lava Chicken|Flamethrower|p1a: Bolt counter\n|-damage|p1a: Bolt counter|52/100\n|\n|-weather|Snowscape|[upkeep]\n|upkeep\n|turn|6\n|\n|t:|1771241995\n|move|p1a: Bolt counter|Knock Off|p2a: Lava Chicken\n|-damage|p2a: Lava Chicken|80/100\n|-status|p1a: Bolt counter|brn|[from] ability: Flame Body|[of] p2a: Lava Chicken\n|-enditem|p2a: Lava Chicken|Heavy-Duty Boots|[from] move: Knock Off|[of] p1a: Bolt counter\n|move|p2a: Lava Chicken|Flamethrower|p1a: Bolt counter\n|-damage|p1a: Bolt counter|1/100 brn\n|\n|-weather|none\n|-damage|p1a: Bolt counter|0 fnt|[from] brn\n|faint|p1a: Bolt counter\n|-end|p1a: Bolt counter|Protosynthesis|[silent]\n|upkeep\n|\n|t:|1771242013\n|switch|p1a: The goat|Dragapult, F|26/100\n|turn|7\n|\n|t:|1771242023\n|move|p1a: The goat|Dragon Darts|p2a: Lava Chicken\n|-damage|p2a: Lava Chicken|54/100\n|-anim|p1a: The goat|Dragon Darts|p2a: Lava Chicken\n|-damage|p2a: Lava Chicken|27/100\n|move|p2a: Lava Chicken|Flamethrower|p1a: The goat\n|-resisted|p1a: The goat\n|-damage|p1a: The goat|0 fnt\n|faint|p1a: The goat\n|\n|upkeep\n|\n|t:|1771242036\n|switch|p1a: I hate g weezing|Gholdengo|100/100\n|-item|p1a: I hate g weezing|Air Balloon\n|turn|8\n|inactive|Magenta Maylene has 120 seconds left.\n|inactive|Magenta Maylene has 90 seconds left.\n|\n|t:|1771242105\n|switch|p2a: The Boy|Clodsire, M|100/100\n|-damage|p2a: The Boy|84/100|[from] Spikes\n|-damage|p2a: The Boy|78/100|[from] Stealth Rock\n|move|p1a: I hate g weezing|Shadow Ball|p2a: The Boy\n|-damage|p2a: The Boy|54/100\n|\n|-heal|p2a: The Boy|61/100|[from] item: Leftovers\n|upkeep\n|turn|9\n|\n|t:|1771242114\n|move|p1a: I hate g weezing|Make It Rain|p2a: The Boy\n|-damage|p2a: The Boy|23/100\n|-unboost|p1a: I hate g weezing|spa|1\n|move|p2a: The Boy|Rock Tomb|p1a: I hate g weezing\n|-resisted|p1a: I hate g weezing\n|-damage|p1a: I hate g weezing|96/100\n|-unboost|p1a: I hate g weezing|spe|1\n|-enditem|p1a: I hate g weezing|Air Balloon\n|\n|-heal|p2a: The Boy|29/100|[from] item: Leftovers\n|upkeep\n|turn|10\n|\n|t:|1771242126\n|switch|p2a: Mister 1000|Gholdengo|100/100\n|-damage|p2a: Mister 1000|84/100|[from] Spikes\n|-damage|p2a: Mister 1000|78/100|[from] Stealth Rock\n|move|p1a: I hate g weezing|Make It Rain|p2a: Mister 1000\n|-resisted|p2a: Mister 1000\n|-damage|p2a: Mister 1000|50/100\n|-unboost|p1a: I hate g weezing|spa|1\n|\n|upkeep\n|turn|11\n|\n|t:|1771242145\n|switch|p1a: I hate zama|Kingambit, F|100/100\n|-activate|p1a: I hate zama|ability: Supreme Overlord\n|-start|p1a: I hate zama|fallen3|[silent]\n|move|p2a: Mister 1000|Shadow Ball|p1a: I hate zama\n|-resisted|p1a: I hate zama\n|-damage|p1a: I hate zama|78/100\n|\n|-heal|p1a: I hate zama|84/100|[from] item: Leftovers\n|upkeep\n|turn|12\n|\n|t:|1771242156\n|switch|p2a: The Boy|Clodsire, M|29/100\n|-damage|p2a: The Boy|12/100|[from] Spikes\n|-damage|p2a: The Boy|6/100|[from] Stealth Rock\n|move|p1a: I hate zama|Kowtow Cleave|p2a: The Boy\n|-damage|p2a: The Boy|0 fnt\n|faint|p2a: The Boy\n|\n|-heal|p1a: I hate zama|91/100|[from] item: Leftovers\n|upkeep\n|\n|t:|1771242162\n|switch|p2a: Maus x Family|Maushold-Four|100/100\n|-damage|p2a: Maus x Family|84/100|[from] Spikes\n|-damage|p2a: Maus x Family|71/100|[from] Stealth Rock\n|turn|13\n|\n|t:|1771242180\n|move|p2a: Maus x Family|Tidy Up|p2a: Maus x Family\n|-sideend|p2: Magenta Maylene|Spikes\n|-sideend|p2: Magenta Maylene|Stealth Rock\n|-activate|p2a: Maus x Family|move: Tidy Up\n|-boost|p2a: Maus x Family|atk|1\n|-boost|p2a: Maus x Family|spe|1\n|move|p1a: I hate zama|Swords Dance|p1a: I hate zama\n|-boost|p1a: I hate zama|atk|2\n|\n|-heal|p1a: I hate zama|97/100|[from] item: Leftovers\n|upkeep\n|turn|14\n|\n|t:|1771242184\n|move|p1a: I hate zama|Sucker Punch||[still]\n|-fail|p1a: I hate zama\n|move|p2a: Maus x Family|Encore|p1a: I hate zama\n|-start|p1a: I hate zama|Encore\n|\n|-heal|p1a: I hate zama|100/100|[from] item: Leftovers\n|upkeep\n|turn|15\n|\n|t:|1771242194\n|switch|p2a: Lava Chicken|Moltres|27/100\n|-end|p1a: I hate zama|fallen3|[silent]\n|switch|p1a: I hate g weezing|Gholdengo|96/100\n|\n|upkeep\n|turn|16\n|\n|t:|1771242202\n|switch|p2a: Maus x Family|Maushold-Four|71/100\n|move|p1a: I hate g weezing|Shadow Ball|p2a: Maus x Family\n|-immune|p2a: Maus x Family\n|\n|upkeep\n|turn|17\n|\n|t:|1771242206\n|move|p2a: Maus x Family|Bite|p1a: I hate g weezing\n|-supereffective|p1a: I hate g weezing\n|-damage|p1a: I hate g weezing|58/100\n|move|p1a: I hate g weezing|Make It Rain|p2a: Maus x Family\n|-damage|p2a: Maus x Family|0 fnt\n|-unboost|p1a: I hate g weezing|spa|1\n|faint|p2a: Maus x Family\n|\n|upkeep\n|\n|t:|1771242215\n|switch|p2a: Mister 1000|Gholdengo|50/100\n|turn|18\n|\n|t:|1771242221\n|switch|p1a: I hate zama|Kingambit, F|100/100\n|-activate|p1a: I hate zama|ability: Supreme Overlord\n|-start|p1a: I hate zama|fallen3|[silent]\n|move|p2a: Mister 1000|Trick|p1a: I hate zama\n|-activate|p2a: Mister 1000|move: Trick|[of] p1a: I hate zama\n|-item|p1a: I hate zama|Choice Scarf|[from] move: Trick\n|-item|p2a: Mister 1000|Leftovers|[from] move: Trick\n|\n|-heal|p2a: Mister 1000|56/100|[from] item: Leftovers\n|upkeep\n|turn|19\n|\n|t:|1771242232\n|move|p2a: Mister 1000|Thunderbolt|p1a: I hate zama\n|-damage|p1a: I hate zama|65/100\n|move|p1a: I hate zama|Kowtow Cleave|p2a: Mister 1000\n|-supereffective|p2a: Mister 1000\n|-damage|p2a: Mister 1000|0 fnt\n|faint|p2a: Mister 1000\n|\n|upkeep\n|\n|t:|1771242237\n|switch|p2a: Lava Chicken|Moltres|27/100\n|turn|20\n|\n|t:|1771242240\n|move|p2a: Lava Chicken|Roost|p2a: Lava Chicken\n|-heal|p2a: Lava Chicken|78/100\n|-singleturn|p2a: Lava Chicken|move: Roost\n|move|p1a: I hate zama|Kowtow Cleave|p2a: Lava Chicken\n|-damage|p2a: Lava Chicken|30/100\n|-status|p1a: I hate zama|brn|[from] ability: Flame Body|[of] p2a: Lava Chicken\n|\n|-damage|p1a: I hate zama|59/100 brn|[from] brn\n|upkeep\n|turn|21\n|\n|t:|1771242253\n|-end|p1a: I hate zama|fallen3|[silent]\n|switch|p1a: Spa no.2|Iron Valiant|100/100\n|-enditem|p1a: Spa no.2|Booster Energy\n|-activate|p1a: Spa no.2|ability: Quark Drive|[fromitem]\n|-start|p1a: Spa no.2|quarkdrivespe\n|move|p2a: Lava Chicken|Roost|p2a: Lava Chicken\n|-heal|p2a: Lava Chicken|80/100\n|-singleturn|p2a: Lava Chicken|move: Roost\n|\n|upkeep\n|turn|22\n|\n|t:|1771242267\n|switch|p2a: Red Comet|Scizor, F|76/100\n|move|p1a: Spa no.2|Encore||[still]\n|-fail|p1a: Spa no.2\n|\n|upkeep\n|turn|23\n|\n|t:|1771242277\n|-end|p1a: Spa no.2|Quark Drive|[silent]\n|switch|p1a: I hate zama|Kingambit, F|59/100 brn\n|-activate|p1a: I hate zama|ability: Supreme Overlord\n|-start|p1a: I hate zama|fallen3|[silent]\n|move|p2a: Red Comet|Bullet Punch|p1a: I hate zama\n|-resisted|p1a: I hate zama\n|-damage|p1a: I hate zama|40/100 brn\n|\n|-damage|p1a: I hate zama|34/100 brn|[from] brn\n|upkeep\n|turn|24\n|\n|t:|1771242283\n|switch|p2a: Lava Chicken|Moltres|80/100\n|move|p1a: I hate zama|Kowtow Cleave|p2a: Lava Chicken\n|-damage|p2a: Lava Chicken|56/100\n|\n|-damage|p1a: I hate zama|27/100 brn|[from] brn\n|upkeep\n|turn|25\n|\n|t:|1771242293\n|-end|p1a: I hate zama|fallen3|[silent]\n|switch|p1a: Spa no.2|Iron Valiant|100/100\n|move|p2a: Lava Chicken|Roost|p2a: Lava Chicken\n|-heal|p2a: Lava Chicken|100/100\n|-singleturn|p2a: Lava Chicken|move: Roost\n|\n|upkeep\n|turn|26\n|\n|t:|1771242301\n|switch|p2a: Red Comet|Scizor, F|76/100\n|move|p1a: Spa no.2|Close Combat|p2a: Red Comet\n|-damage|p2a: Red Comet|15/100\n|-unboost|p1a: Spa no.2|def|1\n|-unboost|p1a: Spa no.2|spd|1\n|\n|upkeep\n|turn|27\n|\n|t:|1771242304\n|-end|p1a: Spa no.2|Quark Drive|[silent]\n|switch|p1a: I hate zama|Kingambit, F|27/100 brn\n|-activate|p1a: I hate zama|ability: Supreme Overlord\n|-start|p1a: I hate zama|fallen3|[silent]\n|move|p2a: Red Comet|Bullet Punch|p1a: I hate zama\n|-resisted|p1a: I hate zama\n|-damage|p1a: I hate zama|8/100 brn\n|\n|-damage|p1a: I hate zama|2/100 brn|[from] brn\n|upkeep\n|turn|28\n|\n|t:|1771242310\n|switch|p2a: Lava Chicken|Moltres|100/100\n|move|p1a: I hate zama|Sucker Punch||[still]\n|-fail|p1a: I hate zama\n|\n|-damage|p1a: I hate zama|0 fnt|[from] brn\n|faint|p1a: I hate zama\n|-end|p1a: I hate zama|fallen3|[silent]\n|upkeep\n|\n|t:|1771242317\n|switch|p1a: I hate g weezing|Gholdengo|58/100\n|turn|29\n|\n|t:|1771242322\n|move|p2a: Lava Chicken|Flamethrower|p1a: I hate g weezing\n|-supereffective|p1a: I hate g weezing\n|-damage|p1a: I hate g weezing|0 fnt\n|faint|p1a: I hate g weezing\n|\n|upkeep\n|\n|t:|1771242324\n|switch|p1a: Spa no.2|Iron Valiant|100/100\n|turn|30\n|\n|t:|1771242331\n|move|p1a: Spa no.2|Moonblast|p2a: Lava Chicken\n|-resisted|p2a: Lava Chicken\n|-damage|p2a: Lava Chicken|75/100\n|-unboost|p2a: Lava Chicken|spa|1\n|move|p2a: Lava Chicken|Flamethrower|p1a: Spa no.2\n|-damage|p1a: Spa no.2|55/100\n|\n|upkeep\n|turn|31\n|\n|t:|1771242333\n|move|p1a: Spa no.2|Moonblast|p2a: Lava Chicken\n|-resisted|p2a: Lava Chicken\n|-damage|p2a: Lava Chicken|51/100\n|move|p2a: Lava Chicken|Flamethrower|p1a: Spa no.2\n|-damage|p1a: Spa no.2|9/100\n|\n|upkeep\n|turn|32\n|\n|t:|1771242336\n|move|p1a: Spa no.2|Moonblast|p2a: Lava Chicken\n|-resisted|p2a: Lava Chicken\n|-damage|p2a: Lava Chicken|29/100\n|-unboost|p2a: Lava Chicken|spa|1\n|move|p2a: Lava Chicken|Flamethrower|p1a: Spa no.2\n|-damage|p1a: Spa no.2|0 fnt\n|faint|p1a: Spa no.2\n|-end|p1a: Spa no.2|Quark Drive|[silent]\n|\n|win|Magenta Maylene\n|raw|Eeveegamer758's rating: 1539 &rarr; <strong>1517</strong><br />(-22 for losing)\n|raw|Magenta Maylene's rating: 1497 &rarr; <strong>1519</strong><br />(+22 for winning)\n|l|☆Magenta Maylene\n|player|p2|\n|l|☆Eeveegamer758\n|player|p1|\n", "uploadtime": 1771242487, "views": 9, "formatid": "gen9ou", "rating": 1517, "private": 0, "password": null}