{"id": "gen9ou-2540565956", "format": "[Gen 9] OU", "players": ["HorusTheYounger", "bsp1"], "log": "|j|☆HorusTheYounger\n|j|☆bsp1\n|t:|1771219007\n|gametype|singles\n|player|p1|HorusTheYounger|266|1589\n|player|p2|bsp1|170|1619\n|gen|9\n|tier|[Gen 9] OU\n|rated|\n|rule|HP Percentage Mod: HP is shown in percentages\n|rule|Endless Battle Clause: Forcing endless battles is banned\n|rule|Species Clause: Limit one of each Pokémon\n|rule|OHKO Clause: OHKO moves are banned\n|rule|Evasion Items Clause: Evasion items are banned\n|rule|Evasion Moves Clause: Evasion moves are banned\n|rule|Evasion Abilities Clause: Evasion abilities are banned\n|rule|Sleep Moves Clause: Sleep-inducing moves are banned\n|clearpoke\n|poke|p1|Tyranitar, M|\n|poke|p1|Excadrill, M|\n|poke|p1|Zapdos|\n|poke|p1|Clefable, F|\n|poke|p1|Ogerpon-Wellspring, F|\n|poke|p1|Slowking-Galar, M|\n|poke|p2|Ceruledge, M|\n|poke|p2|Iron Valiant|\n|poke|p2|Ditto|\n|poke|p2|Mamoswine, F|\n|poke|p2|Armarouge, F|\n|poke|p2|Cinderace, F|\n|teampreview\n|\n|t:|1771219041\n|teamsize|p1|6\n|teamsize|p2|6\n|start\n|switch|p1a: Excadrill|Excadrill, M|100/100\n|switch|p2a: Armarouge|Armarouge, F|100/100\n|-item|p1a: Excadrill|Air Balloon\n|turn|1\n|\n|t:|1771219049\n|move|p1a: Excadrill|Earthquake|p2a: Armarouge\n|-supereffective|p2a: Armarouge\n|-enditem|p2a: Armarouge|Focus Sash\n|-damage|p2a: Armarouge|1/100\n|-ability|p2a: Armarouge|Weak Armor|boost\n|-unboost|p2a: Armarouge|def|1\n|-boost|p2a: Armarouge|spe|2\n|move|p2a: Armarouge|Calm Mind|p2a: Armarouge\n|-boost|p2a: Armarouge|spa|1\n|-boost|p2a: Armarouge|spd|1\n|\n|upkeep\n|turn|2\n|inactive|Battle timer is ON: inactive players will automatically lose when time's up. (requested by HorusTheYounger)\n|\n|t:|1771219058\n|switch|p1a: Tyranitar|Tyranitar, M|100/100\n|-weather|Sandstorm|[from] ability: Sand Stream|[of] p1a: Tyranitar\n|move|p2a: Armarouge|Aura Sphere|p1a: Tyranitar\n|-supereffective|p1a: Tyranitar\n|-damage|p1a: Tyranitar|0 fnt\n|faint|p1a: Tyranitar\n|\n|-weather|Sandstorm|[upkeep]\n|-damage|p2a: Armarouge|0 fnt|[from] Sandstorm\n|faint|p2a: Armarouge\n|upkeep\n|\n|t:|1771219072\n|switch|p2a: Mamoswine|Mamoswine, F|100/100\n|switch|p1a: Excadrill|Excadrill, M|100/100\n|-item|p1a: Excadrill|Air Balloon\n|turn|3\n|\n|t:|1771219079\n|move|p1a: Excadrill|Iron Head|p2a: Mamoswine\n|-supereffective|p2a: Mamoswine\n|-enditem|p2a: Mamoswine|Focus Sash\n|-damage|p2a: Mamoswine|1/100\n|move|p2a: Mamoswine|Icicle Crash|p1a: Excadrill\n|-damage|p1a: Excadrill|30/100\n|-enditem|p1a: Excadrill|Air Balloon\n|\n|-weather|Sandstorm|[upkeep]\n|upkeep\n|turn|4\n|\n|t:|1771219088\n|move|p2a: Mamoswine|Ice Shard|p1a: Excadrill\n|-damage|p1a: Excadrill|0 fnt\n|faint|p1a: Excadrill\n|\n|-weather|Sandstorm|[upkeep]\n|upkeep\n|\n|t:|1771219099\n|switch|p1a: Clefable|Clefable, F|100/100\n|turn|5\n|\n|t:|1771219103\n|move|p2a: Mamoswine|Earthquake|p1a: Clefable\n|-damage|p1a: Clefable|56/100\n|move|p1a: Clefable|Moonblast|p2a: Mamoswine\n|-damage|p2a: Mamoswine|0 fnt\n|faint|p2a: Mamoswine\n|\n|-weather|Sandstorm|[upkeep]\n|-heal|p1a: Clefable|62/100|[from] item: Leftovers\n|upkeep\n|\n|t:|1771219119\n|switch|p2a: Cinderace|Cinderace, F|100/100\n|turn|6\n|\n|t:|1771219122\n|move|p2a: Cinderace|Pyro Ball|p1a: Clefable\n|-damage|p1a: Clefable|15/100\n|-status|p1a: Clefable|brn\n|move|p1a: Clefable|Moonlight|p1a: Clefable\n|-heal|p1a: Clefable|40/100 brn\n|\n|-weather|none\n|-heal|p1a: Clefable|46/100 brn|[from] item: Leftovers\n|upkeep\n|turn|7\n|\n|t:|1771219130\n|move|p2a: Cinderace|Pyro Ball|p1a: Clefable\n|-damage|p1a: Clefable|0 fnt\n|faint|p1a: Clefable\n|\n|upkeep\n|\n|t:|1771219134\n|switch|p1a: Ogerpon|Ogerpon-Wellspring, F|100/100\n|turn|8\n|\n|t:|1771219138\n|move|p1a: Ogerpon|Ivy Cudgel|p2a: Cinderace|[anim] Ivy Cudgel Water\n|-supereffective|p2a: Cinderace\n|-enditem|p2a: Cinderace|Focus Sash\n|-damage|p2a: Cinderace|1/100\n|move|p2a: Cinderace|Pyro Ball|p1a: Ogerpon\n|-damage|p1a: Ogerpon|20/100\n|-status|p1a: Ogerpon|brn\n|\n|-damage|p1a: Ogerpon|14/100 brn|[from] brn\n|upkeep\n|turn|9\n|\n|t:|1771219146\n|switch|p1a: Zapdos|Zapdos|100/100\n|move|p2a: Cinderace|Sucker Punch||[still]\n|-fail|p2a: Cinderace\n|\n|upkeep\n|turn|10\n|\n|t:|1771219151\n|move|p2a: Cinderace|Pyro Ball|p1a: Zapdos\n|-damage|p1a: Zapdos|55/100\n|move|p1a: Zapdos|U-turn|p2a: Cinderace\n|-resisted|p2a: Cinderace\n|-damage|p2a: Cinderace|0 fnt\n|faint|p2a: Cinderace\n|\n|t:|1771219155\n|switch|p1a: Slowking|Slowking-Galar, M|100/100|[from] U-turn\n|\n|upkeep\n|\n|t:|1771219163\n|switch|p2a: Ceruledge|Ceruledge, M, shiny|100/100\n|turn|11\n|\n|t:|1771219167\n|move|p2a: Ceruledge|Swords Dance|p2a: Ceruledge\n|-boost|p2a: Ceruledge|atk|2\n|move|p1a: Slowking|Thunder Wave|p2a: Ceruledge\n|-status|p2a: Ceruledge|par\n|\n|upkeep\n|turn|12\n|-message|HorusTheYounger forfeited.\n|\n|win|bsp1\n|raw|HorusTheYounger's rating: 1589 &rarr; <strong>1571</strong><br />(-18 for losing)\n|raw|bsp1's rating: 1619 &rarr; <strong>1637</strong><br />(+18 for winning)\n|l|☆HorusTheYounger\n|player|p1|\n|l|☆bsp1\n|player|p2|\n", "uploadtime": 1771219384, "views": 4, "formatid": "gen9ou", "rating": 1571, "private": 0, "password": null}