{"id": "gen9ou-2540676886", "format": "[Gen 9] OU", "players": ["Superhjkdetective", "St4rfl1tT 2"], "log": "|j|☆Superhjkdetective\n|j|☆St4rfl1tT 2\n|t:|1771238623\n|gametype|singles\n|player|p1|Superhjkdetective|169|1653\n|player|p2|St4rfl1tT 2|acetrainer|1612\n|gen|9\n|tier|[Gen 9] OU\n|rated|\n|rule|HP Percentage Mod: HP is shown in percentages\n|rule|Endless Battle Clause: Forcing endless battles is banned\n|rule|Species Clause: Limit one of each Pokémon\n|rule|OHKO Clause: OHKO moves are banned\n|rule|Evasion Items Clause: Evasion items are banned\n|rule|Evasion Moves Clause: Evasion moves are banned\n|rule|Evasion Abilities Clause: Evasion abilities are banned\n|rule|Sleep Moves Clause: Sleep-inducing moves are banned\n|clearpoke\n|poke|p1|Cinderace, F|\n|poke|p1|Slowking-Galar, M|\n|poke|p1|Great Tusk|\n|poke|p1|Kyurem|\n|poke|p1|Enamorus, F|\n|poke|p1|Kingambit, F|\n|poke|p2|Garchomp, M|\n|poke|p2|Darkrai|\n|poke|p2|Zapdos|\n|poke|p2|Zamazenta-*|\n|poke|p2|Heatran, M|\n|poke|p2|Ogerpon-Wellspring, F|\n|teampreview\n|inactive|Battle timer is ON: inactive players will automatically lose when time's up. (requested by St4rfl1tT 2)\n|\n|t:|1771238633\n|teamsize|p1|6\n|teamsize|p2|6\n|start\n|switch|p1a: Kyurem|Kyurem|100/100\n|switch|p2a: Garchomp|Garchomp, M|100/100\n|-ability|p1a: Kyurem|Pressure\n|turn|1\n|\n|t:|1771238647\n|-terastallize|p2a: Garchomp|Fire\n|move|p2a: Garchomp|Scale Shot|p1a: Kyurem\n|-supereffective|p1a: Kyurem\n|-damage|p1a: Kyurem|77/100\n|-supereffective|p1a: Kyurem\n|-damage|p1a: Kyurem|53/100\n|-supereffective|p1a: Kyurem\n|-damage|p1a: Kyurem|25/100\n|-supereffective|p1a: Kyurem\n|-damage|p1a: Kyurem|2/100\n|-supereffective|p1a: Kyurem\n|-damage|p1a: Kyurem|0 fnt\n|faint|p1a: Kyurem\n|-hitcount|p1: Kyurem|5\n|-unboost|p2a: Garchomp|def|1\n|-boost|p2a: Garchomp|spe|1\n|\n|upkeep\n|\n|t:|1771238656\n|switch|p1a: Enamorus|Enamorus, F|100/100\n|turn|2\n|\n|t:|1771238664\n|move|p2a: Garchomp|Fire Fang|p1a: Enamorus\n|-damage|p1a: Enamorus|45/100\n|move|p1a: Enamorus|Earth Power|p2a: Garchomp\n|-supereffective|p2a: Garchomp\n|-damage|p2a: Garchomp|23/100\n|\n|upkeep\n|turn|3\n|\n|t:|1771238672\n|switch|p1a: Great Tusk|Great Tusk|100/100\n|move|p2a: Garchomp|Earthquake|p1a: Great Tusk\n|-damage|p1a: Great Tusk|70/100\n|\n|-heal|p1a: Great Tusk|76/100|[from] item: Leftovers\n|upkeep\n|turn|4\n|\n|t:|1771238678\n|move|p2a: Garchomp|Earthquake|p1a: Great Tusk\n|-damage|p1a: Great Tusk|43/100\n|move|p1a: Great Tusk|Earthquake|p2a: Garchomp\n|-supereffective|p2a: Garchomp\n|-damage|p2a: Garchomp|0 fnt\n|faint|p2a: Garchomp\n|\n|-heal|p1a: Great Tusk|49/100|[from] item: Leftovers\n|upkeep\n|\n|t:|1771238687\n|switch|p2a: Ogerpon|Ogerpon-Wellspring, F|100/100\n|turn|5\n|\n|t:|1771238710\n|-end|p1a: Great Tusk|Protosynthesis|[silent]\n|switch|p1a: Slowking|Slowking-Galar, M|100/100\n|move|p2a: Ogerpon|Ivy Cudgel|p1a: Slowking|[anim] Ivy Cudgel Water\n|-damage|p1a: Slowking|38/100\n|\n|upkeep\n|turn|6\n|\n|t:|1771238723\n|move|p2a: Ogerpon|Ivy Cudgel|p1a: Slowking|[anim] Ivy Cudgel Water\n|-crit|p1a: Slowking\n|-damage|p1a: Slowking|0 fnt\n|faint|p1a: Slowking\n|\n|upkeep\n|\n|t:|1771238733\n|switch|p1a: Cinderace|Cinderace, F|100/100\n|turn|7\n|\n|t:|1771238737\n|switch|p2a: Heatran|Heatran, M|100/100\n|move|p1a: Cinderace|Will-O-Wisp|p2a: Heatran\n|-start|p2a: Heatran|ability: Flash Fire\n|\n|upkeep\n|turn|8\n|\n|t:|1771238743\n|move|p1a: Cinderace|U-turn|p2a: Heatran\n|-resisted|p2a: Heatran\n|-damage|p2a: Heatran|97/100\n|\n|t:|1771238744\n|switch|p1a: Great Tusk|Great Tusk|49/100|[from] U-turn\n|move|p2a: Heatran|Magma Storm|p1a: Great Tusk|[miss]\n|-miss|p2a: Heatran|p1a: Great Tusk\n|\n|-heal|p1a: Great Tusk|55/100|[from] item: Leftovers\n|-heal|p2a: Heatran|100/100|[from] item: Leftovers\n|upkeep\n|turn|9\n|\n|t:|1771238756\n|-end|p1a: Great Tusk|Protosynthesis|[silent]\n|switch|p1a: Cinderace|Cinderace, F|100/100\n|-end|p2a: Heatran|ability: Flash Fire|[silent]\n|switch|p2a: Zapdos|Zapdos|100/100\n|\n|upkeep\n|turn|10\n|\n|t:|1771238761\n|switch|p2a: Heatran|Heatran, M|100/100\n|move|p1a: Cinderace|Pyro Ball|p2a: Heatran\n|-start|p2a: Heatran|ability: Flash Fire\n|\n|upkeep\n|turn|11\n|-message|Superhjkdetective forfeited.\n|\n|win|St4rfl1tT 2\n|raw|Superhjkdetective's rating: 1653 &rarr; <strong>1631</strong><br />(-22 for losing)\n|raw|St4rfl1tT 2's rating: 1612 &rarr; <strong>1634</strong><br />(+22 for winning)\n|l|☆Superhjkdetective\n|player|p1|\n|l|☆St4rfl1tT 2\n|player|p2|\n", "uploadtime": 1771238946, "views": 9, "formatid": "gen9ou", "rating": 1631, "private": 0, "password": null}