{"id": "gen9ou-2540685578", "format": "[Gen 9] OU", "players": ["tommytt22", "Cirlox"], "log": "|j|☆tommytt22\n|j|☆Cirlox\n|t:|1771240047\n|gametype|singles\n|player|p1|tommytt22|shadowtriad|1640\n|player|p2|Cirlox|workerice|1658\n|gen|9\n|tier|[Gen 9] OU\n|rated|\n|rule|HP Percentage Mod: HP is shown in percentages\n|rule|Endless Battle Clause: Forcing endless battles is banned\n|rule|Species Clause: Limit one of each Pokémon\n|rule|OHKO Clause: OHKO moves are banned\n|rule|Evasion Items Clause: Evasion items are banned\n|rule|Evasion Moves Clause: Evasion moves are banned\n|rule|Evasion Abilities Clause: Evasion abilities are banned\n|rule|Sleep Moves Clause: Sleep-inducing moves are banned\n|clearpoke\n|poke|p1|Ninetales, F|\n|poke|p1|Walking Wake|\n|poke|p1|Ogerpon-Cornerstone, F|\n|poke|p1|Venusaur, M|\n|poke|p1|Glimmora, F|\n|poke|p1|Ceruledge, M|\n|poke|p2|Tyranitar, M|\n|poke|p2|Great Tusk|\n|poke|p2|Raging Bolt|\n|poke|p2|Slowking-Galar, F|\n|poke|p2|Gliscor, M|\n|poke|p2|Zapdos-Galar|\n|teampreview\n|inactive|Battle timer is ON: inactive players will automatically lose when time's up. (requested by Cirlox)\n|\n|t:|1771240064\n|teamsize|p1|6\n|teamsize|p2|6\n|start\n|switch|p1a: Glimmora|Glimmora, F|100/100\n|switch|p2a: Zapdos|Zapdos-Galar|100/100\n|turn|1\n|\n|t:|1771240073\n|move|p2a: Zapdos|U-turn|p1a: Glimmora\n|-resisted|p1a: Glimmora\n|-damage|p1a: Glimmora|84/100\n|-activate|p1a: Glimmora|ability: Toxic Debris\n|-sidestart|p2: Cirlox|move: Toxic Spikes\n|\n|t:|1771240078\n|switch|p2a: Slowking|Slowking-Galar, F|100/100|[from] U-turn\n|-sideend|p2: Cirlox|move: Toxic Spikes|[of] p2a: Slowking\n|move|p1a: Glimmora|Mortal Spin|p2a: Slowking\n|-resisted|p2a: Slowking\n|-damage|p2a: Slowking|98/100\n|\n|upkeep\n|turn|2\n|\n|t:|1771240082\n|move|p1a: Glimmora|Stealth Rock|p2a: Slowking\n|-sidestart|p2: Cirlox|move: Stealth Rock\n|move|p2a: Slowking|Thunder Wave|p1a: Glimmora\n|-status|p1a: Glimmora|par\n|\n|upkeep\n|turn|3\n|\n|t:|1771240095\n|switch|p1a: Ninetales|Ninetales, F|100/100\n|-weather|SunnyDay|[from] ability: Drought|[of] p1a: Ninetales\n|move|p2a: Slowking|Future Sight|p1a: Ninetales\n|-start|p2a: Slowking|move: Future Sight\n|\n|-weather|SunnyDay|[upkeep]\n|upkeep\n|turn|4\n|\n|t:|1771240109\n|move|p1a: Ninetales|Will-O-Wisp|p2a: Slowking\n|-status|p2a: Slowking|brn\n|-prepare|p2a: Slowking|Chilly Reception|[premajor]\n|move|p2a: Slowking|Chilly Reception|p2a: Slowking\n|-weather|Snowscape\n|\n|t:|1771240116\n|switch|p2a: Gliscor|Gliscor, M|100/100|[from] Chilly Reception\n|-damage|p2a: Gliscor|88/100|[from] Stealth Rock\n|\n|-weather|Snowscape|[upkeep]\n|-status|p2a: Gliscor|tox|[from] item: Toxic Orb\n|upkeep\n|turn|5\n|\n|t:|1771240120\n|switch|p1a: Glimmora|Glimmora, F|84/100 par\n|move|p2a: Gliscor|Spikes|p1a: Glimmora\n|-sidestart|p1: tommytt22|Spikes\n|\n|-weather|Snowscape|[upkeep]\n|-end|p1a: Glimmora|move: Future Sight\n|-supereffective|p1a: Glimmora\n|-damage|p1a: Glimmora|0 fnt\n|faint|p1a: Glimmora\n|-heal|p2a: Gliscor|100/100 tox|[from] ability: Poison Heal\n|upkeep\n|\n|t:|1771240127\n|switch|p1a: Walking Wake|Walking Wake|100/100\n|-damage|p1a: Walking Wake|88/100|[from] Spikes\n|turn|6\n|\n|t:|1771240133\n|move|p2a: Gliscor|Protect|p2a: Gliscor\n|-singleturn|p2a: Gliscor|Protect\n|move|p1a: Walking Wake|Dragon Pulse|p2a: Gliscor\n|-activate|p2a: Gliscor|move: Protect\n|\n|-weather|Snowscape|[upkeep]\n|upkeep\n|turn|7\n|\n|t:|1771240137\n|switch|p2a: Slowking|Slowking-Galar, F|100/100 brn\n|move|p1a: Walking Wake|Dragon Pulse|p2a: Slowking\n|-damage|p2a: Slowking|60/100 brn\n|\n|-weather|Snowscape|[upkeep]\n|-damage|p2a: Slowking|54/100 brn|[from] brn\n|upkeep\n|turn|8\n|\n|t:|1771240144\n|-end|p1a: Walking Wake|Protosynthesis|[silent]\n|switch|p1a: Ninetales|Ninetales, F|100/100\n|-damage|p1a: Ninetales|88/100|[from] Spikes\n|-weather|SunnyDay|[from] ability: Drought|[of] p1a: Ninetales\n|move|p2a: Slowking|Thunder Wave|p1a: Ninetales\n|-status|p1a: Ninetales|par\n|\n|-weather|SunnyDay|[upkeep]\n|-damage|p2a: Slowking|48/100 brn|[from] brn\n|upkeep\n|turn|9\n|j| donothan dozo\n|\n|t:|1771240147\n|switch|p2a: Tyranitar|Tyranitar, M|100/100\n|-damage|p2a: Tyranitar|88/100|[from] Stealth Rock\n|-weather|Sandstorm|[from] ability: Sand Stream|[of] p2a: Tyranitar\n|move|p1a: Ninetales|Scorching Sands|p2a: Tyranitar\n|-supereffective|p2a: Tyranitar\n|-damage|p2a: Tyranitar|67/100\n|\n|-weather|Sandstorm|[upkeep]\n|-damage|p1a: Ninetales|82/100 par|[from] Sandstorm\n|upkeep\n|turn|10\n|\n|t:|1771240157\n|switch|p1a: Ogerpon|Ogerpon-Cornerstone, F|100/100\n|-damage|p1a: Ogerpon|88/100|[from] Spikes\n|move|p2a: Tyranitar|Knock Off|p1a: Ogerpon\n|-damage|p1a: Ogerpon|14/100\n|\n|-weather|Sandstorm|[upkeep]\n|upkeep\n|turn|11\n|\n|t:|1771240165\n|switch|p2a: Gliscor|Gliscor, M|100/100 tox\n|-damage|p2a: Gliscor|88/100 tox|[from] Stealth Rock\n|move|p1a: Ogerpon|Power Whip|p2a: Gliscor\n|-damage|p2a: Gliscor|42/100 tox\n|\n|-weather|Sandstorm|[upkeep]\n|-heal|p2a: Gliscor|54/100 tox|[from] ability: Poison Heal\n|upkeep\n|turn|12\n|\n|t:|1771240176\n|move|p1a: Ogerpon|Spikes|p2a: Gliscor\n|-sidestart|p2: Cirlox|Spikes\n|move|p2a: Gliscor|Earthquake|p1a: Ogerpon\n|-damage|p1a: Ogerpon|0 fnt\n|faint|p1a: Ogerpon\n|\n|-weather|Sandstorm|[upkeep]\n|-heal|p2a: Gliscor|67/100 tox|[from] ability: Poison Heal\n|upkeep\n|\n|t:|1771240183\n|switch|p1a: Walking Wake|Walking Wake|88/100\n|-damage|p1a: Walking Wake|76/100|[from] Spikes\n|turn|13\n|\n|t:|1771240186\n|move|p2a: Gliscor|Protect|p2a: Gliscor\n|-singleturn|p2a: Gliscor|Protect\n|move|p1a: Walking Wake|Dragon Pulse|p2a: Gliscor\n|-activate|p2a: Gliscor|move: Protect\n|\n|-weather|none\n|-heal|p2a: Gliscor|79/100 tox|[from] ability: Poison Heal\n|upkeep\n|turn|14\n|\n|t:|1771240192\n|switch|p2a: Tyranitar|Tyranitar, M|67/100\n|-damage|p2a: Tyranitar|55/100|[from] Stealth Rock\n|-damage|p2a: Tyranitar|42/100|[from] Spikes\n|-weather|Sandstorm|[from] ability: Sand Stream|[of] p2a: Tyranitar\n|move|p1a: Walking Wake|Dragon Pulse|p2a: Tyranitar\n|-damage|p2a: Tyranitar|2/100\n|\n|-weather|Sandstorm|[upkeep]\n|-damage|p1a: Walking Wake|70/100|[from] Sandstorm\n|upkeep\n|turn|15\n|\n|t:|1771240197\n|move|p1a: Walking Wake|Dragon Pulse|p2a: Tyranitar\n|-damage|p2a: Tyranitar|0 fnt\n|faint|p2a: Tyranitar\n|\n|-weather|Sandstorm|[upkeep]\n|-damage|p1a: Walking Wake|63/100|[from] Sandstorm\n|upkeep\n|\n|t:|1771240199\n|switch|p2a: Slowking|Slowking-Galar, F|81/100 brn\n|turn|16\n|\n|t:|1771240206\n|-end|p1a: Walking Wake|Protosynthesis|[silent]\n|switch|p1a: Ceruledge|Ceruledge, M|100/100\n|-damage|p1a: Ceruledge|88/100|[from] Spikes\n|move|p2a: Slowking|Future Sight|p1a: Ceruledge\n|-start|p2a: Slowking|move: Future Sight\n|\n|-weather|Sandstorm|[upkeep]\n|-damage|p1a: Ceruledge|82/100|[from] Sandstorm\n|-damage|p2a: Slowking|75/100 brn|[from] Sandstorm\n|-damage|p2a: Slowking|69/100 brn|[from] brn\n|upkeep\n|turn|17\n|\n|t:|1771240212\n|switch|p2a: Great Tusk|Great Tusk|100/100\n|-damage|p2a: Great Tusk|98/100|[from] Stealth Rock\n|-damage|p2a: Great Tusk|85/100|[from] Spikes\n|move|p1a: Ceruledge|Swords Dance|p1a: Ceruledge\n|-boost|p1a: Ceruledge|atk|2\n|\n|-weather|Sandstorm|[upkeep]\n|-damage|p1a: Ceruledge|76/100|[from] Sandstorm\n|upkeep\n|turn|18\n|j| kdkddkkc\n|l| kdkddkkc\n|\n|t:|1771240239\n|move|p2a: Great Tusk|Rapid Spin|p1a: Ceruledge\n|-immune|p1a: Ceruledge\n|move|p1a: Ceruledge|Bitter Blade|p2a: Great Tusk\n|-crit|p2a: Great Tusk\n|-damage|p2a: Great Tusk|0 fnt\n|-heal|p1a: Ceruledge|100/100|[from] drain|[of] p2a: Great Tusk\n|-damage|p1a: Ceruledge|84/100|[from] item: Rocky Helmet|[of] p2a: Great Tusk\n|faint|p2a: Great Tusk\n|-end|p2a: Great Tusk|Protosynthesis|[silent]\n|-damage|p1a: Ceruledge|74/100|[from] item: Life Orb\n|\n|-weather|none\n|-end|p1a: Ceruledge|move: Future Sight\n|-damage|p1a: Ceruledge|27/100\n|upkeep\n|inactive|Cirlox has 120 seconds left.\n|\n|t:|1771240260\n|switch|p2a: Zapdos|Zapdos-Galar|100/100\n|-damage|p2a: Zapdos|88/100|[from] Stealth Rock\n|turn|19\n|\n|t:|1771240267\n|move|p1a: Ceruledge|Shadow Sneak|p2a: Zapdos\n|-damage|p2a: Zapdos|30/100\n|-damage|p1a: Ceruledge|17/100|[from] item: Life Orb\n|move|p2a: Zapdos|Knock Off|p1a: Ceruledge\n|-supereffective|p1a: Ceruledge\n|-damage|p1a: Ceruledge|0 fnt\n|-enditem|p1a: Ceruledge|Life Orb|[from] move: Knock Off|[of] p2a: Zapdos\n|faint|p1a: Ceruledge\n|\n|upkeep\n|\n|t:|1771240276\n|switch|p1a: Ninetales|Ninetales, F|82/100 par\n|-damage|p1a: Ninetales|70/100 par|[from] Spikes\n|-weather|SunnyDay|[from] ability: Drought|[of] p1a: Ninetales\n|turn|20\n|\n|t:|1771240280\n|switch|p2a: Slowking|Slowking-Galar, F|100/100 brn\n|cant|p1a: Ninetales|par\n|\n|-weather|SunnyDay|[upkeep]\n|-damage|p2a: Slowking|94/100 brn|[from] brn\n|upkeep\n|turn|21\n|\n|t:|1771240285\n|switch|p1a: Walking Wake|Walking Wake|63/100\n|-damage|p1a: Walking Wake|51/100|[from] Spikes\n|-activate|p1a: Walking Wake|ability: Protosynthesis\n|-start|p1a: Walking Wake|protosynthesisspa\n|-prepare|p2a: Slowking|Chilly Reception|[premajor]\n|move|p2a: Slowking|Chilly Reception|p2a: Slowking\n|-weather|Snowscape\n|-end|p1a: Walking Wake|Protosynthesis\n|\n|t:|1771240301\n|switch|p2a: Zapdos|Zapdos-Galar|30/100|[from] Chilly Reception\n|-damage|p2a: Zapdos|17/100|[from] Stealth Rock\n|\n|-weather|Snowscape|[upkeep]\n|upkeep\n|turn|22\n|\n|t:|1771240304\n|-end|p1a: Walking Wake|Protosynthesis|[silent]\n|switch|p1a: Ninetales|Ninetales, F|70/100 par\n|-damage|p1a: Ninetales|58/100 par|[from] Spikes\n|-weather|SunnyDay|[from] ability: Drought|[of] p1a: Ninetales\n|move|p2a: Zapdos|Close Combat|p1a: Ninetales\n|-damage|p1a: Ninetales|0 fnt\n|-unboost|p2a: Zapdos|def|1\n|-unboost|p2a: Zapdos|spd|1\n|faint|p1a: Ninetales\n|\n|-weather|SunnyDay|[upkeep]\n|upkeep\n|\n|t:|1771240319\n|switch|p1a: Venusaur|Venusaur, M|100/100\n|-damage|p1a: Venusaur|88/100|[from] Spikes\n|turn|23\n|\n|t:|1771240327\n|switch|p2a: Raging Bolt|Raging Bolt|100/100\n|-damage|p2a: Raging Bolt|88/100|[from] Stealth Rock\n|-damage|p2a: Raging Bolt|76/100|[from] Spikes\n|-activate|p2a: Raging Bolt|ability: Protosynthesis\n|-start|p2a: Raging Bolt|protosynthesisspa\n|move|p1a: Venusaur|Growth|p1a: Venusaur\n|-boost|p1a: Venusaur|atk|2\n|-boost|p1a: Venusaur|spa|2\n|\n|-weather|SunnyDay|[upkeep]\n|-heal|p2a: Raging Bolt|82/100|[from] item: Leftovers\n|upkeep\n|turn|24\n|\n|t:|1771240330\n|move|p1a: Venusaur|Earth Power|p2a: Raging Bolt\n|-supereffective|p2a: Raging Bolt\n|-damage|p2a: Raging Bolt|0 fnt\n|faint|p2a: Raging Bolt\n|-end|p2a: Raging Bolt|Protosynthesis|[silent]\n|-damage|p1a: Venusaur|78/100|[from] item: Life Orb\n|\n|-weather|SunnyDay|[upkeep]\n|upkeep\n|\n|t:|1771240335\n|switch|p2a: Slowking|Slowking-Galar, F|100/100 brn\n|turn|25\n|\n|t:|1771240340\n|-terastallize|p1a: Venusaur|Ground\n|-terastallize|p2a: Slowking|Water\n|move|p1a: Venusaur|Earth Power|p2a: Slowking\n|-damage|p2a: Slowking|43/100 brn\n|-unboost|p2a: Slowking|spd|1\n|-damage|p1a: Venusaur|68/100|[from] item: Life Orb\n|-prepare|p2a: Slowking|Chilly Reception|[premajor]\n|move|p2a: Slowking|Chilly Reception|p2a: Slowking\n|-weather|Snowscape\n|\n|t:|1771240348\n|switch|p2a: Zapdos|Zapdos-Galar|17/100|[from] Chilly Reception\n|-damage|p2a: Zapdos|5/100|[from] Stealth Rock\n|\n|-weather|Snowscape|[upkeep]\n|upkeep\n|turn|26\n|\n|t:|1771240354\n|move|p2a: Zapdos|Close Combat|p1a: Venusaur\n|-damage|p1a: Venusaur|0 fnt\n|-unboost|p2a: Zapdos|def|1\n|-unboost|p2a: Zapdos|spd|1\n|faint|p1a: Venusaur\n|\n|-weather|Snowscape|[upkeep]\n|upkeep\n|\n|t:|1771240357\n|switch|p1a: Walking Wake|Walking Wake|51/100\n|-damage|p1a: Walking Wake|39/100|[from] Spikes\n|turn|27\n|\n|t:|1771240363\n|move|p2a: Zapdos|Close Combat|p1a: Walking Wake\n|-damage|p1a: Walking Wake|0 fnt\n|-unboost|p2a: Zapdos|def|1\n|-unboost|p2a: Zapdos|spd|1\n|faint|p1a: Walking Wake\n|-end|p1a: Walking Wake|Protosynthesis|[silent]\n|\n|win|Cirlox\n|raw|tommytt22's rating: 1640 &rarr; <strong>1621</strong><br />(-19 for losing)\n|raw|Cirlox's rating: 1658 &rarr; <strong>1677</strong><br />(+19 for winning)\n|l|☆tommytt22\n|player|p1|\n|l|☆Cirlox\n|player|p2|\n|l| donothan dozo\n", "uploadtime": 1771240580, "views": 8, "formatid": "gen9ou", "rating": 1621, "private": 0, "password": null}