{"id": "gen9ou-2639293458", "format": "[Gen 9] OU", "players": ["blabab", "puke0711"], "log": "|j|☆blabab\n|j|☆puke0711\n|t:|1782447385\n|gametype|singles\n|player|p1|blabab|miku-ground|1429\n|player|p2|puke0711|265|1332\n|gen|9\n|tier|[Gen 9] OU\n|rated|\n|rule|HP Percentage Mod: HP is shown in percentages\n|rule|Endless Battle Clause: Forcing endless battles is banned\n|rule|Species Clause: Limit one of each Pokémon\n|rule|OHKO Clause: OHKO moves are banned\n|rule|Evasion Items Clause: Evasion items are banned\n|rule|Evasion Moves Clause: Evasion moves are banned\n|rule|Evasion Abilities Clause: Evasion abilities are banned\n|rule|Sleep Moves Clause: Sleep-inducing moves are banned\n|clearpoke\n|poke|p1|Landorus-Therian, M|\n|poke|p1|Kyurem|\n|poke|p1|Alomomola, M|\n|poke|p1|Forretress, M|\n|poke|p1|Conkeldurr, F|\n|poke|p1|Deoxys-Speed|\n|poke|p2|Ceruledge, F|\n|poke|p2|Great Tusk|\n|poke|p2|Garganacl, M|\n|poke|p2|Hatterene, F|\n|poke|p2|Darkrai|\n|poke|p2|Zapdos|\n|teampreview\n|inactive|Battle timer is ON: inactive players will automatically lose when time's up. (requested by blabab)\n|inactive|puke0711 has 120 seconds left.\n|inactive|puke0711 has 90 seconds left.\n|\n|t:|1782447454\n|teamsize|p1|6\n|teamsize|p2|6\n|start\n|switch|p1a: Landorus|Landorus-Therian, M|100/100\n|switch|p2a: Zapdos|Zapdos|100/100\n|-ability|p1a: Landorus|Intimidate|boost\n|-unboost|p2a: Zapdos|atk|1\n|turn|1\n|\n|t:|1782447465\n|move|p1a: Landorus|Sludge Bomb|p2a: Zapdos\n|-damage|p2a: Zapdos|58/100\n|-status|p2a: Zapdos|psn\n|move|p2a: Zapdos|Hurricane|p1a: Landorus\n|-damage|p1a: Landorus|42/100\n|\n|-damage|p2a: Zapdos|46/100 psn|[from] psn\n|upkeep\n|turn|2\n|\n|t:|1782447486\n|switch|p1a: Kyurem|Kyurem|100/100\n|-ability|p1a: Kyurem|Pressure\n|switch|p2a: Great Tusk|Great Tusk|100/100\n|\n|upkeep\n|turn|3\n|\n|t:|1782447498\n|-end|p2a: Great Tusk|Protosynthesis|[silent]\n|switch|p2a: Hatterene|Hatterene, F|100/100\n|move|p1a: Kyurem|Icicle Spear|p2a: Hatterene\n|-damage|p2a: Hatterene|77/100\n|-damage|p2a: Hatterene|54/100\n|-damage|p2a: Hatterene|30/100\n|-damage|p2a: Hatterene|5/100\n|-hitcount|p2a: Hatterene|4\n|\n|upkeep\n|turn|4\n|\n|t:|1782447517\n|move|p1a: Kyurem|Icicle Spear|p2a: Hatterene\n|-damage|p2a: Hatterene|0 fnt\n|faint|p2a: Hatterene\n|-hitcount|p2: Hatterene|1\n|\n|upkeep\n|inactive|puke0711 has 120 seconds left.\n|\n|t:|1782447545\n|switch|p2a: Garganacl|Garganacl, M|100/100\n|turn|5\n|\n|t:|1782447557\n|switch|p1a: Deoxys|Deoxys-Speed|100/100\n|-ability|p1a: Deoxys|Pressure\n|move|p2a: Garganacl|Salt Cure|p1a: Deoxys\n|-crit|p1a: Deoxys\n|-damage|p1a: Deoxys|71/100\n|-start|p1a: Deoxys|Salt Cure\n|\n|-damage|p1a: Deoxys|58/100|[from] Salt Cure\n|upkeep\n|turn|6\n|inactive|puke0711 has 120 seconds left.\n|\n|t:|1782447568\n|switch|p2a: Darkrai|Darkrai|100/100\n|move|p1a: Deoxys|Trick|p2a: Darkrai\n|-activate|p1a: Deoxys|move: Trick|[of] p2a: Darkrai\n|-item|p2a: Darkrai|Choice Specs|[from] move: Trick\n|-item|p1a: Deoxys|Choice Scarf|[from] move: Trick\n|\n|-damage|p1a: Deoxys|46/100|[from] Salt Cure\n|upkeep\n|turn|7\n|inactive|puke0711 has 120 seconds left.\n|\n|t:|1782447579\n|switch|p2a: Ceruledge|Ceruledge, F|100/100\n|move|p1a: Deoxys|Focus Blast|p2a: Ceruledge\n|-immune|p2a: Ceruledge\n|\n|-damage|p1a: Deoxys|34/100|[from] Salt Cure\n|upkeep\n|turn|8\n|inactive|puke0711 has 120 seconds left.\n|\n|t:|1782447588\n|switch|p1a: Alomomola|Alomomola, M|100/100\n|move|p2a: Ceruledge|Swords Dance|p2a: Ceruledge\n|-boost|p2a: Ceruledge|atk|2\n|\n|upkeep\n|turn|9\n|inactive|puke0711 has 120 seconds left.\n|\n|t:|1782447598\n|-terastallize|p2a: Ceruledge|Grass\n|move|p2a: Ceruledge|Swords Dance|p2a: Ceruledge\n|-boost|p2a: Ceruledge|atk|2\n|move|p1a: Alomomola|Flip Turn|p2a: Ceruledge\n|-resisted|p2a: Ceruledge\n|-damage|p2a: Ceruledge|88/100\n|-ability|p2a: Ceruledge|Weak Armor|boost\n|-unboost|p2a: Ceruledge|def|1\n|-boost|p2a: Ceruledge|spe|2\n|\n|t:|1782447620\n|switch|p1a: Landorus|Landorus-Therian, M|42/100|[from] Flip Turn\n|-ability|p1a: Landorus|Intimidate|boost\n|-unboost|p2a: Ceruledge|atk|1\n|\n|upkeep\n|turn|10\n|\n|t:|1782447627\n|switch|p1a: Deoxys|Deoxys-Speed|34/100\n|-ability|p1a: Deoxys|Pressure\n|move|p2a: Ceruledge|Bitter Blade|p1a: Deoxys\n|-damage|p1a: Deoxys|0 fnt\n|-heal|p2a: Ceruledge|100/100|[from] drain|[of] p1a: Deoxys\n|faint|p1a: Deoxys\n|-damage|p2a: Ceruledge|91/100|[from] item: Life Orb\n|\n|upkeep\n|\n|t:|1782447630\n|switch|p1a: Landorus|Landorus-Therian, M|42/100\n|-ability|p1a: Landorus|Intimidate|boost\n|-unboost|p2a: Ceruledge|atk|1\n|turn|11\n|\n|t:|1782447641\n|move|p2a: Ceruledge|Swords Dance|p2a: Ceruledge\n|-boost|p2a: Ceruledge|atk|2\n|move|p1a: Landorus|Sludge Bomb|p2a: Ceruledge\n|-supereffective|p2a: Ceruledge\n|-damage|p2a: Ceruledge|0 fnt\n|faint|p2a: Ceruledge\n|\n|upkeep\n|\n|t:|1782447652\n|switch|p2a: Darkrai|Darkrai|100/100\n|turn|12\n|\n|t:|1782447668\n|switch|p1a: Forretress|Forretress, M|100/100\n|move|p2a: Darkrai|Dark Pulse|p1a: Forretress\n|-ability|p1a: Forretress|Sturdy\n|-damage|p1a: Forretress|1/100\n|\n|upkeep\n|turn|13\n|-enditem|p1a: Forretress|Custap Berry|[eat]\n|-activate|p1a: Forretress|item: Custap Berry|[consumed]\n|\n|t:|1782447688\n|move|p1a: Forretress|Earthquake|p2a: Darkrai\n|-damage|p2a: Darkrai|57/100\n|move|p2a: Darkrai|Dark Pulse|p1a: Forretress\n|-damage|p1a: Forretress|0 fnt\n|faint|p1a: Forretress\n|\n|upkeep\n|\n|t:|1782447691\n|switch|p1a: Conkeldurr|Conkeldurr, F|100/100\n|turn|14\n|\n|t:|1782447705\n|switch|p2a: Great Tusk|Great Tusk|100/100\n|move|p1a: Conkeldurr|Knock Off|p2a: Great Tusk\n|-resisted|p2a: Great Tusk\n|-damage|p2a: Great Tusk|89/100\n|-enditem|p2a: Great Tusk|Leftovers|[from] move: Knock Off|[of] p1a: Conkeldurr\n|\n|upkeep\n|turn|15\n|\n|t:|1782447718\n|switch|p1a: Alomomola|Alomomola, M|100/100\n|move|p2a: Great Tusk|Ice Spinner|p1a: Alomomola\n|-resisted|p1a: Alomomola\n|-damage|p1a: Alomomola|95/100\n|-damage|p2a: Great Tusk|72/100|[from] item: Rocky Helmet|[of] p1a: Alomomola\n|\n|upkeep\n|turn|16\n|\n|t:|1782447728\n|-end|p2a: Great Tusk|Protosynthesis|[silent]\n|switch|p2a: Zapdos|Zapdos|46/100 psn\n|move|p1a: Alomomola|Flip Turn|p2a: Zapdos\n|-damage|p2a: Zapdos|34/100 psn\n|\n|t:|1782447732\n|switch|p1a: Kyurem|Kyurem|100/100|[from] Flip Turn\n|-ability|p1a: Kyurem|Pressure\n|\n|-damage|p2a: Zapdos|22/100 psn|[from] psn\n|upkeep\n|turn|17\n|\n|t:|1782447745\n|-terastallize|p1a: Kyurem|Ice\n|move|p1a: Kyurem|Icicle Spear|p2a: Zapdos\n|-supereffective|p2a: Zapdos\n|-damage|p2a: Zapdos|0 fnt\n|faint|p2a: Zapdos\n|-hitcount|p2: Zapdos|1\n|\n|upkeep\n|\n|t:|1782447753\n|switch|p2a: Garganacl|Garganacl, M|100/100\n|turn|18\n|\n|t:|1782447759\n|move|p1a: Kyurem|Icicle Spear|p2a: Garganacl\n|-damage|p2a: Garganacl|87/100\n|-damage|p2a: Garganacl|72/100\n|-damage|p2a: Garganacl|57/100\n|-damage|p2a: Garganacl|42/100\n|-damage|p2a: Garganacl|26/100\n|-hitcount|p2a: Garganacl|5\n|move|p2a: Garganacl|Salt Cure|p1a: Kyurem\n|-supereffective|p1a: Kyurem\n|-damage|p1a: Kyurem|74/100\n|-start|p1a: Kyurem|Salt Cure\n|\n|-heal|p2a: Garganacl|32/100|[from] item: Leftovers\n|-damage|p1a: Kyurem|62/100|[from] Salt Cure\n|upkeep\n|turn|19\n|\n|t:|1782447780\n|move|p1a: Kyurem|Icicle Spear|p2a: Garganacl\n|-damage|p2a: Garganacl|17/100\n|-damage|p2a: Garganacl|2/100\n|-hitcount|p2a: Garganacl|2\n|move|p2a: Garganacl|Salt Cure|p1a: Kyurem\n|-supereffective|p1a: Kyurem\n|-damage|p1a: Kyurem|34/100\n|\n|-heal|p2a: Garganacl|8/100|[from] item: Leftovers\n|-damage|p1a: Kyurem|22/100|[from] Salt Cure\n|upkeep\n|turn|20\n|\n|t:|1782447792\n|move|p1a: Kyurem|Icicle Spear|p2a: Garganacl\n|-damage|p2a: Garganacl|0 fnt\n|faint|p2a: Garganacl\n|-hitcount|p2: Garganacl|1\n|\n|-damage|p1a: Kyurem|9/100|[from] Salt Cure\n|upkeep\n|\n|t:|1782447800\n|switch|p2a: Darkrai|Darkrai|57/100\n|turn|21\n|\n|t:|1782447807\n|move|p2a: Darkrai|Dark Pulse|p1a: Kyurem\n|-damage|p1a: Kyurem|0 fnt\n|faint|p1a: Kyurem\n|\n|upkeep\n|\n|t:|1782447809\n|switch|p1a: Conkeldurr|Conkeldurr, F|100/100\n|turn|22\n|\n|t:|1782447820\n|switch|p2a: Great Tusk|Great Tusk|72/100\n|move|p1a: Conkeldurr|Bulk Up|p1a: Conkeldurr\n|-boost|p1a: Conkeldurr|atk|1\n|-boost|p1a: Conkeldurr|def|1\n|\n|upkeep\n|turn|23\n|\n|t:|1782447828\n|move|p2a: Great Tusk|Headlong Rush|p1a: Conkeldurr\n|-damage|p1a: Conkeldurr|71/100\n|-unboost|p2a: Great Tusk|def|1\n|-unboost|p2a: Great Tusk|spd|1\n|move|p1a: Conkeldurr|Drain Punch|p2a: Great Tusk\n|-damage|p2a: Great Tusk|5/100\n|-heal|p1a: Conkeldurr|100/100|[from] drain|[of] p2a: Great Tusk\n|\n|upkeep\n|turn|24\n|\n|t:|1782447838\n|move|p1a: Conkeldurr|Mach Punch|p2a: Great Tusk\n|-damage|p2a: Great Tusk|0 fnt\n|faint|p2a: Great Tusk\n|-end|p2a: Great Tusk|Protosynthesis|[silent]\n|\n|upkeep\n|-message|puke0711 forfeited.\n|\n|win|blabab\n|raw|blabab's rating: 1429 &rarr; <strong>1444</strong><br />(+15 for winning)\n|raw|puke0711's rating: 1332 &rarr; <strong>1317</strong><br />(-15 for losing)\n|l|☆puke0711\n|player|p2|\n|l|☆blabab\n|player|p1|\n", "uploadtime": 1782448164, "views": 4, "formatid": "gen9ou", "rating": 1317, "private": 0, "password": null}