{"id": "gen9ou-2639992690", "format": "[Gen 9] OU", "players": ["TheonReekGreyjoy", "Kinair"], "log": "|j|☆TheonReekGreyjoy\n|j|☆Kinair\n|t:|1782559891\n|gametype|singles\n|player|p1|TheonReekGreyjoy|266|1612\n|player|p2|Kinair|169|1562\n|gen|9\n|tier|[Gen 9] OU\n|rated|\n|rule|HP Percentage Mod: HP is shown in percentages\n|rule|Endless Battle Clause: Forcing endless battles is banned\n|rule|Species Clause: Limit one of each Pokémon\n|rule|OHKO Clause: OHKO moves are banned\n|rule|Evasion Items Clause: Evasion items are banned\n|rule|Evasion Moves Clause: Evasion moves are banned\n|rule|Evasion Abilities Clause: Evasion abilities are banned\n|rule|Sleep Moves Clause: Sleep-inducing moves are banned\n|clearpoke\n|poke|p1|Whimsicott, F|\n|poke|p1|Iron Moth|\n|poke|p1|Walking Wake|\n|poke|p1|Great Tusk|\n|poke|p1|Ninetales, F|\n|poke|p1|Comfey, F|\n|poke|p2|Pelipper, F|\n|poke|p2|Kingdra, F|\n|poke|p2|Raging Bolt|\n|poke|p2|Iron Treads|\n|poke|p2|Zamazenta-*|\n|poke|p2|Kingambit, M|\n|teampreview\n|\n|t:|1782559918\n|teamsize|p1|6\n|teamsize|p2|6\n|start\n|switch|p1a: Walking Wake|Walking Wake|100/100\n|switch|p2a: Iron Treads|Iron Treads|100/100\n|-enditem|p2a: Iron Treads|Booster Energy\n|-activate|p2a: Iron Treads|ability: Quark Drive|[fromitem]\n|-start|p2a: Iron Treads|quarkdrivespe\n|turn|1\n|inactive|Battle timer is ON: inactive players will automatically lose when time's up. (requested by Kinair)\n|\n|t:|1782559922\n|move|p2a: Iron Treads|Stealth Rock|p1a: Walking Wake\n|-sidestart|p1: TheonReekGreyjoy|move: Stealth Rock\n|move|p1a: Walking Wake|Hydro Steam|p2a: Iron Treads\n|-supereffective|p2a: Iron Treads\n|-damage|p2a: Iron Treads|6/100\n|\n|upkeep\n|turn|2\n|\n|t:|1782559928\n|move|p2a: Iron Treads|Knock Off|p1a: Walking Wake\n|-damage|p1a: Walking Wake|76/100\n|-enditem|p1a: Walking Wake|Assault Vest|[from] move: Knock Off|[of] p2a: Iron Treads\n|move|p1a: Walking Wake|Hydro Steam|p2a: Iron Treads\n|-supereffective|p2a: Iron Treads\n|-damage|p2a: Iron Treads|0 fnt\n|faint|p2a: Iron Treads\n|-end|p2a: Iron Treads|Quark Drive|[silent]\n|\n|upkeep\n|\n|t:|1782559940\n|switch|p2a: Zamazenta|Zamazenta|100/100\n|-ability|p2a: Zamazenta|Dauntless Shield|boost\n|-boost|p2a: Zamazenta|def|1\n|turn|3\n|\n|t:|1782559945\n|move|p2a: Zamazenta|Body Press|p1a: Walking Wake\n|-damage|p1a: Walking Wake|29/100\n|move|p1a: Walking Wake|Flip Turn|p2a: Zamazenta\n|-damage|p2a: Zamazenta|92/100\n|\n|t:|1782559951\n|-end|p1a: Walking Wake|Protosynthesis|[silent]\n|switch|p1a: Great Tusk|Great Tusk|100/100|[from] Flip Turn\n|-damage|p1a: Great Tusk|98/100|[from] Stealth Rock\n|\n|-heal|p2a: Zamazenta|98/100|[from] item: Leftovers\n|upkeep\n|turn|4\n|\n|t:|1782559981\n|switch|p2a: Pelipper|Pelipper, F|100/100\n|-weather|RainDance|[from] ability: Drizzle|[of] p2a: Pelipper\n|move|p1a: Great Tusk|Rapid Spin|p2a: Pelipper\n|-damage|p2a: Pelipper|89/100\n|-boost|p1a: Great Tusk|spe|1\n|-sideend|p1: TheonReekGreyjoy|Stealth Rock|[from] move: Rapid Spin|[of] p1a: Great Tusk\n|\n|-weather|RainDance|[upkeep]\n|upkeep\n|turn|5\n|\n|t:|1782559997\n|-end|p1a: Great Tusk|Protosynthesis|[silent]\n|switch|p1a: Ninetales|Ninetales, F|100/100\n|-weather|SunnyDay|[from] ability: Drought|[of] p1a: Ninetales\n|move|p2a: Pelipper|U-turn|p1a: Ninetales\n|-resisted|p1a: Ninetales\n|-damage|p1a: Ninetales|95/100\n|\n|t:|1782560000\n|switch|p2a: Raging Bolt|Raging Bolt|100/100|[from] U-turn\n|-activate|p2a: Raging Bolt|ability: Protosynthesis\n|-start|p2a: Raging Bolt|protosynthesisspa\n|\n|-weather|SunnyDay|[upkeep]\n|upkeep\n|turn|6\n|\n|t:|1782560016\n|move|p1a: Ninetales|Will-O-Wisp|p2a: Raging Bolt\n|-status|p2a: Raging Bolt|brn\n|move|p2a: Raging Bolt|Dragon Pulse|p1a: Ninetales\n|-damage|p1a: Ninetales|29/100\n|\n|-weather|SunnyDay|[upkeep]\n|-damage|p2a: Raging Bolt|94/100 brn|[from] brn\n|upkeep\n|turn|7\n|\n|t:|1782560028\n|switch|p1a: Iron Moth|Iron Moth|100/100\n|-enditem|p1a: Iron Moth|Booster Energy\n|-activate|p1a: Iron Moth|ability: Quark Drive|[fromitem]\n|-start|p1a: Iron Moth|quarkdrivespa\n|move|p2a: Raging Bolt|Weather Ball|p1a: Iron Moth\n|-resisted|p1a: Iron Moth\n|-damage|p1a: Iron Moth|60/100\n|\n|-weather|SunnyDay|[upkeep]\n|-damage|p2a: Raging Bolt|88/100 brn|[from] brn\n|upkeep\n|turn|8\n|\n|t:|1782560035\n|move|p1a: Iron Moth|Sludge Wave|p2a: Raging Bolt\n|-damage|p2a: Raging Bolt|18/100 brn\n|move|p2a: Raging Bolt|Dragon Pulse|p1a: Iron Moth\n|-damage|p1a: Iron Moth|0 fnt\n|faint|p1a: Iron Moth\n|-end|p1a: Iron Moth|Quark Drive|[silent]\n|\n|-weather|SunnyDay|[upkeep]\n|-damage|p2a: Raging Bolt|11/100 brn|[from] brn\n|upkeep\n|\n|t:|1782560051\n|switch|p1a: Great Tusk|Great Tusk|98/100\n|-activate|p1a: Great Tusk|ability: Protosynthesis\n|-start|p1a: Great Tusk|protosynthesisspe\n|turn|9\n|\n|t:|1782560057\n|-end|p2a: Raging Bolt|Protosynthesis|[silent]\n|switch|p2a: Pelipper|Pelipper, F|89/100\n|-weather|RainDance|[from] ability: Drizzle|[of] p2a: Pelipper\n|-end|p1a: Great Tusk|Protosynthesis\n|move|p1a: Great Tusk|Ice Spinner|p2a: Pelipper\n|-damage|p2a: Pelipper|70/100\n|\n|-weather|RainDance|[upkeep]\n|upkeep\n|turn|10\n|\n|t:|1782560062\n|move|p1a: Great Tusk|Stealth Rock|p2a: Pelipper\n|-sidestart|p2: Kinair|move: Stealth Rock\n|move|p2a: Pelipper|Surf|p1a: Great Tusk\n|-supereffective|p1a: Great Tusk\n|-damage|p1a: Great Tusk|0 fnt\n|faint|p1a: Great Tusk\n|-end|p1a: Great Tusk|Protosynthesis|[silent]\n|\n|-weather|RainDance|[upkeep]\n|upkeep\n|j| dante1310\n|\n|t:|1782560073\n|switch|p1a: Ninetales|Ninetales, F|29/100\n|-weather|SunnyDay|[from] ability: Drought|[of] p1a: Ninetales\n|turn|11\n|\n|t:|1782560078\n|switch|p1a: Walking Wake|Walking Wake|29/100\n|-activate|p1a: Walking Wake|ability: Protosynthesis\n|-start|p1a: Walking Wake|protosynthesisspe\n|move|p2a: Pelipper|U-turn|p1a: Walking Wake\n|-damage|p1a: Walking Wake|21/100\n|inactive|Kinair has 120 seconds left.\n|j| 0us\n|\n|t:|1782560126\n|switch|p2a: Raging Bolt|Raging Bolt|11/100 brn|[from] U-turn\n|-damage|p2a: Raging Bolt|0 fnt|[from] Stealth Rock\n|faint|p2a: Raging Bolt\n|-end|p2a: Raging Bolt|Protosynthesis|[silent]\n|\n|-weather|SunnyDay|[upkeep]\n|upkeep\n|\n|t:|1782560138\n|switch|p2a: Kingambit|Kingambit, M|100/100\n|-damage|p2a: Kingambit|94/100|[from] Stealth Rock\n|-activate|p2a: Kingambit|ability: Supreme Overlord\n|-start|p2a: Kingambit|fallen2|[silent]\n|turn|12\n|\n|t:|1782560156\n|-end|p1a: Walking Wake|Protosynthesis|[silent]\n|switch|p1a: Ninetales|Ninetales, F|29/100\n|-end|p2a: Kingambit|fallen2|[silent]\n|switch|p2a: Pelipper|Pelipper, F|70/100\n|-damage|p2a: Pelipper|45/100|[from] Stealth Rock\n|-weather|RainDance|[from] ability: Drizzle|[of] p2a: Pelipper\n|\n|-weather|RainDance|[upkeep]\n|upkeep\n|turn|13\n|\n|t:|1782560162\n|move|p1a: Ninetales|Healing Wish|p1a: Ninetales\n|faint|p1a: Ninetales\n|move|p2a: Pelipper|Roost|p2a: Pelipper\n|-heal|p2a: Pelipper|95/100\n|-singleturn|p2a: Pelipper|move: Roost\n|\n|-weather|RainDance|[upkeep]\n|upkeep\n|\n|t:|1782560168\n|switch|p1a: Walking Wake|Walking Wake|21/100\n|-heal|p1a: Walking Wake|100/100|[from] move: Healing Wish\n|turn|14\n|\n|t:|1782560177\n|move|p1a: Walking Wake|Hydro Steam|p2a: Pelipper\n|-resisted|p2a: Pelipper\n|-damage|p2a: Pelipper|58/100\n|move|p2a: Pelipper|Hurricane|p1a: Walking Wake\n|-damage|p1a: Walking Wake|65/100\n|\n|-weather|RainDance|[upkeep]\n|upkeep\n|turn|15\n|\n|t:|1782560186\n|move|p1a: Walking Wake|Knock Off|p2a: Pelipper\n|-damage|p2a: Pelipper|46/100\n|-enditem|p2a: Pelipper|Damp Rock|[from] move: Knock Off|[of] p1a: Walking Wake\n|move|p2a: Pelipper|Hurricane|p1a: Walking Wake\n|-damage|p1a: Walking Wake|30/100\n|\n|-weather|RainDance|[upkeep]\n|upkeep\n|turn|16\n|\n|t:|1782560197\n|move|p1a: Walking Wake|Draco Meteor|p2a: Pelipper\n|-damage|p2a: Pelipper|0 fnt\n|-unboost|p1a: Walking Wake|spa|2\n|faint|p2a: Pelipper\n|\n|-weather|RainDance|[upkeep]\n|upkeep\n|\n|t:|1782560204\n|switch|p2a: Kingdra|Kingdra, F|100/100\n|-damage|p2a: Kingdra|88/100|[from] Stealth Rock\n|turn|17\n|\n|t:|1782560209\n|move|p2a: Kingdra|Hurricane|p1a: Walking Wake\n|-damage|p1a: Walking Wake|0 fnt\n|faint|p1a: Walking Wake\n|-end|p1a: Walking Wake|Protosynthesis|[silent]\n|\n|-weather|RainDance|[upkeep]\n|upkeep\n|\n|t:|1782560217\n|switch|p1a: Comfey|Comfey, F|100/100\n|turn|18\n|\n|t:|1782560221\n|move|p2a: Kingdra|Hurricane|p1a: Comfey\n|-damage|p1a: Comfey|46/100\n|move|p1a: Comfey|Growth|p1a: Comfey\n|-boost|p1a: Comfey|atk|1\n|-boost|p1a: Comfey|spa|1\n|\n|-weather|RainDance|[upkeep]\n|upkeep\n|turn|19\n|\n|t:|1782560229\n|-terastallize|p2a: Kingdra|Water\n|move|p1a: Comfey|Draining Kiss|p2a: Kingdra\n|-damage|p2a: Kingdra|40/100\n|-heal|p1a: Comfey|80/100|[from] drain|[of] p2a: Kingdra\n|-damage|p1a: Comfey|71/100|[from] item: Life Orb\n|move|p2a: Kingdra|Hurricane|p1a: Comfey\n|-damage|p1a: Comfey|16/100\n|\n|-weather|none\n|upkeep\n|turn|20\n|\n|t:|1782560247\n|move|p1a: Comfey|Draining Kiss|p2a: Kingdra\n|-damage|p2a: Kingdra|0 fnt\n|-heal|p1a: Comfey|44/100|[from] drain|[of] p2a: Kingdra\n|faint|p2a: Kingdra\n|-damage|p1a: Comfey|34/100|[from] item: Life Orb\n|\n|upkeep\n|\n|t:|1782560256\n|switch|p2a: Kingambit|Kingambit, M|94/100\n|-damage|p2a: Kingambit|88/100|[from] Stealth Rock\n|-activate|p2a: Kingambit|ability: Supreme Overlord\n|-start|p2a: Kingambit|fallen4|[silent]\n|turn|21\n|\n|t:|1782560261\n|move|p1a: Comfey|Draining Kiss|p2a: Kingambit\n|-damage|p2a: Kingambit|46/100\n|-heal|p1a: Comfey|74/100|[from] drain|[of] p2a: Kingambit\n|-damage|p1a: Comfey|64/100|[from] item: Life Orb\n|move|p2a: Kingambit|Kowtow Cleave|p1a: Comfey\n|-resisted|p1a: Comfey\n|-damage|p1a: Comfey|22/100\n|\n|upkeep\n|turn|22\n|l| dante1310\n|\n|t:|1782560278\n|-terastallize|p1a: Comfey|Water\n|move|p1a: Comfey|Draining Kiss|p2a: Kingambit\n|-damage|p2a: Kingambit|7/100\n|-heal|p1a: Comfey|59/100|[from] drain|[of] p2a: Kingambit\n|-damage|p1a: Comfey|49/100|[from] item: Life Orb\n|move|p2a: Kingambit|Kowtow Cleave|p1a: Comfey\n|-damage|p1a: Comfey|0 fnt\n|faint|p1a: Comfey\n|\n|upkeep\n|j| Kathryne Keyron\n|\n|t:|1782560287\n|switch|p1a: Whimsicott|Whimsicott, F|100/100\n|turn|23\n|-message|Kinair forfeited.\n|\n|win|TheonReekGreyjoy\n|raw|TheonReekGreyjoy's rating: 1612 &rarr; <strong>1629</strong><br />(+17 for winning)\n|raw|Kinair's rating: 1562 &rarr; <strong>1545</strong><br />(-17 for losing)\n|l|☆Kinair\n|player|p2|\n|l| 0us\n", "uploadtime": 1782560527, "views": 6, "formatid": "gen9ou", "rating": 1545, "private": 0, "password": null}