{"id": "gen9ou-2639901359", "format": "[Gen 9] OU", "players": ["tokyo sushi", "Draw Your Sword"], "log": "|badge|p2|bronze|gen9ou|100-9\n|html|<div class=\"broadcast-red\"><strong>This battle is required to be public due to one or more player having a season medal.</strong><br />During the public phase, you can discuss the state of the ladder <a href=\"/seasondiscussion\">in a special chatroom.</a></div>\n|uhtml|medal-msg|<div class=\"broadcast-blue\">Curious what those medals under the avatar are? PS now has Ladder Seasons! For more information, check out the <a href=\"https://www.smogon.com/forums/threads/3740067/\">thread on Smogon.</a></div>\n|raw|<div class=\"broadcast-blue\"><strong>This battle is required to be public due to a player having a name starting with 'medal'.</div>\n|j|☆tokyo sushi\n|j|☆Draw Your Sword\n|t:|1782539435\n|gametype|singles\n|player|p1|tokyo sushi|lass-gen4dp|1650\n|player|p2|Draw Your Sword|psychic-gen4|1821\n|gen|9\n|tier|[Gen 9] OU\n|rated|\n|rule|HP Percentage Mod: HP is shown in percentages\n|rule|Endless Battle Clause: Forcing endless battles is banned\n|rule|Species Clause: Limit one of each Pokémon\n|rule|OHKO Clause: OHKO moves are banned\n|rule|Evasion Items Clause: Evasion items are banned\n|rule|Evasion Moves Clause: Evasion moves are banned\n|rule|Evasion Abilities Clause: Evasion abilities are banned\n|rule|Sleep Moves Clause: Sleep-inducing moves are banned\n|clearpoke\n|poke|p1|Kyurem|\n|poke|p1|Weezing-Galar, M|\n|poke|p1|Zamazenta-*|\n|poke|p1|Ting-Lu|\n|poke|p1|Ogerpon-Wellspring, F|\n|poke|p1|Cresselia, F|\n|poke|p2|Darkrai|\n|poke|p2|Tinkaton, F|\n|poke|p2|Moltres|\n|poke|p2|Pecharunt|\n|poke|p2|Rillaboom, F|\n|poke|p2|Gliscor, F|\n|teampreview\n|j| Garden of Dreams\n|inactive|Battle timer is ON: inactive players will automatically lose when time's up. (requested by tokyo sushi)\n|\n|t:|1782539465\n|teamsize|p1|6\n|teamsize|p2|6\n|start\n|switch|p1a: Zamazenta|Zamazenta|100/100\n|switch|p2a: Darkrai|Darkrai, shiny|100/100\n|-ability|p1a: Zamazenta|Dauntless Shield|boost\n|-boost|p1a: Zamazenta|def|1\n|turn|1\n|\n|t:|1782539470\n|switch|p2a: Pecharunt|Pecharunt|100/100\n|move|p1a: Zamazenta|Crunch|p2a: Pecharunt\n|-supereffective|p2a: Pecharunt\n|-damage|p2a: Pecharunt|68/100\n|-damage|p1a: Zamazenta|91/100|[from] item: Life Orb\n|\n|upkeep\n|turn|2\n|\n|t:|1782539479\n|move|p1a: Zamazenta|Crunch|p2a: Pecharunt\n|-supereffective|p2a: Pecharunt\n|-damage|p2a: Pecharunt|34/100\n|-damage|p1a: Zamazenta|81/100|[from] item: Life Orb\n|move|p2a: Pecharunt|Recover|p2a: Pecharunt\n|-heal|p2a: Pecharunt|84/100\n|\n|upkeep\n|turn|3\n|\n|t:|1782539482\n|switch|p1a: Weezing|Weezing-Galar, M|100/100\n|-ability|p1a: Weezing|Neutralizing Gas\n|move|p2a: Pecharunt|Malignant Chain|p1a: Weezing\n|-damage|p1a: Weezing|58/100\n|\n|upkeep\n|turn|4\n|\n|t:|1782539487\n|move|p2a: Pecharunt|Nasty Plot|p2a: Pecharunt\n|-boost|p2a: Pecharunt|spa|2\n|move|p1a: Weezing|Pain Split|p2a: Pecharunt\n|-sethp|p2a: Pecharunt|68/100|[from] move: Pain Split|[silent]\n|-sethp|p1a: Weezing|77/100|[from] move: Pain Split\n|\n|upkeep\n|turn|5\n|\n|t:|1782539493\n|-end|p1a: Weezing|ability: Neutralizing Gas\n|switch|p1a: Cresselia|Cresselia, F|100/100\n|move|p2a: Pecharunt|Malignant Chain|p1a: Cresselia\n|-damage|p1a: Cresselia|57/100\n|\n|upkeep\n|turn|6\n|\n|t:|1782539499\n|switch|p1a: Ting-Lu|Ting-Lu|100/100\n|-ability|p1a: Ting-Lu|Vessel of Ruin\n|move|p2a: Pecharunt|Shadow Ball|p1a: Ting-Lu\n|-resisted|p1a: Ting-Lu\n|-damage|p1a: Ting-Lu|90/100\n|\n|-heal|p1a: Ting-Lu|96/100|[from] item: Leftovers\n|upkeep\n|turn|7\n|\n|t:|1782539503\n|move|p2a: Pecharunt|Malignant Chain|p1a: Ting-Lu\n|-resisted|p1a: Ting-Lu\n|-damage|p1a: Ting-Lu|83/100\n|-status|p1a: Ting-Lu|tox\n|-start|p1a: Ting-Lu|confusion|[from] ability: Poison Puppeteer|[of] p2a: Pecharunt\n|-activate|p1a: Ting-Lu|confusion\n|-damage|p1a: Ting-Lu|77/100 tox|[from] confusion\n|\n|-heal|p1a: Ting-Lu|83/100 tox|[from] item: Leftovers\n|-damage|p1a: Ting-Lu|77/100 tox|[from] psn\n|upkeep\n|turn|8\n|\n|t:|1782539505\n|move|p2a: Pecharunt|Recover|p2a: Pecharunt\n|-heal|p2a: Pecharunt|100/100\n|-activate|p1a: Ting-Lu|confusion\n|move|p1a: Ting-Lu|Stealth Rock|p2a: Pecharunt\n|-sidestart|p2: Draw Your Sword|move: Stealth Rock\n|\n|-heal|p1a: Ting-Lu|83/100 tox|[from] item: Leftovers\n|-damage|p1a: Ting-Lu|71/100 tox|[from] psn\n|upkeep\n|turn|9\n|\n|t:|1782539510\n|move|p2a: Pecharunt|Nasty Plot|p2a: Pecharunt\n|-boost|p2a: Pecharunt|spa|2\n|-activate|p1a: Ting-Lu|confusion\n|move|p1a: Ting-Lu|Ruination|p2a: Pecharunt\n|-damage|p2a: Pecharunt|51/100\n|\n|-heal|p1a: Ting-Lu|77/100 tox|[from] item: Leftovers\n|-damage|p1a: Ting-Lu|58/100 tox|[from] psn\n|upkeep\n|turn|10\n|\n|t:|1782539512\n|move|p2a: Pecharunt|Recover|p2a: Pecharunt\n|-heal|p2a: Pecharunt|100/100\n|-end|p1a: Ting-Lu|confusion\n|move|p1a: Ting-Lu|Whirlwind|p2a: Pecharunt\n|drag|p2a: Rillaboom|Rillaboom, F, shiny|100/100\n|-fieldstart|move: Grassy Terrain|[from] ability: Grassy Surge|[of] p2a: Rillaboom\n|\n|-heal|p1a: Ting-Lu|65/100 tox|[from] Grassy Terrain\n|-heal|p1a: Ting-Lu|71/100 tox|[from] item: Leftovers\n|-damage|p1a: Ting-Lu|46/100 tox|[from] psn\n|upkeep\n|turn|11\n|\n|t:|1782539517\n|switch|p1a: Weezing|Weezing-Galar, M|77/100\n|-ability|p1a: Weezing|Neutralizing Gas\n|move|p2a: Rillaboom|Wood Hammer|p1a: Weezing\n|-resisted|p1a: Weezing\n|-damage|p1a: Weezing|50/100\n|-damage|p2a: Rillaboom|93/100|[from] Recoil\n|\n|-heal|p2a: Rillaboom|99/100|[from] Grassy Terrain\n|-heal|p1a: Weezing|56/100|[from] Grassy Terrain\n|upkeep\n|turn|12\n|\n|t:|1782539521\n|-end|p1a: Weezing|ability: Neutralizing Gas\n|switch|p1a: Ogerpon|Ogerpon-Wellspring, F|100/100\n|move|p2a: Rillaboom|U-turn|p1a: Ogerpon\n|-supereffective|p1a: Ogerpon\n|-damage|p1a: Ogerpon|34/100\n|\n|t:|1782539525\n|switch|p2a: Darkrai|Darkrai, shiny|100/100|[from] U-turn\n|\n|-heal|p1a: Ogerpon|40/100|[from] Grassy Terrain\n|upkeep\n|turn|13\n|\n|t:|1782539529\n|switch|p1a: Ting-Lu|Ting-Lu|46/100 tox\n|-ability|p1a: Ting-Lu|Vessel of Ruin\n|move|p2a: Darkrai|Will-O-Wisp|p1a: Ting-Lu|[miss]\n|-miss|p2a: Darkrai|p1a: Ting-Lu\n|\n|-heal|p1a: Ting-Lu|52/100 tox|[from] Grassy Terrain\n|-heal|p1a: Ting-Lu|58/100 tox|[from] item: Leftovers\n|-damage|p1a: Ting-Lu|52/100 tox|[from] psn\n|upkeep\n|turn|14\n|\n|t:|1782539532\n|switch|p2a: Gliscor|Gliscor, F, shiny|100/100\n|-damage|p2a: Gliscor|88/100|[from] Stealth Rock\n|move|p1a: Ting-Lu|Ruination|p2a: Gliscor\n|-damage|p2a: Gliscor|44/100\n|\n|-heal|p1a: Ting-Lu|58/100 tox|[from] Grassy Terrain\n|-heal|p1a: Ting-Lu|65/100 tox|[from] item: Leftovers\n|-damage|p1a: Ting-Lu|52/100 tox|[from] psn\n|-fieldend|move: Grassy Terrain\n|-status|p2a: Gliscor|tox|[from] item: Toxic Orb\n|upkeep\n|turn|15\n|\n|t:|1782539534\n|move|p2a: Gliscor|Spikes|p1a: Ting-Lu\n|-sidestart|p1: tokyo sushi|Spikes\n|move|p1a: Ting-Lu|Whirlwind|p2a: Gliscor\n|drag|p2a: Rillaboom|Rillaboom, F, shiny|99/100\n|-fieldstart|move: Grassy Terrain|[from] ability: Grassy Surge|[of] p2a: Rillaboom\n|\n|-heal|p2a: Rillaboom|100/100|[from] Grassy Terrain\n|-heal|p1a: Ting-Lu|58/100 tox|[from] Grassy Terrain\n|-heal|p1a: Ting-Lu|65/100 tox|[from] item: Leftovers\n|-damage|p1a: Ting-Lu|46/100 tox|[from] psn\n|upkeep\n|turn|16\n|\n|t:|1782539540\n|switch|p1a: Weezing|Weezing-Galar, M|56/100\n|-ability|p1a: Weezing|Neutralizing Gas\n|move|p2a: Rillaboom|Wood Hammer|p1a: Weezing\n|-resisted|p1a: Weezing\n|-damage|p1a: Weezing|29/100\n|-damage|p2a: Rillaboom|93/100|[from] Recoil\n|\n|-heal|p2a: Rillaboom|99/100|[from] Grassy Terrain\n|-heal|p1a: Weezing|35/100|[from] Grassy Terrain\n|upkeep\n|turn|17\n|\n|t:|1782539548\n|move|p2a: Rillaboom|U-turn|p1a: Weezing\n|-resisted|p1a: Weezing\n|-damage|p1a: Weezing|30/100\n|\n|t:|1782539549\n|switch|p2a: Gliscor|Gliscor, F, shiny|44/100 tox|[from] U-turn\n|-damage|p2a: Gliscor|32/100 tox|[from] Stealth Rock\n|move|p1a: Weezing|Pain Split|p2a: Gliscor\n|-sethp|p2a: Gliscor|30/100 tox|[from] move: Pain Split|[silent]\n|-sethp|p1a: Weezing|32/100|[from] move: Pain Split\n|\n|-heal|p1a: Weezing|38/100|[from] Grassy Terrain\n|-damage|p2a: Gliscor|24/100 tox|[from] psn\n|upkeep\n|turn|18\n|\n|t:|1782539556\n|-end|p1a: Weezing|ability: Neutralizing Gas\n|switch|p1a: Ogerpon|Ogerpon-Wellspring, F|40/100\n|-damage|p1a: Ogerpon|28/100|[from] Spikes\n|move|p2a: Gliscor|Earthquake|p1a: Ogerpon\n|-resisted|p1a: Ogerpon\n|-damage|p1a: Ogerpon|16/100\n|\n|-heal|p1a: Ogerpon|22/100|[from] Grassy Terrain\n|-heal|p2a: Gliscor|36/100 tox|[from] ability: Poison Heal\n|upkeep\n|turn|19\n|\n|t:|1782539561\n|switch|p2a: Pecharunt|Pecharunt|100/100\n|move|p1a: Ogerpon|Ivy Cudgel|p2a: Pecharunt|[anim] Ivy Cudgel Water\n|-damage|p2a: Pecharunt|73/100\n|\n|-heal|p1a: Ogerpon|28/100|[from] Grassy Terrain\n|-heal|p2a: Pecharunt|79/100|[from] Grassy Terrain\n|-fieldend|move: Grassy Terrain\n|upkeep\n|turn|20\n|\n|t:|1782539565\n|move|p1a: Ogerpon|Ivy Cudgel|p2a: Pecharunt|[anim] Ivy Cudgel Water\n|-damage|p2a: Pecharunt|47/100\n|move|p2a: Pecharunt|Malignant Chain|p1a: Ogerpon\n|-supereffective|p1a: Ogerpon\n|-damage|p1a: Ogerpon|0 fnt\n|faint|p1a: Ogerpon\n|\n|upkeep\n|\n|t:|1782539568\n|switch|p1a: Kyurem|Kyurem|100/100\n|-damage|p1a: Kyurem|88/100|[from] Spikes\n|-ability|p1a: Kyurem|Pressure\n|turn|21\n|\n|t:|1782539578\n|switch|p2a: Tinkaton|Tinkaton, F|100/100\n|-damage|p2a: Tinkaton|94/100|[from] Stealth Rock\n|-ability|p2a: Tinkaton|Mold Breaker\n|move|p1a: Kyurem|Earth Power|p2a: Tinkaton\n|-supereffective|p2a: Tinkaton\n|-damage|p2a: Tinkaton|43/100\n|\n|-heal|p2a: Tinkaton|49/100|[from] item: Leftovers\n|upkeep\n|turn|22\n|j| pls game\n|\n|t:|1782539594\n|switch|p1a: Ting-Lu|Ting-Lu|46/100 tox\n|-damage|p1a: Ting-Lu|33/100 tox|[from] Spikes\n|-ability|p1a: Ting-Lu|Vessel of Ruin\n|switch|p2a: Moltres|Moltres, shiny|100/100\n|\n|-heal|p1a: Ting-Lu|40/100 tox|[from] item: Leftovers\n|-damage|p1a: Ting-Lu|33/100 tox|[from] psn\n|upkeep\n|turn|23\n|\n|t:|1782539597\n|switch|p2a: Gliscor|Gliscor, F, shiny|36/100 tox\n|-damage|p2a: Gliscor|24/100 tox|[from] Stealth Rock\n|move|p1a: Ting-Lu|Ruination|p2a: Gliscor\n|-damage|p2a: Gliscor|12/100 tox\n|\n|-heal|p1a: Ting-Lu|40/100 tox|[from] item: Leftovers\n|-heal|p2a: Gliscor|25/100 tox|[from] ability: Poison Heal\n|-damage|p1a: Ting-Lu|27/100 tox|[from] psn\n|upkeep\n|turn|24\n|l| pls game\n|\n|t:|1782539604\n|switch|p1a: Kyurem|Kyurem|88/100\n|-damage|p1a: Kyurem|76/100|[from] Spikes\n|-ability|p1a: Kyurem|Pressure\n|move|p2a: Gliscor|Spikes|p1a: Kyurem\n|-sidestart|p1: tokyo sushi|Spikes\n|\n|-heal|p2a: Gliscor|37/100 tox|[from] ability: Poison Heal\n|upkeep\n|turn|25\n|\n|t:|1782539608\n|move|p2a: Gliscor|Protect|p2a: Gliscor\n|-singleturn|p2a: Gliscor|Protect\n|move|p1a: Kyurem|Dragon Dance|p1a: Kyurem\n|-boost|p1a: Kyurem|atk|1\n|-boost|p1a: Kyurem|spe|1\n|\n|-heal|p2a: Gliscor|50/100 tox|[from] ability: Poison Heal\n|upkeep\n|turn|26\n|\n|t:|1782539638\n|move|p1a: Kyurem|Freeze-Dry|p2a: Gliscor\n|-supereffective|p2a: Gliscor\n|-damage|p2a: Gliscor|0 fnt\n|faint|p2a: Gliscor\n|\n|upkeep\n|\n|t:|1782539639\n|switch|p2a: Moltres|Moltres, shiny|100/100\n|turn|27\n|\n|t:|1782539643\n|move|p1a: Kyurem|Icicle Spear|p2a: Moltres\n|-damage|p2a: Moltres|87/100\n|-damage|p2a: Moltres|73/100\n|-damage|p2a: Moltres|57/100\n|-damage|p2a: Moltres|44/100\n|-damage|p2a: Moltres|29/100\n|-hitcount|p2a: Moltres|5\n|move|p2a: Moltres|Roar|p1a: Kyurem\n|drag|p1a: Zamazenta|Zamazenta|81/100\n|-damage|p1a: Zamazenta|64/100|[from] Spikes\n|\n|upkeep\n|turn|28\n|\n|t:|1782539651\n|move|p1a: Zamazenta|Stone Edge|p2a: Moltres|[miss]\n|-miss|p1a: Zamazenta|p2a: Moltres\n|move|p2a: Moltres|Roost|p2a: Moltres\n|-heal|p2a: Moltres|79/100\n|-singleturn|p2a: Moltres|move: Roost\n|\n|upkeep\n|turn|29\n|\n|t:|1782539655\n|move|p1a: Zamazenta|Stone Edge|p2a: Moltres|[miss]\n|-miss|p1a: Zamazenta|p2a: Moltres\n|move|p2a: Moltres|Will-O-Wisp|p1a: Zamazenta|[miss]\n|-miss|p2a: Moltres|p1a: Zamazenta\n|\n|upkeep\n|turn|30\n|\n|t:|1782539659\n|move|p1a: Zamazenta|Stone Edge|p2a: Moltres\n|-supereffective|p2a: Moltres\n|-damage|p2a: Moltres|0 fnt\n|faint|p2a: Moltres\n|-damage|p1a: Zamazenta|54/100|[from] item: Life Orb\n|\n|upkeep\n|\n|t:|1782539661\n|switch|p2a: Pecharunt|Pecharunt|47/100\n|turn|31\n|\n|t:|1782539670\n|move|p1a: Zamazenta|Crunch|p2a: Pecharunt\n|-supereffective|p2a: Pecharunt\n|-damage|p2a: Pecharunt|13/100\n|-damage|p1a: Zamazenta|44/100|[from] item: Life Orb\n|move|p2a: Pecharunt|Recover|p2a: Pecharunt\n|-heal|p2a: Pecharunt|63/100\n|\n|upkeep\n|turn|32\n|\n|t:|1782539679\n|switch|p1a: Cresselia|Cresselia, F|57/100\n|move|p2a: Pecharunt|Recover|p2a: Pecharunt\n|-heal|p2a: Pecharunt|100/100\n|\n|upkeep\n|turn|33\n|\n|t:|1782539684\n|-terastallize|p1a: Cresselia|Poison\n|move|p2a: Pecharunt|Nasty Plot|p2a: Pecharunt\n|-boost|p2a: Pecharunt|spa|2\n|move|p1a: Cresselia|Calm Mind|p1a: Cresselia\n|-boost|p1a: Cresselia|spa|1\n|-boost|p1a: Cresselia|spd|1\n|\n|upkeep\n|turn|34\n|\n|t:|1782539689\n|switch|p2a: Tinkaton|Tinkaton, F|49/100\n|-damage|p2a: Tinkaton|43/100|[from] Stealth Rock\n|-ability|p2a: Tinkaton|Mold Breaker\n|move|p1a: Cresselia|Calm Mind|p1a: Cresselia\n|-boost|p1a: Cresselia|spa|1\n|-boost|p1a: Cresselia|spd|1\n|\n|-heal|p2a: Tinkaton|49/100|[from] item: Leftovers\n|upkeep\n|turn|35\n|\n|t:|1782539692\n|switch|p1a: Ting-Lu|Ting-Lu|27/100 tox\n|-damage|p1a: Ting-Lu|11/100 tox|[from] Spikes\n|-ability|p1a: Ting-Lu|Vessel of Ruin\n|move|p2a: Tinkaton|Encore||[still]\n|-fail|p2a: Tinkaton\n|\n|-heal|p2a: Tinkaton|55/100|[from] item: Leftovers\n|-heal|p1a: Ting-Lu|17/100 tox|[from] item: Leftovers\n|-damage|p1a: Ting-Lu|11/100 tox|[from] psn\n|upkeep\n|turn|36\n|\n|t:|1782539696\n|move|p2a: Tinkaton|Gigaton Hammer|p1a: Ting-Lu\n|-damage|p1a: Ting-Lu|0 fnt\n|faint|p1a: Ting-Lu\n|\n|-heal|p2a: Tinkaton|61/100|[from] item: Leftovers\n|upkeep\n|\n|t:|1782539698\n|switch|p1a: Zamazenta|Zamazenta|44/100\n|-damage|p1a: Zamazenta|28/100|[from] Spikes\n|turn|37\n|\n|t:|1782539706\n|switch|p2a: Pecharunt|Pecharunt|100/100\n|move|p1a: Zamazenta|Crunch|p2a: Pecharunt\n|-supereffective|p2a: Pecharunt\n|-damage|p2a: Pecharunt|65/100\n|-damage|p1a: Zamazenta|18/100|[from] item: Life Orb\n|\n|upkeep\n|turn|38\n|\n|t:|1782539714\n|move|p1a: Zamazenta|Crunch|p2a: Pecharunt\n|-supereffective|p2a: Pecharunt\n|-damage|p2a: Pecharunt|33/100\n|-damage|p1a: Zamazenta|8/100|[from] item: Life Orb\n|move|p2a: Pecharunt|Recover|p2a: Pecharunt\n|-heal|p2a: Pecharunt|83/100\n|\n|upkeep\n|turn|39\n|\n|t:|1782539716\n|move|p1a: Zamazenta|Crunch|p2a: Pecharunt\n|-supereffective|p2a: Pecharunt\n|-damage|p2a: Pecharunt|48/100\n|-damage|p1a: Zamazenta|0 fnt|[from] item: Life Orb\n|faint|p1a: Zamazenta\n|move|p2a: Pecharunt|Recover|p2a: Pecharunt\n|-heal|p2a: Pecharunt|98/100\n|\n|upkeep\n|\n|t:|1782539720\n|switch|p1a: Kyurem|Kyurem|76/100\n|-damage|p1a: Kyurem|59/100|[from] Spikes\n|-ability|p1a: Kyurem|Pressure\n|turn|40\n|\n|t:|1782539723\n|move|p1a: Kyurem|Earth Power|p2a: Pecharunt\n|-supereffective|p2a: Pecharunt\n|-damage|p2a: Pecharunt|46/100\n|move|p2a: Pecharunt|Malignant Chain|p1a: Kyurem\n|-damage|p1a: Kyurem|32/100\n|\n|upkeep\n|turn|41\n|\n|t:|1782539736\n|-terastallize|p2a: Pecharunt|Ghost\n|move|p1a: Kyurem|Dragon Dance|p1a: Kyurem\n|-boost|p1a: Kyurem|atk|1\n|-boost|p1a: Kyurem|spe|1\n|move|p2a: Pecharunt|Malignant Chain|p1a: Kyurem\n|-damage|p1a: Kyurem|0 fnt\n|faint|p1a: Kyurem\n|\n|upkeep\n|\n|t:|1782539738\n|switch|p1a: Cresselia|Cresselia, F, tera:Poison|57/100\n|turn|42\n|\n|t:|1782539750\n|move|p2a: Pecharunt|Nasty Plot|p2a: Pecharunt\n|-boost|p2a: Pecharunt|spa|2\n|move|p1a: Cresselia|Stored Power|p2a: Pecharunt\n|-damage|p2a: Pecharunt|40/100\n|\n|upkeep\n|turn|43\n|-message|tokyo sushi forfeited.\n|\n|win|Draw Your Sword\n|raw|tokyo sushi's rating: 1650 &rarr; <strong>1639</strong><br />(-11 for losing)\n|raw|Draw Your Sword's rating: 1821 &rarr; <strong>1832</strong><br />(+11 for winning)\n|l|☆tokyo sushi\n|player|p1|\n|l|☆Draw Your Sword\n|player|p2|\n|l| Garden of Dreams\n", "uploadtime": 1782539965, "views": 5, "formatid": "gen9ou", "rating": 1639, "private": 0, "password": null}