{"id": "gen9ou-2639928062", "format": "[Gen 9] OU", "players": ["Mailiam", "goodgoodcush"], "log": "|j|☆Mailiam\n|j|☆goodgoodcush\n|t:|1782545453\n|gametype|singles\n|player|p1|Mailiam|az|1571\n|player|p2|goodgoodcush|2|1543\n|gen|9\n|tier|[Gen 9] OU\n|rated|\n|rule|HP Percentage Mod: HP is shown in percentages\n|rule|Endless Battle Clause: Forcing endless battles is banned\n|rule|Species Clause: Limit one of each Pokémon\n|rule|OHKO Clause: OHKO moves are banned\n|rule|Evasion Items Clause: Evasion items are banned\n|rule|Evasion Moves Clause: Evasion moves are banned\n|rule|Evasion Abilities Clause: Evasion abilities are banned\n|rule|Sleep Moves Clause: Sleep-inducing moves are banned\n|clearpoke\n|poke|p1|Slither Wing|\n|poke|p1|Ninetales, M|\n|poke|p1|Ceruledge, M|\n|poke|p1|Walking Wake|\n|poke|p1|Great Tusk|\n|poke|p1|Venusaur, M|\n|poke|p2|Deoxys-Speed|\n|poke|p2|Dragonite, F|\n|poke|p2|Gholdengo|\n|poke|p2|Kingambit, F|\n|poke|p2|Ogerpon-Wellspring, F|\n|poke|p2|Great Tusk|\n|teampreview\n|inactive|Battle timer is ON: inactive players will automatically lose when time's up. (requested by Mailiam)\n|\n|t:|1782545466\n|teamsize|p1|6\n|teamsize|p2|6\n|start\n|switch|p1a: naruto|Ninetales, M|100/100\n|switch|p2a: Deoxys|Deoxys-Speed|100/100\n|-ability|p2a: Deoxys|Pressure\n|-weather|SunnyDay|[from] ability: Drought|[of] p1a: naruto\n|turn|1\n|\n|t:|1782545469\n|move|p2a: Deoxys|Stealth Rock|p1a: naruto\n|-sidestart|p1: Mailiam|move: Stealth Rock\n|move|p1a: naruto|Overheat|p2a: Deoxys\n|-damage|p2a: Deoxys|7/100\n|-unboost|p1a: naruto|spa|2\n|\n|-weather|SunnyDay|[upkeep]\n|upkeep\n|turn|2\n|\n|t:|1782545476\n|move|p1a: naruto|Overheat|p2a: Deoxys\n|-damage|p2a: Deoxys|0 fnt\n|-unboost|p1a: naruto|spa|2\n|faint|p2a: Deoxys\n|\n|-weather|SunnyDay|[upkeep]\n|upkeep\n|\n|t:|1782545484\n|switch|p2a: Great Tusk|Great Tusk|100/100\n|-activate|p2a: Great Tusk|ability: Protosynthesis\n|-start|p2a: Great Tusk|protosynthesisspe\n|turn|3\n|\n|t:|1782545490\n|switch|p1a: nah i'd spin|Great Tusk|100/100\n|-damage|p1a: nah i'd spin|97/100|[from] Stealth Rock\n|-activate|p1a: nah i'd spin|ability: Protosynthesis\n|-start|p1a: nah i'd spin|protosynthesisspe\n|move|p2a: Great Tusk|Bulk Up|p2a: Great Tusk\n|-boost|p2a: Great Tusk|atk|1\n|-boost|p2a: Great Tusk|def|1\n|\n|-weather|SunnyDay|[upkeep]\n|upkeep\n|turn|4\n|\n|t:|1782545494\n|move|p1a: nah i'd spin|Rapid Spin|p2a: Great Tusk\n|-damage|p2a: Great Tusk|94/100\n|-boost|p1a: nah i'd spin|spe|1\n|-sideend|p1: Mailiam|Stealth Rock|[from] move: Rapid Spin|[of] p1a: nah i'd spin\n|move|p2a: Great Tusk|Bulk Up|p2a: Great Tusk\n|-boost|p2a: Great Tusk|atk|1\n|-boost|p2a: Great Tusk|def|1\n|\n|-weather|SunnyDay|[upkeep]\n|upkeep\n|turn|5\n|\n|t:|1782545507\n|-end|p1a: nah i'd spin|Protosynthesis|[silent]\n|switch|p1a: red judas|Ceruledge, M|100/100\n|-item|p1a: red judas|Air Balloon\n|move|p2a: Great Tusk|Close Combat|p1a: red judas\n|-immune|p1a: red judas\n|\n|-weather|SunnyDay|[upkeep]\n|upkeep\n|turn|6\n|\n|t:|1782545524\n|move|p2a: Great Tusk|Temper Flare|p1a: red judas\n|-resisted|p1a: red judas\n|-damage|p1a: red judas|13/100\n|-ability|p1a: red judas|Weak Armor|boost\n|-unboost|p1a: red judas|def|1\n|-boost|p1a: red judas|spe|2\n|-enditem|p1a: red judas|Air Balloon\n|move|p1a: red judas|Bitter Blade|p2a: Great Tusk\n|-damage|p2a: Great Tusk|69/100\n|-heal|p1a: red judas|31/100|[from] drain|[of] p2a: Great Tusk\n|\n|-weather|SunnyDay|[upkeep]\n|upkeep\n|turn|7\n|\n|t:|1782545530\n|move|p1a: red judas|Bitter Blade|p2a: Great Tusk\n|-damage|p2a: Great Tusk|47/100\n|-heal|p1a: red judas|46/100|[from] drain|[of] p2a: Great Tusk\n|move|p2a: Great Tusk|Temper Flare|p1a: red judas\n|-resisted|p1a: red judas\n|-crit|p1a: red judas\n|-damage|p1a: red judas|0 fnt\n|faint|p1a: red judas\n|\n|-weather|SunnyDay|[upkeep]\n|upkeep\n|\n|t:|1782545533\n|switch|p1a: Walkenheimer|Walking Wake|100/100\n|-activate|p1a: Walkenheimer|ability: Protosynthesis\n|-start|p1a: Walkenheimer|protosynthesisspe\n|turn|8\n|\n|t:|1782545538\n|-end|p2a: Great Tusk|Protosynthesis|[silent]\n|switch|p2a: Ogerpon|Ogerpon-Wellspring, F|100/100\n|move|p1a: Walkenheimer|Weather Ball|p2a: Ogerpon\n|-damage|p2a: Ogerpon|39/100\n|\n|-weather|none\n|-end|p1a: Walkenheimer|Protosynthesis\n|upkeep\n|turn|9\n|\n|t:|1782545544\n|-end|p1a: Walkenheimer|Protosynthesis|[silent]\n|switch|p1a: naruto|Ninetales, M|100/100\n|-weather|SunnyDay|[from] ability: Drought|[of] p1a: naruto\n|move|p2a: Ogerpon|Trailblaze|p1a: naruto\n|-resisted|p1a: naruto\n|-damage|p1a: naruto|80/100\n|-boost|p2a: Ogerpon|spe|1\n|\n|-weather|SunnyDay|[upkeep]\n|upkeep\n|turn|10\n|\n|t:|1782545551\n|switch|p1a: flowey|Venusaur, M|100/100\n|-terastallize|p2a: Ogerpon|Water\n|detailschange|p2a: Ogerpon|Ogerpon-Wellspring-Tera, F, tera:Water\n|-ability|p2a: Ogerpon|Embody Aspect (Wellspring)|boost\n|-boost|p2a: Ogerpon|spd|1\n|move|p2a: Ogerpon|Trailblaze|p1a: flowey\n|-resisted|p1a: flowey\n|-damage|p1a: flowey|91/100\n|-boost|p2a: Ogerpon|spe|1\n|\n|-weather|SunnyDay|[upkeep]\n|upkeep\n|turn|11\n|\n|t:|1782545556\n|move|p2a: Ogerpon|Ivy Cudgel|p1a: flowey|[anim] Ivy Cudgel Water\n|-resisted|p1a: flowey\n|-damage|p1a: flowey|66/100\n|move|p1a: flowey|Giga Drain|p2a: Ogerpon\n|-supereffective|p2a: Ogerpon\n|-damage|p2a: Ogerpon|0 fnt\n|-heal|p1a: flowey|86/100|[from] drain|[of] p2a: Ogerpon\n|faint|p2a: Ogerpon\n|detailschange|p2: Ogerpon|Ogerpon-Wellspring, F|[silent]\n|-damage|p1a: flowey|76/100|[from] item: Life Orb\n|\n|-weather|SunnyDay|[upkeep]\n|upkeep\n|\n|t:|1782545560\n|switch|p2a: Dragonite|Dragonite, F|100/100\n|turn|12\n|\n|t:|1782545568\n|switch|p1a: nah i'd spin|Great Tusk|97/100\n|-activate|p1a: nah i'd spin|ability: Protosynthesis\n|-start|p1a: nah i'd spin|protosynthesisspe\n|move|p2a: Dragonite|Dragon Dance|p2a: Dragonite\n|-boost|p2a: Dragonite|atk|1\n|-boost|p2a: Dragonite|spe|1\n|\n|-weather|SunnyDay|[upkeep]\n|upkeep\n|turn|13\n|\n|t:|1782545578\n|switch|p2a: Great Tusk|Great Tusk|47/100\n|-activate|p2a: Great Tusk|ability: Protosynthesis\n|-start|p2a: Great Tusk|protosynthesisspe\n|move|p1a: nah i'd spin|Ice Spinner|p2a: Great Tusk\n|-supereffective|p2a: Great Tusk\n|-damage|p2a: Great Tusk|17/100\n|\n|-weather|SunnyDay|[upkeep]\n|upkeep\n|turn|14\n|\n|t:|1782545583\n|move|p1a: nah i'd spin|Ice Spinner|p2a: Great Tusk\n|-supereffective|p2a: Great Tusk\n|-crit|p2a: Great Tusk\n|-damage|p2a: Great Tusk|0 fnt\n|faint|p2a: Great Tusk\n|-end|p2a: Great Tusk|Protosynthesis|[silent]\n|\n|-weather|SunnyDay|[upkeep]\n|upkeep\n|\n|t:|1782545586\n|switch|p2a: Gholdengo|Gholdengo|100/100\n|-item|p2a: Gholdengo|Air Balloon\n|turn|15\n|\n|t:|1782545590\n|-end|p1a: nah i'd spin|Protosynthesis|[silent]\n|switch|p1a: OMG ILY|Slither Wing|100/100\n|-activate|p1a: OMG ILY|ability: Protosynthesis\n|-start|p1a: OMG ILY|protosynthesisatk\n|move|p2a: Gholdengo|Dazzling Gleam|p1a: OMG ILY\n|-supereffective|p1a: OMG ILY\n|-damage|p1a: OMG ILY|64/100\n|\n|-weather|SunnyDay|[upkeep]\n|upkeep\n|turn|16\n|\n|t:|1782545597\n|move|p2a: Gholdengo|Dazzling Gleam|p1a: OMG ILY\n|-supereffective|p1a: OMG ILY\n|-damage|p1a: OMG ILY|29/100\n|move|p1a: OMG ILY|U-turn|p2a: Gholdengo\n|-resisted|p2a: Gholdengo\n|-damage|p2a: Gholdengo|84/100\n|-enditem|p2a: Gholdengo|Air Balloon\n|\n|t:|1782545603\n|-end|p1a: OMG ILY|Protosynthesis|[silent]\n|switch|p1a: nah i'd spin|Great Tusk|97/100|[from] U-turn\n|-activate|p1a: nah i'd spin|ability: Protosynthesis\n|-start|p1a: nah i'd spin|protosynthesisspe\n|\n|-weather|none\n|-end|p1a: nah i'd spin|Protosynthesis\n|upkeep\n|turn|17\n|\n|t:|1782545610\n|-end|p1a: nah i'd spin|Protosynthesis|[silent]\n|switch|p1a: naruto|Ninetales, M|80/100\n|-weather|SunnyDay|[from] ability: Drought|[of] p1a: naruto\n|move|p2a: Gholdengo|Dazzling Gleam|p1a: naruto\n|-resisted|p1a: naruto\n|-crit|p1a: naruto\n|-damage|p1a: naruto|55/100\n|\n|-weather|SunnyDay|[upkeep]\n|upkeep\n|turn|18\n|\n|t:|1782545613\n|move|p1a: naruto|Overheat|p2a: Gholdengo\n|-supereffective|p2a: Gholdengo\n|-damage|p2a: Gholdengo|0 fnt\n|-unboost|p1a: naruto|spa|2\n|faint|p2a: Gholdengo\n|\n|-weather|SunnyDay|[upkeep]\n|upkeep\n|\n|t:|1782545615\n|switch|p2a: Dragonite|Dragonite, F|100/100\n|turn|19\n|\n|t:|1782545617\n|move|p1a: naruto|Will-O-Wisp|p2a: Dragonite\n|-status|p2a: Dragonite|brn\n|move|p2a: Dragonite|Dragon Dance|p2a: Dragonite\n|-boost|p2a: Dragonite|atk|1\n|-boost|p2a: Dragonite|spe|1\n|\n|-weather|SunnyDay|[upkeep]\n|-damage|p2a: Dragonite|94/100 brn|[from] brn\n|upkeep\n|turn|20\n|\n|t:|1782545621\n|move|p2a: Dragonite|Dragon Dance|p2a: Dragonite\n|-boost|p2a: Dragonite|atk|1\n|-boost|p2a: Dragonite|spe|1\n|move|p1a: naruto|Encore|p2a: Dragonite\n|-start|p2a: Dragonite|Encore\n|\n|-weather|SunnyDay|[upkeep]\n|-damage|p2a: Dragonite|88/100 brn|[from] brn\n|upkeep\n|turn|21\n|\n|t:|1782545625\n|switch|p1a: Walkenheimer|Walking Wake|100/100\n|-activate|p1a: Walkenheimer|ability: Protosynthesis\n|-start|p1a: Walkenheimer|protosynthesisspe\n|move|p2a: Dragonite|Dragon Dance|p2a: Dragonite\n|-boost|p2a: Dragonite|atk|1\n|-boost|p2a: Dragonite|spe|1\n|\n|-weather|SunnyDay|[upkeep]\n|-damage|p2a: Dragonite|82/100 brn|[from] brn\n|upkeep\n|turn|22\n|\n|t:|1782545628\n|move|p2a: Dragonite|Dragon Dance|p2a: Dragonite\n|-boost|p2a: Dragonite|atk|1\n|-boost|p2a: Dragonite|spe|1\n|move|p1a: Walkenheimer|Draco Meteor|p2a: Dragonite\n|-supereffective|p2a: Dragonite\n|-damage|p2a: Dragonite|0 fnt\n|-unboost|p1a: Walkenheimer|spa|2\n|faint|p2a: Dragonite\n|\n|-weather|SunnyDay|[upkeep]\n|upkeep\n|\n|t:|1782545630\n|switch|p2a: Kingambit|Kingambit, F|100/100\n|turn|23\n|\n|t:|1782545634\n|move|p1a: Walkenheimer|Weather Ball|p2a: Kingambit\n|-supereffective|p2a: Kingambit\n|-damage|p2a: Kingambit|46/100\n|move|p2a: Kingambit|Low Kick|p1a: Walkenheimer\n|-damage|p1a: Walkenheimer|38/100\n|-damage|p2a: Kingambit|36/100|[from] item: Life Orb\n|\n|-weather|SunnyDay|[upkeep]\n|upkeep\n|turn|24\n|\n|t:|1782545640\n|move|p2a: Kingambit|Sucker Punch|p1a: Walkenheimer\n|-damage|p1a: Walkenheimer|0 fnt\n|faint|p1a: Walkenheimer\n|-end|p1a: Walkenheimer|Protosynthesis|[silent]\n|-damage|p2a: Kingambit|26/100|[from] item: Life Orb\n|\n|-weather|none\n|upkeep\n|\n|t:|1782545643\n|switch|p1a: OMG ILY|Slither Wing|29/100\n|turn|25\n|\n|t:|1782545646\n|move|p1a: OMG ILY|First Impression|p2a: Kingambit\n|-damage|p2a: Kingambit|0 fnt\n|faint|p2a: Kingambit\n|\n|win|Mailiam\n|raw|Mailiam's rating: 1571 &rarr; <strong>1589</strong><br />(+18 for winning)\n|raw|goodgoodcush's rating: 1543 &rarr; <strong>1525</strong><br />(-18 for losing)\n|l|☆goodgoodcush\n|player|p2|\n|l|☆Mailiam\n|player|p1|\n", "uploadtime": 1782545905, "views": 6, "formatid": "gen9ou", "rating": 1525, "private": 0, "password": null}