{"id": "gen9ou-2540829479", "format": "[Gen 9] OU", "players": ["a jellyfish", "3idk"], "log": "|j|☆a jellyfish\n|j|☆3idk\n|t:|1771258386\n|gametype|singles\n|player|p1|a jellyfish|bianca|1716\n|player|p2|3idk|cynthia-masters|1788\n|gen|9\n|tier|[Gen 9] OU\n|rated|\n|rule|HP Percentage Mod: HP is shown in percentages\n|rule|Endless Battle Clause: Forcing endless battles is banned\n|rule|Species Clause: Limit one of each Pokémon\n|rule|OHKO Clause: OHKO moves are banned\n|rule|Evasion Items Clause: Evasion items are banned\n|rule|Evasion Moves Clause: Evasion moves are banned\n|rule|Evasion Abilities Clause: Evasion abilities are banned\n|rule|Sleep Moves Clause: Sleep-inducing moves are banned\n|clearpoke\n|poke|p1|Hoopa-Unbound|\n|poke|p1|Dragapult, F|\n|poke|p1|Chesnaught, F|\n|poke|p1|Hatterene, F|\n|poke|p1|Alomomola, F|\n|poke|p1|Great Tusk|\n|poke|p2|Pelipper, F|\n|poke|p2|Hatterene, F|\n|poke|p2|Iron Treads|\n|poke|p2|Toxicroak, F|\n|poke|p2|Barraskewda, F|\n|poke|p2|Zapdos|\n|teampreview\n|inactive|Battle timer is ON: inactive players will automatically lose when time's up. (requested by a jellyfish)\n|inactive|3idk also wants the timer to be on.\n|inactive|3idk has 120 seconds left.\n|\n|t:|1771258423\n|teamsize|p1|6\n|teamsize|p2|6\n|start\n|switch|p1a: Hoopa|Hoopa-Unbound|100/100\n|switch|p2a: Pelipper|Pelipper, F|100/100\n|-weather|RainDance|[from] ability: Drizzle|[of] p2a: Pelipper\n|turn|1\n|\n|t:|1771258426\n|switch|p2a: Hatterene|Hatterene, F|100/100\n|move|p1a: Hoopa|Knock Off|p2a: Hatterene\n|-crit|p2a: Hatterene\n|-damage|p2a: Hatterene|0 fnt\n|-enditem|p2a: Hatterene|Eject Button|[from] move: Knock Off|[of] p1a: Hoopa\n|faint|p2a: Hatterene\n|\n|-weather|RainDance|[upkeep]\n|upkeep\n|c|☆3idk|oh boy\n|\n|t:|1771258437\n|switch|p2a: Barraskewda|Barraskewda, F|100/100\n|turn|2\n|\n|t:|1771258440\n|switch|p1a: Chesnaught|Chesnaught, F, shiny|100/100\n|move|p2a: Barraskewda|Flip Turn|p1a: Chesnaught\n|-resisted|p1a: Chesnaught\n|-damage|p1a: Chesnaught|75/100\n|-damage|p2a: Barraskewda|84/100|[from] item: Rocky Helmet|[of] p1a: Chesnaught\n|\n|t:|1771258444\n|switch|p2a: Zapdos|Zapdos|100/100|[from] Flip Turn\n|\n|-weather|RainDance|[upkeep]\n|upkeep\n|turn|3\n|\n|t:|1771258447\n|switch|p1a: Alomomola|Alomomola, F|100/100\n|move|p2a: Zapdos|Hurricane|p1a: Alomomola\n|-damage|p1a: Alomomola|55/100\n|\n|-weather|RainDance|[upkeep]\n|upkeep\n|turn|4\n|\n|t:|1771258457\n|-terastallize|p2a: Zapdos|Flying\n|-terastallize|p1a: Alomomola|Steel\n|move|p2a: Zapdos|Hurricane|p1a: Alomomola\n|-resisted|p1a: Alomomola\n|-crit|p1a: Alomomola\n|-damage|p1a: Alomomola|9/100\n|-start|p1a: Alomomola|confusion\n|-activate|p1a: Alomomola|confusion\n|move|p1a: Alomomola|Mirror Coat|p2a: Zapdos\n|-damage|p2a: Zapdos|0 fnt\n|faint|p2a: Zapdos\n|\n|-weather|RainDance|[upkeep]\n|upkeep\n|\n|t:|1771258463\n|switch|p2a: Barraskewda|Barraskewda, F|84/100\n|turn|5\n|inactive|a jellyfish has 120 seconds left.\n|j| dtybb\n|\n|t:|1771258503\n|move|p2a: Barraskewda|Flip Turn|p1a: Alomomola\n|-damage|p1a: Alomomola|0 fnt\n|faint|p1a: Alomomola\n|\n|t:|1771258513\n|switch|p2a: Iron Treads|Iron Treads|100/100|[from] Flip Turn\n|\n|-weather|RainDance|[upkeep]\n|upkeep\n|j| hbgzd\n|\n|t:|1771258520\n|switch|p1a: Great Tusk|Great Tusk|100/100\n|turn|6\n|\n|t:|1771258525\n|-end|p2a: Iron Treads|Quark Drive|[silent]\n|switch|p2a: Pelipper|Pelipper, F|100/100\n|move|p1a: Great Tusk|Close Combat|p2a: Pelipper\n|-resisted|p2a: Pelipper\n|-damage|p2a: Pelipper|66/100\n|-unboost|p1a: Great Tusk|def|1\n|-unboost|p1a: Great Tusk|spd|1\n|-enditem|p1a: Great Tusk|Eject Pack\n|\n|t:|1771258527\n|-end|p1a: Great Tusk|Protosynthesis|[silent]\n|switch|p1a: Hoopa|Hoopa-Unbound|100/100\n|\n|-weather|RainDance|[upkeep]\n|upkeep\n|turn|7\n|\n|t:|1771258531\n|move|p1a: Hoopa|Zen Headbutt|p2a: Pelipper\n|-damage|p2a: Pelipper|0 fnt\n|faint|p2a: Pelipper\n|\n|-weather|RainDance|[upkeep]\n|upkeep\n|-message|3idk forfeited.\n|\n|win|a jellyfish\n|raw|a jellyfish's rating: 1716 &rarr; <strong>1740</strong><br />(+24 for winning)\n|raw|3idk's rating: 1788 &rarr; <strong>1764</strong><br />(-24 for losing)\n|l|☆3idk\n|player|p2|\n|l|☆a jellyfish\n|player|p1|\n", "uploadtime": 1771258757, "views": 11, "formatid": "gen9ou", "rating": 1740, "private": 0, "password": null}