{"id": "gen9ou-2540801255", "format": "[Gen 9] OU", "players": ["team10thPlanet", "burrolio"], "log": "|j|☆team10thPlanet\n|j|☆burrolio\n|t:|1771255454\n|gametype|singles\n|player|p1|team10thPlanet|alder|1663\n|player|p2|burrolio|1|1655\n|gen|9\n|tier|[Gen 9] OU\n|rated|\n|rule|HP Percentage Mod: HP is shown in percentages\n|rule|Endless Battle Clause: Forcing endless battles is banned\n|rule|Species Clause: Limit one of each Pokémon\n|rule|OHKO Clause: OHKO moves are banned\n|rule|Evasion Items Clause: Evasion items are banned\n|rule|Evasion Moves Clause: Evasion moves are banned\n|rule|Evasion Abilities Clause: Evasion abilities are banned\n|rule|Sleep Moves Clause: Sleep-inducing moves are banned\n|clearpoke\n|poke|p1|Dragonite, F|\n|poke|p1|Zamazenta-*|\n|poke|p1|Araquanid, F|\n|poke|p1|Iron Treads|\n|poke|p1|Zapdos|\n|poke|p1|Hoopa-Unbound|\n|poke|p2|Goodra-Hisui, F|\n|poke|p2|Cinderace, M|\n|poke|p2|Iron Valiant|\n|poke|p2|Kyurem|\n|poke|p2|Landorus-Therian, M|\n|poke|p2|Darkrai|\n|teampreview\n|\n|t:|1771255464\n|teamsize|p1|6\n|teamsize|p2|6\n|start\n|switch|p1a: Hoopa|Hoopa-Unbound|100/100\n|switch|p2a: Cinderace|Cinderace, M|100/100\n|turn|1\n|j| Slakinglover64\n|\n|t:|1771255477\n|switch|p1a: PlsNoHatt&Ace|Araquanid, F, shiny|100/100\n|move|p2a: Cinderace|U-turn|p1a: PlsNoHatt&Ace\n|-damage|p1a: PlsNoHatt&Ace|76/100\n|\n|t:|1771255482\n|switch|p2a: Kyurem|Kyurem|100/100|[from] U-turn\n|-ability|p2a: Kyurem|Pressure\n|\n|upkeep\n|turn|2\n|\n|t:|1771255488\n|move|p2a: Kyurem|Dragon Dance|p2a: Kyurem\n|-boost|p2a: Kyurem|atk|1\n|-boost|p2a: Kyurem|spe|1\n|move|p1a: PlsNoHatt&Ace|Endeavor|p2a: Kyurem\n|-damage|p2a: Kyurem|66/100\n|\n|upkeep\n|turn|3\n|\n|t:|1771255495\n|move|p1a: PlsNoHatt&Ace|Endure|p1a: PlsNoHatt&Ace\n|-singleturn|p1a: PlsNoHatt&Ace|move: Endure\n|move|p2a: Kyurem|Dragon Dance|p2a: Kyurem\n|-boost|p2a: Kyurem|atk|1\n|-boost|p2a: Kyurem|spe|1\n|\n|upkeep\n|turn|4\n|\n|t:|1771255504\n|move|p1a: PlsNoHatt&Ace|Endure||[still]\n|-fail|p1a: PlsNoHatt&Ace\n|move|p2a: Kyurem|Dragon Dance|p2a: Kyurem\n|-boost|p2a: Kyurem|atk|1\n|-boost|p2a: Kyurem|spe|1\n|\n|upkeep\n|turn|5\n|\n|t:|1771255510\n|move|p1a: PlsNoHatt&Ace|Endure|p1a: PlsNoHatt&Ace\n|-singleturn|p1a: PlsNoHatt&Ace|move: Endure\n|move|p2a: Kyurem|Dragon Dance|p2a: Kyurem\n|-boost|p2a: Kyurem|atk|1\n|-boost|p2a: Kyurem|spe|1\n|\n|upkeep\n|turn|6\n|\n|t:|1771255518\n|move|p1a: PlsNoHatt&Ace|Endure||[still]\n|-fail|p1a: PlsNoHatt&Ace\n|move|p2a: Kyurem|Dragon Dance|p2a: Kyurem\n|-boost|p2a: Kyurem|atk|1\n|-boost|p2a: Kyurem|spe|1\n|\n|upkeep\n|turn|7\n|\n|t:|1771255525\n|move|p1a: PlsNoHatt&Ace|Endure|p1a: PlsNoHatt&Ace\n|-singleturn|p1a: PlsNoHatt&Ace|move: Endure\n|move|p2a: Kyurem|Dragon Dance|p2a: Kyurem\n|-boost|p2a: Kyurem|atk|1\n|-boost|p2a: Kyurem|spe|1\n|\n|upkeep\n|turn|8\n|\n|t:|1771255533\n|move|p1a: PlsNoHatt&Ace|Endure||[still]\n|-fail|p1a: PlsNoHatt&Ace\n|move|p2a: Kyurem|Dragon Dance|p2a: Kyurem\n|-boost|p2a: Kyurem|atk|0\n|-boost|p2a: Kyurem|spe|0\n|\n|upkeep\n|turn|9\n|\n|t:|1771255541\n|move|p1a: PlsNoHatt&Ace|Endure|p1a: PlsNoHatt&Ace\n|-singleturn|p1a: PlsNoHatt&Ace|move: Endure\n|move|p2a: Kyurem|Icicle Spear|p1a: PlsNoHatt&Ace\n|-resisted|p1a: PlsNoHatt&Ace\n|-damage|p1a: PlsNoHatt&Ace|49/100\n|-resisted|p1a: PlsNoHatt&Ace\n|-damage|p1a: PlsNoHatt&Ace|21/100\n|-resisted|p1a: PlsNoHatt&Ace\n|-activate|p1a: PlsNoHatt&Ace|move: Endure\n|-damage|p1a: PlsNoHatt&Ace|1/100\n|-resisted|p1a: PlsNoHatt&Ace\n|-activate|p1a: PlsNoHatt&Ace|move: Endure\n|-damage|p1a: PlsNoHatt&Ace|1/100\n|-hitcount|p1a: PlsNoHatt&Ace|4\n|\n|upkeep\n|turn|10\n|-enditem|p1a: PlsNoHatt&Ace|Custap Berry|[eat]\n|-activate|p1a: PlsNoHatt&Ace|item: Custap Berry|[consumed]\n|\n|t:|1771255556\n|move|p1a: PlsNoHatt&Ace|Endeavor|p2a: Kyurem\n|-damage|p2a: Kyurem|1/100\n|move|p2a: Kyurem|Icicle Spear|p1a: PlsNoHatt&Ace\n|-resisted|p1a: PlsNoHatt&Ace\n|-damage|p1a: PlsNoHatt&Ace|0 fnt\n|faint|p1a: PlsNoHatt&Ace\n|-hitcount|p1: PlsNoHatt&Ace|1\n|\n|upkeep\n|\n|t:|1771255569\n|switch|p1a: Dragonite|Dragonite, F|100/100\n|turn|11\n|\n|t:|1771255574\n|switch|p2a: Landorus|Landorus-Therian, M|100/100\n|-ability|p2a: Landorus|Intimidate|boost\n|-unboost|p1a: Dragonite|atk|1\n|move|p1a: Dragonite|Earthquake|p2a: Landorus\n|-immune|p2a: Landorus\n|\n|upkeep\n|turn|12\n|\n|t:|1771255592\n|switch|p1a: Iron Treads|Iron Treads|100/100\n|-enditem|p1a: Iron Treads|Booster Energy\n|-activate|p1a: Iron Treads|ability: Quark Drive|[fromitem]\n|-start|p1a: Iron Treads|quarkdrivespe\n|move|p2a: Landorus|Taunt|p1a: Iron Treads\n|-start|p1a: Iron Treads|move: Taunt\n|\n|upkeep\n|turn|13\n|\n|t:|1771255601\n|move|p1a: Iron Treads|Ice Spinner|p2a: Landorus\n|-supereffective|p2a: Landorus\n|-damage|p2a: Landorus|7/100\n|-damage|p1a: Iron Treads|84/100|[from] item: Rocky Helmet|[of] p2a: Landorus\n|move|p2a: Landorus|Earth Power|p1a: Iron Treads\n|-supereffective|p1a: Iron Treads\n|-damage|p1a: Iron Treads|0 fnt\n|faint|p1a: Iron Treads\n|-end|p1a: Iron Treads|Quark Drive|[silent]\n|\n|upkeep\n|\n|t:|1771255611\n|switch|p1a: Hoopa|Hoopa-Unbound|100/100\n|turn|14\n|\n|t:|1771255619\n|move|p1a: Hoopa|Tera Blast|p2a: Landorus\n|-damage|p2a: Landorus|0 fnt\n|faint|p2a: Landorus\n|\n|upkeep\n|\n|t:|1771255627\n|switch|p2a: Cinderace|Cinderace, M|100/100\n|turn|15\n|\n|t:|1771255644\n|switch|p1a: Zapdos|Zapdos|100/100\n|move|p2a: Cinderace|Pyro Ball|p1a: Zapdos\n|-damage|p1a: Zapdos|57/100\n|\n|upkeep\n|turn|16\n|\n|t:|1771255654\n|move|p2a: Cinderace|U-turn|p1a: Zapdos\n|-resisted|p1a: Zapdos\n|-damage|p1a: Zapdos|48/100\n|\n|t:|1771255656\n|switch|p2a: Iron Valiant|Iron Valiant|100/100|[from] U-turn\n|-enditem|p2a: Iron Valiant|Booster Energy\n|-activate|p2a: Iron Valiant|ability: Quark Drive|[fromitem]\n|-start|p2a: Iron Valiant|quarkdrivespe\n|move|p1a: Zapdos|Thunderbolt|p2a: Iron Valiant\n|-damage|p2a: Iron Valiant|37/100\n|\n|upkeep\n|turn|17\n|\n|t:|1771255674\n|move|p2a: Iron Valiant|Spirit Break|p1a: Zapdos\n|-damage|p1a: Zapdos|22/100\n|-unboost|p1a: Zapdos|spa|1\n|-status|p2a: Iron Valiant|par|[from] ability: Static|[of] p1a: Zapdos\n|move|p1a: Zapdos|Thunderbolt|p2a: Iron Valiant\n|-damage|p2a: Iron Valiant|0 fnt\n|faint|p2a: Iron Valiant\n|-end|p2a: Iron Valiant|Quark Drive|[silent]\n|\n|upkeep\n|\n|t:|1771255682\n|switch|p2a: Kyurem|Kyurem|1/100\n|-ability|p2a: Kyurem|Pressure\n|turn|18\n|\n|t:|1771255692\n|move|p2a: Kyurem|Scale Shot|p1a: Zapdos\n|-damage|p1a: Zapdos|13/100\n|-damage|p1a: Zapdos|3/100\n|-damage|p1a: Zapdos|0 fnt\n|faint|p1a: Zapdos\n|-hitcount|p1: Zapdos|3\n|-unboost|p2a: Kyurem|def|1\n|-boost|p2a: Kyurem|spe|1\n|\n|upkeep\n|\n|t:|1771255702\n|switch|p1a: Dragonite|Dragonite, F|100/100\n|turn|19\n|\n|t:|1771255706\n|move|p1a: Dragonite|Extreme Speed|p2a: Kyurem\n|-damage|p2a: Kyurem|0 fnt\n|faint|p2a: Kyurem\n|\n|upkeep\n|c|☆burrolio|No espeed earlier was a crazy play but fair play to you\n|\n|t:|1771255727\n|switch|p2a: Goodra|Goodra-Hisui, F|100/100\n|turn|20\n|\n|t:|1771255734\n|switch|p1a: Zamazenta|Zamazenta|100/100\n|-ability|p1a: Zamazenta|Dauntless Shield|boost\n|-boost|p1a: Zamazenta|def|1\n|move|p2a: Goodra|Flash Cannon|p1a: Zamazenta\n|-damage|p1a: Zamazenta|65/100\n|\n|upkeep\n|turn|21\n|\n|t:|1771255752\n|-terastallize|p2a: Goodra|Fairy\n|move|p1a: Zamazenta|Close Combat|p2a: Goodra\n|-resisted|p2a: Goodra\n|-damage|p2a: Goodra|57/100\n|-unboost|p1a: Zamazenta|def|1\n|-unboost|p1a: Zamazenta|spd|1\n|move|p2a: Goodra|Draco Meteor|p1a: Zamazenta\n|-damage|p1a: Zamazenta|0 fnt\n|-unboost|p2a: Goodra|spa|2\n|faint|p1a: Zamazenta\n|\n|upkeep\n|\n|t:|1771255768\n|switch|p1a: Dragonite|Dragonite, F|100/100\n|turn|22\n|\n|t:|1771255773\n|-terastallize|p1a: Dragonite|Normal\n|move|p1a: Dragonite|Extreme Speed|p2a: Goodra\n|-damage|p2a: Goodra|0 fnt\n|faint|p2a: Goodra\n|\n|upkeep\n|\n|t:|1771255777\n|switch|p2a: Cinderace|Cinderace, M|100/100\n|turn|23\n|\n|t:|1771255794\n|move|p1a: Dragonite|Extreme Speed|p2a: Cinderace\n|-damage|p2a: Cinderace|0 fnt\n|faint|p2a: Cinderace\n|\n|upkeep\n|l| Slakinglover64\n|c|☆burrolio|Is that banded?\n|\n|t:|1771255812\n|switch|p2a: Darkrai|Darkrai|100/100\n|turn|24\n|c|☆team10thPlanet|yes sir\n|c|☆team10thPlanet|adament\n|\n|t:|1771255822\n|move|p1a: Dragonite|Extreme Speed|p2a: Darkrai\n|-damage|p2a: Darkrai|8/100\n|move|p2a: Darkrai|Focus Blast|p1a: Dragonite|[miss]\n|-miss|p2a: Darkrai|p1a: Dragonite\n|\n|upkeep\n|turn|25\n|c|☆burrolio|Wild predict earlier\n|c|☆burrolio|Gg\n|-message|burrolio forfeited.\n|\n|win|team10thPlanet\n|raw|team10thPlanet's rating: 1663 &rarr; <strong>1683</strong><br />(+20 for winning)\n|raw|burrolio's rating: 1655 &rarr; <strong>1635</strong><br />(-20 for losing)\n|l|☆burrolio\n|player|p2|\n|c|☆team10thPlanet|gg\n", "uploadtime": 1771256010, "views": 5, "formatid": "gen9ou", "rating": 1635, "private": 0, "password": null}