{"id": "gen9ou-2540940024", "format": "[Gen 9] OU", "players": ["alexander90281", "Tumbletown"], "log": "|j|☆alexander90281\n|j|☆Tumbletown\n|t:|1771269152\n|gametype|singles\n|player|p1|alexander90281|tateandliza-gen3|1544\n|player|p2|Tumbletown|hilda|1548\n|gen|9\n|tier|[Gen 9] OU\n|rated|\n|rule|HP Percentage Mod: HP is shown in percentages\n|rule|Endless Battle Clause: Forcing endless battles is banned\n|rule|Species Clause: Limit one of each Pokémon\n|rule|OHKO Clause: OHKO moves are banned\n|rule|Evasion Items Clause: Evasion items are banned\n|rule|Evasion Moves Clause: Evasion moves are banned\n|rule|Evasion Abilities Clause: Evasion abilities are banned\n|rule|Sleep Moves Clause: Sleep-inducing moves are banned\n|clearpoke\n|poke|p1|Mimikyu, M|\n|poke|p1|Hatterene, F|\n|poke|p1|Ursaluna, F|\n|poke|p1|Raging Bolt|\n|poke|p1|Iron Valiant|\n|poke|p1|Haxorus, M|\n|poke|p2|Barraskewda, F|\n|poke|p2|Pelipper, F|\n|poke|p2|Raging Bolt|\n|poke|p2|Iron Treads|\n|poke|p2|Zapdos|\n|poke|p2|Indeedee, M|\n|teampreview\n|\n|t:|1771269169\n|teamsize|p1|6\n|teamsize|p2|6\n|start\n|switch|p1a: Haxorus|Haxorus, M|100/100\n|switch|p2a: Iron Treads|Iron Treads|100/100\n|-ability|p1a: Haxorus|Mold Breaker\n|-item|p2a: Iron Treads|Air Balloon\n|turn|1\n|\n|t:|1771269177\n|-end|p2a: Iron Treads|Quark Drive|[silent]\n|switch|p2a: Zapdos|Zapdos|100/100\n|move|p1a: Haxorus|Scale Shot|p2a: Zapdos\n|-damage|p2a: Zapdos|82/100\n|-damage|p2a: Zapdos|64/100\n|-damage|p2a: Zapdos|46/100\n|-damage|p2a: Zapdos|28/100\n|-hitcount|p2a: Zapdos|4\n|-unboost|p1a: Haxorus|def|1\n|-boost|p1a: Haxorus|spe|1\n|\n|upkeep\n|turn|2\n|\n|t:|1771269181\n|move|p1a: Haxorus|Scale Shot|p2a: Zapdos\n|-damage|p2a: Zapdos|10/100\n|-damage|p2a: Zapdos|0 fnt\n|faint|p2a: Zapdos\n|-hitcount|p2: Zapdos|2\n|-unboost|p1a: Haxorus|def|1\n|-boost|p1a: Haxorus|spe|1\n|\n|upkeep\n|\n|t:|1771269189\n|switch|p2a: Iron Treads|Iron Treads|100/100\n|-item|p2a: Iron Treads|Air Balloon\n|turn|3\n|\n|t:|1771269193\n|-terastallize|p1a: Haxorus|Fire\n|move|p1a: Haxorus|Tera Blast|p2a: Iron Treads|[anim] Tera Blast Fire\n|-supereffective|p2a: Iron Treads\n|-damage|p2a: Iron Treads|28/100\n|-enditem|p2a: Iron Treads|Air Balloon\n|move|p2a: Iron Treads|Earthquake|p1a: Haxorus\n|-supereffective|p1a: Haxorus\n|-damage|p1a: Haxorus|0 fnt\n|faint|p1a: Haxorus\n|\n|upkeep\n|\n|t:|1771269202\n|switch|p1a: Hatterene|Hatterene, F|100/100\n|turn|4\n|\n|t:|1771269218\n|-end|p2a: Iron Treads|Quark Drive|[silent]\n|switch|p2a: Barraskewda|Barraskewda, F, shiny|100/100\n|move|p1a: Hatterene|Trick Room|p1a: Hatterene\n|-fieldstart|move: Trick Room|[of] p1a: Hatterene\n|\n|upkeep\n|turn|5\n|\n|t:|1771269235\n|-terastallize|p2a: Barraskewda|Water\n|move|p1a: Hatterene|Psychic Noise|p2a: Barraskewda\n|-damage|p2a: Barraskewda|0 fnt\n|faint|p2a: Barraskewda\n|\n|upkeep\n|-message|Tumbletown forfeited.\n|\n|win|alexander90281\n|raw|alexander90281's rating: 1544 &rarr; <strong>1564</strong><br />(+20 for winning)\n|raw|Tumbletown's rating: 1548 &rarr; <strong>1528</strong><br />(-20 for losing)\n|l|☆Tumbletown\n|player|p2|\n|l|☆alexander90281\n|player|p1|\n", "uploadtime": 1771269471, "views": 3, "formatid": "gen9ou", "rating": 1528, "private": 0, "password": null}