{"id": "gen9ou-2540621909", "format": "[Gen 9] OU", "players": ["I-fear-the-weak", "mankindes"], "log": "|j|☆I-fear-the-weak\n|j|☆mankindes\n|t:|1771228971\n|gametype|singles\n|player|p1|I-fear-the-weak|169|1644\n|player|p2|mankindes|170|1653\n|gen|9\n|tier|[Gen 9] OU\n|rated|\n|rule|HP Percentage Mod: HP is shown in percentages\n|rule|Endless Battle Clause: Forcing endless battles is banned\n|rule|Species Clause: Limit one of each Pokémon\n|rule|OHKO Clause: OHKO moves are banned\n|rule|Evasion Items Clause: Evasion items are banned\n|rule|Evasion Moves Clause: Evasion moves are banned\n|rule|Evasion Abilities Clause: Evasion abilities are banned\n|rule|Sleep Moves Clause: Sleep-inducing moves are banned\n|clearpoke\n|poke|p1|Hoopa-Unbound|\n|poke|p1|Great Tusk|\n|poke|p1|Darkrai|\n|poke|p1|Primarina, F|\n|poke|p1|Pecharunt|\n|poke|p1|Dragapult, F|\n|poke|p2|Raging Bolt|\n|poke|p2|Gliscor, F|\n|poke|p2|Iron Valiant|\n|poke|p2|Corviknight, F|\n|poke|p2|Kingambit, F|\n|poke|p2|Iron Moth|\n|teampreview\n|inactive|Battle timer is ON: inactive players will automatically lose when time's up. (requested by mankindes)\n|inactive|I-fear-the-weak also wants the timer to be on.\n|j| Romaxou\n|inactive|I-fear-the-weak has 120 seconds left.\n|\n|t:|1771229018\n|teamsize|p1|6\n|teamsize|p2|6\n|start\n|switch|p1a: Darkrai|Darkrai|100/100\n|switch|p2a: Raging Bolt|Raging Bolt|100/100\n|turn|1\n|\n|t:|1771229036\n|move|p1a: Darkrai|Dark Pulse|p2a: Raging Bolt\n|-damage|p2a: Raging Bolt|44/100\n|move|p2a: Raging Bolt|Draco Meteor|p1a: Darkrai\n|-damage|p1a: Darkrai|0 fnt\n|-unboost|p2a: Raging Bolt|spa|2\n|faint|p1a: Darkrai\n|\n|upkeep\n|j| Bellicose Breloom\n|\n|t:|1771229044\n|switch|p1a: Hoopa|Hoopa-Unbound|100/100\n|turn|2\n|\n|t:|1771229048\n|-end|p2a: Raging Bolt|Protosynthesis|[silent]\n|switch|p2a: Corviknight|Corviknight, F|100/100\n|move|p1a: Hoopa|Knock Off|p2a: Corviknight\n|-crit|p2a: Corviknight\n|-damage|p2a: Corviknight|40/100\n|-damage|p1a: Hoopa|84/100|[from] item: Rocky Helmet|[of] p2a: Corviknight\n|-enditem|p2a: Corviknight|Rocky Helmet|[from] move: Knock Off|[of] p1a: Hoopa\n|\n|upkeep\n|turn|3\n|\n|t:|1771229054\n|move|p1a: Hoopa|Thunderbolt|p2a: Corviknight\n|-supereffective|p2a: Corviknight\n|-damage|p2a: Corviknight|0 fnt\n|faint|p2a: Corviknight\n|\n|upkeep\n|\n|t:|1771229062\n|switch|p2a: Gliscor|Gliscor, F|100/100\n|turn|4\n|\n|t:|1771229070\n|switch|p1a: Primarina|Primarina, F|100/100\n|move|p2a: Gliscor|Protect||[still]\n|-fail|p2a: Gliscor\n|\n|-status|p2a: Gliscor|tox|[from] item: Toxic Orb\n|upkeep\n|turn|5\n|\n|t:|1771229083\n|switch|p1a: Pecharunt|Pecharunt|100/100\n|move|p2a: Gliscor|Protect||[still]\n|-fail|p2a: Gliscor\n|\n|upkeep\n|turn|6\n|\n|t:|1771229092\n|move|p2a: Gliscor|Spikes|p1a: Pecharunt\n|-sidestart|p1: I-fear-the-weak|Spikes\n|move|p1a: Pecharunt|Parting Shot|p2a: Gliscor\n|-unboost|p2a: Gliscor|atk|1\n|-unboost|p2a: Gliscor|spa|1\n|j| nonchalantbufalant\n|\n|t:|1771229095\n|switch|p1a: Primarina|Primarina, F|100/100|[from] Parting Shot\n|-damage|p1a: Primarina|88/100|[from] Spikes\n|\n|-heal|p1a: Primarina|94/100|[from] item: Leftovers\n|upkeep\n|turn|7\n|\n|t:|1771229099\n|move|p2a: Gliscor|Protect|p2a: Gliscor\n|-singleturn|p2a: Gliscor|Protect\n|move|p1a: Primarina|Substitute|p1a: Primarina\n|-start|p1a: Primarina|Substitute\n|-damage|p1a: Primarina|69/100\n|\n|-heal|p1a: Primarina|75/100|[from] item: Leftovers\n|upkeep\n|turn|8\n|\n|t:|1771229105\n|move|p2a: Gliscor|Earthquake|p1a: Primarina\n|-activate|p1a: Primarina|move: Substitute|[damage]\n|move|p1a: Primarina|Psychic Noise|p2a: Gliscor\n|-supereffective|p2a: Gliscor\n|-damage|p2a: Gliscor|33/100 tox\n|-start|p2a: Gliscor|move: Heal Block\n|\n|-heal|p1a: Primarina|81/100|[from] item: Leftovers\n|upkeep\n|turn|9\n|\n|t:|1771229111\n|switch|p2a: Raging Bolt|Raging Bolt|44/100\n|move|p1a: Primarina|Calm Mind|p1a: Primarina\n|-boost|p1a: Primarina|spa|1\n|-boost|p1a: Primarina|spd|1\n|\n|-heal|p1a: Primarina|87/100|[from] item: Leftovers\n|upkeep\n|turn|10\n|\n|t:|1771229114\n|move|p2a: Raging Bolt|Volt Switch|p1a: Primarina\n|-supereffective|p1a: Primarina\n|-end|p1a: Primarina|Substitute\n|\n|t:|1771229120\n|-end|p2a: Raging Bolt|Protosynthesis|[silent]\n|switch|p2a: Kingambit|Kingambit, F, shiny|100/100|[from] Volt Switch\n|-activate|p2a: Kingambit|ability: Supreme Overlord\n|-start|p2a: Kingambit|fallen1|[silent]\n|move|p1a: Primarina|Draining Kiss|p2a: Kingambit\n|-damage|p2a: Kingambit|72/100\n|-heal|p1a: Primarina|100/100|[from] drain|[of] p2a: Kingambit\n|\n|-heal|p2a: Kingambit|78/100|[from] item: Leftovers\n|upkeep\n|turn|11\n|\n|t:|1771229122\n|move|p1a: Primarina|Substitute|p1a: Primarina\n|-start|p1a: Primarina|Substitute\n|-damage|p1a: Primarina|75/100\n|move|p2a: Kingambit|Iron Head|p1a: Primarina\n|-end|p1a: Primarina|Substitute\n|\n|-heal|p1a: Primarina|82/100|[from] item: Leftovers\n|-heal|p2a: Kingambit|85/100|[from] item: Leftovers\n|upkeep\n|turn|12\n|\n|t:|1771229125\n|move|p1a: Primarina|Draining Kiss|p2a: Kingambit\n|-damage|p2a: Kingambit|57/100\n|-heal|p1a: Primarina|100/100|[from] drain|[of] p2a: Kingambit\n|move|p2a: Kingambit|Iron Head|p1a: Primarina\n|-damage|p1a: Primarina|58/100\n|\n|-heal|p1a: Primarina|64/100|[from] item: Leftovers\n|-heal|p2a: Kingambit|63/100|[from] item: Leftovers\n|upkeep\n|turn|13\n|\n|t:|1771229129\n|move|p1a: Primarina|Draining Kiss|p2a: Kingambit\n|-damage|p2a: Kingambit|33/100\n|-heal|p1a: Primarina|89/100|[from] drain|[of] p2a: Kingambit\n|move|p2a: Kingambit|Iron Head|p1a: Primarina\n|-damage|p1a: Primarina|48/100\n|\n|-heal|p1a: Primarina|54/100|[from] item: Leftovers\n|-heal|p2a: Kingambit|39/100|[from] item: Leftovers\n|upkeep\n|turn|14\n|\n|t:|1771229133\n|move|p1a: Primarina|Draining Kiss|p2a: Kingambit\n|-damage|p2a: Kingambit|7/100\n|-heal|p1a: Primarina|81/100|[from] drain|[of] p2a: Kingambit\n|move|p2a: Kingambit|Iron Head|p1a: Primarina\n|-damage|p1a: Primarina|41/100\n|\n|-heal|p1a: Primarina|47/100|[from] item: Leftovers\n|-heal|p2a: Kingambit|13/100|[from] item: Leftovers\n|upkeep\n|turn|15\n|\n|t:|1771229146\n|-end|p2a: Kingambit|fallen1|[silent]\n|switch|p2a: Gliscor|Gliscor, F|33/100 tox\n|move|p1a: Primarina|Substitute|p1a: Primarina\n|-start|p1a: Primarina|Substitute\n|-damage|p1a: Primarina|22/100\n|\n|-heal|p1a: Primarina|28/100|[from] item: Leftovers\n|-heal|p2a: Gliscor|45/100 tox|[from] ability: Poison Heal\n|upkeep\n|turn|16\n|\n|t:|1771229151\n|move|p2a: Gliscor|Earthquake|p1a: Primarina\n|-end|p1a: Primarina|Substitute\n|move|p1a: Primarina|Psychic Noise|p2a: Gliscor\n|-supereffective|p2a: Gliscor\n|-damage|p2a: Gliscor|0 fnt\n|faint|p2a: Gliscor\n|\n|-heal|p1a: Primarina|34/100|[from] item: Leftovers\n|upkeep\n|\n|t:|1771229155\n|switch|p2a: Raging Bolt|Raging Bolt|44/100\n|turn|17\n|\n|t:|1771229163\n|switch|p1a: Great Tusk|Great Tusk|100/100\n|move|p2a: Raging Bolt|Volt Switch|p1a: Great Tusk\n|-immune|p1a: Great Tusk\n|\n|upkeep\n|turn|18\n|\n|t:|1771229176\n|-end|p2a: Raging Bolt|Protosynthesis|[silent]\n|switch|p2a: Iron Valiant|Iron Valiant|100/100\n|move|p1a: Great Tusk|Stealth Rock|p2a: Iron Valiant\n|-sidestart|p2: mankindes|move: Stealth Rock\n|\n|upkeep\n|turn|19\n|\n|t:|1771229193\n|-end|p2a: Iron Valiant|Quark Drive|[silent]\n|switch|p2a: Kingambit|Kingambit, F, shiny|13/100\n|-damage|p2a: Kingambit|7/100|[from] Stealth Rock\n|-activate|p2a: Kingambit|ability: Supreme Overlord\n|-start|p2a: Kingambit|fallen2|[silent]\n|-end|p1a: Great Tusk|Protosynthesis|[silent]\n|switch|p1a: Primarina|Primarina, F|34/100\n|-damage|p1a: Primarina|21/100|[from] Spikes\n|\n|-heal|p1a: Primarina|27/100|[from] item: Leftovers\n|-heal|p2a: Kingambit|13/100|[from] item: Leftovers\n|upkeep\n|turn|20\n|\n|t:|1771229203\n|move|p1a: Primarina|Draining Kiss|p2a: Kingambit\n|-damage|p2a: Kingambit|0 fnt\n|-heal|p1a: Primarina|38/100|[from] drain|[of] p2a: Kingambit\n|faint|p2a: Kingambit\n|-end|p2a: Kingambit|fallen2|[silent]\n|\n|-heal|p1a: Primarina|44/100|[from] item: Leftovers\n|upkeep\n|\n|t:|1771229205\n|switch|p2a: Raging Bolt|Raging Bolt|44/100\n|-damage|p2a: Raging Bolt|32/100|[from] Stealth Rock\n|turn|21\n|\n|t:|1771229215\n|-terastallize|p2a: Raging Bolt|Fairy\n|move|p2a: Raging Bolt|Tera Blast|p1a: Primarina|[anim] Tera Blast Fairy\n|-damage|p1a: Primarina|0 fnt\n|faint|p1a: Primarina\n|\n|upkeep\n|\n|t:|1771229228\n|switch|p1a: Pecharunt|Pecharunt|100/100\n|turn|22\n|\n|t:|1771229234\n|-end|p2a: Raging Bolt|Protosynthesis|[silent]\n|switch|p2a: Iron Moth|Iron Moth|100/100\n|-damage|p2a: Iron Moth|76/100|[from] Stealth Rock\n|move|p1a: Pecharunt|Shadow Ball|p2a: Iron Moth\n|-damage|p2a: Iron Moth|40/100\n|\n|upkeep\n|turn|23\n|\n|t:|1771229249\n|move|p2a: Iron Moth|Overheat|p1a: Pecharunt\n|-damage|p1a: Pecharunt|24/100\n|-unboost|p2a: Iron Moth|spa|2\n|move|p1a: Pecharunt|Parting Shot|p2a: Iron Moth\n|-unboost|p2a: Iron Moth|atk|1\n|-unboost|p2a: Iron Moth|spa|1\n|\n|t:|1771229255\n|switch|p1a: Dragapult|Dragapult, F|100/100|[from] Parting Shot\n|\n|upkeep\n|turn|24\n|\n|t:|1771229262\n|-end|p2a: Iron Moth|Quark Drive|[silent]\n|switch|p2a: Raging Bolt|Raging Bolt, tera:Fairy|32/100\n|-damage|p2a: Raging Bolt|20/100|[from] Stealth Rock\n|move|p1a: Dragapult|Dragon Darts|p2a: Raging Bolt\n|-immune|p2a: Raging Bolt\n|\n|upkeep\n|turn|25\n|\n|t:|1771229267\n|move|p2a: Raging Bolt|Thunderclap|p1a: Dragapult\n|-resisted|p1a: Dragapult\n|-damage|p1a: Dragapult|51/100\n|move|p1a: Dragapult|Hex|p2a: Raging Bolt\n|-damage|p2a: Raging Bolt|0 fnt\n|faint|p2a: Raging Bolt\n|-end|p2a: Raging Bolt|Protosynthesis|[silent]\n|\n|upkeep\n|\n|t:|1771229270\n|switch|p2a: Iron Moth|Iron Moth|40/100\n|-damage|p2a: Iron Moth|15/100|[from] Stealth Rock\n|turn|26\n|\n|t:|1771229276\n|move|p2a: Iron Moth|Dazzling Gleam|p1a: Dragapult\n|-supereffective|p1a: Dragapult\n|-damage|p1a: Dragapult|0 fnt\n|faint|p1a: Dragapult\n|\n|upkeep\n|\n|t:|1771229282\n|switch|p1a: Pecharunt|Pecharunt|24/100\n|turn|27\n|\n|t:|1771229287\n|move|p2a: Iron Moth|Dazzling Gleam|p1a: Pecharunt\n|-resisted|p1a: Pecharunt\n|-damage|p1a: Pecharunt|9/100\n|move|p1a: Pecharunt|Recover|p1a: Pecharunt\n|-heal|p1a: Pecharunt|59/100\n|\n|upkeep\n|turn|28\n|\n|t:|1771229292\n|move|p2a: Iron Moth|Dazzling Gleam|p1a: Pecharunt\n|-resisted|p1a: Pecharunt\n|-damage|p1a: Pecharunt|44/100\n|move|p1a: Pecharunt|Recover|p1a: Pecharunt\n|-heal|p1a: Pecharunt|94/100\n|\n|upkeep\n|turn|29\n|-message|mankindes forfeited.\n|\n|win|I-fear-the-weak\n|raw|I-fear-the-weak's rating: 1644 &rarr; <strong>1665</strong><br />(+21 for winning)\n|raw|mankindes's rating: 1653 &rarr; <strong>1632</strong><br />(-21 for losing)\n|l|☆mankindes\n|player|p2|\n|l|☆I-fear-the-weak\n|player|p1|\n|l| Romaxou\n|l| nonchalantbufalant\n|l| Bellicose Breloom\n", "uploadtime": 1771229301, "views": 8, "formatid": "gen9ou", "rating": 1632, "private": 0, "password": null}