{"id": "gen9ou-2639302620", "format": "[Gen 9] OU", "players": ["sun in the night", "tcurtsedfles"], "log": "|j|☆sun in the night\n|j|☆tcurtsedfles\n|t:|1782449080\n|gametype|singles\n|player|p1|sun in the night|cynthia-gen4|1108\n|player|p2|tcurtsedfles|ruinmaniac|1116\n|gen|9\n|tier|[Gen 9] OU\n|rated|\n|rule|HP Percentage Mod: HP is shown in percentages\n|rule|Endless Battle Clause: Forcing endless battles is banned\n|rule|Species Clause: Limit one of each Pokémon\n|rule|OHKO Clause: OHKO moves are banned\n|rule|Evasion Items Clause: Evasion items are banned\n|rule|Evasion Moves Clause: Evasion moves are banned\n|rule|Evasion Abilities Clause: Evasion abilities are banned\n|rule|Sleep Moves Clause: Sleep-inducing moves are banned\n|clearpoke\n|poke|p1|Garganacl, F|\n|poke|p1|Pecharunt|\n|poke|p1|Skarmory, M|\n|poke|p1|Muk-Alola, F|\n|poke|p1|Scizor, M|\n|poke|p1|Glimmora, F|\n|poke|p2|Polteageist-Antique|\n|poke|p2|Donphan, F|\n|poke|p2|Iron Hands|\n|poke|p2|Revavroom, M|\n|poke|p2|Talonflame, M|\n|poke|p2|Metagross|\n|teampreview\n|\n|t:|1782449086\n|teamsize|p1|6\n|teamsize|p2|6\n|start\n|switch|p1a: Glimmora|Glimmora, F|100/100\n|switch|p2a: Donphan|Donphan, F|100/100\n|turn|1\n|\n|t:|1782449096\n|move|p1a: Glimmora|Toxic Spikes|p2a: Donphan\n|-sidestart|p2: tcurtsedfles|move: Toxic Spikes\n|move|p2a: Donphan|Stealth Rock|p1a: Glimmora\n|-sidestart|p1: sun in the night|move: Stealth Rock\n|\n|upkeep\n|turn|2\n|\n|t:|1782449105\n|move|p1a: Glimmora|Toxic Spikes|p2a: Donphan\n|-sidestart|p2: tcurtsedfles|move: Toxic Spikes\n|move|p2a: Donphan|Earthquake|p1a: Glimmora\n|-supereffective|p1a: Glimmora\n|-damage|p1a: Glimmora|0 fnt\n|faint|p1a: Glimmora\n|\n|upkeep\n|\n|t:|1782449124\n|switch|p1a: Skarmory|Skarmory, M|100/100\n|-damage|p1a: Skarmory|88/100|[from] Stealth Rock\n|turn|3\n|\n|t:|1782449130\n|move|p2a: Donphan|Rapid Spin|p1a: Skarmory\n|-resisted|p1a: Skarmory\n|-crit|p1a: Skarmory\n|-damage|p1a: Skarmory|82/100\n|-boost|p2a: Donphan|spe|1\n|-sideend|p2: tcurtsedfles|Toxic Spikes|[from] move: Rapid Spin|[of] p2a: Donphan\n|move|p1a: Skarmory|Whirlwind|p2a: Donphan\n|drag|p2a: Iron Hands|Iron Hands|100/100\n|\n|-heal|p1a: Skarmory|88/100|[from] item: Leftovers\n|upkeep\n|turn|4\n|\n|t:|1782449144\n|move|p2a: Iron Hands|Fake Out|p1a: Skarmory\n|-resisted|p1a: Skarmory\n|-damage|p1a: Skarmory|85/100\n|cant|p1a: Skarmory|flinch\n|\n|-heal|p1a: Skarmory|91/100|[from] item: Leftovers\n|upkeep\n|turn|5\n|\n|t:|1782449151\n|move|p1a: Skarmory|Spikes|p2a: Iron Hands\n|-sidestart|p2: tcurtsedfles|Spikes\n|move|p2a: Iron Hands|Supercell Slam|p1a: Skarmory\n|-supereffective|p1a: Skarmory\n|-damage|p1a: Skarmory|40/100\n|\n|-heal|p1a: Skarmory|46/100|[from] item: Leftovers\n|upkeep\n|turn|6\n|\n|t:|1782449157\n|move|p2a: Iron Hands|Supercell Slam|p1a: Skarmory\n|-supereffective|p1a: Skarmory\n|-damage|p1a: Skarmory|0 fnt\n|faint|p1a: Skarmory\n|\n|upkeep\n|\n|t:|1782449164\n|switch|p1a: Garganacl|Garganacl, F|100/100\n|-damage|p1a: Garganacl|88/100|[from] Stealth Rock\n|turn|7\n|\n|t:|1782449177\n|move|p2a: Iron Hands|Earthquake|p1a: Garganacl\n|-supereffective|p1a: Garganacl\n|-damage|p1a: Garganacl|48/100\n|move|p1a: Garganacl|Salt Cure|p2a: Iron Hands\n|-resisted|p2a: Iron Hands\n|-damage|p2a: Iron Hands|95/100\n|-start|p2a: Iron Hands|Salt Cure\n|\n|-heal|p1a: Garganacl|54/100|[from] item: Leftovers\n|-damage|p2a: Iron Hands|83/100|[from] Salt Cure\n|upkeep\n|turn|8\n|\n|t:|1782449186\n|move|p1a: Garganacl|Protect|p1a: Garganacl\n|-singleturn|p1a: Garganacl|Protect\n|move|p2a: Iron Hands|Body Press|p1a: Garganacl\n|-activate|p1a: Garganacl|move: Protect\n|\n|-heal|p1a: Garganacl|60/100|[from] item: Leftovers\n|-damage|p2a: Iron Hands|70/100|[from] Salt Cure\n|upkeep\n|turn|9\n|\n|t:|1782449195\n|switch|p1a: Pecharunt|Pecharunt|100/100\n|-damage|p1a: Pecharunt|88/100|[from] Stealth Rock\n|move|p2a: Iron Hands|Body Press|p1a: Pecharunt\n|-immune|p1a: Pecharunt\n|\n|-heal|p1a: Pecharunt|94/100|[from] item: Leftovers\n|-damage|p2a: Iron Hands|58/100|[from] Salt Cure\n|upkeep\n|turn|10\n|\n|t:|1782449206\n|move|p1a: Pecharunt|Toxic|p2a: Iron Hands\n|-status|p2a: Iron Hands|tox\n|-start|p2a: Iron Hands|confusion|[from] ability: Poison Puppeteer|[of] p1a: Pecharunt\n|-activate|p2a: Iron Hands|confusion\n|move|p2a: Iron Hands|Earthquake|p1a: Pecharunt\n|-supereffective|p1a: Pecharunt\n|-damage|p1a: Pecharunt|66/100\n|\n|-heal|p1a: Pecharunt|72/100|[from] item: Leftovers\n|-damage|p2a: Iron Hands|52/100 tox|[from] psn\n|-damage|p2a: Iron Hands|39/100 tox|[from] Salt Cure\n|upkeep\n|turn|11\n|\n|t:|1782449217\n|move|p1a: Pecharunt|Recover|p1a: Pecharunt\n|-heal|p1a: Pecharunt|100/100\n|-activate|p2a: Iron Hands|confusion\n|move|p2a: Iron Hands|Earthquake|p1a: Pecharunt\n|-supereffective|p1a: Pecharunt\n|-damage|p1a: Pecharunt|74/100\n|\n|-heal|p1a: Pecharunt|80/100|[from] item: Leftovers\n|-damage|p2a: Iron Hands|27/100 tox|[from] psn\n|-damage|p2a: Iron Hands|14/100 tox|[from] Salt Cure\n|upkeep\n|turn|12\n|\n|t:|1782449231\n|move|p1a: Pecharunt|Recover|p1a: Pecharunt\n|-heal|p1a: Pecharunt|100/100\n|-end|p2a: Iron Hands|confusion\n|move|p2a: Iron Hands|Earthquake|p1a: Pecharunt\n|-supereffective|p1a: Pecharunt\n|-damage|p1a: Pecharunt|74/100\n|\n|-heal|p1a: Pecharunt|80/100|[from] item: Leftovers\n|-damage|p2a: Iron Hands|0 fnt|[from] psn\n|faint|p2a: Iron Hands\n|-end|p2a: Iron Hands|Quark Drive|[silent]\n|upkeep\n|\n|t:|1782449239\n|switch|p2a: Donphan|Donphan, F|100/100\n|-damage|p2a: Donphan|88/100|[from] Spikes\n|turn|13\n|\n|t:|1782449245\n|move|p1a: Pecharunt|Toxic|p2a: Donphan\n|-status|p2a: Donphan|tox\n|-start|p2a: Donphan|confusion|[from] ability: Poison Puppeteer|[of] p1a: Pecharunt\n|-activate|p2a: Donphan|confusion\n|move|p2a: Donphan|Rapid Spin|p1a: Pecharunt\n|-immune|p1a: Pecharunt\n|\n|-heal|p1a: Pecharunt|86/100|[from] item: Leftovers\n|-damage|p2a: Donphan|82/100 tox|[from] psn\n|upkeep\n|turn|14\n|\n|t:|1782449259\n|move|p1a: Pecharunt|Parting Shot|p2a: Donphan\n|-unboost|p2a: Donphan|atk|1\n|-unboost|p2a: Donphan|spa|1\n|\n|t:|1782449262\n|switch|p1a: Garganacl|Garganacl, F|60/100|[from] Parting Shot\n|-damage|p1a: Garganacl|48/100|[from] Stealth Rock\n|-activate|p2a: Donphan|confusion\n|move|p2a: Donphan|Earthquake|p1a: Garganacl\n|-supereffective|p1a: Garganacl\n|-damage|p1a: Garganacl|11/100\n|\n|-heal|p1a: Garganacl|18/100|[from] item: Leftovers\n|-damage|p2a: Donphan|69/100 tox|[from] psn\n|upkeep\n|turn|15\n|\n|t:|1782449276\n|-activate|p2a: Donphan|confusion\n|-damage|p2a: Donphan|65/100 tox|[from] confusion\n|move|p1a: Garganacl|Explosion|p2a: Donphan\n|-damage|p2a: Donphan|18/100 tox\n|faint|p1a: Garganacl\n|\n|-damage|p2a: Donphan|0 fnt|[from] psn\n|faint|p2a: Donphan\n|upkeep\n|\n|t:|1782449287\n|switch|p2a: Polteageist|Polteageist-Antique|100/100\n|switch|p1a: Pecharunt|Pecharunt|86/100\n|-damage|p2a: Polteageist|88/100|[from] Spikes\n|-damage|p1a: Pecharunt|74/100|[from] Stealth Rock\n|turn|16\n|\n|t:|1782449299\n|move|p2a: Polteageist|Shadow Ball|p1a: Pecharunt\n|-supereffective|p1a: Pecharunt\n|-damage|p1a: Pecharunt|0 fnt\n|faint|p1a: Pecharunt\n|\n|upkeep\n|\n|t:|1782449304\n|switch|p1a: Muk|Muk-Alola, F|100/100\n|-damage|p1a: Muk|88/100|[from] Stealth Rock\n|turn|17\n|\n|t:|1782449310\n|move|p2a: Polteageist|Shell Smash|p2a: Polteageist\n|-unboost|p2a: Polteageist|def|1\n|-unboost|p2a: Polteageist|spd|1\n|-boost|p2a: Polteageist|atk|2\n|-boost|p2a: Polteageist|spa|2\n|-boost|p2a: Polteageist|spe|2\n|move|p1a: Muk|Toxic|p2a: Polteageist\n|-status|p2a: Polteageist|tox\n|\n|-heal|p1a: Muk|94/100|[from] item: Leftovers\n|-damage|p2a: Polteageist|82/100 tox|[from] psn\n|upkeep\n|turn|18\n|\n|t:|1782449330\n|-terastallize|p2a: Polteageist|Fairy\n|move|p2a: Polteageist|Shell Smash|p2a: Polteageist\n|-unboost|p2a: Polteageist|def|1\n|-unboost|p2a: Polteageist|spd|1\n|-boost|p2a: Polteageist|atk|2\n|-boost|p2a: Polteageist|spa|2\n|-boost|p2a: Polteageist|spe|2\n|move|p1a: Muk|Acid Armor|p1a: Muk\n|-boost|p1a: Muk|def|2\n|\n|-heal|p1a: Muk|99/100|[from] item: Leftovers\n|-damage|p2a: Polteageist|70/100 tox|[from] psn\n|upkeep\n|turn|19\n|\n|t:|1782449347\n|move|p2a: Polteageist|Stored Power|p1a: Muk\n|-immune|p1a: Muk\n|move|p1a: Muk|Acid Armor|p1a: Muk\n|-boost|p1a: Muk|def|2\n|\n|-heal|p1a: Muk|100/100|[from] item: Leftovers\n|-damage|p2a: Polteageist|52/100 tox|[from] psn\n|upkeep\n|turn|20\n|\n|t:|1782449356\n|move|p2a: Polteageist|Giga Drain|p1a: Muk\n|-resisted|p1a: Muk\n|-damage|p1a: Muk|72/100\n|-heal|p2a: Polteageist|71/100 tox|[from] drain|[of] p1a: Muk\n|move|p1a: Muk|Acid Armor|p1a: Muk\n|-boost|p1a: Muk|def|2\n|\n|-heal|p1a: Muk|78/100|[from] item: Leftovers\n|-damage|p2a: Polteageist|47/100 tox|[from] psn\n|upkeep\n|turn|21\n|\n|t:|1782449379\n|move|p1a: Muk|Protect|p1a: Muk\n|-singleturn|p1a: Muk|Protect\n|move|p2a: Polteageist|Giga Drain|p1a: Muk\n|-activate|p1a: Muk|move: Protect\n|\n|-heal|p1a: Muk|84/100|[from] item: Leftovers\n|-damage|p2a: Polteageist|16/100 tox|[from] psn\n|upkeep\n|turn|22\n|\n|t:|1782449391\n|move|p1a: Muk|Protect||[still]\n|-fail|p1a: Muk\n|move|p2a: Polteageist|Giga Drain|p1a: Muk\n|-resisted|p1a: Muk\n|-damage|p1a: Muk|52/100\n|-heal|p2a: Polteageist|38/100 tox|[from] drain|[of] p1a: Muk\n|\n|-heal|p1a: Muk|58/100|[from] item: Leftovers\n|-damage|p2a: Polteageist|1/100 tox|[from] psn\n|upkeep\n|turn|23\n|\n|t:|1782449402\n|switch|p2a: Talonflame|Talonflame, M|100/100\n|move|p1a: Muk|Protect||[still]\n|-fail|p1a: Muk\n|\n|-heal|p1a: Muk|64/100|[from] item: Leftovers\n|upkeep\n|turn|24\n|\n|t:|1782449419\n|move|p2a: Talonflame|Brave Bird|p1a: Muk\n|-damage|p1a: Muk|46/100\n|-damage|p2a: Talonflame|93/100|[from] Recoil\n|-damage|p2a: Talonflame|84/100|[from] item: Life Orb\n|move|p1a: Muk|Toxic|p2a: Talonflame\n|-status|p2a: Talonflame|tox\n|\n|-heal|p1a: Muk|52/100|[from] item: Leftovers\n|-damage|p2a: Talonflame|78/100 tox|[from] psn\n|upkeep\n|turn|25\n|\n|t:|1782449429\n|move|p2a: Talonflame|Brave Bird|p1a: Muk\n|-damage|p1a: Muk|33/100\n|-damage|p2a: Talonflame|70/100 tox|[from] Recoil\n|-damage|p2a: Talonflame|60/100 tox|[from] item: Life Orb\n|move|p1a: Muk|Rest|p1a: Muk\n|-status|p1a: Muk|slp|[from] move: Rest\n|-heal|p1a: Muk|100/100 slp|[silent]\n|\n|-damage|p2a: Talonflame|48/100 tox|[from] psn\n|upkeep\n|turn|26\n|\n|t:|1782449443\n|move|p2a: Talonflame|Flare Blitz|p1a: Muk\n|-damage|p1a: Muk|81/100 slp\n|-damage|p2a: Talonflame|41/100 tox|[from] Recoil\n|-damage|p2a: Talonflame|31/100 tox|[from] item: Life Orb\n|cant|p1a: Muk|slp\n|\n|-heal|p1a: Muk|87/100 slp|[from] item: Leftovers\n|-damage|p2a: Talonflame|13/100 tox|[from] psn\n|upkeep\n|turn|27\n|\n|t:|1782449454\n|switch|p2a: Revavroom|Revavroom, M|100/100\n|cant|p1a: Muk|slp\n|\n|-heal|p1a: Muk|93/100 slp|[from] item: Leftovers\n|upkeep\n|turn|28\n|\n|t:|1782449460\n|move|p2a: Revavroom|Shift Gear|p2a: Revavroom\n|-boost|p2a: Revavroom|spe|2\n|-boost|p2a: Revavroom|atk|1\n|-curestatus|p1a: Muk|slp|[msg]\n|move|p1a: Muk|Toxic|p2a: Revavroom\n|-immune|p2a: Revavroom\n|\n|-heal|p1a: Muk|99/100|[from] item: Leftovers\n|upkeep\n|turn|29\n|\n|t:|1782449469\n|switch|p1a: Scizor|Scizor, M|100/100\n|-damage|p1a: Scizor|88/100|[from] Stealth Rock\n|move|p2a: Revavroom|Shift Gear|p2a: Revavroom\n|-boost|p2a: Revavroom|spe|2\n|-boost|p2a: Revavroom|atk|1\n|\n|upkeep\n|turn|30\n|\n|t:|1782449476\n|move|p2a: Revavroom|Shift Gear|p2a: Revavroom\n|-boost|p2a: Revavroom|spe|2\n|-boost|p2a: Revavroom|atk|1\n|move|p1a: Scizor|Swords Dance|p1a: Scizor\n|-boost|p1a: Scizor|atk|2\n|\n|upkeep\n|turn|31\n|\n|t:|1782449487\n|move|p2a: Revavroom|High Horsepower|p1a: Scizor\n|-damage|p1a: Scizor|2/100\n|move|p1a: Scizor|Swords Dance|p1a: Scizor\n|-boost|p1a: Scizor|atk|2\n|\n|upkeep\n|turn|32\n|\n|t:|1782449494\n|move|p1a: Scizor|Bullet Punch|p2a: Revavroom\n|-resisted|p2a: Revavroom\n|-damage|p2a: Revavroom|33/100\n|move|p2a: Revavroom|Iron Head|p1a: Scizor\n|-resisted|p1a: Scizor\n|-damage|p1a: Scizor|0 fnt\n|faint|p1a: Scizor\n|\n|upkeep\n|-message|sun in the night forfeited.\n|\n|win|tcurtsedfles\n|raw|sun in the night's rating: 1108 &rarr; <strong>1084</strong><br />(-24 for losing)\n|raw|tcurtsedfles's rating: 1116 &rarr; <strong>1140</strong><br />(+24 for winning)\n|l|☆sun in the night\n|player|p1|\n|l|☆tcurtsedfles\n|player|p2|\n", "uploadtime": 1782449777, "views": 4, "formatid": "gen9ou", "rating": 1084, "private": 0, "password": null}