{"id": "gen9ou-2540826993", "format": "[Gen 9] OU", "players": ["kimmmmmmm66", "CandyHour"], "log": "|j|☆kimmmmmmm66\n|j|☆CandyHour\n|t:|1771258127\n|gametype|singles\n|player|p1|kimmmmmmm66|101|1524\n|player|p2|CandyHour|2|1478\n|gen|9\n|tier|[Gen 9] OU\n|rated|\n|rule|HP Percentage Mod: HP is shown in percentages\n|rule|Endless Battle Clause: Forcing endless battles is banned\n|rule|Species Clause: Limit one of each Pokémon\n|rule|OHKO Clause: OHKO moves are banned\n|rule|Evasion Items Clause: Evasion items are banned\n|rule|Evasion Moves Clause: Evasion moves are banned\n|rule|Evasion Abilities Clause: Evasion abilities are banned\n|rule|Sleep Moves Clause: Sleep-inducing moves are banned\n|clearpoke\n|poke|p1|Dragapult, M|\n|poke|p1|Lokix, M|\n|poke|p1|Espeon, M|\n|poke|p1|Sinistcha|\n|poke|p1|Corviknight, F|\n|poke|p1|Incineroar, M|\n|poke|p2|Gholdengo|\n|poke|p2|Ogerpon, F|\n|poke|p2|Rillaboom, F|\n|poke|p2|Samurott-Hisui, F|\n|poke|p2|Glimmora, F|\n|poke|p2|Raging Bolt|\n|teampreview\n|\n|t:|1771258131\n|teamsize|p1|6\n|teamsize|p2|6\n|start\n|switch|p1a: Espeon|Espeon, M|100/100\n|switch|p2a: Samurott|Samurott-Hisui, F|100/100\n|turn|1\n|inactive|Battle timer is ON: inactive players will automatically lose when time's up. (requested by kimmmmmmm66)\n|\n|t:|1771258139\n|-terastallize|p1a: Espeon|Fairy\n|move|p1a: Espeon|Alluring Voice|p2a: Samurott\n|-supereffective|p2a: Samurott\n|-crit|p2a: Samurott\n|-damage|p2a: Samurott|0 fnt\n|faint|p2a: Samurott\n|\n|upkeep\n|\n|t:|1771258154\n|switch|p2a: Rillaboom|Rillaboom, F|100/100\n|-fieldstart|move: Grassy Terrain|[from] ability: Grassy Surge|[of] p2a: Rillaboom\n|turn|2\n|\n|t:|1771258163\n|switch|p1a: Incineroar|Incineroar, M|100/100\n|-ability|p1a: Incineroar|Intimidate|boost\n|-unboost|p2a: Rillaboom|atk|1\n|move|p2a: Rillaboom|Swords Dance|p2a: Rillaboom\n|-boost|p2a: Rillaboom|atk|2\n|\n|upkeep\n|turn|3\n|\n|t:|1771258170\n|switch|p2a: Glimmora|Glimmora, F|100/100\n|move|p1a: Incineroar|Parting Shot|p2a: Glimmora\n|-unboost|p2a: Glimmora|atk|1\n|-unboost|p2a: Glimmora|spa|1\n|\n|t:|1771258173\n|switch|p1a: Espeon|Espeon, M, tera:Fairy|100/100|[from] Parting Shot\n|\n|upkeep\n|turn|4\n|\n|t:|1771258181\n|switch|p2a: Gholdengo|Gholdengo|100/100\n|-enditem|p2a: Gholdengo|Grassy Seed\n|-boost|p2a: Gholdengo|def|1|[from] item: Grassy Seed\n|move|p1a: Espeon|Psychic Noise|p2a: Gholdengo\n|-resisted|p2a: Gholdengo\n|-damage|p2a: Gholdengo|83/100\n|-start|p2a: Gholdengo|move: Heal Block\n|\n|upkeep\n|turn|5\n|\n|t:|1771258190\n|switch|p1a: Incineroar|Incineroar, M|100/100\n|-ability|p1a: Incineroar|Intimidate|boost\n|-unboost|p2a: Gholdengo|atk|1\n|move|p2a: Gholdengo|Nasty Plot|p2a: Gholdengo\n|-boost|p2a: Gholdengo|spa|2\n|\n|-end|p2a: Gholdengo|move: Heal Block\n|upkeep\n|turn|6\n|\n|t:|1771258198\n|switch|p1a: Corviknight|Corviknight, F|100/100\n|-terastallize|p2a: Gholdengo|Fairy\n|move|p2a: Gholdengo|Dazzling Gleam|p1a: Corviknight\n|-resisted|p1a: Corviknight\n|-damage|p1a: Corviknight|70/100\n|\n|-heal|p2a: Gholdengo|89/100|[from] Grassy Terrain\n|-fieldend|move: Grassy Terrain\n|upkeep\n|turn|7\n|\n|t:|1771258208\n|switch|p1a: Incineroar|Incineroar, M|100/100\n|-ability|p1a: Incineroar|Intimidate|boost\n|-unboost|p2a: Gholdengo|atk|1\n|move|p2a: Gholdengo|Nasty Plot|p2a: Gholdengo\n|-boost|p2a: Gholdengo|spa|2\n|\n|upkeep\n|turn|8\n|\n|t:|1771258214\n|move|p1a: Incineroar|Fake Out|p2a: Gholdengo\n|-damage|p2a: Gholdengo|84/100\n|cant|p2a: Gholdengo|flinch\n|\n|upkeep\n|turn|9\n|\n|t:|1771258218\n|move|p2a: Gholdengo|Dazzling Gleam|p1a: Incineroar\n|-damage|p1a: Incineroar|32/100\n|-enditem|p1a: Incineroar|Sitrus Berry|[eat]\n|-heal|p1a: Incineroar|57/100|[from] item: Sitrus Berry\n|move|p1a: Incineroar|Knock Off|p2a: Gholdengo\n|-resisted|p2a: Gholdengo\n|-damage|p2a: Gholdengo|78/100\n|\n|upkeep\n|turn|10\n|\n|t:|1771258226\n|move|p2a: Gholdengo|Dazzling Gleam|p1a: Incineroar\n|-damage|p1a: Incineroar|0 fnt\n|faint|p1a: Incineroar\n|\n|upkeep\n|\n|t:|1771258230\n|switch|p1a: Sinistcha|Sinistcha|100/100\n|turn|11\n|\n|t:|1771258236\n|move|p2a: Gholdengo|Shadow Ball|p1a: Sinistcha\n|-supereffective|p1a: Sinistcha\n|-damage|p1a: Sinistcha|0 fnt\n|faint|p1a: Sinistcha\n|\n|upkeep\n|\n|t:|1771258239\n|switch|p1a: Espeon|Espeon, M, tera:Fairy|100/100\n|turn|12\n|\n|t:|1771258247\n|move|p1a: Espeon|Light Screen|p1a: Espeon\n|-sidestart|p1: kimmmmmmm66|move: Light Screen\n|move|p2a: Gholdengo|Shadow Ball|p1a: Espeon\n|-damage|p1a: Espeon|35/100\n|\n|upkeep\n|turn|13\n|\n|t:|1771258252\n|move|p1a: Espeon|Psychic Noise|p2a: Gholdengo\n|-crit|p2a: Gholdengo\n|-damage|p2a: Gholdengo|18/100\n|-start|p2a: Gholdengo|move: Heal Block\n|move|p2a: Gholdengo|Shadow Ball|p1a: Espeon\n|-damage|p1a: Espeon|0 fnt\n|faint|p1a: Espeon\n|\n|upkeep\n|\n|t:|1771258254\n|switch|p1a: Dragapult|Dragapult, M|100/100\n|turn|14\n|\n|t:|1771258268\n|switch|p2a: Glimmora|Glimmora, F|100/100\n|move|p1a: Dragapult|Fire Blast|p2a: Glimmora\n|-resisted|p2a: Glimmora\n|-damage|p2a: Glimmora|89/100\n|-enditem|p2a: Glimmora|Red Card|[of] p1a: Dragapult\n|drag|p1a: Lokix|Lokix, M|100/100\n|\n|upkeep\n|turn|15\n|\n|t:|1771258283\n|move|p1a: Lokix|U-turn|p2a: Glimmora\n|-resisted|p2a: Glimmora\n|-damage|p2a: Glimmora|43/100\n|-activate|p2a: Glimmora|ability: Toxic Debris\n|-sidestart|p1: kimmmmmmm66|move: Toxic Spikes\n|\n|t:|1771258288\n|switch|p1a: Corviknight|Corviknight, F|70/100|[from] U-turn\n|move|p2a: Glimmora|Power Gem|p1a: Corviknight\n|-damage|p1a: Corviknight|56/100\n|\n|upkeep\n|turn|16\n|\n|t:|1771258293\n|move|p2a: Glimmora|Stealth Rock|p1a: Corviknight\n|-sidestart|p1: kimmmmmmm66|move: Stealth Rock\n|move|p1a: Corviknight|Brave Bird|p2a: Glimmora\n|-resisted|p2a: Glimmora\n|-damage|p2a: Glimmora|27/100\n|-activate|p2a: Glimmora|ability: Toxic Debris\n|-sidestart|p1: kimmmmmmm66|move: Toxic Spikes\n|-damage|p1a: Corviknight|50/100|[from] Recoil\n|\n|upkeep\n|turn|17\n|\n|t:|1771258299\n|switch|p2a: Gholdengo|Gholdengo, tera:Fairy|18/100\n|move|p1a: Corviknight|Defog|p2a: Gholdengo\n|-immune|p2a: Gholdengo|[from] ability: Good as Gold\n|\n|upkeep\n|turn|18\n|\n|t:|1771258303\n|move|p2a: Gholdengo|Recover|p2a: Gholdengo\n|-heal|p2a: Gholdengo|68/100\n|move|p1a: Corviknight|Brave Bird|p2a: Gholdengo\n|-damage|p2a: Gholdengo|45/100\n|-damage|p1a: Corviknight|42/100|[from] Recoil\n|\n|upkeep\n|turn|19\n|-message|kimmmmmmm66 forfeited.\n|\n|win|CandyHour\n|raw|kimmmmmmm66's rating: 1524 &rarr; <strong>1501</strong><br />(-23 for losing)\n|raw|CandyHour's rating: 1478 &rarr; <strong>1501</strong><br />(+23 for winning)\n|l|☆kimmmmmmm66\n|player|p1|\n|l|☆CandyHour\n|player|p2|\n", "uploadtime": 1771258483, "views": 6, "formatid": "gen9ou", "rating": 1501, "private": 0, "password": null}