{"id": "gen9ou-2639985432", "format": "[Gen 9] OU", "players": ["Danger #68", "sirlsalot"], "log": "|badge|p1|bronze|gen9ou|100-9\n|html|<div class=\"broadcast-red\"><strong>This battle is required to be public due to one or more player having a season medal.</strong><br />During the public phase, you can discuss the state of the ladder <a href=\"/seasondiscussion\">in a special chatroom.</a></div>\n|uhtml|medal-msg|<div class=\"broadcast-blue\">Curious what those medals under the avatar are? PS now has Ladder Seasons! For more information, check out the <a href=\"https://www.smogon.com/forums/threads/3740067/\">thread on Smogon.</a></div>\n|raw|<div class=\"broadcast-blue\"><strong>This battle is required to be public due to a player having a name starting with 'medal'.</div>\n|j|☆Danger #68\n|j|☆sirlsalot\n|t:|1782558402\n|gametype|singles\n|player|p1|Danger #68|rosa|1828\n|player|p2|sirlsalot|2|1790\n|gen|9\n|tier|[Gen 9] OU\n|rated|\n|rule|HP Percentage Mod: HP is shown in percentages\n|rule|Endless Battle Clause: Forcing endless battles is banned\n|rule|Species Clause: Limit one of each Pokémon\n|rule|OHKO Clause: OHKO moves are banned\n|rule|Evasion Items Clause: Evasion items are banned\n|rule|Evasion Moves Clause: Evasion moves are banned\n|rule|Evasion Abilities Clause: Evasion abilities are banned\n|rule|Sleep Moves Clause: Sleep-inducing moves are banned\n|clearpoke\n|poke|p1|Ogerpon, F|\n|poke|p1|Dragonite, F|\n|poke|p1|Gholdengo|\n|poke|p1|Ting-Lu|\n|poke|p1|Gliscor, F|\n|poke|p1|Zamazenta-*|\n|poke|p2|Gliscor, F|\n|poke|p2|Gholdengo|\n|poke|p2|Dragonite, M|\n|poke|p2|Ting-Lu|\n|poke|p2|Darkrai|\n|poke|p2|Zamazenta-*|\n|teampreview\n|inactive|Battle timer is ON: inactive players will automatically lose when time's up. (requested by sirlsalot)\n|inactive|Danger #68 has 120 seconds left.\n|inactive|Danger #68 has 90 seconds left.\n|\n|t:|1782558486\n|teamsize|p1|6\n|teamsize|p2|6\n|start\n|switch|p1a: Ting-Lu|Ting-Lu|100/100\n|switch|p2a: Zamazenta|Zamazenta|100/100\n|-ability|p2a: Zamazenta|Dauntless Shield|boost\n|-boost|p2a: Zamazenta|def|1\n|-ability|p1a: Ting-Lu|Vessel of Ruin\n|turn|1\n|\n|t:|1782558493\n|switch|p1a: Gholdengo|Gholdengo|100/100\n|move|p2a: Zamazenta|Close Combat|p1a: Gholdengo\n|-immune|p1a: Gholdengo\n|\n|upkeep\n|turn|2\n|j| firecharmander004\n|\n|t:|1782558500\n|move|p1a: Gholdengo|Make It Rain|p2a: Zamazenta\n|-damage|p2a: Zamazenta|41/100\n|-unboost|p1a: Gholdengo|spa|1\n|move|p2a: Zamazenta|Crunch|p1a: Gholdengo\n|-supereffective|p1a: Gholdengo\n|-damage|p1a: Gholdengo|41/100\n|\n|upkeep\n|turn|3\n|\n|t:|1782558514\n|switch|p2a: Ting-Lu|Ting-Lu|100/100\n|-ability|p2a: Ting-Lu|Vessel of Ruin\n|move|p1a: Gholdengo|Make It Rain|p2a: Ting-Lu\n|-damage|p2a: Ting-Lu|84/100\n|-unboost|p1a: Gholdengo|spa|1\n|\n|-heal|p2a: Ting-Lu|90/100|[from] item: Leftovers\n|upkeep\n|turn|4\n|\n|t:|1782558520\n|switch|p1a: Gliscor|Gliscor, F|100/100\n|move|p2a: Ting-Lu|Stealth Rock|p1a: Gliscor\n|-sidestart|p1: Danger #68|move: Stealth Rock\n|\n|-heal|p2a: Ting-Lu|96/100|[from] item: Leftovers\n|-status|p1a: Gliscor|tox|[from] item: Toxic Orb\n|upkeep\n|turn|5\n|\n|t:|1782558525\n|switch|p2a: Darkrai|Darkrai|100/100\n|move|p1a: Gliscor|Spikes|p2a: Darkrai\n|-sidestart|p2: sirlsalot|Spikes\n|\n|upkeep\n|turn|6\n|\n|t:|1782558547\n|switch|p1a: Zamazenta|Zamazenta|100/100\n|-ability|p1a: Zamazenta|Dauntless Shield|boost\n|-boost|p1a: Zamazenta|def|1\n|move|p2a: Darkrai|Ice Beam|p1a: Zamazenta\n|-damage|p1a: Zamazenta|69/100\n|\n|upkeep\n|turn|7\n|\n|t:|1782558557\n|switch|p2a: Gliscor|Gliscor, F|100/100\n|move|p1a: Zamazenta|Crunch|p2a: Gliscor\n|-damage|p2a: Gliscor|84/100\n|\n|-status|p2a: Gliscor|tox|[from] item: Toxic Orb\n|upkeep\n|turn|8\n|\n|t:|1782558564\n|move|p1a: Zamazenta|Ice Fang|p2a: Gliscor\n|-supereffective|p2a: Gliscor\n|-damage|p2a: Gliscor|32/100 tox\n|move|p2a: Gliscor|Spikes|p1a: Zamazenta\n|-sidestart|p1: Danger #68|Spikes\n|\n|-heal|p2a: Gliscor|44/100 tox|[from] ability: Poison Heal\n|upkeep\n|turn|9\n|\n|t:|1782558569\n|move|p2a: Gliscor|Protect|p2a: Gliscor\n|-singleturn|p2a: Gliscor|Protect\n|move|p1a: Zamazenta|Ice Fang|p2a: Gliscor\n|-activate|p2a: Gliscor|move: Protect\n|\n|-heal|p2a: Gliscor|57/100 tox|[from] ability: Poison Heal\n|upkeep\n|turn|10\n|l| firecharmander004\n|\n|t:|1782558582\n|move|p1a: Zamazenta|Ice Fang|p2a: Gliscor\n|-supereffective|p2a: Gliscor\n|-damage|p2a: Gliscor|3/100 tox\n|move|p2a: Gliscor|Toxic|p1a: Zamazenta|[miss]\n|-miss|p2a: Gliscor|p1a: Zamazenta\n|\n|-heal|p2a: Gliscor|16/100 tox|[from] ability: Poison Heal\n|upkeep\n|turn|11\n|\n|t:|1782558588\n|move|p2a: Gliscor|Protect|p2a: Gliscor\n|-singleturn|p2a: Gliscor|Protect\n|move|p1a: Zamazenta|Ice Fang|p2a: Gliscor\n|-activate|p2a: Gliscor|move: Protect\n|\n|-heal|p2a: Gliscor|28/100 tox|[from] ability: Poison Heal\n|upkeep\n|turn|12\n|\n|t:|1782558592\n|switch|p2a: Gholdengo|Gholdengo|100/100\n|-damage|p2a: Gholdengo|88/100|[from] Spikes\n|move|p1a: Zamazenta|Ice Fang|p2a: Gholdengo\n|-resisted|p2a: Gholdengo\n|-damage|p2a: Gholdengo|77/100\n|\n|upkeep\n|turn|13\n|\n|t:|1782558604\n|move|p2a: Gholdengo|Make It Rain|p1a: Zamazenta\n|-damage|p1a: Zamazenta|10/100\n|-unboost|p2a: Gholdengo|spa|1\n|move|p1a: Zamazenta|Crunch|p2a: Gholdengo\n|-supereffective|p2a: Gholdengo\n|-damage|p2a: Gholdengo|15/100\n|\n|upkeep\n|turn|14\n|\n|t:|1782558611\n|switch|p1a: Ting-Lu|Ting-Lu|100/100\n|-damage|p1a: Ting-Lu|94/100|[from] Stealth Rock\n|-damage|p1a: Ting-Lu|82/100|[from] Spikes\n|-ability|p1a: Ting-Lu|Vessel of Ruin\n|move|p2a: Gholdengo|Make It Rain|p1a: Ting-Lu\n|-damage|p1a: Ting-Lu|65/100\n|-unboost|p2a: Gholdengo|spa|1\n|\n|-heal|p1a: Ting-Lu|72/100|[from] item: Leftovers\n|upkeep\n|turn|15\n|\n|t:|1782558617\n|switch|p2a: Gliscor|Gliscor, F|28/100 tox\n|move|p1a: Ting-Lu|Stealth Rock|p2a: Gliscor\n|-sidestart|p2: sirlsalot|move: Stealth Rock\n|\n|-heal|p1a: Ting-Lu|78/100|[from] item: Leftovers\n|-heal|p2a: Gliscor|41/100 tox|[from] ability: Poison Heal\n|upkeep\n|turn|16\n|\n|t:|1782558619\n|move|p2a: Gliscor|Toxic|p1a: Ting-Lu\n|-status|p1a: Ting-Lu|tox\n|move|p1a: Ting-Lu|Whirlwind|p2a: Gliscor\n|drag|p2a: Gholdengo|Gholdengo|15/100\n|-damage|p2a: Gholdengo|3/100|[from] Spikes\n|-damage|p2a: Gholdengo|0 fnt|[from] Stealth Rock\n|faint|p2a: Gholdengo\n|\n|-heal|p1a: Ting-Lu|84/100 tox|[from] item: Leftovers\n|-damage|p1a: Ting-Lu|78/100 tox|[from] psn\n|upkeep\n|\n|t:|1782558633\n|switch|p2a: Zamazenta|Zamazenta|41/100\n|turn|17\n|\n|t:|1782558652\n|move|p2a: Zamazenta|Crunch|p1a: Ting-Lu\n|-resisted|p1a: Ting-Lu\n|-damage|p1a: Ting-Lu|71/100 tox\n|move|p1a: Ting-Lu|Earthquake|p2a: Zamazenta\n|-damage|p2a: Zamazenta|9/100\n|\n|-heal|p1a: Ting-Lu|77/100 tox|[from] item: Leftovers\n|-damage|p1a: Ting-Lu|65/100 tox|[from] psn\n|upkeep\n|turn|18\n|\n|t:|1782558658\n|move|p2a: Zamazenta|Close Combat|p1a: Ting-Lu\n|-supereffective|p1a: Ting-Lu\n|-damage|p1a: Ting-Lu|1/100 tox\n|-unboost|p2a: Zamazenta|def|1\n|-unboost|p2a: Zamazenta|spd|1\n|move|p1a: Ting-Lu|Earthquake|p2a: Zamazenta\n|-damage|p2a: Zamazenta|0 fnt\n|faint|p2a: Zamazenta\n|\n|-heal|p1a: Ting-Lu|7/100 tox|[from] item: Leftovers\n|-damage|p1a: Ting-Lu|0 fnt|[from] psn\n|faint|p1a: Ting-Lu\n|upkeep\n|\n|t:|1782558674\n|switch|p2a: Dragonite|Dragonite, M|100/100\n|switch|p1a: Ogerpon|Ogerpon, F|100/100\n|turn|19\n|\n|t:|1782558681\n|move|p1a: Ogerpon|Knock Off|p2a: Dragonite\n|-damage|p2a: Dragonite|87/100\n|-enditem|p2a: Dragonite|Heavy-Duty Boots|[from] move: Knock Off|[of] p1a: Ogerpon\n|move|p2a: Dragonite|Dragon Dance|p2a: Dragonite\n|-boost|p2a: Dragonite|atk|1\n|-boost|p2a: Dragonite|spe|1\n|\n|upkeep\n|turn|20\n|\n|t:|1782558686\n|-terastallize|p1a: Ogerpon|Grass\n|detailschange|p1a: Ogerpon|Ogerpon-Teal-Tera, F, tera:Grass\n|-ability|p1a: Ogerpon|Embody Aspect (Teal)|boost\n|-boost|p1a: Ogerpon|spe|1\n|move|p1a: Ogerpon|Encore|p2a: Dragonite\n|-start|p2a: Dragonite|Encore\n|move|p2a: Dragonite|Dragon Dance|p2a: Dragonite\n|-boost|p2a: Dragonite|atk|1\n|-boost|p2a: Dragonite|spe|1\n|\n|upkeep\n|turn|21\n|\n|t:|1782558694\n|switch|p1a: Dragonite|Dragonite, F|100/100\n|move|p2a: Dragonite|Dragon Dance|p2a: Dragonite\n|-boost|p2a: Dragonite|atk|1\n|-boost|p2a: Dragonite|spe|1\n|\n|upkeep\n|turn|22\n|\n|t:|1782558711\n|switch|p2a: Gliscor|Gliscor, F|41/100 tox\n|-damage|p2a: Gliscor|28/100 tox|[from] Stealth Rock\n|move|p1a: Dragonite|Dragon Tail|p2a: Gliscor\n|-damage|p2a: Gliscor|7/100 tox\n|drag|p2a: Dragonite|Dragonite, M|87/100\n|-damage|p2a: Dragonite|62/100|[from] Stealth Rock\n|\n|upkeep\n|turn|23\n|\n|t:|1782558723\n|move|p2a: Dragonite|Roost|p2a: Dragonite\n|-heal|p2a: Dragonite|100/100\n|-singleturn|p2a: Dragonite|move: Roost\n|move|p1a: Dragonite|Dragon Tail|p2a: Dragonite\n|-supereffective|p2a: Dragonite\n|-damage|p2a: Dragonite|69/100\n|drag|p2a: Gliscor|Gliscor, F|7/100 tox\n|-damage|p2a: Gliscor|0 fnt|[from] Stealth Rock\n|faint|p2a: Gliscor\n|\n|upkeep\n|\n|t:|1782558730\n|switch|p2a: Darkrai|Darkrai|100/100\n|turn|24\n|\n|t:|1782558735\n|move|p2a: Darkrai|Ice Beam|p1a: Dragonite\n|-supereffective|p1a: Dragonite\n|-crit|p1a: Dragonite\n|-damage|p1a: Dragonite|12/100\n|move|p1a: Dragonite|Low Kick|p2a: Darkrai\n|-supereffective|p2a: Darkrai\n|-damage|p2a: Darkrai|18/100\n|\n|upkeep\n|turn|25\n|\n|t:|1782558744\n|switch|p2a: Ting-Lu|Ting-Lu|96/100\n|-damage|p2a: Ting-Lu|84/100|[from] Spikes\n|-damage|p2a: Ting-Lu|78/100|[from] Stealth Rock\n|-ability|p2a: Ting-Lu|Vessel of Ruin\n|move|p1a: Dragonite|Extreme Speed|p2a: Ting-Lu\n|-damage|p2a: Ting-Lu|61/100\n|\n|-heal|p2a: Ting-Lu|67/100|[from] item: Leftovers\n|upkeep\n|turn|26\n|\n|t:|1782558747\n|move|p1a: Dragonite|Low Kick|p2a: Ting-Lu\n|-supereffective|p2a: Ting-Lu\n|-damage|p2a: Ting-Lu|21/100\n|move|p2a: Ting-Lu|Whirlwind|p1a: Dragonite\n|drag|p1a: Gholdengo|Gholdengo|41/100\n|-damage|p1a: Gholdengo|35/100|[from] Stealth Rock\n|-damage|p1a: Gholdengo|23/100|[from] Spikes\n|\n|-heal|p2a: Ting-Lu|27/100|[from] item: Leftovers\n|upkeep\n|turn|27\n|\n|t:|1782558752\n|move|p1a: Gholdengo|Make It Rain|p2a: Ting-Lu\n|-damage|p2a: Ting-Lu|0 fnt\n|-unboost|p1a: Gholdengo|spa|1\n|faint|p2a: Ting-Lu\n|\n|upkeep\n|\n|t:|1782558756\n|switch|p2a: Dragonite|Dragonite, M|69/100\n|-damage|p2a: Dragonite|44/100|[from] Stealth Rock\n|turn|28\n|\n|t:|1782558760\n|move|p1a: Gholdengo|Make It Rain|p2a: Dragonite\n|-damage|p2a: Dragonite|7/100\n|-unboost|p1a: Gholdengo|spa|1\n|move|p2a: Dragonite|Roost|p2a: Dragonite\n|-heal|p2a: Dragonite|57/100\n|-singleturn|p2a: Dragonite|move: Roost\n|\n|upkeep\n|turn|29\n|\n|t:|1782558774\n|switch|p1a: Gliscor|Gliscor, F|100/100 tox\n|-damage|p1a: Gliscor|88/100 tox|[from] Stealth Rock\n|move|p2a: Dragonite|Roost|p2a: Dragonite\n|-heal|p2a: Dragonite|100/100\n|-singleturn|p2a: Dragonite|move: Roost\n|\n|-heal|p1a: Gliscor|100/100 tox|[from] ability: Poison Heal\n|upkeep\n|turn|30\n|\n|t:|1782558780\n|move|p1a: Gliscor|Toxic|p2a: Dragonite\n|-status|p2a: Dragonite|tox\n|move|p2a: Dragonite|Dragon Dance|p2a: Dragonite\n|-boost|p2a: Dragonite|atk|1\n|-boost|p2a: Dragonite|spe|1\n|\n|-damage|p2a: Dragonite|94/100 tox|[from] psn\n|upkeep\n|turn|31\n|\n|t:|1782558783\n|move|p1a: Gliscor|Protect|p1a: Gliscor\n|-singleturn|p1a: Gliscor|Protect\n|move|p2a: Dragonite|Dragon Dance|p2a: Dragonite\n|-boost|p2a: Dragonite|atk|1\n|-boost|p2a: Dragonite|spe|1\n|\n|-damage|p2a: Dragonite|82/100 tox|[from] psn\n|upkeep\n|turn|32\n|\n|t:|1782558788\n|switch|p1a: Dragonite|Dragonite, F|12/100\n|-terastallize|p2a: Dragonite|Normal\n|move|p2a: Dragonite|Extreme Speed|p1a: Dragonite\n|-damage|p1a: Dragonite|0 fnt\n|faint|p1a: Dragonite\n|\n|-damage|p2a: Dragonite|63/100 tox|[from] psn\n|upkeep\n|\n|t:|1782558794\n|switch|p1a: Ogerpon|Ogerpon-Teal-Tera, F, tera:Grass|100/100\n|-ability|p1a: Ogerpon|Embody Aspect (Teal)|boost\n|-boost|p1a: Ogerpon|spe|1\n|turn|33\n|\n|t:|1782558796\n|switch|p1a: Gholdengo|Gholdengo|23/100\n|-damage|p1a: Gholdengo|17/100|[from] Stealth Rock\n|-damage|p1a: Gholdengo|5/100|[from] Spikes\n|move|p2a: Dragonite|Extreme Speed|p1a: Gholdengo\n|-immune|p1a: Gholdengo\n|\n|-damage|p2a: Dragonite|39/100 tox|[from] psn\n|upkeep\n|turn|34\n|\n|t:|1782558803\n|switch|p1a: Gliscor|Gliscor, F|100/100 tox\n|-damage|p1a: Gliscor|88/100 tox|[from] Stealth Rock\n|move|p2a: Dragonite|Earthquake|p1a: Gliscor\n|-immune|p1a: Gliscor\n|\n|-damage|p2a: Dragonite|8/100 tox|[from] psn\n|-heal|p1a: Gliscor|100/100 tox|[from] ability: Poison Heal\n|upkeep\n|turn|35\n|\n|t:|1782558805\n|move|p2a: Dragonite|Roost|p2a: Dragonite\n|-heal|p2a: Dragonite|58/100 tox\n|move|p1a: Gliscor|Spikes|p2a: Dragonite\n|-sidestart|p2: sirlsalot|Spikes\n|\n|-damage|p2a: Dragonite|21/100 tox|[from] psn\n|upkeep\n|turn|36\n|\n|t:|1782558808\n|switch|p2a: Darkrai|Darkrai|18/100\n|move|p1a: Gliscor|Spikes|p2a: Darkrai\n|-sidestart|p2: sirlsalot|Spikes\n|\n|upkeep\n|turn|37\n|\n|t:|1782558813\n|move|p2a: Darkrai|Ice Beam|p1a: Gliscor\n|-supereffective|p1a: Gliscor\n|-damage|p1a: Gliscor|0 fnt\n|faint|p1a: Gliscor\n|\n|upkeep\n|\n|t:|1782558817\n|switch|p1a: Ogerpon|Ogerpon-Teal-Tera, F, tera:Grass|100/100\n|-ability|p1a: Ogerpon|Embody Aspect (Teal)|boost\n|-boost|p1a: Ogerpon|spe|1\n|turn|38\n|j| Garden of Dreams\n|\n|t:|1782558825\n|move|p1a: Ogerpon|Knock Off|p2a: Darkrai\n|-resisted|p2a: Darkrai\n|-damage|p2a: Darkrai|0 fnt\n|-enditem|p2a: Darkrai|Heavy-Duty Boots|[from] move: Knock Off|[of] p1a: Ogerpon\n|faint|p2a: Darkrai\n|\n|upkeep\n|\n|t:|1782558827\n|switch|p2a: Dragonite|Dragonite, M, tera:Normal|21/100 tox\n|-damage|p2a: Dragonite|0 fnt|[from] Spikes\n|faint|p2a: Dragonite\n|\n|win|Danger #68\n|raw|Danger #68's rating: 1839 &rarr; <strong>1856</strong><br />(+17 for winning)\n|raw|sirlsalot's rating: 1790 &rarr; <strong>1773</strong><br />(-17 for losing)\n|l|☆Danger #68\n|player|p1|\n|l|☆sirlsalot\n|player|p2|\n", "uploadtime": 1782559032, "views": 16, "formatid": "gen9ou", "rating": 1773, "private": 0, "password": null}