{"id": "gen9ou-2540893237", "format": "[Gen 9] OU", "players": ["BarronCosimo", "motismascarf"], "log": "|j|☆BarronCosimo\n|j|☆motismascarf\n|t:|1771264638\n|gametype|singles\n|player|p1|BarronCosimo|266|1530\n|player|p2|motismascarf|101|1597\n|gen|9\n|tier|[Gen 9] OU\n|rated|\n|rule|HP Percentage Mod: HP is shown in percentages\n|rule|Endless Battle Clause: Forcing endless battles is banned\n|rule|Species Clause: Limit one of each Pokémon\n|rule|OHKO Clause: OHKO moves are banned\n|rule|Evasion Items Clause: Evasion items are banned\n|rule|Evasion Moves Clause: Evasion moves are banned\n|rule|Evasion Abilities Clause: Evasion abilities are banned\n|rule|Sleep Moves Clause: Sleep-inducing moves are banned\n|clearpoke\n|poke|p1|Sandy Shocks|\n|poke|p1|Scizor, M|\n|poke|p1|Manaphy|\n|poke|p1|Latios, M|\n|poke|p1|Ogerpon, F|\n|poke|p1|Iron Jugulis|\n|poke|p2|Torkoal, F|\n|poke|p2|Walking Wake|\n|poke|p2|Great Tusk|\n|poke|p2|Hatterene, F|\n|poke|p2|Raging Bolt|\n|poke|p2|Ceruledge, F|\n|teampreview\n|inactive|Battle timer is ON: inactive players will automatically lose when time's up. (requested by motismascarf)\n|inactive|BarronCosimo has 120 seconds left.\n|\n|t:|1771264671\n|teamsize|p1|6\n|teamsize|p2|6\n|start\n|switch|p1a: Sandy Shocks|Sandy Shocks|100/100\n|switch|p2a: Galet Pagos|Torkoal, F, shiny|100/100\n|-weather|SunnyDay|[from] ability: Drought|[of] p2a: Galet Pagos\n|-activate|p1a: Sandy Shocks|ability: Protosynthesis\n|-start|p1a: Sandy Shocks|protosynthesisspe\n|turn|1\n|\n|t:|1771264675\n|switch|p2a: NOISE NOISE|Hatterene, F, shiny|100/100\n|move|p1a: Sandy Shocks|Earth Power|p2a: NOISE NOISE\n|-damage|p2a: NOISE NOISE|53/100\n|-enditem|p2a: NOISE NOISE|Eject Button\n|\n|t:|1771264683\n|switch|p2a: Yes I'm Suicune|Walking Wake|100/100\n|-activate|p2a: Yes I'm Suicune|ability: Protosynthesis\n|-start|p2a: Yes I'm Suicune|protosynthesisspe\n|\n|-weather|SunnyDay|[upkeep]\n|upkeep\n|turn|2\n|\n|t:|1771264711\n|move|p2a: Yes I'm Suicune|Hydro Steam|p1a: Sandy Shocks\n|-supereffective|p1a: Sandy Shocks\n|-damage|p1a: Sandy Shocks|0 fnt\n|faint|p1a: Sandy Shocks\n|-end|p1a: Sandy Shocks|Protosynthesis|[silent]\n|\n|-weather|SunnyDay|[upkeep]\n|upkeep\n|\n|t:|1771264718\n|switch|p1a: Ogerpon|Ogerpon, F|100/100\n|turn|3\n|inactive|BarronCosimo has 120 seconds left.\n|\n|t:|1771264735\n|move|p2a: Yes I'm Suicune|Hydro Steam|p1a: Ogerpon\n|-resisted|p1a: Ogerpon\n|-damage|p1a: Ogerpon|52/100\n|move|p1a: Ogerpon|Ivy Cudgel|p2a: Yes I'm Suicune\n|-damage|p2a: Yes I'm Suicune|46/100\n|\n|-weather|SunnyDay|[upkeep]\n|upkeep\n|turn|4\n|inactive|BarronCosimo has 120 seconds left.\n|\n|t:|1771264761\n|-terastallize|p2a: Yes I'm Suicune|Water\n|move|p2a: Yes I'm Suicune|Hydro Steam|p1a: Ogerpon\n|-resisted|p1a: Ogerpon\n|-damage|p1a: Ogerpon|0 fnt\n|faint|p1a: Ogerpon\n|\n|-weather|SunnyDay|[upkeep]\n|upkeep\n|\n|t:|1771264779\n|switch|p1a: Latios|Latios, M|100/100\n|turn|5\n|\n|t:|1771264784\n|move|p2a: Yes I'm Suicune|Hydro Steam|p1a: Latios\n|-resisted|p1a: Latios\n|-damage|p1a: Latios|52/100\n|move|p1a: Latios|Agility|p1a: Latios\n|-boost|p1a: Latios|spe|2\n|\n|-weather|SunnyDay|[upkeep]\n|upkeep\n|turn|6\n|\n|t:|1771264799\n|-end|p2a: Yes I'm Suicune|Protosynthesis|[silent]\n|switch|p2a: NOISE NOISE|Hatterene, F, shiny|53/100\n|move|p1a: Latios|Stored Power|p2a: NOISE NOISE\n|-resisted|p2a: NOISE NOISE\n|-damage|p2a: NOISE NOISE|39/100\n|\n|-weather|SunnyDay|[upkeep]\n|upkeep\n|turn|7\n|\n|t:|1771264810\n|move|p1a: Latios|Calm Mind|p1a: Latios\n|-boost|p1a: Latios|spa|1\n|-boost|p1a: Latios|spd|1\n|move|p2a: NOISE NOISE|Dazzling Gleam|p1a: Latios\n|-supereffective|p1a: Latios\n|-damage|p1a: Latios|13/100\n|-enditem|p1a: Latios|Weakness Policy\n|-boost|p1a: Latios|atk|2|[from] item: Weakness Policy\n|-boost|p1a: Latios|spa|2|[from] item: Weakness Policy\n|\n|-weather|SunnyDay|[upkeep]\n|upkeep\n|turn|8\n|\n|t:|1771264819\n|move|p1a: Latios|Stored Power|p2a: NOISE NOISE\n|-resisted|p2a: NOISE NOISE\n|-damage|p2a: NOISE NOISE|0 fnt\n|faint|p2a: NOISE NOISE\n|\n|-weather|none\n|upkeep\n|\n|t:|1771264822\n|switch|p2a: XIOOOONXIOOOON|Ceruledge, F|100/100\n|turn|9\n|inactive|BarronCosimo has 120 seconds left.\n|\n|t:|1771264833\n|move|p2a: XIOOOONXIOOOON|Shadow Sneak|p1a: Latios\n|-supereffective|p1a: Latios\n|-damage|p1a: Latios|0 fnt\n|faint|p1a: Latios\n|\n|upkeep\n|\n|t:|1771264863\n|switch|p1a: Manaphy|Manaphy|100/100\n|turn|10\n|\n|t:|1771264870\n|switch|p2a: Galet Pagos|Torkoal, F, shiny|100/100\n|-weather|SunnyDay|[from] ability: Drought|[of] p2a: Galet Pagos\n|move|p1a: Manaphy|Tail Glow|p1a: Manaphy\n|-boost|p1a: Manaphy|spa|3\n|\n|-weather|SunnyDay|[upkeep]\n|upkeep\n|turn|11\n|\n|t:|1771264881\n|move|p1a: Manaphy|Surf|p2a: Galet Pagos\n|-supereffective|p2a: Galet Pagos\n|-damage|p2a: Galet Pagos|0 fnt\n|faint|p2a: Galet Pagos\n|\n|-weather|SunnyDay|[upkeep]\n|upkeep\n|\n|t:|1771264886\n|switch|p2a: Yes I'm Suicune|Walking Wake, tera:Water|46/100\n|-activate|p2a: Yes I'm Suicune|ability: Protosynthesis\n|-start|p2a: Yes I'm Suicune|protosynthesisspe\n|turn|12\n|\n|t:|1771264913\n|move|p2a: Yes I'm Suicune|Draco Meteor|p1a: Manaphy\n|-damage|p1a: Manaphy|0 fnt\n|-unboost|p2a: Yes I'm Suicune|spa|2\n|faint|p1a: Manaphy\n|\n|-weather|SunnyDay|[upkeep]\n|upkeep\n|inactive|BarronCosimo has 90 seconds left.\n|\n|t:|1771264925\n|switch|p1a: Iron Jugulis|Iron Jugulis|100/100\n|-enditem|p1a: Iron Jugulis|Booster Energy\n|-activate|p1a: Iron Jugulis|ability: Quark Drive|[fromitem]\n|-start|p1a: Iron Jugulis|quarkdrivespe\n|turn|13\n|inactive|BarronCosimo has 90 seconds left.\n|\n|t:|1771264940\n|-end|p2a: Yes I'm Suicune|Protosynthesis|[silent]\n|switch|p2a: I'm a Giraffe|Raging Bolt|100/100\n|-activate|p2a: I'm a Giraffe|ability: Protosynthesis\n|-start|p2a: I'm a Giraffe|protosynthesisspa\n|move|p1a: Iron Jugulis|Earth Power|p2a: I'm a Giraffe\n|-supereffective|p2a: I'm a Giraffe\n|-damage|p2a: I'm a Giraffe|44/100\n|\n|-weather|SunnyDay|[upkeep]\n|-heal|p2a: I'm a Giraffe|50/100|[from] item: Leftovers\n|upkeep\n|turn|14\n|inactive|BarronCosimo has 90 seconds left.\n|inactive|BarronCosimo has 60 seconds left.\n|\n|t:|1771264990\n|move|p1a: Iron Jugulis|Earth Power|p2a: I'm a Giraffe\n|-supereffective|p2a: I'm a Giraffe\n|-damage|p2a: I'm a Giraffe|0 fnt\n|faint|p2a: I'm a Giraffe\n|-end|p2a: I'm a Giraffe|Protosynthesis|[silent]\n|\n|-weather|SunnyDay|[upkeep]\n|upkeep\n|\n|t:|1771264994\n|switch|p2a: Yes I'm Suicune|Walking Wake, tera:Water|46/100\n|-activate|p2a: Yes I'm Suicune|ability: Protosynthesis\n|-start|p2a: Yes I'm Suicune|protosynthesisspe\n|turn|15\n|inactive|BarronCosimo has 60 seconds left.\n|\n|t:|1771265026\n|move|p2a: Yes I'm Suicune|Hydro Steam|p1a: Iron Jugulis\n|-damage|p1a: Iron Jugulis|0 fnt\n|faint|p1a: Iron Jugulis\n|-end|p1a: Iron Jugulis|Quark Drive|[silent]\n|\n|-weather|SunnyDay|[upkeep]\n|upkeep\n|\n|t:|1771265029\n|switch|p1a: Scizor|Scizor, M|100/100\n|turn|16\n|j| Samurajen\n|\n|t:|1771265034\n|move|p2a: Yes I'm Suicune|Hydro Steam|p1a: Scizor\n|-damage|p1a: Scizor|0 fnt\n|faint|p1a: Scizor\n|\n|win|motismascarf\n|raw|BarronCosimo's rating: 1530 &rarr; <strong>1514</strong><br />(-16 for losing)\n|raw|motismascarf's rating: 1597 &rarr; <strong>1613</strong><br />(+16 for winning)\n", "uploadtime": 1771265044, "views": 4, "formatid": "gen9ou", "rating": 1514, "private": 0, "password": null}