{"id": "gen9ou-2540691764", "format": "[Gen 9] OU", "players": ["FIREEEE", "tuanquewang"], "log": "|j|☆FIREEEE\n|j|☆tuanquewang\n|t:|1771241069\n|gametype|singles\n|player|p1|FIREEEE|pokekid|1818\n|player|p2|tuanquewang|backersf|1722\n|gen|9\n|tier|[Gen 9] OU\n|rated|\n|rule|HP Percentage Mod: HP is shown in percentages\n|rule|Endless Battle Clause: Forcing endless battles is banned\n|rule|Species Clause: Limit one of each Pokémon\n|rule|OHKO Clause: OHKO moves are banned\n|rule|Evasion Items Clause: Evasion items are banned\n|rule|Evasion Moves Clause: Evasion moves are banned\n|rule|Evasion Abilities Clause: Evasion abilities are banned\n|rule|Sleep Moves Clause: Sleep-inducing moves are banned\n|clearpoke\n|poke|p1|Heatran, M|\n|poke|p1|Rillaboom, F|\n|poke|p1|Dragapult, M|\n|poke|p1|Ting-Lu|\n|poke|p1|Iron Crown|\n|poke|p1|Hatterene, F|\n|poke|p2|Slowking-Galar, M|\n|poke|p2|Alomomola, F|\n|poke|p2|Scizor, M|\n|poke|p2|Hydrapple, F|\n|poke|p2|Cinderace, M|\n|poke|p2|Sandy Shocks|\n|teampreview\n|inactive|Battle timer is ON: inactive players will automatically lose when time's up. (requested by tuanquewang)\n|\n|t:|1771241095\n|teamsize|p1|6\n|teamsize|p2|6\n|start\n|switch|p1a: Iron Crown|Iron Crown|100/100\n|switch|p2a: Scizor|Scizor, M|100/100\n|turn|1\n|\n|t:|1771241100\n|move|p1a: Iron Crown|Future Sight|p2a: Scizor\n|-start|p1a: Iron Crown|move: Future Sight\n|move|p2a: Scizor|U-turn|p1a: Iron Crown\n|-damage|p1a: Iron Crown|35/100\n|\n|t:|1771241104\n|switch|p2a: Cinderace|Cinderace, M|100/100|[from] U-turn\n|\n|upkeep\n|turn|2\n|\n|t:|1771241120\n|-end|p1a: Iron Crown|Quark Drive|[silent]\n|switch|p1a: Heatran|Heatran, M|100/100\n|move|p2a: Cinderace|U-turn|p1a: Heatran\n|-start|p2a: Cinderace|typechange|Bug|[from] ability: Libero\n|-resisted|p1a: Heatran\n|-damage|p1a: Heatran|96/100\n|-status|p2a: Cinderace|brn|[from] ability: Flame Body|[of] p1a: Heatran\n|\n|t:|1771241122\n|switch|p2a: Alomomola|Alomomola, F|100/100|[from] U-turn\n|\n|-heal|p1a: Heatran|100/100|[from] item: Leftovers\n|upkeep\n|turn|3\n|\n|t:|1771241131\n|move|p1a: Heatran|Stealth Rock|p2a: Alomomola\n|-sidestart|p2: tuanquewang|move: Stealth Rock\n|move|p2a: Alomomola|Flip Turn|p1a: Heatran\n|-supereffective|p1a: Heatran\n|-damage|p1a: Heatran|79/100\n|-status|p2a: Alomomola|brn|[from] ability: Flame Body|[of] p1a: Heatran\n|\n|t:|1771241133\n|switch|p2a: Slowking|Slowking-Galar, M|100/100|[from] Flip Turn\n|-damage|p2a: Slowking|88/100|[from] Stealth Rock\n|\n|-end|p2a: Slowking|move: Future Sight\n|-damage|p2a: Slowking|55/100\n|-heal|p1a: Heatran|85/100|[from] item: Leftovers\n|-heal|p2a: Slowking|61/100|[from] item: Black Sludge\n|upkeep\n|turn|4\n|\n|t:|1771241141\n|switch|p2a: Alomomola|Alomomola, F|100/100 brn\n|-damage|p2a: Alomomola|88/100 brn|[from] Stealth Rock\n|move|p1a: Heatran|Earth Power|p2a: Alomomola\n|-damage|p2a: Alomomola|56/100 brn\n|\n|-heal|p1a: Heatran|91/100|[from] item: Leftovers\n|-heal|p2a: Alomomola|62/100 brn|[from] item: Leftovers\n|-damage|p2a: Alomomola|56/100 brn|[from] brn\n|upkeep\n|turn|5\n|\n|t:|1771241146\n|move|p1a: Heatran|Earth Power|p2a: Alomomola\n|-damage|p2a: Alomomola|25/100 brn\n|move|p2a: Alomomola|Mirror Coat|p1a: Heatran\n|-damage|p1a: Heatran|8/100\n|\n|-heal|p1a: Heatran|14/100|[from] item: Leftovers\n|-heal|p2a: Alomomola|32/100 brn|[from] item: Leftovers\n|-damage|p2a: Alomomola|25/100 brn|[from] brn\n|upkeep\n|turn|6\n|\n|t:|1771241154\n|switch|p2a: Slowking|Slowking-Galar, M|94/100\n|-damage|p2a: Slowking|81/100|[from] Stealth Rock\n|move|p1a: Heatran|Earth Power|p2a: Slowking\n|-supereffective|p2a: Slowking\n|-damage|p2a: Slowking|51/100\n|\n|-heal|p1a: Heatran|20/100|[from] item: Leftovers\n|-heal|p2a: Slowking|57/100|[from] item: Black Sludge\n|upkeep\n|turn|7\n|\n|t:|1771241158\n|move|p1a: Heatran|Earth Power|p2a: Slowking\n|-supereffective|p2a: Slowking\n|-damage|p2a: Slowking|28/100\n|-prepare|p2a: Slowking|Chilly Reception|[premajor]\n|move|p2a: Slowking|Chilly Reception|p2a: Slowking\n|-weather|Snowscape\n|\n|t:|1771241161\n|switch|p2a: Sandy Shocks|Sandy Shocks, shiny|100/100|[from] Chilly Reception\n|-damage|p2a: Sandy Shocks|94/100|[from] Stealth Rock\n|\n|-weather|Snowscape|[upkeep]\n|-heal|p1a: Heatran|26/100|[from] item: Leftovers\n|upkeep\n|turn|8\n|\n|t:|1771241165\n|switch|p1a: Ting-Lu|Ting-Lu|100/100\n|-ability|p1a: Ting-Lu|Vessel of Ruin\n|move|p2a: Sandy Shocks|Earth Power|p1a: Ting-Lu\n|-damage|p1a: Ting-Lu|81/100\n|\n|-weather|Snowscape|[upkeep]\n|-heal|p1a: Ting-Lu|87/100|[from] item: Leftovers\n|upkeep\n|turn|9\n|\n|t:|1771241171\n|-end|p2a: Sandy Shocks|Protosynthesis|[silent]\n|switch|p2a: Alomomola|Alomomola, F|59/100 brn\n|-damage|p2a: Alomomola|46/100 brn|[from] Stealth Rock\n|move|p1a: Ting-Lu|Payback|p2a: Alomomola\n|-damage|p2a: Alomomola|37/100 brn\n|\n|-weather|Snowscape|[upkeep]\n|-heal|p1a: Ting-Lu|93/100|[from] item: Leftovers\n|-heal|p2a: Alomomola|43/100 brn|[from] item: Leftovers\n|-damage|p2a: Alomomola|37/100 brn|[from] brn\n|upkeep\n|turn|10\n|\n|t:|1771241179\n|switch|p1a: Iron Crown|Iron Crown|35/100\n|move|p2a: Alomomola|Wish|p2a: Alomomola\n|\n|-weather|Snowscape|[upkeep]\n|-heal|p2a: Alomomola|43/100 brn|[from] item: Leftovers\n|-damage|p2a: Alomomola|37/100 brn|[from] brn\n|upkeep\n|turn|11\n|\n|t:|1771241188\n|switch|p2a: Cinderace|Cinderace, M|100/100 brn\n|move|p1a: Iron Crown|Psyshock|p2a: Cinderace\n|-damage|p2a: Cinderace|9/100 brn\n|\n|-weather|none\n|-heal|p2a: Cinderace|98/100 brn|[from] move: Wish|[wisher] Alomomola\n|-damage|p2a: Cinderace|92/100 brn|[from] brn\n|upkeep\n|turn|12\n|\n|t:|1771241194\n|move|p2a: Cinderace|Court Change|p2a: Cinderace\n|-start|p2a: Cinderace|typechange|Normal|[from] ability: Libero\n|-swapsideconditions\n|-activate|p2a: Cinderace|move: Court Change\n|move|p1a: Iron Crown|Psyshock|p2a: Cinderace\n|-damage|p2a: Cinderace|8/100 brn\n|\n|-damage|p2a: Cinderace|2/100 brn|[from] brn\n|upkeep\n|turn|13\n|\n|t:|1771241218\n|move|p2a: Cinderace|U-turn|p1a: Iron Crown\n|-damage|p1a: Iron Crown|22/100\n|\n|t:|1771241222\n|switch|p2a: Slowking|Slowking-Galar, M|61/100|[from] U-turn\n|move|p1a: Iron Crown|Psyshock|p2a: Slowking\n|-damage|p2a: Slowking|0 fnt\n|faint|p2a: Slowking\n|\n|upkeep\n|\n|t:|1771241227\n|switch|p2a: Sandy Shocks|Sandy Shocks, shiny|94/100\n|turn|14\n|\n|t:|1771241231\n|-end|p2a: Sandy Shocks|Protosynthesis|[silent]\n|switch|p2a: Alomomola|Alomomola, F|70/100 brn\n|-end|p1a: Iron Crown|Quark Drive|[silent]\n|switch|p1a: Ting-Lu|Ting-Lu|93/100\n|-damage|p1a: Ting-Lu|87/100|[from] Stealth Rock\n|-ability|p1a: Ting-Lu|Vessel of Ruin\n|\n|-heal|p1a: Ting-Lu|93/100|[from] item: Leftovers\n|-heal|p2a: Alomomola|76/100 brn|[from] item: Leftovers\n|-damage|p2a: Alomomola|70/100 brn|[from] brn\n|upkeep\n|turn|15\n|\n|t:|1771241236\n|move|p1a: Ting-Lu|Spikes|p2a: Alomomola\n|-sidestart|p2: tuanquewang|Spikes\n|move|p2a: Alomomola|Wish|p2a: Alomomola\n|\n|-heal|p1a: Ting-Lu|99/100|[from] item: Leftovers\n|-heal|p2a: Alomomola|76/100 brn|[from] item: Leftovers\n|-damage|p2a: Alomomola|70/100 brn|[from] brn\n|upkeep\n|turn|16\n|\n|t:|1771241242\n|move|p2a: Alomomola|Flip Turn|p1a: Ting-Lu\n|-supereffective|p1a: Ting-Lu\n|-damage|p1a: Ting-Lu|91/100\n|\n|t:|1771241245\n|switch|p2a: Hydrapple|Hydrapple, F, shiny|100/100|[from] Flip Turn\n|-damage|p2a: Hydrapple|88/100|[from] Spikes\n|move|p1a: Ting-Lu|Whirlwind|p2a: Hydrapple\n|drag|p2a: Sandy Shocks|Sandy Shocks, shiny|94/100\n|-damage|p2a: Sandy Shocks|82/100|[from] Spikes\n|\n|-heal|p2a: Sandy Shocks|100/100|[from] move: Wish|[wisher] Alomomola\n|-heal|p1a: Ting-Lu|98/100|[from] item: Leftovers\n|upkeep\n|turn|17\n|\n|t:|1771241252\n|-end|p2a: Sandy Shocks|Protosynthesis|[silent]\n|switch|p2a: Hydrapple|Hydrapple, F, shiny|100/100\n|-damage|p2a: Hydrapple|88/100|[from] Spikes\n|move|p1a: Ting-Lu|Spikes|p2a: Hydrapple\n|-sidestart|p2: tuanquewang|Spikes\n|\n|-heal|p1a: Ting-Lu|100/100|[from] item: Leftovers\n|upkeep\n|turn|18\n|\n|t:|1771241273\n|switch|p1a: Heatran|Heatran, M|26/100\n|-damage|p1a: Heatran|14/100|[from] Stealth Rock\n|move|p2a: Hydrapple|Leaf Storm|p1a: Heatran\n|-resisted|p1a: Heatran\n|-damage|p1a: Heatran|0 fnt\n|-unboost|p2a: Hydrapple|spa|2\n|faint|p1a: Heatran\n|\n|upkeep\n|inactive|FIREEEE has 120 seconds left.\n|\n|t:|1771241301\n|switch|p1a: Iron Crown|Iron Crown|22/100\n|-damage|p1a: Iron Crown|16/100|[from] Stealth Rock\n|turn|19\n|\n|t:|1771241306\n|move|p1a: Iron Crown|Psyshock|p2a: Hydrapple\n|-damage|p2a: Hydrapple|43/100\n|move|p2a: Hydrapple|Leaf Storm|p1a: Iron Crown\n|-resisted|p1a: Iron Crown\n|-damage|p1a: Iron Crown|0 fnt\n|-unboost|p2a: Hydrapple|spa|2\n|faint|p1a: Iron Crown\n|-end|p1a: Iron Crown|Quark Drive|[silent]\n|\n|upkeep\n|\n|t:|1771241312\n|switch|p1a: Dragapult|Dragapult, M|100/100\n|-damage|p1a: Dragapult|88/100|[from] Stealth Rock\n|turn|20\n|inactive|FIREEEE has 120 seconds left.\n|\n|t:|1771241325\n|switch|p2a: Alomomola|Alomomola, F|100/100 brn\n|-damage|p2a: Alomomola|84/100 brn|[from] Spikes\n|-terastallize|p1a: Dragapult|Ghost\n|move|p1a: Dragapult|Tera Blast|p2a: Alomomola|[anim] Tera Blast Ghost\n|-damage|p2a: Alomomola|40/100 brn\n|\n|-heal|p2a: Alomomola|46/100 brn|[from] item: Leftovers\n|-damage|p2a: Alomomola|40/100 brn|[from] brn\n|upkeep\n|turn|21\n|\n|t:|1771241331\n|move|p1a: Dragapult|Tera Blast|p2a: Alomomola|[anim] Tera Blast Ghost\n|-damage|p2a: Alomomola|0 fnt\n|faint|p2a: Alomomola\n|\n|upkeep\n|\n|t:|1771241337\n|switch|p2a: Sandy Shocks|Sandy Shocks, shiny|100/100\n|-damage|p2a: Sandy Shocks|84/100|[from] Spikes\n|turn|22\n|\n|t:|1771241347\n|switch|p1a: Ting-Lu|Ting-Lu|100/100\n|-damage|p1a: Ting-Lu|94/100|[from] Stealth Rock\n|-ability|p1a: Ting-Lu|Vessel of Ruin\n|move|p2a: Sandy Shocks|Earth Power|p1a: Ting-Lu\n|-crit|p1a: Ting-Lu\n|-damage|p1a: Ting-Lu|64/100\n|\n|-heal|p1a: Ting-Lu|71/100|[from] item: Leftovers\n|upkeep\n|turn|23\n|\n|t:|1771241355\n|-end|p2a: Sandy Shocks|Protosynthesis|[silent]\n|switch|p2a: Hydrapple|Hydrapple, F, shiny|76/100\n|-damage|p2a: Hydrapple|59/100|[from] Spikes\n|move|p1a: Ting-Lu|Payback|p2a: Hydrapple\n|-damage|p2a: Hydrapple|45/100\n|\n|-heal|p1a: Ting-Lu|77/100|[from] item: Leftovers\n|upkeep\n|turn|24\n|\n|t:|1771241359\n|switch|p1a: Rillaboom|Rillaboom, F|100/100\n|-damage|p1a: Rillaboom|88/100|[from] Stealth Rock\n|-fieldstart|move: Grassy Terrain|[from] ability: Grassy Surge|[of] p1a: Rillaboom\n|move|p2a: Hydrapple|Leaf Storm|p1a: Rillaboom\n|-resisted|p1a: Rillaboom\n|-damage|p1a: Rillaboom|12/100\n|-unboost|p2a: Hydrapple|spa|2\n|\n|-heal|p1a: Rillaboom|18/100|[from] Grassy Terrain\n|-heal|p2a: Hydrapple|51/100|[from] Grassy Terrain\n|upkeep\n|turn|25\n|\n|t:|1771241369\n|switch|p2a: Cinderace|Cinderace, M|2/100 brn\n|move|p1a: Rillaboom|Knock Off|p2a: Cinderace\n|-damage|p2a: Cinderace|0 fnt\n|-enditem|p2a: Cinderace|Heavy-Duty Boots|[from] move: Knock Off|[of] p1a: Rillaboom\n|faint|p2a: Cinderace\n|\n|-heal|p1a: Rillaboom|25/100|[from] Grassy Terrain\n|upkeep\n|\n|t:|1771241375\n|switch|p2a: Scizor|Scizor, M|100/100\n|-damage|p2a: Scizor|84/100|[from] Spikes\n|turn|26\n|\n|t:|1771241401\n|move|p2a: Scizor|Bullet Punch|p1a: Rillaboom\n|-damage|p1a: Rillaboom|0 fnt\n|faint|p1a: Rillaboom\n|\n|-heal|p2a: Scizor|90/100|[from] Grassy Terrain\n|upkeep\n|\n|t:|1771241408\n|switch|p1a: Ting-Lu|Ting-Lu|77/100\n|-damage|p1a: Ting-Lu|71/100|[from] Stealth Rock\n|-ability|p1a: Ting-Lu|Vessel of Ruin\n|turn|27\n|\n|t:|1771241414\n|switch|p2a: Hydrapple|Hydrapple, F, shiny|84/100\n|-damage|p2a: Hydrapple|67/100|[from] Spikes\n|move|p1a: Ting-Lu|Payback|p2a: Hydrapple\n|-damage|p2a: Hydrapple|53/100\n|\n|-heal|p1a: Ting-Lu|77/100|[from] Grassy Terrain\n|-heal|p1a: Ting-Lu|83/100|[from] item: Leftovers\n|-heal|p2a: Hydrapple|59/100|[from] Grassy Terrain\n|upkeep\n|turn|28\n|inactive|FIREEEE has 120 seconds left.\n|\n|t:|1771241462\n|move|p1a: Ting-Lu|Ruination|p2a: Hydrapple|[miss]\n|-miss|p1a: Ting-Lu|p2a: Hydrapple\n|move|p2a: Hydrapple|Leaf Storm|p1a: Ting-Lu\n|-supereffective|p1a: Ting-Lu\n|-damage|p1a: Ting-Lu|0 fnt\n|-unboost|p2a: Hydrapple|spa|2\n|faint|p1a: Ting-Lu\n|\n|-heal|p2a: Hydrapple|65/100|[from] Grassy Terrain\n|upkeep\n|\n|t:|1771241467\n|switch|p1a: Dragapult|Dragapult, M, tera:Ghost|88/100\n|-damage|p1a: Dragapult|76/100|[from] Stealth Rock\n|turn|29\n|\n|t:|1771241470\n|move|p1a: Dragapult|Tera Blast|p2a: Hydrapple|[anim] Tera Blast Ghost\n|-damage|p2a: Hydrapple|7/100\n|move|p2a: Hydrapple|Leaf Storm|p1a: Dragapult\n|-damage|p1a: Dragapult|0 fnt\n|-unboost|p2a: Hydrapple|spa|2\n|faint|p1a: Dragapult\n|\n|-heal|p2a: Hydrapple|14/100|[from] Grassy Terrain\n|upkeep\n|inactive|FIREEEE has 120 seconds left.\n|c|☆FIREEEE|rip the ruination miss\n|c|☆FIREEEE|gg\n|\n|t:|1771241477\n|switch|p1a: Hatterene|Hatterene, F|100/100\n|-damage|p1a: Hatterene|88/100|[from] Stealth Rock\n|-enditem|p1a: Hatterene|Grassy Seed\n|-boost|p1a: Hatterene|def|1|[from] item: Grassy Seed\n|turn|30\n|\n|t:|1771241481\n|switch|p2a: Sandy Shocks|Sandy Shocks, shiny|84/100\n|-damage|p2a: Sandy Shocks|68/100|[from] Spikes\n|move|p1a: Hatterene|Calm Mind|p1a: Hatterene\n|-boost|p1a: Hatterene|spa|1\n|-boost|p1a: Hatterene|spd|1\n|\n|-heal|p2a: Sandy Shocks|74/100|[from] Grassy Terrain\n|-heal|p1a: Hatterene|94/100|[from] Grassy Terrain\n|upkeep\n|turn|31\n|\n|t:|1771241489\n|move|p2a: Sandy Shocks|Volt Switch|p1a: Hatterene\n|-damage|p1a: Hatterene|69/100\n|\n|t:|1771241490\n|-end|p2a: Sandy Shocks|Protosynthesis|[silent]\n|switch|p2a: Hydrapple|Hydrapple, F, shiny|47/100|[from] Volt Switch\n|-damage|p2a: Hydrapple|30/100|[from] Spikes\n|move|p1a: Hatterene|Calm Mind|p1a: Hatterene\n|-boost|p1a: Hatterene|spa|1\n|-boost|p1a: Hatterene|spd|1\n|\n|-heal|p2a: Hydrapple|36/100|[from] Grassy Terrain\n|-heal|p1a: Hatterene|75/100|[from] Grassy Terrain\n|-fieldend|move: Grassy Terrain\n|upkeep\n|turn|32\n|\n|t:|1771241495\n|move|p2a: Hydrapple|Leaf Storm|p1a: Hatterene\n|-damage|p1a: Hatterene|22/100\n|-unboost|p2a: Hydrapple|spa|2\n|move|p1a: Hatterene|Draining Kiss|p2a: Hydrapple\n|-supereffective|p2a: Hydrapple\n|-crit|p2a: Hydrapple\n|-damage|p2a: Hydrapple|0 fnt\n|-heal|p1a: Hatterene|56/100|[from] drain|[of] p2a: Hydrapple\n|faint|p2a: Hydrapple\n|\n|upkeep\n|\n|t:|1771241497\n|switch|p2a: Scizor|Scizor, M|90/100\n|-damage|p2a: Scizor|73/100|[from] Spikes\n|turn|33\n|\n|t:|1771241499\n|-terastallize|p2a: Scizor|Steel\n|move|p2a: Scizor|Bullet Punch|p1a: Hatterene\n|-supereffective|p1a: Hatterene\n|-damage|p1a: Hatterene|0 fnt\n|faint|p1a: Hatterene\n|\n|win|tuanquewang\n|raw|FIREEEE's rating: 1818 &rarr; <strong>1793</strong><br />(-25 for losing)\n|raw|tuanquewang's rating: 1722 &rarr; <strong>1747</strong><br />(+25 for winning)\n|l|☆FIREEEE\n|player|p1|\n|l|☆tuanquewang\n|player|p2|\n", "uploadtime": 1771241669, "views": 20, "formatid": "gen9ou", "rating": 1747, "private": 0, "password": null}