{"id": "gen9ou-2540758864", "format": "[Gen 9] OU", "players": ["testingolem", "hamoodiscute"], "log": "|j|☆testingolem\n|j|☆hamoodiscute\n|t:|1771250689\n|gametype|singles\n|player|p1|testingolem|hiker-gen4|1542\n|player|p2|hamoodiscute|cynthia|1648\n|gen|9\n|tier|[Gen 9] OU\n|rated|\n|rule|HP Percentage Mod: HP is shown in percentages\n|rule|Endless Battle Clause: Forcing endless battles is banned\n|rule|Species Clause: Limit one of each Pokémon\n|rule|OHKO Clause: OHKO moves are banned\n|rule|Evasion Items Clause: Evasion items are banned\n|rule|Evasion Moves Clause: Evasion moves are banned\n|rule|Evasion Abilities Clause: Evasion abilities are banned\n|rule|Sleep Moves Clause: Sleep-inducing moves are banned\n|clearpoke\n|poke|p1|Ribombee, M|\n|poke|p1|Serperior, M|\n|poke|p1|Gholdengo|\n|poke|p1|Great Tusk|\n|poke|p1|Kingambit, F|\n|poke|p1|Dragapult, F|\n|poke|p2|Darkrai|\n|poke|p2|Ogerpon-Wellspring, F|\n|poke|p2|Great Tusk|\n|poke|p2|Dragonite, M|\n|poke|p2|Gholdengo|\n|poke|p2|Glimmora, M|\n|teampreview\n|\n|t:|1771250698\n|teamsize|p1|6\n|teamsize|p2|6\n|start\n|switch|p1a: Ribombee|Ribombee, M|100/100\n|switch|p2a: Glimmora|Glimmora, M, shiny|100/100\n|turn|1\n|\n|t:|1771250722\n|move|p1a: Ribombee|Stun Spore|p2a: Glimmora\n|-status|p2a: Glimmora|par\n|cant|p2a: Glimmora|par\n|\n|upkeep\n|turn|2\n|\n|t:|1771250726\n|move|p1a: Ribombee|Sticky Web|p2a: Glimmora\n|-sidestart|p2: hamoodiscute|move: Sticky Web\n|cant|p2a: Glimmora|par\n|\n|upkeep\n|turn|3\n|\n|t:|1771250730\n|switch|p1a: Gholdengo|Gholdengo|100/100\n|-item|p1a: Gholdengo|Air Balloon\n|move|p2a: Glimmora|Power Gem|p1a: Gholdengo\n|-resisted|p1a: Gholdengo\n|-damage|p1a: Gholdengo|81/100\n|-enditem|p1a: Gholdengo|Air Balloon\n|\n|upkeep\n|turn|4\n|\n|t:|1771250733\n|move|p1a: Gholdengo|Make It Rain|p2a: Glimmora\n|-supereffective|p2a: Glimmora\n|-damage|p2a: Glimmora|0 fnt\n|-unboost|p1a: Gholdengo|spa|1\n|faint|p2a: Glimmora\n|\n|upkeep\n|\n|t:|1771250743\n|switch|p2a: Dragonite|Dragonite, M|100/100\n|turn|5\n|\n|t:|1771250745\n|move|p1a: Gholdengo|Shadow Ball|p2a: Dragonite\n|-damage|p2a: Dragonite|91/100\n|move|p2a: Dragonite|Dragon Dance|p2a: Dragonite\n|-boost|p2a: Dragonite|atk|1\n|-boost|p2a: Dragonite|spe|1\n|\n|upkeep\n|turn|6\n|\n|t:|1771250748\n|move|p2a: Dragonite|Dragon Dance|p2a: Dragonite\n|-boost|p2a: Dragonite|atk|1\n|-boost|p2a: Dragonite|spe|1\n|move|p1a: Gholdengo|Make It Rain|p2a: Dragonite\n|-damage|p2a: Dragonite|61/100\n|-unboost|p1a: Gholdengo|spa|1\n|\n|upkeep\n|turn|7\n|\n|t:|1771250751\n|move|p2a: Dragonite|Roost|p2a: Dragonite\n|-heal|p2a: Dragonite|100/100\n|-singleturn|p2a: Dragonite|move: Roost\n|move|p1a: Gholdengo|Make It Rain|p2a: Dragonite\n|-damage|p2a: Dragonite|89/100\n|-unboost|p1a: Gholdengo|spa|1\n|\n|upkeep\n|turn|8\n|\n|t:|1771250754\n|move|p2a: Dragonite|Dragon Dance|p2a: Dragonite\n|-boost|p2a: Dragonite|atk|1\n|-boost|p2a: Dragonite|spe|1\n|move|p1a: Gholdengo|Shadow Ball|p2a: Dragonite\n|-damage|p2a: Dragonite|76/100\n|\n|upkeep\n|turn|9\n|\n|t:|1771250757\n|move|p2a: Dragonite|Roost|p2a: Dragonite\n|-heal|p2a: Dragonite|100/100\n|-singleturn|p2a: Dragonite|move: Roost\n|move|p1a: Gholdengo|Shadow Ball|p2a: Dragonite\n|-damage|p2a: Dragonite|95/100\n|\n|upkeep\n|turn|10\n|\n|t:|1771250759\n|move|p2a: Dragonite|Dragon Dance|p2a: Dragonite\n|-boost|p2a: Dragonite|atk|1\n|-boost|p2a: Dragonite|spe|1\n|move|p1a: Gholdengo|Shadow Ball|p2a: Dragonite\n|-damage|p2a: Dragonite|83/100\n|\n|upkeep\n|turn|11\n|\n|t:|1771250763\n|move|p2a: Dragonite|Earthquake|p1a: Gholdengo\n|-supereffective|p1a: Gholdengo\n|-damage|p1a: Gholdengo|0 fnt\n|faint|p1a: Gholdengo\n|\n|upkeep\n|j| Cabalgasapos\n|l| Cabalgasapos\n|\n|t:|1771250766\n|switch|p1a: Ribombee|Ribombee, M|100/100\n|turn|12\n|\n|t:|1771250792\n|-terastallize|p2a: Dragonite|Fairy\n|-terastallize|p1a: Ribombee|Fairy\n|move|p2a: Dragonite|Tera Blast|p1a: Ribombee|[anim] Tera Blast Fairy\n|-enditem|p1a: Ribombee|Focus Sash\n|-damage|p1a: Ribombee|1/100\n|move|p1a: Ribombee|Moonblast|p2a: Dragonite\n|-damage|p2a: Dragonite|44/100\n|\n|upkeep\n|turn|13\n|\n|t:|1771250801\n|move|p2a: Dragonite|Tera Blast|p1a: Ribombee|[anim] Tera Blast Fairy\n|-damage|p1a: Ribombee|0 fnt\n|faint|p1a: Ribombee\n|\n|upkeep\n|\n|t:|1771250806\n|switch|p1a: Serperior|Serperior, M|100/100\n|turn|14\n|\n|t:|1771250809\n|move|p2a: Dragonite|Tera Blast|p1a: Serperior|[anim] Tera Blast Fairy\n|-damage|p1a: Serperior|0 fnt\n|faint|p1a: Serperior\n|\n|upkeep\n|\n|t:|1771250811\n|switch|p1a: Dragapult|Dragapult, F|100/100\n|turn|15\n|\n|t:|1771250814\n|move|p2a: Dragonite|Tera Blast|p1a: Dragapult|[anim] Tera Blast Fairy\n|-supereffective|p1a: Dragapult\n|-damage|p1a: Dragapult|0 fnt\n|faint|p1a: Dragapult\n|\n|upkeep\n|\n|t:|1771250816\n|switch|p1a: Kingambit|Kingambit, F|100/100\n|-activate|p1a: Kingambit|ability: Supreme Overlord\n|-start|p1a: Kingambit|fallen4|[silent]\n|turn|16\n|\n|t:|1771250823\n|move|p1a: Kingambit|Sucker Punch|p2a: Dragonite\n|-resisted|p2a: Dragonite\n|-damage|p2a: Dragonite|9/100\n|move|p2a: Dragonite|Earthquake|p1a: Kingambit\n|-supereffective|p1a: Kingambit\n|-damage|p1a: Kingambit|0 fnt\n|faint|p1a: Kingambit\n|-end|p1a: Kingambit|fallen4|[silent]\n|\n|upkeep\n|-message|testingolem forfeited.\n|\n|win|hamoodiscute\n|raw|testingolem's rating: 1542 &rarr; <strong>1528</strong><br />(-14 for losing)\n|raw|hamoodiscute's rating: 1648 &rarr; <strong>1662</strong><br />(+14 for winning)\n|l|☆testingolem\n|player|p1|\n|l|☆hamoodiscute\n|player|p2|\n", "uploadtime": 1771251066, "views": 5, "formatid": "gen9ou", "rating": 1528, "private": 0, "password": null}