{"id": "gen9ou-2540508184", "format": "[Gen 9] OU", "players": ["ceo o wo chien", "zephyri"], "log": "|j|☆ceo o wo chien\n|j|☆zephyri\n|t:|1771210795\n|gametype|singles\n|player|p1|ceo o wo chien|1|1782\n|player|p2|zephyri|#zephyri|1811\n|gen|9\n|tier|[Gen 9] OU\n|rated|\n|rule|HP Percentage Mod: HP is shown in percentages\n|rule|Endless Battle Clause: Forcing endless battles is banned\n|rule|Species Clause: Limit one of each Pokémon\n|rule|OHKO Clause: OHKO moves are banned\n|rule|Evasion Items Clause: Evasion items are banned\n|rule|Evasion Moves Clause: Evasion moves are banned\n|rule|Evasion Abilities Clause: Evasion abilities are banned\n|rule|Sleep Moves Clause: Sleep-inducing moves are banned\n|clearpoke\n|poke|p1|Primarina, F|\n|poke|p1|Iron Crown|\n|poke|p1|Great Tusk|\n|poke|p1|Wo-Chien|\n|poke|p1|Moltres|\n|poke|p1|Dragapult, M|\n|poke|p2|Primarina, M|\n|poke|p2|Great Tusk|\n|poke|p2|Enamorus, F|\n|poke|p2|Slowking-Galar, M|\n|poke|p2|Ogerpon, F|\n|poke|p2|Kingambit, M|\n|teampreview\n|inactive|Battle timer is ON: inactive players will automatically lose when time's up. (requested by ceo o wo chien)\n|\n|t:|1771210803\n|teamsize|p1|6\n|teamsize|p2|6\n|start\n|switch|p1a: Iron Crown|Iron Crown|100/100\n|switch|p2a: Sienna|Primarina, M|100/100\n|turn|1\n|j| tinki1\n|\n|t:|1771210818\n|switch|p2a: Darsh|Kingambit, M|100/100\n|move|p1a: Iron Crown|Volt Switch|p2a: Darsh\n|-damage|p2a: Darsh|69/100\n|\n|t:|1771210823\n|-end|p1a: Iron Crown|Quark Drive|[silent]\n|switch|p1a: Primarina|Primarina, F|100/100|[from] Volt Switch\n|\n|-heal|p2a: Darsh|75/100|[from] item: Leftovers\n|upkeep\n|turn|2\n|\n|t:|1771210832\n|-end|p2a: Darsh|fallenundefined|[silent]\n|switch|p2a: Parth|Slowking-Galar, M|100/100\n|move|p1a: Primarina|Flip Turn|p2a: Parth\n|-damage|p2a: Parth|90/100\n|\n|t:|1771210835\n|switch|p1a: Dragapult|Dragapult, M|100/100|[from] Flip Turn\n|\n|upkeep\n|turn|3\n|\n|t:|1771210839\n|move|p1a: Dragapult|U-turn|p2a: Parth\n|-damage|p2a: Parth|63/100\n|\n|t:|1771210841\n|switch|p1a: Iron Crown|Iron Crown|100/100|[from] U-turn\n|move|p2a: Parth|Ice Beam|p1a: Iron Crown\n|-resisted|p1a: Iron Crown\n|-damage|p1a: Iron Crown|90/100\n|\n|upkeep\n|turn|4\n|\n|t:|1771210845\n|move|p1a: Iron Crown|Tachyon Cutter|p2a: Parth\n|-damage|p2a: Parth|43/100\n|-damage|p2a: Parth|24/100\n|-hitcount|p2a: Parth|2\n|move|p2a: Parth|Sludge Bomb|p1a: Iron Crown\n|-immune|p1a: Iron Crown\n|\n|upkeep\n|turn|5\n|\n|t:|1771210851\n|switch|p2a: Darsh|Kingambit, M|75/100\n|move|p1a: Iron Crown|Tachyon Cutter|p2a: Darsh\n|-resisted|p2a: Darsh\n|-damage|p2a: Darsh|56/100\n|-resisted|p2a: Darsh\n|-damage|p2a: Darsh|39/100\n|-hitcount|p2a: Darsh|2\n|\n|-heal|p2a: Darsh|45/100|[from] item: Leftovers\n|upkeep\n|turn|6\n|c| tinki1|hey after the game you can help me with my team im new but i wanna progress\n|\n|t:|1771210863\n|-end|p1a: Iron Crown|Quark Drive|[silent]\n|switch|p1a: Moltres|Moltres|100/100\n|move|p2a: Darsh|Kowtow Cleave|p1a: Moltres\n|-damage|p1a: Moltres|64/100\n|-status|p2a: Darsh|brn|[from] ability: Flame Body|[of] p1a: Moltres\n|\n|-heal|p2a: Darsh|52/100 brn|[from] item: Leftovers\n|-damage|p2a: Darsh|45/100 brn|[from] brn\n|upkeep\n|turn|7\n|\n|t:|1771210870\n|-end|p2a: Darsh|fallenundefined|[silent]\n|switch|p2a: Sienna|Primarina, M|100/100\n|move|p1a: Moltres|U-turn|p2a: Sienna\n|-resisted|p2a: Sienna\n|-damage|p2a: Sienna|91/100\n|\n|t:|1771210874\n|switch|p1a: Dragapult|Dragapult, M|100/100|[from] U-turn\n|\n|-heal|p2a: Sienna|97/100|[from] item: Leftovers\n|upkeep\n|turn|8\n|\n|t:|1771210877\n|move|p1a: Dragapult|U-turn|p2a: Sienna\n|-resisted|p2a: Sienna\n|-damage|p2a: Sienna|71/100\n|\n|t:|1771210880\n|switch|p1a: Iron Crown|Iron Crown|90/100|[from] U-turn\n|move|p2a: Sienna|Moonblast|p1a: Iron Crown\n|-resisted|p1a: Iron Crown\n|-damage|p1a: Iron Crown|62/100\n|\n|-heal|p2a: Sienna|77/100|[from] item: Leftovers\n|upkeep\n|turn|9\n|c|☆ceo o wo chien|u can dm me the team youre working on\n|inactive|zephyri has 120 seconds left.\n|j| hbgzd\n|\n|t:|1771210912\n|switch|p2a: Darsh|Kingambit, M|45/100 brn\n|move|p1a: Iron Crown|Tachyon Cutter|p2a: Darsh\n|-resisted|p2a: Darsh\n|-damage|p2a: Darsh|27/100 brn\n|-resisted|p2a: Darsh\n|-damage|p2a: Darsh|10/100 brn\n|-hitcount|p2a: Darsh|2\n|\n|-heal|p2a: Darsh|16/100 brn|[from] item: Leftovers\n|-damage|p2a: Darsh|10/100 brn|[from] brn\n|upkeep\n|turn|10\n|\n|t:|1771210918\n|-end|p1a: Iron Crown|Quark Drive|[silent]\n|switch|p1a: Great Tusk|Great Tusk|100/100\n|-end|p2a: Darsh|fallenundefined|[silent]\n|switch|p2a: Sienna|Primarina, M|77/100\n|\n|-heal|p2a: Sienna|83/100|[from] item: Leftovers\n|upkeep\n|turn|11\n|j| traceyscetchit\n|\n|t:|1771210923\n|-end|p1a: Great Tusk|Protosynthesis|[silent]\n|switch|p1a: Iron Crown|Iron Crown|62/100\n|move|p2a: Sienna|Psychic Noise|p1a: Iron Crown\n|-damage|p1a: Iron Crown|20/100\n|-start|p1a: Iron Crown|move: Heal Block\n|\n|-heal|p2a: Sienna|89/100|[from] item: Leftovers\n|upkeep\n|turn|12\n|\n|t:|1771210929\n|switch|p2a: Darsh|Kingambit, M|10/100 brn\n|move|p1a: Iron Crown|Volt Switch|p2a: Darsh\n|-damage|p2a: Darsh|0 fnt\n|faint|p2a: Darsh\n|-end|p2a: Darsh|fallenundefined|[silent]\n|l| hbgzd\n|\n|t:|1771210931\n|-end|p1a: Iron Crown|Quark Drive|[silent]\n|switch|p1a: Dragapult|Dragapult, M|100/100|[from] Volt Switch\n|\n|upkeep\n|\n|t:|1771210936\n|switch|p2a: Jayna|Enamorus, F|100/100\n|turn|13\n|\n|t:|1771210946\n|switch|p1a: Iron Crown|Iron Crown|20/100\n|move|p2a: Jayna|Moonblast|p1a: Iron Crown\n|-resisted|p1a: Iron Crown\n|-damage|p1a: Iron Crown|0 fnt\n|faint|p1a: Iron Crown\n|-end|p1a: Iron Crown|Quark Drive|[silent]\n|\n|upkeep\n|\n|t:|1771210949\n|switch|p1a: Primarina|Primarina, F|100/100\n|turn|14\n|\n|t:|1771210952\n|switch|p2a: Parth|Slowking-Galar, M|57/100\n|move|p1a: Primarina|Surf|p2a: Parth\n|-damage|p2a: Parth|32/100\n|\n|upkeep\n|turn|15\n|\n|t:|1771210961\n|move|p1a: Primarina|Surf|p2a: Parth\n|-damage|p2a: Parth|6/100\n|move|p2a: Parth|Sludge Bomb|p1a: Primarina\n|-supereffective|p1a: Primarina\n|-damage|p1a: Primarina|33/100\n|\n|upkeep\n|turn|16\n|j| hbgzd\n|c| tinki1|thanks we can do a fitgh for you see this i know its a easy win for you\n|\n|t:|1771210968\n|switch|p2a: Gus|Ogerpon, F|100/100\n|move|p1a: Primarina|Moonblast|p2a: Gus\n|-damage|p2a: Gus|40/100\n|-unboost|p2a: Gus|spa|1\n|-ability|p2a: Gus|Defiant|boost\n|-boost|p2a: Gus|atk|2\n|\n|upkeep\n|turn|17\n|c| tinki1|( sorry for my english im french )\n|inactive|zephyri has 120 seconds left.\n|c|☆ceo o wo chien|if you go to the team there should be an option to upload to pokepaste\n|c|☆ceo o wo chien|and then with the link i can see what the team looks like\n|inactive|zephyri has 90 seconds left.\n|\n|t:|1771211040\n|-terastallize|p2a: Gus|Grass\n|detailschange|p2a: Gus|Ogerpon-Teal-Tera, F, tera:Grass\n|-ability|p2a: Gus|Embody Aspect (Teal)|boost\n|-boost|p2a: Gus|spe|1\n|move|p2a: Gus|Ivy Cudgel|p1a: Primarina\n|-supereffective|p1a: Primarina\n|-damage|p1a: Primarina|0 fnt\n|faint|p1a: Primarina\n|\n|upkeep\n|\n|t:|1771211046\n|switch|p1a: Moltres|Moltres|64/100\n|turn|18\n|\n|t:|1771211050\n|switch|p2a: Sienna|Primarina, M|89/100\n|move|p1a: Moltres|Flamethrower|p2a: Sienna\n|-resisted|p2a: Sienna\n|-damage|p2a: Sienna|70/100\n|\n|-heal|p2a: Sienna|76/100|[from] item: Leftovers\n|upkeep\n|turn|19\n|\n|t:|1771211057\n|move|p2a: Sienna|Psychic Noise|p1a: Moltres\n|-supereffective|p1a: Moltres\n|-damage|p1a: Moltres|0 fnt\n|faint|p1a: Moltres\n|\n|-heal|p2a: Sienna|82/100|[from] item: Leftovers\n|upkeep\n|\n|t:|1771211059\n|switch|p1a: Dragapult|Dragapult, M|100/100\n|turn|20\n|\n|t:|1771211064\n|-terastallize|p1a: Dragapult|Ghost\n|move|p1a: Dragapult|Tera Blast|p2a: Sienna|[anim] Tera Blast Ghost\n|-damage|p2a: Sienna|0 fnt\n|faint|p2a: Sienna\n|\n|upkeep\n|\n|t:|1771211072\n|switch|p2a: Gus|Ogerpon-Teal-Tera, F, tera:Grass|40/100\n|-ability|p2a: Gus|Embody Aspect (Teal)|boost\n|-boost|p2a: Gus|spe|1\n|turn|21\n|\n|t:|1771211080\n|switch|p1a: Great Tusk|Great Tusk|100/100\n|move|p2a: Gus|Ivy Cudgel|p1a: Great Tusk\n|-supereffective|p1a: Great Tusk\n|-damage|p1a: Great Tusk|0 fnt\n|faint|p1a: Great Tusk\n|-end|p1a: Great Tusk|Protosynthesis|[silent]\n|\n|upkeep\n|\n|t:|1771211082\n|switch|p1a: Wo-Chien|Wo-Chien|100/100\n|-ability|p1a: Wo-Chien|Tablets of Ruin\n|turn|22\n|\n|t:|1771211086\n|switch|p2a: Jayna|Enamorus, F|100/100\n|move|p1a: Wo-Chien|Knock Off|p2a: Jayna\n|-resisted|p2a: Jayna\n|-damage|p2a: Jayna|79/100\n|-enditem|p2a: Jayna|Choice Scarf|[from] move: Knock Off|[of] p1a: Wo-Chien\n|\n|upkeep\n|turn|23\n|\n|t:|1771211091\n|move|p2a: Jayna|Moonblast|p1a: Wo-Chien\n|-supereffective|p1a: Wo-Chien\n|-damage|p1a: Wo-Chien|36/100\n|move|p1a: Wo-Chien|Leech Seed|p2a: Jayna\n|-start|p2a: Jayna|move: Leech Seed\n|\n|-heal|p1a: Wo-Chien|42/100|[from] item: Leftovers\n|-damage|p2a: Jayna|67/100|[from] Leech Seed|[of] p1a: Wo-Chien\n|-heal|p1a: Wo-Chien|52/100|[silent]\n|upkeep\n|turn|24\n|c| tinki1|okay thanks\n|\n|t:|1771211098\n|move|p2a: Jayna|Moonblast|p1a: Wo-Chien\n|-supereffective|p1a: Wo-Chien\n|-damage|p1a: Wo-Chien|0 fnt\n|faint|p1a: Wo-Chien\n|\n|upkeep\n|-message|ceo o wo chien forfeited.\n|\n|win|zephyri\n|raw|ceo o wo chien's rating: 1782 &rarr; <strong>1764</strong><br />(-18 for losing)\n|raw|zephyri's rating: 1811 &rarr; <strong>1829</strong><br />(+18 for winning)\n|l|☆ceo o wo chien\n|player|p1|\n|l|☆zephyri\n|player|p2|\n|l| hbgzd\n", "uploadtime": 1771211319, "views": 22, "formatid": "gen9ou", "rating": 1764, "private": 0, "password": null}