{"id": "gen9ou-2639981482", "format": "[Gen 9] OU", "players": ["kr!$98", "brodiewhat"], "log": "|j|☆kr!$98\n|j|☆brodiewhat\n|t:|1782557567\n|gametype|singles\n|player|p1|kr!$98|dragontamer|1480\n|player|p2|brodiewhat|palmer|1689\n|gen|9\n|tier|[Gen 9] OU\n|rated|\n|rule|HP Percentage Mod: HP is shown in percentages\n|rule|Endless Battle Clause: Forcing endless battles is banned\n|rule|Species Clause: Limit one of each Pokémon\n|rule|OHKO Clause: OHKO moves are banned\n|rule|Evasion Items Clause: Evasion items are banned\n|rule|Evasion Moves Clause: Evasion moves are banned\n|rule|Evasion Abilities Clause: Evasion abilities are banned\n|rule|Sleep Moves Clause: Sleep-inducing moves are banned\n|clearpoke\n|poke|p1|Hoopa-Unbound|\n|poke|p1|Pecharunt|\n|poke|p1|Landorus-Therian, M|\n|poke|p1|Cinderace, M|\n|poke|p1|Alomomola, M|\n|poke|p1|Iron Valiant|\n|poke|p2|Tornadus, M|\n|poke|p2|Hoopa-Unbound|\n|poke|p2|Brambleghast, M|\n|poke|p2|Armarouge, M|\n|poke|p2|Hatterene, F|\n|poke|p2|Ogerpon-Cornerstone, F|\n|teampreview\n|inactive|Battle timer is ON: inactive players will automatically lose when time's up. (requested by brodiewhat)\n|inactive|kr!$98 also wants the timer to be on.\n|\n|t:|1782557590\n|teamsize|p1|6\n|teamsize|p2|6\n|start\n|switch|p1a: Enten|Landorus-Therian, M, shiny|100/100\n|switch|p2a: Tornadus|Tornadus, M|100/100\n|-ability|p1a: Enten|Intimidate|boost\n|-unboost|p2a: Tornadus|atk|1\n|turn|1\n|\n|t:|1782557599\n|move|p2a: Tornadus|Tailwind|p2a: Tornadus\n|-sidestart|p2: brodiewhat|move: Tailwind\n|move|p1a: Enten|Stone Edge|p2a: Tornadus\n|-supereffective|p2a: Tornadus\n|-damage|p2a: Tornadus|0 fnt\n|faint|p2a: Tornadus\n|\n|upkeep\n|\n|t:|1782557608\n|switch|p2a: Brambleghast|Brambleghast, M|100/100\n|-ability|p2a: Brambleghast|Wind Rider|boost\n|-boost|p2a: Brambleghast|atk|1\n|turn|2\n|\n|t:|1782557613\n|switch|p1a: Overseer|Pecharunt|100/100\n|move|p2a: Brambleghast|Poltergeist|p1a: Overseer\n|-activate|p1a: Overseer|move: Poltergeist|Heavy-Duty Boots\n|-supereffective|p1a: Overseer\n|-damage|p1a: Overseer|0 fnt\n|faint|p1a: Overseer\n|-damage|p2a: Brambleghast|91/100|[from] item: Life Orb\n|\n|upkeep\n|\n|t:|1782557634\n|switch|p1a: Enten|Landorus-Therian, M, shiny|100/100\n|-ability|p1a: Enten|Intimidate|boost\n|-unboost|p2a: Brambleghast|atk|1\n|turn|3\n|\n|t:|1782557639\n|move|p2a: Brambleghast|Power Whip|p1a: Enten\n|-damage|p1a: Enten|0 fnt\n|faint|p1a: Enten\n|-damage|p2a: Brambleghast|81/100|[from] item: Life Orb\n|\n|upkeep\n|\n|t:|1782557647\n|switch|p1a: Liberacy|Cinderace, M, shiny|100/100\n|turn|4\n|\n|t:|1782557651\n|move|p1a: Liberacy|Sucker Punch||[still]\n|-fail|p1a: Liberacy\n|move|p2a: Brambleghast|Substitute|p2a: Brambleghast\n|-start|p2a: Brambleghast|Substitute\n|-damage|p2a: Brambleghast|56/100\n|\n|-sideend|p2: brodiewhat|move: Tailwind\n|upkeep\n|turn|5\n|\n|t:|1782557659\n|move|p1a: Liberacy|U-turn|p2a: Brambleghast\n|-start|p1a: Liberacy|typechange|Bug|[from] ability: Libero\n|-end|p2a: Brambleghast|Substitute\n|\n|t:|1782557669\n|switch|p1a: Khaos|Hoopa-Unbound|100/100|[from] U-turn\n|move|p2a: Brambleghast|Poltergeist|p1a: Khaos\n|-activate|p1a: Khaos|move: Poltergeist|Choice Band\n|-damage|p1a: Khaos|0 fnt\n|faint|p1a: Khaos\n|-damage|p2a: Brambleghast|46/100|[from] item: Life Orb\n|\n|upkeep\n|\n|t:|1782557680\n|switch|p1a: Liberacy|Cinderace, M, shiny|100/100\n|turn|6\n|\n|t:|1782557694\n|switch|p2a: Hatterene|Hatterene, F|100/100\n|move|p1a: Liberacy|Pyro Ball|p2a: Hatterene\n|-damage|p2a: Hatterene|40/100\n|\n|-heal|p2a: Hatterene|46/100|[from] item: Leftovers\n|upkeep\n|turn|7\n|\n|t:|1782557699\n|move|p1a: Liberacy|Pyro Ball|p2a: Hatterene\n|-damage|p2a: Hatterene|0 fnt\n|faint|p2a: Hatterene\n|\n|upkeep\n|\n|t:|1782557709\n|switch|p2a: Armarouge|Armarouge, M|100/100\n|turn|8\n|\n|t:|1782557716\n|move|p1a: Liberacy|U-turn|p2a: Armarouge\n|-start|p1a: Liberacy|typechange|Bug|[from] ability: Libero\n|-damage|p2a: Armarouge|63/100\n|-ability|p2a: Armarouge|Weak Armor|boost\n|-unboost|p2a: Armarouge|def|1\n|-boost|p2a: Armarouge|spe|2\n|\n|t:|1782557721\n|switch|p1a: Pisces|Alomomola, M, shiny|100/100|[from] U-turn\n|move|p2a: Armarouge|Psychic Terrain|p2a: Armarouge\n|-fieldstart|move: Psychic Terrain\n|\n|upkeep\n|turn|9\n|\n|t:|1782557728\n|move|p2a: Armarouge|Expanding Force|p1a: Pisces\n|-damage|p1a: Pisces|53/100\n|move|p1a: Pisces|Flip Turn|p2a: Armarouge\n|-supereffective|p2a: Armarouge\n|-damage|p2a: Armarouge|9/100\n|-ability|p2a: Armarouge|Weak Armor|boost\n|-unboost|p2a: Armarouge|def|1\n|-boost|p2a: Armarouge|spe|2\n|\n|t:|1782557737\n|switch|p1a: Liberacy|Cinderace, M, shiny|100/100|[from] Flip Turn\n|\n|upkeep\n|turn|10\n|\n|t:|1782557746\n|switch|p1a: Pisces|Alomomola, M, shiny|86/100\n|move|p2a: Armarouge|Expanding Force|p1a: Pisces\n|-damage|p1a: Pisces|37/100\n|\n|upkeep\n|turn|11\n|\n|t:|1782557753\n|move|p2a: Armarouge|Expanding Force|p1a: Pisces\n|-damage|p1a: Pisces|0 fnt\n|faint|p1a: Pisces\n|\n|upkeep\n|\n|t:|1782557759\n|switch|p1a: Liberacy|Cinderace, M, shiny|100/100\n|turn|12\n|\n|t:|1782557763\n|move|p2a: Armarouge|Expanding Force|p1a: Liberacy\n|-damage|p1a: Liberacy|0 fnt\n|faint|p1a: Liberacy\n|\n|-fieldend|move: Psychic Terrain\n|upkeep\n|\n|t:|1782557769\n|switch|p1a: Calamity|Iron Valiant, shiny|100/100\n|turn|13\n|\n|t:|1782557773\n|move|p1a: Calamity|Vacuum Wave|p2a: Armarouge\n|-resisted|p2a: Armarouge\n|-damage|p2a: Armarouge|0 fnt\n|faint|p2a: Armarouge\n|-damage|p1a: Calamity|91/100|[from] item: Life Orb\n|\n|upkeep\n|\n|t:|1782557780\n|switch|p2a: Ogerpon|Ogerpon-Cornerstone, F|100/100\n|turn|14\n|\n|t:|1782557786\n|-terastallize|p1a: Calamity|Fairy\n|move|p1a: Calamity|Moonblast|p2a: Ogerpon\n|-damage|p2a: Ogerpon|19/100\n|-damage|p1a: Calamity|81/100|[from] item: Life Orb\n|move|p2a: Ogerpon|Horn Leech|p1a: Calamity\n|-damage|p1a: Calamity|23/100\n|-heal|p2a: Ogerpon|45/100|[from] drain|[of] p1a: Calamity\n|\n|upkeep\n|turn|15\n|inactive|brodiewhat has 120 seconds left.\n|\n|t:|1782557820\n|switch|p2a: Hoopa|Hoopa-Unbound|100/100\n|move|p1a: Calamity|Moonblast|p2a: Hoopa\n|-supereffective|p2a: Hoopa\n|-damage|p2a: Hoopa|0 fnt\n|faint|p2a: Hoopa\n|-damage|p1a: Calamity|13/100|[from] item: Life Orb\n|\n|upkeep\n|inactive|brodiewhat has 120 seconds left.\n|\n|t:|1782557829\n|switch|p2a: Brambleghast|Brambleghast, M|46/100\n|turn|16\n|\n|t:|1782557838\n|-terastallize|p2a: Brambleghast|Ghost\n|move|p1a: Calamity|Shadow Ball|p2a: Brambleghast\n|-supereffective|p2a: Brambleghast\n|-damage|p2a: Brambleghast|0 fnt\n|faint|p2a: Brambleghast\n|-damage|p1a: Calamity|3/100|[from] item: Life Orb\n|\n|upkeep\n|\n|t:|1782557844\n|switch|p2a: Ogerpon|Ogerpon-Cornerstone, F|45/100\n|turn|17\n|c|☆kr!$98|Lol\n|\n|t:|1782557852\n|move|p1a: Calamity|Moonblast|p2a: Ogerpon\n|-damage|p2a: Ogerpon|0 fnt\n|faint|p2a: Ogerpon\n|-damage|p1a: Calamity|0 fnt|[from] item: Life Orb\n|faint|p1a: Calamity\n|-end|p1a: Calamity|Quark Drive|[silent]\n|\n|win|kr!$98\n|raw|kr!$98's rating: 1480 &rarr; <strong>1511</strong><br />(+31 for winning)\n|raw|brodiewhat's rating: 1689 &rarr; <strong>1658</strong><br />(-31 for losing)\n|l|☆brodiewhat\n|player|p2|\n|l|☆kr!$98\n|player|p1|\n", "uploadtime": 1782557880, "views": 13, "formatid": "gen9ou", "rating": 1511, "private": 0, "password": null}