{"id": "gen9ou-2639307977", "format": "[Gen 9] OU", "players": ["I love Scarlett", "dadddydaddy"], "log": "|j|☆I love Scarlett\n|j|☆dadddydaddy\n|t:|1782450105\n|gametype|singles\n|player|p1|I love Scarlett|265|1420\n|player|p2|dadddydaddy|ninjaboy|1383\n|gen|9\n|tier|[Gen 9] OU\n|rated|\n|rule|HP Percentage Mod: HP is shown in percentages\n|rule|Endless Battle Clause: Forcing endless battles is banned\n|rule|Species Clause: Limit one of each Pokémon\n|rule|OHKO Clause: OHKO moves are banned\n|rule|Evasion Items Clause: Evasion items are banned\n|rule|Evasion Moves Clause: Evasion moves are banned\n|rule|Evasion Abilities Clause: Evasion abilities are banned\n|rule|Sleep Moves Clause: Sleep-inducing moves are banned\n|clearpoke\n|poke|p1|Kingdra, F|\n|poke|p1|Pelipper, F|\n|poke|p1|Bellibolt, F|\n|poke|p1|Yanmega, F|\n|poke|p1|Coalossal, F|\n|poke|p1|Drednaw, F|\n|poke|p2|Hoopa-Unbound|\n|poke|p2|Pecharunt|\n|poke|p2|Landorus-Therian, M|\n|poke|p2|Cinderace, M|\n|poke|p2|Alomomola, M|\n|poke|p2|Iron Valiant|\n|teampreview\n|l|☆I love Scarlett\n|player|p1|\n|j|☆I love Scarlett\n|player|p1|I love Scarlett|265|\n|\n|t:|1782450122\n|teamsize|p1|6\n|teamsize|p2|6\n|start\n|switch|p1a: Rain Birb|Pelipper, F, shiny|100/100\n|switch|p2a: Overseer|Pecharunt|100/100\n|-weather|RainDance|[from] ability: Drizzle|[of] p1a: Rain Birb\n|turn|1\n|\n|t:|1782450129\n|move|p2a: Overseer|Malignant Chain|p1a: Rain Birb\n|-damage|p1a: Rain Birb|58/100\n|-status|p1a: Rain Birb|tox\n|-start|p1a: Rain Birb|confusion|[from] ability: Poison Puppeteer|[of] p2a: Overseer\n|-activate|p1a: Rain Birb|confusion\n|move|p1a: Rain Birb|Knock Off|p2a: Overseer\n|-supereffective|p2a: Overseer\n|-damage|p2a: Overseer|89/100\n|-enditem|p2a: Overseer|Heavy-Duty Boots|[from] move: Knock Off|[of] p1a: Rain Birb\n|\n|-weather|RainDance|[upkeep]\n|-damage|p1a: Rain Birb|52/100 tox|[from] psn\n|upkeep\n|turn|2\n|\n|t:|1782450136\n|switch|p1a: Coalition|Coalossal, F|100/100\n|-item|p1a: Coalition|Air Balloon\n|move|p2a: Overseer|Malignant Chain|p1a: Coalition\n|-resisted|p1a: Coalition\n|-damage|p1a: Coalition|88/100\n|-status|p1a: Coalition|tox\n|-start|p1a: Coalition|confusion|[from] ability: Poison Puppeteer|[of] p2a: Overseer\n|-enditem|p1a: Coalition|Air Balloon\n|\n|-weather|RainDance|[upkeep]\n|-damage|p1a: Coalition|82/100 tox|[from] psn\n|upkeep\n|turn|3\n|inactive|Battle timer is ON: inactive players will automatically lose when time's up. (requested by dadddydaddy)\n|\n|t:|1782450143\n|move|p2a: Overseer|Parting Shot|p1a: Coalition\n|-unboost|p1a: Coalition|atk|1\n|-unboost|p1a: Coalition|spa|1\n|\n|t:|1782450147\n|switch|p2a: Pisces|Alomomola, M, shiny|100/100|[from] Parting Shot\n|-activate|p1a: Coalition|confusion\n|-damage|p1a: Coalition|79/100 tox|[from] confusion\n|\n|-weather|RainDance|[upkeep]\n|-damage|p1a: Coalition|67/100 tox|[from] psn\n|upkeep\n|turn|4\n|\n|t:|1782450155\n|move|p2a: Pisces|Body Slam|p1a: Coalition\n|-resisted|p1a: Coalition\n|-damage|p1a: Coalition|63/100 tox\n|-activate|p1a: Coalition|confusion\n|move|p1a: Coalition|Stealth Rock|p2a: Pisces\n|-sidestart|p2: dadddydaddy|move: Stealth Rock\n|\n|-weather|RainDance|[upkeep]\n|-damage|p1a: Coalition|44/100 tox|[from] psn\n|upkeep\n|turn|5\n|\n|t:|1782450162\n|switch|p1a: Para bellum|Bellibolt, F, shiny|100/100\n|move|p2a: Pisces|Body Slam|p1a: Para bellum\n|-damage|p1a: Para bellum|87/100\n|-start|p1a: Para bellum|Charge|Body Slam|[from] ability: Electromorphosis\n|\n|-weather|none\n|upkeep\n|turn|6\n|inactive|dadddydaddy has 120 seconds left.\n|\n|t:|1782450201\n|move|p1a: Para bellum|Volt Switch|p2a: Pisces\n|-supereffective|p2a: Pisces\n|-damage|p2a: Pisces|49/100\n|-end|p1a: Para bellum|Charge|[silent]\n|\n|t:|1782450205\n|switch|p1a: Rain Birb|Pelipper, F, shiny|52/100 tox|[from] Volt Switch\n|-weather|RainDance|[from] ability: Drizzle|[of] p1a: Rain Birb\n|move|p2a: Pisces|Mirror Coat|p1a: Rain Birb\n|-damage|p1a: Rain Birb|0 fnt\n|faint|p1a: Rain Birb\n|\n|-weather|RainDance|[upkeep]\n|upkeep\n|\n|t:|1782450208\n|switch|p1a: Not a Birb|Kingdra, F, shiny|100/100\n|turn|7\n|\n|t:|1782450215\n|move|p1a: Not a Birb|Focus Energy|p1a: Not a Birb\n|-start|p1a: Not a Birb|move: Focus Energy\n|move|p2a: Pisces|Mirror Coat||[still]\n|-fail|p2a: Pisces\n|\n|-weather|RainDance|[upkeep]\n|upkeep\n|turn|8\n|l|☆I love Scarlett\n|inactive|I love Scarlett disconnected and has a minute to reconnect!\n|player|p1|\n|j|☆I love Scarlett\n|inactive|I love Scarlett reconnected and has 145 seconds left.\n|player|p1|I love Scarlett|265|\n|\n|t:|1782450228\n|move|p1a: Not a Birb|Draco Meteor|p2a: Pisces\n|-crit|p2a: Pisces\n|-damage|p2a: Pisces|0 fnt\n|-unboost|p1a: Not a Birb|spa|2\n|faint|p2a: Pisces\n|\n|-weather|RainDance|[upkeep]\n|upkeep\n|\n|t:|1782450238\n|switch|p2a: Overseer|Pecharunt|89/100\n|-damage|p2a: Overseer|76/100|[from] Stealth Rock\n|turn|9\n|\n|t:|1782450241\n|-terastallize|p1a: Not a Birb|Dragon\n|move|p1a: Not a Birb|Draco Meteor|p2a: Overseer\n|-crit|p2a: Overseer\n|-damage|p2a: Overseer|0 fnt\n|-unboost|p1a: Not a Birb|spa|2\n|faint|p2a: Overseer\n|\n|-weather|RainDance|[upkeep]\n|upkeep\n|\n|t:|1782450251\n|switch|p2a: Enten|Landorus-Therian, M, shiny|100/100\n|-damage|p2a: Enten|88/100|[from] Stealth Rock\n|-ability|p2a: Enten|Intimidate|boost\n|-unboost|p1a: Not a Birb|atk|1\n|turn|10\n|\n|t:|1782450254\n|move|p1a: Not a Birb|Surf|p2a: Enten\n|-supereffective|p2a: Enten\n|-crit|p2a: Enten\n|-damage|p2a: Enten|0 fnt\n|faint|p2a: Enten\n|\n|-weather|none\n|upkeep\n|\n|t:|1782450261\n|switch|p2a: Calamity|Iron Valiant, shiny|100/100\n|-damage|p2a: Calamity|94/100|[from] Stealth Rock\n|turn|11\n|\n|t:|1782450278\n|move|p2a: Calamity|Moonblast|p1a: Not a Birb\n|-supereffective|p1a: Not a Birb\n|-damage|p1a: Not a Birb|0 fnt\n|faint|p1a: Not a Birb\n|\n|upkeep\n|\n|t:|1782450281\n|switch|p1a: Coalition|Coalossal, F|44/100 tox\n|turn|12\n|\n|t:|1782450290\n|-end|p2a: Calamity|Quark Drive|[silent]\n|switch|p2a: Liberacy|Cinderace, M, shiny|100/100\n|move|p1a: Coalition|Scald|p2a: Liberacy\n|-supereffective|p2a: Liberacy\n|-damage|p2a: Liberacy|57/100\n|\n|-damage|p1a: Coalition|38/100 tox|[from] psn\n|upkeep\n|turn|13\n|\n|t:|1782450296\n|move|p2a: Liberacy|Court Change|p2a: Liberacy\n|-start|p2a: Liberacy|typechange|Normal|[from] ability: Libero\n|-swapsideconditions\n|-activate|p2a: Liberacy|move: Court Change\n|move|p1a: Coalition|Rapid Spin|p2a: Liberacy\n|-damage|p2a: Liberacy|45/100\n|-boost|p1a: Coalition|spe|1\n|-sideend|p1: I love Scarlett|Stealth Rock|[from] move: Rapid Spin|[of] p1a: Coalition\n|\n|-damage|p1a: Coalition|26/100 tox|[from] psn\n|upkeep\n|turn|14\n|\n|t:|1782450305\n|move|p2a: Liberacy|Sucker Punch||[still]\n|-fail|p2a: Liberacy\n|move|p1a: Coalition|Stealth Rock|p2a: Liberacy\n|-sidestart|p2: dadddydaddy|move: Stealth Rock\n|\n|-damage|p1a: Coalition|8/100 tox|[from] psn\n|upkeep\n|turn|15\n|\n|t:|1782450308\n|move|p2a: Liberacy|Court Change|p2a: Liberacy\n|-swapsideconditions\n|-activate|p2a: Liberacy|move: Court Change\n|move|p1a: Coalition|Rapid Spin|p2a: Liberacy\n|-damage|p2a: Liberacy|33/100\n|-boost|p1a: Coalition|spe|1\n|-sideend|p1: I love Scarlett|Stealth Rock|[from] move: Rapid Spin|[of] p1a: Coalition\n|\n|-damage|p1a: Coalition|0 fnt|[from] psn\n|faint|p1a: Coalition\n|upkeep\n|\n|t:|1782450313\n|switch|p1a: Bugged Birb|Yanmega, F, shiny|100/100\n|turn|16\n|\n|t:|1782450318\n|move|p1a: Bugged Birb|Protect|p1a: Bugged Birb\n|-singleturn|p1a: Bugged Birb|Protect\n|move|p2a: Liberacy|Pyro Ball|p1a: Bugged Birb\n|-activate|p1a: Bugged Birb|move: Protect\n|\n|-ability|p1a: Bugged Birb|Speed Boost|boost\n|-boost|p1a: Bugged Birb|spe|1\n|upkeep\n|turn|17\n|\n|t:|1782450323\n|move|p1a: Bugged Birb|Bug Buzz|p2a: Liberacy\n|-damage|p2a: Liberacy|0 fnt\n|faint|p2a: Liberacy\n|-enditem|p1a: Bugged Birb|Throat Spray\n|-boost|p1a: Bugged Birb|spa|1|[from] item: Throat Spray\n|\n|-ability|p1a: Bugged Birb|Speed Boost|boost\n|-boost|p1a: Bugged Birb|spe|1\n|upkeep\n|\n|t:|1782450330\n|switch|p2a: Khaos|Hoopa-Unbound|100/100\n|turn|18\n|\n|t:|1782450336\n|-terastallize|p2a: Khaos|Dark\n|move|p1a: Bugged Birb|Substitute|p1a: Bugged Birb\n|-start|p1a: Bugged Birb|Substitute\n|-damage|p1a: Bugged Birb|76/100\n|move|p2a: Khaos|Hyperspace Fury|p1a: Bugged Birb\n|-damage|p1a: Bugged Birb|0 fnt\n|-unboost|p2a: Khaos|def|1\n|faint|p1a: Bugged Birb\n|\n|upkeep\n|\n|t:|1782450346\n|switch|p1a: He's a Gnawer|Drednaw, F, shiny|100/100\n|turn|19\n|\n|t:|1782450348\n|move|p2a: Khaos|Hyperspace Fury|p1a: He's a Gnawer\n|-enditem|p1a: He's a Gnawer|Focus Sash\n|-damage|p1a: He's a Gnawer|1/100\n|-unboost|p2a: Khaos|def|1\n|move|p1a: He's a Gnawer|Shell Smash|p1a: He's a Gnawer\n|-unboost|p1a: He's a Gnawer|def|1\n|-unboost|p1a: He's a Gnawer|spd|1\n|-boost|p1a: He's a Gnawer|atk|2\n|-boost|p1a: He's a Gnawer|spa|2\n|-boost|p1a: He's a Gnawer|spe|2\n|\n|upkeep\n|turn|20\n|\n|t:|1782450351\n|move|p1a: He's a Gnawer|Liquidation|p2a: Khaos\n|-crit|p2a: Khaos\n|-damage|p2a: Khaos|0 fnt\n|faint|p2a: Khaos\n|\n|upkeep\n|\n|t:|1782450354\n|switch|p2a: Calamity|Iron Valiant, shiny|94/100\n|turn|21\n|\n|t:|1782450357\n|move|p1a: He's a Gnawer|Liquidation|p2a: Calamity\n|-damage|p2a: Calamity|0 fnt\n|faint|p2a: Calamity\n|-end|p2a: Calamity|Quark Drive|[silent]\n|\n|win|I love Scarlett\n|raw|I love Scarlett's rating: 1420 &rarr; <strong>1438</strong><br />(+18 for winning)\n|raw|dadddydaddy's rating: 1383 &rarr; <strong>1365</strong><br />(-18 for losing)\n|l|☆I love Scarlett\n|player|p1|\n|l|☆dadddydaddy\n|player|p2|\n", "uploadtime": 1782450585, "views": 5, "formatid": "gen9ou", "rating": 1365, "private": 0, "password": null}