{"id": "gen9ou-2639193091", "format": "[Gen 9] OU", "players": ["wubbybubbyjr", "Avitross"], "log": "|j|☆wubbybubbyjr\n|j|☆Avitross\n|t:|1782432043\n|gametype|singles\n|player|p1|wubbybubbyjr|preschooler|1446\n|player|p2|Avitross|101|1432\n|gen|9\n|tier|[Gen 9] OU\n|rated|\n|rule|HP Percentage Mod: HP is shown in percentages\n|rule|Endless Battle Clause: Forcing endless battles is banned\n|rule|Species Clause: Limit one of each Pokémon\n|rule|OHKO Clause: OHKO moves are banned\n|rule|Evasion Items Clause: Evasion items are banned\n|rule|Evasion Moves Clause: Evasion moves are banned\n|rule|Evasion Abilities Clause: Evasion abilities are banned\n|rule|Sleep Moves Clause: Sleep-inducing moves are banned\n|clearpoke\n|poke|p1|Ninetales, F|\n|poke|p1|Great Tusk|\n|poke|p1|Walking Wake|\n|poke|p1|Venusaur, F|\n|poke|p1|Hatterene, F|\n|poke|p1|Lilligant-Hisui, F|\n|poke|p2|Inteleon, M|\n|poke|p2|Azumarill, M|\n|poke|p2|Pelipper, F|\n|poke|p2|Chesnaught, F|\n|poke|p2|Dragonite, M|\n|poke|p2|Beartic, F|\n|teampreview\n|inactive|Battle timer is ON: inactive players will automatically lose when time's up. (requested by wubbybubbyjr)\n|inactive|Avitross has 120 seconds left.\n|\n|t:|1782432079\n|teamsize|p1|6\n|teamsize|p2|6\n|start\n|switch|p1a: Walking Wake|Walking Wake|100/100\n|switch|p2a: Chesnaught|Chesnaught, F|100/100\n|turn|1\n|\n|t:|1782432092\n|move|p1a: Walking Wake|Flamethrower|p2a: Chesnaught\n|-supereffective|p2a: Chesnaught\n|-damage|p2a: Chesnaught|32/100\n|move|p2a: Chesnaught|Knock Off|p1a: Walking Wake\n|-damage|p1a: Walking Wake|77/100\n|-enditem|p1a: Walking Wake|Choice Specs|[from] move: Knock Off|[of] p2a: Chesnaught\n|\n|-heal|p2a: Chesnaught|38/100|[from] item: Leftovers\n|upkeep\n|turn|2\n|\n|t:|1782432101\n|switch|p2a: Azumarill|Azumarill, M|100/100\n|move|p1a: Walking Wake|Dragon Pulse|p2a: Azumarill\n|-immune|p2a: Azumarill\n|\n|upkeep\n|turn|3\n|\n|t:|1782432111\n|move|p1a: Walking Wake|Flip Turn|p2a: Azumarill\n|-resisted|p2a: Azumarill\n|-damage|p2a: Azumarill|92/100\n|\n|t:|1782432116\n|-end|p1a: Walking Wake|Protosynthesis|[silent]\n|switch|p1a: Hatterene|Hatterene, F|100/100|[from] Flip Turn\n|move|p2a: Azumarill|Knock Off|p1a: Hatterene\n|-damage|p1a: Hatterene|65/100\n|-enditem|p1a: Hatterene|Eject Button|[from] move: Knock Off|[of] p2a: Azumarill\n|\n|upkeep\n|turn|4\n|\n|t:|1782432135\n|move|p2a: Azumarill|Liquidation|p1a: Hatterene\n|-damage|p1a: Hatterene|18/100\n|move|p1a: Hatterene|Nuzzle|p2a: Azumarill\n|-supereffective|p2a: Azumarill\n|-damage|p2a: Azumarill|84/100\n|-status|p2a: Azumarill|par\n|\n|upkeep\n|turn|5\n|\n|t:|1782432144\n|move|p2a: Azumarill|Aqua Jet|p1a: Hatterene\n|-damage|p1a: Hatterene|0 fnt\n|faint|p1a: Hatterene\n|\n|upkeep\n|\n|t:|1782432149\n|switch|p1a: Venusaur|Venusaur, F|100/100\n|turn|6\n|\n|t:|1782432158\n|switch|p2a: Chesnaught|Chesnaught, F|38/100\n|move|p1a: Venusaur|Giga Drain|p2a: Chesnaught\n|-resisted|p2a: Chesnaught\n|-damage|p2a: Chesnaught|20/100\n|-damage|p1a: Venusaur|91/100|[from] item: Life Orb\n|\n|-heal|p2a: Chesnaught|26/100|[from] item: Leftovers\n|upkeep\n|turn|7\n|\n|t:|1782432173\n|switch|p1a: Ninetales|Ninetales, F|100/100\n|-weather|SunnyDay|[from] ability: Drought|[of] p1a: Ninetales\n|move|p2a: Chesnaught|Knock Off|p1a: Ninetales\n|-damage|p1a: Ninetales|72/100\n|-enditem|p1a: Ninetales|Heat Rock|[from] move: Knock Off|[of] p2a: Chesnaught\n|\n|-weather|SunnyDay|[upkeep]\n|-heal|p2a: Chesnaught|32/100|[from] item: Leftovers\n|upkeep\n|turn|8\n|\n|t:|1782432187\n|switch|p1a: Venusaur|Venusaur, F|91/100\n|switch|p2a: Pelipper|Pelipper, F|100/100\n|-weather|RainDance|[from] ability: Drizzle|[of] p2a: Pelipper\n|\n|-weather|RainDance|[upkeep]\n|upkeep\n|turn|9\n|\n|t:|1782432199\n|switch|p1a: Ninetales|Ninetales, F|72/100\n|-weather|SunnyDay|[from] ability: Drought|[of] p1a: Ninetales\n|switch|p2a: Chesnaught|Chesnaught, F|32/100\n|\n|-weather|SunnyDay|[upkeep]\n|-heal|p2a: Chesnaught|38/100|[from] item: Leftovers\n|upkeep\n|turn|10\n|\n|t:|1782432204\n|switch|p2a: Pelipper|Pelipper, F|100/100\n|-weather|RainDance|[from] ability: Drizzle|[of] p2a: Pelipper\n|move|p1a: Ninetales|Will-O-Wisp|p2a: Pelipper\n|-status|p2a: Pelipper|brn\n|\n|-weather|RainDance|[upkeep]\n|-damage|p2a: Pelipper|94/100 brn|[from] brn\n|upkeep\n|turn|11\n|\n|t:|1782432212\n|switch|p1a: Walking Wake|Walking Wake|77/100\n|move|p2a: Pelipper|U-turn|p1a: Walking Wake\n|-crit|p1a: Walking Wake\n|-damage|p1a: Walking Wake|69/100\n|\n|t:|1782432218\n|switch|p2a: Azumarill|Azumarill, M|84/100 par|[from] U-turn\n|\n|-weather|RainDance|[upkeep]\n|upkeep\n|turn|12\n|\n|t:|1782432228\n|-end|p1a: Walking Wake|Protosynthesis|[silent]\n|switch|p1a: Ninetales|Ninetales, F|72/100\n|-weather|SunnyDay|[from] ability: Drought|[of] p1a: Ninetales\n|move|p2a: Azumarill|Play Rough|p1a: Ninetales\n|-resisted|p1a: Ninetales\n|-damage|p1a: Ninetales|40/100\n|\n|-weather|SunnyDay|[upkeep]\n|upkeep\n|turn|13\n|\n|t:|1782432236\n|switch|p2a: Pelipper|Pelipper, F|94/100 brn\n|-weather|RainDance|[from] ability: Drizzle|[of] p2a: Pelipper\n|move|p1a: Ninetales|Weather Ball|p2a: Pelipper\n|-resisted|p2a: Pelipper\n|-damage|p2a: Pelipper|73/100 brn\n|\n|-weather|RainDance|[upkeep]\n|-damage|p2a: Pelipper|67/100 brn|[from] brn\n|upkeep\n|turn|14\n|\n|t:|1782432253\n|switch|p1a: Lilligant|Lilligant-Hisui, F|100/100\n|move|p2a: Pelipper|U-turn|p1a: Lilligant\n|-damage|p1a: Lilligant|93/100\n|\n|t:|1782432268\n|switch|p2a: Inteleon|Inteleon, M|100/100|[from] U-turn\n|\n|-weather|RainDance|[upkeep]\n|upkeep\n|turn|15\n|inactive|wubbybubbyjr has 120 seconds left.\n|\n|t:|1782432315\n|switch|p1a: Ninetales|Ninetales, F|40/100\n|-weather|SunnyDay|[from] ability: Drought|[of] p1a: Ninetales\n|move|p2a: Inteleon|Air Cutter|p1a: Ninetales|[miss]\n|-miss|p2a: Inteleon|p1a: Ninetales\n|\n|-weather|SunnyDay|[upkeep]\n|upkeep\n|turn|16\n|\n|t:|1782432329\n|switch|p2a: Pelipper|Pelipper, F|67/100 brn\n|-weather|RainDance|[from] ability: Drizzle|[of] p2a: Pelipper\n|switch|p1a: Walking Wake|Walking Wake|69/100\n|\n|-weather|RainDance|[upkeep]\n|-damage|p2a: Pelipper|61/100 brn|[from] brn\n|upkeep\n|turn|17\n|\n|t:|1782432337\n|switch|p2a: Azumarill|Azumarill, M|84/100 par\n|move|p1a: Walking Wake|Hydro Steam|p2a: Azumarill\n|-resisted|p2a: Azumarill\n|-damage|p2a: Azumarill|65/100 par\n|\n|-weather|RainDance|[upkeep]\n|upkeep\n|turn|18\n|inactive|wubbybubbyjr has 120 seconds left.\n|\n|t:|1782432345\n|move|p1a: Walking Wake|Flip Turn|p2a: Azumarill\n|-resisted|p2a: Azumarill\n|-damage|p2a: Azumarill|52/100 par\n|\n|t:|1782432350\n|-end|p1a: Walking Wake|Protosynthesis|[silent]\n|switch|p1a: Venusaur|Venusaur, F|91/100|[from] Flip Turn\n|move|p2a: Azumarill|Play Rough|p1a: Venusaur\n|-resisted|p1a: Venusaur\n|-damage|p1a: Venusaur|51/100\n|\n|-weather|RainDance|[upkeep]\n|upkeep\n|turn|19\n|inactive|wubbybubbyjr has 120 seconds left.\n|\n|t:|1782432366\n|switch|p1a: Walking Wake|Walking Wake|69/100\n|switch|p2a: Chesnaught|Chesnaught, F|38/100\n|\n|-weather|RainDance|[upkeep]\n|-heal|p2a: Chesnaught|44/100|[from] item: Leftovers\n|upkeep\n|turn|20\n|\n|t:|1782432388\n|move|p1a: Walking Wake|Hydro Steam|p2a: Chesnaught\n|-resisted|p2a: Chesnaught\n|-damage|p2a: Chesnaught|18/100\n|move|p2a: Chesnaught|Drain Punch|p1a: Walking Wake\n|-damage|p1a: Walking Wake|37/100\n|-heal|p2a: Chesnaught|33/100|[from] drain|[of] p1a: Walking Wake\n|\n|-weather|RainDance|[upkeep]\n|-heal|p2a: Chesnaught|39/100|[from] item: Leftovers\n|upkeep\n|turn|21\n|\n|t:|1782432401\n|-terastallize|p1a: Walking Wake|Water\n|move|p1a: Walking Wake|Hydro Steam|p2a: Chesnaught\n|-resisted|p2a: Chesnaught\n|-damage|p2a: Chesnaught|5/100\n|move|p2a: Chesnaught|Drain Punch|p1a: Walking Wake\n|-damage|p1a: Walking Wake|7/100\n|-heal|p2a: Chesnaught|19/100|[from] drain|[of] p1a: Walking Wake\n|\n|-weather|RainDance|[upkeep]\n|-heal|p2a: Chesnaught|25/100|[from] item: Leftovers\n|upkeep\n|turn|22\n|\n|t:|1782432415\n|move|p1a: Walking Wake|Hydro Steam|p2a: Chesnaught\n|-resisted|p2a: Chesnaught\n|-damage|p2a: Chesnaught|0 fnt\n|faint|p2a: Chesnaught\n|\n|-weather|RainDance|[upkeep]\n|upkeep\n|\n|t:|1782432425\n|switch|p2a: Inteleon|Inteleon, M|100/100\n|turn|23\n|\n|t:|1782432435\n|-end|p1a: Walking Wake|Protosynthesis|[silent]\n|switch|p1a: Ninetales|Ninetales, F|40/100\n|-weather|SunnyDay|[from] ability: Drought|[of] p1a: Ninetales\n|move|p2a: Inteleon|Snipe Shot|p1a: Ninetales\n|-supereffective|p1a: Ninetales\n|-damage|p1a: Ninetales|0 fnt\n|faint|p1a: Ninetales\n|\n|-weather|SunnyDay|[upkeep]\n|upkeep\n|\n|t:|1782432441\n|switch|p1a: Venusaur|Venusaur, F|51/100\n|turn|24\n|\n|t:|1782432451\n|switch|p2a: Pelipper|Pelipper, F|61/100 brn\n|-weather|RainDance|[from] ability: Drizzle|[of] p2a: Pelipper\n|move|p1a: Venusaur|Growth|p1a: Venusaur\n|-boost|p1a: Venusaur|atk|1\n|-boost|p1a: Venusaur|spa|1\n|\n|-weather|RainDance|[upkeep]\n|-damage|p2a: Pelipper|55/100 brn|[from] brn\n|upkeep\n|turn|25\n|\n|t:|1782432460\n|move|p1a: Venusaur|Giga Drain|p2a: Pelipper\n|-damage|p2a: Pelipper|0 fnt\n|-heal|p1a: Venusaur|80/100|[from] drain|[of] p2a: Pelipper\n|faint|p2a: Pelipper\n|-damage|p1a: Venusaur|70/100|[from] item: Life Orb\n|\n|-weather|RainDance|[upkeep]\n|upkeep\n|\n|t:|1782432480\n|switch|p2a: Dragonite|Dragonite, M|100/100\n|turn|26\n|\n|t:|1782432491\n|move|p1a: Venusaur|Sludge Bomb|p2a: Dragonite\n|-damage|p2a: Dragonite|62/100\n|-damage|p1a: Venusaur|60/100|[from] item: Life Orb\n|move|p2a: Dragonite|Hurricane|p1a: Venusaur\n|-supereffective|p1a: Venusaur\n|-damage|p1a: Venusaur|0 fnt\n|faint|p1a: Venusaur\n|\n|-weather|RainDance|[upkeep]\n|upkeep\n|\n|t:|1782432500\n|switch|p1a: Walking Wake|Walking Wake, tera:Water|7/100\n|turn|27\n|\n|t:|1782432511\n|move|p1a: Walking Wake|Dragon Pulse|p2a: Dragonite\n|-supereffective|p2a: Dragonite\n|-crit|p2a: Dragonite\n|-damage|p2a: Dragonite|0 fnt\n|faint|p2a: Dragonite\n|\n|-weather|RainDance|[upkeep]\n|upkeep\n|\n|t:|1782432516\n|switch|p2a: Inteleon|Inteleon, M|100/100\n|turn|28\n|\n|t:|1782432518\n|move|p2a: Inteleon|Snipe Shot|p1a: Walking Wake\n|-resisted|p1a: Walking Wake\n|-crit|p1a: Walking Wake\n|-damage|p1a: Walking Wake|0 fnt\n|faint|p1a: Walking Wake\n|-end|p1a: Walking Wake|Protosynthesis|[silent]\n|\n|-weather|RainDance|[upkeep]\n|upkeep\n|\n|t:|1782432522\n|switch|p1a: Lilligant|Lilligant-Hisui, F|93/100\n|turn|29\n|\n|t:|1782432527\n|move|p2a: Inteleon|Air Cutter|p1a: Lilligant\n|-supereffective|p1a: Lilligant\n|-damage|p1a: Lilligant|0 fnt\n|faint|p1a: Lilligant\n|\n|-weather|RainDance|[upkeep]\n|upkeep\n|\n|t:|1782432530\n|switch|p1a: Great Tusk|Great Tusk|100/100\n|turn|30\n|\n|t:|1782432533\n|move|p2a: Inteleon|Snipe Shot|p1a: Great Tusk\n|-supereffective|p1a: Great Tusk\n|-crit|p1a: Great Tusk\n|-damage|p1a: Great Tusk|0 fnt\n|faint|p1a: Great Tusk\n|-end|p1a: Great Tusk|Protosynthesis|[silent]\n|\n|win|Avitross\n|raw|wubbybubbyjr's rating: 1446 &rarr; <strong>1425</strong><br />(-21 for losing)\n|raw|Avitross's rating: 1432 &rarr; <strong>1453</strong><br />(+21 for winning)\n|l|☆wubbybubbyjr\n|player|p1|\n|l|☆Avitross\n|player|p2|\n", "uploadtime": 1782432827, "views": 11, "formatid": "gen9ou", "rating": 1425, "private": 0, "password": null}