{"id": "gen9ou-2540624258", "format": "[Gen 9] OU", "players": ["Bidofo's Infernape", "boostingTyranntrum"], "log": "|j|☆Bidofo's Infernape\n|j|☆boostingTyranntrum\n|t:|1771229430\n|gametype|singles\n|player|p1|Bidofo's Infernape|102|1569\n|player|p2|boostingTyranntrum|1|1569\n|gen|9\n|tier|[Gen 9] OU\n|rated|\n|rule|HP Percentage Mod: HP is shown in percentages\n|rule|Endless Battle Clause: Forcing endless battles is banned\n|rule|Species Clause: Limit one of each Pokémon\n|rule|OHKO Clause: OHKO moves are banned\n|rule|Evasion Items Clause: Evasion items are banned\n|rule|Evasion Moves Clause: Evasion moves are banned\n|rule|Evasion Abilities Clause: Evasion abilities are banned\n|rule|Sleep Moves Clause: Sleep-inducing moves are banned\n|clearpoke\n|poke|p1|Tinkaton, F|\n|poke|p1|Ogerpon, F|\n|poke|p1|Great Tusk|\n|poke|p1|Pecharunt|\n|poke|p1|Alomomola, M|\n|poke|p1|Hydreigon, M|\n|poke|p2|Volcanion|\n|poke|p2|Pelipper, M|\n|poke|p2|Iron Treads|\n|poke|p2|Dragapult, M|\n|poke|p2|Overqwil, M|\n|poke|p2|Iron Valiant|\n|teampreview\n|inactive|Battle timer is ON: inactive players will automatically lose when time's up. (requested by Bidofo's Infernape)\n|inactive|boostingTyranntrum has 120 seconds left.\n|\n|t:|1771229503\n|teamsize|p1|6\n|teamsize|p2|6\n|start\n|switch|p1a: Alomomola|Alomomola, M|100/100\n|switch|p2a: Pelipper|Pelipper, M, shiny|100/100\n|-weather|RainDance|[from] ability: Drizzle|[of] p2a: Pelipper\n|turn|1\n|\n|t:|1771229513\n|switch|p1a: Tinkaton|Tinkaton, F|100/100\n|-item|p1a: Tinkaton|Air Balloon\n|move|p2a: Pelipper|Knock Off|p1a: Tinkaton\n|-resisted|p1a: Tinkaton\n|-damage|p1a: Tinkaton|93/100\n|-enditem|p1a: Tinkaton|Air Balloon\n|-enditem|p2a: Pelipper|Damp Rock|[silent]|[from] ability: Pickpocket|[of] p2a: Pelipper\n|-item|p1a: Tinkaton|Damp Rock|[from] ability: Pickpocket|[of] p2a: Pelipper\n|\n|-weather|RainDance|[upkeep]\n|upkeep\n|turn|2\n|\n|t:|1771229520\n|switch|p2a: Iron Treads|Iron Treads, shiny|100/100\n|-enditem|p2a: Iron Treads|Booster Energy\n|-activate|p2a: Iron Treads|ability: Quark Drive|[fromitem]\n|-start|p2a: Iron Treads|quarkdrivespe\n|move|p1a: Tinkaton|Stealth Rock|p2a: Iron Treads\n|-sidestart|p2: boostingTyranntrum|move: Stealth Rock\n|\n|-weather|RainDance|[upkeep]\n|upkeep\n|turn|3\n|\n|t:|1771229524\n|switch|p1a: Pecharunt|Pecharunt|100/100\n|move|p2a: Iron Treads|Earth Power|p1a: Pecharunt\n|-supereffective|p1a: Pecharunt\n|-damage|p1a: Pecharunt|41/100\n|\n|-weather|RainDance|[upkeep]\n|upkeep\n|turn|4\n|\n|t:|1771229540\n|switch|p1a: Hydreigon|Hydreigon, M|100/100\n|move|p2a: Iron Treads|Stealth Rock|p1a: Hydreigon\n|-sidestart|p1: Bidofo's Infernape|move: Stealth Rock\n|\n|-weather|RainDance|[upkeep]\n|upkeep\n|turn|5\n|\n|t:|1771229548\n|move|p2a: Iron Treads|Rapid Spin|p1a: Hydreigon\n|-damage|p1a: Hydreigon|88/100\n|-boost|p2a: Iron Treads|spe|1\n|-sideend|p2: boostingTyranntrum|Stealth Rock|[from] move: Rapid Spin|[of] p2a: Iron Treads\n|move|p1a: Hydreigon|Dark Pulse|p2a: Iron Treads\n|-damage|p2a: Iron Treads|21/100\n|\n|-weather|RainDance|[upkeep]\n|upkeep\n|turn|6\n|inactive|boostingTyranntrum has 120 seconds left.\n|\n|t:|1771229585\n|switch|p1a: Tinkaton|Tinkaton, F|93/100\n|-damage|p1a: Tinkaton|87/100|[from] Stealth Rock\n|move|p2a: Iron Treads|Steel Beam|p1a: Tinkaton\n|-damage|p1a: Tinkaton|33/100\n|-damage|p2a: Iron Treads|0 fnt|[from] steelbeam\n|faint|p2a: Iron Treads\n|-end|p2a: Iron Treads|Quark Drive|[silent]\n|\n|-weather|RainDance|[upkeep]\n|upkeep\n|\n|t:|1771229591\n|switch|p2a: Overqwil|Overqwil, M, shiny|100/100\n|turn|7\n|\n|t:|1771229596\n|move|p2a: Overqwil|Liquidation|p1a: Tinkaton\n|-damage|p1a: Tinkaton|0 fnt\n|faint|p1a: Tinkaton\n|-damage|p2a: Overqwil|91/100|[from] item: Life Orb\n|\n|-weather|RainDance|[upkeep]\n|upkeep\n|\n|t:|1771229609\n|switch|p1a: Pecharunt|Pecharunt|41/100\n|-damage|p1a: Pecharunt|29/100|[from] Stealth Rock\n|turn|8\n|\n|t:|1771229612\n|switch|p1a: Great Tusk|Great Tusk|100/100\n|move|p2a: Overqwil|Crunch|p1a: Great Tusk\n|-resisted|p1a: Great Tusk\n|-damage|p1a: Great Tusk|84/100\n|-unboost|p1a: Great Tusk|def|1\n|-damage|p2a: Overqwil|81/100|[from] item: Life Orb\n|\n|-weather|none\n|upkeep\n|turn|9\n|\n|t:|1771229626\n|-end|p1a: Great Tusk|Protosynthesis|[silent]\n|switch|p1a: Ogerpon|Ogerpon, F|100/100\n|-damage|p1a: Ogerpon|88/100|[from] Stealth Rock\n|switch|p2a: Pelipper|Pelipper, M, shiny|100/100\n|-weather|RainDance|[from] ability: Drizzle|[of] p2a: Pelipper\n|\n|-weather|RainDance|[upkeep]\n|upkeep\n|turn|10\n|\n|t:|1771229639\n|move|p1a: Ogerpon|U-turn|p2a: Pelipper\n|-resisted|p2a: Pelipper\n|-damage|p2a: Pelipper|77/100\n|\n|t:|1771229647\n|switch|p1a: Alomomola|Alomomola, M|100/100|[from] U-turn\n|-damage|p1a: Alomomola|88/100|[from] Stealth Rock\n|move|p2a: Pelipper|Hurricane|p1a: Alomomola\n|-damage|p1a: Alomomola|64/100\n|\n|-weather|RainDance|[upkeep]\n|upkeep\n|turn|11\n|\n|t:|1771229656\n|switch|p1a: Hydreigon|Hydreigon, M|88/100\n|-damage|p1a: Hydreigon|76/100|[from] Stealth Rock\n|move|p2a: Pelipper|U-turn|p1a: Hydreigon\n|-supereffective|p1a: Hydreigon\n|-damage|p1a: Hydreigon|56/100\n|\n|t:|1771229660\n|switch|p2a: Overqwil|Overqwil, M, shiny|81/100|[from] U-turn\n|\n|-weather|RainDance|[upkeep]\n|upkeep\n|turn|12\n|\n|t:|1771229668\n|move|p2a: Overqwil|Gunk Shot|p1a: Hydreigon\n|-damage|p1a: Hydreigon|0 fnt\n|faint|p1a: Hydreigon\n|-damage|p2a: Overqwil|71/100|[from] item: Life Orb\n|\n|-weather|RainDance|[upkeep]\n|upkeep\n|\n|t:|1771229686\n|switch|p1a: Ogerpon|Ogerpon, F|88/100\n|-damage|p1a: Ogerpon|76/100|[from] Stealth Rock\n|turn|13\n|\n|t:|1771229691\n|switch|p1a: Pecharunt|Pecharunt|29/100\n|-damage|p1a: Pecharunt|17/100|[from] Stealth Rock\n|move|p2a: Overqwil|Crunch|p1a: Pecharunt\n|-supereffective|p1a: Pecharunt\n|-damage|p1a: Pecharunt|0 fnt\n|-damage|p2a: Overqwil|54/100|[from] item: Rocky Helmet|[of] p1a: Pecharunt\n|faint|p1a: Pecharunt\n|-damage|p2a: Overqwil|44/100|[from] item: Life Orb\n|\n|-weather|none\n|upkeep\n|\n|t:|1771229701\n|switch|p1a: Great Tusk|Great Tusk|84/100\n|turn|14\n|\n|t:|1771229706\n|move|p1a: Great Tusk|Ice Spinner|p2a: Overqwil\n|-damage|p2a: Overqwil|15/100\n|move|p2a: Overqwil|Liquidation|p1a: Great Tusk\n|-supereffective|p1a: Great Tusk\n|-damage|p1a: Great Tusk|30/100\n|-damage|p2a: Overqwil|5/100|[from] item: Life Orb\n|\n|upkeep\n|turn|15\n|\n|t:|1771229711\n|switch|p2a: Pelipper|Pelipper, M, shiny|77/100\n|-weather|RainDance|[from] ability: Drizzle|[of] p2a: Pelipper\n|move|p1a: Great Tusk|Ice Spinner|p2a: Pelipper\n|-damage|p2a: Pelipper|41/100\n|\n|-weather|RainDance|[upkeep]\n|upkeep\n|turn|16\n|\n|t:|1771229718\n|-end|p1a: Great Tusk|Protosynthesis|[silent]\n|switch|p1a: Alomomola|Alomomola, M|98/100\n|-damage|p1a: Alomomola|85/100|[from] Stealth Rock\n|move|p2a: Pelipper|U-turn|p1a: Alomomola\n|-damage|p1a: Alomomola|79/100\n|\n|t:|1771229722\n|switch|p2a: Overqwil|Overqwil, M, shiny|5/100|[from] U-turn\n|\n|-weather|RainDance|[upkeep]\n|upkeep\n|turn|17\n|\n|t:|1771229725\n|move|p1a: Alomomola|Aqua Jet|p2a: Overqwil\n|-damage|p2a: Overqwil|0 fnt\n|faint|p2a: Overqwil\n|\n|-weather|RainDance|[upkeep]\n|upkeep\n|\n|t:|1771229727\n|switch|p2a: Volcanion|Volcanion|100/100\n|turn|18\n|\n|t:|1771229732\n|move|p2a: Volcanion|Steam Eruption|p1a: Alomomola\n|-resisted|p1a: Alomomola\n|-damage|p1a: Alomomola|45/100\n|move|p1a: Alomomola|Mirror Coat|p2a: Volcanion\n|-damage|p2a: Volcanion|1/100\n|\n|-weather|RainDance|[upkeep]\n|upkeep\n|turn|19\n|\n|t:|1771229738\n|-terastallize|p2a: Volcanion|Water\n|move|p2a: Volcanion|Steam Eruption|p1a: Alomomola\n|-resisted|p1a: Alomomola\n|-damage|p1a: Alomomola|0 fnt\n|faint|p1a: Alomomola\n|\n|-weather|none\n|upkeep\n|\n|t:|1771229747\n|switch|p1a: Great Tusk|Great Tusk|30/100\n|turn|20\n|\n|t:|1771229751\n|switch|p2a: Pelipper|Pelipper, M, shiny|41/100\n|-weather|RainDance|[from] ability: Drizzle|[of] p2a: Pelipper\n|move|p1a: Great Tusk|Ice Spinner|p2a: Pelipper\n|-damage|p2a: Pelipper|7/100\n|\n|-weather|RainDance|[upkeep]\n|upkeep\n|turn|21\n|\n|t:|1771229758\n|move|p1a: Great Tusk|Rapid Spin|p2a: Pelipper\n|-damage|p2a: Pelipper|0 fnt\n|-boost|p1a: Great Tusk|spe|1\n|-sideend|p1: Bidofo's Infernape|Stealth Rock|[from] move: Rapid Spin|[of] p1a: Great Tusk\n|faint|p2a: Pelipper\n|\n|-weather|RainDance|[upkeep]\n|upkeep\n|\n|t:|1771229769\n|switch|p2a: Iron Valiant|Iron Valiant, shiny|100/100\n|turn|22\n|\n|t:|1771229774\n|move|p2a: Iron Valiant|Vacuum Wave|p1a: Great Tusk\n|-damage|p1a: Great Tusk|0 fnt\n|faint|p1a: Great Tusk\n|-end|p1a: Great Tusk|Protosynthesis|[silent]\n|\n|-weather|RainDance|[upkeep]\n|upkeep\n|\n|t:|1771229777\n|switch|p1a: Ogerpon|Ogerpon, F|76/100\n|turn|23\n|\n|t:|1771229786\n|-terastallize|p1a: Ogerpon|Grass\n|detailschange|p1a: Ogerpon|Ogerpon-Teal-Tera, F, tera:Grass\n|-ability|p1a: Ogerpon|Embody Aspect (Teal)|boost\n|-boost|p1a: Ogerpon|spe|1\n|move|p2a: Iron Valiant|Vacuum Wave|p1a: Ogerpon\n|-damage|p1a: Ogerpon|39/100\n|move|p1a: Ogerpon|Ivy Cudgel|p2a: Iron Valiant\n|-damage|p2a: Iron Valiant|0 fnt\n|faint|p2a: Iron Valiant\n|-end|p2a: Iron Valiant|Quark Drive|[silent]\n|\n|-weather|RainDance|[upkeep]\n|upkeep\n|\n|t:|1771229792\n|switch|p2a: Dragapult|Dragapult, M, shiny|100/100\n|turn|24\n|\n|t:|1771229795\n|move|p1a: Ogerpon|Ivy Cudgel|p2a: Dragapult\n|-resisted|p2a: Dragapult\n|-damage|p2a: Dragapult|36/100\n|move|p2a: Dragapult|Dragon Darts|p1a: Ogerpon\n|-damage|p1a: Ogerpon|0 fnt\n|faint|p1a: Ogerpon\n|detailschange|p1: Ogerpon|Ogerpon, F|[silent]\n|\n|win|boostingTyranntrum\n|raw|Bidofo&apos;s Infernape's rating: 1569 &rarr; <strong>1549</strong><br />(-20 for losing)\n|raw|boostingTyranntrum's rating: 1569 &rarr; <strong>1589</strong><br />(+20 for winning)\n|l|☆Bidofo's Infernape\n|player|p1|\n|c|☆boostingTyranntrum|gg\n", "uploadtime": 1771229996, "views": 9, "formatid": "gen9ou", "rating": 1549, "private": 0, "password": null}