{"id": "gen9ou-2639306200", "format": "[Gen 9] OU", "players": ["theaterr", "psychlops"], "log": "|j|☆theaterr\n|j|☆psychlops\n|t:|1782449767\n|gametype|singles\n|player|p1|theaterr|striker|1448\n|player|p2|psychlops|depotagent|1458\n|gen|9\n|tier|[Gen 9] OU\n|rated|\n|rule|HP Percentage Mod: HP is shown in percentages\n|rule|Endless Battle Clause: Forcing endless battles is banned\n|rule|Species Clause: Limit one of each Pokémon\n|rule|OHKO Clause: OHKO moves are banned\n|rule|Evasion Items Clause: Evasion items are banned\n|rule|Evasion Moves Clause: Evasion moves are banned\n|rule|Evasion Abilities Clause: Evasion abilities are banned\n|rule|Sleep Moves Clause: Sleep-inducing moves are banned\n|clearpoke\n|poke|p1|Tornadus-Therian, M|\n|poke|p1|Pecharunt|\n|poke|p1|Hoopa-Unbound|\n|poke|p1|Ogerpon-Wellspring, F|\n|poke|p1|Great Tusk|\n|poke|p1|Kyurem|\n|poke|p2|Ting-Lu|\n|poke|p2|Gliscor, M|\n|poke|p2|Sinistcha-Masterpiece|\n|poke|p2|Keldeo|\n|poke|p2|Tinkaton, F|\n|poke|p2|Dragonite, M|\n|teampreview\n|inactive|Battle timer is ON: inactive players will automatically lose when time's up. (requested by theaterr)\n|inactive|theaterr has 120 seconds left.\n|inactive|psychlops has 120 seconds left.\n|\n|t:|1782449811\n|teamsize|p1|6\n|teamsize|p2|6\n|start\n|switch|p1a: Ogerpon|Ogerpon-Wellspring, F|100/100\n|switch|p2a: Keldeo|Keldeo|100/100\n|turn|1\n|\n|t:|1782449825\n|switch|p2a: Dragonite|Dragonite, M|100/100\n|move|p1a: Ogerpon|Swords Dance|p1a: Ogerpon\n|-boost|p1a: Ogerpon|atk|2\n|\n|upkeep\n|turn|2\n|\n|t:|1782449833\n|move|p2a: Dragonite|Extreme Speed|p1a: Ogerpon\n|-damage|p1a: Ogerpon|59/100\n|move|p1a: Ogerpon|Play Rough|p2a: Dragonite\n|-supereffective|p2a: Dragonite\n|-damage|p2a: Dragonite|31/100\n|\n|upkeep\n|turn|3\n|\n|t:|1782449843\n|move|p2a: Dragonite|Extreme Speed|p1a: Ogerpon\n|-damage|p1a: Ogerpon|21/100\n|move|p1a: Ogerpon|Ivy Cudgel|p2a: Dragonite|[anim] Ivy Cudgel Water\n|-resisted|p2a: Dragonite\n|-damage|p2a: Dragonite|0 fnt\n|faint|p2a: Dragonite\n|\n|upkeep\n|\n|t:|1782449854\n|switch|p2a: Keldeo|Keldeo|100/100\n|turn|4\n|inactive|theaterr has 120 seconds left.\n|\n|t:|1782449892\n|switch|p1a: Pecharunt|Pecharunt|100/100\n|move|p2a: Keldeo|Vacuum Wave|p1a: Pecharunt\n|-immune|p1a: Pecharunt\n|\n|upkeep\n|turn|5\n|inactive|theaterr has 120 seconds left.\n|\n|t:|1782449900\n|switch|p2a: Tinkaton|Tinkaton, F|100/100\n|-ability|p2a: Tinkaton|Mold Breaker\n|-item|p2a: Tinkaton|Air Balloon\n|move|p1a: Pecharunt|Parting Shot|p2a: Tinkaton\n|-unboost|p2a: Tinkaton|atk|1\n|-unboost|p2a: Tinkaton|spa|1\n|inactive|theaterr has 120 seconds left.\n|\n|t:|1782449913\n|switch|p1a: Tornadus|Tornadus-Therian, M|100/100|[from] Parting Shot\n|\n|upkeep\n|turn|6\n|inactive|theaterr has 120 seconds left.\n|\n|t:|1782449922\n|switch|p2a: Ting-Lu|Ting-Lu|100/100\n|-ability|p2a: Ting-Lu|Vessel of Ruin\n|move|p1a: Tornadus|Heat Wave|p2a: Ting-Lu|[miss]\n|-miss|p1a: Tornadus|p2a: Ting-Lu\n|\n|upkeep\n|turn|7\n|\n|t:|1782449926\n|move|p1a: Tornadus|U-turn|p2a: Ting-Lu\n|-supereffective|p2a: Ting-Lu\n|-damage|p2a: Ting-Lu|83/100\n|\n|t:|1782449939\n|switch|p1a: Kyurem|Kyurem|100/100|[from] U-turn\n|-ability|p1a: Kyurem|Pressure\n|move|p2a: Ting-Lu|Spikes|p1a: Kyurem\n|-sidestart|p1: theaterr|Spikes\n|\n|-heal|p2a: Ting-Lu|89/100|[from] item: Leftovers\n|upkeep\n|turn|8\n|\n|t:|1782449944\n|switch|p2a: Tinkaton|Tinkaton, F|100/100\n|-ability|p2a: Tinkaton|Mold Breaker\n|-item|p2a: Tinkaton|Air Balloon\n|move|p1a: Kyurem|Ice Beam|p2a: Tinkaton\n|-resisted|p2a: Tinkaton\n|-damage|p2a: Tinkaton|71/100\n|-enditem|p2a: Tinkaton|Air Balloon\n|\n|upkeep\n|turn|9\n|\n|t:|1782449948\n|switch|p1a: Great Tusk|Great Tusk|100/100\n|move|p2a: Tinkaton|Stealth Rock|p1a: Great Tusk\n|-sidestart|p1: theaterr|move: Stealth Rock\n|\n|upkeep\n|turn|10\n|\n|t:|1782449960\n|switch|p2a: Sinistcha|Sinistcha-Masterpiece|100/100\n|-end|p1a: Great Tusk|Protosynthesis|[silent]\n|switch|p1a: Hoopa|Hoopa-Unbound|100/100\n|-damage|p1a: Hoopa|88/100|[from] Spikes\n|-damage|p1a: Hoopa|76/100|[from] Stealth Rock\n|\n|upkeep\n|turn|11\n|\n|t:|1782449968\n|switch|p2a: Ting-Lu|Ting-Lu|89/100\n|-ability|p2a: Ting-Lu|Vessel of Ruin\n|move|p1a: Hoopa|Hyperspace Fury|p2a: Ting-Lu\n|-resisted|p2a: Ting-Lu\n|-damage|p2a: Ting-Lu|64/100\n|-unboost|p1a: Hoopa|def|1\n|\n|-heal|p2a: Ting-Lu|70/100|[from] item: Leftovers\n|upkeep\n|turn|12\n|\n|t:|1782449982\n|switch|p1a: Great Tusk|Great Tusk|100/100\n|move|p2a: Ting-Lu|Ruination|p1a: Great Tusk\n|-damage|p1a: Great Tusk|50/100\n|\n|-heal|p2a: Ting-Lu|76/100|[from] item: Leftovers\n|upkeep\n|turn|13\n|\n|t:|1782449988\n|switch|p2a: Sinistcha|Sinistcha-Masterpiece|100/100\n|move|p1a: Great Tusk|Stealth Rock|p2a: Sinistcha\n|-sidestart|p2: psychlops|move: Stealth Rock\n|\n|upkeep\n|turn|14\n|\n|t:|1782449997\n|-end|p1a: Great Tusk|Protosynthesis|[silent]\n|switch|p1a: Pecharunt|Pecharunt|100/100\n|move|p2a: Sinistcha|Matcha Gotcha|p1a: Pecharunt\n|-resisted|p1a: Pecharunt\n|-damage|p1a: Pecharunt|85/100\n|\n|upkeep\n|turn|15\n|\n|t:|1782450009\n|switch|p2a: Gliscor|Gliscor, M|100/100\n|-damage|p2a: Gliscor|88/100|[from] Stealth Rock\n|move|p1a: Pecharunt|Hex|p2a: Gliscor\n|-damage|p2a: Gliscor|61/100\n|\n|-status|p2a: Gliscor|tox|[from] item: Toxic Orb\n|upkeep\n|turn|16\n|\n|t:|1782450020\n|move|p2a: Gliscor|Protect|p2a: Gliscor\n|-singleturn|p2a: Gliscor|Protect\n|move|p1a: Pecharunt|Parting Shot|p2a: Gliscor\n|-activate|p2a: Gliscor|move: Protect\n|\n|-heal|p2a: Gliscor|74/100 tox|[from] ability: Poison Heal\n|upkeep\n|turn|17\n|\n|t:|1782450027\n|move|p2a: Gliscor|Knock Off|p1a: Pecharunt\n|-supereffective|p1a: Pecharunt\n|-damage|p1a: Pecharunt|64/100\n|-enditem|p1a: Pecharunt|Heavy-Duty Boots|[from] move: Knock Off|[of] p2a: Gliscor\n|move|p1a: Pecharunt|Parting Shot|p2a: Gliscor\n|-unboost|p2a: Gliscor|atk|1\n|-unboost|p2a: Gliscor|spa|1\n|\n|t:|1782450034\n|switch|p1a: Great Tusk|Great Tusk|50/100|[from] Parting Shot\n|\n|-heal|p2a: Gliscor|86/100 tox|[from] ability: Poison Heal\n|upkeep\n|turn|18\n|\n|t:|1782450038\n|switch|p2a: Sinistcha|Sinistcha-Masterpiece|100/100\n|move|p1a: Great Tusk|Ice Spinner|p2a: Sinistcha\n|-supereffective|p2a: Sinistcha\n|-damage|p2a: Sinistcha|67/100\n|\n|upkeep\n|turn|19\n|\n|t:|1782450061\n|-end|p1a: Great Tusk|Protosynthesis|[silent]\n|switch|p1a: Kyurem|Kyurem|100/100\n|-damage|p1a: Kyurem|88/100|[from] Spikes\n|-damage|p1a: Kyurem|63/100|[from] Stealth Rock\n|-ability|p1a: Kyurem|Pressure\n|move|p2a: Sinistcha|Strength Sap|p1a: Kyurem\n|-unboost|p1a: Kyurem|atk|1\n|-heal|p2a: Sinistcha|100/100\n|\n|upkeep\n|turn|20\n|\n|t:|1782450075\n|switch|p2a: Tinkaton|Tinkaton, F|71/100\n|-damage|p2a: Tinkaton|65/100|[from] Stealth Rock\n|-ability|p2a: Tinkaton|Mold Breaker\n|move|p1a: Kyurem|Earth Power|p2a: Tinkaton\n|-supereffective|p2a: Tinkaton\n|-damage|p2a: Tinkaton|0 fnt\n|faint|p2a: Tinkaton\n|\n|upkeep\n|\n|t:|1782450078\n|switch|p2a: Keldeo|Keldeo|100/100\n|turn|21\n|\n|t:|1782450094\n|switch|p1a: Tornadus|Tornadus-Therian, M|100/100\n|-damage|p1a: Tornadus|76/100|[from] Stealth Rock\n|move|p2a: Keldeo|Aura Sphere|p1a: Tornadus\n|-resisted|p1a: Tornadus\n|-damage|p1a: Tornadus|62/100\n|\n|upkeep\n|turn|22\n|\n|t:|1782450107\n|switch|p2a: Ting-Lu|Ting-Lu|76/100\n|-damage|p2a: Ting-Lu|70/100|[from] Stealth Rock\n|-ability|p2a: Ting-Lu|Vessel of Ruin\n|move|p1a: Tornadus|Knock Off|p2a: Ting-Lu\n|-resisted|p2a: Ting-Lu\n|-damage|p2a: Ting-Lu|64/100\n|-enditem|p2a: Ting-Lu|Leftovers|[from] move: Knock Off|[of] p1a: Tornadus\n|\n|upkeep\n|turn|23\n|\n|t:|1782450115\n|move|p1a: Tornadus|U-turn|p2a: Ting-Lu\n|-supereffective|p2a: Ting-Lu\n|-damage|p2a: Ting-Lu|48/100\n|\n|t:|1782450121\n|switch|p1a: Great Tusk|Great Tusk|50/100|[from] U-turn\n|move|p2a: Ting-Lu|Whirlwind|p1a: Great Tusk\n|-end|p1a: Great Tusk|Protosynthesis|[silent]\n|drag|p1a: Hoopa|Hoopa-Unbound|76/100\n|-damage|p1a: Hoopa|64/100|[from] Spikes\n|-damage|p1a: Hoopa|51/100|[from] Stealth Rock\n|\n|upkeep\n|turn|24\n|\n|t:|1782450131\n|switch|p2a: Gliscor|Gliscor, M|86/100 tox\n|-damage|p2a: Gliscor|74/100 tox|[from] Stealth Rock\n|move|p1a: Hoopa|Brick Break|p2a: Gliscor\n|-resisted|p2a: Gliscor\n|-damage|p2a: Gliscor|54/100 tox\n|\n|-heal|p2a: Gliscor|67/100 tox|[from] ability: Poison Heal\n|upkeep\n|turn|25\n|\n|t:|1782450141\n|switch|p1a: Tornadus|Tornadus-Therian, M|95/100\n|-damage|p1a: Tornadus|70/100|[from] Stealth Rock\n|move|p2a: Gliscor|Swords Dance|p2a: Gliscor\n|-boost|p2a: Gliscor|atk|2\n|\n|-heal|p2a: Gliscor|79/100 tox|[from] ability: Poison Heal\n|upkeep\n|turn|26\n|\n|t:|1782450150\n|move|p2a: Gliscor|Protect|p2a: Gliscor\n|-singleturn|p2a: Gliscor|Protect\n|move|p1a: Tornadus|Bleakwind Storm|p2a: Gliscor\n|-activate|p2a: Gliscor|move: Protect\n|\n|-heal|p2a: Gliscor|92/100 tox|[from] ability: Poison Heal\n|upkeep\n|turn|27\n|\n|t:|1782450156\n|move|p1a: Tornadus|Bleakwind Storm|p2a: Gliscor\n|-damage|p2a: Gliscor|48/100 tox\n|-unboost|p2a: Gliscor|spe|1\n|move|p2a: Gliscor|Facade|p1a: Tornadus\n|-damage|p1a: Tornadus|2/100\n|\n|-heal|p2a: Gliscor|61/100 tox|[from] ability: Poison Heal\n|upkeep\n|turn|28\n|\n|t:|1782450165\n|move|p2a: Gliscor|Protect|p2a: Gliscor\n|-singleturn|p2a: Gliscor|Protect\n|move|p1a: Tornadus|U-turn|p2a: Gliscor\n|-activate|p2a: Gliscor|move: Protect\n|\n|-heal|p2a: Gliscor|73/100 tox|[from] ability: Poison Heal\n|upkeep\n|turn|29\n|\n|t:|1782450176\n|move|p1a: Tornadus|U-turn|p2a: Gliscor\n|-resisted|p2a: Gliscor\n|-damage|p2a: Gliscor|67/100 tox\n|\n|t:|1782450179\n|switch|p1a: Pecharunt|Pecharunt|64/100|[from] U-turn\n|-damage|p1a: Pecharunt|51/100|[from] Spikes\n|-damage|p1a: Pecharunt|39/100|[from] Stealth Rock\n|move|p2a: Gliscor|Knock Off|p1a: Pecharunt\n|-supereffective|p1a: Pecharunt\n|-damage|p1a: Pecharunt|9/100\n|\n|-heal|p2a: Gliscor|79/100 tox|[from] ability: Poison Heal\n|upkeep\n|turn|30\n|\n|t:|1782450187\n|move|p1a: Pecharunt|Recover|p1a: Pecharunt\n|-heal|p1a: Pecharunt|59/100\n|move|p2a: Gliscor|Knock Off|p1a: Pecharunt\n|-supereffective|p1a: Pecharunt\n|-damage|p1a: Pecharunt|30/100\n|\n|-heal|p2a: Gliscor|92/100 tox|[from] ability: Poison Heal\n|upkeep\n|turn|31\n|\n|t:|1782450191\n|move|p1a: Pecharunt|Recover|p1a: Pecharunt\n|-heal|p1a: Pecharunt|80/100\n|move|p2a: Gliscor|Swords Dance|p2a: Gliscor\n|-boost|p2a: Gliscor|atk|2\n|\n|-heal|p2a: Gliscor|100/100 tox|[from] ability: Poison Heal\n|upkeep\n|turn|32\n|\n|t:|1782450193\n|move|p1a: Pecharunt|Hex|p2a: Gliscor\n|-damage|p2a: Gliscor|49/100 tox\n|move|p2a: Gliscor|Knock Off|p1a: Pecharunt\n|-supereffective|p1a: Pecharunt\n|-damage|p1a: Pecharunt|42/100\n|\n|-heal|p2a: Gliscor|62/100 tox|[from] ability: Poison Heal\n|upkeep\n|turn|33\n|\n|t:|1782450202\n|move|p1a: Pecharunt|Recover|p1a: Pecharunt\n|-heal|p1a: Pecharunt|92/100\n|move|p2a: Gliscor|Knock Off|p1a: Pecharunt\n|-supereffective|p1a: Pecharunt\n|-damage|p1a: Pecharunt|53/100\n|\n|-heal|p2a: Gliscor|74/100 tox|[from] ability: Poison Heal\n|upkeep\n|turn|34\n|\n|t:|1782450222\n|move|p2a: Gliscor|Protect|p2a: Gliscor\n|-singleturn|p2a: Gliscor|Protect\n|move|p1a: Pecharunt|Recover|p1a: Pecharunt\n|-heal|p1a: Pecharunt|100/100\n|\n|-heal|p2a: Gliscor|87/100 tox|[from] ability: Poison Heal\n|upkeep\n|turn|35\n|\n|t:|1782450225\n|move|p1a: Pecharunt|Hex|p2a: Gliscor\n|-damage|p2a: Gliscor|35/100 tox\n|move|p2a: Gliscor|Swords Dance|p2a: Gliscor\n|-boost|p2a: Gliscor|atk|2\n|\n|-heal|p2a: Gliscor|47/100 tox|[from] ability: Poison Heal\n|upkeep\n|turn|36\n|\n|t:|1782450229\n|move|p2a: Gliscor|Protect|p2a: Gliscor\n|-singleturn|p2a: Gliscor|Protect\n|move|p1a: Pecharunt|Hex|p2a: Gliscor\n|-activate|p2a: Gliscor|move: Protect\n|\n|-heal|p2a: Gliscor|60/100 tox|[from] ability: Poison Heal\n|upkeep\n|turn|37\n|\n|t:|1782450237\n|move|p1a: Pecharunt|Hex|p2a: Gliscor\n|-damage|p2a: Gliscor|11/100 tox\n|move|p2a: Gliscor|Knock Off|p1a: Pecharunt\n|-supereffective|p1a: Pecharunt\n|-damage|p1a: Pecharunt|48/100\n|\n|-heal|p2a: Gliscor|23/100 tox|[from] ability: Poison Heal\n|upkeep\n|turn|38\n|\n|t:|1782450250\n|move|p1a: Pecharunt|Recover|p1a: Pecharunt\n|-heal|p1a: Pecharunt|98/100\n|move|p2a: Gliscor|Knock Off|p1a: Pecharunt\n|-supereffective|p1a: Pecharunt\n|-damage|p1a: Pecharunt|44/100\n|\n|-heal|p2a: Gliscor|36/100 tox|[from] ability: Poison Heal\n|upkeep\n|turn|39\n|\n|t:|1782450256\n|move|p2a: Gliscor|Protect|p2a: Gliscor\n|-singleturn|p2a: Gliscor|Protect\n|move|p1a: Pecharunt|Recover|p1a: Pecharunt\n|-heal|p1a: Pecharunt|94/100\n|\n|-heal|p2a: Gliscor|48/100 tox|[from] ability: Poison Heal\n|upkeep\n|turn|40\n|\n|t:|1782450260\n|move|p2a: Gliscor|Protect||[still]\n|-fail|p2a: Gliscor\n|move|p1a: Pecharunt|Hex|p2a: Gliscor\n|-damage|p2a: Gliscor|0 fnt\n|faint|p2a: Gliscor\n|\n|upkeep\n|\n|t:|1782450272\n|switch|p2a: Ting-Lu|Ting-Lu|48/100\n|-damage|p2a: Ting-Lu|42/100|[from] Stealth Rock\n|-ability|p2a: Ting-Lu|Vessel of Ruin\n|turn|41\n|inactive|theaterr has 120 seconds left.\n|\n|t:|1782450320\n|move|p1a: Pecharunt|Malignant Chain|p2a: Ting-Lu\n|-resisted|p2a: Ting-Lu\n|-damage|p2a: Ting-Lu|35/100\n|-status|p2a: Ting-Lu|tox\n|-start|p2a: Ting-Lu|confusion|[from] ability: Poison Puppeteer|[of] p1a: Pecharunt\n|-activate|p2a: Ting-Lu|confusion\n|move|p2a: Ting-Lu|Spikes|p1a: Pecharunt\n|-sidestart|p1: theaterr|Spikes\n|\n|-damage|p2a: Ting-Lu|29/100 tox|[from] psn\n|upkeep\n|turn|42\n|inactive|psychlops has 120 seconds left.\n|\n|t:|1782450353\n|move|p1a: Pecharunt|Parting Shot|p2a: Ting-Lu\n|-unboost|p2a: Ting-Lu|atk|1\n|-unboost|p2a: Ting-Lu|spa|1\n|\n|t:|1782450359\n|switch|p1a: Tornadus|Tornadus-Therian, M|36/100|[from] Parting Shot\n|-damage|p1a: Tornadus|11/100|[from] Stealth Rock\n|-activate|p2a: Ting-Lu|confusion\n|-damage|p2a: Ting-Lu|25/100 tox|[from] confusion\n|\n|-damage|p2a: Ting-Lu|13/100 tox|[from] psn\n|upkeep\n|turn|43\n|inactive|theaterr has 90 seconds left.\n|\n|t:|1782450378\n|move|p1a: Tornadus|U-turn|p2a: Ting-Lu\n|-supereffective|p2a: Ting-Lu\n|-damage|p2a: Ting-Lu|0 fnt\n|faint|p2a: Ting-Lu\n|inactive|theaterr has 90 seconds left.\n|\n|t:|1782450407\n|switch|p1a: Pecharunt|Pecharunt|94/100|[from] U-turn\n|-damage|p1a: Pecharunt|77/100|[from] Spikes\n|-damage|p1a: Pecharunt|65/100|[from] Stealth Rock\n|\n|upkeep\n|inactive|psychlops has 120 seconds left.\n|\n|t:|1782450446\n|switch|p2a: Keldeo|Keldeo|100/100\n|turn|44\n|inactive|theaterr has 60 seconds left.\n|\n|t:|1782450476\n|-terastallize|p2a: Keldeo|Water\n|move|p2a: Keldeo|Surf|p1a: Pecharunt\n|-damage|p1a: Pecharunt|0 fnt\n|faint|p1a: Pecharunt\n|\n|upkeep\n|\n|t:|1782450496\n|switch|p1a: Tornadus|Tornadus-Therian, M|44/100\n|-damage|p1a: Tornadus|19/100|[from] Stealth Rock\n|turn|45\n|\n|t:|1782450506\n|move|p1a: Tornadus|Bleakwind Storm|p2a: Keldeo\n|-damage|p2a: Keldeo|60/100\n|move|p2a: Keldeo|Surf|p1a: Tornadus\n|-damage|p1a: Tornadus|0 fnt\n|faint|p1a: Tornadus\n|\n|upkeep\n|\n|t:|1782450526\n|switch|p1a: Great Tusk|Great Tusk|50/100\n|turn|46\n|\n|t:|1782450531\n|move|p2a: Keldeo|Surf|p1a: Great Tusk\n|-supereffective|p1a: Great Tusk\n|-damage|p1a: Great Tusk|0 fnt\n|faint|p1a: Great Tusk\n|-end|p1a: Great Tusk|Protosynthesis|[silent]\n|\n|upkeep\n|\n|t:|1782450538\n|switch|p1a: Kyurem|Kyurem|63/100\n|-damage|p1a: Kyurem|47/100|[from] Spikes\n|-damage|p1a: Kyurem|22/100|[from] Stealth Rock\n|-ability|p1a: Kyurem|Pressure\n|turn|47\n|\n|t:|1782450557\n|move|p2a: Keldeo|Vacuum Wave|p1a: Kyurem\n|-supereffective|p1a: Kyurem\n|-damage|p1a: Kyurem|0 fnt\n|faint|p1a: Kyurem\n|\n|upkeep\n|-message|theaterr forfeited.\n|\n|win|psychlops\n|raw|theaterr's rating: 1448 &rarr; <strong>1429</strong><br />(-19 for losing)\n|raw|psychlops's rating: 1458 &rarr; <strong>1477</strong><br />(+19 for winning)\n|l|☆theaterr\n|player|p1|\n|l|☆psychlops\n|player|p2|\n", "uploadtime": 1782450719, "views": 2, "formatid": "gen9ou", "rating": 1429, "private": 0, "password": null}