{"id": "gen9ou-2639907646", "format": "[Gen 9] OU", "players": ["why yukina>~<", "suprya"], "log": "|badge|p2|bronze|gen9ou|100-9\n|html|<div class=\"broadcast-red\"><strong>This battle is required to be public due to one or more player having a season medal.</strong><br />During the public phase, you can discuss the state of the ladder <a href=\"/seasondiscussion\">in a special chatroom.</a></div>\n|uhtml|medal-msg|<div class=\"broadcast-blue\">Curious what those medals under the avatar are? PS now has Ladder Seasons! For more information, check out the <a href=\"https://www.smogon.com/forums/threads/3740067/\">thread on Smogon.</a></div>\n|j|☆why yukina>~<\n|j|☆suprya\n|t:|1782540827\n|gametype|singles\n|player|p1|why yukina>~<|teammates|1777\n|player|p2|suprya|clown|1800\n|gen|9\n|tier|[Gen 9] OU\n|rated|\n|rule|HP Percentage Mod: HP is shown in percentages\n|rule|Endless Battle Clause: Forcing endless battles is banned\n|rule|Species Clause: Limit one of each Pokémon\n|rule|OHKO Clause: OHKO moves are banned\n|rule|Evasion Items Clause: Evasion items are banned\n|rule|Evasion Moves Clause: Evasion moves are banned\n|rule|Evasion Abilities Clause: Evasion abilities are banned\n|rule|Sleep Moves Clause: Sleep-inducing moves are banned\n|clearpoke\n|poke|p1|Kyurem|\n|poke|p1|Zamazenta-*|\n|poke|p1|Dragonite, M|\n|poke|p1|Pecharunt|\n|poke|p1|Iron Treads|\n|poke|p1|Samurott-Hisui, F|\n|poke|p2|Pelipper, F|\n|poke|p2|Hydrapple, F|\n|poke|p2|Iron Treads|\n|poke|p2|Gholdengo|\n|poke|p2|Greninja-*, M|\n|poke|p2|Iron Hands|\n|teampreview\n|inactive|Battle timer is ON: inactive players will automatically lose when time's up. (requested by suprya)\n|inactive|why yukina>~< has 120 seconds left.\n|j| Disscratch\n|inactive|suprya has 120 seconds left.\n|inactive|why yukina>~< has 90 seconds left.\n|\n|t:|1782540904\n|teamsize|p1|6\n|teamsize|p2|6\n|start\n|switch|p1a: mouth breather|Kyurem|100/100\n|switch|p2a: Gholdengo|Gholdengo|100/100\n|-ability|p1a: mouth breather|Pressure\n|turn|1\n|\n|t:|1782540917\n|switch|p2a: Hydrapple|Hydrapple, F|100/100\n|switch|p1a: screens offendor|Samurott-Hisui, F|100/100\n|\n|upkeep\n|turn|2\n|inactive|why yukina>~< has 120 seconds left.\n|inactive|why yukina>~< has 90 seconds left.\n|inactive|why yukina>~< has 60 seconds left.\n|\n|t:|1782541012\n|move|p1a: screens offendor|Ceaseless Edge|p2a: Hydrapple|[miss]\n|-miss|p1a: screens offendor|p2a: Hydrapple\n|move|p2a: Hydrapple|Nasty Plot|p2a: Hydrapple\n|-boost|p2a: Hydrapple|spa|2\n|\n|upkeep\n|turn|3\n|\n|t:|1782541020\n|move|p1a: screens offendor|Ceaseless Edge|p2a: Hydrapple\n|-crit|p2a: Hydrapple\n|-damage|p2a: Hydrapple|65/100\n|-damage|p1a: screens offendor|84/100|[from] item: Rocky Helmet|[of] p2a: Hydrapple\n|-sidestart|p2: suprya|Spikes\n|move|p2a: Hydrapple|Giga Drain|p1a: screens offendor\n|-supereffective|p1a: screens offendor\n|-damage|p1a: screens offendor|0 fnt\n|-heal|p2a: Hydrapple|99/100|[from] drain|[of] p1a: screens offendor\n|faint|p1a: screens offendor\n|\n|upkeep\n|\n|t:|1782541022\n|switch|p1a: mouth breather|Kyurem|100/100\n|-ability|p1a: mouth breather|Pressure\n|turn|4\n|\n|t:|1782541029\n|-terastallize|p2a: Hydrapple|Poison\n|move|p1a: mouth breather|Ice Beam|p2a: Hydrapple\n|-damage|p2a: Hydrapple|49/100\n|move|p2a: Hydrapple|Fickle Beam|p1a: mouth breather\n|-supereffective|p1a: mouth breather\n|-damage|p1a: mouth breather|0 fnt\n|faint|p1a: mouth breather\n|\n|upkeep\n|\n|t:|1782541040\n|switch|p1a: lard|Dragonite, M|100/100\n|turn|5\n|\n|t:|1782541064\n|switch|p1a: lambo|Iron Treads|100/100\n|move|p2a: Hydrapple|Fickle Beam|p1a: lambo\n|-resisted|p1a: lambo\n|-damage|p1a: lambo|74/100\n|\n|-heal|p1a: lambo|81/100|[from] item: Leftovers\n|upkeep\n|turn|6\n|\n|t:|1782541068\n|switch|p2a: Pelipper|Pelipper, F|100/100\n|-weather|RainDance|[from] ability: Drizzle|[of] p2a: Pelipper\n|move|p1a: lambo|Stealth Rock|p2a: Pelipper\n|-sidestart|p2: suprya|move: Stealth Rock\n|\n|-weather|RainDance|[upkeep]\n|-heal|p1a: lambo|87/100|[from] item: Leftovers\n|upkeep\n|turn|7\n|\n|t:|1782541073\n|move|p1a: lambo|Knock Off|p2a: Pelipper\n|-damage|p2a: Pelipper|81/100\n|-enditem|p2a: Pelipper|Heavy-Duty Boots|[from] move: Knock Off|[of] p1a: lambo\n|move|p2a: Pelipper|Surf|p1a: lambo\n|-supereffective|p1a: lambo\n|-damage|p1a: lambo|10/100\n|\n|-weather|RainDance|[upkeep]\n|-heal|p1a: lambo|17/100|[from] item: Leftovers\n|upkeep\n|turn|8\n|\n|t:|1782541080\n|-end|p1a: lambo|Quark Drive|[silent]\n|switch|p1a: spider|Pecharunt|100/100\n|move|p2a: Pelipper|Hurricane|p1a: spider\n|-damage|p1a: spider|62/100\n|\n|-weather|RainDance|[upkeep]\n|upkeep\n|turn|9\n|\n|t:|1782541089\n|switch|p2a: Greninja|Greninja, M|100/100\n|-damage|p2a: Greninja|88/100|[from] Spikes\n|-damage|p2a: Greninja|76/100|[from] Stealth Rock\n|move|p1a: spider|Shadow Ball|p2a: Greninja\n|-resisted|p2a: Greninja\n|-damage|p2a: Greninja|57/100\n|\n|-weather|RainDance|[upkeep]\n|upkeep\n|turn|10\n|\n|t:|1782541095\n|switch|p1a: shield dog|Zamazenta|100/100\n|-ability|p1a: shield dog|Dauntless Shield|boost\n|-boost|p1a: shield dog|def|1\n|move|p2a: Greninja|Hydro Pump|p1a: shield dog|[miss]\n|-miss|p2a: Greninja|p1a: shield dog\n|\n|-weather|none\n|upkeep\n|turn|11\n|\n|t:|1782541104\n|switch|p1a: lard|Dragonite, M|100/100\n|switch|p2a: Hydrapple|Hydrapple, F, tera:Poison|83/100\n|-damage|p2a: Hydrapple|70/100|[from] Spikes\n|-damage|p2a: Hydrapple|58/100|[from] Stealth Rock\n|\n|upkeep\n|turn|12\n|inactive|why yukina>~< has 120 seconds left.\n|\n|t:|1782541111\n|switch|p2a: Gholdengo|Gholdengo|100/100\n|-damage|p2a: Gholdengo|88/100|[from] Spikes\n|-damage|p2a: Gholdengo|82/100|[from] Stealth Rock\n|move|p1a: lard|Dragon Dance|p1a: lard\n|-boost|p1a: lard|atk|1\n|-boost|p1a: lard|spe|1\n|\n|upkeep\n|turn|13\n|j| Kathryne Keyron\n|\n|t:|1782541116\n|switch|p1a: lambo|Iron Treads|17/100\n|move|p2a: Gholdengo|Trick|p1a: lambo\n|-activate|p2a: Gholdengo|move: Trick|[of] p1a: lambo\n|-item|p1a: lambo|Choice Scarf|[from] move: Trick\n|-item|p2a: Gholdengo|Leftovers|[from] move: Trick\n|\n|-heal|p2a: Gholdengo|88/100|[from] item: Leftovers\n|upkeep\n|turn|14\n|\n|t:|1782541123\n|switch|p2a: Pelipper|Pelipper, F|81/100\n|-damage|p2a: Pelipper|56/100|[from] Stealth Rock\n|-weather|RainDance|[from] ability: Drizzle|[of] p2a: Pelipper\n|move|p1a: lambo|Knock Off|p2a: Pelipper\n|-damage|p2a: Pelipper|43/100\n|\n|-weather|RainDance|[upkeep]\n|upkeep\n|turn|15\n|\n|t:|1782541125\n|move|p1a: lambo|Knock Off|p2a: Pelipper\n|-damage|p2a: Pelipper|30/100\n|move|p2a: Pelipper|Roost|p2a: Pelipper\n|-heal|p2a: Pelipper|80/100\n|-singleturn|p2a: Pelipper|move: Roost\n|\n|-weather|RainDance|[upkeep]\n|upkeep\n|turn|16\n|\n|t:|1782541132\n|move|p1a: lambo|Knock Off|p2a: Pelipper\n|-crit|p2a: Pelipper\n|-damage|p2a: Pelipper|62/100\n|move|p2a: Pelipper|Roost|p2a: Pelipper\n|-heal|p2a: Pelipper|100/100\n|-singleturn|p2a: Pelipper|move: Roost\n|\n|-weather|RainDance|[upkeep]\n|upkeep\n|turn|17\n|\n|t:|1782541136\n|move|p1a: lambo|Knock Off|p2a: Pelipper\n|-damage|p2a: Pelipper|88/100\n|move|p2a: Pelipper|Surf|p1a: lambo\n|-supereffective|p1a: lambo\n|-damage|p1a: lambo|0 fnt\n|faint|p1a: lambo\n|-end|p1a: lambo|Quark Drive|[silent]\n|\n|-weather|RainDance|[upkeep]\n|upkeep\n|\n|t:|1782541140\n|switch|p1a: spider|Pecharunt|62/100\n|turn|18\n|\n|t:|1782541154\n|move|p1a: spider|Shadow Ball|p2a: Pelipper\n|-damage|p2a: Pelipper|51/100\n|-unboost|p2a: Pelipper|spd|1\n|move|p2a: Pelipper|Surf|p1a: spider\n|-damage|p1a: spider|16/100\n|\n|-weather|none\n|upkeep\n|turn|19\n|\n|t:|1782541168\n|switch|p2a: Hydrapple|Hydrapple, F, tera:Poison|91/100\n|-damage|p2a: Hydrapple|79/100|[from] Spikes\n|-damage|p2a: Hydrapple|67/100|[from] Stealth Rock\n|move|p1a: spider|Recover|p1a: spider\n|-heal|p1a: spider|66/100\n|\n|upkeep\n|turn|20\n|\n|t:|1782541180\n|switch|p1a: lard|Dragonite, M|100/100\n|move|p2a: Hydrapple|Earth Power|p1a: lard\n|-immune|p1a: lard\n|\n|upkeep\n|turn|21\n|\n|t:|1782541190\n|move|p1a: lard|Encore|p2a: Hydrapple\n|-start|p2a: Hydrapple|Encore\n|move|p2a: Hydrapple|Earth Power|p1a: lard\n|-immune|p1a: lard\n|\n|upkeep\n|turn|22\n|\n|t:|1782541194\n|switch|p2a: Gholdengo|Gholdengo|88/100\n|-damage|p2a: Gholdengo|76/100|[from] Spikes\n|-damage|p2a: Gholdengo|70/100|[from] Stealth Rock\n|move|p1a: lard|Dragon Dance|p1a: lard\n|-boost|p1a: lard|atk|1\n|-boost|p1a: lard|spe|1\n|\n|-heal|p2a: Gholdengo|76/100|[from] item: Leftovers\n|upkeep\n|turn|23\n|\n|t:|1782541207\n|switch|p2a: Pelipper|Pelipper, F|51/100\n|-damage|p2a: Pelipper|26/100|[from] Stealth Rock\n|-weather|RainDance|[from] ability: Drizzle|[of] p2a: Pelipper\n|move|p1a: lard|Dragon Dance|p1a: lard\n|-boost|p1a: lard|atk|1\n|-boost|p1a: lard|spe|1\n|\n|-weather|RainDance|[upkeep]\n|upkeep\n|turn|24\n|\n|t:|1782541211\n|move|p1a: lard|Ice Spinner|p2a: Pelipper\n|-damage|p2a: Pelipper|0 fnt\n|faint|p2a: Pelipper\n|\n|-weather|RainDance|[upkeep]\n|upkeep\n|-message|suprya forfeited.\n|\n|win|why yukina>~<\n|raw|why yukina&gt;~&lt;'s rating: 1752 &rarr; <strong>1775</strong><br />(+23 for winning)\n|raw|suprya's rating: 1800 &rarr; <strong>1777</strong><br />(-23 for losing)\n|l|☆why yukina>~<\n|player|p1|\n|l| Disscratch\n", "uploadtime": 1782541453, "views": 6, "formatid": "gen9ou", "rating": 1775, "private": 0, "password": null}