{"id": "gen9ou-2639244055", "format": "[Gen 9] OU", "players": ["Benice The Second", "oldBank"], "log": "|j|☆Benice The Second\n|j|☆oldBank\n|t:|1782439545\n|gametype|singles\n|player|p1|Benice The Second|maid|1321\n|player|p2|oldBank|170|1263\n|gen|9\n|tier|[Gen 9] OU\n|rated|\n|rule|HP Percentage Mod: HP is shown in percentages\n|rule|Endless Battle Clause: Forcing endless battles is banned\n|rule|Species Clause: Limit one of each Pokémon\n|rule|OHKO Clause: OHKO moves are banned\n|rule|Evasion Items Clause: Evasion items are banned\n|rule|Evasion Moves Clause: Evasion moves are banned\n|rule|Evasion Abilities Clause: Evasion abilities are banned\n|rule|Sleep Moves Clause: Sleep-inducing moves are banned\n|clearpoke\n|poke|p1|Sandy Shocks|\n|poke|p1|Weavile, F|\n|poke|p1|Weezing-Galar, M|\n|poke|p1|Hatterene, F|\n|poke|p1|Alomomola, F|\n|poke|p1|Great Tusk|\n|poke|p2|Heatran, M|\n|poke|p2|Skeledirge, M|\n|poke|p2|Samurott-Hisui, F|\n|poke|p2|Iron Valiant|\n|poke|p2|Conkeldurr, F|\n|poke|p2|Sceptile, M|\n|teampreview\n|\n|t:|1782439558\n|teamsize|p1|6\n|teamsize|p2|6\n|start\n|switch|p1a: Sandy Shocks|Sandy Shocks|100/100\n|switch|p2a: Sceptile|Sceptile, M|100/100\n|turn|1\n|\n|t:|1782439577\n|-end|p1a: Sandy Shocks|Protosynthesis|[silent]\n|switch|p1a: Hatterene|Hatterene, F|100/100\n|move|p2a: Sceptile|Giga Drain|p1a: Hatterene\n|-damage|p1a: Hatterene|66/100\n|\n|-heal|p1a: Hatterene|72/100|[from] item: Leftovers\n|upkeep\n|turn|2\n|\n|t:|1782439591\n|move|p2a: Sceptile|Giga Drain|p1a: Hatterene\n|-crit|p1a: Hatterene\n|-damage|p1a: Hatterene|15/100\n|move|p1a: Hatterene|Draining Kiss|p2a: Sceptile\n|-damage|p2a: Sceptile|71/100\n|-heal|p1a: Hatterene|34/100|[from] drain|[of] p2a: Sceptile\n|\n|-heal|p1a: Hatterene|40/100|[from] item: Leftovers\n|upkeep\n|turn|3\n|\n|t:|1782439607\n|move|p2a: Sceptile|Giga Drain|p1a: Hatterene\n|-damage|p1a: Hatterene|2/100\n|-heal|p2a: Sceptile|93/100|[from] drain|[of] p1a: Hatterene\n|move|p1a: Hatterene|Draining Kiss|p2a: Sceptile\n|-crit|p2a: Sceptile\n|-damage|p2a: Sceptile|43/100\n|-heal|p1a: Hatterene|36/100|[from] drain|[of] p2a: Sceptile\n|\n|-heal|p1a: Hatterene|42/100|[from] item: Leftovers\n|upkeep\n|turn|4\n|\n|t:|1782439615\n|move|p2a: Sceptile|Giga Drain|p1a: Hatterene\n|-crit|p1a: Hatterene\n|-damage|p1a: Hatterene|0 fnt\n|-heal|p2a: Sceptile|66/100|[from] drain|[of] p1a: Hatterene\n|faint|p1a: Hatterene\n|\n|upkeep\n|\n|t:|1782439622\n|switch|p1a: Weavile|Weavile, F|100/100\n|-ability|p1a: Weavile|Pressure\n|turn|5\n|\n|t:|1782439627\n|move|p2a: Sceptile|Vacuum Wave|p1a: Weavile\n|-supereffective|p1a: Weavile\n|-damage|p1a: Weavile|22/100\n|move|p1a: Weavile|Knock Off|p2a: Sceptile\n|-damage|p2a: Sceptile|0 fnt\n|-enditem|p2a: Sceptile|Focus Sash|[from] move: Knock Off|[of] p1a: Weavile\n|faint|p2a: Sceptile\n|\n|upkeep\n|\n|t:|1782439638\n|switch|p2a: Conkeldurr|Conkeldurr, F|100/100\n|turn|6\n|\n|t:|1782439642\n|switch|p1a: Weezing|Weezing-Galar, M|100/100\n|move|p2a: Conkeldurr|Mach Punch|p1a: Weezing\n|-resisted|p1a: Weezing\n|-crit|p1a: Weezing\n|-damage|p1a: Weezing|95/100\n|\n|-status|p2a: Conkeldurr|brn|[from] item: Flame Orb\n|upkeep\n|turn|7\n|\n|t:|1782439655\n|move|p1a: Weezing|Will-O-Wisp|p2a: Conkeldurr\n|-fail|p2a: Conkeldurr|brn\n|move|p2a: Conkeldurr|Knock Off|p1a: Weezing\n|-resisted|p1a: Weezing\n|-damage|p1a: Weezing|76/100\n|-enditem|p1a: Weezing|Heavy-Duty Boots|[from] move: Knock Off|[of] p2a: Conkeldurr\n|\n|-damage|p2a: Conkeldurr|94/100 brn|[from] brn\n|upkeep\n|turn|8\n|\n|t:|1782439664\n|move|p1a: Weezing|Will-O-Wisp|p2a: Conkeldurr\n|-fail|p2a: Conkeldurr|brn\n|move|p2a: Conkeldurr|Ice Punch|p1a: Weezing\n|-damage|p1a: Weezing|47/100\n|\n|-damage|p2a: Conkeldurr|88/100 brn|[from] brn\n|upkeep\n|turn|9\n|inactive|Battle timer is ON: inactive players will automatically lose when time's up. (requested by Benice The Second)\n|\n|t:|1782439730\n|move|p1a: Weezing|Pain Split|p2a: Conkeldurr\n|-sethp|p2a: Conkeldurr|63/100 brn|[from] move: Pain Split|[silent]\n|-sethp|p1a: Weezing|78/100|[from] move: Pain Split\n|move|p2a: Conkeldurr|Ice Punch|p1a: Weezing\n|-damage|p1a: Weezing|48/100\n|\n|-damage|p2a: Conkeldurr|57/100 brn|[from] brn\n|upkeep\n|turn|10\n|\n|t:|1782439741\n|move|p1a: Weezing|Sludge Bomb|p2a: Conkeldurr\n|-damage|p2a: Conkeldurr|25/100 brn\n|move|p2a: Conkeldurr|Ice Punch|p1a: Weezing\n|-damage|p1a: Weezing|19/100\n|\n|-damage|p2a: Conkeldurr|19/100 brn|[from] brn\n|upkeep\n|turn|11\n|\n|t:|1782439770\n|move|p1a: Weezing|Sludge Bomb|p2a: Conkeldurr\n|-damage|p2a: Conkeldurr|0 fnt\n|faint|p2a: Conkeldurr\n|\n|upkeep\n|\n|t:|1782439783\n|switch|p2a: Heatran|Heatran, M|100/100\n|-item|p2a: Heatran|Air Balloon\n|turn|12\n|\n|t:|1782439794\n|move|p2a: Heatran|Flash Cannon|p1a: Weezing\n|-supereffective|p1a: Weezing\n|-damage|p1a: Weezing|0 fnt\n|faint|p1a: Weezing\n|\n|upkeep\n|\n|t:|1782439798\n|switch|p1a: Alomomola|Alomomola, F|100/100\n|turn|13\n|\n|t:|1782439811\n|move|p2a: Heatran|Dark Pulse|p1a: Alomomola\n|-damage|p1a: Alomomola|86/100\n|move|p1a: Alomomola|Flip Turn|p2a: Heatran\n|-supereffective|p2a: Heatran\n|-damage|p2a: Heatran|74/100\n|-enditem|p2a: Heatran|Air Balloon\n|inactive|Benice The Second has 120 seconds left.\n|\n|t:|1782439843\n|switch|p1a: Sandy Shocks|Sandy Shocks|100/100|[from] Flip Turn\n|\n|upkeep\n|turn|14\n|\n|t:|1782439849\n|-terastallize|p2a: Heatran|Flying\n|move|p1a: Sandy Shocks|Volt Switch|p2a: Heatran\n|-supereffective|p2a: Heatran\n|-damage|p2a: Heatran|9/100\n|\n|t:|1782439857\n|-end|p1a: Sandy Shocks|Protosynthesis|[silent]\n|switch|p1a: Alomomola|Alomomola, F|100/100|[from] Volt Switch\n|move|p2a: Heatran|Earth Power|p1a: Alomomola\n|-damage|p1a: Alomomola|83/100\n|\n|upkeep\n|turn|15\n|-message|oldBank forfeited.\n|\n|win|Benice The Second\n|raw|Benice The Second's rating: 1321 &rarr; <strong>1338</strong><br />(+17 for winning)\n|raw|oldBank's rating: 1263 &rarr; <strong>1242</strong><br />(-21 for losing)\n|l|☆oldBank\n|player|p2|\n|l|☆Benice The Second\n|player|p1|\n", "uploadtime": 1782440170, "views": 14, "formatid": "gen9ou", "rating": 1242, "private": 0, "password": null}