{"id": "gen9ou-2639231455", "format": "[Gen 9] OU", "players": ["Orange Stork", "iron quark"], "log": "|j|☆Orange Stork\n|j|☆iron quark\n|inactive|Battle timer is ON: inactive players will automatically lose when time's up.\n|t:|1782437724\n|gametype|singles\n|player|p1|Orange Stork|lyra|\n|player|p2|iron quark|lucas|\n|gen|9\n|tier|[Gen 9] OU\n|rated|Tournament battle\n|rule|HP Percentage Mod: HP is shown in percentages\n|rule|Endless Battle Clause: Forcing endless battles is banned\n|rule|Species Clause: Limit one of each Pokémon\n|rule|OHKO Clause: OHKO moves are banned\n|rule|Evasion Items Clause: Evasion items are banned\n|rule|Evasion Moves Clause: Evasion moves are banned\n|rule|Evasion Abilities Clause: Evasion abilities are banned\n|rule|Sleep Moves Clause: Sleep-inducing moves are banned\n|clearpoke\n|poke|p1|Ninetales-Alola, M|\n|poke|p1|Cresselia, F|\n|poke|p1|Manaphy|\n|poke|p1|Rillaboom, M|\n|poke|p1|Iron Moth|\n|poke|p1|Zamazenta-*|\n|poke|p2|Hatterene, F|\n|poke|p2|Diancie|\n|poke|p2|Hydrapple, F|\n|poke|p2|Cresselia, F|\n|poke|p2|Volcanion|\n|poke|p2|Ursaluna, M|\n|teampreview\n|inactive|Orange Stork also wants the timer to be on.\n|\n|t:|1782437742\n|teamsize|p1|6\n|teamsize|p2|6\n|start\n|switch|p1a: Ninetales|Ninetales-Alola, M|100/100\n|switch|p2a: Volcanion|Volcanion|100/100\n|-weather|Snowscape|[from] ability: Snow Warning|[of] p1a: Ninetales\n|turn|1\n|j| crip walker\n|\n|t:|1782437748\n|move|p1a: Ninetales|Aurora Veil|p1a: Ninetales\n|-sidestart|p1: Orange Stork|move: Aurora Veil\n|move|p2a: Volcanion|Flamethrower|p1a: Ninetales\n|-supereffective|p1a: Ninetales\n|-damage|p1a: Ninetales|27/100\n|\n|-weather|Snowscape|[upkeep]\n|upkeep\n|turn|2\n|\n|t:|1782437753\n|move|p1a: Ninetales|Encore|p2a: Volcanion\n|-start|p2a: Volcanion|Encore\n|move|p2a: Volcanion|Flamethrower|p1a: Ninetales\n|-supereffective|p1a: Ninetales\n|-damage|p1a: Ninetales|0 fnt\n|faint|p1a: Ninetales\n|\n|-weather|Snowscape|[upkeep]\n|upkeep\n|\n|t:|1782437768\n|switch|p1a: JOHNNY TOTS|Manaphy|100/100\n|turn|3\n|\n|t:|1782437782\n|switch|p2a: Cresselia|Cresselia, F, shiny|100/100\n|move|p1a: JOHNNY TOTS|Take Heart|p1a: JOHNNY TOTS\n|-boost|p1a: JOHNNY TOTS|spa|1\n|-boost|p1a: JOHNNY TOTS|spd|1\n|\n|-weather|Snowscape|[upkeep]\n|upkeep\n|turn|4\n|\n|t:|1782437787\n|move|p1a: JOHNNY TOTS|Take Heart|p1a: JOHNNY TOTS\n|-boost|p1a: JOHNNY TOTS|spa|1\n|-boost|p1a: JOHNNY TOTS|spd|1\n|move|p2a: Cresselia|Light Screen|p2a: Cresselia\n|-sidestart|p2: iron quark|move: Light Screen\n|\n|-weather|Snowscape|[upkeep]\n|upkeep\n|turn|5\n|\n|t:|1782437800\n|move|p1a: JOHNNY TOTS|Take Heart|p1a: JOHNNY TOTS\n|-boost|p1a: JOHNNY TOTS|spa|1\n|-boost|p1a: JOHNNY TOTS|spd|1\n|move|p2a: Cresselia|Trick Room|p2a: Cresselia\n|-fieldstart|move: Trick Room|[of] p2a: Cresselia\n|\n|-weather|none\n|upkeep\n|turn|6\n|\n|t:|1782437803\n|switch|p2a: Ursaluna|Ursaluna, M|100/100\n|move|p1a: JOHNNY TOTS|Acid Armor|p1a: JOHNNY TOTS\n|-boost|p1a: JOHNNY TOTS|def|2\n|\n|-status|p2a: Ursaluna|brn|[from] item: Flame Orb\n|upkeep\n|turn|7\n|\n|t:|1782437811\n|-terastallize|p2a: Ursaluna|Normal\n|move|p2a: Ursaluna|Facade|p1a: JOHNNY TOTS\n|-damage|p1a: JOHNNY TOTS|64/100\n|move|p1a: JOHNNY TOTS|Acid Armor|p1a: JOHNNY TOTS\n|-boost|p1a: JOHNNY TOTS|def|2\n|\n|-heal|p1a: JOHNNY TOTS|70/100|[from] item: Leftovers\n|-damage|p2a: Ursaluna|94/100 brn|[from] brn\n|upkeep\n|turn|8\n|\n|t:|1782437821\n|move|p2a: Ursaluna|Facade|p1a: JOHNNY TOTS\n|-damage|p1a: JOHNNY TOTS|48/100\n|move|p1a: JOHNNY TOTS|Stored Power|p2a: Ursaluna\n|-damage|p2a: Ursaluna|37/100 brn\n|\n|-heal|p1a: JOHNNY TOTS|54/100|[from] item: Leftovers\n|-damage|p2a: Ursaluna|31/100 brn|[from] brn\n|-sideend|p1: Orange Stork|move: Aurora Veil\n|upkeep\n|turn|9\n|\n|t:|1782437838\n|move|p2a: Ursaluna|Facade|p1a: JOHNNY TOTS\n|-damage|p1a: JOHNNY TOTS|6/100\n|move|p1a: JOHNNY TOTS|Stored Power|p2a: Ursaluna\n|-damage|p2a: Ursaluna|0 fnt\n|faint|p2a: Ursaluna\n|\n|-heal|p1a: JOHNNY TOTS|12/100|[from] item: Leftovers\n|-fieldend|move: Trick Room\n|upkeep\n|\n|t:|1782437856\n|switch|p2a: Hatterene|Hatterene, F, shiny|100/100\n|turn|10\n|j| watch cats's\n|\n|t:|1782437875\n|move|p1a: JOHNNY TOTS|Scald|p2a: Hatterene\n|-damage|p2a: Hatterene|67/100\n|move|p2a: Hatterene|Trick Room|p2a: Hatterene\n|-fieldstart|move: Trick Room|[of] p2a: Hatterene\n|\n|-heal|p1a: JOHNNY TOTS|18/100|[from] item: Leftovers\n|upkeep\n|turn|11\n|\n|t:|1782437882\n|move|p2a: Hatterene|Psychic Noise|p1a: JOHNNY TOTS\n|-damage|p1a: JOHNNY TOTS|3/100\n|-start|p1a: JOHNNY TOTS|move: Heal Block\n|move|p1a: JOHNNY TOTS|Scald|p2a: Hatterene\n|-damage|p2a: Hatterene|30/100\n|\n|-sideend|p2: iron quark|move: Light Screen\n|upkeep\n|turn|12\n|\n|t:|1782437890\n|move|p2a: Hatterene|Psychic Noise|p1a: JOHNNY TOTS\n|-damage|p1a: JOHNNY TOTS|0 fnt\n|faint|p1a: JOHNNY TOTS\n|\n|upkeep\n|j| splat__t3r\n|l| watch cats's\n|\n|t:|1782437908\n|switch|p1a: Rillaboom|Rillaboom, M|100/100\n|-fieldstart|move: Grassy Terrain|[from] ability: Grassy Surge|[of] p1a: Rillaboom\n|turn|13\n|\n|t:|1782437922\n|move|p1a: Rillaboom|Grassy Glide|p2a: Hatterene\n|-damage|p2a: Hatterene|0 fnt\n|faint|p2a: Hatterene\n|-damage|p1a: Rillaboom|91/100|[from] item: Life Orb\n|\n|-heal|p1a: Rillaboom|97/100|[from] Grassy Terrain\n|upkeep\n|\n|t:|1782437931\n|switch|p2a: Volcanion|Volcanion|100/100\n|turn|14\n|\n|t:|1782437938\n|switch|p1a: Iron Moth|Iron Moth|100/100\n|-enditem|p1a: Iron Moth|Booster Energy\n|-activate|p1a: Iron Moth|ability: Quark Drive|[fromitem]\n|-start|p1a: Iron Moth|quarkdrivespe\n|move|p2a: Volcanion|Flamethrower|p1a: Iron Moth\n|-resisted|p1a: Iron Moth\n|-damage|p1a: Iron Moth|58/100\n|\n|-heal|p1a: Iron Moth|64/100|[from] Grassy Terrain\n|-fieldend|move: Trick Room\n|upkeep\n|turn|15\n|\n|t:|1782437950\n|switch|p2a: Diancie|Diancie|100/100\n|move|p1a: Iron Moth|Toxic Spikes|p2a: Diancie\n|-sidestart|p2: iron quark|move: Toxic Spikes\n|\n|-heal|p1a: Iron Moth|70/100|[from] Grassy Terrain\n|upkeep\n|turn|16\n|\n|t:|1782437956\n|move|p1a: Iron Moth|Toxic Spikes|p2a: Diancie\n|-sidestart|p2: iron quark|move: Toxic Spikes\n|move|p2a: Diancie|Trick Room|p2a: Diancie\n|-fieldstart|move: Trick Room|[of] p2a: Diancie\n|\n|-heal|p1a: Iron Moth|76/100|[from] Grassy Terrain\n|upkeep\n|turn|17\n|\n|t:|1782437966\n|move|p2a: Diancie|Meteor Beam||[still]\n|-prepare|p2a: Diancie|Meteor Beam\n|-boost|p2a: Diancie|spa|1\n|-enditem|p2a: Diancie|Power Herb\n|-anim|p2a: Diancie|Meteor Beam|p1a: Iron Moth\n|-supereffective|p1a: Iron Moth\n|-damage|p1a: Iron Moth|0 fnt\n|faint|p1a: Iron Moth\n|-end|p1a: Iron Moth|Quark Drive|[silent]\n|\n|-fieldend|move: Grassy Terrain\n|upkeep\n|\n|t:|1782437970\n|switch|p1a: Rillaboom|Rillaboom, M|97/100\n|-fieldstart|move: Grassy Terrain|[from] ability: Grassy Surge|[of] p1a: Rillaboom\n|turn|18\n|\n|t:|1782437978\n|move|p1a: Rillaboom|Grassy Glide|p2a: Diancie\n|-supereffective|p2a: Diancie\n|-damage|p2a: Diancie|18/100\n|-damage|p1a: Rillaboom|87/100|[from] item: Life Orb\n|move|p2a: Diancie|Moonblast|p1a: Rillaboom\n|-damage|p1a: Rillaboom|0 fnt\n|faint|p1a: Rillaboom\n|\n|-heal|p2a: Diancie|24/100|[from] Grassy Terrain\n|upkeep\n|\n|t:|1782437991\n|switch|p1a: Cresselia|Cresselia, F|100/100\n|-enditem|p1a: Cresselia|Grassy Seed\n|-boost|p1a: Cresselia|def|1|[from] item: Grassy Seed\n|turn|19\n|\n|t:|1782437999\n|move|p2a: Diancie|Moonblast|p1a: Cresselia\n|-damage|p1a: Cresselia|53/100\n|move|p1a: Cresselia|Calm Mind|p1a: Cresselia\n|-boost|p1a: Cresselia|spa|1\n|-boost|p1a: Cresselia|spd|1\n|\n|-heal|p2a: Diancie|30/100|[from] Grassy Terrain\n|upkeep\n|turn|20\n|\n|t:|1782438010\n|move|p2a: Diancie|Moonblast|p1a: Cresselia\n|-damage|p1a: Cresselia|21/100\n|-unboost|p1a: Cresselia|spa|1\n|move|p1a: Cresselia|Calm Mind|p1a: Cresselia\n|-boost|p1a: Cresselia|spa|1\n|-boost|p1a: Cresselia|spd|1\n|\n|-heal|p2a: Diancie|36/100|[from] Grassy Terrain\n|-fieldend|move: Trick Room\n|upkeep\n|turn|21\n|\n|t:|1782438020\n|move|p1a: Cresselia|Moonlight|p1a: Cresselia\n|-heal|p1a: Cresselia|71/100\n|move|p2a: Diancie|Trick Room|p2a: Diancie\n|-fieldstart|move: Trick Room|[of] p2a: Diancie\n|\n|-heal|p2a: Diancie|42/100|[from] Grassy Terrain\n|upkeep\n|turn|22\n|\n|t:|1782438029\n|move|p2a: Diancie|Moonblast|p1a: Cresselia\n|-damage|p1a: Cresselia|48/100\n|move|p1a: Cresselia|Calm Mind|p1a: Cresselia\n|-boost|p1a: Cresselia|spa|1\n|-boost|p1a: Cresselia|spd|1\n|\n|-heal|p2a: Diancie|48/100|[from] Grassy Terrain\n|-fieldend|move: Grassy Terrain\n|upkeep\n|turn|23\n|\n|t:|1782438037\n|move|p2a: Diancie|Moonblast|p1a: Cresselia\n|-damage|p1a: Cresselia|30/100\n|-unboost|p1a: Cresselia|spa|1\n|move|p1a: Cresselia|Moonlight|p1a: Cresselia\n|-heal|p1a: Cresselia|80/100\n|\n|upkeep\n|turn|24\n|\n|t:|1782438041\n|move|p2a: Diancie|Moonblast|p1a: Cresselia\n|-damage|p1a: Cresselia|63/100\n|-unboost|p1a: Cresselia|spa|1\n|move|p1a: Cresselia|Calm Mind|p1a: Cresselia\n|-boost|p1a: Cresselia|spa|1\n|-boost|p1a: Cresselia|spd|1\n|\n|upkeep\n|turn|25\n|\n|t:|1782438046\n|move|p2a: Diancie|Moonblast|p1a: Cresselia\n|-damage|p1a: Cresselia|50/100\n|-unboost|p1a: Cresselia|spa|1\n|move|p1a: Cresselia|Moonlight|p1a: Cresselia\n|-heal|p1a: Cresselia|99/100\n|\n|-fieldend|move: Trick Room\n|upkeep\n|turn|26\n|\n|t:|1782438053\n|move|p1a: Cresselia|Calm Mind|p1a: Cresselia\n|-boost|p1a: Cresselia|spa|1\n|-boost|p1a: Cresselia|spd|1\n|move|p2a: Diancie|Trick Room|p2a: Diancie\n|-fieldstart|move: Trick Room|[of] p2a: Diancie\n|\n|upkeep\n|turn|27\n|\n|t:|1782438062\n|move|p2a: Diancie|Meteor Beam||[still]\n|-prepare|p2a: Diancie|Meteor Beam\n|-boost|p2a: Diancie|spa|1\n|move|p1a: Cresselia|Calm Mind|p1a: Cresselia\n|-boost|p1a: Cresselia|spa|1\n|-boost|p1a: Cresselia|spd|1\n|\n|upkeep\n|turn|28\n|\n|t:|1782438068\n|move|p2a: Diancie|Meteor Beam|p1a: Cresselia|[from] lockedmove\n|-damage|p1a: Cresselia|82/100\n|move|p1a: Cresselia|Stored Power|p2a: Diancie\n|-damage|p2a: Diancie|0 fnt\n|faint|p2a: Diancie\n|\n|upkeep\n|j| Moon of Seoul\n|\n|t:|1782438079\n|switch|p2a: Cresselia|Cresselia, F, shiny|100/100\n|turn|29\n|\n|t:|1782438092\n|move|p2a: Cresselia|Light Screen|p2a: Cresselia\n|-sidestart|p2: iron quark|move: Light Screen\n|move|p1a: Cresselia|Calm Mind|p1a: Cresselia\n|-boost|p1a: Cresselia|spa|1\n|-boost|p1a: Cresselia|spd|0\n|\n|upkeep\n|turn|30\n|\n|t:|1782438097\n|move|p2a: Cresselia|Reflect|p2a: Cresselia\n|-sidestart|p2: iron quark|Reflect\n|move|p1a: Cresselia|Calm Mind|p1a: Cresselia\n|-boost|p1a: Cresselia|spa|1\n|-boost|p1a: Cresselia|spd|0\n|\n|-fieldend|move: Trick Room\n|upkeep\n|turn|31\n|\n|t:|1782438102\n|move|p1a: Cresselia|Calm Mind|p1a: Cresselia\n|-boost|p1a: Cresselia|spa|1\n|-boost|p1a: Cresselia|spd|0\n|move|p2a: Cresselia|Trick Room|p2a: Cresselia\n|-fieldstart|move: Trick Room|[of] p2a: Cresselia\n|\n|upkeep\n|turn|32\n|\n|t:|1782438111\n|switch|p2a: Volcanion|Volcanion|100/100\n|-status|p2a: Volcanion|tox\n|move|p1a: Cresselia|Stored Power|p2a: Volcanion\n|-damage|p2a: Volcanion|0 fnt\n|faint|p2a: Volcanion\n|\n|upkeep\n|\n|t:|1782438113\n|switch|p2a: Hydrapple|Hydrapple, F|100/100\n|-status|p2a: Hydrapple|tox\n|turn|33\n|\n|t:|1782438116\n|move|p2a: Hydrapple|Fickle Beam|p1a: Cresselia\n|-damage|p1a: Cresselia|71/100\n|-damage|p2a: Hydrapple|91/100 tox|[from] item: Life Orb\n|move|p1a: Cresselia|Stored Power|p2a: Hydrapple\n|-damage|p2a: Hydrapple|0 fnt\n|faint|p2a: Hydrapple\n|\n|upkeep\n|l| Moon of Seoul\n|c|☆iron quark|gg\n|\n|t:|1782438124\n|switch|p2a: Cresselia|Cresselia, F, shiny|100/100\n|turn|34\n|c|☆Orange Stork|gg\n|\n|t:|1782438127\n|move|p2a: Cresselia|Lunar Dance||[still]\n|-fail|p2a: Cresselia\n|move|p1a: Cresselia|Stored Power|p2a: Cresselia\n|-resisted|p2a: Cresselia\n|-damage|p2a: Cresselia|59/100\n|\n|upkeep\n|turn|35\n|\n|t:|1782438130\n|move|p2a: Cresselia|Lunar Dance||[still]\n|-fail|p2a: Cresselia\n|move|p1a: Cresselia|Stored Power|p2a: Cresselia\n|-resisted|p2a: Cresselia\n|-damage|p2a: Cresselia|23/100\n|\n|-fieldend|move: Trick Room\n|upkeep\n|turn|36\n|\n|t:|1782438134\n|move|p1a: Cresselia|Stored Power|p2a: Cresselia\n|-resisted|p2a: Cresselia\n|-damage|p2a: Cresselia|0 fnt\n|faint|p2a: Cresselia\n|\n|win|Orange Stork\n|n|☆Orange Stork|orangestork\n|n|☆iron quark|ironquark\n|n| crip walker|cripwalker\n|n| splat__t3r|splatt3r\n", "uploadtime": 1782438141, "views": 32, "formatid": "gen9ou", "rating": null, "private": 0, "password": null}