{"id": "gen9ou-2639288425", "format": "[Gen 9] OU", "players": ["Razori", "Wiigocadee"], "log": "|j|☆Razori\n|j|☆Wiigocadee\n|t:|1782446467\n|gametype|singles\n|player|p1|Razori|tuber|1183\n|player|p2|Wiigocadee|1|1278\n|gen|9\n|tier|[Gen 9] OU\n|rated|\n|rule|HP Percentage Mod: HP is shown in percentages\n|rule|Endless Battle Clause: Forcing endless battles is banned\n|rule|Species Clause: Limit one of each Pokémon\n|rule|OHKO Clause: OHKO moves are banned\n|rule|Evasion Items Clause: Evasion items are banned\n|rule|Evasion Moves Clause: Evasion moves are banned\n|rule|Evasion Abilities Clause: Evasion abilities are banned\n|rule|Sleep Moves Clause: Sleep-inducing moves are banned\n|clearpoke\n|poke|p1|Darkrai|\n|poke|p1|Samurott-Hisui, M|\n|poke|p1|Glimmora, M|\n|poke|p1|Ting-Lu|\n|poke|p1|Staraptor, M|\n|poke|p1|Tyranitar, M|\n|poke|p2|Scizor, M|\n|poke|p2|Cinderace, F|\n|poke|p2|Zapdos|\n|poke|p2|Ogerpon, F|\n|poke|p2|Primarina, M|\n|poke|p2|Pecharunt|\n|teampreview\n|inactive|Battle timer is ON: inactive players will automatically lose when time's up. (requested by Razori)\n|inactive|Razori has 120 seconds left.\n|\n|t:|1782446498\n|teamsize|p1|6\n|teamsize|p2|6\n|start\n|switch|p1a: Samurott|Samurott-Hisui, M|100/100\n|switch|p2a: Ogerpon|Ogerpon, F|100/100\n|turn|1\n|\n|t:|1782446506\n|move|p2a: Ogerpon|U-turn|p1a: Samurott\n|-supereffective|p1a: Samurott\n|-damage|p1a: Samurott|41/100\n|\n|t:|1782446510\n|switch|p2a: Zapdos|Zapdos|100/100|[from] U-turn\n|move|p1a: Samurott|Ceaseless Edge|p2a: Zapdos|[miss]\n|-miss|p1a: Samurott|p2a: Zapdos\n|\n|upkeep\n|turn|2\n|\n|t:|1782446519\n|move|p1a: Samurott|Ceaseless Edge|p2a: Zapdos\n|-damage|p2a: Zapdos|67/100\n|-status|p1a: Samurott|par|[from] ability: Static|[of] p2a: Zapdos\n|-sidestart|p2: Wiigocadee|Spikes\n|move|p2a: Zapdos|Hurricane|p1a: Samurott\n|-damage|p1a: Samurott|0 fnt\n|faint|p1a: Samurott\n|\n|upkeep\n|\n|t:|1782446530\n|switch|p1a: Staraptor|Staraptor, M|100/100\n|-ability|p1a: Staraptor|Intimidate|boost\n|-unboost|p2a: Zapdos|atk|1\n|turn|3\n|\n|t:|1782446537\n|switch|p1a: Glimmora|Glimmora, M|100/100\n|move|p2a: Zapdos|Roost|p2a: Zapdos\n|-heal|p2a: Zapdos|100/100\n|-singleturn|p2a: Zapdos|move: Roost\n|\n|upkeep\n|turn|4\n|inactive|Wiigocadee has 120 seconds left.\n|\n|t:|1782446587\n|-terastallize|p2a: Zapdos|Steel\n|move|p1a: Glimmora|Stealth Rock|p2a: Zapdos\n|-sidestart|p2: Wiigocadee|move: Stealth Rock\n|move|p2a: Zapdos|Thunder Wave|p1a: Glimmora\n|-status|p1a: Glimmora|par\n|\n|upkeep\n|turn|5\n|\n|t:|1782446600\n|move|p2a: Zapdos|Volt Switch|p1a: Glimmora\n|-damage|p1a: Glimmora|68/100 par\n|\n|t:|1782446610\n|switch|p2a: Ogerpon|Ogerpon, F|100/100|[from] Volt Switch\n|move|p1a: Glimmora|Spikes|p2a: Ogerpon\n|-sidestart|p2: Wiigocadee|Spikes\n|\n|upkeep\n|turn|6\n|\n|t:|1782446617\n|move|p2a: Ogerpon|Encore|p1a: Glimmora\n|-start|p1a: Glimmora|Encore\n|move|p1a: Glimmora|Spikes|p2a: Ogerpon\n|-sidestart|p2: Wiigocadee|Spikes\n|\n|upkeep\n|turn|7\n|\n|t:|1782446632\n|switch|p1a: Darkrai|Darkrai|100/100\n|move|p2a: Ogerpon|U-turn|p1a: Darkrai\n|-supereffective|p1a: Darkrai\n|-damage|p1a: Darkrai|39/100\n|inactive|Wiigocadee has 120 seconds left.\n|\n|t:|1782446666\n|switch|p2a: Scizor|Scizor, M|100/100|[from] U-turn\n|-damage|p2a: Scizor|76/100|[from] Spikes\n|-damage|p2a: Scizor|64/100|[from] Stealth Rock\n|\n|upkeep\n|turn|8\n|\n|t:|1782446673\n|switch|p1a: Glimmora|Glimmora, M|68/100 par\n|move|p2a: Scizor|Bullet Punch|p1a: Glimmora\n|-supereffective|p1a: Glimmora\n|-damage|p1a: Glimmora|0 fnt\n|-damage|p2a: Scizor|47/100|[from] item: Rocky Helmet|[of] p1a: Glimmora\n|-activate|p1a: Glimmora|ability: Toxic Debris\n|-sidestart|p2: Wiigocadee|move: Toxic Spikes\n|faint|p1a: Glimmora\n|\n|upkeep\n|\n|t:|1782446685\n|switch|p1a: Tyranitar|Tyranitar, M|100/100\n|-weather|Sandstorm|[from] ability: Sand Stream|[of] p1a: Tyranitar\n|turn|9\n|inactive|Wiigocadee has 120 seconds left.\n|\n|t:|1782446698\n|switch|p2a: Zapdos|Zapdos, tera:Steel|100/100\n|switch|p1a: Ting-Lu|Ting-Lu|100/100\n|-ability|p1a: Ting-Lu|Vessel of Ruin\n|\n|-weather|Sandstorm|[upkeep]\n|upkeep\n|turn|10\n|inactive|Wiigocadee has 120 seconds left.\n|\n|t:|1782446709\n|switch|p2a: Ogerpon|Ogerpon, F|100/100\n|move|p1a: Ting-Lu|Whirlwind|p2a: Ogerpon\n|drag|p2a: Zapdos|Zapdos, tera:Steel|100/100\n|\n|-weather|Sandstorm|[upkeep]\n|upkeep\n|turn|11\n|inactive|Wiigocadee has 120 seconds left.\n|\n|t:|1782446718\n|move|p2a: Zapdos|Hurricane|p1a: Ting-Lu|[miss]\n|-miss|p2a: Zapdos|p1a: Ting-Lu\n|move|p1a: Ting-Lu|Substitute|p1a: Ting-Lu\n|-start|p1a: Ting-Lu|Substitute\n|-damage|p1a: Ting-Lu|76/100\n|\n|-weather|Sandstorm|[upkeep]\n|-heal|p1a: Ting-Lu|82/100|[from] item: Leftovers\n|upkeep\n|turn|12\n|\n|t:|1782446722\n|move|p2a: Zapdos|Hurricane|p1a: Ting-Lu|[miss]\n|-miss|p2a: Zapdos|p1a: Ting-Lu\n|move|p1a: Ting-Lu|Whirlwind|p2a: Zapdos\n|drag|p2a: Ogerpon|Ogerpon, F|100/100\n|\n|-weather|Sandstorm|[upkeep]\n|-damage|p2a: Ogerpon|95/100|[from] Sandstorm\n|-heal|p1a: Ting-Lu|88/100|[from] item: Leftovers\n|upkeep\n|turn|13\n|\n|t:|1782446730\n|move|p2a: Ogerpon|Ivy Cudgel|p1a: Ting-Lu\n|-supereffective|p1a: Ting-Lu\n|-end|p1a: Ting-Lu|Substitute\n|move|p1a: Ting-Lu|Whirlwind|p2a: Ogerpon\n|drag|p2a: Primarina|Primarina, M|100/100\n|-damage|p2a: Primarina|75/100|[from] Spikes\n|-damage|p2a: Primarina|63/100|[from] Stealth Rock\n|-status|p2a: Primarina|psn\n|\n|-weather|none\n|-heal|p1a: Ting-Lu|94/100|[from] item: Leftovers\n|-damage|p2a: Primarina|51/100 psn|[from] psn\n|upkeep\n|turn|14\n|\n|t:|1782446741\n|move|p1a: Ting-Lu|Protect|p1a: Ting-Lu\n|-singleturn|p1a: Ting-Lu|Protect\n|move|p2a: Primarina|Draining Kiss|p1a: Ting-Lu\n|-activate|p1a: Ting-Lu|move: Protect\n|\n|-heal|p1a: Ting-Lu|100/100|[from] item: Leftovers\n|-damage|p2a: Primarina|38/100 psn|[from] psn\n|upkeep\n|turn|15\n|\n|t:|1782446761\n|switch|p2a: Cinderace|Cinderace, F|100/100\n|switch|p1a: Tyranitar|Tyranitar, M|100/100\n|-weather|Sandstorm|[from] ability: Sand Stream|[of] p1a: Tyranitar\n|\n|-weather|Sandstorm|[upkeep]\n|-damage|p2a: Cinderace|95/100|[from] Sandstorm\n|upkeep\n|turn|16\n|\n|t:|1782446766\n|move|p2a: Cinderace|Court Change|p2a: Cinderace\n|-start|p2a: Cinderace|typechange|Normal|[from] ability: Libero\n|-swapsideconditions\n|-activate|p2a: Cinderace|move: Court Change\n|move|p1a: Tyranitar|Dragon Tail|p2a: Cinderace\n|-damage|p2a: Cinderace|69/100\n|drag|p2a: Ogerpon|Ogerpon, F|95/100\n|\n|-weather|Sandstorm|[upkeep]\n|-damage|p2a: Ogerpon|89/100|[from] Sandstorm\n|upkeep\n|turn|17\n|\n|t:|1782446783\n|move|p2a: Ogerpon|Ivy Cudgel|p1a: Tyranitar\n|-supereffective|p1a: Tyranitar\n|-crit|p1a: Tyranitar\n|-damage|p1a: Tyranitar|0 fnt\n|faint|p1a: Tyranitar\n|\n|-weather|Sandstorm|[upkeep]\n|-damage|p2a: Ogerpon|83/100|[from] Sandstorm\n|upkeep\n|\n|t:|1782446789\n|switch|p1a: Ting-Lu|Ting-Lu|100/100\n|-damage|p1a: Ting-Lu|76/100|[from] Spikes\n|-damage|p1a: Ting-Lu|69/100|[from] Stealth Rock\n|-status|p1a: Ting-Lu|psn\n|-ability|p1a: Ting-Lu|Vessel of Ruin\n|turn|18\n|-message|Razori forfeited.\n|\n|win|Wiigocadee\n|raw|Razori's rating: 1183 &rarr; <strong>1165</strong><br />(-18 for losing)\n|raw|Wiigocadee's rating: 1278 &rarr; <strong>1296</strong><br />(+18 for winning)\n|l|☆Razori\n|player|p1|\n|l|☆Wiigocadee\n|player|p2|\n", "uploadtime": 1782447088, "views": 2, "formatid": "gen9ou", "rating": 1165, "private": 0, "password": null}