{"id": "gen9ou-2639304829", "format": "[Gen 9] OU", "players": ["Ehyehog", "percydang"], "log": "|j|☆Ehyehog\n|j|☆percydang\n|t:|1782449508\n|gametype|singles\n|player|p1|Ehyehog|unknown|1149\n|player|p2|percydang|101|1114\n|gen|9\n|tier|[Gen 9] OU\n|rated|\n|rule|HP Percentage Mod: HP is shown in percentages\n|rule|Endless Battle Clause: Forcing endless battles is banned\n|rule|Species Clause: Limit one of each Pokémon\n|rule|OHKO Clause: OHKO moves are banned\n|rule|Evasion Items Clause: Evasion items are banned\n|rule|Evasion Moves Clause: Evasion moves are banned\n|rule|Evasion Abilities Clause: Evasion abilities are banned\n|rule|Sleep Moves Clause: Sleep-inducing moves are banned\n|clearpoke\n|poke|p1|Rotom-Wash|\n|poke|p1|Gliscor, M|\n|poke|p1|Glimmora, M|\n|poke|p1|Goodra, M|\n|poke|p1|Garganacl, M|\n|poke|p1|Gholdengo|\n|poke|p2|Maushold|\n|poke|p2|Bronzong|\n|poke|p2|Quagsire, F|\n|poke|p2|Tsareena, F|\n|poke|p2|Moltres|\n|poke|p2|Hydrapple, M|\n|teampreview\n|inactive|Battle timer is ON: inactive players will automatically lose when time's up. (requested by Ehyehog)\n|inactive|percydang also wants the timer to be on.\n|\n|t:|1782449514\n|teamsize|p1|6\n|teamsize|p2|6\n|start\n|switch|p1a: Young jimmy|Rotom-Wash, shiny|100/100\n|switch|p2a: Tsareena|Tsareena, F|100/100\n|turn|1\n|\n|t:|1782449519\n|move|p1a: Young jimmy|Trick|p2a: Tsareena\n|-activate|p1a: Young jimmy|move: Trick|[of] p2a: Tsareena\n|-item|p2a: Tsareena|Choice Scarf|[from] move: Trick\n|-item|p1a: Young jimmy|Heavy-Duty Boots|[from] move: Trick\n|move|p2a: Tsareena|Knock Off|p1a: Young jimmy\n|-damage|p1a: Young jimmy|73/100\n|-enditem|p1a: Young jimmy|Heavy-Duty Boots|[from] move: Knock Off|[of] p2a: Tsareena\n|\n|upkeep\n|turn|2\n|\n|t:|1782449532\n|switch|p2a: Bronzong|Bronzong|100/100\n|move|p1a: Young jimmy|Thunder Wave|p2a: Bronzong\n|-status|p2a: Bronzong|par\n|\n|upkeep\n|turn|3\n|\n|t:|1782449547\n|move|p1a: Young jimmy|Volt Switch|p2a: Bronzong\n|-damage|p2a: Bronzong|77/100 par\n|\n|t:|1782449567\n|switch|p1a: Alucard|Gliscor, M, shiny|100/100|[from] Volt Switch\n|move|p2a: Bronzong|Body Press|p1a: Alucard\n|-resisted|p1a: Alucard\n|-damage|p1a: Alucard|89/100\n|\n|-heal|p2a: Bronzong|83/100 par|[from] item: Leftovers\n|-status|p1a: Alucard|tox|[from] item: Toxic Orb\n|upkeep\n|turn|4\n|\n|t:|1782449575\n|move|p1a: Alucard|Spikes|p2a: Bronzong\n|-sidestart|p2: percydang|Spikes\n|move|p2a: Bronzong|Iron Defense|p2a: Bronzong\n|-boost|p2a: Bronzong|def|2\n|\n|-heal|p2a: Bronzong|89/100 par|[from] item: Leftovers\n|-heal|p1a: Alucard|100/100 tox|[from] ability: Poison Heal\n|upkeep\n|turn|5\n|\n|t:|1782449579\n|move|p1a: Alucard|Spikes|p2a: Bronzong\n|-sidestart|p2: percydang|Spikes\n|cant|p2a: Bronzong|par\n|\n|-heal|p2a: Bronzong|95/100 par|[from] item: Leftovers\n|upkeep\n|turn|6\n|\n|t:|1782449583\n|move|p1a: Alucard|Spikes|p2a: Bronzong\n|-sidestart|p2: percydang|Spikes\n|move|p2a: Bronzong|Iron Defense|p2a: Bronzong\n|-boost|p2a: Bronzong|def|2\n|\n|-heal|p2a: Bronzong|100/100 par|[from] item: Leftovers\n|upkeep\n|turn|7\n|\n|t:|1782449586\n|move|p1a: Alucard|Substitute|p1a: Alucard\n|-start|p1a: Alucard|Substitute\n|-damage|p1a: Alucard|76/100 tox\n|cant|p2a: Bronzong|par\n|\n|-heal|p1a: Alucard|88/100 tox|[from] ability: Poison Heal\n|upkeep\n|turn|8\n|\n|t:|1782449589\n|move|p1a: Alucard|Protect|p1a: Alucard\n|-singleturn|p1a: Alucard|Protect\n|move|p2a: Bronzong|Body Press|p1a: Alucard\n|-activate|p1a: Alucard|move: Protect\n|\n|-heal|p1a: Alucard|100/100 tox|[from] ability: Poison Heal\n|upkeep\n|turn|9\n|\n|t:|1782449595\n|move|p1a: Alucard|Substitute|p1a: Alucard\n|-fail|p1a: Alucard|move: Substitute\n|move|p2a: Bronzong|Iron Defense|p2a: Bronzong\n|-boost|p2a: Bronzong|def|2\n|\n|upkeep\n|turn|10\n|\n|t:|1782449600\n|move|p1a: Alucard|Protect|p1a: Alucard\n|-singleturn|p1a: Alucard|Protect\n|cant|p2a: Bronzong|par\n|\n|upkeep\n|turn|11\n|\n|t:|1782449620\n|switch|p1a: Tuff Gong|Gholdengo, shiny|100/100\n|move|p2a: Bronzong|Body Press|p1a: Tuff Gong\n|-immune|p1a: Tuff Gong\n|\n|upkeep\n|turn|12\n|inactive|percydang has 120 seconds left.\n|inactive|percydang has 90 seconds left.\n|inactive|percydang has 60 seconds left.\n|inactive|percydang has 30 seconds left.\n|inactive|percydang has 20 seconds left.\n|l|☆Ehyehog\n|inactive|Ehyehog disconnected and has a minute to reconnect!\n|player|p1|\n|inactive|percydang has 15 seconds left.\n|inactive|percydang has 10 seconds left.\n|inactive|percydang has 5 seconds left.\n|-message|percydang lost due to inactivity.\n|\n|win|Ehyehog\n|raw|Ehyehog's rating: 1149 &rarr; <strong>1171</strong><br />(+22 for winning)\n|raw|percydang's rating: 1114 &rarr; <strong>1092</strong><br />(-22 for losing)\n|l|☆percydang\n|player|p2|\n", "uploadtime": 1782450047, "views": 8, "formatid": "gen9ou", "rating": 1092, "private": 0, "password": null}