{"id": "gen9ou-2540894987", "format": "[Gen 9] OU", "players": ["Bordercauley", "bruh_eggs"], "log": "|j|☆Bordercauley\n|j|☆bruh_eggs\n|t:|1771264807\n|gametype|singles\n|player|p1|Bordercauley|bugsy|1562\n|player|p2|bruh_eggs|juggler|1589\n|gen|9\n|tier|[Gen 9] OU\n|rated|\n|rule|HP Percentage Mod: HP is shown in percentages\n|rule|Endless Battle Clause: Forcing endless battles is banned\n|rule|Species Clause: Limit one of each Pokémon\n|rule|OHKO Clause: OHKO moves are banned\n|rule|Evasion Items Clause: Evasion items are banned\n|rule|Evasion Moves Clause: Evasion moves are banned\n|rule|Evasion Abilities Clause: Evasion abilities are banned\n|rule|Sleep Moves Clause: Sleep-inducing moves are banned\n|clearpoke\n|poke|p1|Meowscarada, F|\n|poke|p1|Pelipper, M|\n|poke|p1|Floatzel, M|\n|poke|p1|Quaquaval, M|\n|poke|p1|Sinistcha|\n|poke|p1|Kilowattrel, F|\n|poke|p2|Great Tusk|\n|poke|p2|Rillaboom, M|\n|poke|p2|Gholdengo|\n|poke|p2|Darkrai|\n|poke|p2|Samurott-Hisui, M|\n|poke|p2|Raging Bolt|\n|teampreview\n|inactive|Battle timer is ON: inactive players will automatically lose when time's up. (requested by bruh_eggs)\n|c|☆bruh_eggs|Neat\n|j| kryzixz\n|\n|t:|1771264828\n|teamsize|p1|6\n|teamsize|p2|6\n|start\n|switch|p1a: Cat|Meowscarada, F|100/100\n|switch|p2a: Dark Blue Moon|Samurott-Hisui, M|100/100\n|turn|1\n|c|☆Bordercauley|thanks\n|\n|t:|1771264836\n|-terastallize|p2a: Dark Blue Moon|Poison\n|move|p1a: Cat|Spikes|p2a: Dark Blue Moon\n|-sidestart|p2: bruh_eggs|Spikes\n|move|p2a: Dark Blue Moon|Ceaseless Edge|p1a: Cat\n|-resisted|p1a: Cat\n|-damage|p1a: Cat|68/100\n|-sidestart|p1: Bordercauley|Spikes\n|\n|upkeep\n|turn|2\n|\n|t:|1771264843\n|move|p1a: Cat|Knock Off|p2a: Dark Blue Moon\n|-damage|p2a: Dark Blue Moon|63/100\n|-enditem|p2a: Dark Blue Moon|Assault Vest|[from] move: Knock Off|[of] p1a: Cat\n|move|p2a: Dark Blue Moon|Ceaseless Edge|p1a: Cat\n|-resisted|p1a: Cat\n|-damage|p1a: Cat|35/100\n|-sidestart|p1: Bordercauley|Spikes\n|\n|upkeep\n|turn|3\n|\n|t:|1771264849\n|move|p1a: Cat|Spikes|p2a: Dark Blue Moon\n|-sidestart|p2: bruh_eggs|Spikes\n|move|p2a: Dark Blue Moon|Flip Turn|p1a: Cat\n|-resisted|p1a: Cat\n|-damage|p1a: Cat|15/100\n|\n|t:|1771264855\n|switch|p2a: Forever|Rillaboom, M|100/100|[from] Flip Turn\n|-damage|p2a: Forever|84/100|[from] Spikes\n|-fieldstart|move: Grassy Terrain|[from] ability: Grassy Surge|[of] p2a: Forever\n|\n|-heal|p1a: Cat|21/100|[from] Grassy Terrain\n|-heal|p2a: Forever|90/100|[from] Grassy Terrain\n|-heal|p2a: Forever|96/100|[from] item: Leftovers\n|upkeep\n|turn|4\n|\n|t:|1771264864\n|move|p2a: Forever|Grassy Glide|p1a: Cat\n|-resisted|p1a: Cat\n|-damage|p1a: Cat|0 fnt\n|faint|p1a: Cat\n|\n|-heal|p2a: Forever|100/100|[from] Grassy Terrain\n|upkeep\n|\n|t:|1771264867\n|switch|p1a: Bird|Pelipper, M|100/100\n|-weather|RainDance|[from] ability: Drizzle|[of] p1a: Bird\n|turn|5\n|\n|t:|1771264883\n|switch|p2a: Dark Blue Moon|Samurott-Hisui, M, tera:Poison|63/100\n|-damage|p2a: Dark Blue Moon|46/100|[from] Spikes\n|move|p1a: Bird|U-turn|p2a: Dark Blue Moon\n|-resisted|p2a: Dark Blue Moon\n|-damage|p2a: Dark Blue Moon|41/100\n|\n|t:|1771264889\n|switch|p1a: Weasel|Floatzel, M|100/100|[from] U-turn\n|-damage|p1a: Weasel|84/100|[from] Spikes\n|\n|-weather|RainDance|[upkeep]\n|-heal|p1a: Weasel|90/100|[from] Grassy Terrain\n|-heal|p2a: Dark Blue Moon|47/100|[from] Grassy Terrain\n|upkeep\n|turn|6\n|\n|t:|1771264905\n|switch|p2a: Marilyn Manson|Gholdengo|100/100\n|-damage|p2a: Marilyn Manson|84/100|[from] Spikes\n|-enditem|p2a: Marilyn Manson|Grassy Seed\n|-boost|p2a: Marilyn Manson|def|1|[from] item: Grassy Seed\n|move|p1a: Weasel|Flip Turn|p2a: Marilyn Manson\n|-damage|p2a: Marilyn Manson|51/100\n|\n|t:|1771264917\n|switch|p1a: Bird2|Kilowattrel, F|100/100|[from] Flip Turn\n|\n|-weather|RainDance|[upkeep]\n|-heal|p2a: Marilyn Manson|57/100|[from] Grassy Terrain\n|upkeep\n|turn|7\n|\n|t:|1771264925\n|move|p1a: Bird2|Thunder|p2a: Marilyn Manson\n|-damage|p2a: Marilyn Manson|0 fnt\n|faint|p2a: Marilyn Manson\n|\n|-weather|RainDance|[upkeep]\n|-fieldend|move: Grassy Terrain\n|upkeep\n|\n|t:|1771264931\n|switch|p2a: Dark Blue Moon|Samurott-Hisui, M, tera:Poison|47/100\n|-damage|p2a: Dark Blue Moon|31/100|[from] Spikes\n|turn|8\n|\n|t:|1771264935\n|move|p1a: Bird2|Thunder|p2a: Dark Blue Moon\n|-damage|p2a: Dark Blue Moon|0 fnt\n|faint|p2a: Dark Blue Moon\n|\n|-weather|RainDance|[upkeep]\n|upkeep\n|\n|t:|1771264943\n|switch|p2a: Death 13|Darkrai|100/100\n|-damage|p2a: Death 13|84/100|[from] Spikes\n|turn|9\n|\n|t:|1771264949\n|move|p2a: Death 13|Ice Beam|p1a: Bird2\n|-supereffective|p1a: Bird2\n|-damage|p1a: Bird2|0 fnt\n|faint|p1a: Bird2\n|-damage|p2a: Death 13|74/100|[from] item: Life Orb\n|\n|-weather|RainDance|[upkeep]\n|upkeep\n|\n|t:|1771264955\n|switch|p1a: Weasel|Floatzel, M|90/100\n|-damage|p1a: Weasel|74/100|[from] Spikes\n|turn|10\n|\n|t:|1771264963\n|switch|p2a: Forever|Rillaboom, M|100/100\n|-damage|p2a: Forever|84/100|[from] Spikes\n|-fieldstart|move: Grassy Terrain|[from] ability: Grassy Surge|[of] p2a: Forever\n|move|p1a: Weasel|Flip Turn|p2a: Forever\n|-resisted|p2a: Forever\n|-damage|p2a: Forever|53/100\n|\n|t:|1771264971\n|switch|p1a: Bird|Pelipper, M|100/100|[from] Flip Turn\n|\n|-weather|RainDance|[upkeep]\n|-heal|p2a: Forever|59/100|[from] Grassy Terrain\n|-heal|p2a: Forever|65/100|[from] item: Leftovers\n|upkeep\n|turn|11\n|\n|t:|1771264976\n|move|p2a: Forever|Grassy Glide|p1a: Bird\n|-damage|p1a: Bird|72/100\n|move|p1a: Bird|Hurricane|p2a: Forever\n|-supereffective|p2a: Forever\n|-damage|p2a: Forever|0 fnt\n|faint|p2a: Forever\n|\n|-weather|RainDance|[upkeep]\n|upkeep\n|\n|t:|1771264979\n|switch|p2a: Scary Monsters|Raging Bolt|100/100\n|-damage|p2a: Scary Monsters|84/100|[from] Spikes\n|-enditem|p2a: Scary Monsters|Booster Energy\n|-activate|p2a: Scary Monsters|ability: Protosynthesis|[fromitem]\n|-start|p2a: Scary Monsters|protosynthesisspa\n|turn|12\n|\n|t:|1771264984\n|move|p2a: Scary Monsters|Thunderbolt|p1a: Bird\n|-supereffective|p1a: Bird\n|-damage|p1a: Bird|0 fnt\n|faint|p1a: Bird\n|\n|-weather|none\n|-heal|p2a: Scary Monsters|90/100|[from] Grassy Terrain\n|upkeep\n|\n|t:|1771265006\n|switch|p1a: Tea|Sinistcha|100/100\n|-damage|p1a: Tea|84/100|[from] Spikes\n|turn|13\n|j| Samurajen\n|\n|t:|1771265021\n|move|p2a: Scary Monsters|Draco Meteor|p1a: Tea\n|-damage|p1a: Tea|0 fnt\n|-unboost|p2a: Scary Monsters|spa|2\n|faint|p1a: Tea\n|\n|-heal|p2a: Scary Monsters|96/100|[from] Grassy Terrain\n|upkeep\n|\n|t:|1771265025\n|switch|p1a: Duck|Quaquaval, M|100/100\n|-damage|p1a: Duck|84/100|[from] Spikes\n|turn|14\n|\n|t:|1771265031\n|-terastallize|p1a: Duck|Fairy\n|move|p1a: Duck|Aqua Step|p2a: Scary Monsters\n|-resisted|p2a: Scary Monsters\n|-damage|p2a: Scary Monsters|79/100\n|-boost|p1a: Duck|spe|1\n|move|p2a: Scary Monsters|Thunderbolt|p1a: Duck\n|-crit|p1a: Duck\n|-damage|p1a: Duck|0 fnt\n|faint|p1a: Duck\n|\n|-heal|p2a: Scary Monsters|85/100|[from] Grassy Terrain\n|-fieldend|move: Grassy Terrain\n|upkeep\n|\n|t:|1771265039\n|switch|p1a: Weasel|Floatzel, M|74/100\n|-damage|p1a: Weasel|57/100|[from] Spikes\n|turn|15\n|\n|t:|1771265043\n|move|p1a: Weasel|Wave Crash|p2a: Scary Monsters\n|-resisted|p2a: Scary Monsters\n|-damage|p2a: Scary Monsters|46/100\n|-damage|p1a: Weasel|41/100|[from] Recoil\n|move|p2a: Scary Monsters|Thunderbolt|p1a: Weasel\n|-supereffective|p1a: Weasel\n|-damage|p1a: Weasel|0 fnt\n|faint|p1a: Weasel\n|\n|win|bruh_eggs\n|raw|Bordercauley's rating: 1562 &rarr; <strong>1544</strong><br />(-18 for losing)\n|raw|bruh_eggs's rating: 1589 &rarr; <strong>1607</strong><br />(+18 for winning)\n|c|☆Bordercauley|gg\n|c|☆bruh_eggs|gg\n|c| kryzixz|gg\n|c|☆bruh_eggs|gg\n|c|☆Bordercauley|gg\n|c| kryzixz|gg\n|c|☆bruh_eggs|gg\n|c|☆Bordercauley|gg\n|c| kryzixz|gg\n|l| kryzixz\n|l|☆bruh_eggs\n|player|p2|\n", "uploadtime": 1771265076, "views": 5, "formatid": "gen9ou", "rating": 1544, "private": 0, "password": null}