{"id": "gen9ou-2639204775", "format": "[Gen 9] OU", "players": ["Upper Moon 2 Doma", "YuhNinja"], "log": "|j|☆Upper Moon 2 Doma\n|j|☆YuhNinja\n|t:|1782433751\n|gametype|singles\n|player|p1|Upper Moon 2 Doma|waiter|1372\n|player|p2|YuhNinja|lusamine-nihilego|1309\n|gen|9\n|tier|[Gen 9] OU\n|rated|\n|rule|HP Percentage Mod: HP is shown in percentages\n|rule|Endless Battle Clause: Forcing endless battles is banned\n|rule|Species Clause: Limit one of each Pokémon\n|rule|OHKO Clause: OHKO moves are banned\n|rule|Evasion Items Clause: Evasion items are banned\n|rule|Evasion Moves Clause: Evasion moves are banned\n|rule|Evasion Abilities Clause: Evasion abilities are banned\n|rule|Sleep Moves Clause: Sleep-inducing moves are banned\n|clearpoke\n|poke|p1|Garganacl, F|\n|poke|p1|Iron Crown|\n|poke|p1|Rillaboom, M|\n|poke|p1|Ursaluna, M|\n|poke|p1|Glimmora, F|\n|poke|p1|Ogerpon-Wellspring, F|\n|poke|p2|Braviary-Hisui, M|\n|poke|p2|Ninetales-Alola, F|\n|poke|p2|Beartic, M|\n|poke|p2|Slowking, F|\n|poke|p2|Regieleki|\n|poke|p2|Decidueye-Hisui, M|\n|teampreview\n|inactive|Battle timer is ON: inactive players will automatically lose when time's up. (requested by YuhNinja)\n|\n|t:|1782433766\n|teamsize|p1|6\n|teamsize|p2|6\n|start\n|switch|p1a: Ogerpon|Ogerpon-Wellspring, F|100/100\n|switch|p2a: Decidueye|Decidueye-Hisui, M|100/100\n|turn|1\n|\n|t:|1782433772\n|move|p2a: Decidueye|Triple Arrows|p1a: Ogerpon\n|-damage|p1a: Ogerpon|46/100\n|-unboost|p1a: Ogerpon|def|1\n|move|p1a: Ogerpon|Play Rough|p2a: Decidueye|[miss]\n|-miss|p1a: Ogerpon|p2a: Decidueye\n|\n|upkeep\n|turn|2\n|\n|t:|1782433780\n|move|p2a: Decidueye|Triple Arrows|p1a: Ogerpon\n|-damage|p1a: Ogerpon|0 fnt\n|faint|p1a: Ogerpon\n|\n|upkeep\n|\n|t:|1782433785\n|switch|p1a: Garganacl|Garganacl, F, shiny|100/100\n|turn|3\n|\n|t:|1782433791\n|-terastallize|p1a: Garganacl|Ghost\n|move|p2a: Decidueye|Triple Arrows|p1a: Garganacl\n|-damage|p1a: Garganacl|72/100\n|-unboost|p1a: Garganacl|def|1\n|cant|p1a: Garganacl|flinch\n|\n|upkeep\n|turn|4\n|\n|t:|1782433798\n|move|p2a: Decidueye|Triple Arrows|p1a: Garganacl\n|-damage|p1a: Garganacl|32/100\n|move|p1a: Garganacl|Avalanche|p2a: Decidueye\n|-supereffective|p2a: Decidueye\n|-damage|p2a: Decidueye|15/100\n|\n|upkeep\n|turn|5\n|\n|t:|1782433805\n|move|p2a: Decidueye|Triple Arrows|p1a: Garganacl\n|-crit|p1a: Garganacl\n|-damage|p1a: Garganacl|0 fnt\n|faint|p1a: Garganacl\n|\n|upkeep\n|\n|t:|1782433809\n|switch|p1a: Iron Crown|Iron Crown|100/100\n|-enditem|p1a: Iron Crown|Booster Energy\n|-activate|p1a: Iron Crown|ability: Quark Drive|[fromitem]\n|-start|p1a: Iron Crown|quarkdrivespe\n|turn|6\n|\n|t:|1782433816\n|move|p1a: Iron Crown|Psychic Noise|p2a: Decidueye\n|-supereffective|p2a: Decidueye\n|-damage|p2a: Decidueye|0 fnt\n|faint|p2a: Decidueye\n|\n|upkeep\n|\n|t:|1782433825\n|switch|p2a: Slowking|Slowking, F|100/100\n|turn|7\n|\n|t:|1782433829\n|move|p1a: Iron Crown|Psychic Noise|p2a: Slowking\n|-resisted|p2a: Slowking\n|-damage|p2a: Slowking|88/100\n|-start|p2a: Slowking|move: Heal Block\n|-prepare|p2a: Slowking|Chilly Reception|[premajor]\n|move|p2a: Slowking|Chilly Reception|p2a: Slowking\n|-weather|Snowscape\n|\n|t:|1782433831\n|switch|p2a: Beartic|Beartic, M|100/100|[from] Chilly Reception\n|\n|-weather|Snowscape|[upkeep]\n|upkeep\n|turn|8\n|j| Waterfall324\n|\n|t:|1782433842\n|-terastallize|p2a: Beartic|Ghost\n|move|p1a: Iron Crown|Tachyon Cutter|p2a: Beartic\n|-damage|p2a: Beartic|70/100\n|-damage|p2a: Beartic|41/100\n|-hitcount|p2a: Beartic|2\n|move|p2a: Beartic|Earthquake|p1a: Iron Crown\n|-supereffective|p1a: Iron Crown\n|-damage|p1a: Iron Crown|0 fnt\n|faint|p1a: Iron Crown\n|-end|p1a: Iron Crown|Quark Drive|[silent]\n|-damage|p2a: Beartic|31/100|[from] item: Life Orb\n|\n|-weather|Snowscape|[upkeep]\n|upkeep\n|\n|t:|1782433856\n|switch|p1a: Rillaboom|Rillaboom, M|100/100\n|-fieldstart|move: Grassy Terrain|[from] ability: Grassy Surge|[of] p1a: Rillaboom\n|turn|9\n|\n|t:|1782433861\n|switch|p2a: Ninetales|Ninetales-Alola, F|100/100\n|move|p1a: Rillaboom|Grassy Glide|p2a: Ninetales\n|-damage|p2a: Ninetales|50/100\n|-damage|p1a: Rillaboom|91/100|[from] item: Life Orb\n|\n|-weather|Snowscape|[upkeep]\n|-heal|p2a: Ninetales|56/100|[from] Grassy Terrain\n|-heal|p1a: Rillaboom|97/100|[from] Grassy Terrain\n|upkeep\n|turn|10\n|\n|t:|1782433871\n|move|p1a: Rillaboom|Grassy Glide|p2a: Ninetales\n|-damage|p2a: Ninetales|0 fnt\n|faint|p2a: Ninetales\n|-damage|p1a: Rillaboom|87/100|[from] item: Life Orb\n|\n|-weather|Snowscape|[upkeep]\n|-heal|p1a: Rillaboom|93/100|[from] Grassy Terrain\n|upkeep\n|\n|t:|1782433876\n|switch|p2a: Braviary|Braviary-Hisui, M|100/100\n|turn|11\n|\n|t:|1782433887\n|move|p1a: Rillaboom|Grassy Glide|p2a: Braviary\n|-resisted|p2a: Braviary\n|-damage|p2a: Braviary|74/100\n|-damage|p1a: Rillaboom|83/100|[from] item: Life Orb\n|move|p2a: Braviary|Esper Wing|p1a: Rillaboom\n|-damage|p1a: Rillaboom|51/100\n|-boost|p2a: Braviary|spe|1\n|\n|-weather|Snowscape|[upkeep]\n|-heal|p1a: Rillaboom|57/100|[from] Grassy Terrain\n|upkeep\n|turn|12\n|\n|t:|1782433900\n|move|p1a: Rillaboom|Grassy Glide|p2a: Braviary\n|-resisted|p2a: Braviary\n|-damage|p2a: Braviary|46/100\n|-enditem|p2a: Braviary|Sitrus Berry|[eat]\n|-heal|p2a: Braviary|71/100|[from] item: Sitrus Berry\n|-damage|p1a: Rillaboom|48/100|[from] item: Life Orb\n|move|p2a: Braviary|Hurricane|p1a: Rillaboom|[miss]\n|-miss|p2a: Braviary|p1a: Rillaboom\n|\n|-weather|Snowscape|[upkeep]\n|-heal|p1a: Rillaboom|54/100|[from] Grassy Terrain\n|upkeep\n|turn|13\n|l| Waterfall324\n|\n|t:|1782433914\n|move|p1a: Rillaboom|Grassy Glide|p2a: Braviary\n|-resisted|p2a: Braviary\n|-damage|p2a: Braviary|41/100\n|-damage|p1a: Rillaboom|44/100|[from] item: Life Orb\n|move|p2a: Braviary|Hurricane|p1a: Rillaboom\n|-supereffective|p1a: Rillaboom\n|-damage|p1a: Rillaboom|0 fnt\n|faint|p1a: Rillaboom\n|\n|-weather|Snowscape|[upkeep]\n|-fieldend|move: Grassy Terrain\n|upkeep\n|\n|t:|1782433923\n|switch|p1a: Glimmora|Glimmora, F, shiny|100/100\n|turn|14\n|\n|t:|1782433929\n|move|p2a: Braviary|Roost|p2a: Braviary\n|-heal|p2a: Braviary|91/100\n|-singleturn|p2a: Braviary|move: Roost\n|move|p1a: Glimmora|Rock Polish|p1a: Glimmora\n|-boost|p1a: Glimmora|spe|2\n|\n|-weather|none\n|upkeep\n|turn|15\n|\n|t:|1782433937\n|move|p1a: Glimmora|Meteor Beam||[still]\n|-prepare|p1a: Glimmora|Meteor Beam\n|-boost|p1a: Glimmora|spa|1\n|-enditem|p1a: Glimmora|Power Herb\n|-anim|p1a: Glimmora|Meteor Beam|p2a: Braviary\n|-supereffective|p2a: Braviary\n|-damage|p2a: Braviary|0 fnt\n|faint|p2a: Braviary\n|\n|upkeep\n|\n|t:|1782433940\n|switch|p2a: Slowking|Slowking, F|100/100\n|turn|16\n|\n|t:|1782433946\n|move|p1a: Glimmora|Energy Ball|p2a: Slowking\n|-supereffective|p2a: Slowking\n|-damage|p2a: Slowking|26/100\n|move|p2a: Slowking|Scald|p1a: Glimmora\n|-supereffective|p1a: Glimmora\n|-damage|p1a: Glimmora|33/100\n|\n|upkeep\n|turn|17\n|\n|t:|1782433958\n|move|p1a: Glimmora|Earth Power|p2a: Slowking\n|-damage|p2a: Slowking|0 fnt\n|faint|p2a: Slowking\n|\n|upkeep\n|\n|t:|1782433963\n|switch|p2a: Regieleki|Regieleki|100/100\n|turn|18\n|\n|t:|1782433972\n|move|p2a: Regieleki|Volt Switch|p1a: Glimmora\n|-damage|p1a: Glimmora|0 fnt\n|faint|p1a: Glimmora\n|\n|t:|1782433975\n|switch|p2a: Beartic|Beartic, M, tera:Ghost|31/100|[from] Volt Switch\n|\n|upkeep\n|\n|t:|1782433979\n|switch|p1a: Ursaluna|Ursaluna, M|100/100\n|turn|19\n|\n|t:|1782433999\n|switch|p2a: Regieleki|Regieleki|100/100\n|move|p1a: Ursaluna|Trailblaze|p2a: Regieleki\n|-damage|p2a: Regieleki|66/100\n|-boost|p1a: Ursaluna|spe|1\n|\n|-status|p1a: Ursaluna|brn|[from] item: Flame Orb\n|upkeep\n|turn|20\n|\n|t:|1782434010\n|move|p2a: Regieleki|Reflect|p2a: Regieleki\n|-sidestart|p2: YuhNinja|Reflect\n|move|p1a: Ursaluna|Facade|p2a: Regieleki\n|-damage|p2a: Regieleki|0 fnt\n|faint|p2a: Regieleki\n|\n|-damage|p1a: Ursaluna|94/100 brn|[from] brn\n|upkeep\n|\n|t:|1782434013\n|switch|p2a: Beartic|Beartic, M, tera:Ghost|31/100\n|turn|21\n|\n|t:|1782434020\n|move|p1a: Ursaluna|Headlong Rush|p2a: Beartic\n|-damage|p2a: Beartic|0 fnt\n|-unboost|p1a: Ursaluna|def|1\n|-unboost|p1a: Ursaluna|spd|1\n|faint|p2a: Beartic\n|\n|win|Upper Moon 2 Doma\n|raw|Upper Moon 2 Doma's rating: 1372 &rarr; <strong>1388</strong><br />(+16 for winning)\n|raw|YuhNinja's rating: 1309 &rarr; <strong>1293</strong><br />(-16 for losing)\n|l|☆YuhNinja\n|player|p2|\n|l|☆Upper Moon 2 Doma\n|player|p1|\n", "uploadtime": 1782434323, "views": 7, "formatid": "gen9ou", "rating": 1293, "private": 0, "password": null}