{"id": "gen9ou-2639982501", "format": "[Gen 9] OU", "players": ["Gulptubus", "choispecs ironmoth"], "log": "|j|☆Gulptubus\n|j|☆choispecs ironmoth\n|t:|1782557788\n|gametype|singles\n|player|p1|Gulptubus|pokemonranger-gen4|1582\n|player|p2|choispecs ironmoth|steven|1732\n|gen|9\n|tier|[Gen 9] OU\n|rated|\n|rule|HP Percentage Mod: HP is shown in percentages\n|rule|Endless Battle Clause: Forcing endless battles is banned\n|rule|Species Clause: Limit one of each Pokémon\n|rule|OHKO Clause: OHKO moves are banned\n|rule|Evasion Items Clause: Evasion items are banned\n|rule|Evasion Moves Clause: Evasion moves are banned\n|rule|Evasion Abilities Clause: Evasion abilities are banned\n|rule|Sleep Moves Clause: Sleep-inducing moves are banned\n|clearpoke\n|poke|p1|Hatterene, F|\n|poke|p1|Ursaluna, M|\n|poke|p1|Porygon2|\n|poke|p1|Cresselia, F|\n|poke|p1|Iron Hands|\n|poke|p1|Volcanion|\n|poke|p2|Zamazenta-*|\n|poke|p2|Volcanion|\n|poke|p2|Ting-Lu|\n|poke|p2|Corviknight, M|\n|poke|p2|Hatterene, F|\n|poke|p2|Slowking-Galar, M|\n|teampreview\n|inactive|Battle timer is ON: inactive players will automatically lose when time's up. (requested by choispecs ironmoth)\n|\n|t:|1782557798\n|teamsize|p1|6\n|teamsize|p2|6\n|start\n|switch|p1a: Cresselia|Cresselia, F, shiny|100/100\n|switch|p2a: Volcanion|Volcanion|100/100\n|turn|1\n|\n|t:|1782557803\n|move|p2a: Volcanion|Sludge Wave|p1a: Cresselia\n|-damage|p1a: Cresselia|67/100\n|move|p1a: Cresselia|Light Screen|p1a: Cresselia\n|-sidestart|p1: Gulptubus|move: Light Screen\n|\n|upkeep\n|turn|2\n|\n|t:|1782557807\n|switch|p2a: Slowking|Slowking-Galar, M|100/100\n|move|p1a: Cresselia|Reflect|p1a: Cresselia\n|-sidestart|p1: Gulptubus|Reflect\n|\n|upkeep\n|turn|3\n|\n|t:|1782557813\n|move|p2a: Slowking|Trick|p1a: Cresselia\n|-activate|p2a: Slowking|move: Trick|[of] p1a: Cresselia\n|-item|p1a: Cresselia|Black Sludge|[from] move: Trick\n|-item|p2a: Slowking|Light Clay|[from] move: Trick\n|move|p1a: Cresselia|Trick Room|p1a: Cresselia\n|-fieldstart|move: Trick Room|[of] p1a: Cresselia\n|\n|-damage|p1a: Cresselia|54/100|[from] item: Black Sludge\n|upkeep\n|turn|4\n|\n|t:|1782557823\n|switch|p1a: Ursaluna|Ursaluna, M|100/100\n|move|p2a: Slowking|Trick|p1a: Ursaluna\n|-activate|p2a: Slowking|move: Trick|[of] p1a: Ursaluna\n|-item|p1a: Ursaluna|Light Clay|[from] move: Trick\n|-item|p2a: Slowking|Flame Orb|[from] move: Trick\n|\n|-status|p2a: Slowking|brn|[from] item: Flame Orb\n|upkeep\n|turn|5\n|\n|t:|1782557833\n|switch|p2a: Corviknight|Corviknight, M|100/100\n|-ability|p2a: Corviknight|Pressure\n|switch|p1a: Volcanion|Volcanion|100/100\n|\n|upkeep\n|turn|6\n|\n|t:|1782557840\n|switch|p2a: Slowking|Slowking-Galar, M|100/100 brn\n|move|p1a: Volcanion|Earth Power|p2a: Slowking\n|-supereffective|p2a: Slowking\n|-damage|p2a: Slowking|37/100 brn\n|\n|-damage|p2a: Slowking|31/100 brn|[from] brn\n|upkeep\n|turn|7\n|\n|t:|1782557845\n|switch|p2a: Corviknight|Corviknight, M|100/100\n|-ability|p2a: Corviknight|Pressure\n|switch|p1a: Ursaluna|Ursaluna, M|100/100\n|\n|-fieldend|move: Trick Room\n|upkeep\n|turn|8\n|\n|t:|1782557848\n|move|p2a: Corviknight|Iron Defense|p2a: Corviknight\n|-boost|p2a: Corviknight|def|2\n|move|p1a: Ursaluna|Fire Punch|p2a: Corviknight\n|-supereffective|p2a: Corviknight\n|-damage|p2a: Corviknight|82/100\n|-damage|p1a: Ursaluna|84/100|[from] item: Rocky Helmet|[of] p2a: Corviknight\n|\n|-sideend|p1: Gulptubus|move: Light Screen\n|upkeep\n|turn|9\n|\n|t:|1782557851\n|move|p2a: Corviknight|Body Press|p1a: Ursaluna\n|-supereffective|p1a: Ursaluna\n|-damage|p1a: Ursaluna|45/100\n|move|p1a: Ursaluna|Fire Punch|p2a: Corviknight\n|-supereffective|p2a: Corviknight\n|-damage|p2a: Corviknight|64/100\n|-damage|p1a: Ursaluna|28/100|[from] item: Rocky Helmet|[of] p2a: Corviknight\n|\n|-sideend|p1: Gulptubus|Reflect\n|upkeep\n|turn|10\n|\n|t:|1782557855\n|switch|p1a: Cresselia|Cresselia, F, shiny|54/100\n|move|p2a: Corviknight|Body Press|p1a: Cresselia\n|-resisted|p1a: Cresselia\n|-damage|p1a: Cresselia|39/100\n|\n|-damage|p1a: Cresselia|27/100|[from] item: Black Sludge\n|upkeep\n|turn|11\n|\n|t:|1782557858\n|move|p1a: Cresselia|Reflect|p1a: Cresselia\n|-sidestart|p1: Gulptubus|Reflect\n|move|p2a: Corviknight|Body Press|p1a: Cresselia\n|-resisted|p1a: Cresselia\n|-damage|p1a: Cresselia|19/100\n|\n|-damage|p1a: Cresselia|7/100|[from] item: Black Sludge\n|upkeep\n|turn|12\n|\n|t:|1782557861\n|move|p2a: Corviknight|Body Press|p1a: Cresselia\n|-resisted|p1a: Cresselia\n|-damage|p1a: Cresselia|0 fnt\n|faint|p1a: Cresselia\n|\n|upkeep\n|j| firecharmander004\n|\n|t:|1782557865\n|switch|p1a: Volcanion|Volcanion|100/100\n|turn|13\n|\n|t:|1782557869\n|switch|p2a: Slowking|Slowking-Galar, M|64/100 brn\n|move|p1a: Volcanion|Flamethrower|p2a: Slowking\n|-damage|p2a: Slowking|22/100 brn\n|\n|-damage|p2a: Slowking|15/100 brn|[from] brn\n|upkeep\n|turn|14\n|\n|t:|1782557876\n|switch|p2a: Volcanion|Volcanion|100/100\n|move|p1a: Volcanion|Flamethrower|p2a: Volcanion\n|-resisted|p2a: Volcanion\n|-damage|p2a: Volcanion|75/100\n|\n|upkeep\n|turn|15\n|\n|t:|1782557881\n|switch|p1a: Ursaluna|Ursaluna, M|28/100\n|move|p2a: Volcanion|Earth Power|p1a: Ursaluna\n|-damage|p1a: Ursaluna|0 fnt\n|faint|p1a: Ursaluna\n|\n|-sideend|p1: Gulptubus|Reflect\n|upkeep\n|\n|t:|1782557883\n|switch|p1a: Hatterene|Hatterene, F, shiny|100/100\n|turn|16\n|\n|t:|1782557887\n|move|p2a: Volcanion|Earth Power|p1a: Hatterene\n|-damage|p1a: Hatterene|48/100\n|move|p1a: Hatterene|Trick Room|p1a: Hatterene\n|-fieldstart|move: Trick Room|[of] p1a: Hatterene\n|\n|upkeep\n|turn|17\n|\n|t:|1782557900\n|move|p1a: Hatterene|Healing Wish|p1a: Hatterene\n|faint|p1a: Hatterene\n|move|p2a: Volcanion|Earth Power|p1: Hatterene|[notarget]\n|-fail|p2a: Volcanion\n|\n|upkeep\n|\n|t:|1782557904\n|switch|p1a: Iron Hands|Iron Hands|100/100\n|-enditem|p1a: Iron Hands|Booster Energy\n|-activate|p1a: Iron Hands|ability: Quark Drive|[fromitem]\n|-start|p1a: Iron Hands|quarkdriveatk\n|turn|18\n|l|☆choispecs ironmoth\n|inactive|choispecs ironmoth disconnected and has a minute to reconnect!\n|player|p2|\n|j|☆choispecs ironmoth\n|inactive|choispecs ironmoth reconnected and has 145 seconds left.\n|player|p2|choispecs ironmoth|steven|\n|\n|t:|1782557917\n|-terastallize|p2a: Volcanion|Ground\n|move|p1a: Iron Hands|Swords Dance|p1a: Iron Hands\n|-boost|p1a: Iron Hands|atk|2\n|move|p2a: Volcanion|Earth Power|p1a: Iron Hands\n|-supereffective|p1a: Iron Hands\n|-damage|p1a: Iron Hands|0 fnt\n|faint|p1a: Iron Hands\n|-end|p1a: Iron Hands|Quark Drive|[silent]\n|\n|upkeep\n|\n|t:|1782557933\n|switch|p1a: Volcanion|Volcanion|100/100\n|turn|19\n|\n|t:|1782557937\n|move|p1a: Volcanion|Flamethrower|p2a: Volcanion\n|-damage|p2a: Volcanion|0 fnt\n|faint|p2a: Volcanion\n|\n|upkeep\n|\n|t:|1782557943\n|switch|p2a: Ting-Lu|Ting-Lu|100/100\n|-ability|p2a: Ting-Lu|Vessel of Ruin\n|turn|20\n|\n|t:|1782557946\n|switch|p1a: Porygon2|Porygon2|100/100\n|-ability|p1a: Porygon2|Download|boost\n|-boost|p1a: Porygon2|spa|1\n|move|p2a: Ting-Lu|Earthquake|p1a: Porygon2\n|-damage|p1a: Porygon2|78/100\n|\n|-fieldend|move: Trick Room\n|upkeep\n|turn|21\n|\n|t:|1782557949\n|switch|p2a: Zamazenta|Zamazenta|100/100\n|-ability|p2a: Zamazenta|Dauntless Shield|boost\n|-boost|p2a: Zamazenta|def|1\n|move|p1a: Porygon2|Trick Room|p1a: Porygon2\n|-fieldstart|move: Trick Room|[of] p1a: Porygon2\n|\n|upkeep\n|turn|22\n|\n|t:|1782557956\n|move|p1a: Porygon2|Tri Attack|p2a: Zamazenta\n|-damage|p2a: Zamazenta|48/100\n|move|p2a: Zamazenta|Close Combat|p1a: Porygon2\n|-supereffective|p1a: Porygon2\n|-damage|p1a: Porygon2|0 fnt\n|-unboost|p2a: Zamazenta|def|1\n|-unboost|p2a: Zamazenta|spd|1\n|faint|p1a: Porygon2\n|\n|upkeep\n|\n|t:|1782557959\n|switch|p1a: Volcanion|Volcanion|100/100\n|turn|23\n|\n|t:|1782557963\n|switch|p2a: Corviknight|Corviknight, M|64/100\n|-ability|p2a: Corviknight|Pressure\n|move|p1a: Volcanion|Steam Eruption|p2a: Corviknight\n|-damage|p2a: Corviknight|0 fnt\n|faint|p2a: Corviknight\n|\n|upkeep\n|\n|t:|1782557974\n|switch|p2a: Slowking|Slowking-Galar, M|49/100 brn\n|turn|24\n|\n|t:|1782557978\n|switch|p2a: Hatterene|Hatterene, F|100/100\n|-terastallize|p1a: Volcanion|Water\n|move|p1a: Volcanion|Steam Eruption|p2a: Hatterene\n|-damage|p2a: Hatterene|0 fnt\n|faint|p2a: Hatterene\n|\n|upkeep\n|\n|t:|1782557986\n|switch|p2a: Slowking|Slowking-Galar, M|82/100 brn\n|turn|25\n|\n|t:|1782557988\n|move|p2a: Slowking|Sludge Bomb|p1a: Volcanion\n|-damage|p1a: Volcanion|69/100\n|move|p1a: Volcanion|Steam Eruption|p2a: Slowking\n|-damage|p2a: Slowking|13/100 brn\n|\n|-damage|p2a: Slowking|7/100 brn|[from] brn\n|-fieldend|move: Trick Room\n|upkeep\n|turn|26\n|\n|t:|1782557994\n|move|p1a: Volcanion|Steam Eruption|p2a: Slowking\n|-damage|p2a: Slowking|0 fnt\n|faint|p2a: Slowking\n|\n|upkeep\n|\n|t:|1782557997\n|switch|p2a: Ting-Lu|Ting-Lu|100/100\n|-ability|p2a: Ting-Lu|Vessel of Ruin\n|turn|27\n|\n|t:|1782557999\n|move|p1a: Volcanion|Steam Eruption|p2a: Ting-Lu\n|-supereffective|p2a: Ting-Lu\n|-damage|p2a: Ting-Lu|0 fnt\n|faint|p2a: Ting-Lu\n|\n|upkeep\n|\n|t:|1782558002\n|switch|p2a: Zamazenta|Zamazenta|48/100\n|turn|28\n|\n|t:|1782558004\n|move|p2a: Zamazenta|Close Combat|p1a: Volcanion\n|-damage|p1a: Volcanion|0 fnt\n|-unboost|p2a: Zamazenta|def|1\n|-unboost|p2a: Zamazenta|spd|1\n|faint|p1a: Volcanion\n|\n|win|choispecs ironmoth\n|raw|Gulptubus's rating: 1582 &rarr; <strong>1570</strong><br />(-12 for losing)\n|raw|choispecs ironmoth's rating: 1732 &rarr; <strong>1744</strong><br />(+12 for winning)\n|l|☆Gulptubus\n|player|p1|\n|l|☆choispecs ironmoth\n|player|p2|\n|j|☆choispecs ironmoth\n|player|p2|choispecs ironmoth|steven|\n", "uploadtime": 1782558012, "views": 10, "formatid": "gen9ou", "rating": 1570, "private": 0, "password": null}