{"id": "gen9ou-2540748252", "format": "[Gen 9] OU", "players": ["GavilarKholin", "Henrianiac"], "log": "|j|☆GavilarKholin\n|j|☆Henrianiac\n|t:|1771249330\n|gametype|singles\n|player|p1|GavilarKholin|fantina|1672\n|player|p2|Henrianiac|miku-flying|1682\n|gen|9\n|tier|[Gen 9] OU\n|rated|\n|rule|HP Percentage Mod: HP is shown in percentages\n|rule|Endless Battle Clause: Forcing endless battles is banned\n|rule|Species Clause: Limit one of each Pokémon\n|rule|OHKO Clause: OHKO moves are banned\n|rule|Evasion Items Clause: Evasion items are banned\n|rule|Evasion Moves Clause: Evasion moves are banned\n|rule|Evasion Abilities Clause: Evasion abilities are banned\n|rule|Sleep Moves Clause: Sleep-inducing moves are banned\n|clearpoke\n|poke|p1|Weavile, M|\n|poke|p1|Alomomola, F|\n|poke|p1|Iron Crown|\n|poke|p1|Zamazenta-*|\n|poke|p1|Pecharunt|\n|poke|p1|Gliscor, F|\n|poke|p2|Glimmora, M|\n|poke|p2|Iron Valiant|\n|poke|p2|Kyurem|\n|poke|p2|Landorus-Therian, M|\n|poke|p2|Cinderace, M|\n|poke|p2|Kingambit, F|\n|teampreview\n|\n|t:|1771249336\n|teamsize|p1|6\n|teamsize|p2|6\n|start\n|switch|p1a: Iron Crown|Iron Crown|100/100\n|switch|p2a: Kyurem|Kyurem|100/100\n|-ability|p2a: Kyurem|Pressure\n|turn|1\n|\n|t:|1771249343\n|-terastallize|p1a: Iron Crown|Steel\n|-terastallize|p2a: Kyurem|Ground\n|move|p1a: Iron Crown|Tachyon Cutter|p2a: Kyurem\n|-damage|p2a: Kyurem|70/100\n|-damage|p2a: Kyurem|40/100\n|-hitcount|p2a: Kyurem|2\n|move|p2a: Kyurem|Earth Power|p1a: Iron Crown\n|-supereffective|p1a: Iron Crown\n|-damage|p1a: Iron Crown|3/100\n|\n|upkeep\n|turn|2\n|\n|t:|1771249357\n|switch|p2a: Cinderace|Cinderace, M|100/100\n|move|p1a: Iron Crown|Tachyon Cutter|p2a: Cinderace\n|-resisted|p2a: Cinderace\n|-damage|p2a: Cinderace|65/100\n|-resisted|p2a: Cinderace\n|-damage|p2a: Cinderace|31/100\n|-hitcount|p2a: Cinderace|2\n|\n|upkeep\n|turn|3\n|\n|t:|1771249360\n|-end|p1a: Iron Crown|Quark Drive|[silent]\n|switch|p1a: Alomomola|Alomomola, F|100/100\n|move|p2a: Cinderace|U-turn|p1a: Alomomola\n|-start|p2a: Cinderace|typechange|Bug|[from] ability: Libero\n|-damage|p1a: Alomomola|74/100\n|\n|t:|1771249367\n|switch|p2a: Landorus|Landorus-Therian, M|100/100|[from] U-turn\n|-ability|p2a: Landorus|Intimidate|boost\n|-unboost|p1a: Alomomola|atk|1\n|\n|upkeep\n|turn|4\n|\n|t:|1771249370\n|move|p2a: Landorus|Stealth Rock|p1a: Alomomola\n|-sidestart|p1: GavilarKholin|move: Stealth Rock\n|move|p1a: Alomomola|Wish|p1a: Alomomola\n|\n|upkeep\n|turn|5\n|\n|t:|1771249381\n|move|p2a: Landorus|Earth Power|p1a: Alomomola\n|-damage|p1a: Alomomola|48/100\n|move|p1a: Alomomola|Flip Turn|p2a: Landorus\n|-supereffective|p2a: Landorus\n|-damage|p2a: Landorus|84/100\n|-damage|p1a: Alomomola|32/100|[from] item: Rocky Helmet|[of] p2a: Landorus\n|\n|t:|1771249386\n|switch|p1a: Weavile|Weavile, M|100/100|[from] Flip Turn\n|-ability|p1a: Weavile|Pressure\n|\n|upkeep\n|turn|6\n|\n|t:|1771249394\n|move|p1a: Weavile|Triple Axel|p2a: Landorus|[miss]\n|-miss|p1a: Weavile|p2a: Landorus\n|move|p2a: Landorus|U-turn|p1a: Weavile\n|-supereffective|p1a: Weavile\n|-damage|p1a: Weavile|28/100\n|\n|t:|1771249397\n|switch|p2a: Glimmora|Glimmora, M|100/100|[from] U-turn\n|\n|upkeep\n|turn|7\n|\n|t:|1771249401\n|switch|p1a: Gliscor|Gliscor, F|100/100\n|-damage|p1a: Gliscor|88/100|[from] Stealth Rock\n|move|p2a: Glimmora|Earth Power|p1a: Gliscor\n|-immune|p1a: Gliscor\n|\n|-status|p1a: Gliscor|tox|[from] item: Toxic Orb\n|upkeep\n|turn|8\n|\n|t:|1771249406\n|switch|p2a: Kyurem|Kyurem, tera:Ground|40/100\n|-ability|p2a: Kyurem|Pressure\n|move|p1a: Gliscor|Earthquake|p2a: Kyurem\n|-damage|p2a: Kyurem|13/100\n|\n|-heal|p1a: Gliscor|100/100 tox|[from] ability: Poison Heal\n|upkeep\n|turn|9\n|\n|t:|1771249411\n|move|p1a: Gliscor|Protect|p1a: Gliscor\n|-singleturn|p1a: Gliscor|Protect\n|move|p2a: Kyurem|Ice Beam|p1a: Gliscor\n|-activate|p1a: Gliscor|move: Protect\n|\n|upkeep\n|turn|10\n|\n|t:|1771249415\n|switch|p1a: Alomomola|Alomomola, F|65/100\n|move|p2a: Kyurem|Freeze-Dry|p1a: Alomomola\n|-supereffective|p1a: Alomomola\n|-damage|p1a: Alomomola|6/100\n|\n|upkeep\n|turn|11\n|\n|t:|1771249425\n|switch|p1a: Iron Crown|Iron Crown, tera:Steel|3/100\n|-damage|p1a: Iron Crown|0 fnt|[from] Stealth Rock\n|faint|p1a: Iron Crown\n|-end|p1a: Iron Crown|Quark Drive|[silent]\n|move|p2a: Kyurem|Ice Beam|p1: Iron Crown|[notarget]\n|-fail|p2a: Kyurem\n|\n|upkeep\n|\n|t:|1771249426\n|switch|p1a: Weavile|Weavile, M|28/100\n|-ability|p1a: Weavile|Pressure\n|turn|12\n|\n|t:|1771249429\n|switch|p2a: Landorus|Landorus-Therian, M|84/100\n|-ability|p2a: Landorus|Intimidate|boost\n|-unboost|p1a: Weavile|atk|1\n|move|p1a: Weavile|Knock Off|p2a: Landorus\n|-damage|p2a: Landorus|63/100\n|-damage|p1a: Weavile|12/100|[from] item: Rocky Helmet|[of] p2a: Landorus\n|-enditem|p2a: Landorus|Rocky Helmet|[from] move: Knock Off|[of] p1a: Weavile\n|\n|upkeep\n|turn|13\n|\n|t:|1771249434\n|switch|p2a: Cinderace|Cinderace, M|31/100\n|move|p1a: Weavile|Triple Axel|p2a: Cinderace\n|-resisted|p2a: Cinderace\n|-damage|p2a: Cinderace|26/100\n|-resisted|p2a: Cinderace\n|-damage|p2a: Cinderace|16/100\n|-resisted|p2a: Cinderace\n|-damage|p2a: Cinderace|2/100\n|-hitcount|p2a: Cinderace|3\n|\n|upkeep\n|turn|14\n|\n|t:|1771249436\n|move|p1a: Weavile|Ice Shard|p2a: Cinderace\n|-resisted|p2a: Cinderace\n|-damage|p2a: Cinderace|0 fnt\n|faint|p2a: Cinderace\n|\n|upkeep\n|\n|t:|1771249438\n|switch|p2a: Landorus|Landorus-Therian, M|63/100\n|-ability|p2a: Landorus|Intimidate|boost\n|-unboost|p1a: Weavile|atk|1\n|turn|15\n|\n|t:|1771249444\n|move|p1a: Weavile|Triple Axel|p2a: Landorus\n|-supereffective|p2a: Landorus\n|-damage|p2a: Landorus|46/100\n|-supereffective|p2a: Landorus\n|-damage|p2a: Landorus|20/100\n|-supereffective|p2a: Landorus\n|-damage|p2a: Landorus|0 fnt\n|faint|p2a: Landorus\n|-hitcount|p2: Landorus|3\n|\n|upkeep\n|\n|t:|1771249455\n|switch|p2a: Iron Valiant|Iron Valiant|100/100\n|-enditem|p2a: Iron Valiant|Booster Energy\n|-activate|p2a: Iron Valiant|ability: Quark Drive|[fromitem]\n|-start|p2a: Iron Valiant|quarkdrivespe\n|turn|16\n|\n|t:|1771249464\n|switch|p1a: Pecharunt|Pecharunt|100/100\n|move|p2a: Iron Valiant|Swords Dance|p2a: Iron Valiant\n|-boost|p2a: Iron Valiant|atk|2\n|\n|upkeep\n|turn|17\n|\n|t:|1771249467\n|move|p2a: Iron Valiant|Knock Off|p1a: Pecharunt\n|-supereffective|p1a: Pecharunt\n|-damage|p1a: Pecharunt|26/100\n|-enditem|p1a: Pecharunt|Heavy-Duty Boots|[from] move: Knock Off|[of] p2a: Iron Valiant\n|move|p1a: Pecharunt|Malignant Chain|p2a: Iron Valiant\n|-supereffective|p2a: Iron Valiant\n|-damage|p2a: Iron Valiant|0 fnt\n|faint|p2a: Iron Valiant\n|-end|p2a: Iron Valiant|Quark Drive|[silent]\n|\n|upkeep\n|\n|t:|1771249472\n|switch|p2a: Kyurem|Kyurem, tera:Ground|13/100\n|-ability|p2a: Kyurem|Pressure\n|turn|18\n|j| Counting Orthworms\n|l| Counting Orthworms\n|\n|t:|1771249485\n|move|p1a: Pecharunt|Foul Play|p2a: Kyurem\n|-damage|p2a: Kyurem|0 fnt\n|faint|p2a: Kyurem\n|\n|upkeep\n|\n|t:|1771249488\n|switch|p2a: Kingambit|Kingambit, F|100/100\n|-activate|p2a: Kingambit|ability: Supreme Overlord\n|-start|p2a: Kingambit|fallen4|[silent]\n|turn|19\n|\n|t:|1771249492\n|move|p1a: Pecharunt|Parting Shot|p2a: Kingambit\n|-unboost|p2a: Kingambit|atk|1\n|-unboost|p2a: Kingambit|spa|1\n|\n|t:|1771249494\n|switch|p1a: Zamazenta|Zamazenta|100/100|[from] Parting Shot\n|-ability|p1a: Zamazenta|Dauntless Shield|boost\n|-boost|p1a: Zamazenta|def|1\n|move|p2a: Kingambit|Kowtow Cleave|p1a: Zamazenta\n|-resisted|p1a: Zamazenta\n|-damage|p1a: Zamazenta|84/100\n|\n|upkeep\n|turn|20\n|\n|t:|1771249495\n|-end|p2a: Kingambit|fallen4|[silent]\n|switch|p2a: Glimmora|Glimmora, M|100/100\n|move|p1a: Zamazenta|Close Combat|p2a: Glimmora\n|-crit|p2a: Glimmora\n|-damage|p2a: Glimmora|0 fnt\n|-unboost|p1a: Zamazenta|def|1\n|-unboost|p1a: Zamazenta|spd|1\n|-activate|p2a: Glimmora|ability: Toxic Debris\n|-sidestart|p1: GavilarKholin|move: Toxic Spikes\n|faint|p2a: Glimmora\n|\n|upkeep\n|\n|t:|1771249498\n|switch|p2a: Kingambit|Kingambit, F|100/100\n|-activate|p2a: Kingambit|ability: Supreme Overlord\n|-start|p2a: Kingambit|fallen5|[silent]\n|turn|21\n|\n|t:|1771249503\n|move|p2a: Kingambit|Sucker Punch|p1a: Zamazenta\n|-resisted|p1a: Zamazenta\n|-damage|p1a: Zamazenta|52/100\n|move|p1a: Zamazenta|Close Combat|p2a: Kingambit\n|-supereffective|p2a: Kingambit\n|-damage|p2a: Kingambit|0 fnt\n|-unboost|p1a: Zamazenta|def|1\n|-unboost|p1a: Zamazenta|spd|1\n|faint|p2a: Kingambit\n|-end|p2a: Kingambit|fallen5|[silent]\n|\n|win|GavilarKholin\n|raw|GavilarKholin's rating: 1672 &rarr; <strong>1693</strong><br />(+21 for winning)\n|raw|Henrianiac's rating: 1682 &rarr; <strong>1661</strong><br />(-21 for losing)\n|l|☆GavilarKholin\n|player|p1|\n|l|☆Henrianiac\n|player|p2|\n", "uploadtime": 1771249692, "views": 16, "formatid": "gen9ou", "rating": 1661, "private": 0, "password": null}