{"id": "gen9ou-2540590650", "format": "[Gen 9] OU", "players": ["zg4h11", "GummyDeino"], "log": "|j|☆zg4h11\n|j|☆GummyDeino\n|t:|1771223115\n|gametype|singles\n|player|p1|zg4h11|102|1620\n|player|p2|GummyDeino|lady|1623\n|gen|9\n|tier|[Gen 9] OU\n|rated|\n|rule|HP Percentage Mod: HP is shown in percentages\n|rule|Endless Battle Clause: Forcing endless battles is banned\n|rule|Species Clause: Limit one of each Pokémon\n|rule|OHKO Clause: OHKO moves are banned\n|rule|Evasion Items Clause: Evasion items are banned\n|rule|Evasion Moves Clause: Evasion moves are banned\n|rule|Evasion Abilities Clause: Evasion abilities are banned\n|rule|Sleep Moves Clause: Sleep-inducing moves are banned\n|clearpoke\n|poke|p1|Corviknight, F|\n|poke|p1|Darkrai|\n|poke|p1|Ogerpon-Wellspring, F|\n|poke|p1|Thundurus-Therian, M|\n|poke|p1|Tyranitar, M|\n|poke|p1|Clefable, M|\n|poke|p2|Iron Valiant|\n|poke|p2|Great Tusk|\n|poke|p2|Dragonite, M|\n|poke|p2|Deoxys-Speed|\n|poke|p2|Glimmora, M|\n|poke|p2|Kingambit, M|\n|teampreview\n|inactive|Battle timer is ON: inactive players will automatically lose when time's up. (requested by GummyDeino)\n|\n|t:|1771223128\n|teamsize|p1|6\n|teamsize|p2|6\n|start\n|switch|p1a: Darkrai|Darkrai|100/100\n|switch|p2a: Limitless|Deoxys-Speed|100/100\n|-ability|p2a: Limitless|Pressure\n|turn|1\n|\n|t:|1771223134\n|move|p1a: Darkrai|Dark Pulse|p2a: Limitless\n|-supereffective|p2a: Limitless\n|-damage|p2a: Limitless|0 fnt\n|faint|p2a: Limitless\n|\n|upkeep\n|\n|t:|1771223140\n|switch|p2a: Behemoth|Great Tusk, shiny|100/100\n|-enditem|p2a: Behemoth|Booster Energy\n|-activate|p2a: Behemoth|ability: Protosynthesis|[fromitem]\n|-start|p2a: Behemoth|protosynthesisspe\n|turn|2\n|\n|t:|1771223149\n|switch|p1a: Clefable|Clefable, M|100/100\n|move|p2a: Behemoth|Bulk Up|p2a: Behemoth\n|-boost|p2a: Behemoth|atk|1\n|-boost|p2a: Behemoth|def|1\n|\n|upkeep\n|turn|3\n|\n|t:|1771223156\n|move|p2a: Behemoth|Headlong Rush|p1a: Clefable\n|-damage|p1a: Clefable|60/100\n|-unboost|p2a: Behemoth|def|1\n|-unboost|p2a: Behemoth|spd|1\n|move|p1a: Clefable|Moonblast|p2a: Behemoth\n|-supereffective|p2a: Behemoth\n|-damage|p2a: Behemoth|20/100\n|\n|-heal|p1a: Clefable|66/100|[from] item: Leftovers\n|upkeep\n|turn|4\n|\n|t:|1771223167\n|-end|p2a: Behemoth|Protosynthesis|[silent]\n|switch|p2a: Granite|Glimmora, M, shiny|100/100\n|switch|p1a: Corviknight|Corviknight, F|100/100\n|-ability|p1a: Corviknight|Pressure\n|\n|upkeep\n|turn|5\n|\n|t:|1771223185\n|switch|p1a: Tyranitar|Tyranitar, M|100/100\n|-weather|Sandstorm|[from] ability: Sand Stream|[of] p1a: Tyranitar\n|move|p2a: Granite|Meteor Beam||[still]\n|-prepare|p2a: Granite|Meteor Beam\n|-boost|p2a: Granite|spa|1\n|-enditem|p2a: Granite|Power Herb\n|-anim|p2a: Granite|Meteor Beam|p1a: Tyranitar\n|-damage|p1a: Tyranitar|64/100\n|\n|-weather|Sandstorm|[upkeep]\n|upkeep\n|turn|6\n|\n|t:|1771223195\n|move|p2a: Granite|Stealth Rock|p1a: Tyranitar\n|-sidestart|p1: zg4h11|move: Stealth Rock\n|move|p1a: Tyranitar|Iron Head|p2a: Granite\n|-supereffective|p2a: Granite\n|-crit|p2a: Granite\n|-damage|p2a: Granite|0 fnt\n|-activate|p2a: Granite|ability: Toxic Debris\n|-sidestart|p1: zg4h11|move: Toxic Spikes\n|faint|p2a: Granite\n|\n|-weather|Sandstorm|[upkeep]\n|upkeep\n|\n|t:|1771223204\n|switch|p2a: Terminator|Iron Valiant, shiny|100/100\n|-enditem|p2a: Terminator|Booster Energy\n|-activate|p2a: Terminator|ability: Quark Drive|[fromitem]\n|-start|p2a: Terminator|quarkdrivespe\n|turn|7\n|\n|t:|1771223218\n|move|p2a: Terminator|Close Combat|p1a: Tyranitar\n|-supereffective|p1a: Tyranitar\n|-damage|p1a: Tyranitar|0 fnt\n|-unboost|p2a: Terminator|def|1\n|-unboost|p2a: Terminator|spd|1\n|faint|p1a: Tyranitar\n|\n|-weather|Sandstorm|[upkeep]\n|-damage|p2a: Terminator|94/100|[from] Sandstorm\n|upkeep\n|\n|t:|1771223227\n|switch|p1a: Corviknight|Corviknight, F|100/100\n|-damage|p1a: Corviknight|88/100|[from] Stealth Rock\n|-ability|p1a: Corviknight|Pressure\n|turn|8\n|\n|t:|1771223233\n|move|p2a: Terminator|Knock Off|p1a: Corviknight\n|-damage|p1a: Corviknight|70/100\n|-damage|p2a: Terminator|78/100|[from] item: Rocky Helmet|[of] p1a: Corviknight\n|-enditem|p1a: Corviknight|Rocky Helmet|[from] move: Knock Off|[of] p2a: Terminator\n|move|p1a: Corviknight|Defog|p2a: Terminator\n|-unboost|p2a: Terminator|evasion|1\n|-sideend|p1: zg4h11|Toxic Spikes|[from] move: Defog|[of] p1a: Corviknight\n|-sideend|p1: zg4h11|Stealth Rock|[from] move: Defog|[of] p1a: Corviknight\n|\n|-weather|Sandstorm|[upkeep]\n|-damage|p2a: Terminator|71/100|[from] Sandstorm\n|upkeep\n|turn|9\n|\n|t:|1771223243\n|move|p2a: Terminator|Close Combat|p1a: Corviknight\n|-damage|p1a: Corviknight|39/100\n|-unboost|p2a: Terminator|def|1\n|-unboost|p2a: Terminator|spd|1\n|move|p1a: Corviknight|Roost|p1a: Corviknight\n|-heal|p1a: Corviknight|89/100\n|-singleturn|p1a: Corviknight|move: Roost\n|\n|-weather|none\n|upkeep\n|turn|10\n|\n|t:|1771223252\n|move|p2a: Terminator|Close Combat|p1a: Corviknight\n|-damage|p1a: Corviknight|57/100\n|-unboost|p2a: Terminator|def|1\n|-unboost|p2a: Terminator|spd|1\n|move|p1a: Corviknight|Roost|p1a: Corviknight\n|-heal|p1a: Corviknight|100/100\n|-singleturn|p1a: Corviknight|move: Roost\n|\n|upkeep\n|turn|11\n|\n|t:|1771223261\n|move|p2a: Terminator|Close Combat|p1a: Corviknight\n|-damage|p1a: Corviknight|69/100\n|-unboost|p2a: Terminator|def|1\n|-unboost|p2a: Terminator|spd|1\n|move|p1a: Corviknight|Brave Bird|p2a: Terminator\n|-supereffective|p2a: Terminator\n|-damage|p2a: Terminator|0 fnt\n|faint|p2a: Terminator\n|-end|p2a: Terminator|Quark Drive|[silent]\n|-damage|p1a: Corviknight|52/100|[from] Recoil\n|\n|upkeep\n|\n|t:|1771223271\n|switch|p2a: Behemoth|Great Tusk, shiny|20/100\n|turn|12\n|\n|t:|1771223276\n|move|p2a: Behemoth|Taunt|p1a: Corviknight\n|-start|p1a: Corviknight|move: Taunt\n|cant|p1a: Corviknight|move: Taunt|Roost\n|\n|upkeep\n|turn|13\n|\n|t:|1771223284\n|move|p2a: Behemoth|Head Smash|p1a: Corviknight\n|-damage|p1a: Corviknight|24/100\n|-damage|p2a: Behemoth|7/100|[from] Recoil\n|move|p1a: Corviknight|Brave Bird|p2a: Behemoth\n|-supereffective|p2a: Behemoth\n|-damage|p2a: Behemoth|0 fnt\n|faint|p2a: Behemoth\n|-end|p2a: Behemoth|Protosynthesis|[silent]\n|-damage|p1a: Corviknight|22/100|[from] Recoil\n|\n|upkeep\n|\n|t:|1771223293\n|switch|p2a: Mahoraga|Dragonite, M|100/100\n|turn|14\n|\n|t:|1771223304\n|move|p2a: Mahoraga|Dragon Dance|p2a: Mahoraga\n|-boost|p2a: Mahoraga|atk|1\n|-boost|p2a: Mahoraga|spe|1\n|move|p1a: Corviknight|Brave Bird|p2a: Mahoraga\n|-damage|p2a: Mahoraga|80/100\n|-damage|p1a: Corviknight|16/100|[from] Recoil\n|\n|-heal|p2a: Mahoraga|86/100|[from] item: Leftovers\n|-end|p1a: Corviknight|move: Taunt\n|upkeep\n|turn|15\n|\n|t:|1771223317\n|move|p2a: Mahoraga|Dragon Dance|p2a: Mahoraga\n|-boost|p2a: Mahoraga|atk|1\n|-boost|p2a: Mahoraga|spe|1\n|move|p1a: Corviknight|Roost|p1a: Corviknight\n|-heal|p1a: Corviknight|66/100\n|-singleturn|p1a: Corviknight|move: Roost\n|\n|-heal|p2a: Mahoraga|92/100|[from] item: Leftovers\n|upkeep\n|turn|16\n|\n|t:|1771223326\n|switch|p1a: Clefable|Clefable, M|66/100\n|move|p2a: Mahoraga|Dragon Dance|p2a: Mahoraga\n|-boost|p2a: Mahoraga|atk|1\n|-boost|p2a: Mahoraga|spe|1\n|\n|-heal|p2a: Mahoraga|99/100|[from] item: Leftovers\n|-heal|p1a: Clefable|72/100|[from] item: Leftovers\n|upkeep\n|turn|17\n|\n|t:|1771223335\n|-terastallize|p2a: Mahoraga|Flying\n|move|p2a: Mahoraga|Tera Blast|p1a: Clefable|[anim] Tera Blast Flying\n|-damage|p1a: Clefable|26/100\n|move|p1a: Clefable|Wish|p1a: Clefable\n|\n|-heal|p2a: Mahoraga|100/100|[from] item: Leftovers\n|-heal|p1a: Clefable|32/100|[from] item: Leftovers\n|upkeep\n|turn|18\n|\n|t:|1771223342\n|move|p1a: Clefable|Protect|p1a: Clefable\n|-singleturn|p1a: Clefable|Protect\n|move|p2a: Mahoraga|Tera Blast|p1a: Clefable|[anim] Tera Blast Flying\n|-activate|p1a: Clefable|move: Protect\n|\n|-heal|p1a: Clefable|82/100|[from] move: Wish|[wisher] Clefable\n|-heal|p1a: Clefable|88/100|[from] item: Leftovers\n|upkeep\n|turn|19\n|\n|t:|1771223351\n|move|p2a: Mahoraga|Tera Blast|p1a: Clefable|[anim] Tera Blast Flying\n|-damage|p1a: Clefable|42/100\n|move|p1a: Clefable|Wish|p1a: Clefable\n|\n|-heal|p1a: Clefable|48/100|[from] item: Leftovers\n|upkeep\n|turn|20\n|\n|t:|1771223358\n|move|p1a: Clefable|Protect|p1a: Clefable\n|-singleturn|p1a: Clefable|Protect\n|move|p2a: Mahoraga|Dragon Dance|p2a: Mahoraga\n|-boost|p2a: Mahoraga|atk|1\n|-boost|p2a: Mahoraga|spe|1\n|\n|-heal|p1a: Clefable|98/100|[from] move: Wish|[wisher] Clefable\n|-heal|p1a: Clefable|100/100|[from] item: Leftovers\n|upkeep\n|turn|21\n|\n|t:|1771223367\n|move|p2a: Mahoraga|Tera Blast|p1a: Clefable|[anim] Tera Blast Flying\n|-damage|p1a: Clefable|53/100\n|move|p1a: Clefable|Thunder Wave|p2a: Mahoraga\n|-status|p2a: Mahoraga|par\n|\n|-heal|p1a: Clefable|59/100|[from] item: Leftovers\n|upkeep\n|turn|22\n|\n|t:|1771223375\n|move|p1a: Clefable|Protect|p1a: Clefable\n|-singleturn|p1a: Clefable|Protect\n|move|p2a: Mahoraga|Dragon Dance|p2a: Mahoraga\n|-boost|p2a: Mahoraga|atk|1\n|-boost|p2a: Mahoraga|spe|1\n|\n|-heal|p1a: Clefable|65/100|[from] item: Leftovers\n|upkeep\n|turn|23\n|\n|t:|1771223383\n|cant|p2a: Mahoraga|par\n|move|p1a: Clefable|Wish|p1a: Clefable\n|\n|-heal|p1a: Clefable|72/100|[from] item: Leftovers\n|upkeep\n|turn|24\n|\n|t:|1771223389\n|move|p2a: Mahoraga|Dragon Dance|p2a: Mahoraga\n|-boost|p2a: Mahoraga|atk|1\n|-boost|p2a: Mahoraga|spe|1\n|move|p1a: Clefable|Moonblast|p2a: Mahoraga\n|-damage|p2a: Mahoraga|85/100 par\n|-unboost|p2a: Mahoraga|spa|1\n|\n|-heal|p1a: Clefable|100/100|[from] move: Wish|[wisher] Clefable\n|-heal|p2a: Mahoraga|92/100 par|[from] item: Leftovers\n|upkeep\n|turn|25\n|\n|t:|1771223400\n|cant|p2a: Mahoraga|par\n|move|p1a: Clefable|Wish|p1a: Clefable\n|\n|-heal|p2a: Mahoraga|98/100 par|[from] item: Leftovers\n|upkeep\n|turn|26\n|\n|t:|1771223406\n|move|p2a: Mahoraga|Tera Blast|p1a: Clefable|[anim] Tera Blast Flying\n|-damage|p1a: Clefable|60/100\n|move|p1a: Clefable|Moonblast|p2a: Mahoraga\n|-damage|p2a: Mahoraga|63/100 par\n|-unboost|p2a: Mahoraga|spa|1\n|\n|-heal|p1a: Clefable|100/100|[from] move: Wish|[wisher] Clefable\n|-heal|p2a: Mahoraga|70/100 par|[from] item: Leftovers\n|upkeep\n|turn|27\n|-message|GummyDeino forfeited.\n|\n|win|zg4h11\n|raw|zg4h11's rating: 1620 &rarr; <strong>1640</strong><br />(+20 for winning)\n|raw|GummyDeino's rating: 1623 &rarr; <strong>1603</strong><br />(-20 for losing)\n|l|☆GummyDeino\n|player|p2|\n|l|☆zg4h11\n|player|p1|\n", "uploadtime": 1771223650, "views": 8, "formatid": "gen9ou", "rating": 1603, "private": 0, "password": null}