{"id": "gen9ou-2639883360", "format": "[Gen 9] OU", "players": ["Archerdadon", "lt124yh xebec"], "log": "|badge|p2|bronze|gen9ou|100-9\n|html|<div class=\"broadcast-red\"><strong>This battle is required to be public due to one or more player having a season medal.</strong><br />During the public phase, you can discuss the state of the ladder <a href=\"/seasondiscussion\">in a special chatroom.</a></div>\n|uhtml|medal-msg|<div class=\"broadcast-blue\">Curious what those medals under the avatar are? PS now has Ladder Seasons! For more information, check out the <a href=\"https://www.smogon.com/forums/threads/3740067/\">thread on Smogon.</a></div>\n|raw|<div class=\"broadcast-blue\"><strong>This battle is required to be public due to a player having a name starting with 'medal'.</div>\n|j|☆Archerdadon\n|j|☆lt124yh xebec\n|t:|1782535793\n|gametype|singles\n|player|p1|Archerdadon|marshal|1642\n|player|p2|lt124yh xebec|169|1842\n|gen|9\n|tier|[Gen 9] OU\n|rated|\n|rule|HP Percentage Mod: HP is shown in percentages\n|rule|Endless Battle Clause: Forcing endless battles is banned\n|rule|Species Clause: Limit one of each Pokémon\n|rule|OHKO Clause: OHKO moves are banned\n|rule|Evasion Items Clause: Evasion items are banned\n|rule|Evasion Moves Clause: Evasion moves are banned\n|rule|Evasion Abilities Clause: Evasion abilities are banned\n|rule|Sleep Moves Clause: Sleep-inducing moves are banned\n|clearpoke\n|poke|p1|Dondozo, M|\n|poke|p1|Cinderace, F|\n|poke|p1|Ting-Lu|\n|poke|p1|Heatran, F|\n|poke|p1|Hydrapple, F|\n|poke|p1|Glimmora, F|\n|poke|p2|Zamazenta-*|\n|poke|p2|Gliscor, F|\n|poke|p2|Dragapult, M|\n|poke|p2|Blissey, F|\n|poke|p2|Clefable, M|\n|poke|p2|Hydreigon, M|\n|teampreview\n|\n|t:|1782535800\n|teamsize|p1|6\n|teamsize|p2|6\n|start\n|switch|p1a: Glimmora|Glimmora, F|100/100\n|switch|p2a: Gliscor|Gliscor, F|100/100\n|turn|1\n|\n|t:|1782535805\n|move|p1a: Glimmora|Power Gem|p2a: Gliscor\n|-damage|p2a: Gliscor|64/100\n|move|p2a: Gliscor|Earthquake|p1a: Glimmora\n|-supereffective|p1a: Glimmora\n|-enditem|p1a: Glimmora|Focus Sash\n|-damage|p1a: Glimmora|1/100\n|-activate|p1a: Glimmora|ability: Toxic Debris\n|-sidestart|p2: lt124yh xebec|move: Toxic Spikes\n|\n|-status|p2a: Gliscor|tox|[from] item: Toxic Orb\n|upkeep\n|turn|2\n|\n|t:|1782535809\n|move|p2a: Gliscor|Protect|p2a: Gliscor\n|-singleturn|p2a: Gliscor|Protect\n|move|p1a: Glimmora|Power Gem|p2a: Gliscor\n|-activate|p2a: Gliscor|move: Protect\n|\n|-heal|p2a: Gliscor|76/100 tox|[from] ability: Poison Heal\n|upkeep\n|turn|3\n|\n|t:|1782535811\n|move|p1a: Glimmora|Power Gem|p2a: Gliscor\n|-damage|p2a: Gliscor|38/100 tox\n|move|p2a: Gliscor|Earthquake|p1a: Glimmora\n|-supereffective|p1a: Glimmora\n|-damage|p1a: Glimmora|0 fnt\n|-activate|p1a: Glimmora|ability: Toxic Debris\n|-sidestart|p2: lt124yh xebec|move: Toxic Spikes\n|faint|p1a: Glimmora\n|\n|-heal|p2a: Gliscor|51/100 tox|[from] ability: Poison Heal\n|upkeep\n|\n|t:|1782535814\n|switch|p1a: Hydrapple|Hydrapple, F|100/100\n|turn|4\n|\n|t:|1782535817\n|move|p2a: Gliscor|Protect|p2a: Gliscor\n|-singleturn|p2a: Gliscor|Protect\n|move|p1a: Hydrapple|Nasty Plot|p1a: Hydrapple\n|-boost|p1a: Hydrapple|spa|2\n|\n|-heal|p2a: Gliscor|63/100 tox|[from] ability: Poison Heal\n|upkeep\n|turn|5\n|\n|t:|1782535820\n|switch|p2a: Blissey|Blissey, F|100/100\n|switch|p1a: Heatran|Heatran, F|100/100\n|\n|upkeep\n|turn|6\n|\n|t:|1782535823\n|move|p1a: Heatran|Magma Storm|p2a: Blissey|[miss]\n|-miss|p1a: Heatran|p2a: Blissey\n|move|p2a: Blissey|Thunder Wave|p1a: Heatran\n|-status|p1a: Heatran|par\n|\n|upkeep\n|turn|7\n|\n|t:|1782535825\n|move|p2a: Blissey|Stealth Rock|p1a: Heatran\n|-sidestart|p1: Archerdadon|move: Stealth Rock\n|move|p1a: Heatran|Magma Storm|p2a: Blissey\n|-damage|p2a: Blissey|84/100\n|-activate|p2a: Blissey|move: Magma Storm|[of] p1a: Heatran\n|\n|-damage|p2a: Blissey|72/100|[from] move: Magma Storm|[partiallytrapped]\n|upkeep\n|turn|8\n|\n|t:|1782535828\n|move|p2a: Blissey|Seismic Toss|p1a: Heatran\n|-damage|p1a: Heatran|75/100 par\n|move|p1a: Heatran|Taunt|p2a: Blissey\n|-start|p2a: Blissey|move: Taunt\n|\n|-heal|p1a: Heatran|81/100 par|[from] item: Leftovers\n|-damage|p2a: Blissey|59/100|[from] move: Magma Storm|[partiallytrapped]\n|upkeep\n|turn|9\n|\n|t:|1782535833\n|move|p2a: Blissey|Seismic Toss|p1a: Heatran\n|-damage|p1a: Heatran|55/100 par\n|cant|p1a: Heatran|par\n|\n|-heal|p1a: Heatran|61/100 par|[from] item: Leftovers\n|-damage|p2a: Blissey|47/100|[from] move: Magma Storm|[partiallytrapped]\n|upkeep\n|turn|10\n|\n|t:|1782535836\n|move|p2a: Blissey|Seismic Toss|p1a: Heatran\n|-damage|p1a: Heatran|35/100 par\n|move|p1a: Heatran|Will-O-Wisp|p2a: Blissey\n|-status|p2a: Blissey|brn\n|\n|-heal|p1a: Heatran|41/100 par|[from] item: Leftovers\n|-damage|p2a: Blissey|40/100 brn|[from] brn\n|-damage|p2a: Blissey|28/100 brn|[from] move: Magma Storm|[partiallytrapped]\n|upkeep\n|turn|11\n|\n|t:|1782535839\n|move|p2a: Blissey|Seismic Toss|p1a: Heatran\n|-damage|p1a: Heatran|16/100 par\n|move|p1a: Heatran|Magma Storm|p2a: Blissey\n|-damage|p2a: Blissey|10/100 brn\n|\n|-heal|p1a: Heatran|22/100 par|[from] item: Leftovers\n|-damage|p2a: Blissey|4/100 brn|[from] brn\n|-end|p2a: Blissey|Magma Storm|[partiallytrapped]\n|-end|p2a: Blissey|move: Taunt\n|upkeep\n|turn|12\n|j| Garden of Dreams\n|\n|t:|1782535850\n|move|p2a: Blissey|Soft-Boiled|p2a: Blissey\n|-heal|p2a: Blissey|54/100 brn\n|move|p1a: Heatran|Taunt|p2a: Blissey\n|-start|p2a: Blissey|move: Taunt\n|\n|-heal|p1a: Heatran|28/100 par|[from] item: Leftovers\n|-damage|p2a: Blissey|48/100 brn|[from] brn\n|upkeep\n|turn|13\n|inactive|Battle timer is ON: inactive players will automatically lose when time's up. (requested by lt124yh xebec)\n|\n|t:|1782535857\n|switch|p1a: Hydrapple|Hydrapple, F|100/100\n|-damage|p1a: Hydrapple|88/100|[from] Stealth Rock\n|move|p2a: Blissey|Seismic Toss|p1a: Hydrapple\n|-damage|p1a: Hydrapple|64/100\n|-damage|p2a: Blissey|31/100 brn|[from] item: Rocky Helmet|[of] p1a: Hydrapple\n|\n|-damage|p2a: Blissey|25/100 brn|[from] brn\n|upkeep\n|turn|14\n|\n|t:|1782535863\n|-curestatus|p2a: Blissey|brn|[from] ability: Natural Cure|[silent]\n|switch|p2a: Clefable|Clefable, M|100/100\n|move|p1a: Hydrapple|Nasty Plot|p1a: Hydrapple\n|-boost|p1a: Hydrapple|spa|2\n|\n|upkeep\n|turn|15\n|\n|t:|1782535867\n|move|p2a: Clefable|Moonblast|p1a: Hydrapple\n|-supereffective|p1a: Hydrapple\n|-damage|p1a: Hydrapple|0 fnt\n|faint|p1a: Hydrapple\n|\n|upkeep\n|\n|t:|1782535870\n|switch|p1a: Cinderace|Cinderace, F|100/100\n|turn|16\n|l| Garden of Dreams\n|\n|t:|1782535874\n|switch|p2a: Zamazenta|Zamazenta|100/100\n|-status|p2a: Zamazenta|tox\n|-ability|p2a: Zamazenta|Dauntless Shield|boost\n|-boost|p2a: Zamazenta|def|1\n|move|p1a: Cinderace|Pyro Ball|p2a: Zamazenta\n|-damage|p2a: Zamazenta|77/100 tox\n|\n|-heal|p2a: Zamazenta|83/100 tox|[from] item: Leftovers\n|-damage|p2a: Zamazenta|77/100 tox|[from] psn\n|upkeep\n|turn|17\n|\n|t:|1782535884\n|switch|p1a: Dondozo|Dondozo, M|100/100\n|-damage|p1a: Dondozo|88/100|[from] Stealth Rock\n|move|p2a: Zamazenta|Iron Defense|p2a: Zamazenta\n|-boost|p2a: Zamazenta|def|2\n|\n|-heal|p2a: Zamazenta|83/100 tox|[from] item: Leftovers\n|-heal|p1a: Dondozo|94/100|[from] item: Leftovers\n|-damage|p2a: Zamazenta|70/100 tox|[from] psn\n|upkeep\n|turn|18\n|\n|t:|1782535891\n|switch|p2a: Dragapult|Dragapult, M|100/100\n|move|p1a: Dondozo|Curse|p1a: Dondozo\n|-unboost|p1a: Dondozo|spe|1\n|-boost|p1a: Dondozo|atk|1\n|-boost|p1a: Dondozo|def|1\n|\n|-heal|p1a: Dondozo|99/100|[from] item: Leftovers\n|upkeep\n|turn|19\n|\n|t:|1782535895\n|switch|p1a: Ting-Lu|Ting-Lu|100/100\n|-damage|p1a: Ting-Lu|94/100|[from] Stealth Rock\n|-ability|p1a: Ting-Lu|Vessel of Ruin\n|move|p2a: Dragapult|Will-O-Wisp|p1a: Ting-Lu\n|-status|p1a: Ting-Lu|brn\n|\n|-heal|p1a: Ting-Lu|100/100 brn|[from] item: Leftovers\n|-damage|p1a: Ting-Lu|94/100 brn|[from] brn\n|upkeep\n|turn|20\n|\n|t:|1782535902\n|switch|p2a: Gliscor|Gliscor, F|63/100 tox\n|move|p1a: Ting-Lu|Stealth Rock|p2a: Gliscor\n|-sidestart|p2: lt124yh xebec|move: Stealth Rock\n|\n|-heal|p1a: Ting-Lu|100/100 brn|[from] item: Leftovers\n|-heal|p2a: Gliscor|76/100 tox|[from] ability: Poison Heal\n|-damage|p1a: Ting-Lu|94/100 brn|[from] brn\n|upkeep\n|turn|21\n|\n|t:|1782535904\n|switch|p1a: Dondozo|Dondozo, M|99/100\n|-damage|p1a: Dondozo|88/100|[from] Stealth Rock\n|move|p2a: Gliscor|Knock Off|p1a: Dondozo\n|-damage|p1a: Dondozo|79/100\n|-enditem|p1a: Dondozo|Leftovers|[from] move: Knock Off|[of] p2a: Gliscor\n|\n|-heal|p2a: Gliscor|88/100 tox|[from] ability: Poison Heal\n|upkeep\n|turn|22\n|\n|t:|1782535910\n|switch|p2a: Dragapult|Dragapult, M|100/100\n|move|p1a: Dondozo|Curse|p1a: Dondozo\n|-unboost|p1a: Dondozo|spe|1\n|-boost|p1a: Dondozo|atk|1\n|-boost|p1a: Dondozo|def|1\n|\n|upkeep\n|turn|23\n|\n|t:|1782535914\n|switch|p1a: Ting-Lu|Ting-Lu|94/100 brn\n|-damage|p1a: Ting-Lu|88/100 brn|[from] Stealth Rock\n|-ability|p1a: Ting-Lu|Vessel of Ruin\n|move|p2a: Dragapult|Will-O-Wisp|p1a: Ting-Lu\n|-fail|p1a: Ting-Lu|brn\n|\n|-heal|p1a: Ting-Lu|94/100 brn|[from] item: Leftovers\n|-damage|p1a: Ting-Lu|88/100 brn|[from] brn\n|upkeep\n|turn|24\n|j| ceremonial light\n|\n|t:|1782535922\n|switch|p2a: Gliscor|Gliscor, F|88/100 tox\n|-damage|p2a: Gliscor|76/100 tox|[from] Stealth Rock\n|switch|p1a: Dondozo|Dondozo, M|79/100\n|-damage|p1a: Dondozo|66/100|[from] Stealth Rock\n|\n|-heal|p2a: Gliscor|88/100 tox|[from] ability: Poison Heal\n|upkeep\n|turn|25\n|\n|t:|1782535925\n|switch|p2a: Dragapult|Dragapult, M|100/100\n|move|p1a: Dondozo|Waterfall|p2a: Dragapult\n|-resisted|p2a: Dragapult\n|-damage|p2a: Dragapult|80/100\n|\n|upkeep\n|turn|26\n|\n|t:|1782535931\n|switch|p2a: Hydreigon|Hydreigon, M|100/100\n|-damage|p2a: Hydreigon|88/100|[from] Stealth Rock\n|switch|p1a: Cinderace|Cinderace, F|100/100\n|\n|-heal|p2a: Hydreigon|94/100|[from] item: Leftovers\n|upkeep\n|turn|27\n|\n|t:|1782535938\n|move|p1a: Cinderace|High Jump Kick|p2a: Hydreigon\n|-start|p1a: Cinderace|typechange|Fighting|[from] ability: Libero\n|-supereffective|p2a: Hydreigon\n|-damage|p2a: Hydreigon|0 fnt\n|faint|p2a: Hydreigon\n|\n|upkeep\n|\n|t:|1782535950\n|switch|p2a: Gliscor|Gliscor, F|88/100 tox\n|-damage|p2a: Gliscor|76/100 tox|[from] Stealth Rock\n|turn|28\n|\n|t:|1782535953\n|move|p1a: Cinderace|U-turn|p2a: Gliscor\n|-resisted|p2a: Gliscor\n|-damage|p2a: Gliscor|67/100 tox\n|\n|t:|1782535956\n|switch|p1a: Dondozo|Dondozo, M|66/100|[from] U-turn\n|-damage|p1a: Dondozo|54/100|[from] Stealth Rock\n|move|p2a: Gliscor|Toxic|p1a: Dondozo\n|-status|p1a: Dondozo|tox\n|\n|-heal|p2a: Gliscor|80/100 tox|[from] ability: Poison Heal\n|-damage|p1a: Dondozo|48/100 tox|[from] psn\n|upkeep\n|turn|29\n|\n|t:|1782535959\n|switch|p2a: Dragapult|Dragapult, M|80/100\n|move|p1a: Dondozo|Rest|p1a: Dondozo\n|-status|p1a: Dondozo|slp|[from] move: Rest\n|-heal|p1a: Dondozo|100/100 slp|[silent]\n|\n|upkeep\n|turn|30\n|\n|t:|1782535961\n|switch|p1a: Ting-Lu|Ting-Lu|88/100 brn\n|-damage|p1a: Ting-Lu|82/100 brn|[from] Stealth Rock\n|-ability|p1a: Ting-Lu|Vessel of Ruin\n|move|p2a: Dragapult|Dragon Darts|p1a: Ting-Lu\n|-damage|p1a: Ting-Lu|71/100 brn\n|-anim|p2a: Dragapult|Dragon Darts|p1a: Ting-Lu\n|-damage|p1a: Ting-Lu|60/100 brn\n|\n|-heal|p1a: Ting-Lu|66/100 brn|[from] item: Leftovers\n|-damage|p1a: Ting-Lu|60/100 brn|[from] brn\n|upkeep\n|turn|31\n|\n|t:|1782535970\n|switch|p2a: Gliscor|Gliscor, F|80/100 tox\n|-damage|p2a: Gliscor|67/100 tox|[from] Stealth Rock\n|move|p1a: Ting-Lu|Payback|p2a: Gliscor\n|-damage|p2a: Gliscor|60/100 tox\n|\n|-heal|p1a: Ting-Lu|66/100 brn|[from] item: Leftovers\n|-heal|p2a: Gliscor|72/100 tox|[from] ability: Poison Heal\n|-damage|p1a: Ting-Lu|60/100 brn|[from] brn\n|upkeep\n|turn|32\n|\n|t:|1782535973\n|switch|p2a: Dragapult|Dragapult, M|80/100\n|move|p1a: Ting-Lu|Rest|p1a: Ting-Lu\n|-status|p1a: Ting-Lu|slp|[from] move: Rest\n|-heal|p1a: Ting-Lu|100/100 slp|[silent]\n|\n|upkeep\n|turn|33\n|\n|t:|1782535981\n|switch|p2a: Gliscor|Gliscor, F|72/100 tox\n|-damage|p2a: Gliscor|60/100 tox|[from] Stealth Rock\n|cant|p1a: Ting-Lu|slp\n|\n|-heal|p2a: Gliscor|72/100 tox|[from] ability: Poison Heal\n|upkeep\n|turn|34\n|\n|t:|1782535983\n|move|p2a: Gliscor|Knock Off|p1a: Ting-Lu\n|-resisted|p1a: Ting-Lu\n|-damage|p1a: Ting-Lu|95/100 slp\n|-enditem|p1a: Ting-Lu|Leftovers|[from] move: Knock Off|[of] p2a: Gliscor\n|cant|p1a: Ting-Lu|slp\n|\n|-heal|p2a: Gliscor|84/100 tox|[from] ability: Poison Heal\n|upkeep\n|turn|35\n|\n|t:|1782535986\n|move|p2a: Gliscor|Earthquake|p1a: Ting-Lu\n|-damage|p1a: Ting-Lu|75/100 slp\n|-curestatus|p1a: Ting-Lu|slp|[msg]\n|move|p1a: Ting-Lu|Payback|p2a: Gliscor\n|-damage|p2a: Gliscor|58/100 tox\n|\n|-heal|p2a: Gliscor|71/100 tox|[from] ability: Poison Heal\n|upkeep\n|turn|36\n|\n|t:|1782535989\n|move|p2a: Gliscor|Toxic|p1a: Ting-Lu\n|-status|p1a: Ting-Lu|tox\n|move|p1a: Ting-Lu|Payback|p2a: Gliscor\n|-damage|p2a: Gliscor|42/100 tox\n|\n|-heal|p2a: Gliscor|55/100 tox|[from] ability: Poison Heal\n|-damage|p1a: Ting-Lu|69/100 tox|[from] psn\n|upkeep\n|turn|37\n|\n|t:|1782535992\n|move|p2a: Gliscor|Earthquake|p1a: Ting-Lu\n|-damage|p1a: Ting-Lu|50/100 tox\n|move|p1a: Ting-Lu|Payback|p2a: Gliscor\n|-damage|p2a: Gliscor|27/100 tox\n|\n|-heal|p2a: Gliscor|39/100 tox|[from] ability: Poison Heal\n|-damage|p1a: Ting-Lu|38/100 tox|[from] psn\n|upkeep\n|turn|38\n|\n|t:|1782535995\n|move|p2a: Gliscor|Earthquake|p1a: Ting-Lu\n|-damage|p1a: Ting-Lu|18/100 tox\n|move|p1a: Ting-Lu|Rest|p1a: Ting-Lu\n|-status|p1a: Ting-Lu|slp|[from] move: Rest\n|-heal|p1a: Ting-Lu|100/100 slp|[silent]\n|\n|-heal|p2a: Gliscor|52/100 tox|[from] ability: Poison Heal\n|upkeep\n|turn|39\n|\n|t:|1782535998\n|move|p2a: Gliscor|Protect|p2a: Gliscor\n|-singleturn|p2a: Gliscor|Protect\n|cant|p1a: Ting-Lu|slp\n|\n|-heal|p2a: Gliscor|64/100 tox|[from] ability: Poison Heal\n|upkeep\n|turn|40\n|\n|t:|1782536001\n|switch|p1a: Cinderace|Cinderace, F|100/100\n|move|p2a: Gliscor|Earthquake|p1a: Cinderace\n|-supereffective|p1a: Cinderace\n|-damage|p1a: Cinderace|7/100\n|\n|-heal|p2a: Gliscor|76/100 tox|[from] ability: Poison Heal\n|upkeep\n|turn|41\n|\n|t:|1782536006\n|move|p1a: Cinderace|U-turn|p2a: Gliscor\n|-start|p1a: Cinderace|typechange|Bug|[from] ability: Libero\n|-resisted|p2a: Gliscor\n|-damage|p2a: Gliscor|64/100 tox\n|\n|t:|1782536008\n|switch|p1a: Dondozo|Dondozo, M|100/100 slp|[from] U-turn\n|-damage|p1a: Dondozo|88/100 slp|[from] Stealth Rock\n|move|p2a: Gliscor|Earthquake|p1a: Dondozo\n|-damage|p1a: Dondozo|73/100 slp\n|\n|-heal|p2a: Gliscor|76/100 tox|[from] ability: Poison Heal\n|upkeep\n|turn|42\n|\n|t:|1782536013\n|switch|p2a: Dragapult|Dragapult, M|80/100\n|cant|p1a: Dondozo|slp\n|move|p1a: Dondozo|Sleep Talk|p1a: Dondozo\n|move|p1a: Dondozo|Waterfall|p2a: Dragapult|[from] move: Sleep Talk\n|-resisted|p2a: Dragapult\n|-damage|p2a: Dragapult|62/100\n|\n|upkeep\n|turn|43\n|\n|t:|1782536017\n|move|p2a: Dragapult|Dragon Darts|p1a: Dondozo\n|-damage|p1a: Dondozo|64/100 slp\n|-anim|p2a: Dragapult|Dragon Darts|p1a: Dondozo\n|-damage|p1a: Dondozo|55/100 slp\n|cant|p1a: Dondozo|slp\n|move|p1a: Dondozo|Sleep Talk|p1a: Dondozo\n|move|p1a: Dondozo|Rest||[from] move: Sleep Talk|[still]\n|-fail|p1a: Dondozo\n|\n|upkeep\n|turn|44\n|\n|t:|1782536026\n|move|p2a: Dragapult|Hex|p1a: Dondozo\n|-damage|p1a: Dondozo|4/100 slp\n|-curestatus|p1a: Dondozo|slp|[msg]\n|move|p1a: Dondozo|Rest|p1a: Dondozo\n|-status|p1a: Dondozo|slp|[from] move: Rest\n|-heal|p1a: Dondozo|100/100 slp|[silent]\n|\n|upkeep\n|turn|45\n|\n|t:|1782536030\n|-terastallize|p1a: Dondozo|Dark\n|move|p2a: Dragapult|Dragon Darts|p1a: Dondozo\n|-damage|p1a: Dondozo|92/100 slp\n|-anim|p2a: Dragapult|Dragon Darts|p1a: Dondozo\n|-damage|p1a: Dondozo|83/100 slp\n|cant|p1a: Dondozo|slp\n|move|p1a: Dondozo|Sleep Talk|p1a: Dondozo\n|move|p1a: Dondozo|Waterfall|p2a: Dragapult|[from] move: Sleep Talk\n|-resisted|p2a: Dragapult\n|-damage|p2a: Dragapult|45/100\n|\n|upkeep\n|turn|46\n|\n|t:|1782536037\n|switch|p2a: Clefable|Clefable, M|100/100\n|cant|p1a: Dondozo|slp\n|move|p1a: Dondozo|Sleep Talk|p1a: Dondozo\n|move|p1a: Dondozo|Curse|p1a: Dondozo|[from] move: Sleep Talk\n|-unboost|p1a: Dondozo|spe|1\n|-boost|p1a: Dondozo|atk|1\n|-boost|p1a: Dondozo|def|1\n|\n|upkeep\n|turn|47\n|\n|t:|1782536045\n|move|p2a: Clefable|Moonblast|p1a: Dondozo\n|-supereffective|p1a: Dondozo\n|-damage|p1a: Dondozo|23/100 slp\n|-curestatus|p1a: Dondozo|slp|[msg]\n|move|p1a: Dondozo|Waterfall|p2a: Clefable\n|-damage|p2a: Clefable|81/100\n|\n|upkeep\n|turn|48\n|\n|t:|1782536058\n|move|p2a: Clefable|Moonblast|p1a: Dondozo\n|-supereffective|p1a: Dondozo\n|-damage|p1a: Dondozo|0 fnt\n|faint|p1a: Dondozo\n|\n|upkeep\n|-message|Archerdadon forfeited.\n|\n|win|lt124yh xebec\n|raw|Archerdadon's rating: 1642 &rarr; <strong>1632</strong><br />(-10 for losing)\n|raw|lt124yh xebec's rating: 1842 &rarr; <strong>1852</strong><br />(+10 for winning)\n|l|☆Archerdadon\n|player|p1|\n|l|☆lt124yh xebec\n|player|p2|\n|l| ceremonial light\n|j| Garden of Dreams\n", "uploadtime": 1782536711, "views": 23, "formatid": "gen9ou", "rating": 1632, "private": 0, "password": null}