{"id": "gen9ou-2639239958", "format": "[Gen 9] OU", "players": ["DoogleBoogled", "eslide"], "log": "|j|☆DoogleBoogled\n|j|‽eslide\n|t:|1782438946\n|gametype|singles\n|player|p1|DoogleBoogled|102|1000\n|player|p2|eslide|101|1000\n|gen|9\n|tier|[Gen 9] OU\n|rated|\n|rule|HP Percentage Mod: HP is shown in percentages\n|rule|Endless Battle Clause: Forcing endless battles is banned\n|rule|Species Clause: Limit one of each Pokémon\n|rule|OHKO Clause: OHKO moves are banned\n|rule|Evasion Items Clause: Evasion items are banned\n|rule|Evasion Moves Clause: Evasion moves are banned\n|rule|Evasion Abilities Clause: Evasion abilities are banned\n|rule|Sleep Moves Clause: Sleep-inducing moves are banned\n|clearpoke\n|poke|p1|Porygon2|\n|poke|p1|Amoonguss, F|\n|poke|p1|Pelipper, M|\n|poke|p1|Basculegion, M|\n|poke|p1|Primarina, F|\n|poke|p1|Ursaluna, M|\n|poke|p2|Slowking-Galar, F|\n|poke|p2|Kyurem|\n|poke|p2|Landorus-Therian, M|\n|poke|p2|Hoopa-Unbound|\n|poke|p2|Corviknight, F|\n|poke|p2|Zamazenta-*|\n|teampreview\n|\n|t:|1782438955\n|teamsize|p1|6\n|teamsize|p2|6\n|start\n|switch|p1a: Pelipper|Pelipper, M|100/100\n|switch|p2a: Slowking|Slowking-Galar, F|100/100\n|-weather|RainDance|[from] ability: Drizzle|[of] p1a: Pelipper\n|turn|1\n|\n|t:|1782438979\n|move|p1a: Pelipper|Acrobatics|p2a: Slowking\n|-damage|p2a: Slowking|62/100\n|-prepare|p2a: Slowking|Chilly Reception|[premajor]\n|move|p2a: Slowking|Chilly Reception|p2a: Slowking\n|-weather|Snowscape\n|\n|t:|1782438991\n|switch|p2a: Kyurem|Kyurem|100/100|[from] Chilly Reception\n|-ability|p2a: Kyurem|Pressure\n|\n|-weather|Snowscape|[upkeep]\n|upkeep\n|turn|2\n|\n|t:|1782439003\n|switch|p1a: Porygon2|Porygon2|100/100\n|-ability|p1a: Porygon2|Download|boost\n|-boost|p1a: Porygon2|atk|1\n|move|p2a: Kyurem|Freeze-Dry|p1a: Porygon2\n|-damage|p1a: Porygon2|62/100\n|\n|-weather|Snowscape|[upkeep]\n|upkeep\n|turn|3\n|\n|t:|1782439030\n|switch|p2a: Corviknight|Corviknight, F|100/100\n|-ability|p2a: Corviknight|Pressure\n|move|p1a: Porygon2|Trick Room|p1a: Porygon2\n|-fieldstart|move: Trick Room|[of] p1a: Porygon2\n|\n|-weather|Snowscape|[upkeep]\n|upkeep\n|turn|4\n|\n|t:|1782439054\n|switch|p1a: Basculegion|Basculegion, M, shiny|100/100\n|move|p2a: Corviknight|U-turn|p1a: Basculegion\n|-resisted|p1a: Basculegion\n|-damage|p1a: Basculegion|93/100\n|\n|t:|1782439082\n|switch|p2a: Kyurem|Kyurem|100/100|[from] U-turn\n|-ability|p2a: Kyurem|Pressure\n|\n|-weather|Snowscape|[upkeep]\n|upkeep\n|turn|5\n|\n|t:|1782439099\n|move|p1a: Basculegion|Flip Turn|p2a: Kyurem\n|-resisted|p2a: Kyurem\n|-damage|p2a: Kyurem|90/100\n|\n|t:|1782439105\n|switch|p1a: Ursaluna|Ursaluna, M|100/100|[from] Flip Turn\n|move|p2a: Kyurem|Freeze-Dry|p1a: Ursaluna\n|-supereffective|p1a: Ursaluna\n|-crit|p1a: Ursaluna\n|-damage|p1a: Ursaluna|7/100\n|\n|-weather|none\n|upkeep\n|turn|6\n|\n|t:|1782439129\n|switch|p2a: Corviknight|Corviknight, F|100/100\n|-ability|p2a: Corviknight|Pressure\n|move|p1a: Ursaluna|Dig||[still]\n|-prepare|p1a: Ursaluna|Dig\n|\n|upkeep\n|turn|7\n|\n|t:|1782439140\n|move|p1a: Ursaluna|Dig|p2a: Corviknight|[from] lockedmove\n|-immune|p2a: Corviknight\n|move|p2a: Corviknight|Brave Bird|p1a: Ursaluna\n|-damage|p1a: Ursaluna|0 fnt\n|faint|p1a: Ursaluna\n|-damage|p2a: Corviknight|98/100|[from] Recoil\n|\n|-fieldend|move: Trick Room\n|upkeep\n|\n|t:|1782439156\n|switch|p1a: Pelipper|Pelipper, M|100/100\n|-weather|RainDance|[from] ability: Drizzle|[of] p1a: Pelipper\n|turn|8\n|\n|t:|1782439177\n|switch|p1a: Amoonguss|Amoonguss, F|100/100\n|move|p2a: Corviknight|U-turn|p1a: Amoonguss\n|-damage|p1a: Amoonguss|85/100\n|-damage|p2a: Corviknight|81/100|[from] item: Rocky Helmet|[of] p1a: Amoonguss\n|\n|t:|1782439223\n|switch|p2a: Kyurem|Kyurem|90/100|[from] U-turn\n|-ability|p2a: Kyurem|Pressure\n|\n|-weather|RainDance|[upkeep]\n|upkeep\n|turn|9\n|\n|t:|1782439242\n|move|p2a: Kyurem|Freeze-Dry|p1a: Amoonguss\n|-supereffective|p1a: Amoonguss\n|-damage|p1a: Amoonguss|0 fnt\n|faint|p1a: Amoonguss\n|\n|-weather|RainDance|[upkeep]\n|upkeep\n|-message|DoogleBoogled forfeited.\n|\n|win|eslide\n|raw|DoogleBoogled's rating: 1000 &rarr; <strong>1000</strong><br />(+0 for losing)\n|raw|eslide's rating: 1000 &rarr; <strong>1040</strong><br />(+40 for winning)\n|l|☆DoogleBoogled\n|player|p1|\n", "uploadtime": 1782439248, "views": 10, "formatid": "gen9ou", "rating": 1000, "private": 0, "password": null}