{"id": "gen9ou-2639292697", "format": "[Gen 9] OU", "players": ["golden Guard 70", "tony hawk tuah"], "log": "|j|☆golden Guard 70\n|j|☆tony hawk tuah\n|t:|1782447241\n|gametype|singles\n|player|p1|golden Guard 70|rocketgrunt|1339\n|player|p2|tony hawk tuah|170|1321\n|gen|9\n|tier|[Gen 9] OU\n|rated|\n|rule|HP Percentage Mod: HP is shown in percentages\n|rule|Endless Battle Clause: Forcing endless battles is banned\n|rule|Species Clause: Limit one of each Pokémon\n|rule|OHKO Clause: OHKO moves are banned\n|rule|Evasion Items Clause: Evasion items are banned\n|rule|Evasion Moves Clause: Evasion moves are banned\n|rule|Evasion Abilities Clause: Evasion abilities are banned\n|rule|Sleep Moves Clause: Sleep-inducing moves are banned\n|clearpoke\n|poke|p1|Talonflame, F|\n|poke|p1|Alomomola, F|\n|poke|p1|Amoonguss, F|\n|poke|p1|Kyurem|\n|poke|p1|Blissey, F|\n|poke|p1|Ting-Lu|\n|poke|p2|Raging Bolt|\n|poke|p2|Torkoal, M|\n|poke|p2|Slither Wing|\n|poke|p2|Walking Wake|\n|poke|p2|Great Tusk|\n|poke|p2|Hatterene, F|\n|teampreview\n|inactive|Battle timer is ON: inactive players will automatically lose when time's up. (requested by golden Guard 70)\n|\n|t:|1782447265\n|teamsize|p1|6\n|teamsize|p2|6\n|start\n|switch|p1a: Ting-Lu|Ting-Lu|100/100\n|switch|p2a: Torkoal|Torkoal, M|100/100\n|-ability|p1a: Ting-Lu|Vessel of Ruin\n|-weather|SunnyDay|[from] ability: Drought|[of] p2a: Torkoal\n|turn|1\n|\n|t:|1782447269\n|switch|p2a: Hatterene|Hatterene, F|100/100\n|move|p1a: Ting-Lu|Earthquake|p2a: Hatterene\n|-damage|p2a: Hatterene|70/100\n|-enditem|p2a: Hatterene|Eject Button\n|\n|t:|1782447273\n|switch|p2a: Raging Bolt|Raging Bolt|100/100\n|-activate|p2a: Raging Bolt|ability: Protosynthesis\n|-start|p2a: Raging Bolt|protosynthesisspa\n|\n|-weather|SunnyDay|[upkeep]\n|upkeep\n|turn|2\n|\n|t:|1782447280\n|-terastallize|p2a: Raging Bolt|Fire\n|move|p2a: Raging Bolt|Weather Ball|p1a: Ting-Lu\n|-damage|p1a: Ting-Lu|24/100\n|move|p1a: Ting-Lu|Earthquake|p2a: Raging Bolt\n|-supereffective|p2a: Raging Bolt\n|-damage|p2a: Raging Bolt|25/100\n|\n|-weather|SunnyDay|[upkeep]\n|-heal|p1a: Ting-Lu|30/100|[from] item: Leftovers\n|upkeep\n|turn|3\n|\n|t:|1782447288\n|switch|p1a: Blissey|Blissey, F|100/100\n|move|p2a: Raging Bolt|Weather Ball|p1a: Blissey\n|-damage|p1a: Blissey|32/100\n|\n|-weather|SunnyDay|[upkeep]\n|upkeep\n|turn|4\n|\n|t:|1782447310\n|switch|p1a: Alomomola|Alomomola, F|100/100\n|move|p2a: Raging Bolt|Weather Ball|p1a: Alomomola\n|-resisted|p1a: Alomomola\n|-damage|p1a: Alomomola|0 fnt\n|faint|p1a: Alomomola\n|\n|-weather|SunnyDay|[upkeep]\n|upkeep\n|c|☆tony hawk tuah|right?\n|c|☆golden Guard 70|Insane tech\n|inactive|golden Guard 70 has 120 seconds left.\n|\n|t:|1782447338\n|switch|p1a: Talonflame|Talonflame, F|100/100\n|turn|5\n|\n|t:|1782447346\n|-end|p2a: Raging Bolt|Protosynthesis|[silent]\n|switch|p2a: Walking Wake|Walking Wake|100/100\n|-activate|p2a: Walking Wake|ability: Protosynthesis\n|-start|p2a: Walking Wake|protosynthesisspe\n|move|p1a: Talonflame|Overheat|p2a: Walking Wake\n|-resisted|p2a: Walking Wake\n|-damage|p2a: Walking Wake|90/100\n|-unboost|p1a: Talonflame|spa|2\n|\n|-weather|SunnyDay|[upkeep]\n|upkeep\n|turn|6\n|\n|t:|1782447350\n|switch|p1a: Amoonguss|Amoonguss, F|100/100\n|move|p2a: Walking Wake|Hydro Steam|p1a: Amoonguss\n|-resisted|p1a: Amoonguss\n|-damage|p1a: Amoonguss|70/100\n|\n|-weather|SunnyDay|[upkeep]\n|upkeep\n|turn|7\n|\n|t:|1782447360\n|move|p2a: Walking Wake|Flamethrower|p1a: Amoonguss\n|-supereffective|p1a: Amoonguss\n|-damage|p1a: Amoonguss|0 fnt\n|faint|p1a: Amoonguss\n|\n|-weather|SunnyDay|[upkeep]\n|upkeep\n|c|☆golden Guard 70|gg\n|c|☆tony hawk tuah|yeah?\n|c|☆tony hawk tuah|its over?\n|c|☆golden Guard 70|Probably\n|c|☆tony hawk tuah|just a couple of weather balls?\n|inactive|golden Guard 70 has 120 seconds left.\n|c|☆golden Guard 70|It was Choice Specs right?\n|c|☆tony hawk tuah|modest choice specs lol\n|\n|t:|1782447401\n|switch|p1a: Ting-Lu|Ting-Lu|30/100\n|-ability|p1a: Ting-Lu|Vessel of Ruin\n|turn|8\n|\n|t:|1782447405\n|-terastallize|p1a: Ting-Lu|Water\n|move|p2a: Walking Wake|Hydro Steam|p1a: Ting-Lu\n|-resisted|p1a: Ting-Lu\n|-damage|p1a: Ting-Lu|17/100\n|move|p1a: Ting-Lu|Rest|p1a: Ting-Lu\n|-status|p1a: Ting-Lu|slp|[from] move: Rest\n|-heal|p1a: Ting-Lu|100/100 slp|[silent]\n|\n|-weather|none\n|-end|p2a: Walking Wake|Protosynthesis\n|upkeep\n|turn|9\n|\n|t:|1782447413\n|move|p2a: Walking Wake|Flip Turn|p1a: Ting-Lu\n|-resisted|p1a: Ting-Lu\n|-damage|p1a: Ting-Lu|96/100 slp\n|\n|t:|1782447415\n|-end|p2a: Walking Wake|Protosynthesis|[silent]\n|switch|p2a: Raging Bolt|Raging Bolt, tera:Fire|25/100|[from] Flip Turn\n|cant|p1a: Ting-Lu|slp\n|move|p1a: Ting-Lu|Sleep Talk|p1a: Ting-Lu\n|move|p1a: Ting-Lu|Earthquake|p2a: Raging Bolt|[from] move: Sleep Talk\n|-supereffective|p2a: Raging Bolt\n|-damage|p2a: Raging Bolt|0 fnt\n|faint|p2a: Raging Bolt\n|-end|p2a: Raging Bolt|Protosynthesis|[silent]\n|\n|-heal|p1a: Ting-Lu|100/100 slp|[from] item: Leftovers\n|upkeep\n|c|☆tony hawk tuah|fuck\n|\n|t:|1782447425\n|switch|p2a: Torkoal|Torkoal, M|100/100\n|-weather|SunnyDay|[from] ability: Drought|[of] p2a: Torkoal\n|turn|10\n|\n|t:|1782447429\n|cant|p1a: Ting-Lu|slp\n|move|p1a: Ting-Lu|Sleep Talk|p1a: Ting-Lu\n|move|p1a: Ting-Lu|Earthquake|p2a: Torkoal|[from] move: Sleep Talk\n|-supereffective|p2a: Torkoal\n|-damage|p2a: Torkoal|48/100\n|move|p2a: Torkoal|Stealth Rock|p1a: Ting-Lu\n|-sidestart|p1: golden Guard 70|move: Stealth Rock\n|\n|-weather|SunnyDay|[upkeep]\n|upkeep\n|turn|11\n|c|☆golden Guard 70|Ting-Lu my boy!\n|\n|t:|1782447454\n|switch|p2a: Hatterene|Hatterene, F|70/100\n|-curestatus|p1a: Ting-Lu|slp|[msg]\n|move|p1a: Ting-Lu|Earthquake|p2a: Hatterene\n|-damage|p2a: Hatterene|40/100\n|\n|-weather|SunnyDay|[upkeep]\n|upkeep\n|turn|12\n|\n|t:|1782447470\n|switch|p1a: Talonflame|Talonflame, F|100/100\n|move|p2a: Hatterene|Nuzzle|p1a: Talonflame\n|-supereffective|p1a: Talonflame\n|-damage|p1a: Talonflame|94/100\n|-status|p1a: Talonflame|par\n|\n|-weather|SunnyDay|[upkeep]\n|upkeep\n|turn|13\n|\n|t:|1782447476\n|switch|p2a: Walking Wake|Walking Wake|90/100\n|-activate|p2a: Walking Wake|ability: Protosynthesis\n|-start|p2a: Walking Wake|protosynthesisspe\n|move|p1a: Talonflame|Defog|p2a: Walking Wake\n|-unboost|p2a: Walking Wake|evasion|1\n|-sideend|p1: golden Guard 70|Stealth Rock|[from] move: Defog|[of] p1a: Talonflame\n|\n|-weather|SunnyDay|[upkeep]\n|upkeep\n|turn|14\n|\n|t:|1782447500\n|switch|p1a: Ting-Lu|Ting-Lu, tera:Water|100/100\n|-ability|p1a: Ting-Lu|Vessel of Ruin\n|move|p2a: Walking Wake|Hydro Steam|p1a: Ting-Lu\n|-resisted|p1a: Ting-Lu\n|-damage|p1a: Ting-Lu|89/100\n|\n|-weather|SunnyDay|[upkeep]\n|-heal|p1a: Ting-Lu|95/100|[from] item: Leftovers\n|upkeep\n|turn|15\n|\n|t:|1782447508\n|move|p2a: Walking Wake|Draco Meteor|p1a: Ting-Lu\n|-damage|p1a: Ting-Lu|68/100\n|-unboost|p2a: Walking Wake|spa|2\n|move|p1a: Ting-Lu|Earthquake|p2a: Walking Wake\n|-crit|p2a: Walking Wake\n|-damage|p2a: Walking Wake|33/100\n|\n|-weather|SunnyDay|[upkeep]\n|-heal|p1a: Ting-Lu|74/100|[from] item: Leftovers\n|upkeep\n|turn|16\n|\n|t:|1782447513\n|move|p2a: Walking Wake|Flip Turn|p1a: Ting-Lu\n|-resisted|p1a: Ting-Lu\n|-damage|p1a: Ting-Lu|72/100\n|\n|t:|1782447519\n|-end|p2a: Walking Wake|Protosynthesis|[silent]\n|switch|p2a: Great Tusk|Great Tusk|100/100|[from] Flip Turn\n|-activate|p2a: Great Tusk|ability: Protosynthesis\n|-start|p2a: Great Tusk|protosynthesisspe\n|move|p1a: Ting-Lu|Earthquake|p2a: Great Tusk\n|-damage|p2a: Great Tusk|76/100\n|\n|-weather|SunnyDay|[upkeep]\n|-heal|p1a: Ting-Lu|79/100|[from] item: Leftovers\n|upkeep\n|turn|17\n|\n|t:|1782447526\n|switch|p1a: Talonflame|Talonflame, F|94/100 par\n|move|p2a: Great Tusk|Headlong Rush|p1a: Talonflame\n|-immune|p1a: Talonflame\n|\n|-weather|none\n|-end|p2a: Great Tusk|Protosynthesis\n|upkeep\n|turn|18\n|\n|t:|1782447536\n|-end|p2a: Great Tusk|Protosynthesis|[silent]\n|switch|p2a: Torkoal|Torkoal, M|48/100\n|-weather|SunnyDay|[from] ability: Drought|[of] p2a: Torkoal\n|move|p1a: Talonflame|U-turn|p2a: Torkoal\n|-resisted|p2a: Torkoal\n|-damage|p2a: Torkoal|44/100\n|\n|t:|1782447542\n|switch|p1a: Blissey|Blissey, F|32/100|[from] U-turn\n|\n|-weather|SunnyDay|[upkeep]\n|upkeep\n|turn|19\n|c|☆tony hawk tuah|gg\n|c|☆tony hawk tuah|i dont really wanan do this tbh\n|c|☆golden Guard 70|Okay?\n|c|☆tony hawk tuah|gunna be a pp thing\n|c|☆golden Guard 70|What?\n|inactive|tony hawk tuah has 120 seconds left.\n|c|☆golden Guard 70|That was a nice tech btw\n|\n|t:|1782447602\n|switch|p2a: Slither Wing|Slither Wing|100/100\n|-activate|p2a: Slither Wing|ability: Protosynthesis\n|-start|p2a: Slither Wing|protosynthesisatk\n|move|p1a: Blissey|Soft-Boiled|p1a: Blissey\n|-heal|p1a: Blissey|82/100\n|\n|-weather|SunnyDay|[upkeep]\n|upkeep\n|turn|20\n|\n|t:|1782447608\n|switch|p1a: Talonflame|Talonflame, F|94/100 par\n|move|p2a: Slither Wing|First Impression|p1a: Talonflame\n|-resisted|p1a: Talonflame\n|-damage|p1a: Talonflame|82/100 par\n|-status|p2a: Slither Wing|brn|[from] ability: Flame Body|[of] p1a: Talonflame\n|\n|-weather|SunnyDay|[upkeep]\n|-damage|p2a: Slither Wing|94/100 brn|[from] brn\n|upkeep\n|turn|21\n|-message|tony hawk tuah forfeited.\n|\n|win|golden Guard 70\n|raw|golden Guard 70's rating: 1339 &rarr; <strong>1358</strong><br />(+19 for winning)\n|raw|tony hawk tuah's rating: 1321 &rarr; <strong>1302</strong><br />(-19 for losing)\n|l|☆tony hawk tuah\n|player|p2|\n", "uploadtime": 1782447627, "views": 12, "formatid": "gen9ou", "rating": 1302, "private": 0, "password": null}