{"id": "gen9ou-2540714688", "format": "[Gen 9] OU", "players": ["dante1310", "apexacer1"], "log": "|j|☆dante1310\n|j|☆apexacer1\n|t:|1771244709\n|gametype|singles\n|player|p1|dante1310|morty-gen2|1585\n|player|p2|apexacer1|170|1575\n|gen|9\n|tier|[Gen 9] OU\n|rated|\n|rule|HP Percentage Mod: HP is shown in percentages\n|rule|Endless Battle Clause: Forcing endless battles is banned\n|rule|Species Clause: Limit one of each Pokémon\n|rule|OHKO Clause: OHKO moves are banned\n|rule|Evasion Items Clause: Evasion items are banned\n|rule|Evasion Moves Clause: Evasion moves are banned\n|rule|Evasion Abilities Clause: Evasion abilities are banned\n|rule|Sleep Moves Clause: Sleep-inducing moves are banned\n|clearpoke\n|poke|p1|Tyranitar, F|\n|poke|p1|Excadrill, F|\n|poke|p1|Hydrapple, M|\n|poke|p1|Moltres|\n|poke|p1|Azumarill, F|\n|poke|p1|Slowking-Galar, F|\n|poke|p2|Indeedee, M|\n|poke|p2|Kingambit, F|\n|poke|p2|Polteageist|\n|poke|p2|Grimmsnarl, M|\n|poke|p2|Great Tusk|\n|poke|p2|Kyurem|\n|teampreview\n|inactive|Battle timer is ON: inactive players will automatically lose when time's up. (requested by dante1310)\n|\n|t:|1771244715\n|teamsize|p1|6\n|teamsize|p2|6\n|start\n|switch|p1a: Tyranitar|Tyranitar, F|100/100\n|switch|p2a: Great Tusk|Great Tusk|100/100\n|-weather|Sandstorm|[from] ability: Sand Stream|[of] p1a: Tyranitar\n|turn|1\n|\n|t:|1771244721\n|move|p2a: Great Tusk|Stone Edge|p1a: Tyranitar|[miss]\n|-miss|p2a: Great Tusk|p1a: Tyranitar\n|move|p1a: Tyranitar|Ice Beam|p2a: Great Tusk\n|-supereffective|p2a: Great Tusk\n|-damage|p2a: Great Tusk|43/100\n|\n|-weather|Sandstorm|[upkeep]\n|upkeep\n|turn|2\n|\n|t:|1771244726\n|switch|p1a: Hydrapple|Hydrapple, M|100/100\n|move|p2a: Great Tusk|Close Combat|p1a: Hydrapple\n|-damage|p1a: Hydrapple|64/100\n|-unboost|p2a: Great Tusk|def|1\n|-unboost|p2a: Great Tusk|spd|1\n|\n|-weather|Sandstorm|[upkeep]\n|-damage|p1a: Hydrapple|58/100|[from] Sandstorm\n|upkeep\n|turn|3\n|\n|t:|1771244739\n|-end|p2a: Great Tusk|Protosynthesis|[silent]\n|switch|p2a: Grimmsnarl|Grimmsnarl, M|100/100\n|switch|p1a: Azumarill|Azumarill, F|100/100\n|\n|-weather|Sandstorm|[upkeep]\n|-damage|p2a: Grimmsnarl|94/100|[from] Sandstorm\n|-damage|p1a: Azumarill|94/100|[from] Sandstorm\n|upkeep\n|turn|4\n|\n|t:|1771244747\n|move|p2a: Grimmsnarl|Thunder Wave|p1a: Azumarill\n|-status|p1a: Azumarill|par\n|move|p1a: Azumarill|Play Rough|p2a: Grimmsnarl\n|-supereffective|p2a: Grimmsnarl\n|-damage|p2a: Grimmsnarl|0 fnt\n|faint|p2a: Grimmsnarl\n|\n|-weather|Sandstorm|[upkeep]\n|-damage|p1a: Azumarill|88/100 par|[from] Sandstorm\n|upkeep\n|\n|t:|1771244755\n|switch|p2a: Kingambit|Kingambit, F|100/100\n|-activate|p2a: Kingambit|ability: Supreme Overlord\n|-start|p2a: Kingambit|fallen1|[silent]\n|turn|5\n|\n|t:|1771244758\n|switch|p1a: Moltres|Moltres|100/100\n|move|p2a: Kingambit|Iron Head|p1a: Moltres\n|-resisted|p1a: Moltres\n|-damage|p1a: Moltres|84/100\n|-status|p2a: Kingambit|brn|[from] ability: Flame Body|[of] p1a: Moltres\n|\n|-weather|none\n|-damage|p2a: Kingambit|94/100 brn|[from] brn\n|upkeep\n|turn|6\n|\n|t:|1771244764\n|-end|p2a: Kingambit|fallen1|[silent]\n|switch|p2a: Kyurem|Kyurem|100/100\n|-ability|p2a: Kyurem|Pressure\n|move|p1a: Moltres|Flamethrower|p2a: Kyurem\n|-damage|p2a: Kyurem|66/100\n|\n|upkeep\n|turn|7\n|\n|t:|1771244769\n|move|p2a: Kyurem|Draco Meteor|p1a: Moltres\n|-damage|p1a: Moltres|7/100\n|-unboost|p2a: Kyurem|spa|2\n|move|p1a: Moltres|U-turn|p2a: Kyurem\n|-damage|p2a: Kyurem|52/100\n|\n|t:|1771244773\n|switch|p1a: Tyranitar|Tyranitar, F|100/100|[from] U-turn\n|-weather|Sandstorm|[from] ability: Sand Stream|[of] p1a: Tyranitar\n|\n|-weather|Sandstorm|[upkeep]\n|-damage|p2a: Kyurem|46/100|[from] Sandstorm\n|upkeep\n|turn|8\n|\n|t:|1771244779\n|switch|p2a: Kingambit|Kingambit, F|94/100 brn\n|-activate|p2a: Kingambit|ability: Supreme Overlord\n|-start|p2a: Kingambit|fallen1|[silent]\n|move|p1a: Tyranitar|Ice Beam|p2a: Kingambit\n|-resisted|p2a: Kingambit\n|-damage|p2a: Kingambit|84/100 brn\n|\n|-weather|Sandstorm|[upkeep]\n|-damage|p2a: Kingambit|78/100 brn|[from] brn\n|upkeep\n|turn|9\n|\n|t:|1771244787\n|move|p2a: Kingambit|Swords Dance|p2a: Kingambit\n|-boost|p2a: Kingambit|atk|2\n|move|p1a: Tyranitar|Low Kick|p2a: Kingambit\n|-supereffective|p2a: Kingambit\n|-damage|p2a: Kingambit|0 fnt\n|faint|p2a: Kingambit\n|-end|p2a: Kingambit|fallen1|[silent]\n|\n|-weather|Sandstorm|[upkeep]\n|upkeep\n|\n|t:|1771244795\n|switch|p2a: Great Tusk|Great Tusk|43/100\n|turn|10\n|\n|t:|1771244803\n|switch|p1a: Moltres|Moltres|7/100\n|move|p2a: Great Tusk|Close Combat|p1a: Moltres\n|-resisted|p1a: Moltres\n|-damage|p1a: Moltres|0 fnt\n|-unboost|p2a: Great Tusk|def|1\n|-unboost|p2a: Great Tusk|spd|1\n|faint|p1a: Moltres\n|\n|-weather|Sandstorm|[upkeep]\n|upkeep\n|\n|t:|1771244806\n|switch|p1a: Excadrill|Excadrill, F|100/100\n|turn|11\n|\n|t:|1771244816\n|move|p1a: Excadrill|Substitute|p1a: Excadrill\n|-start|p1a: Excadrill|Substitute\n|-damage|p1a: Excadrill|76/100\n|move|p2a: Great Tusk|Close Combat|p1a: Excadrill\n|-supereffective|p1a: Excadrill\n|-end|p1a: Excadrill|Substitute\n|-unboost|p2a: Great Tusk|def|1\n|-unboost|p2a: Great Tusk|spd|1\n|\n|-weather|none\n|-heal|p1a: Excadrill|82/100|[from] item: Leftovers\n|upkeep\n|turn|12\n|\n|t:|1771244841\n|-end|p2a: Great Tusk|Protosynthesis|[silent]\n|switch|p2a: Kyurem|Kyurem|46/100\n|-ability|p2a: Kyurem|Pressure\n|switch|p1a: Azumarill|Azumarill, F|88/100 par\n|\n|upkeep\n|turn|13\n|\n|t:|1771244847\n|move|p2a: Kyurem|Freeze-Dry|p1a: Azumarill\n|-supereffective|p1a: Azumarill\n|-damage|p1a: Azumarill|38/100 par\n|move|p1a: Azumarill|Play Rough|p2a: Kyurem\n|-supereffective|p2a: Kyurem\n|-damage|p2a: Kyurem|0 fnt\n|faint|p2a: Kyurem\n|\n|upkeep\n|\n|t:|1771244859\n|switch|p2a: Polteageist|Polteageist|100/100\n|turn|14\n|\n|t:|1771244871\n|move|p2a: Polteageist|Shell Smash|p2a: Polteageist\n|-unboost|p2a: Polteageist|def|1\n|-unboost|p2a: Polteageist|spd|1\n|-boost|p2a: Polteageist|atk|2\n|-boost|p2a: Polteageist|spa|2\n|-boost|p2a: Polteageist|spe|2\n|-enditem|p2a: Polteageist|White Herb\n|-clearnegativeboost|p2a: Polteageist|[silent]\n|cant|p1a: Azumarill|par\n|\n|upkeep\n|turn|15\n|\n|t:|1771244881\n|move|p1a: Azumarill|Aqua Jet|p2a: Polteageist\n|-damage|p2a: Polteageist|54/100\n|move|p2a: Polteageist|Shadow Ball|p1a: Azumarill\n|-crit|p1a: Azumarill\n|-damage|p1a: Azumarill|0 fnt\n|faint|p1a: Azumarill\n|\n|upkeep\n|\n|t:|1771244883\n|switch|p1a: Tyranitar|Tyranitar, F|100/100\n|-weather|Sandstorm|[from] ability: Sand Stream|[of] p1a: Tyranitar\n|turn|16\n|\n|t:|1771244888\n|-terastallize|p2a: Polteageist|Fighting\n|-terastallize|p1a: Tyranitar|Flying\n|move|p2a: Polteageist|Tera Blast|p1a: Tyranitar|[anim] Tera Blast Fighting\n|-resisted|p1a: Tyranitar\n|-damage|p1a: Tyranitar|71/100\n|move|p1a: Tyranitar|Knock Off|p2a: Polteageist\n|-resisted|p2a: Polteageist\n|-damage|p2a: Polteageist|29/100\n|-start|p1a: Tyranitar|Disable|Knock Off|[from] ability: Cursed Body|[of] p2a: Polteageist\n|\n|-weather|Sandstorm|[upkeep]\n|-damage|p2a: Polteageist|23/100|[from] Sandstorm\n|-damage|p1a: Tyranitar|65/100|[from] Sandstorm\n|upkeep\n|turn|17\n|\n|t:|1771244900\n|move|p2a: Polteageist|Stored Power|p1a: Tyranitar\n|-damage|p1a: Tyranitar|0 fnt\n|faint|p1a: Tyranitar\n|\n|-weather|Sandstorm|[upkeep]\n|-damage|p2a: Polteageist|17/100|[from] Sandstorm\n|upkeep\n|\n|t:|1771244913\n|switch|p1a: Excadrill|Excadrill, F|82/100\n|turn|18\n|\n|t:|1771244917\n|move|p1a: Excadrill|Earthquake|p2a: Polteageist\n|-damage|p2a: Polteageist|0 fnt\n|faint|p2a: Polteageist\n|\n|-weather|Sandstorm|[upkeep]\n|-heal|p1a: Excadrill|88/100|[from] item: Leftovers\n|upkeep\n|\n|t:|1771244922\n|switch|p2a: Great Tusk|Great Tusk|43/100\n|turn|19\n|\n|t:|1771244925\n|move|p1a: Excadrill|Earthquake|p2a: Great Tusk\n|-damage|p2a: Great Tusk|4/100\n|move|p2a: Great Tusk|Close Combat|p1a: Excadrill\n|-supereffective|p1a: Excadrill\n|-damage|p1a: Excadrill|0 fnt\n|-unboost|p2a: Great Tusk|def|1\n|-unboost|p2a: Great Tusk|spd|1\n|faint|p1a: Excadrill\n|\n|-weather|Sandstorm|[upkeep]\n|upkeep\n|\n|t:|1771244931\n|switch|p1a: Hydrapple|Hydrapple, M|91/100\n|turn|20\n|\n|t:|1771244941\n|move|p2a: Great Tusk|Close Combat|p1a: Hydrapple\n|-damage|p1a: Hydrapple|56/100\n|-unboost|p2a: Great Tusk|def|1\n|-unboost|p2a: Great Tusk|spd|1\n|move|p1a: Hydrapple|Giga Drain|p2a: Great Tusk\n|-supereffective|p2a: Great Tusk\n|-damage|p2a: Great Tusk|0 fnt\n|-heal|p1a: Hydrapple|57/100|[from] drain|[of] p2a: Great Tusk\n|faint|p2a: Great Tusk\n|-end|p2a: Great Tusk|Protosynthesis|[silent]\n|\n|-weather|none\n|upkeep\n|\n|t:|1771244956\n|switch|p2a: Indeedee|Indeedee, M|100/100\n|-fieldstart|move: Psychic Terrain|[from] ability: Psychic Surge|[of] p2a: Indeedee\n|turn|21\n|\n|t:|1771244970\n|move|p2a: Indeedee|Trick|p1a: Hydrapple\n|-activate|p2a: Indeedee|move: Trick|[of] p1a: Hydrapple\n|-item|p1a: Hydrapple|Choice Scarf|[from] move: Trick\n|-item|p2a: Indeedee|Heavy-Duty Boots|[from] move: Trick\n|move|p1a: Hydrapple|Giga Drain|p2a: Indeedee\n|-damage|p2a: Indeedee|60/100\n|-heal|p1a: Hydrapple|70/100|[from] drain|[of] p2a: Indeedee\n|\n|upkeep\n|turn|22\n|\n|t:|1771244976\n|move|p2a: Indeedee|Expanding Force|p1a: Hydrapple\n|-damage|p1a: Hydrapple|5/100\n|move|p1a: Hydrapple|Giga Drain|p2a: Indeedee\n|-damage|p2a: Indeedee|17/100\n|-heal|p1a: Hydrapple|19/100|[from] drain|[of] p2a: Indeedee\n|\n|upkeep\n|turn|23\n|\n|t:|1771244985\n|move|p2a: Indeedee|Expanding Force|p1a: Hydrapple\n|-damage|p1a: Hydrapple|0 fnt\n|faint|p1a: Hydrapple\n|\n|upkeep\n|\n|t:|1771244987\n|switch|p1a: Slowking|Slowking-Galar, F|100/100\n|turn|24\n|\n|t:|1771244991\n|move|p2a: Indeedee|Expanding Force|p1a: Slowking\n|-damage|p1a: Slowking|47/100\n|move|p1a: Slowking|Sludge Bomb|p2a: Indeedee\n|-damage|p2a: Indeedee|0 fnt\n|faint|p2a: Indeedee\n|\n|win|dante1310\n|raw|dante1310's rating: 1585 &rarr; <strong>1604</strong><br />(+19 for winning)\n|raw|apexacer1's rating: 1575 &rarr; <strong>1556</strong><br />(-19 for losing)\n|l|☆apexacer1\n|player|p2|\n", "uploadtime": 1771245210, "views": 7, "formatid": "gen9ou", "rating": 1556, "private": 0, "password": null}