{"id": "gen9ou-2540512386", "format": "[Gen 9] OU", "players": ["zephyri", "2001civic"], "log": "|badge|p2|bronze|gen9ou|100-8\n|uhtml|medal-msg|<div class=\"broadcast-blue\">Curious what those medals under the avatar are? PS now has Ladder Seasons! For more information, check out the <a href=\"https://www.smogon.com/forums/threads/3740067/\">thread on Smogon.</a></div>\n|j|☆zephyri\n|j|☆2001civic\n|t:|1771211348\n|gametype|singles\n|player|p1|zephyri|#zephyri|1815\n|player|p2|2001civic|265|1856\n|gen|9\n|tier|[Gen 9] OU\n|rated|\n|rule|HP Percentage Mod: HP is shown in percentages\n|rule|Endless Battle Clause: Forcing endless battles is banned\n|rule|Species Clause: Limit one of each Pokémon\n|rule|OHKO Clause: OHKO moves are banned\n|rule|Evasion Items Clause: Evasion items are banned\n|rule|Evasion Moves Clause: Evasion moves are banned\n|rule|Evasion Abilities Clause: Evasion abilities are banned\n|rule|Sleep Moves Clause: Sleep-inducing moves are banned\n|clearpoke\n|poke|p1|Primarina, M|\n|poke|p1|Great Tusk|\n|poke|p1|Enamorus, F|\n|poke|p1|Slowking-Galar, M|\n|poke|p1|Ogerpon, F|\n|poke|p1|Kingambit, M|\n|poke|p2|Torkoal, M|\n|poke|p2|Great Tusk|\n|poke|p2|Walking Wake|\n|poke|p2|Raging Bolt|\n|poke|p2|Corviknight, M|\n|poke|p2|Venusaur, F|\n|teampreview\n|inactive|Battle timer is ON: inactive players will automatically lose when time's up. (requested by zephyri)\n|\n|t:|1771211393\n|teamsize|p1|6\n|teamsize|p2|6\n|start\n|switch|p1a: Sienna|Primarina, M|100/100\n|switch|p2a: Torkoal|Torkoal, M|100/100\n|-weather|SunnyDay|[from] ability: Drought|[of] p2a: Torkoal\n|turn|1\n|j| traceyscetchit\n|\n|t:|1771211423\n|switch|p2a: Corviknight|Corviknight, M|100/100\n|move|p1a: Sienna|Substitute|p1a: Sienna\n|-start|p1a: Sienna|Substitute\n|-damage|p1a: Sienna|76/100\n|\n|-weather|SunnyDay|[upkeep]\n|-heal|p1a: Sienna|82/100|[from] item: Leftovers\n|upkeep\n|turn|2\n|\n|t:|1771211428\n|move|p1a: Sienna|Whirlpool|p2a: Corviknight\n|-damage|p2a: Corviknight|93/100\n|-activate|p2a: Corviknight|move: Whirlpool|[of] p1a: Sienna\n|move|p2a: Corviknight|U-turn|p1a: Sienna\n|-resisted|p1a: Sienna\n|-activate|p1a: Sienna|move: Substitute|[damage]\n|\n|t:|1771211431\n|switch|p2a: Venusaur|Venusaur, F|100/100|[from] U-turn\n|\n|-weather|SunnyDay|[upkeep]\n|-heal|p1a: Sienna|88/100|[from] item: Leftovers\n|upkeep\n|turn|3\n|\n|t:|1771211437\n|switch|p1a: Parth|Slowking-Galar, M|100/100\n|move|p2a: Venusaur|Growth|p2a: Venusaur\n|-boost|p2a: Venusaur|atk|2\n|-boost|p2a: Venusaur|spa|2\n|\n|-weather|SunnyDay|[upkeep]\n|upkeep\n|turn|4\n|\n|t:|1771211446\n|move|p2a: Venusaur|Weather Ball|p1a: Parth\n|-damage|p1a: Parth|31/100\n|-damage|p2a: Venusaur|91/100|[from] item: Life Orb\n|move|p1a: Parth|Flamethrower|p2a: Venusaur\n|-supereffective|p2a: Venusaur\n|-damage|p2a: Venusaur|11/100\n|\n|-weather|SunnyDay|[upkeep]\n|upkeep\n|turn|5\n|\n|t:|1771211456\n|switch|p1a: Sienna|Primarina, M|88/100\n|move|p2a: Venusaur|Weather Ball|p1a: Sienna\n|-resisted|p1a: Sienna\n|-damage|p1a: Sienna|26/100\n|-damage|p2a: Venusaur|1/100|[from] item: Life Orb\n|\n|-weather|SunnyDay|[upkeep]\n|-heal|p1a: Sienna|32/100|[from] item: Leftovers\n|upkeep\n|turn|6\n|\n|t:|1771211462\n|switch|p1a: Darsh|Kingambit, M|100/100\n|move|p2a: Venusaur|Giga Drain|p1a: Darsh\n|-resisted|p1a: Darsh\n|-damage|p1a: Darsh|57/100\n|-heal|p2a: Venusaur|30/100|[from] drain|[of] p1a: Darsh\n|-damage|p2a: Venusaur|21/100|[from] item: Life Orb\n|\n|-weather|SunnyDay|[upkeep]\n|-heal|p1a: Darsh|63/100|[from] item: Leftovers\n|upkeep\n|turn|7\n|\n|t:|1771211466\n|switch|p2a: Great Tusk|Great Tusk|100/100\n|-activate|p2a: Great Tusk|ability: Protosynthesis\n|-start|p2a: Great Tusk|protosynthesisspe\n|move|p1a: Darsh|Sucker Punch||[still]\n|-fail|p1a: Darsh\n|\n|-weather|SunnyDay|[upkeep]\n|-heal|p1a: Darsh|69/100|[from] item: Leftovers\n|upkeep\n|turn|8\n|\n|t:|1771211477\n|-end|p1a: Darsh|fallenundefined|[silent]\n|switch|p1a: Jayna|Enamorus, F|100/100\n|move|p2a: Great Tusk|Rapid Spin|p1a: Jayna\n|-damage|p1a: Jayna|77/100\n|-boost|p2a: Great Tusk|spe|1\n|\n|-weather|none\n|-end|p2a: Great Tusk|Protosynthesis\n|upkeep\n|turn|9\n|\n|t:|1771211489\n|-end|p2a: Great Tusk|Protosynthesis|[silent]\n|switch|p2a: Corviknight|Corviknight, M|93/100\n|move|p1a: Jayna|Moonblast|p2a: Corviknight\n|-resisted|p2a: Corviknight\n|-damage|p2a: Corviknight|72/100\n|-ability|p2a: Corviknight|Mirror Armor\n|-boost|p1a: Jayna|spa|1\n|\n|-heal|p2a: Corviknight|78/100|[from] item: Leftovers\n|upkeep\n|turn|10\n|\n|t:|1771211495\n|move|p1a: Jayna|Moonblast|p2a: Corviknight\n|-resisted|p2a: Corviknight\n|-damage|p2a: Corviknight|48/100\n|-ability|p2a: Corviknight|Mirror Armor\n|-boost|p1a: Jayna|spa|1\n|move|p2a: Corviknight|U-turn|p1a: Jayna\n|-resisted|p1a: Jayna\n|-damage|p1a: Jayna|72/100\n|\n|t:|1771211503\n|switch|p2a: Raging Bolt|Raging Bolt|100/100|[from] U-turn\n|\n|upkeep\n|turn|11\n|\n|t:|1771211507\n|-terastallize|p1a: Jayna|Ground\n|move|p2a: Raging Bolt|Thunderclap|p1a: Jayna\n|-immune|p1a: Jayna\n|move|p1a: Jayna|Moonblast|p2a: Raging Bolt\n|-supereffective|p2a: Raging Bolt\n|-damage|p2a: Raging Bolt|0 fnt\n|faint|p2a: Raging Bolt\n|-end|p2a: Raging Bolt|Protosynthesis|[silent]\n|\n|upkeep\n|\n|t:|1771211518\n|switch|p2a: Torkoal|Torkoal, M|100/100\n|-weather|SunnyDay|[from] ability: Drought|[of] p2a: Torkoal\n|turn|12\n|\n|t:|1771211523\n|switch|p2a: Corviknight|Corviknight, M|48/100\n|move|p1a: Jayna|Moonblast|p2a: Corviknight\n|-resisted|p2a: Corviknight\n|-damage|p2a: Corviknight|6/100\n|\n|-weather|SunnyDay|[upkeep]\n|-heal|p2a: Corviknight|12/100|[from] item: Leftovers\n|upkeep\n|turn|13\n|\n|t:|1771211526\n|move|p1a: Jayna|Moonblast|p2a: Corviknight\n|-resisted|p2a: Corviknight\n|-damage|p2a: Corviknight|0 fnt\n|faint|p2a: Corviknight\n|\n|-weather|SunnyDay|[upkeep]\n|upkeep\n|\n|t:|1771211538\n|switch|p2a: Walking Wake|Walking Wake|100/100\n|-activate|p2a: Walking Wake|ability: Protosynthesis\n|-start|p2a: Walking Wake|protosynthesisspe\n|turn|14\n|\n|t:|1771211550\n|switch|p1a: Sienna|Primarina, M|32/100\n|move|p2a: Walking Wake|Hydro Steam|p1a: Sienna\n|-resisted|p1a: Sienna\n|-damage|p1a: Sienna|0 fnt\n|faint|p1a: Sienna\n|\n|-weather|SunnyDay|[upkeep]\n|upkeep\n|\n|t:|1771211555\n|switch|p1a: Gus|Ogerpon, F|100/100\n|turn|15\n|\n|t:|1771211561\n|move|p2a: Walking Wake|Hydro Steam|p1a: Gus\n|-resisted|p1a: Gus\n|-damage|p1a: Gus|51/100\n|move|p1a: Gus|Ivy Cudgel|p2a: Walking Wake\n|-damage|p2a: Walking Wake|25/100\n|\n|-weather|SunnyDay|[upkeep]\n|upkeep\n|turn|16\n|\n|t:|1771211571\n|-terastallize|p2a: Walking Wake|Water\n|move|p2a: Walking Wake|Hydro Steam|p1a: Gus\n|-resisted|p1a: Gus\n|-damage|p1a: Gus|0 fnt\n|faint|p1a: Gus\n|\n|-weather|SunnyDay|[upkeep]\n|upkeep\n|\n|t:|1771211577\n|switch|p1a: Darsh|Kingambit, M|69/100\n|-activate|p1a: Darsh|ability: Supreme Overlord\n|-start|p1a: Darsh|fallen2|[silent]\n|turn|17\n|\n|t:|1771211580\n|-end|p2a: Walking Wake|Protosynthesis|[silent]\n|switch|p2a: Great Tusk|Great Tusk|100/100\n|-activate|p2a: Great Tusk|ability: Protosynthesis\n|-start|p2a: Great Tusk|protosynthesisspe\n|move|p1a: Darsh|Sucker Punch||[still]\n|-fail|p1a: Darsh\n|\n|-weather|SunnyDay|[upkeep]\n|-heal|p1a: Darsh|76/100|[from] item: Leftovers\n|upkeep\n|turn|18\n|\n|t:|1771211589\n|-end|p1a: Darsh|fallen2|[silent]\n|switch|p1a: Jed|Great Tusk|100/100\n|-activate|p1a: Jed|ability: Protosynthesis\n|-start|p1a: Jed|protosynthesisatk\n|move|p2a: Great Tusk|Rapid Spin|p1a: Jed\n|-damage|p1a: Jed|91/100\n|-boost|p2a: Great Tusk|spe|1\n|-damage|p2a: Great Tusk|84/100|[from] item: Rocky Helmet|[of] p1a: Jed\n|\n|-weather|SunnyDay|[upkeep]\n|-heal|p2a: Great Tusk|90/100|[from] item: Leftovers\n|upkeep\n|turn|19\n|inactive|zephyri has 120 seconds left.\n|\n|t:|1771211624\n|move|p2a: Great Tusk|Bulk Up|p2a: Great Tusk\n|-boost|p2a: Great Tusk|atk|1\n|-boost|p2a: Great Tusk|def|1\n|move|p1a: Jed|Ice Spinner|p2a: Great Tusk\n|-supereffective|p2a: Great Tusk\n|-crit|p2a: Great Tusk\n|-damage|p2a: Great Tusk|27/100\n|\n|-weather|none\n|-end|p2a: Great Tusk|Protosynthesis\n|-end|p1a: Jed|Protosynthesis\n|-heal|p2a: Great Tusk|34/100|[from] item: Leftovers\n|upkeep\n|turn|20\n|\n|t:|1771211634\n|move|p2a: Great Tusk|Earthquake|p1a: Jed\n|-damage|p1a: Jed|44/100\n|move|p1a: Jed|Headlong Rush|p2a: Great Tusk\n|-damage|p2a: Great Tusk|5/100\n|-unboost|p1a: Jed|def|1\n|-unboost|p1a: Jed|spd|1\n|\n|-heal|p2a: Great Tusk|12/100|[from] item: Leftovers\n|upkeep\n|turn|21\n|\n|t:|1771211642\n|move|p2a: Great Tusk|Earthquake|p1a: Jed\n|-damage|p1a: Jed|0 fnt\n|faint|p1a: Jed\n|-end|p1a: Jed|Protosynthesis|[silent]\n|\n|-heal|p2a: Great Tusk|18/100|[from] item: Leftovers\n|upkeep\n|\n|t:|1771211643\n|switch|p1a: Jayna|Enamorus, F, tera:Ground|72/100\n|turn|22\n|\n|t:|1771211665\n|move|p1a: Jayna|Moonblast|p2a: Great Tusk\n|-supereffective|p2a: Great Tusk\n|-damage|p2a: Great Tusk|0 fnt\n|faint|p2a: Great Tusk\n|-end|p2a: Great Tusk|Protosynthesis|[silent]\n|\n|upkeep\n|\n|t:|1771211669\n|switch|p2a: Torkoal|Torkoal, M|100/100\n|-weather|SunnyDay|[from] ability: Drought|[of] p2a: Torkoal\n|turn|23\n|\n|t:|1771211681\n|switch|p1a: Parth|Slowking-Galar, M|64/100\n|switch|p2a: Walking Wake|Walking Wake, tera:Water|25/100\n|-activate|p2a: Walking Wake|ability: Protosynthesis\n|-start|p2a: Walking Wake|protosynthesisspe\n|\n|-weather|SunnyDay|[upkeep]\n|upkeep\n|turn|24\n|\n|t:|1771211686\n|move|p2a: Walking Wake|Hydro Steam|p1a: Parth\n|-damage|p1a: Parth|5/100\n|move|p1a: Parth|Sludge Bomb|p2a: Walking Wake\n|-damage|p2a: Walking Wake|0 fnt\n|faint|p2a: Walking Wake\n|-end|p2a: Walking Wake|Protosynthesis|[silent]\n|\n|-weather|SunnyDay|[upkeep]\n|upkeep\n|\n|t:|1771211693\n|switch|p2a: Venusaur|Venusaur, F|21/100\n|turn|25\n|\n|t:|1771211698\n|move|p2a: Venusaur|Weather Ball|p1a: Parth\n|-damage|p1a: Parth|0 fnt\n|faint|p1a: Parth\n|-damage|p2a: Venusaur|11/100|[from] item: Life Orb\n|\n|-weather|SunnyDay|[upkeep]\n|upkeep\n|\n|t:|1771211700\n|switch|p1a: Darsh|Kingambit, M|76/100\n|-activate|p1a: Darsh|ability: Supreme Overlord\n|-start|p1a: Darsh|fallen4|[silent]\n|turn|26\n|\n|t:|1771211705\n|switch|p2a: Torkoal|Torkoal, M|100/100\n|move|p1a: Darsh|Sucker Punch||[still]\n|-fail|p1a: Darsh\n|\n|-weather|SunnyDay|[upkeep]\n|-heal|p1a: Darsh|82/100|[from] item: Leftovers\n|upkeep\n|turn|27\n|\n|t:|1771211709\n|-end|p1a: Darsh|fallen4|[silent]\n|switch|p1a: Jayna|Enamorus, F, tera:Ground|72/100\n|switch|p2a: Venusaur|Venusaur, F|11/100\n|\n|-weather|SunnyDay|[upkeep]\n|upkeep\n|turn|28\n|\n|t:|1771211722\n|move|p2a: Venusaur|Weather Ball|p1a: Jayna\n|-damage|p1a: Jayna|0 fnt\n|faint|p1a: Jayna\n|-damage|p2a: Venusaur|1/100|[from] item: Life Orb\n|\n|-weather|SunnyDay|[upkeep]\n|upkeep\n|\n|t:|1771211724\n|switch|p1a: Darsh|Kingambit, M|82/100\n|-activate|p1a: Darsh|ability: Supreme Overlord\n|-start|p1a: Darsh|fallen5|[silent]\n|turn|29\n|\n|t:|1771211736\n|move|p1a: Darsh|Sucker Punch|p2a: Venusaur\n|-damage|p2a: Venusaur|0 fnt\n|faint|p2a: Venusaur\n|\n|-weather|SunnyDay|[upkeep]\n|-heal|p1a: Darsh|88/100|[from] item: Leftovers\n|upkeep\n|\n|t:|1771211745\n|switch|p2a: Torkoal|Torkoal, M|100/100\n|turn|30\n|\n|t:|1771211749\n|move|p1a: Darsh|Kowtow Cleave|p2a: Torkoal\n|-damage|p2a: Torkoal|59/100\n|move|p2a: Torkoal|Body Press|p1a: Darsh\n|-supereffective|p1a: Darsh\n|-damage|p1a: Darsh|0 fnt\n|faint|p1a: Darsh\n|-end|p1a: Darsh|fallen5|[silent]\n|\n|win|2001civic\n|raw|zephyri's rating: 1815 &rarr; <strong>1797</strong><br />(-18 for losing)\n|raw|2001civic's rating: 1856 &rarr; <strong>1874</strong><br />(+18 for winning)\n|l|☆zephyri\n|player|p1|\n|l| traceyscetchit\n", "uploadtime": 1771211994, "views": 7, "formatid": "gen9ou", "rating": 1797, "private": 0, "password": null}