{"id": "gen9ou-2540939994", "format": "[Gen 9] OU", "players": ["fleep vs floop", "Zerotti"], "log": "|badge|p2|bronze|gen9lc|100-8\n|badge|p2|bronze|gen9doublesou|100-8\n|uhtml|medal-msg|<div class=\"broadcast-blue\">Curious what those medals under the avatar are? PS now has Ladder Seasons! For more information, check out the <a href=\"https://www.smogon.com/forums/threads/3740067/\">thread on Smogon.</a></div>\n|j|☆fleep vs floop\n|j|☆Zerotti\n|t:|1771269149\n|gametype|singles\n|player|p1|fleep vs floop|265|1666\n|player|p2|Zerotti|#dwcopiv|1629\n|gen|9\n|tier|[Gen 9] OU\n|rated|\n|rule|HP Percentage Mod: HP is shown in percentages\n|rule|Endless Battle Clause: Forcing endless battles is banned\n|rule|Species Clause: Limit one of each Pokémon\n|rule|OHKO Clause: OHKO moves are banned\n|rule|Evasion Items Clause: Evasion items are banned\n|rule|Evasion Moves Clause: Evasion moves are banned\n|rule|Evasion Abilities Clause: Evasion abilities are banned\n|rule|Sleep Moves Clause: Sleep-inducing moves are banned\n|clearpoke\n|poke|p1|Garchomp, M|\n|poke|p1|Hoopa-Unbound|\n|poke|p1|Tyranitar, M|\n|poke|p1|Pecharunt|\n|poke|p1|Dragonite, M|\n|poke|p1|Excadrill, M|\n|poke|p2|Ninetales-Alola, F|\n|poke|p2|Dragapult, M|\n|poke|p2|Pecharunt|\n|poke|p2|Ogerpon-Wellspring, F|\n|poke|p2|Probopass, M|\n|poke|p2|Great Tusk|\n|teampreview\n|inactive|Battle timer is ON: inactive players will automatically lose when time's up. (requested by fleep vs floop)\n|\n|t:|1771269169\n|teamsize|p1|6\n|teamsize|p2|6\n|start\n|switch|p1a: Tyranitar|Tyranitar, M|100/100\n|switch|p2a: Ogerpon|Ogerpon-Wellspring, F|100/100\n|-weather|Sandstorm|[from] ability: Sand Stream|[of] p1a: Tyranitar\n|turn|1\n|\n|t:|1771269176\n|switch|p1a: Pecharunt|Pecharunt|100/100\n|move|p2a: Ogerpon|Ivy Cudgel|p1a: Pecharunt|[anim] Ivy Cudgel Water\n|-damage|p1a: Pecharunt|74/100\n|\n|-weather|Sandstorm|[upkeep]\n|-damage|p2a: Ogerpon|95/100|[from] Sandstorm\n|-damage|p1a: Pecharunt|68/100|[from] Sandstorm\n|upkeep\n|turn|2\n|\n|t:|1771269182\n|switch|p2a: Probopass|Probopass, M|100/100\n|move|p1a: Pecharunt|Recover|p1a: Pecharunt\n|-heal|p1a: Pecharunt|100/100\n|\n|-weather|Sandstorm|[upkeep]\n|-damage|p1a: Pecharunt|94/100|[from] Sandstorm\n|upkeep\n|turn|3\n|\n|t:|1771269186\n|move|p1a: Pecharunt|Parting Shot|p2a: Probopass\n|-unboost|p2a: Probopass|atk|1\n|-unboost|p2a: Probopass|spa|1\n|l|☆fleep vs floop\n|inactive|fleep vs floop disconnected and has a minute to reconnect!\n|player|p1|\n|j| Box Scammer\n|inactive|fleep vs floop has 30 seconds to reconnect!\n|inactive|fleep vs floop has 20 seconds to reconnect!\n|inactive|fleep vs floop has 15 seconds to reconnect!\n|j|☆fleep vs floop\n|inactive|fleep vs floop reconnected and has 95 seconds left.\n|player|p1|fleep vs floop|265|\n|\n|t:|1771269243\n|switch|p1a: Garchomp|Garchomp, M|100/100|[from] Parting Shot\n|move|p2a: Probopass|Stealth Rock|p1a: Garchomp\n|-sidestart|p1: fleep vs floop|move: Stealth Rock\n|\n|-weather|Sandstorm|[upkeep]\n|upkeep\n|turn|4\n|\n|t:|1771269257\n|switch|p2a: Great Tusk|Great Tusk|100/100\n|-enditem|p2a: Great Tusk|Booster Energy\n|-activate|p2a: Great Tusk|ability: Protosynthesis|[fromitem]\n|-start|p2a: Great Tusk|protosynthesisspe\n|move|p1a: Garchomp|Stealth Rock|p2a: Great Tusk\n|-sidestart|p2: Zerotti|move: Stealth Rock\n|\n|-weather|Sandstorm|[upkeep]\n|upkeep\n|turn|5\n|\n|t:|1771269272\n|move|p2a: Great Tusk|Knock Off|p1a: Garchomp\n|-damage|p1a: Garchomp|83/100\n|-damage|p2a: Great Tusk|88/100|[from] ability: Rough Skin|[of] p1a: Garchomp\n|-damage|p2a: Great Tusk|71/100|[from] item: Rocky Helmet|[of] p1a: Garchomp\n|-enditem|p1a: Garchomp|Rocky Helmet|[from] move: Knock Off|[of] p2a: Great Tusk\n|move|p1a: Garchomp|Dragon Tail|p2a: Great Tusk\n|-damage|p2a: Great Tusk|55/100\n|-end|p2a: Great Tusk|Protosynthesis|[silent]\n|drag|p2a: Probopass|Probopass, M|100/100\n|-damage|p2a: Probopass|94/100|[from] Stealth Rock\n|\n|-weather|none\n|upkeep\n|turn|6\n|inactive|fleep vs floop has 120 seconds left.\n|\n|t:|1771269286\n|switch|p2a: Great Tusk|Great Tusk|55/100\n|-damage|p2a: Great Tusk|52/100|[from] Stealth Rock\n|move|p1a: Garchomp|Earthquake|p2a: Great Tusk\n|-damage|p2a: Great Tusk|24/100\n|\n|upkeep\n|turn|7\n|j| imSilverLike\n|\n|t:|1771269298\n|switch|p1a: Pecharunt|Pecharunt|94/100\n|move|p2a: Great Tusk|Rapid Spin|p1a: Pecharunt\n|-immune|p1a: Pecharunt\n|\n|upkeep\n|turn|8\n|\n|t:|1771269306\n|move|p2a: Great Tusk|Headlong Rush|p1a: Pecharunt\n|-supereffective|p1a: Pecharunt\n|-damage|p1a: Pecharunt|47/100\n|-unboost|p2a: Great Tusk|def|1\n|-unboost|p2a: Great Tusk|spd|1\n|move|p1a: Pecharunt|Malignant Chain|p2a: Great Tusk\n|-resisted|p2a: Great Tusk\n|-damage|p2a: Great Tusk|0 fnt\n|faint|p2a: Great Tusk\n|-end|p2a: Great Tusk|Protosynthesis|[silent]\n|\n|upkeep\n|\n|t:|1771269312\n|switch|p2a: Pecharunt|Pecharunt|100/100\n|-damage|p2a: Pecharunt|88/100|[from] Stealth Rock\n|turn|9\n|\n|t:|1771269316\n|move|p2a: Pecharunt|Shadow Ball|p1a: Pecharunt\n|-supereffective|p1a: Pecharunt\n|-damage|p1a: Pecharunt|0 fnt\n|faint|p1a: Pecharunt\n|\n|-heal|p2a: Pecharunt|94/100|[from] item: Leftovers\n|upkeep\n|\n|t:|1771269320\n|switch|p1a: Tyranitar|Tyranitar, M|100/100\n|-damage|p1a: Tyranitar|88/100|[from] Stealth Rock\n|-weather|Sandstorm|[from] ability: Sand Stream|[of] p1a: Tyranitar\n|turn|10\n|\n|t:|1771269328\n|switch|p2a: Probopass|Probopass, M|94/100\n|-damage|p2a: Probopass|88/100|[from] Stealth Rock\n|move|p1a: Tyranitar|Knock Off|p2a: Probopass\n|-damage|p2a: Probopass|36/100\n|-damage|p1a: Tyranitar|72/100|[from] item: Rocky Helmet|[of] p2a: Probopass\n|-enditem|p2a: Probopass|Rocky Helmet|[from] move: Knock Off|[of] p1a: Tyranitar\n|\n|-weather|Sandstorm|[upkeep]\n|upkeep\n|turn|11\n|\n|t:|1771269340\n|switch|p1a: Garchomp|Garchomp, M|83/100\n|-damage|p1a: Garchomp|77/100|[from] Stealth Rock\n|move|p2a: Probopass|Body Press|p1a: Garchomp\n|-damage|p1a: Garchomp|55/100\n|-damage|p2a: Probopass|23/100|[from] ability: Rough Skin|[of] p1a: Garchomp\n|\n|-weather|Sandstorm|[upkeep]\n|upkeep\n|turn|12\n|\n|t:|1771269353\n|switch|p2a: Ogerpon|Ogerpon-Wellspring, F|95/100\n|-damage|p2a: Ogerpon|82/100|[from] Stealth Rock\n|move|p1a: Garchomp|Earthquake|p2a: Ogerpon\n|-resisted|p2a: Ogerpon\n|-damage|p2a: Ogerpon|54/100\n|\n|-weather|Sandstorm|[upkeep]\n|-damage|p2a: Ogerpon|48/100|[from] Sandstorm\n|upkeep\n|turn|13\n|\n|t:|1771269372\n|move|p2a: Ogerpon|Ivy Cudgel|p1a: Garchomp|[anim] Ivy Cudgel Water\n|-damage|p1a: Garchomp|19/100\n|move|p1a: Garchomp|Dragon Tail|p2a: Ogerpon\n|-damage|p2a: Ogerpon|12/100\n|drag|p2a: Dragapult|Dragapult, M|100/100\n|-damage|p2a: Dragapult|88/100|[from] Stealth Rock\n|\n|-weather|Sandstorm|[upkeep]\n|-damage|p2a: Dragapult|82/100|[from] Sandstorm\n|-heal|p2a: Dragapult|88/100|[from] item: Leftovers\n|upkeep\n|turn|14\n|\n|t:|1771269384\n|move|p2a: Dragapult|Dragon Darts|p1a: Garchomp\n|-supereffective|p1a: Garchomp\n|-damage|p1a: Garchomp|0 fnt\n|faint|p1a: Garchomp\n|\n|-weather|none\n|-heal|p2a: Dragapult|94/100|[from] item: Leftovers\n|upkeep\n|\n|t:|1771269386\n|switch|p1a: Hoopa|Hoopa-Unbound|100/100\n|-damage|p1a: Hoopa|88/100|[from] Stealth Rock\n|turn|15\n|\n|t:|1771269404\n|switch|p2a: Probopass|Probopass, M|23/100\n|-damage|p2a: Probopass|17/100|[from] Stealth Rock\n|move|p1a: Hoopa|Dark Pulse|p2a: Probopass\n|-damage|p2a: Probopass|0 fnt\n|faint|p2a: Probopass\n|\n|upkeep\n|\n|t:|1771269414\n|switch|p2a: Ninetales|Ninetales-Alola, F|100/100\n|-damage|p2a: Ninetales|76/100|[from] Stealth Rock\n|-weather|Snowscape|[from] ability: Snow Warning|[of] p2a: Ninetales\n|turn|16\n|\n|t:|1771269422\n|switch|p1a: Tyranitar|Tyranitar, M|72/100\n|-damage|p1a: Tyranitar|59/100|[from] Stealth Rock\n|-weather|Sandstorm|[from] ability: Sand Stream|[of] p1a: Tyranitar\n|move|p2a: Ninetales|Snowscape|p2a: Ninetales\n|-weather|Snowscape\n|\n|-weather|Snowscape|[upkeep]\n|upkeep\n|turn|17\n|\n|t:|1771269426\n|move|p2a: Ninetales|Aurora Veil|p2a: Ninetales\n|-sidestart|p2: Zerotti|move: Aurora Veil\n|move|p1a: Tyranitar|Stone Edge|p2a: Ninetales\n|-supereffective|p2a: Ninetales\n|-damage|p2a: Ninetales|8/100\n|\n|-weather|Snowscape|[upkeep]\n|upkeep\n|turn|18\n|\n|t:|1771269437\n|switch|p1a: Hoopa|Hoopa-Unbound|88/100\n|-damage|p1a: Hoopa|76/100|[from] Stealth Rock\n|move|p2a: Ninetales|Encore||[still]\n|-fail|p2a: Ninetales\n|\n|-weather|Snowscape|[upkeep]\n|upkeep\n|turn|19\n|\n|t:|1771269440\n|switch|p1a: Tyranitar|Tyranitar, M|59/100\n|-damage|p1a: Tyranitar|47/100|[from] Stealth Rock\n|-weather|Sandstorm|[from] ability: Sand Stream|[of] p1a: Tyranitar\n|move|p2a: Ninetales|Freeze-Dry|p1a: Tyranitar\n|-damage|p1a: Tyranitar|34/100\n|\n|-weather|Sandstorm|[upkeep]\n|-damage|p2a: Ninetales|2/100|[from] Sandstorm\n|upkeep\n|turn|20\n|l| Box Scammer\n|\n|t:|1771269448\n|switch|p1a: Hoopa|Hoopa-Unbound|76/100\n|-damage|p1a: Hoopa|64/100|[from] Stealth Rock\n|move|p2a: Ninetales|Freeze-Dry|p1a: Hoopa\n|-damage|p1a: Hoopa|44/100\n|\n|-weather|Sandstorm|[upkeep]\n|-damage|p1a: Hoopa|38/100|[from] Sandstorm\n|-damage|p2a: Ninetales|0 fnt|[from] Sandstorm\n|faint|p2a: Ninetales\n|upkeep\n|\n|t:|1771269467\n|switch|p2a: Ogerpon|Ogerpon-Wellspring, F|12/100\n|-damage|p2a: Ogerpon|0 fnt|[from] Stealth Rock\n|faint|p2a: Ogerpon\n|\n|t:|1771269470\n|switch|p2a: Pecharunt|Pecharunt|94/100\n|-damage|p2a: Pecharunt|82/100|[from] Stealth Rock\n|turn|21\n|\n|t:|1771269479\n|-terastallize|p2a: Pecharunt|Fairy\n|move|p1a: Hoopa|Psychic|p2a: Pecharunt\n|-damage|p2a: Pecharunt|55/100\n|move|p2a: Pecharunt|Nasty Plot|p2a: Pecharunt\n|-boost|p2a: Pecharunt|spa|2\n|\n|-weather|Sandstorm|[upkeep]\n|-damage|p1a: Hoopa|32/100|[from] Sandstorm\n|-damage|p2a: Pecharunt|49/100|[from] Sandstorm\n|-heal|p2a: Pecharunt|55/100|[from] item: Leftovers\n|upkeep\n|turn|22\n|\n|t:|1771269493\n|move|p1a: Hoopa|Psychic|p2a: Pecharunt\n|-damage|p2a: Pecharunt|27/100\n|move|p2a: Pecharunt|Shadow Ball|p1a: Hoopa\n|-damage|p1a: Hoopa|0 fnt\n|faint|p1a: Hoopa\n|\n|-weather|Sandstorm|[upkeep]\n|-damage|p2a: Pecharunt|21/100|[from] Sandstorm\n|-heal|p2a: Pecharunt|27/100|[from] item: Leftovers\n|upkeep\n|\n|t:|1771269499\n|switch|p1a: Excadrill|Excadrill, M|100/100\n|-damage|p1a: Excadrill|97/100|[from] Stealth Rock\n|turn|23\n|\n|t:|1771269503\n|move|p1a: Excadrill|Substitute|p1a: Excadrill\n|-start|p1a: Excadrill|Substitute\n|-damage|p1a: Excadrill|73/100\n|move|p2a: Pecharunt|Shadow Ball|p1a: Excadrill\n|-end|p1a: Excadrill|Substitute\n|\n|-weather|none\n|-heal|p1a: Excadrill|79/100|[from] item: Leftovers\n|-heal|p2a: Pecharunt|33/100|[from] item: Leftovers\n|upkeep\n|turn|24\n|\n|t:|1771269511\n|move|p1a: Excadrill|Substitute|p1a: Excadrill\n|-start|p1a: Excadrill|Substitute\n|-damage|p1a: Excadrill|54/100\n|move|p2a: Pecharunt|Shadow Ball|p1a: Excadrill\n|-end|p1a: Excadrill|Substitute\n|\n|-heal|p1a: Excadrill|60/100|[from] item: Leftovers\n|-heal|p2a: Pecharunt|39/100|[from] item: Leftovers\n|-sideend|p2: Zerotti|move: Aurora Veil\n|upkeep\n|turn|25\n|\n|t:|1771269515\n|move|p1a: Excadrill|Earthquake|p2a: Pecharunt\n|-damage|p2a: Pecharunt|7/100\n|move|p2a: Pecharunt|Shadow Ball|p1a: Excadrill\n|-damage|p1a: Excadrill|0 fnt\n|faint|p1a: Excadrill\n|\n|-heal|p2a: Pecharunt|13/100|[from] item: Leftovers\n|upkeep\n|\n|t:|1771269518\n|switch|p1a: Tyranitar|Tyranitar, M|34/100\n|-damage|p1a: Tyranitar|21/100|[from] Stealth Rock\n|-weather|Sandstorm|[from] ability: Sand Stream|[of] p1a: Tyranitar\n|turn|26\n|\n|t:|1771269522\n|move|p2a: Pecharunt|Recover|p2a: Pecharunt\n|-heal|p2a: Pecharunt|63/100\n|move|p1a: Tyranitar|Ice Punch|p2a: Pecharunt\n|-damage|p2a: Pecharunt|36/100\n|\n|-weather|Sandstorm|[upkeep]\n|-damage|p2a: Pecharunt|30/100|[from] Sandstorm\n|-heal|p2a: Pecharunt|36/100|[from] item: Leftovers\n|upkeep\n|turn|27\n|\n|t:|1771269527\n|move|p2a: Pecharunt|Recover|p2a: Pecharunt\n|-heal|p2a: Pecharunt|86/100\n|move|p1a: Tyranitar|Ice Punch|p2a: Pecharunt\n|-damage|p2a: Pecharunt|60/100\n|\n|-weather|Sandstorm|[upkeep]\n|-damage|p2a: Pecharunt|54/100|[from] Sandstorm\n|-heal|p2a: Pecharunt|60/100|[from] item: Leftovers\n|upkeep\n|turn|28\n|\n|t:|1771269530\n|move|p2a: Pecharunt|Recover|p2a: Pecharunt\n|-heal|p2a: Pecharunt|100/100\n|move|p1a: Tyranitar|Ice Punch|p2a: Pecharunt\n|-damage|p2a: Pecharunt|74/100\n|\n|-weather|Sandstorm|[upkeep]\n|-damage|p2a: Pecharunt|68/100|[from] Sandstorm\n|-heal|p2a: Pecharunt|74/100|[from] item: Leftovers\n|upkeep\n|turn|29\n|\n|t:|1771269534\n|move|p2a: Pecharunt|Nasty Plot|p2a: Pecharunt\n|-boost|p2a: Pecharunt|spa|2\n|move|p1a: Tyranitar|Ice Punch|p2a: Pecharunt\n|-damage|p2a: Pecharunt|47/100\n|\n|-weather|Sandstorm|[upkeep]\n|-damage|p2a: Pecharunt|41/100|[from] Sandstorm\n|-heal|p2a: Pecharunt|47/100|[from] item: Leftovers\n|upkeep\n|turn|30\n|\n|t:|1771269539\n|move|p2a: Pecharunt|Recover|p2a: Pecharunt\n|-heal|p2a: Pecharunt|97/100\n|move|p1a: Tyranitar|Ice Punch|p2a: Pecharunt\n|-damage|p2a: Pecharunt|71/100\n|\n|-weather|none\n|-heal|p2a: Pecharunt|77/100|[from] item: Leftovers\n|upkeep\n|turn|31\n|\n|t:|1771269542\n|move|p2a: Pecharunt|Malignant Chain|p1a: Tyranitar\n|-resisted|p1a: Tyranitar\n|-crit|p1a: Tyranitar\n|-damage|p1a: Tyranitar|0 fnt\n|faint|p1a: Tyranitar\n|\n|-heal|p2a: Pecharunt|83/100|[from] item: Leftovers\n|upkeep\n|\n|t:|1771269544\n|switch|p1a: Dragonite|Dragonite, M|100/100\n|turn|32\n|\n|t:|1771269548\n|-terastallize|p1a: Dragonite|Ghost\n|move|p2a: Pecharunt|Malignant Chain|p1a: Dragonite\n|-resisted|p1a: Dragonite\n|-crit|p1a: Dragonite\n|-damage|p1a: Dragonite|61/100\n|-status|p1a: Dragonite|tox\n|-start|p1a: Dragonite|confusion|[from] ability: Poison Puppeteer|[of] p2a: Pecharunt\n|-activate|p1a: Dragonite|confusion\n|-damage|p1a: Dragonite|47/100 tox|[from] confusion\n|\n|-heal|p2a: Pecharunt|89/100|[from] item: Leftovers\n|-damage|p1a: Dragonite|41/100 tox|[from] psn\n|upkeep\n|turn|33\n|-message|fleep vs floop forfeited.\n|\n|win|Zerotti\n|raw|fleep vs floop's rating: 1666 &rarr; <strong>1644</strong><br />(-22 for losing)\n|raw|Zerotti's rating: 1629 &rarr; <strong>1651</strong><br />(+22 for winning)\n|l|☆fleep vs floop\n|player|p1|\n|l| imSilverLike\n|l|☆Zerotti\n|player|p2|\n", "uploadtime": 1771269746, "views": 2, "formatid": "gen9ou", "rating": 1644, "private": 0, "password": null}