{"id": "gen9ou-2540708890", "format": "[Gen 9] OU", "players": ["dante1310", "Polgre VII"], "log": "|j|☆dante1310\n|j|☆Polgre VII\n|t:|1771243833\n|gametype|singles\n|player|p1|dante1310|morty-gen2|1632\n|player|p2|Polgre VII|drayden|1670\n|gen|9\n|tier|[Gen 9] OU\n|rated|\n|rule|HP Percentage Mod: HP is shown in percentages\n|rule|Endless Battle Clause: Forcing endless battles is banned\n|rule|Species Clause: Limit one of each Pokémon\n|rule|OHKO Clause: OHKO moves are banned\n|rule|Evasion Items Clause: Evasion items are banned\n|rule|Evasion Moves Clause: Evasion moves are banned\n|rule|Evasion Abilities Clause: Evasion abilities are banned\n|rule|Sleep Moves Clause: Sleep-inducing moves are banned\n|clearpoke\n|poke|p1|Tyranitar, M|\n|poke|p1|Excadrill, M|\n|poke|p1|Hydrapple, F|\n|poke|p1|Moltres|\n|poke|p1|Azumarill, F|\n|poke|p1|Slowking-Galar, F|\n|poke|p2|Iron Moth|\n|poke|p2|Kingambit, M|\n|poke|p2|Dragonite, F|\n|poke|p2|Ogerpon-Cornerstone, F|\n|poke|p2|Iron Valiant|\n|poke|p2|Raging Bolt|\n|teampreview\n|\n|t:|1771243847\n|teamsize|p1|6\n|teamsize|p2|6\n|start\n|switch|p1a: Tyranitar|Tyranitar, M|100/100\n|switch|p2a: Ogerpon|Ogerpon-Cornerstone, F|100/100\n|-weather|Sandstorm|[from] ability: Sand Stream|[of] p1a: Tyranitar\n|turn|1\n|\n|t:|1771243853\n|move|p2a: Ogerpon|Power Whip|p1a: Tyranitar\n|-supereffective|p1a: Tyranitar\n|-damage|p1a: Tyranitar|0 fnt\n|faint|p1a: Tyranitar\n|\n|-weather|Sandstorm|[upkeep]\n|upkeep\n|\n|t:|1771243859\n|switch|p1a: Hydrapple|Hydrapple, F|100/100\n|turn|2\n|\n|t:|1771243864\n|move|p2a: Ogerpon|Knock Off|p1a: Hydrapple\n|-damage|p1a: Hydrapple|77/100\n|-enditem|p1a: Hydrapple|Heavy-Duty Boots|[from] move: Knock Off|[of] p2a: Ogerpon\n|move|p1a: Hydrapple|Nasty Plot|p1a: Hydrapple\n|-boost|p1a: Hydrapple|spa|2\n|\n|-weather|Sandstorm|[upkeep]\n|-damage|p1a: Hydrapple|71/100|[from] Sandstorm\n|upkeep\n|turn|3\n|\n|t:|1771243871\n|move|p2a: Ogerpon|Ivy Cudgel|p1a: Hydrapple|[anim] Ivy Cudgel Rock\n|-crit|p1a: Hydrapple\n|-damage|p1a: Hydrapple|22/100\n|move|p1a: Hydrapple|Giga Drain|p2a: Ogerpon\n|-damage|p2a: Ogerpon|52/100\n|-heal|p1a: Hydrapple|40/100|[from] drain|[of] p2a: Ogerpon\n|\n|-weather|Sandstorm|[upkeep]\n|-damage|p1a: Hydrapple|34/100|[from] Sandstorm\n|upkeep\n|turn|4\n|\n|t:|1771243877\n|move|p2a: Ogerpon|Ivy Cudgel|p1a: Hydrapple|[anim] Ivy Cudgel Rock\n|-damage|p1a: Hydrapple|3/100\n|move|p1a: Hydrapple|Giga Drain|p2a: Ogerpon\n|-damage|p2a: Ogerpon|8/100\n|-heal|p1a: Hydrapple|18/100|[from] drain|[of] p2a: Ogerpon\n|\n|-weather|Sandstorm|[upkeep]\n|-damage|p1a: Hydrapple|12/100|[from] Sandstorm\n|upkeep\n|turn|5\n|\n|t:|1771243887\n|move|p2a: Ogerpon|Ivy Cudgel|p1a: Hydrapple|[anim] Ivy Cudgel Rock\n|-damage|p1a: Hydrapple|0 fnt\n|faint|p1a: Hydrapple\n|\n|-weather|none\n|upkeep\n|\n|t:|1771243889\n|switch|p1a: Azumarill|Azumarill, F|100/100\n|turn|6\n|\n|t:|1771243892\n|move|p1a: Azumarill|Aqua Jet|p2a: Ogerpon\n|-damage|p2a: Ogerpon|0 fnt\n|faint|p2a: Ogerpon\n|\n|upkeep\n|\n|t:|1771243897\n|switch|p2a: Kingambit|Kingambit, M|100/100\n|-activate|p2a: Kingambit|ability: Supreme Overlord\n|-start|p2a: Kingambit|fallen1|[silent]\n|turn|7\n|\n|t:|1771243901\n|move|p2a: Kingambit|Iron Head|p1a: Azumarill\n|-damage|p1a: Azumarill|51/100\n|move|p1a: Azumarill|Liquidation|p2a: Kingambit\n|-damage|p2a: Kingambit|57/100\n|\n|upkeep\n|turn|8\n|\n|t:|1771243907\n|switch|p1a: Moltres|Moltres|100/100\n|move|p2a: Kingambit|Iron Head|p1a: Moltres\n|-resisted|p1a: Moltres\n|-damage|p1a: Moltres|83/100\n|\n|upkeep\n|turn|9\n|\n|t:|1771243911\n|move|p1a: Moltres|U-turn|p2a: Kingambit\n|-damage|p2a: Kingambit|43/100\n|\n|t:|1771243914\n|switch|p1a: Azumarill|Azumarill, F|51/100|[from] U-turn\n|move|p2a: Kingambit|Kowtow Cleave|p1a: Azumarill\n|-resisted|p1a: Azumarill\n|-damage|p1a: Azumarill|24/100\n|\n|upkeep\n|turn|10\n|\n|t:|1771243917\n|switch|p1a: Moltres|Moltres|83/100\n|move|p2a: Kingambit|Iron Head|p1a: Moltres\n|-resisted|p1a: Moltres\n|-damage|p1a: Moltres|67/100\n|\n|upkeep\n|turn|11\n|\n|t:|1771243928\n|-end|p2a: Kingambit|fallen1|[silent]\n|switch|p2a: Raging Bolt|Raging Bolt|100/100\n|-enditem|p2a: Raging Bolt|Booster Energy\n|-activate|p2a: Raging Bolt|ability: Protosynthesis|[fromitem]\n|-start|p2a: Raging Bolt|protosynthesisspa\n|move|p1a: Moltres|Roost|p1a: Moltres\n|-heal|p1a: Moltres|100/100\n|-singleturn|p1a: Moltres|move: Roost\n|\n|upkeep\n|turn|12\n|\n|t:|1771243933\n|switch|p1a: Excadrill|Excadrill, M|100/100\n|move|p2a: Raging Bolt|Dragon Pulse|p1a: Excadrill\n|-resisted|p1a: Excadrill\n|-damage|p1a: Excadrill|55/100\n|\n|-heal|p1a: Excadrill|61/100|[from] item: Leftovers\n|upkeep\n|turn|13\n|\n|t:|1771243941\n|-end|p2a: Raging Bolt|Protosynthesis|[silent]\n|switch|p2a: Iron Valiant|Iron Valiant|100/100\n|-enditem|p2a: Iron Valiant|Booster Energy\n|-activate|p2a: Iron Valiant|ability: Quark Drive|[fromitem]\n|-start|p2a: Iron Valiant|quarkdrivespe\n|move|p1a: Excadrill|Substitute|p1a: Excadrill\n|-start|p1a: Excadrill|Substitute\n|-damage|p1a: Excadrill|36/100\n|\n|-heal|p1a: Excadrill|42/100|[from] item: Leftovers\n|upkeep\n|turn|14\n|\n|t:|1771243947\n|move|p2a: Iron Valiant|Knock Off|p1a: Excadrill\n|-end|p1a: Excadrill|Substitute\n|move|p1a: Excadrill|Earthquake|p2a: Iron Valiant\n|-damage|p2a: Iron Valiant|35/100\n|\n|-heal|p1a: Excadrill|48/100|[from] item: Leftovers\n|upkeep\n|turn|15\n|\n|t:|1771243951\n|switch|p1a: Moltres|Moltres|100/100\n|move|p2a: Iron Valiant|Close Combat|p1a: Moltres\n|-resisted|p1a: Moltres\n|-damage|p1a: Moltres|77/100\n|-unboost|p2a: Iron Valiant|def|1\n|-unboost|p2a: Iron Valiant|spd|1\n|\n|upkeep\n|turn|16\n|\n|t:|1771243955\n|move|p2a: Iron Valiant|Destiny Bond|p2a: Iron Valiant\n|-singlemove|p2a: Iron Valiant|Destiny Bond\n|move|p1a: Moltres|Flamethrower|p2a: Iron Valiant\n|-damage|p2a: Iron Valiant|0 fnt\n|faint|p2a: Iron Valiant\n|-activate|p2a: Iron Valiant|move: Destiny Bond\n|-end|p2a: Iron Valiant|Quark Drive|[silent]\n|faint|p1a: Moltres\n|\n|upkeep\n|inactive|Battle timer is ON: inactive players will automatically lose when time's up. (requested by dante1310)\n|\n|t:|1771243961\n|switch|p2a: Raging Bolt|Raging Bolt|100/100\n|switch|p1a: Azumarill|Azumarill, F|24/100\n|turn|17\n|\n|t:|1771243965\n|switch|p1a: Excadrill|Excadrill, M|48/100\n|move|p2a: Raging Bolt|Thunderbolt|p1a: Excadrill\n|-immune|p1a: Excadrill\n|\n|-heal|p1a: Excadrill|54/100|[from] item: Leftovers\n|upkeep\n|turn|18\n|\n|t:|1771243969\n|move|p1a: Excadrill|Earthquake|p2a: Raging Bolt\n|-supereffective|p2a: Raging Bolt\n|-damage|p2a: Raging Bolt|8/100\n|move|p2a: Raging Bolt|Dragon Pulse|p1a: Excadrill\n|-resisted|p1a: Excadrill\n|-damage|p1a: Excadrill|22/100\n|\n|-heal|p1a: Excadrill|28/100|[from] item: Leftovers\n|upkeep\n|turn|19\n|\n|t:|1771243975\n|move|p1a: Excadrill|Rapid Spin|p2a: Raging Bolt\n|-damage|p2a: Raging Bolt|0 fnt\n|-boost|p1a: Excadrill|spe|1\n|faint|p2a: Raging Bolt\n|-end|p2a: Raging Bolt|Protosynthesis|[silent]\n|\n|-heal|p1a: Excadrill|35/100|[from] item: Leftovers\n|upkeep\n|\n|t:|1771243982\n|switch|p2a: Dragonite|Dragonite, F|100/100\n|turn|20\n|\n|t:|1771243987\n|move|p1a: Excadrill|Rock Slide|p2a: Dragonite\n|-supereffective|p2a: Dragonite\n|-damage|p2a: Dragonite|73/100\n|cant|p2a: Dragonite|flinch\n|\n|-heal|p1a: Excadrill|41/100|[from] item: Leftovers\n|upkeep\n|turn|21\n|\n|t:|1771244003\n|move|p1a: Excadrill|Earthquake|p2a: Dragonite\n|-immune|p2a: Dragonite\n|move|p2a: Dragonite|Earthquake|p1a: Excadrill\n|-supereffective|p1a: Excadrill\n|-damage|p1a: Excadrill|0 fnt\n|faint|p1a: Excadrill\n|\n|upkeep\n|-message|dante1310 forfeited.\n|\n|win|Polgre VII\n|raw|dante1310's rating: 1632 &rarr; <strong>1614</strong><br />(-18 for losing)\n|raw|Polgre VII's rating: 1670 &rarr; <strong>1688</strong><br />(+18 for winning)\n|l|☆dante1310\n|player|p1|\n|l|☆Polgre VII\n|player|p2|\n|j|☆dante1310\n|player|p1|dante1310|morty-gen2|\n|l|☆dante1310\n|player|p1|\n", "uploadtime": 1771244257, "views": 12, "formatid": "gen9ou", "rating": 1614, "private": 0, "password": null}