{"id": "gen9ou-2639315260", "format": "[Gen 9] OU", "players": ["tooeasybabyseeya", "thirtiseven"], "log": "|j|☆tooeasybabyseeya\n|j|☆thirtiseven\n|t:|1782451540\n|gametype|singles\n|player|p1|tooeasybabyseeya|swimmer-gen4dp|1221\n|player|p2|thirtiseven|baker|1270\n|gen|9\n|tier|[Gen 9] OU\n|rated|\n|rule|HP Percentage Mod: HP is shown in percentages\n|rule|Endless Battle Clause: Forcing endless battles is banned\n|rule|Species Clause: Limit one of each Pokémon\n|rule|OHKO Clause: OHKO moves are banned\n|rule|Evasion Items Clause: Evasion items are banned\n|rule|Evasion Moves Clause: Evasion moves are banned\n|rule|Evasion Abilities Clause: Evasion abilities are banned\n|rule|Sleep Moves Clause: Sleep-inducing moves are banned\n|clearpoke\n|poke|p1|Pelipper, M|\n|poke|p1|Iron Treads|\n|poke|p1|Kingdra, F|\n|poke|p1|Poliwrath, F|\n|poke|p1|Toxicroak, M|\n|poke|p1|Raging Bolt|\n|poke|p2|Latias, F|\n|poke|p2|Kingambit, M|\n|poke|p2|Ceruledge, F|\n|poke|p2|Kyurem|\n|poke|p2|Great Tusk|\n|poke|p2|Yanmega, M|\n|teampreview\n|inactive|Battle timer is ON: inactive players will automatically lose when time's up. (requested by tooeasybabyseeya)\n|\n|t:|1782451546\n|teamsize|p1|6\n|teamsize|p2|6\n|start\n|switch|p1a: Pelipper|Pelipper, M|100/100\n|switch|p2a: Kyurem|Kyurem|100/100\n|-ability|p2a: Kyurem|Pressure\n|-weather|RainDance|[from] ability: Drizzle|[of] p1a: Pelipper\n|turn|1\n|\n|t:|1782451575\n|move|p2a: Kyurem|Ice Beam|p1a: Pelipper\n|-damage|p1a: Pelipper|39/100\n|move|p1a: Pelipper|U-turn|p2a: Kyurem\n|-damage|p2a: Kyurem|93/100\n|\n|t:|1782451582\n|switch|p1a: Poliwrath|Poliwrath, F|100/100|[from] U-turn\n|\n|-weather|RainDance|[upkeep]\n|upkeep\n|turn|2\n|\n|t:|1782451588\n|move|p1a: Poliwrath|Knock Off|p2a: Kyurem\n|-damage|p2a: Kyurem|56/100\n|-enditem|p2a: Kyurem|Assault Vest|[from] move: Knock Off|[of] p1a: Poliwrath\n|move|p2a: Kyurem|Freeze-Dry|p1a: Poliwrath\n|-supereffective|p1a: Poliwrath\n|-damage|p1a: Poliwrath|23/100\n|\n|-weather|RainDance|[upkeep]\n|upkeep\n|turn|3\n|\n|t:|1782451607\n|switch|p1a: Iron Treads|Iron Treads|100/100\n|-enditem|p1a: Iron Treads|Booster Energy\n|-activate|p1a: Iron Treads|ability: Quark Drive|[fromitem]\n|-start|p1a: Iron Treads|quarkdrivespe\n|move|p2a: Kyurem|Freeze-Dry|p1a: Iron Treads\n|-damage|p1a: Iron Treads|60/100\n|\n|-weather|RainDance|[upkeep]\n|upkeep\n|turn|4\n|\n|t:|1782451620\n|move|p1a: Iron Treads|Stealth Rock|p2a: Kyurem\n|-sidestart|p2: thirtiseven|move: Stealth Rock\n|move|p2a: Kyurem|Ice Beam|p1a: Iron Treads\n|-damage|p1a: Iron Treads|9/100\n|-status|p1a: Iron Treads|frz\n|\n|-weather|RainDance|[upkeep]\n|upkeep\n|turn|5\n|\n|t:|1782451630\n|switch|p2a: Great Tusk|Great Tusk|100/100\n|-damage|p2a: Great Tusk|98/100|[from] Stealth Rock\n|cant|p1a: Iron Treads|frz\n|\n|-weather|RainDance|[upkeep]\n|upkeep\n|turn|6\n|\n|t:|1782451636\n|cant|p1a: Iron Treads|frz\n|move|p2a: Great Tusk|Rapid Spin|p1a: Iron Treads\n|-resisted|p1a: Iron Treads\n|-damage|p1a: Iron Treads|3/100 frz\n|-boost|p2a: Great Tusk|spe|1\n|-sideend|p2: thirtiseven|Stealth Rock|[from] move: Rapid Spin|[of] p2a: Great Tusk\n|\n|-weather|RainDance|[upkeep]\n|upkeep\n|turn|7\n|\n|t:|1782451647\n|cant|p1a: Iron Treads|frz\n|move|p2a: Great Tusk|Rapid Spin|p1a: Iron Treads\n|-resisted|p1a: Iron Treads\n|-damage|p1a: Iron Treads|0 fnt\n|-boost|p2a: Great Tusk|spe|1\n|faint|p1a: Iron Treads\n|-end|p1a: Iron Treads|Quark Drive|[silent]\n|\n|-weather|RainDance|[upkeep]\n|upkeep\n|c|☆tooeasybabyseeya|bull shit\n|\n|t:|1782451657\n|switch|p1a: Kingdra|Kingdra, F|100/100\n|turn|8\n|inactive|thirtiseven has 120 seconds left.\n|\n|t:|1782451699\n|move|p2a: Great Tusk|Stealth Rock|p1a: Kingdra\n|-sidestart|p1: tooeasybabyseeya|move: Stealth Rock\n|move|p1a: Kingdra|Flip Turn|p2a: Great Tusk\n|-supereffective|p2a: Great Tusk\n|-damage|p2a: Great Tusk|66/100\n|-damage|p1a: Kingdra|84/100|[from] item: Rocky Helmet|[of] p2a: Great Tusk\n|inactive|tooeasybabyseeya has 120 seconds left.\n|\n|t:|1782451731\n|switch|p1a: Toxicroak|Toxicroak, M|100/100|[from] Flip Turn\n|-damage|p1a: Toxicroak|94/100|[from] Stealth Rock\n|\n|-weather|none\n|upkeep\n|turn|9\n|inactive|thirtiseven has 120 seconds left.\n|\n|t:|1782451744\n|move|p2a: Great Tusk|Headlong Rush|p1a: Toxicroak\n|-supereffective|p1a: Toxicroak\n|-damage|p1a: Toxicroak|5/100\n|-unboost|p2a: Great Tusk|def|1\n|-unboost|p2a: Great Tusk|spd|1\n|-damage|p2a: Great Tusk|49/100|[from] item: Rocky Helmet|[of] p1a: Toxicroak\n|move|p1a: Toxicroak|Toxic|p2a: Great Tusk\n|-status|p2a: Great Tusk|tox\n|\n|-damage|p2a: Great Tusk|43/100 tox|[from] psn\n|upkeep\n|turn|10\n|inactive|thirtiseven has 120 seconds left.\n|\n|t:|1782451755\n|move|p2a: Great Tusk|Rapid Spin|p1a: Toxicroak\n|-damage|p1a: Toxicroak|0 fnt\n|-boost|p2a: Great Tusk|spe|1\n|-damage|p2a: Great Tusk|26/100 tox|[from] item: Rocky Helmet|[of] p1a: Toxicroak\n|faint|p1a: Toxicroak\n|\n|-damage|p2a: Great Tusk|14/100 tox|[from] psn\n|upkeep\n|\n|t:|1782451762\n|switch|p1a: Pelipper|Pelipper, M|39/100\n|-damage|p1a: Pelipper|14/100|[from] Stealth Rock\n|-weather|RainDance|[from] ability: Drizzle|[of] p1a: Pelipper\n|turn|11\n|\n|t:|1782451768\n|move|p2a: Great Tusk|Ice Spinner|p1a: Pelipper\n|-damage|p1a: Pelipper|0 fnt\n|faint|p1a: Pelipper\n|\n|-weather|RainDance|[upkeep]\n|-damage|p2a: Great Tusk|0 fnt|[from] psn\n|faint|p2a: Great Tusk\n|-end|p2a: Great Tusk|Protosynthesis|[silent]\n|upkeep\n|inactive|thirtiseven has 120 seconds left.\n|inactive|thirtiseven has 90 seconds left.\n|\n|t:|1782451820\n|switch|p2a: Kyurem|Kyurem|56/100\n|switch|p1a: Kingdra|Kingdra, F|84/100\n|-damage|p1a: Kingdra|72/100|[from] Stealth Rock\n|-ability|p2a: Kyurem|Pressure\n|turn|12\n|inactive|thirtiseven has 90 seconds left.\n|\n|t:|1782451841\n|switch|p2a: Kingambit|Kingambit, M|100/100\n|-activate|p2a: Kingambit|ability: Supreme Overlord\n|-start|p2a: Kingambit|fallen1|[silent]\n|move|p1a: Kingdra|Draco Meteor|p2a: Kingambit|[miss]\n|-miss|p1a: Kingdra|p2a: Kingambit\n|\n|-weather|RainDance|[upkeep]\n|upkeep\n|turn|13\n|c|☆tooeasybabyseeya|lucky fucker\n|\n|t:|1782451855\n|switch|p1a: Poliwrath|Poliwrath, F|23/100\n|-damage|p1a: Poliwrath|17/100|[from] Stealth Rock\n|move|p2a: Kingambit|Swords Dance|p2a: Kingambit\n|-boost|p2a: Kingambit|atk|2\n|\n|-weather|RainDance|[upkeep]\n|upkeep\n|turn|14\n|inactive|thirtiseven has 90 seconds left.\n|\n|t:|1782451864\n|move|p2a: Kingambit|Sucker Punch|p1a: Poliwrath\n|-resisted|p1a: Poliwrath\n|-damage|p1a: Poliwrath|0 fnt\n|faint|p1a: Poliwrath\n|\n|-weather|RainDance|[upkeep]\n|upkeep\n|\n|t:|1782451869\n|switch|p1a: Kingdra|Kingdra, F|72/100\n|-damage|p1a: Kingdra|59/100|[from] Stealth Rock\n|turn|15\n|\n|t:|1782451875\n|move|p2a: Kingambit|Sucker Punch|p1a: Kingdra\n|-crit|p1a: Kingdra\n|-damage|p1a: Kingdra|0 fnt\n|faint|p1a: Kingdra\n|\n|-weather|RainDance|[upkeep]\n|upkeep\n|n|!tooeasybabyseeya|tooeasybabyseeya\n|\n|t:|1782451891\n|switch|p1a: Raging Bolt|Raging Bolt|100/100\n|-damage|p1a: Raging Bolt|88/100|[from] Stealth Rock\n|-enditem|p1a: Raging Bolt|Booster Energy\n|-activate|p1a: Raging Bolt|ability: Protosynthesis|[fromitem]\n|-start|p1a: Raging Bolt|protosynthesisspa\n|turn|16\n|\n|t:|1782451914\n|move|p1a: Raging Bolt|Thunder|p2a: Kingambit\n|-damage|p2a: Kingambit|10/100\n|move|p2a: Kingambit|Kowtow Cleave|p1a: Raging Bolt\n|-damage|p1a: Raging Bolt|0 fnt\n|faint|p1a: Raging Bolt\n|-end|p1a: Raging Bolt|Protosynthesis|[silent]\n|\n|win|thirtiseven\n", "uploadtime": 1782451884, "views": 3, "formatid": "gen9ou", "rating": null, "private": 0, "password": null}