{"id": "gen9ou-2639272180", "format": "[Gen 9] OU", "players": ["fludermay", "msean3"], "log": "|j|☆fludermay\n|j|‽msean3\n|t:|1782443764\n|gametype|singles\n|player|p1|fludermay|erika|1476\n|player|p2|msean3|101|1527\n|gen|9\n|tier|[Gen 9] OU\n|rated|\n|rule|HP Percentage Mod: HP is shown in percentages\n|rule|Endless Battle Clause: Forcing endless battles is banned\n|rule|Species Clause: Limit one of each Pokémon\n|rule|OHKO Clause: OHKO moves are banned\n|rule|Evasion Items Clause: Evasion items are banned\n|rule|Evasion Moves Clause: Evasion moves are banned\n|rule|Evasion Abilities Clause: Evasion abilities are banned\n|rule|Sleep Moves Clause: Sleep-inducing moves are banned\n|clearpoke\n|poke|p1|Slowking-Galar, F|\n|poke|p1|Ting-Lu|\n|poke|p1|Hydrapple, F|\n|poke|p1|Corviknight, F|\n|poke|p1|Cinderace, F|\n|poke|p1|Dondozo, F|\n|poke|p2|Darkrai|\n|poke|p2|Alomomola, M|\n|poke|p2|Corviknight, M|\n|poke|p2|Weezing-Galar, F|\n|poke|p2|Garchomp, M|\n|poke|p2|Ogerpon, F|\n|teampreview\n|inactive|Battle timer is ON: inactive players will automatically lose when time's up. (requested by fludermay)\n|\n|t:|1782443793\n|teamsize|p1|6\n|teamsize|p2|6\n|start\n|switch|p1a: Cinderace|Cinderace, F|100/100\n|switch|p2a: Darkrai|Darkrai|100/100\n|turn|1\n|\n|t:|1782443802\n|switch|p2a: Garchomp|Garchomp, M|100/100\n|move|p1a: Cinderace|Pyro Ball|p2a: Garchomp\n|-resisted|p2a: Garchomp\n|-damage|p2a: Garchomp|85/100\n|-status|p2a: Garchomp|brn\n|\n|-damage|p2a: Garchomp|79/100 brn|[from] brn\n|upkeep\n|turn|2\n|\n|t:|1782443813\n|switch|p1a: Corviknight|Corviknight, F, shiny|100/100\n|-ability|p1a: Corviknight|Pressure\n|move|p2a: Garchomp|Stealth Rock|p1a: Corviknight\n|-sidestart|p1: fludermay|move: Stealth Rock\n|\n|-damage|p2a: Garchomp|73/100 brn|[from] brn\n|upkeep\n|turn|3\n|\n|t:|1782443821\n|switch|p2a: Ogerpon|Ogerpon, F|100/100\n|move|p1a: Corviknight|Defog|p2a: Ogerpon\n|-unboost|p2a: Ogerpon|evasion|1\n|-ability|p2a: Ogerpon|Defiant|boost\n|-boost|p2a: Ogerpon|atk|2\n|-sideend|p1: fludermay|Stealth Rock|[from] move: Defog|[of] p1a: Corviknight\n|\n|upkeep\n|turn|4\n|\n|t:|1782443828\n|switch|p1a: Hydrapple|Hydrapple, F|100/100\n|move|p2a: Ogerpon|Encore||[still]\n|-fail|p2a: Ogerpon\n|\n|upkeep\n|turn|5\n|\n|t:|1782443838\n|move|p2a: Ogerpon|U-turn|p1a: Hydrapple\n|-supereffective|p1a: Hydrapple\n|-damage|p1a: Hydrapple|48/100\n|\n|t:|1782443841\n|switch|p2a: Corviknight|Corviknight, M|100/100|[from] U-turn\n|-ability|p2a: Corviknight|Pressure\n|move|p1a: Hydrapple|Nasty Plot|p1a: Hydrapple\n|-boost|p1a: Hydrapple|spa|2\n|\n|-heal|p1a: Hydrapple|54/100|[from] item: Leftovers\n|upkeep\n|turn|6\n|\n|t:|1782443847\n|move|p2a: Corviknight|Brave Bird|p1a: Hydrapple\n|-supereffective|p1a: Hydrapple\n|-damage|p1a: Hydrapple|8/100\n|-damage|p2a: Corviknight|85/100|[from] Recoil\n|move|p1a: Hydrapple|Fickle Beam|p2a: Corviknight|[anim] Fickle Beam All Out\n|-activate|p1a: Hydrapple|move: Fickle Beam\n|-resisted|p2a: Corviknight\n|-damage|p2a: Corviknight|35/100\n|\n|-heal|p2a: Corviknight|42/100|[from] item: Leftovers\n|-heal|p1a: Hydrapple|15/100|[from] item: Leftovers\n|upkeep\n|turn|7\n|\n|t:|1782443857\n|switch|p1a: Cinderace|Cinderace, F|100/100\n|move|p2a: Corviknight|U-turn|p1a: Cinderace\n|-resisted|p1a: Cinderace\n|-damage|p1a: Cinderace|92/100\n|\n|t:|1782443859\n|switch|p2a: Garchomp|Garchomp, M|73/100 brn|[from] U-turn\n|\n|-damage|p2a: Garchomp|67/100 brn|[from] brn\n|upkeep\n|turn|8\n|\n|t:|1782443866\n|switch|p1a: Corviknight|Corviknight, F, shiny|100/100\n|-ability|p1a: Corviknight|Pressure\n|move|p2a: Garchomp|Stealth Rock|p1a: Corviknight\n|-sidestart|p1: fludermay|move: Stealth Rock\n|\n|-damage|p2a: Garchomp|61/100 brn|[from] brn\n|upkeep\n|turn|9\n|\n|t:|1782443874\n|move|p1a: Corviknight|Body Press|p2a: Garchomp\n|-damage|p2a: Garchomp|44/100 brn\n|-damage|p1a: Corviknight|88/100|[from] ability: Rough Skin|[of] p2a: Garchomp\n|-damage|p1a: Corviknight|72/100|[from] item: Rocky Helmet|[of] p2a: Garchomp\n|move|p2a: Garchomp|Dragon Tail|p1a: Corviknight\n|-resisted|p1a: Corviknight\n|-damage|p1a: Corviknight|68/100\n|-damage|p2a: Garchomp|27/100 brn|[from] item: Rocky Helmet|[of] p1a: Corviknight\n|drag|p1a: Slowking|Slowking-Galar, F|100/100\n|-damage|p1a: Slowking|88/100|[from] Stealth Rock\n|\n|-heal|p1a: Slowking|94/100|[from] item: Black Sludge\n|-damage|p2a: Garchomp|21/100 brn|[from] brn\n|upkeep\n|turn|10\n|\n|t:|1782443886\n|switch|p1a: Corviknight|Corviknight, F, shiny|68/100\n|-damage|p1a: Corviknight|56/100|[from] Stealth Rock\n|-ability|p1a: Corviknight|Pressure\n|move|p2a: Garchomp|Earthquake|p1a: Corviknight\n|-immune|p1a: Corviknight\n|\n|-damage|p2a: Garchomp|15/100 brn|[from] brn\n|upkeep\n|turn|11\n|\n|t:|1782443895\n|move|p2a: Garchomp|Spikes|p1a: Corviknight\n|-sidestart|p1: fludermay|Spikes\n|move|p1a: Corviknight|Roost|p1a: Corviknight\n|-heal|p1a: Corviknight|100/100\n|-singleturn|p1a: Corviknight|move: Roost\n|\n|-damage|p2a: Garchomp|9/100 brn|[from] brn\n|upkeep\n|turn|12\n|\n|t:|1782443899\n|switch|p2a: Ogerpon|Ogerpon, F|100/100\n|move|p1a: Corviknight|Defog|p2a: Ogerpon\n|-unboost|p2a: Ogerpon|evasion|1\n|-ability|p2a: Ogerpon|Defiant|boost\n|-boost|p2a: Ogerpon|atk|2\n|-sideend|p1: fludermay|Spikes|[from] move: Defog|[of] p1a: Corviknight\n|-sideend|p1: fludermay|Stealth Rock|[from] move: Defog|[of] p1a: Corviknight\n|\n|upkeep\n|turn|13\n|\n|t:|1782443909\n|switch|p1a: Hydrapple|Hydrapple, F|48/100\n|move|p2a: Ogerpon|Encore||[still]\n|-fail|p2a: Ogerpon\n|\n|-heal|p1a: Hydrapple|54/100|[from] item: Leftovers\n|upkeep\n|turn|14\n|\n|t:|1782443914\n|switch|p1a: Corviknight|Corviknight, F, shiny|100/100\n|-ability|p1a: Corviknight|Pressure\n|move|p2a: Ogerpon|Knock Off|p1a: Corviknight\n|-damage|p1a: Corviknight|62/100\n|-damage|p2a: Ogerpon|84/100|[from] item: Rocky Helmet|[of] p1a: Corviknight\n|-enditem|p1a: Corviknight|Rocky Helmet|[from] move: Knock Off|[of] p2a: Ogerpon\n|\n|upkeep\n|turn|15\n|\n|t:|1782443924\n|switch|p2a: Alomomola|Alomomola, M|100/100\n|move|p1a: Corviknight|Roost|p1a: Corviknight\n|-heal|p1a: Corviknight|100/100\n|-singleturn|p1a: Corviknight|move: Roost\n|\n|upkeep\n|turn|16\n|\n|t:|1782443928\n|switch|p1a: Hydrapple|Hydrapple, F|87/100\n|move|p2a: Alomomola|Flip Turn|p1a: Hydrapple\n|-resisted|p1a: Hydrapple\n|-damage|p1a: Hydrapple|85/100\n|\n|t:|1782443932\n|switch|p2a: Darkrai|Darkrai|100/100|[from] Flip Turn\n|\n|-heal|p1a: Hydrapple|91/100|[from] item: Leftovers\n|upkeep\n|turn|17\n|\n|t:|1782443939\n|switch|p1a: Cinderace|Cinderace, F|92/100\n|move|p2a: Darkrai|Ice Beam|p1a: Cinderace\n|-resisted|p1a: Cinderace\n|-damage|p1a: Cinderace|65/100\n|\n|upkeep\n|turn|18\n|\n|t:|1782443948\n|switch|p2a: Alomomola|Alomomola, M|100/100\n|move|p1a: Cinderace|Pyro Ball|p2a: Alomomola\n|-resisted|p2a: Alomomola\n|-damage|p2a: Alomomola|84/100\n|\n|upkeep\n|turn|19\n|\n|t:|1782443956\n|move|p1a: Cinderace|Will-O-Wisp|p2a: Alomomola\n|-status|p2a: Alomomola|brn\n|move|p2a: Alomomola|Flip Turn|p1a: Cinderace\n|-supereffective|p1a: Cinderace\n|-damage|p1a: Cinderace|44/100\n|\n|t:|1782443959\n|switch|p2a: Darkrai|Darkrai|100/100|[from] Flip Turn\n|\n|upkeep\n|turn|20\n|\n|t:|1782443964\n|switch|p1a: Ting-Lu|Ting-Lu|100/100\n|-ability|p1a: Ting-Lu|Vessel of Ruin\n|move|p2a: Darkrai|Ice Beam|p1a: Ting-Lu\n|-supereffective|p1a: Ting-Lu\n|-damage|p1a: Ting-Lu|63/100\n|-status|p1a: Ting-Lu|frz\n|\n|-heal|p1a: Ting-Lu|69/100 frz|[from] item: Leftovers\n|upkeep\n|turn|21\n|\n|t:|1782443985\n|switch|p1a: Slowking|Slowking-Galar, F|100/100\n|move|p2a: Darkrai|Ice Beam|p1a: Slowking\n|-damage|p1a: Slowking|63/100\n|\n|-heal|p1a: Slowking|69/100|[from] item: Black Sludge\n|upkeep\n|turn|22\n|\n|t:|1782443993\n|switch|p2a: Alomomola|Alomomola, M|100/100 brn\n|move|p1a: Slowking|Trick|p2a: Alomomola\n|-activate|p1a: Slowking|move: Trick|[of] p2a: Alomomola\n|-item|p2a: Alomomola|Black Sludge|[from] move: Trick\n|-item|p1a: Slowking|Assault Vest|[from] move: Trick\n|\n|-damage|p2a: Alomomola|88/100 brn|[from] item: Black Sludge\n|-damage|p2a: Alomomola|82/100 brn|[from] brn\n|upkeep\n|turn|23\n|\n|t:|1782444005\n|move|p2a: Alomomola|Flip Turn|p1a: Slowking\n|-damage|p1a: Slowking|63/100\n|\n|t:|1782444013\n|switch|p2a: Corviknight|Corviknight, M|42/100|[from] Flip Turn\n|-ability|p2a: Corviknight|Pressure\n|move|p1a: Slowking|Psychic Noise|p2a: Corviknight\n|-resisted|p2a: Corviknight\n|-crit|p2a: Corviknight\n|-damage|p2a: Corviknight|27/100\n|-start|p2a: Corviknight|move: Heal Block\n|\n|upkeep\n|turn|24\n|\n|t:|1782444024\n|switch|p1a: Cinderace|Cinderace, F|44/100\n|move|p2a: Corviknight|Brave Bird|p1a: Cinderace\n|-damage|p1a: Cinderace|0 fnt\n|faint|p1a: Cinderace\n|-damage|p2a: Corviknight|14/100|[from] Recoil\n|\n|-end|p2a: Corviknight|move: Heal Block\n|upkeep\n|\n|t:|1782444038\n|switch|p1a: Hydrapple|Hydrapple, F|100/100\n|turn|25\n|\n|t:|1782444044\n|move|p2a: Corviknight|Roost|p2a: Corviknight\n|-heal|p2a: Corviknight|64/100\n|-singleturn|p2a: Corviknight|move: Roost\n|move|p1a: Hydrapple|Nasty Plot|p1a: Hydrapple\n|-boost|p1a: Hydrapple|spa|2\n|\n|-heal|p2a: Corviknight|70/100|[from] item: Leftovers\n|upkeep\n|turn|26\n|\n|t:|1782444049\n|move|p2a: Corviknight|U-turn|p1a: Hydrapple\n|-supereffective|p1a: Hydrapple\n|-damage|p1a: Hydrapple|83/100\n|\n|t:|1782444052\n|switch|p2a: Alomomola|Alomomola, M|100/100 brn|[from] U-turn\n|move|p1a: Hydrapple|Fickle Beam|p2a: Alomomola\n|-damage|p2a: Alomomola|51/100 brn\n|\n|-heal|p1a: Hydrapple|89/100|[from] item: Leftovers\n|-damage|p2a: Alomomola|39/100 brn|[from] item: Black Sludge\n|-damage|p2a: Alomomola|33/100 brn|[from] brn\n|upkeep\n|turn|27\n|\n|t:|1782444060\n|move|p1a: Hydrapple|Fickle Beam|p2a: Alomomola\n|-damage|p2a: Alomomola|0 fnt\n|faint|p2a: Alomomola\n|\n|-heal|p1a: Hydrapple|95/100|[from] item: Leftovers\n|upkeep\n|\n|t:|1782444080\n|switch|p2a: Garchomp|Garchomp, M|9/100 brn\n|turn|28\n|\n|t:|1782444085\n|move|p2a: Garchomp|Stealth Rock|p1a: Hydrapple\n|-sidestart|p1: fludermay|move: Stealth Rock\n|move|p1a: Hydrapple|Giga Drain|p2a: Garchomp\n|-damage|p2a: Garchomp|0 fnt\n|-heal|p1a: Hydrapple|99/100|[from] drain|[of] p2a: Garchomp\n|faint|p2a: Garchomp\n|\n|-heal|p1a: Hydrapple|100/100|[from] item: Leftovers\n|upkeep\n|\n|t:|1782444087\n|switch|p2a: Darkrai|Darkrai|100/100\n|turn|29\n|\n|t:|1782444098\n|-terastallize|p1a: Hydrapple|Steel\n|move|p2a: Darkrai|Ice Beam|p1a: Hydrapple\n|-resisted|p1a: Hydrapple\n|-damage|p1a: Hydrapple|75/100\n|move|p1a: Hydrapple|Fickle Beam|p2a: Darkrai|[anim] Fickle Beam All Out\n|-activate|p1a: Hydrapple|move: Fickle Beam\n|-damage|p2a: Darkrai|0 fnt\n|faint|p2a: Darkrai\n|\n|-heal|p1a: Hydrapple|81/100|[from] item: Leftovers\n|upkeep\n|-message|msean3 forfeited.\n|\n|win|fludermay\n|raw|fludermay's rating: 1476 &rarr; <strong>1500</strong><br />(+24 for winning)\n|raw|msean3's rating: 1552 &rarr; <strong>1528</strong><br />(-24 for losing)\n|l|‽msean3\n|player|p2|\n", "uploadtime": 1782444114, "views": 16, "formatid": "gen9ou", "rating": 1500, "private": 0, "password": null}