{"id": "gen9ou-2639253911", "format": "[Gen 9] OU", "players": ["JesusMZM", "Locfull"], "log": "|j|☆JesusMZM\n|j|☆Locfull\n|t:|1782440982\n|gametype|singles\n|player|p1|JesusMZM|266|1050\n|player|p2|Locfull|pokemaniac|1030\n|gen|9\n|tier|[Gen 9] OU\n|rated|\n|rule|HP Percentage Mod: HP is shown in percentages\n|rule|Endless Battle Clause: Forcing endless battles is banned\n|rule|Species Clause: Limit one of each Pokémon\n|rule|OHKO Clause: OHKO moves are banned\n|rule|Evasion Items Clause: Evasion items are banned\n|rule|Evasion Moves Clause: Evasion moves are banned\n|rule|Evasion Abilities Clause: Evasion abilities are banned\n|rule|Sleep Moves Clause: Sleep-inducing moves are banned\n|clearpoke\n|poke|p1|Chansey, F|\n|poke|p1|Illumise, F|\n|poke|p1|Thundurus, M|\n|poke|p1|Avalugg, M|\n|poke|p1|Ursaluna, F|\n|poke|p1|Trapinch, M|\n|poke|p2|Cyclizar, F|\n|poke|p2|Garchomp, F|\n|poke|p2|Corviknight, M|\n|poke|p2|Kommo-o, F|\n|poke|p2|Charizard, M|\n|poke|p2|Krookodile, M|\n|teampreview\n|\n|t:|1782440988\n|teamsize|p1|6\n|teamsize|p2|6\n|start\n|switch|p1a: Trapinch|Trapinch, M|100/100\n|switch|p2a: Cyclizar|Cyclizar, F|100/100\n|turn|1\n|\n|t:|1782440997\n|move|p1a: Trapinch|First Impression|p2a: Cyclizar\n|-damage|p2a: Cyclizar|64/100\n|move|p2a: Cyclizar|Agility|p2a: Cyclizar\n|-boost|p2a: Cyclizar|spe|2\n|\n|upkeep\n|turn|2\n|\n|t:|1782441007\n|move|p2a: Cyclizar|Ice Spinner|p1a: Trapinch\n|-supereffective|p1a: Trapinch\n|-damage|p1a: Trapinch|5/100\n|move|p1a: Trapinch|Flail|p2a: Cyclizar\n|-damage|p2a: Cyclizar|11/100\n|\n|upkeep\n|turn|3\n|\n|t:|1782441016\n|move|p1a: Trapinch|Quick Attack|p2a: Cyclizar\n|-damage|p2a: Cyclizar|0 fnt\n|faint|p2a: Cyclizar\n|\n|upkeep\n|\n|t:|1782441023\n|switch|p2a: Krookodile|Krookodile, M, shiny|100/100\n|turn|4\n|\n|t:|1782441031\n|move|p2a: Krookodile|Gunk Shot|p1a: Trapinch\n|-resisted|p1a: Trapinch\n|-damage|p1a: Trapinch|0 fnt\n|faint|p1a: Trapinch\n|\n|upkeep\n|\n|t:|1782441060\n|switch|p1a: Ursaluna|Ursaluna, F|100/100\n|turn|5\n|\n|t:|1782441066\n|move|p2a: Krookodile|Hone Claws|p2a: Krookodile\n|-boost|p2a: Krookodile|atk|1\n|-boost|p2a: Krookodile|accuracy|1\n|move|p1a: Ursaluna|Bulk Up|p1a: Ursaluna\n|-boost|p1a: Ursaluna|atk|1\n|-boost|p1a: Ursaluna|def|1\n|\n|upkeep\n|turn|6\n|\n|t:|1782441079\n|move|p2a: Krookodile|Thrash|p1a: Ursaluna\n|-damage|p1a: Ursaluna|74/100\n|move|p1a: Ursaluna|Bulk Up|p1a: Ursaluna\n|-boost|p1a: Ursaluna|atk|1\n|-boost|p1a: Ursaluna|def|1\n|\n|-heal|p1a: Ursaluna|80/100|[from] item: Leftovers\n|upkeep\n|turn|7\n|\n|t:|1782441091\n|move|p2a: Krookodile|Thrash|p1a: Ursaluna|[from] lockedmove\n|-damage|p1a: Ursaluna|59/100\n|move|p1a: Ursaluna|Bulk Up|p1a: Ursaluna\n|-boost|p1a: Ursaluna|atk|1\n|-boost|p1a: Ursaluna|def|1\n|\n|-heal|p1a: Ursaluna|66/100|[from] item: Leftovers\n|upkeep\n|turn|8\n|\n|t:|1782441112\n|-terastallize|p1a: Ursaluna|Fighting\n|move|p2a: Krookodile|Thrash|p1a: Ursaluna|[from] lockedmove\n|-damage|p1a: Ursaluna|50/100\n|-start|p2a: Krookodile|confusion|[fatigue]\n|move|p1a: Ursaluna|Drain Punch|p2a: Krookodile\n|-supereffective|p2a: Krookodile\n|-damage|p2a: Krookodile|0 fnt\n|-heal|p1a: Ursaluna|92/100|[from] drain|[of] p2a: Krookodile\n|-damage|p1a: Ursaluna|75/100|[from] item: Rocky Helmet|[of] p2a: Krookodile\n|faint|p2a: Krookodile\n|\n|-heal|p1a: Ursaluna|81/100|[from] item: Leftovers\n|upkeep\n|\n|t:|1782441131\n|switch|p2a: Charizard|Charizard, M, shiny|100/100\n|turn|9\n|\n|t:|1782441145\n|move|p2a: Charizard|Air Slash|p1a: Ursaluna\n|-supereffective|p1a: Ursaluna\n|-damage|p1a: Ursaluna|35/100\n|move|p1a: Ursaluna|Substitute|p1a: Ursaluna\n|-start|p1a: Ursaluna|Substitute\n|-damage|p1a: Ursaluna|10/100\n|\n|-heal|p1a: Ursaluna|16/100|[from] item: Leftovers\n|upkeep\n|turn|10\n|\n|t:|1782441156\n|move|p2a: Charizard|Rock Slide|p1a: Ursaluna\n|-resisted|p1a: Ursaluna\n|-activate|p1a: Ursaluna|move: Substitute|[damage]\n|move|p1a: Ursaluna|Drain Punch|p2a: Charizard\n|-resisted|p2a: Charizard\n|-damage|p2a: Charizard|51/100\n|-heal|p1a: Ursaluna|36/100|[from] drain|[of] p2a: Charizard\n|\n|-heal|p1a: Ursaluna|42/100|[from] item: Leftovers\n|upkeep\n|turn|11\n|\n|t:|1782441170\n|move|p2a: Charizard|Air Slash|p1a: Ursaluna\n|-supereffective|p1a: Ursaluna\n|-end|p1a: Ursaluna|Substitute\n|move|p1a: Ursaluna|Bulk Up|p1a: Ursaluna\n|-boost|p1a: Ursaluna|atk|1\n|-boost|p1a: Ursaluna|def|1\n|\n|-heal|p1a: Ursaluna|48/100|[from] item: Leftovers\n|upkeep\n|turn|12\n|\n|t:|1782441184\n|-terastallize|p2a: Charizard|Fire\n|move|p2a: Charizard|Air Slash|p1a: Ursaluna\n|-supereffective|p1a: Ursaluna\n|-damage|p1a: Ursaluna|6/100\n|move|p1a: Ursaluna|Drain Punch|p2a: Charizard\n|-damage|p2a: Charizard|0 fnt\n|-heal|p1a: Ursaluna|26/100|[from] drain|[of] p2a: Charizard\n|faint|p2a: Charizard\n|\n|-heal|p1a: Ursaluna|33/100|[from] item: Leftovers\n|upkeep\n|\n|t:|1782441200\n|switch|p2a: Garchomp|Garchomp, F|100/100\n|turn|13\n|\n|t:|1782441208\n|move|p2a: Garchomp|Earthquake|p1a: Ursaluna\n|-damage|p1a: Ursaluna|20/100\n|move|p1a: Ursaluna|Drain Punch|p2a: Garchomp\n|-damage|p2a: Garchomp|4/100\n|-heal|p1a: Ursaluna|64/100|[from] drain|[of] p2a: Garchomp\n|-damage|p1a: Ursaluna|52/100|[from] ability: Rough Skin|[of] p2a: Garchomp\n|-damage|p1a: Ursaluna|35/100|[from] item: Rocky Helmet|[of] p2a: Garchomp\n|\n|-heal|p1a: Ursaluna|41/100|[from] item: Leftovers\n|upkeep\n|turn|14\n|\n|t:|1782441224\n|move|p2a: Garchomp|Fire Blast|p1a: Ursaluna\n|-damage|p1a: Ursaluna|23/100\n|move|p1a: Ursaluna|Earthquake|p2a: Garchomp\n|-damage|p2a: Garchomp|0 fnt\n|faint|p2a: Garchomp\n|\n|-heal|p1a: Ursaluna|30/100|[from] item: Leftovers\n|upkeep\n|\n|t:|1782441235\n|switch|p2a: Corviknight|Corviknight, M, shiny|100/100\n|-ability|p2a: Corviknight|Pressure\n|turn|15\n|\n|t:|1782441242\n|move|p1a: Ursaluna|Bulk Up|p1a: Ursaluna\n|-boost|p1a: Ursaluna|atk|1\n|-boost|p1a: Ursaluna|def|1\n|move|p2a: Corviknight|Brave Bird|p1a: Ursaluna\n|-supereffective|p1a: Ursaluna\n|-damage|p1a: Ursaluna|12/100\n|-damage|p2a: Corviknight|94/100|[from] Recoil\n|\n|-heal|p1a: Ursaluna|18/100|[from] item: Leftovers\n|upkeep\n|turn|16\n|\n|t:|1782441256\n|move|p1a: Ursaluna|Drain Punch|p2a: Corviknight\n|-damage|p2a: Corviknight|0 fnt\n|-heal|p1a: Ursaluna|60/100|[from] drain|[of] p2a: Corviknight\n|faint|p2a: Corviknight\n|\n|-heal|p1a: Ursaluna|66/100|[from] item: Leftovers\n|upkeep\n|\n|t:|1782441266\n|switch|p2a: Kommo-o|Kommo-o, F|100/100\n|turn|17\n|\n|t:|1782441284\n|move|p2a: Kommo-o|Clanging Scales|p1a: Ursaluna\n|-damage|p1a: Ursaluna|36/100\n|-unboost|p2a: Kommo-o|def|1\n|move|p1a: Ursaluna|Earthquake|p2a: Kommo-o\n|-damage|p2a: Kommo-o|0 fnt\n|faint|p2a: Kommo-o\n|\n|win|JesusMZM\n|raw|JesusMZM's rating: 1050 &rarr; <strong>1081</strong><br />(+31 for winning)\n|raw|Locfull's rating: 1030 &rarr; <strong>1016</strong><br />(-14 for losing)\n", "uploadtime": 1782441323, "views": 11, "formatid": "gen9ou", "rating": 1016, "private": 0, "password": null}