{"id": "gen9ou-2540582843", "format": "[Gen 9] OU", "players": ["ooom9", "asdfsadfsffsdfsdf"], "log": "|j|☆ooom9\n|j|☆asdfsadfsffsdfsdf\n|t:|1771221741\n|gametype|singles\n|player|p1|ooom9|dawn|1504\n|player|p2|asdfsadfsffsdfsdf|101|1537\n|gen|9\n|tier|[Gen 9] OU\n|rated|\n|rule|HP Percentage Mod: HP is shown in percentages\n|rule|Endless Battle Clause: Forcing endless battles is banned\n|rule|Species Clause: Limit one of each Pokémon\n|rule|OHKO Clause: OHKO moves are banned\n|rule|Evasion Items Clause: Evasion items are banned\n|rule|Evasion Moves Clause: Evasion moves are banned\n|rule|Evasion Abilities Clause: Evasion abilities are banned\n|rule|Sleep Moves Clause: Sleep-inducing moves are banned\n|clearpoke\n|poke|p1|Hydreigon, M|\n|poke|p1|Tinkaton, F|\n|poke|p1|Ogerpon, F|\n|poke|p1|Great Tusk|\n|poke|p1|Pecharunt|\n|poke|p1|Alomomola, M|\n|poke|p2|Grimmsnarl, M|\n|poke|p2|Iron Treads|\n|poke|p2|Raging Bolt|\n|poke|p2|Deoxys-Speed|\n|poke|p2|Ogerpon-Wellspring, F|\n|poke|p2|Ceruledge, M|\n|teampreview\n|inactive|Battle timer is ON: inactive players will automatically lose when time's up. (requested by ooom9)\n|inactive|ooom9 has 120 seconds left.\n|\n|t:|1771221781\n|teamsize|p1|6\n|teamsize|p2|6\n|start\n|switch|p1a: Tinkaton|Tinkaton, F|100/100\n|switch|p2a: Grimmsnarl|Grimmsnarl, M, shiny|100/100\n|-item|p1a: Tinkaton|Air Balloon\n|turn|1\n|\n|t:|1771221793\n|move|p2a: Grimmsnarl|Reflect|p2a: Grimmsnarl\n|-sidestart|p2: asdfsadfsffsdfsdf|Reflect\n|move|p1a: Tinkaton|Gigaton Hammer|p2a: Grimmsnarl\n|-supereffective|p2a: Grimmsnarl\n|-damage|p2a: Grimmsnarl|15/100\n|\n|upkeep\n|turn|2\n|\n|t:|1771221805\n|move|p2a: Grimmsnarl|Taunt|p1a: Tinkaton\n|-start|p1a: Tinkaton|move: Taunt\n|cant|p1a: Tinkaton|move: Taunt|Stealth Rock\n|\n|upkeep\n|turn|3\n|\n|t:|1771221822\n|switch|p1a: Alomomola|Alomomola, M|100/100\n|switch|p2a: Raging Bolt|Raging Bolt|100/100\n|-enditem|p2a: Raging Bolt|Booster Energy\n|-activate|p2a: Raging Bolt|ability: Protosynthesis|[fromitem]\n|-start|p2a: Raging Bolt|protosynthesisspa\n|\n|upkeep\n|turn|4\n|\n|t:|1771221836\n|move|p2a: Raging Bolt|Calm Mind|p2a: Raging Bolt\n|-boost|p2a: Raging Bolt|spa|1\n|-boost|p2a: Raging Bolt|spd|1\n|move|p1a: Alomomola|Mirror Coat||[still]\n|-fail|p1a: Alomomola\n|\n|upkeep\n|turn|5\n|\n|t:|1771221847\n|move|p2a: Raging Bolt|Calm Mind|p2a: Raging Bolt\n|-boost|p2a: Raging Bolt|spa|1\n|-boost|p2a: Raging Bolt|spd|1\n|move|p1a: Alomomola|Mirror Coat||[still]\n|-fail|p1a: Alomomola\n|\n|upkeep\n|turn|6\n|\n|t:|1771221864\n|move|p2a: Raging Bolt|Thunderclap|p1a: Alomomola\n|-supereffective|p1a: Alomomola\n|-damage|p1a: Alomomola|0 fnt\n|faint|p1a: Alomomola\n|\n|upkeep\n|\n|t:|1771221869\n|switch|p1a: Tinkaton|Tinkaton, F|100/100\n|-item|p1a: Tinkaton|Air Balloon\n|turn|7\n|\n|t:|1771221880\n|move|p1a: Tinkaton|Encore|p2a: Raging Bolt\n|-start|p2a: Raging Bolt|Encore\n|move|p2a: Raging Bolt|Thunderclap||[still]\n|-fail|p2a: Raging Bolt\n|\n|upkeep\n|turn|8\n|\n|t:|1771221900\n|move|p2a: Raging Bolt|Thunderclap||[still]\n|-fail|p2a: Raging Bolt\n|move|p1a: Tinkaton|Stealth Rock|p2a: Raging Bolt\n|-sidestart|p2: asdfsadfsffsdfsdf|move: Stealth Rock\n|\n|-sideend|p2: asdfsadfsffsdfsdf|Reflect\n|upkeep\n|turn|9\n|\n|t:|1771221912\n|-end|p2a: Raging Bolt|Protosynthesis|[silent]\n|switch|p2a: Iron Treads|Iron Treads, shiny|100/100\n|-damage|p2a: Iron Treads|97/100|[from] Stealth Rock\n|-enditem|p2a: Iron Treads|Booster Energy\n|-activate|p2a: Iron Treads|ability: Quark Drive|[fromitem]\n|-start|p2a: Iron Treads|quarkdrivespe\n|move|p1a: Tinkaton|Stealth Rock||[still]\n|-fail|p1a: Tinkaton\n|\n|upkeep\n|turn|10\n|\n|t:|1771221921\n|switch|p1a: Great Tusk|Great Tusk|100/100\n|move|p2a: Iron Treads|Rapid Spin|p1a: Great Tusk\n|-damage|p1a: Great Tusk|91/100\n|-boost|p2a: Iron Treads|spe|1\n|-sideend|p2: asdfsadfsffsdfsdf|Stealth Rock|[from] move: Rapid Spin|[of] p2a: Iron Treads\n|\n|upkeep\n|turn|11\n|\n|t:|1771221944\n|move|p2a: Iron Treads|Steel Beam|p1a: Great Tusk\n|-damage|p1a: Great Tusk|11/100\n|-damage|p2a: Iron Treads|47/100|[from] steelbeam\n|move|p1a: Great Tusk|Headlong Rush|p2a: Iron Treads\n|-supereffective|p2a: Iron Treads\n|-damage|p2a: Iron Treads|0 fnt\n|-unboost|p1a: Great Tusk|def|1\n|-unboost|p1a: Great Tusk|spd|1\n|faint|p2a: Iron Treads\n|-end|p2a: Iron Treads|Quark Drive|[silent]\n|\n|upkeep\n|inactive|asdfsadfsffsdfsdf has 120 seconds left.\n|\n|t:|1771221958\n|switch|p2a: Ogerpon|Ogerpon-Wellspring, F|100/100\n|turn|12\n|\n|t:|1771221965\n|-end|p1a: Great Tusk|Protosynthesis|[silent]\n|switch|p1a: Overseer|Pecharunt|100/100\n|move|p2a: Ogerpon|Trailblaze|p1a: Overseer\n|-resisted|p1a: Overseer\n|-damage|p1a: Overseer|92/100\n|-boost|p2a: Ogerpon|spe|1\n|-damage|p2a: Ogerpon|84/100|[from] item: Rocky Helmet|[of] p1a: Overseer\n|\n|upkeep\n|turn|13\n|inactive|asdfsadfsffsdfsdf has 120 seconds left.\n|\n|t:|1771222007\n|-terastallize|p2a: Ogerpon|Water\n|detailschange|p2a: Ogerpon|Ogerpon-Wellspring-Tera, F, tera:Water\n|-ability|p2a: Ogerpon|Embody Aspect (Wellspring)|boost\n|-boost|p2a: Ogerpon|spd|1\n|move|p2a: Ogerpon|Swords Dance|p2a: Ogerpon\n|-boost|p2a: Ogerpon|atk|2\n|move|p1a: Overseer|Malignant Chain|p2a: Ogerpon\n|-damage|p2a: Ogerpon|60/100\n|-status|p2a: Ogerpon|tox\n|-start|p2a: Ogerpon|confusion|[from] ability: Poison Puppeteer|[of] p1a: Overseer\n|\n|-damage|p2a: Ogerpon|54/100 tox|[from] psn\n|upkeep\n|turn|14\n|inactive|asdfsadfsffsdfsdf has 90 seconds left.\n|\n|t:|1771222024\n|-activate|p2a: Ogerpon|confusion\n|-damage|p2a: Ogerpon|19/100 tox|[from] confusion\n|move|p1a: Overseer|Recover|p1a: Overseer\n|-heal|p1a: Overseer|100/100\n|\n|-damage|p2a: Ogerpon|7/100 tox|[from] psn\n|upkeep\n|turn|15\n|\n|t:|1771222032\n|switch|p1a: Great Tusk|Great Tusk|11/100\n|-activate|p2a: Ogerpon|confusion\n|-damage|p2a: Ogerpon|0 fnt|[from] confusion\n|faint|p2a: Ogerpon\n|detailschange|p2: Ogerpon|Ogerpon-Wellspring, F|[silent]\n|\n|upkeep\n|\n|t:|1771222039\n|switch|p2a: Ceruledge|Ceruledge, M, shiny|100/100\n|turn|16\n|\n|t:|1771222060\n|-terastallize|p1a: Great Tusk|Dark\n|move|p2a: Ceruledge|Shadow Sneak|p1a: Great Tusk\n|-resisted|p1a: Great Tusk\n|-damage|p1a: Great Tusk|1/100\n|-damage|p2a: Ceruledge|91/100|[from] item: Life Orb\n|move|p1a: Great Tusk|Headlong Rush|p2a: Ceruledge\n|-supereffective|p2a: Ceruledge\n|-damage|p2a: Ceruledge|0 fnt\n|-unboost|p1a: Great Tusk|def|1\n|-unboost|p1a: Great Tusk|spd|1\n|faint|p2a: Ceruledge\n|\n|upkeep\n|\n|t:|1771222073\n|switch|p2a: Raging Bolt|Raging Bolt|100/100\n|turn|17\n|\n|t:|1771222078\n|move|p2a: Raging Bolt|Thunderclap|p1a: Great Tusk\n|-damage|p1a: Great Tusk|0 fnt\n|faint|p1a: Great Tusk\n|-end|p1a: Great Tusk|Protosynthesis|[silent]\n|\n|upkeep\n|\n|t:|1771222080\n|switch|p1a: Tinkaton|Tinkaton, F|100/100\n|-item|p1a: Tinkaton|Air Balloon\n|turn|18\n|\n|t:|1771222096\n|move|p1a: Tinkaton|Encore|p2a: Raging Bolt\n|-start|p2a: Raging Bolt|Encore\n|move|p2a: Raging Bolt|Thunderclap||[still]\n|-fail|p2a: Raging Bolt\n|\n|upkeep\n|turn|19\n|\n|t:|1771222112\n|-end|p2a: Raging Bolt|Protosynthesis|[silent]\n|switch|p2a: Deoxys|Deoxys-Speed, shiny|100/100\n|-ability|p2a: Deoxys|Pressure\n|move|p1a: Tinkaton|Stealth Rock|p2a: Deoxys\n|-sidestart|p2: asdfsadfsffsdfsdf|move: Stealth Rock\n|\n|upkeep\n|turn|20\n|\n|t:|1771222121\n|move|p2a: Deoxys|Substitute|p2a: Deoxys\n|-start|p2a: Deoxys|Substitute\n|-damage|p2a: Deoxys|76/100\n|move|p1a: Tinkaton|Gigaton Hammer|p2a: Deoxys\n|-end|p2a: Deoxys|Substitute\n|\n|-heal|p2a: Deoxys|82/100|[from] item: Leftovers\n|upkeep\n|turn|21\n|\n|t:|1771222128\n|move|p2a: Deoxys|Substitute|p2a: Deoxys\n|-start|p2a: Deoxys|Substitute\n|-damage|p2a: Deoxys|57/100\n|move|p1a: Tinkaton|Ice Hammer|p2a: Deoxys\n|-end|p2a: Deoxys|Substitute\n|-unboost|p1a: Tinkaton|spe|1\n|\n|-heal|p2a: Deoxys|63/100|[from] item: Leftovers\n|upkeep\n|turn|22\n|inactive|asdfsadfsffsdfsdf has 90 seconds left.\n|\n|t:|1771222162\n|move|p2a: Deoxys|Substitute|p2a: Deoxys\n|-start|p2a: Deoxys|Substitute\n|-damage|p2a: Deoxys|38/100\n|move|p1a: Tinkaton|Gigaton Hammer|p2a: Deoxys\n|-end|p2a: Deoxys|Substitute\n|\n|-heal|p2a: Deoxys|44/100|[from] item: Leftovers\n|upkeep\n|turn|23\n|\n|t:|1771222171\n|move|p2a: Deoxys|Nasty Plot|p2a: Deoxys\n|-boost|p2a: Deoxys|spa|2\n|move|p1a: Tinkaton|Ice Hammer|p2a: Deoxys\n|-damage|p2a: Deoxys|4/100\n|-unboost|p1a: Tinkaton|spe|1\n|\n|-heal|p2a: Deoxys|10/100|[from] item: Leftovers\n|upkeep\n|turn|24\n|\n|t:|1771222181\n|move|p2a: Deoxys|Focus Blast|p1a: Tinkaton|[miss]\n|-miss|p2a: Deoxys|p1a: Tinkaton\n|move|p1a: Tinkaton|Gigaton Hammer|p2a: Deoxys\n|-damage|p2a: Deoxys|0 fnt\n|faint|p2a: Deoxys\n|\n|upkeep\n|inactive|asdfsadfsffsdfsdf has 90 seconds left.\n|\n|t:|1771222194\n|switch|p2a: Grimmsnarl|Grimmsnarl, M, shiny|15/100\n|-damage|p2a: Grimmsnarl|3/100|[from] Stealth Rock\n|turn|25\n|\n|t:|1771222199\n|move|p2a: Grimmsnarl|Reflect|p2a: Grimmsnarl\n|-sidestart|p2: asdfsadfsffsdfsdf|Reflect\n|move|p1a: Tinkaton|Ice Hammer|p2a: Grimmsnarl\n|-damage|p2a: Grimmsnarl|0 fnt\n|-unboost|p1a: Tinkaton|spe|1\n|faint|p2a: Grimmsnarl\n|\n|upkeep\n|\n|t:|1771222205\n|switch|p2a: Raging Bolt|Raging Bolt|100/100\n|-damage|p2a: Raging Bolt|88/100|[from] Stealth Rock\n|turn|26\n|\n|t:|1771222213\n|move|p2a: Raging Bolt|Thunderbolt|p1a: Tinkaton\n|-damage|p1a: Tinkaton|49/100\n|-enditem|p1a: Tinkaton|Air Balloon\n|move|p1a: Tinkaton|Ice Hammer|p2a: Raging Bolt\n|-supereffective|p2a: Raging Bolt\n|-damage|p2a: Raging Bolt|68/100\n|-unboost|p1a: Tinkaton|spe|1\n|\n|upkeep\n|turn|27\n|\n|t:|1771222222\n|switch|p1a: Anonymous|Ogerpon, F|100/100\n|move|p2a: Raging Bolt|Thunderbolt|p1a: Anonymous\n|-resisted|p1a: Anonymous\n|-damage|p1a: Anonymous|71/100\n|\n|upkeep\n|turn|28\n|\n|t:|1771222237\n|move|p1a: Anonymous|U-turn|p2a: Raging Bolt\n|-damage|p2a: Raging Bolt|53/100\n|\n|t:|1771222246\n|switch|p1a: Tinkaton|Tinkaton, F|49/100|[from] U-turn\n|move|p2a: Raging Bolt|Dragon Pulse|p1a: Tinkaton\n|-immune|p1a: Tinkaton\n|\n|upkeep\n|turn|29\n|\n|t:|1771222258\n|move|p1a: Tinkaton|Encore|p2a: Raging Bolt\n|-start|p2a: Raging Bolt|Encore\n|move|p2a: Raging Bolt|Dragon Pulse|p1a: Tinkaton\n|-immune|p1a: Tinkaton\n|\n|upkeep\n|turn|30\n|-message|asdfsadfsffsdfsdf forfeited.\n|\n|win|ooom9\n|raw|ooom9's rating: 1504 &rarr; <strong>1526</strong><br />(+22 for winning)\n|raw|asdfsadfsffsdfsdf's rating: 1537 &rarr; <strong>1515</strong><br />(-22 for losing)\n|l|☆asdfsadfsffsdfsdf\n|player|p2|\n|l|☆ooom9\n|player|p1|\n", "uploadtime": 1771222412, "views": 4, "formatid": "gen9ou", "rating": 1515, "private": 0, "password": null}