{"id": "gen9ou-2540697077", "format": "[Gen 9] OU", "players": ["penmakaveli", "dont spam para"], "log": "|j|☆penmakaveli\n|j|☆dont spam para\n|t:|1771241923\n|gametype|singles\n|player|p1|penmakaveli|dancer|1589\n|player|p2|dont spam para|ltsurge|1638\n|gen|9\n|tier|[Gen 9] OU\n|rated|\n|rule|HP Percentage Mod: HP is shown in percentages\n|rule|Endless Battle Clause: Forcing endless battles is banned\n|rule|Species Clause: Limit one of each Pokémon\n|rule|OHKO Clause: OHKO moves are banned\n|rule|Evasion Items Clause: Evasion items are banned\n|rule|Evasion Moves Clause: Evasion moves are banned\n|rule|Evasion Abilities Clause: Evasion abilities are banned\n|rule|Sleep Moves Clause: Sleep-inducing moves are banned\n|clearpoke\n|poke|p1|Ogerpon, F|\n|poke|p1|Samurott-Hisui, F|\n|poke|p1|Gholdengo|\n|poke|p1|Iron Valiant|\n|poke|p1|Great Tusk|\n|poke|p1|Raging Bolt|\n|poke|p2|Ogerpon-Cornerstone, F|\n|poke|p2|Zamazenta-*|\n|poke|p2|Kingambit, F|\n|poke|p2|Great Tusk|\n|poke|p2|Tyranitar, M|\n|poke|p2|Gholdengo|\n|teampreview\n|inactive|Battle timer is ON: inactive players will automatically lose when time's up. (requested by dont spam para)\n|\n|t:|1771241945\n|teamsize|p1|6\n|teamsize|p2|6\n|start\n|switch|p1a: Samurott|Samurott-Hisui, F, shiny|100/100\n|switch|p2a: Ogerpon|Ogerpon-Cornerstone, F|100/100\n|turn|1\n|\n|t:|1771241948\n|move|p1a: Samurott|Flip Turn|p2a: Ogerpon\n|-damage|p2a: Ogerpon|65/100\n|\n|t:|1771241951\n|switch|p1a: Raging Bolt|Raging Bolt|100/100|[from] Flip Turn\n|move|p2a: Ogerpon|Power Whip|p1a: Raging Bolt|[miss]\n|-miss|p2a: Ogerpon|p1a: Raging Bolt\n|\n|upkeep\n|turn|2\n|\n|t:|1771241956\n|switch|p2a: Tyranitar|Tyranitar, M|100/100\n|-weather|Sandstorm|[from] ability: Sand Stream|[of] p2a: Tyranitar\n|move|p1a: Raging Bolt|Dragon Pulse|p2a: Tyranitar\n|-damage|p2a: Tyranitar|79/100\n|\n|-weather|Sandstorm|[upkeep]\n|-damage|p1a: Raging Bolt|94/100|[from] Sandstorm\n|-heal|p1a: Raging Bolt|100/100|[from] item: Leftovers\n|-heal|p2a: Tyranitar|85/100|[from] item: Leftovers\n|upkeep\n|turn|3\n|\n|t:|1771241959\n|move|p1a: Raging Bolt|Thunderbolt|p2a: Tyranitar\n|-damage|p2a: Tyranitar|61/100\n|move|p2a: Tyranitar|Stealth Rock|p1a: Raging Bolt\n|-sidestart|p1: penmakaveli|move: Stealth Rock\n|\n|-weather|Sandstorm|[upkeep]\n|-damage|p1a: Raging Bolt|94/100|[from] Sandstorm\n|-heal|p1a: Raging Bolt|100/100|[from] item: Leftovers\n|-heal|p2a: Tyranitar|67/100|[from] item: Leftovers\n|upkeep\n|turn|4\n|j| Lorenzo20498\n|\n|t:|1771241967\n|move|p1a: Raging Bolt|Volt Switch|p2a: Tyranitar\n|-damage|p2a: Tyranitar|51/100\n|\n|t:|1771241971\n|-end|p1a: Raging Bolt|Protosynthesis|[silent]\n|switch|p1a: Great Tusk|Great Tusk|100/100|[from] Volt Switch\n|move|p2a: Tyranitar|Knock Off|p1a: Great Tusk\n|-resisted|p1a: Great Tusk\n|-damage|p1a: Great Tusk|89/100\n|-enditem|p1a: Great Tusk|Heavy-Duty Boots|[from] move: Knock Off|[of] p2a: Tyranitar\n|\n|-weather|Sandstorm|[upkeep]\n|-heal|p2a: Tyranitar|58/100|[from] item: Leftovers\n|upkeep\n|turn|5\n|\n|t:|1771241993\n|-terastallize|p2a: Tyranitar|Ghost\n|move|p1a: Great Tusk|Rapid Spin|p2a: Tyranitar\n|-immune|p2a: Tyranitar\n|move|p2a: Tyranitar|Ice Beam|p1a: Great Tusk\n|-supereffective|p1a: Great Tusk\n|-damage|p1a: Great Tusk|35/100\n|\n|-weather|Sandstorm|[upkeep]\n|-damage|p2a: Tyranitar|51/100|[from] Sandstorm\n|-heal|p2a: Tyranitar|58/100|[from] item: Leftovers\n|upkeep\n|turn|6\n|\n|t:|1771242002\n|-end|p1a: Great Tusk|Protosynthesis|[silent]\n|switch|p1a: Samurott|Samurott-Hisui, F, shiny|100/100\n|-damage|p1a: Samurott|88/100|[from] Stealth Rock\n|move|p2a: Tyranitar|Ice Beam|p1a: Samurott\n|-resisted|p1a: Samurott\n|-damage|p1a: Samurott|74/100\n|\n|-weather|none\n|-heal|p2a: Tyranitar|64/100|[from] item: Leftovers\n|upkeep\n|turn|7\n|\n|t:|1771242008\n|switch|p2a: Great Tusk|Great Tusk|100/100\n|move|p1a: Samurott|Ceaseless Edge|p2a: Great Tusk\n|-resisted|p2a: Great Tusk\n|-damage|p2a: Great Tusk|86/100\n|-sidestart|p2: dont spam para|Spikes\n|\n|upkeep\n|turn|8\n|\n|t:|1771242014\n|move|p1a: Samurott|Ceaseless Edge|p2a: Great Tusk\n|-resisted|p2a: Great Tusk\n|-damage|p2a: Great Tusk|70/100\n|-sidestart|p2: dont spam para|Spikes\n|move|p2a: Great Tusk|Headlong Rush|p1a: Samurott\n|-damage|p1a: Samurott|0 fnt\n|-unboost|p2a: Great Tusk|def|1\n|-unboost|p2a: Great Tusk|spd|1\n|faint|p1a: Samurott\n|\n|upkeep\n|\n|t:|1771242021\n|switch|p1a: Ogerpon|Ogerpon, F|100/100\n|-damage|p1a: Ogerpon|88/100|[from] Stealth Rock\n|turn|9\n|\n|t:|1771242040\n|-end|p2a: Great Tusk|Protosynthesis|[silent]\n|switch|p2a: Gholdengo|Gholdengo|100/100\n|-damage|p2a: Gholdengo|84/100|[from] Spikes\n|move|p1a: Ogerpon|Ivy Cudgel|p2a: Gholdengo\n|-resisted|p2a: Gholdengo\n|-damage|p2a: Gholdengo|59/100\n|\n|-heal|p2a: Gholdengo|65/100|[from] item: Leftovers\n|upkeep\n|turn|10\n|\n|t:|1771242053\n|switch|p1a: Raging Bolt|Raging Bolt|100/100\n|-damage|p1a: Raging Bolt|88/100|[from] Stealth Rock\n|move|p2a: Gholdengo|Recover|p2a: Gholdengo\n|-heal|p2a: Gholdengo|100/100\n|\n|-heal|p1a: Raging Bolt|94/100|[from] item: Leftovers\n|upkeep\n|turn|11\n|\n|t:|1771242061\n|switch|p2a: Tyranitar|Tyranitar, M, tera:Ghost|64/100\n|-damage|p2a: Tyranitar|47/100|[from] Spikes\n|-weather|Sandstorm|[from] ability: Sand Stream|[of] p2a: Tyranitar\n|move|p1a: Raging Bolt|Volt Switch|p2a: Tyranitar\n|-damage|p2a: Tyranitar|22/100\n|\n|t:|1771242070\n|-end|p1a: Raging Bolt|Protosynthesis|[silent]\n|switch|p1a: Ogerpon|Ogerpon, F|88/100|[from] Volt Switch\n|-damage|p1a: Ogerpon|76/100|[from] Stealth Rock\n|\n|-weather|Sandstorm|[upkeep]\n|-damage|p1a: Ogerpon|70/100|[from] Sandstorm\n|-damage|p2a: Tyranitar|16/100|[from] Sandstorm\n|-heal|p2a: Tyranitar|22/100|[from] item: Leftovers\n|upkeep\n|turn|12\n|\n|t:|1771242079\n|move|p1a: Ogerpon|Knock Off|p2a: Tyranitar\n|-supereffective|p2a: Tyranitar\n|-damage|p2a: Tyranitar|0 fnt\n|-enditem|p2a: Tyranitar|Leftovers|[from] move: Knock Off|[of] p1a: Ogerpon\n|faint|p2a: Tyranitar\n|\n|-weather|Sandstorm|[upkeep]\n|-damage|p1a: Ogerpon|64/100|[from] Sandstorm\n|upkeep\n|\n|t:|1771242093\n|switch|p2a: Zamazenta|Zamazenta|100/100\n|-damage|p2a: Zamazenta|84/100|[from] Spikes\n|-ability|p2a: Zamazenta|Dauntless Shield|boost\n|-boost|p2a: Zamazenta|def|1\n|turn|13\n|\n|t:|1771242098\n|switch|p2a: Kingambit|Kingambit, F|100/100\n|-damage|p2a: Kingambit|84/100|[from] Spikes\n|-activate|p2a: Kingambit|ability: Supreme Overlord\n|-start|p2a: Kingambit|fallen1|[silent]\n|switch|p1a: Raging Bolt|Raging Bolt|94/100\n|-damage|p1a: Raging Bolt|82/100|[from] Stealth Rock\n|\n|-weather|Sandstorm|[upkeep]\n|-damage|p1a: Raging Bolt|76/100|[from] Sandstorm\n|-heal|p2a: Kingambit|90/100|[from] item: Leftovers\n|-heal|p1a: Raging Bolt|82/100|[from] item: Leftovers\n|upkeep\n|turn|14\n|\n|t:|1771242102\n|move|p2a: Kingambit|Kowtow Cleave|p1a: Raging Bolt\n|-damage|p1a: Raging Bolt|40/100\n|move|p1a: Raging Bolt|Volt Switch|p2a: Kingambit\n|-damage|p2a: Kingambit|46/100\n|j| Samurajen\n|\n|t:|1771242107\n|-end|p1a: Raging Bolt|Protosynthesis|[silent]\n|switch|p1a: Great Tusk|Great Tusk|35/100|[from] Volt Switch\n|-damage|p1a: Great Tusk|32/100|[from] Stealth Rock\n|\n|-weather|Sandstorm|[upkeep]\n|-heal|p2a: Kingambit|52/100|[from] item: Leftovers\n|upkeep\n|turn|15\n|\n|t:|1771242110\n|-end|p2a: Kingambit|fallen1|[silent]\n|switch|p2a: Gholdengo|Gholdengo|100/100\n|-damage|p2a: Gholdengo|84/100|[from] Spikes\n|move|p1a: Great Tusk|Headlong Rush|p2a: Gholdengo\n|-supereffective|p2a: Gholdengo\n|-damage|p2a: Gholdengo|8/100\n|-unboost|p1a: Great Tusk|def|1\n|-unboost|p1a: Great Tusk|spd|1\n|\n|-weather|none\n|-heal|p2a: Gholdengo|14/100|[from] item: Leftovers\n|upkeep\n|turn|16\n|\n|t:|1771242115\n|move|p2a: Gholdengo|Shadow Ball|p1a: Great Tusk\n|-damage|p1a: Great Tusk|0 fnt\n|faint|p1a: Great Tusk\n|-end|p1a: Great Tusk|Protosynthesis|[silent]\n|\n|-heal|p2a: Gholdengo|20/100|[from] item: Leftovers\n|upkeep\n|\n|t:|1771242119\n|switch|p1a: Ogerpon|Ogerpon, F|64/100\n|-damage|p1a: Ogerpon|52/100|[from] Stealth Rock\n|turn|17\n|\n|t:|1771242122\n|move|p1a: Ogerpon|Ivy Cudgel|p2a: Gholdengo\n|-resisted|p2a: Gholdengo\n|-damage|p2a: Gholdengo|0 fnt\n|faint|p2a: Gholdengo\n|\n|upkeep\n|\n|t:|1771242142\n|switch|p2a: Kingambit|Kingambit, F|52/100\n|-damage|p2a: Kingambit|36/100|[from] Spikes\n|-activate|p2a: Kingambit|ability: Supreme Overlord\n|-start|p2a: Kingambit|fallen2|[silent]\n|turn|18\n|\n|t:|1771242152\n|-terastallize|p1a: Ogerpon|Grass\n|detailschange|p1a: Ogerpon|Ogerpon-Teal-Tera, F, tera:Grass\n|-ability|p1a: Ogerpon|Embody Aspect (Teal)|boost\n|-boost|p1a: Ogerpon|spe|1\n|move|p1a: Ogerpon|Ivy Cudgel|p2a: Kingambit\n|-resisted|p2a: Kingambit\n|-damage|p2a: Kingambit|0 fnt\n|faint|p2a: Kingambit\n|-end|p2a: Kingambit|fallen2|[silent]\n|\n|upkeep\n|\n|t:|1771242159\n|switch|p2a: Zamazenta|Zamazenta|84/100\n|-damage|p2a: Zamazenta|68/100|[from] Spikes\n|turn|19\n|\n|t:|1771242169\n|switch|p1a: Iron Valiant|Iron Valiant, shiny|100/100\n|-damage|p1a: Iron Valiant|94/100|[from] Stealth Rock\n|-enditem|p1a: Iron Valiant|Booster Energy\n|-activate|p1a: Iron Valiant|ability: Quark Drive|[fromitem]\n|-start|p1a: Iron Valiant|quarkdrivespe\n|move|p2a: Zamazenta|Body Press|p1a: Iron Valiant\n|-resisted|p1a: Iron Valiant\n|-damage|p1a: Iron Valiant|71/100\n|\n|-heal|p2a: Zamazenta|74/100|[from] item: Leftovers\n|upkeep\n|turn|20\n|c|☆dont spam para|ggwp\n|j| vavafrr\n|\n|t:|1771242180\n|move|p1a: Iron Valiant|Encore|p2a: Zamazenta\n|-start|p2a: Zamazenta|Encore\n|move|p2a: Zamazenta|Body Press|p1a: Iron Valiant\n|-resisted|p1a: Iron Valiant\n|-damage|p1a: Iron Valiant|51/100\n|\n|-heal|p2a: Zamazenta|80/100|[from] item: Leftovers\n|upkeep\n|turn|21\n|-message|dont spam para forfeited.\n|\n|win|penmakaveli\n|raw|penmakaveli's rating: 1589 &rarr; <strong>1612</strong><br />(+23 for winning)\n|raw|dont spam para's rating: 1638 &rarr; <strong>1615</strong><br />(-23 for losing)\n|l|☆dont spam para\n|player|p2|\n|l| Lorenzo20498\n", "uploadtime": 1771242351, "views": 10, "formatid": "gen9ou", "rating": 1612, "private": 0, "password": null}