{"id": "gen9ou-2639309188", "format": "[Gen 9] OU", "players": ["wizardrex", "KnightKnaveSpy"], "log": "|j|☆wizardrex\n|j|☆KnightKnaveSpy\n|t:|1782450335\n|gametype|singles\n|player|p1|wizardrex|170|1525\n|player|p2|KnightKnaveSpy|266|1610\n|gen|9\n|tier|[Gen 9] OU\n|rated|\n|rule|HP Percentage Mod: HP is shown in percentages\n|rule|Endless Battle Clause: Forcing endless battles is banned\n|rule|Species Clause: Limit one of each Pokémon\n|rule|OHKO Clause: OHKO moves are banned\n|rule|Evasion Items Clause: Evasion items are banned\n|rule|Evasion Moves Clause: Evasion moves are banned\n|rule|Evasion Abilities Clause: Evasion abilities are banned\n|rule|Sleep Moves Clause: Sleep-inducing moves are banned\n|clearpoke\n|poke|p1|Zapdos|\n|poke|p1|Pecharunt|\n|poke|p1|Primarina, M|\n|poke|p1|Meowscarada, F|\n|poke|p1|Dragonite, M|\n|poke|p1|Iron Treads|\n|poke|p2|Samurott-Hisui, M|\n|poke|p2|Blaziken, F|\n|poke|p2|Kingambit, M|\n|poke|p2|Raging Bolt|\n|poke|p2|Ogerpon-Wellspring, F|\n|poke|p2|Greninja-*, M|\n|teampreview\n|\n|t:|1782450358\n|teamsize|p1|6\n|teamsize|p2|6\n|start\n|switch|p1a: Primarina|Primarina, M|100/100\n|switch|p2a: Samurott|Samurott-Hisui, M|100/100\n|turn|1\n|\n|t:|1782450366\n|move|p2a: Samurott|Ceaseless Edge|p1a: Primarina\n|-resisted|p1a: Primarina\n|-damage|p1a: Primarina|74/100\n|-sidestart|p1: wizardrex|Spikes\n|move|p1a: Primarina|Moonblast|p2a: Samurott\n|-supereffective|p2a: Samurott\n|-enditem|p2a: Samurott|Focus Sash\n|-damage|p2a: Samurott|1/100\n|\n|upkeep\n|turn|2\n|\n|t:|1782450375\n|move|p2a: Samurott|Ceaseless Edge|p1a: Primarina\n|-resisted|p1a: Primarina\n|-damage|p1a: Primarina|48/100\n|-sidestart|p1: wizardrex|Spikes\n|move|p1a: Primarina|Moonblast|p2a: Samurott\n|-supereffective|p2a: Samurott\n|-damage|p2a: Samurott|0 fnt\n|faint|p2a: Samurott\n|\n|upkeep\n|\n|t:|1782450380\n|switch|p2a: Ogerpon|Ogerpon-Wellspring, F|100/100\n|turn|3\n|\n|t:|1782450387\n|move|p2a: Ogerpon|Horn Leech|p1a: Primarina\n|-supereffective|p1a: Primarina\n|-damage|p1a: Primarina|0 fnt\n|faint|p1a: Primarina\n|\n|upkeep\n|\n|t:|1782450390\n|switch|p1a: Pecharunt|Pecharunt|100/100\n|-damage|p1a: Pecharunt|84/100|[from] Spikes\n|turn|4\n|\n|t:|1782450397\n|switch|p2a: Kingambit|Kingambit, M|100/100\n|-activate|p2a: Kingambit|ability: Supreme Overlord\n|-start|p2a: Kingambit|fallen1|[silent]\n|move|p1a: Pecharunt|Parting Shot|p2a: Kingambit\n|-unboost|p2a: Kingambit|atk|1\n|-unboost|p2a: Kingambit|spa|1\n|\n|t:|1782450400\n|switch|p1a: Iron Treads|Iron Treads|100/100|[from] Parting Shot\n|-damage|p1a: Iron Treads|84/100|[from] Spikes\n|\n|-heal|p1a: Iron Treads|90/100|[from] item: Leftovers\n|upkeep\n|turn|5\n|\n|t:|1782450402\n|-terastallize|p2a: Kingambit|Ghost\n|move|p1a: Iron Treads|Rapid Spin|p2a: Kingambit\n|-immune|p2a: Kingambit\n|move|p2a: Kingambit|Low Kick|p1a: Iron Treads\n|-supereffective|p1a: Iron Treads\n|-damage|p1a: Iron Treads|26/100\n|\n|-heal|p1a: Iron Treads|32/100|[from] item: Leftovers\n|upkeep\n|turn|6\n|\n|t:|1782450409\n|move|p1a: Iron Treads|Stealth Rock|p2a: Kingambit\n|-sidestart|p2: KnightKnaveSpy|move: Stealth Rock\n|move|p2a: Kingambit|Kowtow Cleave|p1a: Iron Treads\n|-damage|p1a: Iron Treads|0 fnt\n|faint|p1a: Iron Treads\n|-end|p1a: Iron Treads|Quark Drive|[silent]\n|\n|upkeep\n|\n|t:|1782450413\n|switch|p1a: Meowscarada|Meowscarada, F|100/100\n|-damage|p1a: Meowscarada|84/100|[from] Spikes\n|turn|7\n|\n|t:|1782450418\n|-end|p2a: Kingambit|fallen1|[silent]\n|switch|p2a: Blaziken|Blaziken, F|100/100\n|-damage|p2a: Blaziken|88/100|[from] Stealth Rock\n|move|p1a: Meowscarada|Knock Off|p2a: Blaziken\n|-start|p1a: Meowscarada|typechange|Dark|[from] ability: Protean\n|-resisted|p2a: Blaziken\n|-damage|p2a: Blaziken|53/100\n|-enditem|p2a: Blaziken|Leftovers|[from] move: Knock Off|[of] p1a: Meowscarada\n|\n|upkeep\n|turn|8\n|\n|t:|1782450429\n|switch|p1a: Dragonite|Dragonite, M|100/100\n|move|p2a: Blaziken|Flare Blitz|p1a: Dragonite\n|-resisted|p1a: Dragonite\n|-damage|p1a: Dragonite|82/100\n|-damage|p2a: Blaziken|47/100|[from] Recoil\n|\n|-ability|p2a: Blaziken|Speed Boost|boost\n|-boost|p2a: Blaziken|spe|1\n|upkeep\n|turn|9\n|\n|t:|1782450443\n|switch|p2a: Raging Bolt|Raging Bolt|100/100\n|-damage|p2a: Raging Bolt|88/100|[from] Stealth Rock\n|-item|p2a: Raging Bolt|Air Balloon\n|move|p1a: Dragonite|Dragon Dance|p1a: Dragonite\n|-boost|p1a: Dragonite|atk|1\n|-boost|p1a: Dragonite|spe|1\n|\n|upkeep\n|turn|10\n|\n|t:|1782450455\n|-terastallize|p1a: Dragonite|Normal\n|move|p1a: Dragonite|Extreme Speed|p2a: Raging Bolt\n|-damage|p2a: Raging Bolt|34/100\n|-enditem|p2a: Raging Bolt|Air Balloon\n|move|p2a: Raging Bolt|Draco Meteor|p1a: Dragonite\n|-damage|p1a: Dragonite|0 fnt\n|-unboost|p2a: Raging Bolt|spa|2\n|faint|p1a: Dragonite\n|\n|upkeep\n|\n|t:|1782450465\n|switch|p1a: Pecharunt|Pecharunt|84/100\n|-damage|p1a: Pecharunt|67/100|[from] Spikes\n|turn|11\n|\n|t:|1782450472\n|move|p1a: Pecharunt|Malignant Chain|p2a: Raging Bolt\n|-damage|p2a: Raging Bolt|7/100\n|move|p2a: Raging Bolt|Volt Switch|p1a: Pecharunt\n|-damage|p1a: Pecharunt|45/100\n|\n|t:|1782450475\n|-end|p2a: Raging Bolt|Protosynthesis|[silent]\n|switch|p2a: Greninja|Greninja, M|100/100|[from] Volt Switch\n|\n|upkeep\n|turn|12\n|\n|t:|1782450484\n|move|p2a: Greninja|Dark Pulse|p1a: Pecharunt\n|-start|p2a: Greninja|typechange|Dark|[from] ability: Protean\n|-supereffective|p1a: Pecharunt\n|-damage|p1a: Pecharunt|0 fnt\n|faint|p1a: Pecharunt\n|\n|upkeep\n|\n|t:|1782450487\n|switch|p1a: Meowscarada|Meowscarada, F|84/100\n|-damage|p1a: Meowscarada|68/100|[from] Spikes\n|turn|13\n|\n|t:|1782450491\n|switch|p2a: Raging Bolt|Raging Bolt|7/100\n|-damage|p2a: Raging Bolt|0 fnt|[from] Stealth Rock\n|faint|p2a: Raging Bolt\n|-end|p2a: Raging Bolt|Protosynthesis|[silent]\n|move|p1a: Meowscarada|U-turn|p2: Raging Bolt|[notarget]\n|-fail|p1a: Meowscarada\n|\n|upkeep\n|\n|t:|1782450494\n|switch|p2a: Blaziken|Blaziken, F|47/100\n|-damage|p2a: Blaziken|35/100|[from] Stealth Rock\n|turn|14\n|\n|t:|1782450499\n|move|p1a: Meowscarada|U-turn|p2a: Blaziken\n|-start|p1a: Meowscarada|typechange|Bug|[from] ability: Protean\n|-resisted|p2a: Blaziken\n|-damage|p2a: Blaziken|22/100\n|\n|t:|1782450501\n|switch|p1a: Zapdos|Zapdos|100/100|[from] U-turn\n|move|p2a: Blaziken|Swords Dance|p2a: Blaziken\n|-boost|p2a: Blaziken|atk|2\n|\n|-ability|p2a: Blaziken|Speed Boost|boost\n|-boost|p2a: Blaziken|spe|1\n|upkeep\n|turn|15\n|\n|t:|1782450504\n|move|p2a: Blaziken|Flare Blitz|p1a: Zapdos\n|-damage|p1a: Zapdos|0 fnt\n|-status|p2a: Blaziken|par|[from] ability: Static|[of] p1a: Zapdos\n|faint|p1a: Zapdos\n|-damage|p2a: Blaziken|0 fnt|[from] Recoil\n|faint|p2a: Blaziken\n|\n|upkeep\n|\n|t:|1782450511\n|switch|p2a: Ogerpon|Ogerpon-Wellspring, F|100/100\n|switch|p1a: Meowscarada|Meowscarada, F|68/100\n|-damage|p1a: Meowscarada|51/100|[from] Spikes\n|-damage|p2a: Ogerpon|88/100|[from] Stealth Rock\n|turn|16\n|-message|wizardrex forfeited.\n|\n|win|KnightKnaveSpy\n|raw|wizardrex's rating: 1525 &rarr; <strong>1510</strong><br />(-15 for losing)\n|raw|KnightKnaveSpy's rating: 1610 &rarr; <strong>1625</strong><br />(+15 for winning)\n|l|☆wizardrex\n|player|p1|\n|l|☆KnightKnaveSpy\n|player|p2|\n", "uploadtime": 1782450719, "views": 9, "formatid": "gen9ou", "rating": 1510, "private": 0, "password": null}