{"id": "gen9ou-2639206692", "format": "[Gen 9] OU", "players": ["future94", "SrCinccino"], "log": "|j|☆future94\n|j|☆SrCinccino\n|t:|1782434043\n|gametype|singles\n|player|p1|future94|emmet|1427\n|player|p2|SrCinccino|kieran|1376\n|gen|9\n|tier|[Gen 9] OU\n|rated|\n|rule|HP Percentage Mod: HP is shown in percentages\n|rule|Endless Battle Clause: Forcing endless battles is banned\n|rule|Species Clause: Limit one of each Pokémon\n|rule|OHKO Clause: OHKO moves are banned\n|rule|Evasion Items Clause: Evasion items are banned\n|rule|Evasion Moves Clause: Evasion moves are banned\n|rule|Evasion Abilities Clause: Evasion abilities are banned\n|rule|Sleep Moves Clause: Sleep-inducing moves are banned\n|clearpoke\n|poke|p1|Ninetales, F|\n|poke|p1|Walking Wake|\n|poke|p1|Cinderace, F|\n|poke|p1|Great Tusk|\n|poke|p1|Cresselia, F|\n|poke|p1|Hatterene, F|\n|poke|p2|Ribombee, M|\n|poke|p2|Cinccino, M|\n|poke|p2|Mimikyu, F|\n|poke|p2|Hydrapple, M|\n|poke|p2|Greninja-*, M|\n|poke|p2|Tinkaton, F|\n|teampreview\n|inactive|Battle timer is ON: inactive players will automatically lose when time's up. (requested by future94)\n|\n|t:|1782434052\n|teamsize|p1|6\n|teamsize|p2|6\n|start\n|switch|p1a: Ninetales|Ninetales, F, shiny|100/100\n|switch|p2a: Ribombee|Ribombee, M, shiny|100/100\n|-weather|SunnyDay|[from] ability: Drought|[of] p1a: Ninetales\n|turn|1\n|\n|t:|1782434059\n|move|p2a: Ribombee|Moonblast|p1a: Ninetales\n|-resisted|p1a: Ninetales\n|-damage|p1a: Ninetales|84/100\n|move|p1a: Ninetales|Flamethrower|p2a: Ribombee\n|-supereffective|p2a: Ribombee\n|-enditem|p2a: Ribombee|Focus Sash\n|-damage|p2a: Ribombee|1/100\n|\n|-weather|SunnyDay|[upkeep]\n|upkeep\n|turn|2\n|\n|t:|1782434073\n|switch|p1a: Cinderace|Cinderace, F|100/100\n|move|p2a: Ribombee|Moonblast|p1a: Cinderace\n|-resisted|p1a: Cinderace\n|-damage|p1a: Cinderace|76/100\n|-unboost|p1a: Cinderace|spa|1\n|\n|-weather|SunnyDay|[upkeep]\n|upkeep\n|turn|3\n|\n|t:|1782434084\n|switch|p1a: Hatterene|Hatterene, F|100/100\n|move|p2a: Ribombee|Moonblast|p1a: Hatterene\n|-damage|p1a: Hatterene|77/100\n|\n|-weather|SunnyDay|[upkeep]\n|upkeep\n|turn|4\n|\n|t:|1782434090\n|move|p2a: Ribombee|Moonblast|p1a: Hatterene\n|-damage|p1a: Hatterene|53/100\n|move|p1a: Hatterene|Draining Kiss|p2a: Ribombee\n|-damage|p2a: Ribombee|0 fnt\n|-heal|p1a: Hatterene|53/100|[from] drain|[of] p2a: Ribombee\n|faint|p2a: Ribombee\n|\n|-weather|SunnyDay|[upkeep]\n|upkeep\n|\n|t:|1782434092\n|switch|p2a: Cinccino|Cinccino, M|100/100\n|turn|5\n|\n|t:|1782434101\n|move|p2a: Cinccino|Tail Slap|p1a: Hatterene\n|-damage|p1a: Hatterene|34/100\n|-damage|p1a: Hatterene|16/100\n|-damage|p1a: Hatterene|0 fnt\n|faint|p1a: Hatterene\n|-hitcount|p1: Hatterene|3\n|\n|-weather|SunnyDay|[upkeep]\n|upkeep\n|\n|t:|1782434107\n|switch|p1a: Great Tusk|Great Tusk|100/100\n|-activate|p1a: Great Tusk|ability: Protosynthesis\n|-start|p1a: Great Tusk|protosynthesisatk\n|turn|6\n|\n|t:|1782434113\n|switch|p2a: Hydrapple|Hydrapple, M|100/100\n|move|p1a: Great Tusk|Rapid Spin|p2a: Hydrapple\n|-crit|p2a: Hydrapple\n|-damage|p2a: Hydrapple|80/100\n|-boost|p1a: Great Tusk|spe|1\n|\n|-weather|SunnyDay|[upkeep]\n|-heal|p2a: Hydrapple|86/100|[from] item: Leftovers\n|upkeep\n|turn|7\n|\n|t:|1782434126\n|-end|p1a: Great Tusk|Protosynthesis|[silent]\n|switch|p1a: Cinderace|Cinderace, F|76/100\n|move|p2a: Hydrapple|Giga Drain|p1a: Cinderace\n|-resisted|p1a: Cinderace\n|-damage|p1a: Cinderace|57/100\n|-heal|p2a: Hydrapple|94/100|[from] drain|[of] p1a: Cinderace\n|\n|-weather|SunnyDay|[upkeep]\n|-heal|p2a: Hydrapple|99/100|[from] item: Leftovers\n|upkeep\n|turn|8\n|\n|t:|1782434134\n|move|p1a: Cinderace|Pyro Ball|p2a: Hydrapple\n|-damage|p2a: Hydrapple|62/100\n|move|p2a: Hydrapple|Earth Power|p1a: Cinderace\n|-supereffective|p1a: Cinderace\n|-damage|p1a: Cinderace|4/100\n|-unboost|p1a: Cinderace|spd|1\n|\n|-weather|none\n|-heal|p2a: Hydrapple|68/100|[from] item: Leftovers\n|upkeep\n|turn|9\n|\n|t:|1782434143\n|move|p1a: Cinderace|U-turn|p2a: Hydrapple\n|-supereffective|p2a: Hydrapple\n|-damage|p2a: Hydrapple|47/100\n|\n|t:|1782434152\n|switch|p1a: Cresselia|Cresselia, F|100/100|[from] U-turn\n|move|p2a: Hydrapple|Giga Drain|p1a: Cresselia\n|-damage|p1a: Cresselia|80/100\n|-heal|p2a: Hydrapple|58/100|[from] drain|[of] p1a: Cresselia\n|\n|-heal|p2a: Hydrapple|64/100|[from] item: Leftovers\n|upkeep\n|turn|10\n|\n|t:|1782434159\n|switch|p2a: Tinkaton|Tinkaton, F|100/100\n|-item|p2a: Tinkaton|Air Balloon\n|move|p1a: Cresselia|Calm Mind|p1a: Cresselia\n|-boost|p1a: Cresselia|spa|1\n|-boost|p1a: Cresselia|spd|1\n|\n|upkeep\n|turn|11\n|\n|t:|1782434166\n|switch|p1a: Ninetales|Ninetales, F, shiny|84/100\n|-weather|SunnyDay|[from] ability: Drought|[of] p1a: Ninetales\n|move|p2a: Tinkaton|Encore||[still]\n|-fail|p2a: Tinkaton\n|\n|-weather|SunnyDay|[upkeep]\n|upkeep\n|turn|12\n|\n|t:|1782434181\n|switch|p2a: Hydrapple|Hydrapple, M|97/100\n|move|p1a: Ninetales|Flamethrower|p2a: Hydrapple\n|-damage|p2a: Hydrapple|56/100\n|-status|p2a: Hydrapple|brn\n|\n|-weather|SunnyDay|[upkeep]\n|-heal|p2a: Hydrapple|62/100 brn|[from] item: Leftovers\n|-damage|p2a: Hydrapple|56/100 brn|[from] brn\n|upkeep\n|turn|13\n|\n|t:|1782434190\n|switch|p1a: Cresselia|Cresselia, F|80/100\n|move|p2a: Hydrapple|Earth Power|p1a: Cresselia\n|-immune|p1a: Cresselia|[from] ability: Levitate\n|\n|-weather|SunnyDay|[upkeep]\n|-heal|p2a: Hydrapple|62/100 brn|[from] item: Leftovers\n|-damage|p2a: Hydrapple|56/100 brn|[from] brn\n|upkeep\n|turn|14\n|\n|t:|1782434199\n|switch|p2a: Tinkaton|Tinkaton, F|100/100\n|-item|p2a: Tinkaton|Air Balloon\n|move|p1a: Cresselia|Moonblast|p2a: Tinkaton\n|-resisted|p2a: Tinkaton\n|-damage|p2a: Tinkaton|94/100\n|-enditem|p2a: Tinkaton|Air Balloon\n|\n|-weather|SunnyDay|[upkeep]\n|upkeep\n|turn|15\n|\n|t:|1782434208\n|switch|p1a: Great Tusk|Great Tusk|100/100\n|-activate|p1a: Great Tusk|ability: Protosynthesis\n|-start|p1a: Great Tusk|protosynthesisatk\n|move|p2a: Tinkaton|Gigaton Hammer|p1a: Great Tusk\n|-damage|p1a: Great Tusk|67/100\n|\n|-weather|SunnyDay|[upkeep]\n|-heal|p1a: Great Tusk|74/100|[from] item: Leftovers\n|upkeep\n|turn|16\n|\n|t:|1782434217\n|switch|p2a: Hydrapple|Hydrapple, M|89/100 brn\n|move|p1a: Great Tusk|Knock Off|p2a: Hydrapple\n|-damage|p2a: Hydrapple|63/100 brn\n|-enditem|p2a: Hydrapple|Leftovers|[from] move: Knock Off|[of] p1a: Great Tusk\n|\n|-weather|SunnyDay|[upkeep]\n|-heal|p1a: Great Tusk|80/100|[from] item: Leftovers\n|-damage|p2a: Hydrapple|57/100 brn|[from] brn\n|upkeep\n|turn|17\n|\n|t:|1782434226\n|-end|p1a: Great Tusk|Protosynthesis|[silent]\n|switch|p1a: Cresselia|Cresselia, F|80/100\n|switch|p2a: Tinkaton|Tinkaton, F|94/100\n|\n|-weather|SunnyDay|[upkeep]\n|upkeep\n|turn|18\n|\n|t:|1782434237\n|switch|p1a: Great Tusk|Great Tusk|80/100\n|-activate|p1a: Great Tusk|ability: Protosynthesis\n|-start|p1a: Great Tusk|protosynthesisatk\n|move|p2a: Tinkaton|Thunder Wave|p1a: Great Tusk\n|-immune|p1a: Great Tusk\n|\n|-weather|none\n|-end|p1a: Great Tusk|Protosynthesis\n|-heal|p1a: Great Tusk|86/100|[from] item: Leftovers\n|upkeep\n|turn|19\n|\n|t:|1782434246\n|-end|p1a: Great Tusk|Protosynthesis|[silent]\n|switch|p1a: Ninetales|Ninetales, F, shiny|84/100\n|-weather|SunnyDay|[from] ability: Drought|[of] p1a: Ninetales\n|switch|p2a: Hydrapple|Hydrapple, M|90/100 brn\n|\n|-weather|SunnyDay|[upkeep]\n|-damage|p2a: Hydrapple|84/100 brn|[from] brn\n|upkeep\n|turn|20\n|\n|t:|1782434254\n|move|p1a: Ninetales|Flamethrower|p2a: Hydrapple\n|-damage|p2a: Hydrapple|48/100 brn\n|move|p2a: Hydrapple|Draco Meteor|p1a: Ninetales\n|-damage|p1a: Ninetales|39/100\n|-unboost|p2a: Hydrapple|spa|2\n|\n|-weather|SunnyDay|[upkeep]\n|-damage|p2a: Hydrapple|42/100 brn|[from] brn\n|upkeep\n|turn|21\n|\n|t:|1782434263\n|switch|p2a: Tinkaton|Tinkaton, F|94/100\n|move|p1a: Ninetales|Flamethrower|p2a: Tinkaton\n|-supereffective|p2a: Tinkaton\n|-damage|p2a: Tinkaton|34/100\n|\n|-weather|SunnyDay|[upkeep]\n|upkeep\n|turn|22\n|\n|t:|1782434272\n|switch|p2a: Greninja|Greninja, M|100/100\n|move|p1a: Ninetales|Flamethrower|p2a: Greninja\n|-resisted|p2a: Greninja\n|-damage|p2a: Greninja|70/100\n|\n|-weather|SunnyDay|[upkeep]\n|upkeep\n|turn|23\n|\n|t:|1782434286\n|switch|p1a: Cresselia|Cresselia, F|80/100\n|move|p2a: Greninja|Dark Pulse|p1a: Cresselia\n|-supereffective|p1a: Cresselia\n|-damage|p1a: Cresselia|14/100\n|-damage|p2a: Greninja|60/100|[from] item: Life Orb\n|\n|-weather|SunnyDay|[upkeep]\n|upkeep\n|turn|24\n|\n|t:|1782434296\n|move|p2a: Greninja|Dark Pulse|p1a: Cresselia\n|-supereffective|p1a: Cresselia\n|-damage|p1a: Cresselia|0 fnt\n|faint|p1a: Cresselia\n|-ability|p2a: Greninja|Battle Bond|boost\n|-boost|p2a: Greninja|atk|1\n|-boost|p2a: Greninja|spa|1\n|-boost|p2a: Greninja|spe|1\n|-activate|p2a: Greninja|ability: Battle Bond\n|-damage|p2a: Greninja|51/100|[from] item: Life Orb\n|\n|-weather|SunnyDay|[upkeep]\n|upkeep\n|-message|future94 forfeited.\n|\n|win|SrCinccino\n|raw|future94's rating: 1427 &rarr; <strong>1404</strong><br />(-23 for losing)\n|raw|SrCinccino's rating: 1376 &rarr; <strong>1399</strong><br />(+23 for winning)\n|l|☆future94\n|player|p1|\n|l|☆SrCinccino\n|player|p2|\n", "uploadtime": 1782434595, "views": 7, "formatid": "gen9ou", "rating": 1399, "private": 0, "password": null}