{"id": "gen9ou-2540423117", "format": "[Gen 9] OU", "players": ["VaporeonUser", "fleep vs floop"], "log": "|j|☆VaporeonUser\n|j|☆fleep vs floop\n|t:|1771200184\n|gametype|singles\n|player|p1|VaporeonUser|volkner|1574\n|player|p2|fleep vs floop|169|1607\n|gen|9\n|tier|[Gen 9] OU\n|rated|\n|rule|HP Percentage Mod: HP is shown in percentages\n|rule|Endless Battle Clause: Forcing endless battles is banned\n|rule|Species Clause: Limit one of each Pokémon\n|rule|OHKO Clause: OHKO moves are banned\n|rule|Evasion Items Clause: Evasion items are banned\n|rule|Evasion Moves Clause: Evasion moves are banned\n|rule|Evasion Abilities Clause: Evasion abilities are banned\n|rule|Sleep Moves Clause: Sleep-inducing moves are banned\n|clearpoke\n|poke|p1|Torkoal, F|\n|poke|p1|Scovillain, F|\n|poke|p1|Walking Wake|\n|poke|p1|Hatterene, F|\n|poke|p1|Great Tusk|\n|poke|p1|Ceruledge, F|\n|poke|p2|Garchomp, F|\n|poke|p2|Hoopa-Unbound|\n|poke|p2|Tyranitar, M|\n|poke|p2|Pecharunt|\n|poke|p2|Dragonite, F|\n|poke|p2|Excadrill, F|\n|teampreview\n|inactive|Battle timer is ON: inactive players will automatically lose when time's up. (requested by fleep vs floop)\n|\n|t:|1771200207\n|teamsize|p1|6\n|teamsize|p2|6\n|start\n|switch|p1a: Don|Great Tusk, shiny|100/100\n|switch|p2a: Hoopa|Hoopa-Unbound|100/100\n|turn|1\n|\n|t:|1771200214\n|move|p2a: Hoopa|Psychic|p1a: Don\n|-supereffective|p1a: Don\n|-damage|p1a: Don|0 fnt\n|faint|p1a: Don\n|-end|p1a: Don|Protosynthesis|[silent]\n|\n|upkeep\n|inactive|VaporeonUser has 120 seconds left.\n|\n|t:|1771200244\n|switch|p1a: Torkoal|Torkoal, F|100/100\n|-weather|SunnyDay|[from] ability: Drought|[of] p1a: Torkoal\n|turn|2\n|\n|t:|1771200247\n|switch|p1a: Hatterene|Hatterene, F, shiny|100/100\n|move|p2a: Hoopa|Psychic|p1a: Hatterene\n|-resisted|p1a: Hatterene\n|-damage|p1a: Hatterene|74/100\n|-enditem|p1a: Hatterene|Eject Button\n|\n|t:|1771200254\n|switch|p1a: Ceruledge|Ceruledge, F|100/100\n|\n|-weather|SunnyDay|[upkeep]\n|upkeep\n|turn|3\n|\n|t:|1771200257\n|switch|p2a: Garchomp|Garchomp, F|100/100\n|move|p1a: Ceruledge|Bitter Blade|p2a: Garchomp\n|-resisted|p2a: Garchomp\n|-damage|p2a: Garchomp|77/100\n|-damage|p1a: Ceruledge|88/100|[from] ability: Rough Skin|[of] p2a: Garchomp\n|-damage|p1a: Ceruledge|72/100|[from] item: Rocky Helmet|[of] p2a: Garchomp\n|\n|-weather|SunnyDay|[upkeep]\n|upkeep\n|turn|4\n|\n|t:|1771200262\n|-terastallize|p1a: Ceruledge|Grass\n|move|p1a: Ceruledge|Swords Dance|p1a: Ceruledge\n|-boost|p1a: Ceruledge|atk|2\n|move|p2a: Garchomp|Earthquake|p1a: Ceruledge\n|-resisted|p1a: Ceruledge\n|-damage|p1a: Ceruledge|44/100\n|-ability|p1a: Ceruledge|Weak Armor|boost\n|-unboost|p1a: Ceruledge|def|1\n|-boost|p1a: Ceruledge|spe|2\n|\n|-weather|SunnyDay|[upkeep]\n|upkeep\n|turn|5\n|\n|t:|1771200272\n|move|p1a: Ceruledge|Solar Blade||[still]\n|-prepare|p1a: Ceruledge|Solar Blade\n|-anim|p1a: Ceruledge|Solar Blade|p2a: Garchomp\n|-damage|p2a: Garchomp|0 fnt\n|-damage|p1a: Ceruledge|32/100|[from] ability: Rough Skin|[of] p2a: Garchomp\n|-damage|p1a: Ceruledge|16/100|[from] item: Rocky Helmet|[of] p2a: Garchomp\n|faint|p2a: Garchomp\n|\n|-weather|SunnyDay|[upkeep]\n|upkeep\n|\n|t:|1771200282\n|switch|p2a: Pecharunt|Pecharunt|100/100\n|turn|6\n|\n|t:|1771200292\n|move|p1a: Ceruledge|Bitter Blade|p2a: Pecharunt\n|-damage|p2a: Pecharunt|36/100\n|-heal|p1a: Ceruledge|58/100|[from] drain|[of] p2a: Pecharunt\n|move|p2a: Pecharunt|Foul Play|p1a: Ceruledge\n|-damage|p1a: Ceruledge|0 fnt\n|faint|p1a: Ceruledge\n|\n|-weather|SunnyDay|[upkeep]\n|upkeep\n|\n|t:|1771200299\n|switch|p1a: Walking Wake|Walking Wake|100/100\n|-activate|p1a: Walking Wake|ability: Protosynthesis\n|-start|p1a: Walking Wake|protosynthesisspa\n|turn|7\n|\n|t:|1771200305\n|move|p1a: Walking Wake|Hydro Steam|p2a: Pecharunt\n|-damage|p2a: Pecharunt|0 fnt\n|faint|p2a: Pecharunt\n|\n|-weather|SunnyDay|[upkeep]\n|upkeep\n|\n|t:|1771200307\n|switch|p2a: Hoopa|Hoopa-Unbound|100/100\n|turn|8\n|\n|t:|1771200313\n|move|p1a: Walking Wake|Hydro Steam|p2a: Hoopa\n|-damage|p2a: Hoopa|15/100\n|move|p2a: Hoopa|Dark Pulse|p1a: Walking Wake\n|-damage|p1a: Walking Wake|45/100\n|\n|-weather|SunnyDay|[upkeep]\n|upkeep\n|turn|9\n|\n|t:|1771200325\n|move|p1a: Walking Wake|Hydro Steam|p2a: Hoopa\n|-damage|p2a: Hoopa|0 fnt\n|faint|p2a: Hoopa\n|\n|-weather|none\n|-end|p1a: Walking Wake|Protosynthesis\n|upkeep\n|\n|t:|1771200329\n|switch|p2a: Tyranitar|Tyranitar, M|100/100\n|-weather|Sandstorm|[from] ability: Sand Stream|[of] p2a: Tyranitar\n|turn|10\n|\n|t:|1771200332\n|-end|p1a: Walking Wake|Protosynthesis|[silent]\n|switch|p1a: Hatterene|Hatterene, F, shiny|74/100\n|move|p2a: Tyranitar|Stone Edge|p1a: Hatterene|[miss]\n|-miss|p2a: Tyranitar|p1a: Hatterene\n|\n|-weather|Sandstorm|[upkeep]\n|-damage|p1a: Hatterene|68/100|[from] Sandstorm\n|upkeep\n|turn|11\n|\n|t:|1771200338\n|move|p2a: Tyranitar|Stone Edge|p1a: Hatterene|[miss]\n|-miss|p2a: Tyranitar|p1a: Hatterene\n|move|p1a: Hatterene|Draining Kiss|p2a: Tyranitar\n|-supereffective|p2a: Tyranitar\n|-damage|p2a: Tyranitar|69/100\n|-heal|p1a: Hatterene|94/100|[from] drain|[of] p2a: Tyranitar\n|\n|-weather|Sandstorm|[upkeep]\n|-damage|p1a: Hatterene|88/100|[from] Sandstorm\n|upkeep\n|turn|12\n|\n|t:|1771200340\n|move|p2a: Tyranitar|Stone Edge|p1a: Hatterene\n|-damage|p1a: Hatterene|5/100\n|move|p1a: Hatterene|Draining Kiss|p2a: Tyranitar\n|-supereffective|p2a: Tyranitar\n|-damage|p2a: Tyranitar|39/100\n|-heal|p1a: Hatterene|29/100|[from] drain|[of] p2a: Tyranitar\n|\n|-weather|Sandstorm|[upkeep]\n|-damage|p1a: Hatterene|23/100|[from] Sandstorm\n|upkeep\n|turn|13\n|\n|t:|1771200343\n|move|p2a: Tyranitar|Stone Edge|p1a: Hatterene\n|-damage|p1a: Hatterene|0 fnt\n|faint|p1a: Hatterene\n|\n|-weather|Sandstorm|[upkeep]\n|upkeep\n|\n|t:|1771200354\n|switch|p1a: Walking Wake|Walking Wake|45/100\n|turn|14\n|\n|t:|1771200360\n|switch|p2a: Dragonite|Dragonite, F|100/100\n|move|p1a: Walking Wake|Hydro Steam|p2a: Dragonite\n|-resisted|p2a: Dragonite\n|-damage|p2a: Dragonite|88/100\n|\n|-weather|none\n|upkeep\n|turn|15\n|\n|t:|1771200367\n|-end|p1a: Walking Wake|Protosynthesis|[silent]\n|switch|p1a: Torkoal|Torkoal, F|100/100\n|-weather|SunnyDay|[from] ability: Drought|[of] p1a: Torkoal\n|switch|p2a: Tyranitar|Tyranitar, M|39/100\n|-weather|Sandstorm|[from] ability: Sand Stream|[of] p2a: Tyranitar\n|\n|-weather|Sandstorm|[upkeep]\n|-damage|p1a: Torkoal|94/100|[from] Sandstorm\n|upkeep\n|turn|16\n|\n|t:|1771200373\n|move|p2a: Tyranitar|Stone Edge|p1a: Torkoal\n|-supereffective|p1a: Torkoal\n|-damage|p1a: Torkoal|0 fnt\n|faint|p1a: Torkoal\n|\n|-weather|Sandstorm|[upkeep]\n|upkeep\n|\n|t:|1771200375\n|switch|p1a: Walking Wake|Walking Wake|45/100\n|turn|17\n|\n|t:|1771200378\n|move|p1a: Walking Wake|Hydro Steam|p2a: Tyranitar\n|-supereffective|p2a: Tyranitar\n|-damage|p2a: Tyranitar|0 fnt\n|faint|p2a: Tyranitar\n|\n|-weather|Sandstorm|[upkeep]\n|-damage|p1a: Walking Wake|39/100|[from] Sandstorm\n|upkeep\n|\n|t:|1771200381\n|switch|p2a: Excadrill|Excadrill, F|100/100\n|turn|18\n|\n|t:|1771200383\n|move|p2a: Excadrill|Earthquake|p1a: Walking Wake\n|-damage|p1a: Walking Wake|0 fnt\n|faint|p1a: Walking Wake\n|-end|p1a: Walking Wake|Protosynthesis|[silent]\n|\n|-weather|Sandstorm|[upkeep]\n|upkeep\n|\n|t:|1771200384\n|switch|p1a: Scovillain|Scovillain, F|100/100\n|turn|19\n|\n|t:|1771200387\n|-terastallize|p2a: Excadrill|Ground\n|move|p2a: Excadrill|Earthquake|p1a: Scovillain\n|-damage|p1a: Scovillain|0 fnt\n|faint|p1a: Scovillain\n|\n|win|fleep vs floop\n|raw|VaporeonUser's rating: 1574 &rarr; <strong>1556</strong><br />(-18 for losing)\n|raw|fleep vs floop's rating: 1607 &rarr; <strong>1625</strong><br />(+18 for winning)\n|l|☆VaporeonUser\n|player|p1|\n|l|☆fleep vs floop\n|player|p2|\n", "uploadtime": 1771200529, "views": 11, "formatid": "gen9ou", "rating": 1556, "private": 0, "password": null}