{"id": "gen9ou-2639308712", "format": "[Gen 9] OU", "players": ["stevenstonersx69", "Archerdadon"], "log": "|j|☆stevenstonersx69\n|j|☆Archerdadon\n|t:|1782450245\n|gametype|singles\n|player|p1|stevenstonersx69|1|1556\n|player|p2|Archerdadon|marshal|1584\n|gen|9\n|tier|[Gen 9] OU\n|rated|\n|rule|HP Percentage Mod: HP is shown in percentages\n|rule|Endless Battle Clause: Forcing endless battles is banned\n|rule|Species Clause: Limit one of each Pokémon\n|rule|OHKO Clause: OHKO moves are banned\n|rule|Evasion Items Clause: Evasion items are banned\n|rule|Evasion Moves Clause: Evasion moves are banned\n|rule|Evasion Abilities Clause: Evasion abilities are banned\n|rule|Sleep Moves Clause: Sleep-inducing moves are banned\n|clearpoke\n|poke|p1|Garchomp, F|\n|poke|p1|Azumarill, F|\n|poke|p1|Clefable, M|\n|poke|p1|Maushold-Four|\n|poke|p1|Blaziken, M|\n|poke|p1|Polteageist|\n|poke|p2|Dondozo, F|\n|poke|p2|Cinderace, M|\n|poke|p2|Ting-Lu|\n|poke|p2|Heatran, M|\n|poke|p2|Hydrapple, M|\n|poke|p2|Glimmora, M|\n|teampreview\n|\n|t:|1782450251\n|teamsize|p1|6\n|teamsize|p2|6\n|start\n|switch|p1a: DISNEY LAND|Maushold-Four|100/100\n|switch|p2a: Glimmora|Glimmora, M|100/100\n|turn|1\n|\n|t:|1782450265\n|move|p1a: DISNEY LAND|Tidy Up|p1a: DISNEY LAND\n|-boost|p1a: DISNEY LAND|atk|1\n|-boost|p1a: DISNEY LAND|spe|1\n|move|p2a: Glimmora|Sludge Wave|p1a: DISNEY LAND\n|-damage|p1a: DISNEY LAND|28/100\n|\n|upkeep\n|turn|2\n|\n|t:|1782450272\n|switch|p2a: Hydrapple|Hydrapple, M|100/100\n|move|p1a: DISNEY LAND|Population Bomb|p2a: Hydrapple\n|-damage|p2a: Hydrapple|91/100\n|-damage|p1a: DISNEY LAND|12/100|[from] item: Rocky Helmet|[of] p2a: Hydrapple\n|-damage|p2a: Hydrapple|82/100\n|-damage|p1a: DISNEY LAND|0 fnt|[from] item: Rocky Helmet|[of] p2a: Hydrapple\n|faint|p1a: DISNEY LAND\n|-hitcount|p2a: Hydrapple|2\n|\n|upkeep\n|inactive|Battle timer is ON: inactive players will automatically lose when time's up. (requested by Archerdadon)\n|\n|t:|1782450276\n|switch|p1a: Youre cooked|Blaziken, M|100/100\n|turn|3\n|\n|t:|1782450287\n|switch|p2a: Glimmora|Glimmora, M|100/100\n|move|p1a: Youre cooked|Swords Dance|p1a: Youre cooked\n|-boost|p1a: Youre cooked|atk|2\n|\n|-ability|p1a: Youre cooked|Speed Boost|boost\n|-boost|p1a: Youre cooked|spe|1\n|upkeep\n|turn|4\n|\n|t:|1782450294\n|move|p1a: Youre cooked|Close Combat|p2a: Glimmora\n|-enditem|p2a: Glimmora|Focus Sash\n|-damage|p2a: Glimmora|1/100\n|-unboost|p1a: Youre cooked|def|1\n|-unboost|p1a: Youre cooked|spd|1\n|-activate|p2a: Glimmora|ability: Toxic Debris\n|-sidestart|p1: stevenstonersx69|move: Toxic Spikes\n|move|p2a: Glimmora|Earth Power|p1a: Youre cooked\n|-supereffective|p1a: Youre cooked\n|-enditem|p1a: Youre cooked|Focus Sash\n|-damage|p1a: Youre cooked|1/100\n|\n|-ability|p1a: Youre cooked|Speed Boost|boost\n|-boost|p1a: Youre cooked|spe|1\n|upkeep\n|turn|5\n|\n|t:|1782450306\n|move|p1a: Youre cooked|Close Combat|p2a: Glimmora\n|-damage|p2a: Glimmora|0 fnt\n|-unboost|p1a: Youre cooked|def|1\n|-unboost|p1a: Youre cooked|spd|1\n|-activate|p2a: Glimmora|ability: Toxic Debris\n|-sidestart|p1: stevenstonersx69|move: Toxic Spikes\n|faint|p2a: Glimmora\n|\n|-ability|p1a: Youre cooked|Speed Boost|boost\n|-boost|p1a: Youre cooked|spe|1\n|upkeep\n|\n|t:|1782450309\n|switch|p2a: Dondozo|Dondozo, F|100/100\n|turn|6\n|\n|t:|1782450311\n|move|p1a: Youre cooked|Close Combat|p2a: Dondozo\n|-damage|p2a: Dondozo|73/100\n|-unboost|p1a: Youre cooked|def|1\n|-unboost|p1a: Youre cooked|spd|1\n|move|p2a: Dondozo|Waterfall|p1a: Youre cooked\n|-supereffective|p1a: Youre cooked\n|-damage|p1a: Youre cooked|0 fnt\n|faint|p1a: Youre cooked\n|\n|-heal|p2a: Dondozo|79/100|[from] item: Leftovers\n|upkeep\n|\n|t:|1782450322\n|switch|p1a: Drink this bro|Polteageist|100/100\n|-status|p1a: Drink this bro|tox\n|turn|7\n|\n|t:|1782450328\n|switch|p2a: Ting-Lu|Ting-Lu|100/100\n|-ability|p2a: Ting-Lu|Vessel of Ruin\n|move|p1a: Drink this bro|Shell Smash|p1a: Drink this bro\n|-unboost|p1a: Drink this bro|def|1\n|-unboost|p1a: Drink this bro|spd|1\n|-boost|p1a: Drink this bro|atk|2\n|-boost|p1a: Drink this bro|spa|2\n|-boost|p1a: Drink this bro|spe|2\n|\n|-damage|p1a: Drink this bro|94/100 tox|[from] psn\n|upkeep\n|turn|8\n|\n|t:|1782450333\n|-terastallize|p1a: Drink this bro|Grass\n|move|p1a: Drink this bro|Giga Drain|p2a: Ting-Lu\n|-supereffective|p2a: Ting-Lu\n|-damage|p2a: Ting-Lu|30/100\n|-heal|p1a: Drink this bro|100/100 tox|[from] drain|[of] p2a: Ting-Lu\n|move|p2a: Ting-Lu|Payback|p1a: Drink this bro\n|-enditem|p1a: Drink this bro|Focus Sash\n|-damage|p1a: Drink this bro|1/100 tox\n|-ability|p1a: Drink this bro|Weak Armor|boost\n|-unboost|p1a: Drink this bro|def|1\n|-boost|p1a: Drink this bro|spe|2\n|\n|-heal|p2a: Ting-Lu|37/100|[from] item: Leftovers\n|-damage|p1a: Drink this bro|0 fnt|[from] psn\n|faint|p1a: Drink this bro\n|upkeep\n|\n|t:|1782450343\n|switch|p1a: Kinder egg|Azumarill, F|100/100\n|-status|p1a: Kinder egg|tox\n|turn|9\n|\n|t:|1782450354\n|switch|p2a: Dondozo|Dondozo, F|79/100\n|move|p1a: Kinder egg|Knock Off|p2a: Dondozo\n|-crit|p2a: Dondozo\n|-damage|p2a: Dondozo|53/100\n|-enditem|p2a: Dondozo|Leftovers|[from] move: Knock Off|[of] p1a: Kinder egg\n|\n|-damage|p1a: Kinder egg|94/100 tox|[from] psn\n|upkeep\n|turn|10\n|\n|t:|1782450359\n|move|p1a: Kinder egg|Play Rough|p2a: Dondozo\n|-damage|p2a: Dondozo|29/100\n|move|p2a: Dondozo|Rest|p2a: Dondozo\n|-status|p2a: Dondozo|slp|[from] move: Rest\n|-heal|p2a: Dondozo|100/100 slp|[silent]\n|\n|-damage|p1a: Kinder egg|82/100 tox|[from] psn\n|upkeep\n|turn|11\n|\n|t:|1782450364\n|switch|p1a: Gay pikachu|Clefable, M|100/100\n|-status|p1a: Gay pikachu|tox\n|cant|p2a: Dondozo|slp\n|move|p2a: Dondozo|Sleep Talk|p2a: Dondozo\n|move|p2a: Dondozo|Waterfall|p1a: Gay pikachu|[from] move: Sleep Talk\n|-damage|p1a: Gay pikachu|72/100 tox\n|\n|-heal|p1a: Gay pikachu|78/100 tox|[from] item: Leftovers\n|-damage|p1a: Gay pikachu|72/100 tox|[from] psn\n|upkeep\n|turn|12\n|\n|t:|1782450367\n|switch|p2a: Heatran|Heatran, M|100/100\n|move|p1a: Gay pikachu|Cosmic Power|p1a: Gay pikachu\n|-boost|p1a: Gay pikachu|def|1\n|-boost|p1a: Gay pikachu|spd|1\n|\n|-heal|p1a: Gay pikachu|78/100 tox|[from] item: Leftovers\n|-damage|p1a: Gay pikachu|66/100 tox|[from] psn\n|upkeep\n|turn|13\n|\n|t:|1782450371\n|move|p2a: Heatran|Taunt|p1a: Gay pikachu\n|-start|p1a: Gay pikachu|move: Taunt\n|cant|p1a: Gay pikachu|move: Taunt|Cosmic Power\n|\n|-heal|p1a: Gay pikachu|72/100 tox|[from] item: Leftovers\n|-damage|p1a: Gay pikachu|54/100 tox|[from] psn\n|upkeep\n|turn|14\n|-message|stevenstonersx69 forfeited.\n|\n|win|Archerdadon\n|raw|stevenstonersx69's rating: 1556 &rarr; <strong>1538</strong><br />(-18 for losing)\n|raw|Archerdadon's rating: 1584 &rarr; <strong>1602</strong><br />(+18 for winning)\n|l|☆stevenstonersx69\n|player|p1|\n|l|☆Archerdadon\n|player|p2|\n", "uploadtime": 1782450585, "views": 14, "formatid": "gen9ou", "rating": 1538, "private": 0, "password": null}