{"id": "gen9ou-2640000209", "format": "[Gen 9] OU", "players": ["Johnny tots", "asyss"], "log": "|j|☆Johnny tots\n|j|☆asyss\n|t:|1782561362\n|gametype|singles\n|player|p1|Johnny tots|266|1589\n|player|p2|asyss|idol|1593\n|gen|9\n|tier|[Gen 9] OU\n|rated|\n|rule|HP Percentage Mod: HP is shown in percentages\n|rule|Endless Battle Clause: Forcing endless battles is banned\n|rule|Species Clause: Limit one of each Pokémon\n|rule|OHKO Clause: OHKO moves are banned\n|rule|Evasion Items Clause: Evasion items are banned\n|rule|Evasion Moves Clause: Evasion moves are banned\n|rule|Evasion Abilities Clause: Evasion abilities are banned\n|rule|Sleep Moves Clause: Sleep-inducing moves are banned\n|clearpoke\n|poke|p1|Rillaboom, M|\n|poke|p1|Klefki, M|\n|poke|p1|Manaphy|\n|poke|p1|Ogerpon-Wellspring, F|\n|poke|p1|Scizor, M|\n|poke|p1|Clefable, M|\n|poke|p2|Regieleki|\n|poke|p2|Raging Bolt|\n|poke|p2|Great Tusk|\n|poke|p2|Cresselia, F|\n|poke|p2|Scizor, F|\n|poke|p2|Samurott-Hisui, M|\n|teampreview\n|\n|t:|1782561387\n|teamsize|p1|6\n|teamsize|p2|6\n|start\n|switch|p1a: Rillaboom|Rillaboom, M|100/100\n|switch|p2a: Scizor|Scizor, F|100/100\n|-fieldstart|move: Grassy Terrain|[from] ability: Grassy Surge|[of] p1a: Rillaboom\n|turn|1\n|inactive|Battle timer is ON: inactive players will automatically lose when time's up. (requested by asyss)\n|\n|t:|1782561406\n|move|p1a: Rillaboom|Knock Off|p2a: Scizor\n|-damage|p2a: Scizor|60/100\n|-enditem|p2a: Scizor|Heavy-Duty Boots|[from] move: Knock Off|[of] p1a: Rillaboom\n|move|p2a: Scizor|U-turn|p1a: Rillaboom\n|-supereffective|p1a: Rillaboom\n|-damage|p1a: Rillaboom|17/100\n|l|☆Johnny tots\n|inactive|Johnny tots disconnected and has a minute to reconnect!\n|player|p1|\n|j|☆Johnny tots\n|inactive|Johnny tots reconnected.\n|player|p1|Johnny tots|266|\n|inactive|asyss has 120 seconds left.\n|\n|t:|1782561441\n|switch|p2a: Raging Bolt|Raging Bolt|100/100|[from] U-turn\n|-item|p2a: Raging Bolt|Air Balloon\n|\n|-heal|p1a: Rillaboom|23/100|[from] Grassy Terrain\n|upkeep\n|turn|2\n|\n|t:|1782561445\n|switch|p1a: Clefable|Clefable, M|100/100\n|move|p2a: Raging Bolt|Volt Switch|p1a: Clefable\n|-damage|p1a: Clefable|60/100\n|\n|t:|1782561453\n|-end|p2a: Raging Bolt|Protosynthesis|[silent]\n|switch|p2a: Regieleki|Regieleki|100/100|[from] Volt Switch\n|\n|-heal|p1a: Clefable|67/100|[from] Grassy Terrain\n|-heal|p1a: Clefable|73/100|[from] item: Leftovers\n|upkeep\n|turn|3\n|\n|t:|1782561464\n|move|p2a: Regieleki|Volt Switch|p1a: Clefable\n|-damage|p1a: Clefable|15/100\n|\n|t:|1782561467\n|switch|p2a: Cresselia|Cresselia, F|100/100|[from] Volt Switch\n|move|p1a: Clefable|Moonblast|p2a: Cresselia\n|-damage|p2a: Cresselia|74/100\n|\n|-heal|p1a: Clefable|21/100|[from] Grassy Terrain\n|-heal|p1a: Clefable|27/100|[from] item: Leftovers\n|upkeep\n|turn|4\n|\n|t:|1782561477\n|switch|p1a: Ogerpon|Ogerpon-Wellspring, F|100/100\n|move|p2a: Cresselia|Calm Mind|p2a: Cresselia\n|-boost|p2a: Cresselia|spa|1\n|-boost|p2a: Cresselia|spd|1\n|\n|upkeep\n|turn|5\n|\n|t:|1782561482\n|switch|p2a: Raging Bolt|Raging Bolt|100/100\n|-item|p2a: Raging Bolt|Air Balloon\n|move|p1a: Ogerpon|Power Whip|p2a: Raging Bolt\n|-resisted|p2a: Raging Bolt\n|-damage|p2a: Raging Bolt|61/100\n|-enditem|p2a: Raging Bolt|Air Balloon\n|\n|-heal|p2a: Raging Bolt|67/100|[from] Grassy Terrain\n|upkeep\n|turn|6\n|\n|t:|1782561497\n|switch|p1a: Clefable|Clefable, M|27/100\n|move|p2a: Raging Bolt|Volt Switch|p1a: Clefable\n|-damage|p1a: Clefable|0 fnt\n|faint|p1a: Clefable\n|\n|t:|1782561507\n|-end|p2a: Raging Bolt|Protosynthesis|[silent]\n|switch|p2a: Scizor|Scizor, F|60/100|[from] Volt Switch\n|\n|-heal|p2a: Scizor|66/100|[from] Grassy Terrain\n|upkeep\n|inactive|Johnny tots has 120 seconds left.\n|\n|t:|1782561535\n|switch|p1a: Klefki|Klefki, M|100/100\n|turn|7\n|\n|t:|1782561546\n|move|p1a: Klefki|Reflect|p1a: Klefki\n|-sidestart|p1: Johnny tots|Reflect\n|move|p2a: Scizor|Knock Off|p1a: Klefki\n|-resisted|p1a: Klefki\n|-damage|p1a: Klefki|93/100\n|-enditem|p1a: Klefki|Light Clay|[from] move: Knock Off|[of] p2a: Scizor\n|\n|-heal|p2a: Scizor|72/100|[from] Grassy Terrain\n|-heal|p1a: Klefki|99/100|[from] Grassy Terrain\n|upkeep\n|turn|8\n|\n|t:|1782561550\n|move|p1a: Klefki|Thunder Wave|p2a: Scizor|[miss]\n|-miss|p1a: Klefki|p2a: Scizor\n|move|p2a: Scizor|Swords Dance|p2a: Scizor\n|-boost|p2a: Scizor|atk|2\n|\n|-heal|p2a: Scizor|78/100|[from] Grassy Terrain\n|-heal|p1a: Klefki|100/100|[from] Grassy Terrain\n|-fieldend|move: Grassy Terrain\n|upkeep\n|turn|9\n|\n|t:|1782561575\n|switch|p2a: Regieleki|Regieleki|100/100\n|move|p1a: Klefki|Thunder Wave|p2a: Regieleki|[miss]\n|-miss|p1a: Klefki|p2a: Regieleki\n|\n|upkeep\n|turn|10\n|\n|t:|1782561577\n|-terastallize|p2a: Regieleki|Electric\n|move|p1a: Klefki|Light Screen|p1a: Klefki\n|-sidestart|p1: Johnny tots|move: Light Screen\n|move|p2a: Regieleki|Volt Switch|p1a: Klefki\n|-damage|p1a: Klefki|56/100\n|\n|t:|1782561591\n|switch|p2a: Great Tusk|Great Tusk|100/100|[from] Volt Switch\n|\n|upkeep\n|turn|11\n|\n|t:|1782561594\n|switch|p1a: Rillaboom|Rillaboom, M|23/100\n|-fieldstart|move: Grassy Terrain|[from] ability: Grassy Surge|[of] p1a: Rillaboom\n|move|p2a: Great Tusk|Stealth Rock|p1a: Rillaboom\n|-sidestart|p1: Johnny tots|move: Stealth Rock\n|\n|-heal|p1a: Rillaboom|29/100|[from] Grassy Terrain\n|upkeep\n|turn|12\n|\n|t:|1782561605\n|move|p1a: Rillaboom|Grassy Glide|p2a: Great Tusk\n|-supereffective|p2a: Great Tusk\n|-damage|p2a: Great Tusk|47/100\n|move|p2a: Great Tusk|Head Smash|p1a: Rillaboom\n|-damage|p1a: Rillaboom|9/100\n|-damage|p2a: Great Tusk|38/100|[from] Recoil\n|\n|-heal|p2a: Great Tusk|44/100|[from] Grassy Terrain\n|-heal|p1a: Rillaboom|15/100|[from] Grassy Terrain\n|upkeep\n|turn|13\n|\n|t:|1782561612\n|move|p1a: Rillaboom|Grassy Glide|p2a: Great Tusk\n|-supereffective|p2a: Great Tusk\n|-crit|p2a: Great Tusk\n|-damage|p2a: Great Tusk|0 fnt\n|faint|p2a: Great Tusk\n|-end|p2a: Great Tusk|Protosynthesis|[silent]\n|\n|-heal|p1a: Rillaboom|21/100|[from] Grassy Terrain\n|upkeep\n|\n|t:|1782561616\n|switch|p2a: Scizor|Scizor, F|78/100\n|turn|14\n|\n|t:|1782561620\n|switch|p1a: Ogerpon|Ogerpon-Wellspring, F|100/100\n|-damage|p1a: Ogerpon|88/100|[from] Stealth Rock\n|move|p2a: Scizor|U-turn|p1a: Ogerpon\n|-supereffective|p1a: Ogerpon\n|-damage|p1a: Ogerpon|36/100\n|\n|t:|1782561636\n|switch|p2a: Regieleki|Regieleki, tera:Electric|100/100|[from] U-turn\n|\n|-heal|p1a: Ogerpon|42/100|[from] Grassy Terrain\n|-sideend|p1: Johnny tots|Reflect\n|-sideend|p1: Johnny tots|move: Light Screen\n|upkeep\n|turn|15\n|\n|t:|1782561644\n|move|p2a: Regieleki|Volt Switch|p1a: Ogerpon\n|-damage|p1a: Ogerpon|0 fnt\n|faint|p1a: Ogerpon\n|\n|t:|1782561653\n|switch|p2a: Raging Bolt|Raging Bolt|67/100|[from] Volt Switch\n|\n|-heal|p2a: Raging Bolt|73/100|[from] Grassy Terrain\n|upkeep\n|\n|t:|1782561659\n|switch|p1a: Klefki|Klefki, M|56/100\n|-damage|p1a: Klefki|50/100|[from] Stealth Rock\n|turn|16\n|\n|t:|1782561663\n|move|p1a: Klefki|Light Screen|p1a: Klefki\n|-sidestart|p1: Johnny tots|move: Light Screen\n|move|p2a: Raging Bolt|Thunderbolt|p1a: Klefki\n|-crit|p1a: Klefki\n|-damage|p1a: Klefki|0 fnt\n|faint|p1a: Klefki\n|\n|-heal|p2a: Raging Bolt|79/100|[from] Grassy Terrain\n|upkeep\n|\n|t:|1782561672\n|switch|p1a: Scizor|Scizor, M|100/100\n|-damage|p1a: Scizor|88/100|[from] Stealth Rock\n|turn|17\n|\n|t:|1782561686\n|move|p1a: Scizor|Swords Dance|p1a: Scizor\n|-boost|p1a: Scizor|atk|2\n|move|p2a: Raging Bolt|Volt Switch|p1a: Scizor\n|-damage|p1a: Scizor|55/100\n|\n|t:|1782561700\n|-end|p2a: Raging Bolt|Protosynthesis|[silent]\n|switch|p2a: Regieleki|Regieleki, tera:Electric|100/100|[from] Volt Switch\n|\n|-heal|p1a: Scizor|61/100|[from] Grassy Terrain\n|upkeep\n|turn|18\n|\n|t:|1782561704\n|move|p1a: Scizor|Bullet Punch|p2a: Regieleki\n|-resisted|p2a: Regieleki\n|-damage|p2a: Regieleki|29/100\n|move|p2a: Regieleki|Thunderbolt|p1a: Scizor\n|-damage|p1a: Scizor|0 fnt\n|faint|p1a: Scizor\n|\n|-heal|p2a: Regieleki|35/100|[from] Grassy Terrain\n|-fieldend|move: Grassy Terrain\n|upkeep\n|\n|t:|1782561709\n|switch|p1a: Rillaboom|Rillaboom, M|21/100\n|-damage|p1a: Rillaboom|9/100|[from] Stealth Rock\n|-fieldstart|move: Grassy Terrain|[from] ability: Grassy Surge|[of] p1a: Rillaboom\n|turn|19\n|\n|t:|1782561717\n|switch|p2a: Raging Bolt|Raging Bolt|79/100\n|move|p1a: Rillaboom|Grassy Glide|p2a: Raging Bolt\n|-resisted|p2a: Raging Bolt\n|-damage|p2a: Raging Bolt|64/100\n|\n|-heal|p1a: Rillaboom|15/100|[from] Grassy Terrain\n|-heal|p2a: Raging Bolt|71/100|[from] Grassy Terrain\n|upkeep\n|turn|20\n|\n|t:|1782561722\n|move|p1a: Rillaboom|High Horsepower|p2a: Raging Bolt\n|-supereffective|p2a: Raging Bolt\n|-damage|p2a: Raging Bolt|11/100\n|move|p2a: Raging Bolt|Volt Switch|p1a: Rillaboom\n|-resisted|p1a: Rillaboom\n|-damage|p1a: Rillaboom|2/100\n|\n|t:|1782561729\n|-end|p2a: Raging Bolt|Protosynthesis|[silent]\n|switch|p2a: Scizor|Scizor, F|78/100|[from] Volt Switch\n|\n|-heal|p1a: Rillaboom|9/100|[from] Grassy Terrain\n|-heal|p2a: Scizor|85/100|[from] Grassy Terrain\n|-sideend|p1: Johnny tots|move: Light Screen\n|upkeep\n|turn|21\n|\n|t:|1782561734\n|move|p2a: Scizor|Bullet Punch|p1a: Rillaboom\n|-damage|p1a: Rillaboom|0 fnt\n|faint|p1a: Rillaboom\n|\n|-heal|p2a: Scizor|91/100|[from] Grassy Terrain\n|upkeep\n|\n|t:|1782561735\n|switch|p1a: Manaphy|Manaphy|100/100\n|-damage|p1a: Manaphy|88/100|[from] Stealth Rock\n|turn|22\n|\n|t:|1782561740\n|move|p1a: Manaphy|Acid Armor|p1a: Manaphy\n|-boost|p1a: Manaphy|def|2\n|move|p2a: Scizor|U-turn|p1a: Manaphy\n|-damage|p1a: Manaphy|70/100\n|\n|t:|1782561745\n|switch|p2a: Regieleki|Regieleki, tera:Electric|35/100|[from] U-turn\n|\n|-heal|p2a: Regieleki|41/100|[from] Grassy Terrain\n|-heal|p1a: Manaphy|76/100|[from] Grassy Terrain\n|-heal|p1a: Manaphy|82/100|[from] item: Leftovers\n|upkeep\n|turn|23\n|\n|t:|1782561750\n|-terastallize|p1a: Manaphy|Grass\n|move|p2a: Regieleki|Volt Switch|p1a: Manaphy\n|-resisted|p1a: Manaphy\n|-damage|p1a: Manaphy|44/100\n|\n|t:|1782561755\n|switch|p2a: Raging Bolt|Raging Bolt|11/100|[from] Volt Switch\n|move|p1a: Manaphy|Take Heart|p1a: Manaphy\n|-boost|p1a: Manaphy|spa|1\n|-boost|p1a: Manaphy|spd|1\n|\n|-heal|p1a: Manaphy|50/100|[from] Grassy Terrain\n|-heal|p1a: Manaphy|56/100|[from] item: Leftovers\n|-heal|p2a: Raging Bolt|17/100|[from] Grassy Terrain\n|upkeep\n|turn|24\n|\n|t:|1782561761\n|move|p1a: Manaphy|Scald|p2a: Raging Bolt\n|-resisted|p2a: Raging Bolt\n|-crit|p2a: Raging Bolt\n|-damage|p2a: Raging Bolt|0 fnt\n|faint|p2a: Raging Bolt\n|-end|p2a: Raging Bolt|Protosynthesis|[silent]\n|\n|-heal|p1a: Manaphy|63/100|[from] Grassy Terrain\n|-heal|p1a: Manaphy|69/100|[from] item: Leftovers\n|upkeep\n|\n|t:|1782561767\n|switch|p2a: Scizor|Scizor, F|91/100\n|turn|25\n|\n|t:|1782561770\n|move|p1a: Manaphy|Scald|p2a: Scizor\n|-damage|p2a: Scizor|12/100\n|-status|p2a: Scizor|brn\n|move|p2a: Scizor|U-turn|p1a: Manaphy\n|-supereffective|p1a: Manaphy\n|-damage|p1a: Manaphy|51/100\n|\n|t:|1782561776\n|switch|p2a: Samurott|Samurott-Hisui, M|100/100|[from] U-turn\n|\n|-heal|p1a: Manaphy|57/100|[from] Grassy Terrain\n|-heal|p1a: Manaphy|63/100|[from] item: Leftovers\n|upkeep\n|turn|26\n|\n|t:|1782561783\n|move|p1a: Manaphy|Acid Armor|p1a: Manaphy\n|-boost|p1a: Manaphy|def|2\n|move|p2a: Samurott|Ceaseless Edge|p1a: Manaphy\n|-damage|p1a: Manaphy|50/100\n|-sidestart|p1: Johnny tots|Spikes\n|\n|-heal|p1a: Manaphy|56/100|[from] Grassy Terrain\n|-heal|p1a: Manaphy|62/100|[from] item: Leftovers\n|-fieldend|move: Grassy Terrain\n|upkeep\n|turn|27\n|\n|t:|1782561791\n|move|p1a: Manaphy|Scald|p2a: Samurott\n|-resisted|p2a: Samurott\n|-damage|p2a: Samurott|77/100\n|-status|p2a: Samurott|brn\n|move|p2a: Samurott|Ceaseless Edge|p1a: Manaphy\n|-damage|p1a: Manaphy|55/100\n|-sidestart|p1: Johnny tots|Spikes\n|\n|-heal|p1a: Manaphy|61/100|[from] item: Leftovers\n|-damage|p2a: Samurott|71/100 brn|[from] brn\n|upkeep\n|turn|28\n|\n|t:|1782561798\n|move|p1a: Manaphy|Take Heart|p1a: Manaphy\n|-boost|p1a: Manaphy|spa|1\n|-boost|p1a: Manaphy|spd|1\n|move|p2a: Samurott|Flip Turn|p1a: Manaphy\n|-resisted|p1a: Manaphy\n|-damage|p1a: Manaphy|58/100\n|\n|t:|1782561804\n|switch|p2a: Regieleki|Regieleki, tera:Electric|41/100|[from] Flip Turn\n|\n|-heal|p1a: Manaphy|64/100|[from] item: Leftovers\n|upkeep\n|turn|29\n|\n|t:|1782561807\n|move|p2a: Regieleki|Thunderbolt|p1a: Manaphy\n|-resisted|p1a: Manaphy\n|-damage|p1a: Manaphy|39/100\n|-status|p1a: Manaphy|par\n|move|p1a: Manaphy|Scald|p2a: Regieleki\n|-damage|p2a: Regieleki|0 fnt\n|faint|p2a: Regieleki\n|\n|-heal|p1a: Manaphy|46/100 par|[from] item: Leftovers\n|upkeep\n|\n|t:|1782561811\n|switch|p2a: Cresselia|Cresselia, F|74/100\n|turn|30\n|\n|t:|1782561814\n|move|p2a: Cresselia|Calm Mind|p2a: Cresselia\n|-boost|p2a: Cresselia|spa|1\n|-boost|p2a: Cresselia|spd|1\n|move|p1a: Manaphy|Take Heart|p1a: Manaphy\n|-boost|p1a: Manaphy|spa|1\n|-boost|p1a: Manaphy|spd|1\n|-curestatus|p1a: Manaphy|par|[msg]\n|\n|-heal|p1a: Manaphy|52/100|[from] item: Leftovers\n|upkeep\n|turn|31\n|\n|t:|1782561821\n|move|p1a: Manaphy|Scald|p2a: Cresselia\n|-damage|p2a: Cresselia|36/100\n|move|p2a: Cresselia|Calm Mind|p2a: Cresselia\n|-boost|p2a: Cresselia|spa|1\n|-boost|p2a: Cresselia|spd|1\n|\n|-heal|p1a: Manaphy|58/100|[from] item: Leftovers\n|upkeep\n|turn|32\n|\n|t:|1782561827\n|move|p1a: Manaphy|Scald|p2a: Cresselia\n|-damage|p2a: Cresselia|7/100\n|move|p2a: Cresselia|Moonlight|p2a: Cresselia\n|-heal|p2a: Cresselia|57/100\n|\n|-heal|p1a: Manaphy|64/100|[from] item: Leftovers\n|upkeep\n|turn|33\n|\n|t:|1782561831\n|move|p1a: Manaphy|Take Heart|p1a: Manaphy\n|-boost|p1a: Manaphy|spa|1\n|-boost|p1a: Manaphy|spd|1\n|move|p2a: Cresselia|Moonlight|p2a: Cresselia\n|-heal|p2a: Cresselia|100/100\n|\n|-heal|p1a: Manaphy|70/100|[from] item: Leftovers\n|upkeep\n|turn|34\n|\n|t:|1782561835\n|move|p1a: Manaphy|Take Heart|p1a: Manaphy\n|-boost|p1a: Manaphy|spa|1\n|-boost|p1a: Manaphy|spd|1\n|move|p2a: Cresselia|Calm Mind|p2a: Cresselia\n|-boost|p2a: Cresselia|spa|1\n|-boost|p2a: Cresselia|spd|1\n|\n|-heal|p1a: Manaphy|76/100|[from] item: Leftovers\n|upkeep\n|turn|35\n|\n|t:|1782561838\n|move|p1a: Manaphy|Take Heart|p1a: Manaphy\n|-boost|p1a: Manaphy|spa|1\n|-boost|p1a: Manaphy|spd|1\n|move|p2a: Cresselia|Calm Mind|p2a: Cresselia\n|-boost|p2a: Cresselia|spa|1\n|-boost|p2a: Cresselia|spd|1\n|\n|-heal|p1a: Manaphy|82/100|[from] item: Leftovers\n|upkeep\n|turn|36\n|\n|t:|1782561842\n|move|p1a: Manaphy|Take Heart||[still]\n|-boost|p1a: Manaphy|spa|0\n|-boost|p1a: Manaphy|spd|0\n|-fail|p1a: Manaphy\n|move|p2a: Cresselia|Calm Mind|p2a: Cresselia\n|-boost|p2a: Cresselia|spa|1\n|-boost|p2a: Cresselia|spd|1\n|\n|-heal|p1a: Manaphy|88/100|[from] item: Leftovers\n|upkeep\n|turn|37\n|\n|t:|1782561844\n|move|p1a: Manaphy|Stored Power|p2a: Cresselia\n|-resisted|p2a: Cresselia\n|-damage|p2a: Cresselia|57/100\n|move|p2a: Cresselia|Calm Mind|p2a: Cresselia\n|-boost|p2a: Cresselia|spa|1\n|-boost|p2a: Cresselia|spd|1\n|\n|-heal|p1a: Manaphy|95/100|[from] item: Leftovers\n|upkeep\n|turn|38\n|\n|t:|1782561850\n|move|p1a: Manaphy|Stored Power|p2a: Cresselia\n|-resisted|p2a: Cresselia\n|-damage|p2a: Cresselia|19/100\n|move|p2a: Cresselia|Moonlight|p2a: Cresselia\n|-heal|p2a: Cresselia|69/100\n|\n|-heal|p1a: Manaphy|100/100|[from] item: Leftovers\n|upkeep\n|turn|39\n|\n|t:|1782561857\n|move|p1a: Manaphy|Stored Power|p2a: Cresselia\n|-resisted|p2a: Cresselia\n|-damage|p2a: Cresselia|34/100\n|move|p2a: Cresselia|Moonlight|p2a: Cresselia\n|-heal|p2a: Cresselia|84/100\n|\n|upkeep\n|turn|40\n|\n|t:|1782561863\n|move|p1a: Manaphy|Stored Power|p2a: Cresselia\n|-resisted|p2a: Cresselia\n|-damage|p2a: Cresselia|49/100\n|move|p2a: Cresselia|Moonlight|p2a: Cresselia\n|-heal|p2a: Cresselia|99/100\n|\n|upkeep\n|turn|41\n|\n|t:|1782561866\n|move|p1a: Manaphy|Stored Power|p2a: Cresselia\n|-resisted|p2a: Cresselia\n|-damage|p2a: Cresselia|61/100\n|move|p2a: Cresselia|Stored Power|p1a: Manaphy\n|-damage|p1a: Manaphy|19/100\n|\n|-heal|p1a: Manaphy|25/100|[from] item: Leftovers\n|upkeep\n|turn|42\n|\n|t:|1782561871\n|move|p1a: Manaphy|Stored Power|p2a: Cresselia\n|-resisted|p2a: Cresselia\n|-damage|p2a: Cresselia|23/100\n|move|p2a: Cresselia|Stored Power|p1a: Manaphy\n|-damage|p1a: Manaphy|0 fnt\n|faint|p1a: Manaphy\n|\n|win|asyss\n|raw|Johnny tots's rating: 1589 &rarr; <strong>1569</strong><br />(-20 for losing)\n|raw|asyss's rating: 1593 &rarr; <strong>1613</strong><br />(+20 for winning)\n|c|☆asyss|gg\n|l|☆Johnny tots\n|player|p1|\n", "uploadtime": 1782561878, "views": 13, "formatid": "gen9ou", "rating": 1569, "private": 0, "password": null}