{"id": "gen9ou-2540560200", "format": "[Gen 9] OU", "players": ["roddyj", "rblt ryo"], "log": "|j|☆roddyj\n|j|☆rblt ryo\n|t:|1771218111\n|gametype|singles\n|player|p1|roddyj|ethan|1663\n|player|p2|rblt ryo|dawn|1689\n|gen|9\n|tier|[Gen 9] OU\n|rated|\n|rule|HP Percentage Mod: HP is shown in percentages\n|rule|Endless Battle Clause: Forcing endless battles is banned\n|rule|Species Clause: Limit one of each Pokémon\n|rule|OHKO Clause: OHKO moves are banned\n|rule|Evasion Items Clause: Evasion items are banned\n|rule|Evasion Moves Clause: Evasion moves are banned\n|rule|Evasion Abilities Clause: Evasion abilities are banned\n|rule|Sleep Moves Clause: Sleep-inducing moves are banned\n|clearpoke\n|poke|p1|Iron Crown|\n|poke|p1|Kingambit, F|\n|poke|p1|Raikou|\n|poke|p1|Weezing-Galar, F|\n|poke|p1|Goodra-Hisui, M|\n|poke|p1|Manaphy|\n|poke|p2|Metagross|\n|poke|p2|Keldeo-Resolute|\n|poke|p2|Ting-Lu|\n|poke|p2|Pecharunt|\n|poke|p2|Dragapult, F|\n|poke|p2|Zapdos|\n|teampreview\n|inactive|Battle timer is ON: inactive players will automatically lose when time's up. (requested by roddyj)\n|\n|t:|1771218152\n|teamsize|p1|6\n|teamsize|p2|6\n|start\n|switch|p1a: Weezing|Weezing-Galar, F, shiny|100/100\n|switch|p2a: Metagross|Metagross, shiny|100/100\n|turn|1\n|\n|t:|1771218176\n|switch|p2a: Keldeo|Keldeo-Resolute, shiny|100/100\n|move|p1a: Weezing|Will-O-Wisp|p2a: Keldeo\n|-status|p2a: Keldeo|brn\n|\n|-damage|p2a: Keldeo|94/100 brn|[from] brn\n|upkeep\n|turn|2\n|\n|t:|1771218196\n|-terastallize|p2a: Keldeo|Water\n|move|p2a: Keldeo|Surf|p1a: Weezing\n|-damage|p1a: Weezing|0 fnt\n|faint|p1a: Weezing\n|\n|-damage|p2a: Keldeo|88/100 brn|[from] brn\n|upkeep\n|\n|t:|1771218216\n|switch|p1a: Manaphy|Manaphy, shiny|100/100\n|turn|3\n|inactive|rblt ryo has 120 seconds left.\n|\n|t:|1771218247\n|move|p2a: Keldeo|Surf|p1a: Manaphy\n|-resisted|p1a: Manaphy\n|-damage|p1a: Manaphy|62/100\n|move|p1a: Manaphy|Take Heart|p1a: Manaphy\n|-boost|p1a: Manaphy|spa|1\n|-boost|p1a: Manaphy|spd|1\n|\n|-heal|p1a: Manaphy|68/100|[from] item: Leftovers\n|-damage|p2a: Keldeo|82/100 brn|[from] brn\n|upkeep\n|turn|4\n|\n|t:|1771218256\n|switch|p2a: Ting-Lu|Ting-Lu|100/100\n|-ability|p2a: Ting-Lu|Vessel of Ruin\n|move|p1a: Manaphy|Surf|p2a: Ting-Lu\n|-supereffective|p2a: Ting-Lu\n|-damage|p2a: Ting-Lu|58/100\n|\n|-heal|p1a: Manaphy|74/100|[from] item: Leftovers\n|-heal|p2a: Ting-Lu|65/100|[from] item: Leftovers\n|upkeep\n|turn|5\n|inactive|rblt ryo has 120 seconds left.\n|\n|t:|1771218266\n|move|p1a: Manaphy|Surf|p2a: Ting-Lu\n|-supereffective|p2a: Ting-Lu\n|-damage|p2a: Ting-Lu|27/100\n|move|p2a: Ting-Lu|Whirlwind|p1a: Manaphy\n|drag|p1a: Kingambit|Kingambit, F, shiny|100/100\n|-activate|p1a: Kingambit|ability: Supreme Overlord\n|-start|p1a: Kingambit|fallen1|[silent]\n|\n|-heal|p2a: Ting-Lu|33/100|[from] item: Leftovers\n|upkeep\n|turn|6\n|inactive|rblt ryo has 120 seconds left.\n|\n|t:|1771218284\n|move|p1a: Kingambit|Low Kick|p2a: Ting-Lu\n|-supereffective|p2a: Ting-Lu\n|-damage|p2a: Ting-Lu|0 fnt\n|faint|p2a: Ting-Lu\n|\n|upkeep\n|\n|t:|1771218295\n|switch|p2a: Keldeo|Keldeo-Resolute, shiny, tera:Water|82/100 brn\n|turn|7\n|\n|t:|1771218313\n|-end|p1a: Kingambit|fallen1|[silent]\n|switch|p1a: Goodra|Goodra-Hisui, M, shiny|100/100\n|move|p2a: Keldeo|Surf|p1a: Goodra\n|-resisted|p1a: Goodra\n|-damage|p1a: Goodra|79/100\n|\n|-damage|p2a: Keldeo|76/100 brn|[from] brn\n|upkeep\n|turn|8\n|\n|t:|1771218321\n|switch|p2a: Pecharunt|Pecharunt|100/100\n|move|p1a: Goodra|Dragon Pulse|p2a: Pecharunt\n|-damage|p2a: Pecharunt|60/100\n|\n|upkeep\n|turn|9\n|\n|t:|1771218330\n|move|p2a: Pecharunt|Parting Shot|p1a: Goodra\n|-unboost|p1a: Goodra|atk|1\n|-unboost|p1a: Goodra|spa|1\n|\n|t:|1771218335\n|switch|p2a: Metagross|Metagross, shiny|100/100|[from] Parting Shot\n|move|p1a: Goodra|Knock Off|p2a: Metagross\n|-supereffective|p2a: Metagross\n|-damage|p2a: Metagross|79/100\n|-enditem|p2a: Metagross|Assault Vest|[from] move: Knock Off|[of] p1a: Goodra\n|\n|upkeep\n|turn|10\n|\n|t:|1771218344\n|move|p2a: Metagross|Knock Off|p1a: Goodra\n|-damage|p1a: Goodra|43/100\n|-ability|p1a: Goodra|Gooey\n|-fail|p2a: Metagross|unboost|[from] ability: Clear Body|[of] p2a: Metagross\n|-enditem|p1a: Goodra|Assault Vest|[from] move: Knock Off|[of] p2a: Metagross\n|move|p1a: Goodra|Flamethrower|p2a: Metagross\n|-supereffective|p2a: Metagross\n|-damage|p2a: Metagross|39/100\n|\n|upkeep\n|turn|11\n|\n|t:|1771218354\n|move|p2a: Metagross|Brick Break|p1a: Goodra\n|-supereffective|p1a: Goodra\n|-damage|p1a: Goodra|0 fnt\n|-ability|p1a: Goodra|Gooey\n|-fail|p2a: Metagross|unboost|[from] ability: Clear Body|[of] p2a: Metagross\n|faint|p1a: Goodra\n|\n|upkeep\n|\n|t:|1771218362\n|switch|p1a: Kingambit|Kingambit, F, shiny|100/100\n|-activate|p1a: Kingambit|ability: Supreme Overlord\n|-start|p1a: Kingambit|fallen2|[silent]\n|turn|12\n|\n|t:|1771218371\n|switch|p2a: Zapdos|Zapdos|100/100\n|move|p1a: Kingambit|Sucker Punch||[still]\n|-fail|p1a: Kingambit\n|\n|upkeep\n|turn|13\n|\n|t:|1771218382\n|-end|p1a: Kingambit|fallen2|[silent]\n|switch|p1a: Raikou|Raikou, shiny|100/100\n|-ability|p1a: Raikou|Pressure\n|move|p2a: Zapdos|Heat Wave|p1a: Raikou\n|-damage|p1a: Raikou|68/100\n|\n|upkeep\n|turn|14\n|\n|t:|1771218393\n|move|p1a: Raikou|Light Screen|p1a: Raikou\n|-sidestart|p1: roddyj|move: Light Screen\n|move|p2a: Zapdos|Volt Switch|p1a: Raikou\n|-resisted|p1a: Raikou\n|-damage|p1a: Raikou|60/100\n|\n|t:|1771218401\n|switch|p2a: Dragapult|Dragapult, F|100/100|[from] Volt Switch\n|\n|upkeep\n|turn|15\n|\n|t:|1771218404\n|move|p2a: Dragapult|Draco Meteor|p1a: Raikou\n|-damage|p1a: Raikou|0 fnt\n|-unboost|p2a: Dragapult|spa|2\n|faint|p1a: Raikou\n|\n|upkeep\n|\n|t:|1771218412\n|switch|p1a: Iron Crown|Iron Crown|100/100\n|turn|16\n|\n|t:|1771218418\n|switch|p2a: Metagross|Metagross, shiny|39/100\n|move|p1a: Iron Crown|Agility|p1a: Iron Crown\n|-boost|p1a: Iron Crown|spe|2\n|\n|upkeep\n|turn|17\n|\n|t:|1771218425\n|move|p1a: Iron Crown|Calm Mind|p1a: Iron Crown\n|-boost|p1a: Iron Crown|spa|1\n|-boost|p1a: Iron Crown|spd|1\n|move|p2a: Metagross|Brick Break|p1a: Iron Crown\n|-sideend|p1: roddyj|move: Light Screen\n|-damage|p1a: Iron Crown|72/100\n|\n|upkeep\n|turn|18\n|\n|t:|1771218436\n|move|p1a: Iron Crown|Stored Power|p2a: Metagross\n|-resisted|p2a: Metagross\n|-damage|p2a: Metagross|25/100\n|move|p2a: Metagross|Knock Off|p1a: Iron Crown\n|-supereffective|p1a: Iron Crown\n|-damage|p1a: Iron Crown|0 fnt\n|-enditem|p1a: Iron Crown|Weakness Policy|[from] move: Knock Off|[of] p2a: Metagross\n|faint|p1a: Iron Crown\n|-end|p1a: Iron Crown|Quark Drive|[silent]\n|\n|upkeep\n|\n|t:|1771218439\n|switch|p1a: Kingambit|Kingambit, F, shiny|100/100\n|-activate|p1a: Kingambit|ability: Supreme Overlord\n|-start|p1a: Kingambit|fallen4|[silent]\n|turn|19\n|\n|t:|1771218450\n|move|p1a: Kingambit|Kowtow Cleave|p2a: Metagross\n|-supereffective|p2a: Metagross\n|-damage|p2a: Metagross|0 fnt\n|faint|p2a: Metagross\n|\n|upkeep\n|\n|t:|1771218465\n|switch|p2a: Zapdos|Zapdos|100/100\n|turn|20\n|\n|t:|1771218471\n|move|p2a: Zapdos|Hurricane|p1a: Kingambit\n|-resisted|p1a: Kingambit\n|-damage|p1a: Kingambit|66/100\n|move|p1a: Kingambit|Kowtow Cleave|p2a: Zapdos\n|-damage|p2a: Zapdos|12/100\n|\n|upkeep\n|turn|21\n|j| Nick the Tick\n|\n|t:|1771218480\n|move|p1a: Kingambit|Sucker Punch|p2a: Zapdos\n|-damage|p2a: Zapdos|0 fnt\n|faint|p2a: Zapdos\n|\n|upkeep\n|\n|t:|1771218484\n|switch|p2a: Keldeo|Keldeo-Resolute, shiny, tera:Water|76/100 brn\n|turn|22\n|l| Nick the Tick\n|\n|t:|1771218492\n|move|p2a: Keldeo|Vacuum Wave|p1a: Kingambit\n|-supereffective|p1a: Kingambit\n|-damage|p1a: Kingambit|0 fnt\n|faint|p1a: Kingambit\n|-end|p1a: Kingambit|fallen4|[silent]\n|\n|-damage|p2a: Keldeo|70/100 brn|[from] brn\n|upkeep\n|\n|t:|1771218494\n|switch|p1a: Manaphy|Manaphy, shiny|74/100\n|turn|23\n|\n|t:|1771218499\n|switch|p2a: Dragapult|Dragapult, F|100/100\n|move|p1a: Manaphy|Take Heart|p1a: Manaphy\n|-boost|p1a: Manaphy|spa|1\n|-boost|p1a: Manaphy|spd|1\n|\n|-heal|p1a: Manaphy|80/100|[from] item: Leftovers\n|upkeep\n|turn|24\n|\n|t:|1771218511\n|move|p2a: Dragapult|Shadow Ball|p1a: Manaphy\n|-damage|p1a: Manaphy|59/100\n|move|p1a: Manaphy|Take Heart|p1a: Manaphy\n|-boost|p1a: Manaphy|spa|1\n|-boost|p1a: Manaphy|spd|1\n|\n|-heal|p1a: Manaphy|66/100|[from] item: Leftovers\n|upkeep\n|turn|25\n|\n|t:|1771218517\n|move|p2a: Dragapult|Shadow Ball|p1a: Manaphy\n|-damage|p1a: Manaphy|50/100\n|move|p1a: Manaphy|Take Heart|p1a: Manaphy\n|-boost|p1a: Manaphy|spa|1\n|-boost|p1a: Manaphy|spd|1\n|\n|-heal|p1a: Manaphy|57/100|[from] item: Leftovers\n|upkeep\n|turn|26\n|\n|t:|1771218523\n|move|p2a: Dragapult|Shadow Ball|p1a: Manaphy\n|-damage|p1a: Manaphy|44/100\n|-unboost|p1a: Manaphy|spd|1\n|move|p1a: Manaphy|Take Heart|p1a: Manaphy\n|-boost|p1a: Manaphy|spa|1\n|-boost|p1a: Manaphy|spd|1\n|\n|-heal|p1a: Manaphy|50/100|[from] item: Leftovers\n|upkeep\n|turn|27\n|\n|t:|1771218529\n|move|p2a: Dragapult|Shadow Ball|p1a: Manaphy\n|-damage|p1a: Manaphy|36/100\n|move|p1a: Manaphy|Take Heart|p1a: Manaphy\n|-boost|p1a: Manaphy|spa|1\n|-boost|p1a: Manaphy|spd|1\n|\n|-heal|p1a: Manaphy|42/100|[from] item: Leftovers\n|upkeep\n|turn|28\n|\n|t:|1771218535\n|switch|p2a: Keldeo|Keldeo-Resolute, shiny, tera:Water|70/100 brn\n|move|p1a: Manaphy|Stored Power|p2a: Keldeo\n|-damage|p2a: Keldeo|0 fnt\n|faint|p2a: Keldeo\n|\n|-heal|p1a: Manaphy|48/100|[from] item: Leftovers\n|upkeep\n|\n|t:|1771218541\n|switch|p2a: Dragapult|Dragapult, F|100/100\n|turn|29\n|\n|t:|1771218545\n|move|p2a: Dragapult|Draco Meteor|p1a: Manaphy\n|-damage|p1a: Manaphy|30/100\n|-unboost|p2a: Dragapult|spa|2\n|move|p1a: Manaphy|Stored Power|p2a: Dragapult\n|-damage|p2a: Dragapult|0 fnt\n|faint|p2a: Dragapult\n|\n|-heal|p1a: Manaphy|36/100|[from] item: Leftovers\n|upkeep\n|-message|rblt ryo forfeited.\n|\n|win|roddyj\n|raw|roddyj's rating: 1663 &rarr; <strong>1684</strong><br />(+21 for winning)\n|raw|rblt ryo's rating: 1689 &rarr; <strong>1668</strong><br />(-21 for losing)\n|l|☆roddyj\n|player|p1|\n", "uploadtime": 1771218695, "views": 4, "formatid": "gen9ou", "rating": 1668, "private": 0, "password": null}