{"id": "gen9ou-2639314452", "format": "[Gen 9] OU", "players": ["OUBotBeepBoop", "Rellobedatnin"], "log": "|j|☆OUBotBeepBoop\n|j|☆Rellobedatnin\n|t:|1782451383\n|gametype|singles\n|player|p1|OUBotBeepBoop|2|1104\n|player|p2|Rellobedatnin|102|1111\n|gen|9\n|tier|[Gen 9] OU\n|rated|\n|rule|HP Percentage Mod: HP is shown in percentages\n|rule|Endless Battle Clause: Forcing endless battles is banned\n|rule|Species Clause: Limit one of each Pokémon\n|rule|OHKO Clause: OHKO moves are banned\n|rule|Evasion Items Clause: Evasion items are banned\n|rule|Evasion Moves Clause: Evasion moves are banned\n|rule|Evasion Abilities Clause: Evasion abilities are banned\n|rule|Sleep Moves Clause: Sleep-inducing moves are banned\n|clearpoke\n|poke|p1|Glimmora, M|\n|poke|p1|Great Tusk|\n|poke|p1|Kingambit, F|\n|poke|p1|Dragapult, M|\n|poke|p1|Clefable, F|\n|poke|p1|Corviknight, F|\n|poke|p2|Meloetta|\n|poke|p2|Primarina, M|\n|poke|p2|Iron Moth|\n|poke|p2|Quagsire, F|\n|poke|p2|Tsareena, F|\n|poke|p2|Typhlosion, M|\n|teampreview\n|\n|t:|1782451387\n|teamsize|p1|6\n|teamsize|p2|6\n|start\n|switch|p1a: Glimmora|Glimmora, M|100/100\n|switch|p2a: Primarina|Primarina, M|100/100\n|turn|1\n|\n|t:|1782451396\n|switch|p1a: Kingambit|Kingambit, F|100/100\n|move|p2a: Primarina|Psychic Noise|p1a: Kingambit\n|-damage|p1a: Kingambit|59/100\n|-start|p1a: Kingambit|move: Heal Block\n|\n|upkeep\n|turn|2\n|\n|t:|1782451405\n|move|p2a: Primarina|Psychic Noise|p1a: Kingambit\n|-damage|p1a: Kingambit|16/100\n|move|p1a: Kingambit|Kowtow Cleave|p2a: Primarina\n|-resisted|p2a: Primarina\n|-damage|p2a: Primarina|69/100\n|\n|-end|p1a: Kingambit|move: Heal Block\n|upkeep\n|turn|3\n|\n|t:|1782451412\n|move|p1a: Kingambit|Sucker Punch|p2a: Primarina\n|-resisted|p2a: Primarina\n|-damage|p2a: Primarina|44/100\n|move|p2a: Primarina|Psychic Noise|p1a: Kingambit\n|-damage|p1a: Kingambit|0 fnt\n|faint|p1a: Kingambit\n|-end|p1a: Kingambit|fallenundefined|[silent]\n|\n|upkeep\n|\n|t:|1782451412\n|switch|p1a: Great Tusk|Great Tusk|100/100\n|turn|4\n|\n|t:|1782451415\n|move|p1a: Great Tusk|Headlong Rush|p2a: Primarina\n|-damage|p2a: Primarina|0 fnt\n|-unboost|p1a: Great Tusk|def|1\n|-unboost|p1a: Great Tusk|spd|1\n|faint|p2a: Primarina\n|\n|upkeep\n|\n|t:|1782451418\n|switch|p2a: Tsareena|Tsareena, F|100/100\n|turn|5\n|\n|t:|1782451422\n|-end|p1a: Great Tusk|Protosynthesis|[silent]\n|switch|p1a: Corviknight|Corviknight, F|100/100\n|-ability|p1a: Corviknight|Pressure\n|move|p2a: Tsareena|Trop Kick|p1a: Corviknight\n|-resisted|p1a: Corviknight\n|-damage|p1a: Corviknight|95/100\n|-unboost|p1a: Corviknight|atk|1\n|\n|-heal|p1a: Corviknight|100/100|[from] item: Leftovers\n|upkeep\n|turn|6\n|\n|t:|1782451426\n|switch|p2a: Quagsire|Quagsire, F, shiny|100/100\n|move|p1a: Corviknight|Body Press|p2a: Quagsire\n|-damage|p2a: Quagsire|76/100\n|\n|-heal|p2a: Quagsire|82/100|[from] item: Leftovers\n|upkeep\n|turn|7\n|\n|t:|1782451431\n|move|p1a: Corviknight|U-turn|p2a: Quagsire\n|-damage|p2a: Quagsire|69/100\n|\n|t:|1782451431\n|switch|p1a: Dragapult|Dragapult, M|100/100|[from] U-turn\n|move|p2a: Quagsire|Stockpile|p2a: Quagsire\n|-start|p2a: Quagsire|stockpile1\n|-boost|p2a: Quagsire|def|1\n|-boost|p2a: Quagsire|spd|1\n|\n|-heal|p2a: Quagsire|75/100|[from] item: Leftovers\n|upkeep\n|turn|8\n|\n|t:|1782451436\n|move|p1a: Dragapult|Draco Meteor|p2a: Quagsire\n|-damage|p2a: Quagsire|26/100\n|-unboost|p1a: Dragapult|spa|2\n|move|p2a: Quagsire|Toxic|p1a: Dragapult\n|-status|p1a: Dragapult|tox\n|\n|-heal|p2a: Quagsire|32/100|[from] item: Leftovers\n|-damage|p1a: Dragapult|95/100 tox|[from] psn\n|upkeep\n|turn|9\n|\n|t:|1782451455\n|move|p1a: Dragapult|Draco Meteor|p2a: Quagsire\n|-damage|p2a: Quagsire|0 fnt\n|-unboost|p1a: Dragapult|spa|2\n|faint|p2a: Quagsire\n|\n|-damage|p1a: Dragapult|83/100 tox|[from] psn\n|upkeep\n|\n|t:|1782451461\n|switch|p2a: Meloetta|Meloetta|100/100\n|turn|10\n|\n|t:|1782451462\n|switch|p1a: Clefable|Clefable, F|100/100\n|move|p2a: Meloetta|Shadow Claw|p1a: Clefable\n|-crit|p1a: Clefable\n|-damage|p1a: Clefable|82/100\n|\n|-heal|p1a: Clefable|88/100|[from] item: Leftovers\n|upkeep\n|turn|11\n|\n|t:|1782451480\n|move|p2a: Meloetta|Relic Song|p1a: Clefable\n|-damage|p1a: Clefable|59/100\n|-formechange|p2a: Meloetta|Meloetta-Pirouette|[msg]\n|move|p1a: Clefable|Moonblast|p2a: Meloetta\n|-supereffective|p2a: Meloetta\n|-damage|p2a: Meloetta|15/100\n|-unboost|p2a: Meloetta|spa|1\n|\n|-heal|p1a: Clefable|65/100|[from] item: Leftovers\n|upkeep\n|turn|12\n|\n|t:|1782451486\n|move|p2a: Meloetta|Relic Song|p1a: Clefable\n|-damage|p1a: Clefable|44/100\n|-formechange|p2a: Meloetta|Meloetta|[msg]\n|move|p1a: Clefable|Moonblast|p2a: Meloetta\n|-damage|p2a: Meloetta|0 fnt\n|faint|p2a: Meloetta\n|\n|-heal|p1a: Clefable|50/100|[from] item: Leftovers\n|upkeep\n|\n|t:|1782451499\n|switch|p2a: Typhlosion|Typhlosion, M|100/100\n|turn|13\n|\n|t:|1782451501\n|-terastallize|p2a: Typhlosion|Fire\n|move|p2a: Typhlosion|Eruption|p1a: Clefable\n|-damage|p1a: Clefable|0 fnt\n|faint|p1a: Clefable\n|\n|upkeep\n|\n|t:|1782451501\n|switch|p1a: Great Tusk|Great Tusk|100/100\n|turn|14\n|\n|t:|1782451507\n|switch|p2a: Tsareena|Tsareena, F|100/100\n|move|p1a: Great Tusk|Headlong Rush|p2a: Tsareena\n|-resisted|p2a: Tsareena\n|-damage|p2a: Tsareena|69/100\n|-unboost|p1a: Great Tusk|def|1\n|-unboost|p1a: Great Tusk|spd|1\n|\n|upkeep\n|turn|15\n|\n|t:|1782451514\n|-end|p1a: Great Tusk|Protosynthesis|[silent]\n|switch|p1a: Corviknight|Corviknight, F|100/100\n|-ability|p1a: Corviknight|Pressure\n|move|p2a: Tsareena|Triple Axel|p1a: Corviknight\n|-damage|p1a: Corviknight|95/100\n|-hitcount|p1a: Corviknight|1\n|\n|-heal|p1a: Corviknight|100/100|[from] item: Leftovers\n|upkeep\n|turn|16\n|\n|t:|1782451527\n|move|p2a: Tsareena|Trop Kick|p1a: Corviknight\n|-resisted|p1a: Corviknight\n|-damage|p1a: Corviknight|95/100\n|-unboost|p1a: Corviknight|atk|1\n|move|p1a: Corviknight|U-turn|p2a: Tsareena\n|-supereffective|p2a: Tsareena\n|-damage|p2a: Tsareena|49/100\n|\n|t:|1782451527\n|switch|p1a: Great Tusk|Great Tusk|100/100|[from] U-turn\n|\n|upkeep\n|turn|17\n|\n|t:|1782451536\n|move|p1a: Great Tusk|Ice Spinner|p2a: Tsareena\n|-supereffective|p2a: Tsareena\n|-damage|p2a: Tsareena|0 fnt\n|faint|p2a: Tsareena\n|\n|upkeep\n|\n|t:|1782451540\n|switch|p2a: Iron Moth|Iron Moth|100/100\n|-enditem|p2a: Iron Moth|Booster Energy\n|-activate|p2a: Iron Moth|ability: Quark Drive|[fromitem]\n|-start|p2a: Iron Moth|quarkdrivespe\n|turn|18\n|\n|t:|1782451543\n|move|p2a: Iron Moth|Energy Ball|p1a: Great Tusk\n|-supereffective|p1a: Great Tusk\n|-damage|p1a: Great Tusk|11/100\n|-unboost|p1a: Great Tusk|spd|1\n|move|p1a: Great Tusk|Rapid Spin|p2a: Iron Moth\n|-damage|p2a: Iron Moth|72/100\n|-boost|p1a: Great Tusk|spe|1\n|\n|upkeep\n|turn|19\n|\n|t:|1782451548\n|move|p2a: Iron Moth|Fiery Dance|p1a: Great Tusk\n|-damage|p1a: Great Tusk|0 fnt\n|faint|p1a: Great Tusk\n|-end|p1a: Great Tusk|Protosynthesis|[silent]\n|\n|upkeep\n|\n|t:|1782451548\n|switch|p1a: Dragapult|Dragapult, M|83/100 tox\n|turn|20\n|\n|t:|1782451558\n|move|p2a: Iron Moth|Light Screen|p2a: Iron Moth\n|-sidestart|p2: Rellobedatnin|move: Light Screen\n|move|p1a: Dragapult|Draco Meteor|p2a: Iron Moth\n|-damage|p2a: Iron Moth|0 fnt\n|-unboost|p1a: Dragapult|spa|2\n|faint|p2a: Iron Moth\n|-end|p2a: Iron Moth|Quark Drive|[silent]\n|\n|-damage|p1a: Dragapult|77/100 tox|[from] psn\n|upkeep\n|\n|t:|1782451562\n|switch|p2a: Typhlosion|Typhlosion, M, tera:Fire|100/100\n|turn|21\n|\n|t:|1782451572\n|-terastallize|p1a: Dragapult|Dragon\n|move|p2a: Typhlosion|Eruption|p1a: Dragapult\n|-resisted|p1a: Dragapult\n|-damage|p1a: Dragapult|14/100 tox\n|move|p1a: Dragapult|Draco Meteor|p2a: Typhlosion\n|-damage|p2a: Typhlosion|27/100\n|-unboost|p1a: Dragapult|spa|2\n|\n|-damage|p1a: Dragapult|2/100 tox|[from] psn\n|upkeep\n|turn|22\n|-message|Rellobedatnin forfeited.\n|\n|win|OUBotBeepBoop\n|raw|OUBotBeepBoop's rating: 1104 &rarr; <strong>1130</strong><br />(+26 for winning)\n|raw|Rellobedatnin's rating: 1111 &rarr; <strong>1085</strong><br />(-26 for losing)\n|l|☆OUBotBeepBoop\n|player|p1|\n|l|☆Rellobedatnin\n|player|p2|\n", "uploadtime": 1782451929, "views": 7, "formatid": "gen9ou", "rating": 1085, "private": 0, "password": null}