{"id": "gen9ou-2540743945", "format": "[Gen 9] OU", "players": ["Zerwikaptur", "CodeNumber_Beta"], "log": "|j|☆Zerwikaptur\n|j|☆CodeNumber_Beta\n|t:|1771248780\n|gametype|singles\n|player|p1|Zerwikaptur|elesa-gen5bw2|1563\n|player|p2|CodeNumber_Beta|169|1565\n|gen|9\n|tier|[Gen 9] OU\n|rated|\n|rule|HP Percentage Mod: HP is shown in percentages\n|rule|Endless Battle Clause: Forcing endless battles is banned\n|rule|Species Clause: Limit one of each Pokémon\n|rule|OHKO Clause: OHKO moves are banned\n|rule|Evasion Items Clause: Evasion items are banned\n|rule|Evasion Moves Clause: Evasion moves are banned\n|rule|Evasion Abilities Clause: Evasion abilities are banned\n|rule|Sleep Moves Clause: Sleep-inducing moves are banned\n|clearpoke\n|poke|p1|Ting-Lu|\n|poke|p1|Great Tusk|\n|poke|p1|Kyurem|\n|poke|p1|Gholdengo|\n|poke|p1|Moltres|\n|poke|p1|Ogerpon, F|\n|poke|p2|Araquanid, M|\n|poke|p2|Gholdengo|\n|poke|p2|Great Tusk|\n|poke|p2|Samurott-Hisui, M|\n|poke|p2|Iron Moth|\n|poke|p2|Corviknight, M|\n|teampreview\n|inactive|Battle timer is ON: inactive players will automatically lose when time's up. (requested by Zerwikaptur)\n|\n|t:|1771248795\n|teamsize|p1|6\n|teamsize|p2|6\n|start\n|switch|p1a: Ban it plz|Ogerpon, F|100/100\n|switch|p2a: Araquanid|Araquanid, M|100/100\n|turn|1\n|\n|t:|1771248803\n|switch|p2a: Corviknight|Corviknight, M|100/100\n|-ability|p2a: Corviknight|Pressure\n|move|p1a: Ban it plz|Rock Tomb|p2a: Corviknight\n|-damage|p2a: Corviknight|81/100\n|-unboost|p2a: Corviknight|spe|1\n|\n|-heal|p2a: Corviknight|87/100|[from] item: Leftovers\n|upkeep\n|turn|2\n|\n|t:|1771248825\n|switch|p1a: Mol3|Moltres, shiny|100/100\n|move|p2a: Corviknight|U-turn|p1a: Mol3\n|-resisted|p1a: Mol3\n|-damage|p1a: Mol3|98/100\n|-status|p2a: Corviknight|brn|[from] ability: Flame Body|[of] p1a: Mol3\n|\n|t:|1771248831\n|switch|p2a: Samurott|Samurott-Hisui, M|100/100|[from] U-turn\n|\n|upkeep\n|turn|3\n|\n|t:|1771248837\n|-terastallize|p1a: Mol3|Fairy\n|move|p2a: Samurott|Aqua Cutter|p1a: Mol3\n|-damage|p1a: Mol3|63/100\n|move|p1a: Mol3|U-turn|p2a: Samurott\n|-supereffective|p2a: Samurott\n|-damage|p2a: Samurott|66/100\n|\n|t:|1771248840\n|switch|p1a: Ban it plz|Ogerpon, F|100/100|[from] U-turn\n|\n|upkeep\n|turn|4\n|\n|t:|1771248855\n|switch|p2a: Corviknight|Corviknight, M|87/100 brn\n|-ability|p2a: Corviknight|Pressure\n|move|p1a: Ban it plz|Knock Off|p2a: Corviknight\n|-damage|p2a: Corviknight|57/100 brn\n|-enditem|p2a: Corviknight|Leftovers|[from] move: Knock Off|[of] p1a: Ban it plz\n|\n|-damage|p2a: Corviknight|51/100 brn|[from] brn\n|upkeep\n|turn|5\n|\n|t:|1771248865\n|switch|p1a: Sheist Sawsbuck|Ting-Lu|100/100\n|-ability|p1a: Sheist Sawsbuck|Vessel of Ruin\n|move|p2a: Corviknight|Roost|p2a: Corviknight\n|-heal|p2a: Corviknight|100/100 brn\n|-singleturn|p2a: Corviknight|move: Roost\n|\n|-damage|p2a: Corviknight|94/100 brn|[from] brn\n|upkeep\n|turn|6\n|inactive|CodeNumber_Beta has 120 seconds left.\n|\n|t:|1771248895\n|move|p2a: Corviknight|U-turn|p1a: Sheist Sawsbuck\n|-supereffective|p1a: Sheist Sawsbuck\n|-damage|p1a: Sheist Sawsbuck|93/100\n|inactive|CodeNumber_Beta has 120 seconds left.\n|\n|t:|1771248921\n|switch|p2a: Samurott|Samurott-Hisui, M|66/100|[from] U-turn\n|move|p1a: Sheist Sawsbuck|Stealth Rock|p2a: Samurott\n|-sidestart|p2: CodeNumber_Beta|move: Stealth Rock\n|\n|-heal|p1a: Sheist Sawsbuck|99/100|[from] item: Leftovers\n|upkeep\n|turn|7\n|\n|t:|1771248927\n|move|p2a: Samurott|Swords Dance|p2a: Samurott\n|-boost|p2a: Samurott|atk|2\n|move|p1a: Sheist Sawsbuck|Earthquake|p2a: Samurott\n|-damage|p2a: Samurott|18/100\n|\n|-heal|p1a: Sheist Sawsbuck|100/100|[from] item: Leftovers\n|upkeep\n|turn|8\n|\n|t:|1771248945\n|move|p2a: Samurott|Aqua Cutter|p1a: Sheist Sawsbuck\n|-supereffective|p1a: Sheist Sawsbuck\n|-damage|p1a: Sheist Sawsbuck|4/100\n|move|p1a: Sheist Sawsbuck|Earthquake|p2a: Samurott\n|-damage|p2a: Samurott|0 fnt\n|faint|p2a: Samurott\n|\n|-heal|p1a: Sheist Sawsbuck|11/100|[from] item: Leftovers\n|upkeep\n|inactive|CodeNumber_Beta has 90 seconds left.\n|inactive|CodeNumber_Beta has 60 seconds left.\n|inactive|CodeNumber_Beta has 30 seconds left.\n|inactive|CodeNumber_Beta has 20 seconds left.\n|inactive|CodeNumber_Beta has 15 seconds left.\n|inactive|CodeNumber_Beta has 10 seconds left.\n|inactive|CodeNumber_Beta has 5 seconds left.\n|-message|CodeNumber_Beta lost due to inactivity.\n|\n|win|Zerwikaptur\n|raw|Zerwikaptur's rating: 1563 &rarr; <strong>1583</strong><br />(+20 for winning)\n|raw|CodeNumber_Beta's rating: 1565 &rarr; <strong>1545</strong><br />(-20 for losing)\n|l|☆Zerwikaptur\n|player|p1|\n", "uploadtime": 1771249092, "views": 8, "formatid": "gen9ou", "rating": 1545, "private": 0, "password": null}