{"id": "gen9ou-2540885246", "format": "[Gen 9] OU", "players": ["Shockmoth", "Acastillo631"], "log": "|badge|p1|bronze|gen9ou|100-8\n|uhtml|medal-msg|<div class=\"broadcast-blue\">Curious what those medals under the avatar are? PS now has Ladder Seasons! For more information, check out the <a href=\"https://www.smogon.com/forums/threads/3740067/\">thread on Smogon.</a></div>\n|j|☆Shockmoth\n|j|☆Acastillo631\n|t:|1771263867\n|gametype|singles\n|player|p1|Shockmoth|wattson|1833\n|player|p2|Acastillo631|silver|1736\n|gen|9\n|tier|[Gen 9] OU\n|rated|\n|rule|HP Percentage Mod: HP is shown in percentages\n|rule|Endless Battle Clause: Forcing endless battles is banned\n|rule|Species Clause: Limit one of each Pokémon\n|rule|OHKO Clause: OHKO moves are banned\n|rule|Evasion Items Clause: Evasion items are banned\n|rule|Evasion Moves Clause: Evasion moves are banned\n|rule|Evasion Abilities Clause: Evasion abilities are banned\n|rule|Sleep Moves Clause: Sleep-inducing moves are banned\n|clearpoke\n|poke|p1|Frosmoth, F|\n|poke|p1|Pincurchin, M|\n|poke|p1|Raichu-Alola, F|\n|poke|p1|Iron Hands|\n|poke|p1|Rotom-Wash|\n|poke|p1|Pawmot, M|\n|poke|p2|Iron Valiant|\n|poke|p2|Sinistcha|\n|poke|p2|Tyranitar, M|\n|poke|p2|Iron Treads|\n|poke|p2|Klefki, F|\n|poke|p2|Swampert, M|\n|teampreview\n|inactive|Battle timer is ON: inactive players will automatically lose when time's up. (requested by Shockmoth)\n|inactive|Acastillo631 has 120 seconds left.\n|\n|t:|1771263904\n|teamsize|p1|6\n|teamsize|p2|6\n|start\n|switch|p1a: OH YEAH!!! YEAH!!|Pincurchin, M|100/100\n|switch|p2a: Duff McWhalen|Swampert, M|100/100\n|-fieldstart|move: Electric Terrain|[from] ability: Electric Surge|[of] p1a: OH YEAH!!! YEAH!!\n|turn|1\n|\n|t:|1771263921\n|switch|p1a: William O' Wisp|Rotom-Wash|100/100\n|move|p2a: Duff McWhalen|Stealth Rock|p1a: William O' Wisp\n|-sidestart|p1: Shockmoth|move: Stealth Rock\n|\n|upkeep\n|turn|2\n|j| imSilverLike\n|\n|t:|1771263927\n|move|p1a: William O' Wisp|Light Screen|p1a: William O' Wisp\n|-sidestart|p1: Shockmoth|move: Light Screen\n|move|p2a: Duff McWhalen|Knock Off|p1a: William O' Wisp\n|-damage|p1a: William O' Wisp|74/100\n|-enditem|p1a: William O' Wisp|Light Clay|[from] move: Knock Off|[of] p2a: Duff McWhalen\n|\n|upkeep\n|turn|3\n|\n|t:|1771263931\n|switch|p2a: Eregion|Tyranitar, M|100/100\n|-weather|Sandstorm|[from] ability: Sand Stream|[of] p2a: Eregion\n|move|p1a: William O' Wisp|Hydro Pump|p2a: Eregion\n|-supereffective|p2a: Eregion\n|-damage|p2a: Eregion|53/100\n|\n|-weather|Sandstorm|[upkeep]\n|-damage|p1a: William O' Wisp|68/100|[from] Sandstorm\n|-heal|p2a: Eregion|59/100|[from] item: Leftovers\n|upkeep\n|turn|4\n|\n|t:|1771263941\n|switch|p1a: Iron Deficiency|Iron Hands|100/100\n|-damage|p1a: Iron Deficiency|94/100|[from] Stealth Rock\n|-activate|p1a: Iron Deficiency|ability: Quark Drive\n|-start|p1a: Iron Deficiency|quarkdriveatk\n|switch|p2a: Duff McWhalen|Swampert, M|100/100\n|\n|-weather|Sandstorm|[upkeep]\n|-damage|p1a: Iron Deficiency|88/100|[from] Sandstorm\n|upkeep\n|turn|5\n|\n|t:|1771263956\n|move|p2a: Duff McWhalen|Earthquake|p1a: Iron Deficiency\n|-supereffective|p1a: Iron Deficiency\n|-damage|p1a: Iron Deficiency|44/100\n|move|p1a: Iron Deficiency|Swords Dance|p1a: Iron Deficiency\n|-boost|p1a: Iron Deficiency|atk|2\n|\n|-weather|Sandstorm|[upkeep]\n|-damage|p1a: Iron Deficiency|37/100|[from] Sandstorm\n|upkeep\n|turn|6\n|\n|t:|1771263961\n|-terastallize|p1a: Iron Deficiency|Flying\n|move|p2a: Duff McWhalen|Flip Turn|p1a: Iron Deficiency\n|-damage|p1a: Iron Deficiency|24/100\n|\n|t:|1771263966\n|switch|p2a: Wire Sponge|Sinistcha|100/100|[from] Flip Turn\n|move|p1a: Iron Deficiency|Drain Punch|p2a: Wire Sponge\n|-immune|p2a: Wire Sponge\n|\n|-weather|Sandstorm|[upkeep]\n|-damage|p2a: Wire Sponge|94/100|[from] Sandstorm\n|-damage|p1a: Iron Deficiency|17/100|[from] Sandstorm\n|upkeep\n|turn|7\n|\n|t:|1771263972\n|switch|p2a: Redips|Klefki, F|100/100\n|move|p1a: Iron Deficiency|Ice Punch|p2a: Redips\n|-resisted|p2a: Redips\n|-damage|p2a: Redips|70/100\n|-damage|p1a: Iron Deficiency|1/100|[from] item: Rocky Helmet|[of] p2a: Redips\n|\n|-weather|none\n|upkeep\n|turn|8\n|-activate|p1a: Iron Deficiency|item: Quick Claw\n|\n|t:|1771263975\n|move|p1a: Iron Deficiency|Drain Punch|p2a: Redips\n|-damage|p2a: Redips|0 fnt\n|-heal|p1a: Iron Deficiency|25/100|[from] drain|[of] p2a: Redips\n|-damage|p1a: Iron Deficiency|9/100|[from] item: Rocky Helmet|[of] p2a: Redips\n|faint|p2a: Redips\n|\n|-fieldend|move: Electric Terrain\n|-end|p1a: Iron Deficiency|Quark Drive\n|upkeep\n|\n|t:|1771263991\n|switch|p2a: Wire Sponge|Sinistcha|94/100\n|turn|9\n|\n|t:|1771263993\n|move|p2a: Wire Sponge|Shadow Ball|p1a: Iron Deficiency\n|-damage|p1a: Iron Deficiency|0 fnt\n|faint|p1a: Iron Deficiency\n|-end|p1a: Iron Deficiency|Quark Drive|[silent]\n|\n|-sideend|p1: Shockmoth|move: Light Screen\n|upkeep\n|\n|t:|1771263995\n|switch|p1a: Finger Eleven|Frosmoth, F, shiny|100/100\n|turn|10\n|\n|t:|1771264004\n|switch|p2a: Eregion|Tyranitar, M|59/100\n|-weather|Sandstorm|[from] ability: Sand Stream|[of] p2a: Eregion\n|move|p1a: Finger Eleven|Defog|p2a: Eregion\n|-unboost|p2a: Eregion|evasion|1\n|-sideend|p1: Shockmoth|Stealth Rock|[from] move: Defog|[of] p1a: Finger Eleven\n|\n|-weather|Sandstorm|[upkeep]\n|-damage|p1a: Finger Eleven|94/100|[from] Sandstorm\n|-heal|p2a: Eregion|65/100|[from] item: Leftovers\n|upkeep\n|turn|11\n|\n|t:|1771264009\n|switch|p1a: Evanescence|Pawmot, M|100/100\n|move|p2a: Eregion|Rock Blast|p1a: Evanescence\n|-resisted|p1a: Evanescence\n|-damage|p1a: Evanescence|93/100\n|-resisted|p1a: Evanescence\n|-crit|p1a: Evanescence\n|-damage|p1a: Evanescence|83/100\n|-hitcount|p1a: Evanescence|2\n|\n|-weather|Sandstorm|[upkeep]\n|-damage|p1a: Evanescence|77/100|[from] Sandstorm\n|-heal|p2a: Eregion|72/100|[from] item: Leftovers\n|upkeep\n|turn|12\n|\n|t:|1771264021\n|switch|p2a: Duff McWhalen|Swampert, M|100/100\n|move|p1a: Evanescence|Revival Blessing|p1a: Evanescence\n|-enditem|p1a: Evanescence|Leppa Berry|[eat]\n|-activate|p1a: Evanescence|item: Leppa Berry|Revival Blessing|[consumed]\n|\n|t:|1771264022\n|-heal|p1: Iron Deficiency|50/100|[from] move: Revival Blessing\n|\n|-weather|Sandstorm|[upkeep]\n|-damage|p1a: Evanescence|71/100|[from] Sandstorm\n|upkeep\n|turn|13\n|\n|t:|1771264031\n|switch|p1a: William O' Wisp|Rotom-Wash|68/100\n|move|p2a: Duff McWhalen|Stealth Rock|p1a: William O' Wisp\n|-sidestart|p1: Shockmoth|move: Stealth Rock\n|\n|-weather|Sandstorm|[upkeep]\n|-damage|p1a: William O' Wisp|62/100|[from] Sandstorm\n|upkeep\n|turn|14\n|\n|t:|1771264039\n|switch|p2a: Wire Sponge|Sinistcha|94/100\n|move|p1a: William O' Wisp|Hydro Pump|p2a: Wire Sponge\n|-resisted|p2a: Wire Sponge\n|-damage|p2a: Wire Sponge|65/100\n|\n|-weather|none\n|upkeep\n|turn|15\n|\n|t:|1771264042\n|move|p1a: William O' Wisp|Volt Switch|p2a: Wire Sponge\n|-resisted|p2a: Wire Sponge\n|-damage|p2a: Wire Sponge|45/100\n|\n|t:|1771264044\n|switch|p1a: Finger Eleven|Frosmoth, F, shiny|94/100|[from] Volt Switch\n|move|p2a: Wire Sponge|Matcha Gotcha|p1a: Finger Eleven|[miss]\n|-miss|p2a: Wire Sponge|p1a: Finger Eleven\n|\n|upkeep\n|turn|16\n|\n|t:|1771264056\n|switch|p1a: Iron Deficiency|Iron Hands|50/100\n|-damage|p1a: Iron Deficiency|44/100|[from] Stealth Rock\n|move|p2a: Wire Sponge|Strength Sap|p1a: Iron Deficiency\n|-unboost|p1a: Iron Deficiency|atk|1\n|-heal|p2a: Wire Sponge|100/100\n|\n|upkeep\n|turn|17\n|\n|t:|1771264063\n|-end|p1a: Iron Deficiency|Quark Drive|[silent]\n|switch|p1a: Finger Eleven|Frosmoth, F, shiny|94/100\n|move|p2a: Wire Sponge|Shadow Ball|p1a: Finger Eleven\n|-damage|p1a: Finger Eleven|74/100\n|\n|upkeep\n|turn|18\n|\n|t:|1771264079\n|switch|p2a: Eregion|Tyranitar, M|72/100\n|-weather|Sandstorm|[from] ability: Sand Stream|[of] p2a: Eregion\n|move|p1a: Finger Eleven|Ice Beam|p2a: Eregion\n|-damage|p2a: Eregion|54/100\n|\n|-weather|Sandstorm|[upkeep]\n|-damage|p1a: Finger Eleven|68/100|[from] Sandstorm\n|-heal|p2a: Eregion|60/100|[from] item: Leftovers\n|upkeep\n|turn|19\n|\n|t:|1771264089\n|switch|p1a: Iron Deficiency|Iron Hands|44/100\n|-damage|p1a: Iron Deficiency|38/100|[from] Stealth Rock\n|move|p2a: Eregion|Rock Blast|p1a: Iron Deficiency\n|-resisted|p1a: Iron Deficiency\n|-damage|p1a: Iron Deficiency|35/100\n|-resisted|p1a: Iron Deficiency\n|-damage|p1a: Iron Deficiency|32/100\n|-resisted|p1a: Iron Deficiency\n|-damage|p1a: Iron Deficiency|29/100\n|-hitcount|p1a: Iron Deficiency|3\n|\n|-weather|Sandstorm|[upkeep]\n|-damage|p1a: Iron Deficiency|22/100|[from] Sandstorm\n|-heal|p2a: Eregion|66/100|[from] item: Leftovers\n|upkeep\n|turn|20\n|\n|t:|1771264102\n|switch|p2a: Wire Sponge|Sinistcha|100/100\n|move|p1a: Iron Deficiency|Swords Dance|p1a: Iron Deficiency\n|-boost|p1a: Iron Deficiency|atk|2\n|\n|-weather|Sandstorm|[upkeep]\n|-damage|p2a: Wire Sponge|94/100|[from] Sandstorm\n|-damage|p1a: Iron Deficiency|16/100|[from] Sandstorm\n|upkeep\n|turn|21\n|\n|t:|1771264104\n|move|p2a: Wire Sponge|Shadow Ball|p1a: Iron Deficiency\n|-damage|p1a: Iron Deficiency|0 fnt\n|faint|p1a: Iron Deficiency\n|-end|p1a: Iron Deficiency|Quark Drive|[silent]\n|\n|-weather|Sandstorm|[upkeep]\n|-damage|p2a: Wire Sponge|88/100|[from] Sandstorm\n|upkeep\n|\n|t:|1771264105\n|switch|p1a: Finger Eleven|Frosmoth, F, shiny|68/100\n|turn|22\n|\n|t:|1771264110\n|switch|p2a: Duff McWhalen|Swampert, M|100/100\n|move|p1a: Finger Eleven|Ice Beam|p2a: Duff McWhalen\n|-damage|p2a: Duff McWhalen|73/100\n|\n|-weather|none\n|-heal|p2a: Duff McWhalen|79/100|[from] item: Leftovers\n|upkeep\n|turn|23\n|\n|t:|1771264119\n|switch|p1a: William O' Wisp|Rotom-Wash|62/100\n|-damage|p1a: William O' Wisp|50/100|[from] Stealth Rock\n|move|p2a: Duff McWhalen|Flip Turn|p1a: William O' Wisp\n|-resisted|p1a: William O' Wisp\n|-damage|p1a: William O' Wisp|39/100\n|\n|t:|1771264142\n|switch|p2a: Sage Harpuia|Iron Valiant|100/100|[from] Flip Turn\n|-enditem|p2a: Sage Harpuia|Booster Energy\n|-activate|p2a: Sage Harpuia|ability: Quark Drive|[fromitem]\n|-start|p2a: Sage Harpuia|quarkdrivespe\n|\n|upkeep\n|turn|24\n|\n|t:|1771264146\n|switch|p1a: OH YEAH!!! YEAH!!|Pincurchin, M|100/100\n|-damage|p1a: OH YEAH!!! YEAH!!|88/100|[from] Stealth Rock\n|-fieldstart|move: Electric Terrain|[from] ability: Electric Surge|[of] p1a: OH YEAH!!! YEAH!!\n|move|p2a: Sage Harpuia|Moonblast|p1a: OH YEAH!!! YEAH!!\n|-damage|p1a: OH YEAH!!! YEAH!!|29/100\n|\n|upkeep\n|turn|25\n|\n|t:|1771264157\n|switch|p1a: William O' Wisp|Rotom-Wash|39/100\n|-damage|p1a: William O' Wisp|26/100|[from] Stealth Rock\n|move|p2a: Sage Harpuia|Moonblast|p1a: William O' Wisp\n|-damage|p1a: William O' Wisp|0 fnt\n|faint|p1a: William O' Wisp\n|\n|upkeep\n|\n|t:|1771264159\n|switch|p1a: Surf's Up (2007)|Raichu-Alola, F|100/100\n|-damage|p1a: Surf's Up (2007)|88/100|[from] Stealth Rock\n|turn|26\n|\n|t:|1771264167\n|-end|p2a: Sage Harpuia|Quark Drive|[silent]\n|switch|p2a: Duff McWhalen|Swampert, M|79/100\n|move|p1a: Surf's Up (2007)|Focus Blast|p2a: Duff McWhalen\n|-damage|p2a: Duff McWhalen|41/100\n|\n|-heal|p2a: Duff McWhalen|47/100|[from] item: Leftovers\n|upkeep\n|turn|27\n|\n|t:|1771264178\n|switch|p1a: Evanescence|Pawmot, M|71/100\n|-damage|p1a: Evanescence|65/100|[from] Stealth Rock\n|move|p2a: Duff McWhalen|Earthquake|p1a: Evanescence\n|-supereffective|p1a: Evanescence\n|-damage|p1a: Evanescence|0 fnt\n|faint|p1a: Evanescence\n|\n|-heal|p2a: Duff McWhalen|53/100|[from] item: Leftovers\n|upkeep\n|\n|t:|1771264180\n|switch|p1a: Surf's Up (2007)|Raichu-Alola, F|88/100\n|-damage|p1a: Surf's Up (2007)|76/100|[from] Stealth Rock\n|turn|28\n|j| Samurajen\n|\n|t:|1771264190\n|switch|p2a: Eregion|Tyranitar, M|66/100\n|-weather|Sandstorm|[from] ability: Sand Stream|[of] p2a: Eregion\n|move|p1a: Surf's Up (2007)|Focus Blast|p2a: Eregion\n|-supereffective|p2a: Eregion\n|-crit|p2a: Eregion\n|-damage|p2a: Eregion|0 fnt\n|faint|p2a: Eregion\n|\n|-weather|Sandstorm|[upkeep]\n|-damage|p1a: Surf's Up (2007)|70/100|[from] Sandstorm\n|upkeep\n|\n|t:|1771264196\n|switch|p2a: Duff McWhalen|Swampert, M|53/100\n|turn|29\n|\n|t:|1771264202\n|move|p1a: Surf's Up (2007)|Focus Blast|p2a: Duff McWhalen\n|-damage|p2a: Duff McWhalen|18/100\n|move|p2a: Duff McWhalen|Earthquake|p1a: Surf's Up (2007)\n|-supereffective|p1a: Surf's Up (2007)\n|-damage|p1a: Surf's Up (2007)|0 fnt\n|faint|p1a: Surf's Up (2007)\n|\n|-weather|Sandstorm|[upkeep]\n|-heal|p2a: Duff McWhalen|25/100|[from] item: Leftovers\n|upkeep\n|\n|t:|1771264208\n|switch|p1a: OH YEAH!!! YEAH!!|Pincurchin, M|29/100\n|-damage|p1a: OH YEAH!!! YEAH!!|17/100|[from] Stealth Rock\n|turn|30\n|\n|t:|1771264217\n|move|p1a: OH YEAH!!! YEAH!!|Sucker Punch|p2a: Duff McWhalen\n|-damage|p2a: Duff McWhalen|5/100\n|move|p2a: Duff McWhalen|Flip Turn|p1a: OH YEAH!!! YEAH!!\n|-damage|p1a: OH YEAH!!! YEAH!!|0 fnt\n|faint|p1a: OH YEAH!!! YEAH!!\n|\n|t:|1771264222\n|switch|p2a: Sage Harpuia|Iron Valiant|100/100|[from] Flip Turn\n|-activate|p2a: Sage Harpuia|ability: Quark Drive\n|-start|p2a: Sage Harpuia|quarkdrivespe\n|\n|-weather|Sandstorm|[upkeep]\n|-damage|p2a: Sage Harpuia|94/100|[from] Sandstorm\n|upkeep\n|\n|t:|1771264223\n|switch|p1a: Finger Eleven|Frosmoth, F, shiny|68/100\n|turn|31\n|\n|t:|1771264228\n|move|p2a: Sage Harpuia|Moonblast|p1a: Finger Eleven\n|-damage|p1a: Finger Eleven|40/100\n|-unboost|p1a: Finger Eleven|spa|1\n|move|p1a: Finger Eleven|Quiver Dance|p1a: Finger Eleven\n|-boost|p1a: Finger Eleven|spa|1\n|-boost|p1a: Finger Eleven|spd|1\n|-boost|p1a: Finger Eleven|spe|1\n|\n|-weather|Sandstorm|[upkeep]\n|-damage|p2a: Sage Harpuia|88/100|[from] Sandstorm\n|-damage|p1a: Finger Eleven|34/100|[from] Sandstorm\n|-fieldend|move: Electric Terrain\n|-end|p2a: Sage Harpuia|Quark Drive\n|upkeep\n|turn|32\n|\n|t:|1771264238\n|-terastallize|p2a: Sage Harpuia|Steel\n|move|p1a: Finger Eleven|Quiver Dance|p1a: Finger Eleven\n|-boost|p1a: Finger Eleven|spa|1\n|-boost|p1a: Finger Eleven|spd|1\n|-boost|p1a: Finger Eleven|spe|1\n|move|p2a: Sage Harpuia|Close Combat|p1a: Finger Eleven\n|-damage|p1a: Finger Eleven|0 fnt\n|-unboost|p2a: Sage Harpuia|def|1\n|-unboost|p2a: Sage Harpuia|spd|1\n|faint|p1a: Finger Eleven\n|\n|win|Acastillo631\n|raw|Shockmoth's rating: 1833 &rarr; <strong>1808</strong><br />(-25 for losing)\n|raw|Acastillo631's rating: 1736 &rarr; <strong>1761</strong><br />(+25 for winning)\n|l|☆Shockmoth\n|player|p1|\n|l|☆Acastillo631\n|player|p2|\n", "uploadtime": 1771264379, "views": 5, "formatid": "gen9ou", "rating": 1761, "private": 0, "password": null}