{"id": "gen9ou-2540693133", "format": "[Gen 9] OU", "players": ["zhaojindawang朝瑾", "dimitry5000"], "log": "|j|☆zhaojindawang朝瑾\n|j|☆dimitry5000\n|t:|1771241296\n|gametype|singles\n|player|p1|zhaojindawang朝瑾|caitlin|1712\n|player|p2|dimitry5000|102|1775\n|gen|9\n|tier|[Gen 9] OU\n|rated|\n|rule|HP Percentage Mod: HP is shown in percentages\n|rule|Endless Battle Clause: Forcing endless battles is banned\n|rule|Species Clause: Limit one of each Pokémon\n|rule|OHKO Clause: OHKO moves are banned\n|rule|Evasion Items Clause: Evasion items are banned\n|rule|Evasion Moves Clause: Evasion moves are banned\n|rule|Evasion Abilities Clause: Evasion abilities are banned\n|rule|Sleep Moves Clause: Sleep-inducing moves are banned\n|clearpoke\n|poke|p1|Hatterene, F|\n|poke|p1|Weezing-Galar, F|\n|poke|p1|Dondozo, F|\n|poke|p1|Gliscor, M|\n|poke|p1|Clodsire, F|\n|poke|p1|Volcanion|\n|poke|p2|Alomomola, M|\n|poke|p2|Dondozo, M|\n|poke|p2|Slowking-Galar, M|\n|poke|p2|Gliscor, M|\n|poke|p2|Blissey, F|\n|poke|p2|Corviknight, F|\n|teampreview\n|inactive|Battle timer is ON: inactive players will automatically lose when time's up. (requested by dimitry5000)\n|inactive|zhaojindawang朝瑾 also wants the timer to be on.\n|\n|t:|1771241303\n|teamsize|p1|6\n|teamsize|p2|6\n|start\n|switch|p1a: 飞天大蝙蝠|Gliscor, M|100/100\n|switch|p2a: Gliscor|Gliscor, M|100/100\n|turn|1\n|\n|t:|1771241312\n|move|p1a: 飞天大蝙蝠|Protect|p1a: 飞天大蝙蝠\n|-singleturn|p1a: 飞天大蝙蝠|Protect\n|move|p2a: Gliscor|Knock Off|p1a: 飞天大蝙蝠\n|-activate|p1a: 飞天大蝙蝠|move: Protect\n|\n|-status|p1a: 飞天大蝙蝠|tox|[from] item: Toxic Orb\n|-status|p2a: Gliscor|tox|[from] item: Toxic Orb\n|upkeep\n|turn|2\n|j| Despote\n|\n|t:|1771241325\n|switch|p1a: 帽子姐姐强无敌|Hatterene, F, shiny|100/100\n|move|p2a: Gliscor|Stealth Rock|p1a: 帽子姐姐强无敌\n|move|p1a: 帽子姐姐强无敌|Stealth Rock|p2a: Gliscor|[from] ability: Magic Bounce\n|-sidestart|p2: dimitry5000|move: Stealth Rock\n|\n|upkeep\n|turn|3\n|\n|t:|1771241329\n|move|p2a: Gliscor|Knock Off|p1a: 帽子姐姐强无敌\n|-damage|p1a: 帽子姐姐强无敌|83/100\n|-damage|p2a: Gliscor|84/100 tox|[from] item: Rocky Helmet|[of] p1a: 帽子姐姐强无敌\n|-enditem|p1a: 帽子姐姐强无敌|Rocky Helmet|[from] move: Knock Off|[of] p2a: Gliscor\n|move|p1a: 帽子姐姐强无敌|Psychic Noise|p2a: Gliscor\n|-damage|p2a: Gliscor|58/100 tox\n|-start|p2a: Gliscor|move: Heal Block\n|\n|upkeep\n|turn|4\n|\n|t:|1771241337\n|switch|p2a: Slowking|Slowking-Galar, M|100/100\n|move|p1a: 帽子姐姐强无敌|Draining Kiss|p2a: Slowking\n|-resisted|p2a: Slowking\n|-damage|p2a: Slowking|94/100\n|-heal|p1a: 帽子姐姐强无敌|89/100|[from] drain|[of] p2a: Slowking\n|\n|upkeep\n|turn|5\n|\n|t:|1771241352\n|switch|p1a: 黑太岁|Clodsire, F, shiny|100/100\n|move|p2a: Slowking|Future Sight|p1a: 黑太岁\n|-start|p2a: Slowking|move: Future Sight\n|\n|upkeep\n|turn|6\n|\n|t:|1771241359\n|switch|p2a: Gliscor|Gliscor, M|58/100 tox\n|-damage|p2a: Gliscor|45/100 tox|[from] Stealth Rock\n|move|p1a: 黑太岁|Earthquake|p2a: Gliscor\n|-immune|p2a: Gliscor\n|\n|-heal|p2a: Gliscor|58/100 tox|[from] ability: Poison Heal\n|upkeep\n|turn|7\n|\n|t:|1771241363\n|switch|p1a: 帽子姐姐强无敌|Hatterene, F, shiny|89/100\n|move|p2a: Gliscor|Knock Off|p1a: 帽子姐姐强无敌\n|-damage|p1a: 帽子姐姐强无敌|77/100\n|\n|-end|p1a: 帽子姐姐强无敌|move: Future Sight\n|-resisted|p1a: 帽子姐姐强无敌\n|-damage|p1a: 帽子姐姐强无敌|54/100\n|-heal|p2a: Gliscor|70/100 tox|[from] ability: Poison Heal\n|upkeep\n|turn|8\n|\n|t:|1771241368\n|switch|p2a: Slowking|Slowking-Galar, M|100/100\n|move|p1a: 帽子姐姐强无敌|Psychic Noise|p2a: Slowking\n|-damage|p2a: Slowking|79/100\n|-start|p2a: Slowking|move: Heal Block\n|\n|upkeep\n|turn|9\n|\n|t:|1771241377\n|switch|p1a: 飞天大蝙蝠|Gliscor, M|100/100 tox\n|move|p2a: Slowking|Future Sight|p1a: 飞天大蝙蝠\n|-start|p2a: Slowking|move: Future Sight\n|\n|-end|p2a: Slowking|move: Heal Block\n|upkeep\n|turn|10\n|\n|t:|1771241381\n|switch|p2a: Gliscor|Gliscor, M|70/100 tox\n|-damage|p2a: Gliscor|58/100 tox|[from] Stealth Rock\n|move|p1a: 飞天大蝙蝠|Knock Off|p2a: Gliscor\n|-damage|p2a: Gliscor|41/100 tox\n|-enditem|p2a: Gliscor|Toxic Orb|[from] move: Knock Off|[of] p1a: 飞天大蝙蝠\n|\n|-heal|p2a: Gliscor|54/100 tox|[from] ability: Poison Heal\n|upkeep\n|turn|11\n|\n|t:|1771241389\n|move|p1a: 飞天大蝙蝠|Knock Off|p2a: Gliscor\n|-damage|p2a: Gliscor|42/100 tox\n|move|p2a: Gliscor|Knock Off|p1a: 飞天大蝙蝠\n|-damage|p1a: 飞天大蝙蝠|84/100 tox\n|-enditem|p1a: 飞天大蝙蝠|Toxic Orb|[from] move: Knock Off|[of] p2a: Gliscor\n|\n|-end|p1a: 飞天大蝙蝠|move: Future Sight\n|-damage|p1a: 飞天大蝙蝠|47/100 tox\n|-heal|p2a: Gliscor|54/100 tox|[from] ability: Poison Heal\n|-heal|p1a: 飞天大蝙蝠|60/100 tox|[from] ability: Poison Heal\n|upkeep\n|turn|12\n|\n|t:|1771241396\n|move|p2a: Gliscor|Stealth Rock|p1a: 飞天大蝙蝠\n|-sidestart|p1: zhaojindawang朝瑾|move: Stealth Rock\n|move|p1a: 飞天大蝙蝠|Knock Off|p2a: Gliscor\n|-damage|p2a: Gliscor|43/100 tox\n|\n|-heal|p1a: 飞天大蝙蝠|72/100 tox|[from] ability: Poison Heal\n|-heal|p2a: Gliscor|56/100 tox|[from] ability: Poison Heal\n|upkeep\n|turn|13\n|\n|t:|1771241401\n|switch|p2a: Alomomola|Alomomola, M|100/100\n|-damage|p2a: Alomomola|88/100|[from] Stealth Rock\n|move|p1a: 飞天大蝙蝠|Knock Off|p2a: Alomomola\n|-damage|p2a: Alomomola|76/100\n|-damage|p1a: 飞天大蝙蝠|55/100 tox|[from] item: Rocky Helmet|[of] p2a: Alomomola\n|-enditem|p2a: Alomomola|Rocky Helmet|[from] move: Knock Off|[of] p1a: 飞天大蝙蝠\n|\n|-heal|p1a: 飞天大蝙蝠|68/100 tox|[from] ability: Poison Heal\n|upkeep\n|turn|14\n|\n|t:|1771241405\n|move|p1a: 飞天大蝙蝠|Toxic|p2a: Alomomola\n|-status|p2a: Alomomola|tox\n|move|p2a: Alomomola|Flip Turn|p1a: 飞天大蝙蝠\n|-supereffective|p1a: 飞天大蝙蝠\n|-damage|p1a: 飞天大蝙蝠|40/100 tox\n|\n|t:|1771241407\n|switch|p2a: Gliscor|Gliscor, M|56/100 tox|[from] Flip Turn\n|-damage|p2a: Gliscor|43/100 tox|[from] Stealth Rock\n|\n|-heal|p1a: 飞天大蝙蝠|52/100 tox|[from] ability: Poison Heal\n|-heal|p2a: Gliscor|56/100 tox|[from] ability: Poison Heal\n|upkeep\n|turn|15\n|\n|t:|1771241419\n|switch|p2a: Alomomola|Alomomola, M|100/100 tox\n|-damage|p2a: Alomomola|88/100 tox|[from] Stealth Rock\n|move|p1a: 飞天大蝙蝠|Knock Off|p2a: Alomomola\n|-damage|p2a: Alomomola|80/100 tox\n|\n|-heal|p1a: 飞天大蝙蝠|65/100 tox|[from] ability: Poison Heal\n|-damage|p2a: Alomomola|73/100 tox|[from] psn\n|upkeep\n|turn|16\n|\n|t:|1771241427\n|switch|p1a: Volcanion|Volcanion|100/100\n|-damage|p1a: Volcanion|76/100|[from] Stealth Rock\n|move|p2a: Alomomola|Flip Turn|p1a: Volcanion\n|-heal|p1a: Volcanion|100/100|[from] ability: Water Absorb|[of] p2a: Alomomola\n|\n|-damage|p2a: Alomomola|61/100 tox|[from] psn\n|upkeep\n|turn|17\n|\n|t:|1771241439\n|switch|p1a: Weezing|Weezing-Galar, F|100/100\n|-ability|p1a: Weezing|Neutralizing Gas\n|-damage|p1a: Weezing|88/100|[from] Stealth Rock\n|switch|p2a: Slowking|Slowking-Galar, M|100/100\n|\n|upkeep\n|turn|18\n|\n|t:|1771241448\n|move|p1a: Weezing|Defog|p2a: Slowking\n|-unboost|p2a: Slowking|evasion|1\n|-sideend|p2: dimitry5000|Stealth Rock|[from] move: Defog|[of] p1a: Weezing\n|-sideend|p1: zhaojindawang朝瑾|Stealth Rock|[from] move: Defog|[of] p1a: Weezing\n|move|p2a: Slowking|Future Sight|p1a: Weezing\n|-start|p2a: Slowking|move: Future Sight\n|\n|upkeep\n|turn|19\n|\n|t:|1771241458\n|-end|p1a: Weezing|ability: Neutralizing Gas\n|switch|p1a: 黑太岁|Clodsire, F, shiny|100/100\n|-prepare|p2a: Slowking|Chilly Reception|[premajor]\n|move|p2a: Slowking|Chilly Reception|p2a: Slowking\n|-weather|Snowscape\n|\n|t:|1771241461\n|switch|p2a: Gliscor|Gliscor, M|56/100 tox|[from] Chilly Reception\n|\n|-weather|Snowscape|[upkeep]\n|-heal|p2a: Gliscor|68/100 tox|[from] ability: Poison Heal\n|upkeep\n|turn|20\n|\n|t:|1771241465\n|switch|p1a: 帽子姐姐强无敌|Hatterene, F, shiny|54/100\n|move|p2a: Gliscor|Knock Off|p1a: 帽子姐姐强无敌\n|-damage|p1a: 帽子姐姐强无敌|43/100\n|\n|-weather|Snowscape|[upkeep]\n|-end|p1a: 帽子姐姐强无敌|move: Future Sight\n|-resisted|p1a: 帽子姐姐强无敌\n|-damage|p1a: 帽子姐姐强无敌|21/100\n|-heal|p2a: Gliscor|81/100 tox|[from] ability: Poison Heal\n|upkeep\n|turn|21\n|\n|t:|1771241476\n|switch|p2a: Slowking|Slowking-Galar, M|100/100\n|move|p1a: 帽子姐姐强无敌|Draining Kiss|p2a: Slowking\n|-resisted|p2a: Slowking\n|-damage|p2a: Slowking|94/100\n|-heal|p1a: 帽子姐姐强无敌|28/100|[from] drain|[of] p2a: Slowking\n|\n|-weather|Snowscape|[upkeep]\n|upkeep\n|turn|22\n|\n|t:|1771241480\n|switch|p1a: 飞天大蝙蝠|Gliscor, M|65/100 tox\n|move|p2a: Slowking|Future Sight|p1a: 飞天大蝙蝠\n|-start|p2a: Slowking|move: Future Sight\n|\n|-weather|Snowscape|[upkeep]\n|-heal|p1a: 飞天大蝙蝠|77/100 tox|[from] ability: Poison Heal\n|upkeep\n|turn|23\n|\n|t:|1771241494\n|switch|p1a: Volcanion|Volcanion|100/100\n|switch|p2a: Alomomola|Alomomola, M|61/100 tox\n|\n|-weather|none\n|-damage|p2a: Alomomola|55/100 tox|[from] psn\n|upkeep\n|turn|24\n|\n|t:|1771241506\n|switch|p2a: Slowking|Slowking-Galar, M|100/100\n|move|p1a: Volcanion|Steam Eruption|p2a: Slowking\n|-damage|p2a: Slowking|63/100\n|\n|-end|p1a: Volcanion|move: Future Sight\n|-damage|p1a: Volcanion|48/100\n|upkeep\n|turn|25\n|\n|t:|1771241515\n|switch|p1a: 帽子姐姐强无敌|Hatterene, F, shiny|28/100\n|move|p2a: Slowking|Future Sight|p1a: 帽子姐姐强无敌\n|-start|p2a: Slowking|move: Future Sight\n|\n|upkeep\n|turn|26\n|\n|t:|1771241518\n|move|p1a: 帽子姐姐强无敌|Healing Wish|p1a: 帽子姐姐强无敌\n|faint|p1a: 帽子姐姐强无敌\n|move|p2a: Slowking|Sludge Bomb|p1: 帽子姐姐强无敌|[notarget]\n|-fail|p2a: Slowking\n|\n|upkeep\n|\n|t:|1771241522\n|switch|p1a: Volcanion|Volcanion|48/100\n|-heal|p1a: Volcanion|100/100|[from] move: Healing Wish\n|turn|27\n|\n|t:|1771241527\n|move|p1a: Volcanion|Earth Power|p2a: Slowking\n|-supereffective|p2a: Slowking\n|-damage|p2a: Slowking|19/100\n|move|p2a: Slowking|Sludge Bomb|p1a: Volcanion\n|-damage|p1a: Volcanion|57/100\n|\n|-end|p1a: Volcanion|move: Future Sight\n|-damage|p1a: Volcanion|1/100\n|upkeep\n|turn|28\n|\n|t:|1771241535\n|switch|p1a: 黑太岁|Clodsire, F, shiny|100/100\n|switch|p2a: Blissey|Blissey, F|100/100\n|\n|upkeep\n|turn|29\n|-message|zhaojindawang朝瑾 forfeited.\n|\n|win|dimitry5000\n|raw|zhaojindawang朝瑾's rating: 1712 &rarr; <strong>1696</strong><br />(-16 for losing)\n|raw|dimitry5000's rating: 1775 &rarr; <strong>1791</strong><br />(+16 for winning)\n|l|☆zhaojindawang朝瑾\n|player|p1|\n|l|☆dimitry5000\n|player|p2|\n|l| Despote\n", "uploadtime": 1771241805, "views": 9, "formatid": "gen9ou", "rating": 1696, "private": 0, "password": null}