{"id": "gen9ou-2540635058", "format": "[Gen 9] OU", "players": ["KnightKnaveSpy", "3idk"], "log": "|j|☆KnightKnaveSpy\n|j|☆3idk\n|t:|1771231439\n|gametype|singles\n|player|p1|KnightKnaveSpy|169|1727\n|player|p2|3idk|cynthia-masters|1789\n|gen|9\n|tier|[Gen 9] OU\n|rated|\n|rule|HP Percentage Mod: HP is shown in percentages\n|rule|Endless Battle Clause: Forcing endless battles is banned\n|rule|Species Clause: Limit one of each Pokémon\n|rule|OHKO Clause: OHKO moves are banned\n|rule|Evasion Items Clause: Evasion items are banned\n|rule|Evasion Moves Clause: Evasion moves are banned\n|rule|Evasion Abilities Clause: Evasion abilities are banned\n|rule|Sleep Moves Clause: Sleep-inducing moves are banned\n|clearpoke\n|poke|p1|Samurott-Hisui, F|\n|poke|p1|Blaziken, F|\n|poke|p1|Kingambit, F|\n|poke|p1|Raging Bolt|\n|poke|p1|Ogerpon-Wellspring, F|\n|poke|p1|Greninja-*, M|\n|poke|p2|Pelipper, F|\n|poke|p2|Hatterene, F|\n|poke|p2|Iron Treads|\n|poke|p2|Toxicroak, F|\n|poke|p2|Barraskewda, F|\n|poke|p2|Zapdos|\n|teampreview\n|inactive|Battle timer is ON: inactive players will automatically lose when time's up. (requested by 3idk)\n|inactive|3idk has 120 seconds left.\n|inactive|3idk has 90 seconds left.\n|\n|t:|1771231520\n|teamsize|p1|6\n|teamsize|p2|6\n|start\n|switch|p1a: Samurott|Samurott-Hisui, F|100/100\n|switch|p2a: Zapdos|Zapdos|100/100\n|turn|1\n|\n|t:|1771231529\n|move|p2a: Zapdos|Volt Switch|p1a: Samurott\n|-supereffective|p1a: Samurott\n|-enditem|p1a: Samurott|Focus Sash\n|-damage|p1a: Samurott|1/100\n|\n|t:|1771231535\n|switch|p2a: Toxicroak|Toxicroak, F|100/100|[from] Volt Switch\n|move|p1a: Samurott|Ceaseless Edge|p2a: Toxicroak\n|-resisted|p2a: Toxicroak\n|-damage|p2a: Toxicroak|79/100\n|-damage|p1a: Samurott|0 fnt|[from] item: Rocky Helmet|[of] p2a: Toxicroak\n|faint|p1a: Samurott\n|\n|upkeep\n|\n|t:|1771231543\n|switch|p1a: Raging Bolt|Raging Bolt|100/100\n|turn|2\n|\n|t:|1771231547\n|switch|p2a: Hatterene|Hatterene, F|100/100\n|move|p1a: Raging Bolt|Draco Meteor|p2a: Hatterene\n|-immune|p2a: Hatterene\n|\n|upkeep\n|turn|3\n|\n|t:|1771231552\n|move|p1a: Raging Bolt|Volt Switch|p2a: Hatterene\n|-damage|p2a: Hatterene|58/100\n|-enditem|p2a: Hatterene|Eject Button\n|\n|t:|1771231557\n|switch|p2a: Iron Treads|Iron Treads|100/100\n|\n|upkeep\n|turn|4\n|\n|t:|1771231561\n|-end|p1a: Raging Bolt|Protosynthesis|[silent]\n|switch|p1a: Ogerpon|Ogerpon-Wellspring, F|100/100\n|move|p2a: Iron Treads|Volt Switch|p1a: Ogerpon\n|-damage|p1a: Ogerpon|87/100\n|\n|t:|1771231564\n|-end|p2a: Iron Treads|Quark Drive|[silent]\n|switch|p2a: Pelipper|Pelipper, F|100/100|[from] Volt Switch\n|-weather|RainDance|[from] ability: Drizzle|[of] p2a: Pelipper\n|\n|-weather|RainDance|[upkeep]\n|upkeep\n|turn|5\n|\n|t:|1771231570\n|move|p1a: Ogerpon|U-turn|p2a: Pelipper\n|-resisted|p2a: Pelipper\n|-damage|p2a: Pelipper|86/100\n|\n|t:|1771231573\n|switch|p1a: Raging Bolt|Raging Bolt|100/100|[from] U-turn\n|move|p2a: Pelipper|Hurricane|p1a: Raging Bolt\n|-resisted|p1a: Raging Bolt\n|-damage|p1a: Raging Bolt|86/100\n|-start|p1a: Raging Bolt|confusion\n|\n|-weather|RainDance|[upkeep]\n|-heal|p1a: Raging Bolt|93/100|[from] item: Leftovers\n|upkeep\n|turn|6\n|\n|t:|1771231579\n|switch|p2a: Iron Treads|Iron Treads|100/100\n|-activate|p1a: Raging Bolt|confusion\n|move|p1a: Raging Bolt|Draco Meteor|p2a: Iron Treads\n|-resisted|p2a: Iron Treads\n|-damage|p2a: Iron Treads|71/100\n|-unboost|p1a: Raging Bolt|spa|2\n|\n|-weather|RainDance|[upkeep]\n|-heal|p2a: Iron Treads|77/100|[from] item: Leftovers\n|-heal|p1a: Raging Bolt|99/100|[from] item: Leftovers\n|upkeep\n|turn|7\n|j| fifodrummer\n|\n|t:|1771231585\n|-end|p1a: Raging Bolt|Protosynthesis|[silent]\n|switch|p1a: Ogerpon|Ogerpon-Wellspring, F|87/100\n|move|p2a: Iron Treads|Volt Switch|p1a: Ogerpon\n|-damage|p1a: Ogerpon|73/100\n|\n|t:|1771231592\n|-end|p2a: Iron Treads|Quark Drive|[silent]\n|switch|p2a: Toxicroak|Toxicroak, F|79/100|[from] Volt Switch\n|\n|-weather|RainDance|[upkeep]\n|-heal|p2a: Toxicroak|92/100|[from] ability: Dry Skin\n|upkeep\n|turn|8\n|\n|t:|1771231600\n|switch|p1a: Raging Bolt|Raging Bolt|99/100\n|move|p2a: Toxicroak|Toxic|p1a: Raging Bolt\n|-status|p1a: Raging Bolt|tox\n|\n|-weather|RainDance|[upkeep]\n|-heal|p2a: Toxicroak|100/100|[from] ability: Dry Skin\n|-heal|p1a: Raging Bolt|100/100 tox|[from] item: Leftovers\n|-damage|p1a: Raging Bolt|94/100 tox|[from] psn\n|upkeep\n|turn|9\n|\n|t:|1771231607\n|switch|p2a: Hatterene|Hatterene, F|58/100\n|-end|p1a: Raging Bolt|Protosynthesis|[silent]\n|switch|p1a: Ogerpon|Ogerpon-Wellspring, F|73/100\n|\n|-weather|RainDance|[upkeep]\n|upkeep\n|turn|10\n|\n|t:|1771231630\n|switch|p1a: Raging Bolt|Raging Bolt|94/100 tox\n|switch|p2a: Toxicroak|Toxicroak, F|100/100\n|\n|-weather|RainDance|[upkeep]\n|-heal|p1a: Raging Bolt|100/100 tox|[from] item: Leftovers\n|-damage|p1a: Raging Bolt|94/100 tox|[from] psn\n|upkeep\n|turn|11\n|\n|t:|1771231644\n|switch|p2a: Iron Treads|Iron Treads|77/100\n|-end|p1a: Raging Bolt|Protosynthesis|[silent]\n|switch|p1a: Ogerpon|Ogerpon-Wellspring, F|73/100\n|\n|-weather|none\n|-heal|p2a: Iron Treads|83/100|[from] item: Leftovers\n|upkeep\n|turn|12\n|\n|t:|1771231654\n|-end|p2a: Iron Treads|Quark Drive|[silent]\n|switch|p2a: Toxicroak|Toxicroak, F|100/100\n|move|p1a: Ogerpon|Ivy Cudgel|p2a: Toxicroak|[anim] Ivy Cudgel Water\n|-immune|p2a: Toxicroak|[from] ability: Dry Skin\n|\n|upkeep\n|turn|13\n|\n|t:|1771231660\n|switch|p1a: Kingambit|Kingambit, F|100/100\n|-activate|p1a: Kingambit|ability: Supreme Overlord\n|-start|p1a: Kingambit|fallen1|[silent]\n|move|p2a: Toxicroak|Drain Punch|p1a: Kingambit\n|-supereffective|p1a: Kingambit\n|-damage|p1a: Kingambit|19/100\n|\n|-heal|p1a: Kingambit|25/100|[from] item: Leftovers\n|upkeep\n|turn|14\n|\n|t:|1771231668\n|-terastallize|p1a: Kingambit|Ghost\n|move|p2a: Toxicroak|Knock Off|p1a: Kingambit\n|-supereffective|p1a: Kingambit\n|-damage|p1a: Kingambit|0 fnt\n|-enditem|p1a: Kingambit|Leftovers|[from] move: Knock Off|[of] p2a: Toxicroak\n|faint|p1a: Kingambit\n|-end|p1a: Kingambit|fallen1|[silent]\n|\n|upkeep\n|\n|t:|1771231673\n|switch|p1a: Blaziken|Blaziken, F|100/100\n|turn|15\n|\n|t:|1771231678\n|switch|p2a: Pelipper|Pelipper, F|86/100\n|-weather|RainDance|[from] ability: Drizzle|[of] p2a: Pelipper\n|move|p1a: Blaziken|Swords Dance|p1a: Blaziken\n|-boost|p1a: Blaziken|atk|2\n|\n|-weather|RainDance|[upkeep]\n|-ability|p1a: Blaziken|Speed Boost|boost\n|-boost|p1a: Blaziken|spe|1\n|upkeep\n|turn|16\n|-message|KnightKnaveSpy forfeited.\n|\n|win|3idk\n|raw|KnightKnaveSpy's rating: 1727 &rarr; <strong>1711</strong><br />(-16 for losing)\n|raw|3idk's rating: 1789 &rarr; <strong>1805</strong><br />(+16 for winning)\n|l|☆KnightKnaveSpy\n|player|p1|\n", "uploadtime": 1771231688, "views": 11, "formatid": "gen9ou", "rating": 1711, "private": 0, "password": null}