{"id": "gen9ou-2540715224", "format": "[Gen 9] OU", "players": ["burrolio", "Ghoul in PJs"], "log": "|j|☆burrolio\n|j|☆Ghoul in PJs\n|t:|1771244790\n|gametype|singles\n|player|p1|burrolio|1|1671\n|player|p2|Ghoul in PJs|allister|1678\n|gen|9\n|tier|[Gen 9] OU\n|rated|\n|rule|HP Percentage Mod: HP is shown in percentages\n|rule|Endless Battle Clause: Forcing endless battles is banned\n|rule|Species Clause: Limit one of each Pokémon\n|rule|OHKO Clause: OHKO moves are banned\n|rule|Evasion Items Clause: Evasion items are banned\n|rule|Evasion Moves Clause: Evasion moves are banned\n|rule|Evasion Abilities Clause: Evasion abilities are banned\n|rule|Sleep Moves Clause: Sleep-inducing moves are banned\n|clearpoke\n|poke|p1|Ogerpon-Cornerstone, F|\n|poke|p1|Great Tusk|\n|poke|p1|Hatterene, F|\n|poke|p1|Hydrapple, F|\n|poke|p1|Lokix, F|\n|poke|p1|Iron Crown|\n|poke|p2|Gholdengo|\n|poke|p2|Darkrai|\n|poke|p2|Clefable, F|\n|poke|p2|Ting-Lu|\n|poke|p2|Dragonite, F|\n|poke|p2|Pecharunt|\n|teampreview\n|inactive|Battle timer is ON: inactive players will automatically lose when time's up. (requested by Ghoul in PJs)\n|inactive|Ghoul in PJs has 120 seconds left.\n|\n|t:|1771244821\n|teamsize|p1|6\n|teamsize|p2|6\n|start\n|switch|p1a: Lokix|Lokix, F|100/100\n|switch|p2a: Gholdengo|Gholdengo|100/100\n|turn|1\n|\n|t:|1771244837\n|switch|p1a: Hydrapple|Hydrapple, F|100/100\n|-terastallize|p2a: Gholdengo|Steel\n|move|p2a: Gholdengo|Make It Rain|p1a: Hydrapple\n|-damage|p1a: Hydrapple|42/100\n|-unboost|p2a: Gholdengo|spa|1\n|\n|upkeep\n|turn|2\n|\n|t:|1771244851\n|switch|p2a: Clefable|Clefable, F|100/100\n|move|p1a: Hydrapple|Earth Power|p2a: Clefable\n|-damage|p2a: Clefable|72/100\n|\n|upkeep\n|turn|3\n|\n|t:|1771244864\n|switch|p1a: Hatterene|Hatterene, F|100/100\n|move|p2a: Clefable|Flamethrower|p1a: Hatterene\n|-damage|p1a: Hatterene|71/100\n|\n|upkeep\n|turn|4\n|\n|t:|1771244875\n|switch|p2a: Gholdengo|Gholdengo, tera:Steel|100/100\n|move|p1a: Hatterene|Mystical Fire|p2a: Gholdengo\n|-supereffective|p2a: Gholdengo\n|-damage|p2a: Gholdengo|50/100\n|-unboost|p2a: Gholdengo|spa|1\n|\n|upkeep\n|turn|5\n|\n|t:|1771244881\n|switch|p1a: Hydrapple|Hydrapple, F|75/100\n|move|p2a: Gholdengo|Make It Rain|p1a: Hydrapple\n|-damage|p1a: Hydrapple|37/100\n|-unboost|p2a: Gholdengo|spa|1\n|\n|upkeep\n|turn|6\n|\n|t:|1771244891\n|switch|p2a: Clefable|Clefable, F|72/100\n|move|p1a: Hydrapple|Earth Power|p2a: Clefable\n|-damage|p2a: Clefable|39/100\n|\n|upkeep\n|turn|7\n|\n|t:|1771244896\n|move|p2a: Clefable|Moonlight|p2a: Clefable\n|-heal|p2a: Clefable|89/100\n|move|p1a: Hydrapple|Giga Drain|p2a: Clefable\n|-crit|p2a: Clefable\n|-damage|p2a: Clefable|32/100\n|-heal|p1a: Hydrapple|64/100|[from] drain|[of] p2a: Clefable\n|\n|upkeep\n|turn|8\n|\n|t:|1771244901\n|switch|p1a: Ogerpon|Ogerpon-Cornerstone, F|100/100\n|move|p2a: Clefable|Moonlight|p2a: Clefable\n|-heal|p2a: Clefable|82/100\n|\n|upkeep\n|turn|9\n|\n|t:|1771244908\n|switch|p2a: Pecharunt|Pecharunt|100/100\n|move|p1a: Ogerpon|Encore||[still]\n|-fail|p1a: Ogerpon\n|\n|upkeep\n|turn|10\n|\n|t:|1771244917\n|switch|p1a: Hatterene|Hatterene, F|71/100\n|move|p2a: Pecharunt|Parting Shot|p1a: Hatterene\n|move|p1a: Hatterene|Parting Shot|p2a: Pecharunt|[from] ability: Magic Bounce\n|-unboost|p2a: Pecharunt|atk|1\n|-unboost|p2a: Pecharunt|spa|1\n|\n|t:|1771244927\n|switch|p1a: Lokix|Lokix, F|100/100|[from] Parting Shot\n|\n|upkeep\n|turn|11\n|\n|t:|1771244932\n|move|p2a: Pecharunt|Parting Shot|p1a: Lokix\n|-unboost|p1a: Lokix|atk|1\n|-unboost|p1a: Lokix|spa|1\n|\n|t:|1771244946\n|switch|p2a: Ting-Lu|Ting-Lu|100/100|[from] Parting Shot\n|-ability|p2a: Ting-Lu|Vessel of Ruin\n|move|p1a: Lokix|Knock Off|p2a: Ting-Lu\n|-resisted|p2a: Ting-Lu\n|-crit|p2a: Ting-Lu\n|-damage|p2a: Ting-Lu|66/100\n|-enditem|p2a: Ting-Lu|Red Card|[from] move: Knock Off|[of] p1a: Lokix\n|\n|upkeep\n|turn|12\n|j| teagrf\n|l| teagrf\n|\n|t:|1771244961\n|switch|p2a: Gholdengo|Gholdengo, tera:Steel|50/100\n|move|p1a: Lokix|U-turn|p2a: Gholdengo\n|-resisted|p2a: Gholdengo\n|-damage|p2a: Gholdengo|19/100\n|j| Perpignan Huzz\n|\n|t:|1771244968\n|switch|p1a: Hydrapple|Hydrapple, F|97/100|[from] U-turn\n|\n|upkeep\n|turn|13\n|l| Perpignan Huzz\n|\n|t:|1771244972\n|move|p2a: Gholdengo|Trick|p1a: Hydrapple\n|-activate|p2a: Gholdengo|move: Trick|[of] p1a: Hydrapple\n|-item|p1a: Hydrapple|Choice Scarf|[from] move: Trick\n|-item|p2a: Gholdengo|Assault Vest|[from] move: Trick\n|move|p1a: Hydrapple|Earth Power|p2a: Gholdengo\n|-supereffective|p2a: Gholdengo\n|-damage|p2a: Gholdengo|0 fnt\n|faint|p2a: Gholdengo\n|\n|upkeep\n|\n|t:|1771244981\n|switch|p2a: Ting-Lu|Ting-Lu|66/100\n|-ability|p2a: Ting-Lu|Vessel of Ruin\n|turn|14\n|\n|t:|1771244986\n|switch|p1a: Hatterene|Hatterene, F|71/100\n|move|p2a: Ting-Lu|Ruination|p1a: Hatterene\n|-damage|p1a: Hatterene|36/100\n|\n|upkeep\n|turn|15\n|j| Vaitas\n|\n|t:|1771244996\n|switch|p1a: Ogerpon|Ogerpon-Cornerstone, F|100/100\n|switch|p2a: Pecharunt|Pecharunt|100/100\n|\n|upkeep\n|turn|16\n|j| hbgzd\n|\n|t:|1771245009\n|switch|p1a: Hatterene|Hatterene, F|36/100\n|move|p2a: Pecharunt|Malignant Chain|p1a: Hatterene\n|-supereffective|p1a: Hatterene\n|-damage|p1a: Hatterene|0 fnt\n|faint|p1a: Hatterene\n|\n|upkeep\n|\n|t:|1771245012\n|switch|p1a: Great Tusk|Great Tusk|100/100\n|turn|17\n|\n|t:|1771245020\n|move|p2a: Pecharunt|Parting Shot|p1a: Great Tusk\n|-unboost|p1a: Great Tusk|atk|1\n|-unboost|p1a: Great Tusk|spa|1\n|\n|t:|1771245028\n|switch|p2a: Ting-Lu|Ting-Lu|66/100|[from] Parting Shot\n|-ability|p2a: Ting-Lu|Vessel of Ruin\n|move|p1a: Great Tusk|Headlong Rush|p2a: Ting-Lu\n|-damage|p2a: Ting-Lu|44/100\n|-unboost|p1a: Great Tusk|def|1\n|-unboost|p1a: Great Tusk|spd|1\n|\n|upkeep\n|turn|18\n|\n|t:|1771245040\n|move|p1a: Great Tusk|Ice Spinner|p2a: Ting-Lu\n|-supereffective|p2a: Ting-Lu\n|-damage|p2a: Ting-Lu|25/100\n|move|p2a: Ting-Lu|Spikes|p1a: Great Tusk\n|-sidestart|p1: burrolio|Spikes\n|\n|upkeep\n|turn|19\n|\n|t:|1771245046\n|move|p1a: Great Tusk|Stealth Rock|p2a: Ting-Lu\n|-sidestart|p2: Ghoul in PJs|move: Stealth Rock\n|move|p2a: Ting-Lu|Ruination|p1a: Great Tusk\n|-damage|p1a: Great Tusk|51/100\n|\n|upkeep\n|turn|20\n|\n|t:|1771245062\n|move|p1a: Great Tusk|Rapid Spin|p2a: Ting-Lu\n|-damage|p2a: Ting-Lu|18/100\n|-boost|p1a: Great Tusk|spe|1\n|-sideend|p1: burrolio|Spikes|[from] move: Rapid Spin|[of] p1a: Great Tusk\n|move|p2a: Ting-Lu|Whirlwind|p1a: Great Tusk\n|-end|p1a: Great Tusk|Protosynthesis|[silent]\n|drag|p1a: Hydrapple|Hydrapple, F|100/100\n|\n|upkeep\n|turn|21\n|\n|t:|1771245070\n|switch|p2a: Clefable|Clefable, F|82/100\n|move|p1a: Hydrapple|Fickle Beam|p2a: Clefable\n|-immune|p2a: Clefable\n|\n|upkeep\n|turn|22\n|\n|t:|1771245081\n|switch|p1a: Ogerpon|Ogerpon-Cornerstone, F|100/100\n|move|p2a: Clefable|Flamethrower|p1a: Ogerpon\n|-damage|p1a: Ogerpon|62/100\n|\n|upkeep\n|turn|23\n|l| hbgzd\n|\n|t:|1771245090\n|switch|p2a: Ting-Lu|Ting-Lu|18/100\n|-damage|p2a: Ting-Lu|12/100|[from] Stealth Rock\n|-ability|p2a: Ting-Lu|Vessel of Ruin\n|move|p1a: Ogerpon|Ivy Cudgel|p2a: Ting-Lu|[anim] Ivy Cudgel Rock\n|-resisted|p2a: Ting-Lu\n|-damage|p2a: Ting-Lu|0 fnt\n|faint|p2a: Ting-Lu\n|\n|upkeep\n|\n|t:|1771245093\n|switch|p2a: Darkrai|Darkrai|100/100\n|turn|24\n|\n|t:|1771245099\n|move|p2a: Darkrai|Ice Beam|p1a: Ogerpon\n|-supereffective|p1a: Ogerpon\n|-damage|p1a: Ogerpon|0 fnt\n|faint|p1a: Ogerpon\n|\n|upkeep\n|\n|t:|1771245103\n|switch|p1a: Lokix|Lokix, F|100/100\n|turn|25\n|\n|t:|1771245118\n|switch|p2a: Pecharunt|Pecharunt|100/100\n|move|p1a: Lokix|U-turn|p2a: Pecharunt\n|-resisted|p2a: Pecharunt\n|-damage|p2a: Pecharunt|89/100\n|\n|t:|1771245124\n|switch|p1a: Great Tusk|Great Tusk|51/100|[from] U-turn\n|\n|upkeep\n|turn|26\n|\n|t:|1771245131\n|move|p2a: Pecharunt|Parting Shot|p1a: Great Tusk\n|-unboost|p1a: Great Tusk|atk|1\n|-unboost|p1a: Great Tusk|spa|1\n|\n|t:|1771245133\n|switch|p2a: Clefable|Clefable, F|82/100|[from] Parting Shot\n|move|p1a: Great Tusk|Headlong Rush|p2a: Clefable\n|-damage|p2a: Clefable|33/100\n|-unboost|p1a: Great Tusk|def|1\n|-unboost|p1a: Great Tusk|spd|1\n|\n|upkeep\n|turn|27\n|\n|t:|1771245143\n|switch|p2a: Darkrai|Darkrai|100/100\n|move|p1a: Great Tusk|Headlong Rush|p2a: Darkrai\n|-damage|p2a: Darkrai|47/100\n|-unboost|p1a: Great Tusk|def|1\n|-unboost|p1a: Great Tusk|spd|1\n|\n|upkeep\n|turn|28\n|\n|t:|1771245150\n|-end|p1a: Great Tusk|Protosynthesis|[silent]\n|switch|p1a: Lokix|Lokix, F|100/100\n|move|p2a: Darkrai|Ice Beam|p1a: Lokix\n|-damage|p1a: Lokix|34/100\n|\n|upkeep\n|turn|29\n|\n|t:|1771245169\n|move|p1a: Lokix|First Impression|p2a: Darkrai\n|-supereffective|p2a: Darkrai\n|-damage|p2a: Darkrai|0 fnt\n|faint|p2a: Darkrai\n|\n|upkeep\n|\n|t:|1771245174\n|switch|p2a: Pecharunt|Pecharunt|89/100\n|turn|30\n|\n|t:|1771245178\n|move|p1a: Lokix|Sucker Punch||[still]\n|-fail|p1a: Lokix\n|move|p2a: Pecharunt|Parting Shot|p1a: Lokix\n|-unboost|p1a: Lokix|atk|1\n|-unboost|p1a: Lokix|spa|1\n|\n|t:|1771245180\n|switch|p2a: Dragonite|Dragonite, F|100/100|[from] Parting Shot\n|\n|upkeep\n|turn|31\n|\n|t:|1771245187\n|move|p1a: Lokix|U-turn|p2a: Dragonite\n|-resisted|p2a: Dragonite\n|-damage|p2a: Dragonite|84/100\n|\n|t:|1771245189\n|switch|p1a: Great Tusk|Great Tusk|51/100|[from] U-turn\n|move|p2a: Dragonite|Dragon Dance|p2a: Dragonite\n|-boost|p2a: Dragonite|atk|1\n|-boost|p2a: Dragonite|spe|1\n|\n|upkeep\n|turn|32\n|\n|t:|1771245201\n|switch|p2a: Pecharunt|Pecharunt|89/100\n|move|p1a: Great Tusk|Ice Spinner|p2a: Pecharunt\n|-damage|p2a: Pecharunt|73/100\n|\n|upkeep\n|turn|33\n|\n|t:|1771245212\n|move|p2a: Pecharunt|Shadow Ball|p1a: Great Tusk\n|-damage|p1a: Great Tusk|12/100\n|move|p1a: Great Tusk|Headlong Rush|p2a: Pecharunt\n|-supereffective|p2a: Pecharunt\n|-damage|p2a: Pecharunt|3/100\n|-unboost|p1a: Great Tusk|def|1\n|-unboost|p1a: Great Tusk|spd|1\n|\n|upkeep\n|turn|34\n|\n|t:|1771245220\n|move|p2a: Pecharunt|Shadow Ball|p1a: Great Tusk\n|-damage|p1a: Great Tusk|0 fnt\n|faint|p1a: Great Tusk\n|-end|p1a: Great Tusk|Protosynthesis|[silent]\n|\n|upkeep\n|\n|t:|1771245228\n|switch|p1a: Lokix|Lokix, F|34/100\n|turn|35\n|\n|t:|1771245245\n|move|p1a: Lokix|First Impression|p2a: Pecharunt\n|-resisted|p2a: Pecharunt\n|-damage|p2a: Pecharunt|0 fnt\n|faint|p2a: Pecharunt\n|\n|upkeep\n|\n|t:|1771245248\n|switch|p2a: Dragonite|Dragonite, F|84/100\n|turn|36\n|\n|t:|1771245268\n|move|p1a: Lokix|U-turn|p2a: Dragonite\n|-resisted|p2a: Dragonite\n|-damage|p2a: Dragonite|42/100\n|\n|t:|1771245270\n|switch|p1a: Iron Crown|Iron Crown|100/100|[from] U-turn\n|-enditem|p1a: Iron Crown|Booster Energy\n|-activate|p1a: Iron Crown|ability: Quark Drive|[fromitem]\n|-start|p1a: Iron Crown|quarkdrivespe\n|move|p2a: Dragonite|Roost|p2a: Dragonite\n|-heal|p2a: Dragonite|92/100\n|-singleturn|p2a: Dragonite|move: Roost\n|\n|upkeep\n|turn|37\n|\n|t:|1771245288\n|-terastallize|p1a: Iron Crown|Steel\n|move|p1a: Iron Crown|Tachyon Cutter|p2a: Dragonite\n|-damage|p2a: Dragonite|56/100\n|-damage|p2a: Dragonite|23/100\n|-hitcount|p2a: Dragonite|2\n|move|p2a: Dragonite|Earthquake|p1a: Iron Crown\n|-supereffective|p1a: Iron Crown\n|-damage|p1a: Iron Crown|19/100\n|\n|upkeep\n|turn|38\n|\n|t:|1771245304\n|move|p2a: Dragonite|Extreme Speed|p1a: Iron Crown\n|-resisted|p1a: Iron Crown\n|-damage|p1a: Iron Crown|3/100\n|move|p1a: Iron Crown|Tachyon Cutter|p2a: Dragonite\n|-damage|p2a: Dragonite|0 fnt\n|faint|p2a: Dragonite\n|-hitcount|p2: Dragonite|1\n|\n|upkeep\n|\n|t:|1771245308\n|switch|p2a: Clefable|Clefable, F|33/100\n|turn|39\n|\n|t:|1771245311\n|move|p1a: Iron Crown|Tachyon Cutter|p2a: Clefable\n|-supereffective|p2a: Clefable\n|-damage|p2a: Clefable|0 fnt\n|faint|p2a: Clefable\n|-hitcount|p2: Clefable|1\n|\n|win|burrolio\n|raw|burrolio's rating: 1671 &rarr; <strong>1691</strong><br />(+20 for winning)\n|raw|Ghoul in PJs's rating: 1678 &rarr; <strong>1658</strong><br />(-20 for losing)\n|l|☆Ghoul in PJs\n|player|p2|\n|l|☆burrolio\n|player|p1|\n|l| Vaitas\n", "uploadtime": 1771245482, "views": 8, "formatid": "gen9ou", "rating": 1658, "private": 0, "password": null}