{"id": "gen9ou-2540831856", "format": "[Gen 9] OU", "players": ["White Boy SZN", "777Crash"], "log": "|j|☆White Boy SZN\n|j|☆777Crash\n|t:|1771258620\n|gametype|singles\n|player|p1|White Boy SZN|blue-gen7|1536\n|player|p2|777Crash|169|1643\n|gen|9\n|tier|[Gen 9] OU\n|rated|\n|rule|HP Percentage Mod: HP is shown in percentages\n|rule|Endless Battle Clause: Forcing endless battles is banned\n|rule|Species Clause: Limit one of each Pokémon\n|rule|OHKO Clause: OHKO moves are banned\n|rule|Evasion Items Clause: Evasion items are banned\n|rule|Evasion Moves Clause: Evasion moves are banned\n|rule|Evasion Abilities Clause: Evasion abilities are banned\n|rule|Sleep Moves Clause: Sleep-inducing moves are banned\n|clearpoke\n|poke|p1|Keldeo-Resolute|\n|poke|p1|Darkrai|\n|poke|p1|Kingambit, F|\n|poke|p1|Tinkaton, F|\n|poke|p1|Mamoswine, F|\n|poke|p1|Sinistcha|\n|poke|p2|Araquanid, F|\n|poke|p2|Gholdengo|\n|poke|p2|Iron Moth|\n|poke|p2|Iron Valiant|\n|poke|p2|Raging Bolt|\n|poke|p2|Kingambit, F|\n|teampreview\n|\n|t:|1771258658\n|teamsize|p1|6\n|teamsize|p2|6\n|start\n|switch|p1a: Lavender Sunflower|Tinkaton, F|100/100\n|switch|p2a: Araquanid|Araquanid, F|100/100\n|-ability|p1a: Lavender Sunflower|Mold Breaker\n|-item|p1a: Lavender Sunflower|Air Balloon\n|turn|1\n|\n|t:|1771258676\n|move|p1a: Lavender Sunflower|Stealth Rock|p2a: Araquanid\n|-sidestart|p2: 777Crash|move: Stealth Rock\n|move|p2a: Araquanid|Surf|p1a: Lavender Sunflower\n|-damage|p1a: Lavender Sunflower|67/100\n|-enditem|p1a: Lavender Sunflower|Air Balloon\n|\n|upkeep\n|turn|2\n|\n|t:|1771258683\n|move|p1a: Lavender Sunflower|Encore|p2a: Araquanid\n|-start|p2a: Araquanid|Encore\n|move|p2a: Araquanid|Surf|p1a: Lavender Sunflower\n|-damage|p1a: Lavender Sunflower|35/100\n|\n|upkeep\n|turn|3\n|\n|t:|1771258697\n|move|p1a: Lavender Sunflower|Thunder Wave|p2a: Araquanid\n|-status|p2a: Araquanid|par\n|move|p2a: Araquanid|Surf|p1a: Lavender Sunflower\n|-damage|p1a: Lavender Sunflower|5/100\n|\n|upkeep\n|turn|4\n|\n|t:|1771258710\n|switch|p1a: Matcha 🥷🏿|Sinistcha|100/100\n|move|p2a: Araquanid|Surf|p1a: Matcha 🥷🏿\n|-resisted|p1a: Matcha 🥷🏿\n|-damage|p1a: Matcha 🥷🏿|79/100\n|\n|-end|p2a: Araquanid|Encore\n|upkeep\n|turn|5\n|\n|t:|1771258718\n|move|p1a: Matcha 🥷🏿|Calm Mind|p1a: Matcha 🥷🏿\n|-boost|p1a: Matcha 🥷🏿|spa|1\n|-boost|p1a: Matcha 🥷🏿|spd|1\n|move|p2a: Araquanid|Sticky Web|p1a: Matcha 🥷🏿\n|-sidestart|p1: White Boy SZN|move: Sticky Web\n|\n|upkeep\n|turn|6\n|\n|t:|1771258727\n|switch|p2a: Kingambit|Kingambit, F|100/100\n|-damage|p2a: Kingambit|94/100|[from] Stealth Rock\n|-item|p2a: Kingambit|Air Balloon\n|move|p1a: Matcha 🥷🏿|Calm Mind|p1a: Matcha 🥷🏿\n|-boost|p1a: Matcha 🥷🏿|spa|1\n|-boost|p1a: Matcha 🥷🏿|spd|1\n|\n|upkeep\n|turn|7\n|\n|t:|1771258737\n|move|p2a: Kingambit|Kowtow Cleave|p1a: Matcha 🥷🏿\n|-supereffective|p1a: Matcha 🥷🏿\n|-damage|p1a: Matcha 🥷🏿|7/100\n|move|p1a: Matcha 🥷🏿|Matcha Gotcha|p2a: Kingambit\n|-resisted|p2a: Kingambit\n|-damage|p2a: Kingambit|56/100\n|-heal|p1a: Matcha 🥷🏿|26/100|[from] drain|[of] p2a: Kingambit\n|-enditem|p2a: Kingambit|Air Balloon\n|\n|upkeep\n|turn|8\n|\n|t:|1771258751\n|switch|p1a: Flawlëss|Keldeo-Resolute|100/100\n|move|p2a: Kingambit|Kowtow Cleave|p1a: Flawlëss\n|-resisted|p1a: Flawlëss\n|-damage|p1a: Flawlëss|75/100\n|-ability|p1a: Flawlëss|Justified|boost\n|-boost|p1a: Flawlëss|atk|1\n|\n|upkeep\n|turn|9\n|\n|t:|1771258765\n|-end|p2a: Kingambit|fallenundefined|[silent]\n|switch|p2a: Araquanid|Araquanid, F|100/100 par\n|-damage|p2a: Araquanid|75/100 par|[from] Stealth Rock\n|move|p1a: Flawlëss|Flip Turn|p2a: Araquanid\n|-resisted|p2a: Araquanid\n|-damage|p2a: Araquanid|65/100 par\n|\n|t:|1771258797\n|switch|p1a: Armed & Dangerous|Kingambit, F|100/100|[from] Flip Turn\n|-activate|p1a: Armed & Dangerous|move: Sticky Web\n|-unboost|p1a: Armed & Dangerous|spe|1\n|\n|upkeep\n|turn|10\n|\n|t:|1771258828\n|move|p1a: Armed & Dangerous|Kowtow Cleave|p2a: Araquanid\n|-damage|p2a: Araquanid|22/100 par\n|move|p2a: Araquanid|Lunge|p1a: Armed & Dangerous\n|-damage|p1a: Armed & Dangerous|84/100\n|-unboost|p1a: Armed & Dangerous|atk|1\n|\n|-heal|p1a: Armed & Dangerous|91/100|[from] item: Leftovers\n|upkeep\n|turn|11\n|-enditem|p2a: Araquanid|Custap Berry|[eat]\n|-activate|p2a: Araquanid|item: Custap Berry|[consumed]\n|\n|t:|1771258838\n|cant|p2a: Araquanid|par\n|move|p1a: Armed & Dangerous|Kowtow Cleave|p2a: Araquanid\n|-damage|p2a: Araquanid|0 fnt\n|faint|p2a: Araquanid\n|\n|-heal|p1a: Armed & Dangerous|97/100|[from] item: Leftovers\n|upkeep\n|\n|t:|1771258849\n|switch|p2a: Iron Moth|Iron Moth|100/100\n|-damage|p2a: Iron Moth|76/100|[from] Stealth Rock\n|-enditem|p2a: Iron Moth|Booster Energy\n|-activate|p2a: Iron Moth|ability: Quark Drive|[fromitem]\n|-start|p2a: Iron Moth|quarkdrivespa\n|turn|12\n|\n|t:|1771258861\n|-end|p1a: Armed & Dangerous|fallenundefined|[silent]\n|switch|p1a: Lavender Sunflower|Tinkaton, F|5/100\n|-activate|p1a: Lavender Sunflower|move: Sticky Web\n|-unboost|p1a: Lavender Sunflower|spe|1\n|-ability|p1a: Lavender Sunflower|Mold Breaker\n|move|p2a: Iron Moth|Fiery Dance|p1a: Lavender Sunflower\n|-supereffective|p1a: Lavender Sunflower\n|-damage|p1a: Lavender Sunflower|0 fnt\n|-boost|p2a: Iron Moth|spa|1\n|faint|p1a: Lavender Sunflower\n|\n|upkeep\n|\n|t:|1771258888\n|switch|p1a: P.I.M.P.|Mamoswine, F|100/100\n|-activate|p1a: P.I.M.P.|move: Sticky Web\n|-unboost|p1a: P.I.M.P.|spe|1\n|turn|13\n|\n|t:|1771258900\n|move|p2a: Iron Moth|Fiery Dance|p1a: P.I.M.P.\n|-supereffective|p1a: P.I.M.P.\n|-damage|p1a: P.I.M.P.|18/100\n|move|p1a: P.I.M.P.|Earthquake|p2a: Iron Moth\n|-supereffective|p2a: Iron Moth\n|-damage|p2a: Iron Moth|0 fnt\n|faint|p2a: Iron Moth\n|-end|p2a: Iron Moth|Quark Drive|[silent]\n|\n|upkeep\n|\n|t:|1771258927\n|switch|p2a: Gholdengo|Gholdengo|100/100\n|-damage|p2a: Gholdengo|94/100|[from] Stealth Rock\n|-item|p2a: Gholdengo|Air Balloon\n|turn|14\n|\n|t:|1771258940\n|switch|p1a: Matcha 🥷🏿|Sinistcha|26/100\n|move|p2a: Gholdengo|Nasty Plot|p2a: Gholdengo\n|-boost|p2a: Gholdengo|spa|2\n|\n|upkeep\n|turn|15\n|\n|t:|1771258947\n|move|p2a: Gholdengo|Shadow Ball|p1a: Matcha 🥷🏿\n|-supereffective|p1a: Matcha 🥷🏿\n|-damage|p1a: Matcha 🥷🏿|0 fnt\n|faint|p1a: Matcha 🥷🏿\n|\n|upkeep\n|\n|t:|1771258959\n|switch|p1a: IDGAF|Darkrai|100/100\n|-activate|p1a: IDGAF|move: Sticky Web\n|-unboost|p1a: IDGAF|spe|1\n|turn|16\n|\n|t:|1771258966\n|move|p1a: IDGAF|Dark Pulse|p2a: Gholdengo\n|-supereffective|p2a: Gholdengo\n|-damage|p2a: Gholdengo|0 fnt\n|-enditem|p2a: Gholdengo|Air Balloon\n|faint|p2a: Gholdengo\n|\n|upkeep\n|\n|t:|1771258982\n|switch|p2a: Raging Bolt|Raging Bolt|100/100\n|-damage|p2a: Raging Bolt|88/100|[from] Stealth Rock\n|-enditem|p2a: Raging Bolt|Booster Energy\n|-activate|p2a: Raging Bolt|ability: Protosynthesis|[fromitem]\n|-start|p2a: Raging Bolt|protosynthesisspa\n|turn|17\n|\n|t:|1771258992\n|-terastallize|p2a: Raging Bolt|Ghost\n|move|p1a: IDGAF|Dark Pulse|p2a: Raging Bolt\n|-supereffective|p2a: Raging Bolt\n|-damage|p2a: Raging Bolt|5/100\n|move|p2a: Raging Bolt|Thunderbolt|p1a: IDGAF\n|-damage|p1a: IDGAF|10/100\n|\n|upkeep\n|turn|18\n|\n|t:|1771259006\n|switch|p1a: Armed & Dangerous|Kingambit, F|97/100\n|-activate|p1a: Armed & Dangerous|move: Sticky Web\n|-unboost|p1a: Armed & Dangerous|spe|1\n|-activate|p1a: Armed & Dangerous|ability: Supreme Overlord\n|-start|p1a: Armed & Dangerous|fallen2|[silent]\n|move|p2a: Raging Bolt|Thunderclap||[still]\n|-fail|p2a: Raging Bolt\n|\n|-heal|p1a: Armed & Dangerous|100/100|[from] item: Leftovers\n|upkeep\n|turn|19\n|\n|t:|1771259021\n|move|p2a: Raging Bolt|Thunderclap|p1a: Armed & Dangerous\n|-damage|p1a: Armed & Dangerous|42/100\n|move|p1a: Armed & Dangerous|Iron Head|p2a: Raging Bolt\n|-damage|p2a: Raging Bolt|0 fnt\n|faint|p2a: Raging Bolt\n|-end|p2a: Raging Bolt|Protosynthesis|[silent]\n|\n|-heal|p1a: Armed & Dangerous|48/100|[from] item: Leftovers\n|upkeep\n|\n|t:|1771259032\n|switch|p2a: Iron Valiant|Iron Valiant|100/100\n|-damage|p2a: Iron Valiant|94/100|[from] Stealth Rock\n|-enditem|p2a: Iron Valiant|Booster Energy\n|-activate|p2a: Iron Valiant|ability: Quark Drive|[fromitem]\n|-start|p2a: Iron Valiant|quarkdrivespa\n|turn|20\n|\n|t:|1771259038\n|move|p2a: Iron Valiant|Vacuum Wave|p1a: Armed & Dangerous\n|-supereffective|p1a: Armed & Dangerous\n|-damage|p1a: Armed & Dangerous|0 fnt\n|faint|p1a: Armed & Dangerous\n|-end|p1a: Armed & Dangerous|fallen2|[silent]\n|\n|upkeep\n|\n|t:|1771259047\n|switch|p1a: IDGAF|Darkrai|10/100\n|-activate|p1a: IDGAF|move: Sticky Web\n|-unboost|p1a: IDGAF|spe|1\n|turn|21\n|\n|t:|1771259051\n|move|p2a: Iron Valiant|Vacuum Wave|p1a: IDGAF\n|-supereffective|p1a: IDGAF\n|-crit|p1a: IDGAF\n|-damage|p1a: IDGAF|0 fnt\n|faint|p1a: IDGAF\n|\n|upkeep\n|\n|t:|1771259064\n|switch|p1a: Flawlëss|Keldeo-Resolute|75/100\n|turn|22\n|inactive|Battle timer is ON: inactive players will automatically lose when time's up. (requested by 777Crash)\n|\n|t:|1771259097\n|-terastallize|p1a: Flawlëss|Water\n|move|p2a: Iron Valiant|Moonblast|p1a: Flawlëss\n|-damage|p1a: Flawlëss|4/100\n|-unboost|p1a: Flawlëss|spa|1\n|move|p1a: Flawlëss|Surf|p2a: Iron Valiant\n|-damage|p2a: Iron Valiant|16/100\n|\n|upkeep\n|turn|23\n|\n|t:|1771259109\n|move|p2a: Iron Valiant|Vacuum Wave|p1a: Flawlëss\n|-damage|p1a: Flawlëss|0 fnt\n|faint|p1a: Flawlëss\n|\n|upkeep\n|-message|White Boy SZN forfeited.\n|\n|win|777Crash\n|raw|White Boy SZN's rating: 1536 &rarr; <strong>1522</strong><br />(-14 for losing)\n|raw|777Crash's rating: 1643 &rarr; <strong>1657</strong><br />(+14 for winning)\n|l|☆White Boy SZN\n|player|p1|\n|l|☆777Crash\n|player|p2|\n", "uploadtime": 1771259307, "views": 5, "formatid": "gen9ou", "rating": 1522, "private": 0, "password": null}