{"id": "gen9ou-2540946018", "format": "[Gen 9] OU", "players": ["Kingkaz101", "dracula drip"], "log": "|j|‽Kingkaz101\n|j|☆dracula drip\n|t:|1771269713\n|gametype|singles\n|player|p1|Kingkaz101|101|1539\n|player|p2|dracula drip|iris-gen5bw2|1610\n|gen|9\n|tier|[Gen 9] OU\n|rated|\n|rule|HP Percentage Mod: HP is shown in percentages\n|rule|Endless Battle Clause: Forcing endless battles is banned\n|rule|Species Clause: Limit one of each Pokémon\n|rule|OHKO Clause: OHKO moves are banned\n|rule|Evasion Items Clause: Evasion items are banned\n|rule|Evasion Moves Clause: Evasion moves are banned\n|rule|Evasion Abilities Clause: Evasion abilities are banned\n|rule|Sleep Moves Clause: Sleep-inducing moves are banned\n|clearpoke\n|poke|p1|Garchomp, F|\n|poke|p1|Dragonite, F|\n|poke|p1|Goodra-Hisui, M|\n|poke|p1|Hydrapple, M|\n|poke|p1|Cyclizar, F|\n|poke|p1|Dragapult, F|\n|poke|p2|Goodra-Hisui, F|\n|poke|p2|Pelipper, F|\n|poke|p2|Iron Treads|\n|poke|p2|Barraskewda, F|\n|poke|p2|Kingdra, M|\n|poke|p2|Iron Valiant|\n|teampreview\n|inactive|Battle timer is ON: inactive players will automatically lose when time's up. (requested by dracula drip)\n|inactive|Kingkaz101 has 120 seconds left.\n|\n|t:|1771269750\n|teamsize|p1|6\n|teamsize|p2|6\n|start\n|switch|p1a: Cyclizar|Cyclizar, F|100/100\n|switch|p2a: Pelipper|Pelipper, F|100/100\n|-weather|RainDance|[from] ability: Drizzle|[of] p2a: Pelipper\n|turn|1\n|\n|t:|1771269755\n|switch|p2a: Iron Treads|Iron Treads|100/100\n|-enditem|p2a: Iron Treads|Booster Energy\n|-activate|p2a: Iron Treads|ability: Quark Drive|[fromitem]\n|-start|p2a: Iron Treads|quarkdrivespe\n|move|p1a: Cyclizar|Knock Off|p2a: Iron Treads\n|-damage|p2a: Iron Treads|89/100\n|\n|-weather|RainDance|[upkeep]\n|upkeep\n|turn|2\n|\n|t:|1771269771\n|move|p2a: Iron Treads|Stealth Rock|p1a: Cyclizar\n|-sidestart|p1: Kingkaz101|move: Stealth Rock\n|move|p1a: Cyclizar|U-turn|p2a: Iron Treads\n|-resisted|p2a: Iron Treads\n|-damage|p2a: Iron Treads|83/100\n|\n|t:|1771269777\n|switch|p1a: Garchomp|Garchomp, F|100/100|[from] U-turn\n|-damage|p1a: Garchomp|94/100|[from] Stealth Rock\n|\n|-weather|RainDance|[upkeep]\n|-heal|p1a: Garchomp|100/100|[from] item: Leftovers\n|upkeep\n|turn|3\n|\n|t:|1771269782\n|move|p2a: Iron Treads|Earthquake|p1a: Garchomp\n|-damage|p1a: Garchomp|75/100\n|move|p1a: Garchomp|Scorching Sands|p2a: Iron Treads\n|-supereffective|p2a: Iron Treads\n|-damage|p2a: Iron Treads|32/100\n|\n|-weather|RainDance|[upkeep]\n|-heal|p1a: Garchomp|81/100|[from] item: Leftovers\n|upkeep\n|turn|4\n|\n|t:|1771269800\n|move|p2a: Iron Treads|Earthquake|p1a: Garchomp\n|-damage|p1a: Garchomp|54/100\n|move|p1a: Garchomp|Scorching Sands|p2a: Iron Treads\n|-supereffective|p2a: Iron Treads\n|-damage|p2a: Iron Treads|0 fnt\n|faint|p2a: Iron Treads\n|-end|p2a: Iron Treads|Quark Drive|[silent]\n|\n|-weather|RainDance|[upkeep]\n|-heal|p1a: Garchomp|60/100|[from] item: Leftovers\n|upkeep\n|\n|t:|1771269803\n|switch|p2a: Kingdra|Kingdra, M|100/100\n|turn|5\n|\n|t:|1771269807\n|switch|p1a: Goodra|Goodra-Hisui, M|100/100\n|-damage|p1a: Goodra|94/100|[from] Stealth Rock\n|move|p2a: Kingdra|Draco Meteor|p1a: Goodra\n|-damage|p1a: Goodra|56/100\n|-unboost|p2a: Kingdra|spa|2\n|\n|-weather|RainDance|[upkeep]\n|upkeep\n|turn|6\n|\n|t:|1771269816\n|switch|p2a: Goodra|Goodra-Hisui, F|100/100\n|move|p1a: Goodra|Draco Meteor|p2a: Goodra|[miss]\n|-miss|p1a: Goodra|p2a: Goodra\n|\n|-weather|RainDance|[upkeep]\n|upkeep\n|turn|7\n|\n|t:|1771269831\n|switch|p1a: Cyclizar|Cyclizar, F|100/100\n|move|p2a: Goodra|Knock Off|p1a: Cyclizar\n|-damage|p1a: Cyclizar|61/100\n|-enditem|p1a: Cyclizar|Heavy-Duty Boots|[from] move: Knock Off|[of] p2a: Goodra\n|\n|-weather|RainDance|[upkeep]\n|upkeep\n|turn|8\n|\n|t:|1771269844\n|move|p1a: Cyclizar|Knock Off|p2a: Goodra\n|-damage|p2a: Goodra|80/100\n|-enditem|p2a: Goodra|Assault Vest|[from] move: Knock Off|[of] p1a: Cyclizar\n|move|p2a: Goodra|Draco Meteor|p1a: Cyclizar\n|-supereffective|p1a: Cyclizar\n|-damage|p1a: Cyclizar|0 fnt\n|-unboost|p2a: Goodra|spa|2\n|faint|p1a: Cyclizar\n|\n|-weather|none\n|upkeep\n|\n|t:|1771269861\n|switch|p1a: Garchomp|Garchomp, F|60/100\n|-damage|p1a: Garchomp|54/100|[from] Stealth Rock\n|turn|9\n|\n|t:|1771269863\n|switch|p2a: Pelipper|Pelipper, F|100/100\n|-weather|RainDance|[from] ability: Drizzle|[of] p2a: Pelipper\n|move|p1a: Garchomp|Scorching Sands|p2a: Pelipper\n|-immune|p2a: Pelipper\n|\n|-weather|RainDance|[upkeep]\n|-heal|p1a: Garchomp|60/100|[from] item: Leftovers\n|upkeep\n|turn|10\n|\n|t:|1771269870\n|move|p1a: Garchomp|Stealth Rock|p2a: Pelipper\n|-sidestart|p2: dracula drip|move: Stealth Rock\n|move|p2a: Pelipper|U-turn|p1a: Garchomp\n|-damage|p1a: Garchomp|54/100\n|-damage|p2a: Pelipper|88/100|[from] ability: Rough Skin|[of] p1a: Garchomp\n|\n|t:|1771269873\n|switch|p2a: Kingdra|Kingdra, M|100/100|[from] U-turn\n|-damage|p2a: Kingdra|88/100|[from] Stealth Rock\n|\n|-weather|RainDance|[upkeep]\n|-heal|p1a: Garchomp|60/100|[from] item: Leftovers\n|upkeep\n|turn|11\n|\n|t:|1771269876\n|move|p2a: Kingdra|Dragon Pulse|p1a: Garchomp\n|-supereffective|p1a: Garchomp\n|-damage|p1a: Garchomp|0 fnt\n|faint|p1a: Garchomp\n|\n|-weather|RainDance|[upkeep]\n|upkeep\n|\n|t:|1771269885\n|switch|p1a: Dragonite|Dragonite, F|100/100\n|turn|12\n|\n|t:|1771269891\n|-terastallize|p1a: Dragonite|Normal\n|move|p2a: Kingdra|Dragon Pulse|p1a: Dragonite\n|-damage|p1a: Dragonite|77/100\n|move|p1a: Dragonite|Dragon Dance|p1a: Dragonite\n|-boost|p1a: Dragonite|atk|1\n|-boost|p1a: Dragonite|spe|1\n|\n|-weather|RainDance|[upkeep]\n|upkeep\n|turn|13\n|\n|t:|1771269903\n|move|p2a: Kingdra|Dragon Pulse|p1a: Dragonite\n|-damage|p1a: Dragonite|30/100\n|move|p1a: Dragonite|Dragon Dance|p1a: Dragonite\n|-boost|p1a: Dragonite|atk|1\n|-boost|p1a: Dragonite|spe|1\n|\n|-weather|RainDance|[upkeep]\n|upkeep\n|turn|14\n|\n|t:|1771269908\n|move|p1a: Dragonite|Extreme Speed|p2a: Kingdra\n|-damage|p2a: Kingdra|0 fnt\n|faint|p2a: Kingdra\n|\n|-weather|RainDance|[upkeep]\n|upkeep\n|\n|t:|1771269912\n|switch|p2a: Iron Valiant|Iron Valiant|100/100\n|-damage|p2a: Iron Valiant|94/100|[from] Stealth Rock\n|-enditem|p2a: Iron Valiant|Booster Energy\n|-activate|p2a: Iron Valiant|ability: Quark Drive|[fromitem]\n|-start|p2a: Iron Valiant|quarkdrivespe\n|turn|15\n|\n|t:|1771269916\n|-terastallize|p2a: Iron Valiant|Ghost\n|move|p1a: Dragonite|Extreme Speed|p2a: Iron Valiant\n|-immune|p2a: Iron Valiant\n|move|p2a: Iron Valiant|Moonblast|p1a: Dragonite\n|-damage|p1a: Dragonite|0 fnt\n|faint|p1a: Dragonite\n|\n|-weather|RainDance|[upkeep]\n|upkeep\n|\n|t:|1771269921\n|switch|p1a: Goodra|Goodra-Hisui, M|56/100\n|-damage|p1a: Goodra|50/100|[from] Stealth Rock\n|turn|16\n|\n|t:|1771269924\n|move|p2a: Iron Valiant|Close Combat|p1a: Goodra\n|-supereffective|p1a: Goodra\n|-damage|p1a: Goodra|0 fnt\n|-unboost|p2a: Iron Valiant|def|1\n|-unboost|p2a: Iron Valiant|spd|1\n|faint|p1a: Goodra\n|\n|-weather|none\n|upkeep\n|\n|t:|1771269927\n|switch|p1a: Hydrapple|Hydrapple, M|100/100\n|-damage|p1a: Hydrapple|88/100|[from] Stealth Rock\n|turn|17\n|\n|t:|1771269933\n|move|p2a: Iron Valiant|Moonblast|p1a: Hydrapple\n|-supereffective|p1a: Hydrapple\n|-damage|p1a: Hydrapple|10/100\n|move|p1a: Hydrapple|Giga Drain|p2a: Iron Valiant\n|-damage|p2a: Iron Valiant|0 fnt\n|-heal|p1a: Hydrapple|42/100|[from] drain|[of] p2a: Iron Valiant\n|faint|p2a: Iron Valiant\n|-end|p2a: Iron Valiant|Quark Drive|[silent]\n|-damage|p1a: Hydrapple|32/100|[from] item: Life Orb\n|\n|upkeep\n|\n|t:|1771269939\n|switch|p2a: Goodra|Goodra-Hisui, F|80/100\n|-damage|p2a: Goodra|74/100|[from] Stealth Rock\n|turn|18\n|\n|t:|1771269942\n|move|p2a: Goodra|Flash Cannon|p1a: Hydrapple\n|-damage|p1a: Hydrapple|2/100\n|move|p1a: Hydrapple|Earth Power|p2a: Goodra\n|-supereffective|p2a: Goodra\n|-damage|p2a: Goodra|39/100\n|-damage|p1a: Hydrapple|0 fnt|[from] item: Life Orb\n|faint|p1a: Hydrapple\n|\n|upkeep\n|\n|t:|1771269945\n|switch|p1a: Dragapult|Dragapult, F|100/100\n|-damage|p1a: Dragapult|88/100|[from] Stealth Rock\n|turn|19\n|\n|t:|1771269947\n|move|p1a: Dragapult|Dragon Darts|p2a: Goodra\n|-damage|p2a: Goodra|4/100\n|-anim|p1a: Dragapult|Dragon Darts|p2a: Goodra\n|-damage|p2a: Goodra|0 fnt\n|faint|p2a: Goodra\n|\n|upkeep\n|\n|t:|1771269949\n|switch|p2a: Pelipper|Pelipper, F|88/100\n|-damage|p2a: Pelipper|63/100|[from] Stealth Rock\n|-weather|RainDance|[from] ability: Drizzle|[of] p2a: Pelipper\n|turn|20\n|\n|t:|1771269951\n|move|p1a: Dragapult|Dragon Darts|p2a: Pelipper\n|-damage|p2a: Pelipper|37/100\n|-anim|p1a: Dragapult|Dragon Darts|p2a: Pelipper\n|-damage|p2a: Pelipper|6/100\n|move|p2a: Pelipper|Hurricane|p1a: Dragapult\n|-damage|p1a: Dragapult|41/100\n|-start|p1a: Dragapult|confusion\n|\n|-weather|RainDance|[upkeep]\n|upkeep\n|turn|21\n|\n|t:|1771269957\n|-activate|p1a: Dragapult|confusion\n|move|p1a: Dragapult|Dragon Darts|p2a: Pelipper\n|-damage|p2a: Pelipper|0 fnt\n|faint|p2a: Pelipper\n|\n|-weather|RainDance|[upkeep]\n|upkeep\n|\n|t:|1771269958\n|switch|p2a: Barraskewda|Barraskewda, F|100/100\n|-damage|p2a: Barraskewda|88/100|[from] Stealth Rock\n|turn|22\n|\n|t:|1771269960\n|move|p2a: Barraskewda|Liquidation|p1a: Dragapult\n|-resisted|p1a: Dragapult\n|-crit|p1a: Dragapult\n|-damage|p1a: Dragapult|0 fnt\n|faint|p1a: Dragapult\n|\n|win|dracula drip\n|raw|Kingkaz101's rating: 1539 &rarr; <strong>1523</strong><br />(-16 for losing)\n|raw|dracula drip's rating: 1610 &rarr; <strong>1626</strong><br />(+16 for winning)\n|j| Samurajen\n|l|☆dracula drip\n|player|p2|\n|l|‽Kingkaz101\n|player|p1|\n", "uploadtime": 1771270158, "views": 2, "formatid": "gen9ou", "rating": 1523, "private": 0, "password": null}