{"id": "gen9ou-2639992997", "format": "[Gen 9] OU", "players": ["fachkus", "LowEL0God"], "log": "|j|☆fachkus\n|j|☆LowEL0God\n|t:|1782559949\n|gametype|singles\n|player|p1|fachkus|102|1613\n|player|p2|LowEL0God|2|1670\n|gen|9\n|tier|[Gen 9] OU\n|rated|\n|rule|HP Percentage Mod: HP is shown in percentages\n|rule|Endless Battle Clause: Forcing endless battles is banned\n|rule|Species Clause: Limit one of each Pokémon\n|rule|OHKO Clause: OHKO moves are banned\n|rule|Evasion Items Clause: Evasion items are banned\n|rule|Evasion Moves Clause: Evasion moves are banned\n|rule|Evasion Abilities Clause: Evasion abilities are banned\n|rule|Sleep Moves Clause: Sleep-inducing moves are banned\n|clearpoke\n|poke|p1|Iron Moth|\n|poke|p1|Gliscor, F|\n|poke|p1|Hatterene, F|\n|poke|p1|Ogerpon-Wellspring, F|\n|poke|p1|Raging Bolt|\n|poke|p1|Zamazenta-*|\n|poke|p2|Pelipper, F|\n|poke|p2|Torkoal, M|\n|poke|p2|Walking Wake|\n|poke|p2|Tyranitar, M|\n|poke|p2|Excadrill, M|\n|poke|p2|Ogerpon-Wellspring, F|\n|teampreview\n|inactive|Battle timer is ON: inactive players will automatically lose when time's up. (requested by LowEL0God)\n|\n|t:|1782559960\n|teamsize|p1|6\n|teamsize|p2|6\n|start\n|switch|p1a: Zamazenta|Zamazenta|100/100\n|switch|p2a: Hurricane Spam|Pelipper, F, shiny|100/100\n|-ability|p1a: Zamazenta|Dauntless Shield|boost\n|-boost|p1a: Zamazenta|def|1\n|-weather|RainDance|[from] ability: Drizzle|[of] p2a: Hurricane Spam\n|turn|1\n|inactive|fachkus also wants the timer to be on.\n|\n|t:|1782559969\n|move|p1a: Zamazenta|Light Screen|p1a: Zamazenta\n|-sidestart|p1: fachkus|move: Light Screen\n|move|p2a: Hurricane Spam|Hurricane|p1a: Zamazenta\n|-supereffective|p1a: Zamazenta\n|-damage|p1a: Zamazenta|38/100\n|\n|-weather|RainDance|[upkeep]\n|upkeep\n|turn|2\n|\n|t:|1782559981\n|move|p1a: Zamazenta|Reflect|p1a: Zamazenta\n|-sidestart|p1: fachkus|Reflect\n|move|p2a: Hurricane Spam|Hurricane|p1a: Zamazenta\n|-supereffective|p1a: Zamazenta\n|-damage|p1a: Zamazenta|0 fnt\n|faint|p1a: Zamazenta\n|\n|-weather|RainDance|[upkeep]\n|upkeep\n|\n|t:|1782559990\n|switch|p1a: Gliscor|Gliscor, F|100/100\n|turn|3\n|\n|t:|1782559999\n|move|p1a: Gliscor|Swords Dance|p1a: Gliscor\n|-boost|p1a: Gliscor|atk|2\n|move|p2a: Hurricane Spam|Hurricane|p1a: Gliscor\n|-damage|p1a: Gliscor|57/100\n|-start|p1a: Gliscor|confusion\n|\n|-weather|RainDance|[upkeep]\n|-status|p1a: Gliscor|tox|[from] item: Toxic Orb\n|upkeep\n|turn|4\n|\n|t:|1782560008\n|-activate|p1a: Gliscor|confusion\n|move|p1a: Gliscor|Facade|p2a: Hurricane Spam\n|-damage|p2a: Hurricane Spam|16/100\n|move|p2a: Hurricane Spam|Hurricane|p1a: Gliscor\n|-damage|p1a: Gliscor|9/100 tox\n|\n|-weather|RainDance|[upkeep]\n|-heal|p1a: Gliscor|22/100 tox|[from] ability: Poison Heal\n|upkeep\n|turn|5\n|\n|t:|1782560017\n|-activate|p1a: Gliscor|confusion\n|move|p1a: Gliscor|Facade|p2a: Hurricane Spam\n|-damage|p2a: Hurricane Spam|0 fnt\n|faint|p2a: Hurricane Spam\n|\n|-weather|none\n|-heal|p1a: Gliscor|34/100 tox|[from] ability: Poison Heal\n|upkeep\n|\n|t:|1782560017\n|switch|p2a: Walking Wake|Walking Wake|100/100\n|turn|6\n|\n|t:|1782560026\n|switch|p1a: Hatterene|Hatterene, F|100/100\n|move|p2a: Walking Wake|Dragon Pulse|p1a: Hatterene\n|-immune|p1a: Hatterene\n|\n|upkeep\n|turn|7\n|\n|t:|1782560035\n|move|p2a: Walking Wake|Dragon Pulse|p1a: Hatterene\n|-immune|p1a: Hatterene\n|move|p1a: Hatterene|Calm Mind|p1a: Hatterene\n|-boost|p1a: Hatterene|spa|1\n|-boost|p1a: Hatterene|spd|1\n|\n|upkeep\n|turn|8\n|\n|t:|1782560044\n|-end|p2a: Walking Wake|Protosynthesis|[silent]\n|switch|p2a: No Hazards for You|Excadrill, M, shiny|100/100\n|move|p1a: Hatterene|Calm Mind|p1a: Hatterene\n|-boost|p1a: Hatterene|spa|1\n|-boost|p1a: Hatterene|spd|1\n|\n|-sideend|p1: fachkus|move: Light Screen\n|upkeep\n|turn|9\n|\n|t:|1782560053\n|move|p2a: No Hazards for You|Iron Head|p1a: Hatterene\n|-supereffective|p1a: Hatterene\n|-damage|p1a: Hatterene|36/100\n|cant|p1a: Hatterene|flinch\n|\n|-heal|p1a: Hatterene|42/100|[from] item: Leftovers\n|-sideend|p1: fachkus|Reflect\n|upkeep\n|turn|10\n|\n|t:|1782560065\n|-terastallize|p1a: Hatterene|Water\n|move|p2a: No Hazards for You|Iron Head|p1a: Hatterene\n|-resisted|p1a: Hatterene\n|-damage|p1a: Hatterene|10/100\n|move|p1a: Hatterene|Draining Kiss|p2a: No Hazards for You\n|-resisted|p2a: No Hazards for You\n|-damage|p2a: No Hazards for You|73/100\n|-heal|p1a: Hatterene|33/100|[from] drain|[of] p2a: No Hazards for You\n|\n|-heal|p1a: Hatterene|39/100|[from] item: Leftovers\n|upkeep\n|turn|11\n|\n|t:|1782560074\n|move|p2a: No Hazards for You|Iron Head|p1a: Hatterene\n|-resisted|p1a: Hatterene\n|-damage|p1a: Hatterene|11/100\n|move|p1a: Hatterene|Draining Kiss|p2a: No Hazards for You\n|-resisted|p2a: No Hazards for You\n|-damage|p2a: No Hazards for You|43/100\n|-heal|p1a: Hatterene|36/100|[from] drain|[of] p2a: No Hazards for You\n|\n|-heal|p1a: Hatterene|42/100|[from] item: Leftovers\n|upkeep\n|turn|12\n|\n|t:|1782560083\n|move|p2a: No Hazards for You|Iron Head|p1a: Hatterene\n|-resisted|p1a: Hatterene\n|-damage|p1a: Hatterene|10/100\n|move|p1a: Hatterene|Draining Kiss|p2a: No Hazards for You\n|-resisted|p2a: No Hazards for You\n|-damage|p2a: No Hazards for You|13/100\n|-heal|p1a: Hatterene|36/100|[from] drain|[of] p2a: No Hazards for You\n|\n|-heal|p1a: Hatterene|42/100|[from] item: Leftovers\n|upkeep\n|turn|13\n|\n|t:|1782560092\n|move|p2a: No Hazards for You|Iron Head|p1a: Hatterene\n|-resisted|p1a: Hatterene\n|-damage|p1a: Hatterene|13/100\n|move|p1a: Hatterene|Draining Kiss|p2a: No Hazards for You\n|-resisted|p2a: No Hazards for You\n|-damage|p2a: No Hazards for You|0 fnt\n|-heal|p1a: Hatterene|24/100|[from] drain|[of] p2a: No Hazards for You\n|faint|p2a: No Hazards for You\n|\n|-heal|p1a: Hatterene|30/100|[from] item: Leftovers\n|upkeep\n|\n|t:|1782560094\n|switch|p2a: Ogerpon|Ogerpon-Wellspring, F|100/100\n|turn|14\n|\n|t:|1782560103\n|move|p2a: Ogerpon|Horn Leech|p1a: Hatterene\n|-supereffective|p1a: Hatterene\n|-damage|p1a: Hatterene|0 fnt\n|faint|p1a: Hatterene\n|\n|upkeep\n|j| 0us\n|\n|t:|1782560112\n|switch|p1a: Raging Bolt|Raging Bolt|100/100\n|-enditem|p1a: Raging Bolt|Booster Energy\n|-activate|p1a: Raging Bolt|ability: Protosynthesis|[fromitem]\n|-start|p1a: Raging Bolt|protosynthesisspa\n|turn|15\n|\n|t:|1782560121\n|switch|p2a: No Lando Plz|Tyranitar, M, shiny|100/100\n|-weather|Sandstorm|[from] ability: Sand Stream|[of] p2a: No Lando Plz\n|move|p1a: Raging Bolt|Thunderbolt|p2a: No Lando Plz\n|-damage|p2a: No Lando Plz|74/100\n|\n|-weather|Sandstorm|[upkeep]\n|-damage|p1a: Raging Bolt|94/100|[from] Sandstorm\n|upkeep\n|turn|16\n|\n|t:|1782560133\n|move|p1a: Raging Bolt|Calm Mind|p1a: Raging Bolt\n|-boost|p1a: Raging Bolt|spa|1\n|-boost|p1a: Raging Bolt|spd|1\n|move|p2a: No Lando Plz|Ice Beam|p1a: Raging Bolt\n|-supereffective|p1a: Raging Bolt\n|-damage|p1a: Raging Bolt|69/100\n|\n|-weather|Sandstorm|[upkeep]\n|-damage|p1a: Raging Bolt|63/100|[from] Sandstorm\n|upkeep\n|turn|17\n|\n|t:|1782560143\n|-terastallize|p2a: No Lando Plz|Rock\n|move|p1a: Raging Bolt|Thunderbolt|p2a: No Lando Plz\n|-damage|p2a: No Lando Plz|30/100\n|move|p2a: No Lando Plz|Stone Edge|p1a: Raging Bolt|[miss]\n|-miss|p2a: No Lando Plz|p1a: Raging Bolt\n|\n|-weather|Sandstorm|[upkeep]\n|-damage|p1a: Raging Bolt|57/100|[from] Sandstorm\n|upkeep\n|turn|18\n|\n|t:|1782560152\n|move|p1a: Raging Bolt|Thunderbolt|p2a: No Lando Plz\n|-damage|p2a: No Lando Plz|0 fnt\n|faint|p2a: No Lando Plz\n|\n|-weather|Sandstorm|[upkeep]\n|-damage|p1a: Raging Bolt|50/100|[from] Sandstorm\n|upkeep\n|\n|t:|1782560153\n|switch|p2a: Ogerpon|Ogerpon-Wellspring, F|100/100\n|turn|19\n|\n|t:|1782560162\n|move|p2a: Ogerpon|Play Rough|p1a: Raging Bolt\n|-supereffective|p1a: Raging Bolt\n|-damage|p1a: Raging Bolt|0 fnt\n|faint|p1a: Raging Bolt\n|-end|p1a: Raging Bolt|Protosynthesis|[silent]\n|\n|-weather|none\n|upkeep\n|\n|t:|1782560171\n|switch|p1a: Iron Moth|Iron Moth|100/100\n|-enditem|p1a: Iron Moth|Booster Energy\n|-activate|p1a: Iron Moth|ability: Quark Drive|[fromitem]\n|-start|p1a: Iron Moth|quarkdrivespe\n|turn|20\n|\n|t:|1782560180\n|move|p1a: Iron Moth|Sludge Wave|p2a: Ogerpon\n|-supereffective|p2a: Ogerpon\n|-damage|p2a: Ogerpon|0 fnt\n|faint|p2a: Ogerpon\n|\n|upkeep\n|\n|t:|1782560181\n|switch|p2a: Walking Wake|Walking Wake|100/100\n|turn|21\n|\n|t:|1782560190\n|move|p1a: Iron Moth|Sludge Wave|p2a: Walking Wake\n|-damage|p2a: Walking Wake|42/100\n|move|p2a: Walking Wake|Hydro Steam|p1a: Iron Moth\n|-supereffective|p1a: Iron Moth\n|-damage|p1a: Iron Moth|0 fnt\n|faint|p1a: Iron Moth\n|-end|p1a: Iron Moth|Quark Drive|[silent]\n|\n|upkeep\n|\n|t:|1782560200\n|switch|p1a: Ogerpon|Ogerpon-Wellspring, F|100/100\n|turn|22\n|\n|t:|1782560209\n|-end|p2a: Walking Wake|Protosynthesis|[silent]\n|switch|p2a: Torkoal|Torkoal, M|100/100\n|-weather|SunnyDay|[from] ability: Drought|[of] p2a: Torkoal\n|move|p1a: Ogerpon|Swords Dance|p1a: Ogerpon\n|-boost|p1a: Ogerpon|atk|2\n|\n|-weather|SunnyDay|[upkeep]\n|upkeep\n|turn|23\n|\n|t:|1782560217\n|move|p1a: Ogerpon|Ivy Cudgel|p2a: Torkoal|[anim] Ivy Cudgel Water\n|-supereffective|p2a: Torkoal\n|-damage|p2a: Torkoal|25/100\n|move|p2a: Torkoal|Lava Plume|p1a: Ogerpon\n|-damage|p1a: Ogerpon|56/100\n|\n|-weather|SunnyDay|[upkeep]\n|upkeep\n|turn|24\n|\n|t:|1782560230\n|move|p1a: Ogerpon|Trailblaze|p2a: Torkoal\n|-resisted|p2a: Torkoal\n|-damage|p2a: Torkoal|6/100\n|-boost|p1a: Ogerpon|spe|1\n|move|p2a: Torkoal|Lava Plume|p1a: Ogerpon\n|-damage|p1a: Ogerpon|13/100\n|\n|-weather|SunnyDay|[upkeep]\n|upkeep\n|turn|25\n|\n|t:|1782560241\n|move|p1a: Ogerpon|Trailblaze|p2a: Torkoal\n|-resisted|p2a: Torkoal\n|-damage|p2a: Torkoal|0 fnt\n|-boost|p1a: Ogerpon|spe|1\n|faint|p2a: Torkoal\n|\n|-weather|SunnyDay|[upkeep]\n|upkeep\n|\n|t:|1782560241\n|switch|p2a: Walking Wake|Walking Wake|42/100\n|-activate|p2a: Walking Wake|ability: Protosynthesis\n|-start|p2a: Walking Wake|protosynthesisspe\n|turn|26\n|\n|t:|1782560249\n|move|p1a: Ogerpon|Trailblaze|p2a: Walking Wake\n|-damage|p2a: Walking Wake|0 fnt\n|-boost|p1a: Ogerpon|spe|1\n|faint|p2a: Walking Wake\n|-end|p2a: Walking Wake|Protosynthesis|[silent]\n|\n|win|fachkus\n|raw|fachkus's rating: 1613 &rarr; <strong>1636</strong><br />(+23 for winning)\n|raw|LowEL0God's rating: 1670 &rarr; <strong>1647</strong><br />(-23 for losing)\n", "uploadtime": 1782560250, "views": 6, "formatid": "gen9ou", "rating": 1636, "private": 0, "password": null}