{"id": "gen9ou-2540604341", "format": "[Gen 9] OU", "players": ["spudcutter", "unzipscrogre"], "log": "|badge|p2|bronze|gen9uu|100-8\n|badge|p2|bronze|gen9ru|100-8\n|uhtml|medal-msg|<div class=\"broadcast-blue\">Curious what those medals under the avatar are? PS now has Ladder Seasons! For more information, check out the <a href=\"https://www.smogon.com/forums/threads/3740067/\">thread on Smogon.</a></div>\n|j|☆spudcutter\n|j|☆unzipscrogre\n|t:|1771225664\n|gametype|singles\n|player|p1|spudcutter|ghetsis-gen5bw|1649\n|player|p2|unzipscrogre|unknown|1557\n|gen|9\n|tier|[Gen 9] OU\n|rated|\n|rule|HP Percentage Mod: HP is shown in percentages\n|rule|Endless Battle Clause: Forcing endless battles is banned\n|rule|Species Clause: Limit one of each Pokémon\n|rule|OHKO Clause: OHKO moves are banned\n|rule|Evasion Items Clause: Evasion items are banned\n|rule|Evasion Moves Clause: Evasion moves are banned\n|rule|Evasion Abilities Clause: Evasion abilities are banned\n|rule|Sleep Moves Clause: Sleep-inducing moves are banned\n|clearpoke\n|poke|p1|Tyranitar, F|\n|poke|p1|Deoxys-Speed|\n|poke|p1|Slowking-Galar, M|\n|poke|p1|Great Tusk|\n|poke|p1|Raging Bolt|\n|poke|p1|Dondozo, M|\n|poke|p2|Zamazenta-*|\n|poke|p2|Kingambit, M|\n|poke|p2|Samurott-Hisui, M|\n|poke|p2|Landorus-Therian, M|\n|poke|p2|Iron Valiant|\n|poke|p2|Iron Moth|\n|teampreview\n|inactive|Battle timer is ON: inactive players will automatically lose when time's up. (requested by spudcutter)\n|inactive|unzipscrogre also wants the timer to be on.\n|\n|t:|1771225676\n|teamsize|p1|6\n|teamsize|p2|6\n|start\n|switch|p1a: Great Tusk|Great Tusk|100/100\n|switch|p2a: Samurott|Samurott-Hisui, M|100/100\n|turn|1\n|\n|t:|1771225680\n|move|p1a: Great Tusk|Headlong Rush|p2a: Samurott\n|-damage|p2a: Samurott|23/100\n|-unboost|p1a: Great Tusk|def|1\n|-unboost|p1a: Great Tusk|spd|1\n|move|p2a: Samurott|Razor Shell|p1a: Great Tusk\n|-supereffective|p1a: Great Tusk\n|-damage|p1a: Great Tusk|0 fnt\n|faint|p1a: Great Tusk\n|-end|p1a: Great Tusk|Protosynthesis|[silent]\n|\n|upkeep\n|\n|t:|1771225689\n|switch|p1a: Raging Bolt|Raging Bolt|100/100\n|turn|2\n|\n|t:|1771225691\n|move|p2a: Samurott|Swords Dance|p2a: Samurott\n|-boost|p2a: Samurott|atk|2\n|move|p1a: Raging Bolt|Thunderbolt|p2a: Samurott\n|-supereffective|p2a: Samurott\n|-damage|p2a: Samurott|0 fnt\n|faint|p2a: Samurott\n|\n|upkeep\n|\n|t:|1771225695\n|switch|p2a: Landorus|Landorus-Therian, M|100/100\n|-ability|p2a: Landorus|Intimidate|boost\n|-unboost|p1a: Raging Bolt|atk|1\n|turn|3\n|\n|t:|1771225700\n|-end|p1a: Raging Bolt|Protosynthesis|[silent]\n|switch|p1a: Deoxys|Deoxys-Speed|100/100\n|-ability|p1a: Deoxys|Pressure\n|move|p2a: Landorus|Stealth Rock|p1a: Deoxys\n|-sidestart|p1: spudcutter|move: Stealth Rock\n|\n|upkeep\n|turn|4\n|\n|t:|1771225704\n|move|p1a: Deoxys|Ice Beam|p2a: Landorus\n|-supereffective|p2a: Landorus\n|-damage|p2a: Landorus|0 fnt\n|faint|p2a: Landorus\n|-damage|p1a: Deoxys|91/100|[from] item: Life Orb\n|\n|upkeep\n|\n|t:|1771225712\n|switch|p2a: Iron Moth|Iron Moth|100/100\n|-enditem|p2a: Iron Moth|Booster Energy\n|-activate|p2a: Iron Moth|ability: Quark Drive|[fromitem]\n|-start|p2a: Iron Moth|quarkdrivespe\n|turn|5\n|\n|t:|1771225715\n|move|p2a: Iron Moth|Fiery Dance|p1a: Deoxys\n|-damage|p1a: Deoxys|17/100\n|move|p1a: Deoxys|Psycho Boost|p2a: Iron Moth\n|-supereffective|p2a: Iron Moth\n|-damage|p2a: Iron Moth|0 fnt\n|-unboost|p1a: Deoxys|spa|2\n|faint|p2a: Iron Moth\n|-end|p2a: Iron Moth|Quark Drive|[silent]\n|-damage|p1a: Deoxys|7/100|[from] item: Life Orb\n|\n|upkeep\n|\n|t:|1771225718\n|switch|p2a: Iron Valiant|Iron Valiant|100/100\n|-enditem|p2a: Iron Valiant|Booster Energy\n|-activate|p2a: Iron Valiant|ability: Quark Drive|[fromitem]\n|-start|p2a: Iron Valiant|quarkdrivespe\n|turn|6\n|\n|t:|1771225725\n|move|p2a: Iron Valiant|Moonblast|p1a: Deoxys\n|-damage|p1a: Deoxys|0 fnt\n|faint|p1a: Deoxys\n|\n|upkeep\n|\n|t:|1771225726\n|switch|p1a: Slowking|Slowking-Galar, M|100/100\n|-damage|p1a: Slowking|88/100|[from] Stealth Rock\n|turn|7\n|\n|t:|1771225730\n|move|p2a: Iron Valiant|Calm Mind|p2a: Iron Valiant\n|-boost|p2a: Iron Valiant|spa|1\n|-boost|p2a: Iron Valiant|spd|1\n|move|p1a: Slowking|Sludge Bomb|p2a: Iron Valiant\n|-supereffective|p2a: Iron Valiant\n|-damage|p2a: Iron Valiant|0 fnt\n|faint|p2a: Iron Valiant\n|-end|p2a: Iron Valiant|Quark Drive|[silent]\n|\n|upkeep\n|\n|t:|1771225736\n|switch|p2a: Kingambit|Kingambit, M|100/100\n|-activate|p2a: Kingambit|ability: Supreme Overlord\n|-start|p2a: Kingambit|fallen4|[silent]\n|turn|8\n|\n|t:|1771225738\n|move|p2a: Kingambit|Kowtow Cleave|p1a: Slowking\n|-supereffective|p1a: Slowking\n|-damage|p1a: Slowking|0 fnt\n|faint|p1a: Slowking\n|\n|upkeep\n|\n|t:|1771225741\n|switch|p1a: Dondozo|Dondozo, M|100/100\n|-damage|p1a: Dondozo|88/100|[from] Stealth Rock\n|turn|9\n|\n|t:|1771225745\n|-end|p2a: Kingambit|fallen4|[silent]\n|switch|p2a: Zamazenta|Zamazenta|100/100\n|-ability|p2a: Zamazenta|Dauntless Shield|boost\n|-boost|p2a: Zamazenta|def|1\n|move|p1a: Dondozo|Curse|p1a: Dondozo\n|-unboost|p1a: Dondozo|spe|1\n|-boost|p1a: Dondozo|atk|1\n|-boost|p1a: Dondozo|def|1\n|\n|upkeep\n|turn|10\n|\n|t:|1771225746\n|move|p1a: Dondozo|Waterfall|p2a: Zamazenta\n|-damage|p2a: Zamazenta|71/100\n|move|p2a: Zamazenta|Roar|p1a: Dondozo\n|drag|p1a: Tyranitar|Tyranitar, F|100/100\n|-damage|p1a: Tyranitar|88/100|[from] Stealth Rock\n|-weather|Sandstorm|[from] ability: Sand Stream|[of] p1a: Tyranitar\n|\n|-weather|Sandstorm|[upkeep]\n|-damage|p2a: Zamazenta|64/100|[from] Sandstorm\n|-heal|p2a: Zamazenta|71/100|[from] item: Leftovers\n|upkeep\n|turn|11\n|\n|t:|1771225750\n|move|p2a: Zamazenta|Body Press|p1a: Tyranitar\n|-supereffective|p1a: Tyranitar\n|-damage|p1a: Tyranitar|0 fnt\n|faint|p1a: Tyranitar\n|\n|-weather|Sandstorm|[upkeep]\n|-damage|p2a: Zamazenta|64/100|[from] Sandstorm\n|-heal|p2a: Zamazenta|71/100|[from] item: Leftovers\n|upkeep\n|\n|t:|1771225752\n|switch|p1a: Raging Bolt|Raging Bolt|100/100\n|-damage|p1a: Raging Bolt|88/100|[from] Stealth Rock\n|turn|12\n|\n|t:|1771225759\n|move|p2a: Zamazenta|Body Press|p1a: Raging Bolt\n|-damage|p1a: Raging Bolt|49/100\n|move|p1a: Raging Bolt|Thunderbolt|p2a: Zamazenta\n|-damage|p2a: Zamazenta|26/100\n|\n|-weather|Sandstorm|[upkeep]\n|-damage|p2a: Zamazenta|20/100|[from] Sandstorm\n|-damage|p1a: Raging Bolt|43/100|[from] Sandstorm\n|-heal|p2a: Zamazenta|26/100|[from] item: Leftovers\n|-heal|p1a: Raging Bolt|49/100|[from] item: Leftovers\n|upkeep\n|turn|13\n|\n|t:|1771225762\n|move|p2a: Zamazenta|Body Press|p1a: Raging Bolt\n|-damage|p1a: Raging Bolt|8/100\n|move|p1a: Raging Bolt|Thunderbolt|p2a: Zamazenta\n|-damage|p2a: Zamazenta|0 fnt\n|faint|p2a: Zamazenta\n|\n|-weather|Sandstorm|[upkeep]\n|-damage|p1a: Raging Bolt|2/100|[from] Sandstorm\n|-heal|p1a: Raging Bolt|8/100|[from] item: Leftovers\n|upkeep\n|\n|t:|1771225765\n|switch|p2a: Kingambit|Kingambit, M|100/100\n|-activate|p2a: Kingambit|ability: Supreme Overlord\n|-start|p2a: Kingambit|fallen5|[silent]\n|turn|14\n|\n|t:|1771225768\n|move|p1a: Raging Bolt|Thunderclap|p2a: Kingambit\n|-damage|p2a: Kingambit|58/100\n|move|p2a: Kingambit|Sucker Punch||[still]\n|-fail|p2a: Kingambit\n|\n|-weather|none\n|-heal|p1a: Raging Bolt|15/100|[from] item: Leftovers\n|-heal|p2a: Kingambit|64/100|[from] item: Leftovers\n|upkeep\n|turn|15\n|\n|t:|1771225771\n|move|p1a: Raging Bolt|Thunderbolt|p2a: Kingambit\n|-damage|p2a: Kingambit|9/100\n|move|p2a: Kingambit|Kowtow Cleave|p1a: Raging Bolt\n|-damage|p1a: Raging Bolt|0 fnt\n|faint|p1a: Raging Bolt\n|-end|p1a: Raging Bolt|Protosynthesis|[silent]\n|\n|-heal|p2a: Kingambit|15/100|[from] item: Leftovers\n|upkeep\n|\n|t:|1771225773\n|switch|p1a: Dondozo|Dondozo, M|88/100\n|-damage|p1a: Dondozo|76/100|[from] Stealth Rock\n|turn|16\n|\n|t:|1771225775\n|move|p2a: Kingambit|Iron Head|p1a: Dondozo\n|-resisted|p1a: Dondozo\n|-damage|p1a: Dondozo|60/100\n|-damage|p2a: Kingambit|0 fnt|[from] item: Rocky Helmet|[of] p1a: Dondozo\n|faint|p2a: Kingambit\n|-end|p2a: Kingambit|fallen5|[silent]\n|\n|win|spudcutter\n|raw|spudcutter's rating: 1649 &rarr; <strong>1664</strong><br />(+15 for winning)\n|raw|unzipscrogre's rating: 1557 &rarr; <strong>1542</strong><br />(-15 for losing)\n|l|☆spudcutter\n|player|p1|\n|c|☆unzipscrogre|gg\n|l|☆unzipscrogre\n|player|p2|\n", "uploadtime": 1771225994, "views": 8, "formatid": "gen9ou", "rating": 1542, "private": 0, "password": null}