{"id": "gen9ou-2540431873", "format": "[Gen 9] OU", "players": ["flandre727", "5 Missed Calls"], "log": "|j|☆flandre727\n|j|☆5 Missed Calls\n|t:|1771201265\n|gametype|singles\n|player|p1|flandre727|dawn-gen4pt|1667\n|player|p2|5 Missed Calls|skierf-gen4dp|1632\n|gen|9\n|tier|[Gen 9] OU\n|rated|\n|rule|HP Percentage Mod: HP is shown in percentages\n|rule|Endless Battle Clause: Forcing endless battles is banned\n|rule|Species Clause: Limit one of each Pokémon\n|rule|OHKO Clause: OHKO moves are banned\n|rule|Evasion Items Clause: Evasion items are banned\n|rule|Evasion Moves Clause: Evasion moves are banned\n|rule|Evasion Abilities Clause: Evasion abilities are banned\n|rule|Sleep Moves Clause: Sleep-inducing moves are banned\n|clearpoke\n|poke|p1|Ceruledge, F|\n|poke|p1|Iron Valiant|\n|poke|p1|Dragonite, F|\n|poke|p1|Deoxys-Speed|\n|poke|p1|Glimmora, M|\n|poke|p1|Darkrai|\n|poke|p2|Indeedee, M|\n|poke|p2|Hatterene, F|\n|poke|p2|Hitmonlee, M|\n|poke|p2|Iron Crown|\n|poke|p2|Zamazenta-*|\n|poke|p2|Polteageist-Antique|\n|teampreview\n|c|☆flandre727|hf\n|c|☆5 Missed Calls|u2\n|\n|t:|1771201289\n|teamsize|p1|6\n|teamsize|p2|6\n|start\n|switch|p1a: Deoxys|Deoxys-Speed|100/100\n|switch|p2a: Indeedee|Indeedee, M, shiny|100/100\n|-ability|p1a: Deoxys|Pressure\n|-fieldstart|move: Psychic Terrain|[from] ability: Psychic Surge|[of] p2a: Indeedee\n|turn|1\n|\n|t:|1771201292\n|switch|p2a: Hatterene|Hatterene, F|100/100\n|move|p1a: Deoxys|Light Screen|p1a: Deoxys\n|-sidestart|p1: flandre727|move: Light Screen\n|\n|upkeep\n|turn|2\n|\n|t:|1771201301\n|move|p1a: Deoxys|Reflect|p1a: Deoxys\n|-sidestart|p1: flandre727|Reflect\n|move|p2a: Hatterene|Nuzzle|p1a: Deoxys\n|-damage|p1a: Deoxys|98/100\n|-status|p1a: Deoxys|par\n|\n|upkeep\n|turn|3\n|\n|t:|1771201309\n|move|p2a: Hatterene|Draining Kiss|p1a: Deoxys\n|-damage|p1a: Deoxys|79/100 par\n|move|p1a: Deoxys|Teleport|p1a: Deoxys\n|\n|t:|1771201312\n|switch|p1a: Ceruledge|Ceruledge, F|100/100|[from] Teleport\n|\n|upkeep\n|turn|4\n|\n|t:|1771201317\n|move|p1a: Ceruledge|Swords Dance|p1a: Ceruledge\n|-boost|p1a: Ceruledge|atk|2\n|move|p2a: Hatterene|Expanding Force|p1a: Ceruledge\n|-damage|p1a: Ceruledge|57/100\n|\n|upkeep\n|turn|5\n|\n|t:|1771201323\n|move|p1a: Ceruledge|Bitter Blade|p2a: Hatterene\n|-damage|p2a: Hatterene|0 fnt\n|-heal|p1a: Ceruledge|100/100|[from] drain|[of] p2a: Hatterene\n|faint|p2a: Hatterene\n|-damage|p1a: Ceruledge|91/100|[from] item: Life Orb\n|\n|upkeep\n|\n|t:|1771201331\n|switch|p2a: Polteageist|Polteageist-Antique, shiny|100/100\n|turn|6\n|\n|t:|1771201338\n|move|p2a: Polteageist|Shell Smash|p2a: Polteageist\n|-unboost|p2a: Polteageist|def|1\n|-unboost|p2a: Polteageist|spd|1\n|-boost|p2a: Polteageist|atk|2\n|-boost|p2a: Polteageist|spa|2\n|-boost|p2a: Polteageist|spe|2\n|move|p1a: Ceruledge|Bitter Blade|p2a: Polteageist\n|-enditem|p2a: Polteageist|Focus Sash\n|-damage|p2a: Polteageist|1/100\n|-heal|p1a: Ceruledge|100/100|[from] drain|[of] p2a: Polteageist\n|-ability|p2a: Polteageist|Weak Armor|boost\n|-unboost|p2a: Polteageist|def|1\n|-boost|p2a: Polteageist|spe|2\n|-damage|p1a: Ceruledge|91/100|[from] item: Life Orb\n|\n|upkeep\n|turn|7\n|\n|t:|1771201346\n|move|p2a: Polteageist|Stored Power|p1a: Ceruledge\n|-damage|p1a: Ceruledge|0 fnt\n|faint|p1a: Ceruledge\n|\n|upkeep\n|\n|t:|1771201356\n|switch|p1a: Dragonite|Dragonite, F|100/100\n|turn|8\n|\n|t:|1771201360\n|move|p2a: Polteageist|Stored Power|p1a: Dragonite\n|-damage|p1a: Dragonite|54/100\n|move|p1a: Dragonite|Earthquake|p2a: Polteageist\n|-damage|p2a: Polteageist|0 fnt\n|faint|p2a: Polteageist\n|\n|-heal|p1a: Dragonite|61/100|[from] item: Leftovers\n|-sideend|p1: flandre727|move: Light Screen\n|-fieldend|move: Psychic Terrain\n|upkeep\n|\n|t:|1771201367\n|switch|p2a: Indeedee|Indeedee, M, shiny|100/100\n|-fieldstart|move: Psychic Terrain|[from] ability: Psychic Surge|[of] p2a: Indeedee\n|turn|9\n|\n|t:|1771201370\n|move|p2a: Indeedee|Expanding Force|p1a: Dragonite\n|-damage|p1a: Dragonite|0 fnt\n|faint|p1a: Dragonite\n|\n|-sideend|p1: flandre727|Reflect\n|upkeep\n|\n|t:|1771201377\n|switch|p1a: Darkrai|Darkrai|100/100\n|turn|10\n|\n|t:|1771201379\n|switch|p2a: Hitmonlee|Hitmonlee, M|100/100\n|-enditem|p2a: Hitmonlee|Psychic Seed\n|-boost|p2a: Hitmonlee|spd|1|[from] item: Psychic Seed\n|move|p1a: Darkrai|Dark Pulse|p2a: Hitmonlee\n|-resisted|p2a: Hitmonlee\n|-damage|p2a: Hitmonlee|78/100\n|-damage|p1a: Darkrai|91/100|[from] item: Life Orb\n|\n|upkeep\n|turn|11\n|\n|t:|1771201384\n|move|p2a: Hitmonlee|Swords Dance|p2a: Hitmonlee\n|-boost|p2a: Hitmonlee|atk|2\n|move|p1a: Darkrai|Psyshock|p2a: Hitmonlee\n|-supereffective|p2a: Hitmonlee\n|-damage|p2a: Hitmonlee|0 fnt\n|faint|p2a: Hitmonlee\n|-damage|p1a: Darkrai|81/100|[from] item: Life Orb\n|\n|upkeep\n|\n|t:|1771201399\n|switch|p2a: Iron Crown|Iron Crown|100/100\n|-enditem|p2a: Iron Crown|Booster Energy\n|-activate|p2a: Iron Crown|ability: Quark Drive|[fromitem]\n|-start|p2a: Iron Crown|quarkdrivespe\n|turn|12\n|\n|t:|1771201407\n|-terastallize|p2a: Iron Crown|Fighting\n|move|p2a: Iron Crown|Calm Mind|p2a: Iron Crown\n|-boost|p2a: Iron Crown|spa|1\n|-boost|p2a: Iron Crown|spd|1\n|move|p1a: Darkrai|Psyshock|p2a: Iron Crown\n|-supereffective|p2a: Iron Crown\n|-damage|p2a: Iron Crown|0 fnt\n|faint|p2a: Iron Crown\n|-end|p2a: Iron Crown|Quark Drive|[silent]\n|-damage|p1a: Darkrai|71/100|[from] item: Life Orb\n|\n|upkeep\n|-message|5 Missed Calls forfeited.\n|\n|win|flandre727\n|raw|flandre727's rating: 1667 &rarr; <strong>1685</strong><br />(+18 for winning)\n|raw|5 Missed Calls's rating: 1632 &rarr; <strong>1614</strong><br />(-18 for losing)\n|l|☆5 Missed Calls\n|player|p2|\n|l|☆flandre727\n|player|p1|\n", "uploadtime": 1771201631, "views": 9, "formatid": "gen9ou", "rating": 1614, "private": 0, "password": null}