{"id": "gen9ou-2639312289", "format": "[Gen 9] OU", "players": ["shano1994", "Generalist_Master"], "log": "|j|☆shano1994\n|j|☆Generalist_Master\n|t:|1782450947\n|gametype|singles\n|player|p1|shano1994|265|1103\n|player|p2|Generalist_Master|266|1050\n|gen|9\n|tier|[Gen 9] OU\n|rated|\n|rule|HP Percentage Mod: HP is shown in percentages\n|rule|Endless Battle Clause: Forcing endless battles is banned\n|rule|Species Clause: Limit one of each Pokémon\n|rule|OHKO Clause: OHKO moves are banned\n|rule|Evasion Items Clause: Evasion items are banned\n|rule|Evasion Moves Clause: Evasion moves are banned\n|rule|Evasion Abilities Clause: Evasion abilities are banned\n|rule|Sleep Moves Clause: Sleep-inducing moves are banned\n|clearpoke\n|poke|p1|Dragapult, F|\n|poke|p1|Heatran, F|\n|poke|p1|Great Tusk|\n|poke|p1|Ogerpon-Wellspring, F|\n|poke|p1|Tornadus-Therian, M|\n|poke|p1|Iron Valiant|\n|poke|p2|Talonflame, M|\n|poke|p2|Haxorus, M|\n|poke|p2|Vikavolt, M|\n|poke|p2|Hatterene, F|\n|poke|p2|Slaking, F|\n|poke|p2|Metagross|\n|teampreview\n|\n|t:|1782450962\n|teamsize|p1|6\n|teamsize|p2|6\n|start\n|switch|p1a: Tornadus|Tornadus-Therian, M|100/100\n|switch|p2a: Haxorus|Haxorus, M|100/100\n|turn|1\n|\n|t:|1782450970\n|move|p2a: Haxorus|Outrage|p1a: Tornadus\n|-damage|p1a: Tornadus|7/100\n|move|p1a: Tornadus|Knock Off|p2a: Haxorus\n|-damage|p2a: Haxorus|73/100\n|-enditem|p2a: Haxorus|Choice Scarf|[from] move: Knock Off|[of] p1a: Tornadus\n|\n|upkeep\n|turn|2\n|\n|t:|1782450979\n|move|p1a: Tornadus|U-turn|p2a: Haxorus\n|-damage|p2a: Haxorus|56/100\n|\n|t:|1782450987\n|switch|p1a: Iron Valiant|Iron Valiant|100/100|[from] U-turn\n|-enditem|p1a: Iron Valiant|Booster Energy\n|-activate|p1a: Iron Valiant|ability: Quark Drive|[fromitem]\n|-start|p1a: Iron Valiant|quarkdrivespe\n|move|p2a: Haxorus|Outrage|p1a: Iron Valiant|[from] lockedmove\n|-immune|p1a: Iron Valiant\n|-start|p2a: Haxorus|confusion|[fatigue]\n|\n|upkeep\n|turn|3\n|\n|t:|1782451001\n|switch|p2a: Metagross|Metagross|100/100\n|move|p1a: Iron Valiant|Calm Mind|p1a: Iron Valiant\n|-boost|p1a: Iron Valiant|spa|1\n|-boost|p1a: Iron Valiant|spd|1\n|\n|upkeep\n|turn|4\n|\n|t:|1782451011\n|-terastallize|p1a: Iron Valiant|Ghost\n|move|p1a: Iron Valiant|Calm Mind|p1a: Iron Valiant\n|-boost|p1a: Iron Valiant|spa|1\n|-boost|p1a: Iron Valiant|spd|1\n|move|p2a: Metagross|Meteor Mash|p1a: Iron Valiant\n|-damage|p1a: Iron Valiant|36/100\n|\n|upkeep\n|turn|5\n|\n|t:|1782451026\n|move|p1a: Iron Valiant|Aura Sphere|p2a: Metagross\n|-damage|p2a: Metagross|1/100\n|move|p2a: Metagross|Meteor Mash|p1a: Iron Valiant\n|-damage|p1a: Iron Valiant|0 fnt\n|faint|p1a: Iron Valiant\n|-end|p1a: Iron Valiant|Quark Drive|[silent]\n|\n|upkeep\n|\n|t:|1782451038\n|switch|p1a: Tornadus|Tornadus-Therian, M|40/100\n|turn|6\n|\n|t:|1782451043\n|move|p1a: Tornadus|U-turn|p2a: Metagross\n|-damage|p2a: Metagross|0 fnt\n|faint|p2a: Metagross\n|\n|t:|1782451052\n|switch|p1a: Great Tusk|Great Tusk|100/100|[from] U-turn\n|\n|upkeep\n|\n|t:|1782451059\n|switch|p2a: Hatterene|Hatterene, F|100/100\n|turn|7\n|\n|t:|1782451069\n|move|p1a: Great Tusk|Knock Off|p2a: Hatterene\n|-damage|p2a: Hatterene|70/100\n|-enditem|p2a: Hatterene|Leftovers|[from] move: Knock Off|[of] p1a: Great Tusk\n|move|p2a: Hatterene|Psychic Noise|p1a: Great Tusk\n|-supereffective|p1a: Great Tusk\n|-damage|p1a: Great Tusk|0 fnt\n|faint|p1a: Great Tusk\n|-end|p1a: Great Tusk|Protosynthesis|[silent]\n|\n|upkeep\n|\n|t:|1782451081\n|switch|p1a: Tornadus|Tornadus-Therian, M|73/100\n|turn|8\n|\n|t:|1782451086\n|move|p1a: Tornadus|U-turn|p2a: Hatterene\n|-damage|p2a: Hatterene|52/100\n|\n|t:|1782451088\n|switch|p1a: Heatran|Heatran, F|100/100|[from] U-turn\n|move|p2a: Hatterene|Calm Mind|p2a: Hatterene\n|-boost|p2a: Hatterene|spa|1\n|-boost|p2a: Hatterene|spd|1\n|\n|upkeep\n|turn|9\n|\n|t:|1782451097\n|move|p1a: Heatran|Magma Storm|p2a: Hatterene\n|-damage|p2a: Hatterene|25/100\n|-activate|p2a: Hatterene|move: Magma Storm|[of] p1a: Heatran\n|move|p2a: Hatterene|Psychic Noise|p1a: Heatran\n|-resisted|p1a: Heatran\n|-damage|p1a: Heatran|79/100\n|-start|p1a: Heatran|move: Heal Block\n|\n|-damage|p2a: Hatterene|12/100|[from] move: Magma Storm|[partiallytrapped]\n|upkeep\n|turn|10\n|\n|t:|1782451110\n|move|p1a: Heatran|Earth Power|p2a: Hatterene\n|-damage|p2a: Hatterene|0 fnt\n|faint|p2a: Hatterene\n|\n|-end|p1a: Heatran|move: Heal Block\n|upkeep\n|\n|t:|1782451125\n|switch|p2a: Haxorus|Haxorus, M|56/100\n|turn|11\n|\n|t:|1782451133\n|switch|p1a: Tornadus|Tornadus-Therian, M|100/100\n|move|p2a: Haxorus|Earthquake|p1a: Tornadus\n|-immune|p1a: Tornadus\n|\n|upkeep\n|turn|12\n|\n|t:|1782451143\n|move|p1a: Tornadus|Bleakwind Storm|p2a: Haxorus\n|-damage|p2a: Haxorus|0 fnt\n|faint|p2a: Haxorus\n|\n|upkeep\n|\n|t:|1782451153\n|switch|p2a: Vikavolt|Vikavolt, M|100/100\n|turn|13\n|\n|t:|1782451157\n|move|p1a: Tornadus|Knock Off|p2a: Vikavolt\n|-damage|p2a: Vikavolt|79/100\n|-enditem|p2a: Vikavolt|Expert Belt|[from] move: Knock Off|[of] p1a: Tornadus\n|move|p2a: Vikavolt|Thunderbolt|p1a: Tornadus\n|-supereffective|p1a: Tornadus\n|-damage|p1a: Tornadus|0 fnt\n|faint|p1a: Tornadus\n|\n|upkeep\n|\n|t:|1782451168\n|switch|p1a: Heatran|Heatran, F|79/100\n|turn|14\n|\n|t:|1782451176\n|move|p1a: Heatran|Magma Storm|p2a: Vikavolt\n|-supereffective|p2a: Vikavolt\n|-damage|p2a: Vikavolt|0 fnt\n|faint|p2a: Vikavolt\n|\n|-heal|p1a: Heatran|85/100|[from] item: Leftovers\n|upkeep\n|\n|t:|1782451187\n|switch|p2a: Slaking|Slaking, F|100/100\n|turn|15\n|\n|t:|1782451194\n|move|p2a: Slaking|Earthquake|p1a: Heatran\n|-supereffective|p1a: Heatran\n|-damage|p1a: Heatran|0 fnt\n|faint|p1a: Heatran\n|\n|upkeep\n|\n|t:|1782451200\n|switch|p1a: Ogerpon|Ogerpon-Wellspring, F|100/100\n|turn|16\n|\n|t:|1782451206\n|switch|p2a: Talonflame|Talonflame, M|100/100\n|move|p1a: Ogerpon|Swords Dance|p1a: Ogerpon\n|-boost|p1a: Ogerpon|atk|2\n|\n|upkeep\n|turn|17\n|\n|t:|1782451215\n|move|p2a: Talonflame|Brave Bird|p1a: Ogerpon\n|-supereffective|p1a: Ogerpon\n|-damage|p1a: Ogerpon|0 fnt\n|faint|p1a: Ogerpon\n|-damage|p2a: Talonflame|67/100|[from] Recoil\n|\n|upkeep\n|\n|t:|1782451222\n|switch|p1a: Dragapult|Dragapult, F|100/100\n|turn|18\n|\n|t:|1782451237\n|move|p1a: Dragapult|Draco Meteor|p2a: Talonflame\n|-damage|p2a: Talonflame|0 fnt\n|-unboost|p1a: Dragapult|spa|2\n|faint|p2a: Talonflame\n|\n|upkeep\n|\n|t:|1782451243\n|switch|p2a: Slaking|Slaking, F|100/100\n|turn|19\n|\n|t:|1782451247\n|move|p1a: Dragapult|Draco Meteor|p2a: Slaking\n|-damage|p2a: Slaking|50/100\n|-unboost|p1a: Dragapult|spa|2\n|move|p2a: Slaking|Outrage|p1a: Dragapult\n|-supereffective|p1a: Dragapult\n|-damage|p1a: Dragapult|0 fnt\n|faint|p1a: Dragapult\n|\n|win|Generalist_Master\n|raw|shano1994's rating: 1103 &rarr; <strong>1074</strong><br />(-29 for losing)\n|raw|Generalist_Master's rating: 1050 &rarr; <strong>1087</strong><br />(+37 for winning)\n|l|☆shano1994\n|player|p1|\n|l|☆Generalist_Master\n|player|p2|\n", "uploadtime": 1782451659, "views": 4, "formatid": "gen9ou", "rating": 1074, "private": 0, "password": null}