{"id": "gen9ou-2639190797", "format": "[Gen 9] OU", "players": ["balaco", "Cobalt Black"], "log": "|j|☆balaco\n|j|☆Cobalt Black\n|t:|1782431720\n|gametype|singles\n|player|p1|balaco|266|1089\n|player|p2|Cobalt Black|266|1126\n|gen|9\n|tier|[Gen 9] OU\n|rated|\n|rule|HP Percentage Mod: HP is shown in percentages\n|rule|Endless Battle Clause: Forcing endless battles is banned\n|rule|Species Clause: Limit one of each Pokémon\n|rule|OHKO Clause: OHKO moves are banned\n|rule|Evasion Items Clause: Evasion items are banned\n|rule|Evasion Moves Clause: Evasion moves are banned\n|rule|Evasion Abilities Clause: Evasion abilities are banned\n|rule|Sleep Moves Clause: Sleep-inducing moves are banned\n|clearpoke\n|poke|p1|Toxapex, F|\n|poke|p1|Gliscor, F|\n|poke|p1|Dragonite, M|\n|poke|p1|Garganacl, F|\n|poke|p1|Greninja-*, M|\n|poke|p1|Clefable, M|\n|poke|p2|Rhydon, M|\n|poke|p2|Alomomola, F|\n|poke|p2|Iron Treads|\n|poke|p2|Garganacl, M|\n|poke|p2|Kommo-o, M|\n|poke|p2|Grimmsnarl, M|\n|teampreview\n|inactive|Battle timer is ON: inactive players will automatically lose when time's up. (requested by balaco)\n|\n|t:|1782431737\n|teamsize|p1|6\n|teamsize|p2|6\n|start\n|switch|p1a: Dragonite|Dragonite, M|100/100\n|switch|p2a: Kommo-o|Kommo-o, M|100/100\n|turn|1\n|\n|t:|1782431743\n|switch|p2a: Grimmsnarl|Grimmsnarl, M|100/100\n|move|p1a: Dragonite|Dragon Dance|p1a: Dragonite\n|-boost|p1a: Dragonite|atk|1\n|-boost|p1a: Dragonite|spe|1\n|\n|upkeep\n|turn|2\n|\n|t:|1782431748\n|move|p2a: Grimmsnarl|Trick|p1a: Dragonite\n|-activate|p2a: Grimmsnarl|move: Trick|[of] p1a: Dragonite\n|-item|p1a: Dragonite|Choice Scarf|[from] move: Trick\n|-item|p2a: Grimmsnarl|Life Orb|[from] move: Trick\n|move|p1a: Dragonite|Fire Punch|p2a: Grimmsnarl\n|-damage|p2a: Grimmsnarl|36/100\n|\n|upkeep\n|turn|3\n|\n|t:|1782431754\n|move|p2a: Grimmsnarl|Parting Shot|p1a: Dragonite\n|-unboost|p1a: Dragonite|atk|1\n|-unboost|p1a: Dragonite|spa|1\n|\n|t:|1782431757\n|switch|p2a: Alomomola|Alomomola, F, shiny|100/100|[from] Parting Shot\n|move|p1a: Dragonite|Fire Punch|p2a: Alomomola\n|-resisted|p2a: Alomomola\n|-damage|p2a: Alomomola|90/100\n|-damage|p1a: Dragonite|84/100|[from] item: Rocky Helmet|[of] p2a: Alomomola\n|\n|upkeep\n|turn|4\n|\n|t:|1782431765\n|switch|p1a: Toxapex|Toxapex, F|100/100\n|move|p2a: Alomomola|Wish|p2a: Alomomola\n|\n|upkeep\n|turn|5\n|\n|t:|1782431767\n|move|p2a: Alomomola|Flip Turn|p1a: Toxapex\n|-resisted|p1a: Toxapex\n|-damage|p1a: Toxapex|95/100\n|\n|t:|1782431770\n|switch|p2a: Grimmsnarl|Grimmsnarl, M|36/100|[from] Flip Turn\n|move|p1a: Toxapex|Toxic|p2a: Grimmsnarl\n|-status|p2a: Grimmsnarl|tox\n|\n|-heal|p2a: Grimmsnarl|100/100 tox|[from] move: Wish|[wisher] Alomomola\n|-heal|p1a: Toxapex|100/100|[from] item: Black Sludge\n|-damage|p2a: Grimmsnarl|94/100 tox|[from] psn\n|upkeep\n|turn|6\n|\n|t:|1782431775\n|move|p2a: Grimmsnarl|Thunder Wave|p1a: Toxapex\n|-status|p1a: Toxapex|par\n|move|p1a: Toxapex|Surf|p2a: Grimmsnarl\n|-damage|p2a: Grimmsnarl|69/100 tox\n|\n|-damage|p2a: Grimmsnarl|57/100 tox|[from] psn\n|upkeep\n|turn|7\n|\n|t:|1782431787\n|move|p2a: Grimmsnarl|Parting Shot|p1a: Toxapex\n|-unboost|p1a: Toxapex|atk|1\n|-unboost|p1a: Toxapex|spa|1\n|\n|t:|1782431788\n|switch|p2a: Rhydon|Rhydon, M|100/100|[from] Parting Shot\n|move|p1a: Toxapex|Surf|p2a: Rhydon\n|-supereffective|p2a: Rhydon\n|-damage|p2a: Rhydon|53/100\n|\n|upkeep\n|turn|8\n|\n|t:|1782431792\n|switch|p1a: Gliscor|Gliscor, F|100/100\n|move|p2a: Rhydon|Earthquake|p1a: Gliscor\n|-immune|p1a: Gliscor\n|\n|-status|p1a: Gliscor|tox|[from] item: Toxic Orb\n|upkeep\n|turn|9\n|\n|t:|1782431799\n|-terastallize|p2a: Rhydon|Flying\n|move|p1a: Gliscor|Swords Dance|p1a: Gliscor\n|-boost|p1a: Gliscor|atk|2\n|move|p2a: Rhydon|Swords Dance|p2a: Rhydon\n|-boost|p2a: Rhydon|atk|2\n|\n|upkeep\n|turn|10\n|\n|t:|1782431804\n|move|p1a: Gliscor|Facade|p2a: Rhydon\n|-damage|p2a: Rhydon|22/100\n|move|p2a: Rhydon|Ice Punch|p1a: Gliscor\n|-supereffective|p1a: Gliscor\n|-damage|p1a: Gliscor|0 fnt\n|faint|p1a: Gliscor\n|\n|upkeep\n|\n|t:|1782431810\n|switch|p1a: Greninja|Greninja, M|100/100\n|turn|11\n|\n|t:|1782431815\n|switch|p2a: Alomomola|Alomomola, F, shiny|100/100\n|move|p1a: Greninja|Sludge Wave|p2a: Alomomola\n|-start|p1a: Greninja|typechange|Poison|[from] ability: Protean\n|-damage|p2a: Alomomola|53/100\n|-damage|p1a: Greninja|91/100|[from] item: Life Orb\n|\n|upkeep\n|turn|12\n|\n|t:|1782431822\n|move|p1a: Greninja|Dark Pulse|p2a: Alomomola\n|-damage|p2a: Alomomola|29/100\n|-damage|p1a: Greninja|81/100|[from] item: Life Orb\n|cant|p2a: Alomomola|flinch\n|\n|upkeep\n|turn|13\n|\n|t:|1782431829\n|switch|p2a: Grimmsnarl|Grimmsnarl, M|57/100 tox\n|move|p1a: Greninja|Sludge Wave|p2a: Grimmsnarl\n|-supereffective|p2a: Grimmsnarl\n|-crit|p2a: Grimmsnarl\n|-damage|p2a: Grimmsnarl|0 fnt\n|faint|p2a: Grimmsnarl\n|-damage|p1a: Greninja|71/100|[from] item: Life Orb\n|\n|upkeep\n|\n|t:|1782431834\n|switch|p2a: Kommo-o|Kommo-o, M|100/100\n|turn|14\n|\n|t:|1782431838\n|move|p1a: Greninja|Ice Beam|p2a: Kommo-o\n|-supereffective|p2a: Kommo-o\n|-damage|p2a: Kommo-o|25/100\n|-damage|p1a: Greninja|61/100|[from] item: Life Orb\n|move|p2a: Kommo-o|Scale Shot|p1a: Greninja\n|-crit|p1a: Greninja\n|-damage|p1a: Greninja|31/100\n|-damage|p1a: Greninja|11/100\n|-damage|p1a: Greninja|0 fnt\n|faint|p1a: Greninja\n|-hitcount|p1: Greninja|3\n|-unboost|p2a: Kommo-o|def|1\n|-boost|p2a: Kommo-o|spe|1\n|\n|upkeep\n|\n|t:|1782431845\n|switch|p1a: Dragonite|Dragonite, M|84/100\n|turn|15\n|\n|t:|1782431854\n|switch|p2a: Alomomola|Alomomola, F, shiny|62/100\n|move|p1a: Dragonite|Extreme Speed|p2a: Alomomola\n|-damage|p2a: Alomomola|42/100\n|-damage|p1a: Dragonite|68/100|[from] item: Rocky Helmet|[of] p2a: Alomomola\n|\n|upkeep\n|turn|16\n|\n|t:|1782431859\n|move|p1a: Dragonite|Extreme Speed|p2a: Alomomola\n|-damage|p2a: Alomomola|20/100\n|-damage|p1a: Dragonite|51/100|[from] item: Rocky Helmet|[of] p2a: Alomomola\n|move|p2a: Alomomola|Wish|p2a: Alomomola\n|\n|upkeep\n|turn|17\n|\n|t:|1782431869\n|switch|p1a: Garganacl|Garganacl, F|100/100\n|move|p2a: Alomomola|Protect||[still]\n|-fail|p2a: Alomomola\n|\n|-heal|p2a: Alomomola|70/100|[from] move: Wish|[wisher] Alomomola\n|upkeep\n|turn|18\n|\n|t:|1782431871\n|move|p2a: Alomomola|Wish|p2a: Alomomola\n|move|p1a: Garganacl|Salt Cure|p2a: Alomomola\n|-crit|p2a: Alomomola\n|-damage|p2a: Alomomola|56/100\n|-start|p2a: Alomomola|Salt Cure\n|\n|-damage|p2a: Alomomola|31/100|[from] Salt Cure\n|upkeep\n|turn|19\n|\n|t:|1782431876\n|move|p2a: Alomomola|Flip Turn|p1a: Garganacl\n|-supereffective|p1a: Garganacl\n|-damage|p1a: Garganacl|80/100\n|\n|t:|1782431878\n|switch|p2a: Kommo-o|Kommo-o, M|25/100|[from] Flip Turn\n|move|p1a: Garganacl|Stealth Rock|p2a: Kommo-o\n|-sidestart|p2: Cobalt Black|move: Stealth Rock\n|\n|-heal|p2a: Kommo-o|100/100|[from] move: Wish|[wisher] Alomomola\n|-heal|p1a: Garganacl|86/100|[from] item: Leftovers\n|upkeep\n|turn|20\n|\n|t:|1782431882\n|move|p1a: Garganacl|Protect|p1a: Garganacl\n|-singleturn|p1a: Garganacl|Protect\n|move|p2a: Kommo-o|Substitute|p2a: Kommo-o\n|-start|p2a: Kommo-o|Substitute\n|-damage|p2a: Kommo-o|75/100\n|\n|-heal|p1a: Garganacl|92/100|[from] item: Leftovers\n|upkeep\n|turn|21\n|\n|t:|1782431889\n|switch|p1a: Toxapex|Toxapex, F|100/100 par\n|move|p2a: Kommo-o|Belly Drum|p2a: Kommo-o\n|-damage|p2a: Kommo-o|25/100\n|-setboost|p2a: Kommo-o|atk|6|[from] move: Belly Drum\n|\n|upkeep\n|turn|22\n|\n|t:|1782431892\n|move|p2a: Kommo-o|Scale Shot|p1a: Toxapex|[miss]\n|-miss|p2a: Kommo-o|p1a: Toxapex\n|move|p1a: Toxapex|Surf|p2a: Kommo-o\n|-resisted|p2a: Kommo-o\n|-activate|p2a: Kommo-o|move: Substitute|[damage]\n|\n|upkeep\n|turn|23\n|\n|t:|1782431895\n|move|p2a: Kommo-o|Scale Shot|p1a: Toxapex\n|-damage|p1a: Toxapex|69/100 par\n|-damage|p1a: Toxapex|39/100 par\n|-damage|p1a: Toxapex|6/100 par\n|-damage|p1a: Toxapex|0 fnt\n|faint|p1a: Toxapex\n|-hitcount|p1: Toxapex|4\n|-unboost|p2a: Kommo-o|def|1\n|-boost|p2a: Kommo-o|spe|1\n|\n|upkeep\n|\n|t:|1782431902\n|switch|p1a: Dragonite|Dragonite, M|51/100\n|turn|24\n|\n|t:|1782431907\n|move|p2a: Kommo-o|Drain Punch|p1a: Dragonite\n|-resisted|p1a: Dragonite\n|-damage|p1a: Dragonite|0 fnt\n|-heal|p2a: Kommo-o|54/100|[from] drain|[of] p1a: Dragonite\n|faint|p1a: Dragonite\n|\n|upkeep\n|-message|balaco forfeited.\n|\n|win|Cobalt Black\n|raw|balaco's rating: 1089 &rarr; <strong>1068</strong><br />(-21 for losing)\n|raw|Cobalt Black's rating: 1126 &rarr; <strong>1148</strong><br />(+22 for winning)\n|l|☆balaco\n|player|p1|\n", "uploadtime": 1782431914, "views": 18, "formatid": "gen9ou", "rating": 1068, "private": 0, "password": null}