{"id": "gen9ou-2639956759", "format": "[Gen 9] OU", "players": ["rblt ryo", "Danger #68"], "log": "|badge|p2|bronze|gen9ou|100-9\n|html|<div class=\"broadcast-red\"><strong>This battle is required to be public due to one or more player having a season medal.</strong><br />During the public phase, you can discuss the state of the ladder <a href=\"/seasondiscussion\">in a special chatroom.</a></div>\n|uhtml|medal-msg|<div class=\"broadcast-blue\">Curious what those medals under the avatar are? PS now has Ladder Seasons! For more information, check out the <a href=\"https://www.smogon.com/forums/threads/3740067/\">thread on Smogon.</a></div>\n|raw|<div class=\"broadcast-blue\"><strong>This battle is required to be public due to a player having a name starting with 'medal'.</div>\n|j|☆rblt ryo\n|j|☆Danger #68\n|t:|1782552115\n|gametype|singles\n|player|p1|rblt ryo|grimsley-gen7|1731\n|player|p2|Danger #68|rosa|1852\n|gen|9\n|tier|[Gen 9] OU\n|rated|\n|rule|HP Percentage Mod: HP is shown in percentages\n|rule|Endless Battle Clause: Forcing endless battles is banned\n|rule|Species Clause: Limit one of each Pokémon\n|rule|OHKO Clause: OHKO moves are banned\n|rule|Evasion Items Clause: Evasion items are banned\n|rule|Evasion Moves Clause: Evasion moves are banned\n|rule|Evasion Abilities Clause: Evasion abilities are banned\n|rule|Sleep Moves Clause: Sleep-inducing moves are banned\n|clearpoke\n|poke|p1|Slowking-Galar, F|\n|poke|p1|Ogerpon-Wellspring, F|\n|poke|p1|Mandibuzz, F|\n|poke|p1|Great Tusk|\n|poke|p1|Kyurem|\n|poke|p1|Cinderace, M|\n|poke|p2|Ogerpon, F|\n|poke|p2|Dragonite, F|\n|poke|p2|Gholdengo|\n|poke|p2|Ting-Lu|\n|poke|p2|Gliscor, F|\n|poke|p2|Zamazenta-*|\n|teampreview\n|j| Garden of Dreams\n|inactive|Battle timer is ON: inactive players will automatically lose when time's up. (requested by Danger #68)\n|\n|t:|1782552132\n|teamsize|p1|6\n|teamsize|p2|6\n|start\n|switch|p1a: Kyurem|Kyurem|100/100\n|switch|p2a: Gliscor|Gliscor, F|100/100\n|-ability|p1a: Kyurem|Pressure\n|turn|1\n|\n|t:|1782552137\n|move|p2a: Gliscor|Protect|p2a: Gliscor\n|-singleturn|p2a: Gliscor|Protect\n|move|p1a: Kyurem|Ice Beam|p2a: Gliscor\n|-activate|p2a: Gliscor|move: Protect\n|\n|-status|p2a: Gliscor|tox|[from] item: Toxic Orb\n|upkeep\n|turn|2\n|\n|t:|1782552157\n|switch|p1a: Slowking|Slowking-Galar, F|100/100\n|-terastallize|p2a: Gliscor|Water\n|move|p2a: Gliscor|Toxic|p1a: Slowking\n|-immune|p1a: Slowking\n|\n|upkeep\n|turn|3\n|\n|t:|1782552166\n|move|p2a: Gliscor|Spikes|p1a: Slowking\n|-sidestart|p1: rblt ryo|Spikes\n|-prepare|p1a: Slowking|Chilly Reception|[premajor]\n|move|p1a: Slowking|Chilly Reception|p1a: Slowking\n|-weather|Snowscape\n|\n|t:|1782552181\n|switch|p1a: Kyurem|Kyurem|100/100|[from] Chilly Reception\n|-damage|p1a: Kyurem|88/100|[from] Spikes\n|-ability|p1a: Kyurem|Pressure\n|\n|-weather|Snowscape|[upkeep]\n|upkeep\n|turn|4\n|\n|t:|1782552184\n|-terastallize|p1a: Kyurem|Ice\n|move|p2a: Gliscor|Protect|p2a: Gliscor\n|-singleturn|p2a: Gliscor|Protect\n|move|p1a: Kyurem|Freeze-Dry|p2a: Gliscor\n|-activate|p2a: Gliscor|move: Protect\n|\n|-weather|Snowscape|[upkeep]\n|upkeep\n|turn|5\n|\n|t:|1782552187\n|switch|p2a: Gholdengo|Gholdengo|100/100\n|move|p1a: Kyurem|Freeze-Dry|p2a: Gholdengo\n|-resisted|p2a: Gholdengo\n|-damage|p2a: Gholdengo|60/100\n|\n|-weather|Snowscape|[upkeep]\n|upkeep\n|turn|6\n|\n|t:|1782552192\n|switch|p1a: Mandibuzz|Mandibuzz, F|100/100\n|move|p2a: Gholdengo|Recover|p2a: Gholdengo\n|-heal|p2a: Gholdengo|100/100\n|\n|-weather|Snowscape|[upkeep]\n|upkeep\n|turn|7\n|\n|t:|1782552199\n|switch|p2a: Gliscor|Gliscor, F, tera:Water|100/100 tox\n|move|p1a: Mandibuzz|U-turn|p2a: Gliscor\n|-damage|p2a: Gliscor|91/100 tox\n|\n|t:|1782552205\n|switch|p1a: Kyurem|Kyurem, tera:Ice|88/100|[from] U-turn\n|-damage|p1a: Kyurem|76/100|[from] Spikes\n|-ability|p1a: Kyurem|Pressure\n|\n|-weather|none\n|-heal|p2a: Gliscor|100/100 tox|[from] ability: Poison Heal\n|upkeep\n|turn|8\n|\n|t:|1782552222\n|move|p2a: Gliscor|Protect|p2a: Gliscor\n|-singleturn|p2a: Gliscor|Protect\n|move|p1a: Kyurem|Freeze-Dry|p2a: Gliscor\n|-activate|p2a: Gliscor|move: Protect\n|\n|upkeep\n|turn|9\n|\n|t:|1782552224\n|switch|p2a: Gholdengo|Gholdengo|100/100\n|move|p1a: Kyurem|Freeze-Dry|p2a: Gholdengo\n|-resisted|p2a: Gholdengo\n|-damage|p2a: Gholdengo|56/100\n|-status|p2a: Gholdengo|frz\n|\n|upkeep\n|turn|10\n|\n|t:|1782552228\n|cant|p2a: Gholdengo|frz\n|move|p1a: Kyurem|Freeze-Dry|p2a: Gholdengo\n|-resisted|p2a: Gholdengo\n|-damage|p2a: Gholdengo|15/100 frz\n|\n|upkeep\n|turn|11\n|\n|t:|1782552230\n|cant|p2a: Gholdengo|frz\n|move|p1a: Kyurem|Freeze-Dry|p2a: Gholdengo\n|-resisted|p2a: Gholdengo\n|-damage|p2a: Gholdengo|0 fnt\n|faint|p2a: Gholdengo\n|\n|upkeep\n|\n|t:|1782552233\n|switch|p2a: Zamazenta|Zamazenta|100/100\n|-ability|p2a: Zamazenta|Dauntless Shield|boost\n|-boost|p2a: Zamazenta|def|1\n|turn|12\n|\n|t:|1782552239\n|switch|p2a: Ting-Lu|Ting-Lu|100/100\n|-ability|p2a: Ting-Lu|Vessel of Ruin\n|switch|p1a: Slowking|Slowking-Galar, F|100/100\n|-damage|p1a: Slowking|88/100|[from] Spikes\n|\n|upkeep\n|turn|13\n|\n|t:|1782552247\n|move|p2a: Ting-Lu|Stealth Rock|p1a: Slowking\n|-sidestart|p1: rblt ryo|move: Stealth Rock\n|move|p1a: Slowking|Sludge Bomb|p2a: Ting-Lu\n|-resisted|p2a: Ting-Lu\n|-damage|p2a: Ting-Lu|93/100\n|\n|-heal|p2a: Ting-Lu|99/100|[from] item: Leftovers\n|upkeep\n|turn|14\n|\n|t:|1782552250\n|switch|p1a: Mandibuzz|Mandibuzz, F|100/100\n|move|p2a: Ting-Lu|Earthquake|p1a: Mandibuzz\n|-immune|p1a: Mandibuzz\n|\n|-heal|p2a: Ting-Lu|100/100|[from] item: Leftovers\n|upkeep\n|turn|15\n|\n|t:|1782552255\n|move|p1a: Mandibuzz|Defog|p2a: Ting-Lu\n|-unboost|p2a: Ting-Lu|evasion|1\n|-sideend|p1: rblt ryo|Spikes|[from] move: Defog|[of] p1a: Mandibuzz\n|-sideend|p1: rblt ryo|Stealth Rock|[from] move: Defog|[of] p1a: Mandibuzz\n|move|p2a: Ting-Lu|Ruination|p1a: Mandibuzz\n|-damage|p1a: Mandibuzz|51/100\n|\n|upkeep\n|turn|16\n|\n|t:|1782552261\n|move|p1a: Mandibuzz|Roost|p1a: Mandibuzz\n|-heal|p1a: Mandibuzz|100/100\n|-singleturn|p1a: Mandibuzz|move: Roost\n|move|p2a: Ting-Lu|Stealth Rock|p1a: Mandibuzz\n|-sidestart|p1: rblt ryo|move: Stealth Rock\n|\n|upkeep\n|turn|17\n|\n|t:|1782552264\n|move|p1a: Mandibuzz|U-turn|p2a: Ting-Lu\n|-supereffective|p2a: Ting-Lu\n|-damage|p2a: Ting-Lu|87/100\n|\n|t:|1782552269\n|switch|p1a: Ogerpon|Ogerpon-Wellspring, F|100/100|[from] U-turn\n|-damage|p1a: Ogerpon|88/100|[from] Stealth Rock\n|move|p2a: Ting-Lu|Ruination|p1a: Ogerpon\n|-damage|p1a: Ogerpon|45/100\n|\n|-heal|p2a: Ting-Lu|93/100|[from] item: Leftovers\n|upkeep\n|turn|18\n|\n|t:|1782552275\n|switch|p2a: Dragonite|Dragonite, F|100/100\n|move|p1a: Ogerpon|Synthesis|p1a: Ogerpon\n|-heal|p1a: Ogerpon|95/100\n|\n|upkeep\n|turn|19\n|\n|t:|1782552284\n|move|p1a: Ogerpon|Play Rough|p2a: Dragonite\n|-supereffective|p2a: Dragonite\n|-damage|p2a: Dragonite|67/100\n|move|p2a: Dragonite|Dragon Tail|p1a: Ogerpon\n|-damage|p1a: Ogerpon|48/100\n|drag|p1a: Slowking|Slowking-Galar, F|100/100\n|-damage|p1a: Slowking|88/100|[from] Stealth Rock\n|\n|upkeep\n|turn|20\n|\n|t:|1782552291\n|switch|p2a: Ting-Lu|Ting-Lu|93/100\n|-ability|p2a: Ting-Lu|Vessel of Ruin\n|move|p1a: Slowking|Ice Beam|p2a: Ting-Lu\n|-supereffective|p2a: Ting-Lu\n|-damage|p2a: Ting-Lu|76/100\n|\n|-heal|p2a: Ting-Lu|82/100|[from] item: Leftovers\n|upkeep\n|turn|21\n|\n|t:|1782552303\n|move|p2a: Ting-Lu|Ruination|p1a: Slowking\n|-damage|p1a: Slowking|44/100\n|-prepare|p1a: Slowking|Chilly Reception|[premajor]\n|move|p1a: Slowking|Chilly Reception|p1a: Slowking\n|-weather|Snowscape\n|\n|t:|1782552305\n|switch|p1a: Ogerpon|Ogerpon-Wellspring, F|48/100|[from] Chilly Reception\n|-damage|p1a: Ogerpon|35/100|[from] Stealth Rock\n|\n|-weather|Snowscape|[upkeep]\n|-heal|p2a: Ting-Lu|88/100|[from] item: Leftovers\n|upkeep\n|turn|22\n|\n|t:|1782552315\n|switch|p2a: Dragonite|Dragonite, F|67/100\n|move|p1a: Ogerpon|Synthesis|p1a: Ogerpon\n|-heal|p1a: Ogerpon|60/100\n|\n|-weather|Snowscape|[upkeep]\n|upkeep\n|turn|23\n|\n|t:|1782552321\n|move|p1a: Ogerpon|Play Rough|p2a: Dragonite\n|-supereffective|p2a: Dragonite\n|-damage|p2a: Dragonite|7/100\n|move|p2a: Dragonite|Dragon Tail|p1a: Ogerpon|[miss]\n|-miss|p2a: Dragonite|p1a: Ogerpon\n|\n|-weather|Snowscape|[upkeep]\n|upkeep\n|turn|24\n|\n|t:|1782552326\n|move|p2a: Dragonite|Extreme Speed|p1a: Ogerpon\n|-damage|p1a: Ogerpon|19/100\n|move|p1a: Ogerpon|Ivy Cudgel|p2a: Dragonite|[anim] Ivy Cudgel Water\n|-resisted|p2a: Dragonite\n|-damage|p2a: Dragonite|0 fnt\n|faint|p2a: Dragonite\n|\n|-weather|Snowscape|[upkeep]\n|upkeep\n|\n|t:|1782552332\n|switch|p2a: Ogerpon|Ogerpon, F|100/100\n|turn|25\n|\n|t:|1782552342\n|switch|p1a: Mandibuzz|Mandibuzz, F|100/100\n|move|p2a: Ogerpon|Ivy Cudgel|p1a: Mandibuzz\n|-resisted|p1a: Mandibuzz\n|-crit|p1a: Mandibuzz\n|-damage|p1a: Mandibuzz|80/100\n|\n|-weather|none\n|upkeep\n|turn|26\n|\n|t:|1782552348\n|move|p2a: Ogerpon|Knock Off|p1a: Mandibuzz\n|-resisted|p1a: Mandibuzz\n|-damage|p1a: Mandibuzz|71/100\n|-enditem|p1a: Mandibuzz|Heavy-Duty Boots|[from] move: Knock Off|[of] p2a: Ogerpon\n|move|p1a: Mandibuzz|U-turn|p2a: Ogerpon\n|-supereffective|p2a: Ogerpon\n|-crit|p2a: Ogerpon\n|-damage|p2a: Ogerpon|57/100\n|\n|t:|1782552350\n|switch|p1a: Cinderace|Cinderace, M|100/100|[from] U-turn\n|\n|upkeep\n|turn|27\n|\n|t:|1782552355\n|switch|p2a: Gliscor|Gliscor, F, tera:Water|100/100 tox\n|move|p1a: Cinderace|Court Change|p1a: Cinderace\n|-start|p1a: Cinderace|typechange|Normal|[from] ability: Libero\n|-swapsideconditions\n|-activate|p1a: Cinderace|move: Court Change\n|\n|upkeep\n|turn|28\n|\n|t:|1782552367\n|move|p1a: Cinderace|U-turn|p2a: Gliscor\n|-damage|p2a: Gliscor|84/100 tox\n|\n|t:|1782552368\n|switch|p1a: Kyurem|Kyurem, tera:Ice|76/100|[from] U-turn\n|-ability|p1a: Kyurem|Pressure\n|move|p2a: Gliscor|Toxic|p1a: Kyurem\n|-status|p1a: Kyurem|tox\n|\n|-damage|p1a: Kyurem|70/100 tox|[from] psn\n|-heal|p2a: Gliscor|97/100 tox|[from] ability: Poison Heal\n|upkeep\n|turn|29\n|\n|t:|1782552372\n|move|p2a: Gliscor|Protect|p2a: Gliscor\n|-singleturn|p2a: Gliscor|Protect\n|move|p1a: Kyurem|Freeze-Dry|p2a: Gliscor\n|-activate|p2a: Gliscor|move: Protect\n|\n|-damage|p1a: Kyurem|58/100 tox|[from] psn\n|-heal|p2a: Gliscor|100/100 tox|[from] ability: Poison Heal\n|upkeep\n|turn|30\n|\n|t:|1782552376\n|switch|p2a: Zamazenta|Zamazenta|100/100\n|move|p1a: Kyurem|Freeze-Dry|p2a: Zamazenta\n|-damage|p2a: Zamazenta|28/100\n|\n|-damage|p1a: Kyurem|39/100 tox|[from] psn\n|upkeep\n|turn|31\n|\n|t:|1782552381\n|switch|p2a: Ting-Lu|Ting-Lu|88/100\n|-damage|p2a: Ting-Lu|82/100|[from] Stealth Rock\n|-ability|p2a: Ting-Lu|Vessel of Ruin\n|switch|p1a: Slowking|Slowking-Galar, F|78/100\n|\n|-heal|p2a: Ting-Lu|88/100|[from] item: Leftovers\n|upkeep\n|turn|32\n|\n|t:|1782552387\n|move|p2a: Ting-Lu|Stealth Rock|p1a: Slowking\n|-sidestart|p1: rblt ryo|move: Stealth Rock\n|-prepare|p1a: Slowking|Chilly Reception|[premajor]\n|move|p1a: Slowking|Chilly Reception|p1a: Slowking\n|-weather|Snowscape\n|\n|t:|1782552401\n|switch|p1a: Great Tusk|Great Tusk|100/100|[from] Chilly Reception\n|-damage|p1a: Great Tusk|98/100|[from] Stealth Rock\n|\n|-weather|Snowscape|[upkeep]\n|-heal|p2a: Ting-Lu|95/100|[from] item: Leftovers\n|upkeep\n|turn|33\n|\n|t:|1782552404\n|move|p1a: Great Tusk|Close Combat|p2a: Ting-Lu\n|-supereffective|p2a: Ting-Lu\n|-damage|p2a: Ting-Lu|22/100\n|-unboost|p1a: Great Tusk|def|1\n|-unboost|p1a: Great Tusk|spd|1\n|move|p2a: Ting-Lu|Ruination|p1a: Great Tusk\n|-damage|p1a: Great Tusk|49/100\n|\n|-weather|Snowscape|[upkeep]\n|-heal|p2a: Ting-Lu|28/100|[from] item: Leftovers\n|upkeep\n|turn|34\n|\n|t:|1782552409\n|move|p1a: Great Tusk|Close Combat|p2a: Ting-Lu\n|-supereffective|p2a: Ting-Lu\n|-damage|p2a: Ting-Lu|0 fnt\n|-unboost|p1a: Great Tusk|def|1\n|-unboost|p1a: Great Tusk|spd|1\n|faint|p2a: Ting-Lu\n|\n|-weather|Snowscape|[upkeep]\n|upkeep\n|\n|t:|1782552411\n|switch|p2a: Ogerpon|Ogerpon, F|57/100\n|turn|35\n|\n|t:|1782552414\n|move|p1a: Great Tusk|Close Combat|p2a: Ogerpon\n|-damage|p2a: Ogerpon|0 fnt\n|-unboost|p1a: Great Tusk|def|1\n|-unboost|p1a: Great Tusk|spd|1\n|faint|p2a: Ogerpon\n|\n|-weather|Snowscape|[upkeep]\n|upkeep\n|\n|t:|1782552416\n|switch|p2a: Gliscor|Gliscor, F, tera:Water|100/100 tox\n|-damage|p2a: Gliscor|88/100 tox|[from] Stealth Rock\n|turn|36\n|\n|t:|1782552426\n|-end|p1a: Great Tusk|Protosynthesis|[silent]\n|switch|p1a: Cinderace|Cinderace, M|100/100\n|move|p2a: Gliscor|Earthquake|p1a: Cinderace\n|-supereffective|p1a: Cinderace\n|-damage|p1a: Cinderace|13/100\n|\n|-weather|none\n|-heal|p2a: Gliscor|100/100 tox|[from] ability: Poison Heal\n|upkeep\n|turn|37\n|\n|t:|1782552435\n|move|p1a: Cinderace|Sucker Punch||[still]\n|-fail|p1a: Cinderace\n|move|p2a: Gliscor|Spikes|p1a: Cinderace\n|-sidestart|p1: rblt ryo|Spikes\n|\n|upkeep\n|turn|38\n|\n|t:|1782552445\n|move|p1a: Cinderace|U-turn|p2a: Gliscor\n|-start|p1a: Cinderace|typechange|Bug|[from] ability: Libero\n|-damage|p2a: Gliscor|75/100 tox\n|\n|t:|1782552446\n|switch|p1a: Mandibuzz|Mandibuzz, F|71/100|[from] U-turn\n|-damage|p1a: Mandibuzz|46/100|[from] Stealth Rock\n|move|p2a: Gliscor|Earthquake|p1a: Mandibuzz\n|-immune|p1a: Mandibuzz\n|\n|-heal|p2a: Gliscor|87/100 tox|[from] ability: Poison Heal\n|upkeep\n|turn|39\n|\n|t:|1782552454\n|move|p2a: Gliscor|Toxic|p1a: Mandibuzz\n|-status|p1a: Mandibuzz|tox\n|move|p1a: Mandibuzz|Roost|p1a: Mandibuzz\n|-heal|p1a: Mandibuzz|96/100 tox\n|-singleturn|p1a: Mandibuzz|move: Roost\n|\n|-heal|p2a: Gliscor|99/100 tox|[from] ability: Poison Heal\n|-damage|p1a: Mandibuzz|90/100 tox|[from] psn\n|upkeep\n|turn|40\n|j| dasasfafas\n|\n|t:|1782552457\n|move|p2a: Gliscor|Protect|p2a: Gliscor\n|-singleturn|p2a: Gliscor|Protect\n|move|p1a: Mandibuzz|Defog|p2a: Gliscor\n|-activate|p2a: Gliscor|move: Protect\n|\n|-heal|p2a: Gliscor|100/100 tox|[from] ability: Poison Heal\n|-damage|p1a: Mandibuzz|78/100 tox|[from] psn\n|upkeep\n|turn|41\n|\n|t:|1782552460\n|move|p2a: Gliscor|Protect||[still]\n|-fail|p2a: Gliscor\n|move|p1a: Mandibuzz|Defog|p2a: Gliscor\n|-unboost|p2a: Gliscor|evasion|1\n|-sideend|p2: Danger #68|Stealth Rock|[from] move: Defog|[of] p1a: Mandibuzz\n|-sideend|p1: rblt ryo|Spikes|[from] move: Defog|[of] p1a: Mandibuzz\n|-sideend|p1: rblt ryo|Stealth Rock|[from] move: Defog|[of] p1a: Mandibuzz\n|\n|-damage|p1a: Mandibuzz|60/100 tox|[from] psn\n|upkeep\n|turn|42\n|\n|t:|1782552463\n|switch|p1a: Kyurem|Kyurem, tera:Ice|39/100 tox\n|-ability|p1a: Kyurem|Pressure\n|move|p2a: Gliscor|Spikes|p1a: Kyurem\n|-sidestart|p1: rblt ryo|Spikes\n|\n|-damage|p1a: Kyurem|33/100 tox|[from] psn\n|upkeep\n|turn|43\n|\n|t:|1782552468\n|move|p2a: Gliscor|Protect|p2a: Gliscor\n|-singleturn|p2a: Gliscor|Protect\n|move|p1a: Kyurem|Freeze-Dry|p2a: Gliscor\n|-activate|p2a: Gliscor|move: Protect\n|\n|-damage|p1a: Kyurem|21/100 tox|[from] psn\n|upkeep\n|turn|44\n|\n|t:|1782552472\n|switch|p2a: Zamazenta|Zamazenta|28/100\n|move|p1a: Kyurem|Freeze-Dry|p2a: Zamazenta\n|-damage|p2a: Zamazenta|0 fnt\n|faint|p2a: Zamazenta\n|\n|-damage|p1a: Kyurem|2/100 tox|[from] psn\n|upkeep\n|\n|t:|1782552474\n|switch|p2a: Gliscor|Gliscor, F, tera:Water|100/100 tox\n|turn|45\n|\n|t:|1782552493\n|switch|p1a: Slowking|Slowking-Galar, F|100/100\n|-damage|p1a: Slowking|88/100|[from] Spikes\n|move|p2a: Gliscor|Protect||[still]\n|-fail|p2a: Gliscor\n|\n|upkeep\n|turn|46\n|\n|t:|1782552505\n|move|p2a: Gliscor|Spikes|p1a: Slowking\n|-sidestart|p1: rblt ryo|Spikes\n|move|p1a: Slowking|Future Sight|p2a: Gliscor\n|-start|p1a: Slowking|move: Future Sight\n|\n|upkeep\n|turn|47\n|\n|t:|1782552508\n|move|p2a: Gliscor|Spikes|p1a: Slowking\n|-sidestart|p1: rblt ryo|Spikes\n|-prepare|p1a: Slowking|Chilly Reception|[premajor]\n|move|p1a: Slowking|Chilly Reception|p1a: Slowking\n|-weather|Snowscape\n|\n|t:|1782552509\n|switch|p1a: Mandibuzz|Mandibuzz, F|60/100 tox|[from] Chilly Reception\n|\n|-weather|Snowscape|[upkeep]\n|-damage|p1a: Mandibuzz|53/100 tox|[from] psn\n|upkeep\n|turn|48\n|\n|t:|1782552514\n|move|p2a: Gliscor|Protect|p2a: Gliscor\n|-singleturn|p2a: Gliscor|Protect\n|move|p1a: Mandibuzz|Roost|p1a: Mandibuzz\n|-heal|p1a: Mandibuzz|100/100 tox\n|-singleturn|p1a: Mandibuzz|move: Roost\n|\n|-weather|Snowscape|[upkeep]\n|-end|p2a: Gliscor|move: Future Sight\n|-damage|p2a: Gliscor|64/100 tox\n|-heal|p2a: Gliscor|76/100 tox|[from] ability: Poison Heal\n|-damage|p1a: Mandibuzz|88/100 tox|[from] psn\n|upkeep\n|turn|49\n|\n|t:|1782552517\n|move|p2a: Gliscor|Toxic|p1a: Mandibuzz\n|-fail|p1a: Mandibuzz|tox\n|move|p1a: Mandibuzz|Defog|p2a: Gliscor\n|-unboost|p2a: Gliscor|evasion|1\n|-sideend|p1: rblt ryo|Spikes|[from] move: Defog|[of] p1a: Mandibuzz\n|\n|-weather|Snowscape|[upkeep]\n|-heal|p2a: Gliscor|89/100 tox|[from] ability: Poison Heal\n|-damage|p1a: Mandibuzz|70/100 tox|[from] psn\n|upkeep\n|turn|50\n|\n|t:|1782552528\n|move|p2a: Gliscor|Spikes|p1a: Mandibuzz\n|-sidestart|p1: rblt ryo|Spikes\n|move|p1a: Mandibuzz|U-turn|p2a: Gliscor\n|-damage|p2a: Gliscor|80/100 tox\n|\n|t:|1782552545\n|switch|p1a: Slowking|Slowking-Galar, F|100/100|[from] U-turn\n|-damage|p1a: Slowking|88/100|[from] Spikes\n|\n|-weather|Snowscape|[upkeep]\n|-heal|p2a: Gliscor|93/100 tox|[from] ability: Poison Heal\n|upkeep\n|turn|51\n|\n|t:|1782552548\n|move|p2a: Gliscor|Earthquake|p1a: Slowking\n|-supereffective|p1a: Slowking\n|-damage|p1a: Slowking|39/100\n|-prepare|p1a: Slowking|Chilly Reception|[premajor]\n|move|p1a: Slowking|Chilly Reception|p1a: Slowking\n|\n|t:|1782552557\n|switch|p1a: Ogerpon|Ogerpon-Wellspring, F|19/100|[from] Chilly Reception\n|-damage|p1a: Ogerpon|7/100|[from] Spikes\n|\n|-weather|none\n|-heal|p2a: Gliscor|100/100 tox|[from] ability: Poison Heal\n|upkeep\n|turn|52\n|\n|t:|1782552562\n|move|p1a: Ogerpon|Synthesis|p1a: Ogerpon\n|-heal|p1a: Ogerpon|57/100\n|move|p2a: Gliscor|Toxic|p1a: Ogerpon\n|-status|p1a: Ogerpon|tox\n|\n|-damage|p1a: Ogerpon|51/100 tox|[from] psn\n|upkeep\n|turn|53\n|\n|t:|1782552565\n|move|p1a: Ogerpon|Synthesis|p1a: Ogerpon\n|-heal|p1a: Ogerpon|100/100 tox\n|move|p2a: Gliscor|Earthquake|p1a: Ogerpon\n|-resisted|p1a: Ogerpon\n|-damage|p1a: Ogerpon|78/100 tox\n|\n|-damage|p1a: Ogerpon|66/100 tox|[from] psn\n|upkeep\n|turn|54\n|\n|t:|1782552575\n|switch|p1a: Mandibuzz|Mandibuzz, F|70/100 tox\n|move|p2a: Gliscor|Earthquake|p1a: Mandibuzz\n|-immune|p1a: Mandibuzz\n|\n|-damage|p1a: Mandibuzz|64/100 tox|[from] psn\n|upkeep\n|turn|55\n|c|☆Danger #68|U are really bad\n|-message|Danger #68 forfeited.\n|\n|win|rblt ryo\n|raw|rblt ryo's rating: 1731 &rarr; <strong>1758</strong><br />(+27 for winning)\n|raw|Danger #68's rating: 1858 &rarr; <strong>1831</strong><br />(-27 for losing)\n|l|☆Danger #68\n|player|p2|\n", "uploadtime": 1782552610, "views": 10, "formatid": "gen9ou", "rating": 1758, "private": 0, "password": null}