{"id": "gen9ou-2540940889", "format": "[Gen 9] OU", "players": ["9thJimLeader", "GooseChaser3"], "log": "|j|☆9thJimLeader\n|j|☆GooseChaser3\n|t:|1771269234\n|gametype|singles\n|player|p1|9thJimLeader|2|1526\n|player|p2|GooseChaser3|lance-masters|1548\n|gen|9\n|tier|[Gen 9] OU\n|rated|\n|rule|HP Percentage Mod: HP is shown in percentages\n|rule|Endless Battle Clause: Forcing endless battles is banned\n|rule|Species Clause: Limit one of each Pokémon\n|rule|OHKO Clause: OHKO moves are banned\n|rule|Evasion Items Clause: Evasion items are banned\n|rule|Evasion Moves Clause: Evasion moves are banned\n|rule|Evasion Abilities Clause: Evasion abilities are banned\n|rule|Sleep Moves Clause: Sleep-inducing moves are banned\n|clearpoke\n|poke|p1|Maushold|\n|poke|p1|Primarina, M|\n|poke|p1|Lycanroc-Midnight, F|\n|poke|p1|Eelektross, M|\n|poke|p1|Corviknight, F|\n|poke|p1|Dragapult, F|\n|poke|p2|Hydrapple, F|\n|poke|p2|Gholdengo|\n|poke|p2|Great Tusk|\n|poke|p2|Darkrai|\n|poke|p2|Zapdos|\n|poke|p2|Kyurem|\n|teampreview\n|inactive|Battle timer is ON: inactive players will automatically lose when time's up. (requested by GooseChaser3)\n|\n|t:|1771269243\n|teamsize|p1|6\n|teamsize|p2|6\n|start\n|switch|p1a: Primarina|Primarina, M|100/100\n|switch|p2a: Darkrai|Darkrai|100/100\n|turn|1\n|c|☆GooseChaser3|gl hf!\n|\n|t:|1771269249\n|switch|p2a: Gholdengo|Gholdengo|100/100\n|-item|p2a: Gholdengo|Air Balloon\n|move|p1a: Primarina|Moonblast|p2a: Gholdengo\n|-resisted|p2a: Gholdengo\n|-damage|p2a: Gholdengo|77/100\n|-enditem|p2a: Gholdengo|Air Balloon\n|\n|upkeep\n|turn|2\n|\n|t:|1771269252\n|move|p2a: Gholdengo|Thunder Wave|p1a: Primarina\n|-status|p1a: Primarina|par\n|move|p1a: Primarina|Surf|p2a: Gholdengo\n|-damage|p2a: Gholdengo|28/100\n|\n|upkeep\n|turn|3\n|\n|t:|1771269258\n|move|p2a: Gholdengo|Recover|p2a: Gholdengo\n|-heal|p2a: Gholdengo|78/100\n|cant|p1a: Primarina|par\n|\n|upkeep\n|turn|4\n|\n|t:|1771269284\n|switch|p1a: Eelektross|Eelektross, M|100/100\n|move|p2a: Gholdengo|Hex|p1a: Eelektross\n|-damage|p1a: Eelektross|60/100\n|\n|upkeep\n|turn|5\n|c|☆9thJimLeader|U2\n|\n|t:|1771269299\n|move|p2a: Gholdengo|Hex|p1a: Eelektross\n|-damage|p1a: Eelektross|18/100\n|move|p1a: Eelektross|Flamethrower|p2a: Gholdengo\n|-supereffective|p2a: Gholdengo\n|-damage|p2a: Gholdengo|16/100\n|-status|p2a: Gholdengo|brn\n|\n|-damage|p2a: Gholdengo|10/100 brn|[from] brn\n|upkeep\n|turn|6\n|\n|t:|1771269307\n|-singleturn|p1a: Eelektross|move: Focus Punch\n|move|p2a: Gholdengo|Recover|p2a: Gholdengo\n|-heal|p2a: Gholdengo|60/100 brn\n|move|p1a: Eelektross|Focus Punch|p2a: Gholdengo\n|-immune|p2a: Gholdengo\n|\n|-damage|p2a: Gholdengo|54/100 brn|[from] brn\n|upkeep\n|turn|7\n|\n|t:|1771269310\n|move|p2a: Gholdengo|Recover|p2a: Gholdengo\n|-heal|p2a: Gholdengo|100/100 brn\n|move|p1a: Eelektross|Flamethrower|p2a: Gholdengo\n|-supereffective|p2a: Gholdengo\n|-damage|p2a: Gholdengo|43/100 brn\n|\n|-damage|p2a: Gholdengo|37/100 brn|[from] brn\n|upkeep\n|turn|8\n|\n|t:|1771269314\n|move|p2a: Gholdengo|Hex|p1a: Eelektross\n|-damage|p1a: Eelektross|0 fnt\n|faint|p1a: Eelektross\n|\n|-damage|p2a: Gholdengo|31/100 brn|[from] brn\n|upkeep\n|\n|t:|1771269319\n|switch|p1a: Lycanroc|Lycanroc-Midnight, F|100/100\n|turn|9\n|\n|t:|1771269324\n|switch|p2a: Great Tusk|Great Tusk|100/100\n|move|p1a: Lycanroc|Stone Edge|p2a: Great Tusk\n|-resisted|p2a: Great Tusk\n|-damage|p2a: Great Tusk|94/100\n|\n|upkeep\n|turn|10\n|\n|t:|1771269329\n|switch|p1a: Dragapult|Dragapult, F|100/100\n|move|p2a: Great Tusk|Stealth Rock|p1a: Dragapult\n|-sidestart|p1: 9thJimLeader|move: Stealth Rock\n|\n|upkeep\n|turn|11\n|\n|t:|1771269332\n|move|p1a: Dragapult|Substitute|p1a: Dragapult\n|-start|p1a: Dragapult|Substitute\n|-damage|p1a: Dragapult|76/100\n|move|p2a: Great Tusk|Ice Spinner|p1a: Dragapult\n|-supereffective|p1a: Dragapult\n|-end|p1a: Dragapult|Substitute\n|\n|-heal|p1a: Dragapult|82/100|[from] item: Leftovers\n|upkeep\n|turn|12\n|\n|t:|1771269334\n|move|p1a: Dragapult|Will-O-Wisp|p2a: Great Tusk\n|-status|p2a: Great Tusk|brn\n|move|p2a: Great Tusk|Ice Spinner|p1a: Dragapult\n|-supereffective|p1a: Dragapult\n|-damage|p1a: Dragapult|49/100\n|\n|-heal|p1a: Dragapult|55/100|[from] item: Leftovers\n|-damage|p2a: Great Tusk|87/100 brn|[from] brn\n|upkeep\n|turn|13\n|\n|t:|1771269340\n|-end|p2a: Great Tusk|Protosynthesis|[silent]\n|switch|p2a: Darkrai|Darkrai|100/100\n|move|p1a: Dragapult|Dragon Dance|p1a: Dragapult\n|-boost|p1a: Dragapult|atk|1\n|-boost|p1a: Dragapult|spe|1\n|\n|-heal|p1a: Dragapult|61/100|[from] item: Leftovers\n|upkeep\n|turn|14\n|\n|t:|1771269347\n|move|p1a: Dragapult|Dragon Darts|p2a: Darkrai\n|-damage|p2a: Darkrai|55/100\n|-anim|p1a: Dragapult|Dragon Darts|p2a: Darkrai\n|-damage|p2a: Darkrai|5/100\n|move|p2a: Darkrai|Dark Pulse|p1a: Dragapult\n|-supereffective|p1a: Dragapult\n|-damage|p1a: Dragapult|0 fnt\n|faint|p1a: Dragapult\n|\n|upkeep\n|\n|t:|1771269353\n|switch|p1a: Maushold|Maushold|100/100\n|-damage|p1a: Maushold|88/100|[from] Stealth Rock\n|turn|15\n|\n|t:|1771269359\n|switch|p2a: Zapdos|Zapdos|100/100\n|move|p1a: Maushold|Tidy Up|p1a: Maushold\n|-sideend|p1: 9thJimLeader|Stealth Rock\n|-activate|p1a: Maushold|move: Tidy Up\n|-boost|p1a: Maushold|atk|1\n|-boost|p1a: Maushold|spe|1\n|\n|upkeep\n|turn|16\n|\n|t:|1771269373\n|move|p1a: Maushold|Population Bomb|p2a: Zapdos\n|-damage|p2a: Zapdos|85/100\n|-damage|p2a: Zapdos|68/100\n|-damage|p2a: Zapdos|51/100\n|-status|p1a: Maushold|par|[from] ability: Static|[of] p2a: Zapdos\n|-damage|p2a: Zapdos|32/100\n|-damage|p2a: Zapdos|16/100\n|-crit|p2a: Zapdos\n|-damage|p2a: Zapdos|0 fnt\n|faint|p2a: Zapdos\n|-hitcount|p2: Zapdos|6\n|\n|upkeep\n|\n|t:|1771269381\n|switch|p2a: Hydrapple|Hydrapple, F, shiny|100/100\n|turn|17\n|\n|t:|1771269386\n|move|p1a: Maushold|Population Bomb|p2a: Hydrapple\n|-damage|p2a: Hydrapple|87/100\n|-damage|p2a: Hydrapple|76/100\n|-damage|p2a: Hydrapple|63/100\n|-damage|p2a: Hydrapple|51/100\n|-damage|p2a: Hydrapple|38/100\n|-damage|p2a: Hydrapple|26/100\n|-damage|p2a: Hydrapple|14/100\n|-damage|p2a: Hydrapple|2/100\n|-damage|p2a: Hydrapple|0 fnt\n|faint|p2a: Hydrapple\n|-hitcount|p2: Hydrapple|9\n|\n|upkeep\n|\n|t:|1771269390\n|switch|p2a: Darkrai|Darkrai|5/100\n|turn|18\n|\n|t:|1771269393\n|move|p2a: Darkrai|Dark Pulse|p1a: Maushold\n|-damage|p1a: Maushold|22/100 par\n|move|p1a: Maushold|Population Bomb|p2a: Darkrai\n|-damage|p2a: Darkrai|0 fnt\n|faint|p2a: Darkrai\n|-hitcount|p2: Darkrai|1\n|\n|upkeep\n|\n|t:|1771269401\n|switch|p2a: Kyurem|Kyurem|100/100\n|-ability|p2a: Kyurem|Pressure\n|turn|19\n|\n|t:|1771269405\n|move|p2a: Kyurem|Icicle Spear|p1a: Maushold\n|-damage|p1a: Maushold|0 fnt\n|faint|p1a: Maushold\n|-hitcount|p1: Maushold|1\n|\n|upkeep\n|\n|t:|1771269408\n|switch|p1a: Primarina|Primarina, M|100/100 par\n|turn|20\n|\n|t:|1771269434\n|switch|p2a: Great Tusk|Great Tusk|87/100 brn\n|move|p1a: Primarina|Moonblast|p2a: Great Tusk\n|-supereffective|p2a: Great Tusk\n|-damage|p2a: Great Tusk|0 fnt\n|faint|p2a: Great Tusk\n|-end|p2a: Great Tusk|Protosynthesis|[silent]\n|\n|upkeep\n|\n|t:|1771269436\n|switch|p2a: Gholdengo|Gholdengo|31/100 brn\n|turn|21\n|\n|t:|1771269439\n|move|p2a: Gholdengo|Recover|p2a: Gholdengo\n|-heal|p2a: Gholdengo|81/100 brn\n|move|p1a: Primarina|Surf|p2a: Gholdengo\n|-damage|p2a: Gholdengo|37/100 brn\n|\n|-damage|p2a: Gholdengo|31/100 brn|[from] brn\n|upkeep\n|turn|22\n|\n|t:|1771269460\n|move|p2a: Gholdengo|Recover|p2a: Gholdengo\n|-heal|p2a: Gholdengo|81/100 brn\n|move|p1a: Primarina|Surf|p2a: Gholdengo\n|-damage|p2a: Gholdengo|35/100 brn\n|\n|-damage|p2a: Gholdengo|29/100 brn|[from] brn\n|upkeep\n|turn|23\n|\n|t:|1771269465\n|-terastallize|p2a: Gholdengo|Water\n|move|p2a: Gholdengo|Recover|p2a: Gholdengo\n|-heal|p2a: Gholdengo|79/100 brn\n|cant|p1a: Primarina|par\n|\n|-damage|p2a: Gholdengo|73/100 brn|[from] brn\n|upkeep\n|turn|24\n|\n|t:|1771269470\n|move|p2a: Gholdengo|Hex|p1a: Primarina\n|-damage|p1a: Primarina|41/100 par\n|move|p1a: Primarina|Calm Mind|p1a: Primarina\n|-boost|p1a: Primarina|spa|1\n|-boost|p1a: Primarina|spd|1\n|\n|-damage|p2a: Gholdengo|67/100 brn|[from] brn\n|upkeep\n|turn|25\n|\n|t:|1771269493\n|move|p2a: Gholdengo|Hex|p1a: Primarina\n|-damage|p1a: Primarina|3/100 par\n|move|p1a: Primarina|Moonblast|p2a: Gholdengo\n|-damage|p2a: Gholdengo|0 fnt\n|faint|p2a: Gholdengo\n|\n|upkeep\n|\n|t:|1771269496\n|switch|p2a: Kyurem|Kyurem|100/100\n|-ability|p2a: Kyurem|Pressure\n|turn|26\n|-enditem|p1a: Primarina|Custap Berry|[eat]\n|-activate|p1a: Primarina|item: Custap Berry|[consumed]\n|\n|t:|1771269499\n|cant|p1a: Primarina|par\n|move|p2a: Kyurem|Icicle Spear|p1a: Primarina\n|-resisted|p1a: Primarina\n|-damage|p1a: Primarina|0 fnt\n|faint|p1a: Primarina\n|-hitcount|p1: Primarina|1\n|\n|upkeep\n|\n|t:|1771269503\n|switch|p1a: Lycanroc|Lycanroc-Midnight, F|100/100\n|turn|27\n|\n|t:|1771269509\n|-terastallize|p1a: Lycanroc|Rock\n|move|p1a: Lycanroc|Stone Edge|p2a: Kyurem\n|-supereffective|p2a: Kyurem\n|-damage|p2a: Kyurem|0 fnt\n|faint|p2a: Kyurem\n|\n|win|9thJimLeader\n|raw|9thJimLeader's rating: 1526 &rarr; <strong>1547</strong><br />(+21 for winning)\n|raw|GooseChaser3's rating: 1548 &rarr; <strong>1527</strong><br />(-21 for losing)\n|l|☆GooseChaser3\n|player|p2|\n|c|☆9thJimLeader|Gg\n|l|☆9thJimLeader\n|player|p1|\n", "uploadtime": 1771269746, "views": 2, "formatid": "gen9ou", "rating": 1527, "private": 0, "password": null}