{"id": "gen9ou-2639308198", "format": "[Gen 9] OU", "players": ["altyWIN", "fusty333"], "log": "|j|☆altyWIN\n|j|☆fusty333\n|t:|1782450148\n|gametype|singles\n|player|p1|altyWIN|backpacker|1422\n|player|p2|fusty333|furisodegirl-white|1446\n|gen|9\n|tier|[Gen 9] OU\n|rated|\n|rule|HP Percentage Mod: HP is shown in percentages\n|rule|Endless Battle Clause: Forcing endless battles is banned\n|rule|Species Clause: Limit one of each Pokémon\n|rule|OHKO Clause: OHKO moves are banned\n|rule|Evasion Items Clause: Evasion items are banned\n|rule|Evasion Moves Clause: Evasion moves are banned\n|rule|Evasion Abilities Clause: Evasion abilities are banned\n|rule|Sleep Moves Clause: Sleep-inducing moves are banned\n|clearpoke\n|poke|p1|Grimmsnarl, M|\n|poke|p1|Haxorus, M|\n|poke|p1|Hatterene, F|\n|poke|p1|Iron Crown|\n|poke|p1|Great Tusk|\n|poke|p1|Ceruledge, F|\n|poke|p2|Dragapult, F|\n|poke|p2|Excadrill, F|\n|poke|p2|Rotom-Heat|\n|poke|p2|Corviknight, F|\n|poke|p2|Araquanid, F|\n|poke|p2|Zamazenta-*|\n|teampreview\n|\n|t:|1782450157\n|teamsize|p1|6\n|teamsize|p2|6\n|start\n|switch|p1a: Grimmsnarl|Grimmsnarl, M|100/100\n|switch|p2a: Rotom|Rotom-Heat|100/100\n|turn|1\n|\n|t:|1782450161\n|move|p1a: Grimmsnarl|Light Screen|p1a: Grimmsnarl\n|-sidestart|p1: altyWIN|move: Light Screen\n|move|p2a: Rotom|Trick|p1a: Grimmsnarl\n|-activate|p2a: Rotom|move: Trick|[of] p1a: Grimmsnarl\n|-item|p1a: Grimmsnarl|Choice Scarf|[from] move: Trick\n|-item|p2a: Rotom|Light Clay|[from] move: Trick\n|\n|upkeep\n|turn|2\n|\n|t:|1782450171\n|move|p1a: Grimmsnarl|Reflect|p1a: Grimmsnarl\n|-sidestart|p1: altyWIN|Reflect\n|move|p2a: Rotom|Volt Switch|p1a: Grimmsnarl\n|-damage|p1a: Grimmsnarl|83/100\n|\n|t:|1782450173\n|switch|p2a: Dragapult|Dragapult, F|100/100|[from] Volt Switch\n|\n|upkeep\n|turn|3\n|\n|t:|1782450229\n|switch|p1a: Hatterene|Hatterene, F|100/100\n|move|p2a: Dragapult|Shadow Ball|p1a: Hatterene\n|-supereffective|p1a: Hatterene\n|-damage|p1a: Hatterene|0 fnt\n|faint|p1a: Hatterene\n|\n|upkeep\n|\n|t:|1782450256\n|switch|p1a: Haxorus|Haxorus, M|100/100\n|-ability|p1a: Haxorus|Mold Breaker\n|turn|4\n|inactive|Battle timer is ON: inactive players will automatically lose when time's up. (requested by altyWIN)\n|inactive|fusty333 has 120 seconds left.\n|inactive|altyWIN has 120 seconds left.\n|\n|t:|1782450323\n|move|p2a: Dragapult|Shadow Ball|p1a: Haxorus\n|-damage|p1a: Haxorus|17/100\n|move|p1a: Haxorus|Scale Shot|p2a: Dragapult\n|-supereffective|p2a: Dragapult\n|-damage|p2a: Dragapult|58/100\n|-supereffective|p2a: Dragapult\n|-damage|p2a: Dragapult|18/100\n|-supereffective|p2a: Dragapult\n|-damage|p2a: Dragapult|0 fnt\n|faint|p2a: Dragapult\n|-hitcount|p2: Dragapult|3\n|-unboost|p1a: Haxorus|def|1\n|-boost|p1a: Haxorus|spe|1\n|\n|upkeep\n|\n|t:|1782450327\n|switch|p2a: Corviknight|Corviknight, F, shiny|100/100\n|turn|5\n|\n|t:|1782450344\n|switch|p1a: Iron Crown|Iron Crown|100/100\n|-enditem|p1a: Iron Crown|Booster Energy\n|-activate|p1a: Iron Crown|ability: Quark Drive|[fromitem]\n|-start|p1a: Iron Crown|quarkdrivespa\n|move|p2a: Corviknight|Brave Bird|p1a: Iron Crown\n|-resisted|p1a: Iron Crown\n|-damage|p1a: Iron Crown|91/100\n|-damage|p2a: Corviknight|98/100|[from] Recoil\n|\n|upkeep\n|turn|6\n|\n|t:|1782450357\n|switch|p2a: Araquanid|Araquanid, F, shiny|100/100\n|move|p1a: Iron Crown|Agility|p1a: Iron Crown\n|-boost|p1a: Iron Crown|spe|2\n|\n|-sideend|p1: altyWIN|Reflect\n|upkeep\n|turn|7\n|\n|t:|1782450366\n|move|p1a: Iron Crown|Calm Mind|p1a: Iron Crown\n|-boost|p1a: Iron Crown|spa|1\n|-boost|p1a: Iron Crown|spd|1\n|move|p2a: Araquanid|Liquidation|p1a: Iron Crown\n|-damage|p1a: Iron Crown|48/100\n|\n|upkeep\n|turn|8\n|\n|t:|1782450384\n|move|p1a: Iron Crown|Calm Mind|p1a: Iron Crown\n|-boost|p1a: Iron Crown|spa|1\n|-boost|p1a: Iron Crown|spd|1\n|move|p2a: Araquanid|Liquidation|p1a: Iron Crown\n|-damage|p1a: Iron Crown|0 fnt\n|faint|p1a: Iron Crown\n|-end|p1a: Iron Crown|Quark Drive|[silent]\n|\n|-sideend|p1: altyWIN|move: Light Screen\n|upkeep\n|inactive|altyWIN has 120 seconds left.\n|\n|t:|1782450414\n|switch|p1a: Grimmsnarl|Grimmsnarl, M|83/100\n|turn|9\n|\n|t:|1782450437\n|move|p1a: Grimmsnarl|Reflect|p1a: Grimmsnarl\n|-sidestart|p1: altyWIN|Reflect\n|move|p2a: Araquanid|Liquidation|p1a: Grimmsnarl\n|-damage|p1a: Grimmsnarl|57/100\n|-unboost|p1a: Grimmsnarl|def|1\n|\n|upkeep\n|turn|10\n|inactive|altyWIN has 120 seconds left.\n|\n|t:|1782450459\n|switch|p1a: Haxorus|Haxorus, M|17/100\n|-ability|p1a: Haxorus|Mold Breaker\n|move|p2a: Araquanid|Infestation|p1a: Haxorus\n|-damage|p1a: Haxorus|11/100\n|-activate|p1a: Haxorus|move: Infestation|[of] p2a: Araquanid\n|\n|-damage|p1a: Haxorus|0 fnt|[from] move: Infestation|[partiallytrapped]\n|faint|p1a: Haxorus\n|upkeep\n|\n|t:|1782450462\n|switch|p1a: Ceruledge|Ceruledge, F|100/100\n|turn|11\n|inactive|altyWIN has 120 seconds left.\n|\n|t:|1782450490\n|move|p1a: Ceruledge|Swords Dance|p1a: Ceruledge\n|-boost|p1a: Ceruledge|atk|2\n|move|p2a: Araquanid|Liquidation|p1a: Ceruledge\n|-supereffective|p1a: Ceruledge\n|-damage|p1a: Ceruledge|35/100\n|-ability|p1a: Ceruledge|Weak Armor|boost\n|-unboost|p1a: Ceruledge|def|1\n|-boost|p1a: Ceruledge|spe|2\n|\n|upkeep\n|turn|12\n|\n|t:|1782450495\n|switch|p2a: Rotom|Rotom-Heat|100/100\n|move|p1a: Ceruledge|Poltergeist|p2a: Rotom\n|-activate|p2a: Rotom|move: Poltergeist|Light Clay\n|-damage|p2a: Rotom|0 fnt\n|faint|p2a: Rotom\n|-damage|p1a: Ceruledge|25/100|[from] item: Life Orb\n|\n|upkeep\n|\n|t:|1782450497\n|switch|p2a: Corviknight|Corviknight, F, shiny|98/100\n|turn|13\n|\n|t:|1782450504\n|-terastallize|p2a: Corviknight|Dragon\n|move|p1a: Ceruledge|Bitter Blade|p2a: Corviknight\n|-resisted|p2a: Corviknight\n|-damage|p2a: Corviknight|61/100\n|-heal|p1a: Ceruledge|51/100|[from] drain|[of] p2a: Corviknight\n|-damage|p1a: Ceruledge|34/100|[from] item: Rocky Helmet|[of] p2a: Corviknight\n|-damage|p1a: Ceruledge|24/100|[from] item: Life Orb\n|move|p2a: Corviknight|Brave Bird|p1a: Ceruledge\n|-damage|p1a: Ceruledge|0 fnt\n|faint|p1a: Ceruledge\n|-damage|p2a: Corviknight|55/100|[from] Recoil\n|\n|-sideend|p1: altyWIN|Reflect\n|upkeep\n|\n|t:|1782450524\n|switch|p1a: Grimmsnarl|Grimmsnarl, M|57/100\n|turn|14\n|\n|t:|1782450527\n|move|p1a: Grimmsnarl|Reflect|p1a: Grimmsnarl\n|-sidestart|p1: altyWIN|Reflect\n|move|p2a: Corviknight|U-turn|p1a: Grimmsnarl\n|-damage|p1a: Grimmsnarl|48/100\n|\n|t:|1782450531\n|switch|p2a: Araquanid|Araquanid, F, shiny|100/100|[from] U-turn\n|\n|upkeep\n|turn|15\n|\n|t:|1782450535\n|move|p1a: Grimmsnarl|Reflect||[still]\n|-fail|p1a: Grimmsnarl\n|move|p2a: Araquanid|Liquidation|p1a: Grimmsnarl\n|-damage|p1a: Grimmsnarl|20/100\n|-unboost|p1a: Grimmsnarl|def|1\n|\n|upkeep\n|turn|16\n|\n|t:|1782450539\n|move|p1a: Grimmsnarl|Reflect||[still]\n|-fail|p1a: Grimmsnarl\n|move|p2a: Araquanid|Liquidation|p1a: Grimmsnarl\n|-damage|p1a: Grimmsnarl|0 fnt\n|faint|p1a: Grimmsnarl\n|\n|upkeep\n|\n|t:|1782450541\n|switch|p1a: Great Tusk|Great Tusk|100/100\n|-enditem|p1a: Great Tusk|Booster Energy\n|-activate|p1a: Great Tusk|ability: Protosynthesis|[fromitem]\n|-start|p1a: Great Tusk|protosynthesisspe\n|turn|17\n|\n|t:|1782450566\n|move|p1a: Great Tusk|Bulk Up|p1a: Great Tusk\n|-boost|p1a: Great Tusk|atk|1\n|-boost|p1a: Great Tusk|def|1\n|move|p2a: Araquanid|Liquidation|p1a: Great Tusk\n|-supereffective|p1a: Great Tusk\n|-damage|p1a: Great Tusk|81/100\n|\n|upkeep\n|turn|18\n|inactive|altyWIN has 120 seconds left.\n|\n|t:|1782450590\n|move|p1a: Great Tusk|Bulk Up|p1a: Great Tusk\n|-boost|p1a: Great Tusk|atk|1\n|-boost|p1a: Great Tusk|def|1\n|move|p2a: Araquanid|Infestation|p1a: Great Tusk\n|-resisted|p1a: Great Tusk\n|-damage|p1a: Great Tusk|78/100\n|-activate|p1a: Great Tusk|move: Infestation|[of] p2a: Araquanid\n|\n|-damage|p1a: Great Tusk|66/100|[from] move: Infestation|[partiallytrapped]\n|-sideend|p1: altyWIN|Reflect\n|upkeep\n|turn|19\n|inactive|altyWIN has 120 seconds left.\n|\n|t:|1782450612\n|-terastallize|p1a: Great Tusk|Steel\n|move|p1a: Great Tusk|Headlong Rush|p2a: Araquanid\n|-resisted|p2a: Araquanid\n|-damage|p2a: Araquanid|41/100\n|-unboost|p1a: Great Tusk|def|1\n|-unboost|p1a: Great Tusk|spd|1\n|move|p2a: Araquanid|Liquidation|p1a: Great Tusk\n|-damage|p1a: Great Tusk|48/100\n|\n|-damage|p1a: Great Tusk|36/100|[from] move: Infestation|[partiallytrapped]\n|upkeep\n|turn|20\n|\n|t:|1782450620\n|move|p1a: Great Tusk|Headlong Rush|p2a: Araquanid\n|-resisted|p2a: Araquanid\n|-damage|p2a: Araquanid|0 fnt\n|-unboost|p1a: Great Tusk|def|1\n|-unboost|p1a: Great Tusk|spd|1\n|faint|p2a: Araquanid\n|\n|-end|p1a: Great Tusk|Infestation|[partiallytrapped]|[silent]\n|upkeep\n|\n|t:|1782450623\n|switch|p2a: Corviknight|Corviknight, F, shiny, tera:Dragon|55/100\n|turn|21\n|\n|t:|1782450631\n|move|p1a: Great Tusk|Headlong Rush|p2a: Corviknight\n|-crit|p2a: Corviknight\n|-damage|p2a: Corviknight|0 fnt\n|-unboost|p1a: Great Tusk|def|1\n|-unboost|p1a: Great Tusk|spd|1\n|-damage|p1a: Great Tusk|19/100|[from] item: Rocky Helmet|[of] p2a: Corviknight\n|faint|p2a: Corviknight\n|\n|upkeep\n|\n|t:|1782450638\n|switch|p2a: Excadrill|Excadrill, F|100/100\n|-ability|p2a: Excadrill|Mold Breaker\n|turn|22\n|\n|t:|1782450641\n|move|p1a: Great Tusk|Headlong Rush|p2a: Excadrill\n|-supereffective|p2a: Excadrill\n|-damage|p2a: Excadrill|0 fnt\n|-unboost|p1a: Great Tusk|def|1\n|-unboost|p1a: Great Tusk|spd|1\n|faint|p2a: Excadrill\n|\n|upkeep\n|\n|t:|1782450644\n|switch|p2a: Zamazenta|Zamazenta|100/100\n|-ability|p2a: Zamazenta|Dauntless Shield|boost\n|-boost|p2a: Zamazenta|def|1\n|turn|23\n|\n|t:|1782450649\n|move|p1a: Great Tusk|Headlong Rush|p2a: Zamazenta\n|-damage|p2a: Zamazenta|41/100\n|-unboost|p1a: Great Tusk|def|1\n|-unboost|p1a: Great Tusk|spd|1\n|move|p2a: Zamazenta|Body Press|p1a: Great Tusk\n|-supereffective|p1a: Great Tusk\n|-damage|p1a: Great Tusk|0 fnt\n|faint|p1a: Great Tusk\n|-end|p1a: Great Tusk|Protosynthesis|[silent]\n|\n|win|fusty333\n|raw|altyWIN's rating: 1407 &rarr; <strong>1389</strong><br />(-18 for losing)\n|raw|fusty333's rating: 1446 &rarr; <strong>1464</strong><br />(+18 for winning)\n|l|☆altyWIN\n|player|p1|\n|l|☆fusty333\n|player|p2|\n", "uploadtime": 1782450854, "views": 3, "formatid": "gen9ou", "rating": 1389, "private": 0, "password": null}