{"id": "gen9ou-2540882249", "format": "[Gen 9] OU", "players": ["thevicpec", "Ancia"], "log": "|j|☆thevicpec\n|j|☆Ancia\n|t:|1771263577\n|gametype|singles\n|player|p1|thevicpec|hoopster|1551\n|player|p2|Ancia|169|1594\n|gen|9\n|tier|[Gen 9] OU\n|rated|\n|rule|HP Percentage Mod: HP is shown in percentages\n|rule|Endless Battle Clause: Forcing endless battles is banned\n|rule|Species Clause: Limit one of each Pokémon\n|rule|OHKO Clause: OHKO moves are banned\n|rule|Evasion Items Clause: Evasion items are banned\n|rule|Evasion Moves Clause: Evasion moves are banned\n|rule|Evasion Abilities Clause: Evasion abilities are banned\n|rule|Sleep Moves Clause: Sleep-inducing moves are banned\n|clearpoke\n|poke|p1|Kyurem|\n|poke|p1|Ogerpon-Wellspring, F|\n|poke|p1|Slowking-Galar, M|\n|poke|p1|Corviknight, F|\n|poke|p1|Garganacl, M|\n|poke|p1|Iron Valiant|\n|poke|p2|Hatterene, F|\n|poke|p2|Ceruledge, M|\n|poke|p2|Hydrapple, M|\n|poke|p2|Milotic, F|\n|poke|p2|Gallade, M|\n|poke|p2|Glimmora, M|\n|teampreview\n|inactive|Battle timer is ON: inactive players will automatically lose when time's up. (requested by Ancia)\n|inactive|thevicpec has 120 seconds left.\n|\n|t:|1771263628\n|teamsize|p1|6\n|teamsize|p2|6\n|start\n|switch|p1a: Ogerpon|Ogerpon-Wellspring, F|100/100\n|switch|p2a: Gallade|Gallade, M|100/100\n|turn|1\n|\n|t:|1771263634\n|move|p1a: Ogerpon|U-turn|p2a: Gallade\n|-damage|p2a: Gallade|55/100\n|\n|t:|1771263637\n|switch|p1a: Corviknight|Corviknight, F|100/100|[from] U-turn\n|-ability|p1a: Corviknight|Pressure\n|move|p2a: Gallade|Sacred Sword|p1a: Corviknight\n|-damage|p1a: Corviknight|57/100\n|-damage|p2a: Gallade|39/100|[from] item: Rocky Helmet|[of] p1a: Corviknight\n|\n|upkeep\n|turn|2\n|\n|t:|1771263647\n|move|p2a: Gallade|Swords Dance|p2a: Gallade\n|-boost|p2a: Gallade|atk|2\n|move|p1a: Corviknight|U-turn|p2a: Gallade\n|-damage|p2a: Gallade|12/100\n|\n|t:|1771263651\n|switch|p1a: Ogerpon|Ogerpon-Wellspring, F|100/100|[from] U-turn\n|\n|upkeep\n|turn|3\n|\n|t:|1771263670\n|move|p1a: Ogerpon|Knock Off|p2a: Gallade\n|-damage|p2a: Gallade|0 fnt\n|-enditem|p2a: Gallade|Lum Berry|[from] move: Knock Off|[of] p1a: Ogerpon\n|faint|p2a: Gallade\n|\n|upkeep\n|\n|t:|1771263674\n|switch|p2a: Hydrapple|Hydrapple, M|100/100\n|turn|4\n|\n|t:|1771263682\n|move|p1a: Ogerpon|Knock Off|p2a: Hydrapple\n|-damage|p2a: Hydrapple|79/100\n|-enditem|p2a: Hydrapple|Heavy-Duty Boots|[from] move: Knock Off|[of] p1a: Ogerpon\n|move|p2a: Hydrapple|Nasty Plot|p2a: Hydrapple\n|-boost|p2a: Hydrapple|spa|2\n|\n|upkeep\n|turn|5\n|\n|t:|1771263689\n|move|p1a: Ogerpon|U-turn|p2a: Hydrapple\n|-supereffective|p2a: Hydrapple\n|-damage|p2a: Hydrapple|50/100\n|\n|t:|1771263695\n|switch|p1a: Slowking|Slowking-Galar, M|100/100|[from] U-turn\n|move|p2a: Hydrapple|Giga Drain|p1a: Slowking\n|-resisted|p1a: Slowking\n|-damage|p1a: Slowking|83/100\n|-heal|p2a: Hydrapple|58/100|[from] drain|[of] p1a: Slowking\n|\n|upkeep\n|turn|6\n|\n|t:|1771263708\n|-terastallize|p2a: Hydrapple|Steel\n|move|p2a: Hydrapple|Nasty Plot|p2a: Hydrapple\n|-boost|p2a: Hydrapple|spa|2\n|move|p1a: Slowking|Sludge Bomb|p2a: Hydrapple\n|-immune|p2a: Hydrapple\n|\n|upkeep\n|turn|7\n|\n|t:|1771263721\n|move|p2a: Hydrapple|Earth Power|p1a: Slowking\n|-supereffective|p1a: Slowking\n|-damage|p1a: Slowking|0 fnt\n|faint|p1a: Slowking\n|\n|upkeep\n|\n|t:|1771263741\n|switch|p1a: Corviknight|Corviknight, F|57/100\n|-ability|p1a: Corviknight|Pressure\n|turn|8\n|\n|t:|1771263749\n|move|p1a: Corviknight|Body Press|p2a: Hydrapple\n|-supereffective|p2a: Hydrapple\n|-damage|p2a: Hydrapple|29/100\n|move|p2a: Hydrapple|Earth Power|p1a: Corviknight\n|-immune|p1a: Corviknight\n|\n|upkeep\n|turn|9\n|\n|t:|1771263755\n|move|p1a: Corviknight|Body Press|p2a: Hydrapple\n|-supereffective|p2a: Hydrapple\n|-damage|p2a: Hydrapple|0 fnt\n|faint|p2a: Hydrapple\n|\n|upkeep\n|\n|t:|1771263761\n|switch|p2a: Ceruledge|Ceruledge, M|100/100\n|turn|10\n|\n|t:|1771263764\n|switch|p1a: Ogerpon|Ogerpon-Wellspring, F|100/100\n|move|p2a: Ceruledge|Swords Dance|p2a: Ceruledge\n|-boost|p2a: Ceruledge|atk|2\n|\n|upkeep\n|turn|11\n|\n|t:|1771263774\n|move|p1a: Ogerpon|Encore|p2a: Ceruledge\n|-start|p2a: Ceruledge|Encore\n|move|p2a: Ceruledge|Swords Dance|p2a: Ceruledge\n|-boost|p2a: Ceruledge|atk|2\n|\n|upkeep\n|turn|12\n|\n|t:|1771263777\n|switch|p2a: Milotic|Milotic, F|100/100\n|move|p1a: Ogerpon|Knock Off|p2a: Milotic\n|-damage|p2a: Milotic|73/100\n|-damage|p1a: Ogerpon|84/100|[from] item: Rocky Helmet|[of] p2a: Milotic\n|-enditem|p2a: Milotic|Rocky Helmet|[from] move: Knock Off|[of] p1a: Ogerpon\n|\n|upkeep\n|turn|13\n|\n|t:|1771263788\n|move|p1a: Ogerpon|Ivy Cudgel|p2a: Milotic|[anim] Ivy Cudgel Water\n|-resisted|p2a: Milotic\n|-damage|p2a: Milotic|50/100\n|move|p2a: Milotic|Ice Beam|p1a: Ogerpon\n|-damage|p1a: Ogerpon|60/100\n|\n|upkeep\n|turn|14\n|\n|t:|1771263799\n|move|p1a: Ogerpon|U-turn|p2a: Milotic\n|-damage|p2a: Milotic|29/100\n|\n|t:|1771263804\n|switch|p1a: Kyurem|Kyurem|100/100|[from] U-turn\n|-ability|p1a: Kyurem|Pressure\n|move|p2a: Milotic|Recover|p2a: Milotic\n|-heal|p2a: Milotic|79/100\n|\n|upkeep\n|turn|15\n|\n|t:|1771263817\n|switch|p2a: Glimmora|Glimmora, M|100/100\n|move|p1a: Kyurem|Scale Shot|p2a: Glimmora\n|-damage|p2a: Glimmora|82/100\n|-activate|p2a: Glimmora|ability: Toxic Debris\n|-sidestart|p1: thevicpec|move: Toxic Spikes\n|-damage|p2a: Glimmora|62/100\n|-activate|p2a: Glimmora|ability: Toxic Debris\n|-sidestart|p1: thevicpec|move: Toxic Spikes\n|-damage|p2a: Glimmora|45/100\n|-damage|p2a: Glimmora|28/100\n|-hitcount|p2a: Glimmora|4\n|-unboost|p1a: Kyurem|def|1\n|-boost|p1a: Kyurem|spe|1\n|\n|upkeep\n|turn|16\n|\n|t:|1771263831\n|move|p1a: Kyurem|Icicle Spear|p2a: Glimmora\n|-damage|p2a: Glimmora|9/100\n|-damage|p2a: Glimmora|0 fnt\n|faint|p2a: Glimmora\n|-hitcount|p2: Glimmora|2\n|\n|upkeep\n|\n|t:|1771263839\n|switch|p2a: Ceruledge|Ceruledge, M|100/100\n|turn|17\n|\n|t:|1771263849\n|move|p2a: Ceruledge|Shadow Sneak|p1a: Kyurem\n|-damage|p1a: Kyurem|73/100\n|move|p1a: Kyurem|Scale Shot|p2a: Ceruledge\n|-damage|p2a: Ceruledge|80/100\n|-ability|p2a: Ceruledge|Weak Armor|boost\n|-unboost|p2a: Ceruledge|def|1\n|-boost|p2a: Ceruledge|spe|2\n|-damage|p2a: Ceruledge|50/100\n|-ability|p2a: Ceruledge|Weak Armor|boost\n|-unboost|p2a: Ceruledge|def|1\n|-boost|p2a: Ceruledge|spe|2\n|-damage|p2a: Ceruledge|11/100\n|-ability|p2a: Ceruledge|Weak Armor|boost\n|-unboost|p2a: Ceruledge|def|1\n|-boost|p2a: Ceruledge|spe|2\n|-crit|p2a: Ceruledge\n|-damage|p2a: Ceruledge|0 fnt\n|faint|p2a: Ceruledge\n|-hitcount|p2: Ceruledge|4\n|-unboost|p1a: Kyurem|def|1\n|-boost|p1a: Kyurem|spe|1\n|\n|upkeep\n|\n|t:|1771263854\n|switch|p2a: Hatterene|Hatterene, F|100/100\n|turn|18\n|\n|t:|1771263868\n|move|p1a: Kyurem|Icicle Spear|p2a: Hatterene\n|-damage|p2a: Hatterene|88/100\n|-damage|p2a: Hatterene|77/100\n|-damage|p2a: Hatterene|64/100\n|-damage|p2a: Hatterene|52/100\n|-damage|p2a: Hatterene|38/100\n|-hitcount|p2a: Hatterene|5\n|move|p2a: Hatterene|Draining Kiss|p1a: Kyurem\n|-supereffective|p1a: Kyurem\n|-damage|p1a: Kyurem|31/100\n|-heal|p2a: Hatterene|77/100|[from] drain|[of] p1a: Kyurem\n|\n|-heal|p2a: Hatterene|83/100|[from] item: Leftovers\n|upkeep\n|turn|19\n|\n|t:|1771263877\n|move|p1a: Kyurem|Icicle Spear|p2a: Hatterene\n|-damage|p2a: Hatterene|69/100\n|-damage|p2a: Hatterene|57/100\n|-damage|p2a: Hatterene|45/100\n|-damage|p2a: Hatterene|33/100\n|-hitcount|p2a: Hatterene|4\n|move|p2a: Hatterene|Draining Kiss|p1a: Kyurem\n|-supereffective|p1a: Kyurem\n|-damage|p1a: Kyurem|0 fnt\n|-heal|p2a: Hatterene|61/100|[from] drain|[of] p1a: Kyurem\n|faint|p1a: Kyurem\n|\n|-heal|p2a: Hatterene|67/100|[from] item: Leftovers\n|upkeep\n|\n|t:|1771263903\n|switch|p1a: Corviknight|Corviknight, F|57/100\n|-ability|p1a: Corviknight|Pressure\n|turn|20\n|\n|t:|1771263912\n|switch|p2a: Milotic|Milotic, F|79/100\n|move|p1a: Corviknight|Defog|p2a: Milotic\n|-unboost|p2a: Milotic|evasion|1\n|-ability|p2a: Milotic|Competitive|boost\n|-boost|p2a: Milotic|spa|2\n|-sideend|p1: thevicpec|Toxic Spikes|[from] move: Defog|[of] p1a: Corviknight\n|\n|upkeep\n|turn|21\n|\n|t:|1771263920\n|move|p2a: Milotic|Substitute|p2a: Milotic\n|-start|p2a: Milotic|Substitute\n|-damage|p2a: Milotic|54/100\n|move|p1a: Corviknight|U-turn|p2a: Milotic\n|-activate|p2a: Milotic|move: Substitute|[damage]\n|\n|t:|1771263923\n|switch|p1a: Ogerpon|Ogerpon-Wellspring, F|60/100|[from] U-turn\n|\n|upkeep\n|turn|22\n|\n|t:|1771263928\n|move|p1a: Ogerpon|Encore|p2a: Milotic\n|-start|p2a: Milotic|Encore\n|move|p2a: Milotic|Substitute|p2a: Milotic\n|-fail|p2a: Milotic|move: Substitute\n|\n|upkeep\n|turn|23\n|\n|t:|1771263934\n|move|p1a: Ogerpon|Ivy Cudgel|p2a: Milotic|[anim] Ivy Cudgel Water\n|-resisted|p2a: Milotic\n|-end|p2a: Milotic|Substitute\n|move|p2a: Milotic|Substitute|p2a: Milotic\n|-start|p2a: Milotic|Substitute\n|-damage|p2a: Milotic|29/100\n|\n|upkeep\n|turn|24\n|\n|t:|1771263943\n|-terastallize|p1a: Ogerpon|Water\n|detailschange|p1a: Ogerpon|Ogerpon-Wellspring-Tera, F, tera:Water\n|-ability|p1a: Ogerpon|Embody Aspect (Wellspring)|boost\n|-boost|p1a: Ogerpon|spd|1\n|move|p1a: Ogerpon|Ivy Cudgel|p2a: Milotic|[anim] Ivy Cudgel Water\n|-resisted|p2a: Milotic\n|-end|p2a: Milotic|Substitute\n|move|p2a: Milotic|Substitute|p2a: Milotic\n|-start|p2a: Milotic|Substitute\n|-damage|p2a: Milotic|4/100\n|\n|-end|p2a: Milotic|Encore\n|upkeep\n|turn|25\n|\n|t:|1771263955\n|move|p1a: Ogerpon|Encore|p2a: Milotic\n|-start|p2a: Milotic|Encore\n|move|p2a: Milotic|Substitute|p2a: Milotic\n|-fail|p2a: Milotic|move: Substitute\n|\n|upkeep\n|turn|26\n|\n|t:|1771263958\n|move|p1a: Ogerpon|Ivy Cudgel|p2a: Milotic|[anim] Ivy Cudgel Water\n|-resisted|p2a: Milotic\n|-end|p2a: Milotic|Substitute\n|move|p2a: Milotic|Substitute|p2a: Milotic\n|-fail|p2a: Milotic|move: Substitute|[weak]\n|\n|upkeep\n|turn|27\n|\n|t:|1771263961\n|move|p1a: Ogerpon|Ivy Cudgel|p2a: Milotic|[anim] Ivy Cudgel Water\n|-resisted|p2a: Milotic\n|-damage|p2a: Milotic|0 fnt\n|faint|p2a: Milotic\n|\n|upkeep\n|\n|t:|1771263966\n|switch|p2a: Hatterene|Hatterene, F|67/100\n|turn|28\n|\n|t:|1771263969\n|move|p1a: Ogerpon|Ivy Cudgel|p2a: Hatterene|[anim] Ivy Cudgel Water\n|-damage|p2a: Hatterene|3/100\n|move|p2a: Hatterene|Calm Mind|p2a: Hatterene\n|-boost|p2a: Hatterene|spa|1\n|-boost|p2a: Hatterene|spd|1\n|\n|-heal|p2a: Hatterene|9/100|[from] item: Leftovers\n|upkeep\n|turn|29\n|\n|t:|1771263973\n|move|p1a: Ogerpon|Ivy Cudgel|p2a: Hatterene|[anim] Ivy Cudgel Water\n|-damage|p2a: Hatterene|0 fnt\n|faint|p2a: Hatterene\n|\n|win|thevicpec\n|raw|thevicpec's rating: 1551 &rarr; <strong>1572</strong><br />(+21 for winning)\n|raw|Ancia's rating: 1570 &rarr; <strong>1549</strong><br />(-21 for losing)\n|l|☆thevicpec\n|player|p1|\n|l|☆Ancia\n|player|p2|\n", "uploadtime": 1771264239, "views": 5, "formatid": "gen9ou", "rating": 1549, "private": 0, "password": null}