{"id": "gen9ou-2540746385", "format": "[Gen 9] OU", "players": ["Chigusa_24zono", "Mrmoistmaker"], "log": "|j|☆Chigusa_24zono\n|j|☆Mrmoistmaker\n|t:|1771249097\n|gametype|singles\n|player|p1|Chigusa_24zono|lass|1552\n|player|p2|Mrmoistmaker|aromalady|1577\n|gen|9\n|tier|[Gen 9] OU\n|rated|\n|rule|HP Percentage Mod: HP is shown in percentages\n|rule|Endless Battle Clause: Forcing endless battles is banned\n|rule|Species Clause: Limit one of each Pokémon\n|rule|OHKO Clause: OHKO moves are banned\n|rule|Evasion Items Clause: Evasion items are banned\n|rule|Evasion Moves Clause: Evasion moves are banned\n|rule|Evasion Abilities Clause: Evasion abilities are banned\n|rule|Sleep Moves Clause: Sleep-inducing moves are banned\n|clearpoke\n|poke|p1|Iron Jugulis|\n|poke|p1|Sandy Shocks|\n|poke|p1|Manaphy|\n|poke|p1|Latios, M|\n|poke|p1|Scizor, F|\n|poke|p1|Ogerpon, F|\n|poke|p2|Dragapult, F|\n|poke|p2|Slowking-Galar, F|\n|poke|p2|Hawlucha, F|\n|poke|p2|Kyurem|\n|poke|p2|Ting-Lu|\n|poke|p2|Dondozo, M|\n|teampreview\n|inactive|Battle timer is ON: inactive players will automatically lose when time's up. (requested by Mrmoistmaker)\n|inactive|Chigusa_24zono also wants the timer to be on.\n|j| bjgcjvc\n|\n|t:|1771249103\n|teamsize|p1|6\n|teamsize|p2|6\n|start\n|switch|p1a: Sandy Shocks|Sandy Shocks, shiny|100/100\n|switch|p2a: Hawlucha|Hawlucha, F|100/100\n|-ability|p2a: Hawlucha|Mold Breaker\n|-enditem|p1a: Sandy Shocks|Booster Energy\n|-activate|p1a: Sandy Shocks|ability: Protosynthesis|[fromitem]\n|-start|p1a: Sandy Shocks|protosynthesisspe\n|turn|1\n|\n|t:|1771249107\n|move|p1a: Sandy Shocks|Stealth Rock|p2a: Hawlucha\n|-sidestart|p2: Mrmoistmaker|move: Stealth Rock\n|move|p2a: Hawlucha|U-turn|p1a: Sandy Shocks\n|-damage|p1a: Sandy Shocks|84/100\n|\n|t:|1771249110\n|switch|p2a: Slowking|Slowking-Galar, F|100/100|[from] U-turn\n|-damage|p2a: Slowking|88/100|[from] Stealth Rock\n|\n|-heal|p2a: Slowking|94/100|[from] item: Black Sludge\n|upkeep\n|turn|2\n|\n|t:|1771249113\n|move|p1a: Sandy Shocks|Earth Power|p2a: Slowking\n|-supereffective|p2a: Slowking\n|-damage|p2a: Slowking|39/100\n|move|p2a: Slowking|Trick|p1a: Sandy Shocks\n|-activate|p2a: Slowking|move: Trick|[of] p1a: Sandy Shocks\n|-item|p1a: Sandy Shocks|Black Sludge|[from] move: Trick\n|-enditem|p2a: Slowking|Black Sludge|[silent]|[from] move: Trick\n|\n|-damage|p1a: Sandy Shocks|72/100|[from] item: Black Sludge\n|upkeep\n|turn|3\n|\n|t:|1771249117\n|switch|p2a: Ting-Lu|Ting-Lu|100/100\n|-damage|p2a: Ting-Lu|94/100|[from] Stealth Rock\n|-ability|p2a: Ting-Lu|Vessel of Ruin\n|move|p1a: Sandy Shocks|Spikes|p2a: Ting-Lu\n|-sidestart|p2: Mrmoistmaker|Spikes\n|\n|-damage|p1a: Sandy Shocks|60/100|[from] item: Black Sludge\n|-heal|p2a: Ting-Lu|100/100|[from] item: Leftovers\n|upkeep\n|turn|4\n|\n|t:|1771249119\n|move|p1a: Sandy Shocks|Spikes|p2a: Ting-Lu\n|-sidestart|p2: Mrmoistmaker|Spikes\n|move|p2a: Ting-Lu|Earthquake|p1a: Sandy Shocks\n|-supereffective|p1a: Sandy Shocks\n|-damage|p1a: Sandy Shocks|0 fnt\n|faint|p1a: Sandy Shocks\n|-end|p1a: Sandy Shocks|Protosynthesis|[silent]\n|\n|upkeep\n|\n|t:|1771249125\n|switch|p1a: Ogerpon|Ogerpon, F|100/100\n|turn|5\n|\n|t:|1771249127\n|switch|p2a: Hawlucha|Hawlucha, F|100/100\n|-damage|p2a: Hawlucha|88/100|[from] Stealth Rock\n|-ability|p2a: Hawlucha|Mold Breaker\n|move|p1a: Ogerpon|Swords Dance|p1a: Ogerpon\n|-boost|p1a: Ogerpon|atk|2\n|\n|upkeep\n|turn|6\n|\n|t:|1771249137\n|-terastallize|p1a: Ogerpon|Grass\n|detailschange|p1a: Ogerpon|Ogerpon-Teal-Tera, F, tera:Grass\n|-ability|p1a: Ogerpon|Embody Aspect (Teal)|boost\n|-boost|p1a: Ogerpon|spe|1\n|move|p1a: Ogerpon|Ivy Cudgel|p2a: Hawlucha\n|-resisted|p2a: Hawlucha\n|-damage|p2a: Hawlucha|17/100\n|-damage|p1a: Ogerpon|91/100|[from] item: Life Orb\n|move|p2a: Hawlucha|Defog|p1a: Ogerpon\n|-unboost|p1a: Ogerpon|evasion|1\n|-sideend|p2: Mrmoistmaker|Spikes|[from] move: Defog|[of] p2a: Hawlucha\n|-sideend|p2: Mrmoistmaker|Stealth Rock|[from] move: Defog|[of] p2a: Hawlucha\n|\n|upkeep\n|turn|7\n|\n|t:|1771249160\n|move|p1a: Ogerpon|Ivy Cudgel|p2a: Hawlucha\n|-resisted|p2a: Hawlucha\n|-damage|p2a: Hawlucha|0 fnt\n|faint|p2a: Hawlucha\n|-damage|p1a: Ogerpon|81/100|[from] item: Life Orb\n|\n|upkeep\n|\n|t:|1771249163\n|switch|p2a: Dondozo|Dondozo, M|100/100\n|turn|8\n|\n|t:|1771249167\n|-terastallize|p2a: Dondozo|Dark\n|move|p1a: Ogerpon|Ivy Cudgel|p2a: Dondozo\n|-damage|p2a: Dondozo|50/100\n|-damage|p1a: Ogerpon|71/100|[from] item: Life Orb\n|move|p2a: Dondozo|Curse|p2a: Dondozo\n|-unboost|p2a: Dondozo|spe|1\n|-boost|p2a: Dondozo|atk|1\n|-boost|p2a: Dondozo|def|1\n|\n|-heal|p2a: Dondozo|56/100|[from] item: Leftovers\n|upkeep\n|turn|9\n|\n|t:|1771249171\n|move|p1a: Ogerpon|Encore|p2a: Dondozo\n|-start|p2a: Dondozo|Encore\n|move|p2a: Dondozo|Curse|p2a: Dondozo\n|-unboost|p2a: Dondozo|spe|1\n|-boost|p2a: Dondozo|atk|1\n|-boost|p2a: Dondozo|def|1\n|\n|-heal|p2a: Dondozo|62/100|[from] item: Leftovers\n|upkeep\n|turn|10\n|\n|t:|1771249173\n|move|p1a: Ogerpon|Swords Dance|p1a: Ogerpon\n|-boost|p1a: Ogerpon|atk|2\n|move|p2a: Dondozo|Curse|p2a: Dondozo\n|-unboost|p2a: Dondozo|spe|1\n|-boost|p2a: Dondozo|atk|1\n|-boost|p2a: Dondozo|def|1\n|\n|-heal|p2a: Dondozo|68/100|[from] item: Leftovers\n|upkeep\n|turn|11\n|\n|t:|1771249175\n|move|p1a: Ogerpon|Swords Dance|p1a: Ogerpon\n|-boost|p1a: Ogerpon|atk|2\n|move|p2a: Dondozo|Curse|p2a: Dondozo\n|-unboost|p2a: Dondozo|spe|1\n|-boost|p2a: Dondozo|atk|1\n|-boost|p2a: Dondozo|def|1\n|\n|-heal|p2a: Dondozo|74/100|[from] item: Leftovers\n|-end|p2a: Dondozo|Encore\n|upkeep\n|turn|12\n|\n|t:|1771249178\n|move|p1a: Ogerpon|Ivy Cudgel|p2a: Dondozo\n|-damage|p2a: Dondozo|56/100\n|-damage|p1a: Ogerpon|61/100|[from] item: Life Orb\n|move|p2a: Dondozo|Liquidation|p1a: Ogerpon\n|-resisted|p1a: Ogerpon\n|-damage|p1a: Ogerpon|8/100\n|\n|-heal|p2a: Dondozo|62/100|[from] item: Leftovers\n|upkeep\n|turn|13\n|\n|t:|1771249189\n|move|p1a: Ogerpon|Ivy Cudgel|p2a: Dondozo\n|-damage|p2a: Dondozo|43/100\n|-damage|p1a: Ogerpon|0 fnt|[from] item: Life Orb\n|faint|p1a: Ogerpon\n|detailschange|p1: Ogerpon|Ogerpon, F|[silent]\n|move|p2a: Dondozo|Liquidation|p1: Ogerpon|[notarget]\n|-fail|p2a: Dondozo\n|\n|-heal|p2a: Dondozo|49/100|[from] item: Leftovers\n|upkeep\n|\n|t:|1771249194\n|switch|p1a: Manaphy|Manaphy, shiny|100/100\n|turn|14\n|\n|t:|1771249199\n|move|p1a: Manaphy|Surf|p2a: Dondozo\n|-damage|p2a: Dondozo|26/100\n|move|p2a: Dondozo|Rest|p2a: Dondozo\n|-status|p2a: Dondozo|slp|[from] move: Rest\n|-heal|p2a: Dondozo|100/100 slp|[silent]\n|\n|upkeep\n|turn|15\n|\n|t:|1771249205\n|switch|p1a: Latios|Latios, M, shiny|100/100\n|cant|p2a: Dondozo|slp\n|move|p2a: Dondozo|Sleep Talk|p2a: Dondozo\n|move|p2a: Dondozo|Rest||[from] move: Sleep Talk|[still]\n|-fail|p2a: Dondozo\n|\n|upkeep\n|turn|16\n|\n|t:|1771249209\n|switch|p2a: Slowking|Slowking-Galar, F|73/100\n|move|p1a: Latios|Aura Sphere|p2a: Slowking\n|-resisted|p2a: Slowking\n|-damage|p2a: Slowking|69/100\n|\n|upkeep\n|turn|17\n|\n|t:|1771249217\n|move|p1a: Latios|Agility|p1a: Latios\n|-boost|p1a: Latios|spe|2\n|move|p2a: Slowking|Trick|p1a: Latios\n|-activate|p2a: Slowking|move: Trick|[of] p1a: Latios\n|-enditem|p1a: Latios|Weakness Policy|[silent]|[from] move: Trick\n|-item|p2a: Slowking|Weakness Policy|[from] move: Trick\n|\n|upkeep\n|turn|18\n|\n|t:|1771249222\n|move|p1a: Latios|Calm Mind|p1a: Latios\n|-boost|p1a: Latios|spa|1\n|-boost|p1a: Latios|spd|1\n|move|p2a: Slowking|Sludge Bomb|p1a: Latios\n|-damage|p1a: Latios|80/100\n|\n|upkeep\n|turn|19\n|\n|t:|1771249225\n|move|p1a: Latios|Calm Mind|p1a: Latios\n|-boost|p1a: Latios|spa|1\n|-boost|p1a: Latios|spd|1\n|move|p2a: Slowking|Sludge Bomb|p1a: Latios\n|-damage|p1a: Latios|65/100\n|-status|p1a: Latios|psn\n|\n|-damage|p1a: Latios|52/100 psn|[from] psn\n|upkeep\n|turn|20\n|\n|t:|1771249229\n|move|p1a: Latios|Stored Power|p2a: Slowking\n|-damage|p2a: Slowking|0 fnt\n|faint|p2a: Slowking\n|\n|-damage|p1a: Latios|40/100 psn|[from] psn\n|upkeep\n|\n|t:|1771249232\n|switch|p2a: Dondozo|Dondozo, M, tera:Dark|100/100 slp\n|turn|21\n|\n|t:|1771249236\n|switch|p2a: Dragapult|Dragapult, F|100/100\n|move|p1a: Latios|Aura Sphere|p2a: Dragapult\n|-immune|p2a: Dragapult\n|\n|-damage|p1a: Latios|28/100 psn|[from] psn\n|upkeep\n|turn|22\n|\n|t:|1771249239\n|move|p2a: Dragapult|Quick Attack|p1a: Latios\n|-damage|p1a: Latios|9/100 psn\n|move|p1a: Latios|Aura Sphere|p2a: Dragapult\n|-immune|p2a: Dragapult\n|\n|-damage|p1a: Latios|0 fnt|[from] psn\n|faint|p1a: Latios\n|upkeep\n|\n|t:|1771249245\n|switch|p1a: Iron Jugulis|Iron Jugulis, shiny|100/100\n|-enditem|p1a: Iron Jugulis|Booster Energy\n|-activate|p1a: Iron Jugulis|ability: Quark Drive|[fromitem]\n|-start|p1a: Iron Jugulis|quarkdrivespe\n|turn|23\n|\n|t:|1771249248\n|switch|p2a: Ting-Lu|Ting-Lu|100/100\n|-ability|p2a: Ting-Lu|Vessel of Ruin\n|move|p1a: Iron Jugulis|Hurricane|p2a: Ting-Lu\n|-damage|p2a: Ting-Lu|77/100\n|\n|-heal|p2a: Ting-Lu|83/100|[from] item: Leftovers\n|upkeep\n|turn|24\n|\n|t:|1771249250\n|move|p1a: Iron Jugulis|Taunt|p2a: Ting-Lu\n|-start|p2a: Ting-Lu|move: Taunt\n|move|p2a: Ting-Lu|Payback|p1a: Iron Jugulis\n|-resisted|p1a: Iron Jugulis\n|-damage|p1a: Iron Jugulis|80/100\n|\n|-heal|p2a: Ting-Lu|90/100|[from] item: Leftovers\n|upkeep\n|turn|25\n|\n|t:|1771249253\n|move|p1a: Iron Jugulis|Hurricane|p2a: Ting-Lu\n|-damage|p2a: Ting-Lu|65/100\n|move|p2a: Ting-Lu|Payback|p1a: Iron Jugulis\n|-resisted|p1a: Iron Jugulis\n|-damage|p1a: Iron Jugulis|59/100\n|\n|-heal|p2a: Ting-Lu|71/100|[from] item: Leftovers\n|upkeep\n|turn|26\n|\n|t:|1771249255\n|move|p1a: Iron Jugulis|Hurricane|p2a: Ting-Lu\n|-damage|p2a: Ting-Lu|49/100\n|move|p2a: Ting-Lu|Payback|p1a: Iron Jugulis\n|-resisted|p1a: Iron Jugulis\n|-damage|p1a: Iron Jugulis|35/100\n|\n|-heal|p2a: Ting-Lu|55/100|[from] item: Leftovers\n|-end|p2a: Ting-Lu|move: Taunt\n|upkeep\n|turn|27\n|\n|t:|1771249260\n|move|p1a: Iron Jugulis|Taunt|p2a: Ting-Lu\n|-start|p2a: Ting-Lu|move: Taunt\n|move|p2a: Ting-Lu|Payback|p1a: Iron Jugulis\n|-resisted|p1a: Iron Jugulis\n|-damage|p1a: Iron Jugulis|12/100\n|\n|-heal|p2a: Ting-Lu|61/100|[from] item: Leftovers\n|upkeep\n|turn|28\n|\n|t:|1771249261\n|move|p1a: Iron Jugulis|Hurricane|p2a: Ting-Lu|[miss]\n|-miss|p1a: Iron Jugulis|p2a: Ting-Lu\n|move|p2a: Ting-Lu|Payback|p1a: Iron Jugulis\n|-resisted|p1a: Iron Jugulis\n|-damage|p1a: Iron Jugulis|0 fnt\n|faint|p1a: Iron Jugulis\n|-end|p1a: Iron Jugulis|Quark Drive|[silent]\n|\n|-heal|p2a: Ting-Lu|68/100|[from] item: Leftovers\n|upkeep\n|\n|t:|1771249263\n|switch|p1a: Scizor|Scizor, F, shiny|100/100\n|turn|29\n|\n|t:|1771249269\n|move|p1a: Scizor|Swords Dance|p1a: Scizor\n|-boost|p1a: Scizor|atk|2\n|move|p2a: Ting-Lu|Earthquake|p1a: Scizor\n|-damage|p1a: Scizor|63/100\n|\n|-heal|p2a: Ting-Lu|74/100|[from] item: Leftovers\n|-end|p2a: Ting-Lu|move: Taunt\n|upkeep\n|turn|30\n|\n|t:|1771249272\n|move|p1a: Scizor|Close Combat|p2a: Ting-Lu\n|-supereffective|p2a: Ting-Lu\n|-damage|p2a: Ting-Lu|0 fnt\n|-unboost|p1a: Scizor|def|1\n|-unboost|p1a: Scizor|spd|1\n|faint|p2a: Ting-Lu\n|\n|upkeep\n|\n|t:|1771249276\n|switch|p2a: Dondozo|Dondozo, M, tera:Dark|100/100 slp\n|turn|31\n|\n|t:|1771249279\n|move|p1a: Scizor|Close Combat|p2a: Dondozo\n|-supereffective|p2a: Dondozo\n|-damage|p2a: Dondozo|43/100 slp\n|-unboost|p1a: Scizor|def|1\n|-unboost|p1a: Scizor|spd|1\n|cant|p2a: Dondozo|slp\n|move|p2a: Dondozo|Sleep Talk|p2a: Dondozo\n|move|p2a: Dondozo|Rest||[from] move: Sleep Talk|[still]\n|-fail|p2a: Dondozo\n|\n|-heal|p2a: Dondozo|50/100 slp|[from] item: Leftovers\n|upkeep\n|turn|32\n|\n|t:|1771249283\n|switch|p2a: Dragapult|Dragapult, F|100/100\n|move|p1a: Scizor|Close Combat|p2a: Dragapult\n|-immune|p2a: Dragapult\n|\n|upkeep\n|turn|33\n|\n|t:|1771249288\n|move|p2a: Dragapult|Quick Attack|p1a: Scizor\n|-resisted|p1a: Scizor\n|-damage|p1a: Scizor|42/100\n|-enditem|p1a: Scizor|Sitrus Berry|[eat]\n|-heal|p1a: Scizor|67/100|[from] item: Sitrus Berry\n|move|p1a: Scizor|Bullet Punch|p2a: Dragapult\n|-crit|p2a: Dragapult\n|-damage|p2a: Dragapult|0 fnt\n|faint|p2a: Dragapult\n|\n|upkeep\n|\n|t:|1771249293\n|switch|p2a: Kyurem|Kyurem|100/100\n|-ability|p2a: Kyurem|Pressure\n|turn|34\n|\n|t:|1771249295\n|move|p1a: Scizor|Bullet Punch|p2a: Kyurem\n|-supereffective|p2a: Kyurem\n|-damage|p2a: Kyurem|0 fnt\n|faint|p2a: Kyurem\n|\n|upkeep\n|\n|t:|1771249298\n|switch|p2a: Dondozo|Dondozo, M, tera:Dark|50/100 slp\n|turn|35\n|\n|t:|1771249300\n|move|p1a: Scizor|Close Combat|p2a: Dondozo\n|-supereffective|p2a: Dondozo\n|-damage|p2a: Dondozo|0 fnt\n|-unboost|p1a: Scizor|def|1\n|-unboost|p1a: Scizor|spd|1\n|faint|p2a: Dondozo\n|\n|win|Chigusa_24zono\n|raw|Chigusa_24zono's rating: 1552 &rarr; <strong>1573</strong><br />(+21 for winning)\n|raw|Mrmoistmaker's rating: 1577 &rarr; <strong>1556</strong><br />(-21 for losing)\n|l|☆Mrmoistmaker\n|player|p2|\n|l|☆Chigusa_24zono\n|player|p1|\n", "uploadtime": 1771249555, "views": 8, "formatid": "gen9ou", "rating": 1556, "private": 0, "password": null}