{"id": "gen9ou-2540574997", "format": "[Gen 9] OU", "players": ["minecraft pro 67", "3idk"], "log": "|j|☆minecraft pro 67\n|j|☆3idk\n|t:|1771220438\n|gametype|singles\n|player|p1|minecraft pro 67|cynthia-gen4|1679\n|player|p2|3idk|cynthia-masters|1700\n|gen|9\n|tier|[Gen 9] OU\n|rated|\n|rule|HP Percentage Mod: HP is shown in percentages\n|rule|Endless Battle Clause: Forcing endless battles is banned\n|rule|Species Clause: Limit one of each Pokémon\n|rule|OHKO Clause: OHKO moves are banned\n|rule|Evasion Items Clause: Evasion items are banned\n|rule|Evasion Moves Clause: Evasion moves are banned\n|rule|Evasion Abilities Clause: Evasion abilities are banned\n|rule|Sleep Moves Clause: Sleep-inducing moves are banned\n|clearpoke\n|poke|p1|Gliscor, F|\n|poke|p1|Heatran, F|\n|poke|p1|Sinistcha|\n|poke|p1|Corviknight, M|\n|poke|p1|Iron Valiant|\n|poke|p1|Rotom-Wash|\n|poke|p2|Pelipper, F|\n|poke|p2|Hatterene, F|\n|poke|p2|Iron Treads|\n|poke|p2|Toxicroak, F|\n|poke|p2|Barraskewda, F|\n|poke|p2|Zapdos|\n|teampreview\n|inactive|Battle timer is ON: inactive players will automatically lose when time's up. (requested by 3idk)\n|inactive|3idk has 120 seconds left.\n|inactive|3idk has 90 seconds left.\n|\n|t:|1771220502\n|teamsize|p1|6\n|teamsize|p2|6\n|start\n|switch|p1a: Gliskibidi 😂|Gliscor, F|100/100\n|switch|p2a: Pelipper|Pelipper, F|100/100\n|-weather|RainDance|[from] ability: Drizzle|[of] p2a: Pelipper\n|turn|1\n|inactive|3idk has 120 seconds left.\n|inactive|3idk has 90 seconds left.\n|inactive|3idk has 60 seconds left.\n|inactiveoff|Battle timer is now OFF.\n|\n|t:|1771220605\n|move|p1a: Gliskibidi 😂|Knock Off|p2a: Pelipper\n|-damage|p2a: Pelipper|80/100\n|-enditem|p2a: Pelipper|Damp Rock|[from] move: Knock Off|[of] p1a: Gliskibidi 😂\n|move|p2a: Pelipper|Knock Off|p1a: Gliskibidi 😂\n|-crit|p1a: Gliskibidi 😂\n|-damage|p1a: Gliskibidi 😂|86/100\n|-enditem|p1a: Gliskibidi 😂|Toxic Orb|[from] move: Knock Off|[of] p2a: Pelipper\n|\n|-weather|RainDance|[upkeep]\n|upkeep\n|turn|2\n|\n|t:|1771220624\n|move|p1a: Gliskibidi 😂|Knock Off|p2a: Pelipper\n|-damage|p2a: Pelipper|64/100\n|move|p2a: Pelipper|U-turn|p1a: Gliskibidi 😂\n|-resisted|p1a: Gliskibidi 😂\n|-damage|p1a: Gliskibidi 😂|82/100\n|\n|t:|1771220646\n|switch|p2a: Barraskewda|Barraskewda, F|100/100|[from] U-turn\n|\n|-weather|RainDance|[upkeep]\n|upkeep\n|turn|3\n|\n|t:|1771220650\n|move|p1a: Gliskibidi 😂|Protect|p1a: Gliskibidi 😂\n|-singleturn|p1a: Gliskibidi 😂|Protect\n|move|p2a: Barraskewda|Flip Turn|p1a: Gliskibidi 😂\n|-activate|p1a: Gliskibidi 😂|move: Protect\n|\n|-weather|RainDance|[upkeep]\n|upkeep\n|turn|4\n|\n|t:|1771220699\n|switch|p1a: Scrotom-Washed|Rotom-Wash|100/100\n|move|p2a: Barraskewda|Flip Turn|p1a: Scrotom-Washed\n|-resisted|p1a: Scrotom-Washed\n|-damage|p1a: Scrotom-Washed|63/100\n|\n|t:|1771220719\n|switch|p2a: Zapdos|Zapdos|100/100|[from] Flip Turn\n|\n|-weather|RainDance|[upkeep]\n|-heal|p1a: Scrotom-Washed|69/100|[from] item: Leftovers\n|upkeep\n|turn|5\n|\n|t:|1771220730\n|move|p2a: Zapdos|Thunder|p1a: Scrotom-Washed\n|-damage|p1a: Scrotom-Washed|0 fnt\n|faint|p1a: Scrotom-Washed\n|\n|-weather|RainDance|[upkeep]\n|upkeep\n|\n|t:|1771220734\n|switch|p1a: Gliskibidi 😂|Gliscor, F|82/100\n|turn|6\n|\n|t:|1771220738\n|switch|p2a: Hatterene|Hatterene, F|100/100\n|move|p1a: Gliskibidi 😂|Knock Off|p2a: Hatterene\n|-damage|p2a: Hatterene|80/100\n|-enditem|p2a: Hatterene|Eject Button|[from] move: Knock Off|[of] p1a: Gliskibidi 😂\n|\n|-weather|RainDance|[upkeep]\n|upkeep\n|turn|7\n|\n|t:|1771220743\n|move|p1a: Gliskibidi 😂|Earthquake|p2a: Hatterene\n|-damage|p2a: Hatterene|51/100\n|move|p2a: Hatterene|Psychic Noise|p1a: Gliskibidi 😂\n|-damage|p1a: Gliskibidi 😂|49/100\n|-start|p1a: Gliskibidi 😂|move: Heal Block\n|\n|-weather|RainDance|[upkeep]\n|upkeep\n|turn|8\n|\n|t:|1771220747\n|switch|p2a: Zapdos|Zapdos|100/100\n|move|p1a: Gliskibidi 😂|Earthquake|p2a: Zapdos\n|-immune|p2a: Zapdos\n|\n|-weather|none\n|-end|p1a: Gliskibidi 😂|move: Heal Block\n|upkeep\n|turn|9\n|j| DerGuy\n|\n|t:|1771220753\n|switch|p2a: Pelipper|Pelipper, F|64/100\n|-weather|RainDance|[from] ability: Drizzle|[of] p2a: Pelipper\n|move|p1a: Gliskibidi 😂|Spikes|p2a: Pelipper\n|-sidestart|p2: 3idk|Spikes\n|\n|-weather|RainDance|[upkeep]\n|upkeep\n|turn|10\n|\n|t:|1771220758\n|move|p1a: Gliskibidi 😂|Protect|p1a: Gliskibidi 😂\n|-singleturn|p1a: Gliskibidi 😂|Protect\n|move|p2a: Pelipper|U-turn|p1a: Gliskibidi 😂\n|-activate|p1a: Gliskibidi 😂|move: Protect\n|\n|-weather|RainDance|[upkeep]\n|upkeep\n|turn|11\n|\n|t:|1771220761\n|move|p1a: Gliskibidi 😂|Spikes|p2a: Pelipper\n|-sidestart|p2: 3idk|Spikes\n|move|p2a: Pelipper|Hurricane|p1a: Gliskibidi 😂\n|-damage|p1a: Gliskibidi 😂|15/100\n|\n|-weather|RainDance|[upkeep]\n|upkeep\n|turn|12\n|\n|t:|1771220765\n|move|p1a: Gliskibidi 😂|Protect|p1a: Gliskibidi 😂\n|-singleturn|p1a: Gliskibidi 😂|Protect\n|move|p2a: Pelipper|Roost|p2a: Pelipper\n|-heal|p2a: Pelipper|100/100\n|-singleturn|p2a: Pelipper|move: Roost\n|\n|-weather|RainDance|[upkeep]\n|upkeep\n|turn|13\n|\n|t:|1771220770\n|switch|p1a: Hephaepstein|Heatran, F|100/100\n|move|p2a: Pelipper|Hurricane|p1a: Hephaepstein\n|-resisted|p1a: Hephaepstein\n|-damage|p1a: Hephaepstein|89/100\n|\n|-weather|none\n|-heal|p1a: Hephaepstein|96/100|[from] item: Leftovers\n|upkeep\n|turn|14\n|\n|t:|1771220775\n|move|p1a: Hephaepstein|Lava Plume|p2a: Pelipper\n|-resisted|p2a: Pelipper\n|-damage|p2a: Pelipper|84/100\n|move|p2a: Pelipper|U-turn|p1a: Hephaepstein\n|-resisted|p1a: Hephaepstein\n|-damage|p1a: Hephaepstein|94/100\n|\n|t:|1771220782\n|switch|p2a: Iron Treads|Iron Treads|100/100|[from] U-turn\n|-damage|p2a: Iron Treads|84/100|[from] Spikes\n|\n|-heal|p2a: Iron Treads|90/100|[from] item: Leftovers\n|-heal|p1a: Hephaepstein|99/100|[from] item: Leftovers\n|upkeep\n|turn|15\n|\n|t:|1771220786\n|switch|p1a: Tcharlie Kirsch|Sinistcha|100/100\n|move|p2a: Iron Treads|Earthquake|p1a: Tcharlie Kirsch\n|-resisted|p1a: Tcharlie Kirsch\n|-damage|p1a: Tcharlie Kirsch|86/100\n|\n|-heal|p2a: Iron Treads|96/100|[from] item: Leftovers\n|upkeep\n|turn|16\n|\n|t:|1771220792\n|move|p2a: Iron Treads|Volt Switch|p1a: Tcharlie Kirsch\n|-resisted|p1a: Tcharlie Kirsch\n|-damage|p1a: Tcharlie Kirsch|79/100\n|\n|t:|1771220796\n|-end|p2a: Iron Treads|Quark Drive|[silent]\n|switch|p2a: Toxicroak|Toxicroak, F|100/100|[from] Volt Switch\n|-damage|p2a: Toxicroak|84/100|[from] Spikes\n|move|p1a: Tcharlie Kirsch|Shadow Ball|p2a: Toxicroak\n|-damage|p2a: Toxicroak|43/100\n|\n|upkeep\n|turn|17\n|\n|t:|1771220802\n|switch|p1a: MEGA KNIGHT|Corviknight, M|100/100\n|-ability|p1a: MEGA KNIGHT|Pressure\n|move|p2a: Toxicroak|Toxic|p1a: MEGA KNIGHT\n|-immune|p1a: MEGA KNIGHT\n|\n|upkeep\n|turn|18\n|\n|t:|1771220809\n|switch|p2a: Pelipper|Pelipper, F|84/100\n|-weather|RainDance|[from] ability: Drizzle|[of] p2a: Pelipper\n|move|p1a: MEGA KNIGHT|Brave Bird|p2a: Pelipper\n|-damage|p2a: Pelipper|47/100\n|-damage|p1a: MEGA KNIGHT|90/100|[from] Recoil\n|\n|-weather|RainDance|[upkeep]\n|upkeep\n|turn|19\n|\n|t:|1771220815\n|move|p1a: MEGA KNIGHT|U-turn|p2a: Pelipper\n|-resisted|p2a: Pelipper\n|-damage|p2a: Pelipper|40/100\n|\n|t:|1771220817\n|switch|p1a: Hephaepstein|Heatran, F|99/100|[from] U-turn\n|move|p2a: Pelipper|U-turn|p1a: Hephaepstein\n|-resisted|p1a: Hephaepstein\n|-damage|p1a: Hephaepstein|98/100\n|\n|t:|1771220823\n|switch|p2a: Zapdos|Zapdos|100/100|[from] U-turn\n|\n|-weather|RainDance|[upkeep]\n|-heal|p1a: Hephaepstein|100/100|[from] item: Leftovers\n|upkeep\n|turn|20\n|\n|t:|1771220826\n|move|p1a: Hephaepstein|Protect|p1a: Hephaepstein\n|-singleturn|p1a: Hephaepstein|Protect\n|move|p2a: Zapdos|Weather Ball|p1a: Hephaepstein\n|-activate|p1a: Hephaepstein|move: Protect\n|\n|-weather|RainDance|[upkeep]\n|upkeep\n|turn|21\n|\n|t:|1771220829\n|-terastallize|p1a: Hephaepstein|Dark\n|move|p2a: Zapdos|Weather Ball|p1a: Hephaepstein\n|-damage|p1a: Hephaepstein|51/100\n|move|p1a: Hephaepstein|Stealth Rock|p2a: Zapdos\n|-sidestart|p2: 3idk|move: Stealth Rock\n|\n|-weather|RainDance|[upkeep]\n|-heal|p1a: Hephaepstein|57/100|[from] item: Leftovers\n|upkeep\n|turn|22\n|\n|t:|1771220834\n|move|p1a: Hephaepstein|Protect|p1a: Hephaepstein\n|-singleturn|p1a: Hephaepstein|Protect\n|move|p2a: Zapdos|Weather Ball|p1a: Hephaepstein\n|-activate|p1a: Hephaepstein|move: Protect\n|\n|-weather|none\n|-heal|p1a: Hephaepstein|64/100|[from] item: Leftovers\n|upkeep\n|turn|23\n|\n|t:|1771220843\n|switch|p2a: Hatterene|Hatterene, F|51/100\n|-damage|p2a: Hatterene|34/100|[from] Spikes\n|-damage|p2a: Hatterene|22/100|[from] Stealth Rock\n|move|p1a: Hephaepstein|Lava Plume|p2a: Hatterene\n|-damage|p2a: Hatterene|0 fnt\n|faint|p2a: Hatterene\n|\n|-heal|p1a: Hephaepstein|70/100|[from] item: Leftovers\n|upkeep\n|\n|t:|1771220847\n|switch|p2a: Barraskewda|Barraskewda, F|100/100\n|-damage|p2a: Barraskewda|84/100|[from] Spikes\n|-damage|p2a: Barraskewda|72/100|[from] Stealth Rock\n|turn|24\n|\n|t:|1771220852\n|move|p1a: Hephaepstein|Protect|p1a: Hephaepstein\n|-singleturn|p1a: Hephaepstein|Protect\n|move|p2a: Barraskewda|Close Combat|p1a: Hephaepstein\n|-activate|p1a: Hephaepstein|move: Protect\n|\n|-heal|p1a: Hephaepstein|76/100|[from] item: Leftovers\n|upkeep\n|turn|25\n|\n|t:|1771220861\n|switch|p2a: Zapdos|Zapdos|100/100\n|-damage|p2a: Zapdos|76/100|[from] Stealth Rock\n|switch|p1a: Iron Valiant|Iron Valiant|100/100\n|\n|upkeep\n|turn|26\n|\n|t:|1771220866\n|switch|p2a: Iron Treads|Iron Treads|96/100\n|-damage|p2a: Iron Treads|80/100|[from] Spikes\n|-damage|p2a: Iron Treads|77/100|[from] Stealth Rock\n|move|p1a: Iron Valiant|Moonblast|p2a: Iron Treads\n|-resisted|p2a: Iron Treads\n|-damage|p2a: Iron Treads|62/100\n|\n|-heal|p2a: Iron Treads|68/100|[from] item: Leftovers\n|upkeep\n|turn|27\n|\n|t:|1771220872\n|move|p1a: Iron Valiant|Close Combat|p2a: Iron Treads\n|-supereffective|p2a: Iron Treads\n|-damage|p2a: Iron Treads|0 fnt\n|-unboost|p1a: Iron Valiant|def|1\n|-unboost|p1a: Iron Valiant|spd|1\n|faint|p2a: Iron Treads\n|-end|p2a: Iron Treads|Quark Drive|[silent]\n|\n|upkeep\n|\n|t:|1771220879\n|switch|p2a: Barraskewda|Barraskewda, F|72/100\n|-damage|p2a: Barraskewda|56/100|[from] Spikes\n|-damage|p2a: Barraskewda|43/100|[from] Stealth Rock\n|turn|28\n|\n|t:|1771220886\n|-end|p1a: Iron Valiant|Quark Drive|[silent]\n|switch|p1a: Tcharlie Kirsch|Sinistcha|79/100\n|-terastallize|p2a: Barraskewda|Water\n|move|p2a: Barraskewda|Liquidation|p1a: Tcharlie Kirsch\n|-resisted|p1a: Tcharlie Kirsch\n|-damage|p1a: Tcharlie Kirsch|48/100\n|\n|upkeep\n|turn|29\n|\n|t:|1771220893\n|move|p2a: Barraskewda|Liquidation|p1a: Tcharlie Kirsch\n|-resisted|p1a: Tcharlie Kirsch\n|-damage|p1a: Tcharlie Kirsch|12/100\n|move|p1a: Tcharlie Kirsch|Strength Sap|p2a: Barraskewda\n|-unboost|p2a: Barraskewda|atk|1\n|-heal|p1a: Tcharlie Kirsch|100/100\n|\n|upkeep\n|turn|30\n|-message|3idk forfeited.\n|\n|win|minecraft pro 67\n|raw|minecraft pro 67's rating: 1679 &rarr; <strong>1701</strong><br />(+22 for winning)\n|raw|3idk's rating: 1715 &rarr; <strong>1693</strong><br />(-22 for losing)\n|l|☆3idk\n|player|p2|\n|l|☆minecraft pro 67\n|player|p1|\n|l| DerGuy\n", "uploadtime": 1771221173, "views": 4, "formatid": "gen9ou", "rating": 1693, "private": 0, "password": null}