{"id": "gen9ou-2639204541", "format": "[Gen 9] OU", "players": ["stallmas miracle", "Devrai"], "log": "|j|☆stallmas miracle\n|j|☆Devrai\n|t:|1782433715\n|gametype|singles\n|player|p1|stallmas miracle|101|1418\n|player|p2|Devrai|zinnia|1413\n|gen|9\n|tier|[Gen 9] OU\n|rated|\n|rule|HP Percentage Mod: HP is shown in percentages\n|rule|Endless Battle Clause: Forcing endless battles is banned\n|rule|Species Clause: Limit one of each Pokémon\n|rule|OHKO Clause: OHKO moves are banned\n|rule|Evasion Items Clause: Evasion items are banned\n|rule|Evasion Moves Clause: Evasion moves are banned\n|rule|Evasion Abilities Clause: Evasion abilities are banned\n|rule|Sleep Moves Clause: Sleep-inducing moves are banned\n|clearpoke\n|poke|p1|Lokix, M|\n|poke|p1|Iron Valiant|\n|poke|p1|Alomomola, L99, F|\n|poke|p1|Mandibuzz, F|\n|poke|p1|Great Tusk|\n|poke|p1|Gholdengo|\n|poke|p2|Rillaboom, M|\n|poke|p2|Skeledirge, F|\n|poke|p2|Iron Treads|\n|poke|p2|Latias, F|\n|poke|p2|Incineroar, M|\n|poke|p2|Zamazenta-*|\n|teampreview\n|inactive|Battle timer is ON: inactive players will automatically lose when time's up. (requested by stallmas miracle)\n|inactive|stallmas miracle has 120 seconds left.\n|\n|t:|1782433764\n|teamsize|p1|6\n|teamsize|p2|6\n|start\n|switch|p1a: Mandibuzz|Mandibuzz, F|100/100\n|switch|p2a: TerritorialRotbart|Rillaboom, M, shiny|100/100\n|-fieldstart|move: Grassy Terrain|[from] ability: Grassy Surge|[of] p2a: TerritorialRotbart\n|turn|1\n|\n|t:|1782433769\n|move|p2a: TerritorialRotbart|U-turn|p1a: Mandibuzz\n|-damage|p1a: Mandibuzz|77/100\n|\n|t:|1782433771\n|switch|p2a: Treadmill|Iron Treads, shiny|100/100|[from] U-turn\n|move|p1a: Mandibuzz|Foul Play|p2a: Treadmill\n|-damage|p2a: Treadmill|70/100\n|\n|-heal|p2a: Treadmill|76/100|[from] Grassy Terrain\n|upkeep\n|turn|2\n|\n|t:|1782433783\n|move|p2a: Treadmill|Stealth Rock|p1a: Mandibuzz\n|-sidestart|p1: stallmas miracle|move: Stealth Rock\n|move|p1a: Mandibuzz|U-turn|p2a: Treadmill\n|-resisted|p2a: Treadmill\n|-damage|p2a: Treadmill|72/100\n|\n|t:|1782433786\n|switch|p1a: Great Tusk|Great Tusk|100/100|[from] U-turn\n|\n|-heal|p2a: Treadmill|78/100|[from] Grassy Terrain\n|upkeep\n|turn|3\n|\n|t:|1782433789\n|-end|p2a: Treadmill|Quark Drive|[silent]\n|switch|p2a: King Gator|Skeledirge, F, shiny|100/100\n|move|p1a: Great Tusk|Stealth Rock|p2a: King Gator\n|-sidestart|p2: Devrai|move: Stealth Rock\n|\n|upkeep\n|turn|4\n|\n|t:|1782433793\n|-end|p1a: Great Tusk|Protosynthesis|[silent]\n|switch|p1a: Alomomola|Alomomola, L99, F|100/100\n|-damage|p1a: Alomomola|88/100|[from] Stealth Rock\n|move|p2a: King Gator|Will-O-Wisp|p1a: Alomomola\n|-status|p1a: Alomomola|brn\n|\n|-heal|p1a: Alomomola|94/100 brn|[from] Grassy Terrain\n|-damage|p1a: Alomomola|88/100 brn|[from] brn\n|upkeep\n|turn|5\n|\n|t:|1782433807\n|move|p2a: King Gator|Hex|p1a: Alomomola\n|-damage|p1a: Alomomola|57/100 brn\n|move|p1a: Alomomola|Flip Turn|p2a: King Gator\n|-supereffective|p2a: King Gator\n|-damage|p2a: King Gator|86/100\n|inactive|stallmas miracle has 120 seconds left.\n|\n|t:|1782433836\n|switch|p1a: Lokix|Lokix, M, shiny|100/100|[from] Flip Turn\n|-damage|p1a: Lokix|76/100|[from] Stealth Rock\n|\n|-heal|p1a: Lokix|82/100|[from] Grassy Terrain\n|-heal|p2a: King Gator|92/100|[from] Grassy Terrain\n|-heal|p2a: King Gator|99/100|[from] item: Leftovers\n|-fieldend|move: Grassy Terrain\n|upkeep\n|turn|6\n|\n|t:|1782433840\n|move|p1a: Lokix|U-turn|p2a: King Gator\n|-resisted|p2a: King Gator\n|-damage|p2a: King Gator|77/100\n|\n|t:|1782433843\n|switch|p1a: Alomomola|Alomomola, L99, F|91/100 brn|[from] U-turn\n|-damage|p1a: Alomomola|78/100 brn|[from] Stealth Rock\n|move|p2a: King Gator|Torch Song|p1a: Alomomola\n|-resisted|p1a: Alomomola\n|-damage|p1a: Alomomola|70/100 brn\n|-boost|p2a: King Gator|spa|1\n|\n|-heal|p2a: King Gator|83/100|[from] item: Leftovers\n|-damage|p1a: Alomomola|63/100 brn|[from] brn\n|upkeep\n|turn|7\n|\n|t:|1782433845\n|move|p2a: King Gator|Hex|p1a: Alomomola\n|-damage|p1a: Alomomola|19/100 brn\n|move|p1a: Alomomola|Mirror Coat|p2a: King Gator\n|-damage|p2a: King Gator|0 fnt\n|faint|p2a: King Gator\n|\n|-damage|p1a: Alomomola|13/100 brn|[from] brn\n|upkeep\n|\n|t:|1782433848\n|switch|p2a: Battle Beast|Incineroar, M, shiny|100/100\n|-damage|p2a: Battle Beast|75/100|[from] Stealth Rock\n|-ability|p2a: Battle Beast|Intimidate|boost\n|-unboost|p1a: Alomomola|atk|1\n|turn|8\n|\n|t:|1782433851\n|switch|p1a: Mandibuzz|Mandibuzz, F|77/100\n|move|p2a: Battle Beast|Flame Charge|p1a: Mandibuzz\n|-damage|p1a: Mandibuzz|62/100\n|-boost|p2a: Battle Beast|spe|1\n|\n|upkeep\n|turn|9\n|\n|t:|1782433856\n|switch|p2a: Treadmill|Iron Treads, shiny|78/100\n|move|p1a: Mandibuzz|Roost|p1a: Mandibuzz\n|-heal|p1a: Mandibuzz|100/100\n|-singleturn|p1a: Mandibuzz|move: Roost\n|\n|upkeep\n|turn|10\n|\n|t:|1782433861\n|move|p2a: Treadmill|Rapid Spin|p1a: Mandibuzz\n|-damage|p1a: Mandibuzz|92/100\n|-boost|p2a: Treadmill|spe|1\n|-sideend|p2: Devrai|Stealth Rock|[from] move: Rapid Spin|[of] p2a: Treadmill\n|move|p1a: Mandibuzz|Defog|p2a: Treadmill\n|-unboost|p2a: Treadmill|evasion|1\n|-sideend|p1: stallmas miracle|Stealth Rock|[from] move: Defog|[of] p1a: Mandibuzz\n|\n|upkeep\n|turn|11\n|\n|t:|1782433871\n|move|p2a: Treadmill|Stealth Rock|p1a: Mandibuzz\n|-sidestart|p1: stallmas miracle|move: Stealth Rock\n|move|p1a: Mandibuzz|U-turn|p2a: Treadmill\n|-resisted|p2a: Treadmill\n|-damage|p2a: Treadmill|73/100\n|\n|t:|1782433874\n|switch|p1a: Great Tusk|Great Tusk|100/100|[from] U-turn\n|\n|upkeep\n|turn|12\n|\n|t:|1782433877\n|-end|p2a: Treadmill|Quark Drive|[silent]\n|switch|p2a: Battle Beast|Incineroar, M, shiny|75/100\n|-ability|p2a: Battle Beast|Intimidate|boost\n|-unboost|p1a: Great Tusk|atk|1\n|move|p1a: Great Tusk|Rapid Spin|p2a: Battle Beast\n|-damage|p2a: Battle Beast|61/100\n|-boost|p1a: Great Tusk|spe|1\n|-sideend|p1: stallmas miracle|Stealth Rock|[from] move: Rapid Spin|[of] p1a: Great Tusk\n|\n|upkeep\n|turn|13\n|\n|t:|1782433884\n|-end|p1a: Great Tusk|Protosynthesis|[silent]\n|switch|p1a: Alomomola|Alomomola, L99, F|46/100 brn\n|move|p2a: Battle Beast|Flame Charge|p1a: Alomomola\n|-resisted|p1a: Alomomola\n|-damage|p1a: Alomomola|37/100 brn\n|-boost|p2a: Battle Beast|spe|1\n|\n|-damage|p1a: Alomomola|31/100 brn|[from] brn\n|upkeep\n|turn|14\n|\n|t:|1782433887\n|move|p2a: Battle Beast|Bulk Up|p2a: Battle Beast\n|-boost|p2a: Battle Beast|atk|1\n|-boost|p2a: Battle Beast|def|1\n|move|p1a: Alomomola|Flip Turn|p2a: Battle Beast\n|-supereffective|p2a: Battle Beast\n|-damage|p2a: Battle Beast|48/100\n|-enditem|p2a: Battle Beast|Weakness Policy\n|-boost|p2a: Battle Beast|atk|2|[from] item: Weakness Policy\n|-boost|p2a: Battle Beast|spa|2|[from] item: Weakness Policy\n|\n|t:|1782433899\n|switch|p1a: Lokix|Lokix, M, shiny|82/100|[from] Flip Turn\n|\n|upkeep\n|turn|15\n|\n|t:|1782433902\n|-terastallize|p2a: Battle Beast|Fairy\n|-terastallize|p1a: Lokix|Bug\n|move|p1a: Lokix|First Impression|p2a: Battle Beast\n|-resisted|p2a: Battle Beast\n|-damage|p2a: Battle Beast|0 fnt\n|faint|p2a: Battle Beast\n|\n|upkeep\n|\n|t:|1782433910\n|switch|p2a: TerritorialRotbart|Rillaboom, M, shiny|100/100\n|-fieldstart|move: Grassy Terrain|[from] ability: Grassy Surge|[of] p2a: TerritorialRotbart\n|turn|16\n|\n|t:|1782433919\n|switch|p1a: Mandibuzz|Mandibuzz, F|92/100\n|move|p2a: TerritorialRotbart|U-turn|p1a: Mandibuzz\n|-crit|p1a: Mandibuzz\n|-damage|p1a: Mandibuzz|58/100\n|\n|t:|1782433922\n|switch|p2a: Naofumi|Zamazenta|100/100|[from] U-turn\n|-ability|p2a: Naofumi|Dauntless Shield|boost\n|-boost|p2a: Naofumi|def|1\n|\n|upkeep\n|turn|17\n|\n|t:|1782433928\n|move|p2a: Naofumi|Substitute|p2a: Naofumi\n|-start|p2a: Naofumi|Substitute\n|-damage|p2a: Naofumi|76/100\n|move|p1a: Mandibuzz|Roost|p1a: Mandibuzz\n|-heal|p1a: Mandibuzz|100/100\n|-singleturn|p1a: Mandibuzz|move: Roost\n|\n|-heal|p2a: Naofumi|82/100|[from] Grassy Terrain\n|-heal|p2a: Naofumi|88/100|[from] item: Leftovers\n|upkeep\n|turn|18\n|\n|t:|1782433932\n|move|p2a: Naofumi|Iron Defense|p2a: Naofumi\n|-boost|p2a: Naofumi|def|2\n|move|p1a: Mandibuzz|U-turn|p2a: Naofumi\n|-resisted|p2a: Naofumi\n|-crit|p2a: Naofumi\n|-activate|p2a: Naofumi|move: Substitute|[damage]\n|\n|t:|1782433935\n|switch|p1a: Gholdengo|Gholdengo|100/100|[from] U-turn\n|\n|-heal|p2a: Naofumi|94/100|[from] Grassy Terrain\n|-heal|p2a: Naofumi|99/100|[from] item: Leftovers\n|upkeep\n|turn|19\n|\n|t:|1782433942\n|move|p1a: Gholdengo|Shadow Ball|p2a: Naofumi\n|-end|p2a: Naofumi|Substitute\n|move|p2a: Naofumi|Crunch|p1a: Gholdengo\n|-supereffective|p1a: Gholdengo\n|-damage|p1a: Gholdengo|52/100\n|\n|-heal|p1a: Gholdengo|58/100|[from] Grassy Terrain\n|-heal|p2a: Naofumi|100/100|[from] Grassy Terrain\n|upkeep\n|turn|20\n|\n|t:|1782433956\n|switch|p1a: Iron Valiant|Iron Valiant, shiny|100/100\n|move|p2a: Naofumi|Crunch|p1a: Iron Valiant\n|-resisted|p1a: Iron Valiant\n|-damage|p1a: Iron Valiant|94/100\n|-unboost|p1a: Iron Valiant|def|1\n|\n|-heal|p1a: Iron Valiant|99/100|[from] Grassy Terrain\n|-fieldend|move: Grassy Terrain\n|upkeep\n|turn|21\n|\n|t:|1782433962\n|move|p2a: Naofumi|Body Press|p1a: Iron Valiant\n|-resisted|p1a: Iron Valiant\n|-damage|p1a: Iron Valiant|22/100\n|move|p1a: Iron Valiant|Moonblast|p2a: Naofumi\n|-supereffective|p2a: Naofumi\n|-damage|p2a: Naofumi|0 fnt\n|faint|p2a: Naofumi\n|\n|upkeep\n|-message|Devrai forfeited.\n|\n|win|stallmas miracle\n|raw|stallmas miracle's rating: 1418 &rarr; <strong>1438</strong><br />(+20 for winning)\n|raw|Devrai's rating: 1413 &rarr; <strong>1393</strong><br />(-20 for losing)\n|l|☆Devrai\n|player|p2|\n|l|☆stallmas miracle\n|player|p1|\n", "uploadtime": 1782434323, "views": 7, "formatid": "gen9ou", "rating": 1393, "private": 0, "password": null}