{"id": "gen9ou-2540678158", "format": "[Gen 9] OU", "players": ["tuanquewang", "St4rfl1tT 2"], "log": "|j|☆tuanquewang\n|j|☆St4rfl1tT 2\n|t:|1771238830\n|gametype|singles\n|player|p1|tuanquewang|backersf|1705\n|player|p2|St4rfl1tT 2|acetrainer|1634\n|gen|9\n|tier|[Gen 9] OU\n|rated|\n|rule|HP Percentage Mod: HP is shown in percentages\n|rule|Endless Battle Clause: Forcing endless battles is banned\n|rule|Species Clause: Limit one of each Pokémon\n|rule|OHKO Clause: OHKO moves are banned\n|rule|Evasion Items Clause: Evasion items are banned\n|rule|Evasion Moves Clause: Evasion moves are banned\n|rule|Evasion Abilities Clause: Evasion abilities are banned\n|rule|Sleep Moves Clause: Sleep-inducing moves are banned\n|clearpoke\n|poke|p1|Slowking-Galar, M|\n|poke|p1|Alomomola, F|\n|poke|p1|Scizor, M|\n|poke|p1|Hydrapple, F|\n|poke|p1|Cinderace, M|\n|poke|p1|Sandy Shocks|\n|poke|p2|Garchomp, M|\n|poke|p2|Darkrai|\n|poke|p2|Zapdos|\n|poke|p2|Zamazenta-*|\n|poke|p2|Heatran, M|\n|poke|p2|Ogerpon-Wellspring, F|\n|teampreview\n|inactive|Battle timer is ON: inactive players will automatically lose when time's up. (requested by tuanquewang)\n|j| nonchalantbufalant\n|\n|t:|1771238845\n|teamsize|p1|6\n|teamsize|p2|6\n|start\n|switch|p1a: Scizor|Scizor, M|100/100\n|switch|p2a: Garchomp|Garchomp, M|100/100\n|turn|1\n|\n|t:|1771238850\n|move|p2a: Garchomp|Fire Fang|p1a: Scizor\n|-supereffective|p1a: Scizor\n|-damage|p1a: Scizor|8/100\n|move|p1a: Scizor|U-turn|p2a: Garchomp\n|-damage|p2a: Garchomp|46/100\n|-damage|p1a: Scizor|0 fnt|[from] ability: Rough Skin|[of] p2a: Garchomp\n|faint|p1a: Scizor\n|\n|upkeep\n|\n|t:|1771238857\n|switch|p1a: Sandy Shocks|Sandy Shocks, shiny|100/100\n|turn|2\n|\n|t:|1771238865\n|move|p1a: Sandy Shocks|Earth Power|p2a: Garchomp\n|-damage|p2a: Garchomp|0 fnt\n|faint|p2a: Garchomp\n|\n|upkeep\n|\n|t:|1771238870\n|switch|p2a: Zapdos|Zapdos|100/100\n|turn|3\n|\n|t:|1771238875\n|-end|p1a: Sandy Shocks|Protosynthesis|[silent]\n|switch|p1a: Slowking|Slowking-Galar, M|100/100\n|move|p2a: Zapdos|Volt Switch|p1a: Slowking\n|-damage|p1a: Slowking|79/100\n|\n|t:|1771238882\n|switch|p2a: Heatran|Heatran, M|100/100|[from] Volt Switch\n|\n|-heal|p1a: Slowking|85/100|[from] item: Black Sludge\n|upkeep\n|turn|4\n|\n|t:|1771238891\n|switch|p1a: Alomomola|Alomomola, F|100/100\n|move|p2a: Heatran|Magma Storm|p1a: Alomomola\n|-resisted|p1a: Alomomola\n|-damage|p1a: Alomomola|76/100\n|-activate|p1a: Alomomola|move: Magma Storm|[of] p2a: Heatran\n|\n|-heal|p1a: Alomomola|83/100|[from] item: Leftovers\n|-damage|p1a: Alomomola|70/100|[from] move: Magma Storm|[partiallytrapped]\n|upkeep\n|turn|5\n|\n|t:|1771238901\n|switch|p2a: Ogerpon|Ogerpon-Wellspring, F|100/100\n|move|p1a: Alomomola|Wish|p1a: Alomomola\n|\n|-heal|p1a: Alomomola|76/100|[from] item: Leftovers\n|-end|p1a: Alomomola|Magma Storm|[partiallytrapped]|[silent]\n|upkeep\n|turn|6\n|\n|t:|1771238908\n|switch|p2a: Zapdos|Zapdos|100/100\n|switch|p1a: Hydrapple|Hydrapple, F, shiny|100/100\n|\n|upkeep\n|turn|7\n|\n|t:|1771238916\n|move|p2a: Zapdos|Hurricane|p1a: Hydrapple|[miss]\n|-miss|p2a: Zapdos|p1a: Hydrapple\n|move|p1a: Hydrapple|Draco Meteor|p2a: Zapdos\n|-damage|p2a: Zapdos|0 fnt\n|-unboost|p1a: Hydrapple|spa|2\n|faint|p2a: Zapdos\n|\n|upkeep\n|\n|t:|1771238936\n|switch|p2a: Darkrai|Darkrai|100/100\n|turn|8\n|c| nonchalantbufalant|When the cane is in too much of a hurri so it misses\n|\n|t:|1771238959\n|switch|p1a: Sandy Shocks|Sandy Shocks, shiny|100/100\n|move|p2a: Darkrai|Dark Pulse|p1a: Sandy Shocks\n|-damage|p1a: Sandy Shocks|51/100\n|\n|upkeep\n|turn|9\n|\n|t:|1771238964\n|move|p2a: Darkrai|Dark Pulse|p1a: Sandy Shocks\n|-damage|p1a: Sandy Shocks|0 fnt\n|faint|p1a: Sandy Shocks\n|-end|p1a: Sandy Shocks|Protosynthesis|[silent]\n|\n|upkeep\n|\n|t:|1771238968\n|switch|p1a: Hydrapple|Hydrapple, F, shiny|100/100\n|turn|10\n|\n|t:|1771238974\n|move|p2a: Darkrai|Dark Pulse|p1a: Hydrapple\n|-damage|p1a: Hydrapple|59/100\n|cant|p1a: Hydrapple|flinch\n|\n|upkeep\n|turn|11\n|\n|t:|1771238978\n|switch|p2a: Heatran|Heatran, M|100/100\n|move|p1a: Hydrapple|Draco Meteor|p2a: Heatran\n|-resisted|p2a: Heatran\n|-damage|p2a: Heatran|63/100\n|-unboost|p1a: Hydrapple|spa|2\n|\n|-heal|p2a: Heatran|70/100|[from] item: Leftovers\n|upkeep\n|turn|12\n|\n|t:|1771238991\n|switch|p1a: Alomomola|Alomomola, F|100/100\n|move|p2a: Heatran|Magma Storm|p1a: Alomomola|[miss]\n|-miss|p2a: Heatran|p1a: Alomomola\n|\n|-heal|p2a: Heatran|76/100|[from] item: Leftovers\n|upkeep\n|turn|13\n|\n|t:|1771238999\n|move|p2a: Heatran|Stealth Rock|p1a: Alomomola\n|-sidestart|p1: tuanquewang|move: Stealth Rock\n|move|p1a: Alomomola|Mirror Coat||[still]\n|-fail|p1a: Alomomola\n|\n|-heal|p2a: Heatran|82/100|[from] item: Leftovers\n|upkeep\n|turn|14\n|\n|t:|1771239005\n|switch|p2a: Ogerpon|Ogerpon-Wellspring, F|100/100\n|move|p1a: Alomomola|Flip Turn|p2a: Ogerpon\n|-immune|p2a: Ogerpon|[from] ability: Water Absorb\n|\n|upkeep\n|turn|15\n|\n|t:|1771239011\n|switch|p2a: Darkrai|Darkrai|100/100\n|switch|p1a: Hydrapple|Hydrapple, F, shiny|92/100\n|-damage|p1a: Hydrapple|80/100|[from] Stealth Rock\n|\n|upkeep\n|turn|16\n|\n|t:|1771239021\n|switch|p1a: Alomomola|Alomomola, F|100/100\n|-damage|p1a: Alomomola|88/100|[from] Stealth Rock\n|move|p2a: Darkrai|Ice Beam|p1a: Alomomola\n|-resisted|p1a: Alomomola\n|-damage|p1a: Alomomola|70/100\n|\n|-heal|p1a: Alomomola|76/100|[from] item: Leftovers\n|upkeep\n|turn|17\n|\n|t:|1771239035\n|switch|p2a: Ogerpon|Ogerpon-Wellspring, F|100/100\n|switch|p1a: Cinderace|Cinderace, M|100/100\n|\n|upkeep\n|turn|18\n|\n|t:|1771239041\n|switch|p2a: Heatran|Heatran, M|82/100\n|move|p1a: Cinderace|U-turn|p2a: Heatran\n|-start|p1a: Cinderace|typechange|Bug|[from] ability: Libero\n|-resisted|p2a: Heatran\n|-damage|p2a: Heatran|75/100\n|\n|t:|1771239044\n|switch|p1a: Alomomola|Alomomola, F|100/100|[from] U-turn\n|-damage|p1a: Alomomola|88/100|[from] Stealth Rock\n|\n|-heal|p2a: Heatran|82/100|[from] item: Leftovers\n|-heal|p1a: Alomomola|94/100|[from] item: Leftovers\n|upkeep\n|turn|19\n|\n|t:|1771239052\n|move|p2a: Heatran|Taunt|p1a: Alomomola\n|-start|p1a: Alomomola|move: Taunt\n|move|p1a: Alomomola|Flip Turn|p2a: Heatran\n|-supereffective|p2a: Heatran\n|-damage|p2a: Heatran|52/100\n|\n|t:|1771239058\n|switch|p1a: Cinderace|Cinderace, M|100/100|[from] Flip Turn\n|\n|-heal|p2a: Heatran|58/100|[from] item: Leftovers\n|upkeep\n|turn|20\n|\n|t:|1771239063\n|switch|p2a: Zamazenta|Zamazenta|100/100\n|-ability|p2a: Zamazenta|Dauntless Shield|boost\n|-boost|p2a: Zamazenta|def|1\n|move|p1a: Cinderace|High Jump Kick|p2a: Zamazenta\n|-start|p1a: Cinderace|typechange|Fighting|[from] ability: Libero\n|-damage|p2a: Zamazenta|69/100\n|\n|-heal|p2a: Zamazenta|75/100|[from] item: Leftovers\n|upkeep\n|turn|21\n|\n|t:|1771239074\n|switch|p1a: Slowking|Slowking-Galar, M|100/100\n|-damage|p1a: Slowking|88/100|[from] Stealth Rock\n|move|p2a: Zamazenta|Crunch|p1a: Slowking\n|-supereffective|p1a: Slowking\n|-damage|p1a: Slowking|42/100\n|\n|-heal|p2a: Zamazenta|82/100|[from] item: Leftovers\n|-heal|p1a: Slowking|48/100|[from] item: Black Sludge\n|upkeep\n|turn|22\n|\n|t:|1771239084\n|switch|p1a: Alomomola|Alomomola, F|100/100\n|-damage|p1a: Alomomola|88/100|[from] Stealth Rock\n|move|p2a: Zamazenta|Crunch|p1a: Alomomola\n|-damage|p1a: Alomomola|77/100\n|-unboost|p1a: Alomomola|def|1\n|\n|-heal|p2a: Zamazenta|88/100|[from] item: Leftovers\n|-heal|p1a: Alomomola|83/100|[from] item: Leftovers\n|upkeep\n|turn|23\n|\n|t:|1771239093\n|move|p2a: Zamazenta|Iron Defense|p2a: Zamazenta\n|-boost|p2a: Zamazenta|def|2\n|move|p1a: Alomomola|Flip Turn|p2a: Zamazenta\n|-damage|p2a: Zamazenta|83/100\n|\n|t:|1771239095\n|switch|p1a: Slowking|Slowking-Galar, M|81/100|[from] Flip Turn\n|-damage|p1a: Slowking|69/100|[from] Stealth Rock\n|\n|-heal|p2a: Zamazenta|89/100|[from] item: Leftovers\n|-heal|p1a: Slowking|75/100|[from] item: Black Sludge\n|upkeep\n|turn|24\n|\n|t:|1771239105\n|-terastallize|p2a: Zamazenta|Electric\n|move|p2a: Zamazenta|Crunch|p1a: Slowking\n|-supereffective|p1a: Slowking\n|-damage|p1a: Slowking|30/100\n|move|p1a: Slowking|Toxic|p2a: Zamazenta\n|-status|p2a: Zamazenta|tox\n|\n|-heal|p2a: Zamazenta|95/100 tox|[from] item: Leftovers\n|-heal|p1a: Slowking|36/100|[from] item: Black Sludge\n|-damage|p2a: Zamazenta|89/100 tox|[from] psn\n|upkeep\n|turn|25\n|\n|t:|1771239114\n|move|p2a: Zamazenta|Body Press|p1a: Slowking\n|-resisted|p1a: Slowking\n|-damage|p1a: Slowking|14/100\n|-prepare|p1a: Slowking|Chilly Reception|[premajor]\n|move|p1a: Slowking|Chilly Reception|p1a: Slowking\n|-weather|Snowscape\n|\n|t:|1771239118\n|switch|p1a: Hydrapple|Hydrapple, F, shiny|100/100|[from] Chilly Reception\n|-damage|p1a: Hydrapple|88/100|[from] Stealth Rock\n|\n|-weather|Snowscape|[upkeep]\n|-heal|p2a: Zamazenta|95/100 tox|[from] item: Leftovers\n|-damage|p2a: Zamazenta|83/100 tox|[from] psn\n|upkeep\n|turn|26\n|\n|t:|1771239127\n|move|p2a: Zamazenta|Body Press|p1a: Hydrapple\n|-damage|p1a: Hydrapple|20/100\n|move|p1a: Hydrapple|Earth Power|p2a: Zamazenta\n|-supereffective|p2a: Zamazenta\n|-damage|p2a: Zamazenta|0 fnt\n|faint|p2a: Zamazenta\n|\n|-weather|Snowscape|[upkeep]\n|upkeep\n|\n|t:|1771239136\n|switch|p2a: Darkrai|Darkrai|100/100\n|turn|27\n|\n|t:|1771239145\n|switch|p1a: Slowking|Slowking-Galar, M|47/100\n|-damage|p1a: Slowking|35/100|[from] Stealth Rock\n|move|p2a: Darkrai|Dark Pulse|p1a: Slowking\n|-supereffective|p1a: Slowking\n|-damage|p1a: Slowking|0 fnt\n|faint|p1a: Slowking\n|\n|-weather|Snowscape|[upkeep]\n|upkeep\n|\n|t:|1771239151\n|switch|p1a: Cinderace|Cinderace, M|100/100\n|turn|28\n|\n|t:|1771239156\n|-terastallize|p1a: Cinderace|Fighting\n|move|p2a: Darkrai|Dark Pulse|p1a: Cinderace\n|-resisted|p1a: Cinderace\n|-damage|p1a: Cinderace|72/100\n|move|p1a: Cinderace|High Jump Kick|p2a: Darkrai\n|-supereffective|p2a: Darkrai\n|-damage|p2a: Darkrai|0 fnt\n|faint|p2a: Darkrai\n|\n|-weather|Snowscape|[upkeep]\n|upkeep\n|\n|t:|1771239164\n|switch|p2a: Ogerpon|Ogerpon-Wellspring, F|100/100\n|turn|29\n|\n|t:|1771239167\n|move|p1a: Cinderace|High Jump Kick|p2a: Ogerpon\n|-damage|p2a: Ogerpon|23/100\n|move|p2a: Ogerpon|Ivy Cudgel|p1a: Cinderace|[anim] Ivy Cudgel Water\n|-damage|p1a: Cinderace|0 fnt\n|faint|p1a: Cinderace\n|\n|-weather|none\n|upkeep\n|\n|t:|1771239171\n|switch|p1a: Hydrapple|Hydrapple, F, shiny|53/100\n|-damage|p1a: Hydrapple|40/100|[from] Stealth Rock\n|turn|30\n|\n|t:|1771239177\n|switch|p2a: Heatran|Heatran, M|58/100\n|move|p1a: Hydrapple|Earth Power|p2a: Heatran\n|-supereffective|p2a: Heatran\n|-damage|p2a: Heatran|0 fnt\n|faint|p2a: Heatran\n|\n|upkeep\n|-message|St4rfl1tT 2 forfeited.\n|\n|win|tuanquewang\n|raw|tuanquewang's rating: 1705 &rarr; <strong>1721</strong><br />(+16 for winning)\n|raw|St4rfl1tT 2's rating: 1634 &rarr; <strong>1618</strong><br />(-16 for losing)\n|l|☆St4rfl1tT 2\n|player|p2|\n|l| nonchalantbufalant\n|l|☆tuanquewang\n|player|p1|\n|j|☆tuanquewang\n|player|p1|tuanquewang|backersf|\n|l|☆tuanquewang\n|player|p1|\n", "uploadtime": 1771239355, "views": 9, "formatid": "gen9ou", "rating": 1618, "private": 0, "password": null}