{"id": "gen9ou-2540608134", "format": "[Gen 9] OU", "players": ["testingolem", "unzipscrogre"], "log": "|badge|p2|bronze|gen9uu|100-8\n|badge|p2|bronze|gen9ru|100-8\n|uhtml|medal-msg|<div class=\"broadcast-blue\">Curious what those medals under the avatar are? PS now has Ladder Seasons! For more information, check out the <a href=\"https://www.smogon.com/forums/threads/3740067/\">thread on Smogon.</a></div>\n|j|☆testingolem\n|j|☆unzipscrogre\n|t:|1771226385\n|gametype|singles\n|player|p1|testingolem|hiker-gen4|1528\n|player|p2|unzipscrogre|unknown|1535\n|gen|9\n|tier|[Gen 9] OU\n|rated|\n|rule|HP Percentage Mod: HP is shown in percentages\n|rule|Endless Battle Clause: Forcing endless battles is banned\n|rule|Species Clause: Limit one of each Pokémon\n|rule|OHKO Clause: OHKO moves are banned\n|rule|Evasion Items Clause: Evasion items are banned\n|rule|Evasion Moves Clause: Evasion moves are banned\n|rule|Evasion Abilities Clause: Evasion abilities are banned\n|rule|Sleep Moves Clause: Sleep-inducing moves are banned\n|clearpoke\n|poke|p1|Ribombee, F|\n|poke|p1|Serperior, F|\n|poke|p1|Gholdengo|\n|poke|p1|Great Tusk|\n|poke|p1|Kingambit, F|\n|poke|p1|Dragapult, M|\n|poke|p2|Great Tusk|\n|poke|p2|Walking Wake|\n|poke|p2|Kingambit, M|\n|poke|p2|Venusaur, M|\n|poke|p2|Ninetales, F|\n|poke|p2|Raging Bolt|\n|teampreview\n|inactive|Battle timer is ON: inactive players will automatically lose when time's up. (requested by unzipscrogre)\n|\n|t:|1771226403\n|teamsize|p1|6\n|teamsize|p2|6\n|start\n|switch|p1a: Ribombee|Ribombee, F|100/100\n|switch|p2a: Kingambit|Kingambit, M|100/100\n|-item|p2a: Kingambit|Air Balloon\n|turn|1\n|\n|t:|1771226420\n|move|p1a: Ribombee|Sticky Web|p2a: Kingambit\n|-sidestart|p2: unzipscrogre|move: Sticky Web\n|move|p2a: Kingambit|Iron Head|p1a: Ribombee\n|-supereffective|p1a: Ribombee\n|-enditem|p1a: Ribombee|Focus Sash\n|-damage|p1a: Ribombee|1/100\n|\n|upkeep\n|turn|2\n|\n|t:|1771226424\n|move|p2a: Kingambit|Sucker Punch||[still]\n|-fail|p2a: Kingambit\n|move|p1a: Ribombee|Stun Spore|p2a: Kingambit\n|-status|p2a: Kingambit|par\n|\n|upkeep\n|turn|3\n|\n|t:|1771226430\n|switch|p1a: Great Tusk|Great Tusk|100/100\n|-enditem|p1a: Great Tusk|Booster Energy\n|-activate|p1a: Great Tusk|ability: Protosynthesis|[fromitem]\n|-start|p1a: Great Tusk|protosynthesisatk\n|move|p2a: Kingambit|Iron Head|p1a: Great Tusk\n|-damage|p1a: Great Tusk|69/100\n|\n|upkeep\n|turn|4\n|\n|t:|1771226435\n|-end|p2a: Kingambit|fallenundefined|[silent]\n|switch|p2a: Great Tusk|Great Tusk|100/100\n|-activate|p2a: Great Tusk|move: Sticky Web\n|-unboost|p2a: Great Tusk|spe|1\n|move|p1a: Great Tusk|Headlong Rush|p2a: Great Tusk\n|-damage|p2a: Great Tusk|51/100\n|-unboost|p1a: Great Tusk|def|1\n|-unboost|p1a: Great Tusk|spd|1\n|\n|upkeep\n|turn|5\n|\n|t:|1771226439\n|move|p1a: Great Tusk|Close Combat|p2a: Great Tusk\n|-damage|p2a: Great Tusk|0 fnt\n|-unboost|p1a: Great Tusk|def|1\n|-unboost|p1a: Great Tusk|spd|1\n|faint|p2a: Great Tusk\n|-end|p2a: Great Tusk|Protosynthesis|[silent]\n|\n|upkeep\n|\n|t:|1771226447\n|switch|p2a: Raging Bolt|Raging Bolt|100/100\n|-item|p2a: Raging Bolt|Air Balloon\n|turn|6\n|\n|t:|1771226470\n|move|p1a: Great Tusk|Close Combat|p2a: Raging Bolt\n|-damage|p2a: Raging Bolt|17/100\n|-unboost|p1a: Great Tusk|def|1\n|-unboost|p1a: Great Tusk|spd|1\n|-enditem|p2a: Raging Bolt|Air Balloon\n|move|p2a: Raging Bolt|Dragon Pulse|p1a: Great Tusk\n|-damage|p1a: Great Tusk|0 fnt\n|faint|p1a: Great Tusk\n|-end|p1a: Great Tusk|Protosynthesis|[silent]\n|\n|upkeep\n|\n|t:|1771226473\n|switch|p1a: Serperior|Serperior, F|100/100\n|turn|7\n|\n|t:|1771226477\n|move|p1a: Serperior|Leaf Storm|p2a: Raging Bolt\n|-resisted|p2a: Raging Bolt\n|-damage|p2a: Raging Bolt|0 fnt\n|-boost|p1a: Serperior|spa|2\n|faint|p2a: Raging Bolt\n|-end|p2a: Raging Bolt|Protosynthesis|[silent]\n|\n|upkeep\n|\n|t:|1771226480\n|switch|p2a: Ninetales|Ninetales, F|100/100\n|-activate|p2a: Ninetales|move: Sticky Web\n|-unboost|p2a: Ninetales|spe|1\n|-weather|SunnyDay|[from] ability: Drought|[of] p2a: Ninetales\n|turn|8\n|\n|t:|1771226482\n|-terastallize|p1a: Serperior|Fire\n|move|p1a: Serperior|Glare|p2a: Ninetales\n|-status|p2a: Ninetales|par\n|move|p2a: Ninetales|Weather Ball|p1a: Serperior\n|-resisted|p1a: Serperior\n|-damage|p1a: Serperior|73/100\n|\n|-weather|SunnyDay|[upkeep]\n|-heal|p1a: Serperior|79/100|[from] item: Leftovers\n|upkeep\n|turn|9\n|\n|t:|1771226492\n|move|p1a: Serperior|Substitute|p1a: Serperior\n|-start|p1a: Serperior|Substitute\n|-damage|p1a: Serperior|54/100\n|move|p2a: Ninetales|Encore|p1a: Serperior\n|-start|p1a: Serperior|Encore\n|\n|-weather|SunnyDay|[upkeep]\n|-heal|p1a: Serperior|60/100|[from] item: Leftovers\n|upkeep\n|turn|10\n|\n|t:|1771226498\n|switch|p2a: Walking Wake|Walking Wake|100/100\n|-activate|p2a: Walking Wake|move: Sticky Web\n|-unboost|p2a: Walking Wake|spe|1\n|-activate|p2a: Walking Wake|ability: Protosynthesis\n|-start|p2a: Walking Wake|protosynthesisspa\n|move|p1a: Serperior|Substitute|p1a: Serperior\n|-fail|p1a: Serperior|move: Substitute\n|\n|-weather|SunnyDay|[upkeep]\n|-heal|p1a: Serperior|66/100|[from] item: Leftovers\n|upkeep\n|turn|11\n|\n|t:|1771226502\n|move|p1a: Serperior|Substitute|p1a: Serperior\n|-fail|p1a: Serperior|move: Substitute\n|move|p2a: Walking Wake|Hydro Steam|p1a: Serperior\n|-supereffective|p1a: Serperior\n|-end|p1a: Serperior|Substitute\n|\n|-weather|SunnyDay|[upkeep]\n|-heal|p1a: Serperior|73/100|[from] item: Leftovers\n|upkeep\n|turn|12\n|\n|t:|1771226505\n|move|p1a: Serperior|Substitute|p1a: Serperior\n|-start|p1a: Serperior|Substitute\n|-damage|p1a: Serperior|48/100\n|move|p2a: Walking Wake|Hydro Steam|p1a: Serperior\n|-supereffective|p1a: Serperior\n|-end|p1a: Serperior|Substitute\n|\n|-weather|SunnyDay|[upkeep]\n|-heal|p1a: Serperior|54/100|[from] item: Leftovers\n|-end|p1a: Serperior|Encore\n|upkeep\n|turn|13\n|\n|t:|1771226510\n|move|p1a: Serperior|Leaf Storm|p2a: Walking Wake|[miss]\n|-miss|p1a: Serperior|p2a: Walking Wake\n|move|p2a: Walking Wake|Hydro Steam|p1a: Serperior\n|-supereffective|p1a: Serperior\n|-crit|p1a: Serperior\n|-damage|p1a: Serperior|0 fnt\n|faint|p1a: Serperior\n|\n|-weather|SunnyDay|[upkeep]\n|upkeep\n|\n|t:|1771226513\n|switch|p1a: Ribombee|Ribombee, F|1/100\n|turn|14\n|\n|t:|1771226517\n|-end|p2a: Walking Wake|Protosynthesis|[silent]\n|switch|p2a: Kingambit|Kingambit, M|100/100 par\n|-activate|p2a: Kingambit|ability: Supreme Overlord\n|-start|p2a: Kingambit|fallen2|[silent]\n|-item|p2a: Kingambit|Air Balloon\n|move|p1a: Ribombee|Moonblast|p2a: Kingambit\n|-damage|p2a: Kingambit|57/100 par\n|-unboost|p2a: Kingambit|spa|1\n|-enditem|p2a: Kingambit|Air Balloon\n|\n|-weather|SunnyDay|[upkeep]\n|upkeep\n|turn|15\n|\n|t:|1771226529\n|move|p1a: Ribombee|Moonblast|p2a: Kingambit\n|-damage|p2a: Kingambit|12/100 par\n|move|p2a: Kingambit|Kowtow Cleave|p1a: Ribombee\n|-resisted|p1a: Ribombee\n|-damage|p1a: Ribombee|0 fnt\n|faint|p1a: Ribombee\n|\n|-weather|none\n|upkeep\n|\n|t:|1771226533\n|switch|p1a: Kingambit|Kingambit, F|100/100\n|-activate|p1a: Kingambit|ability: Supreme Overlord\n|-start|p1a: Kingambit|fallen3|[silent]\n|turn|16\n|\n|t:|1771226537\n|-end|p2a: Kingambit|fallen2|[silent]\n|switch|p2a: Ninetales|Ninetales, F|100/100 par\n|-activate|p2a: Ninetales|move: Sticky Web\n|-unboost|p2a: Ninetales|spe|1\n|-weather|SunnyDay|[from] ability: Drought|[of] p2a: Ninetales\n|move|p1a: Kingambit|Kowtow Cleave|p2a: Ninetales\n|-damage|p2a: Ninetales|3/100 par\n|\n|-weather|SunnyDay|[upkeep]\n|upkeep\n|turn|17\n|\n|t:|1771226541\n|-end|p1a: Kingambit|fallen3|[silent]\n|switch|p1a: Dragapult|Dragapult, M|100/100\n|cant|p2a: Ninetales|par\n|\n|-weather|SunnyDay|[upkeep]\n|upkeep\n|turn|18\n|\n|t:|1771226548\n|switch|p2a: Kingambit|Kingambit, M|12/100 par\n|-activate|p2a: Kingambit|move: Sticky Web\n|-unboost|p2a: Kingambit|spe|1\n|-activate|p2a: Kingambit|ability: Supreme Overlord\n|-start|p2a: Kingambit|fallen2|[silent]\n|move|p1a: Dragapult|U-turn|p2a: Kingambit\n|-damage|p2a: Kingambit|0 fnt\n|faint|p2a: Kingambit\n|-end|p2a: Kingambit|fallen2|[silent]\n|\n|t:|1771226554\n|switch|p1a: Gholdengo|Gholdengo|100/100|[from] U-turn\n|-item|p1a: Gholdengo|Air Balloon\n|\n|-weather|SunnyDay|[upkeep]\n|upkeep\n|\n|t:|1771226571\n|switch|p2a: Venusaur|Venusaur, M|100/100\n|-activate|p2a: Venusaur|move: Sticky Web\n|-unboost|p2a: Venusaur|spe|1\n|turn|19\n|\n|t:|1771226577\n|move|p2a: Venusaur|Weather Ball|p1a: Gholdengo\n|-supereffective|p1a: Gholdengo\n|-damage|p1a: Gholdengo|0 fnt\n|-enditem|p1a: Gholdengo|Air Balloon\n|faint|p1a: Gholdengo\n|-damage|p2a: Venusaur|91/100|[from] item: Life Orb\n|\n|-weather|SunnyDay|[upkeep]\n|upkeep\n|\n|t:|1771226580\n|switch|p1a: Dragapult|Dragapult, M|100/100\n|turn|20\n|\n|t:|1771226600\n|move|p1a: Dragapult|Draco Meteor|p2a: Venusaur\n|-damage|p2a: Venusaur|0 fnt\n|-unboost|p1a: Dragapult|spa|2\n|faint|p2a: Venusaur\n|\n|-weather|SunnyDay|[upkeep]\n|upkeep\n|\n|t:|1771226609\n|switch|p2a: Walking Wake|Walking Wake|100/100\n|-activate|p2a: Walking Wake|move: Sticky Web\n|-unboost|p2a: Walking Wake|spe|1\n|-activate|p2a: Walking Wake|ability: Protosynthesis\n|-start|p2a: Walking Wake|protosynthesisspa\n|turn|21\n|\n|t:|1771226615\n|-end|p2a: Walking Wake|Protosynthesis|[silent]\n|switch|p2a: Ninetales|Ninetales, F|3/100 par\n|-activate|p2a: Ninetales|move: Sticky Web\n|-unboost|p2a: Ninetales|spe|1\n|move|p1a: Dragapult|Draco Meteor|p2a: Ninetales\n|-damage|p2a: Ninetales|0 fnt\n|-unboost|p1a: Dragapult|spa|2\n|faint|p2a: Ninetales\n|\n|-weather|SunnyDay|[upkeep]\n|upkeep\n|\n|t:|1771226617\n|switch|p2a: Walking Wake|Walking Wake|100/100\n|-activate|p2a: Walking Wake|move: Sticky Web\n|-unboost|p2a: Walking Wake|spe|1\n|-activate|p2a: Walking Wake|ability: Protosynthesis\n|-start|p2a: Walking Wake|protosynthesisspa\n|turn|22\n|\n|t:|1771226623\n|move|p1a: Dragapult|Draco Meteor|p2a: Walking Wake|[miss]\n|-miss|p1a: Dragapult|p2a: Walking Wake\n|move|p2a: Walking Wake|Flamethrower|p1a: Dragapult\n|-resisted|p1a: Dragapult\n|-damage|p1a: Dragapult|59/100\n|\n|-weather|SunnyDay|[upkeep]\n|upkeep\n|turn|23\n|\n|t:|1771226628\n|move|p1a: Dragapult|Draco Meteor|p2a: Walking Wake\n|-supereffective|p2a: Walking Wake\n|-damage|p2a: Walking Wake|39/100\n|-unboost|p1a: Dragapult|spa|2\n|move|p2a: Walking Wake|Hydro Steam|p1a: Dragapult\n|-resisted|p1a: Dragapult\n|-damage|p1a: Dragapult|0 fnt\n|faint|p1a: Dragapult\n|\n|-weather|none\n|-end|p2a: Walking Wake|Protosynthesis\n|upkeep\n|\n|t:|1771226631\n|switch|p1a: Kingambit|Kingambit, F|100/100\n|-activate|p1a: Kingambit|ability: Supreme Overlord\n|-start|p1a: Kingambit|fallen5|[silent]\n|turn|24\n|\n|t:|1771226636\n|move|p1a: Kingambit|Sucker Punch|p2a: Walking Wake\n|-damage|p2a: Walking Wake|0 fnt\n|faint|p2a: Walking Wake\n|-end|p2a: Walking Wake|Protosynthesis|[silent]\n|\n|win|testingolem\n|raw|testingolem's rating: 1528 &rarr; <strong>1548</strong><br />(+20 for winning)\n|raw|unzipscrogre's rating: 1535 &rarr; <strong>1515</strong><br />(-20 for losing)\n|c|☆unzipscrogre|gg\n|l|☆testingolem\n|player|p1|\n|l|☆unzipscrogre\n|player|p2|\n", "uploadtime": 1771226822, "views": 7, "formatid": "gen9ou", "rating": 1515, "private": 0, "password": null}