{"id": "gen9ou-2540780066", "format": "[Gen 9] OU", "players": ["bigtestsofbig", "Cyprieng"], "log": "|j|☆bigtestsofbig\n|j|☆Cyprieng\n|t:|1771253165\n|gametype|singles\n|player|p1|bigtestsofbig|169|1532\n|player|p2|Cyprieng|2|1646\n|gen|9\n|tier|[Gen 9] OU\n|rated|\n|rule|HP Percentage Mod: HP is shown in percentages\n|rule|Endless Battle Clause: Forcing endless battles is banned\n|rule|Species Clause: Limit one of each Pokémon\n|rule|OHKO Clause: OHKO moves are banned\n|rule|Evasion Items Clause: Evasion items are banned\n|rule|Evasion Moves Clause: Evasion moves are banned\n|rule|Evasion Abilities Clause: Evasion abilities are banned\n|rule|Sleep Moves Clause: Sleep-inducing moves are banned\n|clearpoke\n|poke|p1|Gliscor, F|\n|poke|p1|Kingambit, F|\n|poke|p1|Dragonite, F|\n|poke|p1|Hatterene, F|\n|poke|p1|Keldeo-Resolute|\n|poke|p1|Iron Boulder|\n|poke|p2|Dragonite, F|\n|poke|p2|Hatterene, F|\n|poke|p2|Weavile, M|\n|poke|p2|Ogerpon-Wellspring, F|\n|poke|p2|Kingambit, M|\n|poke|p2|Great Tusk|\n|teampreview\n|inactive|Battle timer is ON: inactive players will automatically lose when time's up. (requested by bigtestsofbig)\n|\n|t:|1771253178\n|teamsize|p1|6\n|teamsize|p2|6\n|start\n|switch|p1a: Kingambit|Kingambit, F|100/100\n|switch|p2a: Hello .RAW-Z|Weavile, M|100/100\n|turn|1\n|\n|t:|1771253186\n|-end|p1a: Kingambit|fallenundefined|[silent]\n|switch|p1a: Gliscor|Gliscor, F|100/100\n|move|p2a: Hello .RAW-Z|Low Kick|p1a: Gliscor\n|-resisted|p1a: Gliscor\n|-damage|p1a: Gliscor|92/100\n|\n|-status|p1a: Gliscor|tox|[from] item: Toxic Orb\n|upkeep\n|turn|2\n|\n|t:|1771253201\n|switch|p1a: Keldeo|Keldeo-Resolute|100/100\n|move|p2a: Hello .RAW-Z|Icicle Crash|p1a: Keldeo|[miss]\n|-miss|p2a: Hello .RAW-Z|p1a: Keldeo\n|\n|upkeep\n|turn|3\n|\n|t:|1771253212\n|switch|p2a: Maladresse|Ogerpon-Wellspring, F|100/100\n|move|p1a: Keldeo|Surf|p2a: Maladresse\n|-immune|p2a: Maladresse|[from] ability: Water Absorb\n|\n|upkeep\n|turn|4\n|\n|t:|1771253219\n|switch|p1a: Dragonite|Dragonite, F|100/100\n|move|p2a: Maladresse|Ivy Cudgel|p1a: Dragonite|[anim] Ivy Cudgel Water\n|-resisted|p1a: Dragonite\n|-damage|p1a: Dragonite|87/100\n|\n|upkeep\n|turn|5\n|\n|t:|1771253226\n|switch|p2a: Swish|Dragonite, F|100/100\n|move|p1a: Dragonite|Dragon Tail|p2a: Swish\n|-supereffective|p2a: Swish\n|-damage|p2a: Swish|65/100\n|drag|p2a: Vent de l'est|Hatterene, F|100/100\n|\n|upkeep\n|turn|6\n|\n|t:|1771253238\n|switch|p1a: Gliscor|Gliscor, F|92/100 tox\n|move|p2a: Vent de l'est|Nuzzle|p1a: Gliscor\n|-immune|p1a: Gliscor\n|\n|-heal|p1a: Gliscor|100/100 tox|[from] ability: Poison Heal\n|upkeep\n|turn|7\n|\n|t:|1771253256\n|switch|p2a: PrinceDeSangMêlé|Kingambit, M|100/100\n|move|p1a: Gliscor|Knock Off|p2a: PrinceDeSangMêlé\n|-resisted|p2a: PrinceDeSangMêlé\n|-damage|p2a: PrinceDeSangMêlé|92/100\n|-enditem|p2a: PrinceDeSangMêlé|Clear Amulet|[from] move: Knock Off|[of] p1a: Gliscor\n|\n|upkeep\n|turn|8\n|\n|t:|1771253263\n|-end|p2a: PrinceDeSangMêlé|fallenundefined|[silent]\n|switch|p2a: Hello .RAW-Z|Weavile, M|100/100\n|move|p1a: Gliscor|Spikes|p2a: Hello .RAW-Z\n|-sidestart|p2: Cyprieng|Spikes\n|\n|upkeep\n|turn|9\n|\n|t:|1771253278\n|switch|p2a: Maladresse|Ogerpon-Wellspring, F|100/100\n|-damage|p2a: Maladresse|88/100|[from] Spikes\n|move|p1a: Gliscor|Earthquake|p2a: Maladresse\n|-resisted|p2a: Maladresse\n|-damage|p2a: Maladresse|68/100\n|\n|upkeep\n|turn|10\n|\n|t:|1771253285\n|switch|p1a: Dragonite|Dragonite, F|87/100\n|move|p2a: Maladresse|Swords Dance|p2a: Maladresse\n|-boost|p2a: Maladresse|atk|2\n|\n|upkeep\n|turn|11\n|\n|t:|1771253294\n|move|p2a: Maladresse|Play Rough|p1a: Dragonite\n|-supereffective|p1a: Dragonite\n|-crit|p1a: Dragonite\n|-damage|p1a: Dragonite|0 fnt\n|faint|p1a: Dragonite\n|\n|upkeep\n|\n|t:|1771253301\n|switch|p1a: Kingambit|Kingambit, F|100/100\n|-activate|p1a: Kingambit|ability: Supreme Overlord\n|-start|p1a: Kingambit|fallen1|[silent]\n|turn|12\n|\n|t:|1771253310\n|move|p1a: Kingambit|Sucker Punch|p2a: Maladresse\n|-damage|p2a: Maladresse|13/100\n|move|p2a: Maladresse|Ivy Cudgel|p1a: Kingambit|[anim] Ivy Cudgel Water\n|-damage|p1a: Kingambit|8/100\n|\n|-heal|p1a: Kingambit|14/100|[from] item: Leftovers\n|upkeep\n|turn|13\n|\n|t:|1771253318\n|switch|p2a: Z-machine|Great Tusk|100/100\n|-damage|p2a: Z-machine|88/100|[from] Spikes\n|move|p1a: Kingambit|Kowtow Cleave|p2a: Z-machine\n|-resisted|p2a: Z-machine\n|-damage|p2a: Z-machine|67/100\n|\n|-heal|p1a: Kingambit|21/100|[from] item: Leftovers\n|upkeep\n|turn|14\n|\n|t:|1771253329\n|move|p2a: Z-machine|Rapid Spin|p1a: Kingambit\n|-resisted|p1a: Kingambit\n|-damage|p1a: Kingambit|14/100\n|-boost|p2a: Z-machine|spe|1\n|-sideend|p2: Cyprieng|Spikes|[from] move: Rapid Spin|[of] p2a: Z-machine\n|move|p1a: Kingambit|Iron Head|p2a: Z-machine\n|-damage|p2a: Z-machine|32/100\n|\n|-heal|p1a: Kingambit|20/100|[from] item: Leftovers\n|upkeep\n|turn|15\n|\n|t:|1771253338\n|-end|p1a: Kingambit|fallen1|[silent]\n|switch|p1a: Gliscor|Gliscor, F|100/100 tox\n|move|p2a: Z-machine|Close Combat|p1a: Gliscor\n|-resisted|p1a: Gliscor\n|-damage|p1a: Gliscor|75/100 tox\n|-unboost|p2a: Z-machine|def|1\n|-unboost|p2a: Z-machine|spd|1\n|\n|-heal|p1a: Gliscor|88/100 tox|[from] ability: Poison Heal\n|upkeep\n|turn|16\n|\n|t:|1771253343\n|switch|p1a: Hatterene|Hatterene, F|100/100\n|move|p2a: Z-machine|Ice Spinner|p1a: Hatterene\n|-damage|p1a: Hatterene|76/100\n|-damage|p2a: Z-machine|16/100|[from] item: Rocky Helmet|[of] p1a: Hatterene\n|\n|upkeep\n|turn|17\n|\n|t:|1771253355\n|-end|p2a: Z-machine|Protosynthesis|[silent]\n|switch|p2a: Vent de l'est|Hatterene, F|100/100\n|switch|p1a: Gliscor|Gliscor, F|88/100 tox\n|\n|-heal|p1a: Gliscor|99/100 tox|[from] ability: Poison Heal\n|upkeep\n|turn|18\n|\n|t:|1771253361\n|move|p1a: Gliscor|Earthquake|p2a: Vent de l'est\n|-damage|p2a: Vent de l'est|74/100\n|move|p2a: Vent de l'est|Healing Wish|p2a: Vent de l'est\n|faint|p2a: Vent de l'est\n|\n|-heal|p1a: Gliscor|100/100 tox|[from] ability: Poison Heal\n|upkeep\n|\n|t:|1771253364\n|switch|p2a: Maladresse|Ogerpon-Wellspring, F|13/100\n|-heal|p2a: Maladresse|100/100|[from] move: Healing Wish\n|turn|19\n|\n|t:|1771253378\n|switch|p1a: Kingambit|Kingambit, F|20/100\n|-activate|p1a: Kingambit|ability: Supreme Overlord\n|-start|p1a: Kingambit|fallen1|[silent]\n|move|p2a: Maladresse|Swords Dance|p2a: Maladresse\n|-boost|p2a: Maladresse|atk|2\n|\n|-heal|p1a: Kingambit|26/100|[from] item: Leftovers\n|upkeep\n|turn|20\n|\n|t:|1771253383\n|move|p2a: Maladresse|Ivy Cudgel|p1a: Kingambit|[anim] Ivy Cudgel Water\n|-damage|p1a: Kingambit|0 fnt\n|faint|p1a: Kingambit\n|-end|p1a: Kingambit|fallen1|[silent]\n|\n|upkeep\n|\n|t:|1771253389\n|switch|p1a: Hatterene|Hatterene, F|76/100\n|turn|21\n|\n|t:|1771253402\n|move|p2a: Maladresse|Power Whip|p1a: Hatterene\n|-damage|p1a: Hatterene|0 fnt\n|-damage|p2a: Maladresse|84/100|[from] item: Rocky Helmet|[of] p1a: Hatterene\n|faint|p1a: Hatterene\n|\n|upkeep\n|\n|t:|1771253406\n|switch|p1a: Keldeo|Keldeo-Resolute|100/100\n|turn|22\n|\n|t:|1771253418\n|move|p1a: Keldeo|Vacuum Wave|p2a: Maladresse\n|-damage|p2a: Maladresse|46/100\n|move|p2a: Maladresse|Power Whip|p1a: Keldeo|[miss]\n|-miss|p2a: Maladresse|p1a: Keldeo\n|\n|upkeep\n|turn|23\n|\n|t:|1771253424\n|-terastallize|p2a: Maladresse|Water\n|detailschange|p2a: Maladresse|Ogerpon-Wellspring-Tera, F, tera:Water\n|-ability|p2a: Maladresse|Embody Aspect (Wellspring)|boost\n|-boost|p2a: Maladresse|spd|1\n|move|p1a: Keldeo|Vacuum Wave|p2a: Maladresse\n|-damage|p2a: Maladresse|21/100\n|move|p2a: Maladresse|Play Rough|p1a: Keldeo\n|-supereffective|p1a: Keldeo\n|-damage|p1a: Keldeo|0 fnt\n|faint|p1a: Keldeo\n|\n|upkeep\n|\n|t:|1771253430\n|switch|p1a: Iron Boulder|Iron Boulder|100/100\n|-enditem|p1a: Iron Boulder|Booster Energy\n|-activate|p1a: Iron Boulder|ability: Quark Drive|[fromitem]\n|-start|p1a: Iron Boulder|quarkdrivespe\n|turn|24\n|\n|t:|1771253449\n|switch|p2a: Swish|Dragonite, F|65/100\n|move|p1a: Iron Boulder|Mighty Cleave|p2a: Swish\n|-supereffective|p2a: Swish\n|-damage|p2a: Swish|0 fnt\n|faint|p2a: Swish\n|\n|upkeep\n|\n|t:|1771253452\n|switch|p2a: PrinceDeSangMêlé|Kingambit, M|92/100\n|-activate|p2a: PrinceDeSangMêlé|ability: Supreme Overlord\n|-start|p2a: PrinceDeSangMêlé|fallen2|[silent]\n|turn|25\n|\n|t:|1771253458\n|-terastallize|p1a: Iron Boulder|Fighting\n|move|p1a: Iron Boulder|Sacred Sword|p2a: PrinceDeSangMêlé\n|-supereffective|p2a: PrinceDeSangMêlé\n|-damage|p2a: PrinceDeSangMêlé|0 fnt\n|faint|p2a: PrinceDeSangMêlé\n|-end|p2a: PrinceDeSangMêlé|fallen2|[silent]\n|\n|upkeep\n|\n|t:|1771253466\n|switch|p2a: Hello .RAW-Z|Weavile, M|100/100\n|turn|26\n|\n|t:|1771253469\n|move|p1a: Iron Boulder|Sacred Sword|p2a: Hello .RAW-Z\n|-supereffective|p2a: Hello .RAW-Z\n|-enditem|p2a: Hello .RAW-Z|Focus Sash\n|-damage|p2a: Hello .RAW-Z|1/100\n|move|p2a: Hello .RAW-Z|Icicle Crash|p1a: Iron Boulder\n|-damage|p1a: Iron Boulder|50/100\n|\n|upkeep\n|turn|27\n|\n|t:|1771253474\n|move|p1a: Iron Boulder|Sacred Sword|p2a: Hello .RAW-Z\n|-supereffective|p2a: Hello .RAW-Z\n|-damage|p2a: Hello .RAW-Z|0 fnt\n|faint|p2a: Hello .RAW-Z\n|\n|upkeep\n|-message|Cyprieng forfeited.\n|\n|win|bigtestsofbig\n|raw|bigtestsofbig's rating: 1532 &rarr; <strong>1558</strong><br />(+26 for winning)\n|raw|Cyprieng's rating: 1646 &rarr; <strong>1620</strong><br />(-26 for losing)\n|l|☆Cyprieng\n|player|p2|\n|l|☆bigtestsofbig\n|player|p1|\n", "uploadtime": 1771253674, "views": 5, "formatid": "gen9ou", "rating": 1558, "private": 0, "password": null}