{"id": "gen9ou-2540741686", "format": "[Gen 9] OU", "players": ["Zerwikaptur", "tuanquewang"], "log": "|j|☆Zerwikaptur\n|j|☆tuanquewang\n|t:|1771248490\n|gametype|singles\n|player|p1|Zerwikaptur|elesa-gen5bw2|1578\n|player|p2|tuanquewang|backersf|1676\n|gen|9\n|tier|[Gen 9] OU\n|rated|\n|rule|HP Percentage Mod: HP is shown in percentages\n|rule|Endless Battle Clause: Forcing endless battles is banned\n|rule|Species Clause: Limit one of each Pokémon\n|rule|OHKO Clause: OHKO moves are banned\n|rule|Evasion Items Clause: Evasion items are banned\n|rule|Evasion Moves Clause: Evasion moves are banned\n|rule|Evasion Abilities Clause: Evasion abilities are banned\n|rule|Sleep Moves Clause: Sleep-inducing moves are banned\n|clearpoke\n|poke|p1|Ting-Lu|\n|poke|p1|Great Tusk|\n|poke|p1|Kyurem|\n|poke|p1|Gholdengo|\n|poke|p1|Moltres|\n|poke|p1|Ogerpon, F|\n|poke|p2|Slowking-Galar, M|\n|poke|p2|Alomomola, F|\n|poke|p2|Scizor, M|\n|poke|p2|Hydrapple, F|\n|poke|p2|Cinderace, M|\n|poke|p2|Sandy Shocks|\n|teampreview\n|inactive|Battle timer is ON: inactive players will automatically lose when time's up. (requested by tuanquewang)\n|j| gdsegtrhyer\n|\n|t:|1771248507\n|teamsize|p1|6\n|teamsize|p2|6\n|start\n|switch|p1a: Ban it plz|Ogerpon, F|100/100\n|switch|p2a: Hydrapple|Hydrapple, F, shiny|100/100\n|turn|1\n|\n|t:|1771248511\n|move|p1a: Ban it plz|U-turn|p2a: Hydrapple\n|-supereffective|p2a: Hydrapple\n|-damage|p2a: Hydrapple|51/100\n|\n|t:|1771248513\n|switch|p1a: Sheist Sawsbuck|Ting-Lu|100/100|[from] U-turn\n|-ability|p1a: Sheist Sawsbuck|Vessel of Ruin\n|move|p2a: Hydrapple|Draco Meteor|p1a: Sheist Sawsbuck\n|-damage|p1a: Sheist Sawsbuck|60/100\n|-unboost|p2a: Hydrapple|spa|2\n|\n|-heal|p1a: Sheist Sawsbuck|66/100|[from] item: Leftovers\n|upkeep\n|turn|2\n|\n|t:|1771248520\n|switch|p2a: Alomomola|Alomomola, F|100/100\n|move|p1a: Sheist Sawsbuck|Ruination|p2a: Alomomola\n|-damage|p2a: Alomomola|50/100\n|\n|-heal|p1a: Sheist Sawsbuck|72/100|[from] item: Leftovers\n|-heal|p2a: Alomomola|57/100|[from] item: Leftovers\n|upkeep\n|turn|3\n|\n|t:|1771248528\n|move|p1a: Sheist Sawsbuck|Stealth Rock|p2a: Alomomola\n|-sidestart|p2: tuanquewang|move: Stealth Rock\n|move|p2a: Alomomola|Flip Turn|p1a: Sheist Sawsbuck\n|-supereffective|p1a: Sheist Sawsbuck\n|-damage|p1a: Sheist Sawsbuck|55/100\n|\n|t:|1771248529\n|switch|p2a: Hydrapple|Hydrapple, F, shiny|85/100|[from] Flip Turn\n|-damage|p2a: Hydrapple|72/100|[from] Stealth Rock\n|\n|-heal|p1a: Sheist Sawsbuck|61/100|[from] item: Leftovers\n|upkeep\n|turn|4\n|\n|t:|1771248551\n|move|p1a: Sheist Sawsbuck|Ruination|p2a: Hydrapple\n|-damage|p2a: Hydrapple|36/100\n|move|p2a: Hydrapple|Leaf Storm|p1a: Sheist Sawsbuck\n|-supereffective|p1a: Sheist Sawsbuck\n|-crit|p1a: Sheist Sawsbuck\n|-damage|p1a: Sheist Sawsbuck|0 fnt\n|-unboost|p2a: Hydrapple|spa|2\n|faint|p1a: Sheist Sawsbuck\n|\n|upkeep\n|\n|t:|1771248561\n|switch|p1a: 9rem|Kyurem, shiny|100/100\n|-ability|p1a: 9rem|Pressure\n|turn|5\n|\n|t:|1771248579\n|switch|p2a: Slowking|Slowking-Galar, M|100/100\n|-damage|p2a: Slowking|88/100|[from] Stealth Rock\n|move|p1a: 9rem|Substitute|p1a: 9rem\n|-start|p1a: 9rem|Substitute\n|-damage|p1a: 9rem|75/100\n|\n|-heal|p1a: 9rem|82/100|[from] item: Leftovers\n|-heal|p2a: Slowking|94/100|[from] item: Black Sludge\n|upkeep\n|turn|6\n|\n|t:|1771248582\n|move|p1a: 9rem|Earth Power|p2a: Slowking\n|-supereffective|p2a: Slowking\n|-damage|p2a: Slowking|58/100\n|move|p2a: Slowking|Future Sight|p1a: 9rem\n|-start|p2a: Slowking|move: Future Sight\n|\n|-heal|p1a: 9rem|88/100|[from] item: Leftovers\n|-heal|p2a: Slowking|64/100|[from] item: Black Sludge\n|upkeep\n|turn|7\n|\n|t:|1771248585\n|move|p1a: 9rem|Earth Power|p2a: Slowking\n|-supereffective|p2a: Slowking\n|-damage|p2a: Slowking|31/100\n|-prepare|p2a: Slowking|Chilly Reception|[premajor]\n|move|p2a: Slowking|Chilly Reception|p2a: Slowking\n|-weather|Snowscape\n|\n|t:|1771248588\n|switch|p2a: Cinderace|Cinderace, M|100/100|[from] Chilly Reception\n|\n|-weather|Snowscape|[upkeep]\n|-heal|p1a: 9rem|94/100|[from] item: Leftovers\n|upkeep\n|turn|8\n|\n|t:|1771248603\n|move|p2a: Cinderace|Court Change|p2a: Cinderace\n|-start|p2a: Cinderace|typechange|Normal|[from] ability: Libero\n|-swapsideconditions\n|-activate|p2a: Cinderace|move: Court Change\n|move|p1a: 9rem|Substitute|p1a: 9rem\n|-fail|p1a: 9rem|move: Substitute\n|\n|-weather|Snowscape|[upkeep]\n|-end|p1a: 9rem|move: Future Sight\n|-end|p1a: 9rem|Substitute\n|-heal|p1a: 9rem|99/100|[from] item: Leftovers\n|upkeep\n|turn|9\n|\n|t:|1771248610\n|move|p1a: 9rem|Protect|p1a: 9rem\n|-singleturn|p1a: 9rem|Protect\n|move|p2a: Cinderace|High Jump Kick|p1a: 9rem\n|-activate|p1a: 9rem|move: Protect\n|-damage|p2a: Cinderace|51/100|[from] highjumpkick\n|\n|-weather|Snowscape|[upkeep]\n|-heal|p1a: 9rem|100/100|[from] item: Leftovers\n|upkeep\n|turn|10\n|\n|t:|1771248621\n|move|p2a: Cinderace|U-turn|p1a: 9rem\n|-damage|p1a: 9rem|88/100\n|\n|t:|1771248632\n|switch|p2a: Scizor|Scizor, M|100/100|[from] U-turn\n|move|p1a: 9rem|Freeze-Dry|p2a: Scizor\n|-resisted|p2a: Scizor\n|-damage|p2a: Scizor|80/100\n|\n|-weather|Snowscape|[upkeep]\n|-heal|p1a: 9rem|94/100|[from] item: Leftovers\n|upkeep\n|turn|11\n|\n|t:|1771248637\n|switch|p1a: Great Nose|Great Tusk, shiny|100/100\n|-damage|p1a: Great Nose|97/100|[from] Stealth Rock\n|move|p2a: Scizor|Bullet Punch|p1a: Great Nose\n|-damage|p1a: Great Nose|73/100\n|-damage|p2a: Scizor|63/100|[from] item: Rocky Helmet|[of] p1a: Great Nose\n|\n|-weather|none\n|upkeep\n|turn|12\n|\n|t:|1771248641\n|switch|p2a: Alomomola|Alomomola, F|90/100\n|move|p1a: Great Nose|Rapid Spin|p2a: Alomomola\n|-damage|p2a: Alomomola|81/100\n|-boost|p1a: Great Nose|spe|1\n|-sideend|p1: Zerwikaptur|Stealth Rock|[from] move: Rapid Spin|[of] p1a: Great Nose\n|\n|-heal|p2a: Alomomola|87/100|[from] item: Leftovers\n|upkeep\n|turn|13\n|\n|t:|1771248645\n|move|p1a: Great Nose|Knock Off|p2a: Alomomola\n|-damage|p2a: Alomomola|73/100\n|-enditem|p2a: Alomomola|Leftovers|[from] move: Knock Off|[of] p1a: Great Nose\n|move|p2a: Alomomola|Flip Turn|p1a: Great Nose\n|-supereffective|p1a: Great Nose\n|-damage|p1a: Great Nose|55/100\n|-damage|p2a: Alomomola|56/100|[from] item: Rocky Helmet|[of] p1a: Great Nose\n|\n|t:|1771248648\n|switch|p2a: Sandy Shocks|Sandy Shocks, shiny|100/100|[from] Flip Turn\n|\n|upkeep\n|turn|14\n|\n|t:|1771248658\n|move|p2a: Sandy Shocks|Earth Power|p1a: Great Nose\n|-damage|p1a: Great Nose|0 fnt\n|faint|p1a: Great Nose\n|-end|p1a: Great Nose|Protosynthesis|[silent]\n|\n|upkeep\n|\n|t:|1771248661\n|switch|p1a: Ban it plz|Ogerpon, F|100/100\n|turn|15\n|\n|t:|1771248670\n|-end|p2a: Sandy Shocks|Protosynthesis|[silent]\n|switch|p2a: Alomomola|Alomomola, F|89/100\n|move|p1a: Ban it plz|Knock Off|p2a: Alomomola\n|-damage|p2a: Alomomola|74/100\n|\n|upkeep\n|turn|16\n|\n|t:|1771248676\n|switch|p1a: Mol3|Moltres, shiny|100/100\n|move|p2a: Alomomola|Flip Turn|p1a: Mol3\n|-supereffective|p1a: Mol3\n|-damage|p1a: Mol3|79/100\n|\n|t:|1771248678\n|switch|p2a: Slowking|Slowking-Galar, M|64/100|[from] Flip Turn\n|\n|-heal|p2a: Slowking|70/100|[from] item: Black Sludge\n|upkeep\n|turn|17\n|\n|t:|1771248684\n|move|p1a: Mol3|U-turn|p2a: Slowking\n|-damage|p2a: Slowking|55/100\n|\n|t:|1771248686\n|switch|p1a: Ban it plz|Ogerpon, F|100/100|[from] U-turn\n|move|p2a: Slowking|Toxic|p1a: Ban it plz\n|-status|p1a: Ban it plz|tox\n|\n|-heal|p2a: Slowking|61/100|[from] item: Black Sludge\n|-damage|p1a: Ban it plz|95/100 tox|[from] psn\n|upkeep\n|turn|18\n|\n|t:|1771248690\n|switch|p2a: Alomomola|Alomomola, F|100/100\n|move|p1a: Ban it plz|Ivy Cudgel|p2a: Alomomola\n|-supereffective|p2a: Alomomola\n|-damage|p2a: Alomomola|23/100\n|\n|-damage|p1a: Ban it plz|83/100 tox|[from] psn\n|upkeep\n|turn|19\n|\n|t:|1771248696\n|switch|p1a: WERICHOVERHERE|Gholdengo, shiny|100/100\n|-item|p1a: WERICHOVERHERE|Air Balloon\n|switch|p2a: Hydrapple|Hydrapple, F, shiny|70/100\n|\n|upkeep\n|turn|20\n|\n|t:|1771248702\n|move|p1a: WERICHOVERHERE|Nasty Plot|p1a: WERICHOVERHERE\n|-boost|p1a: WERICHOVERHERE|spa|2\n|move|p2a: Hydrapple|Hydro Pump|p1a: WERICHOVERHERE\n|-damage|p1a: WERICHOVERHERE|29/100\n|-enditem|p1a: WERICHOVERHERE|Air Balloon\n|\n|upkeep\n|turn|21\n|\n|t:|1771248705\n|switch|p2a: Alomomola|Alomomola, F|56/100\n|move|p1a: WERICHOVERHERE|Make It Rain|p2a: Alomomola\n|-resisted|p2a: Alomomola\n|-damage|p2a: Alomomola|0 fnt\n|-unboost|p1a: WERICHOVERHERE|spa|1\n|faint|p2a: Alomomola\n|\n|upkeep\n|\n|t:|1771248710\n|switch|p2a: Sandy Shocks|Sandy Shocks, shiny|100/100\n|turn|22\n|\n|t:|1771248715\n|switch|p1a: Mol3|Moltres, shiny|79/100\n|move|p2a: Sandy Shocks|Volt Switch|p1a: Mol3\n|-supereffective|p1a: Mol3\n|-damage|p1a: Mol3|0 fnt\n|faint|p1a: Mol3\n|\n|t:|1771248721\n|-end|p2a: Sandy Shocks|Protosynthesis|[silent]\n|switch|p2a: Cinderace|Cinderace, M|51/100|[from] Volt Switch\n|\n|upkeep\n|\n|t:|1771248724\n|switch|p1a: 9rem|Kyurem, shiny|94/100\n|-ability|p1a: 9rem|Pressure\n|turn|23\n|\n|t:|1771248743\n|move|p2a: Cinderace|Pyro Ball|p1a: 9rem\n|-damage|p1a: 9rem|40/100\n|move|p1a: 9rem|Substitute|p1a: 9rem\n|-start|p1a: 9rem|Substitute\n|-damage|p1a: 9rem|15/100\n|\n|-heal|p1a: 9rem|21/100|[from] item: Leftovers\n|upkeep\n|turn|24\n|\n|t:|1771248746\n|move|p1a: 9rem|Protect|p1a: 9rem\n|-singleturn|p1a: 9rem|Protect\n|move|p2a: Cinderace|Pyro Ball|p1a: 9rem\n|-activate|p1a: 9rem|move: Protect\n|\n|-heal|p1a: 9rem|27/100|[from] item: Leftovers\n|upkeep\n|turn|25\n|\n|t:|1771248750\n|move|p2a: Cinderace|Pyro Ball|p1a: 9rem\n|-end|p1a: 9rem|Substitute\n|move|p1a: 9rem|Earth Power|p2a: Cinderace\n|-supereffective|p2a: Cinderace\n|-damage|p2a: Cinderace|0 fnt\n|faint|p2a: Cinderace\n|\n|-heal|p1a: 9rem|34/100|[from] item: Leftovers\n|upkeep\n|\n|t:|1771248755\n|switch|p2a: Scizor|Scizor, M|63/100\n|turn|26\n|\n|t:|1771248758\n|-terastallize|p2a: Scizor|Steel\n|move|p1a: 9rem|Protect|p1a: 9rem\n|-singleturn|p1a: 9rem|Protect\n|move|p2a: Scizor|Bullet Punch|p1a: 9rem\n|-activate|p1a: 9rem|move: Protect\n|\n|-heal|p1a: 9rem|40/100|[from] item: Leftovers\n|upkeep\n|turn|27\n|\n|t:|1771248763\n|switch|p1a: WERICHOVERHERE|Gholdengo, shiny|29/100\n|move|p2a: Scizor|Bullet Punch|p1a: WERICHOVERHERE\n|-resisted|p1a: WERICHOVERHERE\n|-damage|p1a: WERICHOVERHERE|0 fnt\n|faint|p1a: WERICHOVERHERE\n|\n|upkeep\n|\n|t:|1771248765\n|switch|p1a: 9rem|Kyurem, shiny|40/100\n|-ability|p1a: 9rem|Pressure\n|turn|28\n|\n|t:|1771248767\n|move|p1a: 9rem|Protect|p1a: 9rem\n|-singleturn|p1a: 9rem|Protect\n|move|p2a: Scizor|Bullet Punch|p1a: 9rem\n|-activate|p1a: 9rem|move: Protect\n|\n|-heal|p1a: 9rem|46/100|[from] item: Leftovers\n|upkeep\n|turn|29\n|\n|t:|1771248769\n|-terastallize|p1a: 9rem|Ground\n|move|p2a: Scizor|Bullet Punch|p1a: 9rem\n|-damage|p1a: 9rem|0 fnt\n|faint|p1a: 9rem\n|\n|upkeep\n|\n|t:|1771248772\n|switch|p1a: Ban it plz|Ogerpon, F|83/100 tox\n|turn|30\n|\n|t:|1771248774\n|move|p2a: Scizor|Bullet Punch|p1a: Ban it plz\n|-damage|p1a: Ban it plz|0 fnt\n|faint|p1a: Ban it plz\n|\n|win|tuanquewang\n|raw|Zerwikaptur's rating: 1578 &rarr; <strong>1563</strong><br />(-15 for losing)\n|raw|tuanquewang's rating: 1676 &rarr; <strong>1691</strong><br />(+15 for winning)\n|l|☆Zerwikaptur\n|player|p1|\n", "uploadtime": 1771248789, "views": 9, "formatid": "gen9ou", "rating": 1563, "private": 0, "password": null}