{"id": "gen9ou-2540716470", "format": "[Gen 9] OU", "players": ["ja hoi", "Dr.Px"], "log": "|j|☆ja hoi\n|j|☆Dr.Px\n|t:|1771244977\n|gametype|singles\n|player|p1|ja hoi|102|1582\n|player|p2|Dr.Px|lance|1580\n|gen|9\n|tier|[Gen 9] OU\n|rated|\n|rule|HP Percentage Mod: HP is shown in percentages\n|rule|Endless Battle Clause: Forcing endless battles is banned\n|rule|Species Clause: Limit one of each Pokémon\n|rule|OHKO Clause: OHKO moves are banned\n|rule|Evasion Items Clause: Evasion items are banned\n|rule|Evasion Moves Clause: Evasion moves are banned\n|rule|Evasion Abilities Clause: Evasion abilities are banned\n|rule|Sleep Moves Clause: Sleep-inducing moves are banned\n|clearpoke\n|poke|p1|Quaquaval, F|\n|poke|p1|Iron Moth|\n|poke|p1|Dragapult, M|\n|poke|p1|Corviknight, F|\n|poke|p1|Grimmsnarl, M|\n|poke|p1|Garganacl, F|\n|poke|p2|Darkrai|\n|poke|p2|Samurott-Hisui, M|\n|poke|p2|Latios, M|\n|poke|p2|Pecharunt|\n|poke|p2|Zamazenta-*|\n|poke|p2|Landorus-Therian, M|\n|teampreview\n|inactive|Battle timer is ON: inactive players will automatically lose when time's up. (requested by Dr.Px)\n|\n|t:|1771245009\n|teamsize|p1|6\n|teamsize|p2|6\n|start\n|switch|p1a: Grimmsnarl|Grimmsnarl, M|100/100\n|switch|p2a: Samurott|Samurott-Hisui, M|100/100\n|turn|1\n|\n|t:|1771245033\n|switch|p1a: Corviknight|Corviknight, F|100/100\n|-ability|p1a: Corviknight|Pressure\n|move|p2a: Samurott|Ceaseless Edge|p1a: Corviknight\n|-damage|p1a: Corviknight|66/100\n|-damage|p2a: Samurott|84/100|[from] item: Rocky Helmet|[of] p1a: Corviknight\n|-sidestart|p1: ja hoi|Spikes\n|\n|upkeep\n|turn|2\n|\n|t:|1771245052\n|switch|p2a: Landorus|Landorus-Therian, M|100/100\n|-ability|p2a: Landorus|Intimidate|boost\n|-unboost|p1a: Corviknight|atk|1\n|move|p1a: Corviknight|U-turn|p2a: Landorus\n|-resisted|p2a: Landorus\n|-damage|p2a: Landorus|93/100\n|-damage|p1a: Corviknight|49/100|[from] item: Rocky Helmet|[of] p2a: Landorus\n|\n|t:|1771245061\n|switch|p1a: Grimmsnarl|Grimmsnarl, M|100/100|[from] U-turn\n|-damage|p1a: Grimmsnarl|88/100|[from] Spikes\n|\n|upkeep\n|turn|3\n|\n|t:|1771245073\n|move|p1a: Grimmsnarl|Taunt|p2a: Landorus\n|-start|p2a: Landorus|move: Taunt\n|cant|p2a: Landorus|move: Taunt|Stealth Rock\n|\n|upkeep\n|turn|4\n|\n|t:|1771245084\n|move|p1a: Grimmsnarl|Reflect|p1a: Grimmsnarl\n|-sidestart|p1: ja hoi|Reflect\n|move|p2a: Landorus|U-turn|p1a: Grimmsnarl\n|-damage|p1a: Grimmsnarl|75/100\n|\n|t:|1771245094\n|switch|p2a: Samurott|Samurott-Hisui, M|84/100|[from] U-turn\n|\n|upkeep\n|turn|5\n|\n|t:|1771245117\n|move|p1a: Grimmsnarl|Light Screen|p1a: Grimmsnarl\n|-sidestart|p1: ja hoi|move: Light Screen\n|move|p2a: Samurott|Knock Off|p1a: Grimmsnarl\n|-resisted|p1a: Grimmsnarl\n|-damage|p1a: Grimmsnarl|68/100\n|-enditem|p1a: Grimmsnarl|Light Clay|[from] move: Knock Off|[of] p2a: Samurott\n|\n|upkeep\n|turn|6\n|\n|t:|1771245123\n|switch|p1a: Corviknight|Corviknight, F|49/100\n|-ability|p1a: Corviknight|Pressure\n|move|p2a: Samurott|Ceaseless Edge|p1a: Corviknight\n|-damage|p1a: Corviknight|32/100\n|-damage|p2a: Samurott|67/100|[from] item: Rocky Helmet|[of] p1a: Corviknight\n|-sidestart|p1: ja hoi|Spikes\n|\n|upkeep\n|turn|7\n|\n|t:|1771245133\n|move|p2a: Samurott|Razor Shell|p1a: Corviknight\n|-damage|p1a: Corviknight|14/100\n|-damage|p2a: Samurott|50/100|[from] item: Rocky Helmet|[of] p1a: Corviknight\n|move|p1a: Corviknight|U-turn|p2a: Samurott\n|-supereffective|p2a: Samurott\n|-damage|p2a: Samurott|9/100\n|\n|t:|1771245140\n|switch|p1a: Quaquaval|Quaquaval, F|100/100|[from] U-turn\n|-damage|p1a: Quaquaval|84/100|[from] Spikes\n|\n|upkeep\n|turn|8\n|\n|t:|1771245146\n|switch|p2a: Pecharunt|Pecharunt|100/100\n|move|p1a: Quaquaval|Aqua Step|p2a: Pecharunt\n|-damage|p2a: Pecharunt|80/100\n|-boost|p1a: Quaquaval|spe|1\n|\n|upkeep\n|turn|9\n|\n|t:|1771245154\n|switch|p1a: Garganacl|Garganacl, F|100/100\n|-damage|p1a: Garganacl|84/100|[from] Spikes\n|move|p2a: Pecharunt|Malignant Chain|p1a: Garganacl\n|-resisted|p1a: Garganacl\n|-crit|p1a: Garganacl\n|-damage|p1a: Garganacl|68/100\n|\n|-heal|p1a: Garganacl|74/100|[from] item: Leftovers\n|upkeep\n|turn|10\n|\n|t:|1771245162\n|move|p2a: Pecharunt|Parting Shot|p1a: Garganacl\n|-unboost|p1a: Garganacl|atk|1\n|-unboost|p1a: Garganacl|spa|1\n|\n|t:|1771245173\n|switch|p2a: Landorus|Landorus-Therian, M|93/100|[from] Parting Shot\n|-ability|p2a: Landorus|Intimidate|boost\n|-unboost|p1a: Garganacl|atk|1\n|move|p1a: Garganacl|Salt Cure|p2a: Landorus\n|-damage|p2a: Landorus|87/100\n|-start|p2a: Landorus|Salt Cure\n|\n|-heal|p1a: Garganacl|80/100|[from] item: Leftovers\n|-damage|p2a: Landorus|75/100|[from] Salt Cure\n|upkeep\n|turn|11\n|\n|t:|1771245195\n|move|p2a: Landorus|Stealth Rock|p1a: Garganacl\n|-sidestart|p1: ja hoi|move: Stealth Rock\n|move|p1a: Garganacl|Iron Defense|p1a: Garganacl\n|-boost|p1a: Garganacl|def|2\n|\n|-heal|p1a: Garganacl|87/100|[from] item: Leftovers\n|-damage|p2a: Landorus|62/100|[from] Salt Cure\n|-sideend|p1: ja hoi|Reflect\n|upkeep\n|turn|12\n|\n|t:|1771245202\n|move|p2a: Landorus|U-turn|p1a: Garganacl\n|-damage|p1a: Garganacl|78/100\n|\n|t:|1771245204\n|switch|p2a: Latios|Latios, M|100/100|[from] U-turn\n|move|p1a: Garganacl|Salt Cure|p2a: Latios\n|-damage|p2a: Latios|91/100\n|-start|p2a: Latios|Salt Cure\n|\n|-heal|p1a: Garganacl|84/100|[from] item: Leftovers\n|-damage|p2a: Latios|79/100|[from] Salt Cure\n|-sideend|p1: ja hoi|move: Light Screen\n|upkeep\n|turn|13\n|\n|t:|1771245214\n|switch|p1a: Corviknight|Corviknight, F|14/100\n|-damage|p1a: Corviknight|1/100|[from] Stealth Rock\n|-ability|p1a: Corviknight|Pressure\n|move|p2a: Latios|Psychic Noise|p1a: Corviknight\n|-resisted|p1a: Corviknight\n|-damage|p1a: Corviknight|0 fnt\n|faint|p1a: Corviknight\n|\n|-damage|p2a: Latios|67/100|[from] Salt Cure\n|upkeep\n|\n|t:|1771245226\n|switch|p1a: Grimmsnarl|Grimmsnarl, M|68/100\n|-damage|p1a: Grimmsnarl|52/100|[from] Spikes\n|-damage|p1a: Grimmsnarl|39/100|[from] Stealth Rock\n|turn|14\n|\n|t:|1771245231\n|switch|p2a: Samurott|Samurott-Hisui, M|9/100\n|move|p1a: Grimmsnarl|Light Screen|p1a: Grimmsnarl\n|-sidestart|p1: ja hoi|move: Light Screen\n|\n|upkeep\n|turn|15\n|\n|t:|1771245235\n|move|p1a: Grimmsnarl|Reflect|p1a: Grimmsnarl\n|-sidestart|p1: ja hoi|Reflect\n|move|p2a: Samurott|Ceaseless Edge|p1a: Grimmsnarl\n|-resisted|p1a: Grimmsnarl\n|-crit|p1a: Grimmsnarl\n|-damage|p1a: Grimmsnarl|18/100\n|-sidestart|p1: ja hoi|Spikes\n|\n|upkeep\n|turn|16\n|\n|t:|1771245244\n|move|p1a: Grimmsnarl|Reflect||[still]\n|-fail|p1a: Grimmsnarl\n|move|p2a: Samurott|Razor Shell|p1a: Grimmsnarl\n|-damage|p1a: Grimmsnarl|0 fnt\n|faint|p1a: Grimmsnarl\n|\n|upkeep\n|\n|t:|1771245252\n|switch|p1a: Quaquaval|Quaquaval, F|84/100\n|-damage|p1a: Quaquaval|59/100|[from] Spikes\n|-damage|p1a: Quaquaval|53/100|[from] Stealth Rock\n|turn|17\n|\n|t:|1771245258\n|switch|p1a: Iron Moth|Iron Moth|100/100\n|-damage|p1a: Iron Moth|76/100|[from] Spikes\n|-damage|p1a: Iron Moth|51/100|[from] Stealth Rock\n|-enditem|p1a: Iron Moth|Booster Energy\n|-activate|p1a: Iron Moth|ability: Quark Drive|[fromitem]\n|-start|p1a: Iron Moth|quarkdrivespa\n|switch|p2a: Pecharunt|Pecharunt|80/100\n|\n|upkeep\n|turn|18\n|\n|t:|1771245271\n|switch|p2a: Samurott|Samurott-Hisui, M|9/100\n|move|p1a: Iron Moth|Fiery Dance|p2a: Samurott\n|-resisted|p2a: Samurott\n|-damage|p2a: Samurott|0 fnt\n|faint|p2a: Samurott\n|\n|-sideend|p1: ja hoi|move: Light Screen\n|upkeep\n|\n|t:|1771245282\n|switch|p2a: Darkrai|Darkrai|100/100\n|turn|19\n|\n|t:|1771245287\n|move|p2a: Darkrai|Psychic|p1a: Iron Moth\n|-supereffective|p1a: Iron Moth\n|-damage|p1a: Iron Moth|0 fnt\n|faint|p1a: Iron Moth\n|-end|p1a: Iron Moth|Quark Drive|[silent]\n|\n|-sideend|p1: ja hoi|Reflect\n|upkeep\n|\n|t:|1771245294\n|switch|p1a: Garganacl|Garganacl, F|84/100\n|-damage|p1a: Garganacl|59/100|[from] Spikes\n|-damage|p1a: Garganacl|47/100|[from] Stealth Rock\n|turn|20\n|\n|t:|1771245308\n|switch|p2a: Landorus|Landorus-Therian, M|62/100\n|-ability|p2a: Landorus|Intimidate|boost\n|-unboost|p1a: Garganacl|atk|1\n|move|p1a: Garganacl|Recover|p1a: Garganacl\n|-heal|p1a: Garganacl|97/100\n|\n|-heal|p1a: Garganacl|100/100|[from] item: Leftovers\n|upkeep\n|turn|21\n|\n|t:|1771245316\n|move|p2a: Landorus|Earthquake|p1a: Garganacl\n|-supereffective|p1a: Garganacl\n|-damage|p1a: Garganacl|38/100\n|move|p1a: Garganacl|Salt Cure|p2a: Landorus\n|-damage|p2a: Landorus|53/100\n|-start|p2a: Landorus|Salt Cure\n|\n|-heal|p1a: Garganacl|44/100|[from] item: Leftovers\n|-damage|p2a: Landorus|40/100|[from] Salt Cure\n|upkeep\n|turn|22\n|\n|t:|1771245326\n|-terastallize|p1a: Garganacl|Fairy\n|move|p2a: Landorus|Earthquake|p1a: Garganacl\n|-damage|p1a: Garganacl|14/100\n|move|p1a: Garganacl|Recover|p1a: Garganacl\n|-heal|p1a: Garganacl|64/100\n|\n|-heal|p1a: Garganacl|70/100|[from] item: Leftovers\n|-damage|p2a: Landorus|28/100|[from] Salt Cure\n|upkeep\n|turn|23\n|\n|t:|1771245337\n|move|p2a: Landorus|Earthquake|p1a: Garganacl\n|-damage|p1a: Garganacl|39/100\n|move|p1a: Garganacl|Recover|p1a: Garganacl\n|-heal|p1a: Garganacl|89/100\n|\n|-heal|p1a: Garganacl|95/100|[from] item: Leftovers\n|-damage|p2a: Landorus|16/100|[from] Salt Cure\n|upkeep\n|turn|24\n|\n|t:|1771245345\n|move|p2a: Landorus|Earthquake|p1a: Garganacl\n|-damage|p1a: Garganacl|61/100\n|move|p1a: Garganacl|Iron Defense|p1a: Garganacl\n|-boost|p1a: Garganacl|def|2\n|\n|-heal|p1a: Garganacl|67/100|[from] item: Leftovers\n|-damage|p2a: Landorus|3/100|[from] Salt Cure\n|upkeep\n|turn|25\n|\n|t:|1771245353\n|switch|p2a: Darkrai|Darkrai|100/100\n|move|p1a: Garganacl|Recover|p1a: Garganacl\n|-heal|p1a: Garganacl|100/100\n|\n|upkeep\n|turn|26\n|\n|t:|1771245370\n|move|p2a: Darkrai|Sludge Bomb|p1a: Garganacl\n|-supereffective|p1a: Garganacl\n|-damage|p1a: Garganacl|58/100\n|move|p1a: Garganacl|Body Press|p2a: Darkrai\n|-supereffective|p2a: Darkrai\n|-damage|p2a: Darkrai|0 fnt\n|faint|p2a: Darkrai\n|\n|-heal|p1a: Garganacl|65/100|[from] item: Leftovers\n|upkeep\n|\n|t:|1771245385\n|switch|p2a: Pecharunt|Pecharunt|80/100\n|turn|27\n|\n|t:|1771245389\n|move|p2a: Pecharunt|Malignant Chain|p1a: Garganacl\n|-supereffective|p1a: Garganacl\n|-damage|p1a: Garganacl|24/100\n|move|p1a: Garganacl|Recover|p1a: Garganacl\n|-heal|p1a: Garganacl|74/100\n|\n|-heal|p1a: Garganacl|80/100|[from] item: Leftovers\n|upkeep\n|turn|28\n|\n|t:|1771245396\n|move|p2a: Pecharunt|Malignant Chain|p1a: Garganacl\n|-supereffective|p1a: Garganacl\n|-damage|p1a: Garganacl|40/100\n|move|p1a: Garganacl|Recover|p1a: Garganacl\n|-heal|p1a: Garganacl|90/100\n|\n|-heal|p1a: Garganacl|96/100|[from] item: Leftovers\n|upkeep\n|turn|29\n|\n|t:|1771245404\n|move|p2a: Pecharunt|Malignant Chain|p1a: Garganacl\n|-supereffective|p1a: Garganacl\n|-damage|p1a: Garganacl|57/100\n|move|p1a: Garganacl|Salt Cure|p2a: Pecharunt\n|-damage|p2a: Pecharunt|76/100\n|-start|p2a: Pecharunt|Salt Cure\n|\n|-heal|p1a: Garganacl|63/100|[from] item: Leftovers\n|-damage|p2a: Pecharunt|64/100|[from] Salt Cure\n|upkeep\n|turn|30\n|\n|t:|1771245428\n|move|p2a: Pecharunt|Malignant Chain|p1a: Garganacl\n|-supereffective|p1a: Garganacl\n|-damage|p1a: Garganacl|20/100\n|move|p1a: Garganacl|Salt Cure|p2a: Pecharunt\n|-crit|p2a: Pecharunt\n|-damage|p2a: Pecharunt|54/100\n|\n|-heal|p1a: Garganacl|26/100|[from] item: Leftovers\n|-damage|p2a: Pecharunt|41/100|[from] Salt Cure\n|upkeep\n|turn|31\n|\n|t:|1771245446\n|move|p2a: Pecharunt|Malignant Chain|p1a: Garganacl\n|-supereffective|p1a: Garganacl\n|-damage|p1a: Garganacl|0 fnt\n|faint|p1a: Garganacl\n|\n|-damage|p2a: Pecharunt|29/100|[from] Salt Cure\n|upkeep\n|\n|t:|1771245458\n|switch|p1a: Dragapult|Dragapult, M|100/100\n|-damage|p1a: Dragapult|76/100|[from] Spikes\n|-damage|p1a: Dragapult|63/100|[from] Stealth Rock\n|turn|32\n|\n|t:|1771245464\n|move|p1a: Dragapult|Dragon Darts|p2a: Pecharunt\n|-damage|p2a: Pecharunt|17/100\n|-anim|p1a: Dragapult|Dragon Darts|p2a: Pecharunt\n|-damage|p2a: Pecharunt|4/100\n|move|p2a: Pecharunt|Foul Play|p1a: Dragapult\n|-supereffective|p1a: Dragapult\n|-damage|p1a: Dragapult|0 fnt\n|faint|p1a: Dragapult\n|\n|-damage|p2a: Pecharunt|0 fnt|[from] Salt Cure\n|faint|p2a: Pecharunt\n|upkeep\n|\n|t:|1771245476\n|switch|p1a: Quaquaval|Quaquaval, F|53/100\n|switch|p2a: Latios|Latios, M|67/100\n|-damage|p1a: Quaquaval|28/100|[from] Spikes\n|-damage|p1a: Quaquaval|22/100|[from] Stealth Rock\n|turn|33\n|\n|t:|1771245483\n|move|p2a: Latios|Psychic Noise|p1a: Quaquaval\n|-supereffective|p1a: Quaquaval\n|-damage|p1a: Quaquaval|0 fnt\n|faint|p1a: Quaquaval\n|\n|win|Dr.Px\n|raw|ja hoi's rating: 1582 &rarr; <strong>1561</strong><br />(-21 for losing)\n|raw|Dr.Px's rating: 1560 &rarr; <strong>1581</strong><br />(+21 for winning)\n|c|☆ja hoi|gg...\n|l|☆Dr.Px\n|player|p2|\n|l|☆ja hoi\n|player|p1|\n", "uploadtime": 1771245618, "views": 11, "formatid": "gen9ou", "rating": 1561, "private": 0, "password": null}