{"id": "gen9ou-2540931112", "format": "[Gen 9] OU", "players": ["Honoo no uzu", "bruh_eggs"], "log": "|j|☆Honoo no uzu\n|j|☆bruh_eggs\n|t:|1771268300\n|gametype|singles\n|player|p1|Honoo no uzu|riley|1591\n|player|p2|bruh_eggs|juggler|1611\n|gen|9\n|tier|[Gen 9] OU\n|rated|\n|rule|HP Percentage Mod: HP is shown in percentages\n|rule|Endless Battle Clause: Forcing endless battles is banned\n|rule|Species Clause: Limit one of each Pokémon\n|rule|OHKO Clause: OHKO moves are banned\n|rule|Evasion Items Clause: Evasion items are banned\n|rule|Evasion Moves Clause: Evasion moves are banned\n|rule|Evasion Abilities Clause: Evasion abilities are banned\n|rule|Sleep Moves Clause: Sleep-inducing moves are banned\n|clearpoke\n|poke|p1|Ninetales, M|\n|poke|p1|Ceruledge, M|\n|poke|p1|Walking Wake|\n|poke|p1|Hatterene, F|\n|poke|p1|Great Tusk|\n|poke|p1|Slither Wing|\n|poke|p2|Great Tusk|\n|poke|p2|Rillaboom, F|\n|poke|p2|Gholdengo|\n|poke|p2|Samurott-Hisui, F|\n|poke|p2|Raging Bolt|\n|poke|p2|Lokix, F|\n|teampreview\n|inactive|Battle timer is ON: inactive players will automatically lose when time's up. (requested by bruh_eggs)\n|\n|t:|1771268316\n|teamsize|p1|6\n|teamsize|p2|6\n|start\n|switch|p1a: Slither Wing|Slither Wing|100/100\n|switch|p2a: Dark Blue Moon|Samurott-Hisui, F|100/100\n|turn|1\n|\n|t:|1771268319\n|move|p2a: Dark Blue Moon|Flip Turn|p1a: Slither Wing\n|-damage|p1a: Slither Wing|69/100\n|\n|t:|1771268323\n|switch|p2a: Marilyn Manson|Gholdengo|100/100|[from] Flip Turn\n|move|p1a: Slither Wing|U-turn|p2a: Marilyn Manson\n|-resisted|p2a: Marilyn Manson\n|-damage|p2a: Marilyn Manson|94/100\n|\n|t:|1771268332\n|-end|p1a: Slither Wing|Protosynthesis|[silent]\n|switch|p1a: Ninetales|Ninetales, M|100/100|[from] U-turn\n|-weather|SunnyDay|[from] ability: Drought|[of] p1a: Ninetales\n|\n|-weather|SunnyDay|[upkeep]\n|upkeep\n|turn|2\n|\n|t:|1771268338\n|switch|p2a: Dark Blue Moon|Samurott-Hisui, F|100/100\n|move|p1a: Ninetales|Weather Ball|p2a: Dark Blue Moon\n|-resisted|p2a: Dark Blue Moon\n|-damage|p2a: Dark Blue Moon|86/100\n|\n|-weather|SunnyDay|[upkeep]\n|upkeep\n|turn|3\n|\n|t:|1771268346\n|switch|p1a: Slither Wing|Slither Wing|69/100\n|-activate|p1a: Slither Wing|ability: Protosynthesis\n|-start|p1a: Slither Wing|protosynthesisatk\n|move|p2a: Dark Blue Moon|Ceaseless Edge|p1a: Slither Wing\n|-resisted|p1a: Slither Wing\n|-damage|p1a: Slither Wing|45/100\n|-sidestart|p1: Honoo no uzu|Spikes\n|\n|-weather|SunnyDay|[upkeep]\n|upkeep\n|turn|4\n|\n|t:|1771268352\n|move|p2a: Dark Blue Moon|Flip Turn|p1a: Slither Wing\n|-damage|p1a: Slither Wing|30/100\n|\n|t:|1771268355\n|switch|p2a: Marilyn Manson|Gholdengo|94/100|[from] Flip Turn\n|move|p1a: Slither Wing|Flare Blitz|p2a: Marilyn Manson\n|-supereffective|p2a: Marilyn Manson\n|-damage|p2a: Marilyn Manson|0 fnt\n|faint|p2a: Marilyn Manson\n|-damage|p1a: Slither Wing|0 fnt|[from] Recoil\n|faint|p1a: Slither Wing\n|-end|p1a: Slither Wing|Protosynthesis|[silent]\n|\n|-weather|SunnyDay|[upkeep]\n|upkeep\n|\n|t:|1771268363\n|switch|p2a: Forever|Rillaboom, F|100/100\n|switch|p1a: Great Tusk|Great Tusk|100/100\n|-fieldstart|move: Grassy Terrain|[from] ability: Grassy Surge|[of] p2a: Forever\n|-activate|p1a: Great Tusk|ability: Protosynthesis\n|-start|p1a: Great Tusk|protosynthesisatk\n|turn|5\n|\n|t:|1771268370\n|move|p2a: Forever|Grassy Glide|p1a: Great Tusk\n|-supereffective|p1a: Great Tusk\n|-damage|p1a: Great Tusk|47/100\n|move|p1a: Great Tusk|Ice Spinner|p2a: Forever\n|-supereffective|p2a: Forever\n|-crit|p2a: Forever\n|-damage|p2a: Forever|0 fnt\n|-fieldend|move: Grassy Terrain\n|faint|p2a: Forever\n|\n|-weather|SunnyDay|[upkeep]\n|upkeep\n|\n|t:|1771268379\n|switch|p2a: Lokix|Lokix, F|100/100\n|turn|6\n|\n|t:|1771268383\n|-terastallize|p2a: Lokix|Bug\n|move|p2a: Lokix|First Impression|p1a: Great Tusk\n|-resisted|p1a: Great Tusk\n|-damage|p1a: Great Tusk|0 fnt\n|faint|p1a: Great Tusk\n|-end|p1a: Great Tusk|Protosynthesis|[silent]\n|\n|-weather|SunnyDay|[upkeep]\n|upkeep\n|\n|t:|1771268401\n|switch|p1a: Ceruledge|Ceruledge, M|100/100\n|-damage|p1a: Ceruledge|88/100|[from] Spikes\n|turn|7\n|\n|t:|1771268404\n|switch|p2a: Dark Blue Moon|Samurott-Hisui, F|86/100\n|move|p1a: Ceruledge|Bitter Blade|p2a: Dark Blue Moon\n|-resisted|p2a: Dark Blue Moon\n|-damage|p2a: Dark Blue Moon|46/100\n|-heal|p1a: Ceruledge|100/100|[from] drain|[of] p2a: Dark Blue Moon\n|\n|-weather|SunnyDay|[upkeep]\n|upkeep\n|turn|8\n|\n|t:|1771268407\n|move|p1a: Ceruledge|Close Combat|p2a: Dark Blue Moon\n|-supereffective|p2a: Dark Blue Moon\n|-damage|p2a: Dark Blue Moon|0 fnt\n|-unboost|p1a: Ceruledge|def|1\n|-unboost|p1a: Ceruledge|spd|1\n|faint|p2a: Dark Blue Moon\n|\n|-weather|none\n|upkeep\n|\n|t:|1771268411\n|switch|p2a: Scary Monsters|Raging Bolt|100/100\n|-enditem|p2a: Scary Monsters|Booster Energy\n|-activate|p2a: Scary Monsters|ability: Protosynthesis|[fromitem]\n|-start|p2a: Scary Monsters|protosynthesisspa\n|turn|9\n|\n|t:|1771268418\n|switch|p1a: Ninetales|Ninetales, M|100/100\n|-damage|p1a: Ninetales|88/100|[from] Spikes\n|-weather|SunnyDay|[from] ability: Drought|[of] p1a: Ninetales\n|move|p2a: Scary Monsters|Thunderbolt|p1a: Ninetales\n|-damage|p1a: Ninetales|20/100\n|\n|-weather|SunnyDay|[upkeep]\n|upkeep\n|turn|10\n|\n|t:|1771268424\n|move|p2a: Scary Monsters|Thunderclap||[still]\n|-fail|p2a: Scary Monsters\n|move|p1a: Ninetales|Will-O-Wisp|p2a: Scary Monsters\n|-status|p2a: Scary Monsters|brn\n|\n|-weather|SunnyDay|[upkeep]\n|-damage|p2a: Scary Monsters|94/100 brn|[from] brn\n|upkeep\n|turn|11\n|\n|t:|1771268427\n|move|p2a: Scary Monsters|Thunderclap||[still]\n|-fail|p2a: Scary Monsters\n|move|p1a: Ninetales|Encore|p2a: Scary Monsters\n|-start|p2a: Scary Monsters|Encore\n|\n|-weather|SunnyDay|[upkeep]\n|-damage|p2a: Scary Monsters|88/100 brn|[from] brn\n|upkeep\n|turn|12\n|\n|t:|1771268437\n|switch|p1a: Ceruledge|Ceruledge, M|100/100\n|-damage|p1a: Ceruledge|88/100|[from] Spikes\n|move|p2a: Scary Monsters|Thunderclap||[still]\n|-fail|p2a: Scary Monsters\n|\n|-weather|SunnyDay|[upkeep]\n|-damage|p2a: Scary Monsters|82/100 brn|[from] brn\n|upkeep\n|turn|13\n|\n|t:|1771268442\n|-end|p2a: Scary Monsters|Protosynthesis|[silent]\n|switch|p2a: Ball Breaker|Great Tusk|100/100\n|-activate|p2a: Ball Breaker|ability: Protosynthesis\n|-start|p2a: Ball Breaker|protosynthesisatk\n|move|p1a: Ceruledge|Swords Dance|p1a: Ceruledge\n|-boost|p1a: Ceruledge|atk|2\n|\n|-weather|SunnyDay|[upkeep]\n|upkeep\n|turn|14\n|\n|t:|1771268447\n|-terastallize|p1a: Ceruledge|Fighting\n|move|p2a: Ball Breaker|Headlong Rush|p1a: Ceruledge\n|-damage|p1a: Ceruledge|0 fnt\n|-unboost|p2a: Ball Breaker|def|1\n|-unboost|p2a: Ball Breaker|spd|1\n|faint|p1a: Ceruledge\n|\n|-weather|SunnyDay|[upkeep]\n|upkeep\n|\n|t:|1771268451\n|switch|p1a: Walking Wake|Walking Wake|100/100\n|-damage|p1a: Walking Wake|88/100|[from] Spikes\n|-activate|p1a: Walking Wake|ability: Protosynthesis\n|-start|p1a: Walking Wake|protosynthesisspe\n|turn|15\n|\n|t:|1771268457\n|move|p1a: Walking Wake|Hydro Steam|p2a: Ball Breaker\n|-supereffective|p2a: Ball Breaker\n|-damage|p2a: Ball Breaker|0 fnt\n|faint|p2a: Ball Breaker\n|-end|p2a: Ball Breaker|Protosynthesis|[silent]\n|\n|-weather|SunnyDay|[upkeep]\n|upkeep\n|\n|t:|1771268459\n|switch|p2a: Scary Monsters|Raging Bolt|82/100 brn\n|-activate|p2a: Scary Monsters|ability: Protosynthesis\n|-start|p2a: Scary Monsters|protosynthesisspa\n|turn|16\n|\n|t:|1771268463\n|-end|p1a: Walking Wake|Protosynthesis|[silent]\n|switch|p1a: Hatterene|Hatterene, F|100/100\n|-damage|p1a: Hatterene|88/100|[from] Spikes\n|move|p2a: Scary Monsters|Thunderbolt|p1a: Hatterene\n|-damage|p1a: Hatterene|18/100\n|-enditem|p1a: Hatterene|Eject Button\n|\n|t:|1771268466\n|switch|p1a: Walking Wake|Walking Wake|88/100\n|-damage|p1a: Walking Wake|76/100|[from] Spikes\n|-activate|p1a: Walking Wake|ability: Protosynthesis\n|-start|p1a: Walking Wake|protosynthesisspe\n|\n|-weather|none\n|-end|p1a: Walking Wake|Protosynthesis\n|-end|p2a: Scary Monsters|Protosynthesis\n|-damage|p2a: Scary Monsters|76/100 brn|[from] brn\n|upkeep\n|turn|17\n|\n|t:|1771268469\n|move|p2a: Scary Monsters|Thunderclap|p1a: Walking Wake\n|-damage|p1a: Walking Wake|25/100\n|move|p1a: Walking Wake|Draco Meteor|p2a: Scary Monsters\n|-supereffective|p2a: Scary Monsters\n|-damage|p2a: Scary Monsters|0 fnt\n|-unboost|p1a: Walking Wake|spa|2\n|faint|p2a: Scary Monsters\n|-end|p2a: Scary Monsters|Protosynthesis|[silent]\n|\n|upkeep\n|\n|t:|1771268473\n|switch|p2a: Lokix|Lokix, F, tera:Bug|100/100\n|turn|18\n|\n|t:|1771268482\n|-end|p1a: Walking Wake|Protosynthesis|[silent]\n|switch|p1a: Hatterene|Hatterene, F|18/100\n|-damage|p1a: Hatterene|6/100|[from] Spikes\n|move|p2a: Lokix|Leech Life|p1a: Hatterene\n|-damage|p1a: Hatterene|0 fnt\n|faint|p1a: Hatterene\n|\n|upkeep\n|\n|t:|1771268484\n|switch|p1a: Ninetales|Ninetales, M|20/100\n|-damage|p1a: Ninetales|8/100|[from] Spikes\n|-weather|SunnyDay|[from] ability: Drought|[of] p1a: Ninetales\n|turn|19\n|\n|t:|1771268495\n|move|p1a: Ninetales|Healing Wish|p1a: Ninetales\n|faint|p1a: Ninetales\n|move|p2a: Lokix|Leech Life|p1: Ninetales|[notarget]\n|-fail|p2a: Lokix\n|\n|-weather|SunnyDay|[upkeep]\n|upkeep\n|\n|t:|1771268496\n|switch|p1a: Walking Wake|Walking Wake|25/100\n|-heal|p1a: Walking Wake|100/100|[from] move: Healing Wish\n|-damage|p1a: Walking Wake|88/100|[from] Spikes\n|-activate|p1a: Walking Wake|ability: Protosynthesis\n|-start|p1a: Walking Wake|protosynthesisspe\n|turn|20\n|\n|t:|1771268499\n|move|p1a: Walking Wake|Weather Ball|p2a: Lokix\n|-supereffective|p2a: Lokix\n|-damage|p2a: Lokix|0 fnt\n|faint|p2a: Lokix\n|\n|win|Honoo no uzu\n|raw|Honoo no uzu's rating: 1591 &rarr; <strong>1612</strong><br />(+21 for winning)\n|raw|bruh_eggs's rating: 1611 &rarr; <strong>1590</strong><br />(-21 for losing)\n|l|☆bruh_eggs\n|player|p2|\n|l|☆Honoo no uzu\n|player|p1|\n", "uploadtime": 1771268645, "views": 4, "formatid": "gen9ou", "rating": 1590, "private": 0, "password": null}