{"id": "gen9ou-2639231202", "format": "[Gen 9] OU", "players": ["clavier gameur", "thepeakmons"], "log": "|j|☆clavier gameur\n|j|☆thepeakmons\n|t:|1782437689\n|gametype|singles\n|player|p1|clavier gameur|benga|1164\n|player|p2|thepeakmons|101|1218\n|gen|9\n|tier|[Gen 9] OU\n|rated|\n|rule|HP Percentage Mod: HP is shown in percentages\n|rule|Endless Battle Clause: Forcing endless battles is banned\n|rule|Species Clause: Limit one of each Pokémon\n|rule|OHKO Clause: OHKO moves are banned\n|rule|Evasion Items Clause: Evasion items are banned\n|rule|Evasion Moves Clause: Evasion moves are banned\n|rule|Evasion Abilities Clause: Evasion abilities are banned\n|rule|Sleep Moves Clause: Sleep-inducing moves are banned\n|clearpoke\n|poke|p1|Great Tusk|\n|poke|p1|Ogerpon-Wellspring, F|\n|poke|p1|Dragapult, M|\n|poke|p1|Cinderace, M|\n|poke|p1|Kingambit, M|\n|poke|p1|Weezing-Galar, F|\n|poke|p2|Dondozo, F|\n|poke|p2|Clodsire, M|\n|poke|p2|Corviknight, F|\n|poke|p2|Slowking-Galar, M|\n|poke|p2|Gholdengo|\n|poke|p2|Garganacl, M|\n|teampreview\n|\n|t:|1782437705\n|teamsize|p1|6\n|teamsize|p2|6\n|start\n|switch|p1a: Great Tusk|Great Tusk|100/100\n|switch|p2a: Clodsire|Clodsire, M|100/100\n|-enditem|p1a: Great Tusk|Booster Energy\n|-activate|p1a: Great Tusk|ability: Protosynthesis|[fromitem]\n|-start|p1a: Great Tusk|protosynthesisatk\n|turn|1\n|inactive|Battle timer is ON: inactive players will automatically lose when time's up. (requested by thepeakmons)\n|inactive|clavier gameur also wants the timer to be on.\n|inactive|thepeakmons has 120 seconds left.\n|\n|t:|1782437744\n|switch|p2a: Corviknight|Corviknight, F|100/100\n|-ability|p2a: Corviknight|Pressure\n|move|p1a: Great Tusk|Stealth Rock|p2a: Corviknight\n|-sidestart|p2: thepeakmons|move: Stealth Rock\n|\n|upkeep\n|turn|2\n|\n|t:|1782437758\n|-end|p1a: Great Tusk|Protosynthesis|[silent]\n|switch|p1a: ronalpute|Cinderace, M, shiny|100/100\n|move|p2a: Corviknight|Brave Bird|p1a: ronalpute\n|-damage|p1a: ronalpute|47/100\n|-damage|p2a: Corviknight|87/100|[from] Recoil\n|\n|upkeep\n|turn|3\n|\n|t:|1782437771\n|switch|p2a: Garganacl|Garganacl, M|100/100\n|-damage|p2a: Garganacl|88/100|[from] Stealth Rock\n|move|p1a: ronalpute|Pyro Ball|p2a: Garganacl\n|-resisted|p2a: Garganacl\n|-damage|p2a: Garganacl|72/100\n|\n|-heal|p2a: Garganacl|78/100|[from] item: Leftovers\n|upkeep\n|turn|4\n|\n|t:|1782437792\n|move|p1a: ronalpute|High Jump Kick|p2a: Garganacl\n|-start|p1a: ronalpute|typechange|Fighting|[from] ability: Libero\n|-supereffective|p2a: Garganacl\n|-damage|p2a: Garganacl|0 fnt\n|faint|p2a: Garganacl\n|\n|upkeep\n|inactive|thepeakmons has 120 seconds left.\n|\n|t:|1782437809\n|switch|p2a: Clodsire|Clodsire, M|100/100\n|turn|5\n|\n|t:|1782437817\n|move|p1a: ronalpute|U-turn|p2a: Clodsire\n|-resisted|p2a: Clodsire\n|-damage|p2a: Clodsire|87/100\n|\n|t:|1782437819\n|switch|p1a: Ogerpon|Ogerpon-Wellspring, F|100/100|[from] U-turn\n|move|p2a: Clodsire|Stealth Rock|p1a: Ogerpon\n|-sidestart|p1: clavier gameur|move: Stealth Rock\n|\n|upkeep\n|turn|6\n|\n|t:|1782437837\n|switch|p2a: Corviknight|Corviknight, F|87/100\n|-ability|p2a: Corviknight|Pressure\n|-terastallize|p1a: Ogerpon|Water\n|detailschange|p1a: Ogerpon|Ogerpon-Wellspring-Tera, F, tera:Water\n|-ability|p1a: Ogerpon|Embody Aspect (Wellspring)|boost\n|-boost|p1a: Ogerpon|spd|1\n|move|p1a: Ogerpon|Swords Dance|p1a: Ogerpon\n|-boost|p1a: Ogerpon|atk|2\n|\n|upkeep\n|turn|7\n|inactive|thepeakmons has 120 seconds left.\n|\n|t:|1782437853\n|switch|p2a: Clodsire|Clodsire, M|87/100\n|move|p1a: Ogerpon|Swords Dance|p1a: Ogerpon\n|-boost|p1a: Ogerpon|atk|2\n|\n|upkeep\n|turn|8\n|inactive|thepeakmons has 120 seconds left.\n|\n|t:|1782437870\n|switch|p2a: Corviknight|Corviknight, F|87/100\n|-ability|p2a: Corviknight|Pressure\n|move|p1a: Ogerpon|Ivy Cudgel|p2a: Corviknight|[anim] Ivy Cudgel Water\n|-damage|p2a: Corviknight|0 fnt\n|faint|p2a: Corviknight\n|\n|upkeep\n|\n|t:|1782437882\n|switch|p2a: Dondozo|Dondozo, F|100/100\n|turn|9\n|\n|t:|1782437893\n|move|p1a: Ogerpon|Horn Leech|p2a: Dondozo\n|-supereffective|p2a: Dondozo\n|-damage|p2a: Dondozo|58/100\n|move|p2a: Dondozo|Body Press|p1a: Ogerpon\n|-damage|p1a: Ogerpon|65/100\n|\n|upkeep\n|turn|10\n|\n|t:|1782437908\n|move|p1a: Ogerpon|Horn Leech|p2a: Dondozo\n|-supereffective|p2a: Dondozo\n|-damage|p2a: Dondozo|18/100\n|-heal|p1a: Ogerpon|99/100|[from] drain|[of] p2a: Dondozo\n|move|p2a: Dondozo|Rest|p2a: Dondozo\n|-status|p2a: Dondozo|slp|[from] move: Rest\n|-heal|p2a: Dondozo|100/100 slp|[silent]\n|\n|upkeep\n|turn|11\n|\n|t:|1782437915\n|move|p1a: Ogerpon|Swords Dance|p1a: Ogerpon\n|-boost|p1a: Ogerpon|atk|2\n|cant|p2a: Dondozo|slp\n|\n|upkeep\n|turn|12\n|\n|t:|1782437922\n|move|p1a: Ogerpon|Horn Leech|p2a: Dondozo\n|-supereffective|p2a: Dondozo\n|-damage|p2a: Dondozo|57/100 slp\n|-heal|p1a: Ogerpon|100/100|[from] drain|[of] p2a: Dondozo\n|cant|p2a: Dondozo|slp\n|\n|upkeep\n|turn|13\n|inactive|thepeakmons has 120 seconds left.\n|\n|t:|1782437930\n|move|p1a: Ogerpon|Ivy Cudgel|p2a: Dondozo|[anim] Ivy Cudgel Water\n|-resisted|p2a: Dondozo\n|-damage|p2a: Dondozo|36/100 slp\n|-curestatus|p2a: Dondozo|slp|[msg]\n|move|p2a: Dondozo|Rest|p2a: Dondozo\n|-status|p2a: Dondozo|slp|[from] move: Rest\n|-heal|p2a: Dondozo|100/100 slp|[silent]\n|\n|upkeep\n|turn|14\n|\n|t:|1782437939\n|move|p1a: Ogerpon|Horn Leech|p2a: Dondozo\n|-supereffective|p2a: Dondozo\n|-damage|p2a: Dondozo|60/100 slp\n|cant|p2a: Dondozo|slp\n|\n|upkeep\n|turn|15\n|\n|t:|1782437946\n|switch|p2a: Gholdengo|Gholdengo|100/100\n|move|p1a: Ogerpon|Horn Leech|p2a: Gholdengo\n|-resisted|p2a: Gholdengo\n|-damage|p2a: Gholdengo|27/100\n|\n|upkeep\n|turn|16\n|\n|t:|1782437959\n|switch|p2a: Dondozo|Dondozo, F|60/100 slp\n|move|p1a: Ogerpon|Horn Leech|p2a: Dondozo\n|-supereffective|p2a: Dondozo\n|-damage|p2a: Dondozo|18/100 slp\n|\n|upkeep\n|turn|17\n|\n|t:|1782437969\n|move|p1a: Ogerpon|Horn Leech|p2a: Dondozo\n|-supereffective|p2a: Dondozo\n|-damage|p2a: Dondozo|0 fnt\n|faint|p2a: Dondozo\n|\n|upkeep\n|\n|t:|1782437980\n|switch|p2a: Slowking|Slowking-Galar, M|100/100\n|turn|18\n|\n|t:|1782437987\n|switch|p2a: Clodsire|Clodsire, M|87/100\n|move|p1a: Ogerpon|Ivy Cudgel|p2a: Clodsire|[anim] Ivy Cudgel Water\n|-heal|p2a: Clodsire|100/100|[from] ability: Water Absorb|[of] p1a: Ogerpon\n|\n|upkeep\n|turn|19\n|\n|t:|1782437999\n|switch|p2a: Slowking|Slowking-Galar, M|100/100\n|move|p1a: Ogerpon|Horn Leech|p2a: Slowking\n|-resisted|p2a: Slowking\n|-damage|p2a: Slowking|8/100\n|\n|upkeep\n|turn|20\n|\n|t:|1782438014\n|switch|p2a: Clodsire|Clodsire, M|100/100\n|move|p1a: Ogerpon|Horn Leech|p2a: Clodsire\n|-damage|p2a: Clodsire|0 fnt\n|faint|p2a: Clodsire\n|\n|upkeep\n|\n|t:|1782438024\n|switch|p2a: Gholdengo|Gholdengo|27/100\n|turn|21\n|\n|t:|1782438031\n|switch|p2a: Slowking|Slowking-Galar, M|42/100\n|move|p1a: Ogerpon|Ivy Cudgel|p2a: Slowking|[anim] Ivy Cudgel Water\n|-crit|p2a: Slowking\n|-damage|p2a: Slowking|0 fnt\n|faint|p2a: Slowking\n|\n|upkeep\n|\n|t:|1782438038\n|switch|p2a: Gholdengo|Gholdengo|27/100\n|turn|22\n|\n|t:|1782438045\n|move|p1a: Ogerpon|Ivy Cudgel|p2a: Gholdengo|[anim] Ivy Cudgel Water\n|-damage|p2a: Gholdengo|0 fnt\n|faint|p2a: Gholdengo\n|\n|win|clavier gameur\n|raw|clavier gameur's rating: 1164 &rarr; <strong>1191</strong><br />(+27 for winning)\n|raw|thepeakmons's rating: 1195 &rarr; <strong>1168</strong><br />(-27 for losing)\n|l|☆clavier gameur\n|player|p1|\n", "uploadtime": 1782438046, "views": 14, "formatid": "gen9ou", "rating": 1168, "private": 0, "password": null}