{"id": "gen9ou-2639263534", "format": "[Gen 9] OU", "players": ["thepeakmons", "grgwrgwegwe"], "log": "|j|☆thepeakmons\n|j|☆grgwrgwegwe\n|t:|1782442428\n|gametype|singles\n|player|p1|thepeakmons|101|1340\n|player|p2|grgwrgwegwe|nurse|1289\n|gen|9\n|tier|[Gen 9] OU\n|rated|\n|rule|HP Percentage Mod: HP is shown in percentages\n|rule|Endless Battle Clause: Forcing endless battles is banned\n|rule|Species Clause: Limit one of each Pokémon\n|rule|OHKO Clause: OHKO moves are banned\n|rule|Evasion Items Clause: Evasion items are banned\n|rule|Evasion Moves Clause: Evasion moves are banned\n|rule|Evasion Abilities Clause: Evasion abilities are banned\n|rule|Sleep Moves Clause: Sleep-inducing moves are banned\n|clearpoke\n|poke|p1|Corviknight, F|\n|poke|p1|Ting-Lu|\n|poke|p1|Kyurem|\n|poke|p1|Dondozo, F|\n|poke|p1|Slowking-Galar, M|\n|poke|p1|Cinderace, M|\n|poke|p2|Rotom-Heat|\n|poke|p2|Iron Boulder|\n|poke|p2|Squawkabilly-Yellow, F|\n|poke|p2|Sylveon, M|\n|poke|p2|Slaking, F|\n|poke|p2|Porygon-Z|\n|teampreview\n|\n|t:|1782442439\n|teamsize|p1|6\n|teamsize|p2|6\n|start\n|switch|p1a: Cinderace|Cinderace, M|100/100\n|switch|p2a: Porygon-Z|Porygon-Z|100/100\n|turn|1\n|inactive|Battle timer is ON: inactive players will automatically lose when time's up. (requested by thepeakmons)\n|inactive|thepeakmons has 120 seconds left.\n|\n|t:|1782442493\n|move|p1a: Cinderace|Pyro Ball|p2a: Porygon-Z\n|-damage|p2a: Porygon-Z|26/100\n|move|p2a: Porygon-Z|Hyper Beam|p1a: Cinderace\n|-damage|p1a: Cinderace|0 fnt\n|-mustrecharge|p2a: Porygon-Z\n|faint|p1a: Cinderace\n|\n|upkeep\n|\n|t:|1782442515\n|switch|p1a: Kyurem|Kyurem|100/100\n|-ability|p1a: Kyurem|Pressure\n|turn|2\n|\n|t:|1782442523\n|move|p1a: Kyurem|Freeze-Dry|p2a: Porygon-Z\n|-crit|p2a: Porygon-Z\n|-damage|p2a: Porygon-Z|0 fnt\n|faint|p2a: Porygon-Z\n|\n|upkeep\n|\n|t:|1782442530\n|switch|p2a: Rotom|Rotom-Heat|100/100\n|turn|3\n|\n|t:|1782442542\n|move|p1a: Kyurem|Freeze-Dry|p2a: Rotom\n|-resisted|p2a: Rotom\n|-damage|p2a: Rotom|77/100\n|move|p2a: Rotom|Overheat|p1a: Kyurem\n|-damage|p1a: Kyurem|17/100\n|-unboost|p2a: Rotom|spa|2\n|\n|-heal|p1a: Kyurem|24/100|[from] item: Leftovers\n|upkeep\n|turn|4\n|\n|t:|1782442555\n|move|p1a: Kyurem|Freeze-Dry|p2a: Rotom\n|-resisted|p2a: Rotom\n|-damage|p2a: Rotom|51/100\n|move|p2a: Rotom|Overheat|p1a: Kyurem\n|-damage|p1a: Kyurem|0 fnt\n|-unboost|p2a: Rotom|spa|2\n|faint|p1a: Kyurem\n|\n|upkeep\n|\n|t:|1782442567\n|switch|p1a: Slowking|Slowking-Galar, M|100/100\n|turn|5\n|\n|t:|1782442575\n|switch|p2a: >.*{|Slaking, F|100/100\n|move|p1a: Slowking|Sludge Bomb|p2a: >.*{\n|-damage|p2a: >.*{|76/100\n|-status|p2a: >.*{|psn\n|\n|-damage|p2a: >.*{|63/100 psn|[from] psn\n|upkeep\n|turn|6\n|\n|t:|1782442590\n|move|p2a: >.*{|Knock Off|p1a: Slowking\n|-supereffective|p1a: Slowking\n|-damage|p1a: Slowking|13/100\n|-enditem|p1a: Slowking|Shuca Berry|[from] move: Knock Off|[of] p2a: >.*{\n|move|p1a: Slowking|Sludge Bomb|p2a: >.*{\n|-damage|p2a: >.*{|35/100 psn\n|\n|-damage|p2a: >.*{|22/100 psn|[from] psn\n|upkeep\n|turn|7\n|\n|t:|1782442607\n|switch|p2a: Iron Boulder|Iron Boulder|100/100\n|move|p1a: Slowking|Sludge Bomb|p2a: Iron Boulder\n|-resisted|p2a: Iron Boulder\n|-crit|p2a: Iron Boulder\n|-damage|p2a: Iron Boulder|76/100\n|-status|p2a: Iron Boulder|psn\n|\n|-damage|p2a: Iron Boulder|63/100 psn|[from] psn\n|upkeep\n|turn|8\n|\n|t:|1782442620\n|switch|p1a: Dondozo|Dondozo, F|100/100\n|move|p2a: Iron Boulder|Psycho Cut|p1a: Dondozo\n|-damage|p1a: Dondozo|79/100\n|\n|-heal|p1a: Dondozo|85/100|[from] item: Leftovers\n|-damage|p2a: Iron Boulder|51/100 psn|[from] psn\n|upkeep\n|turn|9\n|\n|t:|1782442633\n|-end|p2a: Iron Boulder|Quark Drive|[silent]\n|switch|p2a: >.*{|Slaking, F|22/100 psn\n|move|p1a: Dondozo|Waterfall|p2a: >.*{\n|-damage|p2a: >.*{|1/100 psn\n|\n|-heal|p1a: Dondozo|91/100|[from] item: Leftovers\n|-damage|p2a: >.*{|0 fnt|[from] psn\n|faint|p2a: >.*{\n|upkeep\n|\n|t:|1782442648\n|switch|p2a: Jbai|Sylveon, M|100/100\n|turn|10\n|\n|t:|1782442656\n|-terastallize|p2a: Jbai|Fairy\n|move|p2a: Jbai|Hyper Voice|p1a: Dondozo\n|-damage|p1a: Dondozo|26/100\n|move|p1a: Dondozo|Waterfall|p2a: Jbai\n|-damage|p2a: Jbai|71/100\n|\n|-heal|p1a: Dondozo|32/100|[from] item: Leftovers\n|upkeep\n|turn|11\n|\n|t:|1782442670\n|move|p2a: Jbai|Hyper Voice|p1a: Dondozo\n|-damage|p1a: Dondozo|0 fnt\n|faint|p1a: Dondozo\n|\n|upkeep\n|\n|t:|1782442683\n|switch|p1a: Slowking|Slowking-Galar, M|46/100\n|turn|12\n|\n|t:|1782442705\n|switch|p2a: Iron Boulder|Iron Boulder|51/100 psn\n|move|p1a: Slowking|Sludge Bomb|p2a: Iron Boulder\n|-resisted|p2a: Iron Boulder\n|-damage|p2a: Iron Boulder|35/100 psn\n|\n|-damage|p2a: Iron Boulder|22/100 psn|[from] psn\n|upkeep\n|turn|13\n|\n|t:|1782442718\n|switch|p1a: Ting-Lu|Ting-Lu|100/100\n|-ability|p1a: Ting-Lu|Vessel of Ruin\n|move|p2a: Iron Boulder|Rest|p2a: Iron Boulder\n|-status|p2a: Iron Boulder|slp|[from] move: Rest\n|-heal|p2a: Iron Boulder|100/100 slp|[silent]\n|\n|upkeep\n|turn|14\n|\n|t:|1782442729\n|-end|p2a: Iron Boulder|Quark Drive|[silent]\n|switch|p2a: Squawkabilly|Squawkabilly-Yellow, F, shiny|100/100\n|switch|p1a: Slowking|Slowking-Galar, M|80/100\n|\n|upkeep\n|turn|15\n|inactive|thepeakmons has 120 seconds left.\n|\n|t:|1782442749\n|move|p2a: Squawkabilly|Final Gambit|p1a: Slowking\n|-damage|p1a: Slowking|0 fnt\n|faint|p2a: Squawkabilly\n|faint|p1a: Slowking\n|\n|upkeep\n|\n|t:|1782442768\n|switch|p2a: Jbai|Sylveon, M, tera:Fairy|71/100\n|switch|p1a: Corviknight|Corviknight, F|100/100\n|-ability|p1a: Corviknight|Pressure\n|turn|16\n|\n|t:|1782442775\n|switch|p2a: Rotom|Rotom-Heat|51/100\n|move|p1a: Corviknight|Brave Bird|p2a: Rotom\n|-resisted|p2a: Rotom\n|-damage|p2a: Rotom|27/100\n|-damage|p1a: Corviknight|95/100|[from] Recoil\n|\n|upkeep\n|turn|17\n|\n|t:|1782442790\n|switch|p1a: Ting-Lu|Ting-Lu|100/100\n|-ability|p1a: Ting-Lu|Vessel of Ruin\n|move|p2a: Rotom|Overheat|p1a: Ting-Lu\n|-damage|p1a: Ting-Lu|64/100\n|-unboost|p2a: Rotom|spa|2\n|\n|-heal|p1a: Ting-Lu|70/100|[from] item: Leftovers\n|upkeep\n|turn|18\n|\n|t:|1782442801\n|switch|p2a: Jbai|Sylveon, M, tera:Fairy|71/100\n|move|p1a: Ting-Lu|Earthquake|p2a: Jbai\n|-damage|p2a: Jbai|32/100\n|\n|-heal|p1a: Ting-Lu|77/100|[from] item: Leftovers\n|upkeep\n|turn|19\n|\n|t:|1782442814\n|switch|p1a: Corviknight|Corviknight, F|95/100\n|-ability|p1a: Corviknight|Pressure\n|move|p2a: Jbai|Hyper Voice|p1a: Corviknight\n|-resisted|p1a: Corviknight\n|-damage|p1a: Corviknight|43/100\n|\n|upkeep\n|turn|20\n|\n|t:|1782442826\n|switch|p2a: Rotom|Rotom-Heat|27/100\n|move|p1a: Corviknight|Brave Bird|p2a: Rotom\n|-resisted|p2a: Rotom\n|-damage|p2a: Rotom|2/100\n|-damage|p1a: Corviknight|38/100|[from] Recoil\n|\n|upkeep\n|turn|21\n|\n|t:|1782442838\n|switch|p1a: Ting-Lu|Ting-Lu|77/100\n|-ability|p1a: Ting-Lu|Vessel of Ruin\n|move|p2a: Rotom|Trick|p1a: Ting-Lu\n|-activate|p2a: Rotom|move: Trick|[of] p1a: Ting-Lu\n|-item|p1a: Ting-Lu|Choice Specs|[from] move: Trick\n|-item|p2a: Rotom|Leftovers|[from] move: Trick\n|\n|-heal|p2a: Rotom|8/100|[from] item: Leftovers\n|upkeep\n|turn|22\n|\n|t:|1782442846\n|switch|p2a: Iron Boulder|Iron Boulder|100/100 slp\n|move|p1a: Ting-Lu|Earthquake|p2a: Iron Boulder\n|-supereffective|p2a: Iron Boulder\n|-damage|p2a: Iron Boulder|7/100 slp\n|\n|upkeep\n|turn|23\n|inactive|thepeakmons has 120 seconds left.\n|\n|t:|1782442856\n|-end|p2a: Iron Boulder|Quark Drive|[silent]\n|switch|p2a: Rotom|Rotom-Heat|8/100\n|switch|p1a: Corviknight|Corviknight, F|38/100\n|-ability|p1a: Corviknight|Pressure\n|\n|-heal|p2a: Rotom|14/100|[from] item: Leftovers\n|upkeep\n|turn|24\n|\n|t:|1782442865\n|switch|p2a: Jbai|Sylveon, M, tera:Fairy|32/100\n|switch|p1a: Ting-Lu|Ting-Lu|77/100\n|-ability|p1a: Ting-Lu|Vessel of Ruin\n|\n|upkeep\n|turn|25\n|\n|t:|1782442875\n|move|p2a: Jbai|Hyper Beam|p1a: Ting-Lu\n|-supereffective|p1a: Ting-Lu\n|-damage|p1a: Ting-Lu|0 fnt\n|-mustrecharge|p2a: Jbai\n|faint|p1a: Ting-Lu\n|\n|upkeep\n|\n|t:|1782442882\n|switch|p1a: Corviknight|Corviknight, F|38/100\n|-ability|p1a: Corviknight|Pressure\n|turn|26\n|\n|t:|1782442889\n|move|p1a: Corviknight|Roost|p1a: Corviknight\n|-heal|p1a: Corviknight|88/100\n|-singleturn|p1a: Corviknight|move: Roost\n|cant|p2a: Jbai|recharge\n|\n|upkeep\n|turn|27\n|\n|t:|1782442901\n|move|p1a: Corviknight|Brave Bird|p2a: Jbai\n|-crit|p2a: Jbai\n|-damage|p2a: Jbai|0 fnt\n|faint|p2a: Jbai\n|-damage|p1a: Corviknight|80/100|[from] Recoil\n|\n|upkeep\n|\n|t:|1782442904\n|switch|p2a: Rotom|Rotom-Heat|14/100\n|turn|28\n|\n|t:|1782442910\n|move|p2a: Rotom|Volt Switch|p1a: Corviknight\n|-supereffective|p1a: Corviknight\n|-damage|p1a: Corviknight|21/100\n|\n|t:|1782442912\n|switch|p2a: Iron Boulder|Iron Boulder|7/100 slp|[from] Volt Switch\n|move|p1a: Corviknight|Brave Bird|p2a: Iron Boulder\n|-resisted|p2a: Iron Boulder\n|-damage|p2a: Iron Boulder|0 fnt\n|faint|p2a: Iron Boulder\n|-end|p2a: Iron Boulder|Quark Drive|[silent]\n|-damage|p1a: Corviknight|19/100|[from] Recoil\n|\n|upkeep\n|\n|t:|1782442913\n|switch|p2a: Rotom|Rotom-Heat|14/100\n|turn|29\n|\n|t:|1782442922\n|move|p2a: Rotom|Dark Pulse|p1a: Corviknight\n|-damage|p1a: Corviknight|0 fnt\n|faint|p1a: Corviknight\n|\n|win|grgwrgwegwe\n|raw|thepeakmons's rating: 1356 &rarr; <strong>1332</strong><br />(-24 for losing)\n|raw|grgwrgwegwe's rating: 1289 &rarr; <strong>1319</strong><br />(+30 for winning)\n", "uploadtime": 1782442922, "views": 15, "formatid": "gen9ou", "rating": 1319, "private": 0, "password": null}