{"id": "gen9ou-2540529611", "format": "[Gen 9] OU", "players": ["whatthefraax", "ceo o wo chien"], "log": "|j|☆whatthefraax\n|j|☆ceo o wo chien\n|t:|1771213649\n|gametype|singles\n|player|p1|whatthefraax|unknownf|1746\n|player|p2|ceo o wo chien|1|1764\n|gen|9\n|tier|[Gen 9] OU\n|rated|\n|rule|HP Percentage Mod: HP is shown in percentages\n|rule|Endless Battle Clause: Forcing endless battles is banned\n|rule|Species Clause: Limit one of each Pokémon\n|rule|OHKO Clause: OHKO moves are banned\n|rule|Evasion Items Clause: Evasion items are banned\n|rule|Evasion Moves Clause: Evasion moves are banned\n|rule|Evasion Abilities Clause: Evasion abilities are banned\n|rule|Sleep Moves Clause: Sleep-inducing moves are banned\n|clearpoke\n|poke|p1|Darkrai|\n|poke|p1|Deoxys-Speed|\n|poke|p1|Raging Bolt|\n|poke|p1|Iron Crown|\n|poke|p1|Ogerpon-Wellspring, F|\n|poke|p1|Blaziken, M|\n|poke|p2|Primarina, F|\n|poke|p2|Iron Crown|\n|poke|p2|Great Tusk|\n|poke|p2|Wo-Chien|\n|poke|p2|Moltres|\n|poke|p2|Dragapult, M|\n|teampreview\n|inactive|Battle timer is ON: inactive players will automatically lose when time's up. (requested by ceo o wo chien)\n|inactive|whatthefraax also wants the timer to be on.\n|inactive|whatthefraax has 120 seconds left.\n|\n|t:|1771213698\n|teamsize|p1|6\n|teamsize|p2|6\n|start\n|switch|p1a: Deoxys|Deoxys-Speed|100/100\n|switch|p2a: Wo-Chien|Wo-Chien|100/100\n|-ability|p1a: Deoxys|Pressure\n|-ability|p2a: Wo-Chien|Tablets of Ruin\n|turn|1\n|\n|t:|1771213702\n|move|p1a: Deoxys|Taunt|p2a: Wo-Chien\n|-start|p2a: Wo-Chien|move: Taunt\n|cant|p2a: Wo-Chien|move: Taunt|Mean Look\n|\n|upkeep\n|turn|2\n|\n|t:|1771213707\n|move|p1a: Deoxys|Stealth Rock|p2a: Wo-Chien\n|-sidestart|p2: ceo o wo chien|move: Stealth Rock\n|move|p2a: Wo-Chien|Knock Off|p1a: Deoxys\n|-supereffective|p1a: Deoxys\n|-damage|p1a: Deoxys|23/100\n|-enditem|p1a: Deoxys|Light Clay|[from] move: Knock Off|[of] p2a: Wo-Chien\n|\n|upkeep\n|turn|3\n|inactive|ceo o wo chien has 120 seconds left.\n|\n|t:|1771213757\n|move|p1a: Deoxys|Reflect|p1a: Deoxys\n|-sidestart|p1: whatthefraax|Reflect\n|move|p2a: Wo-Chien|Knock Off|p1a: Deoxys\n|-supereffective|p1a: Deoxys\n|-damage|p1a: Deoxys|0 fnt\n|faint|p1a: Deoxys\n|\n|-end|p2a: Wo-Chien|move: Taunt\n|upkeep\n|\n|t:|1771213761\n|switch|p1a: Blaziken|Blaziken, M|100/100\n|turn|4\n|\n|t:|1771213764\n|move|p1a: Blaziken|Swords Dance|p1a: Blaziken\n|-boost|p1a: Blaziken|atk|2\n|move|p2a: Wo-Chien|Leech Seed|p1a: Blaziken\n|-start|p1a: Blaziken|move: Leech Seed\n|\n|-damage|p1a: Blaziken|88/100|[from] Leech Seed|[of] p2a: Wo-Chien\n|-ability|p1a: Blaziken|Speed Boost|boost\n|-boost|p1a: Blaziken|spe|1\n|upkeep\n|turn|5\n|\n|t:|1771213769\n|switch|p2a: Moltres|Moltres|100/100\n|move|p1a: Blaziken|Close Combat|p2a: Moltres\n|-resisted|p2a: Moltres\n|-damage|p2a: Moltres|38/100\n|-unboost|p1a: Blaziken|def|1\n|-unboost|p1a: Blaziken|spd|1\n|-damage|p1a: Blaziken|78/100|[from] item: Life Orb\n|\n|-damage|p1a: Blaziken|66/100|[from] Leech Seed|[of] p2a: Moltres\n|-heal|p2a: Moltres|48/100|[silent]\n|-ability|p1a: Blaziken|Speed Boost|boost\n|-boost|p1a: Blaziken|spe|1\n|upkeep\n|turn|6\n|\n|t:|1771213785\n|-terastallize|p2a: Moltres|Ghost\n|move|p1a: Blaziken|Close Combat|p2a: Moltres\n|-immune|p2a: Moltres\n|move|p2a: Moltres|Flamethrower|p1a: Blaziken\n|-resisted|p1a: Blaziken\n|-damage|p1a: Blaziken|24/100\n|\n|-damage|p1a: Blaziken|12/100|[from] Leech Seed|[of] p2a: Moltres\n|-heal|p2a: Moltres|58/100|[silent]\n|-ability|p1a: Blaziken|Speed Boost|boost\n|-boost|p1a: Blaziken|spe|1\n|upkeep\n|turn|7\n|\n|t:|1771213790\n|move|p1a: Blaziken|Stone Edge|p2a: Moltres\n|-damage|p2a: Moltres|0 fnt\n|faint|p2a: Moltres\n|-damage|p1a: Blaziken|2/100|[from] item: Life Orb\n|\n|-sideend|p1: whatthefraax|Reflect\n|-ability|p1a: Blaziken|Speed Boost|boost\n|-boost|p1a: Blaziken|spe|1\n|upkeep\n|\n|t:|1771213794\n|switch|p2a: Great Tusk|Great Tusk|100/100\n|turn|8\n|\n|t:|1771213797\n|move|p1a: Blaziken|Flare Blitz|p2a: Great Tusk\n|-damage|p2a: Great Tusk|2/100\n|-damage|p1a: Blaziken|0 fnt|[from] Recoil\n|faint|p1a: Blaziken\n|move|p2a: Great Tusk|Stealth Rock|p1: Blaziken\n|-sidestart|p1: whatthefraax|move: Stealth Rock\n|\n|upkeep\n|\n|t:|1771213805\n|switch|p1a: Ogerpon|Ogerpon-Wellspring, F|100/100\n|-damage|p1a: Ogerpon|88/100|[from] Stealth Rock\n|turn|9\n|\n|t:|1771213817\n|move|p1a: Ogerpon|Swords Dance|p1a: Ogerpon\n|-boost|p1a: Ogerpon|atk|2\n|move|p2a: Great Tusk|Rapid Spin|p1a: Ogerpon\n|-damage|p1a: Ogerpon|68/100\n|-boost|p2a: Great Tusk|spe|1\n|-sideend|p2: ceo o wo chien|Stealth Rock|[from] move: Rapid Spin|[of] p2a: Great Tusk\n|\n|upkeep\n|turn|10\n|\n|t:|1771213822\n|-end|p2a: Great Tusk|Protosynthesis|[silent]\n|switch|p2a: Primarina|Primarina, F|100/100\n|move|p1a: Ogerpon|Trailblaze|p2a: Primarina\n|-supereffective|p2a: Primarina\n|-damage|p2a: Primarina|0 fnt\n|-boost|p1a: Ogerpon|spe|1\n|faint|p2a: Primarina\n|\n|upkeep\n|\n|t:|1771213824\n|switch|p2a: Wo-Chien|Wo-Chien|100/100\n|-ability|p2a: Wo-Chien|Tablets of Ruin\n|turn|11\n|\n|t:|1771213829\n|move|p1a: Ogerpon|Play Rough|p2a: Wo-Chien|[miss]\n|-miss|p1a: Ogerpon|p2a: Wo-Chien\n|move|p2a: Wo-Chien|Knock Off|p1a: Ogerpon\n|-damage|p1a: Ogerpon|41/100\n|\n|upkeep\n|turn|12\n|\n|t:|1771213834\n|move|p1a: Ogerpon|Play Rough|p2a: Wo-Chien\n|-supereffective|p2a: Wo-Chien\n|-damage|p2a: Wo-Chien|16/100\n|move|p2a: Wo-Chien|Knock Off|p1a: Ogerpon\n|-damage|p1a: Ogerpon|15/100\n|\n|-heal|p2a: Wo-Chien|22/100|[from] item: Leftovers\n|upkeep\n|turn|13\n|\n|t:|1771213839\n|move|p1a: Ogerpon|Ivy Cudgel|p2a: Wo-Chien|[anim] Ivy Cudgel Water\n|-resisted|p2a: Wo-Chien\n|-damage|p2a: Wo-Chien|0 fnt\n|faint|p2a: Wo-Chien\n|\n|upkeep\n|\n|t:|1771213840\n|switch|p2a: Dragapult|Dragapult, M|100/100\n|turn|14\n|\n|t:|1771213843\n|move|p1a: Ogerpon|Play Rough|p2a: Dragapult\n|-supereffective|p2a: Dragapult\n|-damage|p2a: Dragapult|0 fnt\n|faint|p2a: Dragapult\n|\n|upkeep\n|-message|ceo o wo chien forfeited.\n|\n|win|whatthefraax\n|raw|whatthefraax's rating: 1746 &rarr; <strong>1767</strong><br />(+21 for winning)\n|raw|ceo o wo chien's rating: 1764 &rarr; <strong>1743</strong><br />(-21 for losing)\n|l|☆ceo o wo chien\n|player|p2|\n|c|☆whatthefraax|gg\n", "uploadtime": 1771213864, "views": 11, "formatid": "gen9ou", "rating": 1743, "private": 0, "password": null}