{"id": "gen9ou-2540766507", "format": "[Gen 9] OU", "players": ["juanthemighty", "Laughable"], "log": "|j|☆juanthemighty\n|j|☆Laughable\n|t:|1771251605\n|gametype|singles\n|player|p1|juanthemighty|101|1538\n|player|p2|Laughable|tuber|1551\n|gen|9\n|tier|[Gen 9] OU\n|rated|\n|rule|HP Percentage Mod: HP is shown in percentages\n|rule|Endless Battle Clause: Forcing endless battles is banned\n|rule|Species Clause: Limit one of each Pokémon\n|rule|OHKO Clause: OHKO moves are banned\n|rule|Evasion Items Clause: Evasion items are banned\n|rule|Evasion Moves Clause: Evasion moves are banned\n|rule|Evasion Abilities Clause: Evasion abilities are banned\n|rule|Sleep Moves Clause: Sleep-inducing moves are banned\n|clearpoke\n|poke|p1|Volcanion|\n|poke|p1|Pelipper, M|\n|poke|p1|Iron Treads|\n|poke|p1|Dragapult, M|\n|poke|p1|Overqwil, M|\n|poke|p1|Iron Valiant|\n|poke|p2|Dragapult, F|\n|poke|p2|Gliscor, F|\n|poke|p2|Milotic, F|\n|poke|p2|Skeledirge, F|\n|poke|p2|Weezing-Galar, F|\n|poke|p2|Mandibuzz, F|\n|teampreview\n|\n|t:|1771251617\n|teamsize|p1|6\n|teamsize|p2|6\n|start\n|switch|p1a: Pelipper|Pelipper, M, shiny|100/100\n|switch|p2a: Dragapult|Dragapult, F|100/100\n|-weather|RainDance|[from] ability: Drizzle|[of] p1a: Pelipper\n|turn|1\n|\n|t:|1771251643\n|move|p2a: Dragapult|Draco Meteor|p1a: Pelipper\n|-damage|p1a: Pelipper|0 fnt\n|-unboost|p2a: Dragapult|spa|2\n|faint|p1a: Pelipper\n|\n|-weather|RainDance|[upkeep]\n|upkeep\n|\n|t:|1771251662\n|switch|p1a: Volcanion|Volcanion|100/100\n|turn|2\n|\n|t:|1771251669\n|switch|p2a: Milotic|Milotic, F, shiny|100/100\n|move|p1a: Volcanion|Steam Eruption|p2a: Milotic\n|-resisted|p2a: Milotic\n|-damage|p2a: Milotic|64/100\n|\n|-weather|RainDance|[upkeep]\n|upkeep\n|turn|3\n|\n|t:|1771251676\n|switch|p1a: Overqwil|Overqwil, M, shiny|100/100\n|move|p2a: Milotic|Recover|p2a: Milotic\n|-heal|p2a: Milotic|100/100\n|\n|-weather|RainDance|[upkeep]\n|upkeep\n|turn|4\n|\n|t:|1771251683\n|switch|p2a: Mandibuzz|Mandibuzz, F|100/100\n|move|p1a: Overqwil|Swords Dance|p1a: Overqwil\n|-boost|p1a: Overqwil|atk|2\n|\n|-weather|RainDance|[upkeep]\n|upkeep\n|turn|5\n|\n|t:|1771251692\n|-terastallize|p2a: Mandibuzz|Steel\n|move|p1a: Overqwil|Liquidation|p2a: Mandibuzz\n|-damage|p2a: Mandibuzz|39/100\n|-damage|p1a: Overqwil|91/100|[from] item: Life Orb\n|move|p2a: Mandibuzz|Iron Defense|p2a: Mandibuzz\n|-boost|p2a: Mandibuzz|def|2\n|\n|-weather|RainDance|[upkeep]\n|upkeep\n|turn|6\n|\n|t:|1771251702\n|move|p1a: Overqwil|Swords Dance|p1a: Overqwil\n|-boost|p1a: Overqwil|atk|2\n|move|p2a: Mandibuzz|Roost|p2a: Mandibuzz\n|-heal|p2a: Mandibuzz|89/100\n|\n|-weather|RainDance|[upkeep]\n|upkeep\n|turn|7\n|\n|t:|1771251710\n|move|p1a: Overqwil|Swords Dance|p1a: Overqwil\n|-boost|p1a: Overqwil|atk|2\n|move|p2a: Mandibuzz|Foul Play|p1a: Overqwil\n|-resisted|p1a: Overqwil\n|-damage|p1a: Overqwil|0 fnt\n|faint|p1a: Overqwil\n|\n|-weather|RainDance|[upkeep]\n|upkeep\n|\n|t:|1771251721\n|switch|p1a: Iron Treads|Iron Treads, shiny|100/100\n|-enditem|p1a: Iron Treads|Booster Energy\n|-activate|p1a: Iron Treads|ability: Quark Drive|[fromitem]\n|-start|p1a: Iron Treads|quarkdrivespe\n|turn|8\n|\n|t:|1771251725\n|move|p1a: Iron Treads|Earth Power|p2a: Mandibuzz\n|-supereffective|p2a: Mandibuzz\n|-damage|p2a: Mandibuzz|38/100\n|move|p2a: Mandibuzz|Iron Defense|p2a: Mandibuzz\n|-boost|p2a: Mandibuzz|def|2\n|\n|-weather|none\n|upkeep\n|turn|9\n|\n|t:|1771251732\n|switch|p2a: Milotic|Milotic, F, shiny|100/100\n|move|p1a: Iron Treads|Stealth Rock|p2a: Milotic\n|-sidestart|p2: Laughable|move: Stealth Rock\n|\n|upkeep\n|turn|10\n|\n|t:|1771251742\n|-end|p1a: Iron Treads|Quark Drive|[silent]\n|switch|p1a: Volcanion|Volcanion|100/100\n|move|p2a: Milotic|Scald|p1a: Volcanion\n|-immune|p1a: Volcanion|[from] ability: Water Absorb\n|\n|upkeep\n|turn|11\n|\n|t:|1771251747\n|move|p1a: Volcanion|Sludge Bomb|p2a: Milotic\n|-damage|p2a: Milotic|73/100\n|-status|p2a: Milotic|psn\n|move|p2a: Milotic|Mirror Coat|p1a: Volcanion\n|-damage|p1a: Volcanion|42/100\n|\n|-damage|p2a: Milotic|61/100 psn|[from] psn\n|upkeep\n|turn|12\n|\n|t:|1771251758\n|switch|p1a: Dragapult|Dragapult, M, shiny|100/100\n|move|p2a: Milotic|Recover|p2a: Milotic\n|-heal|p2a: Milotic|100/100 psn\n|\n|-damage|p2a: Milotic|88/100 psn|[from] psn\n|upkeep\n|turn|13\n|\n|t:|1771251765\n|switch|p2a: Weezing|Weezing-Galar, F|100/100\n|-ability|p2a: Weezing|Neutralizing Gas\n|-damage|p2a: Weezing|88/100|[from] Stealth Rock\n|move|p1a: Dragapult|Dragon Darts|p2a: Weezing\n|-immune|p2a: Weezing\n|\n|-heal|p2a: Weezing|94/100|[from] item: Leftovers\n|upkeep\n|turn|14\n|\n|t:|1771251769\n|switch|p1a: Iron Treads|Iron Treads, shiny|100/100\n|move|p2a: Weezing|Defog|p1a: Iron Treads\n|-unboost|p1a: Iron Treads|evasion|1\n|-sideend|p2: Laughable|Stealth Rock|[from] move: Defog|[of] p2a: Weezing\n|\n|-heal|p2a: Weezing|99/100|[from] item: Leftovers\n|upkeep\n|turn|15\n|\n|t:|1771251773\n|-end|p2a: Weezing|ability: Neutralizing Gas\n|switch|p2a: Gliscor|Gliscor, F|100/100\n|move|p1a: Iron Treads|Earth Power|p2a: Gliscor\n|-immune|p2a: Gliscor\n|\n|-status|p2a: Gliscor|tox|[from] item: Toxic Orb\n|upkeep\n|turn|16\n|\n|t:|1771251792\n|move|p1a: Iron Treads|Steel Beam|p2a: Gliscor\n|-damage|p2a: Gliscor|61/100 tox\n|-damage|p1a: Iron Treads|50/100|[from] steelbeam\n|move|p2a: Gliscor|Earthquake|p1a: Iron Treads\n|-supereffective|p1a: Iron Treads\n|-damage|p1a: Iron Treads|0 fnt\n|faint|p1a: Iron Treads\n|-end|p1a: Iron Treads|Quark Drive|[silent]\n|\n|-heal|p2a: Gliscor|74/100 tox|[from] ability: Poison Heal\n|upkeep\n|\n|t:|1771251803\n|switch|p1a: Volcanion|Volcanion|42/100\n|turn|17\n|\n|t:|1771251807\n|move|p2a: Gliscor|Protect|p2a: Gliscor\n|-singleturn|p2a: Gliscor|Protect\n|move|p1a: Volcanion|Sludge Bomb|p2a: Gliscor\n|-activate|p2a: Gliscor|move: Protect\n|\n|-heal|p2a: Gliscor|86/100 tox|[from] ability: Poison Heal\n|upkeep\n|turn|18\n|\n|t:|1771251810\n|switch|p1a: Iron Valiant|Iron Valiant, shiny|100/100\n|move|p2a: Gliscor|Earthquake|p1a: Iron Valiant\n|-crit|p1a: Iron Valiant\n|-damage|p1a: Iron Valiant|33/100\n|\n|-heal|p2a: Gliscor|99/100 tox|[from] ability: Poison Heal\n|upkeep\n|turn|19\n|\n|t:|1771251814\n|move|p1a: Iron Valiant|Moonblast|p2a: Gliscor\n|-damage|p2a: Gliscor|40/100 tox\n|move|p2a: Gliscor|Earthquake|p1a: Iron Valiant\n|-damage|p1a: Iron Valiant|0 fnt\n|faint|p1a: Iron Valiant\n|-end|p1a: Iron Valiant|Quark Drive|[silent]\n|\n|-heal|p2a: Gliscor|52/100 tox|[from] ability: Poison Heal\n|upkeep\n|\n|t:|1771251818\n|switch|p1a: Dragapult|Dragapult, M, shiny|100/100\n|turn|20\n|\n|t:|1771251856\n|move|p2a: Gliscor|Protect|p2a: Gliscor\n|-singleturn|p2a: Gliscor|Protect\n|move|p1a: Dragapult|U-turn|p2a: Gliscor\n|-activate|p2a: Gliscor|move: Protect\n|\n|-heal|p2a: Gliscor|65/100 tox|[from] ability: Poison Heal\n|upkeep\n|turn|21\n|\n|t:|1771251881\n|move|p1a: Dragapult|U-turn|p2a: Gliscor\n|-resisted|p2a: Gliscor\n|-damage|p2a: Gliscor|51/100 tox\n|-message|juanthemighty forfeited.\n|\n|win|Laughable\n|raw|juanthemighty's rating: 1538 &rarr; <strong>1519</strong><br />(-19 for losing)\n|raw|Laughable's rating: 1551 &rarr; <strong>1570</strong><br />(+19 for winning)\n|l|☆juanthemighty\n|player|p1|\n|l|☆Laughable\n|player|p2|\n", "uploadtime": 1771252027, "views": 5, "formatid": "gen9ou", "rating": 1519, "private": 0, "password": null}