{"id": "gen9ou-2639983885", "format": "[Gen 9] OU", "players": ["Kochu_shak", "akamint"], "log": "|j|☆Kochu_shak\n|j|☆akamint\n|t:|1782558078\n|gametype|singles\n|player|p1|Kochu_shak|2|1672\n|player|p2|akamint|alder|1620\n|gen|9\n|tier|[Gen 9] OU\n|rated|\n|rule|HP Percentage Mod: HP is shown in percentages\n|rule|Endless Battle Clause: Forcing endless battles is banned\n|rule|Species Clause: Limit one of each Pokémon\n|rule|OHKO Clause: OHKO moves are banned\n|rule|Evasion Items Clause: Evasion items are banned\n|rule|Evasion Moves Clause: Evasion moves are banned\n|rule|Evasion Abilities Clause: Evasion abilities are banned\n|rule|Sleep Moves Clause: Sleep-inducing moves are banned\n|clearpoke\n|poke|p1|Araquanid, F|\n|poke|p1|Gholdengo|\n|poke|p1|Iron Moth|\n|poke|p1|Iron Valiant|\n|poke|p1|Raging Bolt|\n|poke|p1|Kingambit, F|\n|poke|p2|Hoopa-Unbound|\n|poke|p2|Pecharunt|\n|poke|p2|Landorus-Therian, M|\n|poke|p2|Cinderace, M|\n|poke|p2|Alomomola, M|\n|poke|p2|Iron Valiant|\n|teampreview\n|j| firecharmander004\n|inactive|Battle timer is ON: inactive players will automatically lose when time's up. (requested by akamint)\n|\n|t:|1782558130\n|teamsize|p1|6\n|teamsize|p2|6\n|start\n|switch|p1a: QUZZ|Iron Valiant|100/100\n|switch|p2a: Soneybun|Pecharunt|100/100\n|-enditem|p1a: QUZZ|Booster Energy\n|-activate|p1a: QUZZ|ability: Quark Drive|[fromitem]\n|-start|p1a: QUZZ|quarkdrivespa\n|turn|1\n|\n|t:|1782558139\n|switch|p2a: Sonfries|Alomomola, M, shiny|100/100\n|-terastallize|p1a: QUZZ|Ghost\n|move|p1a: QUZZ|Shadow Ball|p2a: Sonfries\n|-damage|p2a: Sonfries|68/100\n|\n|upkeep\n|turn|2\n|\n|t:|1782558148\n|move|p1a: QUZZ|Calm Mind|p1a: QUZZ\n|-boost|p1a: QUZZ|spa|1\n|-boost|p1a: QUZZ|spd|1\n|move|p2a: Sonfries|Mirror Coat||[still]\n|-fail|p2a: Sonfries\n|\n|upkeep\n|turn|3\n|\n|t:|1782558153\n|move|p1a: QUZZ|Calm Mind|p1a: QUZZ\n|-boost|p1a: QUZZ|spa|1\n|-boost|p1a: QUZZ|spd|1\n|move|p2a: Sonfries|Flip Turn|p1a: QUZZ\n|-crit|p1a: QUZZ\n|-damage|p1a: QUZZ|69/100\n|\n|t:|1782558156\n|switch|p2a: Ben|Landorus-Therian, M, shiny|100/100|[from] Flip Turn\n|-ability|p2a: Ben|Intimidate|boost\n|-unboost|p1a: QUZZ|atk|1\n|\n|upkeep\n|turn|4\n|\n|t:|1782558159\n|move|p2a: Ben|Earthquake|p1a: QUZZ\n|-damage|p1a: QUZZ|0 fnt\n|faint|p1a: QUZZ\n|-end|p1a: QUZZ|Quark Drive|[silent]\n|\n|upkeep\n|\n|t:|1782558166\n|switch|p1a: TREE?|Gholdengo|100/100\n|-item|p1a: TREE?|Air Balloon\n|turn|5\n|\n|t:|1782558172\n|switch|p2a: Sonfries|Alomomola, M, shiny|100/100\n|switch|p1a: QUIL|Araquanid, F|100/100\n|\n|upkeep\n|turn|6\n|\n|t:|1782558178\n|switch|p2a: Soneybun|Pecharunt|100/100\n|move|p1a: QUIL|Surf|p2a: Soneybun\n|-damage|p2a: Soneybun|63/100\n|\n|upkeep\n|turn|7\n|\n|t:|1782558183\n|move|p2a: Soneybun|Recover|p2a: Soneybun\n|-heal|p2a: Soneybun|100/100\n|move|p1a: QUIL|Surf|p2a: Soneybun\n|-damage|p2a: Soneybun|64/100\n|\n|upkeep\n|turn|8\n|\n|t:|1782558188\n|move|p2a: Soneybun|Recover|p2a: Soneybun\n|-heal|p2a: Soneybun|100/100\n|move|p1a: QUIL|Surf|p2a: Soneybun\n|-damage|p2a: Soneybun|65/100\n|\n|upkeep\n|turn|9\n|\n|t:|1782558191\n|switch|p2a: Sonfries|Alomomola, M, shiny|100/100\n|move|p1a: QUIL|Sticky Web|p2a: Sonfries\n|-sidestart|p2: akamint|move: Sticky Web\n|\n|upkeep\n|turn|10\n|\n|t:|1782558196\n|move|p2a: Sonfries|Flip Turn|p1a: QUIL\n|-resisted|p1a: QUIL\n|-damage|p1a: QUIL|93/100\n|\n|t:|1782558204\n|switch|p2a: Soneybun|Pecharunt|65/100|[from] Flip Turn\n|move|p1a: QUIL|Surf|p2a: Soneybun\n|-crit|p2a: Soneybun\n|-damage|p2a: Soneybun|14/100\n|\n|upkeep\n|turn|11\n|\n|t:|1782558208\n|move|p2a: Soneybun|Recover|p2a: Soneybun\n|-heal|p2a: Soneybun|64/100\n|move|p1a: QUIL|Surf|p2a: Soneybun\n|-damage|p2a: Soneybun|29/100\n|\n|upkeep\n|turn|12\n|\n|t:|1782558213\n|move|p2a: Soneybun|Recover|p2a: Soneybun\n|-heal|p2a: Soneybun|79/100\n|move|p1a: QUIL|Surf|p2a: Soneybun\n|-damage|p2a: Soneybun|46/100\n|\n|upkeep\n|turn|13\n|\n|t:|1782558220\n|move|p2a: Soneybun|Malignant Chain|p1a: QUIL\n|-damage|p1a: QUIL|73/100\n|-status|p1a: QUIL|tox\n|-start|p1a: QUIL|confusion|[from] ability: Poison Puppeteer|[of] p2a: Soneybun\n|-activate|p1a: QUIL|confusion\n|-damage|p1a: QUIL|66/100 tox|[from] confusion\n|\n|-damage|p1a: QUIL|60/100 tox|[from] psn\n|upkeep\n|turn|14\n|\n|t:|1782558230\n|switch|p1a: CALA|Iron Moth|100/100\n|-enditem|p1a: CALA|Booster Energy\n|-activate|p1a: CALA|ability: Quark Drive|[fromitem]\n|-start|p1a: CALA|quarkdrivespa\n|move|p2a: Soneybun|Recover|p2a: Soneybun\n|-heal|p2a: Soneybun|96/100\n|\n|upkeep\n|turn|15\n|\n|t:|1782558237\n|move|p1a: CALA|Fiery Dance|p2a: Soneybun\n|-damage|p2a: Soneybun|35/100\n|move|p2a: Soneybun|Parting Shot|p1a: CALA\n|-unboost|p1a: CALA|atk|1\n|-unboost|p1a: CALA|spa|1\n|\n|t:|1782558240\n|switch|p2a: Ben|Landorus-Therian, M, shiny|100/100|[from] Parting Shot\n|-ability|p2a: Ben|Intimidate|boost\n|-unboost|p1a: CALA|atk|1\n|\n|upkeep\n|turn|16\n|\n|t:|1782558245\n|-end|p1a: CALA|Quark Drive|[silent]\n|switch|p1a: QUIL|Araquanid, F|60/100 tox\n|move|p2a: Ben|Stone Edge|p1a: QUIL\n|-supereffective|p1a: QUIL\n|-damage|p1a: QUIL|0 fnt\n|faint|p1a: QUIL\n|\n|upkeep\n|\n|t:|1782558265\n|switch|p1a: DELI|Raging Bolt|100/100\n|-enditem|p1a: DELI|Booster Energy\n|-activate|p1a: DELI|ability: Protosynthesis|[fromitem]\n|-start|p1a: DELI|protosynthesisspa\n|turn|17\n|\n|t:|1782558274\n|switch|p2a: Soneybun|Pecharunt|35/100\n|move|p1a: DELI|Dragon Pulse|p2a: Soneybun\n|-damage|p2a: Soneybun|0 fnt\n|faint|p2a: Soneybun\n|\n|upkeep\n|\n|t:|1782558280\n|switch|p2a: Sonfries|Alomomola, M, shiny|100/100\n|-activate|p2a: Sonfries|move: Sticky Web\n|-unboost|p2a: Sonfries|spe|1\n|turn|18\n|\n|t:|1782558284\n|move|p1a: DELI|Calm Mind|p1a: DELI\n|-boost|p1a: DELI|spa|1\n|-boost|p1a: DELI|spd|1\n|move|p2a: Sonfries|Mirror Coat||[still]\n|-fail|p2a: Sonfries\n|\n|upkeep\n|turn|19\n|\n|t:|1782558288\n|move|p1a: DELI|Thunderbolt|p2a: Sonfries\n|-supereffective|p2a: Sonfries\n|-damage|p2a: Sonfries|0 fnt\n|faint|p2a: Sonfries\n|\n|upkeep\n|\n|t:|1782558291\n|switch|p2a: Sonitor|Cinderace, M, shiny|100/100\n|turn|20\n|\n|t:|1782558294\n|move|p2a: Sonitor|Court Change|p2a: Sonitor\n|-start|p2a: Sonitor|typechange|Normal|[from] ability: Libero\n|-swapsideconditions\n|-activate|p2a: Sonitor|move: Court Change\n|move|p1a: DELI|Thunderbolt|p2a: Sonitor\n|-damage|p2a: Sonitor|0 fnt\n|faint|p2a: Sonitor\n|\n|upkeep\n|\n|t:|1782558296\n|switch|p2a: Ben|Landorus-Therian, M, shiny|100/100\n|-ability|p2a: Ben|Intimidate|boost\n|-unboost|p1a: DELI|atk|1\n|turn|21\n|\n|t:|1782558299\n|-terastallize|p2a: Ben|Ground\n|move|p2a: Ben|Earthquake|p1a: DELI\n|-supereffective|p1a: DELI\n|-damage|p1a: DELI|0 fnt\n|faint|p1a: DELI\n|-end|p1a: DELI|Protosynthesis|[silent]\n|\n|upkeep\n|\n|t:|1782558312\n|switch|p1a: SUPA|Kingambit, F|100/100\n|-activate|p1a: SUPA|ability: Supreme Overlord\n|-start|p1a: SUPA|fallen3|[silent]\n|-item|p1a: SUPA|Air Balloon\n|turn|22\n|\n|t:|1782558319\n|switch|p2a: Momad|Hoopa-Unbound|100/100\n|move|p1a: SUPA|Iron Head|p2a: Momad\n|-damage|p2a: Momad|9/100\n|\n|upkeep\n|turn|23\n|\n|t:|1782558324\n|move|p1a: SUPA|Sucker Punch|p2a: Momad\n|-damage|p2a: Momad|0 fnt\n|faint|p2a: Momad\n|\n|upkeep\n|\n|t:|1782558325\n|switch|p2a: Michael JackSON|Iron Valiant, shiny|100/100\n|turn|24\n|\n|t:|1782558328\n|-end|p1a: SUPA|fallen3|[silent]\n|switch|p1a: CALA|Iron Moth|100/100\n|-activate|p1a: CALA|move: Sticky Web\n|-unboost|p1a: CALA|spe|1\n|move|p2a: Michael JackSON|Vacuum Wave|p1a: CALA\n|-resisted|p1a: CALA\n|-damage|p1a: CALA|85/100\n|\n|upkeep\n|turn|25\n|\n|t:|1782558342\n|-end|p2a: Michael JackSON|Quark Drive|[silent]\n|switch|p2a: Ben|Landorus-Therian, M, shiny, tera:Ground|100/100\n|-ability|p2a: Ben|Intimidate|boost\n|-unboost|p1a: CALA|atk|1\n|move|p1a: CALA|Fiery Dance|p2a: Ben\n|-damage|p2a: Ben|35/100\n|-boost|p1a: CALA|spa|1\n|\n|upkeep\n|turn|26\n|\n|t:|1782558360\n|-end|p1a: CALA|Quark Drive|[silent]\n|switch|p1a: SUPA|Kingambit, F|100/100\n|-activate|p1a: SUPA|ability: Supreme Overlord\n|-start|p1a: SUPA|fallen3|[silent]\n|-item|p1a: SUPA|Air Balloon\n|move|p2a: Ben|Stone Edge|p1a: SUPA\n|-resisted|p1a: SUPA\n|-crit|p1a: SUPA\n|-damage|p1a: SUPA|77/100\n|-enditem|p1a: SUPA|Air Balloon\n|\n|upkeep\n|turn|27\n|\n|t:|1782558371\n|move|p2a: Ben|Stone Edge|p1a: SUPA|[miss]\n|-miss|p2a: Ben|p1a: SUPA\n|move|p1a: SUPA|Iron Head|p2a: Ben\n|-damage|p2a: Ben|0 fnt\n|faint|p2a: Ben\n|\n|upkeep\n|\n|t:|1782558372\n|switch|p2a: Michael JackSON|Iron Valiant, shiny|100/100\n|turn|28\n|\n|t:|1782558379\n|move|p2a: Michael JackSON|Thunderbolt|p1a: SUPA\n|-damage|p1a: SUPA|26/100\n|move|p1a: SUPA|Iron Head|p2a: Michael JackSON\n|-supereffective|p2a: Michael JackSON\n|-damage|p2a: Michael JackSON|0 fnt\n|faint|p2a: Michael JackSON\n|-end|p2a: Michael JackSON|Quark Drive|[silent]\n|\n|win|Kochu_shak\n|raw|Kochu_shak's rating: 1672 &rarr; <strong>1689</strong><br />(+17 for winning)\n|raw|akamint's rating: 1620 &rarr; <strong>1603</strong><br />(-17 for losing)\n|l|☆akamint\n|player|p2|\n|l| firecharmander004\n", "uploadtime": 1782558624, "views": 7, "formatid": "gen9ou", "rating": 1603, "private": 0, "password": null}