{"id": "gen9ou-2639252304", "format": "[Gen 9] OU", "players": ["oseimak000", "Benice The Second"], "log": "|j|☆oseimak000\n|j|☆Benice The Second\n|t:|1782440748\n|gametype|singles\n|player|p1|oseimak000|265|1339\n|player|p2|Benice The Second|maid|1320\n|gen|9\n|tier|[Gen 9] OU\n|rated|\n|rule|HP Percentage Mod: HP is shown in percentages\n|rule|Endless Battle Clause: Forcing endless battles is banned\n|rule|Species Clause: Limit one of each Pokémon\n|rule|OHKO Clause: OHKO moves are banned\n|rule|Evasion Items Clause: Evasion items are banned\n|rule|Evasion Moves Clause: Evasion moves are banned\n|rule|Evasion Abilities Clause: Evasion abilities are banned\n|rule|Sleep Moves Clause: Sleep-inducing moves are banned\n|clearpoke\n|poke|p1|Ceruledge, M|\n|poke|p1|Lucario, M|\n|poke|p1|Greninja-*, M|\n|poke|p1|Blaziken, M|\n|poke|p1|Dragonite, F|\n|poke|p1|Ogerpon-Wellspring, F|\n|poke|p2|Sandy Shocks|\n|poke|p2|Weavile, F|\n|poke|p2|Weezing-Galar, M|\n|poke|p2|Hatterene, F|\n|poke|p2|Alomomola, M|\n|poke|p2|Great Tusk|\n|teampreview\n|\n|t:|1782440770\n|teamsize|p1|6\n|teamsize|p2|6\n|start\n|switch|p1a: Ceruledge|Ceruledge, M|100/100\n|switch|p2a: Hatterene|Hatterene, F|100/100\n|turn|1\n|\n|t:|1782440788\n|switch|p2a: Great Tusk|Great Tusk|100/100\n|-enditem|p2a: Great Tusk|Booster Energy\n|-activate|p2a: Great Tusk|ability: Protosynthesis|[fromitem]\n|-start|p2a: Great Tusk|protosynthesisspe\n|move|p1a: Ceruledge|Swords Dance|p1a: Ceruledge\n|-boost|p1a: Ceruledge|atk|2\n|\n|upkeep\n|turn|2\n|\n|t:|1782440802\n|-terastallize|p1a: Ceruledge|Flying\n|move|p2a: Great Tusk|Bulk Up|p2a: Great Tusk\n|-boost|p2a: Great Tusk|atk|1\n|-boost|p2a: Great Tusk|def|1\n|move|p1a: Ceruledge|Poltergeist||[still]\n|-fail|p1a: Ceruledge\n|\n|upkeep\n|turn|3\n|\n|t:|1782440816\n|move|p2a: Great Tusk|Bulk Up|p2a: Great Tusk\n|-boost|p2a: Great Tusk|atk|1\n|-boost|p2a: Great Tusk|def|1\n|move|p1a: Ceruledge|Close Combat|p2a: Great Tusk\n|-damage|p2a: Great Tusk|74/100\n|-unboost|p1a: Ceruledge|def|1\n|-unboost|p1a: Ceruledge|spd|1\n|\n|upkeep\n|turn|4\n|\n|t:|1782440824\n|move|p2a: Great Tusk|Bulk Up|p2a: Great Tusk\n|-boost|p2a: Great Tusk|atk|1\n|-boost|p2a: Great Tusk|def|1\n|move|p1a: Ceruledge|Bitter Blade|p2a: Great Tusk\n|-damage|p2a: Great Tusk|52/100\n|\n|upkeep\n|turn|5\n|inactive|Battle timer is ON: inactive players will automatically lose when time's up. (requested by oseimak000)\n|\n|t:|1782440866\n|move|p2a: Great Tusk|Close Combat|p1a: Ceruledge\n|-resisted|p1a: Ceruledge\n|-enditem|p1a: Ceruledge|Focus Sash\n|-damage|p1a: Ceruledge|1/100\n|-unboost|p2a: Great Tusk|def|1\n|-unboost|p2a: Great Tusk|spd|1\n|-ability|p1a: Ceruledge|Weak Armor|boost\n|-unboost|p1a: Ceruledge|def|1\n|-boost|p1a: Ceruledge|spe|2\n|move|p1a: Ceruledge|Close Combat|p2a: Great Tusk\n|-damage|p2a: Great Tusk|28/100\n|-unboost|p1a: Ceruledge|def|1\n|-unboost|p1a: Ceruledge|spd|1\n|\n|upkeep\n|turn|6\n|\n|t:|1782440879\n|move|p1a: Ceruledge|Close Combat|p2a: Great Tusk\n|-damage|p2a: Great Tusk|4/100\n|-unboost|p1a: Ceruledge|def|1\n|-unboost|p1a: Ceruledge|spd|1\n|move|p2a: Great Tusk|Rapid Spin|p1a: Ceruledge\n|-damage|p1a: Ceruledge|0 fnt\n|-boost|p2a: Great Tusk|spe|1\n|faint|p1a: Ceruledge\n|\n|upkeep\n|\n|t:|1782440889\n|switch|p1a: Greninja|Greninja, M|100/100\n|turn|7\n|\n|t:|1782440904\n|-end|p2a: Great Tusk|Protosynthesis|[silent]\n|switch|p2a: Alomomola|Alomomola, M|100/100\n|move|p1a: Greninja|Ice Beam|p2a: Alomomola\n|-resisted|p2a: Alomomola\n|-damage|p2a: Alomomola|94/100\n|\n|upkeep\n|turn|8\n|\n|t:|1782440911\n|move|p1a: Greninja|Sludge Wave|p2a: Alomomola\n|-damage|p2a: Alomomola|79/100\n|move|p2a: Alomomola|Flip Turn|p1a: Greninja\n|-resisted|p1a: Greninja\n|-damage|p1a: Greninja|88/100\n|\n|t:|1782440924\n|switch|p2a: Weavile|Weavile, F|100/100|[from] Flip Turn\n|-ability|p2a: Weavile|Pressure\n|\n|upkeep\n|turn|9\n|\n|t:|1782440929\n|move|p2a: Weavile|Low Kick|p1a: Greninja\n|-supereffective|p1a: Greninja\n|-damage|p1a: Greninja|0 fnt\n|faint|p1a: Greninja\n|\n|upkeep\n|\n|t:|1782440936\n|switch|p1a: Lucario|Lucario, M, shiny|100/100\n|turn|10\n|\n|t:|1782440946\n|switch|p2a: Great Tusk|Great Tusk|4/100\n|move|p1a: Lucario|Close Combat|p2a: Great Tusk\n|-damage|p2a: Great Tusk|0 fnt\n|-unboost|p1a: Lucario|def|1\n|-unboost|p1a: Lucario|spd|1\n|faint|p2a: Great Tusk\n|-end|p2a: Great Tusk|Protosynthesis|[silent]\n|\n|upkeep\n|\n|t:|1782440955\n|switch|p2a: Hatterene|Hatterene, F|100/100\n|turn|11\n|\n|t:|1782440959\n|move|p1a: Lucario|Swords Dance|p1a: Lucario\n|-boost|p1a: Lucario|atk|2\n|move|p2a: Hatterene|Calm Mind|p2a: Hatterene\n|-boost|p2a: Hatterene|spa|1\n|-boost|p2a: Hatterene|spd|1\n|\n|upkeep\n|turn|12\n|inactive|Benice The Second has 120 seconds left.\n|\n|t:|1782440989\n|switch|p2a: Alomomola|Alomomola, M|100/100\n|move|p1a: Lucario|Meteor Mash|p2a: Alomomola\n|-resisted|p2a: Alomomola\n|-damage|p2a: Alomomola|67/100\n|\n|upkeep\n|turn|13\n|\n|t:|1782440995\n|move|p1a: Lucario|Close Combat|p2a: Alomomola\n|-damage|p2a: Alomomola|0 fnt\n|-unboost|p1a: Lucario|def|1\n|-unboost|p1a: Lucario|spd|1\n|faint|p2a: Alomomola\n|\n|upkeep\n|\n|t:|1782440998\n|switch|p2a: Weavile|Weavile, F|100/100\n|-ability|p2a: Weavile|Pressure\n|turn|14\n|\n|t:|1782441004\n|move|p2a: Weavile|Low Kick|p1a: Lucario\n|-supereffective|p1a: Lucario\n|-enditem|p1a: Lucario|Focus Sash\n|-damage|p1a: Lucario|1/100\n|move|p1a: Lucario|Close Combat|p2a: Weavile\n|-supereffective|p2a: Weavile\n|-damage|p2a: Weavile|0 fnt\n|-unboost|p1a: Lucario|def|1\n|-unboost|p1a: Lucario|spd|1\n|faint|p2a: Weavile\n|\n|upkeep\n|\n|t:|1782441015\n|switch|p2a: Sandy Shocks|Sandy Shocks|100/100\n|turn|15\n|\n|t:|1782441019\n|move|p1a: Lucario|Close Combat|p2a: Sandy Shocks\n|-damage|p2a: Sandy Shocks|0 fnt\n|-unboost|p1a: Lucario|def|1\n|-unboost|p1a: Lucario|spd|1\n|faint|p2a: Sandy Shocks\n|-end|p2a: Sandy Shocks|Protosynthesis|[silent]\n|\n|upkeep\n|c|☆Benice The Second|gg\n|-message|Benice The Second forfeited.\n|\n|win|oseimak000\n|raw|oseimak000's rating: 1339 &rarr; <strong>1357</strong><br />(+18 for winning)\n|raw|Benice The Second's rating: 1301 &rarr; <strong>1283</strong><br />(-18 for losing)\n|l|☆Benice The Second\n|player|p2|\n|c|☆oseimak000|stronger\n|l|☆oseimak000\n|player|p1|\n", "uploadtime": 1782441395, "views": 7, "formatid": "gen9ou", "rating": 1283, "private": 0, "password": null}