{"id": "gen9ou-2540895546", "format": "[Gen 9] OU", "players": ["ilikeplayingroblox", "sommeliersam"], "log": "|badge|p1|bronze|gen9ou|100-8\n|uhtml|medal-msg|<div class=\"broadcast-blue\">Curious what those medals under the avatar are? PS now has Ladder Seasons! For more information, check out the <a href=\"https://www.smogon.com/forums/threads/3740067/\">thread on Smogon.</a></div>\n|j|☆ilikeplayingroblox\n|j|☆sommeliersam\n|t:|1771264861\n|gametype|singles\n|player|p1|ilikeplayingroblox|allister|1854\n|player|p2|sommeliersam|266|1762\n|gen|9\n|tier|[Gen 9] OU\n|rated|\n|rule|HP Percentage Mod: HP is shown in percentages\n|rule|Endless Battle Clause: Forcing endless battles is banned\n|rule|Species Clause: Limit one of each Pokémon\n|rule|OHKO Clause: OHKO moves are banned\n|rule|Evasion Items Clause: Evasion items are banned\n|rule|Evasion Moves Clause: Evasion moves are banned\n|rule|Evasion Abilities Clause: Evasion abilities are banned\n|rule|Sleep Moves Clause: Sleep-inducing moves are banned\n|clearpoke\n|poke|p1|Ninetales-Alola, M|\n|poke|p1|Cinderace, M|\n|poke|p1|Ceruledge, F|\n|poke|p1|Kingambit, M|\n|poke|p1|Kyurem|\n|poke|p1|Iron Valiant|\n|poke|p2|Iron Valiant|\n|poke|p2|Great Tusk|\n|poke|p2|Dragonite, F|\n|poke|p2|Deoxys-Speed|\n|poke|p2|Glimmora, M|\n|poke|p2|Kingambit, F|\n|teampreview\n|j| white6767\n|\n|t:|1771264876\n|teamsize|p1|6\n|teamsize|p2|6\n|start\n|switch|p1a: Ceruledge|Ceruledge, F|100/100\n|switch|p2a: Glimmora|Glimmora, M|100/100\n|turn|1\n|\n|t:|1771264891\n|move|p1a: Ceruledge|Close Combat|p2a: Glimmora\n|-damage|p2a: Glimmora|53/100\n|-unboost|p1a: Ceruledge|def|1\n|-unboost|p1a: Ceruledge|spd|1\n|-activate|p2a: Glimmora|ability: Toxic Debris\n|-sidestart|p1: ilikeplayingroblox|move: Toxic Spikes\n|move|p2a: Glimmora|Meteor Beam||[still]\n|-prepare|p2a: Glimmora|Meteor Beam\n|-boost|p2a: Glimmora|spa|1\n|-enditem|p2a: Glimmora|Power Herb\n|-anim|p2a: Glimmora|Meteor Beam|p1a: Ceruledge\n|-supereffective|p1a: Ceruledge\n|-enditem|p1a: Ceruledge|Focus Sash\n|-damage|p1a: Ceruledge|1/100\n|\n|upkeep\n|turn|2\n|\n|t:|1771264906\n|move|p1a: Ceruledge|Close Combat|p2a: Glimmora\n|-damage|p2a: Glimmora|1/100\n|-unboost|p1a: Ceruledge|def|1\n|-unboost|p1a: Ceruledge|spd|1\n|-activate|p2a: Glimmora|ability: Toxic Debris\n|-sidestart|p1: ilikeplayingroblox|move: Toxic Spikes\n|move|p2a: Glimmora|Earth Power|p1a: Ceruledge\n|-supereffective|p1a: Ceruledge\n|-damage|p1a: Ceruledge|0 fnt\n|faint|p1a: Ceruledge\n|\n|upkeep\n|\n|t:|1771264913\n|switch|p1a: Cinderace|Cinderace, M|100/100\n|turn|3\n|\n|t:|1771264931\n|move|p1a: Cinderace|Pyro Ball|p2a: Glimmora|[miss]\n|-miss|p1a: Cinderace|p2a: Glimmora\n|move|p2a: Glimmora|Earth Power|p1a: Cinderace\n|-supereffective|p1a: Cinderace\n|-damage|p1a: Cinderace|0 fnt\n|faint|p1a: Cinderace\n|\n|upkeep\n|c|☆ilikeplayingroblox|bruh\n|\n|t:|1771264950\n|switch|p1a: Ninetales|Ninetales-Alola, M|100/100\n|-status|p1a: Ninetales|tox\n|-weather|Snowscape|[from] ability: Snow Warning|[of] p1a: Ninetales\n|turn|4\n|\n|t:|1771264954\n|move|p1a: Ninetales|Freeze-Dry|p2a: Glimmora\n|-damage|p2a: Glimmora|0 fnt\n|faint|p2a: Glimmora\n|\n|-weather|Snowscape|[upkeep]\n|-damage|p1a: Ninetales|94/100 tox|[from] psn\n|upkeep\n|\n|t:|1771264956\n|switch|p2a: Deoxys|Deoxys-Speed|100/100\n|-ability|p2a: Deoxys|Pressure\n|turn|5\n|\n|t:|1771264959\n|move|p2a: Deoxys|Taunt|p1a: Ninetales\n|-start|p1a: Ninetales|move: Taunt\n|cant|p1a: Ninetales|move: Taunt|Aurora Veil\n|\n|-weather|Snowscape|[upkeep]\n|-damage|p1a: Ninetales|82/100 tox|[from] psn\n|upkeep\n|turn|6\n|\n|t:|1771264963\n|move|p2a: Deoxys|Reflect|p2a: Deoxys\n|-sidestart|p2: sommeliersam|Reflect\n|move|p1a: Ninetales|Freeze-Dry|p2a: Deoxys\n|-damage|p2a: Deoxys|66/100\n|\n|-weather|Snowscape|[upkeep]\n|-damage|p1a: Ninetales|64/100 tox|[from] psn\n|upkeep\n|turn|7\n|\n|t:|1771264968\n|switch|p1a: Kingambit|Kingambit, M|100/100\n|-activate|p1a: Kingambit|ability: Supreme Overlord\n|-start|p1a: Kingambit|fallen2|[silent]\n|move|p2a: Deoxys|Light Screen|p2a: Deoxys\n|-sidestart|p2: sommeliersam|move: Light Screen\n|\n|-weather|Snowscape|[upkeep]\n|upkeep\n|turn|8\n|\n|t:|1771264973\n|switch|p2a: Great Tusk|Great Tusk|100/100\n|-enditem|p2a: Great Tusk|Booster Energy\n|-activate|p2a: Great Tusk|ability: Protosynthesis|[fromitem]\n|-start|p2a: Great Tusk|protosynthesisspe\n|move|p1a: Kingambit|Sucker Punch||[still]\n|-fail|p1a: Kingambit\n|\n|-weather|none\n|upkeep\n|turn|9\n|\n|t:|1771264979\n|-end|p1a: Kingambit|fallen2|[silent]\n|switch|p1a: Ninetales|Ninetales-Alola, M|64/100 tox\n|-weather|Snowscape|[from] ability: Snow Warning|[of] p1a: Ninetales\n|move|p2a: Great Tusk|Bulk Up|p2a: Great Tusk\n|-boost|p2a: Great Tusk|atk|1\n|-boost|p2a: Great Tusk|def|1\n|\n|-weather|Snowscape|[upkeep]\n|-damage|p1a: Ninetales|57/100 tox|[from] psn\n|upkeep\n|turn|10\n|j| nonchalantbufalant\n|\n|t:|1771264987\n|move|p2a: Great Tusk|Headlong Rush|p1a: Ninetales\n|-damage|p1a: Ninetales|0 fnt\n|-unboost|p2a: Great Tusk|def|1\n|-unboost|p2a: Great Tusk|spd|1\n|faint|p1a: Ninetales\n|\n|-weather|Snowscape|[upkeep]\n|upkeep\n|\n|t:|1771264990\n|switch|p1a: Kyurem|Kyurem|100/100\n|-status|p1a: Kyurem|tox\n|-ability|p1a: Kyurem|Pressure\n|turn|11\n|\n|t:|1771264999\n|move|p1a: Kyurem|Ice Beam|p2a: Great Tusk\n|-supereffective|p2a: Great Tusk\n|-damage|p2a: Great Tusk|12/100\n|move|p2a: Great Tusk|Head Smash|p1a: Kyurem\n|-supereffective|p1a: Kyurem\n|-damage|p1a: Kyurem|23/100 tox\n|-damage|p2a: Great Tusk|0 fnt|[from] Recoil\n|faint|p2a: Great Tusk\n|-end|p2a: Great Tusk|Protosynthesis|[silent]\n|\n|-weather|Snowscape|[upkeep]\n|-damage|p1a: Kyurem|17/100 tox|[from] psn\n|upkeep\n|j| glass bugle\n|j| Underfoot2\n|\n|t:|1771265012\n|switch|p2a: Iron Valiant|Iron Valiant|100/100\n|-enditem|p2a: Iron Valiant|Booster Energy\n|-activate|p2a: Iron Valiant|ability: Quark Drive|[fromitem]\n|-start|p2a: Iron Valiant|quarkdrivespe\n|turn|12\n|\n|t:|1771265017\n|move|p2a: Iron Valiant|Moonblast|p1a: Kyurem\n|-supereffective|p1a: Kyurem\n|-damage|p1a: Kyurem|0 fnt\n|faint|p1a: Kyurem\n|\n|-weather|Snowscape|[upkeep]\n|upkeep\n|j| Samurajen\n|\n|t:|1771265020\n|switch|p1a: Iron Valiant|Iron Valiant|100/100\n|-status|p1a: Iron Valiant|tox\n|-enditem|p1a: Iron Valiant|Booster Energy\n|-activate|p1a: Iron Valiant|ability: Quark Drive|[fromitem]\n|-start|p1a: Iron Valiant|quarkdrivespe\n|turn|13\n|\n|t:|1771265023\n|move|p1a: Iron Valiant|Moonblast|p2a: Iron Valiant\n|-supereffective|p2a: Iron Valiant\n|-damage|p2a: Iron Valiant|8/100\n|move|p2a: Iron Valiant|Moonblast|p1a: Iron Valiant\n|-supereffective|p1a: Iron Valiant\n|-damage|p1a: Iron Valiant|0 fnt\n|faint|p1a: Iron Valiant\n|-end|p1a: Iron Valiant|Quark Drive|[silent]\n|\n|-weather|none\n|-sideend|p2: sommeliersam|Reflect\n|upkeep\n|\n|t:|1771265028\n|switch|p1a: Kingambit|Kingambit, M|100/100\n|-activate|p1a: Kingambit|ability: Supreme Overlord\n|-start|p1a: Kingambit|fallen5|[silent]\n|turn|14\n|\n|t:|1771265036\n|move|p1a: Kingambit|Sucker Punch||[still]\n|-fail|p1a: Kingambit\n|move|p2a: Iron Valiant|Taunt|p1a: Kingambit\n|-start|p1a: Kingambit|move: Taunt\n|\n|-sideend|p2: sommeliersam|move: Light Screen\n|upkeep\n|turn|15\n|\n|t:|1771265040\n|move|p1a: Kingambit|Sucker Punch|p2a: Iron Valiant\n|-resisted|p2a: Iron Valiant\n|-damage|p2a: Iron Valiant|0 fnt\n|faint|p2a: Iron Valiant\n|-end|p2a: Iron Valiant|Quark Drive|[silent]\n|\n|upkeep\n|\n|t:|1771265045\n|switch|p2a: Kingambit|Kingambit, F|100/100\n|-activate|p2a: Kingambit|ability: Supreme Overlord\n|-start|p2a: Kingambit|fallen3|[silent]\n|turn|16\n|\n|t:|1771265050\n|-terastallize|p2a: Kingambit|Fighting\n|move|p2a: Kingambit|Low Kick|p1a: Kingambit\n|-supereffective|p1a: Kingambit\n|-damage|p1a: Kingambit|0 fnt\n|faint|p1a: Kingambit\n|-end|p1a: Kingambit|fallen5|[silent]\n|\n|win|sommeliersam\n|raw|ilikeplayingroblox's rating: 1854 &rarr; <strong>1829</strong><br />(-25 for losing)\n|raw|sommeliersam's rating: 1762 &rarr; <strong>1787</strong><br />(+25 for winning)\n|l|☆ilikeplayingroblox\n|player|p1|\n|l| Underfoot2\n|l|☆sommeliersam\n|player|p2|\n|l| nonchalantbufalant\n|l| glass bugle\n", "uploadtime": 1771265205, "views": 4, "formatid": "gen9ou", "rating": 1787, "private": 0, "password": null}