{"id": "gen9ou-2540813258", "format": "[Gen 9] OU", "players": ["mythiixx", "mankindes"], "log": "|j|☆mythiixx\n|j|☆mankindes\n|t:|1771256707\n|gametype|singles\n|player|p1|mythiixx|1|1715\n|player|p2|mankindes|169|1649\n|gen|9\n|tier|[Gen 9] OU\n|rated|\n|rule|HP Percentage Mod: HP is shown in percentages\n|rule|Endless Battle Clause: Forcing endless battles is banned\n|rule|Species Clause: Limit one of each Pokémon\n|rule|OHKO Clause: OHKO moves are banned\n|rule|Evasion Items Clause: Evasion items are banned\n|rule|Evasion Moves Clause: Evasion moves are banned\n|rule|Evasion Abilities Clause: Evasion abilities are banned\n|rule|Sleep Moves Clause: Sleep-inducing moves are banned\n|clearpoke\n|poke|p1|Meowscarada, M|\n|poke|p1|Corviknight, M|\n|poke|p1|Kyurem|\n|poke|p1|Hatterene, F|\n|poke|p1|Swampert, M|\n|poke|p1|Pecharunt|\n|poke|p2|Raging Bolt|\n|poke|p2|Gliscor, F|\n|poke|p2|Iron Valiant|\n|poke|p2|Corviknight, M|\n|poke|p2|Kingambit, M|\n|poke|p2|Iron Moth|\n|teampreview\n|inactive|Battle timer is ON: inactive players will automatically lose when time's up. (requested by mankindes)\n|\n|t:|1771256713\n|teamsize|p1|6\n|teamsize|p2|6\n|start\n|switch|p1a: Bastigor|Kyurem|100/100\n|switch|p2a: Iron Valiant|Iron Valiant|100/100\n|-ability|p1a: Bastigor|Pressure\n|turn|1\n|\n|t:|1771256729\n|switch|p1a: Sibelyx|Hatterene, F, shiny|100/100\n|move|p2a: Iron Valiant|Close Combat|p1a: Sibelyx\n|-resisted|p1a: Sibelyx\n|-damage|p1a: Sibelyx|83/100\n|-unboost|p2a: Iron Valiant|def|1\n|-unboost|p2a: Iron Valiant|spd|1\n|-damage|p2a: Iron Valiant|91/100|[from] item: Life Orb\n|\n|upkeep\n|turn|2\n|\n|t:|1771256736\n|-end|p2a: Iron Valiant|Quark Drive|[silent]\n|switch|p2a: Corviknight|Corviknight, M|100/100\n|move|p1a: Sibelyx|Psychic Noise|p2a: Corviknight\n|-resisted|p2a: Corviknight\n|-damage|p2a: Corviknight|89/100\n|-start|p2a: Corviknight|move: Heal Block\n|\n|upkeep\n|turn|3\n|\n|t:|1771256741\n|move|p2a: Corviknight|U-turn|p1a: Sibelyx\n|-damage|p1a: Sibelyx|71/100\n|\n|t:|1771256743\n|switch|p2a: Kingambit|Kingambit, M, shiny|100/100|[from] U-turn\n|move|p1a: Sibelyx|Nuzzle|p2a: Kingambit\n|-damage|p2a: Kingambit|98/100\n|-status|p2a: Kingambit|par\n|\n|-heal|p2a: Kingambit|100/100 par|[from] item: Leftovers\n|upkeep\n|turn|4\n|\n|t:|1771256754\n|switch|p1a: Shadowbeak|Corviknight, M|100/100\n|-ability|p1a: Shadowbeak|Pressure\n|cant|p2a: Kingambit|par\n|\n|upkeep\n|turn|5\n|\n|t:|1771256759\n|move|p1a: Shadowbeak|U-turn|p2a: Kingambit\n|-damage|p2a: Kingambit|90/100 par\n|\n|t:|1771256762\n|switch|p1a: Dumud|Swampert, M|100/100|[from] U-turn\n|move|p2a: Kingambit|Iron Head|p1a: Dumud\n|-resisted|p1a: Dumud\n|-damage|p1a: Dumud|79/100\n|\n|-heal|p1a: Dumud|85/100|[from] item: Leftovers\n|-heal|p2a: Kingambit|97/100 par|[from] item: Leftovers\n|upkeep\n|turn|6\n|\n|t:|1771256768\n|-end|p2a: Kingambit|fallenundefined|[silent]\n|switch|p2a: Corviknight|Corviknight, M|89/100\n|move|p1a: Dumud|Knock Off|p2a: Corviknight\n|-damage|p2a: Corviknight|69/100\n|-damage|p1a: Dumud|69/100|[from] item: Rocky Helmet|[of] p2a: Corviknight\n|-enditem|p2a: Corviknight|Rocky Helmet|[from] move: Knock Off|[of] p1a: Dumud\n|\n|-heal|p1a: Dumud|75/100|[from] item: Leftovers\n|upkeep\n|turn|7\n|l|☆mankindes\n|inactive|mankindes disconnected and has a minute to reconnect!\n|player|p2|\n|j| hbgzd\n|j|☆mankindes\n|inactive|mankindes reconnected and has 145 seconds left.\n|player|p2|mankindes|169|\n|\n|t:|1771256785\n|move|p2a: Corviknight|Taunt|p1a: Dumud\n|-start|p1a: Dumud|move: Taunt\n|cant|p1a: Dumud|move: Taunt|Stealth Rock\n|\n|-heal|p1a: Dumud|81/100|[from] item: Leftovers\n|upkeep\n|turn|8\n|\n|t:|1771256791\n|move|p2a: Corviknight|Roost|p2a: Corviknight\n|-heal|p2a: Corviknight|100/100\n|-singleturn|p2a: Corviknight|move: Roost\n|move|p1a: Dumud|Flip Turn|p2a: Corviknight\n|-damage|p2a: Corviknight|83/100\n|\n|t:|1771256793\n|switch|p1a: Bastigor|Kyurem|100/100|[from] Flip Turn\n|-ability|p1a: Bastigor|Pressure\n|\n|upkeep\n|turn|9\n|\n|t:|1771256798\n|move|p1a: Bastigor|Ice Beam|p2a: Corviknight\n|-crit|p2a: Corviknight\n|-damage|p2a: Corviknight|13/100\n|move|p2a: Corviknight|U-turn|p1a: Bastigor\n|-damage|p1a: Bastigor|85/100\n|\n|t:|1771256809\n|switch|p2a: Iron Valiant|Iron Valiant|91/100|[from] U-turn\n|\n|upkeep\n|turn|10\n|\n|t:|1771256820\n|switch|p1a: Sibelyx|Hatterene, F, shiny|71/100\n|move|p2a: Iron Valiant|Knock Off|p1a: Sibelyx\n|-damage|p1a: Sibelyx|35/100\n|-enditem|p1a: Sibelyx|Assault Vest|[from] move: Knock Off|[of] p2a: Iron Valiant\n|-damage|p2a: Iron Valiant|81/100|[from] item: Life Orb\n|\n|upkeep\n|turn|11\n|\n|t:|1771256825\n|-end|p2a: Iron Valiant|Quark Drive|[silent]\n|switch|p2a: Corviknight|Corviknight, M|13/100\n|move|p1a: Sibelyx|Draining Kiss|p2a: Corviknight\n|-resisted|p2a: Corviknight\n|-damage|p2a: Corviknight|6/100\n|-heal|p1a: Sibelyx|43/100|[from] drain|[of] p2a: Corviknight\n|\n|upkeep\n|turn|12\n|\n|t:|1771256834\n|move|p2a: Corviknight|Roost|p2a: Corviknight\n|-heal|p2a: Corviknight|56/100\n|-singleturn|p2a: Corviknight|move: Roost\n|move|p1a: Sibelyx|Mystical Fire|p2a: Corviknight\n|-supereffective|p2a: Corviknight\n|-damage|p2a: Corviknight|25/100\n|-ability|p2a: Corviknight|Mirror Armor\n|-unboost|p1a: Sibelyx|spa|1\n|\n|upkeep\n|turn|13\n|\n|t:|1771256841\n|move|p2a: Corviknight|Roost|p2a: Corviknight\n|-heal|p2a: Corviknight|75/100\n|-singleturn|p2a: Corviknight|move: Roost\n|move|p1a: Sibelyx|Nuzzle|p2a: Corviknight\n|-damage|p2a: Corviknight|72/100\n|-status|p2a: Corviknight|par\n|\n|upkeep\n|turn|14\n|\n|t:|1771256848\n|switch|p1a: Dumud|Swampert, M|81/100\n|move|p2a: Corviknight|Roost|p2a: Corviknight\n|-heal|p2a: Corviknight|100/100 par\n|-singleturn|p2a: Corviknight|move: Roost\n|\n|-heal|p1a: Dumud|87/100|[from] item: Leftovers\n|upkeep\n|turn|15\n|\n|t:|1771256852\n|move|p1a: Dumud|Stealth Rock|p2a: Corviknight\n|-sidestart|p2: mankindes|move: Stealth Rock\n|move|p2a: Corviknight|Defog|p1a: Dumud\n|-unboost|p1a: Dumud|evasion|1\n|-sideend|p2: mankindes|Stealth Rock|[from] move: Defog|[of] p2a: Corviknight\n|\n|-heal|p1a: Dumud|94/100|[from] item: Leftovers\n|upkeep\n|turn|16\n|\n|t:|1771256856\n|move|p1a: Dumud|Stealth Rock|p2a: Corviknight\n|-sidestart|p2: mankindes|move: Stealth Rock\n|move|p2a: Corviknight|U-turn|p1a: Dumud\n|-damage|p1a: Dumud|79/100\n|\n|t:|1771256871\n|switch|p2a: Gliscor|Gliscor, F|100/100|[from] U-turn\n|-damage|p2a: Gliscor|88/100|[from] Stealth Rock\n|\n|-heal|p1a: Dumud|85/100|[from] item: Leftovers\n|-status|p2a: Gliscor|tox|[from] item: Toxic Orb\n|upkeep\n|turn|17\n|\n|t:|1771256874\n|move|p2a: Gliscor|Toxic|p1a: Dumud\n|-status|p1a: Dumud|tox\n|move|p1a: Dumud|Flip Turn|p2a: Gliscor\n|-supereffective|p2a: Gliscor\n|-damage|p2a: Gliscor|59/100 tox\n|\n|t:|1771256880\n|switch|p1a: Bastigor|Kyurem|85/100|[from] Flip Turn\n|-ability|p1a: Bastigor|Pressure\n|\n|-heal|p2a: Gliscor|72/100 tox|[from] ability: Poison Heal\n|upkeep\n|turn|18\n|\n|t:|1771256886\n|move|p2a: Gliscor|Protect|p2a: Gliscor\n|-singleturn|p2a: Gliscor|Protect\n|move|p1a: Bastigor|Ice Beam|p2a: Gliscor\n|-activate|p2a: Gliscor|move: Protect\n|\n|-heal|p2a: Gliscor|84/100 tox|[from] ability: Poison Heal\n|upkeep\n|turn|19\n|\n|t:|1771256894\n|switch|p2a: Kingambit|Kingambit, M, shiny|97/100 par\n|-damage|p2a: Kingambit|90/100 par|[from] Stealth Rock\n|move|p1a: Bastigor|Ice Beam|p2a: Kingambit\n|-resisted|p2a: Kingambit\n|-damage|p2a: Kingambit|54/100 par\n|\n|-heal|p2a: Kingambit|60/100 par|[from] item: Leftovers\n|upkeep\n|turn|20\n|j| tabata toxapex\n|\n|t:|1771256900\n|switch|p1a: Shadowbeak|Corviknight, M|100/100\n|-ability|p1a: Shadowbeak|Pressure\n|move|p2a: Kingambit|Iron Head|p1a: Shadowbeak\n|-resisted|p1a: Shadowbeak\n|-damage|p1a: Shadowbeak|87/100\n|-damage|p2a: Kingambit|43/100 par|[from] item: Rocky Helmet|[of] p1a: Shadowbeak\n|\n|-heal|p2a: Kingambit|50/100 par|[from] item: Leftovers\n|upkeep\n|turn|21\n|\n|t:|1771256908\n|-end|p2a: Kingambit|fallenundefined|[silent]\n|switch|p2a: Corviknight|Corviknight, M|100/100 par\n|-damage|p2a: Corviknight|88/100 par|[from] Stealth Rock\n|move|p1a: Shadowbeak|Body Press|p2a: Corviknight\n|-damage|p2a: Corviknight|66/100 par\n|\n|upkeep\n|turn|22\n|\n|t:|1771256911\n|move|p1a: Shadowbeak|U-turn|p2a: Corviknight\n|-resisted|p2a: Corviknight\n|-damage|p2a: Corviknight|64/100 par\n|\n|t:|1771256913\n|switch|p1a: Bastigor|Kyurem|85/100|[from] U-turn\n|-ability|p1a: Bastigor|Pressure\n|cant|p2a: Corviknight|par\n|\n|upkeep\n|turn|23\n|\n|t:|1771256918\n|move|p1a: Bastigor|Ice Beam|p2a: Corviknight\n|-damage|p2a: Corviknight|13/100 par\n|move|p2a: Corviknight|Defog|p1a: Bastigor\n|-unboost|p1a: Bastigor|evasion|1\n|-sideend|p2: mankindes|Stealth Rock|[from] move: Defog|[of] p2a: Corviknight\n|\n|upkeep\n|turn|24\n|\n|t:|1771256923\n|switch|p2a: Kingambit|Kingambit, M, shiny|50/100 par\n|move|p1a: Bastigor|Ice Beam|p2a: Kingambit\n|-resisted|p2a: Kingambit\n|-damage|p2a: Kingambit|14/100 par\n|\n|-heal|p2a: Kingambit|20/100 par|[from] item: Leftovers\n|upkeep\n|turn|25\n|\n|t:|1771256928\n|cant|p2a: Kingambit|par\n|move|p1a: Bastigor|Ice Beam|p2a: Kingambit\n|-resisted|p2a: Kingambit\n|-damage|p2a: Kingambit|0 fnt\n|faint|p2a: Kingambit\n|-end|p2a: Kingambit|fallenundefined|[silent]\n|\n|upkeep\n|\n|t:|1771256931\n|switch|p2a: Iron Valiant|Iron Valiant|81/100\n|turn|26\n|\n|t:|1771256936\n|switch|p1a: Dumud|Swampert, M|85/100 tox\n|move|p2a: Iron Valiant|Close Combat|p1a: Dumud\n|-damage|p1a: Dumud|12/100 tox\n|-unboost|p2a: Iron Valiant|def|1\n|-unboost|p2a: Iron Valiant|spd|1\n|-damage|p2a: Iron Valiant|71/100|[from] item: Life Orb\n|\n|-heal|p1a: Dumud|18/100 tox|[from] item: Leftovers\n|-damage|p1a: Dumud|12/100 tox|[from] psn\n|upkeep\n|turn|27\n|\n|t:|1771256945\n|switch|p1a: Shadowbeak|Corviknight, M|87/100\n|-ability|p1a: Shadowbeak|Pressure\n|move|p2a: Iron Valiant|Knock Off|p1a: Shadowbeak\n|-damage|p1a: Shadowbeak|60/100\n|-damage|p2a: Iron Valiant|55/100|[from] item: Rocky Helmet|[of] p1a: Shadowbeak\n|-enditem|p1a: Shadowbeak|Rocky Helmet|[from] move: Knock Off|[of] p2a: Iron Valiant\n|-damage|p2a: Iron Valiant|45/100|[from] item: Life Orb\n|\n|upkeep\n|turn|28\n|\n|t:|1771256951\n|move|p2a: Iron Valiant|Thunderbolt|p1a: Shadowbeak\n|-supereffective|p1a: Shadowbeak\n|-damage|p1a: Shadowbeak|1/100\n|-status|p1a: Shadowbeak|par\n|-damage|p2a: Iron Valiant|35/100|[from] item: Life Orb\n|move|p1a: Shadowbeak|Roost|p1a: Shadowbeak\n|-heal|p1a: Shadowbeak|51/100 par\n|-singleturn|p1a: Shadowbeak|move: Roost\n|\n|upkeep\n|turn|29\n|\n|t:|1771256959\n|switch|p1a: Dumud|Swampert, M|12/100 tox\n|move|p2a: Iron Valiant|Thunderbolt|p1a: Dumud\n|-immune|p1a: Dumud\n|\n|-heal|p1a: Dumud|18/100 tox|[from] item: Leftovers\n|-damage|p1a: Dumud|12/100 tox|[from] psn\n|upkeep\n|turn|30\n|\n|t:|1771256974\n|-end|p2a: Iron Valiant|Quark Drive|[silent]\n|switch|p2a: Corviknight|Corviknight, M|13/100 par\n|switch|p1a: Sibelyx|Hatterene, F, shiny|43/100\n|\n|upkeep\n|turn|31\n|\n|t:|1771256981\n|move|p1a: Sibelyx|Psychic Noise|p2a: Corviknight\n|-resisted|p2a: Corviknight\n|-damage|p2a: Corviknight|0 fnt\n|faint|p2a: Corviknight\n|\n|upkeep\n|\n|t:|1771256989\n|switch|p2a: Iron Moth|Iron Moth|100/100\n|turn|32\n|\n|t:|1771256995\n|move|p2a: Iron Moth|Overheat|p1a: Sibelyx\n|-damage|p1a: Sibelyx|0 fnt\n|-unboost|p2a: Iron Moth|spa|2\n|faint|p1a: Sibelyx\n|\n|upkeep\n|\n|t:|1771256999\n|switch|p1a: Bastigor|Kyurem|85/100\n|-ability|p1a: Bastigor|Pressure\n|turn|33\n|\n|t:|1771257009\n|-end|p2a: Iron Moth|Quark Drive|[silent]\n|switch|p2a: Gliscor|Gliscor, F|84/100 tox\n|move|p1a: Bastigor|Draco Meteor|p2a: Gliscor\n|-damage|p2a: Gliscor|0 fnt\n|-unboost|p1a: Bastigor|spa|2\n|faint|p2a: Gliscor\n|\n|upkeep\n|\n|t:|1771257025\n|switch|p2a: Iron Valiant|Iron Valiant|35/100\n|turn|34\n|\n|t:|1771257029\n|switch|p1a: Dumud|Swampert, M|12/100 tox\n|move|p2a: Iron Valiant|Knock Off|p1a: Dumud\n|-damage|p1a: Dumud|0 fnt\n|-enditem|p1a: Dumud|Leftovers|[from] move: Knock Off|[of] p2a: Iron Valiant\n|faint|p1a: Dumud\n|-damage|p2a: Iron Valiant|26/100|[from] item: Life Orb\n|\n|upkeep\n|\n|t:|1771257034\n|switch|p1a: Verdash|Meowscarada, M, shiny|100/100\n|turn|35\n|\n|t:|1771257052\n|-end|p2a: Iron Valiant|Quark Drive|[silent]\n|switch|p2a: Raging Bolt|Raging Bolt|100/100\n|move|p1a: Verdash|Flower Trick|p2a: Raging Bolt\n|-start|p1a: Verdash|typechange|Grass|[from] ability: Protean\n|-resisted|p2a: Raging Bolt\n|-crit|p2a: Raging Bolt\n|-damage|p2a: Raging Bolt|71/100\n|\n|upkeep\n|turn|36\n|\n|t:|1771257061\n|switch|p1a: Shadowbeak|Corviknight, M|51/100 par\n|-ability|p1a: Shadowbeak|Pressure\n|move|p2a: Raging Bolt|Draco Meteor|p1a: Shadowbeak\n|-resisted|p1a: Shadowbeak\n|-damage|p1a: Shadowbeak|0 fnt\n|-unboost|p2a: Raging Bolt|spa|2\n|faint|p1a: Shadowbeak\n|\n|upkeep\n|\n|t:|1771257067\n|switch|p1a: Bastigor|Kyurem|85/100\n|-ability|p1a: Bastigor|Pressure\n|turn|37\n|\n|t:|1771257077\n|-end|p2a: Raging Bolt|Protosynthesis|[silent]\n|switch|p2a: Iron Valiant|Iron Valiant|26/100\n|move|p1a: Bastigor|Earth Power|p2a: Iron Valiant\n|-damage|p2a: Iron Valiant|0 fnt\n|faint|p2a: Iron Valiant\n|-end|p2a: Iron Valiant|Quark Drive|[silent]\n|\n|upkeep\n|\n|t:|1771257085\n|switch|p2a: Iron Moth|Iron Moth|100/100\n|turn|38\n|l| hbgzd\n|\n|t:|1771257109\n|switch|p1a: Sootseer|Pecharunt|100/100\n|-terastallize|p2a: Iron Moth|Fairy\n|move|p2a: Iron Moth|Dazzling Gleam|p1a: Sootseer\n|-resisted|p1a: Sootseer\n|-damage|p1a: Sootseer|79/100\n|\n|upkeep\n|turn|39\n|\n|t:|1771257115\n|-end|p2a: Iron Moth|Quark Drive|[silent]\n|switch|p2a: Raging Bolt|Raging Bolt|71/100\n|move|p1a: Sootseer|Malignant Chain|p2a: Raging Bolt\n|-damage|p2a: Raging Bolt|44/100\n|\n|upkeep\n|turn|40\n|\n|t:|1771257128\n|move|p1a: Sootseer|Parting Shot|p2a: Raging Bolt\n|-unboost|p2a: Raging Bolt|atk|1\n|-unboost|p2a: Raging Bolt|spa|1\n|\n|t:|1771257131\n|switch|p1a: Verdash|Meowscarada, M, shiny|100/100|[from] Parting Shot\n|move|p2a: Raging Bolt|Draco Meteor|p1a: Verdash|[miss]\n|-miss|p2a: Raging Bolt|p1a: Verdash\n|\n|upkeep\n|turn|41\n|\n|t:|1771257137\n|move|p1a: Verdash|Knock Off|p2a: Raging Bolt\n|-start|p1a: Verdash|typechange|Dark|[from] ability: Protean\n|-damage|p2a: Raging Bolt|0 fnt\n|-enditem|p2a: Raging Bolt|Choice Specs|[from] move: Knock Off|[of] p1a: Verdash\n|faint|p2a: Raging Bolt\n|-end|p2a: Raging Bolt|Protosynthesis|[silent]\n|\n|upkeep\n|-message|mankindes forfeited.\n|\n|win|mythiixx\n|raw|mythiixx's rating: 1715 &rarr; <strong>1731</strong><br />(+16 for winning)\n|raw|mankindes's rating: 1649 &rarr; <strong>1633</strong><br />(-16 for losing)\n|l|☆mankindes\n|player|p2|\n|l|☆mythiixx\n|player|p1|\n", "uploadtime": 1771257384, "views": 5, "formatid": "gen9ou", "rating": 1633, "private": 0, "password": null}