{"id": "gen9ou-2540804973", "format": "[Gen 9] OU", "players": ["SrandomG", "elpets"], "log": "|badge|p1|bronze|gen9uu|100-8\n|uhtml|medal-msg|<div class=\"broadcast-blue\">Curious what those medals under the avatar are? PS now has Ladder Seasons! For more information, check out the <a href=\"https://www.smogon.com/forums/threads/3740067/\">thread on Smogon.</a></div>\n|badge|p2|bronze|gen9ou|100-8\n|uhtml|medal-msg|<div class=\"broadcast-blue\">Curious what those medals under the avatar are? PS now has Ladder Seasons! For more information, check out the <a href=\"https://www.smogon.com/forums/threads/3740067/\">thread on Smogon.</a></div>\n|j|☆SrandomG\n|j|☆elpets\n|t:|1771255846\n|gametype|singles\n|player|p1|SrandomG|1|1768\n|player|p2|elpets|infielder|1829\n|gen|9\n|tier|[Gen 9] OU\n|rated|\n|rule|HP Percentage Mod: HP is shown in percentages\n|rule|Endless Battle Clause: Forcing endless battles is banned\n|rule|Species Clause: Limit one of each Pokémon\n|rule|OHKO Clause: OHKO moves are banned\n|rule|Evasion Items Clause: Evasion items are banned\n|rule|Evasion Moves Clause: Evasion moves are banned\n|rule|Evasion Abilities Clause: Evasion abilities are banned\n|rule|Sleep Moves Clause: Sleep-inducing moves are banned\n|clearpoke\n|poke|p1|Iron Hands|\n|poke|p1|Glimmora, M|\n|poke|p1|Landorus-Therian, M|\n|poke|p1|Dragapult, M|\n|poke|p1|Primarina, F|\n|poke|p1|Kingambit, F|\n|poke|p2|Hatterene, F|\n|poke|p2|Dragonite, F|\n|poke|p2|Breloom, M|\n|poke|p2|Azumarill, F|\n|poke|p2|Great Tusk|\n|poke|p2|Skeledirge, M|\n|teampreview\n|inactive|Battle timer is ON: inactive players will automatically lose when time's up. (requested by elpets)\n|\n|t:|1771255860\n|teamsize|p1|6\n|teamsize|p2|6\n|start\n|switch|p1a: Primarina|Primarina, F|100/100\n|switch|p2a: Hatterene|Hatterene, F|100/100\n|turn|1\n|\n|t:|1771255865\n|move|p1a: Primarina|Moonblast|p2a: Hatterene\n|-damage|p2a: Hatterene|51/100\n|move|p2a: Hatterene|Trick Room|p2a: Hatterene\n|-fieldstart|move: Trick Room|[of] p2a: Hatterene\n|\n|-heal|p2a: Hatterene|57/100|[from] item: Leftovers\n|upkeep\n|turn|2\n|\n|t:|1771255873\n|move|p2a: Hatterene|Psyshock|p1a: Primarina\n|-damage|p1a: Primarina|55/100\n|move|p1a: Primarina|Moonblast|p2a: Hatterene\n|-damage|p2a: Hatterene|5/100\n|-unboost|p2a: Hatterene|spa|1\n|\n|-heal|p2a: Hatterene|11/100|[from] item: Leftovers\n|upkeep\n|turn|3\n|\n|t:|1771255879\n|switch|p1a: Kingambit|Kingambit, F|100/100\n|move|p2a: Hatterene|Psyshock|p1a: Kingambit\n|-immune|p1a: Kingambit\n|\n|-heal|p2a: Hatterene|17/100|[from] item: Leftovers\n|upkeep\n|turn|4\n|\n|t:|1771255886\n|move|p2a: Hatterene|Mystical Fire|p1a: Kingambit\n|-supereffective|p1a: Kingambit\n|-damage|p1a: Kingambit|62/100\n|-unboost|p1a: Kingambit|spa|1\n|move|p1a: Kingambit|Swords Dance|p1a: Kingambit\n|-boost|p1a: Kingambit|atk|2\n|\n|-heal|p2a: Hatterene|23/100|[from] item: Leftovers\n|-heal|p1a: Kingambit|68/100|[from] item: Leftovers\n|upkeep\n|turn|5\n|j| hbgzd\n|\n|t:|1771255891\n|move|p1a: Kingambit|Sucker Punch|p2a: Hatterene\n|-damage|p2a: Hatterene|0 fnt\n|faint|p2a: Hatterene\n|\n|-heal|p1a: Kingambit|75/100|[from] item: Leftovers\n|-fieldend|move: Trick Room\n|upkeep\n|\n|t:|1771255893\n|switch|p2a: Great Tusk|Great Tusk|100/100\n|-enditem|p2a: Great Tusk|Booster Energy\n|-activate|p2a: Great Tusk|ability: Protosynthesis|[fromitem]\n|-start|p2a: Great Tusk|protosynthesisatk\n|turn|6\n|\n|t:|1771255897\n|-end|p1a: Kingambit|fallenundefined|[silent]\n|switch|p1a: Landorus|Landorus-Therian, M|100/100\n|-ability|p1a: Landorus|Intimidate|boost\n|-unboost|p2a: Great Tusk|atk|1\n|move|p2a: Great Tusk|Rapid Spin|p1a: Landorus\n|-damage|p1a: Landorus|86/100\n|-boost|p2a: Great Tusk|spe|1\n|-damage|p2a: Great Tusk|84/100|[from] item: Rocky Helmet|[of] p1a: Landorus\n|\n|upkeep\n|turn|7\n|\n|t:|1771255900\n|move|p2a: Great Tusk|Ice Spinner|p1a: Landorus\n|-supereffective|p1a: Landorus\n|-damage|p1a: Landorus|0 fnt\n|-damage|p2a: Great Tusk|68/100|[from] item: Rocky Helmet|[of] p1a: Landorus\n|faint|p1a: Landorus\n|\n|upkeep\n|inactive|SrandomG has 120 seconds left.\n|\n|t:|1771255933\n|switch|p1a: Dragapult|Dragapult, M|100/100\n|turn|8\n|\n|t:|1771255938\n|-end|p2a: Great Tusk|Protosynthesis|[silent]\n|switch|p2a: Azumarill|Azumarill, F|100/100\n|move|p1a: Dragapult|Dragon Darts|p2a: Azumarill\n|-immune|p2a: Azumarill\n|\n|upkeep\n|turn|9\n|\n|t:|1771255942\n|switch|p1a: Primarina|Primarina, F|55/100\n|move|p2a: Azumarill|Knock Off|p1a: Primarina\n|-resisted|p1a: Primarina\n|-damage|p1a: Primarina|33/100\n|-enditem|p1a: Primarina|Assault Vest|[from] move: Knock Off|[of] p2a: Azumarill\n|\n|upkeep\n|turn|10\n|\n|t:|1771255944\n|move|p1a: Primarina|Moonblast|p2a: Azumarill\n|-damage|p2a: Azumarill|71/100\n|move|p2a: Azumarill|Play Rough|p1a: Primarina\n|-damage|p1a: Primarina|0 fnt\n|faint|p1a: Primarina\n|\n|upkeep\n|j| dtybb\n|\n|t:|1771255960\n|switch|p1a: Kingambit|Kingambit, F|75/100\n|-activate|p1a: Kingambit|ability: Supreme Overlord\n|-start|p1a: Kingambit|fallen2|[silent]\n|turn|11\n|j| jerseyiteMa\n|\n|t:|1771255967\n|switch|p2a: Great Tusk|Great Tusk|68/100\n|move|p1a: Kingambit|Iron Head|p2a: Great Tusk\n|-damage|p2a: Great Tusk|24/100\n|\n|-heal|p1a: Kingambit|81/100|[from] item: Leftovers\n|upkeep\n|turn|12\n|j| wuxinshushu1\n|\n|t:|1771255971\n|-end|p1a: Kingambit|fallen2|[silent]\n|switch|p1a: Dragapult|Dragapult, M|100/100\n|move|p2a: Great Tusk|Headlong Rush|p1a: Dragapult\n|-damage|p1a: Dragapult|18/100\n|-unboost|p2a: Great Tusk|def|1\n|-unboost|p2a: Great Tusk|spd|1\n|\n|upkeep\n|turn|13\n|inactive|elpets has 120 seconds left.\n|j| tabata toxapex\n|l| dtybb\n|inactive|elpets has 90 seconds left.\n|j| isaac_pruebas\n|l| isaac_pruebas\n|\n|t:|1771256056\n|-terastallize|p1a: Dragapult|Ghost\n|move|p1a: Dragapult|Tera Blast|p2a: Great Tusk|[anim] Tera Blast Ghost\n|-damage|p2a: Great Tusk|0 fnt\n|faint|p2a: Great Tusk\n|-end|p2a: Great Tusk|Protosynthesis|[silent]\n|\n|upkeep\n|j| dtybb\n|\n|t:|1771256060\n|switch|p2a: Dragonite|Dragonite, F|100/100\n|turn|14\n|\n|t:|1771256066\n|switch|p1a: Glimmora|Glimmora, M|100/100\n|move|p2a: Dragonite|Dragon Dance|p2a: Dragonite\n|-boost|p2a: Dragonite|atk|1\n|-boost|p2a: Dragonite|spe|1\n|\n|upkeep\n|turn|15\n|inactive|elpets has 90 seconds left.\n|\n|t:|1771256074\n|move|p1a: Glimmora|Power Gem|p2a: Dragonite\n|-supereffective|p2a: Dragonite\n|-damage|p2a: Dragonite|59/100\n|move|p2a: Dragonite|Outrage|p1a: Glimmora\n|-damage|p1a: Glimmora|0 fnt\n|-activate|p1a: Glimmora|ability: Toxic Debris\n|-sidestart|p2: elpets|move: Toxic Spikes\n|faint|p1a: Glimmora\n|\n|upkeep\n|\n|t:|1771256082\n|switch|p1a: Dragapult|Dragapult, M, tera:Ghost|18/100\n|turn|16\n|\n|t:|1771256096\n|move|p2a: Dragonite|Outrage|p1a: Dragapult|[from] lockedmove\n|-damage|p1a: Dragapult|0 fnt\n|faint|p1a: Dragapult\n|-start|p2a: Dragonite|confusion|[fatigue]\n|-enditem|p2a: Dragonite|Lum Berry|[eat]\n|-end|p2a: Dragonite|confusion\n|\n|upkeep\n|j| Ctannn\n|\n|t:|1771256106\n|switch|p1a: Kingambit|Kingambit, F|81/100\n|-activate|p1a: Kingambit|ability: Supreme Overlord\n|-start|p1a: Kingambit|fallen4|[silent]\n|turn|17\n|\n|t:|1771256118\n|move|p2a: Dragonite|Fire Punch|p1a: Kingambit\n|-supereffective|p1a: Kingambit\n|-damage|p1a: Kingambit|19/100\n|move|p1a: Kingambit|Kowtow Cleave|p2a: Dragonite\n|-damage|p2a: Dragonite|0 fnt\n|faint|p2a: Dragonite\n|\n|-heal|p1a: Kingambit|25/100|[from] item: Leftovers\n|upkeep\n|\n|t:|1771256123\n|switch|p2a: Skeledirge|Skeledirge, M|100/100\n|-status|p2a: Skeledirge|psn\n|turn|18\n|\n|t:|1771256127\n|move|p1a: Kingambit|Sucker Punch|p2a: Skeledirge\n|-supereffective|p2a: Skeledirge\n|-damage|p2a: Skeledirge|36/100 psn\n|move|p2a: Skeledirge|Torch Song|p1a: Kingambit\n|-supereffective|p1a: Kingambit\n|-damage|p1a: Kingambit|0 fnt\n|-boost|p2a: Skeledirge|spa|1\n|faint|p1a: Kingambit\n|-end|p1a: Kingambit|fallen4|[silent]\n|\n|-damage|p2a: Skeledirge|24/100 psn|[from] psn\n|upkeep\n|\n|t:|1771256130\n|switch|p1a: Iron Hands|Iron Hands|100/100\n|-enditem|p1a: Iron Hands|Booster Energy\n|-activate|p1a: Iron Hands|ability: Quark Drive|[fromitem]\n|-start|p1a: Iron Hands|quarkdriveatk\n|turn|19\n|\n|t:|1771256132\n|move|p2a: Skeledirge|Torch Song|p1a: Iron Hands\n|-damage|p1a: Iron Hands|60/100\n|-boost|p2a: Skeledirge|spa|1\n|move|p1a: Iron Hands|Earthquake|p2a: Skeledirge\n|-supereffective|p2a: Skeledirge\n|-damage|p2a: Skeledirge|0 fnt\n|faint|p2a: Skeledirge\n|\n|upkeep\n|\n|t:|1771256135\n|switch|p2a: Azumarill|Azumarill, F|71/100\n|-status|p2a: Azumarill|psn\n|turn|20\n|\n|t:|1771256138\n|-terastallize|p2a: Azumarill|Ground\n|move|p1a: Iron Hands|Supercell Slam|p2a: Azumarill\n|-immune|p2a: Azumarill\n|-damage|p1a: Iron Hands|10/100|[from] supercellslam\n|move|p2a: Azumarill|Play Rough|p1a: Iron Hands\n|-supereffective|p1a: Iron Hands\n|-damage|p1a: Iron Hands|0 fnt\n|faint|p1a: Iron Hands\n|-end|p1a: Iron Hands|Quark Drive|[silent]\n|\n|win|elpets\n|raw|SrandomG's rating: 1768 &rarr; <strong>1751</strong><br />(-17 for losing)\n|raw|elpets's rating: 1829 &rarr; <strong>1846</strong><br />(+17 for winning)\n|l|☆SrandomG\n|player|p1|\n|l| hbgzd\n|l|☆elpets\n|player|p2|\n|j| hbgzd\n|l| wuxinshushu1\n|l| dtybb\n", "uploadtime": 1771256284, "views": 5, "formatid": "gen9ou", "rating": 1751, "private": 0, "password": null}