{"id": "gen9ou-2540856610", "format": "[Gen 9] OU", "players": ["Mrmoistmaker", "SAURHEAD and PAIN"], "log": "|j|☆Mrmoistmaker\n|j|☆SAURHEAD and PAIN\n|t:|1771261076\n|gametype|singles\n|player|p1|Mrmoistmaker|aromalady|1557\n|player|p2|SAURHEAD and PAIN|byron|1565\n|gen|9\n|tier|[Gen 9] OU\n|rated|\n|rule|HP Percentage Mod: HP is shown in percentages\n|rule|Endless Battle Clause: Forcing endless battles is banned\n|rule|Species Clause: Limit one of each Pokémon\n|rule|OHKO Clause: OHKO moves are banned\n|rule|Evasion Items Clause: Evasion items are banned\n|rule|Evasion Moves Clause: Evasion moves are banned\n|rule|Evasion Abilities Clause: Evasion abilities are banned\n|rule|Sleep Moves Clause: Sleep-inducing moves are banned\n|clearpoke\n|poke|p1|Dragapult, F|\n|poke|p1|Slowking-Galar, F|\n|poke|p1|Hawlucha, F|\n|poke|p1|Kyurem|\n|poke|p1|Ting-Lu|\n|poke|p1|Dondozo, M|\n|poke|p2|Rillaboom, F|\n|poke|p2|Magnezone|\n|poke|p2|Hawlucha, M|\n|poke|p2|Pecharunt|\n|poke|p2|Ting-Lu|\n|poke|p2|Walking Wake|\n|teampreview\n|inactive|Battle timer is ON: inactive players will automatically lose when time's up. (requested by SAURHEAD and PAIN)\n|\n|t:|1771261085\n|teamsize|p1|6\n|teamsize|p2|6\n|start\n|switch|p1a: Hawlucha|Hawlucha, F|100/100\n|switch|p2a: Walking Wake|Walking Wake|100/100\n|-ability|p1a: Hawlucha|Mold Breaker\n|turn|1\n|\n|t:|1771261094\n|switch|p1a: Ting-Lu|Ting-Lu|100/100\n|-ability|p1a: Ting-Lu|Vessel of Ruin\n|move|p2a: Walking Wake|Scald|p1a: Ting-Lu\n|-supereffective|p1a: Ting-Lu\n|-damage|p1a: Ting-Lu|69/100\n|\n|-heal|p1a: Ting-Lu|75/100|[from] item: Leftovers\n|upkeep\n|turn|2\n|\n|t:|1771261108\n|move|p2a: Walking Wake|Scald|p1a: Ting-Lu\n|-supereffective|p1a: Ting-Lu\n|-damage|p1a: Ting-Lu|41/100\n|move|p1a: Ting-Lu|Payback|p2a: Walking Wake\n|-damage|p2a: Walking Wake|60/100\n|\n|-heal|p1a: Ting-Lu|48/100|[from] item: Leftovers\n|upkeep\n|turn|3\n|\n|t:|1771261111\n|move|p2a: Walking Wake|Scald|p1a: Ting-Lu\n|-supereffective|p1a: Ting-Lu\n|-damage|p1a: Ting-Lu|16/100\n|move|p1a: Ting-Lu|Rest|p1a: Ting-Lu\n|-status|p1a: Ting-Lu|slp|[from] move: Rest\n|-heal|p1a: Ting-Lu|100/100 slp|[silent]\n|\n|upkeep\n|turn|4\n|\n|t:|1771261115\n|move|p2a: Walking Wake|Flip Turn|p1a: Ting-Lu\n|-supereffective|p1a: Ting-Lu\n|-damage|p1a: Ting-Lu|82/100 slp\n|\n|t:|1771261117\n|-end|p2a: Walking Wake|Protosynthesis|[silent]\n|switch|p2a: Rillaboom|Rillaboom, F|100/100|[from] Flip Turn\n|-fieldstart|move: Grassy Terrain|[from] ability: Grassy Surge|[of] p2a: Rillaboom\n|cant|p1a: Ting-Lu|slp\n|move|p1a: Ting-Lu|Sleep Talk|p1a: Ting-Lu\n|move|p1a: Ting-Lu|Rest||[from] move: Sleep Talk|[still]\n|-fail|p1a: Ting-Lu\n|\n|-heal|p1a: Ting-Lu|88/100 slp|[from] Grassy Terrain\n|-heal|p1a: Ting-Lu|94/100 slp|[from] item: Leftovers\n|upkeep\n|turn|5\n|\n|t:|1771261126\n|switch|p1a: Hawlucha|Hawlucha, F|100/100\n|-ability|p1a: Hawlucha|Mold Breaker\n|-terastallize|p2a: Rillaboom|Grass\n|move|p2a: Rillaboom|Wood Hammer|p1a: Hawlucha\n|-resisted|p1a: Hawlucha\n|-crit|p1a: Hawlucha\n|-damage|p1a: Hawlucha|0 fnt\n|-damage|p2a: Rillaboom|84/100|[from] item: Rocky Helmet|[of] p1a: Hawlucha\n|faint|p1a: Hawlucha\n|-damage|p2a: Rillaboom|49/100|[from] Recoil\n|\n|-heal|p2a: Rillaboom|55/100|[from] Grassy Terrain\n|upkeep\n|\n|t:|1771261141\n|switch|p1a: Kyurem|Kyurem|100/100\n|-ability|p1a: Kyurem|Pressure\n|turn|6\n|\n|t:|1771261151\n|switch|p2a: Magnezone|Magnezone|100/100\n|move|p1a: Kyurem|Draco Meteor|p2a: Magnezone\n|-resisted|p2a: Magnezone\n|-damage|p2a: Magnezone|31/100\n|-unboost|p1a: Kyurem|spa|2\n|\n|-heal|p2a: Magnezone|37/100|[from] Grassy Terrain\n|upkeep\n|turn|7\n|\n|t:|1771261172\n|move|p1a: Kyurem|Draco Meteor|p2a: Magnezone\n|-resisted|p2a: Magnezone\n|-damage|p2a: Magnezone|3/100\n|-unboost|p1a: Kyurem|spa|2\n|move|p2a: Magnezone|Flash Cannon|p1a: Kyurem\n|-supereffective|p1a: Kyurem\n|-damage|p1a: Kyurem|13/100\n|\n|-heal|p1a: Kyurem|19/100|[from] Grassy Terrain\n|-heal|p2a: Magnezone|9/100|[from] Grassy Terrain\n|upkeep\n|turn|8\n|\n|t:|1771261177\n|move|p1a: Kyurem|Draco Meteor|p2a: Magnezone\n|-resisted|p2a: Magnezone\n|-damage|p2a: Magnezone|0 fnt\n|-unboost|p1a: Kyurem|spa|2\n|faint|p2a: Magnezone\n|\n|-heal|p1a: Kyurem|25/100|[from] Grassy Terrain\n|-fieldend|move: Grassy Terrain\n|upkeep\n|\n|t:|1771261198\n|switch|p2a: Rillaboom|Rillaboom, F, tera:Grass|55/100\n|-fieldstart|move: Grassy Terrain|[from] ability: Grassy Surge|[of] p2a: Rillaboom\n|turn|9\n|\n|t:|1771261203\n|switch|p1a: Slowking|Slowking-Galar, F|100/100\n|move|p2a: Rillaboom|Knock Off|p1a: Slowking\n|-supereffective|p1a: Slowking\n|-damage|p1a: Slowking|0 fnt\n|-enditem|p1a: Slowking|Black Sludge|[from] move: Knock Off|[of] p2a: Rillaboom\n|faint|p1a: Slowking\n|\n|-heal|p2a: Rillaboom|61/100|[from] Grassy Terrain\n|upkeep\n|\n|t:|1771261207\n|switch|p1a: Ting-Lu|Ting-Lu|94/100 slp\n|-ability|p1a: Ting-Lu|Vessel of Ruin\n|turn|10\n|\n|t:|1771261228\n|switch|p2a: Hawlucha|Hawlucha, M|100/100\n|-enditem|p2a: Hawlucha|Grassy Seed\n|-boost|p2a: Hawlucha|def|1|[from] item: Grassy Seed\n|-terastallize|p1a: Ting-Lu|Poison\n|cant|p1a: Ting-Lu|slp\n|move|p1a: Ting-Lu|Sleep Talk|p1a: Ting-Lu\n|move|p1a: Ting-Lu|Rest||[from] move: Sleep Talk|[still]\n|-fail|p1a: Ting-Lu\n|\n|-heal|p1a: Ting-Lu|100/100 slp|[from] Grassy Terrain\n|upkeep\n|turn|11\n|\n|t:|1771261230\n|switch|p1a: Dondozo|Dondozo, M|100/100\n|move|p2a: Hawlucha|Swords Dance|p2a: Hawlucha\n|-boost|p2a: Hawlucha|atk|2\n|\n|upkeep\n|turn|12\n|\n|t:|1771261237\n|move|p2a: Hawlucha|Acrobatics|p1a: Dondozo\n|-damage|p1a: Dondozo|71/100\n|move|p1a: Dondozo|Liquidation|p2a: Hawlucha\n|-damage|p2a: Hawlucha|55/100\n|\n|-heal|p1a: Dondozo|77/100|[from] Grassy Terrain\n|-heal|p1a: Dondozo|83/100|[from] item: Leftovers\n|upkeep\n|turn|13\n|\n|t:|1771261240\n|move|p2a: Hawlucha|Acrobatics|p1a: Dondozo\n|-damage|p1a: Dondozo|55/100\n|move|p1a: Dondozo|Liquidation|p2a: Hawlucha\n|-damage|p2a: Hawlucha|15/100\n|\n|-heal|p1a: Dondozo|61/100|[from] Grassy Terrain\n|-heal|p1a: Dondozo|67/100|[from] item: Leftovers\n|-fieldend|move: Grassy Terrain\n|upkeep\n|turn|14\n|\n|t:|1771261243\n|move|p2a: Hawlucha|Acrobatics|p1a: Dondozo\n|-crit|p1a: Dondozo\n|-damage|p1a: Dondozo|25/100\n|move|p1a: Dondozo|Liquidation|p2a: Hawlucha\n|-damage|p2a: Hawlucha|0 fnt\n|faint|p2a: Hawlucha\n|\n|-heal|p1a: Dondozo|31/100|[from] item: Leftovers\n|upkeep\n|\n|t:|1771261272\n|switch|p2a: Rillaboom|Rillaboom, F, tera:Grass|61/100\n|-fieldstart|move: Grassy Terrain|[from] ability: Grassy Surge|[of] p2a: Rillaboom\n|turn|15\n|\n|t:|1771261273\n|switch|p1a: Ting-Lu|Ting-Lu, tera:Poison|100/100 slp\n|-ability|p1a: Ting-Lu|Vessel of Ruin\n|move|p2a: Rillaboom|Wood Hammer|p1a: Ting-Lu\n|-resisted|p1a: Ting-Lu\n|-crit|p1a: Ting-Lu\n|-damage|p1a: Ting-Lu|27/100 slp\n|-damage|p2a: Rillaboom|25/100|[from] Recoil\n|\n|-heal|p2a: Rillaboom|31/100|[from] Grassy Terrain\n|-heal|p1a: Ting-Lu|33/100 slp|[from] Grassy Terrain\n|-heal|p1a: Ting-Lu|39/100 slp|[from] item: Leftovers\n|upkeep\n|turn|16\n|c|☆Mrmoistmaker|What the fuck is this\n|c|☆SAURHEAD and PAIN|the gigabeast\n|\n|t:|1771261303\n|switch|p1a: Dragapult|Dragapult, F|100/100\n|move|p2a: Rillaboom|Wood Hammer|p1a: Dragapult\n|-resisted|p1a: Dragapult\n|-damage|p1a: Dragapult|0 fnt\n|faint|p1a: Dragapult\n|-damage|p2a: Rillaboom|0 fnt|[from] Recoil\n|faint|p2a: Rillaboom\n|\n|upkeep\n|inactive|Mrmoistmaker has 120 seconds left.\n|\n|t:|1771261313\n|switch|p1a: Ting-Lu|Ting-Lu, tera:Poison|39/100 slp\n|switch|p2a: Walking Wake|Walking Wake|60/100\n|-ability|p1a: Ting-Lu|Vessel of Ruin\n|turn|17\n|\n|t:|1771261321\n|move|p2a: Walking Wake|Draco Meteor|p1a: Ting-Lu\n|-damage|p1a: Ting-Lu|11/100 slp\n|-unboost|p2a: Walking Wake|spa|2\n|-curestatus|p1a: Ting-Lu|slp|[msg]\n|move|p1a: Ting-Lu|Rest|p1a: Ting-Lu\n|-status|p1a: Ting-Lu|slp|[from] move: Rest\n|-heal|p1a: Ting-Lu|100/100 slp|[silent]\n|\n|-heal|p2a: Walking Wake|67/100|[from] Grassy Terrain\n|upkeep\n|turn|18\n|\n|t:|1771261325\n|move|p2a: Walking Wake|Flip Turn|p1a: Ting-Lu\n|-damage|p1a: Ting-Lu|92/100 slp\n|\n|t:|1771261327\n|-end|p2a: Walking Wake|Protosynthesis|[silent]\n|switch|p2a: Ting-Lu|Ting-Lu|100/100|[from] Flip Turn\n|-ability|p2a: Ting-Lu|Vessel of Ruin\n|cant|p1a: Ting-Lu|slp\n|move|p1a: Ting-Lu|Sleep Talk|p1a: Ting-Lu\n|move|p1a: Ting-Lu|Earthquake|p2a: Ting-Lu|[from] move: Sleep Talk\n|-damage|p2a: Ting-Lu|89/100\n|\n|-heal|p1a: Ting-Lu|99/100 slp|[from] Grassy Terrain\n|-heal|p2a: Ting-Lu|95/100|[from] Grassy Terrain\n|-heal|p1a: Ting-Lu|100/100 slp|[from] item: Leftovers\n|-heal|p2a: Ting-Lu|100/100|[from] item: Leftovers\n|upkeep\n|turn|19\n|\n|t:|1771261340\n|switch|p1a: Kyurem|Kyurem|25/100\n|-ability|p1a: Kyurem|Pressure\n|move|p2a: Ting-Lu|Stealth Rock|p1a: Kyurem\n|-sidestart|p1: Mrmoistmaker|move: Stealth Rock\n|\n|-heal|p1a: Kyurem|31/100|[from] Grassy Terrain\n|-fieldend|move: Grassy Terrain\n|upkeep\n|turn|20\n|\n|t:|1771261346\n|move|p1a: Kyurem|Ice Beam|p2a: Ting-Lu\n|-supereffective|p2a: Ting-Lu\n|-damage|p2a: Ting-Lu|40/100\n|move|p2a: Ting-Lu|Spikes|p1a: Kyurem\n|-sidestart|p1: Mrmoistmaker|Spikes\n|\n|-heal|p2a: Ting-Lu|46/100|[from] item: Leftovers\n|upkeep\n|turn|21\n|\n|t:|1771261373\n|switch|p2a: Pecharunt|Pecharunt|100/100\n|move|p1a: Kyurem|Ice Beam|p2a: Pecharunt\n|-damage|p2a: Pecharunt|22/100\n|\n|upkeep\n|turn|22\n|c|☆Mrmoistmaker|I was referring to the fact you crit twice on wood hammer\n|\n|t:|1771261397\n|move|p1a: Kyurem|Ice Beam|p2a: Pecharunt\n|-damage|p2a: Pecharunt|0 fnt\n|faint|p2a: Pecharunt\n|\n|upkeep\n|c|☆SAURHEAD and PAIN|yeah exactly\n|c|☆SAURHEAD and PAIN|gigabeast\n|\n|t:|1771261406\n|switch|p2a: Walking Wake|Walking Wake|67/100\n|turn|23\n|\n|t:|1771261411\n|switch|p1a: Dondozo|Dondozo, M|31/100\n|-damage|p1a: Dondozo|18/100|[from] Stealth Rock\n|-damage|p1a: Dondozo|6/100|[from] Spikes\n|move|p2a: Walking Wake|Draco Meteor|p1a: Dondozo\n|-damage|p1a: Dondozo|0 fnt\n|-unboost|p2a: Walking Wake|spa|2\n|faint|p1a: Dondozo\n|\n|upkeep\n|\n|t:|1771261414\n|switch|p1a: Ting-Lu|Ting-Lu, tera:Poison|100/100 slp\n|-damage|p1a: Ting-Lu|88/100 slp|[from] Stealth Rock\n|-damage|p1a: Ting-Lu|76/100 slp|[from] Spikes\n|-ability|p1a: Ting-Lu|Vessel of Ruin\n|turn|24\n|\n|t:|1771261419\n|switch|p1a: Kyurem|Kyurem|31/100\n|-damage|p1a: Kyurem|7/100|[from] Stealth Rock\n|-damage|p1a: Kyurem|0 fnt|[from] Spikes\n|faint|p1a: Kyurem\n|move|p2a: Walking Wake|Flip Turn|p1: Kyurem|[notarget]\n|-fail|p2a: Walking Wake\n|\n|upkeep\n|\n|t:|1771261421\n|switch|p1a: Ting-Lu|Ting-Lu, tera:Poison|76/100 slp\n|-damage|p1a: Ting-Lu|63/100 slp|[from] Stealth Rock\n|-damage|p1a: Ting-Lu|51/100 slp|[from] Spikes\n|-ability|p1a: Ting-Lu|Vessel of Ruin\n|turn|25\n|\n|t:|1771261427\n|move|p2a: Walking Wake|Flip Turn|p1a: Ting-Lu\n|-damage|p1a: Ting-Lu|42/100 slp\n|\n|t:|1771261429\n|-end|p2a: Walking Wake|Protosynthesis|[silent]\n|switch|p2a: Ting-Lu|Ting-Lu|46/100|[from] Flip Turn\n|-ability|p2a: Ting-Lu|Vessel of Ruin\n|cant|p1a: Ting-Lu|slp\n|move|p1a: Ting-Lu|Sleep Talk|p1a: Ting-Lu\n|move|p1a: Ting-Lu|Earthquake|p2a: Ting-Lu|[from] move: Sleep Talk\n|-damage|p2a: Ting-Lu|25/100\n|\n|-heal|p1a: Ting-Lu|48/100 slp|[from] item: Leftovers\n|-heal|p2a: Ting-Lu|31/100|[from] item: Leftovers\n|upkeep\n|turn|26\n|\n|t:|1771261433\n|-curestatus|p1a: Ting-Lu|slp|[msg]\n|move|p1a: Ting-Lu|Rest|p1a: Ting-Lu\n|-status|p1a: Ting-Lu|slp|[from] move: Rest\n|-heal|p1a: Ting-Lu|100/100 slp|[silent]\n|move|p2a: Ting-Lu|Bulldoze|p1a: Ting-Lu\n|-supereffective|p1a: Ting-Lu\n|-damage|p1a: Ting-Lu|76/100 slp\n|-unboost|p1a: Ting-Lu|spe|1\n|\n|-heal|p2a: Ting-Lu|37/100|[from] item: Leftovers\n|-heal|p1a: Ting-Lu|82/100 slp|[from] item: Leftovers\n|upkeep\n|turn|27\n|\n|t:|1771261436\n|move|p2a: Ting-Lu|Bulldoze|p1a: Ting-Lu\n|-supereffective|p1a: Ting-Lu\n|-damage|p1a: Ting-Lu|58/100 slp\n|-unboost|p1a: Ting-Lu|spe|1\n|cant|p1a: Ting-Lu|slp\n|move|p1a: Ting-Lu|Sleep Talk|p1a: Ting-Lu\n|move|p1a: Ting-Lu|Earthquake|p2a: Ting-Lu|[from] move: Sleep Talk\n|-damage|p2a: Ting-Lu|17/100\n|\n|-heal|p2a: Ting-Lu|23/100|[from] item: Leftovers\n|-heal|p1a: Ting-Lu|65/100 slp|[from] item: Leftovers\n|upkeep\n|turn|28\n|\n|t:|1771261449\n|move|p2a: Ting-Lu|Bulldoze|p1a: Ting-Lu\n|-supereffective|p1a: Ting-Lu\n|-damage|p1a: Ting-Lu|41/100 slp\n|-unboost|p1a: Ting-Lu|spe|1\n|cant|p1a: Ting-Lu|slp\n|move|p1a: Ting-Lu|Sleep Talk|p1a: Ting-Lu\n|move|p1a: Ting-Lu|Rest||[from] move: Sleep Talk|[still]\n|-fail|p1a: Ting-Lu\n|\n|-heal|p2a: Ting-Lu|29/100|[from] item: Leftovers\n|-heal|p1a: Ting-Lu|48/100 slp|[from] item: Leftovers\n|upkeep\n|turn|29\n|\n|t:|1771261459\n|move|p2a: Ting-Lu|Bulldoze|p1a: Ting-Lu\n|-supereffective|p1a: Ting-Lu\n|-damage|p1a: Ting-Lu|22/100 slp\n|-unboost|p1a: Ting-Lu|spe|1\n|-curestatus|p1a: Ting-Lu|slp|[msg]\n|move|p1a: Ting-Lu|Earthquake|p2a: Ting-Lu\n|-damage|p2a: Ting-Lu|8/100\n|\n|-heal|p2a: Ting-Lu|15/100|[from] item: Leftovers\n|-heal|p1a: Ting-Lu|28/100|[from] item: Leftovers\n|upkeep\n|turn|30\n|\n|t:|1771261464\n|move|p2a: Ting-Lu|Bulldoze|p1a: Ting-Lu\n|-supereffective|p1a: Ting-Lu\n|-damage|p1a: Ting-Lu|4/100\n|-unboost|p1a: Ting-Lu|spe|1\n|move|p1a: Ting-Lu|Rest|p1a: Ting-Lu\n|-status|p1a: Ting-Lu|slp|[from] move: Rest\n|-heal|p1a: Ting-Lu|100/100 slp|[silent]\n|\n|-heal|p2a: Ting-Lu|21/100|[from] item: Leftovers\n|upkeep\n|turn|31\n|\n|t:|1771261467\n|move|p2a: Ting-Lu|Bulldoze|p1a: Ting-Lu\n|-supereffective|p1a: Ting-Lu\n|-damage|p1a: Ting-Lu|76/100 slp\n|-unboost|p1a: Ting-Lu|spe|1\n|cant|p1a: Ting-Lu|slp\n|move|p1a: Ting-Lu|Sleep Talk|p1a: Ting-Lu\n|move|p1a: Ting-Lu|Rest||[from] move: Sleep Talk|[still]\n|-fail|p1a: Ting-Lu\n|\n|-heal|p2a: Ting-Lu|27/100|[from] item: Leftovers\n|-heal|p1a: Ting-Lu|82/100 slp|[from] item: Leftovers\n|upkeep\n|turn|32\n|\n|t:|1771261470\n|move|p2a: Ting-Lu|Bulldoze|p1a: Ting-Lu\n|-supereffective|p1a: Ting-Lu\n|-damage|p1a: Ting-Lu|59/100 slp\n|cant|p1a: Ting-Lu|slp\n|move|p1a: Ting-Lu|Sleep Talk|p1a: Ting-Lu\n|move|p1a: Ting-Lu|Rest||[from] move: Sleep Talk|[still]\n|-fail|p1a: Ting-Lu\n|\n|-heal|p2a: Ting-Lu|33/100|[from] item: Leftovers\n|-heal|p1a: Ting-Lu|65/100 slp|[from] item: Leftovers\n|upkeep\n|turn|33\n|\n|t:|1771261471\n|move|p2a: Ting-Lu|Bulldoze|p1a: Ting-Lu\n|-supereffective|p1a: Ting-Lu\n|-damage|p1a: Ting-Lu|41/100 slp\n|-curestatus|p1a: Ting-Lu|slp|[msg]\n|move|p1a: Ting-Lu|Earthquake|p2a: Ting-Lu\n|-damage|p2a: Ting-Lu|12/100\n|\n|-heal|p2a: Ting-Lu|18/100|[from] item: Leftovers\n|-heal|p1a: Ting-Lu|48/100|[from] item: Leftovers\n|upkeep\n|turn|34\n|\n|t:|1771261475\n|move|p2a: Ting-Lu|Bulldoze|p1a: Ting-Lu\n|-supereffective|p1a: Ting-Lu\n|-damage|p1a: Ting-Lu|24/100\n|move|p1a: Ting-Lu|Rest|p1a: Ting-Lu\n|-status|p1a: Ting-Lu|slp|[from] move: Rest\n|-heal|p1a: Ting-Lu|100/100 slp|[silent]\n|\n|-heal|p2a: Ting-Lu|24/100|[from] item: Leftovers\n|upkeep\n|turn|35\n|\n|t:|1771261480\n|move|p2a: Ting-Lu|Ruination|p1a: Ting-Lu\n|-damage|p1a: Ting-Lu|50/100 slp\n|cant|p1a: Ting-Lu|slp\n|move|p1a: Ting-Lu|Sleep Talk|p1a: Ting-Lu\n|move|p1a: Ting-Lu|Rest||[from] move: Sleep Talk|[still]\n|-fail|p1a: Ting-Lu\n|\n|-heal|p2a: Ting-Lu|30/100|[from] item: Leftovers\n|-heal|p1a: Ting-Lu|57/100 slp|[from] item: Leftovers\n|upkeep\n|turn|36\n|\n|t:|1771261483\n|move|p2a: Ting-Lu|Bulldoze|p1a: Ting-Lu\n|-supereffective|p1a: Ting-Lu\n|-damage|p1a: Ting-Lu|33/100 slp\n|cant|p1a: Ting-Lu|slp\n|move|p1a: Ting-Lu|Sleep Talk|p1a: Ting-Lu\n|move|p1a: Ting-Lu|Earthquake|p2a: Ting-Lu|[from] move: Sleep Talk\n|-damage|p2a: Ting-Lu|10/100\n|\n|-heal|p2a: Ting-Lu|16/100|[from] item: Leftovers\n|-heal|p1a: Ting-Lu|39/100 slp|[from] item: Leftovers\n|upkeep\n|turn|37\n|\n|t:|1771261490\n|move|p2a: Ting-Lu|Spikes|p1a: Ting-Lu\n|-sidestart|p1: Mrmoistmaker|Spikes\n|-curestatus|p1a: Ting-Lu|slp|[msg]\n|move|p1a: Ting-Lu|Rest|p1a: Ting-Lu\n|-status|p1a: Ting-Lu|slp|[from] move: Rest\n|-heal|p1a: Ting-Lu|100/100 slp|[silent]\n|\n|-heal|p2a: Ting-Lu|22/100|[from] item: Leftovers\n|upkeep\n|turn|38\n|\n|t:|1771261493\n|move|p2a: Ting-Lu|Ruination|p1a: Ting-Lu\n|-damage|p1a: Ting-Lu|50/100 slp\n|cant|p1a: Ting-Lu|slp\n|move|p1a: Ting-Lu|Sleep Talk|p1a: Ting-Lu\n|move|p1a: Ting-Lu|Rest||[from] move: Sleep Talk|[still]\n|-fail|p1a: Ting-Lu\n|\n|-heal|p2a: Ting-Lu|29/100|[from] item: Leftovers\n|-heal|p1a: Ting-Lu|57/100 slp|[from] item: Leftovers\n|upkeep\n|turn|39\n|\n|t:|1771261496\n|move|p2a: Ting-Lu|Ruination|p1a: Ting-Lu|[miss]\n|-miss|p2a: Ting-Lu|p1a: Ting-Lu\n|cant|p1a: Ting-Lu|slp\n|move|p1a: Ting-Lu|Sleep Talk|p1a: Ting-Lu\n|move|p1a: Ting-Lu|Earthquake|p2a: Ting-Lu|[from] move: Sleep Talk\n|-damage|p2a: Ting-Lu|9/100\n|\n|-heal|p2a: Ting-Lu|15/100|[from] item: Leftovers\n|-heal|p1a: Ting-Lu|63/100 slp|[from] item: Leftovers\n|upkeep\n|turn|40\n|\n|t:|1771261498\n|move|p2a: Ting-Lu|Bulldoze|p1a: Ting-Lu\n|-supereffective|p1a: Ting-Lu\n|-damage|p1a: Ting-Lu|37/100 slp\n|-curestatus|p1a: Ting-Lu|slp|[msg]\n|move|p1a: Ting-Lu|Earthquake|p2a: Ting-Lu\n|-damage|p2a: Ting-Lu|0 fnt\n|faint|p2a: Ting-Lu\n|\n|-heal|p1a: Ting-Lu|43/100|[from] item: Leftovers\n|upkeep\n|\n|t:|1771261501\n|switch|p2a: Walking Wake|Walking Wake|67/100\n|turn|41\n|\n|t:|1771261503\n|move|p2a: Walking Wake|Scald|p1a: Ting-Lu\n|-damage|p1a: Ting-Lu|27/100\n|move|p1a: Ting-Lu|Rest|p1a: Ting-Lu\n|-status|p1a: Ting-Lu|slp|[from] move: Rest\n|-heal|p1a: Ting-Lu|100/100 slp|[silent]\n|\n|upkeep\n|turn|42\n|\n|t:|1771261513\n|move|p2a: Walking Wake|Scald|p1a: Ting-Lu\n|-damage|p1a: Ting-Lu|84/100 slp\n|cant|p1a: Ting-Lu|slp\n|move|p1a: Ting-Lu|Sleep Talk|p1a: Ting-Lu\n|move|p1a: Ting-Lu|Earthquake|p2a: Walking Wake|[from] move: Sleep Talk\n|-damage|p2a: Walking Wake|26/100\n|\n|-heal|p1a: Ting-Lu|90/100 slp|[from] item: Leftovers\n|upkeep\n|turn|43\n|\n|t:|1771261516\n|move|p2a: Walking Wake|Scald|p1a: Ting-Lu\n|-damage|p1a: Ting-Lu|73/100 slp\n|cant|p1a: Ting-Lu|slp\n|move|p1a: Ting-Lu|Sleep Talk|p1a: Ting-Lu\n|move|p1a: Ting-Lu|Earthquake|p2a: Walking Wake|[from] move: Sleep Talk\n|-crit|p2a: Walking Wake\n|-damage|p2a: Walking Wake|0 fnt\n|faint|p2a: Walking Wake\n|-end|p2a: Walking Wake|Protosynthesis|[silent]\n|\n|win|Mrmoistmaker\n|raw|Mrmoistmaker's rating: 1557 &rarr; <strong>1577</strong><br />(+20 for winning)\n|raw|SAURHEAD and PAIN's rating: 1565 &rarr; <strong>1545</strong><br />(-20 for losing)\n|c|☆SAURHEAD and PAIN|dude congrats\n|c|☆SAURHEAD and PAIN|totally deserved win\n|c|☆Mrmoistmaker|lol gg\n|c|☆SAURHEAD and PAIN|lots of skill required\n|l|☆SAURHEAD and PAIN\n|player|p2|\n|c|☆Mrmoistmaker|Mm\n|l|☆Mrmoistmaker\n|player|p1|\n", "uploadtime": 1771261763, "views": 6, "formatid": "gen9ou", "rating": 1545, "private": 0, "password": null}