{"id": "gen9ou-2639991802", "format": "[Gen 9] OU", "players": ["Auburn Hills", "itsjustrps"], "log": "|j|☆Auburn Hills\n|j|☆itsjustrps\n|t:|1782559713\n|gametype|singles\n|player|p1|Auburn Hills|alder|1711\n|player|p2|itsjustrps|1|1646\n|gen|9\n|tier|[Gen 9] OU\n|rated|\n|rule|HP Percentage Mod: HP is shown in percentages\n|rule|Endless Battle Clause: Forcing endless battles is banned\n|rule|Species Clause: Limit one of each Pokémon\n|rule|OHKO Clause: OHKO moves are banned\n|rule|Evasion Items Clause: Evasion items are banned\n|rule|Evasion Moves Clause: Evasion moves are banned\n|rule|Evasion Abilities Clause: Evasion abilities are banned\n|rule|Sleep Moves Clause: Sleep-inducing moves are banned\n|clearpoke\n|poke|p1|Iron Moth|\n|poke|p1|Umbreon, F|\n|poke|p1|Garchomp, M|\n|poke|p1|Glimmora, F|\n|poke|p1|Gholdengo|\n|poke|p1|Dragonite, F|\n|poke|p2|Clodsire, F|\n|poke|p2|Dondozo, F|\n|poke|p2|Garganacl, F|\n|poke|p2|Kyurem|\n|poke|p2|Corviknight, F|\n|poke|p2|Tornadus-Therian, M|\n|teampreview\n|inactive|Battle timer is ON: inactive players will automatically lose when time's up. (requested by itsjustrps)\n|\n|t:|1782559724\n|teamsize|p1|6\n|teamsize|p2|6\n|start\n|switch|p1a: Rat Tally|Garchomp, M|100/100\n|switch|p2a: Tornadus|Tornadus-Therian, M|100/100\n|turn|1\n|j| dante1310\n|\n|t:|1782559727\n|move|p2a: Tornadus|Taunt|p1a: Rat Tally\n|-start|p1a: Rat Tally|move: Taunt\n|move|p1a: Rat Tally|Scale Shot|p2a: Tornadus\n|-damage|p2a: Tornadus|85/100\n|-damage|p2a: Tornadus|70/100\n|-damage|p2a: Tornadus|55/100\n|-damage|p2a: Tornadus|40/100\n|-hitcount|p2a: Tornadus|4\n|-unboost|p1a: Rat Tally|def|1\n|-boost|p1a: Rat Tally|spe|1\n|\n|upkeep\n|turn|2\n|\n|t:|1782559733\n|switch|p2a: Dondozo|Dondozo, F|100/100\n|move|p1a: Rat Tally|Scale Shot|p2a: Dondozo\n|-damage|p2a: Dondozo|94/100\n|-damage|p2a: Dondozo|88/100\n|-damage|p2a: Dondozo|82/100\n|-damage|p2a: Dondozo|77/100\n|-damage|p2a: Dondozo|71/100\n|-hitcount|p2a: Dondozo|5\n|-unboost|p1a: Rat Tally|def|1\n|-boost|p1a: Rat Tally|spe|1\n|\n|-heal|p2a: Dondozo|77/100|[from] item: Leftovers\n|upkeep\n|turn|3\n|\n|t:|1782559736\n|switch|p1a: Smino|Gholdengo|100/100\n|move|p2a: Dondozo|Liquidation|p1a: Smino\n|-damage|p1a: Smino|71/100\n|\n|-heal|p2a: Dondozo|84/100|[from] item: Leftovers\n|upkeep\n|turn|4\n|\n|t:|1782559742\n|switch|p2a: Tornadus|Tornadus-Therian, M|73/100\n|move|p1a: Smino|Trick|p2a: Tornadus\n|-activate|p1a: Smino|move: Trick|[of] p2a: Tornadus\n|-item|p2a: Tornadus|Choice Scarf|[from] move: Trick\n|-enditem|p1a: Smino|Choice Scarf|[silent]|[from] move: Trick\n|\n|upkeep\n|turn|5\n|\n|t:|1782559749\n|move|p2a: Tornadus|Knock Off|p1a: Smino\n|-supereffective|p1a: Smino\n|-damage|p1a: Smino|38/100\n|move|p1a: Smino|Shadow Ball|p2a: Tornadus\n|-damage|p2a: Tornadus|28/100\n|\n|upkeep\n|turn|6\n|\n|t:|1782559754\n|switch|p2a: Clodsire|Clodsire, F|100/100\n|move|p1a: Smino|Shadow Ball|p2a: Clodsire\n|-damage|p2a: Clodsire|79/100\n|\n|upkeep\n|turn|7\n|\n|t:|1782559760\n|switch|p2a: Tornadus|Tornadus-Therian, M|62/100\n|move|p1a: Smino|Psyshock|p2a: Tornadus\n|-damage|p2a: Tornadus|31/100\n|\n|upkeep\n|turn|8\n|\n|t:|1782559766\n|switch|p1a: Alvvays|Umbreon, F|100/100\n|move|p2a: Tornadus|U-turn|p1a: Alvvays\n|-supereffective|p1a: Alvvays\n|-damage|p1a: Alvvays|75/100\n|\n|t:|1782559776\n|switch|p2a: Garganacl|Garganacl, F|100/100|[from] U-turn\n|\n|-heal|p1a: Alvvays|81/100|[from] item: Leftovers\n|upkeep\n|turn|9\n|\n|t:|1782559781\n|move|p1a: Alvvays|Wish|p1a: Alvvays\n|move|p2a: Garganacl|Iron Defense|p2a: Garganacl\n|-boost|p2a: Garganacl|def|2\n|\n|-heal|p1a: Alvvays|87/100|[from] item: Leftovers\n|upkeep\n|turn|10\n|\n|t:|1782559786\n|switch|p1a: Smino|Gholdengo|38/100\n|move|p2a: Garganacl|Salt Cure|p1a: Smino\n|-resisted|p1a: Smino\n|-damage|p1a: Smino|30/100\n|-start|p1a: Smino|Salt Cure\n|\n|-heal|p1a: Smino|92/100|[from] move: Wish|[wisher] Alvvays\n|-damage|p1a: Smino|67/100|[from] Salt Cure\n|upkeep\n|turn|11\n|\n|t:|1782559793\n|switch|p2a: Tornadus|Tornadus-Therian, M|64/100\n|move|p1a: Smino|Make It Rain|p2a: Tornadus\n|-damage|p2a: Tornadus|3/100\n|-unboost|p1a: Smino|spa|1\n|\n|-damage|p1a: Smino|43/100|[from] Salt Cure\n|upkeep\n|turn|12\n|\n|t:|1782559803\n|switch|p2a: Dondozo|Dondozo, F|84/100\n|switch|p1a: Rat Tally|Garchomp, M|100/100\n|\n|-heal|p2a: Dondozo|90/100|[from] item: Leftovers\n|upkeep\n|turn|13\n|l| dante1310\n|\n|t:|1782559807\n|switch|p1a: Smino|Gholdengo|43/100\n|move|p2a: Dondozo|Liquidation|p1a: Smino\n|-damage|p1a: Smino|13/100\n|\n|-heal|p2a: Dondozo|96/100|[from] item: Leftovers\n|upkeep\n|turn|14\n|\n|t:|1782559813\n|move|p1a: Smino|Shadow Ball|p2a: Dondozo\n|-damage|p2a: Dondozo|56/100\n|-unboost|p2a: Dondozo|spd|1\n|move|p2a: Dondozo|Liquidation|p1a: Smino\n|-damage|p1a: Smino|0 fnt\n|faint|p1a: Smino\n|\n|-heal|p2a: Dondozo|63/100|[from] item: Leftovers\n|upkeep\n|\n|t:|1782559818\n|switch|p1a: Glimmora|Glimmora, F|100/100\n|turn|15\n|\n|t:|1782559825\n|switch|p2a: Clodsire|Clodsire, F|79/100\n|move|p1a: Glimmora|Stealth Rock|p2a: Clodsire\n|-sidestart|p2: itsjustrps|move: Stealth Rock\n|\n|upkeep\n|turn|16\n|\n|t:|1782559831\n|move|p1a: Glimmora|Earth Power|p2a: Clodsire\n|-supereffective|p2a: Clodsire\n|-damage|p2a: Clodsire|47/100\n|move|p2a: Clodsire|Earthquake|p1a: Glimmora\n|-supereffective|p1a: Glimmora\n|-enditem|p1a: Glimmora|Focus Sash\n|-damage|p1a: Glimmora|1/100\n|-activate|p1a: Glimmora|ability: Toxic Debris\n|-sidestart|p2: itsjustrps|move: Toxic Spikes\n|\n|upkeep\n|turn|17\n|\n|t:|1782559835\n|move|p1a: Glimmora|Earth Power|p2a: Clodsire\n|-supereffective|p2a: Clodsire\n|-damage|p2a: Clodsire|11/100\n|move|p2a: Clodsire|Recover|p2a: Clodsire\n|-heal|p2a: Clodsire|61/100\n|\n|upkeep\n|turn|18\n|\n|t:|1782559838\n|move|p1a: Glimmora|Earth Power|p2a: Clodsire\n|-supereffective|p2a: Clodsire\n|-damage|p2a: Clodsire|29/100\n|move|p2a: Clodsire|Recover|p2a: Clodsire\n|-heal|p2a: Clodsire|79/100\n|\n|upkeep\n|turn|19\n|\n|t:|1782559851\n|move|p1a: Glimmora|Earth Power|p2a: Clodsire\n|-supereffective|p2a: Clodsire\n|-damage|p2a: Clodsire|43/100\n|move|p2a: Clodsire|Poison Jab|p1a: Glimmora\n|-resisted|p1a: Glimmora\n|-crit|p1a: Glimmora\n|-damage|p1a: Glimmora|0 fnt\n|-activate|p1a: Glimmora|ability: Toxic Debris\n|-sidestart|p2: itsjustrps|move: Toxic Spikes\n|faint|p1a: Glimmora\n|\n|upkeep\n|\n|t:|1782559857\n|switch|p1a: Rat Tally|Garchomp, M|100/100\n|turn|20\n|\n|t:|1782559865\n|switch|p1a: Carly Rae|Iron Moth|100/100\n|-enditem|p1a: Carly Rae|Booster Energy\n|-activate|p1a: Carly Rae|ability: Quark Drive|[fromitem]\n|-start|p1a: Carly Rae|quarkdrivespe\n|switch|p2a: Corviknight|Corviknight, F|100/100\n|-damage|p2a: Corviknight|88/100|[from] Stealth Rock\n|-ability|p2a: Corviknight|Pressure\n|\n|upkeep\n|turn|21\n|\n|t:|1782559874\n|switch|p2a: Garganacl|Garganacl, F|100/100\n|move|p1a: Carly Rae|Fiery Dance|p2a: Garganacl\n|-resisted|p2a: Garganacl\n|-damage|p2a: Garganacl|88/100\n|-boost|p1a: Carly Rae|spa|1\n|\n|upkeep\n|turn|22\n|\n|t:|1782559878\n|-terastallize|p1a: Carly Rae|Fairy\n|move|p1a: Carly Rae|Dazzling Gleam|p2a: Garganacl\n|-damage|p2a: Garganacl|47/100\n|move|p2a: Garganacl|Salt Cure|p1a: Carly Rae\n|-damage|p1a: Carly Rae|82/100\n|-start|p1a: Carly Rae|Salt Cure\n|\n|-damage|p1a: Carly Rae|69/100|[from] Salt Cure\n|upkeep\n|turn|23\n|\n|t:|1782559884\n|move|p1a: Carly Rae|Fiery Dance|p2a: Garganacl\n|-resisted|p2a: Garganacl\n|-damage|p2a: Garganacl|26/100\n|move|p2a: Garganacl|Recover|p2a: Garganacl\n|-heal|p2a: Garganacl|76/100\n|\n|-damage|p1a: Carly Rae|57/100|[from] Salt Cure\n|upkeep\n|turn|24\n|\n|t:|1782559888\n|move|p1a: Carly Rae|Fiery Dance|p2a: Garganacl\n|-resisted|p2a: Garganacl\n|-damage|p2a: Garganacl|57/100\n|move|p2a: Garganacl|Recover|p2a: Garganacl\n|-heal|p2a: Garganacl|100/100\n|\n|-damage|p1a: Carly Rae|45/100|[from] Salt Cure\n|upkeep\n|turn|25\n|\n|t:|1782559907\n|move|p1a: Carly Rae|Morning Sun|p1a: Carly Rae\n|-heal|p1a: Carly Rae|95/100\n|move|p2a: Garganacl|Salt Cure|p1a: Carly Rae\n|-damage|p1a: Carly Rae|75/100\n|\n|-damage|p1a: Carly Rae|63/100|[from] Salt Cure\n|upkeep\n|turn|26\n|\n|t:|1782559911\n|move|p1a: Carly Rae|Fiery Dance|p2a: Garganacl\n|-resisted|p2a: Garganacl\n|-damage|p2a: Garganacl|80/100\n|move|p2a: Garganacl|Salt Cure|p1a: Carly Rae\n|-damage|p1a: Carly Rae|45/100\n|\n|-damage|p1a: Carly Rae|32/100|[from] Salt Cure\n|upkeep\n|turn|27\n|\n|t:|1782559915\n|switch|p2a: Clodsire|Clodsire, F|43/100\n|-sideend|p2: itsjustrps|move: Toxic Spikes|[of] p2a: Clodsire\n|move|p1a: Carly Rae|Fiery Dance|p2a: Clodsire\n|-damage|p2a: Clodsire|20/100\n|-boost|p1a: Carly Rae|spa|1\n|\n|-damage|p1a: Carly Rae|20/100|[from] Salt Cure\n|upkeep\n|turn|28\n|\n|t:|1782559924\n|move|p1a: Carly Rae|Fiery Dance|p2a: Clodsire\n|-damage|p2a: Clodsire|0 fnt\n|faint|p2a: Clodsire\n|\n|-damage|p1a: Carly Rae|8/100|[from] Salt Cure\n|upkeep\n|j| dante1310\n|l| dante1310\n|\n|t:|1782559953\n|switch|p2a: Kyurem|Kyurem|100/100\n|-damage|p2a: Kyurem|75/100|[from] Stealth Rock\n|-ability|p2a: Kyurem|Pressure\n|turn|29\n|\n|t:|1782559960\n|-end|p1a: Carly Rae|Quark Drive|[silent]\n|switch|p1a: Alvvays|Umbreon, F|87/100\n|move|p2a: Kyurem|Freeze-Dry|p1a: Alvvays\n|-damage|p1a: Alvvays|70/100\n|\n|-heal|p2a: Kyurem|82/100|[from] item: Leftovers\n|-heal|p1a: Alvvays|76/100|[from] item: Leftovers\n|upkeep\n|turn|30\n|\n|t:|1782559975\n|switch|p1a: Carly Rae|Iron Moth, tera:Fairy|8/100\n|move|p2a: Kyurem|Substitute|p2a: Kyurem\n|-start|p2a: Kyurem|Substitute\n|-damage|p2a: Kyurem|57/100\n|\n|-heal|p2a: Kyurem|63/100|[from] item: Leftovers\n|upkeep\n|turn|31\n|\n|t:|1782559978\n|move|p1a: Carly Rae|Morning Sun|p1a: Carly Rae\n|-heal|p1a: Carly Rae|58/100\n|move|p2a: Kyurem|Freeze-Dry|p1a: Carly Rae\n|-damage|p1a: Carly Rae|23/100\n|\n|-heal|p2a: Kyurem|69/100|[from] item: Leftovers\n|upkeep\n|turn|32\n|\n|t:|1782559980\n|move|p1a: Carly Rae|Morning Sun|p1a: Carly Rae\n|-heal|p1a: Carly Rae|73/100\n|move|p2a: Kyurem|Freeze-Dry|p1a: Carly Rae\n|-damage|p1a: Carly Rae|38/100\n|\n|-heal|p2a: Kyurem|75/100|[from] item: Leftovers\n|upkeep\n|turn|33\n|\n|t:|1782559983\n|move|p1a: Carly Rae|Morning Sun|p1a: Carly Rae\n|-heal|p1a: Carly Rae|88/100\n|move|p2a: Kyurem|Freeze-Dry|p1a: Carly Rae\n|-damage|p1a: Carly Rae|53/100\n|\n|-heal|p2a: Kyurem|81/100|[from] item: Leftovers\n|upkeep\n|turn|34\n|\n|t:|1782559985\n|-end|p1a: Carly Rae|Quark Drive|[silent]\n|switch|p1a: Alvvays|Umbreon, F|76/100\n|move|p2a: Kyurem|Freeze-Dry|p1a: Alvvays\n|-damage|p1a: Alvvays|57/100\n|\n|-heal|p2a: Kyurem|88/100|[from] item: Leftovers\n|-heal|p1a: Alvvays|64/100|[from] item: Leftovers\n|upkeep\n|turn|35\n|\n|t:|1782559987\n|move|p2a: Kyurem|Freeze-Dry|p1a: Alvvays\n|-damage|p1a: Alvvays|47/100\n|move|p1a: Alvvays|Foul Play|p2a: Kyurem\n|-end|p2a: Kyurem|Substitute\n|\n|-heal|p2a: Kyurem|94/100|[from] item: Leftovers\n|-heal|p1a: Alvvays|53/100|[from] item: Leftovers\n|upkeep\n|turn|36\n|\n|t:|1782559992\n|switch|p2a: Corviknight|Corviknight, F|88/100\n|-damage|p2a: Corviknight|75/100|[from] Stealth Rock\n|-ability|p2a: Corviknight|Pressure\n|move|p1a: Alvvays|Foul Play|p2a: Corviknight\n|-damage|p2a: Corviknight|49/100\n|\n|-heal|p1a: Alvvays|59/100|[from] item: Leftovers\n|upkeep\n|turn|37\n|\n|t:|1782559999\n|move|p2a: Corviknight|Roost|p2a: Corviknight\n|-heal|p2a: Corviknight|99/100\n|-singleturn|p2a: Corviknight|move: Roost\n|move|p1a: Alvvays|Thunder Wave|p2a: Corviknight\n|-status|p2a: Corviknight|par\n|\n|-heal|p1a: Alvvays|65/100|[from] item: Leftovers\n|upkeep\n|turn|38\n|\n|t:|1782560006\n|move|p1a: Alvvays|Wish|p1a: Alvvays\n|move|p2a: Corviknight|Defog|p1a: Alvvays\n|-unboost|p1a: Alvvays|evasion|1\n|-sideend|p2: itsjustrps|Stealth Rock|[from] move: Defog|[of] p2a: Corviknight\n|\n|-heal|p1a: Alvvays|71/100|[from] item: Leftovers\n|upkeep\n|turn|39\n|\n|t:|1782560017\n|switch|p1a: Carly Rae|Iron Moth, tera:Fairy|53/100\n|switch|p2a: Tornadus|Tornadus-Therian, M|36/100\n|\n|-heal|p1a: Carly Rae|100/100|[from] move: Wish|[wisher] Alvvays\n|upkeep\n|turn|40\n|\n|t:|1782560026\n|move|p2a: Tornadus|U-turn|p1a: Carly Rae\n|-resisted|p1a: Carly Rae\n|-damage|p1a: Carly Rae|87/100\n|\n|t:|1782560027\n|switch|p2a: Garganacl|Garganacl, F|80/100|[from] U-turn\n|move|p1a: Carly Rae|Fiery Dance|p2a: Garganacl\n|-resisted|p2a: Garganacl\n|-damage|p2a: Garganacl|66/100\n|\n|upkeep\n|turn|41\n|\n|t:|1782560033\n|move|p1a: Carly Rae|Fiery Dance|p2a: Garganacl\n|-resisted|p2a: Garganacl\n|-damage|p2a: Garganacl|52/100\n|move|p2a: Garganacl|Recover|p2a: Garganacl\n|-heal|p2a: Garganacl|100/100\n|\n|upkeep\n|turn|42\n|\n|t:|1782560038\n|-end|p1a: Carly Rae|Quark Drive|[silent]\n|switch|p1a: Alvvays|Umbreon, F|71/100\n|move|p2a: Garganacl|Salt Cure|p1a: Alvvays\n|-damage|p1a: Alvvays|60/100\n|-start|p1a: Alvvays|Salt Cure\n|\n|-heal|p1a: Alvvays|66/100|[from] item: Leftovers\n|-damage|p1a: Alvvays|54/100|[from] Salt Cure\n|upkeep\n|turn|43\n|\n|t:|1782560041\n|switch|p1a: Rat Tally|Garchomp, M|100/100\n|move|p2a: Garganacl|Iron Defense|p2a: Garganacl\n|-boost|p2a: Garganacl|def|2\n|\n|upkeep\n|turn|44\n|\n|t:|1782560044\n|move|p1a: Rat Tally|Swords Dance|p1a: Rat Tally\n|-boost|p1a: Rat Tally|atk|2\n|move|p2a: Garganacl|Salt Cure|p1a: Rat Tally\n|-resisted|p1a: Rat Tally\n|-damage|p1a: Rat Tally|94/100\n|-start|p1a: Rat Tally|Salt Cure\n|\n|-damage|p1a: Rat Tally|81/100|[from] Salt Cure\n|upkeep\n|turn|45\n|\n|t:|1782560047\n|-terastallize|p2a: Garganacl|Ghost\n|move|p1a: Rat Tally|Swords Dance|p1a: Rat Tally\n|-boost|p1a: Rat Tally|atk|2\n|move|p2a: Garganacl|Iron Defense|p2a: Garganacl\n|-boost|p2a: Garganacl|def|2\n|\n|-damage|p1a: Rat Tally|69/100|[from] Salt Cure\n|upkeep\n|turn|46\n|j| dante1310\n|\n|t:|1782560052\n|move|p1a: Rat Tally|Earthquake|p2a: Garganacl\n|-crit|p2a: Garganacl\n|-damage|p2a: Garganacl|0 fnt\n|faint|p2a: Garganacl\n|\n|-damage|p1a: Rat Tally|57/100|[from] Salt Cure\n|upkeep\n|\n|t:|1782560059\n|switch|p2a: Dondozo|Dondozo, F|63/100\n|turn|47\n|\n|t:|1782560062\n|switch|p1a: Carly Rae|Iron Moth, tera:Fairy|87/100\n|move|p2a: Dondozo|Liquidation|p1a: Carly Rae\n|-damage|p1a: Carly Rae|46/100\n|\n|-heal|p2a: Dondozo|69/100|[from] item: Leftovers\n|upkeep\n|turn|48\n|\n|t:|1782560070\n|move|p1a: Carly Rae|Discharge|p2a: Dondozo\n|-supereffective|p2a: Dondozo\n|-damage|p2a: Dondozo|17/100\n|move|p2a: Dondozo|Liquidation|p1a: Carly Rae\n|-damage|p1a: Carly Rae|2/100\n|\n|-heal|p2a: Dondozo|23/100|[from] item: Leftovers\n|upkeep\n|turn|49\n|\n|t:|1782560077\n|move|p1a: Carly Rae|Discharge|p2a: Dondozo\n|-supereffective|p2a: Dondozo\n|-damage|p2a: Dondozo|0 fnt\n|faint|p2a: Dondozo\n|\n|upkeep\n|\n|t:|1782560078\n|switch|p2a: Tornadus|Tornadus-Therian, M|70/100\n|turn|50\n|\n|t:|1782560081\n|-end|p1a: Carly Rae|Quark Drive|[silent]\n|switch|p1a: Alvvays|Umbreon, F|54/100\n|move|p2a: Tornadus|U-turn|p1a: Alvvays\n|-supereffective|p1a: Alvvays\n|-damage|p1a: Alvvays|27/100\n|\n|t:|1782560084\n|switch|p2a: Kyurem|Kyurem|94/100|[from] U-turn\n|-ability|p2a: Kyurem|Pressure\n|\n|-heal|p2a: Kyurem|99/100|[from] item: Leftovers\n|-heal|p1a: Alvvays|33/100|[from] item: Leftovers\n|upkeep\n|turn|51\n|\n|t:|1782560091\n|move|p2a: Kyurem|Substitute|p2a: Kyurem\n|-start|p2a: Kyurem|Substitute\n|-damage|p2a: Kyurem|75/100\n|move|p1a: Alvvays|Wish|p1a: Alvvays\n|\n|-heal|p2a: Kyurem|81/100|[from] item: Leftovers\n|-heal|p1a: Alvvays|39/100|[from] item: Leftovers\n|upkeep\n|turn|52\n|\n|t:|1782560094\n|move|p2a: Kyurem|Freeze-Dry|p1a: Alvvays\n|-damage|p1a: Alvvays|20/100\n|move|p1a: Alvvays|Foul Play|p2a: Kyurem\n|-end|p2a: Kyurem|Substitute\n|\n|-heal|p1a: Alvvays|70/100|[from] move: Wish|[wisher] Alvvays\n|-heal|p2a: Kyurem|87/100|[from] item: Leftovers\n|-heal|p1a: Alvvays|76/100|[from] item: Leftovers\n|upkeep\n|turn|53\n|\n|t:|1782560101\n|move|p2a: Kyurem|Substitute|p2a: Kyurem\n|-start|p2a: Kyurem|Substitute\n|-damage|p2a: Kyurem|62/100\n|move|p1a: Alvvays|Foul Play|p2a: Kyurem\n|-end|p2a: Kyurem|Substitute\n|\n|-heal|p2a: Kyurem|69/100|[from] item: Leftovers\n|-heal|p1a: Alvvays|82/100|[from] item: Leftovers\n|upkeep\n|turn|54\n|\n|t:|1782560103\n|move|p2a: Kyurem|Protect|p2a: Kyurem\n|-singleturn|p2a: Kyurem|Protect\n|move|p1a: Alvvays|Foul Play|p2a: Kyurem\n|-activate|p2a: Kyurem|move: Protect\n|\n|-heal|p2a: Kyurem|75/100|[from] item: Leftovers\n|-heal|p1a: Alvvays|88/100|[from] item: Leftovers\n|upkeep\n|turn|55\n|\n|t:|1782560109\n|move|p2a: Kyurem|Freeze-Dry|p1a: Alvvays\n|-damage|p1a: Alvvays|69/100\n|move|p1a: Alvvays|Foul Play|p2a: Kyurem\n|-damage|p2a: Kyurem|44/100\n|\n|-heal|p2a: Kyurem|50/100|[from] item: Leftovers\n|-heal|p1a: Alvvays|76/100|[from] item: Leftovers\n|upkeep\n|turn|56\n|\n|t:|1782560111\n|move|p2a: Kyurem|Protect|p2a: Kyurem\n|-singleturn|p2a: Kyurem|Protect\n|move|p1a: Alvvays|Thunder Wave|p2a: Kyurem\n|-activate|p2a: Kyurem|move: Protect\n|\n|-heal|p2a: Kyurem|56/100|[from] item: Leftovers\n|-heal|p1a: Alvvays|82/100|[from] item: Leftovers\n|upkeep\n|turn|57\n|j| 0us\n|\n|t:|1782560115\n|move|p2a: Kyurem|Substitute|p2a: Kyurem\n|-start|p2a: Kyurem|Substitute\n|-damage|p2a: Kyurem|31/100\n|move|p1a: Alvvays|Foul Play|p2a: Kyurem\n|-end|p2a: Kyurem|Substitute\n|\n|-heal|p2a: Kyurem|38/100|[from] item: Leftovers\n|-heal|p1a: Alvvays|88/100|[from] item: Leftovers\n|upkeep\n|turn|58\n|\n|t:|1782560119\n|move|p2a: Kyurem|Protect|p2a: Kyurem\n|-singleturn|p2a: Kyurem|Protect\n|move|p1a: Alvvays|Foul Play|p2a: Kyurem\n|-activate|p2a: Kyurem|move: Protect\n|\n|-heal|p2a: Kyurem|44/100|[from] item: Leftovers\n|-heal|p1a: Alvvays|94/100|[from] item: Leftovers\n|upkeep\n|turn|59\n|\n|t:|1782560133\n|switch|p2a: Tornadus|Tornadus-Therian, M|100/100\n|move|p1a: Alvvays|Foul Play|p2a: Tornadus\n|-damage|p2a: Tornadus|62/100\n|\n|-heal|p1a: Alvvays|99/100|[from] item: Leftovers\n|upkeep\n|turn|60\n|\n|t:|1782560138\n|move|p2a: Tornadus|Taunt|p1a: Alvvays\n|-start|p1a: Alvvays|move: Taunt\n|move|p1a: Alvvays|Foul Play|p2a: Tornadus\n|-damage|p2a: Tornadus|18/100\n|\n|-heal|p1a: Alvvays|100/100|[from] item: Leftovers\n|upkeep\n|turn|61\n|\n|t:|1782560145\n|switch|p2a: Corviknight|Corviknight, F|99/100 par\n|-ability|p2a: Corviknight|Pressure\n|switch|p1a: Rat Tally|Garchomp, M|57/100\n|\n|upkeep\n|turn|62\n|\n|t:|1782560157\n|move|p1a: Rat Tally|Swords Dance|p1a: Rat Tally\n|-boost|p1a: Rat Tally|atk|2\n|move|p2a: Corviknight|Agility|p2a: Corviknight\n|-boost|p2a: Corviknight|spe|2\n|\n|upkeep\n|turn|63\n|\n|t:|1782560167\n|move|p1a: Rat Tally|Scale Shot|p2a: Corviknight\n|-resisted|p2a: Corviknight\n|-damage|p2a: Corviknight|88/100 par\n|-resisted|p2a: Corviknight\n|-damage|p2a: Corviknight|78/100 par\n|-resisted|p2a: Corviknight\n|-damage|p2a: Corviknight|67/100 par\n|-resisted|p2a: Corviknight\n|-damage|p2a: Corviknight|56/100 par\n|-resisted|p2a: Corviknight\n|-damage|p2a: Corviknight|46/100 par\n|-hitcount|p2a: Corviknight|5\n|-unboost|p1a: Rat Tally|def|1\n|-boost|p1a: Rat Tally|spe|1\n|move|p2a: Corviknight|Agility|p2a: Corviknight\n|-boost|p2a: Corviknight|spe|2\n|\n|upkeep\n|turn|64\n|\n|t:|1782560170\n|move|p1a: Rat Tally|Scale Shot|p2a: Corviknight\n|-resisted|p2a: Corviknight\n|-damage|p2a: Corviknight|35/100 par\n|-resisted|p2a: Corviknight\n|-damage|p2a: Corviknight|24/100 par\n|-resisted|p2a: Corviknight\n|-damage|p2a: Corviknight|12/100 par\n|-resisted|p2a: Corviknight\n|-damage|p2a: Corviknight|1/100 par\n|-hitcount|p2a: Corviknight|4\n|-unboost|p1a: Rat Tally|def|1\n|-boost|p1a: Rat Tally|spe|1\n|cant|p2a: Corviknight|par\n|\n|upkeep\n|turn|65\n|-message|itsjustrps forfeited.\n|\n|win|Auburn Hills\n|raw|Auburn Hills's rating: 1711 &rarr; <strong>1727</strong><br />(+16 for winning)\n|raw|itsjustrps's rating: 1646 &rarr; <strong>1630</strong><br />(-16 for losing)\n|j| jeffbuckleyenjoyer\n|l|☆Auburn Hills\n|player|p1|\n|l| jeffbuckleyenjoyer\n|l| dante1310\n", "uploadtime": 1782560391, "views": 7, "formatid": "gen9ou", "rating": 1630, "private": 0, "password": null}