{"id": "gen9ou-2540609869", "format": "[Gen 9] OU", "players": ["ceo o wo chien", "bh.babiri"], "log": "|j|☆ceo o wo chien\n|j|☆bh.babiri\n|t:|1771226714\n|gametype|singles\n|player|p1|ceo o wo chien|1|1727\n|player|p2|bh.babiri|pokemonbreederf-gen4|1697\n|gen|9\n|tier|[Gen 9] OU\n|rated|\n|rule|HP Percentage Mod: HP is shown in percentages\n|rule|Endless Battle Clause: Forcing endless battles is banned\n|rule|Species Clause: Limit one of each Pokémon\n|rule|OHKO Clause: OHKO moves are banned\n|rule|Evasion Items Clause: Evasion items are banned\n|rule|Evasion Moves Clause: Evasion moves are banned\n|rule|Evasion Abilities Clause: Evasion abilities are banned\n|rule|Sleep Moves Clause: Sleep-inducing moves are banned\n|clearpoke\n|poke|p1|Primarina, M|\n|poke|p1|Iron Crown|\n|poke|p1|Great Tusk|\n|poke|p1|Wo-Chien|\n|poke|p1|Moltres|\n|poke|p1|Dragapult, F|\n|poke|p2|Iron Valiant|\n|poke|p2|Gliscor, F|\n|poke|p2|Latios, M|\n|poke|p2|Gholdengo|\n|poke|p2|Corviknight, F|\n|poke|p2|Darkrai|\n|teampreview\n|inactive|Battle timer is ON: inactive players will automatically lose when time's up. (requested by ceo o wo chien)\n|inactive|bh.babiri also wants the timer to be on.\n|\n|t:|1771226733\n|teamsize|p1|6\n|teamsize|p2|6\n|start\n|switch|p1a: Primarina|Primarina, M|100/100\n|switch|p2a: Gholdengo|Gholdengo|100/100\n|turn|1\n|\n|t:|1771226736\n|move|p2a: Gholdengo|Thunder Wave|p1a: Primarina\n|-status|p1a: Primarina|par\n|move|p1a: Primarina|Surf|p2a: Gholdengo\n|-damage|p2a: Gholdengo|50/100\n|\n|-heal|p2a: Gholdengo|57/100|[from] item: Leftovers\n|upkeep\n|turn|2\n|\n|t:|1771226741\n|move|p2a: Gholdengo|Hex|p1a: Primarina\n|-damage|p1a: Primarina|35/100 par\n|move|p1a: Primarina|Surf|p2a: Gholdengo\n|-damage|p2a: Gholdengo|5/100\n|\n|-heal|p2a: Gholdengo|11/100|[from] item: Leftovers\n|upkeep\n|turn|3\n|\n|t:|1771226747\n|move|p2a: Gholdengo|Recover|p2a: Gholdengo\n|-heal|p2a: Gholdengo|61/100\n|move|p1a: Primarina|Flip Turn|p2a: Gholdengo\n|-damage|p2a: Gholdengo|48/100\n|\n|t:|1771226749\n|switch|p1a: Great Tusk|Great Tusk|100/100|[from] Flip Turn\n|\n|-heal|p2a: Gholdengo|54/100|[from] item: Leftovers\n|upkeep\n|turn|4\n|\n|t:|1771226753\n|switch|p2a: Corviknight|Corviknight, F|100/100\n|-ability|p2a: Corviknight|Pressure\n|move|p1a: Great Tusk|Headlong Rush|p2a: Corviknight\n|-immune|p2a: Corviknight\n|\n|upkeep\n|turn|5\n|\n|t:|1771226768\n|-end|p1a: Great Tusk|Protosynthesis|[silent]\n|switch|p1a: Primarina|Primarina, M|35/100 par\n|switch|p2a: Gliscor|Gliscor, F|100/100\n|\n|-status|p2a: Gliscor|tox|[from] item: Toxic Orb\n|upkeep\n|turn|6\n|\n|t:|1771226771\n|move|p2a: Gliscor|Earthquake|p1a: Primarina\n|-damage|p1a: Primarina|0 fnt\n|faint|p1a: Primarina\n|\n|upkeep\n|\n|t:|1771226776\n|switch|p1a: Great Tusk|Great Tusk|100/100\n|turn|7\n|\n|t:|1771226780\n|switch|p2a: Corviknight|Corviknight, F|100/100\n|-ability|p2a: Corviknight|Pressure\n|move|p1a: Great Tusk|Ice Spinner|p2a: Corviknight\n|-damage|p2a: Corviknight|85/100\n|\n|upkeep\n|turn|8\n|\n|t:|1771226785\n|move|p1a: Great Tusk|Stealth Rock|p2a: Corviknight\n|-sidestart|p2: bh.babiri|move: Stealth Rock\n|move|p2a: Corviknight|U-turn|p1a: Great Tusk\n|-resisted|p1a: Great Tusk\n|-damage|p1a: Great Tusk|96/100\n|\n|t:|1771226789\n|switch|p2a: Gliscor|Gliscor, F|100/100 tox|[from] U-turn\n|-damage|p2a: Gliscor|88/100 tox|[from] Stealth Rock\n|\n|-heal|p2a: Gliscor|100/100 tox|[from] ability: Poison Heal\n|upkeep\n|turn|9\n|\n|t:|1771226794\n|switch|p2a: Corviknight|Corviknight, F|85/100\n|-ability|p2a: Corviknight|Pressure\n|move|p1a: Great Tusk|Ice Spinner|p2a: Corviknight\n|-damage|p2a: Corviknight|70/100\n|\n|upkeep\n|turn|10\n|\n|t:|1771226800\n|-end|p1a: Great Tusk|Protosynthesis|[silent]\n|switch|p1a: Wo-Chien|Wo-Chien|100/100\n|-ability|p1a: Wo-Chien|Tablets of Ruin\n|move|p2a: Corviknight|Defog|p1a: Wo-Chien\n|-unboost|p1a: Wo-Chien|evasion|1\n|-sideend|p2: bh.babiri|Stealth Rock|[from] move: Defog|[of] p2a: Corviknight\n|\n|upkeep\n|turn|11\n|inactive|ceo o wo chien has 120 seconds left.\n|\n|t:|1771226842\n|switch|p1a: Moltres|Moltres|100/100\n|move|p2a: Corviknight|U-turn|p1a: Moltres\n|-resisted|p1a: Moltres\n|-damage|p1a: Moltres|97/100\n|\n|t:|1771226845\n|switch|p2a: Gliscor|Gliscor, F|100/100 tox|[from] U-turn\n|\n|upkeep\n|turn|12\n|inactive|ceo o wo chien has 120 seconds left.\n|\n|t:|1771226856\n|move|p2a: Gliscor|Stealth Rock|p1a: Moltres\n|-sidestart|p1: ceo o wo chien|move: Stealth Rock\n|move|p1a: Moltres|Roar|p2a: Gliscor\n|drag|p2a: Iron Valiant|Iron Valiant|100/100\n|-enditem|p2a: Iron Valiant|Booster Energy\n|-activate|p2a: Iron Valiant|ability: Quark Drive|[fromitem]\n|-start|p2a: Iron Valiant|quarkdrivespe\n|\n|upkeep\n|turn|13\n|inactive|ceo o wo chien has 120 seconds left.\n|\n|t:|1771226872\n|-end|p2a: Iron Valiant|Quark Drive|[silent]\n|switch|p2a: Latios|Latios, M|100/100\n|move|p1a: Moltres|Flamethrower|p2a: Latios\n|-resisted|p2a: Latios\n|-damage|p2a: Latios|82/100\n|\n|upkeep\n|turn|14\n|\n|t:|1771226880\n|move|p2a: Latios|Flip Turn|p1a: Moltres\n|-supereffective|p1a: Moltres\n|-damage|p1a: Moltres|74/100\n|\n|t:|1771226883\n|switch|p2a: Gliscor|Gliscor, F|100/100 tox|[from] Flip Turn\n|move|p1a: Moltres|U-turn|p2a: Gliscor\n|-resisted|p2a: Gliscor\n|-damage|p2a: Gliscor|95/100 tox\n|\n|t:|1771226892\n|switch|p1a: Great Tusk|Great Tusk|96/100|[from] U-turn\n|\n|-heal|p2a: Gliscor|100/100 tox|[from] ability: Poison Heal\n|upkeep\n|turn|15\n|\n|t:|1771226896\n|move|p2a: Gliscor|Protect|p2a: Gliscor\n|-singleturn|p2a: Gliscor|Protect\n|move|p1a: Great Tusk|Ice Spinner|p2a: Gliscor\n|-activate|p2a: Gliscor|move: Protect\n|\n|upkeep\n|turn|16\n|\n|t:|1771226900\n|move|p1a: Great Tusk|Stealth Rock|p2a: Gliscor\n|-sidestart|p2: bh.babiri|move: Stealth Rock\n|move|p2a: Gliscor|Toxic|p1a: Great Tusk\n|-status|p1a: Great Tusk|tox\n|\n|-damage|p1a: Great Tusk|90/100 tox|[from] psn\n|upkeep\n|turn|17\n|\n|t:|1771226904\n|-end|p1a: Great Tusk|Protosynthesis|[silent]\n|switch|p1a: Iron Crown|Iron Crown|100/100\n|-damage|p1a: Iron Crown|94/100|[from] Stealth Rock\n|switch|p2a: Corviknight|Corviknight, F|70/100\n|-ability|p2a: Corviknight|Pressure\n|\n|upkeep\n|turn|18\n|\n|t:|1771226909\n|switch|p2a: Gliscor|Gliscor, F|100/100 tox\n|-damage|p2a: Gliscor|88/100 tox|[from] Stealth Rock\n|-terastallize|p1a: Iron Crown|Steel\n|move|p1a: Iron Crown|Tachyon Cutter|p2a: Gliscor\n|-damage|p2a: Gliscor|26/100 tox\n|-damage|p2a: Gliscor|0 fnt\n|faint|p2a: Gliscor\n|-hitcount|p2: Gliscor|2\n|\n|upkeep\n|\n|t:|1771226921\n|switch|p2a: Corviknight|Corviknight, F|70/100\n|-ability|p2a: Corviknight|Pressure\n|turn|19\n|\n|t:|1771226926\n|move|p1a: Iron Crown|Tachyon Cutter|p2a: Corviknight\n|-resisted|p2a: Corviknight\n|-damage|p2a: Corviknight|45/100\n|-resisted|p2a: Corviknight\n|-damage|p2a: Corviknight|23/100\n|-hitcount|p2a: Corviknight|2\n|move|p2a: Corviknight|Roost|p2a: Corviknight\n|-heal|p2a: Corviknight|73/100\n|-singleturn|p2a: Corviknight|move: Roost\n|\n|upkeep\n|turn|20\n|\n|t:|1771226931\n|move|p1a: Iron Crown|Tachyon Cutter|p2a: Corviknight\n|-resisted|p2a: Corviknight\n|-damage|p2a: Corviknight|49/100\n|-resisted|p2a: Corviknight\n|-damage|p2a: Corviknight|24/100\n|-hitcount|p2a: Corviknight|2\n|move|p2a: Corviknight|Roost|p2a: Corviknight\n|-heal|p2a: Corviknight|74/100\n|-singleturn|p2a: Corviknight|move: Roost\n|\n|upkeep\n|turn|21\n|j| Bellicose Breloom\n|\n|t:|1771226940\n|move|p1a: Iron Crown|Tachyon Cutter|p2a: Corviknight\n|-resisted|p2a: Corviknight\n|-damage|p2a: Corviknight|48/100\n|-resisted|p2a: Corviknight\n|-damage|p2a: Corviknight|26/100\n|-hitcount|p2a: Corviknight|2\n|move|p2a: Corviknight|Roost|p2a: Corviknight\n|-heal|p2a: Corviknight|76/100\n|-singleturn|p2a: Corviknight|move: Roost\n|\n|upkeep\n|turn|22\n|\n|t:|1771226954\n|move|p1a: Iron Crown|Tachyon Cutter|p2a: Corviknight\n|-resisted|p2a: Corviknight\n|-damage|p2a: Corviknight|53/100\n|-resisted|p2a: Corviknight\n|-damage|p2a: Corviknight|27/100\n|-hitcount|p2a: Corviknight|2\n|move|p2a: Corviknight|Roost|p2a: Corviknight\n|-heal|p2a: Corviknight|77/100\n|-singleturn|p2a: Corviknight|move: Roost\n|\n|upkeep\n|turn|23\n|\n|t:|1771226957\n|-end|p1a: Iron Crown|Quark Drive|[silent]\n|switch|p1a: Moltres|Moltres|74/100\n|move|p2a: Corviknight|Roost|p2a: Corviknight\n|-heal|p2a: Corviknight|100/100\n|-singleturn|p2a: Corviknight|move: Roost\n|\n|upkeep\n|turn|24\n|\n|t:|1771226970\n|move|p1a: Moltres|U-turn|p2a: Corviknight\n|-resisted|p2a: Corviknight\n|-damage|p2a: Corviknight|98/100\n|\n|t:|1771226973\n|switch|p1a: Dragapult|Dragapult, F|100/100|[from] U-turn\n|-damage|p1a: Dragapult|88/100|[from] Stealth Rock\n|move|p2a: Corviknight|U-turn|p1a: Dragapult\n|-resisted|p1a: Dragapult\n|-damage|p1a: Dragapult|78/100\n|\n|t:|1771226977\n|switch|p2a: Iron Valiant|Iron Valiant|100/100|[from] U-turn\n|-damage|p2a: Iron Valiant|94/100|[from] Stealth Rock\n|\n|upkeep\n|turn|25\n|\n|t:|1771226985\n|move|p1a: Dragapult|U-turn|p2a: Iron Valiant\n|-resisted|p2a: Iron Valiant\n|-damage|p2a: Iron Valiant|84/100\n|\n|t:|1771226986\n|switch|p1a: Moltres|Moltres|74/100|[from] U-turn\n|move|p2a: Iron Valiant|Shadow Ball|p1a: Moltres\n|-damage|p1a: Moltres|54/100\n|\n|upkeep\n|turn|26\n|\n|t:|1771226990\n|move|p2a: Iron Valiant|Calm Mind|p2a: Iron Valiant\n|-boost|p2a: Iron Valiant|spa|1\n|-boost|p2a: Iron Valiant|spd|1\n|move|p1a: Moltres|Roost|p1a: Moltres\n|-heal|p1a: Moltres|100/100\n|-singleturn|p1a: Moltres|move: Roost\n|\n|upkeep\n|turn|27\n|\n|t:|1771226992\n|move|p2a: Iron Valiant|Shadow Ball|p1a: Moltres\n|-damage|p1a: Moltres|70/100\n|move|p1a: Moltres|Roar|p2a: Iron Valiant\n|-end|p2a: Iron Valiant|Quark Drive|[silent]\n|drag|p2a: Gholdengo|Gholdengo|54/100\n|-damage|p2a: Gholdengo|48/100|[from] Stealth Rock\n|\n|-heal|p2a: Gholdengo|54/100|[from] item: Leftovers\n|upkeep\n|turn|28\n|\n|t:|1771226999\n|switch|p2a: Latios|Latios, M|82/100\n|-damage|p2a: Latios|69/100|[from] Stealth Rock\n|move|p1a: Moltres|Flamethrower|p2a: Latios\n|-resisted|p2a: Latios\n|-damage|p2a: Latios|49/100\n|-status|p2a: Latios|brn\n|\n|-damage|p2a: Latios|43/100 brn|[from] brn\n|upkeep\n|turn|29\n|\n|t:|1771227003\n|move|p2a: Latios|Draco Meteor|p1a: Moltres|[miss]\n|-miss|p2a: Latios|p1a: Moltres\n|move|p1a: Moltres|U-turn|p2a: Latios\n|-supereffective|p2a: Latios\n|-damage|p2a: Latios|4/100 brn\n|\n|t:|1771227006\n|switch|p1a: Dragapult|Dragapult, F|78/100|[from] U-turn\n|-damage|p1a: Dragapult|65/100|[from] Stealth Rock\n|\n|-damage|p2a: Latios|0 fnt|[from] brn\n|faint|p2a: Latios\n|upkeep\n|\n|t:|1771227012\n|switch|p2a: Corviknight|Corviknight, F|98/100\n|-ability|p2a: Corviknight|Pressure\n|turn|30\n|\n|t:|1771227025\n|move|p1a: Dragapult|Will-O-Wisp|p2a: Corviknight\n|-status|p2a: Corviknight|brn\n|move|p2a: Corviknight|Defog|p1a: Dragapult\n|-fail|p1a: Dragapult|unboost|[from] ability: Clear Body|[of] p1a: Dragapult\n|-sideend|p1: ceo o wo chien|Stealth Rock|[from] move: Defog|[of] p2a: Corviknight\n|-sideend|p2: bh.babiri|Stealth Rock|[from] move: Defog|[of] p2a: Corviknight\n|\n|-damage|p2a: Corviknight|92/100 brn|[from] brn\n|upkeep\n|turn|31\n|\n|t:|1771227028\n|switch|p1a: Iron Crown|Iron Crown, tera:Steel|94/100\n|move|p2a: Corviknight|U-turn|p1a: Iron Crown\n|-resisted|p1a: Iron Crown\n|-damage|p1a: Iron Crown|91/100\n|\n|t:|1771227036\n|switch|p2a: Iron Valiant|Iron Valiant|84/100|[from] U-turn\n|\n|upkeep\n|turn|32\n|\n|t:|1771227042\n|move|p2a: Iron Valiant|Aura Sphere|p1a: Iron Crown\n|-supereffective|p1a: Iron Crown\n|-damage|p1a: Iron Crown|6/100\n|move|p1a: Iron Crown|Tachyon Cutter|p2a: Iron Valiant\n|-supereffective|p2a: Iron Valiant\n|-damage|p2a: Iron Valiant|0 fnt\n|faint|p2a: Iron Valiant\n|-end|p2a: Iron Valiant|Quark Drive|[silent]\n|-hitcount|p2: Iron Valiant|1\n|\n|upkeep\n|\n|t:|1771227046\n|switch|p2a: Darkrai|Darkrai|100/100\n|turn|33\n|\n|t:|1771227050\n|-end|p1a: Iron Crown|Quark Drive|[silent]\n|switch|p1a: Wo-Chien|Wo-Chien|100/100\n|-ability|p1a: Wo-Chien|Tablets of Ruin\n|move|p2a: Darkrai|Dark Pulse|p1a: Wo-Chien\n|-resisted|p1a: Wo-Chien\n|-damage|p1a: Wo-Chien|86/100\n|\n|-heal|p1a: Wo-Chien|92/100|[from] item: Leftovers\n|upkeep\n|turn|34\n|\n|t:|1771227054\n|switch|p2a: Gholdengo|Gholdengo|54/100\n|move|p1a: Wo-Chien|Leech Seed|p2a: Gholdengo\n|-immune|p2a: Gholdengo|[from] ability: Good as Gold\n|\n|-heal|p2a: Gholdengo|60/100|[from] item: Leftovers\n|-heal|p1a: Wo-Chien|98/100|[from] item: Leftovers\n|upkeep\n|turn|35\n|\n|t:|1771227064\n|switch|p1a: Great Tusk|Great Tusk|90/100 tox\n|move|p2a: Gholdengo|Thunder Wave|p1a: Great Tusk\n|-immune|p1a: Great Tusk\n|\n|-heal|p2a: Gholdengo|66/100|[from] item: Leftovers\n|-damage|p1a: Great Tusk|84/100 tox|[from] psn\n|upkeep\n|turn|36\n|\n|t:|1771227079\n|move|p1a: Great Tusk|Stealth Rock|p2a: Gholdengo\n|-sidestart|p2: bh.babiri|move: Stealth Rock\n|move|p2a: Gholdengo|Hex|p1a: Great Tusk\n|-damage|p1a: Great Tusk|0 fnt\n|faint|p1a: Great Tusk\n|-end|p1a: Great Tusk|Protosynthesis|[silent]\n|\n|-heal|p2a: Gholdengo|72/100|[from] item: Leftovers\n|upkeep\n|\n|t:|1771227082\n|switch|p1a: Moltres|Moltres|70/100\n|turn|37\n|\n|t:|1771227097\n|move|p1a: Moltres|Flamethrower|p2a: Gholdengo\n|-supereffective|p2a: Gholdengo\n|-damage|p2a: Gholdengo|2/100\n|move|p2a: Gholdengo|Thunder Wave|p1a: Moltres\n|-status|p1a: Moltres|par\n|\n|-heal|p2a: Gholdengo|8/100|[from] item: Leftovers\n|upkeep\n|turn|38\n|\n|t:|1771227109\n|move|p2a: Gholdengo|Hex|p1a: Moltres\n|-damage|p1a: Moltres|11/100 par\n|cant|p1a: Moltres|par\n|\n|-heal|p2a: Gholdengo|14/100|[from] item: Leftovers\n|upkeep\n|turn|39\n|\n|t:|1771227114\n|move|p2a: Gholdengo|Make It Rain|p1a: Moltres\n|-resisted|p1a: Moltres\n|-damage|p1a: Moltres|0 fnt\n|-unboost|p2a: Gholdengo|spa|1\n|faint|p1a: Moltres\n|\n|-heal|p2a: Gholdengo|20/100|[from] item: Leftovers\n|upkeep\n|\n|t:|1771227116\n|switch|p1a: Iron Crown|Iron Crown, tera:Steel|6/100\n|turn|40\n|\n|t:|1771227123\n|move|p1a: Iron Crown|Volt Switch|p2a: Gholdengo\n|-damage|p2a: Gholdengo|0 fnt\n|faint|p2a: Gholdengo\n|\n|t:|1771227137\n|-end|p1a: Iron Crown|Quark Drive|[silent]\n|switch|p1a: Dragapult|Dragapult, F|65/100|[from] Volt Switch\n|\n|upkeep\n|\n|t:|1771227140\n|switch|p2a: Corviknight|Corviknight, F|92/100 brn\n|-ability|p2a: Corviknight|Pressure\n|turn|41\n|\n|t:|1771227143\n|switch|p1a: Wo-Chien|Wo-Chien|98/100\n|-ability|p1a: Wo-Chien|Tablets of Ruin\n|move|p2a: Corviknight|Defog|p1a: Wo-Chien\n|-unboost|p1a: Wo-Chien|evasion|1\n|-sideend|p2: bh.babiri|Stealth Rock|[from] move: Defog|[of] p2a: Corviknight\n|\n|-heal|p1a: Wo-Chien|100/100|[from] item: Leftovers\n|-damage|p2a: Corviknight|86/100 brn|[from] brn\n|upkeep\n|turn|42\n|\n|t:|1771227147\n|move|p1a: Wo-Chien|Taunt|p2a: Corviknight\n|-start|p2a: Corviknight|move: Taunt\n|move|p2a: Corviknight|Brave Bird|p1a: Wo-Chien\n|-supereffective|p1a: Wo-Chien\n|-damage|p1a: Wo-Chien|82/100\n|-damage|p2a: Corviknight|81/100 brn|[from] Recoil\n|\n|-heal|p1a: Wo-Chien|88/100|[from] item: Leftovers\n|-damage|p2a: Corviknight|75/100 brn|[from] brn\n|upkeep\n|turn|43\n|\n|t:|1771227151\n|switch|p1a: Dragapult|Dragapult, F|65/100\n|move|p2a: Corviknight|Brave Bird|p1a: Dragapult\n|-damage|p1a: Dragapult|39/100\n|-damage|p2a: Corviknight|68/100 brn|[from] Recoil\n|\n|-damage|p2a: Corviknight|62/100 brn|[from] brn\n|upkeep\n|turn|44\n|\n|t:|1771227154\n|switch|p1a: Wo-Chien|Wo-Chien|88/100\n|-ability|p1a: Wo-Chien|Tablets of Ruin\n|move|p2a: Corviknight|Brave Bird|p1a: Wo-Chien\n|-supereffective|p1a: Wo-Chien\n|-damage|p1a: Wo-Chien|68/100\n|-damage|p2a: Corviknight|56/100 brn|[from] Recoil\n|\n|-heal|p1a: Wo-Chien|75/100|[from] item: Leftovers\n|-damage|p2a: Corviknight|50/100 brn|[from] brn\n|-end|p2a: Corviknight|move: Taunt\n|upkeep\n|turn|45\n|\n|t:|1771227158\n|move|p1a: Wo-Chien|Taunt|p2a: Corviknight\n|-start|p2a: Corviknight|move: Taunt\n|cant|p2a: Corviknight|move: Taunt|Roost\n|\n|-heal|p1a: Wo-Chien|81/100|[from] item: Leftovers\n|-damage|p2a: Corviknight|44/100 brn|[from] brn\n|upkeep\n|turn|46\n|\n|t:|1771227161\n|move|p1a: Wo-Chien|Leech Seed|p2a: Corviknight|[miss]\n|-miss|p1a: Wo-Chien|p2a: Corviknight\n|move|p2a: Corviknight|Brave Bird|p1a: Wo-Chien\n|-supereffective|p1a: Wo-Chien\n|-damage|p1a: Wo-Chien|63/100\n|-damage|p2a: Corviknight|38/100 brn|[from] Recoil\n|\n|-heal|p1a: Wo-Chien|69/100|[from] item: Leftovers\n|-damage|p2a: Corviknight|32/100 brn|[from] brn\n|upkeep\n|turn|47\n|\n|t:|1771227162\n|move|p1a: Wo-Chien|Leech Seed|p2a: Corviknight\n|-start|p2a: Corviknight|move: Leech Seed\n|move|p2a: Corviknight|Brave Bird|p1a: Wo-Chien\n|-supereffective|p1a: Wo-Chien\n|-damage|p1a: Wo-Chien|50/100\n|-damage|p2a: Corviknight|26/100 brn|[from] Recoil\n|\n|-heal|p1a: Wo-Chien|56/100|[from] item: Leftovers\n|-damage|p2a: Corviknight|14/100 brn|[from] Leech Seed|[of] p1a: Wo-Chien\n|-heal|p1a: Wo-Chien|69/100|[silent]\n|-damage|p2a: Corviknight|8/100 brn|[from] brn\n|-end|p2a: Corviknight|move: Taunt\n|upkeep\n|turn|48\n|\n|t:|1771227167\n|move|p1a: Wo-Chien|Taunt|p2a: Corviknight\n|-start|p2a: Corviknight|move: Taunt\n|move|p2a: Corviknight|Brave Bird|p1a: Wo-Chien\n|-supereffective|p1a: Wo-Chien\n|-damage|p1a: Wo-Chien|50/100\n|-damage|p2a: Corviknight|2/100 brn|[from] Recoil\n|\n|-heal|p1a: Wo-Chien|56/100|[from] item: Leftovers\n|-damage|p2a: Corviknight|0 fnt|[from] Leech Seed|[of] p1a: Wo-Chien\n|-heal|p1a: Wo-Chien|58/100|[silent]\n|faint|p2a: Corviknight\n|upkeep\n|\n|t:|1771227169\n|switch|p2a: Darkrai|Darkrai|100/100\n|turn|49\n|inactive|ceo o wo chien has 120 seconds left.\n|\n|t:|1771227202\n|-terastallize|p2a: Darkrai|Ice\n|move|p2a: Darkrai|Ice Beam|p1a: Wo-Chien\n|-supereffective|p1a: Wo-Chien\n|-damage|p1a: Wo-Chien|0 fnt\n|faint|p1a: Wo-Chien\n|\n|upkeep\n|\n|t:|1771227206\n|switch|p1a: Dragapult|Dragapult, F|39/100\n|turn|50\n|\n|t:|1771227209\n|move|p1a: Dragapult|Dragon Darts|p2a: Darkrai\n|-damage|p2a: Darkrai|51/100\n|-anim|p1a: Dragapult|Dragon Darts|p2a: Darkrai\n|-damage|p2a: Darkrai|2/100\n|move|p2a: Darkrai|Dark Pulse|p1a: Dragapult\n|-supereffective|p1a: Dragapult\n|-damage|p1a: Dragapult|0 fnt\n|faint|p1a: Dragapult\n|\n|upkeep\n|\n|t:|1771227212\n|switch|p1a: Iron Crown|Iron Crown, tera:Steel|6/100\n|turn|51\n|\n|t:|1771227214\n|move|p2a: Darkrai|Dark Pulse|p1a: Iron Crown\n|-damage|p1a: Iron Crown|0 fnt\n|faint|p1a: Iron Crown\n|-end|p1a: Iron Crown|Quark Drive|[silent]\n|\n|win|bh.babiri\n|raw|ceo o wo chien's rating: 1719 &rarr; <strong>1698</strong><br />(-21 for losing)\n|raw|bh.babiri's rating: 1697 &rarr; <strong>1718</strong><br />(+21 for winning)\n|l|☆ceo o wo chien\n|player|p1|\n|l|☆bh.babiri\n|player|p2|\n|j|☆bh.babiri\n|player|p2|bh.babiri|pokemonbreederf-gen4|\n|l|☆bh.babiri\n|player|p2|\n|l| Bellicose Breloom\n", "uploadtime": 1771227374, "views": 12, "formatid": "gen9ou", "rating": 1698, "private": 0, "password": null}