{"id": "gen9ou-2639310996", "format": "[Gen 9] OU", "players": ["error426", "xkxhxll"], "log": "|j|☆error426\n|j|☆xkxhxll\n|t:|1782450693\n|gametype|singles\n|player|p1|error426|gentleman-gen4|1295\n|player|p2|xkxhxll|dawn-gen4pt|1228\n|gen|9\n|tier|[Gen 9] OU\n|rated|\n|rule|HP Percentage Mod: HP is shown in percentages\n|rule|Endless Battle Clause: Forcing endless battles is banned\n|rule|Species Clause: Limit one of each Pokémon\n|rule|OHKO Clause: OHKO moves are banned\n|rule|Evasion Items Clause: Evasion items are banned\n|rule|Evasion Moves Clause: Evasion moves are banned\n|rule|Evasion Abilities Clause: Evasion abilities are banned\n|rule|Sleep Moves Clause: Sleep-inducing moves are banned\n|clearpoke\n|poke|p1|Great Tusk|\n|poke|p1|Kingambit, F|\n|poke|p1|Raging Bolt|\n|poke|p1|Walking Wake|\n|poke|p1|Ninetales, M|\n|poke|p1|Venusaur, M|\n|poke|p2|Meowscarada, F|\n|poke|p2|Dragapult, M|\n|poke|p2|Great Tusk|\n|poke|p2|Iron Valiant|\n|poke|p2|Kingambit, M|\n|poke|p2|Gengar, M|\n|teampreview\n|inactive|Battle timer is ON: inactive players will automatically lose when time's up. (requested by error426)\n|\n|t:|1782450737\n|teamsize|p1|6\n|teamsize|p2|6\n|start\n|switch|p1a: Covered Wagon|Ninetales, M|100/100\n|switch|p2a: Great Tusk|Great Tusk|100/100\n|-weather|SunnyDay|[from] ability: Drought|[of] p1a: Covered Wagon\n|-activate|p2a: Great Tusk|ability: Protosynthesis\n|-start|p2a: Great Tusk|protosynthesisatk\n|turn|1\n|\n|t:|1782450753\n|switch|p1a: Kitty|Venusaur, M|100/100\n|move|p2a: Great Tusk|Headlong Rush|p1a: Kitty\n|-damage|p1a: Kitty|0 fnt\n|-unboost|p2a: Great Tusk|def|1\n|-unboost|p2a: Great Tusk|spd|1\n|faint|p1a: Kitty\n|\n|-weather|SunnyDay|[upkeep]\n|upkeep\n|\n|t:|1782450763\n|switch|p1a: Barney|Walking Wake|100/100\n|-activate|p1a: Barney|ability: Protosynthesis\n|-start|p1a: Barney|protosynthesisspe\n|turn|2\n|\n|t:|1782450771\n|-end|p2a: Great Tusk|Protosynthesis|[silent]\n|switch|p2a: Meowscarada|Meowscarada, F, shiny|100/100\n|move|p1a: Barney|Draco Meteor|p2a: Meowscarada\n|-damage|p2a: Meowscarada|0 fnt\n|-unboost|p1a: Barney|spa|2\n|faint|p2a: Meowscarada\n|\n|-weather|SunnyDay|[upkeep]\n|upkeep\n|\n|t:|1782450796\n|switch|p2a: Iron Valiant|Iron Valiant|100/100\n|turn|3\n|inactive|error426 has 120 seconds left.\n|\n|t:|1782450826\n|-end|p1a: Barney|Protosynthesis|[silent]\n|switch|p1a: Covered Wagon|Ninetales, M|100/100\n|move|p2a: Iron Valiant|Close Combat|p1a: Covered Wagon\n|-damage|p1a: Covered Wagon|11/100\n|-unboost|p2a: Iron Valiant|def|1\n|-unboost|p2a: Iron Valiant|spd|1\n|\n|-weather|SunnyDay|[upkeep]\n|upkeep\n|turn|4\n|inactive|error426 has 120 seconds left.\n|\n|t:|1782450849\n|switch|p1a: Frisbee|Raging Bolt|100/100\n|-activate|p1a: Frisbee|ability: Protosynthesis\n|-start|p1a: Frisbee|protosynthesisspa\n|move|p2a: Iron Valiant|Close Combat|p1a: Frisbee\n|-damage|p1a: Frisbee|45/100\n|-unboost|p2a: Iron Valiant|def|1\n|-unboost|p2a: Iron Valiant|spd|1\n|\n|-weather|SunnyDay|[upkeep]\n|upkeep\n|turn|5\n|\n|t:|1782450861\n|-end|p2a: Iron Valiant|Quark Drive|[silent]\n|switch|p2a: Great Tusk|Great Tusk|100/100\n|-activate|p2a: Great Tusk|ability: Protosynthesis\n|-start|p2a: Great Tusk|protosynthesisatk\n|move|p1a: Frisbee|Thunderclap||[still]\n|-fail|p1a: Frisbee\n|\n|-weather|SunnyDay|[upkeep]\n|upkeep\n|turn|6\n|\n|t:|1782450878\n|move|p2a: Great Tusk|Headlong Rush|p1a: Frisbee\n|-supereffective|p1a: Frisbee\n|-damage|p1a: Frisbee|0 fnt\n|-unboost|p2a: Great Tusk|def|1\n|-unboost|p2a: Great Tusk|spd|1\n|faint|p1a: Frisbee\n|-end|p1a: Frisbee|Protosynthesis|[silent]\n|\n|-weather|SunnyDay|[upkeep]\n|upkeep\n|\n|t:|1782450886\n|switch|p1a: Barney|Walking Wake|100/100\n|-activate|p1a: Barney|ability: Protosynthesis\n|-start|p1a: Barney|protosynthesisspe\n|turn|7\n|\n|t:|1782450907\n|-end|p2a: Great Tusk|Protosynthesis|[silent]\n|switch|p2a: Dragapult|Dragapult, M|100/100\n|move|p1a: Barney|Hydro Steam|p2a: Dragapult\n|-resisted|p2a: Dragapult\n|-damage|p2a: Dragapult|56/100\n|\n|-weather|SunnyDay|[upkeep]\n|upkeep\n|turn|8\n|\n|t:|1782450919\n|move|p1a: Barney|Draco Meteor|p2a: Dragapult\n|-supereffective|p2a: Dragapult\n|-damage|p2a: Dragapult|0 fnt\n|-unboost|p1a: Barney|spa|2\n|faint|p2a: Dragapult\n|\n|-weather|none\n|-end|p1a: Barney|Protosynthesis\n|upkeep\n|inactive|xkxhxll has 120 seconds left.\n|\n|t:|1782450934\n|switch|p2a: Gengar|Gengar, M|100/100\n|turn|9\n|inactive|xkxhxll has 120 seconds left.\n|inactive|error426 has 120 seconds left.\n|\n|t:|1782450948\n|-end|p1a: Barney|Protosynthesis|[silent]\n|switch|p1a: Covered Wagon|Ninetales, M|11/100\n|-weather|SunnyDay|[from] ability: Drought|[of] p1a: Covered Wagon\n|move|p2a: Gengar|Shadow Ball|p1a: Covered Wagon\n|-damage|p1a: Covered Wagon|0 fnt\n|faint|p1a: Covered Wagon\n|\n|-weather|SunnyDay|[upkeep]\n|upkeep\n|inactive|error426 has 120 seconds left.\n|\n|t:|1782450966\n|switch|p1a: Scissors|Kingambit, F|100/100\n|-activate|p1a: Scissors|ability: Supreme Overlord\n|-start|p1a: Scissors|fallen3|[silent]\n|-item|p1a: Scissors|Air Balloon\n|turn|10\n|l|☆error426\n|inactive|error426 disconnected and has a minute to reconnect!\n|player|p1|\n|j|☆error426\n|inactive|error426 reconnected and has 90 seconds left.\n|player|p1|error426|gentleman-gen4|\n|\n|t:|1782451006\n|switch|p2a: Great Tusk|Great Tusk|100/100\n|-activate|p2a: Great Tusk|ability: Protosynthesis\n|-start|p2a: Great Tusk|protosynthesisatk\n|-terastallize|p1a: Scissors|Ghost\n|move|p1a: Scissors|Sucker Punch||[still]\n|-fail|p1a: Scissors\n|\n|-weather|SunnyDay|[upkeep]\n|upkeep\n|turn|11\n|inactive|error426 has 90 seconds left.\n|inactive|xkxhxll has 120 seconds left.\n|\n|t:|1782451026\n|-end|p1a: Scissors|fallen3|[silent]\n|switch|p1a: Barney|Walking Wake|100/100\n|-activate|p1a: Barney|ability: Protosynthesis\n|-start|p1a: Barney|protosynthesisspe\n|move|p2a: Great Tusk|Ice Spinner|p1a: Barney\n|-damage|p1a: Barney|64/100\n|\n|-weather|SunnyDay|[upkeep]\n|upkeep\n|turn|12\n|inactive|error426 has 90 seconds left.\n|inactive|xkxhxll has 120 seconds left.\n|\n|t:|1782451045\n|-end|p2a: Great Tusk|Protosynthesis|[silent]\n|switch|p2a: Kingambit|Kingambit, M, shiny|100/100\n|-activate|p2a: Kingambit|ability: Supreme Overlord\n|-start|p2a: Kingambit|fallen2|[silent]\n|move|p1a: Barney|Hydro Steam|p2a: Kingambit\n|-damage|p2a: Kingambit|32/100\n|\n|-weather|SunnyDay|[upkeep]\n|upkeep\n|turn|13\n|\n|t:|1782451056\n|-end|p2a: Kingambit|fallen2|[silent]\n|switch|p2a: Gengar|Gengar, M|100/100\n|move|p1a: Barney|Hydro Steam|p2a: Gengar\n|-damage|p2a: Gengar|0 fnt\n|-start|p1a: Barney|Disable|Hydro Steam|[from] ability: Cursed Body|[of] p2a: Gengar\n|faint|p2a: Gengar\n|\n|-weather|SunnyDay|[upkeep]\n|upkeep\n|\n|t:|1782451073\n|switch|p2a: Kingambit|Kingambit, M, shiny|32/100\n|-activate|p2a: Kingambit|ability: Supreme Overlord\n|-start|p2a: Kingambit|fallen3|[silent]\n|turn|14\n|\n|t:|1782451083\n|move|p2a: Kingambit|Sucker Punch|p1a: Barney\n|-damage|p1a: Barney|0 fnt\n|faint|p1a: Barney\n|-end|p1a: Barney|Protosynthesis|[silent]\n|\n|-weather|SunnyDay|[upkeep]\n|upkeep\n|inactive|error426 has 90 seconds left.\n|\n|t:|1782451100\n|switch|p1a: Pancake|Great Tusk|100/100\n|-activate|p1a: Pancake|ability: Protosynthesis\n|-start|p1a: Pancake|protosynthesisatk\n|turn|15\n|inactive|error426 has 90 seconds left.\n|\n|t:|1782451108\n|-end|p2a: Kingambit|fallen3|[silent]\n|switch|p2a: Iron Valiant|Iron Valiant|100/100\n|move|p1a: Pancake|Headlong Rush|p2a: Iron Valiant\n|-damage|p2a: Iron Valiant|0 fnt\n|-unboost|p1a: Pancake|def|1\n|-unboost|p1a: Pancake|spd|1\n|faint|p2a: Iron Valiant\n|-end|p2a: Iron Valiant|Quark Drive|[silent]\n|\n|-weather|SunnyDay|[upkeep]\n|upkeep\n|\n|t:|1782451121\n|switch|p2a: Great Tusk|Great Tusk|100/100\n|-activate|p2a: Great Tusk|ability: Protosynthesis\n|-start|p2a: Great Tusk|protosynthesisatk\n|turn|16\n|\n|t:|1782451128\n|-terastallize|p2a: Great Tusk|Ice\n|move|p2a: Great Tusk|Ice Spinner|p1a: Pancake\n|-supereffective|p1a: Pancake\n|-damage|p1a: Pancake|0 fnt\n|faint|p1a: Pancake\n|-end|p1a: Pancake|Protosynthesis|[silent]\n|\n|-weather|none\n|-end|p2a: Great Tusk|Protosynthesis\n|upkeep\n|\n|t:|1782451136\n|switch|p1a: Scissors|Kingambit, F, tera:Ghost|100/100\n|-activate|p1a: Scissors|ability: Supreme Overlord\n|-start|p1a: Scissors|fallen5|[silent]\n|-item|p1a: Scissors|Air Balloon\n|turn|17\n|\n|t:|1782451143\n|move|p2a: Great Tusk|Ice Spinner|p1a: Scissors\n|-crit|p1a: Scissors\n|-damage|p1a: Scissors|54/100\n|-enditem|p1a: Scissors|Air Balloon\n|move|p1a: Scissors|Iron Head|p2a: Great Tusk\n|-supereffective|p2a: Great Tusk\n|-crit|p2a: Great Tusk\n|-damage|p2a: Great Tusk|0 fnt\n|faint|p2a: Great Tusk\n|-end|p2a: Great Tusk|Protosynthesis|[silent]\n|\n|upkeep\n|inactive|xkxhxll has 120 seconds left.\n|\n|t:|1782451155\n|switch|p2a: Kingambit|Kingambit, M, shiny|32/100\n|-activate|p2a: Kingambit|ability: Supreme Overlord\n|-start|p2a: Kingambit|fallen5|[silent]\n|turn|18\n|inactive|error426 has 90 seconds left.\n|\n|t:|1782451191\n|move|p1a: Scissors|Sucker Punch|p2a: Kingambit\n|-resisted|p2a: Kingambit\n|-damage|p2a: Kingambit|9/100\n|move|p2a: Kingambit|Kowtow Cleave|p1a: Scissors\n|-supereffective|p1a: Scissors\n|-damage|p1a: Scissors|0 fnt\n|faint|p1a: Scissors\n|-end|p1a: Scissors|fallen5|[silent]\n|\n|win|xkxhxll\n|raw|error426's rating: 1295 &rarr; <strong>1265</strong><br />(-30 for losing)\n|raw|xkxhxll's rating: 1228 &rarr; <strong>1258</strong><br />(+30 for winning)\n|l|☆xkxhxll\n|player|p2|\n|l|☆error426\n|player|p1|\n", "uploadtime": 1782451525, "views": 5, "formatid": "gen9ou", "rating": 1258, "private": 0, "password": null}