{"id": "gen9ou-2540660219", "format": "[Gen 9] OU", "players": ["fck_yellow_magic", "zg4h11"], "log": "|j|☆fck_yellow_magic\n|j|☆zg4h11\n|t:|1771235840\n|gametype|singles\n|player|p1|fck_yellow_magic|janitor-gen9|1626\n|player|p2|zg4h11|2|1630\n|gen|9\n|tier|[Gen 9] OU\n|rated|\n|rule|HP Percentage Mod: HP is shown in percentages\n|rule|Endless Battle Clause: Forcing endless battles is banned\n|rule|Species Clause: Limit one of each Pokémon\n|rule|OHKO Clause: OHKO moves are banned\n|rule|Evasion Items Clause: Evasion items are banned\n|rule|Evasion Moves Clause: Evasion moves are banned\n|rule|Evasion Abilities Clause: Evasion abilities are banned\n|rule|Sleep Moves Clause: Sleep-inducing moves are banned\n|clearpoke\n|poke|p1|Iron Crown|\n|poke|p1|Enamorus, F|\n|poke|p1|Deoxys-Speed|\n|poke|p1|Probopass, F|\n|poke|p1|Great Tusk|\n|poke|p1|Dragapult, M|\n|poke|p2|Corviknight, M|\n|poke|p2|Darkrai|\n|poke|p2|Ogerpon-Wellspring, F|\n|poke|p2|Thundurus-Therian, M|\n|poke|p2|Tyranitar, F|\n|poke|p2|Clefable, M|\n|teampreview\n|j| peneplain\n|\n|t:|1771235853\n|teamsize|p1|6\n|teamsize|p2|6\n|start\n|switch|p1a: Deoxys|Deoxys-Speed|100/100\n|switch|p2a: Darkrai|Darkrai|100/100\n|-ability|p1a: Deoxys|Pressure\n|turn|1\n|\n|t:|1771235866\n|move|p2a: Darkrai|Dark Pulse|p1a: Deoxys\n|-supereffective|p1a: Deoxys\n|-damage|p1a: Deoxys|0 fnt\n|faint|p1a: Deoxys\n|\n|upkeep\n|\n|t:|1771235869\n|switch|p1a: Enamorus|Enamorus, F|100/100\n|turn|2\n|\n|t:|1771235879\n|switch|p2a: Corviknight|Corviknight, M|100/100\n|-ability|p2a: Corviknight|Pressure\n|move|p1a: Enamorus|Calm Mind|p1a: Enamorus\n|-boost|p1a: Enamorus|spa|1\n|-boost|p1a: Enamorus|spd|1\n|\n|upkeep\n|turn|3\n|inactive|Battle timer is ON: inactive players will automatically lose when time's up. (requested by zg4h11)\n|\n|t:|1771235910\n|move|p1a: Enamorus|Substitute|p1a: Enamorus\n|-start|p1a: Enamorus|Substitute\n|-damage|p1a: Enamorus|75/100\n|move|p2a: Corviknight|Brave Bird|p1a: Enamorus\n|-end|p1a: Enamorus|Substitute\n|-damage|p2a: Corviknight|94/100|[from] Recoil|[of] p1a: Enamorus\n|\n|-heal|p1a: Enamorus|82/100|[from] item: Leftovers\n|upkeep\n|turn|4\n|\n|t:|1771235918\n|switch|p1a: Probopass|Probopass, F|100/100\n|move|p2a: Corviknight|Brave Bird|p1a: Probopass\n|-resisted|p1a: Probopass\n|-damage|p1a: Probopass|95/100\n|-damage|p2a: Corviknight|78/100|[from] item: Rocky Helmet|[of] p1a: Probopass\n|-damage|p2a: Corviknight|76/100|[from] Recoil\n|\n|upkeep\n|turn|5\n|\n|t:|1771235927\n|move|p2a: Corviknight|Body Press|p1a: Probopass\n|-supereffective|p1a: Probopass\n|-damage|p1a: Probopass|35/100\n|-damage|p2a: Corviknight|60/100|[from] item: Rocky Helmet|[of] p1a: Probopass\n|move|p1a: Probopass|Thunder Wave|p2a: Corviknight\n|-status|p2a: Corviknight|par\n|\n|upkeep\n|turn|6\n|\n|t:|1771235936\n|move|p1a: Probopass|Body Press|p2a: Corviknight\n|-damage|p2a: Corviknight|40/100 par\n|-damage|p1a: Probopass|19/100|[from] item: Rocky Helmet|[of] p2a: Corviknight\n|move|p2a: Corviknight|Roost|p2a: Corviknight\n|-heal|p2a: Corviknight|90/100 par\n|-singleturn|p2a: Corviknight|move: Roost\n|\n|upkeep\n|turn|7\n|\n|t:|1771235949\n|move|p1a: Probopass|Stealth Rock|p2a: Corviknight\n|-sidestart|p2: zg4h11|move: Stealth Rock\n|cant|p2a: Corviknight|par\n|\n|upkeep\n|turn|8\n|\n|t:|1771235958\n|move|p1a: Probopass|Volt Switch|p2a: Corviknight\n|-supereffective|p2a: Corviknight\n|-damage|p2a: Corviknight|65/100 par\n|\n|t:|1771235962\n|switch|p1a: Dragapult|Dragapult, M|100/100|[from] Volt Switch\n|move|p2a: Corviknight|Defog|p1a: Dragapult\n|-unboost|p1a: Dragapult|evasion|1\n|-sideend|p2: zg4h11|Stealth Rock|[from] move: Defog|[of] p2a: Corviknight\n|\n|upkeep\n|turn|9\n|\n|t:|1771235972\n|switch|p2a: Tyranitar|Tyranitar, F|100/100\n|-weather|Sandstorm|[from] ability: Sand Stream|[of] p2a: Tyranitar\n|move|p1a: Dragapult|Dragon Dance|p1a: Dragapult\n|-boost|p1a: Dragapult|atk|1\n|-boost|p1a: Dragapult|spe|1\n|\n|-weather|Sandstorm|[upkeep]\n|-damage|p1a: Dragapult|95/100|[from] Sandstorm\n|-heal|p1a: Dragapult|100/100|[from] item: Leftovers\n|upkeep\n|turn|10\n|\n|t:|1771235982\n|switch|p1a: Probopass|Probopass, F|19/100\n|switch|p2a: Clefable|Clefable, M|100/100\n|\n|-weather|Sandstorm|[upkeep]\n|-damage|p2a: Clefable|94/100|[from] Sandstorm\n|-heal|p2a: Clefable|100/100|[from] item: Leftovers\n|upkeep\n|turn|11\n|\n|t:|1771236004\n|switch|p2a: Thundurus|Thundurus-Therian, M|100/100\n|move|p1a: Probopass|Volt Switch|p2a: Thundurus\n|-immune|p2a: Thundurus|[from] ability: Volt Absorb\n|\n|-weather|Sandstorm|[upkeep]\n|-damage|p2a: Thundurus|94/100|[from] Sandstorm\n|-heal|p2a: Thundurus|100/100|[from] item: Leftovers\n|upkeep\n|turn|12\n|j| g89puu8pp\n|\n|t:|1771236016\n|move|p2a: Thundurus|Thunderbolt|p1a: Probopass\n|-damage|p1a: Probopass|0 fnt\n|faint|p1a: Probopass\n|\n|-weather|Sandstorm|[upkeep]\n|-damage|p2a: Thundurus|94/100|[from] Sandstorm\n|-heal|p2a: Thundurus|100/100|[from] item: Leftovers\n|upkeep\n|\n|t:|1771236026\n|switch|p1a: Dragapult|Dragapult, M|100/100\n|turn|13\n|\n|t:|1771236029\n|switch|p2a: Clefable|Clefable, M|100/100\n|move|p1a: Dragapult|Dragon Darts|p2a: Clefable\n|-immune|p2a: Clefable\n|\n|-weather|none\n|upkeep\n|turn|14\n|\n|t:|1771236035\n|switch|p1a: Iron Crown|Iron Crown|100/100\n|-enditem|p1a: Iron Crown|Booster Energy\n|-activate|p1a: Iron Crown|ability: Quark Drive|[fromitem]\n|-start|p1a: Iron Crown|quarkdrivespa\n|move|p2a: Clefable|Thunder Wave|p1a: Iron Crown\n|-status|p1a: Iron Crown|par\n|\n|upkeep\n|turn|15\n|inactive|zg4h11 has 120 seconds left.\n|\n|t:|1771236067\n|switch|p2a: Thundurus|Thundurus-Therian, M|100/100\n|move|p1a: Iron Crown|Agility|p1a: Iron Crown\n|-boost|p1a: Iron Crown|spe|2\n|\n|upkeep\n|turn|16\n|\n|t:|1771236076\n|move|p2a: Thundurus|Thunderbolt|p1a: Iron Crown\n|-damage|p1a: Iron Crown|48/100 par\n|move|p1a: Iron Crown|Agility|p1a: Iron Crown\n|-boost|p1a: Iron Crown|spe|2\n|\n|upkeep\n|turn|17\n|l| peneplain\n|\n|t:|1771236087\n|move|p1a: Iron Crown|Calm Mind|p1a: Iron Crown\n|-boost|p1a: Iron Crown|spa|1\n|-boost|p1a: Iron Crown|spd|1\n|move|p2a: Thundurus|Thunderbolt|p1a: Iron Crown\n|-damage|p1a: Iron Crown|17/100 par\n|\n|upkeep\n|turn|18\n|\n|t:|1771236094\n|move|p1a: Iron Crown|Stored Power|p2a: Thundurus\n|-damage|p2a: Thundurus|0 fnt\n|faint|p2a: Thundurus\n|\n|upkeep\n|inactive|zg4h11 has 120 seconds left.\n|\n|t:|1771236126\n|switch|p2a: Tyranitar|Tyranitar, F|100/100\n|-weather|Sandstorm|[from] ability: Sand Stream|[of] p2a: Tyranitar\n|turn|19\n|\n|t:|1771236135\n|-terastallize|p2a: Tyranitar|Ghost\n|move|p1a: Iron Crown|Focus Blast|p2a: Tyranitar\n|-immune|p2a: Tyranitar\n|move|p2a: Tyranitar|Knock Off|p1a: Iron Crown\n|-supereffective|p1a: Iron Crown\n|-damage|p1a: Iron Crown|0 fnt\n|faint|p1a: Iron Crown\n|-end|p1a: Iron Crown|Quark Drive|[silent]\n|\n|-weather|Sandstorm|[upkeep]\n|-damage|p2a: Tyranitar|94/100|[from] Sandstorm\n|upkeep\n|\n|t:|1771236149\n|switch|p1a: Great Tusk|Great Tusk|100/100\n|-enditem|p1a: Great Tusk|Booster Energy\n|-activate|p1a: Great Tusk|ability: Protosynthesis|[fromitem]\n|-start|p1a: Great Tusk|protosynthesisspe\n|turn|20\n|inactive|zg4h11 has 120 seconds left.\n|\n|t:|1771236161\n|switch|p2a: Corviknight|Corviknight, M|65/100 par\n|-ability|p2a: Corviknight|Pressure\n|move|p1a: Great Tusk|Bulk Up|p1a: Great Tusk\n|-boost|p1a: Great Tusk|atk|1\n|-boost|p1a: Great Tusk|def|1\n|\n|-weather|Sandstorm|[upkeep]\n|upkeep\n|turn|21\n|inactive|zg4h11 has 120 seconds left.\n|\n|t:|1771236172\n|move|p1a: Great Tusk|Bulk Up|p1a: Great Tusk\n|-boost|p1a: Great Tusk|atk|1\n|-boost|p1a: Great Tusk|def|1\n|move|p2a: Corviknight|Roost|p2a: Corviknight\n|-heal|p2a: Corviknight|100/100 par\n|-singleturn|p2a: Corviknight|move: Roost\n|\n|-weather|Sandstorm|[upkeep]\n|upkeep\n|turn|22\n|\n|t:|1771236180\n|switch|p2a: Clefable|Clefable, M|100/100\n|move|p1a: Great Tusk|Bulk Up|p1a: Great Tusk\n|-boost|p1a: Great Tusk|atk|1\n|-boost|p1a: Great Tusk|def|1\n|\n|-weather|Sandstorm|[upkeep]\n|-damage|p2a: Clefable|94/100|[from] Sandstorm\n|-heal|p2a: Clefable|100/100|[from] item: Leftovers\n|upkeep\n|turn|23\n|\n|t:|1771236189\n|move|p1a: Great Tusk|Headlong Rush|p2a: Clefable\n|-damage|p2a: Clefable|60/100\n|-unboost|p1a: Great Tusk|def|1\n|-unboost|p1a: Great Tusk|spd|1\n|move|p2a: Clefable|Moonblast|p1a: Great Tusk\n|-supereffective|p1a: Great Tusk\n|-damage|p1a: Great Tusk|13/100\n|\n|-weather|none\n|-heal|p2a: Clefable|66/100|[from] item: Leftovers\n|upkeep\n|turn|24\n|\n|t:|1771236199\n|move|p1a: Great Tusk|Headlong Rush|p2a: Clefable\n|-damage|p2a: Clefable|26/100\n|-unboost|p1a: Great Tusk|def|1\n|-unboost|p1a: Great Tusk|spd|1\n|move|p2a: Clefable|Wish|p2a: Clefable\n|\n|-heal|p2a: Clefable|32/100|[from] item: Leftovers\n|upkeep\n|turn|25\n|\n|t:|1771236207\n|move|p2a: Clefable|Protect|p2a: Clefable\n|-singleturn|p2a: Clefable|Protect\n|move|p1a: Great Tusk|Headlong Rush|p2a: Clefable\n|-activate|p2a: Clefable|move: Protect\n|\n|-heal|p2a: Clefable|82/100|[from] move: Wish|[wisher] Clefable\n|-heal|p2a: Clefable|89/100|[from] item: Leftovers\n|upkeep\n|turn|26\n|\n|t:|1771236216\n|move|p1a: Great Tusk|Headlong Rush|p2a: Clefable\n|-damage|p2a: Clefable|46/100\n|-unboost|p1a: Great Tusk|def|1\n|-unboost|p1a: Great Tusk|spd|1\n|move|p2a: Clefable|Wish|p2a: Clefable\n|\n|-heal|p2a: Clefable|52/100|[from] item: Leftovers\n|upkeep\n|turn|27\n|\n|t:|1771236223\n|-end|p1a: Great Tusk|Protosynthesis|[silent]\n|switch|p1a: Enamorus|Enamorus, F|82/100\n|move|p2a: Clefable|Protect||[still]\n|-fail|p2a: Clefable\n|\n|-heal|p2a: Clefable|100/100|[from] move: Wish|[wisher] Clefable\n|-heal|p1a: Enamorus|88/100|[from] item: Leftovers\n|upkeep\n|turn|28\n|\n|t:|1771236232\n|switch|p2a: Tyranitar|Tyranitar, F, tera:Ghost|94/100\n|-weather|Sandstorm|[from] ability: Sand Stream|[of] p2a: Tyranitar\n|move|p1a: Enamorus|Substitute|p1a: Enamorus\n|-start|p1a: Enamorus|Substitute\n|-damage|p1a: Enamorus|63/100\n|\n|-weather|Sandstorm|[upkeep]\n|-damage|p1a: Enamorus|57/100|[from] Sandstorm\n|-damage|p2a: Tyranitar|88/100|[from] Sandstorm\n|-heal|p1a: Enamorus|63/100|[from] item: Leftovers\n|upkeep\n|turn|29\n|\n|t:|1771236242\n|move|p1a: Enamorus|Moonblast|p2a: Tyranitar\n|-damage|p2a: Tyranitar|60/100\n|move|p2a: Tyranitar|Iron Head|p1a: Enamorus\n|-supereffective|p1a: Enamorus\n|-end|p1a: Enamorus|Substitute\n|\n|-weather|Sandstorm|[upkeep]\n|-damage|p1a: Enamorus|57/100|[from] Sandstorm\n|-damage|p2a: Tyranitar|54/100|[from] Sandstorm\n|-heal|p1a: Enamorus|63/100|[from] item: Leftovers\n|upkeep\n|turn|30\n|\n|t:|1771236251\n|move|p1a: Enamorus|Moonblast|p2a: Tyranitar\n|-damage|p2a: Tyranitar|27/100\n|move|p2a: Tyranitar|Iron Head|p1a: Enamorus\n|-supereffective|p1a: Enamorus\n|-damage|p1a: Enamorus|0 fnt\n|faint|p1a: Enamorus\n|\n|-weather|Sandstorm|[upkeep]\n|-damage|p2a: Tyranitar|21/100|[from] Sandstorm\n|upkeep\n|\n|t:|1771236255\n|switch|p1a: Dragapult|Dragapult, M|100/100\n|turn|31\n|\n|t:|1771236262\n|move|p1a: Dragapult|Dragon Darts|p2a: Tyranitar\n|-damage|p2a: Tyranitar|0 fnt\n|faint|p2a: Tyranitar\n|\n|-weather|Sandstorm|[upkeep]\n|-damage|p1a: Dragapult|95/100|[from] Sandstorm\n|-heal|p1a: Dragapult|100/100|[from] item: Leftovers\n|upkeep\n|\n|t:|1771236274\n|switch|p2a: Darkrai|Darkrai|100/100\n|turn|32\n|-message|fck_yellow_magic forfeited.\n|\n|win|zg4h11\n|raw|fck_yellow_magic's rating: 1626 &rarr; <strong>1606</strong><br />(-20 for losing)\n|raw|zg4h11's rating: 1630 &rarr; <strong>1650</strong><br />(+20 for winning)\n|l|☆fck_yellow_magic\n|player|p1|\n|l|☆zg4h11\n|player|p2|\n|l| g89puu8pp\n", "uploadtime": 1771236496, "views": 9, "formatid": "gen9ou", "rating": 1606, "private": 0, "password": null}