{"id": "gen9ou-2540625983", "format": "[Gen 9] OU", "players": ["fluffycool", "bobo08"], "log": "|j|☆fluffycool\n|j|☆bobo08\n|t:|1771229765\n|gametype|singles\n|player|p1|fluffycool|schoolboy-gen2|1555\n|player|p2|bobo08|li|1542\n|gen|9\n|tier|[Gen 9] OU\n|rated|\n|rule|HP Percentage Mod: HP is shown in percentages\n|rule|Endless Battle Clause: Forcing endless battles is banned\n|rule|Species Clause: Limit one of each Pokémon\n|rule|OHKO Clause: OHKO moves are banned\n|rule|Evasion Items Clause: Evasion items are banned\n|rule|Evasion Moves Clause: Evasion moves are banned\n|rule|Evasion Abilities Clause: Evasion abilities are banned\n|rule|Sleep Moves Clause: Sleep-inducing moves are banned\n|clearpoke\n|poke|p1|Latios, M|\n|poke|p1|Gholdengo|\n|poke|p1|Clodsire, M|\n|poke|p1|Slowking, F|\n|poke|p1|Meowscarada, M|\n|poke|p1|Skarmory, M|\n|poke|p2|Sinistcha|\n|poke|p2|Samurott-Hisui, F|\n|poke|p2|Iron Valiant|\n|poke|p2|Ting-Lu|\n|poke|p2|Kyurem|\n|poke|p2|Dragapult, F|\n|teampreview\n|inactive|Battle timer is ON: inactive players will automatically lose when time's up. (requested by fluffycool)\n|\n|t:|1771229781\n|teamsize|p1|6\n|teamsize|p2|6\n|start\n|switch|p1a: Meowscarada|Meowscarada, M|100/100\n|switch|p2a: Samurott|Samurott-Hisui, F|100/100\n|turn|1\n|\n|t:|1771229789\n|switch|p1a: Skarmory|Skarmory, M|100/100\n|switch|p2a: Ting-Lu|Ting-Lu|100/100\n|-ability|p2a: Ting-Lu|Vessel of Ruin\n|\n|upkeep\n|turn|2\n|\n|t:|1771229794\n|move|p1a: Skarmory|Spikes|p2a: Ting-Lu\n|-sidestart|p2: bobo08|Spikes\n|move|p2a: Ting-Lu|Ruination|p1a: Skarmory\n|-damage|p1a: Skarmory|51/100\n|\n|upkeep\n|turn|3\n|\n|t:|1771229797\n|move|p1a: Skarmory|Spikes|p2a: Ting-Lu\n|-sidestart|p2: bobo08|Spikes\n|move|p2a: Ting-Lu|Stealth Rock|p1a: Skarmory\n|-sidestart|p1: fluffycool|move: Stealth Rock\n|\n|upkeep\n|turn|4\n|\n|t:|1771229806\n|move|p1a: Skarmory|Roost|p1a: Skarmory\n|-heal|p1a: Skarmory|100/100\n|-singleturn|p1a: Skarmory|move: Roost\n|move|p2a: Ting-Lu|Ruination|p1a: Skarmory\n|-damage|p1a: Skarmory|51/100\n|\n|upkeep\n|turn|5\n|\n|t:|1771229809\n|move|p1a: Skarmory|Body Press|p2a: Ting-Lu\n|-supereffective|p2a: Ting-Lu\n|-damage|p2a: Ting-Lu|67/100\n|move|p2a: Ting-Lu|Earthquake|p1a: Skarmory\n|-immune|p1a: Skarmory\n|\n|-heal|p2a: Ting-Lu|73/100|[from] item: Leftovers\n|upkeep\n|turn|6\n|\n|t:|1771229813\n|move|p1a: Skarmory|Body Press|p2a: Ting-Lu\n|-supereffective|p2a: Ting-Lu\n|-damage|p2a: Ting-Lu|37/100\n|move|p2a: Ting-Lu|Whirlwind|p1a: Skarmory\n|drag|p1a: Gholdengo|Gholdengo|100/100\n|-damage|p1a: Gholdengo|94/100|[from] Stealth Rock\n|-item|p1a: Gholdengo|Air Balloon\n|\n|-heal|p2a: Ting-Lu|43/100|[from] item: Leftovers\n|upkeep\n|turn|7\n|\n|t:|1771229819\n|move|p1a: Gholdengo|Make It Rain|p2a: Ting-Lu\n|-damage|p2a: Ting-Lu|12/100\n|-unboost|p1a: Gholdengo|spa|1\n|move|p2a: Ting-Lu|Ruination|p1a: Gholdengo|[miss]\n|-miss|p2a: Ting-Lu|p1a: Gholdengo\n|\n|-heal|p2a: Ting-Lu|18/100|[from] item: Leftovers\n|upkeep\n|turn|8\n|\n|t:|1771229826\n|move|p1a: Gholdengo|Make It Rain|p2a: Ting-Lu\n|-damage|p2a: Ting-Lu|0 fnt\n|-unboost|p1a: Gholdengo|spa|1\n|faint|p2a: Ting-Lu\n|\n|upkeep\n|\n|t:|1771229832\n|switch|p2a: Dragapult|Dragapult, F|100/100\n|-damage|p2a: Dragapult|84/100|[from] Spikes\n|turn|9\n|\n|t:|1771229843\n|switch|p1a: Clodsire|Clodsire, M|100/100\n|move|p2a: Dragapult|U-turn|p1a: Clodsire\n|-resisted|p1a: Clodsire\n|-damage|p1a: Clodsire|82/100\n|\n|t:|1771229848\n|switch|p2a: Kyurem|Kyurem|100/100|[from] U-turn\n|-damage|p2a: Kyurem|84/100|[from] Spikes\n|-ability|p2a: Kyurem|Pressure\n|\n|upkeep\n|turn|10\n|\n|t:|1771229856\n|switch|p1a: Slowking|Slowking, F|100/100\n|move|p2a: Kyurem|Ice Beam|p1a: Slowking\n|-resisted|p1a: Slowking\n|-damage|p1a: Slowking|78/100\n|\n|upkeep\n|turn|11\n|\n|t:|1771229864\n|switch|p2a: Sinistcha|Sinistcha|100/100\n|-prepare|p1a: Slowking|Chilly Reception|[premajor]\n|move|p1a: Slowking|Chilly Reception|p1a: Slowking\n|-weather|Snowscape\n|\n|t:|1771229868\n|switch|p1a: Clodsire|Clodsire, M|82/100|[from] Chilly Reception\n|\n|-weather|Snowscape|[upkeep]\n|upkeep\n|turn|12\n|\n|t:|1771229880\n|switch|p2a: Samurott|Samurott-Hisui, F|100/100\n|-damage|p2a: Samurott|84/100|[from] Spikes\n|move|p1a: Clodsire|Stealth Rock|p2a: Samurott\n|-sidestart|p2: bobo08|move: Stealth Rock\n|\n|-weather|Snowscape|[upkeep]\n|upkeep\n|turn|13\n|\n|t:|1771229887\n|switch|p1a: Meowscarada|Meowscarada, M|100/100\n|move|p2a: Samurott|Knock Off|p1a: Meowscarada\n|-resisted|p1a: Meowscarada\n|-damage|p1a: Meowscarada|65/100\n|-enditem|p1a: Meowscarada|Heavy-Duty Boots|[from] move: Knock Off|[of] p2a: Samurott\n|\n|-weather|Snowscape|[upkeep]\n|upkeep\n|turn|14\n|\n|t:|1771229894\n|switch|p2a: Sinistcha|Sinistcha|100/100\n|move|p1a: Meowscarada|U-turn|p2a: Sinistcha\n|-start|p1a: Meowscarada|typechange|Bug|[from] ability: Protean\n|-damage|p2a: Sinistcha|77/100\n|\n|t:|1771229898\n|switch|p1a: Clodsire|Clodsire, M|82/100|[from] U-turn\n|\n|-weather|Snowscape|[upkeep]\n|upkeep\n|turn|15\n|\n|t:|1771229904\n|switch|p2a: Samurott|Samurott-Hisui, F|84/100\n|-damage|p2a: Samurott|67/100|[from] Spikes\n|-damage|p2a: Samurott|55/100|[from] Stealth Rock\n|move|p1a: Clodsire|Toxic|p2a: Samurott\n|-status|p2a: Samurott|tox\n|\n|-weather|none\n|-damage|p2a: Samurott|49/100 tox|[from] psn\n|upkeep\n|turn|16\n|\n|t:|1771229911\n|switch|p1a: Meowscarada|Meowscarada, M|65/100\n|-damage|p1a: Meowscarada|52/100|[from] Stealth Rock\n|move|p2a: Samurott|Ceaseless Edge|p1a: Meowscarada\n|-resisted|p1a: Meowscarada\n|-damage|p1a: Meowscarada|20/100\n|-sidestart|p1: fluffycool|Spikes\n|\n|-damage|p2a: Samurott|36/100 tox|[from] psn\n|upkeep\n|turn|17\n|\n|t:|1771229921\n|switch|p2a: Sinistcha|Sinistcha|77/100\n|move|p1a: Meowscarada|U-turn|p2a: Sinistcha\n|-start|p1a: Meowscarada|typechange|Bug|[from] ability: Protean\n|-damage|p2a: Sinistcha|53/100\n|\n|t:|1771229927\n|switch|p1a: Latoes|Latios, M|100/100|[from] U-turn\n|-damage|p1a: Latoes|88/100|[from] Stealth Rock\n|\n|upkeep\n|turn|18\n|\n|t:|1771229931\n|move|p1a: Latoes|Draco Meteor|p2a: Sinistcha\n|-damage|p2a: Sinistcha|0 fnt\n|-unboost|p1a: Latoes|spa|2\n|faint|p2a: Sinistcha\n|\n|upkeep\n|\n|t:|1771229935\n|switch|p2a: Samurott|Samurott-Hisui, F|36/100 tox\n|-damage|p2a: Samurott|20/100 tox|[from] Spikes\n|-damage|p2a: Samurott|7/100 tox|[from] Stealth Rock\n|turn|19\n|\n|t:|1771229940\n|switch|p1a: Meowscarada|Meowscarada, M|20/100\n|-damage|p1a: Meowscarada|8/100|[from] Stealth Rock\n|-damage|p1a: Meowscarada|0 fnt|[from] Spikes\n|faint|p1a: Meowscarada\n|move|p2a: Samurott|Ceaseless Edge|p1: Meowscarada|[notarget]\n|-fail|p2a: Samurott\n|\n|-damage|p2a: Samurott|1/100 tox|[from] psn\n|upkeep\n|\n|t:|1771229953\n|switch|p1a: Skarmory|Skarmory, M|51/100\n|-damage|p1a: Skarmory|38/100|[from] Stealth Rock\n|turn|20\n|\n|t:|1771229957\n|move|p2a: Samurott|Ceaseless Edge|p1a: Skarmory\n|-damage|p1a: Skarmory|7/100\n|-damage|p2a: Samurott|0 fnt|[from] item: Rocky Helmet|[of] p1a: Skarmory\n|faint|p2a: Samurott\n|move|p1a: Skarmory|Roost|p1a: Skarmory\n|-heal|p1a: Skarmory|57/100\n|-singleturn|p1a: Skarmory|move: Roost\n|\n|upkeep\n|\n|t:|1771229974\n|switch|p2a: Iron Valiant|Iron Valiant|100/100\n|-damage|p2a: Iron Valiant|84/100|[from] Spikes\n|-damage|p2a: Iron Valiant|78/100|[from] Stealth Rock\n|-enditem|p2a: Iron Valiant|Booster Energy\n|-activate|p2a: Iron Valiant|ability: Quark Drive|[fromitem]\n|-start|p2a: Iron Valiant|quarkdrivespe\n|turn|21\n|\n|t:|1771229980\n|move|p2a: Iron Valiant|Encore|p1a: Skarmory\n|-start|p1a: Skarmory|Encore\n|move|p1a: Skarmory|Roost|p1a: Skarmory\n|-heal|p1a: Skarmory|100/100\n|-singleturn|p1a: Skarmory|move: Roost\n|\n|upkeep\n|turn|22\n|\n|t:|1771229986\n|switch|p1a: Clodsire|Clodsire, M|82/100\n|move|p2a: Iron Valiant|Calm Mind|p2a: Iron Valiant\n|-boost|p2a: Iron Valiant|spa|1\n|-boost|p2a: Iron Valiant|spd|1\n|\n|upkeep\n|turn|23\n|\n|t:|1771229992\n|-end|p2a: Iron Valiant|Quark Drive|[silent]\n|switch|p2a: Kyurem|Kyurem|84/100\n|-damage|p2a: Kyurem|67/100|[from] Spikes\n|-damage|p2a: Kyurem|42/100|[from] Stealth Rock\n|-ability|p2a: Kyurem|Pressure\n|move|p1a: Clodsire|Toxic|p2a: Kyurem\n|-status|p2a: Kyurem|tox\n|\n|-damage|p2a: Kyurem|36/100 tox|[from] psn\n|upkeep\n|turn|24\n|\n|t:|1771230000\n|switch|p1a: Slowking|Slowking, F|100/100\n|move|p2a: Kyurem|Draco Meteor|p1a: Slowking\n|-damage|p1a: Slowking|44/100\n|-unboost|p2a: Kyurem|spa|2\n|\n|-damage|p2a: Kyurem|24/100 tox|[from] psn\n|upkeep\n|turn|25\n|\n|t:|1771230006\n|switch|p2a: Iron Valiant|Iron Valiant|78/100\n|-damage|p2a: Iron Valiant|61/100|[from] Spikes\n|-damage|p2a: Iron Valiant|55/100|[from] Stealth Rock\n|move|p1a: Slowking|Psychic Noise|p2a: Iron Valiant\n|-supereffective|p2a: Iron Valiant\n|-damage|p2a: Iron Valiant|0 fnt\n|faint|p2a: Iron Valiant\n|-end|p2a: Iron Valiant|Quark Drive|[silent]\n|\n|upkeep\n|\n|t:|1771230012\n|switch|p2a: Dragapult|Dragapult, F|84/100\n|-damage|p2a: Dragapult|68/100|[from] Spikes\n|-damage|p2a: Dragapult|55/100|[from] Stealth Rock\n|turn|26\n|\n|t:|1771230020\n|switch|p1a: Gholdengo|Gholdengo|94/100\n|-damage|p1a: Gholdengo|88/100|[from] Stealth Rock\n|-item|p1a: Gholdengo|Air Balloon\n|-terastallize|p2a: Dragapult|Ghost\n|move|p2a: Dragapult|Tera Blast|p1a: Gholdengo|[anim] Tera Blast Ghost\n|-supereffective|p1a: Gholdengo\n|-damage|p1a: Gholdengo|0 fnt\n|-enditem|p1a: Gholdengo|Air Balloon\n|faint|p1a: Gholdengo\n|\n|upkeep\n|\n|t:|1771230029\n|switch|p1a: Clodsire|Clodsire, M|82/100\n|turn|27\n|\n|t:|1771230034\n|-terastallize|p1a: Clodsire|Dark\n|move|p2a: Dragapult|Tera Blast|p1a: Clodsire|[anim] Tera Blast Ghost\n|-resisted|p1a: Clodsire\n|-damage|p1a: Clodsire|36/100\n|move|p1a: Clodsire|Toxic|p2a: Dragapult\n|-status|p2a: Dragapult|tox\n|\n|-damage|p2a: Dragapult|49/100 tox|[from] psn\n|upkeep\n|turn|28\n|\n|t:|1771230041\n|move|p2a: Dragapult|Tera Blast|p1a: Clodsire|[anim] Tera Blast Ghost\n|-resisted|p1a: Clodsire\n|-damage|p1a: Clodsire|0 fnt\n|faint|p1a: Clodsire\n|\n|-damage|p2a: Dragapult|37/100 tox|[from] psn\n|upkeep\n|\n|t:|1771230048\n|switch|p1a: Slowking|Slowking, F|77/100\n|turn|29\n|\n|t:|1771230051\n|switch|p1a: Latoes|Latios, M|88/100\n|-damage|p1a: Latoes|76/100|[from] Stealth Rock\n|move|p2a: Dragapult|Tera Blast|p1a: Latoes|[anim] Tera Blast Ghost\n|-supereffective|p1a: Latoes\n|-damage|p1a: Latoes|0 fnt\n|faint|p1a: Latoes\n|\n|-damage|p2a: Dragapult|19/100 tox|[from] psn\n|upkeep\n|\n|t:|1771230055\n|switch|p1a: Slowking|Slowking, F|100/100\n|turn|30\n|\n|t:|1771230058\n|move|p2a: Dragapult|Tera Blast|p1a: Slowking|[anim] Tera Blast Ghost\n|-supereffective|p1a: Slowking\n|-damage|p1a: Slowking|0 fnt\n|faint|p1a: Slowking\n|\n|-damage|p2a: Dragapult|0 fnt|[from] psn\n|faint|p2a: Dragapult\n|upkeep\n|\n|t:|1771230061\n|switch|p2a: Kyurem|Kyurem|24/100 tox\n|switch|p1a: Skarmory|Skarmory, M|100/100\n|-damage|p2a: Kyurem|7/100 tox|[from] Spikes\n|-damage|p2a: Kyurem|0 fnt|[from] Stealth Rock\n|faint|p2a: Kyurem\n|\n|win|fluffycool\n|raw|fluffycool's rating: 1555 &rarr; <strong>1574</strong><br />(+19 for winning)\n|raw|bobo08's rating: 1542 &rarr; <strong>1523</strong><br />(-19 for losing)\n|l|☆bobo08\n|player|p2|\n|l|☆fluffycool\n|player|p1|\n", "uploadtime": 1771230272, "views": 8, "formatid": "gen9ou", "rating": 1523, "private": 0, "password": null}