{"id": "gen9ou-2540596898", "format": "[Gen 9] OU", "players": ["ceo o wo chien", "rblt ryo"], "log": "|j|☆ceo o wo chien\n|j|☆rblt ryo\n|t:|1771224253\n|gametype|singles\n|player|p1|ceo o wo chien|1|1745\n|player|p2|rblt ryo|dawn|1678\n|gen|9\n|tier|[Gen 9] OU\n|rated|\n|rule|HP Percentage Mod: HP is shown in percentages\n|rule|Endless Battle Clause: Forcing endless battles is banned\n|rule|Species Clause: Limit one of each Pokémon\n|rule|OHKO Clause: OHKO moves are banned\n|rule|Evasion Items Clause: Evasion items are banned\n|rule|Evasion Moves Clause: Evasion moves are banned\n|rule|Evasion Abilities Clause: Evasion abilities are banned\n|rule|Sleep Moves Clause: Sleep-inducing moves are banned\n|clearpoke\n|poke|p1|Primarina, F|\n|poke|p1|Iron Crown|\n|poke|p1|Great Tusk|\n|poke|p1|Wo-Chien|\n|poke|p1|Moltres|\n|poke|p1|Dragapult, F|\n|poke|p2|Metagross|\n|poke|p2|Keldeo-Resolute|\n|poke|p2|Ting-Lu|\n|poke|p2|Pecharunt|\n|poke|p2|Dragapult, F|\n|poke|p2|Zapdos|\n|teampreview\n|inactive|Battle timer is ON: inactive players will automatically lose when time's up. (requested by ceo o wo chien)\n|inactive|rblt ryo has 120 seconds left.\n|\n|t:|1771224288\n|teamsize|p1|6\n|teamsize|p2|6\n|start\n|switch|p1a: Dragapult|Dragapult, F|100/100\n|switch|p2a: Pecharunt|Pecharunt|100/100\n|turn|1\n|\n|t:|1771224303\n|move|p1a: Dragapult|U-turn|p2a: Pecharunt\n|-resisted|p2a: Pecharunt\n|-damage|p2a: Pecharunt|96/100\n|\n|t:|1771224305\n|switch|p1a: Iron Crown|Iron Crown|100/100|[from] U-turn\n|move|p2a: Pecharunt|Malignant Chain|p1a: Iron Crown\n|-immune|p1a: Iron Crown\n|\n|upkeep\n|turn|2\n|\n|t:|1771224313\n|switch|p2a: Ting-Lu|Ting-Lu|100/100\n|-ability|p2a: Ting-Lu|Vessel of Ruin\n|move|p1a: Iron Crown|Tachyon Cutter|p2a: Ting-Lu\n|-damage|p2a: Ting-Lu|84/100\n|-damage|p2a: Ting-Lu|67/100\n|-hitcount|p2a: Ting-Lu|2\n|\n|-heal|p2a: Ting-Lu|74/100|[from] item: Leftovers\n|upkeep\n|turn|3\n|j| nonchalantbufalant\n|\n|t:|1771224329\n|-end|p1a: Iron Crown|Quark Drive|[silent]\n|switch|p1a: Primarina|Primarina, F|100/100\n|move|p2a: Ting-Lu|Stealth Rock|p1a: Primarina\n|-sidestart|p1: ceo o wo chien|move: Stealth Rock\n|\n|-heal|p2a: Ting-Lu|80/100|[from] item: Leftovers\n|upkeep\n|turn|4\n|c| nonchalantbufalant|Oh shit the wo chien is here\n|\n|t:|1771224346\n|-terastallize|p2a: Ting-Lu|Water\n|move|p1a: Primarina|Surf|p2a: Ting-Lu\n|-resisted|p2a: Ting-Lu\n|-damage|p2a: Ting-Lu|70/100\n|move|p2a: Ting-Lu|Ruination|p1a: Primarina\n|-damage|p1a: Primarina|51/100\n|\n|-heal|p2a: Ting-Lu|76/100|[from] item: Leftovers\n|upkeep\n|turn|5\n|\n|t:|1771224356\n|move|p1a: Primarina|Flip Turn|p2a: Ting-Lu\n|-resisted|p2a: Ting-Lu\n|-damage|p2a: Ting-Lu|72/100\n|\n|t:|1771224360\n|switch|p1a: Wo-Chien|Wo-Chien|100/100|[from] Flip Turn\n|-damage|p1a: Wo-Chien|88/100|[from] Stealth Rock\n|-ability|p1a: Wo-Chien|Tablets of Ruin\n|move|p2a: Ting-Lu|Ruination|p1a: Wo-Chien\n|-damage|p1a: Wo-Chien|44/100\n|\n|-heal|p1a: Wo-Chien|50/100|[from] item: Leftovers\n|-heal|p2a: Ting-Lu|79/100|[from] item: Leftovers\n|upkeep\n|turn|6\n|\n|t:|1771224383\n|move|p1a: Wo-Chien|Leech Seed|p2a: Ting-Lu\n|-start|p2a: Ting-Lu|move: Leech Seed\n|move|p2a: Ting-Lu|Ruination|p1a: Wo-Chien|[miss]\n|-miss|p2a: Ting-Lu|p1a: Wo-Chien\n|\n|-heal|p1a: Wo-Chien|57/100|[from] item: Leftovers\n|-heal|p2a: Ting-Lu|85/100|[from] item: Leftovers\n|-damage|p2a: Ting-Lu|72/100|[from] Leech Seed|[of] p1a: Wo-Chien\n|-heal|p1a: Wo-Chien|74/100|[silent]\n|upkeep\n|turn|7\n|\n|t:|1771224403\n|switch|p2a: Pecharunt|Pecharunt|96/100\n|move|p1a: Wo-Chien|Taunt|p2a: Pecharunt\n|-start|p2a: Pecharunt|move: Taunt\n|\n|-heal|p1a: Wo-Chien|80/100|[from] item: Leftovers\n|upkeep\n|turn|8\n|inactive|rblt ryo has 120 seconds left.\n|\n|t:|1771224418\n|switch|p1a: Iron Crown|Iron Crown|100/100\n|-damage|p1a: Iron Crown|94/100|[from] Stealth Rock\n|move|p2a: Pecharunt|Malignant Chain|p1a: Iron Crown\n|-immune|p1a: Iron Crown\n|\n|upkeep\n|turn|9\n|\n|t:|1771224428\n|move|p1a: Iron Crown|Volt Switch|p2a: Pecharunt\n|-damage|p2a: Pecharunt|62/100\n|\n|t:|1771224430\n|-end|p1a: Iron Crown|Quark Drive|[silent]\n|switch|p1a: Dragapult|Dragapult, F|100/100|[from] Volt Switch\n|-damage|p1a: Dragapult|88/100|[from] Stealth Rock\n|move|p2a: Pecharunt|Malignant Chain|p1a: Dragapult\n|-resisted|p1a: Dragapult\n|-damage|p1a: Dragapult|67/100\n|\n|-end|p2a: Pecharunt|move: Taunt\n|upkeep\n|turn|10\n|\n|t:|1771224440\n|switch|p2a: Ting-Lu|Ting-Lu, tera:Water|72/100\n|-ability|p2a: Ting-Lu|Vessel of Ruin\n|-terastallize|p1a: Dragapult|Ghost\n|move|p1a: Dragapult|Tera Blast|p2a: Ting-Lu|[anim] Tera Blast Ghost\n|-damage|p2a: Ting-Lu|27/100\n|\n|-heal|p2a: Ting-Lu|34/100|[from] item: Leftovers\n|upkeep\n|turn|11\n|\n|t:|1771224458\n|move|p1a: Dragapult|Tera Blast|p2a: Ting-Lu|[anim] Tera Blast Ghost\n|-damage|p2a: Ting-Lu|0 fnt\n|faint|p2a: Ting-Lu\n|\n|upkeep\n|\n|t:|1771224460\n|switch|p2a: Dragapult|Dragapult, F|100/100\n|turn|12\n|\n|t:|1771224469\n|switch|p1a: Wo-Chien|Wo-Chien|80/100\n|-damage|p1a: Wo-Chien|68/100|[from] Stealth Rock\n|-ability|p1a: Wo-Chien|Tablets of Ruin\n|move|p2a: Dragapult|Shadow Ball|p1a: Wo-Chien\n|-resisted|p1a: Wo-Chien\n|-damage|p1a: Wo-Chien|53/100\n|\n|-heal|p1a: Wo-Chien|59/100|[from] item: Leftovers\n|upkeep\n|turn|13\n|\n|t:|1771224481\n|switch|p2a: Keldeo|Keldeo-Resolute, shiny|100/100\n|move|p1a: Wo-Chien|Leech Seed|p2a: Keldeo\n|-start|p2a: Keldeo|move: Leech Seed\n|\n|-heal|p1a: Wo-Chien|65/100|[from] item: Leftovers\n|-damage|p2a: Keldeo|88/100|[from] Leech Seed|[of] p1a: Wo-Chien\n|-heal|p1a: Wo-Chien|76/100|[silent]\n|upkeep\n|turn|14\n|\n|t:|1771224487\n|switch|p2a: Zapdos|Zapdos|100/100\n|switch|p1a: Primarina|Primarina, F|51/100\n|-damage|p1a: Primarina|38/100|[from] Stealth Rock\n|\n|upkeep\n|turn|15\n|\n|t:|1771224494\n|switch|p1a: Iron Crown|Iron Crown|94/100\n|-damage|p1a: Iron Crown|88/100|[from] Stealth Rock\n|move|p2a: Zapdos|Volt Switch|p1a: Iron Crown\n|-damage|p1a: Iron Crown|51/100\n|\n|t:|1771224498\n|switch|p2a: Dragapult|Dragapult, F|100/100|[from] Volt Switch\n|\n|upkeep\n|turn|16\n|\n|t:|1771224506\n|-end|p1a: Iron Crown|Quark Drive|[silent]\n|switch|p1a: Moltres|Moltres|100/100\n|move|p2a: Dragapult|Shadow Ball|p1a: Moltres\n|-damage|p1a: Moltres|64/100\n|-unboost|p1a: Moltres|spd|1\n|\n|upkeep\n|turn|17\n|\n|t:|1771224513\n|switch|p1a: Wo-Chien|Wo-Chien|76/100\n|-damage|p1a: Wo-Chien|64/100|[from] Stealth Rock\n|-ability|p1a: Wo-Chien|Tablets of Ruin\n|move|p2a: Dragapult|Shadow Ball|p1a: Wo-Chien\n|-resisted|p1a: Wo-Chien\n|-damage|p1a: Wo-Chien|50/100\n|\n|-heal|p1a: Wo-Chien|56/100|[from] item: Leftovers\n|upkeep\n|turn|18\n|\n|t:|1771224524\n|switch|p2a: Keldeo|Keldeo-Resolute, shiny|88/100\n|move|p1a: Wo-Chien|Leech Seed|p2a: Keldeo\n|-start|p2a: Keldeo|move: Leech Seed\n|\n|-heal|p1a: Wo-Chien|62/100|[from] item: Leftovers\n|-damage|p2a: Keldeo|76/100|[from] Leech Seed|[of] p1a: Wo-Chien\n|-heal|p1a: Wo-Chien|73/100|[silent]\n|upkeep\n|turn|19\n|\n|t:|1771224542\n|switch|p2a: Zapdos|Zapdos|100/100\n|switch|p1a: Primarina|Primarina, F|38/100\n|-damage|p1a: Primarina|26/100|[from] Stealth Rock\n|\n|upkeep\n|turn|20\n|\n|t:|1771224552\n|switch|p1a: Iron Crown|Iron Crown|51/100\n|-damage|p1a: Iron Crown|45/100|[from] Stealth Rock\n|move|p2a: Zapdos|Volt Switch|p1a: Iron Crown\n|-damage|p1a: Iron Crown|6/100\n|\n|t:|1771224557\n|switch|p2a: Dragapult|Dragapult, F|100/100|[from] Volt Switch\n|\n|upkeep\n|turn|21\n|\n|t:|1771224579\n|move|p2a: Dragapult|Shadow Ball|p1a: Iron Crown\n|-supereffective|p1a: Iron Crown\n|-damage|p1a: Iron Crown|0 fnt\n|faint|p1a: Iron Crown\n|-end|p1a: Iron Crown|Quark Drive|[silent]\n|\n|upkeep\n|\n|t:|1771224583\n|switch|p1a: Wo-Chien|Wo-Chien|73/100\n|-damage|p1a: Wo-Chien|60/100|[from] Stealth Rock\n|-ability|p1a: Wo-Chien|Tablets of Ruin\n|turn|22\n|\n|t:|1771224609\n|switch|p2a: Zapdos|Zapdos|100/100\n|move|p1a: Wo-Chien|Leech Seed|p2a: Zapdos\n|-start|p2a: Zapdos|move: Leech Seed\n|\n|-heal|p1a: Wo-Chien|67/100|[from] item: Leftovers\n|-damage|p2a: Zapdos|88/100|[from] Leech Seed|[of] p1a: Wo-Chien\n|-heal|p1a: Wo-Chien|77/100|[silent]\n|upkeep\n|turn|23\n|\n|t:|1771224619\n|move|p2a: Zapdos|Hurricane|p1a: Wo-Chien|[miss]\n|-miss|p2a: Zapdos|p1a: Wo-Chien\n|move|p1a: Wo-Chien|Foul Play|p2a: Zapdos\n|-crit|p2a: Zapdos\n|-damage|p2a: Zapdos|49/100\n|\n|-heal|p1a: Wo-Chien|83/100|[from] item: Leftovers\n|-damage|p2a: Zapdos|37/100|[from] Leech Seed|[of] p1a: Wo-Chien\n|-heal|p1a: Wo-Chien|94/100|[silent]\n|upkeep\n|turn|24\n|j| Kyurem\n|\n|t:|1771224630\n|switch|p1a: Dragapult|Dragapult, F, tera:Ghost|67/100\n|-damage|p1a: Dragapult|55/100|[from] Stealth Rock\n|move|p2a: Zapdos|Hurricane|p1a: Dragapult\n|-crit|p1a: Dragapult\n|-damage|p1a: Dragapult|0 fnt\n|faint|p1a: Dragapult\n|\n|upkeep\n|\n|t:|1771224643\n|switch|p1a: Primarina|Primarina, F|26/100\n|-damage|p1a: Primarina|13/100|[from] Stealth Rock\n|turn|25\n|-enditem|p1a: Primarina|Custap Berry|[eat]\n|-activate|p1a: Primarina|item: Custap Berry|[consumed]\n|\n|t:|1771224662\n|move|p1a: Primarina|Surf|p2a: Zapdos\n|-damage|p2a: Zapdos|0 fnt\n|faint|p2a: Zapdos\n|\n|upkeep\n|inactive|rblt ryo has 120 seconds left.\n|-message|ceo o wo chien forfeited.\n|\n|win|rblt ryo\n|raw|ceo o wo chien's rating: 1722 &rarr; <strong>1699</strong><br />(-23 for losing)\n|raw|rblt ryo's rating: 1678 &rarr; <strong>1701</strong><br />(+23 for winning)\n|l|☆ceo o wo chien\n|player|p1|\n|l| nonchalantbufalant\n", "uploadtime": 1771224891, "views": 11, "formatid": "gen9ou", "rating": 1699, "private": 0, "password": null}