{"id": "gen9ou-2540802196", "format": "[Gen 9] OU", "players": ["getreyal", "Dhrabb"], "log": "|badge|p1|bronze|gen9ou|100-8\n|uhtml|medal-msg|<div class=\"broadcast-blue\">Curious what those medals under the avatar are? PS now has Ladder Seasons! For more information, check out the <a href=\"https://www.smogon.com/forums/threads/3740067/\">thread on Smogon.</a></div>\n|j|☆getreyal\n|j|☆Dhrabb\n|t:|1771255551\n|gametype|singles\n|player|p1|getreyal|pokemaniac-gen6|1882\n|player|p2|Dhrabb|#wcop2024bangladesh|1788\n|gen|9\n|tier|[Gen 9] OU\n|rated|\n|rule|HP Percentage Mod: HP is shown in percentages\n|rule|Endless Battle Clause: Forcing endless battles is banned\n|rule|Species Clause: Limit one of each Pokémon\n|rule|OHKO Clause: OHKO moves are banned\n|rule|Evasion Items Clause: Evasion items are banned\n|rule|Evasion Moves Clause: Evasion moves are banned\n|rule|Evasion Abilities Clause: Evasion abilities are banned\n|rule|Sleep Moves Clause: Sleep-inducing moves are banned\n|clearpoke\n|poke|p1|Zamazenta-*|\n|poke|p1|Cinderace, F|\n|poke|p1|Hatterene, F|\n|poke|p1|Raging Bolt|\n|poke|p1|Landorus-Therian, M|\n|poke|p1|Samurott-Hisui, M|\n|poke|p2|Hydreigon, M|\n|poke|p2|Tinkaton, F|\n|poke|p2|Great Tusk|\n|poke|p2|Pecharunt|\n|poke|p2|Alomomola, F|\n|poke|p2|Ogerpon, F|\n|teampreview\n|j| hitman9191\n|\n|t:|1771255563\n|teamsize|p1|6\n|teamsize|p2|6\n|start\n|switch|p1a: Raging Bolt|Raging Bolt|100/100\n|switch|p2a: Alomomola|Alomomola, F|100/100\n|turn|1\n|\n|t:|1771255572\n|move|p1a: Raging Bolt|Volt Switch|p2a: Alomomola\n|-supereffective|p2a: Alomomola\n|-damage|p2a: Alomomola|32/100\n|\n|t:|1771255574\n|-end|p1a: Raging Bolt|Protosynthesis|[silent]\n|switch|p1a: Samurott|Samurott-Hisui, M|100/100|[from] Volt Switch\n|move|p2a: Alomomola|Flip Turn|p1a: Samurott\n|-resisted|p1a: Samurott\n|-damage|p1a: Samurott|91/100\n|\n|t:|1771255586\n|switch|p2a: Tinkaton|Tinkaton, F|100/100|[from] Flip Turn\n|-ability|p2a: Tinkaton|Mold Breaker\n|-item|p2a: Tinkaton|Air Balloon\n|\n|upkeep\n|turn|2\n|\n|t:|1771255594\n|move|p2a: Tinkaton|Stealth Rock|p1a: Samurott\n|-sidestart|p1: getreyal|move: Stealth Rock\n|move|p1a: Samurott|Razor Shell|p2a: Tinkaton\n|-damage|p2a: Tinkaton|20/100\n|-unboost|p2a: Tinkaton|def|1\n|-enditem|p2a: Tinkaton|Air Balloon\n|\n|upkeep\n|turn|3\n|\n|t:|1771255598\n|move|p1a: Samurott|Aqua Jet|p2a: Tinkaton\n|-damage|p2a: Tinkaton|0 fnt\n|faint|p2a: Tinkaton\n|\n|upkeep\n|j| shrek5baby\n|\n|t:|1771255604\n|switch|p2a: Ogerpon|Ogerpon, F|100/100\n|turn|4\n|\n|t:|1771255610\n|switch|p1a: Cinderace|Cinderace, F|100/100\n|move|p2a: Ogerpon|Ivy Cudgel|p1a: Cinderace\n|-resisted|p1a: Cinderace\n|-crit|p1a: Cinderace\n|-damage|p1a: Cinderace|25/100\n|\n|upkeep\n|turn|5\n|\n|t:|1771255617\n|-terastallize|p2a: Ogerpon|Grass\n|detailschange|p2a: Ogerpon|Ogerpon-Teal-Tera, F, tera:Grass\n|-ability|p2a: Ogerpon|Embody Aspect (Teal)|boost\n|-boost|p2a: Ogerpon|spe|1\n|move|p2a: Ogerpon|Ivy Cudgel|p1a: Cinderace\n|-resisted|p1a: Cinderace\n|-damage|p1a: Cinderace|0 fnt\n|faint|p1a: Cinderace\n|\n|upkeep\n|\n|t:|1771255624\n|switch|p1a: Raging Bolt|Raging Bolt|100/100\n|-damage|p1a: Raging Bolt|88/100|[from] Stealth Rock\n|turn|6\n|\n|t:|1771255649\n|switch|p2a: Alomomola|Alomomola, F|65/100\n|move|p1a: Raging Bolt|Draco Meteor|p2a: Alomomola\n|-damage|p2a: Alomomola|6/100\n|-unboost|p1a: Raging Bolt|spa|2\n|\n|upkeep\n|turn|7\n|j| wuxinshushu1\n|\n|t:|1771255666\n|switch|p2a: Pecharunt|Pecharunt|100/100\n|move|p1a: Raging Bolt|Draco Meteor|p2a: Pecharunt\n|-damage|p2a: Pecharunt|47/100\n|-unboost|p1a: Raging Bolt|spa|2\n|\n|upkeep\n|turn|8\n|\n|t:|1771255674\n|-end|p1a: Raging Bolt|Protosynthesis|[silent]\n|switch|p1a: Landorus|Landorus-Therian, M|100/100\n|-damage|p1a: Landorus|88/100|[from] Stealth Rock\n|-ability|p1a: Landorus|Intimidate|boost\n|-unboost|p2a: Pecharunt|atk|1\n|move|p2a: Pecharunt|Recover|p2a: Pecharunt\n|-heal|p2a: Pecharunt|97/100\n|\n|upkeep\n|turn|9\n|\n|t:|1771255681\n|switch|p2a: Hydreigon|Hydreigon, M|100/100\n|move|p1a: Landorus|Stealth Rock|p2a: Hydreigon\n|-sidestart|p2: Dhrabb|move: Stealth Rock\n|\n|upkeep\n|turn|10\n|\n|t:|1771255688\n|move|p2a: Hydreigon|Dark Pulse|p1a: Landorus\n|-damage|p1a: Landorus|26/100\n|move|p1a: Landorus|U-turn|p2a: Hydreigon\n|-supereffective|p2a: Hydreigon\n|-damage|p2a: Hydreigon|57/100\n|\n|t:|1771255692\n|switch|p1a: Samurott|Samurott-Hisui, M|91/100|[from] U-turn\n|-damage|p1a: Samurott|79/100|[from] Stealth Rock\n|\n|upkeep\n|turn|11\n|l| hitman9191\n|\n|t:|1771255702\n|move|p2a: Hydreigon|Dark Pulse|p1a: Samurott\n|-resisted|p1a: Samurott\n|-damage|p1a: Samurott|33/100\n|move|p1a: Samurott|Razor Shell|p2a: Hydreigon\n|-resisted|p2a: Hydreigon\n|-damage|p2a: Hydreigon|24/100\n|\n|upkeep\n|turn|12\n|\n|t:|1771255708\n|move|p1a: Samurott|Sucker Punch|p2a: Hydreigon\n|-resisted|p2a: Hydreigon\n|-damage|p2a: Hydreigon|4/100\n|move|p2a: Hydreigon|Dark Pulse|p1a: Samurott\n|-resisted|p1a: Samurott\n|-damage|p1a: Samurott|0 fnt\n|faint|p1a: Samurott\n|\n|upkeep\n|\n|t:|1771255710\n|switch|p1a: Zamazenta|Zamazenta|100/100\n|-damage|p1a: Zamazenta|94/100|[from] Stealth Rock\n|-ability|p1a: Zamazenta|Dauntless Shield|boost\n|-boost|p1a: Zamazenta|def|1\n|turn|13\n|\n|t:|1771255713\n|switch|p2a: Pecharunt|Pecharunt|97/100\n|move|p1a: Zamazenta|Substitute|p1a: Zamazenta\n|-start|p1a: Zamazenta|Substitute\n|-damage|p1a: Zamazenta|69/100\n|\n|-heal|p1a: Zamazenta|75/100|[from] item: Leftovers\n|upkeep\n|turn|14\n|\n|t:|1771255718\n|move|p1a: Zamazenta|Crunch|p2a: Pecharunt\n|-supereffective|p2a: Pecharunt\n|-damage|p2a: Pecharunt|78/100\n|move|p2a: Pecharunt|Shadow Ball|p1a: Zamazenta\n|-activate|p1a: Zamazenta|move: Substitute|[damage]\n|\n|-heal|p1a: Zamazenta|82/100|[from] item: Leftovers\n|upkeep\n|turn|15\n|\n|t:|1771255723\n|move|p1a: Zamazenta|Crunch|p2a: Pecharunt\n|-supereffective|p2a: Pecharunt\n|-damage|p2a: Pecharunt|59/100\n|move|p2a: Pecharunt|Shadow Ball|p1a: Zamazenta\n|-end|p1a: Zamazenta|Substitute\n|\n|-heal|p1a: Zamazenta|88/100|[from] item: Leftovers\n|upkeep\n|turn|16\n|\n|t:|1771255725\n|move|p1a: Zamazenta|Substitute|p1a: Zamazenta\n|-start|p1a: Zamazenta|Substitute\n|-damage|p1a: Zamazenta|63/100\n|move|p2a: Pecharunt|Recover|p2a: Pecharunt\n|-heal|p2a: Pecharunt|100/100\n|\n|-heal|p1a: Zamazenta|69/100|[from] item: Leftovers\n|upkeep\n|turn|17\n|\n|t:|1771255729\n|move|p1a: Zamazenta|Crunch|p2a: Pecharunt\n|-supereffective|p2a: Pecharunt\n|-damage|p2a: Pecharunt|81/100\n|move|p2a: Pecharunt|Parting Shot|p1a: Zamazenta\n|-unboost|p1a: Zamazenta|atk|1\n|-unboost|p1a: Zamazenta|spa|1\n|\n|t:|1771255734\n|switch|p2a: Great Tusk|Great Tusk|100/100|[from] Parting Shot\n|\n|-heal|p1a: Zamazenta|75/100|[from] item: Leftovers\n|upkeep\n|turn|18\n|\n|t:|1771255739\n|move|p1a: Zamazenta|Body Press|p2a: Great Tusk\n|-damage|p2a: Great Tusk|67/100\n|move|p2a: Great Tusk|Rapid Spin|p1a: Zamazenta\n|-activate|p1a: Zamazenta|move: Substitute|[damage]\n|-sideend|p2: Dhrabb|Stealth Rock|[from] move: Rapid Spin|[of] p2a: Great Tusk\n|-boost|p2a: Great Tusk|spe|1\n|\n|-heal|p1a: Zamazenta|81/100|[from] item: Leftovers\n|upkeep\n|turn|19\n|\n|t:|1771255744\n|-end|p2a: Great Tusk|Protosynthesis|[silent]\n|switch|p2a: Pecharunt|Pecharunt|81/100\n|move|p1a: Zamazenta|Body Press|p2a: Pecharunt\n|-immune|p2a: Pecharunt\n|\n|-heal|p1a: Zamazenta|88/100|[from] item: Leftovers\n|upkeep\n|turn|20\n|\n|t:|1771255746\n|move|p1a: Zamazenta|Crunch|p2a: Pecharunt\n|-supereffective|p2a: Pecharunt\n|-damage|p2a: Pecharunt|68/100\n|move|p2a: Pecharunt|Shadow Ball|p1a: Zamazenta\n|-crit|p1a: Zamazenta\n|-end|p1a: Zamazenta|Substitute\n|\n|-heal|p1a: Zamazenta|94/100|[from] item: Leftovers\n|upkeep\n|turn|21\n|\n|t:|1771255749\n|move|p1a: Zamazenta|Substitute|p1a: Zamazenta\n|-start|p1a: Zamazenta|Substitute\n|-damage|p1a: Zamazenta|69/100\n|move|p2a: Pecharunt|Malignant Chain|p1a: Zamazenta\n|-activate|p1a: Zamazenta|move: Substitute|[damage]\n|\n|-heal|p1a: Zamazenta|75/100|[from] item: Leftovers\n|upkeep\n|turn|22\n|\n|t:|1771255752\n|move|p1a: Zamazenta|Crunch|p2a: Pecharunt\n|-supereffective|p2a: Pecharunt\n|-damage|p2a: Pecharunt|53/100\n|move|p2a: Pecharunt|Recover|p2a: Pecharunt\n|-heal|p2a: Pecharunt|100/100\n|\n|-heal|p1a: Zamazenta|81/100|[from] item: Leftovers\n|upkeep\n|turn|23\n|\n|t:|1771255754\n|move|p1a: Zamazenta|Crunch|p2a: Pecharunt\n|-supereffective|p2a: Pecharunt\n|-damage|p2a: Pecharunt|87/100\n|move|p2a: Pecharunt|Shadow Ball|p1a: Zamazenta\n|-end|p1a: Zamazenta|Substitute\n|\n|-heal|p1a: Zamazenta|87/100|[from] item: Leftovers\n|upkeep\n|turn|24\n|\n|t:|1771255760\n|switch|p2a: Ogerpon|Ogerpon-Teal-Tera, F, tera:Grass|100/100\n|-ability|p2a: Ogerpon|Embody Aspect (Teal)|boost\n|-boost|p2a: Ogerpon|spe|1\n|move|p1a: Zamazenta|Substitute|p1a: Zamazenta\n|-start|p1a: Zamazenta|Substitute\n|-damage|p1a: Zamazenta|62/100\n|\n|-heal|p1a: Zamazenta|69/100|[from] item: Leftovers\n|upkeep\n|turn|25\n|\n|t:|1771255779\n|move|p2a: Ogerpon|Ivy Cudgel|p1a: Zamazenta\n|-end|p1a: Zamazenta|Substitute\n|move|p1a: Zamazenta|Body Press|p2a: Ogerpon\n|-damage|p2a: Ogerpon|32/100\n|\n|-heal|p1a: Zamazenta|75/100|[from] item: Leftovers\n|upkeep\n|turn|26\n|j| Dhoom Again\n|\n|t:|1771255790\n|move|p2a: Ogerpon|Ivy Cudgel|p1a: Zamazenta\n|-damage|p1a: Zamazenta|30/100\n|move|p1a: Zamazenta|Body Press|p2a: Ogerpon\n|-damage|p2a: Ogerpon|0 fnt\n|faint|p2a: Ogerpon\n|detailschange|p2: Ogerpon|Ogerpon, F|[silent]\n|\n|-heal|p1a: Zamazenta|37/100|[from] item: Leftovers\n|upkeep\n|\n|t:|1771255796\n|switch|p2a: Pecharunt|Pecharunt|87/100\n|turn|27\n|j| hitman9191\n|l| shrek5baby\n|\n|t:|1771255821\n|move|p1a: Zamazenta|Substitute|p1a: Zamazenta\n|-start|p1a: Zamazenta|Substitute\n|-damage|p1a: Zamazenta|12/100\n|move|p2a: Pecharunt|Malignant Chain|p1a: Zamazenta\n|-activate|p1a: Zamazenta|move: Substitute|[damage]\n|\n|-heal|p1a: Zamazenta|18/100|[from] item: Leftovers\n|upkeep\n|turn|28\n|\n|t:|1771255827\n|move|p1a: Zamazenta|Crunch|p2a: Pecharunt\n|-supereffective|p2a: Pecharunt\n|-damage|p2a: Pecharunt|74/100\n|move|p2a: Pecharunt|Shadow Ball|p1a: Zamazenta\n|-end|p1a: Zamazenta|Substitute\n|\n|-heal|p1a: Zamazenta|24/100|[from] item: Leftovers\n|upkeep\n|turn|29\n|\n|t:|1771255837\n|switch|p1a: Landorus|Landorus-Therian, M|26/100\n|-damage|p1a: Landorus|14/100|[from] Stealth Rock\n|-ability|p1a: Landorus|Intimidate|boost\n|-unboost|p2a: Pecharunt|atk|1\n|move|p2a: Pecharunt|Malignant Chain|p1a: Landorus\n|-resisted|p1a: Landorus\n|-damage|p1a: Landorus|0 fnt\n|faint|p1a: Landorus\n|\n|upkeep\n|\n|t:|1771255839\n|switch|p1a: Raging Bolt|Raging Bolt|88/100\n|-damage|p1a: Raging Bolt|76/100|[from] Stealth Rock\n|turn|30\n|\n|t:|1771255843\n|switch|p2a: Alomomola|Alomomola, F|40/100\n|move|p1a: Raging Bolt|Draco Meteor|p2a: Alomomola\n|-damage|p2a: Alomomola|0 fnt\n|-unboost|p1a: Raging Bolt|spa|2\n|faint|p2a: Alomomola\n|\n|upkeep\n|\n|t:|1771255850\n|switch|p2a: Great Tusk|Great Tusk|67/100\n|turn|31\n|\n|t:|1771255858\n|-terastallize|p1a: Raging Bolt|Fairy\n|move|p2a: Great Tusk|Headlong Rush|p1a: Raging Bolt\n|-damage|p1a: Raging Bolt|16/100\n|-unboost|p2a: Great Tusk|def|1\n|-unboost|p2a: Great Tusk|spd|1\n|move|p1a: Raging Bolt|Draco Meteor|p2a: Great Tusk|[miss]\n|-miss|p1a: Raging Bolt|p2a: Great Tusk\n|\n|upkeep\n|turn|32\n|c|☆Dhrabb|Mb\n|-message|getreyal forfeited.\n|\n|win|Dhrabb\n|raw|getreyal's rating: 1882 &rarr; <strong>1857</strong><br />(-25 for losing)\n|raw|Dhrabb's rating: 1788 &rarr; <strong>1813</strong><br />(+25 for winning)\n|l|☆getreyal\n|player|p1|\n|l|☆Dhrabb\n|player|p2|\n|l| hitman9191\n|l| Dhoom Again\n|l| wuxinshushu1\n", "uploadtime": 1771256009, "views": 5, "formatid": "gen9ou", "rating": 1813, "private": 0, "password": null}