{"id": "gen9ou-2639290068", "format": "[Gen 9] OU", "players": ["tony hawk tuah", "Rune7117"], "log": "|j|☆tony hawk tuah\n|j|☆Rune7117\n|t:|1782446770\n|gametype|singles\n|player|p1|tony hawk tuah|170|1258\n|player|p2|Rune7117|102|1234\n|gen|9\n|tier|[Gen 9] OU\n|rated|\n|rule|HP Percentage Mod: HP is shown in percentages\n|rule|Endless Battle Clause: Forcing endless battles is banned\n|rule|Species Clause: Limit one of each Pokémon\n|rule|OHKO Clause: OHKO moves are banned\n|rule|Evasion Items Clause: Evasion items are banned\n|rule|Evasion Moves Clause: Evasion moves are banned\n|rule|Evasion Abilities Clause: Evasion abilities are banned\n|rule|Sleep Moves Clause: Sleep-inducing moves are banned\n|clearpoke\n|poke|p1|Raging Bolt|\n|poke|p1|Torkoal, M|\n|poke|p1|Slither Wing|\n|poke|p1|Walking Wake|\n|poke|p1|Great Tusk|\n|poke|p1|Hatterene, F|\n|poke|p2|Dondozo, M|\n|poke|p2|Dragapult, M|\n|poke|p2|Zamazenta-*|\n|poke|p2|Slowking-Galar, M|\n|poke|p2|Hatterene, F|\n|poke|p2|Landorus-Therian, M|\n|teampreview\n|\n|t:|1782446780\n|teamsize|p1|6\n|teamsize|p2|6\n|start\n|switch|p1a: Raging Bolt|Raging Bolt|100/100\n|switch|p2a: Landorus|Landorus-Therian, M|100/100\n|-ability|p2a: Landorus|Intimidate|boost\n|-unboost|p1a: Raging Bolt|atk|1\n|turn|1\n|\n|t:|1782446790\n|-end|p1a: Raging Bolt|Protosynthesis|[silent]\n|switch|p1a: Slither Wing|Slither Wing|100/100\n|move|p2a: Landorus|Earthquake|p1a: Slither Wing\n|-resisted|p1a: Slither Wing\n|-damage|p1a: Slither Wing|79/100\n|\n|upkeep\n|turn|2\n|\n|t:|1782446817\n|switch|p2a: Dondozo|Dondozo, M|100/100\n|move|p1a: Slither Wing|U-turn|p2a: Dondozo\n|-damage|p2a: Dondozo|87/100\n|\n|t:|1782446822\n|-end|p1a: Slither Wing|Protosynthesis|[silent]\n|switch|p1a: Raging Bolt|Raging Bolt|100/100|[from] U-turn\n|\n|-heal|p2a: Dondozo|93/100|[from] item: Leftovers\n|upkeep\n|turn|3\n|\n|t:|1782446831\n|switch|p2a: Landorus|Landorus-Therian, M|100/100\n|-ability|p2a: Landorus|Intimidate|boost\n|-unboost|p1a: Raging Bolt|atk|1\n|move|p1a: Raging Bolt|Draco Meteor|p2a: Landorus\n|-damage|p2a: Landorus|0 fnt\n|-unboost|p1a: Raging Bolt|spa|2\n|faint|p2a: Landorus\n|\n|upkeep\n|inactive|Battle timer is ON: inactive players will automatically lose when time's up. (requested by tony hawk tuah)\n|\n|t:|1782446839\n|switch|p2a: Hatterene|Hatterene, F|100/100\n|turn|4\n|\n|t:|1782446844\n|-end|p1a: Raging Bolt|Protosynthesis|[silent]\n|switch|p1a: Torkoal|Torkoal, M|100/100\n|-weather|SunnyDay|[from] ability: Drought|[of] p1a: Torkoal\n|move|p2a: Hatterene|Trick Room|p2a: Hatterene\n|-fieldstart|move: Trick Room|[of] p2a: Hatterene\n|\n|-weather|SunnyDay|[upkeep]\n|upkeep\n|turn|5\n|\n|t:|1782446855\n|move|p2a: Hatterene|Calm Mind|p2a: Hatterene\n|-boost|p2a: Hatterene|spa|1\n|-boost|p2a: Hatterene|spd|1\n|move|p1a: Torkoal|Overheat|p2a: Hatterene\n|-damage|p2a: Hatterene|62/100\n|-unboost|p1a: Torkoal|spa|2\n|\n|-weather|SunnyDay|[upkeep]\n|-heal|p2a: Hatterene|67/100|[from] item: Leftovers\n|upkeep\n|turn|6\n|\n|t:|1782446863\n|switch|p1a: Raging Bolt|Raging Bolt|100/100\n|-activate|p1a: Raging Bolt|ability: Protosynthesis\n|-start|p1a: Raging Bolt|protosynthesisspa\n|move|p2a: Hatterene|Calm Mind|p2a: Hatterene\n|-boost|p2a: Hatterene|spa|1\n|-boost|p2a: Hatterene|spd|1\n|\n|-weather|SunnyDay|[upkeep]\n|-heal|p2a: Hatterene|73/100|[from] item: Leftovers\n|upkeep\n|turn|7\n|\n|t:|1782446873\n|-terastallize|p1a: Raging Bolt|Fire\n|move|p2a: Hatterene|Draining Kiss|p1a: Raging Bolt\n|-resisted|p1a: Raging Bolt\n|-damage|p1a: Raging Bolt|71/100\n|-heal|p2a: Hatterene|100/100|[from] drain|[of] p1a: Raging Bolt\n|move|p1a: Raging Bolt|Weather Ball|p2a: Hatterene\n|-damage|p2a: Hatterene|13/100\n|\n|-weather|SunnyDay|[upkeep]\n|-heal|p2a: Hatterene|19/100|[from] item: Leftovers\n|upkeep\n|turn|8\n|\n|t:|1782446884\n|-end|p1a: Raging Bolt|Protosynthesis|[silent]\n|switch|p1a: Hatterene|Hatterene, F|100/100\n|move|p2a: Hatterene|Mystical Fire|p1a: Hatterene\n|-damage|p1a: Hatterene|9/100\n|-unboost|p1a: Hatterene|spa|1\n|-enditem|p1a: Hatterene|Eject Button\n|\n|t:|1782446887\n|switch|p1a: Raging Bolt|Raging Bolt, tera:Fire|71/100\n|-activate|p1a: Raging Bolt|ability: Protosynthesis\n|-start|p1a: Raging Bolt|protosynthesisspa\n|\n|-weather|SunnyDay|[upkeep]\n|-heal|p2a: Hatterene|25/100|[from] item: Leftovers\n|-fieldend|move: Trick Room\n|upkeep\n|turn|9\n|\n|t:|1782446901\n|move|p1a: Raging Bolt|Weather Ball|p2a: Hatterene\n|-damage|p2a: Hatterene|0 fnt\n|faint|p2a: Hatterene\n|\n|-weather|SunnyDay|[upkeep]\n|upkeep\n|\n|t:|1782446909\n|switch|p2a: Dondozo|Dondozo, M|93/100\n|turn|10\n|\n|t:|1782446912\n|move|p1a: Raging Bolt|Weather Ball|p2a: Dondozo\n|-resisted|p2a: Dondozo\n|-damage|p2a: Dondozo|3/100\n|move|p2a: Dondozo|Curse|p2a: Dondozo\n|-unboost|p2a: Dondozo|spe|1\n|-boost|p2a: Dondozo|atk|1\n|-boost|p2a: Dondozo|def|1\n|\n|-weather|SunnyDay|[upkeep]\n|-heal|p2a: Dondozo|9/100|[from] item: Leftovers\n|upkeep\n|turn|11\n|c|☆tony hawk tuah|wyd\n|\n|t:|1782446925\n|move|p1a: Raging Bolt|Weather Ball|p2a: Dondozo\n|-resisted|p2a: Dondozo\n|-damage|p2a: Dondozo|0 fnt\n|faint|p2a: Dondozo\n|\n|-weather|none\n|-end|p1a: Raging Bolt|Protosynthesis\n|upkeep\n|\n|t:|1782446941\n|switch|p2a: Dragapult|Dragapult, M|100/100\n|turn|12\n|\n|t:|1782446946\n|-end|p1a: Raging Bolt|Protosynthesis|[silent]\n|switch|p1a: Hatterene|Hatterene, F|9/100\n|move|p2a: Dragapult|Shadow Ball|p1a: Hatterene\n|-supereffective|p1a: Hatterene\n|-damage|p1a: Hatterene|0 fnt\n|faint|p1a: Hatterene\n|\n|upkeep\n|\n|t:|1782446951\n|switch|p1a: Torkoal|Torkoal, M|100/100\n|-weather|SunnyDay|[from] ability: Drought|[of] p1a: Torkoal\n|turn|13\n|\n|t:|1782446959\n|switch|p2a: Slowking|Slowking-Galar, M|100/100\n|switch|p1a: Walking Wake|Walking Wake|100/100\n|-activate|p1a: Walking Wake|ability: Protosynthesis\n|-start|p1a: Walking Wake|protosynthesisspe\n|\n|-weather|SunnyDay|[upkeep]\n|upkeep\n|turn|14\n|\n|t:|1782446978\n|move|p1a: Walking Wake|Hydro Steam|p2a: Slowking\n|-damage|p2a: Slowking|62/100\n|move|p2a: Slowking|Future Sight|p1a: Walking Wake\n|-start|p2a: Slowking|move: Future Sight\n|\n|-weather|SunnyDay|[upkeep]\n|upkeep\n|turn|15\n|\n|t:|1782446985\n|move|p1a: Walking Wake|Hydro Steam|p2a: Slowking\n|-damage|p2a: Slowking|24/100\n|move|p2a: Slowking|Psychic Noise|p1a: Walking Wake\n|-damage|p1a: Walking Wake|80/100\n|-start|p1a: Walking Wake|move: Heal Block\n|\n|-weather|SunnyDay|[upkeep]\n|upkeep\n|turn|16\n|\n|t:|1782446994\n|switch|p2a: Dragapult|Dragapult, M|100/100\n|move|p1a: Walking Wake|Hydro Steam|p2a: Dragapult\n|-resisted|p2a: Dragapult\n|-damage|p2a: Dragapult|57/100\n|\n|-weather|SunnyDay|[upkeep]\n|-end|p1a: Walking Wake|move: Future Sight\n|-damage|p1a: Walking Wake|47/100\n|-end|p1a: Walking Wake|move: Heal Block\n|upkeep\n|turn|17\n|\n|t:|1782447012\n|move|p1a: Walking Wake|Draco Meteor|p2a: Dragapult\n|-supereffective|p2a: Dragapult\n|-damage|p2a: Dragapult|0 fnt\n|-unboost|p1a: Walking Wake|spa|2\n|faint|p2a: Dragapult\n|\n|-weather|SunnyDay|[upkeep]\n|upkeep\n|\n|t:|1782447022\n|switch|p2a: Slowking|Slowking-Galar, M|58/100\n|turn|18\n|\n|t:|1782447043\n|move|p1a: Walking Wake|Flip Turn|p2a: Slowking\n|-damage|p2a: Slowking|49/100\n|\n|t:|1782447046\n|-end|p1a: Walking Wake|Protosynthesis|[silent]\n|switch|p1a: Great Tusk|Great Tusk|100/100|[from] Flip Turn\n|-activate|p1a: Great Tusk|ability: Protosynthesis\n|-start|p1a: Great Tusk|protosynthesisspe\n|move|p2a: Slowking|Future Sight|p1a: Great Tusk\n|-start|p2a: Slowking|move: Future Sight\n|\n|-weather|SunnyDay|[upkeep]\n|upkeep\n|turn|19\n|\n|t:|1782447057\n|move|p1a: Great Tusk|Headlong Rush|p2a: Slowking\n|-supereffective|p2a: Slowking\n|-damage|p2a: Slowking|0 fnt\n|-unboost|p1a: Great Tusk|def|1\n|-unboost|p1a: Great Tusk|spd|1\n|faint|p2a: Slowking\n|\n|-weather|SunnyDay|[upkeep]\n|upkeep\n|\n|t:|1782447063\n|switch|p2a: Zamazenta|Zamazenta|100/100\n|-ability|p2a: Zamazenta|Dauntless Shield|boost\n|-boost|p2a: Zamazenta|def|1\n|turn|20\n|\n|t:|1782447071\n|move|p1a: Great Tusk|Headlong Rush|p2a: Zamazenta\n|-damage|p2a: Zamazenta|67/100\n|-unboost|p1a: Great Tusk|def|1\n|-unboost|p1a: Great Tusk|spd|1\n|move|p2a: Zamazenta|Close Combat|p1a: Great Tusk\n|-damage|p1a: Great Tusk|0 fnt\n|-unboost|p2a: Zamazenta|def|1\n|-unboost|p2a: Zamazenta|spd|1\n|faint|p1a: Great Tusk\n|-end|p1a: Great Tusk|Protosynthesis|[silent]\n|\n|-weather|none\n|-hint|Future Sight did not hit because the target is fainted.\n|upkeep\n|\n|t:|1782447075\n|switch|p1a: Torkoal|Torkoal, M|100/100\n|-weather|SunnyDay|[from] ability: Drought|[of] p1a: Torkoal\n|turn|21\n|\n|t:|1782447085\n|move|p2a: Zamazenta|Close Combat|p1a: Torkoal\n|-damage|p1a: Torkoal|36/100\n|-unboost|p2a: Zamazenta|def|1\n|-unboost|p2a: Zamazenta|spd|1\n|move|p1a: Torkoal|Overheat|p2a: Zamazenta\n|-damage|p2a: Zamazenta|0 fnt\n|-unboost|p1a: Torkoal|spa|2\n|faint|p2a: Zamazenta\n|\n|win|tony hawk tuah\n|raw|tony hawk tuah's rating: 1258 &rarr; <strong>1281</strong><br />(+23 for winning)\n|raw|Rune7117's rating: 1234 &rarr; <strong>1211</strong><br />(-23 for losing)\n|l|☆tony hawk tuah\n|player|p1|\n|l|☆Rune7117\n|player|p2|\n", "uploadtime": 1782447358, "views": 7, "formatid": "gen9ou", "rating": 1211, "private": 0, "password": null}