{"id": "gen9ou-2540664033", "format": "[Gen 9] OU", "players": ["fck_yellow_magic", "Dominator296"], "log": "|j|☆fck_yellow_magic\n|j|☆Dominator296\n|t:|1771236506\n|gametype|singles\n|player|p1|fck_yellow_magic|janitor-gen9|1585\n|player|p2|Dominator296|steven|1568\n|gen|9\n|tier|[Gen 9] OU\n|rated|\n|rule|HP Percentage Mod: HP is shown in percentages\n|rule|Endless Battle Clause: Forcing endless battles is banned\n|rule|Species Clause: Limit one of each Pokémon\n|rule|OHKO Clause: OHKO moves are banned\n|rule|Evasion Items Clause: Evasion items are banned\n|rule|Evasion Moves Clause: Evasion moves are banned\n|rule|Evasion Abilities Clause: Evasion abilities are banned\n|rule|Sleep Moves Clause: Sleep-inducing moves are banned\n|clearpoke\n|poke|p1|Iron Crown|\n|poke|p1|Enamorus, F|\n|poke|p1|Deoxys-Speed|\n|poke|p1|Probopass, F|\n|poke|p1|Great Tusk|\n|poke|p1|Dragapult, F|\n|poke|p2|Ceruledge, F|\n|poke|p2|Corviknight, M|\n|poke|p2|Raging Bolt|\n|poke|p2|Landorus-Therian, M|\n|poke|p2|Volcanion|\n|poke|p2|Zapdos-Galar|\n|teampreview\n|\n|t:|1771236515\n|teamsize|p1|6\n|teamsize|p2|6\n|start\n|switch|p1a: Enamorus|Enamorus, F|100/100\n|switch|p2a: Ceruledge|Ceruledge, F|100/100\n|turn|1\n|\n|t:|1771236527\n|move|p1a: Enamorus|Earth Power|p2a: Ceruledge\n|-supereffective|p2a: Ceruledge\n|-damage|p2a: Ceruledge|26/100\n|move|p2a: Ceruledge|Bitter Blade|p1a: Enamorus\n|-damage|p1a: Enamorus|37/100\n|-heal|p2a: Ceruledge|58/100|[from] drain|[of] p1a: Enamorus\n|\n|-heal|p1a: Enamorus|43/100|[from] item: Leftovers\n|upkeep\n|turn|2\n|\n|t:|1771236540\n|-terastallize|p2a: Ceruledge|Grass\n|move|p1a: Enamorus|Earth Power|p2a: Ceruledge\n|-resisted|p2a: Ceruledge\n|-damage|p2a: Ceruledge|42/100\n|move|p2a: Ceruledge|Bitter Blade|p1a: Enamorus\n|-damage|p1a: Enamorus|0 fnt\n|-heal|p2a: Ceruledge|63/100|[from] drain|[of] p1a: Enamorus\n|faint|p1a: Enamorus\n|\n|upkeep\n|\n|t:|1771236559\n|switch|p1a: Great Tusk|Great Tusk|100/100\n|-enditem|p1a: Great Tusk|Booster Energy\n|-activate|p1a: Great Tusk|ability: Protosynthesis|[fromitem]\n|-start|p1a: Great Tusk|protosynthesisspe\n|turn|3\n|\n|t:|1771236574\n|move|p1a: Great Tusk|Ice Spinner|p2a: Ceruledge\n|-supereffective|p2a: Ceruledge\n|-damage|p2a: Ceruledge|0 fnt\n|faint|p2a: Ceruledge\n|\n|upkeep\n|\n|t:|1771236579\n|switch|p2a: Landorus|Landorus-Therian, M|100/100\n|-ability|p2a: Landorus|Intimidate|boost\n|-unboost|p1a: Great Tusk|atk|1\n|turn|4\n|\n|t:|1771236584\n|switch|p2a: Volcanion|Volcanion|100/100\n|move|p1a: Great Tusk|Bulk Up|p1a: Great Tusk\n|-boost|p1a: Great Tusk|atk|1\n|-boost|p1a: Great Tusk|def|1\n|\n|upkeep\n|turn|5\n|\n|t:|1771236589\n|move|p1a: Great Tusk|Headlong Rush|p2a: Volcanion\n|-supereffective|p2a: Volcanion\n|-damage|p2a: Volcanion|9/100\n|-unboost|p1a: Great Tusk|def|1\n|-unboost|p1a: Great Tusk|spd|1\n|move|p2a: Volcanion|Steam Eruption|p1a: Great Tusk\n|-supereffective|p1a: Great Tusk\n|-damage|p1a: Great Tusk|0 fnt\n|faint|p1a: Great Tusk\n|-end|p1a: Great Tusk|Protosynthesis|[silent]\n|\n|-heal|p2a: Volcanion|15/100|[from] item: Leftovers\n|upkeep\n|\n|t:|1771236595\n|switch|p1a: Deoxys|Deoxys-Speed|100/100\n|-ability|p1a: Deoxys|Pressure\n|turn|6\n|\n|t:|1771236603\n|move|p1a: Deoxys|Knock Off|p2a: Volcanion\n|-damage|p2a: Volcanion|0 fnt\n|-enditem|p2a: Volcanion|Leftovers|[from] move: Knock Off|[of] p1a: Deoxys\n|faint|p2a: Volcanion\n|\n|upkeep\n|\n|t:|1771236620\n|switch|p2a: Raging Bolt|Raging Bolt|100/100\n|-enditem|p2a: Raging Bolt|Booster Energy\n|-activate|p2a: Raging Bolt|ability: Protosynthesis|[fromitem]\n|-start|p2a: Raging Bolt|protosynthesisspa\n|turn|7\n|\n|t:|1771236629\n|move|p1a: Deoxys|Psycho Boost|p2a: Raging Bolt\n|-crit|p2a: Raging Bolt\n|-damage|p2a: Raging Bolt|30/100\n|-unboost|p1a: Deoxys|spa|2\n|-enditem|p1a: Deoxys|Eject Pack\n|\n|t:|1771236632\n|switch|p1a: Dragapult|Dragapult, F|100/100\n|move|p2a: Raging Bolt|Calm Mind|p2a: Raging Bolt\n|-boost|p2a: Raging Bolt|spa|1\n|-boost|p2a: Raging Bolt|spd|1\n|\n|upkeep\n|turn|8\n|\n|t:|1771236635\n|move|p1a: Dragapult|Dragon Darts|p2a: Raging Bolt\n|-supereffective|p2a: Raging Bolt\n|-damage|p2a: Raging Bolt|0 fnt\n|faint|p2a: Raging Bolt\n|-end|p2a: Raging Bolt|Protosynthesis|[silent]\n|\n|upkeep\n|\n|t:|1771236643\n|switch|p2a: Corviknight|Corviknight, M|100/100\n|turn|9\n|\n|t:|1771236651\n|switch|p1a: Probopass|Probopass, F|100/100\n|move|p2a: Corviknight|Bulk Up|p2a: Corviknight\n|-boost|p2a: Corviknight|atk|1\n|-boost|p2a: Corviknight|def|1\n|\n|upkeep\n|turn|10\n|\n|t:|1771236655\n|move|p2a: Corviknight|Body Press|p1a: Probopass\n|-supereffective|p1a: Probopass\n|-damage|p1a: Probopass|27/100\n|-damage|p2a: Corviknight|84/100|[from] item: Rocky Helmet|[of] p1a: Probopass\n|move|p1a: Probopass|Thunder Wave|p2a: Corviknight\n|-status|p2a: Corviknight|par\n|\n|-heal|p2a: Corviknight|90/100 par|[from] item: Leftovers\n|upkeep\n|turn|11\n|\n|t:|1771236666\n|move|p1a: Probopass|Body Press|p2a: Corviknight\n|-damage|p2a: Corviknight|72/100 par\n|move|p2a: Corviknight|Bulk Up|p2a: Corviknight\n|-boost|p2a: Corviknight|atk|1\n|-boost|p2a: Corviknight|def|1\n|\n|-heal|p2a: Corviknight|79/100 par|[from] item: Leftovers\n|upkeep\n|turn|12\n|\n|t:|1771236670\n|switch|p1a: Iron Crown|Iron Crown|100/100\n|-enditem|p1a: Iron Crown|Booster Energy\n|-activate|p1a: Iron Crown|ability: Quark Drive|[fromitem]\n|-start|p1a: Iron Crown|quarkdrivespa\n|move|p2a: Corviknight|Bulk Up|p2a: Corviknight\n|-boost|p2a: Corviknight|atk|1\n|-boost|p2a: Corviknight|def|1\n|\n|-heal|p2a: Corviknight|85/100 par|[from] item: Leftovers\n|upkeep\n|turn|13\n|\n|t:|1771236676\n|move|p1a: Iron Crown|Calm Mind|p1a: Iron Crown\n|-boost|p1a: Iron Crown|spa|1\n|-boost|p1a: Iron Crown|spd|1\n|move|p2a: Corviknight|Body Press|p1a: Iron Crown\n|-damage|p1a: Iron Crown|45/100\n|\n|-heal|p2a: Corviknight|91/100 par|[from] item: Leftovers\n|upkeep\n|turn|14\n|\n|t:|1771236693\n|-terastallize|p1a: Iron Crown|Fighting\n|move|p1a: Iron Crown|Focus Blast|p2a: Corviknight\n|-damage|p2a: Corviknight|0 fnt\n|faint|p2a: Corviknight\n|\n|upkeep\n|\n|t:|1771236710\n|switch|p2a: Zapdos|Zapdos-Galar|100/100\n|turn|15\n|\n|t:|1771236714\n|move|p2a: Zapdos|Brave Bird|p1a: Iron Crown\n|-supereffective|p1a: Iron Crown\n|-damage|p1a: Iron Crown|0 fnt\n|faint|p1a: Iron Crown\n|-end|p1a: Iron Crown|Quark Drive|[silent]\n|-damage|p2a: Zapdos|86/100|[from] Recoil\n|\n|-heal|p2a: Zapdos|92/100|[from] item: Leftovers\n|upkeep\n|\n|t:|1771236716\n|switch|p1a: Probopass|Probopass, F|27/100\n|turn|16\n|\n|t:|1771236728\n|move|p2a: Zapdos|Tailwind|p2a: Zapdos\n|-sidestart|p2: Dominator296|move: Tailwind\n|move|p1a: Probopass|Body Press|p2a: Zapdos\n|-resisted|p2a: Zapdos\n|-damage|p2a: Zapdos|71/100\n|\n|-heal|p2a: Zapdos|77/100|[from] item: Leftovers\n|upkeep\n|turn|17\n|\n|t:|1771236733\n|move|p2a: Zapdos|Bulk Up|p2a: Zapdos\n|-boost|p2a: Zapdos|atk|1\n|-boost|p2a: Zapdos|def|1\n|move|p1a: Probopass|Thunder Wave|p2a: Zapdos\n|-status|p2a: Zapdos|par\n|\n|-heal|p2a: Zapdos|84/100 par|[from] item: Leftovers\n|upkeep\n|turn|18\n|\n|t:|1771236737\n|move|p2a: Zapdos|Thunderous Kick|p1a: Probopass\n|-supereffective|p1a: Probopass\n|-damage|p1a: Probopass|0 fnt\n|-damage|p2a: Zapdos|67/100 par|[from] item: Rocky Helmet|[of] p1a: Probopass\n|faint|p1a: Probopass\n|\n|-heal|p2a: Zapdos|73/100 par|[from] item: Leftovers\n|upkeep\n|\n|t:|1771236740\n|switch|p1a: Deoxys|Deoxys-Speed|100/100\n|-ability|p1a: Deoxys|Pressure\n|turn|19\n|\n|t:|1771236745\n|move|p1a: Deoxys|Psycho Boost|p2a: Zapdos\n|-supereffective|p2a: Zapdos\n|-damage|p2a: Zapdos|0 fnt\n|-unboost|p1a: Deoxys|spa|2\n|faint|p2a: Zapdos\n|\n|-sideend|p2: Dominator296|move: Tailwind\n|upkeep\n|\n|t:|1771236749\n|switch|p2a: Landorus|Landorus-Therian, M|100/100\n|-ability|p2a: Landorus|Intimidate|boost\n|-unboost|p1a: Deoxys|atk|1\n|turn|20\n|\n|t:|1771236756\n|move|p1a: Deoxys|Psycho Boost|p2a: Landorus\n|-damage|p2a: Landorus|66/100\n|-unboost|p1a: Deoxys|spa|2\n|move|p2a: Landorus|Earthquake|p1a: Deoxys\n|-damage|p1a: Deoxys|2/100\n|\n|upkeep\n|turn|21\n|\n|t:|1771236771\n|switch|p1a: Dragapult|Dragapult, F|100/100\n|move|p2a: Landorus|Earthquake|p1a: Dragapult\n|-damage|p1a: Dragapult|14/100\n|\n|-heal|p1a: Dragapult|20/100|[from] item: Leftovers\n|upkeep\n|turn|22\n|\n|t:|1771236773\n|move|p1a: Dragapult|Dragon Darts|p2a: Landorus\n|-damage|p2a: Landorus|38/100\n|-anim|p1a: Dragapult|Dragon Darts|p2a: Landorus\n|-damage|p2a: Landorus|10/100\n|move|p2a: Landorus|Earthquake|p1a: Dragapult\n|-damage|p1a: Dragapult|0 fnt\n|faint|p1a: Dragapult\n|\n|upkeep\n|\n|t:|1771236776\n|switch|p1a: Deoxys|Deoxys-Speed|2/100\n|-ability|p1a: Deoxys|Pressure\n|turn|23\n|\n|t:|1771236780\n|move|p1a: Deoxys|Knock Off|p2a: Landorus\n|-damage|p2a: Landorus|0 fnt\n|-enditem|p2a: Landorus|Power Herb|[from] move: Knock Off|[of] p1a: Deoxys\n|faint|p2a: Landorus\n|\n|win|fck_yellow_magic\n|raw|fck_yellow_magic's rating: 1585 &rarr; <strong>1604</strong><br />(+19 for winning)\n|raw|Dominator296's rating: 1568 &rarr; <strong>1549</strong><br />(-19 for losing)\n|l|☆Dominator296\n|player|p2|\n|l|☆fck_yellow_magic\n|player|p1|\n", "uploadtime": 1771237041, "views": 7, "formatid": "gen9ou", "rating": 1549, "private": 0, "password": null}