{"id": "gen9ou-2540578004", "format": "[Gen 9] OU", "players": ["hyonparkdalton", "minecraft pro 67"], "log": "|j|☆hyonparkdalton\n|j|☆minecraft pro 67\n|t:|1771220922\n|gametype|singles\n|player|p1|hyonparkdalton|yancy|1713\n|player|p2|minecraft pro 67|cynthia-gen4|1701\n|gen|9\n|tier|[Gen 9] OU\n|rated|\n|rule|HP Percentage Mod: HP is shown in percentages\n|rule|Endless Battle Clause: Forcing endless battles is banned\n|rule|Species Clause: Limit one of each Pokémon\n|rule|OHKO Clause: OHKO moves are banned\n|rule|Evasion Items Clause: Evasion items are banned\n|rule|Evasion Moves Clause: Evasion moves are banned\n|rule|Evasion Abilities Clause: Evasion abilities are banned\n|rule|Sleep Moves Clause: Sleep-inducing moves are banned\n|clearpoke\n|poke|p1|Vikavolt, F|\n|poke|p1|Ting-Lu|\n|poke|p1|Alomomola, F|\n|poke|p1|Gholdengo|\n|poke|p1|Zarude|\n|poke|p1|Great Tusk|\n|poke|p2|Gliscor, F|\n|poke|p2|Heatran, M|\n|poke|p2|Sinistcha|\n|poke|p2|Corviknight, F|\n|poke|p2|Iron Valiant|\n|poke|p2|Rotom-Wash|\n|teampreview\n|j| feiniu\n|\n|t:|1771220942\n|teamsize|p1|6\n|teamsize|p2|6\n|start\n|switch|p1a: Gholdengo|Gholdengo|100/100\n|switch|p2a: Gliskibidi 😂|Gliscor, F|100/100\n|turn|1\n|inactive|Battle timer is ON: inactive players will automatically lose when time's up. (requested by minecraft pro 67)\n|j| Mmijk\n|\n|t:|1771220957\n|move|p1a: Gholdengo|Trick|p2a: Gliskibidi 😂\n|-activate|p1a: Gholdengo|move: Trick|[of] p2a: Gliskibidi 😂\n|-item|p2a: Gliskibidi 😂|Choice Scarf|[from] move: Trick\n|-item|p1a: Gholdengo|Toxic Orb|[from] move: Trick\n|move|p2a: Gliskibidi 😂|Knock Off|p1a: Gholdengo\n|-supereffective|p1a: Gholdengo\n|-damage|p1a: Gholdengo|56/100\n|-enditem|p1a: Gholdengo|Toxic Orb|[from] move: Knock Off|[of] p2a: Gliskibidi 😂\n|\n|upkeep\n|turn|2\n|\n|t:|1771220964\n|move|p2a: Gliskibidi 😂|Knock Off|p1a: Gholdengo\n|-supereffective|p1a: Gholdengo\n|-damage|p1a: Gholdengo|26/100\n|move|p1a: Gholdengo|Recover|p1a: Gholdengo\n|-heal|p1a: Gholdengo|76/100\n|\n|upkeep\n|turn|3\n|\n|t:|1771220979\n|switch|p2a: Hephaepstein|Heatran, M|100/100\n|move|p1a: Gholdengo|Recover|p1a: Gholdengo\n|-heal|p1a: Gholdengo|100/100\n|\n|upkeep\n|turn|4\n|\n|t:|1771220995\n|switch|p1a: Alomomola|Alomomola, F|100/100\n|move|p2a: Hephaepstein|Stealth Rock|p1a: Alomomola\n|-sidestart|p1: hyonparkdalton|move: Stealth Rock\n|\n|upkeep\n|turn|5\n|\n|t:|1771221001\n|switch|p2a: Scrotom-Washed|Rotom-Wash|100/100\n|move|p1a: Alomomola|Flip Turn|p2a: Scrotom-Washed\n|-resisted|p2a: Scrotom-Washed\n|-damage|p2a: Scrotom-Washed|92/100\n|\n|t:|1771221018\n|switch|p1a: Zarude|Zarude|100/100|[from] Flip Turn\n|\n|-heal|p2a: Scrotom-Washed|99/100|[from] item: Leftovers\n|upkeep\n|turn|6\n|\n|t:|1771221024\n|switch|p2a: MEGA KNIGHT|Corviknight, F|100/100\n|-ability|p2a: MEGA KNIGHT|Pressure\n|move|p1a: Zarude|Knock Off|p2a: MEGA KNIGHT\n|-crit|p2a: MEGA KNIGHT\n|-damage|p2a: MEGA KNIGHT|61/100\n|-damage|p1a: Zarude|84/100|[from] item: Rocky Helmet|[of] p2a: MEGA KNIGHT\n|-enditem|p2a: MEGA KNIGHT|Rocky Helmet|[from] move: Knock Off|[of] p1a: Zarude\n|\n|upkeep\n|turn|7\n|\n|t:|1771221031\n|switch|p1a: Gholdengo|Gholdengo|100/100\n|-damage|p1a: Gholdengo|94/100|[from] Stealth Rock\n|move|p2a: MEGA KNIGHT|Roost|p2a: MEGA KNIGHT\n|-heal|p2a: MEGA KNIGHT|100/100\n|-singleturn|p2a: MEGA KNIGHT|move: Roost\n|\n|upkeep\n|turn|8\n|\n|t:|1771221039\n|switch|p2a: Hephaepstein|Heatran, M|100/100\n|move|p1a: Gholdengo|Shadow Ball|p2a: Hephaepstein\n|-damage|p2a: Hephaepstein|73/100\n|\n|-heal|p2a: Hephaepstein|79/100|[from] item: Leftovers\n|upkeep\n|turn|9\n|\n|t:|1771221046\n|switch|p1a: Alomomola|Alomomola, F|100/100\n|-damage|p1a: Alomomola|88/100|[from] Stealth Rock\n|switch|p2a: Gliskibidi 😂|Gliscor, F|100/100\n|\n|upkeep\n|turn|10\n|\n|t:|1771221055\n|switch|p1a: Ting-Lu|Ting-Lu|100/100\n|-damage|p1a: Ting-Lu|94/100|[from] Stealth Rock\n|-ability|p1a: Ting-Lu|Vessel of Ruin\n|move|p2a: Gliskibidi 😂|Spikes|p1a: Ting-Lu\n|-sidestart|p1: hyonparkdalton|Spikes\n|\n|upkeep\n|turn|11\n|\n|t:|1771221062\n|switch|p2a: Iron Valiant|Iron Valiant|100/100\n|move|p1a: Ting-Lu|Spikes|p2a: Iron Valiant\n|-sidestart|p2: minecraft pro 67|Spikes\n|\n|upkeep\n|turn|12\n|\n|t:|1771221070\n|move|p2a: Iron Valiant|Knock Off|p1a: Ting-Lu\n|-resisted|p1a: Ting-Lu\n|-damage|p1a: Ting-Lu|87/100\n|-enditem|p1a: Ting-Lu|Red Card|[from] move: Knock Off|[of] p2a: Iron Valiant\n|move|p1a: Ting-Lu|Whirlwind|p2a: Iron Valiant\n|-end|p2a: Iron Valiant|Quark Drive|[silent]\n|drag|p2a: Gliskibidi 😂|Gliscor, F|100/100\n|\n|upkeep\n|turn|13\n|\n|t:|1771221077\n|move|p2a: Gliskibidi 😂|Spikes|p1a: Ting-Lu\n|-sidestart|p1: hyonparkdalton|Spikes\n|move|p1a: Ting-Lu|Spikes|p2a: Gliskibidi 😂\n|-sidestart|p2: minecraft pro 67|Spikes\n|\n|upkeep\n|turn|14\n|\n|t:|1771221085\n|switch|p1a: Great Tusk|Great Tusk|100/100\n|move|p2a: Gliskibidi 😂|Spikes|p1a: Great Tusk\n|-sidestart|p1: hyonparkdalton|Spikes\n|\n|upkeep\n|turn|15\n|\n|t:|1771221090\n|switch|p2a: Tcharlie Kirsch|Sinistcha|100/100\n|move|p1a: Great Tusk|Ice Spinner|p2a: Tcharlie Kirsch\n|-supereffective|p2a: Tcharlie Kirsch\n|-damage|p2a: Tcharlie Kirsch|60/100\n|\n|upkeep\n|turn|16\n|l| feiniu\n|\n|t:|1771221097\n|-end|p1a: Great Tusk|Protosynthesis|[silent]\n|switch|p1a: Zarude|Zarude|84/100\n|move|p2a: Tcharlie Kirsch|Matcha Gotcha|p1a: Zarude\n|-resisted|p1a: Zarude\n|-crit|p1a: Zarude\n|-damage|p1a: Zarude|57/100\n|-heal|p2a: Tcharlie Kirsch|74/100|[from] drain|[of] p1a: Zarude\n|\n|upkeep\n|turn|17\n|\n|t:|1771221114\n|switch|p2a: MEGA KNIGHT|Corviknight, F|100/100\n|-ability|p2a: MEGA KNIGHT|Pressure\n|move|p1a: Zarude|Synthesis|p1a: Zarude\n|-heal|p1a: Zarude|100/100\n|\n|upkeep\n|turn|18\n|\n|t:|1771221119\n|switch|p1a: Gholdengo|Gholdengo|94/100\n|-damage|p1a: Gholdengo|88/100|[from] Stealth Rock\n|-damage|p1a: Gholdengo|64/100|[from] Spikes\n|move|p2a: MEGA KNIGHT|U-turn|p1a: Gholdengo\n|-resisted|p1a: Gholdengo\n|-damage|p1a: Gholdengo|60/100\n|\n|t:|1771221128\n|switch|p2a: Gliskibidi 😂|Gliscor, F|100/100|[from] U-turn\n|\n|upkeep\n|turn|19\n|\n|t:|1771221135\n|switch|p1a: Ting-Lu|Ting-Lu|87/100\n|-damage|p1a: Ting-Lu|81/100|[from] Stealth Rock\n|-damage|p1a: Ting-Lu|56/100|[from] Spikes\n|-ability|p1a: Ting-Lu|Vessel of Ruin\n|move|p2a: Gliskibidi 😂|Earthquake|p1a: Ting-Lu\n|-damage|p1a: Ting-Lu|42/100\n|\n|upkeep\n|turn|20\n|\n|t:|1771221149\n|switch|p2a: Scrotom-Washed|Rotom-Wash|99/100\n|move|p1a: Ting-Lu|Whirlwind|p2a: Scrotom-Washed\n|drag|p2a: Hephaepstein|Heatran, M|79/100\n|-damage|p2a: Hephaepstein|63/100|[from] Spikes\n|\n|-heal|p2a: Hephaepstein|69/100|[from] item: Leftovers\n|upkeep\n|turn|21\n|\n|t:|1771221166\n|switch|p2a: Scrotom-Washed|Rotom-Wash|99/100\n|move|p1a: Ting-Lu|Earthquake|p2a: Scrotom-Washed\n|-immune|p2a: Scrotom-Washed|[from] ability: Levitate\n|\n|-heal|p2a: Scrotom-Washed|100/100|[from] item: Leftovers\n|upkeep\n|turn|22\n|\n|t:|1771221176\n|switch|p1a: Alomomola|Alomomola, F|100/100\n|-damage|p1a: Alomomola|88/100|[from] Stealth Rock\n|-damage|p1a: Alomomola|63/100|[from] Spikes\n|move|p2a: Scrotom-Washed|Hydro Pump|p1a: Alomomola\n|-resisted|p1a: Alomomola\n|-damage|p1a: Alomomola|52/100\n|\n|upkeep\n|turn|23\n|\n|t:|1771221185\n|move|p2a: Scrotom-Washed|Will-O-Wisp|p1a: Alomomola\n|-status|p1a: Alomomola|brn\n|move|p1a: Alomomola|Mirror Coat||[still]\n|-fail|p1a: Alomomola\n|\n|-damage|p1a: Alomomola|46/100 brn|[from] brn\n|upkeep\n|turn|24\n|\n|t:|1771221191\n|switch|p2a: Tcharlie Kirsch|Sinistcha|74/100\n|move|p1a: Alomomola|Flip Turn|p2a: Tcharlie Kirsch\n|-resisted|p2a: Tcharlie Kirsch\n|-damage|p2a: Tcharlie Kirsch|71/100\n|\n|t:|1771221195\n|switch|p1a: Zarude|Zarude|100/100|[from] Flip Turn\n|\n|upkeep\n|turn|25\n|\n|t:|1771221206\n|switch|p2a: MEGA KNIGHT|Corviknight, F|100/100\n|-ability|p2a: MEGA KNIGHT|Pressure\n|move|p1a: Zarude|Knock Off|p2a: MEGA KNIGHT\n|-damage|p2a: MEGA KNIGHT|82/100\n|\n|upkeep\n|turn|26\n|\n|t:|1771221219\n|switch|p1a: Gholdengo|Gholdengo|60/100\n|-damage|p1a: Gholdengo|54/100|[from] Stealth Rock\n|-damage|p1a: Gholdengo|29/100|[from] Spikes\n|move|p2a: MEGA KNIGHT|Brave Bird|p1a: Gholdengo\n|-resisted|p1a: Gholdengo\n|-damage|p1a: Gholdengo|7/100\n|-damage|p2a: MEGA KNIGHT|77/100|[from] Recoil\n|\n|upkeep\n|turn|27\n|\n|t:|1771221225\n|move|p1a: Gholdengo|Recover|p1a: Gholdengo\n|-heal|p1a: Gholdengo|58/100\n|move|p2a: MEGA KNIGHT|U-turn|p1a: Gholdengo\n|-resisted|p1a: Gholdengo\n|-damage|p1a: Gholdengo|53/100\n|\n|t:|1771221229\n|switch|p2a: Hephaepstein|Heatran, M|69/100|[from] U-turn\n|-damage|p2a: Hephaepstein|52/100|[from] Spikes\n|\n|-heal|p2a: Hephaepstein|59/100|[from] item: Leftovers\n|upkeep\n|turn|28\n|\n|t:|1771221244\n|switch|p1a: Ting-Lu|Ting-Lu|42/100\n|-damage|p1a: Ting-Lu|36/100|[from] Stealth Rock\n|-damage|p1a: Ting-Lu|11/100|[from] Spikes\n|-ability|p1a: Ting-Lu|Vessel of Ruin\n|move|p2a: Hephaepstein|Lava Plume|p1a: Ting-Lu\n|-damage|p1a: Ting-Lu|0 fnt\n|faint|p1a: Ting-Lu\n|\n|-heal|p2a: Hephaepstein|65/100|[from] item: Leftovers\n|upkeep\n|\n|t:|1771221252\n|switch|p1a: Great Tusk|Great Tusk|100/100\n|turn|29\n|\n|t:|1771221258\n|move|p1a: Great Tusk|Rapid Spin|p2a: Hephaepstein\n|-resisted|p2a: Hephaepstein\n|-damage|p2a: Hephaepstein|57/100\n|-boost|p1a: Great Tusk|spe|1\n|-sideend|p1: hyonparkdalton|Spikes|[from] move: Rapid Spin|[of] p1a: Great Tusk\n|-sideend|p1: hyonparkdalton|Stealth Rock|[from] move: Rapid Spin|[of] p1a: Great Tusk\n|move|p2a: Hephaepstein|Lava Plume|p1a: Great Tusk\n|-damage|p1a: Great Tusk|52/100\n|\n|-heal|p2a: Hephaepstein|63/100|[from] item: Leftovers\n|upkeep\n|turn|30\n|\n|t:|1771221272\n|-end|p1a: Great Tusk|Protosynthesis|[silent]\n|switch|p1a: Zarude|Zarude|100/100\n|move|p2a: Hephaepstein|Lava Plume|p1a: Zarude\n|-supereffective|p1a: Zarude\n|-damage|p1a: Zarude|27/100\n|\n|-heal|p2a: Hephaepstein|69/100|[from] item: Leftovers\n|upkeep\n|turn|31\n|\n|t:|1771221279\n|switch|p1a: Alomomola|Alomomola, F|79/100 brn\n|move|p2a: Hephaepstein|Stealth Rock|p1a: Alomomola\n|-sidestart|p1: hyonparkdalton|move: Stealth Rock\n|\n|-heal|p2a: Hephaepstein|75/100|[from] item: Leftovers\n|-damage|p1a: Alomomola|73/100 brn|[from] brn\n|upkeep\n|turn|32\n|\n|t:|1771221292\n|switch|p2a: Scrotom-Washed|Rotom-Wash|100/100\n|move|p1a: Alomomola|Scald|p2a: Scrotom-Washed\n|-resisted|p2a: Scrotom-Washed\n|-damage|p2a: Scrotom-Washed|94/100\n|\n|-heal|p2a: Scrotom-Washed|99/100|[from] item: Leftovers\n|-damage|p1a: Alomomola|67/100 brn|[from] brn\n|upkeep\n|turn|33\n|\n|t:|1771221304\n|switch|p2a: Tcharlie Kirsch|Sinistcha|71/100\n|switch|p1a: Zarude|Zarude|27/100\n|\n|upkeep\n|turn|34\n|\n|t:|1771221310\n|switch|p2a: MEGA KNIGHT|Corviknight, F|77/100\n|-ability|p2a: MEGA KNIGHT|Pressure\n|move|p1a: Zarude|Synthesis|p1a: Zarude\n|-heal|p1a: Zarude|77/100\n|\n|upkeep\n|turn|35\n|\n|t:|1771221318\n|switch|p1a: Alomomola|Alomomola, F|99/100 brn\n|-damage|p1a: Alomomola|87/100 brn|[from] Stealth Rock\n|move|p2a: MEGA KNIGHT|U-turn|p1a: Alomomola\n|-damage|p1a: Alomomola|78/100 brn\n|\n|t:|1771221320\n|switch|p2a: Gliskibidi 😂|Gliscor, F|100/100|[from] U-turn\n|\n|-damage|p1a: Alomomola|72/100 brn|[from] brn\n|upkeep\n|turn|36\n|\n|t:|1771221335\n|move|p2a: Gliskibidi 😂|Spikes|p1a: Alomomola\n|-sidestart|p1: hyonparkdalton|Spikes\n|move|p1a: Alomomola|Scald|p2a: Gliskibidi 😂\n|-supereffective|p2a: Gliskibidi 😂\n|-damage|p2a: Gliskibidi 😂|75/100\n|\n|-damage|p1a: Alomomola|65/100 brn|[from] brn\n|upkeep\n|turn|37\n|\n|t:|1771221350\n|switch|p2a: Tcharlie Kirsch|Sinistcha|71/100\n|move|p1a: Alomomola|Flip Turn|p2a: Tcharlie Kirsch\n|-resisted|p2a: Tcharlie Kirsch\n|-damage|p2a: Tcharlie Kirsch|68/100\n|\n|t:|1771221355\n|switch|p1a: Zarude|Zarude|77/100|[from] Flip Turn\n|\n|upkeep\n|turn|38\n|\n|t:|1771221361\n|switch|p2a: MEGA KNIGHT|Corviknight, F|77/100\n|-ability|p2a: MEGA KNIGHT|Pressure\n|move|p1a: Zarude|Knock Off|p2a: MEGA KNIGHT\n|-damage|p2a: MEGA KNIGHT|56/100\n|\n|upkeep\n|turn|39\n|\n|t:|1771221365\n|switch|p1a: Gholdengo|Gholdengo|53/100\n|-damage|p1a: Gholdengo|47/100|[from] Stealth Rock\n|-damage|p1a: Gholdengo|35/100|[from] Spikes\n|move|p2a: MEGA KNIGHT|U-turn|p1a: Gholdengo\n|-resisted|p1a: Gholdengo\n|-damage|p1a: Gholdengo|30/100\n|\n|t:|1771221380\n|switch|p2a: Gliskibidi 😂|Gliscor, F|75/100|[from] U-turn\n|\n|upkeep\n|turn|40\n|\n|t:|1771221402\n|-terastallize|p1a: Gholdengo|Ghost\n|move|p2a: Gliskibidi 😂|Knock Off|p1a: Gholdengo\n|-supereffective|p1a: Gholdengo\n|-damage|p1a: Gholdengo|0 fnt\n|faint|p1a: Gholdengo\n|\n|upkeep\n|\n|t:|1771221408\n|switch|p1a: Great Tusk|Great Tusk|52/100\n|turn|41\n|\n|t:|1771221418\n|switch|p2a: Scrotom-Washed|Rotom-Wash|99/100\n|move|p1a: Great Tusk|Rapid Spin|p2a: Scrotom-Washed\n|-damage|p2a: Scrotom-Washed|82/100\n|-boost|p1a: Great Tusk|spe|1\n|-sideend|p1: hyonparkdalton|Spikes|[from] move: Rapid Spin|[of] p1a: Great Tusk\n|-sideend|p1: hyonparkdalton|Stealth Rock|[from] move: Rapid Spin|[of] p1a: Great Tusk\n|\n|-heal|p2a: Scrotom-Washed|88/100|[from] item: Leftovers\n|upkeep\n|turn|42\n|\n|t:|1771221428\n|-end|p1a: Great Tusk|Protosynthesis|[silent]\n|switch|p1a: Alomomola|Alomomola, F|99/100 brn\n|move|p2a: Scrotom-Washed|Volt Switch|p1a: Alomomola\n|-supereffective|p1a: Alomomola\n|-damage|p1a: Alomomola|69/100 brn\n|\n|t:|1771221431\n|switch|p2a: Tcharlie Kirsch|Sinistcha|68/100|[from] Volt Switch\n|\n|-damage|p1a: Alomomola|63/100 brn|[from] brn\n|upkeep\n|turn|43\n|\n|t:|1771221436\n|switch|p1a: Vikavolt|Vikavolt, F|100/100\n|move|p2a: Tcharlie Kirsch|Strength Sap|p1a: Vikavolt\n|-unboost|p1a: Vikavolt|atk|1\n|-heal|p2a: Tcharlie Kirsch|100/100\n|\n|upkeep\n|turn|44\n|\n|t:|1771221445\n|switch|p2a: Gliskibidi 😂|Gliscor, F|75/100\n|move|p1a: Vikavolt|Volt Switch|p2a: Gliskibidi 😂\n|-immune|p2a: Gliskibidi 😂\n|\n|upkeep\n|turn|45\n|\n|t:|1771221452\n|switch|p1a: Great Tusk|Great Tusk|52/100\n|move|p2a: Gliskibidi 😂|Knock Off|p1a: Great Tusk\n|-resisted|p1a: Great Tusk\n|-damage|p1a: Great Tusk|44/100\n|-enditem|p1a: Great Tusk|Heavy-Duty Boots|[from] move: Knock Off|[of] p2a: Gliskibidi 😂\n|\n|upkeep\n|turn|46\n|inactive|hyonparkdalton has 120 seconds left.\n|\n|t:|1771221484\n|switch|p2a: Scrotom-Washed|Rotom-Wash|88/100\n|move|p1a: Great Tusk|Stealth Rock|p2a: Scrotom-Washed\n|-sidestart|p2: minecraft pro 67|move: Stealth Rock\n|\n|-heal|p2a: Scrotom-Washed|94/100|[from] item: Leftovers\n|upkeep\n|turn|47\n|inactive|hyonparkdalton has 120 seconds left.\n|\n|t:|1771221510\n|-end|p1a: Great Tusk|Protosynthesis|[silent]\n|switch|p1a: Alomomola|Alomomola, F|96/100 brn\n|move|p2a: Scrotom-Washed|Volt Switch|p1a: Alomomola\n|-supereffective|p1a: Alomomola\n|-damage|p1a: Alomomola|67/100 brn\n|\n|t:|1771221513\n|switch|p2a: MEGA KNIGHT|Corviknight, F|56/100|[from] Volt Switch\n|-damage|p2a: MEGA KNIGHT|44/100|[from] Stealth Rock\n|-ability|p2a: MEGA KNIGHT|Pressure\n|\n|-damage|p1a: Alomomola|61/100 brn|[from] brn\n|upkeep\n|turn|48\n|\n|t:|1771221526\n|move|p2a: MEGA KNIGHT|Defog|p1a: Alomomola\n|-unboost|p1a: Alomomola|evasion|1\n|-sideend|p2: minecraft pro 67|Spikes|[from] move: Defog|[of] p2a: MEGA KNIGHT\n|-sideend|p2: minecraft pro 67|Stealth Rock|[from] move: Defog|[of] p2a: MEGA KNIGHT\n|move|p1a: Alomomola|Scald|p2a: MEGA KNIGHT\n|-damage|p2a: MEGA KNIGHT|30/100\n|\n|-damage|p1a: Alomomola|55/100 brn|[from] brn\n|upkeep\n|turn|49\n|\n|t:|1771221530\n|move|p2a: MEGA KNIGHT|U-turn|p1a: Alomomola\n|-damage|p1a: Alomomola|45/100 brn\n|\n|t:|1771221532\n|switch|p2a: Scrotom-Washed|Rotom-Wash|94/100|[from] U-turn\n|move|p1a: Alomomola|Flip Turn|p2a: Scrotom-Washed\n|-resisted|p2a: Scrotom-Washed\n|-damage|p2a: Scrotom-Washed|90/100\n|\n|t:|1771221537\n|switch|p1a: Zarude|Zarude|77/100|[from] Flip Turn\n|\n|-heal|p2a: Scrotom-Washed|97/100|[from] item: Leftovers\n|upkeep\n|turn|50\n|\n|t:|1771221549\n|switch|p1a: Vikavolt|Vikavolt, F|100/100\n|-terastallize|p2a: Scrotom-Washed|Steel\n|move|p2a: Scrotom-Washed|Will-O-Wisp|p1a: Vikavolt\n|-status|p1a: Vikavolt|brn\n|\n|-heal|p2a: Scrotom-Washed|100/100|[from] item: Leftovers\n|-damage|p1a: Vikavolt|94/100 brn|[from] brn\n|upkeep\n|turn|51\n|\n|t:|1771221561\n|move|p2a: Scrotom-Washed|Volt Switch|p1a: Vikavolt\n|-resisted|p1a: Vikavolt\n|-damage|p1a: Vikavolt|79/100 brn\n|\n|t:|1771221564\n|switch|p2a: Hephaepstein|Heatran, M|75/100|[from] Volt Switch\n|move|p1a: Vikavolt|Thunder|p2a: Hephaepstein\n|-damage|p2a: Hephaepstein|7/100\n|-status|p2a: Hephaepstein|par\n|\n|-heal|p2a: Hephaepstein|13/100 par|[from] item: Leftovers\n|-damage|p1a: Vikavolt|73/100 brn|[from] brn\n|upkeep\n|turn|52\n|\n|t:|1771221584\n|switch|p2a: Gliskibidi 😂|Gliscor, F|75/100\n|move|p1a: Vikavolt|Thunder|p2a: Gliskibidi 😂\n|-immune|p2a: Gliskibidi 😂\n|\n|-damage|p1a: Vikavolt|67/100 brn|[from] brn\n|upkeep\n|turn|53\n|\n|t:|1771221607\n|switch|p1a: Zarude|Zarude|77/100\n|move|p2a: Gliskibidi 😂|Spikes|p1a: Zarude\n|-sidestart|p1: hyonparkdalton|Spikes\n|\n|upkeep\n|turn|54\n|inactive|hyonparkdalton has 120 seconds left.\n|\n|t:|1771221641\n|switch|p2a: Hephaepstein|Heatran, M|13/100 par\n|move|p1a: Zarude|Power Whip|p2a: Hephaepstein\n|-resisted|p2a: Hephaepstein\n|-damage|p2a: Hephaepstein|2/100 par\n|\n|-heal|p2a: Hephaepstein|8/100 par|[from] item: Leftovers\n|upkeep\n|turn|55\n|\n|t:|1771221658\n|switch|p2a: Iron Valiant|Iron Valiant|100/100\n|move|p1a: Zarude|Knock Off|p2a: Iron Valiant\n|-resisted|p2a: Iron Valiant\n|-damage|p2a: Iron Valiant|85/100\n|-enditem|p2a: Iron Valiant|Heavy-Duty Boots|[from] move: Knock Off|[of] p1a: Zarude\n|\n|upkeep\n|turn|56\n|inactive|hyonparkdalton has 90 seconds left.\n|\n|t:|1771221682\n|switch|p1a: Alomomola|Alomomola, F|78/100 brn\n|-damage|p1a: Alomomola|66/100 brn|[from] Spikes\n|move|p2a: Iron Valiant|Close Combat|p1a: Alomomola\n|-damage|p1a: Alomomola|25/100 brn\n|-unboost|p2a: Iron Valiant|def|1\n|-unboost|p2a: Iron Valiant|spd|1\n|\n|-damage|p1a: Alomomola|19/100 brn|[from] brn\n|upkeep\n|turn|57\n|inactive|hyonparkdalton has 90 seconds left.\n|\n|t:|1771221694\n|switch|p1a: Vikavolt|Vikavolt, F|67/100 brn\n|move|p2a: Iron Valiant|Close Combat|p1a: Vikavolt\n|-resisted|p1a: Vikavolt\n|-crit|p1a: Vikavolt\n|-damage|p1a: Vikavolt|16/100 brn\n|-unboost|p2a: Iron Valiant|def|1\n|-unboost|p2a: Iron Valiant|spd|1\n|\n|-damage|p1a: Vikavolt|10/100 brn|[from] brn\n|upkeep\n|turn|58\n|l| Mmijk\n|\n|t:|1771221703\n|move|p2a: Iron Valiant|Close Combat|p1a: Vikavolt\n|-resisted|p1a: Vikavolt\n|-damage|p1a: Vikavolt|0 fnt\n|-unboost|p2a: Iron Valiant|def|1\n|-unboost|p2a: Iron Valiant|spd|1\n|faint|p1a: Vikavolt\n|\n|upkeep\n|\n|t:|1771221711\n|switch|p1a: Alomomola|Alomomola, F|53/100 brn\n|-damage|p1a: Alomomola|40/100 brn|[from] Spikes\n|turn|59\n|inactive|hyonparkdalton has 90 seconds left.\n|inactive|hyonparkdalton has 60 seconds left.\n|\n|t:|1771221771\n|move|p2a: Iron Valiant|Close Combat|p1a: Alomomola\n|-damage|p1a: Alomomola|0 fnt\n|-unboost|p2a: Iron Valiant|def|1\n|-unboost|p2a: Iron Valiant|spd|1\n|faint|p1a: Alomomola\n|\n|upkeep\n|\n|t:|1771221775\n|switch|p1a: Great Tusk|Great Tusk|44/100\n|-damage|p1a: Great Tusk|31/100|[from] Spikes\n|turn|60\n|-message|hyonparkdalton forfeited.\n|\n|win|minecraft pro 67\n|raw|hyonparkdalton's rating: 1713 &rarr; <strong>1692</strong><br />(-21 for losing)\n|raw|minecraft pro 67's rating: 1701 &rarr; <strong>1722</strong><br />(+21 for winning)\n|l|☆minecraft pro 67\n|player|p2|\n|l|☆hyonparkdalton\n|player|p1|\n", "uploadtime": 1771221999, "views": 5, "formatid": "gen9ou", "rating": 1692, "private": 0, "password": null}