{"id": "gen9ou-2540563097", "format": "[Gen 9] OU", "players": ["rblt ryo", "Paperm47"], "log": "|j|☆rblt ryo\n|j|☆Paperm47\n|t:|1771218558\n|gametype|singles\n|player|p1|rblt ryo|dawn|1668\n|player|p2|Paperm47|ash-sinnoh|1697\n|gen|9\n|tier|[Gen 9] OU\n|rated|\n|rule|HP Percentage Mod: HP is shown in percentages\n|rule|Endless Battle Clause: Forcing endless battles is banned\n|rule|Species Clause: Limit one of each Pokémon\n|rule|OHKO Clause: OHKO moves are banned\n|rule|Evasion Items Clause: Evasion items are banned\n|rule|Evasion Moves Clause: Evasion moves are banned\n|rule|Evasion Abilities Clause: Evasion abilities are banned\n|rule|Sleep Moves Clause: Sleep-inducing moves are banned\n|clearpoke\n|poke|p1|Metagross|\n|poke|p1|Keldeo-Resolute|\n|poke|p1|Ting-Lu|\n|poke|p1|Pecharunt|\n|poke|p1|Dragapult, M|\n|poke|p1|Zapdos|\n|poke|p2|Ursaluna, M|\n|poke|p2|Conkeldurr, M|\n|poke|p2|Corviknight, M|\n|poke|p2|Dragapult, M|\n|poke|p2|Magnezone|\n|poke|p2|Hydreigon, M|\n|teampreview\n|\n|t:|1771218593\n|teamsize|p1|6\n|teamsize|p2|6\n|start\n|switch|p1a: Keldeo|Keldeo-Resolute, shiny|100/100\n|switch|p2a: Magnezone|Magnezone|100/100\n|turn|1\n|\n|t:|1771218609\n|switch|p2a: Dragapult|Dragapult, M|100/100\n|-terastallize|p1a: Keldeo|Water\n|move|p1a: Keldeo|Surf|p2a: Dragapult\n|-resisted|p2a: Dragapult\n|-damage|p2a: Dragapult|37/100\n|\n|upkeep\n|turn|2\n|\n|t:|1771218620\n|move|p2a: Dragapult|Draco Meteor|p1a: Keldeo|[miss]\n|-miss|p2a: Dragapult|p1a: Keldeo\n|move|p1a: Keldeo|Surf|p2a: Dragapult\n|-resisted|p2a: Dragapult\n|-damage|p2a: Dragapult|0 fnt\n|faint|p2a: Dragapult\n|\n|upkeep\n|\n|t:|1771218624\n|switch|p2a: Hydreigon|Hydreigon, M|100/100\n|turn|3\n|\n|t:|1771218628\n|switch|p1a: Ting-Lu|Ting-Lu|100/100\n|-ability|p1a: Ting-Lu|Vessel of Ruin\n|move|p2a: Hydreigon|Nasty Plot|p2a: Hydreigon\n|-boost|p2a: Hydreigon|spa|2\n|\n|upkeep\n|turn|4\n|\n|t:|1771218644\n|move|p2a: Hydreigon|Draco Meteor|p1a: Ting-Lu\n|-crit|p1a: Ting-Lu\n|-damage|p1a: Ting-Lu|12/100\n|-unboost|p2a: Hydreigon|spa|2\n|move|p1a: Ting-Lu|Ruination|p2a: Hydreigon\n|-damage|p2a: Hydreigon|51/100\n|\n|-heal|p2a: Hydreigon|57/100|[from] item: Leftovers\n|-heal|p1a: Ting-Lu|18/100|[from] item: Leftovers\n|upkeep\n|turn|5\n|\n|t:|1771218654\n|move|p2a: Hydreigon|Draco Meteor|p1a: Ting-Lu\n|-damage|p1a: Ting-Lu|0 fnt\n|-unboost|p2a: Hydreigon|spa|2\n|faint|p1a: Ting-Lu\n|\n|-heal|p2a: Hydreigon|63/100|[from] item: Leftovers\n|upkeep\n|\n|t:|1771218658\n|switch|p1a: Keldeo|Keldeo-Resolute, shiny, tera:Water|100/100\n|turn|6\n|\n|t:|1771218673\n|move|p1a: Keldeo|Surf|p2a: Hydreigon\n|-resisted|p2a: Hydreigon\n|-damage|p2a: Hydreigon|6/100\n|move|p2a: Hydreigon|Nasty Plot|p2a: Hydreigon\n|-boost|p2a: Hydreigon|spa|2\n|\n|-heal|p2a: Hydreigon|12/100|[from] item: Leftovers\n|upkeep\n|turn|7\n|\n|t:|1771218679\n|move|p1a: Keldeo|Surf|p2a: Hydreigon\n|-resisted|p2a: Hydreigon\n|-damage|p2a: Hydreigon|0 fnt\n|faint|p2a: Hydreigon\n|\n|upkeep\n|\n|t:|1771218681\n|switch|p2a: Magnezone|Magnezone|100/100\n|turn|8\n|\n|t:|1771218689\n|move|p1a: Keldeo|Surf|p2a: Magnezone\n|-damage|p2a: Magnezone|0 fnt\n|faint|p2a: Magnezone\n|\n|upkeep\n|\n|t:|1771218691\n|switch|p2a: Ursaluna|Ursaluna, M|100/100\n|turn|9\n|\n|t:|1771218704\n|switch|p1a: Zapdos|Zapdos|100/100\n|move|p2a: Ursaluna|Protect||[still]\n|-fail|p2a: Ursaluna\n|\n|-status|p2a: Ursaluna|brn|[from] item: Flame Orb\n|upkeep\n|turn|10\n|\n|t:|1771218714\n|move|p1a: Zapdos|Heat Wave|p2a: Ursaluna\n|-damage|p2a: Ursaluna|71/100 brn\n|move|p2a: Ursaluna|Facade|p1a: Zapdos\n|-damage|p1a: Zapdos|0 fnt\n|faint|p1a: Zapdos\n|\n|-damage|p2a: Ursaluna|65/100 brn|[from] brn\n|upkeep\n|c|☆Paperm47|Gg\n|-message|Paperm47 forfeited.\n|\n|win|rblt ryo\n|raw|rblt ryo's rating: 1668 &rarr; <strong>1690</strong><br />(+22 for winning)\n|raw|Paperm47's rating: 1697 &rarr; <strong>1675</strong><br />(-22 for losing)\n|l|☆Paperm47\n|player|p2|\n", "uploadtime": 1771218971, "views": 4, "formatid": "gen9ou", "rating": 1675, "private": 0, "password": null}