{"id": "gen9ou-2540452715", "format": "[Gen 9] OU", "players": ["Ryan Cowtinho", "eljugoaaron"], "log": "|j|☆Ryan Cowtinho\n|j|☆eljugoaaron\n|t:|1771203837\n|gametype|singles\n|player|p1|Ryan Cowtinho|2|1575\n|player|p2|eljugoaaron|101|1510\n|gen|9\n|tier|[Gen 9] OU\n|rated|\n|rule|HP Percentage Mod: HP is shown in percentages\n|rule|Endless Battle Clause: Forcing endless battles is banned\n|rule|Species Clause: Limit one of each Pokémon\n|rule|OHKO Clause: OHKO moves are banned\n|rule|Evasion Items Clause: Evasion items are banned\n|rule|Evasion Moves Clause: Evasion moves are banned\n|rule|Evasion Abilities Clause: Evasion abilities are banned\n|rule|Sleep Moves Clause: Sleep-inducing moves are banned\n|clearpoke\n|poke|p1|Tyranitar, M|\n|poke|p1|Excadrill, M|\n|poke|p1|Ogerpon-Wellspring, F|\n|poke|p1|Pecharunt|\n|poke|p1|Skarmory, F|\n|poke|p1|Zamazenta-*|\n|poke|p2|Pelipper, F|\n|poke|p2|Iron Treads|\n|poke|p2|Barraskewda, M|\n|poke|p2|Kingdra, F|\n|poke|p2|Iron Valiant|\n|poke|p2|Goodra-Hisui, F|\n|teampreview\n|\n|t:|1771203856\n|teamsize|p1|6\n|teamsize|p2|6\n|start\n|switch|p1a: Ogerpon|Ogerpon-Wellspring, F|100/100\n|switch|p2a: Goodra|Goodra-Hisui, F|100/100\n|turn|1\n|j| hbgzd\n|\n|t:|1771203876\n|move|p1a: Ogerpon|Knock Off|p2a: Goodra\n|-damage|p2a: Goodra|65/100\n|-enditem|p2a: Goodra|Assault Vest|[from] move: Knock Off|[of] p1a: Ogerpon\n|move|p2a: Goodra|Draco Meteor|p1a: Ogerpon\n|-damage|p1a: Ogerpon|38/100\n|-unboost|p2a: Goodra|spa|2\n|\n|upkeep\n|turn|2\n|inactive|Battle timer is ON: inactive players will automatically lose when time's up. (requested by Ryan Cowtinho)\n|\n|t:|1771203886\n|switch|p1a: Zamazenta|Zamazenta|100/100\n|-ability|p1a: Zamazenta|Dauntless Shield|boost\n|-boost|p1a: Zamazenta|def|1\n|switch|p2a: Pelipper|Pelipper, F|100/100\n|-weather|RainDance|[from] ability: Drizzle|[of] p2a: Pelipper\n|\n|-weather|RainDance|[upkeep]\n|upkeep\n|turn|3\n|\n|t:|1771203893\n|move|p1a: Zamazenta|Stone Edge|p2a: Pelipper|[miss]\n|-miss|p1a: Zamazenta|p2a: Pelipper\n|move|p2a: Pelipper|Hurricane|p1a: Zamazenta\n|-supereffective|p1a: Zamazenta\n|-damage|p1a: Zamazenta|30/100\n|\n|-weather|RainDance|[upkeep]\n|upkeep\n|turn|4\n|\n|t:|1771203899\n|switch|p1a: Tyranitar|Tyranitar, M|100/100\n|-weather|Sandstorm|[from] ability: Sand Stream|[of] p1a: Tyranitar\n|move|p2a: Pelipper|Hurricane|p1a: Tyranitar|[miss]\n|-miss|p2a: Pelipper|p1a: Tyranitar\n|\n|-weather|Sandstorm|[upkeep]\n|-damage|p2a: Pelipper|94/100|[from] Sandstorm\n|upkeep\n|turn|5\n|\n|t:|1771203905\n|switch|p2a: Goodra|Goodra-Hisui, F|65/100\n|move|p1a: Tyranitar|Stealth Rock|p2a: Goodra\n|-sidestart|p2: eljugoaaron|move: Stealth Rock\n|\n|-weather|Sandstorm|[upkeep]\n|upkeep\n|turn|6\n|\n|t:|1771203915\n|switch|p1a: Excadrill|Excadrill, M|100/100\n|-item|p1a: Excadrill|Air Balloon\n|move|p2a: Goodra|Earthquake|p1a: Excadrill\n|-immune|p1a: Excadrill\n|\n|-weather|Sandstorm|[upkeep]\n|upkeep\n|turn|7\n|\n|t:|1771203919\n|switch|p2a: Pelipper|Pelipper, F|94/100\n|-damage|p2a: Pelipper|69/100|[from] Stealth Rock\n|-weather|RainDance|[from] ability: Drizzle|[of] p2a: Pelipper\n|move|p1a: Excadrill|Swords Dance|p1a: Excadrill\n|-boost|p1a: Excadrill|atk|2\n|\n|-weather|RainDance|[upkeep]\n|upkeep\n|turn|8\n|\n|t:|1771203925\n|switch|p1a: Ogerpon|Ogerpon-Wellspring, F|38/100\n|move|p2a: Pelipper|Surf|p1a: Ogerpon\n|-heal|p1a: Ogerpon|63/100|[from] ability: Water Absorb|[of] p2a: Pelipper\n|\n|-weather|RainDance|[upkeep]\n|upkeep\n|turn|9\n|\n|t:|1771203933\n|move|p1a: Ogerpon|Knock Off|p2a: Pelipper\n|-damage|p2a: Pelipper|38/100\n|-enditem|p2a: Pelipper|Damp Rock|[from] move: Knock Off|[of] p1a: Ogerpon\n|move|p2a: Pelipper|Hurricane|p1a: Ogerpon\n|-supereffective|p1a: Ogerpon\n|-damage|p1a: Ogerpon|0 fnt\n|faint|p1a: Ogerpon\n|\n|-weather|RainDance|[upkeep]\n|upkeep\n|\n|t:|1771203940\n|switch|p1a: Zamazenta|Zamazenta|30/100\n|turn|10\n|\n|t:|1771203944\n|switch|p2a: Goodra|Goodra-Hisui, F|65/100\n|-damage|p2a: Goodra|59/100|[from] Stealth Rock\n|move|p1a: Zamazenta|Stone Edge|p2a: Goodra\n|-resisted|p2a: Goodra\n|-damage|p2a: Goodra|45/100\n|\n|-weather|RainDance|[upkeep]\n|upkeep\n|turn|11\n|\n|t:|1771203949\n|move|p1a: Zamazenta|Close Combat|p2a: Goodra\n|-supereffective|p2a: Goodra\n|-damage|p2a: Goodra|0 fnt\n|-unboost|p1a: Zamazenta|def|1\n|-unboost|p1a: Zamazenta|spd|1\n|faint|p2a: Goodra\n|\n|-weather|RainDance|[upkeep]\n|upkeep\n|\n|t:|1771203953\n|switch|p2a: Kingdra|Kingdra, F|100/100\n|-damage|p2a: Kingdra|88/100|[from] Stealth Rock\n|turn|12\n|\n|t:|1771203963\n|switch|p1a: Tyranitar|Tyranitar, M|100/100\n|-weather|Sandstorm|[from] ability: Sand Stream|[of] p1a: Tyranitar\n|move|p2a: Kingdra|Weather Ball|p1a: Tyranitar\n|-damage|p1a: Tyranitar|82/100\n|\n|-weather|Sandstorm|[upkeep]\n|-damage|p2a: Kingdra|82/100|[from] Sandstorm\n|upkeep\n|turn|13\n|\n|t:|1771203972\n|switch|p2a: Iron Valiant|Iron Valiant|100/100\n|-damage|p2a: Iron Valiant|94/100|[from] Stealth Rock\n|-enditem|p2a: Iron Valiant|Booster Energy\n|-activate|p2a: Iron Valiant|ability: Quark Drive|[fromitem]\n|-start|p2a: Iron Valiant|quarkdrivespe\n|move|p1a: Tyranitar|Knock Off|p2a: Iron Valiant\n|-resisted|p2a: Iron Valiant\n|-damage|p2a: Iron Valiant|85/100\n|\n|-weather|Sandstorm|[upkeep]\n|-damage|p2a: Iron Valiant|79/100|[from] Sandstorm\n|upkeep\n|turn|14\n|\n|t:|1771203978\n|move|p2a: Iron Valiant|Knock Off|p1a: Tyranitar\n|-resisted|p1a: Tyranitar\n|-damage|p1a: Tyranitar|70/100\n|-enditem|p1a: Tyranitar|Smooth Rock|[from] move: Knock Off|[of] p2a: Iron Valiant\n|move|p1a: Tyranitar|Roar|p2a: Iron Valiant\n|-end|p2a: Iron Valiant|Quark Drive|[silent]\n|drag|p2a: Kingdra|Kingdra, F|82/100\n|-damage|p2a: Kingdra|70/100|[from] Stealth Rock\n|\n|-weather|Sandstorm|[upkeep]\n|-damage|p2a: Kingdra|64/100|[from] Sandstorm\n|upkeep\n|turn|15\n|\n|t:|1771203986\n|switch|p2a: Iron Valiant|Iron Valiant|79/100\n|-damage|p2a: Iron Valiant|72/100|[from] Stealth Rock\n|move|p1a: Tyranitar|Ice Beam|p2a: Iron Valiant\n|-damage|p2a: Iron Valiant|35/100\n|\n|-weather|Sandstorm|[upkeep]\n|-damage|p2a: Iron Valiant|29/100|[from] Sandstorm\n|upkeep\n|turn|16\n|\n|t:|1771203993\n|switch|p1a: Pecharunt|Pecharunt|100/100\n|move|p2a: Iron Valiant|Close Combat|p1a: Pecharunt\n|-immune|p1a: Pecharunt\n|\n|-weather|Sandstorm|[upkeep]\n|-damage|p2a: Iron Valiant|23/100|[from] Sandstorm\n|-damage|p1a: Pecharunt|94/100|[from] Sandstorm\n|upkeep\n|turn|17\n|\n|t:|1771204002\n|switch|p1a: Excadrill|Excadrill, M|100/100\n|-item|p1a: Excadrill|Air Balloon\n|move|p2a: Iron Valiant|Knock Off|p1a: Excadrill\n|-damage|p1a: Excadrill|53/100\n|-enditem|p1a: Excadrill|Air Balloon\n|\n|-weather|Sandstorm|[upkeep]\n|-damage|p2a: Iron Valiant|17/100|[from] Sandstorm\n|upkeep\n|turn|18\n|\n|t:|1771204005\n|move|p1a: Excadrill|Iron Head|p2a: Iron Valiant\n|-supereffective|p2a: Iron Valiant\n|-damage|p2a: Iron Valiant|0 fnt\n|faint|p2a: Iron Valiant\n|-end|p2a: Iron Valiant|Quark Drive|[silent]\n|\n|-weather|Sandstorm|[upkeep]\n|upkeep\n|j| Samurajen\n|\n|t:|1771204020\n|switch|p2a: Pelipper|Pelipper, F|38/100\n|-damage|p2a: Pelipper|13/100|[from] Stealth Rock\n|-weather|RainDance|[from] ability: Drizzle|[of] p2a: Pelipper\n|turn|19\n|j| Nikator98\n|l| Nikator98\n|\n|t:|1771204030\n|move|p1a: Excadrill|Iron Head|p2a: Pelipper\n|-resisted|p2a: Pelipper\n|-damage|p2a: Pelipper|0 fnt\n|faint|p2a: Pelipper\n|\n|-weather|RainDance|[upkeep]\n|upkeep\n|\n|t:|1771204034\n|switch|p2a: Barraskewda|Barraskewda, M|100/100\n|-damage|p2a: Barraskewda|88/100|[from] Stealth Rock\n|turn|20\n|inactive|Ryan Cowtinho has 120 seconds left.\n|\n|t:|1771204069\n|switch|p1a: Skarmory|Skarmory, F|100/100\n|move|p2a: Barraskewda|Liquidation|p1a: Skarmory\n|-damage|p1a: Skarmory|37/100\n|-unboost|p1a: Skarmory|def|1\n|-damage|p2a: Barraskewda|72/100|[from] item: Rocky Helmet|[of] p1a: Skarmory\n|\n|-weather|RainDance|[upkeep]\n|upkeep\n|turn|21\n|\n|t:|1771204076\n|-terastallize|p1a: Skarmory|Dragon\n|move|p2a: Barraskewda|Liquidation|p1a: Skarmory\n|-resisted|p1a: Skarmory\n|-damage|p1a: Skarmory|0 fnt\n|-damage|p2a: Barraskewda|56/100|[from] item: Rocky Helmet|[of] p1a: Skarmory\n|faint|p1a: Skarmory\n|\n|-weather|RainDance|[upkeep]\n|upkeep\n|\n|t:|1771204079\n|switch|p1a: Tyranitar|Tyranitar, M|70/100\n|-weather|Sandstorm|[from] ability: Sand Stream|[of] p1a: Tyranitar\n|turn|22\n|\n|t:|1771204082\n|move|p2a: Barraskewda|Liquidation|p1a: Tyranitar\n|-supereffective|p1a: Tyranitar\n|-damage|p1a: Tyranitar|0 fnt\n|faint|p1a: Tyranitar\n|\n|-weather|Sandstorm|[upkeep]\n|-damage|p2a: Barraskewda|50/100|[from] Sandstorm\n|upkeep\n|\n|t:|1771204085\n|switch|p1a: Excadrill|Excadrill, M|53/100\n|turn|23\n|\n|t:|1771204094\n|switch|p2a: Kingdra|Kingdra, F|64/100\n|-damage|p2a: Kingdra|51/100|[from] Stealth Rock\n|move|p1a: Excadrill|Earthquake|p2a: Kingdra\n|-damage|p2a: Kingdra|0 fnt\n|faint|p2a: Kingdra\n|\n|-weather|Sandstorm|[upkeep]\n|upkeep\n|\n|t:|1771204097\n|switch|p2a: Barraskewda|Barraskewda, M|50/100\n|-damage|p2a: Barraskewda|37/100|[from] Stealth Rock\n|turn|24\n|\n|t:|1771204104\n|switch|p1a: Zamazenta|Zamazenta|30/100\n|move|p2a: Barraskewda|Aqua Jet|p1a: Zamazenta\n|-damage|p1a: Zamazenta|1/100\n|\n|-weather|Sandstorm|[upkeep]\n|-damage|p1a: Zamazenta|0 fnt|[from] Sandstorm\n|-damage|p2a: Barraskewda|31/100|[from] Sandstorm\n|faint|p1a: Zamazenta\n|upkeep\n|\n|t:|1771204107\n|switch|p1a: Pecharunt|Pecharunt|94/100\n|turn|25\n|\n|t:|1771204109\n|switch|p2a: Iron Treads|Iron Treads|100/100\n|-damage|p2a: Iron Treads|97/100|[from] Stealth Rock\n|-enditem|p2a: Iron Treads|Booster Energy\n|-activate|p2a: Iron Treads|ability: Quark Drive|[fromitem]\n|-start|p2a: Iron Treads|quarkdrivespe\n|move|p1a: Pecharunt|Shadow Ball|p2a: Iron Treads\n|-damage|p2a: Iron Treads|68/100\n|-unboost|p2a: Iron Treads|spd|1\n|\n|-weather|Sandstorm|[upkeep]\n|-damage|p1a: Pecharunt|88/100|[from] Sandstorm\n|upkeep\n|turn|26\n|\n|t:|1771204120\n|move|p2a: Iron Treads|Earthquake|p1a: Pecharunt\n|-supereffective|p1a: Pecharunt\n|-damage|p1a: Pecharunt|42/100\n|move|p1a: Pecharunt|Shadow Ball|p2a: Iron Treads\n|-damage|p2a: Iron Treads|22/100\n|\n|-weather|none\n|upkeep\n|turn|27\n|-message|Ryan Cowtinho forfeited.\n|\n|win|eljugoaaron\n|raw|Ryan Cowtinho's rating: 1575 &rarr; <strong>1551</strong><br />(-24 for losing)\n|raw|eljugoaaron's rating: 1510 &rarr; <strong>1534</strong><br />(+24 for winning)\n|l|☆Ryan Cowtinho\n|player|p1|\n|l|☆eljugoaaron\n|player|p2|\n|l| hbgzd\n", "uploadtime": 1771204290, "views": 10, "formatid": "gen9ou", "rating": 1534, "private": 0, "password": null}