{"id": "gen9ou-2540531092", "format": "[Gen 9] OU", "players": ["ceo o wo chien", "vartholomeus"], "log": "|j|☆ceo o wo chien\n|j|☆vartholomeus\n|t:|1771213850\n|gametype|singles\n|player|p1|ceo o wo chien|1|1743\n|player|p2|vartholomeus|ruinmaniac|1630\n|gen|9\n|tier|[Gen 9] OU\n|rated|\n|rule|HP Percentage Mod: HP is shown in percentages\n|rule|Endless Battle Clause: Forcing endless battles is banned\n|rule|Species Clause: Limit one of each Pokémon\n|rule|OHKO Clause: OHKO moves are banned\n|rule|Evasion Items Clause: Evasion items are banned\n|rule|Evasion Moves Clause: Evasion moves are banned\n|rule|Evasion Abilities Clause: Evasion abilities are banned\n|rule|Sleep Moves Clause: Sleep-inducing moves are banned\n|clearpoke\n|poke|p1|Primarina, M|\n|poke|p1|Iron Crown|\n|poke|p1|Great Tusk|\n|poke|p1|Wo-Chien|\n|poke|p1|Moltres|\n|poke|p1|Dragapult, M|\n|poke|p2|Moltres|\n|poke|p2|Slowking-Galar, M|\n|poke|p2|Gholdengo|\n|poke|p2|Greninja-*, M|\n|poke|p2|Great Tusk|\n|poke|p2|Kleavor, F|\n|teampreview\n|inactive|Battle timer is ON: inactive players will automatically lose when time's up. (requested by ceo o wo chien)\n|inactive|vartholomeus also wants the timer to be on.\n|\n|t:|1771213854\n|teamsize|p1|6\n|teamsize|p2|6\n|start\n|switch|p1a: Dragapult|Dragapult, M|100/100\n|switch|p2a: Gregg|Greninja, M|100/100\n|turn|1\n|\n|t:|1771213861\n|switch|p1a: Primarina|Primarina, M|100/100\n|switch|p2a: Pollo|Moltres|100/100\n|\n|upkeep\n|turn|2\n|\n|t:|1771213871\n|move|p2a: Pollo|U-turn|p1a: Primarina\n|-resisted|p1a: Primarina\n|-damage|p1a: Primarina|91/100\n|j| nonchalantbufalant\n|inactive|vartholomeus has 120 seconds left.\n|inactive|vartholomeus has 90 seconds left.\n|\n|t:|1771213941\n|switch|p2a: Loking|Slowking-Galar, M|100/100|[from] U-turn\n|move|p1a: Primarina|Surf|p2a: Loking\n|-damage|p2a: Loking|76/100\n|\n|upkeep\n|turn|3\n|j| Golem Rising\n|\n|t:|1771213944\n|move|p1a: Primarina|Flip Turn|p2a: Loking\n|-damage|p2a: Loking|60/100\n|\n|t:|1771213946\n|switch|p1a: Iron Crown|Iron Crown|100/100|[from] Flip Turn\n|move|p2a: Loking|Sludge Bomb|p1a: Iron Crown\n|-immune|p1a: Iron Crown\n|\n|upkeep\n|turn|4\n|\n|t:|1771213949\n|move|p1a: Iron Crown|Psyshock|p2a: Loking\n|-damage|p2a: Loking|0 fnt\n|faint|p2a: Loking\n|\n|upkeep\n|\n|t:|1771213953\n|switch|p2a: Gregg|Greninja, M|100/100\n|turn|5\n|\n|t:|1771213955\n|-end|p1a: Iron Crown|Quark Drive|[silent]\n|switch|p1a: Primarina|Primarina, M|91/100\n|move|p2a: Gregg|Dark Pulse|p1a: Primarina\n|-resisted|p1a: Primarina\n|-damage|p1a: Primarina|70/100\n|-damage|p2a: Gregg|91/100|[from] item: Life Orb\n|\n|upkeep\n|turn|6\n|\n|t:|1771213960\n|-terastallize|p2a: Gregg|Poison\n|move|p2a: Gregg|Sludge Wave|p1a: Primarina\n|-supereffective|p1a: Primarina\n|-damage|p1a: Primarina|0 fnt\n|faint|p1a: Primarina\n|-ability|p2a: Gregg|Battle Bond|boost\n|-boost|p2a: Gregg|atk|1\n|-boost|p2a: Gregg|spa|1\n|-boost|p2a: Gregg|spe|1\n|-activate|p2a: Gregg|ability: Battle Bond\n|-damage|p2a: Gregg|81/100|[from] item: Life Orb\n|\n|upkeep\n|\n|t:|1771213964\n|switch|p1a: Wo-Chien|Wo-Chien|100/100\n|-ability|p1a: Wo-Chien|Tablets of Ruin\n|turn|7\n|\n|t:|1771213967\n|-terastallize|p1a: Wo-Chien|Poison\n|move|p2a: Gregg|Ice Beam|p1a: Wo-Chien\n|-damage|p1a: Wo-Chien|71/100\n|-damage|p2a: Gregg|71/100|[from] item: Life Orb\n|move|p1a: Wo-Chien|Leech Seed|p2a: Gregg\n|-start|p2a: Gregg|move: Leech Seed\n|\n|-heal|p1a: Wo-Chien|77/100|[from] item: Leftovers\n|-damage|p2a: Gregg|59/100|[from] Leech Seed|[of] p1a: Wo-Chien\n|-heal|p1a: Wo-Chien|87/100|[silent]\n|upkeep\n|turn|8\n|\n|t:|1771213974\n|move|p2a: Gregg|Dark Pulse|p1a: Wo-Chien\n|-damage|p1a: Wo-Chien|46/100\n|-damage|p2a: Gregg|49/100|[from] item: Life Orb\n|move|p1a: Wo-Chien|Knock Off|p2a: Gregg\n|-damage|p2a: Gregg|2/100\n|-enditem|p2a: Gregg|Life Orb|[from] move: Knock Off|[of] p1a: Wo-Chien\n|\n|-heal|p1a: Wo-Chien|52/100|[from] item: Leftovers\n|-damage|p2a: Gregg|0 fnt|[from] Leech Seed|[of] p1a: Wo-Chien\n|-heal|p1a: Wo-Chien|53/100|[silent]\n|faint|p2a: Gregg\n|upkeep\n|\n|t:|1771213980\n|switch|p2a: Fanta|Kleavor, F|100/100\n|turn|9\n|\n|t:|1771213982\n|move|p2a: Fanta|Swords Dance|p2a: Fanta\n|-boost|p2a: Fanta|atk|2\n|move|p1a: Wo-Chien|Leech Seed|p2a: Fanta\n|-start|p2a: Fanta|move: Leech Seed\n|\n|-heal|p1a: Wo-Chien|59/100|[from] item: Leftovers\n|-damage|p2a: Fanta|88/100|[from] Leech Seed|[of] p1a: Wo-Chien\n|-heal|p1a: Wo-Chien|68/100|[silent]\n|upkeep\n|turn|10\n|\n|t:|1771213988\n|switch|p1a: Great Tusk|Great Tusk|100/100\n|move|p2a: Fanta|Stone Axe|p1a: Great Tusk\n|-resisted|p1a: Great Tusk\n|-damage|p1a: Great Tusk|82/100\n|-sidestart|p1: ceo o wo chien|move: Stealth Rock\n|\n|-damage|p2a: Fanta|76/100|[from] Leech Seed|[of] p1a: Great Tusk\n|-heal|p1a: Great Tusk|90/100|[silent]\n|upkeep\n|turn|11\n|\n|t:|1771213994\n|switch|p2a: Pollo|Moltres|100/100\n|move|p1a: Great Tusk|Stealth Rock|p2a: Pollo\n|-sidestart|p2: vartholomeus|move: Stealth Rock\n|\n|upkeep\n|turn|12\n|\n|t:|1771213997\n|-end|p1a: Great Tusk|Protosynthesis|[silent]\n|switch|p1a: Moltres|Moltres|100/100\n|move|p2a: Pollo|Flamethrower|p1a: Moltres\n|-resisted|p1a: Moltres\n|-damage|p1a: Moltres|84/100\n|\n|upkeep\n|turn|13\n|\n|t:|1771214000\n|move|p1a: Moltres|Roar|p2a: Pollo\n|drag|p2a: Kheese|Gholdengo|100/100\n|-damage|p2a: Kheese|94/100|[from] Stealth Rock\n|\n|upkeep\n|turn|14\n|\n|t:|1771214006\n|move|p2a: Kheese|Thunderbolt|p1a: Moltres\n|-supereffective|p1a: Moltres\n|-damage|p1a: Moltres|24/100\n|move|p1a: Moltres|Flamethrower|p2a: Kheese\n|-supereffective|p2a: Kheese\n|-damage|p2a: Kheese|11/100\n|\n|upkeep\n|turn|15\n|\n|t:|1771214013\n|switch|p2a: Great Tusk|Great Tusk|100/100\n|-damage|p2a: Great Tusk|98/100|[from] Stealth Rock\n|switch|p1a: Great Tusk|Great Tusk|90/100\n|\n|upkeep\n|turn|16\n|\n|t:|1771214017\n|move|p2a: Great Tusk|Ice Spinner|p1a: Great Tusk\n|-supereffective|p1a: Great Tusk\n|-damage|p1a: Great Tusk|57/100\n|move|p1a: Great Tusk|Rapid Spin|p2a: Great Tusk\n|-damage|p2a: Great Tusk|86/100\n|-boost|p1a: Great Tusk|spe|1\n|-sideend|p1: ceo o wo chien|Stealth Rock|[from] move: Rapid Spin|[of] p1a: Great Tusk\n|\n|upkeep\n|turn|17\n|\n|t:|1771214021\n|-end|p1a: Great Tusk|Protosynthesis|[silent]\n|switch|p1a: Moltres|Moltres|24/100\n|move|p2a: Great Tusk|Ice Spinner|p1a: Moltres\n|-damage|p1a: Moltres|3/100\n|\n|upkeep\n|turn|18\n|\n|t:|1771214024\n|move|p2a: Great Tusk|Ice Spinner|p1a: Moltres\n|-damage|p1a: Moltres|0 fnt\n|-status|p2a: Great Tusk|brn|[from] ability: Flame Body|[of] p1a: Moltres\n|faint|p1a: Moltres\n|\n|-damage|p2a: Great Tusk|80/100 brn|[from] brn\n|upkeep\n|\n|t:|1771214025\n|switch|p1a: Iron Crown|Iron Crown|100/100\n|turn|19\n|\n|t:|1771214029\n|-end|p2a: Great Tusk|Protosynthesis|[silent]\n|switch|p2a: Kheese|Gholdengo|11/100\n|-damage|p2a: Kheese|5/100|[from] Stealth Rock\n|move|p1a: Iron Crown|Tachyon Cutter|p2a: Kheese\n|-resisted|p2a: Kheese\n|-damage|p2a: Kheese|0 fnt\n|faint|p2a: Kheese\n|-hitcount|p2: Kheese|1\n|\n|upkeep\n|\n|t:|1771214032\n|switch|p2a: Great Tusk|Great Tusk|80/100 brn\n|-damage|p2a: Great Tusk|77/100 brn|[from] Stealth Rock\n|turn|20\n|\n|t:|1771214037\n|move|p2a: Great Tusk|Headlong Rush|p1a: Iron Crown\n|-supereffective|p1a: Iron Crown\n|-damage|p1a: Iron Crown|34/100\n|-unboost|p2a: Great Tusk|def|1\n|-unboost|p2a: Great Tusk|spd|1\n|move|p1a: Iron Crown|Tachyon Cutter|p2a: Great Tusk\n|-damage|p2a: Great Tusk|4/100 brn\n|-damage|p2a: Great Tusk|0 fnt\n|faint|p2a: Great Tusk\n|-end|p2a: Great Tusk|Protosynthesis|[silent]\n|-hitcount|p2: Great Tusk|2\n|\n|upkeep\n|\n|t:|1771214042\n|switch|p2a: Pollo|Moltres|100/100\n|turn|21\n|\n|t:|1771214056\n|-end|p1a: Iron Crown|Quark Drive|[silent]\n|switch|p1a: Wo-Chien|Wo-Chien, tera:Poison|68/100\n|-ability|p1a: Wo-Chien|Tablets of Ruin\n|move|p2a: Pollo|Flamethrower|p1a: Wo-Chien\n|-damage|p1a: Wo-Chien|46/100\n|\n|-heal|p1a: Wo-Chien|53/100|[from] item: Leftovers\n|upkeep\n|turn|22\n|\n|t:|1771214061\n|move|p1a: Wo-Chien|Leech Seed|p2a: Pollo\n|-start|p2a: Pollo|move: Leech Seed\n|move|p2a: Pollo|Roar|p1a: Wo-Chien\n|drag|p1a: Iron Crown|Iron Crown|34/100\n|\n|-damage|p2a: Pollo|88/100|[from] Leech Seed|[of] p1a: Iron Crown\n|-heal|p1a: Iron Crown|48/100|[silent]\n|upkeep\n|turn|23\n|l| nonchalantbufalant\n|inactive|ceo o wo chien has 120 seconds left.\n|\n|t:|1771214098\n|move|p1a: Iron Crown|Volt Switch|p2a: Pollo\n|-supereffective|p2a: Pollo\n|-damage|p2a: Pollo|12/100\n|\n|t:|1771214100\n|-end|p1a: Iron Crown|Quark Drive|[silent]\n|switch|p1a: Wo-Chien|Wo-Chien, tera:Poison|53/100|[from] Volt Switch\n|-ability|p1a: Wo-Chien|Tablets of Ruin\n|move|p2a: Pollo|U-turn|p1a: Wo-Chien\n|-resisted|p1a: Wo-Chien\n|-damage|p1a: Wo-Chien|49/100\n|\n|t:|1771214103\n|switch|p2a: Fanta|Kleavor, F|76/100|[from] U-turn\n|-damage|p2a: Fanta|51/100|[from] Stealth Rock\n|\n|-heal|p1a: Wo-Chien|55/100|[from] item: Leftovers\n|upkeep\n|turn|24\n|\n|t:|1771214113\n|move|p2a: Fanta|Stone Axe|p1a: Wo-Chien|[miss]\n|-miss|p2a: Fanta|p1a: Wo-Chien\n|move|p1a: Wo-Chien|Leech Seed|p2a: Fanta\n|-start|p2a: Fanta|move: Leech Seed\n|\n|-heal|p1a: Wo-Chien|61/100|[from] item: Leftovers\n|-damage|p2a: Fanta|38/100|[from] Leech Seed|[of] p1a: Wo-Chien\n|-heal|p1a: Wo-Chien|70/100|[silent]\n|upkeep\n|turn|25\n|\n|t:|1771214116\n|move|p2a: Fanta|Stone Axe|p1a: Wo-Chien\n|-damage|p1a: Wo-Chien|36/100\n|-sidestart|p1: ceo o wo chien|move: Stealth Rock\n|move|p1a: Wo-Chien|Knock Off|p2a: Fanta\n|-damage|p2a: Fanta|0 fnt\n|-enditem|p2a: Fanta|Focus Sash|[from] move: Knock Off|[of] p1a: Wo-Chien\n|faint|p2a: Fanta\n|\n|-heal|p1a: Wo-Chien|42/100|[from] item: Leftovers\n|upkeep\n|\n|t:|1771214121\n|switch|p2a: Pollo|Moltres|12/100\n|turn|26\n|\n|t:|1771214123\n|move|p2a: Pollo|Roost|p2a: Pollo\n|-heal|p2a: Pollo|62/100\n|-singleturn|p2a: Pollo|move: Roost\n|move|p1a: Wo-Chien|Leech Seed|p2a: Pollo\n|-start|p2a: Pollo|move: Leech Seed\n|\n|-heal|p1a: Wo-Chien|49/100|[from] item: Leftovers\n|-damage|p2a: Pollo|50/100|[from] Leech Seed|[of] p1a: Wo-Chien\n|-heal|p1a: Wo-Chien|61/100|[silent]\n|upkeep\n|turn|27\n|\n|t:|1771214127\n|move|p2a: Pollo|Flamethrower|p1a: Wo-Chien\n|-damage|p1a: Wo-Chien|38/100\n|move|p1a: Wo-Chien|Taunt|p2a: Pollo\n|-start|p2a: Pollo|move: Taunt\n|\n|-heal|p1a: Wo-Chien|44/100|[from] item: Leftovers\n|-damage|p2a: Pollo|38/100|[from] Leech Seed|[of] p1a: Wo-Chien\n|-heal|p1a: Wo-Chien|56/100|[silent]\n|upkeep\n|turn|28\n|\n|t:|1771214131\n|move|p2a: Pollo|Flamethrower|p1a: Wo-Chien\n|-damage|p1a: Wo-Chien|32/100\n|move|p1a: Wo-Chien|Knock Off|p2a: Pollo\n|-damage|p2a: Pollo|15/100\n|-status|p1a: Wo-Chien|brn|[from] ability: Flame Body|[of] p2a: Pollo\n|-enditem|p2a: Pollo|Heavy-Duty Boots|[from] move: Knock Off|[of] p1a: Wo-Chien\n|\n|-heal|p1a: Wo-Chien|38/100 brn|[from] item: Leftovers\n|-damage|p2a: Pollo|3/100|[from] Leech Seed|[of] p1a: Wo-Chien\n|-heal|p1a: Wo-Chien|50/100 brn|[silent]\n|-damage|p1a: Wo-Chien|44/100 brn|[from] brn\n|upkeep\n|turn|29\n|\n|t:|1771214134\n|move|p2a: Pollo|Flamethrower|p1a: Wo-Chien\n|-damage|p1a: Wo-Chien|23/100 brn\n|move|p1a: Wo-Chien|Knock Off|p2a: Pollo\n|-damage|p2a: Pollo|0 fnt\n|faint|p2a: Pollo\n|\n|win|ceo o wo chien\n|raw|ceo o wo chien's rating: 1743 &rarr; <strong>1757</strong><br />(+14 for winning)\n|raw|vartholomeus's rating: 1630 &rarr; <strong>1616</strong><br />(-14 for losing)\n|l|☆vartholomeus\n|player|p2|\n|l|☆ceo o wo chien\n|player|p1|\n|l| Golem Rising\n", "uploadtime": 1771214292, "views": 9, "formatid": "gen9ou", "rating": 1616, "private": 0, "password": null}