{"id": "gen9ou-2540942456", "format": "[Gen 9] OU", "players": ["Nikocado Allahcado", "mmxisgood"], "log": "|j|☆Nikocado Allahcado\n|j|☆mmxisgood\n|t:|1771269380\n|gametype|singles\n|player|p1|Nikocado Allahcado|hiker-gen4|1528\n|player|p2|mmxisgood|giovanni-masters|1566\n|gen|9\n|tier|[Gen 9] OU\n|rated|\n|rule|HP Percentage Mod: HP is shown in percentages\n|rule|Endless Battle Clause: Forcing endless battles is banned\n|rule|Species Clause: Limit one of each Pokémon\n|rule|OHKO Clause: OHKO moves are banned\n|rule|Evasion Items Clause: Evasion items are banned\n|rule|Evasion Moves Clause: Evasion moves are banned\n|rule|Evasion Abilities Clause: Evasion abilities are banned\n|rule|Sleep Moves Clause: Sleep-inducing moves are banned\n|clearpoke\n|poke|p1|Deoxys-Speed|\n|poke|p1|Iron Moth|\n|poke|p1|Ceruledge, F|\n|poke|p1|Porygon-Z|\n|poke|p1|Great Tusk|\n|poke|p1|Kyurem|\n|poke|p2|Glimmora, M|\n|poke|p2|Ogerpon-Wellspring, F|\n|poke|p2|Dragapult, F|\n|poke|p2|Kingambit, M|\n|poke|p2|Landorus-Therian, M|\n|poke|p2|Iron Valiant|\n|teampreview\n|inactive|Battle timer is ON: inactive players will automatically lose when time's up. (requested by mmxisgood)\n|c|☆mmxisgood|hf\n|l|☆Nikocado Allahcado\n|inactive|Nikocado Allahcado disconnected and has a minute to reconnect!\n|player|p1|\n|\n|t:|1771269398\n|teamsize|p1|6\n|teamsize|p2|6\n|start\n|switch|p1a: Deoxys|Deoxys-Speed|100/100\n|switch|p2a: Dragapult|Dragapult, F|100/100\n|-ability|p1a: Deoxys|Pressure\n|turn|1\n|j|☆Nikocado Allahcado\n|inactive|Nikocado Allahcado reconnected and has 125 seconds left.\n|player|p1|Nikocado Allahcado|hiker-gen4|\n|inactive|Nikocado Allahcado has 120 seconds left.\n|\n|t:|1771269432\n|-terastallize|p2a: Dragapult|Ghost\n|move|p1a: Deoxys|Light Screen|p1a: Deoxys\n|-sidestart|p1: Nikocado Allahcado|move: Light Screen\n|move|p2a: Dragapult|Shadow Ball|p1a: Deoxys\n|-supereffective|p1a: Deoxys\n|-damage|p1a: Deoxys|0 fnt\n|faint|p1a: Deoxys\n|\n|upkeep\n|inactive|Nikocado Allahcado has 120 seconds left.\n|\n|t:|1771269450\n|switch|p1a: Porygon-Z|Porygon-Z|100/100\n|-ability|p1a: Porygon-Z|Download|boost\n|-boost|p1a: Porygon-Z|atk|1\n|turn|2\n|inactive|mmxisgood has 120 seconds left.\n|\n|t:|1771269478\n|switch|p2a: Kingambit|Kingambit, M|100/100\n|move|p1a: Porygon-Z|Shadow Ball|p2a: Kingambit\n|-resisted|p2a: Kingambit\n|-damage|p2a: Kingambit|85/100\n|-unboost|p2a: Kingambit|spd|1\n|\n|-heal|p2a: Kingambit|91/100|[from] item: Leftovers\n|upkeep\n|turn|3\n|inactive|mmxisgood has 120 seconds left.\n|\n|t:|1771269494\n|switch|p1a: Great Tusk|Great Tusk|100/100\n|-enditem|p1a: Great Tusk|Booster Energy\n|-activate|p1a: Great Tusk|ability: Protosynthesis|[fromitem]\n|-start|p1a: Great Tusk|protosynthesisatk\n|move|p2a: Kingambit|Kowtow Cleave|p1a: Great Tusk\n|-resisted|p1a: Great Tusk\n|-crit|p1a: Great Tusk\n|-damage|p1a: Great Tusk|74/100\n|\n|-heal|p2a: Kingambit|97/100|[from] item: Leftovers\n|upkeep\n|turn|4\n|inactive|mmxisgood has 120 seconds left.\n|\n|t:|1771269517\n|-end|p2a: Kingambit|fallenundefined|[silent]\n|switch|p2a: Landorus|Landorus-Therian, M|100/100\n|-ability|p2a: Landorus|Intimidate|boost\n|-unboost|p1a: Great Tusk|atk|1\n|move|p1a: Great Tusk|Stealth Rock|p2a: Landorus\n|-sidestart|p2: mmxisgood|move: Stealth Rock\n|\n|upkeep\n|turn|5\n|\n|t:|1771269521\n|move|p2a: Landorus|Taunt|p1a: Great Tusk\n|-start|p1a: Great Tusk|move: Taunt\n|move|p1a: Great Tusk|Ice Spinner|p2a: Landorus\n|-supereffective|p2a: Landorus\n|-damage|p2a: Landorus|0 fnt\n|-damage|p1a: Great Tusk|58/100|[from] item: Rocky Helmet|[of] p2a: Landorus\n|faint|p2a: Landorus\n|\n|upkeep\n|inactive|mmxisgood has 120 seconds left.\n|\n|t:|1771269527\n|switch|p2a: Iron Valiant|Iron Valiant|100/100\n|-damage|p2a: Iron Valiant|94/100|[from] Stealth Rock\n|-enditem|p2a: Iron Valiant|Booster Energy\n|-activate|p2a: Iron Valiant|ability: Quark Drive|[fromitem]\n|-start|p2a: Iron Valiant|quarkdrivespe\n|turn|6\n|inactive|Nikocado Allahcado has 120 seconds left.\n|inactive|mmxisgood has 120 seconds left.\n|\n|t:|1771269538\n|-end|p1a: Great Tusk|Protosynthesis|[silent]\n|switch|p1a: Ceruledge|Ceruledge, F|100/100\n|move|p2a: Iron Valiant|Swords Dance|p2a: Iron Valiant\n|-boost|p2a: Iron Valiant|atk|2\n|\n|upkeep\n|turn|7\n|inactive|Nikocado Allahcado has 120 seconds left.\n|inactive|mmxisgood has 120 seconds left.\n|\n|t:|1771269550\n|move|p1a: Ceruledge|Shadow Sneak|p2a: Iron Valiant\n|-damage|p2a: Iron Valiant|58/100\n|-damage|p1a: Ceruledge|91/100|[from] item: Life Orb\n|move|p2a: Iron Valiant|Knock Off|p1a: Ceruledge\n|-supereffective|p1a: Ceruledge\n|-damage|p1a: Ceruledge|0 fnt\n|-enditem|p1a: Ceruledge|Life Orb|[from] move: Knock Off|[of] p2a: Iron Valiant\n|faint|p1a: Ceruledge\n|\n|upkeep\n|inactive|Nikocado Allahcado has 120 seconds left.\n|\n|t:|1771269559\n|switch|p1a: Iron Moth|Iron Moth|100/100\n|-enditem|p1a: Iron Moth|Booster Energy\n|-activate|p1a: Iron Moth|ability: Quark Drive|[fromitem]\n|-start|p1a: Iron Moth|quarkdrivespe\n|turn|8\n|inactive|mmxisgood has 120 seconds left.\n|\n|t:|1771269577\n|move|p2a: Iron Valiant|Knock Off|p1a: Iron Moth\n|-damage|p1a: Iron Moth|40/100\n|move|p1a: Iron Moth|Fiery Dance|p2a: Iron Valiant\n|-damage|p2a: Iron Valiant|0 fnt\n|-boost|p1a: Iron Moth|spa|1\n|faint|p2a: Iron Valiant\n|-end|p2a: Iron Valiant|Quark Drive|[silent]\n|\n|-sideend|p1: Nikocado Allahcado|move: Light Screen\n|upkeep\n|inactive|mmxisgood has 120 seconds left.\n|\n|t:|1771269587\n|switch|p2a: Glimmora|Glimmora, M|100/100\n|-damage|p2a: Glimmora|88/100|[from] Stealth Rock\n|turn|9\n|inactive|mmxisgood has 120 seconds left.\n|\n|t:|1771269606\n|move|p1a: Iron Moth|Energy Ball|p2a: Glimmora\n|-damage|p2a: Glimmora|28/100\n|move|p2a: Glimmora|Earth Power|p1a: Iron Moth\n|-supereffective|p1a: Iron Moth\n|-damage|p1a: Iron Moth|0 fnt\n|faint|p1a: Iron Moth\n|-end|p1a: Iron Moth|Quark Drive|[silent]\n|\n|upkeep\n|inactive|Nikocado Allahcado has 120 seconds left.\n|\n|t:|1771269628\n|switch|p1a: Great Tusk|Great Tusk|58/100\n|turn|10\n|\n|t:|1771269636\n|move|p1a: Great Tusk|Ice Spinner|p2a: Glimmora\n|-damage|p2a: Glimmora|0 fnt\n|-activate|p2a: Glimmora|ability: Toxic Debris\n|-sidestart|p1: Nikocado Allahcado|move: Toxic Spikes\n|faint|p2a: Glimmora\n|\n|upkeep\n|\n|t:|1771269646\n|switch|p2a: Ogerpon|Ogerpon-Wellspring, F|100/100\n|-damage|p2a: Ogerpon|88/100|[from] Stealth Rock\n|turn|11\n|\n|t:|1771269656\n|move|p2a: Ogerpon|Ivy Cudgel|p1a: Great Tusk|[anim] Ivy Cudgel Water\n|-supereffective|p1a: Great Tusk\n|-damage|p1a: Great Tusk|0 fnt\n|faint|p1a: Great Tusk\n|-end|p1a: Great Tusk|Protosynthesis|[silent]\n|\n|upkeep\n|\n|t:|1771269658\n|switch|p1a: Kyurem|Kyurem|100/100\n|-status|p1a: Kyurem|psn\n|-ability|p1a: Kyurem|Pressure\n|turn|12\n|inactive|mmxisgood has 120 seconds left.\n|\n|t:|1771269689\n|move|p2a: Ogerpon|Play Rough|p1a: Kyurem\n|-supereffective|p1a: Kyurem\n|-damage|p1a: Kyurem|27/100 psn\n|move|p1a: Kyurem|Dragon Dance|p1a: Kyurem\n|-boost|p1a: Kyurem|atk|1\n|-boost|p1a: Kyurem|spe|1\n|\n|-damage|p1a: Kyurem|15/100 psn|[from] psn\n|upkeep\n|turn|13\n|inactive|mmxisgood has 120 seconds left.\n|l|☆Nikocado Allahcado\n|inactive|Nikocado Allahcado disconnected and has a minute to reconnect!\n|player|p1|\n|inactive|Nikocado Allahcado has 30 seconds to reconnect!\n|inactive|Nikocado Allahcado has 20 seconds to reconnect!\n|inactive|Nikocado Allahcado has 15 seconds to reconnect!\n|inactive|Nikocado Allahcado has 10 seconds to reconnect!\n|inactive|Nikocado Allahcado has 5 seconds to reconnect!\n|-message|Nikocado Allahcado lost due to inactivity.\n|\n|win|mmxisgood\n|raw|Nikocado Allahcado's rating: 1528 &rarr; <strong>1510</strong><br />(-18 for losing)\n|raw|mmxisgood's rating: 1566 &rarr; <strong>1584</strong><br />(+18 for winning)\n|l|☆mmxisgood\n|player|p2|\n|j|☆Nikocado Allahcado\n|player|p1|Nikocado Allahcado|hiker-gen4|\n|l|☆Nikocado Allahcado\n|player|p1|\n", "uploadtime": 1771270020, "views": 2, "formatid": "gen9ou", "rating": 1510, "private": 0, "password": null}