{"id": "gen9ou-2639945595", "format": "[Gen 9] OU", "players": ["fachkus", "anamchara"], "log": "|j|☆fachkus\n|j|☆anamchara\n|t:|1782549601\n|gametype|singles\n|player|p1|fachkus|1|1641\n|player|p2|anamchara|265|1625\n|gen|9\n|tier|[Gen 9] OU\n|rated|\n|rule|HP Percentage Mod: HP is shown in percentages\n|rule|Endless Battle Clause: Forcing endless battles is banned\n|rule|Species Clause: Limit one of each Pokémon\n|rule|OHKO Clause: OHKO moves are banned\n|rule|Evasion Items Clause: Evasion items are banned\n|rule|Evasion Moves Clause: Evasion moves are banned\n|rule|Evasion Abilities Clause: Evasion abilities are banned\n|rule|Sleep Moves Clause: Sleep-inducing moves are banned\n|clearpoke\n|poke|p1|Iron Moth|\n|poke|p1|Gliscor, M|\n|poke|p1|Hatterene, F|\n|poke|p1|Ogerpon-Wellspring, F|\n|poke|p1|Raging Bolt|\n|poke|p1|Zamazenta-*|\n|poke|p2|Slowking-Galar, F|\n|poke|p2|Meowscarada, F|\n|poke|p2|Iron Valiant|\n|poke|p2|Ogerpon-Wellspring, F|\n|poke|p2|Glimmora, M|\n|poke|p2|Dragapult, M|\n|teampreview\n|\n|t:|1782549612\n|teamsize|p1|6\n|teamsize|p2|6\n|start\n|switch|p1a: Zamazenta|Zamazenta|100/100\n|switch|p2a: Meowscarada|Meowscarada, F|100/100\n|-ability|p1a: Zamazenta|Dauntless Shield|boost\n|-boost|p1a: Zamazenta|def|1\n|turn|1\n|inactive|Battle timer is ON: inactive players will automatically lose when time's up. (requested by fachkus)\n|\n|t:|1782549620\n|move|p2a: Meowscarada|U-turn|p1a: Zamazenta\n|-start|p2a: Meowscarada|typechange|Bug|[from] ability: Protean\n|-resisted|p1a: Zamazenta\n|-damage|p1a: Zamazenta|92/100\n|\n|t:|1782549623\n|switch|p2a: Slowking|Slowking-Galar, F|100/100|[from] U-turn\n|move|p1a: Zamazenta|Light Screen|p1a: Zamazenta\n|-sidestart|p1: fachkus|move: Light Screen\n|\n|upkeep\n|turn|2\n|\n|t:|1782549631\n|switch|p1a: Gliscor|Gliscor, M|100/100\n|move|p2a: Slowking|Psychic Noise|p1a: Gliscor\n|-damage|p1a: Gliscor|78/100\n|-start|p1a: Gliscor|move: Heal Block\n|\n|-status|p1a: Gliscor|tox|[from] item: Toxic Orb\n|upkeep\n|turn|3\n|\n|t:|1782549643\n|move|p1a: Gliscor|Earthquake|p2a: Slowking\n|-supereffective|p2a: Slowking\n|-damage|p2a: Slowking|18/100\n|move|p2a: Slowking|Ice Beam|p1a: Gliscor\n|-supereffective|p1a: Gliscor\n|-damage|p1a: Gliscor|7/100 tox\n|\n|-end|p1a: Gliscor|move: Heal Block\n|upkeep\n|turn|4\n|\n|t:|1782549653\n|switch|p2a: Glimmora|Glimmora, M|100/100\n|move|p1a: Gliscor|Earthquake|p2a: Glimmora\n|-supereffective|p2a: Glimmora\n|-damage|p2a: Glimmora|0 fnt\n|-activate|p2a: Glimmora|ability: Toxic Debris\n|-sidestart|p1: fachkus|move: Toxic Spikes\n|faint|p2a: Glimmora\n|\n|-heal|p1a: Gliscor|19/100 tox|[from] ability: Poison Heal\n|upkeep\n|\n|t:|1782549656\n|switch|p2a: Dragapult|Dragapult, M|100/100\n|turn|5\n|\n|t:|1782549664\n|switch|p1a: Hatterene|Hatterene, F|100/100\n|-status|p1a: Hatterene|psn\n|move|p2a: Dragapult|Dragon Dance|p2a: Dragapult\n|-boost|p2a: Dragapult|atk|1\n|-boost|p2a: Dragapult|spe|1\n|\n|-damage|p1a: Hatterene|88/100 psn|[from] psn\n|upkeep\n|turn|6\n|\n|t:|1782549672\n|move|p2a: Dragapult|Hex|p1a: Hatterene\n|-supereffective|p1a: Hatterene\n|-damage|p1a: Hatterene|0 fnt\n|faint|p1a: Hatterene\n|-damage|p2a: Dragapult|91/100|[from] item: Life Orb\n|\n|upkeep\n|\n|t:|1782549683\n|switch|p1a: Iron Moth|Iron Moth|100/100\n|-sideend|p1: fachkus|move: Toxic Spikes|[of] p1a: Iron Moth\n|-enditem|p1a: Iron Moth|Booster Energy\n|-activate|p1a: Iron Moth|ability: Quark Drive|[fromitem]\n|-start|p1a: Iron Moth|quarkdrivespe\n|turn|7\n|\n|t:|1782549691\n|-end|p1a: Iron Moth|Quark Drive|[silent]\n|switch|p1a: Gliscor|Gliscor, M|19/100 tox\n|move|p2a: Dragapult|Dragon Darts|p1a: Gliscor\n|-damage|p1a: Gliscor|0 fnt\n|faint|p1a: Gliscor\n|-damage|p2a: Dragapult|81/100|[from] item: Life Orb\n|\n|upkeep\n|\n|t:|1782549697\n|switch|p1a: Zamazenta|Zamazenta|92/100\n|turn|8\n|\n|t:|1782549704\n|move|p2a: Dragapult|Will-O-Wisp|p1a: Zamazenta\n|-status|p1a: Zamazenta|brn\n|move|p1a: Zamazenta|Ice Fang|p2a: Dragapult\n|-supereffective|p2a: Dragapult\n|-damage|p2a: Dragapult|55/100\n|\n|-damage|p1a: Zamazenta|85/100 brn|[from] brn\n|-sideend|p1: fachkus|move: Light Screen\n|upkeep\n|turn|9\n|\n|t:|1782549710\n|move|p2a: Dragapult|Dragon Darts|p1a: Zamazenta\n|-damage|p1a: Zamazenta|53/100 brn\n|-anim|p2a: Dragapult|Dragon Darts|p1a: Zamazenta\n|-damage|p1a: Zamazenta|23/100 brn\n|-damage|p2a: Dragapult|45/100|[from] item: Life Orb\n|move|p1a: Zamazenta|Reflect|p1a: Zamazenta\n|-sidestart|p1: fachkus|Reflect\n|\n|-damage|p1a: Zamazenta|17/100 brn|[from] brn\n|upkeep\n|turn|10\n|\n|t:|1782549720\n|move|p2a: Dragapult|Hex|p1a: Zamazenta\n|-damage|p1a: Zamazenta|0 fnt\n|faint|p1a: Zamazenta\n|-damage|p2a: Dragapult|35/100|[from] item: Life Orb\n|\n|upkeep\n|\n|t:|1782549725\n|switch|p1a: Raging Bolt|Raging Bolt|100/100\n|-enditem|p1a: Raging Bolt|Booster Energy\n|-activate|p1a: Raging Bolt|ability: Protosynthesis|[fromitem]\n|-start|p1a: Raging Bolt|protosynthesisspa\n|turn|11\n|\n|t:|1782549732\n|-terastallize|p1a: Raging Bolt|Ghost\n|move|p2a: Dragapult|Dragon Darts|p1a: Raging Bolt\n|-damage|p1a: Raging Bolt|59/100\n|-anim|p2a: Dragapult|Dragon Darts|p1a: Raging Bolt\n|-damage|p1a: Raging Bolt|23/100\n|-damage|p2a: Dragapult|25/100|[from] item: Life Orb\n|move|p1a: Raging Bolt|Thunderbolt|p2a: Dragapult\n|-resisted|p2a: Dragapult\n|-damage|p2a: Dragapult|0 fnt\n|faint|p2a: Dragapult\n|\n|upkeep\n|\n|t:|1782549735\n|switch|p2a: Meowscarada|Meowscarada, F|100/100\n|turn|12\n|\n|t:|1782549743\n|move|p2a: Meowscarada|Knock Off|p1a: Raging Bolt\n|-start|p2a: Meowscarada|typechange|Dark|[from] ability: Protean\n|-supereffective|p1a: Raging Bolt\n|-damage|p1a: Raging Bolt|0 fnt\n|faint|p1a: Raging Bolt\n|-end|p1a: Raging Bolt|Protosynthesis|[silent]\n|\n|upkeep\n|\n|t:|1782549753\n|switch|p1a: Ogerpon|Ogerpon-Wellspring, F|100/100\n|turn|13\n|\n|t:|1782549778\n|switch|p2a: Slowking|Slowking-Galar, F|51/100\n|move|p1a: Ogerpon|Trailblaze|p2a: Slowking\n|-resisted|p2a: Slowking\n|-damage|p2a: Slowking|36/100\n|-boost|p1a: Ogerpon|spe|1\n|\n|upkeep\n|turn|14\n|\n|t:|1782549787\n|move|p1a: Ogerpon|Ivy Cudgel|p2a: Slowking|[anim] Ivy Cudgel Water\n|-damage|p2a: Slowking|0 fnt\n|faint|p2a: Slowking\n|\n|upkeep\n|\n|t:|1782549799\n|switch|p2a: Ogerpon|Ogerpon-Wellspring, F|100/100\n|turn|15\n|\n|t:|1782549807\n|move|p1a: Ogerpon|Trailblaze|p2a: Ogerpon\n|-damage|p2a: Ogerpon|58/100\n|-boost|p1a: Ogerpon|spe|1\n|move|p2a: Ogerpon|Trailblaze|p1a: Ogerpon\n|-crit|p1a: Ogerpon\n|-damage|p1a: Ogerpon|32/100\n|-boost|p2a: Ogerpon|spe|1\n|\n|upkeep\n|turn|16\n|\n|t:|1782549815\n|move|p1a: Ogerpon|Encore|p2a: Ogerpon\n|-start|p2a: Ogerpon|Encore\n|move|p2a: Ogerpon|Trailblaze|p1a: Ogerpon\n|-damage|p1a: Ogerpon|11/100\n|-boost|p2a: Ogerpon|spe|1\n|\n|-sideend|p1: fachkus|Reflect\n|upkeep\n|turn|17\n|\n|t:|1782549826\n|switch|p1a: Iron Moth|Iron Moth|100/100\n|move|p2a: Ogerpon|Trailblaze|p1a: Iron Moth\n|-resisted|p1a: Iron Moth\n|-damage|p1a: Iron Moth|87/100\n|-boost|p2a: Ogerpon|spe|1\n|\n|upkeep\n|turn|18\n|\n|t:|1782549834\n|switch|p2a: Meowscarada|Meowscarada, F|100/100\n|move|p1a: Iron Moth|Fiery Dance|p2a: Meowscarada\n|-supereffective|p2a: Meowscarada\n|-damage|p2a: Meowscarada|0 fnt\n|-boost|p1a: Iron Moth|spa|1\n|faint|p2a: Meowscarada\n|\n|upkeep\n|\n|t:|1782549850\n|switch|p2a: Iron Valiant|Iron Valiant|100/100\n|-enditem|p2a: Iron Valiant|Booster Energy\n|-activate|p2a: Iron Valiant|ability: Quark Drive|[fromitem]\n|-start|p2a: Iron Valiant|quarkdrivespe\n|turn|19\n|\n|t:|1782549858\n|-terastallize|p2a: Iron Valiant|Dark\n|move|p2a: Iron Valiant|Knock Off|p1a: Iron Moth\n|-damage|p1a: Iron Moth|37/100\n|move|p1a: Iron Moth|Fiery Dance|p2a: Iron Valiant\n|-damage|p2a: Iron Valiant|0 fnt\n|-boost|p1a: Iron Moth|spa|1\n|faint|p2a: Iron Valiant\n|-end|p2a: Iron Valiant|Quark Drive|[silent]\n|\n|upkeep\n|\n|t:|1782549864\n|switch|p2a: Ogerpon|Ogerpon-Wellspring, F|58/100\n|turn|20\n|-message|anamchara forfeited.\n|\n|win|fachkus\n|raw|fachkus's rating: 1641 &rarr; <strong>1659</strong><br />(+18 for winning)\n|raw|anamchara's rating: 1607 &rarr; <strong>1589</strong><br />(-18 for losing)\n|l|☆anamchara\n|player|p2|\n", "uploadtime": 1782549872, "views": 13, "formatid": "gen9ou", "rating": 1589, "private": 0, "password": null}