{"id": "gen9ou-2540693985", "format": "[Gen 9] OU", "players": ["oehtwashere", "hbgzd"], "log": "|j|‽oehtwashere\n|j|☆hbgzd\n|t:|1771241432\n|gametype|singles\n|player|p1|oehtwashere|ryuki|1650\n|player|p2|hbgzd|zinnia|1769\n|gen|9\n|tier|[Gen 9] OU\n|rated|\n|rule|HP Percentage Mod: HP is shown in percentages\n|rule|Endless Battle Clause: Forcing endless battles is banned\n|rule|Species Clause: Limit one of each Pokémon\n|rule|OHKO Clause: OHKO moves are banned\n|rule|Evasion Items Clause: Evasion items are banned\n|rule|Evasion Moves Clause: Evasion moves are banned\n|rule|Evasion Abilities Clause: Evasion abilities are banned\n|rule|Sleep Moves Clause: Sleep-inducing moves are banned\n|clearpoke\n|poke|p1|Volcanion|\n|poke|p1|Rotom-Heat|\n|poke|p1|Cinderace, F|\n|poke|p1|Talonflame, F|\n|poke|p1|Heatran, M|\n|poke|p1|Arcanine-Hisui, F|\n|poke|p2|Rillaboom, M|\n|poke|p2|Iron Crown|\n|poke|p2|Serperior, M|\n|poke|p2|Zamazenta-*|\n|poke|p2|Heatran, F|\n|poke|p2|Great Tusk|\n|teampreview\n|inactive|Battle timer is ON: inactive players will automatically lose when time's up. (requested by oehtwashere)\n|c|☆hbgzd|awa\n|\n|t:|1771241449\n|teamsize|p1|6\n|teamsize|p2|6\n|start\n|switch|p1a: Cinderace|Cinderace, F|100/100\n|switch|p2a: Heatran|Heatran, F|100/100\n|-item|p2a: Heatran|Air Balloon\n|turn|1\n|\n|t:|1771241454\n|-terastallize|p2a: Heatran|Bug\n|move|p1a: Cinderace|High Jump Kick|p2a: Heatran|[miss]\n|-start|p1a: Cinderace|typechange|Fighting|[from] ability: Libero\n|-miss|p1a: Cinderace|p2a: Heatran\n|-damage|p1a: Cinderace|51/100|[from] highjumpkick\n|move|p2a: Heatran|Will-O-Wisp|p1a: Cinderace\n|-status|p1a: Cinderace|brn\n|\n|-damage|p1a: Cinderace|45/100 brn|[from] brn\n|upkeep\n|turn|2\n|c|☆hbgzd|hhhh\n|\n|t:|1771241468\n|move|p1a: Cinderace|U-turn|p2a: Heatran\n|-damage|p2a: Heatran|91/100\n|-enditem|p2a: Heatran|Air Balloon\n|\n|t:|1771241469\n|switch|p1a: Arcanine|Arcanine-Hisui, F|100/100|[from] U-turn\n|move|p2a: Heatran|Stealth Rock|p1a: Arcanine\n|-sidestart|p1: oehtwashere|move: Stealth Rock\n|\n|upkeep\n|turn|3\n|\n|t:|1771241480\n|switch|p2a: Zamazenta|Zamazenta|100/100\n|-ability|p2a: Zamazenta|Dauntless Shield|boost\n|-boost|p2a: Zamazenta|def|1\n|move|p1a: Arcanine|Head Smash|p2a: Zamazenta|[miss]\n|-miss|p1a: Arcanine|p2a: Zamazenta\n|\n|upkeep\n|turn|4\n|\n|t:|1771241489\n|switch|p2a: Heatran|Heatran, F, tera:Bug|91/100\n|switch|p1a: Talonflame|Talonflame, F|100/100\n|\n|upkeep\n|turn|5\n|\n|t:|1771241492\n|move|p1a: Talonflame|Defog|p2a: Heatran\n|-unboost|p2a: Heatran|evasion|1\n|-sideend|p1: oehtwashere|Stealth Rock|[from] move: Defog|[of] p1a: Talonflame\n|move|p2a: Heatran|Magma Storm|p1a: Talonflame\n|-resisted|p1a: Talonflame\n|-damage|p1a: Talonflame|72/100\n|-activate|p1a: Talonflame|move: Magma Storm|[of] p2a: Heatran\n|\n|-damage|p1a: Talonflame|59/100|[from] move: Magma Storm|[partiallytrapped]\n|upkeep\n|turn|6\n|\n|t:|1771241497\n|move|p1a: Talonflame|Defog|p2a: Heatran\n|-unboost|p2a: Heatran|evasion|1\n|move|p2a: Heatran|Stealth Rock|p1a: Talonflame\n|-sidestart|p1: oehtwashere|move: Stealth Rock\n|\n|-damage|p1a: Talonflame|47/100|[from] move: Magma Storm|[partiallytrapped]\n|upkeep\n|turn|7\n|\n|t:|1771241503\n|move|p1a: Talonflame|Defog|p2a: Heatran\n|-unboost|p2a: Heatran|evasion|1\n|-sideend|p1: oehtwashere|Stealth Rock|[from] move: Defog|[of] p1a: Talonflame\n|move|p2a: Heatran|Heavy Slam|p1a: Talonflame\n|-resisted|p1a: Talonflame\n|-damage|p1a: Talonflame|29/100\n|\n|-damage|p1a: Talonflame|17/100|[from] move: Magma Storm|[partiallytrapped]\n|upkeep\n|turn|8\n|\n|t:|1771241509\n|move|p1a: Talonflame|Roost|p1a: Talonflame\n|-heal|p1a: Talonflame|67/100\n|-singleturn|p1a: Talonflame|move: Roost\n|move|p2a: Heatran|Magma Storm|p1a: Talonflame\n|-resisted|p1a: Talonflame\n|-damage|p1a: Talonflame|41/100\n|\n|-damage|p1a: Talonflame|28/100|[from] move: Magma Storm|[partiallytrapped]\n|upkeep\n|turn|9\n|\n|t:|1771241518\n|move|p1a: Talonflame|Roost|p1a: Talonflame\n|-heal|p1a: Talonflame|78/100\n|-singleturn|p1a: Talonflame|move: Roost\n|move|p2a: Heatran|Heavy Slam|p1a: Talonflame\n|-resisted|p1a: Talonflame\n|-damage|p1a: Talonflame|62/100\n|-status|p2a: Heatran|brn|[from] ability: Flame Body|[of] p1a: Talonflame\n|\n|-damage|p2a: Heatran|85/100 brn|[from] brn\n|-end|p1a: Talonflame|Magma Storm|[partiallytrapped]\n|upkeep\n|turn|10\n|\n|t:|1771241523\n|switch|p1a: Arcanine|Arcanine-Hisui, F|100/100\n|move|p2a: Heatran|Stealth Rock|p1a: Arcanine\n|-sidestart|p1: oehtwashere|move: Stealth Rock\n|\n|-damage|p2a: Heatran|79/100 brn|[from] brn\n|upkeep\n|turn|11\n|\n|t:|1771241534\n|switch|p2a: Zamazenta|Zamazenta|100/100\n|move|p1a: Arcanine|Double-Edge|p2a: Zamazenta\n|-damage|p2a: Zamazenta|52/100\n|\n|-heal|p2a: Zamazenta|58/100|[from] item: Leftovers\n|upkeep\n|turn|12\n|\n|t:|1771241545\n|switch|p2a: Rillaboom|Rillaboom, M, shiny|100/100\n|-fieldstart|move: Grassy Terrain|[from] ability: Grassy Surge|[of] p2a: Rillaboom\n|switch|p1a: Talonflame|Talonflame, F|62/100\n|\n|upkeep\n|turn|13\n|\n|t:|1771241549\n|move|p1a: Talonflame|Will-O-Wisp|p2a: Rillaboom\n|-status|p2a: Rillaboom|brn\n|move|p2a: Rillaboom|Knock Off|p1a: Talonflame\n|-damage|p1a: Talonflame|42/100\n|-enditem|p1a: Talonflame|Heavy-Duty Boots|[from] move: Knock Off|[of] p2a: Rillaboom\n|-damage|p2a: Rillaboom|91/100 brn|[from] item: Life Orb\n|\n|-heal|p2a: Rillaboom|97/100 brn|[from] Grassy Terrain\n|-damage|p2a: Rillaboom|91/100 brn|[from] brn\n|upkeep\n|turn|14\n|\n|t:|1771241555\n|switch|p2a: Heatran|Heatran, F, tera:Bug|79/100 brn\n|move|p1a: Talonflame|Defog|p2a: Heatran\n|-unboost|p2a: Heatran|evasion|1\n|-sideend|p1: oehtwashere|Stealth Rock|[from] move: Defog|[of] p1a: Talonflame\n|-fieldend|move: Grassy Terrain\n|\n|-damage|p2a: Heatran|73/100 brn|[from] brn\n|upkeep\n|turn|15\n|j| Samurajen\n|\n|t:|1771241562\n|move|p1a: Talonflame|Roost|p1a: Talonflame\n|-heal|p1a: Talonflame|92/100\n|-singleturn|p1a: Talonflame|move: Roost\n|move|p2a: Heatran|Stealth Rock|p1a: Talonflame\n|-sidestart|p1: oehtwashere|move: Stealth Rock\n|\n|-damage|p2a: Heatran|67/100 brn|[from] brn\n|upkeep\n|turn|16\n|\n|t:|1771241567\n|move|p1a: Talonflame|Defog|p2a: Heatran\n|-unboost|p2a: Heatran|evasion|1\n|-sideend|p1: oehtwashere|Stealth Rock|[from] move: Defog|[of] p1a: Talonflame\n|move|p2a: Heatran|Magma Storm|p1a: Talonflame\n|-resisted|p1a: Talonflame\n|-damage|p1a: Talonflame|64/100\n|-activate|p1a: Talonflame|move: Magma Storm|[of] p2a: Heatran\n|\n|-damage|p2a: Heatran|60/100 brn|[from] brn\n|-damage|p1a: Talonflame|51/100|[from] move: Magma Storm|[partiallytrapped]\n|upkeep\n|turn|17\n|\n|t:|1771241572\n|move|p1a: Talonflame|Defog|p2a: Heatran\n|-unboost|p2a: Heatran|evasion|1\n|move|p2a: Heatran|Stealth Rock|p1a: Talonflame\n|-sidestart|p1: oehtwashere|move: Stealth Rock\n|\n|-damage|p2a: Heatran|54/100 brn|[from] brn\n|-damage|p1a: Talonflame|39/100|[from] move: Magma Storm|[partiallytrapped]\n|upkeep\n|turn|18\n|j| Despote\n|\n|t:|1771241587\n|move|p1a: Talonflame|Roost|p1a: Talonflame\n|-heal|p1a: Talonflame|89/100\n|-singleturn|p1a: Talonflame|move: Roost\n|move|p2a: Heatran|Stealth Rock||[still]\n|-fail|p2a: Heatran\n|\n|-damage|p2a: Heatran|48/100 brn|[from] brn\n|-damage|p1a: Talonflame|77/100|[from] move: Magma Storm|[partiallytrapped]\n|upkeep\n|turn|19\n|\n|t:|1771241589\n|move|p1a: Talonflame|Defog|p2a: Heatran\n|-unboost|p2a: Heatran|evasion|1\n|-sideend|p1: oehtwashere|Stealth Rock|[from] move: Defog|[of] p1a: Talonflame\n|move|p2a: Heatran|Magma Storm|p1a: Talonflame|[miss]\n|-miss|p2a: Heatran|p1a: Talonflame\n|\n|-damage|p2a: Heatran|42/100 brn|[from] brn\n|-damage|p1a: Talonflame|65/100|[from] move: Magma Storm|[partiallytrapped]\n|upkeep\n|turn|20\n|\n|t:|1771241596\n|move|p1a: Talonflame|Defog|p2a: Heatran\n|-unboost|p2a: Heatran|evasion|1\n|move|p2a: Heatran|Magma Storm|p1a: Talonflame\n|-resisted|p1a: Talonflame\n|-damage|p1a: Talonflame|37/100\n|\n|-damage|p2a: Heatran|35/100 brn|[from] brn\n|-damage|p1a: Talonflame|25/100|[from] move: Magma Storm|[partiallytrapped]\n|upkeep\n|turn|21\n|\n|t:|1771241607\n|move|p1a: Talonflame|Roost|p1a: Talonflame\n|-heal|p1a: Talonflame|75/100\n|-singleturn|p1a: Talonflame|move: Roost\n|move|p2a: Heatran|Stealth Rock|p1a: Talonflame\n|-sidestart|p1: oehtwashere|move: Stealth Rock\n|\n|-damage|p2a: Heatran|29/100 brn|[from] brn\n|-end|p1a: Talonflame|Magma Storm|[partiallytrapped]\n|upkeep\n|turn|22\n|\n|t:|1771241611\n|switch|p2a: Great Tusk|Great Tusk|100/100\n|-enditem|p2a: Great Tusk|Booster Energy\n|-activate|p2a: Great Tusk|ability: Protosynthesis|[fromitem]\n|-start|p2a: Great Tusk|protosynthesisspe\n|move|p1a: Talonflame|Defog|p2a: Great Tusk\n|-unboost|p2a: Great Tusk|evasion|1\n|-sideend|p1: oehtwashere|Stealth Rock|[from] move: Defog|[of] p1a: Talonflame\n|\n|upkeep\n|turn|23\n|\n|t:|1771241632\n|switch|p1a: Rotom|Rotom-Heat|100/100\n|move|p2a: Great Tusk|Stone Edge|p1a: Rotom|[miss]\n|-miss|p2a: Great Tusk|p1a: Rotom\n|\n|upkeep\n|turn|24\n|\n|t:|1771241639\n|move|p2a: Great Tusk|Bulk Up|p2a: Great Tusk\n|-boost|p2a: Great Tusk|atk|1\n|-boost|p2a: Great Tusk|def|1\n|move|p1a: Rotom|Overheat|p2a: Great Tusk\n|-damage|p2a: Great Tusk|38/100\n|-unboost|p1a: Rotom|spa|2\n|\n|upkeep\n|turn|25\n|\n|t:|1771241643\n|move|p2a: Great Tusk|Bulk Up|p2a: Great Tusk\n|-boost|p2a: Great Tusk|atk|1\n|-boost|p2a: Great Tusk|def|1\n|move|p1a: Rotom|Overheat|p2a: Great Tusk\n|-damage|p2a: Great Tusk|8/100\n|-unboost|p1a: Rotom|spa|2\n|\n|upkeep\n|turn|26\n|\n|t:|1771241649\n|move|p2a: Great Tusk|Stone Edge|p1a: Rotom\n|-supereffective|p1a: Rotom\n|-crit|p1a: Rotom\n|-damage|p1a: Rotom|0 fnt\n|faint|p1a: Rotom\n|\n|upkeep\n|\n|t:|1771241653\n|switch|p1a: Arcanine|Arcanine-Hisui, F|100/100\n|turn|27\n|\n|t:|1771241660\n|move|p1a: Arcanine|Extreme Speed|p2a: Great Tusk\n|-damage|p2a: Great Tusk|0 fnt\n|faint|p2a: Great Tusk\n|-end|p2a: Great Tusk|Protosynthesis|[silent]\n|\n|upkeep\n|\n|t:|1771241672\n|switch|p2a: Zamazenta|Zamazenta|58/100\n|turn|28\n|\n|t:|1771241685\n|switch|p2a: Heatran|Heatran, F, tera:Bug|29/100 brn\n|switch|p1a: Talonflame|Talonflame, F|75/100\n|\n|-damage|p2a: Heatran|23/100 brn|[from] brn\n|upkeep\n|turn|29\n|\n|t:|1771241699\n|move|p1a: Talonflame|Defog|p2a: Heatran\n|-unboost|p2a: Heatran|evasion|1\n|move|p2a: Heatran|Stealth Rock|p1a: Talonflame\n|-sidestart|p1: oehtwashere|move: Stealth Rock\n|\n|-damage|p2a: Heatran|17/100 brn|[from] brn\n|upkeep\n|turn|30\n|\n|t:|1771241704\n|switch|p2a: Serperior|Serperior, M|100/100\n|move|p1a: Talonflame|Defog|p2a: Serperior\n|-boost|p2a: Serperior|evasion|1\n|-sideend|p1: oehtwashere|Stealth Rock|[from] move: Defog|[of] p1a: Talonflame\n|\n|upkeep\n|turn|31\n|\n|t:|1771241708\n|move|p2a: Serperior|Leaf Storm|p1a: Talonflame\n|-resisted|p1a: Talonflame\n|-damage|p1a: Talonflame|59/100\n|-boost|p2a: Serperior|spa|2\n|move|p1a: Talonflame|Flamethrower|p2a: Serperior\n|-supereffective|p2a: Serperior\n|-damage|p2a: Serperior|37/100\n|\n|upkeep\n|turn|32\n|\n|t:|1771241711\n|move|p2a: Serperior|Leaf Storm|p1a: Talonflame|[miss]\n|-miss|p2a: Serperior|p1a: Talonflame\n|move|p1a: Talonflame|Flamethrower|p2a: Serperior|[miss]\n|-miss|p1a: Talonflame|p2a: Serperior\n|\n|upkeep\n|turn|33\n|\n|t:|1771241714\n|move|p2a: Serperior|Leaf Storm|p1a: Talonflame\n|-resisted|p1a: Talonflame\n|-damage|p1a: Talonflame|30/100\n|-boost|p2a: Serperior|spa|2\n|move|p1a: Talonflame|Flamethrower|p2a: Serperior\n|-supereffective|p2a: Serperior\n|-damage|p2a: Serperior|0 fnt\n|faint|p2a: Serperior\n|\n|upkeep\n|\n|t:|1771241717\n|switch|p2a: Heatran|Heatran, F, tera:Bug|17/100 brn\n|turn|34\n|\n|t:|1771241723\n|move|p1a: Talonflame|Roost|p1a: Talonflame\n|-heal|p1a: Talonflame|80/100\n|-singleturn|p1a: Talonflame|move: Roost\n|move|p2a: Heatran|Magma Storm|p1a: Talonflame\n|-resisted|p1a: Talonflame\n|-damage|p1a: Talonflame|54/100\n|-activate|p1a: Talonflame|move: Magma Storm|[of] p2a: Heatran\n|\n|-damage|p2a: Heatran|11/100 brn|[from] brn\n|-damage|p1a: Talonflame|41/100|[from] move: Magma Storm|[partiallytrapped]\n|upkeep\n|turn|35\n|\n|t:|1771241727\n|move|p1a: Talonflame|Roost|p1a: Talonflame\n|-heal|p1a: Talonflame|92/100\n|-singleturn|p1a: Talonflame|move: Roost\n|move|p2a: Heatran|Stealth Rock|p1a: Talonflame\n|-sidestart|p1: oehtwashere|move: Stealth Rock\n|\n|-damage|p2a: Heatran|4/100 brn|[from] brn\n|-damage|p1a: Talonflame|79/100|[from] move: Magma Storm|[partiallytrapped]\n|upkeep\n|turn|36\n|\n|t:|1771241737\n|move|p1a: Talonflame|Defog|p2a: Heatran\n|-unboost|p2a: Heatran|evasion|1\n|-sideend|p1: oehtwashere|Stealth Rock|[from] move: Defog|[of] p1a: Talonflame\n|move|p2a: Heatran|Magma Storm|p1a: Talonflame|[miss]\n|-miss|p2a: Heatran|p1a: Talonflame\n|\n|-damage|p2a: Heatran|0 fnt|[from] brn\n|faint|p2a: Heatran\n|-end|p1a: Talonflame|Magma Storm|[partiallytrapped]|[silent]\n|upkeep\n|\n|t:|1771241745\n|switch|p2a: Rillaboom|Rillaboom, M, shiny|91/100 brn\n|-fieldstart|move: Grassy Terrain|[from] ability: Grassy Surge|[of] p2a: Rillaboom\n|turn|37\n|\n|t:|1771241748\n|move|p1a: Talonflame|Defog|p2a: Rillaboom\n|-unboost|p2a: Rillaboom|evasion|1\n|-fieldend|move: Grassy Terrain\n|move|p2a: Rillaboom|Knock Off|p1a: Talonflame\n|-damage|p1a: Talonflame|66/100\n|-damage|p2a: Rillaboom|81/100 brn|[from] item: Life Orb\n|\n|-damage|p2a: Rillaboom|74/100 brn|[from] brn\n|upkeep\n|turn|38\n|\n|t:|1771241753\n|switch|p2a: Zamazenta|Zamazenta|58/100\n|move|p1a: Talonflame|Flamethrower|p2a: Zamazenta\n|-damage|p2a: Zamazenta|37/100\n|\n|-heal|p2a: Zamazenta|43/100|[from] item: Leftovers\n|upkeep\n|turn|39\n|\n|t:|1771241756\n|switch|p2a: Rillaboom|Rillaboom, M, shiny|74/100 brn\n|-fieldstart|move: Grassy Terrain|[from] ability: Grassy Surge|[of] p2a: Rillaboom\n|move|p1a: Talonflame|Will-O-Wisp|p2a: Rillaboom\n|-fail|p2a: Rillaboom|brn\n|\n|-heal|p2a: Rillaboom|81/100 brn|[from] Grassy Terrain\n|-damage|p2a: Rillaboom|74/100 brn|[from] brn\n|upkeep\n|turn|40\n|\n|t:|1771241758\n|switch|p2a: Iron Crown|Iron Crown|100/100\n|-enditem|p2a: Iron Crown|Grassy Seed\n|-boost|p2a: Iron Crown|def|1|[from] item: Grassy Seed\n|move|p1a: Talonflame|Defog|p2a: Iron Crown\n|-unboost|p2a: Iron Crown|evasion|1\n|-fieldend|move: Grassy Terrain\n|\n|upkeep\n|turn|41\n|\n|t:|1771241761\n|move|p2a: Iron Crown|Agility|p2a: Iron Crown\n|-boost|p2a: Iron Crown|spe|2\n|move|p1a: Talonflame|Flamethrower|p2a: Iron Crown\n|-supereffective|p2a: Iron Crown\n|-damage|p2a: Iron Crown|51/100\n|\n|upkeep\n|turn|42\n|\n|t:|1771241770\n|move|p2a: Iron Crown|Stored Power|p1a: Talonflame\n|-damage|p1a: Talonflame|11/100\n|move|p1a: Talonflame|Flamethrower|p2a: Iron Crown\n|-supereffective|p2a: Iron Crown\n|-damage|p2a: Iron Crown|3/100\n|\n|upkeep\n|turn|43\n|c| Samurajen|how did flamethrower miss?\n|\n|t:|1771241775\n|switch|p1a: Heatran|Heatran, M|100/100\n|move|p2a: Iron Crown|Stored Power|p1a: Heatran\n|-resisted|p1a: Heatran\n|-damage|p1a: Heatran|89/100\n|\n|-heal|p1a: Heatran|95/100|[from] item: Leftovers\n|upkeep\n|turn|44\n|\n|t:|1771241778\n|move|p2a: Iron Crown|Focus Blast|p1a: Heatran|[miss]\n|-miss|p2a: Iron Crown|p1a: Heatran\n|move|p1a: Heatran|Earth Power|p2a: Iron Crown\n|-supereffective|p2a: Iron Crown\n|-damage|p2a: Iron Crown|0 fnt\n|faint|p2a: Iron Crown\n|-end|p2a: Iron Crown|Quark Drive|[silent]\n|\n|-heal|p1a: Heatran|100/100|[from] item: Leftovers\n|upkeep\n|c| Despote|evasion\n|\n|t:|1771241781\n|switch|p2a: Rillaboom|Rillaboom, M, shiny|74/100 brn\n|-fieldstart|move: Grassy Terrain|[from] ability: Grassy Surge|[of] p2a: Rillaboom\n|turn|45\n|\n|t:|1771241788\n|switch|p1a: Cinderace|Cinderace, F|45/100 brn\n|move|p2a: Rillaboom|Knock Off|p1a: Cinderace\n|-damage|p1a: Cinderace|13/100 brn\n|-enditem|p1a: Cinderace|Heavy-Duty Boots|[from] move: Knock Off|[of] p2a: Rillaboom\n|-damage|p2a: Rillaboom|64/100 brn|[from] item: Life Orb\n|\n|-heal|p1a: Cinderace|19/100 brn|[from] Grassy Terrain\n|-heal|p2a: Rillaboom|71/100 brn|[from] Grassy Terrain\n|-damage|p1a: Cinderace|13/100 brn|[from] brn\n|-damage|p2a: Rillaboom|64/100 brn|[from] brn\n|upkeep\n|turn|46\n|\n|t:|1771241792\n|move|p2a: Rillaboom|Grassy Glide|p1a: Cinderace\n|-resisted|p1a: Cinderace\n|-damage|p1a: Cinderace|0 fnt\n|faint|p1a: Cinderace\n|-damage|p2a: Rillaboom|54/100 brn|[from] item: Life Orb\n|\n|-heal|p2a: Rillaboom|61/100 brn|[from] Grassy Terrain\n|-damage|p2a: Rillaboom|54/100 brn|[from] brn\n|upkeep\n|\n|t:|1771241794\n|switch|p1a: Talonflame|Talonflame, F|11/100\n|turn|47\n|\n|t:|1771241800\n|move|p2a: Rillaboom|Grassy Glide|p1a: Talonflame\n|-resisted|p1a: Talonflame\n|-damage|p1a: Talonflame|6/100\n|-damage|p2a: Rillaboom|44/100 brn|[from] item: Life Orb\n|move|p1a: Talonflame|Roost|p1a: Talonflame\n|-heal|p1a: Talonflame|56/100\n|-singleturn|p1a: Talonflame|move: Roost\n|\n|-heal|p1a: Talonflame|62/100|[from] Grassy Terrain\n|-heal|p2a: Rillaboom|51/100 brn|[from] Grassy Terrain\n|-damage|p2a: Rillaboom|44/100 brn|[from] brn\n|upkeep\n|turn|48\n|\n|t:|1771241808\n|move|p1a: Talonflame|Defog|p2a: Rillaboom\n|-unboost|p2a: Rillaboom|evasion|1\n|-fieldend|move: Grassy Terrain\n|move|p2a: Rillaboom|Knock Off|p1a: Talonflame\n|-damage|p1a: Talonflame|48/100\n|-damage|p2a: Rillaboom|35/100 brn|[from] item: Life Orb\n|\n|-damage|p2a: Rillaboom|28/100 brn|[from] brn\n|upkeep\n|turn|49\n|-message|hbgzd forfeited.\n|\n|win|oehtwashere\n|raw|oehtwashere's rating: 1650 &rarr; <strong>1677</strong><br />(+27 for winning)\n|raw|hbgzd's rating: 1769 &rarr; <strong>1742</strong><br />(-27 for losing)\n|l| Despote\n|l|‽oehtwashere\n|player|p1|\n|l|☆hbgzd\n|player|p2|\n", "uploadtime": 1771241813, "views": 31, "formatid": "gen9ou", "rating": 1677, "private": 0, "password": null}