{"id": "gen9ou-2540570129", "format": "[Gen 9] OU", "players": ["HorusTheYounger", "Log God Neo✈️_✈️"], "log": "|j|☆HorusTheYounger\n|j|☆Log God Neo✈️_✈️\n|t:|1771219661\n|gametype|singles\n|player|p1|HorusTheYounger|266|1549\n|player|p2|Log God Neo✈️_✈️|medium|1600\n|gen|9\n|tier|[Gen 9] OU\n|rated|\n|rule|HP Percentage Mod: HP is shown in percentages\n|rule|Endless Battle Clause: Forcing endless battles is banned\n|rule|Species Clause: Limit one of each Pokémon\n|rule|OHKO Clause: OHKO moves are banned\n|rule|Evasion Items Clause: Evasion items are banned\n|rule|Evasion Moves Clause: Evasion moves are banned\n|rule|Evasion Abilities Clause: Evasion abilities are banned\n|rule|Sleep Moves Clause: Sleep-inducing moves are banned\n|clearpoke\n|poke|p1|Tyranitar, M|\n|poke|p1|Excadrill, M|\n|poke|p1|Zapdos|\n|poke|p1|Clefable, F|\n|poke|p1|Ogerpon-Wellspring, F|\n|poke|p1|Slowking-Galar, M|\n|poke|p2|Tyranitar, F|\n|poke|p2|Kyurem|\n|poke|p2|Staraptor, M|\n|poke|p2|Garchomp, M|\n|poke|p2|Torkoal, M|\n|poke|p2|Dragonite, M|\n|teampreview\n|inactive|Battle timer is ON: inactive players will automatically lose when time's up. (requested by Log God Neo✈️_✈️)\n|\n|t:|1771219666\n|teamsize|p1|6\n|teamsize|p2|6\n|start\n|switch|p1a: Tyranitar|Tyranitar, M|100/100\n|switch|p2a: BIRD JESUS|Staraptor, M|100/100\n|-weather|Sandstorm|[from] ability: Sand Stream|[of] p1a: Tyranitar\n|turn|1\n|\n|t:|1771219675\n|switch|p1a: Zapdos|Zapdos|100/100\n|move|p2a: BIRD JESUS|U-turn|p1a: Zapdos\n|-resisted|p1a: Zapdos\n|-damage|p1a: Zapdos|88/100\n|-damage|p2a: BIRD JESUS|84/100|[from] item: Rocky Helmet|[of] p1a: Zapdos\n|\n|t:|1771219682\n|switch|p2a: DA LAST REX(3005)|Tyranitar, F, shiny|100/100|[from] U-turn\n|\n|-weather|Sandstorm|[upkeep]\n|-damage|p1a: Zapdos|82/100|[from] Sandstorm\n|upkeep\n|turn|2\n|\n|t:|1771219686\n|move|p1a: Zapdos|U-turn|p2a: DA LAST REX(3005)\n|-supereffective|p2a: DA LAST REX(3005)\n|-damage|p2a: DA LAST REX(3005)|80/100\n|\n|t:|1771219715\n|switch|p1a: Clefable|Clefable, F|100/100|[from] U-turn\n|move|p2a: DA LAST REX(3005)|Knock Off|p1a: Clefable\n|-resisted|p1a: Clefable\n|-damage|p1a: Clefable|85/100\n|-enditem|p1a: Clefable|Leftovers|[from] move: Knock Off|[of] p2a: DA LAST REX(3005)\n|\n|-weather|Sandstorm|[upkeep]\n|upkeep\n|turn|3\n|inactive|HorusTheYounger has 120 seconds left.\n|\n|t:|1771219738\n|move|p1a: Clefable|Moonblast|p2a: DA LAST REX(3005)\n|-supereffective|p2a: DA LAST REX(3005)\n|-damage|p2a: DA LAST REX(3005)|63/100\n|move|p2a: DA LAST REX(3005)|Heavy Slam|p1a: Clefable\n|-supereffective|p1a: Clefable\n|-damage|p1a: Clefable|31/100\n|\n|-weather|Sandstorm|[upkeep]\n|upkeep\n|turn|4\n|\n|t:|1771219747\n|switch|p1a: Zapdos|Zapdos|82/100\n|move|p2a: DA LAST REX(3005)|Heavy Slam|p1a: Zapdos\n|-resisted|p1a: Zapdos\n|-crit|p1a: Zapdos\n|-damage|p1a: Zapdos|69/100\n|-damage|p2a: DA LAST REX(3005)|46/100|[from] item: Rocky Helmet|[of] p1a: Zapdos\n|\n|-weather|Sandstorm|[upkeep]\n|-damage|p1a: Zapdos|63/100|[from] Sandstorm\n|upkeep\n|turn|5\n|\n|t:|1771219753\n|switch|p2a: I HAVE NO ENEMIES|Garchomp, M|100/100\n|move|p1a: Zapdos|U-turn|p2a: I HAVE NO ENEMIES\n|-damage|p2a: I HAVE NO ENEMIES|92/100\n|-damage|p1a: Zapdos|50/100|[from] ability: Rough Skin|[of] p2a: I HAVE NO ENEMIES\n|-damage|p1a: Zapdos|34/100|[from] item: Rocky Helmet|[of] p2a: I HAVE NO ENEMIES\n|inactive|HorusTheYounger has 120 seconds left.\n|\n|t:|1771219783\n|switch|p1a: Excadrill|Excadrill, M|100/100|[from] U-turn\n|-item|p1a: Excadrill|Air Balloon\n|\n|-weather|none\n|upkeep\n|turn|6\n|inactive|HorusTheYounger has 120 seconds left.\n|\n|t:|1771219794\n|move|p1a: Excadrill|Earthquake|p2a: I HAVE NO ENEMIES\n|-damage|p2a: I HAVE NO ENEMIES|57/100\n|move|p2a: I HAVE NO ENEMIES|Breaking Swipe|p1a: Excadrill\n|-resisted|p1a: Excadrill\n|-damage|p1a: Excadrill|82/100\n|-unboost|p1a: Excadrill|atk|1\n|-enditem|p1a: Excadrill|Air Balloon\n|\n|upkeep\n|turn|7\n|inactive|HorusTheYounger has 120 seconds left.\n|\n|t:|1771219807\n|switch|p1a: Zapdos|Zapdos|34/100\n|move|p2a: I HAVE NO ENEMIES|Stealth Rock|p1a: Zapdos\n|-sidestart|p1: HorusTheYounger|move: Stealth Rock\n|\n|upkeep\n|turn|8\n|\n|t:|1771219816\n|switch|p2a: DA LAST REX(3005)|Tyranitar, F, shiny|46/100\n|-weather|Sandstorm|[from] ability: Sand Stream|[of] p2a: DA LAST REX(3005)\n|move|p1a: Zapdos|Roost|p1a: Zapdos\n|-heal|p1a: Zapdos|84/100\n|-singleturn|p1a: Zapdos|move: Roost\n|\n|-weather|Sandstorm|[upkeep]\n|-damage|p1a: Zapdos|78/100|[from] Sandstorm\n|upkeep\n|turn|9\n|inactive|HorusTheYounger has 120 seconds left.\n|\n|t:|1771219832\n|switch|p2a: I HAVE NO ENEMIES|Garchomp, M|57/100\n|move|p1a: Zapdos|U-turn|p2a: I HAVE NO ENEMIES\n|-damage|p2a: I HAVE NO ENEMIES|49/100\n|-damage|p1a: Zapdos|66/100|[from] ability: Rough Skin|[of] p2a: I HAVE NO ENEMIES\n|-damage|p1a: Zapdos|49/100|[from] item: Rocky Helmet|[of] p2a: I HAVE NO ENEMIES\n|inactive|HorusTheYounger has 120 seconds left.\n|inactive|HorusTheYounger has 90 seconds left.\n|\n|t:|1771219867\n|switch|p1a: Ogerpon|Ogerpon-Wellspring, F|100/100|[from] U-turn\n|-damage|p1a: Ogerpon|88/100|[from] Stealth Rock\n|\n|-weather|Sandstorm|[upkeep]\n|-damage|p1a: Ogerpon|82/100|[from] Sandstorm\n|upkeep\n|turn|10\n|inactive|HorusTheYounger has 90 seconds left.\n|inactive|HorusTheYounger has 60 seconds left.\n|\n|t:|1771219914\n|switch|p2a: OVO CHUBBS|Torkoal, M, shiny|100/100\n|-weather|SunnyDay|[from] ability: Drought|[of] p2a: OVO CHUBBS\n|-terastallize|p1a: Ogerpon|Water\n|detailschange|p1a: Ogerpon|Ogerpon-Wellspring-Tera, F, tera:Water\n|-ability|p1a: Ogerpon|Embody Aspect (Wellspring)|boost\n|-boost|p1a: Ogerpon|spd|1\n|move|p1a: Ogerpon|Ivy Cudgel|p2a: OVO CHUBBS|[anim] Ivy Cudgel Water\n|-supereffective|p2a: OVO CHUBBS\n|-damage|p2a: OVO CHUBBS|54/100\n|\n|-weather|SunnyDay|[upkeep]\n|upkeep\n|turn|11\n|inactive|HorusTheYounger has 60 seconds left.\n|\n|t:|1771219930\n|switch|p1a: Clefable|Clefable, F|31/100\n|move|p2a: OVO CHUBBS|Will-O-Wisp|p1a: Clefable\n|-status|p1a: Clefable|brn\n|\n|-weather|SunnyDay|[upkeep]\n|upkeep\n|turn|12\n|\n|t:|1771219936\n|switch|p2a: BIRD JESUS|Staraptor, M|84/100\n|move|p1a: Clefable|Moonlight|p1a: Clefable\n|-heal|p1a: Clefable|98/100 brn\n|\n|-weather|SunnyDay|[upkeep]\n|upkeep\n|turn|13\n|\n|t:|1771219943\n|move|p2a: BIRD JESUS|Double-Edge|p1a: Clefable\n|-damage|p1a: Clefable|15/100 brn\n|-damage|p2a: BIRD JESUS|50/100|[from] Recoil\n|move|p1a: Clefable|Moonblast|p2a: BIRD JESUS\n|-damage|p2a: BIRD JESUS|1/100\n|-unboost|p2a: BIRD JESUS|spa|1\n|\n|-weather|SunnyDay|[upkeep]\n|upkeep\n|turn|14\n|\n|t:|1771219955\n|switch|p1a: Zapdos|Zapdos|49/100\n|-damage|p1a: Zapdos|25/100|[from] Stealth Rock\n|move|p2a: BIRD JESUS|Double-Edge|p1a: Zapdos\n|-damage|p1a: Zapdos|0 fnt\n|-damage|p2a: BIRD JESUS|0 fnt|[from] item: Rocky Helmet|[of] p1a: Zapdos\n|faint|p1a: Zapdos\n|faint|p2a: BIRD JESUS\n|\n|-weather|none\n|upkeep\n|inactive|HorusTheYounger has 60 seconds left.\n|\n|t:|1771219972\n|switch|p2a: I HAVE NO ENEMIES|Garchomp, M|49/100\n|switch|p1a: Ogerpon|Ogerpon-Wellspring-Tera, F, tera:Water|82/100\n|-damage|p1a: Ogerpon|70/100|[from] Stealth Rock\n|-ability|p1a: Ogerpon|Embody Aspect (Wellspring)|boost\n|-boost|p1a: Ogerpon|spd|1\n|turn|15\n|\n|t:|1771219979\n|move|p1a: Ogerpon|Ivy Cudgel|p2a: I HAVE NO ENEMIES|[anim] Ivy Cudgel Water\n|-damage|p2a: I HAVE NO ENEMIES|0 fnt\n|faint|p2a: I HAVE NO ENEMIES\n|\n|upkeep\n|\n|t:|1771219982\n|switch|p2a: OVO CHUBBS|Torkoal, M, shiny|54/100\n|-weather|SunnyDay|[from] ability: Drought|[of] p2a: OVO CHUBBS\n|turn|16\n|\n|t:|1771219997\n|move|p1a: Ogerpon|Ivy Cudgel|p2a: OVO CHUBBS|[anim] Ivy Cudgel Water\n|-supereffective|p2a: OVO CHUBBS\n|-damage|p2a: OVO CHUBBS|6/100\n|move|p2a: OVO CHUBBS|Will-O-Wisp|p1a: Ogerpon\n|-status|p1a: Ogerpon|brn\n|\n|-weather|SunnyDay|[upkeep]\n|-damage|p1a: Ogerpon|64/100 brn|[from] brn\n|upkeep\n|turn|17\n|\n|t:|1771220000\n|move|p1a: Ogerpon|Ivy Cudgel|p2a: OVO CHUBBS|[anim] Ivy Cudgel Water\n|-supereffective|p2a: OVO CHUBBS\n|-damage|p2a: OVO CHUBBS|0 fnt\n|faint|p2a: OVO CHUBBS\n|\n|-weather|SunnyDay|[upkeep]\n|-damage|p1a: Ogerpon|58/100 brn|[from] brn\n|upkeep\n|\n|t:|1771220004\n|switch|p2a: FAT CHARIZARD|Dragonite, M, shiny|100/100\n|turn|18\n|\n|t:|1771220012\n|switch|p1a: Tyranitar|Tyranitar, M|100/100\n|-damage|p1a: Tyranitar|88/100|[from] Stealth Rock\n|-weather|Sandstorm|[from] ability: Sand Stream|[of] p1a: Tyranitar\n|move|p2a: FAT CHARIZARD|Dragon Dance|p2a: FAT CHARIZARD\n|-boost|p2a: FAT CHARIZARD|atk|1\n|-boost|p2a: FAT CHARIZARD|spe|1\n|\n|-weather|Sandstorm|[upkeep]\n|-damage|p2a: FAT CHARIZARD|94/100|[from] Sandstorm\n|upkeep\n|turn|19\n|\n|t:|1771220017\n|move|p2a: FAT CHARIZARD|Earthquake|p1a: Tyranitar\n|-supereffective|p1a: Tyranitar\n|-damage|p1a: Tyranitar|0 fnt\n|faint|p1a: Tyranitar\n|\n|-weather|Sandstorm|[upkeep]\n|-damage|p2a: FAT CHARIZARD|88/100|[from] Sandstorm\n|upkeep\n|\n|t:|1771220020\n|switch|p1a: Excadrill|Excadrill, M|82/100\n|-damage|p1a: Excadrill|79/100|[from] Stealth Rock\n|turn|20\n|\n|t:|1771220024\n|move|p1a: Excadrill|Iron Head|p2a: FAT CHARIZARD\n|-damage|p2a: FAT CHARIZARD|33/100\n|move|p2a: FAT CHARIZARD|Earthquake|p1a: Excadrill\n|-supereffective|p1a: Excadrill\n|-damage|p1a: Excadrill|0 fnt\n|faint|p1a: Excadrill\n|\n|-weather|Sandstorm|[upkeep]\n|-damage|p2a: FAT CHARIZARD|27/100|[from] Sandstorm\n|upkeep\n|\n|t:|1771220037\n|switch|p1a: Ogerpon|Ogerpon-Wellspring-Tera, F, tera:Water|58/100 brn\n|-damage|p1a: Ogerpon|46/100 brn|[from] Stealth Rock\n|-ability|p1a: Ogerpon|Embody Aspect (Wellspring)|boost\n|-boost|p1a: Ogerpon|spd|1\n|turn|21\n|\n|t:|1771220043\n|move|p2a: FAT CHARIZARD|Earthquake|p1a: Ogerpon\n|-damage|p1a: Ogerpon|0 fnt\n|faint|p1a: Ogerpon\n|detailschange|p1: Ogerpon|Ogerpon-Wellspring, F|[silent]\n|\n|-weather|Sandstorm|[upkeep]\n|-damage|p2a: FAT CHARIZARD|21/100|[from] Sandstorm\n|upkeep\n|-message|HorusTheYounger forfeited.\n|\n|win|Log God Neo✈️_✈️\n|raw|HorusTheYounger's rating: 1549 &rarr; <strong>1532</strong><br />(-17 for losing)\n|raw|Log God Neo✈️_✈️'s rating: 1600 &rarr; <strong>1617</strong><br />(+17 for winning)\n|l|☆HorusTheYounger\n|player|p1|\n|l|☆Log God Neo✈️_✈️\n|player|p2|\n", "uploadtime": 1771220209, "views": 9, "formatid": "gen9ou", "rating": 1532, "private": 0, "password": null}