{"id": "gen9ou-2540902261", "format": "[Gen 9] OU", "players": ["nushinator", "mansonabuluting"], "log": "|j|☆nushinator\n|j|☆mansonabuluting\n|t:|1771265512\n|gametype|singles\n|player|p1|nushinator|bugcatcher-gen4dp|1706\n|player|p2|mansonabuluting|2|1690\n|gen|9\n|tier|[Gen 9] OU\n|rated|\n|rule|HP Percentage Mod: HP is shown in percentages\n|rule|Endless Battle Clause: Forcing endless battles is banned\n|rule|Species Clause: Limit one of each Pokémon\n|rule|OHKO Clause: OHKO moves are banned\n|rule|Evasion Items Clause: Evasion items are banned\n|rule|Evasion Moves Clause: Evasion moves are banned\n|rule|Evasion Abilities Clause: Evasion abilities are banned\n|rule|Sleep Moves Clause: Sleep-inducing moves are banned\n|clearpoke\n|poke|p1|Ting-Lu|\n|poke|p1|Scizor, F|\n|poke|p1|Tornadus-Therian, M|\n|poke|p1|Raging Bolt|\n|poke|p1|Alomomola, F|\n|poke|p1|Hatterene, F|\n|poke|p2|Volcanion|\n|poke|p2|Rillaboom, M|\n|poke|p2|Hawlucha, F|\n|poke|p2|Goodra-Hisui, F|\n|poke|p2|Thundurus-Therian, M|\n|poke|p2|Great Tusk|\n|teampreview\n|inactive|Battle timer is ON: inactive players will automatically lose when time's up. (requested by nushinator)\n|\n|t:|1771265519\n|teamsize|p1|6\n|teamsize|p2|6\n|start\n|switch|p1a: Hatterene|Hatterene, F|100/100\n|switch|p2a: Volcanion|Volcanion|100/100\n|turn|1\n|\n|t:|1771265530\n|move|p2a: Volcanion|Steam Eruption|p1a: Hatterene|[miss]\n|-miss|p2a: Volcanion|p1a: Hatterene\n|move|p1a: Hatterene|Nuzzle|p2a: Volcanion\n|-supereffective|p2a: Volcanion\n|-damage|p2a: Volcanion|94/100\n|-status|p2a: Volcanion|par\n|\n|upkeep\n|turn|2\n|\n|t:|1771265536\n|switch|p1a: Raging Bolt|Raging Bolt|100/100\n|-enditem|p1a: Raging Bolt|Booster Energy\n|-activate|p1a: Raging Bolt|ability: Protosynthesis|[fromitem]\n|-start|p1a: Raging Bolt|protosynthesisspa\n|move|p2a: Volcanion|Steam Eruption|p1a: Raging Bolt\n|-resisted|p1a: Raging Bolt\n|-damage|p1a: Raging Bolt|58/100\n|\n|upkeep\n|turn|3\n|\n|t:|1771265539\n|switch|p2a: Goodra|Goodra-Hisui, F|100/100\n|move|p1a: Raging Bolt|Dragon Pulse|p2a: Goodra\n|-damage|p2a: Goodra|69/100\n|\n|upkeep\n|turn|4\n|\n|t:|1771265543\n|-end|p1a: Raging Bolt|Protosynthesis|[silent]\n|switch|p1a: Ting-Lu|Ting-Lu|100/100\n|-ability|p1a: Ting-Lu|Vessel of Ruin\n|move|p2a: Goodra|Draco Meteor|p1a: Ting-Lu\n|-damage|p1a: Ting-Lu|74/100\n|-unboost|p2a: Goodra|spa|2\n|\n|-heal|p1a: Ting-Lu|80/100|[from] item: Leftovers\n|upkeep\n|turn|5\n|\n|t:|1771265545\n|switch|p2a: Rillaboom|Rillaboom, M|100/100\n|-fieldstart|move: Grassy Terrain|[from] ability: Grassy Surge|[of] p2a: Rillaboom\n|move|p1a: Ting-Lu|Stealth Rock|p2a: Rillaboom\n|-sidestart|p2: mansonabuluting|move: Stealth Rock\n|\n|-heal|p1a: Ting-Lu|87/100|[from] Grassy Terrain\n|-heal|p1a: Ting-Lu|93/100|[from] item: Leftovers\n|upkeep\n|turn|6\n|\n|t:|1771265548\n|switch|p1a: Scizor|Scizor, F|100/100\n|move|p2a: Rillaboom|Wood Hammer|p1a: Scizor\n|-resisted|p1a: Scizor\n|-damage|p1a: Scizor|69/100\n|-damage|p2a: Rillaboom|92/100|[from] Recoil\n|\n|-heal|p2a: Rillaboom|98/100|[from] Grassy Terrain\n|-heal|p1a: Scizor|75/100|[from] Grassy Terrain\n|upkeep\n|turn|7\n|\n|t:|1771265551\n|switch|p2a: Great Tusk|Great Tusk|100/100\n|-damage|p2a: Great Tusk|97/100|[from] Stealth Rock\n|move|p1a: Scizor|U-turn|p2a: Great Tusk\n|-resisted|p2a: Great Tusk\n|-damage|p2a: Great Tusk|88/100\n|-damage|p1a: Scizor|58/100|[from] item: Rocky Helmet|[of] p2a: Great Tusk\n|\n|t:|1771265554\n|switch|p1a: Tornadus|Tornadus-Therian, M|100/100|[from] U-turn\n|\n|-heal|p2a: Great Tusk|94/100|[from] Grassy Terrain\n|upkeep\n|turn|8\n|\n|t:|1771265557\n|-end|p2a: Great Tusk|Protosynthesis|[silent]\n|switch|p2a: Thundurus|Thundurus-Therian, M|100/100\n|-damage|p2a: Thundurus|76/100|[from] Stealth Rock\n|move|p1a: Tornadus|Bleakwind Storm|p2a: Thundurus\n|-resisted|p2a: Thundurus\n|-damage|p2a: Thundurus|32/100\n|-damage|p1a: Tornadus|91/100|[from] item: Life Orb\n|\n|upkeep\n|turn|9\n|\n|t:|1771265562\n|move|p2a: Thundurus|Volt Switch|p1a: Tornadus\n|-supereffective|p1a: Tornadus\n|-damage|p1a: Tornadus|0 fnt\n|faint|p1a: Tornadus\n|\n|t:|1771265576\n|switch|p2a: Great Tusk|Great Tusk|94/100|[from] Volt Switch\n|-damage|p2a: Great Tusk|91/100|[from] Stealth Rock\n|\n|-heal|p2a: Great Tusk|97/100|[from] Grassy Terrain\n|-fieldend|move: Grassy Terrain\n|upkeep\n|\n|t:|1771265582\n|switch|p1a: Hatterene|Hatterene, F|100/100\n|turn|10\n|\n|t:|1771265584\n|-end|p2a: Great Tusk|Protosynthesis|[silent]\n|switch|p2a: Goodra|Goodra-Hisui, F|69/100\n|-damage|p2a: Goodra|63/100|[from] Stealth Rock\n|move|p1a: Hatterene|Psychic Noise|p2a: Goodra\n|-resisted|p2a: Goodra\n|-damage|p2a: Goodra|56/100\n|-start|p2a: Goodra|move: Heal Block\n|\n|upkeep\n|turn|11\n|\n|t:|1771265588\n|switch|p1a: Ting-Lu|Ting-Lu|93/100\n|-ability|p1a: Ting-Lu|Vessel of Ruin\n|move|p2a: Goodra|Flash Cannon|p1a: Ting-Lu\n|-damage|p1a: Ting-Lu|77/100\n|\n|-heal|p1a: Ting-Lu|83/100|[from] item: Leftovers\n|-end|p2a: Goodra|move: Heal Block\n|upkeep\n|turn|12\n|\n|t:|1771265591\n|switch|p2a: Great Tusk|Great Tusk|97/100\n|-damage|p2a: Great Tusk|94/100|[from] Stealth Rock\n|move|p1a: Ting-Lu|Ruination|p2a: Great Tusk\n|-damage|p2a: Great Tusk|48/100\n|\n|-heal|p1a: Ting-Lu|89/100|[from] item: Leftovers\n|upkeep\n|turn|13\n|\n|t:|1771265594\n|switch|p1a: Hatterene|Hatterene, F|100/100\n|move|p2a: Great Tusk|Rapid Spin|p1a: Hatterene\n|-damage|p1a: Hatterene|87/100\n|-boost|p2a: Great Tusk|spe|1\n|-damage|p2a: Great Tusk|31/100|[from] item: Rocky Helmet|[of] p1a: Hatterene\n|-sideend|p2: mansonabuluting|Stealth Rock|[from] move: Rapid Spin|[of] p2a: Great Tusk\n|\n|upkeep\n|turn|14\n|\n|t:|1771265597\n|-end|p2a: Great Tusk|Protosynthesis|[silent]\n|switch|p2a: Rillaboom|Rillaboom, M|98/100\n|-fieldstart|move: Grassy Terrain|[from] ability: Grassy Surge|[of] p2a: Rillaboom\n|move|p1a: Hatterene|Draining Kiss|p2a: Rillaboom\n|-damage|p2a: Rillaboom|71/100\n|-heal|p1a: Hatterene|100/100|[from] drain|[of] p2a: Rillaboom\n|\n|-heal|p2a: Rillaboom|77/100|[from] Grassy Terrain\n|upkeep\n|turn|15\n|\n|t:|1771265602\n|switch|p1a: Scizor|Scizor, F|58/100\n|move|p2a: Rillaboom|Wood Hammer|p1a: Scizor\n|-resisted|p1a: Scizor\n|-damage|p1a: Scizor|28/100\n|-damage|p2a: Rillaboom|68/100|[from] Recoil\n|\n|-heal|p2a: Rillaboom|75/100|[from] Grassy Terrain\n|-heal|p1a: Scizor|34/100|[from] Grassy Terrain\n|upkeep\n|turn|16\n|\n|t:|1771265609\n|switch|p2a: Great Tusk|Great Tusk|31/100\n|move|p1a: Scizor|U-turn|p2a: Great Tusk\n|-resisted|p2a: Great Tusk\n|-damage|p2a: Great Tusk|22/100\n|-damage|p1a: Scizor|17/100|[from] item: Rocky Helmet|[of] p2a: Great Tusk\n|\n|t:|1771265612\n|switch|p1a: Alomomola|Alomomola, F|100/100|[from] U-turn\n|\n|-heal|p2a: Great Tusk|28/100|[from] Grassy Terrain\n|upkeep\n|turn|17\n|\n|t:|1771265616\n|move|p2a: Great Tusk|Headlong Rush|p1a: Alomomola\n|-damage|p1a: Alomomola|73/100\n|-unboost|p2a: Great Tusk|def|1\n|-unboost|p2a: Great Tusk|spd|1\n|move|p1a: Alomomola|Wish|p1a: Alomomola\n|\n|-heal|p2a: Great Tusk|34/100|[from] Grassy Terrain\n|-heal|p1a: Alomomola|80/100|[from] Grassy Terrain\n|upkeep\n|turn|18\n|j| nonchalantbufalant\n|\n|t:|1771265623\n|-end|p2a: Great Tusk|Protosynthesis|[silent]\n|switch|p2a: Goodra|Goodra-Hisui, F|56/100\n|switch|p1a: Scizor|Scizor, F|17/100\n|\n|-heal|p1a: Scizor|95/100|[from] move: Wish|[wisher] Alomomola\n|-heal|p1a: Scizor|100/100|[from] Grassy Terrain\n|-heal|p2a: Goodra|62/100|[from] Grassy Terrain\n|-fieldend|move: Grassy Terrain\n|upkeep\n|turn|19\n|\n|t:|1771265627\n|switch|p2a: Great Tusk|Great Tusk|34/100\n|move|p1a: Scizor|U-turn|p2a: Great Tusk\n|-resisted|p2a: Great Tusk\n|-damage|p2a: Great Tusk|25/100\n|-damage|p1a: Scizor|84/100|[from] item: Rocky Helmet|[of] p2a: Great Tusk\n|\n|t:|1771265632\n|switch|p1a: Hatterene|Hatterene, F|100/100|[from] U-turn\n|\n|upkeep\n|turn|20\n|\n|t:|1771265636\n|-end|p2a: Great Tusk|Protosynthesis|[silent]\n|switch|p2a: Rillaboom|Rillaboom, M|75/100\n|-fieldstart|move: Grassy Terrain|[from] ability: Grassy Surge|[of] p2a: Rillaboom\n|move|p1a: Hatterene|Psychic Noise|p2a: Rillaboom\n|-damage|p2a: Rillaboom|39/100\n|-start|p2a: Rillaboom|move: Heal Block\n|\n|upkeep\n|turn|21\n|\n|t:|1771265645\n|move|p2a: Rillaboom|Wood Hammer|p1a: Hatterene\n|-damage|p1a: Hatterene|0 fnt\n|-damage|p2a: Rillaboom|23/100|[from] item: Rocky Helmet|[of] p1a: Hatterene\n|faint|p1a: Hatterene\n|-damage|p2a: Rillaboom|0 fnt|[from] Recoil\n|faint|p2a: Rillaboom\n|\n|upkeep\n|\n|t:|1771265652\n|switch|p2a: Hawlucha|Hawlucha, F|100/100\n|switch|p1a: Raging Bolt|Raging Bolt|58/100\n|-enditem|p2a: Hawlucha|Grassy Seed\n|-boost|p2a: Hawlucha|def|1|[from] item: Grassy Seed\n|turn|22\n|\n|t:|1771265664\n|move|p2a: Hawlucha|Close Combat|p1a: Raging Bolt\n|-damage|p1a: Raging Bolt|6/100\n|-unboost|p2a: Hawlucha|def|1\n|-unboost|p2a: Hawlucha|spd|1\n|move|p1a: Raging Bolt|Dragon Pulse|p2a: Hawlucha\n|-damage|p2a: Hawlucha|0 fnt\n|faint|p2a: Hawlucha\n|\n|-heal|p1a: Raging Bolt|12/100|[from] Grassy Terrain\n|upkeep\n|\n|t:|1771265670\n|switch|p2a: Thundurus|Thundurus-Therian, M|32/100\n|turn|23\n|j| yugiohLORD\n|\n|t:|1771265675\n|-end|p1a: Raging Bolt|Protosynthesis|[silent]\n|switch|p1a: Ting-Lu|Ting-Lu|89/100\n|-ability|p1a: Ting-Lu|Vessel of Ruin\n|move|p2a: Thundurus|Tera Blast|p1a: Ting-Lu\n|-damage|p1a: Ting-Lu|75/100\n|\n|-heal|p1a: Ting-Lu|81/100|[from] Grassy Terrain\n|-heal|p1a: Ting-Lu|88/100|[from] item: Leftovers\n|upkeep\n|turn|24\n|\n|t:|1771265679\n|switch|p2a: Great Tusk|Great Tusk|25/100\n|move|p1a: Ting-Lu|Stealth Rock|p2a: Great Tusk\n|-sidestart|p2: mansonabuluting|move: Stealth Rock\n|\n|-heal|p2a: Great Tusk|31/100|[from] Grassy Terrain\n|-heal|p1a: Ting-Lu|94/100|[from] Grassy Terrain\n|-heal|p1a: Ting-Lu|99/100|[from] item: Leftovers\n|-fieldend|move: Grassy Terrain\n|upkeep\n|turn|25\n|\n|t:|1771265684\n|switch|p1a: Alomomola|Alomomola, F|100/100\n|move|p2a: Great Tusk|Stealth Rock|p1a: Alomomola\n|-sidestart|p1: nushinator|move: Stealth Rock\n|\n|upkeep\n|turn|26\n|\n|t:|1771265690\n|move|p2a: Great Tusk|Rapid Spin|p1a: Alomomola\n|-damage|p1a: Alomomola|93/100\n|-boost|p2a: Great Tusk|spe|1\n|-sideend|p2: mansonabuluting|Stealth Rock|[from] move: Rapid Spin|[of] p2a: Great Tusk\n|move|p1a: Alomomola|Scald|p2a: Great Tusk\n|-supereffective|p2a: Great Tusk\n|-damage|p2a: Great Tusk|0 fnt\n|faint|p2a: Great Tusk\n|-end|p2a: Great Tusk|Protosynthesis|[silent]\n|\n|upkeep\n|\n|t:|1771265694\n|switch|p2a: Thundurus|Thundurus-Therian, M|32/100\n|turn|27\n|\n|t:|1771265698\n|move|p1a: Alomomola|Protect|p1a: Alomomola\n|-singleturn|p1a: Alomomola|Protect\n|move|p2a: Thundurus|Grass Knot|p1a: Alomomola\n|-activate|p1a: Alomomola|move: Protect\n|\n|upkeep\n|turn|28\n|\n|t:|1771265705\n|switch|p2a: Volcanion|Volcanion|94/100 par\n|switch|p1a: Scizor|Scizor, F|84/100\n|\n|upkeep\n|turn|29\n|\n|t:|1771265709\n|move|p1a: Scizor|U-turn|p2a: Volcanion\n|-resisted|p2a: Volcanion\n|-damage|p2a: Volcanion|78/100 par\n|\n|t:|1771265711\n|switch|p1a: Raging Bolt|Raging Bolt|12/100|[from] U-turn\n|-damage|p1a: Raging Bolt|0 fnt|[from] Stealth Rock\n|faint|p1a: Raging Bolt\n|-end|p1a: Raging Bolt|Protosynthesis|[silent]\n|move|p2a: Volcanion|Steam Eruption|p1: Raging Bolt|[notarget]\n|-fail|p2a: Volcanion\n|\n|upkeep\n|\n|t:|1771265713\n|switch|p1a: Ting-Lu|Ting-Lu|99/100\n|-damage|p1a: Ting-Lu|94/100|[from] Stealth Rock\n|-ability|p1a: Ting-Lu|Vessel of Ruin\n|turn|30\n|\n|t:|1771265716\n|-terastallize|p1a: Ting-Lu|Water\n|move|p1a: Ting-Lu|Stealth Rock|p2a: Volcanion\n|-sidestart|p2: mansonabuluting|move: Stealth Rock\n|move|p2a: Volcanion|Steam Eruption|p1a: Ting-Lu\n|-resisted|p1a: Ting-Lu\n|-crit|p1a: Ting-Lu\n|-damage|p1a: Ting-Lu|66/100\n|\n|-heal|p1a: Ting-Lu|73/100|[from] item: Leftovers\n|upkeep\n|turn|31\n|\n|t:|1771265722\n|cant|p2a: Volcanion|par\n|move|p1a: Ting-Lu|Whirlwind|p2a: Volcanion\n|drag|p2a: Goodra|Goodra-Hisui, F|62/100\n|-damage|p2a: Goodra|56/100|[from] Stealth Rock\n|\n|-heal|p1a: Ting-Lu|79/100|[from] item: Leftovers\n|upkeep\n|turn|32\n|\n|t:|1771265725\n|move|p2a: Goodra|Draco Meteor|p1a: Ting-Lu\n|-damage|p1a: Ting-Lu|52/100\n|-unboost|p2a: Goodra|spa|2\n|move|p1a: Ting-Lu|Earthquake|p2a: Goodra\n|-supereffective|p2a: Goodra\n|-damage|p2a: Goodra|0 fnt\n|faint|p2a: Goodra\n|\n|-heal|p1a: Ting-Lu|59/100|[from] item: Leftovers\n|upkeep\n|\n|t:|1771265727\n|switch|p2a: Thundurus|Thundurus-Therian, M|32/100\n|-damage|p2a: Thundurus|7/100|[from] Stealth Rock\n|turn|33\n|\n|t:|1771265734\n|switch|p1a: Alomomola|Alomomola, F|100/100\n|move|p2a: Thundurus|Volt Switch|p1a: Alomomola\n|-supereffective|p1a: Alomomola\n|-damage|p1a: Alomomola|0 fnt\n|faint|p1a: Alomomola\n|\n|t:|1771265737\n|switch|p2a: Volcanion|Volcanion|78/100 par|[from] Volt Switch\n|-damage|p2a: Volcanion|54/100 par|[from] Stealth Rock\n|\n|upkeep\n|\n|t:|1771265740\n|switch|p1a: Ting-Lu|Ting-Lu, tera:Water|59/100\n|-damage|p1a: Ting-Lu|46/100|[from] Stealth Rock\n|-ability|p1a: Ting-Lu|Vessel of Ruin\n|turn|34\n|\n|t:|1771265743\n|-terastallize|p2a: Volcanion|Ground\n|move|p1a: Ting-Lu|Earthquake|p2a: Volcanion\n|-damage|p2a: Volcanion|22/100 par\n|move|p2a: Volcanion|Earth Power|p1a: Ting-Lu\n|-damage|p1a: Ting-Lu|13/100\n|-unboost|p1a: Ting-Lu|spd|1\n|\n|-heal|p1a: Ting-Lu|19/100|[from] item: Leftovers\n|upkeep\n|turn|35\n|\n|t:|1771265746\n|move|p1a: Ting-Lu|Earthquake|p2a: Volcanion\n|-damage|p2a: Volcanion|0 fnt\n|faint|p2a: Volcanion\n|\n|-heal|p1a: Ting-Lu|25/100|[from] item: Leftovers\n|upkeep\n|\n|t:|1771265748\n|switch|p2a: Thundurus|Thundurus-Therian, M|7/100\n|-damage|p2a: Thundurus|0 fnt|[from] Stealth Rock\n|faint|p2a: Thundurus\n|\n|win|nushinator\n|raw|nushinator's rating: 1706 &rarr; <strong>1725</strong><br />(+19 for winning)\n|raw|mansonabuluting's rating: 1690 &rarr; <strong>1671</strong><br />(-19 for losing)\n|l|☆nushinator\n|player|p1|\n|l|☆mansonabuluting\n|player|p2|\n|l| yugiohLORD\n|l| nonchalantbufalant\n", "uploadtime": 1771265894, "views": 5, "formatid": "gen9ou", "rating": 1671, "private": 0, "password": null}