{"id": "gen9ou-2639306406", "format": "[Gen 9] OU", "players": ["msean3", "xXb1llyXx"], "log": "|j|‽msean3\n|j|☆xXb1llyXx\n|t:|1782449808\n|gametype|singles\n|player|p1|msean3|101|1602\n|player|p2|xXb1llyXx|mom-unova|1638\n|gen|9\n|tier|[Gen 9] OU\n|rated|\n|rule|HP Percentage Mod: HP is shown in percentages\n|rule|Endless Battle Clause: Forcing endless battles is banned\n|rule|Species Clause: Limit one of each Pokémon\n|rule|OHKO Clause: OHKO moves are banned\n|rule|Evasion Items Clause: Evasion items are banned\n|rule|Evasion Moves Clause: Evasion moves are banned\n|rule|Evasion Abilities Clause: Evasion abilities are banned\n|rule|Sleep Moves Clause: Sleep-inducing moves are banned\n|clearpoke\n|poke|p1|Darkrai|\n|poke|p1|Alomomola, M|\n|poke|p1|Corviknight, F|\n|poke|p1|Weezing-Galar, F|\n|poke|p1|Garchomp, M|\n|poke|p1|Ogerpon, F|\n|poke|p2|Gholdengo|\n|poke|p2|Dragapult, M|\n|poke|p2|Corviknight, F|\n|poke|p2|Great Tusk|\n|poke|p2|Ogerpon-Wellspring, F|\n|poke|p2|Kingambit, F|\n|teampreview\n|\n|t:|1782449837\n|teamsize|p1|6\n|teamsize|p2|6\n|start\n|switch|p1a: Weezing|Weezing-Galar, F|100/100\n|switch|p2a: Ogerpon|Ogerpon-Wellspring, F|100/100\n|-ability|p1a: Weezing|Neutralizing Gas\n|turn|1\n|\n|t:|1782449863\n|switch|p2a: Gholdengo|Gholdengo|100/100\n|move|p1a: Weezing|Will-O-Wisp|p2a: Gholdengo\n|-status|p2a: Gholdengo|brn\n|\n|-damage|p2a: Gholdengo|94/100 brn|[from] brn\n|upkeep\n|turn|2\n|inactive|Battle timer is ON: inactive players will automatically lose when time's up. (requested by msean3)\n|\n|t:|1782449877\n|-end|p1a: Weezing|ability: Neutralizing Gas\n|switch|p1a: Corviknight|Corviknight, F|100/100\n|-ability|p1a: Corviknight|Pressure\n|move|p2a: Gholdengo|Shadow Ball|p1a: Corviknight\n|-damage|p1a: Corviknight|75/100\n|\n|-heal|p2a: Gholdengo|100/100 brn|[from] item: Leftovers\n|-heal|p1a: Corviknight|81/100|[from] item: Leftovers\n|-damage|p2a: Gholdengo|94/100 brn|[from] brn\n|upkeep\n|turn|3\n|\n|t:|1782449897\n|move|p2a: Gholdengo|Nasty Plot|p2a: Gholdengo\n|-boost|p2a: Gholdengo|spa|2\n|move|p1a: Corviknight|U-turn|p2a: Gholdengo\n|-resisted|p2a: Gholdengo\n|-damage|p2a: Gholdengo|92/100 brn\n|\n|t:|1782449900\n|switch|p1a: Darkrai|Darkrai|100/100|[from] U-turn\n|\n|-heal|p2a: Gholdengo|98/100 brn|[from] item: Leftovers\n|-damage|p2a: Gholdengo|92/100 brn|[from] brn\n|upkeep\n|turn|4\n|\n|t:|1782449905\n|-terastallize|p2a: Gholdengo|Fairy\n|move|p1a: Darkrai|Dark Pulse|p2a: Gholdengo\n|-resisted|p2a: Gholdengo\n|-damage|p2a: Gholdengo|63/100 brn\n|move|p2a: Gholdengo|Dazzling Gleam|p1a: Darkrai\n|-supereffective|p1a: Darkrai\n|-damage|p1a: Darkrai|0 fnt\n|faint|p1a: Darkrai\n|\n|-heal|p2a: Gholdengo|69/100 brn|[from] item: Leftovers\n|-damage|p2a: Gholdengo|63/100 brn|[from] brn\n|upkeep\n|\n|t:|1782449915\n|switch|p1a: Ogerpon|Ogerpon, F|100/100\n|turn|5\n|\n|t:|1782449918\n|switch|p2a: Corviknight|Corviknight, F|100/100\n|-ability|p2a: Corviknight|Pressure\n|-terastallize|p1a: Ogerpon|Grass\n|detailschange|p1a: Ogerpon|Ogerpon-Teal-Tera, F, tera:Grass\n|-ability|p1a: Ogerpon|Embody Aspect (Teal)|boost\n|-boost|p1a: Ogerpon|spe|1\n|move|p1a: Ogerpon|Ivy Cudgel|p2a: Corviknight\n|-resisted|p2a: Corviknight\n|-damage|p2a: Corviknight|90/100\n|\n|upkeep\n|turn|6\n|\n|t:|1782449921\n|switch|p1a: Garchomp|Garchomp, M|100/100\n|move|p2a: Corviknight|U-turn|p1a: Garchomp\n|-damage|p1a: Garchomp|91/100\n|-damage|p2a: Corviknight|78/100|[from] ability: Rough Skin|[of] p1a: Garchomp\n|-damage|p2a: Corviknight|62/100|[from] item: Rocky Helmet|[of] p1a: Garchomp\n|\n|t:|1782449925\n|switch|p2a: Dragapult|Dragapult, M|100/100|[from] U-turn\n|\n|upkeep\n|turn|7\n|\n|t:|1782449942\n|switch|p1a: Weezing|Weezing-Galar, F|100/100\n|-ability|p1a: Weezing|Neutralizing Gas\n|move|p2a: Dragapult|Will-O-Wisp|p1a: Weezing\n|-status|p1a: Weezing|brn\n|\n|-damage|p1a: Weezing|94/100 brn|[from] brn\n|upkeep\n|turn|8\n|\n|t:|1782449947\n|move|p2a: Dragapult|Hex|p1a: Weezing\n|-crit|p1a: Weezing\n|-damage|p1a: Weezing|0 fnt\n|faint|p1a: Weezing\n|-end|p1a: Weezing|ability: Neutralizing Gas\n|\n|upkeep\n|-message|msean3 forfeited.\n|\n|win|xXb1llyXx\n|raw|msean3's rating: 1615 &rarr; <strong>1596</strong><br />(-19 for losing)\n|raw|xXb1llyXx's rating: 1638 &rarr; <strong>1657</strong><br />(+19 for winning)\n|l|‽msean3\n|player|p1|\n|l|☆xXb1llyXx\n|player|p2|\n", "uploadtime": 1782450182, "views": 3, "formatid": "gen9ou", "rating": 1596, "private": 0, "password": null}