{"id": "gen9ou-2540421910", "format": "[Gen 9] OU", "players": ["bh.babiri", "Quaqrash"], "log": "|j|☆bh.babiri\n|j|☆Quaqrash\n|t:|1771200033\n|gametype|singles\n|player|p1|bh.babiri|pokemonbreederf-gen4|1624\n|player|p2|Quaqrash|170|1709\n|gen|9\n|tier|[Gen 9] OU\n|rated|\n|rule|HP Percentage Mod: HP is shown in percentages\n|rule|Endless Battle Clause: Forcing endless battles is banned\n|rule|Species Clause: Limit one of each Pokémon\n|rule|OHKO Clause: OHKO moves are banned\n|rule|Evasion Items Clause: Evasion items are banned\n|rule|Evasion Moves Clause: Evasion moves are banned\n|rule|Evasion Abilities Clause: Evasion abilities are banned\n|rule|Sleep Moves Clause: Sleep-inducing moves are banned\n|clearpoke\n|poke|p1|Frosmoth, M|\n|poke|p1|Gholdengo|\n|poke|p1|Great Tusk|\n|poke|p1|Araquanid, F|\n|poke|p1|Dragapult, F|\n|poke|p1|Kyurem|\n|poke|p2|Excadrill, M|\n|poke|p2|Tyranitar, M|\n|poke|p2|Gholdengo|\n|poke|p2|Chesnaught, F|\n|poke|p2|Tornadus-Therian, M|\n|poke|p2|Iron Valiant|\n|teampreview\n|inactive|Battle timer is ON: inactive players will automatically lose when time's up. (requested by bh.babiri)\n|\n|t:|1771200057\n|teamsize|p1|6\n|teamsize|p2|6\n|start\n|switch|p1a: Dragapult|Dragapult, F|100/100\n|switch|p2a: The Juggernaught|Chesnaught, F|100/100\n|turn|1\n|\n|t:|1771200063\n|move|p1a: Dragapult|U-turn|p2a: The Juggernaught\n|-damage|p2a: The Juggernaught|79/100\n|-damage|p1a: Dragapult|84/100|[from] item: Rocky Helmet|[of] p2a: The Juggernaught\n|\n|t:|1771200066\n|switch|p1a: Kyurem|Kyurem|100/100|[from] U-turn\n|-ability|p1a: Kyurem|Pressure\n|move|p2a: The Juggernaught|Spikes|p1a: Kyurem\n|-sidestart|p1: bh.babiri|Spikes\n|\n|upkeep\n|turn|2\n|\n|t:|1771200069\n|switch|p2a: The Tyrant|Tyranitar, M|100/100\n|-weather|Sandstorm|[from] ability: Sand Stream|[of] p2a: The Tyrant\n|move|p1a: Kyurem|Substitute|p1a: Kyurem\n|-start|p1a: Kyurem|Substitute\n|-damage|p1a: Kyurem|76/100\n|\n|-weather|Sandstorm|[upkeep]\n|-damage|p1a: Kyurem|70/100|[from] Sandstorm\n|-heal|p1a: Kyurem|76/100|[from] item: Leftovers\n|upkeep\n|turn|3\n|\n|t:|1771200073\n|-terastallize|p1a: Kyurem|Ground\n|move|p1a: Kyurem|Earth Power|p2a: The Tyrant\n|-supereffective|p2a: The Tyrant\n|-damage|p2a: The Tyrant|59/100\n|move|p2a: The Tyrant|Stealth Rock|p1a: Kyurem\n|-sidestart|p1: bh.babiri|move: Stealth Rock\n|\n|-weather|Sandstorm|[upkeep]\n|-heal|p1a: Kyurem|82/100|[from] item: Leftovers\n|-heal|p2a: The Tyrant|65/100|[from] item: Leftovers\n|upkeep\n|turn|4\n|\n|t:|1771200096\n|move|p1a: Kyurem|Earth Power|p2a: The Tyrant\n|-supereffective|p2a: The Tyrant\n|-damage|p2a: The Tyrant|29/100\n|move|p2a: The Tyrant|Knock Off|p1a: Kyurem\n|-end|p1a: Kyurem|Substitute\n|\n|-weather|Sandstorm|[upkeep]\n|-heal|p1a: Kyurem|88/100|[from] item: Leftovers\n|-heal|p2a: The Tyrant|35/100|[from] item: Leftovers\n|upkeep\n|turn|5\n|\n|t:|1771200111\n|move|p1a: Kyurem|Earth Power|p2a: The Tyrant\n|-supereffective|p2a: The Tyrant\n|-damage|p2a: The Tyrant|0 fnt\n|faint|p2a: The Tyrant\n|\n|-weather|Sandstorm|[upkeep]\n|-heal|p1a: Kyurem|94/100|[from] item: Leftovers\n|upkeep\n|\n|t:|1771200119\n|switch|p2a: The Excalibur|Excadrill, M|100/100\n|-item|p2a: The Excalibur|Air Balloon\n|turn|6\n|\n|t:|1771200122\n|move|p2a: The Excalibur|Earthquake|p1a: Kyurem\n|-damage|p1a: Kyurem|36/100\n|move|p1a: Kyurem|Freeze-Dry|p2a: The Excalibur\n|-damage|p2a: The Excalibur|51/100\n|-enditem|p2a: The Excalibur|Air Balloon\n|\n|-weather|none\n|-heal|p1a: Kyurem|42/100|[from] item: Leftovers\n|upkeep\n|turn|7\n|\n|t:|1771200131\n|move|p1a: Kyurem|Substitute|p1a: Kyurem\n|-start|p1a: Kyurem|Substitute\n|-damage|p1a: Kyurem|18/100\n|move|p2a: The Excalibur|Earthquake|p1a: Kyurem\n|-crit|p1a: Kyurem\n|-end|p1a: Kyurem|Substitute\n|\n|-heal|p1a: Kyurem|24/100|[from] item: Leftovers\n|upkeep\n|turn|8\n|\n|t:|1771200134\n|move|p1a: Kyurem|Earth Power|p2a: The Excalibur\n|-supereffective|p2a: The Excalibur\n|-damage|p2a: The Excalibur|0 fnt\n|faint|p2a: The Excalibur\n|\n|-heal|p1a: Kyurem|30/100|[from] item: Leftovers\n|upkeep\n|\n|t:|1771200141\n|switch|p2a: The Reigner|Tornadus-Therian, M|100/100\n|turn|9\n|\n|t:|1771200149\n|-terastallize|p2a: The Reigner|Water\n|move|p1a: Kyurem|Protect|p1a: Kyurem\n|-singleturn|p1a: Kyurem|Protect\n|move|p2a: The Reigner|Bleakwind Storm|p1a: Kyurem\n|-activate|p1a: Kyurem|move: Protect\n|\n|-heal|p1a: Kyurem|36/100|[from] item: Leftovers\n|upkeep\n|turn|10\n|\n|t:|1771200154\n|move|p2a: The Reigner|Bleakwind Storm|p1a: Kyurem\n|-damage|p1a: Kyurem|0 fnt\n|faint|p1a: Kyurem\n|\n|upkeep\n|\n|t:|1771200160\n|switch|p1a: Gholdengo|Gholdengo|100/100\n|-damage|p1a: Gholdengo|94/100|[from] Stealth Rock\n|-item|p1a: Gholdengo|Air Balloon\n|turn|11\n|\n|t:|1771200164\n|move|p2a: The Reigner|Heat Wave|p1a: Gholdengo\n|-supereffective|p1a: Gholdengo\n|-damage|p1a: Gholdengo|44/100\n|-enditem|p1a: Gholdengo|Air Balloon\n|move|p1a: Gholdengo|Hex|p2a: The Reigner\n|-damage|p2a: The Reigner|57/100\n|\n|upkeep\n|turn|12\n|\n|t:|1771200172\n|move|p2a: The Reigner|Heat Wave|p1a: Gholdengo\n|-supereffective|p1a: Gholdengo\n|-damage|p1a: Gholdengo|0 fnt\n|faint|p1a: Gholdengo\n|\n|upkeep\n|\n|t:|1771200174\n|switch|p1a: Dragapult|Dragapult, F|84/100\n|-damage|p1a: Dragapult|72/100|[from] Spikes\n|-damage|p1a: Dragapult|59/100|[from] Stealth Rock\n|turn|13\n|\n|t:|1771200178\n|switch|p2a: The Juggernaught|Chesnaught, F|79/100\n|move|p1a: Dragapult|Dragon Darts|p2a: The Juggernaught\n|-damage|p2a: The Juggernaught|60/100\n|-anim|p1a: Dragapult|Dragon Darts|p2a: The Juggernaught\n|-damage|p2a: The Juggernaught|40/100\n|\n|upkeep\n|turn|14\n|\n|t:|1771200185\n|switch|p1a: Araquanid|Araquanid, F|100/100\n|-damage|p1a: Araquanid|88/100|[from] Spikes\n|-damage|p1a: Araquanid|63/100|[from] Stealth Rock\n|move|p2a: The Juggernaught|Synthesis|p2a: The Juggernaught\n|-heal|p2a: The Juggernaught|90/100\n|\n|upkeep\n|turn|15\n|\n|t:|1771200189\n|move|p2a: The Juggernaught|Spikes|p1a: Araquanid\n|-sidestart|p1: bh.babiri|Spikes\n|move|p1a: Araquanid|Sticky Web|p2a: The Juggernaught\n|-sidestart|p2: Quaqrash|move: Sticky Web\n|\n|upkeep\n|turn|16\n|\n|t:|1771200192\n|switch|p1a: Great Tusk|Great Tusk|100/100\n|move|p2a: The Juggernaught|Spikes|p1a: Great Tusk\n|-sidestart|p1: bh.babiri|Spikes\n|\n|upkeep\n|turn|17\n|\n|t:|1771200199\n|move|p1a: Great Tusk|Ice Spinner|p2a: The Juggernaught\n|-supereffective|p2a: The Juggernaught\n|-damage|p2a: The Juggernaught|60/100\n|-damage|p1a: Great Tusk|84/100|[from] item: Rocky Helmet|[of] p2a: The Juggernaught\n|move|p2a: The Juggernaught|Body Press|p1a: Great Tusk\n|-damage|p1a: Great Tusk|49/100\n|\n|upkeep\n|turn|18\n|\n|t:|1771200216\n|move|p1a: Great Tusk|Rapid Spin|p2a: The Juggernaught\n|-damage|p2a: The Juggernaught|50/100\n|-boost|p1a: Great Tusk|spe|1\n|-damage|p1a: Great Tusk|33/100|[from] item: Rocky Helmet|[of] p2a: The Juggernaught\n|-sideend|p1: bh.babiri|Spikes|[from] move: Rapid Spin|[of] p1a: Great Tusk\n|-sideend|p1: bh.babiri|Stealth Rock|[from] move: Rapid Spin|[of] p1a: Great Tusk\n|move|p2a: The Juggernaught|Spikes|p1a: Great Tusk\n|-sidestart|p1: bh.babiri|Spikes\n|\n|upkeep\n|turn|19\n|\n|t:|1771200218\n|move|p1a: Great Tusk|Ice Spinner|p2a: The Juggernaught\n|-supereffective|p2a: The Juggernaught\n|-damage|p2a: The Juggernaught|19/100\n|-damage|p1a: Great Tusk|16/100|[from] item: Rocky Helmet|[of] p2a: The Juggernaught\n|move|p2a: The Juggernaught|Spikes|p1a: Great Tusk\n|-sidestart|p1: bh.babiri|Spikes\n|\n|upkeep\n|turn|20\n|\n|t:|1771200228\n|move|p1a: Great Tusk|Ice Spinner|p2a: The Juggernaught\n|-supereffective|p2a: The Juggernaught\n|-damage|p2a: The Juggernaught|0 fnt\n|-damage|p1a: Great Tusk|0 fnt|[from] item: Rocky Helmet|[of] p2a: The Juggernaught\n|faint|p2a: The Juggernaught\n|faint|p1a: Great Tusk\n|-end|p1a: Great Tusk|Protosynthesis|[silent]\n|\n|upkeep\n|\n|t:|1771200240\n|switch|p1a: Dragapult|Dragapult, F|59/100\n|switch|p2a: The Golden Child|Gholdengo|100/100\n|-damage|p1a: Dragapult|43/100|[from] Spikes\n|-activate|p2a: The Golden Child|move: Sticky Web\n|-unboost|p2a: The Golden Child|spe|1\n|turn|21\n|inactive|bh.babiri has 120 seconds left.\n|\n|t:|1771200275\n|move|p1a: Dragapult|Sucker Punch||[still]\n|-fail|p1a: Dragapult\n|move|p2a: The Golden Child|Nasty Plot|p2a: The Golden Child\n|-boost|p2a: The Golden Child|spa|2\n|\n|upkeep\n|turn|22\n|\n|t:|1771200283\n|move|p1a: Dragapult|Sucker Punch||[still]\n|-fail|p1a: Dragapult\n|move|p2a: The Golden Child|Nasty Plot|p2a: The Golden Child\n|-boost|p2a: The Golden Child|spa|2\n|\n|upkeep\n|turn|23\n|\n|t:|1771200285\n|switch|p1a: Araquanid|Araquanid, F|63/100\n|-damage|p1a: Araquanid|47/100|[from] Spikes\n|move|p2a: The Golden Child|Nasty Plot|p2a: The Golden Child\n|-boost|p2a: The Golden Child|spa|2\n|\n|upkeep\n|turn|24\n|\n|t:|1771200299\n|move|p2a: The Golden Child|Thunderbolt|p1a: Araquanid\n|-supereffective|p1a: Araquanid\n|-crit|p1a: Araquanid\n|-damage|p1a: Araquanid|0 fnt\n|faint|p1a: Araquanid\n|\n|upkeep\n|\n|t:|1771200304\n|switch|p1a: Dragapult|Dragapult, F|43/100\n|-damage|p1a: Dragapult|27/100|[from] Spikes\n|turn|25\n|\n|t:|1771200310\n|move|p1a: Dragapult|Sucker Punch||[still]\n|-fail|p1a: Dragapult\n|move|p2a: The Golden Child|Recover||[still]\n|-fail|p2a: The Golden Child|heal\n|\n|upkeep\n|turn|26\n|\n|t:|1771200313\n|move|p1a: Dragapult|Sucker Punch||[still]\n|-fail|p1a: Dragapult\n|move|p2a: The Golden Child|Nasty Plot|p2a: The Golden Child\n|-boost|p2a: The Golden Child|spa|0\n|\n|upkeep\n|turn|27\n|\n|t:|1771200316\n|move|p1a: Dragapult|Sucker Punch||[still]\n|-fail|p1a: Dragapult\n|move|p2a: The Golden Child|Nasty Plot|p2a: The Golden Child\n|-boost|p2a: The Golden Child|spa|0\n|\n|upkeep\n|turn|28\n|\n|t:|1771200319\n|move|p1a: Dragapult|Sucker Punch||[still]\n|-fail|p1a: Dragapult\n|move|p2a: The Golden Child|Nasty Plot|p2a: The Golden Child\n|-boost|p2a: The Golden Child|spa|0\n|\n|upkeep\n|turn|29\n|\n|t:|1771200322\n|move|p1a: Dragapult|Sucker Punch||[still]\n|-fail|p1a: Dragapult\n|move|p2a: The Golden Child|Nasty Plot|p2a: The Golden Child\n|-boost|p2a: The Golden Child|spa|0\n|\n|upkeep\n|turn|30\n|\n|t:|1771200323\n|move|p1a: Dragapult|Sucker Punch||[still]\n|-fail|p1a: Dragapult\n|move|p2a: The Golden Child|Nasty Plot|p2a: The Golden Child\n|-boost|p2a: The Golden Child|spa|0\n|\n|upkeep\n|turn|31\n|\n|t:|1771200329\n|-activate|p1a: Dragapult|move: Struggle\n|move|p1a: Dragapult|Struggle|p2a: The Golden Child\n|-damage|p2a: The Golden Child|72/100\n|-damage|p1a: Dragapult|2/100|[from] recoil\n|move|p2a: The Golden Child|Thunderbolt|p1a: Dragapult\n|-resisted|p1a: Dragapult\n|-damage|p1a: Dragapult|0 fnt\n|faint|p1a: Dragapult\n|\n|upkeep\n|\n|t:|1771200336\n|switch|p1a: Frosmoth|Frosmoth, M|100/100\n|-damage|p1a: Frosmoth|84/100|[from] Spikes\n|turn|32\n|\n|t:|1771200339\n|move|p1a: Frosmoth|Quiver Dance|p1a: Frosmoth\n|-boost|p1a: Frosmoth|spa|1\n|-boost|p1a: Frosmoth|spd|1\n|-boost|p1a: Frosmoth|spe|1\n|move|p2a: The Golden Child|Make It Rain|p1a: Frosmoth\n|-supereffective|p1a: Frosmoth\n|-damage|p1a: Frosmoth|0 fnt\n|-unboost|p2a: The Golden Child|spa|1\n|faint|p1a: Frosmoth\n|\n|win|Quaqrash\n|raw|bh.babiri's rating: 1624 &rarr; <strong>1609</strong><br />(-15 for losing)\n|raw|Quaqrash's rating: 1709 &rarr; <strong>1724</strong><br />(+15 for winning)\n|l|☆bh.babiri\n|player|p1|\n|l|☆Quaqrash\n|player|p2|\n", "uploadtime": 1771200529, "views": 12, "formatid": "gen9ou", "rating": 1609, "private": 0, "password": null}