{"id": "gen9ou-2639227269", "format": "[Gen 9] OU", "players": ["grgwrgwegwe", "nube4real"], "log": "|j|☆grgwrgwegwe\n|j|☆nube4real\n|t:|1782437116\n|gametype|singles\n|player|p1|grgwrgwegwe|nurse|1075\n|player|p2|nube4real|102|1063\n|gen|9\n|tier|[Gen 9] OU\n|rated|\n|rule|HP Percentage Mod: HP is shown in percentages\n|rule|Endless Battle Clause: Forcing endless battles is banned\n|rule|Species Clause: Limit one of each Pokémon\n|rule|OHKO Clause: OHKO moves are banned\n|rule|Evasion Items Clause: Evasion items are banned\n|rule|Evasion Moves Clause: Evasion moves are banned\n|rule|Evasion Abilities Clause: Evasion abilities are banned\n|rule|Sleep Moves Clause: Sleep-inducing moves are banned\n|clearpoke\n|poke|p1|Volcanion|\n|poke|p1|Magnezone|\n|poke|p1|Regidrago|\n|poke|p1|Sylveon, F|\n|poke|p1|Slaking, M|\n|poke|p1|Great Tusk|\n|poke|p2|Deoxys-Speed|\n|poke|p2|Blastoise, M|\n|poke|p2|Rhyperior, M|\n|poke|p2|Meowscarada, M|\n|poke|p2|Amoonguss, M|\n|poke|p2|Ursaluna, F|\n|teampreview\n|inactive|Battle timer is ON: inactive players will automatically lose when time's up. (requested by grgwrgwegwe)\n|\n|t:|1782437145\n|teamsize|p1|6\n|teamsize|p2|6\n|start\n|switch|p1a: >.*{|Slaking, M|100/100\n|switch|p2a: Deoxys|Deoxys-Speed|100/100\n|-ability|p2a: Deoxys|Pressure\n|turn|1\n|\n|t:|1782437152\n|move|p2a: Deoxys|Taunt|p1a: >.*{\n|-start|p1a: >.*{|move: Taunt\n|move|p1a: >.*{|Knock Off|p2a: Deoxys\n|-supereffective|p2a: Deoxys\n|-enditem|p2a: Deoxys|Focus Sash\n|-damage|p2a: Deoxys|1/100\n|\n|upkeep\n|turn|2\n|\n|t:|1782437161\n|switch|p1a: Zlurp|Magnezone|100/100\n|move|p2a: Deoxys|Focus Blast|p1a: Zlurp\n|-supereffective|p1a: Zlurp\n|-damage|p1a: Zlurp|23/100\n|\n|upkeep\n|turn|3\n|\n|t:|1782437168\n|move|p2a: Deoxys|Stealth Rock|p1a: Zlurp\n|-sidestart|p1: grgwrgwegwe|move: Stealth Rock\n|move|p1a: Zlurp|Flash Cannon|p2a: Deoxys\n|-damage|p2a: Deoxys|0 fnt\n|faint|p2a: Deoxys\n|\n|upkeep\n|\n|t:|1782437181\n|switch|p2a: Meowscarada|Meowscarada, M|100/100\n|turn|4\n|\n|t:|1782437186\n|move|p1a: Zlurp|Flash Cannon|p2a: Meowscarada\n|-damage|p2a: Meowscarada|39/100\n|move|p2a: Meowscarada|Trick Room|p2a: Meowscarada\n|-start|p2a: Meowscarada|typechange|Psychic|[from] ability: Protean\n|-fieldstart|move: Trick Room|[of] p2a: Meowscarada\n|\n|upkeep\n|turn|5\n|\n|t:|1782437197\n|move|p1a: Zlurp|Flash Cannon|p2a: Meowscarada\n|-damage|p2a: Meowscarada|0 fnt\n|faint|p2a: Meowscarada\n|\n|upkeep\n|\n|t:|1782437201\n|switch|p2a: Ursaluna|Ursaluna, F|100/100\n|turn|6\n|\n|t:|1782437207\n|-terastallize|p1a: Zlurp|Flying\n|move|p2a: Ursaluna|Belly Drum|p2a: Ursaluna\n|-damage|p2a: Ursaluna|50/100\n|-setboost|p2a: Ursaluna|atk|6|[from] move: Belly Drum\n|-enditem|p2a: Ursaluna|Sitrus Berry|[eat]\n|-heal|p2a: Ursaluna|75/100|[from] item: Sitrus Berry\n|move|p1a: Zlurp|Flash Cannon|p2a: Ursaluna\n|-damage|p2a: Ursaluna|19/100\n|\n|upkeep\n|turn|7\n|\n|t:|1782437219\n|move|p2a: Ursaluna|Drain Punch|p1a: Zlurp\n|-resisted|p1a: Zlurp\n|-damage|p1a: Zlurp|0 fnt\n|-heal|p2a: Ursaluna|27/100|[from] drain|[of] p1a: Zlurp\n|faint|p1a: Zlurp\n|\n|upkeep\n|\n|t:|1782437233\n|switch|p1a: Jbai|Sylveon, F|100/100\n|-damage|p1a: Jbai|88/100|[from] Stealth Rock\n|turn|8\n|\n|t:|1782437239\n|switch|p1a: Uno Reverse|Great Tusk|100/100\n|-damage|p1a: Uno Reverse|97/100|[from] Stealth Rock\n|-enditem|p1a: Uno Reverse|Booster Energy\n|-activate|p1a: Uno Reverse|ability: Protosynthesis|[fromitem]\n|-start|p1a: Uno Reverse|protosynthesisspe\n|move|p2a: Ursaluna|Drain Punch|p1a: Uno Reverse\n|-damage|p1a: Uno Reverse|38/100\n|-heal|p2a: Ursaluna|55/100|[from] drain|[of] p1a: Uno Reverse\n|\n|-fieldend|move: Trick Room\n|upkeep\n|turn|9\n|\n|t:|1782437250\n|move|p1a: Uno Reverse|Body Press|p2a: Ursaluna\n|-supereffective|p2a: Ursaluna\n|-damage|p2a: Ursaluna|8/100\n|move|p2a: Ursaluna|Trailblaze|p1a: Uno Reverse\n|-supereffective|p1a: Uno Reverse\n|-damage|p1a: Uno Reverse|0 fnt\n|-boost|p2a: Ursaluna|spe|1\n|faint|p1a: Uno Reverse\n|-end|p1a: Uno Reverse|Protosynthesis|[silent]\n|\n|upkeep\n|\n|t:|1782437256\n|switch|p1a: O-rale|Volcanion|100/100\n|-damage|p1a: O-rale|76/100|[from] Stealth Rock\n|turn|10\n|\n|t:|1782437265\n|move|p1a: O-rale|Explosion|p2a: Ursaluna\n|-crit|p2a: Ursaluna\n|-damage|p2a: Ursaluna|0 fnt\n|faint|p1a: O-rale\n|faint|p2a: Ursaluna\n|\n|upkeep\n|\n|t:|1782437273\n|switch|p1a: Jbai|Sylveon, F|88/100\n|switch|p2a: Blastoise|Blastoise, M|100/100\n|-damage|p1a: Jbai|76/100|[from] Stealth Rock\n|turn|11\n|\n|t:|1782437280\n|move|p2a: Blastoise|Shell Smash|p2a: Blastoise\n|-unboost|p2a: Blastoise|def|1\n|-unboost|p2a: Blastoise|spd|1\n|-boost|p2a: Blastoise|atk|2\n|-boost|p2a: Blastoise|spa|2\n|-boost|p2a: Blastoise|spe|2\n|-enditem|p2a: Blastoise|White Herb\n|-clearnegativeboost|p2a: Blastoise|[silent]\n|move|p1a: Jbai|Hyper Beam|p2a: Blastoise\n|-damage|p2a: Blastoise|0 fnt\n|-mustrecharge|p1a: Jbai\n|faint|p2a: Blastoise\n|\n|upkeep\n|\n|t:|1782437292\n|switch|p2a: Amoonguss|Amoonguss, M|100/100\n|turn|12\n|\n|t:|1782437297\n|cant|p1a: Jbai|recharge\n|move|p2a: Amoonguss|Sludge Bomb|p1a: Jbai\n|-supereffective|p1a: Jbai\n|-damage|p1a: Jbai|31/100\n|\n|upkeep\n|turn|13\n|\n|t:|1782437307\n|switch|p1a: Regidrago|Regidrago|100/100\n|-damage|p1a: Regidrago|88/100|[from] Stealth Rock\n|move|p2a: Amoonguss|Sludge Bomb|p1a: Regidrago\n|-damage|p1a: Regidrago|53/100\n|\n|upkeep\n|turn|14\n|\n|t:|1782437318\n|move|p1a: Regidrago|Draco Meteor|p2a: Amoonguss\n|-damage|p2a: Amoonguss|26/100\n|-unboost|p1a: Regidrago|spa|2\n|move|p2a: Amoonguss|Sludge Bomb|p1a: Regidrago\n|-damage|p1a: Regidrago|19/100\n|-status|p1a: Regidrago|psn\n|\n|-damage|p1a: Regidrago|7/100 psn|[from] psn\n|upkeep\n|turn|15\n|\n|t:|1782437325\n|move|p1a: Regidrago|Outrage|p2a: Amoonguss\n|-damage|p2a: Amoonguss|0 fnt\n|-damage|p1a: Regidrago|0 fnt|[from] item: Rocky Helmet|[of] p2a: Amoonguss\n|faint|p2a: Amoonguss\n|faint|p1a: Regidrago\n|\n|upkeep\n|\n|t:|1782437328\n|switch|p1a: Jbai|Sylveon, F|31/100\n|switch|p2a: Rhyperior|Rhyperior, M|100/100\n|-damage|p1a: Jbai|18/100|[from] Stealth Rock\n|turn|16\n|\n|t:|1782437341\n|move|p1a: Jbai|Hyper Beam|p2a: Rhyperior\n|-damage|p2a: Rhyperior|0 fnt\n|-mustrecharge|p1a: Jbai\n|faint|p2a: Rhyperior\n|\n|win|grgwrgwegwe\n|raw|grgwrgwegwe's rating: 1075 &rarr; <strong>1103</strong><br />(+28 for winning)\n|raw|nube4real's rating: 1063 &rarr; <strong>1044</strong><br />(-19 for losing)\n|l|☆nube4real\n|player|p2|\n|l|☆grgwrgwegwe\n|player|p1|\n", "uploadtime": 1782437722, "views": 8, "formatid": "gen9ou", "rating": 1044, "private": 0, "password": null}