{"id": "gen9ou-2640032751", "format": "[Gen 9] OU", "players": ["Kvnshasa", "lt124yh xebec"], "log": "|badge|p2|silver|gen9ou|30-9\n|html|<div class=\"broadcast-red\"><strong>This battle is required to be public due to one or more player having a season medal.</strong><br />During the public phase, you can discuss the state of the ladder <a href=\"/seasondiscussion\">in a special chatroom.</a></div>\n|uhtml|medal-msg|<div class=\"broadcast-blue\">Curious what those medals under the avatar are? PS now has Ladder Seasons! For more information, check out the <a href=\"https://www.smogon.com/forums/threads/3740067/\">thread on Smogon.</a></div>\n|raw|<div class=\"broadcast-blue\"><strong>This battle is required to be public due to a player having a name starting with 'medal'.</div>\n|j|☆Kvnshasa\n|j|☆lt124yh xebec\n|t:|1782567123\n|gametype|singles\n|player|p1|Kvnshasa|policeman-gen4|1769\n|player|p2|lt124yh xebec|266|1866\n|gen|9\n|tier|[Gen 9] OU\n|rated|\n|rule|HP Percentage Mod: HP is shown in percentages\n|rule|Endless Battle Clause: Forcing endless battles is banned\n|rule|Species Clause: Limit one of each Pokémon\n|rule|OHKO Clause: OHKO moves are banned\n|rule|Evasion Items Clause: Evasion items are banned\n|rule|Evasion Moves Clause: Evasion moves are banned\n|rule|Evasion Abilities Clause: Evasion abilities are banned\n|rule|Sleep Moves Clause: Sleep-inducing moves are banned\n|clearpoke\n|poke|p1|Ting-Lu|\n|poke|p1|Moltres|\n|poke|p1|Weezing-Galar, M|\n|poke|p1|Alomomola, F|\n|poke|p1|Gholdengo|\n|poke|p1|Meowscarada, F|\n|poke|p2|Zamazenta-*|\n|poke|p2|Hydreigon, M|\n|poke|p2|Blissey, F|\n|poke|p2|Dragapult, M|\n|poke|p2|Gliscor, M|\n|poke|p2|Clefable, F|\n|teampreview\n|inactive|Battle timer is ON: inactive players will automatically lose when time's up. (requested by Kvnshasa)\n|j| Garden of Dreams\n|\n|t:|1782567142\n|teamsize|p1|6\n|teamsize|p2|6\n|start\n|switch|p1a: Meowscarada|Meowscarada, F|100/100\n|switch|p2a: Blissey|Blissey, F|100/100\n|turn|1\n|\n|t:|1782567146\n|move|p1a: Meowscarada|Knock Off|p2a: Blissey\n|-start|p1a: Meowscarada|typechange|Dark|[from] ability: Protean\n|-damage|p2a: Blissey|45/100\n|-enditem|p2a: Blissey|Heavy-Duty Boots|[from] move: Knock Off|[of] p1a: Meowscarada\n|move|p2a: Blissey|Thunder Wave|p1a: Meowscarada\n|-status|p1a: Meowscarada|par\n|\n|upkeep\n|turn|2\n|\n|t:|1782567150\n|move|p1a: Meowscarada|Knock Off|p2a: Blissey\n|-damage|p2a: Blissey|5/100\n|move|p2a: Blissey|Soft-Boiled|p2a: Blissey\n|-heal|p2a: Blissey|55/100\n|\n|upkeep\n|turn|3\n|\n|t:|1782567153\n|move|p1a: Meowscarada|Knock Off|p2a: Blissey\n|-damage|p2a: Blissey|18/100\n|move|p2a: Blissey|Soft-Boiled|p2a: Blissey\n|-heal|p2a: Blissey|68/100\n|\n|upkeep\n|turn|4\n|\n|t:|1782567155\n|move|p1a: Meowscarada|Knock Off|p2a: Blissey\n|-damage|p2a: Blissey|25/100\n|move|p2a: Blissey|Soft-Boiled|p2a: Blissey\n|-heal|p2a: Blissey|75/100\n|\n|upkeep\n|turn|5\n|\n|t:|1782567160\n|move|p1a: Meowscarada|Knock Off|p2a: Blissey\n|-damage|p2a: Blissey|34/100\n|move|p2a: Blissey|Soft-Boiled|p2a: Blissey\n|-heal|p2a: Blissey|84/100\n|\n|upkeep\n|turn|6\n|\n|t:|1782567163\n|move|p1a: Meowscarada|Knock Off|p2a: Blissey\n|-damage|p2a: Blissey|48/100\n|move|p2a: Blissey|Stealth Rock|p1a: Meowscarada\n|-sidestart|p1: Kvnshasa|move: Stealth Rock\n|\n|upkeep\n|turn|7\n|\n|t:|1782567165\n|move|p1a: Meowscarada|Knock Off|p2a: Blissey\n|-damage|p2a: Blissey|11/100\n|move|p2a: Blissey|Soft-Boiled|p2a: Blissey\n|-heal|p2a: Blissey|61/100\n|\n|upkeep\n|turn|8\n|\n|t:|1782567168\n|cant|p1a: Meowscarada|par\n|move|p2a: Blissey|Soft-Boiled|p2a: Blissey\n|-heal|p2a: Blissey|100/100\n|\n|upkeep\n|turn|9\n|l| Garden of Dreams\n|\n|t:|1782567169\n|cant|p1a: Meowscarada|par\n|move|p2a: Blissey|Seismic Toss|p1a: Meowscarada\n|-damage|p1a: Meowscarada|66/100 par\n|\n|upkeep\n|turn|10\n|\n|t:|1782567171\n|move|p1a: Meowscarada|Knock Off|p2a: Blissey\n|-damage|p2a: Blissey|64/100\n|move|p2a: Blissey|Seismic Toss|p1a: Meowscarada\n|-damage|p1a: Meowscarada|32/100 par\n|\n|upkeep\n|turn|11\n|\n|t:|1782567174\n|switch|p1a: Alomomola|Alomomola, F|100/100\n|move|p2a: Blissey|Seismic Toss|p1a: Alomomola\n|-damage|p1a: Alomomola|79/100\n|\n|upkeep\n|turn|12\n|\n|t:|1782567181\n|switch|p2a: Gliscor|Gliscor, M|100/100\n|move|p1a: Alomomola|Wish|p1a: Alomomola\n|\n|-status|p2a: Gliscor|tox|[from] item: Toxic Orb\n|upkeep\n|turn|13\n|\n|t:|1782567186\n|move|p2a: Gliscor|Knock Off|p1a: Alomomola\n|-damage|p1a: Alomomola|67/100\n|-enditem|p1a: Alomomola|Heavy-Duty Boots|[from] move: Knock Off|[of] p2a: Gliscor\n|move|p1a: Alomomola|Flip Turn|p2a: Gliscor\n|-supereffective|p2a: Gliscor\n|-damage|p2a: Gliscor|75/100 tox\n|\n|t:|1782567189\n|switch|p1a: Weezing|Weezing-Galar, M|100/100|[from] Flip Turn\n|-ability|p1a: Weezing|Neutralizing Gas\n|\n|-damage|p2a: Gliscor|69/100 tox|[from] psn\n|upkeep\n|turn|14\n|\n|t:|1782567193\n|switch|p2a: Blissey|Blissey, F|64/100\n|move|p1a: Weezing|Defog|p2a: Blissey\n|-unboost|p2a: Blissey|evasion|1\n|-sideend|p1: Kvnshasa|Stealth Rock|[from] move: Defog|[of] p1a: Weezing\n|\n|upkeep\n|turn|15\n|\n|t:|1782567197\n|-end|p1a: Weezing|ability: Neutralizing Gas\n|switch|p1a: Alomomola|Alomomola, F|99/100\n|move|p2a: Blissey|Stealth Rock|p1a: Alomomola\n|-sidestart|p1: Kvnshasa|move: Stealth Rock\n|\n|upkeep\n|turn|16\n|\n|t:|1782567201\n|move|p2a: Blissey|Thunder Wave|p1a: Alomomola\n|-status|p1a: Alomomola|par\n|move|p1a: Alomomola|Wish|p1a: Alomomola\n|\n|upkeep\n|turn|17\n|\n|t:|1782567211\n|move|p2a: Blissey|Seismic Toss|p1a: Alomomola\n|-damage|p1a: Alomomola|79/100 par\n|move|p1a: Alomomola|Flip Turn|p2a: Blissey\n|-damage|p2a: Blissey|49/100\n|\n|t:|1782567213\n|switch|p1a: Meowscarada|Meowscarada, F|32/100 par|[from] Flip Turn\n|-damage|p1a: Meowscarada|20/100 par|[from] Stealth Rock\n|\n|-heal|p1a: Meowscarada|100/100 par|[from] move: Wish|[wisher] Alomomola\n|upkeep\n|turn|18\n|\n|t:|1782567216\n|move|p1a: Meowscarada|Flower Trick|p2a: Blissey\n|-start|p1a: Meowscarada|typechange|Grass|[from] ability: Protean\n|-crit|p2a: Blissey\n|-damage|p2a: Blissey|0 fnt\n|faint|p2a: Blissey\n|\n|upkeep\n|\n|t:|1782567230\n|switch|p2a: Gliscor|Gliscor, M|69/100 tox\n|turn|19\n|\n|t:|1782567234\n|switch|p1a: Alomomola|Alomomola, F|100/100 par\n|-damage|p1a: Alomomola|88/100 par|[from] Stealth Rock\n|move|p2a: Gliscor|Protect||[still]\n|-fail|p2a: Gliscor\n|\n|-heal|p2a: Gliscor|81/100 tox|[from] ability: Poison Heal\n|upkeep\n|turn|20\n|\n|t:|1782567238\n|switch|p2a: Dragapult|Dragapult, M|100/100\n|move|p1a: Alomomola|Flip Turn|p2a: Dragapult\n|-resisted|p2a: Dragapult\n|-damage|p2a: Dragapult|90/100\n|\n|t:|1782567241\n|switch|p1a: Gholdengo|Gholdengo|100/100|[from] Flip Turn\n|-damage|p1a: Gholdengo|94/100|[from] Stealth Rock\n|\n|upkeep\n|turn|21\n|\n|t:|1782567247\n|switch|p2a: Gliscor|Gliscor, M|81/100 tox\n|move|p1a: Gholdengo|Shadow Ball|p2a: Gliscor\n|-damage|p2a: Gliscor|43/100 tox\n|\n|-heal|p2a: Gliscor|56/100 tox|[from] ability: Poison Heal\n|upkeep\n|turn|22\n|j| jeffbuckleyenjoyer\n|\n|t:|1782567255\n|switch|p1a: Alomomola|Alomomola, F|100/100 par\n|-damage|p1a: Alomomola|88/100 par|[from] Stealth Rock\n|move|p2a: Gliscor|Earthquake|p1a: Alomomola\n|-damage|p1a: Alomomola|66/100 par\n|\n|-heal|p2a: Gliscor|68/100 tox|[from] ability: Poison Heal\n|upkeep\n|turn|23\n|\n|t:|1782567258\n|move|p2a: Gliscor|Earthquake|p1a: Alomomola\n|-damage|p1a: Alomomola|46/100 par\n|move|p1a: Alomomola|Flip Turn|p2a: Gliscor\n|-supereffective|p2a: Gliscor\n|-damage|p2a: Gliscor|44/100 tox\n|\n|t:|1782567260\n|switch|p1a: Weezing|Weezing-Galar, M|100/100|[from] Flip Turn\n|-ability|p1a: Weezing|Neutralizing Gas\n|\n|-damage|p2a: Gliscor|25/100 tox|[from] psn\n|upkeep\n|turn|24\n|\n|t:|1782567270\n|move|p2a: Gliscor|Earthquake|p1a: Weezing\n|-supereffective|p1a: Weezing\n|-damage|p1a: Weezing|60/100\n|move|p1a: Weezing|Defog|p2a: Gliscor\n|-unboost|p2a: Gliscor|evasion|1\n|-sideend|p1: Kvnshasa|Stealth Rock|[from] move: Defog|[of] p1a: Weezing\n|\n|-damage|p2a: Gliscor|0 fnt|[from] psn\n|faint|p2a: Gliscor\n|upkeep\n|\n|t:|1782567274\n|switch|p2a: Hydreigon|Hydreigon, M|100/100\n|turn|25\n|\n|t:|1782567278\n|-end|p1a: Weezing|ability: Neutralizing Gas\n|switch|p1a: Ting-Lu|Ting-Lu|100/100\n|-ability|p1a: Ting-Lu|Vessel of Ruin\n|move|p2a: Hydreigon|Nasty Plot|p2a: Hydreigon\n|-boost|p2a: Hydreigon|spa|2\n|\n|upkeep\n|turn|26\n|\n|t:|1782567281\n|move|p2a: Hydreigon|Taunt|p1a: Ting-Lu\n|-start|p1a: Ting-Lu|move: Taunt\n|cant|p1a: Ting-Lu|move: Taunt|Whirlwind\n|\n|upkeep\n|turn|27\n|\n|t:|1782567283\n|move|p2a: Hydreigon|Nasty Plot|p2a: Hydreigon\n|-boost|p2a: Hydreigon|spa|2\n|move|p1a: Ting-Lu|Ruination|p2a: Hydreigon\n|-damage|p2a: Hydreigon|50/100\n|\n|-heal|p2a: Hydreigon|57/100|[from] item: Leftovers\n|upkeep\n|turn|28\n|\n|t:|1782567288\n|switch|p1a: Meowscarada|Meowscarada, F|100/100 par\n|move|p2a: Hydreigon|Earth Power|p1a: Meowscarada\n|-resisted|p1a: Meowscarada\n|-damage|p1a: Meowscarada|30/100 par\n|\n|-heal|p2a: Hydreigon|63/100|[from] item: Leftovers\n|upkeep\n|turn|29\n|\n|t:|1782567306\n|move|p2a: Hydreigon|Dark Pulse|p1a: Meowscarada\n|-resisted|p1a: Meowscarada\n|-crit|p1a: Meowscarada\n|-damage|p1a: Meowscarada|0 fnt\n|faint|p1a: Meowscarada\n|\n|-heal|p2a: Hydreigon|69/100|[from] item: Leftovers\n|upkeep\n|\n|t:|1782567307\n|switch|p1a: Gholdengo|Gholdengo|94/100\n|turn|30\n|\n|t:|1782567310\n|switch|p2a: Zamazenta|Zamazenta|100/100\n|-ability|p2a: Zamazenta|Dauntless Shield|boost\n|-boost|p2a: Zamazenta|def|1\n|move|p1a: Gholdengo|Make It Rain|p2a: Zamazenta\n|-damage|p2a: Zamazenta|45/100\n|-unboost|p1a: Gholdengo|spa|1\n|\n|-heal|p2a: Zamazenta|51/100|[from] item: Leftovers\n|upkeep\n|turn|31\n|\n|t:|1782567327\n|switch|p1a: Alomomola|Alomomola, F|80/100 par\n|move|p2a: Zamazenta|Crunch|p1a: Alomomola\n|-damage|p1a: Alomomola|66/100 par\n|\n|-heal|p2a: Zamazenta|57/100|[from] item: Leftovers\n|upkeep\n|turn|32\n|\n|t:|1782567333\n|move|p2a: Zamazenta|Body Press|p1a: Alomomola\n|-damage|p1a: Alomomola|29/100 par\n|cant|p1a: Alomomola|par\n|\n|-heal|p2a: Zamazenta|63/100|[from] item: Leftovers\n|upkeep\n|turn|33\n|\n|t:|1782567337\n|switch|p2a: Hydreigon|Hydreigon, M|69/100\n|switch|p1a: Weezing|Weezing-Galar, M|60/100\n|-ability|p1a: Weezing|Neutralizing Gas\n|\n|-heal|p2a: Hydreigon|75/100|[from] item: Leftovers\n|upkeep\n|turn|34\n|\n|t:|1782567342\n|-end|p1a: Weezing|ability: Neutralizing Gas\n|switch|p1a: Ting-Lu|Ting-Lu|100/100\n|-ability|p1a: Ting-Lu|Vessel of Ruin\n|move|p2a: Hydreigon|Earth Power|p1a: Ting-Lu\n|-damage|p1a: Ting-Lu|87/100\n|\n|-heal|p2a: Hydreigon|81/100|[from] item: Leftovers\n|-heal|p1a: Ting-Lu|93/100|[from] item: Leftovers\n|upkeep\n|turn|35\n|\n|t:|1782567349\n|switch|p1a: Gholdengo|Gholdengo|94/100\n|move|p2a: Hydreigon|Earth Power|p1a: Gholdengo\n|-supereffective|p1a: Gholdengo\n|-damage|p1a: Gholdengo|25/100\n|\n|-heal|p2a: Hydreigon|87/100|[from] item: Leftovers\n|upkeep\n|turn|36\n|\n|t:|1782567365\n|switch|p2a: Zamazenta|Zamazenta|63/100\n|move|p1a: Gholdengo|Make It Rain|p2a: Zamazenta\n|-damage|p2a: Zamazenta|5/100\n|-unboost|p1a: Gholdengo|spa|1\n|\n|-heal|p2a: Zamazenta|11/100|[from] item: Leftovers\n|upkeep\n|turn|37\n|\n|t:|1782567379\n|switch|p1a: Alomomola|Alomomola, F|62/100 par\n|switch|p2a: Dragapult|Dragapult, M|90/100\n|\n|upkeep\n|turn|38\n|\n|t:|1782567386\n|switch|p1a: Ting-Lu|Ting-Lu|93/100\n|-ability|p1a: Ting-Lu|Vessel of Ruin\n|move|p2a: Dragapult|Hex|p1a: Ting-Lu\n|-resisted|p1a: Ting-Lu\n|-damage|p1a: Ting-Lu|88/100\n|\n|-heal|p1a: Ting-Lu|94/100|[from] item: Leftovers\n|upkeep\n|turn|39\n|\n|t:|1782567390\n|switch|p2a: Zamazenta|Zamazenta|11/100\n|move|p1a: Ting-Lu|Stealth Rock|p2a: Zamazenta\n|-sidestart|p2: lt124yh xebec|move: Stealth Rock\n|\n|-heal|p2a: Zamazenta|17/100|[from] item: Leftovers\n|-heal|p1a: Ting-Lu|100/100|[from] item: Leftovers\n|upkeep\n|turn|40\n|\n|t:|1782567394\n|switch|p1a: Alomomola|Alomomola, F|96/100 par\n|move|p2a: Zamazenta|Rest|p2a: Zamazenta\n|-status|p2a: Zamazenta|slp|[from] move: Rest\n|-heal|p2a: Zamazenta|100/100 slp|[silent]\n|\n|upkeep\n|turn|41\n|\n|t:|1782567403\n|switch|p2a: Dragapult|Dragapult, M|90/100\n|move|p1a: Alomomola|Wish|p1a: Alomomola\n|\n|upkeep\n|turn|42\n|\n|t:|1782567408\n|move|p2a: Dragapult|Hex|p1a: Alomomola\n|-damage|p1a: Alomomola|49/100 par\n|cant|p1a: Alomomola|par\n|\n|-heal|p1a: Alomomola|99/100 par|[from] move: Wish|[wisher] Alomomola\n|upkeep\n|turn|43\n|\n|t:|1782567413\n|move|p2a: Dragapult|Hex|p1a: Alomomola\n|-damage|p1a: Alomomola|49/100 par\n|move|p1a: Alomomola|Mirror Coat|p2a: Dragapult\n|-damage|p2a: Dragapult|0 fnt\n|faint|p2a: Dragapult\n|\n|upkeep\n|\n|t:|1782567416\n|switch|p2a: Hydreigon|Hydreigon, M|87/100\n|-damage|p2a: Hydreigon|75/100|[from] Stealth Rock\n|turn|44\n|\n|t:|1782567421\n|move|p2a: Hydreigon|Nasty Plot|p2a: Hydreigon\n|-boost|p2a: Hydreigon|spa|2\n|cant|p1a: Alomomola|par\n|\n|-heal|p2a: Hydreigon|81/100|[from] item: Leftovers\n|upkeep\n|turn|45\n|\n|t:|1782567432\n|switch|p1a: Ting-Lu|Ting-Lu|100/100\n|-ability|p1a: Ting-Lu|Vessel of Ruin\n|move|p2a: Hydreigon|Nasty Plot|p2a: Hydreigon\n|-boost|p2a: Hydreigon|spa|2\n|\n|-heal|p2a: Hydreigon|87/100|[from] item: Leftovers\n|upkeep\n|turn|46\n|\n|t:|1782567440\n|move|p2a: Hydreigon|Taunt|p1a: Ting-Lu\n|-start|p1a: Ting-Lu|move: Taunt\n|move|p1a: Ting-Lu|Ruination|p2a: Hydreigon\n|-damage|p2a: Hydreigon|44/100\n|\n|-heal|p2a: Hydreigon|50/100|[from] item: Leftovers\n|upkeep\n|turn|47\n|\n|t:|1782567442\n|move|p2a: Hydreigon|Earth Power|p1a: Ting-Lu\n|-damage|p1a: Ting-Lu|61/100\n|move|p1a: Ting-Lu|Ruination|p2a: Hydreigon\n|-damage|p2a: Hydreigon|25/100\n|\n|-heal|p2a: Hydreigon|31/100|[from] item: Leftovers\n|-heal|p1a: Ting-Lu|67/100|[from] item: Leftovers\n|upkeep\n|turn|48\n|\n|t:|1782567445\n|move|p2a: Hydreigon|Earth Power|p1a: Ting-Lu\n|-damage|p1a: Ting-Lu|27/100\n|move|p1a: Ting-Lu|Ruination|p2a: Hydreigon\n|-damage|p2a: Hydreigon|16/100\n|\n|-heal|p2a: Hydreigon|22/100|[from] item: Leftovers\n|-heal|p1a: Ting-Lu|33/100|[from] item: Leftovers\n|-end|p1a: Ting-Lu|move: Taunt\n|upkeep\n|turn|49\n|j| Garden of Dreams\n|l| Garden of Dreams\n|\n|t:|1782567449\n|move|p2a: Hydreigon|Earth Power|p1a: Ting-Lu\n|-damage|p1a: Ting-Lu|0 fnt\n|faint|p1a: Ting-Lu\n|\n|-heal|p2a: Hydreigon|28/100|[from] item: Leftovers\n|upkeep\n|\n|t:|1782567450\n|switch|p1a: Gholdengo|Gholdengo|25/100\n|turn|50\n|\n|t:|1782567462\n|switch|p2a: Zamazenta|Zamazenta|100/100 slp\n|-damage|p2a: Zamazenta|94/100 slp|[from] Stealth Rock\n|move|p1a: Gholdengo|Make It Rain|p2a: Zamazenta\n|-damage|p2a: Zamazenta|39/100 slp\n|-unboost|p1a: Gholdengo|spa|1\n|\n|-heal|p2a: Zamazenta|45/100 slp|[from] item: Leftovers\n|upkeep\n|turn|51\n|\n|t:|1782567485\n|switch|p1a: Alomomola|Alomomola, F|82/100 par\n|-terastallize|p2a: Zamazenta|Steel\n|cant|p2a: Zamazenta|slp\n|\n|-heal|p2a: Zamazenta|51/100 slp|[from] item: Leftovers\n|upkeep\n|turn|52\n|\n|t:|1782567491\n|cant|p2a: Zamazenta|slp\n|move|p1a: Alomomola|Wish|p1a: Alomomola\n|\n|-heal|p2a: Zamazenta|57/100 slp|[from] item: Leftovers\n|upkeep\n|turn|53\n|\n|t:|1782567500\n|-curestatus|p2a: Zamazenta|slp|[msg]\n|move|p2a: Zamazenta|Iron Defense|p2a: Zamazenta\n|-boost|p2a: Zamazenta|def|2\n|cant|p1a: Alomomola|par\n|\n|-heal|p1a: Alomomola|100/100 par|[from] move: Wish|[wisher] Alomomola\n|-heal|p2a: Zamazenta|63/100|[from] item: Leftovers\n|upkeep\n|turn|54\n|\n|t:|1782567509\n|switch|p1a: Weezing|Weezing-Galar, M|60/100\n|-ability|p1a: Weezing|Neutralizing Gas\n|move|p2a: Zamazenta|Body Press|p1a: Weezing\n|-resisted|p1a: Weezing\n|-damage|p1a: Weezing|48/100\n|\n|-heal|p2a: Zamazenta|69/100|[from] item: Leftovers\n|upkeep\n|turn|55\n|\n|t:|1782567514\n|move|p2a: Zamazenta|Iron Defense|p2a: Zamazenta\n|-boost|p2a: Zamazenta|def|2\n|move|p1a: Weezing|Will-O-Wisp|p2a: Zamazenta\n|-status|p2a: Zamazenta|brn\n|\n|-heal|p2a: Zamazenta|75/100 brn|[from] item: Leftovers\n|-damage|p2a: Zamazenta|69/100 brn|[from] brn\n|upkeep\n|turn|56\n|\n|t:|1782567517\n|-end|p1a: Weezing|ability: Neutralizing Gas\n|switch|p1a: Moltres|Moltres|100/100\n|move|p2a: Zamazenta|Iron Defense|p2a: Zamazenta\n|-boost|p2a: Zamazenta|def|2\n|\n|-heal|p2a: Zamazenta|75/100 brn|[from] item: Leftovers\n|-damage|p2a: Zamazenta|69/100 brn|[from] brn\n|upkeep\n|turn|57\n|\n|t:|1782567521\n|switch|p2a: Clefable|Clefable, F|100/100\n|move|p1a: Moltres|Flamethrower|p2a: Clefable\n|-damage|p2a: Clefable|62/100\n|\n|upkeep\n|turn|58\n|\n|t:|1782567524\n|move|p1a: Moltres|Flamethrower|p2a: Clefable\n|-damage|p2a: Clefable|29/100\n|move|p2a: Clefable|Cosmic Power|p2a: Clefable\n|-boost|p2a: Clefable|def|1\n|-boost|p2a: Clefable|spd|1\n|\n|upkeep\n|turn|59\n|\n|t:|1782567528\n|move|p1a: Moltres|Flamethrower|p2a: Clefable\n|-damage|p2a: Clefable|7/100\n|move|p2a: Clefable|Moonlight|p2a: Clefable\n|-heal|p2a: Clefable|57/100\n|\n|upkeep\n|turn|60\n|\n|t:|1782567530\n|move|p2a: Clefable|Moonlight|p2a: Clefable\n|-heal|p2a: Clefable|100/100\n|move|p1a: Moltres|Roar|p2a: Clefable\n|drag|p2a: Hydreigon|Hydreigon, M|28/100\n|-damage|p2a: Hydreigon|16/100|[from] Stealth Rock\n|\n|-heal|p2a: Hydreigon|22/100|[from] item: Leftovers\n|upkeep\n|turn|61\n|\n|t:|1782567535\n|move|p2a: Hydreigon|Dark Pulse|p1a: Moltres\n|-damage|p1a: Moltres|60/100\n|move|p1a: Moltres|U-turn|p2a: Hydreigon\n|-supereffective|p2a: Hydreigon\n|-damage|p2a: Hydreigon|0 fnt\n|faint|p2a: Hydreigon\n|\n|t:|1782567538\n|switch|p1a: Gholdengo|Gholdengo|25/100|[from] U-turn\n|\n|upkeep\n|-message|lt124yh xebec forfeited.\n|\n|win|Kvnshasa\n|raw|Kvnshasa's rating: 1769 &rarr; <strong>1794</strong><br />(+25 for winning)\n|raw|lt124yh xebec's rating: 1866 &rarr; <strong>1841</strong><br />(-25 for losing)\n|l|☆lt124yh xebec\n|player|p2|\n|l| jeffbuckleyenjoyer\n|l|☆Kvnshasa\n|player|p1|\n", "uploadtime": 1782567710, "views": 4, "formatid": "gen9ou", "rating": 1794, "private": 0, "password": null}