{"id": "gen9ou-2640029851", "format": "[Gen 9] OU", "players": ["lt124yh xebec", "Pinkacross"], "log": "|badge|p1|silver|gen9ou|30-9\n|html|<div class=\"broadcast-red\"><strong>This battle is required to be public due to one or more player having a season medal.</strong><br />During the public phase, you can discuss the state of the ladder <a href=\"/seasondiscussion\">in a special chatroom.</a></div>\n|uhtml|medal-msg|<div class=\"broadcast-blue\">Curious what those medals under the avatar are? PS now has Ladder Seasons! For more information, check out the <a href=\"https://www.smogon.com/forums/threads/3740067/\">thread on Smogon.</a></div>\n|badge|p2|silver|gen9ou|30-9\n|uhtml|medal-msg|<div class=\"broadcast-blue\">Curious what those medals under the avatar are? PS now has Ladder Seasons! For more information, check out the <a href=\"https://www.smogon.com/forums/threads/3740067/\">thread on Smogon.</a></div>\n|raw|<div class=\"broadcast-blue\"><strong>This battle is required to be public due to a player having a name starting with 'medal'.</div>\n|j|☆lt124yh xebec\n|j|☆Pinkacross\n|t:|1782566655\n|gametype|singles\n|player|p1|lt124yh xebec|266|1888\n|player|p2|Pinkacross|artist|1877\n|gen|9\n|tier|[Gen 9] OU\n|rated|\n|rule|HP Percentage Mod: HP is shown in percentages\n|rule|Endless Battle Clause: Forcing endless battles is banned\n|rule|Species Clause: Limit one of each Pokémon\n|rule|OHKO Clause: OHKO moves are banned\n|rule|Evasion Items Clause: Evasion items are banned\n|rule|Evasion Moves Clause: Evasion moves are banned\n|rule|Evasion Abilities Clause: Evasion abilities are banned\n|rule|Sleep Moves Clause: Sleep-inducing moves are banned\n|clearpoke\n|poke|p1|Zamazenta-*|\n|poke|p1|Hydreigon, M|\n|poke|p1|Blissey, F|\n|poke|p1|Dragapult, F|\n|poke|p1|Gliscor, F|\n|poke|p1|Clefable, M|\n|poke|p2|Rillaboom, F|\n|poke|p2|Dondozo, F|\n|poke|p2|Clodsire, M|\n|poke|p2|Blissey, F|\n|poke|p2|Gholdengo|\n|poke|p2|Cinderace, F|\n|teampreview\n|c|☆Pinkacross|hf\n|c|☆lt124yh xebec|u2\n|inactive|Battle timer is ON: inactive players will automatically lose when time's up. (requested by Pinkacross)\n|c|☆lt124yh xebec|big fan\n|\n|t:|1782566687\n|teamsize|p1|6\n|teamsize|p2|6\n|start\n|switch|p1a: Gliscor|Gliscor, F|100/100\n|switch|p2a: Rillaboom|Rillaboom, F|100/100\n|-fieldstart|move: Grassy Terrain|[from] ability: Grassy Surge|[of] p2a: Rillaboom\n|turn|1\n|j| gilbongoobs\n|j| Garden of Dreams\n|l| gilbongoobs\n|c|☆Pinkacross|ah thanks! :D\n|j| gilbongoobs\n|\n|t:|1782566698\n|switch|p1a: Zamazenta|Zamazenta|100/100\n|-ability|p1a: Zamazenta|Dauntless Shield|boost\n|-boost|p1a: Zamazenta|def|1\n|switch|p2a: Gholdengo|Gholdengo|100/100\n|-enditem|p2a: Gholdengo|Grassy Seed\n|-boost|p2a: Gholdengo|def|1|[from] item: Grassy Seed\n|\n|upkeep\n|turn|2\n|\n|t:|1782566706\n|switch|p1a: Hydreigon|Hydreigon, M|100/100\n|move|p2a: Gholdengo|Nasty Plot|p2a: Gholdengo\n|-boost|p2a: Gholdengo|spa|2\n|\n|upkeep\n|turn|3\n|\n|t:|1782566709\n|-terastallize|p2a: Gholdengo|Fairy\n|move|p1a: Hydreigon|Dark Pulse|p2a: Gholdengo\n|-resisted|p2a: Gholdengo\n|-damage|p2a: Gholdengo|80/100\n|cant|p2a: Gholdengo|flinch\n|\n|-heal|p2a: Gholdengo|86/100|[from] Grassy Terrain\n|upkeep\n|turn|4\n|j| jeffbuckleyenjoyer\n|\n|t:|1782566739\n|switch|p1a: Blissey|Blissey, F|100/100\n|move|p2a: Gholdengo|Dazzling Gleam|p1a: Blissey\n|-damage|p1a: Blissey|65/100\n|\n|-heal|p2a: Gholdengo|93/100|[from] Grassy Terrain\n|-heal|p1a: Blissey|71/100|[from] Grassy Terrain\n|upkeep\n|turn|5\n|\n|t:|1782566743\n|move|p2a: Gholdengo|Nasty Plot|p2a: Gholdengo\n|-boost|p2a: Gholdengo|spa|2\n|move|p1a: Blissey|Stealth Rock|p2a: Gholdengo\n|-sidestart|p2: Pinkacross|move: Stealth Rock\n|\n|-heal|p2a: Gholdengo|99/100|[from] Grassy Terrain\n|-heal|p1a: Blissey|78/100|[from] Grassy Terrain\n|upkeep\n|turn|6\n|\n|t:|1782566746\n|move|p2a: Gholdengo|Dazzling Gleam|p1a: Blissey\n|-damage|p1a: Blissey|24/100\n|move|p1a: Blissey|Soft-Boiled|p1a: Blissey\n|-heal|p1a: Blissey|74/100\n|\n|-heal|p2a: Gholdengo|100/100|[from] Grassy Terrain\n|-heal|p1a: Blissey|80/100|[from] Grassy Terrain\n|upkeep\n|turn|7\n|\n|t:|1782566763\n|move|p2a: Gholdengo|Dazzling Gleam|p1a: Blissey\n|-damage|p1a: Blissey|35/100\n|move|p1a: Blissey|Seismic Toss|p2a: Gholdengo\n|-damage|p2a: Gholdengo|74/100\n|\n|-heal|p2a: Gholdengo|80/100|[from] Grassy Terrain\n|-heal|p1a: Blissey|41/100|[from] Grassy Terrain\n|upkeep\n|turn|8\n|\n|t:|1782566772\n|move|p2a: Gholdengo|Dazzling Gleam|p1a: Blissey\n|-damage|p1a: Blissey|0 fnt\n|faint|p1a: Blissey\n|\n|-heal|p2a: Gholdengo|86/100|[from] Grassy Terrain\n|-fieldend|move: Grassy Terrain\n|upkeep\n|\n|t:|1782566776\n|switch|p1a: Clefable|Clefable, M|100/100\n|turn|9\n|\n|t:|1782566781\n|move|p2a: Gholdengo|Shadow Ball|p1a: Clefable\n|-damage|p1a: Clefable|60/100\n|move|p1a: Clefable|Cosmic Power|p1a: Clefable\n|-boost|p1a: Clefable|def|1\n|-boost|p1a: Clefable|spd|1\n|\n|upkeep\n|turn|10\n|\n|t:|1782566800\n|switch|p2a: Cinderace|Cinderace, F|100/100\n|move|p1a: Clefable|Moonlight|p1a: Clefable\n|-heal|p1a: Clefable|100/100\n|\n|upkeep\n|turn|11\n|\n|t:|1782566810\n|switch|p1a: Zamazenta|Zamazenta|100/100\n|move|p2a: Cinderace|Will-O-Wisp|p1a: Zamazenta\n|-status|p1a: Zamazenta|brn\n|\n|-damage|p1a: Zamazenta|94/100 brn|[from] brn\n|upkeep\n|turn|12\n|\n|t:|1782566815\n|move|p1a: Zamazenta|Iron Defense|p1a: Zamazenta\n|-boost|p1a: Zamazenta|def|2\n|move|p2a: Cinderace|Court Change|p2a: Cinderace\n|-start|p2a: Cinderace|typechange|Normal|[from] ability: Libero\n|-swapsideconditions\n|-activate|p2a: Cinderace|move: Court Change\n|\n|-heal|p1a: Zamazenta|100/100 brn|[from] item: Leftovers\n|-damage|p1a: Zamazenta|94/100 brn|[from] brn\n|upkeep\n|turn|13\n|\n|t:|1782566821\n|switch|p2a: Gholdengo|Gholdengo, tera:Fairy|86/100\n|move|p1a: Zamazenta|Body Press|p2a: Gholdengo\n|-resisted|p2a: Gholdengo\n|-damage|p2a: Gholdengo|67/100\n|\n|-heal|p1a: Zamazenta|100/100 brn|[from] item: Leftovers\n|-damage|p1a: Zamazenta|94/100 brn|[from] brn\n|upkeep\n|turn|14\n|\n|t:|1782566826\n|switch|p1a: Clefable|Clefable, M|100/100\n|move|p2a: Gholdengo|Dazzling Gleam|p1a: Clefable\n|-damage|p1a: Clefable|59/100\n|\n|upkeep\n|turn|15\n|\n|t:|1782566836\n|move|p2a: Gholdengo|Shadow Ball|p1a: Clefable\n|-damage|p1a: Clefable|14/100\n|move|p1a: Clefable|Moonlight|p1a: Clefable\n|-heal|p1a: Clefable|64/100\n|\n|upkeep\n|turn|16\n|\n|t:|1782566858\n|move|p2a: Gholdengo|Dazzling Gleam|p1a: Clefable\n|-damage|p1a: Clefable|19/100\n|move|p1a: Clefable|Moonlight|p1a: Clefable\n|-heal|p1a: Clefable|69/100\n|\n|upkeep\n|turn|17\n|\n|t:|1782566863\n|switch|p1a: Gliscor|Gliscor, F|100/100\n|-damage|p1a: Gliscor|88/100|[from] Stealth Rock\n|move|p2a: Gholdengo|Dazzling Gleam|p1a: Gliscor\n|-damage|p1a: Gliscor|50/100\n|\n|-status|p1a: Gliscor|tox|[from] item: Toxic Orb\n|upkeep\n|turn|18\n|\n|t:|1782566870\n|move|p1a: Gliscor|Earthquake|p2a: Gholdengo\n|-damage|p2a: Gholdengo|38/100\n|move|p2a: Gholdengo|Recover|p2a: Gholdengo\n|-heal|p2a: Gholdengo|88/100\n|\n|-heal|p1a: Gliscor|62/100 tox|[from] ability: Poison Heal\n|upkeep\n|turn|19\n|\n|t:|1782566874\n|move|p1a: Gliscor|Earthquake|p2a: Gholdengo\n|-damage|p2a: Gholdengo|59/100\n|move|p2a: Gholdengo|Nasty Plot|p2a: Gholdengo\n|-boost|p2a: Gholdengo|spa|2\n|\n|-heal|p1a: Gliscor|75/100 tox|[from] ability: Poison Heal\n|upkeep\n|turn|20\n|\n|t:|1782566881\n|move|p1a: Gliscor|Earthquake|p2a: Gholdengo\n|-damage|p2a: Gholdengo|29/100\n|move|p2a: Gholdengo|Dazzling Gleam|p1a: Gliscor\n|-damage|p1a: Gliscor|0 fnt\n|faint|p1a: Gliscor\n|\n|upkeep\n|inactive|lt124yh xebec has 120 seconds left.\n|inactive|lt124yh xebec has 90 seconds left.\n|\n|t:|1782566951\n|switch|p1a: Hydreigon|Hydreigon, M|100/100\n|-damage|p1a: Hydreigon|88/100|[from] Stealth Rock\n|turn|21\n|\n|t:|1782566973\n|switch|p2a: Blissey|Blissey, F|100/100\n|move|p1a: Hydreigon|Earth Power|p2a: Blissey\n|-damage|p2a: Blissey|88/100\n|\n|-heal|p1a: Hydreigon|94/100|[from] item: Leftovers\n|-heal|p2a: Blissey|94/100|[from] item: Leftovers\n|upkeep\n|turn|22\n|j| The Zard-X Fanboy\n|\n|t:|1782566992\n|move|p1a: Hydreigon|Taunt|p2a: Blissey\n|-start|p2a: Blissey|move: Taunt\n|cant|p2a: Blissey|move: Taunt|Calm Mind\n|\n|-heal|p1a: Hydreigon|100/100|[from] item: Leftovers\n|-heal|p2a: Blissey|99/100|[from] item: Leftovers\n|upkeep\n|turn|23\n|inactive|Pinkacross has 120 seconds left.\n|\n|t:|1782567038\n|move|p1a: Hydreigon|Nasty Plot|p1a: Hydreigon\n|-boost|p1a: Hydreigon|spa|2\n|move|p2a: Blissey|Ice Beam|p1a: Hydreigon\n|-supereffective|p1a: Hydreigon\n|-damage|p1a: Hydreigon|65/100\n|\n|-heal|p1a: Hydreigon|71/100|[from] item: Leftovers\n|-heal|p2a: Blissey|100/100|[from] item: Leftovers\n|upkeep\n|turn|24\n|inactive|lt124yh xebec has 90 seconds left.\n|\n|t:|1782567066\n|-terastallize|p1a: Hydreigon|Ghost\n|move|p1a: Hydreigon|Nasty Plot|p1a: Hydreigon\n|-boost|p1a: Hydreigon|spa|2\n|move|p2a: Blissey|Ice Beam|p1a: Hydreigon\n|-damage|p1a: Hydreigon|53/100\n|-status|p1a: Hydreigon|frz\n|\n|-heal|p1a: Hydreigon|59/100 frz|[from] item: Leftovers\n|-end|p2a: Blissey|move: Taunt\n|upkeep\n|turn|25\n|\n|t:|1782567070\n|-curestatus|p1a: Hydreigon|frz|[msg]\n|move|p1a: Hydreigon|Dark Pulse|p2a: Blissey\n|-damage|p2a: Blissey|49/100\n|move|p2a: Blissey|Calm Mind|p2a: Blissey\n|-boost|p2a: Blissey|spa|1\n|-boost|p2a: Blissey|spd|1\n|\n|-heal|p1a: Hydreigon|66/100|[from] item: Leftovers\n|-heal|p2a: Blissey|55/100|[from] item: Leftovers\n|upkeep\n|turn|26\n|\n|t:|1782567078\n|move|p1a: Hydreigon|Dark Pulse|p2a: Blissey\n|-damage|p2a: Blissey|21/100\n|move|p2a: Blissey|Ice Beam|p1a: Hydreigon\n|-damage|p1a: Hydreigon|38/100\n|-status|p1a: Hydreigon|frz\n|\n|-heal|p1a: Hydreigon|44/100 frz|[from] item: Leftovers\n|-heal|p2a: Blissey|27/100|[from] item: Leftovers\n|upkeep\n|turn|27\n|\n|t:|1782567081\n|cant|p1a: Hydreigon|frz\n|move|p2a: Blissey|Soft-Boiled|p2a: Blissey\n|-heal|p2a: Blissey|77/100\n|\n|-heal|p1a: Hydreigon|50/100 frz|[from] item: Leftovers\n|-heal|p2a: Blissey|83/100|[from] item: Leftovers\n|upkeep\n|turn|28\n|\n|t:|1782567083\n|cant|p1a: Hydreigon|frz\n|move|p2a: Blissey|Calm Mind|p2a: Blissey\n|-boost|p2a: Blissey|spa|1\n|-boost|p2a: Blissey|spd|1\n|\n|-heal|p1a: Hydreigon|56/100 frz|[from] item: Leftovers\n|-heal|p2a: Blissey|89/100|[from] item: Leftovers\n|upkeep\n|turn|29\n|\n|t:|1782567087\n|cant|p1a: Hydreigon|frz\n|move|p2a: Blissey|Ice Beam|p1a: Hydreigon\n|-damage|p1a: Hydreigon|16/100 frz\n|\n|-heal|p1a: Hydreigon|22/100 frz|[from] item: Leftovers\n|-heal|p2a: Blissey|96/100|[from] item: Leftovers\n|upkeep\n|turn|30\n|\n|t:|1782567089\n|cant|p1a: Hydreigon|frz\n|move|p2a: Blissey|Ice Beam|p1a: Hydreigon\n|-damage|p1a: Hydreigon|0 fnt\n|faint|p1a: Hydreigon\n|\n|-heal|p2a: Blissey|100/100|[from] item: Leftovers\n|upkeep\n|-message|lt124yh xebec forfeited.\n|\n|win|Pinkacross\n|raw|lt124yh xebec's rating: 1888 &rarr; <strong>1866</strong><br />(-22 for losing)\n|raw|Pinkacross's rating: 1857 &rarr; <strong>1879</strong><br />(+22 for winning)\n|l|☆lt124yh xebec\n|player|p1|\n|l| Garden of Dreams\n|l| gilbongoobs\n|c|☆Pinkacross|gg\n|l| jeffbuckleyenjoyer\n", "uploadtime": 1782567206, "views": 5, "formatid": "gen9ou", "rating": 1866, "private": 0, "password": null}