{"id": "gen9ou-2639293951", "format": "[Gen 9] OU", "players": ["321godspeed", "TheCollageDropout"], "log": "|j|☆321godspeed\n|j|☆TheCollageDropout\n|t:|1782447474\n|gametype|singles\n|player|p1|321godspeed|170|1419\n|player|p2|TheCollageDropout|2|1530\n|gen|9\n|tier|[Gen 9] OU\n|rated|\n|rule|HP Percentage Mod: HP is shown in percentages\n|rule|Endless Battle Clause: Forcing endless battles is banned\n|rule|Species Clause: Limit one of each Pokémon\n|rule|OHKO Clause: OHKO moves are banned\n|rule|Evasion Items Clause: Evasion items are banned\n|rule|Evasion Moves Clause: Evasion moves are banned\n|rule|Evasion Abilities Clause: Evasion abilities are banned\n|rule|Sleep Moves Clause: Sleep-inducing moves are banned\n|clearpoke\n|poke|p1|Ninetales-Alola, M|\n|poke|p1|Gliscor, F|\n|poke|p1|Iron Moth|\n|poke|p1|Scizor, F|\n|poke|p1|Darkrai|\n|poke|p1|Zamazenta-*|\n|poke|p2|Gholdengo|\n|poke|p2|Garganacl, M|\n|poke|p2|Volcanion|\n|poke|p2|Great Tusk|\n|poke|p2|Zapdos|\n|poke|p2|Meowscarada, F|\n|teampreview\n|inactive|Battle timer is ON: inactive players will automatically lose when time's up. (requested by TheCollageDropout)\n|\n|t:|1782447494\n|teamsize|p1|6\n|teamsize|p2|6\n|start\n|switch|p1a: Ninetales|Ninetales-Alola, M|100/100\n|switch|p2a: Volcanion|Volcanion|100/100\n|-weather|Snowscape|[from] ability: Snow Warning|[of] p1a: Ninetales\n|turn|1\n|\n|t:|1782447501\n|move|p1a: Ninetales|Aurora Veil|p1a: Ninetales\n|-sidestart|p1: 321godspeed|move: Aurora Veil\n|move|p2a: Volcanion|Flamethrower|p1a: Ninetales\n|-supereffective|p1a: Ninetales\n|-damage|p1a: Ninetales|56/100\n|\n|-weather|Snowscape|[upkeep]\n|upkeep\n|turn|2\n|\n|t:|1782447530\n|move|p1a: Ninetales|Encore|p2a: Volcanion\n|-start|p2a: Volcanion|Encore\n|move|p2a: Volcanion|Flamethrower|p1a: Ninetales\n|-supereffective|p1a: Ninetales\n|-damage|p1a: Ninetales|8/100\n|\n|-weather|Snowscape|[upkeep]\n|upkeep\n|turn|3\n|\n|t:|1782447537\n|switch|p1a: Iron Moth|Iron Moth|100/100\n|-enditem|p1a: Iron Moth|Booster Energy\n|-activate|p1a: Iron Moth|ability: Quark Drive|[fromitem]\n|-start|p1a: Iron Moth|quarkdrivespa\n|switch|p2a: Meowscarada|Meowscarada, F|100/100\n|\n|-weather|Snowscape|[upkeep]\n|upkeep\n|turn|4\n|\n|t:|1782447552\n|move|p2a: Meowscarada|U-turn|p1a: Iron Moth\n|-start|p2a: Meowscarada|typechange|Bug|[from] ability: Protean\n|-resisted|p1a: Iron Moth\n|-damage|p1a: Iron Moth|90/100\n|\n|t:|1782447559\n|switch|p2a: Garganacl|Garganacl, M|100/100|[from] U-turn\n|move|p1a: Iron Moth|Agility|p1a: Iron Moth\n|-boost|p1a: Iron Moth|spe|2\n|\n|-weather|Snowscape|[upkeep]\n|upkeep\n|turn|5\n|inactive|321godspeed has 120 seconds left.\n|\n|t:|1782447596\n|-end|p1a: Iron Moth|Quark Drive|[silent]\n|switch|p1a: Scizor|Scizor, F|100/100\n|move|p2a: Garganacl|Protect||[still]\n|-fail|p2a: Garganacl\n|\n|-weather|none\n|upkeep\n|turn|6\n|inactive|321godspeed has 120 seconds left.\n|\n|t:|1782447612\n|move|p1a: Scizor|Knock Off|p2a: Garganacl\n|-damage|p2a: Garganacl|62/100\n|-enditem|p2a: Garganacl|Leftovers|[from] move: Knock Off|[of] p1a: Scizor\n|move|p2a: Garganacl|Salt Cure|p1a: Scizor\n|-damage|p1a: Scizor|94/100\n|-start|p1a: Scizor|Salt Cure\n|\n|-damage|p1a: Scizor|69/100|[from] Salt Cure\n|upkeep\n|turn|7\n|\n|t:|1782447626\n|switch|p1a: Ninetales|Ninetales-Alola, M|8/100\n|-weather|Snowscape|[from] ability: Snow Warning|[of] p1a: Ninetales\n|move|p2a: Garganacl|Stealth Rock|p1a: Ninetales\n|-sidestart|p1: 321godspeed|move: Stealth Rock\n|\n|-weather|Snowscape|[upkeep]\n|upkeep\n|turn|8\n|\n|t:|1782447632\n|move|p1a: Ninetales|Encore|p2a: Garganacl\n|-start|p2a: Garganacl|Encore\n|move|p2a: Garganacl|Stealth Rock||[still]\n|-fail|p2a: Garganacl\n|\n|-weather|Snowscape|[upkeep]\n|-sideend|p1: 321godspeed|move: Aurora Veil\n|upkeep\n|turn|9\n|\n|t:|1782447643\n|switch|p1a: BAN THIS MF|Gliscor, F, shiny|100/100\n|-damage|p1a: BAN THIS MF|88/100|[from] Stealth Rock\n|switch|p2a: Volcanion|Volcanion|100/100\n|\n|-weather|Snowscape|[upkeep]\n|-status|p1a: BAN THIS MF|tox|[from] item: Toxic Orb\n|upkeep\n|turn|10\n|inactive|321godspeed has 120 seconds left.\n|\n|t:|1782447662\n|move|p1a: BAN THIS MF|Earthquake|p2a: Volcanion\n|-supereffective|p2a: Volcanion\n|-damage|p2a: Volcanion|27/100\n|move|p2a: Volcanion|Steam Eruption|p1a: BAN THIS MF\n|-supereffective|p1a: BAN THIS MF\n|-damage|p1a: BAN THIS MF|0 fnt\n|faint|p1a: BAN THIS MF\n|\n|-weather|Snowscape|[upkeep]\n|upkeep\n|inactive|321godspeed has 120 seconds left.\n|\n|t:|1782447672\n|switch|p1a: Ninetales|Ninetales-Alola, M|8/100\n|-damage|p1a: Ninetales|0 fnt|[from] Stealth Rock\n|faint|p1a: Ninetales\n|\n|t:|1782447680\n|switch|p1a: Darkrai|Darkrai|100/100\n|-damage|p1a: Darkrai|88/100|[from] Stealth Rock\n|turn|11\n|\n|t:|1782447701\n|move|p1a: Darkrai|Sludge Bomb|p2a: Volcanion\n|-damage|p2a: Volcanion|0 fnt\n|faint|p2a: Volcanion\n|\n|-weather|none\n|upkeep\n|\n|t:|1782447714\n|switch|p2a: Gholdengo|Gholdengo|100/100\n|turn|12\n|\n|t:|1782447718\n|move|p2a: Gholdengo|Make It Rain|p1a: Darkrai\n|-damage|p1a: Darkrai|0 fnt\n|-unboost|p2a: Gholdengo|spa|1\n|faint|p1a: Darkrai\n|\n|upkeep\n|inactive|321godspeed has 120 seconds left.\n|\n|t:|1782447745\n|switch|p1a: Iron Moth|Iron Moth|90/100\n|-damage|p1a: Iron Moth|65/100|[from] Stealth Rock\n|turn|13\n|inactive|TheCollageDropout has 120 seconds left.\n|\n|t:|1782447780\n|switch|p2a: Great Tusk|Great Tusk|100/100\n|move|p1a: Iron Moth|Fiery Dance|p2a: Great Tusk\n|-damage|p2a: Great Tusk|26/100\n|-boost|p1a: Iron Moth|spa|1\n|\n|upkeep\n|turn|14\n|\n|t:|1782447785\n|move|p1a: Iron Moth|Fiery Dance|p2a: Great Tusk\n|-crit|p2a: Great Tusk\n|-damage|p2a: Great Tusk|0 fnt\n|faint|p2a: Great Tusk\n|-end|p2a: Great Tusk|Protosynthesis|[silent]\n|\n|upkeep\n|\n|t:|1782447790\n|switch|p2a: Meowscarada|Meowscarada, F|100/100\n|turn|15\n|\n|t:|1782447798\n|move|p2a: Meowscarada|Knock Off|p1a: Iron Moth\n|-start|p2a: Meowscarada|typechange|Dark|[from] ability: Protean\n|-damage|p1a: Iron Moth|0 fnt\n|faint|p1a: Iron Moth\n|-end|p1a: Iron Moth|Quark Drive|[silent]\n|\n|upkeep\n|\n|t:|1782447825\n|switch|p1a: Scizor|Scizor, F|69/100\n|-damage|p1a: Scizor|56/100|[from] Stealth Rock\n|turn|16\n|\n|t:|1782447837\n|move|p1a: Scizor|Bullet Punch|p2a: Meowscarada\n|-damage|p2a: Meowscarada|27/100\n|move|p2a: Meowscarada|Knock Off|p1a: Scizor\n|-damage|p1a: Scizor|0 fnt\n|-enditem|p1a: Scizor|Choice Band|[from] move: Knock Off|[of] p2a: Meowscarada\n|faint|p1a: Scizor\n|\n|upkeep\n|\n|t:|1782447841\n|switch|p1a: Zamazenta|Zamazenta|100/100\n|-damage|p1a: Zamazenta|94/100|[from] Stealth Rock\n|-ability|p1a: Zamazenta|Dauntless Shield|boost\n|-boost|p1a: Zamazenta|def|1\n|turn|17\n|\n|t:|1782447847\n|-terastallize|p1a: Zamazenta|Fighting\n|move|p1a: Zamazenta|Iron Defense|p1a: Zamazenta\n|-boost|p1a: Zamazenta|def|2\n|move|p2a: Meowscarada|Knock Off|p1a: Zamazenta\n|-resisted|p1a: Zamazenta\n|-damage|p1a: Zamazenta|85/100\n|-enditem|p1a: Zamazenta|Leftovers|[from] move: Knock Off|[of] p2a: Meowscarada\n|\n|upkeep\n|turn|18\n|\n|t:|1782447854\n|switch|p2a: Gholdengo|Gholdengo|100/100\n|move|p1a: Zamazenta|Iron Defense|p1a: Zamazenta\n|-boost|p1a: Zamazenta|def|2\n|\n|upkeep\n|turn|19\n|\n|t:|1782447863\n|move|p2a: Gholdengo|Make It Rain|p1a: Zamazenta\n|-damage|p1a: Zamazenta|32/100\n|-unboost|p2a: Gholdengo|spa|1\n|move|p1a: Zamazenta|Crunch|p2a: Gholdengo\n|-supereffective|p2a: Gholdengo\n|-damage|p2a: Gholdengo|52/100\n|-unboost|p2a: Gholdengo|def|1\n|\n|upkeep\n|turn|20\n|\n|t:|1782447868\n|move|p2a: Gholdengo|Make It Rain|p1a: Zamazenta\n|-damage|p1a: Zamazenta|0 fnt\n|-unboost|p2a: Gholdengo|spa|1\n|faint|p1a: Zamazenta\n|\n|win|TheCollageDropout\n|raw|321godspeed's rating: 1419 &rarr; <strong>1405</strong><br />(-14 for losing)\n|raw|TheCollageDropout's rating: 1530 &rarr; <strong>1544</strong><br />(+14 for winning)\n", "uploadtime": 1782447869, "views": 5, "formatid": "gen9ou", "rating": 1405, "private": 0, "password": null}