{"id": "gen9ou-2540755738", "format": "[Gen 9] OU", "players": ["Mr Tpen", "Jackesh-7T2"], "log": "|j|☆Mr Tpen\n|j|☆Jackesh-7T2\n|t:|1771250297\n|gametype|singles\n|player|p1|Mr Tpen|101|1810\n|player|p2|Jackesh-7T2|170|1715\n|gen|9\n|tier|[Gen 9] OU\n|rated|\n|rule|HP Percentage Mod: HP is shown in percentages\n|rule|Endless Battle Clause: Forcing endless battles is banned\n|rule|Species Clause: Limit one of each Pokémon\n|rule|OHKO Clause: OHKO moves are banned\n|rule|Evasion Items Clause: Evasion items are banned\n|rule|Evasion Moves Clause: Evasion moves are banned\n|rule|Evasion Abilities Clause: Evasion abilities are banned\n|rule|Sleep Moves Clause: Sleep-inducing moves are banned\n|clearpoke\n|poke|p1|Enamorus, F|\n|poke|p1|Kyurem|\n|poke|p1|Landorus-Therian, M|\n|poke|p1|Kingambit, F|\n|poke|p1|Ogerpon-Wellspring, F|\n|poke|p1|Glimmora, F|\n|poke|p2|Kyurem|\n|poke|p2|Raging Bolt|\n|poke|p2|Torkoal, M|\n|poke|p2|Walking Wake|\n|poke|p2|Corviknight, M|\n|poke|p2|Ting-Lu|\n|teampreview\n|inactive|Battle timer is ON: inactive players will automatically lose when time's up. (requested by Mr Tpen)\n|\n|t:|1771250303\n|teamsize|p1|6\n|teamsize|p2|6\n|start\n|switch|p1a: Ogerpon|Ogerpon-Wellspring, F|100/100\n|switch|p2a: Kyurem|Kyurem|100/100\n|-ability|p2a: Kyurem|Pressure\n|turn|1\n|\n|t:|1771250306\n|move|p1a: Ogerpon|U-turn|p2a: Kyurem\n|-damage|p2a: Kyurem|75/100\n|\n|t:|1771250309\n|switch|p1a: Kingambit|Kingambit, F|100/100|[from] U-turn\n|-item|p1a: Kingambit|Air Balloon\n|move|p2a: Kyurem|Freeze-Dry|p1a: Kingambit\n|-resisted|p1a: Kingambit\n|-damage|p1a: Kingambit|81/100\n|-status|p1a: Kingambit|frz\n|-enditem|p1a: Kingambit|Air Balloon\n|\n|upkeep\n|turn|2\n|\n|t:|1771250311\n|move|p2a: Kyurem|Focus Blast|p1a: Kingambit\n|-supereffective|p1a: Kingambit\n|-damage|p1a: Kingambit|0 fnt\n|faint|p1a: Kingambit\n|-end|p1a: Kingambit|fallenundefined|[silent]\n|\n|upkeep\n|\n|t:|1771250316\n|switch|p1a: Ogerpon|Ogerpon-Wellspring, F|100/100\n|turn|3\n|\n|t:|1771250319\n|switch|p2a: Torkoal|Torkoal, M|100/100\n|-weather|SunnyDay|[from] ability: Drought|[of] p2a: Torkoal\n|-terastallize|p1a: Ogerpon|Water\n|detailschange|p1a: Ogerpon|Ogerpon-Wellspring-Tera, F, tera:Water\n|-ability|p1a: Ogerpon|Embody Aspect (Wellspring)|boost\n|-boost|p1a: Ogerpon|spd|1\n|move|p1a: Ogerpon|Knock Off|p2a: Torkoal\n|-damage|p2a: Torkoal|71/100\n|-enditem|p2a: Torkoal|Heat Rock|[from] move: Knock Off|[of] p1a: Ogerpon\n|\n|-weather|SunnyDay|[upkeep]\n|upkeep\n|turn|4\n|j| blackccat\n|\n|t:|1771250329\n|move|p1a: Ogerpon|Taunt|p2a: Torkoal\n|-start|p2a: Torkoal|move: Taunt\n|cant|p2a: Torkoal|move: Taunt|Stealth Rock\n|\n|-weather|SunnyDay|[upkeep]\n|upkeep\n|turn|5\n|\n|t:|1771250337\n|switch|p2a: Raging Bolt|Raging Bolt|100/100\n|-activate|p2a: Raging Bolt|ability: Protosynthesis\n|-start|p2a: Raging Bolt|protosynthesisspa\n|move|p1a: Ogerpon|Knock Off|p2a: Raging Bolt\n|-damage|p2a: Raging Bolt|68/100\n|-enditem|p2a: Raging Bolt|Assault Vest|[from] move: Knock Off|[of] p1a: Ogerpon\n|\n|-weather|SunnyDay|[upkeep]\n|upkeep\n|turn|6\n|l| blackccat\n|\n|t:|1771250343\n|move|p1a: Ogerpon|U-turn|p2a: Raging Bolt\n|-damage|p2a: Raging Bolt|46/100\n|\n|t:|1771250345\n|switch|p1a: Glimmora|Glimmora, F|100/100|[from] U-turn\n|move|p2a: Raging Bolt|Dragon Pulse|p1a: Glimmora\n|-damage|p1a: Glimmora|26/100\n|-enditem|p1a: Glimmora|Red Card|[of] p2a: Raging Bolt\n|-end|p2a: Raging Bolt|Protosynthesis|[silent]\n|drag|p2a: Walking Wake|Walking Wake|100/100\n|-activate|p2a: Walking Wake|ability: Protosynthesis\n|-start|p2a: Walking Wake|protosynthesisspa\n|\n|-weather|SunnyDay|[upkeep]\n|upkeep\n|turn|7\n|\n|t:|1771250356\n|move|p2a: Walking Wake|Draco Meteor|p1a: Glimmora\n|-damage|p1a: Glimmora|0 fnt\n|-unboost|p2a: Walking Wake|spa|2\n|faint|p1a: Glimmora\n|\n|-weather|SunnyDay|[upkeep]\n|upkeep\n|\n|t:|1771250358\n|switch|p1a: Enamorus|Enamorus, F|100/100\n|turn|8\n|\n|t:|1771250374\n|-end|p2a: Walking Wake|Protosynthesis|[silent]\n|switch|p2a: Raging Bolt|Raging Bolt|46/100\n|-activate|p2a: Raging Bolt|ability: Protosynthesis\n|-start|p2a: Raging Bolt|protosynthesisspa\n|move|p1a: Enamorus|Superpower|p2a: Raging Bolt\n|-damage|p2a: Raging Bolt|22/100\n|-boost|p1a: Enamorus|atk|1\n|-boost|p1a: Enamorus|def|1\n|\n|-weather|SunnyDay|[upkeep]\n|upkeep\n|turn|9\n|\n|t:|1771250381\n|switch|p1a: Landorus|Landorus-Therian, M|100/100\n|-ability|p1a: Landorus|Intimidate|boost\n|-unboost|p2a: Raging Bolt|atk|1\n|move|p2a: Raging Bolt|Volt Switch|p1a: Landorus\n|-immune|p1a: Landorus\n|\n|-weather|SunnyDay|[upkeep]\n|upkeep\n|turn|10\n|\n|t:|1771250390\n|-end|p2a: Raging Bolt|Protosynthesis|[silent]\n|switch|p2a: Corviknight|Corviknight, M|100/100\n|-ability|p2a: Corviknight|Pressure\n|move|p1a: Landorus|Earthquake|p2a: Corviknight\n|-immune|p2a: Corviknight\n|\n|-weather|none\n|upkeep\n|turn|11\n|\n|t:|1771250394\n|move|p1a: Landorus|Stealth Rock|p2a: Corviknight\n|-sidestart|p2: Jackesh-7T2|move: Stealth Rock\n|move|p2a: Corviknight|Bulk Up|p2a: Corviknight\n|-boost|p2a: Corviknight|atk|1\n|-boost|p2a: Corviknight|def|1\n|\n|upkeep\n|turn|12\n|\n|t:|1771250396\n|move|p1a: Landorus|Taunt|p2a: Corviknight\n|-start|p2a: Corviknight|move: Taunt\n|cant|p2a: Corviknight|move: Taunt|Defog\n|\n|upkeep\n|turn|13\n|\n|t:|1771250398\n|move|p1a: Landorus|Smack Down|p2a: Corviknight\n|-damage|p2a: Corviknight|92/100\n|-start|p2a: Corviknight|Smack Down\n|move|p2a: Corviknight|Brave Bird|p1a: Landorus\n|-damage|p1a: Landorus|44/100\n|-damage|p2a: Corviknight|76/100|[from] item: Rocky Helmet|[of] p1a: Landorus\n|-damage|p2a: Corviknight|58/100|[from] Recoil\n|\n|upkeep\n|turn|14\n|\n|t:|1771250413\n|switch|p2a: Ting-Lu|Ting-Lu|100/100\n|-damage|p2a: Ting-Lu|94/100|[from] Stealth Rock\n|-ability|p2a: Ting-Lu|Vessel of Ruin\n|move|p1a: Landorus|Earthquake|p2a: Ting-Lu\n|-damage|p2a: Ting-Lu|66/100\n|\n|upkeep\n|turn|15\n|\n|t:|1771250429\n|move|p1a: Landorus|Taunt|p2a: Ting-Lu\n|-start|p2a: Ting-Lu|move: Taunt\n|move|p2a: Ting-Lu|Stone Edge|p1a: Landorus\n|-damage|p1a: Landorus|0 fnt\n|faint|p1a: Landorus\n|\n|upkeep\n|\n|t:|1771250433\n|switch|p1a: Ogerpon|Ogerpon-Wellspring-Tera, F, tera:Water|100/100\n|-ability|p1a: Ogerpon|Embody Aspect (Wellspring)|boost\n|-boost|p1a: Ogerpon|spd|1\n|turn|16\n|\n|t:|1771250436\n|switch|p2a: Torkoal|Torkoal, M|71/100\n|-damage|p2a: Torkoal|46/100|[from] Stealth Rock\n|-weather|SunnyDay|[from] ability: Drought|[of] p2a: Torkoal\n|move|p1a: Ogerpon|Ivy Cudgel|p2a: Torkoal|[anim] Ivy Cudgel Water\n|-supereffective|p2a: Torkoal\n|-damage|p2a: Torkoal|0 fnt\n|faint|p2a: Torkoal\n|\n|-weather|SunnyDay|[upkeep]\n|upkeep\n|\n|t:|1771250447\n|switch|p2a: Kyurem|Kyurem|75/100\n|-damage|p2a: Kyurem|50/100|[from] Stealth Rock\n|-ability|p2a: Kyurem|Pressure\n|turn|17\n|\n|t:|1771250449\n|move|p1a: Ogerpon|Knock Off|p2a: Kyurem\n|-damage|p2a: Kyurem|14/100\n|-enditem|p2a: Kyurem|Expert Belt|[from] move: Knock Off|[of] p1a: Ogerpon\n|move|p2a: Kyurem|Freeze-Dry|p1a: Ogerpon\n|-supereffective|p1a: Ogerpon\n|-damage|p1a: Ogerpon|46/100\n|\n|-weather|SunnyDay|[upkeep]\n|upkeep\n|turn|18\n|\n|t:|1771250454\n|move|p1a: Ogerpon|Knock Off|p2a: Kyurem\n|-damage|p2a: Kyurem|0 fnt\n|faint|p2a: Kyurem\n|\n|-weather|SunnyDay|[upkeep]\n|upkeep\n|\n|t:|1771250458\n|switch|p2a: Walking Wake|Walking Wake|100/100\n|-damage|p2a: Walking Wake|88/100|[from] Stealth Rock\n|-activate|p2a: Walking Wake|ability: Protosynthesis\n|-start|p2a: Walking Wake|protosynthesisspa\n|turn|19\n|\n|t:|1771250463\n|move|p2a: Walking Wake|Draco Meteor|p1a: Ogerpon\n|-damage|p1a: Ogerpon|0 fnt\n|-unboost|p2a: Walking Wake|spa|2\n|faint|p1a: Ogerpon\n|detailschange|p1: Ogerpon|Ogerpon-Wellspring, F|[silent]\n|\n|-weather|SunnyDay|[upkeep]\n|upkeep\n|\n|t:|1771250465\n|switch|p1a: Enamorus|Enamorus, F|100/100\n|turn|20\n|j| aarer\n|\n|t:|1771250494\n|-end|p2a: Walking Wake|Protosynthesis|[silent]\n|switch|p2a: Raging Bolt|Raging Bolt|22/100\n|-damage|p2a: Raging Bolt|10/100|[from] Stealth Rock\n|-activate|p2a: Raging Bolt|ability: Protosynthesis\n|-start|p2a: Raging Bolt|protosynthesisspa\n|move|p1a: Enamorus|Superpower|p2a: Raging Bolt\n|-damage|p2a: Raging Bolt|0 fnt\n|-boost|p1a: Enamorus|atk|1\n|-boost|p1a: Enamorus|def|1\n|faint|p2a: Raging Bolt\n|-end|p2a: Raging Bolt|Protosynthesis|[silent]\n|\n|-weather|none\n|upkeep\n|\n|t:|1771250496\n|switch|p2a: Ting-Lu|Ting-Lu|66/100\n|-damage|p2a: Ting-Lu|60/100|[from] Stealth Rock\n|-ability|p2a: Ting-Lu|Vessel of Ruin\n|turn|21\n|\n|t:|1771250502\n|-terastallize|p2a: Ting-Lu|Ground\n|move|p1a: Enamorus|Superpower|p2a: Ting-Lu\n|-crit|p2a: Ting-Lu\n|-damage|p2a: Ting-Lu|23/100\n|-boost|p1a: Enamorus|atk|1\n|-boost|p1a: Enamorus|def|1\n|move|p2a: Ting-Lu|Heavy Slam|p1a: Enamorus\n|-supereffective|p1a: Enamorus\n|-damage|p1a: Enamorus|0 fnt\n|faint|p1a: Enamorus\n|\n|upkeep\n|\n|t:|1771250504\n|switch|p1a: Kyurem|Kyurem|100/100\n|-ability|p1a: Kyurem|Pressure\n|turn|22\n|\n|t:|1771250506\n|move|p1a: Kyurem|Freeze-Dry|p2a: Ting-Lu\n|-supereffective|p2a: Ting-Lu\n|-damage|p2a: Ting-Lu|0 fnt\n|faint|p2a: Ting-Lu\n|\n|upkeep\n|\n|t:|1771250509\n|switch|p2a: Walking Wake|Walking Wake|88/100\n|-damage|p2a: Walking Wake|76/100|[from] Stealth Rock\n|turn|23\n|\n|t:|1771250512\n|move|p2a: Walking Wake|Draco Meteor|p1a: Kyurem\n|-supereffective|p1a: Kyurem\n|-damage|p1a: Kyurem|0 fnt\n|-unboost|p2a: Walking Wake|spa|2\n|faint|p1a: Kyurem\n|\n|win|Jackesh-7T2\n|raw|Mr Tpen's rating: 1810 &rarr; <strong>1785</strong><br />(-25 for losing)\n|raw|Jackesh-7T2's rating: 1715 &rarr; <strong>1740</strong><br />(+25 for winning)\n|l|☆Mr Tpen\n|player|p1|\n", "uploadtime": 1771250526, "views": 7, "formatid": "gen9ou", "rating": 1740, "private": 0, "password": null}