{"id": "gen9ou-2540836700", "format": "[Gen 9] OU", "players": ["monkeoogaboog2", "LucyLikePizza"], "log": "|j|☆monkeoogaboog2\n|j|☆LucyLikePizza\n|t:|1771259101\n|gametype|singles\n|player|p1|monkeoogaboog2|101|1685\n|player|p2|LucyLikePizza|169|1723\n|gen|9\n|tier|[Gen 9] OU\n|rated|\n|rule|HP Percentage Mod: HP is shown in percentages\n|rule|Endless Battle Clause: Forcing endless battles is banned\n|rule|Species Clause: Limit one of each Pokémon\n|rule|OHKO Clause: OHKO moves are banned\n|rule|Evasion Items Clause: Evasion items are banned\n|rule|Evasion Moves Clause: Evasion moves are banned\n|rule|Evasion Abilities Clause: Evasion abilities are banned\n|rule|Sleep Moves Clause: Sleep-inducing moves are banned\n|clearpoke\n|poke|p1|Ogerpon-Wellspring, F|\n|poke|p1|Gholdengo|\n|poke|p1|Dragonite, F|\n|poke|p1|Great Tusk|\n|poke|p1|Clefable, F|\n|poke|p1|Ting-Lu|\n|poke|p2|Dragonite, F|\n|poke|p2|Cinderace, F|\n|poke|p2|Hatterene, F|\n|poke|p2|Great Tusk|\n|poke|p2|Darkrai|\n|poke|p2|Zamazenta-*|\n|teampreview\n|inactive|Battle timer is ON: inactive players will automatically lose when time's up. (requested by LucyLikePizza)\n|\n|t:|1771259114\n|teamsize|p1|6\n|teamsize|p2|6\n|start\n|switch|p1a: Great Tusk|Great Tusk|100/100\n|switch|p2a: Cinderace|Cinderace, F|100/100\n|turn|1\n|\n|t:|1771259118\n|move|p2a: Cinderace|U-turn|p1a: Great Tusk\n|-start|p2a: Cinderace|typechange|Bug|[from] ability: Libero\n|-resisted|p1a: Great Tusk\n|-damage|p1a: Great Tusk|92/100\n|-damage|p2a: Cinderace|84/100|[from] item: Rocky Helmet|[of] p1a: Great Tusk\n|\n|t:|1771259119\n|switch|p2a: Hatterene|Hatterene, F|100/100|[from] U-turn\n|move|p1a: Great Tusk|Headlong Rush|p2a: Hatterene\n|-damage|p2a: Hatterene|61/100\n|-unboost|p1a: Great Tusk|def|1\n|-unboost|p1a: Great Tusk|spd|1\n|-damage|p1a: Great Tusk|76/100|[from] item: Rocky Helmet|[of] p2a: Hatterene\n|\n|upkeep\n|turn|2\n|\n|t:|1771259126\n|-end|p1a: Great Tusk|Protosynthesis|[silent]\n|switch|p1a: Gholdengo|Gholdengo|100/100\n|-item|p1a: Gholdengo|Air Balloon\n|move|p2a: Hatterene|Mystical Fire|p1a: Gholdengo\n|-supereffective|p1a: Gholdengo\n|-damage|p1a: Gholdengo|51/100\n|-unboost|p1a: Gholdengo|spa|1\n|-enditem|p1a: Gholdengo|Air Balloon\n|\n|upkeep\n|turn|3\n|\n|t:|1771259133\n|switch|p1a: Great Tusk|Great Tusk|76/100\n|switch|p2a: Cinderace|Cinderace, F|84/100\n|\n|upkeep\n|turn|4\n|\n|t:|1771259138\n|switch|p2a: Hatterene|Hatterene, F|61/100\n|move|p1a: Great Tusk|Knock Off|p2a: Hatterene\n|-damage|p2a: Hatterene|39/100\n|-damage|p1a: Great Tusk|59/100|[from] item: Rocky Helmet|[of] p2a: Hatterene\n|-enditem|p2a: Hatterene|Rocky Helmet|[from] move: Knock Off|[of] p1a: Great Tusk\n|\n|upkeep\n|turn|5\n|\n|t:|1771259143\n|move|p1a: Great Tusk|Headlong Rush|p2a: Hatterene\n|-damage|p2a: Hatterene|0 fnt\n|-unboost|p1a: Great Tusk|def|1\n|-unboost|p1a: Great Tusk|spd|1\n|faint|p2a: Hatterene\n|\n|upkeep\n|\n|t:|1771259151\n|switch|p2a: Great Tusk|Great Tusk|100/100\n|turn|6\n|\n|t:|1771259156\n|-end|p1a: Great Tusk|Protosynthesis|[silent]\n|switch|p1a: Clefable|Clefable, F|100/100\n|move|p2a: Great Tusk|Headlong Rush|p1a: Clefable\n|-damage|p1a: Clefable|52/100\n|-unboost|p2a: Great Tusk|def|1\n|-unboost|p2a: Great Tusk|spd|1\n|-enditem|p2a: Great Tusk|Eject Pack\n|\n|t:|1771259161\n|-end|p2a: Great Tusk|Protosynthesis|[silent]\n|switch|p2a: Darkrai|Darkrai|100/100\n|\n|-heal|p1a: Clefable|58/100|[from] item: Leftovers\n|upkeep\n|turn|7\n|\n|t:|1771259173\n|switch|p1a: Ting-Lu|Ting-Lu|100/100\n|-ability|p1a: Ting-Lu|Vessel of Ruin\n|move|p2a: Darkrai|Sludge Bomb|p1a: Ting-Lu\n|-resisted|p1a: Ting-Lu\n|-damage|p1a: Ting-Lu|94/100\n|-status|p1a: Ting-Lu|psn\n|\n|-heal|p1a: Ting-Lu|100/100 psn|[from] item: Leftovers\n|-damage|p1a: Ting-Lu|88/100 psn|[from] psn\n|upkeep\n|turn|8\n|\n|t:|1771259182\n|switch|p2a: Great Tusk|Great Tusk|100/100\n|move|p1a: Ting-Lu|Spikes|p2a: Great Tusk\n|-sidestart|p2: LucyLikePizza|Spikes\n|\n|-heal|p1a: Ting-Lu|94/100 psn|[from] item: Leftovers\n|-damage|p1a: Ting-Lu|82/100 psn|[from] psn\n|upkeep\n|turn|9\n|\n|t:|1771259192\n|switch|p1a: Ogerpon|Ogerpon-Wellspring, F|100/100\n|move|p2a: Great Tusk|Close Combat|p1a: Ogerpon\n|-damage|p1a: Ogerpon|12/100\n|-unboost|p2a: Great Tusk|def|1\n|-unboost|p2a: Great Tusk|spd|1\n|\n|upkeep\n|turn|10\n|\n|t:|1771259197\n|-end|p2a: Great Tusk|Protosynthesis|[silent]\n|switch|p2a: Dragonite|Dragonite, F|100/100\n|move|p1a: Ogerpon|Play Rough|p2a: Dragonite\n|-supereffective|p2a: Dragonite\n|-damage|p2a: Dragonite|60/100\n|\n|upkeep\n|turn|11\n|\n|t:|1771259204\n|switch|p1a: Gholdengo|Gholdengo|51/100\n|move|p2a: Dragonite|Extreme Speed|p1a: Gholdengo\n|-immune|p1a: Gholdengo\n|\n|upkeep\n|turn|12\n|\n|t:|1771259211\n|switch|p2a: Cinderace|Cinderace, F|84/100\n|move|p1a: Gholdengo|Make It Rain|p2a: Cinderace\n|-resisted|p2a: Cinderace\n|-damage|p2a: Cinderace|44/100\n|-unboost|p1a: Gholdengo|spa|1\n|\n|upkeep\n|turn|13\n|\n|t:|1771259215\n|switch|p1a: Dragonite|Dragonite, F|100/100\n|move|p2a: Cinderace|Court Change|p2a: Cinderace\n|-start|p2a: Cinderace|typechange|Normal|[from] ability: Libero\n|-swapsideconditions\n|-activate|p2a: Cinderace|move: Court Change\n|\n|upkeep\n|turn|14\n|\n|t:|1771259220\n|switch|p2a: Great Tusk|Great Tusk|100/100\n|move|p1a: Dragonite|Extreme Speed|p2a: Great Tusk\n|-damage|p2a: Great Tusk|76/100\n|\n|upkeep\n|turn|15\n|\n|t:|1771259234\n|-end|p2a: Great Tusk|Protosynthesis|[silent]\n|switch|p2a: Zamazenta|Zamazenta|100/100\n|-ability|p2a: Zamazenta|Dauntless Shield|boost\n|-boost|p2a: Zamazenta|def|1\n|-terastallize|p1a: Dragonite|Normal\n|move|p1a: Dragonite|Extreme Speed|p2a: Zamazenta\n|-damage|p2a: Zamazenta|70/100\n|\n|upkeep\n|turn|16\n|\n|t:|1771259240\n|switch|p1a: Gholdengo|Gholdengo|51/100\n|-damage|p1a: Gholdengo|39/100|[from] Spikes\n|move|p2a: Zamazenta|Close Combat|p1a: Gholdengo\n|-immune|p1a: Gholdengo\n|\n|upkeep\n|turn|17\n|\n|t:|1771259243\n|move|p2a: Zamazenta|Crunch|p1a: Gholdengo\n|-supereffective|p1a: Gholdengo\n|-damage|p1a: Gholdengo|0 fnt\n|faint|p1a: Gholdengo\n|-damage|p2a: Zamazenta|60/100|[from] item: Life Orb\n|\n|upkeep\n|\n|t:|1771259247\n|switch|p1a: Clefable|Clefable, F|58/100\n|turn|18\n|\n|t:|1771259253\n|switch|p2a: Cinderace|Cinderace, F|44/100\n|move|p1a: Clefable|Moonlight|p1a: Clefable\n|-heal|p1a: Clefable|100/100\n|\n|upkeep\n|turn|19\n|\n|t:|1771259256\n|switch|p1a: Dragonite|Dragonite, F, tera:Normal|100/100\n|move|p2a: Cinderace|Pyro Ball|p1a: Dragonite\n|-damage|p1a: Dragonite|77/100\n|-status|p1a: Dragonite|brn\n|\n|-damage|p1a: Dragonite|71/100 brn|[from] brn\n|upkeep\n|turn|20\n|\n|t:|1771259262\n|move|p1a: Dragonite|Extreme Speed|p2a: Cinderace\n|-damage|p2a: Cinderace|15/100\n|move|p2a: Cinderace|U-turn|p1a: Dragonite\n|-start|p2a: Cinderace|typechange|Bug|[from] ability: Libero\n|-damage|p1a: Dragonite|45/100 brn\n|\n|t:|1771259269\n|switch|p2a: Great Tusk|Great Tusk|76/100|[from] U-turn\n|\n|-damage|p1a: Dragonite|39/100 brn|[from] brn\n|upkeep\n|turn|21\n|\n|t:|1771259282\n|move|p1a: Dragonite|Extreme Speed|p2a: Great Tusk\n|-damage|p2a: Great Tusk|59/100\n|move|p2a: Great Tusk|Rapid Spin|p1a: Dragonite\n|-damage|p1a: Dragonite|22/100 brn\n|-boost|p2a: Great Tusk|spe|1\n|\n|-damage|p1a: Dragonite|16/100 brn|[from] brn\n|upkeep\n|turn|22\n|\n|t:|1771259288\n|move|p1a: Dragonite|Extreme Speed|p2a: Great Tusk\n|-damage|p2a: Great Tusk|43/100\n|move|p2a: Great Tusk|Rapid Spin|p1a: Dragonite\n|-damage|p1a: Dragonite|0 fnt\n|-boost|p2a: Great Tusk|spe|1\n|faint|p1a: Dragonite\n|\n|upkeep\n|\n|t:|1771259299\n|switch|p1a: Clefable|Clefable, F|100/100\n|turn|23\n|\n|t:|1771259303\n|move|p2a: Great Tusk|Headlong Rush|p1a: Clefable\n|-damage|p1a: Clefable|55/100\n|-unboost|p2a: Great Tusk|def|1\n|-unboost|p2a: Great Tusk|spd|1\n|move|p1a: Clefable|Moonblast|p2a: Great Tusk\n|-supereffective|p2a: Great Tusk\n|-damage|p2a: Great Tusk|0 fnt\n|faint|p2a: Great Tusk\n|-end|p2a: Great Tusk|Protosynthesis|[silent]\n|\n|-heal|p1a: Clefable|61/100|[from] item: Leftovers\n|upkeep\n|\n|t:|1771259313\n|switch|p2a: Dragonite|Dragonite, F|60/100\n|turn|24\n|\n|t:|1771259316\n|-terastallize|p2a: Dragonite|Normal\n|move|p2a: Dragonite|Extreme Speed|p1a: Clefable\n|-damage|p1a: Clefable|10/100\n|move|p1a: Clefable|Moonlight|p1a: Clefable\n|-heal|p1a: Clefable|60/100\n|\n|-heal|p1a: Clefable|66/100|[from] item: Leftovers\n|upkeep\n|turn|25\n|\n|t:|1771259329\n|switch|p1a: Ogerpon|Ogerpon-Wellspring, F|12/100\n|-damage|p1a: Ogerpon|0 fnt|[from] Spikes\n|faint|p1a: Ogerpon\n|move|p2a: Dragonite|Extreme Speed|p1: Ogerpon|[notarget]\n|-fail|p2a: Dragonite\n|\n|upkeep\n|\n|t:|1771259331\n|switch|p1a: Great Tusk|Great Tusk|59/100\n|-damage|p1a: Great Tusk|47/100|[from] Spikes\n|turn|26\n|\n|t:|1771259339\n|move|p2a: Dragonite|Extreme Speed|p1a: Great Tusk\n|-damage|p1a: Great Tusk|2/100\n|-damage|p2a: Dragonite|44/100|[from] item: Rocky Helmet|[of] p1a: Great Tusk\n|move|p1a: Great Tusk|Headlong Rush|p2a: Dragonite\n|-damage|p2a: Dragonite|0 fnt\n|-unboost|p1a: Great Tusk|def|1\n|-unboost|p1a: Great Tusk|spd|1\n|faint|p2a: Dragonite\n|\n|upkeep\n|\n|t:|1771259348\n|switch|p2a: Darkrai|Darkrai|100/100\n|turn|27\n|\n|t:|1771259351\n|move|p2a: Darkrai|Dark Pulse|p1a: Great Tusk\n|-resisted|p1a: Great Tusk\n|-damage|p1a: Great Tusk|0 fnt\n|faint|p1a: Great Tusk\n|-end|p1a: Great Tusk|Protosynthesis|[silent]\n|\n|upkeep\n|\n|t:|1771259353\n|switch|p1a: Ting-Lu|Ting-Lu|82/100 psn\n|-damage|p1a: Ting-Lu|69/100 psn|[from] Spikes\n|-ability|p1a: Ting-Lu|Vessel of Ruin\n|turn|28\n|\n|t:|1771259358\n|switch|p2a: Zamazenta|Zamazenta|60/100\n|move|p1a: Ting-Lu|Earthquake|p2a: Zamazenta\n|-damage|p2a: Zamazenta|27/100\n|\n|-heal|p1a: Ting-Lu|76/100 psn|[from] item: Leftovers\n|-damage|p1a: Ting-Lu|63/100 psn|[from] psn\n|upkeep\n|turn|29\n|\n|t:|1771259367\n|switch|p1a: Clefable|Clefable, F|66/100\n|move|p2a: Zamazenta|Crunch|p1a: Clefable\n|-resisted|p1a: Clefable\n|-damage|p1a: Clefable|53/100\n|-damage|p2a: Zamazenta|17/100|[from] item: Life Orb\n|\n|-heal|p1a: Clefable|59/100|[from] item: Leftovers\n|upkeep\n|turn|30\n|\n|t:|1771259372\n|switch|p2a: Cinderace|Cinderace, F|15/100\n|move|p1a: Clefable|Moonlight|p1a: Clefable\n|-heal|p1a: Clefable|100/100\n|\n|upkeep\n|turn|31\n|\n|t:|1771259375\n|move|p2a: Cinderace|Pyro Ball|p1a: Clefable\n|-damage|p1a: Clefable|62/100\n|move|p1a: Clefable|Moonblast|p2a: Cinderace\n|-resisted|p2a: Cinderace\n|-damage|p2a: Cinderace|0 fnt\n|faint|p2a: Cinderace\n|\n|-heal|p1a: Clefable|68/100|[from] item: Leftovers\n|upkeep\n|\n|t:|1771259378\n|switch|p2a: Darkrai|Darkrai|100/100\n|turn|32\n|\n|t:|1771259380\n|switch|p1a: Ting-Lu|Ting-Lu|63/100 psn\n|-damage|p1a: Ting-Lu|51/100 psn|[from] Spikes\n|-ability|p1a: Ting-Lu|Vessel of Ruin\n|move|p2a: Darkrai|Sludge Bomb|p1a: Ting-Lu\n|-resisted|p1a: Ting-Lu\n|-damage|p1a: Ting-Lu|44/100 psn\n|\n|-heal|p1a: Ting-Lu|51/100 psn|[from] item: Leftovers\n|-damage|p1a: Ting-Lu|38/100 psn|[from] psn\n|upkeep\n|turn|33\n|\n|t:|1771259388\n|move|p2a: Darkrai|Ice Beam|p1a: Ting-Lu\n|-supereffective|p1a: Ting-Lu\n|-damage|p1a: Ting-Lu|10/100 psn\n|move|p1a: Ting-Lu|Earthquake|p2a: Darkrai\n|-damage|p2a: Darkrai|49/100\n|\n|-heal|p1a: Ting-Lu|16/100 psn|[from] item: Leftovers\n|-damage|p1a: Ting-Lu|4/100 psn|[from] psn\n|upkeep\n|turn|34\n|\n|t:|1771259391\n|move|p2a: Darkrai|Ice Beam|p1a: Ting-Lu\n|-supereffective|p1a: Ting-Lu\n|-damage|p1a: Ting-Lu|0 fnt\n|faint|p1a: Ting-Lu\n|\n|upkeep\n|\n|t:|1771259395\n|switch|p1a: Clefable|Clefable, F|68/100\n|turn|35\n|\n|t:|1771259400\n|move|p2a: Darkrai|Sludge Bomb|p1a: Clefable\n|-supereffective|p1a: Clefable\n|-damage|p1a: Clefable|6/100\n|-status|p1a: Clefable|psn\n|move|p1a: Clefable|Moonlight|p1a: Clefable\n|-heal|p1a: Clefable|56/100 psn\n|\n|-heal|p1a: Clefable|62/100 psn|[from] item: Leftovers\n|upkeep\n|turn|36\n|\n|t:|1771259407\n|move|p2a: Darkrai|Sludge Bomb|p1a: Clefable\n|-supereffective|p1a: Clefable\n|-damage|p1a: Clefable|3/100 psn\n|move|p1a: Clefable|Moonlight|p1a: Clefable\n|-heal|p1a: Clefable|53/100 psn\n|\n|-heal|p1a: Clefable|59/100 psn|[from] item: Leftovers\n|upkeep\n|turn|37\n|\n|t:|1771259410\n|move|p2a: Darkrai|Sludge Bomb|p1a: Clefable\n|-supereffective|p1a: Clefable\n|-damage|p1a: Clefable|1/100 psn\n|move|p1a: Clefable|Moonlight|p1a: Clefable\n|-heal|p1a: Clefable|51/100 psn\n|\n|-heal|p1a: Clefable|57/100 psn|[from] item: Leftovers\n|upkeep\n|turn|38\n|\n|t:|1771259416\n|move|p2a: Darkrai|Sludge Bomb|p1a: Clefable\n|-supereffective|p1a: Clefable\n|-damage|p1a: Clefable|0 fnt\n|faint|p1a: Clefable\n|\n|win|LucyLikePizza\n|raw|monkeoogaboog2's rating: 1685 &rarr; <strong>1667</strong><br />(-18 for losing)\n|raw|LucyLikePizza's rating: 1723 &rarr; <strong>1741</strong><br />(+18 for winning)\n|l|☆monkeoogaboog2\n|player|p1|\n", "uploadtime": 1771259581, "views": 6, "formatid": "gen9ou", "rating": 1667, "private": 0, "password": null}