{"id": "gen9ou-2639256746", "format": "[Gen 9] OU", "players": ["KING丶3266926956今余", "maclura"], "log": "|j|☆KING丶3266926956今余\n|j|☆maclura\n|t:|1782441404\n|gametype|singles\n|player|p1|KING丶3266926956今余|dawn|1337\n|player|p2|maclura|266|1271\n|gen|9\n|tier|[Gen 9] OU\n|rated|\n|rule|HP Percentage Mod: HP is shown in percentages\n|rule|Endless Battle Clause: Forcing endless battles is banned\n|rule|Species Clause: Limit one of each Pokémon\n|rule|OHKO Clause: OHKO moves are banned\n|rule|Evasion Items Clause: Evasion items are banned\n|rule|Evasion Moves Clause: Evasion moves are banned\n|rule|Evasion Abilities Clause: Evasion abilities are banned\n|rule|Sleep Moves Clause: Sleep-inducing moves are banned\n|clearpoke\n|poke|p1|Luxray, F|\n|poke|p1|Noctowl, F|\n|poke|p1|Alomomola, M|\n|poke|p1|Meowstic, M|\n|poke|p1|Incineroar, F|\n|poke|p1|Meowscarada, M|\n|poke|p2|Pelipper, F|\n|poke|p2|Blissey, F|\n|poke|p2|Barraskewda, F|\n|poke|p2|Vileplume, M|\n|poke|p2|Azumarill, M|\n|poke|p2|Gliscor, M|\n|teampreview\n|inactive|Battle timer is ON: inactive players will automatically lose when time's up. (requested by KING丶3266926956今余)\n|\n|t:|1782441420\n|teamsize|p1|6\n|teamsize|p2|6\n|start\n|switch|p1a: Meowstic|Meowstic, M|100/100\n|switch|p2a: Gliscor|Gliscor, M|100/100\n|turn|1\n|\n|t:|1782441426\n|move|p2a: Gliscor|Protect|p2a: Gliscor\n|-singleturn|p2a: Gliscor|Protect\n|move|p1a: Meowstic|Trick|p2a: Gliscor\n|-activate|p2a: Gliscor|move: Protect\n|\n|-status|p2a: Gliscor|tox|[from] item: Toxic Orb\n|upkeep\n|turn|2\n|\n|t:|1782441433\n|switch|p1a: Alomomola|Alomomola, M|100/100\n|move|p2a: Gliscor|Knock Off|p1a: Alomomola\n|-damage|p1a: Alomomola|83/100\n|-enditem|p1a: Alomomola|Lagging Tail|[from] move: Knock Off|[of] p2a: Gliscor\n|\n|upkeep\n|turn|3\n|\n|t:|1782441449\n|move|p2a: Gliscor|Stealth Rock|p1a: Alomomola\n|-sidestart|p1: KING丶3266926956今余|move: Stealth Rock\n|move|p1a: Alomomola|Flip Turn|p2a: Gliscor\n|-supereffective|p2a: Gliscor\n|-damage|p2a: Gliscor|77/100 tox\n|\n|t:|1782441456\n|switch|p1a: Meowscarada|Meowscarada, M|100/100|[from] Flip Turn\n|-damage|p1a: Meowscarada|88/100|[from] Stealth Rock\n|\n|-heal|p2a: Gliscor|89/100 tox|[from] ability: Poison Heal\n|upkeep\n|turn|4\n|\n|t:|1782441477\n|move|p1a: Meowscarada|Triple Axel|p2a: Gliscor\n|-start|p1a: Meowscarada|typechange|Ice|[from] ability: Protean\n|-supereffective|p2a: Gliscor\n|-damage|p2a: Gliscor|52/100 tox\n|-supereffective|p2a: Gliscor\n|-damage|p2a: Gliscor|0 fnt\n|faint|p2a: Gliscor\n|-hitcount|p2: Gliscor|2\n|\n|upkeep\n|\n|t:|1782441491\n|switch|p2a: Pelipper|Pelipper, F|100/100\n|-weather|RainDance|[from] ability: Drizzle|[of] p2a: Pelipper\n|turn|5\n|\n|t:|1782441498\n|switch|p1a: Alomomola|Alomomola, M|100/100\n|-damage|p1a: Alomomola|88/100|[from] Stealth Rock\n|move|p2a: Pelipper|Hurricane|p1a: Alomomola\n|-damage|p1a: Alomomola|57/100\n|\n|-weather|RainDance|[upkeep]\n|upkeep\n|turn|6\n|\n|t:|1782441506\n|move|p2a: Pelipper|Hurricane|p1a: Alomomola\n|-damage|p1a: Alomomola|25/100\n|move|p1a: Alomomola|Flip Turn|p2a: Pelipper\n|-resisted|p2a: Pelipper\n|-damage|p2a: Pelipper|89/100\n|\n|t:|1782441518\n|switch|p1a: Noctowl|Noctowl, F|100/100|[from] Flip Turn\n|\n|-weather|RainDance|[upkeep]\n|upkeep\n|turn|7\n|\n|t:|1782441522\n|switch|p2a: Blissey|Blissey, F|100/100\n|move|p1a: Noctowl|Defog|p2a: Blissey\n|-unboost|p2a: Blissey|evasion|1\n|-sideend|p1: KING丶3266926956今余|Stealth Rock|[from] move: Defog|[of] p1a: Noctowl\n|\n|-weather|RainDance|[upkeep]\n|upkeep\n|turn|8\n|\n|t:|1782441529\n|switch|p1a: Luxray|Luxray, F|100/100\n|move|p2a: Blissey|Thunder|p1a: Luxray\n|-resisted|p1a: Luxray\n|-damage|p1a: Luxray|84/100\n|\n|-weather|RainDance|[upkeep]\n|-status|p1a: Luxray|brn|[from] item: Flame Orb\n|upkeep\n|turn|9\n|\n|t:|1782441537\n|switch|p2a: Vileplume|Vileplume, M|100/100\n|move|p1a: Luxray|Trailblaze|p2a: Vileplume\n|-resisted|p2a: Vileplume\n|-damage|p2a: Vileplume|96/100\n|-boost|p1a: Luxray|spe|1\n|\n|-weather|RainDance|[upkeep]\n|-heal|p2a: Vileplume|100/100|[from] item: Leftovers\n|-damage|p1a: Luxray|78/100 brn|[from] brn\n|upkeep\n|turn|10\n|\n|t:|1782441547\n|move|p1a: Luxray|Facade|p2a: Vileplume\n|-damage|p2a: Vileplume|46/100\n|move|p2a: Vileplume|Strength Sap|p1a: Luxray\n|-unboost|p1a: Luxray|atk|1\n|-heal|p2a: Vileplume|100/100\n|\n|-weather|RainDance|[upkeep]\n|-damage|p1a: Luxray|72/100 brn|[from] brn\n|upkeep\n|turn|11\n|\n|t:|1782441558\n|switch|p1a: Noctowl|Noctowl, F|100/100\n|move|p2a: Vileplume|Leech Seed|p1a: Noctowl\n|-start|p1a: Noctowl|move: Leech Seed\n|\n|-weather|RainDance|[upkeep]\n|-damage|p1a: Noctowl|88/100|[from] Leech Seed|[of] p2a: Vileplume\n|upkeep\n|turn|12\n|\n|t:|1782441571\n|move|p1a: Noctowl|Hurricane|p2a: Vileplume\n|-supereffective|p2a: Vileplume\n|-damage|p2a: Vileplume|5/100\n|-start|p2a: Vileplume|confusion\n|-activate|p2a: Vileplume|confusion\n|move|p2a: Vileplume|Stun Spore|p1a: Noctowl\n|-status|p1a: Noctowl|par\n|\n|-weather|none\n|-heal|p2a: Vileplume|11/100|[from] item: Leftovers\n|-damage|p1a: Noctowl|76/100 par|[from] Leech Seed|[of] p2a: Vileplume\n|-heal|p2a: Vileplume|23/100|[silent]\n|upkeep\n|turn|13\n|\n|t:|1782441584\n|switch|p1a: Meowstic|Meowstic, M|100/100\n|-activate|p2a: Vileplume|confusion\n|-damage|p2a: Vileplume|18/100|[from] confusion\n|\n|-heal|p2a: Vileplume|24/100|[from] item: Leftovers\n|upkeep\n|turn|14\n|-message|maclura forfeited.\n|\n|win|KING丶3266926956今余\n|raw|KING丶3266926956今余's rating: 1337 &rarr; <strong>1353</strong><br />(+16 for winning)\n|raw|maclura's rating: 1271 &rarr; <strong>1251</strong><br />(-20 for losing)\n|l|☆maclura\n|player|p2|\n|l|☆KING丶3266926956今余\n|player|p1|\n", "uploadtime": 1782441939, "views": 15, "formatid": "gen9ou", "rating": 1251, "private": 0, "password": null}