{"id": "gen9ou-2540529791", "format": "[Gen 9] OU", "players": ["ice talk", "vartholomeus"], "log": "|j|☆ice talk\n|j|☆vartholomeus\n|t:|1771213673\n|gametype|singles\n|player|p1|ice talk|cheryl|1600\n|player|p2|vartholomeus|ruinmaniac|1611\n|gen|9\n|tier|[Gen 9] OU\n|rated|\n|rule|HP Percentage Mod: HP is shown in percentages\n|rule|Endless Battle Clause: Forcing endless battles is banned\n|rule|Species Clause: Limit one of each Pokémon\n|rule|OHKO Clause: OHKO moves are banned\n|rule|Evasion Items Clause: Evasion items are banned\n|rule|Evasion Moves Clause: Evasion moves are banned\n|rule|Evasion Abilities Clause: Evasion abilities are banned\n|rule|Sleep Moves Clause: Sleep-inducing moves are banned\n|clearpoke\n|poke|p1|Ninetales-Alola, M|\n|poke|p1|Cetitan, F|\n|poke|p1|Kyurem|\n|poke|p1|Samurott-Hisui, M|\n|poke|p1|Ting-Lu|\n|poke|p1|Hatterene, F|\n|poke|p2|Moltres|\n|poke|p2|Slowking-Galar, M|\n|poke|p2|Gholdengo|\n|poke|p2|Greninja-*, M|\n|poke|p2|Great Tusk|\n|poke|p2|Kleavor, F|\n|teampreview\n|inactive|Battle timer is ON: inactive players will automatically lose when time's up. (requested by vartholomeus)\n|\n|t:|1771213682\n|teamsize|p1|6\n|teamsize|p2|6\n|start\n|switch|p1a: John Rott|Samurott-Hisui, M|100/100\n|switch|p2a: Fanta|Kleavor, F|100/100\n|turn|1\n|\n|t:|1771213686\n|move|p1a: John Rott|Aqua Cutter|p2a: Fanta\n|-supereffective|p2a: Fanta\n|-enditem|p2a: Fanta|Focus Sash\n|-damage|p2a: Fanta|1/100\n|move|p2a: Fanta|Stone Axe|p1a: John Rott\n|-damage|p1a: John Rott|30/100\n|-sidestart|p1: ice talk|move: Stealth Rock\n|\n|upkeep\n|turn|2\n|\n|t:|1771213690\n|move|p2a: Fanta|Quick Attack|p1a: John Rott\n|-damage|p1a: John Rott|9/100\n|move|p1a: John Rott|Aqua Cutter|p2a: Fanta\n|-supereffective|p2a: Fanta\n|-damage|p2a: Fanta|0 fnt\n|faint|p2a: Fanta\n|\n|upkeep\n|\n|t:|1771213693\n|switch|p2a: Gregg|Greninja, M|100/100\n|turn|3\n|\n|t:|1771213696\n|move|p1a: John Rott|Aqua Cutter|p2a: Gregg\n|-resisted|p2a: Gregg\n|-damage|p2a: Gregg|64/100\n|move|p2a: Gregg|Sludge Wave|p1a: John Rott\n|-damage|p1a: John Rott|0 fnt\n|faint|p1a: John Rott\n|-ability|p2a: Gregg|Battle Bond|boost\n|-boost|p2a: Gregg|atk|1\n|-boost|p2a: Gregg|spa|1\n|-boost|p2a: Gregg|spe|1\n|-activate|p2a: Gregg|ability: Battle Bond\n|-damage|p2a: Gregg|54/100|[from] item: Life Orb\n|\n|upkeep\n|\n|t:|1771213699\n|switch|p1a: Lets Work|Ninetales-Alola, M|100/100\n|-damage|p1a: Lets Work|76/100|[from] Stealth Rock\n|-weather|Snowscape|[from] ability: Snow Warning|[of] p1a: Lets Work\n|turn|4\n|\n|t:|1771213704\n|move|p2a: Gregg|Sludge Wave|p1a: Lets Work\n|-supereffective|p1a: Lets Work\n|-damage|p1a: Lets Work|0 fnt\n|faint|p1a: Lets Work\n|-damage|p2a: Gregg|44/100|[from] item: Life Orb\n|\n|-weather|Snowscape|[upkeep]\n|upkeep\n|\n|t:|1771213708\n|switch|p1a: BigXThaPlug|Cetitan, F|100/100\n|-damage|p1a: BigXThaPlug|76/100|[from] Stealth Rock\n|turn|5\n|\n|t:|1771213712\n|move|p2a: Gregg|Water Shuriken|p1a: BigXThaPlug\n|-damage|p1a: BigXThaPlug|66/100\n|-damage|p1a: BigXThaPlug|57/100\n|-damage|p1a: BigXThaPlug|49/100\n|-hitcount|p1a: BigXThaPlug|3\n|-damage|p2a: Gregg|34/100|[from] item: Life Orb\n|move|p1a: BigXThaPlug|Earthquake|p2a: Gregg\n|-damage|p2a: Gregg|0 fnt\n|faint|p2a: Gregg\n|\n|-weather|Snowscape|[upkeep]\n|upkeep\n|\n|t:|1771213722\n|switch|p2a: Pollo|Moltres|100/100\n|turn|6\n|\n|t:|1771213724\n|move|p1a: BigXThaPlug|Icicle Crash|p2a: Pollo\n|-damage|p2a: Pollo|70/100\n|move|p2a: Pollo|Flamethrower|p1a: BigXThaPlug\n|-supereffective|p1a: BigXThaPlug\n|-damage|p1a: BigXThaPlug|0 fnt\n|faint|p1a: BigXThaPlug\n|\n|-weather|Snowscape|[upkeep]\n|upkeep\n|\n|t:|1771213728\n|switch|p1a: Whale Played|Kyurem|100/100\n|-damage|p1a: Whale Played|76/100|[from] Stealth Rock\n|-ability|p1a: Whale Played|Pressure\n|turn|7\n|\n|t:|1771213732\n|-terastallize|p1a: Whale Played|Ice\n|move|p1a: Whale Played|Blizzard|p2a: Pollo\n|-damage|p2a: Pollo|0 fnt\n|faint|p2a: Pollo\n|\n|-weather|Snowscape|[upkeep]\n|upkeep\n|\n|t:|1771213739\n|switch|p2a: Great Tusk|Great Tusk|100/100\n|turn|8\n|\n|t:|1771213743\n|switch|p1a: CondomHead|Hatterene, F|100/100\n|-damage|p1a: CondomHead|88/100|[from] Stealth Rock\n|move|p2a: Great Tusk|Close Combat|p1a: CondomHead\n|-resisted|p1a: CondomHead\n|-damage|p1a: CondomHead|75/100\n|-unboost|p2a: Great Tusk|def|1\n|-unboost|p2a: Great Tusk|spd|1\n|-enditem|p1a: CondomHead|Eject Button\n|\n|t:|1771213745\n|switch|p1a: TingTingTing Sahur|Ting-Lu|100/100\n|-damage|p1a: TingTingTing Sahur|94/100|[from] Stealth Rock\n|-ability|p1a: TingTingTing Sahur|Vessel of Ruin\n|\n|-weather|Snowscape|[upkeep]\n|-heal|p1a: TingTingTing Sahur|100/100|[from] item: Leftovers\n|upkeep\n|turn|9\n|\n|t:|1771213749\n|switch|p1a: CondomHead|Hatterene, F|75/100\n|-damage|p1a: CondomHead|63/100|[from] Stealth Rock\n|move|p2a: Great Tusk|Close Combat|p1a: CondomHead\n|-resisted|p1a: CondomHead\n|-damage|p1a: CondomHead|50/100\n|-unboost|p2a: Great Tusk|def|1\n|-unboost|p2a: Great Tusk|spd|1\n|\n|-weather|Snowscape|[upkeep]\n|upkeep\n|turn|10\n|\n|t:|1771213753\n|-end|p2a: Great Tusk|Protosynthesis|[silent]\n|switch|p2a: Loking|Slowking-Galar, M|100/100\n|move|p1a: CondomHead|Nuzzle|p2a: Loking\n|-damage|p2a: Loking|96/100\n|-status|p2a: Loking|par\n|\n|-weather|Snowscape|[upkeep]\n|upkeep\n|turn|11\n|\n|t:|1771213758\n|move|p1a: CondomHead|Pain Split|p2a: Loking\n|-sethp|p2a: Loking|69/100 par|[from] move: Pain Split|[silent]\n|-sethp|p1a: CondomHead|85/100|[from] move: Pain Split\n|move|p2a: Loking|Sludge Bomb|p1a: CondomHead\n|-supereffective|p1a: CondomHead\n|-damage|p1a: CondomHead|0 fnt\n|faint|p1a: CondomHead\n|\n|-weather|none\n|upkeep\n|\n|t:|1771213764\n|switch|p1a: TingTingTing Sahur|Ting-Lu|100/100\n|-damage|p1a: TingTingTing Sahur|94/100|[from] Stealth Rock\n|-ability|p1a: TingTingTing Sahur|Vessel of Ruin\n|turn|12\n|\n|t:|1771213768\n|move|p1a: TingTingTing Sahur|Earthquake|p2a: Loking\n|-supereffective|p2a: Loking\n|-damage|p2a: Loking|0 fnt\n|faint|p2a: Loking\n|\n|-heal|p1a: TingTingTing Sahur|100/100|[from] item: Leftovers\n|upkeep\n|\n|t:|1771213772\n|switch|p2a: Great Tusk|Great Tusk|100/100\n|turn|13\n|\n|t:|1771213775\n|move|p2a: Great Tusk|Close Combat|p1a: TingTingTing Sahur\n|-supereffective|p1a: TingTingTing Sahur\n|-damage|p1a: TingTingTing Sahur|36/100\n|-unboost|p2a: Great Tusk|def|1\n|-unboost|p2a: Great Tusk|spd|1\n|move|p1a: TingTingTing Sahur|Ruination|p2a: Great Tusk\n|-damage|p2a: Great Tusk|51/100\n|\n|-heal|p1a: TingTingTing Sahur|42/100|[from] item: Leftovers\n|upkeep\n|turn|14\n|\n|t:|1771213779\n|move|p2a: Great Tusk|Close Combat|p1a: TingTingTing Sahur\n|-supereffective|p1a: TingTingTing Sahur\n|-damage|p1a: TingTingTing Sahur|0 fnt\n|-unboost|p2a: Great Tusk|def|1\n|-unboost|p2a: Great Tusk|spd|1\n|faint|p1a: TingTingTing Sahur\n|\n|upkeep\n|\n|t:|1771213780\n|switch|p1a: Whale Played|Kyurem, tera:Ice|76/100\n|-damage|p1a: Whale Played|51/100|[from] Stealth Rock\n|-ability|p1a: Whale Played|Pressure\n|turn|15\n|\n|t:|1771213783\n|move|p2a: Great Tusk|Close Combat|p1a: Whale Played\n|-supereffective|p1a: Whale Played\n|-damage|p1a: Whale Played|0 fnt\n|-unboost|p2a: Great Tusk|def|1\n|-unboost|p2a: Great Tusk|spd|1\n|faint|p1a: Whale Played\n|\n|win|vartholomeus\n|raw|ice talk's rating: 1600 &rarr; <strong>1581</strong><br />(-19 for losing)\n|raw|vartholomeus's rating: 1611 &rarr; <strong>1630</strong><br />(+19 for winning)\n|l|☆ice talk\n|player|p1|\n|l|☆vartholomeus\n|player|p2|\n", "uploadtime": 1771214022, "views": 10, "formatid": "gen9ou", "rating": 1581, "private": 0, "password": null}