{"id": "gen9ou-2639228840", "format": "[Gen 9] OU", "players": ["Blazer52637", "grgwrgwegwe"], "log": "|j|☆Blazer52637\n|j|☆grgwrgwegwe\n|t:|1782437349\n|gametype|singles\n|player|p1|Blazer52637|colress|1077\n|player|p2|grgwrgwegwe|nurse|1103\n|gen|9\n|tier|[Gen 9] OU\n|rated|\n|rule|HP Percentage Mod: HP is shown in percentages\n|rule|Endless Battle Clause: Forcing endless battles is banned\n|rule|Species Clause: Limit one of each Pokémon\n|rule|OHKO Clause: OHKO moves are banned\n|rule|Evasion Items Clause: Evasion items are banned\n|rule|Evasion Moves Clause: Evasion moves are banned\n|rule|Evasion Abilities Clause: Evasion abilities are banned\n|rule|Sleep Moves Clause: Sleep-inducing moves are banned\n|clearpoke\n|poke|p1|Whimsicott, L1, F|\n|poke|p1|Ceruledge, F|\n|poke|p1|Tyranitar, F|\n|poke|p1|Hatterene, F|\n|poke|p1|Glimmora, M|\n|poke|p1|Malamar, M|\n|poke|p2|Volcanion|\n|poke|p2|Magnezone|\n|poke|p2|Regidrago|\n|poke|p2|Sylveon, F|\n|poke|p2|Slaking, F|\n|poke|p2|Great Tusk|\n|teampreview\n|inactive|Battle timer is ON: inactive players will automatically lose when time's up. (requested by Blazer52637)\n|\n|t:|1782437358\n|teamsize|p1|6\n|teamsize|p2|6\n|start\n|switch|p1a: Tea Tar|Tyranitar, F|100/100\n|switch|p2a: Zlurp|Magnezone|100/100\n|-ability|p1a: Tea Tar|Unnerve\n|turn|1\n|\n|t:|1782437365\n|switch|p2a: Uno Reverse|Great Tusk|100/100\n|-enditem|p2a: Uno Reverse|Booster Energy\n|-activate|p2a: Uno Reverse|ability: Protosynthesis|[fromitem]\n|-start|p2a: Uno Reverse|protosynthesisspe\n|move|p1a: Tea Tar|Dragon Dance|p1a: Tea Tar\n|-boost|p1a: Tea Tar|atk|1\n|-boost|p1a: Tea Tar|spe|1\n|\n|upkeep\n|turn|2\n|\n|t:|1782437375\n|-terastallize|p1a: Tea Tar|Steel\n|move|p2a: Uno Reverse|Bulk Up|p2a: Uno Reverse\n|-boost|p2a: Uno Reverse|atk|1\n|-boost|p2a: Uno Reverse|def|1\n|move|p1a: Tea Tar|Dragon Dance|p1a: Tea Tar\n|-boost|p1a: Tea Tar|atk|1\n|-boost|p1a: Tea Tar|spe|1\n|\n|upkeep\n|turn|3\n|\n|t:|1782437384\n|move|p2a: Uno Reverse|Body Press|p1a: Tea Tar\n|-supereffective|p1a: Tea Tar\n|-damage|p1a: Tea Tar|22/100\n|-enditem|p1a: Tea Tar|Weakness Policy\n|-boost|p1a: Tea Tar|atk|2|[from] item: Weakness Policy\n|-boost|p1a: Tea Tar|spa|2|[from] item: Weakness Policy\n|move|p1a: Tea Tar|Earthquake|p2a: Uno Reverse\n|-damage|p2a: Uno Reverse|57/100\n|\n|upkeep\n|turn|4\n|\n|t:|1782437394\n|move|p2a: Uno Reverse|Body Press|p1a: Tea Tar\n|-supereffective|p1a: Tea Tar\n|-damage|p1a: Tea Tar|0 fnt\n|faint|p1a: Tea Tar\n|\n|upkeep\n|\n|t:|1782437398\n|switch|p1a: Prick|Glimmora, M|100/100\n|turn|5\n|\n|t:|1782437404\n|-end|p2a: Uno Reverse|Protosynthesis|[silent]\n|switch|p2a: Regidrago|Regidrago|100/100\n|move|p1a: Prick|Mortal Spin|p2a: Regidrago\n|-damage|p2a: Regidrago|93/100\n|-status|p2a: Regidrago|psn\n|\n|-damage|p2a: Regidrago|80/100 psn|[from] psn\n|upkeep\n|turn|6\n|\n|t:|1782437414\n|switch|p1a: Estrogen|Hatterene, F|100/100\n|move|p2a: Regidrago|Draco Meteor|p1a: Estrogen\n|-immune|p1a: Estrogen\n|\n|-damage|p2a: Regidrago|68/100 psn|[from] psn\n|upkeep\n|turn|7\n|\n|t:|1782437423\n|move|p2a: Regidrago|Dragon Dance|p2a: Regidrago\n|-boost|p2a: Regidrago|atk|1\n|-boost|p2a: Regidrago|spe|1\n|move|p1a: Estrogen|Nuzzle|p2a: Regidrago\n|-resisted|p2a: Regidrago\n|-damage|p2a: Regidrago|65/100 psn\n|\n|-damage|p2a: Regidrago|53/100 psn|[from] psn\n|upkeep\n|turn|8\n|\n|t:|1782437432\n|move|p2a: Regidrago|Dragon Dance|p2a: Regidrago\n|-boost|p2a: Regidrago|atk|1\n|-boost|p2a: Regidrago|spe|1\n|move|p1a: Estrogen|Psychic Noise|p2a: Regidrago\n|-damage|p2a: Regidrago|0 fnt\n|faint|p2a: Regidrago\n|\n|upkeep\n|\n|t:|1782437439\n|switch|p2a: Zlurp|Magnezone|100/100\n|turn|9\n|\n|t:|1782437442\n|move|p2a: Zlurp|Flash Cannon|p1a: Estrogen\n|-supereffective|p1a: Estrogen\n|-damage|p1a: Estrogen|0 fnt\n|faint|p1a: Estrogen\n|\n|upkeep\n|\n|t:|1782437447\n|switch|p1a: CutLass.EXE|Ceruledge, F, shiny|100/100\n|turn|10\n|\n|t:|1782437463\n|-terastallize|p2a: Zlurp|Flying\n|move|p1a: CutLass.EXE|Swords Dance|p1a: CutLass.EXE\n|-boost|p1a: CutLass.EXE|atk|2\n|move|p2a: Zlurp|Flash Cannon|p1a: CutLass.EXE\n|-resisted|p1a: CutLass.EXE\n|-damage|p1a: CutLass.EXE|50/100\n|\n|upkeep\n|turn|11\n|\n|t:|1782437471\n|switch|p2a: O-rale|Volcanion|100/100\n|move|p1a: CutLass.EXE|Bitter Blade|p2a: O-rale\n|-resisted|p2a: O-rale\n|-damage|p2a: O-rale|78/100\n|-heal|p1a: CutLass.EXE|62/100|[from] drain|[of] p2a: O-rale\n|\n|upkeep\n|turn|12\n|\n|t:|1782437478\n|move|p2a: O-rale|Liquidation|p1a: CutLass.EXE\n|-supereffective|p1a: CutLass.EXE\n|-damage|p1a: CutLass.EXE|0 fnt\n|faint|p1a: CutLass.EXE\n|\n|upkeep\n|\n|t:|1782437482\n|switch|p1a: Pocket Lint|Whimsicott, L1, F, shiny|100/100\n|turn|13\n|\n|t:|1782437485\n|switch|p2a: Zlurp|Magnezone, tera:Flying|100/100\n|move|p1a: Pocket Lint|Substitute|p1a: Pocket Lint\n|-start|p1a: Pocket Lint|Substitute\n|-damage|p1a: Pocket Lint|75/100\n|\n|upkeep\n|turn|14\n|\n|t:|1782437491\n|move|p1a: Pocket Lint|Leech Seed|p2a: Zlurp|[miss]\n|-miss|p1a: Pocket Lint|p2a: Zlurp\n|move|p2a: Zlurp|Flash Cannon|p1a: Pocket Lint\n|-supereffective|p1a: Pocket Lint\n|-end|p1a: Pocket Lint|Substitute\n|\n|upkeep\n|turn|15\n|\n|t:|1782437494\n|move|p1a: Pocket Lint|Substitute|p1a: Pocket Lint\n|-start|p1a: Pocket Lint|Substitute\n|-damage|p1a: Pocket Lint|50/100\n|move|p2a: Zlurp|Flash Cannon|p1a: Pocket Lint\n|-supereffective|p1a: Pocket Lint\n|-end|p1a: Pocket Lint|Substitute\n|\n|upkeep\n|turn|16\n|\n|t:|1782437498\n|move|p1a: Pocket Lint|Substitute|p1a: Pocket Lint\n|-start|p1a: Pocket Lint|Substitute\n|-damage|p1a: Pocket Lint|25/100\n|move|p2a: Zlurp|Flash Cannon|p1a: Pocket Lint\n|-supereffective|p1a: Pocket Lint\n|-end|p1a: Pocket Lint|Substitute\n|\n|upkeep\n|turn|17\n|-enditem|p1a: Pocket Lint|Custap Berry|[eat]\n|-activate|p1a: Pocket Lint|item: Custap Berry|[consumed]\n|\n|t:|1782437502\n|move|p1a: Pocket Lint|Endeavor|p2a: Zlurp\n|-damage|p2a: Zlurp|1/100\n|move|p2a: Zlurp|Flash Cannon|p1a: Pocket Lint\n|-supereffective|p1a: Pocket Lint\n|-damage|p1a: Pocket Lint|0 fnt\n|faint|p1a: Pocket Lint\n|\n|upkeep\n|\n|t:|1782437509\n|switch|p1a: Prick|Glimmora, M|100/100\n|turn|18\n|\n|t:|1782437515\n|move|p1a: Prick|Ancient Power|p2a: Zlurp\n|-supereffective|p2a: Zlurp\n|-damage|p2a: Zlurp|0 fnt\n|faint|p2a: Zlurp\n|\n|upkeep\n|\n|t:|1782437521\n|switch|p2a: >.*{|Slaking, F|100/100\n|turn|19\n|\n|t:|1782437530\n|move|p1a: Prick|Mortal Spin|p2a: >.*{\n|-damage|p2a: >.*{|95/100\n|-status|p2a: >.*{|psn\n|move|p2a: >.*{|Earthquake|p1a: Prick\n|-supereffective|p1a: Prick\n|-enditem|p1a: Prick|Focus Sash\n|-damage|p1a: Prick|1/100\n|-activate|p1a: Prick|ability: Toxic Debris\n|-sidestart|p2: grgwrgwegwe|move: Toxic Spikes\n|\n|-damage|p2a: >.*{|83/100 psn|[from] psn\n|upkeep\n|turn|20\n|\n|t:|1782437544\n|switch|p2a: Uno Reverse|Great Tusk|57/100\n|-status|p2a: Uno Reverse|psn\n|move|p1a: Prick|Ancient Power|p2a: Uno Reverse\n|-resisted|p2a: Uno Reverse\n|-damage|p2a: Uno Reverse|46/100 psn\n|\n|-damage|p2a: Uno Reverse|34/100 psn|[from] psn\n|upkeep\n|turn|21\n|\n|t:|1782437552\n|move|p2a: Uno Reverse|Knock Off|p1a: Prick\n|-crit|p1a: Prick\n|-damage|p1a: Prick|0 fnt\n|-activate|p1a: Prick|ability: Toxic Debris\n|-sidestart|p2: grgwrgwegwe|move: Toxic Spikes\n|faint|p1a: Prick\n|\n|-damage|p2a: Uno Reverse|22/100 psn|[from] psn\n|upkeep\n|\n|t:|1782437560\n|switch|p1a: Goku|Malamar, M, shiny|100/100\n|turn|22\n|\n|t:|1782437565\n|move|p2a: Uno Reverse|Knock Off|p1a: Goku\n|-damage|p1a: Goku|73/100\n|-enditem|p1a: Goku|Focus Sash|[from] move: Knock Off|[of] p2a: Uno Reverse\n|move|p1a: Goku|Superpower|p2a: Uno Reverse\n|-damage|p2a: Uno Reverse|0 fnt\n|-boost|p1a: Goku|atk|1\n|-boost|p1a: Goku|def|1\n|faint|p2a: Uno Reverse\n|-end|p2a: Uno Reverse|Protosynthesis|[silent]\n|\n|upkeep\n|\n|t:|1782437570\n|switch|p2a: Jbai|Sylveon, F|100/100\n|-status|p2a: Jbai|tox\n|turn|23\n|\n|t:|1782437582\n|move|p1a: Goku|Knock Off|p2a: Jbai\n|-resisted|p2a: Jbai\n|-damage|p2a: Jbai|69/100 tox\n|-enditem|p2a: Jbai|Choice Specs|[from] move: Knock Off|[of] p1a: Goku\n|move|p2a: Jbai|Hyper Voice|p1a: Goku\n|-supereffective|p1a: Goku\n|-damage|p1a: Goku|0 fnt\n|faint|p1a: Goku\n|\n|win|grgwrgwegwe\n|raw|Blazer52637's rating: 1077 &rarr; <strong>1057</strong><br />(-20 for losing)\n|raw|grgwrgwegwe's rating: 1103 &rarr; <strong>1126</strong><br />(+23 for winning)\n|l|☆Blazer52637\n|player|p1|\n", "uploadtime": 1782437858, "views": 7, "formatid": "gen9ou", "rating": 1057, "private": 0, "password": null}