{"id": "gen9ou-2640005735", "format": "[Gen 9] OU", "players": ["space t00n", "Pinkacross"], "log": "|badge|p2|silver|gen9ou|30-9\n|html|<div class=\"broadcast-red\"><strong>This battle is required to be public due to one or more player having a season medal.</strong><br />During the public phase, you can discuss the state of the ladder <a href=\"/seasondiscussion\">in a special chatroom.</a></div>\n|uhtml|medal-msg|<div class=\"broadcast-blue\">Curious what those medals under the avatar are? PS now has Ladder Seasons! For more information, check out the <a href=\"https://www.smogon.com/forums/threads/3740067/\">thread on Smogon.</a></div>\n|raw|<div class=\"broadcast-blue\"><strong>This battle is required to be public due to a player having a name starting with 'medal'.</div>\n|j|☆space t00n\n|j|☆Pinkacross\n|t:|1782562408\n|gametype|singles\n|player|p1|space t00n|lucas|1797\n|player|p2|Pinkacross|artist|1865\n|gen|9\n|tier|[Gen 9] OU\n|rated|\n|rule|HP Percentage Mod: HP is shown in percentages\n|rule|Endless Battle Clause: Forcing endless battles is banned\n|rule|Species Clause: Limit one of each Pokémon\n|rule|OHKO Clause: OHKO moves are banned\n|rule|Evasion Items Clause: Evasion items are banned\n|rule|Evasion Moves Clause: Evasion moves are banned\n|rule|Evasion Abilities Clause: Evasion abilities are banned\n|rule|Sleep Moves Clause: Sleep-inducing moves are banned\n|clearpoke\n|poke|p1|Dragonite, M|\n|poke|p1|Glimmora, F|\n|poke|p1|Zamazenta-*|\n|poke|p1|Landorus-Therian, M|\n|poke|p1|Kingambit, M|\n|poke|p1|Gholdengo|\n|poke|p2|Deoxys-Speed|\n|poke|p2|Araquanid, M|\n|poke|p2|Zamazenta-*|\n|poke|p2|Gholdengo|\n|poke|p2|Enamorus, F|\n|poke|p2|Iron Treads|\n|teampreview\n|inactive|Battle timer is ON: inactive players will automatically lose when time's up. (requested by space t00n)\n|c|☆space t00n|hf\n|inactive|Pinkacross has 120 seconds left.\n|c|☆Pinkacross|u2\n|\n|t:|1782562451\n|teamsize|p1|6\n|teamsize|p2|6\n|start\n|switch|p1a: Glimmora|Glimmora, F|100/100\n|switch|p2a: Araquanid|Araquanid, M|100/100\n|turn|1\n|j| Garden of Dreams\n|\n|t:|1782562475\n|move|p1a: Glimmora|Power Gem|p2a: Araquanid\n|-supereffective|p2a: Araquanid\n|-damage|p2a: Araquanid|45/100\n|move|p2a: Araquanid|Sticky Web|p1a: Glimmora\n|-sidestart|p1: space t00n|move: Sticky Web\n|\n|upkeep\n|turn|2\n|\n|t:|1782562499\n|switch|p2a: Iron Treads|Iron Treads|100/100\n|-enditem|p2a: Iron Treads|Booster Energy\n|-activate|p2a: Iron Treads|ability: Quark Drive|[fromitem]\n|-start|p2a: Iron Treads|quarkdriveatk\n|move|p1a: Glimmora|Mortal Spin|p2a: Iron Treads\n|-immune|p2a: Iron Treads\n|\n|upkeep\n|turn|3\n|j| tzop\n|j| dante1310\n|\n|t:|1782562512\n|switch|p1a: Zamazenta|Zamazenta|100/100\n|-activate|p1a: Zamazenta|move: Sticky Web\n|-unboost|p1a: Zamazenta|spe|1\n|-ability|p1a: Zamazenta|Dauntless Shield|boost\n|-boost|p1a: Zamazenta|def|1\n|move|p2a: Iron Treads|Earthquake|p1a: Zamazenta\n|-damage|p1a: Zamazenta|69/100\n|\n|-heal|p1a: Zamazenta|75/100|[from] item: Leftovers\n|upkeep\n|turn|4\n|\n|t:|1782562519\n|-end|p2a: Iron Treads|Quark Drive|[silent]\n|switch|p2a: Enamorus|Enamorus, F|100/100\n|move|p1a: Zamazenta|Crunch|p2a: Enamorus\n|-resisted|p2a: Enamorus\n|-damage|p2a: Enamorus|84/100\n|\n|-heal|p1a: Zamazenta|81/100|[from] item: Leftovers\n|upkeep\n|turn|5\n|inactive|space t00n has 120 seconds left.\n|\n|t:|1782562562\n|switch|p1a: Glimmora|Glimmora, F|100/100\n|-activate|p1a: Glimmora|move: Sticky Web\n|-unboost|p1a: Glimmora|spe|1\n|move|p2a: Enamorus|Moonblast|p1a: Glimmora\n|-resisted|p1a: Glimmora\n|-damage|p1a: Glimmora|72/100\n|-unboost|p1a: Glimmora|spa|1\n|-enditem|p1a: Glimmora|Red Card|[of] p2a: Enamorus\n|drag|p2a: Araquanid|Araquanid, M|45/100\n|\n|upkeep\n|turn|6\n|inactive|Pinkacross has 120 seconds left.\n|\n|t:|1782562595\n|switch|p1a: Dragonite|Dragonite, M|100/100\n|switch|p2a: Iron Treads|Iron Treads|100/100\n|\n|upkeep\n|turn|7\n|inactive|space t00n has 120 seconds left.\n|\n|t:|1782562607\n|switch|p1a: Zamazenta|Zamazenta|81/100\n|-activate|p1a: Zamazenta|move: Sticky Web\n|-unboost|p1a: Zamazenta|spe|1\n|move|p2a: Iron Treads|Rapid Spin|p1a: Zamazenta\n|-damage|p1a: Zamazenta|68/100\n|-boost|p2a: Iron Treads|spe|1\n|\n|-heal|p1a: Zamazenta|74/100|[from] item: Leftovers\n|upkeep\n|turn|8\n|inactive|space t00n has 120 seconds left.\n|inactive|Pinkacross has 120 seconds left.\n|\n|t:|1782562641\n|-end|p2a: Iron Treads|Quark Drive|[silent]\n|switch|p2a: Enamorus|Enamorus, F|84/100\n|switch|p1a: Gholdengo|Gholdengo|100/100\n|-activate|p1a: Gholdengo|move: Sticky Web\n|-unboost|p1a: Gholdengo|spe|1\n|\n|upkeep\n|turn|9\n|inactive|space t00n has 120 seconds left.\n|inactive|Pinkacross has 90 seconds left.\n|\n|t:|1782562680\n|move|p2a: Enamorus|Earth Power|p1a: Gholdengo\n|-supereffective|p1a: Gholdengo\n|-damage|p1a: Gholdengo|0 fnt\n|faint|p1a: Gholdengo\n|-damage|p2a: Enamorus|75/100|[from] item: Life Orb\n|\n|upkeep\n|\n|t:|1782562684\n|switch|p1a: Dragonite|Dragonite, M|100/100\n|turn|10\n|inactive|Pinkacross has 90 seconds left.\n|inactive|Pinkacross has 60 seconds left.\n|\n|t:|1782562740\n|move|p2a: Enamorus|Moonblast|p1a: Dragonite\n|-supereffective|p1a: Dragonite\n|-damage|p1a: Dragonite|20/100\n|-unboost|p1a: Dragonite|spa|1\n|-damage|p2a: Enamorus|65/100|[from] item: Life Orb\n|move|p1a: Dragonite|Dragon Dance|p1a: Dragonite\n|-boost|p1a: Dragonite|atk|1\n|-boost|p1a: Dragonite|spe|1\n|\n|upkeep\n|turn|11\n|\n|t:|1782562751\n|switch|p2a: Zamazenta|Zamazenta|100/100\n|-ability|p2a: Zamazenta|Dauntless Shield|boost\n|-boost|p2a: Zamazenta|def|1\n|move|p1a: Dragonite|Ice Spinner|p2a: Zamazenta\n|-damage|p2a: Zamazenta|78/100\n|\n|upkeep\n|turn|12\n|\n|t:|1782562760\n|move|p1a: Dragonite|Roost|p1a: Dragonite\n|-heal|p1a: Dragonite|70/100\n|-singleturn|p1a: Dragonite|move: Roost\n|move|p2a: Zamazenta|Reflect|p2a: Zamazenta\n|-sidestart|p2: Pinkacross|Reflect\n|\n|upkeep\n|turn|13\n|inactive|Pinkacross has 60 seconds left.\n|\n|t:|1782562769\n|move|p1a: Dragonite|Roost|p1a: Dragonite\n|-heal|p1a: Dragonite|100/100\n|-singleturn|p1a: Dragonite|move: Roost\n|move|p2a: Zamazenta|Roar|p1a: Dragonite\n|drag|p1a: Zamazenta|Zamazenta|74/100\n|-activate|p1a: Zamazenta|move: Sticky Web\n|-unboost|p1a: Zamazenta|spe|1\n|\n|-heal|p1a: Zamazenta|80/100|[from] item: Leftovers\n|upkeep\n|turn|14\n|\n|t:|1782562778\n|switch|p2a: Enamorus|Enamorus, F|65/100\n|switch|p1a: Landorus|Landorus-Therian, M|100/100\n|-ability|p1a: Landorus|Intimidate|boost\n|-boost|p2a: Enamorus|atk|1\n|\n|upkeep\n|turn|15\n|\n|t:|1782562782\n|move|p2a: Enamorus|Moonblast|p1a: Landorus\n|-damage|p1a: Landorus|0 fnt\n|faint|p1a: Landorus\n|-damage|p2a: Enamorus|55/100|[from] item: Life Orb\n|\n|upkeep\n|\n|t:|1782562787\n|switch|p1a: Dragonite|Dragonite, M|100/100\n|turn|16\n|\n|t:|1782562790\n|move|p2a: Enamorus|Draining Kiss|p1a: Dragonite\n|-supereffective|p1a: Dragonite\n|-damage|p1a: Dragonite|60/100\n|-heal|p2a: Enamorus|89/100|[from] drain|[of] p1a: Dragonite\n|-damage|p2a: Enamorus|79/100|[from] item: Life Orb\n|move|p1a: Dragonite|Dragon Dance|p1a: Dragonite\n|-boost|p1a: Dragonite|atk|1\n|-boost|p1a: Dragonite|spe|1\n|\n|upkeep\n|turn|17\n|\n|t:|1782562796\n|-terastallize|p1a: Dragonite|Ground\n|move|p1a: Dragonite|Roost|p1a: Dragonite\n|-heal|p1a: Dragonite|100/100\n|move|p2a: Enamorus|Draining Kiss|p1a: Dragonite\n|-damage|p1a: Dragonite|80/100\n|-heal|p2a: Enamorus|97/100|[from] drain|[of] p1a: Dragonite\n|-damage|p2a: Enamorus|87/100|[from] item: Life Orb\n|\n|upkeep\n|turn|18\n|\n|t:|1782562804\n|switch|p2a: Araquanid|Araquanid, M|45/100\n|move|p1a: Dragonite|Roost|p1a: Dragonite\n|-heal|p1a: Dragonite|100/100\n|\n|upkeep\n|turn|19\n|\n|t:|1782562810\n|move|p1a: Dragonite|Dragon Dance|p1a: Dragonite\n|-boost|p1a: Dragonite|atk|1\n|-boost|p1a: Dragonite|spe|1\n|move|p2a: Araquanid|Surf|p1a: Dragonite\n|-supereffective|p1a: Dragonite\n|-damage|p1a: Dragonite|41/100\n|\n|-sideend|p2: Pinkacross|Reflect\n|upkeep\n|turn|20\n|\n|t:|1782562814\n|move|p2a: Araquanid|Endure|p2a: Araquanid\n|-singleturn|p2a: Araquanid|move: Endure\n|move|p1a: Dragonite|Earthquake|p2a: Araquanid\n|-resisted|p2a: Araquanid\n|-activate|p2a: Araquanid|move: Endure\n|-damage|p2a: Araquanid|1/100\n|\n|upkeep\n|turn|21\n|-enditem|p2a: Araquanid|Custap Berry|[eat]\n|-activate|p2a: Araquanid|item: Custap Berry|[consumed]\n|\n|t:|1782562819\n|switch|p1a: Kingambit|Kingambit, M|100/100\n|-activate|p1a: Kingambit|move: Sticky Web\n|-unboost|p1a: Kingambit|spe|1\n|-activate|p1a: Kingambit|ability: Supreme Overlord\n|-start|p1a: Kingambit|fallen2|[silent]\n|move|p2a: Araquanid|Surf|p1a: Kingambit\n|-damage|p1a: Kingambit|40/100\n|\n|-heal|p1a: Kingambit|46/100|[from] item: Leftovers\n|upkeep\n|turn|22\n|\n|t:|1782562825\n|switch|p2a: Zamazenta|Zamazenta|78/100\n|move|p1a: Kingambit|Sucker Punch||[still]\n|-fail|p1a: Kingambit\n|\n|-heal|p1a: Kingambit|53/100|[from] item: Leftovers\n|upkeep\n|turn|23\n|\n|t:|1782562835\n|-end|p1a: Kingambit|fallen2|[silent]\n|switch|p1a: Glimmora|Glimmora, F|72/100\n|-activate|p1a: Glimmora|move: Sticky Web\n|-unboost|p1a: Glimmora|spe|1\n|move|p2a: Zamazenta|Reflect|p2a: Zamazenta\n|-sidestart|p2: Pinkacross|Reflect\n|\n|upkeep\n|turn|24\n|\n|t:|1782562844\n|switch|p2a: Iron Treads|Iron Treads|100/100\n|move|p1a: Glimmora|Spikes|p2a: Iron Treads\n|-sidestart|p2: Pinkacross|Spikes\n|\n|upkeep\n|turn|25\n|\n|t:|1782562851\n|switch|p1a: Zamazenta|Zamazenta|80/100\n|-activate|p1a: Zamazenta|move: Sticky Web\n|-unboost|p1a: Zamazenta|spe|1\n|move|p2a: Iron Treads|Earthquake|p1a: Zamazenta\n|-damage|p1a: Zamazenta|40/100\n|\n|-heal|p1a: Zamazenta|46/100|[from] item: Leftovers\n|upkeep\n|turn|26\n|j| Kathryne Keyron\n|\n|t:|1782562863\n|switch|p1a: Glimmora|Glimmora, F|72/100\n|-activate|p1a: Glimmora|move: Sticky Web\n|-unboost|p1a: Glimmora|spe|1\n|move|p2a: Iron Treads|Earthquake|p1a: Glimmora\n|-supereffective|p1a: Glimmora\n|-damage|p1a: Glimmora|0 fnt\n|-activate|p1a: Glimmora|ability: Toxic Debris\n|-sidestart|p2: Pinkacross|move: Toxic Spikes\n|faint|p1a: Glimmora\n|\n|upkeep\n|\n|t:|1782562870\n|switch|p1a: Zamazenta|Zamazenta|46/100\n|-activate|p1a: Zamazenta|move: Sticky Web\n|-unboost|p1a: Zamazenta|spe|1\n|turn|27\n|\n|t:|1782562873\n|move|p2a: Iron Treads|Rapid Spin|p1a: Zamazenta\n|-damage|p1a: Zamazenta|34/100\n|-boost|p2a: Iron Treads|spe|1\n|-sideend|p2: Pinkacross|Spikes|[from] move: Rapid Spin|[of] p2a: Iron Treads\n|-sideend|p2: Pinkacross|Toxic Spikes|[from] move: Rapid Spin|[of] p2a: Iron Treads\n|move|p1a: Zamazenta|Roar|p2a: Iron Treads\n|-end|p2a: Iron Treads|Quark Drive|[silent]\n|drag|p2a: Deoxys|Deoxys-Speed|100/100\n|-ability|p2a: Deoxys|Pressure\n|\n|-heal|p1a: Zamazenta|40/100|[from] item: Leftovers\n|upkeep\n|turn|28\n|\n|t:|1782562879\n|-terastallize|p2a: Deoxys|Electric\n|move|p2a: Deoxys|Thunderbolt|p1a: Zamazenta\n|-damage|p1a: Zamazenta|0 fnt\n|faint|p1a: Zamazenta\n|-damage|p2a: Deoxys|91/100|[from] item: Life Orb\n|\n|upkeep\n|\n|t:|1782562883\n|switch|p1a: Kingambit|Kingambit, M|53/100\n|-activate|p1a: Kingambit|move: Sticky Web\n|-unboost|p1a: Kingambit|spe|1\n|-activate|p1a: Kingambit|ability: Supreme Overlord\n|-start|p1a: Kingambit|fallen4|[silent]\n|turn|29\n|j| Fridgoris\n|\n|t:|1782562895\n|move|p2a: Deoxys|Thunderbolt|p1a: Kingambit\n|-damage|p1a: Kingambit|0 fnt\n|faint|p1a: Kingambit\n|-end|p1a: Kingambit|fallen4|[silent]\n|-damage|p2a: Deoxys|81/100|[from] item: Life Orb\n|\n|upkeep\n|\n|t:|1782562898\n|switch|p1a: Dragonite|Dragonite, M, tera:Ground|41/100\n|turn|30\n|\n|t:|1782562900\n|move|p2a: Deoxys|Ice Beam|p1a: Dragonite\n|-supereffective|p1a: Dragonite\n|-damage|p1a: Dragonite|0 fnt\n|faint|p1a: Dragonite\n|-damage|p2a: Deoxys|72/100|[from] item: Life Orb\n|\n|win|Pinkacross\n|raw|space t00n's rating: 1797 &rarr; <strong>1781</strong><br />(-16 for losing)\n|raw|Pinkacross's rating: 1868 &rarr; <strong>1884</strong><br />(+16 for winning)\n|c|☆Pinkacross|gg\n|c|☆space t00n|gg\n|l|☆Pinkacross\n|player|p2|\n|l|☆space t00n\n|player|p1|\n|j|☆space t00n\n|player|p1|space t00n|lucas|\n|l| dante1310\n|l|☆space t00n\n|player|p1|\n|l| Fridgoris\n|l| Garden of Dreams\n", "uploadtime": 1782562903, "views": 6, "formatid": "gen9ou", "rating": 1781, "private": 0, "password": null}