{"id": "gen9ou-2540817634", "format": "[Gen 9] OU", "players": ["hyonparkdalton", "mickeyb2"], "log": "|j|☆hyonparkdalton\n|j|☆mickeyb2\n|t:|1771257157\n|gametype|singles\n|player|p1|hyonparkdalton|yancy|1603\n|player|p2|mickeyb2|flint|1628\n|gen|9\n|tier|[Gen 9] OU\n|rated|\n|rule|HP Percentage Mod: HP is shown in percentages\n|rule|Endless Battle Clause: Forcing endless battles is banned\n|rule|Species Clause: Limit one of each Pokémon\n|rule|OHKO Clause: OHKO moves are banned\n|rule|Evasion Items Clause: Evasion items are banned\n|rule|Evasion Moves Clause: Evasion moves are banned\n|rule|Evasion Abilities Clause: Evasion abilities are banned\n|rule|Sleep Moves Clause: Sleep-inducing moves are banned\n|clearpoke\n|poke|p1|Meowscarada, F|\n|poke|p1|Dragapult, M|\n|poke|p1|Corviknight, M|\n|poke|p1|Great Tusk|\n|poke|p1|Alomomola, F|\n|poke|p1|Dragonite, F|\n|poke|p2|Kyurem|\n|poke|p2|Reuniclus, M|\n|poke|p2|Enamorus, F|\n|poke|p2|Lokix, F|\n|poke|p2|Cinderace, M|\n|poke|p2|Slowking, F|\n|teampreview\n|inactive|Battle timer is ON: inactive players will automatically lose when time's up. (requested by mickeyb2)\n|inactive|hyonparkdalton has 120 seconds left.\n|\n|t:|1771257191\n|teamsize|p1|6\n|teamsize|p2|6\n|start\n|switch|p1a: Great Tusk|Great Tusk|100/100\n|switch|p2a: Cinderace|Cinderace, M|100/100\n|turn|1\n|\n|t:|1771257200\n|-end|p1a: Great Tusk|Protosynthesis|[silent]\n|switch|p1a: Alomomola|Alomomola, F|100/100\n|move|p2a: Cinderace|Will-O-Wisp|p1a: Alomomola\n|-status|p1a: Alomomola|brn\n|\n|-damage|p1a: Alomomola|94/100 brn|[from] brn\n|upkeep\n|turn|2\n|\n|t:|1771257205\n|switch|p2a: Slowking|Slowking, F|100/100\n|move|p1a: Alomomola|Flip Turn|p2a: Slowking\n|-resisted|p2a: Slowking\n|-damage|p2a: Slowking|97/100\n|-damage|p1a: Alomomola|78/100 brn|[from] item: Rocky Helmet|[of] p2a: Slowking\n|\n|t:|1771257210\n|switch|p1a: Meowscarada|Meowscarada, F|100/100|[from] Flip Turn\n|\n|upkeep\n|turn|3\n|\n|t:|1771257225\n|switch|p2a: Enamorus|Enamorus, F|100/100\n|move|p1a: Meowscarada|Knock Off|p2a: Enamorus\n|-start|p1a: Meowscarada|typechange|Dark|[from] ability: Protean\n|-resisted|p2a: Enamorus\n|-damage|p2a: Enamorus|67/100\n|-enditem|p2a: Enamorus|Leftovers|[from] move: Knock Off|[of] p1a: Meowscarada\n|\n|upkeep\n|turn|4\n|inactive|hyonparkdalton has 120 seconds left.\n|\n|t:|1771257255\n|switch|p1a: Dragapult|Dragapult, M|100/100\n|move|p2a: Enamorus|Superpower|p1a: Dragapult\n|-immune|p1a: Dragapult\n|\n|upkeep\n|turn|5\n|\n|t:|1771257261\n|move|p1a: Dragapult|Shadow Ball|p2a: Enamorus\n|-damage|p2a: Enamorus|0 fnt\n|faint|p2a: Enamorus\n|\n|upkeep\n|\n|t:|1771257264\n|switch|p2a: Kyurem|Kyurem|100/100\n|-ability|p2a: Kyurem|Pressure\n|turn|6\n|\n|t:|1771257284\n|move|p1a: Dragapult|Shadow Ball|p2a: Kyurem\n|-damage|p2a: Kyurem|73/100\n|move|p2a: Kyurem|Scale Shot|p1a: Dragapult|[miss]\n|-miss|p2a: Kyurem|p1a: Dragapult\n|\n|upkeep\n|turn|7\n|inactive|hyonparkdalton has 120 seconds left.\n|c|☆mickeyb2|:(\n|\n|t:|1771257312\n|switch|p1a: Alomomola|Alomomola, F|100/100 brn\n|move|p2a: Kyurem|Freeze-Dry|p1a: Alomomola\n|-supereffective|p1a: Alomomola\n|-damage|p1a: Alomomola|62/100 brn\n|\n|-damage|p1a: Alomomola|56/100 brn|[from] brn\n|upkeep\n|turn|8\n|\n|t:|1771257319\n|move|p2a: Kyurem|Freeze-Dry|p1a: Alomomola\n|-supereffective|p1a: Alomomola\n|-damage|p1a: Alomomola|17/100 brn\n|move|p1a: Alomomola|Flip Turn|p2a: Kyurem\n|-resisted|p2a: Kyurem\n|-damage|p2a: Kyurem|69/100\n|\n|t:|1771257346\n|switch|p1a: Corviknight|Corviknight, M|100/100|[from] Flip Turn\n|-ability|p1a: Corviknight|Pressure\n|\n|upkeep\n|turn|9\n|\n|t:|1771257355\n|switch|p2a: Cinderace|Cinderace, M|100/100\n|move|p1a: Corviknight|U-turn|p2a: Cinderace\n|-resisted|p2a: Cinderace\n|-damage|p2a: Cinderace|92/100\n|\n|t:|1771257361\n|switch|p1a: Dragapult|Dragapult, M|100/100|[from] U-turn\n|\n|upkeep\n|turn|10\n|\n|t:|1771257377\n|move|p1a: Dragapult|Shadow Ball|p2a: Cinderace\n|-damage|p2a: Cinderace|41/100\n|-unboost|p2a: Cinderace|spd|1\n|move|p2a: Cinderace|Gunk Shot|p1a: Dragapult|[miss]\n|-start|p2a: Cinderace|typechange|Poison|[from] ability: Libero\n|-miss|p2a: Cinderace|p1a: Dragapult\n|\n|upkeep\n|turn|11\n|\n|t:|1771257385\n|move|p1a: Dragapult|Shadow Ball|p2a: Cinderace\n|-damage|p2a: Cinderace|0 fnt\n|faint|p2a: Cinderace\n|\n|upkeep\n|\n|t:|1771257391\n|switch|p2a: Lokix|Lokix, F|100/100\n|turn|12\n|inactive|hyonparkdalton has 90 seconds left.\n|\n|t:|1771257421\n|switch|p1a: Corviknight|Corviknight, M|100/100\n|-ability|p1a: Corviknight|Pressure\n|move|p2a: Lokix|Swords Dance|p2a: Lokix\n|-boost|p2a: Lokix|atk|2\n|\n|upkeep\n|turn|13\n|\n|t:|1771257430\n|move|p2a: Lokix|Swords Dance|p2a: Lokix\n|-boost|p2a: Lokix|atk|2\n|move|p1a: Corviknight|Body Press|p2a: Lokix\n|-damage|p2a: Lokix|73/100\n|\n|-heal|p2a: Lokix|79/100|[from] item: Leftovers\n|upkeep\n|turn|14\n|\n|t:|1771257441\n|move|p2a: Lokix|Swords Dance|p2a: Lokix\n|-boost|p2a: Lokix|atk|2\n|move|p1a: Corviknight|U-turn|p2a: Lokix\n|-supereffective|p2a: Lokix\n|-damage|p2a: Lokix|47/100\n|\n|t:|1771257444\n|switch|p1a: Dragonite|Dragonite, F|100/100|[from] U-turn\n|\n|-heal|p2a: Lokix|53/100|[from] item: Leftovers\n|upkeep\n|turn|15\n|\n|t:|1771257451\n|-terastallize|p2a: Lokix|Ghost\n|move|p1a: Dragonite|Encore|p2a: Lokix\n|-start|p2a: Lokix|Encore\n|move|p2a: Lokix|Swords Dance|p2a: Lokix\n|-boost|p2a: Lokix|atk|0\n|\n|-heal|p2a: Lokix|59/100|[from] item: Leftovers\n|upkeep\n|turn|16\n|c|☆mickeyb2|rude\n|c|☆mickeyb2|very rude\n|\n|t:|1771257463\n|switch|p2a: Kyurem|Kyurem|69/100\n|-ability|p2a: Kyurem|Pressure\n|move|p1a: Dragonite|Dragon Dance|p1a: Dragonite\n|-boost|p1a: Dragonite|atk|1\n|-boost|p1a: Dragonite|spe|1\n|\n|upkeep\n|turn|17\n|inactive|hyonparkdalton has 120 seconds left.\n|inactive|hyonparkdalton has 90 seconds left.\n|\n|t:|1771257519\n|-terastallize|p1a: Dragonite|Flying\n|move|p1a: Dragonite|Tera Blast|p2a: Kyurem|[anim] Tera Blast Flying\n|-damage|p2a: Kyurem|0 fnt\n|faint|p2a: Kyurem\n|\n|upkeep\n|\n|t:|1771257525\n|switch|p2a: Reuniclus|Reuniclus, M|100/100\n|turn|18\n|inactive|hyonparkdalton has 60 seconds left.\n|\n|t:|1771257568\n|move|p1a: Dragonite|Tera Blast|p2a: Reuniclus|[anim] Tera Blast Flying\n|-damage|p2a: Reuniclus|24/100\n|move|p2a: Reuniclus|Trick Room|p2a: Reuniclus\n|-fieldstart|move: Trick Room|[of] p2a: Reuniclus\n|\n|upkeep\n|turn|19\n|\n|t:|1771257575\n|move|p2a: Reuniclus|Psychic Noise|p1a: Dragonite\n|-damage|p1a: Dragonite|79/100\n|-start|p1a: Dragonite|move: Heal Block\n|move|p1a: Dragonite|Tera Blast|p2a: Reuniclus|[anim] Tera Blast Flying\n|-crit|p2a: Reuniclus\n|-damage|p2a: Reuniclus|0 fnt\n|faint|p2a: Reuniclus\n|\n|upkeep\n|\n|t:|1771257578\n|switch|p2a: Slowking|Slowking, F|100/100\n|turn|20\n|\n|t:|1771257582\n|move|p2a: Slowking|Scald|p1a: Dragonite\n|-damage|p1a: Dragonite|41/100\n|-status|p1a: Dragonite|brn\n|move|p1a: Dragonite|Tera Blast|p2a: Slowking|[anim] Tera Blast Flying\n|-damage|p2a: Slowking|62/100\n|\n|-damage|p1a: Dragonite|35/100 brn|[from] brn\n|-end|p1a: Dragonite|move: Heal Block\n|upkeep\n|turn|21\n|\n|t:|1771257594\n|move|p2a: Slowking|Scald|p1a: Dragonite\n|-damage|p1a: Dragonite|0 fnt\n|faint|p1a: Dragonite\n|\n|upkeep\n|\n|t:|1771257600\n|switch|p1a: Alomomola|Alomomola, F|50/100 brn\n|turn|22\n|\n|t:|1771257609\n|move|p2a: Slowking|Future Sight|p1a: Alomomola\n|-start|p2a: Slowking|move: Future Sight\n|move|p1a: Alomomola|Flip Turn|p2a: Slowking\n|-resisted|p2a: Slowking\n|-crit|p2a: Slowking\n|-damage|p2a: Slowking|57/100\n|-damage|p1a: Alomomola|34/100 brn|[from] item: Rocky Helmet|[of] p2a: Slowking\n|\n|t:|1771257622\n|switch|p1a: Meowscarada|Meowscarada, F|100/100|[from] Flip Turn\n|\n|-fieldend|move: Trick Room\n|upkeep\n|turn|23\n|\n|t:|1771257630\n|move|p1a: Meowscarada|Knock Off|p2a: Slowking\n|-start|p1a: Meowscarada|typechange|Dark|[from] ability: Protean\n|-supereffective|p2a: Slowking\n|-damage|p2a: Slowking|0 fnt\n|-damage|p1a: Meowscarada|84/100|[from] item: Rocky Helmet|[of] p2a: Slowking\n|-enditem|p2a: Slowking|Rocky Helmet|[from] move: Knock Off|[of] p1a: Meowscarada\n|faint|p2a: Slowking\n|\n|upkeep\n|\n|t:|1771257632\n|switch|p2a: Lokix|Lokix, F, tera:Ghost|59/100\n|turn|24\n|\n|t:|1771257637\n|move|p2a: Lokix|Sucker Punch|p1a: Meowscarada\n|-resisted|p1a: Meowscarada\n|-damage|p1a: Meowscarada|31/100\n|move|p1a: Meowscarada|Knock Off|p2a: Lokix\n|-supereffective|p2a: Lokix\n|-damage|p2a: Lokix|0 fnt\n|-enditem|p2a: Lokix|Leftovers|[from] move: Knock Off|[of] p1a: Meowscarada\n|faint|p2a: Lokix\n|\n|win|hyonparkdalton\n|raw|hyonparkdalton's rating: 1603 &rarr; <strong>1625</strong><br />(+22 for winning)\n|raw|mickeyb2's rating: 1644 &rarr; <strong>1622</strong><br />(-22 for losing)\n|c|☆mickeyb2|congrats g\n|l|☆mickeyb2\n|player|p2|\n|c|☆hyonparkdalton|gg\n", "uploadtime": 1771257796, "views": 5, "formatid": "gen9ou", "rating": 1622, "private": 0, "password": null}