{"id": "gen9ou-2639228670", "format": "[Gen 9] OU", "players": ["thepeakmons", "aonabiyi88"], "log": "|j|☆thepeakmons\n|j|☆aonabiyi88\n|t:|1782437325\n|gametype|singles\n|player|p1|thepeakmons|101|1246\n|player|p2|aonabiyi88|hoopster|1247\n|gen|9\n|tier|[Gen 9] OU\n|rated|\n|rule|HP Percentage Mod: HP is shown in percentages\n|rule|Endless Battle Clause: Forcing endless battles is banned\n|rule|Species Clause: Limit one of each Pokémon\n|rule|OHKO Clause: OHKO moves are banned\n|rule|Evasion Items Clause: Evasion items are banned\n|rule|Evasion Moves Clause: Evasion moves are banned\n|rule|Evasion Abilities Clause: Evasion abilities are banned\n|rule|Sleep Moves Clause: Sleep-inducing moves are banned\n|clearpoke\n|poke|p1|Corviknight, F|\n|poke|p1|Ting-Lu|\n|poke|p1|Kyurem|\n|poke|p1|Dondozo, M|\n|poke|p1|Slowking-Galar, M|\n|poke|p1|Cinderace, F|\n|poke|p2|Okidogi, M|\n|poke|p2|Araquanid, M|\n|poke|p2|Regieleki|\n|poke|p2|Gengar, F|\n|poke|p2|Gliscor, F|\n|poke|p2|Hoopa-Unbound|\n|teampreview\n|inactive|Battle timer is ON: inactive players will automatically lose when time's up. (requested by thepeakmons)\n|\n|t:|1782437360\n|teamsize|p1|6\n|teamsize|p2|6\n|start\n|switch|p1a: Cinderace|Cinderace, F|100/100\n|switch|p2a: Araquanid|Araquanid, M|100/100\n|turn|1\n|inactive|thepeakmons has 120 seconds left.\n|\n|t:|1782437399\n|move|p1a: Cinderace|Pyro Ball|p2a: Araquanid\n|-damage|p2a: Araquanid|74/100\n|move|p2a: Araquanid|Surf|p1a: Cinderace\n|-supereffective|p1a: Cinderace\n|-damage|p1a: Cinderace|18/100\n|\n|-heal|p2a: Araquanid|80/100|[from] item: Leftovers\n|upkeep\n|turn|2\n|inactive|thepeakmons has 120 seconds left.\n|\n|t:|1782437417\n|move|p1a: Cinderace|Pyro Ball|p2a: Araquanid|[miss]\n|-miss|p1a: Cinderace|p2a: Araquanid\n|move|p2a: Araquanid|Surf|p1a: Cinderace\n|-supereffective|p1a: Cinderace\n|-damage|p1a: Cinderace|0 fnt\n|faint|p1a: Cinderace\n|\n|-heal|p2a: Araquanid|86/100|[from] item: Leftovers\n|upkeep\n|\n|t:|1782437438\n|switch|p1a: Corviknight|Corviknight, F|100/100\n|-ability|p1a: Corviknight|Pressure\n|turn|3\n|\n|t:|1782437452\n|move|p1a: Corviknight|Brave Bird|p2a: Araquanid\n|-supereffective|p2a: Araquanid\n|-damage|p2a: Araquanid|10/100\n|-damage|p1a: Corviknight|79/100|[from] Recoil\n|move|p2a: Araquanid|Sticky Web|p1a: Corviknight\n|-sidestart|p1: thepeakmons|move: Sticky Web\n|\n|-heal|p2a: Araquanid|16/100|[from] item: Leftovers\n|upkeep\n|turn|4\n|\n|t:|1782437462\n|switch|p2a: Regieleki|Regieleki|100/100\n|move|p1a: Corviknight|Defog|p2a: Regieleki\n|-unboost|p2a: Regieleki|evasion|1\n|-sideend|p1: thepeakmons|Sticky Web|[from] move: Defog|[of] p1a: Corviknight\n|\n|upkeep\n|turn|5\n|\n|t:|1782437470\n|switch|p1a: Ting-Lu|Ting-Lu|100/100\n|-ability|p1a: Ting-Lu|Vessel of Ruin\n|move|p2a: Regieleki|Thunderbolt|p1a: Ting-Lu\n|-immune|p1a: Ting-Lu\n|\n|upkeep\n|turn|6\n|\n|t:|1782437492\n|switch|p2a: Okidogi|Okidogi, M|100/100\n|switch|p1a: Kyurem|Kyurem|100/100\n|-ability|p1a: Kyurem|Pressure\n|\n|upkeep\n|turn|7\n|inactive|thepeakmons has 90 seconds left.\n|\n|t:|1782437512\n|move|p1a: Kyurem|Freeze-Dry|p2a: Okidogi\n|-damage|p2a: Okidogi|64/100\n|move|p2a: Okidogi|Bulk Up|p2a: Okidogi\n|-boost|p2a: Okidogi|atk|1\n|-boost|p2a: Okidogi|def|1\n|\n|-heal|p2a: Okidogi|70/100|[from] item: Leftovers\n|upkeep\n|turn|8\n|inactive|thepeakmons has 90 seconds left.\n|\n|t:|1782437529\n|move|p1a: Kyurem|Earth Power|p2a: Okidogi\n|-supereffective|p2a: Okidogi\n|-damage|p2a: Okidogi|12/100\n|move|p2a: Okidogi|Drain Punch|p1a: Kyurem\n|-supereffective|p1a: Kyurem\n|-damage|p1a: Kyurem|17/100\n|-heal|p2a: Okidogi|56/100|[from] drain|[of] p1a: Kyurem\n|\n|-heal|p1a: Kyurem|24/100|[from] item: Leftovers\n|-heal|p2a: Okidogi|62/100|[from] item: Leftovers\n|upkeep\n|turn|9\n|\n|t:|1782437545\n|move|p1a: Kyurem|Earth Power|p2a: Okidogi\n|-supereffective|p2a: Okidogi\n|-damage|p2a: Okidogi|4/100\n|move|p2a: Okidogi|Knock Off|p1a: Kyurem\n|-damage|p1a: Kyurem|0 fnt\n|-enditem|p1a: Kyurem|Leftovers|[from] move: Knock Off|[of] p2a: Okidogi\n|faint|p1a: Kyurem\n|\n|-heal|p2a: Okidogi|10/100|[from] item: Leftovers\n|upkeep\n|\n|t:|1782437559\n|switch|p1a: Slowking|Slowking-Galar, M|100/100\n|turn|10\n|\n|t:|1782437566\n|-terastallize|p2a: Okidogi|Dark\n|move|p2a: Okidogi|Knock Off|p1a: Slowking\n|-supereffective|p1a: Slowking\n|-damage|p1a: Slowking|14/100\n|-enditem|p1a: Slowking|Shuca Berry|[from] move: Knock Off|[of] p2a: Okidogi\n|move|p1a: Slowking|Sludge Bomb|p2a: Okidogi\n|-damage|p2a: Okidogi|0 fnt\n|faint|p2a: Okidogi\n|\n|upkeep\n|\n|t:|1782437576\n|switch|p2a: Araquanid|Araquanid, M|16/100\n|turn|11\n|\n|t:|1782437585\n|switch|p1a: Corviknight|Corviknight, F|79/100\n|-ability|p1a: Corviknight|Pressure\n|move|p2a: Araquanid|Sticky Web|p1a: Corviknight\n|-sidestart|p1: thepeakmons|move: Sticky Web\n|\n|-heal|p2a: Araquanid|23/100|[from] item: Leftovers\n|upkeep\n|turn|12\n|inactive|thepeakmons has 90 seconds left.\n|\n|t:|1782437598\n|move|p1a: Corviknight|Defog|p2a: Araquanid\n|-unboost|p2a: Araquanid|evasion|1\n|-sideend|p1: thepeakmons|Sticky Web|[from] move: Defog|[of] p1a: Corviknight\n|move|p2a: Araquanid|Sticky Web|p1a: Corviknight\n|-sidestart|p1: thepeakmons|move: Sticky Web\n|\n|-heal|p2a: Araquanid|29/100|[from] item: Leftovers\n|upkeep\n|turn|13\n|inactive|thepeakmons has 90 seconds left.\n|\n|t:|1782437615\n|move|p1a: Corviknight|Defog|p2a: Araquanid\n|-unboost|p2a: Araquanid|evasion|1\n|-sideend|p1: thepeakmons|Sticky Web|[from] move: Defog|[of] p1a: Corviknight\n|move|p2a: Araquanid|Sticky Web|p1a: Corviknight\n|-sidestart|p1: thepeakmons|move: Sticky Web\n|\n|-heal|p2a: Araquanid|35/100|[from] item: Leftovers\n|upkeep\n|turn|14\n|\n|t:|1782437626\n|move|p1a: Corviknight|Defog|p2a: Araquanid\n|-unboost|p2a: Araquanid|evasion|1\n|-sideend|p1: thepeakmons|Sticky Web|[from] move: Defog|[of] p1a: Corviknight\n|move|p2a: Araquanid|Sticky Web|p1a: Corviknight\n|-sidestart|p1: thepeakmons|move: Sticky Web\n|\n|-heal|p2a: Araquanid|41/100|[from] item: Leftovers\n|upkeep\n|turn|15\n|\n|t:|1782437632\n|move|p1a: Corviknight|Brave Bird|p2a: Araquanid\n|-supereffective|p2a: Araquanid\n|-damage|p2a: Araquanid|0 fnt\n|faint|p2a: Araquanid\n|-damage|p1a: Corviknight|68/100|[from] Recoil\n|\n|upkeep\n|\n|t:|1782437638\n|switch|p2a: Regieleki|Regieleki|100/100\n|turn|16\n|\n|t:|1782437644\n|switch|p1a: Ting-Lu|Ting-Lu|100/100\n|-activate|p1a: Ting-Lu|move: Sticky Web\n|-unboost|p1a: Ting-Lu|spe|1\n|-ability|p1a: Ting-Lu|Vessel of Ruin\n|move|p2a: Regieleki|Thunderbolt|p1a: Ting-Lu\n|-immune|p1a: Ting-Lu\n|\n|upkeep\n|turn|17\n|inactive|thepeakmons has 90 seconds left.\n|\n|t:|1782437664\n|switch|p2a: Hoopa|Hoopa-Unbound|100/100\n|move|p1a: Ting-Lu|Payback|p2a: Hoopa\n|-damage|p2a: Hoopa|71/100\n|\n|upkeep\n|turn|18\n|inactive|thepeakmons has 90 seconds left.\n|\n|t:|1782437680\n|move|p2a: Hoopa|Hyperspace Fury|p1a: Ting-Lu\n|-resisted|p1a: Ting-Lu\n|-damage|p1a: Ting-Lu|76/100\n|-unboost|p2a: Hoopa|def|1\n|move|p1a: Ting-Lu|Payback|p2a: Hoopa\n|-damage|p2a: Hoopa|0 fnt\n|faint|p2a: Hoopa\n|\n|-heal|p1a: Ting-Lu|83/100|[from] item: Leftovers\n|upkeep\n|\n|t:|1782437685\n|switch|p2a: Gliscor|Gliscor, F|100/100\n|turn|19\n|inactive|thepeakmons has 90 seconds left.\n|\n|t:|1782437704\n|switch|p2a: Regieleki|Regieleki|100/100\n|switch|p1a: Corviknight|Corviknight, F|68/100\n|-ability|p1a: Corviknight|Pressure\n|\n|upkeep\n|turn|20\n|inactive|thepeakmons has 90 seconds left.\n|\n|t:|1782437712\n|switch|p1a: Ting-Lu|Ting-Lu|83/100\n|-activate|p1a: Ting-Lu|move: Sticky Web\n|-unboost|p1a: Ting-Lu|spe|1\n|-ability|p1a: Ting-Lu|Vessel of Ruin\n|move|p2a: Regieleki|Thunderbolt|p1a: Ting-Lu\n|-immune|p1a: Ting-Lu\n|\n|-heal|p1a: Ting-Lu|89/100|[from] item: Leftovers\n|upkeep\n|turn|21\n|\n|t:|1782437719\n|move|p2a: Regieleki|Thunderbolt|p1a: Ting-Lu\n|-immune|p1a: Ting-Lu\n|move|p1a: Ting-Lu|Payback|p2a: Regieleki\n|-damage|p2a: Regieleki|31/100\n|\n|-heal|p1a: Ting-Lu|95/100|[from] item: Leftovers\n|upkeep\n|turn|22\n|\n|t:|1782437733\n|switch|p2a: Gliscor|Gliscor, F|100/100\n|move|p1a: Ting-Lu|Earthquake|p2a: Gliscor\n|-immune|p2a: Gliscor\n|\n|-heal|p1a: Ting-Lu|100/100|[from] item: Leftovers\n|-status|p2a: Gliscor|tox|[from] item: Toxic Orb\n|upkeep\n|turn|23\n|\n|t:|1782437742\n|switch|p1a: Corviknight|Corviknight, F|68/100\n|-ability|p1a: Corviknight|Pressure\n|move|p2a: Gliscor|Toxic|p1a: Corviknight\n|-immune|p1a: Corviknight\n|\n|upkeep\n|turn|24\n|\n|t:|1782437750\n|switch|p2a: Gengar|Gengar, F|100/100\n|move|p1a: Corviknight|Defog|p2a: Gengar\n|-unboost|p2a: Gengar|evasion|1\n|-sideend|p1: thepeakmons|Sticky Web|[from] move: Defog|[of] p1a: Corviknight\n|\n|upkeep\n|turn|25\n|\n|t:|1782437758\n|move|p2a: Gengar|Thunderbolt|p1a: Corviknight\n|-supereffective|p1a: Corviknight\n|-damage|p1a: Corviknight|0 fnt\n|faint|p1a: Corviknight\n|-damage|p2a: Gengar|91/100|[from] item: Life Orb\n|\n|upkeep\n|\n|t:|1782437782\n|switch|p1a: Slowking|Slowking-Galar, M|47/100\n|turn|26\n|\n|t:|1782437788\n|move|p2a: Gengar|Shadow Ball|p1a: Slowking\n|-supereffective|p1a: Slowking\n|-damage|p1a: Slowking|0 fnt\n|faint|p1a: Slowking\n|-damage|p2a: Gengar|81/100|[from] item: Life Orb\n|\n|upkeep\n|\n|t:|1782437803\n|switch|p1a: Dondozo|Dondozo, M|100/100\n|turn|27\n|\n|t:|1782437811\n|move|p2a: Gengar|Thunderbolt|p1a: Dondozo\n|-supereffective|p1a: Dondozo\n|-damage|p1a: Dondozo|47/100\n|-damage|p2a: Gengar|71/100|[from] item: Life Orb\n|move|p1a: Dondozo|Waterfall|p2a: Gengar\n|-damage|p2a: Gengar|16/100\n|\n|-heal|p1a: Dondozo|53/100|[from] item: Leftovers\n|upkeep\n|turn|28\n|\n|t:|1782437824\n|switch|p1a: Ting-Lu|Ting-Lu|100/100\n|-ability|p1a: Ting-Lu|Vessel of Ruin\n|move|p2a: Gengar|Thunderbolt|p1a: Ting-Lu\n|-immune|p1a: Ting-Lu\n|\n|upkeep\n|turn|29\n|\n|t:|1782437832\n|move|p2a: Gengar|Destiny Bond|p2a: Gengar\n|-singlemove|p2a: Gengar|Destiny Bond\n|move|p1a: Ting-Lu|Payback|p2a: Gengar\n|-supereffective|p2a: Gengar\n|-damage|p2a: Gengar|0 fnt\n|faint|p2a: Gengar\n|-activate|p2a: Gengar|move: Destiny Bond\n|faint|p1a: Ting-Lu\n|\n|upkeep\n|\n|t:|1782437843\n|switch|p2a: Gliscor|Gliscor, F|100/100 tox\n|switch|p1a: Dondozo|Dondozo, M|53/100\n|turn|30\n|\n|t:|1782437862\n|move|p2a: Gliscor|Toxic|p1a: Dondozo\n|-status|p1a: Dondozo|tox\n|move|p1a: Dondozo|Curse|p1a: Dondozo\n|-unboost|p1a: Dondozo|spe|1\n|-boost|p1a: Dondozo|atk|1\n|-boost|p1a: Dondozo|def|1\n|\n|-heal|p1a: Dondozo|60/100 tox|[from] item: Leftovers\n|-damage|p1a: Dondozo|53/100 tox|[from] psn\n|upkeep\n|turn|31\n|\n|t:|1782437870\n|move|p2a: Gliscor|Facade|p1a: Dondozo\n|-damage|p1a: Dondozo|41/100 tox\n|move|p1a: Dondozo|Rest|p1a: Dondozo\n|-status|p1a: Dondozo|slp|[from] move: Rest\n|-heal|p1a: Dondozo|100/100 slp|[silent]\n|\n|upkeep\n|turn|32\n|\n|t:|1782437883\n|switch|p2a: Regieleki|Regieleki|31/100\n|cant|p1a: Dondozo|slp\n|\n|upkeep\n|turn|33\n|\n|t:|1782437894\n|move|p2a: Regieleki|Thunderbolt|p1a: Dondozo\n|-supereffective|p1a: Dondozo\n|-damage|p1a: Dondozo|25/100 slp\n|cant|p1a: Dondozo|slp\n|\n|-heal|p1a: Dondozo|32/100 slp|[from] item: Leftovers\n|upkeep\n|turn|34\n|\n|t:|1782437908\n|move|p2a: Regieleki|Thunderbolt|p1a: Dondozo\n|-supereffective|p1a: Dondozo\n|-damage|p1a: Dondozo|0 fnt\n|faint|p1a: Dondozo\n|\n|win|aonabiyi88\n|raw|thepeakmons's rating: 1218 &rarr; <strong>1195</strong><br />(-23 for losing)\n|raw|aonabiyi88's rating: 1247 &rarr; <strong>1270</strong><br />(+23 for winning)\n|l|☆aonabiyi88\n|player|p2|\n", "uploadtime": 1782437909, "views": 9, "formatid": "gen9ou", "rating": 1195, "private": 0, "password": null}