{"id": "gen9ou-2540679314", "format": "[Gen 9] OU", "players": ["energy storm", "lobbyoba"], "log": "|j|☆energy storm\n|j|☆lobbyoba\n|t:|1771239020\n|gametype|singles\n|player|p1|energy storm|bugcatcher-gen4dp|1548\n|player|p2|lobbyoba|169|1549\n|gen|9\n|tier|[Gen 9] OU\n|rated|\n|rule|HP Percentage Mod: HP is shown in percentages\n|rule|Endless Battle Clause: Forcing endless battles is banned\n|rule|Species Clause: Limit one of each Pokémon\n|rule|OHKO Clause: OHKO moves are banned\n|rule|Evasion Items Clause: Evasion items are banned\n|rule|Evasion Moves Clause: Evasion moves are banned\n|rule|Evasion Abilities Clause: Evasion abilities are banned\n|rule|Sleep Moves Clause: Sleep-inducing moves are banned\n|clearpoke\n|poke|p1|Raging Bolt|\n|poke|p1|Zapdos|\n|poke|p1|Hatterene, F|\n|poke|p1|Iron Treads|\n|poke|p1|Keldeo-Resolute|\n|poke|p1|Weavile, M|\n|poke|p2|Alomomola, M|\n|poke|p2|Slowking-Galar, F|\n|poke|p2|Dragapult, F|\n|poke|p2|Kyurem|\n|poke|p2|Great Tusk|\n|poke|p2|Hatterene, F|\n|teampreview\n|\n|t:|1771239031\n|teamsize|p1|6\n|teamsize|p2|6\n|start\n|switch|p1a: Raging Bolt|Raging Bolt|100/100\n|switch|p2a: Great Tusk|Great Tusk|100/100\n|turn|1\n|inactive|Battle timer is ON: inactive players will automatically lose when time's up. (requested by lobbyoba)\n|\n|t:|1771239036\n|-end|p1a: Raging Bolt|Protosynthesis|[silent]\n|switch|p1a: Hatterene|Hatterene, F|100/100\n|move|p2a: Great Tusk|Stealth Rock|p1a: Hatterene\n|move|p1a: Hatterene|Stealth Rock|p2a: Great Tusk|[from] ability: Magic Bounce\n|-sidestart|p2: lobbyoba|move: Stealth Rock\n|\n|upkeep\n|turn|2\n|\n|t:|1771239041\n|-end|p2a: Great Tusk|Protosynthesis|[silent]\n|switch|p2a: Slowking|Slowking-Galar, F|100/100\n|move|p1a: Hatterene|Nuzzle|p2a: Slowking\n|-damage|p2a: Slowking|96/100\n|-status|p2a: Slowking|par\n|\n|upkeep\n|turn|3\n|\n|t:|1771239050\n|switch|p1a: Iron Treads|Iron Treads|100/100\n|move|p2a: Slowking|Future Sight|p1a: Iron Treads\n|-start|p2a: Slowking|move: Future Sight\n|\n|upkeep\n|turn|4\n|\n|t:|1771239057\n|switch|p2a: Great Tusk|Great Tusk|100/100\n|move|p1a: Iron Treads|Volt Switch|p2a: Great Tusk\n|-immune|p2a: Great Tusk\n|\n|upkeep\n|turn|5\n|\n|t:|1771239064\n|-end|p1a: Iron Treads|Quark Drive|[silent]\n|switch|p1a: Hatterene|Hatterene, F|100/100\n|move|p2a: Great Tusk|Rapid Spin|p1a: Hatterene\n|-damage|p1a: Hatterene|86/100\n|-boost|p2a: Great Tusk|spe|1\n|-sideend|p2: lobbyoba|Stealth Rock|[from] move: Rapid Spin|[of] p2a: Great Tusk\n|\n|-end|p1a: Hatterene|move: Future Sight\n|-resisted|p1a: Hatterene\n|-damage|p1a: Hatterene|63/100\n|-heal|p1a: Hatterene|69/100|[from] item: Leftovers\n|upkeep\n|turn|6\n|\n|t:|1771239073\n|-end|p2a: Great Tusk|Protosynthesis|[silent]\n|switch|p2a: Slowking|Slowking-Galar, F|100/100 par\n|move|p1a: Hatterene|Pain Split|p2a: Slowking\n|-sethp|p2a: Slowking|78/100 par|[from] move: Pain Split|[silent]\n|-sethp|p1a: Hatterene|97/100|[from] move: Pain Split\n|\n|-heal|p1a: Hatterene|100/100|[from] item: Leftovers\n|upkeep\n|turn|7\n|\n|t:|1771239082\n|switch|p1a: Weavile|Weavile, M|100/100\n|-ability|p1a: Weavile|Pressure\n|-prepare|p2a: Slowking|Chilly Reception|[premajor]\n|move|p2a: Slowking|Chilly Reception|p2a: Slowking\n|-weather|Snowscape\n|\n|t:|1771239096\n|switch|p2a: Alomomola|Alomomola, M|100/100|[from] Chilly Reception\n|\n|-weather|Snowscape|[upkeep]\n|upkeep\n|turn|8\n|\n|t:|1771239104\n|move|p1a: Weavile|Knock Off|p2a: Alomomola\n|-damage|p2a: Alomomola|59/100\n|-enditem|p2a: Alomomola|Heavy-Duty Boots|[from] move: Knock Off|[of] p1a: Weavile\n|move|p2a: Alomomola|Flip Turn|p1a: Weavile\n|-damage|p1a: Weavile|80/100\n|\n|t:|1771239113\n|switch|p2a: Dragapult|Dragapult, F|100/100|[from] Flip Turn\n|\n|-weather|Snowscape|[upkeep]\n|upkeep\n|turn|9\n|\n|t:|1771239129\n|switch|p1a: Iron Treads|Iron Treads|100/100\n|move|p2a: Dragapult|U-turn|p1a: Iron Treads\n|-resisted|p1a: Iron Treads\n|-damage|p1a: Iron Treads|87/100\n|\n|t:|1771239131\n|switch|p2a: Kyurem|Kyurem|100/100|[from] U-turn\n|-ability|p2a: Kyurem|Pressure\n|\n|-weather|Snowscape|[upkeep]\n|-heal|p1a: Iron Treads|93/100|[from] item: Leftovers\n|upkeep\n|turn|10\n|\n|t:|1771239141\n|move|p2a: Kyurem|Blizzard|p1a: Iron Treads\n|-damage|p1a: Iron Treads|29/100\n|move|p1a: Iron Treads|Volt Switch|p2a: Kyurem\n|-resisted|p2a: Kyurem\n|-damage|p2a: Kyurem|95/100\n|\n|t:|1771239161\n|-end|p1a: Iron Treads|Quark Drive|[silent]\n|switch|p1a: Hatterene|Hatterene, F|100/100|[from] Volt Switch\n|\n|-weather|Snowscape|[upkeep]\n|upkeep\n|turn|11\n|\n|t:|1771239166\n|switch|p2a: Slowking|Slowking-Galar, F|100/100 par\n|move|p1a: Hatterene|Draining Kiss|p2a: Slowking\n|-resisted|p2a: Slowking\n|-damage|p2a: Slowking|94/100 par\n|\n|-weather|none\n|upkeep\n|turn|12\n|\n|t:|1771239180\n|switch|p1a: Iron Treads|Iron Treads|29/100\n|-prepare|p2a: Slowking|Chilly Reception|[premajor]\n|move|p2a: Slowking|Chilly Reception|p2a: Slowking\n|-weather|Snowscape\n|\n|t:|1771239182\n|switch|p2a: Kyurem|Kyurem|95/100|[from] Chilly Reception\n|-ability|p2a: Kyurem|Pressure\n|\n|-weather|Snowscape|[upkeep]\n|-heal|p1a: Iron Treads|35/100|[from] item: Leftovers\n|upkeep\n|turn|13\n|\n|t:|1771239185\n|move|p2a: Kyurem|Freeze-Dry|p1a: Iron Treads\n|-damage|p1a: Iron Treads|0 fnt\n|faint|p1a: Iron Treads\n|-end|p1a: Iron Treads|Quark Drive|[silent]\n|\n|-weather|Snowscape|[upkeep]\n|upkeep\n|\n|t:|1771239189\n|switch|p1a: Hatterene|Hatterene, F|100/100\n|turn|14\n|\n|t:|1771239191\n|switch|p2a: Slowking|Slowking-Galar, F|100/100 par\n|switch|p1a: Weavile|Weavile, M|80/100\n|-ability|p1a: Weavile|Pressure\n|\n|-weather|Snowscape|[upkeep]\n|upkeep\n|turn|15\n|\n|t:|1771239203\n|switch|p1a: Raging Bolt|Raging Bolt|100/100\n|switch|p2a: Alomomola|Alomomola, M|93/100\n|\n|-weather|Snowscape|[upkeep]\n|upkeep\n|turn|16\n|\n|t:|1771239215\n|switch|p2a: Hatterene|Hatterene, F|100/100\n|move|p1a: Raging Bolt|Draco Meteor|p2a: Hatterene\n|-immune|p2a: Hatterene\n|\n|-weather|none\n|upkeep\n|turn|17\n|\n|t:|1771239224\n|-end|p1a: Raging Bolt|Protosynthesis|[silent]\n|switch|p1a: Zapdos|Zapdos|100/100\n|move|p2a: Hatterene|Draining Kiss|p1a: Zapdos\n|-damage|p1a: Zapdos|75/100\n|\n|upkeep\n|turn|18\n|\n|t:|1771239232\n|move|p1a: Zapdos|Volt Switch|p2a: Hatterene\n|-damage|p2a: Hatterene|82/100\n|\n|t:|1771239237\n|switch|p1a: Weavile|Weavile, M|80/100|[from] Volt Switch\n|-ability|p1a: Weavile|Pressure\n|move|p2a: Hatterene|Psychic Noise|p1a: Weavile\n|-immune|p1a: Weavile\n|\n|upkeep\n|turn|19\n|\n|t:|1771239247\n|switch|p2a: Alomomola|Alomomola, M|100/100\n|move|p1a: Weavile|Triple Axel|p2a: Alomomola\n|-resisted|p2a: Alomomola\n|-damage|p2a: Alomomola|95/100\n|-resisted|p2a: Alomomola\n|-damage|p2a: Alomomola|87/100\n|-resisted|p2a: Alomomola\n|-damage|p2a: Alomomola|75/100\n|-hitcount|p2a: Alomomola|3\n|\n|upkeep\n|turn|20\n|\n|t:|1771239252\n|switch|p1a: Raging Bolt|Raging Bolt|100/100\n|move|p2a: Alomomola|Flip Turn|p1a: Raging Bolt\n|-resisted|p1a: Raging Bolt\n|-damage|p1a: Raging Bolt|93/100\n|\n|t:|1771239254\n|switch|p2a: Dragapult|Dragapult, F|100/100|[from] Flip Turn\n|\n|upkeep\n|turn|21\n|\n|t:|1771239260\n|move|p2a: Dragapult|U-turn|p1a: Raging Bolt\n|-damage|p1a: Raging Bolt|64/100\n|\n|t:|1771239265\n|switch|p2a: Hatterene|Hatterene, F|82/100|[from] U-turn\n|move|p1a: Raging Bolt|Volt Switch|p2a: Hatterene\n|-damage|p2a: Hatterene|46/100\n|\n|t:|1771239293\n|-end|p1a: Raging Bolt|Protosynthesis|[silent]\n|switch|p1a: Keldeo|Keldeo-Resolute|100/100|[from] Volt Switch\n|\n|upkeep\n|turn|22\n|\n|t:|1771239299\n|switch|p2a: Alomomola|Alomomola, M|100/100\n|move|p1a: Keldeo|Flip Turn|p2a: Alomomola\n|-resisted|p2a: Alomomola\n|-damage|p2a: Alomomola|96/100\n|\n|t:|1771239303\n|switch|p1a: Raging Bolt|Raging Bolt|64/100|[from] Flip Turn\n|\n|upkeep\n|turn|23\n|\n|t:|1771239311\n|move|p1a: Raging Bolt|Volt Switch|p2a: Alomomola\n|-supereffective|p2a: Alomomola\n|-damage|p2a: Alomomola|0 fnt\n|faint|p2a: Alomomola\n|\n|t:|1771239337\n|-end|p1a: Raging Bolt|Protosynthesis|[silent]\n|switch|p1a: Hatterene|Hatterene, F|100/100|[from] Volt Switch\n|\n|upkeep\n|\n|t:|1771239349\n|switch|p2a: Dragapult|Dragapult, F|100/100\n|turn|24\n|\n|t:|1771239358\n|-terastallize|p2a: Dragapult|Ghost\n|move|p2a: Dragapult|Tera Blast|p1a: Hatterene|[anim] Tera Blast Ghost\n|-supereffective|p1a: Hatterene\n|-damage|p1a: Hatterene|0 fnt\n|faint|p1a: Hatterene\n|\n|upkeep\n|\n|t:|1771239370\n|switch|p1a: Weavile|Weavile, M|80/100\n|-ability|p1a: Weavile|Pressure\n|turn|25\n|\n|t:|1771239379\n|switch|p2a: Hatterene|Hatterene, F|46/100\n|move|p1a: Weavile|Knock Off|p2a: Hatterene\n|-damage|p2a: Hatterene|0 fnt\n|-enditem|p2a: Hatterene|Assault Vest|[from] move: Knock Off|[of] p1a: Weavile\n|faint|p2a: Hatterene\n|\n|upkeep\n|\n|t:|1771239381\n|switch|p2a: Dragapult|Dragapult, F, tera:Ghost|100/100\n|turn|26\n|\n|t:|1771239388\n|switch|p1a: Zapdos|Zapdos|75/100\n|move|p2a: Dragapult|Dragon Darts|p1a: Zapdos\n|-damage|p1a: Zapdos|49/100\n|-anim|p2a: Dragapult|Dragon Darts|p1a: Zapdos\n|-damage|p1a: Zapdos|21/100\n|\n|upkeep\n|turn|27\n|\n|t:|1771239391\n|move|p2a: Dragapult|Dragon Darts|p1a: Zapdos\n|-damage|p1a: Zapdos|0 fnt\n|faint|p1a: Zapdos\n|\n|upkeep\n|\n|t:|1771239403\n|switch|p1a: Raging Bolt|Raging Bolt|64/100\n|turn|28\n|\n|t:|1771239411\n|switch|p2a: Kyurem|Kyurem|95/100\n|-ability|p2a: Kyurem|Pressure\n|-terastallize|p1a: Raging Bolt|Fairy\n|move|p1a: Raging Bolt|Draco Meteor|p2a: Kyurem|[miss]\n|-miss|p1a: Raging Bolt|p2a: Kyurem\n|\n|upkeep\n|turn|29\n|\n|t:|1771239420\n|move|p2a: Kyurem|Blizzard|p1a: Raging Bolt\n|-damage|p1a: Raging Bolt|0 fnt\n|faint|p1a: Raging Bolt\n|-end|p1a: Raging Bolt|Protosynthesis|[silent]\n|\n|upkeep\n|\n|t:|1771239425\n|switch|p1a: Keldeo|Keldeo-Resolute|100/100\n|turn|30\n|\n|t:|1771239429\n|switch|p2a: Slowking|Slowking-Galar, F|100/100 par\n|move|p1a: Keldeo|Flip Turn|p2a: Slowking\n|-damage|p2a: Slowking|87/100 par\n|\n|t:|1771239431\n|switch|p1a: Weavile|Weavile, M|80/100|[from] Flip Turn\n|-ability|p1a: Weavile|Pressure\n|\n|upkeep\n|turn|31\n|\n|t:|1771239435\n|switch|p2a: Great Tusk|Great Tusk|100/100\n|move|p1a: Weavile|Knock Off|p2a: Great Tusk\n|-resisted|p2a: Great Tusk\n|-damage|p2a: Great Tusk|73/100\n|-enditem|p2a: Great Tusk|Heavy-Duty Boots|[from] move: Knock Off|[of] p1a: Weavile\n|\n|upkeep\n|turn|32\n|\n|t:|1771239444\n|switch|p1a: Keldeo|Keldeo-Resolute|100/100\n|move|p2a: Great Tusk|Rapid Spin|p1a: Keldeo\n|-damage|p1a: Keldeo|82/100\n|-boost|p2a: Great Tusk|spe|1\n|\n|upkeep\n|turn|33\n|\n|t:|1771239449\n|move|p2a: Great Tusk|Headlong Rush|p1a: Keldeo\n|-damage|p1a: Keldeo|14/100\n|-unboost|p2a: Great Tusk|def|1\n|-unboost|p2a: Great Tusk|spd|1\n|move|p1a: Keldeo|Surf|p2a: Great Tusk\n|-supereffective|p2a: Great Tusk\n|-damage|p2a: Great Tusk|0 fnt\n|faint|p2a: Great Tusk\n|-end|p2a: Great Tusk|Protosynthesis|[silent]\n|\n|upkeep\n|\n|t:|1771239452\n|switch|p2a: Dragapult|Dragapult, F, tera:Ghost|100/100\n|turn|34\n|\n|t:|1771239457\n|move|p2a: Dragapult|Dragon Darts|p1a: Keldeo\n|-damage|p1a: Keldeo|0 fnt\n|faint|p1a: Keldeo\n|\n|upkeep\n|\n|t:|1771239459\n|switch|p1a: Weavile|Weavile, M|80/100\n|-ability|p1a: Weavile|Pressure\n|turn|35\n|\n|t:|1771239461\n|move|p1a: Weavile|Ice Shard|p2a: Dragapult\n|-damage|p2a: Dragapult|62/100\n|move|p2a: Dragapult|Dragon Darts|p1a: Weavile\n|-damage|p1a: Weavile|21/100\n|-anim|p2a: Dragapult|Dragon Darts|p1a: Weavile\n|-crit|p1a: Weavile\n|-damage|p1a: Weavile|0 fnt\n|faint|p1a: Weavile\n|\n|win|lobbyoba\n|raw|energy storm's rating: 1548 &rarr; <strong>1528</strong><br />(-20 for losing)\n|raw|lobbyoba's rating: 1549 &rarr; <strong>1569</strong><br />(+20 for winning)\n|c|☆energy storm|gg\n|c|☆lobbyoba|Sry for the miss\n|c|☆lobbyoba|Gg\n|l|☆lobbyoba\n|player|p2|\n", "uploadtime": 1771239627, "views": 10, "formatid": "gen9ou", "rating": 1528, "private": 0, "password": null}