{"id": "gen9ou-2540811665", "format": "[Gen 9] OU", "players": ["Ctannn", "Dhrabb"], "log": "|badge|p1|bronze|gen9ou|100-8\n|uhtml|medal-msg|<div class=\"broadcast-blue\">Curious what those medals under the avatar are? PS now has Ladder Seasons! For more information, check out the <a href=\"https://www.smogon.com/forums/threads/3740067/\">thread on Smogon.</a></div>\n|j|☆Ctannn\n|j|☆Dhrabb\n|t:|1771256540\n|gametype|singles\n|player|p1|Ctannn|170|1868\n|player|p2|Dhrabb|#wcop2024bangladesh|1818\n|gen|9\n|tier|[Gen 9] OU\n|rated|\n|rule|HP Percentage Mod: HP is shown in percentages\n|rule|Endless Battle Clause: Forcing endless battles is banned\n|rule|Species Clause: Limit one of each Pokémon\n|rule|OHKO Clause: OHKO moves are banned\n|rule|Evasion Items Clause: Evasion items are banned\n|rule|Evasion Moves Clause: Evasion moves are banned\n|rule|Evasion Abilities Clause: Evasion abilities are banned\n|rule|Sleep Moves Clause: Sleep-inducing moves are banned\n|clearpoke\n|poke|p1|Rillaboom, F|\n|poke|p1|Garganacl, F|\n|poke|p1|Cinderace, M|\n|poke|p1|Raging Bolt|\n|poke|p1|Slowking-Galar, M|\n|poke|p1|Landorus-Therian, M|\n|poke|p2|Tyranitar, M|\n|poke|p2|Excadrill, M|\n|poke|p2|Ogerpon-Wellspring, F|\n|poke|p2|Dragapult, M|\n|poke|p2|Landorus-Therian, M|\n|poke|p2|Kingambit, M|\n|teampreview\n|inactive|Battle timer is ON: inactive players will automatically lose when time's up. (requested by Ctannn)\n|\n|t:|1771256565\n|teamsize|p1|6\n|teamsize|p2|6\n|start\n|switch|p1a: Slowking|Slowking-Galar, M|100/100\n|switch|p2a: Landorus|Landorus-Therian, M|100/100\n|-ability|p2a: Landorus|Intimidate|boost\n|-unboost|p1a: Slowking|atk|1\n|turn|1\n|\n|t:|1771256585\n|move|p2a: Landorus|U-turn|p1a: Slowking\n|-damage|p1a: Slowking|87/100\n|-damage|p2a: Landorus|84/100|[from] item: Rocky Helmet|[of] p1a: Slowking\n|\n|t:|1771256587\n|switch|p2a: Tyranitar|Tyranitar, M|100/100|[from] U-turn\n|-weather|Sandstorm|[from] ability: Sand Stream|[of] p2a: Tyranitar\n|-prepare|p1a: Slowking|Chilly Reception|[premajor]\n|move|p1a: Slowking|Chilly Reception|p1a: Slowking\n|-weather|Snowscape\n|\n|t:|1771256602\n|switch|p1a: Rillaboom|Rillaboom, F|100/100|[from] Chilly Reception\n|-fieldstart|move: Grassy Terrain|[from] ability: Grassy Surge|[of] p1a: Rillaboom\n|\n|-weather|Snowscape|[upkeep]\n|upkeep\n|turn|2\n|\n|t:|1771256608\n|switch|p2a: Landorus|Landorus-Therian, M|84/100\n|-ability|p2a: Landorus|Intimidate|boost\n|-unboost|p1a: Rillaboom|atk|1\n|move|p1a: Rillaboom|Wood Hammer|p2a: Landorus\n|-damage|p2a: Landorus|18/100\n|-damage|p1a: Rillaboom|84/100|[from] item: Rocky Helmet|[of] p2a: Landorus\n|-damage|p1a: Rillaboom|60/100|[from] Recoil\n|\n|-weather|Snowscape|[upkeep]\n|-heal|p1a: Rillaboom|66/100|[from] Grassy Terrain\n|upkeep\n|turn|3\n|j| roadto15oo\n|\n|t:|1771256617\n|switch|p2a: Dragapult|Dragapult, M|100/100\n|move|p1a: Rillaboom|Grassy Glide|p2a: Dragapult\n|-resisted|p2a: Dragapult\n|-damage|p2a: Dragapult|77/100\n|\n|-weather|Snowscape|[upkeep]\n|-heal|p2a: Dragapult|83/100|[from] Grassy Terrain\n|-heal|p1a: Rillaboom|72/100|[from] Grassy Terrain\n|upkeep\n|turn|4\n|\n|t:|1771256621\n|switch|p1a: Garganacl|Garganacl, F|100/100\n|move|p2a: Dragapult|U-turn|p1a: Garganacl\n|-damage|p1a: Garganacl|89/100\n|\n|t:|1771256623\n|switch|p2a: Landorus|Landorus-Therian, M|18/100|[from] U-turn\n|-ability|p2a: Landorus|Intimidate|boost\n|-unboost|p1a: Garganacl|atk|1\n|\n|-weather|Snowscape|[upkeep]\n|-heal|p1a: Garganacl|95/100|[from] Grassy Terrain\n|-heal|p1a: Garganacl|100/100|[from] item: Leftovers\n|upkeep\n|turn|5\n|\n|t:|1771256626\n|move|p2a: Landorus|Stealth Rock|p1a: Garganacl\n|-sidestart|p1: Ctannn|move: Stealth Rock\n|move|p1a: Garganacl|Salt Cure|p2a: Landorus\n|-damage|p2a: Landorus|9/100\n|-start|p2a: Landorus|Salt Cure\n|\n|-weather|none\n|-damage|p2a: Landorus|0 fnt|[from] Salt Cure\n|faint|p2a: Landorus\n|-fieldend|move: Grassy Terrain\n|upkeep\n|l| roadto15oo\n|\n|t:|1771256628\n|switch|p2a: Ogerpon|Ogerpon-Wellspring, F|100/100\n|turn|6\n|\n|t:|1771256632\n|switch|p1a: Raging Bolt|Raging Bolt|100/100\n|move|p2a: Ogerpon|Swords Dance|p2a: Ogerpon\n|-boost|p2a: Ogerpon|atk|2\n|\n|upkeep\n|turn|7\n|\n|t:|1771256636\n|move|p2a: Ogerpon|Knock Off|p1a: Raging Bolt\n|-damage|p1a: Raging Bolt|28/100\n|-enditem|p1a: Raging Bolt|Heavy-Duty Boots|[from] move: Knock Off|[of] p2a: Ogerpon\n|move|p1a: Raging Bolt|Draco Meteor|p2a: Ogerpon\n|-damage|p2a: Ogerpon|12/100\n|-unboost|p1a: Raging Bolt|spa|2\n|\n|upkeep\n|turn|8\n|\n|t:|1771256646\n|switch|p2a: Tyranitar|Tyranitar, M|100/100\n|-weather|Sandstorm|[from] ability: Sand Stream|[of] p2a: Tyranitar\n|move|p1a: Raging Bolt|Thunderclap||[still]\n|-fail|p1a: Raging Bolt\n|\n|-weather|Sandstorm|[upkeep]\n|-damage|p1a: Raging Bolt|22/100|[from] Sandstorm\n|upkeep\n|turn|9\n|\n|t:|1771256651\n|move|p1a: Raging Bolt|Thunderbolt|p2a: Tyranitar\n|-damage|p2a: Tyranitar|90/100\n|move|p2a: Tyranitar|Knock Off|p1a: Raging Bolt\n|-damage|p1a: Raging Bolt|0 fnt\n|faint|p1a: Raging Bolt\n|-end|p1a: Raging Bolt|Protosynthesis|[silent]\n|\n|-weather|Sandstorm|[upkeep]\n|upkeep\n|\n|t:|1771256659\n|switch|p1a: Rillaboom|Rillaboom, F|72/100\n|-damage|p1a: Rillaboom|60/100|[from] Stealth Rock\n|-fieldstart|move: Grassy Terrain|[from] ability: Grassy Surge|[of] p1a: Rillaboom\n|turn|10\n|\n|t:|1771256665\n|switch|p2a: Ogerpon|Ogerpon-Wellspring, F|12/100\n|move|p1a: Rillaboom|Wood Hammer|p2a: Ogerpon\n|-damage|p2a: Ogerpon|0 fnt\n|faint|p2a: Ogerpon\n|-damage|p1a: Rillaboom|56/100|[from] Recoil\n|\n|-weather|Sandstorm|[upkeep]\n|-damage|p1a: Rillaboom|50/100|[from] Sandstorm\n|-heal|p1a: Rillaboom|56/100|[from] Grassy Terrain\n|upkeep\n|\n|t:|1771256667\n|switch|p2a: Dragapult|Dragapult, M|83/100\n|turn|11\n|\n|t:|1771256671\n|switch|p1a: Slowking|Slowking-Galar, M|100/100\n|-damage|p1a: Slowking|88/100|[from] Stealth Rock\n|move|p2a: Dragapult|U-turn|p1a: Slowking\n|-damage|p1a: Slowking|75/100\n|-damage|p2a: Dragapult|67/100|[from] item: Rocky Helmet|[of] p1a: Slowking\n|\n|t:|1771256674\n|switch|p2a: Kingambit|Kingambit, M|100/100|[from] U-turn\n|-activate|p2a: Kingambit|ability: Supreme Overlord\n|-start|p2a: Kingambit|fallen2|[silent]\n|\n|-weather|Sandstorm|[upkeep]\n|-damage|p1a: Slowking|69/100|[from] Sandstorm\n|-heal|p1a: Slowking|75/100|[from] Grassy Terrain\n|upkeep\n|turn|12\n|\n|t:|1771256678\n|move|p2a: Kingambit|Swords Dance|p2a: Kingambit\n|-boost|p2a: Kingambit|atk|2\n|move|p1a: Slowking|Flamethrower|p2a: Kingambit\n|-supereffective|p2a: Kingambit\n|-damage|p2a: Kingambit|45/100\n|\n|-weather|Sandstorm|[upkeep]\n|-damage|p1a: Slowking|69/100|[from] Sandstorm\n|-heal|p2a: Kingambit|52/100|[from] Grassy Terrain\n|-heal|p1a: Slowking|75/100|[from] Grassy Terrain\n|upkeep\n|turn|13\n|\n|t:|1771256681\n|switch|p1a: Landorus|Landorus-Therian, M|100/100\n|-damage|p1a: Landorus|88/100|[from] Stealth Rock\n|-ability|p1a: Landorus|Intimidate|boost\n|-unboost|p2a: Kingambit|atk|1\n|move|p2a: Kingambit|Kowtow Cleave|p1a: Landorus\n|-damage|p1a: Landorus|14/100\n|-damage|p2a: Kingambit|35/100|[from] item: Rocky Helmet|[of] p1a: Landorus\n|\n|-weather|Sandstorm|[upkeep]\n|-heal|p2a: Kingambit|41/100|[from] Grassy Terrain\n|upkeep\n|turn|14\n|\n|t:|1771256690\n|switch|p1a: Slowking|Slowking-Galar, M|100/100\n|-damage|p1a: Slowking|88/100|[from] Stealth Rock\n|move|p2a: Kingambit|Sucker Punch||[still]\n|-fail|p2a: Kingambit\n|\n|-weather|Sandstorm|[upkeep]\n|-damage|p1a: Slowking|82/100|[from] Sandstorm\n|-heal|p2a: Kingambit|47/100|[from] Grassy Terrain\n|-heal|p1a: Slowking|88/100|[from] Grassy Terrain\n|-fieldend|move: Grassy Terrain\n|upkeep\n|turn|15\n|\n|t:|1771256695\n|switch|p1a: Landorus|Landorus-Therian, M|14/100\n|-damage|p1a: Landorus|2/100|[from] Stealth Rock\n|-ability|p1a: Landorus|Intimidate|boost\n|-unboost|p2a: Kingambit|atk|1\n|move|p2a: Kingambit|Kowtow Cleave|p1a: Landorus\n|-damage|p1a: Landorus|0 fnt\n|-damage|p2a: Kingambit|31/100|[from] item: Rocky Helmet|[of] p1a: Landorus\n|faint|p1a: Landorus\n|\n|-weather|none\n|upkeep\n|\n|t:|1771256702\n|switch|p1a: Cinderace|Cinderace, M|100/100\n|turn|16\n|\n|t:|1771256709\n|-end|p2a: Kingambit|fallen2|[silent]\n|switch|p2a: Tyranitar|Tyranitar, M|90/100\n|-weather|Sandstorm|[from] ability: Sand Stream|[of] p2a: Tyranitar\n|move|p1a: Cinderace|High Jump Kick|p2a: Tyranitar\n|-start|p1a: Cinderace|typechange|Fighting|[from] ability: Libero\n|-supereffective|p2a: Tyranitar\n|-damage|p2a: Tyranitar|0 fnt\n|faint|p2a: Tyranitar\n|\n|-weather|Sandstorm|[upkeep]\n|-damage|p1a: Cinderace|95/100|[from] Sandstorm\n|upkeep\n|\n|t:|1771256719\n|switch|p2a: Dragapult|Dragapult, M|67/100\n|turn|17\n|j| hbgzd\n|\n|t:|1771256724\n|move|p2a: Dragapult|U-turn|p1a: Cinderace\n|-resisted|p1a: Cinderace\n|-damage|p1a: Cinderace|83/100\n|\n|t:|1771256726\n|switch|p2a: Excadrill|Excadrill, M|100/100|[from] U-turn\n|-item|p2a: Excadrill|Air Balloon\n|move|p1a: Cinderace|Court Change|p1a: Cinderace\n|-swapsideconditions\n|-activate|p1a: Cinderace|move: Court Change\n|\n|-weather|Sandstorm|[upkeep]\n|-damage|p1a: Cinderace|77/100|[from] Sandstorm\n|upkeep\n|turn|18\n|\n|t:|1771256738\n|move|p2a: Excadrill|Iron Head|p1a: Cinderace\n|-damage|p1a: Cinderace|17/100\n|move|p1a: Cinderace|High Jump Kick|p2a: Excadrill\n|-supereffective|p2a: Excadrill\n|-damage|p2a: Excadrill|0 fnt\n|-enditem|p2a: Excadrill|Air Balloon\n|faint|p2a: Excadrill\n|\n|-weather|Sandstorm|[upkeep]\n|-damage|p1a: Cinderace|11/100|[from] Sandstorm\n|upkeep\n|\n|t:|1771256741\n|switch|p2a: Dragapult|Dragapult, M|67/100\n|-damage|p2a: Dragapult|55/100|[from] Stealth Rock\n|turn|19\n|\n|t:|1771256743\n|move|p2a: Dragapult|U-turn|p1a: Cinderace\n|-resisted|p1a: Cinderace\n|-damage|p1a: Cinderace|0 fnt\n|faint|p1a: Cinderace\n|\n|t:|1771256745\n|switch|p2a: Kingambit|Kingambit, M|31/100|[from] U-turn\n|-damage|p2a: Kingambit|25/100|[from] Stealth Rock\n|-activate|p2a: Kingambit|ability: Supreme Overlord\n|-start|p2a: Kingambit|fallen4|[silent]\n|\n|-weather|Sandstorm|[upkeep]\n|upkeep\n|\n|t:|1771256751\n|switch|p1a: Rillaboom|Rillaboom, F|56/100\n|-fieldstart|move: Grassy Terrain|[from] ability: Grassy Surge|[of] p1a: Rillaboom\n|turn|20\n|\n|t:|1771256759\n|move|p1a: Rillaboom|Wood Hammer|p2a: Kingambit\n|-resisted|p2a: Kingambit\n|-damage|p2a: Kingambit|0 fnt\n|faint|p2a: Kingambit\n|-end|p2a: Kingambit|fallen4|[silent]\n|-damage|p1a: Rillaboom|48/100|[from] Recoil\n|\n|-weather|Sandstorm|[upkeep]\n|-damage|p1a: Rillaboom|42/100|[from] Sandstorm\n|-heal|p1a: Rillaboom|48/100|[from] Grassy Terrain\n|upkeep\n|-message|Dhrabb forfeited.\n|\n|win|Ctannn\n|raw|Ctannn's rating: 1868 &rarr; <strong>1885</strong><br />(+17 for winning)\n|raw|Dhrabb's rating: 1818 &rarr; <strong>1801</strong><br />(-17 for losing)\n|l|☆Dhrabb\n|player|p2|\n|l|☆Ctannn\n|player|p1|\n|l| hbgzd\n", "uploadtime": 1771256972, "views": 8, "formatid": "gen9ou", "rating": 1801, "private": 0, "password": null}