{"id": "gen9ou-2540567059", "format": "[Gen 9] OU", "players": ["HorusTheYounger", "White Boy SZN"], "log": "|j|☆HorusTheYounger\n|j|☆White Boy SZN\n|t:|1771219174\n|gametype|singles\n|player|p1|HorusTheYounger|266|1571\n|player|p2|White Boy SZN|blue-gen7|1534\n|gen|9\n|tier|[Gen 9] OU\n|rated|\n|rule|HP Percentage Mod: HP is shown in percentages\n|rule|Endless Battle Clause: Forcing endless battles is banned\n|rule|Species Clause: Limit one of each Pokémon\n|rule|OHKO Clause: OHKO moves are banned\n|rule|Evasion Items Clause: Evasion items are banned\n|rule|Evasion Moves Clause: Evasion moves are banned\n|rule|Evasion Abilities Clause: Evasion abilities are banned\n|rule|Sleep Moves Clause: Sleep-inducing moves are banned\n|clearpoke\n|poke|p1|Tyranitar, M|\n|poke|p1|Excadrill, M|\n|poke|p1|Zapdos|\n|poke|p1|Clefable, F|\n|poke|p1|Ogerpon-Wellspring, F|\n|poke|p1|Slowking-Galar, M|\n|poke|p2|Keldeo-Resolute|\n|poke|p2|Darkrai|\n|poke|p2|Kingambit, M|\n|poke|p2|Tinkaton, F|\n|poke|p2|Mamoswine, F|\n|poke|p2|Sinistcha|\n|teampreview\n|inactive|Battle timer is ON: inactive players will automatically lose when time's up. (requested by HorusTheYounger)\n|\n|t:|1771219195\n|teamsize|p1|6\n|teamsize|p2|6\n|start\n|switch|p1a: Clefable|Clefable, F|100/100\n|switch|p2a: Lavender Sunflower|Tinkaton, F|100/100\n|-ability|p2a: Lavender Sunflower|Mold Breaker\n|-item|p2a: Lavender Sunflower|Air Balloon\n|turn|1\n|\n|t:|1771219202\n|switch|p1a: Zapdos|Zapdos|100/100\n|move|p2a: Lavender Sunflower|Stealth Rock|p1a: Zapdos\n|-sidestart|p1: HorusTheYounger|move: Stealth Rock\n|\n|upkeep\n|turn|2\n|\n|t:|1771219207\n|switch|p2a: P.I.M.P.|Mamoswine, F|100/100\n|move|p1a: Zapdos|Discharge|p2a: P.I.M.P.\n|-immune|p2a: P.I.M.P.\n|\n|upkeep\n|turn|3\n|\n|t:|1771219214\n|move|p2a: P.I.M.P.|Knock Off|p1a: Zapdos\n|-damage|p1a: Zapdos|76/100\n|-damage|p2a: P.I.M.P.|84/100|[from] item: Rocky Helmet|[of] p1a: Zapdos\n|-enditem|p1a: Zapdos|Rocky Helmet|[from] move: Knock Off|[of] p2a: P.I.M.P.\n|move|p1a: Zapdos|U-turn|p2a: P.I.M.P.\n|-damage|p2a: P.I.M.P.|69/100\n|\n|t:|1771219222\n|switch|p1a: Ogerpon|Ogerpon-Wellspring, F|100/100|[from] U-turn\n|-damage|p1a: Ogerpon|88/100|[from] Stealth Rock\n|\n|upkeep\n|turn|4\n|\n|t:|1771219233\n|switch|p2a: Matcha 🥷🏿|Sinistcha|100/100\n|move|p1a: Ogerpon|Ivy Cudgel|p2a: Matcha 🥷🏿|[anim] Ivy Cudgel Water\n|-resisted|p2a: Matcha 🥷🏿\n|-crit|p2a: Matcha 🥷🏿\n|-damage|p2a: Matcha 🥷🏿|70/100\n|\n|upkeep\n|turn|5\n|\n|t:|1771219252\n|switch|p1a: Slowking|Slowking-Galar, M|100/100\n|move|p2a: Matcha 🥷🏿|Matcha Gotcha|p1a: Slowking\n|-resisted|p1a: Slowking\n|-damage|p1a: Slowking|90/100\n|-heal|p2a: Matcha 🥷🏿|76/100|[from] drain|[of] p1a: Slowking\n|\n|upkeep\n|turn|6\n|inactive|HorusTheYounger has 120 seconds left.\n|\n|t:|1771219291\n|switch|p2a: P.I.M.P.|Mamoswine, F|69/100\n|-prepare|p1a: Slowking|Chilly Reception|[premajor]\n|move|p1a: Slowking|Chilly Reception|p1a: Slowking\n|-weather|Snowscape\n|\n|t:|1771219307\n|switch|p1a: Ogerpon|Ogerpon-Wellspring, F|88/100|[from] Chilly Reception\n|-damage|p1a: Ogerpon|76/100|[from] Stealth Rock\n|\n|-weather|Snowscape|[upkeep]\n|upkeep\n|turn|7\n|\n|t:|1771219317\n|switch|p2a: Matcha 🥷🏿|Sinistcha|76/100\n|move|p1a: Ogerpon|Ivy Cudgel|p2a: Matcha 🥷🏿|[anim] Ivy Cudgel Water\n|-resisted|p2a: Matcha 🥷🏿\n|-damage|p2a: Matcha 🥷🏿|54/100\n|\n|-weather|Snowscape|[upkeep]\n|upkeep\n|turn|8\n|\n|t:|1771219324\n|switch|p1a: Slowking|Slowking-Galar, M|100/100\n|move|p2a: Matcha 🥷🏿|Strength Sap|p1a: Slowking\n|-unboost|p1a: Slowking|atk|1\n|-heal|p2a: Matcha 🥷🏿|93/100\n|\n|-weather|Snowscape|[upkeep]\n|upkeep\n|turn|9\n|inactive|HorusTheYounger has 120 seconds left.\n|\n|t:|1771219331\n|move|p2a: Matcha 🥷🏿|Shadow Ball|p1a: Slowking\n|-supereffective|p1a: Slowking\n|-damage|p1a: Slowking|62/100\n|move|p1a: Slowking|Sludge Bomb|p2a: Matcha 🥷🏿\n|-damage|p2a: Matcha 🥷🏿|56/100\n|\n|-weather|Snowscape|[upkeep]\n|upkeep\n|turn|10\n|\n|t:|1771219340\n|switch|p2a: P.I.M.P.|Mamoswine, F|69/100\n|switch|p1a: Tyranitar|Tyranitar, M|100/100\n|-damage|p1a: Tyranitar|88/100|[from] Stealth Rock\n|-weather|Sandstorm|[from] ability: Sand Stream|[of] p1a: Tyranitar\n|\n|-weather|Sandstorm|[upkeep]\n|upkeep\n|turn|11\n|inactive|HorusTheYounger has 120 seconds left.\n|\n|t:|1771219358\n|-terastallize|p1a: Tyranitar|Flying\n|move|p2a: P.I.M.P.|Icicle Crash|p1a: Tyranitar\n|-supereffective|p1a: Tyranitar\n|-damage|p1a: Tyranitar|5/100\n|move|p1a: Tyranitar|Low Kick|p2a: P.I.M.P.\n|-supereffective|p2a: P.I.M.P.\n|-damage|p2a: P.I.M.P.|0 fnt\n|faint|p2a: P.I.M.P.\n|\n|-weather|Sandstorm|[upkeep]\n|-damage|p1a: Tyranitar|0 fnt|[from] Sandstorm\n|faint|p1a: Tyranitar\n|upkeep\n|inactive|HorusTheYounger has 120 seconds left.\n|\n|t:|1771219377\n|switch|p2a: Lavender Sunflower|Tinkaton, F|100/100\n|switch|p1a: Excadrill|Excadrill, M|100/100\n|-damage|p1a: Excadrill|97/100|[from] Stealth Rock\n|-item|p1a: Excadrill|Air Balloon\n|-ability|p2a: Lavender Sunflower|Mold Breaker\n|-item|p2a: Lavender Sunflower|Air Balloon\n|turn|12\n|\n|t:|1771219385\n|move|p1a: Excadrill|Rapid Spin|p2a: Lavender Sunflower\n|-resisted|p2a: Lavender Sunflower\n|-damage|p2a: Lavender Sunflower|88/100\n|-boost|p1a: Excadrill|spe|1\n|-enditem|p2a: Lavender Sunflower|Air Balloon\n|-sideend|p1: HorusTheYounger|Stealth Rock|[from] move: Rapid Spin|[of] p1a: Excadrill\n|move|p2a: Lavender Sunflower|Encore|p1a: Excadrill\n|-start|p1a: Excadrill|Encore\n|\n|-weather|Sandstorm|[upkeep]\n|upkeep\n|turn|13\n|\n|t:|1771219399\n|switch|p1a: Ogerpon|Ogerpon-Wellspring, F|76/100\n|switch|p2a: Matcha 🥷🏿|Sinistcha|56/100\n|\n|-weather|Sandstorm|[upkeep]\n|-damage|p1a: Ogerpon|70/100|[from] Sandstorm\n|-damage|p2a: Matcha 🥷🏿|50/100|[from] Sandstorm\n|upkeep\n|turn|14\n|\n|t:|1771219407\n|switch|p1a: Zapdos|Zapdos|76/100\n|move|p2a: Matcha 🥷🏿|Strength Sap|p1a: Zapdos\n|-unboost|p1a: Zapdos|atk|1\n|-heal|p2a: Matcha 🥷🏿|100/100\n|\n|-weather|none\n|upkeep\n|turn|15\n|\n|t:|1771219423\n|switch|p2a: Lavender Sunflower|Tinkaton, F|88/100\n|-ability|p2a: Lavender Sunflower|Mold Breaker\n|move|p1a: Zapdos|Hurricane|p2a: Lavender Sunflower\n|-resisted|p2a: Lavender Sunflower\n|-damage|p2a: Lavender Sunflower|69/100\n|\n|upkeep\n|turn|16\n|\n|t:|1771219430\n|move|p2a: Lavender Sunflower|Stealth Rock|p1a: Zapdos\n|-sidestart|p1: HorusTheYounger|move: Stealth Rock\n|move|p1a: Zapdos|Discharge|p2a: Lavender Sunflower\n|-damage|p2a: Lavender Sunflower|41/100\n|\n|upkeep\n|turn|17\n|\n|t:|1771219443\n|move|p2a: Lavender Sunflower|Gigaton Hammer|p1a: Zapdos\n|-resisted|p1a: Zapdos\n|-damage|p1a: Zapdos|60/100\n|move|p1a: Zapdos|Discharge|p2a: Lavender Sunflower\n|-damage|p2a: Lavender Sunflower|13/100\n|\n|upkeep\n|turn|18\n|\n|t:|1771219453\n|move|p2a: Lavender Sunflower|Encore|p1a: Zapdos\n|-start|p1a: Zapdos|Encore\n|move|p1a: Zapdos|Discharge|p2a: Lavender Sunflower\n|-damage|p2a: Lavender Sunflower|0 fnt\n|faint|p2a: Lavender Sunflower\n|\n|upkeep\n|\n|t:|1771219455\n|switch|p2a: IDGAF|Darkrai|100/100\n|turn|19\n|\n|t:|1771219463\n|move|p2a: IDGAF|Ice Beam|p1a: Zapdos\n|-supereffective|p1a: Zapdos\n|-damage|p1a: Zapdos|0 fnt\n|faint|p1a: Zapdos\n|\n|upkeep\n|\n|t:|1771219470\n|switch|p1a: Excadrill|Excadrill, M|97/100\n|-damage|p1a: Excadrill|94/100|[from] Stealth Rock\n|-item|p1a: Excadrill|Air Balloon\n|turn|20\n|\n|t:|1771219472\n|switch|p2a: Matcha 🥷🏿|Sinistcha|100/100\n|move|p1a: Excadrill|Rapid Spin|p2a: Matcha 🥷🏿\n|-immune|p2a: Matcha 🥷🏿\n|\n|upkeep\n|turn|21\n|\n|t:|1771219498\n|switch|p1a: Slowking|Slowking-Galar, M|96/100\n|move|p2a: Matcha 🥷🏿|Calm Mind|p2a: Matcha 🥷🏿\n|-boost|p2a: Matcha 🥷🏿|spa|1\n|-boost|p2a: Matcha 🥷🏿|spd|1\n|\n|upkeep\n|turn|22\n|\n|t:|1771219505\n|move|p2a: Matcha 🥷🏿|Calm Mind|p2a: Matcha 🥷🏿\n|-boost|p2a: Matcha 🥷🏿|spa|1\n|-boost|p2a: Matcha 🥷🏿|spd|1\n|move|p1a: Slowking|Thunder Wave|p2a: Matcha 🥷🏿\n|-status|p2a: Matcha 🥷🏿|par\n|\n|upkeep\n|turn|23\n|\n|t:|1771219514\n|cant|p2a: Matcha 🥷🏿|par\n|-prepare|p1a: Slowking|Chilly Reception|[premajor]\n|move|p1a: Slowking|Chilly Reception|p1a: Slowking\n|-weather|Snowscape\n|\n|t:|1771219518\n|switch|p1a: Excadrill|Excadrill, M|94/100|[from] Chilly Reception\n|-damage|p1a: Excadrill|91/100|[from] Stealth Rock\n|-item|p1a: Excadrill|Air Balloon\n|\n|-weather|Snowscape|[upkeep]\n|upkeep\n|turn|24\n|\n|t:|1771219530\n|move|p1a: Excadrill|Iron Head|p2a: Matcha 🥷🏿\n|-damage|p2a: Matcha 🥷🏿|67/100 par\n|cant|p2a: Matcha 🥷🏿|par\n|\n|-weather|Snowscape|[upkeep]\n|upkeep\n|turn|25\n|\n|t:|1771219533\n|move|p1a: Excadrill|Iron Head|p2a: Matcha 🥷🏿\n|-damage|p2a: Matcha 🥷🏿|34/100 par\n|move|p2a: Matcha 🥷🏿|Strength Sap|p1a: Excadrill\n|-unboost|p1a: Excadrill|atk|1\n|-heal|p2a: Matcha 🥷🏿|100/100 par\n|\n|-weather|Snowscape|[upkeep]\n|upkeep\n|turn|26\n|\n|t:|1771219537\n|move|p1a: Excadrill|Iron Head|p2a: Matcha 🥷🏿\n|-damage|p2a: Matcha 🥷🏿|76/100 par\n|cant|p2a: Matcha 🥷🏿|flinch\n|\n|-weather|Snowscape|[upkeep]\n|upkeep\n|turn|27\n|\n|t:|1771219541\n|move|p1a: Excadrill|Iron Head|p2a: Matcha 🥷🏿\n|-damage|p2a: Matcha 🥷🏿|51/100 par\n|cant|p2a: Matcha 🥷🏿|flinch\n|\n|-weather|none\n|upkeep\n|turn|28\n|\n|t:|1771219544\n|move|p1a: Excadrill|Iron Head|p2a: Matcha 🥷🏿\n|-damage|p2a: Matcha 🥷🏿|27/100 par\n|cant|p2a: Matcha 🥷🏿|flinch\n|\n|upkeep\n|turn|29\n|\n|t:|1771219547\n|move|p1a: Excadrill|Iron Head|p2a: Matcha 🥷🏿\n|-damage|p2a: Matcha 🥷🏿|6/100 par\n|move|p2a: Matcha 🥷🏿|Strength Sap|p1a: Excadrill\n|-unboost|p1a: Excadrill|atk|1\n|-heal|p2a: Matcha 🥷🏿|84/100 par\n|\n|upkeep\n|turn|30\n|\n|t:|1771219561\n|switch|p1a: Slowking|Slowking-Galar, M|100/100\n|move|p2a: Matcha 🥷🏿|Matcha Gotcha|p1a: Slowking\n|-resisted|p1a: Slowking\n|-damage|p1a: Slowking|82/100\n|-heal|p2a: Matcha 🥷🏿|94/100 par|[from] drain|[of] p1a: Slowking\n|-status|p1a: Slowking|brn\n|\n|-damage|p1a: Slowking|76/100 brn|[from] brn\n|upkeep\n|turn|31\n|\n|t:|1771219570\n|move|p2a: Matcha 🥷🏿|Shadow Ball|p1a: Slowking\n|-supereffective|p1a: Slowking\n|-damage|p1a: Slowking|6/100 brn\n|-prepare|p1a: Slowking|Chilly Reception|[premajor]\n|move|p1a: Slowking|Chilly Reception|p1a: Slowking\n|-weather|Snowscape\n|\n|t:|1771219573\n|switch|p1a: Excadrill|Excadrill, M|91/100|[from] Chilly Reception\n|-damage|p1a: Excadrill|88/100|[from] Stealth Rock\n|-item|p1a: Excadrill|Air Balloon\n|\n|-weather|Snowscape|[upkeep]\n|upkeep\n|turn|32\n|\n|t:|1771219580\n|move|p1a: Excadrill|Iron Head|p2a: Matcha 🥷🏿\n|-damage|p2a: Matcha 🥷🏿|62/100 par\n|cant|p2a: Matcha 🥷🏿|flinch\n|\n|-weather|Snowscape|[upkeep]\n|upkeep\n|turn|33\n|\n|t:|1771219584\n|move|p1a: Excadrill|Iron Head|p2a: Matcha 🥷🏿\n|-damage|p2a: Matcha 🥷🏿|30/100 par\n|cant|p2a: Matcha 🥷🏿|par\n|\n|-weather|Snowscape|[upkeep]\n|upkeep\n|turn|34\n|j| dtybb\n|\n|t:|1771219592\n|move|p1a: Excadrill|Iron Head|p2a: Matcha 🥷🏿\n|-damage|p2a: Matcha 🥷🏿|0 fnt\n|faint|p2a: Matcha 🥷🏿\n|\n|-weather|Snowscape|[upkeep]\n|upkeep\n|\n|t:|1771219594\n|switch|p2a: Flawlëss|Keldeo-Resolute|100/100\n|turn|35\n|\n|t:|1771219604\n|switch|p1a: Clefable|Clefable, F|100/100\n|move|p2a: Flawlëss|Secret Sword|p1a: Clefable\n|-resisted|p1a: Clefable\n|-damage|p1a: Clefable|81/100\n|\n|-weather|none\n|-heal|p1a: Clefable|87/100|[from] item: Leftovers\n|upkeep\n|turn|36\n|\n|t:|1771219637\n|-terastallize|p2a: Flawlëss|Water\n|move|p2a: Flawlëss|Surf|p1a: Clefable\n|-damage|p1a: Clefable|26/100\n|move|p1a: Clefable|Calm Mind|p1a: Clefable\n|-boost|p1a: Clefable|spa|1\n|-boost|p1a: Clefable|spd|1\n|\n|-heal|p1a: Clefable|32/100|[from] item: Leftovers\n|upkeep\n|turn|37\n|\n|t:|1771219648\n|switch|p1a: Ogerpon|Ogerpon-Wellspring, F|70/100\n|-damage|p1a: Ogerpon|58/100|[from] Stealth Rock\n|move|p2a: Flawlëss|Secret Sword|p1a: Ogerpon\n|-damage|p1a: Ogerpon|0 fnt\n|faint|p1a: Ogerpon\n|\n|upkeep\n|-message|HorusTheYounger forfeited.\n|\n|win|White Boy SZN\n|raw|HorusTheYounger's rating: 1571 &rarr; <strong>1549</strong><br />(-22 for losing)\n|raw|White Boy SZN's rating: 1534 &rarr; <strong>1556</strong><br />(+22 for winning)\n|l|☆HorusTheYounger\n|player|p1|\n", "uploadtime": 1771219797, "views": 4, "formatid": "gen9ou", "rating": 1549, "private": 0, "password": null}