{"id": "gen9ou-2639206316", "format": "[Gen 9] OU", "players": ["Leader Alastor", "giulianno"], "log": "|j|☆Leader Alastor\n|j|☆giulianno\n|t:|1782433990\n|gametype|singles\n|player|p1|Leader Alastor|blue|1317\n|player|p2|giulianno|red|1286\n|gen|9\n|tier|[Gen 9] OU\n|rated|\n|rule|HP Percentage Mod: HP is shown in percentages\n|rule|Endless Battle Clause: Forcing endless battles is banned\n|rule|Species Clause: Limit one of each Pokémon\n|rule|OHKO Clause: OHKO moves are banned\n|rule|Evasion Items Clause: Evasion items are banned\n|rule|Evasion Moves Clause: Evasion moves are banned\n|rule|Evasion Abilities Clause: Evasion abilities are banned\n|rule|Sleep Moves Clause: Sleep-inducing moves are banned\n|clearpoke\n|poke|p1|Ceruledge, F|\n|poke|p1|Iron Valiant|\n|poke|p1|Lilligant, F|\n|poke|p1|Cloyster, M|\n|poke|p1|Noivern, M|\n|poke|p1|Malamar, F|\n|poke|p2|Chandelure, M|\n|poke|p2|Gallade, M|\n|poke|p2|Garchomp, M|\n|poke|p2|Weavile, M|\n|poke|p2|Gyarados, M|\n|poke|p2|Magnezone|\n|teampreview\n|inactive|Battle timer is ON: inactive players will automatically lose when time's up. (requested by Leader Alastor)\n|\n|t:|1782433996\n|teamsize|p1|6\n|teamsize|p2|6\n|start\n|switch|p1a: Trident|Cloyster, M|100/100\n|switch|p2a: Weavile|Weavile, M|100/100\n|-ability|p2a: Weavile|Pressure\n|turn|1\n|\n|t:|1782434003\n|move|p2a: Weavile|Knock Off|p1a: Trident\n|-damage|p1a: Trident|63/100\n|-enditem|p1a: Trident|Focus Sash|[from] move: Knock Off|[of] p2a: Weavile\n|move|p1a: Trident|Rock Blast|p2a: Weavile\n|-supereffective|p2a: Weavile\n|-damage|p2a: Weavile|73/100\n|-supereffective|p2a: Weavile\n|-damage|p2a: Weavile|44/100\n|-supereffective|p2a: Weavile\n|-damage|p2a: Weavile|17/100\n|-supereffective|p2a: Weavile\n|-damage|p2a: Weavile|0 fnt\n|faint|p2a: Weavile\n|-hitcount|p2: Weavile|4\n|\n|upkeep\n|\n|t:|1782434019\n|switch|p2a: Gallade|Gallade, M|100/100\n|turn|2\n|inactive|giulianno has 120 seconds left.\n|\n|t:|1782434072\n|move|p2a: Gallade|Sacred Sword|p1a: Trident\n|-supereffective|p1a: Trident\n|-damage|p1a: Trident|0 fnt\n|faint|p1a: Trident\n|\n|upkeep\n|\n|t:|1782434075\n|switch|p1a: Flamberge|Ceruledge, F|100/100\n|turn|3\n|\n|t:|1782434089\n|switch|p2a: Garchomp|Garchomp, M, shiny|100/100\n|move|p1a: Flamberge|Swords Dance|p1a: Flamberge\n|-boost|p1a: Flamberge|atk|2\n|\n|upkeep\n|turn|4\n|\n|t:|1782434099\n|switch|p1a: Glaive|Iron Valiant|100/100\n|-enditem|p1a: Glaive|Booster Energy\n|-activate|p1a: Glaive|ability: Quark Drive|[fromitem]\n|-start|p1a: Glaive|quarkdrivespe\n|move|p2a: Garchomp|Scale Shot|p1a: Glaive\n|-immune|p1a: Glaive\n|\n|upkeep\n|turn|5\n|\n|t:|1782434112\n|switch|p2a: Gyarados|Gyarados, M|100/100\n|move|p1a: Glaive|Swords Dance|p1a: Glaive\n|-boost|p1a: Glaive|atk|2\n|\n|upkeep\n|turn|6\n|\n|t:|1782434118\n|move|p1a: Glaive|Knock Off|p2a: Gyarados\n|-damage|p2a: Gyarados|16/100\n|-enditem|p2a: Gyarados|Leftovers|[from] move: Knock Off|[of] p1a: Glaive\n|move|p2a: Gyarados|Waterfall|p1a: Glaive\n|-damage|p1a: Glaive|48/100\n|\n|upkeep\n|turn|7\n|\n|t:|1782434125\n|move|p1a: Glaive|Drain Punch|p2a: Gyarados\n|-resisted|p2a: Gyarados\n|-damage|p2a: Gyarados|0 fnt\n|-heal|p1a: Glaive|57/100|[from] drain|[of] p2a: Gyarados\n|faint|p2a: Gyarados\n|\n|upkeep\n|\n|t:|1782434130\n|switch|p2a: Magnezone|Magnezone|100/100\n|-item|p2a: Magnezone|Air Balloon\n|turn|8\n|\n|t:|1782434135\n|move|p1a: Glaive|Drain Punch|p2a: Magnezone\n|-supereffective|p2a: Magnezone\n|-ability|p2a: Magnezone|Sturdy\n|-damage|p2a: Magnezone|1/100\n|-heal|p1a: Glaive|100/100|[from] drain|[of] p2a: Magnezone\n|-enditem|p2a: Magnezone|Air Balloon\n|move|p2a: Magnezone|Flash Cannon|p1a: Glaive\n|-supereffective|p1a: Glaive\n|-damage|p1a: Glaive|0 fnt\n|faint|p1a: Glaive\n|-end|p1a: Glaive|Quark Drive|[silent]\n|\n|upkeep\n|\n|t:|1782434140\n|switch|p1a: Scimitar|Noivern, M|100/100\n|turn|9\n|\n|t:|1782434147\n|move|p1a: Scimitar|Boomburst|p2a: Magnezone\n|-resisted|p2a: Magnezone\n|-damage|p2a: Magnezone|0 fnt\n|faint|p2a: Magnezone\n|-enditem|p1a: Scimitar|Throat Spray\n|-boost|p1a: Scimitar|spa|1|[from] item: Throat Spray\n|\n|upkeep\n|\n|t:|1782434157\n|switch|p2a: Gallade|Gallade, M|100/100\n|turn|10\n|\n|t:|1782434160\n|move|p2a: Gallade|Ice Punch|p1a: Scimitar\n|-supereffective|p1a: Scimitar\n|-damage|p1a: Scimitar|0 fnt\n|faint|p1a: Scimitar\n|\n|upkeep\n|\n|t:|1782434163\n|switch|p1a: Flamberge|Ceruledge, F|100/100\n|turn|11\n|\n|t:|1782434166\n|switch|p2a: Garchomp|Garchomp, M, shiny|100/100\n|move|p1a: Flamberge|Swords Dance|p1a: Flamberge\n|-boost|p1a: Flamberge|atk|2\n|\n|upkeep\n|turn|12\n|\n|t:|1782434176\n|move|p2a: Garchomp|Earthquake|p1a: Flamberge\n|-supereffective|p1a: Flamberge\n|-enditem|p1a: Flamberge|Focus Sash\n|-damage|p1a: Flamberge|1/100\n|-ability|p1a: Flamberge|Weak Armor|boost\n|-unboost|p1a: Flamberge|def|1\n|-boost|p1a: Flamberge|spe|2\n|move|p1a: Flamberge|Brick Break|p2a: Garchomp\n|-damage|p2a: Garchomp|47/100\n|-damage|p1a: Flamberge|0 fnt|[from] ability: Rough Skin|[of] p2a: Garchomp\n|faint|p1a: Flamberge\n|\n|upkeep\n|\n|t:|1782434185\n|switch|p1a: Gladius|Lilligant, F|100/100\n|turn|13\n|\n|t:|1782434189\n|move|p2a: Garchomp|Scale Shot|p1a: Gladius\n|-damage|p1a: Gladius|79/100\n|-damage|p1a: Gladius|57/100\n|-damage|p1a: Gladius|37/100\n|-crit|p1a: Gladius\n|-damage|p1a: Gladius|7/100\n|-hitcount|p1a: Gladius|4\n|-unboost|p2a: Garchomp|def|1\n|-boost|p2a: Garchomp|spe|1\n|move|p1a: Gladius|Quiver Dance|p1a: Gladius\n|-boost|p1a: Gladius|spa|1\n|-boost|p1a: Gladius|spd|1\n|-boost|p1a: Gladius|spe|1\n|\n|upkeep\n|turn|14\n|\n|t:|1782434205\n|move|p2a: Garchomp|Earthquake|p1a: Gladius\n|-resisted|p1a: Gladius\n|-damage|p1a: Gladius|0 fnt\n|faint|p1a: Gladius\n|\n|upkeep\n|\n|t:|1782434207\n|switch|p1a: Partisan|Malamar, F|100/100\n|turn|15\n|\n|t:|1782434211\n|move|p2a: Garchomp|Earthquake|p1a: Partisan\n|-damage|p1a: Partisan|43/100\n|move|p1a: Partisan|Superpower|p2a: Garchomp\n|-damage|p2a: Garchomp|0 fnt\n|-boost|p1a: Partisan|atk|1\n|-boost|p1a: Partisan|def|1\n|-damage|p1a: Partisan|31/100|[from] ability: Rough Skin|[of] p2a: Garchomp\n|faint|p2a: Garchomp\n|\n|upkeep\n|\n|t:|1782434222\n|switch|p2a: Chandelure|Chandelure, M|100/100\n|turn|16\n|-activate|p1a: Partisan|item: Quick Claw\n|\n|t:|1782434227\n|-terastallize|p1a: Partisan|Poison\n|move|p1a: Partisan|Throat Chop|p2a: Chandelure\n|-supereffective|p2a: Chandelure\n|-enditem|p2a: Chandelure|Focus Sash\n|-damage|p2a: Chandelure|1/100\n|-start|p2a: Chandelure|Throat Chop|[silent]\n|move|p2a: Chandelure|Shadow Ball|p1a: Partisan\n|-damage|p1a: Partisan|0 fnt\n|faint|p1a: Partisan\n|\n|win|giulianno\n|raw|Leader Alastor's rating: 1317 &rarr; <strong>1295</strong><br />(-22 for losing)\n|raw|giulianno's rating: 1286 &rarr; <strong>1313</strong><br />(+27 for winning)\n|l|☆Leader Alastor\n|player|p1|\n|l|☆giulianno\n|player|p2|\n", "uploadtime": 1782434595, "views": 7, "formatid": "gen9ou", "rating": 1295, "private": 0, "password": null}