{"id": "gen9ou-2639289517", "format": "[Gen 9] OU", "players": ["Kenny2edgy", "dennyexp"], "log": "|j|☆Kenny2edgy\n|j|☆dennyexp\n|t:|1782446665\n|gametype|singles\n|player|p1|Kenny2edgy|schoolkidf|1178\n|player|p2|dennyexp|marshal|1206\n|gen|9\n|tier|[Gen 9] OU\n|rated|\n|rule|HP Percentage Mod: HP is shown in percentages\n|rule|Endless Battle Clause: Forcing endless battles is banned\n|rule|Species Clause: Limit one of each Pokémon\n|rule|OHKO Clause: OHKO moves are banned\n|rule|Evasion Items Clause: Evasion items are banned\n|rule|Evasion Moves Clause: Evasion moves are banned\n|rule|Evasion Abilities Clause: Evasion abilities are banned\n|rule|Sleep Moves Clause: Sleep-inducing moves are banned\n|clearpoke\n|poke|p1|Gengar, M|\n|poke|p1|Dragonite, M|\n|poke|p1|Kyurem|\n|poke|p1|Great Tusk|\n|poke|p1|Zapdos|\n|poke|p1|Heatran, F|\n|poke|p2|Quaquaval, M|\n|poke|p2|Meowscarada, M|\n|poke|p2|Conkeldurr, F|\n|poke|p2|Braviary-Hisui, M|\n|poke|p2|Grafaiai, F|\n|poke|p2|Decidueye-Hisui, M|\n|teampreview\n|l|☆dennyexp\n|player|p2|\n|inactive|Battle timer is ON: inactive players will automatically lose when time's up. (requested by Kenny2edgy)\n|j|☆dennyexp\n|inactive|dennyexp reconnected and has 135 seconds left.\n|player|p2|dennyexp|marshal|\n|\n|t:|1782446723\n|teamsize|p1|6\n|teamsize|p2|6\n|start\n|switch|p1a: Zapdos|Zapdos|100/100\n|switch|p2a: USA|Braviary-Hisui, M, shiny|100/100\n|turn|1\n|\n|t:|1782446735\n|switch|p2a: Decidueye|Decidueye-Hisui, M|100/100\n|move|p1a: Zapdos|Volt Switch|p2a: Decidueye\n|-resisted|p2a: Decidueye\n|-damage|p2a: Decidueye|83/100\n|\n|t:|1782446745\n|switch|p1a: Gengar|Gengar, M|100/100|[from] Volt Switch\n|\n|upkeep\n|turn|2\n|\n|t:|1782446750\n|move|p1a: Gengar|Sludge Bomb|p2a: Decidueye\n|-supereffective|p2a: Decidueye\n|-damage|p2a: Decidueye|0 fnt\n|faint|p2a: Decidueye\n|\n|upkeep\n|\n|t:|1782446768\n|switch|p2a: Grafaiai|Grafaiai, F, shiny|100/100\n|turn|3\n|\n|t:|1782446782\n|move|p2a: Grafaiai|Switcheroo|p1a: Gengar\n|-activate|p2a: Grafaiai|move: Trick|[of] p1a: Gengar\n|-item|p1a: Gengar|Sticky Barb|[from] move: Switcheroo\n|-item|p2a: Grafaiai|Focus Sash|[from] move: Switcheroo\n|move|p1a: Gengar|Psychic|p2a: Grafaiai\n|-supereffective|p2a: Grafaiai\n|-damage|p2a: Grafaiai|40/100\n|\n|-damage|p1a: Gengar|88/100|[from] item: Sticky Barb\n|upkeep\n|turn|4\n|\n|t:|1782446794\n|switch|p2a: Mi YAO|Meowscarada, M, shiny|100/100\n|move|p1a: Gengar|Psychic|p2a: Mi YAO\n|-immune|p2a: Mi YAO\n|\n|-damage|p1a: Gengar|76/100|[from] item: Sticky Barb\n|upkeep\n|turn|5\n|\n|t:|1782446809\n|move|p2a: Mi YAO|Knock Off|p1a: Gengar\n|-start|p2a: Mi YAO|typechange|Dark|[from] ability: Protean\n|-supereffective|p1a: Gengar\n|-damage|p1a: Gengar|0 fnt\n|-enditem|p1a: Gengar|Sticky Barb|[from] move: Knock Off|[of] p2a: Mi YAO\n|faint|p1a: Gengar\n|\n|upkeep\n|\n|t:|1782446823\n|switch|p1a: Dragonite|Dragonite, M|100/100\n|turn|6\n|\n|t:|1782446831\n|switch|p2a: Grafaiai|Grafaiai, F, shiny|40/100\n|-terastallize|p1a: Dragonite|Water\n|move|p1a: Dragonite|Dragon Dance|p1a: Dragonite\n|-boost|p1a: Dragonite|atk|1\n|-boost|p1a: Dragonite|spe|1\n|\n|upkeep\n|turn|7\n|\n|t:|1782446847\n|move|p2a: Grafaiai|Encore|p1a: Dragonite\n|-start|p1a: Dragonite|Encore\n|move|p1a: Dragonite|Dragon Dance|p1a: Dragonite\n|-boost|p1a: Dragonite|atk|1\n|-boost|p1a: Dragonite|spe|1\n|\n|upkeep\n|turn|8\n|\n|t:|1782446863\n|move|p2a: Grafaiai|Toxic|p1a: Dragonite\n|-status|p1a: Dragonite|tox\n|move|p1a: Dragonite|Dragon Dance|p1a: Dragonite\n|-boost|p1a: Dragonite|atk|1\n|-boost|p1a: Dragonite|spe|1\n|\n|-damage|p1a: Dragonite|94/100 tox|[from] psn\n|upkeep\n|turn|9\n|\n|t:|1782446872\n|move|p2a: Grafaiai|Metronome|p2a: Grafaiai\n|move|p2a: Grafaiai|Tailwind|p2a: Grafaiai|[from] move: Metronome\n|-sidestart|p2: dennyexp|move: Tailwind\n|move|p1a: Dragonite|Dragon Dance|p1a: Dragonite\n|-boost|p1a: Dragonite|atk|1\n|-boost|p1a: Dragonite|spe|1\n|\n|-heal|p1a: Dragonite|100/100 tox|[from] item: Leftovers\n|-damage|p1a: Dragonite|88/100 tox|[from] psn\n|-end|p1a: Dragonite|Encore\n|upkeep\n|turn|10\n|\n|t:|1782446893\n|switch|p1a: Zapdos|Zapdos|100/100\n|move|p2a: Grafaiai|Encore||[still]\n|-fail|p2a: Grafaiai\n|\n|upkeep\n|turn|11\n|\n|t:|1782446898\n|move|p2a: Grafaiai|Toxic|p1a: Zapdos\n|-status|p1a: Zapdos|tox\n|move|p1a: Zapdos|Volt Switch|p2a: Grafaiai\n|-damage|p2a: Grafaiai|8/100\n|\n|t:|1782446905\n|switch|p1a: Dragonite|Dragonite, M, tera:Water|88/100 tox|[from] Volt Switch\n|\n|-heal|p1a: Dragonite|94/100 tox|[from] item: Leftovers\n|-damage|p1a: Dragonite|88/100 tox|[from] psn\n|upkeep\n|turn|12\n|\n|t:|1782446912\n|move|p2a: Grafaiai|Switcheroo|p1a: Dragonite\n|-activate|p2a: Grafaiai|move: Trick|[of] p1a: Dragonite\n|-item|p1a: Dragonite|Focus Sash|[from] move: Switcheroo\n|-item|p2a: Grafaiai|Leftovers|[from] move: Switcheroo\n|move|p1a: Dragonite|Waterfall|p2a: Grafaiai\n|-damage|p2a: Grafaiai|0 fnt\n|faint|p2a: Grafaiai\n|\n|-damage|p1a: Dragonite|76/100 tox|[from] psn\n|-sideend|p2: dennyexp|move: Tailwind\n|upkeep\n|\n|t:|1782446925\n|switch|p2a: THE CRONK|Conkeldurr, F, shiny|100/100\n|turn|13\n|\n|t:|1782446932\n|move|p1a: Dragonite|Waterfall|p2a: THE CRONK\n|-damage|p2a: THE CRONK|61/100\n|move|p2a: THE CRONK|Thunder Punch|p1a: Dragonite\n|-supereffective|p1a: Dragonite\n|-damage|p1a: Dragonite|0 fnt\n|faint|p1a: Dragonite\n|\n|upkeep\n|\n|t:|1782446938\n|switch|p1a: Zapdos|Zapdos|100/100 tox\n|turn|14\n|\n|t:|1782446948\n|move|p1a: Zapdos|Volt Switch|p2a: THE CRONK\n|-damage|p2a: THE CRONK|22/100\n|\n|t:|1782446957\n|switch|p1a: Great Tusk|Great Tusk|100/100|[from] Volt Switch\n|-enditem|p1a: Great Tusk|Booster Energy\n|-activate|p1a: Great Tusk|ability: Protosynthesis|[fromitem]\n|-start|p1a: Great Tusk|protosynthesisatk\n|move|p2a: THE CRONK|Ice Punch|p1a: Great Tusk\n|-supereffective|p1a: Great Tusk\n|-damage|p1a: Great Tusk|38/100\n|\n|upkeep\n|turn|15\n|\n|t:|1782446974\n|move|p2a: THE CRONK|Mach Punch|p1a: Great Tusk\n|-damage|p1a: Great Tusk|16/100\n|move|p1a: Great Tusk|Rapid Spin|p2a: THE CRONK\n|-damage|p2a: THE CRONK|3/100\n|-boost|p1a: Great Tusk|spe|1\n|\n|upkeep\n|turn|16\n|\n|t:|1782446981\n|move|p2a: THE CRONK|Mach Punch|p1a: Great Tusk\n|-damage|p1a: Great Tusk|0 fnt\n|faint|p1a: Great Tusk\n|-end|p1a: Great Tusk|Protosynthesis|[silent]\n|\n|upkeep\n|\n|t:|1782446986\n|switch|p1a: Zapdos|Zapdos|100/100 tox\n|turn|17\n|\n|t:|1782446989\n|move|p1a: Zapdos|Volt Switch|p2a: THE CRONK\n|-damage|p2a: THE CRONK|0 fnt\n|faint|p2a: THE CRONK\n|\n|t:|1782446997\n|switch|p1a: Kyurem|Kyurem|100/100|[from] Volt Switch\n|-ability|p1a: Kyurem|Pressure\n|\n|upkeep\n|\n|t:|1782447004\n|switch|p2a: Mi YAO|Meowscarada, M, shiny|100/100\n|turn|18\n|\n|t:|1782447009\n|move|p1a: Kyurem|Freeze-Dry|p2a: Mi YAO\n|-supereffective|p2a: Mi YAO\n|-damage|p2a: Mi YAO|0 fnt\n|faint|p2a: Mi YAO\n|\n|upkeep\n|\n|t:|1782447016\n|switch|p2a: USA|Braviary-Hisui, M, shiny|100/100\n|turn|19\n|\n|t:|1782447020\n|-terastallize|p2a: USA|Normal\n|move|p1a: Kyurem|Freeze-Dry|p2a: USA\n|-damage|p2a: USA|51/100\n|move|p2a: USA|Esper Wing|p1a: Kyurem\n|-damage|p1a: Kyurem|58/100\n|-boost|p2a: USA|spe|1\n|\n|upkeep\n|turn|20\n|\n|t:|1782447031\n|switch|p1a: Zapdos|Zapdos|100/100 tox\n|move|p2a: USA|Esper Wing|p1a: Zapdos\n|-damage|p1a: Zapdos|56/100 tox\n|-boost|p2a: USA|spe|1\n|\n|-damage|p1a: Zapdos|50/100 tox|[from] psn\n|upkeep\n|turn|21\n|\n|t:|1782447051\n|move|p2a: USA|Esper Wing|p1a: Zapdos\n|-damage|p1a: Zapdos|1/100 tox\n|-boost|p2a: USA|spe|1\n|move|p1a: Zapdos|Hurricane|p2a: USA|[miss]\n|-miss|p1a: Zapdos|p2a: USA\n|\n|-damage|p1a: Zapdos|0 fnt|[from] psn\n|faint|p1a: Zapdos\n|upkeep\n|\n|t:|1782447057\n|switch|p1a: Heatran|Heatran, F|100/100\n|-item|p1a: Heatran|Air Balloon\n|turn|22\n|\n|t:|1782447066\n|move|p2a: USA|Esper Wing|p1a: Heatran\n|-resisted|p1a: Heatran\n|-damage|p1a: Heatran|60/100\n|-boost|p2a: USA|spe|1\n|-enditem|p1a: Heatran|Air Balloon\n|move|p1a: Heatran|Lava Plume|p2a: USA\n|-damage|p2a: USA|0 fnt\n|faint|p2a: USA\n|\n|upkeep\n|c|☆Kenny2edgy|ggwp\n|\n|t:|1782447075\n|switch|p2a: LaQuavion|Quaquaval, M|100/100\n|turn|23\n|\n|t:|1782447081\n|move|p2a: LaQuavion|Aqua Step|p1a: Heatran\n|-supereffective|p1a: Heatran\n|-damage|p1a: Heatran|0 fnt\n|-boost|p2a: LaQuavion|spe|1\n|faint|p1a: Heatran\n|-ability|p2a: LaQuavion|Moxie|boost\n|-boost|p2a: LaQuavion|atk|1\n|\n|upkeep\n|\n|t:|1782447084\n|switch|p1a: Kyurem|Kyurem|58/100\n|-ability|p1a: Kyurem|Pressure\n|turn|24\n|\n|t:|1782447089\n|move|p2a: LaQuavion|Brick Break|p1a: Kyurem\n|-supereffective|p1a: Kyurem\n|-damage|p1a: Kyurem|0 fnt\n|faint|p1a: Kyurem\n|\n|win|dennyexp\n|raw|Kenny2edgy's rating: 1178 &rarr; <strong>1155</strong><br />(-23 for losing)\n|raw|dennyexp's rating: 1206 &rarr; <strong>1229</strong><br />(+23 for winning)\n|l|☆dennyexp\n|player|p2|\n|l|☆Kenny2edgy\n|player|p1|\n", "uploadtime": 1782447358, "views": 6, "formatid": "gen9ou", "rating": 1155, "private": 0, "password": null}