{"id": "gen9ou-2639287123", "format": "[Gen 9] OU", "players": ["millan22gengar", "DarkSorcerer1313"], "log": "|j|☆millan22gengar\n|j|☆DarkSorcerer1313\n|t:|1782446226\n|gametype|singles\n|player|p1|millan22gengar|169|1182\n|player|p2|DarkSorcerer1313|lance|1139\n|gen|9\n|tier|[Gen 9] OU\n|rated|\n|rule|HP Percentage Mod: HP is shown in percentages\n|rule|Endless Battle Clause: Forcing endless battles is banned\n|rule|Species Clause: Limit one of each Pokémon\n|rule|OHKO Clause: OHKO moves are banned\n|rule|Evasion Items Clause: Evasion items are banned\n|rule|Evasion Moves Clause: Evasion moves are banned\n|rule|Evasion Abilities Clause: Evasion abilities are banned\n|rule|Sleep Moves Clause: Sleep-inducing moves are banned\n|clearpoke\n|poke|p1|Garganacl, M|\n|poke|p1|Darkrai|\n|poke|p1|Kingambit, F|\n|poke|p1|Iron Moth|\n|poke|p1|Donphan, F|\n|poke|p1|Landorus-Therian, M|\n|poke|p2|Clodsire, F|\n|poke|p2|Dondozo, M|\n|poke|p2|Alomomola, F|\n|poke|p2|Talonflame, F|\n|poke|p2|Toxapex, F|\n|poke|p2|Blissey, F|\n|teampreview\n|\n|t:|1782446238\n|teamsize|p1|6\n|teamsize|p2|6\n|start\n|switch|p1a: Landorus|Landorus-Therian, M|100/100\n|switch|p2a: Blissey|Blissey, F|100/100\n|-ability|p1a: Landorus|Intimidate|boost\n|-unboost|p2a: Blissey|atk|1\n|turn|1\n|\n|t:|1782446246\n|switch|p2a: Talonflame|Talonflame, F|100/100\n|move|p1a: Landorus|Stealth Rock|p2a: Talonflame\n|-sidestart|p2: DarkSorcerer1313|move: Stealth Rock\n|\n|upkeep\n|turn|2\n|\n|t:|1782446251\n|move|p2a: Talonflame|Defog|p1a: Landorus\n|-unboost|p1a: Landorus|evasion|1\n|-sideend|p2: DarkSorcerer1313|Stealth Rock|[from] move: Defog|[of] p2a: Talonflame\n|move|p1a: Landorus|U-turn|p2a: Talonflame\n|-resisted|p2a: Talonflame\n|-damage|p2a: Talonflame|94/100\n|-status|p1a: Landorus|brn|[from] ability: Flame Body|[of] p2a: Talonflame\n|-enditem|p1a: Landorus|Lum Berry|[eat]\n|-curestatus|p1a: Landorus|brn|[msg]\n|\n|t:|1782446254\n|switch|p1a: Garganacl|Garganacl, M|100/100|[from] U-turn\n|\n|upkeep\n|turn|3\n|inactive|Battle timer is ON: inactive players will automatically lose when time's up. (requested by millan22gengar)\n|\n|t:|1782446296\n|switch|p2a: Clodsire|Clodsire, F|100/100\n|move|p1a: Garganacl|Salt Cure|p2a: Clodsire\n|-resisted|p2a: Clodsire\n|-damage|p2a: Clodsire|93/100\n|-start|p2a: Clodsire|Salt Cure\n|\n|-damage|p2a: Clodsire|80/100|[from] Salt Cure\n|upkeep\n|turn|4\n|\n|t:|1782446307\n|switch|p1a: Landorus|Landorus-Therian, M|100/100\n|-ability|p1a: Landorus|Intimidate|boost\n|-unboost|p2a: Clodsire|atk|1\n|move|p2a: Clodsire|Earthquake|p1a: Landorus\n|-immune|p1a: Landorus\n|\n|-damage|p2a: Clodsire|68/100|[from] Salt Cure\n|upkeep\n|turn|5\n|\n|t:|1782446324\n|switch|p2a: Talonflame|Talonflame, F|94/100\n|move|p1a: Landorus|Stealth Rock|p2a: Talonflame\n|-sidestart|p2: DarkSorcerer1313|move: Stealth Rock\n|\n|upkeep\n|turn|6\n|\n|t:|1782446343\n|move|p2a: Talonflame|Flamethrower|p1a: Landorus\n|-damage|p1a: Landorus|69/100\n|move|p1a: Landorus|U-turn|p2a: Talonflame\n|-resisted|p2a: Talonflame\n|-damage|p2a: Talonflame|87/100\n|\n|t:|1782446355\n|switch|p1a: Garganacl|Garganacl, M|100/100|[from] U-turn\n|\n|upkeep\n|turn|7\n|\n|t:|1782446365\n|switch|p2a: Clodsire|Clodsire, F|68/100\n|move|p1a: Garganacl|Salt Cure|p2a: Clodsire\n|-resisted|p2a: Clodsire\n|-damage|p2a: Clodsire|60/100\n|-start|p2a: Clodsire|Salt Cure\n|\n|-damage|p2a: Clodsire|47/100|[from] Salt Cure\n|upkeep\n|turn|8\n|\n|t:|1782446374\n|switch|p1a: Landorus|Landorus-Therian, M|69/100\n|-ability|p1a: Landorus|Intimidate|boost\n|-unboost|p2a: Clodsire|atk|1\n|move|p2a: Clodsire|Recover|p2a: Clodsire\n|-heal|p2a: Clodsire|97/100\n|\n|-damage|p2a: Clodsire|85/100|[from] Salt Cure\n|upkeep\n|turn|9\n|\n|t:|1782446382\n|switch|p2a: Talonflame|Talonflame, F|87/100\n|move|p1a: Landorus|U-turn|p2a: Talonflame\n|-resisted|p2a: Talonflame\n|-crit|p2a: Talonflame\n|-damage|p2a: Talonflame|79/100\n|-status|p1a: Landorus|brn|[from] ability: Flame Body|[of] p2a: Talonflame\n|\n|t:|1782446391\n|switch|p1a: Darkrai|Darkrai|100/100|[from] U-turn\n|\n|upkeep\n|turn|10\n|\n|t:|1782446400\n|switch|p2a: Blissey|Blissey, F|100/100\n|move|p1a: Darkrai|Dark Pulse|p2a: Blissey\n|-damage|p2a: Blissey|89/100\n|\n|upkeep\n|turn|11\n|\n|t:|1782446410\n|switch|p1a: Landorus|Landorus-Therian, M|69/100 brn\n|-ability|p1a: Landorus|Intimidate|boost\n|-unboost|p2a: Blissey|atk|1\n|move|p2a: Blissey|Seismic Toss|p1a: Landorus\n|-damage|p1a: Landorus|38/100 brn\n|\n|-damage|p1a: Landorus|32/100 brn|[from] brn\n|upkeep\n|turn|12\n|\n|t:|1782446430\n|switch|p2a: Talonflame|Talonflame, F|79/100\n|move|p1a: Landorus|Facade|p2a: Talonflame\n|-damage|p2a: Talonflame|25/100\n|\n|-damage|p1a: Landorus|26/100 brn|[from] brn\n|upkeep\n|turn|13\n|\n|t:|1782446441\n|-terastallize|p2a: Talonflame|Ghost\n|move|p2a: Talonflame|Roost|p2a: Talonflame\n|-heal|p2a: Talonflame|75/100\n|move|p1a: Landorus|Stealth Rock||[still]\n|-fail|p1a: Landorus\n|\n|-damage|p1a: Landorus|20/100 brn|[from] brn\n|upkeep\n|turn|14\n|\n|t:|1782446451\n|move|p2a: Talonflame|Defog|p1a: Landorus\n|-unboost|p1a: Landorus|evasion|1\n|-sideend|p2: DarkSorcerer1313|Stealth Rock|[from] move: Defog|[of] p2a: Talonflame\n|move|p1a: Landorus|Stealth Rock|p2a: Talonflame\n|-sidestart|p2: DarkSorcerer1313|move: Stealth Rock\n|\n|-damage|p1a: Landorus|14/100 brn|[from] brn\n|upkeep\n|turn|15\n|\n|t:|1782446458\n|move|p2a: Talonflame|Defog|p1a: Landorus\n|-unboost|p1a: Landorus|evasion|1\n|-sideend|p2: DarkSorcerer1313|Stealth Rock|[from] move: Defog|[of] p2a: Talonflame\n|move|p1a: Landorus|Stealth Rock|p2a: Talonflame\n|-sidestart|p2: DarkSorcerer1313|move: Stealth Rock\n|\n|-damage|p1a: Landorus|8/100 brn|[from] brn\n|upkeep\n|turn|16\n|\n|t:|1782446465\n|move|p2a: Talonflame|Defog|p1a: Landorus\n|-unboost|p1a: Landorus|evasion|1\n|-sideend|p2: DarkSorcerer1313|Stealth Rock|[from] move: Defog|[of] p2a: Talonflame\n|move|p1a: Landorus|Stealth Rock|p2a: Talonflame\n|-sidestart|p2: DarkSorcerer1313|move: Stealth Rock\n|\n|-damage|p1a: Landorus|2/100 brn|[from] brn\n|upkeep\n|turn|17\n|\n|t:|1782446471\n|move|p2a: Talonflame|Defog|p1a: Landorus\n|-unboost|p1a: Landorus|evasion|1\n|-sideend|p2: DarkSorcerer1313|Stealth Rock|[from] move: Defog|[of] p2a: Talonflame\n|move|p1a: Landorus|Stealth Rock|p2a: Talonflame\n|-sidestart|p2: DarkSorcerer1313|move: Stealth Rock\n|\n|-damage|p1a: Landorus|0 fnt|[from] brn\n|faint|p1a: Landorus\n|upkeep\n|\n|t:|1782446475\n|switch|p1a: Darkrai|Darkrai|100/100\n|turn|18\n|\n|t:|1782446484\n|switch|p2a: Blissey|Blissey, F|89/100\n|move|p1a: Darkrai|Trick|p2a: Blissey\n|-activate|p1a: Darkrai|move: Trick|[of] p2a: Blissey\n|-item|p2a: Blissey|Choice Scarf|[from] move: Trick\n|-item|p1a: Darkrai|Heavy-Duty Boots|[from] move: Trick\n|\n|upkeep\n|turn|19\n|\n|t:|1782446499\n|switch|p1a: Garganacl|Garganacl, M|100/100\n|move|p2a: Blissey|Stealth Rock|p1a: Garganacl\n|-sidestart|p1: millan22gengar|move: Stealth Rock\n|\n|upkeep\n|turn|20\n|\n|t:|1782446518\n|switch|p2a: Clodsire|Clodsire, F|85/100\n|move|p1a: Garganacl|Salt Cure|p2a: Clodsire\n|-resisted|p2a: Clodsire\n|-damage|p2a: Clodsire|77/100\n|-start|p2a: Clodsire|Salt Cure\n|\n|-damage|p2a: Clodsire|65/100|[from] Salt Cure\n|upkeep\n|turn|21\n|\n|t:|1782446535\n|move|p1a: Garganacl|Protect|p1a: Garganacl\n|-singleturn|p1a: Garganacl|Protect\n|move|p2a: Clodsire|Earthquake|p1a: Garganacl\n|-activate|p1a: Garganacl|move: Protect\n|\n|-damage|p2a: Clodsire|52/100|[from] Salt Cure\n|upkeep\n|turn|22\n|\n|t:|1782446549\n|switch|p2a: Alomomola|Alomomola, F|100/100\n|move|p1a: Garganacl|Body Press|p2a: Alomomola\n|-damage|p2a: Alomomola|85/100\n|\n|upkeep\n|turn|23\n|\n|t:|1782446555\n|move|p2a: Alomomola|Wish|p2a: Alomomola\n|move|p1a: Garganacl|Salt Cure|p2a: Alomomola\n|-damage|p2a: Alomomola|78/100\n|-start|p2a: Alomomola|Salt Cure\n|\n|-damage|p2a: Alomomola|53/100|[from] Salt Cure\n|upkeep\n|turn|24\n|\n|t:|1782446562\n|switch|p2a: Clodsire|Clodsire, F|52/100\n|move|p1a: Garganacl|Salt Cure|p2a: Clodsire\n|-resisted|p2a: Clodsire\n|-damage|p2a: Clodsire|44/100\n|-start|p2a: Clodsire|Salt Cure\n|\n|-heal|p2a: Clodsire|100/100|[from] move: Wish|[wisher] Alomomola\n|-damage|p2a: Clodsire|88/100|[from] Salt Cure\n|upkeep\n|turn|25\n|c|☆millan22gengar|eres mas cerdo que tu mama\n|\n|t:|1782446581\n|switch|p2a: Toxapex|Toxapex, F|100/100\n|move|p1a: Garganacl|Body Press|p2a: Toxapex\n|-resisted|p2a: Toxapex\n|-damage|p2a: Toxapex|91/100\n|\n|upkeep\n|turn|26\n|\n|t:|1782446588\n|move|p1a: Garganacl|Salt Cure|p2a: Toxapex\n|-damage|p2a: Toxapex|82/100\n|-start|p2a: Toxapex|Salt Cure\n|move|p2a: Toxapex|Infestation|p1a: Garganacl\n|-damage|p1a: Garganacl|98/100\n|-activate|p1a: Garganacl|move: Infestation|[of] p2a: Toxapex\n|\n|-heal|p1a: Garganacl|100/100|[from] item: Leftovers\n|-damage|p2a: Toxapex|57/100|[from] Salt Cure\n|-damage|p1a: Garganacl|88/100|[from] move: Infestation|[partiallytrapped]\n|upkeep\n|turn|27\n|\n|t:|1782446599\n|switch|p2a: Alomomola|Alomomola, F|86/100\n|move|p1a: Garganacl|Salt Cure|p2a: Alomomola\n|-crit|p2a: Alomomola\n|-damage|p2a: Alomomola|74/100\n|-start|p2a: Alomomola|Salt Cure\n|\n|-heal|p1a: Garganacl|94/100|[from] item: Leftovers\n|-damage|p2a: Alomomola|50/100|[from] Salt Cure\n|-end|p1a: Garganacl|Infestation|[partiallytrapped]|[silent]\n|upkeep\n|turn|28\n|\n|t:|1782446608\n|move|p2a: Alomomola|Wish|p2a: Alomomola\n|move|p1a: Garganacl|Salt Cure|p2a: Alomomola\n|-damage|p2a: Alomomola|42/100\n|\n|-heal|p1a: Garganacl|100/100|[from] item: Leftovers\n|-damage|p2a: Alomomola|17/100|[from] Salt Cure\n|upkeep\n|turn|29\n|\n|t:|1782446618\n|switch|p1a: Darkrai|Darkrai|100/100\n|move|p2a: Alomomola|Protect||[still]\n|-fail|p2a: Alomomola\n|\n|-heal|p2a: Alomomola|67/100|[from] move: Wish|[wisher] Alomomola\n|-damage|p2a: Alomomola|42/100|[from] Salt Cure\n|upkeep\n|turn|30\n|\n|t:|1782446627\n|switch|p2a: Blissey|Blissey, F|89/100\n|-damage|p2a: Blissey|76/100|[from] Stealth Rock\n|move|p1a: Darkrai|Dark Pulse|p2a: Blissey\n|-crit|p2a: Blissey\n|-damage|p2a: Blissey|58/100\n|\n|upkeep\n|turn|31\n|\n|t:|1782446637\n|move|p1a: Darkrai|Dark Pulse|p2a: Blissey\n|-damage|p2a: Blissey|47/100\n|move|p2a: Blissey|Soft-Boiled|p2a: Blissey\n|-heal|p2a: Blissey|97/100\n|\n|upkeep\n|turn|32\n|\n|t:|1782446660\n|switch|p2a: Dondozo|Dondozo, M|100/100\n|move|p1a: Darkrai|Dark Pulse|p2a: Dondozo\n|-damage|p2a: Dondozo|60/100\n|\n|upkeep\n|turn|33\n|\n|t:|1782446669\n|switch|p2a: Blissey|Blissey, F|97/100\n|-damage|p2a: Blissey|84/100|[from] Stealth Rock\n|move|p1a: Darkrai|Dark Pulse|p2a: Blissey\n|-damage|p2a: Blissey|74/100\n|\n|upkeep\n|turn|34\n|\n|t:|1782446675\n|move|p1a: Darkrai|Ice Beam|p2a: Blissey\n|-damage|p2a: Blissey|66/100\n|-status|p2a: Blissey|frz\n|cant|p2a: Blissey|frz\n|\n|upkeep\n|turn|35\n|\n|t:|1782446684\n|switch|p1a: Garganacl|Garganacl, M|100/100\n|-damage|p1a: Garganacl|88/100|[from] Stealth Rock\n|cant|p2a: Blissey|frz\n|\n|-heal|p1a: Garganacl|94/100|[from] item: Leftovers\n|upkeep\n|turn|36\n|c|☆millan22gengar|que aburrido\n|\n|t:|1782446697\n|-curestatus|p2a: Blissey|frz|[from] ability: Natural Cure|[silent]\n|switch|p2a: Toxapex|Toxapex, F|91/100\n|move|p1a: Garganacl|Salt Cure|p2a: Toxapex\n|-damage|p2a: Toxapex|82/100\n|-start|p2a: Toxapex|Salt Cure\n|\n|-heal|p1a: Garganacl|100/100|[from] item: Leftovers\n|-damage|p2a: Toxapex|57/100|[from] Salt Cure\n|upkeep\n|turn|37\n|c|☆millan22gengar|de verdad si te gusta jugar asi eres un puerco adios dog suicio\n|-message|millan22gengar forfeited.\n|\n|win|DarkSorcerer1313\n|raw|millan22gengar's rating: 1182 &rarr; <strong>1154</strong><br />(-28 for losing)\n|raw|DarkSorcerer1313's rating: 1139 &rarr; <strong>1167</strong><br />(+28 for winning)\n|l|☆millan22gengar\n|player|p1|\n|c|☆DarkSorcerer1313|gg\n|l|☆DarkSorcerer1313\n|player|p2|\n", "uploadtime": 1782447088, "views": 2, "formatid": "gen9ou", "rating": 1154, "private": 0, "password": null}