{"id": "gen9ou-2639274112", "format": "[Gen 9] OU", "players": ["thepeakmons", "dualipasfart"], "log": "|j|☆thepeakmons\n|j|☆dualipasfart\n|t:|1782444075\n|gametype|singles\n|player|p1|thepeakmons|101|1344\n|player|p2|dualipasfart|winona|1379\n|gen|9\n|tier|[Gen 9] OU\n|rated|\n|rule|HP Percentage Mod: HP is shown in percentages\n|rule|Endless Battle Clause: Forcing endless battles is banned\n|rule|Species Clause: Limit one of each Pokémon\n|rule|OHKO Clause: OHKO moves are banned\n|rule|Evasion Items Clause: Evasion items are banned\n|rule|Evasion Moves Clause: Evasion moves are banned\n|rule|Evasion Abilities Clause: Evasion abilities are banned\n|rule|Sleep Moves Clause: Sleep-inducing moves are banned\n|clearpoke\n|poke|p1|Gliscor, M|\n|poke|p1|Gholdengo|\n|poke|p1|Zamazenta-*|\n|poke|p1|Blissey, F|\n|poke|p1|Skarmory, M|\n|poke|p1|Pecharunt|\n|poke|p2|Lokix, M|\n|poke|p2|Zamazenta-*|\n|poke|p2|Gliscor, M|\n|poke|p2|Kyurem|\n|poke|p2|Iron Treads|\n|poke|p2|Zapdos|\n|teampreview\n|inactive|Battle timer is ON: inactive players will automatically lose when time's up. (requested by thepeakmons)\n|\n|t:|1782444093\n|teamsize|p1|6\n|teamsize|p2|6\n|start\n|switch|p1a: Skarmory|Skarmory, M|100/100\n|switch|p2a: Lokix|Lokix, M|100/100\n|turn|1\n|inactive|thepeakmons has 120 seconds left.\n|\n|t:|1782444137\n|move|p2a: Lokix|Knock Off|p1a: Skarmory\n|-damage|p1a: Skarmory|72/100\n|-enditem|p1a: Skarmory|Heavy-Duty Boots|[from] move: Knock Off|[of] p2a: Lokix\n|move|p1a: Skarmory|Spikes|p2a: Lokix\n|-sidestart|p2: dualipasfart|Spikes\n|\n|upkeep\n|turn|2\n|\n|t:|1782444152\n|move|p2a: Lokix|Swords Dance|p2a: Lokix\n|-boost|p2a: Lokix|atk|2\n|move|p1a: Skarmory|Spikes|p2a: Lokix\n|-sidestart|p2: dualipasfart|Spikes\n|\n|upkeep\n|turn|3\n|\n|t:|1782444162\n|move|p2a: Lokix|Knock Off|p1a: Skarmory\n|-damage|p1a: Skarmory|36/100\n|move|p1a: Skarmory|Roost|p1a: Skarmory\n|-heal|p1a: Skarmory|86/100\n|-singleturn|p1a: Skarmory|move: Roost\n|\n|upkeep\n|turn|4\n|\n|t:|1782444177\n|move|p2a: Lokix|Knock Off|p1a: Skarmory\n|-damage|p1a: Skarmory|48/100\n|move|p1a: Skarmory|Body Press|p2a: Lokix\n|-damage|p2a: Lokix|53/100\n|\n|upkeep\n|turn|5\n|\n|t:|1782444197\n|move|p2a: Lokix|Knock Off|p1a: Skarmory\n|-damage|p1a: Skarmory|11/100\n|move|p1a: Skarmory|Roost|p1a: Skarmory\n|-heal|p1a: Skarmory|61/100\n|-singleturn|p1a: Skarmory|move: Roost\n|\n|upkeep\n|turn|6\n|inactive|thepeakmons has 90 seconds left.\n|\n|t:|1782444218\n|move|p2a: Lokix|Knock Off|p1a: Skarmory\n|-damage|p1a: Skarmory|24/100\n|move|p1a: Skarmory|Roost|p1a: Skarmory\n|-heal|p1a: Skarmory|74/100\n|-singleturn|p1a: Skarmory|move: Roost\n|\n|upkeep\n|turn|7\n|inactive|thepeakmons has 90 seconds left.\n|\n|t:|1782444247\n|move|p2a: Lokix|Knock Off|p1a: Skarmory\n|-damage|p1a: Skarmory|36/100\n|move|p1a: Skarmory|Spikes|p2a: Lokix\n|-sidestart|p2: dualipasfart|Spikes\n|\n|upkeep\n|turn|8\n|inactive|thepeakmons has 90 seconds left.\n|\n|t:|1782444262\n|move|p2a: Lokix|Knock Off|p1a: Skarmory\n|-damage|p1a: Skarmory|0 fnt\n|faint|p1a: Skarmory\n|\n|upkeep\n|\n|t:|1782444280\n|switch|p1a: Zamazenta|Zamazenta|100/100\n|-ability|p1a: Zamazenta|Dauntless Shield|boost\n|-boost|p1a: Zamazenta|def|1\n|turn|9\n|\n|t:|1782444294\n|switch|p2a: Zapdos|Zapdos|100/100\n|move|p1a: Zamazenta|Close Combat|p2a: Zapdos\n|-resisted|p2a: Zapdos\n|-crit|p2a: Zapdos\n|-damage|p2a: Zapdos|69/100\n|-unboost|p1a: Zamazenta|def|1\n|-unboost|p1a: Zamazenta|spd|1\n|\n|upkeep\n|turn|10\n|inactive|thepeakmons has 90 seconds left.\n|\n|t:|1782444307\n|switch|p1a: Gliscor|Gliscor, M|100/100\n|move|p2a: Zapdos|Roost|p2a: Zapdos\n|-heal|p2a: Zapdos|100/100\n|-singleturn|p2a: Zapdos|move: Roost\n|\n|-status|p1a: Gliscor|tox|[from] item: Toxic Orb\n|upkeep\n|turn|11\n|inactive|thepeakmons has 90 seconds left.\n|inactive|dualipasfart has 120 seconds left.\n|\n|t:|1782444344\n|switch|p1a: Blissey|Blissey, F|100/100\n|move|p2a: Zapdos|U-turn|p1a: Blissey\n|-damage|p1a: Blissey|87/100\n|\n|t:|1782444361\n|switch|p2a: Lokix|Lokix, M|53/100|[from] U-turn\n|\n|upkeep\n|turn|12\n|\n|t:|1782444373\n|move|p2a: Lokix|Knock Off|p1a: Blissey\n|-damage|p1a: Blissey|34/100\n|-enditem|p1a: Blissey|Heavy-Duty Boots|[from] move: Knock Off|[of] p2a: Lokix\n|move|p1a: Blissey|Stealth Rock|p2a: Lokix\n|-sidestart|p2: dualipasfart|move: Stealth Rock\n|\n|upkeep\n|turn|13\n|inactive|dualipasfart has 120 seconds left.\n|inactive|thepeakmons has 90 seconds left.\n|\n|t:|1782444393\n|move|p2a: Lokix|U-turn|p1a: Blissey\n|-damage|p1a: Blissey|0 fnt\n|faint|p1a: Blissey\n|inactive|dualipasfart has 120 seconds left.\n|\n|t:|1782444416\n|switch|p2a: Gliscor|Gliscor, M|100/100|[from] U-turn\n|-damage|p2a: Gliscor|88/100|[from] Stealth Rock\n|\n|-status|p2a: Gliscor|tox|[from] item: Toxic Orb\n|upkeep\n|inactive|thepeakmons has 90 seconds left.\n|\n|t:|1782444428\n|switch|p1a: Gliscor|Gliscor, M|100/100 tox\n|turn|14\n|inactive|thepeakmons has 90 seconds left.\n|\n|t:|1782444444\n|switch|p2a: Kyurem|Kyurem|100/100\n|-damage|p2a: Kyurem|76/100|[from] Spikes\n|-damage|p2a: Kyurem|51/100|[from] Stealth Rock\n|-ability|p2a: Kyurem|Pressure\n|switch|p1a: Gholdengo|Gholdengo|100/100\n|\n|upkeep\n|turn|15\n|inactive|thepeakmons has 90 seconds left.\n|\n|t:|1782444454\n|move|p2a: Kyurem|Earth Power|p1a: Gholdengo\n|-supereffective|p1a: Gholdengo\n|-crit|p1a: Gholdengo\n|-damage|p1a: Gholdengo|1/100\n|move|p1a: Gholdengo|Nasty Plot|p1a: Gholdengo\n|-boost|p1a: Gholdengo|spa|2\n|\n|upkeep\n|turn|16\n|inactive|thepeakmons has 90 seconds left.\n|\n|t:|1782444469\n|switch|p1a: Gliscor|Gliscor, M|100/100 tox\n|move|p2a: Kyurem|Earth Power|p1a: Gliscor\n|-immune|p1a: Gliscor\n|\n|upkeep\n|turn|17\n|inactive|dualipasfart has 120 seconds left.\n|inactive|thepeakmons has 90 seconds left.\n|\n|t:|1782444490\n|switch|p2a: Zapdos|Zapdos|100/100\n|switch|p1a: Zamazenta|Zamazenta|100/100\n|\n|upkeep\n|turn|18\n|inactive|thepeakmons has 90 seconds left.\n|\n|t:|1782444528\n|switch|p1a: Gliscor|Gliscor, M|100/100 tox\n|move|p2a: Zapdos|Hurricane|p1a: Gliscor|[miss]\n|-miss|p2a: Zapdos|p1a: Gliscor\n|\n|upkeep\n|turn|19\n|\n|t:|1782444537\n|move|p1a: Gliscor|Protect|p1a: Gliscor\n|-singleturn|p1a: Gliscor|Protect\n|move|p2a: Zapdos|U-turn|p1a: Gliscor\n|-activate|p1a: Gliscor|move: Protect\n|\n|upkeep\n|turn|20\n|inactive|dualipasfart has 90 seconds left.\n|\n|t:|1782444568\n|switch|p2a: Gliscor|Gliscor, M|88/100 tox\n|-damage|p2a: Gliscor|76/100 tox|[from] Stealth Rock\n|move|p1a: Gliscor|Swords Dance|p1a: Gliscor\n|-boost|p1a: Gliscor|atk|2\n|\n|-heal|p2a: Gliscor|88/100 tox|[from] ability: Poison Heal\n|upkeep\n|turn|21\n|inactive|dualipasfart has 90 seconds left.\n|\n|t:|1782444583\n|move|p1a: Gliscor|Swords Dance|p1a: Gliscor\n|-boost|p1a: Gliscor|atk|2\n|move|p2a: Gliscor|Spikes|p1a: Gliscor\n|-sidestart|p1: thepeakmons|Spikes\n|\n|-heal|p2a: Gliscor|100/100 tox|[from] ability: Poison Heal\n|upkeep\n|turn|22\n|inactive|dualipasfart has 90 seconds left.\n|\n|t:|1782444608\n|move|p2a: Gliscor|Knock Off|p1a: Gliscor\n|-damage|p1a: Gliscor|84/100 tox\n|-enditem|p1a: Gliscor|Toxic Orb|[from] move: Knock Off|[of] p2a: Gliscor\n|move|p1a: Gliscor|Knock Off|p2a: Gliscor\n|-damage|p2a: Gliscor|48/100 tox\n|-enditem|p2a: Gliscor|Toxic Orb|[from] move: Knock Off|[of] p1a: Gliscor\n|\n|-heal|p2a: Gliscor|60/100 tox|[from] ability: Poison Heal\n|-heal|p1a: Gliscor|96/100 tox|[from] ability: Poison Heal\n|upkeep\n|turn|23\n|inactive|thepeakmons has 60 seconds left.\n|\n|t:|1782444631\n|move|p1a: Gliscor|Knock Off|p2a: Gliscor\n|-damage|p2a: Gliscor|28/100 tox\n|move|p2a: Gliscor|Knock Off|p1a: Gliscor\n|-damage|p1a: Gliscor|85/100 tox\n|\n|-heal|p2a: Gliscor|41/100 tox|[from] ability: Poison Heal\n|-heal|p1a: Gliscor|98/100 tox|[from] ability: Poison Heal\n|upkeep\n|turn|24\n|inactive|thepeakmons has 60 seconds left.\n|\n|t:|1782444645\n|move|p1a: Gliscor|Knock Off|p2a: Gliscor\n|-damage|p2a: Gliscor|4/100 tox\n|move|p2a: Gliscor|Knock Off|p1a: Gliscor\n|-damage|p1a: Gliscor|87/100 tox\n|\n|-heal|p1a: Gliscor|99/100 tox|[from] ability: Poison Heal\n|-heal|p2a: Gliscor|17/100 tox|[from] ability: Poison Heal\n|upkeep\n|turn|25\n|inactive|thepeakmons has 60 seconds left.\n|\n|t:|1782444657\n|move|p2a: Gliscor|Knock Off|p1a: Gliscor\n|-damage|p1a: Gliscor|89/100 tox\n|move|p1a: Gliscor|Swords Dance|p1a: Gliscor\n|-boost|p1a: Gliscor|atk|2\n|\n|-heal|p2a: Gliscor|29/100 tox|[from] ability: Poison Heal\n|-heal|p1a: Gliscor|100/100 tox|[from] ability: Poison Heal\n|upkeep\n|turn|26\n|inactive|dualipasfart has 90 seconds left.\n|inactive|thepeakmons has 60 seconds left.\n|\n|t:|1782444678\n|move|p1a: Gliscor|Earthquake|p2a: Gliscor\n|-immune|p2a: Gliscor\n|move|p2a: Gliscor|Knock Off|p1a: Gliscor\n|-damage|p1a: Gliscor|90/100 tox\n|\n|-heal|p2a: Gliscor|41/100 tox|[from] ability: Poison Heal\n|-heal|p1a: Gliscor|100/100 tox|[from] ability: Poison Heal\n|upkeep\n|turn|27\n|\n|t:|1782444693\n|move|p1a: Gliscor|Earthquake|p2a: Gliscor\n|-immune|p2a: Gliscor\n|move|p2a: Gliscor|Knock Off|p1a: Gliscor\n|-damage|p1a: Gliscor|89/100 tox\n|\n|-heal|p2a: Gliscor|54/100 tox|[from] ability: Poison Heal\n|-heal|p1a: Gliscor|100/100 tox|[from] ability: Poison Heal\n|upkeep\n|turn|28\n|\n|t:|1782444705\n|move|p2a: Gliscor|Knock Off|p1a: Gliscor\n|-damage|p1a: Gliscor|88/100 tox\n|move|p1a: Gliscor|Earthquake|p2a: Gliscor\n|-immune|p2a: Gliscor\n|\n|-heal|p1a: Gliscor|100/100 tox|[from] ability: Poison Heal\n|-heal|p2a: Gliscor|66/100 tox|[from] ability: Poison Heal\n|upkeep\n|turn|29\n|\n|t:|1782444718\n|move|p1a: Gliscor|Knock Off|p2a: Gliscor\n|-damage|p2a: Gliscor|21/100 tox\n|move|p2a: Gliscor|Spikes|p1a: Gliscor\n|-sidestart|p1: thepeakmons|Spikes\n|\n|-heal|p2a: Gliscor|34/100 tox|[from] ability: Poison Heal\n|upkeep\n|turn|30\n|\n|t:|1782444729\n|move|p1a: Gliscor|Knock Off|p2a: Gliscor\n|-damage|p2a: Gliscor|0 fnt\n|faint|p2a: Gliscor\n|\n|upkeep\n|\n|t:|1782444734\n|switch|p2a: Iron Treads|Iron Treads|100/100\n|-damage|p2a: Iron Treads|75/100|[from] Spikes\n|-damage|p2a: Iron Treads|73/100|[from] Stealth Rock\n|-enditem|p2a: Iron Treads|Booster Energy\n|-activate|p2a: Iron Treads|ability: Quark Drive|[fromitem]\n|-start|p2a: Iron Treads|quarkdriveatk\n|turn|31\n|\n|t:|1782444749\n|switch|p1a: Gholdengo|Gholdengo|1/100\n|-damage|p1a: Gholdengo|0 fnt|[from] Spikes\n|faint|p1a: Gholdengo\n|move|p2a: Iron Treads|Rapid Spin|p1: Gholdengo|[notarget]\n|-fail|p2a: Iron Treads\n|\n|upkeep\n|\n|t:|1782444756\n|switch|p1a: Zamazenta|Zamazenta|100/100\n|turn|32\n|\n|t:|1782444769\n|-terastallize|p2a: Iron Treads|Ghost\n|move|p1a: Zamazenta|Close Combat|p2a: Iron Treads\n|-immune|p2a: Iron Treads\n|move|p2a: Iron Treads|Rapid Spin|p1a: Zamazenta\n|-damage|p1a: Zamazenta|80/100\n|-boost|p2a: Iron Treads|spe|1\n|-sideend|p2: dualipasfart|Spikes|[from] move: Rapid Spin|[of] p2a: Iron Treads\n|-sideend|p2: dualipasfart|Stealth Rock|[from] move: Rapid Spin|[of] p2a: Iron Treads\n|\n|upkeep\n|turn|33\n|\n|t:|1782444779\n|move|p2a: Iron Treads|Earthquake|p1a: Zamazenta\n|-damage|p1a: Zamazenta|23/100\n|move|p1a: Zamazenta|Crunch|p2a: Iron Treads\n|-supereffective|p2a: Iron Treads\n|-damage|p2a: Iron Treads|33/100\n|\n|upkeep\n|turn|34\n|\n|t:|1782444791\n|switch|p1a: Gliscor|Gliscor, M|100/100 tox\n|move|p2a: Iron Treads|Earthquake|p1a: Gliscor\n|-immune|p1a: Gliscor\n|\n|upkeep\n|turn|35\n|\n|t:|1782444800\n|switch|p1a: Zamazenta|Zamazenta|23/100\n|move|p2a: Iron Treads|Ice Spinner|p1a: Zamazenta\n|-damage|p1a: Zamazenta|0 fnt\n|faint|p1a: Zamazenta\n|\n|upkeep\n|\n|t:|1782444809\n|switch|p1a: Pecharunt|Pecharunt|100/100\n|turn|36\n|\n|t:|1782444817\n|move|p2a: Iron Treads|Earthquake|p1a: Pecharunt\n|-supereffective|p1a: Pecharunt\n|-damage|p1a: Pecharunt|42/100\n|move|p1a: Pecharunt|Shadow Ball|p2a: Iron Treads\n|-supereffective|p2a: Iron Treads\n|-damage|p2a: Iron Treads|0 fnt\n|faint|p2a: Iron Treads\n|-end|p2a: Iron Treads|Quark Drive|[silent]\n|\n|upkeep\n|\n|t:|1782444840\n|switch|p2a: Lokix|Lokix, M|53/100\n|turn|37\n|\n|t:|1782444848\n|move|p2a: Lokix|U-turn|p1a: Pecharunt\n|-resisted|p1a: Pecharunt\n|-damage|p1a: Pecharunt|34/100\n|inactive|dualipasfart has 120 seconds left.\n|\n|t:|1782444871\n|switch|p2a: Zapdos|Zapdos|100/100|[from] U-turn\n|move|p1a: Pecharunt|Toxic|p2a: Zapdos\n|-status|p2a: Zapdos|tox\n|-start|p2a: Zapdos|confusion|[from] ability: Poison Puppeteer|[of] p1a: Pecharunt\n|\n|-damage|p2a: Zapdos|94/100 tox|[from] psn\n|upkeep\n|turn|38\n|\n|t:|1782444879\n|-activate|p2a: Zapdos|confusion\n|move|p2a: Zapdos|Discharge|p1a: Pecharunt\n|-damage|p1a: Pecharunt|2/100\n|move|p1a: Pecharunt|Toxic|p2a: Zapdos\n|-fail|p2a: Zapdos|tox\n|\n|-damage|p2a: Zapdos|82/100 tox|[from] psn\n|upkeep\n|turn|39\n|\n|t:|1782444887\n|-activate|p2a: Zapdos|confusion\n|move|p2a: Zapdos|U-turn|p1a: Pecharunt\n|-resisted|p1a: Pecharunt\n|-damage|p1a: Pecharunt|0 fnt\n|faint|p1a: Pecharunt\n|\n|t:|1782444891\n|switch|p2a: Kyurem|Kyurem|51/100|[from] U-turn\n|-ability|p2a: Kyurem|Pressure\n|\n|upkeep\n|\n|t:|1782444904\n|switch|p1a: Gliscor|Gliscor, M|100/100 tox\n|turn|40\n|\n|t:|1782444910\n|move|p1a: Gliscor|Protect|p1a: Gliscor\n|-singleturn|p1a: Gliscor|Protect\n|move|p2a: Kyurem|Ice Beam|p1a: Gliscor\n|-activate|p1a: Gliscor|move: Protect\n|\n|upkeep\n|turn|41\n|inactive|thepeakmons has 90 seconds left.\n|c|☆dualipasfart|big protect\n|\n|t:|1782444924\n|move|p1a: Gliscor|Protect||[still]\n|-fail|p1a: Gliscor\n|move|p2a: Kyurem|Ice Beam|p1a: Gliscor\n|-supereffective|p1a: Gliscor\n|-damage|p1a: Gliscor|0 fnt\n|faint|p1a: Gliscor\n|\n|win|dualipasfart\n|raw|thepeakmons's rating: 1308 &rarr; <strong>1292</strong><br />(-16 for losing)\n|raw|dualipasfart's rating: 1379 &rarr; <strong>1395</strong><br />(+16 for winning)\n|l|☆dualipasfart\n|player|p2|\n", "uploadtime": 1782444930, "views": 18, "formatid": "gen9ou", "rating": 1292, "private": 0, "password": null}