{"id": "gen9ou-2540941671", "format": "[Gen 9] OU", "players": ["mickeyb2", "Noamm"], "log": "|j|☆mickeyb2\n|j|☆Noamm\n|t:|1771269310\n|gametype|singles\n|player|p1|mickeyb2|flint|1645\n|player|p2|Noamm|gambler|1677\n|gen|9\n|tier|[Gen 9] OU\n|rated|\n|rule|HP Percentage Mod: HP is shown in percentages\n|rule|Endless Battle Clause: Forcing endless battles is banned\n|rule|Species Clause: Limit one of each Pokémon\n|rule|OHKO Clause: OHKO moves are banned\n|rule|Evasion Items Clause: Evasion items are banned\n|rule|Evasion Moves Clause: Evasion moves are banned\n|rule|Evasion Abilities Clause: Evasion abilities are banned\n|rule|Sleep Moves Clause: Sleep-inducing moves are banned\n|clearpoke\n|poke|p1|Kyurem|\n|poke|p1|Reuniclus, M|\n|poke|p1|Enamorus, F|\n|poke|p1|Lokix, M|\n|poke|p1|Cinderace, F|\n|poke|p1|Slowking, M|\n|poke|p2|Lokix, M|\n|poke|p2|Iron Valiant|\n|poke|p2|Alomomola, F|\n|poke|p2|Mandibuzz, F|\n|poke|p2|Great Tusk|\n|poke|p2|Gholdengo|\n|teampreview\n|inactive|Battle timer is ON: inactive players will automatically lose when time's up. (requested by mickeyb2)\n|c|☆Noamm|Hf\n|c|☆mickeyb2|no u <3\n|\n|t:|1771269334\n|teamsize|p1|6\n|teamsize|p2|6\n|start\n|switch|p1a: Cinderace|Cinderace, F|100/100\n|switch|p2a: The Path of Heaven|Gholdengo|100/100\n|turn|1\n|\n|t:|1771269341\n|switch|p2a: CLOCK UP|Alomomola, F|100/100\n|move|p1a: Cinderace|Flare Blitz|p2a: CLOCK UP\n|-resisted|p2a: CLOCK UP\n|-damage|p2a: CLOCK UP|80/100\n|-damage|p1a: Cinderace|91/100|[from] Recoil\n|\n|upkeep\n|turn|2\n|\n|t:|1771269343\n|move|p1a: Cinderace|Gunk Shot|p2a: CLOCK UP|[miss]\n|-start|p1a: Cinderace|typechange|Poison|[from] ability: Libero\n|-miss|p1a: Cinderace|p2a: CLOCK UP\n|move|p2a: CLOCK UP|Flip Turn|p1a: Cinderace\n|-damage|p1a: Cinderace|69/100\n|\n|t:|1771269357\n|switch|p2a: RIDER KICK|Lokix, M|100/100|[from] Flip Turn\n|\n|upkeep\n|turn|3\n|\n|t:|1771269375\n|move|p2a: RIDER KICK|First Impression|p1a: Cinderace\n|-resisted|p1a: Cinderace\n|-damage|p1a: Cinderace|0 fnt\n|faint|p1a: Cinderace\n|\n|upkeep\n|\n|t:|1771269378\n|switch|p1a: Lokix|Lokix, M|100/100\n|turn|4\n|\n|t:|1771269380\n|switch|p2a: CHANGE BEETLE|Mandibuzz, F|100/100\n|move|p1a: Lokix|Swords Dance|p1a: Lokix\n|-boost|p1a: Lokix|atk|2\n|\n|upkeep\n|turn|5\n|\n|t:|1771269384\n|move|p1a: Lokix|Substitute|p1a: Lokix\n|-start|p1a: Lokix|Substitute\n|-damage|p1a: Lokix|76/100\n|move|p2a: CHANGE BEETLE|U-turn|p1a: Lokix\n|-supereffective|p1a: Lokix\n|-end|p1a: Lokix|Substitute\n|\n|t:|1771269387\n|switch|p2a: RIDER KICK|Lokix, M|100/100|[from] U-turn\n|\n|-heal|p1a: Lokix|82/100|[from] item: Leftovers\n|upkeep\n|turn|6\n|\n|t:|1771269392\n|switch|p1a: Enamorus|Enamorus, F|100/100\n|move|p2a: RIDER KICK|First Impression|p1a: Enamorus\n|-resisted|p1a: Enamorus\n|-damage|p1a: Enamorus|67/100\n|\n|-heal|p1a: Enamorus|73/100|[from] item: Leftovers\n|upkeep\n|turn|7\n|\n|t:|1771269395\n|switch|p2a: CLOCK UP|Alomomola, F|100/100\n|move|p1a: Enamorus|Superpower|p2a: CLOCK UP\n|-damage|p2a: CLOCK UP|70/100\n|-boost|p1a: Enamorus|atk|1\n|-boost|p1a: Enamorus|def|1\n|\n|-heal|p1a: Enamorus|79/100|[from] item: Leftovers\n|upkeep\n|turn|8\n|\n|t:|1771269404\n|move|p1a: Enamorus|Substitute|p1a: Enamorus\n|-start|p1a: Enamorus|Substitute\n|-damage|p1a: Enamorus|54/100\n|move|p2a: CLOCK UP|Flip Turn|p1a: Enamorus\n|-activate|p1a: Enamorus|move: Substitute|[damage]\n|\n|t:|1771269408\n|switch|p2a: The Path of Heaven|Gholdengo|100/100|[from] Flip Turn\n|\n|-heal|p1a: Enamorus|60/100|[from] item: Leftovers\n|upkeep\n|turn|9\n|\n|t:|1771269412\n|-terastallize|p1a: Enamorus|Ground\n|move|p2a: The Path of Heaven|Shadow Ball|p1a: Enamorus\n|-end|p1a: Enamorus|Substitute\n|move|p1a: Enamorus|Tera Blast|p2a: The Path of Heaven|[anim] Tera Blast Ground\n|-supereffective|p2a: The Path of Heaven\n|-damage|p2a: The Path of Heaven|0 fnt\n|faint|p2a: The Path of Heaven\n|\n|-heal|p1a: Enamorus|67/100|[from] item: Leftovers\n|upkeep\n|\n|t:|1771269425\n|switch|p2a: CAST OFF|Iron Valiant, shiny|100/100\n|turn|10\n|j| Box Scammer\n|\n|t:|1771269447\n|switch|p1a: Lokix|Lokix, M|82/100\n|move|p2a: CAST OFF|Moonblast|p1a: Lokix\n|-supereffective|p1a: Lokix\n|-damage|p1a: Lokix|0 fnt\n|faint|p1a: Lokix\n|\n|upkeep\n|\n|t:|1771269449\n|switch|p1a: Reuniclus|Reuniclus, M|100/100\n|turn|11\n|inactive|Noamm has 120 seconds left.\n|\n|t:|1771269482\n|-terastallize|p2a: CAST OFF|Fairy\n|move|p2a: CAST OFF|Moonblast|p1a: Reuniclus\n|-damage|p1a: Reuniclus|1/100\n|move|p1a: Reuniclus|Trick Room|p1a: Reuniclus\n|-fieldstart|move: Trick Room|[of] p1a: Reuniclus\n|\n|upkeep\n|turn|12\n|\n|t:|1771269485\n|-end|p2a: CAST OFF|Quark Drive|[silent]\n|switch|p2a: CLOCK UP|Alomomola, F|100/100\n|move|p1a: Reuniclus|Psychic Noise|p2a: CLOCK UP\n|-damage|p2a: CLOCK UP|81/100\n|-start|p2a: CLOCK UP|move: Heal Block\n|\n|upkeep\n|turn|13\n|\n|t:|1771269490\n|move|p1a: Reuniclus|Psyshock|p2a: CLOCK UP\n|-damage|p2a: CLOCK UP|47/100\n|move|p2a: CLOCK UP|Flip Turn|p1a: Reuniclus\n|-damage|p1a: Reuniclus|0 fnt\n|faint|p1a: Reuniclus\n|\n|t:|1771269495\n|switch|p2a: RIDER KICK|Lokix, M|100/100|[from] Flip Turn\n|\n|upkeep\n|\n|t:|1771269514\n|switch|p1a: Slowking|Slowking, M|100/100\n|turn|14\n|\n|t:|1771269519\n|move|p2a: RIDER KICK|First Impression|p1a: Slowking\n|-supereffective|p1a: Slowking\n|-damage|p1a: Slowking|0 fnt\n|-damage|p2a: RIDER KICK|84/100|[from] item: Rocky Helmet|[of] p1a: Slowking\n|faint|p1a: Slowking\n|\n|upkeep\n|\n|t:|1771269531\n|switch|p1a: Enamorus|Enamorus, F, tera:Ground|67/100\n|turn|15\n|\n|t:|1771269534\n|switch|p2a: CLOCK UP|Alomomola, F|80/100\n|move|p1a: Enamorus|Superpower|p2a: CLOCK UP\n|-damage|p2a: CLOCK UP|50/100\n|-boost|p1a: Enamorus|atk|1\n|-boost|p1a: Enamorus|def|1\n|\n|-heal|p1a: Enamorus|73/100|[from] item: Leftovers\n|-fieldend|move: Trick Room\n|upkeep\n|turn|16\n|\n|t:|1771269539\n|move|p1a: Enamorus|Substitute|p1a: Enamorus\n|-start|p1a: Enamorus|Substitute\n|-damage|p1a: Enamorus|48/100\n|move|p2a: CLOCK UP|Flip Turn|p1a: Enamorus\n|-supereffective|p1a: Enamorus\n|-end|p1a: Enamorus|Substitute\n|\n|t:|1771269541\n|switch|p2a: CAST OFF|Iron Valiant, shiny, tera:Fairy|100/100|[from] Flip Turn\n|\n|-heal|p1a: Enamorus|54/100|[from] item: Leftovers\n|upkeep\n|turn|17\n|c|☆mickeyb2|damn\n|c|☆mickeyb2|congrats g\n|c|☆Noamm|Gg\n|\n|t:|1771269545\n|move|p2a: CAST OFF|Moonblast|p1a: Enamorus\n|-damage|p1a: Enamorus|0 fnt\n|faint|p1a: Enamorus\n|\n|upkeep\n|\n|t:|1771269547\n|switch|p1a: Kyurem|Kyurem|100/100\n|-ability|p1a: Kyurem|Pressure\n|turn|18\n|c|☆Noamm|Subsd kix is cool\n|\n|t:|1771269557\n|move|p2a: CAST OFF|Moonblast|p1a: Kyurem\n|-supereffective|p1a: Kyurem\n|-damage|p1a: Kyurem|0 fnt\n|faint|p1a: Kyurem\n|\n|win|Noamm\n|raw|mickeyb2's rating: 1645 &rarr; <strong>1627</strong><br />(-18 for losing)\n|raw|Noamm's rating: 1677 &rarr; <strong>1695</strong><br />(+18 for winning)\n|l| Box Scammer\n|l|☆mickeyb2\n|player|p1|\n|l|☆Noamm\n|player|p2|\n", "uploadtime": 1771269746, "views": 2, "formatid": "gen9ou", "rating": 1627, "private": 0, "password": null}