{"id": "gen9ou-2540584233", "format": "[Gen 9] OU", "players": ["GummyDeino", "suprya"], "log": "|j|☆GummyDeino\n|j|☆suprya\n|t:|1771221993\n|gametype|singles\n|player|p1|GummyDeino|lady|1671\n|player|p2|suprya|266|1756\n|gen|9\n|tier|[Gen 9] OU\n|rated|\n|rule|HP Percentage Mod: HP is shown in percentages\n|rule|Endless Battle Clause: Forcing endless battles is banned\n|rule|Species Clause: Limit one of each Pokémon\n|rule|OHKO Clause: OHKO moves are banned\n|rule|Evasion Items Clause: Evasion items are banned\n|rule|Evasion Moves Clause: Evasion moves are banned\n|rule|Evasion Abilities Clause: Evasion abilities are banned\n|rule|Sleep Moves Clause: Sleep-inducing moves are banned\n|clearpoke\n|poke|p1|Iron Valiant|\n|poke|p1|Great Tusk|\n|poke|p1|Dragonite, M|\n|poke|p1|Deoxys-Speed|\n|poke|p1|Glimmora, M|\n|poke|p1|Kingambit, M|\n|poke|p2|Glaceon, F|\n|poke|p2|Slowking-Galar, M|\n|poke|p2|Rotom-Wash|\n|poke|p2|Great Tusk|\n|poke|p2|Cinderace, M|\n|poke|p2|Grimmsnarl, M|\n|teampreview\n|inactive|Battle timer is ON: inactive players will automatically lose when time's up. (requested by suprya)\n|inactive|GummyDeino also wants the timer to be on.\n|inactive|suprya has 120 seconds left.\n|\n|t:|1771222028\n|teamsize|p1|6\n|teamsize|p2|6\n|start\n|switch|p1a: Terminator|Iron Valiant, shiny|100/100\n|switch|p2a: Slowking|Slowking-Galar, M|100/100\n|-enditem|p1a: Terminator|Booster Energy\n|-activate|p1a: Terminator|ability: Quark Drive|[fromitem]\n|-start|p1a: Terminator|quarkdrivespe\n|turn|1\n|\n|t:|1771222034\n|move|p1a: Terminator|Knock Off|p2a: Slowking\n|-supereffective|p2a: Slowking\n|-damage|p2a: Slowking|44/100\n|-enditem|p2a: Slowking|Icy Rock|[from] move: Knock Off|[of] p1a: Terminator\n|move|p2a: Slowking|Thunder Wave|p1a: Terminator\n|-status|p1a: Terminator|par\n|\n|upkeep\n|turn|2\n|\n|t:|1771222048\n|move|p1a: Terminator|Knock Off|p2a: Slowking\n|-supereffective|p2a: Slowking\n|-damage|p2a: Slowking|3/100\n|move|p2a: Slowking|Sludge Bomb|p1a: Terminator\n|-supereffective|p1a: Terminator\n|-damage|p1a: Terminator|0 fnt\n|faint|p1a: Terminator\n|-end|p1a: Terminator|Quark Drive|[silent]\n|\n|upkeep\n|\n|t:|1771222055\n|switch|p1a: Granite|Glimmora, M, shiny|100/100\n|turn|3\n|\n|t:|1771222062\n|switch|p2a: Great Tusk|Great Tusk|100/100\n|move|p1a: Granite|Mortal Spin|p2a: Great Tusk\n|-resisted|p2a: Great Tusk\n|-crit|p2a: Great Tusk\n|-damage|p2a: Great Tusk|97/100\n|-status|p2a: Great Tusk|psn\n|\n|-damage|p2a: Great Tusk|85/100 psn|[from] psn\n|upkeep\n|turn|4\n|\n|t:|1771222074\n|switch|p1a: Limitless|Deoxys-Speed|100/100\n|-ability|p1a: Limitless|Pressure\n|move|p2a: Great Tusk|Headlong Rush|p1a: Limitless\n|-damage|p1a: Limitless|29/100\n|-unboost|p2a: Great Tusk|def|1\n|-unboost|p2a: Great Tusk|spd|1\n|\n|-damage|p2a: Great Tusk|72/100 psn|[from] psn\n|upkeep\n|turn|5\n|\n|t:|1771222083\n|-end|p2a: Great Tusk|Protosynthesis|[silent]\n|switch|p2a: Grimmsnarl|Grimmsnarl, M|100/100\n|move|p1a: Limitless|Reflect|p1a: Limitless\n|-sidestart|p1: GummyDeino|Reflect\n|\n|upkeep\n|turn|6\n|\n|t:|1771222091\n|switch|p1a: Granite|Glimmora, M, shiny|100/100\n|move|p2a: Grimmsnarl|Spirit Break|p1a: Granite\n|-resisted|p1a: Granite\n|-damage|p1a: Granite|89/100\n|-unboost|p1a: Granite|spa|1\n|-activate|p1a: Granite|ability: Toxic Debris\n|-sidestart|p2: suprya|move: Toxic Spikes\n|\n|upkeep\n|turn|7\n|\n|t:|1771222101\n|move|p2a: Grimmsnarl|Parting Shot|p1a: Granite\n|-unboost|p1a: Granite|atk|1\n|-unboost|p1a: Granite|spa|1\n|\n|t:|1771222105\n|switch|p2a: Slowking|Slowking-Galar, M|36/100|[from] Parting Shot\n|-sideend|p2: suprya|move: Toxic Spikes|[of] p2a: Slowking\n|move|p1a: Granite|Mortal Spin|p2a: Slowking\n|-resisted|p2a: Slowking\n|-damage|p2a: Slowking|34/100\n|\n|upkeep\n|turn|8\n|\n|t:|1771222114\n|move|p1a: Granite|Earth Power|p2a: Slowking\n|-supereffective|p2a: Slowking\n|-damage|p2a: Slowking|14/100\n|-unboost|p2a: Slowking|spd|1\n|-prepare|p2a: Slowking|Chilly Reception|[premajor]\n|move|p2a: Slowking|Chilly Reception|p2a: Slowking\n|-weather|Snowscape\n|\n|t:|1771222122\n|switch|p2a: Rotom|Rotom-Wash|100/100|[from] Chilly Reception\n|\n|-weather|Snowscape|[upkeep]\n|upkeep\n|turn|9\n|\n|t:|1771222127\n|move|p1a: Granite|Mortal Spin|p2a: Rotom\n|-damage|p2a: Rotom|97/100\n|-status|p2a: Rotom|psn\n|move|p2a: Rotom|Hydro Pump|p1a: Granite\n|-supereffective|p1a: Granite\n|-damage|p1a: Granite|0 fnt\n|faint|p1a: Granite\n|\n|-weather|Snowscape|[upkeep]\n|-heal|p2a: Rotom|100/100 psn|[from] item: Leftovers\n|-damage|p2a: Rotom|88/100 psn|[from] psn\n|upkeep\n|\n|t:|1771222137\n|switch|p1a: Limitless|Deoxys-Speed|29/100\n|-ability|p1a: Limitless|Pressure\n|turn|10\n|\n|t:|1771222142\n|move|p1a: Limitless|Light Screen|p1a: Limitless\n|-sidestart|p1: GummyDeino|move: Light Screen\n|move|p2a: Rotom|Volt Switch|p1a: Limitless\n|-damage|p1a: Limitless|13/100\n|\n|t:|1771222147\n|switch|p2a: Grimmsnarl|Grimmsnarl, M|100/100|[from] Volt Switch\n|\n|-weather|Snowscape|[upkeep]\n|upkeep\n|turn|11\n|\n|t:|1771222153\n|switch|p1a: Dismantle|Kingambit, M, shiny|100/100\n|-activate|p1a: Dismantle|ability: Supreme Overlord\n|-start|p1a: Dismantle|fallen2|[silent]\n|move|p2a: Grimmsnarl|Drain Punch|p1a: Dismantle\n|-supereffective|p1a: Dismantle\n|-damage|p1a: Dismantle|54/100\n|\n|-weather|Snowscape|[upkeep]\n|upkeep\n|turn|12\n|\n|t:|1771222171\n|-terastallize|p2a: Grimmsnarl|Water\n|move|p2a: Grimmsnarl|Drain Punch|p1a: Dismantle\n|-supereffective|p1a: Dismantle\n|-damage|p1a: Dismantle|5/100\n|move|p1a: Dismantle|Iron Head|p2a: Grimmsnarl\n|-resisted|p2a: Grimmsnarl\n|-damage|p2a: Grimmsnarl|59/100\n|\n|-weather|none\n|-sideend|p1: GummyDeino|Reflect\n|upkeep\n|turn|13\n|\n|t:|1771222179\n|move|p2a: Grimmsnarl|Sucker Punch|p1a: Dismantle\n|-resisted|p1a: Dismantle\n|-damage|p1a: Dismantle|0 fnt\n|faint|p1a: Dismantle\n|-end|p1a: Dismantle|fallen2|[silent]\n|\n|upkeep\n|\n|t:|1771222185\n|switch|p1a: Limitless|Deoxys-Speed|13/100\n|-ability|p1a: Limitless|Pressure\n|turn|14\n|\n|t:|1771222190\n|move|p1a: Limitless|Reflect|p1a: Limitless\n|-sidestart|p1: GummyDeino|Reflect\n|move|p2a: Grimmsnarl|Drain Punch|p1a: Limitless\n|-resisted|p1a: Limitless\n|-damage|p1a: Limitless|5/100\n|-heal|p2a: Grimmsnarl|62/100|[from] drain|[of] p1a: Limitless\n|\n|upkeep\n|turn|15\n|\n|t:|1771222197\n|move|p2a: Grimmsnarl|Parting Shot|p1a: Limitless\n|-unboost|p1a: Limitless|atk|1\n|-unboost|p1a: Limitless|spa|1\n|\n|t:|1771222200\n|switch|p2a: Slowking|Slowking-Galar, M|48/100|[from] Parting Shot\n|move|p1a: Limitless|Psycho Boost|p2a: Slowking\n|-damage|p2a: Slowking|26/100\n|-unboost|p1a: Limitless|spa|2\n|\n|upkeep\n|turn|16\n|\n|t:|1771222207\n|move|p1a: Limitless|Taunt|p2a: Slowking\n|-start|p2a: Slowking|move: Taunt\n|-prepare|p2a: Slowking|Chilly Reception|[premajor]\n|cant|p2a: Slowking|move: Taunt|Chilly Reception\n|\n|upkeep\n|turn|17\n|\n|t:|1771222220\n|switch|p2a: Grimmsnarl|Grimmsnarl, M, tera:Water|62/100\n|move|p1a: Limitless|Psycho Boost|p2a: Grimmsnarl\n|-damage|p2a: Grimmsnarl|39/100\n|-unboost|p1a: Limitless|spa|2\n|\n|-sideend|p1: GummyDeino|move: Light Screen\n|upkeep\n|turn|18\n|\n|t:|1771222230\n|move|p1a: Limitless|Light Screen|p1a: Limitless\n|-sidestart|p1: GummyDeino|move: Light Screen\n|move|p2a: Grimmsnarl|Drain Punch|p1a: Limitless\n|-resisted|p1a: Limitless\n|-damage|p1a: Limitless|0 fnt\n|-heal|p2a: Grimmsnarl|41/100|[from] drain|[of] p1a: Limitless\n|faint|p1a: Limitless\n|\n|upkeep\n|\n|t:|1771222237\n|switch|p1a: Behemoth|Great Tusk, shiny|100/100\n|-enditem|p1a: Behemoth|Booster Energy\n|-activate|p1a: Behemoth|ability: Protosynthesis|[fromitem]\n|-start|p1a: Behemoth|protosynthesisspe\n|turn|19\n|\n|t:|1771222241\n|move|p2a: Grimmsnarl|Parting Shot|p1a: Behemoth\n|-unboost|p1a: Behemoth|atk|1\n|-unboost|p1a: Behemoth|spa|1\n|\n|t:|1771222244\n|switch|p2a: Glaceon|Glaceon, F|100/100|[from] Parting Shot\n|move|p1a: Behemoth|Bulk Up|p1a: Behemoth\n|-boost|p1a: Behemoth|atk|1\n|-boost|p1a: Behemoth|def|1\n|\n|upkeep\n|turn|20\n|\n|t:|1771222250\n|move|p1a: Behemoth|Head Smash|p2a: Glaceon\n|-supereffective|p2a: Glaceon\n|-damage|p2a: Glaceon|13/100\n|-damage|p1a: Behemoth|67/100|[from] Recoil\n|move|p2a: Glaceon|Freeze-Dry|p1a: Behemoth\n|-supereffective|p1a: Behemoth\n|-damage|p1a: Behemoth|15/100\n|\n|-heal|p2a: Glaceon|19/100|[from] item: Leftovers\n|upkeep\n|turn|21\n|\n|t:|1771222260\n|move|p2a: Glaceon|Protect|p2a: Glaceon\n|-singleturn|p2a: Glaceon|Protect\n|move|p1a: Behemoth|Headlong Rush|p2a: Glaceon\n|-activate|p2a: Glaceon|move: Protect\n|\n|-heal|p2a: Glaceon|25/100|[from] item: Leftovers\n|-sideend|p1: GummyDeino|Reflect\n|upkeep\n|turn|22\n|inactive|suprya has 120 seconds left.\n|inactive|suprya has 90 seconds left.\n|\n|t:|1771222323\n|switch|p2a: Rotom|Rotom-Wash|88/100 psn\n|move|p1a: Behemoth|Head Smash|p2a: Rotom|[miss]\n|-miss|p1a: Behemoth|p2a: Rotom\n|\n|-heal|p2a: Rotom|94/100 psn|[from] item: Leftovers\n|-damage|p2a: Rotom|82/100 psn|[from] psn\n|upkeep\n|turn|23\n|\n|t:|1771222334\n|move|p1a: Behemoth|Taunt|p2a: Rotom\n|-start|p2a: Rotom|move: Taunt\n|cant|p2a: Rotom|move: Taunt|Will-O-Wisp\n|\n|-heal|p2a: Rotom|88/100 psn|[from] item: Leftovers\n|-damage|p2a: Rotom|75/100 psn|[from] psn\n|upkeep\n|turn|24\n|\n|t:|1771222340\n|move|p1a: Behemoth|Head Smash|p2a: Rotom|[miss]\n|-miss|p1a: Behemoth|p2a: Rotom\n|move|p2a: Rotom|Hydro Pump|p1a: Behemoth\n|-supereffective|p1a: Behemoth\n|-damage|p1a: Behemoth|0 fnt\n|faint|p1a: Behemoth\n|-end|p1a: Behemoth|Protosynthesis|[silent]\n|\n|-heal|p2a: Rotom|82/100 psn|[from] item: Leftovers\n|-damage|p2a: Rotom|69/100 psn|[from] psn\n|upkeep\n|\n|t:|1771222349\n|switch|p1a: Mahoraga|Dragonite, M|100/100\n|turn|25\n|\n|t:|1771222352\n|move|p1a: Mahoraga|Dragon Dance|p1a: Mahoraga\n|-boost|p1a: Mahoraga|atk|1\n|-boost|p1a: Mahoraga|spe|1\n|move|p2a: Rotom|Volt Switch|p1a: Mahoraga\n|-damage|p1a: Mahoraga|94/100\n|\n|t:|1771222360\n|switch|p2a: Grimmsnarl|Grimmsnarl, M, tera:Water|41/100|[from] Volt Switch\n|\n|-heal|p1a: Mahoraga|100/100|[from] item: Leftovers\n|-sideend|p1: GummyDeino|move: Light Screen\n|upkeep\n|turn|26\n|\n|t:|1771222367\n|-terastallize|p1a: Mahoraga|Flying\n|move|p2a: Grimmsnarl|Parting Shot|p1a: Mahoraga\n|-unboost|p1a: Mahoraga|atk|1\n|-unboost|p1a: Mahoraga|spa|1\n|\n|t:|1771222377\n|switch|p2a: Rotom|Rotom-Wash|69/100 psn|[from] Parting Shot\n|move|p1a: Mahoraga|Tera Blast|p2a: Rotom|[anim] Tera Blast Flying\n|-resisted|p2a: Rotom\n|-damage|p2a: Rotom|47/100 psn\n|\n|-heal|p2a: Rotom|53/100 psn|[from] item: Leftovers\n|-damage|p2a: Rotom|40/100 psn|[from] psn\n|upkeep\n|turn|27\n|\n|t:|1771222385\n|move|p1a: Mahoraga|Dragon Dance|p1a: Mahoraga\n|-boost|p1a: Mahoraga|atk|1\n|-boost|p1a: Mahoraga|spe|1\n|move|p2a: Rotom|Will-O-Wisp|p1a: Mahoraga\n|-status|p1a: Mahoraga|brn\n|\n|-heal|p2a: Rotom|47/100 psn|[from] item: Leftovers\n|-damage|p2a: Rotom|34/100 psn|[from] psn\n|-damage|p1a: Mahoraga|94/100 brn|[from] brn\n|upkeep\n|turn|28\n|-message|GummyDeino forfeited.\n|\n|win|suprya\n|raw|GummyDeino's rating: 1671 &rarr; <strong>1656</strong><br />(-15 for losing)\n|raw|suprya's rating: 1756 &rarr; <strong>1771</strong><br />(+15 for winning)\n|l|☆GummyDeino\n|player|p1|\n|l|☆suprya\n|player|p2|\n", "uploadtime": 1771222550, "views": 5, "formatid": "gen9ou", "rating": 1656, "private": 0, "password": null}