{"id": "gen9ou-2639293332", "format": "[Gen 9] OU", "players": ["kukui-incineroar", "johtoboi_9"], "log": "|j|‽kukui-incineroar\n|j|☆johtoboi_9\n|t:|1782447361\n|gametype|singles\n|player|p1|kukui-incineroar|lance|1264\n|player|p2|johtoboi_9|swimmer-gen4|1216\n|gen|9\n|tier|[Gen 9] OU\n|rated|\n|rule|HP Percentage Mod: HP is shown in percentages\n|rule|Endless Battle Clause: Forcing endless battles is banned\n|rule|Species Clause: Limit one of each Pokémon\n|rule|OHKO Clause: OHKO moves are banned\n|rule|Evasion Items Clause: Evasion items are banned\n|rule|Evasion Moves Clause: Evasion moves are banned\n|rule|Evasion Abilities Clause: Evasion abilities are banned\n|rule|Sleep Moves Clause: Sleep-inducing moves are banned\n|clearpoke\n|poke|p1|Rillaboom, F|\n|poke|p1|Ogerpon-Cornerstone, F|\n|poke|p1|Moltres|\n|poke|p1|Samurott-Hisui, F|\n|poke|p1|Gholdengo|\n|poke|p1|Great Tusk|\n|poke|p2|Politoed, F|\n|poke|p2|Poliwhirl, F|\n|poke|p2|Poliwrath, M|\n|poke|p2|Zapdos|\n|poke|p2|Pelipper, M|\n|poke|p2|Kingdra, M|\n|teampreview\n|\n|t:|1782447369\n|teamsize|p1|6\n|teamsize|p2|6\n|start\n|switch|p1a: Rillaboom|Rillaboom, F|100/100\n|switch|p2a: Politoed|Politoed, F, shiny|100/100\n|-weather|RainDance|[from] ability: Drizzle|[of] p2a: Politoed\n|-fieldstart|move: Grassy Terrain|[from] ability: Grassy Surge|[of] p1a: Rillaboom\n|turn|1\n|\n|t:|1782447378\n|move|p1a: Rillaboom|Grassy Glide|p2a: Politoed\n|-supereffective|p2a: Politoed\n|-damage|p2a: Politoed|0 fnt\n|faint|p2a: Politoed\n|\n|-weather|RainDance|[upkeep]\n|upkeep\n|\n|t:|1782447384\n|switch|p2a: Zapdos|Zapdos|100/100\n|-ability|p2a: Zapdos|Pressure\n|turn|2\n|\n|t:|1782447392\n|move|p2a: Zapdos|Tailwind|p2a: Zapdos\n|-sidestart|p2: johtoboi_9|move: Tailwind\n|move|p1a: Rillaboom|Knock Off|p2a: Zapdos\n|-crit|p2a: Zapdos\n|-damage|p2a: Zapdos|50/100\n|-enditem|p2a: Zapdos|Life Orb|[from] move: Knock Off|[of] p1a: Rillaboom\n|\n|-weather|RainDance|[upkeep]\n|upkeep\n|turn|3\n|\n|t:|1782447400\n|move|p1a: Rillaboom|Grassy Glide|p2a: Zapdos\n|-resisted|p2a: Zapdos\n|-damage|p2a: Zapdos|30/100\n|move|p2a: Zapdos|Hurricane|p1a: Rillaboom\n|-supereffective|p1a: Rillaboom\n|-damage|p1a: Rillaboom|0 fnt\n|faint|p1a: Rillaboom\n|\n|-weather|RainDance|[upkeep]\n|upkeep\n|\n|t:|1782447404\n|switch|p1a: Moltres|Moltres|100/100\n|turn|4\n|\n|t:|1782447413\n|switch|p1a: Great Tusk|Great Tusk|100/100\n|-enditem|p1a: Great Tusk|Booster Energy\n|-activate|p1a: Great Tusk|ability: Protosynthesis|[fromitem]\n|-start|p1a: Great Tusk|protosynthesisatk\n|move|p2a: Zapdos|Thunder|p1a: Great Tusk\n|-immune|p1a: Great Tusk\n|\n|-weather|RainDance|[upkeep]\n|upkeep\n|turn|5\n|\n|t:|1782447422\n|move|p2a: Zapdos|Hurricane|p1a: Great Tusk\n|-supereffective|p1a: Great Tusk\n|-damage|p1a: Great Tusk|0 fnt\n|faint|p1a: Great Tusk\n|-end|p1a: Great Tusk|Protosynthesis|[silent]\n|\n|-weather|RainDance|[upkeep]\n|-sideend|p2: johtoboi_9|move: Tailwind\n|upkeep\n|\n|t:|1782447432\n|switch|p1a: Samurott|Samurott-Hisui, F|100/100\n|turn|6\n|\n|t:|1782447440\n|move|p1a: Samurott|Ceaseless Edge|p2a: Zapdos\n|-damage|p2a: Zapdos|0 fnt\n|-sidestart|p2: johtoboi_9|Spikes\n|faint|p2a: Zapdos\n|\n|-weather|RainDance|[upkeep]\n|upkeep\n|\n|t:|1782447450\n|switch|p2a: Kingdra|Kingdra, M, shiny|100/100\n|-damage|p2a: Kingdra|88/100|[from] Spikes\n|turn|7\n|\n|t:|1782447456\n|move|p2a: Kingdra|Focus Energy|p2a: Kingdra\n|-start|p2a: Kingdra|move: Focus Energy\n|move|p1a: Samurott|Ceaseless Edge|p2a: Kingdra\n|-damage|p2a: Kingdra|37/100\n|-sidestart|p2: johtoboi_9|Spikes\n|\n|-weather|RainDance|[upkeep]\n|-heal|p2a: Kingdra|43/100|[from] Grassy Terrain\n|upkeep\n|turn|8\n|\n|t:|1782447463\n|move|p2a: Kingdra|Draco Meteor|p1a: Samurott|[miss]\n|-miss|p2a: Kingdra|p1a: Samurott\n|move|p1a: Samurott|Ceaseless Edge|p2a: Kingdra\n|-damage|p2a: Kingdra|0 fnt\n|-sidestart|p2: johtoboi_9|Spikes\n|faint|p2a: Kingdra\n|\n|-weather|none\n|-fieldend|move: Grassy Terrain\n|upkeep\n|\n|t:|1782447472\n|switch|p2a: Pelipper|Pelipper, M|100/100\n|-weather|RainDance|[from] ability: Drizzle|[of] p2a: Pelipper\n|turn|9\n|\n|t:|1782447490\n|switch|p1a: Gholdengo|Gholdengo|100/100\n|move|p2a: Pelipper|Tailwind|p2a: Pelipper\n|-sidestart|p2: johtoboi_9|move: Tailwind\n|\n|-weather|RainDance|[upkeep]\n|upkeep\n|turn|10\n|\n|t:|1782447499\n|move|p2a: Pelipper|Hurricane|p1a: Gholdengo\n|-resisted|p1a: Gholdengo\n|-damage|p1a: Gholdengo|81/100\n|move|p1a: Gholdengo|Nasty Plot|p1a: Gholdengo\n|-boost|p1a: Gholdengo|spa|2\n|\n|-weather|RainDance|[upkeep]\n|upkeep\n|turn|11\n|\n|t:|1782447505\n|move|p2a: Pelipper|Weather Ball|p1a: Gholdengo\n|-damage|p1a: Gholdengo|28/100\n|move|p1a: Gholdengo|Shadow Ball|p2a: Pelipper\n|-damage|p2a: Pelipper|0 fnt\n|faint|p2a: Pelipper\n|\n|-weather|RainDance|[upkeep]\n|upkeep\n|\n|t:|1782447512\n|switch|p2a: Poliwrath|Poliwrath, M|100/100\n|-damage|p2a: Poliwrath|76/100|[from] Spikes\n|turn|12\n|\n|t:|1782447527\n|move|p2a: Poliwrath|Waterfall|p1a: Gholdengo\n|-damage|p1a: Gholdengo|0 fnt\n|faint|p1a: Gholdengo\n|\n|-weather|RainDance|[upkeep]\n|-sideend|p2: johtoboi_9|move: Tailwind\n|upkeep\n|\n|t:|1782447530\n|switch|p1a: Ogerpon|Ogerpon-Cornerstone, F|100/100\n|turn|13\n|\n|t:|1782447535\n|-terastallize|p2a: Poliwrath|Fighting\n|move|p2a: Poliwrath|Close Combat|p1a: Ogerpon\n|-supereffective|p1a: Ogerpon\n|-ability|p1a: Ogerpon|Sturdy\n|-damage|p1a: Ogerpon|1/100\n|-unboost|p2a: Poliwrath|def|1\n|-unboost|p2a: Poliwrath|spd|1\n|move|p1a: Ogerpon|Swords Dance|p1a: Ogerpon\n|-boost|p1a: Ogerpon|atk|2\n|\n|-weather|RainDance|[upkeep]\n|upkeep\n|turn|14\n|\n|t:|1782447550\n|-terastallize|p1a: Ogerpon|Rock\n|detailschange|p1a: Ogerpon|Ogerpon-Cornerstone-Tera, F, tera:Rock\n|-ability|p1a: Ogerpon|Embody Aspect (Cornerstone)|boost\n|-boost|p1a: Ogerpon|def|1\n|move|p2a: Poliwrath|Waterfall|p1a: Ogerpon\n|-supereffective|p1a: Ogerpon\n|-damage|p1a: Ogerpon|0 fnt\n|faint|p1a: Ogerpon\n|detailschange|p1: Ogerpon|Ogerpon-Cornerstone, F|[silent]\n|\n|-weather|RainDance|[upkeep]\n|upkeep\n|\n|t:|1782447571\n|switch|p1a: Samurott|Samurott-Hisui, F|100/100\n|turn|15\n|\n|t:|1782447574\n|move|p2a: Poliwrath|Close Combat|p1a: Samurott\n|-supereffective|p1a: Samurott\n|-damage|p1a: Samurott|0 fnt\n|-unboost|p2a: Poliwrath|def|1\n|-unboost|p2a: Poliwrath|spd|1\n|faint|p1a: Samurott\n|\n|-weather|RainDance|[upkeep]\n|upkeep\n|\n|t:|1782447577\n|switch|p1a: Moltres|Moltres|100/100\n|turn|16\n|\n|t:|1782447582\n|move|p2a: Poliwrath|Waterfall|p1a: Moltres\n|-supereffective|p1a: Moltres\n|-crit|p1a: Moltres\n|-damage|p1a: Moltres|0 fnt\n|faint|p1a: Moltres\n|\n|win|johtoboi_9\n|raw|kukui-incineroar's rating: 1264 &rarr; <strong>1236</strong><br />(-28 for losing)\n|raw|johtoboi_9's rating: 1216 &rarr; <strong>1244</strong><br />(+28 for winning)\n|l|‽kukui-incineroar\n|player|p1|\n|l|☆johtoboi_9\n|player|p2|\n", "uploadtime": 1782447895, "views": 4, "formatid": "gen9ou", "rating": 1236, "private": 0, "password": null}