{"id": "gen9ou-2639288502", "format": "[Gen 9] OU", "players": ["chamozorra5", "Yvonne348"], "log": "|j|☆chamozorra5\n|j|☆Yvonne348\n|t:|1782446482\n|gametype|singles\n|player|p1|chamozorra5|gambler|1034\n|player|p2|Yvonne348|dahlia|1020\n|gen|9\n|tier|[Gen 9] OU\n|rated|\n|rule|HP Percentage Mod: HP is shown in percentages\n|rule|Endless Battle Clause: Forcing endless battles is banned\n|rule|Species Clause: Limit one of each Pokémon\n|rule|OHKO Clause: OHKO moves are banned\n|rule|Evasion Items Clause: Evasion items are banned\n|rule|Evasion Moves Clause: Evasion moves are banned\n|rule|Evasion Abilities Clause: Evasion abilities are banned\n|rule|Sleep Moves Clause: Sleep-inducing moves are banned\n|clearpoke\n|poke|p1|Gyarados, F|\n|poke|p1|Pelipper, F|\n|poke|p1|Glimmora, F|\n|poke|p1|Kilowattrel, F|\n|poke|p1|Cinderace, M|\n|poke|p1|Great Tusk|\n|poke|p2|Ninetales, F|\n|poke|p2|Torkoal, M|\n|poke|p2|Cinderace, M|\n|poke|p2|Walking Wake|\n|poke|p2|Venusaur, M|\n|poke|p2|Lilligant-Hisui, F|\n|teampreview\n|\n|t:|1782446487\n|teamsize|p1|6\n|teamsize|p2|6\n|start\n|switch|p1a: Glimmora|Glimmora, F|100/100\n|switch|p2a: Torkoal|Torkoal, M, shiny|100/100\n|-weather|SunnyDay|[from] ability: Drought|[of] p2a: Torkoal\n|turn|1\n|inactive|Battle timer is ON: inactive players will automatically lose when time's up. (requested by chamozorra5)\n|\n|t:|1782446499\n|move|p1a: Glimmora|Stealth Rock|p2a: Torkoal\n|-sidestart|p2: Yvonne348|move: Stealth Rock\n|move|p2a: Torkoal|Will-O-Wisp|p1a: Glimmora\n|-status|p1a: Glimmora|brn\n|\n|-weather|SunnyDay|[upkeep]\n|-damage|p1a: Glimmora|94/100 brn|[from] brn\n|upkeep\n|turn|2\n|\n|t:|1782446509\n|move|p1a: Glimmora|Toxic|p2a: Torkoal\n|-status|p2a: Torkoal|tox\n|move|p2a: Torkoal|Stealth Rock|p1a: Glimmora\n|-sidestart|p1: chamozorra5|move: Stealth Rock\n|\n|-weather|SunnyDay|[upkeep]\n|-damage|p2a: Torkoal|94/100 tox|[from] psn\n|-damage|p1a: Glimmora|88/100 brn|[from] brn\n|upkeep\n|turn|3\n|\n|t:|1782446519\n|switch|p2a: Walking Wake|Walking Wake|100/100\n|-damage|p2a: Walking Wake|88/100|[from] Stealth Rock\n|-activate|p2a: Walking Wake|ability: Protosynthesis\n|-start|p2a: Walking Wake|protosynthesisspa\n|move|p1a: Glimmora|Spikes|p2a: Walking Wake\n|-sidestart|p2: Yvonne348|Spikes\n|\n|-weather|SunnyDay|[upkeep]\n|-damage|p1a: Glimmora|82/100 brn|[from] brn\n|upkeep\n|turn|4\n|\n|t:|1782446534\n|switch|p1a: Pelipper|Pelipper, F|100/100\n|-damage|p1a: Pelipper|75/100|[from] Stealth Rock\n|-weather|RainDance|[from] ability: Drizzle|[of] p1a: Pelipper\n|-end|p2a: Walking Wake|Protosynthesis\n|-enditem|p2a: Walking Wake|Booster Energy\n|-activate|p2a: Walking Wake|ability: Protosynthesis|[fromitem]\n|-start|p2a: Walking Wake|protosynthesisspa\n|move|p2a: Walking Wake|Hydro Steam|p1a: Pelipper\n|-resisted|p1a: Pelipper\n|-crit|p1a: Pelipper\n|-damage|p1a: Pelipper|1/100\n|\n|-weather|RainDance|[upkeep]\n|-heal|p1a: Pelipper|8/100|[from] item: Leftovers\n|upkeep\n|turn|5\n|\n|t:|1782446552\n|switch|p1a: Kilowattrel|Kilowattrel, F|100/100\n|-damage|p1a: Kilowattrel|76/100|[from] Stealth Rock\n|move|p2a: Walking Wake|Hydro Steam|p1a: Kilowattrel\n|-crit|p1a: Kilowattrel\n|-damage|p1a: Kilowattrel|0 fnt\n|faint|p1a: Kilowattrel\n|\n|-weather|RainDance|[upkeep]\n|upkeep\n|-message|chamozorra5 forfeited.\n|\n|win|Yvonne348\n|raw|chamozorra5's rating: 1034 &rarr; <strong>1018</strong><br />(-16 for losing)\n|raw|Yvonne348's rating: 1020 &rarr; <strong>1058</strong><br />(+38 for winning)\n|l|☆chamozorra5\n|player|p1|\n", "uploadtime": 1782446564, "views": 11, "formatid": "gen9ou", "rating": 1018, "private": 0, "password": null}