{"id": "gen9ou-2639309618", "format": "[Gen 9] OU", "players": ["spinobot", "ika 3"], "log": "|j|☆spinobot\n|j|☆ika 3\n|t:|1782450421\n|gametype|singles\n|player|p1|spinobot|pokemonranger-gen4|1183\n|player|p2|ika 3|265|1158\n|gen|9\n|tier|[Gen 9] OU\n|rated|\n|rule|HP Percentage Mod: HP is shown in percentages\n|rule|Endless Battle Clause: Forcing endless battles is banned\n|rule|Species Clause: Limit one of each Pokémon\n|rule|OHKO Clause: OHKO moves are banned\n|rule|Evasion Items Clause: Evasion items are banned\n|rule|Evasion Moves Clause: Evasion moves are banned\n|rule|Evasion Abilities Clause: Evasion abilities are banned\n|rule|Sleep Moves Clause: Sleep-inducing moves are banned\n|clearpoke\n|poke|p1|Forretress, M|\n|poke|p1|Chesnaught, M|\n|poke|p1|Rotom-Wash|\n|poke|p1|Lokix, M|\n|poke|p1|Ceruledge, F|\n|poke|p1|Salamence, F|\n|poke|p2|Blaziken, F|\n|poke|p2|Slowking-Galar, M|\n|poke|p2|Iron Treads|\n|poke|p2|Landorus-Therian, M|\n|poke|p2|Ogerpon-Wellspring, F|\n|poke|p2|Dragapult, M|\n|teampreview\n|\n|t:|1782450425\n|teamsize|p1|6\n|teamsize|p2|6\n|start\n|switch|p1a: Absolute defense|Forretress, M|100/100\n|switch|p2a: Dragapult|Dragapult, M|100/100\n|turn|1\n|\n|t:|1782450474\n|move|p2a: Dragapult|Shadow Ball|p1a: Absolute defense\n|-damage|p1a: Absolute defense|65/100\n|move|p1a: Absolute defense|Stealth Rock|p2a: Dragapult\n|-sidestart|p2: ika 3|move: Stealth Rock\n|\n|-heal|p1a: Absolute defense|72/100|[from] item: Leftovers\n|upkeep\n|turn|2\n|\n|t:|1782450497\n|switch|p1a: Lokix|Lokix, M|100/100\n|move|p2a: Dragapult|Shadow Ball|p1a: Lokix\n|-resisted|p1a: Lokix\n|-damage|p1a: Lokix|61/100\n|\n|upkeep\n|turn|3\n|\n|t:|1782450509\n|switch|p2a: Landorus|Landorus-Therian, M|100/100\n|-damage|p2a: Landorus|88/100|[from] Stealth Rock\n|-ability|p2a: Landorus|Intimidate|boost\n|-unboost|p1a: Lokix|atk|1\n|move|p1a: Lokix|Knock Off|p2a: Landorus\n|-damage|p2a: Landorus|62/100\n|-damage|p1a: Lokix|44/100|[from] item: Rocky Helmet|[of] p2a: Landorus\n|-enditem|p2a: Landorus|Rocky Helmet|[from] move: Knock Off|[of] p1a: Lokix\n|\n|upkeep\n|turn|4\n|\n|t:|1782450520\n|switch|p1a: Bubble gut|Rotom-Wash|100/100\n|move|p2a: Landorus|U-turn|p1a: Bubble gut\n|-damage|p1a: Bubble gut|70/100\n|\n|t:|1782450552\n|switch|p2a: Dragapult|Dragapult, M|100/100|[from] U-turn\n|-damage|p2a: Dragapult|88/100|[from] Stealth Rock\n|\n|upkeep\n|turn|5\n|\n|t:|1782450565\n|move|p2a: Dragapult|U-turn|p1a: Bubble gut\n|-damage|p1a: Bubble gut|47/100\n|\n|t:|1782450577\n|switch|p2a: Landorus|Landorus-Therian, M|62/100|[from] U-turn\n|-damage|p2a: Landorus|50/100|[from] Stealth Rock\n|-ability|p2a: Landorus|Intimidate|boost\n|-unboost|p1a: Bubble gut|atk|1\n|move|p1a: Bubble gut|Volt Switch|p2a: Landorus\n|-immune|p2a: Landorus\n|\n|upkeep\n|turn|6\n|\n|t:|1782450583\n|move|p2a: Landorus|Earthquake|p1a: Bubble gut\n|-immune|p1a: Bubble gut|[from] ability: Levitate\n|move|p1a: Bubble gut|Volt Switch|p2a: Landorus\n|-immune|p2a: Landorus\n|\n|upkeep\n|turn|7\n|\n|t:|1782450588\n|move|p2a: Landorus|Taunt|p1a: Bubble gut\n|-start|p1a: Bubble gut|move: Taunt\n|move|p1a: Bubble gut|Hydro Pump|p2a: Landorus\n|-supereffective|p2a: Landorus\n|-damage|p2a: Landorus|0 fnt\n|faint|p2a: Landorus\n|\n|upkeep\n|\n|t:|1782450595\n|switch|p2a: Dragapult|Dragapult, M|88/100\n|-damage|p2a: Dragapult|76/100|[from] Stealth Rock\n|turn|8\n|\n|t:|1782450601\n|move|p2a: Dragapult|Draco Meteor|p1a: Bubble gut\n|-damage|p1a: Bubble gut|0 fnt\n|-unboost|p2a: Dragapult|spa|2\n|faint|p1a: Bubble gut\n|\n|upkeep\n|\n|t:|1782450614\n|switch|p1a: Ceruledge|Ceruledge, F|100/100\n|turn|9\n|\n|t:|1782450630\n|-terastallize|p2a: Dragapult|Dragon\n|move|p1a: Ceruledge|Endure|p1a: Ceruledge\n|-singleturn|p1a: Ceruledge|move: Endure\n|move|p2a: Dragapult|Draco Meteor|p1a: Ceruledge\n|-damage|p1a: Ceruledge|56/100\n|-unboost|p2a: Dragapult|spa|2\n|\n|upkeep\n|turn|10\n|\n|t:|1782450657\n|switch|p2a: Iron Treads|Iron Treads|100/100\n|-damage|p2a: Iron Treads|97/100|[from] Stealth Rock\n|move|p1a: Ceruledge|Bitter Blade|p2a: Iron Treads\n|-supereffective|p2a: Iron Treads\n|-damage|p2a: Iron Treads|8/100\n|-heal|p1a: Ceruledge|100/100|[from] drain|[of] p2a: Iron Treads\n|\n|upkeep\n|turn|11\n|\n|t:|1782450673\n|move|p1a: Ceruledge|Shadow Sneak|p2a: Iron Treads\n|-damage|p2a: Iron Treads|0 fnt\n|faint|p2a: Iron Treads\n|-end|p2a: Iron Treads|Quark Drive|[silent]\n|\n|upkeep\n|\n|t:|1782450678\n|switch|p2a: Dragapult|Dragapult, M, tera:Dragon|76/100\n|-damage|p2a: Dragapult|64/100|[from] Stealth Rock\n|turn|12\n|\n|t:|1782450683\n|move|p1a: Ceruledge|Endure|p1a: Ceruledge\n|-singleturn|p1a: Ceruledge|move: Endure\n|move|p2a: Dragapult|Draco Meteor|p1a: Ceruledge\n|-damage|p1a: Ceruledge|2/100\n|-unboost|p2a: Dragapult|spa|2\n|\n|upkeep\n|turn|13\n|\n|t:|1782450690\n|move|p1a: Ceruledge|Shadow Sneak|p2a: Dragapult\n|-damage|p2a: Dragapult|37/100\n|move|p2a: Dragapult|Draco Meteor|p1a: Ceruledge\n|-damage|p1a: Ceruledge|0 fnt\n|-unboost|p2a: Dragapult|spa|2\n|faint|p1a: Ceruledge\n|\n|upkeep\n|\n|t:|1782450699\n|switch|p1a: The rook!|Chesnaught, M|100/100\n|turn|14\n|\n|t:|1782450709\n|switch|p2a: Slowking|Slowking-Galar, M|100/100\n|move|p1a: The rook!|Drain Punch|p2a: Slowking\n|-resisted|p2a: Slowking\n|-damage|p2a: Slowking|96/100\n|\n|upkeep\n|turn|15\n|\n|t:|1782450715\n|switch|p1a: Lokix|Lokix, M|44/100\n|move|p2a: Slowking|Future Sight|p1a: Lokix\n|-start|p2a: Slowking|move: Future Sight\n|\n|upkeep\n|turn|16\n|\n|t:|1782450727\n|move|p1a: Lokix|Knock Off|p2a: Slowking\n|-supereffective|p2a: Slowking\n|-damage|p2a: Slowking|39/100\n|-enditem|p2a: Slowking|Heavy-Duty Boots|[from] move: Knock Off|[of] p1a: Lokix\n|-prepare|p2a: Slowking|Chilly Reception|[premajor]\n|move|p2a: Slowking|Chilly Reception|p2a: Slowking\n|-weather|Snowscape\n|\n|t:|1782450731\n|switch|p2a: Blaziken|Blaziken, F|100/100|[from] Chilly Reception\n|-damage|p2a: Blaziken|88/100|[from] Stealth Rock\n|\n|-weather|Snowscape|[upkeep]\n|-heal|p2a: Blaziken|94/100|[from] item: Leftovers\n|upkeep\n|turn|17\n|\n|t:|1782450744\n|switch|p1a: Absolute defense|Forretress, M|72/100\n|move|p2a: Blaziken|Close Combat|p1a: Absolute defense\n|-damage|p1a: Absolute defense|28/100\n|-unboost|p2a: Blaziken|def|1\n|-unboost|p2a: Blaziken|spd|1\n|\n|-weather|Snowscape|[upkeep]\n|-end|p1a: Absolute defense|move: Future Sight\n|-resisted|p1a: Absolute defense\n|-damage|p1a: Absolute defense|6/100\n|-heal|p2a: Blaziken|100/100|[from] item: Leftovers\n|-heal|p1a: Absolute defense|13/100|[from] item: Leftovers\n|-ability|p2a: Blaziken|Speed Boost|boost\n|-boost|p2a: Blaziken|spe|1\n|upkeep\n|turn|18\n|\n|t:|1782450752\n|move|p2a: Blaziken|Close Combat|p1a: Absolute defense\n|-damage|p1a: Absolute defense|0 fnt\n|-unboost|p2a: Blaziken|def|1\n|-unboost|p2a: Blaziken|spd|1\n|faint|p1a: Absolute defense\n|\n|-weather|Snowscape|[upkeep]\n|-ability|p2a: Blaziken|Speed Boost|boost\n|-boost|p2a: Blaziken|spe|1\n|upkeep\n|\n|t:|1782450759\n|switch|p1a: The rook!|Chesnaught, M|100/100\n|turn|19\n|\n|t:|1782450770\n|switch|p2a: Slowking|Slowking-Galar, M|73/100\n|-damage|p2a: Slowking|60/100|[from] Stealth Rock\n|switch|p1a: Lokix|Lokix, M|44/100\n|\n|-weather|Snowscape|[upkeep]\n|upkeep\n|turn|20\n|\n|t:|1782450777\n|move|p1a: Lokix|Taunt|p2a: Slowking\n|-start|p2a: Slowking|move: Taunt\n|-prepare|p2a: Slowking|Chilly Reception|[premajor]\n|cant|p2a: Slowking|move: Taunt|Chilly Reception\n|\n|-weather|none\n|upkeep\n|turn|21\n|\n|t:|1782450785\n|move|p1a: Lokix|Knock Off|p2a: Slowking\n|-supereffective|p2a: Slowking\n|-crit|p2a: Slowking\n|-damage|p2a: Slowking|0 fnt\n|faint|p2a: Slowking\n|\n|upkeep\n|\n|t:|1782450791\n|switch|p2a: Dragapult|Dragapult, M, tera:Dragon|37/100\n|-damage|p2a: Dragapult|25/100|[from] Stealth Rock\n|turn|22\n|\n|t:|1782450798\n|switch|p2a: Ogerpon|Ogerpon-Wellspring, F|100/100\n|-damage|p2a: Ogerpon|88/100|[from] Stealth Rock\n|move|p1a: Lokix|Knock Off|p2a: Ogerpon\n|-damage|p2a: Ogerpon|50/100\n|\n|upkeep\n|turn|23\n|\n|t:|1782450807\n|switch|p1a: The rook!|Chesnaught, M|100/100\n|move|p2a: Ogerpon|Ivy Cudgel|p1a: The rook!|[anim] Ivy Cudgel Water\n|-resisted|p1a: The rook!\n|-damage|p1a: The rook!|78/100\n|\n|upkeep\n|turn|24\n|\n|t:|1782450821\n|move|p2a: Ogerpon|Ivy Cudgel|p1a: The rook!|[anim] Ivy Cudgel Water\n|-resisted|p1a: The rook!\n|-damage|p1a: The rook!|53/100\n|move|p1a: The rook!|Drain Punch|p2a: Ogerpon\n|-damage|p2a: Ogerpon|13/100\n|-heal|p1a: The rook!|68/100|[from] drain|[of] p2a: Ogerpon\n|\n|upkeep\n|turn|25\n|\n|t:|1782450829\n|move|p1a: The rook!|Spiky Shield|p1a: The rook!\n|-singleturn|p1a: The rook!|move: Protect\n|move|p2a: Ogerpon|Ivy Cudgel|p1a: The rook!|[anim] Ivy Cudgel Water\n|-activate|p1a: The rook!|move: Protect\n|\n|upkeep\n|turn|26\n|\n|t:|1782450837\n|move|p2a: Ogerpon|Ivy Cudgel|p1a: The rook!|[anim] Ivy Cudgel Water\n|-resisted|p1a: The rook!\n|-damage|p1a: The rook!|44/100\n|move|p1a: The rook!|Drain Punch|p2a: Ogerpon\n|-damage|p2a: Ogerpon|0 fnt\n|-heal|p1a: The rook!|49/100|[from] drain|[of] p2a: Ogerpon\n|faint|p2a: Ogerpon\n|\n|upkeep\n|\n|t:|1782450847\n|switch|p2a: Blaziken|Blaziken, F|100/100\n|-damage|p2a: Blaziken|88/100|[from] Stealth Rock\n|turn|27\n|\n|t:|1782450856\n|move|p2a: Blaziken|Swords Dance|p2a: Blaziken\n|-boost|p2a: Blaziken|atk|2\n|move|p1a: The rook!|Drain Punch|p2a: Blaziken\n|-damage|p2a: Blaziken|45/100\n|-heal|p1a: The rook!|66/100|[from] drain|[of] p2a: Blaziken\n|\n|-heal|p2a: Blaziken|52/100|[from] item: Leftovers\n|-ability|p2a: Blaziken|Speed Boost|boost\n|-boost|p2a: Blaziken|spe|1\n|upkeep\n|turn|28\n|\n|t:|1782450890\n|move|p2a: Blaziken|Flare Blitz|p1a: The rook!\n|-supereffective|p1a: The rook!\n|-damage|p1a: The rook!|0 fnt\n|-damage|p2a: Blaziken|35/100|[from] item: Rocky Helmet|[of] p1a: The rook!\n|faint|p1a: The rook!\n|-damage|p2a: Blaziken|8/100|[from] Recoil\n|\n|-heal|p2a: Blaziken|14/100|[from] item: Leftovers\n|-ability|p2a: Blaziken|Speed Boost|boost\n|-boost|p2a: Blaziken|spe|1\n|upkeep\n|\n|t:|1782450901\n|switch|p1a: Lokix|Lokix, M|44/100\n|turn|29\n|\n|t:|1782450905\n|move|p2a: Blaziken|Protect|p2a: Blaziken\n|-singleturn|p2a: Blaziken|Protect\n|move|p1a: Lokix|First Impression|p2a: Blaziken\n|-activate|p2a: Blaziken|move: Protect\n|\n|-heal|p2a: Blaziken|20/100|[from] item: Leftovers\n|-ability|p2a: Blaziken|Speed Boost|boost\n|-boost|p2a: Blaziken|spe|1\n|upkeep\n|turn|30\n|\n|t:|1782450911\n|move|p2a: Blaziken|Close Combat|p1a: Lokix\n|-damage|p1a: Lokix|0 fnt\n|-unboost|p2a: Blaziken|def|1\n|-unboost|p2a: Blaziken|spd|1\n|faint|p1a: Lokix\n|\n|-heal|p2a: Blaziken|27/100|[from] item: Leftovers\n|-ability|p2a: Blaziken|Speed Boost|boost\n|-boost|p2a: Blaziken|spe|1\n|upkeep\n|\n|t:|1782450916\n|switch|p1a: Salamence|Salamence, F|100/100\n|-ability|p1a: Salamence|Intimidate|boost\n|-unboost|p2a: Blaziken|atk|1\n|turn|31\n|\n|t:|1782450922\n|move|p2a: Blaziken|Close Combat|p1a: Salamence\n|-resisted|p1a: Salamence\n|-damage|p1a: Salamence|45/100\n|-unboost|p2a: Blaziken|def|1\n|-unboost|p2a: Blaziken|spd|1\n|move|p1a: Salamence|Dragon Dance|p1a: Salamence\n|-boost|p1a: Salamence|atk|1\n|-boost|p1a: Salamence|spe|1\n|\n|-heal|p2a: Blaziken|33/100|[from] item: Leftovers\n|-heal|p1a: Salamence|51/100|[from] item: Leftovers\n|-ability|p2a: Blaziken|Speed Boost|boost\n|-boost|p2a: Blaziken|spe|1\n|upkeep\n|turn|32\n|\n|t:|1782450930\n|move|p2a: Blaziken|Close Combat|p1a: Salamence\n|-resisted|p1a: Salamence\n|-damage|p1a: Salamence|0 fnt\n|-unboost|p2a: Blaziken|def|1\n|-unboost|p2a: Blaziken|spd|1\n|faint|p1a: Salamence\n|\n|win|ika 3\n|raw|spinobot's rating: 1183 &rarr; <strong>1158</strong><br />(-25 for losing)\n|raw|ika 3's rating: 1187 &rarr; <strong>1212</strong><br />(+25 for winning)\n|l|☆spinobot\n|player|p1|\n", "uploadtime": 1782451256, "views": 3, "formatid": "gen9ou", "rating": 1158, "private": 0, "password": null}