{"id": "gen9ou-2540889014", "format": "[Gen 9] OU", "players": ["motismascarf", "bigtestsofbig"], "log": "|j|☆motismascarf\n|j|☆bigtestsofbig\n|t:|1771264227\n|gametype|singles\n|player|p1|motismascarf|101|1602\n|player|p2|bigtestsofbig|169|1605\n|gen|9\n|tier|[Gen 9] OU\n|rated|\n|rule|HP Percentage Mod: HP is shown in percentages\n|rule|Endless Battle Clause: Forcing endless battles is banned\n|rule|Species Clause: Limit one of each Pokémon\n|rule|OHKO Clause: OHKO moves are banned\n|rule|Evasion Items Clause: Evasion items are banned\n|rule|Evasion Moves Clause: Evasion moves are banned\n|rule|Evasion Abilities Clause: Evasion abilities are banned\n|rule|Sleep Moves Clause: Sleep-inducing moves are banned\n|clearpoke\n|poke|p1|Torkoal, M|\n|poke|p1|Walking Wake|\n|poke|p1|Great Tusk|\n|poke|p1|Hatterene, F|\n|poke|p1|Raging Bolt|\n|poke|p1|Ceruledge, M|\n|poke|p2|Salamence, M|\n|poke|p2|Garganacl, M|\n|poke|p2|Zapdos|\n|poke|p2|Empoleon, M|\n|poke|p2|Great Tusk|\n|poke|p2|Iron Valiant|\n|teampreview\n|inactive|Battle timer is ON: inactive players will automatically lose when time's up. (requested by motismascarf)\n|inactive|bigtestsofbig has 120 seconds left.\n|\n|t:|1771264268\n|teamsize|p1|6\n|teamsize|p2|6\n|start\n|switch|p1a: Galet Pagos|Torkoal, M, shiny|100/100\n|switch|p2a: Empoleon|Empoleon, M|100/100\n|-weather|SunnyDay|[from] ability: Drought|[of] p1a: Galet Pagos\n|turn|1\n|\n|t:|1771264273\n|move|p2a: Empoleon|Surf|p1a: Galet Pagos\n|-supereffective|p1a: Galet Pagos\n|-damage|p1a: Galet Pagos|47/100\n|move|p1a: Galet Pagos|Stealth Rock|p2a: Empoleon\n|-sidestart|p2: bigtestsofbig|move: Stealth Rock\n|\n|-weather|SunnyDay|[upkeep]\n|upkeep\n|turn|2\n|\n|t:|1771264284\n|switch|p1a: I'm a Giraffe|Raging Bolt|100/100\n|-activate|p1a: I'm a Giraffe|ability: Protosynthesis\n|-start|p1a: I'm a Giraffe|protosynthesisspa\n|move|p2a: Empoleon|Ice Beam|p1a: I'm a Giraffe\n|-supereffective|p1a: I'm a Giraffe\n|-damage|p1a: I'm a Giraffe|47/100\n|\n|-weather|SunnyDay|[upkeep]\n|-heal|p1a: I'm a Giraffe|53/100|[from] item: Leftovers\n|upkeep\n|turn|3\n|\n|t:|1771264297\n|switch|p2a: Garganacl|Garganacl, M|100/100\n|-damage|p2a: Garganacl|88/100|[from] Stealth Rock\n|move|p1a: I'm a Giraffe|Volt Switch|p2a: Garganacl\n|-crit|p2a: Garganacl\n|-damage|p2a: Garganacl|30/100\n|\n|t:|1771264302\n|-end|p1a: I'm a Giraffe|Protosynthesis|[silent]\n|switch|p1a: Yes I'm Suicune|Walking Wake|100/100|[from] Volt Switch\n|-activate|p1a: Yes I'm Suicune|ability: Protosynthesis\n|-start|p1a: Yes I'm Suicune|protosynthesisspe\n|\n|-weather|SunnyDay|[upkeep]\n|-heal|p2a: Garganacl|36/100|[from] item: Leftovers\n|upkeep\n|turn|4\n|\n|t:|1771264313\n|switch|p2a: Empoleon|Empoleon, M|100/100\n|-damage|p2a: Empoleon|94/100|[from] Stealth Rock\n|move|p1a: Yes I'm Suicune|Hydro Steam|p2a: Empoleon\n|-resisted|p2a: Empoleon\n|-damage|p2a: Empoleon|54/100\n|\n|-weather|SunnyDay|[upkeep]\n|upkeep\n|turn|5\n|\n|t:|1771264318\n|-terastallize|p1a: Yes I'm Suicune|Water\n|move|p1a: Yes I'm Suicune|Hydro Steam|p2a: Empoleon\n|-resisted|p2a: Empoleon\n|-damage|p2a: Empoleon|2/100\n|move|p2a: Empoleon|Roost|p2a: Empoleon\n|-heal|p2a: Empoleon|52/100\n|-singleturn|p2a: Empoleon|move: Roost\n|\n|-weather|SunnyDay|[upkeep]\n|upkeep\n|turn|6\n|\n|t:|1771264334\n|move|p1a: Yes I'm Suicune|Hydro Steam|p2a: Empoleon\n|-resisted|p2a: Empoleon\n|-damage|p2a: Empoleon|0 fnt\n|faint|p2a: Empoleon\n|\n|-weather|SunnyDay|[upkeep]\n|upkeep\n|\n|t:|1771264345\n|switch|p2a: Salamence|Salamence, M|100/100\n|turn|7\n|\n|t:|1771264351\n|move|p1a: Yes I'm Suicune|Hydro Steam|p2a: Salamence\n|-resisted|p2a: Salamence\n|-damage|p2a: Salamence|20/100\n|move|p2a: Salamence|Dragon Dance|p2a: Salamence\n|-boost|p2a: Salamence|atk|1\n|-boost|p2a: Salamence|spe|1\n|\n|-weather|SunnyDay|[upkeep]\n|upkeep\n|turn|8\n|\n|t:|1771264362\n|move|p1a: Yes I'm Suicune|Hydro Steam|p2a: Salamence\n|-resisted|p2a: Salamence\n|-damage|p2a: Salamence|0 fnt\n|faint|p2a: Salamence\n|\n|-weather|none\n|-end|p1a: Yes I'm Suicune|Protosynthesis\n|upkeep\n|\n|t:|1771264377\n|switch|p2a: Zapdos|Zapdos|100/100\n|turn|9\n|\n|t:|1771264379\n|-end|p1a: Yes I'm Suicune|Protosynthesis|[silent]\n|switch|p1a: Galet Pagos|Torkoal, M, shiny|47/100\n|-weather|SunnyDay|[from] ability: Drought|[of] p1a: Galet Pagos\n|move|p2a: Zapdos|Volt Switch|p1a: Galet Pagos\n|-damage|p1a: Galet Pagos|5/100\n|\n|t:|1771264381\n|switch|p2a: Great Tusk|Great Tusk|100/100|[from] Volt Switch\n|-activate|p2a: Great Tusk|ability: Protosynthesis\n|-start|p2a: Great Tusk|protosynthesisatk\n|\n|-weather|SunnyDay|[upkeep]\n|upkeep\n|turn|10\n|\n|t:|1771264388\n|switch|p1a: XIOOOONXIOOOON|Ceruledge, M|100/100\n|move|p2a: Great Tusk|Rapid Spin|p1a: XIOOOONXIOOOON\n|-immune|p1a: XIOOOONXIOOOON\n|\n|-weather|SunnyDay|[upkeep]\n|upkeep\n|turn|11\n|\n|t:|1771264394\n|move|p2a: Great Tusk|Knock Off|p1a: XIOOOONXIOOOON\n|-supereffective|p1a: XIOOOONXIOOOON\n|-enditem|p1a: XIOOOONXIOOOON|Focus Sash\n|-damage|p1a: XIOOOONXIOOOON|1/100\n|-ability|p1a: XIOOOONXIOOOON|Weak Armor|boost\n|-unboost|p1a: XIOOOONXIOOOON|def|1\n|-boost|p1a: XIOOOONXIOOOON|spe|2\n|move|p1a: XIOOOONXIOOOON|Swords Dance|p1a: XIOOOONXIOOOON\n|-boost|p1a: XIOOOONXIOOOON|atk|2\n|\n|-weather|SunnyDay|[upkeep]\n|upkeep\n|turn|12\n|\n|t:|1771264404\n|move|p1a: XIOOOONXIOOOON|Bitter Blade|p2a: Great Tusk\n|-damage|p2a: Great Tusk|0 fnt\n|-heal|p1a: XIOOOONXIOOOON|65/100|[from] drain|[of] p2a: Great Tusk\n|faint|p2a: Great Tusk\n|-end|p2a: Great Tusk|Protosynthesis|[silent]\n|\n|-weather|SunnyDay|[upkeep]\n|upkeep\n|\n|t:|1771264412\n|switch|p2a: Iron Valiant|Iron Valiant|100/100\n|-damage|p2a: Iron Valiant|94/100|[from] Stealth Rock\n|-enditem|p2a: Iron Valiant|Booster Energy\n|-activate|p2a: Iron Valiant|ability: Quark Drive|[fromitem]\n|-start|p2a: Iron Valiant|quarkdrivespe\n|turn|13\n|\n|t:|1771264414\n|move|p1a: XIOOOONXIOOOON|Bitter Blade|p2a: Iron Valiant\n|-damage|p2a: Iron Valiant|0 fnt\n|-heal|p1a: XIOOOONXIOOOON|100/100|[from] drain|[of] p2a: Iron Valiant\n|faint|p2a: Iron Valiant\n|-end|p2a: Iron Valiant|Quark Drive|[silent]\n|\n|-weather|SunnyDay|[upkeep]\n|upkeep\n|\n|t:|1771264417\n|switch|p2a: Garganacl|Garganacl, M|36/100\n|-damage|p2a: Garganacl|24/100|[from] Stealth Rock\n|turn|14\n|\n|t:|1771264419\n|move|p1a: XIOOOONXIOOOON|Bitter Blade|p2a: Garganacl\n|-resisted|p2a: Garganacl\n|-crit|p2a: Garganacl\n|-damage|p2a: Garganacl|0 fnt\n|faint|p2a: Garganacl\n|\n|-weather|SunnyDay|[upkeep]\n|upkeep\n|\n|t:|1771264422\n|switch|p2a: Zapdos|Zapdos|100/100\n|turn|15\n|\n|t:|1771264424\n|move|p1a: XIOOOONXIOOOON|Bitter Blade|p2a: Zapdos\n|-damage|p2a: Zapdos|0 fnt\n|faint|p2a: Zapdos\n|\n|win|motismascarf\n|raw|motismascarf's rating: 1602 &rarr; <strong>1622</strong><br />(+20 for winning)\n|raw|bigtestsofbig's rating: 1605 &rarr; <strong>1585</strong><br />(-20 for losing)\n|l|☆bigtestsofbig\n|player|p2|\n|l|☆motismascarf\n|player|p1|\n", "uploadtime": 1771264654, "views": 5, "formatid": "gen9ou", "rating": 1585, "private": 0, "password": null}