{"id": "gen9ou-2639220502", "format": "[Gen 9] OU", "players": ["iron quark", "darkman64"], "log": "|j|☆iron quark\n|j|☆darkman64\n|inactive|Battle timer is ON: inactive players will automatically lose when time's up.\n|t:|1782436127\n|gametype|singles\n|player|p1|iron quark|lucas|\n|player|p2|darkman64|#wcop2024chile|\n|gen|9\n|tier|[Gen 9] OU\n|rated|Tournament battle\n|rule|HP Percentage Mod: HP is shown in percentages\n|rule|Endless Battle Clause: Forcing endless battles is banned\n|rule|Species Clause: Limit one of each Pokémon\n|rule|OHKO Clause: OHKO moves are banned\n|rule|Evasion Items Clause: Evasion items are banned\n|rule|Evasion Moves Clause: Evasion moves are banned\n|rule|Evasion Abilities Clause: Evasion abilities are banned\n|rule|Sleep Moves Clause: Sleep-inducing moves are banned\n|clearpoke\n|poke|p1|Hatterene, F|\n|poke|p1|Diancie|\n|poke|p1|Hydrapple, M|\n|poke|p1|Cresselia, F|\n|poke|p1|Volcanion|\n|poke|p1|Ursaluna, M|\n|poke|p2|Araquanid, F|\n|poke|p2|Ceruledge, F|\n|poke|p2|Great Tusk|\n|poke|p2|Gholdengo|\n|poke|p2|Iron Valiant|\n|poke|p2|Raging Bolt|\n|teampreview\n|c|☆darkman64|hf\n|\n|t:|1782436149\n|teamsize|p1|6\n|teamsize|p2|6\n|start\n|switch|p1a: Ursaluna|Ursaluna, M|100/100\n|switch|p2a: Gholdengo|Gholdengo|100/100\n|-item|p2a: Gholdengo|Air Balloon\n|turn|1\n|c|☆iron quark|U2\n|\n|t:|1782436161\n|switch|p2a: Araquanid|Araquanid, F|100/100\n|switch|p1a: Volcanion|Volcanion|100/100\n|\n|upkeep\n|turn|2\n|\n|t:|1782436174\n|move|p1a: Volcanion|Steam Eruption|p2a: Araquanid\n|-resisted|p2a: Araquanid\n|-damage|p2a: Araquanid|64/100\n|-enditem|p2a: Araquanid|Red Card|[of] p1a: Volcanion\n|drag|p1a: Diancie|Diancie|100/100\n|move|p2a: Araquanid|Surf|p1a: Diancie\n|-supereffective|p1a: Diancie\n|-damage|p1a: Diancie|27/100\n|\n|upkeep\n|turn|3\n|\n|t:|1782436183\n|switch|p1a: Volcanion|Volcanion|100/100\n|move|p2a: Araquanid|Endeavor|p1a: Volcanion\n|-damage|p1a: Volcanion|60/100\n|\n|upkeep\n|turn|4\n|inactive|darkman64 has 120 seconds left.\n|inactive|darkman64 has 90 seconds left.\n|\n|t:|1782436245\n|move|p1a: Volcanion|Steam Eruption|p2a: Araquanid\n|-resisted|p2a: Araquanid\n|-damage|p2a: Araquanid|27/100\n|move|p2a: Araquanid|Endeavor|p1a: Volcanion\n|-damage|p1a: Volcanion|25/100\n|\n|upkeep\n|turn|5\n|\n|t:|1782436248\n|move|p1a: Volcanion|Steam Eruption|p2a: Araquanid\n|-resisted|p2a: Araquanid\n|-damage|p2a: Araquanid|0 fnt\n|faint|p2a: Araquanid\n|\n|upkeep\n|inactive|darkman64 has 90 seconds left.\n|inactive|darkman64 has 60 seconds left.\n|\n|t:|1782436298\n|switch|p2a: Ceruledge|Ceruledge, F|100/100\n|turn|6\n|\n|t:|1782436302\n|switch|p1a: Ursaluna|Ursaluna, M|100/100\n|move|p2a: Ceruledge|Poltergeist|p1a: Ursaluna\n|-immune|p1a: Ursaluna\n|\n|-status|p1a: Ursaluna|brn|[from] item: Flame Orb\n|upkeep\n|turn|7\n|\n|t:|1782436311\n|move|p2a: Ceruledge|Swords Dance|p2a: Ceruledge\n|-boost|p2a: Ceruledge|atk|2\n|move|p1a: Ursaluna|Headlong Rush|p2a: Ceruledge\n|-supereffective|p2a: Ceruledge\n|-enditem|p2a: Ceruledge|Focus Sash\n|-damage|p2a: Ceruledge|1/100\n|-unboost|p1a: Ursaluna|def|1\n|-unboost|p1a: Ursaluna|spd|1\n|-ability|p2a: Ceruledge|Weak Armor|boost\n|-unboost|p2a: Ceruledge|def|1\n|-boost|p2a: Ceruledge|spe|2\n|\n|-damage|p1a: Ursaluna|94/100 brn|[from] brn\n|upkeep\n|turn|8\n|\n|t:|1782436317\n|switch|p1a: Volcanion|Volcanion|25/100\n|move|p2a: Ceruledge|Bitter Blade|p1a: Volcanion\n|-resisted|p1a: Volcanion\n|-damage|p1a: Volcanion|4/100\n|-heal|p2a: Ceruledge|14/100|[from] drain|[of] p1a: Volcanion\n|\n|upkeep\n|turn|9\n|\n|t:|1782436321\n|move|p2a: Ceruledge|Bitter Blade|p1a: Volcanion\n|-resisted|p1a: Volcanion\n|-damage|p1a: Volcanion|0 fnt\n|-heal|p2a: Ceruledge|16/100|[from] drain|[of] p1a: Volcanion\n|faint|p1a: Volcanion\n|\n|upkeep\n|\n|t:|1782436335\n|switch|p1a: Ursaluna|Ursaluna, M|94/100 brn\n|turn|10\n|\n|t:|1782436338\n|move|p2a: Ceruledge|Bitter Blade|p1a: Ursaluna\n|-damage|p1a: Ursaluna|19/100 brn\n|-heal|p2a: Ceruledge|76/100|[from] drain|[of] p1a: Ursaluna\n|move|p1a: Ursaluna|Headlong Rush|p2a: Ceruledge\n|-supereffective|p2a: Ceruledge\n|-damage|p2a: Ceruledge|0 fnt\n|-unboost|p1a: Ursaluna|def|1\n|-unboost|p1a: Ursaluna|spd|1\n|faint|p2a: Ceruledge\n|\n|-damage|p1a: Ursaluna|13/100 brn|[from] brn\n|upkeep\n|\n|t:|1782436351\n|switch|p2a: Gholdengo|Gholdengo|100/100\n|-item|p2a: Gholdengo|Air Balloon\n|turn|11\n|\n|t:|1782436380\n|switch|p1a: Hydrapple|Hydrapple, M|100/100\n|move|p2a: Gholdengo|Nasty Plot|p2a: Gholdengo\n|-boost|p2a: Gholdengo|spa|2\n|\n|upkeep\n|turn|12\n|\n|t:|1782436388\n|move|p2a: Gholdengo|Make It Rain|p1a: Hydrapple\n|-damage|p1a: Hydrapple|0 fnt\n|-unboost|p2a: Gholdengo|spa|1\n|faint|p1a: Hydrapple\n|\n|upkeep\n|\n|t:|1782436398\n|switch|p1a: Cresselia|Cresselia, F, shiny|100/100\n|turn|13\n|inactive|iron quark has 120 seconds left.\n|inactive|iron quark has 90 seconds left.\n|\n|t:|1782436449\n|move|p2a: Gholdengo|Shadow Ball|p1a: Cresselia\n|-supereffective|p1a: Cresselia\n|-damage|p1a: Cresselia|19/100\n|move|p1a: Cresselia|Trick Room|p1a: Cresselia\n|-fieldstart|move: Trick Room|[of] p1a: Cresselia\n|\n|upkeep\n|turn|14\n|inactive|iron quark has 90 seconds left.\n|\n|t:|1782436479\n|switch|p1a: Ursaluna|Ursaluna, M|13/100 brn\n|move|p2a: Gholdengo|Shadow Ball|p1a: Ursaluna\n|-immune|p1a: Ursaluna\n|\n|-damage|p1a: Ursaluna|7/100 brn|[from] brn\n|upkeep\n|turn|15\n|inactive|iron quark has 90 seconds left.\n|\n|t:|1782436494\n|-terastallize|p2a: Gholdengo|Fighting\n|move|p1a: Ursaluna|Fire Punch|p2a: Gholdengo\n|-damage|p2a: Gholdengo|51/100\n|-enditem|p2a: Gholdengo|Air Balloon\n|move|p2a: Gholdengo|Make It Rain|p1a: Ursaluna\n|-damage|p1a: Ursaluna|0 fnt\n|-unboost|p2a: Gholdengo|spa|1\n|faint|p1a: Ursaluna\n|\n|upkeep\n|inactive|iron quark has 90 seconds left.\n|\n|t:|1782436518\n|switch|p1a: Hatterene|Hatterene, F, shiny|100/100\n|turn|16\n|\n|t:|1782436529\n|switch|p2a: Raging Bolt|Raging Bolt|100/100\n|-enditem|p2a: Raging Bolt|Booster Energy\n|-activate|p2a: Raging Bolt|ability: Protosynthesis|[fromitem]\n|-start|p2a: Raging Bolt|protosynthesisspa\n|move|p1a: Hatterene|Dazzling Gleam|p2a: Raging Bolt\n|-supereffective|p2a: Raging Bolt\n|-damage|p2a: Raging Bolt|13/100\n|\n|upkeep\n|turn|17\n|inactive|iron quark has 90 seconds left.\n|\n|t:|1782436552\n|switch|p1a: Cresselia|Cresselia, F, shiny|19/100\n|move|p2a: Raging Bolt|Thunderclap||[still]\n|-fail|p2a: Raging Bolt\n|\n|-fieldend|move: Trick Room\n|upkeep\n|turn|18\n|\n|t:|1782436559\n|move|p2a: Raging Bolt|Thunderbolt|p1a: Cresselia\n|-damage|p1a: Cresselia|0 fnt\n|faint|p1a: Cresselia\n|\n|upkeep\n|j| Yuki The Night\n|l| Yuki The Night\n|\n|t:|1782436579\n|switch|p1a: Hatterene|Hatterene, F, shiny|100/100\n|turn|19\n|\n|t:|1782436591\n|move|p2a: Raging Bolt|Thunderbolt|p1a: Hatterene\n|-damage|p1a: Hatterene|25/100\n|move|p1a: Hatterene|Healing Wish|p1a: Hatterene\n|faint|p1a: Hatterene\n|\n|upkeep\n|\n|t:|1782436593\n|switch|p1a: Diancie|Diancie|27/100\n|-heal|p1a: Diancie|100/100|[from] move: Healing Wish\n|turn|20\n|\n|t:|1782436596\n|-terastallize|p1a: Diancie|Ground\n|move|p2a: Raging Bolt|Thunderbolt|p1a: Diancie\n|-immune|p1a: Diancie\n|move|p1a: Diancie|Trick Room|p1a: Diancie\n|-fieldstart|move: Trick Room|[of] p1a: Diancie\n|\n|upkeep\n|turn|21\n|\n|t:|1782436598\n|move|p1a: Diancie|Meteor Beam||[still]\n|-prepare|p1a: Diancie|Meteor Beam\n|-boost|p1a: Diancie|spa|1\n|-enditem|p1a: Diancie|Power Herb\n|-anim|p1a: Diancie|Meteor Beam|p2a: Raging Bolt\n|-damage|p2a: Raging Bolt|0 fnt\n|faint|p2a: Raging Bolt\n|-end|p2a: Raging Bolt|Protosynthesis|[silent]\n|\n|upkeep\n|\n|t:|1782436619\n|switch|p2a: Great Tusk|Great Tusk|100/100\n|-enditem|p2a: Great Tusk|Booster Energy\n|-activate|p2a: Great Tusk|ability: Protosynthesis|[fromitem]\n|-start|p2a: Great Tusk|protosynthesisatk\n|turn|22\n|\n|t:|1782436622\n|move|p1a: Diancie|Moonblast|p2a: Great Tusk\n|-supereffective|p2a: Great Tusk\n|-damage|p2a: Great Tusk|0 fnt\n|faint|p2a: Great Tusk\n|-end|p2a: Great Tusk|Protosynthesis|[silent]\n|\n|upkeep\n|\n|t:|1782436628\n|switch|p2a: Gholdengo|Gholdengo, tera:Fighting|51/100\n|turn|23\n|j| zsdwdsafv\n|c|☆darkman64|gg\n|\n|t:|1782436632\n|move|p1a: Diancie|Moonblast|p2a: Gholdengo\n|-supereffective|p2a: Gholdengo\n|-crit|p2a: Gholdengo\n|-damage|p2a: Gholdengo|0 fnt\n|faint|p2a: Gholdengo\n|\n|upkeep\n|\n|t:|1782436635\n|switch|p2a: Iron Valiant|Iron Valiant|100/100\n|-enditem|p2a: Iron Valiant|Booster Energy\n|-activate|p2a: Iron Valiant|ability: Quark Drive|[fromitem]\n|-start|p2a: Iron Valiant|quarkdrivespa\n|turn|24\n|\n|t:|1782436638\n|move|p2a: Iron Valiant|Vacuum Wave|p1a: Diancie\n|-damage|p1a: Diancie|76/100\n|move|p1a: Diancie|Moonblast|p2a: Iron Valiant\n|-supereffective|p2a: Iron Valiant\n|-crit|p2a: Iron Valiant\n|-damage|p2a: Iron Valiant|0 fnt\n|faint|p2a: Iron Valiant\n|-end|p2a: Iron Valiant|Quark Drive|[silent]\n|\n|win|iron quark\n|n|☆iron quark|ironquark\n|n|☆darkman64|darkman64\n|n| zsdwdsafv|zsdwdsafv\n|l|☆darkman64\n|player|p2|\n|c|☆iron quark|gg\n", "uploadtime": 1782436645, "views": 21, "formatid": "gen9ou", "rating": null, "private": 0, "password": null}