{"id": "gen9ou-2639209110", "format": "[Gen 9] OU", "players": ["teebonestake", "RothusTheTraveler"], "log": "|j|☆teebonestake\n|j|☆RothusTheTraveler\n|t:|1782434404\n|gametype|singles\n|player|p1|teebonestake|fisherman-gen4|1225\n|player|p2|RothusTheTraveler|marley|1223\n|gen|9\n|tier|[Gen 9] OU\n|rated|\n|rule|HP Percentage Mod: HP is shown in percentages\n|rule|Endless Battle Clause: Forcing endless battles is banned\n|rule|Species Clause: Limit one of each Pokémon\n|rule|OHKO Clause: OHKO moves are banned\n|rule|Evasion Items Clause: Evasion items are banned\n|rule|Evasion Moves Clause: Evasion moves are banned\n|rule|Evasion Abilities Clause: Evasion abilities are banned\n|rule|Sleep Moves Clause: Sleep-inducing moves are banned\n|clearpoke\n|poke|p1|Arcanine-Hisui, M|\n|poke|p1|Alomomola, M|\n|poke|p1|Zarude|\n|poke|p1|Tinkaton, F|\n|poke|p1|Talonflame, M|\n|poke|p1|Mamoswine, M|\n|poke|p2|Heatran, M|\n|poke|p2|Iron Crown|\n|poke|p2|Gliscor, F|\n|poke|p2|Ogerpon-Wellspring, F|\n|poke|p2|Alomomola, M|\n|poke|p2|Dusknoir, M|\n|teampreview\n|inactive|Battle timer is ON: inactive players will automatically lose when time's up. (requested by RothusTheTraveler)\n|l|☆RothusTheTraveler\n|inactive|RothusTheTraveler disconnected and has a minute to reconnect!\n|player|p2|\n|j|☆RothusTheTraveler\n|inactive|RothusTheTraveler reconnected and has 140 seconds left.\n|player|p2|RothusTheTraveler|marley|\n|inactive|teebonestake has 120 seconds left.\n|\n|t:|1782434445\n|teamsize|p1|6\n|teamsize|p2|6\n|start\n|switch|p1a: Talonflame|Talonflame, M|100/100\n|switch|p2a: Gliscor|Gliscor, F|100/100\n|turn|1\n|\n|t:|1782434457\n|move|p1a: Talonflame|Will-O-Wisp|p2a: Gliscor\n|-status|p2a: Gliscor|brn\n|move|p2a: Gliscor|Agility|p2a: Gliscor\n|-boost|p2a: Gliscor|spe|2\n|\n|-damage|p2a: Gliscor|94/100 brn|[from] brn\n|upkeep\n|turn|2\n|\n|t:|1782434480\n|switch|p1a: Alomomola|Alomomola, M|100/100\n|move|p2a: Gliscor|Swords Dance|p2a: Gliscor\n|-boost|p2a: Gliscor|atk|2\n|\n|-damage|p2a: Gliscor|88/100 brn|[from] brn\n|upkeep\n|turn|3\n|\n|t:|1782434491\n|move|p2a: Gliscor|Facade|p1a: Alomomola\n|-damage|p1a: Alomomola|54/100\n|-damage|p2a: Gliscor|72/100 brn|[from] item: Rocky Helmet|[of] p1a: Alomomola\n|move|p1a: Alomomola|Flip Turn|p2a: Gliscor\n|-supereffective|p2a: Gliscor\n|-damage|p2a: Gliscor|41/100 brn\n|\n|t:|1782434502\n|switch|p1a: Mamoswine|Mamoswine, M|100/100|[from] Flip Turn\n|\n|-damage|p2a: Gliscor|35/100 brn|[from] brn\n|upkeep\n|turn|4\n|inactive|teebonestake has 120 seconds left.\n|\n|t:|1782434524\n|move|p1a: Mamoswine|Ice Shard|p2a: Gliscor\n|-supereffective|p2a: Gliscor\n|-damage|p2a: Gliscor|0 fnt\n|faint|p2a: Gliscor\n|-damage|p1a: Mamoswine|91/100|[from] item: Life Orb\n|\n|upkeep\n|\n|t:|1782434531\n|switch|p2a: Ogerpon|Ogerpon-Wellspring, F|100/100\n|turn|5\n|inactive|teebonestake has 120 seconds left.\n|\n|t:|1782434544\n|switch|p1a: Zarude|Zarude|100/100\n|move|p2a: Ogerpon|Ivy Cudgel|p1a: Zarude|[anim] Ivy Cudgel Water\n|-resisted|p1a: Zarude\n|-damage|p1a: Zarude|77/100\n|\n|upkeep\n|turn|6\n|\n|t:|1782434554\n|switch|p2a: Heatran|Heatran, M|100/100\n|move|p1a: Zarude|U-turn|p2a: Heatran\n|-resisted|p2a: Heatran\n|-damage|p2a: Heatran|95/100\n|\n|t:|1782434562\n|switch|p1a: Mamoswine|Mamoswine, M|91/100|[from] U-turn\n|\n|upkeep\n|turn|7\n|\n|t:|1782434570\n|move|p2a: Heatran|Flash Cannon|p1a: Mamoswine\n|-supereffective|p1a: Mamoswine\n|-damage|p1a: Mamoswine|0 fnt\n|faint|p1a: Mamoswine\n|\n|upkeep\n|inactive|teebonestake has 120 seconds left.\n|\n|t:|1782434594\n|switch|p1a: Zarude|Zarude|77/100\n|turn|8\n|inactive|teebonestake has 120 seconds left.\n|\n|t:|1782434600\n|switch|p2a: Alomomola|Alomomola, M|100/100\n|move|p1a: Zarude|Close Combat|p2a: Alomomola\n|-damage|p2a: Alomomola|77/100\n|-unboost|p1a: Zarude|def|1\n|-unboost|p1a: Zarude|spd|1\n|\n|-heal|p2a: Alomomola|83/100|[from] item: Leftovers\n|upkeep\n|turn|9\n|inactive|teebonestake has 120 seconds left.\n|\n|t:|1782434615\n|switch|p1a: Alomomola|Alomomola, M|87/100\n|switch|p2a: Heatran|Heatran, M|95/100\n|\n|upkeep\n|turn|10\n|inactive|teebonestake has 120 seconds left.\n|\n|t:|1782434628\n|switch|p2a: Ogerpon|Ogerpon-Wellspring, F|100/100\n|move|p1a: Alomomola|Flip Turn|p2a: Ogerpon\n|-immune|p2a: Ogerpon|[from] ability: Water Absorb\n|\n|upkeep\n|turn|11\n|inactive|teebonestake has 120 seconds left.\n|\n|t:|1782434651\n|switch|p1a: Zarude|Zarude|77/100\n|move|p2a: Ogerpon|Trailblaze|p1a: Zarude\n|-resisted|p1a: Zarude\n|-damage|p1a: Zarude|63/100\n|-boost|p2a: Ogerpon|spe|1\n|\n|upkeep\n|turn|12\n|\n|t:|1782434662\n|move|p2a: Ogerpon|Ivy Cudgel|p1a: Zarude|[anim] Ivy Cudgel Water\n|-resisted|p1a: Zarude\n|-damage|p1a: Zarude|37/100\n|move|p1a: Zarude|U-turn|p2a: Ogerpon\n|-supereffective|p2a: Ogerpon\n|-damage|p2a: Ogerpon|39/100\n|inactive|teebonestake has 90 seconds left.\n|\n|t:|1782434708\n|switch|p1a: Talonflame|Talonflame, M|100/100|[from] U-turn\n|\n|upkeep\n|turn|13\n|\n|t:|1782434720\n|-terastallize|p1a: Talonflame|Water\n|move|p2a: Ogerpon|Ivy Cudgel|p1a: Talonflame|[anim] Ivy Cudgel Water\n|-resisted|p1a: Talonflame\n|-damage|p1a: Talonflame|64/100\n|move|p1a: Talonflame|Brave Bird|p2a: Ogerpon\n|-supereffective|p2a: Ogerpon\n|-damage|p2a: Ogerpon|0 fnt\n|faint|p2a: Ogerpon\n|-damage|p1a: Talonflame|53/100|[from] Recoil\n|\n|upkeep\n|\n|t:|1782434727\n|switch|p2a: Iron Crown|Iron Crown|100/100\n|turn|14\n|\n|t:|1782434739\n|switch|p1a: Tinkaton|Tinkaton, F|100/100\n|-ability|p1a: Tinkaton|Mold Breaker\n|move|p2a: Iron Crown|Agility|p2a: Iron Crown\n|-boost|p2a: Iron Crown|spe|2\n|\n|upkeep\n|turn|15\n|\n|t:|1782434759\n|-terastallize|p2a: Iron Crown|Steel\n|move|p2a: Iron Crown|Tachyon Cutter|p1a: Tinkaton\n|-damage|p1a: Tinkaton|75/100\n|-damage|p1a: Tinkaton|54/100\n|-hitcount|p1a: Tinkaton|2\n|move|p1a: Tinkaton|Encore|p2a: Iron Crown\n|-start|p2a: Iron Crown|Encore\n|\n|-heal|p1a: Tinkaton|60/100|[from] item: Leftovers\n|upkeep\n|turn|16\n|inactive|teebonestake has 60 seconds left.\n|\n|t:|1782434782\n|switch|p1a: Alomomola|Alomomola, M|100/100\n|move|p2a: Iron Crown|Tachyon Cutter|p1a: Alomomola\n|-resisted|p1a: Alomomola\n|-damage|p1a: Alomomola|77/100\n|-resisted|p1a: Alomomola\n|-damage|p1a: Alomomola|55/100\n|-hitcount|p1a: Alomomola|2\n|\n|upkeep\n|turn|17\n|inactive|teebonestake has 60 seconds left.\n|\n|t:|1782434800\n|move|p2a: Iron Crown|Tachyon Cutter|p1a: Alomomola\n|-resisted|p1a: Alomomola\n|-damage|p1a: Alomomola|33/100\n|-resisted|p1a: Alomomola\n|-damage|p1a: Alomomola|12/100\n|-hitcount|p1a: Alomomola|2\n|move|p1a: Alomomola|Wish|p1a: Alomomola\n|\n|upkeep\n|turn|18\n|inactive|teebonestake has 60 seconds left.\n|\n|t:|1782434811\n|move|p1a: Alomomola|Protect|p1a: Alomomola\n|-singleturn|p1a: Alomomola|Protect\n|move|p2a: Iron Crown|Tachyon Cutter|p1a: Alomomola\n|-activate|p1a: Alomomola|move: Protect\n|\n|-heal|p1a: Alomomola|62/100|[from] move: Wish|[wisher] Alomomola\n|-end|p2a: Iron Crown|Encore\n|upkeep\n|turn|19\n|inactive|teebonestake has 60 seconds left.\n|\n|t:|1782434829\n|move|p2a: Iron Crown|Air Slash|p1a: Alomomola|[miss]\n|-miss|p2a: Iron Crown|p1a: Alomomola\n|move|p1a: Alomomola|Flip Turn|p2a: Iron Crown\n|-damage|p2a: Iron Crown|82/100\n|\n|t:|1782434838\n|switch|p1a: Arcanine|Arcanine-Hisui, M, shiny|100/100|[from] Flip Turn\n|\n|upkeep\n|turn|20\n|\n|t:|1782434844\n|move|p2a: Iron Crown|Tachyon Cutter|p1a: Arcanine\n|-damage|p1a: Arcanine|57/100\n|-damage|p1a: Arcanine|15/100\n|-hitcount|p1a: Arcanine|2\n|move|p1a: Arcanine|Flare Blitz|p2a: Iron Crown\n|-supereffective|p2a: Iron Crown\n|-damage|p2a: Iron Crown|0 fnt\n|faint|p2a: Iron Crown\n|-end|p2a: Iron Crown|Quark Drive|[silent]\n|\n|upkeep\n|\n|t:|1782434849\n|switch|p2a: Heatran|Heatran, M|95/100\n|turn|21\n|inactive|teebonestake has 60 seconds left.\n|\n|t:|1782434863\n|switch|p1a: Tinkaton|Tinkaton, F|60/100\n|-ability|p1a: Tinkaton|Mold Breaker\n|move|p2a: Heatran|Dragon Pulse|p1a: Tinkaton\n|-immune|p1a: Tinkaton\n|\n|-heal|p1a: Tinkaton|66/100|[from] item: Leftovers\n|upkeep\n|turn|22\n|inactive|teebonestake has 60 seconds left.\n|\n|t:|1782434874\n|switch|p2a: Alomomola|Alomomola, M|100/100\n|move|p1a: Tinkaton|Stealth Rock|p2a: Alomomola\n|-sidestart|p2: RothusTheTraveler|move: Stealth Rock\n|\n|-heal|p1a: Tinkaton|72/100|[from] item: Leftovers\n|upkeep\n|turn|23\n|\n|t:|1782434883\n|move|p1a: Tinkaton|Knock Off|p2a: Alomomola\n|-damage|p2a: Alomomola|91/100\n|-enditem|p2a: Alomomola|Leftovers|[from] move: Knock Off|[of] p1a: Tinkaton\n|move|p2a: Alomomola|Scald|p1a: Tinkaton\n|-damage|p1a: Tinkaton|64/100\n|\n|-heal|p1a: Tinkaton|70/100|[from] item: Leftovers\n|upkeep\n|turn|24\n|\n|t:|1782434896\n|switch|p1a: Alomomola|Alomomola, M|95/100\n|move|p2a: Alomomola|Scald|p1a: Alomomola\n|-resisted|p1a: Alomomola\n|-damage|p1a: Alomomola|88/100\n|\n|upkeep\n|turn|25\n|\n|t:|1782434905\n|move|p2a: Alomomola|Wish|p2a: Alomomola\n|move|p1a: Alomomola|Flip Turn|p2a: Alomomola\n|-resisted|p2a: Alomomola\n|-damage|p2a: Alomomola|87/100\n|inactive|teebonestake has 60 seconds left.\n|\n|t:|1782434935\n|switch|p1a: Zarude|Zarude|37/100|[from] Flip Turn\n|\n|upkeep\n|turn|26\n|\n|t:|1782434945\n|switch|p2a: Dusknoir|Dusknoir, M|100/100\n|-damage|p2a: Dusknoir|88/100|[from] Stealth Rock\n|-ability|p2a: Dusknoir|Pressure\n|move|p1a: Zarude|Power Whip|p2a: Dusknoir\n|-damage|p2a: Dusknoir|34/100\n|\n|-heal|p2a: Dusknoir|100/100|[from] move: Wish|[wisher] Alomomola\n|upkeep\n|turn|27\n|\n|t:|1782434959\n|move|p1a: Zarude|Power Whip|p2a: Dusknoir\n|-damage|p2a: Dusknoir|44/100\n|move|p2a: Dusknoir|Ice Punch|p1a: Zarude\n|-supereffective|p1a: Zarude\n|-damage|p1a: Zarude|0 fnt\n|faint|p1a: Zarude\n|\n|-heal|p2a: Dusknoir|50/100|[from] item: Leftovers\n|upkeep\n|\n|t:|1782434970\n|switch|p1a: Arcanine|Arcanine-Hisui, M, shiny|15/100\n|turn|28\n|\n|t:|1782434975\n|move|p2a: Dusknoir|Shadow Sneak|p1a: Arcanine\n|-damage|p1a: Arcanine|0 fnt\n|faint|p1a: Arcanine\n|\n|-heal|p2a: Dusknoir|57/100|[from] item: Leftovers\n|upkeep\n|-message|teebonestake forfeited.\n|\n|win|RothusTheTraveler\n|raw|teebonestake's rating: 1225 &rarr; <strong>1200</strong><br />(-25 for losing)\n|raw|RothusTheTraveler's rating: 1223 &rarr; <strong>1248</strong><br />(+25 for winning)\n|l|☆teebonestake\n|player|p1|\n|l|☆RothusTheTraveler\n|player|p2|\n", "uploadtime": 1782435275, "views": 11, "formatid": "gen9ou", "rating": 1200, "private": 0, "password": null}