{"id": "gen9ou-2639245822", "format": "[Gen 9] OU", "players": ["Huxz", "aonabiyi88"], "log": "|j|☆Huxz\n|j|☆aonabiyi88\n|t:|1782439801\n|gametype|singles\n|player|p1|Huxz|elesa|1153\n|player|p2|aonabiyi88|hoopster|1238\n|gen|9\n|tier|[Gen 9] OU\n|rated|\n|rule|HP Percentage Mod: HP is shown in percentages\n|rule|Endless Battle Clause: Forcing endless battles is banned\n|rule|Species Clause: Limit one of each Pokémon\n|rule|OHKO Clause: OHKO moves are banned\n|rule|Evasion Items Clause: Evasion items are banned\n|rule|Evasion Moves Clause: Evasion moves are banned\n|rule|Evasion Abilities Clause: Evasion abilities are banned\n|rule|Sleep Moves Clause: Sleep-inducing moves are banned\n|clearpoke\n|poke|p1|Skeledirge, F|\n|poke|p1|Tinkaton, F|\n|poke|p1|Quaquaval, F|\n|poke|p1|Gumshoos, M|\n|poke|p1|Bisharp, M|\n|poke|p1|Galvantula, F|\n|poke|p2|Walking Wake|\n|poke|p2|Lilligant-Hisui, F|\n|poke|p2|Torkoal, M|\n|poke|p2|Raging Bolt|\n|poke|p2|Great Tusk|\n|poke|p2|Pecharunt|\n|teampreview\n|\n|t:|1782439807\n|teamsize|p1|6\n|teamsize|p2|6\n|start\n|switch|p1a: Tinkaton|Tinkaton, F|100/100\n|switch|p2a: LAOKROT|Torkoal, M|100/100\n|-item|p1a: Tinkaton|Air Balloon\n|-weather|SunnyDay|[from] ability: Drought|[of] p2a: LAOKROT\n|turn|1\n|\n|t:|1782439814\n|move|p1a: Tinkaton|Stealth Rock|p2a: LAOKROT\n|-sidestart|p2: aonabiyi88|move: Stealth Rock\n|move|p2a: LAOKROT|Fire Blast|p1a: Tinkaton\n|-supereffective|p1a: Tinkaton\n|-damage|p1a: Tinkaton|19/100\n|-enditem|p1a: Tinkaton|Air Balloon\n|\n|-weather|SunnyDay|[upkeep]\n|upkeep\n|turn|2\n|inactive|Battle timer is ON: inactive players will automatically lose when time's up. (requested by aonabiyi88)\n|\n|t:|1782439826\n|move|p1a: Tinkaton|Knock Off|p2a: LAOKROT\n|-damage|p2a: LAOKROT|84/100\n|-enditem|p2a: LAOKROT|Eject Button|[from] move: Knock Off|[of] p1a: Tinkaton\n|move|p2a: LAOKROT|Rapid Spin|p1a: Tinkaton\n|-resisted|p1a: Tinkaton\n|-damage|p1a: Tinkaton|14/100\n|-boost|p2a: LAOKROT|spe|1\n|-sideend|p2: aonabiyi88|Stealth Rock|[from] move: Rapid Spin|[of] p2a: LAOKROT\n|\n|-weather|SunnyDay|[upkeep]\n|upkeep\n|turn|3\n|\n|t:|1782439833\n|move|p1a: Tinkaton|Encore|p2a: LAOKROT\n|-start|p2a: LAOKROT|Encore\n|move|p2a: LAOKROT|Rapid Spin|p1a: Tinkaton\n|-resisted|p1a: Tinkaton\n|-damage|p1a: Tinkaton|8/100\n|-boost|p2a: LAOKROT|spe|1\n|\n|-weather|SunnyDay|[upkeep]\n|upkeep\n|turn|4\n|\n|t:|1782439838\n|switch|p1a: Quaquaval|Quaquaval, F|100/100\n|move|p2a: LAOKROT|Rapid Spin|p1a: Quaquaval\n|-damage|p1a: Quaquaval|86/100\n|-boost|p2a: LAOKROT|spe|1\n|\n|-weather|SunnyDay|[upkeep]\n|upkeep\n|turn|5\n|\n|t:|1782439848\n|switch|p2a: LEBRON JAMES|Lilligant-Hisui, F|100/100\n|move|p1a: Quaquaval|Aqua Step|p2a: LEBRON JAMES\n|-resisted|p2a: LEBRON JAMES\n|-damage|p2a: LEBRON JAMES|81/100\n|-boost|p1a: Quaquaval|spe|1\n|-damage|p1a: Quaquaval|76/100|[from] item: Life Orb\n|\n|-weather|none\n|upkeep\n|turn|6\n|\n|t:|1782439854\n|switch|p2a: LAOKROT|Torkoal, M|84/100\n|-weather|SunnyDay|[from] ability: Drought|[of] p2a: LAOKROT\n|move|p1a: Quaquaval|Close Combat|p2a: LAOKROT\n|-crit|p2a: LAOKROT\n|-damage|p2a: LAOKROT|0 fnt\n|-unboost|p1a: Quaquaval|def|1\n|-unboost|p1a: Quaquaval|spd|1\n|faint|p2a: LAOKROT\n|-ability|p1a: Quaquaval|Moxie|boost\n|-boost|p1a: Quaquaval|atk|1\n|-damage|p1a: Quaquaval|66/100|[from] item: Life Orb\n|\n|-weather|SunnyDay|[upkeep]\n|upkeep\n|\n|t:|1782439861\n|switch|p2a: LEBRON JAMES|Lilligant-Hisui, F|81/100\n|turn|7\n|\n|t:|1782439868\n|switch|p1a: Tinkaton|Tinkaton, F|8/100\n|move|p2a: LEBRON JAMES|Solar Blade||[still]\n|-prepare|p2a: LEBRON JAMES|Solar Blade\n|-anim|p2a: LEBRON JAMES|Solar Blade|p1a: Tinkaton\n|-resisted|p1a: Tinkaton\n|-damage|p1a: Tinkaton|0 fnt\n|faint|p1a: Tinkaton\n|\n|-weather|SunnyDay|[upkeep]\n|upkeep\n|\n|t:|1782439876\n|switch|p1a: Skeledirge|Skeledirge, F|100/100\n|turn|8\n|\n|t:|1782439887\n|switch|p2a: Great Tusk|Great Tusk|100/100\n|-activate|p2a: Great Tusk|ability: Protosynthesis\n|-start|p2a: Great Tusk|protosynthesisdef\n|move|p1a: Skeledirge|Will-O-Wisp|p2a: Great Tusk\n|-status|p2a: Great Tusk|brn\n|\n|-weather|SunnyDay|[upkeep]\n|-damage|p2a: Great Tusk|94/100 brn|[from] brn\n|upkeep\n|turn|9\n|\n|t:|1782439893\n|move|p2a: Great Tusk|Bulk Up|p2a: Great Tusk\n|-boost|p2a: Great Tusk|atk|1\n|-boost|p2a: Great Tusk|def|1\n|move|p1a: Skeledirge|Torch Song|p2a: Great Tusk\n|-crit|p2a: Great Tusk\n|-damage|p2a: Great Tusk|11/100 brn\n|-boost|p1a: Skeledirge|spa|1\n|\n|-weather|SunnyDay|[upkeep]\n|-heal|p2a: Great Tusk|17/100 brn|[from] item: Leftovers\n|-damage|p2a: Great Tusk|11/100 brn|[from] brn\n|upkeep\n|turn|10\n|\n|t:|1782439900\n|move|p2a: Great Tusk|Headlong Rush|p1a: Skeledirge\n|-supereffective|p1a: Skeledirge\n|-damage|p1a: Skeledirge|63/100\n|-unboost|p2a: Great Tusk|def|1\n|-unboost|p2a: Great Tusk|spd|1\n|move|p1a: Skeledirge|Hex|p2a: Great Tusk\n|-damage|p2a: Great Tusk|0 fnt\n|faint|p2a: Great Tusk\n|-end|p2a: Great Tusk|Protosynthesis|[silent]\n|\n|-weather|none\n|upkeep\n|\n|t:|1782439904\n|switch|p2a: HOMELANDER|Walking Wake|100/100\n|turn|11\n|\n|t:|1782439910\n|switch|p1a: Galvantula|Galvantula, F|100/100\n|move|p2a: HOMELANDER|Sunny Day|p2a: HOMELANDER\n|-weather|SunnyDay\n|-activate|p2a: HOMELANDER|ability: Protosynthesis\n|-start|p2a: HOMELANDER|protosynthesisspe\n|\n|-weather|SunnyDay|[upkeep]\n|upkeep\n|turn|12\n|\n|t:|1782439928\n|move|p2a: HOMELANDER|Flamethrower|p1a: Galvantula\n|-supereffective|p1a: Galvantula\n|-damage|p1a: Galvantula|0 fnt\n|faint|p1a: Galvantula\n|-damage|p2a: HOMELANDER|91/100|[from] item: Life Orb\n|\n|-weather|SunnyDay|[upkeep]\n|upkeep\n|\n|t:|1782439947\n|switch|p1a: Bisharp|Bisharp, M|100/100\n|turn|13\n|\n|t:|1782439950\n|-terastallize|p1a: Bisharp|Dark\n|move|p1a: Bisharp|Sucker Punch|p2a: HOMELANDER\n|-damage|p2a: HOMELANDER|37/100\n|move|p2a: HOMELANDER|Flamethrower|p1a: Bisharp\n|-damage|p1a: Bisharp|50/100\n|-damage|p2a: HOMELANDER|27/100|[from] item: Life Orb\n|\n|-weather|SunnyDay|[upkeep]\n|upkeep\n|turn|14\n|\n|t:|1782439960\n|-end|p2a: HOMELANDER|Protosynthesis|[silent]\n|switch|p2a: Raging Bolt|Raging Bolt|100/100\n|-activate|p2a: Raging Bolt|ability: Protosynthesis\n|-start|p2a: Raging Bolt|protosynthesisspa\n|move|p1a: Bisharp|Night Slash|p2a: Raging Bolt\n|-damage|p2a: Raging Bolt|48/100\n|\n|-weather|SunnyDay|[upkeep]\n|upkeep\n|turn|15\n|\n|t:|1782439971\n|move|p2a: Raging Bolt|Volt Switch|p1a: Bisharp\n|-damage|p1a: Bisharp|9/100\n|\n|t:|1782439975\n|-end|p2a: Raging Bolt|Protosynthesis|[silent]\n|switch|p2a: LEBRON JAMES|Lilligant-Hisui, F|81/100|[from] Volt Switch\n|move|p1a: Bisharp|Swords Dance|p1a: Bisharp\n|-boost|p1a: Bisharp|atk|2\n|\n|-weather|none\n|upkeep\n|turn|16\n|\n|t:|1782439983\n|switch|p1a: Skeledirge|Skeledirge, F|63/100\n|move|p2a: LEBRON JAMES|Victory Dance|p2a: LEBRON JAMES\n|-boost|p2a: LEBRON JAMES|atk|1\n|-boost|p2a: LEBRON JAMES|def|1\n|-boost|p2a: LEBRON JAMES|spe|1\n|\n|upkeep\n|turn|17\n|\n|t:|1782439990\n|switch|p2a: Pecharunt|Pecharunt|100/100\n|move|p1a: Skeledirge|Torch Song|p2a: Pecharunt\n|-damage|p2a: Pecharunt|72/100\n|-boost|p1a: Skeledirge|spa|1\n|\n|-heal|p2a: Pecharunt|78/100|[from] item: Leftovers\n|upkeep\n|turn|18\n|\n|t:|1782439996\n|move|p2a: Pecharunt|Shadow Ball|p1a: Skeledirge\n|-supereffective|p1a: Skeledirge\n|-damage|p1a: Skeledirge|25/100\n|move|p1a: Skeledirge|Hex|p2a: Pecharunt\n|-supereffective|p2a: Pecharunt\n|-damage|p2a: Pecharunt|10/100\n|\n|-heal|p2a: Pecharunt|16/100|[from] item: Leftovers\n|upkeep\n|turn|19\n|\n|t:|1782440004\n|switch|p1a: Gumshoos|Gumshoos, M|100/100\n|move|p2a: Pecharunt|Shadow Ball|p1a: Gumshoos\n|-immune|p1a: Gumshoos\n|\n|-heal|p2a: Pecharunt|22/100|[from] item: Leftovers\n|upkeep\n|turn|20\n|\n|t:|1782440009\n|move|p2a: Pecharunt|Parting Shot|p1a: Gumshoos\n|-unboost|p1a: Gumshoos|atk|1\n|-unboost|p1a: Gumshoos|spa|1\n|\n|t:|1782440013\n|switch|p2a: Raging Bolt|Raging Bolt|48/100|[from] Parting Shot\n|move|p1a: Gumshoos|Earthquake|p2a: Raging Bolt\n|-supereffective|p2a: Raging Bolt\n|-damage|p2a: Raging Bolt|0 fnt\n|faint|p2a: Raging Bolt\n|-end|p2a: Raging Bolt|Protosynthesis|[silent]\n|\n|upkeep\n|\n|t:|1782440017\n|switch|p2a: Pecharunt|Pecharunt|22/100\n|turn|21\n|\n|t:|1782440020\n|-terastallize|p2a: Pecharunt|Flying\n|move|p2a: Pecharunt|Recover|p2a: Pecharunt\n|-heal|p2a: Pecharunt|72/100\n|move|p1a: Gumshoos|Earthquake|p2a: Pecharunt\n|-immune|p2a: Pecharunt\n|\n|-heal|p2a: Pecharunt|78/100|[from] item: Leftovers\n|upkeep\n|turn|22\n|\n|t:|1782440031\n|switch|p1a: Bisharp|Bisharp, M, tera:Dark|9/100\n|move|p2a: Pecharunt|Recover|p2a: Pecharunt\n|-heal|p2a: Pecharunt|100/100\n|\n|upkeep\n|turn|23\n|\n|t:|1782440038\n|move|p1a: Bisharp|Sucker Punch|p2a: Pecharunt\n|-damage|p2a: Pecharunt|77/100\n|move|p2a: Pecharunt|Malignant Chain|p1a: Bisharp\n|-damage|p1a: Bisharp|0 fnt\n|faint|p1a: Bisharp\n|\n|-heal|p2a: Pecharunt|83/100|[from] item: Leftovers\n|upkeep\n|\n|t:|1782440042\n|switch|p1a: Skeledirge|Skeledirge, F|25/100\n|turn|24\n|\n|t:|1782440050\n|switch|p1a: Gumshoos|Gumshoos, M|100/100\n|move|p2a: Pecharunt|Shadow Ball|p1a: Gumshoos\n|-immune|p1a: Gumshoos\n|\n|-heal|p2a: Pecharunt|89/100|[from] item: Leftovers\n|upkeep\n|turn|25\n|\n|t:|1782440056\n|move|p2a: Pecharunt|Malignant Chain|p1a: Gumshoos\n|-damage|p1a: Gumshoos|62/100\n|-status|p1a: Gumshoos|tox\n|-start|p1a: Gumshoos|confusion|[from] ability: Poison Puppeteer|[of] p2a: Pecharunt\n|-activate|p1a: Gumshoos|confusion\n|move|p1a: Gumshoos|Thrash|p2a: Pecharunt\n|-damage|p2a: Pecharunt|30/100\n|\n|-heal|p2a: Pecharunt|37/100|[from] item: Leftovers\n|-damage|p1a: Gumshoos|56/100 tox|[from] psn\n|upkeep\n|turn|26\n|\n|t:|1782440065\n|move|p2a: Pecharunt|Parting Shot|p1a: Gumshoos\n|-unboost|p1a: Gumshoos|atk|1\n|-unboost|p1a: Gumshoos|spa|1\n|\n|t:|1782440068\n|switch|p2a: HOMELANDER|Walking Wake|27/100|[from] Parting Shot\n|-end|p1a: Gumshoos|confusion\n|move|p1a: Gumshoos|Thrash|p2a: HOMELANDER|[from] lockedmove\n|-damage|p2a: HOMELANDER|0 fnt\n|faint|p2a: HOMELANDER\n|-end|p2a: HOMELANDER|Protosynthesis|[silent]\n|-start|p1a: Gumshoos|confusion|[fatigue]\n|\n|-damage|p1a: Gumshoos|44/100 tox|[from] psn\n|upkeep\n|\n|t:|1782440075\n|switch|p2a: Pecharunt|Pecharunt, tera:Flying|37/100\n|turn|27\n|c|☆Huxz|goatshoos\n|\n|t:|1782440088\n|move|p2a: Pecharunt|Recover|p2a: Pecharunt\n|-heal|p2a: Pecharunt|87/100\n|-activate|p1a: Gumshoos|confusion\n|move|p1a: Gumshoos|Thrash|p2a: Pecharunt\n|-damage|p2a: Pecharunt|50/100\n|\n|-heal|p2a: Pecharunt|56/100|[from] item: Leftovers\n|-damage|p1a: Gumshoos|25/100 tox|[from] psn\n|upkeep\n|turn|28\n|\n|t:|1782440098\n|move|p2a: Pecharunt|Recover|p2a: Pecharunt\n|-heal|p2a: Pecharunt|100/100\n|-activate|p1a: Gumshoos|confusion\n|move|p1a: Gumshoos|Thrash|p2a: Pecharunt|[from] lockedmove\n|-damage|p2a: Pecharunt|62/100\n|\n|-heal|p2a: Pecharunt|68/100|[from] item: Leftovers\n|-damage|p1a: Gumshoos|1/100 tox|[from] psn\n|upkeep\n|turn|29\n|\n|t:|1782440115\n|move|p2a: Pecharunt|Malignant Chain|p1a: Gumshoos\n|-damage|p1a: Gumshoos|0 fnt\n|faint|p1a: Gumshoos\n|\n|-heal|p2a: Pecharunt|74/100|[from] item: Leftovers\n|upkeep\n|\n|t:|1782440118\n|switch|p1a: Quaquaval|Quaquaval, F|66/100\n|turn|30\n|\n|t:|1782440123\n|move|p1a: Quaquaval|Aqua Step|p2a: Pecharunt\n|-damage|p2a: Pecharunt|52/100\n|-boost|p1a: Quaquaval|spe|1\n|-damage|p1a: Quaquaval|56/100|[from] item: Life Orb\n|move|p2a: Pecharunt|Parting Shot|p1a: Quaquaval\n|-unboost|p1a: Quaquaval|atk|1\n|-unboost|p1a: Quaquaval|spa|1\n|\n|t:|1782440126\n|switch|p2a: LEBRON JAMES|Lilligant-Hisui, F|81/100|[from] Parting Shot\n|\n|upkeep\n|turn|31\n|\n|t:|1782440132\n|switch|p2a: Pecharunt|Pecharunt, tera:Flying|52/100\n|move|p1a: Quaquaval|Close Combat|p2a: Pecharunt\n|-resisted|p2a: Pecharunt\n|-damage|p2a: Pecharunt|39/100\n|-unboost|p1a: Quaquaval|def|1\n|-unboost|p1a: Quaquaval|spd|1\n|-damage|p1a: Quaquaval|46/100|[from] item: Life Orb\n|\n|-heal|p2a: Pecharunt|45/100|[from] item: Leftovers\n|upkeep\n|turn|32\n|\n|t:|1782440139\n|move|p1a: Quaquaval|Knock Off|p2a: Pecharunt\n|-damage|p2a: Pecharunt|33/100\n|-enditem|p2a: Pecharunt|Leftovers|[from] move: Knock Off|[of] p1a: Quaquaval\n|-damage|p1a: Quaquaval|37/100|[from] item: Life Orb\n|move|p2a: Pecharunt|Recover|p2a: Pecharunt\n|-heal|p2a: Pecharunt|83/100\n|\n|upkeep\n|turn|33\n|c|☆aonabiyi88|well\n|\n|t:|1782440149\n|switch|p1a: Skeledirge|Skeledirge, F|25/100\n|move|p2a: Pecharunt|Shadow Ball|p1a: Skeledirge\n|-supereffective|p1a: Skeledirge\n|-damage|p1a: Skeledirge|0 fnt\n|faint|p1a: Skeledirge\n|\n|upkeep\n|\n|t:|1782440151\n|switch|p1a: Quaquaval|Quaquaval, F|37/100\n|turn|34\n|\n|t:|1782440154\n|move|p1a: Quaquaval|Aqua Step|p2a: Pecharunt\n|-damage|p2a: Pecharunt|61/100\n|-boost|p1a: Quaquaval|spe|1\n|-damage|p1a: Quaquaval|27/100|[from] item: Life Orb\n|move|p2a: Pecharunt|Malignant Chain|p1a: Quaquaval\n|-damage|p1a: Quaquaval|0 fnt\n|faint|p1a: Quaquaval\n|\n|win|aonabiyi88\n|raw|Huxz's rating: 1153 &rarr; <strong>1134</strong><br />(-19 for losing)\n|raw|aonabiyi88's rating: 1238 &rarr; <strong>1257</strong><br />(+19 for winning)\n|c|☆Huxz|gg\n|c|☆aonabiyi88|gg\n|l|☆aonabiyi88\n|player|p2|\n|l|☆Huxz\n|player|p1|\n", "uploadtime": 1782440442, "views": 8, "formatid": "gen9ou", "rating": 1134, "private": 0, "password": null}