{"id": "gen9ou-2540806386", "format": "[Gen 9] OU", "players": ["afdtv", "flandre727"], "log": "|j|☆afdtv\n|j|☆flandre727\n|t:|1771255993\n|gametype|singles\n|player|p1|afdtv|hilbert|1549\n|player|p2|flandre727|dawn-gen4pt|1632\n|gen|9\n|tier|[Gen 9] OU\n|rated|\n|rule|HP Percentage Mod: HP is shown in percentages\n|rule|Endless Battle Clause: Forcing endless battles is banned\n|rule|Species Clause: Limit one of each Pokémon\n|rule|OHKO Clause: OHKO moves are banned\n|rule|Evasion Items Clause: Evasion items are banned\n|rule|Evasion Moves Clause: Evasion moves are banned\n|rule|Evasion Abilities Clause: Evasion abilities are banned\n|rule|Sleep Moves Clause: Sleep-inducing moves are banned\n|clearpoke\n|poke|p1|Greninja-*, M|\n|poke|p1|Great Tusk|\n|poke|p1|Gholdengo|\n|poke|p1|Moltres|\n|poke|p1|Meloetta|\n|poke|p1|Zamazenta-*|\n|poke|p2|Gliscor, M|\n|poke|p2|Alomomola, F|\n|poke|p2|Pecharunt|\n|poke|p2|Great Tusk|\n|poke|p2|Weavile, F|\n|poke|p2|Iron Crown|\n|teampreview\n|c|☆flandre727|hf\n|j| tabata toxapex\n|c|☆afdtv|gl\n|\n|t:|1771256004\n|teamsize|p1|6\n|teamsize|p2|6\n|start\n|switch|p1a: Greninja|Greninja, M|100/100\n|switch|p2a: Alomomola|Alomomola, F|100/100\n|turn|1\n|\n|t:|1771256007\n|move|p1a: Greninja|Dark Pulse|p2a: Alomomola\n|-damage|p2a: Alomomola|76/100\n|-damage|p1a: Greninja|91/100|[from] item: Life Orb\n|move|p2a: Alomomola|Flip Turn|p1a: Greninja\n|-resisted|p1a: Greninja\n|-damage|p1a: Greninja|76/100\n|\n|t:|1771256020\n|switch|p2a: Gliscor|Gliscor, M|100/100|[from] Flip Turn\n|\n|-status|p2a: Gliscor|tox|[from] item: Toxic Orb\n|upkeep\n|turn|2\n|\n|t:|1771256031\n|switch|p2a: Alomomola|Alomomola, F|100/100\n|move|p1a: Greninja|Surf|p2a: Alomomola\n|-resisted|p2a: Alomomola\n|-damage|p2a: Alomomola|88/100\n|-damage|p1a: Greninja|66/100|[from] item: Life Orb\n|\n|upkeep\n|turn|3\n|\n|t:|1771256041\n|switch|p1a: Meloetta|Meloetta|100/100\n|move|p2a: Alomomola|Flip Turn|p1a: Meloetta\n|-damage|p1a: Meloetta|80/100\n|\n|t:|1771256043\n|switch|p2a: Weavile|Weavile, F|100/100|[from] Flip Turn\n|-ability|p2a: Weavile|Pressure\n|\n|upkeep\n|turn|4\n|\n|t:|1771256052\n|switch|p1a: Moltres|Moltres|100/100\n|move|p2a: Weavile|Knock Off|p1a: Moltres\n|-damage|p1a: Moltres|68/100\n|-status|p2a: Weavile|brn|[from] ability: Flame Body|[of] p1a: Moltres\n|-enditem|p1a: Moltres|Heavy-Duty Boots|[from] move: Knock Off|[of] p2a: Weavile\n|\n|-damage|p2a: Weavile|94/100 brn|[from] brn\n|upkeep\n|turn|5\n|\n|t:|1771256060\n|switch|p2a: Great Tusk|Great Tusk|100/100\n|move|p1a: Moltres|U-turn|p2a: Great Tusk\n|-resisted|p2a: Great Tusk\n|-damage|p2a: Great Tusk|95/100\n|-damage|p1a: Moltres|51/100|[from] item: Rocky Helmet|[of] p2a: Great Tusk\n|\n|t:|1771256073\n|switch|p1a: Gholdengo|Gholdengo|100/100|[from] U-turn\n|-item|p1a: Gholdengo|Air Balloon\n|\n|upkeep\n|turn|6\n|\n|t:|1771256083\n|-end|p2a: Great Tusk|Protosynthesis|[silent]\n|switch|p2a: Alomomola|Alomomola, F|100/100\n|move|p1a: Gholdengo|Make It Rain|p2a: Alomomola\n|-resisted|p2a: Alomomola\n|-damage|p2a: Alomomola|88/100\n|-unboost|p1a: Gholdengo|spa|1\n|\n|upkeep\n|turn|7\n|\n|t:|1771256094\n|switch|p1a: Zamazenta|Zamazenta|100/100\n|-ability|p1a: Zamazenta|Dauntless Shield|boost\n|-boost|p1a: Zamazenta|def|1\n|move|p2a: Alomomola|Flip Turn|p1a: Zamazenta\n|-damage|p1a: Zamazenta|90/100\n|\n|t:|1771256099\n|switch|p2a: Great Tusk|Great Tusk|95/100|[from] Flip Turn\n|\n|upkeep\n|turn|8\n|\n|t:|1771256104\n|move|p1a: Zamazenta|Close Combat|p2a: Great Tusk\n|-damage|p2a: Great Tusk|29/100\n|-unboost|p1a: Zamazenta|def|1\n|-unboost|p1a: Zamazenta|spd|1\n|-damage|p1a: Zamazenta|73/100|[from] item: Rocky Helmet|[of] p2a: Great Tusk\n|move|p2a: Great Tusk|Stealth Rock|p1a: Zamazenta\n|-sidestart|p1: afdtv|move: Stealth Rock\n|\n|upkeep\n|turn|9\n|\n|t:|1771256120\n|switch|p1a: Great Tusk|Great Tusk|100/100\n|-end|p2a: Great Tusk|Protosynthesis|[silent]\n|switch|p2a: Alomomola|Alomomola, F|100/100\n|\n|upkeep\n|turn|10\n|\n|t:|1771256126\n|move|p1a: Great Tusk|Stealth Rock|p2a: Alomomola\n|-sidestart|p2: flandre727|move: Stealth Rock\n|move|p2a: Alomomola|Flip Turn|p1a: Great Tusk\n|-supereffective|p1a: Great Tusk\n|-crit|p1a: Great Tusk\n|-damage|p1a: Great Tusk|65/100\n|\n|t:|1771256130\n|switch|p2a: Iron Crown|Iron Crown|100/100|[from] Flip Turn\n|-damage|p2a: Iron Crown|94/100|[from] Stealth Rock\n|\n|upkeep\n|turn|11\n|\n|t:|1771256138\n|-end|p1a: Great Tusk|Protosynthesis|[silent]\n|switch|p1a: Meloetta|Meloetta|80/100\n|-damage|p1a: Meloetta|67/100|[from] Stealth Rock\n|move|p2a: Iron Crown|Tachyon Cutter|p1a: Meloetta\n|-damage|p1a: Meloetta|50/100\n|-damage|p1a: Meloetta|33/100\n|-hitcount|p1a: Meloetta|2\n|\n|upkeep\n|turn|12\n|\n|t:|1771256145\n|move|p2a: Iron Crown|Tachyon Cutter|p1a: Meloetta\n|-damage|p1a: Meloetta|15/100\n|-damage|p1a: Meloetta|0 fnt\n|faint|p1a: Meloetta\n|-hitcount|p1: Meloetta|2\n|\n|upkeep\n|\n|t:|1771256152\n|switch|p1a: Zamazenta|Zamazenta|73/100\n|-damage|p1a: Zamazenta|67/100|[from] Stealth Rock\n|turn|13\n|\n|t:|1771256156\n|-end|p2a: Iron Crown|Quark Drive|[silent]\n|switch|p2a: Pecharunt|Pecharunt|100/100\n|move|p1a: Zamazenta|Crunch|p2a: Pecharunt\n|-supereffective|p2a: Pecharunt\n|-damage|p2a: Pecharunt|60/100\n|\n|upkeep\n|turn|14\n|\n|t:|1771256160\n|-terastallize|p1a: Zamazenta|Dark\n|move|p1a: Zamazenta|Crunch|p2a: Pecharunt\n|-supereffective|p2a: Pecharunt\n|-damage|p2a: Pecharunt|0 fnt\n|faint|p2a: Pecharunt\n|\n|upkeep\n|\n|t:|1771256164\n|switch|p2a: Great Tusk|Great Tusk|29/100\n|-damage|p2a: Great Tusk|26/100|[from] Stealth Rock\n|turn|15\n|\n|t:|1771256188\n|switch|p1a: Greninja|Greninja, M|66/100\n|-damage|p1a: Greninja|54/100|[from] Stealth Rock\n|move|p2a: Great Tusk|Ice Spinner|p1a: Greninja\n|-resisted|p1a: Greninja\n|-damage|p1a: Greninja|33/100\n|\n|upkeep\n|turn|16\n|\n|t:|1771256198\n|switch|p1a: Great Tusk|Great Tusk|65/100\n|-end|p2a: Great Tusk|Protosynthesis|[silent]\n|switch|p2a: Alomomola|Alomomola, F|100/100\n|-damage|p2a: Alomomola|88/100|[from] Stealth Rock\n|\n|upkeep\n|turn|17\n|\n|t:|1771256204\n|move|p1a: Great Tusk|Rapid Spin|p2a: Alomomola\n|-damage|p2a: Alomomola|74/100\n|-boost|p1a: Great Tusk|spe|1\n|-sideend|p1: afdtv|Stealth Rock|[from] move: Rapid Spin|[of] p1a: Great Tusk\n|move|p2a: Alomomola|Flip Turn|p1a: Great Tusk\n|-supereffective|p1a: Great Tusk\n|-damage|p1a: Great Tusk|42/100\n|\n|t:|1771256212\n|switch|p2a: Gliscor|Gliscor, M|100/100 tox|[from] Flip Turn\n|-damage|p2a: Gliscor|88/100 tox|[from] Stealth Rock\n|\n|-heal|p2a: Gliscor|100/100 tox|[from] ability: Poison Heal\n|upkeep\n|turn|18\n|\n|t:|1771256218\n|move|p1a: Great Tusk|Ice Spinner|p2a: Gliscor\n|-supereffective|p2a: Gliscor\n|-damage|p2a: Gliscor|32/100 tox\n|move|p2a: Gliscor|Toxic|p1a: Great Tusk\n|-status|p1a: Great Tusk|tox\n|\n|-damage|p1a: Great Tusk|36/100 tox|[from] psn\n|-heal|p2a: Gliscor|45/100 tox|[from] ability: Poison Heal\n|upkeep\n|turn|19\n|\n|t:|1771256220\n|move|p2a: Gliscor|Protect|p2a: Gliscor\n|-singleturn|p2a: Gliscor|Protect\n|move|p1a: Great Tusk|Ice Spinner|p2a: Gliscor\n|-activate|p2a: Gliscor|move: Protect\n|\n|-damage|p1a: Great Tusk|23/100 tox|[from] psn\n|-heal|p2a: Gliscor|57/100 tox|[from] ability: Poison Heal\n|upkeep\n|turn|20\n|\n|t:|1771256223\n|switch|p2a: Alomomola|Alomomola, F|100/100\n|-damage|p2a: Alomomola|88/100|[from] Stealth Rock\n|move|p1a: Great Tusk|Ice Spinner|p2a: Alomomola\n|-resisted|p2a: Alomomola\n|-damage|p2a: Alomomola|76/100\n|\n|-damage|p1a: Great Tusk|5/100 tox|[from] psn\n|upkeep\n|turn|21\n|\n|t:|1771256230\n|move|p1a: Great Tusk|Headlong Rush|p2a: Alomomola\n|-damage|p2a: Alomomola|26/100\n|-unboost|p1a: Great Tusk|def|1\n|-unboost|p1a: Great Tusk|spd|1\n|move|p2a: Alomomola|Flip Turn|p1a: Great Tusk\n|-supereffective|p1a: Great Tusk\n|-damage|p1a: Great Tusk|0 fnt\n|faint|p1a: Great Tusk\n|-end|p1a: Great Tusk|Protosynthesis|[silent]\n|\n|t:|1771256232\n|switch|p2a: Gliscor|Gliscor, M|57/100 tox|[from] Flip Turn\n|-damage|p2a: Gliscor|45/100 tox|[from] Stealth Rock\n|\n|-heal|p2a: Gliscor|57/100 tox|[from] ability: Poison Heal\n|upkeep\n|\n|t:|1771256237\n|switch|p1a: Greninja|Greninja, M|33/100\n|turn|22\n|\n|t:|1771256240\n|move|p2a: Gliscor|Protect|p2a: Gliscor\n|-singleturn|p2a: Gliscor|Protect\n|move|p1a: Greninja|Surf|p2a: Gliscor\n|-activate|p2a: Gliscor|move: Protect\n|\n|-heal|p2a: Gliscor|70/100 tox|[from] ability: Poison Heal\n|upkeep\n|turn|23\n|\n|t:|1771256245\n|switch|p2a: Alomomola|Alomomola, F|59/100\n|-damage|p2a: Alomomola|47/100|[from] Stealth Rock\n|move|p1a: Greninja|Dark Pulse|p2a: Alomomola\n|-damage|p2a: Alomomola|21/100\n|-damage|p1a: Greninja|23/100|[from] item: Life Orb\n|\n|upkeep\n|turn|24\n|\n|t:|1771256254\n|switch|p2a: Weavile|Weavile, F|94/100 brn\n|-ability|p2a: Weavile|Pressure\n|move|p1a: Greninja|Dark Pulse|p2a: Weavile\n|-resisted|p2a: Weavile\n|-damage|p2a: Weavile|60/100 brn\n|-damage|p1a: Greninja|13/100|[from] item: Life Orb\n|\n|-damage|p2a: Weavile|54/100 brn|[from] brn\n|upkeep\n|turn|25\n|\n|t:|1771256260\n|move|p1a: Greninja|Water Shuriken|p2a: Weavile\n|-damage|p2a: Weavile|40/100 brn\n|-damage|p2a: Weavile|28/100 brn\n|-hitcount|p2a: Weavile|2\n|-damage|p1a: Greninja|3/100|[from] item: Life Orb\n|move|p2a: Weavile|Knock Off|p1a: Greninja\n|-resisted|p1a: Greninja\n|-damage|p1a: Greninja|0 fnt\n|-enditem|p1a: Greninja|Life Orb|[from] move: Knock Off|[of] p2a: Weavile\n|faint|p1a: Greninja\n|\n|-damage|p2a: Weavile|21/100 brn|[from] brn\n|upkeep\n|\n|t:|1771256270\n|switch|p1a: Zamazenta|Zamazenta, tera:Dark|67/100\n|turn|26\n|\n|t:|1771256282\n|move|p2a: Weavile|Ice Shard|p1a: Zamazenta\n|-damage|p1a: Zamazenta|59/100\n|move|p1a: Zamazenta|Close Combat|p2a: Weavile\n|-supereffective|p2a: Weavile\n|-damage|p2a: Weavile|0 fnt\n|-unboost|p1a: Zamazenta|def|1\n|-unboost|p1a: Zamazenta|spd|1\n|faint|p2a: Weavile\n|\n|upkeep\n|\n|t:|1771256287\n|switch|p2a: Gliscor|Gliscor, M|70/100 tox\n|-damage|p2a: Gliscor|57/100 tox|[from] Stealth Rock\n|turn|27\n|\n|t:|1771256295\n|switch|p1a: Moltres|Moltres|51/100\n|move|p2a: Gliscor|Spikes|p1a: Moltres\n|-sidestart|p1: afdtv|Spikes\n|\n|-heal|p2a: Gliscor|70/100 tox|[from] ability: Poison Heal\n|upkeep\n|turn|28\n|\n|t:|1771256301\n|move|p2a: Gliscor|Toxic|p1a: Moltres\n|-status|p1a: Moltres|tox\n|move|p1a: Moltres|Roost|p1a: Moltres\n|-heal|p1a: Moltres|100/100 tox\n|-singleturn|p1a: Moltres|move: Roost\n|\n|-heal|p2a: Gliscor|82/100 tox|[from] ability: Poison Heal\n|-damage|p1a: Moltres|94/100 tox|[from] psn\n|upkeep\n|turn|29\n|\n|t:|1771256303\n|move|p2a: Gliscor|Spikes|p1a: Moltres\n|-sidestart|p1: afdtv|Spikes\n|move|p1a: Moltres|U-turn|p2a: Gliscor\n|-resisted|p2a: Gliscor\n|-damage|p2a: Gliscor|77/100 tox\n|\n|t:|1771256305\n|switch|p1a: Gholdengo|Gholdengo|100/100|[from] U-turn\n|-item|p1a: Gholdengo|Air Balloon\n|\n|-heal|p2a: Gliscor|90/100 tox|[from] ability: Poison Heal\n|upkeep\n|turn|30\n|\n|t:|1771256312\n|move|p2a: Gliscor|Spikes|p1a: Gholdengo\n|-sidestart|p1: afdtv|Spikes\n|move|p1a: Gholdengo|Nasty Plot|p1a: Gholdengo\n|-boost|p1a: Gholdengo|spa|2\n|\n|-heal|p2a: Gliscor|100/100 tox|[from] ability: Poison Heal\n|upkeep\n|turn|31\n|\n|t:|1771256320\n|switch|p2a: Great Tusk|Great Tusk|26/100\n|-damage|p2a: Great Tusk|23/100|[from] Stealth Rock\n|move|p1a: Gholdengo|Nasty Plot|p1a: Gholdengo\n|-boost|p1a: Gholdengo|spa|2\n|\n|upkeep\n|turn|32\n|\n|t:|1771256332\n|-end|p2a: Great Tusk|Protosynthesis|[silent]\n|switch|p2a: Alomomola|Alomomola, F|55/100\n|-damage|p2a: Alomomola|42/100|[from] Stealth Rock\n|move|p1a: Gholdengo|Shadow Ball|p2a: Alomomola\n|-damage|p2a: Alomomola|0 fnt\n|faint|p2a: Alomomola\n|\n|upkeep\n|\n|t:|1771256337\n|switch|p2a: Iron Crown|Iron Crown|94/100\n|-damage|p2a: Iron Crown|88/100|[from] Stealth Rock\n|turn|33\n|\n|t:|1771256342\n|move|p2a: Iron Crown|Tachyon Cutter|p1a: Gholdengo\n|-resisted|p1a: Gholdengo\n|-damage|p1a: Gholdengo|82/100\n|-enditem|p1a: Gholdengo|Air Balloon\n|-resisted|p1a: Gholdengo\n|-damage|p1a: Gholdengo|63/100\n|-hitcount|p1a: Gholdengo|2\n|move|p1a: Gholdengo|Shadow Ball|p2a: Iron Crown\n|-supereffective|p2a: Iron Crown\n|-damage|p2a: Iron Crown|0 fnt\n|faint|p2a: Iron Crown\n|-end|p2a: Iron Crown|Quark Drive|[silent]\n|\n|upkeep\n|\n|t:|1771256344\n|switch|p2a: Great Tusk|Great Tusk|23/100\n|-damage|p2a: Great Tusk|20/100|[from] Stealth Rock\n|turn|34\n|\n|t:|1771256357\n|switch|p1a: Moltres|Moltres|94/100 tox\n|move|p2a: Great Tusk|Headlong Rush|p1a: Moltres\n|-immune|p1a: Moltres\n|\n|-damage|p1a: Moltres|88/100 tox|[from] psn\n|upkeep\n|turn|35\n|\n|t:|1771256365\n|move|p2a: Great Tusk|Stealth Rock|p1a: Moltres\n|-sidestart|p1: afdtv|move: Stealth Rock\n|move|p1a: Moltres|Flamethrower|p2a: Great Tusk\n|-damage|p2a: Great Tusk|0 fnt\n|faint|p2a: Great Tusk\n|-end|p2a: Great Tusk|Protosynthesis|[silent]\n|\n|-damage|p1a: Moltres|76/100 tox|[from] psn\n|upkeep\n|\n|t:|1771256367\n|switch|p2a: Gliscor|Gliscor, M|100/100 tox\n|-damage|p2a: Gliscor|88/100 tox|[from] Stealth Rock\n|turn|36\n|\n|t:|1771256372\n|move|p2a: Gliscor|Protect|p2a: Gliscor\n|-singleturn|p2a: Gliscor|Protect\n|move|p1a: Moltres|Flamethrower|p2a: Gliscor\n|-activate|p2a: Gliscor|move: Protect\n|\n|-heal|p2a: Gliscor|100/100 tox|[from] ability: Poison Heal\n|-damage|p1a: Moltres|58/100 tox|[from] psn\n|upkeep\n|turn|37\n|\n|t:|1771256376\n|move|p2a: Gliscor|Earthquake|p1a: Moltres\n|-immune|p1a: Moltres\n|move|p1a: Moltres|Flamethrower|p2a: Gliscor\n|-damage|p2a: Gliscor|55/100 tox\n|\n|-heal|p2a: Gliscor|68/100 tox|[from] ability: Poison Heal\n|-damage|p1a: Moltres|34/100 tox|[from] psn\n|upkeep\n|turn|38\n|\n|t:|1771256379\n|switch|p1a: Zamazenta|Zamazenta, tera:Dark|59/100\n|-damage|p1a: Zamazenta|34/100|[from] Spikes\n|-damage|p1a: Zamazenta|21/100|[from] Stealth Rock\n|move|p2a: Gliscor|Protect||[still]\n|-fail|p2a: Gliscor\n|\n|-heal|p2a: Gliscor|80/100 tox|[from] ability: Poison Heal\n|upkeep\n|turn|39\n|inactive|Battle timer is ON: inactive players will automatically lose when time's up. (requested by flandre727)\n|\n|t:|1771256421\n|move|p2a: Gliscor|Protect|p2a: Gliscor\n|-singleturn|p2a: Gliscor|Protect\n|move|p1a: Zamazenta|Crunch|p2a: Gliscor\n|-activate|p2a: Gliscor|move: Protect\n|\n|-heal|p2a: Gliscor|93/100 tox|[from] ability: Poison Heal\n|upkeep\n|turn|40\n|\n|t:|1771256426\n|move|p1a: Zamazenta|Crunch|p2a: Gliscor\n|-damage|p2a: Gliscor|58/100 tox\n|move|p2a: Gliscor|Earthquake|p1a: Zamazenta\n|-damage|p1a: Zamazenta|0 fnt\n|faint|p1a: Zamazenta\n|\n|-heal|p2a: Gliscor|70/100 tox|[from] ability: Poison Heal\n|upkeep\n|\n|t:|1771256430\n|switch|p1a: Gholdengo|Gholdengo|63/100\n|-damage|p1a: Gholdengo|38/100|[from] Spikes\n|-damage|p1a: Gholdengo|32/100|[from] Stealth Rock\n|turn|41\n|\n|t:|1771256438\n|move|p2a: Gliscor|Earthquake|p1a: Gholdengo\n|-supereffective|p1a: Gholdengo\n|-damage|p1a: Gholdengo|0 fnt\n|faint|p1a: Gholdengo\n|\n|-heal|p2a: Gliscor|83/100 tox|[from] ability: Poison Heal\n|upkeep\n|\n|t:|1771256441\n|switch|p1a: Moltres|Moltres|34/100 tox\n|-damage|p1a: Moltres|0 fnt|[from] Stealth Rock\n|faint|p1a: Moltres\n|\n|win|flandre727\n|raw|afdtv's rating: 1549 &rarr; <strong>1534</strong><br />(-15 for losing)\n|raw|flandre727's rating: 1632 &rarr; <strong>1647</strong><br />(+15 for winning)\n|c|☆afdtv|gg\n|c|☆flandre727|gg\n|l|☆afdtv\n|player|p1|\n|l|☆flandre727\n|player|p2|\n", "uploadtime": 1771256697, "views": 5, "formatid": "gen9ou", "rating": 1534, "private": 0, "password": null}