{"id": "gen9ou-2540597155", "format": "[Gen 9] OU", "players": ["mrgoob6000", "alex12381723898"], "log": "|j|☆mrgoob6000\n|j|☆alex12381723898\n|t:|1771224301\n|gametype|singles\n|player|p1|mrgoob6000|dawn|1606\n|player|p2|alex12381723898|170|1639\n|gen|9\n|tier|[Gen 9] OU\n|rated|\n|rule|HP Percentage Mod: HP is shown in percentages\n|rule|Endless Battle Clause: Forcing endless battles is banned\n|rule|Species Clause: Limit one of each Pokémon\n|rule|OHKO Clause: OHKO moves are banned\n|rule|Evasion Items Clause: Evasion items are banned\n|rule|Evasion Moves Clause: Evasion moves are banned\n|rule|Evasion Abilities Clause: Evasion abilities are banned\n|rule|Sleep Moves Clause: Sleep-inducing moves are banned\n|clearpoke\n|poke|p1|Indeedee, M|\n|poke|p1|Gholdengo|\n|poke|p1|Polteageist|\n|poke|p1|Blaziken, F|\n|poke|p1|Iron Treads|\n|poke|p1|Deoxys-Speed|\n|poke|p2|Landorus-Therian, M|\n|poke|p2|Sinistcha|\n|poke|p2|Tinkaton, F|\n|poke|p2|Moltres|\n|poke|p2|Samurott-Hisui, M|\n|poke|p2|Hydreigon, M|\n|teampreview\n|inactive|Battle timer is ON: inactive players will automatically lose when time's up. (requested by mrgoob6000)\n|j| AmazedOcean924\n|\n|t:|1771224326\n|teamsize|p1|6\n|teamsize|p2|6\n|start\n|switch|p1a: Indeedee|Indeedee, M|100/100\n|switch|p2a: Jack Sparrow|Samurott-Hisui, M, shiny|100/100\n|-fieldstart|move: Psychic Terrain|[from] ability: Psychic Surge|[of] p1a: Indeedee\n|turn|1\n|\n|t:|1771224332\n|switch|p1a: Blaziken|Blaziken, F|100/100\n|-enditem|p1a: Blaziken|Psychic Seed\n|-boost|p1a: Blaziken|spd|1|[from] item: Psychic Seed\n|move|p2a: Jack Sparrow|Ceaseless Edge|p1a: Blaziken\n|-resisted|p1a: Blaziken\n|-damage|p1a: Blaziken|64/100\n|-sidestart|p1: mrgoob6000|Spikes\n|\n|upkeep\n|turn|2\n|\n|t:|1771224344\n|move|p2a: Jack Sparrow|Flip Turn|p1a: Blaziken\n|-supereffective|p1a: Blaziken\n|-damage|p1a: Blaziken|0 fnt\n|faint|p1a: Blaziken\n|\n|t:|1771224351\n|switch|p2a: Smile.exe|Tinkaton, F, shiny|100/100|[from] Flip Turn\n|-item|p2a: Smile.exe|Air Balloon\n|\n|upkeep\n|\n|t:|1771224356\n|switch|p1a: Iron Treads|Iron Treads|100/100\n|-damage|p1a: Iron Treads|88/100|[from] Spikes\n|-enditem|p1a: Iron Treads|Booster Energy\n|-activate|p1a: Iron Treads|ability: Quark Drive|[fromitem]\n|-start|p1a: Iron Treads|quarkdrivespe\n|turn|3\n|\n|t:|1771224360\n|switch|p2a: Sagittarius|Sinistcha, shiny|100/100\n|move|p1a: Iron Treads|Stealth Rock|p2a: Sagittarius\n|-sidestart|p2: alex12381723898|move: Stealth Rock\n|\n|upkeep\n|turn|4\n|\n|t:|1771224364\n|move|p1a: Iron Treads|Steel Beam|p2a: Sagittarius\n|-damage|p2a: Sagittarius|45/100\n|-damage|p1a: Iron Treads|38/100|[from] steelbeam\n|move|p2a: Sagittarius|Shadow Ball|p1a: Iron Treads\n|-damage|p1a: Iron Treads|0 fnt\n|faint|p1a: Iron Treads\n|-end|p1a: Iron Treads|Quark Drive|[silent]\n|\n|upkeep\n|\n|t:|1771224374\n|switch|p1a: Deoxys|Deoxys-Speed|100/100\n|-damage|p1a: Deoxys|88/100|[from] Spikes\n|-ability|p1a: Deoxys|Pressure\n|turn|5\n|\n|t:|1771224377\n|move|p1a: Deoxys|Ice Beam|p2a: Sagittarius\n|-supereffective|p2a: Sagittarius\n|-damage|p2a: Sagittarius|0 fnt\n|faint|p2a: Sagittarius\n|\n|upkeep\n|\n|t:|1771224381\n|switch|p2a: Jack Sparrow|Samurott-Hisui, M, shiny|100/100\n|turn|6\n|\n|t:|1771224384\n|move|p1a: Deoxys|Meteor Beam||[still]\n|-prepare|p1a: Deoxys|Meteor Beam\n|-boost|p1a: Deoxys|spa|1\n|-enditem|p1a: Deoxys|Power Herb\n|-anim|p1a: Deoxys|Meteor Beam|p2a: Jack Sparrow|[miss]\n|-miss|p1a: Deoxys|p2a: Jack Sparrow\n|move|p2a: Jack Sparrow|Ceaseless Edge|p1a: Deoxys\n|-supereffective|p1a: Deoxys\n|-damage|p1a: Deoxys|0 fnt\n|-sidestart|p1: mrgoob6000|Spikes\n|faint|p1a: Deoxys\n|\n|upkeep\n|\n|t:|1771224392\n|switch|p1a: Polteageist|Polteageist|100/100\n|-damage|p1a: Polteageist|84/100|[from] Spikes\n|turn|7\n|\n|t:|1771224403\n|-terastallize|p1a: Polteageist|Fighting\n|move|p2a: Jack Sparrow|Ceaseless Edge|p1a: Polteageist\n|-resisted|p1a: Polteageist\n|-damage|p1a: Polteageist|43/100\n|-ability|p1a: Polteageist|Weak Armor|boost\n|-unboost|p1a: Polteageist|def|1\n|-boost|p1a: Polteageist|spe|2\n|-sidestart|p1: mrgoob6000|Spikes\n|move|p1a: Polteageist|Shell Smash|p1a: Polteageist\n|-unboost|p1a: Polteageist|def|1\n|-unboost|p1a: Polteageist|spd|1\n|-boost|p1a: Polteageist|atk|2\n|-boost|p1a: Polteageist|spa|2\n|-boost|p1a: Polteageist|spe|2\n|\n|upkeep\n|turn|8\n|\n|t:|1771224413\n|switch|p2a: Smile.exe|Tinkaton, F, shiny|100/100\n|-damage|p2a: Smile.exe|94/100|[from] Stealth Rock\n|-item|p2a: Smile.exe|Air Balloon\n|move|p1a: Polteageist|Tera Blast|p2a: Smile.exe|[anim] Tera Blast Fighting\n|-damage|p2a: Smile.exe|4/100\n|-enditem|p2a: Smile.exe|Air Balloon\n|\n|-fieldend|move: Psychic Terrain\n|upkeep\n|turn|9\n|\n|t:|1771224422\n|move|p1a: Polteageist|Shadow Ball|p2a: Smile.exe\n|-damage|p2a: Smile.exe|0 fnt\n|faint|p2a: Smile.exe\n|\n|upkeep\n|\n|t:|1771224430\n|switch|p2a: Jack Sparrow|Samurott-Hisui, M, shiny|100/100\n|turn|10\n|\n|t:|1771224433\n|move|p2a: Jack Sparrow|Sucker Punch||[still]\n|-fail|p2a: Jack Sparrow\n|move|p1a: Polteageist|Shell Smash|p1a: Polteageist\n|-unboost|p1a: Polteageist|def|1\n|-unboost|p1a: Polteageist|spd|1\n|-boost|p1a: Polteageist|atk|2\n|-boost|p1a: Polteageist|spa|2\n|-boost|p1a: Polteageist|spe|2\n|\n|upkeep\n|turn|11\n|\n|t:|1771224435\n|move|p2a: Jack Sparrow|Sucker Punch||[still]\n|-fail|p2a: Jack Sparrow\n|move|p1a: Polteageist|Shell Smash|p1a: Polteageist\n|-unboost|p1a: Polteageist|def|1\n|-unboost|p1a: Polteageist|spd|1\n|-boost|p1a: Polteageist|atk|2\n|-boost|p1a: Polteageist|spa|2\n|-boost|p1a: Polteageist|spe|0\n|\n|upkeep\n|turn|12\n|\n|t:|1771224437\n|move|p2a: Jack Sparrow|Sucker Punch||[still]\n|-fail|p2a: Jack Sparrow\n|move|p1a: Polteageist|Shell Smash|p1a: Polteageist\n|-unboost|p1a: Polteageist|def|1\n|-unboost|p1a: Polteageist|spd|1\n|-boost|p1a: Polteageist|atk|0\n|-boost|p1a: Polteageist|spa|0\n|-boost|p1a: Polteageist|spe|0\n|\n|upkeep\n|turn|13\n|\n|t:|1771224438\n|move|p2a: Jack Sparrow|Sucker Punch||[still]\n|-fail|p2a: Jack Sparrow\n|move|p1a: Polteageist|Shell Smash|p1a: Polteageist\n|-unboost|p1a: Polteageist|def|1\n|-unboost|p1a: Polteageist|spd|1\n|-boost|p1a: Polteageist|atk|0\n|-boost|p1a: Polteageist|spa|0\n|-boost|p1a: Polteageist|spe|0\n|\n|upkeep\n|turn|14\n|\n|t:|1771224440\n|move|p2a: Jack Sparrow|Sucker Punch||[still]\n|-fail|p2a: Jack Sparrow\n|move|p1a: Polteageist|Shell Smash|p1a: Polteageist\n|-unboost|p1a: Polteageist|def|0\n|-unboost|p1a: Polteageist|spd|1\n|-boost|p1a: Polteageist|atk|0\n|-boost|p1a: Polteageist|spa|0\n|-boost|p1a: Polteageist|spe|0\n|\n|upkeep\n|turn|15\n|\n|t:|1771224442\n|move|p1a: Polteageist|Shell Smash|p1a: Polteageist\n|-unboost|p1a: Polteageist|def|0\n|-unboost|p1a: Polteageist|spd|0\n|-boost|p1a: Polteageist|atk|0\n|-boost|p1a: Polteageist|spa|0\n|-boost|p1a: Polteageist|spe|0\n|move|p2a: Jack Sparrow|Ceaseless Edge|p1a: Polteageist\n|-resisted|p1a: Polteageist\n|-damage|p1a: Polteageist|0 fnt\n|faint|p1a: Polteageist\n|\n|upkeep\n|\n|t:|1771224444\n|switch|p1a: Indeedee|Indeedee, M|100/100\n|-damage|p1a: Indeedee|76/100|[from] Spikes\n|-fieldstart|move: Psychic Terrain|[from] ability: Psychic Surge|[of] p1a: Indeedee\n|turn|16\n|\n|t:|1771224448\n|move|p1a: Indeedee|Dazzling Gleam|p2a: Jack Sparrow\n|-supereffective|p2a: Jack Sparrow\n|-damage|p2a: Jack Sparrow|21/100\n|move|p2a: Jack Sparrow|Knock Off|p1a: Indeedee\n|-supereffective|p1a: Indeedee\n|-damage|p1a: Indeedee|0 fnt\n|-enditem|p1a: Indeedee|Terrain Extender|[from] move: Knock Off|[of] p2a: Jack Sparrow\n|faint|p1a: Indeedee\n|\n|upkeep\n|\n|t:|1771224451\n|switch|p1a: Gholdengo|Gholdengo|100/100\n|-damage|p1a: Gholdengo|76/100|[from] Spikes\n|turn|17\n|\n|t:|1771224457\n|move|p1a: Gholdengo|Shadow Ball|p2a: Jack Sparrow\n|-resisted|p2a: Jack Sparrow\n|-damage|p2a: Jack Sparrow|0 fnt\n|faint|p2a: Jack Sparrow\n|\n|upkeep\n|\n|t:|1771224459\n|switch|p2a: Hybrid|Hydreigon, M, shiny|100/100\n|-damage|p2a: Hybrid|88/100|[from] Stealth Rock\n|turn|18\n|\n|t:|1771224462\n|move|p1a: Gholdengo|Endure|p1a: Gholdengo\n|-singleturn|p1a: Gholdengo|move: Endure\n|move|p2a: Hybrid|Dark Pulse|p1a: Gholdengo\n|-supereffective|p1a: Gholdengo\n|-activate|p1a: Gholdengo|move: Endure\n|-damage|p1a: Gholdengo|1/100\n|-enditem|p1a: Gholdengo|Salac Berry|[eat]\n|-boost|p1a: Gholdengo|spe|1|[from] item: Salac Berry\n|\n|upkeep\n|turn|19\n|\n|t:|1771224473\n|move|p1a: Gholdengo|Make It Rain|p2a: Hybrid\n|-damage|p2a: Hybrid|18/100\n|-unboost|p1a: Gholdengo|spa|1\n|move|p2a: Hybrid|Dark Pulse|p1a: Gholdengo\n|-supereffective|p1a: Gholdengo\n|-damage|p1a: Gholdengo|0 fnt\n|faint|p1a: Gholdengo\n|\n|win|alex12381723898\n|raw|mrgoob6000's rating: 1606 &rarr; <strong>1588</strong><br />(-18 for losing)\n|raw|alex12381723898's rating: 1639 &rarr; <strong>1657</strong><br />(+18 for winning)\n|l|☆alex12381723898\n|player|p2|\n|l|☆mrgoob6000\n|player|p1|\n", "uploadtime": 1771224614, "views": 7, "formatid": "gen9ou", "rating": 1588, "private": 0, "password": null}