{"id": "gen9ou-2639264508", "format": "[Gen 9] OU", "players": ["Spongenoodles", "HYTT_tttt代号中"], "log": "|j|☆Spongenoodles\n|j|☆HYTT_tttt代号中\n|t:|1782442579\n|gametype|singles\n|player|p1|Spongenoodles|red|1217\n|player|p2|HYTT_tttt代号中|rosa-pokestar2|1220\n|gen|9\n|tier|[Gen 9] OU\n|rated|\n|rule|HP Percentage Mod: HP is shown in percentages\n|rule|Endless Battle Clause: Forcing endless battles is banned\n|rule|Species Clause: Limit one of each Pokémon\n|rule|OHKO Clause: OHKO moves are banned\n|rule|Evasion Items Clause: Evasion items are banned\n|rule|Evasion Moves Clause: Evasion moves are banned\n|rule|Evasion Abilities Clause: Evasion abilities are banned\n|rule|Sleep Moves Clause: Sleep-inducing moves are banned\n|clearpoke\n|poke|p1|Raging Bolt|\n|poke|p1|Slowking-Galar, F|\n|poke|p1|Garchomp, M|\n|poke|p1|Alomomola, M|\n|poke|p1|Hatterene, F|\n|poke|p1|Corviknight, F|\n|poke|p2|Hippowdon, F|\n|poke|p2|Garganacl, F|\n|poke|p2|Reuniclus, F|\n|poke|p2|Corviknight, F|\n|poke|p2|Gliscor, M|\n|poke|p2|Alomomola, F|\n|teampreview\n|\n|t:|1782442587\n|teamsize|p1|6\n|teamsize|p2|6\n|start\n|switch|p1a: Raging Bolt|Raging Bolt|100/100\n|switch|p2a: 阿三|Hippowdon, F|100/100\n|-weather|Sandstorm|[from] ability: Sand Stream|[of] p2a: 阿三\n|turn|1\n|\n|t:|1782442595\n|move|p1a: Raging Bolt|Draco Meteor|p2a: 阿三\n|-damage|p2a: 阿三|37/100\n|-unboost|p1a: Raging Bolt|spa|2\n|move|p2a: 阿三|Stealth Rock|p1a: Raging Bolt\n|-sidestart|p1: Spongenoodles|move: Stealth Rock\n|\n|-weather|Sandstorm|[upkeep]\n|-damage|p1a: Raging Bolt|94/100|[from] Sandstorm\n|-heal|p2a: 阿三|44/100|[from] item: Leftovers\n|upkeep\n|turn|2\n|\n|t:|1782442603\n|switch|p2a: 玛姬|Garganacl, F|100/100\n|move|p1a: Raging Bolt|Draco Meteor|p2a: 玛姬\n|-damage|p2a: 玛姬|82/100\n|-unboost|p1a: Raging Bolt|spa|2\n|\n|-weather|Sandstorm|[upkeep]\n|-damage|p1a: Raging Bolt|88/100|[from] Sandstorm\n|-heal|p2a: 玛姬|88/100|[from] item: Leftovers\n|upkeep\n|turn|3\n|\n|t:|1782442608\n|-end|p1a: Raging Bolt|Protosynthesis|[silent]\n|switch|p1a: Garchomp|Garchomp, M|100/100\n|-damage|p1a: Garchomp|94/100|[from] Stealth Rock\n|move|p2a: 玛姬|Salt Cure|p1a: Garchomp\n|-resisted|p1a: Garchomp\n|-damage|p1a: Garchomp|90/100\n|-start|p1a: Garchomp|Salt Cure\n|\n|-weather|Sandstorm|[upkeep]\n|-heal|p2a: 玛姬|94/100|[from] item: Leftovers\n|-damage|p1a: Garchomp|78/100|[from] Salt Cure\n|upkeep\n|turn|4\n|\n|t:|1782442614\n|switch|p2a: 土猫|Gliscor, M|100/100\n|move|p1a: Garchomp|Stealth Rock|p2a: 土猫\n|-sidestart|p2: HYTT_tttt代号中|move: Stealth Rock\n|\n|-weather|Sandstorm|[upkeep]\n|-damage|p1a: Garchomp|65/100|[from] Salt Cure\n|-status|p2a: 土猫|tox|[from] item: Toxic Orb\n|upkeep\n|turn|5\n|\n|t:|1782442619\n|switch|p1a: Corviknight|Corviknight, F|100/100\n|-damage|p1a: Corviknight|88/100|[from] Stealth Rock\n|move|p2a: 土猫|Knock Off|p1a: Corviknight\n|-damage|p1a: Corviknight|76/100\n|-damage|p2a: 土猫|84/100 tox|[from] item: Rocky Helmet|[of] p1a: Corviknight\n|-enditem|p1a: Corviknight|Rocky Helmet|[from] move: Knock Off|[of] p2a: 土猫\n|\n|-weather|none\n|-heal|p2a: 土猫|97/100 tox|[from] ability: Poison Heal\n|upkeep\n|turn|6\n|\n|t:|1782442625\n|move|p2a: 土猫|Spikes|p1a: Corviknight\n|-sidestart|p1: Spongenoodles|Spikes\n|move|p1a: Corviknight|Defog|p2a: 土猫\n|-unboost|p2a: 土猫|evasion|1\n|-sideend|p2: HYTT_tttt代号中|Stealth Rock|[from] move: Defog|[of] p1a: Corviknight\n|-sideend|p1: Spongenoodles|Spikes|[from] move: Defog|[of] p1a: Corviknight\n|-sideend|p1: Spongenoodles|Stealth Rock|[from] move: Defog|[of] p1a: Corviknight\n|\n|-heal|p2a: 土猫|100/100 tox|[from] ability: Poison Heal\n|upkeep\n|turn|7\n|\n|t:|1782442635\n|move|p2a: 土猫|Protect|p2a: 土猫\n|-singleturn|p2a: 土猫|Protect\n|move|p1a: Corviknight|U-turn|p2a: 土猫\n|-activate|p2a: 土猫|move: Protect\n|\n|upkeep\n|turn|8\n|\n|t:|1782442641\n|switch|p2a: 鸟人|Corviknight, F|100/100\n|-ability|p2a: 鸟人|Pressure\n|switch|p1a: Hatterene|Hatterene, F|100/100\n|\n|upkeep\n|turn|9\n|\n|t:|1782442646\n|move|p2a: 鸟人|Brave Bird|p1a: Hatterene\n|-damage|p1a: Hatterene|61/100\n|-damage|p2a: 鸟人|90/100|[from] Recoil\n|move|p1a: Hatterene|Calm Mind|p1a: Hatterene\n|-boost|p1a: Hatterene|spa|1\n|-boost|p1a: Hatterene|spd|1\n|\n|-heal|p1a: Hatterene|67/100|[from] item: Leftovers\n|upkeep\n|turn|10\n|\n|t:|1782442653\n|move|p2a: 鸟人|Brave Bird|p1a: Hatterene\n|-damage|p1a: Hatterene|23/100\n|-damage|p2a: 鸟人|78/100|[from] Recoil\n|move|p1a: Hatterene|Mystical Fire|p2a: 鸟人\n|-supereffective|p2a: 鸟人\n|-damage|p2a: 鸟人|0 fnt\n|faint|p2a: 鸟人\n|\n|-heal|p1a: Hatterene|29/100|[from] item: Leftovers\n|upkeep\n|\n|t:|1782442658\n|switch|p2a: 玛姬|Garganacl, F|94/100\n|turn|11\n|\n|t:|1782442666\n|move|p1a: Hatterene|Draining Kiss|p2a: 玛姬\n|-damage|p2a: 玛姬|62/100\n|-heal|p1a: Hatterene|60/100|[from] drain|[of] p2a: 玛姬\n|move|p2a: 玛姬|Avalanche|p1a: Hatterene\n|-damage|p1a: Hatterene|28/100\n|\n|-heal|p2a: 玛姬|68/100|[from] item: Leftovers\n|-heal|p1a: Hatterene|34/100|[from] item: Leftovers\n|upkeep\n|turn|12\n|\n|t:|1782442675\n|move|p2a: 玛姬|Recover|p2a: 玛姬\n|-heal|p2a: 玛姬|100/100\n|move|p1a: Hatterene|Calm Mind|p1a: Hatterene\n|-boost|p1a: Hatterene|spa|1\n|-boost|p1a: Hatterene|spd|1\n|\n|-heal|p1a: Hatterene|40/100|[from] item: Leftovers\n|upkeep\n|turn|13\n|\n|t:|1782442679\n|move|p2a: 玛姬|Salt Cure|p1a: Hatterene\n|-damage|p1a: Hatterene|24/100\n|-start|p1a: Hatterene|Salt Cure\n|move|p1a: Hatterene|Calm Mind|p1a: Hatterene\n|-boost|p1a: Hatterene|spa|1\n|-boost|p1a: Hatterene|spd|1\n|\n|-heal|p1a: Hatterene|30/100|[from] item: Leftovers\n|-damage|p1a: Hatterene|18/100|[from] Salt Cure\n|upkeep\n|turn|14\n|\n|t:|1782442684\n|move|p2a: 玛姬|Salt Cure|p1a: Hatterene\n|-damage|p1a: Hatterene|4/100\n|move|p1a: Hatterene|Calm Mind|p1a: Hatterene\n|-boost|p1a: Hatterene|spa|1\n|-boost|p1a: Hatterene|spd|1\n|\n|-heal|p1a: Hatterene|10/100|[from] item: Leftovers\n|-damage|p1a: Hatterene|0 fnt|[from] Salt Cure\n|faint|p1a: Hatterene\n|upkeep\n|\n|t:|1782442692\n|switch|p1a: Garchomp|Garchomp, M|65/100\n|turn|15\n|\n|t:|1782442697\n|-terastallize|p2a: 玛姬|Fairy\n|move|p1a: Garchomp|Stealth Rock|p2a: 玛姬\n|-sidestart|p2: HYTT_tttt代号中|move: Stealth Rock\n|move|p2a: 玛姬|Avalanche|p1a: Garchomp\n|-supereffective|p1a: Garchomp\n|-damage|p1a: Garchomp|34/100\n|-damage|p2a: 玛姬|88/100|[from] ability: Rough Skin|[of] p1a: Garchomp\n|-damage|p2a: 玛姬|72/100|[from] item: Rocky Helmet|[of] p1a: Garchomp\n|\n|-heal|p2a: 玛姬|78/100|[from] item: Leftovers\n|upkeep\n|turn|16\n|\n|t:|1782442710\n|switch|p1a: Slowking|Slowking-Galar, F|100/100\n|move|p2a: 玛姬|Recover|p2a: 玛姬\n|-heal|p2a: 玛姬|100/100\n|\n|upkeep\n|turn|17\n|\n|t:|1782442714\n|move|p2a: 玛姬|Salt Cure|p1a: Slowking\n|-damage|p1a: Slowking|85/100\n|-start|p1a: Slowking|Salt Cure\n|move|p1a: Slowking|Future Sight|p2a: 玛姬\n|-start|p1a: Slowking|move: Future Sight\n|\n|-damage|p1a: Slowking|73/100|[from] Salt Cure\n|upkeep\n|turn|18\n|\n|t:|1782442725\n|switch|p2a: 土猫|Gliscor, M|100/100 tox\n|-damage|p2a: 土猫|88/100 tox|[from] Stealth Rock\n|-prepare|p1a: Slowking|Chilly Reception|[premajor]\n|move|p1a: Slowking|Chilly Reception|p1a: Slowking\n|-weather|Snowscape\n|\n|t:|1782442729\n|switch|p1a: Raging Bolt|Raging Bolt|88/100|[from] Chilly Reception\n|\n|-weather|Snowscape|[upkeep]\n|-heal|p2a: 土猫|100/100 tox|[from] ability: Poison Heal\n|upkeep\n|turn|19\n|\n|t:|1782442737\n|-end|p1a: Raging Bolt|Protosynthesis|[silent]\n|switch|p1a: Corviknight|Corviknight, F|76/100\n|move|p2a: 土猫|Knock Off|p1a: Corviknight\n|-damage|p1a: Corviknight|67/100\n|\n|-weather|Snowscape|[upkeep]\n|-end|p2a: 土猫|move: Future Sight\n|-damage|p2a: 土猫|60/100 tox\n|-heal|p2a: 土猫|73/100 tox|[from] ability: Poison Heal\n|upkeep\n|turn|20\n|\n|t:|1782442747\n|move|p2a: 土猫|Spikes|p1a: Corviknight\n|-sidestart|p1: Spongenoodles|Spikes\n|move|p1a: Corviknight|U-turn|p2a: 土猫\n|-resisted|p2a: 土猫\n|-damage|p2a: 土猫|68/100 tox\n|\n|t:|1782442752\n|switch|p1a: Slowking|Slowking-Galar, F|100/100|[from] U-turn\n|\n|-weather|Snowscape|[upkeep]\n|-heal|p2a: 土猫|80/100 tox|[from] ability: Poison Heal\n|upkeep\n|turn|21\n|\n|t:|1782442757\n|switch|p2a: koko|Reuniclus, F|100/100\n|switch|p1a: Corviknight|Corviknight, F|67/100\n|\n|-weather|Snowscape|[upkeep]\n|upkeep\n|turn|22\n|\n|t:|1782442762\n|move|p1a: Corviknight|Defog|p2a: koko\n|-unboost|p2a: koko|evasion|1\n|-sideend|p2: HYTT_tttt代号中|Stealth Rock|[from] move: Defog|[of] p1a: Corviknight\n|-sideend|p1: Spongenoodles|Spikes|[from] move: Defog|[of] p1a: Corviknight\n|move|p2a: koko|Focus Blast|p1a: Corviknight\n|-damage|p1a: Corviknight|35/100\n|\n|-weather|none\n|upkeep\n|turn|23\n|\n|t:|1782442768\n|move|p1a: Corviknight|Roost|p1a: Corviknight\n|-heal|p1a: Corviknight|85/100\n|-singleturn|p1a: Corviknight|move: Roost\n|move|p2a: koko|Calm Mind|p2a: koko\n|-boost|p2a: koko|spa|1\n|-boost|p2a: koko|spd|1\n|\n|upkeep\n|turn|24\n|\n|t:|1782442773\n|move|p1a: Corviknight|U-turn|p2a: koko\n|-supereffective|p2a: koko\n|-damage|p2a: koko|78/100\n|-damage|p1a: Corviknight|69/100|[from] item: Rocky Helmet|[of] p2a: koko\n|\n|t:|1782442778\n|switch|p1a: Alomomola|Alomomola, M|100/100|[from] U-turn\n|move|p2a: koko|Calm Mind|p2a: koko\n|-boost|p2a: koko|spa|1\n|-boost|p2a: koko|spd|1\n|\n|upkeep\n|turn|25\n|\n|t:|1782442785\n|switch|p2a: 黑冰|Alomomola, F|100/100\n|move|p1a: Alomomola|Alluring Voice|p2a: 黑冰\n|-damage|p2a: 黑冰|95/100\n|\n|upkeep\n|turn|26\n|\n|t:|1782442790\n|move|p2a: 黑冰|Play Rough|p1a: Alomomola\n|-damage|p1a: Alomomola|89/100\n|move|p1a: Alomomola|Flip Turn|p2a: 黑冰\n|-resisted|p2a: 黑冰\n|-crit|p2a: 黑冰\n|-damage|p2a: 黑冰|87/100\n|\n|t:|1782442796\n|switch|p1a: Raging Bolt|Raging Bolt|88/100|[from] Flip Turn\n|\n|upkeep\n|turn|27\n|\n|t:|1782442802\n|move|p1a: Raging Bolt|Volt Switch|p2a: 黑冰\n|-supereffective|p2a: 黑冰\n|-damage|p2a: 黑冰|39/100\n|\n|t:|1782442806\n|-end|p1a: Raging Bolt|Protosynthesis|[silent]\n|switch|p1a: Alomomola|Alomomola, M|100/100|[from] Volt Switch\n|move|p2a: 黑冰|Mirror Coat|p1a: Alomomola\n|-damage|p1a: Alomomola|15/100\n|\n|upkeep\n|turn|28\n|\n|t:|1782442815\n|switch|p1a: Slowking|Slowking-Galar, F|100/100\n|move|p2a: 黑冰|Play Rough|p1a: Slowking\n|-resisted|p1a: Slowking\n|-damage|p1a: Slowking|92/100\n|\n|upkeep\n|turn|29\n|\n|t:|1782442820\n|move|p2a: 黑冰|Flip Turn|p1a: Slowking\n|-damage|p1a: Slowking|75/100\n|\n|t:|1782442824\n|switch|p2a: 玛姬|Garganacl, F, tera:Fairy|100/100|[from] Flip Turn\n|move|p1a: Slowking|Future Sight|p2a: 玛姬\n|-start|p1a: Slowking|move: Future Sight\n|\n|upkeep\n|turn|30\n|\n|t:|1782442828\n|move|p2a: 玛姬|Salt Cure|p1a: Slowking\n|-damage|p1a: Slowking|59/100\n|-start|p1a: Slowking|Salt Cure\n|-prepare|p1a: Slowking|Chilly Reception|[premajor]\n|move|p1a: Slowking|Chilly Reception|p1a: Slowking\n|-weather|Snowscape\n|\n|t:|1782442840\n|switch|p1a: Raging Bolt|Raging Bolt|88/100|[from] Chilly Reception\n|\n|-weather|Snowscape|[upkeep]\n|upkeep\n|turn|31\n|\n|t:|1782442844\n|-terastallize|p1a: Raging Bolt|Electric\n|move|p1a: Raging Bolt|Thunderbolt|p2a: 玛姬\n|-damage|p2a: 玛姬|50/100\n|move|p2a: 玛姬|Avalanche|p1a: Raging Bolt\n|-damage|p1a: Raging Bolt|60/100\n|\n|-weather|Snowscape|[upkeep]\n|-end|p2a: 玛姬|move: Future Sight\n|-damage|p2a: 玛姬|22/100\n|-heal|p2a: 玛姬|28/100|[from] item: Leftovers\n|upkeep\n|turn|32\n|\n|t:|1782442858\n|-end|p1a: Raging Bolt|Protosynthesis|[silent]\n|switch|p1a: Slowking|Slowking-Galar, F|92/100\n|switch|p2a: 阿三|Hippowdon, F|44/100\n|-weather|Sandstorm|[from] ability: Sand Stream|[of] p2a: 阿三\n|\n|-weather|Sandstorm|[upkeep]\n|-damage|p1a: Slowking|86/100|[from] Sandstorm\n|-heal|p2a: 阿三|50/100|[from] item: Leftovers\n|upkeep\n|turn|33\n|\n|t:|1782442862\n|move|p2a: 阿三|Slack Off|p2a: 阿三\n|-heal|p2a: 阿三|99/100\n|move|p1a: Slowking|Future Sight|p2a: 阿三\n|-start|p1a: Slowking|move: Future Sight\n|\n|-weather|Sandstorm|[upkeep]\n|-damage|p1a: Slowking|80/100|[from] Sandstorm\n|-heal|p2a: 阿三|100/100|[from] item: Leftovers\n|upkeep\n|turn|34\n|\n|t:|1782442867\n|move|p2a: 阿三|Earthquake|p1a: Slowking\n|-supereffective|p1a: Slowking\n|-damage|p1a: Slowking|0 fnt\n|faint|p1a: Slowking\n|\n|-weather|Sandstorm|[upkeep]\n|upkeep\n|\n|t:|1782442871\n|switch|p1a: Raging Bolt|Raging Bolt, tera:Electric|60/100\n|turn|35\n|-message|Spongenoodles forfeited.\n|\n|win|HYTT_tttt代号中\n|raw|Spongenoodles's rating: 1217 &rarr; <strong>1192</strong><br />(-25 for losing)\n|raw|HYTT_tttt代号中's rating: 1220 &rarr; <strong>1245</strong><br />(+25 for winning)\n|l|☆Spongenoodles\n|player|p1|\n", "uploadtime": 1782442877, "views": 11, "formatid": "gen9ou", "rating": 1192, "private": 0, "password": null}