{"id": "gen9ou-2540688457", "format": "[Gen 9] OU", "players": ["bh.babiri", "penmakaveli"], "log": "|j|☆bh.babiri\n|j|☆penmakaveli\n|t:|1771240530\n|gametype|singles\n|player|p1|bh.babiri|pokemonbreederf-gen4|1687\n|player|p2|penmakaveli|dancer|1544\n|gen|9\n|tier|[Gen 9] OU\n|rated|\n|rule|HP Percentage Mod: HP is shown in percentages\n|rule|Endless Battle Clause: Forcing endless battles is banned\n|rule|Species Clause: Limit one of each Pokémon\n|rule|OHKO Clause: OHKO moves are banned\n|rule|Evasion Items Clause: Evasion items are banned\n|rule|Evasion Moves Clause: Evasion moves are banned\n|rule|Evasion Abilities Clause: Evasion abilities are banned\n|rule|Sleep Moves Clause: Sleep-inducing moves are banned\n|clearpoke\n|poke|p1|Araquanid, M|\n|poke|p1|Enamorus, F|\n|poke|p1|Glimmora, F|\n|poke|p1|Gholdengo|\n|poke|p1|Iron Treads|\n|poke|p1|Darkrai|\n|poke|p2|Ogerpon, F|\n|poke|p2|Samurott-Hisui, M|\n|poke|p2|Gholdengo|\n|poke|p2|Iron Valiant|\n|poke|p2|Great Tusk|\n|poke|p2|Raging Bolt|\n|teampreview\n|inactive|Battle timer is ON: inactive players will automatically lose when time's up. (requested by bh.babiri)\n|\n|t:|1771240549\n|teamsize|p1|6\n|teamsize|p2|6\n|start\n|switch|p1a: Gholdengo|Gholdengo, shiny|100/100\n|switch|p2a: Samurott|Samurott-Hisui, M, shiny|100/100\n|-item|p1a: Gholdengo|Air Balloon\n|turn|1\n|\n|t:|1771240552\n|switch|p1a: Araquanid|Araquanid, M, shiny|100/100\n|move|p2a: Samurott|Ceaseless Edge|p1a: Araquanid\n|-damage|p1a: Araquanid|54/100\n|-sidestart|p1: bh.babiri|Spikes\n|-enditem|p1a: Araquanid|Red Card|[of] p2a: Samurott\n|drag|p2a: Ogerpon|Ogerpon, F|100/100\n|\n|upkeep\n|turn|2\n|inactive|penmakaveli has 120 seconds left.\n|\n|t:|1771240585\n|switch|p1a: Gholdengo|Gholdengo, shiny|100/100\n|-item|p1a: Gholdengo|Air Balloon\n|move|p2a: Ogerpon|Ivy Cudgel|p1a: Gholdengo\n|-resisted|p1a: Gholdengo\n|-damage|p1a: Gholdengo|57/100\n|-enditem|p1a: Gholdengo|Air Balloon\n|\n|upkeep\n|turn|3\n|\n|t:|1771240607\n|-terastallize|p2a: Ogerpon|Grass\n|detailschange|p2a: Ogerpon|Ogerpon-Teal-Tera, F, tera:Grass\n|-ability|p2a: Ogerpon|Embody Aspect (Teal)|boost\n|-boost|p2a: Ogerpon|spe|1\n|move|p2a: Ogerpon|Ivy Cudgel|p1a: Gholdengo\n|-resisted|p1a: Gholdengo\n|-damage|p1a: Gholdengo|2/100\n|move|p1a: Gholdengo|Dazzling Gleam|p2a: Ogerpon\n|-damage|p2a: Ogerpon|64/100\n|\n|upkeep\n|turn|4\n|\n|t:|1771240620\n|move|p2a: Ogerpon|Ivy Cudgel|p1a: Gholdengo\n|-resisted|p1a: Gholdengo\n|-damage|p1a: Gholdengo|0 fnt\n|faint|p1a: Gholdengo\n|\n|upkeep\n|\n|t:|1771240622\n|switch|p1a: Enamorus|Enamorus, F|100/100\n|turn|5\n|\n|t:|1771240631\n|switch|p2a: Gholdengo|Gholdengo|100/100\n|-item|p2a: Gholdengo|Air Balloon\n|move|p1a: Enamorus|Moonblast|p2a: Gholdengo\n|-resisted|p2a: Gholdengo\n|-damage|p2a: Gholdengo|74/100\n|-enditem|p2a: Gholdengo|Air Balloon\n|\n|upkeep\n|turn|6\n|\n|t:|1771240640\n|switch|p1a: Iron Treads|Iron Treads|100/100\n|move|p2a: Gholdengo|Make It Rain|p1a: Iron Treads\n|-resisted|p1a: Iron Treads\n|-damage|p1a: Iron Treads|65/100\n|-unboost|p2a: Gholdengo|spa|1\n|\n|upkeep\n|turn|7\n|\n|t:|1771240649\n|move|p1a: Iron Treads|Rapid Spin|p2a: Gholdengo\n|-immune|p2a: Gholdengo\n|move|p2a: Gholdengo|Shadow Ball|p1a: Iron Treads\n|-damage|p1a: Iron Treads|29/100\n|\n|upkeep\n|turn|8\n|\n|t:|1771240654\n|switch|p2a: Samurott|Samurott-Hisui, M, shiny|100/100\n|move|p1a: Iron Treads|Earthquake|p2a: Samurott\n|-damage|p2a: Samurott|41/100\n|\n|upkeep\n|turn|9\n|\n|t:|1771240664\n|move|p2a: Samurott|Flip Turn|p1a: Iron Treads\n|-supereffective|p1a: Iron Treads\n|-damage|p1a: Iron Treads|0 fnt\n|faint|p1a: Iron Treads\n|-end|p1a: Iron Treads|Quark Drive|[silent]\n|\n|t:|1771240678\n|switch|p2a: Raging Bolt|Raging Bolt|100/100|[from] Flip Turn\n|\n|upkeep\n|\n|t:|1771240684\n|switch|p1a: Darkrai|Darkrai|100/100\n|-damage|p1a: Darkrai|88/100|[from] Spikes\n|turn|10\n|\n|t:|1771240691\n|-end|p2a: Raging Bolt|Protosynthesis|[silent]\n|switch|p2a: Samurott|Samurott-Hisui, M, shiny|41/100\n|move|p1a: Darkrai|Ice Beam|p2a: Samurott\n|-resisted|p2a: Samurott\n|-damage|p2a: Samurott|0 fnt\n|faint|p2a: Samurott\n|\n|upkeep\n|inactive|penmakaveli has 120 seconds left.\n|\n|t:|1771240722\n|switch|p2a: Gholdengo|Gholdengo|74/100\n|turn|11\n|inactive|bh.babiri has 120 seconds left.\n|\n|t:|1771240756\n|move|p1a: Darkrai|Ice Beam|p2a: Gholdengo\n|-resisted|p2a: Gholdengo\n|-damage|p2a: Gholdengo|54/100\n|move|p2a: Gholdengo|Nasty Plot|p2a: Gholdengo\n|-boost|p2a: Gholdengo|spa|2\n|\n|upkeep\n|turn|12\n|\n|t:|1771240763\n|switch|p1a: Glimmora|Glimmora, F, shiny|100/100\n|-damage|p1a: Glimmora|88/100|[from] Spikes\n|move|p2a: Gholdengo|Recover|p2a: Gholdengo\n|-heal|p2a: Gholdengo|100/100\n|\n|upkeep\n|turn|13\n|\n|t:|1771240768\n|move|p1a: Glimmora|Earth Power|p2a: Gholdengo\n|-supereffective|p2a: Gholdengo\n|-damage|p2a: Gholdengo|52/100\n|move|p2a: Gholdengo|Shadow Ball|p1a: Glimmora\n|-damage|p1a: Glimmora|0 fnt\n|faint|p1a: Glimmora\n|\n|upkeep\n|\n|t:|1771240775\n|switch|p1a: Darkrai|Darkrai|88/100\n|-damage|p1a: Darkrai|76/100|[from] Spikes\n|turn|14\n|\n|t:|1771240778\n|switch|p2a: Great Tusk|Great Tusk|100/100\n|move|p1a: Darkrai|Dark Pulse|p2a: Great Tusk\n|-resisted|p2a: Great Tusk\n|-damage|p2a: Great Tusk|52/100\n|\n|upkeep\n|turn|15\n|\n|t:|1771240786\n|-terastallize|p1a: Darkrai|Dark\n|move|p1a: Darkrai|Dark Pulse|p2a: Great Tusk\n|-resisted|p2a: Great Tusk\n|-damage|p2a: Great Tusk|0 fnt\n|faint|p2a: Great Tusk\n|-end|p2a: Great Tusk|Protosynthesis|[silent]\n|\n|upkeep\n|\n|t:|1771240790\n|switch|p2a: Ogerpon|Ogerpon-Teal-Tera, F, tera:Grass|64/100\n|-ability|p2a: Ogerpon|Embody Aspect (Teal)|boost\n|-boost|p2a: Ogerpon|spe|1\n|turn|16\n|\n|t:|1771240815\n|move|p2a: Ogerpon|U-turn|p1a: Darkrai\n|-supereffective|p1a: Darkrai\n|-damage|p1a: Darkrai|0 fnt\n|faint|p1a: Darkrai\n|\n|t:|1771240819\n|switch|p2a: Raging Bolt|Raging Bolt|100/100|[from] U-turn\n|\n|upkeep\n|-message|bh.babiri forfeited.\n|\n|win|penmakaveli\n|raw|bh.babiri's rating: 1687 &rarr; <strong>1659</strong><br />(-28 for losing)\n|raw|penmakaveli's rating: 1544 &rarr; <strong>1572</strong><br />(+28 for winning)\n|l|☆bh.babiri\n|player|p1|\n", "uploadtime": 1771240988, "views": 9, "formatid": "gen9ou", "rating": 1572, "private": 0, "password": null}