{"id": "gen9ou-2639180905", "format": "[Gen 9] OU", "players": ["BigNutJr", "Arshdeep1234"], "log": "|j|☆BigNutJr\n|j|☆Arshdeep1234\n|t:|1782430335\n|gametype|singles\n|player|p1|BigNutJr|265|\n|player|p2|Arshdeep1234|wallace|\n|gen|9\n|tier|[Gen 9] OU\n|rule|HP Percentage Mod: HP is shown in percentages\n|rule|Endless Battle Clause: Forcing endless battles is banned\n|rule|Species Clause: Limit one of each Pokémon\n|rule|OHKO Clause: OHKO moves are banned\n|rule|Evasion Items Clause: Evasion items are banned\n|rule|Evasion Moves Clause: Evasion moves are banned\n|rule|Evasion Abilities Clause: Evasion abilities are banned\n|rule|Sleep Moves Clause: Sleep-inducing moves are banned\n|clearpoke\n|poke|p1|Tornadus-Therian, M|\n|poke|p1|Darkrai|\n|poke|p1|Conkeldurr, F|\n|poke|p1|Dragapult, M|\n|poke|p1|Scream Tail|\n|poke|p1|Bronzong|\n|poke|p2|Ogerpon-Wellspring, F|\n|poke|p2|Sylveon, M|\n|poke|p2|Gholdengo|\n|poke|p2|Gliscor, M|\n|poke|p2|Thundurus, M|\n|poke|p2|Terrakion|\n|teampreview\n|j| Manmeet122502\n|j| Swegnamyte\n|j| averageumar\n|c|☆Arshdeep1234|this gon be a longggggg match\n|c|☆BigNutJr|this is already so hard bro\n|c|☆BigNutJr|I lowkey brought the wrong set\n|c|☆BigNutJr|but no changing it now\n|\n|t:|1782430663\n|teamsize|p1|6\n|teamsize|p2|6\n|start\n|switch|p1a: TheThiccness|Bronzong|100/100\n|switch|p2a: Gliscor|Gliscor, M|100/100\n|turn|1\n|\n|t:|1782430780\n|move|p2a: Gliscor|Knock Off|p1a: TheThiccness\n|-supereffective|p1a: TheThiccness\n|-damage|p1a: TheThiccness|73/100\n|-enditem|p1a: TheThiccness|Leftovers|[from] move: Knock Off|[of] p2a: Gliscor\n|move|p1a: TheThiccness|Stealth Rock|p2a: Gliscor\n|-sidestart|p2: Arshdeep1234|move: Stealth Rock\n|\n|-status|p2a: Gliscor|tox|[from] item: Toxic Orb\n|upkeep\n|turn|2\n|\n|t:|1782430879\n|switch|p1a: MistahKrueger|Darkrai, shiny|100/100\n|move|p2a: Gliscor|Spikes|p1a: MistahKrueger\n|-sidestart|p1: BigNutJr|Spikes\n|\n|upkeep\n|turn|3\n|\n|t:|1782431003\n|switch|p2a: Terrakion|Terrakion|100/100\n|-damage|p2a: Terrakion|94/100|[from] Stealth Rock\n|move|p1a: MistahKrueger|Ice Beam|p2a: Terrakion\n|-damage|p2a: Terrakion|43/100\n|-damage|p1a: MistahKrueger|91/100|[from] item: Life Orb\n|\n|upkeep\n|turn|4\n|c|☆BigNutJr|we are at a critical point\n|c|☆BigNutJr|give me 25 minutes\n|c|☆BigNutJr|dude its so hard\n|c|☆BigNutJr|pause\n|\n|t:|1782431383\n|-terastallize|p1a: MistahKrueger|Ghost\n|move|p1a: MistahKrueger|Ice Beam|p2a: Terrakion\n|-damage|p2a: Terrakion|0 fnt\n|faint|p2a: Terrakion\n|-damage|p1a: MistahKrueger|81/100|[from] item: Life Orb\n|\n|upkeep\n|c|☆BigNutJr|wow\n|c|☆BigNutJr|not choice scarfed\n|c|☆BigNutJr|im so cooked\n|c|☆BigNutJr|chat ask me abt that in the post game interview\n|\n|t:|1782431550\n|switch|p2a: Ogerpon|Ogerpon-Wellspring, F|100/100\n|-damage|p2a: Ogerpon|88/100|[from] Stealth Rock\n|turn|5\n|\n|t:|1782431848\n|switch|p1a: TheThiccness|Bronzong|73/100\n|-terastallize|p2a: Ogerpon|Water\n|detailschange|p2a: Ogerpon|Ogerpon-Wellspring-Tera, F, tera:Water\n|-ability|p2a: Ogerpon|Embody Aspect (Wellspring)|boost\n|-boost|p2a: Ogerpon|spd|1\n|move|p2a: Ogerpon|Swords Dance|p2a: Ogerpon\n|-boost|p2a: Ogerpon|atk|2\n|\n|upkeep\n|turn|6\n|c|☆BigNutJr|oh its over\n|c|☆Arshdeep1234|OHHHH SHIIIIII\n|\n|t:|1782432022\n|move|p2a: Ogerpon|Ivy Cudgel|p1a: TheThiccness|[anim] Ivy Cudgel Water\n|-crit|p1a: TheThiccness\n|-damage|p1a: TheThiccness|0 fnt\n|faint|p1a: TheThiccness\n|\n|upkeep\n|c| Swegnamyte|oh shi\n|c|☆BigNutJr|why is it so fast\n|\n|t:|1782432098\n|switch|p1a: MistahKrueger|Darkrai, shiny, tera:Ghost|81/100\n|-damage|p1a: MistahKrueger|69/100|[from] Spikes\n|turn|7\n|c|☆BigNutJr|what a genius move swords dancing that first turn\n|c|☆BigNutJr|if I chose to attack there the match was genuinely over\n|c|☆BigNutJr|this is why this is the finals\n|c|☆Arshdeep1234|we in the big leagues now\n|\n|t:|1782432213\n|move|p1a: MistahKrueger|Dark Pulse|p2a: Ogerpon\n|-damage|p2a: Ogerpon|46/100\n|-damage|p1a: MistahKrueger|59/100|[from] item: Life Orb\n|move|p2a: Ogerpon|Horn Leech|p1a: MistahKrueger\n|-damage|p1a: MistahKrueger|0 fnt\n|-heal|p2a: Ogerpon|77/100|[from] drain|[of] p1a: MistahKrueger\n|faint|p1a: MistahKrueger\n|\n|upkeep\n|c|☆BigNutJr|WHAT\n|c|☆BigNutJr|GG\n|c| Swegnamyte|Yoooo\n|c|☆BigNutJr|He's genuinely too good\n|\n|t:|1782432242\n|switch|p1a: LockheedDartin|Dragapult, M|100/100\n|-damage|p1a: LockheedDartin|88/100|[from] Spikes\n|turn|8\n|\n|t:|1782432274\n|move|p1a: LockheedDartin|Draco Meteor|p2a: Ogerpon\n|-damage|p2a: Ogerpon|4/100\n|-unboost|p1a: LockheedDartin|spa|2\n|move|p2a: Ogerpon|Knock Off|p1a: LockheedDartin\n|-supereffective|p1a: LockheedDartin\n|-damage|p1a: LockheedDartin|0 fnt\n|-enditem|p1a: LockheedDartin|Choice Specs|[from] move: Knock Off|[of] p2a: Ogerpon\n|faint|p1a: LockheedDartin\n|\n|upkeep\n|c| Swegnamyte|tuff\n|\n|t:|1782432288\n|switch|p1a: Mr.BeatOff|Conkeldurr, F, shiny|100/100\n|-damage|p1a: Mr.BeatOff|88/100|[from] Spikes\n|turn|9\n|c|☆Arshdeep1234|soooooo\n|c|☆BigNutJr|I think its over lol\n|\n|t:|1782432337\n|move|p1a: Mr.BeatOff|Mach Punch|p2a: Ogerpon\n|-damage|p2a: Ogerpon|0 fnt\n|faint|p2a: Ogerpon\n|detailschange|p2: Ogerpon|Ogerpon-Wellspring, F|[silent]\n|\n|-status|p1a: Mr.BeatOff|brn|[from] item: Flame Orb\n|upkeep\n|c|☆BigNutJr|there is a small chance\n|c|☆BigNutJr|very small\n|c|☆BigNutJr|mr beat off got him thinking\n|\n|t:|1782432604\n|switch|p2a: Gholdengo|Gholdengo, shiny|100/100\n|-damage|p2a: Gholdengo|94/100|[from] Stealth Rock\n|turn|10\n|c|☆BigNutJr|hmmmmmm\n|c|☆BigNutJr|no balloon\n|c|☆BigNutJr|what are you cooking\n|c|☆BigNutJr|This is a choice scarf Gholdengo isnt it\n|\n|t:|1782432902\n|move|p2a: Gholdengo|Make It Rain|p1a: Mr.BeatOff\n|-damage|p1a: Mr.BeatOff|13/100 brn\n|-unboost|p2a: Gholdengo|spa|1\n|move|p1a: Mr.BeatOff|Earthquake|p2a: Gholdengo\n|-supereffective|p2a: Gholdengo\n|-damage|p2a: Gholdengo|0 fnt\n|faint|p2a: Gholdengo\n|\n|-damage|p1a: Mr.BeatOff|7/100 brn|[from] brn\n|upkeep\n|c|☆Arshdeep1234|uh oh\n|c|☆BigNutJr|I wish it mattered tho\n|\n|t:|1782433163\n|switch|p2a: Gliscor|Gliscor, M|100/100 tox\n|-damage|p2a: Gliscor|88/100 tox|[from] Stealth Rock\n|turn|11\n|c|☆BigNutJr|I acc cant do anything against this dude\n|\n|t:|1782433198\n|move|p2a: Gliscor|Protect|p2a: Gliscor\n|-singleturn|p2a: Gliscor|Protect\n|move|p1a: Mr.BeatOff|Ice Punch|p2a: Gliscor\n|-activate|p2a: Gliscor|move: Protect\n|\n|-heal|p2a: Gliscor|100/100 tox|[from] ability: Poison Heal\n|-damage|p1a: Mr.BeatOff|1/100 brn|[from] brn\n|upkeep\n|turn|12\n|c|☆BigNutJr|damn\n|c|☆BigNutJr|u knew\n|c|☆Arshdeep1234|WTFFFFFF\n|c|☆BigNutJr|was trying to bait spikes lmao\n|c|☆Arshdeep1234|bro the 1% to live the burn is actually cooking me\n|c|☆BigNutJr|how\n|c|☆BigNutJr|I feel like ur calculating lines I dont even hypothesize\n|\n|t:|1782433339\n|switch|p2a: Sylveon|Sylveon, M|100/100\n|-damage|p2a: Sylveon|88/100|[from] Stealth Rock\n|move|p1a: Mr.BeatOff|Ice Punch|p2a: Sylveon\n|-damage|p2a: Sylveon|51/100\n|\n|-heal|p2a: Sylveon|57/100|[from] item: Leftovers\n|-damage|p1a: Mr.BeatOff|0 fnt|[from] brn\n|faint|p1a: Mr.BeatOff\n|upkeep\n|\n|t:|1782433359\n|switch|p1a: CreamTail|Scream Tail, shiny|100/100\n|-damage|p1a: CreamTail|88/100|[from] Spikes\n|turn|13\n|c|☆BigNutJr|interesting\n|c|☆Arshdeep1234|no booster energy\n|c|☆Arshdeep1234|very interesting\n|c|☆BigNutJr|hmmmmmm\n|c|☆BigNutJr|what could I be running\n|c|☆BigNutJr|ngl I thought it was over but the fact that ur thinking just gave me faith I can win\n|c|☆BigNutJr|I got this chat\n|\n|t:|1782433621\n|move|p1a: CreamTail|Light Screen|p1a: CreamTail\n|-sidestart|p1: BigNutJr|move: Light Screen\n|move|p2a: Sylveon|Wish|p2a: Sylveon\n|\n|-heal|p2a: Sylveon|63/100|[from] item: Leftovers\n|upkeep\n|turn|14\n|\n|t:|1782433636\n|move|p1a: CreamTail|Wish|p1a: CreamTail\n|move|p2a: Sylveon|Hyper Voice|p1a: CreamTail\n|-damage|p1a: CreamTail|76/100\n|\n|-heal|p2a: Sylveon|100/100|[from] move: Wish|[wisher] Sylveon\n|upkeep\n|turn|15\n|c| Manmeet122502|htiler vs epstein rn\n|c|☆Arshdeep1234|idk y i just did that\n|c|☆BigNutJr|lol\n|c|☆BigNutJr|this might come down to a pp battle\n|c|☆BigNutJr|deadass\n|\n|t:|1782433692\n|switch|p2a: Gliscor|Gliscor, M|100/100 tox\n|-damage|p2a: Gliscor|88/100 tox|[from] Stealth Rock\n|move|p1a: CreamTail|Roar|p2a: Gliscor\n|drag|p2a: Sylveon|Sylveon, M|100/100\n|-damage|p2a: Sylveon|88/100|[from] Stealth Rock\n|\n|-heal|p1a: CreamTail|100/100|[from] move: Wish|[wisher] CreamTail\n|-heal|p2a: Sylveon|94/100|[from] item: Leftovers\n|upkeep\n|turn|16\n|c|☆BigNutJr|lol\n|c|☆Arshdeep1234|I see\n|c|☆BigNutJr|u thought u could escape\n|\n|t:|1782433715\n|move|p2a: Sylveon|Wish|p2a: Sylveon\n|move|p1a: CreamTail|Roar|p2a: Sylveon\n|drag|p2a: Thundurus|Thundurus, M|100/100\n|\n|upkeep\n|turn|17\n|\n|t:|1782433737\n|move|p2a: Thundurus|Thunder Wave|p1a: CreamTail\n|-status|p1a: CreamTail|par\n|cant|p1a: CreamTail|par\n|\n|upkeep\n|turn|18\n|c| Swegnamyte|yo it cant be toxic'd now\n|c|☆BigNutJr|ik i was acc thinking that lmao\n|c|☆BigNutJr|was praying he para'd\n|\n|t:|1782433802\n|move|p2a: Thundurus|Taunt|p1a: CreamTail\n|-start|p1a: CreamTail|move: Taunt\n|cant|p1a: CreamTail|move: Taunt|Wish\n|\n|upkeep\n|turn|19\n|c|☆BigNutJr|ok u have taunt its gg\n|c|☆Arshdeep1234|If i was a guessing man\n|c|☆Arshdeep1234|I would say u got zero attacking moves\n|c|☆BigNutJr|guess again\n|c|☆Arshdeep1234|ohhhhhh\n|\n|t:|1782433840\n|move|p2a: Thundurus|Dark Pulse|p1a: CreamTail\n|-damage|p1a: CreamTail|92/100 par\n|-activate|p1a: CreamTail|move: Struggle\n|move|p1a: CreamTail|Struggle|p2a: Thundurus\n|-damage|p2a: Thundurus|91/100\n|-damage|p1a: CreamTail|67/100 par|[from] recoil\n|\n|upkeep\n|turn|20\n|c|☆Arshdeep1234|yikes\n|c|☆BigNutJr|damn that did nothing\n|c|☆BigNutJr|was genuinely relying on that\n|\n|t:|1782433866\n|-end|p1a: CreamTail|Protosynthesis|[silent]\n|switch|p1a: Opium Bird|Tornadus-Therian, M, shiny|100/100\n|move|p2a: Thundurus|Dark Pulse|p1a: Opium Bird\n|-damage|p1a: Opium Bird|84/100\n|\n|-sideend|p1: BigNutJr|move: Light Screen\n|upkeep\n|turn|21\n|c|☆Arshdeep1234|hmmm\n|\n|t:|1782434005\n|move|p2a: Thundurus|Thunder Wave|p1a: Opium Bird|[miss]\n|-miss|p2a: Thundurus|p1a: Opium Bird\n|move|p1a: Opium Bird|U-turn|p2a: Thundurus\n|-resisted|p2a: Thundurus\n|-damage|p2a: Thundurus|80/100\n|c|☆BigNutJr|wow\n|c|☆Arshdeep1234|NOOOOOO\n|\n|t:|1782434011\n|switch|p1a: CreamTail|Scream Tail, shiny|67/100 par|[from] U-turn\n|-damage|p1a: CreamTail|55/100 par|[from] Spikes\n|\n|upkeep\n|turn|22\n|c|☆Arshdeep1234|its calm\n|\n|t:|1782434033\n|-end|p1a: CreamTail|Protosynthesis|[silent]\n|switch|p1a: Opium Bird|Tornadus-Therian, M, shiny|100/100\n|move|p2a: Thundurus|Taunt|p1a: Opium Bird\n|-start|p1a: Opium Bird|move: Taunt\n|\n|upkeep\n|turn|23\n|c|☆Arshdeep1234|damn\n|c|☆Arshdeep1234|shouldve known\n|c| Swegnamyte|🤞crits, burns, paras, internet disconnects?\n|c|☆BigNutJr|suicidal intentions perhaps\n|c| Swegnamyte|💀\n|c|☆BigNutJr|its not over\n|\n|t:|1782434074\n|move|p2a: Thundurus|Thunder Wave|p1a: Opium Bird\n|-status|p1a: Opium Bird|par\n|move|p1a: Opium Bird|Heat Wave|p2a: Thundurus\n|-damage|p2a: Thundurus|43/100\n|\n|upkeep\n|turn|24\n|c|☆BigNutJr|ok its over\n|c|☆BigNutJr|wtf are the evs on this thing\n|c| Swegnamyte|listen man, crits exist\n|c|☆BigNutJr|1 well timed crit\n|c|☆BigNutJr|thats all we need to be back in this game\n|c|☆BigNutJr|1 crit and I win I think\n|c|☆BigNutJr|(and no para, and no future paras, and probably more)\n|c|☆BigNutJr|bro trying to play around the crit rn\n|c|☆BigNutJr|its ok dude just let it happen\n|c|☆BigNutJr|leave the door open just a crack\n|c|☆BigNutJr|its good for viewer retention\n|\n|t:|1782434277\n|move|p2a: Thundurus|Dark Pulse|p1a: Opium Bird\n|-damage|p1a: Opium Bird|66/100 par\n|move|p1a: Opium Bird|Heat Wave|p2a: Thundurus\n|-damage|p2a: Thundurus|4/100\n|\n|-end|p1a: Opium Bird|move: Taunt\n|upkeep\n|turn|25\n|c|☆BigNutJr|NOOO\n|c| Swegnamyte|Wait no electric attack move???\n|c|☆BigNutJr|nah I think ik his pla\n|c|☆BigNutJr|hmmmmmmm I need to think\n|\n|t:|1782434355\n|move|p2a: Thundurus|Volt Switch|p1a: Opium Bird\n|-supereffective|p1a: Opium Bird\n|-damage|p1a: Opium Bird|0 fnt\n|faint|p1a: Opium Bird\n|c|☆BigNutJr|yeah I thought so\n|c|☆BigNutJr|but I had no out\n|c|☆BigNutJr|gg\n|\n|t:|1782434387\n|switch|p2a: Gliscor|Gliscor, M|88/100 tox|[from] Volt Switch\n|-damage|p2a: Gliscor|75/100 tox|[from] Stealth Rock\n|\n|-heal|p2a: Gliscor|88/100 tox|[from] ability: Poison Heal\n|upkeep\n|c| Swegnamyte|rip\n|\n|t:|1782434412\n|switch|p1a: CreamTail|Scream Tail, shiny|55/100 par\n|-damage|p1a: CreamTail|42/100 par|[from] Spikes\n|turn|26\n|\n|t:|1782434416\n|move|p2a: Gliscor|Earthquake|p1a: CreamTail\n|-damage|p1a: CreamTail|12/100 par\n|move|p1a: CreamTail|Wish|p1a: CreamTail\n|\n|-heal|p2a: Gliscor|100/100 tox|[from] ability: Poison Heal\n|upkeep\n|turn|27\n|c|☆Arshdeep1234|fun fact\n|c|☆Arshdeep1234|i dont have toxic\n|\n|t:|1782434426\n|move|p2a: Gliscor|Earthquake|p1a: CreamTail\n|-crit|p1a: CreamTail\n|-damage|p1a: CreamTail|0 fnt\n|faint|p1a: CreamTail\n|-end|p1a: CreamTail|Protosynthesis|[silent]\n|\n|win|Arshdeep1234\n|c|☆BigNutJr|lol\n|c|☆Arshdeep1234|gg\n|c| Swegnamyte|ggs\n", "uploadtime": 1782434434, "views": 22, "formatid": "gen9ou", "rating": null, "private": 0, "password": null}