{"id": "gen9ou-2540559972", "format": "[Gen 9] OU", "players": ["ceo o wo chien", "a very bad gamer"], "log": "|j|☆ceo o wo chien\n|j|☆a very bad gamer\n|t:|1771218076\n|gametype|singles\n|player|p1|ceo o wo chien|1|1709\n|player|p2|a very bad gamer|265|1595\n|gen|9\n|tier|[Gen 9] OU\n|rated|\n|rule|HP Percentage Mod: HP is shown in percentages\n|rule|Endless Battle Clause: Forcing endless battles is banned\n|rule|Species Clause: Limit one of each Pokémon\n|rule|OHKO Clause: OHKO moves are banned\n|rule|Evasion Items Clause: Evasion items are banned\n|rule|Evasion Moves Clause: Evasion moves are banned\n|rule|Evasion Abilities Clause: Evasion abilities are banned\n|rule|Sleep Moves Clause: Sleep-inducing moves are banned\n|clearpoke\n|poke|p1|Primarina, M|\n|poke|p1|Iron Crown|\n|poke|p1|Great Tusk|\n|poke|p1|Wo-Chien|\n|poke|p1|Moltres|\n|poke|p1|Dragapult, F|\n|poke|p2|Rillaboom, F|\n|poke|p2|Heatran, F|\n|poke|p2|Great Tusk|\n|poke|p2|Tornadus-Therian, M|\n|poke|p2|Slowking-Galar, F|\n|poke|p2|Magnezone|\n|teampreview\n|inactive|Battle timer is ON: inactive players will automatically lose when time's up. (requested by ceo o wo chien)\n|inactive|a very bad gamer has 120 seconds left.\n|\n|t:|1771218123\n|teamsize|p1|6\n|teamsize|p2|6\n|start\n|switch|p1a: Dragapult|Dragapult, F|100/100\n|switch|p2a: Tornadus|Tornadus-Therian, M|100/100\n|turn|1\n|\n|t:|1771218133\n|move|p1a: Dragapult|U-turn|p2a: Tornadus\n|-resisted|p2a: Tornadus\n|-damage|p2a: Tornadus|80/100\n|\n|t:|1771218135\n|switch|p1a: Primarina|Primarina, M|100/100|[from] U-turn\n|move|p2a: Tornadus|Knock Off|p1a: Primarina\n|-resisted|p1a: Primarina\n|-damage|p1a: Primarina|86/100\n|-enditem|p1a: Primarina|Custap Berry|[from] move: Knock Off|[of] p2a: Tornadus\n|\n|upkeep\n|turn|2\n|\n|t:|1771218142\n|move|p2a: Tornadus|Bleakwind Storm|p1a: Primarina\n|-damage|p1a: Primarina|48/100\n|move|p1a: Primarina|Surf|p2a: Tornadus\n|-damage|p2a: Tornadus|50/100\n|\n|upkeep\n|turn|3\n|\n|t:|1771218169\n|move|p2a: Tornadus|Bleakwind Storm|p1a: Primarina\n|-damage|p1a: Primarina|15/100\n|move|p1a: Primarina|Surf|p2a: Tornadus\n|-damage|p2a: Tornadus|7/100\n|\n|upkeep\n|turn|4\n|\n|t:|1771218176\n|move|p2a: Tornadus|U-turn|p1a: Primarina\n|-resisted|p1a: Primarina\n|-damage|p1a: Primarina|5/100\n|\n|t:|1771218178\n|switch|p2a: Rillaboom|Rillaboom, F|100/100|[from] U-turn\n|-fieldstart|move: Grassy Terrain|[from] ability: Grassy Surge|[of] p2a: Rillaboom\n|move|p1a: Primarina|Surf|p2a: Rillaboom\n|-resisted|p2a: Rillaboom\n|-damage|p2a: Rillaboom|49/100\n|\n|-heal|p2a: Rillaboom|55/100|[from] Grassy Terrain\n|-heal|p1a: Primarina|12/100|[from] Grassy Terrain\n|upkeep\n|turn|5\n|inactive|ceo o wo chien has 120 seconds left.\n|\n|t:|1771218204\n|switch|p1a: Moltres|Moltres|100/100\n|move|p2a: Rillaboom|Knock Off|p1a: Moltres\n|-damage|p1a: Moltres|60/100\n|-enditem|p1a: Moltres|Heavy-Duty Boots|[from] move: Knock Off|[of] p2a: Rillaboom\n|\n|-heal|p2a: Rillaboom|61/100|[from] Grassy Terrain\n|upkeep\n|turn|6\n|\n|t:|1771218209\n|switch|p2a: Tornadus|Tornadus-Therian, M|40/100\n|move|p1a: Moltres|U-turn|p2a: Tornadus\n|-resisted|p2a: Tornadus\n|-damage|p2a: Tornadus|31/100\n|\n|t:|1771218215\n|switch|p1a: Dragapult|Dragapult, F|100/100|[from] U-turn\n|\n|upkeep\n|turn|7\n|\n|t:|1771218219\n|switch|p2a: Heatran|Heatran, F|100/100\n|-terastallize|p1a: Dragapult|Ghost\n|move|p1a: Dragapult|Tera Blast|p2a: Heatran|[anim] Tera Blast Ghost\n|-damage|p2a: Heatran|28/100\n|\n|-heal|p2a: Heatran|35/100|[from] Grassy Terrain\n|-heal|p2a: Heatran|41/100|[from] item: Leftovers\n|upkeep\n|turn|8\n|\n|t:|1771218230\n|move|p2a: Heatran|Protect|p2a: Heatran\n|-singleturn|p2a: Heatran|Protect\n|move|p1a: Dragapult|Tera Blast|p2a: Heatran|[anim] Tera Blast Ghost\n|-activate|p2a: Heatran|move: Protect\n|\n|-heal|p2a: Heatran|47/100|[from] Grassy Terrain\n|-heal|p2a: Heatran|53/100|[from] item: Leftovers\n|-fieldend|move: Grassy Terrain\n|upkeep\n|turn|9\n|\n|t:|1771218244\n|switch|p2a: Great Tusk|Great Tusk|100/100\n|move|p1a: Dragapult|Tera Blast|p2a: Great Tusk|[anim] Tera Blast Ghost\n|-damage|p2a: Great Tusk|47/100\n|\n|upkeep\n|turn|10\n|\n|t:|1771218253\n|move|p1a: Dragapult|Tera Blast|p2a: Great Tusk|[anim] Tera Blast Ghost\n|-damage|p2a: Great Tusk|0 fnt\n|faint|p2a: Great Tusk\n|-end|p2a: Great Tusk|Protosynthesis|[silent]\n|\n|upkeep\n|\n|t:|1771218258\n|switch|p2a: Slowking|Slowking-Galar, F|100/100\n|turn|11\n|\n|t:|1771218262\n|-terastallize|p2a: Slowking|Fairy\n|move|p1a: Dragapult|Tera Blast|p2a: Slowking|[anim] Tera Blast Ghost\n|-damage|p2a: Slowking|39/100\n|move|p2a: Slowking|Thunder Wave|p1a: Dragapult\n|-status|p1a: Dragapult|par\n|\n|upkeep\n|turn|12\n|\n|t:|1771218275\n|move|p1a: Dragapult|Tera Blast|p2a: Slowking|[anim] Tera Blast Ghost\n|-damage|p2a: Slowking|0 fnt\n|faint|p2a: Slowking\n|\n|upkeep\n|\n|t:|1771218279\n|switch|p2a: Tornadus|Tornadus-Therian, M|64/100\n|turn|13\n|\n|t:|1771218283\n|move|p2a: Tornadus|Knock Off|p1a: Dragapult\n|-supereffective|p1a: Dragapult\n|-damage|p1a: Dragapult|46/100 par\n|-enditem|p1a: Dragapult|Choice Band|[from] move: Knock Off|[of] p2a: Tornadus\n|move|p1a: Dragapult|Tera Blast|p2a: Tornadus|[anim] Tera Blast Ghost\n|-damage|p2a: Tornadus|9/100\n|\n|upkeep\n|turn|14\n|\n|t:|1771218287\n|move|p2a: Tornadus|Bleakwind Storm|p1a: Dragapult\n|-crit|p1a: Dragapult\n|-damage|p1a: Dragapult|0 fnt\n|faint|p1a: Dragapult\n|\n|upkeep\n|\n|t:|1771218291\n|switch|p1a: Moltres|Moltres|60/100\n|turn|15\n|\n|t:|1771218295\n|switch|p2a: Heatran|Heatran, F|53/100\n|move|p1a: Moltres|U-turn|p2a: Heatran\n|-resisted|p2a: Heatran\n|-damage|p2a: Heatran|50/100\n|\n|t:|1771218297\n|switch|p1a: Primarina|Primarina, M|12/100|[from] U-turn\n|\n|-heal|p2a: Heatran|56/100|[from] item: Leftovers\n|upkeep\n|turn|16\n|\n|t:|1771218300\n|switch|p2a: Tornadus|Tornadus-Therian, M|42/100\n|move|p1a: Primarina|Surf|p2a: Tornadus\n|-damage|p2a: Tornadus|0 fnt\n|faint|p2a: Tornadus\n|\n|upkeep\n|\n|t:|1771218303\n|switch|p2a: Rillaboom|Rillaboom, F|61/100\n|-fieldstart|move: Grassy Terrain|[from] ability: Grassy Surge|[of] p2a: Rillaboom\n|turn|17\n|\n|t:|1771218309\n|switch|p2a: Heatran|Heatran, F|56/100\n|switch|p1a: Moltres|Moltres|60/100\n|\n|-heal|p2a: Heatran|63/100|[from] Grassy Terrain\n|-heal|p2a: Heatran|69/100|[from] item: Leftovers\n|upkeep\n|turn|18\n|\n|t:|1771218315\n|move|p2a: Heatran|Magma Storm|p1a: Moltres\n|-resisted|p1a: Moltres\n|-damage|p1a: Moltres|39/100\n|-activate|p1a: Moltres|move: Magma Storm|[of] p2a: Heatran\n|move|p1a: Moltres|Roar|p2a: Heatran\n|drag|p2a: Rillaboom|Rillaboom, F|61/100\n|\n|-heal|p2a: Rillaboom|68/100|[from] Grassy Terrain\n|-end|p1a: Moltres|Magma Storm|[partiallytrapped]|[silent]\n|upkeep\n|turn|19\n|\n|t:|1771218325\n|switch|p2a: Heatran|Heatran, F|69/100\n|move|p1a: Moltres|Roost|p1a: Moltres\n|-heal|p1a: Moltres|90/100\n|-singleturn|p1a: Moltres|move: Roost\n|\n|-heal|p1a: Moltres|96/100|[from] Grassy Terrain\n|-heal|p2a: Heatran|75/100|[from] Grassy Terrain\n|-heal|p2a: Heatran|81/100|[from] item: Leftovers\n|upkeep\n|turn|20\n|\n|t:|1771218328\n|move|p2a: Heatran|Stealth Rock|p1a: Moltres\n|-sidestart|p1: ceo o wo chien|move: Stealth Rock\n|move|p1a: Moltres|Roar|p2a: Heatran\n|drag|p2a: Rillaboom|Rillaboom, F|68/100\n|\n|-heal|p2a: Rillaboom|74/100|[from] Grassy Terrain\n|upkeep\n|turn|21\n|inactive|ceo o wo chien has 120 seconds left.\n|\n|t:|1771218365\n|switch|p2a: Magnezone|Magnezone|100/100\n|move|p1a: Moltres|U-turn|p2a: Magnezone\n|-resisted|p2a: Magnezone\n|-damage|p2a: Magnezone|93/100\n|\n|t:|1771218368\n|switch|p1a: Great Tusk|Great Tusk|100/100|[from] U-turn\n|\n|-heal|p2a: Magnezone|99/100|[from] Grassy Terrain\n|-fieldend|move: Grassy Terrain\n|upkeep\n|turn|22\n|\n|t:|1771218371\n|move|p1a: Great Tusk|Headlong Rush|p2a: Magnezone\n|-supereffective|p2a: Magnezone\n|-damage|p2a: Magnezone|0 fnt\n|-unboost|p1a: Great Tusk|def|1\n|-unboost|p1a: Great Tusk|spd|1\n|faint|p2a: Magnezone\n|\n|upkeep\n|\n|t:|1771218376\n|switch|p2a: Rillaboom|Rillaboom, F|74/100\n|-fieldstart|move: Grassy Terrain|[from] ability: Grassy Surge|[of] p2a: Rillaboom\n|turn|23\n|\n|t:|1771218380\n|-end|p1a: Great Tusk|Protosynthesis|[silent]\n|switch|p1a: Wo-Chien|Wo-Chien|100/100\n|-damage|p1a: Wo-Chien|88/100|[from] Stealth Rock\n|-ability|p1a: Wo-Chien|Tablets of Ruin\n|move|p2a: Rillaboom|Wood Hammer|p1a: Wo-Chien\n|-resisted|p1a: Wo-Chien\n|-damage|p1a: Wo-Chien|56/100\n|-damage|p2a: Rillaboom|62/100|[from] Recoil\n|\n|-heal|p2a: Rillaboom|68/100|[from] Grassy Terrain\n|-heal|p1a: Wo-Chien|62/100|[from] Grassy Terrain\n|-heal|p1a: Wo-Chien|68/100|[from] item: Leftovers\n|upkeep\n|turn|24\n|\n|t:|1771218383\n|switch|p2a: Heatran|Heatran, F|81/100\n|move|p1a: Wo-Chien|Leech Seed|p2a: Heatran\n|-start|p2a: Heatran|move: Leech Seed\n|\n|-heal|p2a: Heatran|88/100|[from] Grassy Terrain\n|-heal|p2a: Heatran|94/100|[from] item: Leftovers\n|-heal|p1a: Wo-Chien|75/100|[from] Grassy Terrain\n|-heal|p1a: Wo-Chien|81/100|[from] item: Leftovers\n|-damage|p2a: Heatran|81/100|[from] Leech Seed|[of] p1a: Wo-Chien\n|-heal|p1a: Wo-Chien|94/100|[silent]\n|upkeep\n|turn|25\n|-message|a very bad gamer forfeited.\n|\n|win|ceo o wo chien\n|raw|ceo o wo chien's rating: 1709 &rarr; <strong>1723</strong><br />(+14 for winning)\n|raw|a very bad gamer's rating: 1595 &rarr; <strong>1581</strong><br />(-14 for losing)\n|l|☆a very bad gamer\n|player|p2|\n", "uploadtime": 1771218557, "views": 16, "formatid": "gen9ou", "rating": 1581, "private": 0, "password": null}