{"id": "gen9ou-2540683897", "format": "[Gen 9] OU", "players": ["jekar", "ace1122334"], "log": "|j|☆jekar\n|j|☆ace1122334\n|t:|1771239773\n|gametype|singles\n|player|p1|jekar|169|1720\n|player|p2|ace1122334|firebreather|1750\n|gen|9\n|tier|[Gen 9] OU\n|rated|\n|rule|HP Percentage Mod: HP is shown in percentages\n|rule|Endless Battle Clause: Forcing endless battles is banned\n|rule|Species Clause: Limit one of each Pokémon\n|rule|OHKO Clause: OHKO moves are banned\n|rule|Evasion Items Clause: Evasion items are banned\n|rule|Evasion Moves Clause: Evasion moves are banned\n|rule|Evasion Abilities Clause: Evasion abilities are banned\n|rule|Sleep Moves Clause: Sleep-inducing moves are banned\n|clearpoke\n|poke|p1|Sandy Shocks|\n|poke|p1|Walking Wake|\n|poke|p1|Samurott-Hisui, M|\n|poke|p1|Iron Valiant|\n|poke|p1|Gholdengo|\n|poke|p1|Dragonite, F|\n|poke|p2|Rillaboom, M|\n|poke|p2|Heatran, F|\n|poke|p2|Hawlucha, F|\n|poke|p2|Ogerpon-Wellspring, F|\n|poke|p2|Hatterene, F|\n|poke|p2|Great Tusk|\n|teampreview\n|inactive|Battle timer is ON: inactive players will automatically lose when time's up. (requested by ace1122334)\n|inactive|ace1122334 has 120 seconds left.\n|\n|t:|1771239805\n|teamsize|p1|6\n|teamsize|p2|6\n|start\n|switch|p1a: Samurott|Samurott-Hisui, M|100/100\n|switch|p2a: Great Tusk|Great Tusk|100/100\n|-enditem|p2a: Great Tusk|Booster Energy\n|-activate|p2a: Great Tusk|ability: Protosynthesis|[fromitem]\n|-start|p2a: Great Tusk|protosynthesisspe\n|turn|1\n|\n|t:|1771239818\n|move|p2a: Great Tusk|Bulk Up|p2a: Great Tusk\n|-boost|p2a: Great Tusk|atk|1\n|-boost|p2a: Great Tusk|def|1\n|move|p1a: Samurott|Surf|p2a: Great Tusk\n|-supereffective|p2a: Great Tusk\n|-damage|p2a: Great Tusk|25/100\n|\n|upkeep\n|turn|2\n|\n|t:|1771239823\n|move|p2a: Great Tusk|Headlong Rush|p1a: Samurott\n|-enditem|p1a: Samurott|Focus Sash\n|-damage|p1a: Samurott|1/100\n|-unboost|p2a: Great Tusk|def|1\n|-unboost|p2a: Great Tusk|spd|1\n|move|p1a: Samurott|Ceaseless Edge|p2a: Great Tusk\n|-resisted|p2a: Great Tusk\n|-damage|p2a: Great Tusk|10/100\n|-sidestart|p2: ace1122334|Spikes\n|\n|upkeep\n|turn|3\n|\n|t:|1771239834\n|move|p1a: Samurott|Aqua Jet|p2a: Great Tusk\n|-supereffective|p2a: Great Tusk\n|-damage|p2a: Great Tusk|0 fnt\n|faint|p2a: Great Tusk\n|-end|p2a: Great Tusk|Protosynthesis|[silent]\n|\n|upkeep\n|\n|t:|1771239840\n|switch|p2a: Rillaboom|Rillaboom, M|100/100\n|-damage|p2a: Rillaboom|88/100|[from] Spikes\n|-fieldstart|move: Grassy Terrain|[from] ability: Grassy Surge|[of] p2a: Rillaboom\n|turn|4\n|\n|t:|1771239844\n|move|p2a: Rillaboom|Grassy Glide|p1a: Samurott\n|-supereffective|p1a: Samurott\n|-damage|p1a: Samurott|0 fnt\n|faint|p1a: Samurott\n|\n|-heal|p2a: Rillaboom|94/100|[from] Grassy Terrain\n|upkeep\n|j| donothan dozo\n|\n|t:|1771239854\n|switch|p1a: Gholdengo|Gholdengo|100/100\n|-item|p1a: Gholdengo|Air Balloon\n|turn|5\n|j| nonchalantbufalant\n|\n|t:|1771239863\n|move|p1a: Gholdengo|Shadow Ball|p2a: Rillaboom\n|-damage|p2a: Rillaboom|46/100\n|move|p2a: Rillaboom|Knock Off|p1a: Gholdengo\n|-supereffective|p1a: Gholdengo\n|-damage|p1a: Gholdengo|20/100\n|-enditem|p1a: Gholdengo|Air Balloon\n|\n|-heal|p1a: Gholdengo|27/100|[from] Grassy Terrain\n|-heal|p2a: Rillaboom|53/100|[from] Grassy Terrain\n|upkeep\n|turn|6\n|\n|t:|1771239868\n|switch|p2a: Heatran|Heatran, F|100/100\n|-item|p2a: Heatran|Air Balloon\n|move|p1a: Gholdengo|Make It Rain|p2a: Heatran\n|-resisted|p2a: Heatran\n|-damage|p2a: Heatran|90/100\n|-unboost|p1a: Gholdengo|spa|1\n|-enditem|p2a: Heatran|Air Balloon\n|\n|-heal|p1a: Gholdengo|33/100|[from] Grassy Terrain\n|-heal|p2a: Heatran|96/100|[from] Grassy Terrain\n|upkeep\n|turn|7\n|\n|t:|1771239880\n|move|p1a: Gholdengo|Focus Blast|p2a: Heatran\n|-supereffective|p2a: Heatran\n|-damage|p2a: Heatran|60/100\n|move|p2a: Heatran|Stealth Rock|p1a: Gholdengo\n|-sidestart|p1: jekar|move: Stealth Rock\n|\n|-heal|p1a: Gholdengo|39/100|[from] Grassy Terrain\n|-heal|p2a: Heatran|66/100|[from] Grassy Terrain\n|upkeep\n|turn|8\n|\n|t:|1771239889\n|switch|p1a: Walking Wake|Walking Wake|100/100\n|-damage|p1a: Walking Wake|88/100|[from] Stealth Rock\n|-enditem|p1a: Walking Wake|Booster Energy\n|-activate|p1a: Walking Wake|ability: Protosynthesis|[fromitem]\n|-start|p1a: Walking Wake|protosynthesisspa\n|move|p2a: Heatran|Earth Power|p1a: Walking Wake\n|-damage|p1a: Walking Wake|57/100\n|\n|-heal|p1a: Walking Wake|64/100|[from] Grassy Terrain\n|-heal|p2a: Heatran|72/100|[from] Grassy Terrain\n|upkeep\n|turn|9\n|\n|t:|1771239898\n|move|p1a: Walking Wake|Substitute|p1a: Walking Wake\n|-start|p1a: Walking Wake|Substitute\n|-damage|p1a: Walking Wake|39/100\n|move|p2a: Heatran|Earth Power|p1a: Walking Wake\n|-end|p1a: Walking Wake|Substitute\n|\n|-heal|p1a: Walking Wake|45/100|[from] Grassy Terrain\n|-heal|p2a: Heatran|78/100|[from] Grassy Terrain\n|upkeep\n|turn|10\n|\n|t:|1771239903\n|move|p1a: Walking Wake|Surf|p2a: Heatran\n|-supereffective|p2a: Heatran\n|-damage|p2a: Heatran|0 fnt\n|faint|p2a: Heatran\n|\n|-heal|p1a: Walking Wake|51/100|[from] Grassy Terrain\n|upkeep\n|\n|t:|1771239912\n|switch|p2a: Hatterene|Hatterene, F|100/100\n|-damage|p2a: Hatterene|88/100|[from] Spikes\n|-enditem|p2a: Hatterene|Grassy Seed\n|-boost|p2a: Hatterene|def|1|[from] item: Grassy Seed\n|turn|11\n|j| heatraniac\n|\n|t:|1771239919\n|move|p1a: Walking Wake|Surf|p2a: Hatterene\n|-damage|p2a: Hatterene|21/100\n|move|p2a: Hatterene|Draining Kiss|p1a: Walking Wake\n|-supereffective|p1a: Walking Wake\n|-damage|p1a: Walking Wake|0 fnt\n|-heal|p2a: Hatterene|62/100|[from] drain|[of] p1a: Walking Wake\n|faint|p1a: Walking Wake\n|-end|p1a: Walking Wake|Protosynthesis|[silent]\n|\n|-heal|p2a: Hatterene|68/100|[from] Grassy Terrain\n|-fieldend|move: Grassy Terrain\n|upkeep\n|\n|t:|1771239925\n|switch|p1a: Gholdengo|Gholdengo|39/100\n|-damage|p1a: Gholdengo|33/100|[from] Stealth Rock\n|turn|12\n|\n|t:|1771239937\n|move|p1a: Gholdengo|Shadow Ball|p2a: Hatterene\n|-supereffective|p2a: Hatterene\n|-damage|p2a: Hatterene|0 fnt\n|faint|p2a: Hatterene\n|\n|upkeep\n|\n|t:|1771239942\n|switch|p2a: Rillaboom|Rillaboom, M|53/100\n|-damage|p2a: Rillaboom|40/100|[from] Spikes\n|-fieldstart|move: Grassy Terrain|[from] ability: Grassy Surge|[of] p2a: Rillaboom\n|turn|13\n|\n|t:|1771239953\n|move|p2a: Rillaboom|Grassy Glide|p1a: Gholdengo\n|-resisted|p1a: Gholdengo\n|-damage|p1a: Gholdengo|9/100\n|move|p1a: Gholdengo|Nasty Plot|p1a: Gholdengo\n|-boost|p1a: Gholdengo|spa|2\n|\n|-heal|p1a: Gholdengo|15/100|[from] Grassy Terrain\n|-heal|p2a: Rillaboom|46/100|[from] Grassy Terrain\n|upkeep\n|turn|14\n|\n|t:|1771239957\n|move|p2a: Rillaboom|Grassy Glide|p1a: Gholdengo\n|-resisted|p1a: Gholdengo\n|-damage|p1a: Gholdengo|0 fnt\n|faint|p1a: Gholdengo\n|\n|-heal|p2a: Rillaboom|52/100|[from] Grassy Terrain\n|upkeep\n|\n|t:|1771239966\n|switch|p1a: Dragonite|Dragonite, F|100/100\n|turn|15\n|j| Venom15\n|\n|t:|1771239970\n|move|p1a: Dragonite|Dragon Dance|p1a: Dragonite\n|-boost|p1a: Dragonite|atk|1\n|-boost|p1a: Dragonite|spe|1\n|move|p2a: Rillaboom|U-turn|p1a: Dragonite\n|-resisted|p1a: Dragonite\n|-damage|p1a: Dragonite|94/100\n|\n|t:|1771239973\n|switch|p2a: Hawlucha|Hawlucha, F|100/100|[from] U-turn\n|-enditem|p2a: Hawlucha|Grassy Seed\n|-boost|p2a: Hawlucha|def|1|[from] item: Grassy Seed\n|\n|upkeep\n|turn|16\n|\n|t:|1771239984\n|move|p2a: Hawlucha|Swords Dance|p2a: Hawlucha\n|-boost|p2a: Hawlucha|atk|2\n|move|p1a: Dragonite|Dragon Claw|p2a: Hawlucha\n|-damage|p2a: Hawlucha|40/100\n|\n|upkeep\n|turn|17\n|\n|t:|1771239991\n|-terastallize|p1a: Dragonite|Normal\n|move|p2a: Hawlucha|Acrobatics|p1a: Dragonite\n|-damage|p1a: Dragonite|0 fnt\n|faint|p1a: Dragonite\n|\n|upkeep\n|-message|jekar forfeited.\n|\n|win|ace1122334\n|raw|jekar's rating: 1720 &rarr; <strong>1702</strong><br />(-18 for losing)\n|raw|ace1122334's rating: 1750 &rarr; <strong>1768</strong><br />(+18 for winning)\n|l|☆jekar\n|player|p1|\n|l|☆ace1122334\n|player|p2|\n|c| Venom15|Mindgames huh\n|l| Venom15\n|l| donothan dozo\n", "uploadtime": 1771240171, "views": 8, "formatid": "gen9ou", "rating": 1702, "private": 0, "password": null}