{"id": "gen9ou-2639275829", "format": "[Gen 9] OU", "players": ["msean3", "firecharmander004"], "log": "|j|‽msean3\n|j|☆firecharmander004\n|t:|1782444350\n|gametype|singles\n|player|p1|msean3|101|1526\n|player|p2|firecharmander004|265|1531\n|gen|9\n|tier|[Gen 9] OU\n|rated|\n|rule|HP Percentage Mod: HP is shown in percentages\n|rule|Endless Battle Clause: Forcing endless battles is banned\n|rule|Species Clause: Limit one of each Pokémon\n|rule|OHKO Clause: OHKO moves are banned\n|rule|Evasion Items Clause: Evasion items are banned\n|rule|Evasion Moves Clause: Evasion moves are banned\n|rule|Evasion Abilities Clause: Evasion abilities are banned\n|rule|Sleep Moves Clause: Sleep-inducing moves are banned\n|clearpoke\n|poke|p1|Iron Valiant|\n|poke|p1|Excadrill, M|\n|poke|p1|Tyranitar, M|\n|poke|p1|Tornadus-Therian, M|\n|poke|p1|Ogerpon-Cornerstone, F|\n|poke|p1|Toxapex, F|\n|poke|p2|Raging Bolt|\n|poke|p2|Great Tusk|\n|poke|p2|Gholdengo|\n|poke|p2|Ogerpon-Wellspring, F|\n|poke|p2|Alomomola, F|\n|poke|p2|Darkrai|\n|teampreview\n|\n|t:|1782444369\n|teamsize|p1|6\n|teamsize|p2|6\n|start\n|switch|p1a: Tyranitar|Tyranitar, M|100/100\n|switch|p2a: t-clap em cheeks|Raging Bolt|100/100\n|-weather|Sandstorm|[from] ability: Sand Stream|[of] p1a: Tyranitar\n|turn|1\n|\n|t:|1782444384\n|-end|p2a: t-clap em cheeks|Protosynthesis|[silent]\n|switch|p2a: elephantintheroom|Great Tusk|100/100\n|move|p1a: Tyranitar|Stealth Rock|p2a: elephantintheroom\n|-sidestart|p2: firecharmander004|move: Stealth Rock\n|\n|-weather|Sandstorm|[upkeep]\n|upkeep\n|turn|2\n|\n|t:|1782444393\n|switch|p1a: Toxapex|Toxapex, F|100/100\n|move|p2a: elephantintheroom|Stealth Rock|p1a: Toxapex\n|-sidestart|p1: msean3|move: Stealth Rock\n|\n|-weather|Sandstorm|[upkeep]\n|-damage|p1a: Toxapex|94/100|[from] Sandstorm\n|upkeep\n|turn|3\n|\n|t:|1782444403\n|move|p2a: elephantintheroom|Rapid Spin|p1a: Toxapex\n|-damage|p1a: Toxapex|80/100\n|-boost|p2a: elephantintheroom|spe|1\n|-sideend|p2: firecharmander004|Stealth Rock|[from] move: Rapid Spin|[of] p2a: elephantintheroom\n|-enditem|p1a: Toxapex|Eject Button\n|\n|t:|1782444408\n|switch|p1a: Iron Valiant|Iron Valiant|100/100\n|-damage|p1a: Iron Valiant|94/100|[from] Stealth Rock\n|\n|-weather|Sandstorm|[upkeep]\n|-damage|p1a: Iron Valiant|88/100|[from] Sandstorm\n|upkeep\n|turn|4\n|\n|t:|1782444429\n|-end|p2a: elephantintheroom|Protosynthesis|[silent]\n|switch|p2a: i love hazards|Gholdengo|100/100\n|-item|p2a: i love hazards|Air Balloon\n|move|p1a: Iron Valiant|Moonblast|p2a: i love hazards\n|-resisted|p2a: i love hazards\n|-damage|p2a: i love hazards|61/100\n|-enditem|p2a: i love hazards|Air Balloon\n|\n|-weather|Sandstorm|[upkeep]\n|-damage|p1a: Iron Valiant|82/100|[from] Sandstorm\n|upkeep\n|turn|5\n|inactive|Battle timer is ON: inactive players will automatically lose when time's up. (requested by msean3)\n|\n|t:|1782444446\n|-end|p1a: Iron Valiant|Quark Drive|[silent]\n|switch|p1a: Excadrill|Excadrill, M|100/100\n|-damage|p1a: Excadrill|97/100|[from] Stealth Rock\n|move|p2a: i love hazards|Make It Rain|p1a: Excadrill\n|-resisted|p1a: Excadrill\n|-damage|p1a: Excadrill|57/100\n|-unboost|p2a: i love hazards|spa|1\n|\n|-weather|Sandstorm|[upkeep]\n|-heal|p1a: Excadrill|63/100|[from] item: Leftovers\n|upkeep\n|turn|6\n|\n|t:|1782444458\n|switch|p2a: pinkacross gf|Alomomola, F|100/100\n|move|p1a: Excadrill|Earthquake|p2a: pinkacross gf\n|-damage|p2a: pinkacross gf|69/100\n|\n|-weather|Sandstorm|[upkeep]\n|-damage|p2a: pinkacross gf|63/100|[from] Sandstorm\n|-heal|p1a: Excadrill|69/100|[from] item: Leftovers\n|upkeep\n|turn|7\n|\n|t:|1782444467\n|move|p1a: Excadrill|Rapid Spin|p2a: pinkacross gf\n|-damage|p2a: pinkacross gf|53/100\n|-boost|p1a: Excadrill|spe|1\n|-sideend|p1: msean3|Stealth Rock|[from] move: Rapid Spin|[of] p1a: Excadrill\n|move|p2a: pinkacross gf|Flip Turn|p1a: Excadrill\n|-supereffective|p1a: Excadrill\n|-damage|p1a: Excadrill|18/100\n|\n|t:|1782444477\n|switch|p2a: elephantintheroom|Great Tusk|100/100|[from] Flip Turn\n|\n|-weather|Sandstorm|[upkeep]\n|-heal|p1a: Excadrill|24/100|[from] item: Leftovers\n|upkeep\n|turn|8\n|\n|t:|1782444484\n|switch|p1a: Tornadus|Tornadus-Therian, M|100/100\n|move|p2a: elephantintheroom|Headlong Rush|p1a: Tornadus\n|-immune|p1a: Tornadus\n|\n|-weather|none\n|upkeep\n|turn|9\n|\n|t:|1782444496\n|switch|p1a: Iron Valiant|Iron Valiant|82/100\n|-end|p2a: elephantintheroom|Protosynthesis|[silent]\n|switch|p2a: t-clap em cheeks|Raging Bolt|100/100\n|\n|upkeep\n|turn|10\n|\n|t:|1782444507\n|move|p2a: t-clap em cheeks|Thunderclap|p1a: Iron Valiant\n|-damage|p1a: Iron Valiant|5/100\n|move|p1a: Iron Valiant|Moonblast|p2a: t-clap em cheeks\n|-supereffective|p2a: t-clap em cheeks\n|-damage|p2a: t-clap em cheeks|27/100\n|-unboost|p2a: t-clap em cheeks|spa|1\n|\n|upkeep\n|turn|11\n|\n|t:|1782444533\n|-end|p1a: Iron Valiant|Quark Drive|[silent]\n|switch|p1a: Tyranitar|Tyranitar, M|100/100\n|-weather|Sandstorm|[from] ability: Sand Stream|[of] p1a: Tyranitar\n|-end|p2a: t-clap em cheeks|Protosynthesis|[silent]\n|switch|p2a: pinkacross gf|Alomomola, F|87/100\n|\n|-weather|Sandstorm|[upkeep]\n|-damage|p2a: pinkacross gf|80/100|[from] Sandstorm\n|upkeep\n|turn|12\n|\n|t:|1782444547\n|move|p1a: Tyranitar|Stealth Rock|p2a: pinkacross gf\n|-sidestart|p2: firecharmander004|move: Stealth Rock\n|move|p2a: pinkacross gf|Wish|p2a: pinkacross gf\n|\n|-weather|Sandstorm|[upkeep]\n|-damage|p2a: pinkacross gf|74/100|[from] Sandstorm\n|upkeep\n|turn|13\n|\n|t:|1782444552\n|move|p1a: Tyranitar|Knock Off|p2a: pinkacross gf\n|-damage|p2a: pinkacross gf|44/100\n|-enditem|p2a: pinkacross gf|Heavy-Duty Boots|[from] move: Knock Off|[of] p1a: Tyranitar\n|move|p2a: pinkacross gf|Flip Turn|p1a: Tyranitar\n|-supereffective|p1a: Tyranitar\n|-damage|p1a: Tyranitar|69/100\n|\n|t:|1782444562\n|switch|p2a: t-clap em cheeks|Raging Bolt|27/100|[from] Flip Turn\n|-damage|p2a: t-clap em cheeks|15/100|[from] Stealth Rock\n|\n|-weather|Sandstorm|[upkeep]\n|-damage|p2a: t-clap em cheeks|8/100|[from] Sandstorm\n|-heal|p2a: t-clap em cheeks|72/100|[from] move: Wish|[wisher] pinkacross gf\n|upkeep\n|turn|14\n|\n|t:|1782444574\n|-end|p2a: t-clap em cheeks|Protosynthesis|[silent]\n|switch|p2a: elephantintheroom|Great Tusk|100/100\n|move|p1a: Tyranitar|Ice Punch|p2a: elephantintheroom\n|-supereffective|p2a: elephantintheroom\n|-damage|p2a: elephantintheroom|57/100\n|-status|p2a: elephantintheroom|frz\n|\n|-weather|Sandstorm|[upkeep]\n|upkeep\n|turn|15\n|\n|t:|1782444584\n|cant|p2a: elephantintheroom|frz\n|move|p1a: Tyranitar|Ice Punch|p2a: elephantintheroom\n|-supereffective|p2a: elephantintheroom\n|-damage|p2a: elephantintheroom|13/100 frz\n|\n|-weather|Sandstorm|[upkeep]\n|upkeep\n|turn|16\n|\n|t:|1782444588\n|cant|p2a: elephantintheroom|frz\n|move|p1a: Tyranitar|Ice Punch|p2a: elephantintheroom\n|-supereffective|p2a: elephantintheroom\n|-damage|p2a: elephantintheroom|0 fnt\n|faint|p2a: elephantintheroom\n|-end|p2a: elephantintheroom|Protosynthesis|[silent]\n|\n|-weather|Sandstorm|[upkeep]\n|upkeep\n|c|☆firecharmander004|love rng\n|\n|t:|1782444601\n|switch|p2a: eats mola 4 lunch|Ogerpon-Wellspring, F|100/100\n|-damage|p2a: eats mola 4 lunch|88/100|[from] Stealth Rock\n|turn|17\n|\n|t:|1782444609\n|switch|p1a: Toxapex|Toxapex, F|100/100\n|move|p2a: eats mola 4 lunch|Swords Dance|p2a: eats mola 4 lunch\n|-boost|p2a: eats mola 4 lunch|atk|2\n|\n|-weather|Sandstorm|[upkeep]\n|-damage|p2a: eats mola 4 lunch|82/100|[from] Sandstorm\n|-damage|p1a: Toxapex|94/100|[from] Sandstorm\n|upkeep\n|turn|18\n|\n|t:|1782444622\n|move|p2a: eats mola 4 lunch|Power Whip|p1a: Toxapex\n|-damage|p1a: Toxapex|0 fnt\n|faint|p1a: Toxapex\n|\n|-weather|none\n|upkeep\n|\n|t:|1782444626\n|switch|p1a: Tornadus|Tornadus-Therian, M|100/100\n|turn|19\n|\n|t:|1782444642\n|-terastallize|p2a: eats mola 4 lunch|Water\n|detailschange|p2a: eats mola 4 lunch|Ogerpon-Wellspring-Tera, F, tera:Water\n|-ability|p2a: eats mola 4 lunch|Embody Aspect (Wellspring)|boost\n|-boost|p2a: eats mola 4 lunch|spd|1\n|move|p1a: Tornadus|Bleakwind Storm|p2a: eats mola 4 lunch|[miss]\n|-miss|p1a: Tornadus|p2a: eats mola 4 lunch\n|move|p2a: eats mola 4 lunch|Ivy Cudgel|p1a: Tornadus|[anim] Ivy Cudgel Water\n|-damage|p1a: Tornadus|0 fnt\n|faint|p1a: Tornadus\n|\n|upkeep\n|inactive|msean3 has 120 seconds left.\n|\n|t:|1782444677\n|switch|p1a: Iron Valiant|Iron Valiant|5/100\n|turn|20\n|\n|t:|1782444681\n|move|p1a: Iron Valiant|Thunderbolt|p2a: eats mola 4 lunch\n|-supereffective|p2a: eats mola 4 lunch\n|-damage|p2a: eats mola 4 lunch|10/100\n|-status|p2a: eats mola 4 lunch|par\n|move|p2a: eats mola 4 lunch|Ivy Cudgel|p1a: Iron Valiant|[anim] Ivy Cudgel Water\n|-crit|p1a: Iron Valiant\n|-damage|p1a: Iron Valiant|0 fnt\n|faint|p1a: Iron Valiant\n|-end|p1a: Iron Valiant|Quark Drive|[silent]\n|\n|upkeep\n|inactive|msean3 has 120 seconds left.\n|\n|t:|1782444714\n|switch|p1a: Ogerpon|Ogerpon-Cornerstone, F|100/100\n|turn|21\n|\n|t:|1782444716\n|move|p1a: Ogerpon|Ivy Cudgel|p2a: eats mola 4 lunch|[anim] Ivy Cudgel Rock\n|-damage|p2a: eats mola 4 lunch|0 fnt\n|faint|p2a: eats mola 4 lunch\n|detailschange|p2: eats mola 4 lunch|Ogerpon-Wellspring, F|[silent]\n|\n|upkeep\n|\n|t:|1782444723\n|switch|p2a: t-clap em cheeks|Raging Bolt|72/100\n|-damage|p2a: t-clap em cheeks|60/100|[from] Stealth Rock\n|turn|22\n|inactive|msean3 has 120 seconds left.\n|\n|t:|1782444734\n|switch|p1a: Tyranitar|Tyranitar, M|69/100\n|-weather|Sandstorm|[from] ability: Sand Stream|[of] p1a: Tyranitar\n|move|p2a: t-clap em cheeks|Draco Meteor|p1a: Tyranitar\n|-damage|p1a: Tyranitar|14/100\n|-unboost|p2a: t-clap em cheeks|spa|2\n|\n|-weather|Sandstorm|[upkeep]\n|-damage|p2a: t-clap em cheeks|54/100|[from] Sandstorm\n|upkeep\n|turn|23\n|\n|t:|1782444745\n|move|p1a: Tyranitar|Knock Off|p2a: t-clap em cheeks\n|-damage|p2a: t-clap em cheeks|1/100\n|-enditem|p2a: t-clap em cheeks|Assault Vest|[from] move: Knock Off|[of] p1a: Tyranitar\n|move|p2a: t-clap em cheeks|Volt Switch|p1a: Tyranitar\n|-damage|p1a: Tyranitar|0 fnt\n|faint|p1a: Tyranitar\n|\n|t:|1782444756\n|-end|p2a: t-clap em cheeks|Protosynthesis|[silent]\n|switch|p2a: i love hazards|Gholdengo|61/100|[from] Volt Switch\n|-damage|p2a: i love hazards|55/100|[from] Stealth Rock\n|\n|-weather|Sandstorm|[upkeep]\n|upkeep\n|inactive|msean3 has 120 seconds left.\n|\n|t:|1782444779\n|switch|p1a: Excadrill|Excadrill, M|24/100\n|turn|24\n|\n|t:|1782444792\n|switch|p2a: t-clap em cheeks|Raging Bolt|1/100\n|-damage|p2a: t-clap em cheeks|0 fnt|[from] Stealth Rock\n|faint|p2a: t-clap em cheeks\n|-end|p2a: t-clap em cheeks|Protosynthesis|[silent]\n|move|p1a: Excadrill|Earthquake|p2: t-clap em cheeks|[notarget]\n|-fail|p1a: Excadrill\n|\n|-weather|Sandstorm|[upkeep]\n|-heal|p1a: Excadrill|30/100|[from] item: Leftovers\n|upkeep\n|\n|t:|1782444797\n|switch|p2a: pinkacross gf|Alomomola, F|77/100\n|-damage|p2a: pinkacross gf|65/100|[from] Stealth Rock\n|turn|25\n|\n|t:|1782444812\n|move|p1a: Excadrill|Earthquake|p2a: pinkacross gf\n|-damage|p2a: pinkacross gf|32/100\n|move|p2a: pinkacross gf|Flip Turn|p1a: Excadrill\n|-supereffective|p1a: Excadrill\n|-damage|p1a: Excadrill|0 fnt\n|faint|p1a: Excadrill\n|\n|t:|1782444818\n|switch|p2a: i love hazards|Gholdengo|55/100|[from] Flip Turn\n|-damage|p2a: i love hazards|49/100|[from] Stealth Rock\n|\n|-weather|Sandstorm|[upkeep]\n|upkeep\n|\n|t:|1782444821\n|switch|p1a: Ogerpon|Ogerpon-Cornerstone, F|100/100\n|turn|26\n|\n|t:|1782444823\n|move|p1a: Ogerpon|Knock Off|p2a: i love hazards\n|-supereffective|p2a: i love hazards\n|-damage|p2a: i love hazards|0 fnt\n|faint|p2a: i love hazards\n|\n|-weather|Sandstorm|[upkeep]\n|upkeep\n|\n|t:|1782444842\n|switch|p2a: my nightmares|Darkrai|100/100\n|-damage|p2a: my nightmares|88/100|[from] Stealth Rock\n|turn|27\n|\n|t:|1782444855\n|move|p2a: my nightmares|Ice Beam|p1a: Ogerpon\n|-supereffective|p1a: Ogerpon\n|-damage|p1a: Ogerpon|52/100\n|-status|p1a: Ogerpon|frz\n|cant|p1a: Ogerpon|frz\n|\n|-weather|Sandstorm|[upkeep]\n|-damage|p2a: my nightmares|82/100|[from] Sandstorm\n|upkeep\n|turn|28\n|\n|t:|1782444860\n|-terastallize|p1a: Ogerpon|Rock\n|detailschange|p1a: Ogerpon|Ogerpon-Cornerstone-Tera, F, tera:Rock\n|-ability|p1a: Ogerpon|Embody Aspect (Cornerstone)|boost\n|-boost|p1a: Ogerpon|def|1\n|move|p2a: my nightmares|Ice Beam|p1a: Ogerpon\n|-damage|p1a: Ogerpon|26/100 frz\n|cant|p1a: Ogerpon|frz\n|\n|-weather|Sandstorm|[upkeep]\n|-damage|p2a: my nightmares|76/100|[from] Sandstorm\n|upkeep\n|turn|29\n|\n|t:|1782444867\n|move|p2a: my nightmares|Ice Beam|p1a: Ogerpon\n|-crit|p1a: Ogerpon\n|-damage|p1a: Ogerpon|0 fnt\n|faint|p1a: Ogerpon\n|detailschange|p1: Ogerpon|Ogerpon-Cornerstone, F|[silent]\n|\n|win|firecharmander004\n|raw|msean3's rating: 1533 &rarr; <strong>1513</strong><br />(-20 for losing)\n|raw|firecharmander004's rating: 1531 &rarr; <strong>1551</strong><br />(+20 for winning)\n|c|☆firecharmander004|karma\n", "uploadtime": 1782444881, "views": 6, "formatid": "gen9ou", "rating": 1513, "private": 0, "password": null}