{"id": "gen9ou-2540759345", "format": "[Gen 9] OU", "players": ["motismascarf", "ylilith"], "log": "|j|☆motismascarf\n|j|☆ylilith\n|t:|1771250747\n|gametype|singles\n|player|p1|motismascarf|265|1606\n|player|p2|ylilith|parasollady|1651\n|gen|9\n|tier|[Gen 9] OU\n|rated|\n|rule|HP Percentage Mod: HP is shown in percentages\n|rule|Endless Battle Clause: Forcing endless battles is banned\n|rule|Species Clause: Limit one of each Pokémon\n|rule|OHKO Clause: OHKO moves are banned\n|rule|Evasion Items Clause: Evasion items are banned\n|rule|Evasion Moves Clause: Evasion moves are banned\n|rule|Evasion Abilities Clause: Evasion abilities are banned\n|rule|Sleep Moves Clause: Sleep-inducing moves are banned\n|clearpoke\n|poke|p1|Landorus-Therian, M|\n|poke|p1|Great Tusk|\n|poke|p1|Ogerpon-Wellspring, F|\n|poke|p1|Kingambit, M|\n|poke|p1|Slowking-Galar, F|\n|poke|p1|Raging Bolt|\n|poke|p2|Gholdengo|\n|poke|p2|Ting-Lu|\n|poke|p2|Deoxys-Speed|\n|poke|p2|Garganacl, F|\n|poke|p2|Ogerpon, F|\n|poke|p2|Gliscor, F|\n|teampreview\n|inactive|Battle timer is ON: inactive players will automatically lose when time's up. (requested by ylilith)\n|\n|t:|1771250757\n|teamsize|p1|6\n|teamsize|p2|6\n|start\n|switch|p1a: Landorus|Landorus-Therian, M|100/100\n|switch|p2a: Gliscor|Gliscor, F|100/100\n|-ability|p1a: Landorus|Intimidate|boost\n|-unboost|p2a: Gliscor|atk|1\n|turn|1\n|j| Cabalgasapos\n|l| Cabalgasapos\n|\n|t:|1771250768\n|move|p1a: Landorus|Stealth Rock|p2a: Gliscor\n|-sidestart|p2: ylilith|move: Stealth Rock\n|move|p2a: Gliscor|Toxic|p1a: Landorus\n|-status|p1a: Landorus|tox\n|\n|-damage|p1a: Landorus|94/100 tox|[from] psn\n|-status|p2a: Gliscor|tox|[from] item: Toxic Orb\n|upkeep\n|turn|2\n|\n|t:|1771250772\n|switch|p1a: Ogerpon|Ogerpon-Wellspring, F|100/100\n|move|p2a: Gliscor|U-turn|p1a: Ogerpon\n|-supereffective|p1a: Ogerpon\n|-damage|p1a: Ogerpon|73/100\n|\n|t:|1771250775\n|switch|p2a: Ogerpon|Ogerpon, F|100/100|[from] U-turn\n|\n|upkeep\n|turn|3\n|\n|t:|1771250778\n|move|p2a: Ogerpon|U-turn|p1a: Ogerpon\n|-supereffective|p1a: Ogerpon\n|-damage|p1a: Ogerpon|15/100\n|\n|t:|1771250803\n|switch|p2a: Gliscor|Gliscor, F|100/100 tox|[from] U-turn\n|-damage|p2a: Gliscor|88/100 tox|[from] Stealth Rock\n|move|p1a: Ogerpon|Power Whip|p2a: Gliscor|[miss]\n|-miss|p1a: Ogerpon|p2a: Gliscor\n|\n|-heal|p2a: Gliscor|100/100 tox|[from] ability: Poison Heal\n|upkeep\n|turn|4\n|c|☆ylilith|my bad\n|\n|t:|1771250811\n|move|p1a: Ogerpon|Spikes|p2a: Gliscor\n|-sidestart|p2: ylilith|Spikes\n|move|p2a: Gliscor|U-turn|p1a: Ogerpon\n|-supereffective|p1a: Ogerpon\n|-damage|p1a: Ogerpon|0 fnt\n|faint|p1a: Ogerpon\n|\n|t:|1771250820\n|switch|p2a: Ogerpon|Ogerpon, F|100/100|[from] U-turn\n|\n|upkeep\n|\n|t:|1771250825\n|switch|p1a: Slowking|Slowking-Galar, F|100/100\n|turn|5\n|\n|t:|1771250829\n|move|p2a: Ogerpon|U-turn|p1a: Slowking\n|-damage|p1a: Slowking|79/100\n|\n|t:|1771250831\n|switch|p2a: Garganacl|Garganacl, F|100/100|[from] U-turn\n|-damage|p2a: Garganacl|88/100|[from] Stealth Rock\n|-damage|p2a: Garganacl|76/100|[from] Spikes\n|move|p1a: Slowking|Flamethrower|p2a: Garganacl\n|-resisted|p2a: Garganacl\n|-damage|p2a: Garganacl|64/100\n|\n|-heal|p2a: Garganacl|71/100|[from] item: Leftovers\n|upkeep\n|turn|6\n|\n|t:|1771250835\n|switch|p1a: Great Tusk|Great Tusk|100/100\n|move|p2a: Garganacl|Stealth Rock|p1a: Great Tusk\n|-sidestart|p1: motismascarf|move: Stealth Rock\n|\n|-heal|p2a: Garganacl|77/100|[from] item: Leftovers\n|upkeep\n|turn|7\n|\n|t:|1771250841\n|move|p2a: Garganacl|Protect|p2a: Garganacl\n|-singleturn|p2a: Garganacl|Protect\n|move|p1a: Great Tusk|Knock Off|p2a: Garganacl\n|-activate|p2a: Garganacl|move: Protect\n|\n|-heal|p2a: Garganacl|83/100|[from] item: Leftovers\n|upkeep\n|turn|8\n|\n|t:|1771250845\n|move|p1a: Great Tusk|Rapid Spin|p2a: Garganacl\n|-resisted|p2a: Garganacl\n|-damage|p2a: Garganacl|79/100\n|-boost|p1a: Great Tusk|spe|1\n|-sideend|p1: motismascarf|Stealth Rock|[from] move: Rapid Spin|[of] p1a: Great Tusk\n|move|p2a: Garganacl|Salt Cure|p1a: Great Tusk\n|-resisted|p1a: Great Tusk\n|-damage|p1a: Great Tusk|98/100\n|-start|p1a: Great Tusk|Salt Cure\n|\n|-heal|p2a: Garganacl|85/100|[from] item: Leftovers\n|-damage|p1a: Great Tusk|86/100|[from] Salt Cure\n|upkeep\n|turn|9\n|\n|t:|1771250848\n|-end|p1a: Great Tusk|Protosynthesis|[silent]\n|switch|p1a: Raging Bolt|Raging Bolt|100/100\n|-enditem|p1a: Raging Bolt|Booster Energy\n|-activate|p1a: Raging Bolt|ability: Protosynthesis|[fromitem]\n|-start|p1a: Raging Bolt|protosynthesisspa\n|move|p2a: Garganacl|Protect||[still]\n|-fail|p2a: Garganacl\n|\n|-heal|p2a: Garganacl|91/100|[from] item: Leftovers\n|upkeep\n|turn|10\n|\n|t:|1771250858\n|switch|p2a: Ting-Lu|Ting-Lu|100/100\n|-ability|p2a: Ting-Lu|Vessel of Ruin\n|move|p1a: Raging Bolt|Calm Mind|p1a: Raging Bolt\n|-boost|p1a: Raging Bolt|spa|1\n|-boost|p1a: Raging Bolt|spd|1\n|\n|upkeep\n|turn|11\n|\n|t:|1771250863\n|move|p1a: Raging Bolt|Dragon Pulse|p2a: Ting-Lu\n|-damage|p2a: Ting-Lu|62/100\n|move|p2a: Ting-Lu|Whirlwind|p1a: Raging Bolt\n|-end|p1a: Raging Bolt|Protosynthesis|[silent]\n|drag|p1a: Kingambit|Kingambit, M|100/100\n|-activate|p1a: Kingambit|ability: Supreme Overlord\n|-start|p1a: Kingambit|fallen1|[silent]\n|\n|upkeep\n|turn|12\n|\n|t:|1771250868\n|move|p1a: Kingambit|Iron Head|p2a: Ting-Lu\n|-damage|p2a: Ting-Lu|37/100\n|move|p2a: Ting-Lu|Spikes|p1a: Kingambit\n|-sidestart|p1: motismascarf|Spikes\n|\n|upkeep\n|turn|13\n|\n|t:|1771250872\n|move|p1a: Kingambit|Iron Head|p2a: Ting-Lu\n|-damage|p2a: Ting-Lu|11/100\n|move|p2a: Ting-Lu|Earthquake|p1a: Kingambit\n|-supereffective|p1a: Kingambit\n|-damage|p1a: Kingambit|50/100\n|\n|-heal|p1a: Kingambit|56/100|[from] item: Leftovers\n|upkeep\n|turn|14\n|\n|t:|1771250877\n|move|p1a: Kingambit|Iron Head|p2a: Ting-Lu\n|-damage|p2a: Ting-Lu|0 fnt\n|faint|p2a: Ting-Lu\n|\n|-heal|p1a: Kingambit|62/100|[from] item: Leftovers\n|upkeep\n|\n|t:|1771250888\n|switch|p2a: Gliscor|Gliscor, F|100/100 tox\n|-damage|p2a: Gliscor|88/100 tox|[from] Stealth Rock\n|turn|15\n|\n|t:|1771250892\n|-end|p1a: Kingambit|fallen1|[silent]\n|switch|p1a: Landorus|Landorus-Therian, M|94/100 tox\n|-ability|p1a: Landorus|Intimidate|boost\n|-unboost|p2a: Gliscor|atk|1\n|move|p2a: Gliscor|Earthquake|p1a: Landorus\n|-immune|p1a: Landorus\n|\n|-damage|p1a: Landorus|88/100 tox|[from] psn\n|-heal|p2a: Gliscor|100/100 tox|[from] ability: Poison Heal\n|upkeep\n|turn|16\n|\n|t:|1771250898\n|move|p2a: Gliscor|Protect|p2a: Gliscor\n|-singleturn|p2a: Gliscor|Protect\n|move|p1a: Landorus|U-turn|p2a: Gliscor\n|-activate|p2a: Gliscor|move: Protect\n|\n|-damage|p1a: Landorus|76/100 tox|[from] psn\n|upkeep\n|turn|17\n|\n|t:|1771250900\n|move|p1a: Landorus|U-turn|p2a: Gliscor\n|-resisted|p2a: Gliscor\n|-damage|p2a: Gliscor|93/100 tox\n|\n|t:|1771250902\n|switch|p1a: Great Tusk|Great Tusk|86/100|[from] U-turn\n|-damage|p1a: Great Tusk|73/100|[from] Spikes\n|move|p2a: Gliscor|U-turn|p1a: Great Tusk\n|-resisted|p1a: Great Tusk\n|-damage|p1a: Great Tusk|70/100\n|-damage|p2a: Gliscor|77/100 tox|[from] item: Rocky Helmet|[of] p1a: Great Tusk\n|\n|t:|1771250909\n|switch|p2a: Deoxys|Deoxys-Speed|100/100|[from] U-turn\n|-ability|p2a: Deoxys|Pressure\n|\n|upkeep\n|turn|18\n|\n|t:|1771250919\n|-end|p1a: Great Tusk|Protosynthesis|[silent]\n|switch|p1a: Kingambit|Kingambit, M|62/100\n|-damage|p1a: Kingambit|50/100|[from] Spikes\n|-activate|p1a: Kingambit|ability: Supreme Overlord\n|-start|p1a: Kingambit|fallen1|[silent]\n|move|p2a: Deoxys|Knock Off|p1a: Kingambit\n|-resisted|p1a: Kingambit\n|-damage|p1a: Kingambit|41/100\n|-enditem|p1a: Kingambit|Leftovers|[from] move: Knock Off|[of] p2a: Deoxys\n|\n|upkeep\n|turn|19\n|\n|t:|1771250925\n|switch|p2a: Gliscor|Gliscor, F|77/100 tox\n|-damage|p2a: Gliscor|64/100 tox|[from] Stealth Rock\n|move|p1a: Kingambit|Swords Dance|p1a: Kingambit\n|-boost|p1a: Kingambit|atk|2\n|\n|-heal|p2a: Gliscor|77/100 tox|[from] ability: Poison Heal\n|upkeep\n|turn|20\n|\n|t:|1771250931\n|move|p1a: Kingambit|Sucker Punch|p2a: Gliscor\n|-damage|p2a: Gliscor|12/100 tox\n|move|p2a: Gliscor|Earthquake|p1a: Kingambit\n|-supereffective|p1a: Kingambit\n|-damage|p1a: Kingambit|0 fnt\n|faint|p1a: Kingambit\n|-end|p1a: Kingambit|fallen1|[silent]\n|\n|-heal|p2a: Gliscor|24/100 tox|[from] ability: Poison Heal\n|upkeep\n|\n|t:|1771250939\n|switch|p1a: Great Tusk|Great Tusk|70/100\n|-damage|p1a: Great Tusk|58/100|[from] Spikes\n|turn|21\n|\n|t:|1771250944\n|move|p2a: Gliscor|Protect|p2a: Gliscor\n|-singleturn|p2a: Gliscor|Protect\n|move|p1a: Great Tusk|Rapid Spin|p2a: Gliscor\n|-activate|p2a: Gliscor|move: Protect\n|\n|-heal|p2a: Gliscor|37/100 tox|[from] ability: Poison Heal\n|upkeep\n|turn|22\n|\n|t:|1771250954\n|switch|p2a: Ogerpon|Ogerpon, F|100/100\n|move|p1a: Great Tusk|Ice Spinner|p2a: Ogerpon\n|-supereffective|p2a: Ogerpon\n|-damage|p2a: Ogerpon|37/100\n|\n|upkeep\n|turn|23\n|\n|t:|1771250962\n|-terastallize|p1a: Great Tusk|Steel\n|move|p2a: Ogerpon|Ivy Cudgel|p1a: Great Tusk\n|-resisted|p1a: Great Tusk\n|-damage|p1a: Great Tusk|41/100\n|move|p1a: Great Tusk|Rapid Spin|p2a: Ogerpon\n|-damage|p2a: Ogerpon|17/100\n|-boost|p1a: Great Tusk|spe|1\n|-sideend|p1: motismascarf|Spikes|[from] move: Rapid Spin|[of] p1a: Great Tusk\n|\n|upkeep\n|turn|24\n|inactive|ylilith has 120 seconds left.\n|\n|t:|1771250996\n|switch|p2a: Deoxys|Deoxys-Speed|100/100\n|-ability|p2a: Deoxys|Pressure\n|move|p1a: Great Tusk|Knock Off|p2a: Deoxys\n|-supereffective|p2a: Deoxys\n|-damage|p2a: Deoxys|9/100\n|-enditem|p2a: Deoxys|Heavy-Duty Boots|[from] move: Knock Off|[of] p1a: Great Tusk\n|\n|upkeep\n|turn|25\n|\n|t:|1771251001\n|-end|p1a: Great Tusk|Protosynthesis|[silent]\n|switch|p1a: Slowking|Slowking-Galar, F|100/100\n|move|p2a: Deoxys|Psycho Boost|p1a: Slowking\n|-damage|p1a: Slowking|67/100\n|-unboost|p2a: Deoxys|spa|2\n|\n|upkeep\n|turn|26\n|\n|t:|1771251005\n|switch|p1a: Great Tusk|Great Tusk, tera:Steel|41/100\n|move|p2a: Deoxys|Knock Off|p1a: Great Tusk\n|-damage|p1a: Great Tusk|25/100\n|-damage|p2a: Deoxys|0 fnt|[from] item: Rocky Helmet|[of] p1a: Great Tusk\n|faint|p2a: Deoxys\n|\n|upkeep\n|\n|t:|1771251019\n|switch|p2a: Gholdengo|Gholdengo|100/100\n|turn|27\n|\n|t:|1771251029\n|-terastallize|p2a: Gholdengo|Fairy\n|move|p1a: Great Tusk|Headlong Rush|p2a: Gholdengo\n|-damage|p2a: Gholdengo|65/100\n|-unboost|p1a: Great Tusk|def|1\n|-unboost|p1a: Great Tusk|spd|1\n|move|p2a: Gholdengo|Hex|p1a: Great Tusk\n|-damage|p1a: Great Tusk|0 fnt\n|faint|p1a: Great Tusk\n|-end|p1a: Great Tusk|Protosynthesis|[silent]\n|\n|upkeep\n|\n|t:|1771251033\n|switch|p1a: Slowking|Slowking-Galar, F|99/100\n|turn|28\n|\n|t:|1771251037\n|switch|p2a: Garganacl|Garganacl, F|91/100\n|-damage|p2a: Garganacl|79/100|[from] Stealth Rock\n|-damage|p2a: Garganacl|67/100|[from] Spikes\n|move|p1a: Slowking|Sludge Bomb|p2a: Garganacl\n|-resisted|p2a: Garganacl\n|-damage|p2a: Garganacl|49/100\n|\n|-heal|p2a: Garganacl|55/100|[from] item: Leftovers\n|upkeep\n|turn|29\n|\n|t:|1771251042\n|move|p2a: Garganacl|Stealth Rock|p1a: Slowking\n|-sidestart|p1: motismascarf|move: Stealth Rock\n|move|p1a: Slowking|Future Sight|p2a: Garganacl\n|-start|p1a: Slowking|move: Future Sight\n|\n|-heal|p2a: Garganacl|61/100|[from] item: Leftovers\n|upkeep\n|turn|30\n|\n|t:|1771251045\n|move|p2a: Garganacl|Recover|p2a: Garganacl\n|-heal|p2a: Garganacl|100/100\n|move|p1a: Slowking|Sludge Bomb|p2a: Garganacl\n|-resisted|p2a: Garganacl\n|-damage|p2a: Garganacl|82/100\n|\n|-heal|p2a: Garganacl|88/100|[from] item: Leftovers\n|upkeep\n|turn|31\n|\n|t:|1771251052\n|move|p2a: Garganacl|Salt Cure|p1a: Slowking\n|-damage|p1a: Slowking|89/100\n|-start|p1a: Slowking|Salt Cure\n|move|p1a: Slowking|Psyshock|p2a: Garganacl\n|-damage|p2a: Garganacl|68/100\n|\n|-end|p2a: Garganacl|move: Future Sight\n|-damage|p2a: Garganacl|25/100\n|-heal|p2a: Garganacl|31/100|[from] item: Leftovers\n|-damage|p1a: Slowking|76/100|[from] Salt Cure\n|upkeep\n|turn|32\n|\n|t:|1771251058\n|move|p2a: Garganacl|Recover|p2a: Garganacl\n|-heal|p2a: Garganacl|81/100\n|move|p1a: Slowking|Future Sight|p2a: Garganacl\n|-start|p1a: Slowking|move: Future Sight\n|\n|-heal|p2a: Garganacl|87/100|[from] item: Leftovers\n|-damage|p1a: Slowking|64/100|[from] Salt Cure\n|upkeep\n|turn|33\n|\n|t:|1771251080\n|switch|p1a: Landorus|Landorus-Therian, M|76/100 tox\n|-damage|p1a: Landorus|64/100 tox|[from] Stealth Rock\n|-ability|p1a: Landorus|Intimidate|boost\n|-unboost|p2a: Garganacl|atk|1\n|move|p2a: Garganacl|Protect||[still]\n|-fail|p2a: Garganacl\n|\n|-heal|p2a: Garganacl|94/100|[from] item: Leftovers\n|-damage|p1a: Landorus|58/100 tox|[from] psn\n|upkeep\n|turn|34\n|\n|t:|1771251088\n|move|p1a: Landorus|Stealth Rock||[still]\n|-fail|p1a: Landorus\n|move|p2a: Garganacl|Salt Cure|p1a: Landorus\n|-damage|p1a: Landorus|48/100 tox\n|-start|p1a: Landorus|Salt Cure\n|\n|-end|p2a: Garganacl|move: Future Sight\n|-damage|p2a: Garganacl|52/100\n|-heal|p2a: Garganacl|58/100|[from] item: Leftovers\n|-damage|p1a: Landorus|36/100 tox|[from] psn\n|-damage|p1a: Landorus|24/100 tox|[from] Salt Cure\n|upkeep\n|turn|35\n|\n|t:|1771251094\n|move|p2a: Garganacl|Protect|p2a: Garganacl\n|-singleturn|p2a: Garganacl|Protect\n|move|p1a: Landorus|Earth Power|p2a: Garganacl\n|-activate|p2a: Garganacl|move: Protect\n|\n|-heal|p2a: Garganacl|64/100|[from] item: Leftovers\n|-damage|p1a: Landorus|6/100 tox|[from] psn\n|-damage|p1a: Landorus|0 fnt|[from] Salt Cure\n|faint|p1a: Landorus\n|upkeep\n|\n|t:|1771251096\n|switch|p1a: Raging Bolt|Raging Bolt|100/100\n|-damage|p1a: Raging Bolt|88/100|[from] Stealth Rock\n|turn|36\n|\n|t:|1771251100\n|move|p1a: Raging Bolt|Thunderbolt|p2a: Garganacl\n|-damage|p2a: Garganacl|22/100\n|move|p2a: Garganacl|Salt Cure|p1a: Raging Bolt\n|-damage|p1a: Raging Bolt|80/100\n|-start|p1a: Raging Bolt|Salt Cure\n|\n|-heal|p2a: Garganacl|28/100|[from] item: Leftovers\n|-damage|p1a: Raging Bolt|68/100|[from] Salt Cure\n|upkeep\n|turn|37\n|\n|t:|1771251114\n|switch|p2a: Gliscor|Gliscor, F|37/100 tox\n|-damage|p2a: Gliscor|24/100 tox|[from] Stealth Rock\n|move|p1a: Raging Bolt|Calm Mind|p1a: Raging Bolt\n|-boost|p1a: Raging Bolt|spa|1\n|-boost|p1a: Raging Bolt|spd|1\n|\n|-heal|p2a: Gliscor|37/100 tox|[from] ability: Poison Heal\n|-damage|p1a: Raging Bolt|55/100|[from] Salt Cure\n|upkeep\n|turn|38\n|\n|t:|1771251121\n|move|p1a: Raging Bolt|Dragon Pulse|p2a: Gliscor\n|-damage|p2a: Gliscor|0 fnt\n|faint|p2a: Gliscor\n|\n|-damage|p1a: Raging Bolt|43/100|[from] Salt Cure\n|upkeep\n|\n|t:|1771251139\n|switch|p2a: Ogerpon|Ogerpon, F|17/100\n|turn|39\n|\n|t:|1771251143\n|move|p1a: Raging Bolt|Thunderclap||[still]\n|-fail|p1a: Raging Bolt\n|move|p2a: Ogerpon|Encore|p1a: Raging Bolt\n|-start|p1a: Raging Bolt|Encore\n|\n|-damage|p1a: Raging Bolt|31/100|[from] Salt Cure\n|upkeep\n|turn|40\n|\n|t:|1771251152\n|switch|p2a: Garganacl|Garganacl, F|28/100\n|-damage|p2a: Garganacl|16/100|[from] Stealth Rock\n|-damage|p2a: Garganacl|3/100|[from] Spikes\n|move|p1a: Raging Bolt|Thunderclap||[still]\n|-fail|p1a: Raging Bolt\n|\n|-heal|p2a: Garganacl|9/100|[from] item: Leftovers\n|-damage|p1a: Raging Bolt|18/100|[from] Salt Cure\n|upkeep\n|turn|41\n|\n|t:|1771251157\n|-end|p1a: Raging Bolt|Protosynthesis|[silent]\n|switch|p1a: Slowking|Slowking-Galar, F|97/100\n|-damage|p1a: Slowking|85/100|[from] Stealth Rock\n|move|p2a: Garganacl|Recover|p2a: Garganacl\n|-heal|p2a: Garganacl|59/100\n|\n|-heal|p2a: Garganacl|66/100|[from] item: Leftovers\n|upkeep\n|turn|42\n|\n|t:|1771251164\n|move|p2a: Garganacl|Salt Cure|p1a: Slowking\n|-damage|p1a: Slowking|72/100\n|-start|p1a: Slowking|Salt Cure\n|move|p1a: Slowking|Future Sight|p2a: Garganacl\n|-start|p1a: Slowking|move: Future Sight\n|\n|-heal|p2a: Garganacl|72/100|[from] item: Leftovers\n|-damage|p1a: Slowking|60/100|[from] Salt Cure\n|upkeep\n|turn|43\n|\n|t:|1771251172\n|move|p2a: Garganacl|Recover|p2a: Garganacl\n|-heal|p2a: Garganacl|100/100\n|move|p1a: Slowking|Psyshock|p2a: Garganacl\n|-damage|p2a: Garganacl|83/100\n|\n|-heal|p2a: Garganacl|89/100|[from] item: Leftovers\n|-damage|p1a: Slowking|47/100|[from] Salt Cure\n|upkeep\n|turn|44\n|\n|t:|1771251180\n|move|p2a: Garganacl|Protect|p2a: Garganacl\n|-singleturn|p2a: Garganacl|Protect\n|move|p1a: Slowking|Psyshock|p2a: Garganacl\n|-activate|p2a: Garganacl|move: Protect\n|\n|-end|p2a: Garganacl|move: Future Sight\n|-damage|p2a: Garganacl|45/100\n|-heal|p2a: Garganacl|51/100|[from] item: Leftovers\n|-damage|p1a: Slowking|35/100|[from] Salt Cure\n|upkeep\n|turn|45\n|\n|t:|1771251183\n|move|p2a: Garganacl|Recover|p2a: Garganacl\n|-heal|p2a: Garganacl|100/100\n|move|p1a: Slowking|Future Sight|p2a: Garganacl\n|-start|p1a: Slowking|move: Future Sight\n|\n|-damage|p1a: Slowking|22/100|[from] Salt Cure\n|upkeep\n|turn|46\n|\n|t:|1771251190\n|move|p2a: Garganacl|Salt Cure|p1a: Slowking\n|-damage|p1a: Slowking|11/100\n|move|p1a: Slowking|Psyshock|p2a: Garganacl\n|-damage|p2a: Garganacl|82/100\n|\n|-heal|p2a: Garganacl|88/100|[from] item: Leftovers\n|-damage|p1a: Slowking|0 fnt|[from] Salt Cure\n|faint|p1a: Slowking\n|upkeep\n|\n|t:|1771251192\n|switch|p1a: Raging Bolt|Raging Bolt|18/100\n|-damage|p1a: Raging Bolt|6/100|[from] Stealth Rock\n|turn|47\n|\n|t:|1771251195\n|move|p1a: Raging Bolt|Thunderbolt|p2a: Garganacl\n|-damage|p2a: Garganacl|46/100\n|move|p2a: Garganacl|Salt Cure|p1a: Raging Bolt\n|-damage|p1a: Raging Bolt|0 fnt\n|faint|p1a: Raging Bolt\n|-end|p1a: Raging Bolt|Protosynthesis|[silent]\n|\n|win|ylilith\n|raw|motismascarf's rating: 1606 &rarr; <strong>1589</strong><br />(-17 for losing)\n|raw|ylilith's rating: 1651 &rarr; <strong>1668</strong><br />(+17 for winning)\n|c|☆ylilith|gg\n|l|☆motismascarf\n|player|p1|\n|l|☆ylilith\n|player|p2|\n", "uploadtime": 1771251340, "views": 5, "formatid": "gen9ou", "rating": 1589, "private": 0, "password": null}