{"id": "gen9ou-2540665833", "format": "[Gen 9] OU", "players": ["Jackesh-7T2", "Pluto hendrixxx"], "log": "|j|☆Jackesh-7T2\n|j|☆Pluto hendrixxx\n|t:|1771236811\n|gametype|singles\n|player|p1|Jackesh-7T2|2|1640\n|player|p2|Pluto hendrixxx|morty-gen2|1636\n|gen|9\n|tier|[Gen 9] OU\n|rated|\n|rule|HP Percentage Mod: HP is shown in percentages\n|rule|Endless Battle Clause: Forcing endless battles is banned\n|rule|Species Clause: Limit one of each Pokémon\n|rule|OHKO Clause: OHKO moves are banned\n|rule|Evasion Items Clause: Evasion items are banned\n|rule|Evasion Moves Clause: Evasion moves are banned\n|rule|Evasion Abilities Clause: Evasion abilities are banned\n|rule|Sleep Moves Clause: Sleep-inducing moves are banned\n|clearpoke\n|poke|p1|Kyurem|\n|poke|p1|Raging Bolt|\n|poke|p1|Torkoal, F|\n|poke|p1|Walking Wake|\n|poke|p1|Corviknight, F|\n|poke|p1|Ting-Lu|\n|poke|p2|Iron Valiant|\n|poke|p2|Excadrill, M|\n|poke|p2|Tyranitar, M|\n|poke|p2|Tornadus-Therian, M|\n|poke|p2|Ogerpon-Cornerstone, F|\n|poke|p2|Toxapex, M|\n|teampreview\n|\n|t:|1771236829\n|teamsize|p1|6\n|teamsize|p2|6\n|start\n|switch|p1a: Raging Bolt|Raging Bolt|100/100\n|switch|p2a: Fujin|Tornadus-Therian, M, shiny|100/100\n|turn|1\n|\n|t:|1771236833\n|switch|p2a: Impaler|Excadrill, M, shiny|100/100\n|-end|p1a: Raging Bolt|Protosynthesis|[silent]\n|switch|p1a: Corviknight|Corviknight, F|100/100\n|-ability|p1a: Corviknight|Pressure\n|\n|upkeep\n|turn|2\n|\n|t:|1771236846\n|switch|p2a: Fujin|Tornadus-Therian, M, shiny|100/100\n|switch|p1a: Ting-Lu|Ting-Lu|100/100\n|-ability|p1a: Ting-Lu|Vessel of Ruin\n|\n|upkeep\n|turn|3\n|\n|t:|1771236849\n|switch|p1a: Corviknight|Corviknight, F|100/100\n|-ability|p1a: Corviknight|Pressure\n|move|p2a: Fujin|Grass Knot|p1a: Corviknight\n|-resisted|p1a: Corviknight\n|-damage|p1a: Corviknight|94/100\n|\n|upkeep\n|turn|4\n|\n|t:|1771236859\n|move|p2a: Fujin|Grass Knot|p1a: Corviknight\n|-resisted|p1a: Corviknight\n|-crit|p1a: Corviknight\n|-damage|p1a: Corviknight|84/100\n|move|p1a: Corviknight|Brave Bird|p2a: Fujin\n|-damage|p2a: Fujin|46/100\n|-damage|p1a: Corviknight|71/100|[from] Recoil\n|\n|upkeep\n|turn|5\n|\n|t:|1771236863\n|switch|p2a: Rex|Tyranitar, M, shiny|100/100\n|-weather|Sandstorm|[from] ability: Sand Stream|[of] p2a: Rex\n|switch|p1a: Ting-Lu|Ting-Lu|100/100\n|-ability|p1a: Ting-Lu|Vessel of Ruin\n|\n|-weather|Sandstorm|[upkeep]\n|upkeep\n|turn|6\n|\n|t:|1771236871\n|move|p2a: Rex|Stealth Rock|p1a: Ting-Lu\n|-sidestart|p1: Jackesh-7T2|move: Stealth Rock\n|move|p1a: Ting-Lu|Earthquake|p2a: Rex\n|-supereffective|p2a: Rex\n|-damage|p2a: Rex|0 fnt\n|faint|p2a: Rex\n|\n|-weather|Sandstorm|[upkeep]\n|upkeep\n|\n|t:|1771236878\n|switch|p2a: Spirit Monger|Ogerpon-Cornerstone, F|100/100\n|turn|7\n|\n|t:|1771236881\n|move|p2a: Spirit Monger|Power Whip|p1a: Ting-Lu\n|-supereffective|p1a: Ting-Lu\n|-damage|p1a: Ting-Lu|21/100\n|move|p1a: Ting-Lu|Earthquake|p2a: Spirit Monger\n|-damage|p2a: Spirit Monger|3/100\n|\n|-weather|Sandstorm|[upkeep]\n|upkeep\n|turn|8\n|inactive|Battle timer is ON: inactive players will automatically lose when time's up. (requested by Pluto hendrixxx)\n|j| PCCWVictorMa\n|\n|t:|1771236914\n|move|p2a: Spirit Monger|Ivy Cudgel|p1a: Ting-Lu|[anim] Ivy Cudgel Rock\n|-resisted|p1a: Ting-Lu\n|-damage|p1a: Ting-Lu|5/100\n|move|p1a: Ting-Lu|Earthquake|p2a: Spirit Monger\n|-damage|p2a: Spirit Monger|0 fnt\n|faint|p2a: Spirit Monger\n|\n|-weather|Sandstorm|[upkeep]\n|upkeep\n|\n|t:|1771236919\n|switch|p2a: Calamity|Iron Valiant, shiny|100/100\n|turn|9\n|\n|t:|1771236922\n|move|p2a: Calamity|Moonblast|p1a: Ting-Lu\n|-supereffective|p1a: Ting-Lu\n|-damage|p1a: Ting-Lu|0 fnt\n|faint|p1a: Ting-Lu\n|\n|-weather|Sandstorm|[upkeep]\n|-damage|p2a: Calamity|94/100|[from] Sandstorm\n|upkeep\n|\n|t:|1771236929\n|switch|p1a: Torkoal|Torkoal, F|100/100\n|-damage|p1a: Torkoal|76/100|[from] Stealth Rock\n|-weather|SunnyDay|[from] ability: Drought|[of] p1a: Torkoal\n|turn|10\n|\n|t:|1771236933\n|-terastallize|p2a: Calamity|Ghost\n|move|p2a: Calamity|Moonblast|p1a: Torkoal\n|-resisted|p1a: Torkoal\n|-damage|p1a: Torkoal|43/100\n|move|p1a: Torkoal|Rapid Spin|p2a: Calamity\n|-immune|p2a: Calamity\n|\n|-weather|SunnyDay|[upkeep]\n|upkeep\n|turn|11\n|\n|t:|1771236939\n|move|p2a: Calamity|Moonblast|p1a: Torkoal\n|-resisted|p1a: Torkoal\n|-damage|p1a: Torkoal|10/100\n|move|p1a: Torkoal|Lava Plume|p2a: Calamity\n|-damage|p2a: Calamity|27/100\n|\n|-weather|SunnyDay|[upkeep]\n|upkeep\n|turn|12\n|\n|t:|1771236945\n|move|p2a: Calamity|Moonblast|p1a: Torkoal\n|-resisted|p1a: Torkoal\n|-damage|p1a: Torkoal|0 fnt\n|faint|p1a: Torkoal\n|\n|-weather|SunnyDay|[upkeep]\n|upkeep\n|\n|t:|1771236946\n|switch|p1a: Corviknight|Corviknight, F|71/100\n|-ability|p1a: Corviknight|Pressure\n|turn|13\n|\n|t:|1771236951\n|-end|p2a: Calamity|Quark Drive|[silent]\n|switch|p2a: Serpentine|Toxapex, M, shiny|100/100\n|move|p1a: Corviknight|Roost|p1a: Corviknight\n|-heal|p1a: Corviknight|100/100\n|-singleturn|p1a: Corviknight|move: Roost\n|\n|-weather|SunnyDay|[upkeep]\n|upkeep\n|turn|14\n|\n|t:|1771236953\n|move|p1a: Corviknight|Defog|p2a: Serpentine\n|-unboost|p2a: Serpentine|evasion|1\n|-sideend|p1: Jackesh-7T2|Stealth Rock|[from] move: Defog|[of] p1a: Corviknight\n|move|p2a: Serpentine|Toxic Spikes|p1a: Corviknight\n|-sidestart|p1: Jackesh-7T2|move: Toxic Spikes\n|\n|-weather|SunnyDay|[upkeep]\n|upkeep\n|turn|15\n|\n|t:|1771236958\n|move|p1a: Corviknight|Defog|p2a: Serpentine\n|-unboost|p2a: Serpentine|evasion|1\n|-sideend|p1: Jackesh-7T2|Toxic Spikes|[from] move: Defog|[of] p1a: Corviknight\n|move|p2a: Serpentine|Toxic|p1a: Corviknight\n|-immune|p1a: Corviknight\n|\n|-weather|SunnyDay|[upkeep]\n|upkeep\n|turn|16\n|\n|t:|1771236962\n|switch|p1a: Kyurem|Kyurem|100/100\n|-ability|p1a: Kyurem|Pressure\n|move|p2a: Serpentine|Toxic Spikes|p1a: Kyurem\n|-sidestart|p1: Jackesh-7T2|move: Toxic Spikes\n|\n|-weather|SunnyDay|[upkeep]\n|upkeep\n|turn|17\n|\n|t:|1771236965\n|move|p1a: Kyurem|Freeze-Dry|p2a: Serpentine\n|-supereffective|p2a: Serpentine\n|-damage|p2a: Serpentine|43/100\n|-enditem|p2a: Serpentine|Eject Button\n|\n|t:|1771236969\n|switch|p2a: Calamity|Iron Valiant, shiny, tera:Ghost|27/100\n|\n|-weather|none\n|upkeep\n|turn|18\n|\n|t:|1771236976\n|switch|p1a: Corviknight|Corviknight, F|100/100\n|-ability|p1a: Corviknight|Pressure\n|move|p2a: Calamity|Thunderbolt|p1a: Corviknight\n|-supereffective|p1a: Corviknight\n|-damage|p1a: Corviknight|38/100\n|\n|upkeep\n|turn|19\n|\n|t:|1771236989\n|switch|p1a: Raging Bolt|Raging Bolt|100/100\n|-status|p1a: Raging Bolt|psn\n|move|p2a: Calamity|Thunderbolt|p1a: Raging Bolt\n|-resisted|p1a: Raging Bolt\n|-damage|p1a: Raging Bolt|94/100 psn\n|\n|-damage|p1a: Raging Bolt|82/100 psn|[from] psn\n|upkeep\n|turn|20\n|\n|t:|1771236992\n|-end|p2a: Calamity|Quark Drive|[silent]\n|switch|p2a: Impaler|Excadrill, M, shiny|100/100\n|-end|p1a: Raging Bolt|Protosynthesis|[silent]\n|switch|p1a: Corviknight|Corviknight, F|38/100\n|-ability|p1a: Corviknight|Pressure\n|\n|upkeep\n|turn|21\n|\n|t:|1771236996\n|switch|p2a: Calamity|Iron Valiant, shiny, tera:Ghost|27/100\n|move|p1a: Corviknight|Roost|p1a: Corviknight\n|-heal|p1a: Corviknight|88/100\n|-singleturn|p1a: Corviknight|move: Roost\n|\n|upkeep\n|turn|22\n|\n|t:|1771237001\n|-end|p2a: Calamity|Quark Drive|[silent]\n|switch|p2a: Fujin|Tornadus-Therian, M, shiny|79/100\n|move|p1a: Corviknight|Defog|p2a: Fujin\n|-unboost|p2a: Fujin|evasion|1\n|-sideend|p1: Jackesh-7T2|Toxic Spikes|[from] move: Defog|[of] p1a: Corviknight\n|\n|upkeep\n|turn|23\n|\n|t:|1771237009\n|switch|p1a: Raging Bolt|Raging Bolt|82/100 psn\n|move|p2a: Fujin|Heat Wave|p1a: Raging Bolt\n|-resisted|p1a: Raging Bolt\n|-damage|p1a: Raging Bolt|69/100 psn\n|\n|-damage|p1a: Raging Bolt|57/100 psn|[from] psn\n|upkeep\n|turn|24\n|\n|t:|1771237016\n|switch|p2a: Impaler|Excadrill, M, shiny|100/100\n|-end|p1a: Raging Bolt|Protosynthesis|[silent]\n|switch|p1a: Walking Wake|Walking Wake|100/100\n|\n|upkeep\n|turn|25\n|\n|t:|1771237020\n|switch|p2a: Serpentine|Toxapex, M, shiny|76/100\n|move|p1a: Walking Wake|Flip Turn|p2a: Serpentine\n|-resisted|p2a: Serpentine\n|-damage|p2a: Serpentine|70/100\n|\n|t:|1771237022\n|-end|p1a: Walking Wake|Protosynthesis|[silent]\n|switch|p1a: Kyurem|Kyurem|100/100|[from] Flip Turn\n|-ability|p1a: Kyurem|Pressure\n|\n|upkeep\n|turn|26\n|\n|t:|1771237027\n|move|p1a: Kyurem|Freeze-Dry|p2a: Serpentine\n|-supereffective|p2a: Serpentine\n|-damage|p2a: Serpentine|8/100\n|move|p2a: Serpentine|Toxic|p1a: Kyurem\n|-status|p1a: Kyurem|tox\n|\n|-damage|p1a: Kyurem|94/100 tox|[from] psn\n|upkeep\n|turn|27\n|\n|t:|1771237035\n|move|p1a: Kyurem|Ice Beam|p2a: Serpentine\n|-resisted|p2a: Serpentine\n|-damage|p2a: Serpentine|0 fnt\n|faint|p2a: Serpentine\n|\n|-damage|p1a: Kyurem|82/100 tox|[from] psn\n|upkeep\n|\n|t:|1771237037\n|switch|p2a: Calamity|Iron Valiant, shiny, tera:Ghost|27/100\n|turn|28\n|\n|t:|1771237041\n|switch|p1a: Corviknight|Corviknight, F|88/100\n|-ability|p1a: Corviknight|Pressure\n|move|p2a: Calamity|Moonblast|p1a: Corviknight\n|-resisted|p1a: Corviknight\n|-damage|p1a: Corviknight|62/100\n|\n|upkeep\n|turn|29\n|\n|t:|1771237045\n|move|p2a: Calamity|Moonblast|p1a: Corviknight\n|-resisted|p1a: Corviknight\n|-damage|p1a: Corviknight|40/100\n|move|p1a: Corviknight|Brave Bird|p2a: Calamity\n|-damage|p2a: Calamity|0 fnt\n|faint|p2a: Calamity\n|-end|p2a: Calamity|Quark Drive|[silent]\n|-damage|p1a: Corviknight|33/100|[from] Recoil\n|\n|upkeep\n|\n|t:|1771237048\n|switch|p2a: Impaler|Excadrill, M, shiny|100/100\n|turn|30\n|\n|t:|1771237050\n|move|p2a: Impaler|Rock Slide|p1a: Corviknight\n|-crit|p1a: Corviknight\n|-damage|p1a: Corviknight|0 fnt\n|faint|p1a: Corviknight\n|\n|upkeep\n|\n|t:|1771237056\n|switch|p1a: Walking Wake|Walking Wake|100/100\n|turn|31\n|\n|t:|1771237062\n|switch|p2a: Fujin|Tornadus-Therian, M, shiny|100/100\n|-terastallize|p1a: Walking Wake|Water\n|move|p1a: Walking Wake|Hydro Steam|p2a: Fujin\n|-damage|p2a: Fujin|32/100\n|\n|upkeep\n|turn|32\n|\n|t:|1771237066\n|move|p1a: Walking Wake|Hydro Steam|p2a: Fujin\n|-damage|p2a: Fujin|0 fnt\n|faint|p2a: Fujin\n|\n|upkeep\n|\n|t:|1771237070\n|switch|p2a: Impaler|Excadrill, M, shiny|100/100\n|turn|33\n|\n|t:|1771237072\n|move|p1a: Walking Wake|Hydro Steam|p2a: Impaler\n|-supereffective|p2a: Impaler\n|-damage|p2a: Impaler|0 fnt\n|faint|p2a: Impaler\n|\n|win|Jackesh-7T2\n|raw|Jackesh-7T2's rating: 1640 &rarr; <strong>1660</strong><br />(+20 for winning)\n|raw|Pluto hendrixxx's rating: 1636 &rarr; <strong>1616</strong><br />(-20 for losing)\n|l|☆Pluto hendrixxx\n|player|p2|\n|l|☆Jackesh-7T2\n|player|p1|\n|l| PCCWVictorMa\n|j|☆Jackesh-7T2\n|player|p1|Jackesh-7T2|2|\n", "uploadtime": 1771237074, "views": 20, "formatid": "gen9ou", "rating": 1616, "private": 0, "password": null}