{"id": "gen9ou-2540812477", "format": "[Gen 9] OU", "players": ["bigtestsofbig", "burrolio"], "log": "|j|☆bigtestsofbig\n|j|☆burrolio\n|t:|1771256624\n|gametype|singles\n|player|p1|bigtestsofbig|169|1583\n|player|p2|burrolio|1|1614\n|gen|9\n|tier|[Gen 9] OU\n|rated|\n|rule|HP Percentage Mod: HP is shown in percentages\n|rule|Endless Battle Clause: Forcing endless battles is banned\n|rule|Species Clause: Limit one of each Pokémon\n|rule|OHKO Clause: OHKO moves are banned\n|rule|Evasion Items Clause: Evasion items are banned\n|rule|Evasion Moves Clause: Evasion moves are banned\n|rule|Evasion Abilities Clause: Evasion abilities are banned\n|rule|Sleep Moves Clause: Sleep-inducing moves are banned\n|clearpoke\n|poke|p1|Gliscor, F|\n|poke|p1|Kingambit, M|\n|poke|p1|Dragonite, M|\n|poke|p1|Hatterene, F|\n|poke|p1|Keldeo-Resolute|\n|poke|p1|Iron Boulder|\n|poke|p2|Goodra-Hisui, F|\n|poke|p2|Cinderace, F|\n|poke|p2|Iron Valiant|\n|poke|p2|Kyurem|\n|poke|p2|Landorus-Therian, M|\n|poke|p2|Darkrai|\n|teampreview\n|\n|t:|1771256647\n|teamsize|p1|6\n|teamsize|p2|6\n|start\n|switch|p1a: Keldeo|Keldeo-Resolute|100/100\n|switch|p2a: Cinderace|Cinderace, F|100/100\n|turn|1\n|inactive|Battle timer is ON: inactive players will automatically lose when time's up. (requested by bigtestsofbig)\n|\n|t:|1771256669\n|switch|p1a: Hatterene|Hatterene, F|100/100\n|move|p2a: Cinderace|U-turn|p1a: Hatterene\n|-start|p2a: Cinderace|typechange|Bug|[from] ability: Libero\n|-damage|p1a: Hatterene|70/100\n|-damage|p2a: Cinderace|84/100|[from] item: Rocky Helmet|[of] p1a: Hatterene\n|\n|t:|1771256673\n|switch|p2a: Goodra|Goodra-Hisui, F|100/100|[from] U-turn\n|\n|upkeep\n|turn|2\n|\n|t:|1771256679\n|switch|p1a: Gliscor|Gliscor, F|100/100\n|move|p2a: Goodra|Flash Cannon|p1a: Gliscor\n|-damage|p1a: Gliscor|67/100\n|\n|-status|p1a: Gliscor|tox|[from] item: Toxic Orb\n|upkeep\n|turn|3\n|\n|t:|1771256684\n|move|p1a: Gliscor|Protect|p1a: Gliscor\n|-singleturn|p1a: Gliscor|Protect\n|move|p2a: Goodra|Draco Meteor|p1a: Gliscor\n|-activate|p1a: Gliscor|move: Protect\n|\n|-heal|p1a: Gliscor|79/100 tox|[from] ability: Poison Heal\n|upkeep\n|turn|4\n|\n|t:|1771256689\n|switch|p2a: Landorus|Landorus-Therian, M|100/100\n|-ability|p2a: Landorus|Intimidate|boost\n|-unboost|p1a: Gliscor|atk|1\n|move|p1a: Gliscor|Knock Off|p2a: Landorus\n|-damage|p2a: Landorus|87/100\n|-damage|p1a: Gliscor|62/100 tox|[from] item: Rocky Helmet|[of] p2a: Landorus\n|-enditem|p2a: Landorus|Rocky Helmet|[from] move: Knock Off|[of] p1a: Gliscor\n|\n|-heal|p1a: Gliscor|75/100 tox|[from] ability: Poison Heal\n|upkeep\n|turn|5\n|\n|t:|1771256699\n|switch|p1a: Keldeo|Keldeo-Resolute|100/100\n|move|p2a: Landorus|U-turn|p1a: Keldeo\n|-resisted|p1a: Keldeo\n|-damage|p1a: Keldeo|90/100\n|\n|t:|1771256706\n|switch|p2a: Cinderace|Cinderace, F|84/100|[from] U-turn\n|\n|upkeep\n|turn|6\n|\n|t:|1771256718\n|move|p2a: Cinderace|U-turn|p1a: Keldeo\n|-start|p2a: Cinderace|typechange|Bug|[from] ability: Libero\n|-resisted|p1a: Keldeo\n|-damage|p1a: Keldeo|72/100\n|\n|t:|1771256722\n|switch|p2a: Goodra|Goodra-Hisui, F|100/100|[from] U-turn\n|move|p1a: Keldeo|Surf|p2a: Goodra\n|-resisted|p2a: Goodra\n|-damage|p2a: Goodra|83/100\n|\n|upkeep\n|turn|7\n|\n|t:|1771256729\n|switch|p1a: Kingambit|Kingambit, M|100/100\n|move|p2a: Goodra|Draco Meteor|p1a: Kingambit\n|-resisted|p1a: Kingambit\n|-damage|p1a: Kingambit|70/100\n|-unboost|p2a: Goodra|spa|2\n|\n|-heal|p1a: Kingambit|76/100|[from] item: Leftovers\n|upkeep\n|turn|8\n|\n|t:|1771256747\n|switch|p2a: Landorus|Landorus-Therian, M|87/100\n|-ability|p2a: Landorus|Intimidate|boost\n|-unboost|p1a: Kingambit|atk|1\n|move|p1a: Kingambit|Kowtow Cleave|p2a: Landorus\n|-damage|p2a: Landorus|57/100\n|\n|-heal|p1a: Kingambit|82/100|[from] item: Leftovers\n|upkeep\n|turn|9\n|\n|t:|1771256764\n|-end|p1a: Kingambit|fallenundefined|[silent]\n|switch|p1a: Hatterene|Hatterene, F|70/100\n|move|p2a: Landorus|Earth Power|p1a: Hatterene\n|-damage|p1a: Hatterene|33/100\n|\n|upkeep\n|turn|10\n|\n|t:|1771256779\n|switch|p1a: Keldeo|Keldeo-Resolute|72/100\n|move|p2a: Landorus|Earth Power|p1a: Keldeo\n|-damage|p1a: Keldeo|31/100\n|\n|upkeep\n|turn|11\n|\n|t:|1771256787\n|move|p1a: Keldeo|Surf|p2a: Landorus\n|-supereffective|p2a: Landorus\n|-damage|p2a: Landorus|0 fnt\n|faint|p2a: Landorus\n|\n|upkeep\n|\n|t:|1771256793\n|switch|p2a: Darkrai|Darkrai|100/100\n|turn|12\n|\n|t:|1771256802\n|switch|p1a: Gliscor|Gliscor, F|75/100 tox\n|move|p2a: Darkrai|Sludge Bomb|p1a: Gliscor\n|-resisted|p1a: Gliscor\n|-damage|p1a: Gliscor|61/100 tox\n|\n|-heal|p1a: Gliscor|73/100 tox|[from] ability: Poison Heal\n|upkeep\n|turn|13\n|\n|t:|1771256813\n|switch|p1a: Hatterene|Hatterene, F|33/100\n|move|p2a: Darkrai|Nasty Plot|p2a: Darkrai\n|-boost|p2a: Darkrai|spa|2\n|\n|upkeep\n|turn|14\n|\n|t:|1771256816\n|move|p2a: Darkrai|Dark Pulse|p1a: Hatterene\n|-damage|p1a: Hatterene|0 fnt\n|faint|p1a: Hatterene\n|\n|upkeep\n|\n|t:|1771256820\n|switch|p1a: Dragonite|Dragonite, M|100/100\n|turn|15\n|\n|t:|1771256823\n|move|p2a: Darkrai|Dark Pulse|p1a: Dragonite\n|-damage|p1a: Dragonite|60/100\n|move|p1a: Dragonite|Dragon Tail|p2a: Darkrai\n|-damage|p2a: Darkrai|51/100\n|drag|p2a: Iron Valiant|Iron Valiant|100/100\n|-enditem|p2a: Iron Valiant|Booster Energy\n|-activate|p2a: Iron Valiant|ability: Quark Drive|[fromitem]\n|-start|p2a: Iron Valiant|quarkdrivespe\n|\n|upkeep\n|turn|16\n|inactive|bigtestsofbig has 120 seconds left.\n|\n|t:|1771256882\n|switch|p1a: Keldeo|Keldeo-Resolute|31/100\n|move|p2a: Iron Valiant|Spirit Break|p1a: Keldeo\n|-supereffective|p1a: Keldeo\n|-damage|p1a: Keldeo|0 fnt\n|faint|p1a: Keldeo\n|\n|upkeep\n|\n|t:|1771256887\n|switch|p1a: Gliscor|Gliscor, F|73/100 tox\n|turn|17\n|\n|t:|1771256892\n|move|p2a: Iron Valiant|Swords Dance|p2a: Iron Valiant\n|-boost|p2a: Iron Valiant|atk|2\n|move|p1a: Gliscor|Earthquake|p2a: Iron Valiant\n|-damage|p2a: Iron Valiant|60/100\n|\n|-heal|p1a: Gliscor|86/100 tox|[from] ability: Poison Heal\n|upkeep\n|turn|18\n|\n|t:|1771256896\n|move|p2a: Iron Valiant|Spirit Break|p1a: Gliscor\n|-damage|p1a: Gliscor|27/100 tox\n|-unboost|p1a: Gliscor|spa|1\n|move|p1a: Gliscor|Earthquake|p2a: Iron Valiant\n|-damage|p2a: Iron Valiant|19/100\n|\n|-heal|p1a: Gliscor|39/100 tox|[from] ability: Poison Heal\n|upkeep\n|turn|19\n|\n|t:|1771256905\n|move|p2a: Iron Valiant|Spirit Break|p1a: Gliscor\n|-damage|p1a: Gliscor|0 fnt\n|faint|p1a: Gliscor\n|\n|upkeep\n|\n|t:|1771256908\n|switch|p1a: Dragonite|Dragonite, M|60/100\n|turn|20\n|\n|t:|1771256918\n|-end|p2a: Iron Valiant|Quark Drive|[silent]\n|switch|p2a: Goodra|Goodra-Hisui, F|83/100\n|move|p1a: Dragonite|Extreme Speed|p2a: Goodra\n|-resisted|p2a: Goodra\n|-damage|p2a: Goodra|68/100\n|\n|upkeep\n|turn|21\n|\n|t:|1771256927\n|move|p1a: Dragonite|Roost|p1a: Dragonite\n|-heal|p1a: Dragonite|100/100\n|-singleturn|p1a: Dragonite|move: Roost\n|move|p2a: Goodra|Draco Meteor|p1a: Dragonite\n|-supereffective|p1a: Dragonite\n|-damage|p1a: Dragonite|40/100\n|-unboost|p2a: Goodra|spa|2\n|\n|upkeep\n|turn|22\n|\n|t:|1771256956\n|switch|p2a: Kyurem|Kyurem|100/100\n|-ability|p2a: Kyurem|Pressure\n|move|p1a: Dragonite|Roost|p1a: Dragonite\n|-heal|p1a: Dragonite|91/100\n|-singleturn|p1a: Dragonite|move: Roost\n|\n|upkeep\n|turn|23\n|\n|t:|1771256964\n|switch|p1a: Kingambit|Kingambit, M|82/100\n|-activate|p1a: Kingambit|ability: Supreme Overlord\n|-start|p1a: Kingambit|fallen3|[silent]\n|move|p2a: Kyurem|Icicle Spear|p1a: Kingambit\n|-resisted|p1a: Kingambit\n|-damage|p1a: Kingambit|77/100\n|-resisted|p1a: Kingambit\n|-damage|p1a: Kingambit|73/100\n|-resisted|p1a: Kingambit\n|-damage|p1a: Kingambit|68/100\n|-resisted|p1a: Kingambit\n|-damage|p1a: Kingambit|63/100\n|-resisted|p1a: Kingambit\n|-damage|p1a: Kingambit|59/100\n|-hitcount|p1a: Kingambit|5\n|\n|-heal|p1a: Kingambit|65/100|[from] item: Leftovers\n|upkeep\n|turn|24\n|\n|t:|1771256968\n|switch|p2a: Cinderace|Cinderace, F|84/100\n|move|p1a: Kingambit|Iron Head|p2a: Cinderace\n|-resisted|p2a: Cinderace\n|-damage|p2a: Cinderace|41/100\n|\n|-heal|p1a: Kingambit|71/100|[from] item: Leftovers\n|upkeep\n|turn|25\n|\n|t:|1771256973\n|move|p1a: Kingambit|Sucker Punch|p2a: Cinderace\n|-damage|p2a: Cinderace|0 fnt\n|faint|p2a: Cinderace\n|\n|-heal|p1a: Kingambit|77/100|[from] item: Leftovers\n|upkeep\n|\n|t:|1771256977\n|switch|p2a: Iron Valiant|Iron Valiant|19/100\n|turn|26\n|\n|t:|1771256997\n|move|p1a: Kingambit|Sucker Punch||[still]\n|-fail|p1a: Kingambit\n|move|p2a: Iron Valiant|Encore|p1a: Kingambit\n|-start|p1a: Kingambit|Encore\n|\n|-heal|p1a: Kingambit|84/100|[from] item: Leftovers\n|upkeep\n|turn|27\n|\n|t:|1771257008\n|move|p1a: Kingambit|Sucker Punch|p2a: Iron Valiant\n|-resisted|p2a: Iron Valiant\n|-damage|p2a: Iron Valiant|2/100\n|move|p2a: Iron Valiant|Spirit Break|p1a: Kingambit\n|-damage|p1a: Kingambit|55/100\n|-unboost|p1a: Kingambit|spa|1\n|\n|-heal|p1a: Kingambit|61/100|[from] item: Leftovers\n|upkeep\n|turn|28\n|\n|t:|1771257020\n|move|p1a: Kingambit|Sucker Punch||[still]\n|-fail|p1a: Kingambit\n|move|p2a: Iron Valiant|Swords Dance|p2a: Iron Valiant\n|-boost|p2a: Iron Valiant|atk|2\n|\n|-heal|p1a: Kingambit|67/100|[from] item: Leftovers\n|upkeep\n|turn|29\n|\n|t:|1771257025\n|move|p1a: Kingambit|Sucker Punch||[still]\n|-fail|p1a: Kingambit\n|move|p2a: Iron Valiant|Swords Dance|p2a: Iron Valiant\n|-boost|p2a: Iron Valiant|atk|2\n|\n|-heal|p1a: Kingambit|73/100|[from] item: Leftovers\n|-end|p1a: Kingambit|Encore\n|upkeep\n|turn|30\n|\n|t:|1771257034\n|move|p1a: Kingambit|Sucker Punch||[still]\n|-fail|p1a: Kingambit\n|move|p2a: Iron Valiant|Encore|p1a: Kingambit\n|-start|p1a: Kingambit|Encore\n|\n|-heal|p1a: Kingambit|79/100|[from] item: Leftovers\n|upkeep\n|turn|31\n|\n|t:|1771257039\n|-end|p1a: Kingambit|fallen3|[silent]\n|switch|p1a: Dragonite|Dragonite, M|91/100\n|move|p2a: Iron Valiant|Swords Dance|p2a: Iron Valiant\n|-boost|p2a: Iron Valiant|atk|2\n|\n|upkeep\n|turn|32\n|\n|t:|1771257042\n|-end|p2a: Iron Valiant|Quark Drive|[silent]\n|switch|p2a: Goodra|Goodra-Hisui, F|68/100\n|move|p1a: Dragonite|Extreme Speed|p2a: Goodra\n|-resisted|p2a: Goodra\n|-damage|p2a: Goodra|52/100\n|\n|upkeep\n|turn|33\n|inactive|bigtestsofbig has 120 seconds left.\n|\n|t:|1771257082\n|move|p1a: Dragonite|Earthquake|p2a: Goodra\n|-supereffective|p2a: Goodra\n|-damage|p2a: Goodra|0 fnt\n|faint|p2a: Goodra\n|\n|upkeep\n|\n|t:|1771257086\n|switch|p2a: Kyurem|Kyurem|100/100\n|-ability|p2a: Kyurem|Pressure\n|turn|34\n|inactive|bigtestsofbig has 120 seconds left.\n|inactive|bigtestsofbig has 90 seconds left.\n|\n|t:|1771257164\n|move|p2a: Kyurem|Dragon Dance|p2a: Kyurem\n|-boost|p2a: Kyurem|atk|1\n|-boost|p2a: Kyurem|spe|1\n|move|p1a: Dragonite|Dragon Tail|p2a: Kyurem\n|-supereffective|p2a: Kyurem\n|-damage|p2a: Kyurem|30/100\n|drag|p2a: Iron Valiant|Iron Valiant|2/100\n|\n|upkeep\n|turn|35\n|\n|t:|1771257173\n|move|p1a: Dragonite|Extreme Speed|p2a: Iron Valiant\n|-damage|p2a: Iron Valiant|0 fnt\n|faint|p2a: Iron Valiant\n|-end|p2a: Iron Valiant|Quark Drive|[silent]\n|\n|upkeep\n|\n|t:|1771257176\n|switch|p2a: Darkrai|Darkrai|51/100\n|turn|36\n|\n|t:|1771257179\n|move|p1a: Dragonite|Extreme Speed|p2a: Darkrai\n|-damage|p2a: Darkrai|9/100\n|move|p2a: Darkrai|Dark Pulse|p1a: Dragonite\n|-damage|p1a: Dragonite|54/100\n|\n|upkeep\n|turn|37\n|inactive|bigtestsofbig has 90 seconds left.\n|\n|t:|1771257188\n|switch|p1a: Iron Boulder|Iron Boulder|100/100\n|-enditem|p1a: Iron Boulder|Booster Energy\n|-activate|p1a: Iron Boulder|ability: Quark Drive|[fromitem]\n|-start|p1a: Iron Boulder|quarkdrivespe\n|move|p2a: Darkrai|Dark Pulse|p1a: Iron Boulder\n|-supereffective|p1a: Iron Boulder\n|-damage|p1a: Iron Boulder|14/100\n|\n|upkeep\n|turn|38\n|\n|t:|1771257192\n|move|p1a: Iron Boulder|Mighty Cleave|p2a: Darkrai\n|-damage|p2a: Darkrai|0 fnt\n|faint|p2a: Darkrai\n|\n|upkeep\n|\n|t:|1771257194\n|switch|p2a: Kyurem|Kyurem|30/100\n|-ability|p2a: Kyurem|Pressure\n|turn|39\n|-message|burrolio forfeited.\n|\n|win|bigtestsofbig\n|raw|bigtestsofbig's rating: 1583 &rarr; <strong>1605</strong><br />(+22 for winning)\n|raw|burrolio's rating: 1614 &rarr; <strong>1592</strong><br />(-22 for losing)\n|l|☆burrolio\n|player|p2|\n|l|☆bigtestsofbig\n|player|p1|\n|j|☆bigtestsofbig\n|player|p1|bigtestsofbig|169|\n", "uploadtime": 1771257385, "views": 5, "formatid": "gen9ou", "rating": 1592, "private": 0, "password": null}