{"id": "gen9ou-2639985512", "format": "[Gen 9] OU", "players": ["DuckyBro", "akamint"], "log": "|j|☆DuckyBro\n|j|☆akamint\n|t:|1782558420\n|gametype|singles\n|player|p1|DuckyBro|dragontamer|1678\n|player|p2|akamint|alder|1603\n|gen|9\n|tier|[Gen 9] OU\n|rated|\n|rule|HP Percentage Mod: HP is shown in percentages\n|rule|Endless Battle Clause: Forcing endless battles is banned\n|rule|Species Clause: Limit one of each Pokémon\n|rule|OHKO Clause: OHKO moves are banned\n|rule|Evasion Items Clause: Evasion items are banned\n|rule|Evasion Moves Clause: Evasion moves are banned\n|rule|Evasion Abilities Clause: Evasion abilities are banned\n|rule|Sleep Moves Clause: Sleep-inducing moves are banned\n|clearpoke\n|poke|p1|Cinderace, F|\n|poke|p1|Corviknight, F|\n|poke|p1|Garganacl, M|\n|poke|p1|Slowking-Galar, F|\n|poke|p1|Rillaboom, M|\n|poke|p1|Lokix, M|\n|poke|p2|Hoopa-Unbound|\n|poke|p2|Pecharunt|\n|poke|p2|Landorus-Therian, M|\n|poke|p2|Cinderace, M|\n|poke|p2|Alomomola, M|\n|poke|p2|Iron Valiant|\n|teampreview\n|inactive|Battle timer is ON: inactive players will automatically lose when time's up. (requested by akamint)\n|\n|t:|1782558441\n|teamsize|p1|6\n|teamsize|p2|6\n|start\n|switch|p1a: Lokix|Lokix, M|100/100\n|switch|p2a: Sonitor|Cinderace, M, shiny|100/100\n|turn|1\n|\n|t:|1782558447\n|-terastallize|p1a: Lokix|Bug\n|move|p1a: Lokix|First Impression|p2a: Sonitor\n|-resisted|p2a: Sonitor\n|-damage|p2a: Sonitor|0 fnt\n|faint|p2a: Sonitor\n|\n|upkeep\n|\n|t:|1782558459\n|switch|p2a: Momad|Hoopa-Unbound|100/100\n|turn|2\n|\n|t:|1782558465\n|switch|p1a: Corviknight|Corviknight, F|100/100\n|-ability|p1a: Corviknight|Pressure\n|move|p2a: Momad|Knock Off|p1a: Corviknight\n|-damage|p1a: Corviknight|42/100\n|-damage|p2a: Momad|84/100|[from] item: Rocky Helmet|[of] p1a: Corviknight\n|-enditem|p1a: Corviknight|Rocky Helmet|[from] move: Knock Off|[of] p2a: Momad\n|\n|upkeep\n|turn|3\n|\n|t:|1782558467\n|move|p2a: Momad|Knock Off|p1a: Corviknight\n|-damage|p1a: Corviknight|3/100\n|move|p1a: Corviknight|U-turn|p2a: Momad\n|-supereffective|p2a: Momad\n|-damage|p2a: Momad|0 fnt\n|faint|p2a: Momad\n|\n|t:|1782558473\n|switch|p1a: Lokix|Lokix, M, tera:Bug|100/100|[from] U-turn\n|\n|upkeep\n|\n|t:|1782558476\n|switch|p2a: Sonfries|Alomomola, M, shiny|100/100\n|turn|4\n|\n|t:|1782558481\n|move|p1a: Lokix|Knock Off|p2a: Sonfries\n|-damage|p2a: Sonfries|53/100\n|-enditem|p2a: Sonfries|Assault Vest|[from] move: Knock Off|[of] p1a: Lokix\n|move|p2a: Sonfries|Flip Turn|p1a: Lokix\n|-damage|p1a: Lokix|77/100\n|\n|t:|1782558488\n|switch|p2a: Ben|Landorus-Therian, M, shiny|100/100|[from] Flip Turn\n|-ability|p2a: Ben|Intimidate|boost\n|-unboost|p1a: Lokix|atk|1\n|\n|upkeep\n|turn|5\n|\n|t:|1782558493\n|move|p2a: Ben|Stone Edge|p1a: Lokix\n|-supereffective|p1a: Lokix\n|-damage|p1a: Lokix|0 fnt\n|faint|p1a: Lokix\n|\n|upkeep\n|\n|t:|1782558498\n|switch|p1a: Rillaboom|Rillaboom, M|100/100\n|-fieldstart|move: Grassy Terrain|[from] ability: Grassy Surge|[of] p1a: Rillaboom\n|turn|6\n|\n|t:|1782558501\n|switch|p2a: Soneybun|Pecharunt|100/100\n|move|p1a: Rillaboom|Knock Off|p2a: Soneybun\n|-supereffective|p2a: Soneybun\n|-damage|p2a: Soneybun|59/100\n|-enditem|p2a: Soneybun|Heavy-Duty Boots|[from] move: Knock Off|[of] p1a: Rillaboom\n|\n|-heal|p2a: Soneybun|65/100|[from] Grassy Terrain\n|upkeep\n|turn|7\n|\n|t:|1782558506\n|switch|p1a: Slowking|Slowking-Galar, F|100/100\n|move|p2a: Soneybun|Recover|p2a: Soneybun\n|-heal|p2a: Soneybun|100/100\n|\n|upkeep\n|turn|8\n|\n|t:|1782558515\n|switch|p2a: Sonfries|Alomomola, M, shiny|86/100\n|move|p1a: Slowking|Thunder Wave|p2a: Sonfries\n|-status|p2a: Sonfries|par\n|\n|-heal|p2a: Sonfries|93/100 par|[from] Grassy Terrain\n|upkeep\n|turn|9\n|\n|t:|1782558519\n|move|p1a: Slowking|Psychic Noise|p2a: Sonfries\n|-damage|p2a: Sonfries|67/100 par\n|-start|p2a: Sonfries|move: Heal Block\n|move|p2a: Sonfries|Flip Turn|p1a: Slowking\n|-damage|p1a: Slowking|84/100\n|\n|t:|1782558523\n|switch|p2a: Ben|Landorus-Therian, M, shiny|100/100|[from] Flip Turn\n|-ability|p2a: Ben|Intimidate|boost\n|-unboost|p1a: Slowking|atk|1\n|\n|-heal|p1a: Slowking|90/100|[from] Grassy Terrain\n|-heal|p1a: Slowking|96/100|[from] item: Leftovers\n|upkeep\n|turn|10\n|\n|t:|1782558530\n|move|p2a: Ben|U-turn|p1a: Slowking\n|-damage|p1a: Slowking|69/100\n|\n|t:|1782558532\n|switch|p2a: Sonfries|Alomomola, M, shiny|99/100 par|[from] U-turn\n|move|p1a: Slowking|Disable||[still]\n|-fail|p1a: Slowking\n|\n|-heal|p1a: Slowking|75/100|[from] Grassy Terrain\n|-heal|p1a: Slowking|81/100|[from] item: Leftovers\n|-heal|p2a: Sonfries|100/100 par|[from] Grassy Terrain\n|-fieldend|move: Grassy Terrain\n|upkeep\n|turn|11\n|\n|t:|1782558536\n|-prepare|p1a: Slowking|Chilly Reception|[premajor]\n|move|p1a: Slowking|Chilly Reception|p1a: Slowking\n|-weather|Snowscape\n|\n|t:|1782558539\n|switch|p1a: Corviknight|Corviknight, F|3/100|[from] Chilly Reception\n|-ability|p1a: Corviknight|Pressure\n|move|p2a: Sonfries|Mirror Coat||[still]\n|-fail|p2a: Sonfries\n|\n|-weather|Snowscape|[upkeep]\n|upkeep\n|turn|12\n|\n|t:|1782558544\n|move|p2a: Sonfries|Aqua Jet|p1a: Corviknight\n|-damage|p1a: Corviknight|0 fnt\n|faint|p1a: Corviknight\n|\n|-weather|Snowscape|[upkeep]\n|upkeep\n|\n|t:|1782558549\n|switch|p1a: Garganacl|Garganacl, M|100/100\n|turn|13\n|\n|t:|1782558553\n|move|p1a: Garganacl|Salt Cure|p2a: Sonfries\n|-damage|p2a: Sonfries|90/100 par\n|-start|p2a: Sonfries|Salt Cure\n|cant|p2a: Sonfries|par\n|\n|-weather|Snowscape|[upkeep]\n|-damage|p2a: Sonfries|65/100 par|[from] Salt Cure\n|upkeep\n|turn|14\n|\n|t:|1782558559\n|move|p1a: Garganacl|Protect|p1a: Garganacl\n|-singleturn|p1a: Garganacl|Protect\n|move|p2a: Sonfries|Flip Turn|p1a: Garganacl\n|-activate|p1a: Garganacl|move: Protect\n|\n|-weather|Snowscape|[upkeep]\n|-damage|p2a: Sonfries|40/100 par|[from] Salt Cure\n|upkeep\n|turn|15\n|\n|t:|1782558563\n|move|p1a: Garganacl|Salt Cure|p2a: Sonfries\n|-damage|p2a: Sonfries|30/100 par\n|move|p2a: Sonfries|Flip Turn|p1a: Garganacl\n|-supereffective|p1a: Garganacl\n|-damage|p1a: Garganacl|85/100\n|\n|t:|1782558567\n|switch|p2a: Michael JackSON|Iron Valiant, shiny|100/100|[from] Flip Turn\n|\n|-weather|none\n|-heal|p1a: Garganacl|91/100|[from] item: Leftovers\n|upkeep\n|turn|16\n|\n|t:|1782558573\n|move|p1a: Garganacl|Protect|p1a: Garganacl\n|-singleturn|p1a: Garganacl|Protect\n|move|p2a: Michael JackSON|Shadow Ball|p1a: Garganacl\n|-activate|p1a: Garganacl|move: Protect\n|\n|-heal|p1a: Garganacl|98/100|[from] item: Leftovers\n|upkeep\n|turn|17\n|\n|t:|1782558576\n|move|p2a: Michael JackSON|Shadow Ball|p1a: Garganacl\n|-damage|p1a: Garganacl|78/100\n|move|p1a: Garganacl|Salt Cure|p2a: Michael JackSON\n|-resisted|p2a: Michael JackSON\n|-damage|p2a: Michael JackSON|92/100\n|-start|p2a: Michael JackSON|Salt Cure\n|\n|-heal|p1a: Garganacl|84/100|[from] item: Leftovers\n|-damage|p2a: Michael JackSON|79/100|[from] Salt Cure\n|upkeep\n|turn|18\n|\n|t:|1782558581\n|-end|p2a: Michael JackSON|Quark Drive|[silent]\n|switch|p2a: Ben|Landorus-Therian, M, shiny|100/100\n|-ability|p2a: Ben|Intimidate|boost\n|-unboost|p1a: Garganacl|atk|1\n|move|p1a: Garganacl|Salt Cure|p2a: Ben\n|-damage|p2a: Ben|90/100\n|-start|p2a: Ben|Salt Cure\n|\n|-heal|p1a: Garganacl|91/100|[from] item: Leftovers\n|-damage|p2a: Ben|78/100|[from] Salt Cure\n|upkeep\n|turn|19\n|\n|t:|1782558587\n|switch|p2a: Sonfries|Alomomola, M, shiny|63/100 par\n|move|p1a: Garganacl|Protect||[still]\n|-fail|p1a: Garganacl\n|\n|-heal|p1a: Garganacl|97/100|[from] item: Leftovers\n|upkeep\n|turn|20\n|\n|t:|1782558589\n|move|p1a: Garganacl|Salt Cure|p2a: Sonfries\n|-damage|p2a: Sonfries|56/100 par\n|-start|p2a: Sonfries|Salt Cure\n|move|p2a: Sonfries|Flip Turn|p1a: Garganacl\n|-supereffective|p1a: Garganacl\n|-damage|p1a: Garganacl|78/100\n|\n|t:|1782558593\n|switch|p2a: Ben|Landorus-Therian, M, shiny|78/100|[from] Flip Turn\n|-ability|p2a: Ben|Intimidate|boost\n|-unboost|p1a: Garganacl|atk|1\n|\n|-heal|p1a: Garganacl|85/100|[from] item: Leftovers\n|upkeep\n|turn|21\n|\n|t:|1782558597\n|-terastallize|p2a: Ben|Ground\n|move|p1a: Garganacl|Protect|p1a: Garganacl\n|-singleturn|p1a: Garganacl|Protect\n|move|p2a: Ben|Earthquake|p1a: Garganacl\n|-activate|p1a: Garganacl|move: Protect\n|\n|-heal|p1a: Garganacl|91/100|[from] item: Leftovers\n|upkeep\n|turn|22\n|\n|t:|1782558603\n|switch|p1a: Rillaboom|Rillaboom, M|100/100\n|-fieldstart|move: Grassy Terrain|[from] ability: Grassy Surge|[of] p1a: Rillaboom\n|move|p2a: Ben|Earthquake|p1a: Rillaboom\n|-resisted|p1a: Rillaboom\n|-damage|p1a: Rillaboom|78/100\n|\n|-heal|p2a: Ben|84/100|[from] Grassy Terrain\n|-heal|p1a: Rillaboom|84/100|[from] Grassy Terrain\n|upkeep\n|turn|23\n|\n|t:|1782558607\n|switch|p2a: Soneybun|Pecharunt|100/100\n|move|p1a: Rillaboom|U-turn|p2a: Soneybun\n|-resisted|p2a: Soneybun\n|-crit|p2a: Soneybun\n|-damage|p2a: Soneybun|95/100\n|\n|t:|1782558609\n|switch|p1a: Slowking|Slowking-Galar, F|100/100|[from] U-turn\n|\n|-heal|p2a: Soneybun|100/100|[from] Grassy Terrain\n|upkeep\n|turn|24\n|\n|t:|1782558614\n|switch|p2a: Sonfries|Alomomola, M, shiny|90/100 par\n|move|p1a: Slowking|Psychic Noise|p2a: Sonfries\n|-damage|p2a: Sonfries|62/100 par\n|-start|p2a: Sonfries|move: Heal Block\n|\n|upkeep\n|turn|25\n|\n|t:|1782558617\n|move|p1a: Slowking|Psychic Noise|p2a: Sonfries\n|-damage|p2a: Sonfries|35/100 par\n|move|p2a: Sonfries|Flip Turn|p1a: Slowking\n|-damage|p1a: Slowking|85/100\n|\n|t:|1782558621\n|switch|p2a: Ben|Landorus-Therian, M, shiny, tera:Ground|84/100|[from] Flip Turn\n|-ability|p2a: Ben|Intimidate|boost\n|-unboost|p1a: Slowking|atk|1\n|\n|-heal|p2a: Ben|90/100|[from] Grassy Terrain\n|-heal|p1a: Slowking|91/100|[from] Grassy Terrain\n|-heal|p1a: Slowking|97/100|[from] item: Leftovers\n|upkeep\n|turn|26\n|\n|t:|1782558626\n|move|p2a: Ben|Earthquake|p1a: Slowking\n|-supereffective|p1a: Slowking\n|-damage|p1a: Slowking|15/100\n|move|p1a: Slowking|Disable|p2a: Ben\n|-start|p2a: Ben|Disable|Earthquake\n|\n|-heal|p2a: Ben|96/100|[from] Grassy Terrain\n|-heal|p1a: Slowking|21/100|[from] Grassy Terrain\n|-heal|p1a: Slowking|27/100|[from] item: Leftovers\n|-fieldend|move: Grassy Terrain\n|upkeep\n|turn|27\n|\n|t:|1782558641\n|switch|p2a: Sonfries|Alomomola, M, shiny|68/100 par\n|-prepare|p1a: Slowking|Chilly Reception|[premajor]\n|move|p1a: Slowking|Chilly Reception|p1a: Slowking\n|-weather|Snowscape\n|\n|t:|1782558644\n|switch|p1a: Rillaboom|Rillaboom, M|84/100|[from] Chilly Reception\n|-fieldstart|move: Grassy Terrain|[from] ability: Grassy Surge|[of] p1a: Rillaboom\n|\n|-weather|Snowscape|[upkeep]\n|-heal|p1a: Rillaboom|90/100|[from] Grassy Terrain\n|-heal|p2a: Sonfries|74/100 par|[from] Grassy Terrain\n|upkeep\n|turn|28\n|\n|t:|1782558653\n|switch|p2a: Soneybun|Pecharunt|100/100\n|move|p1a: Rillaboom|U-turn|p2a: Soneybun\n|-resisted|p2a: Soneybun\n|-damage|p2a: Soneybun|97/100\n|\n|t:|1782558655\n|switch|p1a: Garganacl|Garganacl, M|91/100|[from] U-turn\n|\n|-weather|Snowscape|[upkeep]\n|-heal|p2a: Soneybun|100/100|[from] Grassy Terrain\n|-heal|p1a: Garganacl|97/100|[from] Grassy Terrain\n|-heal|p1a: Garganacl|100/100|[from] item: Leftovers\n|upkeep\n|turn|29\n|\n|t:|1782558657\n|move|p2a: Soneybun|Parting Shot|p1a: Garganacl\n|-unboost|p1a: Garganacl|atk|1\n|-unboost|p1a: Garganacl|spa|1\n|\n|t:|1782558663\n|switch|p2a: Sonfries|Alomomola, M, shiny|100/100 par|[from] Parting Shot\n|move|p1a: Garganacl|Salt Cure|p2a: Sonfries\n|-damage|p2a: Sonfries|94/100 par\n|-start|p2a: Sonfries|Salt Cure\n|\n|-weather|Snowscape|[upkeep]\n|-heal|p2a: Sonfries|100/100 par|[from] Grassy Terrain\n|-damage|p2a: Sonfries|76/100 par|[from] Salt Cure\n|upkeep\n|turn|30\n|\n|t:|1782558670\n|switch|p2a: Ben|Landorus-Therian, M, shiny, tera:Ground|96/100\n|-ability|p2a: Ben|Intimidate|boost\n|-unboost|p1a: Garganacl|atk|1\n|move|p1a: Garganacl|Protect||[still]\n|-fail|p1a: Garganacl\n|\n|-weather|Snowscape|[upkeep]\n|-heal|p2a: Ben|100/100|[from] Grassy Terrain\n|upkeep\n|turn|31\n|\n|t:|1782558676\n|move|p2a: Ben|Grass Knot|p1a: Garganacl\n|-supereffective|p1a: Garganacl\n|-damage|p1a: Garganacl|33/100\n|move|p1a: Garganacl|Salt Cure|p2a: Ben\n|-resisted|p2a: Ben\n|-damage|p2a: Ben|96/100\n|-start|p2a: Ben|Salt Cure\n|\n|-weather|none\n|-heal|p2a: Ben|100/100|[from] Grassy Terrain\n|-heal|p1a: Garganacl|39/100|[from] Grassy Terrain\n|-heal|p1a: Garganacl|45/100|[from] item: Leftovers\n|-damage|p2a: Ben|88/100|[from] Salt Cure\n|-fieldend|move: Grassy Terrain\n|upkeep\n|turn|32\n|\n|t:|1782558684\n|switch|p2a: Michael JackSON|Iron Valiant, shiny|79/100\n|switch|p1a: Rillaboom|Rillaboom, M|90/100\n|-fieldstart|move: Grassy Terrain|[from] ability: Grassy Surge|[of] p1a: Rillaboom\n|\n|-heal|p2a: Michael JackSON|85/100|[from] Grassy Terrain\n|-heal|p1a: Rillaboom|96/100|[from] Grassy Terrain\n|upkeep\n|turn|33\n|\n|t:|1782558690\n|-end|p2a: Michael JackSON|Quark Drive|[silent]\n|switch|p2a: Soneybun|Pecharunt|100/100\n|move|p1a: Rillaboom|Wood Hammer|p2a: Soneybun\n|-resisted|p2a: Soneybun\n|-damage|p2a: Soneybun|75/100\n|-damage|p1a: Rillaboom|87/100|[from] Recoil\n|\n|-heal|p1a: Rillaboom|93/100|[from] Grassy Terrain\n|-heal|p2a: Soneybun|81/100|[from] Grassy Terrain\n|upkeep\n|turn|34\n|\n|t:|1782558693\n|switch|p1a: Garganacl|Garganacl, M|45/100\n|move|p2a: Soneybun|Parting Shot|p1a: Garganacl\n|-unboost|p1a: Garganacl|atk|1\n|-unboost|p1a: Garganacl|spa|1\n|\n|t:|1782558697\n|switch|p2a: Ben|Landorus-Therian, M, shiny, tera:Ground|88/100|[from] Parting Shot\n|-ability|p2a: Ben|Intimidate|boost\n|-unboost|p1a: Garganacl|atk|1\n|\n|-heal|p2a: Ben|94/100|[from] Grassy Terrain\n|-heal|p1a: Garganacl|51/100|[from] Grassy Terrain\n|-heal|p1a: Garganacl|57/100|[from] item: Leftovers\n|upkeep\n|turn|35\n|\n|t:|1782558701\n|move|p1a: Garganacl|Protect|p1a: Garganacl\n|-singleturn|p1a: Garganacl|Protect\n|move|p2a: Ben|Grass Knot|p1a: Garganacl\n|-activate|p1a: Garganacl|move: Protect\n|\n|-heal|p2a: Ben|99/100|[from] Grassy Terrain\n|-heal|p1a: Garganacl|64/100|[from] Grassy Terrain\n|-heal|p1a: Garganacl|70/100|[from] item: Leftovers\n|upkeep\n|turn|36\n|\n|t:|1782558708\n|switch|p1a: Rillaboom|Rillaboom, M|93/100\n|move|p2a: Ben|Grass Knot|p1a: Rillaboom\n|-resisted|p1a: Rillaboom\n|-damage|p1a: Rillaboom|77/100\n|\n|-heal|p2a: Ben|100/100|[from] Grassy Terrain\n|-heal|p1a: Rillaboom|83/100|[from] Grassy Terrain\n|-fieldend|move: Grassy Terrain\n|upkeep\n|turn|37\n|\n|t:|1782558714\n|switch|p2a: Soneybun|Pecharunt|81/100\n|move|p1a: Rillaboom|Knock Off|p2a: Soneybun\n|-supereffective|p2a: Soneybun\n|-damage|p2a: Soneybun|49/100\n|\n|upkeep\n|turn|38\n|\n|t:|1782558720\n|switch|p1a: Garganacl|Garganacl, M|70/100\n|move|p2a: Soneybun|Parting Shot|p1a: Garganacl\n|-unboost|p1a: Garganacl|atk|1\n|-unboost|p1a: Garganacl|spa|1\n|\n|t:|1782558727\n|switch|p2a: Sonfries|Alomomola, M, shiny|100/100 par|[from] Parting Shot\n|\n|-heal|p1a: Garganacl|76/100|[from] item: Leftovers\n|upkeep\n|turn|39\n|\n|t:|1782558730\n|move|p1a: Garganacl|Salt Cure|p2a: Sonfries\n|-damage|p2a: Sonfries|94/100 par\n|-start|p2a: Sonfries|Salt Cure\n|move|p2a: Sonfries|Mirror Coat||[still]\n|-fail|p2a: Sonfries\n|\n|-heal|p1a: Garganacl|82/100|[from] item: Leftovers\n|-damage|p2a: Sonfries|69/100 par|[from] Salt Cure\n|upkeep\n|turn|40\n|\n|t:|1782558737\n|move|p1a: Garganacl|Earthquake|p2a: Sonfries\n|-damage|p2a: Sonfries|57/100 par\n|move|p2a: Sonfries|Flip Turn|p1a: Garganacl\n|-supereffective|p1a: Garganacl\n|-damage|p1a: Garganacl|65/100\n|\n|t:|1782558742\n|switch|p2a: Soneybun|Pecharunt|49/100|[from] Flip Turn\n|\n|-heal|p1a: Garganacl|72/100|[from] item: Leftovers\n|upkeep\n|turn|41\n|\n|t:|1782558747\n|move|p2a: Soneybun|Recover|p2a: Soneybun\n|-heal|p2a: Soneybun|99/100\n|move|p1a: Garganacl|Earthquake|p2a: Soneybun\n|-supereffective|p2a: Soneybun\n|-damage|p2a: Soneybun|84/100\n|\n|-heal|p1a: Garganacl|78/100|[from] item: Leftovers\n|upkeep\n|turn|42\n|\n|t:|1782558749\n|switch|p2a: Sonfries|Alomomola, M, shiny|91/100 par\n|move|p1a: Garganacl|Salt Cure|p2a: Sonfries\n|-crit|p2a: Sonfries\n|-damage|p2a: Sonfries|76/100 par\n|-start|p2a: Sonfries|Salt Cure\n|\n|-heal|p1a: Garganacl|84/100|[from] item: Leftovers\n|-damage|p2a: Sonfries|51/100 par|[from] Salt Cure\n|upkeep\n|turn|43\n|\n|t:|1782558754\n|switch|p1a: Rillaboom|Rillaboom, M|83/100\n|-fieldstart|move: Grassy Terrain|[from] ability: Grassy Surge|[of] p1a: Rillaboom\n|switch|p2a: Ben|Landorus-Therian, M, shiny, tera:Ground|100/100\n|-ability|p2a: Ben|Intimidate|boost\n|-unboost|p1a: Rillaboom|atk|1\n|\n|-heal|p1a: Rillaboom|89/100|[from] Grassy Terrain\n|upkeep\n|turn|44\n|\n|t:|1782558770\n|switch|p2a: Soneybun|Pecharunt|84/100\n|move|p1a: Rillaboom|Grassy Glide|p2a: Soneybun\n|-resisted|p2a: Soneybun\n|-crit|p2a: Soneybun\n|-damage|p2a: Soneybun|65/100\n|\n|-heal|p1a: Rillaboom|95/100|[from] Grassy Terrain\n|-heal|p2a: Soneybun|71/100|[from] Grassy Terrain\n|upkeep\n|turn|45\n|\n|t:|1782558777\n|switch|p1a: Garganacl|Garganacl, M|84/100\n|move|p2a: Soneybun|Parting Shot|p1a: Garganacl\n|-unboost|p1a: Garganacl|atk|1\n|-unboost|p1a: Garganacl|spa|1\n|\n|t:|1782558787\n|switch|p2a: Ben|Landorus-Therian, M, shiny, tera:Ground|100/100|[from] Parting Shot\n|-ability|p2a: Ben|Intimidate|boost\n|-unboost|p1a: Garganacl|atk|1\n|\n|-heal|p1a: Garganacl|90/100|[from] Grassy Terrain\n|-heal|p1a: Garganacl|96/100|[from] item: Leftovers\n|upkeep\n|turn|46\n|\n|t:|1782558793\n|move|p1a: Garganacl|Protect|p1a: Garganacl\n|-singleturn|p1a: Garganacl|Protect\n|move|p2a: Ben|Grass Knot|p1a: Garganacl\n|-activate|p1a: Garganacl|move: Protect\n|\n|-heal|p1a: Garganacl|100/100|[from] Grassy Terrain\n|upkeep\n|turn|47\n|\n|t:|1782558798\n|switch|p2a: Soneybun|Pecharunt|71/100\n|switch|p1a: Slowking|Slowking-Galar, F|61/100\n|\n|-heal|p2a: Soneybun|77/100|[from] Grassy Terrain\n|-heal|p1a: Slowking|67/100|[from] Grassy Terrain\n|-heal|p1a: Slowking|73/100|[from] item: Leftovers\n|-fieldend|move: Grassy Terrain\n|upkeep\n|turn|48\n|\n|t:|1782558804\n|switch|p2a: Sonfries|Alomomola, M, shiny|85/100 par\n|move|p1a: Slowking|Psychic Noise|p2a: Sonfries\n|-damage|p2a: Sonfries|59/100 par\n|-start|p2a: Sonfries|move: Heal Block\n|\n|-heal|p1a: Slowking|79/100|[from] item: Leftovers\n|upkeep\n|turn|49\n|\n|t:|1782558810\n|move|p1a: Slowking|Psychic Noise|p2a: Sonfries\n|-damage|p2a: Sonfries|31/100 par\n|move|p2a: Sonfries|Mirror Coat|p1a: Slowking\n|-damage|p1a: Slowking|4/100\n|\n|-heal|p1a: Slowking|10/100|[from] item: Leftovers\n|-end|p2a: Sonfries|move: Heal Block\n|upkeep\n|turn|50\n|\n|t:|1782558815\n|cant|p2a: Sonfries|par\n|-prepare|p1a: Slowking|Chilly Reception|[premajor]\n|move|p1a: Slowking|Chilly Reception|p1a: Slowking\n|-weather|Snowscape\n|\n|t:|1782558821\n|switch|p1a: Garganacl|Garganacl, M|100/100|[from] Chilly Reception\n|\n|-weather|Snowscape|[upkeep]\n|upkeep\n|turn|51\n|\n|t:|1782558829\n|switch|p2a: Soneybun|Pecharunt|77/100\n|move|p1a: Garganacl|Salt Cure|p2a: Soneybun\n|-damage|p2a: Soneybun|70/100\n|-start|p2a: Soneybun|Salt Cure\n|\n|-weather|Snowscape|[upkeep]\n|-damage|p2a: Soneybun|57/100|[from] Salt Cure\n|upkeep\n|turn|52\n|\n|t:|1782558832\n|move|p1a: Garganacl|Protect|p1a: Garganacl\n|-singleturn|p1a: Garganacl|Protect\n|move|p2a: Soneybun|Recover|p2a: Soneybun\n|-heal|p2a: Soneybun|100/100\n|\n|-weather|Snowscape|[upkeep]\n|-damage|p2a: Soneybun|88/100|[from] Salt Cure\n|upkeep\n|turn|53\n|\n|t:|1782558834\n|switch|p2a: Sonfries|Alomomola, M, shiny|65/100 par\n|move|p1a: Garganacl|Earthquake|p2a: Sonfries\n|-damage|p2a: Sonfries|49/100 par\n|\n|-weather|Snowscape|[upkeep]\n|upkeep\n|turn|54\n|\n|t:|1782558837\n|switch|p2a: Soneybun|Pecharunt|88/100\n|move|p1a: Garganacl|Salt Cure|p2a: Soneybun\n|-damage|p2a: Soneybun|81/100\n|-start|p2a: Soneybun|Salt Cure\n|\n|-weather|none\n|-damage|p2a: Soneybun|69/100|[from] Salt Cure\n|upkeep\n|turn|55\n|\n|t:|1782558841\n|switch|p2a: Sonfries|Alomomola, M, shiny|82/100 par\n|move|p1a: Garganacl|Earthquake|p2a: Sonfries\n|-damage|p2a: Sonfries|67/100 par\n|\n|upkeep\n|turn|56\n|\n|t:|1782558844\n|move|p1a: Garganacl|Earthquake|p2a: Sonfries\n|-damage|p2a: Sonfries|51/100 par\n|move|p2a: Sonfries|Flip Turn|p1a: Garganacl\n|-supereffective|p1a: Garganacl\n|-damage|p1a: Garganacl|84/100\n|\n|t:|1782558848\n|switch|p2a: Ben|Landorus-Therian, M, shiny, tera:Ground|100/100|[from] Flip Turn\n|-ability|p2a: Ben|Intimidate|boost\n|-unboost|p1a: Garganacl|atk|1\n|\n|-heal|p1a: Garganacl|90/100|[from] item: Leftovers\n|upkeep\n|turn|57\n|\n|t:|1782558864\n|move|p1a: Garganacl|Protect|p1a: Garganacl\n|-singleturn|p1a: Garganacl|Protect\n|move|p2a: Ben|Earthquake|p1a: Garganacl\n|-activate|p1a: Garganacl|move: Protect\n|\n|-heal|p1a: Garganacl|97/100|[from] item: Leftovers\n|upkeep\n|turn|58\n|\n|t:|1782558868\n|switch|p1a: Rillaboom|Rillaboom, M|95/100\n|-fieldstart|move: Grassy Terrain|[from] ability: Grassy Surge|[of] p1a: Rillaboom\n|move|p2a: Ben|Earthquake|p1a: Rillaboom\n|-resisted|p1a: Rillaboom\n|-damage|p1a: Rillaboom|70/100\n|\n|-heal|p1a: Rillaboom|76/100|[from] Grassy Terrain\n|upkeep\n|turn|59\n|\n|t:|1782558881\n|switch|p2a: Michael JackSON|Iron Valiant, shiny|85/100\n|move|p1a: Rillaboom|Knock Off|p2a: Michael JackSON\n|-resisted|p2a: Michael JackSON\n|-crit|p2a: Michael JackSON\n|-damage|p2a: Michael JackSON|60/100\n|-enditem|p2a: Michael JackSON|Choice Specs|[from] move: Knock Off|[of] p1a: Rillaboom\n|\n|-heal|p2a: Michael JackSON|66/100|[from] Grassy Terrain\n|-heal|p1a: Rillaboom|82/100|[from] Grassy Terrain\n|upkeep\n|turn|60\n|\n|t:|1782558891\n|switch|p1a: Garganacl|Garganacl, M|97/100\n|move|p2a: Michael JackSON|Moonblast|p1a: Garganacl\n|-damage|p1a: Garganacl|53/100\n|\n|-heal|p2a: Michael JackSON|72/100|[from] Grassy Terrain\n|-heal|p1a: Garganacl|60/100|[from] Grassy Terrain\n|-heal|p1a: Garganacl|66/100|[from] item: Leftovers\n|upkeep\n|turn|61\n|\n|t:|1782558902\n|-end|p2a: Michael JackSON|Quark Drive|[silent]\n|switch|p2a: Sonfries|Alomomola, M, shiny|84/100 par\n|move|p1a: Garganacl|Recover|p1a: Garganacl\n|-heal|p1a: Garganacl|100/100\n|\n|-heal|p2a: Sonfries|90/100 par|[from] Grassy Terrain\n|upkeep\n|turn|62\n|\n|t:|1782558908\n|move|p1a: Garganacl|Salt Cure|p2a: Sonfries\n|-damage|p2a: Sonfries|80/100 par\n|-start|p2a: Sonfries|Salt Cure\n|move|p2a: Sonfries|Flip Turn|p1a: Garganacl\n|-supereffective|p1a: Garganacl\n|-crit|p1a: Garganacl\n|-damage|p1a: Garganacl|77/100\n|\n|t:|1782558912\n|switch|p2a: Ben|Landorus-Therian, M, shiny, tera:Ground|100/100|[from] Flip Turn\n|-ability|p2a: Ben|Intimidate|boost\n|-unboost|p1a: Garganacl|atk|1\n|\n|-heal|p1a: Garganacl|83/100|[from] Grassy Terrain\n|-heal|p1a: Garganacl|89/100|[from] item: Leftovers\n|-fieldend|move: Grassy Terrain\n|upkeep\n|turn|63\n|\n|t:|1782558925\n|move|p1a: Garganacl|Protect|p1a: Garganacl\n|-singleturn|p1a: Garganacl|Protect\n|move|p2a: Ben|Grass Knot|p1a: Garganacl\n|-activate|p1a: Garganacl|move: Protect\n|\n|-heal|p1a: Garganacl|95/100|[from] item: Leftovers\n|upkeep\n|turn|64\n|\n|t:|1782558930\n|switch|p2a: Soneybun|Pecharunt|69/100\n|switch|p1a: Rillaboom|Rillaboom, M|82/100\n|-fieldstart|move: Grassy Terrain|[from] ability: Grassy Surge|[of] p1a: Rillaboom\n|\n|-heal|p1a: Rillaboom|88/100|[from] Grassy Terrain\n|-heal|p2a: Soneybun|75/100|[from] Grassy Terrain\n|upkeep\n|turn|65\n|\n|t:|1782558933\n|move|p1a: Rillaboom|U-turn|p2a: Soneybun\n|-resisted|p2a: Soneybun\n|-damage|p2a: Soneybun|70/100\n|\n|t:|1782558935\n|switch|p1a: Garganacl|Garganacl, M|95/100|[from] U-turn\n|move|p2a: Soneybun|Recover|p2a: Soneybun\n|-heal|p2a: Soneybun|100/100\n|\n|-heal|p1a: Garganacl|100/100|[from] Grassy Terrain\n|upkeep\n|turn|66\n|\n|t:|1782558940\n|move|p2a: Soneybun|Parting Shot|p1a: Garganacl\n|-unboost|p1a: Garganacl|atk|1\n|-unboost|p1a: Garganacl|spa|1\n|\n|t:|1782558943\n|switch|p2a: Sonfries|Alomomola, M, shiny|100/100 par|[from] Parting Shot\n|move|p1a: Garganacl|Salt Cure|p2a: Sonfries\n|-damage|p2a: Sonfries|94/100 par\n|-start|p2a: Sonfries|Salt Cure\n|\n|-heal|p2a: Sonfries|99/100 par|[from] Grassy Terrain\n|-damage|p2a: Sonfries|75/100 par|[from] Salt Cure\n|upkeep\n|turn|67\n|\n|t:|1782558950\n|switch|p1a: Slowking|Slowking-Galar, F|43/100\n|cant|p2a: Sonfries|par\n|\n|-heal|p1a: Slowking|49/100|[from] Grassy Terrain\n|-heal|p1a: Slowking|55/100|[from] item: Leftovers\n|-heal|p2a: Sonfries|82/100 par|[from] Grassy Terrain\n|-damage|p2a: Sonfries|57/100 par|[from] Salt Cure\n|upkeep\n|turn|68\n|\n|t:|1782558957\n|move|p1a: Slowking|Disable||[still]\n|-fail|p1a: Slowking\n|move|p2a: Sonfries|Flip Turn|p1a: Slowking\n|-damage|p1a: Slowking|39/100\n|\n|t:|1782558961\n|switch|p2a: Ben|Landorus-Therian, M, shiny, tera:Ground|100/100|[from] Flip Turn\n|-ability|p2a: Ben|Intimidate|boost\n|-unboost|p1a: Slowking|atk|1\n|\n|-heal|p1a: Slowking|45/100|[from] Grassy Terrain\n|-heal|p1a: Slowking|52/100|[from] item: Leftovers\n|-fieldend|move: Grassy Terrain\n|upkeep\n|turn|69\n|\n|t:|1782558971\n|move|p2a: Ben|U-turn|p1a: Slowking\n|-crit|p1a: Slowking\n|-damage|p1a: Slowking|16/100\n|\n|t:|1782558974\n|switch|p2a: Sonfries|Alomomola, M, shiny|90/100 par|[from] U-turn\n|-prepare|p1a: Slowking|Chilly Reception|[premajor]\n|move|p1a: Slowking|Chilly Reception|p1a: Slowking\n|-weather|Snowscape\n|\n|t:|1782558978\n|switch|p1a: Rillaboom|Rillaboom, M|88/100|[from] Chilly Reception\n|-fieldstart|move: Grassy Terrain|[from] ability: Grassy Surge|[of] p1a: Rillaboom\n|\n|-weather|Snowscape|[upkeep]\n|-heal|p1a: Rillaboom|94/100|[from] Grassy Terrain\n|-heal|p2a: Sonfries|96/100 par|[from] Grassy Terrain\n|upkeep\n|turn|70\n|\n|t:|1782558982\n|switch|p2a: Soneybun|Pecharunt|100/100\n|move|p1a: Rillaboom|Wood Hammer|p2a: Soneybun\n|-resisted|p2a: Soneybun\n|-damage|p2a: Soneybun|73/100\n|-damage|p1a: Rillaboom|84/100|[from] Recoil\n|\n|-weather|Snowscape|[upkeep]\n|-heal|p1a: Rillaboom|90/100|[from] Grassy Terrain\n|-heal|p2a: Soneybun|79/100|[from] Grassy Terrain\n|upkeep\n|turn|71\n|\n|t:|1782558986\n|switch|p1a: Garganacl|Garganacl, M|100/100\n|move|p2a: Soneybun|Parting Shot|p1a: Garganacl\n|-unboost|p1a: Garganacl|atk|1\n|-unboost|p1a: Garganacl|spa|1\n|\n|t:|1782558989\n|switch|p2a: Ben|Landorus-Therian, M, shiny, tera:Ground|100/100|[from] Parting Shot\n|-ability|p2a: Ben|Intimidate|boost\n|-unboost|p1a: Garganacl|atk|1\n|\n|-weather|Snowscape|[upkeep]\n|upkeep\n|turn|72\n|\n|t:|1782559003\n|move|p2a: Ben|Grass Knot|p1a: Garganacl\n|-supereffective|p1a: Garganacl\n|-damage|p1a: Garganacl|33/100\n|move|p1a: Garganacl|Recover|p1a: Garganacl\n|-heal|p1a: Garganacl|83/100\n|\n|-weather|Snowscape|[upkeep]\n|-heal|p1a: Garganacl|89/100|[from] Grassy Terrain\n|-heal|p1a: Garganacl|95/100|[from] item: Leftovers\n|upkeep\n|turn|73\n|\n|t:|1782559011\n|switch|p2a: Soneybun|Pecharunt|79/100\n|switch|p1a: Slowking|Slowking-Galar, F|49/100\n|\n|-weather|none\n|-heal|p2a: Soneybun|85/100|[from] Grassy Terrain\n|-heal|p1a: Slowking|55/100|[from] Grassy Terrain\n|-heal|p1a: Slowking|61/100|[from] item: Leftovers\n|-fieldend|move: Grassy Terrain\n|upkeep\n|turn|74\n|\n|t:|1782559015\n|switch|p2a: Sonfries|Alomomola, M, shiny|100/100 par\n|move|p1a: Slowking|Psychic Noise|p2a: Sonfries\n|-damage|p2a: Sonfries|72/100 par\n|-start|p2a: Sonfries|move: Heal Block\n|\n|-heal|p1a: Slowking|67/100|[from] item: Leftovers\n|upkeep\n|turn|75\n|\n|t:|1782559018\n|-prepare|p1a: Slowking|Chilly Reception|[premajor]\n|move|p1a: Slowking|Chilly Reception|p1a: Slowking\n|-weather|Snowscape\n|\n|t:|1782559021\n|switch|p1a: Rillaboom|Rillaboom, M|90/100|[from] Chilly Reception\n|-fieldstart|move: Grassy Terrain|[from] ability: Grassy Surge|[of] p1a: Rillaboom\n|move|p2a: Sonfries|Flip Turn|p1a: Rillaboom\n|-resisted|p1a: Rillaboom\n|-damage|p1a: Rillaboom|82/100\n|\n|t:|1782559030\n|switch|p2a: Soneybun|Pecharunt|85/100|[from] Flip Turn\n|\n|-weather|Snowscape|[upkeep]\n|-heal|p1a: Rillaboom|88/100|[from] Grassy Terrain\n|-heal|p2a: Soneybun|91/100|[from] Grassy Terrain\n|upkeep\n|turn|76\n|\n|t:|1782559035\n|move|p1a: Rillaboom|U-turn|p2a: Soneybun\n|-resisted|p2a: Soneybun\n|-damage|p2a: Soneybun|87/100\n|\n|t:|1782559038\n|switch|p1a: Garganacl|Garganacl, M|95/100|[from] U-turn\n|move|p2a: Soneybun|Parting Shot|p1a: Garganacl\n|-unboost|p1a: Garganacl|atk|1\n|-unboost|p1a: Garganacl|spa|1\n|\n|t:|1782559041\n|switch|p2a: Ben|Landorus-Therian, M, shiny, tera:Ground|100/100|[from] Parting Shot\n|-ability|p2a: Ben|Intimidate|boost\n|-unboost|p1a: Garganacl|atk|1\n|\n|-weather|Snowscape|[upkeep]\n|-heal|p1a: Garganacl|100/100|[from] Grassy Terrain\n|upkeep\n|turn|77\n|\n|t:|1782559054\n|switch|p1a: Rillaboom|Rillaboom, M|88/100\n|move|p2a: Ben|Grass Knot|p1a: Rillaboom\n|-resisted|p1a: Rillaboom\n|-damage|p1a: Rillaboom|73/100\n|\n|-weather|Snowscape|[upkeep]\n|-heal|p1a: Rillaboom|79/100|[from] Grassy Terrain\n|upkeep\n|turn|78\n|\n|t:|1782559060\n|switch|p2a: Soneybun|Pecharunt|87/100\n|move|p1a: Rillaboom|Knock Off|p2a: Soneybun\n|-supereffective|p2a: Soneybun\n|-damage|p2a: Soneybun|55/100\n|\n|-weather|Snowscape|[upkeep]\n|-heal|p1a: Rillaboom|85/100|[from] Grassy Terrain\n|-heal|p2a: Soneybun|61/100|[from] Grassy Terrain\n|upkeep\n|turn|79\n|\n|t:|1782559065\n|switch|p1a: Slowking|Slowking-Galar, F|100/100\n|move|p2a: Soneybun|Recover|p2a: Soneybun\n|-heal|p2a: Soneybun|100/100\n|\n|-weather|none\n|-fieldend|move: Grassy Terrain\n|upkeep\n|turn|80\n|\n|t:|1782559069\n|move|p2a: Soneybun|Parting Shot|p1a: Slowking\n|-unboost|p1a: Slowking|atk|1\n|-unboost|p1a: Slowking|spa|1\n|\n|t:|1782559073\n|switch|p2a: Sonfries|Alomomola, M, shiny|100/100 par|[from] Parting Shot\n|move|p1a: Slowking|Psychic Noise|p2a: Sonfries\n|-damage|p2a: Sonfries|82/100 par\n|-start|p2a: Sonfries|move: Heal Block\n|\n|upkeep\n|turn|81\n|\n|t:|1782559076\n|-prepare|p1a: Slowking|Chilly Reception|[premajor]\n|move|p1a: Slowking|Chilly Reception|p1a: Slowking\n|-weather|Snowscape\n|\n|t:|1782559080\n|switch|p1a: Garganacl|Garganacl, M|100/100|[from] Chilly Reception\n|move|p2a: Sonfries|Flip Turn|p1a: Garganacl\n|-supereffective|p1a: Garganacl\n|-damage|p1a: Garganacl|83/100\n|\n|t:|1782559085\n|switch|p2a: Ben|Landorus-Therian, M, shiny, tera:Ground|100/100|[from] Flip Turn\n|-ability|p2a: Ben|Intimidate|boost\n|-unboost|p1a: Garganacl|atk|1\n|\n|-weather|Snowscape|[upkeep]\n|-heal|p1a: Garganacl|89/100|[from] item: Leftovers\n|upkeep\n|turn|82\n|\n|t:|1782559094\n|move|p1a: Garganacl|Protect|p1a: Garganacl\n|-singleturn|p1a: Garganacl|Protect\n|move|p2a: Ben|Grass Knot|p1a: Garganacl\n|-activate|p1a: Garganacl|move: Protect\n|\n|-weather|Snowscape|[upkeep]\n|-heal|p1a: Garganacl|95/100|[from] item: Leftovers\n|upkeep\n|turn|83\n|\n|t:|1782559100\n|switch|p2a: Soneybun|Pecharunt|100/100\n|switch|p1a: Cinderace|Cinderace, F|100/100\n|\n|-weather|Snowscape|[upkeep]\n|upkeep\n|turn|84\n|\n|t:|1782559106\n|move|p1a: Cinderace|U-turn|p2a: Soneybun\n|-start|p1a: Cinderace|typechange|Bug|[from] ability: Libero\n|-resisted|p2a: Soneybun\n|-damage|p2a: Soneybun|97/100\n|\n|t:|1782559109\n|switch|p1a: Garganacl|Garganacl, M|95/100|[from] U-turn\n|move|p2a: Soneybun|Parting Shot|p1a: Garganacl\n|-unboost|p1a: Garganacl|atk|1\n|-unboost|p1a: Garganacl|spa|1\n|\n|t:|1782559112\n|switch|p2a: Ben|Landorus-Therian, M, shiny, tera:Ground|100/100|[from] Parting Shot\n|-ability|p2a: Ben|Intimidate|boost\n|-unboost|p1a: Garganacl|atk|1\n|\n|-weather|Snowscape|[upkeep]\n|-heal|p1a: Garganacl|100/100|[from] item: Leftovers\n|upkeep\n|turn|85\n|\n|t:|1782559122\n|switch|p1a: Cinderace|Cinderace, F|100/100\n|move|p2a: Ben|Grass Knot|p1a: Cinderace\n|-resisted|p1a: Cinderace\n|-damage|p1a: Cinderace|91/100\n|\n|-weather|none\n|upkeep\n|turn|86\n|\n|t:|1782559126\n|switch|p2a: Soneybun|Pecharunt|97/100\n|move|p1a: Cinderace|Pyro Ball|p2a: Soneybun\n|-damage|p2a: Soneybun|69/100\n|\n|upkeep\n|turn|87\n|\n|t:|1782559129\n|move|p1a: Cinderace|Pyro Ball|p2a: Soneybun\n|-damage|p2a: Soneybun|41/100\n|-status|p2a: Soneybun|brn\n|move|p2a: Soneybun|Malignant Chain|p1a: Cinderace\n|-damage|p1a: Cinderace|43/100\n|\n|-damage|p2a: Soneybun|35/100 brn|[from] brn\n|upkeep\n|turn|88\n|\n|t:|1782559132\n|move|p1a: Cinderace|Pyro Ball|p2a: Soneybun\n|-damage|p2a: Soneybun|10/100 brn\n|move|p2a: Soneybun|Recover|p2a: Soneybun\n|-heal|p2a: Soneybun|60/100 brn\n|\n|-damage|p2a: Soneybun|54/100 brn|[from] brn\n|upkeep\n|turn|89\n|\n|t:|1782559136\n|switch|p2a: Sonfries|Alomomola, M, shiny|100/100 par\n|move|p1a: Cinderace|Pyro Ball|p2a: Sonfries\n|-resisted|p2a: Sonfries\n|-damage|p2a: Sonfries|79/100 par\n|\n|upkeep\n|turn|90\n|\n|t:|1782559138\n|move|p1a: Cinderace|U-turn|p2a: Sonfries\n|-start|p1a: Cinderace|typechange|Bug|[from] ability: Libero\n|-damage|p2a: Sonfries|56/100 par\n|\n|t:|1782559141\n|switch|p1a: Slowking|Slowking-Galar, F|100/100|[from] U-turn\n|cant|p2a: Sonfries|par\n|\n|upkeep\n|turn|91\n|\n|t:|1782559144\n|move|p1a: Slowking|Psychic Noise|p2a: Sonfries\n|-damage|p2a: Sonfries|28/100 par\n|-start|p2a: Sonfries|move: Heal Block\n|cant|p2a: Sonfries|par\n|\n|upkeep\n|turn|92\n|\n|t:|1782559147\n|move|p1a: Slowking|Psychic Noise|p2a: Sonfries\n|-damage|p2a: Sonfries|1/100 par\n|move|p2a: Sonfries|Mirror Coat|p1a: Slowking\n|-damage|p1a: Slowking|25/100\n|\n|-heal|p1a: Slowking|31/100|[from] item: Leftovers\n|-end|p2a: Sonfries|move: Heal Block\n|upkeep\n|turn|93\n|\n|t:|1782559151\n|switch|p2a: Ben|Landorus-Therian, M, shiny, tera:Ground|100/100\n|-ability|p2a: Ben|Intimidate|boost\n|-unboost|p1a: Slowking|atk|1\n|move|p1a: Slowking|Psychic Noise|p2a: Ben\n|-damage|p2a: Ben|54/100\n|-start|p2a: Ben|move: Heal Block\n|\n|-heal|p1a: Slowking|38/100|[from] item: Leftovers\n|upkeep\n|turn|94\n|\n|t:|1782559157\n|switch|p1a: Rillaboom|Rillaboom, M|85/100\n|-fieldstart|move: Grassy Terrain|[from] ability: Grassy Surge|[of] p1a: Rillaboom\n|move|p2a: Ben|Earthquake|p1a: Rillaboom\n|-resisted|p1a: Rillaboom\n|-damage|p1a: Rillaboom|59/100\n|\n|-heal|p1a: Rillaboom|65/100|[from] Grassy Terrain\n|-end|p2a: Ben|move: Heal Block\n|upkeep\n|turn|95\n|\n|t:|1782559161\n|switch|p2a: Soneybun|Pecharunt|54/100 brn\n|move|p1a: Rillaboom|Knock Off|p2a: Soneybun\n|-supereffective|p2a: Soneybun\n|-damage|p2a: Soneybun|23/100 brn\n|\n|-heal|p1a: Rillaboom|71/100|[from] Grassy Terrain\n|-heal|p2a: Soneybun|29/100 brn|[from] Grassy Terrain\n|-damage|p2a: Soneybun|23/100 brn|[from] brn\n|upkeep\n|turn|96\n|\n|t:|1782559166\n|move|p1a: Rillaboom|Knock Off|p2a: Soneybun\n|-supereffective|p2a: Soneybun\n|-damage|p2a: Soneybun|0 fnt\n|faint|p2a: Soneybun\n|\n|-heal|p1a: Rillaboom|77/100|[from] Grassy Terrain\n|upkeep\n|-message|akamint forfeited.\n|\n|win|DuckyBro\n|raw|DuckyBro's rating: 1678 &rarr; <strong>1694</strong><br />(+16 for winning)\n|raw|akamint's rating: 1603 &rarr; <strong>1587</strong><br />(-16 for losing)\n|l|☆akamint\n|player|p2|\n|l|☆DuckyBro\n|player|p1|\n", "uploadtime": 1782559304, "views": 6, "formatid": "gen9ou", "rating": 1587, "private": 0, "password": null}