{"id": "gen9ou-2639227387", "format": "[Gen 9] OU", "players": ["excivemaster", "imyou019"], "log": "|j|☆excivemaster\n|j|☆imyou019\n|t:|1782437134\n|gametype|singles\n|player|p1|excivemaster|101|1205\n|player|p2|imyou019|101|1321\n|gen|9\n|tier|[Gen 9] OU\n|rated|\n|rule|HP Percentage Mod: HP is shown in percentages\n|rule|Endless Battle Clause: Forcing endless battles is banned\n|rule|Species Clause: Limit one of each Pokémon\n|rule|OHKO Clause: OHKO moves are banned\n|rule|Evasion Items Clause: Evasion items are banned\n|rule|Evasion Moves Clause: Evasion moves are banned\n|rule|Evasion Abilities Clause: Evasion abilities are banned\n|rule|Sleep Moves Clause: Sleep-inducing moves are banned\n|clearpoke\n|poke|p1|Clodsire, F|\n|poke|p1|Cinderace, F|\n|poke|p1|Glimmora, F|\n|poke|p1|Quagsire, F|\n|poke|p1|Tsareena, F|\n|poke|p1|Carbink|\n|poke|p2|Iron Moth|\n|poke|p2|Samurott-Hisui, F|\n|poke|p2|Pecharunt|\n|poke|p2|Deoxys-Speed|\n|poke|p2|Enamorus, F|\n|poke|p2|Great Tusk|\n|teampreview\n|inactive|Battle timer is ON: inactive players will automatically lose when time's up. (requested by imyou019)\n|\n|t:|1782437153\n|teamsize|p1|6\n|teamsize|p2|6\n|start\n|switch|p1a: Tsareena|Tsareena, F|100/100\n|switch|p2a: Deoxys|Deoxys-Speed|100/100\n|-ability|p2a: Deoxys|Pressure\n|turn|1\n|\n|t:|1782437163\n|move|p2a: Deoxys|Thunder Wave|p1a: Tsareena|[miss]\n|-miss|p2a: Deoxys|p1a: Tsareena\n|move|p1a: Tsareena|Trailblaze|p2a: Deoxys\n|-damage|p2a: Deoxys|70/100\n|-boost|p1a: Tsareena|spe|1\n|\n|upkeep\n|turn|2\n|\n|t:|1782437175\n|move|p2a: Deoxys|Thunder Wave|p1a: Tsareena\n|-status|p1a: Tsareena|par\n|move|p1a: Tsareena|Knock Off|p2a: Deoxys\n|-supereffective|p2a: Deoxys\n|-damage|p2a: Deoxys|0 fnt\n|-enditem|p2a: Deoxys|Focus Sash|[from] move: Knock Off|[of] p1a: Tsareena\n|faint|p2a: Deoxys\n|\n|upkeep\n|\n|t:|1782437183\n|switch|p2a: Iron Moth|Iron Moth|100/100\n|turn|3\n|\n|t:|1782437186\n|move|p2a: Iron Moth|Fiery Dance|p1a: Tsareena\n|-supereffective|p1a: Tsareena\n|-damage|p1a: Tsareena|0 fnt\n|-boost|p2a: Iron Moth|spa|1\n|faint|p1a: Tsareena\n|\n|upkeep\n|\n|t:|1782437194\n|switch|p1a: Glimmora|Glimmora, F|100/100\n|turn|4\n|\n|t:|1782437201\n|move|p2a: Iron Moth|Meteor Beam||[still]\n|-prepare|p2a: Iron Moth|Meteor Beam\n|-boost|p2a: Iron Moth|spa|1\n|-enditem|p2a: Iron Moth|Power Herb\n|-anim|p2a: Iron Moth|Meteor Beam|p1a: Glimmora\n|-enditem|p1a: Glimmora|Focus Sash\n|-damage|p1a: Glimmora|1/100\n|move|p1a: Glimmora|Earth Power|p2a: Iron Moth\n|-supereffective|p2a: Iron Moth\n|-damage|p2a: Iron Moth|0 fnt\n|faint|p2a: Iron Moth\n|-end|p2a: Iron Moth|Quark Drive|[silent]\n|\n|upkeep\n|\n|t:|1782437212\n|switch|p2a: Great Tusk|Great Tusk|100/100\n|-enditem|p2a: Great Tusk|Booster Energy\n|-activate|p2a: Great Tusk|ability: Protosynthesis|[fromitem]\n|-start|p2a: Great Tusk|protosynthesisatk\n|turn|5\n|\n|t:|1782437235\n|move|p2a: Great Tusk|Rapid Spin|p1a: Glimmora\n|-resisted|p1a: Glimmora\n|-damage|p1a: Glimmora|0 fnt\n|-boost|p2a: Great Tusk|spe|1\n|-activate|p1a: Glimmora|ability: Toxic Debris\n|-sidestart|p2: imyou019|move: Toxic Spikes\n|-sideend|p2: imyou019|Toxic Spikes|[from] move: Rapid Spin|[of] p2a: Great Tusk\n|faint|p1a: Glimmora\n|\n|upkeep\n|\n|t:|1782437244\n|switch|p1a: Quagsire|Quagsire, F|100/100\n|turn|6\n|\n|t:|1782437249\n|move|p2a: Great Tusk|Close Combat|p1a: Quagsire\n|-damage|p1a: Quagsire|20/100\n|-unboost|p2a: Great Tusk|def|1\n|-unboost|p2a: Great Tusk|spd|1\n|move|p1a: Quagsire|Stockpile|p1a: Quagsire\n|-start|p1a: Quagsire|stockpile1\n|-boost|p1a: Quagsire|def|1\n|-boost|p1a: Quagsire|spd|1\n|\n|-heal|p1a: Quagsire|26/100|[from] item: Leftovers\n|upkeep\n|turn|7\n|\n|t:|1782437260\n|move|p2a: Great Tusk|Close Combat|p1a: Quagsire\n|-damage|p1a: Quagsire|0 fnt\n|-unboost|p2a: Great Tusk|def|1\n|-unboost|p2a: Great Tusk|spd|1\n|faint|p1a: Quagsire\n|\n|upkeep\n|\n|t:|1782437266\n|switch|p1a: Clodsire|Clodsire, F|100/100\n|turn|8\n|\n|t:|1782437269\n|move|p2a: Great Tusk|Earthquake|p1a: Clodsire\n|-supereffective|p1a: Clodsire\n|-damage|p1a: Clodsire|0 fnt\n|faint|p1a: Clodsire\n|\n|upkeep\n|\n|t:|1782437272\n|switch|p1a: Cinderace|Cinderace, F|100/100\n|turn|9\n|\n|t:|1782437275\n|move|p2a: Great Tusk|Earthquake|p1a: Cinderace\n|-supereffective|p1a: Cinderace\n|-damage|p1a: Cinderace|0 fnt\n|faint|p1a: Cinderace\n|\n|upkeep\n|\n|t:|1782437277\n|switch|p1a: Carbink|Carbink|100/100\n|turn|10\n|\n|t:|1782437283\n|-terastallize|p1a: Carbink|Grass\n|move|p2a: Great Tusk|Earthquake|p1a: Carbink\n|-resisted|p1a: Carbink\n|-damage|p1a: Carbink|72/100\n|move|p1a: Carbink|Iron Defense|p1a: Carbink\n|-boost|p1a: Carbink|def|2\n|\n|upkeep\n|turn|11\n|\n|t:|1782437290\n|move|p2a: Great Tusk|Ice Spinner|p1a: Carbink\n|-supereffective|p1a: Carbink\n|-damage|p1a: Carbink|42/100\n|move|p1a: Carbink|Calm Mind|p1a: Carbink\n|-boost|p1a: Carbink|spa|1\n|-boost|p1a: Carbink|spd|1\n|\n|upkeep\n|turn|12\n|\n|t:|1782437296\n|move|p2a: Great Tusk|Ice Spinner|p1a: Carbink\n|-supereffective|p1a: Carbink\n|-damage|p1a: Carbink|14/100\n|move|p1a: Carbink|Rest|p1a: Carbink\n|-status|p1a: Carbink|slp|[from] move: Rest\n|-heal|p1a: Carbink|100/100 slp|[silent]\n|-enditem|p1a: Carbink|Chesto Berry|[eat]\n|-curestatus|p1a: Carbink|slp|[msg]\n|\n|upkeep\n|turn|13\n|\n|t:|1782437306\n|move|p2a: Great Tusk|Ice Spinner|p1a: Carbink\n|-supereffective|p1a: Carbink\n|-damage|p1a: Carbink|72/100\n|move|p1a: Carbink|Iron Defense|p1a: Carbink\n|-boost|p1a: Carbink|def|2\n|\n|upkeep\n|turn|14\n|\n|t:|1782437312\n|move|p2a: Great Tusk|Ice Spinner|p1a: Carbink\n|-supereffective|p1a: Carbink\n|-damage|p1a: Carbink|52/100\n|move|p1a: Carbink|Iron Defense|p1a: Carbink\n|-boost|p1a: Carbink|def|2\n|\n|upkeep\n|turn|15\n|\n|t:|1782437318\n|move|p2a: Great Tusk|Ice Spinner|p1a: Carbink\n|-supereffective|p1a: Carbink\n|-damage|p1a: Carbink|36/100\n|move|p1a: Carbink|Calm Mind|p1a: Carbink\n|-boost|p1a: Carbink|spa|1\n|-boost|p1a: Carbink|spd|1\n|\n|upkeep\n|turn|16\n|\n|t:|1782437323\n|move|p2a: Great Tusk|Ice Spinner|p1a: Carbink\n|-supereffective|p1a: Carbink\n|-damage|p1a: Carbink|20/100\n|move|p1a: Carbink|Rest|p1a: Carbink\n|-status|p1a: Carbink|slp|[from] move: Rest\n|-heal|p1a: Carbink|100/100 slp|[silent]\n|\n|upkeep\n|turn|17\n|\n|t:|1782437336\n|move|p2a: Great Tusk|Ice Spinner|p1a: Carbink\n|-supereffective|p1a: Carbink\n|-damage|p1a: Carbink|84/100 slp\n|cant|p1a: Carbink|slp\n|\n|upkeep\n|turn|18\n|\n|t:|1782437341\n|move|p2a: Great Tusk|Ice Spinner|p1a: Carbink\n|-supereffective|p1a: Carbink\n|-damage|p1a: Carbink|69/100 slp\n|cant|p1a: Carbink|slp\n|\n|upkeep\n|turn|19\n|\n|t:|1782437347\n|move|p2a: Great Tusk|Ice Spinner|p1a: Carbink\n|-supereffective|p1a: Carbink\n|-damage|p1a: Carbink|55/100 slp\n|-curestatus|p1a: Carbink|slp|[msg]\n|move|p1a: Carbink|Calm Mind|p1a: Carbink\n|-boost|p1a: Carbink|spa|1\n|-boost|p1a: Carbink|spd|1\n|\n|upkeep\n|turn|20\n|\n|t:|1782437355\n|-end|p2a: Great Tusk|Protosynthesis|[silent]\n|switch|p2a: Pecharunt|Pecharunt|100/100\n|move|p1a: Carbink|Calm Mind|p1a: Carbink\n|-boost|p1a: Carbink|spa|1\n|-boost|p1a: Carbink|spd|1\n|\n|upkeep\n|turn|21\n|\n|t:|1782437361\n|move|p2a: Pecharunt|Malignant Chain|p1a: Carbink\n|-supereffective|p1a: Carbink\n|-damage|p1a: Carbink|38/100\n|move|p1a: Carbink|Power Gem|p2a: Pecharunt\n|-damage|p2a: Pecharunt|31/100\n|\n|upkeep\n|turn|22\n|\n|t:|1782437371\n|move|p2a: Pecharunt|Toxic|p1a: Carbink\n|-status|p1a: Carbink|tox\n|-start|p1a: Carbink|confusion|[from] ability: Poison Puppeteer|[of] p2a: Pecharunt\n|-activate|p1a: Carbink|confusion\n|-damage|p1a: Carbink|37/100 tox|[from] confusion\n|\n|-damage|p1a: Carbink|32/100 tox|[from] psn\n|upkeep\n|turn|23\n|\n|t:|1782437384\n|move|p2a: Pecharunt|Malignant Chain|p1a: Carbink\n|-supereffective|p1a: Carbink\n|-damage|p1a: Carbink|15/100 tox\n|-activate|p1a: Carbink|confusion\n|-damage|p1a: Carbink|14/100 tox|[from] confusion\n|\n|-damage|p1a: Carbink|2/100 tox|[from] psn\n|upkeep\n|turn|24\n|\n|t:|1782437391\n|move|p2a: Pecharunt|Malignant Chain|p1a: Carbink\n|-supereffective|p1a: Carbink\n|-damage|p1a: Carbink|0 fnt\n|faint|p1a: Carbink\n|\n|win|imyou019\n|raw|excivemaster's rating: 1205 &rarr; <strong>1188</strong><br />(-17 for losing)\n|raw|imyou019's rating: 1321 &rarr; <strong>1335</strong><br />(+14 for winning)\n|l|☆excivemaster\n|player|p1|\n|l|☆imyou019\n|player|p2|\n", "uploadtime": 1782437722, "views": 8, "formatid": "gen9ou", "rating": 1188, "private": 0, "password": null}