{"id": "gen9ou-2639216841", "format": "[Gen 9] OU", "players": ["raptors in 6", "Leap Call"], "log": "|j|☆raptors in 6\n|j|‽Leap Call\n|t:|1782435571\n|gametype|singles\n|player|p1|raptors in 6|swimmer|1391\n|player|p2|Leap Call|170|1494\n|gen|9\n|tier|[Gen 9] OU\n|rated|\n|rule|HP Percentage Mod: HP is shown in percentages\n|rule|Endless Battle Clause: Forcing endless battles is banned\n|rule|Species Clause: Limit one of each Pokémon\n|rule|OHKO Clause: OHKO moves are banned\n|rule|Evasion Items Clause: Evasion items are banned\n|rule|Evasion Moves Clause: Evasion moves are banned\n|rule|Evasion Abilities Clause: Evasion abilities are banned\n|rule|Sleep Moves Clause: Sleep-inducing moves are banned\n|clearpoke\n|poke|p1|Iron Valiant|\n|poke|p1|Latias, F|\n|poke|p1|Kingambit, M|\n|poke|p1|Cinderace, F|\n|poke|p1|Ogerpon-Wellspring, F|\n|poke|p1|Landorus-Therian, M|\n|poke|p2|Hydrapple, F|\n|poke|p2|Cinderace, M|\n|poke|p2|Tornadus-Therian, M|\n|poke|p2|Great Tusk|\n|poke|p2|Slowking-Galar, F|\n|poke|p2|Lokix, M|\n|teampreview\n|\n|t:|1782435585\n|teamsize|p1|6\n|teamsize|p2|6\n|start\n|switch|p1a: Ogerpon|Ogerpon-Wellspring, F|100/100\n|switch|p2a: Tornadus|Tornadus-Therian, M|100/100\n|turn|1\n|\n|t:|1782435591\n|switch|p1a: Cinderace|Cinderace, F|100/100\n|move|p2a: Tornadus|Bleakwind Storm|p1a: Cinderace\n|-damage|p1a: Cinderace|53/100\n|\n|upkeep\n|turn|2\n|\n|t:|1782435596\n|move|p2a: Tornadus|Knock Off|p1a: Cinderace\n|-damage|p1a: Cinderace|30/100\n|-enditem|p1a: Cinderace|Heavy-Duty Boots|[from] move: Knock Off|[of] p2a: Tornadus\n|move|p1a: Cinderace|Pyro Ball|p2a: Tornadus\n|-damage|p2a: Tornadus|22/100\n|\n|upkeep\n|turn|3\n|\n|t:|1782435605\n|move|p2a: Tornadus|Bleakwind Storm|p1a: Cinderace\n|-crit|p1a: Cinderace\n|-damage|p1a: Cinderace|0 fnt\n|faint|p1a: Cinderace\n|\n|upkeep\n|\n|t:|1782435617\n|switch|p1a: Landorus|Landorus-Therian, M|100/100\n|-ability|p1a: Landorus|Intimidate|boost\n|-unboost|p2a: Tornadus|atk|1\n|turn|4\n|\n|t:|1782435620\n|switch|p2a: Great Tusk|Great Tusk|100/100\n|move|p1a: Landorus|Stone Edge|p2a: Great Tusk\n|-resisted|p2a: Great Tusk\n|-damage|p2a: Great Tusk|96/100\n|\n|upkeep\n|turn|5\n|\n|t:|1782435631\n|move|p1a: Landorus|Taunt|p2a: Great Tusk\n|-start|p2a: Great Tusk|move: Taunt\n|move|p2a: Great Tusk|Ice Spinner|p1a: Landorus\n|-supereffective|p1a: Landorus\n|-damage|p1a: Landorus|18/100\n|-damage|p2a: Great Tusk|79/100|[from] item: Rocky Helmet|[of] p1a: Landorus\n|\n|upkeep\n|turn|6\n|\n|t:|1782435636\n|switch|p1a: Ogerpon|Ogerpon-Wellspring, F|100/100\n|move|p2a: Great Tusk|Rapid Spin|p1a: Ogerpon\n|-damage|p1a: Ogerpon|81/100\n|-boost|p2a: Great Tusk|spe|1\n|\n|upkeep\n|turn|7\n|\n|t:|1782435646\n|-end|p2a: Great Tusk|Protosynthesis|[silent]\n|switch|p2a: Hydrapple|Hydrapple, F|100/100\n|move|p1a: Ogerpon|Ivy Cudgel|p2a: Hydrapple|[anim] Ivy Cudgel Water\n|-resisted|p2a: Hydrapple\n|-damage|p2a: Hydrapple|93/100\n|\n|upkeep\n|turn|8\n|\n|t:|1782435666\n|move|p1a: Ogerpon|Knock Off|p2a: Hydrapple\n|-damage|p2a: Hydrapple|73/100\n|-damage|p1a: Ogerpon|64/100|[from] item: Rocky Helmet|[of] p2a: Hydrapple\n|-enditem|p2a: Hydrapple|Rocky Helmet|[from] move: Knock Off|[of] p1a: Ogerpon\n|move|p2a: Hydrapple|Nasty Plot|p2a: Hydrapple\n|-boost|p2a: Hydrapple|spa|2\n|\n|upkeep\n|turn|9\n|inactive|Battle timer is ON: inactive players will automatically lose when time's up. (requested by raptors in 6)\n|\n|t:|1782435682\n|move|p1a: Ogerpon|Encore|p2a: Hydrapple\n|-start|p2a: Hydrapple|Encore\n|move|p2a: Hydrapple|Nasty Plot|p2a: Hydrapple\n|-boost|p2a: Hydrapple|spa|2\n|\n|upkeep\n|turn|10\n|\n|t:|1782435689\n|move|p1a: Ogerpon|U-turn|p2a: Hydrapple\n|-supereffective|p2a: Hydrapple\n|-damage|p2a: Hydrapple|44/100\n|\n|t:|1782435692\n|switch|p1a: Iron Valiant|Iron Valiant|100/100|[from] U-turn\n|move|p2a: Hydrapple|Nasty Plot|p2a: Hydrapple\n|-boost|p2a: Hydrapple|spa|2\n|\n|upkeep\n|turn|11\n|\n|t:|1782435702\n|switch|p2a: Slowking|Slowking-Galar, F|100/100\n|move|p1a: Iron Valiant|Trick|p2a: Slowking\n|-activate|p1a: Iron Valiant|move: Trick|[of] p2a: Slowking\n|-item|p2a: Slowking|Choice Specs|[from] move: Trick\n|-item|p1a: Iron Valiant|Colbur Berry|[from] move: Trick\n|\n|upkeep\n|turn|12\n|\n|t:|1782435718\n|-end|p1a: Iron Valiant|Quark Drive|[silent]\n|switch|p1a: Ogerpon|Ogerpon-Wellspring, F|64/100\n|move|p2a: Slowking|Flamethrower|p1a: Ogerpon\n|-damage|p1a: Ogerpon|23/100\n|-status|p1a: Ogerpon|brn\n|\n|-damage|p1a: Ogerpon|17/100 brn|[from] brn\n|upkeep\n|turn|13\n|\n|t:|1782435723\n|move|p1a: Ogerpon|Knock Off|p2a: Slowking\n|-supereffective|p2a: Slowking\n|-damage|p2a: Slowking|62/100\n|-enditem|p2a: Slowking|Choice Specs|[from] move: Knock Off|[of] p1a: Ogerpon\n|move|p2a: Slowking|Flamethrower|p1a: Ogerpon\n|-damage|p1a: Ogerpon|0 fnt\n|faint|p1a: Ogerpon\n|\n|upkeep\n|\n|t:|1782435732\n|switch|p1a: Landorus|Landorus-Therian, M|18/100\n|-ability|p1a: Landorus|Intimidate|boost\n|-unboost|p2a: Slowking|atk|1\n|turn|14\n|\n|t:|1782435738\n|switch|p2a: Great Tusk|Great Tusk|79/100\n|move|p1a: Landorus|Stone Edge|p2a: Great Tusk\n|-resisted|p2a: Great Tusk\n|-crit|p2a: Great Tusk\n|-damage|p2a: Great Tusk|71/100\n|\n|upkeep\n|turn|15\n|\n|t:|1782435744\n|move|p1a: Landorus|Earthquake|p2a: Great Tusk\n|-damage|p2a: Great Tusk|43/100\n|move|p2a: Great Tusk|Stealth Rock|p1a: Landorus\n|-sidestart|p1: raptors in 6|move: Stealth Rock\n|\n|upkeep\n|turn|16\n|\n|t:|1782435747\n|-end|p2a: Great Tusk|Protosynthesis|[silent]\n|switch|p2a: Hydrapple|Hydrapple, F|77/100\n|move|p1a: Landorus|Earthquake|p2a: Hydrapple\n|-resisted|p2a: Hydrapple\n|-damage|p2a: Hydrapple|65/100\n|\n|upkeep\n|turn|17\n|\n|t:|1782435750\n|move|p1a: Landorus|Taunt|p2a: Hydrapple\n|-start|p2a: Hydrapple|move: Taunt\n|move|p2a: Hydrapple|Giga Drain|p1a: Landorus\n|-damage|p1a: Landorus|0 fnt\n|-heal|p2a: Hydrapple|73/100|[from] drain|[of] p1a: Landorus\n|faint|p1a: Landorus\n|\n|upkeep\n|\n|t:|1782435752\n|switch|p1a: Latias|Latias, F|100/100\n|-damage|p1a: Latias|88/100|[from] Stealth Rock\n|turn|18\n|\n|t:|1782435773\n|switch|p2a: Cinderace|Cinderace, M|100/100\n|move|p1a: Latias|Calm Mind|p1a: Latias\n|-boost|p1a: Latias|spa|1\n|-boost|p1a: Latias|spd|1\n|\n|upkeep\n|turn|19\n|\n|t:|1782435780\n|move|p2a: Cinderace|U-turn|p1a: Latias\n|-supereffective|p1a: Latias\n|-damage|p1a: Latias|58/100\n|-enditem|p1a: Latias|Weakness Policy\n|-boost|p1a: Latias|atk|2|[from] item: Weakness Policy\n|-boost|p1a: Latias|spa|2|[from] item: Weakness Policy\n|\n|t:|1782435782\n|switch|p2a: Lokix|Lokix, M|100/100|[from] U-turn\n|move|p1a: Latias|Agility|p1a: Latias\n|-boost|p1a: Latias|spe|2\n|\n|upkeep\n|turn|20\n|\n|t:|1782435785\n|-terastallize|p1a: Latias|Fairy\n|-terastallize|p2a: Lokix|Bug\n|move|p2a: Lokix|First Impression|p1a: Latias\n|-resisted|p1a: Latias\n|-damage|p1a: Latias|0 fnt\n|faint|p1a: Latias\n|\n|upkeep\n|-message|raptors in 6 forfeited.\n|\n|win|Leap Call\n|raw|raptors in 6's rating: 1391 &rarr; <strong>1377</strong><br />(-14 for losing)\n|raw|Leap Call's rating: 1494 &rarr; <strong>1508</strong><br />(+14 for winning)\n|l|☆raptors in 6\n|player|p1|\n", "uploadtime": 1782435793, "views": 6, "formatid": "gen9ou", "rating": 1377, "private": 0, "password": null}