{"id": "gen9ou-2540534890", "format": "[Gen 9] OU", "players": ["vartholomeus", "mrgoob6000"], "log": "|j|☆vartholomeus\n|j|☆mrgoob6000\n|t:|1771214368\n|gametype|singles\n|player|p1|vartholomeus|ruinmaniac|1635\n|player|p2|mrgoob6000|dawn|1579\n|gen|9\n|tier|[Gen 9] OU\n|rated|\n|rule|HP Percentage Mod: HP is shown in percentages\n|rule|Endless Battle Clause: Forcing endless battles is banned\n|rule|Species Clause: Limit one of each Pokémon\n|rule|OHKO Clause: OHKO moves are banned\n|rule|Evasion Items Clause: Evasion items are banned\n|rule|Evasion Moves Clause: Evasion moves are banned\n|rule|Evasion Abilities Clause: Evasion abilities are banned\n|rule|Sleep Moves Clause: Sleep-inducing moves are banned\n|clearpoke\n|poke|p1|Moltres|\n|poke|p1|Slowking-Galar, M|\n|poke|p1|Gholdengo|\n|poke|p1|Greninja-*, M|\n|poke|p1|Great Tusk|\n|poke|p1|Kleavor, F|\n|poke|p2|Indeedee, M|\n|poke|p2|Gholdengo|\n|poke|p2|Polteageist|\n|poke|p2|Blaziken, M|\n|poke|p2|Iron Treads|\n|poke|p2|Deoxys-Speed|\n|teampreview\n|inactive|Battle timer is ON: inactive players will automatically lose when time's up. (requested by mrgoob6000)\n|inactive|vartholomeus also wants the timer to be on.\n|\n|t:|1771214375\n|teamsize|p1|6\n|teamsize|p2|6\n|start\n|switch|p1a: Fanta|Kleavor, F|100/100\n|switch|p2a: Gholdengo|Gholdengo|100/100\n|turn|1\n|\n|t:|1771214378\n|move|p2a: Gholdengo|Make It Rain|p1a: Fanta\n|-supereffective|p1a: Fanta\n|-enditem|p1a: Fanta|Focus Sash\n|-damage|p1a: Fanta|1/100\n|-unboost|p2a: Gholdengo|spa|1\n|move|p1a: Fanta|Stone Axe|p2a: Gholdengo\n|-resisted|p2a: Gholdengo\n|-damage|p2a: Gholdengo|70/100\n|-sidestart|p2: mrgoob6000|move: Stealth Rock\n|\n|upkeep\n|turn|2\n|\n|t:|1771214384\n|switch|p1a: Loking|Slowking-Galar, M|100/100\n|move|p2a: Gholdengo|Shadow Ball|p1a: Loking\n|-supereffective|p1a: Loking\n|-damage|p1a: Loking|73/100\n|-unboost|p1a: Loking|spd|1\n|\n|upkeep\n|turn|3\n|\n|t:|1771214389\n|switch|p2a: Iron Treads|Iron Treads|100/100\n|-damage|p2a: Iron Treads|97/100|[from] Stealth Rock\n|-enditem|p2a: Iron Treads|Booster Energy\n|-activate|p2a: Iron Treads|ability: Quark Drive|[fromitem]\n|-start|p2a: Iron Treads|quarkdrivespe\n|move|p1a: Loking|Flamethrower|p2a: Iron Treads\n|-supereffective|p2a: Iron Treads\n|-crit|p2a: Iron Treads\n|-damage|p2a: Iron Treads|0 fnt\n|faint|p2a: Iron Treads\n|-end|p2a: Iron Treads|Quark Drive|[silent]\n|\n|upkeep\n|j| Box Scammer\n|\n|t:|1771214406\n|switch|p2a: Gholdengo|Gholdengo|70/100\n|-damage|p2a: Gholdengo|64/100|[from] Stealth Rock\n|turn|4\n|\n|t:|1771214411\n|switch|p1a: Fanta|Kleavor, F|1/100\n|move|p2a: Gholdengo|Nasty Plot|p2a: Gholdengo\n|-boost|p2a: Gholdengo|spa|2\n|\n|upkeep\n|turn|5\n|\n|t:|1771214414\n|move|p2a: Gholdengo|Shadow Ball|p1a: Fanta\n|-crit|p1a: Fanta\n|-damage|p1a: Fanta|0 fnt\n|faint|p1a: Fanta\n|\n|upkeep\n|\n|t:|1771214418\n|switch|p1a: Gregg|Greninja, M|100/100\n|turn|6\n|\n|t:|1771214429\n|switch|p2a: Indeedee|Indeedee, M|100/100\n|-damage|p2a: Indeedee|88/100|[from] Stealth Rock\n|-fieldstart|move: Psychic Terrain|[from] ability: Psychic Surge|[of] p2a: Indeedee\n|move|p1a: Gregg|Dark Pulse|p2a: Indeedee\n|-supereffective|p2a: Indeedee\n|-damage|p2a: Indeedee|0 fnt\n|faint|p2a: Indeedee\n|-ability|p1a: Gregg|Battle Bond|boost\n|-boost|p1a: Gregg|atk|1\n|-boost|p1a: Gregg|spa|1\n|-boost|p1a: Gregg|spe|1\n|-activate|p1a: Gregg|ability: Battle Bond\n|-damage|p1a: Gregg|91/100|[from] item: Life Orb\n|\n|upkeep\n|\n|t:|1771214438\n|switch|p2a: Deoxys|Deoxys-Speed|100/100\n|-damage|p2a: Deoxys|88/100|[from] Stealth Rock\n|-ability|p2a: Deoxys|Pressure\n|turn|7\n|\n|t:|1771214440\n|move|p1a: Gregg|Dark Pulse|p2a: Deoxys\n|-supereffective|p2a: Deoxys\n|-damage|p2a: Deoxys|0 fnt\n|faint|p2a: Deoxys\n|-damage|p1a: Gregg|81/100|[from] item: Life Orb\n|\n|upkeep\n|\n|t:|1771214448\n|switch|p2a: Blaziken|Blaziken, M|100/100\n|-damage|p2a: Blaziken|88/100|[from] Stealth Rock\n|-enditem|p2a: Blaziken|Psychic Seed\n|-boost|p2a: Blaziken|spd|1|[from] item: Psychic Seed\n|turn|8\n|\n|t:|1771214455\n|-terastallize|p2a: Blaziken|Flying\n|move|p1a: Gregg|Water Shuriken|p2a: Blaziken\n|-hint|Psychic Terrain doesn't affect Pokémon immune to Ground.\n|-damage|p2a: Blaziken|75/100\n|-damage|p2a: Blaziken|62/100\n|-damage|p2a: Blaziken|49/100\n|-damage|p2a: Blaziken|37/100\n|-damage|p2a: Blaziken|24/100\n|-hitcount|p2a: Blaziken|5\n|-damage|p1a: Gregg|71/100|[from] item: Life Orb\n|move|p2a: Blaziken|Acrobatics|p1a: Gregg\n|-damage|p1a: Gregg|0 fnt\n|faint|p1a: Gregg\n|\n|-ability|p2a: Blaziken|Speed Boost|boost\n|-boost|p2a: Blaziken|spe|1\n|upkeep\n|\n|t:|1771214459\n|switch|p1a: Pollo|Moltres|100/100\n|turn|9\n|\n|t:|1771214465\n|move|p2a: Blaziken|Acrobatics|p1a: Pollo\n|-crit|p1a: Pollo\n|-damage|p1a: Pollo|38/100\n|move|p1a: Pollo|Flamethrower|p2a: Blaziken\n|-damage|p2a: Blaziken|0 fnt\n|faint|p2a: Blaziken\n|\n|upkeep\n|\n|t:|1771214469\n|switch|p2a: Polteageist|Polteageist|100/100\n|-damage|p2a: Polteageist|88/100|[from] Stealth Rock\n|turn|10\n|\n|t:|1771214473\n|move|p2a: Polteageist|Shell Smash|p2a: Polteageist\n|-unboost|p2a: Polteageist|def|1\n|-unboost|p2a: Polteageist|spd|1\n|-boost|p2a: Polteageist|atk|2\n|-boost|p2a: Polteageist|spa|2\n|-boost|p2a: Polteageist|spe|2\n|move|p1a: Pollo|Roar|p2a: Polteageist\n|drag|p2a: Gholdengo|Gholdengo|64/100\n|-damage|p2a: Gholdengo|58/100|[from] Stealth Rock\n|\n|upkeep\n|turn|11\n|\n|t:|1771214476\n|move|p2a: Gholdengo|Shadow Ball|p1a: Pollo\n|-damage|p1a: Pollo|0 fnt\n|faint|p1a: Pollo\n|\n|upkeep\n|\n|t:|1771214483\n|switch|p1a: Kheese|Gholdengo|100/100\n|turn|12\n|\n|t:|1771214485\n|move|p2a: Gholdengo|Endure|p2a: Gholdengo\n|-singleturn|p2a: Gholdengo|move: Endure\n|move|p1a: Kheese|Shadow Ball|p2a: Gholdengo\n|-supereffective|p2a: Gholdengo\n|-activate|p2a: Gholdengo|move: Endure\n|-damage|p2a: Gholdengo|1/100\n|-unboost|p2a: Gholdengo|spd|1\n|-enditem|p2a: Gholdengo|Salac Berry|[eat]\n|-boost|p2a: Gholdengo|spe|1|[from] item: Salac Berry\n|\n|upkeep\n|turn|13\n|\n|t:|1771214492\n|move|p1a: Kheese|Shadow Ball|p2a: Gholdengo\n|-supereffective|p2a: Gholdengo\n|-damage|p2a: Gholdengo|0 fnt\n|faint|p2a: Gholdengo\n|\n|-fieldend|move: Psychic Terrain\n|upkeep\n|\n|t:|1771214496\n|switch|p2a: Polteageist|Polteageist|88/100\n|-damage|p2a: Polteageist|76/100|[from] Stealth Rock\n|turn|14\n|\n|t:|1771214500\n|move|p1a: Kheese|Shadow Ball|p2a: Polteageist\n|-supereffective|p2a: Polteageist\n|-damage|p2a: Polteageist|0 fnt\n|faint|p2a: Polteageist\n|\n|win|vartholomeus\n|raw|vartholomeus's rating: 1635 &rarr; <strong>1652</strong><br />(+17 for winning)\n|raw|mrgoob6000's rating: 1579 &rarr; <strong>1562</strong><br />(-17 for losing)\n|l|☆mrgoob6000\n|player|p2|\n|l| Box Scammer\n|l|☆vartholomeus\n|player|p1|\n", "uploadtime": 1771214698, "views": 6, "formatid": "gen9ou", "rating": 1562, "private": 0, "password": null}