{"id": "gen9ou-2540595409", "format": "[Gen 9] OU", "players": ["GummyDeino", "boostingTyranntrum"], "log": "|j|☆GummyDeino\n|j|☆boostingTyranntrum\n|t:|1771223976\n|gametype|singles\n|player|p1|GummyDeino|lady|1578\n|player|p2|boostingTyranntrum|1|1609\n|gen|9\n|tier|[Gen 9] OU\n|rated|\n|rule|HP Percentage Mod: HP is shown in percentages\n|rule|Endless Battle Clause: Forcing endless battles is banned\n|rule|Species Clause: Limit one of each Pokémon\n|rule|OHKO Clause: OHKO moves are banned\n|rule|Evasion Items Clause: Evasion items are banned\n|rule|Evasion Moves Clause: Evasion moves are banned\n|rule|Evasion Abilities Clause: Evasion abilities are banned\n|rule|Sleep Moves Clause: Sleep-inducing moves are banned\n|clearpoke\n|poke|p1|Iron Valiant|\n|poke|p1|Great Tusk|\n|poke|p1|Dragonite, M|\n|poke|p1|Deoxys-Speed|\n|poke|p1|Glimmora, M|\n|poke|p1|Kingambit, M|\n|poke|p2|Volcanion|\n|poke|p2|Pelipper, M|\n|poke|p2|Iron Treads|\n|poke|p2|Dragapult, M|\n|poke|p2|Overqwil, M|\n|poke|p2|Iron Valiant|\n|teampreview\n|inactive|Battle timer is ON: inactive players will automatically lose when time's up. (requested by GummyDeino)\n|\n|t:|1771223983\n|teamsize|p1|6\n|teamsize|p2|6\n|start\n|switch|p1a: Limitless|Deoxys-Speed|100/100\n|switch|p2a: Dragapult|Dragapult, M, shiny|100/100\n|-ability|p1a: Limitless|Pressure\n|turn|1\n|\n|t:|1771223989\n|move|p1a: Limitless|Light Screen|p1a: Limitless\n|-sidestart|p1: GummyDeino|move: Light Screen\n|move|p2a: Dragapult|U-turn|p1a: Limitless\n|-supereffective|p1a: Limitless\n|-damage|p1a: Limitless|21/100\n|\n|t:|1771223994\n|switch|p2a: Iron Treads|Iron Treads, shiny|100/100|[from] U-turn\n|-enditem|p2a: Iron Treads|Booster Energy\n|-activate|p2a: Iron Treads|ability: Quark Drive|[fromitem]\n|-start|p2a: Iron Treads|quarkdrivespe\n|\n|upkeep\n|turn|2\n|\n|t:|1771224002\n|switch|p1a: Terminator|Iron Valiant, shiny|100/100\n|-enditem|p1a: Terminator|Booster Energy\n|-activate|p1a: Terminator|ability: Quark Drive|[fromitem]\n|-start|p1a: Terminator|quarkdrivespe\n|move|p2a: Iron Treads|Earth Power|p1a: Terminator\n|-damage|p1a: Terminator|68/100\n|\n|upkeep\n|turn|3\n|\n|t:|1771224009\n|move|p1a: Terminator|Close Combat|p2a: Iron Treads\n|-supereffective|p2a: Iron Treads\n|-damage|p2a: Iron Treads|7/100\n|-unboost|p1a: Terminator|def|1\n|-unboost|p1a: Terminator|spd|1\n|move|p2a: Iron Treads|Steel Beam|p1a: Terminator\n|-supereffective|p1a: Terminator\n|-damage|p1a: Terminator|0 fnt\n|-damage|p2a: Iron Treads|0 fnt|[from] steelbeam\n|faint|p2a: Iron Treads\n|-end|p2a: Iron Treads|Quark Drive|[silent]\n|faint|p1a: Terminator\n|-end|p1a: Terminator|Quark Drive|[silent]\n|\n|upkeep\n|\n|t:|1771224019\n|switch|p1a: Limitless|Deoxys-Speed|21/100\n|switch|p2a: Dragapult|Dragapult, M, shiny|100/100\n|-ability|p1a: Limitless|Pressure\n|turn|4\n|\n|t:|1771224024\n|move|p1a: Limitless|Reflect|p1a: Limitless\n|-sidestart|p1: GummyDeino|Reflect\n|move|p2a: Dragapult|U-turn|p1a: Limitless\n|-supereffective|p1a: Limitless\n|-damage|p1a: Limitless|0 fnt\n|faint|p1a: Limitless\n|\n|t:|1771224026\n|switch|p2a: Pelipper|Pelipper, M, shiny|100/100|[from] U-turn\n|-weather|RainDance|[from] ability: Drizzle|[of] p2a: Pelipper\n|\n|-weather|RainDance|[upkeep]\n|upkeep\n|\n|t:|1771224032\n|switch|p1a: Granite|Glimmora, M, shiny|100/100\n|turn|5\n|\n|t:|1771224038\n|switch|p2a: Iron Valiant|Iron Valiant, shiny|100/100\n|move|p1a: Granite|Meteor Beam||[still]\n|-prepare|p1a: Granite|Meteor Beam\n|-boost|p1a: Granite|spa|1\n|-enditem|p1a: Granite|Power Herb\n|-anim|p1a: Granite|Meteor Beam|p2a: Iron Valiant\n|-resisted|p2a: Iron Valiant\n|-damage|p2a: Iron Valiant|5/100\n|\n|-weather|RainDance|[upkeep]\n|upkeep\n|turn|6\n|\n|t:|1771224049\n|move|p2a: Iron Valiant|Psyshock|p1a: Granite\n|-supereffective|p1a: Granite\n|-damage|p1a: Granite|54/100\n|move|p1a: Granite|Stealth Rock|p2a: Iron Valiant\n|-sidestart|p2: boostingTyranntrum|move: Stealth Rock\n|\n|-weather|RainDance|[upkeep]\n|upkeep\n|turn|7\n|\n|t:|1771224054\n|move|p2a: Iron Valiant|Psyshock|p1a: Granite\n|-supereffective|p1a: Granite\n|-damage|p1a: Granite|7/100\n|move|p1a: Granite|Mortal Spin|p2a: Iron Valiant\n|-supereffective|p2a: Iron Valiant\n|-damage|p2a: Iron Valiant|0 fnt\n|faint|p2a: Iron Valiant\n|-end|p2a: Iron Valiant|Quark Drive|[silent]\n|\n|-weather|RainDance|[upkeep]\n|upkeep\n|\n|t:|1771224059\n|switch|p2a: Overqwil|Overqwil, M, shiny|100/100\n|-damage|p2a: Overqwil|88/100|[from] Stealth Rock\n|turn|8\n|\n|t:|1771224064\n|move|p2a: Overqwil|Liquidation|p1a: Granite\n|-supereffective|p1a: Granite\n|-damage|p1a: Granite|0 fnt\n|-activate|p1a: Granite|ability: Toxic Debris\n|-sidestart|p2: boostingTyranntrum|move: Toxic Spikes\n|faint|p1a: Granite\n|-damage|p2a: Overqwil|78/100|[from] item: Life Orb\n|\n|-weather|RainDance|[upkeep]\n|-sideend|p1: GummyDeino|move: Light Screen\n|upkeep\n|\n|t:|1771224072\n|switch|p1a: Behemoth|Great Tusk, shiny|100/100\n|-enditem|p1a: Behemoth|Booster Energy\n|-activate|p1a: Behemoth|ability: Protosynthesis|[fromitem]\n|-start|p1a: Behemoth|protosynthesisspe\n|turn|9\n|\n|t:|1771224077\n|move|p2a: Overqwil|Swords Dance|p2a: Overqwil\n|-boost|p2a: Overqwil|atk|2\n|move|p1a: Behemoth|Headlong Rush|p2a: Overqwil\n|-supereffective|p2a: Overqwil\n|-damage|p2a: Overqwil|0 fnt\n|-unboost|p1a: Behemoth|def|1\n|-unboost|p1a: Behemoth|spd|1\n|faint|p2a: Overqwil\n|\n|-weather|RainDance|[upkeep]\n|upkeep\n|\n|t:|1771224081\n|switch|p2a: Pelipper|Pelipper, M, shiny|100/100\n|-damage|p2a: Pelipper|76/100|[from] Stealth Rock\n|turn|10\n|\n|t:|1771224088\n|move|p1a: Behemoth|Head Smash|p2a: Pelipper\n|-supereffective|p2a: Pelipper\n|-damage|p2a: Pelipper|0 fnt\n|faint|p2a: Pelipper\n|-damage|p1a: Behemoth|78/100|[from] Recoil\n|\n|-weather|RainDance|[upkeep]\n|upkeep\n|\n|t:|1771224091\n|switch|p2a: Dragapult|Dragapult, M, shiny|100/100\n|-damage|p2a: Dragapult|88/100|[from] Stealth Rock\n|-status|p2a: Dragapult|psn\n|turn|11\n|\n|t:|1771224101\n|move|p1a: Behemoth|Headlong Rush|p2a: Dragapult\n|-damage|p2a: Dragapult|19/100 psn\n|-unboost|p1a: Behemoth|def|1\n|-unboost|p1a: Behemoth|spd|1\n|move|p2a: Dragapult|Dragon Darts|p1a: Behemoth\n|-crit|p1a: Behemoth\n|-damage|p1a: Behemoth|4/100\n|-anim|p2a: Dragapult|Dragon Darts|p1a: Behemoth\n|-damage|p1a: Behemoth|0 fnt\n|faint|p1a: Behemoth\n|-end|p1a: Behemoth|Protosynthesis|[silent]\n|\n|-weather|none\n|-damage|p2a: Dragapult|6/100 psn|[from] psn\n|-sideend|p1: GummyDeino|Reflect\n|upkeep\n|\n|t:|1771224113\n|switch|p1a: Dismantle|Kingambit, M, shiny|100/100\n|-activate|p1a: Dismantle|ability: Supreme Overlord\n|-start|p1a: Dismantle|fallen4|[silent]\n|turn|12\n|\n|t:|1771224117\n|move|p2a: Dragapult|Dragon Darts|p1a: Dismantle\n|-resisted|p1a: Dismantle\n|-damage|p1a: Dismantle|84/100\n|-anim|p2a: Dragapult|Dragon Darts|p1a: Dismantle\n|-resisted|p1a: Dismantle\n|-damage|p1a: Dismantle|69/100\n|move|p1a: Dismantle|Swords Dance|p1a: Dismantle\n|-boost|p1a: Dismantle|atk|2\n|\n|-damage|p2a: Dragapult|0 fnt|[from] psn\n|faint|p2a: Dragapult\n|upkeep\n|\n|t:|1771224119\n|switch|p2a: Volcanion|Volcanion|100/100\n|-damage|p2a: Volcanion|76/100|[from] Stealth Rock\n|-status|p2a: Volcanion|psn\n|turn|13\n|\n|t:|1771224130\n|-terastallize|p2a: Volcanion|Water\n|move|p1a: Dismantle|Sucker Punch|p2a: Volcanion\n|-damage|p2a: Volcanion|0 fnt\n|faint|p2a: Volcanion\n|\n|win|GummyDeino\n|raw|GummyDeino's rating: 1578 &rarr; <strong>1600</strong><br />(+22 for winning)\n|raw|boostingTyranntrum's rating: 1609 &rarr; <strong>1587</strong><br />(-22 for losing)\n|l|☆GummyDeino\n|player|p1|\n|l|☆boostingTyranntrum\n|player|p2|\n", "uploadtime": 1771224339, "views": 12, "formatid": "gen9ou", "rating": 1587, "private": 0, "password": null}