{"id": "gen9ou-2639300621", "format": "[Gen 9] OU", "players": ["lupiit", "mothcarona"], "log": "|j|‽lupiit\n|j|☆mothcarona\n|t:|1782448713\n|gametype|singles\n|player|p1|lupiit|lucas|1546\n|player|p2|mothcarona|102|1551\n|gen|9\n|tier|[Gen 9] OU\n|rated|\n|rule|HP Percentage Mod: HP is shown in percentages\n|rule|Endless Battle Clause: Forcing endless battles is banned\n|rule|Species Clause: Limit one of each Pokémon\n|rule|OHKO Clause: OHKO moves are banned\n|rule|Evasion Items Clause: Evasion items are banned\n|rule|Evasion Moves Clause: Evasion moves are banned\n|rule|Evasion Abilities Clause: Evasion abilities are banned\n|rule|Sleep Moves Clause: Sleep-inducing moves are banned\n|clearpoke\n|poke|p1|Comfey, F|\n|poke|p1|Darkrai|\n|poke|p1|Hoopa-Unbound|\n|poke|p1|Grimmsnarl, M|\n|poke|p1|Enamorus, F|\n|poke|p1|Kyurem|\n|poke|p2|Zamazenta-*|\n|poke|p2|Slowking-Galar, M|\n|poke|p2|Darkrai|\n|poke|p2|Corviknight, F|\n|poke|p2|Gliscor, M|\n|poke|p2|Rotom-Wash|\n|teampreview\n|inactive|Battle timer is ON: inactive players will automatically lose when time's up. (requested by lupiit)\n|inactive|mothcarona also wants the timer to be on.\n|\n|t:|1782448723\n|teamsize|p1|6\n|teamsize|p2|6\n|start\n|switch|p1a: Hoopa|Hoopa-Unbound|100/100\n|switch|p2a: Gliscor|Gliscor, M|100/100\n|turn|1\n|\n|t:|1782448729\n|switch|p2a: Corviknight|Corviknight, F|100/100\n|-ability|p2a: Corviknight|Pressure\n|move|p1a: Hoopa|Hyperspace Fury|p2a: Corviknight\n|-damage|p2a: Corviknight|42/100\n|-unboost|p1a: Hoopa|def|1\n|\n|upkeep\n|turn|2\n|\n|t:|1782448731\n|switch|p2a: Zamazenta|Zamazenta|100/100\n|-ability|p2a: Zamazenta|Dauntless Shield|boost\n|-boost|p2a: Zamazenta|def|1\n|move|p1a: Hoopa|Hyperspace Fury|p2a: Zamazenta\n|-resisted|p2a: Zamazenta\n|-crit|p2a: Zamazenta\n|-damage|p2a: Zamazenta|31/100\n|-unboost|p1a: Hoopa|def|1\n|\n|upkeep\n|turn|3\n|\n|t:|1782448737\n|switch|p1a: Grimmsnarl|Grimmsnarl, M|100/100\n|move|p2a: Zamazenta|Close Combat|p1a: Grimmsnarl\n|-damage|p1a: Grimmsnarl|15/100\n|-unboost|p2a: Zamazenta|def|1\n|-unboost|p2a: Zamazenta|spd|1\n|\n|upkeep\n|turn|4\n|\n|t:|1782448766\n|switch|p2a: Darkrai|Darkrai|100/100\n|move|p1a: Grimmsnarl|Reflect|p1a: Grimmsnarl\n|-sidestart|p1: lupiit|Reflect\n|\n|upkeep\n|turn|5\n|\n|t:|1782448770\n|move|p1a: Grimmsnarl|Light Screen|p1a: Grimmsnarl\n|-sidestart|p1: lupiit|move: Light Screen\n|move|p2a: Darkrai|Will-O-Wisp|p1a: Grimmsnarl\n|-status|p1a: Grimmsnarl|brn\n|\n|-damage|p1a: Grimmsnarl|9/100 brn|[from] brn\n|upkeep\n|turn|6\n|\n|t:|1782448775\n|switch|p1a: Comfey|Comfey, F|100/100\n|move|p2a: Darkrai|Will-O-Wisp|p1a: Comfey\n|-status|p1a: Comfey|brn\n|\n|-damage|p1a: Comfey|94/100 brn|[from] brn\n|upkeep\n|turn|7\n|\n|t:|1782448782\n|switch|p2a: Slowking|Slowking-Galar, M|100/100\n|move|p1a: Comfey|Leech Seed|p2a: Slowking\n|-start|p2a: Slowking|move: Leech Seed\n|\n|-damage|p2a: Slowking|88/100|[from] Leech Seed|[of] p1a: Comfey\n|-heal|p1a: Comfey|100/100 brn|[silent]\n|-damage|p1a: Comfey|94/100 brn|[from] brn\n|upkeep\n|turn|8\n|\n|t:|1782448786\n|move|p1a: Comfey|Calm Mind|p1a: Comfey\n|-boost|p1a: Comfey|spa|1\n|-boost|p1a: Comfey|spd|1\n|move|p2a: Slowking|Sludge Bomb|p1a: Comfey\n|-supereffective|p1a: Comfey\n|-damage|p1a: Comfey|70/100 brn\n|\n|-damage|p2a: Slowking|76/100|[from] Leech Seed|[of] p1a: Comfey\n|-heal|p1a: Comfey|86/100 brn|[silent]\n|-damage|p1a: Comfey|80/100 brn|[from] brn\n|upkeep\n|turn|9\n|\n|t:|1782448789\n|move|p1a: Comfey|Calm Mind|p1a: Comfey\n|-boost|p1a: Comfey|spa|1\n|-boost|p1a: Comfey|spd|1\n|-prepare|p2a: Slowking|Chilly Reception|[premajor]\n|move|p2a: Slowking|Chilly Reception|p2a: Slowking\n|-weather|Snowscape\n|\n|t:|1782448791\n|switch|p2a: Gliscor|Gliscor, M|100/100|[from] Chilly Reception\n|\n|-weather|Snowscape|[upkeep]\n|-damage|p1a: Comfey|73/100 brn|[from] brn\n|-status|p2a: Gliscor|tox|[from] item: Toxic Orb\n|upkeep\n|turn|10\n|\n|t:|1782448794\n|move|p1a: Comfey|Draining Kiss|p2a: Gliscor\n|-damage|p2a: Gliscor|66/100 tox\n|-heal|p1a: Comfey|100/100 brn|[from] drain|[of] p2a: Gliscor\n|move|p2a: Gliscor|Swords Dance|p2a: Gliscor\n|-boost|p2a: Gliscor|atk|2\n|\n|-weather|Snowscape|[upkeep]\n|-heal|p2a: Gliscor|79/100 tox|[from] ability: Poison Heal\n|-damage|p1a: Comfey|94/100 brn|[from] brn\n|upkeep\n|turn|11\n|\n|t:|1782448798\n|move|p1a: Comfey|Leech Seed|p2a: Gliscor\n|-start|p2a: Gliscor|move: Leech Seed\n|move|p2a: Gliscor|Swords Dance|p2a: Gliscor\n|-boost|p2a: Gliscor|atk|2\n|\n|-weather|Snowscape|[upkeep]\n|-damage|p2a: Gliscor|66/100 tox|[from] Leech Seed|[of] p1a: Comfey\n|-heal|p1a: Comfey|100/100 brn|[silent]\n|-heal|p2a: Gliscor|79/100 tox|[from] ability: Poison Heal\n|-damage|p1a: Comfey|94/100 brn|[from] brn\n|-sideend|p1: lupiit|Reflect\n|upkeep\n|turn|12\n|\n|t:|1782448805\n|move|p1a: Comfey|Draining Kiss|p2a: Gliscor\n|-damage|p2a: Gliscor|41/100 tox\n|-heal|p1a: Comfey|100/100 brn|[from] drain|[of] p2a: Gliscor\n|move|p2a: Gliscor|Facade|p1a: Comfey\n|-damage|p1a: Comfey|0 fnt\n|faint|p1a: Comfey\n|\n|-weather|Snowscape|[upkeep]\n|-heal|p2a: Gliscor|53/100 tox|[from] ability: Poison Heal\n|-sideend|p1: lupiit|move: Light Screen\n|upkeep\n|\n|t:|1782448808\n|switch|p1a: Kyurem|Kyurem|100/100\n|-ability|p1a: Kyurem|Pressure\n|turn|13\n|\n|t:|1782448813\n|switch|p2a: Slowking|Slowking-Galar, M|100/100\n|move|p1a: Kyurem|Freeze-Dry|p2a: Slowking\n|-damage|p2a: Slowking|80/100\n|\n|-weather|none\n|upkeep\n|turn|14\n|\n|t:|1782448816\n|move|p1a: Kyurem|Icicle Spear|p2a: Slowking\n|-damage|p2a: Slowking|68/100\n|-damage|p2a: Slowking|55/100\n|-damage|p2a: Slowking|42/100\n|-hitcount|p2a: Slowking|3\n|move|p2a: Slowking|Toxic|p1a: Kyurem\n|-status|p1a: Kyurem|tox\n|\n|-damage|p1a: Kyurem|94/100 tox|[from] psn\n|upkeep\n|turn|15\n|\n|t:|1782448820\n|switch|p2a: Rotom|Rotom-Wash|100/100\n|move|p1a: Kyurem|Icicle Spear|p2a: Rotom\n|-resisted|p2a: Rotom\n|-damage|p2a: Rotom|96/100\n|-resisted|p2a: Rotom\n|-damage|p2a: Rotom|91/100\n|-resisted|p2a: Rotom\n|-damage|p2a: Rotom|86/100\n|-resisted|p2a: Rotom\n|-damage|p2a: Rotom|81/100\n|-resisted|p2a: Rotom\n|-damage|p2a: Rotom|76/100\n|-hitcount|p2a: Rotom|5\n|\n|-heal|p2a: Rotom|83/100|[from] item: Leftovers\n|-damage|p1a: Kyurem|82/100 tox|[from] psn\n|upkeep\n|turn|16\n|\n|t:|1782448825\n|switch|p2a: Slowking|Slowking-Galar, M|75/100\n|move|p1a: Kyurem|Freeze-Dry|p2a: Slowking\n|-damage|p2a: Slowking|54/100\n|\n|-damage|p1a: Kyurem|64/100 tox|[from] psn\n|upkeep\n|turn|17\n|\n|t:|1782448828\n|switch|p1a: Grimmsnarl|Grimmsnarl, M|9/100 brn\n|-prepare|p2a: Slowking|Chilly Reception|[premajor]\n|move|p2a: Slowking|Chilly Reception|p2a: Slowking\n|-weather|Snowscape\n|\n|t:|1782448835\n|switch|p2a: Corviknight|Corviknight, F|42/100|[from] Chilly Reception\n|-ability|p2a: Corviknight|Pressure\n|\n|-weather|Snowscape|[upkeep]\n|-damage|p1a: Grimmsnarl|3/100 brn|[from] brn\n|upkeep\n|turn|18\n|\n|t:|1782448843\n|move|p1a: Grimmsnarl|Reflect|p1a: Grimmsnarl\n|-sidestart|p1: lupiit|Reflect\n|move|p2a: Corviknight|Roost|p2a: Corviknight\n|-heal|p2a: Corviknight|92/100\n|-singleturn|p2a: Corviknight|move: Roost\n|\n|-weather|Snowscape|[upkeep]\n|-damage|p1a: Grimmsnarl|0 fnt|[from] brn\n|faint|p1a: Grimmsnarl\n|upkeep\n|\n|t:|1782448846\n|switch|p1a: Enamorus|Enamorus, F|100/100\n|turn|19\n|\n|t:|1782448850\n|move|p1a: Enamorus|Substitute|p1a: Enamorus\n|-start|p1a: Enamorus|Substitute\n|-damage|p1a: Enamorus|76/100\n|move|p2a: Corviknight|Brave Bird|p1a: Enamorus\n|-end|p1a: Enamorus|Substitute\n|-damage|p2a: Corviknight|86/100|[from] Recoil|[of] p1a: Enamorus\n|\n|-weather|Snowscape|[upkeep]\n|upkeep\n|turn|20\n|\n|t:|1782448855\n|move|p1a: Enamorus|Substitute|p1a: Enamorus\n|-start|p1a: Enamorus|Substitute\n|-damage|p1a: Enamorus|51/100\n|move|p2a: Corviknight|Brave Bird|p1a: Enamorus\n|-end|p1a: Enamorus|Substitute\n|-damage|p2a: Corviknight|80/100|[from] Recoil|[of] p1a: Enamorus\n|\n|-weather|Snowscape|[upkeep]\n|upkeep\n|turn|21\n|\n|t:|1782448860\n|switch|p1a: Hoopa|Hoopa-Unbound|100/100\n|move|p2a: Corviknight|Brave Bird|p1a: Hoopa\n|-damage|p1a: Hoopa|70/100\n|-damage|p2a: Corviknight|72/100|[from] Recoil\n|\n|-weather|none\n|upkeep\n|turn|22\n|\n|t:|1782448863\n|move|p1a: Hoopa|Hyperspace Fury|p2a: Corviknight\n|-damage|p2a: Corviknight|16/100\n|-unboost|p1a: Hoopa|def|1\n|move|p2a: Corviknight|U-turn|p1a: Hoopa\n|-supereffective|p1a: Hoopa\n|-damage|p1a: Hoopa|0 fnt\n|faint|p1a: Hoopa\n|\n|t:|1782448872\n|switch|p2a: Slowking|Slowking-Galar, M|88/100|[from] U-turn\n|\n|upkeep\n|\n|t:|1782448875\n|switch|p1a: Darkrai|Darkrai|100/100\n|turn|23\n|\n|t:|1782448880\n|move|p1a: Darkrai|Dark Pulse|p2a: Slowking\n|-supereffective|p2a: Slowking\n|-damage|p2a: Slowking|34/100\n|move|p2a: Slowking|Toxic|p1a: Darkrai\n|-status|p1a: Darkrai|tox\n|\n|-damage|p1a: Darkrai|94/100 tox|[from] psn\n|upkeep\n|turn|24\n|\n|t:|1782448883\n|switch|p2a: Corviknight|Corviknight, F|16/100\n|-ability|p2a: Corviknight|Pressure\n|move|p1a: Darkrai|Dark Pulse|p2a: Corviknight\n|-damage|p2a: Corviknight|0 fnt\n|faint|p2a: Corviknight\n|\n|-damage|p1a: Darkrai|82/100 tox|[from] psn\n|upkeep\n|\n|t:|1782448887\n|switch|p2a: Rotom|Rotom-Wash|83/100\n|turn|25\n|\n|t:|1782448889\n|move|p1a: Darkrai|Dark Pulse|p2a: Rotom\n|-damage|p2a: Rotom|22/100\n|move|p2a: Rotom|Pain Split|p1a: Darkrai\n|-sethp|p1a: Darkrai|53/100 tox|[from] move: Pain Split|[silent]\n|-sethp|p2a: Rotom|49/100|[from] move: Pain Split\n|\n|-heal|p2a: Rotom|55/100|[from] item: Leftovers\n|-damage|p1a: Darkrai|35/100 tox|[from] psn\n|-sideend|p1: lupiit|Reflect\n|upkeep\n|turn|26\n|\n|t:|1782448895\n|move|p1a: Darkrai|Dark Pulse|p2a: Rotom\n|-damage|p2a: Rotom|0 fnt\n|faint|p2a: Rotom\n|\n|-damage|p1a: Darkrai|10/100 tox|[from] psn\n|upkeep\n|\n|t:|1782448900\n|switch|p2a: Gliscor|Gliscor, M|53/100 tox\n|turn|27\n|\n|t:|1782448902\n|switch|p1a: Enamorus|Enamorus, F|51/100\n|move|p2a: Gliscor|Protect||[still]\n|-fail|p2a: Gliscor\n|\n|-heal|p2a: Gliscor|66/100 tox|[from] ability: Poison Heal\n|upkeep\n|turn|28\n|inactive|mothcarona has 120 seconds left.\n|\n|t:|1782448948\n|move|p1a: Enamorus|Moonblast|p2a: Gliscor\n|-damage|p2a: Gliscor|20/100 tox\n|move|p2a: Gliscor|Facade|p1a: Enamorus\n|-damage|p1a: Enamorus|0 fnt\n|faint|p1a: Enamorus\n|\n|-heal|p2a: Gliscor|32/100 tox|[from] ability: Poison Heal\n|upkeep\n|-message|lupiit forfeited.\n|\n|win|mothcarona\n|raw|lupiit's rating: 1546 &rarr; <strong>1526</strong><br />(-20 for losing)\n|raw|mothcarona's rating: 1551 &rarr; <strong>1571</strong><br />(+20 for winning)\n|l|‽lupiit\n|player|p1|\n|l|☆mothcarona\n|player|p2|\n", "uploadtime": 1782449240, "views": 4, "formatid": "gen9ou", "rating": 1526, "private": 0, "password": null}