{"id": "gen9ou-2639310106", "format": "[Gen 9] OU", "players": ["wizardrex", "PiNgOrAxX"], "log": "|j|☆wizardrex\n|j|☆PiNgOrAxX\n|t:|1782450517\n|gametype|singles\n|player|p1|wizardrex|170|1510\n|player|p2|PiNgOrAxX|ethan|1492\n|gen|9\n|tier|[Gen 9] OU\n|rated|\n|rule|HP Percentage Mod: HP is shown in percentages\n|rule|Endless Battle Clause: Forcing endless battles is banned\n|rule|Species Clause: Limit one of each Pokémon\n|rule|OHKO Clause: OHKO moves are banned\n|rule|Evasion Items Clause: Evasion items are banned\n|rule|Evasion Moves Clause: Evasion moves are banned\n|rule|Evasion Abilities Clause: Evasion abilities are banned\n|rule|Sleep Moves Clause: Sleep-inducing moves are banned\n|clearpoke\n|poke|p1|Zapdos|\n|poke|p1|Pecharunt|\n|poke|p1|Primarina, F|\n|poke|p1|Meowscarada, F|\n|poke|p1|Dragonite, F|\n|poke|p1|Iron Treads|\n|poke|p2|Ceruledge, M|\n|poke|p2|Meowscarada, M|\n|poke|p2|Greninja-*, M|\n|poke|p2|Great Tusk|\n|poke|p2|Galvantula, M|\n|poke|p2|Landorus-Therian, M|\n|teampreview\n|\n|t:|1782450537\n|teamsize|p1|6\n|teamsize|p2|6\n|start\n|switch|p1a: Iron Treads|Iron Treads|100/100\n|switch|p2a: Miascarade|Meowscarada, M|100/100\n|turn|1\n|\n|t:|1782450550\n|move|p2a: Miascarade|Flower Trick|p1a: Iron Treads\n|-start|p2a: Miascarade|typechange|Grass|[from] ability: Protean\n|-crit|p1a: Iron Treads\n|-damage|p1a: Iron Treads|32/100\n|move|p1a: Iron Treads|Ice Spinner|p2a: Miascarade\n|-supereffective|p2a: Miascarade\n|-damage|p2a: Miascarade|17/100\n|\n|-heal|p1a: Iron Treads|38/100|[from] item: Leftovers\n|upkeep\n|turn|2\n|\n|t:|1782450562\n|-end|p1a: Iron Treads|Quark Drive|[silent]\n|switch|p1a: Pecharunt|Pecharunt|100/100\n|move|p2a: Miascarade|Flower Trick|p1a: Pecharunt\n|-resisted|p1a: Pecharunt\n|-crit|p1a: Pecharunt\n|-damage|p1a: Pecharunt|78/100\n|\n|upkeep\n|turn|3\n|\n|t:|1782450570\n|switch|p2a: Galvantula|Galvantula, M|100/100\n|move|p1a: Pecharunt|Malignant Chain|p2a: Galvantula\n|-damage|p2a: Galvantula|39/100\n|-status|p2a: Galvantula|tox\n|-start|p2a: Galvantula|confusion|[from] ability: Poison Puppeteer|[of] p1a: Pecharunt\n|\n|-damage|p2a: Galvantula|33/100 tox|[from] psn\n|upkeep\n|turn|4\n|\n|t:|1782450581\n|-activate|p2a: Galvantula|confusion\n|move|p2a: Galvantula|Sticky Web|p1a: Pecharunt\n|-sidestart|p1: wizardrex|move: Sticky Web\n|move|p1a: Pecharunt|Parting Shot|p2a: Galvantula\n|-unboost|p2a: Galvantula|atk|1\n|-unboost|p2a: Galvantula|spa|1\n|\n|t:|1782450584\n|switch|p1a: Iron Treads|Iron Treads|38/100|[from] Parting Shot\n|-activate|p1a: Iron Treads|move: Sticky Web\n|-unboost|p1a: Iron Treads|spe|1\n|\n|-heal|p1a: Iron Treads|45/100|[from] item: Leftovers\n|-damage|p2a: Galvantula|21/100 tox|[from] psn\n|upkeep\n|turn|5\n|\n|t:|1782450598\n|-activate|p2a: Galvantula|confusion\n|move|p2a: Galvantula|Giga Drain|p1a: Iron Treads\n|-damage|p1a: Iron Treads|23/100\n|-heal|p2a: Galvantula|33/100 tox|[from] drain|[of] p1a: Iron Treads\n|move|p1a: Iron Treads|Stealth Rock|p2a: Galvantula\n|-sidestart|p2: PiNgOrAxX|move: Stealth Rock\n|\n|-heal|p1a: Iron Treads|30/100|[from] item: Leftovers\n|-damage|p2a: Galvantula|15/100 tox|[from] psn\n|upkeep\n|turn|6\n|\n|t:|1782450608\n|-activate|p2a: Galvantula|confusion\n|move|p2a: Galvantula|Giga Drain|p1a: Iron Treads\n|-damage|p1a: Iron Treads|9/100\n|-heal|p2a: Galvantula|27/100 tox|[from] drain|[of] p1a: Iron Treads\n|move|p1a: Iron Treads|Rapid Spin|p2a: Galvantula\n|-damage|p2a: Galvantula|0 fnt\n|-boost|p1a: Iron Treads|spe|1\n|-sideend|p1: wizardrex|Sticky Web|[from] move: Rapid Spin|[of] p1a: Iron Treads\n|faint|p2a: Galvantula\n|\n|-heal|p1a: Iron Treads|15/100|[from] item: Leftovers\n|upkeep\n|\n|t:|1782450629\n|switch|p2a: Greninja|Greninja, M|100/100\n|-damage|p2a: Greninja|88/100|[from] Stealth Rock\n|turn|7\n|\n|t:|1782450634\n|move|p2a: Greninja|Water Shuriken|p1a: Iron Treads\n|-supereffective|p1a: Iron Treads\n|-damage|p1a: Iron Treads|0 fnt\n|faint|p1a: Iron Treads\n|-end|p1a: Iron Treads|Quark Drive|[silent]\n|-ability|p2a: Greninja|Battle Bond|boost\n|-boost|p2a: Greninja|atk|1\n|-boost|p2a: Greninja|spa|1\n|-boost|p2a: Greninja|spe|1\n|-activate|p2a: Greninja|ability: Battle Bond\n|-hitcount|p1: Iron Treads|1\n|\n|upkeep\n|\n|t:|1782450640\n|switch|p1a: Meowscarada|Meowscarada, F|100/100\n|turn|8\n|\n|t:|1782450645\n|move|p1a: Meowscarada|Flower Trick|p2a: Greninja\n|-start|p1a: Meowscarada|typechange|Grass|[from] ability: Protean\n|-supereffective|p2a: Greninja\n|-crit|p2a: Greninja\n|-damage|p2a: Greninja|0 fnt\n|faint|p2a: Greninja\n|\n|upkeep\n|\n|t:|1782450655\n|switch|p2a: Ceruledge|Ceruledge, M|100/100\n|-damage|p2a: Ceruledge|76/100|[from] Stealth Rock\n|turn|9\n|\n|t:|1782450667\n|switch|p1a: Pecharunt|Pecharunt|78/100\n|move|p2a: Ceruledge|Poltergeist|p1a: Pecharunt\n|-activate|p1a: Pecharunt|move: Poltergeist|Rocky Helmet\n|-supereffective|p1a: Pecharunt\n|-damage|p1a: Pecharunt|8/100\n|\n|upkeep\n|turn|10\n|\n|t:|1782450674\n|move|p2a: Ceruledge|Shadow Sneak|p1a: Pecharunt\n|-supereffective|p1a: Pecharunt\n|-damage|p1a: Pecharunt|0 fnt\n|-damage|p2a: Ceruledge|59/100|[from] item: Rocky Helmet|[of] p1a: Pecharunt\n|faint|p1a: Pecharunt\n|\n|upkeep\n|\n|t:|1782450678\n|switch|p1a: Dragonite|Dragonite, F|100/100\n|turn|11\n|\n|t:|1782450683\n|switch|p2a: Great Tusk|Great Tusk|100/100\n|-damage|p2a: Great Tusk|98/100|[from] Stealth Rock\n|-terastallize|p1a: Dragonite|Normal\n|move|p1a: Dragonite|Earthquake|p2a: Great Tusk\n|-damage|p2a: Great Tusk|68/100\n|\n|upkeep\n|turn|12\n|\n|t:|1782450692\n|move|p2a: Great Tusk|Rapid Spin|p1a: Dragonite\n|-crit|p1a: Dragonite\n|-damage|p1a: Dragonite|83/100\n|-boost|p2a: Great Tusk|spe|1\n|-sideend|p2: PiNgOrAxX|Stealth Rock|[from] move: Rapid Spin|[of] p2a: Great Tusk\n|move|p1a: Dragonite|Dragon Dance|p1a: Dragonite\n|-boost|p1a: Dragonite|atk|1\n|-boost|p1a: Dragonite|spe|1\n|\n|upkeep\n|turn|13\n|\n|t:|1782450700\n|move|p1a: Dragonite|Extreme Speed|p2a: Great Tusk\n|-damage|p2a: Great Tusk|17/100\n|move|p2a: Great Tusk|Brick Break|p1a: Dragonite\n|-supereffective|p1a: Dragonite\n|-damage|p1a: Dragonite|0 fnt\n|faint|p1a: Dragonite\n|\n|upkeep\n|\n|t:|1782450705\n|switch|p1a: Meowscarada|Meowscarada, F|100/100\n|turn|14\n|\n|t:|1782450710\n|move|p1a: Meowscarada|Flower Trick|p2a: Great Tusk\n|-start|p1a: Meowscarada|typechange|Grass|[from] ability: Protean\n|-supereffective|p2a: Great Tusk\n|-crit|p2a: Great Tusk\n|-damage|p2a: Great Tusk|0 fnt\n|faint|p2a: Great Tusk\n|-end|p2a: Great Tusk|Protosynthesis|[silent]\n|\n|upkeep\n|\n|t:|1782450718\n|switch|p2a: Miascarade|Meowscarada, M|17/100\n|turn|15\n|\n|t:|1782450722\n|switch|p1a: Zapdos|Zapdos|100/100\n|move|p2a: Miascarade|Sucker Punch||[still]\n|-fail|p2a: Miascarade\n|\n|upkeep\n|turn|16\n|\n|t:|1782450730\n|switch|p2a: Landorus|Landorus-Therian, M|100/100\n|-ability|p2a: Landorus|Intimidate|boost\n|-unboost|p1a: Zapdos|atk|1\n|move|p1a: Zapdos|Volt Switch|p2a: Landorus\n|-immune|p2a: Landorus\n|\n|upkeep\n|turn|17\n|\n|t:|1782450738\n|move|p2a: Landorus|Stone Edge|p1a: Zapdos|[miss]\n|-miss|p2a: Landorus|p1a: Zapdos\n|move|p1a: Zapdos|Hurricane|p2a: Landorus\n|-damage|p2a: Landorus|22/100\n|\n|upkeep\n|turn|18\n|\n|t:|1782450751\n|move|p2a: Landorus|Stone Edge|p1a: Zapdos\n|-supereffective|p1a: Zapdos\n|-damage|p1a: Zapdos|24/100\n|move|p1a: Zapdos|Hurricane|p2a: Landorus|[miss]\n|-miss|p1a: Zapdos|p2a: Landorus\n|\n|upkeep\n|turn|19\n|\n|t:|1782450757\n|move|p2a: Landorus|Stone Edge|p1a: Zapdos\n|-supereffective|p1a: Zapdos\n|-damage|p1a: Zapdos|0 fnt\n|faint|p1a: Zapdos\n|\n|upkeep\n|\n|t:|1782450771\n|switch|p1a: Meowscarada|Meowscarada, F|100/100\n|turn|20\n|\n|t:|1782450775\n|move|p1a: Meowscarada|Triple Axel|p2a: Landorus\n|-start|p1a: Meowscarada|typechange|Ice|[from] ability: Protean\n|-supereffective|p2a: Landorus\n|-damage|p2a: Landorus|0 fnt\n|faint|p2a: Landorus\n|-hitcount|p2: Landorus|1\n|\n|upkeep\n|\n|t:|1782450783\n|switch|p2a: Miascarade|Meowscarada, M|17/100\n|turn|21\n|\n|t:|1782450787\n|move|p2a: Miascarade|Sucker Punch|p1a: Meowscarada\n|-start|p2a: Miascarade|typechange|Dark|[from] ability: Protean\n|-damage|p1a: Meowscarada|30/100\n|move|p1a: Meowscarada|Triple Axel|p2a: Miascarade\n|-damage|p2a: Miascarade|2/100\n|-damage|p2a: Miascarade|0 fnt\n|faint|p2a: Miascarade\n|-hitcount|p2: Miascarade|2\n|\n|upkeep\n|\n|t:|1782450799\n|switch|p2a: Ceruledge|Ceruledge, M|59/100\n|turn|22\n|\n|t:|1782450802\n|move|p2a: Ceruledge|Endure|p2a: Ceruledge\n|-singleturn|p2a: Ceruledge|move: Endure\n|move|p1a: Meowscarada|Triple Axel|p2a: Ceruledge\n|-resisted|p2a: Ceruledge\n|-damage|p2a: Ceruledge|53/100\n|-ability|p2a: Ceruledge|Weak Armor|boost\n|-unboost|p2a: Ceruledge|def|1\n|-boost|p2a: Ceruledge|spe|2\n|-resisted|p2a: Ceruledge\n|-damage|p2a: Ceruledge|33/100\n|-ability|p2a: Ceruledge|Weak Armor|boost\n|-unboost|p2a: Ceruledge|def|1\n|-boost|p2a: Ceruledge|spe|2\n|-resisted|p2a: Ceruledge\n|-activate|p2a: Ceruledge|move: Endure\n|-damage|p2a: Ceruledge|1/100\n|-ability|p2a: Ceruledge|Weak Armor|boost\n|-unboost|p2a: Ceruledge|def|1\n|-boost|p2a: Ceruledge|spe|2\n|-hitcount|p2a: Ceruledge|3\n|\n|upkeep\n|turn|23\n|\n|t:|1782450820\n|move|p2a: Ceruledge|Bitter Blade|p1a: Meowscarada\n|-supereffective|p1a: Meowscarada\n|-damage|p1a: Meowscarada|0 fnt\n|-heal|p2a: Ceruledge|16/100|[from] drain|[of] p1a: Meowscarada\n|faint|p1a: Meowscarada\n|\n|upkeep\n|\n|t:|1782450823\n|switch|p1a: Primarina|Primarina, F|100/100\n|turn|24\n|\n|t:|1782450829\n|move|p2a: Ceruledge|Endure|p2a: Ceruledge\n|-singleturn|p2a: Ceruledge|move: Endure\n|move|p1a: Primarina|Surf|p2a: Ceruledge\n|-supereffective|p2a: Ceruledge\n|-activate|p2a: Ceruledge|move: Endure\n|-damage|p2a: Ceruledge|1/100\n|-enditem|p2a: Ceruledge|Weakness Policy\n|-boost|p2a: Ceruledge|atk|2|[from] item: Weakness Policy\n|-boost|p2a: Ceruledge|spa|2|[from] item: Weakness Policy\n|\n|upkeep\n|turn|25\n|\n|t:|1782450838\n|move|p2a: Ceruledge|Poltergeist|p1a: Primarina\n|-activate|p1a: Primarina|move: Poltergeist|Assault Vest\n|-damage|p1a: Primarina|0 fnt\n|faint|p1a: Primarina\n|\n|win|PiNgOrAxX\n|raw|wizardrex's rating: 1510 &rarr; <strong>1489</strong><br />(-21 for losing)\n|raw|PiNgOrAxX's rating: 1492 &rarr; <strong>1513</strong><br />(+21 for winning)\n|l|☆wizardrex\n|player|p1|\n|l|☆PiNgOrAxX\n|player|p2|\n", "uploadtime": 1782450988, "views": 3, "formatid": "gen9ou", "rating": 1489, "private": 0, "password": null}