{"id": "gen9ou-2540630661", "format": "[Gen 9] OU", "players": ["Polgre VII", "ceo o wo chien"], "log": "|j|☆Polgre VII\n|j|☆ceo o wo chien\n|t:|1771230638\n|gametype|singles\n|player|p1|Polgre VII|drayden|1647\n|player|p2|ceo o wo chien|1|1753\n|gen|9\n|tier|[Gen 9] OU\n|rated|\n|rule|HP Percentage Mod: HP is shown in percentages\n|rule|Endless Battle Clause: Forcing endless battles is banned\n|rule|Species Clause: Limit one of each Pokémon\n|rule|OHKO Clause: OHKO moves are banned\n|rule|Evasion Items Clause: Evasion items are banned\n|rule|Evasion Moves Clause: Evasion moves are banned\n|rule|Evasion Abilities Clause: Evasion abilities are banned\n|rule|Sleep Moves Clause: Sleep-inducing moves are banned\n|clearpoke\n|poke|p1|Iron Moth|\n|poke|p1|Kingambit, F|\n|poke|p1|Dragonite, M|\n|poke|p1|Ogerpon-Cornerstone, F|\n|poke|p1|Iron Valiant|\n|poke|p1|Raging Bolt|\n|poke|p2|Primarina, M|\n|poke|p2|Iron Crown|\n|poke|p2|Great Tusk|\n|poke|p2|Wo-Chien|\n|poke|p2|Moltres|\n|poke|p2|Dragapult, F|\n|teampreview\n|inactive|Battle timer is ON: inactive players will automatically lose when time's up. (requested by ceo o wo chien)\n|\n|t:|1771230643\n|teamsize|p1|6\n|teamsize|p2|6\n|start\n|switch|p1a: Iron Valiant|Iron Valiant|100/100\n|switch|p2a: Iron Crown|Iron Crown|100/100\n|-enditem|p1a: Iron Valiant|Booster Energy\n|-activate|p1a: Iron Valiant|ability: Quark Drive|[fromitem]\n|-start|p1a: Iron Valiant|quarkdrivespe\n|turn|1\n|\n|t:|1771230647\n|move|p1a: Iron Valiant|Destiny Bond|p1a: Iron Valiant\n|-singlemove|p1a: Iron Valiant|Destiny Bond\n|move|p2a: Iron Crown|Tachyon Cutter|p1a: Iron Valiant\n|-supereffective|p1a: Iron Valiant\n|-damage|p1a: Iron Valiant|0 fnt\n|faint|p1a: Iron Valiant\n|-activate|p1a: Iron Valiant|move: Destiny Bond\n|-end|p1a: Iron Valiant|Quark Drive|[silent]\n|faint|p2a: Iron Crown\n|-end|p2a: Iron Crown|Quark Drive|[silent]\n|-hitcount|p1: Iron Valiant|1\n|\n|upkeep\n|\n|t:|1771230651\n|switch|p1a: Ogerpon|Ogerpon-Cornerstone, F|100/100\n|switch|p2a: Dragapult|Dragapult, F|100/100\n|turn|2\n|\n|t:|1771230657\n|move|p2a: Dragapult|U-turn|p1a: Ogerpon\n|-supereffective|p1a: Ogerpon\n|-damage|p1a: Ogerpon|4/100\n|j| nonchalantbufalant\n|\n|t:|1771230659\n|switch|p2a: Great Tusk|Great Tusk|100/100|[from] U-turn\n|move|p1a: Ogerpon|Knock Off|p2a: Great Tusk\n|-resisted|p2a: Great Tusk\n|-damage|p2a: Great Tusk|89/100\n|-enditem|p2a: Great Tusk|Heavy-Duty Boots|[from] move: Knock Off|[of] p1a: Ogerpon\n|\n|upkeep\n|turn|3\n|\n|t:|1771230663\n|move|p1a: Ogerpon|Power Whip|p2a: Great Tusk\n|-supereffective|p2a: Great Tusk\n|-damage|p2a: Great Tusk|5/100\n|move|p2a: Great Tusk|Rapid Spin|p1a: Ogerpon\n|-resisted|p1a: Ogerpon\n|-damage|p1a: Ogerpon|0 fnt\n|-boost|p2a: Great Tusk|spe|1\n|faint|p1a: Ogerpon\n|\n|upkeep\n|\n|t:|1771230671\n|switch|p1a: Iron Moth|Iron Moth|100/100\n|-enditem|p1a: Iron Moth|Booster Energy\n|-activate|p1a: Iron Moth|ability: Quark Drive|[fromitem]\n|-start|p1a: Iron Moth|quarkdrivespe\n|turn|4\n|\n|t:|1771230674\n|-end|p2a: Great Tusk|Protosynthesis|[silent]\n|switch|p2a: Moltres|Moltres|100/100\n|move|p1a: Iron Moth|Fiery Dance|p2a: Moltres\n|-resisted|p2a: Moltres\n|-damage|p2a: Moltres|86/100\n|-boost|p1a: Iron Moth|spa|1\n|\n|upkeep\n|turn|5\n|\n|t:|1771230677\n|move|p1a: Iron Moth|Sludge Wave|p2a: Moltres\n|-damage|p2a: Moltres|33/100\n|-status|p2a: Moltres|psn\n|move|p2a: Moltres|Roar|p1a: Iron Moth\n|-end|p1a: Iron Moth|Quark Drive|[silent]\n|drag|p1a: Raging Bolt|Raging Bolt|100/100\n|-enditem|p1a: Raging Bolt|Booster Energy\n|-activate|p1a: Raging Bolt|ability: Protosynthesis|[fromitem]\n|-start|p1a: Raging Bolt|protosynthesisspa\n|\n|-damage|p2a: Moltres|21/100 psn|[from] psn\n|upkeep\n|turn|6\n|\n|t:|1771230683\n|move|p1a: Raging Bolt|Thunderbolt|p2a: Moltres\n|-supereffective|p2a: Moltres\n|-damage|p2a: Moltres|0 fnt\n|faint|p2a: Moltres\n|\n|upkeep\n|\n|t:|1771230685\n|switch|p2a: Wo-Chien|Wo-Chien|100/100\n|-ability|p2a: Wo-Chien|Tablets of Ruin\n|turn|7\n|\n|t:|1771230695\n|move|p1a: Raging Bolt|Calm Mind|p1a: Raging Bolt\n|-boost|p1a: Raging Bolt|spa|1\n|-boost|p1a: Raging Bolt|spd|1\n|move|p2a: Wo-Chien|Leech Seed|p1a: Raging Bolt\n|-start|p1a: Raging Bolt|move: Leech Seed\n|\n|-damage|p1a: Raging Bolt|88/100|[from] Leech Seed|[of] p2a: Wo-Chien\n|upkeep\n|turn|8\n|\n|t:|1771230708\n|move|p1a: Raging Bolt|Calm Mind|p1a: Raging Bolt\n|-boost|p1a: Raging Bolt|spa|1\n|-boost|p1a: Raging Bolt|spd|1\n|move|p2a: Wo-Chien|Foul Play|p1a: Raging Bolt\n|-damage|p1a: Raging Bolt|70/100\n|\n|-damage|p1a: Raging Bolt|58/100|[from] Leech Seed|[of] p2a: Wo-Chien\n|upkeep\n|turn|9\n|\n|t:|1771230717\n|switch|p2a: Primarina|Primarina, M|100/100\n|move|p1a: Raging Bolt|Dragon Pulse|p2a: Primarina\n|-immune|p2a: Primarina\n|\n|-damage|p1a: Raging Bolt|45/100|[from] Leech Seed|[of] p2a: Primarina\n|upkeep\n|turn|10\n|\n|t:|1771230722\n|move|p1a: Raging Bolt|Thunderbolt|p2a: Primarina\n|-supereffective|p2a: Primarina\n|-damage|p2a: Primarina|0 fnt\n|faint|p2a: Primarina\n|\n|upkeep\n|\n|t:|1771230723\n|switch|p2a: Great Tusk|Great Tusk|5/100\n|turn|11\n|\n|t:|1771230728\n|move|p2a: Great Tusk|Headlong Rush|p1a: Raging Bolt\n|-supereffective|p1a: Raging Bolt\n|-damage|p1a: Raging Bolt|0 fnt\n|-unboost|p2a: Great Tusk|def|1\n|-unboost|p2a: Great Tusk|spd|1\n|faint|p1a: Raging Bolt\n|-end|p1a: Raging Bolt|Protosynthesis|[silent]\n|\n|upkeep\n|\n|t:|1771230732\n|switch|p1a: Iron Moth|Iron Moth|100/100\n|turn|12\n|\n|t:|1771230749\n|move|p1a: Iron Moth|Fiery Dance|p2a: Great Tusk\n|-damage|p2a: Great Tusk|0 fnt\n|-boost|p1a: Iron Moth|spa|1\n|faint|p2a: Great Tusk\n|-end|p2a: Great Tusk|Protosynthesis|[silent]\n|\n|upkeep\n|\n|t:|1771230750\n|switch|p2a: Dragapult|Dragapult, F|100/100\n|turn|13\n|\n|t:|1771230755\n|move|p2a: Dragapult|Dragon Darts|p1a: Iron Moth\n|-damage|p1a: Iron Moth|49/100\n|-anim|p2a: Dragapult|Dragon Darts|p1a: Iron Moth\n|-damage|p1a: Iron Moth|0 fnt\n|faint|p1a: Iron Moth\n|-end|p1a: Iron Moth|Quark Drive|[silent]\n|\n|upkeep\n|\n|t:|1771230762\n|switch|p1a: Kingambit|Kingambit, F|100/100\n|-activate|p1a: Kingambit|ability: Supreme Overlord\n|-start|p1a: Kingambit|fallen4|[silent]\n|turn|14\n|\n|t:|1771230768\n|move|p2a: Dragapult|Dragon Darts|p1a: Kingambit\n|-resisted|p1a: Kingambit\n|-damage|p1a: Kingambit|86/100\n|-anim|p2a: Dragapult|Dragon Darts|p1a: Kingambit\n|-resisted|p1a: Kingambit\n|-damage|p1a: Kingambit|69/100\n|move|p1a: Kingambit|Kowtow Cleave|p2a: Dragapult\n|-supereffective|p2a: Dragapult\n|-damage|p2a: Dragapult|0 fnt\n|faint|p2a: Dragapult\n|\n|upkeep\n|\n|t:|1771230769\n|switch|p2a: Wo-Chien|Wo-Chien|100/100\n|-ability|p2a: Wo-Chien|Tablets of Ruin\n|turn|15\n|\n|t:|1771230773\n|move|p1a: Kingambit|Swords Dance|p1a: Kingambit\n|-boost|p1a: Kingambit|atk|2\n|move|p2a: Wo-Chien|Leech Seed|p1a: Kingambit\n|-start|p1a: Kingambit|move: Leech Seed\n|\n|-damage|p1a: Kingambit|56/100|[from] Leech Seed|[of] p2a: Wo-Chien\n|upkeep\n|turn|16\n|\n|t:|1771230778\n|move|p1a: Kingambit|Iron Head|p2a: Wo-Chien\n|-damage|p2a: Wo-Chien|35/100\n|move|p2a: Wo-Chien|Foul Play|p1a: Kingambit\n|-resisted|p1a: Kingambit\n|-damage|p1a: Kingambit|7/100\n|\n|-heal|p2a: Wo-Chien|41/100|[from] item: Leftovers\n|-damage|p1a: Kingambit|0 fnt|[from] Leech Seed|[of] p2a: Wo-Chien\n|-heal|p2a: Wo-Chien|47/100|[silent]\n|faint|p1a: Kingambit\n|-end|p1a: Kingambit|fallen4|[silent]\n|upkeep\n|\n|t:|1771230782\n|switch|p1a: Dragonite|Dragonite, M|100/100\n|turn|17\n|\n|t:|1771230784\n|-terastallize|p1a: Dragonite|Flying\n|move|p1a: Dragonite|Tera Blast|p2a: Wo-Chien|[anim] Tera Blast Flying\n|-supereffective|p2a: Wo-Chien\n|-damage|p2a: Wo-Chien|0 fnt\n|faint|p2a: Wo-Chien\n|\n|win|Polgre VII\n|raw|Polgre VII's rating: 1647 &rarr; <strong>1674</strong><br />(+27 for winning)\n|raw|ceo o wo chien's rating: 1770 &rarr; <strong>1743</strong><br />(-27 for losing)\n|l|☆ceo o wo chien\n|player|p2|\n|l| nonchalantbufalant\n|l|☆Polgre VII\n|player|p1|\n", "uploadtime": 1771230962, "views": 10, "formatid": "gen9ou", "rating": 1674, "private": 0, "password": null}