{"id": "gen9ou-2639904758", "format": "[Gen 9] OU", "players": ["Draw Your Sword", "aquiIo"], "log": "|badge|p1|bronze|gen9ou|100-9\n|html|<div class=\"broadcast-red\"><strong>This battle is required to be public due to one or more player having a season medal.</strong><br />During the public phase, you can discuss the state of the ladder <a href=\"/seasondiscussion\">in a special chatroom.</a></div>\n|uhtml|medal-msg|<div class=\"broadcast-blue\">Curious what those medals under the avatar are? PS now has Ladder Seasons! For more information, check out the <a href=\"https://www.smogon.com/forums/threads/3740067/\">thread on Smogon.</a></div>\n|badge|p2|bronze|gen9pu|100-9\n|badge|p2|bronze|gen9ru|100-9\n|uhtml|medal-msg|<div class=\"broadcast-blue\">Curious what those medals under the avatar are? PS now has Ladder Seasons! For more information, check out the <a href=\"https://www.smogon.com/forums/threads/3740067/\">thread on Smogon.</a></div>\n|raw|<div class=\"broadcast-blue\"><strong>This battle is required to be public due to a player having a name starting with 'medal'.</div>\n|j|☆Draw Your Sword\n|j|☆aquiIo\n|t:|1782540186\n|gametype|singles\n|player|p1|Draw Your Sword|psychic-gen4|1804\n|player|p2|aquiIo|iono|1711\n|gen|9\n|tier|[Gen 9] OU\n|rated|\n|rule|HP Percentage Mod: HP is shown in percentages\n|rule|Endless Battle Clause: Forcing endless battles is banned\n|rule|Species Clause: Limit one of each Pokémon\n|rule|OHKO Clause: OHKO moves are banned\n|rule|Evasion Items Clause: Evasion items are banned\n|rule|Evasion Moves Clause: Evasion moves are banned\n|rule|Evasion Abilities Clause: Evasion abilities are banned\n|rule|Sleep Moves Clause: Sleep-inducing moves are banned\n|clearpoke\n|poke|p1|Darkrai|\n|poke|p1|Tinkaton, F|\n|poke|p1|Moltres|\n|poke|p1|Pecharunt|\n|poke|p1|Rillaboom, M|\n|poke|p1|Gliscor, M|\n|poke|p2|Garchomp, F|\n|poke|p2|Skarmory, M|\n|poke|p2|Pecharunt|\n|poke|p2|Blissey, F|\n|poke|p2|Incineroar, M|\n|poke|p2|Alomomola, M|\n|teampreview\n|inactive|Battle timer is ON: inactive players will automatically lose when time's up. (requested by aquiIo)\n|\n|t:|1782540212\n|teamsize|p1|6\n|teamsize|p2|6\n|start\n|switch|p1a: Gliscor|Gliscor, M, shiny|100/100\n|switch|p2a: Garchomp|Garchomp, F|100/100\n|turn|1\n|c|☆aquiIo|hf\n|\n|t:|1782540223\n|move|p1a: Gliscor|Protect|p1a: Gliscor\n|-singleturn|p1a: Gliscor|Protect\n|move|p2a: Garchomp|Stealth Rock|p1a: Gliscor\n|-sidestart|p1: Draw Your Sword|move: Stealth Rock\n|\n|-status|p1a: Gliscor|tox|[from] item: Toxic Orb\n|upkeep\n|turn|2\n|\n|t:|1782540228\n|switch|p2a: Skarmory|Skarmory, M|100/100\n|move|p1a: Gliscor|Spikes|p2a: Skarmory\n|-sidestart|p2: aquiIo|Spikes\n|\n|upkeep\n|turn|3\n|\n|t:|1782540233\n|move|p1a: Gliscor|Spikes|p2a: Skarmory\n|-sidestart|p2: aquiIo|Spikes\n|move|p2a: Skarmory|Spikes|p1a: Gliscor\n|-sidestart|p1: Draw Your Sword|Spikes\n|\n|upkeep\n|turn|4\n|\n|t:|1782540235\n|move|p1a: Gliscor|Spikes|p2a: Skarmory\n|-sidestart|p2: aquiIo|Spikes\n|move|p2a: Skarmory|Spikes|p1a: Gliscor\n|-sidestart|p1: Draw Your Sword|Spikes\n|\n|upkeep\n|turn|5\n|\n|t:|1782540237\n|switch|p1a: Tinkaton|Tinkaton, F|100/100\n|-damage|p1a: Tinkaton|94/100|[from] Stealth Rock\n|-damage|p1a: Tinkaton|78/100|[from] Spikes\n|-ability|p1a: Tinkaton|Mold Breaker\n|move|p2a: Skarmory|Spikes|p1a: Tinkaton\n|-sidestart|p1: Draw Your Sword|Spikes\n|\n|-heal|p1a: Tinkaton|84/100|[from] item: Leftovers\n|upkeep\n|turn|6\n|j| HQSFun\n|\n|t:|1782540248\n|switch|p2a: Incineroar|Incineroar, M|100/100\n|-ability|p2a: Incineroar|Intimidate|boost\n|-unboost|p1a: Tinkaton|atk|1\n|move|p1a: Tinkaton|Stealth Rock|p2a: Incineroar\n|-sidestart|p2: aquiIo|move: Stealth Rock\n|\n|-heal|p1a: Tinkaton|90/100|[from] item: Leftovers\n|upkeep\n|turn|7\n|\n|t:|1782540251\n|move|p1a: Tinkaton|Knock Off|p2a: Incineroar\n|-resisted|p2a: Incineroar\n|-damage|p2a: Incineroar|95/100\n|-enditem|p2a: Incineroar|Heavy-Duty Boots|[from] move: Knock Off|[of] p1a: Tinkaton\n|move|p2a: Incineroar|Knock Off|p1a: Tinkaton\n|-resisted|p1a: Tinkaton\n|-damage|p1a: Tinkaton|69/100\n|-enditem|p1a: Tinkaton|Leftovers|[from] move: Knock Off|[of] p2a: Incineroar\n|\n|upkeep\n|turn|8\n|\n|t:|1782540256\n|switch|p1a: Gliscor|Gliscor, M, shiny|100/100 tox\n|-damage|p1a: Gliscor|88/100 tox|[from] Stealth Rock\n|move|p2a: Incineroar|Parting Shot|p1a: Gliscor\n|-unboost|p1a: Gliscor|atk|1\n|-unboost|p1a: Gliscor|spa|1\n|\n|t:|1782540259\n|switch|p2a: Skarmory|Skarmory, M|100/100|[from] Parting Shot\n|-damage|p2a: Skarmory|88/100|[from] Stealth Rock\n|\n|-heal|p2a: Skarmory|94/100|[from] item: Leftovers\n|-heal|p1a: Gliscor|100/100 tox|[from] ability: Poison Heal\n|upkeep\n|turn|9\n|\n|t:|1782540262\n|switch|p1a: Moltres|Moltres, shiny|100/100\n|move|p2a: Skarmory|Brave Bird|p1a: Moltres\n|-damage|p1a: Moltres|73/100\n|-status|p2a: Skarmory|brn|[from] ability: Flame Body|[of] p1a: Moltres\n|-damage|p2a: Skarmory|84/100 brn|[from] Recoil\n|\n|-heal|p2a: Skarmory|90/100 brn|[from] item: Leftovers\n|-damage|p2a: Skarmory|84/100 brn|[from] brn\n|upkeep\n|turn|10\n|\n|t:|1782540268\n|switch|p1a: Darkrai|Darkrai, shiny|100/100\n|switch|p2a: Alomomola|Alomomola, M|100/100\n|\n|upkeep\n|turn|11\n|\n|t:|1782540271\n|move|p1a: Darkrai|Knock Off|p2a: Alomomola\n|-damage|p2a: Alomomola|85/100\n|-enditem|p2a: Alomomola|Heavy-Duty Boots|[from] move: Knock Off|[of] p1a: Darkrai\n|move|p2a: Alomomola|Flip Turn|p1a: Darkrai\n|-damage|p1a: Darkrai|80/100\n|\n|t:|1782540285\n|switch|p2a: Blissey|Blissey, F|100/100|[from] Flip Turn\n|\n|upkeep\n|turn|12\n|\n|t:|1782540289\n|move|p1a: Darkrai|Knock Off|p2a: Blissey\n|-damage|p2a: Blissey|70/100\n|-enditem|p2a: Blissey|Heavy-Duty Boots|[from] move: Knock Off|[of] p1a: Darkrai\n|move|p2a: Blissey|Calm Mind|p2a: Blissey\n|-boost|p2a: Blissey|spa|1\n|-boost|p2a: Blissey|spd|1\n|\n|upkeep\n|turn|13\n|\n|t:|1782540292\n|switch|p1a: Rillaboom|Rillaboom, M, shiny|100/100\n|-fieldstart|move: Grassy Terrain|[from] ability: Grassy Surge|[of] p1a: Rillaboom\n|move|p2a: Blissey|Thunder|p1a: Rillaboom\n|-resisted|p1a: Rillaboom\n|-damage|p1a: Rillaboom|75/100\n|\n|-heal|p1a: Rillaboom|81/100|[from] Grassy Terrain\n|-heal|p2a: Blissey|76/100|[from] Grassy Terrain\n|upkeep\n|turn|14\n|\n|t:|1782540298\n|move|p1a: Rillaboom|Knock Off|p2a: Blissey\n|-damage|p2a: Blissey|51/100\n|move|p2a: Blissey|Ice Beam|p1a: Rillaboom\n|-supereffective|p1a: Rillaboom\n|-damage|p1a: Rillaboom|0 fnt\n|faint|p1a: Rillaboom\n|\n|-heal|p2a: Blissey|58/100|[from] Grassy Terrain\n|upkeep\n|\n|t:|1782540308\n|switch|p1a: Tinkaton|Tinkaton, F|69/100\n|-damage|p1a: Tinkaton|63/100|[from] Stealth Rock\n|-damage|p1a: Tinkaton|38/100|[from] Spikes\n|-ability|p1a: Tinkaton|Mold Breaker\n|turn|15\n|\n|t:|1782540315\n|-terastallize|p2a: Blissey|Electric\n|move|p1a: Tinkaton|Gigaton Hammer|p2a: Blissey\n|-resisted|p2a: Blissey\n|-crit|p2a: Blissey\n|-damage|p2a: Blissey|23/100\n|move|p2a: Blissey|Thunder|p1a: Tinkaton|[miss]\n|-miss|p2a: Blissey|p1a: Tinkaton\n|\n|-heal|p1a: Tinkaton|44/100|[from] Grassy Terrain\n|-heal|p2a: Blissey|30/100|[from] Grassy Terrain\n|upkeep\n|turn|16\n|\n|t:|1782540318\n|move|p1a: Tinkaton|Encore|p2a: Blissey\n|-start|p2a: Blissey|Encore\n|move|p2a: Blissey|Thunder|p1a: Tinkaton\n|-damage|p1a: Tinkaton|0 fnt\n|faint|p1a: Tinkaton\n|\n|-heal|p2a: Blissey|36/100|[from] Grassy Terrain\n|upkeep\n|\n|t:|1782540321\n|switch|p1a: Gliscor|Gliscor, M, shiny|100/100 tox\n|-damage|p1a: Gliscor|88/100 tox|[from] Stealth Rock\n|turn|17\n|j| pls game\n|\n|t:|1782540324\n|move|p1a: Gliscor|Earthquake|p2a: Blissey\n|-supereffective|p2a: Blissey\n|-damage|p2a: Blissey|1/100\n|move|p2a: Blissey|Thunder|p1a: Gliscor\n|-immune|p1a: Gliscor\n|\n|-heal|p2a: Blissey|7/100|[from] Grassy Terrain\n|-heal|p1a: Gliscor|100/100 tox|[from] ability: Poison Heal\n|-fieldend|move: Grassy Terrain\n|upkeep\n|turn|18\n|\n|t:|1782540327\n|move|p1a: Gliscor|Earthquake|p2a: Blissey\n|-supereffective|p2a: Blissey\n|-damage|p2a: Blissey|0 fnt\n|faint|p2a: Blissey\n|\n|upkeep\n|\n|t:|1782540342\n|switch|p2a: Pecharunt|Pecharunt|100/100\n|turn|19\n|\n|t:|1782540345\n|move|p2a: Pecharunt|Nasty Plot|p2a: Pecharunt\n|-boost|p2a: Pecharunt|spa|2\n|move|p1a: Gliscor|Earthquake|p2a: Pecharunt\n|-supereffective|p2a: Pecharunt\n|-damage|p2a: Pecharunt|58/100\n|\n|upkeep\n|turn|20\n|\n|t:|1782540349\n|move|p2a: Pecharunt|Shadow Ball|p1a: Gliscor\n|-damage|p1a: Gliscor|54/100 tox\n|move|p1a: Gliscor|Earthquake|p2a: Pecharunt\n|-supereffective|p2a: Pecharunt\n|-damage|p2a: Pecharunt|17/100\n|\n|-heal|p1a: Gliscor|67/100 tox|[from] ability: Poison Heal\n|upkeep\n|turn|21\n|\n|t:|1782540353\n|move|p2a: Pecharunt|Recover|p2a: Pecharunt\n|-heal|p2a: Pecharunt|67/100\n|move|p1a: Gliscor|Earthquake|p2a: Pecharunt\n|-supereffective|p2a: Pecharunt\n|-crit|p2a: Pecharunt\n|-damage|p2a: Pecharunt|7/100\n|\n|-heal|p1a: Gliscor|79/100 tox|[from] ability: Poison Heal\n|upkeep\n|turn|22\n|\n|t:|1782540357\n|move|p2a: Pecharunt|Recover|p2a: Pecharunt\n|-heal|p2a: Pecharunt|57/100\n|move|p1a: Gliscor|Earthquake|p2a: Pecharunt\n|-supereffective|p2a: Pecharunt\n|-damage|p2a: Pecharunt|16/100\n|\n|-heal|p1a: Gliscor|92/100 tox|[from] ability: Poison Heal\n|upkeep\n|turn|23\n|\n|t:|1782540358\n|move|p2a: Pecharunt|Recover|p2a: Pecharunt\n|-heal|p2a: Pecharunt|66/100\n|move|p1a: Gliscor|Earthquake|p2a: Pecharunt\n|-supereffective|p2a: Pecharunt\n|-damage|p2a: Pecharunt|22/100\n|\n|-heal|p1a: Gliscor|100/100 tox|[from] ability: Poison Heal\n|upkeep\n|turn|24\n|\n|t:|1782540363\n|switch|p2a: Alomomola|Alomomola, M|100/100\n|-damage|p2a: Alomomola|76/100|[from] Spikes\n|-damage|p2a: Alomomola|63/100|[from] Stealth Rock\n|move|p1a: Gliscor|Earthquake|p2a: Alomomola\n|-damage|p2a: Alomomola|43/100\n|\n|upkeep\n|turn|25\n|\n|t:|1782540367\n|move|p1a: Gliscor|Toxic|p2a: Alomomola\n|-status|p2a: Alomomola|tox\n|move|p2a: Alomomola|Wish|p2a: Alomomola\n|\n|-damage|p2a: Alomomola|37/100 tox|[from] psn\n|upkeep\n|turn|26\n|\n|t:|1782540369\n|switch|p2a: Pecharunt|Pecharunt|22/100\n|move|p1a: Gliscor|Protect||[still]\n|-fail|p1a: Gliscor\n|\n|-heal|p2a: Pecharunt|89/100|[from] move: Wish|[wisher] Alomomola\n|upkeep\n|turn|27\n|j| Disscratch\n|\n|t:|1782540375\n|switch|p2a: Skarmory|Skarmory, M|84/100 brn\n|-damage|p2a: Skarmory|71/100 brn|[from] Stealth Rock\n|move|p1a: Gliscor|Earthquake|p2a: Skarmory\n|-immune|p2a: Skarmory\n|\n|-heal|p2a: Skarmory|77/100 brn|[from] item: Leftovers\n|-damage|p2a: Skarmory|71/100 brn|[from] brn\n|upkeep\n|turn|28\n|\n|t:|1782540378\n|switch|p1a: Darkrai|Darkrai, shiny|80/100\n|switch|p2a: Alomomola|Alomomola, M|70/100 tox\n|-damage|p2a: Alomomola|45/100 tox|[from] Spikes\n|-damage|p2a: Alomomola|33/100 tox|[from] Stealth Rock\n|\n|-damage|p2a: Alomomola|27/100 tox|[from] psn\n|upkeep\n|turn|29\n|\n|t:|1782540381\n|switch|p2a: Incineroar|Incineroar, M|95/100\n|-damage|p2a: Incineroar|71/100|[from] Spikes\n|-damage|p2a: Incineroar|46/100|[from] Stealth Rock\n|-ability|p2a: Incineroar|Intimidate|boost\n|-unboost|p1a: Darkrai|atk|1\n|move|p1a: Darkrai|Dark Pulse|p2a: Incineroar\n|-resisted|p2a: Incineroar\n|-damage|p2a: Incineroar|26/100\n|\n|upkeep\n|turn|30\n|\n|t:|1782540387\n|switch|p1a: Pecharunt|Pecharunt|100/100\n|move|p2a: Incineroar|Knock Off|p1a: Pecharunt\n|-supereffective|p1a: Pecharunt\n|-damage|p1a: Pecharunt|65/100\n|-enditem|p1a: Pecharunt|Heavy-Duty Boots|[from] move: Knock Off|[of] p2a: Incineroar\n|\n|upkeep\n|turn|31\n|\n|t:|1782540395\n|move|p1a: Pecharunt|Recover|p1a: Pecharunt\n|-heal|p1a: Pecharunt|100/100\n|move|p2a: Incineroar|Will-O-Wisp|p1a: Pecharunt\n|-status|p1a: Pecharunt|brn\n|\n|-damage|p1a: Pecharunt|94/100 brn|[from] brn\n|upkeep\n|turn|32\n|\n|t:|1782540398\n|move|p1a: Pecharunt|Nasty Plot|p1a: Pecharunt\n|-boost|p1a: Pecharunt|spa|2\n|move|p2a: Incineroar|Parting Shot|p1a: Pecharunt\n|-unboost|p1a: Pecharunt|atk|1\n|-unboost|p1a: Pecharunt|spa|1\n|\n|t:|1782540401\n|switch|p2a: Garchomp|Garchomp, F|100/100|[from] Parting Shot\n|-damage|p2a: Garchomp|76/100|[from] Spikes\n|-damage|p2a: Garchomp|70/100|[from] Stealth Rock\n|\n|-damage|p1a: Pecharunt|88/100 brn|[from] brn\n|upkeep\n|turn|33\n|\n|t:|1782540405\n|move|p2a: Garchomp|Earthquake|p1a: Pecharunt\n|-supereffective|p1a: Pecharunt\n|-damage|p1a: Pecharunt|50/100 brn\n|move|p1a: Pecharunt|Shadow Ball|p2a: Garchomp\n|-damage|p2a: Garchomp|32/100\n|-unboost|p2a: Garchomp|spd|1\n|\n|-damage|p1a: Pecharunt|44/100 brn|[from] brn\n|upkeep\n|turn|34\n|\n|t:|1782540408\n|move|p2a: Garchomp|Earthquake|p1a: Pecharunt\n|-supereffective|p1a: Pecharunt\n|-damage|p1a: Pecharunt|0 fnt\n|faint|p1a: Pecharunt\n|\n|upkeep\n|\n|t:|1782540414\n|switch|p1a: Darkrai|Darkrai, shiny|80/100\n|turn|35\n|\n|t:|1782540416\n|move|p2a: Garchomp|Endure|p2a: Garchomp\n|-singleturn|p2a: Garchomp|move: Endure\n|move|p1a: Darkrai|Dark Pulse|p2a: Garchomp\n|-crit|p2a: Garchomp\n|-activate|p2a: Garchomp|move: Endure\n|-damage|p2a: Garchomp|1/100\n|\n|upkeep\n|turn|36\n|\n|t:|1782540419\n|switch|p1a: Gliscor|Gliscor, M, shiny|100/100 tox\n|-damage|p1a: Gliscor|88/100 tox|[from] Stealth Rock\n|move|p2a: Garchomp|Earthquake|p1a: Gliscor\n|-immune|p1a: Gliscor\n|\n|-heal|p1a: Gliscor|100/100 tox|[from] ability: Poison Heal\n|upkeep\n|turn|37\n|\n|t:|1782540427\n|move|p1a: Gliscor|Earthquake|p2a: Garchomp\n|-damage|p2a: Garchomp|0 fnt\n|faint|p2a: Garchomp\n|\n|upkeep\n|\n|t:|1782540435\n|switch|p2a: Pecharunt|Pecharunt|89/100\n|turn|38\n|\n|t:|1782540439\n|move|p2a: Pecharunt|Nasty Plot|p2a: Pecharunt\n|-boost|p2a: Pecharunt|spa|2\n|move|p1a: Gliscor|Earthquake|p2a: Pecharunt\n|-supereffective|p2a: Pecharunt\n|-damage|p2a: Pecharunt|48/100\n|\n|upkeep\n|turn|39\n|\n|t:|1782540442\n|switch|p1a: Darkrai|Darkrai, shiny|80/100\n|move|p2a: Pecharunt|Recover|p2a: Pecharunt\n|-heal|p2a: Pecharunt|98/100\n|\n|upkeep\n|turn|40\n|\n|t:|1782540446\n|switch|p2a: Incineroar|Incineroar, M|26/100\n|-damage|p2a: Incineroar|1/100|[from] Spikes\n|-damage|p2a: Incineroar|0 fnt|[from] Stealth Rock\n|faint|p2a: Incineroar\n|-terastallize|p1a: Darkrai|Poison\n|move|p1a: Darkrai|Dark Pulse|p2: Incineroar|[notarget]\n|-fail|p1a: Darkrai\n|\n|upkeep\n|\n|t:|1782540454\n|switch|p2a: Skarmory|Skarmory, M|71/100 brn\n|-damage|p2a: Skarmory|59/100 brn|[from] Stealth Rock\n|turn|41\n|\n|t:|1782540458\n|move|p1a: Darkrai|Dark Pulse|p2a: Skarmory\n|-damage|p2a: Skarmory|0 fnt\n|faint|p2a: Skarmory\n|\n|upkeep\n|\n|t:|1782540466\n|switch|p2a: Alomomola|Alomomola, M|60/100 tox\n|-damage|p2a: Alomomola|35/100 tox|[from] Spikes\n|-damage|p2a: Alomomola|23/100 tox|[from] Stealth Rock\n|turn|42\n|\n|t:|1782540468\n|move|p1a: Darkrai|Dark Pulse|p2a: Alomomola\n|-damage|p2a: Alomomola|0 fnt\n|faint|p2a: Alomomola\n|\n|upkeep\n|\n|t:|1782540469\n|switch|p2a: Pecharunt|Pecharunt|98/100\n|turn|43\n|\n|t:|1782540473\n|move|p1a: Darkrai|Dark Pulse|p2a: Pecharunt\n|-supereffective|p2a: Pecharunt\n|-damage|p2a: Pecharunt|0 fnt\n|faint|p2a: Pecharunt\n|\n|win|Draw Your Sword\n|raw|Draw Your Sword's rating: 1804 &rarr; <strong>1819</strong><br />(+15 for winning)\n|raw|aquiIo's rating: 1711 &rarr; <strong>1696</strong><br />(-15 for losing)\n|l|☆Draw Your Sword\n|player|p1|\n|c|☆aquiIo|unfort\n|l|☆aquiIo\n|player|p2|\n|l| Disscratch\n|l| pls game\n|l| HQSFun\n|j| Garden of Dreams\n", "uploadtime": 1782541749, "views": 9, "formatid": "gen9ou", "rating": 1696, "private": 0, "password": null}