{"id": "gen9ou-2540749255", "format": "[Gen 9] OU", "players": ["ykykp", "DonaCristina"], "log": "|j|☆ykykp\n|j|☆DonaCristina\n|t:|1771249465\n|gametype|singles\n|player|p1|ykykp|265|1570\n|player|p2|DonaCristina|biker-gen4|1558\n|gen|9\n|tier|[Gen 9] OU\n|rated|\n|rule|HP Percentage Mod: HP is shown in percentages\n|rule|Endless Battle Clause: Forcing endless battles is banned\n|rule|Species Clause: Limit one of each Pokémon\n|rule|OHKO Clause: OHKO moves are banned\n|rule|Evasion Items Clause: Evasion items are banned\n|rule|Evasion Moves Clause: Evasion moves are banned\n|rule|Evasion Abilities Clause: Evasion abilities are banned\n|rule|Sleep Moves Clause: Sleep-inducing moves are banned\n|clearpoke\n|poke|p1|Zamazenta-*|\n|poke|p1|Ninetales-Alola, F|\n|poke|p1|Hoopa-Unbound|\n|poke|p1|Great Tusk|\n|poke|p1|Samurott-Hisui, M|\n|poke|p1|Hatterene, F|\n|poke|p2|Porygon2|\n|poke|p2|Ursaluna, M|\n|poke|p2|Hatterene, F|\n|poke|p2|Volcanion|\n|poke|p2|Iron Hands|\n|poke|p2|Cresselia, F|\n|teampreview\n|inactive|Battle timer is ON: inactive players will automatically lose when time's up. (requested by ykykp)\n|\n|t:|1771249476\n|teamsize|p1|6\n|teamsize|p2|6\n|start\n|switch|p1a: Samurott|Samurott-Hisui, M|100/100\n|switch|p2a: Volcanion|Volcanion|100/100\n|turn|1\n|j| Counting Orthworms\n|\n|t:|1771249491\n|switch|p2a: Iron Hands|Iron Hands|100/100\n|-enditem|p2a: Iron Hands|Booster Energy\n|-activate|p2a: Iron Hands|ability: Quark Drive|[fromitem]\n|-start|p2a: Iron Hands|quarkdriveatk\n|move|p1a: Samurott|Ceaseless Edge|p2a: Iron Hands\n|-resisted|p2a: Iron Hands\n|-crit|p2a: Iron Hands\n|-damage|p2a: Iron Hands|81/100\n|-sidestart|p2: DonaCristina|Spikes\n|\n|upkeep\n|turn|2\n|\n|t:|1771249499\n|move|p1a: Samurott|Ceaseless Edge|p2a: Iron Hands|[miss]\n|-miss|p1a: Samurott|p2a: Iron Hands\n|move|p2a: Iron Hands|Drain Punch|p1a: Samurott\n|-supereffective|p1a: Samurott\n|-enditem|p1a: Samurott|Focus Sash\n|-damage|p1a: Samurott|1/100\n|-heal|p2a: Iron Hands|100/100|[from] drain|[of] p1a: Samurott\n|\n|upkeep\n|turn|3\n|\n|t:|1771249505\n|move|p1a: Samurott|Ceaseless Edge|p2a: Iron Hands\n|-resisted|p2a: Iron Hands\n|-damage|p2a: Iron Hands|86/100\n|-sidestart|p2: DonaCristina|Spikes\n|move|p2a: Iron Hands|Wild Charge|p1a: Samurott\n|-supereffective|p1a: Samurott\n|-damage|p1a: Samurott|0 fnt\n|faint|p1a: Samurott\n|-damage|p2a: Iron Hands|86/100|[from] Recoil\n|\n|upkeep\n|\n|t:|1771249508\n|switch|p1a: Great Tusk|Great Tusk|100/100\n|turn|4\n|\n|t:|1771249514\n|move|p1a: Great Tusk|Headlong Rush|p2a: Iron Hands\n|-supereffective|p2a: Iron Hands\n|-damage|p2a: Iron Hands|6/100\n|-unboost|p1a: Great Tusk|def|1\n|-unboost|p1a: Great Tusk|spd|1\n|move|p2a: Iron Hands|Ice Punch|p1a: Great Tusk\n|-supereffective|p1a: Great Tusk\n|-damage|p1a: Great Tusk|10/100\n|\n|upkeep\n|turn|5\n|\n|t:|1771249524\n|move|p1a: Great Tusk|Ice Spinner|p2a: Iron Hands\n|-damage|p2a: Iron Hands|0 fnt\n|faint|p2a: Iron Hands\n|-end|p2a: Iron Hands|Quark Drive|[silent]\n|\n|upkeep\n|\n|t:|1771249526\n|switch|p2a: Porygon2|Porygon2|100/100\n|-damage|p2a: Porygon2|84/100|[from] Spikes\n|-ability|p2a: Porygon2|Download|boost\n|-boost|p2a: Porygon2|spa|1\n|turn|6\n|\n|t:|1771249529\n|move|p1a: Great Tusk|Stealth Rock|p2a: Porygon2\n|-sidestart|p2: DonaCristina|move: Stealth Rock\n|move|p2a: Porygon2|Trick Room|p2a: Porygon2\n|-fieldstart|move: Trick Room|[of] p2a: Porygon2\n|\n|upkeep\n|turn|7\n|\n|t:|1771249535\n|move|p2a: Porygon2|Tera Blast|p1a: Great Tusk\n|-damage|p1a: Great Tusk|0 fnt\n|faint|p1a: Great Tusk\n|-end|p1a: Great Tusk|Protosynthesis|[silent]\n|\n|upkeep\n|\n|t:|1771249541\n|switch|p1a: Ninetales|Ninetales-Alola, F|100/100\n|-weather|Snowscape|[from] ability: Snow Warning|[of] p1a: Ninetales\n|turn|8\n|\n|t:|1771249544\n|move|p2a: Porygon2|Hyper Beam|p1a: Ninetales\n|-damage|p1a: Ninetales|0 fnt\n|-mustrecharge|p2a: Porygon2\n|faint|p1a: Ninetales\n|\n|-weather|Snowscape|[upkeep]\n|upkeep\n|\n|t:|1771249547\n|switch|p1a: Gargantua|Hoopa-Unbound|100/100\n|turn|9\n|\n|t:|1771249549\n|cant|p2a: Porygon2|recharge\n|move|p1a: Gargantua|Focus Blast|p2a: Porygon2|[miss]\n|-miss|p1a: Gargantua|p2a: Porygon2\n|-enditem|p1a: Gargantua|Blunder Policy\n|-boost|p1a: Gargantua|spe|2\n|\n|-weather|Snowscape|[upkeep]\n|upkeep\n|turn|10\n|\n|t:|1771249557\n|move|p2a: Porygon2|Tera Blast|p1a: Gargantua\n|-damage|p1a: Gargantua|50/100\n|move|p1a: Gargantua|Focus Blast|p2a: Porygon2\n|-supereffective|p2a: Porygon2\n|-damage|p2a: Porygon2|14/100\n|-item|p1a: Gargantua|Eviolite|[from] ability: Magician|[of] p2a: Porygon2\n|\n|-weather|Snowscape|[upkeep]\n|-fieldend|move: Trick Room\n|upkeep\n|turn|11\n|\n|t:|1771249563\n|move|p1a: Gargantua|Dark Pulse|p2a: Porygon2\n|-damage|p2a: Porygon2|0 fnt\n|faint|p2a: Porygon2\n|\n|-weather|Snowscape|[upkeep]\n|upkeep\n|\n|t:|1771249571\n|switch|p2a: Cresselia|Cresselia, F, shiny|100/100\n|-damage|p2a: Cresselia|88/100|[from] Stealth Rock\n|turn|12\n|\n|t:|1771249578\n|move|p1a: Gargantua|Dark Pulse|p2a: Cresselia\n|-supereffective|p2a: Cresselia\n|-damage|p2a: Cresselia|26/100\n|cant|p2a: Cresselia|flinch\n|\n|-weather|none\n|upkeep\n|turn|13\n|\n|t:|1771249583\n|move|p1a: Gargantua|Dark Pulse|p2a: Cresselia\n|-supereffective|p2a: Cresselia\n|-damage|p2a: Cresselia|0 fnt\n|faint|p2a: Cresselia\n|\n|upkeep\n|\n|t:|1771249590\n|switch|p2a: Volcanion|Volcanion|100/100\n|-damage|p2a: Volcanion|84/100|[from] Spikes\n|-damage|p2a: Volcanion|59/100|[from] Stealth Rock\n|turn|14\n|\n|t:|1771249595\n|move|p1a: Gargantua|Psychic|p2a: Volcanion\n|-damage|p2a: Volcanion|0 fnt\n|faint|p2a: Volcanion\n|\n|upkeep\n|\n|t:|1771249598\n|switch|p2a: Ursaluna|Ursaluna, M|100/100\n|-damage|p2a: Ursaluna|84/100|[from] Spikes\n|-damage|p2a: Ursaluna|78/100|[from] Stealth Rock\n|turn|15\n|\n|t:|1771249602\n|move|p2a: Ursaluna|Protect|p2a: Ursaluna\n|-singleturn|p2a: Ursaluna|Protect\n|move|p1a: Gargantua|Focus Blast|p2a: Ursaluna\n|-activate|p2a: Ursaluna|move: Protect\n|\n|-status|p2a: Ursaluna|brn|[from] item: Flame Orb\n|upkeep\n|turn|16\n|\n|t:|1771249608\n|move|p1a: Gargantua|Focus Blast|p2a: Ursaluna\n|-supereffective|p2a: Ursaluna\n|-damage|p2a: Ursaluna|0 fnt\n|faint|p2a: Ursaluna\n|\n|upkeep\n|-message|DonaCristina forfeited.\n|\n|win|ykykp\n|raw|ykykp's rating: 1570 &rarr; <strong>1589</strong><br />(+19 for winning)\n|raw|DonaCristina's rating: 1558 &rarr; <strong>1539</strong><br />(-19 for losing)\n|l|☆DonaCristina\n|player|p2|\n|l|☆ykykp\n|player|p1|\n|l| Counting Orthworms\n", "uploadtime": 1771249829, "views": 15, "formatid": "gen9ou", "rating": 1539, "private": 0, "password": null}