{"id": "gen9ou-2639184842", "format": "[Gen 9] OU", "players": ["LucarioMyFav", "O1567"], "log": "|j|☆LucarioMyFav\n|j|☆O1567\n|t:|1782430880\n|gametype|singles\n|player|p1|LucarioMyFav|265|1220\n|player|p2|O1567|camper|1227\n|gen|9\n|tier|[Gen 9] OU\n|rated|\n|rule|HP Percentage Mod: HP is shown in percentages\n|rule|Endless Battle Clause: Forcing endless battles is banned\n|rule|Species Clause: Limit one of each Pokémon\n|rule|OHKO Clause: OHKO moves are banned\n|rule|Evasion Items Clause: Evasion items are banned\n|rule|Evasion Moves Clause: Evasion moves are banned\n|rule|Evasion Abilities Clause: Evasion abilities are banned\n|rule|Sleep Moves Clause: Sleep-inducing moves are banned\n|clearpoke\n|poke|p1|Diancie|\n|poke|p1|Dragapult, M|\n|poke|p1|Zamazenta-*|\n|poke|p1|Iron Moth|\n|poke|p1|Galvantula, M|\n|poke|p1|Ting-Lu|\n|poke|p2|Landorus-Therian, M|\n|poke|p2|Heatran, M|\n|poke|p2|Darkrai|\n|poke|p2|Glastrier|\n|poke|p2|Raging Bolt|\n|poke|p2|Corviknight, M|\n|teampreview\n|inactive|Battle timer is ON: inactive players will automatically lose when time's up. (requested by O1567)\n|\n|t:|1782430906\n|teamsize|p1|6\n|teamsize|p2|6\n|start\n|switch|p1a: Galvantula|Galvantula, M|100/100\n|switch|p2a: Darkrai|Darkrai|100/100\n|turn|1\n|\n|t:|1782430913\n|switch|p2a: Heatran|Heatran, M|100/100\n|move|p1a: Galvantula|Sticky Web|p2a: Heatran\n|-sidestart|p2: O1567|move: Sticky Web\n|\n|upkeep\n|turn|2\n|\n|t:|1782430930\n|move|p1a: Galvantula|Volt Switch|p2a: Heatran\n|-damage|p2a: Heatran|81/100\n|\n|t:|1782430934\n|switch|p1a: Ting-Lu|Ting-Lu|100/100|[from] Volt Switch\n|-ability|p1a: Ting-Lu|Vessel of Ruin\n|move|p2a: Heatran|Magma Storm|p1a: Ting-Lu\n|-damage|p1a: Ting-Lu|77/100\n|-activate|p1a: Ting-Lu|move: Magma Storm|[of] p2a: Heatran\n|\n|-heal|p2a: Heatran|87/100|[from] item: Leftovers\n|-damage|p1a: Ting-Lu|64/100|[from] move: Magma Storm|[partiallytrapped]\n|upkeep\n|turn|3\n|\n|t:|1782430946\n|switch|p2a: Corviknight|Corviknight, M|100/100\n|-ability|p2a: Corviknight|Pressure\n|move|p1a: Ting-Lu|Stealth Rock|p2a: Corviknight\n|-sidestart|p2: O1567|move: Stealth Rock\n|\n|-end|p1a: Ting-Lu|Magma Storm|[partiallytrapped]|[silent]\n|upkeep\n|turn|4\n|\n|t:|1782430959\n|move|p2a: Corviknight|Defog|p1a: Ting-Lu\n|-unboost|p1a: Ting-Lu|evasion|1\n|-sideend|p2: O1567|Stealth Rock|[from] move: Defog|[of] p2a: Corviknight\n|-sideend|p2: O1567|Sticky Web|[from] move: Defog|[of] p2a: Corviknight\n|move|p1a: Ting-Lu|Ruination|p2a: Corviknight\n|-damage|p2a: Corviknight|51/100\n|\n|upkeep\n|turn|5\n|inactive|LucarioMyFav has 120 seconds left.\n|\n|t:|1782430995\n|move|p2a: Corviknight|U-turn|p1a: Ting-Lu\n|-supereffective|p1a: Ting-Lu\n|-damage|p1a: Ting-Lu|52/100\n|\n|t:|1782431002\n|switch|p2a: Darkrai|Darkrai|100/100|[from] U-turn\n|move|p1a: Ting-Lu|Ruination|p2a: Darkrai\n|-damage|p2a: Darkrai|51/100\n|\n|upkeep\n|turn|6\n|\n|t:|1782431011\n|move|p2a: Darkrai|Ice Beam|p1a: Ting-Lu\n|-supereffective|p1a: Ting-Lu\n|-damage|p1a: Ting-Lu|0 fnt\n|faint|p1a: Ting-Lu\n|\n|upkeep\n|inactive|LucarioMyFav has 120 seconds left.\n|\n|t:|1782431030\n|switch|p1a: Diancie|Diancie|100/100\n|turn|7\n|inactive|LucarioMyFav has 120 seconds left.\n|\n|t:|1782431046\n|switch|p2a: Heatran|Heatran, M|87/100\n|move|p1a: Diancie|Draining Kiss|p2a: Heatran\n|-resisted|p2a: Heatran\n|-damage|p2a: Heatran|84/100\n|\n|-heal|p2a: Heatran|90/100|[from] item: Leftovers\n|upkeep\n|turn|8\n|\n|t:|1782431063\n|switch|p2a: Landorus|Landorus-Therian, M|100/100\n|-ability|p2a: Landorus|Intimidate|boost\n|-fail|p1a: Diancie|unboost|[from] ability: Clear Body|[of] p1a: Diancie\n|-terastallize|p1a: Diancie|Ground\n|move|p1a: Diancie|Earth Power|p2a: Landorus\n|-immune|p2a: Landorus\n|\n|upkeep\n|turn|9\n|\n|t:|1782431076\n|move|p2a: Landorus|Earthquake|p1a: Diancie\n|-damage|p1a: Diancie|38/100\n|move|p1a: Diancie|Diamond Storm|p2a: Landorus\n|-damage|p2a: Landorus|63/100\n|-boost|p1a: Diancie|def|2\n|\n|-heal|p1a: Diancie|44/100|[from] item: Leftovers\n|upkeep\n|turn|10\n|\n|t:|1782431104\n|move|p2a: Landorus|Earthquake|p1a: Diancie\n|-damage|p1a: Diancie|12/100\n|move|p1a: Diancie|Draining Kiss|p2a: Landorus\n|-damage|p2a: Landorus|31/100\n|-heal|p1a: Diancie|37/100|[from] drain|[of] p2a: Landorus\n|\n|-heal|p1a: Diancie|43/100|[from] item: Leftovers\n|upkeep\n|turn|11\n|\n|t:|1782431113\n|switch|p2a: Corviknight|Corviknight, M|51/100\n|-ability|p2a: Corviknight|Pressure\n|move|p1a: Diancie|Draining Kiss|p2a: Corviknight\n|-resisted|p2a: Corviknight\n|-damage|p2a: Corviknight|40/100\n|-heal|p1a: Diancie|54/100|[from] drain|[of] p2a: Corviknight\n|-damage|p1a: Diancie|37/100|[from] item: Rocky Helmet|[of] p2a: Corviknight\n|\n|-heal|p1a: Diancie|44/100|[from] item: Leftovers\n|upkeep\n|turn|12\n|\n|t:|1782431126\n|move|p2a: Corviknight|Brave Bird|p1a: Diancie\n|-damage|p1a: Diancie|30/100\n|-damage|p2a: Corviknight|36/100|[from] Recoil\n|move|p1a: Diancie|Diamond Storm|p2a: Corviknight\n|-damage|p2a: Corviknight|15/100\n|\n|-heal|p1a: Diancie|36/100|[from] item: Leftovers\n|upkeep\n|turn|13\n|\n|t:|1782431137\n|move|p2a: Corviknight|Brave Bird|p1a: Diancie\n|-damage|p1a: Diancie|21/100\n|-damage|p2a: Corviknight|11/100|[from] Recoil\n|move|p1a: Diancie|Diamond Storm|p2a: Corviknight\n|-damage|p2a: Corviknight|0 fnt\n|-boost|p1a: Diancie|def|2\n|faint|p2a: Corviknight\n|\n|-heal|p1a: Diancie|27/100|[from] item: Leftovers\n|upkeep\n|\n|t:|1782431151\n|switch|p2a: Darkrai|Darkrai|51/100\n|turn|14\n|\n|t:|1782431155\n|move|p2a: Darkrai|Psychic|p1a: Diancie\n|-damage|p1a: Diancie|0 fnt\n|faint|p1a: Diancie\n|\n|upkeep\n|inactive|LucarioMyFav has 120 seconds left.\n|\n|t:|1782431166\n|switch|p1a: Zamazenta|Zamazenta|100/100\n|-ability|p1a: Zamazenta|Dauntless Shield|boost\n|-boost|p1a: Zamazenta|def|1\n|turn|15\n|inactive|LucarioMyFav has 120 seconds left.\n|\n|t:|1782431174\n|switch|p2a: Landorus|Landorus-Therian, M|31/100\n|-ability|p2a: Landorus|Intimidate|boost\n|-unboost|p1a: Zamazenta|atk|1\n|move|p1a: Zamazenta|Iron Defense|p1a: Zamazenta\n|-boost|p1a: Zamazenta|def|2\n|\n|upkeep\n|turn|16\n|\n|t:|1782431184\n|move|p1a: Zamazenta|Body Press|p2a: Landorus\n|-resisted|p2a: Landorus\n|-damage|p2a: Landorus|0 fnt\n|faint|p2a: Landorus\n|\n|upkeep\n|\n|t:|1782431186\n|switch|p2a: Raging Bolt|Raging Bolt|100/100\n|turn|17\n|\n|t:|1782431197\n|-terastallize|p2a: Raging Bolt|Fairy\n|move|p1a: Zamazenta|Iron Defense|p1a: Zamazenta\n|-boost|p1a: Zamazenta|def|2\n|move|p2a: Raging Bolt|Thunder Wave|p1a: Zamazenta\n|-status|p1a: Zamazenta|par\n|\n|upkeep\n|turn|18\n|\n|t:|1782431207\n|move|p1a: Zamazenta|Body Press|p2a: Raging Bolt\n|-resisted|p2a: Raging Bolt\n|-damage|p2a: Raging Bolt|54/100\n|move|p2a: Raging Bolt|Dragon Pulse|p1a: Zamazenta\n|-damage|p1a: Zamazenta|62/100 par\n|\n|-heal|p2a: Raging Bolt|61/100|[from] item: Leftovers\n|upkeep\n|turn|19\n|\n|t:|1782431218\n|move|p1a: Zamazenta|Body Press|p2a: Raging Bolt\n|-resisted|p2a: Raging Bolt\n|-damage|p2a: Raging Bolt|11/100\n|move|p2a: Raging Bolt|Volt Switch|p1a: Zamazenta\n|-damage|p1a: Zamazenta|25/100 par\n|\n|t:|1782431223\n|-end|p2a: Raging Bolt|Protosynthesis|[silent]\n|switch|p2a: Darkrai|Darkrai|51/100|[from] Volt Switch\n|\n|upkeep\n|turn|20\n|\n|t:|1782431232\n|move|p2a: Darkrai|Dark Pulse|p1a: Zamazenta\n|-resisted|p1a: Zamazenta\n|-damage|p1a: Zamazenta|0 fnt\n|faint|p1a: Zamazenta\n|\n|upkeep\n|\n|t:|1782431241\n|switch|p1a: Dragapult|Dragapult, M|100/100\n|turn|21\n|\n|t:|1782431248\n|switch|p2a: Heatran|Heatran, M|90/100\n|move|p1a: Dragapult|Dragon Darts|p2a: Heatran\n|-resisted|p2a: Heatran\n|-damage|p2a: Heatran|75/100\n|-anim|p1a: Dragapult|Dragon Darts|p2a: Heatran\n|-resisted|p2a: Heatran\n|-damage|p2a: Heatran|60/100\n|-damage|p1a: Dragapult|91/100|[from] item: Life Orb\n|\n|-heal|p2a: Heatran|66/100|[from] item: Leftovers\n|upkeep\n|turn|22\n|\n|t:|1782431265\n|switch|p2a: Raging Bolt|Raging Bolt, tera:Fairy|11/100\n|move|p1a: Dragapult|Dragon Dance|p1a: Dragapult\n|-boost|p1a: Dragapult|atk|1\n|-boost|p1a: Dragapult|spe|1\n|\n|-heal|p2a: Raging Bolt|17/100|[from] item: Leftovers\n|upkeep\n|turn|23\n|\n|t:|1782431276\n|move|p1a: Dragapult|Night Shade|p2a: Raging Bolt\n|-damage|p2a: Raging Bolt|0 fnt\n|faint|p2a: Raging Bolt\n|-end|p2a: Raging Bolt|Protosynthesis|[silent]\n|-damage|p1a: Dragapult|81/100|[from] item: Life Orb\n|\n|upkeep\n|\n|t:|1782431281\n|switch|p2a: Glastrier|Glastrier|100/100\n|turn|24\n|\n|t:|1782431286\n|move|p1a: Dragapult|Dragon Darts|p2a: Glastrier\n|-damage|p2a: Glastrier|68/100\n|-anim|p1a: Dragapult|Dragon Darts|p2a: Glastrier\n|-damage|p2a: Glastrier|37/100\n|-damage|p1a: Dragapult|71/100|[from] item: Life Orb\n|move|p2a: Glastrier|Avalanche|p1a: Dragapult\n|-supereffective|p1a: Dragapult\n|-crit|p1a: Dragapult\n|-damage|p1a: Dragapult|0 fnt\n|faint|p1a: Dragapult\n|-ability|p2a: Glastrier|Chilling Neigh|boost\n|-boost|p2a: Glastrier|atk|1\n|\n|-heal|p2a: Glastrier|43/100|[from] item: Leftovers\n|upkeep\n|\n|t:|1782431303\n|switch|p1a: Iron Moth|Iron Moth|100/100\n|-enditem|p1a: Iron Moth|Booster Energy\n|-activate|p1a: Iron Moth|ability: Quark Drive|[fromitem]\n|-start|p1a: Iron Moth|quarkdrivespa\n|turn|25\n|\n|t:|1782431317\n|switch|p2a: Heatran|Heatran, M|66/100\n|move|p1a: Iron Moth|Sludge Wave|p2a: Heatran\n|-immune|p2a: Heatran\n|\n|-heal|p2a: Heatran|72/100|[from] item: Leftovers\n|upkeep\n|turn|26\n|\n|t:|1782431345\n|move|p1a: Iron Moth|Fiery Dance|p2a: Heatran\n|-start|p2a: Heatran|ability: Flash Fire\n|move|p2a: Heatran|Earth Power|p1a: Iron Moth\n|-supereffective|p1a: Iron Moth\n|-damage|p1a: Iron Moth|0 fnt\n|faint|p1a: Iron Moth\n|-end|p1a: Iron Moth|Quark Drive|[silent]\n|\n|-heal|p2a: Heatran|79/100|[from] item: Leftovers\n|upkeep\n|inactive|LucarioMyFav has 120 seconds left.\n|\n|t:|1782431356\n|switch|p1a: Galvantula|Galvantula, M|100/100\n|turn|27\n|inactive|LucarioMyFav has 120 seconds left.\n|\n|t:|1782431367\n|move|p1a: Galvantula|Thunderbolt|p2a: Heatran\n|-damage|p2a: Heatran|55/100\n|move|p2a: Heatran|Magma Storm|p1a: Galvantula\n|-supereffective|p1a: Galvantula\n|-enditem|p1a: Galvantula|Focus Sash\n|-damage|p1a: Galvantula|1/100\n|-activate|p1a: Galvantula|move: Magma Storm|[of] p2a: Heatran\n|\n|-heal|p2a: Heatran|62/100|[from] item: Leftovers\n|-damage|p1a: Galvantula|0 fnt|[from] move: Magma Storm|[partiallytrapped]\n|faint|p1a: Galvantula\n|\n|win|O1567\n|raw|LucarioMyFav's rating: 1220 &rarr; <strong>1196</strong><br />(-24 for losing)\n|raw|O1567's rating: 1227 &rarr; <strong>1251</strong><br />(+24 for winning)\n", "uploadtime": 1782431376, "views": 18, "formatid": "gen9ou", "rating": 1196, "private": 0, "password": null}