{"id": "gen9ou-2540546225", "format": "[Gen 9] OU", "players": ["alex12381723898", "rblt ryo"], "log": "|j|☆alex12381723898\n|j|☆rblt ryo\n|t:|1771215982\n|gametype|singles\n|player|p1|alex12381723898|170|1591\n|player|p2|rblt ryo|dawn|1675\n|gen|9\n|tier|[Gen 9] OU\n|rated|\n|rule|HP Percentage Mod: HP is shown in percentages\n|rule|Endless Battle Clause: Forcing endless battles is banned\n|rule|Species Clause: Limit one of each Pokémon\n|rule|OHKO Clause: OHKO moves are banned\n|rule|Evasion Items Clause: Evasion items are banned\n|rule|Evasion Moves Clause: Evasion moves are banned\n|rule|Evasion Abilities Clause: Evasion abilities are banned\n|rule|Sleep Moves Clause: Sleep-inducing moves are banned\n|clearpoke\n|poke|p1|Landorus-Therian, M|\n|poke|p1|Sinistcha|\n|poke|p1|Tinkaton, F|\n|poke|p1|Moltres|\n|poke|p1|Samurott-Hisui, M|\n|poke|p1|Hydreigon, M|\n|poke|p2|Metagross|\n|poke|p2|Keldeo-Resolute|\n|poke|p2|Ting-Lu|\n|poke|p2|Pecharunt|\n|poke|p2|Dragapult, F|\n|poke|p2|Zapdos|\n|teampreview\n|inactive|Battle timer is ON: inactive players will automatically lose when time's up. (requested by alex12381723898)\n|\n|t:|1771215994\n|teamsize|p1|6\n|teamsize|p2|6\n|start\n|switch|p1a: Landorus|Landorus-Therian, M, shiny|100/100\n|switch|p2a: Keldeo|Keldeo-Resolute, shiny|100/100\n|-ability|p1a: Landorus|Intimidate|boost\n|-unboost|p2a: Keldeo|atk|1\n|turn|1\n|\n|t:|1771216000\n|move|p1a: Landorus|U-turn|p2a: Keldeo\n|-resisted|p2a: Keldeo\n|-damage|p2a: Keldeo|86/100\n|\n|t:|1771216002\n|switch|p1a: Tinkaton|Tinkaton, F, shiny|100/100|[from] U-turn\n|-item|p1a: Tinkaton|Air Balloon\n|move|p2a: Keldeo|Surf|p1a: Tinkaton\n|-damage|p1a: Tinkaton|29/100\n|-enditem|p1a: Tinkaton|Air Balloon\n|\n|upkeep\n|turn|2\n|\n|t:|1771216011\n|switch|p1a: Sinistcha|Sinistcha, shiny|100/100\n|move|p2a: Keldeo|Surf|p1a: Sinistcha\n|-resisted|p1a: Sinistcha\n|-damage|p1a: Sinistcha|60/100\n|\n|upkeep\n|turn|3\n|\n|t:|1771216020\n|switch|p2a: Zapdos|Zapdos|100/100\n|move|p1a: Sinistcha|Strength Sap|p2a: Zapdos\n|-unboost|p2a: Zapdos|atk|1\n|-heal|p1a: Sinistcha|100/100\n|\n|upkeep\n|turn|4\n|\n|t:|1771216029\n|switch|p1a: Landorus|Landorus-Therian, M, shiny|100/100\n|-ability|p1a: Landorus|Intimidate|boost\n|-unboost|p2a: Zapdos|atk|1\n|move|p2a: Zapdos|Hurricane|p1a: Landorus\n|-damage|p1a: Landorus|22/100\n|-start|p1a: Landorus|confusion\n|\n|upkeep\n|turn|5\n|\n|t:|1771216038\n|switch|p2a: Ting-Lu|Ting-Lu|100/100\n|-ability|p2a: Ting-Lu|Vessel of Ruin\n|-activate|p1a: Landorus|confusion\n|-damage|p1a: Landorus|5/100|[from] confusion\n|\n|upkeep\n|turn|6\n|\n|t:|1771216044\n|-end|p1a: Landorus|confusion\n|move|p1a: Landorus|Earthquake|p2a: Ting-Lu\n|-damage|p2a: Ting-Lu|71/100\n|move|p2a: Ting-Lu|Stealth Rock|p1a: Landorus\n|-sidestart|p1: alex12381723898|move: Stealth Rock\n|\n|-heal|p2a: Ting-Lu|78/100|[from] item: Leftovers\n|upkeep\n|turn|7\n|\n|t:|1771216057\n|move|p1a: Landorus|Earthquake|p2a: Ting-Lu\n|-damage|p2a: Ting-Lu|44/100\n|move|p2a: Ting-Lu|Earthquake|p1a: Landorus\n|-immune|p1a: Landorus\n|\n|-heal|p2a: Ting-Lu|50/100|[from] item: Leftovers\n|upkeep\n|turn|8\n|\n|t:|1771216063\n|switch|p2a: Zapdos|Zapdos|100/100\n|move|p1a: Landorus|Earthquake|p2a: Zapdos\n|-immune|p2a: Zapdos\n|\n|upkeep\n|turn|9\n|\n|t:|1771216069\n|move|p1a: Landorus|Earthquake|p2a: Zapdos\n|-immune|p2a: Zapdos\n|move|p2a: Zapdos|Heat Wave|p1a: Landorus\n|-damage|p1a: Landorus|0 fnt\n|faint|p1a: Landorus\n|\n|upkeep\n|\n|t:|1771216076\n|switch|p1a: Hydreigon|Hydreigon, M, shiny|100/100\n|-damage|p1a: Hydreigon|88/100|[from] Stealth Rock\n|turn|10\n|\n|t:|1771216084\n|switch|p2a: Ting-Lu|Ting-Lu|50/100\n|-ability|p2a: Ting-Lu|Vessel of Ruin\n|move|p1a: Hydreigon|Draco Meteor|p2a: Ting-Lu\n|-damage|p2a: Ting-Lu|12/100\n|-unboost|p1a: Hydreigon|spa|2\n|\n|-heal|p2a: Ting-Lu|19/100|[from] item: Leftovers\n|upkeep\n|turn|11\n|\n|t:|1771216096\n|switch|p2a: Metagross|Metagross, shiny|100/100\n|move|p1a: Hydreigon|Draco Meteor|p2a: Metagross\n|-resisted|p2a: Metagross\n|-damage|p2a: Metagross|84/100\n|-unboost|p1a: Hydreigon|spa|2\n|\n|upkeep\n|turn|12\n|j| Samurajen\n|\n|t:|1771216103\n|switch|p1a: Moltres|Moltres, shiny|100/100\n|move|p2a: Metagross|Knock Off|p1a: Moltres\n|-crit|p1a: Moltres\n|-damage|p1a: Moltres|49/100\n|-enditem|p1a: Moltres|Heavy-Duty Boots|[from] move: Knock Off|[of] p2a: Metagross\n|\n|upkeep\n|turn|13\n|\n|t:|1771216117\n|switch|p2a: Zapdos|Zapdos|100/100\n|move|p1a: Moltres|Roost|p1a: Moltres\n|-heal|p1a: Moltres|99/100\n|-singleturn|p1a: Moltres|move: Roost\n|\n|upkeep\n|turn|14\n|\n|t:|1771216129\n|switch|p1a: Hydreigon|Hydreigon, M, shiny|88/100\n|-damage|p1a: Hydreigon|76/100|[from] Stealth Rock\n|move|p2a: Zapdos|Volt Switch|p1a: Hydreigon\n|-resisted|p1a: Hydreigon\n|-damage|p1a: Hydreigon|54/100\n|\n|t:|1771216135\n|switch|p2a: Keldeo|Keldeo-Resolute, shiny|86/100|[from] Volt Switch\n|\n|upkeep\n|turn|15\n|\n|t:|1771216140\n|move|p2a: Keldeo|Flip Turn|p1a: Hydreigon\n|-resisted|p1a: Hydreigon\n|-damage|p1a: Hydreigon|47/100\n|\n|t:|1771216143\n|switch|p2a: Ting-Lu|Ting-Lu|19/100|[from] Flip Turn\n|-ability|p2a: Ting-Lu|Vessel of Ruin\n|move|p1a: Hydreigon|Draco Meteor|p2a: Ting-Lu\n|-damage|p2a: Ting-Lu|0 fnt\n|-unboost|p1a: Hydreigon|spa|2\n|faint|p2a: Ting-Lu\n|\n|upkeep\n|\n|t:|1771216152\n|switch|p2a: Keldeo|Keldeo-Resolute, shiny|86/100\n|turn|16\n|\n|t:|1771216174\n|move|p2a: Keldeo|Surf|p1a: Hydreigon\n|-resisted|p1a: Hydreigon\n|-damage|p1a: Hydreigon|10/100\n|move|p1a: Hydreigon|Draco Meteor|p2a: Keldeo\n|-damage|p2a: Keldeo|29/100\n|-unboost|p1a: Hydreigon|spa|2\n|\n|upkeep\n|turn|17\n|\n|t:|1771216180\n|move|p2a: Keldeo|Surf|p1a: Hydreigon\n|-resisted|p1a: Hydreigon\n|-damage|p1a: Hydreigon|0 fnt\n|faint|p1a: Hydreigon\n|\n|upkeep\n|\n|t:|1771216183\n|switch|p1a: Sinistcha|Sinistcha, shiny|100/100\n|turn|18\n|\n|t:|1771216193\n|switch|p2a: Zapdos|Zapdos|100/100\n|move|p1a: Sinistcha|Calm Mind|p1a: Sinistcha\n|-boost|p1a: Sinistcha|spa|1\n|-boost|p1a: Sinistcha|spd|1\n|\n|upkeep\n|turn|19\n|inactive|alex12381723898 has 120 seconds left.\n|\n|t:|1771216230\n|move|p2a: Zapdos|Hurricane|p1a: Sinistcha|[miss]\n|-miss|p2a: Zapdos|p1a: Sinistcha\n|move|p1a: Sinistcha|Calm Mind|p1a: Sinistcha\n|-boost|p1a: Sinistcha|spa|1\n|-boost|p1a: Sinistcha|spd|1\n|\n|upkeep\n|turn|20\n|inactive|alex12381723898 has 120 seconds left.\n|\n|t:|1771216238\n|-terastallize|p1a: Sinistcha|Poison\n|move|p2a: Zapdos|Hurricane|p1a: Sinistcha\n|-damage|p1a: Sinistcha|65/100\n|move|p1a: Sinistcha|Shadow Ball|p2a: Zapdos\n|-damage|p2a: Zapdos|22/100\n|\n|upkeep\n|turn|21\n|\n|t:|1771216256\n|move|p2a: Zapdos|Hurricane|p1a: Sinistcha|[miss]\n|-miss|p2a: Zapdos|p1a: Sinistcha\n|move|p1a: Sinistcha|Shadow Ball|p2a: Zapdos\n|-damage|p2a: Zapdos|0 fnt\n|faint|p2a: Zapdos\n|\n|upkeep\n|\n|t:|1771216259\n|switch|p2a: Metagross|Metagross, shiny|84/100\n|turn|22\n|inactive|alex12381723898 has 120 seconds left.\n|\n|t:|1771216283\n|-terastallize|p2a: Metagross|Dark\n|move|p2a: Metagross|Zen Headbutt|p1a: Sinistcha\n|-supereffective|p1a: Sinistcha\n|-damage|p1a: Sinistcha|0 fnt\n|faint|p1a: Sinistcha\n|\n|upkeep\n|inactive|alex12381723898 has 120 seconds left.\n|\n|t:|1771216289\n|switch|p1a: Tinkaton|Tinkaton, F, shiny|29/100\n|-damage|p1a: Tinkaton|23/100|[from] Stealth Rock\n|turn|23\n|\n|t:|1771216297\n|move|p2a: Metagross|Bullet Punch|p1a: Tinkaton\n|-damage|p1a: Tinkaton|0 fnt\n|faint|p1a: Tinkaton\n|\n|upkeep\n|inactive|alex12381723898 has 120 seconds left.\n|\n|t:|1771216312\n|switch|p1a: Moltres|Moltres, shiny|99/100\n|-damage|p1a: Moltres|50/100|[from] Stealth Rock\n|turn|24\n|-message|alex12381723898 forfeited.\n|\n|win|rblt ryo\n|raw|alex12381723898's rating: 1591 &rarr; <strong>1576</strong><br />(-15 for losing)\n|raw|rblt ryo's rating: 1675 &rarr; <strong>1690</strong><br />(+15 for winning)\n|l|☆alex12381723898\n|player|p1|\n", "uploadtime": 1771216455, "views": 7, "formatid": "gen9ou", "rating": 1576, "private": 0, "password": null}