{"id": "gen9ou-2639210691", "format": "[Gen 9] OU", "players": ["SaltyZyZ", "bowling12345"], "log": "|j|☆SaltyZyZ\n|j|☆bowling12345\n|t:|1782434641\n|gametype|singles\n|player|p1|SaltyZyZ|266|1240\n|player|p2|bowling12345|170|1223\n|gen|9\n|tier|[Gen 9] OU\n|rated|\n|rule|HP Percentage Mod: HP is shown in percentages\n|rule|Endless Battle Clause: Forcing endless battles is banned\n|rule|Species Clause: Limit one of each Pokémon\n|rule|OHKO Clause: OHKO moves are banned\n|rule|Evasion Items Clause: Evasion items are banned\n|rule|Evasion Moves Clause: Evasion moves are banned\n|rule|Evasion Abilities Clause: Evasion abilities are banned\n|rule|Sleep Moves Clause: Sleep-inducing moves are banned\n|clearpoke\n|poke|p1|Iron Boulder|\n|poke|p1|Ninetales, F|\n|poke|p1|Walking Wake|\n|poke|p1|Grimmsnarl, M|\n|poke|p1|Zapdos|\n|poke|p1|Gliscor, M|\n|poke|p2|Zoroark-Hisui, M|\n|poke|p2|Hoopa-Unbound|\n|poke|p2|Munkidori, M|\n|poke|p2|Sinistcha|\n|poke|p2|Alomomola, M|\n|poke|p2|Entei|\n|teampreview\n|inactive|Battle timer is ON: inactive players will automatically lose when time's up. (requested by SaltyZyZ)\n|c|☆SaltyZyZ|gl hf\n|\n|t:|1782434668\n|teamsize|p1|6\n|teamsize|p2|6\n|start\n|switch|p1a: The cancer|Gliscor, M|100/100\n|switch|p2a: Alomomola|Alomomola, M|100/100\n|turn|1\n|\n|t:|1782434679\n|move|p1a: The cancer|Protect|p1a: The cancer\n|-singleturn|p1a: The cancer|Protect\n|move|p2a: Alomomola|Scald|p1a: The cancer\n|-activate|p1a: The cancer|move: Protect\n|\n|-status|p1a: The cancer|tox|[from] item: Toxic Orb\n|upkeep\n|turn|2\n|\n|t:|1782434687\n|move|p1a: The cancer|Stealth Rock|p2a: Alomomola\n|-sidestart|p2: bowling12345|move: Stealth Rock\n|move|p2a: Alomomola|Flip Turn|p1a: The cancer\n|-supereffective|p1a: The cancer\n|-damage|p1a: The cancer|80/100 tox\n|\n|t:|1782434699\n|switch|p2a: Hoopa|Hoopa-Unbound|100/100|[from] Flip Turn\n|-damage|p2a: Hoopa|88/100|[from] Stealth Rock\n|-item|p2a: Hoopa|Air Balloon\n|\n|-heal|p1a: The cancer|93/100 tox|[from] ability: Poison Heal\n|upkeep\n|turn|3\n|\n|t:|1782434710\n|move|p1a: The cancer|Poison Jab|p2a: Hoopa\n|-damage|p2a: Hoopa|52/100\n|-enditem|p2a: Hoopa|Air Balloon\n|move|p2a: Hoopa|Hyperspace Fury|p1a: The cancer\n|-crit|p1a: The cancer\n|-damage|p1a: The cancer|28/100 tox\n|-unboost|p2a: Hoopa|def|1\n|-item|p2a: Hoopa|Toxic Orb|[from] ability: Magician|[of] p1a: The cancer\n|\n|-heal|p1a: The cancer|40/100 tox|[from] ability: Poison Heal\n|-status|p2a: Hoopa|tox|[from] item: Toxic Orb\n|upkeep\n|turn|4\n|c|☆SaltyZyZ|lol\n|\n|t:|1782434729\n|switch|p2a: Alomomola|Alomomola, M|100/100\n|-damage|p2a: Alomomola|88/100|[from] Stealth Rock\n|move|p1a: The cancer|Protect||[still]\n|-fail|p1a: The cancer\n|\n|-heal|p1a: The cancer|53/100 tox|[from] ability: Poison Heal\n|upkeep\n|turn|5\n|\n|t:|1782434742\n|switch|p1a: edgyteen|Walking Wake|100/100\n|move|p2a: Alomomola|Wish|p2a: Alomomola\n|\n|upkeep\n|turn|6\n|\n|t:|1782434749\n|switch|p2a: Hoopa|Hoopa-Unbound|52/100 tox\n|-damage|p2a: Hoopa|40/100 tox|[from] Stealth Rock\n|move|p1a: edgyteen|Flip Turn|p2a: Hoopa\n|-damage|p2a: Hoopa|11/100 tox\n|\n|t:|1782434755\n|-end|p1a: edgyteen|Protosynthesis|[silent]\n|switch|p1a: The cancer|Gliscor, M|53/100 tox|[from] Flip Turn\n|\n|-heal|p2a: Hoopa|99/100 tox|[from] move: Wish|[wisher] Alomomola\n|-heal|p1a: The cancer|65/100 tox|[from] ability: Poison Heal\n|-damage|p2a: Hoopa|94/100 tox|[from] psn\n|upkeep\n|turn|7\n|\n|t:|1782434785\n|move|p1a: The cancer|Poison Jab|p2a: Hoopa\n|-damage|p2a: Hoopa|59/100 tox\n|move|p2a: Hoopa|Hyperspace Fury|p1a: The cancer\n|-damage|p1a: The cancer|25/100 tox\n|-unboost|p2a: Hoopa|def|1\n|\n|-heal|p1a: The cancer|38/100 tox|[from] ability: Poison Heal\n|-damage|p2a: Hoopa|47/100 tox|[from] psn\n|upkeep\n|turn|8\n|\n|t:|1782434809\n|move|p1a: The cancer|Poison Jab|p2a: Hoopa\n|-damage|p2a: Hoopa|0 fnt\n|faint|p2a: Hoopa\n|\n|-heal|p1a: The cancer|50/100 tox|[from] ability: Poison Heal\n|upkeep\n|\n|t:|1782434815\n|switch|p2a: Sinistcha|Sinistcha|100/100\n|-damage|p2a: Sinistcha|88/100|[from] Stealth Rock\n|turn|9\n|\n|t:|1782434818\n|move|p1a: The cancer|Protect|p1a: The cancer\n|-singleturn|p1a: The cancer|Protect\n|move|p2a: Sinistcha|Hex|p1a: The cancer\n|-activate|p1a: The cancer|move: Protect\n|\n|-heal|p1a: The cancer|62/100 tox|[from] ability: Poison Heal\n|upkeep\n|turn|10\n|\n|t:|1782434832\n|switch|p1a: Grinch|Grimmsnarl, M|100/100\n|move|p2a: Sinistcha|Hex|p1a: Grinch\n|-resisted|p1a: Grinch\n|-damage|p1a: Grinch|83/100\n|\n|upkeep\n|turn|11\n|\n|t:|1782434839\n|move|p1a: Grinch|Sucker Punch|p2a: Sinistcha\n|-supereffective|p2a: Sinistcha\n|-damage|p2a: Sinistcha|0 fnt\n|replace|p2a: Zoroark|Zoroark-Hisui, M\n|-end|p2a: Zoroark|Illusion\n|faint|p2a: Zoroark\n|\n|upkeep\n|\n|t:|1782434847\n|switch|p2a: Entei|Entei|100/100\n|-damage|p2a: Entei|75/100|[from] Stealth Rock\n|turn|12\n|\n|t:|1782434852\n|move|p1a: Grinch|Thunder Wave|p2a: Entei\n|-status|p2a: Entei|par\n|move|p2a: Entei|Sacred Fire|p1a: Grinch\n|-damage|p1a: Grinch|18/100\n|\n|upkeep\n|turn|13\n|\n|t:|1782434858\n|cant|p2a: Entei|par\n|move|p1a: Grinch|Parting Shot|p2a: Entei\n|-unboost|p2a: Entei|atk|1\n|-unboost|p2a: Entei|spa|1\n|\n|t:|1782434866\n|switch|p1a: edgyteen|Walking Wake|100/100|[from] Parting Shot\n|\n|upkeep\n|turn|14\n|\n|t:|1782434871\n|switch|p2a: Alomomola|Alomomola, M|100/100\n|-damage|p2a: Alomomola|88/100|[from] Stealth Rock\n|move|p1a: edgyteen|Flip Turn|p2a: Alomomola\n|-resisted|p2a: Alomomola\n|-damage|p2a: Alomomola|84/100\n|-damage|p1a: edgyteen|84/100|[from] item: Rocky Helmet|[of] p2a: Alomomola\n|\n|t:|1782434878\n|-end|p1a: edgyteen|Protosynthesis|[silent]\n|switch|p1a: Birgest Bib|Zapdos|100/100|[from] Flip Turn\n|\n|upkeep\n|turn|15\n|\n|t:|1782434889\n|-terastallize|p2a: Alomomola|Ground\n|move|p1a: Birgest Bib|Volt Switch|p2a: Alomomola\n|-immune|p2a: Alomomola\n|move|p2a: Alomomola|Scald|p1a: Birgest Bib\n|-damage|p1a: Birgest Bib|88/100\n|-status|p1a: Birgest Bib|brn\n|\n|-damage|p1a: Birgest Bib|82/100 brn|[from] brn\n|upkeep\n|turn|16\n|\n|t:|1782434899\n|move|p1a: Birgest Bib|Hurricane|p2a: Alomomola|[miss]\n|-miss|p1a: Birgest Bib|p2a: Alomomola\n|move|p2a: Alomomola|Wish|p2a: Alomomola\n|\n|-damage|p1a: Birgest Bib|76/100 brn|[from] brn\n|upkeep\n|turn|17\n|\n|t:|1782434905\n|move|p1a: Birgest Bib|Hurricane|p2a: Alomomola\n|-damage|p2a: Alomomola|12/100\n|move|p2a: Alomomola|Flip Turn|p1a: Birgest Bib\n|-damage|p1a: Birgest Bib|58/100 brn\n|-status|p2a: Alomomola|par|[from] ability: Static|[of] p1a: Birgest Bib\n|\n|t:|1782434913\n|switch|p2a: Entei|Entei|75/100 par|[from] Flip Turn\n|-damage|p2a: Entei|50/100 par|[from] Stealth Rock\n|\n|-heal|p2a: Entei|100/100 par|[from] move: Wish|[wisher] Alomomola\n|-damage|p1a: Birgest Bib|52/100 brn|[from] brn\n|upkeep\n|turn|18\n|\n|t:|1782434921\n|switch|p2a: Alomomola|Alomomola, M, tera:Ground|46/100 par\n|-damage|p2a: Alomomola|39/100 par|[from] Stealth Rock\n|move|p1a: Birgest Bib|Roost|p1a: Birgest Bib\n|-heal|p1a: Birgest Bib|100/100 brn\n|-singleturn|p1a: Birgest Bib|move: Roost\n|\n|-damage|p1a: Birgest Bib|94/100 brn|[from] brn\n|upkeep\n|turn|19\n|\n|t:|1782434930\n|switch|p2a: Munkidori|Munkidori, M|100/100\n|-damage|p2a: Munkidori|88/100|[from] Stealth Rock\n|move|p1a: Birgest Bib|Hurricane|p2a: Munkidori\n|-damage|p2a: Munkidori|56/100\n|-start|p2a: Munkidori|confusion\n|\n|-damage|p1a: Birgest Bib|88/100 brn|[from] brn\n|upkeep\n|turn|20\n|\n|t:|1782434939\n|-activate|p2a: Munkidori|confusion\n|move|p2a: Munkidori|Hex|p1a: Birgest Bib\n|-damage|p1a: Birgest Bib|43/100 brn\n|move|p1a: Birgest Bib|Discharge|p2a: Munkidori\n|-damage|p2a: Munkidori|29/100\n|\n|-damage|p1a: Birgest Bib|37/100 brn|[from] brn\n|upkeep\n|turn|21\n|\n|t:|1782434946\n|switch|p1a: Grinch|Grimmsnarl, M|18/100\n|-activate|p2a: Munkidori|confusion\n|move|p2a: Munkidori|Hex|p1a: Grinch\n|-resisted|p1a: Grinch\n|-damage|p1a: Grinch|5/100\n|\n|upkeep\n|turn|22\n|\n|t:|1782434955\n|switch|p2a: Alomomola|Alomomola, M, tera:Ground|73/100 par\n|-damage|p2a: Alomomola|67/100 par|[from] Stealth Rock\n|move|p1a: Grinch|Parting Shot|p2a: Alomomola\n|-unboost|p2a: Alomomola|atk|1\n|-unboost|p2a: Alomomola|spa|1\n|\n|t:|1782434961\n|switch|p1a: Birgest Bib|Zapdos|37/100 brn|[from] Parting Shot\n|\n|-damage|p1a: Birgest Bib|31/100 brn|[from] brn\n|upkeep\n|turn|23\n|\n|t:|1782434969\n|move|p1a: Birgest Bib|Roost|p1a: Birgest Bib\n|-heal|p1a: Birgest Bib|81/100 brn\n|-singleturn|p1a: Birgest Bib|move: Roost\n|move|p2a: Alomomola|Wish|p2a: Alomomola\n|\n|-damage|p1a: Birgest Bib|75/100 brn|[from] brn\n|upkeep\n|turn|24\n|\n|t:|1782434979\n|move|p1a: Birgest Bib|Hurricane|p2a: Alomomola\n|-damage|p2a: Alomomola|0 fnt\n|faint|p2a: Alomomola\n|\n|-damage|p1a: Birgest Bib|69/100 brn|[from] brn\n|upkeep\n|\n|t:|1782434984\n|switch|p2a: Munkidori|Munkidori, M|29/100\n|-damage|p2a: Munkidori|17/100|[from] Stealth Rock\n|turn|25\n|\n|t:|1782434989\n|move|p2a: Munkidori|Hex|p1a: Birgest Bib\n|-damage|p1a: Birgest Bib|29/100 brn\n|move|p1a: Birgest Bib|Discharge|p2a: Munkidori\n|-damage|p2a: Munkidori|0 fnt\n|faint|p2a: Munkidori\n|\n|-damage|p1a: Birgest Bib|23/100 brn|[from] brn\n|upkeep\n|\n|t:|1782434999\n|switch|p2a: Entei|Entei|100/100 par\n|-damage|p2a: Entei|75/100 par|[from] Stealth Rock\n|turn|26\n|\n|t:|1782435003\n|switch|p1a: dabigman|Iron Boulder|100/100\n|-enditem|p1a: dabigman|Booster Energy\n|-activate|p1a: dabigman|ability: Quark Drive|[fromitem]\n|-start|p1a: dabigman|quarkdrivespe\n|move|p2a: Entei|Extreme Speed|p1a: dabigman\n|-resisted|p1a: dabigman\n|-damage|p1a: dabigman|83/100\n|\n|upkeep\n|turn|27\n|\n|t:|1782435012\n|switch|p2a: Sinistcha|Sinistcha|100/100\n|-damage|p2a: Sinistcha|88/100|[from] Stealth Rock\n|move|p1a: dabigman|Mighty Cleave|p2a: Sinistcha\n|-damage|p2a: Sinistcha|48/100\n|\n|upkeep\n|turn|28\n|\n|t:|1782435019\n|-terastallize|p1a: dabigman|Rock\n|move|p1a: dabigman|Mighty Cleave|p2a: Sinistcha\n|-damage|p2a: Sinistcha|0 fnt\n|faint|p2a: Sinistcha\n|\n|upkeep\n|-message|bowling12345 forfeited.\n|\n|win|SaltyZyZ\n|raw|SaltyZyZ's rating: 1240 &rarr; <strong>1264</strong><br />(+24 for winning)\n|raw|bowling12345's rating: 1223 &rarr; <strong>1199</strong><br />(-24 for losing)\n|l|☆bowling12345\n|player|p2|\n|c|☆SaltyZyZ|gg\n|l|☆SaltyZyZ\n|player|p1|\n", "uploadtime": 1782435411, "views": 7, "formatid": "gen9ou", "rating": 1199, "private": 0, "password": null}