{"id": "gen9ou-2639297818", "format": "[Gen 9] OU", "players": ["xjdfgdfg", "msean3"], "log": "|j|☆xjdfgdfg\n|j|‽msean3\n|t:|1782448191\n|gametype|singles\n|player|p1|xjdfgdfg|102|1656\n|player|p2|msean3|101|1604\n|gen|9\n|tier|[Gen 9] OU\n|rated|\n|rule|HP Percentage Mod: HP is shown in percentages\n|rule|Endless Battle Clause: Forcing endless battles is banned\n|rule|Species Clause: Limit one of each Pokémon\n|rule|OHKO Clause: OHKO moves are banned\n|rule|Evasion Items Clause: Evasion items are banned\n|rule|Evasion Moves Clause: Evasion moves are banned\n|rule|Evasion Abilities Clause: Evasion abilities are banned\n|rule|Sleep Moves Clause: Sleep-inducing moves are banned\n|clearpoke\n|poke|p1|Serperior, M|\n|poke|p1|Skeledirge, M|\n|poke|p1|Ting-Lu|\n|poke|p1|Gholdengo|\n|poke|p1|Rotom-Wash|\n|poke|p1|Weavile, F|\n|poke|p2|Darkrai|\n|poke|p2|Alomomola, M|\n|poke|p2|Corviknight, M|\n|poke|p2|Weezing-Galar, F|\n|poke|p2|Garchomp, M|\n|poke|p2|Ogerpon, F|\n|teampreview\n|inactive|Battle timer is ON: inactive players will automatically lose when time's up. (requested by xjdfgdfg)\n|\n|t:|1782448196\n|teamsize|p1|6\n|teamsize|p2|6\n|start\n|switch|p1a: slow cycle|Rotom-Wash|100/100\n|switch|p2a: Darkrai|Darkrai|100/100\n|turn|1\n|\n|t:|1782448200\n|move|p2a: Darkrai|Dark Pulse|p1a: slow cycle\n|-damage|p1a: slow cycle|26/100\n|cant|p1a: slow cycle|flinch\n|\n|upkeep\n|turn|2\n|\n|t:|1782448204\n|switch|p1a: Ting-Lu|Ting-Lu|100/100\n|-ability|p1a: Ting-Lu|Vessel of Ruin\n|move|p2a: Darkrai|Dark Pulse|p1a: Ting-Lu\n|-resisted|p1a: Ting-Lu\n|-damage|p1a: Ting-Lu|88/100\n|\n|-heal|p1a: Ting-Lu|94/100|[from] item: Leftovers\n|upkeep\n|turn|3\n|\n|t:|1782448208\n|switch|p2a: Corviknight|Corviknight, M|100/100\n|-ability|p2a: Corviknight|Pressure\n|switch|p1a: slow cycle|Rotom-Wash|26/100\n|\n|upkeep\n|turn|4\n|\n|t:|1782448212\n|switch|p2a: Alomomola|Alomomola, M|100/100\n|move|p1a: slow cycle|Pain Split|p2a: Alomomola\n|-sethp|p2a: Alomomola|58/100|[from] move: Pain Split|[silent]\n|-sethp|p1a: slow cycle|100/100|[from] move: Pain Split\n|\n|upkeep\n|turn|5\n|\n|t:|1782448218\n|move|p1a: slow cycle|Will-O-Wisp|p2a: Alomomola\n|-status|p2a: Alomomola|brn\n|move|p2a: Alomomola|Mirror Coat||[still]\n|-fail|p2a: Alomomola\n|\n|-damage|p2a: Alomomola|52/100 brn|[from] brn\n|upkeep\n|turn|6\n|\n|t:|1782448224\n|move|p1a: slow cycle|Will-O-Wisp|p2a: Alomomola\n|-fail|p2a: Alomomola|brn\n|move|p2a: Alomomola|Flip Turn|p1a: slow cycle\n|-resisted|p1a: slow cycle\n|-damage|p1a: slow cycle|98/100\n|-damage|p2a: Alomomola|35/100 brn|[from] item: Rocky Helmet|[of] p1a: slow cycle\n|\n|t:|1782448234\n|switch|p2a: Ogerpon|Ogerpon, F|100/100|[from] Flip Turn\n|\n|upkeep\n|turn|7\n|\n|t:|1782448236\n|-terastallize|p1a: slow cycle|Steel\n|move|p2a: Ogerpon|Knock Off|p1a: slow cycle\n|-damage|p1a: slow cycle|73/100\n|-damage|p2a: Ogerpon|84/100|[from] item: Rocky Helmet|[of] p1a: slow cycle\n|-enditem|p1a: slow cycle|Rocky Helmet|[from] move: Knock Off|[of] p2a: Ogerpon\n|move|p1a: slow cycle|Will-O-Wisp|p2a: Ogerpon\n|-status|p2a: Ogerpon|brn\n|\n|-damage|p2a: Ogerpon|78/100 brn|[from] brn\n|upkeep\n|turn|8\n|\n|t:|1782448243\n|switch|p2a: Alomomola|Alomomola, M|68/100 brn\n|move|p1a: slow cycle|Volt Switch|p2a: Alomomola\n|-supereffective|p2a: Alomomola\n|-crit|p2a: Alomomola\n|-damage|p2a: Alomomola|31/100 brn\n|\n|t:|1782448245\n|switch|p1a: Serperior|Serperior, M, shiny|100/100|[from] Volt Switch\n|\n|-damage|p2a: Alomomola|25/100 brn|[from] brn\n|upkeep\n|turn|9\n|\n|t:|1782448257\n|move|p1a: Serperior|Substitute|p1a: Serperior\n|-start|p1a: Serperior|Substitute\n|-damage|p1a: Serperior|76/100\n|move|p2a: Alomomola|Flip Turn|p1a: Serperior\n|-resisted|p1a: Serperior\n|-activate|p1a: Serperior|move: Substitute|[damage]\n|\n|t:|1782448261\n|switch|p2a: Corviknight|Corviknight, M|100/100|[from] Flip Turn\n|-ability|p2a: Corviknight|Pressure\n|\n|-heal|p1a: Serperior|82/100|[from] item: Leftovers\n|upkeep\n|turn|10\n|\n|t:|1782448264\n|move|p1a: Serperior|Glare|p2a: Corviknight\n|-status|p2a: Corviknight|par\n|move|p2a: Corviknight|U-turn|p1a: Serperior\n|-supereffective|p1a: Serperior\n|-end|p1a: Serperior|Substitute\n|\n|t:|1782448266\n|switch|p2a: Darkrai|Darkrai|100/100|[from] U-turn\n|\n|-heal|p1a: Serperior|88/100|[from] item: Leftovers\n|upkeep\n|turn|11\n|\n|t:|1782448270\n|switch|p1a: Ting-Lu|Ting-Lu|94/100\n|-ability|p1a: Ting-Lu|Vessel of Ruin\n|move|p2a: Darkrai|Ice Beam|p1a: Ting-Lu\n|-supereffective|p1a: Ting-Lu\n|-damage|p1a: Ting-Lu|55/100\n|\n|-heal|p1a: Ting-Lu|61/100|[from] item: Leftovers\n|upkeep\n|turn|12\n|\n|t:|1782448273\n|move|p2a: Darkrai|Ice Beam|p1a: Ting-Lu\n|-supereffective|p1a: Ting-Lu\n|-crit|p1a: Ting-Lu\n|-damage|p1a: Ting-Lu|4/100\n|move|p1a: Ting-Lu|Stealth Rock|p2a: Darkrai\n|-sidestart|p2: msean3|move: Stealth Rock\n|\n|-heal|p1a: Ting-Lu|10/100|[from] item: Leftovers\n|upkeep\n|turn|13\n|\n|t:|1782448286\n|move|p2a: Darkrai|Ice Beam|p1a: Ting-Lu\n|-supereffective|p1a: Ting-Lu\n|-damage|p1a: Ting-Lu|0 fnt\n|faint|p1a: Ting-Lu\n|\n|upkeep\n|\n|t:|1782448288\n|switch|p1a: Amascut's Promise|Gholdengo|100/100\n|turn|14\n|\n|t:|1782448300\n|switch|p2a: Corviknight|Corviknight, M|100/100 par\n|-damage|p2a: Corviknight|88/100 par|[from] Stealth Rock\n|-ability|p2a: Corviknight|Pressure\n|move|p1a: Amascut's Promise|Shadow Ball|p2a: Corviknight\n|-damage|p2a: Corviknight|56/100 par\n|\n|-heal|p2a: Corviknight|63/100 par|[from] item: Leftovers\n|upkeep\n|turn|15\n|\n|t:|1782448303\n|move|p1a: Amascut's Promise|Shadow Ball|p2a: Corviknight\n|-damage|p2a: Corviknight|33/100 par\n|cant|p2a: Corviknight|par\n|\n|-heal|p2a: Corviknight|39/100 par|[from] item: Leftovers\n|upkeep\n|turn|16\n|\n|t:|1782448305\n|move|p1a: Amascut's Promise|Shadow Ball|p2a: Corviknight\n|-damage|p2a: Corviknight|12/100 par\n|cant|p2a: Corviknight|par\n|\n|-heal|p2a: Corviknight|18/100 par|[from] item: Leftovers\n|upkeep\n|turn|17\n|\n|t:|1782448309\n|move|p1a: Amascut's Promise|Shadow Ball|p2a: Corviknight\n|-damage|p2a: Corviknight|0 fnt\n|faint|p2a: Corviknight\n|\n|upkeep\n|\n|t:|1782448311\n|switch|p2a: Darkrai|Darkrai|100/100\n|-damage|p2a: Darkrai|88/100|[from] Stealth Rock\n|turn|18\n|\n|t:|1782448312\n|switch|p1a: Weavile|Weavile, F|100/100\n|move|p2a: Darkrai|Dark Pulse|p1a: Weavile\n|-resisted|p1a: Weavile\n|-damage|p1a: Weavile|59/100\n|\n|upkeep\n|turn|19\n|\n|t:|1782448321\n|switch|p1a: Serperior|Serperior, M, shiny|88/100\n|-terastallize|p2a: Darkrai|Dark\n|move|p2a: Darkrai|Dark Pulse|p1a: Serperior\n|-damage|p1a: Serperior|0 fnt\n|faint|p1a: Serperior\n|\n|upkeep\n|\n|t:|1782448326\n|switch|p1a: Amascut's Promise|Gholdengo|100/100\n|turn|20\n|\n|t:|1782448342\n|move|p1a: Amascut's Promise|Make It Rain|p2a: Darkrai\n|-damage|p2a: Darkrai|7/100\n|-unboost|p1a: Amascut's Promise|spa|1\n|move|p2a: Darkrai|Dark Pulse|p1a: Amascut's Promise\n|-supereffective|p1a: Amascut's Promise\n|-damage|p1a: Amascut's Promise|0 fnt\n|faint|p1a: Amascut's Promise\n|\n|upkeep\n|\n|t:|1782448344\n|switch|p1a: Weavile|Weavile, F|59/100\n|turn|21\n|\n|t:|1782448351\n|switch|p2a: Alomomola|Alomomola, M|58/100 brn\n|-damage|p2a: Alomomola|45/100 brn|[from] Stealth Rock\n|move|p1a: Weavile|Ice Shard|p2a: Alomomola\n|-resisted|p2a: Alomomola\n|-damage|p2a: Alomomola|38/100 brn\n|\n|-damage|p2a: Alomomola|31/100 brn|[from] brn\n|upkeep\n|turn|22\n|\n|t:|1782448353\n|move|p1a: Weavile|Knock Off|p2a: Alomomola\n|-damage|p2a: Alomomola|0 fnt\n|-enditem|p2a: Alomomola|Assault Vest|[from] move: Knock Off|[of] p1a: Weavile\n|faint|p2a: Alomomola\n|\n|upkeep\n|\n|t:|1782448355\n|switch|p2a: Weezing|Weezing-Galar, F|100/100\n|-ability|p2a: Weezing|Neutralizing Gas\n|-damage|p2a: Weezing|88/100|[from] Stealth Rock\n|turn|23\n|\n|t:|1782448358\n|switch|p1a: slow cycle|Rotom-Wash, tera:Steel|73/100\n|move|p2a: Weezing|Defog|p1a: slow cycle\n|-unboost|p1a: slow cycle|evasion|1\n|-sideend|p2: msean3|Stealth Rock|[from] move: Defog|[of] p2a: Weezing\n|\n|-heal|p2a: Weezing|94/100|[from] item: Leftovers\n|upkeep\n|turn|24\n|\n|t:|1782448364\n|-end|p2a: Weezing|ability: Neutralizing Gas\n|switch|p2a: Ogerpon|Ogerpon, F|78/100 brn\n|move|p1a: slow cycle|Hydro Pump|p2a: Ogerpon\n|-resisted|p2a: Ogerpon\n|-damage|p2a: Ogerpon|55/100 brn\n|\n|-damage|p2a: Ogerpon|49/100 brn|[from] brn\n|upkeep\n|turn|25\n|\n|t:|1782448367\n|move|p2a: Ogerpon|Knock Off|p1a: slow cycle\n|-damage|p1a: slow cycle|64/100\n|move|p1a: slow cycle|Volt Switch|p2a: Ogerpon\n|-resisted|p2a: Ogerpon\n|-crit|p2a: Ogerpon\n|-damage|p2a: Ogerpon|26/100 brn\n|\n|t:|1782448369\n|switch|p1a: Weavile|Weavile, F|59/100|[from] Volt Switch\n|\n|-damage|p2a: Ogerpon|20/100 brn|[from] brn\n|upkeep\n|turn|26\n|\n|t:|1782448372\n|move|p1a: Weavile|Icicle Crash|p2a: Ogerpon\n|-supereffective|p2a: Ogerpon\n|-damage|p2a: Ogerpon|0 fnt\n|faint|p2a: Ogerpon\n|\n|upkeep\n|\n|t:|1782448373\n|switch|p2a: Weezing|Weezing-Galar, F|94/100\n|-ability|p2a: Weezing|Neutralizing Gas\n|turn|27\n|\n|t:|1782448378\n|switch|p1a: Skeledirge|Skeledirge, M|100/100\n|-end|p2a: Weezing|ability: Neutralizing Gas\n|switch|p2a: Darkrai|Darkrai, tera:Dark|7/100\n|\n|upkeep\n|turn|28\n|\n|t:|1782448406\n|move|p2a: Darkrai|Dark Pulse|p1a: Skeledirge\n|-supereffective|p1a: Skeledirge\n|-damage|p1a: Skeledirge|0 fnt\n|faint|p1a: Skeledirge\n|\n|upkeep\n|\n|t:|1782448407\n|switch|p1a: Weavile|Weavile, F|59/100\n|turn|29\n|\n|t:|1782448411\n|switch|p2a: Weezing|Weezing-Galar, F|94/100\n|-ability|p2a: Weezing|Neutralizing Gas\n|move|p1a: Weavile|Icicle Crash|p2a: Weezing\n|-damage|p2a: Weezing|69/100\n|\n|-heal|p2a: Weezing|75/100|[from] item: Leftovers\n|upkeep\n|turn|30\n|\n|t:|1782448414\n|switch|p1a: slow cycle|Rotom-Wash, tera:Steel|64/100\n|move|p2a: Weezing|Will-O-Wisp|p1a: slow cycle\n|-status|p1a: slow cycle|brn\n|\n|-heal|p2a: Weezing|81/100|[from] item: Leftovers\n|-damage|p1a: slow cycle|58/100 brn|[from] brn\n|upkeep\n|turn|31\n|\n|t:|1782448419\n|-end|p2a: Weezing|ability: Neutralizing Gas\n|switch|p2a: Garchomp|Garchomp, M|100/100\n|move|p1a: slow cycle|Hydro Pump|p2a: Garchomp\n|-damage|p2a: Garchomp|63/100\n|\n|-damage|p1a: slow cycle|51/100 brn|[from] brn\n|upkeep\n|turn|32\n|\n|t:|1782448424\n|move|p2a: Garchomp|Stealth Rock|p1a: slow cycle\n|-sidestart|p1: xjdfgdfg|move: Stealth Rock\n|move|p1a: slow cycle|Will-O-Wisp|p2a: Garchomp\n|-status|p2a: Garchomp|brn\n|\n|-damage|p2a: Garchomp|57/100 brn|[from] brn\n|-damage|p1a: slow cycle|45/100 brn|[from] brn\n|upkeep\n|turn|33\n|\n|t:|1782448427\n|move|p1a: slow cycle|Pain Split|p2a: Garchomp\n|-sethp|p2a: Garchomp|45/100 brn|[from] move: Pain Split|[silent]\n|-sethp|p1a: slow cycle|62/100 brn|[from] move: Pain Split\n|move|p2a: Garchomp|Dragon Tail|p1a: slow cycle\n|-resisted|p1a: slow cycle\n|-damage|p1a: slow cycle|56/100 brn\n|drag|p1a: Weavile|Weavile, F|59/100\n|\n|-damage|p2a: Garchomp|39/100 brn|[from] brn\n|upkeep\n|turn|34\n|\n|t:|1782448430\n|switch|p2a: Weezing|Weezing-Galar, F|81/100\n|-ability|p2a: Weezing|Neutralizing Gas\n|move|p1a: Weavile|Icicle Crash|p2a: Weezing\n|-damage|p2a: Weezing|53/100\n|\n|-heal|p2a: Weezing|59/100|[from] item: Leftovers\n|upkeep\n|turn|35\n|\n|t:|1782448436\n|-end|p2a: Weezing|ability: Neutralizing Gas\n|switch|p2a: Darkrai|Darkrai, tera:Dark|7/100\n|move|p1a: Weavile|Icicle Crash|p2a: Darkrai\n|-damage|p2a: Darkrai|0 fnt\n|faint|p2a: Darkrai\n|\n|upkeep\n|-message|msean3 forfeited.\n|\n|win|xjdfgdfg\n|raw|xjdfgdfg's rating: 1656 &rarr; <strong>1673</strong><br />(+17 for winning)\n|raw|msean3's rating: 1604 &rarr; <strong>1587</strong><br />(-17 for losing)\n|l|‽msean3\n|player|p2|\n|l|☆xjdfgdfg\n|player|p1|\n", "uploadtime": 1782448701, "views": 5, "formatid": "gen9ou", "rating": 1587, "private": 0, "password": null}