{"id": "gen9ou-2639272785", "format": "[Gen 9] OU", "players": ["Uberzilla", "abGodc"], "log": "|badge|p2|silver|gen9ou|30-9\n|uhtml|medal-msg|<div class=\"broadcast-blue\">Curious what those medals under the avatar are? PS now has Ladder Seasons! For more information, check out the <a href=\"https://www.smogon.com/forums/threads/3740067/\">thread on Smogon.</a></div>\n|j|☆Uberzilla\n|j|☆abGodc\n|t:|1782443864\n|gametype|singles\n|player|p1|Uberzilla|miku-flying|1684\n|player|p2|abGodc|iris-gen5bw2|1917\n|gen|9\n|tier|[Gen 9] OU\n|rated|\n|rule|HP Percentage Mod: HP is shown in percentages\n|rule|Endless Battle Clause: Forcing endless battles is banned\n|rule|Species Clause: Limit one of each Pokémon\n|rule|OHKO Clause: OHKO moves are banned\n|rule|Evasion Items Clause: Evasion items are banned\n|rule|Evasion Moves Clause: Evasion moves are banned\n|rule|Evasion Abilities Clause: Evasion abilities are banned\n|rule|Sleep Moves Clause: Sleep-inducing moves are banned\n|clearpoke\n|poke|p1|Iron Valiant|\n|poke|p1|Dragonite, M|\n|poke|p1|Araquanid, F|\n|poke|p1|Iron Moth|\n|poke|p1|Great Tusk|\n|poke|p1|Raging Bolt|\n|poke|p2|Ting-Lu|\n|poke|p2|Slowking-Galar, M|\n|poke|p2|Corviknight, M|\n|poke|p2|Cinderace, M|\n|poke|p2|Ogerpon-Wellspring, F|\n|poke|p2|Raging Bolt|\n|teampreview\n|inactive|Battle timer is ON: inactive players will automatically lose when time's up. (requested by abGodc)\n|\n|t:|1782443868\n|teamsize|p1|6\n|teamsize|p2|6\n|start\n|switch|p1a: Amnion|Araquanid, F|100/100\n|switch|p2a: Raging Bolt|Raging Bolt|100/100\n|turn|1\n|\n|t:|1782443872\n|switch|p1a: Marcus Aurelius|Great Tusk|100/100\n|move|p2a: Raging Bolt|Thunderbolt|p1a: Marcus Aurelius\n|-immune|p1a: Marcus Aurelius\n|\n|upkeep\n|turn|2\n|\n|t:|1782443877\n|-end|p2a: Raging Bolt|Protosynthesis|[silent]\n|switch|p2a: Corviknight|Corviknight, M|100/100\n|-ability|p2a: Corviknight|Pressure\n|move|p1a: Marcus Aurelius|Headlong Rush|p2a: Corviknight\n|-immune|p2a: Corviknight\n|\n|upkeep\n|turn|3\n|\n|t:|1782443881\n|-end|p1a: Marcus Aurelius|Protosynthesis|[silent]\n|switch|p1a: Melville|Iron Moth|100/100\n|-enditem|p1a: Melville|Booster Energy\n|-activate|p1a: Melville|ability: Quark Drive|[fromitem]\n|-start|p1a: Melville|quarkdrivespa\n|move|p2a: Corviknight|U-turn|p1a: Melville\n|-resisted|p1a: Melville\n|-damage|p1a: Melville|94/100\n|\n|t:|1782443886\n|switch|p2a: Ting-Lu|Ting-Lu|100/100|[from] U-turn\n|-ability|p2a: Ting-Lu|Vessel of Ruin\n|\n|upkeep\n|turn|4\n|\n|t:|1782443890\n|move|p1a: Melville|Fiery Dance|p2a: Ting-Lu\n|-damage|p2a: Ting-Lu|77/100\n|-boost|p1a: Melville|spa|1\n|move|p2a: Ting-Lu|Earthquake|p1a: Melville\n|-supereffective|p1a: Melville\n|-damage|p1a: Melville|0 fnt\n|faint|p1a: Melville\n|-end|p1a: Melville|Quark Drive|[silent]\n|\n|-heal|p2a: Ting-Lu|83/100|[from] item: Leftovers\n|upkeep\n|\n|t:|1782443892\n|switch|p1a: Amnion|Araquanid, F|100/100\n|turn|5\n|\n|t:|1782443897\n|switch|p2a: Ogerpon|Ogerpon-Wellspring, F|100/100\n|switch|p1a: Franklin|Raging Bolt|100/100\n|\n|upkeep\n|turn|6\n|\n|t:|1782443901\n|move|p2a: Ogerpon|U-turn|p1a: Franklin\n|-damage|p1a: Franklin|76/100\n|\n|t:|1782443903\n|switch|p2a: Ting-Lu|Ting-Lu|83/100|[from] U-turn\n|-ability|p2a: Ting-Lu|Vessel of Ruin\n|move|p1a: Franklin|Thunderbolt|p2a: Ting-Lu\n|-immune|p2a: Ting-Lu\n|\n|-heal|p1a: Franklin|83/100|[from] item: Leftovers\n|-heal|p2a: Ting-Lu|89/100|[from] item: Leftovers\n|upkeep\n|turn|7\n|\n|t:|1782443909\n|-end|p1a: Franklin|Protosynthesis|[silent]\n|switch|p1a: Amnion|Araquanid, F|100/100\n|move|p2a: Ting-Lu|Earthquake|p1a: Amnion\n|-resisted|p1a: Amnion\n|-damage|p1a: Amnion|82/100\n|\n|-heal|p2a: Ting-Lu|96/100|[from] item: Leftovers\n|upkeep\n|turn|8\n|j| rX Synergy\n|\n|t:|1782443911\n|switch|p2a: Raging Bolt|Raging Bolt|100/100\n|move|p1a: Amnion|Sticky Web|p2a: Raging Bolt\n|-sidestart|p2: abGodc|move: Sticky Web\n|\n|upkeep\n|turn|9\n|\n|t:|1782443914\n|switch|p1a: Marcus Aurelius|Great Tusk|100/100\n|move|p2a: Raging Bolt|Draco Meteor|p1a: Marcus Aurelius\n|-damage|p1a: Marcus Aurelius|0 fnt\n|-unboost|p2a: Raging Bolt|spa|2\n|faint|p1a: Marcus Aurelius\n|-end|p1a: Marcus Aurelius|Protosynthesis|[silent]\n|\n|upkeep\n|\n|t:|1782443916\n|switch|p1a: Franklin|Raging Bolt|83/100\n|turn|10\n|\n|t:|1782443921\n|move|p2a: Raging Bolt|Draco Meteor|p1a: Franklin\n|-supereffective|p1a: Franklin\n|-damage|p1a: Franklin|0 fnt\n|-unboost|p2a: Raging Bolt|spa|2\n|faint|p1a: Franklin\n|-end|p1a: Franklin|Protosynthesis|[silent]\n|\n|upkeep\n|-message|Uberzilla forfeited.\n|\n|win|abGodc\n|raw|Uberzilla's rating: 1684 &rarr; <strong>1676</strong><br />(-8 for losing)\n|raw|abGodc's rating: 1917 &rarr; <strong>1925</strong><br />(+8 for winning)\n|l|☆Uberzilla\n|player|p1|\n", "uploadtime": 1782443929, "views": 27, "formatid": "gen9ou", "rating": 1676, "private": 0, "password": null}