{"id": "gen9ou-2639219779", "format": "[Gen 9] OU", "players": ["Cancunjose", "UnexpectdSets"], "log": "|j|☆Cancunjose\n|j|☆UnexpectdSets\n|t:|1782436025\n|gametype|singles\n|player|p1|Cancunjose|koga-lgpe|1333\n|player|p2|UnexpectdSets|flint|1311\n|gen|9\n|tier|[Gen 9] OU\n|rated|\n|rule|HP Percentage Mod: HP is shown in percentages\n|rule|Endless Battle Clause: Forcing endless battles is banned\n|rule|Species Clause: Limit one of each Pokémon\n|rule|OHKO Clause: OHKO moves are banned\n|rule|Evasion Items Clause: Evasion items are banned\n|rule|Evasion Moves Clause: Evasion moves are banned\n|rule|Evasion Abilities Clause: Evasion abilities are banned\n|rule|Sleep Moves Clause: Sleep-inducing moves are banned\n|clearpoke\n|poke|p1|Hydrapple, M|\n|poke|p1|Moltres|\n|poke|p1|Slowking-Galar, F|\n|poke|p1|Tyranitar, F|\n|poke|p1|Zamazenta-*|\n|poke|p1|Excadrill, F|\n|poke|p2|Zangoose, F|\n|poke|p2|Torkoal, M|\n|poke|p2|Great Tusk|\n|poke|p2|Thundurus-Therian, M|\n|poke|p2|Walking Wake|\n|poke|p2|Metagross|\n|teampreview\n|inactive|Battle timer is ON: inactive players will automatically lose when time's up. (requested by Cancunjose)\n|inactive|Cancunjose has 120 seconds left.\n|\n|t:|1782436066\n|teamsize|p1|6\n|teamsize|p2|6\n|start\n|switch|p1a: Hydrapple|Hydrapple, M|100/100\n|switch|p2a: Torkoal|Torkoal, M, shiny|100/100\n|-weather|SunnyDay|[from] ability: Drought|[of] p2a: Torkoal\n|turn|1\n|\n|t:|1782436085\n|switch|p2a: Metagross|Metagross, shiny|100/100\n|move|p1a: Hydrapple|Earth Power|p2a: Metagross\n|-supereffective|p2a: Metagross\n|-damage|p2a: Metagross|65/100\n|\n|-weather|SunnyDay|[upkeep]\n|upkeep\n|turn|2\n|\n|t:|1782436095\n|move|p2a: Metagross|Ice Punch|p1a: Hydrapple\n|-supereffective|p1a: Hydrapple\n|-damage|p1a: Hydrapple|34/100\n|move|p1a: Hydrapple|Earth Power|p2a: Metagross\n|-supereffective|p2a: Metagross\n|-damage|p2a: Metagross|35/100\n|\n|-weather|SunnyDay|[upkeep]\n|upkeep\n|turn|3\n|\n|t:|1782436106\n|switch|p1a: Moltres|Moltres|100/100\n|move|p2a: Metagross|Ice Punch|p1a: Moltres\n|-damage|p1a: Moltres|80/100\n|\n|-weather|SunnyDay|[upkeep]\n|upkeep\n|turn|4\n|\n|t:|1782436114\n|switch|p2a: Walking Wake|Walking Wake|100/100\n|-activate|p2a: Walking Wake|ability: Protosynthesis\n|-start|p2a: Walking Wake|protosynthesisspe\n|move|p1a: Moltres|Flamethrower|p2a: Walking Wake\n|-resisted|p2a: Walking Wake\n|-damage|p2a: Walking Wake|84/100\n|\n|-weather|SunnyDay|[upkeep]\n|upkeep\n|turn|5\n|\n|t:|1782436124\n|switch|p1a: Slowking|Slowking-Galar, F|100/100\n|move|p2a: Walking Wake|Hydro Steam|p1a: Slowking\n|-damage|p1a: Slowking|73/100\n|\n|-weather|SunnyDay|[upkeep]\n|upkeep\n|turn|6\n|\n|t:|1782436133\n|move|p2a: Walking Wake|Flip Turn|p1a: Slowking\n|-damage|p1a: Slowking|65/100\n|\n|t:|1782436135\n|-end|p2a: Walking Wake|Protosynthesis|[silent]\n|switch|p2a: Zangoose|Zangoose, F|100/100|[from] Flip Turn\n|move|p1a: Slowking|Psyshock|p2a: Zangoose\n|-damage|p2a: Zangoose|28/100\n|\n|-weather|SunnyDay|[upkeep]\n|-status|p2a: Zangoose|tox|[from] item: Toxic Orb\n|upkeep\n|turn|7\n|\n|t:|1782436142\n|switch|p1a: Moltres|Moltres|80/100\n|move|p2a: Zangoose|Facade|p1a: Moltres\n|-damage|p1a: Moltres|17/100\n|\n|-weather|SunnyDay|[upkeep]\n|-damage|p2a: Zangoose|22/100 tox|[from] psn\n|upkeep\n|turn|8\n|inactive|Cancunjose has 120 seconds left.\n|\n|t:|1782436182\n|switch|p1a: Zamazenta|Zamazenta|100/100\n|-ability|p1a: Zamazenta|Dauntless Shield|boost\n|-boost|p1a: Zamazenta|def|1\n|move|p2a: Zangoose|Knock Off|p1a: Zamazenta\n|-resisted|p1a: Zamazenta\n|-damage|p1a: Zamazenta|89/100\n|-enditem|p1a: Zamazenta|Leftovers|[from] move: Knock Off|[of] p2a: Zangoose\n|\n|-weather|none\n|-damage|p2a: Zangoose|10/100 tox|[from] psn\n|upkeep\n|turn|9\n|inactive|Cancunjose has 120 seconds left.\n|\n|t:|1782436193\n|move|p1a: Zamazenta|Body Press|p2a: Zangoose\n|-supereffective|p2a: Zangoose\n|-damage|p2a: Zangoose|0 fnt\n|faint|p2a: Zangoose\n|\n|upkeep\n|\n|t:|1782436200\n|switch|p2a: Torkoal|Torkoal, M, shiny|100/100\n|-weather|SunnyDay|[from] ability: Drought|[of] p2a: Torkoal\n|turn|10\n|\n|t:|1782436204\n|move|p1a: Zamazenta|Body Press|p2a: Torkoal\n|-damage|p2a: Torkoal|72/100\n|move|p2a: Torkoal|Lava Plume|p1a: Zamazenta\n|-damage|p1a: Zamazenta|59/100\n|\n|-weather|SunnyDay|[upkeep]\n|upkeep\n|turn|11\n|\n|t:|1782436209\n|switch|p1a: Tyranitar|Tyranitar, F|100/100\n|-weather|Sandstorm|[from] ability: Sand Stream|[of] p1a: Tyranitar\n|move|p2a: Torkoal|Lava Plume|p1a: Tyranitar\n|-resisted|p1a: Tyranitar\n|-damage|p1a: Tyranitar|95/100\n|-status|p1a: Tyranitar|brn\n|\n|-weather|Sandstorm|[upkeep]\n|-damage|p2a: Torkoal|66/100|[from] Sandstorm\n|-damage|p1a: Tyranitar|89/100 brn|[from] brn\n|upkeep\n|turn|12\n|\n|t:|1782436214\n|switch|p2a: Great Tusk|Great Tusk, shiny|100/100\n|-enditem|p2a: Great Tusk|Booster Energy\n|-activate|p2a: Great Tusk|ability: Protosynthesis|[fromitem]\n|-start|p2a: Great Tusk|protosynthesisatk\n|move|p1a: Tyranitar|Stealth Rock|p2a: Great Tusk\n|-sidestart|p2: UnexpectdSets|move: Stealth Rock\n|\n|-weather|Sandstorm|[upkeep]\n|-damage|p1a: Tyranitar|83/100 brn|[from] brn\n|upkeep\n|turn|13\n|\n|t:|1782436225\n|switch|p1a: Moltres|Moltres|17/100\n|move|p2a: Great Tusk|Close Combat|p1a: Moltres\n|-resisted|p1a: Moltres\n|-damage|p1a: Moltres|0 fnt\n|-unboost|p2a: Great Tusk|def|1\n|-unboost|p2a: Great Tusk|spd|1\n|-status|p2a: Great Tusk|brn|[from] ability: Flame Body|[of] p1a: Moltres\n|faint|p1a: Moltres\n|\n|-weather|Sandstorm|[upkeep]\n|-damage|p2a: Great Tusk|94/100 brn|[from] brn\n|upkeep\n|\n|t:|1782436233\n|switch|p1a: Hydrapple|Hydrapple, M|68/100\n|turn|14\n|\n|t:|1782436239\n|-end|p2a: Great Tusk|Protosynthesis|[silent]\n|switch|p2a: Torkoal|Torkoal, M, shiny|66/100\n|-damage|p2a: Torkoal|41/100|[from] Stealth Rock\n|-weather|SunnyDay|[from] ability: Drought|[of] p2a: Torkoal\n|move|p1a: Hydrapple|Giga Drain|p2a: Torkoal\n|-resisted|p2a: Torkoal\n|-damage|p2a: Torkoal|18/100\n|-heal|p1a: Hydrapple|77/100|[from] drain|[of] p2a: Torkoal\n|\n|-weather|SunnyDay|[upkeep]\n|upkeep\n|turn|15\n|\n|t:|1782436244\n|move|p1a: Hydrapple|Earth Power|p2a: Torkoal\n|-supereffective|p2a: Torkoal\n|-damage|p2a: Torkoal|0 fnt\n|faint|p2a: Torkoal\n|\n|-weather|SunnyDay|[upkeep]\n|upkeep\n|\n|t:|1782436249\n|switch|p2a: Walking Wake|Walking Wake|84/100\n|-damage|p2a: Walking Wake|71/100|[from] Stealth Rock\n|-activate|p2a: Walking Wake|ability: Protosynthesis\n|-start|p2a: Walking Wake|protosynthesisspe\n|turn|16\n|\n|t:|1782436275\n|switch|p1a: Slowking|Slowking-Galar, F|98/100\n|move|p2a: Walking Wake|Flip Turn|p1a: Slowking\n|-damage|p1a: Slowking|90/100\n|\n|t:|1782436281\n|-end|p2a: Walking Wake|Protosynthesis|[silent]\n|switch|p2a: Great Tusk|Great Tusk, shiny|94/100 brn|[from] Flip Turn\n|-damage|p2a: Great Tusk|91/100 brn|[from] Stealth Rock\n|-activate|p2a: Great Tusk|ability: Protosynthesis\n|-start|p2a: Great Tusk|protosynthesisatk\n|\n|-weather|SunnyDay|[upkeep]\n|-damage|p2a: Great Tusk|85/100 brn|[from] brn\n|upkeep\n|turn|17\n|\n|t:|1782436290\n|switch|p1a: Tyranitar|Tyranitar, F|83/100 brn\n|-weather|Sandstorm|[from] ability: Sand Stream|[of] p1a: Tyranitar\n|-end|p2a: Great Tusk|Protosynthesis\n|move|p2a: Great Tusk|Rapid Spin|p1a: Tyranitar\n|-resisted|p1a: Tyranitar\n|-damage|p1a: Tyranitar|80/100 brn\n|-boost|p2a: Great Tusk|spe|1\n|-sideend|p2: UnexpectdSets|Stealth Rock|[from] move: Rapid Spin|[of] p2a: Great Tusk\n|\n|-weather|Sandstorm|[upkeep]\n|-damage|p2a: Great Tusk|79/100 brn|[from] brn\n|-damage|p1a: Tyranitar|74/100 brn|[from] brn\n|upkeep\n|turn|18\n|\n|t:|1782436296\n|move|p2a: Great Tusk|Close Combat|p1a: Tyranitar\n|-supereffective|p1a: Tyranitar\n|-damage|p1a: Tyranitar|0 fnt\n|-unboost|p2a: Great Tusk|def|1\n|-unboost|p2a: Great Tusk|spd|1\n|faint|p1a: Tyranitar\n|\n|-weather|Sandstorm|[upkeep]\n|-damage|p2a: Great Tusk|73/100 brn|[from] brn\n|upkeep\n|\n|t:|1782436311\n|switch|p1a: Excadrill|Excadrill, F|100/100\n|-item|p1a: Excadrill|Air Balloon\n|turn|19\n|\n|t:|1782436316\n|move|p1a: Excadrill|Earthquake|p2a: Great Tusk\n|-damage|p2a: Great Tusk|11/100 brn\n|move|p2a: Great Tusk|Close Combat|p1a: Excadrill\n|-supereffective|p1a: Excadrill\n|-damage|p1a: Excadrill|12/100\n|-unboost|p2a: Great Tusk|def|1\n|-unboost|p2a: Great Tusk|spd|1\n|-enditem|p1a: Excadrill|Air Balloon\n|\n|-weather|Sandstorm|[upkeep]\n|-damage|p2a: Great Tusk|5/100 brn|[from] brn\n|upkeep\n|turn|20\n|\n|t:|1782436321\n|move|p1a: Excadrill|Rapid Spin|p2a: Great Tusk\n|-damage|p2a: Great Tusk|0 fnt\n|-boost|p1a: Excadrill|spe|1\n|faint|p2a: Great Tusk\n|-end|p2a: Great Tusk|Protosynthesis|[silent]\n|\n|-weather|Sandstorm|[upkeep]\n|upkeep\n|\n|t:|1782436331\n|switch|p2a: Thundurus|Thundurus-Therian, M, shiny|100/100\n|turn|21\n|\n|t:|1782436335\n|switch|p2a: Metagross|Metagross, shiny|35/100\n|move|p1a: Excadrill|Iron Head|p2a: Metagross\n|-resisted|p2a: Metagross\n|-damage|p2a: Metagross|18/100\n|\n|-weather|Sandstorm|[upkeep]\n|upkeep\n|turn|22\n|\n|t:|1782436346\n|move|p2a: Metagross|Bullet Punch|p1a: Excadrill\n|-resisted|p1a: Excadrill\n|-damage|p1a: Excadrill|0 fnt\n|faint|p1a: Excadrill\n|\n|-weather|Sandstorm|[upkeep]\n|upkeep\n|\n|t:|1782436350\n|switch|p1a: Zamazenta|Zamazenta|59/100\n|turn|23\n|\n|t:|1782436357\n|move|p1a: Zamazenta|Body Press|p2a: Metagross\n|-damage|p2a: Metagross|0 fnt\n|faint|p2a: Metagross\n|\n|-weather|Sandstorm|[upkeep]\n|-damage|p1a: Zamazenta|53/100|[from] Sandstorm\n|upkeep\n|\n|t:|1782436360\n|switch|p2a: Thundurus|Thundurus-Therian, M, shiny|100/100\n|turn|24\n|\n|t:|1782436370\n|move|p2a: Thundurus|Grass Knot|p1a: Zamazenta\n|-damage|p1a: Zamazenta|12/100\n|move|p1a: Zamazenta|Body Press|p2a: Thundurus\n|-resisted|p2a: Thundurus\n|-damage|p2a: Thundurus|76/100\n|\n|-weather|none\n|upkeep\n|turn|25\n|\n|t:|1782436377\n|switch|p1a: Slowking|Slowking-Galar, F|100/100\n|move|p2a: Thundurus|Grass Knot|p1a: Slowking\n|-resisted|p1a: Slowking\n|-damage|p1a: Slowking|93/100\n|\n|upkeep\n|turn|26\n|\n|t:|1782436385\n|switch|p2a: Walking Wake|Walking Wake|71/100\n|move|p1a: Slowking|Ice Beam|p2a: Walking Wake\n|-damage|p2a: Walking Wake|40/100\n|-status|p2a: Walking Wake|frz\n|\n|upkeep\n|turn|27\n|\n|t:|1782436388\n|-curestatus|p2a: Walking Wake|frz|[msg]\n|move|p2a: Walking Wake|Flamethrower|p1a: Slowking\n|-damage|p1a: Slowking|79/100\n|move|p1a: Slowking|Psyshock|p2a: Walking Wake\n|-damage|p2a: Walking Wake|1/100\n|\n|upkeep\n|turn|28\n|\n|t:|1782436397\n|move|p2a: Walking Wake|Draco Meteor|p1a: Slowking|[miss]\n|-miss|p2a: Walking Wake|p1a: Slowking\n|move|p1a: Slowking|Psyshock|p2a: Walking Wake\n|-damage|p2a: Walking Wake|0 fnt\n|faint|p2a: Walking Wake\n|-end|p2a: Walking Wake|Protosynthesis|[silent]\n|\n|upkeep\n|\n|t:|1782436400\n|switch|p2a: Thundurus|Thundurus-Therian, M, shiny|76/100\n|turn|29\n|\n|t:|1782436406\n|switch|p1a: Zamazenta|Zamazenta|12/100\n|-terastallize|p2a: Thundurus|Dark\n|move|p2a: Thundurus|Dark Pulse|p1a: Zamazenta\n|-resisted|p1a: Zamazenta\n|-damage|p1a: Zamazenta|0 fnt\n|faint|p1a: Zamazenta\n|\n|upkeep\n|\n|t:|1782436409\n|switch|p1a: Hydrapple|Hydrapple, M|100/100\n|turn|30\n|\n|t:|1782436412\n|move|p2a: Thundurus|Dark Pulse|p1a: Hydrapple\n|-damage|p1a: Hydrapple|49/100\n|move|p1a: Hydrapple|Fickle Beam|p2a: Thundurus\n|-damage|p2a: Thundurus|26/100\n|\n|upkeep\n|turn|31\n|\n|t:|1782436416\n|move|p2a: Thundurus|Dark Pulse|p1a: Hydrapple\n|-crit|p1a: Hydrapple\n|-damage|p1a: Hydrapple|0 fnt\n|faint|p1a: Hydrapple\n|\n|upkeep\n|\n|t:|1782436418\n|switch|p1a: Slowking|Slowking-Galar, F|100/100\n|turn|32\n|\n|t:|1782436421\n|-terastallize|p1a: Slowking|Water\n|move|p2a: Thundurus|Dark Pulse|p1a: Slowking\n|-damage|p1a: Slowking|76/100\n|move|p1a: Slowking|Sludge Bomb|p2a: Thundurus\n|-damage|p2a: Thundurus|0 fnt\n|faint|p2a: Thundurus\n|\n|win|Cancunjose\n|raw|Cancunjose's rating: 1333 &rarr; <strong>1352</strong><br />(+19 for winning)\n|raw|UnexpectdSets's rating: 1311 &rarr; <strong>1292</strong><br />(-19 for losing)\n|l|☆UnexpectdSets\n|player|p2|\n|l|☆Cancunjose\n|player|p1|\n", "uploadtime": 1782436770, "views": 5, "formatid": "gen9ou", "rating": 1292, "private": 0, "password": null}