{"id": "gen9ou-2540678087", "format": "[Gen 9] OU", "players": ["bh.babiri", "Superhjkdetective"], "log": "|j|☆bh.babiri\n|j|☆Superhjkdetective\n|t:|1771238819\n|gametype|singles\n|player|p1|bh.babiri|pokemonbreederf-gen4|1697\n|player|p2|Superhjkdetective|169|1631\n|gen|9\n|tier|[Gen 9] OU\n|rated|\n|rule|HP Percentage Mod: HP is shown in percentages\n|rule|Endless Battle Clause: Forcing endless battles is banned\n|rule|Species Clause: Limit one of each Pokémon\n|rule|OHKO Clause: OHKO moves are banned\n|rule|Evasion Items Clause: Evasion items are banned\n|rule|Evasion Moves Clause: Evasion moves are banned\n|rule|Evasion Abilities Clause: Evasion abilities are banned\n|rule|Sleep Moves Clause: Sleep-inducing moves are banned\n|clearpoke\n|poke|p1|Iron Treads|\n|poke|p1|Darkrai|\n|poke|p1|Araquanid, M|\n|poke|p1|Enamorus, F|\n|poke|p1|Gholdengo|\n|poke|p1|Ceruledge, M|\n|poke|p2|Iron Valiant|\n|poke|p2|Ting-Lu|\n|poke|p2|Dragonite, M|\n|poke|p2|Great Tusk|\n|poke|p2|Scizor, M|\n|poke|p2|Pecharunt|\n|teampreview\n|inactive|Battle timer is ON: inactive players will automatically lose when time's up. (requested by bh.babiri)\n|j| heatraniac\n|l|☆Superhjkdetective\n|inactive|Superhjkdetective disconnected and has a minute to reconnect!\n|player|p2|\n|j|☆Superhjkdetective\n|inactive|Superhjkdetective reconnected and has 130 seconds left.\n|player|p2|Superhjkdetective|169|\n|l|☆bh.babiri\n|inactive|bh.babiri disconnected and has a minute to reconnect!\n|player|p1|\n|inactive|Superhjkdetective has 120 seconds left.\n|inactive|bh.babiri has 30 seconds to reconnect!\n|j|☆bh.babiri\n|inactive|bh.babiri reconnected and has 95 seconds left.\n|player|p1|bh.babiri|pokemonbreederf-gen4|\n|inactive|bh.babiri has 90 seconds left.\n|inactive|Superhjkdetective has 90 seconds left.\n|\n|t:|1771238884\n|teamsize|p1|6\n|teamsize|p2|6\n|start\n|switch|p1a: Ceruledge|Ceruledge, M|100/100\n|switch|p2a: Iron Valiant|Iron Valiant|100/100\n|turn|1\n|\n|t:|1771238890\n|move|p2a: Iron Valiant|Shadow Ball|p1a: Ceruledge\n|-supereffective|p1a: Ceruledge\n|-damage|p1a: Ceruledge|2/100\n|move|p1a: Ceruledge|Poltergeist|p2a: Iron Valiant\n|-activate|p2a: Iron Valiant|move: Poltergeist|Choice Specs\n|-damage|p2a: Iron Valiant|26/100\n|\n|upkeep\n|turn|2\n|\n|t:|1771238899\n|-end|p2a: Iron Valiant|Quark Drive|[silent]\n|switch|p2a: Great Tusk|Great Tusk|100/100\n|move|p1a: Ceruledge|Shadow Sneak|p2a: Great Tusk\n|-damage|p2a: Great Tusk|86/100\n|\n|upkeep\n|turn|3\n|j| damisend\n|l| damisend\n|\n|t:|1771238905\n|switch|p1a: Araquanid|Araquanid, M|100/100\n|move|p2a: Great Tusk|Headlong Rush|p1a: Araquanid\n|-resisted|p1a: Araquanid\n|-damage|p1a: Araquanid|65/100\n|-unboost|p2a: Great Tusk|def|1\n|-unboost|p2a: Great Tusk|spd|1\n|-enditem|p1a: Araquanid|Red Card|[of] p2a: Great Tusk\n|-end|p2a: Great Tusk|Protosynthesis|[silent]\n|drag|p2a: Scizor|Scizor, M|100/100\n|\n|upkeep\n|turn|4\n|\n|t:|1771238912\n|move|p2a: Scizor|Knock Off|p1a: Araquanid\n|-damage|p1a: Araquanid|38/100\n|move|p1a: Araquanid|Sticky Web|p2a: Scizor\n|-sidestart|p2: Superhjkdetective|move: Sticky Web\n|\n|upkeep\n|turn|5\n|\n|t:|1771238915\n|move|p2a: Scizor|Defog|p1a: Araquanid\n|-unboost|p1a: Araquanid|evasion|1\n|-sideend|p2: Superhjkdetective|Sticky Web|[from] move: Defog|[of] p2a: Scizor\n|move|p1a: Araquanid|Liquidation|p2a: Scizor\n|-damage|p2a: Scizor|36/100\n|\n|-heal|p2a: Scizor|42/100|[from] item: Leftovers\n|upkeep\n|turn|6\n|\n|t:|1771238919\n|move|p2a: Scizor|U-turn|p1a: Araquanid\n|-damage|p1a: Araquanid|0 fnt\n|faint|p1a: Araquanid\n|\n|t:|1771238937\n|switch|p2a: Ting-Lu|Ting-Lu|100/100|[from] U-turn\n|-ability|p2a: Ting-Lu|Vessel of Ruin\n|\n|upkeep\n|\n|t:|1771238956\n|switch|p1a: Enamorus|Enamorus, F|100/100\n|turn|7\n|\n|t:|1771238965\n|move|p1a: Enamorus|Moonblast|p2a: Ting-Lu\n|-supereffective|p2a: Ting-Lu\n|-damage|p2a: Ting-Lu|21/100\n|-unboost|p2a: Ting-Lu|spa|1\n|move|p2a: Ting-Lu|Stealth Rock|p1a: Enamorus\n|-sidestart|p1: bh.babiri|move: Stealth Rock\n|\n|-heal|p2a: Ting-Lu|27/100|[from] item: Leftovers\n|upkeep\n|turn|8\n|\n|t:|1771238977\n|switch|p2a: Pecharunt|Pecharunt|100/100\n|move|p1a: Enamorus|Moonblast|p2a: Pecharunt\n|-resisted|p2a: Pecharunt\n|-damage|p2a: Pecharunt|61/100\n|-unboost|p2a: Pecharunt|spa|1\n|\n|upkeep\n|turn|9\n|\n|t:|1771238983\n|switch|p1a: Iron Treads|Iron Treads|100/100\n|move|p2a: Pecharunt|Malignant Chain|p1a: Iron Treads\n|-immune|p1a: Iron Treads\n|\n|upkeep\n|turn|10\n|\n|t:|1771238991\n|move|p1a: Iron Treads|Earthquake|p2a: Pecharunt\n|-supereffective|p2a: Pecharunt\n|-damage|p2a: Pecharunt|15/100\n|move|p2a: Pecharunt|Parting Shot|p1a: Iron Treads\n|-unboost|p1a: Iron Treads|atk|1\n|-unboost|p1a: Iron Treads|spa|1\n|\n|t:|1771238999\n|switch|p2a: Great Tusk|Great Tusk|86/100|[from] Parting Shot\n|\n|upkeep\n|turn|11\n|\n|t:|1771239010\n|-end|p1a: Iron Treads|Quark Drive|[silent]\n|switch|p1a: Ceruledge|Ceruledge, M|2/100\n|-damage|p1a: Ceruledge|0 fnt|[from] Stealth Rock\n|faint|p1a: Ceruledge\n|move|p2a: Great Tusk|Close Combat|p1: Ceruledge|[notarget]\n|-fail|p2a: Great Tusk\n|\n|upkeep\n|\n|t:|1771239019\n|switch|p1a: Darkrai|Darkrai|100/100\n|-damage|p1a: Darkrai|88/100|[from] Stealth Rock\n|turn|12\n|\n|t:|1771239021\n|move|p2a: Great Tusk|Close Combat|p1a: Darkrai\n|-supereffective|p1a: Darkrai\n|-damage|p1a: Darkrai|0 fnt\n|-unboost|p2a: Great Tusk|def|1\n|-unboost|p2a: Great Tusk|spd|1\n|faint|p1a: Darkrai\n|\n|upkeep\n|\n|t:|1771239026\n|switch|p1a: Enamorus|Enamorus, F|100/100\n|-damage|p1a: Enamorus|76/100|[from] Stealth Rock\n|turn|13\n|\n|t:|1771239045\n|-end|p2a: Great Tusk|Protosynthesis|[silent]\n|switch|p2a: Ting-Lu|Ting-Lu|27/100\n|-ability|p2a: Ting-Lu|Vessel of Ruin\n|move|p1a: Enamorus|Moonblast|p2a: Ting-Lu\n|-supereffective|p2a: Ting-Lu\n|-damage|p2a: Ting-Lu|0 fnt\n|faint|p2a: Ting-Lu\n|\n|upkeep\n|\n|t:|1771239046\n|switch|p2a: Scizor|Scizor, M|42/100\n|turn|14\n|\n|t:|1771239075\n|switch|p1a: Iron Treads|Iron Treads|100/100\n|move|p2a: Scizor|Bullet Punch|p1a: Iron Treads\n|-resisted|p1a: Iron Treads\n|-damage|p1a: Iron Treads|86/100\n|\n|-heal|p2a: Scizor|48/100|[from] item: Leftovers\n|upkeep\n|turn|15\n|\n|t:|1771239093\n|move|p1a: Iron Treads|Earthquake|p2a: Scizor\n|-damage|p2a: Scizor|0 fnt\n|faint|p2a: Scizor\n|\n|upkeep\n|\n|t:|1771239103\n|switch|p2a: Great Tusk|Great Tusk|86/100\n|turn|16\n|\n|t:|1771239115\n|-terastallize|p1a: Iron Treads|Water\n|move|p2a: Great Tusk|Headlong Rush|p1a: Iron Treads\n|-damage|p1a: Iron Treads|24/100\n|-unboost|p2a: Great Tusk|def|1\n|-unboost|p2a: Great Tusk|spd|1\n|move|p1a: Iron Treads|Rapid Spin|p2a: Great Tusk\n|-damage|p2a: Great Tusk|65/100\n|-boost|p1a: Iron Treads|spe|1\n|-sideend|p1: bh.babiri|Stealth Rock|[from] move: Rapid Spin|[of] p1a: Iron Treads\n|\n|upkeep\n|turn|17\n|\n|t:|1771239121\n|-end|p1a: Iron Treads|Quark Drive|[silent]\n|switch|p1a: Enamorus|Enamorus, F|76/100\n|-end|p2a: Great Tusk|Protosynthesis|[silent]\n|switch|p2a: Pecharunt|Pecharunt|15/100\n|\n|upkeep\n|turn|18\n|\n|t:|1771239129\n|move|p1a: Enamorus|Moonblast|p2a: Pecharunt\n|-resisted|p2a: Pecharunt\n|-damage|p2a: Pecharunt|0 fnt\n|faint|p2a: Pecharunt\n|\n|upkeep\n|\n|t:|1771239130\n|switch|p2a: Iron Valiant|Iron Valiant|26/100\n|turn|19\n|\n|t:|1771239136\n|switch|p1a: Iron Treads|Iron Treads, tera:Water|24/100\n|move|p2a: Iron Valiant|Thunderbolt|p1a: Iron Treads\n|-supereffective|p1a: Iron Treads\n|-damage|p1a: Iron Treads|0 fnt\n|faint|p1a: Iron Treads\n|-end|p1a: Iron Treads|Quark Drive|[silent]\n|\n|upkeep\n|\n|t:|1771239141\n|switch|p1a: Gholdengo|Gholdengo|100/100\n|-item|p1a: Gholdengo|Air Balloon\n|turn|20\n|\n|t:|1771239149\n|move|p2a: Iron Valiant|Thunderbolt|p1a: Gholdengo\n|-damage|p1a: Gholdengo|57/100\n|-enditem|p1a: Gholdengo|Air Balloon\n|move|p1a: Gholdengo|Make It Rain|p2a: Iron Valiant\n|-supereffective|p2a: Iron Valiant\n|-damage|p2a: Iron Valiant|0 fnt\n|-unboost|p1a: Gholdengo|spa|1\n|faint|p2a: Iron Valiant\n|-end|p2a: Iron Valiant|Quark Drive|[silent]\n|\n|upkeep\n|\n|t:|1771239152\n|switch|p2a: Dragonite|Dragonite, M|100/100\n|turn|21\n|\n|t:|1771239153\n|move|p2a: Dragonite|Dragon Dance|p2a: Dragonite\n|-boost|p2a: Dragonite|atk|1\n|-boost|p2a: Dragonite|spe|1\n|move|p1a: Gholdengo|Thunder Wave|p2a: Dragonite\n|-status|p2a: Dragonite|par\n|\n|upkeep\n|turn|22\n|\n|t:|1771239158\n|switch|p1a: Enamorus|Enamorus, F|76/100\n|cant|p2a: Dragonite|par\n|\n|upkeep\n|turn|23\n|\n|t:|1771239161\n|cant|p2a: Dragonite|par\n|move|p1a: Enamorus|Moonblast|p2a: Dragonite\n|-supereffective|p2a: Dragonite\n|-damage|p2a: Dragonite|7/100 par\n|-unboost|p2a: Dragonite|spa|1\n|\n|upkeep\n|turn|24\n|\n|t:|1771239164\n|switch|p1a: Gholdengo|Gholdengo|57/100\n|cant|p2a: Dragonite|par\n|\n|upkeep\n|turn|25\n|\n|t:|1771239167\n|move|p1a: Gholdengo|Shadow Ball|p2a: Dragonite\n|-damage|p2a: Dragonite|0 fnt\n|faint|p2a: Dragonite\n|\n|upkeep\n|\n|t:|1771239170\n|switch|p2a: Great Tusk|Great Tusk|65/100\n|turn|26\n|\n|t:|1771239174\n|move|p2a: Great Tusk|Headlong Rush|p1a: Gholdengo\n|-supereffective|p1a: Gholdengo\n|-damage|p1a: Gholdengo|0 fnt\n|-unboost|p2a: Great Tusk|def|1\n|-unboost|p2a: Great Tusk|spd|1\n|faint|p1a: Gholdengo\n|\n|upkeep\n|\n|t:|1771239176\n|switch|p1a: Enamorus|Enamorus, F|76/100\n|turn|27\n|-message|Superhjkdetective forfeited.\n|\n|win|bh.babiri\n|raw|bh.babiri's rating: 1697 &rarr; <strong>1713</strong><br />(+16 for winning)\n|raw|Superhjkdetective's rating: 1631 &rarr; <strong>1615</strong><br />(-16 for losing)\n|l|☆bh.babiri\n|player|p1|\n|l| heatraniac\n|l|☆Superhjkdetective\n|player|p2|\n", "uploadtime": 1771239355, "views": 9, "formatid": "gen9ou", "rating": 1615, "private": 0, "password": null}