{"id": "gen9ou-2540434968", "format": "[Gen 9] OU", "players": ["ihateclodsire", "Pablofromportluis"], "log": "|j|☆ihateclodsire\n|j|☆Pablofromportluis\n|t:|1771201646\n|gametype|singles\n|player|p1|ihateclodsire|riley|1629\n|player|p2|Pablofromportluis|blackbelt-gen4dp|1567\n|gen|9\n|tier|[Gen 9] OU\n|rated|\n|rule|HP Percentage Mod: HP is shown in percentages\n|rule|Endless Battle Clause: Forcing endless battles is banned\n|rule|Species Clause: Limit one of each Pokémon\n|rule|OHKO Clause: OHKO moves are banned\n|rule|Evasion Items Clause: Evasion items are banned\n|rule|Evasion Moves Clause: Evasion moves are banned\n|rule|Evasion Abilities Clause: Evasion abilities are banned\n|rule|Sleep Moves Clause: Sleep-inducing moves are banned\n|clearpoke\n|poke|p1|Pelipper, F|\n|poke|p1|Hatterene, F|\n|poke|p1|Iron Treads|\n|poke|p1|Toxicroak, M|\n|poke|p1|Floatzel, F|\n|poke|p1|Zapdos|\n|poke|p2|Mamoswine, M|\n|poke|p2|Zapdos|\n|poke|p2|Slowking-Galar, M|\n|poke|p2|Zamazenta-*|\n|poke|p2|Ting-Lu|\n|poke|p2|Corviknight, F|\n|teampreview\n|inactive|Battle timer is ON: inactive players will automatically lose when time's up. (requested by ihateclodsire)\n|\n|t:|1771201654\n|teamsize|p1|6\n|teamsize|p2|6\n|start\n|switch|p1a: Pelipper|Pelipper, F|100/100\n|switch|p2a: Zapdos|Zapdos|100/100\n|-weather|RainDance|[from] ability: Drizzle|[of] p1a: Pelipper\n|turn|1\n|\n|t:|1771201671\n|switch|p2a: Ting-Lu|Ting-Lu|100/100\n|-ability|p2a: Ting-Lu|Vessel of Ruin\n|switch|p1a: Iron Treads|Iron Treads|100/100\n|\n|-weather|RainDance|[upkeep]\n|upkeep\n|turn|2\n|\n|t:|1771201684\n|move|p1a: Iron Treads|Stealth Rock|p2a: Ting-Lu\n|-sidestart|p2: Pablofromportluis|move: Stealth Rock\n|move|p2a: Ting-Lu|Earthquake|p1a: Iron Treads\n|-supereffective|p1a: Iron Treads\n|-damage|p1a: Iron Treads|42/100\n|\n|-weather|RainDance|[upkeep]\n|-heal|p1a: Iron Treads|48/100|[from] item: Leftovers\n|upkeep\n|turn|3\n|\n|t:|1771201687\n|-end|p1a: Iron Treads|Quark Drive|[silent]\n|switch|p1a: GOATzel|Floatzel, F, shiny|100/100\n|move|p2a: Ting-Lu|Stealth Rock|p1a: GOATzel\n|-sidestart|p1: ihateclodsire|move: Stealth Rock\n|\n|-weather|RainDance|[upkeep]\n|upkeep\n|turn|4\n|\n|t:|1771201699\n|switch|p2a: Corviknight|Corviknight, F|100/100\n|-damage|p2a: Corviknight|88/100|[from] Stealth Rock\n|-ability|p2a: Corviknight|Pressure\n|move|p1a: GOATzel|Wave Crash|p2a: Corviknight\n|-damage|p2a: Corviknight|7/100\n|-damage|p1a: GOATzel|84/100|[from] item: Rocky Helmet|[of] p2a: Corviknight\n|-damage|p1a: GOATzel|50/100|[from] Recoil\n|\n|-weather|RainDance|[upkeep]\n|upkeep\n|turn|5\n|\n|t:|1771201709\n|move|p1a: GOATzel|Wave Crash|p2a: Corviknight\n|-damage|p2a: Corviknight|0 fnt\n|-damage|p1a: GOATzel|33/100|[from] item: Rocky Helmet|[of] p2a: Corviknight\n|faint|p2a: Corviknight\n|-damage|p1a: GOATzel|31/100|[from] Recoil\n|\n|-weather|RainDance|[upkeep]\n|upkeep\n|\n|t:|1771201716\n|switch|p2a: Mamoswine|Mamoswine, M|100/100\n|-damage|p2a: Mamoswine|88/100|[from] Stealth Rock\n|turn|6\n|\n|t:|1771201720\n|-terastallize|p2a: Mamoswine|Ice\n|move|p2a: Mamoswine|Ice Shard|p1a: GOATzel\n|-resisted|p1a: GOATzel\n|-damage|p1a: GOATzel|0 fnt\n|faint|p1a: GOATzel\n|\n|-weather|RainDance|[upkeep]\n|upkeep\n|\n|t:|1771201729\n|switch|p1a: Need a Frog!?|Toxicroak, M|100/100\n|-damage|p1a: Need a Frog!?|94/100|[from] Stealth Rock\n|turn|7\n|\n|t:|1771201733\n|switch|p2a: Slowking|Slowking-Galar, M|100/100\n|move|p1a: Need a Frog!?|Toxic|p2a: Slowking\n|-immune|p2a: Slowking\n|\n|-weather|RainDance|[upkeep]\n|-heal|p1a: Need a Frog!?|100/100|[from] ability: Dry Skin\n|upkeep\n|turn|8\n|\n|t:|1771201741\n|move|p1a: Need a Frog!?|Knock Off|p2a: Slowking\n|-supereffective|p2a: Slowking\n|-damage|p2a: Slowking|53/100\n|-enditem|p2a: Slowking|Heavy-Duty Boots|[from] move: Knock Off|[of] p1a: Need a Frog!?\n|move|p2a: Slowking|Psychic Noise|p1a: Need a Frog!?\n|-supereffective|p1a: Need a Frog!?\n|-damage|p1a: Need a Frog!?|0 fnt\n|faint|p1a: Need a Frog!?\n|\n|-weather|none\n|upkeep\n|\n|t:|1771201746\n|switch|p1a: Pelipper|Pelipper, F|100/100\n|-damage|p1a: Pelipper|76/100|[from] Stealth Rock\n|-weather|RainDance|[from] ability: Drizzle|[of] p1a: Pelipper\n|turn|9\n|\n|t:|1771201753\n|switch|p1a: Iron Treads|Iron Treads|48/100\n|-damage|p1a: Iron Treads|45/100|[from] Stealth Rock\n|-prepare|p2a: Slowking|Chilly Reception|[premajor]\n|move|p2a: Slowking|Chilly Reception|p2a: Slowking\n|-weather|Snowscape\n|\n|t:|1771201761\n|switch|p2a: Zamazenta|Zamazenta|100/100|[from] Chilly Reception\n|-damage|p2a: Zamazenta|94/100|[from] Stealth Rock\n|-ability|p2a: Zamazenta|Dauntless Shield|boost\n|-boost|p2a: Zamazenta|def|1\n|\n|-weather|Snowscape|[upkeep]\n|-heal|p2a: Zamazenta|100/100|[from] item: Leftovers\n|-heal|p1a: Iron Treads|51/100|[from] item: Leftovers\n|upkeep\n|turn|10\n|\n|t:|1771201764\n|move|p2a: Zamazenta|Body Press|p1a: Iron Treads\n|-supereffective|p1a: Iron Treads\n|-damage|p1a: Iron Treads|0 fnt\n|faint|p1a: Iron Treads\n|-end|p1a: Iron Treads|Quark Drive|[silent]\n|\n|-weather|Snowscape|[upkeep]\n|upkeep\n|\n|t:|1771201767\n|switch|p1a: Pelipper|Pelipper, F|76/100\n|-damage|p1a: Pelipper|51/100|[from] Stealth Rock\n|-weather|RainDance|[from] ability: Drizzle|[of] p1a: Pelipper\n|turn|11\n|\n|t:|1771201773\n|move|p1a: Pelipper|U-turn|p2a: Zamazenta\n|-resisted|p2a: Zamazenta\n|-damage|p2a: Zamazenta|98/100\n|\n|t:|1771201774\n|switch|p1a: Zapdos|Zapdos|100/100|[from] U-turn\n|-damage|p1a: Zapdos|76/100|[from] Stealth Rock\n|move|p2a: Zamazenta|Roar|p1a: Zapdos\n|drag|p1a: Pelipper|Pelipper, F|51/100\n|-damage|p1a: Pelipper|26/100|[from] Stealth Rock\n|\n|-weather|RainDance|[upkeep]\n|-heal|p2a: Zamazenta|100/100|[from] item: Leftovers\n|upkeep\n|turn|12\n|\n|t:|1771201784\n|switch|p1a: Glampoline|Hatterene, F|100/100\n|-damage|p1a: Glampoline|88/100|[from] Stealth Rock\n|move|p2a: Zamazenta|Body Press|p1a: Glampoline\n|-resisted|p1a: Glampoline\n|-damage|p1a: Glampoline|77/100\n|-enditem|p1a: Glampoline|Eject Button\n|\n|t:|1771201788\n|switch|p1a: Zapdos|Zapdos|76/100\n|-damage|p1a: Zapdos|51/100|[from] Stealth Rock\n|\n|-weather|RainDance|[upkeep]\n|upkeep\n|turn|13\n|-message|ihateclodsire forfeited.\n|\n|win|Pablofromportluis\n|raw|ihateclodsire's rating: 1629 &rarr; <strong>1605</strong><br />(-24 for losing)\n|raw|Pablofromportluis's rating: 1567 &rarr; <strong>1591</strong><br />(+24 for winning)\n|l|☆ihateclodsire\n|player|p1|\n|l|☆Pablofromportluis\n|player|p2|\n", "uploadtime": 1771202043, "views": 12, "formatid": "gen9ou", "rating": 1591, "private": 0, "password": null}