{"id": "gen9ou-2540693014", "format": "[Gen 9] OU", "players": ["bh.babiri", "Playboydj101"], "log": "|j|☆bh.babiri\n|j|☆Playboydj101\n|t:|1771241278\n|gametype|singles\n|player|p1|bh.babiri|pokemonbreederf-gen4|1618\n|player|p2|Playboydj101|102|1625\n|gen|9\n|tier|[Gen 9] OU\n|rated|\n|rule|HP Percentage Mod: HP is shown in percentages\n|rule|Endless Battle Clause: Forcing endless battles is banned\n|rule|Species Clause: Limit one of each Pokémon\n|rule|OHKO Clause: OHKO moves are banned\n|rule|Evasion Items Clause: Evasion items are banned\n|rule|Evasion Moves Clause: Evasion moves are banned\n|rule|Evasion Abilities Clause: Evasion abilities are banned\n|rule|Sleep Moves Clause: Sleep-inducing moves are banned\n|clearpoke\n|poke|p1|Araquanid, F|\n|poke|p1|Enamorus, F|\n|poke|p1|Iron Treads|\n|poke|p1|Darkrai|\n|poke|p1|Dragapult, M|\n|poke|p1|Ceruledge, F|\n|poke|p2|Glimmora, F|\n|poke|p2|Blastoise, M|\n|poke|p2|Dragonite, M|\n|poke|p2|Ceruledge, F|\n|poke|p2|Dragapult, F|\n|poke|p2|Kingambit, M|\n|teampreview\n|inactive|Battle timer is ON: inactive players will automatically lose when time's up. (requested by bh.babiri)\n|\n|t:|1771241292\n|teamsize|p1|6\n|teamsize|p2|6\n|start\n|switch|p1a: Dragapult|Dragapult, M|100/100\n|switch|p2a: Glimmora|Glimmora, F|100/100\n|turn|1\n|\n|t:|1771241299\n|move|p1a: Dragapult|U-turn|p2a: Glimmora\n|-resisted|p2a: Glimmora\n|-damage|p2a: Glimmora|76/100\n|-activate|p2a: Glimmora|ability: Toxic Debris\n|-sidestart|p1: bh.babiri|move: Toxic Spikes\n|\n|t:|1771241301\n|switch|p1a: Iron Treads|Iron Treads|100/100|[from] U-turn\n|move|p2a: Glimmora|Stealth Rock|p1a: Iron Treads\n|-sidestart|p1: bh.babiri|move: Stealth Rock\n|\n|upkeep\n|turn|2\n|\n|t:|1771241316\n|-end|p1a: Iron Treads|Quark Drive|[silent]\n|switch|p1a: Enamorus|Enamorus, F|100/100\n|-damage|p1a: Enamorus|76/100|[from] Stealth Rock\n|switch|p2a: Ceruledge|Ceruledge, F|100/100\n|\n|upkeep\n|turn|3\n|\n|t:|1771241326\n|move|p1a: Enamorus|Earth Power|p2a: Ceruledge\n|-supereffective|p2a: Ceruledge\n|-enditem|p2a: Ceruledge|Focus Sash\n|-damage|p2a: Ceruledge|1/100\n|move|p2a: Ceruledge|Poltergeist|p1a: Enamorus\n|-activate|p1a: Enamorus|move: Poltergeist|Choice Specs\n|-damage|p1a: Enamorus|0 fnt\n|faint|p1a: Enamorus\n|\n|upkeep\n|\n|t:|1771241331\n|switch|p1a: Iron Treads|Iron Treads|100/100\n|turn|4\n|\n|t:|1771241336\n|move|p2a: Ceruledge|Shadow Sneak|p1a: Iron Treads\n|-damage|p1a: Iron Treads|81/100\n|move|p1a: Iron Treads|Earthquake|p2a: Ceruledge\n|-supereffective|p2a: Ceruledge\n|-damage|p2a: Ceruledge|0 fnt\n|faint|p2a: Ceruledge\n|\n|upkeep\n|\n|t:|1771241339\n|switch|p2a: Dragapult|Dragapult, F|100/100\n|turn|5\n|\n|t:|1771241349\n|-end|p1a: Iron Treads|Quark Drive|[silent]\n|switch|p1a: Araquanid|Araquanid, F, shiny|100/100\n|-status|p1a: Araquanid|psn\n|-damage|p1a: Araquanid|76/100 psn|[from] Stealth Rock\n|move|p2a: Dragapult|Phantom Force||[still]\n|-prepare|p2a: Dragapult|Phantom Force\n|\n|-damage|p1a: Araquanid|63/100 psn|[from] psn\n|upkeep\n|turn|6\n|\n|t:|1771241356\n|move|p2a: Dragapult|Phantom Force|p1a: Araquanid|[from] lockedmove\n|-damage|p1a: Araquanid|13/100 psn\n|-enditem|p1a: Araquanid|Red Card|[of] p2a: Dragapult\n|drag|p2a: Dragonite|Dragonite, M|100/100\n|move|p1a: Araquanid|Liquidation|p2a: Dragonite\n|-resisted|p2a: Dragonite\n|-damage|p2a: Dragonite|83/100\n|-unboost|p2a: Dragonite|def|1\n|\n|-damage|p1a: Araquanid|0 fnt|[from] psn\n|faint|p1a: Araquanid\n|upkeep\n|\n|t:|1771241362\n|switch|p1a: Iron Treads|Iron Treads|81/100\n|turn|7\n|\n|t:|1771241369\n|move|p1a: Iron Treads|Ice Spinner|p2a: Dragonite\n|-supereffective|p2a: Dragonite\n|-damage|p2a: Dragonite|0 fnt\n|faint|p2a: Dragonite\n|\n|upkeep\n|\n|t:|1771241374\n|switch|p2a: Blastoise|Blastoise, M|100/100\n|turn|8\n|\n|t:|1771241381\n|move|p1a: Iron Treads|Rapid Spin|p2a: Blastoise\n|-damage|p2a: Blastoise|81/100\n|-boost|p1a: Iron Treads|spe|1\n|-sideend|p1: bh.babiri|Toxic Spikes|[from] move: Rapid Spin|[of] p1a: Iron Treads\n|-sideend|p1: bh.babiri|Stealth Rock|[from] move: Rapid Spin|[of] p1a: Iron Treads\n|move|p2a: Blastoise|Shell Smash|p2a: Blastoise\n|-unboost|p2a: Blastoise|def|1\n|-unboost|p2a: Blastoise|spd|1\n|-boost|p2a: Blastoise|atk|2\n|-boost|p2a: Blastoise|spa|2\n|-boost|p2a: Blastoise|spe|2\n|\n|upkeep\n|turn|9\n|\n|t:|1771241386\n|-terastallize|p1a: Iron Treads|Water\n|move|p1a: Iron Treads|Rapid Spin|p2a: Blastoise\n|-damage|p2a: Blastoise|56/100\n|-boost|p1a: Iron Treads|spe|1\n|move|p2a: Blastoise|Surf|p1a: Iron Treads\n|-resisted|p1a: Iron Treads\n|-damage|p1a: Iron Treads|29/100\n|\n|upkeep\n|turn|10\n|\n|t:|1771241390\n|move|p1a: Iron Treads|Earthquake|p2a: Blastoise\n|-damage|p2a: Blastoise|0 fnt\n|faint|p2a: Blastoise\n|\n|upkeep\n|\n|t:|1771241398\n|switch|p2a: Dragapult|Dragapult, F|100/100\n|turn|11\n|\n|t:|1771241405\n|move|p1a: Iron Treads|Ice Spinner|p2a: Dragapult\n|-supereffective|p2a: Dragapult\n|-damage|p2a: Dragapult|27/100\n|move|p2a: Dragapult|Dragon Darts|p1a: Iron Treads\n|-damage|p1a: Iron Treads|4/100\n|-anim|p2a: Dragapult|Dragon Darts|p1a: Iron Treads\n|-damage|p1a: Iron Treads|0 fnt\n|faint|p1a: Iron Treads\n|-end|p1a: Iron Treads|Quark Drive|[silent]\n|\n|-heal|p2a: Dragapult|33/100|[from] item: Leftovers\n|upkeep\n|\n|t:|1771241412\n|switch|p1a: Ceruledge|Ceruledge, F|100/100\n|turn|12\n|\n|t:|1771241419\n|switch|p2a: Glimmora|Glimmora, F|76/100\n|move|p1a: Ceruledge|Bitter Blade|p2a: Glimmora\n|-resisted|p2a: Glimmora\n|-damage|p2a: Glimmora|33/100\n|-activate|p2a: Glimmora|ability: Toxic Debris\n|-sidestart|p1: bh.babiri|move: Toxic Spikes\n|\n|upkeep\n|turn|13\n|\n|t:|1771241429\n|move|p2a: Glimmora|Mortal Spin|p1a: Ceruledge\n|-resisted|p1a: Ceruledge\n|-damage|p1a: Ceruledge|95/100\n|-status|p1a: Ceruledge|psn\n|-ability|p1a: Ceruledge|Weak Armor|boost\n|-unboost|p1a: Ceruledge|def|1\n|-boost|p1a: Ceruledge|spe|2\n|move|p1a: Ceruledge|Bitter Blade|p2a: Glimmora\n|-resisted|p2a: Glimmora\n|-damage|p2a: Glimmora|0 fnt\n|-heal|p1a: Ceruledge|100/100 psn|[from] drain|[of] p2a: Glimmora\n|-activate|p2a: Glimmora|ability: Toxic Debris\n|-sidestart|p1: bh.babiri|move: Toxic Spikes\n|faint|p2a: Glimmora\n|\n|-damage|p1a: Ceruledge|88/100 psn|[from] psn\n|upkeep\n|\n|t:|1771241442\n|switch|p2a: Kingambit|Kingambit, M|100/100\n|-activate|p2a: Kingambit|ability: Supreme Overlord\n|-start|p2a: Kingambit|fallen4|[silent]\n|turn|14\n|\n|t:|1771241463\n|switch|p1a: Darkrai|Darkrai|100/100\n|-status|p1a: Darkrai|tox\n|-terastallize|p2a: Kingambit|Dark\n|move|p2a: Kingambit|Sucker Punch||[still]\n|-fail|p2a: Kingambit\n|\n|-damage|p1a: Darkrai|94/100 tox|[from] psn\n|upkeep\n|turn|15\n|\n|t:|1771241470\n|move|p1a: Darkrai|Focus Blast|p2a: Kingambit|[miss]\n|-miss|p1a: Darkrai|p2a: Kingambit\n|move|p2a: Kingambit|Iron Head|p1a: Darkrai\n|-damage|p1a: Darkrai|0 fnt\n|faint|p1a: Darkrai\n|\n|upkeep\n|\n|t:|1771241477\n|switch|p1a: Ceruledge|Ceruledge, F|88/100 psn\n|turn|16\n|\n|t:|1771241484\n|move|p1a: Ceruledge|Close Combat|p2a: Kingambit\n|-supereffective|p2a: Kingambit\n|-damage|p2a: Kingambit|3/100\n|-unboost|p1a: Ceruledge|def|1\n|-unboost|p1a: Ceruledge|spd|1\n|move|p2a: Kingambit|Kowtow Cleave|p1a: Ceruledge\n|-supereffective|p1a: Ceruledge\n|-damage|p1a: Ceruledge|0 fnt\n|faint|p1a: Ceruledge\n|\n|upkeep\n|\n|t:|1771241487\n|switch|p1a: Dragapult|Dragapult, M|100/100\n|-status|p1a: Dragapult|tox\n|turn|17\n|\n|t:|1771241490\n|move|p1a: Dragapult|Sucker Punch|p2a: Kingambit\n|-resisted|p2a: Kingambit\n|-damage|p2a: Kingambit|0 fnt\n|faint|p2a: Kingambit\n|-end|p2a: Kingambit|fallen4|[silent]\n|\n|-damage|p1a: Dragapult|95/100 tox|[from] psn\n|upkeep\n|\n|t:|1771241493\n|switch|p2a: Dragapult|Dragapult, F|33/100\n|turn|18\n|\n|t:|1771241496\n|move|p1a: Dragapult|Sucker Punch||[still]\n|-fail|p1a: Dragapult\n|move|p2a: Dragapult|Substitute|p2a: Dragapult\n|-start|p2a: Dragapult|Substitute\n|-damage|p2a: Dragapult|8/100\n|\n|-heal|p2a: Dragapult|14/100|[from] item: Leftovers\n|-damage|p1a: Dragapult|83/100 tox|[from] psn\n|upkeep\n|turn|19\n|\n|t:|1771241499\n|move|p1a: Dragapult|Sucker Punch|p2a: Dragapult\n|-supereffective|p2a: Dragapult\n|-damage|p2a: Dragapult|0 fnt\n|faint|p2a: Dragapult\n|\n|win|bh.babiri\n|raw|bh.babiri's rating: 1618 &rarr; <strong>1638</strong><br />(+20 for winning)\n|raw|Playboydj101's rating: 1625 &rarr; <strong>1605</strong><br />(-20 for losing)\n|l|☆bh.babiri\n|player|p1|\n|l|☆Playboydj101\n|player|p2|\n", "uploadtime": 1771241669, "views": 13, "formatid": "gen9ou", "rating": 1605, "private": 0, "password": null}