{"id": "gen9ou-2639218790", "format": "[Gen 9] OU", "players": ["Nekronmancer", "DonovanIsNotHere"], "log": "|j|☆Nekronmancer\n|j|☆DonovanIsNotHere\n|t:|1782435876\n|gametype|singles\n|player|p1|Nekronmancer|zinzolin|1366\n|player|p2|DonovanIsNotHere|2|1377\n|gen|9\n|tier|[Gen 9] OU\n|rated|\n|rule|HP Percentage Mod: HP is shown in percentages\n|rule|Endless Battle Clause: Forcing endless battles is banned\n|rule|Species Clause: Limit one of each Pokémon\n|rule|OHKO Clause: OHKO moves are banned\n|rule|Evasion Items Clause: Evasion items are banned\n|rule|Evasion Moves Clause: Evasion moves are banned\n|rule|Evasion Abilities Clause: Evasion abilities are banned\n|rule|Sleep Moves Clause: Sleep-inducing moves are banned\n|clearpoke\n|poke|p1|Kingambit, F|\n|poke|p1|Blaziken, F|\n|poke|p1|Zamazenta-*|\n|poke|p1|Garganacl, F|\n|poke|p1|Primarina, M|\n|poke|p1|Serperior, F|\n|poke|p2|Dragonite, M|\n|poke|p2|Darkrai|\n|poke|p2|Samurott-Hisui, F|\n|poke|p2|Corviknight, M|\n|poke|p2|Landorus-Therian, M|\n|poke|p2|Gholdengo|\n|teampreview\n|inactive|Battle timer is ON: inactive players will automatically lose when time's up. (requested by Nekronmancer)\n|inactive|DonovanIsNotHere has 120 seconds left.\n|\n|t:|1782435918\n|teamsize|p1|6\n|teamsize|p2|6\n|start\n|switch|p1a: Tenesse|Serperior, F|100/100\n|switch|p2a: Thula|Samurott-Hisui, F, shiny|100/100\n|turn|1\n|\n|t:|1782435923\n|move|p2a: Thula|Flip Turn|p1a: Tenesse\n|-resisted|p1a: Tenesse\n|-damage|p1a: Tenesse|84/100\n|\n|t:|1782435924\n|switch|p2a: Lucan|Corviknight, M, shiny|100/100|[from] Flip Turn\n|-ability|p2a: Lucan|Pressure\n|move|p1a: Tenesse|Glare|p2a: Lucan\n|-status|p2a: Lucan|par\n|\n|-heal|p1a: Tenesse|90/100|[from] item: Leftovers\n|upkeep\n|turn|2\n|\n|t:|1782435928\n|move|p1a: Tenesse|Substitute|p1a: Tenesse\n|-start|p1a: Tenesse|Substitute\n|-damage|p1a: Tenesse|65/100\n|move|p2a: Lucan|Brave Bird|p1a: Tenesse\n|-supereffective|p1a: Tenesse\n|-end|p1a: Tenesse|Substitute\n|-damage|p2a: Lucan|94/100 par|[from] Recoil|[of] p1a: Tenesse\n|\n|-heal|p1a: Tenesse|71/100|[from] item: Leftovers\n|upkeep\n|turn|3\n|\n|t:|1782435944\n|switch|p1a: Hipertensão|Garganacl, F|100/100\n|move|p2a: Lucan|U-turn|p1a: Hipertensão\n|-damage|p1a: Hipertensão|91/100\n|\n|t:|1782435957\n|switch|p2a: Conquest|Landorus-Therian, M|100/100|[from] U-turn\n|-ability|p2a: Conquest|Intimidate|boost\n|-unboost|p1a: Hipertensão|atk|1\n|\n|-heal|p1a: Hipertensão|97/100|[from] item: Leftovers\n|upkeep\n|turn|4\n|\n|t:|1782435963\n|move|p2a: Conquest|Stealth Rock|p1a: Hipertensão\n|-sidestart|p1: Nekronmancer|move: Stealth Rock\n|move|p1a: Hipertensão|Iron Defense|p1a: Hipertensão\n|-boost|p1a: Hipertensão|def|2\n|\n|-heal|p1a: Hipertensão|100/100|[from] item: Leftovers\n|upkeep\n|turn|5\n|\n|t:|1782435968\n|move|p2a: Conquest|Earthquake|p1a: Hipertensão\n|-supereffective|p1a: Hipertensão\n|-damage|p1a: Hipertensão|63/100\n|move|p1a: Hipertensão|Salt Cure|p2a: Conquest\n|-damage|p2a: Conquest|90/100\n|-start|p2a: Conquest|Salt Cure\n|\n|-heal|p1a: Hipertensão|69/100|[from] item: Leftovers\n|-damage|p2a: Conquest|78/100|[from] Salt Cure\n|upkeep\n|turn|6\n|\n|t:|1782435976\n|move|p2a: Conquest|Earthquake|p1a: Hipertensão\n|-supereffective|p1a: Hipertensão\n|-damage|p1a: Hipertensão|31/100\n|move|p1a: Hipertensão|Iron Defense|p1a: Hipertensão\n|-boost|p1a: Hipertensão|def|2\n|\n|-heal|p1a: Hipertensão|37/100|[from] item: Leftovers\n|-damage|p2a: Conquest|65/100|[from] Salt Cure\n|upkeep\n|turn|7\n|\n|t:|1782435983\n|move|p2a: Conquest|Earthquake|p1a: Hipertensão\n|-supereffective|p1a: Hipertensão\n|-damage|p1a: Hipertensão|10/100\n|move|p1a: Hipertensão|Recover|p1a: Hipertensão\n|-heal|p1a: Hipertensão|60/100\n|\n|-heal|p1a: Hipertensão|67/100|[from] item: Leftovers\n|-damage|p2a: Conquest|53/100|[from] Salt Cure\n|upkeep\n|turn|8\n|\n|t:|1782435994\n|move|p2a: Conquest|U-turn|p1a: Hipertensão\n|-damage|p1a: Hipertensão|60/100\n|\n|t:|1782435996\n|switch|p2a: Lucan|Corviknight, M, shiny|94/100 par|[from] U-turn\n|-ability|p2a: Lucan|Pressure\n|move|p1a: Hipertensão|Recover|p1a: Hipertensão\n|-heal|p1a: Hipertensão|100/100\n|\n|upkeep\n|turn|9\n|\n|t:|1782436000\n|move|p2a: Lucan|U-turn|p1a: Hipertensão\n|-damage|p1a: Hipertensão|97/100\n|\n|t:|1782436001\n|switch|p2a: Conquest|Landorus-Therian, M|53/100|[from] U-turn\n|-ability|p2a: Conquest|Intimidate|boost\n|-unboost|p1a: Hipertensão|atk|1\n|move|p1a: Hipertensão|Salt Cure|p2a: Conquest\n|-damage|p2a: Conquest|45/100\n|-start|p2a: Conquest|Salt Cure\n|\n|-heal|p1a: Hipertensão|100/100|[from] item: Leftovers\n|-damage|p2a: Conquest|32/100|[from] Salt Cure\n|upkeep\n|turn|10\n|\n|t:|1782436005\n|move|p2a: Conquest|Earthquake|p1a: Hipertensão\n|-supereffective|p1a: Hipertensão\n|-damage|p1a: Hipertensão|74/100\n|move|p1a: Hipertensão|Iron Defense|p1a: Hipertensão\n|-boost|p1a: Hipertensão|def|2\n|\n|-heal|p1a: Hipertensão|80/100|[from] item: Leftovers\n|-damage|p2a: Conquest|20/100|[from] Salt Cure\n|upkeep\n|turn|11\n|\n|t:|1782436009\n|move|p2a: Conquest|Earthquake|p1a: Hipertensão\n|-supereffective|p1a: Hipertensão\n|-damage|p1a: Hipertensão|60/100\n|move|p1a: Hipertensão|Body Press|p2a: Conquest\n|-resisted|p2a: Conquest\n|-damage|p2a: Conquest|0 fnt\n|faint|p2a: Conquest\n|\n|-heal|p1a: Hipertensão|67/100|[from] item: Leftovers\n|upkeep\n|\n|t:|1782436015\n|switch|p2a: Thula|Samurott-Hisui, F, shiny|100/100\n|turn|12\n|\n|t:|1782436030\n|move|p2a: Thula|Sacred Sword|p1a: Hipertensão\n|-supereffective|p1a: Hipertensão\n|-damage|p1a: Hipertensão|8/100\n|move|p1a: Hipertensão|Iron Defense|p1a: Hipertensão\n|-boost|p1a: Hipertensão|def|0\n|\n|-heal|p1a: Hipertensão|14/100|[from] item: Leftovers\n|upkeep\n|turn|13\n|\n|t:|1782436034\n|move|p2a: Thula|Sacred Sword|p1a: Hipertensão\n|-supereffective|p1a: Hipertensão\n|-damage|p1a: Hipertensão|0 fnt\n|faint|p1a: Hipertensão\n|\n|upkeep\n|c|☆Nekronmancer|miss click AAAAAAAAAAAAAAAAA\n|\n|t:|1782436040\n|switch|p1a: Tenesse|Serperior, F|71/100\n|-damage|p1a: Tenesse|59/100|[from] Stealth Rock\n|turn|14\n|\n|t:|1782436045\n|switch|p2a: Anissa|Gholdengo|100/100\n|-item|p2a: Anissa|Air Balloon\n|move|p1a: Tenesse|Leaf Storm|p2a: Anissa\n|-resisted|p2a: Anissa\n|-damage|p2a: Anissa|76/100\n|-boost|p1a: Tenesse|spa|2\n|-enditem|p2a: Anissa|Air Balloon\n|\n|-heal|p1a: Tenesse|65/100|[from] item: Leftovers\n|upkeep\n|turn|15\n|\n|t:|1782436051\n|move|p1a: Tenesse|Leaf Storm|p2a: Anissa\n|-resisted|p2a: Anissa\n|-damage|p2a: Anissa|29/100\n|-boost|p1a: Tenesse|spa|2\n|move|p2a: Anissa|Make It Rain|p1a: Tenesse\n|-damage|p1a: Tenesse|0 fnt\n|-unboost|p2a: Anissa|spa|1\n|faint|p1a: Tenesse\n|\n|upkeep\n|\n|t:|1782436062\n|switch|p1a: Meruem|Kingambit, F|100/100\n|-damage|p1a: Meruem|94/100|[from] Stealth Rock\n|-activate|p1a: Meruem|ability: Supreme Overlord\n|-start|p1a: Meruem|fallen2|[silent]\n|turn|16\n|\n|t:|1782436067\n|move|p2a: Anissa|Thunder Wave|p1a: Meruem|[miss]\n|-miss|p2a: Anissa|p1a: Meruem\n|move|p1a: Meruem|Swords Dance|p1a: Meruem\n|-boost|p1a: Meruem|atk|2\n|\n|-heal|p1a: Meruem|100/100|[from] item: Leftovers\n|upkeep\n|turn|17\n|c|☆Nekronmancer|!dt thunder wave\n|c|☆Nekronmancer|/raw <ul class=\"utilichart\"><li class=\"result\"><span class=\"col movenamecol\"><a href=\"https://dex.pokemonshowdown.com/moves/thunderwave\">Thunder Wave</a></span> <span class=\"col typecol\"><img src=\"//play.pokemonshowdown.com/sprites/types/Electric.png\" alt=\"Electric\" width=\"32\" height=\"14\"><img src=\"//play.pokemonshowdown.com/sprites/categories/Status.png\" alt=\"Status\" width=\"32\" height=\"14\"></span> <span class=\"col widelabelcol\"><em>Accuracy</em><br>90%</span> <span class=\"col pplabelcol\"><em>PP</em><br>32</span> <span class=\"col movedesccol\">Paralyzes the target.</span> </li><li style=\"clear:both\"></li></ul>\n|c|☆Nekronmancer|/raw <font size=\"1\"><font color=\"#686868\">Priority:</font> 0&nbsp;|&ThickSpace;<font color=\"#686868\">Gen:</font> 1&nbsp;|&ThickSpace;&#10003; Bounceable&nbsp;|&ThickSpace;<font color=\"#686868\">Z-Effect:</font>  Sp. Def +1&nbsp;|&ThickSpace;<font color=\"#686868\">Target:</font> One Adjacent Pokémon</font>\n\n|inactive|Nekronmancer has 120 seconds left.\n|\n|t:|1782436105\n|move|p2a: Anissa|Thunder Wave|p1a: Meruem\n|-status|p1a: Meruem|par\n|move|p1a: Meruem|Kowtow Cleave|p2a: Anissa\n|-supereffective|p2a: Anissa\n|-crit|p2a: Anissa\n|-damage|p2a: Anissa|0 fnt\n|faint|p2a: Anissa\n|\n|upkeep\n|\n|t:|1782436108\n|switch|p2a: Thula|Samurott-Hisui, F, shiny|100/100\n|turn|18\n|\n|t:|1782436117\n|move|p2a: Thula|Sacred Sword|p1a: Meruem\n|-supereffective|p1a: Meruem\n|-damage|p1a: Meruem|0 fnt\n|faint|p1a: Meruem\n|-end|p1a: Meruem|fallen2|[silent]\n|\n|upkeep\n|\n|t:|1782436122\n|switch|p1a: Siren|Primarina, M|100/100\n|turn|19\n|\n|t:|1782436129\n|switch|p2a: Lucan|Corviknight, M, shiny|94/100 par\n|-ability|p2a: Lucan|Pressure\n|move|p1a: Siren|Calm Mind|p1a: Siren\n|-boost|p1a: Siren|spa|1\n|-boost|p1a: Siren|spd|1\n|\n|upkeep\n|turn|20\n|\n|t:|1782436137\n|move|p1a: Siren|Hyper Voice|p2a: Lucan\n|-damage|p2a: Lucan|43/100 par\n|move|p2a: Lucan|Brave Bird|p1a: Siren\n|-damage|p1a: Siren|44/100\n|-damage|p2a: Lucan|29/100 par|[from] Recoil\n|\n|upkeep\n|turn|21\n|\n|t:|1782436140\n|move|p1a: Siren|Hyper Voice|p2a: Lucan\n|-damage|p2a: Lucan|0 fnt\n|faint|p2a: Lucan\n|\n|upkeep\n|\n|t:|1782436159\n|switch|p2a: Kregg|Darkrai|100/100\n|turn|22\n|\n|t:|1782436166\n|-terastallize|p1a: Siren|Poison\n|move|p2a: Kregg|Sludge Bomb|p1a: Siren\n|-resisted|p1a: Siren\n|-damage|p1a: Siren|35/100\n|move|p1a: Siren|Moonblast|p2a: Kregg\n|-supereffective|p2a: Kregg\n|-damage|p2a: Kregg|0 fnt\n|faint|p2a: Kregg\n|\n|upkeep\n|\n|t:|1782436170\n|switch|p2a: Thula|Samurott-Hisui, F, shiny|100/100\n|turn|23\n|\n|t:|1782436173\n|move|p2a: Thula|Aqua Cutter|p1a: Siren\n|-damage|p1a: Siren|0 fnt\n|faint|p1a: Siren\n|\n|upkeep\n|\n|t:|1782436177\n|switch|p1a: Pitucha|Zamazenta|100/100\n|-damage|p1a: Pitucha|94/100|[from] Stealth Rock\n|-ability|p1a: Pitucha|Dauntless Shield|boost\n|-boost|p1a: Pitucha|def|1\n|turn|24\n|\n|t:|1782436180\n|-terastallize|p2a: Thula|Ghost\n|move|p2a: Thula|Aqua Cutter|p1a: Pitucha\n|-damage|p1a: Pitucha|69/100\n|move|p1a: Pitucha|Iron Defense|p1a: Pitucha\n|-boost|p1a: Pitucha|def|2\n|\n|upkeep\n|turn|25\n|\n|t:|1782436185\n|move|p2a: Thula|Aqua Cutter|p1a: Pitucha\n|-damage|p1a: Pitucha|52/100\n|move|p1a: Pitucha|Iron Head|p2a: Thula\n|-damage|p2a: Thula|71/100\n|\n|upkeep\n|turn|26\n|\n|t:|1782436192\n|move|p2a: Thula|Aqua Cutter|p1a: Pitucha\n|-damage|p1a: Pitucha|35/100\n|move|p1a: Pitucha|Rest|p1a: Pitucha\n|-status|p1a: Pitucha|slp|[from] move: Rest\n|-enditem|p1a: Pitucha|Lum Berry|[eat]\n|-curestatus|p1a: Pitucha|slp|[msg]\n|-heal|p1a: Pitucha|100/100|[silent]\n|\n|upkeep\n|turn|27\n|\n|t:|1782436197\n|move|p2a: Thula|Aqua Cutter|p1a: Pitucha\n|-damage|p1a: Pitucha|84/100\n|move|p1a: Pitucha|Iron Defense|p1a: Pitucha\n|-boost|p1a: Pitucha|def|2\n|\n|upkeep\n|turn|28\n|\n|t:|1782436200\n|move|p2a: Thula|Aqua Cutter|p1a: Pitucha\n|-damage|p1a: Pitucha|71/100\n|move|p1a: Pitucha|Iron Head|p2a: Thula\n|-damage|p2a: Thula|43/100\n|\n|upkeep\n|turn|29\n|\n|t:|1782436202\n|move|p2a: Thula|Aqua Cutter|p1a: Pitucha\n|-damage|p1a: Pitucha|59/100\n|move|p1a: Pitucha|Iron Head|p2a: Thula\n|-damage|p2a: Thula|17/100\n|\n|upkeep\n|turn|30\n|\n|t:|1782436220\n|switch|p2a: Thragg|Dragonite, M|100/100\n|move|p1a: Pitucha|Iron Head|p2a: Thragg\n|-damage|p2a: Thragg|89/100\n|\n|upkeep\n|turn|31\n|\n|t:|1782436225\n|move|p1a: Pitucha|Body Press|p2a: Thragg\n|-resisted|p2a: Thragg\n|-damage|p2a: Thragg|22/100\n|move|p2a: Thragg|Outrage|p1a: Pitucha\n|-damage|p1a: Pitucha|35/100\n|\n|upkeep\n|turn|32\n|\n|t:|1782436228\n|move|p1a: Pitucha|Body Press|p2a: Thragg\n|-resisted|p2a: Thragg\n|-damage|p2a: Thragg|0 fnt\n|faint|p2a: Thragg\n|\n|upkeep\n|\n|t:|1782436230\n|switch|p2a: Thula|Samurott-Hisui, F, shiny, tera:Ghost|17/100\n|turn|33\n|\n|t:|1782436237\n|move|p2a: Thula|Sacred Sword|p1a: Pitucha\n|-damage|p1a: Pitucha|0 fnt\n|faint|p1a: Pitucha\n|\n|upkeep\n|\n|t:|1782436240\n|switch|p1a: 50|Blaziken, F|100/100\n|-damage|p1a: 50|88/100|[from] Stealth Rock\n|turn|34\n|\n|t:|1782436247\n|move|p2a: Thula|Sacred Sword|p1a: 50\n|-crit|p1a: 50\n|-damage|p1a: 50|0 fnt\n|faint|p1a: 50\n|\n|win|DonovanIsNotHere\n|raw|Nekronmancer's rating: 1366 &rarr; <strong>1348</strong><br />(-18 for losing)\n|raw|DonovanIsNotHere's rating: 1398 &rarr; <strong>1416</strong><br />(+18 for winning)\n|c|☆DonovanIsNotHere|ggs\n|c|☆Nekronmancer|BROOOOOOO\n|c|☆Nekronmancer|GG\n|c|☆Nekronmancer|OE DORGA\n", "uploadtime": 1782436258, "views": 4, "formatid": "gen9ou", "rating": 1348, "private": 0, "password": null}