{"id": "gen9ou-2639190478", "format": "[Gen 9] OU", "players": ["thepeakmons", "nanamigaming"], "log": "|j|☆thepeakmons\n|j|☆nanamigaming\n|t:|1782431676\n|gametype|singles\n|player|p1|thepeakmons|101|1201\n|player|p2|nanamigaming|102|1230\n|gen|9\n|tier|[Gen 9] OU\n|rated|\n|rule|HP Percentage Mod: HP is shown in percentages\n|rule|Endless Battle Clause: Forcing endless battles is banned\n|rule|Species Clause: Limit one of each Pokémon\n|rule|OHKO Clause: OHKO moves are banned\n|rule|Evasion Items Clause: Evasion items are banned\n|rule|Evasion Moves Clause: Evasion moves are banned\n|rule|Evasion Abilities Clause: Evasion abilities are banned\n|rule|Sleep Moves Clause: Sleep-inducing moves are banned\n|clearpoke\n|poke|p1|Gliscor, M|\n|poke|p1|Gholdengo|\n|poke|p1|Zamazenta-*|\n|poke|p1|Blissey, F|\n|poke|p1|Skarmory, F|\n|poke|p1|Pecharunt|\n|poke|p2|Dragonite, F|\n|poke|p2|Heatran, F|\n|poke|p2|Hatterene, F|\n|poke|p2|Iron Treads|\n|poke|p2|Landorus-Therian, M|\n|poke|p2|Kyurem|\n|teampreview\n|\n|t:|1782431686\n|teamsize|p1|6\n|teamsize|p2|6\n|start\n|switch|p1a: Skarmory|Skarmory, F|100/100\n|switch|p2a: landizzle|Landorus-Therian, M|100/100\n|-ability|p2a: landizzle|Intimidate|boost\n|-unboost|p1a: Skarmory|atk|1\n|turn|1\n|inactive|Battle timer is ON: inactive players will automatically lose when time's up. (requested by thepeakmons)\n|inactive|thepeakmons has 120 seconds left.\n|\n|t:|1782431742\n|move|p2a: landizzle|Taunt|p1a: Skarmory\n|-start|p1a: Skarmory|move: Taunt\n|cant|p1a: Skarmory|move: Taunt|Spikes\n|\n|upkeep\n|turn|2\n|\n|t:|1782431761\n|switch|p1a: Gliscor|Gliscor, M|100/100\n|move|p2a: landizzle|Stealth Rock|p1a: Gliscor\n|-sidestart|p1: thepeakmons|move: Stealth Rock\n|\n|-status|p1a: Gliscor|tox|[from] item: Toxic Orb\n|upkeep\n|turn|3\n|\n|t:|1782431768\n|switch|p1a: Zamazenta|Zamazenta|100/100\n|-ability|p1a: Zamazenta|Dauntless Shield|boost\n|-boost|p1a: Zamazenta|def|1\n|switch|p2a: Kuregumo|Kyurem|100/100\n|-ability|p2a: Kuregumo|Pressure\n|\n|upkeep\n|turn|4\n|\n|t:|1782431781\n|switch|p2a: wiff-frey|Hatterene, F|100/100\n|move|p1a: Zamazenta|Ice Fang|p2a: wiff-frey\n|-damage|p2a: wiff-frey|80/100\n|\n|-heal|p2a: wiff-frey|86/100|[from] item: Leftovers\n|upkeep\n|turn|5\n|\n|t:|1782431804\n|move|p1a: Zamazenta|Heavy Slam|p2a: wiff-frey\n|-supereffective|p2a: wiff-frey\n|-damage|p2a: wiff-frey|0 fnt\n|faint|p2a: wiff-frey\n|\n|upkeep\n|\n|t:|1782431811\n|switch|p2a: landizzle|Landorus-Therian, M|100/100\n|-ability|p2a: landizzle|Intimidate|boost\n|-unboost|p1a: Zamazenta|atk|1\n|turn|6\n|\n|t:|1782431831\n|switch|p2a: hotpocket|Heatran, F|100/100\n|move|p1a: Zamazenta|Ice Fang|p2a: hotpocket\n|-resisted|p2a: hotpocket\n|-damage|p2a: hotpocket|97/100\n|\n|upkeep\n|turn|7\n|\n|t:|1782431845\n|move|p1a: Zamazenta|Close Combat|p2a: hotpocket\n|-supereffective|p2a: hotpocket\n|-damage|p2a: hotpocket|23/100\n|-unboost|p1a: Zamazenta|def|1\n|-unboost|p1a: Zamazenta|spd|1\n|move|p2a: hotpocket|Magma Storm|p1a: Zamazenta\n|-damage|p1a: Zamazenta|32/100\n|-activate|p1a: Zamazenta|move: Magma Storm|[of] p2a: hotpocket\n|\n|-damage|p1a: Zamazenta|20/100|[from] move: Magma Storm|[partiallytrapped]\n|upkeep\n|turn|8\n|inactive|thepeakmons has 120 seconds left.\n|\n|t:|1782431871\n|move|p1a: Zamazenta|Close Combat|p2a: hotpocket\n|-supereffective|p2a: hotpocket\n|-damage|p2a: hotpocket|0 fnt\n|-unboost|p1a: Zamazenta|def|1\n|-unboost|p1a: Zamazenta|spd|1\n|-status|p1a: Zamazenta|brn|[from] ability: Flame Body|[of] p2a: hotpocket\n|faint|p2a: hotpocket\n|\n|-damage|p1a: Zamazenta|13/100 brn|[from] brn\n|-end|p1a: Zamazenta|Magma Storm|[partiallytrapped]|[silent]\n|upkeep\n|\n|t:|1782431881\n|switch|p2a: learnosaurus|Dragonite, F|100/100\n|turn|9\n|inactive|thepeakmons has 120 seconds left.\n|\n|t:|1782431891\n|switch|p1a: Pecharunt|Pecharunt|100/100\n|move|p2a: learnosaurus|Dragon Dance|p2a: learnosaurus\n|-boost|p2a: learnosaurus|atk|1\n|-boost|p2a: learnosaurus|spe|1\n|\n|upkeep\n|turn|10\n|inactive|thepeakmons has 120 seconds left.\n|\n|t:|1782431904\n|switch|p2a: skat pac|Iron Treads|100/100\n|move|p1a: Pecharunt|Toxic|p2a: skat pac\n|-immune|p2a: skat pac\n|\n|upkeep\n|turn|11\n|inactive|thepeakmons has 120 seconds left.\n|\n|t:|1782431917\n|switch|p1a: Skarmory|Skarmory, F|100/100\n|move|p2a: skat pac|Ice Spinner|p1a: Skarmory\n|-damage|p1a: Skarmory|84/100\n|\n|upkeep\n|turn|12\n|inactive|thepeakmons has 120 seconds left.\n|\n|t:|1782431932\n|move|p2a: skat pac|Volt Switch|p1a: Skarmory\n|-supereffective|p1a: Skarmory\n|-damage|p1a: Skarmory|51/100\n|\n|t:|1782431940\n|-end|p2a: skat pac|Quark Drive|[silent]\n|switch|p2a: learnosaurus|Dragonite, F|100/100|[from] Volt Switch\n|move|p1a: Skarmory|Spikes|p2a: learnosaurus\n|-sidestart|p2: nanamigaming|Spikes\n|\n|upkeep\n|turn|13\n|inactive|thepeakmons has 120 seconds left.\n|\n|t:|1782431958\n|switch|p2a: skat pac|Iron Treads|100/100\n|-damage|p2a: skat pac|88/100|[from] Spikes\n|move|p1a: Skarmory|Roost|p1a: Skarmory\n|-heal|p1a: Skarmory|100/100\n|-singleturn|p1a: Skarmory|move: Roost\n|\n|upkeep\n|turn|14\n|inactive|thepeakmons has 120 seconds left.\n|\n|t:|1782431969\n|switch|p1a: Gliscor|Gliscor, M|100/100 tox\n|-damage|p1a: Gliscor|88/100 tox|[from] Stealth Rock\n|move|p2a: skat pac|Volt Switch|p1a: Gliscor\n|-immune|p1a: Gliscor\n|\n|-heal|p1a: Gliscor|100/100 tox|[from] ability: Poison Heal\n|upkeep\n|turn|15\n|inactive|thepeakmons has 120 seconds left.\n|\n|t:|1782431981\n|switch|p1a: Pecharunt|Pecharunt|100/100\n|move|p2a: skat pac|Volt Switch|p1a: Pecharunt\n|-crit|p1a: Pecharunt\n|-damage|p1a: Pecharunt|84/100\n|\n|t:|1782431987\n|-end|p2a: skat pac|Quark Drive|[silent]\n|switch|p2a: landizzle|Landorus-Therian, M|100/100|[from] Volt Switch\n|-ability|p2a: landizzle|Intimidate|boost\n|-unboost|p1a: Pecharunt|atk|1\n|\n|upkeep\n|turn|16\n|\n|t:|1782431995\n|switch|p1a: Skarmory|Skarmory, F|100/100\n|move|p2a: landizzle|U-turn|p1a: Skarmory\n|-resisted|p1a: Skarmory\n|-damage|p1a: Skarmory|96/100\n|\n|t:|1782432005\n|switch|p2a: Kuregumo|Kyurem|100/100|[from] U-turn\n|-damage|p2a: Kuregumo|88/100|[from] Spikes\n|-ability|p2a: Kuregumo|Pressure\n|\n|upkeep\n|turn|17\n|\n|t:|1782432013\n|move|p2a: Kuregumo|Ice Beam|p1a: Skarmory\n|-damage|p1a: Skarmory|6/100\n|move|p1a: Skarmory|Spikes|p2a: Kuregumo\n|-sidestart|p2: nanamigaming|Spikes\n|\n|upkeep\n|turn|18\n|\n|t:|1782432027\n|switch|p1a: Blissey|Blissey, F|100/100\n|move|p2a: Kuregumo|Ice Beam|p1a: Blissey\n|-damage|p1a: Blissey|80/100\n|\n|upkeep\n|turn|19\n|\n|t:|1782432038\n|switch|p2a: skat pac|Iron Treads|88/100\n|-damage|p2a: skat pac|72/100|[from] Spikes\n|move|p1a: Blissey|Stealth Rock|p2a: skat pac\n|-sidestart|p2: nanamigaming|move: Stealth Rock\n|\n|upkeep\n|turn|20\n|\n|t:|1782432053\n|switch|p1a: Pecharunt|Pecharunt|84/100\n|move|p2a: skat pac|Earthquake|p1a: Pecharunt\n|-supereffective|p1a: Pecharunt\n|-crit|p1a: Pecharunt\n|-damage|p1a: Pecharunt|8/100\n|\n|upkeep\n|turn|21\n|\n|t:|1782432062\n|switch|p1a: Gholdengo|Gholdengo|100/100\n|-damage|p1a: Gholdengo|94/100|[from] Stealth Rock\n|move|p2a: skat pac|Ice Spinner|p1a: Gholdengo\n|-resisted|p1a: Gholdengo\n|-damage|p1a: Gholdengo|86/100\n|\n|upkeep\n|turn|22\n|\n|t:|1782432074\n|switch|p1a: Gliscor|Gliscor, M|100/100 tox\n|-damage|p1a: Gliscor|88/100 tox|[from] Stealth Rock\n|move|p2a: skat pac|Earthquake|p1a: Gliscor\n|-immune|p1a: Gliscor\n|\n|-heal|p1a: Gliscor|100/100 tox|[from] ability: Poison Heal\n|upkeep\n|turn|23\n|\n|t:|1782432083\n|move|p2a: skat pac|Earthquake|p1a: Gliscor\n|-immune|p1a: Gliscor\n|move|p1a: Gliscor|Earthquake|p2a: skat pac\n|-supereffective|p2a: skat pac\n|-damage|p2a: skat pac|15/100\n|\n|upkeep\n|turn|24\n|\n|t:|1782432096\n|switch|p1a: Pecharunt|Pecharunt|8/100\n|move|p2a: skat pac|Rapid Spin|p1a: Pecharunt\n|-immune|p1a: Pecharunt\n|\n|upkeep\n|turn|25\n|\n|t:|1782432110\n|switch|p1a: Skarmory|Skarmory, F|6/100\n|move|p2a: skat pac|Ice Spinner|p1a: Skarmory\n|-damage|p1a: Skarmory|0 fnt\n|faint|p1a: Skarmory\n|\n|upkeep\n|\n|t:|1782432122\n|switch|p1a: Zamazenta|Zamazenta|13/100 brn\n|turn|26\n|\n|t:|1782432131\n|-end|p2a: skat pac|Quark Drive|[silent]\n|switch|p2a: landizzle|Landorus-Therian, M|100/100\n|-ability|p2a: landizzle|Intimidate|boost\n|-unboost|p1a: Zamazenta|atk|1\n|move|p1a: Zamazenta|Close Combat|p2a: landizzle\n|-resisted|p2a: landizzle\n|-damage|p2a: landizzle|90/100\n|-unboost|p1a: Zamazenta|def|1\n|-unboost|p1a: Zamazenta|spd|1\n|\n|-damage|p1a: Zamazenta|7/100 brn|[from] brn\n|upkeep\n|turn|27\n|\n|t:|1782432144\n|move|p1a: Zamazenta|Ice Fang|p2a: landizzle\n|-supereffective|p2a: landizzle\n|-damage|p2a: landizzle|58/100\n|move|p2a: landizzle|U-turn|p1a: Zamazenta\n|-resisted|p1a: Zamazenta\n|-damage|p1a: Zamazenta|0 fnt\n|faint|p1a: Zamazenta\n|\n|t:|1782432156\n|switch|p2a: Kuregumo|Kyurem|88/100|[from] U-turn\n|-damage|p2a: Kuregumo|71/100|[from] Spikes\n|-damage|p2a: Kuregumo|46/100|[from] Stealth Rock\n|-ability|p2a: Kuregumo|Pressure\n|\n|upkeep\n|\n|t:|1782432168\n|switch|p1a: Blissey|Blissey, F|80/100\n|turn|28\n|\n|t:|1782432176\n|move|p2a: Kuregumo|Ice Beam|p1a: Blissey\n|-damage|p1a: Blissey|57/100\n|move|p1a: Blissey|Calm Mind|p1a: Blissey\n|-boost|p1a: Blissey|spa|1\n|-boost|p1a: Blissey|spd|1\n|\n|upkeep\n|turn|29\n|\n|t:|1782432196\n|switch|p2a: landizzle|Landorus-Therian, M|58/100\n|-ability|p2a: landizzle|Intimidate|boost\n|-unboost|p1a: Blissey|atk|1\n|move|p1a: Blissey|Soft-Boiled|p1a: Blissey\n|-heal|p1a: Blissey|100/100\n|\n|upkeep\n|turn|30\n|\n|t:|1782432205\n|move|p2a: landizzle|U-turn|p1a: Blissey\n|-damage|p1a: Blissey|72/100\n|\n|t:|1782432211\n|switch|p2a: learnosaurus|Dragonite, F|100/100|[from] U-turn\n|move|p1a: Blissey|Shadow Ball|p2a: learnosaurus\n|-damage|p2a: learnosaurus|90/100\n|\n|upkeep\n|turn|31\n|\n|t:|1782432224\n|switch|p1a: Gholdengo|Gholdengo|86/100\n|-damage|p1a: Gholdengo|80/100|[from] Stealth Rock\n|move|p2a: learnosaurus|Fire Punch|p1a: Gholdengo\n|-supereffective|p1a: Gholdengo\n|-damage|p1a: Gholdengo|38/100\n|\n|upkeep\n|turn|32\n|\n|t:|1782432236\n|switch|p1a: Gliscor|Gliscor, M|100/100 tox\n|-damage|p1a: Gliscor|88/100 tox|[from] Stealth Rock\n|-terastallize|p2a: learnosaurus|Fire\n|move|p2a: learnosaurus|Fire Punch|p1a: Gliscor\n|-damage|p1a: Gliscor|54/100 tox\n|\n|-heal|p1a: Gliscor|67/100 tox|[from] ability: Poison Heal\n|upkeep\n|turn|33\n|\n|t:|1782432249\n|switch|p2a: landizzle|Landorus-Therian, M|58/100\n|-ability|p2a: landizzle|Intimidate|boost\n|-unboost|p1a: Gliscor|atk|1\n|move|p1a: Gliscor|Earthquake|p2a: landizzle\n|-immune|p2a: landizzle\n|\n|-heal|p1a: Gliscor|79/100 tox|[from] ability: Poison Heal\n|upkeep\n|turn|34\n|\n|t:|1782432259\n|move|p1a: Gliscor|Swords Dance|p1a: Gliscor\n|-boost|p1a: Gliscor|atk|2\n|move|p2a: landizzle|Taunt|p1a: Gliscor\n|-start|p1a: Gliscor|move: Taunt\n|\n|-heal|p1a: Gliscor|92/100 tox|[from] ability: Poison Heal\n|upkeep\n|turn|35\n|\n|t:|1782432269\n|move|p1a: Gliscor|Knock Off|p2a: landizzle\n|-damage|p2a: landizzle|24/100\n|-enditem|p2a: landizzle|Heavy-Duty Boots|[from] move: Knock Off|[of] p1a: Gliscor\n|move|p2a: landizzle|U-turn|p1a: Gliscor\n|-resisted|p1a: Gliscor\n|-damage|p1a: Gliscor|81/100 tox\n|\n|t:|1782432275\n|switch|p2a: Kuregumo|Kyurem|46/100|[from] U-turn\n|-damage|p2a: Kuregumo|30/100|[from] Spikes\n|-damage|p2a: Kuregumo|5/100|[from] Stealth Rock\n|-ability|p2a: Kuregumo|Pressure\n|\n|-heal|p1a: Gliscor|93/100 tox|[from] ability: Poison Heal\n|upkeep\n|turn|36\n|\n|t:|1782432286\n|switch|p1a: Blissey|Blissey, F|72/100\n|move|p2a: Kuregumo|Draco Meteor|p1a: Blissey\n|-damage|p1a: Blissey|43/100\n|-unboost|p2a: Kuregumo|spa|2\n|\n|upkeep\n|turn|37\n|\n|t:|1782432297\n|switch|p2a: landizzle|Landorus-Therian, M|24/100\n|-damage|p2a: landizzle|12/100|[from] Stealth Rock\n|-ability|p2a: landizzle|Intimidate|boost\n|-unboost|p1a: Blissey|atk|1\n|move|p1a: Blissey|Soft-Boiled|p1a: Blissey\n|-heal|p1a: Blissey|93/100\n|\n|upkeep\n|turn|38\n|\n|t:|1782432309\n|switch|p1a: Gliscor|Gliscor, M|93/100 tox\n|-damage|p1a: Gliscor|81/100 tox|[from] Stealth Rock\n|move|p2a: landizzle|Taunt|p1a: Gliscor\n|-start|p1a: Gliscor|move: Taunt\n|\n|-heal|p1a: Gliscor|93/100 tox|[from] ability: Poison Heal\n|upkeep\n|turn|39\n|-message|nanamigaming forfeited.\n|\n|win|thepeakmons\n|raw|thepeakmons's rating: 1153 &rarr; <strong>1183</strong><br />(+30 for winning)\n|raw|nanamigaming's rating: 1230 &rarr; <strong>1200</strong><br />(-30 for losing)\n|l|☆nanamigaming\n|player|p2|\n", "uploadtime": 1782432326, "views": 22, "formatid": "gen9ou", "rating": 1183, "private": 0, "password": null}