{"id": "gen9ou-2540563394", "format": "[Gen 9] OU", "players": ["roddyj", "whatthefraax"], "log": "|j|☆roddyj\n|j|☆whatthefraax\n|t:|1771218605\n|gametype|singles\n|player|p1|roddyj|ethan|1684\n|player|p2|whatthefraax|unknownf|1786\n|gen|9\n|tier|[Gen 9] OU\n|rated|\n|rule|HP Percentage Mod: HP is shown in percentages\n|rule|Endless Battle Clause: Forcing endless battles is banned\n|rule|Species Clause: Limit one of each Pokémon\n|rule|OHKO Clause: OHKO moves are banned\n|rule|Evasion Items Clause: Evasion items are banned\n|rule|Evasion Moves Clause: Evasion moves are banned\n|rule|Evasion Abilities Clause: Evasion abilities are banned\n|rule|Sleep Moves Clause: Sleep-inducing moves are banned\n|clearpoke\n|poke|p1|Iron Crown|\n|poke|p1|Kingambit, M|\n|poke|p1|Raikou|\n|poke|p1|Weezing-Galar, M|\n|poke|p1|Goodra-Hisui, F|\n|poke|p1|Manaphy|\n|poke|p2|Ninetales, M|\n|poke|p2|Great Tusk|\n|poke|p2|Walking Wake|\n|poke|p2|Cresselia, F|\n|poke|p2|Cinderace, M|\n|poke|p2|Dragonite, M|\n|teampreview\n|inactive|Battle timer is ON: inactive players will automatically lose when time's up. (requested by whatthefraax)\n|inactive|whatthefraax has 120 seconds left.\n|\n|t:|1771218660\n|teamsize|p1|6\n|teamsize|p2|6\n|start\n|switch|p1a: Goodra|Goodra-Hisui, F, shiny|100/100\n|switch|p2a: Ninetales|Ninetales, M|100/100\n|-weather|SunnyDay|[from] ability: Drought|[of] p2a: Ninetales\n|turn|1\n|\n|t:|1771218666\n|switch|p2a: Cresselia|Cresselia, F|100/100\n|move|p1a: Goodra|Knock Off|p2a: Cresselia\n|-supereffective|p2a: Cresselia\n|-damage|p2a: Cresselia|78/100\n|-enditem|p2a: Cresselia|Eject Button|[from] move: Knock Off|[of] p1a: Goodra\n|\n|-weather|SunnyDay|[upkeep]\n|upkeep\n|turn|2\n|\n|t:|1771218674\n|move|p2a: Cresselia|Thunder Wave|p1a: Goodra\n|-status|p1a: Goodra|par\n|move|p1a: Goodra|Dragon Pulse|p2a: Cresselia\n|-damage|p2a: Cresselia|48/100\n|\n|-weather|SunnyDay|[upkeep]\n|upkeep\n|turn|3\n|\n|t:|1771218681\n|move|p2a: Cresselia|Moonlight|p2a: Cresselia\n|-heal|p2a: Cresselia|100/100\n|move|p1a: Goodra|Acid Spray|p2a: Cresselia\n|-damage|p2a: Cresselia|91/100\n|-unboost|p2a: Cresselia|spd|2\n|\n|-weather|SunnyDay|[upkeep]\n|upkeep\n|turn|4\n|\n|t:|1771218693\n|switch|p2a: Great Tusk|Great Tusk|100/100\n|-activate|p2a: Great Tusk|ability: Protosynthesis\n|-start|p2a: Great Tusk|protosynthesisspe\n|cant|p1a: Goodra|par\n|\n|-weather|SunnyDay|[upkeep]\n|upkeep\n|turn|5\n|\n|t:|1771218699\n|switch|p1a: Weezing|Weezing-Galar, M, shiny|100/100\n|move|p2a: Great Tusk|Headlong Rush|p1a: Weezing\n|-immune|p1a: Weezing|[from] ability: Levitate\n|\n|-weather|SunnyDay|[upkeep]\n|upkeep\n|turn|6\n|\n|t:|1771218721\n|-end|p2a: Great Tusk|Protosynthesis|[silent]\n|switch|p2a: Walking Wake|Walking Wake|100/100\n|-activate|p2a: Walking Wake|ability: Protosynthesis\n|-start|p2a: Walking Wake|protosynthesisspa\n|switch|p1a: Goodra|Goodra-Hisui, F, shiny|100/100 par\n|\n|-weather|SunnyDay|[upkeep]\n|upkeep\n|turn|7\n|\n|t:|1771218734\n|-end|p2a: Walking Wake|Protosynthesis|[silent]\n|switch|p2a: Great Tusk|Great Tusk|100/100\n|-activate|p2a: Great Tusk|ability: Protosynthesis\n|-start|p2a: Great Tusk|protosynthesisspe\n|cant|p1a: Goodra|par\n|\n|-weather|SunnyDay|[upkeep]\n|upkeep\n|turn|8\n|\n|t:|1771218744\n|switch|p1a: Weezing|Weezing-Galar, M, shiny|100/100\n|move|p2a: Great Tusk|Ice Spinner|p1a: Weezing\n|-damage|p1a: Weezing|76/100\n|\n|-weather|none\n|-end|p2a: Great Tusk|Protosynthesis\n|-heal|p1a: Weezing|82/100|[from] item: Leftovers\n|upkeep\n|turn|9\n|j| readymatthew0129\n|\n|t:|1771218753\n|-end|p2a: Great Tusk|Protosynthesis|[silent]\n|switch|p2a: Ninetales|Ninetales, M|100/100\n|-weather|SunnyDay|[from] ability: Drought|[of] p2a: Ninetales\n|switch|p1a: Goodra|Goodra-Hisui, F, shiny|100/100 par\n|\n|-weather|SunnyDay|[upkeep]\n|upkeep\n|turn|10\n|\n|t:|1771218763\n|move|p2a: Ninetales|Weather Ball|p1a: Goodra\n|-damage|p1a: Goodra|83/100 par\n|move|p1a: Goodra|Dragon Pulse|p2a: Ninetales\n|-damage|p2a: Ninetales|62/100\n|\n|-weather|SunnyDay|[upkeep]\n|upkeep\n|turn|11\n|\n|t:|1771218768\n|switch|p2a: Great Tusk|Great Tusk|100/100\n|-activate|p2a: Great Tusk|ability: Protosynthesis\n|-start|p2a: Great Tusk|protosynthesisspe\n|cant|p1a: Goodra|par\n|\n|-weather|SunnyDay|[upkeep]\n|upkeep\n|turn|12\n|\n|t:|1771218782\n|-end|p2a: Great Tusk|Protosynthesis|[silent]\n|switch|p2a: Cinderace|Cinderace, M|100/100\n|switch|p1a: Weezing|Weezing-Galar, M, shiny|82/100\n|\n|-weather|SunnyDay|[upkeep]\n|-heal|p1a: Weezing|88/100|[from] item: Leftovers\n|upkeep\n|turn|13\n|\n|t:|1771218788\n|move|p2a: Cinderace|Pyro Ball|p1a: Weezing\n|-damage|p1a: Weezing|39/100\n|move|p1a: Weezing|Strange Steam|p2a: Cinderace\n|-resisted|p2a: Cinderace\n|-damage|p2a: Cinderace|83/100\n|\n|-weather|SunnyDay|[upkeep]\n|-heal|p1a: Weezing|45/100|[from] item: Leftovers\n|upkeep\n|turn|14\n|\n|t:|1771218793\n|move|p2a: Cinderace|Pyro Ball|p1a: Weezing\n|-damage|p1a: Weezing|0 fnt\n|faint|p1a: Weezing\n|\n|-weather|SunnyDay|[upkeep]\n|upkeep\n|\n|t:|1771218795\n|switch|p1a: Raikou|Raikou, shiny|100/100\n|-ability|p1a: Raikou|Pressure\n|turn|15\n|l| readymatthew0129\n|\n|t:|1771218801\n|move|p2a: Cinderace|U-turn|p1a: Raikou\n|-damage|p1a: Raikou|76/100\n|\n|t:|1771218803\n|switch|p2a: Great Tusk|Great Tusk|100/100|[from] U-turn\n|-activate|p2a: Great Tusk|ability: Protosynthesis\n|-start|p2a: Great Tusk|protosynthesisspe\n|move|p1a: Raikou|Thunder Wave|p2a: Great Tusk\n|-immune|p2a: Great Tusk\n|\n|-weather|SunnyDay|[upkeep]\n|upkeep\n|turn|16\n|\n|t:|1771218808\n|switch|p1a: Goodra|Goodra-Hisui, F, shiny|83/100 par\n|move|p2a: Great Tusk|Headlong Rush|p1a: Goodra\n|-supereffective|p1a: Goodra\n|-damage|p1a: Goodra|0 fnt\n|-unboost|p2a: Great Tusk|def|1\n|-unboost|p2a: Great Tusk|spd|1\n|-ability|p1a: Goodra|Gooey\n|-unboost|p2a: Great Tusk|spe|1\n|faint|p1a: Goodra\n|\n|-weather|none\n|-end|p2a: Great Tusk|Protosynthesis\n|upkeep\n|\n|t:|1771218810\n|switch|p1a: Raikou|Raikou, shiny|76/100\n|-ability|p1a: Raikou|Pressure\n|turn|17\n|\n|t:|1771218815\n|-end|p2a: Great Tusk|Protosynthesis|[silent]\n|switch|p2a: Ninetales|Ninetales, M|62/100\n|-weather|SunnyDay|[from] ability: Drought|[of] p2a: Ninetales\n|move|p1a: Raikou|Reflect|p1a: Raikou\n|-sidestart|p1: roddyj|Reflect\n|\n|-weather|SunnyDay|[upkeep]\n|upkeep\n|turn|18\n|j| sheatraniac\n|\n|t:|1771218825\n|switch|p2a: Cinderace|Cinderace, M|83/100\n|move|p1a: Raikou|Thunder Wave|p2a: Cinderace\n|-status|p2a: Cinderace|par\n|\n|-weather|SunnyDay|[upkeep]\n|upkeep\n|turn|19\n|\n|t:|1771218829\n|move|p1a: Raikou|Light Screen|p1a: Raikou\n|-sidestart|p1: roddyj|move: Light Screen\n|move|p2a: Cinderace|Court Change|p2a: Cinderace\n|-swapsideconditions\n|-activate|p2a: Cinderace|move: Court Change\n|\n|-weather|SunnyDay|[upkeep]\n|upkeep\n|turn|20\n|\n|t:|1771218833\n|switch|p2a: Walking Wake|Walking Wake|100/100\n|-activate|p2a: Walking Wake|ability: Protosynthesis\n|-start|p2a: Walking Wake|protosynthesisspa\n|move|p1a: Raikou|Reflect|p1a: Raikou\n|-sidestart|p1: roddyj|Reflect\n|\n|-weather|SunnyDay|[upkeep]\n|upkeep\n|turn|21\n|\n|t:|1771218838\n|move|p2a: Walking Wake|Hydro Steam|p1a: Raikou\n|-damage|p1a: Raikou|0 fnt\n|faint|p1a: Raikou\n|\n|-weather|SunnyDay|[upkeep]\n|upkeep\n|\n|t:|1771218843\n|switch|p1a: Manaphy|Manaphy, shiny|100/100\n|turn|22\n|\n|t:|1771218848\n|-terastallize|p2a: Walking Wake|Water\n|move|p2a: Walking Wake|Hydro Steam|p1a: Manaphy\n|-resisted|p1a: Manaphy\n|-damage|p1a: Manaphy|53/100\n|move|p1a: Manaphy|Take Heart|p1a: Manaphy\n|-boost|p1a: Manaphy|spa|1\n|-boost|p1a: Manaphy|spd|1\n|\n|-weather|SunnyDay|[upkeep]\n|-heal|p1a: Manaphy|60/100|[from] item: Leftovers\n|upkeep\n|turn|23\n|\n|t:|1771218862\n|-end|p2a: Walking Wake|Protosynthesis|[silent]\n|switch|p2a: Ninetales|Ninetales, M|62/100\n|move|p1a: Manaphy|Take Heart|p1a: Manaphy\n|-boost|p1a: Manaphy|spa|1\n|-boost|p1a: Manaphy|spd|1\n|\n|-weather|SunnyDay|[upkeep]\n|-heal|p1a: Manaphy|66/100|[from] item: Leftovers\n|upkeep\n|turn|24\n|\n|t:|1771218868\n|switch|p1a: Iron Crown|Iron Crown|100/100\n|move|p2a: Ninetales|Encore||[still]\n|-fail|p2a: Ninetales\n|\n|-weather|none\n|-sideend|p2: whatthefraax|Reflect\n|upkeep\n|turn|25\n|\n|t:|1771218875\n|switch|p2a: Cinderace|Cinderace, M|83/100 par\n|move|p1a: Iron Crown|Agility|p1a: Iron Crown\n|-boost|p1a: Iron Crown|spe|2\n|\n|upkeep\n|turn|26\n|\n|t:|1771218879\n|move|p1a: Iron Crown|Calm Mind|p1a: Iron Crown\n|-boost|p1a: Iron Crown|spa|1\n|-boost|p1a: Iron Crown|spd|1\n|move|p2a: Cinderace|Pyro Ball|p1a: Iron Crown\n|-supereffective|p1a: Iron Crown\n|-damage|p1a: Iron Crown|61/100\n|-enditem|p1a: Iron Crown|Weakness Policy\n|-boost|p1a: Iron Crown|atk|2|[from] item: Weakness Policy\n|-boost|p1a: Iron Crown|spa|2|[from] item: Weakness Policy\n|\n|-sideend|p2: whatthefraax|move: Light Screen\n|upkeep\n|turn|27\n|\n|t:|1771218897\n|move|p1a: Iron Crown|Stored Power|p2a: Cinderace\n|-damage|p2a: Cinderace|0 fnt\n|faint|p2a: Cinderace\n|\n|-sideend|p1: roddyj|Reflect\n|upkeep\n|\n|t:|1771218900\n|switch|p2a: Dragonite|Dragonite, M|100/100\n|turn|28\n|\n|t:|1771218903\n|move|p1a: Iron Crown|Stored Power|p2a: Dragonite\n|-damage|p2a: Dragonite|9/100\n|move|p2a: Dragonite|Earthquake|p1a: Iron Crown\n|-supereffective|p1a: Iron Crown\n|-damage|p1a: Iron Crown|0 fnt\n|faint|p1a: Iron Crown\n|-end|p1a: Iron Crown|Quark Drive|[silent]\n|\n|upkeep\n|\n|t:|1771218910\n|switch|p1a: Manaphy|Manaphy, shiny|66/100\n|turn|29\n|\n|t:|1771218916\n|switch|p2a: Ninetales|Ninetales, M|62/100\n|-weather|SunnyDay|[from] ability: Drought|[of] p2a: Ninetales\n|move|p1a: Manaphy|Acid Armor|p1a: Manaphy\n|-boost|p1a: Manaphy|def|2\n|\n|-weather|SunnyDay|[upkeep]\n|-heal|p1a: Manaphy|72/100|[from] item: Leftovers\n|upkeep\n|turn|30\n|\n|t:|1771218923\n|switch|p1a: Kingambit|Kingambit, M, shiny|100/100\n|-activate|p1a: Kingambit|ability: Supreme Overlord\n|-start|p1a: Kingambit|fallen4|[silent]\n|move|p2a: Ninetales|Encore||[still]\n|-fail|p2a: Ninetales\n|\n|-weather|SunnyDay|[upkeep]\n|upkeep\n|turn|31\n|\n|t:|1771218928\n|-end|p1a: Kingambit|fallen4|[silent]\n|switch|p1a: Manaphy|Manaphy, shiny|72/100\n|move|p2a: Ninetales|Will-O-Wisp|p1a: Manaphy\n|-status|p1a: Manaphy|brn\n|\n|-weather|SunnyDay|[upkeep]\n|-heal|p1a: Manaphy|78/100 brn|[from] item: Leftovers\n|-damage|p1a: Manaphy|72/100 brn|[from] brn\n|upkeep\n|turn|32\n|\n|t:|1771218933\n|switch|p2a: Great Tusk|Great Tusk|100/100\n|-activate|p2a: Great Tusk|ability: Protosynthesis\n|-start|p2a: Great Tusk|protosynthesisspe\n|move|p1a: Manaphy|Take Heart|p1a: Manaphy\n|-boost|p1a: Manaphy|spa|1\n|-boost|p1a: Manaphy|spd|1\n|-curestatus|p1a: Manaphy|brn|[msg]\n|\n|-weather|SunnyDay|[upkeep]\n|-heal|p1a: Manaphy|78/100|[from] item: Leftovers\n|upkeep\n|turn|33\n|\n|t:|1771218936\n|move|p2a: Great Tusk|Headlong Rush|p1a: Manaphy\n|-damage|p1a: Manaphy|31/100\n|-unboost|p2a: Great Tusk|def|1\n|-unboost|p2a: Great Tusk|spd|1\n|move|p1a: Manaphy|Acid Armor|p1a: Manaphy\n|-boost|p1a: Manaphy|def|2\n|\n|-weather|SunnyDay|[upkeep]\n|-heal|p1a: Manaphy|37/100|[from] item: Leftovers\n|upkeep\n|turn|34\n|l| sheatraniac\n|\n|t:|1771218944\n|move|p2a: Great Tusk|Headlong Rush|p1a: Manaphy\n|-damage|p1a: Manaphy|13/100\n|-unboost|p2a: Great Tusk|def|1\n|-unboost|p2a: Great Tusk|spd|1\n|move|p1a: Manaphy|Surf|p2a: Great Tusk\n|-supereffective|p2a: Great Tusk\n|-damage|p2a: Great Tusk|0 fnt\n|faint|p2a: Great Tusk\n|-end|p2a: Great Tusk|Protosynthesis|[silent]\n|\n|-weather|SunnyDay|[upkeep]\n|-heal|p1a: Manaphy|19/100|[from] item: Leftovers\n|upkeep\n|\n|t:|1771218949\n|switch|p2a: Walking Wake|Walking Wake, tera:Water|100/100\n|-activate|p2a: Walking Wake|ability: Protosynthesis\n|-start|p2a: Walking Wake|protosynthesisspa\n|turn|35\n|\n|t:|1771218953\n|move|p2a: Walking Wake|Hydro Steam|p1a: Manaphy\n|-resisted|p1a: Manaphy\n|-damage|p1a: Manaphy|0 fnt\n|faint|p1a: Manaphy\n|\n|-weather|SunnyDay|[upkeep]\n|upkeep\n|\n|t:|1771218955\n|switch|p1a: Kingambit|Kingambit, M, shiny|100/100\n|-activate|p1a: Kingambit|ability: Supreme Overlord\n|-start|p1a: Kingambit|fallen5|[silent]\n|turn|36\n|\n|t:|1771218960\n|-terastallize|p1a: Kingambit|Dark\n|move|p1a: Kingambit|Sucker Punch|p2a: Walking Wake\n|-damage|p2a: Walking Wake|6/100\n|move|p2a: Walking Wake|Hydro Steam|p1a: Kingambit\n|-damage|p1a: Kingambit|0 fnt\n|faint|p1a: Kingambit\n|-end|p1a: Kingambit|fallen5|[silent]\n|\n|win|whatthefraax\n|raw|roddyj's rating: 1684 &rarr; <strong>1670</strong><br />(-14 for losing)\n|raw|whatthefraax's rating: 1786 &rarr; <strong>1800</strong><br />(+14 for winning)\n|l|☆roddyj\n|player|p1|\n|c|☆whatthefraax|gg\n", "uploadtime": 1771219030, "views": 6, "formatid": "gen9ou", "rating": 1670, "private": 0, "password": null}