{"id": "gen9ou-2639939535", "format": "[Gen 9] OU", "players": ["batonpassrulz", "fachkus"], "log": "|j|☆batonpassrulz\n|j|☆fachkus\n|t:|1782548168\n|gametype|singles\n|player|p1|batonpassrulz|cynthia-gen7|1533\n|player|p2|fachkus|1|1607\n|gen|9\n|tier|[Gen 9] OU\n|rated|\n|rule|HP Percentage Mod: HP is shown in percentages\n|rule|Endless Battle Clause: Forcing endless battles is banned\n|rule|Species Clause: Limit one of each Pokémon\n|rule|OHKO Clause: OHKO moves are banned\n|rule|Evasion Items Clause: Evasion items are banned\n|rule|Evasion Moves Clause: Evasion moves are banned\n|rule|Evasion Abilities Clause: Evasion abilities are banned\n|rule|Sleep Moves Clause: Sleep-inducing moves are banned\n|clearpoke\n|poke|p1|Enamorus, F|\n|poke|p1|Great Tusk|\n|poke|p1|Iron Crown|\n|poke|p1|Lokix, M|\n|poke|p1|Alomomola, M|\n|poke|p1|Pecharunt|\n|poke|p2|Iron Moth|\n|poke|p2|Gliscor, M|\n|poke|p2|Hatterene, F|\n|poke|p2|Ogerpon-Wellspring, F|\n|poke|p2|Raging Bolt|\n|poke|p2|Zamazenta-*|\n|teampreview\n|inactive|Battle timer is ON: inactive players will automatically lose when time's up. (requested by batonpassrulz)\n|inactive|fachkus also wants the timer to be on.\n|inactive|batonpassrulz has 120 seconds left.\n|\n|t:|1782548210\n|teamsize|p1|6\n|teamsize|p2|6\n|start\n|switch|p1a: Edgar|Lokix, M, shiny|100/100\n|switch|p2a: Raging Bolt|Raging Bolt|100/100\n|-enditem|p2a: Raging Bolt|Booster Energy\n|-activate|p2a: Raging Bolt|ability: Protosynthesis|[fromitem]\n|-start|p2a: Raging Bolt|protosynthesisspa\n|turn|1\n|\n|t:|1782548219\n|move|p2a: Raging Bolt|Thunderclap|p1a: Edgar\n|-damage|p1a: Edgar|0 fnt\n|faint|p1a: Edgar\n|\n|upkeep\n|\n|t:|1782548238\n|switch|p1a: Behemoth|Great Tusk, shiny|100/100\n|turn|2\n|\n|t:|1782548246\n|-terastallize|p2a: Raging Bolt|Ghost\n|move|p1a: Behemoth|Headlong Rush|p2a: Raging Bolt\n|-damage|p2a: Raging Bolt|42/100\n|-unboost|p1a: Behemoth|def|1\n|-unboost|p1a: Behemoth|spd|1\n|move|p2a: Raging Bolt|Dragon Pulse|p1a: Behemoth\n|-damage|p1a: Behemoth|0 fnt\n|faint|p1a: Behemoth\n|-end|p1a: Behemoth|Protosynthesis|[silent]\n|\n|upkeep\n|\n|t:|1782548261\n|switch|p1a: Braveheart|Iron Crown|100/100\n|turn|3\n|\n|t:|1782548269\n|move|p2a: Raging Bolt|Thunderclap|p1a: Braveheart\n|-damage|p1a: Braveheart|44/100\n|move|p1a: Braveheart|Tachyon Cutter|p2a: Raging Bolt\n|-damage|p2a: Raging Bolt|5/100\n|-damage|p2a: Raging Bolt|0 fnt\n|faint|p2a: Raging Bolt\n|-end|p2a: Raging Bolt|Protosynthesis|[silent]\n|-hitcount|p2: Raging Bolt|2\n|\n|upkeep\n|\n|t:|1782548279\n|switch|p2a: Zamazenta|Zamazenta|100/100\n|-ability|p2a: Zamazenta|Dauntless Shield|boost\n|-boost|p2a: Zamazenta|def|1\n|turn|4\n|\n|t:|1782548286\n|-end|p1a: Braveheart|Quark Drive|[silent]\n|switch|p1a: Overseer|Pecharunt|100/100\n|move|p2a: Zamazenta|Light Screen|p2a: Zamazenta\n|-sidestart|p2: fachkus|move: Light Screen\n|\n|upkeep\n|turn|5\n|\n|t:|1782548294\n|switch|p2a: Gliscor|Gliscor, M|100/100\n|move|p1a: Overseer|Malignant Chain|p2a: Gliscor\n|-resisted|p2a: Gliscor\n|-damage|p2a: Gliscor|91/100\n|\n|-status|p2a: Gliscor|tox|[from] item: Toxic Orb\n|upkeep\n|turn|6\n|\n|t:|1782548307\n|switch|p1a: Pisces|Alomomola, M, shiny|100/100\n|move|p2a: Gliscor|Swords Dance|p2a: Gliscor\n|-boost|p2a: Gliscor|atk|2\n|\n|-heal|p2a: Gliscor|100/100 tox|[from] ability: Poison Heal\n|upkeep\n|turn|7\n|\n|t:|1782548316\n|move|p2a: Gliscor|Agility|p2a: Gliscor\n|-boost|p2a: Gliscor|spe|2\n|move|p1a: Pisces|Flip Turn|p2a: Gliscor\n|-supereffective|p2a: Gliscor\n|-damage|p2a: Gliscor|75/100 tox\n|-message|batonpassrulz forfeited.\n|\n|win|fachkus\n|raw|batonpassrulz's rating: 1533 &rarr; <strong>1517</strong><br />(-16 for losing)\n|raw|fachkus's rating: 1607 &rarr; <strong>1623</strong><br />(+16 for winning)\n|l|☆batonpassrulz\n|player|p1|\n", "uploadtime": 1782548324, "views": 19, "formatid": "gen9ou", "rating": 1517, "private": 0, "password": null}