{"id": "gen9ou-2540617323", "format": "[Gen 9] OU", "players": ["SpringLucina", "DonDeLenguas"], "log": "|j|☆SpringLucina\n|j|☆DonDeLenguas\n|t:|1771228114\n|gametype|singles\n|player|p1|SpringLucina|will|1590\n|player|p2|DonDeLenguas|265|1508\n|gen|9\n|tier|[Gen 9] OU\n|rated|\n|rule|HP Percentage Mod: HP is shown in percentages\n|rule|Endless Battle Clause: Forcing endless battles is banned\n|rule|Species Clause: Limit one of each Pokémon\n|rule|OHKO Clause: OHKO moves are banned\n|rule|Evasion Items Clause: Evasion items are banned\n|rule|Evasion Moves Clause: Evasion moves are banned\n|rule|Evasion Abilities Clause: Evasion abilities are banned\n|rule|Sleep Moves Clause: Sleep-inducing moves are banned\n|clearpoke\n|poke|p1|Cinderace, F|\n|poke|p1|Landorus-Therian, M|\n|poke|p1|Hatterene, F|\n|poke|p1|Darkrai|\n|poke|p1|Kyurem|\n|poke|p1|Iron Valiant|\n|poke|p2|Primarina, F|\n|poke|p2|Meowscarada, F|\n|poke|p2|Heatran, M|\n|poke|p2|Dragapult, F|\n|poke|p2|Iron Valiant|\n|poke|p2|Great Tusk|\n|teampreview\n|\n|t:|1771228132\n|teamsize|p1|6\n|teamsize|p2|6\n|start\n|switch|p1a: Landorus|Landorus-Therian, M|100/100\n|switch|p2a: Dragapult|Dragapult, F|100/100\n|-ability|p1a: Landorus|Intimidate|boost\n|-fail|p2a: Dragapult|unboost|[from] ability: Clear Body|[of] p2a: Dragapult\n|turn|1\n|\n|t:|1771228137\n|move|p2a: Dragapult|Shadow Ball|p1a: Landorus\n|-damage|p1a: Landorus|41/100\n|move|p1a: Landorus|Stealth Rock|p2a: Dragapult\n|-sidestart|p2: DonDeLenguas|move: Stealth Rock\n|\n|upkeep\n|turn|2\n|\n|t:|1771228145\n|switch|p1a: Darkrai|Darkrai|100/100\n|move|p2a: Dragapult|Shadow Ball|p1a: Darkrai\n|-resisted|p1a: Darkrai\n|-damage|p1a: Darkrai|65/100\n|\n|upkeep\n|turn|3\n|\n|t:|1771228151\n|switch|p2a: Heatran|Heatran, M|100/100\n|-damage|p2a: Heatran|88/100|[from] Stealth Rock\n|move|p1a: Darkrai|Dark Pulse|p2a: Heatran\n|-damage|p2a: Heatran|59/100\n|\n|-heal|p2a: Heatran|65/100|[from] item: Leftovers\n|upkeep\n|turn|4\n|\n|t:|1771228158\n|switch|p1a: Hatterene|Hatterene, F|100/100\n|move|p2a: Heatran|Stealth Rock|p1a: Hatterene\n|move|p1a: Hatterene|Stealth Rock||[from] ability: Magic Bounce|[still]\n|-fail|p1a: Hatterene\n|\n|-heal|p2a: Heatran|71/100|[from] item: Leftovers\n|upkeep\n|turn|5\n|\n|t:|1771228166\n|move|p2a: Heatran|Lava Plume|p1a: Hatterene\n|-damage|p1a: Hatterene|62/100\n|-status|p1a: Hatterene|brn\n|move|p1a: Hatterene|Nuzzle|p2a: Heatran\n|-damage|p2a: Heatran|70/100\n|-status|p2a: Heatran|par\n|\n|-heal|p2a: Heatran|76/100 par|[from] item: Leftovers\n|-damage|p1a: Hatterene|56/100 brn|[from] brn\n|upkeep\n|turn|6\n|\n|t:|1771228173\n|move|p1a: Hatterene|Healing Wish|p1a: Hatterene\n|faint|p1a: Hatterene\n|move|p2a: Heatran|Lava Plume|p1: Hatterene|[notarget]\n|-fail|p2a: Heatran\n|\n|-heal|p2a: Heatran|82/100 par|[from] item: Leftovers\n|upkeep\n|\n|t:|1771228177\n|switch|p1a: Landorus|Landorus-Therian, M|41/100\n|-heal|p1a: Landorus|100/100|[from] move: Healing Wish\n|-ability|p1a: Landorus|Intimidate|boost\n|-unboost|p2a: Heatran|atk|1\n|turn|7\n|\n|t:|1771228183\n|switch|p2a: Great Tusk|Great Tusk|100/100\n|move|p1a: Landorus|Earth Power|p2a: Great Tusk\n|-damage|p2a: Great Tusk|52/100\n|\n|upkeep\n|turn|8\n|\n|t:|1771228194\n|-end|p2a: Great Tusk|Protosynthesis|[silent]\n|switch|p2a: Meowscarada|Meowscarada, F|100/100\n|-damage|p2a: Meowscarada|88/100|[from] Stealth Rock\n|move|p1a: Landorus|Earth Power|p2a: Meowscarada\n|-resisted|p2a: Meowscarada\n|-damage|p2a: Meowscarada|62/100\n|\n|upkeep\n|turn|9\n|\n|t:|1771228227\n|move|p2a: Meowscarada|U-turn|p1a: Landorus\n|-start|p2a: Meowscarada|typechange|Bug|[from] ability: Protean\n|-resisted|p1a: Landorus\n|-damage|p1a: Landorus|86/100\n|-damage|p2a: Meowscarada|45/100|[from] item: Rocky Helmet|[of] p1a: Landorus\n|\n|t:|1771228231\n|switch|p2a: Primarina|Primarina, F|100/100|[from] U-turn\n|-damage|p2a: Primarina|88/100|[from] Stealth Rock\n|move|p1a: Landorus|U-turn|p2a: Primarina\n|-resisted|p2a: Primarina\n|-damage|p2a: Primarina|74/100\n|\n|t:|1771228237\n|switch|p1a: Darkrai|Darkrai|65/100|[from] U-turn\n|\n|upkeep\n|turn|10\n|\n|t:|1771228240\n|move|p1a: Darkrai|Sludge Bomb|p2a: Primarina\n|-supereffective|p2a: Primarina\n|-damage|p2a: Primarina|32/100\n|-status|p2a: Primarina|psn\n|move|p2a: Primarina|Moonblast|p1a: Darkrai\n|-supereffective|p1a: Darkrai\n|-enditem|p1a: Darkrai|Roseli Berry|[eat]\n|-enditem|p1a: Darkrai|Roseli Berry|[weaken]\n|-damage|p1a: Darkrai|0 fnt\n|faint|p1a: Darkrai\n|\n|-damage|p2a: Primarina|19/100 psn|[from] psn\n|upkeep\n|\n|t:|1771228289\n|switch|p1a: Kyurem|Kyurem|100/100\n|-ability|p1a: Kyurem|Pressure\n|turn|11\n|\n|t:|1771228297\n|move|p1a: Kyurem|Substitute|p1a: Kyurem\n|-start|p1a: Kyurem|Substitute\n|-damage|p1a: Kyurem|76/100\n|move|p2a: Primarina|Moonblast|p1a: Kyurem\n|-supereffective|p1a: Kyurem\n|-end|p1a: Kyurem|Substitute\n|\n|-damage|p2a: Primarina|7/100 psn|[from] psn\n|upkeep\n|turn|12\n|\n|t:|1771228301\n|move|p1a: Kyurem|Tera Blast|p2a: Primarina\n|-damage|p2a: Primarina|0 fnt\n|faint|p2a: Primarina\n|\n|upkeep\n|\n|t:|1771228312\n|switch|p2a: Dragapult|Dragapult, F|100/100\n|-damage|p2a: Dragapult|88/100|[from] Stealth Rock\n|turn|13\n|\n|t:|1771228315\n|move|p2a: Dragapult|Shadow Ball|p1a: Kyurem\n|-damage|p1a: Kyurem|27/100\n|move|p1a: Kyurem|Icicle Spear|p2a: Dragapult\n|-supereffective|p2a: Dragapult\n|-damage|p2a: Dragapult|54/100\n|-supereffective|p2a: Dragapult\n|-damage|p2a: Dragapult|18/100\n|-supereffective|p2a: Dragapult\n|-damage|p2a: Dragapult|0 fnt\n|faint|p2a: Dragapult\n|-hitcount|p2: Dragapult|3\n|\n|upkeep\n|\n|t:|1771228327\n|switch|p2a: Iron Valiant|Iron Valiant|100/100\n|-damage|p2a: Iron Valiant|94/100|[from] Stealth Rock\n|-enditem|p2a: Iron Valiant|Booster Energy\n|-activate|p2a: Iron Valiant|ability: Quark Drive|[fromitem]\n|-start|p2a: Iron Valiant|quarkdrivespe\n|turn|14\n|\n|t:|1771228333\n|move|p2a: Iron Valiant|Close Combat|p1a: Kyurem\n|-supereffective|p1a: Kyurem\n|-damage|p1a: Kyurem|0 fnt\n|-unboost|p2a: Iron Valiant|def|1\n|-unboost|p2a: Iron Valiant|spd|1\n|faint|p1a: Kyurem\n|\n|upkeep\n|\n|t:|1771228338\n|switch|p1a: Cinderace|Cinderace, F|100/100\n|turn|15\n|\n|t:|1771228346\n|-end|p2a: Iron Valiant|Quark Drive|[silent]\n|switch|p2a: Heatran|Heatran, M|82/100 par\n|-damage|p2a: Heatran|70/100 par|[from] Stealth Rock\n|move|p1a: Cinderace|Pyro Ball|p2a: Heatran\n|-start|p2a: Heatran|ability: Flash Fire\n|\n|-heal|p2a: Heatran|76/100 par|[from] item: Leftovers\n|upkeep\n|turn|16\n|\n|t:|1771228352\n|move|p1a: Cinderace|Swords Dance|p1a: Cinderace\n|-boost|p1a: Cinderace|atk|2\n|move|p2a: Heatran|Lava Plume|p1a: Cinderace\n|-resisted|p1a: Cinderace\n|-damage|p1a: Cinderace|67/100\n|\n|-heal|p2a: Heatran|82/100 par|[from] item: Leftovers\n|upkeep\n|turn|17\n|\n|t:|1771228361\n|move|p1a: Cinderace|Swords Dance|p1a: Cinderace\n|-boost|p1a: Cinderace|atk|2\n|move|p2a: Heatran|Earth Power|p1a: Cinderace\n|-supereffective|p1a: Cinderace\n|-damage|p1a: Cinderace|0 fnt\n|faint|p1a: Cinderace\n|\n|-heal|p2a: Heatran|88/100 par|[from] item: Leftovers\n|upkeep\n|\n|t:|1771228364\n|switch|p1a: Landorus|Landorus-Therian, M|86/100\n|-ability|p1a: Landorus|Intimidate|boost\n|-unboost|p2a: Heatran|atk|1\n|turn|18\n|\n|t:|1771228379\n|move|p1a: Landorus|Earth Power|p2a: Heatran\n|-supereffective|p2a: Heatran\n|-damage|p2a: Heatran|1/100 par\n|move|p2a: Heatran|Lava Plume|p1a: Landorus\n|-damage|p1a: Landorus|32/100\n|-status|p1a: Landorus|brn\n|\n|-heal|p2a: Heatran|7/100 par|[from] item: Leftovers\n|-damage|p1a: Landorus|26/100 brn|[from] brn\n|upkeep\n|turn|19\n|\n|t:|1771228386\n|move|p1a: Landorus|Earth Power|p2a: Heatran\n|-supereffective|p2a: Heatran\n|-damage|p2a: Heatran|0 fnt\n|faint|p2a: Heatran\n|\n|-damage|p1a: Landorus|20/100 brn|[from] brn\n|upkeep\n|\n|t:|1771228389\n|switch|p2a: Great Tusk|Great Tusk|52/100\n|turn|20\n|\n|t:|1771228392\n|move|p1a: Landorus|Earth Power|p2a: Great Tusk\n|-damage|p2a: Great Tusk|6/100\n|move|p2a: Great Tusk|Rapid Spin|p1a: Landorus\n|-damage|p1a: Landorus|2/100 brn\n|-boost|p2a: Great Tusk|spe|1\n|-damage|p2a: Great Tusk|0 fnt|[from] item: Rocky Helmet|[of] p1a: Landorus\n|faint|p2a: Great Tusk\n|-end|p2a: Great Tusk|Protosynthesis|[silent]\n|\n|-damage|p1a: Landorus|0 fnt|[from] brn\n|faint|p1a: Landorus\n|upkeep\n|\n|t:|1771228398\n|switch|p1a: Iron Valiant|Iron Valiant|100/100\n|switch|p2a: Iron Valiant|Iron Valiant|94/100\n|-damage|p2a: Iron Valiant|88/100|[from] Stealth Rock\n|-enditem|p1a: Iron Valiant|Booster Energy\n|-activate|p1a: Iron Valiant|ability: Quark Drive|[fromitem]\n|-start|p1a: Iron Valiant|quarkdrivespe\n|turn|21\n|\n|t:|1771228414\n|-terastallize|p2a: Iron Valiant|Steel\n|move|p1a: Iron Valiant|Moonblast|p2a: Iron Valiant\n|-resisted|p2a: Iron Valiant\n|-damage|p2a: Iron Valiant|51/100\n|move|p2a: Iron Valiant|Moonblast|p1a: Iron Valiant\n|-supereffective|p1a: Iron Valiant\n|-damage|p1a: Iron Valiant|0 fnt\n|faint|p1a: Iron Valiant\n|-end|p1a: Iron Valiant|Quark Drive|[silent]\n|\n|win|DonDeLenguas\n|raw|SpringLucina's rating: 1590 &rarr; <strong>1565</strong><br />(-25 for losing)\n|raw|DonDeLenguas's rating: 1508 &rarr; <strong>1533</strong><br />(+25 for winning)\n|l|☆SpringLucina\n|player|p1|\n", "uploadtime": 1771228617, "views": 9, "formatid": "gen9ou", "rating": 1533, "private": 0, "password": null}