{"id": "gen9ou-2639300044", "format": "[Gen 9] OU", "players": ["swiftift", "HisokaG4"], "log": "|j|☆swiftift\n|j|☆HisokaG4\n|t:|1782448606\n|gametype|singles\n|player|p1|swiftift|grimsley|1227\n|player|p2|HisokaG4|cyclist|1222\n|gen|9\n|tier|[Gen 9] OU\n|rated|\n|rule|HP Percentage Mod: HP is shown in percentages\n|rule|Endless Battle Clause: Forcing endless battles is banned\n|rule|Species Clause: Limit one of each Pokémon\n|rule|OHKO Clause: OHKO moves are banned\n|rule|Evasion Items Clause: Evasion items are banned\n|rule|Evasion Moves Clause: Evasion moves are banned\n|rule|Evasion Abilities Clause: Evasion abilities are banned\n|rule|Sleep Moves Clause: Sleep-inducing moves are banned\n|clearpoke\n|poke|p1|Ribombee, M|\n|poke|p1|Kingambit, M|\n|poke|p1|Slither Wing|\n|poke|p1|Corviknight, F|\n|poke|p1|Iron Crown|\n|poke|p1|Gliscor, M|\n|poke|p2|Lapras, M|\n|poke|p2|Ditto|\n|poke|p2|Gardevoir, F|\n|poke|p2|Hydreigon, M|\n|poke|p2|Tauros-Paldea-Blaze, M|\n|poke|p2|Forretress, M|\n|teampreview\n|\n|t:|1782448616\n|teamsize|p1|6\n|teamsize|p2|6\n|start\n|switch|p1a: Slither Wing|Slither Wing, shiny|100/100\n|switch|p2a: DivaNegraG4|Gardevoir, F, shiny|100/100\n|turn|1\n|\n|t:|1782448628\n|move|p1a: Slither Wing|First Impression|p2a: DivaNegraG4\n|-damage|p2a: DivaNegraG4|0 fnt\n|faint|p2a: DivaNegraG4\n|-damage|p1a: Slither Wing|91/100|[from] item: Life Orb\n|\n|upkeep\n|\n|t:|1782448645\n|switch|p2a: Estagiario1.G4|Tauros-Paldea-Blaze, M|100/100\n|-ability|p2a: Estagiario1.G4|Intimidate|boost\n|-unboost|p1a: Slither Wing|atk|1\n|turn|2\n|\n|t:|1782448653\n|-end|p1a: Slither Wing|Protosynthesis|[silent]\n|switch|p1a: Gliscor|Gliscor, M|100/100\n|move|p2a: Estagiario1.G4|Flare Blitz|p1a: Gliscor\n|-damage|p1a: Gliscor|41/100\n|-damage|p2a: Estagiario1.G4|81/100|[from] Recoil\n|\n|-status|p1a: Gliscor|tox|[from] item: Toxic Orb\n|upkeep\n|turn|3\n|\n|t:|1782448664\n|move|p1a: Gliscor|Protect|p1a: Gliscor\n|-singleturn|p1a: Gliscor|Protect\n|move|p2a: Estagiario1.G4|Flare Blitz|p1a: Gliscor\n|-activate|p1a: Gliscor|move: Protect\n|\n|-heal|p1a: Gliscor|53/100 tox|[from] ability: Poison Heal\n|upkeep\n|turn|4\n|\n|t:|1782448685\n|switch|p1a: Ribombee|Ribombee, M|100/100\n|move|p2a: Estagiario1.G4|Flare Blitz|p1a: Ribombee\n|-supereffective|p1a: Ribombee\n|-enditem|p1a: Ribombee|Focus Sash\n|-damage|p1a: Ribombee|1/100\n|-damage|p2a: Estagiario1.G4|52/100|[from] Recoil\n|\n|upkeep\n|turn|5\n|inactive|Battle timer is ON: inactive players will automatically lose when time's up. (requested by swiftift)\n|\n|t:|1782448695\n|move|p2a: Estagiario1.G4|Flare Blitz|p1a: Ribombee\n|-supereffective|p1a: Ribombee\n|-damage|p1a: Ribombee|0 fnt\n|faint|p1a: Ribombee\n|-damage|p2a: Estagiario1.G4|51/100|[from] Recoil\n|\n|upkeep\n|\n|t:|1782448709\n|switch|p1a: Kingambit|Kingambit, M, shiny|100/100\n|-activate|p1a: Kingambit|ability: Supreme Overlord\n|-start|p1a: Kingambit|fallen1|[silent]\n|turn|6\n|\n|t:|1782448715\n|move|p2a: Estagiario1.G4|Flare Blitz|p1a: Kingambit\n|-supereffective|p1a: Kingambit\n|-enditem|p1a: Kingambit|Focus Sash\n|-damage|p1a: Kingambit|1/100\n|-damage|p2a: Estagiario1.G4|13/100|[from] Recoil\n|move|p1a: Kingambit|Swords Dance|p1a: Kingambit\n|-boost|p1a: Kingambit|atk|2\n|\n|upkeep\n|turn|7\n|inactive|HisokaG4 has 120 seconds left.\n|inactive|HisokaG4 has 90 seconds left.\n|\n|t:|1782448777\n|switch|p2a: Estagiario2.G4|Forretress, M|100/100\n|move|p1a: Kingambit|Sucker Punch||[still]\n|-fail|p1a: Kingambit\n|\n|upkeep\n|turn|8\n|inactive|HisokaG4 has 90 seconds left.\n|\n|t:|1782448795\n|move|p1a: Kingambit|Sucker Punch||[still]\n|-fail|p1a: Kingambit\n|move|p2a: Estagiario2.G4|Stealth Rock|p1a: Kingambit\n|-sidestart|p1: swiftift|move: Stealth Rock\n|\n|upkeep\n|turn|9\n|inactive|HisokaG4 has 90 seconds left.\n|inactive|HisokaG4 has 60 seconds left.\n|\n|t:|1782448860\n|move|p1a: Kingambit|Brick Break|p2a: Estagiario2.G4\n|-damage|p2a: Estagiario2.G4|58/100\n|-enditem|p2a: Estagiario2.G4|Red Card|[of] p1a: Kingambit\n|-end|p1a: Kingambit|fallen1|[silent]\n|drag|p1a: Corviknight|Corviknight, F|100/100\n|-damage|p1a: Corviknight|88/100|[from] Stealth Rock\n|move|p2a: Estagiario2.G4|Rapid Spin|p1a: Corviknight\n|-resisted|p1a: Corviknight\n|-damage|p1a: Corviknight|84/100\n|-boost|p2a: Estagiario2.G4|spe|1\n|-damage|p2a: Estagiario2.G4|41/100|[from] item: Rocky Helmet|[of] p1a: Corviknight\n|\n|upkeep\n|turn|10\n|inactive|HisokaG4 has 30 seconds left.\n|\n|t:|1782448886\n|switch|p2a: CerberosG4|Hydreigon, M, shiny|100/100\n|move|p1a: Corviknight|Defog|p2a: CerberosG4\n|-unboost|p2a: CerberosG4|evasion|1\n|-sideend|p1: swiftift|Stealth Rock|[from] move: Defog|[of] p1a: Corviknight\n|\n|upkeep\n|turn|11\n|inactive|HisokaG4 has 30 seconds left.\n|\n|t:|1782448894\n|move|p2a: CerberosG4|Flamethrower|p1a: Corviknight\n|-supereffective|p1a: Corviknight\n|-damage|p1a: Corviknight|5/100\n|move|p1a: Corviknight|Body Press|p2a: CerberosG4\n|-supereffective|p2a: CerberosG4\n|-damage|p2a: CerberosG4|51/100\n|\n|-heal|p2a: CerberosG4|58/100|[from] item: Leftovers\n|upkeep\n|turn|12\n|inactive|HisokaG4 has 30 seconds left.\n|\n|t:|1782448907\n|move|p2a: CerberosG4|Flamethrower|p1a: Corviknight\n|-supereffective|p1a: Corviknight\n|-damage|p1a: Corviknight|0 fnt\n|faint|p1a: Corviknight\n|\n|-heal|p2a: CerberosG4|64/100|[from] item: Leftovers\n|upkeep\n|\n|t:|1782448913\n|switch|p1a: Slither Wing|Slither Wing, shiny|91/100\n|turn|13\n|\n|t:|1782448926\n|move|p1a: Slither Wing|First Impression|p2a: CerberosG4\n|-supereffective|p2a: CerberosG4\n|-damage|p2a: CerberosG4|0 fnt\n|faint|p2a: CerberosG4\n|-damage|p1a: Slither Wing|81/100|[from] item: Life Orb\n|\n|upkeep\n|\n|t:|1782448933\n|switch|p2a: Estagiario1.G4|Tauros-Paldea-Blaze, M|13/100\n|-ability|p2a: Estagiario1.G4|Intimidate|boost\n|-unboost|p1a: Slither Wing|atk|1\n|turn|14\n|\n|t:|1782448943\n|-end|p1a: Slither Wing|Protosynthesis|[silent]\n|switch|p1a: Kingambit|Kingambit, M, shiny|1/100\n|-activate|p1a: Kingambit|ability: Supreme Overlord\n|-start|p1a: Kingambit|fallen2|[silent]\n|move|p2a: Estagiario1.G4|Flare Blitz|p1a: Kingambit\n|-supereffective|p1a: Kingambit\n|-crit|p1a: Kingambit\n|-damage|p1a: Kingambit|0 fnt\n|faint|p1a: Kingambit\n|-end|p1a: Kingambit|fallen2|[silent]\n|-damage|p2a: Estagiario1.G4|12/100|[from] Recoil\n|\n|upkeep\n|\n|t:|1782448946\n|switch|p1a: Slither Wing|Slither Wing, shiny|81/100\n|turn|15\n|inactive|HisokaG4 has 30 seconds left.\n|\n|t:|1782448977\n|move|p1a: Slither Wing|First Impression|p2a: Estagiario1.G4\n|-resisted|p2a: Estagiario1.G4\n|-damage|p2a: Estagiario1.G4|0 fnt\n|faint|p2a: Estagiario1.G4\n|-damage|p1a: Slither Wing|71/100|[from] item: Life Orb\n|\n|upkeep\n|inactive|HisokaG4 has 30 seconds left this turn.\n|\n|t:|1782448985\n|switch|p2a: InvejaG4|Ditto|100/100\n|-transform|p2a: InvejaG4|p1a: Slither Wing|[from] ability: Imposter\n|turn|16\n|inactive|HisokaG4 has 30 seconds left.\n|\n|t:|1782449000\n|-terastallize|p1a: Slither Wing|Fire\n|move|p2a: InvejaG4|First Impression|p1a: Slither Wing\n|-resisted|p1a: Slither Wing\n|-damage|p1a: Slither Wing|43/100\n|move|p1a: Slither Wing|Flare Blitz|p2a: InvejaG4\n|-supereffective|p2a: InvejaG4\n|-enditem|p2a: InvejaG4|Focus Sash\n|-damage|p2a: InvejaG4|1/100\n|-damage|p1a: Slither Wing|14/100|[from] Recoil\n|-damage|p1a: Slither Wing|4/100|[from] item: Life Orb\n|\n|upkeep\n|turn|17\n|inactive|HisokaG4 has 30 seconds left.\n|\n|t:|1782449019\n|move|p2a: InvejaG4|Flare Blitz|p1a: Slither Wing\n|-resisted|p1a: Slither Wing\n|-damage|p1a: Slither Wing|0 fnt\n|faint|p1a: Slither Wing\n|-end|p1a: Slither Wing|Protosynthesis|[silent]\n|-damage|p2a: InvejaG4|0 fnt|[from] Recoil\n|faint|p2a: InvejaG4\n|-end|p2a: InvejaG4|Protosynthesis|[silent]\n|\n|upkeep\n|inactive|HisokaG4 has 30 seconds left this turn.\n|\n|t:|1782449030\n|switch|p1a: Gliscor|Gliscor, M|53/100 tox\n|switch|p2a: ReiGeladoG4|Lapras, M|100/100\n|turn|18\n|inactive|HisokaG4 has 30 seconds left.\n|\n|t:|1782449036\n|move|p1a: Gliscor|Protect|p1a: Gliscor\n|-singleturn|p1a: Gliscor|Protect\n|move|p2a: ReiGeladoG4|Ice Beam|p1a: Gliscor\n|-activate|p1a: Gliscor|move: Protect\n|\n|-heal|p1a: Gliscor|66/100 tox|[from] ability: Poison Heal\n|upkeep\n|turn|19\n|\n|t:|1782449045\n|switch|p1a: Iron Crown|Iron Crown|100/100\n|move|p2a: ReiGeladoG4|Ice Beam|p1a: Iron Crown\n|-resisted|p1a: Iron Crown\n|-damage|p1a: Iron Crown|87/100\n|\n|upkeep\n|turn|20\n|\n|t:|1782449056\n|-terastallize|p2a: ReiGeladoG4|Ground\n|move|p1a: Iron Crown|Volt Switch|p2a: ReiGeladoG4\n|-immune|p2a: ReiGeladoG4\n|move|p2a: ReiGeladoG4|Surf|p1a: Iron Crown\n|-damage|p1a: Iron Crown|59/100\n|\n|upkeep\n|turn|21\n|\n|t:|1782449065\n|-end|p1a: Iron Crown|Quark Drive|[silent]\n|switch|p1a: Gliscor|Gliscor, M|66/100 tox\n|move|p2a: ReiGeladoG4|Surf|p1a: Gliscor\n|-supereffective|p1a: Gliscor\n|-damage|p1a: Gliscor|0 fnt\n|faint|p1a: Gliscor\n|\n|upkeep\n|\n|t:|1782449071\n|switch|p1a: Iron Crown|Iron Crown|59/100\n|turn|22\n|\n|t:|1782449081\n|move|p1a: Iron Crown|Psychic|p2a: ReiGeladoG4\n|-damage|p2a: ReiGeladoG4|60/100\n|-unboost|p2a: ReiGeladoG4|spd|1\n|move|p2a: ReiGeladoG4|Surf|p1a: Iron Crown\n|-damage|p1a: Iron Crown|31/100\n|\n|upkeep\n|turn|23\n|inactive|HisokaG4 has 60 seconds left.\n|\n|t:|1782449091\n|switch|p2a: Estagiario2.G4|Forretress, M|41/100\n|move|p1a: Iron Crown|Psychic|p2a: Estagiario2.G4\n|-resisted|p2a: Estagiario2.G4\n|-damage|p2a: Estagiario2.G4|0 fnt\n|faint|p2a: Estagiario2.G4\n|\n|upkeep\n|inactive|HisokaG4 has 60 seconds left.\n|\n|t:|1782449099\n|switch|p2a: ReiGeladoG4|Lapras, M, tera:Ground|60/100\n|turn|24\n|\n|t:|1782449103\n|move|p1a: Iron Crown|Psychic|p2a: ReiGeladoG4\n|-damage|p2a: ReiGeladoG4|22/100\n|move|p2a: ReiGeladoG4|Surf|p1a: Iron Crown\n|-damage|p1a: Iron Crown|4/100\n|\n|upkeep\n|turn|25\n|\n|t:|1782449110\n|move|p2a: ReiGeladoG4|Ice Shard|p1a: Iron Crown\n|-resisted|p1a: Iron Crown\n|-damage|p1a: Iron Crown|0 fnt\n|faint|p1a: Iron Crown\n|-end|p1a: Iron Crown|Quark Drive|[silent]\n|\n|win|HisokaG4\n|raw|swiftift's rating: 1227 &rarr; <strong>1202</strong><br />(-25 for losing)\n|raw|HisokaG4's rating: 1222 &rarr; <strong>1247</strong><br />(+25 for winning)\n|l|☆swiftift\n|player|p1|\n|l|☆HisokaG4\n|player|p2|\n", "uploadtime": 1782449509, "views": 3, "formatid": "gen9ou", "rating": 1202, "private": 0, "password": null}