{"id": "gen9ou-2540908761", "format": "[Gen 9] OU", "players": ["zarross", "nushinator"], "log": "|j|☆zarross\n|j|☆nushinator\n|t:|1771266134\n|gametype|singles\n|player|p1|zarross|plumeria|1737\n|player|p2|nushinator|bugcatcher-gen4dp|1769\n|gen|9\n|tier|[Gen 9] OU\n|rated|\n|rule|HP Percentage Mod: HP is shown in percentages\n|rule|Endless Battle Clause: Forcing endless battles is banned\n|rule|Species Clause: Limit one of each Pokémon\n|rule|OHKO Clause: OHKO moves are banned\n|rule|Evasion Items Clause: Evasion items are banned\n|rule|Evasion Moves Clause: Evasion moves are banned\n|rule|Evasion Abilities Clause: Evasion abilities are banned\n|rule|Sleep Moves Clause: Sleep-inducing moves are banned\n|clearpoke\n|poke|p1|Dondozo, F|\n|poke|p1|Gliscor, F|\n|poke|p1|Weezing-Galar, F|\n|poke|p1|Blissey, F|\n|poke|p1|Corviknight, F|\n|poke|p1|Amoonguss, F|\n|poke|p2|Ting-Lu|\n|poke|p2|Scizor, F|\n|poke|p2|Tornadus-Therian, M|\n|poke|p2|Raging Bolt|\n|poke|p2|Alomomola, M|\n|poke|p2|Hatterene, F|\n|teampreview\n|inactive|Battle timer is ON: inactive players will automatically lose when time's up. (requested by nushinator)\n|inactive|zarross also wants the timer to be on.\n|\n|t:|1771266141\n|teamsize|p1|6\n|teamsize|p2|6\n|start\n|switch|p1a: Gliscor|Gliscor, F|100/100\n|switch|p2a: Hatterene|Hatterene, F|100/100\n|turn|1\n|j| moodrandom\n|\n|t:|1771266143\n|move|p1a: Gliscor|Protect|p1a: Gliscor\n|-singleturn|p1a: Gliscor|Protect\n|move|p2a: Hatterene|Psychic Noise|p1a: Gliscor\n|-activate|p1a: Gliscor|move: Protect\n|\n|-status|p1a: Gliscor|tox|[from] item: Toxic Orb\n|upkeep\n|turn|2\n|\n|t:|1771266152\n|switch|p1a: Flesh Tutu|Blissey, F, shiny|100/100\n|move|p2a: Hatterene|Psychic Noise|p1a: Flesh Tutu\n|-damage|p1a: Flesh Tutu|91/100\n|-start|p1a: Flesh Tutu|move: Heal Block\n|\n|upkeep\n|turn|3\n|\n|t:|1771266156\n|move|p1a: Flesh Tutu|Seismic Toss|p2a: Hatterene\n|-damage|p2a: Hatterene|69/100\n|-damage|p1a: Flesh Tutu|74/100|[from] item: Rocky Helmet|[of] p2a: Hatterene\n|move|p2a: Hatterene|Nuzzle|p1a: Flesh Tutu\n|-damage|p1a: Flesh Tutu|69/100\n|-status|p1a: Flesh Tutu|par\n|\n|-end|p1a: Flesh Tutu|move: Heal Block\n|upkeep\n|turn|4\n|j| FaronAan\n|\n|t:|1771266161\n|move|p2a: Hatterene|Pain Split|p1a: Flesh Tutu\n|-sethp|p1a: Flesh Tutu|51/100 par|[from] move: Pain Split|[silent]\n|-sethp|p2a: Hatterene|100/100|[from] move: Pain Split\n|move|p1a: Flesh Tutu|Soft-Boiled|p1a: Flesh Tutu\n|-heal|p1a: Flesh Tutu|100/100 par\n|\n|upkeep\n|turn|5\n|\n|t:|1771266167\n|move|p2a: Hatterene|Psychic Noise|p1a: Flesh Tutu\n|-damage|p1a: Flesh Tutu|90/100 par\n|-start|p1a: Flesh Tutu|move: Heal Block\n|move|p1a: Flesh Tutu|Calm Mind|p1a: Flesh Tutu\n|-boost|p1a: Flesh Tutu|spa|1\n|-boost|p1a: Flesh Tutu|spd|1\n|\n|upkeep\n|turn|6\n|\n|t:|1771266172\n|switch|p2a: Scizor|Scizor, F|100/100\n|move|p1a: Flesh Tutu|Calm Mind|p1a: Flesh Tutu\n|-boost|p1a: Flesh Tutu|spa|1\n|-boost|p1a: Flesh Tutu|spd|1\n|\n|-end|p1a: Flesh Tutu|move: Heal Block\n|upkeep\n|turn|7\n|\n|t:|1771266174\n|-curestatus|p1a: Flesh Tutu|par|[from] ability: Natural Cure\n|switch|p1a: Gliscor|Gliscor, F|100/100 tox\n|move|p2a: Scizor|Knock Off|p1a: Gliscor\n|-damage|p1a: Gliscor|77/100 tox\n|-enditem|p1a: Gliscor|Toxic Orb|[from] move: Knock Off|[of] p2a: Scizor\n|\n|-heal|p1a: Gliscor|89/100 tox|[from] ability: Poison Heal\n|upkeep\n|turn|8\n|j| yugiohLORD\n|\n|t:|1771266179\n|move|p1a: Gliscor|Knock Off|p2a: Scizor\n|-damage|p2a: Scizor|78/100\n|-enditem|p2a: Scizor|Heavy-Duty Boots|[from] move: Knock Off|[of] p1a: Gliscor\n|move|p2a: Scizor|U-turn|p1a: Gliscor\n|-resisted|p1a: Gliscor\n|-damage|p1a: Gliscor|77/100 tox\n|\n|t:|1771266181\n|switch|p2a: Hatterene|Hatterene, F|100/100|[from] U-turn\n|\n|-heal|p1a: Gliscor|90/100 tox|[from] ability: Poison Heal\n|upkeep\n|turn|9\n|\n|t:|1771266184\n|move|p1a: Gliscor|Knock Off|p2a: Hatterene\n|-damage|p2a: Hatterene|83/100\n|-damage|p1a: Gliscor|74/100 tox|[from] item: Rocky Helmet|[of] p2a: Hatterene\n|-enditem|p2a: Hatterene|Rocky Helmet|[from] move: Knock Off|[of] p1a: Gliscor\n|move|p2a: Hatterene|Psychic Noise|p1a: Gliscor\n|-damage|p1a: Gliscor|30/100 tox\n|-start|p1a: Gliscor|move: Heal Block\n|\n|upkeep\n|turn|10\n|c| yugiohLORD|no way zarross in real life\n|\n|t:|1771266192\n|move|p1a: Gliscor|Protect|p1a: Gliscor\n|-singleturn|p1a: Gliscor|Protect\n|move|p2a: Hatterene|Psychic Noise|p1a: Gliscor\n|-activate|p1a: Gliscor|move: Protect\n|\n|-end|p1a: Gliscor|move: Heal Block\n|upkeep\n|turn|11\n|\n|t:|1771266195\n|switch|p1a: Flesh Tutu|Blissey, F, shiny|90/100\n|move|p2a: Hatterene|Psychic Noise|p1a: Flesh Tutu\n|-damage|p1a: Flesh Tutu|81/100\n|-start|p1a: Flesh Tutu|move: Heal Block\n|\n|upkeep\n|turn|12\n|\n|t:|1771266201\n|move|p1a: Flesh Tutu|Seismic Toss|p2a: Hatterene\n|-damage|p2a: Hatterene|52/100\n|move|p2a: Hatterene|Nuzzle|p1a: Flesh Tutu\n|-damage|p1a: Flesh Tutu|76/100\n|-status|p1a: Flesh Tutu|par\n|\n|-end|p1a: Flesh Tutu|move: Heal Block\n|upkeep\n|turn|13\n|c| yugiohLORD|I love your yt\n|j| nonchalantbufalant\n|\n|t:|1771266206\n|-curestatus|p1a: Flesh Tutu|par|[from] ability: Natural Cure\n|switch|p1a: Gliscor|Gliscor, F|30/100 tox\n|move|p2a: Hatterene|Psychic Noise|p1a: Gliscor\n|-damage|p1a: Gliscor|0 fnt\n|faint|p1a: Gliscor\n|\n|upkeep\n|\n|t:|1771266212\n|switch|p1a: Corviknight|Corviknight, F, shiny|100/100\n|-ability|p1a: Corviknight|Pressure\n|turn|14\n|\n|t:|1771266221\n|move|p1a: Corviknight|Iron Head|p2a: Hatterene\n|-supereffective|p2a: Hatterene\n|-damage|p2a: Hatterene|6/100\n|move|p2a: Hatterene|Pain Split|p1a: Corviknight\n|-sethp|p1a: Corviknight|53/100|[from] move: Pain Split|[silent]\n|-sethp|p2a: Hatterene|66/100|[from] move: Pain Split\n|\n|-heal|p1a: Corviknight|59/100|[from] item: Leftovers\n|upkeep\n|turn|15\n|\n|t:|1771266224\n|move|p1a: Corviknight|Roost|p1a: Corviknight\n|-heal|p1a: Corviknight|100/100\n|-singleturn|p1a: Corviknight|move: Roost\n|move|p2a: Hatterene|Nuzzle|p1a: Corviknight\n|-damage|p1a: Corviknight|97/100\n|-status|p1a: Corviknight|par\n|\n|-heal|p1a: Corviknight|100/100 par|[from] item: Leftovers\n|upkeep\n|turn|16\n|\n|t:|1771266228\n|-terastallize|p1a: Corviknight|Steel\n|move|p2a: Hatterene|Psychic Noise|p1a: Corviknight\n|-resisted|p1a: Corviknight\n|-damage|p1a: Corviknight|88/100 par\n|-start|p1a: Corviknight|move: Heal Block\n|cant|p1a: Corviknight|par\n|\n|upkeep\n|turn|17\n|\n|t:|1771266233\n|switch|p2a: Alomomola|Alomomola, M|100/100\n|move|p1a: Corviknight|Iron Head|p2a: Alomomola\n|-resisted|p2a: Alomomola\n|-damage|p2a: Alomomola|92/100\n|\n|-end|p1a: Corviknight|move: Heal Block\n|upkeep\n|turn|18\n|\n|t:|1771266238\n|switch|p1a: Weezing|Weezing-Galar, F|100/100\n|-ability|p1a: Weezing|Neutralizing Gas\n|move|p2a: Alomomola|Flip Turn|p1a: Weezing\n|-damage|p1a: Weezing|88/100\n|\n|t:|1771266243\n|switch|p2a: Raging Bolt|Raging Bolt|100/100|[from] Flip Turn\n|\n|upkeep\n|turn|19\n|\n|t:|1771266247\n|-end|p1a: Weezing|ability: Neutralizing Gas\n|switch|p1a: Amoonguss|Amoonguss, F, shiny|100/100\n|-enditem|p2a: Raging Bolt|Booster Energy\n|-activate|p2a: Raging Bolt|ability: Protosynthesis|[fromitem]\n|-start|p2a: Raging Bolt|protosynthesisspa\n|move|p2a: Raging Bolt|Calm Mind|p2a: Raging Bolt\n|-boost|p2a: Raging Bolt|spa|1\n|-boost|p2a: Raging Bolt|spd|1\n|\n|upkeep\n|turn|20\n|\n|t:|1771266250\n|move|p2a: Raging Bolt|Dragon Pulse|p1a: Amoonguss\n|-damage|p1a: Amoonguss|53/100\n|move|p1a: Amoonguss|Clear Smog|p2a: Raging Bolt\n|-damage|p2a: Raging Bolt|92/100\n|-clearboost|p2a: Raging Bolt\n|\n|upkeep\n|turn|21\n|\n|t:|1771266255\n|move|p2a: Raging Bolt|Dragon Pulse|p1a: Amoonguss\n|-damage|p1a: Amoonguss|22/100\n|move|p1a: Amoonguss|Stomping Tantrum|p2a: Raging Bolt\n|-supereffective|p2a: Raging Bolt\n|-damage|p2a: Raging Bolt|62/100\n|\n|upkeep\n|turn|22\n|j| niklor3\n|\n|t:|1771266260\n|switch|p1a: Flesh Tutu|Blissey, F, shiny|76/100\n|move|p2a: Raging Bolt|Dragon Pulse|p1a: Flesh Tutu\n|-damage|p1a: Flesh Tutu|57/100\n|\n|upkeep\n|turn|23\n|\n|t:|1771266263\n|-end|p2a: Raging Bolt|Protosynthesis|[silent]\n|switch|p2a: Scizor|Scizor, F|78/100\n|move|p1a: Flesh Tutu|Soft-Boiled|p1a: Flesh Tutu\n|-heal|p1a: Flesh Tutu|100/100\n|\n|upkeep\n|turn|24\n|\n|t:|1771266268\n|switch|p1a: Weezing|Weezing-Galar, F|88/100\n|-ability|p1a: Weezing|Neutralizing Gas\n|move|p2a: Scizor|Knock Off|p1a: Weezing\n|-resisted|p1a: Weezing\n|-damage|p1a: Weezing|76/100\n|-enditem|p1a: Weezing|Heavy-Duty Boots|[from] move: Knock Off|[of] p2a: Scizor\n|\n|upkeep\n|turn|25\n|\n|t:|1771266274\n|switch|p2a: Ting-Lu|Ting-Lu|100/100\n|move|p1a: Weezing|Will-O-Wisp|p2a: Ting-Lu\n|-status|p2a: Ting-Lu|brn\n|\n|-damage|p2a: Ting-Lu|94/100 brn|[from] brn\n|upkeep\n|turn|26\n|\n|t:|1771266279\n|move|p1a: Weezing|Flamethrower|p2a: Ting-Lu\n|-damage|p2a: Ting-Lu|85/100 brn\n|move|p2a: Ting-Lu|Stealth Rock|p1a: Weezing\n|-sidestart|p1: zarross|move: Stealth Rock\n|\n|-heal|p2a: Ting-Lu|91/100 brn|[from] item: Leftovers\n|-damage|p2a: Ting-Lu|85/100 brn|[from] brn\n|upkeep\n|turn|27\n|j| plz go easy plz\n|l| yugiohLORD\n|\n|t:|1771266284\n|move|p1a: Weezing|Pain Split|p2a: Ting-Lu\n|-sethp|p2a: Ting-Lu|67/100 brn|[from] move: Pain Split|[silent]\n|-sethp|p1a: Weezing|100/100|[from] move: Pain Split\n|move|p2a: Ting-Lu|Ruination|p1a: Weezing\n|-damage|p1a: Weezing|50/100\n|\n|-heal|p2a: Ting-Lu|73/100 brn|[from] item: Leftovers\n|-damage|p2a: Ting-Lu|67/100 brn|[from] brn\n|upkeep\n|turn|28\n|\n|t:|1771266288\n|switch|p2a: Tornadus|Tornadus-Therian, M|100/100\n|move|p1a: Weezing|Defog|p2a: Tornadus\n|-unboost|p2a: Tornadus|evasion|1\n|-sideend|p1: zarross|Stealth Rock|[from] move: Defog|[of] p1a: Weezing\n|\n|upkeep\n|turn|29\n|\n|t:|1771266293\n|-end|p1a: Weezing|ability: Neutralizing Gas\n|switch|p1a: Corviknight|Corviknight, F, shiny, tera:Steel|88/100 par\n|-ability|p1a: Corviknight|Pressure\n|move|p2a: Tornadus|Bleakwind Storm|p1a: Corviknight\n|-resisted|p1a: Corviknight\n|-damage|p1a: Corviknight|67/100 par\n|-damage|p2a: Tornadus|91/100|[from] item: Life Orb\n|\n|-heal|p1a: Corviknight|73/100 par|[from] item: Leftovers\n|upkeep\n|turn|30\n|\n|t:|1771266296\n|move|p2a: Tornadus|Heat Wave|p1a: Corviknight\n|-supereffective|p1a: Corviknight\n|-damage|p1a: Corviknight|15/100 par\n|-damage|p2a: Tornadus|81/100|[from] item: Life Orb\n|cant|p1a: Corviknight|par\n|\n|-heal|p1a: Corviknight|21/100 par|[from] item: Leftovers\n|upkeep\n|turn|31\n|\n|t:|1771266300\n|switch|p1a: Flesh Tutu|Blissey, F, shiny|100/100\n|move|p2a: Tornadus|Nasty Plot|p2a: Tornadus\n|-boost|p2a: Tornadus|spa|2\n|\n|upkeep\n|turn|32\n|\n|t:|1771266304\n|move|p2a: Tornadus|Nasty Plot|p2a: Tornadus\n|-boost|p2a: Tornadus|spa|2\n|move|p1a: Flesh Tutu|Seismic Toss|p2a: Tornadus\n|-damage|p2a: Tornadus|48/100\n|\n|upkeep\n|turn|33\n|\n|t:|1771266308\n|-terastallize|p2a: Tornadus|Flying\n|move|p2a: Tornadus|Bleakwind Storm|p1a: Flesh Tutu|[miss]\n|-miss|p2a: Tornadus|p1a: Flesh Tutu\n|move|p1a: Flesh Tutu|Soft-Boiled||[still]\n|-fail|p1a: Flesh Tutu|heal\n|\n|upkeep\n|turn|34\n|\n|t:|1771266312\n|move|p2a: Tornadus|Bleakwind Storm|p1a: Flesh Tutu\n|-damage|p1a: Flesh Tutu|29/100\n|-damage|p2a: Tornadus|38/100|[from] item: Life Orb\n|move|p1a: Flesh Tutu|Calm Mind|p1a: Flesh Tutu\n|-boost|p1a: Flesh Tutu|spa|1\n|-boost|p1a: Flesh Tutu|spd|1\n|\n|upkeep\n|turn|35\n|\n|t:|1771266317\n|move|p2a: Tornadus|Bleakwind Storm|p1a: Flesh Tutu|[miss]\n|-miss|p2a: Tornadus|p1a: Flesh Tutu\n|move|p1a: Flesh Tutu|Soft-Boiled|p1a: Flesh Tutu\n|-heal|p1a: Flesh Tutu|79/100\n|\n|upkeep\n|turn|36\n|\n|t:|1771266322\n|switch|p2a: Hatterene|Hatterene, F|66/100\n|move|p1a: Flesh Tutu|Seismic Toss|p2a: Hatterene\n|-damage|p2a: Hatterene|34/100\n|\n|upkeep\n|turn|37\n|\n|t:|1771266325\n|move|p1a: Flesh Tutu|Shadow Ball|p2a: Hatterene\n|-supereffective|p2a: Hatterene\n|-damage|p2a: Hatterene|0 fnt\n|faint|p2a: Hatterene\n|\n|upkeep\n|\n|t:|1771266328\n|switch|p2a: Scizor|Scizor, F|78/100\n|turn|38\n|\n|t:|1771266333\n|switch|p1a: Dondozo|Dondozo, F|100/100\n|move|p2a: Scizor|U-turn|p1a: Dondozo\n|-damage|p1a: Dondozo|83/100\n|\n|t:|1771266337\n|switch|p2a: Raging Bolt|Raging Bolt|62/100|[from] U-turn\n|\n|-heal|p1a: Dondozo|89/100|[from] item: Leftovers\n|upkeep\n|turn|39\n|\n|t:|1771266341\n|switch|p1a: Flesh Tutu|Blissey, F, shiny|79/100\n|move|p2a: Raging Bolt|Thunderbolt|p1a: Flesh Tutu\n|-damage|p1a: Flesh Tutu|62/100\n|\n|upkeep\n|turn|40\n|\n|t:|1771266345\n|-end|p2a: Raging Bolt|Protosynthesis|[silent]\n|switch|p2a: Scizor|Scizor, F|78/100\n|move|p1a: Flesh Tutu|Soft-Boiled|p1a: Flesh Tutu\n|-heal|p1a: Flesh Tutu|100/100\n|\n|upkeep\n|turn|41\n|\n|t:|1771266351\n|switch|p1a: Dondozo|Dondozo, F|89/100\n|move|p2a: Scizor|Knock Off|p1a: Dondozo\n|-damage|p1a: Dondozo|74/100\n|-enditem|p1a: Dondozo|Leftovers|[from] move: Knock Off|[of] p2a: Scizor\n|\n|upkeep\n|turn|42\n|\n|t:|1771266354\n|move|p2a: Scizor|U-turn|p1a: Dondozo\n|-crit|p1a: Dondozo\n|-damage|p1a: Dondozo|45/100\n|\n|t:|1771266355\n|switch|p2a: Raging Bolt|Raging Bolt|62/100|[from] U-turn\n|move|p1a: Dondozo|Body Press|p2a: Raging Bolt\n|-damage|p2a: Raging Bolt|38/100\n|\n|upkeep\n|turn|43\n|\n|t:|1771266359\n|-end|p2a: Raging Bolt|Protosynthesis|[silent]\n|switch|p2a: Scizor|Scizor, F|78/100\n|switch|p1a: Flesh Tutu|Blissey, F, shiny|100/100\n|\n|upkeep\n|turn|44\n|\n|t:|1771266363\n|switch|p1a: Weezing|Weezing-Galar, F|50/100\n|-ability|p1a: Weezing|Neutralizing Gas\n|move|p2a: Scizor|U-turn|p1a: Weezing\n|-resisted|p1a: Weezing\n|-damage|p1a: Weezing|44/100\n|\n|t:|1771266367\n|switch|p2a: Raging Bolt|Raging Bolt|38/100|[from] U-turn\n|\n|upkeep\n|turn|45\n|\n|t:|1771266371\n|-end|p1a: Weezing|ability: Neutralizing Gas\n|switch|p1a: Amoonguss|Amoonguss, F, shiny|55/100\n|move|p2a: Raging Bolt|Thunderbolt|p1a: Amoonguss\n|-resisted|p1a: Amoonguss\n|-damage|p1a: Amoonguss|42/100\n|\n|upkeep\n|turn|46\n|\n|t:|1771266375\n|-end|p2a: Raging Bolt|Protosynthesis|[silent]\n|switch|p2a: Tornadus|Tornadus-Therian, M, tera:Flying|71/100\n|switch|p1a: Flesh Tutu|Blissey, F, shiny|100/100\n|\n|upkeep\n|turn|47\n|\n|t:|1771266377\n|switch|p2a: Alomomola|Alomomola, M|92/100\n|move|p1a: Flesh Tutu|Seismic Toss|p2a: Alomomola\n|-damage|p2a: Alomomola|73/100\n|\n|upkeep\n|turn|48\n|\n|t:|1771266383\n|move|p1a: Flesh Tutu|Seismic Toss|p2a: Alomomola\n|-damage|p2a: Alomomola|54/100\n|move|p2a: Alomomola|Wish|p2a: Alomomola\n|\n|upkeep\n|turn|49\n|\n|t:|1771266391\n|switch|p1a: Corviknight|Corviknight, F, shiny, tera:Steel|21/100 par\n|-ability|p1a: Corviknight|Pressure\n|switch|p2a: Raging Bolt|Raging Bolt|38/100\n|\n|-heal|p2a: Raging Bolt|100/100|[from] move: Wish|[wisher] Alomomola\n|-heal|p1a: Corviknight|27/100 par|[from] item: Leftovers\n|upkeep\n|turn|50\n|\n|t:|1771266395\n|switch|p1a: Flesh Tutu|Blissey, F, shiny|100/100\n|move|p2a: Raging Bolt|Calm Mind|p2a: Raging Bolt\n|-boost|p2a: Raging Bolt|spa|1\n|-boost|p2a: Raging Bolt|spd|1\n|\n|upkeep\n|turn|51\n|\n|t:|1771266397\n|move|p2a: Raging Bolt|Thunderbolt|p1a: Flesh Tutu\n|-damage|p1a: Flesh Tutu|76/100\n|move|p1a: Flesh Tutu|Calm Mind|p1a: Flesh Tutu\n|-boost|p1a: Flesh Tutu|spa|1\n|-boost|p1a: Flesh Tutu|spd|1\n|\n|upkeep\n|turn|52\n|\n|t:|1771266400\n|-end|p2a: Raging Bolt|Protosynthesis|[silent]\n|switch|p2a: Scizor|Scizor, F|78/100\n|move|p1a: Flesh Tutu|Seismic Toss|p2a: Scizor\n|-damage|p2a: Scizor|49/100\n|\n|upkeep\n|turn|53\n|\n|t:|1771266405\n|switch|p1a: Weezing|Weezing-Galar, F|44/100\n|-ability|p1a: Weezing|Neutralizing Gas\n|move|p2a: Scizor|Knock Off|p1a: Weezing\n|-resisted|p1a: Weezing\n|-damage|p1a: Weezing|37/100\n|\n|upkeep\n|turn|54\n|\n|t:|1771266407\n|move|p2a: Scizor|Bullet Punch|p1a: Weezing\n|-supereffective|p1a: Weezing\n|-damage|p1a: Weezing|6/100\n|move|p1a: Weezing|Pain Split|p2a: Scizor\n|-sethp|p2a: Scizor|27/100|[from] move: Pain Split|[silent]\n|-sethp|p1a: Weezing|28/100|[from] move: Pain Split\n|\n|upkeep\n|turn|55\n|\n|t:|1771266411\n|-end|p1a: Weezing|ability: Neutralizing Gas\n|switch|p1a: Dondozo|Dondozo, F|45/100\n|move|p2a: Scizor|Bullet Punch|p1a: Dondozo\n|-resisted|p1a: Dondozo\n|-damage|p1a: Dondozo|37/100\n|\n|upkeep\n|turn|56\n|\n|t:|1771266415\n|move|p2a: Scizor|U-turn|p1a: Dondozo\n|-damage|p1a: Dondozo|20/100\n|\n|t:|1771266418\n|switch|p2a: Tornadus|Tornadus-Therian, M, tera:Flying|100/100|[from] U-turn\n|move|p1a: Dondozo|Rest|p1a: Dondozo\n|-status|p1a: Dondozo|slp|[from] move: Rest\n|-heal|p1a: Dondozo|100/100 slp|[silent]\n|\n|upkeep\n|turn|57\n|\n|t:|1771266421\n|switch|p1a: Flesh Tutu|Blissey, F, shiny|76/100\n|move|p2a: Tornadus|Grass Knot|p1a: Flesh Tutu\n|-damage|p1a: Flesh Tutu|69/100\n|-damage|p2a: Tornadus|91/100|[from] item: Life Orb\n|\n|upkeep\n|turn|58\n|\n|t:|1771266425\n|move|p2a: Tornadus|Nasty Plot|p2a: Tornadus\n|-boost|p2a: Tornadus|spa|2\n|move|p1a: Flesh Tutu|Calm Mind|p1a: Flesh Tutu\n|-boost|p1a: Flesh Tutu|spa|1\n|-boost|p1a: Flesh Tutu|spd|1\n|\n|upkeep\n|turn|59\n|\n|t:|1771266432\n|move|p2a: Tornadus|Nasty Plot|p2a: Tornadus\n|-boost|p2a: Tornadus|spa|2\n|move|p1a: Flesh Tutu|Soft-Boiled|p1a: Flesh Tutu\n|-heal|p1a: Flesh Tutu|100/100\n|\n|upkeep\n|turn|60\n|\n|t:|1771266433\n|move|p2a: Tornadus|Bleakwind Storm|p1a: Flesh Tutu\n|-crit|p1a: Flesh Tutu\n|-damage|p1a: Flesh Tutu|0 fnt\n|faint|p1a: Flesh Tutu\n|-damage|p2a: Tornadus|81/100|[from] item: Life Orb\n|\n|upkeep\n|-message|zarross forfeited.\n|\n|win|nushinator\n|raw|zarross's rating: 1737 &rarr; <strong>1719</strong><br />(-18 for losing)\n|raw|nushinator's rating: 1769 &rarr; <strong>1787</strong><br />(+18 for winning)\n|l|☆zarross\n|player|p1|\n|c|☆nushinator|my b\n|l| plz go easy plz\n|l|☆nushinator\n|player|p2|\n|l| moodrandom\n|l| nonchalantbufalant\n|l| FaronAan\n|l| niklor3\n", "uploadtime": 1771266581, "views": 4, "formatid": "gen9ou", "rating": 1719, "private": 0, "password": null}