{"id": "gen9ou-2639283153", "format": "[Gen 9] OU", "players": ["Tactical_foul", "TheCollageDropout"], "log": "|j|☆Tactical_foul\n|j|☆TheCollageDropout\n|t:|1782445552\n|gametype|singles\n|player|p1|Tactical_foul|266|1323\n|player|p2|TheCollageDropout|2|1480\n|gen|9\n|tier|[Gen 9] OU\n|rated|\n|rule|HP Percentage Mod: HP is shown in percentages\n|rule|Endless Battle Clause: Forcing endless battles is banned\n|rule|Species Clause: Limit one of each Pokémon\n|rule|OHKO Clause: OHKO moves are banned\n|rule|Evasion Items Clause: Evasion items are banned\n|rule|Evasion Moves Clause: Evasion moves are banned\n|rule|Evasion Abilities Clause: Evasion abilities are banned\n|rule|Sleep Moves Clause: Sleep-inducing moves are banned\n|clearpoke\n|poke|p1|Araquanid, M|\n|poke|p1|Cinderace, F|\n|poke|p1|Hatterene, F|\n|poke|p1|Enamorus, F|\n|poke|p1|Kingambit, F|\n|poke|p1|Dragapult, M|\n|poke|p2|Gholdengo|\n|poke|p2|Garganacl, F|\n|poke|p2|Volcanion|\n|poke|p2|Great Tusk|\n|poke|p2|Zapdos|\n|poke|p2|Meowscarada, M|\n|teampreview\n|inactive|Battle timer is ON: inactive players will automatically lose when time's up. (requested by Tactical_foul)\n|inactive|TheCollageDropout has 120 seconds left.\n|\n|t:|1782445592\n|teamsize|p1|6\n|teamsize|p2|6\n|start\n|switch|p1a: Araquanid|Araquanid, M|100/100\n|switch|p2a: Meowscarada|Meowscarada, M|100/100\n|turn|1\n|\n|t:|1782445595\n|move|p2a: Meowscarada|Knock Off|p1a: Araquanid\n|-start|p2a: Meowscarada|typechange|Dark|[from] ability: Protean\n|-damage|p1a: Araquanid|27/100\n|-enditem|p1a: Araquanid|Custap Berry|[from] move: Knock Off|[of] p2a: Meowscarada\n|move|p1a: Araquanid|Sticky Web|p2a: Meowscarada\n|-sidestart|p2: TheCollageDropout|move: Sticky Web\n|\n|upkeep\n|turn|2\n|\n|t:|1782445605\n|move|p2a: Meowscarada|Knock Off|p1a: Araquanid\n|-damage|p1a: Araquanid|0 fnt\n|faint|p1a: Araquanid\n|\n|upkeep\n|\n|t:|1782445618\n|switch|p1a: Enamorus|Enamorus, F|100/100\n|turn|3\n|\n|t:|1782445627\n|switch|p2a: Volcanion|Volcanion|100/100\n|move|p1a: Enamorus|Moonblast|p2a: Volcanion\n|-resisted|p2a: Volcanion\n|-damage|p2a: Volcanion|61/100\n|-unboost|p2a: Volcanion|spa|1\n|\n|upkeep\n|turn|4\n|\n|t:|1782445639\n|move|p1a: Enamorus|Moonblast|p2a: Volcanion\n|-resisted|p2a: Volcanion\n|-damage|p2a: Volcanion|16/100\n|-unboost|p2a: Volcanion|spa|1\n|move|p2a: Volcanion|Sludge Bomb|p1a: Enamorus\n|-supereffective|p1a: Enamorus\n|-damage|p1a: Enamorus|53/100\n|\n|upkeep\n|turn|5\n|\n|t:|1782445646\n|switch|p2a: Gholdengo|Gholdengo|100/100\n|-activate|p2a: Gholdengo|move: Sticky Web\n|-unboost|p2a: Gholdengo|spe|1\n|move|p1a: Enamorus|Moonblast|p2a: Gholdengo\n|-resisted|p2a: Gholdengo\n|-damage|p2a: Gholdengo|60/100\n|-unboost|p2a: Gholdengo|spa|1\n|\n|upkeep\n|turn|6\n|\n|t:|1782445660\n|switch|p1a: Kingambit|Kingambit, F, shiny|100/100\n|move|p2a: Gholdengo|Make It Rain|p1a: Kingambit\n|-resisted|p1a: Kingambit\n|-damage|p1a: Kingambit|79/100\n|-unboost|p2a: Gholdengo|spa|1\n|\n|upkeep\n|turn|7\n|\n|t:|1782445667\n|switch|p2a: Great Tusk|Great Tusk|100/100\n|switch|p1a: Enamorus|Enamorus, F|53/100\n|\n|upkeep\n|turn|8\n|\n|t:|1782445671\n|move|p1a: Enamorus|Moonblast|p2a: Great Tusk\n|-supereffective|p2a: Great Tusk\n|-damage|p2a: Great Tusk|0 fnt\n|faint|p2a: Great Tusk\n|-end|p2a: Great Tusk|Protosynthesis|[silent]\n|\n|upkeep\n|\n|t:|1782445676\n|switch|p2a: Gholdengo|Gholdengo|60/100\n|-activate|p2a: Gholdengo|move: Sticky Web\n|-unboost|p2a: Gholdengo|spe|1\n|turn|9\n|\n|t:|1782445682\n|switch|p1a: Kingambit|Kingambit, F, shiny|79/100\n|move|p2a: Gholdengo|Focus Blast|p1a: Kingambit\n|-supereffective|p1a: Kingambit\n|-damage|p1a: Kingambit|0 fnt\n|faint|p1a: Kingambit\n|\n|upkeep\n|\n|t:|1782445689\n|switch|p1a: Dragapult|Dragapult, M|100/100\n|turn|10\n|\n|t:|1782445695\n|switch|p2a: Volcanion|Volcanion|16/100\n|move|p1a: Dragapult|Shadow Ball|p2a: Volcanion\n|-damage|p2a: Volcanion|0 fnt\n|faint|p2a: Volcanion\n|-damage|p1a: Dragapult|91/100|[from] item: Life Orb\n|\n|upkeep\n|\n|t:|1782445707\n|switch|p2a: Meowscarada|Meowscarada, M|100/100\n|-activate|p2a: Meowscarada|move: Sticky Web\n|-unboost|p2a: Meowscarada|spe|1\n|turn|11\n|\n|t:|1782445714\n|-terastallize|p1a: Dragapult|Dragon\n|move|p1a: Dragapult|Dragon Darts|p2a: Meowscarada\n|-damage|p2a: Meowscarada|47/100\n|-anim|p1a: Dragapult|Dragon Darts|p2a: Meowscarada\n|-crit|p2a: Meowscarada\n|-damage|p2a: Meowscarada|0 fnt\n|faint|p2a: Meowscarada\n|-damage|p1a: Dragapult|81/100|[from] item: Life Orb\n|\n|upkeep\n|\n|t:|1782445719\n|switch|p2a: Zapdos|Zapdos|100/100\n|turn|12\n|\n|t:|1782445723\n|move|p1a: Dragapult|Draco Meteor|p2a: Zapdos\n|-damage|p2a: Zapdos|10/100\n|-unboost|p1a: Dragapult|spa|2\n|-damage|p1a: Dragapult|71/100|[from] item: Life Orb\n|move|p2a: Zapdos|Hurricane|p1a: Dragapult\n|-damage|p1a: Dragapult|5/100\n|\n|upkeep\n|turn|13\n|\n|t:|1782445729\n|move|p1a: Dragapult|Shadow Ball|p2a: Zapdos\n|-damage|p2a: Zapdos|0 fnt\n|faint|p2a: Zapdos\n|-damage|p1a: Dragapult|0 fnt|[from] item: Life Orb\n|faint|p1a: Dragapult\n|\n|upkeep\n|\n|t:|1782445738\n|switch|p1a: Hatterene|Hatterene, F|100/100\n|switch|p2a: Garganacl|Garganacl, F|100/100\n|-activate|p2a: Garganacl|move: Sticky Web\n|-unboost|p2a: Garganacl|spe|1\n|-item|p1a: Hatterene|Air Balloon\n|turn|14\n|\n|t:|1782445744\n|move|p1a: Hatterene|Gravity|p1a: Hatterene\n|-fieldstart|move: Gravity\n|move|p2a: Garganacl|Salt Cure|p1a: Hatterene\n|-damage|p1a: Hatterene|87/100\n|-start|p1a: Hatterene|Salt Cure\n|-enditem|p1a: Hatterene|Air Balloon\n|\n|-damage|p1a: Hatterene|75/100|[from] Salt Cure\n|upkeep\n|turn|15\n|\n|t:|1782445753\n|move|p1a: Hatterene|Dazzling Gleam|p2a: Garganacl\n|-damage|p2a: Garganacl|75/100\n|move|p2a: Garganacl|Salt Cure|p1a: Hatterene\n|-damage|p1a: Hatterene|61/100\n|\n|-heal|p2a: Garganacl|81/100|[from] item: Leftovers\n|-damage|p1a: Hatterene|49/100|[from] Salt Cure\n|upkeep\n|turn|16\n|\n|t:|1782445757\n|move|p1a: Hatterene|Healing Wish|p1a: Hatterene\n|faint|p1a: Hatterene\n|move|p2a: Garganacl|Recover|p2a: Garganacl\n|-heal|p2a: Garganacl|100/100\n|\n|upkeep\n|\n|t:|1782445763\n|switch|p1a: Enamorus|Enamorus, F|53/100\n|-heal|p1a: Enamorus|100/100|[from] move: Healing Wish\n|turn|17\n|\n|t:|1782445767\n|move|p1a: Enamorus|Earth Power|p2a: Garganacl\n|-supereffective|p2a: Garganacl\n|-damage|p2a: Garganacl|40/100\n|move|p2a: Garganacl|Salt Cure|p1a: Enamorus\n|-supereffective|p1a: Enamorus\n|-damage|p1a: Enamorus|52/100\n|-start|p1a: Enamorus|Salt Cure\n|\n|-heal|p2a: Garganacl|46/100|[from] item: Leftovers\n|-damage|p1a: Enamorus|40/100|[from] Salt Cure\n|upkeep\n|turn|18\n|\n|t:|1782445776\n|move|p2a: Garganacl|Protect|p2a: Garganacl\n|-singleturn|p2a: Garganacl|Protect\n|move|p1a: Enamorus|Earth Power|p2a: Garganacl\n|-activate|p2a: Garganacl|move: Protect\n|\n|-heal|p2a: Garganacl|52/100|[from] item: Leftovers\n|-damage|p1a: Enamorus|27/100|[from] Salt Cure\n|-fieldend|move: Gravity\n|upkeep\n|turn|19\n|\n|t:|1782445784\n|-terastallize|p2a: Garganacl|Fairy\n|move|p1a: Enamorus|Earth Power|p2a: Garganacl\n|-damage|p2a: Garganacl|21/100\n|move|p2a: Garganacl|Recover|p2a: Garganacl\n|-heal|p2a: Garganacl|71/100\n|\n|-heal|p2a: Garganacl|77/100|[from] item: Leftovers\n|-damage|p1a: Enamorus|15/100|[from] Salt Cure\n|upkeep\n|turn|20\n|\n|t:|1782445789\n|move|p1a: Enamorus|Earth Power|p2a: Garganacl\n|-damage|p2a: Garganacl|44/100\n|move|p2a: Garganacl|Recover|p2a: Garganacl\n|-heal|p2a: Garganacl|94/100\n|\n|-heal|p2a: Garganacl|99/100|[from] item: Leftovers\n|-damage|p1a: Enamorus|2/100|[from] Salt Cure\n|upkeep\n|turn|21\n|\n|t:|1782445792\n|move|p2a: Garganacl|Protect|p2a: Garganacl\n|-singleturn|p2a: Garganacl|Protect\n|move|p1a: Enamorus|Earth Power|p2a: Garganacl\n|-activate|p2a: Garganacl|move: Protect\n|\n|-heal|p2a: Garganacl|100/100|[from] item: Leftovers\n|-damage|p1a: Enamorus|0 fnt|[from] Salt Cure\n|faint|p1a: Enamorus\n|upkeep\n|\n|t:|1782445794\n|switch|p1a: Cinderace|Cinderace, F|100/100\n|turn|22\n|\n|t:|1782445800\n|move|p1a: Cinderace|Gunk Shot|p2a: Garganacl\n|-start|p1a: Cinderace|typechange|Poison|[from] ability: Libero\n|-supereffective|p2a: Garganacl\n|-damage|p2a: Garganacl|32/100\n|move|p2a: Garganacl|Salt Cure|p1a: Cinderace\n|-damage|p1a: Cinderace|81/100\n|-start|p1a: Cinderace|Salt Cure\n|\n|-heal|p2a: Garganacl|38/100|[from] item: Leftovers\n|-damage|p1a: Cinderace|69/100|[from] Salt Cure\n|upkeep\n|turn|23\n|\n|t:|1782445807\n|switch|p2a: Gholdengo|Gholdengo|60/100\n|-activate|p2a: Gholdengo|move: Sticky Web\n|-unboost|p2a: Gholdengo|spe|1\n|move|p1a: Cinderace|Gunk Shot|p2a: Gholdengo\n|-immune|p2a: Gholdengo\n|\n|-damage|p1a: Cinderace|57/100|[from] Salt Cure\n|upkeep\n|turn|24\n|\n|t:|1782445812\n|move|p1a: Cinderace|Pyro Ball|p2a: Gholdengo|[miss]\n|-miss|p1a: Cinderace|p2a: Gholdengo\n|move|p2a: Gholdengo|Shadow Ball|p1a: Cinderace\n|-damage|p1a: Cinderace|0 fnt\n|faint|p1a: Cinderace\n|\n|win|TheCollageDropout\n|raw|Tactical_foul's rating: 1323 &rarr; <strong>1311</strong><br />(-12 for losing)\n|raw|TheCollageDropout's rating: 1480 &rarr; <strong>1492</strong><br />(+12 for winning)\n", "uploadtime": 1782445812, "views": 23, "formatid": "gen9ou", "rating": 1311, "private": 0, "password": null}