{"id": "gen9ou-2540747277", "format": "[Gen 9] OU", "players": ["DonaCristina", "Maitredouard2"], "log": "|j|☆DonaCristina\n|j|☆Maitredouard2\n|t:|1771249207\n|gametype|singles\n|player|p1|DonaCristina|biker-gen4|1531\n|player|p2|Maitredouard2|170|1652\n|gen|9\n|tier|[Gen 9] OU\n|rated|\n|rule|HP Percentage Mod: HP is shown in percentages\n|rule|Endless Battle Clause: Forcing endless battles is banned\n|rule|Species Clause: Limit one of each Pokémon\n|rule|OHKO Clause: OHKO moves are banned\n|rule|Evasion Items Clause: Evasion items are banned\n|rule|Evasion Moves Clause: Evasion moves are banned\n|rule|Evasion Abilities Clause: Evasion abilities are banned\n|rule|Sleep Moves Clause: Sleep-inducing moves are banned\n|clearpoke\n|poke|p1|Porygon2|\n|poke|p1|Ursaluna, M|\n|poke|p1|Hatterene, F|\n|poke|p1|Volcanion|\n|poke|p1|Iron Hands|\n|poke|p1|Cresselia, F|\n|poke|p2|Great Tusk|\n|poke|p2|Dondozo, M|\n|poke|p2|Cinderace, F|\n|poke|p2|Hydrapple, M|\n|poke|p2|Garganacl, F|\n|poke|p2|Dragapult, M|\n|teampreview\n|inactive|Battle timer is ON: inactive players will automatically lose when time's up. (requested by Maitredouard2)\n|\n|t:|1771249217\n|teamsize|p1|6\n|teamsize|p2|6\n|start\n|switch|p1a: Porygon2|Porygon2|100/100\n|switch|p2a: Great Tusk|Great Tusk|100/100\n|-ability|p1a: Porygon2|Download|boost\n|-boost|p1a: Porygon2|spa|1\n|turn|1\n|\n|t:|1771249224\n|move|p2a: Great Tusk|Close Combat|p1a: Porygon2\n|-supereffective|p1a: Porygon2\n|-damage|p1a: Porygon2|23/100\n|-unboost|p2a: Great Tusk|def|1\n|-unboost|p2a: Great Tusk|spd|1\n|move|p1a: Porygon2|Ice Beam|p2a: Great Tusk\n|-supereffective|p2a: Great Tusk\n|-damage|p2a: Great Tusk|0 fnt\n|faint|p2a: Great Tusk\n|-end|p2a: Great Tusk|Protosynthesis|[silent]\n|\n|upkeep\n|\n|t:|1771249233\n|switch|p2a: Cinderace|Cinderace, F|100/100\n|turn|2\n|\n|t:|1771249235\n|move|p2a: Cinderace|Pyro Ball|p1a: Porygon2\n|-damage|p1a: Porygon2|0 fnt\n|faint|p1a: Porygon2\n|\n|upkeep\n|\n|t:|1771249238\n|switch|p1a: Volcanion|Volcanion|100/100\n|turn|3\n|\n|t:|1771249247\n|move|p2a: Cinderace|U-turn|p1a: Volcanion\n|-start|p2a: Cinderace|typechange|Bug|[from] ability: Libero\n|-resisted|p1a: Volcanion\n|-damage|p1a: Volcanion|87/100\n|\n|t:|1771249250\n|switch|p2a: Hydrapple|Hydrapple, M|100/100|[from] U-turn\n|move|p1a: Volcanion|Flamethrower|p2a: Hydrapple\n|-damage|p2a: Hydrapple|49/100\n|\n|upkeep\n|turn|4\n|\n|t:|1771249271\n|switch|p2a: Garganacl|Garganacl, F|100/100\n|move|p1a: Volcanion|Flamethrower|p2a: Garganacl\n|-resisted|p2a: Garganacl\n|-damage|p2a: Garganacl|73/100\n|\n|-heal|p2a: Garganacl|79/100|[from] item: Leftovers\n|upkeep\n|turn|5\n|\n|t:|1771249279\n|switch|p1a: Cresselia|Cresselia, F, shiny|100/100\n|-terastallize|p2a: Garganacl|Water\n|move|p2a: Garganacl|Iron Defense|p2a: Garganacl\n|-boost|p2a: Garganacl|def|2\n|\n|-heal|p2a: Garganacl|85/100|[from] item: Leftovers\n|upkeep\n|turn|6\n|\n|t:|1771249283\n|move|p2a: Garganacl|Iron Defense|p2a: Garganacl\n|-boost|p2a: Garganacl|def|2\n|move|p1a: Cresselia|Trick Room|p1a: Cresselia\n|-fieldstart|move: Trick Room|[of] p1a: Cresselia\n|\n|-heal|p2a: Garganacl|92/100|[from] item: Leftovers\n|upkeep\n|turn|7\n|\n|t:|1771249291\n|move|p2a: Garganacl|Salt Cure|p1a: Cresselia\n|-damage|p1a: Cresselia|93/100\n|-start|p1a: Cresselia|Salt Cure\n|move|p1a: Cresselia|Psychic|p2a: Garganacl\n|-damage|p2a: Garganacl|75/100\n|\n|-heal|p2a: Garganacl|81/100|[from] item: Leftovers\n|-damage|p1a: Cresselia|81/100|[from] Salt Cure\n|upkeep\n|turn|8\n|\n|t:|1771249298\n|move|p2a: Garganacl|Salt Cure|p1a: Cresselia\n|-damage|p1a: Cresselia|74/100\n|move|p1a: Cresselia|Psychic|p2a: Garganacl\n|-damage|p2a: Garganacl|66/100\n|\n|-heal|p2a: Garganacl|72/100|[from] item: Leftovers\n|-damage|p1a: Cresselia|61/100|[from] Salt Cure\n|upkeep\n|turn|9\n|\n|t:|1771249303\n|move|p2a: Garganacl|Recover|p2a: Garganacl\n|-heal|p2a: Garganacl|100/100\n|move|p1a: Cresselia|Psychic|p2a: Garganacl\n|-damage|p2a: Garganacl|86/100\n|\n|-heal|p2a: Garganacl|92/100|[from] item: Leftovers\n|-damage|p1a: Cresselia|49/100|[from] Salt Cure\n|upkeep\n|turn|10\n|j| Cabalgasapos\n|\n|t:|1771249311\n|move|p2a: Garganacl|Body Press|p1a: Cresselia\n|-resisted|p1a: Cresselia\n|-damage|p1a: Cresselia|29/100\n|move|p1a: Cresselia|Psychic|p2a: Garganacl\n|-damage|p2a: Garganacl|77/100\n|\n|-heal|p2a: Garganacl|83/100|[from] item: Leftovers\n|-damage|p1a: Cresselia|16/100|[from] Salt Cure\n|-fieldend|move: Trick Room\n|upkeep\n|turn|11\n|\n|t:|1771249323\n|move|p2a: Garganacl|Body Press|p1a: Cresselia\n|-resisted|p1a: Cresselia\n|-damage|p1a: Cresselia|0 fnt\n|faint|p1a: Cresselia\n|\n|-heal|p2a: Garganacl|89/100|[from] item: Leftovers\n|upkeep\n|\n|t:|1771249329\n|switch|p1a: Hatterene|Hatterene, F, shiny|100/100\n|turn|12\n|\n|t:|1771249331\n|move|p2a: Garganacl|Salt Cure|p1a: Hatterene\n|-damage|p1a: Hatterene|85/100\n|-start|p1a: Hatterene|Salt Cure\n|move|p1a: Hatterene|Psychic Noise|p2a: Garganacl\n|-damage|p2a: Garganacl|61/100\n|-start|p2a: Garganacl|move: Heal Block\n|\n|-damage|p1a: Hatterene|73/100|[from] Salt Cure\n|upkeep\n|turn|13\n|\n|t:|1771249346\n|switch|p2a: Cinderace|Cinderace, F|100/100\n|move|p1a: Hatterene|Trick Room|p1a: Hatterene\n|-fieldstart|move: Trick Room|[of] p1a: Hatterene\n|\n|-damage|p1a: Hatterene|60/100|[from] Salt Cure\n|upkeep\n|turn|14\n|\n|t:|1771249350\n|switch|p1a: Volcanion|Volcanion|87/100\n|move|p2a: Cinderace|Pyro Ball|p1a: Volcanion\n|-resisted|p1a: Volcanion\n|-damage|p1a: Volcanion|77/100\n|\n|upkeep\n|turn|15\n|\n|t:|1771249359\n|move|p2a: Cinderace|Sucker Punch|p1a: Volcanion\n|-start|p2a: Cinderace|typechange|Dark|[from] ability: Libero\n|-damage|p1a: Volcanion|48/100\n|move|p1a: Volcanion|Sludge Bomb|p2a: Cinderace\n|-damage|p2a: Cinderace|27/100\n|\n|upkeep\n|turn|16\n|\n|t:|1771249367\n|move|p2a: Cinderace|Sucker Punch|p1a: Volcanion\n|-damage|p1a: Volcanion|20/100\n|move|p1a: Volcanion|Sludge Bomb|p2a: Cinderace\n|-damage|p2a: Cinderace|0 fnt\n|faint|p2a: Cinderace\n|\n|upkeep\n|\n|t:|1771249370\n|switch|p2a: Dondozo|Dondozo, M|100/100\n|turn|17\n|\n|t:|1771249372\n|move|p2a: Dondozo|Curse|p2a: Dondozo\n|-unboost|p2a: Dondozo|spe|1\n|-boost|p2a: Dondozo|atk|1\n|-boost|p2a: Dondozo|def|1\n|move|p1a: Volcanion|Sludge Bomb|p2a: Dondozo\n|-damage|p2a: Dondozo|47/100\n|-status|p2a: Dondozo|psn\n|\n|-heal|p2a: Dondozo|53/100 psn|[from] item: Leftovers\n|-damage|p2a: Dondozo|41/100 psn|[from] psn\n|-fieldend|move: Trick Room\n|upkeep\n|turn|18\n|\n|t:|1771249378\n|move|p1a: Volcanion|Sludge Bomb|p2a: Dondozo\n|-damage|p2a: Dondozo|0 fnt\n|faint|p2a: Dondozo\n|\n|upkeep\n|\n|t:|1771249379\n|switch|p2a: Dragapult|Dragapult, M|100/100\n|turn|19\n|\n|t:|1771249387\n|move|p2a: Dragapult|U-turn|p1a: Volcanion\n|-resisted|p1a: Volcanion\n|-damage|p1a: Volcanion|13/100\n|\n|t:|1771249388\n|switch|p2a: Garganacl|Garganacl, F, tera:Water|61/100|[from] U-turn\n|move|p1a: Volcanion|Sludge Bomb|p2a: Garganacl\n|-damage|p2a: Garganacl|25/100\n|\n|-heal|p2a: Garganacl|31/100|[from] item: Leftovers\n|upkeep\n|turn|20\n|\n|t:|1771249392\n|switch|p2a: Dragapult|Dragapult, M|100/100\n|move|p1a: Volcanion|Sludge Bomb|p2a: Dragapult\n|-resisted|p2a: Dragapult\n|-damage|p2a: Dragapult|68/100\n|\n|upkeep\n|turn|21\n|\n|t:|1771249395\n|move|p2a: Dragapult|Shadow Ball|p1a: Volcanion\n|-damage|p1a: Volcanion|0 fnt\n|faint|p1a: Volcanion\n|\n|upkeep\n|\n|t:|1771249398\n|switch|p1a: Ursaluna|Ursaluna, M|100/100\n|turn|22\n|\n|t:|1771249407\n|switch|p2a: Hydrapple|Hydrapple, M|82/100\n|move|p1a: Ursaluna|Protect||[still]\n|-fail|p1a: Ursaluna\n|\n|-status|p1a: Ursaluna|brn|[from] item: Flame Orb\n|upkeep\n|turn|23\n|\n|t:|1771249413\n|-terastallize|p1a: Ursaluna|Normal\n|move|p1a: Ursaluna|Facade|p2a: Hydrapple\n|-damage|p2a: Hydrapple|0 fnt\n|faint|p2a: Hydrapple\n|\n|-damage|p1a: Ursaluna|94/100 brn|[from] brn\n|upkeep\n|\n|t:|1771249419\n|switch|p2a: Dragapult|Dragapult, M|68/100\n|turn|24\n|\n|t:|1771249422\n|move|p2a: Dragapult|Shadow Ball|p1a: Ursaluna\n|-immune|p1a: Ursaluna\n|move|p1a: Ursaluna|Headlong Rush|p2a: Dragapult\n|-damage|p2a: Dragapult|0 fnt\n|-unboost|p1a: Ursaluna|def|1\n|-unboost|p1a: Ursaluna|spd|1\n|faint|p2a: Dragapult\n|\n|-damage|p1a: Ursaluna|88/100 brn|[from] brn\n|upkeep\n|-message|Maitredouard2 forfeited.\n|\n|win|DonaCristina\n|raw|DonaCristina's rating: 1531 &rarr; <strong>1558</strong><br />(+27 for winning)\n|raw|Maitredouard2's rating: 1652 &rarr; <strong>1625</strong><br />(-27 for losing)\n|l|☆Maitredouard2\n|player|p2|\n|l|☆DonaCristina\n|player|p1|\n", "uploadtime": 1771249692, "views": 14, "formatid": "gen9ou", "rating": 1558, "private": 0, "password": null}