{"id": "gen9ou-2639977956", "format": "[Gen 9] OU", "players": ["Roseofrosarade", "soulspark"], "log": "|j|☆Roseofrosarade\n|j|☆soulspark\n|t:|1782556795\n|gametype|singles\n|player|p1|Roseofrosarade|265|1705\n|player|p2|soulspark|102|1588\n|gen|9\n|tier|[Gen 9] OU\n|rated|\n|rule|HP Percentage Mod: HP is shown in percentages\n|rule|Endless Battle Clause: Forcing endless battles is banned\n|rule|Species Clause: Limit one of each Pokémon\n|rule|OHKO Clause: OHKO moves are banned\n|rule|Evasion Items Clause: Evasion items are banned\n|rule|Evasion Moves Clause: Evasion moves are banned\n|rule|Evasion Abilities Clause: Evasion abilities are banned\n|rule|Sleep Moves Clause: Sleep-inducing moves are banned\n|clearpoke\n|poke|p1|Serperior, M|\n|poke|p1|Tinkaton, F|\n|poke|p1|Moltres|\n|poke|p1|Samurott-Hisui, F|\n|poke|p1|Great Tusk|\n|poke|p1|Dragapult, F|\n|poke|p2|Meowscarada, M|\n|poke|p2|Iron Crown|\n|poke|p2|Alomomola, M|\n|poke|p2|Hoopa-Unbound|\n|poke|p2|Goodra-Hisui, F|\n|poke|p2|Corviknight, M|\n|teampreview\n|\n|t:|1782556803\n|teamsize|p1|6\n|teamsize|p2|6\n|start\n|switch|p1a: Dragapult|Dragapult, F|100/100\n|switch|p2a: Corviknight|Corviknight, M|100/100\n|turn|1\n|\n|t:|1782556818\n|move|p1a: Dragapult|Shadow Ball|p2a: Corviknight\n|-damage|p2a: Corviknight|54/100\n|move|p2a: Corviknight|U-turn|p1a: Dragapult\n|-resisted|p1a: Dragapult\n|-damage|p1a: Dragapult|90/100\n|\n|t:|1782556846\n|switch|p2a: Goodra|Goodra-Hisui, F|100/100|[from] U-turn\n|\n|upkeep\n|turn|2\n|\n|t:|1782556855\n|switch|p1a: Samurott|Samurott-Hisui, F|100/100\n|move|p2a: Goodra|Dragon Breath|p1a: Samurott\n|-damage|p1a: Samurott|86/100\n|\n|upkeep\n|turn|3\n|\n|t:|1782556878\n|move|p1a: Samurott|Ceaseless Edge|p2a: Goodra\n|-damage|p2a: Goodra|58/100\n|-sidestart|p2: soulspark|Spikes\n|move|p2a: Goodra|Knock Off|p1a: Samurott\n|-resisted|p1a: Samurott\n|-damage|p1a: Samurott|74/100\n|-enditem|p1a: Samurott|Assault Vest|[from] move: Knock Off|[of] p2a: Goodra\n|\n|upkeep\n|turn|4\n|\n|t:|1782556887\n|switch|p2a: Alomomola|Alomomola, M|100/100\n|-damage|p2a: Alomomola|88/100|[from] Spikes\n|move|p1a: Samurott|Knock Off|p2a: Alomomola\n|-damage|p2a: Alomomola|65/100\n|-enditem|p2a: Alomomola|Wacan Berry|[from] move: Knock Off|[of] p1a: Samurott\n|\n|upkeep\n|turn|5\n|\n|t:|1782556900\n|switch|p1a: Dragapult|Dragapult, F|90/100\n|move|p2a: Alomomola|Wish|p2a: Alomomola\n|\n|upkeep\n|turn|6\n|\n|t:|1782556912\n|switch|p2a: Goodra|Goodra-Hisui, F|58/100\n|-damage|p2a: Goodra|46/100|[from] Spikes\n|move|p1a: Dragapult|Shadow Ball|p2a: Goodra\n|-damage|p2a: Goodra|29/100\n|\n|-heal|p2a: Goodra|99/100|[from] move: Wish|[wisher] Alomomola\n|upkeep\n|turn|7\n|\n|t:|1782556924\n|switch|p1a: Tinkaton|Tinkaton, F|100/100\n|-item|p1a: Tinkaton|Air Balloon\n|move|p2a: Goodra|Dragon Breath|p1a: Tinkaton\n|-immune|p1a: Tinkaton\n|\n|upkeep\n|turn|8\n|\n|t:|1782556935\n|switch|p2a: Alomomola|Alomomola, M|99/100\n|-damage|p2a: Alomomola|86/100|[from] Spikes\n|move|p1a: Tinkaton|Thunder Wave|p2a: Alomomola\n|-status|p2a: Alomomola|par\n|\n|upkeep\n|turn|9\n|\n|t:|1782556940\n|move|p1a: Tinkaton|Stealth Rock|p2a: Alomomola\n|-sidestart|p2: soulspark|move: Stealth Rock\n|move|p2a: Alomomola|Flip Turn|p1a: Tinkaton\n|-damage|p1a: Tinkaton|83/100\n|-enditem|p1a: Tinkaton|Air Balloon\n|\n|t:|1782556945\n|switch|p2a: Corviknight|Corviknight, M|54/100|[from] Flip Turn\n|-damage|p2a: Corviknight|42/100|[from] Stealth Rock\n|\n|upkeep\n|turn|10\n|\n|t:|1782556949\n|move|p1a: Tinkaton|Thunder Wave|p2a: Corviknight\n|-status|p2a: Corviknight|par\n|cant|p2a: Corviknight|par\n|\n|upkeep\n|turn|11\n|\n|t:|1782556955\n|move|p1a: Tinkaton|Gigaton Hammer|p2a: Corviknight\n|-resisted|p2a: Corviknight\n|-damage|p2a: Corviknight|30/100 par\n|move|p2a: Corviknight|Defog|p1a: Tinkaton\n|-unboost|p1a: Tinkaton|evasion|1\n|-sideend|p2: soulspark|Spikes|[from] move: Defog|[of] p2a: Corviknight\n|-sideend|p2: soulspark|Stealth Rock|[from] move: Defog|[of] p2a: Corviknight\n|\n|upkeep\n|turn|12\n|\n|t:|1782556963\n|move|p1a: Tinkaton|Stealth Rock|p2a: Corviknight\n|-sidestart|p2: soulspark|move: Stealth Rock\n|move|p2a: Corviknight|Roost|p2a: Corviknight\n|-heal|p2a: Corviknight|80/100 par\n|-singleturn|p2a: Corviknight|move: Roost\n|\n|upkeep\n|turn|13\n|\n|t:|1782556972\n|move|p1a: Tinkaton|Encore|p2a: Corviknight\n|-start|p2a: Corviknight|Encore\n|cant|p2a: Corviknight|par\n|\n|upkeep\n|turn|14\n|\n|t:|1782556977\n|switch|p1a: Samurott|Samurott-Hisui, F|74/100\n|switch|p2a: Alomomola|Alomomola, M|100/100 par\n|-damage|p2a: Alomomola|88/100 par|[from] Stealth Rock\n|\n|upkeep\n|turn|15\n|\n|t:|1782556980\n|move|p1a: Samurott|Ceaseless Edge|p2a: Alomomola|[miss]\n|-miss|p1a: Samurott|p2a: Alomomola\n|move|p2a: Alomomola|Flip Turn|p1a: Samurott\n|-resisted|p1a: Samurott\n|-damage|p1a: Samurott|65/100\n|\n|t:|1782556989\n|switch|p2a: Meowscarada|Meowscarada, M|100/100|[from] Flip Turn\n|-damage|p2a: Meowscarada|88/100|[from] Stealth Rock\n|\n|upkeep\n|turn|16\n|\n|t:|1782556993\n|switch|p1a: Moltres|Moltres|100/100\n|move|p2a: Meowscarada|Copycat|p2a: Meowscarada\n|move|p2a: Meowscarada|Flip Turn|p1a: Moltres|[from] move: Copycat\n|-start|p2a: Meowscarada|typechange|Water|[from] ability: Protean\n|-supereffective|p1a: Moltres\n|-damage|p1a: Moltres|60/100\n|\n|t:|1782557003\n|switch|p2a: Alomomola|Alomomola, M|100/100 par|[from] Flip Turn\n|-damage|p2a: Alomomola|88/100 par|[from] Stealth Rock\n|\n|upkeep\n|turn|17\n|\n|t:|1782557006\n|move|p1a: Moltres|U-turn|p2a: Alomomola\n|-damage|p2a: Alomomola|80/100 par\n|\n|t:|1782557011\n|switch|p1a: Serperior|Serperior, M|100/100|[from] U-turn\n|move|p2a: Alomomola|Flip Turn|p1a: Serperior\n|-resisted|p1a: Serperior\n|-damage|p1a: Serperior|91/100\n|\n|t:|1782557021\n|switch|p2a: Goodra|Goodra-Hisui, F|99/100|[from] Flip Turn\n|-damage|p2a: Goodra|93/100|[from] Stealth Rock\n|\n|upkeep\n|turn|18\n|inactive|Battle timer is ON: inactive players will automatically lose when time's up. (requested by Roseofrosarade)\n|\n|t:|1782557032\n|move|p1a: Serperior|Glare|p2a: Goodra\n|-status|p2a: Goodra|par\n|move|p2a: Goodra|Knock Off|p1a: Serperior\n|-damage|p1a: Serperior|64/100\n|-enditem|p1a: Serperior|Choice Scarf|[from] move: Knock Off|[of] p2a: Goodra\n|\n|upkeep\n|turn|19\n|\n|t:|1782557044\n|move|p1a: Serperior|Knock Off|p2a: Goodra\n|-damage|p2a: Goodra|77/100 par\n|-enditem|p2a: Goodra|Assault Vest|[from] move: Knock Off|[of] p1a: Serperior\n|move|p2a: Goodra|Dragon Breath|p1a: Serperior\n|-damage|p1a: Serperior|37/100\n|-status|p1a: Serperior|par\n|\n|upkeep\n|turn|20\n|\n|t:|1782557054\n|switch|p1a: Great Tusk|Great Tusk|100/100\n|move|p2a: Goodra|Flash Cannon|p1a: Great Tusk\n|-damage|p1a: Great Tusk|51/100\n|\n|upkeep\n|turn|21\n|\n|t:|1782557062\n|switch|p2a: Alomomola|Alomomola, M|100/100 par\n|-damage|p2a: Alomomola|88/100 par|[from] Stealth Rock\n|move|p1a: Great Tusk|Close Combat|p2a: Alomomola\n|-damage|p2a: Alomomola|53/100 par\n|-unboost|p1a: Great Tusk|def|1\n|-unboost|p1a: Great Tusk|spd|1\n|\n|upkeep\n|turn|22\n|\n|t:|1782557071\n|-end|p1a: Great Tusk|Protosynthesis|[silent]\n|switch|p1a: Dragapult|Dragapult, F|90/100\n|move|p2a: Alomomola|Flip Turn|p1a: Dragapult\n|-resisted|p1a: Dragapult\n|-damage|p1a: Dragapult|78/100\n|\n|t:|1782557080\n|switch|p2a: Corviknight|Corviknight, M|80/100 par|[from] Flip Turn\n|-damage|p2a: Corviknight|67/100 par|[from] Stealth Rock\n|\n|upkeep\n|turn|23\n|\n|t:|1782557085\n|move|p1a: Dragapult|Flamethrower|p2a: Corviknight\n|-supereffective|p2a: Corviknight\n|-damage|p2a: Corviknight|0 fnt\n|faint|p2a: Corviknight\n|\n|upkeep\n|\n|t:|1782557099\n|switch|p2a: Hoopa|Hoopa-Unbound|100/100\n|-damage|p2a: Hoopa|88/100|[from] Stealth Rock\n|turn|24\n|\n|t:|1782557105\n|switch|p1a: Tinkaton|Tinkaton, F|83/100\n|-singleturn|p2a: Hoopa|move: Focus Punch\n|move|p2a: Hoopa|Focus Punch|p1a: Tinkaton\n|-damage|p1a: Tinkaton|8/100\n|-enditem|p2a: Hoopa|Red Card|[silent]|[from] ability: Pickpocket|[of] p2a: Hoopa\n|-item|p1a: Tinkaton|Red Card|[from] ability: Pickpocket|[of] p2a: Hoopa\n|-item|p2a: Hoopa|Red Card|[from] ability: Magician|[of] p1a: Tinkaton\n|\n|upkeep\n|turn|25\n|\n|t:|1782557132\n|switch|p2a: Alomomola|Alomomola, M|87/100 par\n|-damage|p2a: Alomomola|74/100 par|[from] Stealth Rock\n|move|p1a: Tinkaton|Gigaton Hammer|p2a: Alomomola\n|-resisted|p2a: Alomomola\n|-damage|p2a: Alomomola|62/100 par\n|\n|upkeep\n|turn|26\n|\n|t:|1782557142\n|switch|p1a: Dragapult|Dragapult, F|78/100\n|move|p2a: Alomomola|Flip Turn|p1a: Dragapult\n|-resisted|p1a: Dragapult\n|-damage|p1a: Dragapult|67/100\n|inactive|soulspark has 120 seconds left.\n|\n|t:|1782557153\n|switch|p2a: Goodra|Goodra-Hisui, F|77/100 par|[from] Flip Turn\n|-damage|p2a: Goodra|71/100 par|[from] Stealth Rock\n|\n|upkeep\n|turn|27\n|\n|t:|1782557160\n|move|p1a: Dragapult|U-turn|p2a: Goodra\n|-resisted|p2a: Goodra\n|-damage|p2a: Goodra|63/100 par\n|\n|t:|1782557162\n|switch|p1a: Samurott|Samurott-Hisui, F|65/100|[from] U-turn\n|move|p2a: Goodra|Flash Cannon|p1a: Samurott\n|-resisted|p1a: Samurott\n|-damage|p1a: Samurott|49/100\n|\n|upkeep\n|turn|28\n|\n|t:|1782557174\n|move|p1a: Samurott|Ceaseless Edge|p2a: Goodra|[miss]\n|-miss|p1a: Samurott|p2a: Goodra\n|move|p2a: Goodra|Dragon Breath|p1a: Samurott\n|-damage|p1a: Samurott|25/100\n|-status|p1a: Samurott|par\n|\n|upkeep\n|turn|29\n|\n|t:|1782557190\n|move|p1a: Samurott|Ceaseless Edge|p2a: Goodra\n|-damage|p2a: Goodra|23/100 par\n|-sidestart|p2: soulspark|Spikes\n|move|p2a: Goodra|Dragon Breath|p1a: Samurott\n|-damage|p1a: Samurott|1/100 par\n|\n|upkeep\n|turn|30\n|\n|t:|1782557198\n|cant|p1a: Samurott|par\n|move|p2a: Goodra|Flash Cannon|p1a: Samurott\n|-resisted|p1a: Samurott\n|-damage|p1a: Samurott|0 fnt\n|faint|p1a: Samurott\n|\n|upkeep\n|\n|t:|1782557204\n|switch|p1a: Dragapult|Dragapult, F|67/100\n|turn|31\n|\n|t:|1782557209\n|move|p1a: Dragapult|Shadow Ball|p2a: Goodra\n|-damage|p2a: Goodra|0 fnt\n|faint|p2a: Goodra\n|\n|upkeep\n|\n|t:|1782557218\n|switch|p2a: Alomomola|Alomomola, M|95/100 par\n|-damage|p2a: Alomomola|83/100 par|[from] Stealth Rock\n|-damage|p2a: Alomomola|71/100 par|[from] Spikes\n|turn|32\n|\n|t:|1782557222\n|move|p1a: Dragapult|Shadow Ball|p2a: Alomomola\n|-damage|p2a: Alomomola|20/100 par\n|move|p2a: Alomomola|Mirror Coat|p1a: Dragapult\n|-damage|p1a: Dragapult|0 fnt\n|faint|p1a: Dragapult\n|\n|upkeep\n|j| dante1310\n|\n|t:|1782557227\n|switch|p1a: Great Tusk|Great Tusk|51/100\n|turn|33\n|\n|t:|1782557237\n|move|p1a: Great Tusk|Close Combat|p2a: Alomomola\n|-damage|p2a: Alomomola|0 fnt\n|-unboost|p1a: Great Tusk|def|1\n|-unboost|p1a: Great Tusk|spd|1\n|faint|p2a: Alomomola\n|\n|upkeep\n|\n|t:|1782557262\n|switch|p2a: Meowscarada|Meowscarada, M|88/100\n|-damage|p2a: Meowscarada|76/100|[from] Stealth Rock\n|-damage|p2a: Meowscarada|64/100|[from] Spikes\n|turn|34\n|\n|t:|1782557265\n|-end|p1a: Great Tusk|Protosynthesis|[silent]\n|switch|p1a: Moltres|Moltres|60/100\n|move|p2a: Meowscarada|Triple Axel|p1a: Moltres\n|-start|p2a: Meowscarada|typechange|Ice|[from] ability: Protean\n|-damage|p1a: Moltres|53/100\n|-damage|p1a: Moltres|39/100\n|-status|p2a: Meowscarada|brn|[from] ability: Flame Body|[of] p1a: Moltres\n|-damage|p1a: Moltres|29/100\n|-hitcount|p1a: Moltres|3\n|\n|-damage|p2a: Meowscarada|57/100 brn|[from] brn\n|upkeep\n|turn|35\n|\n|t:|1782557282\n|move|p2a: Meowscarada|Triple Axel|p1a: Moltres\n|-damage|p1a: Moltres|26/100\n|-damage|p1a: Moltres|20/100\n|-damage|p1a: Moltres|11/100\n|-hitcount|p1a: Moltres|3\n|move|p1a: Moltres|Roost|p1a: Moltres\n|-heal|p1a: Moltres|61/100\n|-singleturn|p1a: Moltres|move: Roost\n|\n|-damage|p2a: Meowscarada|51/100 brn|[from] brn\n|upkeep\n|turn|36\n|\n|t:|1782557295\n|move|p2a: Meowscarada|Copycat|p2a: Meowscarada\n|move|p2a: Meowscarada|Roost|p2a: Meowscarada|[from] move: Copycat\n|-heal|p2a: Meowscarada|100/100 brn\n|-singleturn|p2a: Meowscarada|move: Roost\n|move|p1a: Moltres|Roost|p1a: Moltres\n|-heal|p1a: Moltres|100/100\n|-singleturn|p1a: Moltres|move: Roost\n|\n|-damage|p2a: Meowscarada|94/100 brn|[from] brn\n|upkeep\n|turn|37\n|l| dante1310\n|\n|t:|1782557305\n|move|p2a: Meowscarada|Triple Axel|p1a: Moltres\n|-damage|p1a: Moltres|97/100\n|-damage|p1a: Moltres|90/100\n|-damage|p1a: Moltres|80/100\n|-hitcount|p1a: Moltres|3\n|move|p1a: Moltres|Flamethrower|p2a: Meowscarada\n|-supereffective|p2a: Meowscarada\n|-damage|p2a: Meowscarada|0 fnt\n|faint|p2a: Meowscarada\n|\n|upkeep\n|\n|t:|1782557310\n|switch|p2a: Hoopa|Hoopa-Unbound|88/100\n|-damage|p2a: Hoopa|76/100|[from] Stealth Rock\n|-damage|p2a: Hoopa|63/100|[from] Spikes\n|turn|38\n|\n|t:|1782557322\n|switch|p1a: Serperior|Serperior, M|37/100 par\n|move|p2a: Hoopa|Hyperspace Fury|p1a: Serperior\n|-damage|p1a: Serperior|0 fnt\n|-unboost|p2a: Hoopa|def|1\n|faint|p1a: Serperior\n|\n|upkeep\n|\n|t:|1782557324\n|switch|p1a: Great Tusk|Great Tusk|51/100\n|turn|39\n|\n|t:|1782557332\n|move|p1a: Great Tusk|Headlong Rush|p2a: Hoopa\n|-damage|p2a: Hoopa|0 fnt\n|-unboost|p1a: Great Tusk|def|1\n|-unboost|p1a: Great Tusk|spd|1\n|faint|p2a: Hoopa\n|\n|upkeep\n|\n|t:|1782557335\n|switch|p2a: Iron Crown|Iron Crown|100/100\n|-damage|p2a: Iron Crown|94/100|[from] Stealth Rock\n|-damage|p2a: Iron Crown|82/100|[from] Spikes\n|-enditem|p2a: Iron Crown|Booster Energy\n|-activate|p2a: Iron Crown|ability: Quark Drive|[fromitem]\n|-start|p2a: Iron Crown|quarkdrivespe\n|turn|40\n|\n|t:|1782557345\n|-terastallize|p2a: Iron Crown|Ground\n|move|p2a: Iron Crown|Iron Defense|p2a: Iron Crown\n|-boost|p2a: Iron Crown|def|2\n|move|p1a: Great Tusk|Headlong Rush|p2a: Iron Crown\n|-damage|p2a: Iron Crown|48/100\n|-unboost|p1a: Great Tusk|def|1\n|-unboost|p1a: Great Tusk|spd|1\n|\n|upkeep\n|turn|41\n|\n|t:|1782557361\n|-terastallize|p1a: Great Tusk|Ice\n|move|p2a: Iron Crown|Calm Mind|p2a: Iron Crown\n|-boost|p2a: Iron Crown|spa|1\n|-boost|p2a: Iron Crown|spd|1\n|move|p1a: Great Tusk|Ice Spinner|p2a: Iron Crown\n|-supereffective|p2a: Iron Crown\n|-damage|p2a: Iron Crown|3/100\n|\n|upkeep\n|turn|42\n|\n|t:|1782557373\n|move|p2a: Iron Crown|Tachyon Cutter|p1a: Great Tusk\n|-supereffective|p1a: Great Tusk\n|-damage|p1a: Great Tusk|0 fnt\n|faint|p1a: Great Tusk\n|-end|p1a: Great Tusk|Protosynthesis|[silent]\n|-hitcount|p1: Great Tusk|1\n|\n|upkeep\n|\n|t:|1782557375\n|switch|p1a: Moltres|Moltres|80/100\n|turn|43\n|\n|t:|1782557378\n|move|p2a: Iron Crown|Stored Power|p1a: Moltres\n|-damage|p1a: Moltres|15/100\n|move|p1a: Moltres|Flamethrower|p2a: Iron Crown\n|-damage|p2a: Iron Crown|0 fnt\n|faint|p2a: Iron Crown\n|-end|p2a: Iron Crown|Quark Drive|[silent]\n|\n|win|Roseofrosarade\n|raw|Roseofrosarade's rating: 1705 &rarr; <strong>1719</strong><br />(+14 for winning)\n|raw|soulspark's rating: 1588 &rarr; <strong>1574</strong><br />(-14 for losing)\n|l|☆soulspark\n|player|p2|\n|l|☆Roseofrosarade\n|player|p1|\n", "uploadtime": 1782557536, "views": 9, "formatid": "gen9ou", "rating": 1574, "private": 0, "password": null}