{"id": "gen9ou-2639233382", "format": "[Gen 9] OU", "players": ["TurtleKDM", "argozart"], "log": "|j|☆TurtleKDM\n|j|☆argozart\n|t:|1782437998\n|gametype|singles\n|player|p1|TurtleKDM|101|1308\n|player|p2|argozart|bugcatcher-gen4dp|1371\n|gen|9\n|tier|[Gen 9] OU\n|rated|\n|rule|HP Percentage Mod: HP is shown in percentages\n|rule|Endless Battle Clause: Forcing endless battles is banned\n|rule|Species Clause: Limit one of each Pokémon\n|rule|OHKO Clause: OHKO moves are banned\n|rule|Evasion Items Clause: Evasion items are banned\n|rule|Evasion Moves Clause: Evasion moves are banned\n|rule|Evasion Abilities Clause: Evasion abilities are banned\n|rule|Sleep Moves Clause: Sleep-inducing moves are banned\n|clearpoke\n|poke|p1|Ninetales, F|\n|poke|p1|Typhlosion-Hisui, F|\n|poke|p1|Venusaur, M|\n|poke|p1|Great Tusk|\n|poke|p1|Garganacl, M|\n|poke|p1|Walking Wake|\n|poke|p2|Torkoal, M|\n|poke|p2|Hatterene, F|\n|poke|p2|Slither Wing|\n|poke|p2|Iron Moth|\n|poke|p2|Walking Wake|\n|poke|p2|Lilligant-Hisui, F|\n|teampreview\n|inactive|Battle timer is ON: inactive players will automatically lose when time's up. (requested by TurtleKDM)\n|\n|t:|1782438009\n|teamsize|p1|6\n|teamsize|p2|6\n|start\n|switch|p1a: Great Tusk|Great Tusk|100/100\n|switch|p2a: Slither Wing|Slither Wing|100/100\n|turn|1\n|\n|t:|1782438014\n|-end|p2a: Slither Wing|Protosynthesis|[silent]\n|switch|p2a: Hatterene|Hatterene, F|100/100\n|move|p1a: Great Tusk|Stealth Rock|p2a: Hatterene\n|move|p2a: Hatterene|Stealth Rock|p1a: Great Tusk|[from] ability: Magic Bounce\n|-sidestart|p1: TurtleKDM|move: Stealth Rock\n|\n|upkeep\n|turn|2\n|\n|t:|1782438017\n|move|p1a: Great Tusk|Rapid Spin|p2a: Hatterene\n|-crit|p2a: Hatterene\n|-damage|p2a: Hatterene|76/100\n|-boost|p1a: Great Tusk|spe|1\n|-sideend|p1: TurtleKDM|Stealth Rock|[from] move: Rapid Spin|[of] p1a: Great Tusk\n|-enditem|p2a: Hatterene|Eject Button\n|\n|t:|1782438032\n|switch|p2a: Torkoal|Torkoal, M|100/100\n|-weather|SunnyDay|[from] ability: Drought|[of] p2a: Torkoal\n|-activate|p1a: Great Tusk|ability: Protosynthesis\n|-start|p1a: Great Tusk|protosynthesisatk\n|\n|-weather|SunnyDay|[upkeep]\n|upkeep\n|turn|3\n|\n|t:|1782438042\n|switch|p2a: Slither Wing|Slither Wing|100/100\n|-activate|p2a: Slither Wing|ability: Protosynthesis\n|-start|p2a: Slither Wing|protosynthesisatk\n|move|p1a: Great Tusk|Headlong Rush|p2a: Slither Wing\n|-resisted|p2a: Slither Wing\n|-crit|p2a: Slither Wing\n|-damage|p2a: Slither Wing|48/100\n|-unboost|p1a: Great Tusk|def|1\n|-unboost|p1a: Great Tusk|spd|1\n|\n|-weather|SunnyDay|[upkeep]\n|upkeep\n|turn|4\n|\n|t:|1782438052\n|move|p1a: Great Tusk|Headlong Rush|p2a: Slither Wing\n|-resisted|p2a: Slither Wing\n|-damage|p2a: Slither Wing|10/100\n|-unboost|p1a: Great Tusk|def|1\n|-unboost|p1a: Great Tusk|spd|1\n|move|p2a: Slither Wing|U-turn|p1a: Great Tusk\n|-resisted|p1a: Great Tusk\n|-damage|p1a: Great Tusk|75/100\n|-damage|p2a: Slither Wing|0 fnt|[from] item: Rocky Helmet|[of] p1a: Great Tusk\n|faint|p2a: Slither Wing\n|-end|p2a: Slither Wing|Protosynthesis|[silent]\n|\n|-weather|SunnyDay|[upkeep]\n|upkeep\n|c|☆TurtleKDM|That roll is crazy\n|\n|t:|1782438065\n|switch|p2a: Lilligant|Lilligant-Hisui, F|100/100\n|turn|5\n|inactive|argozart has 120 seconds left.\n|\n|t:|1782438096\n|move|p2a: Lilligant|Solar Blade||[still]\n|-prepare|p2a: Lilligant|Solar Blade\n|-anim|p2a: Lilligant|Solar Blade|p1a: Great Tusk\n|-supereffective|p1a: Great Tusk\n|-damage|p1a: Great Tusk|0 fnt\n|-damage|p2a: Lilligant|84/100|[from] item: Rocky Helmet|[of] p1a: Great Tusk\n|faint|p1a: Great Tusk\n|-end|p1a: Great Tusk|Protosynthesis|[silent]\n|-damage|p2a: Lilligant|74/100|[from] item: Life Orb\n|\n|-weather|SunnyDay|[upkeep]\n|upkeep\n|\n|t:|1782438101\n|switch|p1a: Venusaur|Venusaur, M|100/100\n|turn|6\n|\n|t:|1782438107\n|-terastallize|p1a: Venusaur|Fire\n|move|p2a: Lilligant|Triple Axel|p1a: Venusaur\n|-resisted|p1a: Venusaur\n|-damage|p1a: Venusaur|95/100\n|-resisted|p1a: Venusaur\n|-damage|p1a: Venusaur|83/100\n|-resisted|p1a: Venusaur\n|-damage|p1a: Venusaur|67/100\n|-hitcount|p1a: Venusaur|3\n|-damage|p2a: Lilligant|64/100|[from] item: Life Orb\n|move|p1a: Venusaur|Weather Ball|p2a: Lilligant\n|-supereffective|p2a: Lilligant\n|-damage|p2a: Lilligant|0 fnt\n|faint|p2a: Lilligant\n|-damage|p1a: Venusaur|57/100|[from] item: Life Orb\n|\n|-weather|SunnyDay|[upkeep]\n|upkeep\n|\n|t:|1782438125\n|switch|p2a: Walking Wake|Walking Wake|100/100\n|-activate|p2a: Walking Wake|ability: Protosynthesis\n|-start|p2a: Walking Wake|protosynthesisspa\n|turn|7\n|inactive|argozart has 120 seconds left.\n|\n|t:|1782438142\n|move|p1a: Venusaur|Solar Beam||[still]\n|-prepare|p1a: Venusaur|Solar Beam\n|-anim|p1a: Venusaur|Solar Beam|p2a: Walking Wake\n|-damage|p2a: Walking Wake|17/100\n|-damage|p1a: Venusaur|47/100|[from] item: Life Orb\n|move|p2a: Walking Wake|Draco Meteor|p1a: Venusaur\n|-damage|p1a: Venusaur|0 fnt\n|-unboost|p2a: Walking Wake|spa|2\n|faint|p1a: Venusaur\n|\n|-weather|SunnyDay|[upkeep]\n|upkeep\n|\n|t:|1782438158\n|switch|p1a: Walking Wake|Walking Wake|100/100\n|-activate|p1a: Walking Wake|ability: Protosynthesis\n|-start|p1a: Walking Wake|protosynthesisspe\n|turn|8\n|inactive|argozart has 120 seconds left.\n|\n|t:|1782438179\n|-end|p2a: Walking Wake|Protosynthesis|[silent]\n|switch|p2a: Hatterene|Hatterene, F|76/100\n|move|p1a: Walking Wake|Hydro Steam|p2a: Hatterene\n|-damage|p2a: Hatterene|0 fnt\n|faint|p2a: Hatterene\n|\n|-weather|SunnyDay|[upkeep]\n|upkeep\n|\n|t:|1782438195\n|switch|p2a: Iron Moth|Iron Moth|100/100\n|-enditem|p2a: Iron Moth|Booster Energy\n|-activate|p2a: Iron Moth|ability: Quark Drive|[fromitem]\n|-start|p2a: Iron Moth|quarkdrivespe\n|turn|9\n|\n|t:|1782438214\n|-terastallize|p2a: Iron Moth|Grass\n|move|p2a: Iron Moth|Solar Beam||[still]\n|-prepare|p2a: Iron Moth|Solar Beam\n|-anim|p2a: Iron Moth|Solar Beam|p1a: Walking Wake\n|-damage|p1a: Walking Wake|32/100\n|move|p1a: Walking Wake|Hydro Steam|p2a: Iron Moth\n|-resisted|p2a: Iron Moth\n|-damage|p2a: Iron Moth|53/100\n|\n|-weather|none\n|-end|p1a: Walking Wake|Protosynthesis\n|upkeep\n|turn|10\n|inactive|argozart has 90 seconds left.\n|\n|t:|1782438241\n|-end|p1a: Walking Wake|Protosynthesis|[silent]\n|switch|p1a: Garganacl|Garganacl, M|100/100\n|move|p2a: Iron Moth|Substitute|p2a: Iron Moth\n|-start|p2a: Iron Moth|Substitute\n|-damage|p2a: Iron Moth|28/100\n|\n|upkeep\n|turn|11\n|inactive|argozart has 90 seconds left.\n|\n|t:|1782438249\n|move|p2a: Iron Moth|Solar Beam||[still]\n|-prepare|p2a: Iron Moth|Solar Beam\n|move|p1a: Garganacl|Salt Cure|p2a: Iron Moth\n|-activate|p2a: Iron Moth|move: Substitute|[damage]\n|\n|upkeep\n|turn|12\n|\n|t:|1782438263\n|switch|p1a: Walking Wake|Walking Wake|32/100\n|move|p2a: Iron Moth|Solar Beam|p1a: Walking Wake|[from] lockedmove\n|-damage|p1a: Walking Wake|0 fnt\n|faint|p1a: Walking Wake\n|-end|p1a: Walking Wake|Protosynthesis|[silent]\n|\n|upkeep\n|\n|t:|1782438265\n|switch|p1a: Garganacl|Garganacl, M|100/100\n|turn|13\n|\n|t:|1782438269\n|move|p2a: Iron Moth|Solar Beam||[still]\n|-prepare|p2a: Iron Moth|Solar Beam\n|move|p1a: Garganacl|Salt Cure|p2a: Iron Moth\n|-end|p2a: Iron Moth|Substitute\n|\n|upkeep\n|turn|14\n|\n|t:|1782438277\n|switch|p1a: Typhlosion|Typhlosion-Hisui, F|100/100\n|move|p2a: Iron Moth|Solar Beam|p1a: Typhlosion|[from] lockedmove\n|-resisted|p1a: Typhlosion\n|-damage|p1a: Typhlosion|58/100\n|\n|upkeep\n|turn|15\n|inactive|argozart has 120 seconds left.\n|\n|t:|1782438296\n|move|p2a: Iron Moth|Sludge Wave|p1a: Typhlosion\n|-resisted|p1a: Typhlosion\n|-damage|p1a: Typhlosion|27/100\n|move|p1a: Typhlosion|Flamethrower|p2a: Iron Moth\n|-supereffective|p2a: Iron Moth\n|-damage|p2a: Iron Moth|0 fnt\n|faint|p2a: Iron Moth\n|-end|p2a: Iron Moth|Quark Drive|[silent]\n|\n|upkeep\n|inactive|argozart has 120 seconds left.\n|\n|t:|1782438318\n|switch|p2a: Torkoal|Torkoal, M|100/100\n|-weather|SunnyDay|[from] ability: Drought|[of] p2a: Torkoal\n|turn|16\n|\n|t:|1782438327\n|switch|p1a: Garganacl|Garganacl, M|100/100\n|move|p2a: Torkoal|Stealth Rock|p1a: Garganacl\n|-sidestart|p1: TurtleKDM|move: Stealth Rock\n|\n|-weather|SunnyDay|[upkeep]\n|upkeep\n|turn|17\n|\n|t:|1782438338\n|move|p1a: Garganacl|Salt Cure|p2a: Torkoal\n|-supereffective|p2a: Torkoal\n|-damage|p2a: Torkoal|83/100\n|-start|p2a: Torkoal|Salt Cure\n|move|p2a: Torkoal|Lava Plume|p1a: Garganacl\n|-resisted|p1a: Garganacl\n|-damage|p1a: Garganacl|89/100\n|\n|-weather|SunnyDay|[upkeep]\n|-heal|p1a: Garganacl|96/100|[from] item: Leftovers\n|-damage|p2a: Torkoal|71/100|[from] Salt Cure\n|upkeep\n|turn|18\n|c|☆argozart|i lose to the salt mine\n|c|☆argozart|since team preview lol\n|c|☆argozart|gg\n|inactive|TurtleKDM has 120 seconds left.\n|c|☆TurtleKDM|You can still win if you get the turn right\n|inactive|argozart has 90 seconds left.\n|\n|t:|1782438393\n|move|p1a: Garganacl|Salt Cure|p2a: Torkoal\n|-supereffective|p2a: Torkoal\n|-damage|p2a: Torkoal|54/100\n|move|p2a: Torkoal|Lava Plume|p1a: Garganacl\n|-resisted|p1a: Garganacl\n|-damage|p1a: Garganacl|83/100\n|\n|-weather|SunnyDay|[upkeep]\n|-heal|p1a: Garganacl|89/100|[from] item: Leftovers\n|-damage|p2a: Torkoal|42/100|[from] Salt Cure\n|upkeep\n|turn|19\n|inactive|argozart has 90 seconds left.\n|\n|t:|1782438403\n|move|p1a: Garganacl|Recover|p1a: Garganacl\n|-heal|p1a: Garganacl|100/100\n|move|p2a: Torkoal|Lava Plume|p1a: Garganacl\n|-resisted|p1a: Garganacl\n|-damage|p1a: Garganacl|88/100\n|\n|-weather|SunnyDay|[upkeep]\n|-heal|p1a: Garganacl|94/100|[from] item: Leftovers\n|-damage|p2a: Torkoal|30/100|[from] Salt Cure\n|upkeep\n|turn|20\n|inactive|argozart has 90 seconds left.\n|\n|t:|1782438414\n|move|p1a: Garganacl|Recover|p1a: Garganacl\n|-heal|p1a: Garganacl|100/100\n|move|p2a: Torkoal|Lava Plume|p1a: Garganacl\n|-resisted|p1a: Garganacl\n|-damage|p1a: Garganacl|88/100\n|\n|-weather|SunnyDay|[upkeep]\n|-heal|p1a: Garganacl|94/100|[from] item: Leftovers\n|-damage|p2a: Torkoal|18/100|[from] Salt Cure\n|upkeep\n|turn|21\n|inactive|TurtleKDM has 120 seconds left.\n|\n|t:|1782438431\n|move|p1a: Garganacl|Recover|p1a: Garganacl\n|-heal|p1a: Garganacl|100/100\n|move|p2a: Torkoal|Lava Plume|p1a: Garganacl\n|-resisted|p1a: Garganacl\n|-damage|p1a: Garganacl|89/100\n|\n|-weather|SunnyDay|[upkeep]\n|-heal|p1a: Garganacl|95/100|[from] item: Leftovers\n|-damage|p2a: Torkoal|5/100|[from] Salt Cure\n|upkeep\n|turn|22\n|\n|t:|1782438440\n|move|p1a: Garganacl|Recover|p1a: Garganacl\n|-heal|p1a: Garganacl|100/100\n|move|p2a: Torkoal|Rapid Spin|p1a: Garganacl\n|-resisted|p1a: Garganacl\n|-damage|p1a: Garganacl|97/100\n|-boost|p2a: Torkoal|spe|1\n|\n|-weather|SunnyDay|[upkeep]\n|-heal|p1a: Garganacl|100/100|[from] item: Leftovers\n|-damage|p2a: Torkoal|0 fnt|[from] Salt Cure\n|faint|p2a: Torkoal\n|upkeep\n|\n|t:|1782438441\n|switch|p2a: Walking Wake|Walking Wake|17/100\n|-activate|p2a: Walking Wake|ability: Protosynthesis\n|-start|p2a: Walking Wake|protosynthesisspa\n|turn|23\n|\n|t:|1782438450\n|switch|p1a: Ninetales|Ninetales, F|100/100\n|-damage|p1a: Ninetales|76/100|[from] Stealth Rock\n|move|p2a: Walking Wake|Hydro Steam|p1a: Ninetales\n|-supereffective|p1a: Ninetales\n|-damage|p1a: Ninetales|0 fnt\n|faint|p1a: Ninetales\n|\n|-weather|none\n|-end|p2a: Walking Wake|Protosynthesis\n|upkeep\n|\n|t:|1782438457\n|switch|p1a: Typhlosion|Typhlosion-Hisui, F|27/100\n|-damage|p1a: Typhlosion|2/100|[from] Stealth Rock\n|turn|24\n|\n|t:|1782438460\n|move|p1a: Typhlosion|Shadow Ball|p2a: Walking Wake\n|-damage|p2a: Walking Wake|0 fnt\n|faint|p2a: Walking Wake\n|-end|p2a: Walking Wake|Protosynthesis|[silent]\n|\n|win|TurtleKDM\n|raw|TurtleKDM's rating: 1308 &rarr; <strong>1332</strong><br />(+24 for winning)\n|raw|argozart's rating: 1371 &rarr; <strong>1347</strong><br />(-24 for losing)\n|c|☆TurtleKDM|gg\n|c|☆argozart|gg\n|l|☆TurtleKDM\n|player|p1|\n|l|☆argozart\n|player|p2|\n", "uploadtime": 1782438811, "views": 13, "formatid": "gen9ou", "rating": 1332, "private": 0, "password": null}