{"id": "gen9ou-2639265556", "format": "[Gen 9] OU", "players": ["geigeidragon", "abhii.g"], "log": "|j|☆geigeidragon\n|j|☆abhii.g\n|t:|1782442739\n|gametype|singles\n|player|p1|geigeidragon|101|1500\n|player|p2|abhii.g|benga|1553\n|gen|9\n|tier|[Gen 9] OU\n|rated|\n|rule|HP Percentage Mod: HP is shown in percentages\n|rule|Endless Battle Clause: Forcing endless battles is banned\n|rule|Species Clause: Limit one of each Pokémon\n|rule|OHKO Clause: OHKO moves are banned\n|rule|Evasion Items Clause: Evasion items are banned\n|rule|Evasion Moves Clause: Evasion moves are banned\n|rule|Evasion Abilities Clause: Evasion abilities are banned\n|rule|Sleep Moves Clause: Sleep-inducing moves are banned\n|clearpoke\n|poke|p1|Serperior, F|\n|poke|p1|Kingambit, M|\n|poke|p1|Tornadus-Therian, M|\n|poke|p1|Zamazenta-*|\n|poke|p1|Iron Treads|\n|poke|p1|Primarina, F|\n|poke|p2|Hoopa-Unbound|\n|poke|p2|Pecharunt|\n|poke|p2|Landorus-Therian, M|\n|poke|p2|Cinderace, M|\n|poke|p2|Alomomola, M|\n|poke|p2|Iron Valiant|\n|teampreview\n|inactive|Battle timer is ON: inactive players will automatically lose when time's up. (requested by abhii.g)\n|inactive|geigeidragon also wants the timer to be on.\n|\n|t:|1782442754\n|teamsize|p1|6\n|teamsize|p2|6\n|start\n|switch|p1a: Tornadus|Tornadus-Therian, M|100/100\n|switch|p2a: Landorus|Landorus-Therian, M, shiny|100/100\n|-ability|p2a: Landorus|Intimidate|boost\n|-unboost|p1a: Tornadus|atk|1\n|turn|1\n|\n|t:|1782442768\n|move|p2a: Landorus|Stone Edge|p1a: Tornadus\n|-supereffective|p1a: Tornadus\n|-damage|p1a: Tornadus|14/100\n|move|p1a: Tornadus|Knock Off|p2a: Landorus\n|-damage|p2a: Landorus|86/100\n|-enditem|p2a: Landorus|Choice Scarf|[from] move: Knock Off|[of] p1a: Tornadus\n|\n|upkeep\n|turn|2\n|\n|t:|1782442776\n|move|p1a: Tornadus|U-turn|p2a: Landorus\n|-resisted|p2a: Landorus\n|-damage|p2a: Landorus|80/100\n|\n|t:|1782442782\n|switch|p1a: Iron Treads|Iron Treads|100/100|[from] U-turn\n|-item|p1a: Iron Treads|Air Balloon\n|move|p2a: Landorus|U-turn|p1a: Iron Treads\n|-resisted|p1a: Iron Treads\n|-damage|p1a: Iron Treads|88/100\n|-enditem|p1a: Iron Treads|Air Balloon\n|\n|t:|1782442789\n|switch|p2a: Liberacy|Cinderace, M|100/100|[from] U-turn\n|\n|upkeep\n|turn|3\n|\n|t:|1782442814\n|-end|p1a: Iron Treads|Quark Drive|[silent]\n|switch|p1a: Primarina|Primarina, F|100/100\n|move|p2a: Liberacy|Pyro Ball|p1a: Primarina\n|-resisted|p1a: Primarina\n|-damage|p1a: Primarina|63/100\n|\n|upkeep\n|turn|4\n|\n|t:|1782442822\n|move|p2a: Liberacy|U-turn|p1a: Primarina\n|-start|p2a: Liberacy|typechange|Bug|[from] ability: Libero\n|-resisted|p1a: Primarina\n|-damage|p1a: Primarina|40/100\n|\n|t:|1782442826\n|switch|p2a: Alomomola|Alomomola, M|100/100|[from] U-turn\n|move|p1a: Primarina|Whirlpool|p2a: Alomomola\n|-resisted|p2a: Alomomola\n|-damage|p2a: Alomomola|95/100\n|-activate|p2a: Alomomola|move: Whirlpool|[of] p1a: Primarina\n|\n|-damage|p2a: Alomomola|82/100|[from] move: Whirlpool|[partiallytrapped]\n|upkeep\n|turn|5\n|\n|t:|1782442832\n|move|p1a: Primarina|Moonblast|p2a: Alomomola\n|-damage|p2a: Alomomola|55/100\n|move|p2a: Alomomola|Flip Turn|p1a: Primarina\n|-resisted|p1a: Primarina\n|-damage|p1a: Primarina|29/100\n|\n|t:|1782442836\n|switch|p2a: Landorus|Landorus-Therian, M, shiny|80/100|[from] Flip Turn\n|-ability|p2a: Landorus|Intimidate|boost\n|-unboost|p1a: Primarina|atk|1\n|\n|upkeep\n|turn|6\n|\n|t:|1782442846\n|switch|p1a: Tornadus|Tornadus-Therian, M|47/100\n|move|p2a: Landorus|Earthquake|p1a: Tornadus\n|-immune|p1a: Tornadus\n|\n|upkeep\n|turn|7\n|\n|t:|1782442856\n|switch|p1a: Iron Treads|Iron Treads|88/100\n|move|p2a: Landorus|U-turn|p1a: Iron Treads\n|-resisted|p1a: Iron Treads\n|-damage|p1a: Iron Treads|76/100\n|\n|t:|1782442862\n|switch|p2a: Liberacy|Cinderace, M|100/100|[from] U-turn\n|\n|upkeep\n|turn|8\n|\n|t:|1782442870\n|-terastallize|p1a: Iron Treads|Ghost\n|move|p2a: Liberacy|U-turn|p1a: Iron Treads\n|-start|p2a: Liberacy|typechange|Bug|[from] ability: Libero\n|-resisted|p1a: Iron Treads\n|-damage|p1a: Iron Treads|61/100\n|\n|t:|1782442876\n|switch|p2a: Landorus|Landorus-Therian, M, shiny|80/100|[from] U-turn\n|-ability|p2a: Landorus|Intimidate|boost\n|-unboost|p1a: Iron Treads|atk|1\n|move|p1a: Iron Treads|Earthquake|p2a: Landorus\n|-immune|p2a: Landorus\n|\n|upkeep\n|turn|9\n|\n|t:|1782442884\n|move|p1a: Iron Treads|Ice Spinner|p2a: Landorus\n|-supereffective|p2a: Landorus\n|-damage|p2a: Landorus|9/100\n|move|p2a: Landorus|Earthquake|p1a: Iron Treads\n|-damage|p1a: Iron Treads|12/100\n|\n|upkeep\n|turn|10\n|\n|t:|1782442891\n|switch|p2a: Pecharunt|Pecharunt|100/100\n|move|p1a: Iron Treads|Earthquake|p2a: Pecharunt\n|-supereffective|p2a: Pecharunt\n|-damage|p2a: Pecharunt|71/100\n|\n|upkeep\n|turn|11\n|\n|t:|1782442898\n|-end|p1a: Iron Treads|Quark Drive|[silent]\n|switch|p1a: Kingambit|Kingambit, M|100/100\n|move|p2a: Pecharunt|Parting Shot|p1a: Kingambit\n|-unboost|p1a: Kingambit|atk|1\n|-unboost|p1a: Kingambit|spa|1\n|\n|t:|1782442902\n|switch|p2a: Landorus|Landorus-Therian, M, shiny|9/100|[from] Parting Shot\n|-ability|p2a: Landorus|Intimidate|boost\n|-unboost|p1a: Kingambit|atk|1\n|\n|upkeep\n|turn|12\n|\n|t:|1782442905\n|move|p1a: Kingambit|Sucker Punch|p2a: Landorus\n|-crit|p2a: Landorus\n|-damage|p2a: Landorus|0 fnt\n|faint|p2a: Landorus\n|\n|upkeep\n|\n|t:|1782442909\n|switch|p2a: Iron Valiant|Iron Valiant, shiny|100/100\n|turn|13\n|\n|t:|1782442918\n|-end|p1a: Kingambit|fallenundefined|[silent]\n|switch|p1a: Primarina|Primarina, F|29/100\n|-terastallize|p2a: Iron Valiant|Fairy\n|move|p2a: Iron Valiant|Moonblast|p1a: Primarina\n|-damage|p1a: Primarina|0 fnt\n|faint|p1a: Primarina\n|\n|upkeep\n|inactive|geigeidragon has 120 seconds left.\n|-message|geigeidragon forfeited.\n|\n|win|abhii.g\n|raw|geigeidragon's rating: 1500 &rarr; <strong>1483</strong><br />(-17 for losing)\n|raw|abhii.g's rating: 1553 &rarr; <strong>1570</strong><br />(+17 for winning)\n|l|☆geigeidragon\n|player|p1|\n", "uploadtime": 1782442956, "views": 15, "formatid": "gen9ou", "rating": 1483, "private": 0, "password": null}