{"id": "gen9ou-2540831070", "format": "[Gen 9] OU", "players": ["tcatw132", "burrolio"], "log": "|j|☆tcatw132\n|j|☆burrolio\n|t:|1771258539\n|gametype|singles\n|player|p1|tcatw132|1|1488\n|player|p2|burrolio|1|1568\n|gen|9\n|tier|[Gen 9] OU\n|rated|\n|rule|HP Percentage Mod: HP is shown in percentages\n|rule|Endless Battle Clause: Forcing endless battles is banned\n|rule|Species Clause: Limit one of each Pokémon\n|rule|OHKO Clause: OHKO moves are banned\n|rule|Evasion Items Clause: Evasion items are banned\n|rule|Evasion Moves Clause: Evasion moves are banned\n|rule|Evasion Abilities Clause: Evasion abilities are banned\n|rule|Sleep Moves Clause: Sleep-inducing moves are banned\n|clearpoke\n|poke|p1|Farigiraf, M|\n|poke|p1|Gholdengo|\n|poke|p1|Raging Bolt|\n|poke|p1|Pecharunt|\n|poke|p1|Great Tusk|\n|poke|p1|Grimmsnarl, M|\n|poke|p2|Goodra-Hisui, M|\n|poke|p2|Cinderace, M|\n|poke|p2|Iron Valiant|\n|poke|p2|Kyurem|\n|poke|p2|Landorus-Therian, M|\n|poke|p2|Darkrai|\n|teampreview\n|\n|t:|1771258553\n|teamsize|p1|6\n|teamsize|p2|6\n|start\n|switch|p1a: Grimmsnarl|Grimmsnarl, M|100/100\n|switch|p2a: Landorus|Landorus-Therian, M|100/100\n|-ability|p2a: Landorus|Intimidate|boost\n|-unboost|p1a: Grimmsnarl|atk|1\n|turn|1\n|\n|t:|1771258560\n|move|p1a: Grimmsnarl|Reflect|p1a: Grimmsnarl\n|-sidestart|p1: tcatw132|Reflect\n|move|p2a: Landorus|Taunt|p1a: Grimmsnarl\n|-start|p1a: Grimmsnarl|move: Taunt\n|\n|upkeep\n|turn|2\n|\n|t:|1771258566\n|switch|p1a: Pecharunt|Pecharunt|100/100\n|-item|p1a: Pecharunt|Air Balloon\n|move|p2a: Landorus|Stealth Rock|p1a: Pecharunt\n|-sidestart|p1: tcatw132|move: Stealth Rock\n|\n|upkeep\n|turn|3\n|\n|t:|1771258572\n|move|p2a: Landorus|U-turn|p1a: Pecharunt\n|-resisted|p1a: Pecharunt\n|-damage|p1a: Pecharunt|99/100\n|-enditem|p1a: Pecharunt|Air Balloon\n|\n|t:|1771258575\n|switch|p2a: Goodra|Goodra-Hisui, M|100/100|[from] U-turn\n|move|p1a: Pecharunt|Nasty Plot|p1a: Pecharunt\n|-boost|p1a: Pecharunt|spa|2\n|\n|upkeep\n|turn|4\n|\n|t:|1771258581\n|move|p1a: Pecharunt|Nasty Plot|p1a: Pecharunt\n|-boost|p1a: Pecharunt|spa|2\n|move|p2a: Goodra|Flash Cannon|p1a: Pecharunt\n|-damage|p1a: Pecharunt|61/100\n|\n|upkeep\n|turn|5\n|\n|t:|1771258587\n|move|p1a: Pecharunt|Shadow Ball|p2a: Goodra\n|-damage|p2a: Goodra|66/100\n|move|p2a: Goodra|Flash Cannon|p1a: Pecharunt\n|-damage|p1a: Pecharunt|19/100\n|\n|upkeep\n|turn|6\n|\n|t:|1771258593\n|move|p1a: Pecharunt|Recover|p1a: Pecharunt\n|-heal|p1a: Pecharunt|69/100\n|move|p2a: Goodra|Flash Cannon|p1a: Pecharunt\n|-damage|p1a: Pecharunt|31/100\n|\n|upkeep\n|turn|7\n|\n|t:|1771258597\n|move|p1a: Pecharunt|Recover|p1a: Pecharunt\n|-heal|p1a: Pecharunt|81/100\n|move|p2a: Goodra|Flash Cannon|p1a: Pecharunt\n|-damage|p1a: Pecharunt|39/100\n|\n|upkeep\n|turn|8\n|\n|t:|1771258602\n|move|p1a: Pecharunt|Recover|p1a: Pecharunt\n|-heal|p1a: Pecharunt|89/100\n|move|p2a: Goodra|Flash Cannon|p1a: Pecharunt\n|-damage|p1a: Pecharunt|46/100\n|\n|-sideend|p1: tcatw132|Reflect\n|upkeep\n|turn|9\n|\n|t:|1771258608\n|move|p1a: Pecharunt|Shadow Ball|p2a: Goodra\n|-damage|p2a: Goodra|30/100\n|move|p2a: Goodra|Flash Cannon|p1a: Pecharunt\n|-damage|p1a: Pecharunt|5/100\n|\n|upkeep\n|turn|10\n|\n|t:|1771258613\n|move|p1a: Pecharunt|Shadow Ball|p2a: Goodra\n|-damage|p2a: Goodra|0 fnt\n|faint|p2a: Goodra\n|\n|upkeep\n|\n|t:|1771258616\n|switch|p2a: Cinderace|Cinderace, M|100/100\n|turn|11\n|\n|t:|1771258621\n|move|p2a: Cinderace|Pyro Ball|p1a: Pecharunt\n|-damage|p1a: Pecharunt|0 fnt\n|faint|p1a: Pecharunt\n|\n|upkeep\n|\n|t:|1771258628\n|switch|p1a: Great Tusk|Great Tusk|100/100\n|-damage|p1a: Great Tusk|97/100|[from] Stealth Rock\n|-enditem|p1a: Great Tusk|Booster Energy\n|-activate|p1a: Great Tusk|ability: Protosynthesis|[fromitem]\n|-start|p1a: Great Tusk|protosynthesisspe\n|turn|12\n|\n|t:|1771258633\n|switch|p2a: Landorus|Landorus-Therian, M|100/100\n|-ability|p2a: Landorus|Intimidate|boost\n|-unboost|p1a: Great Tusk|atk|1\n|move|p1a: Great Tusk|Rapid Spin|p2a: Landorus\n|-damage|p2a: Landorus|91/100\n|-boost|p1a: Great Tusk|spe|1\n|-damage|p1a: Great Tusk|81/100|[from] item: Rocky Helmet|[of] p2a: Landorus\n|-sideend|p1: tcatw132|Stealth Rock|[from] move: Rapid Spin|[of] p1a: Great Tusk\n|\n|upkeep\n|turn|13\n|\n|t:|1771258642\n|move|p1a: Great Tusk|Ice Spinner|p2a: Landorus\n|-supereffective|p2a: Landorus\n|-damage|p2a: Landorus|30/100\n|-damage|p1a: Great Tusk|64/100|[from] item: Rocky Helmet|[of] p2a: Landorus\n|move|p2a: Landorus|Earth Power|p1a: Great Tusk\n|-damage|p1a: Great Tusk|20/100\n|\n|upkeep\n|turn|14\n|\n|t:|1771258656\n|move|p1a: Great Tusk|Ice Spinner|p2a: Landorus\n|-supereffective|p2a: Landorus\n|-damage|p2a: Landorus|0 fnt\n|-damage|p1a: Great Tusk|3/100|[from] item: Rocky Helmet|[of] p2a: Landorus\n|faint|p2a: Landorus\n|\n|upkeep\n|\n|t:|1771258659\n|switch|p2a: Cinderace|Cinderace, M|100/100\n|turn|15\n|\n|t:|1771258664\n|move|p2a: Cinderace|Sucker Punch||[still]\n|-fail|p2a: Cinderace\n|move|p1a: Great Tusk|Stealth Rock|p2a: Cinderace\n|-sidestart|p2: burrolio|move: Stealth Rock\n|\n|upkeep\n|turn|16\n|\n|t:|1771258668\n|move|p1a: Great Tusk|Headlong Rush|p2a: Cinderace\n|-supereffective|p2a: Cinderace\n|-damage|p2a: Cinderace|1/100\n|-unboost|p1a: Great Tusk|def|1\n|-unboost|p1a: Great Tusk|spd|1\n|move|p2a: Cinderace|Court Change|p2a: Cinderace\n|-start|p2a: Cinderace|typechange|Normal|[from] ability: Libero\n|-swapsideconditions\n|-activate|p2a: Cinderace|move: Court Change\n|\n|upkeep\n|turn|17\n|\n|t:|1771258676\n|move|p1a: Great Tusk|Stealth Rock|p2a: Cinderace\n|-sidestart|p2: burrolio|move: Stealth Rock\n|move|p2a: Cinderace|U-turn|p1a: Great Tusk\n|-resisted|p1a: Great Tusk\n|-crit|p1a: Great Tusk\n|-damage|p1a: Great Tusk|0 fnt\n|faint|p1a: Great Tusk\n|-end|p1a: Great Tusk|Protosynthesis|[silent]\n|\n|t:|1771258681\n|switch|p2a: Darkrai|Darkrai|100/100|[from] U-turn\n|\n|upkeep\n|\n|t:|1771258686\n|switch|p1a: Grimmsnarl|Grimmsnarl, M|100/100\n|-damage|p1a: Grimmsnarl|88/100|[from] Stealth Rock\n|turn|18\n|\n|t:|1771258692\n|move|p1a: Grimmsnarl|Light Screen|p1a: Grimmsnarl\n|-sidestart|p1: tcatw132|move: Light Screen\n|move|p2a: Darkrai|Nasty Plot|p2a: Darkrai\n|-boost|p2a: Darkrai|spa|2\n|\n|upkeep\n|turn|19\n|\n|t:|1771258696\n|move|p2a: Darkrai|Sludge Bomb|p1a: Grimmsnarl\n|-supereffective|p1a: Grimmsnarl\n|-damage|p1a: Grimmsnarl|41/100\n|move|p1a: Grimmsnarl|Spirit Break|p2a: Darkrai\n|-supereffective|p2a: Darkrai\n|-damage|p2a: Darkrai|19/100\n|-unboost|p2a: Darkrai|spa|1\n|\n|upkeep\n|turn|20\n|\n|t:|1771258706\n|move|p1a: Grimmsnarl|Reflect|p1a: Grimmsnarl\n|-sidestart|p1: tcatw132|Reflect\n|move|p2a: Darkrai|Sludge Bomb|p1a: Grimmsnarl\n|-supereffective|p1a: Grimmsnarl\n|-damage|p1a: Grimmsnarl|7/100\n|-status|p1a: Grimmsnarl|psn\n|\n|-damage|p1a: Grimmsnarl|0 fnt|[from] psn\n|faint|p1a: Grimmsnarl\n|upkeep\n|\n|t:|1771258716\n|switch|p1a: Farigiraf|Farigiraf, M|100/100\n|-damage|p1a: Farigiraf|88/100|[from] Stealth Rock\n|turn|21\n|\n|t:|1771258721\n|-terastallize|p1a: Farigiraf|Fighting\n|move|p2a: Darkrai|Dark Pulse|p1a: Farigiraf\n|-resisted|p1a: Farigiraf\n|-damage|p1a: Farigiraf|71/100\n|move|p1a: Farigiraf|Nasty Plot|p1a: Farigiraf\n|-boost|p1a: Farigiraf|spa|2\n|\n|-heal|p1a: Farigiraf|78/100|[from] item: Leftovers\n|upkeep\n|turn|22\n|\n|t:|1771258729\n|move|p2a: Darkrai|Sludge Bomb|p1a: Farigiraf\n|-damage|p1a: Farigiraf|52/100\n|move|p1a: Farigiraf|Trick Room|p1a: Farigiraf\n|-fieldstart|move: Trick Room|[of] p1a: Farigiraf\n|\n|-heal|p1a: Farigiraf|58/100|[from] item: Leftovers\n|upkeep\n|turn|23\n|\n|t:|1771258739\n|move|p1a: Farigiraf|Shadow Ball|p2a: Darkrai\n|-resisted|p2a: Darkrai\n|-damage|p2a: Darkrai|0 fnt\n|faint|p2a: Darkrai\n|\n|-heal|p1a: Farigiraf|65/100|[from] item: Leftovers\n|upkeep\n|\n|t:|1771258748\n|switch|p2a: Kyurem|Kyurem|100/100\n|-damage|p2a: Kyurem|76/100|[from] Stealth Rock\n|-ability|p2a: Kyurem|Pressure\n|turn|24\n|\n|t:|1771258753\n|switch|p2a: Cinderace|Cinderace, M|1/100\n|move|p1a: Farigiraf|Tera Blast|p2a: Cinderace|[anim] Tera Blast Fighting\n|-damage|p2a: Cinderace|0 fnt\n|faint|p2a: Cinderace\n|\n|-heal|p1a: Farigiraf|71/100|[from] item: Leftovers\n|upkeep\n|\n|t:|1771258757\n|switch|p2a: Kyurem|Kyurem|76/100\n|-damage|p2a: Kyurem|51/100|[from] Stealth Rock\n|-ability|p2a: Kyurem|Pressure\n|turn|25\n|\n|t:|1771258766\n|move|p1a: Farigiraf|Tera Blast|p2a: Kyurem|[anim] Tera Blast Fighting\n|-supereffective|p2a: Kyurem\n|-damage|p2a: Kyurem|0 fnt\n|faint|p2a: Kyurem\n|\n|-heal|p1a: Farigiraf|77/100|[from] item: Leftovers\n|-sideend|p1: tcatw132|move: Light Screen\n|upkeep\n|\n|t:|1771258769\n|switch|p2a: Iron Valiant|Iron Valiant|100/100\n|-damage|p2a: Iron Valiant|94/100|[from] Stealth Rock\n|-enditem|p2a: Iron Valiant|Booster Energy\n|-activate|p2a: Iron Valiant|ability: Quark Drive|[fromitem]\n|-start|p2a: Iron Valiant|quarkdrivespe\n|turn|26\n|\n|t:|1771258779\n|move|p1a: Farigiraf|Shadow Ball|p2a: Iron Valiant\n|-damage|p2a: Iron Valiant|0 fnt\n|faint|p2a: Iron Valiant\n|-end|p2a: Iron Valiant|Quark Drive|[silent]\n|\n|win|tcatw132\n|raw|tcatw132's rating: 1488 &rarr; <strong>1513</strong><br />(+25 for winning)\n|raw|burrolio's rating: 1568 &rarr; <strong>1543</strong><br />(-25 for losing)\n|l|☆burrolio\n|player|p2|\n|l|☆tcatw132\n|player|p1|\n", "uploadtime": 1771259032, "views": 5, "formatid": "gen9ou", "rating": 1513, "private": 0, "password": null}