{"id": "gen9ou-2639312333", "format": "[Gen 9] OU", "players": ["Dreilek", "LowEL0God"], "log": "|j|☆Dreilek\n|j|☆LowEL0God\n|t:|1782450957\n|gametype|singles\n|player|p1|Dreilek|benga|1455\n|player|p2|LowEL0God|2|1599\n|gen|9\n|tier|[Gen 9] OU\n|rated|\n|rule|HP Percentage Mod: HP is shown in percentages\n|rule|Endless Battle Clause: Forcing endless battles is banned\n|rule|Species Clause: Limit one of each Pokémon\n|rule|OHKO Clause: OHKO moves are banned\n|rule|Evasion Items Clause: Evasion items are banned\n|rule|Evasion Moves Clause: Evasion moves are banned\n|rule|Evasion Abilities Clause: Evasion abilities are banned\n|rule|Sleep Moves Clause: Sleep-inducing moves are banned\n|clearpoke\n|poke|p1|Torkoal, M|\n|poke|p1|Great Tusk|\n|poke|p1|Walking Wake|\n|poke|p1|Raging Bolt|\n|poke|p1|Venusaur, F|\n|poke|p1|Hatterene, F|\n|poke|p2|Pelipper, M|\n|poke|p2|Torkoal, M|\n|poke|p2|Walking Wake|\n|poke|p2|Tyranitar, F|\n|poke|p2|Excadrill, F|\n|poke|p2|Ogerpon-Wellspring, F|\n|teampreview\n|inactive|Battle timer is ON: inactive players will automatically lose when time's up. (requested by LowEL0God)\n|inactive|Dreilek has 120 seconds left.\n|\n|t:|1782450991\n|teamsize|p1|6\n|teamsize|p2|6\n|start\n|switch|p1a: Torkoal|Torkoal, M, shiny|100/100\n|switch|p2a: No Hazards for You|Excadrill, F, shiny|100/100\n|-weather|SunnyDay|[from] ability: Drought|[of] p1a: Torkoal\n|turn|1\n|\n|t:|1782450995\n|move|p2a: No Hazards for You|Earthquake|p1a: Torkoal\n|-supereffective|p1a: Torkoal\n|-damage|p1a: Torkoal|5/100\n|move|p1a: Torkoal|Will-O-Wisp|p2a: No Hazards for You\n|-status|p2a: No Hazards for You|brn\n|\n|-weather|SunnyDay|[upkeep]\n|-damage|p2a: No Hazards for You|94/100 brn|[from] brn\n|upkeep\n|turn|2\n|\n|t:|1782451001\n|switch|p1a: Great Tusk|Great Tusk, shiny|100/100\n|-activate|p1a: Great Tusk|ability: Protosynthesis\n|-start|p1a: Great Tusk|protosynthesisspe\n|move|p2a: No Hazards for You|Earthquake|p1a: Great Tusk\n|-damage|p1a: Great Tusk|75/100\n|\n|-weather|SunnyDay|[upkeep]\n|-damage|p2a: No Hazards for You|88/100 brn|[from] brn\n|upkeep\n|turn|3\n|\n|t:|1782451004\n|move|p1a: Great Tusk|Bulk Up|p1a: Great Tusk\n|-boost|p1a: Great Tusk|atk|1\n|-boost|p1a: Great Tusk|def|1\n|move|p2a: No Hazards for You|Earthquake|p1a: Great Tusk\n|-crit|p1a: Great Tusk\n|-damage|p1a: Great Tusk|32/100\n|\n|-weather|SunnyDay|[upkeep]\n|-damage|p2a: No Hazards for You|82/100 brn|[from] brn\n|upkeep\n|turn|4\n|\n|t:|1782451008\n|move|p1a: Great Tusk|Earthquake|p2a: No Hazards for You\n|-supereffective|p2a: No Hazards for You\n|-damage|p2a: No Hazards for You|0 fnt\n|faint|p2a: No Hazards for You\n|\n|-weather|SunnyDay|[upkeep]\n|upkeep\n|\n|t:|1782451008\n|switch|p2a: Walking Wake|Walking Wake|100/100\n|-activate|p2a: Walking Wake|ability: Protosynthesis\n|-start|p2a: Walking Wake|protosynthesisspe\n|turn|5\n|\n|t:|1782451015\n|-end|p1a: Great Tusk|Protosynthesis|[silent]\n|switch|p1a: Hatterene|Hatterene, F, shiny|100/100\n|move|p2a: Walking Wake|Dragon Pulse|p1a: Hatterene\n|-immune|p1a: Hatterene\n|\n|-weather|SunnyDay|[upkeep]\n|upkeep\n|turn|6\n|\n|t:|1782451020\n|move|p2a: Walking Wake|Dragon Pulse|p1a: Hatterene\n|-immune|p1a: Hatterene\n|move|p1a: Hatterene|Nuzzle|p2a: Walking Wake\n|-damage|p2a: Walking Wake|97/100\n|-status|p2a: Walking Wake|par\n|\n|-weather|SunnyDay|[upkeep]\n|upkeep\n|turn|7\n|\n|t:|1782451023\n|-end|p2a: Walking Wake|Protosynthesis|[silent]\n|switch|p2a: No Lando Plz|Tyranitar, F, shiny|100/100\n|-weather|Sandstorm|[from] ability: Sand Stream|[of] p2a: No Lando Plz\n|move|p1a: Hatterene|Draining Kiss|p2a: No Lando Plz\n|-supereffective|p2a: No Lando Plz\n|-damage|p2a: No Lando Plz|77/100\n|\n|-weather|Sandstorm|[upkeep]\n|-damage|p1a: Hatterene|95/100|[from] Sandstorm\n|upkeep\n|turn|8\n|\n|t:|1782451028\n|switch|p1a: Great Tusk|Great Tusk, shiny|32/100\n|move|p2a: No Lando Plz|Stone Edge|p1a: Great Tusk|[miss]\n|-miss|p2a: No Lando Plz|p1a: Great Tusk\n|\n|-weather|Sandstorm|[upkeep]\n|upkeep\n|turn|9\n|\n|t:|1782451034\n|switch|p2a: Hurricane Spam|Pelipper, M, shiny|100/100\n|-weather|RainDance|[from] ability: Drizzle|[of] p2a: Hurricane Spam\n|move|p1a: Great Tusk|Earthquake|p2a: Hurricane Spam\n|-immune|p2a: Hurricane Spam\n|\n|-weather|RainDance|[upkeep]\n|upkeep\n|turn|10\n|\n|t:|1782451039\n|-end|p1a: Great Tusk|Protosynthesis|[silent]\n|switch|p1a: Walking Wake|Walking Wake|100/100\n|move|p2a: Hurricane Spam|Hurricane|p1a: Walking Wake\n|-damage|p1a: Walking Wake|18/100\n|\n|-weather|RainDance|[upkeep]\n|upkeep\n|turn|11\n|\n|t:|1782451046\n|switch|p2a: No Lando Plz|Tyranitar, F, shiny|77/100\n|-weather|Sandstorm|[from] ability: Sand Stream|[of] p2a: No Lando Plz\n|move|p1a: Walking Wake|Draco Meteor|p2a: No Lando Plz\n|-crit|p2a: No Lando Plz\n|-damage|p2a: No Lando Plz|18/100\n|-unboost|p1a: Walking Wake|spa|2\n|\n|-weather|Sandstorm|[upkeep]\n|-damage|p1a: Walking Wake|12/100|[from] Sandstorm\n|upkeep\n|turn|12\n|\n|t:|1782451051\n|-end|p1a: Walking Wake|Protosynthesis|[silent]\n|switch|p1a: Great Tusk|Great Tusk, shiny|32/100\n|move|p2a: No Lando Plz|Stone Edge|p1a: Great Tusk\n|-resisted|p1a: Great Tusk\n|-crit|p1a: Great Tusk\n|-damage|p1a: Great Tusk|22/100\n|\n|-weather|Sandstorm|[upkeep]\n|upkeep\n|turn|13\n|\n|t:|1782451055\n|switch|p2a: Hurricane Spam|Pelipper, M, shiny|100/100\n|-weather|RainDance|[from] ability: Drizzle|[of] p2a: Hurricane Spam\n|move|p1a: Great Tusk|Ice Spinner|p2a: Hurricane Spam\n|-damage|p2a: Hurricane Spam|76/100\n|\n|-weather|RainDance|[upkeep]\n|upkeep\n|turn|14\n|\n|t:|1782451058\n|-end|p1a: Great Tusk|Protosynthesis|[silent]\n|switch|p1a: Torkoal|Torkoal, M, shiny|5/100\n|-weather|SunnyDay|[from] ability: Drought|[of] p1a: Torkoal\n|move|p2a: Hurricane Spam|Weather Ball|p1a: Torkoal\n|-resisted|p1a: Torkoal\n|-damage|p1a: Torkoal|0 fnt\n|faint|p1a: Torkoal\n|\n|-weather|SunnyDay|[upkeep]\n|upkeep\n|\n|t:|1782451065\n|switch|p1a: Walking Wake|Walking Wake|12/100\n|-activate|p1a: Walking Wake|ability: Protosynthesis\n|-start|p1a: Walking Wake|protosynthesisspe\n|turn|15\n|\n|t:|1782451068\n|switch|p2a: No Lando Plz|Tyranitar, F, shiny|18/100\n|-weather|Sandstorm|[from] ability: Sand Stream|[of] p2a: No Lando Plz\n|-end|p1a: Walking Wake|Protosynthesis\n|move|p1a: Walking Wake|Hydro Steam|p2a: No Lando Plz\n|-supereffective|p2a: No Lando Plz\n|-damage|p2a: No Lando Plz|0 fnt\n|faint|p2a: No Lando Plz\n|\n|-weather|Sandstorm|[upkeep]\n|-damage|p1a: Walking Wake|6/100|[from] Sandstorm\n|upkeep\n|\n|t:|1782451069\n|switch|p2a: Ogerpon|Ogerpon-Wellspring, F|100/100\n|turn|16\n|\n|t:|1782451073\n|-end|p1a: Walking Wake|Protosynthesis|[silent]\n|switch|p1a: Great Tusk|Great Tusk, shiny|22/100\n|move|p2a: Ogerpon|Swords Dance|p2a: Ogerpon\n|-boost|p2a: Ogerpon|atk|2\n|\n|-weather|Sandstorm|[upkeep]\n|-damage|p2a: Ogerpon|95/100|[from] Sandstorm\n|upkeep\n|turn|17\n|\n|t:|1782451076\n|move|p2a: Ogerpon|Ivy Cudgel|p1a: Great Tusk|[anim] Ivy Cudgel Water\n|-supereffective|p1a: Great Tusk\n|-damage|p1a: Great Tusk|0 fnt\n|faint|p1a: Great Tusk\n|-end|p1a: Great Tusk|Protosynthesis|[silent]\n|\n|-weather|Sandstorm|[upkeep]\n|-damage|p2a: Ogerpon|89/100|[from] Sandstorm\n|upkeep\n|\n|t:|1782451080\n|switch|p1a: Venusaur|Venusaur, F, shiny|100/100\n|turn|18\n|\n|t:|1782451088\n|move|p2a: Ogerpon|Ivy Cudgel|p1a: Venusaur|[anim] Ivy Cudgel Water\n|-resisted|p1a: Venusaur\n|-damage|p1a: Venusaur|14/100\n|move|p1a: Venusaur|Giga Drain|p2a: Ogerpon\n|-damage|p2a: Ogerpon|37/100\n|-heal|p1a: Venusaur|40/100|[from] drain|[of] p2a: Ogerpon\n|-damage|p1a: Venusaur|30/100|[from] item: Life Orb\n|\n|-weather|Sandstorm|[upkeep]\n|-damage|p2a: Ogerpon|31/100|[from] Sandstorm\n|-damage|p1a: Venusaur|24/100|[from] Sandstorm\n|upkeep\n|turn|19\n|\n|t:|1782451095\n|move|p2a: Ogerpon|Horn Leech|p1a: Venusaur\n|-resisted|p1a: Venusaur\n|-damage|p1a: Venusaur|0 fnt\n|-heal|p2a: Ogerpon|42/100|[from] drain|[of] p1a: Venusaur\n|faint|p1a: Venusaur\n|\n|-weather|none\n|upkeep\n|\n|t:|1782451098\n|switch|p1a: Raging Bolt|Raging Bolt|100/100\n|turn|20\n|\n|t:|1782451105\n|move|p1a: Raging Bolt|Thunderclap||[still]\n|-fail|p1a: Raging Bolt\n|move|p2a: Ogerpon|Swords Dance|p2a: Ogerpon\n|-boost|p2a: Ogerpon|atk|2\n|\n|upkeep\n|turn|21\n|\n|t:|1782451107\n|move|p1a: Raging Bolt|Thunderclap||[still]\n|-fail|p1a: Raging Bolt\n|move|p2a: Ogerpon|Swords Dance|p2a: Ogerpon\n|-boost|p2a: Ogerpon|atk|2\n|\n|upkeep\n|turn|22\n|\n|t:|1782451109\n|move|p1a: Raging Bolt|Thunderclap||[still]\n|-fail|p1a: Raging Bolt\n|move|p2a: Ogerpon|Swords Dance|p2a: Ogerpon\n|-boost|p2a: Ogerpon|atk|0\n|\n|upkeep\n|turn|23\n|\n|t:|1782451113\n|move|p2a: Ogerpon|Swords Dance|p2a: Ogerpon\n|-boost|p2a: Ogerpon|atk|0\n|move|p1a: Raging Bolt|Thunderbolt|p2a: Ogerpon\n|-damage|p2a: Ogerpon|0 fnt\n|faint|p2a: Ogerpon\n|\n|upkeep\n|\n|t:|1782451114\n|switch|p2a: Walking Wake|Walking Wake|97/100 par\n|turn|24\n|\n|t:|1782451119\n|-end|p1a: Raging Bolt|Protosynthesis|[silent]\n|switch|p1a: Hatterene|Hatterene, F, shiny|95/100\n|-terastallize|p2a: Walking Wake|Water\n|move|p2a: Walking Wake|Dragon Pulse|p1a: Hatterene\n|-immune|p1a: Hatterene\n|\n|upkeep\n|turn|25\n|\n|t:|1782451127\n|cant|p2a: Walking Wake|par\n|move|p1a: Hatterene|Nuzzle|p2a: Walking Wake\n|-supereffective|p2a: Walking Wake\n|-damage|p2a: Walking Wake|90/100 par\n|\n|upkeep\n|turn|26\n|\n|t:|1782451131\n|-end|p2a: Walking Wake|Protosynthesis|[silent]\n|switch|p2a: Hurricane Spam|Pelipper, M, shiny|76/100\n|-weather|RainDance|[from] ability: Drizzle|[of] p2a: Hurricane Spam\n|move|p1a: Hatterene|Draining Kiss|p2a: Hurricane Spam\n|-damage|p2a: Hurricane Spam|38/100\n|-heal|p1a: Hatterene|100/100|[from] drain|[of] p2a: Hurricane Spam\n|\n|-weather|RainDance|[upkeep]\n|upkeep\n|turn|27\n|\n|t:|1782451134\n|move|p2a: Hurricane Spam|Weather Ball|p1a: Hatterene\n|-damage|p1a: Hatterene|34/100\n|move|p1a: Hatterene|Draining Kiss|p2a: Hurricane Spam\n|-damage|p2a: Hurricane Spam|1/100\n|-heal|p1a: Hatterene|61/100|[from] drain|[of] p2a: Hurricane Spam\n|\n|-weather|RainDance|[upkeep]\n|upkeep\n|turn|28\n|\n|t:|1782451143\n|move|p2a: Hurricane Spam|Weather Ball|p1a: Hatterene\n|-damage|p1a: Hatterene|2/100\n|move|p1a: Hatterene|Draining Kiss|p2a: Hurricane Spam\n|-damage|p2a: Hurricane Spam|0 fnt\n|-heal|p1a: Hatterene|3/100|[from] drain|[of] p2a: Hurricane Spam\n|faint|p2a: Hurricane Spam\n|\n|-weather|RainDance|[upkeep]\n|upkeep\n|\n|t:|1782451143\n|switch|p2a: Walking Wake|Walking Wake, tera:Water|90/100 par\n|turn|29\n|\n|t:|1782451148\n|switch|p1a: Walking Wake|Walking Wake|6/100\n|move|p2a: Walking Wake|Hydro Steam|p1a: Walking Wake\n|-resisted|p1a: Walking Wake\n|-damage|p1a: Walking Wake|0 fnt\n|faint|p1a: Walking Wake\n|-end|p1a: Walking Wake|Protosynthesis|[silent]\n|\n|-weather|RainDance|[upkeep]\n|upkeep\n|\n|t:|1782451151\n|switch|p1a: Raging Bolt|Raging Bolt|100/100\n|turn|30\n|\n|t:|1782451154\n|-end|p2a: Walking Wake|Protosynthesis|[silent]\n|switch|p2a: Torkoal|Torkoal, M|100/100\n|-weather|SunnyDay|[from] ability: Drought|[of] p2a: Torkoal\n|-activate|p1a: Raging Bolt|ability: Protosynthesis\n|-start|p1a: Raging Bolt|protosynthesisspa\n|move|p1a: Raging Bolt|Thunderbolt|p2a: Torkoal\n|-damage|p2a: Torkoal|11/100\n|\n|-weather|SunnyDay|[upkeep]\n|upkeep\n|turn|31\n|\n|t:|1782451156\n|move|p1a: Raging Bolt|Thunderbolt|p2a: Torkoal\n|-damage|p2a: Torkoal|0 fnt\n|faint|p2a: Torkoal\n|\n|-weather|SunnyDay|[upkeep]\n|upkeep\n|\n|t:|1782451157\n|switch|p2a: Walking Wake|Walking Wake, tera:Water|90/100 par\n|-activate|p2a: Walking Wake|ability: Protosynthesis\n|-start|p2a: Walking Wake|protosynthesisspe\n|turn|32\n|\n|t:|1782451161\n|-terastallize|p1a: Raging Bolt|Fairy\n|move|p2a: Walking Wake|Draco Meteor|p1a: Raging Bolt\n|-immune|p1a: Raging Bolt\n|move|p1a: Raging Bolt|Thunderbolt|p2a: Walking Wake\n|-supereffective|p2a: Walking Wake\n|-damage|p2a: Walking Wake|0 fnt\n|faint|p2a: Walking Wake\n|-end|p2a: Walking Wake|Protosynthesis|[silent]\n|\n|win|Dreilek\n|raw|Dreilek's rating: 1455 &rarr; <strong>1483</strong><br />(+28 for winning)\n|raw|LowEL0God's rating: 1599 &rarr; <strong>1571</strong><br />(-28 for losing)\n|l|☆Dreilek\n|player|p1|\n|l|☆LowEL0God\n|player|p2|\n", "uploadtime": 1782451391, "views": 8, "formatid": "gen9ou", "rating": 1483, "private": 0, "password": null}