{"id": "gen9ou-2540573055", "format": "[Gen 9] OU", "players": ["Log God Neo✈️_✈️", "3idk"], "log": "|j|☆Log God Neo✈️_✈️\n|j|☆3idk\n|t:|1771220127\n|gametype|singles\n|player|p1|Log God Neo✈️_✈️|medium|1617\n|player|p2|3idk|cynthia-masters|1700\n|gen|9\n|tier|[Gen 9] OU\n|rated|\n|rule|HP Percentage Mod: HP is shown in percentages\n|rule|Endless Battle Clause: Forcing endless battles is banned\n|rule|Species Clause: Limit one of each Pokémon\n|rule|OHKO Clause: OHKO moves are banned\n|rule|Evasion Items Clause: Evasion items are banned\n|rule|Evasion Moves Clause: Evasion moves are banned\n|rule|Evasion Abilities Clause: Evasion abilities are banned\n|rule|Sleep Moves Clause: Sleep-inducing moves are banned\n|clearpoke\n|poke|p1|Tyranitar, F|\n|poke|p1|Kyurem|\n|poke|p1|Staraptor, F|\n|poke|p1|Garchomp, F|\n|poke|p1|Torkoal, M|\n|poke|p1|Dragonite, M|\n|poke|p2|Pelipper, F|\n|poke|p2|Hatterene, F|\n|poke|p2|Iron Treads|\n|poke|p2|Toxicroak, F|\n|poke|p2|Barraskewda, F|\n|poke|p2|Zapdos|\n|teampreview\n|inactive|Battle timer is ON: inactive players will automatically lose when time's up. (requested by Log God Neo✈️_✈️)\n|inactive|3idk also wants the timer to be on.\n|inactive|3idk has 120 seconds left.\n|inactive|3idk has 90 seconds left.\n|\n|t:|1771220189\n|teamsize|p1|6\n|teamsize|p2|6\n|start\n|switch|p1a: BIRD JESUS|Staraptor, F|100/100\n|switch|p2a: Pelipper|Pelipper, F|100/100\n|-weather|RainDance|[from] ability: Drizzle|[of] p2a: Pelipper\n|turn|1\n|\n|t:|1771220197\n|switch|p2a: Hatterene|Hatterene, F|100/100\n|move|p1a: BIRD JESUS|Close Combat|p2a: Hatterene\n|-resisted|p2a: Hatterene\n|-damage|p2a: Hatterene|87/100\n|-unboost|p1a: BIRD JESUS|def|1\n|-unboost|p1a: BIRD JESUS|spd|1\n|-enditem|p2a: Hatterene|Eject Button\n|\n|t:|1771220205\n|switch|p2a: Barraskewda|Barraskewda, F|100/100\n|\n|-weather|RainDance|[upkeep]\n|upkeep\n|turn|2\n|\n|t:|1771220210\n|switch|p1a: OVO CHUBBS|Torkoal, M, shiny|100/100\n|-weather|SunnyDay|[from] ability: Drought|[of] p1a: OVO CHUBBS\n|move|p2a: Barraskewda|Flip Turn|p1a: OVO CHUBBS\n|-supereffective|p1a: OVO CHUBBS\n|-crit|p1a: OVO CHUBBS\n|-damage|p1a: OVO CHUBBS|62/100\n|\n|t:|1771220214\n|switch|p2a: Pelipper|Pelipper, F|100/100|[from] Flip Turn\n|-weather|RainDance|[from] ability: Drizzle|[of] p2a: Pelipper\n|\n|-weather|RainDance|[upkeep]\n|upkeep\n|turn|3\n|\n|t:|1771220218\n|switch|p1a: I HAVE NO ENEMIES|Garchomp, F|100/100\n|move|p2a: Pelipper|U-turn|p1a: I HAVE NO ENEMIES\n|-damage|p1a: I HAVE NO ENEMIES|95/100\n|-damage|p2a: Pelipper|88/100|[from] ability: Rough Skin|[of] p1a: I HAVE NO ENEMIES\n|-damage|p2a: Pelipper|72/100|[from] item: Rocky Helmet|[of] p1a: I HAVE NO ENEMIES\n|inactive|3idk has 120 seconds left.\n|inactive|3idk has 90 seconds left.\n|\n|t:|1771220301\n|switch|p2a: Zapdos|Zapdos|100/100|[from] U-turn\n|\n|-weather|RainDance|[upkeep]\n|upkeep\n|turn|4\n|\n|t:|1771220311\n|switch|p1a: DA LAST REX(3005)|Tyranitar, F, shiny|100/100\n|-weather|Sandstorm|[from] ability: Sand Stream|[of] p1a: DA LAST REX(3005)\n|move|p2a: Zapdos|Hurricane|p1a: DA LAST REX(3005)\n|-resisted|p1a: DA LAST REX(3005)\n|-damage|p1a: DA LAST REX(3005)|88/100\n|\n|-weather|Sandstorm|[upkeep]\n|-damage|p2a: Zapdos|94/100|[from] Sandstorm\n|upkeep\n|turn|5\n|inactive|3idk has 90 seconds left.\n|j| Dogedgr8\n|\n|t:|1771220318\n|switch|p2a: Hatterene|Hatterene, F|87/100\n|move|p1a: DA LAST REX(3005)|Knock Off|p2a: Hatterene\n|-damage|p2a: Hatterene|60/100\n|\n|-weather|Sandstorm|[upkeep]\n|-damage|p2a: Hatterene|54/100|[from] Sandstorm\n|upkeep\n|turn|6\n|\n|t:|1771220323\n|move|p2a: Hatterene|Nuzzle|p1a: DA LAST REX(3005)\n|-damage|p1a: DA LAST REX(3005)|85/100\n|-status|p1a: DA LAST REX(3005)|par\n|move|p1a: DA LAST REX(3005)|Heavy Slam|p2a: Hatterene\n|-supereffective|p2a: Hatterene\n|-damage|p2a: Hatterene|0 fnt\n|faint|p2a: Hatterene\n|\n|-weather|Sandstorm|[upkeep]\n|upkeep\n|\n|t:|1771220331\n|switch|p2a: Barraskewda|Barraskewda, F|100/100\n|turn|7\n|\n|t:|1771220335\n|switch|p1a: I HAVE NO ENEMIES|Garchomp, F|95/100\n|move|p2a: Barraskewda|Flip Turn|p1a: I HAVE NO ENEMIES\n|-damage|p1a: I HAVE NO ENEMIES|63/100\n|-damage|p2a: Barraskewda|88/100|[from] ability: Rough Skin|[of] p1a: I HAVE NO ENEMIES\n|-damage|p2a: Barraskewda|72/100|[from] item: Rocky Helmet|[of] p1a: I HAVE NO ENEMIES\n|\n|t:|1771220343\n|switch|p2a: Zapdos|Zapdos|94/100|[from] Flip Turn\n|\n|-weather|Sandstorm|[upkeep]\n|-damage|p2a: Zapdos|88/100|[from] Sandstorm\n|upkeep\n|turn|8\n|\n|t:|1771220346\n|switch|p1a: DA LAST REX(3005)|Tyranitar, F, shiny|85/100 par\n|move|p2a: Zapdos|Hurricane|p1a: DA LAST REX(3005)|[miss]\n|-miss|p2a: Zapdos|p1a: DA LAST REX(3005)\n|\n|-weather|none\n|upkeep\n|turn|9\n|\n|t:|1771220351\n|switch|p2a: Toxicroak|Toxicroak, F|100/100\n|move|p1a: DA LAST REX(3005)|Dragon Tail|p2a: Toxicroak\n|-damage|p2a: Toxicroak|83/100\n|-damage|p1a: DA LAST REX(3005)|69/100 par|[from] item: Rocky Helmet|[of] p2a: Toxicroak\n|drag|p2a: Pelipper|Pelipper, F|72/100\n|-weather|RainDance|[from] ability: Drizzle|[of] p2a: Pelipper\n|\n|-weather|RainDance|[upkeep]\n|upkeep\n|turn|10\n|\n|t:|1771220359\n|switch|p1a: OVO CHUBBS|Torkoal, M, shiny|62/100\n|-weather|SunnyDay|[from] ability: Drought|[of] p1a: OVO CHUBBS\n|move|p2a: Pelipper|U-turn|p1a: OVO CHUBBS\n|-resisted|p1a: OVO CHUBBS\n|-damage|p1a: OVO CHUBBS|60/100\n|\n|t:|1771220367\n|switch|p2a: Zapdos|Zapdos|88/100|[from] U-turn\n|\n|-weather|SunnyDay|[upkeep]\n|upkeep\n|turn|11\n|\n|t:|1771220374\n|switch|p1a: DA LAST REX(3005)|Tyranitar, F, shiny|69/100 par\n|-weather|Sandstorm|[from] ability: Sand Stream|[of] p1a: DA LAST REX(3005)\n|move|p2a: Zapdos|Volt Switch|p1a: DA LAST REX(3005)\n|-damage|p1a: DA LAST REX(3005)|53/100 par\n|\n|t:|1771220378\n|switch|p2a: Pelipper|Pelipper, F|72/100|[from] Volt Switch\n|-weather|RainDance|[from] ability: Drizzle|[of] p2a: Pelipper\n|\n|-weather|RainDance|[upkeep]\n|upkeep\n|turn|12\n|\n|t:|1771220387\n|switch|p1a: BIRD JESUS|Staraptor, F|100/100\n|move|p2a: Pelipper|U-turn|p1a: BIRD JESUS\n|-resisted|p1a: BIRD JESUS\n|-damage|p1a: BIRD JESUS|94/100\n|c|☆3idk|av ttar?\n|\n|t:|1771220392\n|switch|p2a: Barraskewda|Barraskewda, F|72/100|[from] U-turn\n|\n|-weather|RainDance|[upkeep]\n|upkeep\n|turn|13\n|\n|t:|1771220416\n|switch|p1a: I HAVE NO ENEMIES|Garchomp, F|63/100\n|move|p2a: Barraskewda|Liquidation|p1a: I HAVE NO ENEMIES\n|-damage|p1a: I HAVE NO ENEMIES|1/100\n|-unboost|p1a: I HAVE NO ENEMIES|def|1\n|-damage|p2a: Barraskewda|60/100|[from] ability: Rough Skin|[of] p1a: I HAVE NO ENEMIES\n|-damage|p2a: Barraskewda|43/100|[from] item: Rocky Helmet|[of] p1a: I HAVE NO ENEMIES\n|\n|-weather|RainDance|[upkeep]\n|upkeep\n|turn|14\n|\n|t:|1771220424\n|move|p2a: Barraskewda|Liquidation|p1a: I HAVE NO ENEMIES\n|-damage|p1a: I HAVE NO ENEMIES|0 fnt\n|-damage|p2a: Barraskewda|31/100|[from] ability: Rough Skin|[of] p1a: I HAVE NO ENEMIES\n|-damage|p2a: Barraskewda|15/100|[from] item: Rocky Helmet|[of] p1a: I HAVE NO ENEMIES\n|faint|p1a: I HAVE NO ENEMIES\n|\n|-weather|RainDance|[upkeep]\n|upkeep\n|\n|t:|1771220426\n|switch|p1a: OVO CHUBBS|Torkoal, M, shiny|60/100\n|-weather|SunnyDay|[from] ability: Drought|[of] p1a: OVO CHUBBS\n|turn|15\n|\n|t:|1771220432\n|switch|p2a: Pelipper|Pelipper, F|72/100\n|-weather|RainDance|[from] ability: Drizzle|[of] p2a: Pelipper\n|switch|p1a: VODECi III|Kyurem, shiny|100/100\n|-ability|p1a: VODECi III|Pressure\n|\n|-weather|RainDance|[upkeep]\n|upkeep\n|turn|16\n|\n|t:|1771220438\n|switch|p2a: Iron Treads|Iron Treads|100/100\n|move|p1a: VODECi III|Earth Power|p2a: Iron Treads\n|-supereffective|p2a: Iron Treads\n|-damage|p2a: Iron Treads|19/100\n|\n|-weather|RainDance|[upkeep]\n|-heal|p2a: Iron Treads|25/100|[from] item: Leftovers\n|upkeep\n|turn|17\n|\n|t:|1771220448\n|-end|p2a: Iron Treads|Quark Drive|[silent]\n|switch|p2a: Zapdos|Zapdos|88/100\n|move|p1a: VODECi III|Earth Power|p2a: Zapdos\n|-immune|p2a: Zapdos\n|\n|-weather|RainDance|[upkeep]\n|upkeep\n|turn|18\n|\n|t:|1771220453\n|switch|p1a: DA LAST REX(3005)|Tyranitar, F, shiny|53/100 par\n|-weather|Sandstorm|[from] ability: Sand Stream|[of] p1a: DA LAST REX(3005)\n|move|p2a: Zapdos|Volt Switch|p1a: DA LAST REX(3005)\n|-damage|p1a: DA LAST REX(3005)|40/100 par\n|\n|t:|1771220457\n|switch|p2a: Iron Treads|Iron Treads|25/100|[from] Volt Switch\n|\n|-weather|Sandstorm|[upkeep]\n|-heal|p2a: Iron Treads|31/100|[from] item: Leftovers\n|upkeep\n|turn|19\n|\n|t:|1771220462\n|switch|p1a: BIRD JESUS|Staraptor, F|94/100\n|move|p2a: Iron Treads|Stealth Rock|p1a: BIRD JESUS\n|-sidestart|p1: Log God Neo✈️_✈️|move: Stealth Rock\n|\n|-weather|Sandstorm|[upkeep]\n|-damage|p1a: BIRD JESUS|88/100|[from] Sandstorm\n|-heal|p2a: Iron Treads|37/100|[from] item: Leftovers\n|upkeep\n|turn|20\n|\n|t:|1771220469\n|move|p1a: BIRD JESUS|Double-Edge|p2a: Iron Treads\n|-resisted|p2a: Iron Treads\n|-damage|p2a: Iron Treads|0 fnt\n|faint|p2a: Iron Treads\n|-end|p2a: Iron Treads|Quark Drive|[silent]\n|-damage|p1a: BIRD JESUS|73/100|[from] Recoil\n|\n|-weather|Sandstorm|[upkeep]\n|-damage|p1a: BIRD JESUS|67/100|[from] Sandstorm\n|upkeep\n|\n|t:|1771220474\n|switch|p2a: Zapdos|Zapdos|88/100\n|turn|21\n|\n|t:|1771220491\n|move|p2a: Zapdos|Volt Switch|p1a: BIRD JESUS\n|-supereffective|p1a: BIRD JESUS\n|-damage|p1a: BIRD JESUS|0 fnt\n|faint|p1a: BIRD JESUS\n|\n|t:|1771220496\n|switch|p2a: Pelipper|Pelipper, F|72/100|[from] Volt Switch\n|-weather|RainDance|[from] ability: Drizzle|[of] p2a: Pelipper\n|\n|-weather|RainDance|[upkeep]\n|upkeep\n|\n|t:|1771220498\n|switch|p1a: VODECi III|Kyurem, shiny|100/100\n|-damage|p1a: VODECi III|76/100|[from] Stealth Rock\n|-ability|p1a: VODECi III|Pressure\n|turn|22\n|\n|t:|1771220524\n|-terastallize|p2a: Pelipper|Normal\n|move|p1a: VODECi III|Freeze-Dry|p2a: Pelipper\n|-damage|p2a: Pelipper|12/100\n|move|p2a: Pelipper|U-turn|p1a: VODECi III\n|-damage|p1a: VODECi III|68/100\n|l| Dogedgr8\n|\n|t:|1771220533\n|switch|p2a: Barraskewda|Barraskewda, F|15/100|[from] U-turn\n|\n|-weather|RainDance|[upkeep]\n|upkeep\n|turn|23\n|\n|t:|1771220539\n|move|p2a: Barraskewda|Close Combat|p1a: VODECi III\n|-supereffective|p1a: VODECi III\n|-damage|p1a: VODECi III|0 fnt\n|-unboost|p2a: Barraskewda|def|1\n|-unboost|p2a: Barraskewda|spd|1\n|faint|p1a: VODECi III\n|\n|-weather|RainDance|[upkeep]\n|upkeep\n|\n|t:|1771220542\n|switch|p1a: OVO CHUBBS|Torkoal, M, shiny|60/100\n|-weather|SunnyDay|[from] ability: Drought|[of] p1a: OVO CHUBBS\n|turn|24\n|\n|t:|1771220553\n|move|p2a: Barraskewda|Close Combat|p1a: OVO CHUBBS\n|-damage|p1a: OVO CHUBBS|25/100\n|-unboost|p2a: Barraskewda|def|1\n|-unboost|p2a: Barraskewda|spd|1\n|move|p1a: OVO CHUBBS|Rapid Spin|p2a: Barraskewda\n|-damage|p2a: Barraskewda|0 fnt\n|-boost|p1a: OVO CHUBBS|spe|1\n|-sideend|p1: Log God Neo✈️_✈️|Stealth Rock|[from] move: Rapid Spin|[of] p1a: OVO CHUBBS\n|faint|p2a: Barraskewda\n|\n|-weather|SunnyDay|[upkeep]\n|upkeep\n|\n|t:|1771220565\n|switch|p2a: Zapdos|Zapdos|88/100\n|turn|25\n|\n|t:|1771220570\n|switch|p1a: DA LAST REX(3005)|Tyranitar, F, shiny|40/100 par\n|-weather|Sandstorm|[from] ability: Sand Stream|[of] p1a: DA LAST REX(3005)\n|move|p2a: Zapdos|Volt Switch|p1a: DA LAST REX(3005)\n|-damage|p1a: DA LAST REX(3005)|25/100 par\n|\n|t:|1771220576\n|switch|p2a: Pelipper|Pelipper, F, tera:Normal|12/100|[from] Volt Switch\n|-weather|RainDance|[from] ability: Drizzle|[of] p2a: Pelipper\n|\n|-weather|RainDance|[upkeep]\n|upkeep\n|turn|26\n|\n|t:|1771220580\n|switch|p1a: OVO CHUBBS|Torkoal, M, shiny|25/100\n|-weather|SunnyDay|[from] ability: Drought|[of] p1a: OVO CHUBBS\n|move|p2a: Pelipper|U-turn|p1a: OVO CHUBBS\n|-resisted|p1a: OVO CHUBBS\n|-damage|p1a: OVO CHUBBS|22/100\n|\n|t:|1771220584\n|switch|p2a: Zapdos|Zapdos|88/100|[from] U-turn\n|\n|-weather|SunnyDay|[upkeep]\n|upkeep\n|turn|27\n|\n|t:|1771220588\n|move|p2a: Zapdos|Volt Switch|p1a: OVO CHUBBS\n|-damage|p1a: OVO CHUBBS|0 fnt\n|faint|p1a: OVO CHUBBS\n|\n|t:|1771220592\n|switch|p2a: Toxicroak|Toxicroak, F|83/100|[from] Volt Switch\n|\n|-weather|SunnyDay|[upkeep]\n|-damage|p2a: Toxicroak|70/100|[from] ability: Dry Skin|[of] p2a: Toxicroak\n|upkeep\n|\n|t:|1771220594\n|switch|p1a: FAT CHARIZARD|Dragonite, M, shiny|100/100\n|turn|28\n|\n|t:|1771220613\n|move|p1a: FAT CHARIZARD|Earthquake|p2a: Toxicroak\n|-supereffective|p2a: Toxicroak\n|-damage|p2a: Toxicroak|0 fnt\n|faint|p2a: Toxicroak\n|\n|-weather|SunnyDay|[upkeep]\n|upkeep\n|\n|t:|1771220617\n|switch|p2a: Zapdos|Zapdos|88/100\n|turn|29\n|\n|t:|1771220623\n|switch|p1a: DA LAST REX(3005)|Tyranitar, F, shiny|25/100 par\n|-weather|Sandstorm|[from] ability: Sand Stream|[of] p1a: DA LAST REX(3005)\n|move|p2a: Zapdos|Volt Switch|p1a: DA LAST REX(3005)\n|-damage|p1a: DA LAST REX(3005)|11/100 par\n|\n|t:|1771220627\n|switch|p2a: Pelipper|Pelipper, F, tera:Normal|12/100|[from] Volt Switch\n|-weather|RainDance|[from] ability: Drizzle|[of] p2a: Pelipper\n|\n|-weather|RainDance|[upkeep]\n|upkeep\n|turn|30\n|\n|t:|1771220635\n|move|p2a: Pelipper|U-turn|p1a: DA LAST REX(3005)\n|-supereffective|p1a: DA LAST REX(3005)\n|-damage|p1a: DA LAST REX(3005)|0 fnt\n|faint|p1a: DA LAST REX(3005)\n|\n|t:|1771220639\n|switch|p2a: Zapdos|Zapdos|88/100|[from] U-turn\n|\n|-weather|RainDance|[upkeep]\n|upkeep\n|\n|t:|1771220640\n|switch|p1a: FAT CHARIZARD|Dragonite, M, shiny|100/100\n|turn|31\n|\n|t:|1771220661\n|move|p2a: Zapdos|Thunder|p1a: FAT CHARIZARD\n|-damage|p1a: FAT CHARIZARD|59/100\n|-status|p1a: FAT CHARIZARD|par\n|move|p1a: FAT CHARIZARD|Dragon Dance|p1a: FAT CHARIZARD\n|-boost|p1a: FAT CHARIZARD|atk|1\n|-boost|p1a: FAT CHARIZARD|spe|1\n|\n|-weather|RainDance|[upkeep]\n|upkeep\n|turn|32\n|\n|t:|1771220667\n|move|p2a: Zapdos|Thunder|p1a: FAT CHARIZARD\n|-damage|p1a: FAT CHARIZARD|0 fnt\n|faint|p1a: FAT CHARIZARD\n|\n|win|3idk\n|raw|Log God Neo✈️_✈️'s rating: 1617 &rarr; <strong>1602</strong><br />(-15 for losing)\n|raw|3idk's rating: 1700 &rarr; <strong>1715</strong><br />(+15 for winning)\n|l|☆Log God Neo✈️_✈️\n|player|p1|\n", "uploadtime": 1771220898, "views": 4, "formatid": "gen9ou", "rating": 1602, "private": 0, "password": null}