{"id": "gen9ou-2639922759", "format": "[Gen 9] OU", "players": ["I Walk a Path", "why yukina>~<"], "log": "|j|☆I Walk a Path\n|j|☆why yukina>~<\n|t:|1782544191\n|gametype|singles\n|player|p1|I Walk a Path|caitlin-masters|1668\n|player|p2|why yukina>~<|teammates|1752\n|gen|9\n|tier|[Gen 9] OU\n|rated|\n|rule|HP Percentage Mod: HP is shown in percentages\n|rule|Endless Battle Clause: Forcing endless battles is banned\n|rule|Species Clause: Limit one of each Pokémon\n|rule|OHKO Clause: OHKO moves are banned\n|rule|Evasion Items Clause: Evasion items are banned\n|rule|Evasion Moves Clause: Evasion moves are banned\n|rule|Evasion Abilities Clause: Evasion abilities are banned\n|rule|Sleep Moves Clause: Sleep-inducing moves are banned\n|clearpoke\n|poke|p1|Clodsire, F|\n|poke|p1|Dondozo, F|\n|poke|p1|Gliscor, F|\n|poke|p1|Alomomola, L99, F|\n|poke|p1|Corviknight, F|\n|poke|p1|Pecharunt|\n|poke|p2|Kyurem|\n|poke|p2|Zamazenta-*|\n|poke|p2|Dragonite, F|\n|poke|p2|Pecharunt|\n|poke|p2|Iron Treads|\n|poke|p2|Samurott-Hisui, F|\n|teampreview\n|inactive|Battle timer is ON: inactive players will automatically lose when time's up. (requested by I Walk a Path)\n|j| pls game\n|c|☆why yukina>~<|i hate you man\n|c|☆why yukina>~<|this is gona be miserable\n|inactive|why yukina>~< has 120 seconds left.\n|\n|t:|1782544221\n|teamsize|p1|6\n|teamsize|p2|6\n|start\n|switch|p1a: Bashō|Gliscor, F|100/100\n|switch|p2a: Samurott|Samurott-Hisui, F|100/100\n|turn|1\n|c|☆I Walk a Path|sorry\n|\n|t:|1782544228\n|move|p1a: Bashō|Protect|p1a: Bashō\n|-singleturn|p1a: Bashō|Protect\n|move|p2a: Samurott|Knock Off|p1a: Bashō\n|-activate|p1a: Bashō|move: Protect\n|\n|-status|p1a: Bashō|tox|[from] item: Toxic Orb\n|upkeep\n|turn|2\n|\n|t:|1782544231\n|move|p2a: Samurott|Razor Shell|p1a: Bashō\n|-supereffective|p1a: Bashō\n|-damage|p1a: Bashō|41/100 tox\n|move|p1a: Bashō|Toxic|p2a: Samurott\n|-status|p2a: Samurott|tox\n|\n|-damage|p2a: Samurott|95/100 tox|[from] psn\n|-heal|p1a: Bashō|53/100 tox|[from] ability: Poison Heal\n|upkeep\n|turn|3\n|\n|t:|1782544237\n|switch|p2a: Kyurem|Kyurem, shiny|100/100\n|-ability|p2a: Kyurem|Pressure\n|move|p1a: Bashō|Protect||[still]\n|-fail|p1a: Bashō\n|\n|-heal|p1a: Bashō|66/100 tox|[from] ability: Poison Heal\n|upkeep\n|turn|4\n|\n|t:|1782544243\n|switch|p1a: Baudelaire|Corviknight, F, shiny|100/100\n|-ability|p1a: Baudelaire|Pressure\n|move|p2a: Kyurem|Freeze-Dry|p1a: Baudelaire\n|-damage|p1a: Baudelaire|70/100\n|\n|-heal|p1a: Baudelaire|76/100|[from] item: Leftovers\n|upkeep\n|turn|5\n|\n|t:|1782544250\n|switch|p2a: Samurott|Samurott-Hisui, F|95/100 tox\n|move|p1a: Baudelaire|Iron Head|p2a: Samurott\n|-resisted|p2a: Samurott\n|-damage|p2a: Samurott|79/100 tox\n|\n|-heal|p1a: Baudelaire|82/100|[from] item: Leftovers\n|-damage|p2a: Samurott|73/100 tox|[from] psn\n|upkeep\n|turn|6\n|\n|t:|1782544256\n|move|p1a: Baudelaire|Protect|p1a: Baudelaire\n|-singleturn|p1a: Baudelaire|Protect\n|move|p2a: Samurott|Ceaseless Edge|p1a: Baudelaire\n|-activate|p1a: Baudelaire|move: Protect\n|\n|-heal|p1a: Baudelaire|88/100|[from] item: Leftovers\n|-damage|p2a: Samurott|61/100 tox|[from] psn\n|upkeep\n|turn|7\n|\n|t:|1782544270\n|switch|p1a: Tagore|Alomomola, L99, F, shiny|100/100\n|move|p2a: Samurott|Ceaseless Edge|p1a: Tagore\n|-damage|p1a: Tagore|68/100\n|-sidestart|p1: I Walk a Path|Spikes\n|\n|-damage|p2a: Samurott|43/100 tox|[from] psn\n|upkeep\n|turn|8\n|\n|t:|1782544277\n|move|p1a: Tagore|Protect|p1a: Tagore\n|-singleturn|p1a: Tagore|Protect\n|move|p2a: Samurott|Ceaseless Edge|p1a: Tagore\n|-activate|p1a: Tagore|move: Protect\n|\n|-damage|p2a: Samurott|19/100 tox|[from] psn\n|upkeep\n|turn|9\n|l|☆I Walk a Path\n|inactive|I Walk a Path disconnected and has a minute to reconnect!\n|player|p1|\n|inactive|I Walk a Path has 30 seconds to reconnect!\n|j|☆I Walk a Path\n|inactive|I Walk a Path reconnected and has 105 seconds left.\n|player|p1|I Walk a Path|caitlin-masters|\n|\n|t:|1782544331\n|-terastallize|p1a: Tagore|Ice\n|move|p2a: Samurott|Ceaseless Edge|p1a: Tagore\n|-damage|p1a: Tagore|33/100\n|-sidestart|p1: I Walk a Path|Spikes\n|move|p1a: Tagore|Flip Turn|p2a: Samurott\n|-resisted|p2a: Samurott\n|-damage|p2a: Samurott|10/100 tox\n|\n|t:|1782544336\n|switch|p1a: Bashō|Gliscor, F|66/100 tox|[from] Flip Turn\n|\n|-damage|p2a: Samurott|0 fnt|[from] psn\n|faint|p2a: Samurott\n|-heal|p1a: Bashō|78/100 tox|[from] ability: Poison Heal\n|upkeep\n|\n|t:|1782544354\n|switch|p2a: Kyurem|Kyurem, shiny|100/100\n|-ability|p2a: Kyurem|Pressure\n|turn|10\n|\n|t:|1782544357\n|-terastallize|p2a: Kyurem|Ice\n|move|p1a: Bashō|Protect|p1a: Bashō\n|-singleturn|p1a: Bashō|Protect\n|move|p2a: Kyurem|Ice Beam|p1a: Bashō\n|-activate|p1a: Bashō|move: Protect\n|\n|-heal|p1a: Bashō|91/100 tox|[from] ability: Poison Heal\n|upkeep\n|turn|11\n|\n|t:|1782544362\n|switch|p1a: Tagore|Alomomola, L99, F, shiny, tera:Ice|66/100\n|move|p2a: Kyurem|Ice Beam|p1a: Tagore\n|-resisted|p1a: Tagore\n|-damage|p1a: Tagore|40/100\n|\n|upkeep\n|turn|12\n|\n|t:|1782544370\n|switch|p2a: Iron Treads|Iron Treads|100/100\n|switch|p1a: Baudelaire|Corviknight, F, shiny|88/100\n|-ability|p1a: Baudelaire|Pressure\n|\n|-heal|p1a: Baudelaire|95/100|[from] item: Leftovers\n|upkeep\n|turn|13\n|\n|t:|1782544375\n|switch|p1a: Bashō|Gliscor, F|91/100 tox\n|move|p2a: Iron Treads|Knock Off|p1a: Bashō\n|-damage|p1a: Bashō|77/100 tox\n|-enditem|p1a: Bashō|Toxic Orb|[from] move: Knock Off|[of] p2a: Iron Treads\n|\n|-heal|p1a: Bashō|89/100 tox|[from] ability: Poison Heal\n|upkeep\n|turn|14\n|l| pls game\n|inactive|why yukina>~< has 120 seconds left.\n|\n|t:|1782544417\n|move|p2a: Iron Treads|Stealth Rock|p1a: Bashō\n|-sidestart|p1: I Walk a Path|move: Stealth Rock\n|move|p1a: Bashō|Knock Off|p2a: Iron Treads\n|-damage|p2a: Iron Treads|84/100\n|-enditem|p2a: Iron Treads|Leftovers|[from] move: Knock Off|[of] p1a: Bashō\n|\n|-heal|p1a: Bashō|100/100 tox|[from] ability: Poison Heal\n|upkeep\n|turn|15\n|\n|t:|1782544422\n|-end|p2a: Iron Treads|Quark Drive|[silent]\n|switch|p2a: Dragonite|Dragonite, F|100/100\n|move|p1a: Bashō|Stealth Rock|p2a: Dragonite\n|-sidestart|p2: why yukina>~<|move: Stealth Rock\n|\n|upkeep\n|turn|16\n|inactive|why yukina>~< has 120 seconds left.\n|\n|t:|1782544430\n|move|p2a: Dragonite|Encore|p1a: Bashō\n|-start|p1a: Bashō|Encore\n|move|p1a: Bashō|Stealth Rock||[still]\n|-fail|p1a: Bashō\n|\n|upkeep\n|turn|17\n|\n|t:|1782544434\n|switch|p1a: Whitman|Dondozo, F|100/100\n|move|p2a: Dragonite|Dragon Dance|p2a: Dragonite\n|-boost|p2a: Dragonite|atk|1\n|-boost|p2a: Dragonite|spe|1\n|\n|upkeep\n|turn|18\n|\n|t:|1782544438\n|move|p2a: Dragonite|Earthquake|p1a: Whitman\n|-damage|p1a: Whitman|84/100\n|move|p1a: Whitman|Crunch|p2a: Dragonite\n|-damage|p2a: Dragonite|89/100\n|\n|upkeep\n|turn|19\n|\n|t:|1782544454\n|switch|p2a: Iron Treads|Iron Treads|84/100\n|-damage|p2a: Iron Treads|81/100|[from] Stealth Rock\n|move|p1a: Whitman|Crunch|p2a: Iron Treads\n|-damage|p2a: Iron Treads|68/100\n|\n|upkeep\n|turn|20\n|\n|t:|1782544457\n|move|p2a: Iron Treads|Knock Off|p1a: Whitman\n|-damage|p1a: Whitman|73/100\n|-enditem|p1a: Whitman|Heavy-Duty Boots|[from] move: Knock Off|[of] p2a: Iron Treads\n|move|p1a: Whitman|Body Press|p2a: Iron Treads\n|-supereffective|p2a: Iron Treads\n|-damage|p2a: Iron Treads|26/100\n|\n|upkeep\n|turn|21\n|\n|t:|1782544462\n|move|p2a: Iron Treads|Rapid Spin|p1a: Whitman\n|-damage|p1a: Whitman|67/100\n|-boost|p2a: Iron Treads|spe|1\n|-sideend|p2: why yukina>~<|Stealth Rock|[from] move: Rapid Spin|[of] p2a: Iron Treads\n|move|p1a: Whitman|Body Press|p2a: Iron Treads\n|-supereffective|p2a: Iron Treads\n|-damage|p2a: Iron Treads|0 fnt\n|faint|p2a: Iron Treads\n|-end|p2a: Iron Treads|Quark Drive|[silent]\n|\n|upkeep\n|\n|t:|1782544465\n|switch|p2a: Kyurem|Kyurem, shiny, tera:Ice|100/100\n|-ability|p2a: Kyurem|Pressure\n|turn|22\n|\n|t:|1782544470\n|switch|p1a: Baudelaire|Corviknight, F, shiny|95/100\n|-damage|p1a: Baudelaire|82/100|[from] Stealth Rock\n|-ability|p1a: Baudelaire|Pressure\n|move|p2a: Kyurem|Draco Meteor|p1a: Baudelaire\n|-resisted|p1a: Baudelaire\n|-damage|p1a: Baudelaire|55/100\n|-unboost|p2a: Kyurem|spa|2\n|\n|-heal|p1a: Baudelaire|61/100|[from] item: Leftovers\n|upkeep\n|turn|23\n|\n|t:|1782544477\n|switch|p2a: Dragonite|Dragonite, F|89/100\n|move|p1a: Baudelaire|Defog|p2a: Dragonite\n|-unboost|p2a: Dragonite|evasion|1\n|-sideend|p1: I Walk a Path|Spikes|[from] move: Defog|[of] p1a: Baudelaire\n|-sideend|p1: I Walk a Path|Stealth Rock|[from] move: Defog|[of] p1a: Baudelaire\n|\n|-heal|p1a: Baudelaire|67/100|[from] item: Leftovers\n|upkeep\n|turn|24\n|\n|t:|1782544482\n|switch|p1a: Whitman|Dondozo, F|67/100\n|move|p2a: Dragonite|Dragon Dance|p2a: Dragonite\n|-boost|p2a: Dragonite|atk|1\n|-boost|p2a: Dragonite|spe|1\n|\n|upkeep\n|turn|25\n|\n|t:|1782544486\n|switch|p2a: Pecharunt|Pecharunt|100/100\n|move|p1a: Whitman|Crunch|p2a: Pecharunt\n|-supereffective|p2a: Pecharunt\n|-damage|p2a: Pecharunt|77/100\n|\n|upkeep\n|turn|26\n|\n|t:|1782544490\n|switch|p1a: Baudelaire|Corviknight, F, shiny|67/100\n|-ability|p1a: Baudelaire|Pressure\n|move|p2a: Pecharunt|Nasty Plot|p2a: Pecharunt\n|-boost|p2a: Pecharunt|spa|2\n|\n|-heal|p1a: Baudelaire|74/100|[from] item: Leftovers\n|upkeep\n|turn|27\n|\n|t:|1782544503\n|move|p2a: Pecharunt|Shadow Ball|p1a: Baudelaire\n|-damage|p1a: Baudelaire|37/100\n|move|p1a: Baudelaire|Iron Head|p2a: Pecharunt\n|-damage|p2a: Pecharunt|61/100\n|\n|-heal|p1a: Baudelaire|43/100|[from] item: Leftovers\n|upkeep\n|turn|28\n|\n|t:|1782544524\n|switch|p1a: Rimbaud|Clodsire, F|100/100\n|move|p2a: Pecharunt|Shadow Ball|p1a: Rimbaud\n|-damage|p1a: Rimbaud|86/100\n|\n|upkeep\n|turn|29\n|\n|t:|1782544528\n|move|p2a: Pecharunt|Shadow Ball|p1a: Rimbaud\n|-damage|p1a: Rimbaud|71/100\n|move|p1a: Rimbaud|Bulldoze|p2a: Pecharunt\n|-supereffective|p2a: Pecharunt\n|-damage|p2a: Pecharunt|41/100\n|-unboost|p2a: Pecharunt|spe|1\n|\n|upkeep\n|turn|30\n|\n|t:|1782544531\n|switch|p2a: Kyurem|Kyurem, shiny, tera:Ice|100/100\n|-ability|p2a: Kyurem|Pressure\n|move|p1a: Rimbaud|Bulldoze|p2a: Kyurem\n|-damage|p2a: Kyurem|86/100\n|-unboost|p2a: Kyurem|spe|1\n|\n|upkeep\n|turn|31\n|\n|t:|1782544536\n|switch|p1a: Tagore|Alomomola, L99, F, shiny, tera:Ice|74/100\n|move|p2a: Kyurem|Ice Beam|p1a: Tagore\n|-resisted|p1a: Tagore\n|-damage|p1a: Tagore|48/100\n|\n|upkeep\n|turn|32\n|\n|t:|1782544543\n|move|p2a: Kyurem|Ice Beam|p1a: Tagore\n|-resisted|p1a: Tagore\n|-damage|p1a: Tagore|23/100\n|move|p1a: Tagore|Flip Turn|p2a: Kyurem\n|-damage|p2a: Kyurem|70/100\n|\n|t:|1782544551\n|switch|p1a: Baudelaire|Corviknight, F, shiny|43/100|[from] Flip Turn\n|-ability|p1a: Baudelaire|Pressure\n|\n|-heal|p1a: Baudelaire|49/100|[from] item: Leftovers\n|upkeep\n|turn|33\n|inactive|why yukina>~< has 120 seconds left.\n|inactive|why yukina>~< has 90 seconds left.\n|\n|t:|1782544633\n|move|p1a: Baudelaire|Protect|p1a: Baudelaire\n|-singleturn|p1a: Baudelaire|Protect\n|move|p2a: Kyurem|Ice Beam|p1a: Baudelaire\n|-activate|p1a: Baudelaire|move: Protect\n|\n|-heal|p1a: Baudelaire|56/100|[from] item: Leftovers\n|upkeep\n|turn|34\n|inactive|why yukina>~< has 90 seconds left.\n|\n|t:|1782544654\n|move|p2a: Kyurem|Ice Beam|p1a: Baudelaire\n|-damage|p1a: Baudelaire|3/100\n|move|p1a: Baudelaire|Roost|p1a: Baudelaire\n|-heal|p1a: Baudelaire|53/100\n|-singleturn|p1a: Baudelaire|move: Roost\n|\n|-heal|p1a: Baudelaire|59/100|[from] item: Leftovers\n|upkeep\n|turn|35\n|\n|t:|1782544662\n|switch|p2a: Dragonite|Dragonite, F|89/100\n|move|p1a: Baudelaire|Protect||[still]\n|-fail|p1a: Baudelaire\n|\n|-heal|p1a: Baudelaire|65/100|[from] item: Leftovers\n|upkeep\n|turn|36\n|inactive|why yukina>~< has 60 seconds left.\n|\n|t:|1782544701\n|move|p2a: Dragonite|Encore|p1a: Baudelaire\n|-start|p1a: Baudelaire|Encore\n|move|p1a: Baudelaire|Protect||[still]\n|-fail|p1a: Baudelaire\n|\n|-heal|p1a: Baudelaire|71/100|[from] item: Leftovers\n|upkeep\n|turn|37\n|l|☆I Walk a Path\n|inactive|I Walk a Path disconnected and has a minute to reconnect!\n|player|p1|\n|j|☆I Walk a Path\n|inactive|I Walk a Path reconnected and has 120 seconds left.\n|player|p1|I Walk a Path|caitlin-masters|\n|\n|t:|1782544734\n|switch|p2a: Kyurem|Kyurem, shiny, tera:Ice|70/100\n|-ability|p2a: Kyurem|Pressure\n|move|p1a: Baudelaire|Protect||[still]\n|-fail|p1a: Baudelaire\n|\n|-heal|p1a: Baudelaire|78/100|[from] item: Leftovers\n|upkeep\n|turn|38\n|\n|t:|1782544742\n|move|p1a: Baudelaire|Protect|p1a: Baudelaire\n|-singleturn|p1a: Baudelaire|Protect\n|move|p2a: Kyurem|Ice Beam|p1a: Baudelaire\n|-activate|p1a: Baudelaire|move: Protect\n|\n|-heal|p1a: Baudelaire|84/100|[from] item: Leftovers\n|-end|p1a: Baudelaire|Encore\n|upkeep\n|turn|39\n|\n|t:|1782544747\n|move|p2a: Kyurem|Ice Beam|p1a: Baudelaire\n|-damage|p1a: Baudelaire|33/100\n|move|p1a: Baudelaire|Roost|p1a: Baudelaire\n|-heal|p1a: Baudelaire|83/100\n|-singleturn|p1a: Baudelaire|move: Roost\n|\n|-heal|p1a: Baudelaire|90/100|[from] item: Leftovers\n|upkeep\n|turn|40\n|\n|t:|1782544770\n|move|p1a: Baudelaire|Protect|p1a: Baudelaire\n|-singleturn|p1a: Baudelaire|Protect\n|move|p2a: Kyurem|Ice Beam|p1a: Baudelaire\n|-activate|p1a: Baudelaire|move: Protect\n|\n|-heal|p1a: Baudelaire|96/100|[from] item: Leftovers\n|upkeep\n|turn|41\n|\n|t:|1782544774\n|move|p2a: Kyurem|Ice Beam|p1a: Baudelaire\n|-damage|p1a: Baudelaire|46/100\n|move|p1a: Baudelaire|Iron Head|p2a: Kyurem\n|-supereffective|p2a: Kyurem\n|-damage|p2a: Kyurem|19/100\n|\n|-heal|p1a: Baudelaire|53/100|[from] item: Leftovers\n|upkeep\n|turn|42\n|\n|t:|1782544780\n|switch|p2a: Pecharunt|Pecharunt|41/100\n|move|p1a: Baudelaire|Iron Head|p2a: Pecharunt\n|-damage|p2a: Pecharunt|24/100\n|\n|-heal|p1a: Baudelaire|59/100|[from] item: Leftovers\n|upkeep\n|turn|43\n|\n|t:|1782544784\n|move|p2a: Pecharunt|Recover|p2a: Pecharunt\n|-heal|p2a: Pecharunt|74/100\n|move|p1a: Baudelaire|Iron Head|p2a: Pecharunt\n|-damage|p2a: Pecharunt|59/100\n|\n|-heal|p1a: Baudelaire|65/100|[from] item: Leftovers\n|upkeep\n|turn|44\n|inactive|why yukina>~< has 90 seconds left.\n|\n|t:|1782544812\n|switch|p1a: Bashō|Gliscor, F|100/100 tox\n|move|p2a: Pecharunt|Nasty Plot|p2a: Pecharunt\n|-boost|p2a: Pecharunt|spa|2\n|\n|upkeep\n|turn|45\n|\n|t:|1782544817\n|move|p2a: Pecharunt|Shadow Ball|p1a: Bashō\n|-damage|p1a: Bashō|37/100 tox\n|move|p1a: Bashō|Stealth Rock|p2a: Pecharunt\n|-sidestart|p2: why yukina>~<|move: Stealth Rock\n|\n|-heal|p1a: Bashō|50/100 tox|[from] ability: Poison Heal\n|upkeep\n|turn|46\n|inactive|why yukina>~< has 90 seconds left.\n|\n|t:|1782544844\n|move|p1a: Bashō|Protect|p1a: Bashō\n|-singleturn|p1a: Bashō|Protect\n|move|p2a: Pecharunt|Shadow Ball|p1a: Bashō\n|-activate|p1a: Bashō|move: Protect\n|\n|-heal|p1a: Bashō|62/100 tox|[from] ability: Poison Heal\n|upkeep\n|turn|47\n|\n|t:|1782544847\n|switch|p1a: Rimbaud|Clodsire, F|71/100\n|move|p2a: Pecharunt|Shadow Ball|p1a: Rimbaud\n|-damage|p1a: Rimbaud|55/100\n|\n|upkeep\n|turn|48\n|\n|t:|1782544849\n|move|p2a: Pecharunt|Shadow Ball|p1a: Rimbaud\n|-damage|p1a: Rimbaud|42/100\n|-unboost|p1a: Rimbaud|spd|1\n|move|p1a: Rimbaud|Recover|p1a: Rimbaud\n|-heal|p1a: Rimbaud|92/100\n|\n|upkeep\n|turn|49\n|inactive|why yukina>~< has 90 seconds left.\n|\n|t:|1782544892\n|move|p2a: Pecharunt|Shadow Ball|p1a: Rimbaud\n|-damage|p1a: Rimbaud|70/100\n|move|p1a: Rimbaud|Amnesia|p1a: Rimbaud\n|-boost|p1a: Rimbaud|spd|2\n|\n|upkeep\n|turn|50\n|\n|t:|1782544903\n|switch|p2a: Dragonite|Dragonite, F|89/100\n|move|p1a: Rimbaud|Toxic|p2a: Dragonite\n|-status|p2a: Dragonite|tox\n|\n|-damage|p2a: Dragonite|83/100 tox|[from] psn\n|upkeep\n|turn|51\n|\n|t:|1782544907\n|switch|p1a: Baudelaire|Corviknight, F, shiny|65/100\n|-ability|p1a: Baudelaire|Pressure\n|move|p2a: Dragonite|Earthquake|p1a: Baudelaire\n|-immune|p1a: Baudelaire\n|\n|-heal|p1a: Baudelaire|71/100|[from] item: Leftovers\n|-damage|p2a: Dragonite|71/100 tox|[from] psn\n|upkeep\n|turn|52\n|c|☆why yukina>~<|you are a terrible human being\n|-message|why yukina>~< forfeited.\n|\n|win|I Walk a Path\n|raw|I Walk a Path's rating: 1668 &rarr; <strong>1694</strong><br />(+26 for winning)\n|raw|why yukina&gt;~&lt;'s rating: 1767 &rarr; <strong>1741</strong><br />(-26 for losing)\n|l|☆why yukina>~<\n|player|p2|\n|c|☆I Walk a Path|sorry\n|l|☆I Walk a Path\n|player|p1|\n", "uploadtime": 1782545096, "views": 7, "formatid": "gen9ou", "rating": 1694, "private": 0, "password": null}