{"id": "gen9ou-2540715001", "format": "[Gen 9] OU", "players": ["henrianiac", "barronmaster"], "log": "|j|☆henrianiac\n|j|☆barronmaster\n|t:|1771244756\n|gametype|singles\n|player|p1|henrianiac|miku-flying|1659\n|player|p2|barronmaster|2|1625\n|gen|9\n|tier|[Gen 9] OU\n|rated|\n|rule|HP Percentage Mod: HP is shown in percentages\n|rule|Endless Battle Clause: Forcing endless battles is banned\n|rule|Species Clause: Limit one of each Pokémon\n|rule|OHKO Clause: OHKO moves are banned\n|rule|Evasion Items Clause: Evasion items are banned\n|rule|Evasion Moves Clause: Evasion moves are banned\n|rule|Evasion Abilities Clause: Evasion abilities are banned\n|rule|Sleep Moves Clause: Sleep-inducing moves are banned\n|clearpoke\n|poke|p1|Corviknight, F|\n|poke|p1|Dondozo, F|\n|poke|p1|Alomomola, M|\n|poke|p1|Toxapex, M|\n|poke|p1|Gliscor, F|\n|poke|p1|Clodsire, F|\n|poke|p2|Hoopa-Unbound|\n|poke|p2|Ninetales-Alola, F|\n|poke|p2|Slowking-Galar, M|\n|poke|p2|Cloyster, F|\n|poke|p2|Zoroark, M|\n|poke|p2|Indeedee, M|\n|teampreview\n|inactive|Battle timer is ON: inactive players will automatically lose when time's up. (requested by barronmaster)\n|\n|t:|1771244787\n|teamsize|p1|6\n|teamsize|p2|6\n|start\n|switch|p1a: Gliscor|Gliscor, F|100/100\n|switch|p2a: Indeedee|Indeedee, M|100/100\n|turn|1\n|c|☆henrianiac|..\n|\n|t:|1771244802\n|move|p1a: Gliscor|Protect|p1a: Gliscor\n|-singleturn|p1a: Gliscor|Protect\n|move|p2a: Indeedee|Knock Off|p1a: Gliscor\n|-activate|p1a: Gliscor|move: Protect\n|\n|-status|p1a: Gliscor|tox|[from] item: Toxic Orb\n|upkeep\n|turn|2\n|c|☆henrianiac|We all been there\n|c|☆henrianiac|Oh\n|c|☆henrianiac|Nvm\n|\n|t:|1771244813\n|move|p2a: Indeedee|Knock Off|p1a: Gliscor\n|-damage|p1a: Gliscor|53/100 tox\n|-enditem|p1a: Gliscor|Toxic Orb|[from] move: Knock Off|[of] p2a: Indeedee\n|-damage|p2a: Indeedee|91/100|[from] item: Life Orb\n|move|p1a: Gliscor|Spikes|p2a: Indeedee\n|-sidestart|p2: barronmaster|Spikes\n|\n|-heal|p1a: Gliscor|65/100 tox|[from] ability: Poison Heal\n|upkeep\n|turn|3\n|\n|t:|1771244822\n|switch|p2a: Ninetales|Ninetales-Alola, F|100/100\n|-damage|p2a: Ninetales|88/100|[from] Spikes\n|-weather|Snowscape|[from] ability: Snow Warning|[of] p2a: Ninetales\n|move|p1a: Gliscor|Protect||[still]\n|-fail|p1a: Gliscor\n|\n|-weather|Snowscape|[upkeep]\n|-heal|p1a: Gliscor|78/100 tox|[from] ability: Poison Heal\n|upkeep\n|turn|4\n|\n|t:|1771244831\n|move|p1a: Gliscor|Protect|p1a: Gliscor\n|-singleturn|p1a: Gliscor|Protect\n|move|p2a: Ninetales|Blizzard|p1a: Gliscor\n|-activate|p1a: Gliscor|move: Protect\n|\n|-weather|Snowscape|[upkeep]\n|-heal|p1a: Gliscor|90/100 tox|[from] ability: Poison Heal\n|upkeep\n|turn|5\n|\n|t:|1771244835\n|switch|p2a: Slowking|Slowking-Galar, M|100/100\n|-damage|p2a: Slowking|88/100|[from] Spikes\n|switch|p1a: Toxapex|Toxapex, M|100/100\n|\n|-weather|Snowscape|[upkeep]\n|-heal|p2a: Slowking|94/100|[from] item: Leftovers\n|upkeep\n|turn|6\n|\n|t:|1771244843\n|switch|p1a: Gliscor|Gliscor, F|90/100 tox\n|move|p2a: Slowking|Nasty Plot|p2a: Slowking\n|-boost|p2a: Slowking|spa|2\n|\n|-weather|Snowscape|[upkeep]\n|-heal|p2a: Slowking|100/100|[from] item: Leftovers\n|-heal|p1a: Gliscor|100/100 tox|[from] ability: Poison Heal\n|upkeep\n|turn|7\n|\n|t:|1771244852\n|-terastallize|p2a: Slowking|Flying\n|move|p1a: Gliscor|Protect|p1a: Gliscor\n|-singleturn|p1a: Gliscor|Protect\n|move|p2a: Slowking|Psychic Noise|p1a: Gliscor\n|-activate|p1a: Gliscor|move: Protect\n|\n|-weather|none\n|upkeep\n|turn|8\n|\n|t:|1771244856\n|move|p1a: Gliscor|Toxic|p2a: Slowking\n|-status|p2a: Slowking|tox\n|move|p2a: Slowking|Psychic Noise|p1a: Gliscor\n|-damage|p1a: Gliscor|35/100 tox\n|-start|p1a: Gliscor|move: Heal Block\n|\n|-damage|p2a: Slowking|94/100 tox|[from] psn\n|upkeep\n|turn|9\n|\n|t:|1771244859\n|move|p1a: Gliscor|Protect|p1a: Gliscor\n|-singleturn|p1a: Gliscor|Protect\n|move|p2a: Slowking|Trick Room|p2a: Slowking\n|-fieldstart|move: Trick Room|[of] p2a: Slowking\n|\n|-heal|p2a: Slowking|100/100 tox|[from] item: Leftovers\n|-damage|p2a: Slowking|88/100 tox|[from] psn\n|-end|p1a: Gliscor|move: Heal Block\n|upkeep\n|turn|10\n|\n|t:|1771244862\n|switch|p1a: Clodsire|Clodsire, F|100/100\n|move|p2a: Slowking|Psychic Noise|p1a: Clodsire\n|-supereffective|p1a: Clodsire\n|-damage|p1a: Clodsire|62/100\n|-start|p1a: Clodsire|move: Heal Block\n|\n|-heal|p2a: Slowking|94/100 tox|[from] item: Leftovers\n|-damage|p2a: Slowking|76/100 tox|[from] psn\n|upkeep\n|turn|11\n|\n|t:|1771244869\n|-terastallize|p1a: Clodsire|Dark\n|move|p1a: Clodsire|Stealth Rock|p2a: Slowking\n|-sidestart|p2: barronmaster|move: Stealth Rock\n|move|p2a: Slowking|Psychic Noise|p1a: Clodsire\n|-immune|p1a: Clodsire\n|\n|-heal|p2a: Slowking|82/100 tox|[from] item: Leftovers\n|-damage|p2a: Slowking|57/100 tox|[from] psn\n|-end|p1a: Clodsire|move: Heal Block\n|upkeep\n|turn|12\n|\n|t:|1771244878\n|switch|p2a: Hoopa|Hoopa-Unbound|100/100\n|-damage|p2a: Hoopa|88/100|[from] Spikes\n|-damage|p2a: Hoopa|76/100|[from] Stealth Rock\n|move|p1a: Clodsire|Gunk Shot|p2a: Hoopa\n|-crit|p2a: Hoopa\n|-damage|p2a: Hoopa|3/100\n|-status|p2a: Hoopa|psn\n|\n|-damage|p2a: Hoopa|0 fnt|[from] psn\n|faint|p2a: Hoopa\n|upkeep\n|\n|t:|1771244882\n|switch|p2a: Cloyster|Cloyster, F|100/100\n|turn|13\n|\n|t:|1771244889\n|switch|p1a: Dondozo|Dondozo, F|100/100\n|move|p2a: Cloyster|Icicle Spear|p1a: Dondozo\n|-resisted|p1a: Dondozo\n|-damage|p1a: Dondozo|98/100\n|-resisted|p1a: Dondozo\n|-damage|p1a: Dondozo|95/100\n|-resisted|p1a: Dondozo\n|-damage|p1a: Dondozo|93/100\n|-resisted|p1a: Dondozo\n|-damage|p1a: Dondozo|91/100\n|-resisted|p1a: Dondozo\n|-damage|p1a: Dondozo|88/100\n|-hitcount|p1a: Dondozo|5\n|\n|-fieldend|move: Trick Room\n|upkeep\n|turn|14\n|\n|t:|1771244897\n|switch|p2a: Slowking|Slowking-Galar, M, tera:Flying|91/100 tox\n|-damage|p2a: Slowking|66/100 tox|[from] Stealth Rock\n|move|p1a: Dondozo|Body Press|p2a: Slowking\n|-resisted|p2a: Slowking\n|-damage|p2a: Slowking|50/100 tox\n|\n|-heal|p2a: Slowking|56/100 tox|[from] item: Leftovers\n|-damage|p2a: Slowking|50/100 tox|[from] psn\n|upkeep\n|turn|15\n|\n|t:|1771244901\n|switch|p1a: Clodsire|Clodsire, F, tera:Dark|62/100\n|move|p2a: Slowking|Psychic Noise|p1a: Clodsire\n|-immune|p1a: Clodsire\n|\n|-heal|p2a: Slowking|56/100 tox|[from] item: Leftovers\n|-damage|p2a: Slowking|44/100 tox|[from] psn\n|upkeep\n|turn|16\n|\n|t:|1771244906\n|switch|p2a: Indeedee|Indeedee, M|91/100\n|-damage|p2a: Indeedee|78/100|[from] Spikes\n|-damage|p2a: Indeedee|66/100|[from] Stealth Rock\n|move|p1a: Clodsire|Recover|p1a: Clodsire\n|-heal|p1a: Clodsire|100/100\n|\n|upkeep\n|turn|17\n|\n|t:|1771244911\n|switch|p1a: Alomomola|Alomomola, M|100/100\n|move|p2a: Indeedee|U-turn|p1a: Alomomola\n|-damage|p1a: Alomomola|85/100\n|-damage|p2a: Indeedee|56/100|[from] item: Life Orb\n|\n|t:|1771244916\n|switch|p2a: Indeedee|Indeedee, M|100/100|[from] U-turn\n|-damage|p2a: Indeedee|88/100|[from] Spikes\n|-damage|p2a: Indeedee|76/100|[from] Stealth Rock\n|-fieldstart|move: Psychic Terrain|[from] ability: Psychic Surge|[of] p2a: Indeedee\n|\n|upkeep\n|turn|18\n|\n|t:|1771244920\n|switch|p1a: Clodsire|Clodsire, F, tera:Dark|100/100\n|move|p2a: Indeedee|Expanding Force|p1a: Clodsire\n|-immune|p1a: Clodsire\n|\n|upkeep\n|turn|19\n|\n|t:|1771244923\n|move|p2a: Indeedee|Dazzling Gleam|p1a: Clodsire\n|-supereffective|p1a: Clodsire\n|-damage|p1a: Clodsire|66/100\n|-damage|p2a: Indeedee|66/100|[from] item: Life Orb\n|move|p1a: Clodsire|Earthquake|p2a: Indeedee\n|-damage|p2a: Indeedee|12/100\n|\n|upkeep\n|turn|20\n|\n|t:|1771244926\n|move|p2a: Indeedee|Dazzling Gleam|p1a: Clodsire\n|-supereffective|p1a: Clodsire\n|-damage|p1a: Clodsire|30/100\n|-damage|p2a: Indeedee|2/100|[from] item: Life Orb\n|move|p1a: Clodsire|Recover|p1a: Clodsire\n|-heal|p1a: Clodsire|80/100\n|\n|upkeep\n|turn|21\n|inactive|barronmaster has 120 seconds left.\n|-message|barronmaster forfeited.\n|\n|win|henrianiac\n|raw|henrianiac's rating: 1659 &rarr; <strong>1677</strong><br />(+18 for winning)\n|raw|barronmaster's rating: 1625 &rarr; <strong>1607</strong><br />(-18 for losing)\n|l|☆barronmaster\n|player|p2|\n", "uploadtime": 1771245210, "views": 7, "formatid": "gen9ou", "rating": 1607, "private": 0, "password": null}