{"id": "gen9ou-2639281344", "format": "[Gen 9] OU", "players": ["TheCollageDropout", "msean3"], "log": "|j|☆TheCollageDropout\n|j|‽msean3\n|t:|1782445248\n|gametype|singles\n|player|p1|TheCollageDropout|2|1440\n|player|p2|msean3|101|1493\n|gen|9\n|tier|[Gen 9] OU\n|rated|\n|rule|HP Percentage Mod: HP is shown in percentages\n|rule|Endless Battle Clause: Forcing endless battles is banned\n|rule|Species Clause: Limit one of each Pokémon\n|rule|OHKO Clause: OHKO moves are banned\n|rule|Evasion Items Clause: Evasion items are banned\n|rule|Evasion Moves Clause: Evasion moves are banned\n|rule|Evasion Abilities Clause: Evasion abilities are banned\n|rule|Sleep Moves Clause: Sleep-inducing moves are banned\n|clearpoke\n|poke|p1|Gholdengo|\n|poke|p1|Garganacl, M|\n|poke|p1|Volcanion|\n|poke|p1|Great Tusk|\n|poke|p1|Zapdos|\n|poke|p1|Meowscarada, M|\n|poke|p2|Darkrai|\n|poke|p2|Alomomola, M|\n|poke|p2|Corviknight, F|\n|poke|p2|Weezing-Galar, F|\n|poke|p2|Garchomp, M|\n|poke|p2|Ogerpon, F|\n|teampreview\n|j| tsugia\n|inactive|Battle timer is ON: inactive players will automatically lose when time's up. (requested by msean3)\n|\n|t:|1782445273\n|teamsize|p1|6\n|teamsize|p2|6\n|start\n|switch|p1a: Meowscarada|Meowscarada, M|100/100\n|switch|p2a: Weezing|Weezing-Galar, F|100/100\n|-ability|p2a: Weezing|Neutralizing Gas\n|turn|1\n|\n|t:|1782445282\n|move|p1a: Meowscarada|U-turn|p2a: Weezing\n|-resisted|p2a: Weezing\n|-damage|p2a: Weezing|96/100\n|\n|t:|1782445289\n|switch|p1a: Garganacl|Garganacl, M|100/100|[from] U-turn\n|move|p2a: Weezing|Will-O-Wisp|p1a: Garganacl\n|-status|p1a: Garganacl|brn\n|\n|-heal|p2a: Weezing|100/100|[from] item: Leftovers\n|-damage|p1a: Garganacl|94/100 brn|[from] brn\n|upkeep\n|turn|2\n|\n|t:|1782445296\n|-end|p2a: Weezing|ability: Neutralizing Gas\n|switch|p2a: Alomomola|Alomomola, M|100/100\n|move|p1a: Garganacl|Stealth Rock|p2a: Alomomola\n|-sidestart|p2: msean3|move: Stealth Rock\n|\n|-heal|p1a: Garganacl|100/100 brn|[from] item: Leftovers\n|-damage|p1a: Garganacl|94/100 brn|[from] brn\n|upkeep\n|turn|3\n|\n|t:|1782445304\n|switch|p2a: Garchomp|Garchomp, M|100/100\n|-damage|p2a: Garchomp|94/100|[from] Stealth Rock\n|move|p1a: Garganacl|Salt Cure|p2a: Garchomp\n|-resisted|p2a: Garchomp\n|-damage|p2a: Garchomp|92/100\n|-start|p2a: Garchomp|Salt Cure\n|\n|-heal|p1a: Garganacl|100/100 brn|[from] item: Leftovers\n|-damage|p1a: Garganacl|94/100 brn|[from] brn\n|-damage|p2a: Garchomp|80/100|[from] Salt Cure\n|upkeep\n|turn|4\n|\n|t:|1782445311\n|switch|p1a: Gholdengo|Gholdengo|100/100\n|move|p2a: Garchomp|Stealth Rock|p1a: Gholdengo\n|-sidestart|p1: TheCollageDropout|move: Stealth Rock\n|\n|-damage|p2a: Garchomp|67/100|[from] Salt Cure\n|upkeep\n|turn|5\n|\n|t:|1782445317\n|switch|p2a: Alomomola|Alomomola, M|100/100\n|-damage|p2a: Alomomola|88/100|[from] Stealth Rock\n|move|p1a: Gholdengo|Trick|p2a: Alomomola\n|-activate|p1a: Gholdengo|move: Trick|[of] p2a: Alomomola\n|-item|p2a: Alomomola|Choice Scarf|[from] move: Trick\n|-item|p1a: Gholdengo|Assault Vest|[from] move: Trick\n|\n|upkeep\n|turn|6\n|\n|t:|1782445324\n|switch|p2a: Garchomp|Garchomp, M|67/100\n|-damage|p2a: Garchomp|61/100|[from] Stealth Rock\n|move|p1a: Gholdengo|Shadow Ball|p2a: Garchomp\n|-damage|p2a: Garchomp|20/100\n|-unboost|p2a: Garchomp|spd|1\n|\n|upkeep\n|turn|7\n|\n|t:|1782445328\n|move|p1a: Gholdengo|Shadow Ball|p2a: Garchomp\n|-damage|p2a: Garchomp|0 fnt\n|faint|p2a: Garchomp\n|\n|upkeep\n|\n|t:|1782445332\n|switch|p2a: Darkrai|Darkrai|100/100\n|-damage|p2a: Darkrai|88/100|[from] Stealth Rock\n|turn|8\n|inactive|TheCollageDropout has 120 seconds left.\n|l| tsugia\n|\n|t:|1782445370\n|-terastallize|p2a: Darkrai|Dark\n|-terastallize|p1a: Gholdengo|Fighting\n|move|p2a: Darkrai|Dark Pulse|p1a: Gholdengo\n|-resisted|p1a: Gholdengo\n|-damage|p1a: Gholdengo|66/100\n|move|p1a: Gholdengo|Make It Rain|p2a: Darkrai\n|-damage|p2a: Darkrai|0 fnt\n|-unboost|p1a: Gholdengo|spa|1\n|faint|p2a: Darkrai\n|\n|upkeep\n|-message|msean3 forfeited.\n|\n|win|TheCollageDropout\n|raw|TheCollageDropout's rating: 1440 &rarr; <strong>1462</strong><br />(+22 for winning)\n|raw|msean3's rating: 1477 &rarr; <strong>1455</strong><br />(-22 for losing)\n", "uploadtime": 1782445377, "views": 16, "formatid": "gen9ou", "rating": 1455, "private": 0, "password": null}