{"id": "gen9ou-2540879491", "format": "[Gen 9] OU", "players": ["aver_stall_enjoyer", "zarross"], "log": "|badge|p1|bronze|gen9ru|100-8\n|uhtml|medal-msg|<div class=\"broadcast-blue\">Curious what those medals under the avatar are? PS now has Ladder Seasons! For more information, check out the <a href=\"https://www.smogon.com/forums/threads/3740067/\">thread on Smogon.</a></div>\n|j|☆aver_stall_enjoyer\n|j|☆zarross\n|t:|1771263317\n|gametype|singles\n|player|p1|aver_stall_enjoyer|2|1758\n|player|p2|zarross|plumeria|1710\n|gen|9\n|tier|[Gen 9] OU\n|rated|\n|rule|HP Percentage Mod: HP is shown in percentages\n|rule|Endless Battle Clause: Forcing endless battles is banned\n|rule|Species Clause: Limit one of each Pokémon\n|rule|OHKO Clause: OHKO moves are banned\n|rule|Evasion Items Clause: Evasion items are banned\n|rule|Evasion Moves Clause: Evasion moves are banned\n|rule|Evasion Abilities Clause: Evasion abilities are banned\n|rule|Sleep Moves Clause: Sleep-inducing moves are banned\n|clearpoke\n|poke|p1|Dondozo, F|\n|poke|p1|Blissey, F|\n|poke|p1|Corviknight, M|\n|poke|p1|Gliscor, M|\n|poke|p1|Kingambit, M|\n|poke|p1|Garganacl, M|\n|poke|p2|Dondozo, F|\n|poke|p2|Gliscor, F|\n|poke|p2|Weezing-Galar, M|\n|poke|p2|Blissey, F|\n|poke|p2|Corviknight, F|\n|poke|p2|Amoonguss, F|\n|teampreview\n|inactive|Battle timer is ON: inactive players will automatically lose when time's up. (requested by zarross)\n|\n|t:|1771263337\n|teamsize|p1|6\n|teamsize|p2|6\n|start\n|switch|p1a: Gliscor|Gliscor, M|100/100\n|switch|p2a: Gliscor|Gliscor, F|100/100\n|turn|1\n|\n|t:|1771263341\n|move|p1a: Gliscor|Knock Off|p2a: Gliscor\n|-damage|p2a: Gliscor|86/100\n|-enditem|p2a: Gliscor|Toxic Orb|[from] move: Knock Off|[of] p1a: Gliscor\n|move|p2a: Gliscor|Knock Off|p1a: Gliscor\n|-damage|p1a: Gliscor|83/100\n|-enditem|p1a: Gliscor|Toxic Orb|[from] move: Knock Off|[of] p2a: Gliscor\n|\n|upkeep\n|turn|2\n|\n|t:|1771263349\n|move|p1a: Gliscor|Spikes|p2a: Gliscor\n|-sidestart|p2: zarross|Spikes\n|move|p2a: Gliscor|Stealth Rock|p1a: Gliscor\n|-sidestart|p1: aver_stall_enjoyer|move: Stealth Rock\n|\n|upkeep\n|turn|3\n|\n|t:|1771263353\n|move|p1a: Gliscor|Spikes|p2a: Gliscor\n|-sidestart|p2: zarross|Spikes\n|move|p2a: Gliscor|Knock Off|p1a: Gliscor\n|-damage|p1a: Gliscor|71/100\n|\n|upkeep\n|turn|4\n|\n|t:|1771263357\n|move|p1a: Gliscor|Spikes|p2a: Gliscor\n|-sidestart|p2: zarross|Spikes\n|move|p2a: Gliscor|Knock Off|p1a: Gliscor\n|-damage|p1a: Gliscor|59/100\n|\n|upkeep\n|turn|5\n|\n|t:|1771263366\n|switch|p1a: Corviknight|Corviknight, M|100/100\n|-damage|p1a: Corviknight|88/100|[from] Stealth Rock\n|-ability|p1a: Corviknight|Pressure\n|move|p2a: Gliscor|Knock Off|p1a: Corviknight\n|-damage|p1a: Corviknight|74/100\n|-damage|p2a: Gliscor|70/100|[from] item: Rocky Helmet|[of] p1a: Corviknight\n|-enditem|p1a: Corviknight|Rocky Helmet|[from] move: Knock Off|[of] p2a: Gliscor\n|\n|upkeep\n|turn|6\n|\n|t:|1771263370\n|switch|p2a: Weezing|Weezing-Galar, M|100/100\n|-ability|p2a: Weezing|Neutralizing Gas\n|move|p1a: Corviknight|Iron Defense|p1a: Corviknight\n|-boost|p1a: Corviknight|def|2\n|\n|upkeep\n|turn|7\n|\n|t:|1771263374\n|switch|p1a: Gliscor|Gliscor, M|59/100\n|-damage|p1a: Gliscor|47/100|[from] Stealth Rock\n|move|p2a: Weezing|Will-O-Wisp|p1a: Gliscor|[miss]\n|-miss|p2a: Weezing|p1a: Gliscor\n|\n|upkeep\n|turn|8\n|\n|t:|1771263379\n|-end|p2a: Weezing|ability: Neutralizing Gas\n|switch|p2a: Gliscor|Gliscor, F|70/100\n|move|p1a: Gliscor|Knock Off|p2a: Gliscor\n|-damage|p2a: Gliscor|61/100\n|\n|upkeep\n|turn|9\n|\n|t:|1771263383\n|switch|p1a: Garganacl|Garganacl, M|100/100\n|-damage|p1a: Garganacl|88/100|[from] Stealth Rock\n|move|p2a: Gliscor|Knock Off|p1a: Garganacl\n|-damage|p1a: Garganacl|75/100\n|-enditem|p1a: Garganacl|Leftovers|[from] move: Knock Off|[of] p2a: Gliscor\n|\n|upkeep\n|turn|10\n|\n|t:|1771263394\n|switch|p2a: Weezing|Weezing-Galar, M|100/100\n|-ability|p2a: Weezing|Neutralizing Gas\n|move|p1a: Garganacl|Stealth Rock|p2a: Weezing\n|-sidestart|p2: zarross|move: Stealth Rock\n|\n|upkeep\n|turn|11\n|\n|t:|1771263398\n|move|p2a: Weezing|Will-O-Wisp|p1a: Garganacl\n|-status|p1a: Garganacl|brn\n|move|p1a: Garganacl|Salt Cure|p2a: Weezing\n|-crit|p2a: Weezing\n|-damage|p2a: Weezing|93/100\n|-start|p2a: Weezing|Salt Cure\n|\n|-damage|p1a: Garganacl|69/100 brn|[from] brn\n|-damage|p2a: Weezing|81/100|[from] Salt Cure\n|upkeep\n|turn|12\n|\n|t:|1771263403\n|move|p2a: Weezing|Defog|p1a: Garganacl\n|-unboost|p1a: Garganacl|evasion|1\n|-sideend|p1: aver_stall_enjoyer|Stealth Rock|[from] move: Defog|[of] p2a: Weezing\n|-sideend|p2: zarross|Spikes|[from] move: Defog|[of] p2a: Weezing\n|-sideend|p2: zarross|Stealth Rock|[from] move: Defog|[of] p2a: Weezing\n|move|p1a: Garganacl|Recover|p1a: Garganacl\n|-heal|p1a: Garganacl|100/100 brn\n|\n|-damage|p1a: Garganacl|94/100 brn|[from] brn\n|-damage|p2a: Weezing|68/100|[from] Salt Cure\n|upkeep\n|turn|13\n|\n|t:|1771263410\n|move|p2a: Weezing|Will-O-Wisp|p1a: Garganacl\n|-fail|p1a: Garganacl|brn\n|move|p1a: Garganacl|Stealth Rock|p2a: Weezing\n|-sidestart|p2: zarross|move: Stealth Rock\n|\n|-damage|p1a: Garganacl|88/100 brn|[from] brn\n|-damage|p2a: Weezing|56/100|[from] Salt Cure\n|upkeep\n|turn|14\n|\n|t:|1771263416\n|switch|p1a: Gliscor|Gliscor, M|47/100\n|move|p2a: Weezing|Defog|p1a: Gliscor\n|-unboost|p1a: Gliscor|evasion|1\n|-sideend|p2: zarross|Stealth Rock|[from] move: Defog|[of] p2a: Weezing\n|\n|-damage|p2a: Weezing|44/100|[from] Salt Cure\n|upkeep\n|turn|15\n|\n|t:|1771263420\n|-end|p2a: Weezing|ability: Neutralizing Gas\n|switch|p2a: Gliscor|Gliscor, F|61/100\n|move|p1a: Gliscor|Protect||[still]\n|-fail|p1a: Gliscor\n|\n|upkeep\n|turn|16\n|\n|t:|1771263423\n|move|p1a: Gliscor|Spikes|p2a: Gliscor\n|-sidestart|p2: zarross|Spikes\n|move|p2a: Gliscor|Stealth Rock|p1a: Gliscor\n|-sidestart|p1: aver_stall_enjoyer|move: Stealth Rock\n|\n|upkeep\n|turn|17\n|\n|t:|1771263428\n|switch|p1a: Corviknight|Corviknight, M|74/100\n|-damage|p1a: Corviknight|62/100|[from] Stealth Rock\n|-ability|p1a: Corviknight|Pressure\n|move|p2a: Gliscor|Knock Off|p1a: Corviknight\n|-damage|p1a: Corviknight|54/100\n|\n|upkeep\n|turn|18\n|\n|t:|1771263431\n|switch|p2a: Weezing|Weezing-Galar, M|44/100\n|-ability|p2a: Weezing|Neutralizing Gas\n|move|p1a: Corviknight|Roost|p1a: Corviknight\n|-heal|p1a: Corviknight|100/100\n|-singleturn|p1a: Corviknight|move: Roost\n|\n|upkeep\n|turn|19\n|\n|t:|1771263435\n|switch|p1a: Garganacl|Garganacl, M|88/100 brn\n|-damage|p1a: Garganacl|76/100 brn|[from] Stealth Rock\n|move|p2a: Weezing|Flamethrower|p1a: Garganacl\n|-resisted|p1a: Garganacl\n|-damage|p1a: Garganacl|70/100 brn\n|\n|-damage|p1a: Garganacl|64/100 brn|[from] brn\n|upkeep\n|turn|20\n|\n|t:|1771263444\n|move|p2a: Weezing|Flamethrower|p1a: Garganacl\n|-resisted|p1a: Garganacl\n|-damage|p1a: Garganacl|58/100 brn\n|move|p1a: Garganacl|Salt Cure|p2a: Weezing\n|-damage|p2a: Weezing|39/100\n|-start|p2a: Weezing|Salt Cure\n|\n|-damage|p1a: Garganacl|51/100 brn|[from] brn\n|-damage|p2a: Weezing|26/100|[from] Salt Cure\n|upkeep\n|turn|21\n|\n|t:|1771263454\n|-end|p2a: Weezing|ability: Neutralizing Gas\n|switch|p2a: Amoonguss|Amoonguss, F, shiny|100/100\n|-damage|p2a: Amoonguss|88/100|[from] Spikes\n|move|p1a: Garganacl|Stealth Rock|p2a: Amoonguss\n|-sidestart|p2: zarross|move: Stealth Rock\n|\n|-damage|p1a: Garganacl|45/100 brn|[from] brn\n|upkeep\n|turn|22\n|\n|t:|1771263459\n|move|p2a: Amoonguss|Seed Bomb|p1a: Garganacl\n|-supereffective|p1a: Garganacl\n|-damage|p1a: Garganacl|13/100 brn\n|move|p1a: Garganacl|Recover|p1a: Garganacl\n|-heal|p1a: Garganacl|63/100 brn\n|\n|-damage|p1a: Garganacl|56/100 brn|[from] brn\n|upkeep\n|turn|23\n|\n|t:|1771263465\n|move|p1a: Garganacl|Protect|p1a: Garganacl\n|-singleturn|p1a: Garganacl|Protect\n|move|p2a: Amoonguss|Seed Bomb|p1a: Garganacl\n|-activate|p1a: Garganacl|move: Protect\n|\n|-damage|p1a: Garganacl|50/100 brn|[from] brn\n|upkeep\n|turn|24\n|\n|t:|1771263472\n|switch|p1a: Corviknight|Corviknight, M|100/100\n|-damage|p1a: Corviknight|88/100|[from] Stealth Rock\n|-ability|p1a: Corviknight|Pressure\n|move|p2a: Amoonguss|Seed Bomb|p1a: Corviknight\n|-resisted|p1a: Corviknight\n|-damage|p1a: Corviknight|84/100\n|\n|upkeep\n|turn|25\n|\n|t:|1771263477\n|switch|p2a: Weezing|Weezing-Galar, M|26/100\n|-ability|p2a: Weezing|Neutralizing Gas\n|move|p1a: Corviknight|Iron Defense|p1a: Corviknight\n|-boost|p1a: Corviknight|def|2\n|\n|upkeep\n|turn|26\n|\n|t:|1771263482\n|switch|p1a: Garganacl|Garganacl, M|50/100 brn\n|-damage|p1a: Garganacl|38/100 brn|[from] Stealth Rock\n|move|p2a: Weezing|Pain Split|p1a: Garganacl\n|-sethp|p1a: Garganacl|30/100 brn|[from] move: Pain Split|[silent]\n|-sethp|p2a: Weezing|36/100|[from] move: Pain Split\n|\n|-damage|p1a: Garganacl|24/100 brn|[from] brn\n|upkeep\n|turn|27\n|\n|t:|1771263492\n|-end|p2a: Weezing|ability: Neutralizing Gas\n|switch|p2a: Amoonguss|Amoonguss, F, shiny|100/100\n|-damage|p2a: Amoonguss|88/100|[from] Spikes\n|-damage|p2a: Amoonguss|76/100|[from] Stealth Rock\n|move|p1a: Garganacl|Salt Cure|p2a: Amoonguss\n|-damage|p2a: Amoonguss|69/100\n|-start|p2a: Amoonguss|Salt Cure\n|\n|-damage|p1a: Garganacl|17/100 brn|[from] brn\n|-damage|p2a: Amoonguss|57/100|[from] Salt Cure\n|upkeep\n|turn|28\n|\n|t:|1771263505\n|switch|p1a: Kingambit|Kingambit, M|100/100\n|-damage|p1a: Kingambit|94/100|[from] Stealth Rock\n|move|p2a: Amoonguss|Seed Bomb|p1a: Kingambit\n|-resisted|p1a: Kingambit\n|-damage|p1a: Kingambit|84/100\n|\n|-heal|p1a: Kingambit|90/100|[from] item: Leftovers\n|-damage|p2a: Amoonguss|45/100|[from] Salt Cure\n|upkeep\n|turn|29\n|j| GavilarKholin\n|\n|t:|1771263512\n|switch|p2a: Dondozo|Dondozo, F|100/100\n|-damage|p2a: Dondozo|88/100|[from] Spikes\n|-damage|p2a: Dondozo|75/100|[from] Stealth Rock\n|move|p1a: Kingambit|Kowtow Cleave|p2a: Dondozo\n|-damage|p2a: Dondozo|52/100\n|\n|-heal|p1a: Kingambit|96/100|[from] item: Leftovers\n|-heal|p2a: Dondozo|58/100|[from] item: Leftovers\n|upkeep\n|turn|30\n|\n|t:|1771263519\n|-end|p1a: Kingambit|fallenundefined|[silent]\n|switch|p1a: Corviknight|Corviknight, M|84/100\n|-damage|p1a: Corviknight|72/100|[from] Stealth Rock\n|-ability|p1a: Corviknight|Pressure\n|move|p2a: Dondozo|Body Press|p1a: Corviknight\n|-damage|p1a: Corviknight|56/100\n|\n|-heal|p2a: Dondozo|64/100|[from] item: Leftovers\n|upkeep\n|turn|31\n|\n|t:|1771263524\n|switch|p2a: Weezing|Weezing-Galar, M|36/100\n|-ability|p2a: Weezing|Neutralizing Gas\n|move|p1a: Corviknight|Roost|p1a: Corviknight\n|-heal|p1a: Corviknight|100/100\n|-singleturn|p1a: Corviknight|move: Roost\n|\n|upkeep\n|turn|32\n|\n|t:|1771263528\n|switch|p1a: Garganacl|Garganacl, M|17/100 brn\n|-damage|p1a: Garganacl|5/100 brn|[from] Stealth Rock\n|move|p2a: Weezing|Defog|p1a: Garganacl\n|-unboost|p1a: Garganacl|evasion|1\n|-sideend|p1: aver_stall_enjoyer|Stealth Rock|[from] move: Defog|[of] p2a: Weezing\n|-sideend|p2: zarross|Spikes|[from] move: Defog|[of] p2a: Weezing\n|-sideend|p2: zarross|Stealth Rock|[from] move: Defog|[of] p2a: Weezing\n|\n|-damage|p1a: Garganacl|0 fnt|[from] brn\n|faint|p1a: Garganacl\n|upkeep\n|\n|t:|1771263534\n|switch|p1a: Kingambit|Kingambit, M|96/100\n|turn|33\n|\n|t:|1771263537\n|-end|p2a: Weezing|ability: Neutralizing Gas\n|-activate|p1a: Kingambit|ability: Supreme Overlord\n|-start|p1a: Kingambit|fallen1|[silent]\n|switch|p2a: Dondozo|Dondozo, F|64/100\n|move|p1a: Kingambit|Iron Head|p2a: Dondozo\n|-resisted|p2a: Dondozo\n|-damage|p2a: Dondozo|52/100\n|\n|-heal|p1a: Kingambit|100/100|[from] item: Leftovers\n|-heal|p2a: Dondozo|58/100|[from] item: Leftovers\n|upkeep\n|turn|34\n|\n|t:|1771263553\n|-end|p1a: Kingambit|fallen1|[silent]\n|switch|p1a: Dondozo|Dondozo, F|100/100\n|move|p2a: Dondozo|Body Press|p1a: Dondozo\n|-damage|p1a: Dondozo|89/100\n|\n|-heal|p2a: Dondozo|64/100|[from] item: Leftovers\n|upkeep\n|turn|35\n|\n|t:|1771263557\n|switch|p2a: Amoonguss|Amoonguss, F, shiny|78/100\n|move|p1a: Dondozo|Body Press|p2a: Amoonguss\n|-resisted|p2a: Amoonguss\n|-damage|p2a: Amoonguss|64/100\n|\n|upkeep\n|turn|36\n|\n|t:|1771263562\n|switch|p1a: Kingambit|Kingambit, M|100/100\n|-activate|p1a: Kingambit|ability: Supreme Overlord\n|-start|p1a: Kingambit|fallen1|[silent]\n|switch|p2a: Corviknight|Corviknight, F, shiny|100/100\n|-ability|p2a: Corviknight|Pressure\n|\n|upkeep\n|turn|37\n|j| imSilverLike\n|\n|t:|1771263571\n|switch|p2a: Dondozo|Dondozo, F|64/100\n|move|p1a: Kingambit|Swords Dance|p1a: Kingambit\n|-boost|p1a: Kingambit|atk|2\n|\n|-heal|p2a: Dondozo|71/100|[from] item: Leftovers\n|upkeep\n|turn|38\n|\n|t:|1771263579\n|-end|p1a: Kingambit|fallen1|[silent]\n|switch|p1a: Dondozo|Dondozo, F|89/100\n|move|p2a: Dondozo|Body Press|p1a: Dondozo\n|-damage|p1a: Dondozo|77/100\n|\n|-heal|p2a: Dondozo|77/100|[from] item: Leftovers\n|upkeep\n|turn|39\n|\n|t:|1771263583\n|switch|p2a: Amoonguss|Amoonguss, F, shiny|97/100\n|move|p1a: Dondozo|Avalanche|p2a: Amoonguss\n|-supereffective|p2a: Amoonguss\n|-damage|p2a: Amoonguss|66/100\n|\n|upkeep\n|turn|40\n|\n|t:|1771263592\n|switch|p1a: Corviknight|Corviknight, M|100/100\n|-ability|p1a: Corviknight|Pressure\n|move|p2a: Amoonguss|Foul Play|p1a: Corviknight\n|-damage|p1a: Corviknight|90/100\n|\n|upkeep\n|turn|41\n|\n|t:|1771263596\n|switch|p2a: Gliscor|Gliscor, F|61/100\n|move|p1a: Corviknight|Body Press|p2a: Gliscor\n|-resisted|p2a: Gliscor\n|-damage|p2a: Gliscor|52/100\n|\n|upkeep\n|turn|42\n|\n|t:|1771263600\n|move|p2a: Gliscor|Stealth Rock|p1a: Corviknight\n|-sidestart|p1: aver_stall_enjoyer|move: Stealth Rock\n|move|p1a: Corviknight|Iron Defense|p1a: Corviknight\n|-boost|p1a: Corviknight|def|2\n|\n|upkeep\n|turn|43\n|\n|t:|1771263604\n|switch|p2a: Weezing|Weezing-Galar, M|36/100\n|-ability|p2a: Weezing|Neutralizing Gas\n|move|p1a: Corviknight|Defog|p2a: Weezing\n|-unboost|p2a: Weezing|evasion|1\n|-sideend|p1: aver_stall_enjoyer|Stealth Rock|[from] move: Defog|[of] p1a: Corviknight\n|\n|upkeep\n|turn|44\n|\n|t:|1771263607\n|switch|p1a: Kingambit|Kingambit, M|100/100\n|move|p2a: Weezing|Pain Split|p1a: Kingambit\n|-sethp|p1a: Kingambit|68/100|[from] move: Pain Split|[silent]\n|-sethp|p2a: Weezing|70/100|[from] move: Pain Split\n|\n|-heal|p1a: Kingambit|74/100|[from] item: Leftovers\n|upkeep\n|turn|45\n|\n|t:|1771263611\n|-end|p2a: Weezing|ability: Neutralizing Gas\n|-activate|p1a: Kingambit|ability: Supreme Overlord\n|-start|p1a: Kingambit|fallen1|[silent]\n|switch|p2a: Dondozo|Dondozo, F|77/100\n|move|p1a: Kingambit|Iron Head|p2a: Dondozo\n|-resisted|p2a: Dondozo\n|-damage|p2a: Dondozo|66/100\n|\n|-heal|p1a: Kingambit|80/100|[from] item: Leftovers\n|-heal|p2a: Dondozo|72/100|[from] item: Leftovers\n|upkeep\n|turn|46\n|\n|t:|1771263622\n|-end|p1a: Kingambit|fallen1|[silent]\n|switch|p1a: Dondozo|Dondozo, F|77/100\n|switch|p2a: Corviknight|Corviknight, F, shiny|100/100\n|-ability|p2a: Corviknight|Pressure\n|\n|upkeep\n|turn|47\n|\n|t:|1771263625\n|switch|p2a: Amoonguss|Amoonguss, F, shiny|99/100\n|move|p1a: Dondozo|Body Press|p2a: Amoonguss\n|-resisted|p2a: Amoonguss\n|-damage|p2a: Amoonguss|85/100\n|\n|upkeep\n|turn|48\n|\n|t:|1771263631\n|switch|p1a: Joseph Stallin|Blissey, F|100/100\n|move|p2a: Amoonguss|Foul Play|p1a: Joseph Stallin\n|-damage|p1a: Joseph Stallin|98/100\n|\n|upkeep\n|turn|49\n|\n|t:|1771263644\n|switch|p2a: Gliscor|Gliscor, F|52/100\n|move|p1a: Joseph Stallin|Seismic Toss|p2a: Gliscor\n|-damage|p2a: Gliscor|24/100\n|\n|upkeep\n|turn|50\n|j| donothan dozo\n|\n|t:|1771263658\n|move|p2a: Gliscor|Toxic|p1a: Joseph Stallin\n|-status|p1a: Joseph Stallin|tox\n|move|p1a: Joseph Stallin|Seismic Toss|p2a: Gliscor\n|-damage|p2a: Gliscor|0 fnt\n|faint|p2a: Gliscor\n|\n|-damage|p1a: Joseph Stallin|92/100 tox|[from] psn\n|upkeep\n|\n|t:|1771263660\n|switch|p2a: Weezing|Weezing-Galar, M|70/100\n|-ability|p2a: Weezing|Neutralizing Gas\n|turn|51\n|\n|t:|1771263670\n|switch|p1a: Dondozo|Dondozo, F|77/100\n|move|p2a: Weezing|Will-O-Wisp|p1a: Dondozo\n|-status|p1a: Dondozo|brn\n|\n|-damage|p1a: Dondozo|71/100 brn|[from] brn\n|upkeep\n|turn|52\n|\n|t:|1771263680\n|-end|p2a: Weezing|ability: Neutralizing Gas\n|switch|p2a: Amoonguss|Amoonguss, F, shiny|100/100\n|move|p1a: Dondozo|Rest|p1a: Dondozo\n|-status|p1a: Dondozo|slp|[from] move: Rest\n|-heal|p1a: Dondozo|100/100 slp|[silent]\n|\n|upkeep\n|turn|53\n|\n|t:|1771263684\n|switch|p2a: Weezing|Weezing-Galar, M|70/100\n|-ability|p2a: Weezing|Neutralizing Gas\n|switch|p1a: Joseph Stallin|Blissey, F|92/100 tox\n|\n|-damage|p1a: Joseph Stallin|86/100 tox|[from] psn\n|upkeep\n|turn|54\n|l| donothan dozo\n|\n|t:|1771263691\n|switch|p1a: Dondozo|Dondozo, F|100/100 slp\n|move|p2a: Weezing|Flamethrower|p1a: Dondozo\n|-resisted|p1a: Dondozo\n|-damage|p1a: Dondozo|91/100 slp\n|\n|upkeep\n|turn|55\n|j| donothan dozo\n|\n|t:|1771263697\n|move|p2a: Weezing|Pain Split|p1a: Dondozo\n|-sethp|p1a: Dondozo|68/100 slp|[from] move: Pain Split|[silent]\n|-sethp|p2a: Weezing|100/100|[from] move: Pain Split\n|cant|p1a: Dondozo|slp\n|move|p1a: Dondozo|Sleep Talk|p1a: Dondozo\n|move|p1a: Dondozo|Rest||[from] move: Sleep Talk|[still]\n|-fail|p1a: Dondozo\n|\n|upkeep\n|turn|56\n|\n|t:|1771263706\n|-end|p2a: Weezing|ability: Neutralizing Gas\n|switch|p2a: Amoonguss|Amoonguss, F, shiny|100/100\n|cant|p1a: Dondozo|slp\n|move|p1a: Dondozo|Sleep Talk|p1a: Dondozo\n|move|p1a: Dondozo|Avalanche|p2a: Amoonguss|[from] move: Sleep Talk\n|-supereffective|p2a: Amoonguss\n|-damage|p2a: Amoonguss|73/100\n|\n|upkeep\n|turn|57\n|\n|t:|1771263711\n|switch|p2a: Weezing|Weezing-Galar, M|100/100\n|-ability|p2a: Weezing|Neutralizing Gas\n|switch|p1a: Kingambit|Kingambit, M|80/100\n|\n|-heal|p1a: Kingambit|86/100|[from] item: Leftovers\n|upkeep\n|turn|58\n|\n|t:|1771263717\n|move|p1a: Kingambit|Iron Head|p2a: Weezing\n|-supereffective|p2a: Weezing\n|-damage|p2a: Weezing|42/100\n|move|p2a: Weezing|Will-O-Wisp|p1a: Kingambit\n|-status|p1a: Kingambit|brn\n|\n|-heal|p1a: Kingambit|92/100 brn|[from] item: Leftovers\n|-damage|p1a: Kingambit|86/100 brn|[from] brn\n|upkeep\n|turn|59\n|\n|t:|1771263723\n|-end|p2a: Weezing|ability: Neutralizing Gas\n|-activate|p1a: Kingambit|ability: Supreme Overlord\n|-start|p1a: Kingambit|fallen1|[silent]\n|switch|p2a: Dondozo|Dondozo, F|72/100\n|move|p1a: Kingambit|Kowtow Cleave|p2a: Dondozo\n|-damage|p2a: Dondozo|59/100\n|\n|-heal|p1a: Kingambit|92/100 brn|[from] item: Leftovers\n|-heal|p2a: Dondozo|65/100|[from] item: Leftovers\n|-damage|p1a: Kingambit|86/100 brn|[from] brn\n|upkeep\n|turn|60\n|\n|t:|1771263729\n|-end|p1a: Kingambit|fallen1|[silent]\n|switch|p1a: Joseph Stallin|Blissey, F|86/100 tox\n|switch|p2a: Corviknight|Corviknight, F, shiny|100/100\n|-ability|p2a: Corviknight|Pressure\n|\n|-damage|p1a: Joseph Stallin|79/100 tox|[from] psn\n|upkeep\n|turn|61\n|\n|t:|1771263731\n|switch|p2a: Weezing|Weezing-Galar, M|42/100\n|-ability|p2a: Weezing|Neutralizing Gas\n|switch|p1a: Dondozo|Dondozo, F|68/100 slp\n|\n|upkeep\n|turn|62\n|\n|t:|1771263737\n|move|p2a: Weezing|Pain Split|p1a: Dondozo\n|-sethp|p1a: Dondozo|48/100 slp|[from] move: Pain Split|[silent]\n|-sethp|p2a: Weezing|73/100|[from] move: Pain Split\n|-curestatus|p1a: Dondozo|slp|[msg]\n|move|p1a: Dondozo|Sleep Talk||[still]\n|-fail|p1a: Dondozo\n|\n|upkeep\n|turn|63\n|\n|t:|1771263744\n|move|p2a: Weezing|Will-O-Wisp|p1a: Dondozo\n|-status|p1a: Dondozo|brn\n|move|p1a: Dondozo|Rest|p1a: Dondozo\n|-status|p1a: Dondozo|slp|[from] move: Rest\n|-heal|p1a: Dondozo|100/100 slp|[silent]\n|\n|upkeep\n|turn|64\n|\n|t:|1771263750\n|-end|p2a: Weezing|ability: Neutralizing Gas\n|switch|p2a: Amoonguss|Amoonguss, F, shiny|100/100\n|cant|p1a: Dondozo|slp\n|move|p1a: Dondozo|Sleep Talk|p1a: Dondozo\n|move|p1a: Dondozo|Avalanche|p2a: Amoonguss|[from] move: Sleep Talk\n|-supereffective|p2a: Amoonguss\n|-damage|p2a: Amoonguss|68/100\n|\n|upkeep\n|turn|65\n|\n|t:|1771263756\n|switch|p2a: Weezing|Weezing-Galar, M|73/100\n|-ability|p2a: Weezing|Neutralizing Gas\n|switch|p1a: Kingambit|Kingambit, M|86/100 brn\n|\n|-heal|p1a: Kingambit|92/100 brn|[from] item: Leftovers\n|-damage|p1a: Kingambit|86/100 brn|[from] brn\n|upkeep\n|turn|66\n|\n|t:|1771263764\n|-end|p2a: Weezing|ability: Neutralizing Gas\n|-activate|p1a: Kingambit|ability: Supreme Overlord\n|-start|p1a: Kingambit|fallen1|[silent]\n|switch|p2a: Dondozo|Dondozo, F|65/100\n|move|p1a: Kingambit|Kowtow Cleave|p2a: Dondozo\n|-damage|p2a: Dondozo|53/100\n|\n|-heal|p1a: Kingambit|92/100 brn|[from] item: Leftovers\n|-heal|p2a: Dondozo|60/100|[from] item: Leftovers\n|-damage|p1a: Kingambit|86/100 brn|[from] brn\n|upkeep\n|turn|67\n|\n|t:|1771263770\n|-end|p1a: Kingambit|fallen1|[silent]\n|switch|p1a: Dondozo|Dondozo, F|100/100 slp\n|move|p2a: Dondozo|Crunch|p1a: Dondozo\n|-damage|p1a: Dondozo|93/100 slp\n|\n|-heal|p2a: Dondozo|66/100|[from] item: Leftovers\n|upkeep\n|turn|68\n|\n|t:|1771263773\n|switch|p2a: Weezing|Weezing-Galar, M|73/100\n|-ability|p2a: Weezing|Neutralizing Gas\n|cant|p1a: Dondozo|slp\n|move|p1a: Dondozo|Sleep Talk|p1a: Dondozo\n|move|p1a: Dondozo|Rest||[from] move: Sleep Talk|[still]\n|-fail|p1a: Dondozo\n|\n|upkeep\n|turn|69\n|\n|t:|1771263779\n|switch|p1a: Kingambit|Kingambit, M|86/100 brn\n|move|p2a: Weezing|Flamethrower|p1a: Kingambit\n|-supereffective|p1a: Kingambit\n|-damage|p1a: Kingambit|47/100 brn\n|\n|-heal|p1a: Kingambit|53/100 brn|[from] item: Leftovers\n|-damage|p1a: Kingambit|47/100 brn|[from] brn\n|upkeep\n|turn|70\n|\n|t:|1771263788\n|-end|p2a: Weezing|ability: Neutralizing Gas\n|-activate|p1a: Kingambit|ability: Supreme Overlord\n|-start|p1a: Kingambit|fallen1|[silent]\n|switch|p2a: Dondozo|Dondozo, F|66/100\n|move|p1a: Kingambit|Iron Head|p2a: Dondozo\n|-resisted|p2a: Dondozo\n|-damage|p2a: Dondozo|60/100\n|\n|-heal|p1a: Kingambit|53/100 brn|[from] item: Leftovers\n|-heal|p2a: Dondozo|66/100|[from] item: Leftovers\n|-damage|p1a: Kingambit|47/100 brn|[from] brn\n|upkeep\n|turn|71\n|\n|t:|1771263795\n|-end|p1a: Kingambit|fallen1|[silent]\n|switch|p1a: Dondozo|Dondozo, F|93/100 slp\n|move|p2a: Dondozo|Body Press|p1a: Dondozo\n|-damage|p1a: Dondozo|80/100 slp\n|\n|-heal|p2a: Dondozo|72/100|[from] item: Leftovers\n|upkeep\n|turn|72\n|\n|t:|1771263804\n|switch|p2a: Weezing|Weezing-Galar, M|73/100\n|-ability|p2a: Weezing|Neutralizing Gas\n|-curestatus|p1a: Dondozo|slp|[msg]\n|move|p1a: Dondozo|Body Press|p2a: Weezing\n|-resisted|p2a: Weezing\n|-damage|p2a: Weezing|69/100\n|\n|upkeep\n|turn|73\n|j| mak7xz\n|\n|t:|1771263811\n|switch|p1a: Gliscor|Gliscor, M|47/100\n|move|p2a: Weezing|Flamethrower|p1a: Gliscor\n|-damage|p1a: Gliscor|30/100\n|-status|p1a: Gliscor|brn\n|\n|-damage|p1a: Gliscor|24/100 brn|[from] brn\n|upkeep\n|turn|74\n|-message|aver_stall_enjoyer forfeited.\n|\n|win|zarross\n|raw|aver_stall_enjoyer's rating: 1758 &rarr; <strong>1735</strong><br />(-23 for losing)\n|raw|zarross's rating: 1710 &rarr; <strong>1733</strong><br />(+23 for winning)\n|l|☆aver_stall_enjoyer\n|player|p1|\n|l|☆zarross\n|player|p2|\n|l| mak7xz\n|l| imSilverLike\n|j| imSilverLike\n", "uploadtime": 1771263964, "views": 5, "formatid": "gen9ou", "rating": 1733, "private": 0, "password": null}