{"id": "gen9ou-2540520358", "format": "[Gen 9] OU", "players": ["tommytt22", "Tankman123"], "log": "|j|☆tommytt22\n|j|☆Tankman123\n|t:|1771212408\n|gametype|singles\n|player|p1|tommytt22|265|1661\n|player|p2|Tankman123|169|1624\n|gen|9\n|tier|[Gen 9] OU\n|rated|\n|rule|HP Percentage Mod: HP is shown in percentages\n|rule|Endless Battle Clause: Forcing endless battles is banned\n|rule|Species Clause: Limit one of each Pokémon\n|rule|OHKO Clause: OHKO moves are banned\n|rule|Evasion Items Clause: Evasion items are banned\n|rule|Evasion Moves Clause: Evasion moves are banned\n|rule|Evasion Abilities Clause: Evasion abilities are banned\n|rule|Sleep Moves Clause: Sleep-inducing moves are banned\n|clearpoke\n|poke|p1|Rillaboom, F|\n|poke|p1|Lilligant-Hisui, F|\n|poke|p1|Ogerpon-Wellspring, F|\n|poke|p1|Cinderace, M|\n|poke|p1|Ting-Lu|\n|poke|p1|Gholdengo|\n|poke|p2|Zarude|\n|poke|p2|Pecharunt|\n|poke|p2|Blissey, F|\n|poke|p2|Gliscor, F|\n|poke|p2|Keldeo-Resolute|\n|poke|p2|Gholdengo|\n|teampreview\n|inactive|Battle timer is ON: inactive players will automatically lose when time's up. (requested by Tankman123)\n|j| unkindlednapalm\n|inactive|tommytt22 has 120 seconds left.\n|\n|t:|1771212466\n|teamsize|p1|6\n|teamsize|p2|6\n|start\n|switch|p1a: Rillaboom|Rillaboom, F|100/100\n|switch|p2a: Pecharunt|Pecharunt|100/100\n|-fieldstart|move: Grassy Terrain|[from] ability: Grassy Surge|[of] p1a: Rillaboom\n|turn|1\n|inactive|Tankman123 has 120 seconds left.\n|j| Golem Rising\n|inactive|Tankman123 has 90 seconds left.\n|inactive|Tankman123 has 60 seconds left.\n|\n|t:|1771212578\n|move|p1a: Rillaboom|Knock Off|p2a: Pecharunt\n|-supereffective|p2a: Pecharunt\n|-damage|p2a: Pecharunt|49/100\n|-enditem|p2a: Pecharunt|Heavy-Duty Boots|[from] move: Knock Off|[of] p1a: Rillaboom\n|move|p2a: Pecharunt|Foul Play|p1a: Rillaboom\n|-crit|p1a: Rillaboom\n|-damage|p1a: Rillaboom|40/100\n|\n|-heal|p1a: Rillaboom|46/100|[from] Grassy Terrain\n|-heal|p2a: Pecharunt|55/100|[from] Grassy Terrain\n|upkeep\n|turn|2\n|\n|t:|1771212587\n|switch|p1a: Gholdengo|Gholdengo|100/100\n|move|p2a: Pecharunt|Recover|p2a: Pecharunt\n|-heal|p2a: Pecharunt|100/100\n|\n|upkeep\n|turn|3\n|l| unkindlednapalm\n|\n|t:|1771212600\n|switch|p2a: Zarude|Zarude|100/100\n|move|p1a: Gholdengo|Trick|p2a: Zarude\n|-activate|p1a: Gholdengo|move: Trick|[of] p2a: Zarude\n|-item|p2a: Zarude|Choice Scarf|[from] move: Trick\n|-item|p1a: Gholdengo|Heavy-Duty Boots|[from] move: Trick\n|\n|upkeep\n|turn|4\n|\n|t:|1771212611\n|switch|p1a: Lilligant|Lilligant-Hisui, F|100/100\n|move|p2a: Zarude|Knock Off|p1a: Lilligant\n|-resisted|p1a: Lilligant\n|-damage|p1a: Lilligant|66/100\n|-enditem|p1a: Lilligant|Loaded Dice|[from] move: Knock Off|[of] p2a: Zarude\n|\n|-heal|p1a: Lilligant|72/100|[from] Grassy Terrain\n|upkeep\n|turn|5\n|\n|t:|1771212625\n|switch|p2a: Pecharunt|Pecharunt|100/100\n|move|p1a: Lilligant|Victory Dance|p1a: Lilligant\n|-boost|p1a: Lilligant|atk|1\n|-boost|p1a: Lilligant|def|1\n|-boost|p1a: Lilligant|spe|1\n|\n|-heal|p1a: Lilligant|78/100|[from] Grassy Terrain\n|-fieldend|move: Grassy Terrain\n|upkeep\n|turn|6\n|\n|t:|1771212634\n|switch|p1a: Ting-Lu|Ting-Lu|100/100\n|-ability|p1a: Ting-Lu|Vessel of Ruin\n|move|p2a: Pecharunt|Malignant Chain|p1a: Ting-Lu\n|-resisted|p1a: Ting-Lu\n|-damage|p1a: Ting-Lu|93/100\n|-enditem|p1a: Ting-Lu|Red Card|[of] p2a: Pecharunt\n|drag|p2a: Gholdengo|Gholdengo|100/100\n|\n|upkeep\n|turn|7\n|\n|t:|1771212647\n|switch|p2a: Gliscor|Gliscor, F|100/100\n|move|p1a: Ting-Lu|Spikes|p2a: Gliscor\n|-sidestart|p2: Tankman123|Spikes\n|\n|-status|p2a: Gliscor|tox|[from] item: Toxic Orb\n|upkeep\n|turn|8\n|\n|t:|1771212655\n|move|p2a: Gliscor|Spikes|p1a: Ting-Lu\n|-sidestart|p1: tommytt22|Spikes\n|move|p1a: Ting-Lu|Spikes|p2a: Gliscor\n|-sidestart|p2: Tankman123|Spikes\n|\n|upkeep\n|turn|9\n|\n|t:|1771212660\n|move|p2a: Gliscor|Spikes|p1a: Ting-Lu\n|-sidestart|p1: tommytt22|Spikes\n|move|p1a: Ting-Lu|Spikes|p2a: Gliscor\n|-sidestart|p2: Tankman123|Spikes\n|\n|upkeep\n|turn|10\n|\n|t:|1771212664\n|switch|p1a: Ogerpon|Ogerpon-Wellspring, F|100/100\n|-damage|p1a: Ogerpon|84/100|[from] Spikes\n|move|p2a: Gliscor|Spikes|p1a: Ogerpon\n|-sidestart|p1: tommytt22|Spikes\n|\n|upkeep\n|turn|11\n|\n|t:|1771212672\n|move|p1a: Ogerpon|Swords Dance|p1a: Ogerpon\n|-boost|p1a: Ogerpon|atk|2\n|move|p2a: Gliscor|Toxic|p1a: Ogerpon\n|-status|p1a: Ogerpon|tox\n|\n|-damage|p1a: Ogerpon|78/100 tox|[from] psn\n|upkeep\n|turn|12\n|inactive|Tankman123 has 90 seconds left.\n|\n|t:|1771212683\n|move|p2a: Gliscor|Protect|p2a: Gliscor\n|-singleturn|p2a: Gliscor|Protect\n|move|p1a: Ogerpon|Ivy Cudgel|p2a: Gliscor|[anim] Ivy Cudgel Water\n|-activate|p2a: Gliscor|move: Protect\n|\n|-damage|p1a: Ogerpon|66/100 tox|[from] psn\n|upkeep\n|turn|13\n|inactive|Tankman123 has 90 seconds left.\n|\n|t:|1771212697\n|switch|p2a: Zarude|Zarude|100/100\n|-damage|p2a: Zarude|76/100|[from] Spikes\n|move|p1a: Ogerpon|Ivy Cudgel|p2a: Zarude|[anim] Ivy Cudgel Water\n|-resisted|p2a: Zarude\n|-damage|p2a: Zarude|18/100\n|\n|-damage|p1a: Ogerpon|48/100 tox|[from] psn\n|upkeep\n|turn|14\n|inactive|Tankman123 has 90 seconds left.\n|\n|t:|1771212710\n|move|p2a: Zarude|Knock Off|p1a: Ogerpon\n|-damage|p1a: Ogerpon|5/100 tox\n|move|p1a: Ogerpon|Horn Leech|p2a: Zarude\n|-resisted|p2a: Zarude\n|-damage|p2a: Zarude|0 fnt\n|-heal|p1a: Ogerpon|16/100 tox|[from] drain|[of] p2a: Zarude\n|faint|p2a: Zarude\n|\n|-damage|p1a: Ogerpon|0 fnt|[from] psn\n|faint|p1a: Ogerpon\n|upkeep\n|\n|t:|1771212733\n|switch|p1a: Gholdengo|Gholdengo|100/100\n|switch|p2a: Pecharunt|Pecharunt|100/100\n|-damage|p2a: Pecharunt|75/100|[from] Spikes\n|turn|15\n|\n|t:|1771212741\n|switch|p2a: Blissey|Blissey, F|100/100\n|move|p1a: Gholdengo|Shadow Ball|p2a: Blissey\n|-immune|p2a: Blissey\n|\n|upkeep\n|turn|16\n|\n|t:|1771212752\n|switch|p1a: Lilligant|Lilligant-Hisui, F|78/100\n|-damage|p1a: Lilligant|53/100|[from] Spikes\n|move|p2a: Blissey|Thunder Wave|p1a: Lilligant\n|-status|p1a: Lilligant|par\n|\n|upkeep\n|turn|17\n|\n|t:|1771212772\n|switch|p2a: Gholdengo|Gholdengo|100/100\n|-damage|p2a: Gholdengo|76/100|[from] Spikes\n|move|p1a: Lilligant|Triple Axel|p2a: Gholdengo\n|-resisted|p2a: Gholdengo\n|-damage|p2a: Gholdengo|72/100\n|-resisted|p2a: Gholdengo\n|-damage|p2a: Gholdengo|66/100\n|-resisted|p2a: Gholdengo\n|-damage|p2a: Gholdengo|57/100\n|-hitcount|p2a: Gholdengo|3\n|\n|upkeep\n|turn|18\n|\n|t:|1771212784\n|move|p2a: Gholdengo|Make It Rain|p1a: Lilligant\n|-damage|p1a: Lilligant|0 fnt\n|-unboost|p2a: Gholdengo|spa|1\n|faint|p1a: Lilligant\n|\n|upkeep\n|\n|t:|1771212791\n|switch|p1a: Cinderace|Cinderace, M|100/100\n|turn|19\n|\n|t:|1771212798\n|switch|p2a: Gliscor|Gliscor, F|100/100 tox\n|move|p1a: Cinderace|Pyro Ball|p2a: Gliscor\n|-damage|p2a: Gliscor|63/100 tox\n|\n|-heal|p2a: Gliscor|75/100 tox|[from] ability: Poison Heal\n|upkeep\n|turn|20\n|inactive|Tankman123 has 90 seconds left.\n|\n|t:|1771212806\n|switch|p1a: Gholdengo|Gholdengo|100/100\n|move|p2a: Gliscor|Toxic|p1a: Gholdengo\n|-immune|p1a: Gholdengo|[from] ability: Good as Gold\n|\n|-heal|p2a: Gliscor|88/100 tox|[from] ability: Poison Heal\n|upkeep\n|turn|21\n|\n|t:|1771212813\n|move|p2a: Gliscor|Protect|p2a: Gliscor\n|-singleturn|p2a: Gliscor|Protect\n|move|p1a: Gholdengo|Make It Rain|p2a: Gliscor\n|-activate|p2a: Gliscor|move: Protect\n|\n|-heal|p2a: Gliscor|100/100 tox|[from] ability: Poison Heal\n|upkeep\n|turn|22\n|\n|t:|1771212820\n|switch|p2a: Blissey|Blissey, F|100/100\n|move|p1a: Gholdengo|Make It Rain|p2a: Blissey\n|-crit|p2a: Blissey\n|-damage|p2a: Blissey|73/100\n|-unboost|p1a: Gholdengo|spa|1\n|\n|upkeep\n|turn|23\n|\n|t:|1771212838\n|switch|p1a: Ting-Lu|Ting-Lu|93/100\n|-damage|p1a: Ting-Lu|68/100|[from] Spikes\n|-ability|p1a: Ting-Lu|Vessel of Ruin\n|move|p2a: Blissey|Seismic Toss|p1a: Ting-Lu\n|-damage|p1a: Ting-Lu|45/100\n|\n|upkeep\n|turn|24\n|\n|t:|1771212847\n|switch|p2a: Gliscor|Gliscor, F|100/100 tox\n|move|p1a: Ting-Lu|Payback|p2a: Gliscor\n|-damage|p2a: Gliscor|87/100 tox\n|\n|-heal|p2a: Gliscor|99/100 tox|[from] ability: Poison Heal\n|upkeep\n|turn|25\n|\n|t:|1771212860\n|move|p2a: Gliscor|Toxic|p1a: Ting-Lu\n|-status|p1a: Ting-Lu|tox\n|move|p1a: Ting-Lu|Payback|p2a: Gliscor\n|-damage|p2a: Gliscor|72/100 tox\n|\n|-heal|p2a: Gliscor|84/100 tox|[from] ability: Poison Heal\n|-damage|p1a: Ting-Lu|39/100 tox|[from] psn\n|upkeep\n|turn|26\n|\n|t:|1771212865\n|move|p2a: Gliscor|Earthquake|p1a: Ting-Lu\n|-damage|p1a: Ting-Lu|20/100 tox\n|move|p1a: Ting-Lu|Whirlwind|p2a: Gliscor\n|drag|p2a: Blissey|Blissey, F|73/100\n|\n|-damage|p1a: Ting-Lu|7/100 tox|[from] psn\n|upkeep\n|turn|27\n|\n|t:|1771212870\n|move|p2a: Blissey|Seismic Toss|p1a: Ting-Lu\n|-damage|p1a: Ting-Lu|0 fnt\n|faint|p1a: Ting-Lu\n|\n|upkeep\n|\n|t:|1771212875\n|switch|p1a: Rillaboom|Rillaboom, F|46/100\n|-damage|p1a: Rillaboom|21/100|[from] Spikes\n|-fieldstart|move: Grassy Terrain|[from] ability: Grassy Surge|[of] p1a: Rillaboom\n|turn|28\n|\n|t:|1771212890\n|switch|p2a: Pecharunt|Pecharunt|75/100\n|-damage|p2a: Pecharunt|50/100|[from] Spikes\n|move|p1a: Rillaboom|Wood Hammer|p2a: Pecharunt\n|-resisted|p2a: Pecharunt\n|-damage|p2a: Pecharunt|19/100\n|-damage|p1a: Rillaboom|10/100|[from] Recoil\n|\n|-heal|p1a: Rillaboom|16/100|[from] Grassy Terrain\n|-heal|p2a: Pecharunt|25/100|[from] Grassy Terrain\n|upkeep\n|turn|29\n|\n|t:|1771212899\n|move|p1a: Rillaboom|Wood Hammer|p2a: Pecharunt\n|-resisted|p2a: Pecharunt\n|-damage|p2a: Pecharunt|0 fnt\n|faint|p2a: Pecharunt\n|-damage|p1a: Rillaboom|7/100|[from] Recoil\n|\n|-heal|p1a: Rillaboom|13/100|[from] Grassy Terrain\n|upkeep\n|\n|t:|1771212902\n|switch|p2a: Keldeo|Keldeo-Resolute|100/100\n|turn|30\n|\n|t:|1771212907\n|move|p2a: Keldeo|Vacuum Wave|p1a: Rillaboom\n|-damage|p1a: Rillaboom|0 fnt\n|faint|p1a: Rillaboom\n|\n|upkeep\n|\n|t:|1771212915\n|switch|p1a: Cinderace|Cinderace, M|100/100\n|turn|31\n|\n|t:|1771212921\n|move|p1a: Cinderace|Pyro Ball|p2a: Keldeo\n|-resisted|p2a: Keldeo\n|-damage|p2a: Keldeo|69/100\n|move|p2a: Keldeo|Surf|p1a: Cinderace\n|-supereffective|p1a: Cinderace\n|-damage|p1a: Cinderace|0 fnt\n|faint|p1a: Cinderace\n|\n|-heal|p2a: Keldeo|75/100|[from] Grassy Terrain\n|upkeep\n|-message|tommytt22 forfeited.\n|\n|win|Tankman123\n|raw|tommytt22's rating: 1661 &rarr; <strong>1639</strong><br />(-22 for losing)\n|raw|Tankman123's rating: 1624 &rarr; <strong>1646</strong><br />(+22 for winning)\n|l|☆tommytt22\n|player|p1|\n", "uploadtime": 1771213075, "views": 13, "formatid": "gen9ou", "rating": 1639, "private": 0, "password": null}