{"id": "gen9ou-2540691003", "format": "[Gen 9] OU", "players": ["tuanquewang", "dimitry5000"], "log": "|j|☆tuanquewang\n|j|☆dimitry5000\n|t:|1771240946\n|gametype|singles\n|player|p1|tuanquewang|backersf|1740\n|player|p2|dimitry5000|102|1778\n|gen|9\n|tier|[Gen 9] OU\n|rated|\n|rule|HP Percentage Mod: HP is shown in percentages\n|rule|Endless Battle Clause: Forcing endless battles is banned\n|rule|Species Clause: Limit one of each Pokémon\n|rule|OHKO Clause: OHKO moves are banned\n|rule|Evasion Items Clause: Evasion items are banned\n|rule|Evasion Moves Clause: Evasion moves are banned\n|rule|Evasion Abilities Clause: Evasion abilities are banned\n|rule|Sleep Moves Clause: Sleep-inducing moves are banned\n|clearpoke\n|poke|p1|Slowking-Galar, M|\n|poke|p1|Alomomola, F|\n|poke|p1|Scizor, M|\n|poke|p1|Hydrapple, F|\n|poke|p1|Cinderace, M|\n|poke|p1|Sandy Shocks|\n|poke|p2|Alomomola, M|\n|poke|p2|Dondozo, F|\n|poke|p2|Slowking-Galar, M|\n|poke|p2|Gliscor, F|\n|poke|p2|Blissey, F|\n|poke|p2|Corviknight, M|\n|teampreview\n|inactive|Battle timer is ON: inactive players will automatically lose when time's up. (requested by dimitry5000)\n|inactive|tuanquewang also wants the timer to be on.\n|j| VollWP\n|\n|t:|1771240956\n|teamsize|p1|6\n|teamsize|p2|6\n|start\n|switch|p1a: Hydrapple|Hydrapple, F, shiny|100/100\n|switch|p2a: Gliscor|Gliscor, F|100/100\n|turn|1\n|\n|t:|1771240958\n|move|p2a: Gliscor|Protect|p2a: Gliscor\n|-singleturn|p2a: Gliscor|Protect\n|move|p1a: Hydrapple|Hydro Pump|p2a: Gliscor\n|-activate|p2a: Gliscor|move: Protect\n|\n|-status|p2a: Gliscor|tox|[from] item: Toxic Orb\n|upkeep\n|turn|2\n|\n|t:|1771240962\n|switch|p2a: Slowking|Slowking-Galar, M|100/100\n|switch|p1a: Slowking|Slowking-Galar, M|100/100\n|\n|upkeep\n|turn|3\n|\n|t:|1771240967\n|-prepare|p2a: Slowking|Chilly Reception|[premajor]\n|move|p2a: Slowking|Chilly Reception|p2a: Slowking\n|-weather|Snowscape\n|\n|t:|1771240969\n|switch|p2a: Gliscor|Gliscor, F|100/100 tox|[from] Chilly Reception\n|move|p1a: Slowking|Future Sight|p2a: Gliscor\n|-start|p1a: Slowking|move: Future Sight\n|\n|-weather|Snowscape|[upkeep]\n|upkeep\n|turn|4\n|\n|t:|1771240975\n|switch|p1a: Alomomola|Alomomola, F|100/100\n|move|p2a: Gliscor|Stealth Rock|p1a: Alomomola\n|-sidestart|p1: tuanquewang|move: Stealth Rock\n|\n|-weather|Snowscape|[upkeep]\n|upkeep\n|turn|5\n|j| donothan dozo\n|\n|t:|1771240982\n|move|p2a: Gliscor|Protect|p2a: Gliscor\n|-singleturn|p2a: Gliscor|Protect\n|move|p1a: Alomomola|Flip Turn|p2a: Gliscor\n|-activate|p2a: Gliscor|move: Protect\n|\n|-weather|Snowscape|[upkeep]\n|-end|p2a: Gliscor|move: Future Sight\n|-damage|p2a: Gliscor|62/100 tox\n|-heal|p2a: Gliscor|74/100 tox|[from] ability: Poison Heal\n|upkeep\n|turn|6\n|\n|t:|1771240987\n|move|p2a: Gliscor|Knock Off|p1a: Alomomola\n|-damage|p1a: Alomomola|89/100\n|-enditem|p1a: Alomomola|Leftovers|[from] move: Knock Off|[of] p2a: Gliscor\n|move|p1a: Alomomola|Flip Turn|p2a: Gliscor\n|-supereffective|p2a: Gliscor\n|-damage|p2a: Gliscor|48/100 tox\n|\n|t:|1771240992\n|switch|p1a: Hydrapple|Hydrapple, F, shiny|100/100|[from] Flip Turn\n|-damage|p1a: Hydrapple|88/100|[from] Stealth Rock\n|\n|-weather|Snowscape|[upkeep]\n|-heal|p2a: Gliscor|60/100 tox|[from] ability: Poison Heal\n|upkeep\n|turn|7\n|\n|t:|1771240997\n|move|p2a: Gliscor|Protect|p2a: Gliscor\n|-singleturn|p2a: Gliscor|Protect\n|move|p1a: Hydrapple|Draco Meteor|p2a: Gliscor\n|-activate|p2a: Gliscor|move: Protect\n|\n|-weather|none\n|-heal|p2a: Gliscor|73/100 tox|[from] ability: Poison Heal\n|upkeep\n|turn|8\n|\n|t:|1771241000\n|switch|p2a: Corviknight|Corviknight, M|100/100\n|-ability|p2a: Corviknight|Pressure\n|move|p1a: Hydrapple|Draco Meteor|p2a: Corviknight\n|-resisted|p2a: Corviknight\n|-damage|p2a: Corviknight|53/100\n|-unboost|p1a: Hydrapple|spa|2\n|\n|-heal|p2a: Corviknight|59/100|[from] item: Leftovers\n|upkeep\n|turn|9\n|\n|t:|1771241011\n|switch|p2a: Gliscor|Gliscor, F|73/100 tox\n|switch|p1a: Alomomola|Alomomola, F|100/100\n|-damage|p1a: Alomomola|88/100|[from] Stealth Rock\n|\n|-heal|p2a: Gliscor|85/100 tox|[from] ability: Poison Heal\n|upkeep\n|turn|10\n|\n|t:|1771241018\n|move|p1a: Alomomola|Protect|p1a: Alomomola\n|-singleturn|p1a: Alomomola|Protect\n|move|p2a: Gliscor|Toxic|p1a: Alomomola\n|-activate|p1a: Alomomola|move: Protect\n|\n|-heal|p2a: Gliscor|98/100 tox|[from] ability: Poison Heal\n|upkeep\n|turn|11\n|\n|t:|1771241026\n|switch|p1a: Scizor|Scizor, M|100/100\n|-damage|p1a: Scizor|88/100|[from] Stealth Rock\n|move|p2a: Gliscor|Toxic|p1a: Scizor\n|-immune|p1a: Scizor\n|\n|-heal|p2a: Gliscor|100/100 tox|[from] ability: Poison Heal\n|upkeep\n|turn|12\n|\n|t:|1771241031\n|move|p2a: Gliscor|Knock Off|p1a: Scizor\n|-damage|p1a: Scizor|66/100\n|-enditem|p1a: Scizor|Choice Band|[from] move: Knock Off|[of] p2a: Gliscor\n|move|p1a: Scizor|U-turn|p2a: Gliscor\n|-resisted|p2a: Gliscor\n|-damage|p2a: Gliscor|84/100 tox\n|\n|t:|1771241036\n|switch|p1a: Slowking|Slowking-Galar, M|100/100|[from] U-turn\n|-damage|p1a: Slowking|88/100|[from] Stealth Rock\n|\n|-heal|p1a: Slowking|94/100|[from] item: Black Sludge\n|-heal|p2a: Gliscor|96/100 tox|[from] ability: Poison Heal\n|upkeep\n|turn|13\n|\n|t:|1771241040\n|move|p2a: Gliscor|Knock Off|p1a: Slowking\n|-supereffective|p1a: Slowking\n|-crit|p1a: Slowking\n|-damage|p1a: Slowking|30/100\n|-enditem|p1a: Slowking|Black Sludge|[from] move: Knock Off|[of] p2a: Gliscor\n|move|p1a: Slowking|Trick|p2a: Gliscor\n|-activate|p1a: Slowking|move: Trick|[of] p2a: Gliscor\n|-enditem|p2a: Gliscor|Toxic Orb|[silent]|[from] move: Trick\n|-item|p1a: Slowking|Toxic Orb|[from] move: Trick\n|\n|-heal|p2a: Gliscor|100/100 tox|[from] ability: Poison Heal\n|upkeep\n|turn|14\n|\n|t:|1771241047\n|move|p2a: Gliscor|Knock Off|p1a: Slowking\n|-supereffective|p1a: Slowking\n|-damage|p1a: Slowking|0 fnt\n|-enditem|p1a: Slowking|Toxic Orb|[from] move: Knock Off|[of] p2a: Gliscor\n|faint|p1a: Slowking\n|\n|upkeep\n|-message|tuanquewang forfeited.\n|\n|win|dimitry5000\n|raw|tuanquewang's rating: 1740 &rarr; <strong>1722</strong><br />(-18 for losing)\n|raw|dimitry5000's rating: 1778 &rarr; <strong>1796</strong><br />(+18 for winning)\n|l|☆tuanquewang\n|player|p1|\n|l|☆dimitry5000\n|player|p2|\n|l| VollWP\n", "uploadtime": 1771241261, "views": 14, "formatid": "gen9ou", "rating": 1722, "private": 0, "password": null}