{"id": "gen9ou-2540615695", "format": "[Gen 9] OU", "players": ["Bidofo's Infernape", "micdumb"], "log": "|j|☆Bidofo's Infernape\n|j|☆micdumb\n|t:|1771227809\n|gametype|singles\n|player|p1|Bidofo's Infernape|102|1632\n|player|p2|micdumb|170|1567\n|gen|9\n|tier|[Gen 9] OU\n|rated|\n|rule|HP Percentage Mod: HP is shown in percentages\n|rule|Endless Battle Clause: Forcing endless battles is banned\n|rule|Species Clause: Limit one of each Pokémon\n|rule|OHKO Clause: OHKO moves are banned\n|rule|Evasion Items Clause: Evasion items are banned\n|rule|Evasion Moves Clause: Evasion moves are banned\n|rule|Evasion Abilities Clause: Evasion abilities are banned\n|rule|Sleep Moves Clause: Sleep-inducing moves are banned\n|clearpoke\n|poke|p1|Tinkaton, F|\n|poke|p1|Ogerpon, F|\n|poke|p1|Great Tusk|\n|poke|p1|Pecharunt|\n|poke|p1|Alomomola, M|\n|poke|p1|Hydreigon, M|\n|poke|p2|Hydrapple, M|\n|poke|p2|Gliscor, M|\n|poke|p2|Slowking-Galar, M|\n|poke|p2|Cinderace, M|\n|poke|p2|Kingambit, M|\n|poke|p2|Iron Valiant|\n|teampreview\n|inactive|Battle timer is ON: inactive players will automatically lose when time's up. (requested by Bidofo's Infernape)\n|\n|t:|1771227828\n|teamsize|p1|6\n|teamsize|p2|6\n|start\n|switch|p1a: Alomomola|Alomomola, M|100/100\n|switch|p2a: Hydrapple|Hydrapple, M, shiny|100/100\n|turn|1\n|\n|t:|1771227838\n|switch|p1a: Tinkaton|Tinkaton, F|100/100\n|-item|p1a: Tinkaton|Air Balloon\n|move|p2a: Hydrapple|Nasty Plot|p2a: Hydrapple\n|-boost|p2a: Hydrapple|spa|2\n|\n|upkeep\n|turn|2\n|\n|t:|1771227847\n|switch|p2a: Cinderace|Cinderace, M, shiny|100/100\n|move|p1a: Tinkaton|Encore||[still]\n|-fail|p1a: Tinkaton\n|\n|upkeep\n|turn|3\n|\n|t:|1771227854\n|switch|p1a: Pecharunt|Pecharunt|100/100\n|move|p2a: Cinderace|U-turn|p1a: Pecharunt\n|-start|p2a: Cinderace|typechange|Bug|[from] ability: Libero\n|-resisted|p1a: Pecharunt\n|-damage|p1a: Pecharunt|97/100\n|-damage|p2a: Cinderace|84/100|[from] item: Rocky Helmet|[of] p1a: Pecharunt\n|\n|t:|1771227860\n|switch|p2a: Gliscor|Gliscor, M, shiny|100/100|[from] U-turn\n|\n|-status|p2a: Gliscor|tox|[from] item: Toxic Orb\n|upkeep\n|turn|4\n|\n|t:|1771227866\n|move|p2a: Gliscor|Earthquake|p1a: Pecharunt\n|-supereffective|p1a: Pecharunt\n|-damage|p1a: Pecharunt|57/100\n|move|p1a: Pecharunt|Parting Shot|p2a: Gliscor\n|-unboost|p2a: Gliscor|atk|1\n|-unboost|p2a: Gliscor|spa|1\n|\n|t:|1771227878\n|switch|p1a: Hydreigon|Hydreigon, M|100/100|[from] Parting Shot\n|\n|upkeep\n|turn|5\n|\n|t:|1771227883\n|move|p2a: Gliscor|Protect|p2a: Gliscor\n|-singleturn|p2a: Gliscor|Protect\n|move|p1a: Hydreigon|Dark Pulse|p2a: Gliscor\n|-activate|p2a: Gliscor|move: Protect\n|\n|upkeep\n|turn|6\n|\n|t:|1771227904\n|switch|p1a: Great Tusk|Great Tusk|100/100\n|switch|p2a: Kingambit|Kingambit, M, shiny|100/100\n|-item|p2a: Kingambit|Air Balloon\n|\n|upkeep\n|turn|7\n|\n|t:|1771227922\n|move|p1a: Great Tusk|Ice Spinner|p2a: Kingambit\n|-resisted|p2a: Kingambit\n|-damage|p2a: Kingambit|88/100\n|-enditem|p2a: Kingambit|Air Balloon\n|move|p2a: Kingambit|Iron Head|p1a: Great Tusk\n|-damage|p1a: Great Tusk|67/100\n|\n|upkeep\n|turn|8\n|\n|t:|1771227930\n|move|p1a: Great Tusk|Ice Spinner|p2a: Kingambit\n|-resisted|p2a: Kingambit\n|-damage|p2a: Kingambit|76/100\n|move|p2a: Kingambit|Iron Head|p1a: Great Tusk\n|-damage|p1a: Great Tusk|38/100\n|\n|upkeep\n|turn|9\n|inactive|micdumb has 120 seconds left.\n|\n|t:|1771227963\n|-end|p2a: Kingambit|fallenundefined|[silent]\n|switch|p2a: Gliscor|Gliscor, M, shiny|100/100 tox\n|move|p1a: Great Tusk|Close Combat|p2a: Gliscor\n|-resisted|p2a: Gliscor\n|-damage|p2a: Gliscor|73/100 tox\n|-unboost|p1a: Great Tusk|def|1\n|-unboost|p1a: Great Tusk|spd|1\n|\n|-heal|p2a: Gliscor|85/100 tox|[from] ability: Poison Heal\n|upkeep\n|turn|10\n|\n|t:|1771227973\n|-end|p1a: Great Tusk|Protosynthesis|[silent]\n|switch|p1a: Hydreigon|Hydreigon, M|100/100\n|move|p2a: Gliscor|Protect||[still]\n|-fail|p2a: Gliscor\n|\n|-heal|p2a: Gliscor|97/100 tox|[from] ability: Poison Heal\n|upkeep\n|turn|11\n|\n|t:|1771227979\n|-terastallize|p2a: Gliscor|Fairy\n|move|p1a: Hydreigon|Dark Pulse|p2a: Gliscor\n|-resisted|p2a: Gliscor\n|-damage|p2a: Gliscor|53/100 tox\n|move|p2a: Gliscor|Tera Blast|p1a: Hydreigon|[anim] Tera Blast Fairy\n|-supereffective|p1a: Hydreigon\n|-damage|p1a: Hydreigon|0 fnt\n|faint|p1a: Hydreigon\n|\n|-heal|p2a: Gliscor|66/100 tox|[from] ability: Poison Heal\n|upkeep\n|\n|t:|1771228003\n|switch|p1a: Tinkaton|Tinkaton, F|100/100\n|-item|p1a: Tinkaton|Air Balloon\n|turn|12\n|\n|t:|1771228025\n|move|p2a: Gliscor|Tera Blast|p1a: Tinkaton|[anim] Tera Blast Fairy\n|-resisted|p1a: Tinkaton\n|-damage|p1a: Tinkaton|77/100\n|-enditem|p1a: Tinkaton|Air Balloon\n|move|p1a: Tinkaton|Gigaton Hammer|p2a: Gliscor\n|-supereffective|p2a: Gliscor\n|-damage|p2a: Gliscor|0 fnt\n|faint|p2a: Gliscor\n|\n|upkeep\n|\n|t:|1771228028\n|switch|p2a: Cinderace|Cinderace, M, shiny|84/100\n|turn|13\n|\n|t:|1771228032\n|switch|p1a: Pecharunt|Pecharunt|57/100\n|move|p2a: Cinderace|Pyro Ball|p1a: Pecharunt\n|-damage|p1a: Pecharunt|28/100\n|\n|upkeep\n|turn|14\n|\n|t:|1771228037\n|move|p2a: Cinderace|Pyro Ball|p1a: Pecharunt\n|-damage|p1a: Pecharunt|3/100\n|move|p1a: Pecharunt|Recover|p1a: Pecharunt\n|-heal|p1a: Pecharunt|53/100\n|\n|upkeep\n|turn|15\n|\n|t:|1771228046\n|switch|p2a: Kingambit|Kingambit, M, shiny|76/100\n|-activate|p2a: Kingambit|ability: Supreme Overlord\n|-start|p2a: Kingambit|fallen1|[silent]\n|move|p1a: Pecharunt|Recover|p1a: Pecharunt\n|-heal|p1a: Pecharunt|100/100\n|\n|upkeep\n|turn|16\n|\n|t:|1771228056\n|switch|p1a: Tinkaton|Tinkaton, F|77/100\n|move|p2a: Kingambit|Iron Head|p1a: Tinkaton\n|-crit|p1a: Tinkaton\n|-damage|p1a: Tinkaton|0 fnt\n|faint|p1a: Tinkaton\n|\n|upkeep\n|\n|t:|1771228066\n|switch|p1a: Great Tusk|Great Tusk|38/100\n|turn|17\n|\n|t:|1771228082\n|-end|p2a: Kingambit|fallen1|[silent]\n|switch|p2a: Hydrapple|Hydrapple, M, shiny|100/100\n|move|p1a: Great Tusk|Close Combat|p2a: Hydrapple\n|-damage|p2a: Hydrapple|50/100\n|-unboost|p1a: Great Tusk|def|1\n|-unboost|p1a: Great Tusk|spd|1\n|\n|upkeep\n|turn|18\n|\n|t:|1771228090\n|switch|p2a: Slowking|Slowking-Galar, M, shiny|100/100\n|move|p1a: Great Tusk|Ice Spinner|p2a: Slowking\n|-damage|p2a: Slowking|79/100\n|\n|upkeep\n|turn|19\n|\n|t:|1771228096\n|-end|p1a: Great Tusk|Protosynthesis|[silent]\n|switch|p1a: Alomomola|Alomomola, M|100/100\n|move|p2a: Slowking|Psychic Noise|p1a: Alomomola\n|-damage|p1a: Alomomola|86/100\n|-start|p1a: Alomomola|move: Heal Block\n|\n|upkeep\n|turn|20\n|\n|t:|1771228102\n|move|p1a: Alomomola|Flip Turn|p2a: Slowking\n|-damage|p2a: Slowking|66/100\n|\n|t:|1771228107\n|switch|p1a: Pecharunt|Pecharunt|100/100|[from] Flip Turn\n|move|p2a: Slowking|Whirlpool|p1a: Pecharunt\n|-damage|p1a: Pecharunt|92/100\n|-activate|p1a: Pecharunt|move: Whirlpool|[of] p2a: Slowking\n|\n|-damage|p1a: Pecharunt|80/100|[from] move: Whirlpool|[partiallytrapped]\n|upkeep\n|turn|21\n|\n|t:|1771228115\n|move|p1a: Pecharunt|Parting Shot|p2a: Slowking\n|-unboost|p2a: Slowking|atk|1\n|-unboost|p2a: Slowking|spa|1\n|\n|t:|1771228117\n|switch|p1a: Alomomola|Alomomola, M|100/100|[from] Parting Shot\n|move|p2a: Slowking|Psychic Noise|p1a: Alomomola\n|-damage|p1a: Alomomola|91/100\n|-start|p1a: Alomomola|move: Heal Block\n|\n|upkeep\n|turn|22\n|\n|t:|1771228123\n|move|p2a: Slowking|Whirlpool|p1a: Alomomola\n|-resisted|p1a: Alomomola\n|-damage|p1a: Alomomola|90/100\n|-activate|p1a: Alomomola|move: Whirlpool|[of] p2a: Slowking\n|move|p1a: Alomomola|Mirror Coat|p2a: Slowking\n|-damage|p2a: Slowking|63/100\n|\n|-damage|p1a: Alomomola|77/100|[from] move: Whirlpool|[partiallytrapped]\n|-end|p1a: Alomomola|move: Heal Block\n|upkeep\n|turn|23\n|\n|t:|1771228133\n|move|p1a: Alomomola|Flip Turn|p2a: Slowking\n|-damage|p2a: Slowking|50/100\n|\n|t:|1771228139\n|switch|p1a: Pecharunt|Pecharunt|80/100|[from] Flip Turn\n|move|p2a: Slowking|Psychic Noise|p1a: Pecharunt\n|-supereffective|p1a: Pecharunt\n|-damage|p1a: Pecharunt|43/100\n|-start|p1a: Pecharunt|move: Heal Block\n|\n|upkeep\n|turn|24\n|\n|t:|1771228149\n|move|p1a: Pecharunt|Parting Shot|p2a: Slowking\n|-unboost|p2a: Slowking|atk|1\n|-unboost|p2a: Slowking|spa|1\n|\n|t:|1771228150\n|switch|p1a: Alomomola|Alomomola, M|100/100|[from] Parting Shot\n|move|p2a: Slowking|Whirlpool|p1a: Alomomola\n|-resisted|p1a: Alomomola\n|-damage|p1a: Alomomola|99/100\n|-activate|p1a: Alomomola|move: Whirlpool|[of] p2a: Slowking\n|\n|-damage|p1a: Alomomola|87/100|[from] move: Whirlpool|[partiallytrapped]\n|upkeep\n|turn|25\n|\n|t:|1771228159\n|switch|p2a: Hydrapple|Hydrapple, M, shiny|83/100\n|move|p1a: Alomomola|Mirror Coat||[still]\n|-fail|p1a: Alomomola\n|\n|-end|p1a: Alomomola|Whirlpool|[partiallytrapped]|[silent]\n|upkeep\n|turn|26\n|\n|t:|1771228165\n|move|p2a: Hydrapple|Nasty Plot|p2a: Hydrapple\n|-boost|p2a: Hydrapple|spa|2\n|move|p1a: Alomomola|Flip Turn|p2a: Hydrapple\n|-resisted|p2a: Hydrapple\n|-damage|p2a: Hydrapple|80/100\n|inactive|Bidofo's Infernape has 120 seconds left.\n|\n|t:|1771228211\n|switch|p1a: Ogerpon|Ogerpon, F|100/100|[from] Flip Turn\n|\n|upkeep\n|turn|27\n|\n|t:|1771228221\n|move|p1a: Ogerpon|U-turn|p2a: Hydrapple\n|-supereffective|p2a: Hydrapple\n|-damage|p2a: Hydrapple|31/100\n|\n|t:|1771228224\n|switch|p1a: Pecharunt|Pecharunt|43/100|[from] U-turn\n|move|p2a: Hydrapple|Draco Meteor|p1a: Pecharunt\n|-damage|p1a: Pecharunt|0 fnt\n|-unboost|p2a: Hydrapple|spa|2\n|faint|p1a: Pecharunt\n|-damage|p2a: Hydrapple|21/100|[from] item: Life Orb\n|\n|upkeep\n|inactive|Bidofo's Infernape has 120 seconds left.\n|\n|t:|1771228242\n|switch|p1a: Ogerpon|Ogerpon, F|100/100\n|turn|28\n|\n|t:|1771228247\n|switch|p2a: Cinderace|Cinderace, M, shiny|84/100\n|move|p1a: Ogerpon|U-turn|p2a: Cinderace\n|-resisted|p2a: Cinderace\n|-damage|p2a: Cinderace|60/100\n|\n|t:|1771228251\n|switch|p1a: Alomomola|Alomomola, M|100/100|[from] U-turn\n|\n|upkeep\n|turn|29\n|\n|t:|1771228258\n|move|p2a: Cinderace|U-turn|p1a: Alomomola\n|-start|p2a: Cinderace|typechange|Bug|[from] ability: Libero\n|-damage|p1a: Alomomola|74/100\n|\n|t:|1771228260\n|switch|p2a: Hydrapple|Hydrapple, M, shiny|54/100|[from] U-turn\n|move|p1a: Alomomola|Flip Turn|p2a: Hydrapple\n|-resisted|p2a: Hydrapple\n|-damage|p2a: Hydrapple|51/100\n|\n|t:|1771228274\n|switch|p1a: Great Tusk|Great Tusk|38/100|[from] Flip Turn\n|\n|upkeep\n|turn|30\n|\n|t:|1771228280\n|switch|p2a: Cinderace|Cinderace, M, shiny|60/100\n|move|p1a: Great Tusk|Ice Spinner|p2a: Cinderace\n|-resisted|p2a: Cinderace\n|-damage|p2a: Cinderace|40/100\n|\n|upkeep\n|turn|31\n|\n|t:|1771228288\n|-end|p1a: Great Tusk|Protosynthesis|[silent]\n|switch|p1a: Alomomola|Alomomola, M|100/100\n|move|p2a: Cinderace|U-turn|p1a: Alomomola\n|-start|p2a: Cinderace|typechange|Bug|[from] ability: Libero\n|-damage|p1a: Alomomola|75/100\n|\n|t:|1771228290\n|switch|p2a: Hydrapple|Hydrapple, M, shiny|85/100|[from] U-turn\n|\n|upkeep\n|turn|32\n|\n|t:|1771228302\n|move|p2a: Hydrapple|Nasty Plot|p2a: Hydrapple\n|-boost|p2a: Hydrapple|spa|2\n|move|p1a: Alomomola|Mirror Coat||[still]\n|-fail|p1a: Alomomola\n|\n|upkeep\n|turn|33\n|\n|t:|1771228313\n|-terastallize|p1a: Alomomola|Fairy\n|move|p2a: Hydrapple|Giga Drain|p1a: Alomomola\n|-damage|p1a: Alomomola|26/100\n|-heal|p2a: Hydrapple|100/100|[from] drain|[of] p1a: Alomomola\n|-damage|p2a: Hydrapple|91/100|[from] item: Life Orb\n|move|p1a: Alomomola|Mirror Coat|p2a: Hydrapple\n|-damage|p2a: Hydrapple|0 fnt\n|faint|p2a: Hydrapple\n|\n|upkeep\n|\n|t:|1771228319\n|switch|p2a: Kingambit|Kingambit, M, shiny|76/100\n|-activate|p2a: Kingambit|ability: Supreme Overlord\n|-start|p2a: Kingambit|fallen2|[silent]\n|turn|34\n|\n|t:|1771228325\n|move|p2a: Kingambit|Iron Head|p1a: Alomomola\n|-supereffective|p1a: Alomomola\n|-damage|p1a: Alomomola|0 fnt\n|faint|p1a: Alomomola\n|\n|upkeep\n|\n|t:|1771228328\n|switch|p1a: Great Tusk|Great Tusk|38/100\n|turn|35\n|\n|t:|1771228336\n|-end|p2a: Kingambit|fallen2|[silent]\n|switch|p2a: Cinderace|Cinderace, M, shiny|40/100\n|move|p1a: Great Tusk|Headlong Rush|p2a: Cinderace\n|-supereffective|p2a: Cinderace\n|-damage|p2a: Cinderace|0 fnt\n|-unboost|p1a: Great Tusk|def|1\n|-unboost|p1a: Great Tusk|spd|1\n|faint|p2a: Cinderace\n|\n|upkeep\n|\n|t:|1771228337\n|switch|p2a: Iron Valiant|Iron Valiant, shiny|100/100\n|-enditem|p2a: Iron Valiant|Booster Energy\n|-activate|p2a: Iron Valiant|ability: Quark Drive|[fromitem]\n|-start|p2a: Iron Valiant|quarkdrivespe\n|turn|36\n|\n|t:|1771228360\n|move|p2a: Iron Valiant|Moonblast|p1a: Great Tusk\n|-supereffective|p1a: Great Tusk\n|-damage|p1a: Great Tusk|0 fnt\n|faint|p1a: Great Tusk\n|-end|p1a: Great Tusk|Protosynthesis|[silent]\n|\n|upkeep\n|\n|t:|1771228362\n|switch|p1a: Ogerpon|Ogerpon, F|100/100\n|turn|37\n|\n|t:|1771228372\n|move|p2a: Iron Valiant|Destiny Bond|p2a: Iron Valiant\n|-singlemove|p2a: Iron Valiant|Destiny Bond\n|move|p1a: Ogerpon|Ivy Cudgel|p2a: Iron Valiant\n|-crit|p2a: Iron Valiant\n|-damage|p2a: Iron Valiant|0 fnt\n|faint|p2a: Iron Valiant\n|-activate|p2a: Iron Valiant|move: Destiny Bond\n|-end|p2a: Iron Valiant|Quark Drive|[silent]\n|faint|p1a: Ogerpon\n|\n|win|micdumb\n|raw|Bidofo&apos;s Infernape's rating: 1632 &rarr; <strong>1608</strong><br />(-24 for losing)\n|raw|micdumb's rating: 1567 &rarr; <strong>1591</strong><br />(+24 for winning)\n|l|☆Bidofo's Infernape\n|player|p1|\n|l|☆micdumb\n|player|p2|\n", "uploadtime": 1771228617, "views": 8, "formatid": "gen9ou", "rating": 1591, "private": 0, "password": null}