{"id": "gen9ou-2639291548", "format": "[Gen 9] OU", "players": ["Kay6443", "greg kovacs"], "log": "|j|☆Kay6443\n|j|☆greg kovacs\n|t:|1782447034\n|gametype|singles\n|player|p1|Kay6443|camper|1000\n|player|p2|greg kovacs|blackbelt|1000\n|gen|9\n|tier|[Gen 9] OU\n|rated|\n|rule|HP Percentage Mod: HP is shown in percentages\n|rule|Endless Battle Clause: Forcing endless battles is banned\n|rule|Species Clause: Limit one of each Pokémon\n|rule|OHKO Clause: OHKO moves are banned\n|rule|Evasion Items Clause: Evasion items are banned\n|rule|Evasion Moves Clause: Evasion moves are banned\n|rule|Evasion Abilities Clause: Evasion abilities are banned\n|rule|Sleep Moves Clause: Sleep-inducing moves are banned\n|clearpoke\n|poke|p1|Landorus-Therian, M|\n|poke|p1|Heatran, M|\n|poke|p1|Iron Valiant|\n|poke|p1|Glastrier|\n|poke|p1|Raging Bolt|\n|poke|p1|Iron Treads|\n|poke|p2|Rampardos, M|\n|poke|p2|Slaking, M|\n|poke|p2|Regigigas|\n|poke|p2|Hoopa-Unbound|\n|poke|p2|Haxorus, F|\n|poke|p2|Landorus-Therian, M|\n|teampreview\n|inactive|Battle timer is ON: inactive players will automatically lose when time's up. (requested by Kay6443)\n|\n|t:|1782447044\n|teamsize|p1|6\n|teamsize|p2|6\n|start\n|switch|p1a: Landorus|Landorus-Therian, M|100/100\n|switch|p2a: Rampardos|Rampardos, M|100/100\n|-ability|p1a: Landorus|Intimidate|boost\n|-unboost|p2a: Rampardos|atk|1\n|turn|1\n|\n|t:|1782447055\n|switch|p1a: Iron Valiant|Iron Valiant, shiny|100/100\n|-terastallize|p2a: Rampardos|Ghost\n|move|p2a: Rampardos|Avalanche|p1a: Iron Valiant\n|-damage|p1a: Iron Valiant|71/100\n|-damage|p2a: Rampardos|91/100|[from] item: Life Orb\n|\n|upkeep\n|turn|2\n|\n|t:|1782447069\n|move|p1a: Iron Valiant|Knock Off|p2a: Rampardos\n|-supereffective|p2a: Rampardos\n|-damage|p2a: Rampardos|0 fnt\n|-enditem|p2a: Rampardos|Life Orb|[from] move: Knock Off|[of] p1a: Iron Valiant\n|faint|p2a: Rampardos\n|-damage|p1a: Iron Valiant|61/100|[from] item: Life Orb\n|\n|upkeep\n|\n|t:|1782447076\n|switch|p2a: Slaking|Slaking, M|100/100\n|turn|3\n|\n|t:|1782447081\n|move|p1a: Iron Valiant|Drain Punch|p2a: Slaking\n|-supereffective|p2a: Slaking\n|-crit|p2a: Slaking\n|-damage|p2a: Slaking|0 fnt\n|-heal|p1a: Iron Valiant|100/100|[from] drain|[of] p2a: Slaking\n|faint|p2a: Slaking\n|-damage|p1a: Iron Valiant|91/100|[from] item: Life Orb\n|\n|upkeep\n|\n|t:|1782447088\n|switch|p2a: Landorus|Landorus-Therian, M, shiny|100/100\n|-ability|p2a: Landorus|Intimidate|boost\n|-unboost|p1a: Iron Valiant|atk|1\n|turn|4\n|\n|t:|1782447097\n|move|p1a: Iron Valiant|Ice Punch|p2a: Landorus\n|-supereffective|p2a: Landorus\n|-damage|p2a: Landorus|0 fnt\n|faint|p2a: Landorus\n|-damage|p1a: Iron Valiant|81/100|[from] item: Life Orb\n|\n|upkeep\n|\n|t:|1782447108\n|switch|p2a: Hoopa|Hoopa-Unbound|100/100\n|turn|5\n|\n|t:|1782447115\n|-end|p1a: Iron Valiant|Quark Drive|[silent]\n|switch|p1a: Heatran|Heatran, M|100/100\n|move|p2a: Hoopa|Gunk Shot|p1a: Heatran\n|-immune|p1a: Heatran\n|\n|upkeep\n|turn|6\n|\n|t:|1782447122\n|move|p2a: Hoopa|Hyperspace Fury|p1a: Heatran\n|-damage|p1a: Heatran|49/100\n|-unboost|p2a: Hoopa|def|1\n|-damage|p2a: Hoopa|91/100|[from] item: Life Orb\n|move|p1a: Heatran|Earth Power|p2a: Hoopa\n|-damage|p2a: Hoopa|69/100\n|\n|-heal|p1a: Heatran|55/100|[from] item: Leftovers\n|upkeep\n|turn|7\n|\n|t:|1782447139\n|move|p2a: Hoopa|Hyperspace Fury|p1a: Heatran\n|-damage|p1a: Heatran|4/100\n|-unboost|p2a: Hoopa|def|1\n|-damage|p2a: Hoopa|59/100|[from] item: Life Orb\n|move|p1a: Heatran|Magma Storm|p2a: Hoopa|[miss]\n|-miss|p1a: Heatran|p2a: Hoopa\n|\n|-heal|p1a: Heatran|11/100|[from] item: Leftovers\n|upkeep\n|turn|8\n|\n|t:|1782447148\n|move|p2a: Hoopa|Hyperspace Fury|p1a: Heatran\n|-damage|p1a: Heatran|0 fnt\n|-unboost|p2a: Hoopa|def|1\n|faint|p1a: Heatran\n|-damage|p2a: Hoopa|49/100|[from] item: Life Orb\n|\n|upkeep\n|\n|t:|1782447151\n|switch|p1a: Iron Valiant|Iron Valiant, shiny|81/100\n|turn|9\n|\n|t:|1782447157\n|move|p1a: Iron Valiant|Drain Punch|p2a: Hoopa\n|-damage|p2a: Hoopa|0 fnt\n|-heal|p1a: Iron Valiant|100/100|[from] drain|[of] p2a: Hoopa\n|faint|p2a: Hoopa\n|-damage|p1a: Iron Valiant|91/100|[from] item: Life Orb\n|\n|upkeep\n|\n|t:|1782447165\n|switch|p2a: Haxorus|Haxorus, F|100/100\n|turn|10\n|\n|t:|1782447170\n|move|p1a: Iron Valiant|Ice Punch|p2a: Haxorus\n|-supereffective|p2a: Haxorus\n|-damage|p2a: Haxorus|15/100\n|-damage|p1a: Iron Valiant|81/100|[from] item: Life Orb\n|move|p2a: Haxorus|Iron Tail|p1a: Iron Valiant\n|-supereffective|p1a: Iron Valiant\n|-damage|p1a: Iron Valiant|0 fnt\n|faint|p1a: Iron Valiant\n|-end|p1a: Iron Valiant|Quark Drive|[silent]\n|\n|upkeep\n|\n|t:|1782447181\n|switch|p1a: Iron Treads|Iron Treads|100/100\n|turn|11\n|\n|t:|1782447187\n|move|p1a: Iron Treads|Earthquake|p2a: Haxorus\n|-damage|p2a: Haxorus|0 fnt\n|faint|p2a: Haxorus\n|\n|upkeep\n|\n|t:|1782447191\n|switch|p2a: Regigigas|Regigigas|100/100\n|-start|p2a: Regigigas|ability: Slow Start\n|turn|12\n|\n|t:|1782447200\n|-end|p1a: Iron Treads|Quark Drive|[silent]\n|switch|p1a: Landorus|Landorus-Therian, M|100/100\n|-ability|p1a: Landorus|Intimidate|boost\n|-unboost|p2a: Regigigas|atk|1\n|move|p2a: Regigigas|Earthquake|p1a: Landorus\n|-immune|p1a: Landorus\n|\n|upkeep\n|turn|13\n|\n|t:|1782447226\n|move|p1a: Landorus|Swords Dance|p1a: Landorus\n|-boost|p1a: Landorus|atk|2\n|move|p2a: Regigigas|Stone Edge|p1a: Landorus\n|-damage|p1a: Landorus|78/100\n|-damage|p2a: Regigigas|91/100|[from] item: Life Orb\n|\n|upkeep\n|turn|14\n|\n|t:|1782447233\n|-terastallize|p1a: Landorus|Flying\n|move|p1a: Landorus|Fly||[still]\n|-prepare|p1a: Landorus|Fly\n|-enditem|p1a: Landorus|Power Herb\n|-anim|p1a: Landorus|Fly|p2a: Regigigas\n|-damage|p2a: Regigigas|0 fnt\n|faint|p2a: Regigigas\n|-end|p2a: Regigigas|Slow Start|[silent]\n|\n|win|Kay6443\n|raw|Kay6443's rating: 1000 &rarr; <strong>1040</strong><br />(+40 for winning)\n|raw|greg kovacs's rating: 1000 &rarr; <strong>1000</strong><br />(+0 for losing)\n", "uploadtime": 1782447238, "views": 6, "formatid": "gen9ou", "rating": 1000, "private": 0, "password": null}