{"id": "gen9ou-2639303425", "format": "[Gen 9] OU", "players": ["Archerdadon", "msean3"], "log": "|j|☆Archerdadon\n|j|‽msean3\n|t:|1782449242\n|gametype|singles\n|player|p1|Archerdadon|marshal|1630\n|player|p2|msean3|101|1564\n|gen|9\n|tier|[Gen 9] OU\n|rated|\n|rule|HP Percentage Mod: HP is shown in percentages\n|rule|Endless Battle Clause: Forcing endless battles is banned\n|rule|Species Clause: Limit one of each Pokémon\n|rule|OHKO Clause: OHKO moves are banned\n|rule|Evasion Items Clause: Evasion items are banned\n|rule|Evasion Moves Clause: Evasion moves are banned\n|rule|Evasion Abilities Clause: Evasion abilities are banned\n|rule|Sleep Moves Clause: Sleep-inducing moves are banned\n|clearpoke\n|poke|p1|Dondozo, F|\n|poke|p1|Cinderace, F|\n|poke|p1|Ting-Lu|\n|poke|p1|Heatran, F|\n|poke|p1|Hydrapple, M|\n|poke|p1|Glimmora, M|\n|poke|p2|Darkrai|\n|poke|p2|Alomomola, M|\n|poke|p2|Corviknight, M|\n|poke|p2|Weezing-Galar, F|\n|poke|p2|Garchomp, F|\n|poke|p2|Ogerpon, F|\n|teampreview\n|\n|t:|1782449252\n|teamsize|p1|6\n|teamsize|p2|6\n|start\n|switch|p1a: Glimmora|Glimmora, M|100/100\n|switch|p2a: Garchomp|Garchomp, F|100/100\n|turn|1\n|\n|t:|1782449258\n|move|p1a: Glimmora|Dazzling Gleam|p2a: Garchomp\n|-supereffective|p2a: Garchomp\n|-damage|p2a: Garchomp|51/100\n|move|p2a: Garchomp|Earthquake|p1a: Glimmora\n|-supereffective|p1a: Glimmora\n|-enditem|p1a: Glimmora|Focus Sash\n|-damage|p1a: Glimmora|1/100\n|-activate|p1a: Glimmora|ability: Toxic Debris\n|-sidestart|p2: msean3|move: Toxic Spikes\n|\n|upkeep\n|turn|2\n|\n|t:|1782449264\n|switch|p2a: Corviknight|Corviknight, M|100/100\n|-ability|p2a: Corviknight|Pressure\n|move|p1a: Glimmora|Dazzling Gleam|p2a: Corviknight\n|-resisted|p2a: Corviknight\n|-damage|p2a: Corviknight|91/100\n|\n|-heal|p2a: Corviknight|97/100|[from] item: Leftovers\n|upkeep\n|turn|3\n|\n|t:|1782449267\n|move|p1a: Glimmora|Power Gem|p2a: Corviknight\n|-damage|p2a: Corviknight|70/100\n|move|p2a: Corviknight|U-turn|p1a: Glimmora\n|-resisted|p1a: Glimmora\n|-damage|p1a: Glimmora|0 fnt\n|-activate|p1a: Glimmora|ability: Toxic Debris\n|-sidestart|p2: msean3|move: Toxic Spikes\n|faint|p1a: Glimmora\n|\n|t:|1782449269\n|switch|p2a: Weezing|Weezing-Galar, F|100/100|[from] U-turn\n|-ability|p2a: Weezing|Neutralizing Gas\n|-sideend|p2: msean3|move: Toxic Spikes|[of] p2a: Weezing\n|\n|upkeep\n|\n|t:|1782449273\n|switch|p1a: Heatran|Heatran, F|100/100\n|turn|4\n|\n|t:|1782449296\n|-end|p2a: Weezing|ability: Neutralizing Gas\n|switch|p2a: Alomomola|Alomomola, M|100/100\n|move|p1a: Heatran|Magma Storm|p2a: Alomomola|[miss]\n|-miss|p1a: Heatran|p2a: Alomomola\n|\n|upkeep\n|turn|5\n|\n|t:|1782449302\n|move|p1a: Heatran|Will-O-Wisp|p2a: Alomomola\n|-status|p2a: Alomomola|brn\n|move|p2a: Alomomola|Flip Turn|p1a: Heatran\n|-supereffective|p1a: Heatran\n|-damage|p1a: Heatran|86/100\n|\n|t:|1782449311\n|switch|p2a: Garchomp|Garchomp, F|51/100|[from] Flip Turn\n|\n|-heal|p1a: Heatran|92/100|[from] item: Leftovers\n|upkeep\n|turn|6\n|\n|t:|1782449316\n|switch|p1a: Dondozo|Dondozo, F|100/100\n|move|p2a: Garchomp|Stealth Rock|p1a: Dondozo\n|-sidestart|p1: Archerdadon|move: Stealth Rock\n|\n|upkeep\n|turn|7\n|\n|t:|1782449323\n|switch|p2a: Alomomola|Alomomola, M|100/100 brn\n|move|p1a: Dondozo|Waterfall|p2a: Alomomola\n|-resisted|p2a: Alomomola\n|-damage|p2a: Alomomola|90/100 brn\n|\n|-damage|p2a: Alomomola|84/100 brn|[from] brn\n|upkeep\n|turn|8\n|\n|t:|1782449327\n|switch|p1a: Hydrapple|Hydrapple, M|100/100\n|-damage|p1a: Hydrapple|88/100|[from] Stealth Rock\n|move|p2a: Alomomola|Flip Turn|p1a: Hydrapple\n|-resisted|p1a: Hydrapple\n|-crit|p1a: Hydrapple\n|-damage|p1a: Hydrapple|87/100\n|-damage|p2a: Alomomola|67/100 brn|[from] item: Rocky Helmet|[of] p1a: Hydrapple\n|\n|t:|1782449331\n|switch|p2a: Darkrai|Darkrai|100/100|[from] Flip Turn\n|\n|upkeep\n|turn|9\n|\n|t:|1782449335\n|switch|p1a: Heatran|Heatran, F|92/100\n|-damage|p1a: Heatran|80/100|[from] Stealth Rock\n|move|p2a: Darkrai|Ice Beam|p1a: Heatran\n|-resisted|p1a: Heatran\n|-damage|p1a: Heatran|71/100\n|\n|-heal|p1a: Heatran|78/100|[from] item: Leftovers\n|upkeep\n|turn|10\n|\n|t:|1782449347\n|switch|p2a: Alomomola|Alomomola, M|99/100 brn\n|move|p1a: Heatran|Magma Storm|p2a: Alomomola|[miss]\n|-miss|p1a: Heatran|p2a: Alomomola\n|\n|-heal|p1a: Heatran|84/100|[from] item: Leftovers\n|-damage|p2a: Alomomola|94/100 brn|[from] brn\n|upkeep\n|turn|11\n|\n|t:|1782449351\n|move|p1a: Heatran|Magma Storm|p2a: Alomomola\n|-resisted|p2a: Alomomola\n|-damage|p2a: Alomomola|84/100 brn\n|-activate|p2a: Alomomola|move: Magma Storm|[of] p1a: Heatran\n|move|p2a: Alomomola|Flip Turn|p1a: Heatran\n|-supereffective|p1a: Heatran\n|-damage|p1a: Heatran|70/100\n|\n|t:|1782449359\n|switch|p2a: Garchomp|Garchomp, F|51/100|[from] Flip Turn\n|\n|-heal|p1a: Heatran|77/100|[from] item: Leftovers\n|upkeep\n|turn|12\n|\n|t:|1782449366\n|switch|p1a: Dondozo|Dondozo, F|100/100\n|-damage|p1a: Dondozo|88/100|[from] Stealth Rock\n|move|p2a: Garchomp|Spikes|p1a: Dondozo\n|-sidestart|p1: Archerdadon|Spikes\n|\n|-heal|p1a: Dondozo|94/100|[from] item: Leftovers\n|upkeep\n|turn|13\n|\n|t:|1782449372\n|switch|p2a: Alomomola|Alomomola, M|100/100 brn\n|switch|p1a: Cinderace|Cinderace, F|100/100\n|\n|-damage|p2a: Alomomola|94/100 brn|[from] brn\n|upkeep\n|turn|14\n|\n|t:|1782449375\n|move|p1a: Cinderace|Court Change|p1a: Cinderace\n|-start|p1a: Cinderace|typechange|Normal|[from] ability: Libero\n|-swapsideconditions\n|-activate|p1a: Cinderace|move: Court Change\n|move|p2a: Alomomola|Flip Turn|p1a: Cinderace\n|-damage|p1a: Cinderace|89/100\n|\n|t:|1782449377\n|switch|p2a: Weezing|Weezing-Galar, F|100/100|[from] Flip Turn\n|-ability|p2a: Weezing|Neutralizing Gas\n|-damage|p2a: Weezing|88/100|[from] Stealth Rock\n|-damage|p2a: Weezing|76/100|[from] Spikes\n|\n|-heal|p2a: Weezing|82/100|[from] item: Leftovers\n|upkeep\n|turn|15\n|\n|t:|1782449383\n|move|p1a: Cinderace|U-turn|p2a: Weezing\n|-resisted|p2a: Weezing\n|-damage|p2a: Weezing|78/100\n|\n|t:|1782449386\n|switch|p1a: Heatran|Heatran, F|77/100|[from] U-turn\n|move|p2a: Weezing|Defog|p1a: Heatran\n|-unboost|p1a: Heatran|evasion|1\n|-sideend|p2: msean3|Spikes|[from] move: Defog|[of] p2a: Weezing\n|-sideend|p2: msean3|Stealth Rock|[from] move: Defog|[of] p2a: Weezing\n|\n|-heal|p1a: Heatran|83/100|[from] item: Leftovers\n|-heal|p2a: Weezing|84/100|[from] item: Leftovers\n|upkeep\n|turn|16\n|\n|t:|1782449399\n|switch|p1a: Hydrapple|Hydrapple, M|100/100\n|-end|p2a: Weezing|ability: Neutralizing Gas\n|switch|p2a: Alomomola|Alomomola, M|100/100 brn\n|\n|-damage|p2a: Alomomola|94/100 brn|[from] brn\n|upkeep\n|turn|17\n|\n|t:|1782449403\n|move|p1a: Hydrapple|Nasty Plot|p1a: Hydrapple\n|-boost|p1a: Hydrapple|spa|2\n|move|p2a: Alomomola|Flip Turn|p1a: Hydrapple\n|-resisted|p1a: Hydrapple\n|-damage|p1a: Hydrapple|99/100\n|-damage|p2a: Alomomola|78/100 brn|[from] item: Rocky Helmet|[of] p1a: Hydrapple\n|\n|t:|1782449406\n|switch|p2a: Darkrai|Darkrai|100/100|[from] Flip Turn\n|\n|upkeep\n|turn|18\n|\n|t:|1782449413\n|switch|p2a: Corviknight|Corviknight, M|70/100\n|-ability|p2a: Corviknight|Pressure\n|-terastallize|p1a: Hydrapple|Poison\n|move|p1a: Hydrapple|Fickle Beam|p2a: Corviknight\n|-resisted|p2a: Corviknight\n|-damage|p2a: Corviknight|49/100\n|\n|-heal|p2a: Corviknight|55/100|[from] item: Leftovers\n|upkeep\n|turn|19\n|\n|t:|1782449419\n|move|p2a: Corviknight|Roost|p2a: Corviknight\n|-heal|p2a: Corviknight|100/100\n|-singleturn|p2a: Corviknight|move: Roost\n|move|p1a: Hydrapple|Fickle Beam|p2a: Corviknight\n|-resisted|p2a: Corviknight\n|-damage|p2a: Corviknight|77/100\n|\n|-heal|p2a: Corviknight|83/100|[from] item: Leftovers\n|upkeep\n|turn|20\n|\n|t:|1782449422\n|move|p2a: Corviknight|Brave Bird|p1a: Hydrapple\n|-damage|p1a: Hydrapple|80/100\n|-damage|p2a: Corviknight|67/100|[from] item: Rocky Helmet|[of] p1a: Hydrapple\n|-damage|p2a: Corviknight|60/100|[from] Recoil\n|move|p1a: Hydrapple|Fickle Beam|p2a: Corviknight\n|-resisted|p2a: Corviknight\n|-damage|p2a: Corviknight|39/100\n|\n|-heal|p2a: Corviknight|45/100|[from] item: Leftovers\n|upkeep\n|turn|21\n|\n|t:|1782449425\n|move|p2a: Corviknight|Roost|p2a: Corviknight\n|-heal|p2a: Corviknight|95/100\n|-singleturn|p2a: Corviknight|move: Roost\n|move|p1a: Hydrapple|Earth Power|p2a: Corviknight\n|-supereffective|p2a: Corviknight\n|-damage|p2a: Corviknight|33/100\n|\n|-heal|p2a: Corviknight|39/100|[from] item: Leftovers\n|upkeep\n|turn|22\n|\n|t:|1782449432\n|move|p2a: Corviknight|Roost|p2a: Corviknight\n|-heal|p2a: Corviknight|89/100\n|-singleturn|p2a: Corviknight|move: Roost\n|move|p1a: Hydrapple|Giga Drain|p2a: Corviknight\n|-resisted|p2a: Corviknight\n|-damage|p2a: Corviknight|69/100\n|-heal|p1a: Hydrapple|90/100|[from] drain|[of] p2a: Corviknight\n|\n|-heal|p2a: Corviknight|75/100|[from] item: Leftovers\n|upkeep\n|turn|23\n|\n|t:|1782449446\n|switch|p1a: Cinderace|Cinderace, F|89/100\n|move|p2a: Corviknight|Brave Bird|p1a: Cinderace\n|-damage|p1a: Cinderace|33/100\n|-damage|p2a: Corviknight|61/100|[from] Recoil\n|\n|-heal|p2a: Corviknight|68/100|[from] item: Leftovers\n|upkeep\n|turn|24\n|\n|t:|1782449451\n|switch|p2a: Alomomola|Alomomola, M|100/100 brn\n|move|p1a: Cinderace|U-turn|p2a: Alomomola\n|-start|p1a: Cinderace|typechange|Bug|[from] ability: Libero\n|-damage|p2a: Alomomola|75/100 brn\n|\n|t:|1782449453\n|switch|p1a: Ting-Lu|Ting-Lu|100/100|[from] U-turn\n|-ability|p1a: Ting-Lu|Vessel of Ruin\n|\n|-damage|p2a: Alomomola|69/100 brn|[from] brn\n|upkeep\n|turn|25\n|\n|t:|1782449465\n|move|p1a: Ting-Lu|Stealth Rock|p2a: Alomomola\n|-sidestart|p2: msean3|move: Stealth Rock\n|move|p2a: Alomomola|Flip Turn|p1a: Ting-Lu\n|-supereffective|p1a: Ting-Lu\n|-crit|p1a: Ting-Lu\n|-damage|p1a: Ting-Lu|87/100\n|\n|t:|1782449474\n|switch|p2a: Garchomp|Garchomp, F|51/100|[from] Flip Turn\n|-damage|p2a: Garchomp|45/100|[from] Stealth Rock\n|\n|-heal|p1a: Ting-Lu|93/100|[from] item: Leftovers\n|upkeep\n|turn|26\n|\n|t:|1782449479\n|move|p2a: Garchomp|Stealth Rock|p1a: Ting-Lu\n|-sidestart|p1: Archerdadon|move: Stealth Rock\n|move|p1a: Ting-Lu|Earthquake|p2a: Garchomp\n|-damage|p2a: Garchomp|20/100\n|\n|-heal|p1a: Ting-Lu|99/100|[from] item: Leftovers\n|upkeep\n|turn|27\n|\n|t:|1782449499\n|switch|p2a: Corviknight|Corviknight, M|68/100\n|-damage|p2a: Corviknight|55/100|[from] Stealth Rock\n|-ability|p2a: Corviknight|Pressure\n|move|p1a: Ting-Lu|Earthquake|p2a: Corviknight\n|-immune|p2a: Corviknight\n|\n|-heal|p2a: Corviknight|61/100|[from] item: Leftovers\n|-heal|p1a: Ting-Lu|100/100|[from] item: Leftovers\n|upkeep\n|turn|28\n|\n|t:|1782449507\n|switch|p1a: Dondozo|Dondozo, F|94/100\n|-damage|p1a: Dondozo|82/100|[from] Stealth Rock\n|move|p2a: Corviknight|U-turn|p1a: Dondozo\n|-damage|p1a: Dondozo|75/100\n|\n|t:|1782449530\n|switch|p2a: Garchomp|Garchomp, F|20/100|[from] U-turn\n|-damage|p2a: Garchomp|14/100|[from] Stealth Rock\n|\n|-heal|p1a: Dondozo|81/100|[from] item: Leftovers\n|upkeep\n|turn|29\n|\n|t:|1782449535\n|move|p2a: Garchomp|Spikes|p1a: Dondozo\n|-sidestart|p1: Archerdadon|Spikes\n|move|p1a: Dondozo|Waterfall|p2a: Garchomp\n|-crit|p2a: Garchomp\n|-damage|p2a: Garchomp|0 fnt\n|-damage|p1a: Dondozo|69/100|[from] ability: Rough Skin|[of] p2a: Garchomp\n|-damage|p1a: Dondozo|52/100|[from] item: Rocky Helmet|[of] p2a: Garchomp\n|faint|p2a: Garchomp\n|\n|-heal|p1a: Dondozo|58/100|[from] item: Leftovers\n|upkeep\n|\n|t:|1782449538\n|switch|p2a: Darkrai|Darkrai|100/100\n|-damage|p2a: Darkrai|88/100|[from] Stealth Rock\n|turn|30\n|\n|t:|1782449542\n|switch|p1a: Heatran|Heatran, F|83/100\n|-damage|p1a: Heatran|70/100|[from] Stealth Rock\n|-damage|p1a: Heatran|58/100|[from] Spikes\n|move|p2a: Darkrai|Ice Beam|p1a: Heatran\n|-resisted|p1a: Heatran\n|-damage|p1a: Heatran|50/100\n|\n|-heal|p1a: Heatran|57/100|[from] item: Leftovers\n|upkeep\n|turn|31\n|\n|t:|1782449547\n|switch|p2a: Alomomola|Alomomola, M|100/100 brn\n|-damage|p2a: Alomomola|88/100 brn|[from] Stealth Rock\n|switch|p1a: Cinderace|Cinderace, F|33/100\n|\n|-damage|p2a: Alomomola|82/100 brn|[from] brn\n|upkeep\n|turn|32\n|\n|t:|1782449549\n|move|p1a: Cinderace|Court Change|p1a: Cinderace\n|-start|p1a: Cinderace|typechange|Normal|[from] ability: Libero\n|-swapsideconditions\n|-activate|p1a: Cinderace|move: Court Change\n|move|p2a: Alomomola|Flip Turn|p1a: Cinderace\n|-damage|p1a: Cinderace|21/100\n|\n|t:|1782449552\n|switch|p2a: Darkrai|Darkrai|88/100|[from] Flip Turn\n|-damage|p2a: Darkrai|76/100|[from] Stealth Rock\n|-damage|p2a: Darkrai|63/100|[from] Spikes\n|\n|upkeep\n|turn|33\n|\n|t:|1782449556\n|move|p2a: Darkrai|Focus Blast|p1a: Cinderace|[miss]\n|-miss|p2a: Darkrai|p1a: Cinderace\n|move|p1a: Cinderace|High Jump Kick|p2a: Darkrai\n|-supereffective|p2a: Darkrai\n|-damage|p2a: Darkrai|0 fnt\n|faint|p2a: Darkrai\n|\n|upkeep\n|\n|t:|1782449558\n|switch|p2a: Ogerpon|Ogerpon, F|100/100\n|turn|34\n|\n|t:|1782449566\n|-terastallize|p2a: Ogerpon|Grass\n|detailschange|p2a: Ogerpon|Ogerpon-Teal-Tera, F, tera:Grass\n|-ability|p2a: Ogerpon|Embody Aspect (Teal)|boost\n|-boost|p2a: Ogerpon|spe|1\n|move|p2a: Ogerpon|Ivy Cudgel|p1a: Cinderace\n|-crit|p1a: Cinderace\n|-damage|p1a: Cinderace|0 fnt\n|faint|p1a: Cinderace\n|\n|upkeep\n|\n|t:|1782449573\n|switch|p1a: Hydrapple|Hydrapple, M, tera:Poison|100/100\n|-damage|p1a: Hydrapple|88/100|[from] Stealth Rock\n|turn|35\n|\n|t:|1782449579\n|move|p2a: Ogerpon|U-turn|p1a: Hydrapple\n|-resisted|p1a: Hydrapple\n|-crit|p1a: Hydrapple\n|-damage|p1a: Hydrapple|78/100\n|-damage|p2a: Ogerpon|84/100|[from] item: Rocky Helmet|[of] p1a: Hydrapple\n|\n|t:|1782449580\n|switch|p2a: Corviknight|Corviknight, M|61/100|[from] U-turn\n|-damage|p2a: Corviknight|49/100|[from] Stealth Rock\n|-ability|p2a: Corviknight|Pressure\n|move|p1a: Hydrapple|Fickle Beam|p2a: Corviknight\n|-resisted|p2a: Corviknight\n|-damage|p2a: Corviknight|37/100\n|\n|-heal|p2a: Corviknight|43/100|[from] item: Leftovers\n|upkeep\n|turn|36\n|\n|t:|1782449591\n|move|p2a: Corviknight|Brave Bird|p1a: Hydrapple\n|-damage|p1a: Hydrapple|56/100\n|-damage|p2a: Corviknight|27/100|[from] item: Rocky Helmet|[of] p1a: Hydrapple\n|-damage|p2a: Corviknight|19/100|[from] Recoil\n|move|p1a: Hydrapple|Nasty Plot|p1a: Hydrapple\n|-boost|p1a: Hydrapple|spa|2\n|\n|-heal|p2a: Corviknight|25/100|[from] item: Leftovers\n|upkeep\n|turn|37\n|\n|t:|1782449600\n|move|p2a: Corviknight|Brave Bird|p1a: Hydrapple\n|-damage|p1a: Hydrapple|34/100\n|-damage|p2a: Corviknight|9/100|[from] item: Rocky Helmet|[of] p1a: Hydrapple\n|-damage|p2a: Corviknight|1/100|[from] Recoil\n|move|p1a: Hydrapple|Nasty Plot|p1a: Hydrapple\n|-boost|p1a: Hydrapple|spa|2\n|\n|-heal|p2a: Corviknight|8/100|[from] item: Leftovers\n|upkeep\n|turn|38\n|\n|t:|1782449604\n|move|p2a: Corviknight|Brave Bird|p1a: Hydrapple\n|-damage|p1a: Hydrapple|13/100\n|-damage|p2a: Corviknight|0 fnt|[from] item: Rocky Helmet|[of] p1a: Hydrapple\n|faint|p2a: Corviknight\n|move|p1a: Hydrapple|Giga Drain|p2: Corviknight|[notarget]\n|-fail|p1a: Hydrapple\n|\n|upkeep\n|\n|t:|1782449606\n|switch|p2a: Ogerpon|Ogerpon-Teal-Tera, F, tera:Grass|84/100\n|-ability|p2a: Ogerpon|Embody Aspect (Teal)|boost\n|-boost|p2a: Ogerpon|spe|1\n|turn|39\n|\n|t:|1782449615\n|switch|p1a: Ting-Lu|Ting-Lu|100/100\n|-damage|p1a: Ting-Lu|94/100|[from] Stealth Rock\n|-ability|p1a: Ting-Lu|Vessel of Ruin\n|move|p2a: Ogerpon|Ivy Cudgel|p1a: Ting-Lu\n|-supereffective|p1a: Ting-Lu\n|-damage|p1a: Ting-Lu|27/100\n|\n|-heal|p1a: Ting-Lu|34/100|[from] item: Leftovers\n|upkeep\n|turn|40\n|\n|t:|1782449622\n|move|p2a: Ogerpon|Ivy Cudgel|p1a: Ting-Lu\n|-supereffective|p1a: Ting-Lu\n|-damage|p1a: Ting-Lu|0 fnt\n|faint|p1a: Ting-Lu\n|\n|upkeep\n|\n|t:|1782449624\n|switch|p1a: Hydrapple|Hydrapple, M, tera:Poison|46/100\n|-damage|p1a: Hydrapple|33/100|[from] Stealth Rock\n|turn|41\n|\n|t:|1782449630\n|switch|p1a: Heatran|Heatran, F|57/100\n|-damage|p1a: Heatran|44/100|[from] Stealth Rock\n|move|p2a: Ogerpon|Knock Off|p1a: Heatran\n|-damage|p1a: Heatran|18/100\n|-enditem|p1a: Heatran|Leftovers|[from] move: Knock Off|[of] p2a: Ogerpon\n|\n|upkeep\n|turn|42\n|\n|t:|1782449633\n|switch|p2a: Alomomola|Alomomola, M|100/100 brn\n|-damage|p2a: Alomomola|88/100 brn|[from] Stealth Rock\n|-damage|p2a: Alomomola|76/100 brn|[from] Spikes\n|move|p1a: Heatran|Magma Storm|p2a: Alomomola\n|-resisted|p2a: Alomomola\n|-damage|p2a: Alomomola|66/100 brn\n|-activate|p2a: Alomomola|move: Magma Storm|[of] p1a: Heatran\n|\n|-damage|p2a: Alomomola|60/100 brn|[from] brn\n|-damage|p2a: Alomomola|47/100 brn|[from] move: Magma Storm|[partiallytrapped]\n|upkeep\n|turn|43\n|\n|t:|1782449644\n|switch|p1a: Hydrapple|Hydrapple, M, tera:Poison|66/100\n|-damage|p1a: Hydrapple|54/100|[from] Stealth Rock\n|move|p2a: Alomomola|Flip Turn|p1a: Hydrapple\n|-damage|p1a: Hydrapple|49/100\n|-damage|p2a: Alomomola|31/100 brn|[from] item: Rocky Helmet|[of] p1a: Hydrapple\n|\n|t:|1782449653\n|switch|p2a: Weezing|Weezing-Galar, F|84/100|[from] Flip Turn\n|-ability|p2a: Weezing|Neutralizing Gas\n|-damage|p2a: Weezing|72/100|[from] Stealth Rock\n|-damage|p2a: Weezing|60/100|[from] Spikes\n|\n|-heal|p2a: Weezing|66/100|[from] item: Leftovers\n|upkeep\n|turn|44\n|\n|t:|1782449657\n|switch|p1a: Heatran|Heatran, F|18/100\n|-damage|p1a: Heatran|6/100|[from] Stealth Rock\n|move|p2a: Weezing|Will-O-Wisp|p1a: Heatran\n|-immune|p1a: Heatran\n|\n|-heal|p2a: Weezing|72/100|[from] item: Leftovers\n|upkeep\n|turn|45\n|\n|t:|1782449664\n|-end|p2a: Weezing|ability: Neutralizing Gas\n|switch|p2a: Alomomola|Alomomola, M|64/100 brn\n|-damage|p2a: Alomomola|52/100 brn|[from] Stealth Rock\n|-damage|p2a: Alomomola|39/100 brn|[from] Spikes\n|move|p1a: Heatran|Magma Storm|p2a: Alomomola\n|-resisted|p2a: Alomomola\n|-damage|p2a: Alomomola|29/100 brn\n|-activate|p2a: Alomomola|move: Magma Storm|[of] p1a: Heatran\n|\n|-damage|p2a: Alomomola|22/100 brn|[from] brn\n|-damage|p2a: Alomomola|10/100 brn|[from] move: Magma Storm|[partiallytrapped]\n|upkeep\n|turn|46\n|\n|t:|1782449678\n|move|p2a: Alomomola|Aqua Jet|p1a: Heatran\n|-supereffective|p1a: Heatran\n|-damage|p1a: Heatran|0 fnt\n|faint|p1a: Heatran\n|\n|-damage|p2a: Alomomola|4/100 brn|[from] brn\n|-end|p2a: Alomomola|Magma Storm|[partiallytrapped]|[silent]\n|upkeep\n|\n|t:|1782449682\n|switch|p1a: Hydrapple|Hydrapple, M, tera:Poison|49/100\n|-damage|p1a: Hydrapple|37/100|[from] Stealth Rock\n|turn|47\n|\n|t:|1782449701\n|move|p1a: Hydrapple|Earth Power|p2a: Alomomola\n|-damage|p2a: Alomomola|0 fnt\n|faint|p2a: Alomomola\n|\n|upkeep\n|\n|t:|1782449703\n|switch|p2a: Weezing|Weezing-Galar, F|72/100\n|-ability|p2a: Weezing|Neutralizing Gas\n|-damage|p2a: Weezing|59/100|[from] Stealth Rock\n|-damage|p2a: Weezing|47/100|[from] Spikes\n|turn|48\n|\n|t:|1782449714\n|move|p2a: Weezing|Sludge Bomb|p1a: Hydrapple\n|-resisted|p1a: Hydrapple\n|-damage|p1a: Hydrapple|23/100\n|move|p1a: Hydrapple|Earth Power|p2a: Weezing\n|-supereffective|p2a: Weezing\n|-damage|p2a: Weezing|0 fnt\n|faint|p2a: Weezing\n|-end|p2a: Weezing|ability: Neutralizing Gas\n|\n|upkeep\n|\n|t:|1782449727\n|switch|p2a: Ogerpon|Ogerpon-Teal-Tera, F, tera:Grass|84/100\n|-ability|p2a: Ogerpon|Embody Aspect (Teal)|boost\n|-boost|p2a: Ogerpon|spe|1\n|turn|49\n|\n|t:|1782449734\n|move|p2a: Ogerpon|Ivy Cudgel|p1a: Hydrapple\n|-resisted|p1a: Hydrapple\n|-crit|p1a: Hydrapple\n|-damage|p1a: Hydrapple|0 fnt\n|faint|p1a: Hydrapple\n|\n|upkeep\n|\n|t:|1782449737\n|switch|p1a: Dondozo|Dondozo, F|58/100\n|-damage|p1a: Dondozo|46/100|[from] Stealth Rock\n|turn|50\n|\n|t:|1782449749\n|move|p2a: Ogerpon|Ivy Cudgel|p1a: Dondozo\n|-supereffective|p1a: Dondozo\n|-damage|p1a: Dondozo|0 fnt\n|faint|p1a: Dondozo\n|\n|win|msean3\n|raw|Archerdadon's rating: 1630 &rarr; <strong>1607</strong><br />(-23 for losing)\n|raw|msean3's rating: 1579 &rarr; <strong>1602</strong><br />(+23 for winning)\n|l|☆Archerdadon\n|player|p1|\n|l|‽msean3\n|player|p2|\n", "uploadtime": 1782449911, "views": 6, "formatid": "gen9ou", "rating": 1602, "private": 0, "password": null}