{"id": "gen9ou-2639986788", "format": "[Gen 9] OU", "players": ["D098", "Sovereeign"], "log": "|j|☆D098\n|j|☆Sovereeign\n|t:|1782558685\n|gametype|singles\n|player|p1|D098|1|1568\n|player|p2|Sovereeign|morty|1586\n|gen|9\n|tier|[Gen 9] OU\n|rated|\n|rule|HP Percentage Mod: HP is shown in percentages\n|rule|Endless Battle Clause: Forcing endless battles is banned\n|rule|Species Clause: Limit one of each Pokémon\n|rule|OHKO Clause: OHKO moves are banned\n|rule|Evasion Items Clause: Evasion items are banned\n|rule|Evasion Moves Clause: Evasion moves are banned\n|rule|Evasion Abilities Clause: Evasion abilities are banned\n|rule|Sleep Moves Clause: Sleep-inducing moves are banned\n|clearpoke\n|poke|p1|Torkoal, F|\n|poke|p1|Landorus-Therian, M|\n|poke|p1|Arcanine-Hisui, M|\n|poke|p1|Sandy Shocks|\n|poke|p1|Walking Wake|\n|poke|p1|Hatterene, F|\n|poke|p2|Kyurem|\n|poke|p2|Slowking-Galar, M|\n|poke|p2|Great Tusk|\n|poke|p2|Ogerpon-Wellspring, F|\n|poke|p2|Cinderace, M|\n|poke|p2|Zapdos|\n|teampreview\n|inactive|Battle timer is ON: inactive players will automatically lose when time's up. (requested by Sovereeign)\n|\n|t:|1782558695\n|teamsize|p1|6\n|teamsize|p2|6\n|start\n|switch|p1a: Arcanine|Arcanine-Hisui, M|100/100\n|switch|p2a: Kyurem|Kyurem|100/100\n|-ability|p2a: Kyurem|Pressure\n|turn|1\n|\n|t:|1782558709\n|switch|p2a: Great Tusk|Great Tusk|100/100\n|-terastallize|p1a: Arcanine|Normal\n|move|p1a: Arcanine|Close Combat|p2a: Great Tusk\n|-damage|p2a: Great Tusk|64/100\n|-unboost|p1a: Arcanine|def|1\n|-unboost|p1a: Arcanine|spd|1\n|-damage|p1a: Arcanine|84/100|[from] item: Rocky Helmet|[of] p2a: Great Tusk\n|\n|upkeep\n|turn|2\n|\n|t:|1782558734\n|switch|p1a: Hatterene|Hatterene, F|100/100\n|move|p2a: Great Tusk|Stealth Rock|p1a: Hatterene\n|move|p1a: Hatterene|Stealth Rock|p2a: Great Tusk|[from] ability: Magic Bounce\n|-sidestart|p2: Sovereeign|move: Stealth Rock\n|\n|upkeep\n|turn|3\n|\n|t:|1782558741\n|-end|p2a: Great Tusk|Protosynthesis|[silent]\n|switch|p2a: Slowking|Slowking-Galar, M|100/100\n|-damage|p2a: Slowking|88/100|[from] Stealth Rock\n|move|p1a: Hatterene|Psychic|p2a: Slowking\n|-damage|p2a: Slowking|49/100\n|\n|-heal|p2a: Slowking|55/100|[from] item: Black Sludge\n|upkeep\n|turn|4\n|\n|t:|1782558755\n|switch|p1a: Landorus|Landorus-Therian, M|100/100\n|-ability|p1a: Landorus|Intimidate|boost\n|-unboost|p2a: Slowking|atk|1\n|-prepare|p2a: Slowking|Chilly Reception|[premajor]\n|move|p2a: Slowking|Chilly Reception|p2a: Slowking\n|-weather|Snowscape\n|\n|t:|1782558760\n|switch|p2a: Great Tusk|Great Tusk|64/100|[from] Chilly Reception\n|-damage|p2a: Great Tusk|61/100|[from] Stealth Rock\n|\n|-weather|Snowscape|[upkeep]\n|upkeep\n|turn|5\n|\n|t:|1782558770\n|move|p2a: Great Tusk|Rapid Spin|p1a: Landorus\n|-damage|p1a: Landorus|90/100\n|-boost|p2a: Great Tusk|spe|1\n|-damage|p2a: Great Tusk|45/100|[from] item: Rocky Helmet|[of] p1a: Landorus\n|-sideend|p2: Sovereeign|Stealth Rock|[from] move: Rapid Spin|[of] p2a: Great Tusk\n|move|p1a: Landorus|U-turn|p2a: Great Tusk\n|-resisted|p2a: Great Tusk\n|-damage|p2a: Great Tusk|38/100\n|-damage|p1a: Landorus|74/100|[from] item: Rocky Helmet|[of] p2a: Great Tusk\n|inactive|D098 has 120 seconds left.\n|\n|t:|1782558818\n|switch|p1a: Hatterene|Hatterene, F|100/100|[from] U-turn\n|\n|-weather|Snowscape|[upkeep]\n|upkeep\n|turn|6\n|\n|t:|1782558826\n|-end|p2a: Great Tusk|Protosynthesis|[silent]\n|switch|p2a: Slowking|Slowking-Galar, M|88/100\n|move|p1a: Hatterene|Psychic|p2a: Slowking\n|-damage|p2a: Slowking|52/100\n|\n|-weather|Snowscape|[upkeep]\n|-heal|p2a: Slowking|58/100|[from] item: Black Sludge\n|upkeep\n|turn|7\n|inactive|D098 has 120 seconds left.\n|\n|t:|1782558838\n|move|p1a: Hatterene|Psychic|p2a: Slowking\n|-damage|p2a: Slowking|20/100\n|-prepare|p2a: Slowking|Chilly Reception|[premajor]\n|move|p2a: Slowking|Chilly Reception|p2a: Slowking\n|\n|t:|1782558845\n|switch|p2a: Kyurem|Kyurem|100/100|[from] Chilly Reception\n|-ability|p2a: Kyurem|Pressure\n|\n|-weather|Snowscape|[upkeep]\n|upkeep\n|turn|8\n|\n|t:|1782558855\n|switch|p2a: Slowking|Slowking-Galar, M|53/100\n|move|p1a: Hatterene|Psychic|p2a: Slowking\n|-damage|p2a: Slowking|19/100\n|\n|-weather|none\n|-heal|p2a: Slowking|25/100|[from] item: Black Sludge\n|upkeep\n|turn|9\n|\n|t:|1782558883\n|move|p1a: Hatterene|Psychic|p2a: Slowking\n|-damage|p2a: Slowking|0 fnt\n|faint|p2a: Slowking\n|\n|upkeep\n|\n|t:|1782558889\n|switch|p2a: Ogerpon|Ogerpon-Wellspring, F|100/100\n|turn|10\n|\n|t:|1782558893\n|move|p2a: Ogerpon|Ivy Cudgel|p1a: Hatterene|[anim] Ivy Cudgel Water\n|-damage|p1a: Hatterene|34/100\n|move|p1a: Hatterene|Psychic|p2a: Ogerpon\n|-damage|p2a: Ogerpon|18/100\n|\n|upkeep\n|turn|11\n|\n|t:|1782558901\n|switch|p1a: Torkoal|Torkoal, F|100/100\n|-weather|SunnyDay|[from] ability: Drought|[of] p1a: Torkoal\n|move|p2a: Ogerpon|Ivy Cudgel|p1a: Torkoal|[anim] Ivy Cudgel Water\n|-supereffective|p1a: Torkoal\n|-damage|p1a: Torkoal|63/100\n|\n|-weather|SunnyDay|[upkeep]\n|upkeep\n|turn|12\n|\n|t:|1782558907\n|move|p2a: Ogerpon|Ivy Cudgel|p1a: Torkoal|[anim] Ivy Cudgel Water\n|-supereffective|p1a: Torkoal\n|-damage|p1a: Torkoal|26/100\n|move|p1a: Torkoal|Lava Plume|p2a: Ogerpon\n|-damage|p2a: Ogerpon|0 fnt\n|faint|p2a: Ogerpon\n|\n|-weather|SunnyDay|[upkeep]\n|upkeep\n|\n|t:|1782558928\n|switch|p2a: Great Tusk|Great Tusk|38/100\n|-activate|p2a: Great Tusk|ability: Protosynthesis\n|-start|p2a: Great Tusk|protosynthesisspe\n|turn|13\n|\n|t:|1782558937\n|switch|p1a: Landorus|Landorus-Therian, M|74/100\n|-ability|p1a: Landorus|Intimidate|boost\n|-unboost|p2a: Great Tusk|atk|1\n|move|p2a: Great Tusk|Ice Spinner|p1a: Landorus\n|-supereffective|p1a: Landorus\n|-damage|p1a: Landorus|28/100\n|-damage|p2a: Great Tusk|21/100|[from] item: Rocky Helmet|[of] p1a: Landorus\n|\n|-weather|SunnyDay|[upkeep]\n|upkeep\n|turn|14\n|\n|t:|1782558953\n|move|p2a: Great Tusk|Stealth Rock|p1a: Landorus\n|-sidestart|p1: D098|move: Stealth Rock\n|move|p1a: Landorus|Earthquake|p2a: Great Tusk\n|-crit|p2a: Great Tusk\n|-damage|p2a: Great Tusk|0 fnt\n|faint|p2a: Great Tusk\n|-end|p2a: Great Tusk|Protosynthesis|[silent]\n|\n|-weather|SunnyDay|[upkeep]\n|upkeep\n|\n|t:|1782558961\n|switch|p2a: Kyurem|Kyurem|100/100\n|-ability|p2a: Kyurem|Pressure\n|turn|15\n|\n|t:|1782558971\n|switch|p1a: Hatterene|Hatterene, F|34/100\n|-damage|p1a: Hatterene|22/100|[from] Stealth Rock\n|move|p2a: Kyurem|Ice Beam|p1a: Hatterene\n|-damage|p1a: Hatterene|0 fnt\n|faint|p1a: Hatterene\n|\n|-weather|SunnyDay|[upkeep]\n|upkeep\n|\n|t:|1782558977\n|switch|p1a: Walking Wake|Walking Wake|100/100\n|-damage|p1a: Walking Wake|88/100|[from] Stealth Rock\n|-activate|p1a: Walking Wake|ability: Protosynthesis\n|-start|p1a: Walking Wake|protosynthesisspe\n|turn|16\n|\n|t:|1782558984\n|switch|p2a: Zapdos|Zapdos|100/100\n|move|p1a: Walking Wake|Draco Meteor|p2a: Zapdos\n|-damage|p2a: Zapdos|0 fnt\n|-unboost|p1a: Walking Wake|spa|2\n|faint|p2a: Zapdos\n|\n|-weather|SunnyDay|[upkeep]\n|upkeep\n|\n|t:|1782558990\n|switch|p2a: Kyurem|Kyurem|100/100\n|-ability|p2a: Kyurem|Pressure\n|turn|17\n|\n|t:|1782559001\n|-terastallize|p2a: Kyurem|Ice\n|move|p1a: Walking Wake|Draco Meteor|p2a: Kyurem\n|-damage|p2a: Kyurem|58/100\n|-unboost|p1a: Walking Wake|spa|2\n|move|p2a: Kyurem|Ice Beam|p1a: Walking Wake\n|-damage|p1a: Walking Wake|0 fnt\n|faint|p1a: Walking Wake\n|-end|p1a: Walking Wake|Protosynthesis|[silent]\n|\n|-weather|SunnyDay|[upkeep]\n|upkeep\n|\n|t:|1782559011\n|switch|p1a: Sandy Shocks|Sandy Shocks|100/100\n|-damage|p1a: Sandy Shocks|94/100|[from] Stealth Rock\n|-activate|p1a: Sandy Shocks|ability: Protosynthesis\n|-start|p1a: Sandy Shocks|protosynthesisspa\n|turn|18\n|\n|t:|1782559015\n|move|p1a: Sandy Shocks|Flash Cannon|p2a: Kyurem\n|-supereffective|p2a: Kyurem\n|-damage|p2a: Kyurem|0 fnt\n|faint|p2a: Kyurem\n|-damage|p1a: Sandy Shocks|84/100|[from] item: Life Orb\n|\n|-weather|none\n|-end|p1a: Sandy Shocks|Protosynthesis\n|upkeep\n|\n|t:|1782559018\n|switch|p2a: Cinderace|Cinderace, M|100/100\n|turn|19\n|\n|t:|1782559026\n|move|p2a: Cinderace|Pyro Ball|p1a: Sandy Shocks\n|-damage|p1a: Sandy Shocks|35/100\n|move|p1a: Sandy Shocks|Earth Power|p2a: Cinderace\n|-supereffective|p2a: Cinderace\n|-damage|p2a: Cinderace|0 fnt\n|faint|p2a: Cinderace\n|-damage|p1a: Sandy Shocks|25/100|[from] item: Life Orb\n|\n|win|D098\n|raw|D098's rating: 1568 &rarr; <strong>1589</strong><br />(+21 for winning)\n|raw|Sovereeign's rating: 1586 &rarr; <strong>1565</strong><br />(-21 for losing)\n|l|☆D098\n|player|p1|\n|l|☆Sovereeign\n|player|p2|\n", "uploadtime": 1782559168, "views": 12, "formatid": "gen9ou", "rating": 1565, "private": 0, "password": null}