{"id": "gen9ou-2540594087", "format": "[Gen 9] OU", "players": ["do bronx aarone", "bh.babiri"], "log": "|j|☆do bronx aarone\n|j|☆bh.babiri\n|t:|1771223737\n|gametype|singles\n|player|p1|do bronx aarone|1|1616\n|player|p2|bh.babiri|pokemonbreederf-gen4|1681\n|gen|9\n|tier|[Gen 9] OU\n|rated|\n|rule|HP Percentage Mod: HP is shown in percentages\n|rule|Endless Battle Clause: Forcing endless battles is banned\n|rule|Species Clause: Limit one of each Pokémon\n|rule|OHKO Clause: OHKO moves are banned\n|rule|Evasion Items Clause: Evasion items are banned\n|rule|Evasion Moves Clause: Evasion moves are banned\n|rule|Evasion Abilities Clause: Evasion abilities are banned\n|rule|Sleep Moves Clause: Sleep-inducing moves are banned\n|clearpoke\n|poke|p1|Raging Bolt|\n|poke|p1|Great Tusk|\n|poke|p1|Primarina, M|\n|poke|p1|Ting-Lu|\n|poke|p1|Slowking-Galar, F|\n|poke|p1|Dragonite, M|\n|poke|p2|Iron Valiant|\n|poke|p2|Gliscor, M|\n|poke|p2|Latios, M|\n|poke|p2|Gholdengo|\n|poke|p2|Corviknight, M|\n|poke|p2|Darkrai|\n|teampreview\n|inactive|Battle timer is ON: inactive players will automatically lose when time's up. (requested by bh.babiri)\n|j| hbgzd\n|inactive|bh.babiri has 120 seconds left.\n|\n|t:|1771223770\n|teamsize|p1|6\n|teamsize|p2|6\n|start\n|switch|p1a: Primarina|Primarina, M|100/100\n|switch|p2a: Darkrai|Darkrai|100/100\n|turn|1\n|\n|t:|1771223796\n|switch|p2a: Gholdengo|Gholdengo|100/100\n|switch|p1a: Slowking|Slowking-Galar, F|100/100\n|\n|upkeep\n|turn|2\n|\n|t:|1771223803\n|move|p2a: Gholdengo|Thunder Wave|p1a: Slowking\n|-status|p1a: Slowking|par\n|move|p1a: Slowking|Future Sight|p2a: Gholdengo\n|-start|p1a: Slowking|move: Future Sight\n|\n|upkeep\n|turn|3\n|\n|t:|1771223809\n|move|p2a: Gholdengo|Hex|p1a: Slowking\n|-supereffective|p1a: Slowking\n|-damage|p1a: Slowking|14/100 par\n|-prepare|p1a: Slowking|Chilly Reception|[premajor]\n|cant|p1a: Slowking|par\n|\n|upkeep\n|turn|4\n|\n|t:|1771223816\n|switch|p1a: Ting-Lu|Ting-Lu|100/100\n|-ability|p1a: Ting-Lu|Vessel of Ruin\n|move|p2a: Gholdengo|Make It Rain|p1a: Ting-Lu\n|-damage|p1a: Ting-Lu|72/100\n|-unboost|p2a: Gholdengo|spa|1\n|\n|-end|p2a: Gholdengo|move: Future Sight\n|-resisted|p2a: Gholdengo\n|-damage|p2a: Gholdengo|84/100\n|-heal|p2a: Gholdengo|90/100|[from] item: Leftovers\n|-heal|p1a: Ting-Lu|79/100|[from] item: Leftovers\n|upkeep\n|turn|5\n|\n|t:|1771223831\n|switch|p2a: Gliscor|Gliscor, M|100/100\n|switch|p1a: Primarina|Primarina, M|100/100\n|\n|-status|p2a: Gliscor|tox|[from] item: Toxic Orb\n|upkeep\n|turn|6\n|\n|t:|1771223841\n|switch|p2a: Gholdengo|Gholdengo|90/100\n|move|p1a: Primarina|Surf|p2a: Gholdengo\n|-damage|p2a: Gholdengo|22/100\n|\n|-heal|p2a: Gholdengo|29/100|[from] item: Leftovers\n|upkeep\n|turn|7\n|\n|t:|1771223861\n|switch|p1a: Ting-Lu|Ting-Lu|79/100\n|-ability|p1a: Ting-Lu|Vessel of Ruin\n|move|p2a: Gholdengo|Recover|p2a: Gholdengo\n|-heal|p2a: Gholdengo|79/100\n|\n|-heal|p2a: Gholdengo|85/100|[from] item: Leftovers\n|-heal|p1a: Ting-Lu|85/100|[from] item: Leftovers\n|upkeep\n|turn|8\n|\n|t:|1771223874\n|switch|p2a: Gliscor|Gliscor, M|100/100 tox\n|move|p1a: Ting-Lu|Earthquake|p2a: Gliscor\n|-immune|p2a: Gliscor\n|\n|-heal|p1a: Ting-Lu|91/100|[from] item: Leftovers\n|upkeep\n|turn|9\n|\n|t:|1771223884\n|move|p2a: Gliscor|Toxic|p1a: Ting-Lu\n|-status|p1a: Ting-Lu|tox\n|move|p1a: Ting-Lu|Ruination|p2a: Gliscor\n|-damage|p2a: Gliscor|50/100 tox\n|\n|-heal|p1a: Ting-Lu|97/100 tox|[from] item: Leftovers\n|-heal|p2a: Gliscor|63/100 tox|[from] ability: Poison Heal\n|-damage|p1a: Ting-Lu|91/100 tox|[from] psn\n|upkeep\n|turn|10\n|\n|t:|1771223894\n|move|p2a: Gliscor|Stealth Rock|p1a: Ting-Lu\n|-sidestart|p1: do bronx aarone|move: Stealth Rock\n|move|p1a: Ting-Lu|Ruination|p2a: Gliscor\n|-damage|p2a: Gliscor|32/100 tox\n|\n|-heal|p1a: Ting-Lu|97/100 tox|[from] item: Leftovers\n|-heal|p2a: Gliscor|44/100 tox|[from] ability: Poison Heal\n|-damage|p1a: Ting-Lu|85/100 tox|[from] psn\n|upkeep\n|turn|11\n|\n|t:|1771223904\n|move|p2a: Gliscor|Earthquake|p1a: Ting-Lu\n|-damage|p1a: Ting-Lu|67/100 tox\n|move|p1a: Ting-Lu|Spikes|p2a: Gliscor\n|-sidestart|p2: bh.babiri|Spikes\n|\n|-heal|p1a: Ting-Lu|73/100 tox|[from] item: Leftovers\n|-heal|p2a: Gliscor|57/100 tox|[from] ability: Poison Heal\n|-damage|p1a: Ting-Lu|54/100 tox|[from] psn\n|upkeep\n|turn|12\n|j| fifodrummer\n|\n|t:|1771223914\n|switch|p1a: Great Tusk|Great Tusk|100/100\n|-damage|p1a: Great Tusk|98/100|[from] Stealth Rock\n|move|p2a: Gliscor|Earthquake|p1a: Great Tusk\n|-damage|p1a: Great Tusk|81/100\n|\n|-heal|p2a: Gliscor|69/100 tox|[from] ability: Poison Heal\n|upkeep\n|turn|13\n|\n|t:|1771223924\n|move|p2a: Gliscor|Protect|p2a: Gliscor\n|-singleturn|p2a: Gliscor|Protect\n|move|p1a: Great Tusk|Stealth Rock|p2a: Gliscor\n|-sidestart|p2: bh.babiri|move: Stealth Rock\n|\n|-heal|p2a: Gliscor|82/100 tox|[from] ability: Poison Heal\n|upkeep\n|turn|14\n|\n|t:|1771223932\n|switch|p2a: Corviknight|Corviknight, M|100/100\n|-ability|p2a: Corviknight|Pressure\n|move|p1a: Great Tusk|Ice Spinner|p2a: Corviknight\n|-damage|p2a: Corviknight|86/100\n|\n|upkeep\n|turn|15\n|\n|t:|1771223942\n|-end|p1a: Great Tusk|Protosynthesis|[silent]\n|switch|p1a: Primarina|Primarina, M|100/100\n|-damage|p1a: Primarina|88/100|[from] Stealth Rock\n|move|p2a: Corviknight|U-turn|p1a: Primarina\n|-resisted|p1a: Primarina\n|-damage|p1a: Primarina|80/100\n|\n|t:|1771223946\n|switch|p2a: Gholdengo|Gholdengo|85/100|[from] U-turn\n|-damage|p2a: Gholdengo|72/100|[from] Spikes\n|-damage|p2a: Gholdengo|66/100|[from] Stealth Rock\n|\n|-heal|p2a: Gholdengo|72/100|[from] item: Leftovers\n|upkeep\n|turn|16\n|\n|t:|1771223956\n|move|p2a: Gholdengo|Thunder Wave|p1a: Primarina\n|-status|p1a: Primarina|par\n|move|p1a: Primarina|Shadow Ball|p2a: Gholdengo\n|-supereffective|p2a: Gholdengo\n|-damage|p2a: Gholdengo|0 fnt\n|faint|p2a: Gholdengo\n|\n|upkeep\n|\n|t:|1771223980\n|switch|p2a: Corviknight|Corviknight, M|86/100\n|-ability|p2a: Corviknight|Pressure\n|turn|17\n|\n|t:|1771223986\n|switch|p1a: Raging Bolt|Raging Bolt|100/100\n|-damage|p1a: Raging Bolt|88/100|[from] Stealth Rock\n|move|p2a: Corviknight|U-turn|p1a: Raging Bolt\n|-damage|p1a: Raging Bolt|75/100\n|\n|t:|1771223988\n|switch|p2a: Iron Valiant|Iron Valiant|100/100|[from] U-turn\n|-damage|p2a: Iron Valiant|88/100|[from] Spikes\n|-damage|p2a: Iron Valiant|82/100|[from] Stealth Rock\n|-enditem|p2a: Iron Valiant|Booster Energy\n|-activate|p2a: Iron Valiant|ability: Quark Drive|[fromitem]\n|-start|p2a: Iron Valiant|quarkdrivespe\n|\n|upkeep\n|turn|18\n|\n|t:|1771224000\n|move|p2a: Iron Valiant|Calm Mind|p2a: Iron Valiant\n|-boost|p2a: Iron Valiant|spa|1\n|-boost|p2a: Iron Valiant|spd|1\n|move|p1a: Raging Bolt|Thunderbolt|p2a: Iron Valiant\n|-damage|p2a: Iron Valiant|22/100\n|\n|upkeep\n|turn|19\n|\n|t:|1771224006\n|move|p1a: Raging Bolt|Thunderclap|p2a: Iron Valiant\n|-damage|p2a: Iron Valiant|0 fnt\n|faint|p2a: Iron Valiant\n|-end|p2a: Iron Valiant|Quark Drive|[silent]\n|\n|upkeep\n|\n|t:|1771224010\n|switch|p2a: Latios|Latios, M|100/100\n|-damage|p2a: Latios|88/100|[from] Stealth Rock\n|turn|20\n|l| fifodrummer\n|\n|t:|1771224019\n|-end|p1a: Raging Bolt|Protosynthesis|[silent]\n|switch|p1a: Ting-Lu|Ting-Lu|54/100 tox\n|-damage|p1a: Ting-Lu|48/100 tox|[from] Stealth Rock\n|-ability|p1a: Ting-Lu|Vessel of Ruin\n|move|p2a: Latios|Flip Turn|p1a: Ting-Lu\n|-supereffective|p1a: Ting-Lu\n|-damage|p1a: Ting-Lu|35/100 tox\n|\n|t:|1771224023\n|switch|p2a: Corviknight|Corviknight, M|86/100|[from] Flip Turn\n|-ability|p2a: Corviknight|Pressure\n|\n|-heal|p1a: Ting-Lu|42/100 tox|[from] item: Leftovers\n|-damage|p1a: Ting-Lu|35/100 tox|[from] psn\n|upkeep\n|turn|21\n|\n|t:|1771224036\n|move|p2a: Corviknight|Defog|p1a: Ting-Lu\n|-unboost|p1a: Ting-Lu|evasion|1\n|-sideend|p1: do bronx aarone|Stealth Rock|[from] move: Defog|[of] p2a: Corviknight\n|-sideend|p2: bh.babiri|Spikes|[from] move: Defog|[of] p2a: Corviknight\n|-sideend|p2: bh.babiri|Stealth Rock|[from] move: Defog|[of] p2a: Corviknight\n|move|p1a: Ting-Lu|Ruination|p2a: Corviknight\n|-damage|p2a: Corviknight|44/100\n|\n|-heal|p1a: Ting-Lu|42/100 tox|[from] item: Leftovers\n|-damage|p1a: Ting-Lu|29/100 tox|[from] psn\n|upkeep\n|turn|22\n|\n|t:|1771224046\n|switch|p1a: Primarina|Primarina, M|80/100 par\n|move|p2a: Corviknight|Roost|p2a: Corviknight\n|-heal|p2a: Corviknight|94/100\n|-singleturn|p2a: Corviknight|move: Roost\n|\n|upkeep\n|turn|23\n|\n|t:|1771224055\n|move|p2a: Corviknight|Brave Bird|p1a: Primarina\n|-damage|p1a: Primarina|36/100 par\n|-damage|p2a: Corviknight|81/100|[from] Recoil\n|move|p1a: Primarina|Surf|p2a: Corviknight\n|-damage|p2a: Corviknight|12/100\n|\n|upkeep\n|turn|24\n|\n|t:|1771224066\n|move|p2a: Corviknight|Brave Bird|p1a: Primarina\n|-damage|p1a: Primarina|0 fnt\n|faint|p1a: Primarina\n|-damage|p2a: Corviknight|1/100|[from] Recoil\n|\n|upkeep\n|\n|t:|1771224078\n|switch|p1a: Raging Bolt|Raging Bolt|75/100\n|turn|25\n|\n|t:|1771224085\n|move|p1a: Raging Bolt|Dragon Pulse|p2a: Corviknight\n|-resisted|p2a: Corviknight\n|-damage|p2a: Corviknight|0 fnt\n|faint|p2a: Corviknight\n|\n|upkeep\n|\n|t:|1771224086\n|switch|p2a: Gliscor|Gliscor, M|82/100 tox\n|turn|26\n|\n|t:|1771224095\n|-end|p1a: Raging Bolt|Protosynthesis|[silent]\n|switch|p1a: Great Tusk|Great Tusk|81/100\n|move|p2a: Gliscor|Earthquake|p1a: Great Tusk\n|-damage|p1a: Great Tusk|67/100\n|\n|-heal|p2a: Gliscor|94/100 tox|[from] ability: Poison Heal\n|upkeep\n|turn|27\n|\n|t:|1771224104\n|switch|p2a: Latios|Latios, M|88/100\n|move|p1a: Great Tusk|Stealth Rock|p2a: Latios\n|-sidestart|p2: bh.babiri|move: Stealth Rock\n|\n|upkeep\n|turn|28\n|\n|t:|1771224113\n|-end|p1a: Great Tusk|Protosynthesis|[silent]\n|switch|p1a: Ting-Lu|Ting-Lu|29/100 tox\n|-ability|p1a: Ting-Lu|Vessel of Ruin\n|move|p2a: Latios|Flip Turn|p1a: Ting-Lu\n|-supereffective|p1a: Ting-Lu\n|-damage|p1a: Ting-Lu|17/100 tox\n|\n|t:|1771224117\n|switch|p2a: Gliscor|Gliscor, M|94/100 tox|[from] Flip Turn\n|-damage|p2a: Gliscor|82/100 tox|[from] Stealth Rock\n|\n|-heal|p1a: Ting-Lu|23/100 tox|[from] item: Leftovers\n|-heal|p2a: Gliscor|94/100 tox|[from] ability: Poison Heal\n|-damage|p1a: Ting-Lu|17/100 tox|[from] psn\n|upkeep\n|turn|29\n|\n|t:|1771224129\n|move|p2a: Gliscor|Stealth Rock|p1a: Ting-Lu\n|-sidestart|p1: do bronx aarone|move: Stealth Rock\n|move|p1a: Ting-Lu|Spikes|p2a: Gliscor\n|-sidestart|p2: bh.babiri|Spikes\n|\n|-heal|p1a: Ting-Lu|23/100 tox|[from] item: Leftovers\n|-heal|p2a: Gliscor|100/100 tox|[from] ability: Poison Heal\n|-damage|p1a: Ting-Lu|11/100 tox|[from] psn\n|upkeep\n|turn|30\n|l| hbgzd\n|\n|t:|1771224139\n|move|p2a: Gliscor|Earthquake|p1a: Ting-Lu\n|-damage|p1a: Ting-Lu|0 fnt\n|faint|p1a: Ting-Lu\n|\n|upkeep\n|\n|t:|1771224144\n|switch|p1a: Great Tusk|Great Tusk|67/100\n|-damage|p1a: Great Tusk|64/100|[from] Stealth Rock\n|turn|31\n|\n|t:|1771224155\n|-terastallize|p2a: Gliscor|Normal\n|move|p2a: Gliscor|Toxic|p1a: Great Tusk\n|-status|p1a: Great Tusk|tox\n|move|p1a: Great Tusk|Ice Spinner|p2a: Gliscor\n|-damage|p2a: Gliscor|87/100 tox\n|\n|-heal|p2a: Gliscor|99/100 tox|[from] ability: Poison Heal\n|-damage|p1a: Great Tusk|58/100 tox|[from] psn\n|upkeep\n|turn|32\n|\n|t:|1771224167\n|move|p2a: Gliscor|Earthquake|p1a: Great Tusk\n|-damage|p1a: Great Tusk|42/100 tox\n|move|p1a: Great Tusk|Rapid Spin|p2a: Gliscor\n|-damage|p2a: Gliscor|90/100 tox\n|-boost|p1a: Great Tusk|spe|1\n|-sideend|p1: do bronx aarone|Stealth Rock|[from] move: Rapid Spin|[of] p1a: Great Tusk\n|\n|-damage|p1a: Great Tusk|30/100 tox|[from] psn\n|-heal|p2a: Gliscor|100/100 tox|[from] ability: Poison Heal\n|upkeep\n|turn|33\n|\n|t:|1771224178\n|move|p1a: Great Tusk|Earthquake|p2a: Gliscor\n|-damage|p2a: Gliscor|74/100 tox\n|move|p2a: Gliscor|Stealth Rock|p1a: Great Tusk\n|-sidestart|p1: do bronx aarone|move: Stealth Rock\n|\n|-damage|p1a: Great Tusk|11/100 tox|[from] psn\n|-heal|p2a: Gliscor|87/100 tox|[from] ability: Poison Heal\n|upkeep\n|turn|34\n|\n|t:|1771224187\n|move|p2a: Gliscor|Protect|p2a: Gliscor\n|-singleturn|p2a: Gliscor|Protect\n|move|p1a: Great Tusk|Rapid Spin|p2a: Gliscor\n|-activate|p2a: Gliscor|move: Protect\n|\n|-damage|p1a: Great Tusk|0 fnt|[from] psn\n|faint|p1a: Great Tusk\n|-end|p1a: Great Tusk|Protosynthesis|[silent]\n|-heal|p2a: Gliscor|99/100 tox|[from] ability: Poison Heal\n|upkeep\n|\n|t:|1771224197\n|switch|p1a: Raging Bolt|Raging Bolt|75/100\n|-damage|p1a: Raging Bolt|63/100|[from] Stealth Rock\n|turn|35\n|\n|t:|1771224203\n|-terastallize|p1a: Raging Bolt|Fairy\n|move|p2a: Gliscor|Toxic|p1a: Raging Bolt\n|-status|p1a: Raging Bolt|tox\n|move|p1a: Raging Bolt|Thunderbolt|p2a: Gliscor\n|-damage|p2a: Gliscor|35/100 tox\n|\n|-heal|p2a: Gliscor|48/100 tox|[from] ability: Poison Heal\n|-damage|p1a: Raging Bolt|57/100 tox|[from] psn\n|upkeep\n|turn|36\n|\n|t:|1771224214\n|move|p2a: Gliscor|Protect|p2a: Gliscor\n|-singleturn|p2a: Gliscor|Protect\n|move|p1a: Raging Bolt|Dragon Pulse|p2a: Gliscor\n|-activate|p2a: Gliscor|move: Protect\n|\n|-heal|p2a: Gliscor|60/100 tox|[from] ability: Poison Heal\n|-damage|p1a: Raging Bolt|45/100 tox|[from] psn\n|upkeep\n|turn|37\n|\n|t:|1771224229\n|switch|p2a: Darkrai|Darkrai|100/100\n|-damage|p2a: Darkrai|88/100|[from] Stealth Rock\n|-damage|p2a: Darkrai|76/100|[from] Spikes\n|move|p1a: Raging Bolt|Thunderbolt|p2a: Darkrai\n|-damage|p2a: Darkrai|9/100\n|\n|-damage|p1a: Raging Bolt|26/100 tox|[from] psn\n|upkeep\n|turn|38\n|\n|t:|1771224239\n|move|p1a: Raging Bolt|Thunderclap||[still]\n|-fail|p1a: Raging Bolt\n|move|p2a: Darkrai|Nasty Plot|p2a: Darkrai\n|-boost|p2a: Darkrai|spa|2\n|\n|-damage|p1a: Raging Bolt|1/100 tox|[from] psn\n|upkeep\n|turn|39\n|\n|t:|1771224247\n|move|p2a: Darkrai|Ice Beam|p1a: Raging Bolt\n|-damage|p1a: Raging Bolt|0 fnt\n|faint|p1a: Raging Bolt\n|-end|p1a: Raging Bolt|Protosynthesis|[silent]\n|\n|upkeep\n|\n|t:|1771224253\n|switch|p1a: Dragonite|Dragonite, M|100/100\n|turn|40\n|\n|t:|1771224257\n|move|p1a: Dragonite|Extreme Speed|p2a: Darkrai\n|-damage|p2a: Darkrai|0 fnt\n|faint|p2a: Darkrai\n|\n|upkeep\n|\n|t:|1771224259\n|switch|p2a: Latios|Latios, M|88/100\n|-damage|p2a: Latios|76/100|[from] Stealth Rock\n|turn|41\n|\n|t:|1771224265\n|switch|p1a: Slowking|Slowking-Galar, F|47/100 par\n|-damage|p1a: Slowking|35/100 par|[from] Stealth Rock\n|move|p2a: Latios|Draco Meteor|p1a: Slowking|[miss]\n|-miss|p2a: Latios|p1a: Slowking\n|\n|upkeep\n|turn|42\n|\n|t:|1771224273\n|switch|p2a: Gliscor|Gliscor, M, tera:Normal|60/100 tox\n|-damage|p2a: Gliscor|48/100 tox|[from] Stealth Rock\n|-damage|p2a: Gliscor|35/100 tox|[from] Spikes\n|move|p1a: Slowking|Future Sight|p2a: Gliscor\n|-start|p1a: Slowking|move: Future Sight\n|\n|-heal|p2a: Gliscor|48/100 tox|[from] ability: Poison Heal\n|upkeep\n|turn|43\n|\n|t:|1771224282\n|move|p2a: Gliscor|Earthquake|p1a: Slowking\n|-supereffective|p1a: Slowking\n|-damage|p1a: Slowking|0 fnt\n|faint|p1a: Slowking\n|\n|-heal|p2a: Gliscor|60/100 tox|[from] ability: Poison Heal\n|upkeep\n|\n|t:|1771224290\n|switch|p1a: Dragonite|Dragonite, M|100/100\n|turn|44\n|\n|t:|1771224293\n|move|p1a: Dragonite|Dragon Dance|p1a: Dragonite\n|-boost|p1a: Dragonite|atk|1\n|-boost|p1a: Dragonite|spe|1\n|move|p2a: Gliscor|Toxic|p1a: Dragonite\n|-status|p1a: Dragonite|tox\n|\n|-end|p2a: Gliscor|move: Future Sight\n|-damage|p2a: Gliscor|10/100 tox\n|-damage|p1a: Dragonite|94/100 tox|[from] psn\n|-heal|p2a: Gliscor|22/100 tox|[from] ability: Poison Heal\n|upkeep\n|turn|45\n|\n|t:|1771224305\n|move|p1a: Dragonite|Dragon Dance|p1a: Dragonite\n|-boost|p1a: Dragonite|atk|1\n|-boost|p1a: Dragonite|spe|1\n|move|p2a: Gliscor|Earthquake|p1a: Dragonite\n|-immune|p1a: Dragonite\n|\n|-damage|p1a: Dragonite|82/100 tox|[from] psn\n|-heal|p2a: Gliscor|35/100 tox|[from] ability: Poison Heal\n|upkeep\n|turn|46\n|\n|t:|1771224314\n|move|p2a: Gliscor|Protect|p2a: Gliscor\n|-singleturn|p2a: Gliscor|Protect\n|move|p1a: Dragonite|Ice Spinner|p2a: Gliscor\n|-activate|p2a: Gliscor|move: Protect\n|\n|-damage|p1a: Dragonite|63/100 tox|[from] psn\n|-heal|p2a: Gliscor|47/100 tox|[from] ability: Poison Heal\n|upkeep\n|turn|47\n|\n|t:|1771224325\n|move|p1a: Dragonite|Ice Spinner|p2a: Gliscor\n|-damage|p2a: Gliscor|11/100 tox\n|move|p2a: Gliscor|Earthquake|p1a: Dragonite\n|-immune|p1a: Dragonite\n|\n|-damage|p1a: Dragonite|39/100 tox|[from] psn\n|-heal|p2a: Gliscor|23/100 tox|[from] ability: Poison Heal\n|upkeep\n|turn|48\n|\n|t:|1771224338\n|move|p2a: Gliscor|Protect|p2a: Gliscor\n|-singleturn|p2a: Gliscor|Protect\n|move|p1a: Dragonite|Dragon Dance|p1a: Dragonite\n|-boost|p1a: Dragonite|atk|1\n|-boost|p1a: Dragonite|spe|1\n|\n|-damage|p1a: Dragonite|8/100 tox|[from] psn\n|-heal|p2a: Gliscor|36/100 tox|[from] ability: Poison Heal\n|upkeep\n|turn|49\n|\n|t:|1771224347\n|move|p1a: Dragonite|Ice Spinner|p2a: Gliscor\n|-damage|p2a: Gliscor|0 fnt\n|faint|p2a: Gliscor\n|\n|-damage|p1a: Dragonite|0 fnt|[from] psn\n|faint|p1a: Dragonite\n|\n|win|bh.babiri\n|raw|do bronx aarone's rating: 1616 &rarr; <strong>1600</strong><br />(-16 for losing)\n|raw|bh.babiri's rating: 1681 &rarr; <strong>1697</strong><br />(+16 for winning)\n|l|☆bh.babiri\n|player|p2|\n|l|☆do bronx aarone\n|player|p1|\n", "uploadtime": 1771224614, "views": 12, "formatid": "gen9ou", "rating": 1600, "private": 0, "password": null}