{"id": "gen9ou-2639229602", "format": "[Gen 9] OU", "players": ["Makalvin123", "spicequake"], "log": "|j|☆Makalvin123\n|j|☆spicequake\n|t:|1782437461\n|gametype|singles\n|player|p1|Makalvin123|169|1161\n|player|p2|spicequake|170|1265\n|gen|9\n|tier|[Gen 9] OU\n|rated|\n|rule|HP Percentage Mod: HP is shown in percentages\n|rule|Endless Battle Clause: Forcing endless battles is banned\n|rule|Species Clause: Limit one of each Pokémon\n|rule|OHKO Clause: OHKO moves are banned\n|rule|Evasion Items Clause: Evasion items are banned\n|rule|Evasion Moves Clause: Evasion moves are banned\n|rule|Evasion Abilities Clause: Evasion abilities are banned\n|rule|Sleep Moves Clause: Sleep-inducing moves are banned\n|clearpoke\n|poke|p1|Weezing-Galar, F|\n|poke|p1|Drifblim, M|\n|poke|p1|Hitmonchan, M|\n|poke|p1|Haxorus, F|\n|poke|p1|Orthworm, F|\n|poke|p1|Snorlax, M|\n|poke|p2|Conkeldurr, F|\n|poke|p2|Ceruledge, F|\n|poke|p2|Garchomp, M|\n|poke|p2|Salamence, F|\n|poke|p2|Keldeo-Resolute|\n|poke|p2|Excadrill, M|\n|teampreview\n|\n|t:|1782437469\n|teamsize|p1|6\n|teamsize|p2|6\n|start\n|switch|p1a: Weezing|Weezing-Galar, F|100/100\n|switch|p2a: Keldeo|Keldeo-Resolute|100/100\n|-fieldstart|move: Misty Terrain|[from] ability: Misty Surge|[of] p1a: Weezing\n|turn|1\n|\n|t:|1782437484\n|switch|p1a: Drifblim|Drifblim, M|100/100\n|-enditem|p1a: Drifblim|Misty Seed\n|-boost|p1a: Drifblim|spd|1|[from] item: Misty Seed\n|move|p2a: Keldeo|Flip Turn|p1a: Drifblim\n|-damage|p1a: Drifblim|83/100\n|\n|t:|1782437493\n|switch|p2a: Ceruledge|Ceruledge, F|100/100|[from] Flip Turn\n|\n|upkeep\n|turn|2\n|\n|t:|1782437505\n|move|p2a: Ceruledge|Shadow Sneak|p1a: Drifblim\n|-supereffective|p1a: Drifblim\n|-crit|p1a: Drifblim\n|-damage|p1a: Drifblim|22/100\n|move|p1a: Drifblim|Shadow Ball|p2a: Ceruledge\n|-supereffective|p2a: Ceruledge\n|-damage|p2a: Ceruledge|58/100\n|-unboost|p2a: Ceruledge|spd|1\n|\n|-heal|p2a: Ceruledge|64/100|[from] item: Leftovers\n|upkeep\n|turn|3\n|\n|t:|1782437517\n|-terastallize|p1a: Drifblim|Dark\n|move|p2a: Ceruledge|Shadow Sneak|p1a: Drifblim\n|-resisted|p1a: Drifblim\n|-damage|p1a: Drifblim|11/100\n|move|p1a: Drifblim|Strength Sap|p2a: Ceruledge\n|-unboost|p2a: Ceruledge|atk|1\n|-heal|p1a: Drifblim|70/100\n|\n|-heal|p2a: Ceruledge|70/100|[from] item: Leftovers\n|upkeep\n|turn|4\n|\n|t:|1782437534\n|switch|p2a: Keldeo|Keldeo-Resolute|100/100\n|move|p1a: Drifblim|Shadow Ball|p2a: Keldeo\n|-damage|p2a: Keldeo|65/100\n|\n|upkeep\n|turn|5\n|\n|t:|1782437541\n|move|p1a: Drifblim|Air Slash|p2a: Keldeo\n|-supereffective|p2a: Keldeo\n|-damage|p2a: Keldeo|0 fnt\n|faint|p2a: Keldeo\n|\n|upkeep\n|\n|t:|1782437546\n|switch|p2a: Ceruledge|Ceruledge, F|70/100\n|turn|6\n|\n|t:|1782437557\n|move|p1a: Drifblim|Air Slash|p2a: Ceruledge\n|-damage|p2a: Ceruledge|48/100\n|cant|p2a: Ceruledge|flinch\n|\n|-heal|p2a: Ceruledge|54/100|[from] item: Leftovers\n|upkeep\n|turn|7\n|\n|t:|1782437565\n|move|p1a: Drifblim|Strength Sap|p2a: Ceruledge\n|-unboost|p2a: Ceruledge|atk|1\n|-heal|p1a: Drifblim|100/100\n|move|p2a: Ceruledge|Bitter Blade|p1a: Drifblim\n|-damage|p1a: Drifblim|69/100\n|-heal|p2a: Ceruledge|76/100|[from] drain|[of] p1a: Drifblim\n|\n|-heal|p2a: Ceruledge|82/100|[from] item: Leftovers\n|upkeep\n|turn|8\n|\n|t:|1782437582\n|switch|p2a: Conkeldurr|Conkeldurr, F|100/100\n|move|p1a: Drifblim|Calm Mind|p1a: Drifblim\n|-boost|p1a: Drifblim|spa|1\n|-boost|p1a: Drifblim|spd|1\n|\n|-fieldend|Misty Terrain\n|upkeep\n|turn|9\n|\n|t:|1782437590\n|move|p2a: Conkeldurr|Mach Punch|p1a: Drifblim\n|-supereffective|p1a: Drifblim\n|-damage|p1a: Drifblim|0 fnt\n|faint|p1a: Drifblim\n|\n|upkeep\n|\n|t:|1782437603\n|switch|p1a: Weezing|Weezing-Galar, F|100/100\n|-fieldstart|move: Misty Terrain|[from] ability: Misty Surge|[of] p1a: Weezing\n|turn|10\n|\n|t:|1782437622\n|switch|p2a: Ceruledge|Ceruledge, F|82/100\n|move|p1a: Weezing|Fire Blast|p2a: Ceruledge\n|-resisted|p2a: Ceruledge\n|-damage|p2a: Ceruledge|70/100\n|\n|-heal|p2a: Ceruledge|76/100|[from] item: Leftovers\n|upkeep\n|turn|11\n|\n|t:|1782437633\n|switch|p1a: Hitmonchan|Hitmonchan, M|100/100\n|move|p2a: Ceruledge|Swords Dance|p2a: Ceruledge\n|-boost|p2a: Ceruledge|atk|2\n|\n|-heal|p2a: Ceruledge|83/100|[from] item: Leftovers\n|upkeep\n|turn|12\n|inactive|Battle timer is ON: inactive players will automatically lose when time's up. (requested by spicequake)\n|\n|t:|1782437690\n|switch|p1a: Weezing|Weezing-Galar, F|100/100\n|move|p2a: Ceruledge|Bitter Blade|p1a: Weezing\n|-damage|p1a: Weezing|35/100\n|-heal|p2a: Ceruledge|100/100|[from] drain|[of] p1a: Weezing\n|\n|upkeep\n|turn|13\n|\n|t:|1782437698\n|move|p2a: Ceruledge|Iron Defense|p2a: Ceruledge\n|-boost|p2a: Ceruledge|def|2\n|move|p1a: Weezing|Misty Explosion|p2a: Ceruledge\n|-resisted|p2a: Ceruledge\n|-crit|p2a: Ceruledge\n|-damage|p2a: Ceruledge|66/100\n|faint|p1a: Weezing\n|\n|-heal|p2a: Ceruledge|72/100|[from] item: Leftovers\n|upkeep\n|\n|t:|1782437709\n|switch|p1a: Orthworm|Orthworm, F|100/100\n|turn|14\n|-message|Makalvin123 forfeited.\n|\n|win|spicequake\n|raw|Makalvin123's rating: 1161 &rarr; <strong>1143</strong><br />(-18 for losing)\n|raw|spicequake's rating: 1265 &rarr; <strong>1283</strong><br />(+18 for winning)\n|l|☆Makalvin123\n|player|p1|\n|l|☆spicequake\n|player|p2|\n", "uploadtime": 1782437995, "views": 8, "formatid": "gen9ou", "rating": 1143, "private": 0, "password": null}