{"id": "gen9ou-2639918489", "format": "[Gen 9] OU", "players": ["KnightKnaveSpy", "goonarmy"], "log": "|j|☆KnightKnaveSpy\n|j|☆goonarmy\n|t:|1782543225\n|gametype|singles\n|player|p1|KnightKnaveSpy|170|1686\n|player|p2|goonarmy|hiker-gen4|1584\n|gen|9\n|tier|[Gen 9] OU\n|rated|\n|rule|HP Percentage Mod: HP is shown in percentages\n|rule|Endless Battle Clause: Forcing endless battles is banned\n|rule|Species Clause: Limit one of each Pokémon\n|rule|OHKO Clause: OHKO moves are banned\n|rule|Evasion Items Clause: Evasion items are banned\n|rule|Evasion Moves Clause: Evasion moves are banned\n|rule|Evasion Abilities Clause: Evasion abilities are banned\n|rule|Sleep Moves Clause: Sleep-inducing moves are banned\n|clearpoke\n|poke|p1|Samurott-Hisui, M|\n|poke|p1|Blaziken, M|\n|poke|p1|Kingambit, F|\n|poke|p1|Raging Bolt|\n|poke|p1|Ogerpon-Wellspring, F|\n|poke|p1|Greninja-*, M|\n|poke|p2|Ceruledge, F|\n|poke|p2|Kyurem|\n|poke|p2|Slowking-Galar, M|\n|poke|p2|Kingambit, F|\n|poke|p2|Gliscor, M|\n|poke|p2|Cinderace, M|\n|teampreview\n|inactive|Battle timer is ON: inactive players will automatically lose when time's up. (requested by KnightKnaveSpy)\n|\n|t:|1782543266\n|teamsize|p1|6\n|teamsize|p2|6\n|start\n|switch|p1a: Samurott|Samurott-Hisui, M|100/100\n|switch|p2a: Cinderace|Cinderace, M|100/100\n|turn|1\n|\n|t:|1782543271\n|move|p2a: Cinderace|U-turn|p1a: Samurott\n|-start|p2a: Cinderace|typechange|Bug|[from] ability: Libero\n|-supereffective|p1a: Samurott\n|-damage|p1a: Samurott|28/100\n|\n|t:|1782543286\n|switch|p2a: Gliscor|Gliscor, M|100/100|[from] U-turn\n|move|p1a: Samurott|Ceaseless Edge|p2a: Gliscor\n|-damage|p2a: Gliscor|76/100\n|-sidestart|p2: goonarmy|Spikes\n|\n|-status|p2a: Gliscor|tox|[from] item: Toxic Orb\n|upkeep\n|turn|2\n|\n|t:|1782543299\n|move|p1a: Samurott|Ceaseless Edge|p2a: Gliscor\n|-damage|p2a: Gliscor|49/100 tox\n|-sidestart|p2: goonarmy|Spikes\n|move|p2a: Gliscor|Stealth Rock|p1a: Samurott\n|-sidestart|p1: KnightKnaveSpy|move: Stealth Rock\n|\n|-heal|p2a: Gliscor|62/100 tox|[from] ability: Poison Heal\n|upkeep\n|turn|3\n|\n|t:|1782543304\n|move|p1a: Samurott|Ceaseless Edge|p2a: Gliscor\n|-crit|p2a: Gliscor\n|-damage|p2a: Gliscor|21/100 tox\n|-sidestart|p2: goonarmy|Spikes\n|move|p2a: Gliscor|U-turn|p1a: Samurott\n|-supereffective|p1a: Samurott\n|-damage|p1a: Samurott|0 fnt\n|faint|p1a: Samurott\n|\n|t:|1782543307\n|switch|p2a: Cinderace|Cinderace, M|100/100|[from] U-turn\n|\n|upkeep\n|\n|t:|1782543311\n|switch|p1a: Greninja|Greninja, M|100/100\n|turn|4\n|\n|t:|1782543320\n|switch|p2a: Slowking|Slowking-Galar, M|100/100\n|move|p1a: Greninja|Hydro Pump|p2a: Slowking\n|-start|p1a: Greninja|typechange|Water|[from] ability: Protean\n|-damage|p2a: Slowking|73/100\n|\n|upkeep\n|turn|5\n|\n|t:|1782543327\n|move|p1a: Greninja|Dark Pulse|p2a: Slowking\n|-supereffective|p2a: Slowking\n|-damage|p2a: Slowking|42/100\n|move|p2a: Slowking|Thunder Wave|p1a: Greninja\n|-status|p1a: Greninja|par\n|\n|upkeep\n|turn|6\n|\n|t:|1782543334\n|move|p1a: Greninja|Dark Pulse|p2a: Slowking\n|-supereffective|p2a: Slowking\n|-damage|p2a: Slowking|16/100\n|-prepare|p2a: Slowking|Chilly Reception|[premajor]\n|move|p2a: Slowking|Chilly Reception|p2a: Slowking\n|-weather|Snowscape\n|\n|t:|1782543351\n|switch|p2a: Kyurem|Kyurem|100/100|[from] Chilly Reception\n|-damage|p2a: Kyurem|76/100|[from] Spikes\n|-ability|p2a: Kyurem|Pressure\n|\n|-weather|Snowscape|[upkeep]\n|upkeep\n|turn|7\n|\n|t:|1782543357\n|move|p2a: Kyurem|Freeze-Dry|p1a: Greninja\n|-supereffective|p1a: Greninja\n|-damage|p1a: Greninja|0 fnt\n|faint|p1a: Greninja\n|\n|-weather|Snowscape|[upkeep]\n|upkeep\n|\n|t:|1782543361\n|switch|p1a: Kingambit|Kingambit, F|100/100\n|-damage|p1a: Kingambit|94/100|[from] Stealth Rock\n|-activate|p1a: Kingambit|ability: Supreme Overlord\n|-start|p1a: Kingambit|fallen2|[silent]\n|turn|8\n|\n|t:|1782543372\n|switch|p2a: Gliscor|Gliscor, M|21/100 tox\n|move|p1a: Kingambit|Low Kick|p2a: Gliscor\n|-resisted|p2a: Gliscor\n|-crit|p2a: Gliscor\n|-damage|p2a: Gliscor|9/100 tox\n|\n|-weather|Snowscape|[upkeep]\n|-heal|p2a: Gliscor|21/100 tox|[from] ability: Poison Heal\n|upkeep\n|turn|9\n|\n|t:|1782543377\n|-end|p1a: Kingambit|fallen2|[silent]\n|switch|p1a: Ogerpon|Ogerpon-Wellspring, F|100/100\n|-damage|p1a: Ogerpon|88/100|[from] Stealth Rock\n|move|p2a: Gliscor|Earthquake|p1a: Ogerpon\n|-resisted|p1a: Ogerpon\n|-damage|p1a: Ogerpon|68/100\n|\n|-weather|Snowscape|[upkeep]\n|-heal|p2a: Gliscor|34/100 tox|[from] ability: Poison Heal\n|upkeep\n|turn|10\n|\n|t:|1782543381\n|move|p1a: Ogerpon|Swords Dance|p1a: Ogerpon\n|-boost|p1a: Ogerpon|atk|2\n|move|p2a: Gliscor|U-turn|p1a: Ogerpon\n|-supereffective|p1a: Ogerpon\n|-damage|p1a: Ogerpon|25/100\n|\n|t:|1782543387\n|switch|p2a: Ceruledge|Ceruledge, F|100/100|[from] U-turn\n|\n|-weather|none\n|upkeep\n|turn|11\n|\n|t:|1782543392\n|switch|p1a: Raging Bolt|Raging Bolt|100/100\n|-damage|p1a: Raging Bolt|88/100|[from] Stealth Rock\n|-item|p1a: Raging Bolt|Air Balloon\n|move|p2a: Ceruledge|Shadow Sneak|p1a: Raging Bolt\n|-damage|p1a: Raging Bolt|71/100\n|-enditem|p1a: Raging Bolt|Air Balloon\n|\n|upkeep\n|turn|12\n|\n|t:|1782543405\n|switch|p2a: Kingambit|Kingambit, F|100/100\n|-damage|p2a: Kingambit|75/100|[from] Spikes\n|move|p1a: Raging Bolt|Draco Meteor|p2a: Kingambit\n|-resisted|p2a: Kingambit\n|-damage|p2a: Kingambit|37/100\n|-unboost|p1a: Raging Bolt|spa|2\n|\n|-heal|p2a: Kingambit|43/100|[from] item: Leftovers\n|upkeep\n|turn|13\n|\n|t:|1782543413\n|move|p1a: Raging Bolt|Volt Switch|p2a: Kingambit\n|-damage|p2a: Kingambit|23/100\n|\n|t:|1782543417\n|-end|p1a: Raging Bolt|Protosynthesis|[silent]\n|switch|p1a: Blaziken|Blaziken, M|100/100|[from] Volt Switch\n|-damage|p1a: Blaziken|88/100|[from] Stealth Rock\n|move|p2a: Kingambit|Kowtow Cleave|p1a: Blaziken\n|-resisted|p1a: Blaziken\n|-damage|p1a: Blaziken|52/100\n|\n|-heal|p1a: Blaziken|58/100|[from] item: Leftovers\n|-heal|p2a: Kingambit|29/100|[from] item: Leftovers\n|upkeep\n|turn|14\n|\n|t:|1782543422\n|move|p1a: Blaziken|Detect|p1a: Blaziken\n|-singleturn|p1a: Blaziken|Protect\n|move|p2a: Kingambit|Kowtow Cleave|p1a: Blaziken\n|-activate|p1a: Blaziken|move: Protect\n|\n|-heal|p1a: Blaziken|64/100|[from] item: Leftovers\n|-heal|p2a: Kingambit|35/100|[from] item: Leftovers\n|-ability|p1a: Blaziken|Speed Boost|boost\n|-boost|p1a: Blaziken|spe|1\n|upkeep\n|turn|15\n|\n|t:|1782543427\n|move|p2a: Kingambit|Sucker Punch|p1a: Blaziken\n|-resisted|p1a: Blaziken\n|-crit|p1a: Blaziken\n|-damage|p1a: Blaziken|13/100\n|move|p1a: Blaziken|Flare Blitz|p2a: Kingambit\n|-supereffective|p2a: Kingambit\n|-damage|p2a: Kingambit|0 fnt\n|faint|p2a: Kingambit\n|-end|p2a: Kingambit|fallenundefined|[silent]\n|-damage|p1a: Blaziken|0 fnt|[from] Recoil\n|faint|p1a: Blaziken\n|\n|upkeep\n|-message|KnightKnaveSpy forfeited.\n|\n|win|goonarmy\n|raw|KnightKnaveSpy's rating: 1686 &rarr; <strong>1660</strong><br />(-26 for losing)\n|raw|goonarmy's rating: 1584 &rarr; <strong>1610</strong><br />(+26 for winning)\n|l|☆KnightKnaveSpy\n|player|p1|\n|l|☆goonarmy\n|player|p2|\n", "uploadtime": 1782543612, "views": 14, "formatid": "gen9ou", "rating": 1610, "private": 0, "password": null}