{"id": "gen9ou-2540884968", "format": "[Gen 9] OU", "players": ["vinicio499", "Ancia"], "log": "|j|☆vinicio499\n|j|☆Ancia\n|t:|1771263840\n|gametype|singles\n|player|p1|vinicio499|miku-ghost|1512\n|player|p2|Ancia|169|1570\n|gen|9\n|tier|[Gen 9] OU\n|rated|\n|rule|HP Percentage Mod: HP is shown in percentages\n|rule|Endless Battle Clause: Forcing endless battles is banned\n|rule|Species Clause: Limit one of each Pokémon\n|rule|OHKO Clause: OHKO moves are banned\n|rule|Evasion Items Clause: Evasion items are banned\n|rule|Evasion Moves Clause: Evasion moves are banned\n|rule|Evasion Abilities Clause: Evasion abilities are banned\n|rule|Sleep Moves Clause: Sleep-inducing moves are banned\n|clearpoke\n|poke|p1|Torkoal, F|\n|poke|p1|Lilligant, F|\n|poke|p1|Walking Wake|\n|poke|p1|Hatterene, F|\n|poke|p1|Great Tusk|\n|poke|p1|Ceruledge, M|\n|poke|p2|Hatterene, F|\n|poke|p2|Ceruledge, M|\n|poke|p2|Hydrapple, M|\n|poke|p2|Milotic, M|\n|poke|p2|Gallade, M|\n|poke|p2|Glimmora, M|\n|teampreview\n|inactive|Battle timer is ON: inactive players will automatically lose when time's up. (requested by vinicio499)\n|\n|t:|1771263859\n|teamsize|p1|6\n|teamsize|p2|6\n|start\n|switch|p1a: Mr.Koal|Torkoal, F|100/100\n|switch|p2a: Glimmora|Glimmora, M|100/100\n|-weather|SunnyDay|[from] ability: Drought|[of] p1a: Mr.Koal\n|turn|1\n|\n|t:|1771263863\n|switch|p1a: Docella|Hatterene, F, shiny|100/100\n|move|p2a: Glimmora|Meteor Beam||[still]\n|-prepare|p2a: Glimmora|Meteor Beam\n|-boost|p2a: Glimmora|spa|1\n|-enditem|p2a: Glimmora|Power Herb\n|-anim|p2a: Glimmora|Meteor Beam|p1a: Docella\n|-damage|p1a: Docella|11/100\n|-enditem|p1a: Docella|Eject Button\n|\n|t:|1771263867\n|switch|p1a: The boiler|Walking Wake|100/100\n|-activate|p1a: The boiler|ability: Protosynthesis\n|-start|p1a: The boiler|protosynthesisspa\n|\n|-weather|SunnyDay|[upkeep]\n|upkeep\n|turn|2\n|\n|t:|1771263879\n|switch|p2a: Hydrapple|Hydrapple, M|100/100\n|move|p1a: The boiler|Hydro Steam|p2a: Hydrapple\n|-resisted|p2a: Hydrapple\n|-crit|p2a: Hydrapple\n|-damage|p2a: Hydrapple|51/100\n|\n|-weather|SunnyDay|[upkeep]\n|upkeep\n|turn|3\n|\n|t:|1771263888\n|-end|p1a: The boiler|Protosynthesis|[silent]\n|switch|p1a: Docella|Hatterene, F, shiny|11/100\n|move|p2a: Hydrapple|Giga Drain|p1a: Docella\n|-damage|p1a: Docella|0 fnt\n|-heal|p2a: Hydrapple|55/100|[from] drain|[of] p1a: Docella\n|faint|p1a: Docella\n|\n|-weather|SunnyDay|[upkeep]\n|upkeep\n|\n|t:|1771263891\n|switch|p1a: Mrs.Koal|Lilligant, F|100/100\n|turn|4\n|\n|t:|1771263904\n|switch|p2a: Glimmora|Glimmora, M|100/100\n|move|p1a: Mrs.Koal|Growth|p1a: Mrs.Koal\n|-boost|p1a: Mrs.Koal|atk|2\n|-boost|p1a: Mrs.Koal|spa|2\n|\n|-weather|SunnyDay|[upkeep]\n|upkeep\n|turn|5\n|inactive|vinicio499 has 120 seconds left.\n|\n|t:|1771263939\n|move|p1a: Mrs.Koal|Solar Beam||[still]\n|-prepare|p1a: Mrs.Koal|Solar Beam\n|-anim|p1a: Mrs.Koal|Solar Beam|p2a: Glimmora\n|-damage|p2a: Glimmora|0 fnt\n|faint|p2a: Glimmora\n|-damage|p1a: Mrs.Koal|91/100|[from] item: Life Orb\n|\n|-weather|SunnyDay|[upkeep]\n|upkeep\n|\n|t:|1771263946\n|switch|p2a: Ceruledge|Ceruledge, M|100/100\n|turn|6\n|\n|t:|1771263960\n|move|p1a: Mrs.Koal|Solar Beam||[still]\n|-prepare|p1a: Mrs.Koal|Solar Beam\n|-anim|p1a: Mrs.Koal|Solar Beam|p2a: Ceruledge\n|-resisted|p2a: Ceruledge\n|-damage|p2a: Ceruledge|22/100\n|-damage|p1a: Mrs.Koal|81/100|[from] item: Life Orb\n|move|p2a: Ceruledge|Bitter Blade|p1a: Mrs.Koal\n|-supereffective|p1a: Mrs.Koal\n|-damage|p1a: Mrs.Koal|0 fnt\n|-heal|p2a: Ceruledge|61/100|[from] drain|[of] p1a: Mrs.Koal\n|faint|p1a: Mrs.Koal\n|\n|-weather|SunnyDay|[upkeep]\n|upkeep\n|\n|t:|1771263964\n|switch|p1a: The boiler|Walking Wake|100/100\n|-activate|p1a: The boiler|ability: Protosynthesis\n|-start|p1a: The boiler|protosynthesisspa\n|turn|7\n|\n|t:|1771263980\n|switch|p2a: Hydrapple|Hydrapple, M|88/100\n|move|p1a: The boiler|Hydro Steam|p2a: Hydrapple\n|-resisted|p2a: Hydrapple\n|-damage|p2a: Hydrapple|54/100\n|\n|-weather|SunnyDay|[upkeep]\n|upkeep\n|turn|8\n|\n|t:|1771263987\n|move|p1a: The boiler|Hydro Steam|p2a: Hydrapple\n|-resisted|p2a: Hydrapple\n|-damage|p2a: Hydrapple|24/100\n|move|p2a: Hydrapple|Giga Drain|p1a: The boiler\n|-damage|p1a: The boiler|67/100\n|-heal|p2a: Hydrapple|37/100|[from] drain|[of] p1a: The boiler\n|\n|-weather|none\n|-end|p1a: The boiler|Protosynthesis\n|upkeep\n|turn|9\n|\n|t:|1771264003\n|-end|p1a: The boiler|Protosynthesis|[silent]\n|switch|p1a: Mr.Koal|Torkoal, F|100/100\n|-weather|SunnyDay|[from] ability: Drought|[of] p1a: Mr.Koal\n|move|p2a: Hydrapple|Giga Drain|p1a: Mr.Koal\n|-resisted|p1a: Mr.Koal\n|-damage|p1a: Mr.Koal|82/100\n|-heal|p2a: Hydrapple|44/100|[from] drain|[of] p1a: Mr.Koal\n|\n|-weather|SunnyDay|[upkeep]\n|upkeep\n|turn|10\n|\n|t:|1771264010\n|move|p2a: Hydrapple|Earth Power|p1a: Mr.Koal\n|-supereffective|p1a: Mr.Koal\n|-damage|p1a: Mr.Koal|18/100\n|move|p1a: Mr.Koal|Stealth Rock|p2a: Hydrapple\n|-sidestart|p2: Ancia|move: Stealth Rock\n|\n|-weather|SunnyDay|[upkeep]\n|upkeep\n|turn|11\n|\n|t:|1771264021\n|switch|p1a: The boiler|Walking Wake|67/100\n|-activate|p1a: The boiler|ability: Protosynthesis\n|-start|p1a: The boiler|protosynthesisspa\n|move|p2a: Hydrapple|Giga Drain|p1a: The boiler\n|-damage|p1a: The boiler|33/100\n|-heal|p2a: Hydrapple|59/100|[from] drain|[of] p1a: The boiler\n|\n|-weather|SunnyDay|[upkeep]\n|upkeep\n|turn|12\n|\n|t:|1771264029\n|switch|p2a: Hatterene|Hatterene, F|100/100\n|-damage|p2a: Hatterene|88/100|[from] Stealth Rock\n|move|p1a: The boiler|Dragon Pulse|p2a: Hatterene\n|-immune|p2a: Hatterene\n|\n|-weather|SunnyDay|[upkeep]\n|-heal|p2a: Hatterene|94/100|[from] item: Leftovers\n|upkeep\n|turn|13\n|\n|t:|1771264045\n|-end|p1a: The boiler|Protosynthesis|[silent]\n|switch|p1a: Ol Timer|Great Tusk|100/100\n|-activate|p1a: Ol Timer|ability: Protosynthesis\n|-start|p1a: Ol Timer|protosynthesisatk\n|move|p2a: Hatterene|Calm Mind|p2a: Hatterene\n|-boost|p2a: Hatterene|spa|1\n|-boost|p2a: Hatterene|spd|1\n|\n|-weather|SunnyDay|[upkeep]\n|-heal|p2a: Hatterene|99/100|[from] item: Leftovers\n|upkeep\n|turn|14\n|\n|t:|1771264049\n|move|p1a: Ol Timer|Headlong Rush|p2a: Hatterene\n|-damage|p2a: Hatterene|27/100\n|-unboost|p1a: Ol Timer|def|1\n|-unboost|p1a: Ol Timer|spd|1\n|move|p2a: Hatterene|Draining Kiss|p1a: Ol Timer\n|-supereffective|p1a: Ol Timer\n|-damage|p1a: Ol Timer|0 fnt\n|-heal|p2a: Hatterene|100/100|[from] drain|[of] p1a: Ol Timer\n|-damage|p2a: Hatterene|84/100|[from] item: Rocky Helmet|[of] p1a: Ol Timer\n|faint|p1a: Ol Timer\n|-end|p1a: Ol Timer|Protosynthesis|[silent]\n|\n|-weather|SunnyDay|[upkeep]\n|-heal|p2a: Hatterene|90/100|[from] item: Leftovers\n|upkeep\n|\n|t:|1771264052\n|switch|p1a: XxSkullSniperxX|Ceruledge, M|100/100\n|turn|15\n|inactive|Ancia has 120 seconds left.\n|\n|t:|1771264099\n|-terastallize|p2a: Hatterene|Water\n|move|p1a: XxSkullSniperxX|Swords Dance|p1a: XxSkullSniperxX\n|-boost|p1a: XxSkullSniperxX|atk|2\n|move|p2a: Hatterene|Psyshock|p1a: XxSkullSniperxX\n|-damage|p1a: XxSkullSniperxX|21/100\n|\n|-weather|SunnyDay|[upkeep]\n|-heal|p2a: Hatterene|96/100|[from] item: Leftovers\n|upkeep\n|turn|16\n|\n|t:|1771264116\n|move|p1a: XxSkullSniperxX|Solar Blade||[still]\n|-prepare|p1a: XxSkullSniperxX|Solar Blade\n|-anim|p1a: XxSkullSniperxX|Solar Blade|p2a: Hatterene\n|-supereffective|p2a: Hatterene\n|-damage|p2a: Hatterene|0 fnt\n|faint|p2a: Hatterene\n|\n|-weather|none\n|upkeep\n|\n|t:|1771264146\n|switch|p2a: Ceruledge|Ceruledge, M|61/100\n|-damage|p2a: Ceruledge|37/100|[from] Stealth Rock\n|turn|17\n|\n|t:|1771264148\n|move|p2a: Ceruledge|Shadow Sneak|p1a: XxSkullSniperxX\n|-supereffective|p1a: XxSkullSniperxX\n|-damage|p1a: XxSkullSniperxX|0 fnt\n|faint|p1a: XxSkullSniperxX\n|\n|upkeep\n|\n|t:|1771264150\n|switch|p1a: Mr.Koal|Torkoal, F|18/100\n|-weather|SunnyDay|[from] ability: Drought|[of] p1a: Mr.Koal\n|turn|18\n|\n|t:|1771264154\n|move|p2a: Ceruledge|Bitter Blade|p1a: Mr.Koal\n|-resisted|p1a: Mr.Koal\n|-damage|p1a: Mr.Koal|0 fnt\n|-heal|p2a: Ceruledge|46/100|[from] drain|[of] p1a: Mr.Koal\n|faint|p1a: Mr.Koal\n|\n|-weather|SunnyDay|[upkeep]\n|upkeep\n|\n|t:|1771264155\n|switch|p1a: The boiler|Walking Wake|33/100\n|-activate|p1a: The boiler|ability: Protosynthesis\n|-start|p1a: The boiler|protosynthesisspa\n|turn|19\n|inactive|Ancia has 120 seconds left.\n|j| Samurajen\n|\n|t:|1771264192\n|move|p2a: Ceruledge|Shadow Sneak|p1a: The boiler\n|-damage|p1a: The boiler|12/100\n|move|p1a: The boiler|Dragon Pulse|p2a: Ceruledge\n|-damage|p2a: Ceruledge|0 fnt\n|faint|p2a: Ceruledge\n|\n|-weather|SunnyDay|[upkeep]\n|upkeep\n|\n|t:|1771264197\n|switch|p2a: Milotic|Milotic, M|100/100\n|-damage|p2a: Milotic|88/100|[from] Stealth Rock\n|turn|20\n|\n|t:|1771264202\n|move|p1a: The boiler|Dragon Pulse|p2a: Milotic\n|-crit|p2a: Milotic\n|-damage|p2a: Milotic|0 fnt\n|faint|p2a: Milotic\n|\n|-weather|SunnyDay|[upkeep]\n|upkeep\n|c|☆vinicio499|Oh wsit huge crit\n|\n|t:|1771264226\n|switch|p2a: Gallade|Gallade, M|100/100\n|-damage|p2a: Gallade|94/100|[from] Stealth Rock\n|turn|21\n|c|☆vinicio499|I have no clue if gallade is scared or takes it :v\n|c|☆vinicio499|Scarfed*\n|\n|t:|1771264246\n|move|p1a: The boiler|Dragon Pulse|p2a: Gallade\n|-damage|p2a: Gallade|0 fnt\n|faint|p2a: Gallade\n|\n|-weather|SunnyDay|[upkeep]\n|upkeep\n|inactive|Ancia has 90 seconds left.\n|\n|t:|1771264273\n|switch|p2a: Hydrapple|Hydrapple, M|92/100\n|turn|22\n|\n|t:|1771264276\n|move|p1a: The boiler|Dragon Pulse|p2a: Hydrapple\n|-supereffective|p2a: Hydrapple\n|-damage|p2a: Hydrapple|0 fnt\n|faint|p2a: Hydrapple\n|\n|win|vinicio499\n|raw|vinicio499's rating: 1512 &rarr; <strong>1534</strong><br />(+22 for winning)\n|raw|Ancia's rating: 1549 &rarr; <strong>1527</strong><br />(-22 for losing)\n|c|☆vinicio499|Gg\n|l|☆Ancia\n|player|p2|\n|l|☆vinicio499\n|player|p1|\n", "uploadtime": 1771264517, "views": 5, "formatid": "gen9ou", "rating": 1527, "private": 0, "password": null}