{"id": "gen9ou-2540594668", "format": "[Gen 9] OU", "players": ["GummyDeino", "alex12381723898"], "log": "|j|☆GummyDeino\n|j|☆alex12381723898\n|t:|1771223840\n|gametype|singles\n|player|p1|GummyDeino|lady|1597\n|player|p2|alex12381723898|170|1609\n|gen|9\n|tier|[Gen 9] OU\n|rated|\n|rule|HP Percentage Mod: HP is shown in percentages\n|rule|Endless Battle Clause: Forcing endless battles is banned\n|rule|Species Clause: Limit one of each Pokémon\n|rule|OHKO Clause: OHKO moves are banned\n|rule|Evasion Items Clause: Evasion items are banned\n|rule|Evasion Moves Clause: Evasion moves are banned\n|rule|Evasion Abilities Clause: Evasion abilities are banned\n|rule|Sleep Moves Clause: Sleep-inducing moves are banned\n|clearpoke\n|poke|p1|Iron Valiant|\n|poke|p1|Great Tusk|\n|poke|p1|Dragonite, M|\n|poke|p1|Deoxys-Speed|\n|poke|p1|Glimmora, M|\n|poke|p1|Kingambit, M|\n|poke|p2|Landorus-Therian, M|\n|poke|p2|Sinistcha|\n|poke|p2|Tinkaton, F|\n|poke|p2|Moltres|\n|poke|p2|Samurott-Hisui, M|\n|poke|p2|Hydreigon, M|\n|teampreview\n|inactive|Battle timer is ON: inactive players will automatically lose when time's up. (requested by GummyDeino)\n|\n|t:|1771223844\n|teamsize|p1|6\n|teamsize|p2|6\n|start\n|switch|p1a: Limitless|Deoxys-Speed|100/100\n|switch|p2a: Smile.exe|Tinkaton, F, shiny|100/100\n|-ability|p1a: Limitless|Pressure\n|-item|p2a: Smile.exe|Air Balloon\n|turn|1\n|\n|t:|1771223851\n|switch|p2a: Jack Sparrow|Samurott-Hisui, M, shiny|100/100\n|move|p1a: Limitless|Reflect|p1a: Limitless\n|-sidestart|p1: GummyDeino|Reflect\n|\n|upkeep\n|turn|2\n|\n|t:|1771223859\n|switch|p1a: Behemoth|Great Tusk, shiny|100/100\n|-enditem|p1a: Behemoth|Booster Energy\n|-activate|p1a: Behemoth|ability: Protosynthesis|[fromitem]\n|-start|p1a: Behemoth|protosynthesisspe\n|move|p2a: Jack Sparrow|Knock Off|p1a: Behemoth\n|-resisted|p1a: Behemoth\n|-damage|p1a: Behemoth|95/100\n|\n|upkeep\n|turn|3\n|\n|t:|1771223866\n|switch|p2a: Sagittarius|Sinistcha, shiny|100/100\n|move|p1a: Behemoth|Bulk Up|p1a: Behemoth\n|-boost|p1a: Behemoth|atk|1\n|-boost|p1a: Behemoth|def|1\n|\n|upkeep\n|turn|4\n|\n|t:|1771223872\n|move|p1a: Behemoth|Head Smash|p2a: Sagittarius\n|-damage|p2a: Sagittarius|55/100\n|-damage|p1a: Behemoth|77/100|[from] Recoil\n|move|p2a: Sagittarius|Strength Sap|p1a: Behemoth\n|-unboost|p1a: Behemoth|atk|1\n|-heal|p2a: Sagittarius|100/100\n|\n|upkeep\n|turn|5\n|\n|t:|1771223880\n|-end|p1a: Behemoth|Protosynthesis|[silent]\n|switch|p1a: Granite|Glimmora, M, shiny|100/100\n|move|p2a: Sagittarius|Matcha Gotcha|p1a: Granite\n|-damage|p1a: Granite|60/100\n|\n|upkeep\n|turn|6\n|\n|t:|1771223886\n|switch|p2a: Smile.exe|Tinkaton, F, shiny|100/100\n|-item|p2a: Smile.exe|Air Balloon\n|move|p1a: Granite|Meteor Beam||[still]\n|-prepare|p1a: Granite|Meteor Beam\n|-boost|p1a: Granite|spa|1\n|-enditem|p1a: Granite|Power Herb\n|-anim|p1a: Granite|Meteor Beam|p2a: Smile.exe\n|-resisted|p2a: Smile.exe\n|-damage|p2a: Smile.exe|42/100\n|-enditem|p2a: Smile.exe|Air Balloon\n|\n|upkeep\n|turn|7\n|\n|t:|1771223897\n|move|p2a: Smile.exe|Stealth Rock|p1a: Granite\n|-sidestart|p1: GummyDeino|move: Stealth Rock\n|move|p1a: Granite|Earth Power|p2a: Smile.exe\n|-supereffective|p2a: Smile.exe\n|-damage|p2a: Smile.exe|0 fnt\n|faint|p2a: Smile.exe\n|\n|upkeep\n|\n|t:|1771223899\n|switch|p2a: Hybrid|Hydreigon, M, shiny|100/100\n|turn|8\n|\n|t:|1771223905\n|switch|p1a: Terminator|Iron Valiant, shiny|100/100\n|-damage|p1a: Terminator|94/100|[from] Stealth Rock\n|-enditem|p1a: Terminator|Booster Energy\n|-activate|p1a: Terminator|ability: Quark Drive|[fromitem]\n|-start|p1a: Terminator|quarkdrivespe\n|-terastallize|p2a: Hybrid|Steel\n|move|p2a: Hybrid|Flash Cannon|p1a: Terminator\n|-supereffective|p1a: Terminator\n|-damage|p1a: Terminator|0 fnt\n|faint|p1a: Terminator\n|-end|p1a: Terminator|Quark Drive|[silent]\n|\n|-sideend|p1: GummyDeino|Reflect\n|upkeep\n|\n|t:|1771223927\n|switch|p1a: Limitless|Deoxys-Speed|100/100\n|-damage|p1a: Limitless|88/100|[from] Stealth Rock\n|-ability|p1a: Limitless|Pressure\n|turn|9\n|\n|t:|1771223935\n|move|p1a: Limitless|Light Screen|p1a: Limitless\n|-sidestart|p1: GummyDeino|move: Light Screen\n|move|p2a: Hybrid|Flash Cannon|p1a: Limitless\n|-damage|p1a: Limitless|49/100\n|\n|upkeep\n|turn|10\n|\n|t:|1771223940\n|switch|p2a: Jack Sparrow|Samurott-Hisui, M, shiny|100/100\n|move|p1a: Limitless|Reflect|p1a: Limitless\n|-sidestart|p1: GummyDeino|Reflect\n|\n|upkeep\n|turn|11\n|\n|t:|1771223949\n|switch|p1a: Granite|Glimmora, M, shiny|60/100\n|-damage|p1a: Granite|48/100|[from] Stealth Rock\n|move|p2a: Jack Sparrow|Ceaseless Edge|p1a: Granite\n|-crit|p1a: Granite\n|-damage|p1a: Granite|0 fnt\n|-activate|p1a: Granite|ability: Toxic Debris\n|-sidestart|p2: alex12381723898|move: Toxic Spikes\n|-sidestart|p1: GummyDeino|Spikes\n|faint|p1a: Granite\n|\n|upkeep\n|\n|t:|1771223960\n|switch|p1a: Mahoraga|Dragonite, M|100/100\n|-damage|p1a: Mahoraga|76/100|[from] Stealth Rock\n|turn|12\n|-message|GummyDeino forfeited.\n|\n|win|alex12381723898\n|raw|GummyDeino's rating: 1597 &rarr; <strong>1578</strong><br />(-19 for losing)\n|raw|alex12381723898's rating: 1609 &rarr; <strong>1628</strong><br />(+19 for winning)\n|l|☆GummyDeino\n|player|p1|\n|l|☆alex12381723898\n|player|p2|\n", "uploadtime": 1771224201, "views": 14, "formatid": "gen9ou", "rating": 1578, "private": 0, "password": null}