{"id": "gen9ou-2540501553", "format": "[Gen 9] OU", "players": ["minecraft pro 67", "Opjqy"], "log": "|j|☆minecraft pro 67\n|j|☆Opjqy\n|t:|1771209938\n|gametype|singles\n|player|p1|minecraft pro 67|cynthia-gen4|1611\n|player|p2|Opjqy|pokemonbreeder-gen4|1497\n|gen|9\n|tier|[Gen 9] OU\n|rated|\n|rule|HP Percentage Mod: HP is shown in percentages\n|rule|Endless Battle Clause: Forcing endless battles is banned\n|rule|Species Clause: Limit one of each Pokémon\n|rule|OHKO Clause: OHKO moves are banned\n|rule|Evasion Items Clause: Evasion items are banned\n|rule|Evasion Moves Clause: Evasion moves are banned\n|rule|Evasion Abilities Clause: Evasion abilities are banned\n|rule|Sleep Moves Clause: Sleep-inducing moves are banned\n|clearpoke\n|poke|p1|Heatran, M|\n|poke|p1|Rotom-Wash|\n|poke|p1|Sinistcha|\n|poke|p1|Darkrai|\n|poke|p1|Zamazenta-*|\n|poke|p1|Gliscor, F|\n|poke|p2|Scream Tail|\n|poke|p2|Hawlucha, M|\n|poke|p2|Rillaboom, M|\n|poke|p2|Ninetales-Alola, F|\n|poke|p2|Armarouge, F|\n|poke|p2|Kyurem|\n|teampreview\n|inactive|Battle timer is ON: inactive players will automatically lose when time's up. (requested by Opjqy)\n|\n|t:|1771209953\n|teamsize|p1|6\n|teamsize|p2|6\n|start\n|switch|p1a: Heatran|Heatran, M|100/100\n|switch|p2a: Scream Tail|Scream Tail|100/100\n|-enditem|p2a: Scream Tail|Booster Energy\n|-activate|p2a: Scream Tail|ability: Protosynthesis|[fromitem]\n|-start|p2a: Scream Tail|protosynthesisspe\n|turn|1\n|\n|t:|1771209961\n|move|p2a: Scream Tail|Calm Mind|p2a: Scream Tail\n|-boost|p2a: Scream Tail|spa|1\n|-boost|p2a: Scream Tail|spd|1\n|move|p1a: Heatran|Stealth Rock|p2a: Scream Tail\n|-sidestart|p2: Opjqy|move: Stealth Rock\n|\n|upkeep\n|turn|2\n|\n|t:|1771209969\n|move|p2a: Scream Tail|Calm Mind|p2a: Scream Tail\n|-boost|p2a: Scream Tail|spa|1\n|-boost|p2a: Scream Tail|spd|1\n|move|p1a: Heatran|Lava Plume|p2a: Scream Tail\n|-damage|p2a: Scream Tail|87/100\n|\n|upkeep\n|turn|3\n|\n|t:|1771209976\n|move|p2a: Scream Tail|Psychic Noise|p1a: Heatran\n|-resisted|p1a: Heatran\n|-damage|p1a: Heatran|82/100\n|-start|p1a: Heatran|move: Heal Block\n|move|p1a: Heatran|Lava Plume|p2a: Scream Tail\n|-damage|p2a: Scream Tail|73/100\n|-status|p2a: Scream Tail|brn\n|\n|-damage|p2a: Scream Tail|67/100 brn|[from] brn\n|upkeep\n|turn|4\n|\n|t:|1771209984\n|move|p2a: Scream Tail|Calm Mind|p2a: Scream Tail\n|-boost|p2a: Scream Tail|spa|1\n|-boost|p2a: Scream Tail|spd|1\n|move|p1a: Heatran|Lava Plume|p2a: Scream Tail\n|-damage|p2a: Scream Tail|57/100 brn\n|\n|-damage|p2a: Scream Tail|50/100 brn|[from] brn\n|-end|p1a: Heatran|move: Heal Block\n|upkeep\n|turn|5\n|\n|t:|1771209990\n|move|p1a: Heatran|Protect|p1a: Heatran\n|-singleturn|p1a: Heatran|Protect\n|move|p2a: Scream Tail|Boomburst|p1a: Heatran\n|-activate|p1a: Heatran|move: Protect\n|\n|-heal|p1a: Heatran|89/100|[from] item: Leftovers\n|-damage|p2a: Scream Tail|44/100 brn|[from] brn\n|upkeep\n|turn|6\n|\n|t:|1771209993\n|move|p2a: Scream Tail|Boomburst|p1a: Heatran\n|-resisted|p1a: Heatran\n|-damage|p1a: Heatran|61/100\n|move|p1a: Heatran|Lava Plume|p2a: Scream Tail\n|-damage|p2a: Scream Tail|34/100 brn\n|\n|-heal|p1a: Heatran|67/100|[from] item: Leftovers\n|-damage|p2a: Scream Tail|28/100 brn|[from] brn\n|upkeep\n|turn|7\n|\n|t:|1771209997\n|move|p1a: Heatran|Protect|p1a: Heatran\n|-singleturn|p1a: Heatran|Protect\n|move|p2a: Scream Tail|Calm Mind|p2a: Scream Tail\n|-boost|p2a: Scream Tail|spa|1\n|-boost|p2a: Scream Tail|spd|1\n|\n|-heal|p1a: Heatran|73/100|[from] item: Leftovers\n|-damage|p2a: Scream Tail|21/100 brn|[from] brn\n|upkeep\n|turn|8\n|\n|t:|1771210000\n|move|p2a: Scream Tail|Psychic Noise|p1a: Heatran\n|-resisted|p1a: Heatran\n|-damage|p1a: Heatran|46/100\n|-start|p1a: Heatran|move: Heal Block\n|move|p1a: Heatran|Lava Plume|p2a: Scream Tail\n|-damage|p2a: Scream Tail|12/100 brn\n|\n|-damage|p2a: Scream Tail|6/100 brn|[from] brn\n|upkeep\n|turn|9\n|\n|t:|1771210005\n|move|p1a: Heatran|Protect|p1a: Heatran\n|-singleturn|p1a: Heatran|Protect\n|move|p2a: Scream Tail|Boomburst|p1a: Heatran\n|-activate|p1a: Heatran|move: Protect\n|\n|-damage|p2a: Scream Tail|0 fnt|[from] brn\n|faint|p2a: Scream Tail\n|-end|p2a: Scream Tail|Protosynthesis|[silent]\n|-end|p1a: Heatran|move: Heal Block\n|upkeep\n|\n|t:|1771210008\n|switch|p2a: Hawlucha|Hawlucha, M|100/100\n|-damage|p2a: Hawlucha|88/100|[from] Stealth Rock\n|-ability|p2a: Hawlucha|Mold Breaker\n|turn|10\n|\n|t:|1771210012\n|switch|p1a: Rotom|Rotom-Wash|100/100\n|move|p2a: Hawlucha|Defog|p1a: Rotom\n|-unboost|p1a: Rotom|evasion|1\n|-sideend|p2: Opjqy|Stealth Rock|[from] move: Defog|[of] p2a: Hawlucha\n|\n|upkeep\n|turn|11\n|\n|t:|1771210022\n|move|p2a: Hawlucha|Close Combat|p1a: Rotom\n|-damage|p1a: Rotom|54/100\n|-unboost|p2a: Hawlucha|def|1\n|-unboost|p2a: Hawlucha|spd|1\n|-damage|p2a: Hawlucha|78/100|[from] item: Life Orb\n|move|p1a: Rotom|Volt Switch|p2a: Hawlucha\n|-supereffective|p2a: Hawlucha\n|-damage|p2a: Hawlucha|0 fnt\n|faint|p2a: Hawlucha\n|\n|t:|1771210029\n|switch|p1a: Heatran|Heatran, M|46/100|[from] Volt Switch\n|\n|-heal|p1a: Heatran|52/100|[from] item: Leftovers\n|upkeep\n|\n|t:|1771210048\n|switch|p2a: Rillaboom|Rillaboom, M|100/100\n|-fieldstart|move: Grassy Terrain|[from] ability: Grassy Surge|[of] p2a: Rillaboom\n|turn|12\n|\n|t:|1771210054\n|switch|p2a: Armarouge|Armarouge, F|100/100\n|-enditem|p2a: Armarouge|Grassy Seed\n|-boost|p2a: Armarouge|def|1|[from] item: Grassy Seed\n|move|p1a: Heatran|Protect||[still]\n|-fail|p1a: Heatran\n|\n|-heal|p1a: Heatran|59/100|[from] Grassy Terrain\n|-heal|p1a: Heatran|65/100|[from] item: Leftovers\n|upkeep\n|turn|13\n|\n|t:|1771210061\n|move|p2a: Armarouge|Calm Mind|p2a: Armarouge\n|-boost|p2a: Armarouge|spa|1\n|-boost|p2a: Armarouge|spd|1\n|move|p1a: Heatran|Earth Power|p2a: Armarouge\n|-supereffective|p2a: Armarouge\n|-damage|p2a: Armarouge|62/100\n|\n|-heal|p2a: Armarouge|68/100|[from] Grassy Terrain\n|-heal|p1a: Heatran|71/100|[from] Grassy Terrain\n|-heal|p1a: Heatran|77/100|[from] item: Leftovers\n|upkeep\n|turn|14\n|\n|t:|1771210070\n|move|p2a: Armarouge|Calm Mind|p2a: Armarouge\n|-boost|p2a: Armarouge|spa|1\n|-boost|p2a: Armarouge|spd|1\n|move|p1a: Heatran|Earth Power|p2a: Armarouge\n|-supereffective|p2a: Armarouge\n|-damage|p2a: Armarouge|34/100\n|\n|-heal|p2a: Armarouge|40/100|[from] Grassy Terrain\n|-heal|p1a: Heatran|83/100|[from] Grassy Terrain\n|-heal|p1a: Heatran|90/100|[from] item: Leftovers\n|upkeep\n|turn|15\n|\n|t:|1771210086\n|-terastallize|p2a: Armarouge|Fairy\n|move|p2a: Armarouge|Calm Mind|p2a: Armarouge\n|-boost|p2a: Armarouge|spa|1\n|-boost|p2a: Armarouge|spd|1\n|move|p1a: Heatran|Earth Power|p2a: Armarouge\n|-damage|p2a: Armarouge|29/100\n|\n|-heal|p2a: Armarouge|35/100|[from] Grassy Terrain\n|-heal|p1a: Heatran|96/100|[from] Grassy Terrain\n|-heal|p1a: Heatran|100/100|[from] item: Leftovers\n|upkeep\n|turn|16\n|\n|t:|1771210107\n|move|p2a: Armarouge|Stored Power|p1a: Heatran\n|-resisted|p1a: Heatran\n|-crit|p1a: Heatran\n|-damage|p1a: Heatran|0 fnt\n|faint|p1a: Heatran\n|\n|-heal|p2a: Armarouge|41/100|[from] Grassy Terrain\n|upkeep\n|\n|t:|1771210119\n|switch|p1a: Zamazenta|Zamazenta|100/100\n|-ability|p1a: Zamazenta|Dauntless Shield|boost\n|-boost|p1a: Zamazenta|def|1\n|turn|17\n|\n|t:|1771210142\n|move|p2a: Armarouge|Tera Blast|p1a: Zamazenta|[anim] Tera Blast Fairy\n|-supereffective|p1a: Zamazenta\n|-damage|p1a: Zamazenta|0 fnt\n|faint|p1a: Zamazenta\n|\n|-heal|p2a: Armarouge|47/100|[from] Grassy Terrain\n|upkeep\n|-message|minecraft pro 67 forfeited.\n|\n|win|Opjqy\n|raw|minecraft pro 67's rating: 1611 &rarr; <strong>1585</strong><br />(-26 for losing)\n|raw|Opjqy's rating: 1497 &rarr; <strong>1523</strong><br />(+26 for winning)\n|l|☆minecraft pro 67\n|player|p1|\n|l|☆Opjqy\n|player|p2|\n", "uploadtime": 1771210373, "views": 10, "formatid": "gen9ou", "rating": 1523, "private": 0, "password": null}