{"id": "gen9ou-2540622594", "format": "[Gen 9] OU", "players": ["GreninjaMyFav", "Hgfhhfghfff"], "log": "|j|☆GreninjaMyFav\n|j|☆Hgfhhfghfff\n|t:|1771229104\n|gametype|singles\n|player|p1|GreninjaMyFav|skyla|1577\n|player|p2|Hgfhhfghfff|lucas|1649\n|gen|9\n|tier|[Gen 9] OU\n|rated|\n|rule|HP Percentage Mod: HP is shown in percentages\n|rule|Endless Battle Clause: Forcing endless battles is banned\n|rule|Species Clause: Limit one of each Pokémon\n|rule|OHKO Clause: OHKO moves are banned\n|rule|Evasion Items Clause: Evasion items are banned\n|rule|Evasion Moves Clause: Evasion moves are banned\n|rule|Evasion Abilities Clause: Evasion abilities are banned\n|rule|Sleep Moves Clause: Sleep-inducing moves are banned\n|clearpoke\n|poke|p1|Greninja-*, F|\n|poke|p1|Rillaboom, M|\n|poke|p1|Tornadus-Therian, M|\n|poke|p1|Great Tusk|\n|poke|p1|Primarina, F|\n|poke|p1|Gholdengo|\n|poke|p2|Scream Tail|\n|poke|p2|Iron Hands|\n|poke|p2|Talonflame, F|\n|poke|p2|Latios, M|\n|poke|p2|Ursaluna, M|\n|poke|p2|Muk-Alola, F|\n|teampreview\n|\n|t:|1771229114\n|teamsize|p1|6\n|teamsize|p2|6\n|start\n|switch|p1a: Greninja|Greninja, F|100/100\n|switch|p2a: Muk|Muk-Alola, F|100/100\n|turn|1\n|\n|t:|1771229122\n|move|p1a: Greninja|U-turn|p2a: Muk\n|-start|p1a: Greninja|typechange|Bug|[from] ability: Protean\n|-damage|p2a: Muk|77/100\n|\n|t:|1771229126\n|switch|p1a: Great Tusk|Great Tusk|100/100|[from] U-turn\n|move|p2a: Muk|Poison Fang|p1a: Great Tusk\n|-resisted|p1a: Great Tusk\n|-damage|p1a: Great Tusk|94/100\n|-status|p1a: Great Tusk|psn|[from] ability: Poison Touch|[of] p2a: Muk\n|\n|-heal|p2a: Muk|83/100|[from] item: Leftovers\n|-damage|p1a: Great Tusk|81/100 psn|[from] psn\n|upkeep\n|turn|2\n|inactive|Battle timer is ON: inactive players will automatically lose when time's up. (requested by Hgfhhfghfff)\n|\n|t:|1771229134\n|switch|p2a: Talonflame|Talonflame, F|100/100\n|move|p1a: Great Tusk|Stealth Rock|p2a: Talonflame\n|-sidestart|p2: Hgfhhfghfff|move: Stealth Rock\n|\n|-damage|p1a: Great Tusk|69/100 psn|[from] psn\n|upkeep\n|turn|3\n|\n|t:|1771229139\n|-end|p1a: Great Tusk|Protosynthesis|[silent]\n|switch|p1a: Primarina|Primarina, F|100/100\n|move|p2a: Talonflame|Defog|p1a: Primarina\n|-unboost|p1a: Primarina|evasion|1\n|-sideend|p2: Hgfhhfghfff|Stealth Rock|[from] move: Defog|[of] p2a: Talonflame\n|\n|upkeep\n|turn|4\n|\n|t:|1771229142\n|move|p2a: Talonflame|U-turn|p1a: Primarina\n|-resisted|p1a: Primarina\n|-damage|p1a: Primarina|94/100\n|\n|t:|1771229144\n|switch|p2a: Scream Tail|Scream Tail|100/100|[from] U-turn\n|move|p1a: Primarina|Flip Turn|p2a: Scream Tail\n|-damage|p2a: Scream Tail|89/100\n|\n|t:|1771229151\n|switch|p1a: Greninja|Greninja, F|100/100|[from] Flip Turn\n|\n|-heal|p2a: Scream Tail|95/100|[from] item: Leftovers\n|upkeep\n|turn|5\n|\n|t:|1771229157\n|move|p2a: Scream Tail|Protect|p2a: Scream Tail\n|-singleturn|p2a: Scream Tail|Protect\n|move|p1a: Greninja|Sludge Wave|p2a: Scream Tail\n|-start|p1a: Greninja|typechange|Poison|[from] ability: Protean\n|-activate|p2a: Scream Tail|move: Protect\n|\n|-heal|p2a: Scream Tail|100/100|[from] item: Leftovers\n|upkeep\n|turn|6\n|\n|t:|1771229162\n|-end|p2a: Scream Tail|Protosynthesis|[silent]\n|switch|p2a: Muk|Muk-Alola, F|83/100\n|move|p1a: Greninja|Sludge Wave|p2a: Muk\n|-resisted|p2a: Muk\n|-damage|p2a: Muk|62/100\n|\n|-heal|p2a: Muk|68/100|[from] item: Leftovers\n|upkeep\n|turn|7\n|\n|t:|1771229167\n|switch|p1a: Gholdengo|Gholdengo|100/100\n|-item|p1a: Gholdengo|Air Balloon\n|move|p2a: Muk|Knock Off|p1a: Gholdengo\n|-supereffective|p1a: Gholdengo\n|-damage|p1a: Gholdengo|43/100\n|-enditem|p1a: Gholdengo|Air Balloon\n|\n|-heal|p2a: Muk|74/100|[from] item: Leftovers\n|upkeep\n|turn|8\n|\n|t:|1771229175\n|move|p1a: Gholdengo|Recover|p1a: Gholdengo\n|-heal|p1a: Gholdengo|93/100\n|move|p2a: Muk|Curse|p2a: Muk\n|-unboost|p2a: Muk|spe|1\n|-boost|p2a: Muk|atk|1\n|-boost|p2a: Muk|def|1\n|\n|-heal|p2a: Muk|80/100|[from] item: Leftovers\n|upkeep\n|turn|9\n|\n|t:|1771229178\n|switch|p1a: Great Tusk|Great Tusk|69/100 psn\n|move|p2a: Muk|Knock Off|p1a: Great Tusk\n|-resisted|p1a: Great Tusk\n|-damage|p1a: Great Tusk|49/100 psn\n|-enditem|p1a: Great Tusk|Heavy-Duty Boots|[from] move: Knock Off|[of] p2a: Muk\n|\n|-heal|p2a: Muk|86/100|[from] item: Leftovers\n|-damage|p1a: Great Tusk|37/100 psn|[from] psn\n|upkeep\n|turn|10\n|\n|t:|1771229184\n|switch|p2a: Talonflame|Talonflame, F|100/100\n|move|p1a: Great Tusk|Headlong Rush|p2a: Talonflame\n|-immune|p2a: Talonflame\n|\n|-damage|p1a: Great Tusk|25/100 psn|[from] psn\n|upkeep\n|turn|11\n|\n|t:|1771229188\n|-end|p1a: Great Tusk|Protosynthesis|[silent]\n|switch|p1a: Greninja|Greninja, F|100/100\n|move|p2a: Talonflame|Flamethrower|p1a: Greninja\n|-resisted|p1a: Greninja\n|-damage|p1a: Greninja|82/100\n|\n|upkeep\n|turn|12\n|\n|t:|1771229193\n|move|p2a: Talonflame|U-turn|p1a: Greninja\n|-supereffective|p1a: Greninja\n|-damage|p1a: Greninja|42/100\n|\n|t:|1771229201\n|switch|p2a: Scream Tail|Scream Tail|100/100|[from] U-turn\n|move|p1a: Greninja|Hydro Pump|p2a: Scream Tail\n|-start|p1a: Greninja|typechange|Water|[from] ability: Protean\n|-damage|p2a: Scream Tail|56/100\n|\n|-heal|p2a: Scream Tail|62/100|[from] item: Leftovers\n|upkeep\n|turn|13\n|\n|t:|1771229210\n|switch|p1a: Gholdengo|Gholdengo|93/100\n|move|p2a: Scream Tail|Wish|p2a: Scream Tail\n|\n|-heal|p2a: Scream Tail|68/100|[from] item: Leftovers\n|upkeep\n|turn|14\n|\n|t:|1771229217\n|-end|p2a: Scream Tail|Protosynthesis|[silent]\n|switch|p2a: Ursaluna|Ursaluna, M|100/100\n|switch|p1a: Greninja|Greninja, F|42/100\n|\n|-status|p2a: Ursaluna|brn|[from] item: Flame Orb\n|upkeep\n|turn|15\n|\n|t:|1771229238\n|switch|p2a: Latios|Latios, M|100/100\n|move|p1a: Greninja|Hydro Pump|p2a: Latios\n|-start|p1a: Greninja|typechange|Water|[from] ability: Protean\n|-resisted|p2a: Latios\n|-damage|p2a: Latios|55/100\n|\n|upkeep\n|turn|16\n|\n|t:|1771229248\n|switch|p1a: Tornadus|Tornadus-Therian, M|100/100\n|move|p2a: Latios|Luster Purge|p1a: Tornadus\n|-damage|p1a: Tornadus|67/100\n|\n|upkeep\n|turn|17\n|\n|t:|1771229256\n|switch|p2a: Scream Tail|Scream Tail|68/100\n|move|p1a: Tornadus|Knock Off|p2a: Scream Tail\n|-damage|p2a: Scream Tail|51/100\n|-enditem|p2a: Scream Tail|Leftovers|[from] move: Knock Off|[of] p1a: Tornadus\n|\n|upkeep\n|turn|18\n|\n|t:|1771229273\n|move|p1a: Tornadus|U-turn|p2a: Scream Tail\n|-damage|p2a: Scream Tail|39/100\n|\n|t:|1771229275\n|switch|p1a: Gholdengo|Gholdengo|93/100|[from] U-turn\n|move|p2a: Scream Tail|Wish|p2a: Scream Tail\n|\n|upkeep\n|turn|19\n|\n|t:|1771229280\n|move|p2a: Scream Tail|Protect|p2a: Scream Tail\n|-singleturn|p2a: Scream Tail|Protect\n|move|p1a: Gholdengo|Make It Rain|p2a: Scream Tail\n|-activate|p2a: Scream Tail|move: Protect\n|\n|-heal|p2a: Scream Tail|89/100|[from] move: Wish|[wisher] Scream Tail\n|upkeep\n|turn|20\n|\n|t:|1771229287\n|-end|p2a: Scream Tail|Protosynthesis|[silent]\n|switch|p2a: Talonflame|Talonflame, F|100/100\n|move|p1a: Gholdengo|Thunder Wave|p2a: Talonflame\n|-status|p2a: Talonflame|par\n|\n|upkeep\n|turn|21\n|\n|t:|1771229292\n|move|p1a: Gholdengo|Hex|p2a: Talonflame\n|-damage|p2a: Talonflame|28/100 par\n|cant|p2a: Talonflame|par\n|\n|upkeep\n|turn|22\n|\n|t:|1771229299\n|move|p1a: Gholdengo|Make It Rain|p2a: Talonflame\n|-resisted|p2a: Talonflame\n|-damage|p2a: Talonflame|0 fnt\n|-unboost|p1a: Gholdengo|spa|1\n|faint|p2a: Talonflame\n|\n|upkeep\n|\n|t:|1771229303\n|switch|p2a: Ursaluna|Ursaluna, M|100/100 brn\n|turn|23\n|\n|t:|1771229311\n|switch|p1a: Tornadus|Tornadus-Therian, M|99/100\n|move|p2a: Ursaluna|Facade|p1a: Tornadus\n|-damage|p1a: Tornadus|0 fnt\n|faint|p1a: Tornadus\n|\n|-damage|p2a: Ursaluna|94/100 brn|[from] brn\n|upkeep\n|\n|t:|1771229318\n|switch|p1a: Rillaboom|Rillaboom, M|100/100\n|-fieldstart|move: Grassy Terrain|[from] ability: Grassy Surge|[of] p1a: Rillaboom\n|turn|24\n|\n|t:|1771229323\n|-terastallize|p1a: Rillaboom|Grass\n|-terastallize|p2a: Ursaluna|Ghost\n|move|p1a: Rillaboom|Wood Hammer|p2a: Ursaluna\n|-damage|p2a: Ursaluna|0 fnt\n|faint|p2a: Ursaluna\n|-damage|p1a: Rillaboom|58/100|[from] Recoil\n|\n|-heal|p1a: Rillaboom|64/100|[from] Grassy Terrain\n|upkeep\n|\n|t:|1771229332\n|switch|p2a: Iron Hands|Iron Hands|100/100\n|turn|25\n|\n|t:|1771229342\n|switch|p1a: Great Tusk|Great Tusk|25/100 psn\n|move|p2a: Iron Hands|Drain Punch|p1a: Great Tusk\n|-damage|p1a: Great Tusk|2/100 psn\n|\n|-heal|p1a: Great Tusk|8/100 psn|[from] Grassy Terrain\n|-damage|p1a: Great Tusk|0 fnt|[from] psn\n|faint|p1a: Great Tusk\n|-end|p1a: Great Tusk|Protosynthesis|[silent]\n|upkeep\n|\n|t:|1771229345\n|switch|p1a: Primarina|Primarina, F|94/100\n|turn|26\n|\n|t:|1771229349\n|-end|p2a: Iron Hands|Quark Drive|[silent]\n|switch|p2a: Scream Tail|Scream Tail|89/100\n|move|p1a: Primarina|Flip Turn|p2a: Scream Tail\n|-damage|p2a: Scream Tail|77/100\n|\n|t:|1771229353\n|switch|p1a: Rillaboom|Rillaboom, M, tera:Grass|64/100|[from] Flip Turn\n|\n|-heal|p1a: Rillaboom|71/100|[from] Grassy Terrain\n|-heal|p2a: Scream Tail|83/100|[from] Grassy Terrain\n|upkeep\n|turn|27\n|\n|t:|1771229356\n|move|p2a: Scream Tail|Protect|p2a: Scream Tail\n|-singleturn|p2a: Scream Tail|Protect\n|move|p1a: Rillaboom|Wood Hammer|p2a: Scream Tail\n|-activate|p2a: Scream Tail|move: Protect\n|\n|-heal|p1a: Rillaboom|77/100|[from] Grassy Terrain\n|-heal|p2a: Scream Tail|89/100|[from] Grassy Terrain\n|upkeep\n|turn|28\n|\n|t:|1771229369\n|move|p1a: Rillaboom|Wood Hammer|p2a: Scream Tail\n|-damage|p2a: Scream Tail|0 fnt\n|faint|p2a: Scream Tail\n|-end|p2a: Scream Tail|Protosynthesis|[silent]\n|-damage|p1a: Rillaboom|40/100|[from] Recoil\n|\n|-heal|p1a: Rillaboom|46/100|[from] Grassy Terrain\n|-fieldend|move: Grassy Terrain\n|upkeep\n|\n|t:|1771229374\n|switch|p2a: Muk|Muk-Alola, F|86/100\n|turn|29\n|\n|t:|1771229391\n|switch|p1a: Primarina|Primarina, F|94/100\n|move|p2a: Muk|Curse|p2a: Muk\n|-unboost|p2a: Muk|spe|1\n|-boost|p2a: Muk|atk|1\n|-boost|p2a: Muk|def|1\n|\n|-heal|p2a: Muk|92/100|[from] item: Leftovers\n|upkeep\n|turn|30\n|\n|t:|1771229394\n|move|p1a: Primarina|Flip Turn|p2a: Muk\n|-damage|p2a: Muk|81/100\n|\n|t:|1771229396\n|switch|p1a: Rillaboom|Rillaboom, M, tera:Grass|46/100|[from] Flip Turn\n|-fieldstart|move: Grassy Terrain|[from] ability: Grassy Surge|[of] p1a: Rillaboom\n|move|p2a: Muk|Poison Fang|p1a: Rillaboom\n|-supereffective|p1a: Rillaboom\n|-damage|p1a: Rillaboom|0 fnt\n|faint|p1a: Rillaboom\n|\n|-heal|p2a: Muk|87/100|[from] Grassy Terrain\n|-heal|p2a: Muk|93/100|[from] item: Leftovers\n|upkeep\n|\n|t:|1771229398\n|switch|p1a: Greninja|Greninja, F|42/100\n|turn|31\n|\n|t:|1771229404\n|move|p1a: Greninja|Hydro Pump|p2a: Muk|[miss]\n|-start|p1a: Greninja|typechange|Water|[from] ability: Protean\n|-miss|p1a: Greninja|p2a: Muk\n|move|p2a: Muk|Drain Punch|p1a: Greninja\n|-crit|p1a: Greninja\n|-damage|p1a: Greninja|0 fnt\n|-heal|p2a: Muk|100/100|[from] drain|[of] p1a: Greninja\n|faint|p1a: Greninja\n|\n|upkeep\n|-message|GreninjaMyFav forfeited.\n|\n|win|Hgfhhfghfff\n|raw|GreninjaMyFav's rating: 1577 &rarr; <strong>1561</strong><br />(-16 for losing)\n|raw|Hgfhhfghfff's rating: 1649 &rarr; <strong>1665</strong><br />(+16 for winning)\n|l|☆GreninjaMyFav\n|player|p1|\n|l|☆Hgfhhfghfff\n|player|p2|\n", "uploadtime": 1771229582, "views": 9, "formatid": "gen9ou", "rating": 1561, "private": 0, "password": null}