{"id": "gen9ou-2540763022", "format": "[Gen 9] OU", "players": ["pengzhengzhe", "Malk2x"], "log": "|j|☆pengzhengzhe\n|j|☆Malk2x\n|t:|1771251196\n|gametype|singles\n|player|p1|pengzhengzhe|169|1510\n|player|p2|Malk2x|iris-gen5bw2|1578\n|gen|9\n|tier|[Gen 9] OU\n|rated|\n|rule|HP Percentage Mod: HP is shown in percentages\n|rule|Endless Battle Clause: Forcing endless battles is banned\n|rule|Species Clause: Limit one of each Pokémon\n|rule|OHKO Clause: OHKO moves are banned\n|rule|Evasion Items Clause: Evasion items are banned\n|rule|Evasion Moves Clause: Evasion moves are banned\n|rule|Evasion Abilities Clause: Evasion abilities are banned\n|rule|Sleep Moves Clause: Sleep-inducing moves are banned\n|clearpoke\n|poke|p1|Ting-Lu|\n|poke|p1|Darkrai|\n|poke|p1|Goodra-Hisui, M|\n|poke|p1|Corviknight, M|\n|poke|p1|Zamazenta-*|\n|poke|p1|Skeledirge, M|\n|poke|p2|Meowscarada, F|\n|poke|p2|Keldeo-Resolute|\n|poke|p2|Corviknight, M|\n|poke|p2|Garchomp, M|\n|poke|p2|Slowking-Galar, F|\n|poke|p2|Hydrapple, M|\n|teampreview\n|inactive|Battle timer is ON: inactive players will automatically lose when time's up. (requested by Malk2x)\n|\n|t:|1771251209\n|teamsize|p1|6\n|teamsize|p2|6\n|start\n|switch|p1a: 岩钉吹飞|Ting-Lu|100/100\n|switch|p2a: Keldeo|Keldeo-Resolute|100/100\n|-ability|p1a: 岩钉吹飞|Vessel of Ruin\n|turn|1\n|\n|t:|1771251215\n|move|p2a: Keldeo|Surf|p1a: 岩钉吹飞\n|-supereffective|p1a: 岩钉吹飞\n|-damage|p1a: 岩钉吹飞|41/100\n|move|p1a: 岩钉吹飞|Earthquake|p2a: Keldeo\n|-damage|p2a: Keldeo|39/100\n|\n|upkeep\n|turn|2\n|\n|t:|1771251220\n|switch|p1a: 背心龙尾|Goodra-Hisui, M|100/100\n|move|p2a: Keldeo|Surf|p1a: 背心龙尾\n|-resisted|p1a: 背心龙尾\n|-damage|p1a: 背心龙尾|73/100\n|\n|upkeep\n|turn|3\n|\n|t:|1771251229\n|switch|p2a: Slowking|Slowking-Galar, F|100/100\n|move|p1a: 背心龙尾|Draco Meteor|p2a: Slowking\n|-crit|p2a: Slowking\n|-damage|p2a: Slowking|36/100\n|-unboost|p1a: 背心龙尾|spa|2\n|\n|upkeep\n|turn|4\n|\n|t:|1771251237\n|switch|p2a: Keldeo|Keldeo-Resolute|39/100\n|move|p1a: 背心龙尾|Draco Meteor|p2a: Keldeo\n|-damage|p2a: Keldeo|0 fnt\n|-unboost|p1a: 背心龙尾|spa|2\n|faint|p2a: Keldeo\n|\n|upkeep\n|\n|t:|1771251243\n|switch|p2a: Meowscarada|Meowscarada, F|100/100\n|turn|5\n|\n|t:|1771251248\n|switch|p1a: 天空之盾|Corviknight, M|100/100\n|-ability|p1a: 天空之盾|Pressure\n|move|p2a: Meowscarada|Low Kick|p1a: 天空之盾\n|-start|p2a: Meowscarada|typechange|Fighting|[from] ability: Protean\n|-damage|p1a: 天空之盾|78/100\n|-damage|p2a: Meowscarada|84/100|[from] item: Rocky Helmet|[of] p1a: 天空之盾\n|\n|upkeep\n|turn|6\n|\n|t:|1771251253\n|switch|p2a: Garchomp|Garchomp, M|100/100\n|move|p1a: 天空之盾|U-turn|p2a: Garchomp\n|-damage|p2a: Garchomp|86/100\n|-damage|p1a: 天空之盾|66/100|[from] ability: Rough Skin|[of] p2a: Garchomp\n|\n|t:|1771251271\n|switch|p1a: 害怕岩钉|Skeledirge, M|100/100|[from] U-turn\n|\n|-heal|p2a: Garchomp|92/100|[from] item: Leftovers\n|upkeep\n|turn|7\n|\n|t:|1771251279\n|switch|p2a: Slowking|Slowking-Galar, F|69/100\n|move|p1a: 害怕岩钉|Will-O-Wisp|p2a: Slowking\n|-status|p2a: Slowking|brn\n|\n|-damage|p2a: Slowking|63/100 brn|[from] brn\n|upkeep\n|turn|8\n|\n|t:|1771251284\n|switch|p2a: Hydrapple|Hydrapple, M|100/100\n|move|p1a: 害怕岩钉|Hex|p2a: Hydrapple\n|-damage|p2a: Hydrapple|77/100\n|\n|upkeep\n|turn|9\n|\n|t:|1771251297\n|switch|p1a: 天空之盾|Corviknight, M|66/100\n|-ability|p1a: 天空之盾|Pressure\n|move|p2a: Hydrapple|Earth Power|p1a: 天空之盾\n|-immune|p1a: 天空之盾\n|\n|upkeep\n|turn|10\n|\n|t:|1771251304\n|switch|p2a: Garchomp|Garchomp, M|92/100\n|move|p1a: 天空之盾|U-turn|p2a: Garchomp\n|-damage|p2a: Garchomp|77/100\n|-damage|p1a: 天空之盾|53/100|[from] ability: Rough Skin|[of] p2a: Garchomp\n|\n|t:|1771251315\n|switch|p1a: 害怕岩钉|Skeledirge, M|100/100|[from] U-turn\n|\n|-heal|p2a: Garchomp|83/100|[from] item: Leftovers\n|upkeep\n|turn|11\n|\n|t:|1771251320\n|switch|p2a: Hydrapple|Hydrapple, M|100/100\n|move|p1a: 害怕岩钉|Will-O-Wisp|p2a: Hydrapple\n|-status|p2a: Hydrapple|brn\n|\n|-damage|p2a: Hydrapple|94/100 brn|[from] brn\n|upkeep\n|turn|12\n|\n|t:|1771251333\n|-terastallize|p1a: 害怕岩钉|Fairy\n|move|p1a: 害怕岩钉|Hex|p2a: Hydrapple\n|-damage|p2a: Hydrapple|46/100 brn\n|move|p2a: Hydrapple|Nasty Plot|p2a: Hydrapple\n|-boost|p2a: Hydrapple|spa|2\n|\n|-damage|p2a: Hydrapple|40/100 brn|[from] brn\n|upkeep\n|turn|13\n|\n|t:|1771251347\n|move|p1a: 害怕岩钉|Torch Song|p2a: Hydrapple\n|-damage|p2a: Hydrapple|9/100 brn\n|-boost|p1a: 害怕岩钉|spa|1\n|move|p2a: Hydrapple|Giga Drain|p1a: 害怕岩钉\n|-damage|p1a: 害怕岩钉|69/100\n|-heal|p2a: Hydrapple|25/100 brn|[from] drain|[of] p1a: 害怕岩钉\n|\n|-damage|p2a: Hydrapple|19/100 brn|[from] brn\n|upkeep\n|turn|14\n|\n|t:|1771251362\n|switch|p2a: Garchomp|Garchomp, M|83/100\n|move|p1a: 害怕岩钉|Torch Song|p2a: Garchomp\n|-resisted|p2a: Garchomp\n|-damage|p2a: Garchomp|58/100\n|-boost|p1a: 害怕岩钉|spa|1\n|\n|-heal|p2a: Garchomp|64/100|[from] item: Leftovers\n|upkeep\n|turn|15\n|\n|t:|1771251367\n|switch|p2a: Slowking|Slowking-Galar, F|96/100 brn\n|move|p1a: 害怕岩钉|Will-O-Wisp|p2a: Slowking|[miss]\n|-miss|p1a: 害怕岩钉|p2a: Slowking\n|\n|-damage|p2a: Slowking|90/100 brn|[from] brn\n|upkeep\n|turn|16\n|\n|t:|1771251370\n|move|p1a: 害怕岩钉|Hex|p2a: Slowking\n|-supereffective|p2a: Slowking\n|-damage|p2a: Slowking|0 fnt\n|faint|p2a: Slowking\n|\n|upkeep\n|-message|Malk2x forfeited.\n|\n|win|pengzhengzhe\n|raw|pengzhengzhe's rating: 1510 &rarr; <strong>1534</strong><br />(+24 for winning)\n|raw|Malk2x's rating: 1578 &rarr; <strong>1554</strong><br />(-24 for losing)\n|l|☆Malk2x\n|player|p2|\n|l|☆pengzhengzhe\n|player|p1|\n", "uploadtime": 1771251615, "views": 9, "formatid": "gen9ou", "rating": 1534, "private": 0, "password": null}