{"id": "gen9ou-2639996878", "format": "[Gen 9] OU", "players": ["patatounette", "Pinkacross"], "log": "|badge|p2|silver|gen9ou|30-9\n|html|<div class=\"broadcast-red\"><strong>This battle is required to be public due to one or more player having a season medal.</strong><br />During the public phase, you can discuss the state of the ladder <a href=\"/seasondiscussion\">in a special chatroom.</a></div>\n|uhtml|medal-msg|<div class=\"broadcast-blue\">Curious what those medals under the avatar are? PS now has Ladder Seasons! For more information, check out the <a href=\"https://www.smogon.com/forums/threads/3740067/\">thread on Smogon.</a></div>\n|raw|<div class=\"broadcast-blue\"><strong>This battle is required to be public due to a player having a name starting with 'medal'.</div>\n|j|☆patatounette\n|j|☆Pinkacross\n|t:|1782560718\n|gametype|singles\n|player|p1|patatounette|morty|1783\n|player|p2|Pinkacross|artist|1894\n|gen|9\n|tier|[Gen 9] OU\n|rated|\n|rule|HP Percentage Mod: HP is shown in percentages\n|rule|Endless Battle Clause: Forcing endless battles is banned\n|rule|Species Clause: Limit one of each Pokémon\n|rule|OHKO Clause: OHKO moves are banned\n|rule|Evasion Items Clause: Evasion items are banned\n|rule|Evasion Moves Clause: Evasion moves are banned\n|rule|Evasion Abilities Clause: Evasion abilities are banned\n|rule|Sleep Moves Clause: Sleep-inducing moves are banned\n|clearpoke\n|poke|p1|Glimmora, F|\n|poke|p1|Gholdengo|\n|poke|p1|Primarina, M|\n|poke|p1|Houndstone, F|\n|poke|p1|Goodra-Hisui, M|\n|poke|p1|Samurott-Hisui, M|\n|poke|p2|Gliscor, M|\n|poke|p2|Morpeko, F|\n|poke|p2|Blissey, F|\n|poke|p2|Corviknight, F|\n|poke|p2|Hoopa-Unbound|\n|poke|p2|Dragonite, M|\n|teampreview\n|inactive|Battle timer is ON: inactive players will automatically lose when time's up. (requested by patatounette)\n|c|☆Pinkacross|hf\n|\n|t:|1782560740\n|teamsize|p1|6\n|teamsize|p2|6\n|start\n|switch|p1a: Samurott|Samurott-Hisui, M|100/100\n|switch|p2a: Morpeko|Morpeko, F|100/100\n|turn|1\n|\n|t:|1782560747\n|move|p1a: Samurott|Sacred Sword|p2a: Morpeko\n|-supereffective|p2a: Morpeko\n|-damage|p2a: Morpeko|0 fnt\n|faint|p2a: Morpeko\n|\n|upkeep\n|\n|t:|1782560752\n|switch|p2a: Gliscor|Gliscor, M|100/100\n|turn|2\n|\n|t:|1782560754\n|switch|p1a: Gholdengo|Gholdengo|100/100\n|-item|p1a: Gholdengo|Air Balloon\n|move|p2a: Gliscor|Spikes|p1a: Gholdengo\n|-sidestart|p1: patatounette|Spikes\n|\n|-status|p2a: Gliscor|tox|[from] item: Toxic Orb\n|upkeep\n|turn|3\n|j| dante1310\n|\n|t:|1782560757\n|move|p2a: Gliscor|U-turn|p1a: Gholdengo\n|-resisted|p1a: Gholdengo\n|-damage|p1a: Gholdengo|98/100\n|-enditem|p1a: Gholdengo|Air Balloon\n|\n|t:|1782560762\n|switch|p2a: Hoopa|Hoopa-Unbound|100/100|[from] U-turn\n|move|p1a: Gholdengo|Shadow Ball|p2a: Hoopa\n|-damage|p2a: Hoopa|66/100\n|\n|upkeep\n|turn|4\n|\n|t:|1782560768\n|switch|p1a: Glimmora|Glimmora, F|100/100\n|-damage|p1a: Glimmora|88/100|[from] Spikes\n|move|p2a: Hoopa|Hyperspace Fury|p1a: Glimmora\n|-damage|p1a: Glimmora|20/100\n|-unboost|p2a: Hoopa|def|1\n|-activate|p1a: Glimmora|ability: Toxic Debris\n|-sidestart|p2: Pinkacross|move: Toxic Spikes\n|-enditem|p1a: Glimmora|Red Card|[of] p2a: Hoopa\n|drag|p2a: Blissey|Blissey, F|100/100\n|\n|upkeep\n|turn|5\n|\n|t:|1782560773\n|move|p1a: Glimmora|Stealth Rock|p2a: Blissey\n|-sidestart|p2: Pinkacross|move: Stealth Rock\n|move|p2a: Blissey|Stealth Rock|p1a: Glimmora\n|-sidestart|p1: patatounette|move: Stealth Rock\n|\n|upkeep\n|turn|6\n|\n|t:|1782560776\n|switch|p2a: Corviknight|Corviknight, F|100/100\n|-damage|p2a: Corviknight|88/100|[from] Stealth Rock\n|-ability|p2a: Corviknight|Pressure\n|move|p1a: Glimmora|Mortal Spin|p2a: Corviknight\n|-immune|p2a: Corviknight\n|\n|upkeep\n|turn|7\n|\n|t:|1782560781\n|switch|p1a: Gholdengo|Gholdengo|98/100\n|-damage|p1a: Gholdengo|86/100|[from] Spikes\n|-damage|p1a: Gholdengo|80/100|[from] Stealth Rock\n|move|p2a: Corviknight|Body Press|p1a: Gholdengo\n|-immune|p1a: Gholdengo\n|\n|upkeep\n|turn|8\n|\n|t:|1782560788\n|move|p1a: Gholdengo|Recover|p1a: Gholdengo\n|-heal|p1a: Gholdengo|100/100\n|move|p2a: Corviknight|U-turn|p1a: Gholdengo\n|-resisted|p1a: Gholdengo\n|-damage|p1a: Gholdengo|98/100\n|\n|t:|1782560791\n|switch|p2a: Gliscor|Gliscor, M|100/100 tox|[from] U-turn\n|-damage|p2a: Gliscor|88/100 tox|[from] Stealth Rock\n|\n|-heal|p2a: Gliscor|100/100 tox|[from] ability: Poison Heal\n|upkeep\n|turn|9\n|\n|t:|1782560802\n|move|p2a: Gliscor|Earthquake|p1a: Gholdengo\n|-supereffective|p1a: Gholdengo\n|-damage|p1a: Gholdengo|57/100\n|move|p1a: Gholdengo|Nasty Plot|p1a: Gholdengo\n|-boost|p1a: Gholdengo|spa|2\n|\n|upkeep\n|turn|10\n|\n|t:|1782560808\n|switch|p2a: Hoopa|Hoopa-Unbound|66/100\n|-status|p2a: Hoopa|psn\n|-damage|p2a: Hoopa|54/100 psn|[from] Stealth Rock\n|-terastallize|p1a: Gholdengo|Flying\n|move|p1a: Gholdengo|Recover|p1a: Gholdengo\n|-heal|p1a: Gholdengo|100/100\n|\n|-damage|p2a: Hoopa|42/100 psn|[from] psn\n|upkeep\n|turn|11\n|inactive|Pinkacross has 120 seconds left.\n|\n|t:|1782560839\n|move|p2a: Hoopa|Hyperspace Fury|p1a: Gholdengo\n|-damage|p1a: Gholdengo|37/100\n|-unboost|p2a: Hoopa|def|1\n|move|p1a: Gholdengo|Shadow Ball|p2a: Hoopa\n|-damage|p2a: Hoopa|0 fnt\n|faint|p2a: Hoopa\n|\n|upkeep\n|inactive|Pinkacross has 120 seconds left.\n|\n|t:|1782560845\n|switch|p2a: Dragonite|Dragonite, M|100/100\n|turn|12\n|inactive|Pinkacross has 120 seconds left.\n|\n|t:|1782560857\n|move|p2a: Dragonite|Dragon Dance|p2a: Dragonite\n|-boost|p2a: Dragonite|atk|1\n|-boost|p2a: Dragonite|spe|1\n|move|p1a: Gholdengo|Shadow Ball|p2a: Dragonite\n|-damage|p2a: Dragonite|66/100\n|-unboost|p2a: Dragonite|spd|1\n|\n|upkeep\n|turn|13\n|\n|t:|1782560864\n|-terastallize|p2a: Dragonite|Normal\n|move|p2a: Dragonite|Extreme Speed|p1a: Gholdengo\n|-damage|p1a: Gholdengo|0 fnt\n|faint|p1a: Gholdengo\n|\n|upkeep\n|\n|t:|1782560869\n|switch|p1a: Houndstone|Houndstone, F|100/100\n|-damage|p1a: Houndstone|88/100|[from] Spikes\n|-damage|p1a: Houndstone|76/100|[from] Stealth Rock\n|turn|14\n|\n|t:|1782560874\n|switch|p2a: Gliscor|Gliscor, M|100/100 tox\n|-damage|p2a: Gliscor|88/100 tox|[from] Stealth Rock\n|move|p1a: Houndstone|Will-O-Wisp||[still]\n|-fail|p1a: Houndstone\n|\n|-heal|p1a: Houndstone|82/100|[from] item: Leftovers\n|-heal|p2a: Gliscor|100/100 tox|[from] ability: Poison Heal\n|upkeep\n|turn|15\n|\n|t:|1782560879\n|move|p2a: Gliscor|Spikes|p1a: Houndstone\n|-sidestart|p1: patatounette|Spikes\n|move|p1a: Houndstone|Roar|p2a: Gliscor\n|drag|p2a: Corviknight|Corviknight, F|88/100\n|-damage|p2a: Corviknight|75/100|[from] Stealth Rock\n|-ability|p2a: Corviknight|Pressure\n|\n|-heal|p1a: Houndstone|88/100|[from] item: Leftovers\n|upkeep\n|turn|16\n|\n|t:|1782560883\n|switch|p2a: Gliscor|Gliscor, M|100/100 tox\n|-damage|p2a: Gliscor|88/100 tox|[from] Stealth Rock\n|move|p1a: Houndstone|Roar|p2a: Gliscor\n|drag|p2a: Blissey|Blissey, F|100/100\n|\n|-heal|p1a: Houndstone|94/100|[from] item: Leftovers\n|upkeep\n|turn|17\n|\n|t:|1782560896\n|switch|p2a: Gliscor|Gliscor, M|88/100 tox\n|-damage|p2a: Gliscor|75/100 tox|[from] Stealth Rock\n|move|p1a: Houndstone|Body Press|p2a: Gliscor\n|-resisted|p2a: Gliscor\n|-damage|p2a: Gliscor|68/100 tox\n|\n|-heal|p1a: Houndstone|99/100|[from] item: Leftovers\n|-heal|p2a: Gliscor|80/100 tox|[from] ability: Poison Heal\n|upkeep\n|turn|18\n|\n|t:|1782560900\n|move|p2a: Gliscor|Spikes|p1a: Houndstone\n|-sidestart|p1: patatounette|Spikes\n|move|p1a: Houndstone|Roar|p2a: Gliscor\n|drag|p2a: Blissey|Blissey, F|100/100\n|\n|-heal|p1a: Houndstone|100/100|[from] item: Leftovers\n|upkeep\n|turn|19\n|\n|t:|1782560906\n|move|p2a: Blissey|Thunder Wave|p1a: Houndstone\n|-status|p1a: Houndstone|par\n|cant|p1a: Houndstone|par\n|\n|upkeep\n|turn|20\n|\n|t:|1782560909\n|switch|p2a: Gliscor|Gliscor, M|80/100 tox\n|-damage|p2a: Gliscor|68/100 tox|[from] Stealth Rock\n|switch|p1a: Primarina|Primarina, M|100/100\n|-damage|p1a: Primarina|75/100|[from] Spikes\n|-damage|p1a: Primarina|63/100|[from] Stealth Rock\n|\n|-heal|p1a: Primarina|69/100|[from] item: Leftovers\n|-heal|p2a: Gliscor|80/100 tox|[from] ability: Poison Heal\n|upkeep\n|turn|21\n|\n|t:|1782560912\n|switch|p2a: Blissey|Blissey, F|100/100\n|move|p1a: Primarina|Substitute|p1a: Primarina\n|-start|p1a: Primarina|Substitute\n|-damage|p1a: Primarina|44/100\n|\n|-heal|p1a: Primarina|50/100|[from] item: Leftovers\n|upkeep\n|turn|22\n|\n|t:|1782560916\n|move|p1a: Primarina|Calm Mind|p1a: Primarina\n|-boost|p1a: Primarina|spa|1\n|-boost|p1a: Primarina|spd|1\n|move|p2a: Blissey|Seismic Toss|p1a: Primarina\n|-end|p1a: Primarina|Substitute\n|\n|-heal|p1a: Primarina|56/100|[from] item: Leftovers\n|upkeep\n|turn|23\n|\n|t:|1782560923\n|move|p1a: Primarina|Calm Mind|p1a: Primarina\n|-boost|p1a: Primarina|spa|1\n|-boost|p1a: Primarina|spd|1\n|move|p2a: Blissey|Seismic Toss|p1a: Primarina\n|-damage|p1a: Primarina|29/100\n|\n|-heal|p1a: Primarina|35/100|[from] item: Leftovers\n|upkeep\n|turn|24\n|\n|t:|1782560926\n|move|p1a: Primarina|Draining Kiss|p2a: Blissey\n|-damage|p2a: Blissey|86/100\n|-heal|p1a: Primarina|54/100|[from] drain|[of] p2a: Blissey\n|move|p2a: Blissey|Thunder Wave|p1a: Primarina\n|-status|p1a: Primarina|par\n|\n|-heal|p1a: Primarina|60/100 par|[from] item: Leftovers\n|upkeep\n|turn|25\n|\n|t:|1782560930\n|move|p2a: Blissey|Seismic Toss|p1a: Primarina\n|-damage|p1a: Primarina|33/100 par\n|move|p1a: Primarina|Calm Mind|p1a: Primarina\n|-boost|p1a: Primarina|spa|1\n|-boost|p1a: Primarina|spd|1\n|\n|-heal|p1a: Primarina|39/100 par|[from] item: Leftovers\n|upkeep\n|turn|26\n|\n|t:|1782560932\n|move|p2a: Blissey|Seismic Toss|p1a: Primarina\n|-damage|p1a: Primarina|11/100 par\n|move|p1a: Primarina|Draining Kiss|p2a: Blissey\n|-damage|p2a: Blissey|68/100\n|-heal|p1a: Primarina|35/100 par|[from] drain|[of] p2a: Blissey\n|\n|-heal|p1a: Primarina|41/100 par|[from] item: Leftovers\n|upkeep\n|turn|27\n|\n|t:|1782560935\n|move|p2a: Blissey|Seismic Toss|p1a: Primarina\n|-damage|p1a: Primarina|14/100 par\n|cant|p1a: Primarina|par\n|\n|-heal|p1a: Primarina|20/100 par|[from] item: Leftovers\n|upkeep\n|turn|28\n|\n|t:|1782560937\n|move|p2a: Blissey|Seismic Toss|p1a: Primarina\n|-damage|p1a: Primarina|0 fnt\n|faint|p1a: Primarina\n|\n|upkeep\n|\n|t:|1782560942\n|switch|p1a: Goodra|Goodra-Hisui, M|100/100\n|-damage|p1a: Goodra|75/100|[from] Spikes\n|-damage|p1a: Goodra|69/100|[from] Stealth Rock\n|turn|29\n|\n|t:|1782560949\n|move|p2a: Blissey|Thunder Wave|p1a: Goodra\n|-status|p1a: Goodra|par\n|move|p1a: Goodra|Ice Beam|p2a: Blissey\n|-damage|p2a: Blissey|61/100\n|\n|upkeep\n|turn|30\n|-message|patatounette forfeited.\n|\n|win|Pinkacross\n|raw|patatounette's rating: 1783 &rarr; <strong>1770</strong><br />(-13 for losing)\n|raw|Pinkacross's rating: 1901 &rarr; <strong>1914</strong><br />(+13 for winning)\n|l|☆patatounette\n|player|p1|\n|c|☆Pinkacross|gg\n|l| dante1310\n", "uploadtime": 1782560955, "views": 7, "formatid": "gen9ou", "rating": 1770, "private": 0, "password": null}