{"id": "gen9ou-2540621701", "format": "[Gen 9] OU", "players": ["Bidofo's Infernape", "Arboks Fangs"], "log": "|j|☆Bidofo's Infernape\n|j|‽Arboks Fangs\n|t:|1771228935\n|gametype|singles\n|player|p1|Bidofo's Infernape|102|1584\n|player|p2|Arboks Fangs|fantina|1681\n|gen|9\n|tier|[Gen 9] OU\n|rated|\n|rule|HP Percentage Mod: HP is shown in percentages\n|rule|Endless Battle Clause: Forcing endless battles is banned\n|rule|Species Clause: Limit one of each Pokémon\n|rule|OHKO Clause: OHKO moves are banned\n|rule|Evasion Items Clause: Evasion items are banned\n|rule|Evasion Moves Clause: Evasion moves are banned\n|rule|Evasion Abilities Clause: Evasion abilities are banned\n|rule|Sleep Moves Clause: Sleep-inducing moves are banned\n|clearpoke\n|poke|p1|Tinkaton, F|\n|poke|p1|Ogerpon, F|\n|poke|p1|Great Tusk|\n|poke|p1|Pecharunt|\n|poke|p1|Alomomola, M|\n|poke|p1|Hydreigon, M|\n|poke|p2|Ninetales-Alola, F|\n|poke|p2|Klefki, M|\n|poke|p2|Maushold-Four|\n|poke|p2|Latias, F|\n|poke|p2|Okidogi, M|\n|poke|p2|Kyurem|\n|teampreview\n|inactive|Battle timer is ON: inactive players will automatically lose when time's up. (requested by Arboks Fangs)\n|\n|t:|1771228943\n|teamsize|p1|6\n|teamsize|p2|6\n|start\n|switch|p1a: Tinkaton|Tinkaton, F|100/100\n|switch|p2a: Ninetales|Ninetales-Alola, F|100/100\n|-weather|Snowscape|[from] ability: Snow Warning|[of] p2a: Ninetales\n|-item|p1a: Tinkaton|Air Balloon\n|turn|1\n|\n|t:|1771228946\n|move|p2a: Ninetales|Aurora Veil|p2a: Ninetales\n|-sidestart|p2: Arboks Fangs|move: Aurora Veil\n|move|p1a: Tinkaton|Gigaton Hammer|p2a: Ninetales\n|-supereffective|p2a: Ninetales\n|-damage|p2a: Ninetales|8/100\n|\n|-weather|Snowscape|[upkeep]\n|upkeep\n|turn|2\n|\n|t:|1771228954\n|switch|p1a: Ogerpon|Ogerpon, F|100/100\n|move|p2a: Ninetales|Misty Terrain|p2a: Ninetales\n|-fieldstart|move: Misty Terrain\n|\n|-weather|Snowscape|[upkeep]\n|upkeep\n|turn|3\n|\n|t:|1771228964\n|switch|p2a: Latias|Latias, F|100/100\n|move|p1a: Ogerpon|Knock Off|p2a: Latias\n|-supereffective|p2a: Latias\n|-damage|p2a: Latias|52/100\n|-enditem|p2a: Latias|Weakness Policy\n|-boost|p2a: Latias|atk|2|[from] item: Weakness Policy\n|-boost|p2a: Latias|spa|2|[from] item: Weakness Policy\n|\n|-weather|Snowscape|[upkeep]\n|upkeep\n|turn|4\n|\n|t:|1771228982\n|switch|p1a: Tinkaton|Tinkaton, F|100/100\n|-item|p1a: Tinkaton|Air Balloon\n|move|p2a: Latias|Agility|p2a: Latias\n|-boost|p2a: Latias|spe|2\n|\n|-weather|Snowscape|[upkeep]\n|upkeep\n|turn|5\n|\n|t:|1771228988\n|move|p2a: Latias|Stored Power|p1a: Tinkaton\n|-resisted|p1a: Tinkaton\n|-damage|p1a: Tinkaton|20/100\n|-enditem|p1a: Tinkaton|Air Balloon\n|move|p1a: Tinkaton|Encore|p2a: Latias\n|-start|p2a: Latias|Encore\n|\n|-weather|none\n|upkeep\n|turn|6\n|\n|t:|1771229003\n|move|p2a: Latias|Stored Power|p1a: Tinkaton\n|-resisted|p1a: Tinkaton\n|-damage|p1a: Tinkaton|0 fnt\n|faint|p1a: Tinkaton\n|\n|-fieldend|Misty Terrain\n|upkeep\n|\n|t:|1771229006\n|switch|p1a: Hydreigon|Hydreigon, M|100/100\n|turn|7\n|\n|t:|1771229023\n|switch|p2a: Klefki|Klefki, M|100/100\n|move|p1a: Hydreigon|Draco Meteor|p2a: Klefki\n|-immune|p2a: Klefki\n|\n|upkeep\n|turn|8\n|\n|t:|1771229033\n|switch|p1a: Great Tusk|Great Tusk|100/100\n|move|p2a: Klefki|Reflect|p2a: Klefki\n|-sidestart|p2: Arboks Fangs|Reflect\n|\n|-sideend|p2: Arboks Fangs|move: Aurora Veil\n|upkeep\n|turn|9\n|\n|t:|1771229047\n|switch|p2a: Latias|Latias, F|52/100\n|move|p1a: Great Tusk|Headlong Rush|p2a: Latias\n|-immune|p2a: Latias|[from] ability: Levitate\n|\n|upkeep\n|turn|10\n|\n|t:|1771229062\n|-end|p1a: Great Tusk|Protosynthesis|[silent]\n|switch|p1a: Alomomola|Alomomola, M|100/100\n|move|p2a: Latias|Aura Sphere|p1a: Alomomola\n|-damage|p1a: Alomomola|88/100\n|\n|upkeep\n|turn|11\n|\n|t:|1771229069\n|switch|p2a: Klefki|Klefki, M|100/100\n|move|p1a: Alomomola|Play Rough|p2a: Klefki|[miss]\n|-miss|p1a: Alomomola|p2a: Klefki\n|\n|upkeep\n|turn|12\n|\n|t:|1771229072\n|move|p2a: Klefki|Thunder Wave|p1a: Alomomola\n|-status|p1a: Alomomola|par\n|cant|p1a: Alomomola|par\n|\n|upkeep\n|turn|13\n|\n|t:|1771229076\n|move|p2a: Klefki|Light Screen|p2a: Klefki\n|-sidestart|p2: Arboks Fangs|move: Light Screen\n|cant|p1a: Alomomola|par\n|\n|upkeep\n|turn|14\n|\n|t:|1771229080\n|switch|p2a: Latias|Latias, F|52/100\n|move|p1a: Alomomola|Flip Turn|p2a: Latias\n|-resisted|p2a: Latias\n|-damage|p2a: Latias|49/100\n|\n|t:|1771229088\n|switch|p1a: Ogerpon|Ogerpon, F|100/100|[from] Flip Turn\n|\n|upkeep\n|turn|15\n|j| amefurikoneko\n|\n|t:|1771229096\n|switch|p1a: Alomomola|Alomomola, M|100/100 par\n|move|p2a: Latias|Agility|p2a: Latias\n|-boost|p2a: Latias|spe|2\n|\n|-sideend|p2: Arboks Fangs|Reflect\n|upkeep\n|turn|16\n|\n|t:|1771229102\n|switch|p2a: Klefki|Klefki, M|100/100\n|move|p1a: Alomomola|Play Rough|p2a: Klefki\n|-resisted|p2a: Klefki\n|-damage|p2a: Klefki|92/100\n|\n|upkeep\n|turn|17\n|\n|t:|1771229108\n|move|p2a: Klefki|Reflect|p2a: Klefki\n|-sidestart|p2: Arboks Fangs|Reflect\n|move|p1a: Alomomola|Flip Turn|p2a: Klefki\n|-damage|p2a: Klefki|83/100\n|\n|t:|1771229111\n|switch|p1a: Great Tusk|Great Tusk|100/100|[from] Flip Turn\n|\n|upkeep\n|turn|18\n|\n|t:|1771229123\n|switch|p2a: Kyurem|Kyurem, shiny|100/100\n|-ability|p2a: Kyurem|Pressure\n|move|p1a: Great Tusk|Rapid Spin|p2a: Kyurem\n|-damage|p2a: Kyurem|92/100\n|-boost|p1a: Great Tusk|spe|1\n|\n|upkeep\n|turn|19\n|inactive|Bidofo's Infernape has 120 seconds left.\n|\n|t:|1771229180\n|move|p1a: Great Tusk|Close Combat|p2a: Kyurem\n|-supereffective|p2a: Kyurem\n|-damage|p2a: Kyurem|33/100\n|-unboost|p1a: Great Tusk|def|1\n|-unboost|p1a: Great Tusk|spd|1\n|move|p2a: Kyurem|Dragon Dance|p2a: Kyurem\n|-boost|p2a: Kyurem|atk|1\n|-boost|p2a: Kyurem|spe|1\n|\n|upkeep\n|turn|20\n|\n|t:|1771229189\n|-terastallize|p2a: Kyurem|Fire\n|move|p1a: Great Tusk|Close Combat|p2a: Kyurem\n|-damage|p2a: Kyurem|5/100\n|-unboost|p1a: Great Tusk|def|1\n|-unboost|p1a: Great Tusk|spd|1\n|move|p2a: Kyurem|Dragon Dance|p2a: Kyurem\n|-boost|p2a: Kyurem|atk|1\n|-boost|p2a: Kyurem|spe|1\n|\n|-sideend|p2: Arboks Fangs|move: Light Screen\n|upkeep\n|turn|21\n|\n|t:|1771229198\n|move|p2a: Kyurem|Icicle Spear|p1a: Great Tusk\n|-supereffective|p1a: Great Tusk\n|-damage|p1a: Great Tusk|21/100\n|-supereffective|p1a: Great Tusk\n|-damage|p1a: Great Tusk|0 fnt\n|faint|p1a: Great Tusk\n|-end|p1a: Great Tusk|Protosynthesis|[silent]\n|-hitcount|p1: Great Tusk|2\n|\n|upkeep\n|\n|t:|1771229208\n|switch|p1a: Alomomola|Alomomola, M|100/100 par\n|turn|22\n|\n|t:|1771229211\n|move|p1a: Alomomola|Aqua Jet|p2a: Kyurem\n|-supereffective|p2a: Kyurem\n|-damage|p2a: Kyurem|0 fnt\n|faint|p2a: Kyurem\n|\n|upkeep\n|\n|t:|1771229217\n|switch|p2a: Maushold|Maushold-Four|100/100\n|turn|23\n|inactive|Bidofo's Infernape has 120 seconds left.\n|\n|t:|1771229226\n|switch|p2a: Ninetales|Ninetales-Alola, F|8/100\n|-weather|Snowscape|[from] ability: Snow Warning|[of] p2a: Ninetales\n|switch|p1a: Pecharunt|Pecharunt|100/100\n|\n|-weather|Snowscape|[upkeep]\n|upkeep\n|turn|24\n|\n|t:|1771229230\n|move|p2a: Ninetales|Aurora Veil|p2a: Ninetales\n|-sidestart|p2: Arboks Fangs|move: Aurora Veil\n|move|p1a: Pecharunt|Malignant Chain|p2a: Ninetales\n|-supereffective|p2a: Ninetales\n|-damage|p2a: Ninetales|0 fnt\n|faint|p2a: Ninetales\n|\n|-weather|Snowscape|[upkeep]\n|-sideend|p2: Arboks Fangs|Reflect\n|upkeep\n|\n|t:|1771229233\n|switch|p2a: Okidogi|Okidogi, M|100/100\n|turn|25\n|\n|t:|1771229241\n|move|p1a: Pecharunt|Parting Shot|p2a: Okidogi\n|-unboost|p2a: Okidogi|atk|1\n|-unboost|p2a: Okidogi|spa|1\n|\n|t:|1771229250\n|switch|p1a: Alomomola|Alomomola, M|100/100 par|[from] Parting Shot\n|move|p2a: Okidogi|Bulk Up|p2a: Okidogi\n|-boost|p2a: Okidogi|atk|1\n|-boost|p2a: Okidogi|def|1\n|\n|-weather|Snowscape|[upkeep]\n|upkeep\n|turn|26\n|\n|t:|1771229255\n|move|p2a: Okidogi|Bulk Up|p2a: Okidogi\n|-boost|p2a: Okidogi|atk|1\n|-boost|p2a: Okidogi|def|1\n|cant|p1a: Alomomola|par\n|\n|-weather|Snowscape|[upkeep]\n|upkeep\n|turn|27\n|\n|t:|1771229259\n|move|p2a: Okidogi|Bulk Up|p2a: Okidogi\n|-boost|p2a: Okidogi|atk|1\n|-boost|p2a: Okidogi|def|1\n|move|p1a: Alomomola|Flip Turn|p2a: Okidogi\n|-damage|p2a: Okidogi|98/100\n|\n|t:|1771229276\n|switch|p1a: Pecharunt|Pecharunt|100/100|[from] Flip Turn\n|\n|-weather|none\n|-heal|p2a: Okidogi|100/100|[from] item: Leftovers\n|upkeep\n|turn|28\n|\n|t:|1771229281\n|move|p1a: Pecharunt|Shadow Ball|p2a: Okidogi\n|-crit|p2a: Okidogi\n|-damage|p2a: Okidogi|62/100\n|move|p2a: Okidogi|Knock Off|p1a: Pecharunt\n|-supereffective|p1a: Pecharunt\n|-damage|p1a: Pecharunt|30/100\n|-damage|p2a: Okidogi|45/100|[from] item: Rocky Helmet|[of] p1a: Pecharunt\n|-enditem|p1a: Pecharunt|Rocky Helmet|[from] move: Knock Off|[of] p2a: Okidogi\n|\n|-heal|p2a: Okidogi|51/100|[from] item: Leftovers\n|upkeep\n|turn|29\n|\n|t:|1771229288\n|move|p1a: Pecharunt|Recover|p1a: Pecharunt\n|-heal|p1a: Pecharunt|80/100\n|move|p2a: Okidogi|Knock Off|p1a: Pecharunt\n|-supereffective|p1a: Pecharunt\n|-damage|p1a: Pecharunt|32/100\n|\n|-heal|p2a: Okidogi|57/100|[from] item: Leftovers\n|upkeep\n|turn|30\n|\n|t:|1771229294\n|move|p1a: Pecharunt|Shadow Ball|p2a: Okidogi\n|-damage|p2a: Okidogi|45/100\n|-unboost|p2a: Okidogi|spd|1\n|move|p2a: Okidogi|Bulk Up|p2a: Okidogi\n|-boost|p2a: Okidogi|atk|1\n|-boost|p2a: Okidogi|def|1\n|\n|-heal|p2a: Okidogi|51/100|[from] item: Leftovers\n|upkeep\n|turn|31\n|\n|t:|1771229300\n|move|p1a: Pecharunt|Shadow Ball|p2a: Okidogi\n|-damage|p2a: Okidogi|33/100\n|move|p2a: Okidogi|Knock Off|p1a: Pecharunt\n|-supereffective|p1a: Pecharunt\n|-damage|p1a: Pecharunt|0 fnt\n|faint|p1a: Pecharunt\n|\n|-heal|p2a: Okidogi|39/100|[from] item: Leftovers\n|-sideend|p2: Arboks Fangs|move: Aurora Veil\n|upkeep\n|\n|t:|1771229310\n|switch|p1a: Hydreigon|Hydreigon, M|100/100\n|turn|32\n|\n|t:|1771229328\n|switch|p2a: Latias|Latias, F|49/100\n|move|p1a: Hydreigon|Flash Cannon|p2a: Latias\n|-damage|p2a: Latias|15/100\n|\n|upkeep\n|turn|33\n|\n|t:|1771229334\n|switch|p1a: Alomomola|Alomomola, M|100/100 par\n|move|p2a: Latias|Aura Sphere|p1a: Alomomola\n|-damage|p1a: Alomomola|86/100 par\n|\n|upkeep\n|turn|34\n|\n|t:|1771229338\n|move|p2a: Latias|Aura Sphere|p1a: Alomomola\n|-damage|p1a: Alomomola|74/100 par\n|cant|p1a: Alomomola|par\n|\n|upkeep\n|turn|35\n|\n|t:|1771229343\n|move|p2a: Latias|Aura Sphere|p1a: Alomomola\n|-damage|p1a: Alomomola|60/100 par\n|move|p1a: Alomomola|Play Rough|p2a: Latias\n|-supereffective|p2a: Latias\n|-damage|p2a: Latias|0 fnt\n|faint|p2a: Latias\n|\n|upkeep\n|\n|t:|1771229346\n|switch|p2a: Klefki|Klefki, M|83/100\n|turn|36\n|\n|t:|1771229349\n|move|p2a: Klefki|Reflect|p2a: Klefki\n|-sidestart|p2: Arboks Fangs|Reflect\n|move|p1a: Alomomola|Flip Turn|p2a: Klefki\n|-damage|p2a: Klefki|75/100\n|\n|t:|1771229353\n|switch|p1a: Hydreigon|Hydreigon, M|100/100|[from] Flip Turn\n|\n|upkeep\n|turn|37\n|\n|t:|1771229357\n|move|p2a: Klefki|Light Screen|p2a: Klefki\n|-sidestart|p2: Arboks Fangs|move: Light Screen\n|move|p1a: Hydreigon|Earth Power|p2a: Klefki\n|-supereffective|p2a: Klefki\n|-damage|p2a: Klefki|24/100\n|\n|upkeep\n|turn|38\n|\n|t:|1771229362\n|move|p2a: Klefki|Spikes|p1a: Hydreigon\n|-sidestart|p1: Bidofo's Infernape|Spikes\n|move|p1a: Hydreigon|Earth Power|p2a: Klefki\n|-supereffective|p2a: Klefki\n|-damage|p2a: Klefki|0 fnt\n|faint|p2a: Klefki\n|\n|upkeep\n|\n|t:|1771229364\n|switch|p2a: Maushold|Maushold-Four|100/100\n|turn|39\n|l| amefurikoneko\n|\n|t:|1771229374\n|switch|p1a: Ogerpon|Ogerpon, F|100/100\n|-damage|p1a: Ogerpon|88/100|[from] Spikes\n|move|p2a: Maushold|Tidy Up|p2a: Maushold\n|-sideend|p1: Bidofo's Infernape|Spikes\n|-activate|p2a: Maushold|move: Tidy Up\n|-boost|p2a: Maushold|atk|1\n|-boost|p2a: Maushold|spe|1\n|\n|upkeep\n|turn|40\n|\n|t:|1771229386\n|move|p2a: Maushold|Population Bomb|p1a: Ogerpon\n|-damage|p1a: Ogerpon|64/100\n|-damage|p1a: Ogerpon|41/100\n|-damage|p1a: Ogerpon|19/100\n|-damage|p1a: Ogerpon|0 fnt\n|faint|p1a: Ogerpon\n|-hitcount|p1: Ogerpon|4\n|\n|upkeep\n|\n|t:|1771229391\n|switch|p1a: Hydreigon|Hydreigon, M|100/100\n|turn|41\n|\n|t:|1771229405\n|-terastallize|p1a: Hydreigon|Steel\n|move|p2a: Maushold|Population Bomb|p1a: Hydreigon\n|-resisted|p1a: Hydreigon\n|-damage|p1a: Hydreigon|90/100\n|-resisted|p1a: Hydreigon\n|-crit|p1a: Hydreigon\n|-damage|p1a: Hydreigon|74/100\n|-resisted|p1a: Hydreigon\n|-damage|p1a: Hydreigon|63/100\n|-resisted|p1a: Hydreigon\n|-damage|p1a: Hydreigon|54/100\n|-resisted|p1a: Hydreigon\n|-damage|p1a: Hydreigon|43/100\n|-resisted|p1a: Hydreigon\n|-damage|p1a: Hydreigon|32/100\n|-resisted|p1a: Hydreigon\n|-damage|p1a: Hydreigon|23/100\n|-resisted|p1a: Hydreigon\n|-damage|p1a: Hydreigon|13/100\n|-resisted|p1a: Hydreigon\n|-damage|p1a: Hydreigon|3/100\n|-resisted|p1a: Hydreigon\n|-damage|p1a: Hydreigon|0 fnt\n|faint|p1a: Hydreigon\n|-hitcount|p1: Hydreigon|10\n|\n|upkeep\n|\n|t:|1771229420\n|switch|p1a: Alomomola|Alomomola, M|93/100 par\n|turn|42\n|\n|t:|1771229423\n|move|p2a: Maushold|Population Bomb|p1a: Alomomola\n|-damage|p1a: Alomomola|79/100 par\n|-damage|p1a: Alomomola|66/100 par\n|-damage|p1a: Alomomola|53/100 par\n|-damage|p1a: Alomomola|40/100 par\n|-damage|p1a: Alomomola|27/100 par\n|-damage|p1a: Alomomola|13/100 par\n|-damage|p1a: Alomomola|0 fnt\n|faint|p1a: Alomomola\n|-hitcount|p1: Alomomola|7\n|\n|win|Arboks Fangs\n|raw|Bidofo&apos;s Infernape's rating: 1584 &rarr; <strong>1569</strong><br />(-15 for losing)\n|raw|Arboks Fangs's rating: 1681 &rarr; <strong>1696</strong><br />(+15 for winning)\n|l|☆Bidofo's Infernape\n|player|p1|\n|l|‽Arboks Fangs\n|player|p2|\n", "uploadtime": 1771229582, "views": 8, "formatid": "gen9ou", "rating": 1569, "private": 0, "password": null}