{"id": "gen9ou-2639225748", "format": "[Gen 9] OU", "players": ["Kulrit", "thepeakmons"], "log": "|j|☆Kulrit\n|j|☆thepeakmons\n|t:|1782436900\n|gametype|singles\n|player|p1|Kulrit|170|1204\n|player|p2|thepeakmons|101|1193\n|gen|9\n|tier|[Gen 9] OU\n|rated|\n|rule|HP Percentage Mod: HP is shown in percentages\n|rule|Endless Battle Clause: Forcing endless battles is banned\n|rule|Species Clause: Limit one of each Pokémon\n|rule|OHKO Clause: OHKO moves are banned\n|rule|Evasion Items Clause: Evasion items are banned\n|rule|Evasion Moves Clause: Evasion moves are banned\n|rule|Evasion Abilities Clause: Evasion abilities are banned\n|rule|Sleep Moves Clause: Sleep-inducing moves are banned\n|clearpoke\n|poke|p1|Iron Valiant|\n|poke|p1|Great Tusk|\n|poke|p1|Dragapult, F|\n|poke|p1|Kingambit, M|\n|poke|p1|Tornadus-Therian, M|\n|poke|p1|Ogerpon-Wellspring, F|\n|poke|p2|Dondozo, M|\n|poke|p2|Clodsire, F|\n|poke|p2|Corviknight, M|\n|poke|p2|Slowking-Galar, F|\n|poke|p2|Gholdengo|\n|poke|p2|Garganacl, F|\n|teampreview\n|inactive|Battle timer is ON: inactive players will automatically lose when time's up. (requested by Kulrit)\n|inactive|thepeakmons also wants the timer to be on.\n|\n|t:|1782436914\n|teamsize|p1|6\n|teamsize|p2|6\n|start\n|switch|p1a: Tornadus|Tornadus-Therian, M|100/100\n|switch|p2a: Clodsire|Clodsire, F|100/100\n|turn|1\n|\n|t:|1782436943\n|move|p1a: Tornadus|Knock Off|p2a: Clodsire\n|-damage|p2a: Clodsire|78/100\n|-enditem|p2a: Clodsire|Heavy-Duty Boots|[from] move: Knock Off|[of] p1a: Tornadus\n|move|p2a: Clodsire|Stealth Rock|p1a: Tornadus\n|-sidestart|p1: Kulrit|move: Stealth Rock\n|\n|upkeep\n|turn|2\n|inactive|thepeakmons has 120 seconds left.\n|\n|t:|1782436969\n|move|p1a: Tornadus|U-turn|p2a: Clodsire\n|-resisted|p2a: Clodsire\n|-damage|p2a: Clodsire|71/100\n|\n|t:|1782436972\n|switch|p1a: Kingambit|Kingambit, M|100/100|[from] U-turn\n|-damage|p1a: Kingambit|94/100|[from] Stealth Rock\n|move|p2a: Clodsire|Toxic|p1a: Kingambit\n|-immune|p1a: Kingambit\n|\n|upkeep\n|turn|3\n|inactive|thepeakmons has 120 seconds left.\n|\n|t:|1782436985\n|switch|p2a: Dondozo|Dondozo, M|100/100\n|-terastallize|p1a: Kingambit|Dark\n|move|p1a: Kingambit|Kowtow Cleave|p2a: Dondozo\n|-damage|p2a: Dondozo|66/100\n|\n|upkeep\n|turn|4\n|inactive|thepeakmons has 120 seconds left.\n|\n|t:|1782437006\n|-end|p1a: Kingambit|fallenundefined|[silent]\n|switch|p1a: Great Tusk|Great Tusk|100/100\n|move|p2a: Dondozo|Curse|p2a: Dondozo\n|-unboost|p2a: Dondozo|spe|1\n|-boost|p2a: Dondozo|atk|1\n|-boost|p2a: Dondozo|def|1\n|\n|upkeep\n|turn|5\n|\n|t:|1782437025\n|move|p1a: Great Tusk|Rapid Spin|p2a: Dondozo\n|-damage|p2a: Dondozo|61/100\n|-boost|p1a: Great Tusk|spe|1\n|-sideend|p1: Kulrit|Stealth Rock|[from] move: Rapid Spin|[of] p1a: Great Tusk\n|move|p2a: Dondozo|Wave Crash|p1a: Great Tusk\n|-supereffective|p1a: Great Tusk\n|-damage|p1a: Great Tusk|43/100\n|-damage|p2a: Dondozo|45/100|[from] Recoil\n|\n|upkeep\n|turn|6\n|\n|t:|1782437043\n|-end|p1a: Great Tusk|Protosynthesis|[silent]\n|switch|p1a: Ogerpon|Ogerpon-Wellspring, F|100/100\n|move|p2a: Dondozo|Body Press|p1a: Ogerpon\n|-damage|p1a: Ogerpon|45/100\n|\n|upkeep\n|turn|7\n|inactive|thepeakmons has 90 seconds left.\n|\n|t:|1782437070\n|switch|p2a: Corviknight|Corviknight, M|100/100\n|-ability|p2a: Corviknight|Pressure\n|move|p1a: Ogerpon|Horn Leech|p2a: Corviknight\n|-resisted|p2a: Corviknight\n|-damage|p2a: Corviknight|94/100\n|-heal|p1a: Ogerpon|50/100|[from] drain|[of] p2a: Corviknight\n|\n|upkeep\n|turn|8\n|inactive|thepeakmons has 90 seconds left.\n|\n|t:|1782437083\n|switch|p1a: Tornadus|Tornadus-Therian, M|100/100\n|move|p2a: Corviknight|Brave Bird|p1a: Tornadus\n|-damage|p1a: Tornadus|62/100\n|-damage|p2a: Corviknight|82/100|[from] Recoil\n|\n|upkeep\n|turn|9\n|inactive|thepeakmons has 90 seconds left.\n|\n|t:|1782437096\n|move|p1a: Tornadus|Heat Wave|p2a: Corviknight\n|-supereffective|p2a: Corviknight\n|-damage|p2a: Corviknight|32/100\n|move|p2a: Corviknight|Brave Bird|p1a: Tornadus\n|-damage|p1a: Tornadus|22/100\n|-damage|p2a: Corviknight|21/100|[from] Recoil\n|\n|upkeep\n|turn|10\n|inactive|thepeakmons has 90 seconds left.\n|\n|t:|1782437110\n|switch|p2a: Garganacl|Garganacl, F|100/100\n|move|p1a: Tornadus|U-turn|p2a: Garganacl\n|-damage|p2a: Garganacl|92/100\n|\n|t:|1782437119\n|switch|p1a: Ogerpon|Ogerpon-Wellspring, F|50/100|[from] U-turn\n|\n|-heal|p2a: Garganacl|98/100|[from] item: Leftovers\n|upkeep\n|turn|11\n|\n|t:|1782437129\n|move|p2a: Garganacl|Protect|p2a: Garganacl\n|-singleturn|p2a: Garganacl|Protect\n|move|p1a: Ogerpon|Horn Leech|p2a: Garganacl\n|-activate|p2a: Garganacl|move: Protect\n|\n|-heal|p2a: Garganacl|100/100|[from] item: Leftovers\n|upkeep\n|turn|12\n|\n|t:|1782437136\n|move|p1a: Ogerpon|Ivy Cudgel|p2a: Garganacl|[anim] Ivy Cudgel Water\n|-supereffective|p2a: Garganacl\n|-damage|p2a: Garganacl|42/100\n|move|p2a: Garganacl|Salt Cure|p1a: Ogerpon\n|-damage|p1a: Ogerpon|31/100\n|-start|p1a: Ogerpon|Salt Cure\n|\n|-heal|p2a: Garganacl|48/100|[from] item: Leftovers\n|-damage|p1a: Ogerpon|6/100|[from] Salt Cure\n|upkeep\n|turn|13\n|\n|t:|1782437148\n|switch|p1a: Tornadus|Tornadus-Therian, M|55/100\n|move|p2a: Garganacl|Protect||[still]\n|-fail|p2a: Garganacl\n|\n|-heal|p2a: Garganacl|54/100|[from] item: Leftovers\n|upkeep\n|turn|14\n|\n|t:|1782437154\n|move|p1a: Tornadus|Knock Off|p2a: Garganacl\n|-damage|p2a: Garganacl|44/100\n|-enditem|p2a: Garganacl|Leftovers|[from] move: Knock Off|[of] p1a: Tornadus\n|move|p2a: Garganacl|Recover|p2a: Garganacl\n|-heal|p2a: Garganacl|94/100\n|\n|upkeep\n|turn|15\n|\n|t:|1782437165\n|switch|p1a: Great Tusk|Great Tusk|43/100\n|move|p2a: Garganacl|Salt Cure|p1a: Great Tusk\n|-resisted|p1a: Great Tusk\n|-damage|p1a: Great Tusk|42/100\n|-start|p1a: Great Tusk|Salt Cure\n|\n|-damage|p1a: Great Tusk|29/100|[from] Salt Cure\n|upkeep\n|turn|16\n|\n|t:|1782437176\n|-end|p1a: Great Tusk|Protosynthesis|[silent]\n|switch|p1a: Ogerpon|Ogerpon-Wellspring, F|6/100\n|move|p2a: Garganacl|Salt Cure|p1a: Ogerpon\n|-damage|p1a: Ogerpon|0 fnt\n|faint|p1a: Ogerpon\n|\n|upkeep\n|\n|t:|1782437182\n|switch|p1a: Kingambit|Kingambit, M, tera:Dark|94/100\n|-activate|p1a: Kingambit|ability: Supreme Overlord\n|-start|p1a: Kingambit|fallen1|[silent]\n|turn|17\n|inactive|thepeakmons has 120 seconds left.\n|\n|t:|1782437188\n|move|p2a: Garganacl|Protect|p2a: Garganacl\n|-singleturn|p2a: Garganacl|Protect\n|move|p1a: Kingambit|Kowtow Cleave|p2a: Garganacl\n|-activate|p2a: Garganacl|move: Protect\n|\n|upkeep\n|turn|18\n|\n|t:|1782437197\n|switch|p2a: Gholdengo|Gholdengo|100/100\n|move|p1a: Kingambit|Iron Head|p2a: Gholdengo\n|-resisted|p2a: Gholdengo\n|-damage|p2a: Gholdengo|82/100\n|\n|upkeep\n|turn|19\n|\n|t:|1782437214\n|move|p1a: Kingambit|Sucker Punch|p2a: Gholdengo\n|-supereffective|p2a: Gholdengo\n|-damage|p2a: Gholdengo|0 fnt\n|faint|p2a: Gholdengo\n|\n|upkeep\n|inactive|thepeakmons has 120 seconds left.\n|\n|t:|1782437233\n|switch|p2a: Corviknight|Corviknight, M|21/100\n|-ability|p2a: Corviknight|Pressure\n|turn|20\n|inactive|thepeakmons has 120 seconds left.\n|\n|t:|1782437240\n|move|p1a: Kingambit|Sucker Punch||[still]\n|-fail|p1a: Kingambit\n|move|p2a: Corviknight|Roost|p2a: Corviknight\n|-heal|p2a: Corviknight|71/100\n|-singleturn|p2a: Corviknight|move: Roost\n|\n|upkeep\n|turn|21\n|inactive|thepeakmons has 120 seconds left.\n|\n|t:|1782437258\n|-end|p1a: Kingambit|fallen1|[silent]\n|switch|p1a: Tornadus|Tornadus-Therian, M|89/100\n|move|p2a: Corviknight|Roost|p2a: Corviknight\n|-heal|p2a: Corviknight|100/100\n|-singleturn|p2a: Corviknight|move: Roost\n|\n|upkeep\n|turn|22\n|inactive|thepeakmons has 120 seconds left.\n|\n|t:|1782437264\n|switch|p2a: Garganacl|Garganacl, F|94/100\n|move|p1a: Tornadus|Heat Wave|p2a: Garganacl\n|-resisted|p2a: Garganacl\n|-damage|p2a: Garganacl|84/100\n|\n|upkeep\n|turn|23\n|\n|t:|1782437276\n|move|p1a: Tornadus|U-turn|p2a: Garganacl\n|-damage|p2a: Garganacl|77/100\n|\n|t:|1782437278\n|switch|p1a: Great Tusk|Great Tusk|29/100|[from] U-turn\n|move|p2a: Garganacl|Salt Cure|p1a: Great Tusk\n|-resisted|p1a: Great Tusk\n|-damage|p1a: Great Tusk|28/100\n|-start|p1a: Great Tusk|Salt Cure\n|\n|-damage|p1a: Great Tusk|15/100|[from] Salt Cure\n|upkeep\n|turn|24\n|\n|t:|1782437284\n|move|p1a: Great Tusk|Stealth Rock|p2a: Garganacl\n|-sidestart|p2: thepeakmons|move: Stealth Rock\n|move|p2a: Garganacl|Recover|p2a: Garganacl\n|-heal|p2a: Garganacl|100/100\n|\n|-damage|p1a: Great Tusk|3/100|[from] Salt Cure\n|upkeep\n|turn|25\n|\n|t:|1782437294\n|move|p1a: Great Tusk|Earthquake|p2a: Garganacl\n|-supereffective|p2a: Garganacl\n|-damage|p2a: Garganacl|57/100\n|move|p2a: Garganacl|Salt Cure|p1a: Great Tusk\n|-resisted|p1a: Great Tusk\n|-damage|p1a: Great Tusk|1/100\n|\n|-damage|p1a: Great Tusk|0 fnt|[from] Salt Cure\n|faint|p1a: Great Tusk\n|-end|p1a: Great Tusk|Protosynthesis|[silent]\n|upkeep\n|\n|t:|1782437298\n|switch|p1a: Kingambit|Kingambit, M, tera:Dark|94/100\n|-activate|p1a: Kingambit|ability: Supreme Overlord\n|-start|p1a: Kingambit|fallen2|[silent]\n|turn|26\n|\n|t:|1782437311\n|switch|p2a: Corviknight|Corviknight, M|100/100\n|-ability|p2a: Corviknight|Pressure\n|move|p1a: Kingambit|Swords Dance|p1a: Kingambit\n|-boost|p1a: Kingambit|atk|2\n|\n|upkeep\n|turn|27\n|\n|t:|1782437324\n|move|p1a: Kingambit|Kowtow Cleave|p2a: Corviknight\n|-damage|p2a: Corviknight|0 fnt\n|faint|p2a: Corviknight\n|\n|upkeep\n|\n|t:|1782437340\n|switch|p2a: Dondozo|Dondozo, M|45/100\n|turn|28\n|\n|t:|1782437346\n|move|p1a: Kingambit|Kowtow Cleave|p2a: Dondozo\n|-damage|p2a: Dondozo|1/100\n|move|p2a: Dondozo|Rest|p2a: Dondozo\n|-status|p2a: Dondozo|slp|[from] move: Rest\n|-heal|p2a: Dondozo|100/100 slp|[silent]\n|\n|upkeep\n|turn|29\n|\n|t:|1782437360\n|-end|p1a: Kingambit|fallen2|[silent]\n|switch|p1a: Dragapult|Dragapult, F|100/100\n|switch|p2a: Garganacl|Garganacl, F|57/100\n|-damage|p2a: Garganacl|45/100|[from] Stealth Rock\n|\n|upkeep\n|turn|30\n|\n|t:|1782437373\n|move|p1a: Dragapult|Draco Meteor|p2a: Garganacl\n|-damage|p2a: Garganacl|0 fnt\n|-unboost|p1a: Dragapult|spa|2\n|faint|p2a: Garganacl\n|\n|upkeep\n|inactive|thepeakmons has 120 seconds left.\n|\n|t:|1782437398\n|switch|p2a: Dondozo|Dondozo, M|100/100 slp\n|turn|31\n|inactive|thepeakmons has 120 seconds left.\n|\n|t:|1782437411\n|switch|p1a: Iron Valiant|Iron Valiant|100/100\n|-enditem|p1a: Iron Valiant|Booster Energy\n|-activate|p1a: Iron Valiant|ability: Quark Drive|[fromitem]\n|-start|p1a: Iron Valiant|quarkdrivespe\n|cant|p2a: Dondozo|slp\n|\n|upkeep\n|turn|32\n|inactive|thepeakmons has 120 seconds left.\n|\n|t:|1782437430\n|switch|p2a: Slowking|Slowking-Galar, F|100/100\n|move|p1a: Iron Valiant|Close Combat|p2a: Slowking\n|-resisted|p2a: Slowking\n|-damage|p2a: Slowking|88/100\n|-unboost|p1a: Iron Valiant|def|1\n|-unboost|p1a: Iron Valiant|spd|1\n|\n|upkeep\n|turn|33\n|inactive|thepeakmons has 120 seconds left.\n|\n|t:|1782437443\n|-end|p1a: Iron Valiant|Quark Drive|[silent]\n|switch|p1a: Tornadus|Tornadus-Therian, M|100/100\n|-prepare|p2a: Slowking|Chilly Reception|[premajor]\n|move|p2a: Slowking|Chilly Reception|p2a: Slowking\n|-weather|Snowscape\n|\n|t:|1782437453\n|switch|p2a: Dondozo|Dondozo, M|100/100 slp|[from] Chilly Reception\n|\n|-weather|Snowscape|[upkeep]\n|upkeep\n|turn|34\n|inactive|thepeakmons has 120 seconds left.\n|\n|t:|1782437461\n|move|p1a: Tornadus|U-turn|p2a: Dondozo\n|-damage|p2a: Dondozo|95/100 slp\n|\n|t:|1782437462\n|switch|p1a: Dragapult|Dragapult, F|100/100|[from] U-turn\n|cant|p2a: Dondozo|slp\n|\n|-weather|Snowscape|[upkeep]\n|upkeep\n|turn|35\n|\n|t:|1782437469\n|switch|p2a: Slowking|Slowking-Galar, F|100/100\n|move|p1a: Dragapult|Shadow Ball|p2a: Slowking\n|-supereffective|p2a: Slowking\n|-damage|p2a: Slowking|43/100\n|\n|-weather|Snowscape|[upkeep]\n|upkeep\n|turn|36\n|\n|t:|1782437486\n|switch|p2a: Clodsire|Clodsire, F|71/100\n|-damage|p2a: Clodsire|64/100|[from] Stealth Rock\n|move|p1a: Dragapult|Shadow Ball|p2a: Clodsire\n|-damage|p2a: Clodsire|36/100\n|\n|-weather|Snowscape|[upkeep]\n|upkeep\n|turn|37\n|inactive|thepeakmons has 120 seconds left.\n|\n|t:|1782437504\n|switch|p1a: Kingambit|Kingambit, M, tera:Dark|94/100\n|-activate|p1a: Kingambit|ability: Supreme Overlord\n|-start|p1a: Kingambit|fallen2|[silent]\n|move|p2a: Clodsire|Stealth Rock|p1a: Kingambit\n|-sidestart|p1: Kulrit|move: Stealth Rock\n|\n|-weather|none\n|upkeep\n|turn|38\n|inactive|thepeakmons has 120 seconds left.\n|\n|t:|1782437524\n|switch|p2a: Dondozo|Dondozo, M|95/100 slp\n|move|p1a: Kingambit|Kowtow Cleave|p2a: Dondozo\n|-damage|p2a: Dondozo|55/100 slp\n|\n|upkeep\n|turn|39\n|inactive|thepeakmons has 120 seconds left.\n|\n|t:|1782437540\n|move|p1a: Kingambit|Kowtow Cleave|p2a: Dondozo\n|-damage|p2a: Dondozo|11/100 slp\n|-curestatus|p2a: Dondozo|slp|[msg]\n|move|p2a: Dondozo|Rest|p2a: Dondozo\n|-status|p2a: Dondozo|slp|[from] move: Rest\n|-heal|p2a: Dondozo|100/100 slp|[silent]\n|\n|upkeep\n|turn|40\n|\n|t:|1782437551\n|switch|p2a: Clodsire|Clodsire, F|36/100\n|-damage|p2a: Clodsire|29/100|[from] Stealth Rock\n|move|p1a: Kingambit|Kowtow Cleave|p2a: Clodsire\n|-crit|p2a: Clodsire\n|-damage|p2a: Clodsire|0 fnt\n|faint|p2a: Clodsire\n|\n|upkeep\n|\n|t:|1782437565\n|switch|p2a: Dondozo|Dondozo, M|100/100 slp\n|turn|41\n|\n|t:|1782437572\n|move|p1a: Kingambit|Kowtow Cleave|p2a: Dondozo\n|-damage|p2a: Dondozo|62/100 slp\n|cant|p2a: Dondozo|slp\n|\n|upkeep\n|turn|42\n|\n|t:|1782437579\n|move|p1a: Kingambit|Kowtow Cleave|p2a: Dondozo\n|-damage|p2a: Dondozo|19/100 slp\n|cant|p2a: Dondozo|slp\n|\n|upkeep\n|turn|43\n|c|☆Kulrit|gg\n|inactive|thepeakmons has 120 seconds left.\n|\n|t:|1782437591\n|switch|p2a: Slowking|Slowking-Galar, F|76/100\n|move|p1a: Kingambit|Kowtow Cleave|p2a: Slowking\n|-supereffective|p2a: Slowking\n|-damage|p2a: Slowking|0 fnt\n|faint|p2a: Slowking\n|\n|upkeep\n|\n|t:|1782437604\n|switch|p2a: Dondozo|Dondozo, M|19/100 slp\n|turn|44\n|\n|t:|1782437621\n|move|p1a: Kingambit|Kowtow Cleave|p2a: Dondozo\n|-damage|p2a: Dondozo|0 fnt\n|faint|p2a: Dondozo\n|\n|win|Kulrit\n|raw|Kulrit's rating: 1204 &rarr; <strong>1232</strong><br />(+28 for winning)\n|raw|thepeakmons's rating: 1246 &rarr; <strong>1218</strong><br />(-28 for losing)\n|l|☆Kulrit\n|player|p1|\n", "uploadtime": 1782437626, "views": 13, "formatid": "gen9ou", "rating": 1218, "private": 0, "password": null}