{"id": "gen9ou-2639291772", "format": "[Gen 9] OU", "players": ["Dragonitekilla100", "dadddydaddy"], "log": "|j|☆Dragonitekilla100\n|j|☆dadddydaddy\n|t:|1782447071\n|gametype|singles\n|player|p1|Dragonitekilla100|1|1395\n|player|p2|dadddydaddy|ninjaboy|1383\n|gen|9\n|tier|[Gen 9] OU\n|rated|\n|rule|HP Percentage Mod: HP is shown in percentages\n|rule|Endless Battle Clause: Forcing endless battles is banned\n|rule|Species Clause: Limit one of each Pokémon\n|rule|OHKO Clause: OHKO moves are banned\n|rule|Evasion Items Clause: Evasion items are banned\n|rule|Evasion Moves Clause: Evasion moves are banned\n|rule|Evasion Abilities Clause: Evasion abilities are banned\n|rule|Sleep Moves Clause: Sleep-inducing moves are banned\n|clearpoke\n|poke|p1|Hoopa-Unbound|\n|poke|p1|Great Tusk|\n|poke|p1|Iron Valiant|\n|poke|p1|Samurott-Hisui, F|\n|poke|p1|Mamoswine, M|\n|poke|p1|Ting-Lu|\n|poke|p2|Hoopa-Unbound|\n|poke|p2|Pecharunt|\n|poke|p2|Landorus-Therian, M|\n|poke|p2|Cinderace, M|\n|poke|p2|Alomomola, M|\n|poke|p2|Iron Valiant|\n|teampreview\n|inactive|Battle timer is ON: inactive players will automatically lose when time's up. (requested by Dragonitekilla100)\n|\n|t:|1782447097\n|teamsize|p1|6\n|teamsize|p2|6\n|start\n|switch|p1a: Mamoswine|Mamoswine, M|100/100\n|switch|p2a: Calamity|Iron Valiant, shiny|100/100\n|turn|1\n|\n|t:|1782447105\n|switch|p1a: Ting-Lu|Ting-Lu|100/100\n|-ability|p1a: Ting-Lu|Vessel of Ruin\n|-terastallize|p2a: Calamity|Fairy\n|move|p2a: Calamity|Moonblast|p1a: Ting-Lu\n|-supereffective|p1a: Ting-Lu\n|-damage|p1a: Ting-Lu|0 fnt\n|faint|p1a: Ting-Lu\n|\n|upkeep\n|\n|t:|1782447114\n|switch|p1a: Iron Valiant|Iron Valiant|100/100\n|-enditem|p1a: Iron Valiant|Booster Energy\n|-activate|p1a: Iron Valiant|ability: Quark Drive|[fromitem]\n|-start|p1a: Iron Valiant|quarkdrivespe\n|turn|2\n|\n|t:|1782447120\n|-end|p2a: Calamity|Quark Drive|[silent]\n|switch|p2a: Pisces|Alomomola, M, shiny|100/100\n|-terastallize|p1a: Iron Valiant|Steel\n|move|p1a: Iron Valiant|Swords Dance|p1a: Iron Valiant\n|-boost|p1a: Iron Valiant|atk|2\n|\n|upkeep\n|turn|3\n|\n|t:|1782447125\n|move|p1a: Iron Valiant|Swords Dance|p1a: Iron Valiant\n|-boost|p1a: Iron Valiant|atk|2\n|move|p2a: Pisces|Flip Turn|p1a: Iron Valiant\n|-damage|p1a: Iron Valiant|81/100\n|\n|t:|1782447128\n|switch|p2a: Enten|Landorus-Therian, M, shiny|100/100|[from] Flip Turn\n|-ability|p2a: Enten|Intimidate|boost\n|-unboost|p1a: Iron Valiant|atk|1\n|\n|upkeep\n|turn|4\n|\n|t:|1782447131\n|move|p1a: Iron Valiant|Ice Punch|p2a: Enten\n|-supereffective|p2a: Enten\n|-damage|p2a: Enten|0 fnt\n|faint|p2a: Enten\n|\n|upkeep\n|\n|t:|1782447144\n|switch|p2a: Overseer|Pecharunt|100/100\n|turn|5\n|\n|t:|1782447147\n|move|p1a: Iron Valiant|Ice Punch|p2a: Overseer\n|-damage|p2a: Overseer|69/100\n|move|p2a: Overseer|Shadow Ball|p1a: Iron Valiant\n|-damage|p1a: Iron Valiant|37/100\n|-unboost|p1a: Iron Valiant|spd|1\n|\n|upkeep\n|turn|6\n|\n|t:|1782447150\n|move|p1a: Iron Valiant|Ice Punch|p2a: Overseer\n|-damage|p2a: Overseer|37/100\n|move|p2a: Overseer|Recover|p2a: Overseer\n|-heal|p2a: Overseer|87/100\n|\n|upkeep\n|turn|7\n|\n|t:|1782447152\n|move|p1a: Iron Valiant|Ice Punch|p2a: Overseer\n|-damage|p2a: Overseer|57/100\n|move|p2a: Overseer|Shadow Ball|p1a: Iron Valiant\n|-crit|p1a: Iron Valiant\n|-damage|p1a: Iron Valiant|0 fnt\n|faint|p1a: Iron Valiant\n|-end|p1a: Iron Valiant|Quark Drive|[silent]\n|\n|upkeep\n|\n|t:|1782447155\n|switch|p1a: Mamoswine|Mamoswine, M|100/100\n|turn|8\n|inactive|dadddydaddy has 120 seconds left.\n|\n|t:|1782447214\n|switch|p2a: Pisces|Alomomola, M, shiny|100/100\n|move|p1a: Mamoswine|Earthquake|p2a: Pisces\n|-damage|p2a: Pisces|47/100\n|-damage|p1a: Mamoswine|91/100|[from] item: Life Orb\n|\n|upkeep\n|turn|9\n|\n|t:|1782447218\n|move|p1a: Mamoswine|Earthquake|p2a: Pisces\n|-damage|p2a: Pisces|0 fnt\n|faint|p2a: Pisces\n|-damage|p1a: Mamoswine|81/100|[from] item: Life Orb\n|\n|upkeep\n|\n|t:|1782447223\n|switch|p2a: Calamity|Iron Valiant, shiny, tera:Fairy|100/100\n|turn|10\n|\n|t:|1782447225\n|move|p1a: Mamoswine|Ice Shard|p2a: Calamity\n|-damage|p2a: Calamity|60/100\n|-damage|p1a: Mamoswine|71/100|[from] item: Life Orb\n|move|p2a: Calamity|Moonblast|p1a: Mamoswine\n|-damage|p1a: Mamoswine|0 fnt\n|faint|p1a: Mamoswine\n|\n|upkeep\n|\n|t:|1782447234\n|switch|p1a: Samurott|Samurott-Hisui, F|100/100\n|turn|11\n|\n|t:|1782447238\n|-end|p2a: Calamity|Quark Drive|[silent]\n|switch|p2a: Overseer|Pecharunt|57/100\n|move|p1a: Samurott|Aqua Jet|p2a: Overseer\n|-damage|p2a: Overseer|45/100\n|\n|upkeep\n|turn|12\n|\n|t:|1782447241\n|switch|p1a: Hoopa|Hoopa-Unbound|100/100\n|move|p2a: Overseer|Recover|p2a: Overseer\n|-heal|p2a: Overseer|95/100\n|\n|upkeep\n|turn|13\n|\n|t:|1782447251\n|switch|p2a: Khaos|Hoopa-Unbound|100/100\n|move|p1a: Hoopa|Hyperspace Fury|p2a: Khaos\n|-damage|p2a: Khaos|0 fnt\n|-unboost|p1a: Hoopa|def|1\n|faint|p2a: Khaos\n|\n|upkeep\n|\n|t:|1782447255\n|switch|p2a: Calamity|Iron Valiant, shiny, tera:Fairy|60/100\n|turn|14\n|\n|t:|1782447256\n|move|p2a: Calamity|Moonblast|p1a: Hoopa\n|-supereffective|p1a: Hoopa\n|-damage|p1a: Hoopa|0 fnt\n|faint|p1a: Hoopa\n|\n|upkeep\n|\n|t:|1782447260\n|switch|p1a: Samurott|Samurott-Hisui, F|100/100\n|turn|15\n|\n|t:|1782447262\n|move|p1a: Samurott|Aqua Jet|p2a: Calamity\n|-damage|p2a: Calamity|18/100\n|move|p2a: Calamity|Moonblast|p1a: Samurott\n|-supereffective|p1a: Samurott\n|-damage|p1a: Samurott|0 fnt\n|faint|p1a: Samurott\n|\n|upkeep\n|\n|t:|1782447264\n|switch|p1a: Great Tusk|Great Tusk|100/100\n|turn|16\n|\n|t:|1782447266\n|move|p2a: Calamity|Moonblast|p1a: Great Tusk\n|-supereffective|p1a: Great Tusk\n|-damage|p1a: Great Tusk|0 fnt\n|faint|p1a: Great Tusk\n|-end|p1a: Great Tusk|Protosynthesis|[silent]\n|\n|win|dadddydaddy\n|raw|Dragonitekilla100's rating: 1395 &rarr; <strong>1374</strong><br />(-21 for losing)\n|raw|dadddydaddy's rating: 1383 &rarr; <strong>1404</strong><br />(+21 for winning)\n|l|☆Dragonitekilla100\n|player|p1|\n|l|☆dadddydaddy\n|player|p2|\n", "uploadtime": 1782447626, "views": 4, "formatid": "gen9ou", "rating": 1374, "private": 0, "password": null}