{"id": "gen9ou-2639250152", "format": "[Gen 9] OU", "players": ["just.mr.himself", "He Hao Yi"], "log": "|j|☆just.mr.himself\n|j|☆He Hao Yi\n|t:|1782440434\n|gametype|singles\n|player|p1|just.mr.himself|steven|1467\n|player|p2|He Hao Yi|giovanni|1434\n|gen|9\n|tier|[Gen 9] OU\n|rated|\n|rule|HP Percentage Mod: HP is shown in percentages\n|rule|Endless Battle Clause: Forcing endless battles is banned\n|rule|Species Clause: Limit one of each Pokémon\n|rule|OHKO Clause: OHKO moves are banned\n|rule|Evasion Items Clause: Evasion items are banned\n|rule|Evasion Moves Clause: Evasion moves are banned\n|rule|Evasion Abilities Clause: Evasion abilities are banned\n|rule|Sleep Moves Clause: Sleep-inducing moves are banned\n|clearpoke\n|poke|p1|Great Tusk|\n|poke|p1|Kingambit, M|\n|poke|p1|Dragapult, F|\n|poke|p1|Landorus-Therian, M|\n|poke|p1|Hoopa-Unbound|\n|poke|p1|Slowking-Galar, F|\n|poke|p2|Slither Wing|\n|poke|p2|Ninetales, M|\n|poke|p2|Ceruledge, M|\n|poke|p2|Walking Wake|\n|poke|p2|Great Tusk|\n|poke|p2|Venusaur, M|\n|teampreview\n|inactive|Battle timer is ON: inactive players will automatically lose when time's up. (requested by just.mr.himself)\n|\n|t:|1782440456\n|teamsize|p1|6\n|teamsize|p2|6\n|start\n|switch|p1a: Landorus|Landorus-Therian, M|100/100\n|switch|p2a: Walkenheimer|Walking Wake|100/100\n|-ability|p1a: Landorus|Intimidate|boost\n|-unboost|p2a: Walkenheimer|atk|1\n|turn|1\n|\n|t:|1782440463\n|move|p1a: Landorus|U-turn|p2a: Walkenheimer\n|-damage|p2a: Walkenheimer|74/100\n|\n|t:|1782440471\n|switch|p1a: Slowking|Slowking-Galar, F|100/100|[from] U-turn\n|move|p2a: Walkenheimer|Hydro Steam|p1a: Slowking\n|-damage|p1a: Slowking|78/100\n|\n|upkeep\n|turn|2\n|\n|t:|1782440479\n|move|p2a: Walkenheimer|Flip Turn|p1a: Slowking\n|-damage|p1a: Slowking|64/100\n|\n|t:|1782440482\n|-end|p2a: Walkenheimer|Protosynthesis|[silent]\n|switch|p2a: naruto|Ninetales, M, shiny|100/100|[from] Flip Turn\n|-weather|SunnyDay|[from] ability: Drought|[of] p2a: naruto\n|move|p1a: Slowking|Psychic Noise|p2a: naruto\n|-damage|p2a: naruto|56/100\n|-start|p2a: naruto|move: Heal Block\n|\n|-weather|SunnyDay|[upkeep]\n|upkeep\n|turn|3\n|\n|t:|1782440493\n|move|p2a: naruto|Overheat|p1a: Slowking\n|-damage|p1a: Slowking|28/100\n|-unboost|p2a: naruto|spa|2\n|move|p1a: Slowking|Psychic Noise|p2a: naruto\n|-damage|p2a: naruto|10/100\n|\n|-weather|SunnyDay|[upkeep]\n|-end|p2a: naruto|move: Heal Block\n|upkeep\n|turn|4\n|\n|t:|1782440508\n|switch|p2a: Walkenheimer|Walking Wake|74/100\n|-activate|p2a: Walkenheimer|ability: Protosynthesis\n|-start|p2a: Walkenheimer|protosynthesisspe\n|move|p1a: Slowking|Sludge Bomb|p2a: Walkenheimer\n|-damage|p2a: Walkenheimer|27/100\n|\n|-weather|SunnyDay|[upkeep]\n|upkeep\n|turn|5\n|\n|t:|1782440521\n|switch|p1a: Hoopa|Hoopa-Unbound|100/100\n|move|p2a: Walkenheimer|Hydro Steam|p1a: Hoopa\n|-damage|p1a: Hoopa|64/100\n|\n|-weather|SunnyDay|[upkeep]\n|upkeep\n|turn|6\n|\n|t:|1782440532\n|move|p2a: Walkenheimer|Flip Turn|p1a: Hoopa\n|-damage|p1a: Hoopa|55/100\n|\n|t:|1782440538\n|-end|p2a: Walkenheimer|Protosynthesis|[silent]\n|switch|p2a: OMG ILY|Slither Wing|100/100|[from] Flip Turn\n|-activate|p2a: OMG ILY|ability: Protosynthesis\n|-start|p2a: OMG ILY|protosynthesisatk\n|move|p1a: Hoopa|Psychic Noise|p2a: OMG ILY\n|-supereffective|p2a: OMG ILY\n|-damage|p2a: OMG ILY|47/100\n|-start|p2a: OMG ILY|move: Heal Block\n|\n|-weather|SunnyDay|[upkeep]\n|upkeep\n|turn|7\n|\n|t:|1782440551\n|switch|p1a: Landorus|Landorus-Therian, M|100/100\n|-ability|p1a: Landorus|Intimidate|boost\n|-unboost|p2a: OMG ILY|atk|1\n|move|p2a: OMG ILY|First Impression|p1a: Landorus\n|-resisted|p1a: Landorus\n|-damage|p1a: Landorus|74/100\n|\n|-weather|SunnyDay|[upkeep]\n|-end|p2a: OMG ILY|move: Heal Block\n|upkeep\n|turn|8\n|\n|t:|1782440559\n|-end|p2a: OMG ILY|Protosynthesis|[silent]\n|switch|p2a: nah i'd spin|Great Tusk|100/100\n|-activate|p2a: nah i'd spin|ability: Protosynthesis\n|-start|p2a: nah i'd spin|protosynthesisspe\n|move|p1a: Landorus|Stealth Rock|p2a: nah i'd spin\n|-sidestart|p2: He Hao Yi|move: Stealth Rock\n|\n|-weather|SunnyDay|[upkeep]\n|upkeep\n|turn|9\n|\n|t:|1782440568\n|switch|p1a: Great Tusk|Great Tusk|100/100\n|-activate|p1a: Great Tusk|ability: Protosynthesis\n|-start|p1a: Great Tusk|protosynthesisatk\n|move|p2a: nah i'd spin|Stealth Rock|p1a: Great Tusk\n|-sidestart|p1: just.mr.himself|move: Stealth Rock\n|\n|-weather|none\n|-end|p2a: nah i'd spin|Protosynthesis\n|-end|p1a: Great Tusk|Protosynthesis\n|upkeep\n|turn|10\n|\n|t:|1782440573\n|move|p1a: Great Tusk|Rapid Spin|p2a: nah i'd spin\n|-damage|p2a: nah i'd spin|88/100\n|-boost|p1a: Great Tusk|spe|1\n|-damage|p1a: Great Tusk|84/100|[from] item: Rocky Helmet|[of] p2a: nah i'd spin\n|-sideend|p1: just.mr.himself|Stealth Rock|[from] move: Rapid Spin|[of] p1a: Great Tusk\n|move|p2a: nah i'd spin|Rapid Spin|p1a: Great Tusk\n|-damage|p1a: Great Tusk|74/100\n|-boost|p2a: nah i'd spin|spe|1\n|-sideend|p2: He Hao Yi|Stealth Rock|[from] move: Rapid Spin|[of] p2a: nah i'd spin\n|\n|upkeep\n|turn|11\n|inactive|just.mr.himself has 120 seconds left.\n|\n|t:|1782440606\n|-end|p1a: Great Tusk|Protosynthesis|[silent]\n|switch|p1a: Landorus|Landorus-Therian, M|74/100\n|-ability|p1a: Landorus|Intimidate|boost\n|-unboost|p2a: nah i'd spin|atk|1\n|move|p2a: nah i'd spin|Ice Spinner|p1a: Landorus\n|-supereffective|p1a: Landorus\n|-damage|p1a: Landorus|6/100\n|\n|upkeep\n|turn|12\n|inactive|just.mr.himself has 120 seconds left.\n|\n|t:|1782440620\n|switch|p1a: Great Tusk|Great Tusk|74/100\n|move|p2a: nah i'd spin|Ice Spinner|p1a: Great Tusk\n|-supereffective|p1a: Great Tusk\n|-damage|p1a: Great Tusk|51/100\n|\n|upkeep\n|turn|13\n|\n|t:|1782440624\n|move|p2a: nah i'd spin|Stealth Rock|p1a: Great Tusk\n|-sidestart|p1: just.mr.himself|move: Stealth Rock\n|move|p1a: Great Tusk|Headlong Rush|p2a: nah i'd spin\n|-crit|p2a: nah i'd spin\n|-damage|p2a: nah i'd spin|25/100\n|-unboost|p1a: Great Tusk|def|1\n|-unboost|p1a: Great Tusk|spd|1\n|-damage|p1a: Great Tusk|34/100|[from] item: Rocky Helmet|[of] p2a: nah i'd spin\n|\n|upkeep\n|turn|14\n|\n|t:|1782440631\n|move|p2a: nah i'd spin|Ice Spinner|p1a: Great Tusk\n|-supereffective|p1a: Great Tusk\n|-crit|p1a: Great Tusk\n|-damage|p1a: Great Tusk|0 fnt\n|faint|p1a: Great Tusk\n|-end|p1a: Great Tusk|Protosynthesis|[silent]\n|\n|upkeep\n|inactive|just.mr.himself has 120 seconds left.\n|\n|t:|1782440679\n|switch|p1a: Kingambit|Kingambit, M, shiny|100/100\n|-damage|p1a: Kingambit|94/100|[from] Stealth Rock\n|-activate|p1a: Kingambit|ability: Supreme Overlord\n|-start|p1a: Kingambit|fallen1|[silent]\n|-item|p1a: Kingambit|Air Balloon\n|turn|15\n|\n|t:|1782440692\n|-terastallize|p1a: Kingambit|Ghost\n|move|p2a: nah i'd spin|Ice Spinner|p1a: Kingambit\n|-damage|p1a: Kingambit|81/100\n|-enditem|p1a: Kingambit|Air Balloon\n|move|p1a: Kingambit|Low Kick|p2a: nah i'd spin\n|-damage|p2a: nah i'd spin|0 fnt\n|-damage|p1a: Kingambit|65/100|[from] item: Rocky Helmet|[of] p2a: nah i'd spin\n|faint|p2a: nah i'd spin\n|-end|p2a: nah i'd spin|Protosynthesis|[silent]\n|\n|upkeep\n|inactive|He Hao Yi has 120 seconds left.\n|inactive|He Hao Yi has 90 seconds left.\n|\n|t:|1782440774\n|switch|p2a: naruto|Ninetales, M, shiny|10/100\n|-weather|SunnyDay|[from] ability: Drought|[of] p2a: naruto\n|turn|16\n|\n|t:|1782440780\n|switch|p2a: OMG ILY|Slither Wing|47/100\n|-activate|p2a: OMG ILY|ability: Protosynthesis\n|-start|p2a: OMG ILY|protosynthesisatk\n|move|p1a: Kingambit|Swords Dance|p1a: Kingambit\n|-boost|p1a: Kingambit|atk|2\n|\n|-weather|SunnyDay|[upkeep]\n|upkeep\n|turn|17\n|inactive|just.mr.himself has 120 seconds left.\n|\n|t:|1782440796\n|move|p2a: OMG ILY|First Impression|p1a: Kingambit\n|-resisted|p1a: Kingambit\n|-damage|p1a: Kingambit|33/100\n|move|p1a: Kingambit|Low Kick|p2a: OMG ILY\n|-resisted|p2a: OMG ILY\n|-damage|p2a: OMG ILY|14/100\n|\n|-weather|SunnyDay|[upkeep]\n|upkeep\n|turn|18\n|inactive|He Hao Yi has 60 seconds left.\n|\n|t:|1782440829\n|-end|p1a: Kingambit|fallen1|[silent]\n|switch|p1a: Dragapult|Dragapult, F|100/100\n|-damage|p1a: Dragapult|88/100|[from] Stealth Rock\n|move|p2a: OMG ILY|Wild Charge|p1a: Dragapult\n|-resisted|p1a: Dragapult\n|-damage|p1a: Dragapult|59/100\n|-damage|p2a: OMG ILY|8/100|[from] Recoil\n|\n|-weather|SunnyDay|[upkeep]\n|-heal|p1a: Dragapult|65/100|[from] item: Leftovers\n|upkeep\n|turn|19\n|inactive|He Hao Yi has 60 seconds left.\n|\n|t:|1782440837\n|move|p1a: Dragapult|Dragon Dance|p1a: Dragapult\n|-boost|p1a: Dragapult|atk|1\n|-boost|p1a: Dragapult|spe|1\n|move|p2a: OMG ILY|U-turn|p1a: Dragapult\n|-resisted|p1a: Dragapult\n|-damage|p1a: Dragapult|25/100\n|\n|t:|1782440840\n|-end|p2a: OMG ILY|Protosynthesis|[silent]\n|switch|p2a: Walkenheimer|Walking Wake|27/100|[from] U-turn\n|-activate|p2a: Walkenheimer|ability: Protosynthesis\n|-start|p2a: Walkenheimer|protosynthesisspe\n|\n|-weather|SunnyDay|[upkeep]\n|-heal|p1a: Dragapult|31/100|[from] item: Leftovers\n|upkeep\n|turn|20\n|\n|t:|1782440843\n|move|p1a: Dragapult|Dragon Darts|p2a: Walkenheimer\n|-supereffective|p2a: Walkenheimer\n|-crit|p2a: Walkenheimer\n|-damage|p2a: Walkenheimer|0 fnt\n|faint|p2a: Walkenheimer\n|-end|p2a: Walkenheimer|Protosynthesis|[silent]\n|\n|-weather|SunnyDay|[upkeep]\n|-heal|p1a: Dragapult|37/100|[from] item: Leftovers\n|upkeep\n|inactive|He Hao Yi has 60 seconds left.\n|\n|t:|1782440883\n|switch|p2a: red judas|Ceruledge, M|100/100\n|-item|p2a: red judas|Air Balloon\n|turn|21\n|\n|t:|1782440890\n|move|p1a: Dragapult|Phantom Force||[still]\n|-prepare|p1a: Dragapult|Phantom Force\n|move|p2a: red judas|Bitter Blade|p1a: Dragapult|[miss]\n|-miss|p2a: red judas|p1a: Dragapult\n|\n|-weather|SunnyDay|[upkeep]\n|-heal|p1a: Dragapult|43/100|[from] item: Leftovers\n|upkeep\n|turn|22\n|inactive|He Hao Yi has 60 seconds left.\n|\n|t:|1782440909\n|-terastallize|p2a: red judas|Fairy\n|move|p1a: Dragapult|Phantom Force|p2a: red judas|[from] lockedmove\n|-damage|p2a: red judas|6/100\n|-ability|p2a: red judas|Weak Armor|boost\n|-unboost|p2a: red judas|def|1\n|-boost|p2a: red judas|spe|2\n|-enditem|p2a: red judas|Air Balloon\n|move|p2a: red judas|Bitter Blade|p1a: Dragapult\n|-resisted|p1a: Dragapult\n|-damage|p1a: Dragapult|0 fnt\n|-heal|p2a: red judas|28/100|[from] drain|[of] p1a: Dragapult\n|faint|p1a: Dragapult\n|\n|-weather|SunnyDay|[upkeep]\n|upkeep\n|\n|t:|1782440930\n|switch|p1a: Slowking|Slowking-Galar, F|61/100\n|-damage|p1a: Slowking|49/100|[from] Stealth Rock\n|turn|23\n|\n|t:|1782440934\n|move|p2a: red judas|Bitter Blade|p1a: Slowking\n|-damage|p1a: Slowking|0 fnt\n|-heal|p2a: red judas|58/100|[from] drain|[of] p1a: Slowking\n|faint|p1a: Slowking\n|\n|-weather|none\n|upkeep\n|\n|t:|1782440942\n|switch|p1a: Hoopa|Hoopa-Unbound|55/100\n|-damage|p1a: Hoopa|43/100|[from] Stealth Rock\n|turn|24\n|\n|t:|1782440948\n|move|p2a: red judas|Bitter Blade|p1a: Hoopa\n|-damage|p1a: Hoopa|0 fnt\n|-heal|p2a: red judas|83/100|[from] drain|[of] p1a: Hoopa\n|faint|p1a: Hoopa\n|\n|upkeep\n|-message|just.mr.himself forfeited.\n|\n|win|He Hao Yi\n|raw|just.mr.himself's rating: 1467 &rarr; <strong>1445</strong><br />(-22 for losing)\n|raw|He Hao Yi's rating: 1434 &rarr; <strong>1456</strong><br />(+22 for winning)\n", "uploadtime": 1782440954, "views": 12, "formatid": "gen9ou", "rating": 1445, "private": 0, "password": null}