{"id": "gen9ou-2540903507", "format": "[Gen 9] OU", "players": ["Noamm", "zarross"], "log": "|j|☆Noamm\n|j|☆zarross\n|t:|1771265634\n|gametype|singles\n|player|p1|Noamm|gambler|1678\n|player|p2|zarross|plumeria|1748\n|gen|9\n|tier|[Gen 9] OU\n|rated|\n|rule|HP Percentage Mod: HP is shown in percentages\n|rule|Endless Battle Clause: Forcing endless battles is banned\n|rule|Species Clause: Limit one of each Pokémon\n|rule|OHKO Clause: OHKO moves are banned\n|rule|Evasion Items Clause: Evasion items are banned\n|rule|Evasion Moves Clause: Evasion moves are banned\n|rule|Evasion Abilities Clause: Evasion abilities are banned\n|rule|Sleep Moves Clause: Sleep-inducing moves are banned\n|clearpoke\n|poke|p1|Lokix, F|\n|poke|p1|Iron Valiant|\n|poke|p1|Alomomola, M|\n|poke|p1|Mandibuzz, F|\n|poke|p1|Great Tusk|\n|poke|p1|Gholdengo|\n|poke|p2|Dondozo, F|\n|poke|p2|Gliscor, F|\n|poke|p2|Weezing-Galar, F|\n|poke|p2|Blissey, F|\n|poke|p2|Corviknight, F|\n|poke|p2|Amoonguss, F|\n|teampreview\n|inactive|Battle timer is ON: inactive players will automatically lose when time's up. (requested by zarross)\n|\n|t:|1771265639\n|teamsize|p1|6\n|teamsize|p2|6\n|start\n|switch|p1a: He Who Walks|Great Tusk|100/100\n|switch|p2a: Gliscor|Gliscor, F|100/100\n|turn|1\n|\n|t:|1771265642\n|move|p2a: Gliscor|Protect|p2a: Gliscor\n|-singleturn|p2a: Gliscor|Protect\n|move|p1a: He Who Walks|Stealth Rock|p2a: Gliscor\n|-sidestart|p2: zarross|move: Stealth Rock\n|\n|-status|p2a: Gliscor|tox|[from] item: Toxic Orb\n|upkeep\n|turn|2\n|\n|t:|1771265644\n|move|p1a: He Who Walks|Ice Spinner|p2a: Gliscor\n|-supereffective|p2a: Gliscor\n|-damage|p2a: Gliscor|37/100 tox\n|move|p2a: Gliscor|Toxic|p1a: He Who Walks\n|-status|p1a: He Who Walks|tox\n|\n|-damage|p1a: He Who Walks|94/100 tox|[from] psn\n|-heal|p2a: Gliscor|49/100 tox|[from] ability: Poison Heal\n|upkeep\n|turn|3\n|\n|t:|1771265646\n|move|p2a: Gliscor|Protect|p2a: Gliscor\n|-singleturn|p2a: Gliscor|Protect\n|move|p1a: He Who Walks|Ice Spinner|p2a: Gliscor\n|-activate|p2a: Gliscor|move: Protect\n|\n|-damage|p1a: He Who Walks|82/100 tox|[from] psn\n|-heal|p2a: Gliscor|62/100 tox|[from] ability: Poison Heal\n|upkeep\n|turn|4\n|\n|t:|1771265651\n|switch|p2a: Weezing|Weezing-Galar, F|100/100\n|-ability|p2a: Weezing|Neutralizing Gas\n|move|p1a: He Who Walks|Ice Spinner|p2a: Weezing\n|-damage|p2a: Weezing|84/100\n|\n|-damage|p1a: He Who Walks|63/100 tox|[from] psn\n|upkeep\n|turn|5\n|\n|t:|1771265654\n|-end|p2a: Weezing|ability: Neutralizing Gas\n|switch|p2a: Corviknight|Corviknight, F, shiny|100/100\n|-damage|p2a: Corviknight|88/100|[from] Stealth Rock\n|-ability|p2a: Corviknight|Pressure\n|move|p1a: He Who Walks|Headlong Rush|p2a: Corviknight\n|-immune|p2a: Corviknight\n|\n|-heal|p2a: Corviknight|94/100|[from] item: Leftovers\n|-damage|p1a: He Who Walks|39/100 tox|[from] psn\n|upkeep\n|turn|6\n|\n|t:|1771265661\n|-end|p1a: He Who Walks|Protosynthesis|[silent]\n|switch|p1a: The Path of Heaven|Gholdengo|100/100\n|move|p2a: Corviknight|Defog|p1a: The Path of Heaven\n|-immune|p1a: The Path of Heaven|[from] ability: Good as Gold\n|\n|-heal|p2a: Corviknight|99/100|[from] item: Leftovers\n|upkeep\n|turn|7\n|\n|t:|1771265671\n|switch|p2a: Amoonguss|Amoonguss, F, shiny|100/100\n|-damage|p2a: Amoonguss|88/100|[from] Stealth Rock\n|move|p1a: The Path of Heaven|Trick|p2a: Amoonguss\n|-activate|p1a: The Path of Heaven|move: Trick|[of] p2a: Amoonguss\n|-item|p2a: Amoonguss|Choice Scarf|[from] move: Trick\n|-item|p1a: The Path of Heaven|Assault Vest|[from] move: Trick\n|\n|upkeep\n|turn|8\n|\n|t:|1771265686\n|move|p1a: The Path of Heaven|Make It Rain|p2a: Amoonguss\n|-damage|p2a: Amoonguss|45/100\n|-unboost|p1a: The Path of Heaven|spa|1\n|move|p2a: Amoonguss|Stomping Tantrum|p1a: The Path of Heaven\n|-supereffective|p1a: The Path of Heaven\n|-damage|p1a: The Path of Heaven|64/100\n|\n|upkeep\n|turn|9\n|\n|t:|1771265695\n|switch|p1a: RIDER KICK|Lokix, F|100/100\n|switch|p2a: Flesh Tutu|Blissey, F, shiny|100/100\n|\n|upkeep\n|turn|10\n|\n|t:|1771265701\n|switch|p2a: Weezing|Weezing-Galar, F|84/100\n|-ability|p2a: Weezing|Neutralizing Gas\n|move|p1a: RIDER KICK|U-turn|p2a: Weezing\n|-resisted|p2a: Weezing\n|-damage|p2a: Weezing|75/100\n|\n|t:|1771265703\n|switch|p1a: The Path of Heaven|Gholdengo|64/100|[from] U-turn\n|\n|upkeep\n|turn|11\n|\n|t:|1771265708\n|-end|p2a: Weezing|ability: Neutralizing Gas\n|switch|p2a: Flesh Tutu|Blissey, F, shiny|100/100\n|move|p1a: The Path of Heaven|Make It Rain|p2a: Flesh Tutu\n|-damage|p2a: Flesh Tutu|82/100\n|-unboost|p1a: The Path of Heaven|spa|1\n|\n|upkeep\n|turn|12\n|\n|t:|1771265713\n|switch|p1a: RIDER KICK|Lokix, F|100/100\n|move|p2a: Flesh Tutu|Seismic Toss|p1a: RIDER KICK\n|-damage|p1a: RIDER KICK|65/100\n|\n|upkeep\n|turn|13\n|\n|t:|1771265719\n|switch|p2a: Weezing|Weezing-Galar, F|75/100\n|-ability|p2a: Weezing|Neutralizing Gas\n|move|p1a: RIDER KICK|Knock Off|p2a: Weezing\n|-resisted|p2a: Weezing\n|-damage|p2a: Weezing|53/100\n|-enditem|p2a: Weezing|Heavy-Duty Boots|[from] move: Knock Off|[of] p1a: RIDER KICK\n|\n|upkeep\n|turn|14\n|\n|t:|1771265723\n|switch|p1a: The Path of Heaven|Gholdengo|64/100\n|move|p2a: Weezing|Will-O-Wisp|p1a: The Path of Heaven\n|-status|p1a: The Path of Heaven|brn\n|\n|-damage|p1a: The Path of Heaven|58/100 brn|[from] brn\n|upkeep\n|turn|15\n|\n|t:|1771265728\n|-end|p2a: Weezing|ability: Neutralizing Gas\n|switch|p2a: Flesh Tutu|Blissey, F, shiny|82/100\n|move|p1a: The Path of Heaven|Make It Rain|p2a: Flesh Tutu\n|-damage|p2a: Flesh Tutu|64/100\n|-unboost|p1a: The Path of Heaven|spa|1\n|\n|-damage|p1a: The Path of Heaven|52/100 brn|[from] brn\n|upkeep\n|turn|16\n|\n|t:|1771265737\n|switch|p1a: RIDER KICK|Lokix, F|65/100\n|move|p2a: Flesh Tutu|Soft-Boiled|p2a: Flesh Tutu\n|-heal|p2a: Flesh Tutu|100/100\n|\n|upkeep\n|turn|17\n|\n|t:|1771265742\n|switch|p2a: Gliscor|Gliscor, F|62/100 tox\n|-damage|p2a: Gliscor|49/100 tox|[from] Stealth Rock\n|move|p1a: RIDER KICK|U-turn|p2a: Gliscor\n|-resisted|p2a: Gliscor\n|-damage|p2a: Gliscor|19/100 tox\n|\n|t:|1771265748\n|switch|p1a: CAST OFF|Iron Valiant, shiny|100/100|[from] U-turn\n|\n|-heal|p2a: Gliscor|31/100 tox|[from] ability: Poison Heal\n|upkeep\n|turn|18\n|\n|t:|1771265751\n|move|p2a: Gliscor|Protect|p2a: Gliscor\n|-singleturn|p2a: Gliscor|Protect\n|move|p1a: CAST OFF|Moonblast|p2a: Gliscor\n|-activate|p2a: Gliscor|move: Protect\n|\n|-heal|p2a: Gliscor|44/100 tox|[from] ability: Poison Heal\n|upkeep\n|turn|19\n|\n|t:|1771265755\n|switch|p2a: Corviknight|Corviknight, F, shiny|99/100\n|-damage|p2a: Corviknight|88/100|[from] Stealth Rock\n|-ability|p2a: Corviknight|Pressure\n|move|p1a: CAST OFF|Moonblast|p2a: Corviknight\n|-resisted|p2a: Corviknight\n|-damage|p2a: Corviknight|64/100\n|\n|-heal|p2a: Corviknight|70/100|[from] item: Leftovers\n|upkeep\n|turn|20\n|\n|t:|1771265758\n|-end|p1a: CAST OFF|Quark Drive|[silent]\n|switch|p1a: The Path of Heaven|Gholdengo|52/100 brn\n|move|p2a: Corviknight|Iron Head|p1a: The Path of Heaven\n|-resisted|p1a: The Path of Heaven\n|-damage|p1a: The Path of Heaven|36/100 brn\n|\n|-heal|p2a: Corviknight|76/100|[from] item: Leftovers\n|-damage|p1a: The Path of Heaven|30/100 brn|[from] brn\n|upkeep\n|turn|21\n|\n|t:|1771265762\n|move|p1a: The Path of Heaven|Focus Blast|p2a: Corviknight\n|-damage|p2a: Corviknight|46/100\n|move|p2a: Corviknight|Roost|p2a: Corviknight\n|-heal|p2a: Corviknight|96/100\n|-singleturn|p2a: Corviknight|move: Roost\n|\n|-heal|p2a: Corviknight|100/100|[from] item: Leftovers\n|-damage|p1a: The Path of Heaven|24/100 brn|[from] brn\n|upkeep\n|turn|22\n|\n|t:|1771265765\n|move|p1a: The Path of Heaven|Shadow Ball|p2a: Corviknight\n|-damage|p2a: Corviknight|68/100\n|-unboost|p2a: Corviknight|spd|1\n|move|p2a: Corviknight|Iron Head|p1a: The Path of Heaven\n|-resisted|p1a: The Path of Heaven\n|-damage|p1a: The Path of Heaven|8/100 brn\n|\n|-heal|p2a: Corviknight|74/100|[from] item: Leftovers\n|-damage|p1a: The Path of Heaven|2/100 brn|[from] brn\n|upkeep\n|turn|23\n|\n|t:|1771265769\n|move|p2a: Corviknight|Protect|p2a: Corviknight\n|-singleturn|p2a: Corviknight|Protect\n|move|p1a: The Path of Heaven|Shadow Ball|p2a: Corviknight\n|-activate|p2a: Corviknight|move: Protect\n|\n|-heal|p2a: Corviknight|80/100|[from] item: Leftovers\n|-damage|p1a: The Path of Heaven|0 fnt|[from] brn\n|faint|p1a: The Path of Heaven\n|upkeep\n|\n|t:|1771265772\n|switch|p1a: CAST OFF|Iron Valiant, shiny|100/100\n|turn|24\n|\n|t:|1771265776\n|switch|p2a: Amoonguss|Amoonguss, F, shiny|78/100\n|-damage|p2a: Amoonguss|66/100|[from] Stealth Rock\n|move|p1a: CAST OFF|Thunderbolt|p2a: Amoonguss\n|-resisted|p2a: Amoonguss\n|-damage|p2a: Amoonguss|50/100\n|\n|upkeep\n|turn|25\n|\n|t:|1771265781\n|-end|p1a: CAST OFF|Quark Drive|[silent]\n|switch|p1a: CLOCK UP|Alomomola, M|100/100\n|move|p2a: Amoonguss|Seed Bomb|p1a: CLOCK UP\n|-supereffective|p1a: CLOCK UP\n|-damage|p1a: CLOCK UP|63/100\n|\n|upkeep\n|turn|26\n|\n|t:|1771265784\n|move|p2a: Amoonguss|Seed Bomb|p1a: CLOCK UP\n|-supereffective|p1a: CLOCK UP\n|-damage|p1a: CLOCK UP|26/100\n|move|p1a: CLOCK UP|Flip Turn|p2a: Amoonguss\n|-resisted|p2a: Amoonguss\n|-damage|p2a: Amoonguss|42/100\n|\n|t:|1771265785\n|switch|p1a: RIDER KICK|Lokix, F|65/100|[from] Flip Turn\n|\n|upkeep\n|turn|27\n|\n|t:|1771265789\n|switch|p2a: Weezing|Weezing-Galar, F|53/100\n|-ability|p2a: Weezing|Neutralizing Gas\n|-damage|p2a: Weezing|40/100|[from] Stealth Rock\n|move|p1a: RIDER KICK|U-turn|p2a: Weezing\n|-resisted|p2a: Weezing\n|-damage|p2a: Weezing|33/100\n|\n|t:|1771265793\n|switch|p1a: CAST OFF|Iron Valiant, shiny|100/100|[from] U-turn\n|\n|upkeep\n|turn|28\n|j| nonchalantbufalant\n|\n|t:|1771265799\n|-end|p2a: Weezing|ability: Neutralizing Gas\n|switch|p2a: Amoonguss|Amoonguss, F, shiny|75/100\n|-damage|p2a: Amoonguss|63/100|[from] Stealth Rock\n|move|p1a: CAST OFF|Moonblast|p2a: Amoonguss\n|-resisted|p2a: Amoonguss\n|-damage|p2a: Amoonguss|37/100\n|\n|upkeep\n|turn|29\n|\n|t:|1771265807\n|-end|p1a: CAST OFF|Quark Drive|[silent]\n|switch|p1a: CLOCK UP|Alomomola, M|59/100\n|move|p2a: Amoonguss|Seed Bomb|p1a: CLOCK UP\n|-supereffective|p1a: CLOCK UP\n|-damage|p1a: CLOCK UP|21/100\n|\n|upkeep\n|turn|30\n|\n|t:|1771265812\n|switch|p1a: RIDER KICK|Lokix, F|65/100\n|move|p2a: Amoonguss|Seed Bomb|p1a: RIDER KICK\n|-resisted|p1a: RIDER KICK\n|-damage|p1a: RIDER KICK|46/100\n|\n|upkeep\n|turn|31\n|j| Morgrem Core\n|\n|t:|1771265840\n|switch|p2a: Weezing|Weezing-Galar, F|33/100\n|-ability|p2a: Weezing|Neutralizing Gas\n|-damage|p2a: Weezing|20/100|[from] Stealth Rock\n|move|p1a: RIDER KICK|Knock Off|p2a: Weezing\n|-resisted|p2a: Weezing\n|-damage|p2a: Weezing|4/100\n|\n|upkeep\n|turn|32\n|\n|t:|1771265848\n|move|p1a: RIDER KICK|Knock Off|p2a: Weezing\n|-resisted|p2a: Weezing\n|-damage|p2a: Weezing|0 fnt\n|faint|p2a: Weezing\n|-end|p2a: Weezing|ability: Neutralizing Gas\n|\n|upkeep\n|\n|t:|1771265860\n|switch|p2a: Gliscor|Gliscor, F|44/100 tox\n|-damage|p2a: Gliscor|31/100 tox|[from] Stealth Rock\n|turn|33\n|\n|t:|1771265863\n|move|p2a: Gliscor|Protect|p2a: Gliscor\n|-singleturn|p2a: Gliscor|Protect\n|move|p1a: RIDER KICK|Knock Off|p2a: Gliscor\n|-activate|p2a: Gliscor|move: Protect\n|\n|-heal|p2a: Gliscor|44/100 tox|[from] ability: Poison Heal\n|upkeep\n|turn|34\n|\n|t:|1771265866\n|move|p1a: RIDER KICK|Knock Off|p2a: Gliscor\n|-damage|p2a: Gliscor|0 fnt\n|-enditem|p2a: Gliscor|Toxic Orb|[from] move: Knock Off|[of] p1a: RIDER KICK\n|faint|p2a: Gliscor\n|\n|upkeep\n|\n|t:|1771265868\n|switch|p2a: Dondozo|Dondozo, F|100/100\n|-damage|p2a: Dondozo|88/100|[from] Stealth Rock\n|turn|35\n|\n|t:|1771265873\n|switch|p1a: CLOCK UP|Alomomola, M|54/100\n|move|p2a: Dondozo|Body Press|p1a: CLOCK UP\n|-damage|p1a: CLOCK UP|34/100\n|\n|-heal|p2a: Dondozo|94/100|[from] item: Leftovers\n|upkeep\n|turn|36\n|l| Morgrem Core\n|\n|t:|1771265879\n|move|p1a: CLOCK UP|Flip Turn|p2a: Dondozo\n|-resisted|p2a: Dondozo\n|-damage|p2a: Dondozo|90/100\n|\n|t:|1771265881\n|switch|p1a: CAST OFF|Iron Valiant, shiny|100/100|[from] Flip Turn\n|move|p2a: Dondozo|Body Press|p1a: CAST OFF\n|-resisted|p1a: CAST OFF\n|-damage|p1a: CAST OFF|83/100\n|\n|-heal|p2a: Dondozo|97/100|[from] item: Leftovers\n|upkeep\n|turn|37\n|\n|t:|1771265887\n|switch|p2a: Amoonguss|Amoonguss, F, shiny|71/100\n|-damage|p2a: Amoonguss|58/100|[from] Stealth Rock\n|move|p1a: CAST OFF|Moonblast|p2a: Amoonguss\n|-resisted|p2a: Amoonguss\n|-damage|p2a: Amoonguss|32/100\n|\n|upkeep\n|turn|38\n|\n|t:|1771265892\n|-terastallize|p1a: CAST OFF|Fairy\n|move|p1a: CAST OFF|Moonblast|p2a: Amoonguss\n|-resisted|p2a: Amoonguss\n|-damage|p2a: Amoonguss|0 fnt\n|faint|p2a: Amoonguss\n|\n|upkeep\n|\n|t:|1771265894\n|switch|p2a: Corviknight|Corviknight, F, shiny|80/100\n|-damage|p2a: Corviknight|68/100|[from] Stealth Rock\n|-ability|p2a: Corviknight|Pressure\n|turn|39\n|\n|t:|1771265906\n|-end|p1a: CAST OFF|Quark Drive|[silent]\n|switch|p1a: CLOCK UP|Alomomola, M|67/100\n|-terastallize|p2a: Corviknight|Steel\n|move|p2a: Corviknight|Roost|p2a: Corviknight\n|-heal|p2a: Corviknight|100/100\n|\n|upkeep\n|turn|40\n|\n|t:|1771265913\n|move|p1a: CLOCK UP|Aqua Jet|p2a: Corviknight\n|-damage|p2a: Corviknight|92/100\n|move|p2a: Corviknight|Defog|p1a: CLOCK UP\n|-unboost|p1a: CLOCK UP|evasion|1\n|-sideend|p2: zarross|Stealth Rock|[from] move: Defog|[of] p2a: Corviknight\n|\n|-heal|p2a: Corviknight|98/100|[from] item: Leftovers\n|upkeep\n|turn|41\n|\n|t:|1771265920\n|move|p2a: Corviknight|Iron Head|p1a: CLOCK UP\n|-resisted|p1a: CLOCK UP\n|-damage|p1a: CLOCK UP|54/100\n|cant|p1a: CLOCK UP|flinch\n|\n|-heal|p2a: Corviknight|100/100|[from] item: Leftovers\n|upkeep\n|turn|42\n|\n|t:|1771265924\n|move|p2a: Corviknight|Iron Head|p1a: CLOCK UP\n|-resisted|p1a: CLOCK UP\n|-damage|p1a: CLOCK UP|41/100\n|move|p1a: CLOCK UP|Flip Turn|p2a: Corviknight\n|-damage|p2a: Corviknight|87/100\n|\n|t:|1771265927\n|switch|p1a: He Who Walks|Great Tusk|39/100 tox|[from] Flip Turn\n|\n|-heal|p2a: Corviknight|93/100|[from] item: Leftovers\n|-damage|p1a: He Who Walks|32/100 tox|[from] psn\n|upkeep\n|turn|43\n|\n|t:|1771265934\n|switch|p2a: Dondozo|Dondozo, F|97/100\n|move|p1a: He Who Walks|Headlong Rush|p2a: Dondozo\n|-damage|p2a: Dondozo|70/100\n|-unboost|p1a: He Who Walks|def|1\n|-unboost|p1a: He Who Walks|spd|1\n|\n|-heal|p2a: Dondozo|76/100|[from] item: Leftovers\n|-damage|p1a: He Who Walks|20/100 tox|[from] psn\n|upkeep\n|turn|44\n|\n|t:|1771265937\n|-end|p1a: He Who Walks|Protosynthesis|[silent]\n|switch|p1a: CAST OFF|Iron Valiant, shiny, tera:Fairy|83/100\n|switch|p2a: Corviknight|Corviknight, F, shiny, tera:Steel|93/100\n|-ability|p2a: Corviknight|Pressure\n|\n|-heal|p2a: Corviknight|99/100|[from] item: Leftovers\n|upkeep\n|turn|45\n|\n|t:|1771265940\n|-end|p1a: CAST OFF|Quark Drive|[silent]\n|switch|p1a: CLOCK UP|Alomomola, M|74/100\n|move|p2a: Corviknight|Iron Head|p1a: CLOCK UP\n|-resisted|p1a: CLOCK UP\n|-damage|p1a: CLOCK UP|60/100\n|\n|-heal|p2a: Corviknight|100/100|[from] item: Leftovers\n|upkeep\n|turn|46\n|\n|t:|1771265942\n|move|p2a: Corviknight|Iron Head|p1a: CLOCK UP\n|-resisted|p1a: CLOCK UP\n|-damage|p1a: CLOCK UP|46/100\n|move|p1a: CLOCK UP|Flip Turn|p2a: Corviknight\n|-damage|p2a: Corviknight|87/100\n|\n|t:|1771265963\n|switch|p1a: RIDER KICK|Lokix, F|46/100|[from] Flip Turn\n|\n|-heal|p2a: Corviknight|93/100|[from] item: Leftovers\n|upkeep\n|turn|47\n|\n|t:|1771265970\n|move|p1a: RIDER KICK|U-turn|p2a: Corviknight\n|-resisted|p2a: Corviknight\n|-damage|p2a: Corviknight|50/100\n|\n|t:|1771265972\n|switch|p1a: CLOCK UP|Alomomola, M|80/100|[from] U-turn\n|move|p2a: Corviknight|Iron Head|p1a: CLOCK UP\n|-resisted|p1a: CLOCK UP\n|-damage|p1a: CLOCK UP|66/100\n|\n|-heal|p2a: Corviknight|56/100|[from] item: Leftovers\n|upkeep\n|turn|48\n|\n|t:|1771265974\n|move|p2a: Corviknight|Roost|p2a: Corviknight\n|-heal|p2a: Corviknight|100/100\n|move|p1a: CLOCK UP|Flip Turn|p2a: Corviknight\n|-damage|p2a: Corviknight|87/100\n|\n|t:|1771265977\n|switch|p1a: RIDER KICK|Lokix, F|46/100|[from] Flip Turn\n|\n|-heal|p2a: Corviknight|93/100|[from] item: Leftovers\n|upkeep\n|turn|49\n|\n|t:|1771265979\n|move|p1a: RIDER KICK|U-turn|p2a: Corviknight\n|-resisted|p2a: Corviknight\n|-damage|p2a: Corviknight|51/100\n|\n|t:|1771265981\n|switch|p1a: CLOCK UP|Alomomola, M|99/100|[from] U-turn\n|move|p2a: Corviknight|Iron Head|p1a: CLOCK UP\n|-resisted|p1a: CLOCK UP\n|-damage|p1a: CLOCK UP|86/100\n|\n|-heal|p2a: Corviknight|57/100|[from] item: Leftovers\n|upkeep\n|turn|50\n|-message|zarross forfeited.\n|\n|win|Noamm\n|raw|Noamm's rating: 1678 &rarr; <strong>1702</strong><br />(+24 for winning)\n|raw|zarross's rating: 1748 &rarr; <strong>1724</strong><br />(-24 for losing)\n|l|☆zarross\n|player|p2|\n|l|☆Noamm\n|player|p1|\n|l| nonchalantbufalant\n", "uploadtime": 1771266169, "views": 5, "formatid": "gen9ou", "rating": 1702, "private": 0, "password": null}