{"id": "gen9ou-2639206180", "format": "[Gen 9] OU", "players": ["shreves0", "BuilderSamBon"], "log": "|j|☆shreves0\n|j|☆BuilderSamBon\n|t:|1782433969\n|gametype|singles\n|player|p1|shreves0|lucas|1404\n|player|p2|BuilderSamBon|benga|1451\n|gen|9\n|tier|[Gen 9] OU\n|rated|\n|rule|HP Percentage Mod: HP is shown in percentages\n|rule|Endless Battle Clause: Forcing endless battles is banned\n|rule|Species Clause: Limit one of each Pokémon\n|rule|OHKO Clause: OHKO moves are banned\n|rule|Evasion Items Clause: Evasion items are banned\n|rule|Evasion Moves Clause: Evasion moves are banned\n|rule|Evasion Abilities Clause: Evasion abilities are banned\n|rule|Sleep Moves Clause: Sleep-inducing moves are banned\n|clearpoke\n|poke|p1|Ninetales-Alola, F|\n|poke|p1|Blastoise, M|\n|poke|p1|Great Tusk|\n|poke|p1|Iron Moth|\n|poke|p1|Darkrai|\n|poke|p1|Iron Valiant|\n|poke|p2|Gholdengo|\n|poke|p2|Ogerpon, F|\n|poke|p2|Great Tusk|\n|poke|p2|Alomomola, F|\n|poke|p2|Ting-Lu|\n|poke|p2|Tornadus-Therian, M|\n|teampreview\n|inactive|Battle timer is ON: inactive players will automatically lose when time's up. (requested by shreves0)\n|\n|t:|1782433984\n|teamsize|p1|6\n|teamsize|p2|6\n|start\n|switch|p1a: Ninetales|Ninetales-Alola, F|100/100\n|switch|p2a: Gholdengo|Gholdengo|100/100\n|-weather|Snowscape|[from] ability: Snow Warning|[of] p1a: Ninetales\n|turn|1\n|\n|t:|1782433993\n|move|p1a: Ninetales|Aurora Veil|p1a: Ninetales\n|-sidestart|p1: shreves0|move: Aurora Veil\n|move|p2a: Gholdengo|Thunder Wave|p1a: Ninetales\n|-status|p1a: Ninetales|par\n|\n|-weather|Snowscape|[upkeep]\n|upkeep\n|turn|2\n|\n|t:|1782434000\n|switch|p1a: Darkrai|Darkrai|100/100\n|move|p2a: Gholdengo|Thunder Wave|p1a: Darkrai\n|-status|p1a: Darkrai|par\n|\n|-weather|Snowscape|[upkeep]\n|upkeep\n|turn|3\n|\n|t:|1782434008\n|switch|p2a: Ogerpon|Ogerpon, F|100/100\n|cant|p1a: Darkrai|par\n|\n|-weather|Snowscape|[upkeep]\n|upkeep\n|turn|4\n|\n|t:|1782434018\n|move|p2a: Ogerpon|Knock Off|p1a: Darkrai\n|-resisted|p1a: Darkrai\n|-damage|p1a: Darkrai|90/100 par\n|-enditem|p1a: Darkrai|Leftovers|[from] move: Knock Off|[of] p2a: Ogerpon\n|move|p1a: Darkrai|Will-O-Wisp|p2a: Ogerpon\n|-status|p2a: Ogerpon|brn\n|\n|-weather|Snowscape|[upkeep]\n|-damage|p2a: Ogerpon|95/100 brn|[from] brn\n|upkeep\n|turn|5\n|\n|t:|1782434028\n|move|p2a: Ogerpon|Encore|p1a: Darkrai\n|-start|p1a: Darkrai|Encore\n|move|p1a: Darkrai|Will-O-Wisp|p2a: Ogerpon\n|-fail|p2a: Ogerpon|brn\n|\n|-weather|none\n|-damage|p2a: Ogerpon|89/100 brn|[from] brn\n|upkeep\n|turn|6\n|\n|t:|1782434037\n|switch|p1a: Iron Moth|Iron Moth|100/100\n|-enditem|p1a: Iron Moth|Booster Energy\n|-activate|p1a: Iron Moth|ability: Quark Drive|[fromitem]\n|-start|p1a: Iron Moth|quarkdrivespe\n|move|p2a: Ogerpon|Knock Off|p1a: Iron Moth\n|-damage|p1a: Iron Moth|93/100\n|\n|-damage|p2a: Ogerpon|83/100 brn|[from] brn\n|upkeep\n|turn|7\n|\n|t:|1782434047\n|switch|p2a: Ting-Lu|Ting-Lu|100/100\n|-ability|p2a: Ting-Lu|Vessel of Ruin\n|move|p1a: Iron Moth|Fiery Dance|p2a: Ting-Lu\n|-damage|p2a: Ting-Lu|83/100\n|\n|-heal|p2a: Ting-Lu|89/100|[from] item: Leftovers\n|upkeep\n|turn|8\n|\n|t:|1782434059\n|-terastallize|p1a: Iron Moth|Grass\n|move|p1a: Iron Moth|Energy Ball|p2a: Ting-Lu\n|-supereffective|p2a: Ting-Lu\n|-damage|p2a: Ting-Lu|53/100\n|move|p2a: Ting-Lu|Earthquake|p1a: Iron Moth\n|-resisted|p1a: Iron Moth\n|-damage|p1a: Iron Moth|80/100\n|\n|-heal|p2a: Ting-Lu|59/100|[from] item: Leftovers\n|-sideend|p1: shreves0|move: Aurora Veil\n|upkeep\n|turn|9\n|\n|t:|1782434071\n|move|p1a: Iron Moth|Energy Ball|p2a: Ting-Lu\n|-supereffective|p2a: Ting-Lu\n|-damage|p2a: Ting-Lu|24/100\n|-unboost|p2a: Ting-Lu|spd|1\n|move|p2a: Ting-Lu|Whirlwind|p1a: Iron Moth\n|-end|p1a: Iron Moth|Quark Drive|[silent]\n|drag|p1a: Darkrai|Darkrai|90/100 par\n|\n|-heal|p2a: Ting-Lu|30/100|[from] item: Leftovers\n|upkeep\n|turn|10\n|\n|t:|1782434081\n|switch|p1a: Great Tusk|Great Tusk|100/100\n|-enditem|p1a: Great Tusk|Booster Energy\n|-activate|p1a: Great Tusk|ability: Protosynthesis|[fromitem]\n|-start|p1a: Great Tusk|protosynthesisspe\n|switch|p2a: Alomomola|Alomomola, F|100/100\n|\n|upkeep\n|turn|11\n|\n|t:|1782434090\n|move|p1a: Great Tusk|Stealth Rock|p2a: Alomomola\n|-sidestart|p2: BuilderSamBon|move: Stealth Rock\n|move|p2a: Alomomola|Wish|p2a: Alomomola\n|\n|upkeep\n|turn|12\n|\n|t:|1782434100\n|move|p1a: Great Tusk|Headlong Rush|p2a: Alomomola\n|-damage|p2a: Alomomola|73/100\n|-unboost|p1a: Great Tusk|def|1\n|-unboost|p1a: Great Tusk|spd|1\n|move|p2a: Alomomola|Flip Turn|p1a: Great Tusk\n|-supereffective|p1a: Great Tusk\n|-damage|p1a: Great Tusk|70/100\n|\n|t:|1782434104\n|switch|p2a: Ting-Lu|Ting-Lu|30/100|[from] Flip Turn\n|-damage|p2a: Ting-Lu|24/100|[from] Stealth Rock\n|-ability|p2a: Ting-Lu|Vessel of Ruin\n|\n|-heal|p2a: Ting-Lu|76/100|[from] move: Wish|[wisher] Alomomola\n|-heal|p2a: Ting-Lu|82/100|[from] item: Leftovers\n|upkeep\n|turn|13\n|\n|t:|1782434117\n|switch|p2a: Alomomola|Alomomola, F|100/100\n|move|p1a: Great Tusk|Ice Spinner|p2a: Alomomola\n|-resisted|p2a: Alomomola\n|-damage|p2a: Alomomola|95/100\n|\n|upkeep\n|turn|14\n|\n|t:|1782434125\n|-end|p1a: Great Tusk|Protosynthesis|[silent]\n|switch|p1a: Iron Valiant|Iron Valiant|100/100\n|-enditem|p1a: Iron Valiant|Booster Energy\n|-activate|p1a: Iron Valiant|ability: Quark Drive|[fromitem]\n|-start|p1a: Iron Valiant|quarkdrivespa\n|move|p2a: Alomomola|Scald|p1a: Iron Valiant\n|-damage|p1a: Iron Valiant|75/100\n|\n|upkeep\n|turn|15\n|\n|t:|1782434140\n|move|p1a: Iron Valiant|Calm Mind|p1a: Iron Valiant\n|-boost|p1a: Iron Valiant|spa|1\n|-boost|p1a: Iron Valiant|spd|1\n|move|p2a: Alomomola|Flip Turn|p1a: Iron Valiant\n|-damage|p1a: Iron Valiant|54/100\n|\n|t:|1782434160\n|switch|p2a: Ogerpon|Ogerpon, F|83/100 brn|[from] Flip Turn\n|\n|-damage|p2a: Ogerpon|77/100 brn|[from] brn\n|upkeep\n|turn|16\n|\n|t:|1782434166\n|-terastallize|p2a: Ogerpon|Grass\n|detailschange|p2a: Ogerpon|Ogerpon-Teal-Tera, F, tera:Grass\n|-ability|p2a: Ogerpon|Embody Aspect (Teal)|boost\n|-boost|p2a: Ogerpon|spe|1\n|move|p1a: Iron Valiant|Vacuum Wave|p2a: Ogerpon\n|-damage|p2a: Ogerpon|30/100 brn\n|move|p2a: Ogerpon|Encore|p1a: Iron Valiant\n|-start|p1a: Iron Valiant|Encore\n|\n|-damage|p2a: Ogerpon|24/100 brn|[from] brn\n|upkeep\n|turn|17\n|\n|t:|1782434178\n|switch|p2a: Gholdengo|Gholdengo|100/100\n|-end|p1a: Iron Valiant|Quark Drive|[silent]\n|switch|p1a: Blastoise|Blastoise, M|100/100\n|\n|upkeep\n|turn|18\n|\n|t:|1782434184\n|move|p1a: Blastoise|Substitute|p1a: Blastoise\n|-start|p1a: Blastoise|Substitute\n|-damage|p1a: Blastoise|76/100\n|move|p2a: Gholdengo|Thunder Wave||[still]\n|-fail|p2a: Gholdengo\n|\n|upkeep\n|turn|19\n|\n|t:|1782434191\n|move|p1a: Blastoise|Shell Smash|p1a: Blastoise\n|-unboost|p1a: Blastoise|def|1\n|-unboost|p1a: Blastoise|spd|1\n|-boost|p1a: Blastoise|atk|2\n|-boost|p1a: Blastoise|spa|2\n|-boost|p1a: Blastoise|spe|2\n|-enditem|p1a: Blastoise|White Herb\n|-clearnegativeboost|p1a: Blastoise|[silent]\n|move|p2a: Gholdengo|Hex|p1a: Blastoise\n|-end|p1a: Blastoise|Substitute\n|\n|upkeep\n|turn|20\n|\n|t:|1782434203\n|move|p1a: Blastoise|Substitute|p1a: Blastoise\n|-start|p1a: Blastoise|Substitute\n|-damage|p1a: Blastoise|51/100\n|move|p2a: Gholdengo|Hex|p1a: Blastoise\n|-end|p1a: Blastoise|Substitute\n|\n|upkeep\n|turn|21\n|\n|t:|1782434210\n|move|p1a: Blastoise|Substitute|p1a: Blastoise\n|-start|p1a: Blastoise|Substitute\n|-damage|p1a: Blastoise|26/100\n|move|p2a: Gholdengo|Hex|p1a: Blastoise\n|-end|p1a: Blastoise|Substitute\n|\n|upkeep\n|turn|22\n|\n|t:|1782434220\n|move|p1a: Blastoise|Surf|p2a: Gholdengo\n|-crit|p2a: Gholdengo\n|-damage|p2a: Gholdengo|0 fnt\n|faint|p2a: Gholdengo\n|\n|upkeep\n|\n|t:|1782434240\n|switch|p2a: Tornadus|Tornadus-Therian, M|100/100\n|-damage|p2a: Tornadus|76/100|[from] Stealth Rock\n|turn|23\n|\n|t:|1782434252\n|move|p1a: Blastoise|Surf|p2a: Tornadus\n|-damage|p2a: Tornadus|0 fnt\n|faint|p2a: Tornadus\n|\n|upkeep\n|\n|t:|1782434259\n|switch|p2a: Ting-Lu|Ting-Lu|82/100\n|-damage|p2a: Ting-Lu|76/100|[from] Stealth Rock\n|-ability|p2a: Ting-Lu|Vessel of Ruin\n|turn|24\n|\n|t:|1782434265\n|move|p1a: Blastoise|Surf|p2a: Ting-Lu\n|-supereffective|p2a: Ting-Lu\n|-damage|p2a: Ting-Lu|0 fnt\n|faint|p2a: Ting-Lu\n|\n|upkeep\n|-message|BuilderSamBon forfeited.\n|\n|win|shreves0\n|raw|shreves0's rating: 1404 &rarr; <strong>1427</strong><br />(+23 for winning)\n|raw|BuilderSamBon's rating: 1451 &rarr; <strong>1428</strong><br />(-23 for losing)\n|l|☆BuilderSamBon\n|player|p2|\n|l|☆shreves0\n|player|p1|\n", "uploadtime": 1782434595, "views": 7, "formatid": "gen9ou", "rating": 1427, "private": 0, "password": null}