{"id": "gen9ou-2540570941", "format": "[Gen 9] OU", "players": ["3idk", "minecraft pro 67"], "log": "|j|☆3idk\n|j|☆minecraft pro 67\n|t:|1771219790\n|gametype|singles\n|player|p1|3idk|cynthia-masters|1680\n|player|p2|minecraft pro 67|cynthia-gen4|1683\n|gen|9\n|tier|[Gen 9] OU\n|rated|\n|rule|HP Percentage Mod: HP is shown in percentages\n|rule|Endless Battle Clause: Forcing endless battles is banned\n|rule|Species Clause: Limit one of each Pokémon\n|rule|OHKO Clause: OHKO moves are banned\n|rule|Evasion Items Clause: Evasion items are banned\n|rule|Evasion Moves Clause: Evasion moves are banned\n|rule|Evasion Abilities Clause: Evasion abilities are banned\n|rule|Sleep Moves Clause: Sleep-inducing moves are banned\n|clearpoke\n|poke|p1|Pelipper, F|\n|poke|p1|Hatterene, F|\n|poke|p1|Iron Treads|\n|poke|p1|Toxicroak, F|\n|poke|p1|Barraskewda, F|\n|poke|p1|Zapdos|\n|poke|p2|Gliscor, M|\n|poke|p2|Heatran, F|\n|poke|p2|Sinistcha|\n|poke|p2|Corviknight, F|\n|poke|p2|Iron Valiant|\n|poke|p2|Rotom-Wash|\n|teampreview\n|inactive|Battle timer is ON: inactive players will automatically lose when time's up. (requested by 3idk)\n|\n|t:|1771219812\n|teamsize|p1|6\n|teamsize|p2|6\n|start\n|switch|p1a: Pelipper|Pelipper, F|100/100\n|switch|p2a: Scrotom-Washed|Rotom-Wash|100/100\n|-weather|RainDance|[from] ability: Drizzle|[of] p1a: Pelipper\n|turn|1\n|\n|t:|1771219822\n|switch|p1a: Hatterene|Hatterene, F|100/100\n|move|p2a: Scrotom-Washed|Volt Switch|p1a: Hatterene\n|-damage|p1a: Hatterene|74/100\n|-enditem|p1a: Hatterene|Eject Button\n|\n|t:|1771219828\n|switch|p1a: Zapdos|Zapdos|100/100\n|\n|-weather|RainDance|[upkeep]\n|upkeep\n|turn|2\n|\n|t:|1771219836\n|switch|p2a: Hephaepstein|Heatran, F|100/100\n|move|p1a: Zapdos|Hurricane|p2a: Hephaepstein\n|-resisted|p2a: Hephaepstein\n|-damage|p2a: Hephaepstein|74/100\n|\n|-weather|RainDance|[upkeep]\n|-heal|p2a: Hephaepstein|80/100|[from] item: Leftovers\n|upkeep\n|turn|3\n|\n|t:|1771219852\n|switch|p1a: Hatterene|Hatterene, F|74/100\n|move|p2a: Hephaepstein|Stealth Rock|p1a: Hatterene\n|move|p1a: Hatterene|Stealth Rock|p2a: Hephaepstein|[from] ability: Magic Bounce\n|-sidestart|p2: minecraft pro 67|move: Stealth Rock\n|\n|-weather|RainDance|[upkeep]\n|-heal|p2a: Hephaepstein|86/100|[from] item: Leftovers\n|upkeep\n|turn|4\n|\n|t:|1771219861\n|switch|p1a: Iron Treads|Iron Treads|100/100\n|move|p2a: Hephaepstein|Protect||[still]\n|-fail|p2a: Hephaepstein\n|\n|-weather|RainDance|[upkeep]\n|-heal|p2a: Hephaepstein|92/100|[from] item: Leftovers\n|upkeep\n|turn|5\n|\n|t:|1771219870\n|-end|p1a: Iron Treads|Quark Drive|[silent]\n|switch|p1a: Barraskewda|Barraskewda, F|100/100\n|switch|p2a: MEGA KNIGHT|Corviknight, F|100/100\n|-damage|p2a: MEGA KNIGHT|88/100|[from] Stealth Rock\n|-ability|p2a: MEGA KNIGHT|Pressure\n|\n|-weather|RainDance|[upkeep]\n|upkeep\n|turn|6\n|\n|t:|1771219880\n|move|p1a: Barraskewda|Flip Turn|p2a: MEGA KNIGHT\n|-damage|p2a: MEGA KNIGHT|41/100\n|-damage|p1a: Barraskewda|84/100|[from] item: Rocky Helmet|[of] p2a: MEGA KNIGHT\n|\n|t:|1771219884\n|switch|p1a: Zapdos|Zapdos|100/100|[from] Flip Turn\n|move|p2a: MEGA KNIGHT|Roost|p2a: MEGA KNIGHT\n|-heal|p2a: MEGA KNIGHT|91/100\n|-singleturn|p2a: MEGA KNIGHT|move: Roost\n|\n|-weather|RainDance|[upkeep]\n|upkeep\n|turn|7\n|\n|t:|1771219891\n|switch|p2a: Gliskibidi 😂|Gliscor, M|100/100\n|-damage|p2a: Gliskibidi 😂|88/100|[from] Stealth Rock\n|move|p1a: Zapdos|Weather Ball|p2a: Gliskibidi 😂\n|-supereffective|p2a: Gliskibidi 😂\n|-damage|p2a: Gliskibidi 😂|0 fnt\n|faint|p2a: Gliskibidi 😂\n|\n|-weather|RainDance|[upkeep]\n|upkeep\n|\n|t:|1771219895\n|switch|p2a: Scrotom-Washed|Rotom-Wash|100/100\n|-damage|p2a: Scrotom-Washed|88/100|[from] Stealth Rock\n|turn|8\n|\n|t:|1771219899\n|switch|p1a: Toxicroak|Toxicroak, F|100/100\n|move|p2a: Scrotom-Washed|Will-O-Wisp|p1a: Toxicroak\n|-status|p1a: Toxicroak|brn\n|\n|-weather|none\n|-heal|p2a: Scrotom-Washed|94/100|[from] item: Leftovers\n|-damage|p1a: Toxicroak|94/100 brn|[from] brn\n|upkeep\n|turn|9\n|\n|t:|1771219906\n|move|p2a: Scrotom-Washed|Volt Switch|p1a: Toxicroak\n|-damage|p1a: Toxicroak|63/100 brn\n|\n|t:|1771219910\n|switch|p2a: MEGA KNIGHT|Corviknight, F|91/100|[from] Volt Switch\n|-damage|p2a: MEGA KNIGHT|78/100|[from] Stealth Rock\n|-ability|p2a: MEGA KNIGHT|Pressure\n|move|p1a: Toxicroak|Knock Off|p2a: MEGA KNIGHT\n|-crit|p2a: MEGA KNIGHT\n|-damage|p2a: MEGA KNIGHT|67/100\n|-damage|p1a: Toxicroak|46/100 brn|[from] item: Rocky Helmet|[of] p2a: MEGA KNIGHT\n|-enditem|p2a: MEGA KNIGHT|Rocky Helmet|[from] move: Knock Off|[of] p1a: Toxicroak\n|\n|-damage|p1a: Toxicroak|40/100 brn|[from] brn\n|upkeep\n|turn|10\n|\n|t:|1771219914\n|switch|p1a: Pelipper|Pelipper, F|100/100\n|-weather|RainDance|[from] ability: Drizzle|[of] p1a: Pelipper\n|move|p2a: MEGA KNIGHT|U-turn|p1a: Pelipper\n|-resisted|p1a: Pelipper\n|-damage|p1a: Pelipper|93/100\n|\n|t:|1771219917\n|switch|p2a: Scrotom-Washed|Rotom-Wash|94/100|[from] U-turn\n|-damage|p2a: Scrotom-Washed|82/100|[from] Stealth Rock\n|\n|-weather|RainDance|[upkeep]\n|-heal|p2a: Scrotom-Washed|88/100|[from] item: Leftovers\n|upkeep\n|turn|11\n|\n|t:|1771219927\n|switch|p1a: Toxicroak|Toxicroak, F|40/100 brn\n|move|p2a: Scrotom-Washed|Hydro Pump|p1a: Toxicroak\n|-heal|p1a: Toxicroak|65/100 brn|[from] ability: Dry Skin|[of] p2a: Scrotom-Washed\n|\n|-weather|RainDance|[upkeep]\n|-heal|p1a: Toxicroak|77/100 brn|[from] ability: Dry Skin\n|-heal|p2a: Scrotom-Washed|94/100|[from] item: Leftovers\n|-damage|p1a: Toxicroak|71/100 brn|[from] brn\n|upkeep\n|turn|12\n|\n|t:|1771219933\n|move|p2a: Scrotom-Washed|Volt Switch|p1a: Toxicroak\n|-damage|p1a: Toxicroak|41/100 brn\n|\n|t:|1771219936\n|switch|p2a: MEGA KNIGHT|Corviknight, F|67/100|[from] Volt Switch\n|-damage|p2a: MEGA KNIGHT|55/100|[from] Stealth Rock\n|-ability|p2a: MEGA KNIGHT|Pressure\n|move|p1a: Toxicroak|Drain Punch|p2a: MEGA KNIGHT\n|-damage|p2a: MEGA KNIGHT|46/100\n|-heal|p1a: Toxicroak|45/100 brn|[from] drain|[of] p2a: MEGA KNIGHT\n|\n|-weather|RainDance|[upkeep]\n|-heal|p1a: Toxicroak|58/100 brn|[from] ability: Dry Skin\n|-damage|p1a: Toxicroak|51/100 brn|[from] brn\n|upkeep\n|turn|13\n|\n|t:|1771219940\n|switch|p1a: Zapdos|Zapdos|100/100\n|move|p2a: MEGA KNIGHT|U-turn|p1a: Zapdos\n|-resisted|p1a: Zapdos\n|-damage|p1a: Zapdos|91/100\n|j| dtybb\n|\n|t:|1771219946\n|switch|p2a: Hephaepstein|Heatran, F|92/100|[from] U-turn\n|-damage|p2a: Hephaepstein|80/100|[from] Stealth Rock\n|\n|-weather|RainDance|[upkeep]\n|-heal|p2a: Hephaepstein|86/100|[from] item: Leftovers\n|upkeep\n|turn|14\n|\n|t:|1771219949\n|move|p2a: Hephaepstein|Protect|p2a: Hephaepstein\n|-singleturn|p2a: Hephaepstein|Protect\n|move|p1a: Zapdos|Weather Ball|p2a: Hephaepstein\n|-activate|p2a: Hephaepstein|move: Protect\n|\n|-weather|RainDance|[upkeep]\n|-heal|p2a: Hephaepstein|92/100|[from] item: Leftovers\n|upkeep\n|turn|15\n|\n|t:|1771219954\n|move|p1a: Zapdos|Weather Ball|p2a: Hephaepstein\n|-supereffective|p2a: Hephaepstein\n|-damage|p2a: Hephaepstein|0 fnt\n|faint|p2a: Hephaepstein\n|\n|-weather|RainDance|[upkeep]\n|upkeep\n|\n|t:|1771219960\n|switch|p2a: Scrotom-Washed|Rotom-Wash|94/100\n|-damage|p2a: Scrotom-Washed|82/100|[from] Stealth Rock\n|turn|16\n|\n|t:|1771219966\n|switch|p1a: Toxicroak|Toxicroak, F|51/100 brn\n|move|p2a: Scrotom-Washed|Volt Switch|p1a: Toxicroak\n|-damage|p1a: Toxicroak|20/100 brn\n|\n|t:|1771219975\n|switch|p2a: Iron Valiant|Iron Valiant|100/100|[from] Volt Switch\n|\n|-weather|RainDance|[upkeep]\n|-heal|p1a: Toxicroak|33/100 brn|[from] ability: Dry Skin\n|-damage|p1a: Toxicroak|27/100 brn|[from] brn\n|upkeep\n|turn|17\n|\n|t:|1771219978\n|move|p2a: Iron Valiant|Moonblast|p1a: Toxicroak\n|-damage|p1a: Toxicroak|0 fnt\n|faint|p1a: Toxicroak\n|\n|-weather|none\n|upkeep\n|\n|t:|1771219985\n|switch|p1a: Barraskewda|Barraskewda, F|84/100\n|turn|18\n|\n|t:|1771219992\n|move|p1a: Barraskewda|Flip Turn|p2a: Iron Valiant\n|-damage|p2a: Iron Valiant|34/100\n|\n|t:|1771219995\n|switch|p1a: Iron Treads|Iron Treads|100/100|[from] Flip Turn\n|move|p2a: Iron Valiant|Moonblast|p1a: Iron Treads\n|-resisted|p1a: Iron Treads\n|-damage|p1a: Iron Treads|81/100\n|\n|-heal|p1a: Iron Treads|87/100|[from] item: Leftovers\n|upkeep\n|turn|19\n|\n|t:|1771220003\n|-end|p2a: Iron Valiant|Quark Drive|[silent]\n|switch|p2a: MEGA KNIGHT|Corviknight, F|46/100\n|-damage|p2a: MEGA KNIGHT|34/100|[from] Stealth Rock\n|-ability|p2a: MEGA KNIGHT|Pressure\n|move|p1a: Iron Treads|Volt Switch|p2a: MEGA KNIGHT\n|-supereffective|p2a: MEGA KNIGHT\n|-damage|p2a: MEGA KNIGHT|14/100\n|\n|t:|1771220009\n|-end|p1a: Iron Treads|Quark Drive|[silent]\n|switch|p1a: Zapdos|Zapdos|91/100|[from] Volt Switch\n|\n|upkeep\n|turn|20\n|\n|t:|1771220013\n|move|p1a: Zapdos|Volt Switch|p2a: MEGA KNIGHT\n|-supereffective|p2a: MEGA KNIGHT\n|-damage|p2a: MEGA KNIGHT|0 fnt\n|faint|p2a: MEGA KNIGHT\n|\n|t:|1771220017\n|switch|p1a: Pelipper|Pelipper, F|93/100|[from] Volt Switch\n|-weather|RainDance|[from] ability: Drizzle|[of] p1a: Pelipper\n|\n|-weather|RainDance|[upkeep]\n|upkeep\n|\n|t:|1771220019\n|switch|p2a: Scrotom-Washed|Rotom-Wash|82/100\n|-damage|p2a: Scrotom-Washed|69/100|[from] Stealth Rock\n|turn|21\n|\n|t:|1771220025\n|switch|p1a: Hatterene|Hatterene, F|74/100\n|move|p2a: Scrotom-Washed|Hydro Pump|p1a: Hatterene\n|-crit|p1a: Hatterene\n|-damage|p1a: Hatterene|0 fnt\n|faint|p1a: Hatterene\n|\n|-weather|RainDance|[upkeep]\n|-heal|p2a: Scrotom-Washed|75/100|[from] item: Leftovers\n|upkeep\n|\n|t:|1771220033\n|switch|p1a: Zapdos|Zapdos|91/100\n|turn|22\n|\n|t:|1771220037\n|move|p1a: Zapdos|Thunder|p2a: Scrotom-Washed\n|-damage|p2a: Scrotom-Washed|0 fnt\n|faint|p2a: Scrotom-Washed\n|\n|-weather|RainDance|[upkeep]\n|upkeep\n|\n|t:|1771220043\n|switch|p2a: Tcharlie Kirsch|Sinistcha|100/100\n|turn|23\n|\n|t:|1771220054\n|switch|p1a: Iron Treads|Iron Treads|87/100\n|move|p2a: Tcharlie Kirsch|Calm Mind|p2a: Tcharlie Kirsch\n|-boost|p2a: Tcharlie Kirsch|spa|1\n|-boost|p2a: Tcharlie Kirsch|spd|1\n|\n|-weather|RainDance|[upkeep]\n|-heal|p1a: Iron Treads|93/100|[from] item: Leftovers\n|upkeep\n|turn|24\n|\n|t:|1771220057\n|move|p1a: Iron Treads|Volt Switch|p2a: Tcharlie Kirsch\n|-resisted|p2a: Tcharlie Kirsch\n|-damage|p2a: Tcharlie Kirsch|96/100\n|\n|t:|1771220061\n|-end|p1a: Iron Treads|Quark Drive|[silent]\n|switch|p1a: Zapdos|Zapdos|91/100|[from] Volt Switch\n|move|p2a: Tcharlie Kirsch|Calm Mind|p2a: Tcharlie Kirsch\n|-boost|p2a: Tcharlie Kirsch|spa|1\n|-boost|p2a: Tcharlie Kirsch|spd|1\n|\n|-weather|RainDance|[upkeep]\n|upkeep\n|turn|25\n|\n|t:|1771220066\n|-terastallize|p2a: Tcharlie Kirsch|Poison\n|move|p1a: Zapdos|Hurricane|p2a: Tcharlie Kirsch\n|-damage|p2a: Tcharlie Kirsch|45/100\n|move|p2a: Tcharlie Kirsch|Shadow Ball|p1a: Zapdos\n|-damage|p1a: Zapdos|10/100\n|\n|-weather|RainDance|[upkeep]\n|upkeep\n|turn|26\n|\n|t:|1771220072\n|move|p1a: Zapdos|Hurricane|p2a: Tcharlie Kirsch\n|-damage|p2a: Tcharlie Kirsch|0 fnt\n|faint|p2a: Tcharlie Kirsch\n|\n|-weather|RainDance|[upkeep]\n|upkeep\n|\n|t:|1771220074\n|switch|p2a: Iron Valiant|Iron Valiant|34/100\n|turn|27\n|\n|t:|1771220077\n|move|p2a: Iron Valiant|Shadow Ball|p1a: Zapdos\n|-damage|p1a: Zapdos|0 fnt\n|faint|p1a: Zapdos\n|\n|-weather|none\n|upkeep\n|\n|t:|1771220081\n|switch|p1a: Barraskewda|Barraskewda, F|84/100\n|turn|28\n|\n|t:|1771220084\n|-terastallize|p1a: Barraskewda|Water\n|move|p1a: Barraskewda|Aqua Jet|p2a: Iron Valiant\n|-damage|p2a: Iron Valiant|0 fnt\n|faint|p2a: Iron Valiant\n|-end|p2a: Iron Valiant|Quark Drive|[silent]\n|\n|win|3idk\n|raw|3idk's rating: 1680 &rarr; <strong>1700</strong><br />(+20 for winning)\n|raw|minecraft pro 67's rating: 1683 &rarr; <strong>1663</strong><br />(-20 for losing)\n|l|☆minecraft pro 67\n|player|p2|\n|l|☆3idk\n|player|p1|\n|l| dtybb\n|j| dtybb\n|l| dtybb\n", "uploadtime": 1771220347, "views": 4, "formatid": "gen9ou", "rating": 1663, "private": 0, "password": null}