{"id": "gen9ou-2639927468", "format": "[Gen 9] OU", "players": ["anamchara", "Mailiam"], "log": "|j|☆anamchara\n|j|☆Mailiam\n|t:|1782545310\n|gametype|singles\n|player|p1|anamchara|265|1577\n|player|p2|Mailiam|az|1592\n|gen|9\n|tier|[Gen 9] OU\n|rated|\n|rule|HP Percentage Mod: HP is shown in percentages\n|rule|Endless Battle Clause: Forcing endless battles is banned\n|rule|Species Clause: Limit one of each Pokémon\n|rule|OHKO Clause: OHKO moves are banned\n|rule|Evasion Items Clause: Evasion items are banned\n|rule|Evasion Moves Clause: Evasion moves are banned\n|rule|Evasion Abilities Clause: Evasion abilities are banned\n|rule|Sleep Moves Clause: Sleep-inducing moves are banned\n|clearpoke\n|poke|p1|Slowking-Galar, F|\n|poke|p1|Meowscarada, F|\n|poke|p1|Iron Valiant|\n|poke|p1|Ogerpon-Wellspring, F|\n|poke|p1|Glimmora, M|\n|poke|p1|Dragapult, M|\n|poke|p2|Slither Wing|\n|poke|p2|Ninetales, M|\n|poke|p2|Ceruledge, M|\n|poke|p2|Walking Wake|\n|poke|p2|Great Tusk|\n|poke|p2|Venusaur, M|\n|teampreview\n|inactive|Battle timer is ON: inactive players will automatically lose when time's up. (requested by Mailiam)\n|\n|t:|1782545331\n|teamsize|p1|6\n|teamsize|p2|6\n|start\n|switch|p1a: Glimmora|Glimmora, M|100/100\n|switch|p2a: OMG ILY|Slither Wing|100/100\n|turn|1\n|\n|t:|1782545340\n|move|p1a: Glimmora|Power Gem|p2a: OMG ILY\n|-damage|p2a: OMG ILY|67/100\n|-damage|p1a: Glimmora|91/100|[from] item: Life Orb\n|move|p2a: OMG ILY|Close Combat|p1a: Glimmora\n|-damage|p1a: Glimmora|1/100\n|-unboost|p2a: OMG ILY|def|1\n|-unboost|p2a: OMG ILY|spd|1\n|-activate|p1a: Glimmora|ability: Toxic Debris\n|-sidestart|p2: Mailiam|move: Toxic Spikes\n|\n|upkeep\n|turn|2\n|\n|t:|1782545346\n|-end|p2a: OMG ILY|Protosynthesis|[silent]\n|switch|p2a: flowey|Venusaur, M|100/100\n|-sideend|p2: Mailiam|move: Toxic Spikes|[of] p2a: flowey\n|move|p1a: Glimmora|Stealth Rock|p2a: flowey\n|-sidestart|p2: Mailiam|move: Stealth Rock\n|\n|upkeep\n|turn|3\n|\n|t:|1782545351\n|switch|p2a: nah i'd spin|Great Tusk|100/100\n|-damage|p2a: nah i'd spin|97/100|[from] Stealth Rock\n|move|p1a: Glimmora|Power Gem|p2a: nah i'd spin\n|-resisted|p2a: nah i'd spin\n|-damage|p2a: nah i'd spin|83/100\n|-damage|p1a: Glimmora|0 fnt|[from] item: Life Orb\n|faint|p1a: Glimmora\n|\n|upkeep\n|\n|t:|1782545354\n|switch|p1a: Ogerpon|Ogerpon-Wellspring, F|100/100\n|turn|4\n|\n|t:|1782545367\n|-terastallize|p2a: nah i'd spin|Ghost\n|move|p1a: Ogerpon|Trailblaze|p2a: nah i'd spin\n|-damage|p2a: nah i'd spin|61/100\n|-boost|p1a: Ogerpon|spe|1\n|-damage|p1a: Ogerpon|84/100|[from] item: Rocky Helmet|[of] p2a: nah i'd spin\n|move|p2a: nah i'd spin|Rapid Spin|p1a: Ogerpon\n|-damage|p1a: Ogerpon|66/100\n|-boost|p2a: nah i'd spin|spe|1\n|-sideend|p2: Mailiam|Stealth Rock|[from] move: Rapid Spin|[of] p2a: nah i'd spin\n|\n|upkeep\n|turn|5\n|\n|t:|1782545378\n|-end|p2a: nah i'd spin|Protosynthesis|[silent]\n|switch|p2a: naruto|Ninetales, M|100/100\n|-weather|SunnyDay|[from] ability: Drought|[of] p2a: naruto\n|move|p1a: Ogerpon|Ivy Cudgel|p2a: naruto|[anim] Ivy Cudgel Water\n|-supereffective|p2a: naruto\n|-damage|p2a: naruto|4/100\n|\n|-weather|SunnyDay|[upkeep]\n|upkeep\n|turn|6\n|\n|t:|1782545391\n|switch|p2a: flowey|Venusaur, M|100/100\n|move|p1a: Ogerpon|Horn Leech|p2a: flowey\n|-resisted|p2a: flowey\n|-damage|p2a: flowey|83/100\n|-heal|p1a: Ogerpon|74/100|[from] drain|[of] p2a: flowey\n|\n|-weather|SunnyDay|[upkeep]\n|upkeep\n|turn|7\n|\n|t:|1782545395\n|switch|p1a: Slowking|Slowking-Galar, F|100/100\n|move|p2a: flowey|Growth|p2a: flowey\n|-boost|p2a: flowey|atk|2\n|-boost|p2a: flowey|spa|2\n|\n|-weather|SunnyDay|[upkeep]\n|upkeep\n|turn|8\n|\n|t:|1782545405\n|move|p2a: flowey|Earthquake|p1a: Slowking\n|-supereffective|p1a: Slowking\n|-damage|p1a: Slowking|2/100\n|-damage|p2a: flowey|73/100|[from] item: Life Orb\n|move|p1a: Slowking|Psychic Noise|p2a: flowey\n|-supereffective|p2a: flowey\n|-damage|p2a: flowey|0 fnt\n|faint|p2a: flowey\n|\n|-weather|SunnyDay|[upkeep]\n|upkeep\n|\n|t:|1782545411\n|switch|p2a: OMG ILY|Slither Wing|67/100\n|-activate|p2a: OMG ILY|ability: Protosynthesis\n|-start|p2a: OMG ILY|protosynthesisatk\n|turn|9\n|\n|t:|1782545417\n|switch|p1a: Iron Valiant|Iron Valiant|100/100\n|-enditem|p1a: Iron Valiant|Booster Energy\n|-activate|p1a: Iron Valiant|ability: Quark Drive|[fromitem]\n|-start|p1a: Iron Valiant|quarkdrivespe\n|move|p2a: OMG ILY|U-turn|p1a: Iron Valiant\n|-resisted|p1a: Iron Valiant\n|-damage|p1a: Iron Valiant|82/100\n|\n|t:|1782545425\n|-end|p2a: OMG ILY|Protosynthesis|[silent]\n|switch|p2a: red judas|Ceruledge, M|100/100|[from] U-turn\n|-item|p2a: red judas|Air Balloon\n|\n|-weather|SunnyDay|[upkeep]\n|upkeep\n|turn|10\n|\n|t:|1782545432\n|-terastallize|p1a: Iron Valiant|Dark\n|move|p1a: Iron Valiant|Knock Off|p2a: red judas\n|-supereffective|p2a: red judas\n|-damage|p2a: red judas|0 fnt\n|-enditem|p2a: red judas|Air Balloon\n|faint|p2a: red judas\n|\n|-weather|SunnyDay|[upkeep]\n|upkeep\n|\n|t:|1782545437\n|switch|p2a: OMG ILY|Slither Wing|67/100\n|-activate|p2a: OMG ILY|ability: Protosynthesis\n|-start|p2a: OMG ILY|protosynthesisatk\n|turn|11\n|\n|t:|1782545444\n|move|p1a: Iron Valiant|Spirit Break|p2a: OMG ILY\n|-supereffective|p2a: OMG ILY\n|-damage|p2a: OMG ILY|0 fnt\n|faint|p2a: OMG ILY\n|-end|p2a: OMG ILY|Protosynthesis|[silent]\n|\n|-weather|SunnyDay|[upkeep]\n|upkeep\n|-message|Mailiam forfeited.\n|\n|win|anamchara\n|raw|anamchara's rating: 1577 &rarr; <strong>1598</strong><br />(+21 for winning)\n|raw|Mailiam's rating: 1592 &rarr; <strong>1571</strong><br />(-21 for losing)\n|l|☆Mailiam\n|player|p2|\n|l|☆anamchara\n|player|p1|\n", "uploadtime": 1782545636, "views": 14, "formatid": "gen9ou", "rating": 1571, "private": 0, "password": null}