{"id": "gen9ou-2540578900", "format": "[Gen 9] OU", "players": ["White Boy SZN", "micdumb"], "log": "|j|☆White Boy SZN\n|j|☆micdumb\n|t:|1771221063\n|gametype|singles\n|player|p1|White Boy SZN|blue-gen7|1537\n|player|p2|micdumb|170|1604\n|gen|9\n|tier|[Gen 9] OU\n|rated|\n|rule|HP Percentage Mod: HP is shown in percentages\n|rule|Endless Battle Clause: Forcing endless battles is banned\n|rule|Species Clause: Limit one of each Pokémon\n|rule|OHKO Clause: OHKO moves are banned\n|rule|Evasion Items Clause: Evasion items are banned\n|rule|Evasion Moves Clause: Evasion moves are banned\n|rule|Evasion Abilities Clause: Evasion abilities are banned\n|rule|Sleep Moves Clause: Sleep-inducing moves are banned\n|clearpoke\n|poke|p1|Keldeo-Resolute|\n|poke|p1|Darkrai|\n|poke|p1|Kingambit, M|\n|poke|p1|Tinkaton, F|\n|poke|p1|Mamoswine, F|\n|poke|p1|Sinistcha|\n|poke|p2|Hydrapple, M|\n|poke|p2|Gliscor, M|\n|poke|p2|Slowking-Galar, M|\n|poke|p2|Cinderace, M|\n|poke|p2|Kingambit, M|\n|poke|p2|Iron Valiant|\n|teampreview\n|inactive|Battle timer is ON: inactive players will automatically lose when time's up. (requested by micdumb)\n|\n|t:|1771221090\n|teamsize|p1|6\n|teamsize|p2|6\n|start\n|switch|p1a: P.I.M.P.|Mamoswine, F|100/100\n|switch|p2a: Cinderace|Cinderace, M, shiny|100/100\n|turn|1\n|\n|t:|1771221101\n|switch|p2a: Hydrapple|Hydrapple, M, shiny|100/100\n|move|p1a: P.I.M.P.|Earthquake|p2a: Hydrapple\n|-resisted|p2a: Hydrapple\n|-damage|p2a: Hydrapple|80/100\n|\n|upkeep\n|turn|2\n|\n|t:|1771221108\n|move|p1a: P.I.M.P.|Icicle Crash|p2a: Hydrapple\n|-supereffective|p2a: Hydrapple\n|-damage|p2a: Hydrapple|0 fnt\n|faint|p2a: Hydrapple\n|\n|upkeep\n|\n|t:|1771221116\n|switch|p2a: Cinderace|Cinderace, M, shiny|100/100\n|turn|3\n|\n|t:|1771221122\n|move|p2a: Cinderace|U-turn|p1a: P.I.M.P.\n|-start|p2a: Cinderace|typechange|Bug|[from] ability: Libero\n|-damage|p1a: P.I.M.P.|65/100\n|\n|t:|1771221126\n|switch|p2a: Gliscor|Gliscor, M, shiny|100/100|[from] U-turn\n|move|p1a: P.I.M.P.|Earthquake|p2a: Gliscor\n|-immune|p2a: Gliscor\n|\n|-status|p2a: Gliscor|tox|[from] item: Toxic Orb\n|upkeep\n|turn|4\n|\n|t:|1771221135\n|switch|p2a: Cinderace|Cinderace, M, shiny|100/100\n|move|p1a: P.I.M.P.|Icicle Crash|p2a: Cinderace\n|-resisted|p2a: Cinderace\n|-damage|p2a: Cinderace|68/100\n|\n|upkeep\n|turn|5\n|\n|t:|1771221142\n|switch|p1a: Flawlëss|Keldeo-Resolute|100/100\n|move|p2a: Cinderace|Pyro Ball|p1a: Flawlëss\n|-resisted|p1a: Flawlëss\n|-damage|p1a: Flawlëss|66/100\n|\n|upkeep\n|turn|6\n|\n|t:|1771221154\n|switch|p2a: Slowking|Slowking-Galar, M, shiny|100/100\n|move|p1a: Flawlëss|Surf|p2a: Slowking\n|-damage|p2a: Slowking|73/100\n|\n|upkeep\n|turn|7\n|\n|t:|1771221165\n|move|p1a: Flawlëss|Flip Turn|p2a: Slowking\n|-damage|p2a: Slowking|61/100\n|\n|t:|1771221172\n|switch|p1a: Lavender Sunflower|Tinkaton, F|100/100|[from] Flip Turn\n|-ability|p1a: Lavender Sunflower|Mold Breaker\n|-item|p1a: Lavender Sunflower|Air Balloon\n|move|p2a: Slowking|Whirlpool|p1a: Lavender Sunflower\n|-damage|p1a: Lavender Sunflower|92/100\n|-activate|p1a: Lavender Sunflower|move: Whirlpool|[of] p2a: Slowking\n|-enditem|p1a: Lavender Sunflower|Air Balloon\n|\n|-damage|p1a: Lavender Sunflower|80/100|[from] move: Whirlpool|[partiallytrapped]\n|upkeep\n|turn|8\n|\n|t:|1771221181\n|move|p1a: Lavender Sunflower|Stealth Rock|p2a: Slowking\n|-sidestart|p2: micdumb|move: Stealth Rock\n|move|p2a: Slowking|Flamethrower|p1a: Lavender Sunflower\n|-supereffective|p1a: Lavender Sunflower\n|-damage|p1a: Lavender Sunflower|42/100\n|\n|-damage|p1a: Lavender Sunflower|29/100|[from] move: Whirlpool|[partiallytrapped]\n|upkeep\n|turn|9\n|\n|t:|1771221191\n|switch|p2a: Cinderace|Cinderace, M, shiny|68/100\n|move|p1a: Lavender Sunflower|Gigaton Hammer|p2a: Cinderace\n|-resisted|p2a: Cinderace\n|-damage|p2a: Cinderace|39/100\n|\n|-end|p1a: Lavender Sunflower|Whirlpool|[partiallytrapped]|[silent]\n|upkeep\n|turn|10\n|\n|t:|1771221199\n|move|p2a: Cinderace|Court Change|p2a: Cinderace\n|-start|p2a: Cinderace|typechange|Normal|[from] ability: Libero\n|-swapsideconditions\n|-activate|p2a: Cinderace|move: Court Change\n|move|p1a: Lavender Sunflower|Thunder Wave|p2a: Cinderace\n|-status|p2a: Cinderace|par\n|\n|upkeep\n|turn|11\n|\n|t:|1771221212\n|move|p1a: Lavender Sunflower|Encore|p2a: Cinderace\n|-start|p2a: Cinderace|Encore\n|move|p2a: Cinderace|Court Change|p2a: Cinderace\n|-swapsideconditions\n|-activate|p2a: Cinderace|move: Court Change\n|\n|upkeep\n|turn|12\n|\n|t:|1771221222\n|switch|p2a: Slowking|Slowking-Galar, M, shiny|95/100\n|-damage|p2a: Slowking|82/100|[from] Stealth Rock\n|move|p1a: Lavender Sunflower|Gigaton Hammer|p2a: Slowking\n|-damage|p2a: Slowking|47/100\n|\n|upkeep\n|turn|13\n|\n|t:|1771221239\n|switch|p1a: P.I.M.P.|Mamoswine, F|65/100\n|switch|p2a: Cinderace|Cinderace, M, shiny|39/100 par\n|\n|upkeep\n|turn|14\n|\n|t:|1771221258\n|move|p1a: P.I.M.P.|Knock Off|p2a: Cinderace\n|-damage|p2a: Cinderace|0 fnt\n|-enditem|p2a: Cinderace|Heavy-Duty Boots|[from] move: Knock Off|[of] p1a: P.I.M.P.\n|faint|p2a: Cinderace\n|\n|upkeep\n|-message|micdumb forfeited.\n|\n|win|White Boy SZN\n|raw|White Boy SZN's rating: 1537 &rarr; <strong>1561</strong><br />(+24 for winning)\n|raw|micdumb's rating: 1604 &rarr; <strong>1580</strong><br />(-24 for losing)\n|l|☆micdumb\n|player|p2|\n", "uploadtime": 1771221448, "views": 5, "formatid": "gen9ou", "rating": 1561, "private": 0, "password": null}