{"id": "gen9ou-2639935920", "format": "[Gen 9] OU", "players": ["Garacade", "hyp4roffender"], "log": "|j|☆Garacade\n|j|☆hyp4roffender\n|t:|1782547321\n|gametype|singles\n|player|p1|Garacade|1|1603\n|player|p2|hyp4roffender|1|1619\n|gen|9\n|tier|[Gen 9] OU\n|rated|\n|rule|HP Percentage Mod: HP is shown in percentages\n|rule|Endless Battle Clause: Forcing endless battles is banned\n|rule|Species Clause: Limit one of each Pokémon\n|rule|OHKO Clause: OHKO moves are banned\n|rule|Evasion Items Clause: Evasion items are banned\n|rule|Evasion Moves Clause: Evasion moves are banned\n|rule|Evasion Abilities Clause: Evasion abilities are banned\n|rule|Sleep Moves Clause: Sleep-inducing moves are banned\n|clearpoke\n|poke|p1|Latias, F|\n|poke|p1|Kingambit, F|\n|poke|p1|Great Tusk|\n|poke|p1|Slowking-Galar, F|\n|poke|p1|Landorus-Therian, M|\n|poke|p1|Zamazenta-*|\n|poke|p2|Galvantula, F|\n|poke|p2|Zamazenta-*|\n|poke|p2|Gholdengo|\n|poke|p2|Enamorus, F|\n|poke|p2|Manaphy|\n|poke|p2|Iron Treads|\n|teampreview\n|inactive|Battle timer is ON: inactive players will automatically lose when time's up. (requested by Garacade)\n|\n|t:|1782547341\n|teamsize|p1|6\n|teamsize|p2|6\n|start\n|switch|p1a: Great Tusk|Great Tusk|100/100\n|switch|p2a: Galvantula|Galvantula, F|100/100\n|turn|1\n|\n|t:|1782547352\n|-end|p1a: Great Tusk|Protosynthesis|[silent]\n|switch|p1a: Slowking|Slowking-Galar, F|100/100\n|move|p2a: Galvantula|Energy Ball|p1a: Slowking\n|-resisted|p1a: Slowking\n|-damage|p1a: Slowking|96/100\n|\n|upkeep\n|turn|2\n|\n|t:|1782547355\n|move|p2a: Galvantula|Sticky Web|p1a: Slowking\n|-sidestart|p1: Garacade|move: Sticky Web\n|move|p1a: Slowking|Future Sight|p2a: Galvantula\n|-start|p1a: Slowking|move: Future Sight\n|\n|upkeep\n|turn|3\n|\n|t:|1782547358\n|move|p2a: Galvantula|Thunder|p1a: Slowking\n|-damage|p1a: Slowking|79/100\n|-status|p1a: Slowking|par\n|cant|p1a: Slowking|par\n|\n|upkeep\n|turn|4\n|\n|t:|1782547360\n|move|p2a: Galvantula|Thunder|p1a: Slowking\n|-damage|p1a: Slowking|62/100 par\n|move|p1a: Slowking|Sludge Bomb|p2a: Galvantula\n|-damage|p2a: Galvantula|37/100\n|-status|p2a: Galvantula|psn\n|\n|-end|p2a: Galvantula|move: Future Sight\n|-damage|p2a: Galvantula|0 fnt\n|faint|p2a: Galvantula\n|upkeep\n|\n|t:|1782547372\n|switch|p2a: Gholdengo|Gholdengo|100/100\n|-item|p2a: Gholdengo|Air Balloon\n|turn|5\n|\n|t:|1782547379\n|move|p2a: Gholdengo|Nasty Plot|p2a: Gholdengo\n|-boost|p2a: Gholdengo|spa|2\n|move|p1a: Slowking|Future Sight|p2a: Gholdengo\n|-start|p1a: Slowking|move: Future Sight\n|\n|upkeep\n|turn|6\n|\n|t:|1782547388\n|switch|p1a: Kingambit|Kingambit, F|100/100\n|-activate|p1a: Kingambit|move: Sticky Web\n|-unboost|p1a: Kingambit|spe|1\n|move|p2a: Gholdengo|Shadow Ball|p1a: Kingambit\n|-resisted|p1a: Kingambit\n|-damage|p1a: Kingambit|43/100\n|\n|-heal|p1a: Kingambit|49/100|[from] item: Leftovers\n|upkeep\n|turn|7\n|\n|t:|1782547396\n|-terastallize|p2a: Gholdengo|Steel\n|move|p1a: Kingambit|Sucker Punch|p2a: Gholdengo\n|-damage|p2a: Gholdengo|53/100\n|-enditem|p2a: Gholdengo|Air Balloon\n|move|p2a: Gholdengo|Shadow Ball|p1a: Kingambit\n|-resisted|p1a: Kingambit\n|-damage|p1a: Kingambit|0 fnt\n|faint|p1a: Kingambit\n|-end|p1a: Kingambit|fallenundefined|[silent]\n|\n|-end|p2a: Gholdengo|move: Future Sight\n|-resisted|p2a: Gholdengo\n|-damage|p2a: Gholdengo|28/100\n|upkeep\n|\n|t:|1782547407\n|switch|p1a: Slowking|Slowking-Galar, F|95/100 par\n|-activate|p1a: Slowking|move: Sticky Web\n|-unboost|p1a: Slowking|spe|1\n|turn|8\n|\n|t:|1782547411\n|move|p2a: Gholdengo|Make It Rain|p1a: Slowking\n|-damage|p1a: Slowking|20/100 par\n|-unboost|p2a: Gholdengo|spa|1\n|cant|p1a: Slowking|par\n|\n|upkeep\n|turn|9\n|c|☆Garacade|ok\n|c|☆Garacade|im gonna tilt\n|\n|t:|1782547421\n|move|p2a: Gholdengo|Shadow Ball|p1a: Slowking\n|-supereffective|p1a: Slowking\n|-damage|p1a: Slowking|0 fnt\n|faint|p1a: Slowking\n|\n|upkeep\n|c|☆hyp4roffender|tough luck g\n|\n|t:|1782547433\n|switch|p1a: Great Tusk|Great Tusk|100/100\n|turn|10\n|\n|t:|1782547438\n|move|p1a: Great Tusk|Close Combat|p2a: Gholdengo\n|-supereffective|p2a: Gholdengo\n|-damage|p2a: Gholdengo|0 fnt\n|-unboost|p1a: Great Tusk|def|1\n|-unboost|p1a: Great Tusk|spd|1\n|faint|p2a: Gholdengo\n|\n|upkeep\n|\n|t:|1782547443\n|switch|p2a: Enamorus|Enamorus, F|100/100\n|turn|11\n|\n|t:|1782547449\n|-end|p1a: Great Tusk|Protosynthesis|[silent]\n|switch|p1a: Landorus|Landorus-Therian, M|100/100\n|-ability|p1a: Landorus|Intimidate|boost\n|-boost|p2a: Enamorus|atk|1\n|move|p2a: Enamorus|Substitute|p2a: Enamorus\n|-start|p2a: Enamorus|Substitute\n|-damage|p2a: Enamorus|76/100\n|\n|upkeep\n|turn|12\n|\n|t:|1782547453\n|move|p2a: Enamorus|Moonblast|p1a: Landorus\n|-damage|p1a: Landorus|24/100\n|-damage|p2a: Enamorus|66/100|[from] item: Life Orb\n|move|p1a: Landorus|Taunt|p2a: Enamorus\n|-start|p2a: Enamorus|move: Taunt\n|\n|upkeep\n|turn|13\n|\n|t:|1782547455\n|move|p2a: Enamorus|Draining Kiss|p1a: Landorus\n|-damage|p1a: Landorus|0 fnt\n|-heal|p2a: Enamorus|89/100|[from] drain|[of] p1a: Landorus\n|-damage|p2a: Enamorus|73/100|[from] item: Rocky Helmet|[of] p1a: Landorus\n|faint|p1a: Landorus\n|-damage|p2a: Enamorus|63/100|[from] item: Life Orb\n|\n|upkeep\n|\n|t:|1782547460\n|switch|p1a: Latias|Latias, F|100/100\n|turn|14\n|\n|t:|1782547463\n|-terastallize|p1a: Latias|Poison\n|move|p2a: Enamorus|Moonblast|p1a: Latias\n|-resisted|p1a: Latias\n|-damage|p1a: Latias|74/100\n|-damage|p2a: Enamorus|53/100|[from] item: Life Orb\n|move|p1a: Latias|Calm Mind|p1a: Latias\n|-boost|p1a: Latias|spa|1\n|-boost|p1a: Latias|spd|1\n|\n|upkeep\n|turn|15\n|\n|t:|1782547470\n|switch|p2a: Manaphy|Manaphy|100/100\n|move|p1a: Latias|Calm Mind|p1a: Latias\n|-boost|p1a: Latias|spa|1\n|-boost|p1a: Latias|spd|1\n|\n|upkeep\n|turn|16\n|\n|t:|1782547473\n|move|p2a: Manaphy|Take Heart|p2a: Manaphy\n|-boost|p2a: Manaphy|spa|1\n|-boost|p2a: Manaphy|spd|1\n|move|p1a: Latias|Calm Mind|p1a: Latias\n|-boost|p1a: Latias|spa|1\n|-boost|p1a: Latias|spd|1\n|\n|upkeep\n|turn|17\n|\n|t:|1782547475\n|move|p2a: Manaphy|Take Heart|p2a: Manaphy\n|-boost|p2a: Manaphy|spa|1\n|-boost|p2a: Manaphy|spd|1\n|move|p1a: Latias|Calm Mind|p1a: Latias\n|-boost|p1a: Latias|spa|1\n|-boost|p1a: Latias|spd|1\n|\n|upkeep\n|turn|18\n|\n|t:|1782547477\n|move|p2a: Manaphy|Acid Armor|p2a: Manaphy\n|-boost|p2a: Manaphy|def|2\n|move|p1a: Latias|Calm Mind|p1a: Latias\n|-boost|p1a: Latias|spa|1\n|-boost|p1a: Latias|spd|1\n|\n|upkeep\n|turn|19\n|\n|t:|1782547479\n|move|p2a: Manaphy|Take Heart|p2a: Manaphy\n|-boost|p2a: Manaphy|spa|1\n|-boost|p2a: Manaphy|spd|1\n|move|p1a: Latias|Calm Mind|p1a: Latias\n|-boost|p1a: Latias|spa|1\n|-boost|p1a: Latias|spd|1\n|\n|upkeep\n|turn|20\n|\n|t:|1782547481\n|move|p2a: Manaphy|Stored Power|p1a: Latias\n|-supereffective|p1a: Latias\n|-damage|p1a: Latias|32/100\n|move|p1a: Latias|Stored Power|p2a: Manaphy\n|-damage|p2a: Manaphy|0 fnt\n|faint|p2a: Manaphy\n|\n|upkeep\n|\n|t:|1782547488\n|switch|p2a: Iron Treads|Iron Treads|100/100\n|-enditem|p2a: Iron Treads|Booster Energy\n|-activate|p2a: Iron Treads|ability: Quark Drive|[fromitem]\n|-start|p2a: Iron Treads|quarkdriveatk\n|turn|21\n|\n|t:|1782547497\n|move|p2a: Iron Treads|Supercell Slam|p1a: Latias\n|-damage|p1a: Latias|0 fnt\n|faint|p1a: Latias\n|\n|upkeep\n|\n|t:|1782547501\n|switch|p1a: Great Tusk|Great Tusk|100/100\n|turn|22\n|\n|t:|1782547506\n|move|p2a: Iron Treads|Ice Spinner|p1a: Great Tusk\n|-supereffective|p1a: Great Tusk\n|-damage|p1a: Great Tusk|49/100\n|move|p1a: Great Tusk|Rapid Spin|p2a: Iron Treads\n|-resisted|p2a: Iron Treads\n|-damage|p2a: Iron Treads|93/100\n|-boost|p1a: Great Tusk|spe|1\n|-sideend|p1: Garacade|Sticky Web|[from] move: Rapid Spin|[of] p1a: Great Tusk\n|\n|upkeep\n|turn|23\n|\n|t:|1782547511\n|move|p1a: Great Tusk|Close Combat|p2a: Iron Treads\n|-supereffective|p2a: Iron Treads\n|-damage|p2a: Iron Treads|0 fnt\n|-unboost|p1a: Great Tusk|def|1\n|-unboost|p1a: Great Tusk|spd|1\n|faint|p2a: Iron Treads\n|-end|p2a: Iron Treads|Quark Drive|[silent]\n|\n|upkeep\n|\n|t:|1782547513\n|switch|p2a: Zamazenta|Zamazenta|100/100\n|-ability|p2a: Zamazenta|Dauntless Shield|boost\n|-boost|p2a: Zamazenta|def|1\n|turn|24\n|\n|t:|1782547520\n|move|p1a: Great Tusk|Close Combat|p2a: Zamazenta\n|-damage|p2a: Zamazenta|66/100\n|-unboost|p1a: Great Tusk|def|1\n|-unboost|p1a: Great Tusk|spd|1\n|move|p2a: Zamazenta|Reflect|p2a: Zamazenta\n|-sidestart|p2: hyp4roffender|Reflect\n|\n|upkeep\n|turn|25\n|\n|t:|1782547525\n|switch|p2a: Enamorus|Enamorus, F|53/100\n|move|p1a: Great Tusk|Headlong Rush|p2a: Enamorus\n|-immune|p2a: Enamorus\n|\n|upkeep\n|turn|26\n|\n|t:|1782547529\n|move|p1a: Great Tusk|Ice Spinner|p2a: Enamorus\n|-supereffective|p2a: Enamorus\n|-crit|p2a: Enamorus\n|-damage|p2a: Enamorus|0 fnt\n|faint|p2a: Enamorus\n|\n|upkeep\n|c|☆hyp4roffender|fairs fair\n|\n|t:|1782547536\n|switch|p2a: Zamazenta|Zamazenta|66/100\n|turn|27\n|\n|t:|1782547539\n|move|p1a: Great Tusk|Headlong Rush|p2a: Zamazenta\n|-damage|p2a: Zamazenta|42/100\n|-unboost|p1a: Great Tusk|def|1\n|-unboost|p1a: Great Tusk|spd|1\n|move|p2a: Zamazenta|Ice Fang|p1a: Great Tusk|[miss]\n|-miss|p2a: Zamazenta|p1a: Great Tusk\n|\n|upkeep\n|turn|28\n|\n|t:|1782547543\n|move|p1a: Great Tusk|Headlong Rush|p2a: Zamazenta\n|-damage|p2a: Zamazenta|15/100\n|-unboost|p1a: Great Tusk|def|1\n|-unboost|p1a: Great Tusk|spd|1\n|move|p2a: Zamazenta|Ice Fang|p1a: Great Tusk\n|-supereffective|p1a: Great Tusk\n|-damage|p1a: Great Tusk|0 fnt\n|faint|p1a: Great Tusk\n|-end|p1a: Great Tusk|Protosynthesis|[silent]\n|\n|upkeep\n|\n|t:|1782547546\n|switch|p1a: Zamazenta|Zamazenta|100/100\n|-ability|p1a: Zamazenta|Dauntless Shield|boost\n|-boost|p1a: Zamazenta|def|1\n|turn|29\n|\n|t:|1782547549\n|move|p1a: Zamazenta|Close Combat|p2a: Zamazenta\n|-damage|p2a: Zamazenta|0 fnt\n|-unboost|p1a: Zamazenta|def|1\n|-unboost|p1a: Zamazenta|spd|1\n|faint|p2a: Zamazenta\n|\n|win|Garacade\n|raw|Garacade's rating: 1603 &rarr; <strong>1624</strong><br />(+21 for winning)\n|raw|hyp4roffender's rating: 1619 &rarr; <strong>1598</strong><br />(-21 for losing)\n|l|☆Garacade\n|player|p1|\n|l|☆hyp4roffender\n|player|p2|\n", "uploadtime": 1782547888, "views": 5, "formatid": "gen9ou", "rating": 1598, "private": 0, "password": null}