{"id": "gen9ou-2639221349", "format": "[Gen 9] OU", "players": ["gobbygg", "manfizz"], "log": "|j|☆gobbygg\n|j|☆manfizz\n|t:|1782436248\n|gametype|singles\n|player|p1|gobbygg|n|1183\n|player|p2|manfizz|101|1202\n|gen|9\n|tier|[Gen 9] OU\n|rated|\n|rule|HP Percentage Mod: HP is shown in percentages\n|rule|Endless Battle Clause: Forcing endless battles is banned\n|rule|Species Clause: Limit one of each Pokémon\n|rule|OHKO Clause: OHKO moves are banned\n|rule|Evasion Items Clause: Evasion items are banned\n|rule|Evasion Moves Clause: Evasion moves are banned\n|rule|Evasion Abilities Clause: Evasion abilities are banned\n|rule|Sleep Moves Clause: Sleep-inducing moves are banned\n|clearpoke\n|poke|p1|Chandelure, M|\n|poke|p1|Kyurem|\n|poke|p1|Zoroark, M|\n|poke|p1|Gliscor, F|\n|poke|p1|Cinderace, F|\n|poke|p1|Eelektross, M|\n|poke|p2|Chansey, F|\n|poke|p2|Garganacl, F|\n|poke|p2|Meowscarada, F|\n|poke|p2|Dragapult, F|\n|poke|p2|Glimmora, F|\n|poke|p2|Gliscor, M|\n|teampreview\n|\n|t:|1782436265\n|teamsize|p1|6\n|teamsize|p2|6\n|start\n|switch|p1a: Chandelure|Chandelure, M|100/100\n|switch|p2a: Meowscarada|Meowscarada, F|100/100\n|turn|1\n|inactive|Battle timer is ON: inactive players will automatically lose when time's up. (requested by manfizz)\n|\n|t:|1782436278\n|move|p2a: Meowscarada|Knock Off|p1a: Chandelure\n|-start|p2a: Meowscarada|typechange|Dark|[from] ability: Protean\n|-resisted|p1a: Chandelure\n|-damage|p1a: Chandelure|55/100\n|replace|p1a: N|Zoroark, M\n|-end|p1a: N|Illusion\n|-enditem|p1a: N|Focus Sash|[from] move: Knock Off|[of] p2a: Meowscarada\n|move|p1a: N|Agility|p1a: N\n|-boost|p1a: N|spe|2\n|\n|upkeep\n|turn|2\n|\n|t:|1782436296\n|switch|p2a: Chansey|Chansey, F|100/100\n|move|p1a: N|Dark Pulse|p2a: Chansey\n|-damage|p2a: Chansey|92/100\n|\n|upkeep\n|turn|3\n|\n|t:|1782436304\n|-terastallize|p1a: N|Ghost\n|move|p1a: N|Nasty Plot|p1a: N\n|-boost|p1a: N|spa|2\n|move|p2a: Chansey|Stealth Rock|p1a: N\n|-sidestart|p1: gobbygg|move: Stealth Rock\n|\n|upkeep\n|turn|4\n|\n|t:|1782436311\n|move|p1a: N|Nasty Plot|p1a: N\n|-boost|p1a: N|spa|2\n|move|p2a: Chansey|Thunder Wave|p1a: N\n|-status|p1a: N|par\n|\n|upkeep\n|turn|5\n|\n|t:|1782436324\n|switch|p2a: Glimmora|Glimmora, F|100/100\n|cant|p1a: N|par\n|\n|upkeep\n|turn|6\n|inactive|manfizz has 120 seconds left.\n|\n|t:|1782436360\n|move|p1a: N|Psychic|p2a: Glimmora\n|-supereffective|p2a: Glimmora\n|-enditem|p2a: Glimmora|Focus Sash\n|-damage|p2a: Glimmora|1/100\n|move|p2a: Glimmora|Power Gem|p1a: N\n|-damage|p1a: N|0 fnt\n|faint|p1a: N\n|\n|upkeep\n|\n|t:|1782436387\n|switch|p1a: Gliscor|Gliscor, F|100/100\n|-damage|p1a: Gliscor|88/100|[from] Stealth Rock\n|turn|7\n|inactive|manfizz has 120 seconds left.\n|inactive|gobbygg has 120 seconds left.\n|\n|t:|1782436410\n|move|p1a: Gliscor|Protect|p1a: Gliscor\n|-singleturn|p1a: Gliscor|Protect\n|move|p2a: Glimmora|Power Gem|p1a: Gliscor\n|-activate|p1a: Gliscor|move: Protect\n|\n|-status|p1a: Gliscor|tox|[from] item: Toxic Orb\n|upkeep\n|turn|8\n|inactive|gobbygg has 120 seconds left.\n|\n|t:|1782436434\n|move|p2a: Glimmora|Power Gem|p1a: Gliscor\n|-damage|p1a: Gliscor|52/100 tox\n|move|p1a: Gliscor|Knock Off|p2a: Glimmora\n|-damage|p2a: Glimmora|0 fnt\n|-activate|p2a: Glimmora|ability: Toxic Debris\n|-sidestart|p1: gobbygg|move: Toxic Spikes\n|faint|p2a: Glimmora\n|\n|-heal|p1a: Gliscor|65/100 tox|[from] ability: Poison Heal\n|upkeep\n|inactive|manfizz has 90 seconds left.\n|\n|t:|1782436452\n|switch|p2a: Garganacl|Garganacl, F|100/100\n|turn|9\n|inactive|manfizz has 90 seconds left.\n|inactive|manfizz has 60 seconds left.\n|\n|t:|1782436493\n|move|p1a: Gliscor|Knock Off|p2a: Garganacl\n|-damage|p2a: Garganacl|89/100\n|-damage|p1a: Gliscor|48/100 tox|[from] item: Rocky Helmet|[of] p2a: Garganacl\n|-enditem|p2a: Garganacl|Rocky Helmet|[from] move: Knock Off|[of] p1a: Gliscor\n|move|p2a: Garganacl|Salt Cure|p1a: Gliscor\n|-damage|p1a: Gliscor|38/100 tox\n|-start|p1a: Gliscor|Salt Cure\n|\n|-heal|p1a: Gliscor|50/100 tox|[from] ability: Poison Heal\n|-damage|p1a: Gliscor|38/100 tox|[from] Salt Cure\n|upkeep\n|turn|10\n|inactive|manfizz has 60 seconds left.\n|inactive|manfizz has 30 seconds left.\n|\n|t:|1782436535\n|move|p1a: Gliscor|Protect|p1a: Gliscor\n|-singleturn|p1a: Gliscor|Protect\n|move|p2a: Garganacl|Salt Cure|p1a: Gliscor\n|-activate|p1a: Gliscor|move: Protect\n|\n|-heal|p1a: Gliscor|50/100 tox|[from] ability: Poison Heal\n|-damage|p1a: Gliscor|38/100 tox|[from] Salt Cure\n|upkeep\n|turn|11\n|inactive|gobbygg has 120 seconds left.\n|\n|t:|1782436555\n|move|p1a: Gliscor|Earthquake|p2a: Garganacl\n|-supereffective|p2a: Garganacl\n|-damage|p2a: Garganacl|53/100\n|move|p2a: Garganacl|Salt Cure|p1a: Gliscor\n|-damage|p1a: Gliscor|27/100 tox\n|\n|-heal|p1a: Gliscor|39/100 tox|[from] ability: Poison Heal\n|-damage|p1a: Gliscor|27/100 tox|[from] Salt Cure\n|upkeep\n|turn|12\n|inactive|manfizz has 30 seconds left.\n|inactive|manfizz has 20 seconds left.\n|inactive|manfizz has 15 seconds left.\n|inactive|manfizz has 10 seconds left.\n|\n|t:|1782436593\n|move|p1a: Gliscor|Earthquake|p2a: Garganacl\n|-supereffective|p2a: Garganacl\n|-damage|p2a: Garganacl|17/100\n|move|p2a: Garganacl|Recover|p2a: Garganacl\n|-heal|p2a: Garganacl|67/100\n|\n|-heal|p1a: Gliscor|39/100 tox|[from] ability: Poison Heal\n|-damage|p1a: Gliscor|27/100 tox|[from] Salt Cure\n|upkeep\n|turn|13\n|inactive|manfizz has 20 seconds left this turn.\n|inactive|manfizz has 15 seconds left.\n|c|☆gobbygg|pressing salt cure cannot be this hard\n|inactive|manfizz has 10 seconds left.\n|\n|t:|1782436605\n|move|p1a: Gliscor|Earthquake|p2a: Garganacl\n|-supereffective|p2a: Garganacl\n|-damage|p2a: Garganacl|34/100\n|move|p2a: Garganacl|Recover|p2a: Garganacl\n|-heal|p2a: Garganacl|84/100\n|\n|-heal|p1a: Gliscor|39/100 tox|[from] ability: Poison Heal\n|-damage|p1a: Gliscor|27/100 tox|[from] Salt Cure\n|upkeep\n|turn|14\n|inactive|manfizz has 20 seconds left this turn.\n|inactive|manfizz has 15 seconds left.\n|\n|t:|1782436614\n|move|p1a: Gliscor|Earthquake|p2a: Garganacl\n|-supereffective|p2a: Garganacl\n|-damage|p2a: Garganacl|49/100\n|move|p2a: Garganacl|Recover|p2a: Garganacl\n|-heal|p2a: Garganacl|99/100\n|\n|-heal|p1a: Gliscor|39/100 tox|[from] ability: Poison Heal\n|-damage|p1a: Gliscor|27/100 tox|[from] Salt Cure\n|upkeep\n|turn|15\n|inactive|manfizz has 25 seconds left this turn.\n|inactive|manfizz has 20 seconds left.\n|\n|t:|1782436623\n|move|p1a: Gliscor|Earthquake|p2a: Garganacl\n|-supereffective|p2a: Garganacl\n|-crit|p2a: Garganacl\n|-damage|p2a: Garganacl|50/100\n|move|p2a: Garganacl|Iron Defense|p2a: Garganacl\n|-boost|p2a: Garganacl|def|2\n|\n|-heal|p1a: Gliscor|39/100 tox|[from] ability: Poison Heal\n|-damage|p1a: Gliscor|27/100 tox|[from] Salt Cure\n|upkeep\n|turn|16\n|inactive|manfizz has 30 seconds left this turn.\n|\n|t:|1782436633\n|switch|p1a: Cinderace|Cinderace, F|100/100\n|move|p2a: Garganacl|Recover|p2a: Garganacl\n|-heal|p2a: Garganacl|99/100\n|\n|upkeep\n|turn|17\n|inactive|manfizz has 30 seconds left.\n|\n|t:|1782436640\n|move|p1a: Cinderace|Court Change|p1a: Cinderace\n|-start|p1a: Cinderace|typechange|Normal|[from] ability: Libero\n|-swapsideconditions\n|-activate|p1a: Cinderace|move: Court Change\n|move|p2a: Garganacl|Salt Cure|p1a: Cinderace\n|-damage|p1a: Cinderace|84/100\n|-start|p1a: Cinderace|Salt Cure\n|\n|-damage|p1a: Cinderace|71/100|[from] Salt Cure\n|upkeep\n|turn|18\n|inactive|gobbygg has 120 seconds left.\n|\n|t:|1782436671\n|move|p1a: Cinderace|U-turn|p2a: Garganacl\n|-damage|p2a: Garganacl|94/100\n|inactive|gobbygg has 120 seconds left.\n|\n|t:|1782436678\n|switch|p1a: Eelektross|Eelektross, M|100/100|[from] U-turn\n|move|p2a: Garganacl|Body Press|p1a: Eelektross\n|-damage|p1a: Eelektross|37/100\n|\n|-heal|p1a: Eelektross|44/100|[from] item: Leftovers\n|upkeep\n|turn|19\n|inactive|manfizz has 30 seconds left.\n|inactive|manfizz has 20 seconds left.\n|\n|t:|1782436712\n|move|p1a: Eelektross|Coil|p1a: Eelektross\n|-boost|p1a: Eelektross|atk|1\n|-boost|p1a: Eelektross|def|1\n|-boost|p1a: Eelektross|accuracy|1\n|move|p2a: Garganacl|Body Press|p1a: Eelektross\n|-damage|p1a: Eelektross|0 fnt\n|faint|p1a: Eelektross\n|\n|upkeep\n|inactive|gobbygg has 120 seconds left.\n|\n|t:|1782436723\n|switch|p1a: Chandelure|Chandelure, M|100/100\n|turn|20\n|inactive|manfizz has 30 seconds left.\n|\n|t:|1782436731\n|move|p1a: Chandelure|Energy Ball|p2a: Garganacl\n|-supereffective|p2a: Garganacl\n|-damage|p2a: Garganacl|29/100\n|move|p2a: Garganacl|Salt Cure|p1a: Chandelure\n|-supereffective|p1a: Chandelure\n|-damage|p1a: Chandelure|61/100\n|-start|p1a: Chandelure|Salt Cure\n|\n|-damage|p1a: Chandelure|49/100|[from] Salt Cure\n|upkeep\n|turn|21\n|inactive|manfizz has 30 seconds left.\n|\n|t:|1782436742\n|switch|p2a: Chansey|Chansey, F|92/100\n|-damage|p2a: Chansey|79/100|[from] Stealth Rock\n|-status|p2a: Chansey|psn\n|move|p1a: Chandelure|Energy Ball|p2a: Chansey\n|-damage|p2a: Chansey|71/100 psn\n|\n|-damage|p2a: Chansey|59/100 psn|[from] psn\n|-damage|p1a: Chandelure|37/100|[from] Salt Cure\n|upkeep\n|turn|22\n|inactive|manfizz has 30 seconds left.\n|\n|t:|1782436758\n|switch|p1a: Gliscor|Gliscor, F|27/100 tox\n|move|p2a: Chansey|Soft-Boiled|p2a: Chansey\n|-heal|p2a: Chansey|100/100 psn\n|\n|-heal|p1a: Gliscor|39/100 tox|[from] ability: Poison Heal\n|-damage|p2a: Chansey|88/100 psn|[from] psn\n|upkeep\n|turn|23\n|inactive|manfizz has 30 seconds left.\n|inactive|gobbygg has 120 seconds left.\n|\n|t:|1782436778\n|-curestatus|p2a: Chansey|psn|[from] ability: Natural Cure|[silent]\n|switch|p2a: Garganacl|Garganacl, F|29/100\n|-damage|p2a: Garganacl|17/100|[from] Stealth Rock\n|move|p1a: Gliscor|Earthquake|p2a: Garganacl\n|-supereffective|p2a: Garganacl\n|-damage|p2a: Garganacl|0 fnt\n|faint|p2a: Garganacl\n|\n|-heal|p1a: Gliscor|52/100 tox|[from] ability: Poison Heal\n|upkeep\n|inactive|manfizz has 30 seconds left.\n|inactive|manfizz has 20 seconds left.\n|\n|t:|1782436795\n|switch|p2a: Gliscor|Gliscor, M|100/100\n|-damage|p2a: Gliscor|88/100|[from] Stealth Rock\n|turn|24\n|inactive|manfizz has 30 seconds left this turn.\n|inactive|manfizz has 20 seconds left.\n|inactive|manfizz has 15 seconds left.\n|inactive|manfizz has 10 seconds left.\n|inactive|manfizz has 5 seconds left.\n|c|☆gobbygg|quick bro\n|-message|manfizz lost due to inactivity.\n|\n|win|gobbygg\n|raw|gobbygg's rating: 1183 &rarr; <strong>1209</strong><br />(+26 for winning)\n|raw|manfizz's rating: 1202 &rarr; <strong>1176</strong><br />(-26 for losing)\n|l|☆manfizz\n|player|p2|\n|l|☆gobbygg\n|player|p1|\n", "uploadtime": 1782437179, "views": 7, "formatid": "gen9ou", "rating": 1176, "private": 0, "password": null}