{"id": "gen9ou-2639245250", "format": "[Gen 9] OU", "players": ["Makatuk", "Alvarosam"], "log": "|j|☆Makatuk\n|j|☆Alvarosam\n|t:|1782439718\n|gametype|singles\n|player|p1|Makatuk|1|1489\n|player|p2|Alvarosam|cheren-gen5bw2|1550\n|gen|9\n|tier|[Gen 9] OU\n|rated|\n|rule|HP Percentage Mod: HP is shown in percentages\n|rule|Endless Battle Clause: Forcing endless battles is banned\n|rule|Species Clause: Limit one of each Pokémon\n|rule|OHKO Clause: OHKO moves are banned\n|rule|Evasion Items Clause: Evasion items are banned\n|rule|Evasion Moves Clause: Evasion moves are banned\n|rule|Evasion Abilities Clause: Evasion abilities are banned\n|rule|Sleep Moves Clause: Sleep-inducing moves are banned\n|clearpoke\n|poke|p1|Hawlucha, F|\n|poke|p1|Garganacl, F|\n|poke|p1|Hatterene, F|\n|poke|p1|Rillaboom, F|\n|poke|p1|Raging Bolt|\n|poke|p1|Frosmoth, F|\n|poke|p2|Alomomola, F|\n|poke|p2|Cinderace, M|\n|poke|p2|Landorus-Therian, M|\n|poke|p2|Kingambit, M|\n|poke|p2|Hatterene, F|\n|poke|p2|Raging Bolt|\n|teampreview\n|inactive|Battle timer is ON: inactive players will automatically lose when time's up. (requested by Makatuk)\n|inactive|Makatuk has 120 seconds left.\n|\n|t:|1782439758\n|teamsize|p1|6\n|teamsize|p2|6\n|start\n|switch|p1a: My Arrival Worm|Rillaboom, F|100/100\n|switch|p2a: Landorus|Landorus-Therian, M, shiny|100/100\n|-ability|p2a: Landorus|Intimidate|boost\n|-unboost|p1a: My Arrival Worm|atk|1\n|-fieldstart|move: Grassy Terrain|[from] ability: Grassy Surge|[of] p1a: My Arrival Worm\n|turn|1\n|\n|t:|1782439767\n|move|p2a: Landorus|U-turn|p1a: My Arrival Worm\n|-supereffective|p1a: My Arrival Worm\n|-damage|p1a: My Arrival Worm|47/100\n|\n|t:|1782439771\n|switch|p2a: Cinderace|Cinderace, M, shiny|100/100|[from] U-turn\n|move|p1a: My Arrival Worm|U-turn|p2a: Cinderace\n|-resisted|p2a: Cinderace\n|-damage|p2a: Cinderace|89/100\n|\n|t:|1782439773\n|switch|p1a: SEAAA SAAAAAALT!!!|Garganacl, F|100/100|[from] U-turn\n|\n|-heal|p2a: Cinderace|95/100|[from] Grassy Terrain\n|upkeep\n|turn|2\n|\n|t:|1782439782\n|move|p2a: Cinderace|U-turn|p1a: SEAAA SAAAAAALT!!!\n|-start|p2a: Cinderace|typechange|Bug|[from] ability: Libero\n|-damage|p1a: SEAAA SAAAAAALT!!!|76/100\n|\n|t:|1782439788\n|switch|p2a: Hatterene|Hatterene, F, shiny|100/100|[from] U-turn\n|move|p1a: SEAAA SAAAAAALT!!!|Salt Cure|p2a: Hatterene\n|-damage|p2a: Hatterene|90/100\n|-start|p2a: Hatterene|Salt Cure\n|\n|-heal|p1a: SEAAA SAAAAAALT!!!|83/100|[from] Grassy Terrain\n|-heal|p1a: SEAAA SAAAAAALT!!!|89/100|[from] item: Leftovers\n|-heal|p2a: Hatterene|96/100|[from] Grassy Terrain\n|-heal|p2a: Hatterene|100/100|[from] item: Leftovers\n|-damage|p2a: Hatterene|88/100|[from] Salt Cure\n|upkeep\n|turn|3\n|\n|t:|1782439802\n|move|p1a: SEAAA SAAAAAALT!!!|Salt Cure|p2a: Hatterene\n|-damage|p2a: Hatterene|76/100\n|move|p2a: Hatterene|Calm Mind|p2a: Hatterene\n|-boost|p2a: Hatterene|spa|1\n|-boost|p2a: Hatterene|spd|1\n|\n|-heal|p1a: SEAAA SAAAAAALT!!!|95/100|[from] Grassy Terrain\n|-heal|p1a: SEAAA SAAAAAALT!!!|100/100|[from] item: Leftovers\n|-heal|p2a: Hatterene|82/100|[from] Grassy Terrain\n|-heal|p2a: Hatterene|88/100|[from] item: Leftovers\n|-damage|p2a: Hatterene|76/100|[from] Salt Cure\n|upkeep\n|turn|4\n|\n|t:|1782439815\n|switch|p1a: \"Show Me\"|Frosmoth, F|100/100\n|move|p2a: Hatterene|Psychic Noise|p1a: \"Show Me\"\n|-damage|p1a: \"Show Me\"|71/100\n|-start|p1a: \"Show Me\"|move: Heal Block\n|\n|-heal|p2a: Hatterene|82/100|[from] Grassy Terrain\n|-heal|p2a: Hatterene|88/100|[from] item: Leftovers\n|-damage|p2a: Hatterene|75/100|[from] Salt Cure\n|upkeep\n|turn|5\n|\n|t:|1782439827\n|move|p1a: \"Show Me\"|Substitute|p1a: \"Show Me\"\n|-start|p1a: \"Show Me\"|Substitute\n|-damage|p1a: \"Show Me\"|46/100\n|move|p2a: Hatterene|Psyshock|p1a: \"Show Me\"\n|-end|p1a: \"Show Me\"|Substitute\n|\n|-heal|p2a: Hatterene|81/100|[from] Grassy Terrain\n|-heal|p2a: Hatterene|87/100|[from] item: Leftovers\n|-damage|p2a: Hatterene|75/100|[from] Salt Cure\n|-end|p1a: \"Show Me\"|move: Heal Block\n|-fieldend|move: Grassy Terrain\n|upkeep\n|turn|6\n|\n|t:|1782439839\n|move|p1a: \"Show Me\"|Struggle Bug|p2a: Hatterene\n|-damage|p2a: Hatterene|61/100\n|-unboost|p2a: Hatterene|spa|1\n|move|p2a: Hatterene|Psyshock|p1a: \"Show Me\"\n|-damage|p1a: \"Show Me\"|17/100\n|\n|-heal|p1a: \"Show Me\"|23/100|[from] item: Leftovers\n|-heal|p2a: Hatterene|67/100|[from] item: Leftovers\n|-damage|p2a: Hatterene|54/100|[from] Salt Cure\n|upkeep\n|turn|7\n|\n|t:|1782439850\n|move|p1a: \"Show Me\"|Struggle Bug|p2a: Hatterene\n|-damage|p2a: Hatterene|39/100\n|-unboost|p2a: Hatterene|spa|1\n|move|p2a: Hatterene|Psyshock|p1a: \"Show Me\"\n|-damage|p1a: \"Show Me\"|5/100\n|\n|-heal|p1a: \"Show Me\"|11/100|[from] item: Leftovers\n|-heal|p2a: Hatterene|45/100|[from] item: Leftovers\n|-damage|p2a: Hatterene|33/100|[from] Salt Cure\n|upkeep\n|turn|8\n|\n|t:|1782439860\n|move|p1a: \"Show Me\"|Struggle Bug|p2a: Hatterene\n|-damage|p2a: Hatterene|18/100\n|-unboost|p2a: Hatterene|spa|1\n|move|p2a: Hatterene|Psyshock|p1a: \"Show Me\"\n|-crit|p1a: \"Show Me\"\n|-damage|p1a: \"Show Me\"|0 fnt\n|faint|p1a: \"Show Me\"\n|\n|-heal|p2a: Hatterene|24/100|[from] item: Leftovers\n|-damage|p2a: Hatterene|12/100|[from] Salt Cure\n|upkeep\n|\n|t:|1782439871\n|switch|p1a: My Arrival Worm|Rillaboom, F|47/100\n|-fieldstart|move: Grassy Terrain|[from] ability: Grassy Surge|[of] p1a: My Arrival Worm\n|turn|9\n|\n|t:|1782439876\n|switch|p2a: Landorus|Landorus-Therian, M, shiny|100/100\n|-ability|p2a: Landorus|Intimidate|boost\n|-unboost|p1a: My Arrival Worm|atk|1\n|move|p1a: My Arrival Worm|Wood Hammer|p2a: Landorus\n|-damage|p2a: Landorus|34/100\n|-damage|p1a: My Arrival Worm|31/100|[from] item: Rocky Helmet|[of] p2a: Landorus\n|-damage|p1a: My Arrival Worm|13/100|[from] Recoil\n|\n|-heal|p1a: My Arrival Worm|19/100|[from] Grassy Terrain\n|upkeep\n|turn|10\n|\n|t:|1782439888\n|move|p1a: My Arrival Worm|Grassy Glide|p2a: Landorus\n|-damage|p2a: Landorus|5/100\n|-damage|p1a: My Arrival Worm|3/100|[from] item: Rocky Helmet|[of] p2a: Landorus\n|move|p2a: Landorus|U-turn|p1a: My Arrival Worm\n|-supereffective|p1a: My Arrival Worm\n|-damage|p1a: My Arrival Worm|0 fnt\n|faint|p1a: My Arrival Worm\n|\n|t:|1782439896\n|switch|p2a: Hatterene|Hatterene, F, shiny|12/100|[from] U-turn\n|\n|-heal|p2a: Hatterene|18/100|[from] Grassy Terrain\n|-heal|p2a: Hatterene|24/100|[from] item: Leftovers\n|upkeep\n|\n|t:|1782439901\n|switch|p1a: Free to be Bees|Raging Bolt|100/100\n|-enditem|p1a: Free to be Bees|Booster Energy\n|-activate|p1a: Free to be Bees|ability: Protosynthesis|[fromitem]\n|-start|p1a: Free to be Bees|protosynthesisspa\n|turn|11\n|\n|t:|1782439907\n|move|p1a: Free to be Bees|Thunderbolt|p2a: Hatterene\n|-damage|p2a: Hatterene|0 fnt\n|faint|p2a: Hatterene\n|\n|upkeep\n|\n|t:|1782439913\n|switch|p2a: Landorus|Landorus-Therian, M, shiny|5/100\n|-ability|p2a: Landorus|Intimidate|boost\n|-unboost|p1a: Free to be Bees|atk|1\n|turn|12\n|\n|t:|1782439919\n|move|p2a: Landorus|Earthquake|p1a: Free to be Bees\n|-supereffective|p1a: Free to be Bees\n|-damage|p1a: Free to be Bees|52/100\n|move|p1a: Free to be Bees|Draco Meteor|p2a: Landorus\n|-damage|p2a: Landorus|0 fnt\n|-unboost|p1a: Free to be Bees|spa|2\n|faint|p2a: Landorus\n|\n|-heal|p1a: Free to be Bees|59/100|[from] Grassy Terrain\n|upkeep\n|\n|t:|1782439931\n|switch|p2a: Kingambit|Kingambit, M, shiny|100/100\n|-activate|p2a: Kingambit|ability: Supreme Overlord\n|-start|p2a: Kingambit|fallen2|[silent]\n|turn|13\n|\n|t:|1782439937\n|-end|p1a: Free to be Bees|Protosynthesis|[silent]\n|switch|p1a: I Made a Steak|Hawlucha, F|100/100\n|-ability|p1a: I Made a Steak|Mold Breaker\n|move|p2a: Kingambit|Swords Dance|p2a: Kingambit\n|-boost|p2a: Kingambit|atk|2\n|\n|-fieldend|move: Grassy Terrain\n|upkeep\n|turn|14\n|\n|t:|1782439950\n|-terastallize|p2a: Kingambit|Flying\n|move|p1a: I Made a Steak|Encore|p2a: Kingambit\n|-start|p2a: Kingambit|Encore\n|move|p2a: Kingambit|Swords Dance|p2a: Kingambit\n|-boost|p2a: Kingambit|atk|2\n|\n|upkeep\n|turn|15\n|\n|t:|1782439958\n|switch|p1a: Free to be Bees|Raging Bolt|59/100\n|-end|p2a: Kingambit|fallen2|[silent]\n|switch|p2a: Raging Bolt|Raging Bolt|100/100\n|-enditem|p2a: Raging Bolt|Booster Energy\n|-activate|p2a: Raging Bolt|ability: Protosynthesis|[fromitem]\n|-start|p2a: Raging Bolt|protosynthesisspa\n|\n|upkeep\n|turn|16\n|\n|t:|1782439966\n|move|p2a: Raging Bolt|Dragon Pulse|p1a: Free to be Bees\n|-supereffective|p1a: Free to be Bees\n|-damage|p1a: Free to be Bees|0 fnt\n|faint|p1a: Free to be Bees\n|-end|p1a: Free to be Bees|Protosynthesis|[silent]\n|\n|upkeep\n|\n|t:|1782439976\n|switch|p1a: Are You Sure?|Hatterene, F|100/100\n|turn|17\n|\n|t:|1782439980\n|move|p2a: Raging Bolt|Thunderbolt|p1a: Are You Sure?\n|-damage|p1a: Are You Sure?|6/100\n|move|p1a: Are You Sure?|Draining Kiss|p2a: Raging Bolt\n|-supereffective|p2a: Raging Bolt\n|-damage|p2a: Raging Bolt|61/100\n|-heal|p1a: Are You Sure?|57/100|[from] drain|[of] p2a: Raging Bolt\n|\n|upkeep\n|turn|18\n|\n|t:|1782439988\n|move|p2a: Raging Bolt|Thunderbolt|p1a: Are You Sure?\n|-damage|p1a: Are You Sure?|0 fnt\n|faint|p1a: Are You Sure?\n|\n|upkeep\n|\n|t:|1782439990\n|switch|p1a: SEAAA SAAAAAALT!!!|Garganacl, F|100/100\n|turn|19\n|\n|t:|1782439995\n|move|p2a: Raging Bolt|Thunderbolt|p1a: SEAAA SAAAAAALT!!!\n|-damage|p1a: SEAAA SAAAAAALT!!!|57/100\n|move|p1a: SEAAA SAAAAAALT!!!|Salt Cure|p2a: Raging Bolt\n|-damage|p2a: Raging Bolt|49/100\n|-start|p2a: Raging Bolt|Salt Cure\n|\n|-heal|p1a: SEAAA SAAAAAALT!!!|63/100|[from] item: Leftovers\n|-damage|p2a: Raging Bolt|37/100|[from] Salt Cure\n|upkeep\n|turn|20\n|\n|t:|1782440006\n|move|p1a: SEAAA SAAAAAALT!!!|Protect|p1a: SEAAA SAAAAAALT!!!\n|-singleturn|p1a: SEAAA SAAAAAALT!!!|Protect\n|move|p2a: Raging Bolt|Calm Mind|p2a: Raging Bolt\n|-boost|p2a: Raging Bolt|spa|1\n|-boost|p2a: Raging Bolt|spd|1\n|\n|-heal|p1a: SEAAA SAAAAAALT!!!|69/100|[from] item: Leftovers\n|-damage|p2a: Raging Bolt|24/100|[from] Salt Cure\n|upkeep\n|turn|21\n|\n|t:|1782440015\n|switch|p1a: I Made a Steak|Hawlucha, F|100/100\n|-ability|p1a: I Made a Steak|Mold Breaker\n|move|p2a: Raging Bolt|Thunderbolt|p1a: I Made a Steak\n|-supereffective|p1a: I Made a Steak\n|-damage|p1a: I Made a Steak|0 fnt\n|faint|p1a: I Made a Steak\n|\n|-damage|p2a: Raging Bolt|12/100|[from] Salt Cure\n|upkeep\n|\n|t:|1782440021\n|switch|p1a: SEAAA SAAAAAALT!!!|Garganacl, F|69/100\n|turn|22\n|\n|t:|1782440030\n|-end|p2a: Raging Bolt|Protosynthesis|[silent]\n|switch|p2a: Alomomola|Alomomola, F, shiny|100/100\n|move|p1a: SEAAA SAAAAAALT!!!|Protect||[still]\n|-fail|p1a: SEAAA SAAAAAALT!!!\n|\n|-heal|p1a: SEAAA SAAAAAALT!!!|75/100|[from] item: Leftovers\n|upkeep\n|turn|23\n|\n|t:|1782440038\n|move|p2a: Alomomola|Wish|p2a: Alomomola\n|move|p1a: SEAAA SAAAAAALT!!!|Iron Defense|p1a: SEAAA SAAAAAALT!!!\n|-boost|p1a: SEAAA SAAAAAALT!!!|def|2\n|\n|-heal|p1a: SEAAA SAAAAAALT!!!|81/100|[from] item: Leftovers\n|upkeep\n|turn|24\n|\n|t:|1782440059\n|switch|p2a: Kingambit|Kingambit, M, shiny, tera:Flying|100/100\n|-activate|p2a: Kingambit|ability: Supreme Overlord\n|-start|p2a: Kingambit|fallen2|[silent]\n|move|p1a: SEAAA SAAAAAALT!!!|Iron Defense|p1a: SEAAA SAAAAAALT!!!\n|-boost|p1a: SEAAA SAAAAAALT!!!|def|2\n|\n|-heal|p1a: SEAAA SAAAAAALT!!!|88/100|[from] item: Leftovers\n|upkeep\n|turn|25\n|\n|t:|1782440068\n|move|p2a: Kingambit|Swords Dance|p2a: Kingambit\n|-boost|p2a: Kingambit|atk|2\n|move|p1a: SEAAA SAAAAAALT!!!|Salt Cure|p2a: Kingambit\n|-supereffective|p2a: Kingambit\n|-damage|p2a: Kingambit|81/100\n|-start|p2a: Kingambit|Salt Cure\n|\n|-heal|p2a: Kingambit|87/100|[from] item: Leftovers\n|-heal|p1a: SEAAA SAAAAAALT!!!|94/100|[from] item: Leftovers\n|-damage|p2a: Kingambit|75/100|[from] Salt Cure\n|upkeep\n|turn|26\n|\n|t:|1782440079\n|move|p2a: Kingambit|Iron Head|p1a: SEAAA SAAAAAALT!!!\n|-supereffective|p1a: SEAAA SAAAAAALT!!!\n|-damage|p1a: SEAAA SAAAAAALT!!!|45/100\n|move|p1a: SEAAA SAAAAAALT!!!|Iron Defense|p1a: SEAAA SAAAAAALT!!!\n|-boost|p1a: SEAAA SAAAAAALT!!!|def|2\n|\n|-heal|p2a: Kingambit|81/100|[from] item: Leftovers\n|-heal|p1a: SEAAA SAAAAAALT!!!|51/100|[from] item: Leftovers\n|-damage|p2a: Kingambit|69/100|[from] Salt Cure\n|upkeep\n|turn|27\n|\n|t:|1782440088\n|move|p2a: Kingambit|Swords Dance|p2a: Kingambit\n|-boost|p2a: Kingambit|atk|2\n|move|p1a: SEAAA SAAAAAALT!!!|Recover|p1a: SEAAA SAAAAAALT!!!\n|-heal|p1a: SEAAA SAAAAAALT!!!|100/100\n|\n|-heal|p2a: Kingambit|75/100|[from] item: Leftovers\n|-damage|p2a: Kingambit|63/100|[from] Salt Cure\n|upkeep\n|turn|28\n|\n|t:|1782440098\n|move|p2a: Kingambit|Iron Head|p1a: SEAAA SAAAAAALT!!!\n|-supereffective|p1a: SEAAA SAAAAAALT!!!\n|-damage|p1a: SEAAA SAAAAAALT!!!|38/100\n|cant|p1a: SEAAA SAAAAAALT!!!|flinch\n|\n|-heal|p2a: Kingambit|69/100|[from] item: Leftovers\n|-heal|p1a: SEAAA SAAAAAALT!!!|44/100|[from] item: Leftovers\n|-damage|p2a: Kingambit|56/100|[from] Salt Cure\n|upkeep\n|turn|29\n|\n|t:|1782440107\n|-terastallize|p1a: SEAAA SAAAAAALT!!!|Ghost\n|move|p2a: Kingambit|Iron Head|p1a: SEAAA SAAAAAALT!!!\n|-damage|p1a: SEAAA SAAAAAALT!!!|13/100\n|cant|p1a: SEAAA SAAAAAALT!!!|flinch\n|\n|-heal|p2a: Kingambit|63/100|[from] item: Leftovers\n|-heal|p1a: SEAAA SAAAAAALT!!!|19/100|[from] item: Leftovers\n|-damage|p2a: Kingambit|50/100|[from] Salt Cure\n|upkeep\n|turn|30\n|-message|Makatuk forfeited.\n|\n|win|Alvarosam\n|raw|Makatuk's rating: 1489 &rarr; <strong>1472</strong><br />(-17 for losing)\n|raw|Alvarosam's rating: 1550 &rarr; <strong>1567</strong><br />(+17 for winning)\n|l|☆Makatuk\n|player|p1|\n|l|☆Alvarosam\n|player|p2|\n", "uploadtime": 1782440442, "views": 7, "formatid": "gen9ou", "rating": 1472, "private": 0, "password": null}