{"id": "gen9ou-2639910509", "format": "[Gen 9] OU", "players": ["Ctannn", "Miurez"], "log": "|badge|p2|bronze|gen9ou|100-9\n|html|<div class=\"broadcast-red\"><strong>This battle is required to be public due to one or more player having a season medal.</strong><br />During the public phase, you can discuss the state of the ladder <a href=\"/seasondiscussion\">in a special chatroom.</a></div>\n|uhtml|medal-msg|<div class=\"broadcast-blue\">Curious what those medals under the avatar are? PS now has Ladder Seasons! For more information, check out the <a href=\"https://www.smogon.com/forums/threads/3740067/\">thread on Smogon.</a></div>\n|j|☆Ctannn\n|j|☆Miurez\n|t:|1782541463\n|gametype|singles\n|player|p1|Ctannn|266|1804\n|player|p2|Miurez|pokemonranger-gen4|1828\n|gen|9\n|tier|[Gen 9] OU\n|rated|\n|rule|HP Percentage Mod: HP is shown in percentages\n|rule|Endless Battle Clause: Forcing endless battles is banned\n|rule|Species Clause: Limit one of each Pokémon\n|rule|OHKO Clause: OHKO moves are banned\n|rule|Evasion Items Clause: Evasion items are banned\n|rule|Evasion Moves Clause: Evasion moves are banned\n|rule|Evasion Abilities Clause: Evasion abilities are banned\n|rule|Sleep Moves Clause: Sleep-inducing moves are banned\n|clearpoke\n|poke|p1|Rillaboom, M|\n|poke|p1|Garganacl, F|\n|poke|p1|Cinderace, M|\n|poke|p1|Raging Bolt|\n|poke|p1|Slowking-Galar, M|\n|poke|p1|Landorus-Therian, M|\n|poke|p2|Scizor, F|\n|poke|p2|Tornadus-Therian, M|\n|poke|p2|Glimmora, F|\n|poke|p2|Great Tusk|\n|poke|p2|Kingambit, M|\n|poke|p2|Sinistcha|\n|teampreview\n|inactive|Battle timer is ON: inactive players will automatically lose when time's up. (requested by Ctannn)\n|\n|t:|1782541488\n|teamsize|p1|6\n|teamsize|p2|6\n|start\n|switch|p1a: Slowking|Slowking-Galar, M|100/100\n|switch|p2a: Tornadus|Tornadus-Therian, M|100/100\n|turn|1\n|\n|t:|1782541502\n|move|p2a: Tornadus|Knock Off|p1a: Slowking\n|-supereffective|p1a: Slowking\n|-damage|p1a: Slowking|73/100\n|-damage|p2a: Tornadus|84/100|[from] item: Rocky Helmet|[of] p1a: Slowking\n|-enditem|p1a: Slowking|Rocky Helmet|[from] move: Knock Off|[of] p2a: Tornadus\n|move|p1a: Slowking|Future Sight|p2a: Tornadus\n|-start|p1a: Slowking|move: Future Sight\n|\n|upkeep\n|turn|2\n|\n|t:|1782541508\n|move|p2a: Tornadus|Bleakwind Storm|p1a: Slowking\n|-damage|p1a: Slowking|45/100\n|-unboost|p1a: Slowking|spe|1\n|-prepare|p1a: Slowking|Chilly Reception|[premajor]\n|move|p1a: Slowking|Chilly Reception|p1a: Slowking\n|-weather|Snowscape\n|j| Disscratch\n|\n|t:|1782541511\n|switch|p1a: Raging Bolt|Raging Bolt|100/100|[from] Chilly Reception\n|\n|-weather|Snowscape|[upkeep]\n|upkeep\n|turn|3\n|\n|t:|1782541518\n|move|p2a: Tornadus|U-turn|p1a: Raging Bolt\n|-damage|p1a: Raging Bolt|87/100\n|\n|t:|1782541520\n|switch|p2a: Kingambit|Kingambit, M|100/100|[from] U-turn\n|move|p1a: Raging Bolt|Thunderbolt|p2a: Kingambit\n|-damage|p2a: Kingambit|45/100\n|\n|-weather|Snowscape|[upkeep]\n|-end|p2a: Kingambit|move: Future Sight\n|-immune|p2a: Kingambit\n|-heal|p2a: Kingambit|52/100|[from] item: Leftovers\n|upkeep\n|turn|4\n|\n|t:|1782541531\n|move|p2a: Kingambit|Sucker Punch|p1a: Raging Bolt\n|-crit|p1a: Raging Bolt\n|-damage|p1a: Raging Bolt|30/100\n|move|p1a: Raging Bolt|Volt Switch|p2a: Kingambit\n|-damage|p2a: Kingambit|9/100\n|\n|t:|1782541537\n|-end|p1a: Raging Bolt|Protosynthesis|[silent]\n|switch|p1a: Landorus|Landorus-Therian, M|100/100|[from] Volt Switch\n|-ability|p1a: Landorus|Intimidate|boost\n|-unboost|p2a: Kingambit|atk|1\n|\n|-weather|Snowscape|[upkeep]\n|-heal|p2a: Kingambit|15/100|[from] item: Leftovers\n|upkeep\n|turn|5\n|\n|t:|1782541544\n|-end|p2a: Kingambit|fallenundefined|[silent]\n|switch|p2a: Tornadus|Tornadus-Therian, M|100/100\n|move|p1a: Landorus|U-turn|p2a: Tornadus\n|-resisted|p2a: Tornadus\n|-damage|p2a: Tornadus|88/100\n|\n|t:|1782541546\n|switch|p1a: Raging Bolt|Raging Bolt|30/100|[from] U-turn\n|\n|-weather|Snowscape|[upkeep]\n|upkeep\n|turn|6\n|\n|t:|1782541550\n|move|p1a: Raging Bolt|Thunderclap|p2a: Tornadus\n|-supereffective|p2a: Tornadus\n|-damage|p2a: Tornadus|34/100\n|move|p2a: Tornadus|Knock Off|p1a: Raging Bolt\n|-damage|p1a: Raging Bolt|12/100\n|-enditem|p1a: Raging Bolt|Heavy-Duty Boots|[from] move: Knock Off|[of] p2a: Tornadus\n|\n|-weather|none\n|upkeep\n|turn|7\n|j| Kathryne Keyron\n|\n|t:|1782541567\n|switch|p2a: Scizor|Scizor, F|100/100\n|move|p1a: Raging Bolt|Thunderclap||[still]\n|-fail|p1a: Raging Bolt\n|\n|upkeep\n|turn|8\n|\n|t:|1782541573\n|-end|p1a: Raging Bolt|Protosynthesis|[silent]\n|switch|p1a: Landorus|Landorus-Therian, M|100/100\n|-ability|p1a: Landorus|Intimidate|boost\n|-unboost|p2a: Scizor|atk|1\n|move|p2a: Scizor|Bullet Punch|p1a: Landorus\n|-damage|p1a: Landorus|77/100\n|-damage|p2a: Scizor|84/100|[from] item: Rocky Helmet|[of] p1a: Landorus\n|\n|upkeep\n|turn|9\n|\n|t:|1782541578\n|switch|p2a: Tornadus|Tornadus-Therian, M|68/100\n|move|p1a: Landorus|Stealth Rock|p2a: Tornadus\n|-sidestart|p2: Miurez|move: Stealth Rock\n|\n|upkeep\n|turn|10\n|\n|t:|1782541582\n|switch|p2a: Glimmora|Glimmora, F|100/100\n|-damage|p2a: Glimmora|88/100|[from] Stealth Rock\n|move|p1a: Landorus|U-turn|p2a: Glimmora\n|-resisted|p2a: Glimmora\n|-damage|p2a: Glimmora|78/100\n|-activate|p2a: Glimmora|ability: Toxic Debris\n|-sidestart|p1: Ctannn|move: Toxic Spikes\n|-enditem|p2a: Glimmora|Red Card|[of] p1a: Landorus\n|drag|p1a: Raging Bolt|Raging Bolt|12/100\n|-status|p1a: Raging Bolt|psn\n|\n|-damage|p1a: Raging Bolt|0 fnt|[from] psn\n|faint|p1a: Raging Bolt\n|-end|p1a: Raging Bolt|Protosynthesis|[silent]\n|upkeep\n|\n|t:|1782541595\n|switch|p1a: Slowking|Slowking-Galar, M|78/100\n|-sideend|p1: Ctannn|move: Toxic Spikes|[of] p1a: Slowking\n|turn|11\n|\n|t:|1782541598\n|move|p2a: Glimmora|Mortal Spin|p1a: Slowking\n|-resisted|p1a: Slowking\n|-damage|p1a: Slowking|76/100\n|-sideend|p2: Miurez|Stealth Rock|[from] move: Mortal Spin|[of] p2a: Glimmora\n|move|p1a: Slowking|Psychic|p2a: Glimmora\n|-supereffective|p2a: Glimmora\n|-damage|p2a: Glimmora|2/100\n|\n|upkeep\n|turn|12\n|\n|t:|1782541607\n|move|p2a: Glimmora|Power Gem|p1a: Slowking\n|-damage|p1a: Slowking|43/100\n|move|p1a: Slowking|Future Sight|p2a: Glimmora\n|-start|p1a: Slowking|move: Future Sight\n|\n|upkeep\n|turn|13\n|\n|t:|1782541613\n|move|p2a: Glimmora|Power Gem|p1a: Slowking\n|-damage|p1a: Slowking|12/100\n|move|p1a: Slowking|Flamethrower|p2a: Glimmora\n|-resisted|p2a: Glimmora\n|-damage|p2a: Glimmora|0 fnt\n|faint|p2a: Glimmora\n|\n|upkeep\n|\n|t:|1782541624\n|switch|p2a: Scizor|Scizor, F|84/100\n|turn|14\n|\n|t:|1782541633\n|switch|p1a: Landorus|Landorus-Therian, M|77/100\n|-ability|p1a: Landorus|Intimidate|boost\n|-unboost|p2a: Scizor|atk|1\n|move|p2a: Scizor|U-turn|p1a: Landorus\n|-resisted|p1a: Landorus\n|-damage|p1a: Landorus|63/100\n|-damage|p2a: Scizor|68/100|[from] item: Rocky Helmet|[of] p1a: Landorus\n|\n|t:|1782541639\n|switch|p2a: Kingambit|Kingambit, M|15/100|[from] U-turn\n|-activate|p2a: Kingambit|ability: Supreme Overlord\n|-start|p2a: Kingambit|fallen1|[silent]\n|\n|-end|p2a: Kingambit|move: Future Sight\n|-immune|p2a: Kingambit\n|-heal|p2a: Kingambit|22/100|[from] item: Leftovers\n|upkeep\n|turn|15\n|\n|t:|1782541647\n|move|p1a: Landorus|Stealth Rock|p2a: Kingambit\n|-sidestart|p2: Miurez|move: Stealth Rock\n|move|p2a: Kingambit|Swords Dance|p2a: Kingambit\n|-boost|p2a: Kingambit|atk|2\n|\n|-heal|p2a: Kingambit|28/100|[from] item: Leftovers\n|upkeep\n|turn|16\n|\n|t:|1782541658\n|move|p2a: Kingambit|Sucker Punch|p1a: Landorus\n|-damage|p1a: Landorus|0 fnt\n|-damage|p2a: Kingambit|11/100|[from] item: Rocky Helmet|[of] p1a: Landorus\n|faint|p1a: Landorus\n|\n|-heal|p2a: Kingambit|17/100|[from] item: Leftovers\n|upkeep\n|\n|t:|1782541661\n|switch|p1a: Rillaboom|Rillaboom, M|100/100\n|-fieldstart|move: Grassy Terrain|[from] ability: Grassy Surge|[of] p1a: Rillaboom\n|turn|17\n|\n|t:|1782541664\n|move|p1a: Rillaboom|Swords Dance|p1a: Rillaboom\n|-boost|p1a: Rillaboom|atk|2\n|move|p2a: Kingambit|Iron Head|p1a: Rillaboom\n|-damage|p1a: Rillaboom|0 fnt\n|faint|p1a: Rillaboom\n|\n|-heal|p2a: Kingambit|24/100|[from] Grassy Terrain\n|-heal|p2a: Kingambit|30/100|[from] item: Leftovers\n|upkeep\n|-message|Ctannn forfeited.\n|\n|win|Miurez\n|raw|Ctannn's rating: 1804 &rarr; <strong>1785</strong><br />(-19 for losing)\n|raw|Miurez's rating: 1828 &rarr; <strong>1847</strong><br />(+19 for winning)\n|l|☆Ctannn\n|player|p1|\n|l| Disscratch\n|l|☆Miurez\n|player|p2|\n|j| Garden of Dreams\n", "uploadtime": 1782541858, "views": 6, "formatid": "gen9ou", "rating": 1785, "private": 0, "password": null}