{"id": "gen9ou-2540420430", "format": "[Gen 9] OU", "players": ["VaporeonUser", "jibreel69"], "log": "|j|☆VaporeonUser\n|j|☆jibreel69\n|t:|1771199848\n|gametype|singles\n|player|p1|VaporeonUser|volkner|1574\n|player|p2|jibreel69|benga|1605\n|gen|9\n|tier|[Gen 9] OU\n|rated|\n|rule|HP Percentage Mod: HP is shown in percentages\n|rule|Endless Battle Clause: Forcing endless battles is banned\n|rule|Species Clause: Limit one of each Pokémon\n|rule|OHKO Clause: OHKO moves are banned\n|rule|Evasion Items Clause: Evasion items are banned\n|rule|Evasion Moves Clause: Evasion moves are banned\n|rule|Evasion Abilities Clause: Evasion abilities are banned\n|rule|Sleep Moves Clause: Sleep-inducing moves are banned\n|clearpoke\n|poke|p1|Torkoal, F|\n|poke|p1|Scovillain, M|\n|poke|p1|Walking Wake|\n|poke|p1|Hatterene, F|\n|poke|p1|Great Tusk|\n|poke|p1|Ceruledge, M|\n|poke|p2|Dragapult, F|\n|poke|p2|Rotom-Wash|\n|poke|p2|Iron Moth|\n|poke|p2|Hatterene, F|\n|poke|p2|Great Tusk|\n|poke|p2|Kingambit, F|\n|teampreview\n|j| Nikator98\n|\n|t:|1771199859\n|teamsize|p1|6\n|teamsize|p2|6\n|start\n|switch|p1a: Walking Wake|Walking Wake|100/100\n|switch|p2a: Great Tusk|Great Tusk|100/100\n|turn|1\n|\n|t:|1771199865\n|-end|p2a: Great Tusk|Protosynthesis|[silent]\n|switch|p2a: Hatterene|Hatterene, F|100/100\n|move|p1a: Walking Wake|Draco Meteor|p2a: Hatterene\n|-immune|p2a: Hatterene\n|\n|upkeep\n|turn|2\n|\n|t:|1771199871\n|-end|p1a: Walking Wake|Protosynthesis|[silent]\n|switch|p1a: Torkoal|Torkoal, F|100/100\n|-weather|SunnyDay|[from] ability: Drought|[of] p1a: Torkoal\n|move|p2a: Hatterene|Nuzzle|p1a: Torkoal\n|-damage|p1a: Torkoal|97/100\n|-status|p1a: Torkoal|par\n|\n|-weather|SunnyDay|[upkeep]\n|upkeep\n|turn|3\n|\n|t:|1771199886\n|move|p2a: Hatterene|Nuzzle|p1a: Torkoal\n|-damage|p1a: Torkoal|94/100 par\n|move|p1a: Torkoal|Flamethrower|p2a: Hatterene\n|-damage|p2a: Hatterene|60/100\n|\n|-weather|SunnyDay|[upkeep]\n|upkeep\n|turn|4\n|\n|t:|1771199903\n|switch|p1a: Don|Great Tusk, shiny|100/100\n|-activate|p1a: Don|ability: Protosynthesis\n|-start|p1a: Don|protosynthesisatk\n|move|p2a: Hatterene|Psychic Noise|p1a: Don\n|-supereffective|p1a: Don\n|-damage|p1a: Don|0 fnt\n|faint|p1a: Don\n|-end|p1a: Don|Protosynthesis|[silent]\n|\n|-weather|SunnyDay|[upkeep]\n|upkeep\n|\n|t:|1771199906\n|switch|p1a: Scovillain|Scovillain, M|100/100\n|turn|5\n|\n|t:|1771199918\n|-terastallize|p1a: Scovillain|Ground\n|move|p1a: Scovillain|Growth|p1a: Scovillain\n|-boost|p1a: Scovillain|atk|2\n|-boost|p1a: Scovillain|spa|2\n|move|p2a: Hatterene|Nuzzle|p1a: Scovillain\n|-immune|p1a: Scovillain\n|\n|-weather|SunnyDay|[upkeep]\n|upkeep\n|turn|6\n|\n|t:|1771199924\n|move|p1a: Scovillain|Giga Drain|p2a: Hatterene\n|-damage|p2a: Hatterene|0 fnt\n|faint|p2a: Hatterene\n|-damage|p1a: Scovillain|91/100|[from] item: Life Orb\n|\n|-weather|SunnyDay|[upkeep]\n|upkeep\n|\n|t:|1771199936\n|switch|p2a: Iron Moth|Iron Moth|100/100\n|turn|7\n|\n|t:|1771199941\n|-end|p2a: Iron Moth|Quark Drive|[silent]\n|switch|p2a: Rotom|Rotom-Wash, shiny|100/100\n|move|p1a: Scovillain|Tera Blast|p2a: Rotom|[anim] Tera Blast Ground\n|-immune|p2a: Rotom|[from] ability: Levitate\n|\n|-weather|SunnyDay|[upkeep]\n|upkeep\n|turn|8\n|inactive|Battle timer is ON: inactive players will automatically lose when time's up. (requested by VaporeonUser)\n|\n|t:|1771199968\n|-terastallize|p2a: Rotom|Poison\n|move|p1a: Scovillain|Giga Drain|p2a: Rotom\n|-resisted|p2a: Rotom\n|-damage|p2a: Rotom|54/100\n|-heal|p1a: Scovillain|100/100|[from] drain|[of] p2a: Rotom\n|-damage|p1a: Scovillain|91/100|[from] item: Life Orb\n|move|p2a: Rotom|Hydro Pump|p1a: Scovillain\n|-supereffective|p1a: Scovillain\n|-crit|p1a: Scovillain\n|-damage|p1a: Scovillain|0 fnt\n|faint|p1a: Scovillain\n|\n|-weather|SunnyDay|[upkeep]\n|-heal|p2a: Rotom|60/100|[from] item: Leftovers\n|upkeep\n|\n|t:|1771199979\n|switch|p1a: Ceruledge|Ceruledge, M|100/100\n|turn|9\n|\n|t:|1771199984\n|move|p1a: Ceruledge|Bitter Blade|p2a: Rotom\n|-damage|p2a: Rotom|0 fnt\n|faint|p2a: Rotom\n|\n|-weather|none\n|upkeep\n|\n|t:|1771199997\n|switch|p2a: Dragapult|Dragapult, F|100/100\n|turn|10\n|\n|t:|1771200004\n|switch|p1a: Torkoal|Torkoal, F|94/100 par\n|-weather|SunnyDay|[from] ability: Drought|[of] p1a: Torkoal\n|move|p2a: Dragapult|U-turn|p1a: Torkoal\n|-resisted|p1a: Torkoal\n|-damage|p1a: Torkoal|78/100 par\n|\n|t:|1771200020\n|switch|p2a: Great Tusk|Great Tusk|100/100|[from] U-turn\n|-activate|p2a: Great Tusk|ability: Protosynthesis\n|-start|p2a: Great Tusk|protosynthesisatk\n|\n|-weather|SunnyDay|[upkeep]\n|upkeep\n|turn|11\n|\n|t:|1771200027\n|switch|p1a: Hatterene|Hatterene, F, shiny|100/100\n|move|p2a: Great Tusk|Rapid Spin|p1a: Hatterene\n|-damage|p1a: Hatterene|78/100\n|-boost|p2a: Great Tusk|spe|1\n|-enditem|p1a: Hatterene|Eject Button\n|\n|t:|1771200040\n|switch|p1a: Walking Wake|Walking Wake|100/100\n|-activate|p1a: Walking Wake|ability: Protosynthesis\n|-start|p1a: Walking Wake|protosynthesisspa\n|\n|-weather|SunnyDay|[upkeep]\n|upkeep\n|turn|12\n|\n|t:|1771200053\n|move|p1a: Walking Wake|Hydro Steam|p2a: Great Tusk\n|-supereffective|p2a: Great Tusk\n|-damage|p2a: Great Tusk|0 fnt\n|faint|p2a: Great Tusk\n|-end|p2a: Great Tusk|Protosynthesis|[silent]\n|\n|-weather|SunnyDay|[upkeep]\n|upkeep\n|\n|t:|1771200061\n|switch|p2a: Dragapult|Dragapult, F|100/100\n|turn|13\n|\n|t:|1771200068\n|-end|p1a: Walking Wake|Protosynthesis|[silent]\n|switch|p1a: Hatterene|Hatterene, F, shiny|78/100\n|move|p2a: Dragapult|U-turn|p1a: Hatterene\n|-damage|p1a: Hatterene|46/100\n|\n|t:|1771200080\n|switch|p2a: Kingambit|Kingambit, F, shiny|100/100|[from] U-turn\n|-activate|p2a: Kingambit|ability: Supreme Overlord\n|-start|p2a: Kingambit|fallen3|[silent]\n|\n|-weather|SunnyDay|[upkeep]\n|upkeep\n|turn|14\n|\n|t:|1771200085\n|move|p2a: Kingambit|Swords Dance|p2a: Kingambit\n|-boost|p2a: Kingambit|atk|2\n|move|p1a: Hatterene|Mystical Fire|p2a: Kingambit\n|-supereffective|p2a: Kingambit\n|-damage|p2a: Kingambit|38/100\n|-unboost|p2a: Kingambit|spa|1\n|\n|-weather|SunnyDay|[upkeep]\n|-heal|p2a: Kingambit|45/100|[from] item: Leftovers\n|upkeep\n|turn|15\n|\n|t:|1771200094\n|move|p2a: Kingambit|Kowtow Cleave|p1a: Hatterene\n|-damage|p1a: Hatterene|0 fnt\n|faint|p1a: Hatterene\n|\n|-weather|SunnyDay|[upkeep]\n|-heal|p2a: Kingambit|51/100|[from] item: Leftovers\n|upkeep\n|\n|t:|1771200101\n|switch|p1a: Ceruledge|Ceruledge, M|100/100\n|turn|16\n|\n|t:|1771200105\n|move|p1a: Ceruledge|Bitter Blade|p2a: Kingambit\n|-supereffective|p2a: Kingambit\n|-damage|p2a: Kingambit|0 fnt\n|faint|p2a: Kingambit\n|-end|p2a: Kingambit|fallen3|[silent]\n|\n|-weather|SunnyDay|[upkeep]\n|upkeep\n|\n|t:|1771200112\n|switch|p2a: Dragapult|Dragapult, F|100/100\n|turn|17\n|\n|t:|1771200135\n|move|p2a: Dragapult|Dragon Darts|p1a: Ceruledge\n|-damage|p1a: Ceruledge|46/100\n|-ability|p1a: Ceruledge|Weak Armor|boost\n|-unboost|p1a: Ceruledge|def|1\n|-boost|p1a: Ceruledge|spe|2\n|-anim|p2a: Dragapult|Dragon Darts|p1a: Ceruledge\n|-damage|p1a: Ceruledge|0 fnt\n|faint|p1a: Ceruledge\n|\n|-weather|none\n|upkeep\n|\n|t:|1771200141\n|switch|p1a: Torkoal|Torkoal, F|78/100 par\n|-weather|SunnyDay|[from] ability: Drought|[of] p1a: Torkoal\n|turn|18\n|\n|t:|1771200153\n|move|p2a: Dragapult|Dragon Darts|p1a: Torkoal\n|-damage|p1a: Torkoal|49/100 par\n|-anim|p2a: Dragapult|Dragon Darts|p1a: Torkoal\n|-damage|p1a: Torkoal|15/100 par\n|move|p1a: Torkoal|Flamethrower|p2a: Dragapult\n|-resisted|p2a: Dragapult\n|-damage|p2a: Dragapult|59/100\n|\n|-weather|SunnyDay|[upkeep]\n|upkeep\n|turn|19\n|\n|t:|1771200159\n|move|p2a: Dragapult|Dragon Darts|p1a: Torkoal\n|-damage|p1a: Torkoal|0 fnt\n|faint|p1a: Torkoal\n|\n|-weather|SunnyDay|[upkeep]\n|upkeep\n|\n|t:|1771200161\n|switch|p1a: Walking Wake|Walking Wake|100/100\n|-activate|p1a: Walking Wake|ability: Protosynthesis\n|-start|p1a: Walking Wake|protosynthesisspa\n|turn|20\n|\n|t:|1771200165\n|move|p1a: Walking Wake|Hydro Steam|p2a: Dragapult\n|-resisted|p2a: Dragapult\n|-damage|p2a: Dragapult|0 fnt\n|faint|p2a: Dragapult\n|\n|-weather|SunnyDay|[upkeep]\n|upkeep\n|\n|t:|1771200169\n|switch|p2a: Iron Moth|Iron Moth|100/100\n|turn|21\n|\n|t:|1771200174\n|move|p1a: Walking Wake|Hydro Steam|p2a: Iron Moth\n|-supereffective|p2a: Iron Moth\n|-damage|p2a: Iron Moth|0 fnt\n|faint|p2a: Iron Moth\n|-end|p2a: Iron Moth|Quark Drive|[silent]\n|\n|win|VaporeonUser\n|raw|VaporeonUser's rating: 1551 &rarr; <strong>1574</strong><br />(+23 for winning)\n|raw|jibreel69's rating: 1605 &rarr; <strong>1582</strong><br />(-23 for losing)\n|l|☆VaporeonUser\n|player|p1|\n", "uploadtime": 1771200392, "views": 9, "formatid": "gen9ou", "rating": 1574, "private": 0, "password": null}