{"id": "gen9ou-2540630724", "format": "[Gen 9] OU", "players": ["I-fear-the-weak", "Catalyxx"], "log": "|j|☆I-fear-the-weak\n|j|☆Catalyxx\n|t:|1771230651\n|gametype|singles\n|player|p1|I-fear-the-weak|169|1677\n|player|p2|Catalyxx|roxie-masters|1586\n|gen|9\n|tier|[Gen 9] OU\n|rated|\n|rule|HP Percentage Mod: HP is shown in percentages\n|rule|Endless Battle Clause: Forcing endless battles is banned\n|rule|Species Clause: Limit one of each Pokémon\n|rule|OHKO Clause: OHKO moves are banned\n|rule|Evasion Items Clause: Evasion items are banned\n|rule|Evasion Moves Clause: Evasion moves are banned\n|rule|Evasion Abilities Clause: Evasion abilities are banned\n|rule|Sleep Moves Clause: Sleep-inducing moves are banned\n|clearpoke\n|poke|p1|Hoopa-Unbound|\n|poke|p1|Great Tusk|\n|poke|p1|Darkrai|\n|poke|p1|Primarina, M|\n|poke|p1|Pecharunt|\n|poke|p1|Dragapult, M|\n|poke|p2|Ogerpon-Cornerstone, F|\n|poke|p2|Hatterene, F|\n|poke|p2|Zapdos|\n|poke|p2|Kingambit, M|\n|poke|p2|Iron Treads|\n|poke|p2|Okidogi, M|\n|teampreview\n|inactive|Battle timer is ON: inactive players will automatically lose when time's up. (requested by I-fear-the-weak)\n|\n|t:|1771230677\n|teamsize|p1|6\n|teamsize|p2|6\n|start\n|switch|p1a: Pecharunt|Pecharunt|100/100\n|switch|p2a: Okidogi|Okidogi, M|100/100\n|turn|1\n|\n|t:|1771230681\n|move|p1a: Pecharunt|Shadow Ball|p2a: Okidogi\n|-damage|p2a: Okidogi|75/100\n|move|p2a: Okidogi|Knock Off|p1a: Pecharunt\n|-supereffective|p1a: Pecharunt\n|-damage|p1a: Pecharunt|60/100\n|-enditem|p1a: Pecharunt|Heavy-Duty Boots|[from] move: Knock Off|[of] p2a: Okidogi\n|\n|upkeep\n|turn|2\n|\n|t:|1771230690\n|switch|p2a: Iron Treads|Iron Treads|100/100\n|-item|p2a: Iron Treads|Air Balloon\n|move|p1a: Pecharunt|Recover|p1a: Pecharunt\n|-heal|p1a: Pecharunt|100/100\n|\n|upkeep\n|turn|3\n|\n|t:|1771230693\n|move|p2a: Iron Treads|Stealth Rock|p1a: Pecharunt\n|-sidestart|p1: I-fear-the-weak|move: Stealth Rock\n|move|p1a: Pecharunt|Parting Shot|p2a: Iron Treads\n|-unboost|p2a: Iron Treads|atk|1\n|-unboost|p2a: Iron Treads|spa|1\n|\n|t:|1771230696\n|switch|p1a: Primarina|Primarina, M|100/100|[from] Parting Shot\n|-damage|p1a: Primarina|88/100|[from] Stealth Rock\n|\n|-heal|p1a: Primarina|94/100|[from] item: Leftovers\n|upkeep\n|turn|4\n|\n|t:|1771230701\n|-end|p2a: Iron Treads|Quark Drive|[silent]\n|switch|p2a: Okidogi|Okidogi, M|75/100\n|move|p1a: Primarina|Substitute|p1a: Primarina\n|-start|p1a: Primarina|Substitute\n|-damage|p1a: Primarina|69/100\n|\n|-heal|p1a: Primarina|75/100|[from] item: Leftovers\n|upkeep\n|turn|5\n|\n|t:|1771230706\n|move|p2a: Okidogi|Drain Punch|p1a: Primarina\n|-resisted|p1a: Primarina\n|-activate|p1a: Primarina|move: Substitute|[damage]\n|-heal|p2a: Okidogi|83/100|[from] drain|[of] p1a: Primarina\n|move|p1a: Primarina|Draining Kiss|p2a: Okidogi\n|-damage|p2a: Okidogi|69/100\n|-heal|p1a: Primarina|86/100|[from] drain|[of] p2a: Okidogi\n|\n|-heal|p1a: Primarina|93/100|[from] item: Leftovers\n|upkeep\n|turn|6\n|\n|t:|1771230713\n|move|p2a: Okidogi|Drain Punch|p1a: Primarina\n|-resisted|p1a: Primarina\n|-end|p1a: Primarina|Substitute\n|-heal|p2a: Okidogi|72/100|[from] drain|[of] p1a: Primarina\n|move|p1a: Primarina|Psychic Noise|p2a: Okidogi\n|-damage|p2a: Okidogi|49/100\n|-start|p2a: Okidogi|move: Heal Block\n|\n|-heal|p1a: Primarina|99/100|[from] item: Leftovers\n|upkeep\n|turn|7\n|\n|t:|1771230719\n|-terastallize|p1a: Primarina|Steel\n|move|p2a: Okidogi|Gunk Shot|p1a: Primarina\n|-immune|p1a: Primarina\n|move|p1a: Primarina|Substitute|p1a: Primarina\n|-start|p1a: Primarina|Substitute\n|-damage|p1a: Primarina|74/100\n|\n|-heal|p1a: Primarina|80/100|[from] item: Leftovers\n|-end|p2a: Okidogi|move: Heal Block\n|upkeep\n|turn|8\n|\n|t:|1771230723\n|move|p2a: Okidogi|Drain Punch|p1a: Primarina\n|-supereffective|p1a: Primarina\n|-end|p1a: Primarina|Substitute\n|-heal|p2a: Okidogi|62/100|[from] drain|[of] p1a: Primarina\n|move|p1a: Primarina|Psychic Noise|p2a: Okidogi\n|-damage|p2a: Okidogi|41/100\n|-start|p2a: Okidogi|move: Heal Block\n|\n|-heal|p1a: Primarina|86/100|[from] item: Leftovers\n|upkeep\n|turn|9\n|\n|t:|1771230727\n|move|p2a: Okidogi|Knock Off|p1a: Primarina\n|-damage|p1a: Primarina|56/100\n|-enditem|p1a: Primarina|Leftovers|[from] move: Knock Off|[of] p2a: Okidogi\n|move|p1a: Primarina|Substitute|p1a: Primarina\n|-start|p1a: Primarina|Substitute\n|-damage|p1a: Primarina|31/100\n|\n|-end|p2a: Okidogi|move: Heal Block\n|upkeep\n|turn|10\n|\n|t:|1771230731\n|move|p2a: Okidogi|Drain Punch|p1a: Primarina\n|-supereffective|p1a: Primarina\n|-end|p1a: Primarina|Substitute\n|-heal|p2a: Okidogi|53/100|[from] drain|[of] p1a: Primarina\n|move|p1a: Primarina|Psychic Noise|p2a: Okidogi\n|-damage|p2a: Okidogi|31/100\n|-start|p2a: Okidogi|move: Heal Block\n|\n|upkeep\n|turn|11\n|\n|t:|1771230736\n|move|p2a: Okidogi|Knock Off|p1a: Primarina\n|-damage|p1a: Primarina|9/100\n|move|p1a: Primarina|Psychic Noise|p2a: Okidogi\n|-damage|p2a: Okidogi|9/100\n|\n|-end|p2a: Okidogi|move: Heal Block\n|upkeep\n|turn|12\n|\n|t:|1771230738\n|move|p2a: Okidogi|Drain Punch|p1a: Primarina\n|-supereffective|p1a: Primarina\n|-damage|p1a: Primarina|0 fnt\n|-heal|p2a: Okidogi|13/100|[from] drain|[of] p1a: Primarina\n|faint|p1a: Primarina\n|\n|upkeep\n|\n|t:|1771230742\n|switch|p1a: Darkrai|Darkrai|100/100\n|-damage|p1a: Darkrai|88/100|[from] Stealth Rock\n|turn|13\n|\n|t:|1771230747\n|move|p1a: Darkrai|Dark Pulse|p2a: Okidogi\n|-resisted|p2a: Okidogi\n|-damage|p2a: Okidogi|0 fnt\n|faint|p2a: Okidogi\n|\n|upkeep\n|\n|t:|1771230756\n|switch|p2a: Ogerpon|Ogerpon-Cornerstone, F|100/100\n|turn|14\n|\n|t:|1771230760\n|move|p1a: Darkrai|Dark Pulse|p2a: Ogerpon\n|-damage|p2a: Ogerpon|21/100\n|move|p2a: Ogerpon|Power Whip|p1a: Darkrai|[miss]\n|-miss|p2a: Ogerpon|p1a: Darkrai\n|\n|upkeep\n|turn|15\n|\n|t:|1771230779\n|move|p1a: Darkrai|Dark Pulse|p2a: Ogerpon\n|-damage|p2a: Ogerpon|0 fnt\n|faint|p2a: Ogerpon\n|\n|upkeep\n|\n|t:|1771230780\n|switch|p2a: Iron Treads|Iron Treads|100/100\n|-item|p2a: Iron Treads|Air Balloon\n|turn|16\n|\n|t:|1771230792\n|move|p1a: Darkrai|Dark Pulse|p2a: Iron Treads\n|-damage|p2a: Iron Treads|4/100\n|-enditem|p2a: Iron Treads|Air Balloon\n|move|p2a: Iron Treads|Rapid Spin|p1a: Darkrai\n|-damage|p1a: Darkrai|66/100\n|-boost|p2a: Iron Treads|spe|1\n|\n|upkeep\n|turn|17\n|\n|t:|1771230799\n|switch|p1a: Great Tusk|Great Tusk|100/100\n|move|p2a: Iron Treads|Earthquake|p1a: Great Tusk\n|-damage|p1a: Great Tusk|67/100\n|\n|upkeep\n|turn|18\n|\n|t:|1771230810\n|-end|p1a: Great Tusk|Protosynthesis|[silent]\n|switch|p1a: Hoopa|Hoopa-Unbound|100/100\n|-damage|p1a: Hoopa|88/100|[from] Stealth Rock\n|move|p2a: Iron Treads|Ice Spinner|p1a: Hoopa\n|-crit|p1a: Hoopa\n|-damage|p1a: Hoopa|51/100\n|\n|upkeep\n|turn|19\n|\n|t:|1771230816\n|move|p2a: Iron Treads|Earthquake|p1a: Hoopa\n|-damage|p1a: Hoopa|3/100\n|move|p1a: Hoopa|Drain Punch|p2a: Iron Treads\n|-supereffective|p2a: Iron Treads\n|-damage|p2a: Iron Treads|0 fnt\n|-heal|p1a: Hoopa|5/100|[from] drain|[of] p2a: Iron Treads\n|faint|p2a: Iron Treads\n|-end|p2a: Iron Treads|Quark Drive|[silent]\n|\n|upkeep\n|\n|t:|1771230820\n|switch|p2a: Zapdos|Zapdos|100/100\n|turn|20\n|\n|t:|1771230824\n|move|p2a: Zapdos|U-turn|p1a: Hoopa\n|-supereffective|p1a: Hoopa\n|-crit|p1a: Hoopa\n|-damage|p1a: Hoopa|0 fnt\n|faint|p1a: Hoopa\n|\n|t:|1771230826\n|switch|p2a: Hatterene|Hatterene, F|100/100|[from] U-turn\n|\n|upkeep\n|\n|t:|1771230834\n|switch|p1a: Pecharunt|Pecharunt|100/100\n|-damage|p1a: Pecharunt|88/100|[from] Stealth Rock\n|turn|21\n|\n|t:|1771230842\n|switch|p2a: Kingambit|Kingambit, M|100/100\n|-activate|p2a: Kingambit|ability: Supreme Overlord\n|-start|p2a: Kingambit|fallen3|[silent]\n|move|p1a: Pecharunt|Shadow Ball|p2a: Kingambit\n|-resisted|p2a: Kingambit\n|-damage|p2a: Kingambit|82/100\n|\n|-heal|p2a: Kingambit|88/100|[from] item: Leftovers\n|upkeep\n|turn|22\n|\n|t:|1771230847\n|move|p1a: Pecharunt|Parting Shot|p2a: Kingambit\n|-unboost|p2a: Kingambit|atk|1\n|-unboost|p2a: Kingambit|spa|1\n|\n|t:|1771230849\n|switch|p1a: Dragapult|Dragapult, M|100/100|[from] Parting Shot\n|move|p2a: Kingambit|Swords Dance|p2a: Kingambit\n|-boost|p2a: Kingambit|atk|2\n|\n|-heal|p2a: Kingambit|95/100|[from] item: Leftovers\n|upkeep\n|turn|23\n|\n|t:|1771230854\n|move|p1a: Dragapult|Will-O-Wisp|p2a: Kingambit|[miss]\n|-miss|p1a: Dragapult|p2a: Kingambit\n|move|p2a: Kingambit|Kowtow Cleave|p1a: Dragapult\n|-supereffective|p1a: Dragapult\n|-crit|p1a: Dragapult\n|-damage|p1a: Dragapult|0 fnt\n|faint|p1a: Dragapult\n|\n|-heal|p2a: Kingambit|100/100|[from] item: Leftovers\n|upkeep\n|\n|t:|1771230859\n|switch|p1a: Darkrai|Darkrai|66/100\n|-damage|p1a: Darkrai|54/100|[from] Stealth Rock\n|turn|24\n|-message|I-fear-the-weak forfeited.\n|\n|win|Catalyxx\n|raw|I-fear-the-weak's rating: 1677 &rarr; <strong>1652</strong><br />(-25 for losing)\n|raw|Catalyxx's rating: 1586 &rarr; <strong>1611</strong><br />(+25 for winning)\n|l|☆I-fear-the-weak\n|player|p1|\n|l|☆Catalyxx\n|player|p2|\n", "uploadtime": 1771231099, "views": 12, "formatid": "gen9ou", "rating": 1611, "private": 0, "password": null}