{"id": "gen9ou-2540680468", "format": "[Gen 9] OU", "players": ["horses aren't real", "rentschler"], "log": "|badge|p2|bronze|gen9ru|100-8\n|uhtml|medal-msg|<div class=\"broadcast-blue\">Curious what those medals under the avatar are? PS now has Ladder Seasons! For more information, check out the <a href=\"https://www.smogon.com/forums/threads/3740067/\">thread on Smogon.</a></div>\n|j|☆horses aren't real\n|j|☆rentschler\n|t:|1771239202\n|gametype|singles\n|player|p1|horses aren't real|skullgruntf|1577\n|player|p2|rentschler|flint|1580\n|gen|9\n|tier|[Gen 9] OU\n|rated|\n|rule|HP Percentage Mod: HP is shown in percentages\n|rule|Endless Battle Clause: Forcing endless battles is banned\n|rule|Species Clause: Limit one of each Pokémon\n|rule|OHKO Clause: OHKO moves are banned\n|rule|Evasion Items Clause: Evasion items are banned\n|rule|Evasion Moves Clause: Evasion moves are banned\n|rule|Evasion Abilities Clause: Evasion abilities are banned\n|rule|Sleep Moves Clause: Sleep-inducing moves are banned\n|clearpoke\n|poke|p1|Tyranitar, F|\n|poke|p1|Garganacl, F|\n|poke|p1|Corviknight, F|\n|poke|p1|Hydrapple, F|\n|poke|p1|Gholdengo|\n|poke|p1|Ting-Lu|\n|poke|p2|Ogerpon-Wellspring, F|\n|poke|p2|Kingambit, F|\n|poke|p2|Landorus-Therian, M|\n|poke|p2|Pelipper, F|\n|poke|p2|Raging Bolt|\n|poke|p2|Walking Wake|\n|teampreview\n|inactive|Battle timer is ON: inactive players will automatically lose when time's up. (requested by horses aren't real)\n|\n|t:|1771239211\n|teamsize|p1|6\n|teamsize|p2|6\n|start\n|switch|p1a: Corviknight|Corviknight, F|100/100\n|switch|p2a: Ogerpon|Ogerpon-Wellspring, F|100/100\n|-ability|p1a: Corviknight|Pressure\n|turn|1\n|\n|t:|1771239220\n|-terastallize|p2a: Ogerpon|Water\n|detailschange|p2a: Ogerpon|Ogerpon-Wellspring-Tera, F, tera:Water\n|-ability|p2a: Ogerpon|Embody Aspect (Wellspring)|boost\n|-boost|p2a: Ogerpon|spd|1\n|move|p2a: Ogerpon|Ivy Cudgel|p1a: Corviknight|[anim] Ivy Cudgel Water\n|-damage|p1a: Corviknight|52/100\n|move|p1a: Corviknight|U-turn|p2a: Ogerpon\n|-damage|p2a: Ogerpon|81/100\n|\n|t:|1771239225\n|switch|p1a: Hydrapple|Hydrapple, F|100/100|[from] U-turn\n|\n|upkeep\n|turn|2\n|\n|t:|1771239234\n|move|p2a: Ogerpon|U-turn|p1a: Hydrapple\n|-supereffective|p1a: Hydrapple\n|-damage|p1a: Hydrapple|69/100\n|\n|t:|1771239238\n|switch|p2a: Pelipper|Pelipper, F|100/100|[from] U-turn\n|-weather|RainDance|[from] ability: Drizzle|[of] p2a: Pelipper\n|move|p1a: Hydrapple|Fickle Beam|p2a: Pelipper|[anim] Fickle Beam All Out\n|-activate|p1a: Hydrapple|move: Fickle Beam\n|-damage|p2a: Pelipper|0 fnt\n|faint|p2a: Pelipper\n|\n|-weather|RainDance|[upkeep]\n|upkeep\n|\n|t:|1771239259\n|switch|p2a: Landorus|Landorus-Therian, M|100/100\n|-ability|p2a: Landorus|Intimidate|boost\n|-unboost|p1a: Hydrapple|atk|1\n|turn|3\n|\n|t:|1771239264\n|switch|p1a: Corviknight|Corviknight, F|52/100\n|-ability|p1a: Corviknight|Pressure\n|move|p2a: Landorus|U-turn|p1a: Corviknight\n|-resisted|p1a: Corviknight\n|-damage|p1a: Corviknight|47/100\n|-damage|p2a: Landorus|84/100|[from] item: Rocky Helmet|[of] p1a: Corviknight\n|\n|t:|1771239271\n|switch|p2a: Ogerpon|Ogerpon-Wellspring-Tera, F, tera:Water|81/100|[from] U-turn\n|-ability|p2a: Ogerpon|Embody Aspect (Wellspring)|boost\n|-boost|p2a: Ogerpon|spd|1\n|\n|-weather|RainDance|[upkeep]\n|upkeep\n|turn|4\n|\n|t:|1771239277\n|move|p2a: Ogerpon|Ivy Cudgel|p1a: Corviknight|[anim] Ivy Cudgel Water\n|-damage|p1a: Corviknight|0 fnt\n|faint|p1a: Corviknight\n|\n|-weather|RainDance|[upkeep]\n|upkeep\n|\n|t:|1771239279\n|switch|p1a: Tyranitar|Tyranitar, F|100/100\n|-weather|Sandstorm|[from] ability: Sand Stream|[of] p1a: Tyranitar\n|turn|5\n|\n|t:|1771239284\n|switch|p1a: Hydrapple|Hydrapple, F|100/100\n|move|p2a: Ogerpon|Ivy Cudgel|p1a: Hydrapple|[anim] Ivy Cudgel Water\n|-resisted|p1a: Hydrapple\n|-damage|p1a: Hydrapple|90/100\n|\n|-weather|Sandstorm|[upkeep]\n|-damage|p2a: Ogerpon|75/100|[from] Sandstorm\n|-damage|p1a: Hydrapple|84/100|[from] Sandstorm\n|upkeep\n|turn|6\n|\n|t:|1771239297\n|move|p2a: Ogerpon|U-turn|p1a: Hydrapple\n|-supereffective|p1a: Hydrapple\n|-damage|p1a: Hydrapple|53/100\n|\n|t:|1771239302\n|switch|p2a: Raging Bolt|Raging Bolt|100/100|[from] U-turn\n|move|p1a: Hydrapple|Giga Drain|p2a: Raging Bolt\n|-resisted|p2a: Raging Bolt\n|-damage|p2a: Raging Bolt|92/100\n|-heal|p1a: Hydrapple|57/100|[from] drain|[of] p2a: Raging Bolt\n|\n|-weather|Sandstorm|[upkeep]\n|-damage|p2a: Raging Bolt|85/100|[from] Sandstorm\n|-damage|p1a: Hydrapple|51/100|[from] Sandstorm\n|upkeep\n|turn|7\n|\n|t:|1771239317\n|switch|p1a: Ting-Lu|Ting-Lu|100/100\n|-ability|p1a: Ting-Lu|Vessel of Ruin\n|move|p2a: Raging Bolt|Draco Meteor|p1a: Ting-Lu\n|-damage|p1a: Ting-Lu|66/100\n|-unboost|p2a: Raging Bolt|spa|2\n|\n|-weather|Sandstorm|[upkeep]\n|-damage|p2a: Raging Bolt|79/100|[from] Sandstorm\n|-heal|p1a: Ting-Lu|73/100|[from] item: Leftovers\n|upkeep\n|turn|8\n|\n|t:|1771239333\n|-end|p2a: Raging Bolt|Protosynthesis|[silent]\n|switch|p2a: Ogerpon|Ogerpon-Wellspring-Tera, F, tera:Water|75/100\n|-ability|p2a: Ogerpon|Embody Aspect (Wellspring)|boost\n|-boost|p2a: Ogerpon|spd|1\n|move|p1a: Ting-Lu|Spikes|p2a: Ogerpon\n|-sidestart|p2: rentschler|Spikes\n|\n|-weather|Sandstorm|[upkeep]\n|-damage|p2a: Ogerpon|69/100|[from] Sandstorm\n|-heal|p1a: Ting-Lu|79/100|[from] item: Leftovers\n|upkeep\n|turn|9\n|\n|t:|1771239341\n|switch|p1a: Hydrapple|Hydrapple, F|85/100\n|move|p2a: Ogerpon|Play Rough|p1a: Hydrapple\n|-supereffective|p1a: Hydrapple\n|-damage|p1a: Hydrapple|45/100\n|\n|-weather|none\n|upkeep\n|turn|10\n|\n|t:|1771239352\n|switch|p1a: Garganacl|Garganacl, F|100/100\n|move|p2a: Ogerpon|Play Rough|p1a: Garganacl\n|-damage|p1a: Garganacl|77/100\n|\n|-heal|p1a: Garganacl|83/100|[from] item: Leftovers\n|upkeep\n|turn|11\n|\n|t:|1771239359\n|-terastallize|p1a: Garganacl|Water\n|move|p2a: Ogerpon|Ivy Cudgel|p1a: Garganacl|[anim] Ivy Cudgel Water\n|-resisted|p1a: Garganacl\n|-crit|p1a: Garganacl\n|-damage|p1a: Garganacl|42/100\n|move|p1a: Garganacl|Salt Cure|p2a: Ogerpon\n|-damage|p2a: Ogerpon|50/100\n|-start|p2a: Ogerpon|Salt Cure\n|\n|-heal|p1a: Garganacl|49/100|[from] item: Leftovers\n|-damage|p2a: Ogerpon|25/100|[from] Salt Cure\n|upkeep\n|turn|12\n|\n|t:|1771239372\n|move|p2a: Ogerpon|U-turn|p1a: Garganacl\n|-crit|p1a: Garganacl\n|-damage|p1a: Garganacl|24/100\n|\n|t:|1771239382\n|switch|p2a: Walking Wake|Walking Wake|100/100|[from] U-turn\n|-damage|p2a: Walking Wake|88/100|[from] Spikes\n|-enditem|p2a: Walking Wake|Booster Energy\n|-activate|p2a: Walking Wake|ability: Protosynthesis|[fromitem]\n|-start|p2a: Walking Wake|protosynthesisspe\n|move|p1a: Garganacl|Recover|p1a: Garganacl\n|-heal|p1a: Garganacl|74/100\n|\n|-heal|p1a: Garganacl|80/100|[from] item: Leftovers\n|upkeep\n|turn|13\n|\n|t:|1771239395\n|move|p2a: Walking Wake|Dragon Pulse|p1a: Garganacl\n|-damage|p1a: Garganacl|50/100\n|move|p1a: Garganacl|Salt Cure|p2a: Walking Wake\n|-damage|p2a: Walking Wake|72/100\n|-start|p2a: Walking Wake|Salt Cure\n|\n|-heal|p1a: Garganacl|56/100|[from] item: Leftovers\n|-damage|p2a: Walking Wake|47/100|[from] Salt Cure\n|upkeep\n|turn|14\n|\n|t:|1771239404\n|move|p2a: Walking Wake|Draco Meteor|p1a: Garganacl\n|-damage|p1a: Garganacl|13/100\n|-unboost|p2a: Walking Wake|spa|2\n|move|p1a: Garganacl|Recover|p1a: Garganacl\n|-heal|p1a: Garganacl|63/100\n|\n|-heal|p1a: Garganacl|69/100|[from] item: Leftovers\n|-damage|p2a: Walking Wake|22/100|[from] Salt Cure\n|upkeep\n|turn|15\n|\n|t:|1771239413\n|-end|p2a: Walking Wake|Protosynthesis|[silent]\n|switch|p2a: Raging Bolt|Raging Bolt|79/100\n|-damage|p2a: Raging Bolt|67/100|[from] Spikes\n|move|p1a: Garganacl|Recover|p1a: Garganacl\n|-heal|p1a: Garganacl|100/100\n|\n|upkeep\n|turn|16\n|\n|t:|1771239423\n|-end|p2a: Raging Bolt|Protosynthesis|[silent]\n|switch|p2a: Landorus|Landorus-Therian, M|84/100\n|-ability|p2a: Landorus|Intimidate|boost\n|-unboost|p1a: Garganacl|atk|1\n|move|p1a: Garganacl|Protect||[still]\n|-fail|p1a: Garganacl\n|\n|upkeep\n|turn|17\n|\n|t:|1771239430\n|move|p2a: Landorus|Earthquake|p1a: Garganacl\n|-damage|p1a: Garganacl|44/100\n|move|p1a: Garganacl|Salt Cure|p2a: Landorus\n|-damage|p2a: Landorus|72/100\n|-start|p2a: Landorus|Salt Cure\n|\n|-heal|p1a: Garganacl|50/100|[from] item: Leftovers\n|-damage|p2a: Landorus|59/100|[from] Salt Cure\n|upkeep\n|turn|18\n|\n|t:|1771239439\n|switch|p2a: Walking Wake|Walking Wake|22/100\n|-damage|p2a: Walking Wake|10/100|[from] Spikes\n|move|p1a: Garganacl|Protect||[still]\n|-fail|p1a: Garganacl\n|\n|-heal|p1a: Garganacl|56/100|[from] item: Leftovers\n|upkeep\n|turn|19\n|\n|t:|1771239447\n|move|p2a: Walking Wake|Draco Meteor|p1a: Garganacl\n|-damage|p1a: Garganacl|14/100\n|-unboost|p2a: Walking Wake|spa|2\n|move|p1a: Garganacl|Recover|p1a: Garganacl\n|-heal|p1a: Garganacl|64/100\n|\n|-heal|p1a: Garganacl|70/100|[from] item: Leftovers\n|upkeep\n|turn|20\n|\n|t:|1771239455\n|-end|p2a: Walking Wake|Protosynthesis|[silent]\n|switch|p2a: Raging Bolt|Raging Bolt|67/100\n|-damage|p2a: Raging Bolt|55/100|[from] Spikes\n|move|p1a: Garganacl|Curse|p1a: Garganacl\n|-unboost|p1a: Garganacl|spe|1\n|-boost|p1a: Garganacl|atk|1\n|-boost|p1a: Garganacl|def|1\n|\n|-heal|p1a: Garganacl|76/100|[from] item: Leftovers\n|upkeep\n|turn|21\n|\n|t:|1771239467\n|move|p1a: Garganacl|Protect|p1a: Garganacl\n|-singleturn|p1a: Garganacl|Protect\n|move|p2a: Raging Bolt|Thunder|p1a: Garganacl\n|-activate|p1a: Garganacl|move: Protect\n|\n|-heal|p1a: Garganacl|82/100|[from] item: Leftovers\n|upkeep\n|turn|22\n|\n|t:|1771239475\n|-end|p2a: Raging Bolt|Protosynthesis|[silent]\n|switch|p2a: Walking Wake|Walking Wake|10/100\n|-damage|p2a: Walking Wake|0 fnt|[from] Spikes\n|faint|p2a: Walking Wake\n|-end|p2a: Walking Wake|Protosynthesis|[silent]\n|switch|p1a: Tyranitar|Tyranitar, F|100/100\n|-weather|Sandstorm|[from] ability: Sand Stream|[of] p1a: Tyranitar\n|\n|-weather|Sandstorm|[upkeep]\n|upkeep\n|\n|t:|1771239484\n|switch|p2a: Landorus|Landorus-Therian, M|59/100\n|-ability|p2a: Landorus|Intimidate|boost\n|-unboost|p1a: Tyranitar|atk|1\n|turn|23\n|\n|t:|1771239491\n|switch|p1a: Hydrapple|Hydrapple, F|78/100\n|move|p2a: Landorus|U-turn|p1a: Hydrapple\n|-supereffective|p1a: Hydrapple\n|-damage|p1a: Hydrapple|32/100\n|\n|t:|1771239497\n|switch|p2a: Ogerpon|Ogerpon-Wellspring-Tera, F, tera:Water|25/100|[from] U-turn\n|-damage|p2a: Ogerpon|13/100|[from] Spikes\n|-ability|p2a: Ogerpon|Embody Aspect (Wellspring)|boost\n|-boost|p2a: Ogerpon|spd|1\n|\n|-weather|Sandstorm|[upkeep]\n|-damage|p2a: Ogerpon|7/100|[from] Sandstorm\n|-damage|p1a: Hydrapple|26/100|[from] Sandstorm\n|upkeep\n|turn|24\n|\n|t:|1771239513\n|move|p2a: Ogerpon|U-turn|p1a: Hydrapple\n|-supereffective|p1a: Hydrapple\n|-damage|p1a: Hydrapple|0 fnt\n|faint|p1a: Hydrapple\n|\n|t:|1771239522\n|switch|p2a: Kingambit|Kingambit, F|100/100|[from] U-turn\n|-activate|p2a: Kingambit|ability: Supreme Overlord\n|-start|p2a: Kingambit|fallen2|[silent]\n|-item|p2a: Kingambit|Air Balloon\n|\n|-weather|Sandstorm|[upkeep]\n|upkeep\n|\n|t:|1771239524\n|switch|p1a: Tyranitar|Tyranitar, F|100/100\n|turn|25\n|\n|t:|1771239532\n|switch|p1a: Ting-Lu|Ting-Lu|79/100\n|-ability|p1a: Ting-Lu|Vessel of Ruin\n|move|p2a: Kingambit|Low Kick|p1a: Ting-Lu\n|-supereffective|p1a: Ting-Lu\n|-damage|p1a: Ting-Lu|19/100\n|\n|-weather|Sandstorm|[upkeep]\n|-heal|p1a: Ting-Lu|25/100|[from] item: Leftovers\n|upkeep\n|turn|26\n|\n|t:|1771239542\n|move|p2a: Kingambit|Low Kick|p1a: Ting-Lu\n|-supereffective|p1a: Ting-Lu\n|-damage|p1a: Ting-Lu|0 fnt\n|faint|p1a: Ting-Lu\n|\n|-weather|none\n|upkeep\n|\n|t:|1771239543\n|switch|p1a: Tyranitar|Tyranitar, F|100/100\n|-weather|Sandstorm|[from] ability: Sand Stream|[of] p1a: Tyranitar\n|turn|27\n|\n|t:|1771239551\n|move|p1a: Tyranitar|Low Kick|p2a: Kingambit\n|-supereffective|p2a: Kingambit\n|-damage|p2a: Kingambit|0 fnt\n|-enditem|p2a: Kingambit|Air Balloon\n|faint|p2a: Kingambit\n|-end|p2a: Kingambit|fallen2|[silent]\n|\n|-weather|Sandstorm|[upkeep]\n|upkeep\n|\n|t:|1771239557\n|switch|p2a: Landorus|Landorus-Therian, M|59/100\n|-ability|p2a: Landorus|Intimidate|boost\n|-unboost|p1a: Tyranitar|atk|1\n|turn|28\n|\n|t:|1771239563\n|move|p2a: Landorus|Earthquake|p1a: Tyranitar\n|-supereffective|p1a: Tyranitar\n|-damage|p1a: Tyranitar|0 fnt\n|faint|p1a: Tyranitar\n|\n|-weather|Sandstorm|[upkeep]\n|upkeep\n|\n|t:|1771239568\n|switch|p1a: Garganacl|Garganacl, F, tera:Water|82/100\n|turn|29\n|\n|t:|1771239571\n|move|p2a: Landorus|Earthquake|p1a: Garganacl\n|-damage|p1a: Garganacl|25/100\n|move|p1a: Garganacl|Salt Cure|p2a: Landorus\n|-damage|p2a: Landorus|43/100\n|-start|p2a: Landorus|Salt Cure\n|\n|-weather|Sandstorm|[upkeep]\n|-damage|p1a: Garganacl|19/100|[from] Sandstorm\n|-heal|p1a: Garganacl|25/100|[from] item: Leftovers\n|-damage|p2a: Landorus|31/100|[from] Salt Cure\n|upkeep\n|turn|30\n|\n|t:|1771239585\n|switch|p2a: Ogerpon|Ogerpon-Wellspring-Tera, F, tera:Water|7/100\n|-damage|p2a: Ogerpon|0 fnt|[from] Spikes\n|faint|p2a: Ogerpon\n|detailschange|p2: Ogerpon|Ogerpon-Wellspring, F|[silent]\n|move|p1a: Garganacl|Protect||[still]\n|-fail|p1a: Garganacl\n|\n|-weather|Sandstorm|[upkeep]\n|-damage|p1a: Garganacl|19/100|[from] Sandstorm\n|-heal|p1a: Garganacl|25/100|[from] item: Leftovers\n|upkeep\n|\n|t:|1771239594\n|switch|p2a: Landorus|Landorus-Therian, M|31/100\n|-ability|p2a: Landorus|Intimidate|boost\n|-unboost|p1a: Garganacl|atk|1\n|turn|31\n|-message|horses aren't real forfeited.\n|\n|win|rentschler\n|raw|horses aren&apos;t real's rating: 1577 &rarr; <strong>1557</strong><br />(-20 for losing)\n|raw|rentschler's rating: 1580 &rarr; <strong>1600</strong><br />(+20 for winning)\n|l|☆horses aren't real\n|player|p1|\n|l|☆rentschler\n|player|p2|\n", "uploadtime": 1771239763, "views": 12, "formatid": "gen9ou", "rating": 1557, "private": 0, "password": null}