{"id": "gen9ou-2639302358", "format": "[Gen 9] OU", "players": ["v9PandaSama", "fflamee"], "log": "|j|☆v9PandaSama\n|j|☆fflamee\n|t:|1782449032\n|gametype|singles\n|player|p1|v9PandaSama|n|1099\n|player|p2|fflamee|2|1148\n|gen|9\n|tier|[Gen 9] OU\n|rated|\n|rule|HP Percentage Mod: HP is shown in percentages\n|rule|Endless Battle Clause: Forcing endless battles is banned\n|rule|Species Clause: Limit one of each Pokémon\n|rule|OHKO Clause: OHKO moves are banned\n|rule|Evasion Items Clause: Evasion items are banned\n|rule|Evasion Moves Clause: Evasion moves are banned\n|rule|Evasion Abilities Clause: Evasion abilities are banned\n|rule|Sleep Moves Clause: Sleep-inducing moves are banned\n|clearpoke\n|poke|p1|Garchomp, F|\n|poke|p1|Zoroark-Hisui, M|\n|poke|p1|Amoonguss, F|\n|poke|p1|Primarina, F|\n|poke|p1|Scizor, F|\n|poke|p1|Umbreon, M|\n|poke|p2|Pelipper, M|\n|poke|p2|Barraskewda, F|\n|poke|p2|Ogerpon-Wellspring, F|\n|poke|p2|Zapdos|\n|poke|p2|Great Tusk|\n|poke|p2|Raging Bolt|\n|teampreview\n|inactive|Battle timer is ON: inactive players will automatically lose when time's up. (requested by fflamee)\n|\n|t:|1782449051\n|teamsize|p1|6\n|teamsize|p2|6\n|start\n|switch|p1a: Umbreon|Umbreon, M, shiny|100/100\n|switch|p2a: Pelipper|Pelipper, M|100/100\n|-weather|RainDance|[from] ability: Drizzle|[of] p2a: Pelipper\n|turn|1\n|\n|t:|1782449055\n|move|p1a: Umbreon|Thunder Wave|p2a: Pelipper\n|-status|p2a: Pelipper|par\n|move|p2a: Pelipper|U-turn|p1a: Umbreon\n|-supereffective|p1a: Umbreon\n|-damage|p1a: Umbreon|88/100\n|-damage|p2a: Pelipper|84/100 par|[from] item: Rocky Helmet|[of] p1a: Umbreon\n|\n|t:|1782449063\n|switch|p2a: Barraskewda|Barraskewda, F|100/100|[from] U-turn\n|\n|-weather|RainDance|[upkeep]\n|upkeep\n|turn|2\n|\n|t:|1782449067\n|move|p2a: Barraskewda|Liquidation|p1a: Umbreon\n|-damage|p1a: Umbreon|19/100\n|-damage|p2a: Barraskewda|84/100|[from] item: Rocky Helmet|[of] p1a: Umbreon\n|move|p1a: Umbreon|Thunder Wave|p2a: Barraskewda\n|-status|p2a: Barraskewda|par\n|\n|-weather|RainDance|[upkeep]\n|upkeep\n|turn|3\n|\n|t:|1782449073\n|move|p2a: Barraskewda|Liquidation|p1a: Umbreon\n|-damage|p1a: Umbreon|0 fnt\n|-damage|p2a: Barraskewda|68/100 par|[from] item: Rocky Helmet|[of] p1a: Umbreon\n|faint|p1a: Umbreon\n|\n|-weather|RainDance|[upkeep]\n|upkeep\n|\n|t:|1782449074\n|switch|p1a: Amoonguss|Amoonguss, F, shiny|100/100\n|turn|4\n|\n|t:|1782449079\n|switch|p2a: Pelipper|Pelipper, M|84/100 par\n|move|p1a: Amoonguss|Giga Drain|p2a: Pelipper\n|-damage|p2a: Pelipper|50/100 par\n|\n|-weather|RainDance|[upkeep]\n|upkeep\n|turn|5\n|\n|t:|1782449090\n|move|p1a: Amoonguss|Giga Drain|p2a: Pelipper\n|-damage|p2a: Pelipper|18/100 par\n|move|p2a: Pelipper|Hurricane|p1a: Amoonguss\n|-supereffective|p1a: Amoonguss\n|-damage|p1a: Amoonguss|49/100\n|\n|-weather|RainDance|[upkeep]\n|-heal|p1a: Amoonguss|55/100|[from] item: Black Sludge\n|upkeep\n|turn|6\n|\n|t:|1782449100\n|move|p1a: Amoonguss|Giga Drain|p2a: Pelipper\n|-damage|p2a: Pelipper|0 fnt\n|-heal|p1a: Amoonguss|62/100|[from] drain|[of] p2a: Pelipper\n|faint|p2a: Pelipper\n|\n|-weather|RainDance|[upkeep]\n|-heal|p1a: Amoonguss|68/100|[from] item: Black Sludge\n|upkeep\n|\n|t:|1782449107\n|switch|p2a: Ogerpon|Ogerpon-Wellspring, F|100/100\n|turn|7\n|\n|t:|1782449115\n|-terastallize|p2a: Ogerpon|Water\n|detailschange|p2a: Ogerpon|Ogerpon-Wellspring-Tera, F, tera:Water\n|-ability|p2a: Ogerpon|Embody Aspect (Wellspring)|boost\n|-boost|p2a: Ogerpon|spd|1\n|move|p1a: Amoonguss|Protect|p1a: Amoonguss\n|-singleturn|p1a: Amoonguss|Protect\n|move|p2a: Ogerpon|Swords Dance|p2a: Ogerpon\n|-boost|p2a: Ogerpon|atk|2\n|\n|-weather|RainDance|[upkeep]\n|-heal|p1a: Amoonguss|74/100|[from] item: Black Sludge\n|upkeep\n|turn|8\n|\n|t:|1782449123\n|move|p2a: Ogerpon|Ivy Cudgel|p1a: Amoonguss|[anim] Ivy Cudgel Water\n|-resisted|p1a: Amoonguss\n|-damage|p1a: Amoonguss|0 fnt\n|faint|p1a: Amoonguss\n|\n|-weather|none\n|upkeep\n|\n|t:|1782449131\n|switch|p1a: Scizor|Scizor, F|100/100\n|turn|9\n|\n|t:|1782449136\n|move|p2a: Ogerpon|Ivy Cudgel|p1a: Scizor|[anim] Ivy Cudgel Water\n|-damage|p1a: Scizor|0 fnt\n|faint|p1a: Scizor\n|\n|upkeep\n|-message|v9PandaSama forfeited.\n|\n|win|fflamee\n|raw|v9PandaSama's rating: 1099 &rarr; <strong>1078</strong><br />(-21 for losing)\n|raw|fflamee's rating: 1148 &rarr; <strong>1169</strong><br />(+21 for winning)\n|l|☆v9PandaSama\n|player|p1|\n|l|☆fflamee\n|player|p2|\n", "uploadtime": 1782449509, "views": 3, "formatid": "gen9ou", "rating": 1078, "private": 0, "password": null}