{"id": "gen9ou-2639235052", "format": "[Gen 9] OU", "players": ["tauros3", "Kochu_shak"], "log": "|badge|p2|silver|gen9ou|30-9\n|uhtml|medal-msg|<div class=\"broadcast-blue\">Curious what those medals under the avatar are? PS now has Ladder Seasons! For more information, check out the <a href=\"https://www.smogon.com/forums/threads/3740067/\">thread on Smogon.</a></div>\n|j|☆tauros3\n|j|☆Kochu_shak\n|t:|1782438244\n|gametype|singles\n|player|p1|tauros3|swimmer-gen4dp|1665\n|player|p2|Kochu_shak|101|1912\n|gen|9\n|tier|[Gen 9] OU\n|rated|\n|rule|HP Percentage Mod: HP is shown in percentages\n|rule|Endless Battle Clause: Forcing endless battles is banned\n|rule|Species Clause: Limit one of each Pokémon\n|rule|OHKO Clause: OHKO moves are banned\n|rule|Evasion Items Clause: Evasion items are banned\n|rule|Evasion Moves Clause: Evasion moves are banned\n|rule|Evasion Abilities Clause: Evasion abilities are banned\n|rule|Sleep Moves Clause: Sleep-inducing moves are banned\n|clearpoke\n|poke|p1|Ninetales-Alola, M|\n|poke|p1|Kyurem|\n|poke|p1|Moltres-Galar|\n|poke|p1|Ursaluna, M|\n|poke|p1|Diancie|\n|poke|p1|Hatterene, F|\n|poke|p2|Araquanid, F|\n|poke|p2|Gholdengo|\n|poke|p2|Iron Moth|\n|poke|p2|Iron Valiant|\n|poke|p2|Raging Bolt|\n|poke|p2|Kingambit, F|\n|teampreview\n|inactive|Battle timer is ON: inactive players will automatically lose when time's up. (requested by tauros3)\n|inactive|Kochu_shak also wants the timer to be on.\n|\n|t:|1782438260\n|teamsize|p1|6\n|teamsize|p2|6\n|start\n|switch|p1a: Pink Triangle|Hatterene, F|100/100\n|switch|p2a: CALA|Iron Moth|100/100\n|-enditem|p2a: CALA|Booster Energy\n|-activate|p2a: CALA|ability: Quark Drive|[fromitem]\n|-start|p2a: CALA|quarkdrivespa\n|turn|1\n|\n|t:|1782438266\n|move|p2a: CALA|Sludge Wave|p1a: Pink Triangle\n|-supereffective|p1a: Pink Triangle\n|-enditem|p1a: Pink Triangle|Focus Sash\n|-damage|p1a: Pink Triangle|1/100\n|move|p1a: Pink Triangle|Psychic Noise|p2a: CALA\n|-supereffective|p2a: CALA\n|-damage|p2a: CALA|15/100\n|-start|p2a: CALA|move: Heal Block\n|\n|upkeep\n|turn|2\n|\n|t:|1782438271\n|move|p2a: CALA|Fiery Dance|p1a: Pink Triangle\n|-damage|p1a: Pink Triangle|0 fnt\n|-boost|p2a: CALA|spa|1\n|faint|p1a: Pink Triangle\n|\n|-end|p2a: CALA|move: Heal Block\n|upkeep\n|\n|t:|1782438273\n|switch|p1a: No Other One|Diancie|100/100\n|turn|3\n|\n|t:|1782438276\n|move|p2a: CALA|Fiery Dance|p1a: No Other One\n|-resisted|p1a: No Other One\n|-damage|p1a: No Other One|69/100\n|-boost|p2a: CALA|spa|1\n|move|p1a: No Other One|Trick Room|p1a: No Other One\n|-fieldstart|move: Trick Room|[of] p1a: No Other One\n|\n|upkeep\n|turn|4\n|\n|t:|1782438281\n|move|p1a: No Other One|Meteor Beam||[still]\n|-prepare|p1a: No Other One|Meteor Beam\n|-boost|p1a: No Other One|spa|1\n|-enditem|p1a: No Other One|Power Herb\n|-anim|p1a: No Other One|Meteor Beam|p2a: CALA\n|-supereffective|p2a: CALA\n|-damage|p2a: CALA|0 fnt\n|faint|p2a: CALA\n|-end|p2a: CALA|Quark Drive|[silent]\n|\n|upkeep\n|\n|t:|1782438286\n|switch|p2a: QUIL|Araquanid, F|100/100\n|turn|5\n|\n|t:|1782438293\n|-terastallize|p2a: QUIL|Ghost\n|move|p1a: No Other One|Moonblast|p2a: QUIL\n|-damage|p2a: QUIL|59/100\n|move|p2a: QUIL|Surf|p1a: No Other One\n|-supereffective|p1a: No Other One\n|-damage|p1a: No Other One|8/100\n|\n|upkeep\n|turn|6\n|\n|t:|1782438299\n|move|p1a: No Other One|Moonblast|p2a: QUIL\n|-damage|p2a: QUIL|18/100\n|-unboost|p2a: QUIL|spa|1\n|move|p2a: QUIL|Surf|p1a: No Other One\n|-supereffective|p1a: No Other One\n|-damage|p1a: No Other One|0 fnt\n|faint|p1a: No Other One\n|\n|upkeep\n|\n|t:|1782438304\n|switch|p1a: The Good Life|Ninetales-Alola, M|100/100\n|-weather|Snowscape|[from] ability: Snow Warning|[of] p1a: The Good Life\n|turn|7\n|-enditem|p2a: QUIL|Custap Berry|[eat]\n|-activate|p2a: QUIL|item: Custap Berry|[consumed]\n|\n|t:|1782438307\n|move|p2a: QUIL|Endeavor|p1a: The Good Life\n|-damage|p1a: The Good Life|17/100\n|move|p1a: The Good Life|Aurora Veil|p1a: The Good Life\n|-sidestart|p1: tauros3|move: Aurora Veil\n|\n|-weather|Snowscape|[upkeep]\n|-fieldend|move: Trick Room\n|upkeep\n|turn|8\n|\n|t:|1782438318\n|move|p1a: The Good Life|Freeze-Dry|p2a: QUIL\n|-crit|p2a: QUIL\n|-damage|p2a: QUIL|0 fnt\n|faint|p2a: QUIL\n|\n|-weather|Snowscape|[upkeep]\n|upkeep\n|\n|t:|1782438326\n|switch|p2a: SUPA|Kingambit, F|100/100\n|-activate|p2a: SUPA|ability: Supreme Overlord\n|-start|p2a: SUPA|fallen2|[silent]\n|-item|p2a: SUPA|Air Balloon\n|turn|9\n|\n|t:|1782438328\n|move|p1a: The Good Life|Freeze-Dry|p2a: SUPA\n|-resisted|p2a: SUPA\n|-damage|p2a: SUPA|90/100\n|-enditem|p2a: SUPA|Air Balloon\n|move|p2a: SUPA|Swords Dance|p2a: SUPA\n|-boost|p2a: SUPA|atk|2\n|\n|-weather|Snowscape|[upkeep]\n|upkeep\n|turn|10\n|\n|t:|1782438332\n|move|p1a: The Good Life|Encore|p2a: SUPA\n|-start|p2a: SUPA|Encore\n|move|p2a: SUPA|Swords Dance|p2a: SUPA\n|-boost|p2a: SUPA|atk|2\n|\n|-weather|Snowscape|[upkeep]\n|upkeep\n|turn|11\n|\n|t:|1782438334\n|switch|p1a: El Scorcho|Ursaluna, M|100/100\n|move|p2a: SUPA|Swords Dance|p2a: SUPA\n|-boost|p2a: SUPA|atk|2\n|\n|-weather|none\n|-status|p1a: El Scorcho|brn|[from] item: Flame Orb\n|upkeep\n|turn|12\n|\n|t:|1782438340\n|-end|p2a: SUPA|fallen2|[silent]\n|switch|p2a: TREE?|Gholdengo|100/100\n|-item|p2a: TREE?|Air Balloon\n|move|p1a: El Scorcho|Headlong Rush|p2a: TREE?\n|-immune|p2a: TREE?\n|\n|-damage|p1a: El Scorcho|94/100 brn|[from] brn\n|upkeep\n|turn|13\n|\n|t:|1782438343\n|move|p2a: TREE?|Nasty Plot|p2a: TREE?\n|-boost|p2a: TREE?|spa|2\n|move|p1a: El Scorcho|Fire Punch|p2a: TREE?\n|-supereffective|p2a: TREE?\n|-damage|p2a: TREE?|1/100\n|-status|p2a: TREE?|brn\n|-enditem|p2a: TREE?|Air Balloon\n|\n|-damage|p2a: TREE?|0 fnt|[from] brn\n|faint|p2a: TREE?\n|-damage|p1a: El Scorcho|88/100 brn|[from] brn\n|upkeep\n|\n|t:|1782438366\n|switch|p2a: DELI|Raging Bolt|100/100\n|-enditem|p2a: DELI|Booster Energy\n|-activate|p2a: DELI|ability: Protosynthesis|[fromitem]\n|-start|p2a: DELI|protosynthesisspa\n|turn|14\n|\n|t:|1782438371\n|move|p2a: DELI|Dragon Pulse|p1a: El Scorcho\n|-damage|p1a: El Scorcho|59/100 brn\n|move|p1a: El Scorcho|Facade|p2a: DELI\n|-damage|p2a: DELI|0 fnt\n|faint|p2a: DELI\n|-end|p2a: DELI|Protosynthesis|[silent]\n|\n|-damage|p1a: El Scorcho|53/100 brn|[from] brn\n|-sideend|p1: tauros3|move: Aurora Veil\n|upkeep\n|\n|t:|1782438377\n|switch|p2a: SUPA|Kingambit, F|90/100\n|-activate|p2a: SUPA|ability: Supreme Overlord\n|-start|p2a: SUPA|fallen4|[silent]\n|turn|15\n|\n|t:|1782438380\n|move|p2a: SUPA|Kowtow Cleave|p1a: El Scorcho\n|-crit|p1a: El Scorcho\n|-damage|p1a: El Scorcho|0 fnt\n|faint|p1a: El Scorcho\n|\n|upkeep\n|\n|t:|1782438383\n|switch|p1a: The Good Life|Ninetales-Alola, M|17/100\n|-weather|Snowscape|[from] ability: Snow Warning|[of] p1a: The Good Life\n|turn|16\n|\n|t:|1782438395\n|move|p1a: The Good Life|Aurora Veil|p1a: The Good Life\n|-sidestart|p1: tauros3|move: Aurora Veil\n|move|p2a: SUPA|Iron Head|p1a: The Good Life\n|-supereffective|p1a: The Good Life\n|-damage|p1a: The Good Life|0 fnt\n|faint|p1a: The Good Life\n|\n|-weather|Snowscape|[upkeep]\n|upkeep\n|\n|t:|1782438397\n|switch|p1a: Getchoo|Kyurem|100/100\n|-ability|p1a: Getchoo|Pressure\n|turn|17\n|\n|t:|1782438403\n|-terastallize|p1a: Getchoo|Electric\n|move|p1a: Getchoo|Dragon Dance|p1a: Getchoo\n|-boost|p1a: Getchoo|atk|1\n|-boost|p1a: Getchoo|spe|1\n|move|p2a: SUPA|Iron Head|p1a: Getchoo\n|-resisted|p1a: Getchoo\n|-damage|p1a: Getchoo|86/100\n|\n|-weather|Snowscape|[upkeep]\n|upkeep\n|turn|18\n|\n|t:|1782438407\n|move|p1a: Getchoo|Dragon Dance|p1a: Getchoo\n|-boost|p1a: Getchoo|atk|1\n|-boost|p1a: Getchoo|spe|1\n|move|p2a: SUPA|Kowtow Cleave|p1a: Getchoo\n|-damage|p1a: Getchoo|54/100\n|\n|-weather|Snowscape|[upkeep]\n|upkeep\n|turn|19\n|\n|t:|1782438410\n|move|p1a: Getchoo|Icicle Spear|p2a: SUPA\n|-resisted|p2a: SUPA\n|-damage|p2a: SUPA|77/100\n|-resisted|p2a: SUPA\n|-damage|p2a: SUPA|64/100\n|-resisted|p2a: SUPA\n|-damage|p2a: SUPA|53/100\n|-resisted|p2a: SUPA\n|-damage|p2a: SUPA|42/100\n|-hitcount|p2a: SUPA|4\n|move|p2a: SUPA|Swords Dance|p2a: SUPA\n|-boost|p2a: SUPA|atk|2\n|\n|-weather|Snowscape|[upkeep]\n|upkeep\n|turn|20\n|\n|t:|1782438419\n|move|p2a: SUPA|Sucker Punch|p1a: Getchoo\n|-damage|p1a: Getchoo|6/100\n|move|p1a: Getchoo|Icicle Spear|p2a: SUPA\n|-resisted|p2a: SUPA\n|-damage|p2a: SUPA|30/100\n|-resisted|p2a: SUPA\n|-damage|p2a: SUPA|18/100\n|-resisted|p2a: SUPA\n|-damage|p2a: SUPA|5/100\n|-resisted|p2a: SUPA\n|-damage|p2a: SUPA|0 fnt\n|faint|p2a: SUPA\n|-end|p2a: SUPA|fallen4|[silent]\n|-hitcount|p2: SUPA|4\n|\n|-weather|none\n|upkeep\n|\n|t:|1782438424\n|switch|p2a: QUZZ|Iron Valiant|100/100\n|-enditem|p2a: QUZZ|Booster Energy\n|-activate|p2a: QUZZ|ability: Quark Drive|[fromitem]\n|-start|p2a: QUZZ|quarkdrivespa\n|turn|21\n|\n|t:|1782438433\n|move|p2a: QUZZ|Vacuum Wave|p1a: Getchoo\n|-damage|p1a: Getchoo|0 fnt\n|faint|p1a: Getchoo\n|\n|upkeep\n|\n|t:|1782438434\n|switch|p1a: Butterfly|Moltres-Galar|100/100\n|turn|22\n|\n|t:|1782438437\n|move|p2a: QUZZ|Calm Mind|p2a: QUZZ\n|-boost|p2a: QUZZ|spa|1\n|-boost|p2a: QUZZ|spd|1\n|move|p1a: Butterfly|Agility|p1a: Butterfly\n|-boost|p1a: Butterfly|spe|2\n|\n|upkeep\n|turn|23\n|\n|t:|1782438442\n|move|p1a: Butterfly|Air Slash|p2a: QUZZ\n|-supereffective|p2a: QUZZ\n|-crit|p2a: QUZZ\n|-damage|p2a: QUZZ|0 fnt\n|faint|p2a: QUZZ\n|-end|p2a: QUZZ|Quark Drive|[silent]\n|\n|win|tauros3\n|raw|tauros3's rating: 1665 &rarr; <strong>1697</strong><br />(+32 for winning)\n|raw|Kochu_shak's rating: 1912 &rarr; <strong>1880</strong><br />(-32 for losing)\n|c|☆Kochu_shak|Fuck bro\n|c|☆Kochu_shak|Tf\n|c|☆Kochu_shak|Mf game\n|c|☆Kochu_shak|Man That sucks\n", "uploadtime": 1782438486, "views": 33, "formatid": "gen9ou", "rating": 1697, "private": 0, "password": null}