{"id": "gen9ou-2540682637", "format": "[Gen 9] OU", "players": ["suaiaj", "theonReekGreyjoy93"], "log": "|j|☆suaiaj\n|j|☆theonReekGreyjoy93\n|t:|1771239560\n|gametype|singles\n|player|p1|suaiaj|wallace|1514\n|player|p2|theonReekGreyjoy93|102|1663\n|gen|9\n|tier|[Gen 9] OU\n|rated|\n|rule|HP Percentage Mod: HP is shown in percentages\n|rule|Endless Battle Clause: Forcing endless battles is banned\n|rule|Species Clause: Limit one of each Pokémon\n|rule|OHKO Clause: OHKO moves are banned\n|rule|Evasion Items Clause: Evasion items are banned\n|rule|Evasion Moves Clause: Evasion moves are banned\n|rule|Evasion Abilities Clause: Evasion abilities are banned\n|rule|Sleep Moves Clause: Sleep-inducing moves are banned\n|clearpoke\n|poke|p1|Keldeo-Resolute|\n|poke|p1|Ogerpon, F|\n|poke|p1|Gholdengo|\n|poke|p1|Raging Bolt|\n|poke|p1|Mudsdale, M|\n|poke|p1|Corviknight, F|\n|poke|p2|Walking Wake|\n|poke|p2|Great Tusk|\n|poke|p2|Ninetales, F|\n|poke|p2|Heatran, M|\n|poke|p2|Fezandipiti, M|\n|poke|p2|Zarude|\n|teampreview\n|inactive|Battle timer is ON: inactive players will automatically lose when time's up. (requested by suaiaj)\n|\n|t:|1771239622\n|teamsize|p1|6\n|teamsize|p2|6\n|start\n|switch|p1a: Raging Bolt|Raging Bolt|100/100\n|switch|p2a: Fezandipiti|Fezandipiti, M|100/100\n|-enditem|p1a: Raging Bolt|Booster Energy\n|-activate|p1a: Raging Bolt|ability: Protosynthesis|[fromitem]\n|-start|p1a: Raging Bolt|protosynthesisspa\n|turn|1\n|inactive|theonReekGreyjoy93 has 120 seconds left.\n|\n|t:|1771239655\n|move|p2a: Fezandipiti|Beat Up|p1a: Raging Bolt\n|-damage|p1a: Raging Bolt|98/100\n|-damage|p1a: Raging Bolt|95/100\n|-status|p1a: Raging Bolt|tox|[from] ability: Toxic Chain|[of] p2a: Fezandipiti\n|-damage|p1a: Raging Bolt|92/100 tox\n|-damage|p1a: Raging Bolt|90/100 tox\n|-damage|p1a: Raging Bolt|87/100 tox\n|-damage|p1a: Raging Bolt|85/100 tox\n|-hitcount|p1a: Raging Bolt|6\n|move|p1a: Raging Bolt|Calm Mind|p1a: Raging Bolt\n|-boost|p1a: Raging Bolt|spa|1\n|-boost|p1a: Raging Bolt|spd|1\n|\n|-damage|p1a: Raging Bolt|78/100 tox|[from] psn\n|upkeep\n|turn|2\n|inactive|theonReekGreyjoy93 has 120 seconds left.\n|\n|t:|1771239666\n|move|p2a: Fezandipiti|Play Rough|p1a: Raging Bolt\n|-supereffective|p1a: Raging Bolt\n|-damage|p1a: Raging Bolt|35/100 tox\n|move|p1a: Raging Bolt|Calm Mind|p1a: Raging Bolt\n|-boost|p1a: Raging Bolt|spa|1\n|-boost|p1a: Raging Bolt|spd|1\n|\n|-damage|p1a: Raging Bolt|22/100 tox|[from] psn\n|upkeep\n|turn|3\n|\n|t:|1771239675\n|move|p1a: Raging Bolt|Thunderclap|p2a: Fezandipiti\n|-damage|p2a: Fezandipiti|35/100\n|move|p2a: Fezandipiti|Play Rough|p1a: Raging Bolt\n|-supereffective|p1a: Raging Bolt\n|-crit|p1a: Raging Bolt\n|-damage|p1a: Raging Bolt|0 fnt\n|faint|p1a: Raging Bolt\n|-end|p1a: Raging Bolt|Protosynthesis|[silent]\n|\n|upkeep\n|\n|t:|1771239679\n|switch|p1a: Mudsdale|Mudsdale, M|100/100\n|turn|4\n|\n|t:|1771239693\n|move|p2a: Fezandipiti|Beat Up|p1a: Mudsdale\n|-damage|p1a: Mudsdale|98/100\n|-ability|p1a: Mudsdale|Stamina|boost\n|-boost|p1a: Mudsdale|def|1\n|-damage|p1a: Mudsdale|95/100\n|-ability|p1a: Mudsdale|Stamina|boost\n|-boost|p1a: Mudsdale|def|1\n|-status|p1a: Mudsdale|tox|[from] ability: Toxic Chain|[of] p2a: Fezandipiti\n|-damage|p1a: Mudsdale|94/100 tox\n|-ability|p1a: Mudsdale|Stamina|boost\n|-boost|p1a: Mudsdale|def|1\n|-damage|p1a: Mudsdale|93/100 tox\n|-ability|p1a: Mudsdale|Stamina|boost\n|-boost|p1a: Mudsdale|def|1\n|-damage|p1a: Mudsdale|92/100 tox\n|-ability|p1a: Mudsdale|Stamina|boost\n|-boost|p1a: Mudsdale|def|1\n|-damage|p1a: Mudsdale|91/100 tox\n|-ability|p1a: Mudsdale|Stamina|boost\n|-boost|p1a: Mudsdale|def|1\n|-hitcount|p1a: Mudsdale|6\n|move|p1a: Mudsdale|Curse|p1a: Mudsdale\n|-unboost|p1a: Mudsdale|spe|1\n|-boost|p1a: Mudsdale|atk|1\n|\n|-damage|p1a: Mudsdale|84/100 tox|[from] psn\n|upkeep\n|turn|5\n|inactive|theonReekGreyjoy93 has 120 seconds left.\n|\n|t:|1771239716\n|move|p2a: Fezandipiti|U-turn|p1a: Mudsdale\n|-damage|p1a: Mudsdale|81/100 tox\n|\n|t:|1771239718\n|switch|p2a: Ninetales|Ninetales, F|100/100|[from] U-turn\n|-weather|SunnyDay|[from] ability: Drought|[of] p2a: Ninetales\n|move|p1a: Mudsdale|Earthquake|p2a: Ninetales\n|-supereffective|p2a: Ninetales\n|-damage|p2a: Ninetales|0 fnt\n|faint|p2a: Ninetales\n|\n|-weather|SunnyDay|[upkeep]\n|-damage|p1a: Mudsdale|69/100 tox|[from] psn\n|upkeep\n|inactive|theonReekGreyjoy93 has 120 seconds left.\n|\n|t:|1771239729\n|switch|p2a: Walking Wake|Walking Wake|100/100\n|-activate|p2a: Walking Wake|ability: Protosynthesis\n|-start|p2a: Walking Wake|protosynthesisspe\n|turn|6\n|\n|t:|1771239734\n|switch|p1a: Keldeo|Keldeo-Resolute|100/100\n|move|p2a: Walking Wake|Flip Turn|p1a: Keldeo\n|-resisted|p1a: Keldeo\n|-damage|p1a: Keldeo|96/100\n|\n|t:|1771239741\n|-end|p2a: Walking Wake|Protosynthesis|[silent]\n|switch|p2a: Zarude|Zarude|100/100|[from] Flip Turn\n|\n|-weather|SunnyDay|[upkeep]\n|upkeep\n|turn|7\n|\n|t:|1771239750\n|-terastallize|p2a: Zarude|Fairy\n|move|p1a: Keldeo|Secret Sword|p2a: Zarude\n|-resisted|p2a: Zarude\n|-damage|p2a: Zarude|73/100\n|-damage|p1a: Keldeo|86/100|[from] item: Life Orb\n|move|p2a: Zarude|Swords Dance|p2a: Zarude\n|-boost|p2a: Zarude|atk|2\n|\n|-weather|SunnyDay|[upkeep]\n|upkeep\n|turn|8\n|\n|t:|1771239762\n|move|p1a: Keldeo|Icy Wind|p2a: Zarude\n|-damage|p2a: Zarude|48/100\n|-unboost|p2a: Zarude|spe|1\n|-damage|p1a: Keldeo|76/100|[from] item: Life Orb\n|move|p2a: Zarude|Solar Blade||[still]\n|-prepare|p2a: Zarude|Solar Blade\n|-anim|p2a: Zarude|Solar Blade|p1a: Keldeo\n|-supereffective|p1a: Keldeo\n|-damage|p1a: Keldeo|0 fnt\n|faint|p1a: Keldeo\n|-damage|p2a: Zarude|39/100|[from] item: Life Orb\n|\n|-weather|SunnyDay|[upkeep]\n|upkeep\n|\n|t:|1771239770\n|switch|p1a: Ogerpon|Ogerpon, F|100/100\n|turn|9\n|\n|t:|1771239779\n|switch|p2a: Fezandipiti|Fezandipiti, M|35/100\n|move|p1a: Ogerpon|U-turn|p2a: Fezandipiti\n|-resisted|p2a: Fezandipiti\n|-damage|p2a: Fezandipiti|28/100\n|-damage|p1a: Ogerpon|84/100|[from] item: Rocky Helmet|[of] p2a: Fezandipiti\n|\n|t:|1771239782\n|switch|p1a: Mudsdale|Mudsdale, M|69/100 tox|[from] U-turn\n|\n|-weather|SunnyDay|[upkeep]\n|-damage|p1a: Mudsdale|62/100 tox|[from] psn\n|upkeep\n|turn|10\n|\n|t:|1771239790\n|move|p2a: Fezandipiti|U-turn|p1a: Mudsdale\n|-damage|p1a: Mudsdale|49/100 tox\n|-ability|p1a: Mudsdale|Stamina|boost\n|-boost|p1a: Mudsdale|def|1\n|-enditem|p1a: Mudsdale|Sitrus Berry|[eat]\n|-heal|p1a: Mudsdale|74/100 tox|[from] item: Sitrus Berry\n|\n|t:|1771239796\n|switch|p2a: Heatran|Heatran, M|100/100|[from] U-turn\n|-item|p2a: Heatran|Air Balloon\n|move|p1a: Mudsdale|Earthquake|p2a: Heatran\n|-immune|p2a: Heatran\n|\n|-weather|SunnyDay|[upkeep]\n|-damage|p1a: Mudsdale|62/100 tox|[from] psn\n|upkeep\n|turn|11\n|\n|t:|1771239804\n|move|p2a: Heatran|Magma Storm|p1a: Mudsdale\n|-crit|p1a: Mudsdale\n|-damage|p1a: Mudsdale|0 fnt\n|faint|p1a: Mudsdale\n|\n|-weather|SunnyDay|[upkeep]\n|upkeep\n|\n|t:|1771239810\n|switch|p1a: Ogerpon|Ogerpon, F|84/100\n|turn|12\n|\n|t:|1771239813\n|switch|p2a: Fezandipiti|Fezandipiti, M|28/100\n|move|p1a: Ogerpon|Low Kick|p2a: Fezandipiti\n|-resisted|p2a: Fezandipiti\n|-damage|p2a: Fezandipiti|21/100\n|-damage|p1a: Ogerpon|67/100|[from] item: Rocky Helmet|[of] p2a: Fezandipiti\n|\n|-weather|none\n|upkeep\n|turn|13\n|\n|t:|1771239819\n|switch|p1a: Corviknight|Corviknight, F, shiny|100/100\n|-ability|p1a: Corviknight|Pressure\n|move|p2a: Fezandipiti|U-turn|p1a: Corviknight\n|-resisted|p1a: Corviknight\n|-damage|p1a: Corviknight|98/100\n|-damage|p2a: Fezandipiti|4/100|[from] item: Rocky Helmet|[of] p1a: Corviknight\n|\n|t:|1771239823\n|switch|p2a: Heatran|Heatran, M|100/100|[from] U-turn\n|-item|p2a: Heatran|Air Balloon\n|\n|upkeep\n|turn|14\n|\n|t:|1771239828\n|move|p2a: Heatran|Magma Storm|p1a: Corviknight|[miss]\n|-miss|p2a: Heatran|p1a: Corviknight\n|move|p1a: Corviknight|U-turn|p2a: Heatran\n|-resisted|p2a: Heatran\n|-damage|p2a: Heatran|98/100\n|-enditem|p2a: Heatran|Air Balloon\n|\n|t:|1771239830\n|switch|p1a: Ogerpon|Ogerpon, F|67/100|[from] U-turn\n|\n|upkeep\n|turn|15\n|\n|t:|1771239834\n|switch|p2a: Fezandipiti|Fezandipiti, M|4/100\n|move|p1a: Ogerpon|Low Kick|p2a: Fezandipiti\n|-resisted|p2a: Fezandipiti\n|-damage|p2a: Fezandipiti|0 fnt\n|-damage|p1a: Ogerpon|51/100|[from] item: Rocky Helmet|[of] p2a: Fezandipiti\n|faint|p2a: Fezandipiti\n|\n|upkeep\n|\n|t:|1771239851\n|switch|p2a: Zarude|Zarude, tera:Fairy|39/100\n|turn|16\n|\n|t:|1771239862\n|switch|p1a: Corviknight|Corviknight, F, shiny|98/100\n|-ability|p1a: Corviknight|Pressure\n|move|p2a: Zarude|Synthesis|p2a: Zarude\n|-heal|p2a: Zarude|88/100\n|\n|upkeep\n|turn|17\n|\n|t:|1771239868\n|move|p2a: Zarude|Knock Off|p1a: Corviknight\n|-damage|p1a: Corviknight|58/100\n|-damage|p2a: Zarude|72/100|[from] item: Rocky Helmet|[of] p1a: Corviknight\n|-enditem|p1a: Corviknight|Rocky Helmet|[from] move: Knock Off|[of] p2a: Zarude\n|-damage|p2a: Zarude|62/100|[from] item: Life Orb\n|move|p1a: Corviknight|U-turn|p2a: Zarude\n|-resisted|p2a: Zarude\n|-damage|p2a: Zarude|56/100\n|\n|t:|1771239877\n|switch|p1a: Ogerpon|Ogerpon, F|51/100|[from] U-turn\n|\n|upkeep\n|turn|18\n|\n|t:|1771239888\n|move|p1a: Ogerpon|Ivy Cudgel|p2a: Zarude\n|-damage|p2a: Zarude|0 fnt\n|faint|p2a: Zarude\n|\n|upkeep\n|\n|t:|1771239891\n|switch|p2a: Heatran|Heatran, M|98/100\n|turn|19\n|\n|t:|1771239895\n|switch|p1a: Corviknight|Corviknight, F, shiny|58/100\n|-ability|p1a: Corviknight|Pressure\n|move|p2a: Heatran|Magma Storm|p1a: Corviknight\n|-supereffective|p1a: Corviknight\n|-damage|p1a: Corviknight|0 fnt\n|faint|p1a: Corviknight\n|\n|upkeep\n|\n|t:|1771239901\n|switch|p1a: Ogerpon|Ogerpon, F|51/100\n|turn|20\n|\n|t:|1771239913\n|switch|p2a: Walking Wake|Walking Wake|100/100\n|move|p1a: Ogerpon|Low Kick|p2a: Walking Wake\n|-damage|p2a: Walking Wake|56/100\n|\n|upkeep\n|turn|21\n|\n|t:|1771239923\n|move|p1a: Ogerpon|Low Kick|p2a: Walking Wake\n|-damage|p2a: Walking Wake|8/100\n|move|p2a: Walking Wake|Flamethrower|p1a: Ogerpon\n|-supereffective|p1a: Ogerpon\n|-damage|p1a: Ogerpon|0 fnt\n|faint|p1a: Ogerpon\n|\n|upkeep\n|\n|t:|1771239928\n|switch|p1a: Gholdengo|Gholdengo|100/100\n|-item|p1a: Gholdengo|Air Balloon\n|turn|22\n|-message|suaiaj forfeited.\n|\n|win|theonReekGreyjoy93\n|raw|suaiaj's rating: 1514 &rarr; <strong>1502</strong><br />(-12 for losing)\n|raw|theonReekGreyjoy93's rating: 1663 &rarr; <strong>1675</strong><br />(+12 for winning)\n|l|☆suaiaj\n|player|p1|\n", "uploadtime": 1771240171, "views": 8, "formatid": "gen9ou", "rating": 1502, "private": 0, "password": null}