{"id": "gen9ou-2540949649", "format": "[Gen 9] OU", "players": ["TrentMercer", "intelPearl"], "log": "|j|☆TrentMercer\n|j|☆intelPearl\n|t:|1771270048\n|gametype|singles\n|player|p1|TrentMercer|cynthia|1672\n|player|p2|intelPearl|bellelba|1605\n|gen|9\n|tier|[Gen 9] OU\n|rated|\n|rule|HP Percentage Mod: HP is shown in percentages\n|rule|Endless Battle Clause: Forcing endless battles is banned\n|rule|Species Clause: Limit one of each Pokémon\n|rule|OHKO Clause: OHKO moves are banned\n|rule|Evasion Items Clause: Evasion items are banned\n|rule|Evasion Moves Clause: Evasion moves are banned\n|rule|Evasion Abilities Clause: Evasion abilities are banned\n|rule|Sleep Moves Clause: Sleep-inducing moves are banned\n|clearpoke\n|poke|p1|Corviknight, M|\n|poke|p1|Garchomp, F|\n|poke|p1|Crawdaunt, F|\n|poke|p1|Houndoom, M|\n|poke|p1|Gholdengo|\n|poke|p1|Slowking-Galar, M|\n|poke|p2|Tyranitar, M|\n|poke|p2|Hydrapple, F|\n|poke|p2|Enamorus, F|\n|poke|p2|Garganacl, F|\n|poke|p2|Excadrill, F|\n|poke|p2|Alomomola, F|\n|teampreview\n|\n|t:|1771270059\n|teamsize|p1|6\n|teamsize|p2|6\n|start\n|switch|p1a: Crawdaunt|Crawdaunt, F|100/100\n|switch|p2a: Hydrapple|Hydrapple, F|100/100\n|turn|1\n|\n|t:|1771270062\n|switch|p1a: Slowking|Slowking-Galar, M|100/100\n|move|p2a: Hydrapple|Giga Drain|p1a: Slowking\n|-resisted|p1a: Slowking\n|-damage|p1a: Slowking|94/100\n|\n|upkeep\n|turn|2\n|\n|t:|1771270066\n|switch|p2a: Garganacl|Garganacl, F|100/100\n|move|p1a: Slowking|Sludge Bomb|p2a: Garganacl\n|-resisted|p2a: Garganacl\n|-damage|p2a: Garganacl|86/100\n|\n|-heal|p2a: Garganacl|93/100|[from] item: Leftovers\n|upkeep\n|turn|3\n|\n|t:|1771270070\n|switch|p1a: Garchomp|Garchomp, F|100/100\n|move|p2a: Garganacl|Stealth Rock|p1a: Garchomp\n|-sidestart|p1: TrentMercer|move: Stealth Rock\n|\n|-heal|p2a: Garganacl|99/100|[from] item: Leftovers\n|upkeep\n|turn|4\n|\n|t:|1771270073\n|move|p1a: Garchomp|Stealth Rock|p2a: Garganacl\n|-sidestart|p2: intelPearl|move: Stealth Rock\n|move|p2a: Garganacl|Salt Cure|p1a: Garchomp\n|-resisted|p1a: Garchomp\n|-damage|p1a: Garchomp|96/100\n|-start|p1a: Garchomp|Salt Cure\n|\n|-heal|p2a: Garganacl|100/100|[from] item: Leftovers\n|-damage|p1a: Garchomp|84/100|[from] Salt Cure\n|upkeep\n|turn|5\n|\n|t:|1771270076\n|switch|p2a: Alomomola|Alomomola, F|100/100\n|-damage|p2a: Alomomola|88/100|[from] Stealth Rock\n|move|p1a: Garchomp|Spikes|p2a: Alomomola\n|-sidestart|p2: intelPearl|Spikes\n|\n|-damage|p1a: Garchomp|71/100|[from] Salt Cure\n|upkeep\n|turn|6\n|\n|t:|1771270080\n|move|p1a: Garchomp|Spikes|p2a: Alomomola\n|-sidestart|p2: intelPearl|Spikes\n|move|p2a: Alomomola|Ice Beam|p1a: Garchomp\n|-supereffective|p1a: Garchomp\n|-damage|p1a: Garchomp|31/100\n|-status|p1a: Garchomp|frz\n|\n|-damage|p1a: Garchomp|19/100 frz|[from] Salt Cure\n|upkeep\n|turn|7\n|\n|t:|1771270083\n|cant|p1a: Garchomp|frz\n|move|p2a: Alomomola|Flip Turn|p1a: Garchomp\n|-damage|p1a: Garchomp|7/100 frz\n|-damage|p2a: Alomomola|76/100|[from] ability: Rough Skin|[of] p1a: Garchomp\n|-damage|p2a: Alomomola|59/100|[from] item: Rocky Helmet|[of] p1a: Garchomp\n|\n|t:|1771270088\n|switch|p2a: Excadrill|Excadrill, F|100/100|[from] Flip Turn\n|-damage|p2a: Excadrill|97/100|[from] Stealth Rock\n|-damage|p2a: Excadrill|81/100|[from] Spikes\n|\n|-heal|p2a: Excadrill|87/100|[from] item: Leftovers\n|-damage|p1a: Garchomp|0 fnt|[from] Salt Cure\n|faint|p1a: Garchomp\n|upkeep\n|\n|t:|1771270101\n|switch|p1a: Gholdengo|Gholdengo|100/100\n|-damage|p1a: Gholdengo|94/100|[from] Stealth Rock\n|-item|p1a: Gholdengo|Air Balloon\n|turn|8\n|\n|t:|1771270109\n|move|p2a: Excadrill|Rock Slide|p1a: Gholdengo\n|-resisted|p1a: Gholdengo\n|-damage|p1a: Gholdengo|78/100\n|-enditem|p1a: Gholdengo|Air Balloon\n|move|p1a: Gholdengo|Shadow Ball|p2a: Excadrill\n|-damage|p2a: Excadrill|33/100\n|\n|-heal|p2a: Excadrill|39/100|[from] item: Leftovers\n|upkeep\n|turn|9\n|\n|t:|1771270117\n|move|p2a: Excadrill|Substitute|p2a: Excadrill\n|-start|p2a: Excadrill|Substitute\n|-damage|p2a: Excadrill|14/100\n|move|p1a: Gholdengo|Shadow Ball|p2a: Excadrill\n|-end|p2a: Excadrill|Substitute\n|\n|-heal|p2a: Excadrill|20/100|[from] item: Leftovers\n|upkeep\n|turn|10\n|\n|t:|1771270124\n|move|p2a: Excadrill|Earthquake|p1a: Gholdengo\n|-supereffective|p1a: Gholdengo\n|-damage|p1a: Gholdengo|0 fnt\n|faint|p1a: Gholdengo\n|\n|-heal|p2a: Excadrill|26/100|[from] item: Leftovers\n|upkeep\n|\n|t:|1771270127\n|switch|p1a: Crawdaunt|Crawdaunt, F|100/100\n|-damage|p1a: Crawdaunt|88/100|[from] Stealth Rock\n|turn|11\n|\n|t:|1771270138\n|move|p1a: Crawdaunt|Aqua Jet|p2a: Excadrill\n|-supereffective|p2a: Excadrill\n|-damage|p2a: Excadrill|0 fnt\n|faint|p2a: Excadrill\n|\n|upkeep\n|\n|t:|1771270141\n|switch|p2a: Hydrapple|Hydrapple, F|100/100\n|-damage|p2a: Hydrapple|88/100|[from] Stealth Rock\n|-damage|p2a: Hydrapple|72/100|[from] Spikes\n|turn|12\n|\n|t:|1771270145\n|switch|p1a: Slowking|Slowking-Galar, M|100/100\n|-damage|p1a: Slowking|88/100|[from] Stealth Rock\n|move|p2a: Hydrapple|Nasty Plot|p2a: Hydrapple\n|-boost|p2a: Hydrapple|spa|2\n|\n|upkeep\n|turn|13\n|\n|t:|1771270149\n|move|p2a: Hydrapple|Earth Power|p1a: Slowking\n|-supereffective|p1a: Slowking\n|-crit|p1a: Slowking\n|-damage|p1a: Slowking|15/100\n|move|p1a: Slowking|Ice Beam|p2a: Hydrapple\n|-supereffective|p2a: Hydrapple\n|-damage|p2a: Hydrapple|0 fnt\n|faint|p2a: Hydrapple\n|\n|upkeep\n|\n|t:|1771270154\n|switch|p2a: Tyranitar|Tyranitar, M|100/100\n|-damage|p2a: Tyranitar|88/100|[from] Stealth Rock\n|-damage|p2a: Tyranitar|72/100|[from] Spikes\n|-weather|Sandstorm|[from] ability: Sand Stream|[of] p2a: Tyranitar\n|turn|14\n|\n|t:|1771270158\n|switch|p1a: Corviknight|Corviknight, M, shiny|100/100\n|-damage|p1a: Corviknight|88/100|[from] Stealth Rock\n|-ability|p1a: Corviknight|Pressure\n|move|p2a: Tyranitar|Knock Off|p1a: Corviknight\n|-damage|p1a: Corviknight|42/100\n|-enditem|p1a: Corviknight|Leftovers|[from] move: Knock Off|[of] p2a: Tyranitar\n|\n|-weather|Sandstorm|[upkeep]\n|upkeep\n|turn|15\n|\n|t:|1771270163\n|switch|p2a: Garganacl|Garganacl, F|100/100\n|-damage|p2a: Garganacl|88/100|[from] Stealth Rock\n|-damage|p2a: Garganacl|72/100|[from] Spikes\n|move|p1a: Corviknight|Roost|p1a: Corviknight\n|-heal|p1a: Corviknight|92/100\n|-singleturn|p1a: Corviknight|move: Roost\n|\n|-weather|Sandstorm|[upkeep]\n|-heal|p2a: Garganacl|78/100|[from] item: Leftovers\n|upkeep\n|turn|16\n|\n|t:|1771270168\n|move|p1a: Corviknight|Body Press|p2a: Garganacl\n|-supereffective|p2a: Garganacl\n|-damage|p2a: Garganacl|42/100\n|move|p2a: Garganacl|Salt Cure|p1a: Corviknight\n|-damage|p1a: Corviknight|83/100\n|-start|p1a: Corviknight|Salt Cure\n|\n|-weather|Sandstorm|[upkeep]\n|-heal|p2a: Garganacl|48/100|[from] item: Leftovers\n|-damage|p1a: Corviknight|59/100|[from] Salt Cure\n|upkeep\n|turn|17\n|\n|t:|1771270174\n|switch|p1a: Crawdaunt|Crawdaunt, F|88/100\n|-damage|p1a: Crawdaunt|76/100|[from] Stealth Rock\n|-terastallize|p2a: Garganacl|Water\n|move|p2a: Garganacl|Recover|p2a: Garganacl\n|-heal|p2a: Garganacl|98/100\n|\n|-weather|Sandstorm|[upkeep]\n|-damage|p1a: Crawdaunt|70/100|[from] Sandstorm\n|-damage|p2a: Garganacl|92/100|[from] Sandstorm\n|-heal|p2a: Garganacl|98/100|[from] item: Leftovers\n|upkeep\n|turn|18\n|\n|t:|1771270178\n|move|p1a: Crawdaunt|Knock Off|p2a: Garganacl\n|-damage|p2a: Garganacl|25/100\n|-enditem|p2a: Garganacl|Leftovers|[from] move: Knock Off|[of] p1a: Crawdaunt\n|move|p2a: Garganacl|Salt Cure|p1a: Crawdaunt\n|-damage|p1a: Crawdaunt|48/100\n|-start|p1a: Crawdaunt|Salt Cure\n|\n|-weather|none\n|-damage|p1a: Crawdaunt|24/100|[from] Salt Cure\n|upkeep\n|turn|19\n|\n|t:|1771270181\n|move|p2a: Garganacl|Protect|p2a: Garganacl\n|-singleturn|p2a: Garganacl|Protect\n|move|p1a: Crawdaunt|Knock Off|p2a: Garganacl\n|-activate|p2a: Garganacl|move: Protect\n|\n|-damage|p1a: Crawdaunt|0 fnt|[from] Salt Cure\n|faint|p1a: Crawdaunt\n|upkeep\n|\n|t:|1771270184\n|switch|p1a: Houndoom|Houndoom, M|100/100\n|-damage|p1a: Houndoom|76/100|[from] Stealth Rock\n|turn|20\n|\n|t:|1771270188\n|move|p1a: Houndoom|Dark Pulse|p2a: Garganacl\n|-damage|p2a: Garganacl|0 fnt\n|faint|p2a: Garganacl\n|\n|upkeep\n|\n|t:|1771270194\n|switch|p2a: Tyranitar|Tyranitar, M|72/100\n|-damage|p2a: Tyranitar|59/100|[from] Stealth Rock\n|-damage|p2a: Tyranitar|43/100|[from] Spikes\n|-weather|Sandstorm|[from] ability: Sand Stream|[of] p2a: Tyranitar\n|turn|21\n|\n|t:|1771270202\n|move|p1a: Houndoom|Dark Pulse|p2a: Tyranitar\n|-resisted|p2a: Tyranitar\n|-damage|p2a: Tyranitar|28/100\n|move|p2a: Tyranitar|Stone Edge|p1a: Houndoom\n|-supereffective|p1a: Houndoom\n|-damage|p1a: Houndoom|0 fnt\n|faint|p1a: Houndoom\n|\n|-weather|Sandstorm|[upkeep]\n|upkeep\n|\n|t:|1771270207\n|switch|p1a: Corviknight|Corviknight, M, shiny|59/100\n|-damage|p1a: Corviknight|46/100|[from] Stealth Rock\n|-ability|p1a: Corviknight|Pressure\n|turn|22\n|\n|t:|1771270209\n|move|p2a: Tyranitar|Stone Edge|p1a: Corviknight\n|-damage|p1a: Corviknight|0 fnt\n|faint|p1a: Corviknight\n|\n|-weather|Sandstorm|[upkeep]\n|upkeep\n|\n|t:|1771270212\n|switch|p1a: Slowking|Slowking-Galar, M|49/100\n|-damage|p1a: Slowking|36/100|[from] Stealth Rock\n|turn|23\n|\n|t:|1771270214\n|-terastallize|p1a: Slowking|Grass\n|move|p2a: Tyranitar|Stone Edge|p1a: Slowking\n|-damage|p1a: Slowking|0 fnt\n|faint|p1a: Slowking\n|\n|win|intelPearl\n|raw|TrentMercer's rating: 1672 &rarr; <strong>1648</strong><br />(-24 for losing)\n|raw|intelPearl's rating: 1605 &rarr; <strong>1629</strong><br />(+24 for winning)\n|l|☆TrentMercer\n|player|p1|\n|l|☆intelPearl\n|player|p2|\n", "uploadtime": 1771270434, "views": 2, "formatid": "gen9ou", "rating": 1629, "private": 0, "password": null}