{"id": "gen9ou-2540475269", "format": "[Gen 9] OU", "players": ["FCPSITSGEP", "suaiaj"], "log": "|j|☆FCPSITSGEP\n|j|☆suaiaj\n|t:|1771206656\n|gametype|singles\n|player|p1|FCPSITSGEP|169|1506\n|player|p2|suaiaj|wallace|1561\n|gen|9\n|tier|[Gen 9] OU\n|rated|\n|rule|HP Percentage Mod: HP is shown in percentages\n|rule|Endless Battle Clause: Forcing endless battles is banned\n|rule|Species Clause: Limit one of each Pokémon\n|rule|OHKO Clause: OHKO moves are banned\n|rule|Evasion Items Clause: Evasion items are banned\n|rule|Evasion Moves Clause: Evasion moves are banned\n|rule|Evasion Abilities Clause: Evasion abilities are banned\n|rule|Sleep Moves Clause: Sleep-inducing moves are banned\n|clearpoke\n|poke|p1|Ninetales, M|\n|poke|p1|Raging Bolt|\n|poke|p1|Walking Wake|\n|poke|p1|Hatterene, F|\n|poke|p1|Great Tusk|\n|poke|p1|Heatran, F|\n|poke|p2|Kleavor, M|\n|poke|p2|Brambleghast, F|\n|poke|p2|Moltres|\n|poke|p2|Mamoswine, F|\n|poke|p2|Pecharunt|\n|poke|p2|Kingambit, F|\n|teampreview\n|inactive|Battle timer is ON: inactive players will automatically lose when time's up. (requested by FCPSITSGEP)\n|\n|t:|1771206673\n|teamsize|p1|6\n|teamsize|p2|6\n|start\n|switch|p1a: Great Tusk|Great Tusk|100/100\n|switch|p2a: Mamoswine|Mamoswine, F|100/100\n|turn|1\n|inactive|FCPSITSGEP has 120 seconds left.\n|\n|t:|1771206705\n|-end|p1a: Great Tusk|Protosynthesis|[silent]\n|switch|p1a: Hatterene|Hatterene, F|100/100\n|move|p2a: Mamoswine|Endeavor|p1a: Hatterene\n|-immune|p1a: Hatterene\n|\n|upkeep\n|turn|2\n|\n|t:|1771206722\n|move|p2a: Mamoswine|Icicle Crash|p1a: Hatterene\n|-damage|p1a: Hatterene|56/100\n|-enditem|p1a: Hatterene|Eject Button\n|inactive|FCPSITSGEP has 120 seconds left.\n|\n|t:|1771206750\n|switch|p1a: Heatran|Heatran, F|100/100\n|-item|p1a: Heatran|Air Balloon\n|\n|upkeep\n|turn|3\n|\n|t:|1771206759\n|move|p1a: Heatran|Magma Storm|p2a: Mamoswine\n|-supereffective|p2a: Mamoswine\n|-crit|p2a: Mamoswine\n|-enditem|p2a: Mamoswine|Focus Sash\n|-damage|p2a: Mamoswine|1/100\n|-activate|p2a: Mamoswine|move: Magma Storm|[of] p1a: Heatran\n|move|p2a: Mamoswine|Icicle Crash|p1a: Heatran\n|-resisted|p1a: Heatran\n|-damage|p1a: Heatran|87/100\n|-enditem|p1a: Heatran|Air Balloon\n|\n|-damage|p2a: Mamoswine|0 fnt|[from] move: Magma Storm|[partiallytrapped]\n|faint|p2a: Mamoswine\n|upkeep\n|\n|t:|1771206765\n|switch|p2a: Kleavor|Kleavor, M|100/100\n|turn|4\n|\n|t:|1771206769\n|move|p2a: Kleavor|Stone Axe|p1a: Heatran|[miss]\n|-miss|p2a: Kleavor|p1a: Heatran\n|move|p1a: Heatran|Magma Storm|p2a: Kleavor\n|-damage|p2a: Kleavor|14/100\n|-activate|p2a: Kleavor|move: Magma Storm|[of] p1a: Heatran\n|\n|-damage|p2a: Kleavor|2/100|[from] move: Magma Storm|[partiallytrapped]\n|upkeep\n|turn|5\n|\n|t:|1771206784\n|move|p2a: Kleavor|Stone Axe|p1a: Heatran\n|-damage|p1a: Heatran|31/100\n|-sidestart|p1: FCPSITSGEP|move: Stealth Rock\n|move|p1a: Heatran|Earth Power|p2a: Kleavor\n|-damage|p2a: Kleavor|0 fnt\n|faint|p2a: Kleavor\n|\n|upkeep\n|\n|t:|1771206790\n|switch|p2a: Moltres|Moltres|100/100\n|turn|6\n|\n|t:|1771206797\n|move|p1a: Heatran|Taunt|p2a: Moltres\n|-start|p2a: Moltres|move: Taunt\n|cant|p2a: Moltres|move: Taunt|Tailwind\n|\n|upkeep\n|turn|7\n|\n|t:|1771206801\n|move|p1a: Heatran|Magma Storm|p2a: Moltres\n|-resisted|p2a: Moltres\n|-crit|p2a: Moltres\n|-damage|p2a: Moltres|59/100\n|-activate|p2a: Moltres|move: Magma Storm|[of] p1a: Heatran\n|move|p2a: Moltres|U-turn|p1a: Heatran\n|-resisted|p1a: Heatran\n|-damage|p1a: Heatran|28/100\n|\n|t:|1771206804\n|switch|p2a: Brambleghast|Brambleghast, F|100/100|[from] U-turn\n|\n|upkeep\n|turn|8\n|\n|t:|1771206810\n|move|p2a: Brambleghast|Poltergeist||[still]\n|-fail|p2a: Brambleghast\n|move|p1a: Heatran|Magma Storm|p2a: Brambleghast|[miss]\n|-miss|p1a: Heatran|p2a: Brambleghast\n|\n|upkeep\n|turn|9\n|\n|t:|1771206818\n|switch|p2a: Moltres|Moltres|59/100\n|move|p1a: Heatran|Magma Storm|p2a: Moltres\n|-resisted|p2a: Moltres\n|-damage|p2a: Moltres|27/100\n|-activate|p2a: Moltres|move: Magma Storm|[of] p1a: Heatran\n|\n|-damage|p2a: Moltres|15/100|[from] move: Magma Storm|[partiallytrapped]\n|upkeep\n|turn|10\n|\n|t:|1771206822\n|move|p1a: Heatran|Taunt|p2a: Moltres\n|-start|p2a: Moltres|move: Taunt\n|move|p2a: Moltres|Hurricane|p1a: Heatran\n|-resisted|p1a: Heatran\n|-damage|p1a: Heatran|0 fnt\n|faint|p1a: Heatran\n|\n|-end|p2a: Moltres|Magma Storm|[partiallytrapped]|[silent]\n|upkeep\n|\n|t:|1771206831\n|switch|p1a: Ninetales|Ninetales, M|100/100\n|-damage|p1a: Ninetales|76/100|[from] Stealth Rock\n|-weather|SunnyDay|[from] ability: Drought|[of] p1a: Ninetales\n|turn|11\n|\n|t:|1771206837\n|switch|p1a: Walking Wake|Walking Wake|100/100\n|-damage|p1a: Walking Wake|88/100|[from] Stealth Rock\n|-activate|p1a: Walking Wake|ability: Protosynthesis\n|-start|p1a: Walking Wake|protosynthesisspe\n|move|p2a: Moltres|Hurricane|p1a: Walking Wake\n|-damage|p1a: Walking Wake|22/100\n|-start|p1a: Walking Wake|confusion\n|\n|-weather|SunnyDay|[upkeep]\n|upkeep\n|turn|12\n|\n|t:|1771206846\n|-activate|p1a: Walking Wake|confusion\n|move|p1a: Walking Wake|Hydro Steam|p2a: Moltres\n|-supereffective|p2a: Moltres\n|-damage|p2a: Moltres|0 fnt\n|faint|p2a: Moltres\n|\n|-weather|SunnyDay|[upkeep]\n|upkeep\n|\n|t:|1771206855\n|switch|p2a: Brambleghast|Brambleghast, F|100/100\n|turn|13\n|\n|t:|1771206863\n|-end|p1a: Walking Wake|Protosynthesis|[silent]\n|switch|p1a: Raging Bolt|Raging Bolt|100/100\n|-activate|p1a: Raging Bolt|ability: Protosynthesis\n|-start|p1a: Raging Bolt|protosynthesisspa\n|move|p2a: Brambleghast|Rapid Spin|p1a: Raging Bolt\n|-damage|p1a: Raging Bolt|82/100\n|-boost|p2a: Brambleghast|spe|1\n|-damage|p2a: Brambleghast|91/100|[from] item: Life Orb\n|\n|-weather|SunnyDay|[upkeep]\n|upkeep\n|turn|14\n|\n|t:|1771206870\n|move|p2a: Brambleghast|Power Whip|p1a: Raging Bolt\n|-resisted|p1a: Raging Bolt\n|-damage|p1a: Raging Bolt|49/100\n|-damage|p2a: Brambleghast|81/100|[from] item: Life Orb\n|move|p1a: Raging Bolt|Dragon Pulse|p2a: Brambleghast\n|-damage|p2a: Brambleghast|0 fnt\n|faint|p2a: Brambleghast\n|\n|-weather|SunnyDay|[upkeep]\n|upkeep\n|\n|t:|1771206879\n|switch|p2a: Kingambit|Kingambit, F|100/100\n|-activate|p2a: Kingambit|ability: Supreme Overlord\n|-start|p2a: Kingambit|fallen4|[silent]\n|turn|15\n|\n|t:|1771206882\n|move|p1a: Raging Bolt|Volt Switch|p2a: Kingambit\n|-damage|p2a: Kingambit|35/100\n|\n|t:|1771206885\n|-end|p1a: Raging Bolt|Protosynthesis|[silent]\n|switch|p1a: Great Tusk|Great Tusk|100/100|[from] Volt Switch\n|-activate|p1a: Great Tusk|ability: Protosynthesis\n|-start|p1a: Great Tusk|protosynthesisspe\n|move|p2a: Kingambit|Low Kick|p1a: Great Tusk\n|-damage|p1a: Great Tusk|61/100\n|\n|-weather|SunnyDay|[upkeep]\n|upkeep\n|turn|16\n|\n|t:|1771206893\n|-end|p2a: Kingambit|fallen4|[silent]\n|switch|p2a: Pecharunt|Pecharunt|100/100\n|-item|p2a: Pecharunt|Air Balloon\n|move|p1a: Great Tusk|Headlong Rush|p2a: Pecharunt\n|-immune|p2a: Pecharunt\n|\n|-weather|SunnyDay|[upkeep]\n|upkeep\n|turn|17\n|\n|t:|1771206902\n|move|p1a: Great Tusk|Ice Spinner|p2a: Pecharunt\n|-damage|p2a: Pecharunt|85/100\n|-enditem|p2a: Pecharunt|Air Balloon\n|move|p2a: Pecharunt|Malignant Chain|p1a: Great Tusk\n|-resisted|p1a: Great Tusk\n|-crit|p1a: Great Tusk\n|-damage|p1a: Great Tusk|22/100\n|\n|-weather|SunnyDay|[upkeep]\n|upkeep\n|turn|18\n|\n|t:|1771206911\n|move|p1a: Great Tusk|Headlong Rush|p2a: Pecharunt\n|-supereffective|p2a: Pecharunt\n|-damage|p2a: Pecharunt|14/100\n|-unboost|p1a: Great Tusk|def|1\n|-unboost|p1a: Great Tusk|spd|1\n|move|p2a: Pecharunt|Malignant Chain|p1a: Great Tusk\n|-resisted|p1a: Great Tusk\n|-damage|p1a: Great Tusk|0 fnt\n|faint|p1a: Great Tusk\n|-end|p1a: Great Tusk|Protosynthesis|[silent]\n|\n|-weather|none\n|upkeep\n|\n|t:|1771206919\n|switch|p1a: Ninetales|Ninetales, M|76/100\n|-damage|p1a: Ninetales|51/100|[from] Stealth Rock\n|-weather|SunnyDay|[from] ability: Drought|[of] p1a: Ninetales\n|turn|19\n|\n|t:|1771206925\n|move|p1a: Ninetales|Weather Ball|p2a: Pecharunt\n|-damage|p2a: Pecharunt|0 fnt\n|faint|p2a: Pecharunt\n|\n|-weather|SunnyDay|[upkeep]\n|upkeep\n|\n|t:|1771206927\n|switch|p2a: Kingambit|Kingambit, F|35/100\n|-activate|p2a: Kingambit|ability: Supreme Overlord\n|-start|p2a: Kingambit|fallen5|[silent]\n|turn|20\n|\n|t:|1771206942\n|move|p1a: Ninetales|Healing Wish|p1a: Ninetales\n|faint|p1a: Ninetales\n|move|p2a: Kingambit|Kowtow Cleave|p1: Ninetales|[notarget]\n|-fail|p2a: Kingambit\n|\n|-weather|SunnyDay|[upkeep]\n|upkeep\n|\n|t:|1771206945\n|switch|p1a: Raging Bolt|Raging Bolt|49/100\n|-heal|p1a: Raging Bolt|100/100|[from] move: Healing Wish\n|-activate|p1a: Raging Bolt|ability: Protosynthesis\n|-start|p1a: Raging Bolt|protosynthesisspa\n|turn|21\n|\n|t:|1771206949\n|-terastallize|p1a: Raging Bolt|Fairy\n|-terastallize|p2a: Kingambit|Dark\n|move|p2a: Kingambit|Sucker Punch|p1a: Raging Bolt\n|-resisted|p1a: Raging Bolt\n|-damage|p1a: Raging Bolt|55/100\n|move|p1a: Raging Bolt|Thunderbolt|p2a: Kingambit\n|-damage|p2a: Kingambit|0 fnt\n|faint|p2a: Kingambit\n|-end|p2a: Kingambit|fallen5|[silent]\n|\n|win|FCPSITSGEP\n|raw|FCPSITSGEP's rating: 1506 &rarr; <strong>1529</strong><br />(+23 for winning)\n|raw|suaiaj's rating: 1561 &rarr; <strong>1538</strong><br />(-23 for losing)\n|c|☆FCPSITSGEP|gg\n|l|☆suaiaj\n|player|p2|\n", "uploadtime": 1771207129, "views": 10, "formatid": "gen9ou", "rating": 1529, "private": 0, "password": null}