{"id": "gen9ou-2540842611", "format": "[Gen 9] OU", "players": ["mrgoob6000", "Ancia"], "log": "|j|☆mrgoob6000\n|j|☆Ancia\n|t:|1771259694\n|gametype|singles\n|player|p1|mrgoob6000|dawn|1512\n|player|p2|Ancia|169|1538\n|gen|9\n|tier|[Gen 9] OU\n|rated|\n|rule|HP Percentage Mod: HP is shown in percentages\n|rule|Endless Battle Clause: Forcing endless battles is banned\n|rule|Species Clause: Limit one of each Pokémon\n|rule|OHKO Clause: OHKO moves are banned\n|rule|Evasion Items Clause: Evasion items are banned\n|rule|Evasion Moves Clause: Evasion moves are banned\n|rule|Evasion Abilities Clause: Evasion abilities are banned\n|rule|Sleep Moves Clause: Sleep-inducing moves are banned\n|clearpoke\n|poke|p1|Indeedee, M|\n|poke|p1|Gholdengo|\n|poke|p1|Polteageist|\n|poke|p1|Blaziken, F|\n|poke|p1|Iron Treads|\n|poke|p1|Deoxys-Speed|\n|poke|p2|Hatterene, F|\n|poke|p2|Ceruledge, M|\n|poke|p2|Hydrapple, M|\n|poke|p2|Milotic, F|\n|poke|p2|Gallade, M|\n|poke|p2|Glimmora, M|\n|teampreview\n|inactive|Battle timer is ON: inactive players will automatically lose when time's up. (requested by mrgoob6000)\n|\n|t:|1771259701\n|teamsize|p1|6\n|teamsize|p2|6\n|start\n|switch|p1a: Indeedee|Indeedee, M|100/100\n|switch|p2a: Hatterene|Hatterene, F|100/100\n|-fieldstart|move: Psychic Terrain|[from] ability: Psychic Surge|[of] p1a: Indeedee\n|turn|1\n|\n|t:|1771259708\n|switch|p1a: Gholdengo|Gholdengo|100/100\n|move|p2a: Hatterene|Calm Mind|p2a: Hatterene\n|-boost|p2a: Hatterene|spa|1\n|-boost|p2a: Hatterene|spd|1\n|\n|upkeep\n|turn|2\n|\n|t:|1771259713\n|-terastallize|p2a: Hatterene|Water\n|move|p1a: Gholdengo|Nasty Plot|p1a: Gholdengo\n|-boost|p1a: Gholdengo|spa|2\n|move|p2a: Hatterene|Calm Mind|p2a: Hatterene\n|-boost|p2a: Hatterene|spa|1\n|-boost|p2a: Hatterene|spd|1\n|\n|upkeep\n|turn|3\n|\n|t:|1771259718\n|move|p1a: Gholdengo|Shadow Ball|p2a: Hatterene\n|-crit|p2a: Hatterene\n|-damage|p2a: Hatterene|0 fnt\n|faint|p2a: Hatterene\n|\n|upkeep\n|\n|t:|1771259723\n|switch|p2a: Ceruledge|Ceruledge, M|100/100\n|turn|4\n|\n|t:|1771259736\n|move|p2a: Ceruledge|Swords Dance|p2a: Ceruledge\n|-boost|p2a: Ceruledge|atk|2\n|move|p1a: Gholdengo|Shadow Ball|p2a: Ceruledge\n|-supereffective|p2a: Ceruledge\n|-enditem|p2a: Ceruledge|Focus Sash\n|-damage|p2a: Ceruledge|1/100\n|-unboost|p2a: Ceruledge|spd|1\n|\n|upkeep\n|turn|5\n|\n|t:|1771259741\n|move|p1a: Gholdengo|Endure|p1a: Gholdengo\n|-singleturn|p1a: Gholdengo|move: Endure\n|move|p2a: Ceruledge|Bitter Blade|p1a: Gholdengo\n|-supereffective|p1a: Gholdengo\n|-activate|p1a: Gholdengo|move: Endure\n|-damage|p1a: Gholdengo|1/100\n|-heal|p2a: Ceruledge|55/100|[from] drain|[of] p1a: Gholdengo\n|-enditem|p1a: Gholdengo|Salac Berry|[eat]\n|-boost|p1a: Gholdengo|spe|1|[from] item: Salac Berry\n|\n|upkeep\n|turn|6\n|\n|t:|1771259753\n|switch|p2a: Milotic|Milotic, F|100/100\n|move|p1a: Gholdengo|Shadow Ball|p2a: Milotic\n|-damage|p2a: Milotic|45/100\n|\n|upkeep\n|turn|7\n|\n|t:|1771259777\n|move|p1a: Gholdengo|Shadow Ball|p2a: Milotic\n|-damage|p2a: Milotic|0 fnt\n|faint|p2a: Milotic\n|\n|upkeep\n|\n|t:|1771259782\n|switch|p2a: Glimmora|Glimmora, M|100/100\n|turn|8\n|\n|t:|1771259785\n|move|p1a: Gholdengo|Make It Rain|p2a: Glimmora\n|-supereffective|p2a: Glimmora\n|-damage|p2a: Glimmora|0 fnt\n|-unboost|p1a: Gholdengo|spa|1\n|faint|p2a: Glimmora\n|\n|-fieldend|move: Psychic Terrain\n|upkeep\n|\n|t:|1771259788\n|switch|p2a: Ceruledge|Ceruledge, M|55/100\n|turn|9\n|\n|t:|1771259806\n|move|p1a: Gholdengo|Shadow Ball|p2a: Ceruledge\n|-supereffective|p2a: Ceruledge\n|-damage|p2a: Ceruledge|0 fnt\n|faint|p2a: Ceruledge\n|\n|upkeep\n|\n|t:|1771259811\n|switch|p2a: Hydrapple|Hydrapple, M|100/100\n|turn|10\n|\n|t:|1771259825\n|move|p1a: Gholdengo|Make It Rain|p2a: Hydrapple\n|-damage|p2a: Hydrapple|11/100\n|-unboost|p1a: Gholdengo|spa|1\n|move|p2a: Hydrapple|Giga Drain|p1a: Gholdengo\n|-resisted|p1a: Gholdengo\n|-damage|p1a: Gholdengo|0 fnt\n|-heal|p2a: Hydrapple|11/100|[from] drain|[of] p1a: Gholdengo\n|faint|p1a: Gholdengo\n|\n|upkeep\n|\n|t:|1771259835\n|switch|p1a: Indeedee|Indeedee, M|100/100\n|-fieldstart|move: Psychic Terrain|[from] ability: Psychic Surge|[of] p1a: Indeedee\n|turn|11\n|\n|t:|1771259841\n|move|p1a: Indeedee|Expanding Force|p2a: Hydrapple\n|-damage|p2a: Hydrapple|0 fnt\n|faint|p2a: Hydrapple\n|\n|upkeep\n|\n|t:|1771259848\n|switch|p2a: Gallade|Gallade, M|100/100\n|turn|12\n|\n|t:|1771259854\n|move|p1a: Indeedee|Expanding Force|p2a: Gallade\n|-damage|p2a: Gallade|23/100\n|move|p2a: Gallade|Sacred Sword|p1a: Indeedee\n|-damage|p1a: Indeedee|0 fnt\n|faint|p1a: Indeedee\n|\n|upkeep\n|\n|t:|1771259859\n|switch|p1a: Deoxys|Deoxys-Speed|100/100\n|-ability|p1a: Deoxys|Pressure\n|turn|13\n|\n|t:|1771259875\n|move|p1a: Deoxys|Expanding Force|p2a: Gallade\n|-damage|p2a: Gallade|0 fnt\n|faint|p2a: Gallade\n|\n|win|mrgoob6000\n|raw|mrgoob6000's rating: 1512 &rarr; <strong>1535</strong><br />(+23 for winning)\n|raw|Ancia's rating: 1559 &rarr; <strong>1536</strong><br />(-23 for losing)\n|l|☆Ancia\n|player|p2|\n", "uploadtime": 1771260131, "views": 5, "formatid": "gen9ou", "rating": 1535, "private": 0, "password": null}