{"id": "gen9ou-2639919969", "format": "[Gen 9] OU", "players": ["gojo du m", "hyp4roffender"], "log": "|j|☆gojo du m\n|j|☆hyp4roffender\n|t:|1782543554\n|gametype|singles\n|player|p1|gojo du m|brawly|1664\n|player|p2|hyp4roffender|1|1566\n|gen|9\n|tier|[Gen 9] OU\n|rated|\n|rule|HP Percentage Mod: HP is shown in percentages\n|rule|Endless Battle Clause: Forcing endless battles is banned\n|rule|Species Clause: Limit one of each Pokémon\n|rule|OHKO Clause: OHKO moves are banned\n|rule|Evasion Items Clause: Evasion items are banned\n|rule|Evasion Moves Clause: Evasion moves are banned\n|rule|Evasion Abilities Clause: Evasion abilities are banned\n|rule|Sleep Moves Clause: Sleep-inducing moves are banned\n|clearpoke\n|poke|p1|Great Tusk|\n|poke|p1|Primarina, F|\n|poke|p1|Ting-Lu|\n|poke|p1|Slowking-Galar, M|\n|poke|p1|Dragonite, M|\n|poke|p1|Raging Bolt|\n|poke|p2|Kingambit, M|\n|poke|p2|Kommo-o, M|\n|poke|p2|Iron Valiant|\n|poke|p2|Kyurem|\n|poke|p2|Iron Crown|\n|poke|p2|Iron Treads|\n|teampreview\n|inactive|Battle timer is ON: inactive players will automatically lose when time's up. (requested by hyp4roffender)\n|\n|t:|1782543566\n|teamsize|p1|6\n|teamsize|p2|6\n|start\n|switch|p1a: Primarina|Primarina, F|100/100\n|switch|p2a: Iron Treads|Iron Treads|100/100\n|-enditem|p2a: Iron Treads|Booster Energy\n|-activate|p2a: Iron Treads|ability: Quark Drive|[fromitem]\n|-start|p2a: Iron Treads|quarkdrivespe\n|turn|1\n|\n|t:|1782543575\n|switch|p1a: Great Tusk|Great Tusk|100/100\n|move|p2a: Iron Treads|Stealth Rock|p1a: Great Tusk\n|-sidestart|p1: gojo du m|move: Stealth Rock\n|\n|upkeep\n|turn|2\n|\n|t:|1782543582\n|move|p2a: Iron Treads|Rock Tomb|p1a: Great Tusk\n|-resisted|p1a: Great Tusk\n|-damage|p1a: Great Tusk|99/100\n|-unboost|p1a: Great Tusk|spe|1\n|move|p1a: Great Tusk|Rapid Spin|p2a: Iron Treads\n|-resisted|p2a: Iron Treads\n|-damage|p2a: Iron Treads|95/100\n|-boost|p1a: Great Tusk|spe|1\n|-sideend|p1: gojo du m|Stealth Rock|[from] move: Rapid Spin|[of] p1a: Great Tusk\n|\n|upkeep\n|turn|3\n|\n|t:|1782543591\n|move|p2a: Iron Treads|Earthquake|p1a: Great Tusk\n|-damage|p1a: Great Tusk|79/100\n|move|p1a: Great Tusk|Bulk Up|p1a: Great Tusk\n|-boost|p1a: Great Tusk|atk|1\n|-boost|p1a: Great Tusk|def|1\n|\n|upkeep\n|turn|4\n|\n|t:|1782543604\n|move|p2a: Iron Treads|Stealth Rock|p1a: Great Tusk\n|-sidestart|p1: gojo du m|move: Stealth Rock\n|move|p1a: Great Tusk|Earthquake|p2a: Iron Treads\n|-supereffective|p2a: Iron Treads\n|-damage|p2a: Iron Treads|4/100\n|\n|upkeep\n|turn|5\n|\n|t:|1782543616\n|-end|p2a: Iron Treads|Quark Drive|[silent]\n|switch|p2a: Iron Valiant|Iron Valiant|100/100\n|-enditem|p2a: Iron Valiant|Booster Energy\n|-activate|p2a: Iron Valiant|ability: Quark Drive|[fromitem]\n|-start|p2a: Iron Valiant|quarkdrivespe\n|move|p1a: Great Tusk|Rapid Spin|p2a: Iron Valiant\n|-damage|p2a: Iron Valiant|75/100\n|-boost|p1a: Great Tusk|spe|1\n|-sideend|p1: gojo du m|Stealth Rock|[from] move: Rapid Spin|[of] p1a: Great Tusk\n|\n|upkeep\n|turn|6\n|\n|t:|1782543626\n|-end|p1a: Great Tusk|Protosynthesis|[silent]\n|switch|p1a: Slowking|Slowking-Galar, M|100/100\n|move|p2a: Iron Valiant|Moonblast|p1a: Slowking\n|-resisted|p1a: Slowking\n|-damage|p1a: Slowking|89/100\n|-unboost|p1a: Slowking|spa|1\n|\n|upkeep\n|turn|7\n|\n|t:|1782543636\n|-end|p2a: Iron Valiant|Quark Drive|[silent]\n|switch|p2a: Iron Treads|Iron Treads|4/100\n|move|p1a: Slowking|Flamethrower|p2a: Iron Treads\n|-supereffective|p2a: Iron Treads\n|-damage|p2a: Iron Treads|0 fnt\n|faint|p2a: Iron Treads\n|-end|p2a: Iron Treads|Quark Drive|[silent]\n|\n|upkeep\n|\n|t:|1782543640\n|switch|p2a: Kommo-o|Kommo-o, M|100/100\n|turn|8\n|\n|t:|1782543648\n|switch|p1a: Ting-Lu|Ting-Lu|100/100\n|-ability|p1a: Ting-Lu|Vessel of Ruin\n|move|p2a: Kommo-o|Substitute|p2a: Kommo-o\n|-start|p2a: Kommo-o|Substitute\n|-damage|p2a: Kommo-o|75/100\n|\n|upkeep\n|turn|9\n|\n|t:|1782543656\n|move|p2a: Kommo-o|Belly Drum|p2a: Kommo-o\n|-damage|p2a: Kommo-o|25/100\n|-setboost|p2a: Kommo-o|atk|6|[from] move: Belly Drum\n|-enditem|p2a: Kommo-o|Salac Berry|[eat]\n|-boost|p2a: Kommo-o|spe|1|[from] item: Salac Berry\n|move|p1a: Ting-Lu|Whirlwind|p2a: Kommo-o\n|drag|p2a: Iron Valiant|Iron Valiant|75/100\n|\n|upkeep\n|turn|10\n|\n|t:|1782543667\n|move|p2a: Iron Valiant|Calm Mind|p2a: Iron Valiant\n|-boost|p2a: Iron Valiant|spa|1\n|-boost|p2a: Iron Valiant|spd|1\n|move|p1a: Ting-Lu|Stealth Rock|p2a: Iron Valiant\n|-sidestart|p2: hyp4roffender|move: Stealth Rock\n|\n|upkeep\n|turn|11\n|\n|t:|1782543674\n|move|p2a: Iron Valiant|Focus Blast|p1a: Ting-Lu\n|-supereffective|p1a: Ting-Lu\n|-damage|p1a: Ting-Lu|22/100\n|move|p1a: Ting-Lu|Whirlwind|p2a: Iron Valiant\n|-end|p2a: Iron Valiant|Quark Drive|[silent]\n|drag|p2a: Iron Crown|Iron Crown|100/100\n|-damage|p2a: Iron Crown|94/100|[from] Stealth Rock\n|-enditem|p2a: Iron Crown|Booster Energy\n|-activate|p2a: Iron Crown|ability: Quark Drive|[fromitem]\n|-start|p2a: Iron Crown|quarkdrivespe\n|\n|-heal|p1a: Ting-Lu|28/100|[from] item: Leftovers\n|upkeep\n|turn|12\n|\n|t:|1782543687\n|move|p2a: Iron Crown|Focus Blast|p1a: Ting-Lu\n|-supereffective|p1a: Ting-Lu\n|-damage|p1a: Ting-Lu|0 fnt\n|faint|p1a: Ting-Lu\n|\n|upkeep\n|\n|t:|1782543696\n|switch|p1a: Slowking|Slowking-Galar, M|100/100\n|turn|13\n|\n|t:|1782543700\n|move|p2a: Iron Crown|Calm Mind|p2a: Iron Crown\n|-boost|p2a: Iron Crown|spa|1\n|-boost|p2a: Iron Crown|spd|1\n|move|p1a: Slowking|Flamethrower|p2a: Iron Crown\n|-supereffective|p2a: Iron Crown\n|-damage|p2a: Iron Crown|58/100\n|\n|upkeep\n|turn|14\n|\n|t:|1782543707\n|move|p2a: Iron Crown|Psychic Noise|p1a: Slowking\n|-damage|p1a: Slowking|71/100\n|-start|p1a: Slowking|move: Heal Block\n|move|p1a: Slowking|Flamethrower|p2a: Iron Crown\n|-supereffective|p2a: Iron Crown\n|-damage|p2a: Iron Crown|21/100\n|\n|upkeep\n|turn|15\n|\n|t:|1782543716\n|move|p2a: Iron Crown|Psychic Noise|p1a: Slowking\n|-damage|p1a: Slowking|44/100\n|move|p1a: Slowking|Flamethrower|p2a: Iron Crown\n|-supereffective|p2a: Iron Crown\n|-damage|p2a: Iron Crown|0 fnt\n|faint|p2a: Iron Crown\n|-end|p2a: Iron Crown|Quark Drive|[silent]\n|\n|-end|p1a: Slowking|move: Heal Block\n|upkeep\n|\n|t:|1782543720\n|switch|p2a: Kommo-o|Kommo-o, M|25/100\n|-damage|p2a: Kommo-o|19/100|[from] Stealth Rock\n|turn|16\n|\n|t:|1782543732\n|move|p2a: Kommo-o|Shadow Claw|p1a: Slowking\n|-supereffective|p1a: Slowking\n|-damage|p1a: Slowking|5/100\n|move|p1a: Slowking|Psychic|p2a: Kommo-o\n|-supereffective|p2a: Kommo-o\n|-damage|p2a: Kommo-o|0 fnt\n|faint|p2a: Kommo-o\n|\n|upkeep\n|\n|t:|1782543743\n|switch|p2a: Kyurem|Kyurem|100/100\n|-damage|p2a: Kyurem|76/100|[from] Stealth Rock\n|-ability|p2a: Kyurem|Pressure\n|turn|17\n|\n|t:|1782543754\n|move|p2a: Kyurem|Dragon Dance|p2a: Kyurem\n|-boost|p2a: Kyurem|atk|1\n|-boost|p2a: Kyurem|spe|1\n|move|p1a: Slowking|Sludge Bomb|p2a: Kyurem\n|-damage|p2a: Kyurem|24/100\n|\n|upkeep\n|turn|18\n|\n|t:|1782543761\n|move|p2a: Kyurem|Icicle Spear|p1a: Slowking\n|-damage|p1a: Slowking|0 fnt\n|faint|p1a: Slowking\n|-hitcount|p1: Slowking|1\n|\n|upkeep\n|\n|t:|1782543768\n|switch|p1a: Dragonite|Dragonite, M|100/100\n|turn|19\n|\n|t:|1782543771\n|-terastallize|p1a: Dragonite|Normal\n|move|p1a: Dragonite|Extreme Speed|p2a: Kyurem\n|-damage|p2a: Kyurem|0 fnt\n|faint|p2a: Kyurem\n|\n|upkeep\n|-message|hyp4roffender forfeited.\n|\n|win|gojo du m\n|raw|gojo du m's rating: 1664 &rarr; <strong>1679</strong><br />(+15 for winning)\n|raw|hyp4roffender's rating: 1566 &rarr; <strong>1551</strong><br />(-15 for losing)\n|l|☆hyp4roffender\n|player|p2|\n|l|☆gojo du m\n|player|p1|\n", "uploadtime": 1782544017, "views": 6, "formatid": "gen9ou", "rating": 1551, "private": 0, "password": null}