{"id": "gen9ou-2639309235", "format": "[Gen 9] OU", "players": ["ika 3", "i am bad its ok"], "log": "|j|☆ika 3\n|j|☆i am bad its ok\n|t:|1782450345\n|gametype|singles\n|player|p1|ika 3|265|1184\n|player|p2|i am bad its ok|169|1216\n|gen|9\n|tier|[Gen 9] OU\n|rated|\n|rule|HP Percentage Mod: HP is shown in percentages\n|rule|Endless Battle Clause: Forcing endless battles is banned\n|rule|Species Clause: Limit one of each Pokémon\n|rule|OHKO Clause: OHKO moves are banned\n|rule|Evasion Items Clause: Evasion items are banned\n|rule|Evasion Moves Clause: Evasion moves are banned\n|rule|Evasion Abilities Clause: Evasion abilities are banned\n|rule|Sleep Moves Clause: Sleep-inducing moves are banned\n|clearpoke\n|poke|p1|Blaziken, F|\n|poke|p1|Slowking-Galar, M|\n|poke|p1|Iron Treads|\n|poke|p1|Landorus-Therian, M|\n|poke|p1|Ogerpon-Wellspring, F|\n|poke|p1|Dragapult, M|\n|poke|p2|Gardevoir, M|\n|poke|p2|Ursaluna, M|\n|poke|p2|Rhyperior, M|\n|poke|p2|Cresselia, F|\n|poke|p2|Mudsdale, F|\n|poke|p2|Hatterene, F|\n|teampreview\n|\n|t:|1782450374\n|teamsize|p1|6\n|teamsize|p2|6\n|start\n|switch|p1a: Dragapult|Dragapult, M|100/100\n|switch|p2a: Gardevoir|Gardevoir, M|100/100\n|-ability|p2a: Gardevoir|Clear Body|Trace|[from] ability: Trace|[of] p1a: Dragapult\n|turn|1\n|\n|t:|1782450385\n|move|p1a: Dragapult|U-turn|p2a: Gardevoir\n|-damage|p2a: Gardevoir|83/100\n|\n|t:|1782450387\n|switch|p1a: Iron Treads|Iron Treads|100/100|[from] U-turn\n|move|p2a: Gardevoir|Trick Room|p2a: Gardevoir\n|-fieldstart|move: Trick Room|[of] p2a: Gardevoir\n|\n|upkeep\n|turn|2\n|\n|t:|1782450395\n|move|p2a: Gardevoir|Gravity|p2a: Gardevoir\n|-fieldstart|move: Gravity\n|move|p1a: Iron Treads|Knock Off|p2a: Gardevoir\n|-damage|p2a: Gardevoir|50/100\n|-enditem|p2a: Gardevoir|Focus Sash|[from] move: Knock Off|[of] p1a: Iron Treads\n|\n|upkeep\n|turn|3\n|\n|t:|1782450406\n|move|p2a: Gardevoir|Misty Explosion|p1a: Iron Treads\n|-resisted|p1a: Iron Treads\n|-damage|p1a: Iron Treads|82/100\n|faint|p2a: Gardevoir\n|move|p1a: Iron Treads|Ice Spinner|p2: Gardevoir|[notarget]\n|-fail|p1a: Iron Treads\n|\n|upkeep\n|\n|t:|1782450424\n|switch|p2a: Mudsdale|Mudsdale, F|100/100\n|turn|4\n|\n|t:|1782450435\n|move|p2a: Mudsdale|Earthquake|p1a: Iron Treads\n|-supereffective|p1a: Iron Treads\n|-damage|p1a: Iron Treads|0 fnt\n|faint|p1a: Iron Treads\n|-end|p1a: Iron Treads|Quark Drive|[silent]\n|\n|upkeep\n|\n|t:|1782450438\n|switch|p1a: Slowking|Slowking-Galar, M|100/100\n|turn|5\n|\n|t:|1782450442\n|-prepare|p1a: Slowking|Chilly Reception|[premajor]\n|move|p1a: Slowking|Chilly Reception|p1a: Slowking\n|-weather|Snowscape\n|\n|t:|1782450447\n|switch|p1a: Ogerpon|Ogerpon-Wellspring, F|100/100|[from] Chilly Reception\n|move|p2a: Mudsdale|Earthquake|p1a: Ogerpon\n|-resisted|p1a: Ogerpon\n|-damage|p1a: Ogerpon|50/100\n|\n|-weather|Snowscape|[upkeep]\n|-fieldend|move: Trick Room\n|upkeep\n|turn|6\n|\n|t:|1782450462\n|-terastallize|p1a: Ogerpon|Water\n|detailschange|p1a: Ogerpon|Ogerpon-Wellspring-Tera, F, tera:Water\n|-ability|p1a: Ogerpon|Embody Aspect (Wellspring)|boost\n|-boost|p1a: Ogerpon|spd|1\n|-terastallize|p2a: Mudsdale|Ground\n|move|p1a: Ogerpon|Ivy Cudgel|p2a: Mudsdale|[anim] Ivy Cudgel Water\n|-supereffective|p2a: Mudsdale\n|-damage|p2a: Mudsdale|0 fnt\n|faint|p2a: Mudsdale\n|\n|-weather|Snowscape|[upkeep]\n|-fieldend|move: Gravity\n|upkeep\n|\n|t:|1782450476\n|switch|p2a: Cresselia|Cresselia, F|100/100\n|turn|7\n|\n|t:|1782450487\n|move|p1a: Ogerpon|Ivy Cudgel|p2a: Cresselia|[anim] Ivy Cudgel Water\n|-damage|p2a: Cresselia|40/100\n|move|p2a: Cresselia|Trick Room|p2a: Cresselia\n|-fieldstart|move: Trick Room|[of] p2a: Cresselia\n|\n|-weather|Snowscape|[upkeep]\n|upkeep\n|turn|8\n|\n|t:|1782450494\n|switch|p1a: Landorus|Landorus-Therian, M|100/100\n|-ability|p1a: Landorus|Intimidate|boost\n|-unboost|p2a: Cresselia|atk|1\n|move|p2a: Cresselia|Gravity|p2a: Cresselia\n|-fieldstart|move: Gravity\n|\n|-weather|Snowscape|[upkeep]\n|upkeep\n|turn|9\n|\n|t:|1782450507\n|move|p2a: Cresselia|Lunar Dance|p2a: Cresselia\n|faint|p2a: Cresselia\n|move|p1a: Landorus|U-turn|p2: Cresselia|[notarget]\n|-fail|p1a: Landorus\n|\n|-weather|none\n|upkeep\n|\n|t:|1782450514\n|switch|p2a: Rhyperior|Rhyperior, M|100/100\n|turn|10\n|\n|t:|1782450530\n|switch|p1a: Slowking|Slowking-Galar, M|100/100\n|move|p2a: Rhyperior|Earthquake|p1a: Slowking\n|-supereffective|p1a: Slowking\n|-damage|p1a: Slowking|0 fnt\n|faint|p1a: Slowking\n|\n|upkeep\n|\n|t:|1782450536\n|switch|p1a: Blaziken|Blaziken, F|100/100\n|turn|11\n|\n|t:|1782450540\n|move|p1a: Blaziken|Protect|p1a: Blaziken\n|-singleturn|p1a: Blaziken|Protect\n|move|p2a: Rhyperior|Earthquake|p1a: Blaziken\n|-activate|p1a: Blaziken|move: Protect\n|\n|-fieldend|move: Trick Room\n|-ability|p1a: Blaziken|Speed Boost|boost\n|-boost|p1a: Blaziken|spe|1\n|upkeep\n|turn|12\n|\n|t:|1782450560\n|move|p1a: Blaziken|Close Combat|p2a: Rhyperior\n|-supereffective|p2a: Rhyperior\n|-damage|p2a: Rhyperior|44/100\n|-unboost|p1a: Blaziken|def|1\n|-unboost|p1a: Blaziken|spd|1\n|move|p2a: Rhyperior|Earthquake|p1a: Blaziken\n|-supereffective|p1a: Blaziken\n|-damage|p1a: Blaziken|0 fnt\n|faint|p1a: Blaziken\n|\n|-fieldend|move: Gravity\n|upkeep\n|\n|t:|1782450567\n|switch|p1a: Ogerpon|Ogerpon-Wellspring-Tera, F, tera:Water|50/100\n|-ability|p1a: Ogerpon|Embody Aspect (Wellspring)|boost\n|-boost|p1a: Ogerpon|spd|1\n|turn|13\n|\n|t:|1782450576\n|move|p1a: Ogerpon|Ivy Cudgel|p2a: Rhyperior|[anim] Ivy Cudgel Water\n|-supereffective|p2a: Rhyperior\n|-damage|p2a: Rhyperior|0 fnt\n|faint|p2a: Rhyperior\n|\n|upkeep\n|\n|t:|1782450594\n|switch|p2a: Hatterene|Hatterene, F|100/100\n|turn|14\n|\n|t:|1782450617\n|move|p1a: Ogerpon|Ivy Cudgel|p2a: Hatterene|[anim] Ivy Cudgel Water\n|-damage|p2a: Hatterene|29/100\n|move|p2a: Hatterene|Trick Room|p2a: Hatterene\n|-fieldstart|move: Trick Room|[of] p2a: Hatterene\n|\n|upkeep\n|turn|15\n|\n|t:|1782450626\n|move|p2a: Hatterene|Healing Wish|p2a: Hatterene\n|faint|p2a: Hatterene\n|move|p1a: Ogerpon|Ivy Cudgel|p2: Hatterene|[notarget]\n|-fail|p1a: Ogerpon\n|\n|upkeep\n|\n|t:|1782450631\n|switch|p2a: Ursaluna|Ursaluna, M|100/100\n|-ability|p2a: Ursaluna|Unnerve\n|turn|16\n|\n|t:|1782450655\n|switch|p1a: Landorus|Landorus-Therian, M|100/100\n|-ability|p1a: Landorus|Intimidate|boost\n|-unboost|p2a: Ursaluna|atk|1\n|move|p2a: Ursaluna|Play Rough|p1a: Landorus\n|-damage|p1a: Landorus|67/100\n|-damage|p2a: Ursaluna|84/100|[from] item: Rocky Helmet|[of] p1a: Landorus\n|\n|upkeep\n|turn|17\n|\n|t:|1782450666\n|switch|p1a: Ogerpon|Ogerpon-Wellspring-Tera, F, tera:Water|50/100\n|-ability|p1a: Ogerpon|Embody Aspect (Wellspring)|boost\n|-boost|p1a: Ogerpon|spd|1\n|move|p2a: Ursaluna|Play Rough|p1a: Ogerpon\n|-damage|p1a: Ogerpon|6/100\n|\n|upkeep\n|turn|18\n|\n|t:|1782450674\n|switch|p1a: Landorus|Landorus-Therian, M|67/100\n|-ability|p1a: Landorus|Intimidate|boost\n|-unboost|p2a: Ursaluna|atk|1\n|move|p2a: Ursaluna|Play Rough|p1a: Landorus\n|-damage|p1a: Landorus|38/100\n|-damage|p2a: Ursaluna|67/100|[from] item: Rocky Helmet|[of] p1a: Landorus\n|\n|-fieldend|move: Trick Room\n|upkeep\n|turn|19\n|c|☆i am bad its ok|Gg\n|-message|i am bad its ok forfeited.\n|\n|win|ika 3\n|raw|ika 3's rating: 1158 &rarr; <strong>1187</strong><br />(+29 for winning)\n|raw|i am bad its ok's rating: 1216 &rarr; <strong>1187</strong><br />(-29 for losing)\n|l|☆i am bad its ok\n|player|p2|\n|l|☆ika 3\n|player|p1|\n", "uploadtime": 1782450988, "views": 3, "formatid": "gen9ou", "rating": 1187, "private": 0, "password": null}