{"id": "gen9ou-2540697581", "format": "[Gen 9] OU", "players": ["fck_yellow_magic", "fludermay"], "log": "|j|☆fck_yellow_magic\n|j|☆fludermay\n|t:|1771242006\n|gametype|singles\n|player|p1|fck_yellow_magic|janitor-gen9|1561\n|player|p2|fludermay|miku-ghost|1523\n|gen|9\n|tier|[Gen 9] OU\n|rated|\n|rule|HP Percentage Mod: HP is shown in percentages\n|rule|Endless Battle Clause: Forcing endless battles is banned\n|rule|Species Clause: Limit one of each Pokémon\n|rule|OHKO Clause: OHKO moves are banned\n|rule|Evasion Items Clause: Evasion items are banned\n|rule|Evasion Moves Clause: Evasion moves are banned\n|rule|Evasion Abilities Clause: Evasion abilities are banned\n|rule|Sleep Moves Clause: Sleep-inducing moves are banned\n|clearpoke\n|poke|p1|Clodsire, F|\n|poke|p1|Conkeldurr, M|\n|poke|p1|Zapdos|\n|poke|p1|Skarmory, M|\n|poke|p1|Sinistcha|\n|poke|p1|Ceruledge, F|\n|poke|p2|Ting-Lu|\n|poke|p2|Clefable, F|\n|poke|p2|Pecharunt|\n|poke|p2|Skarmory, F|\n|poke|p2|Latios, M|\n|poke|p2|Gholdengo|\n|teampreview\n|inactive|Battle timer is ON: inactive players will automatically lose when time's up. (requested by fludermay)\n|\n|t:|1771242032\n|teamsize|p1|6\n|teamsize|p2|6\n|start\n|switch|p1a: Wide Shoulder|Conkeldurr, M|100/100\n|switch|p2a: Gholdengo|Gholdengo, shiny|100/100\n|turn|1\n|\n|t:|1771242042\n|move|p2a: Gholdengo|Trick|p1a: Wide Shoulder\n|-activate|p2a: Gholdengo|move: Trick|[of] p1a: Wide Shoulder\n|-item|p1a: Wide Shoulder|Choice Scarf|[from] move: Trick\n|-item|p2a: Gholdengo|Assault Vest|[from] move: Trick\n|move|p1a: Wide Shoulder|Knock Off|p2a: Gholdengo\n|-supereffective|p2a: Gholdengo\n|-damage|p2a: Gholdengo|35/100\n|-enditem|p2a: Gholdengo|Assault Vest|[from] move: Knock Off|[of] p1a: Wide Shoulder\n|\n|upkeep\n|turn|2\n|\n|t:|1771242049\n|move|p2a: Gholdengo|Recover|p2a: Gholdengo\n|-heal|p2a: Gholdengo|85/100\n|move|p1a: Wide Shoulder|Knock Off|p2a: Gholdengo\n|-supereffective|p2a: Gholdengo\n|-damage|p2a: Gholdengo|39/100\n|\n|upkeep\n|turn|3\n|\n|t:|1771242054\n|switch|p1a: Fat Body|Clodsire, F|100/100\n|move|p2a: Gholdengo|Recover|p2a: Gholdengo\n|-heal|p2a: Gholdengo|89/100\n|\n|upkeep\n|turn|4\n|\n|t:|1771242058\n|move|p2a: Gholdengo|Trick|p1a: Fat Body\n|-activate|p2a: Gholdengo|move: Trick|[of] p1a: Fat Body\n|-enditem|p1a: Fat Body|Leftovers|[silent]|[from] move: Trick\n|-item|p2a: Gholdengo|Leftovers|[from] move: Trick\n|move|p1a: Fat Body|Stealth Rock|p2a: Gholdengo\n|-sidestart|p2: fludermay|move: Stealth Rock\n|\n|-heal|p2a: Gholdengo|95/100|[from] item: Leftovers\n|upkeep\n|turn|5\n|\n|t:|1771242067\n|switch|p2a: Skarmory|Skarmory, F|100/100\n|-damage|p2a: Skarmory|88/100|[from] Stealth Rock\n|move|p1a: Fat Body|Earthquake|p2a: Skarmory\n|-immune|p2a: Skarmory\n|\n|upkeep\n|turn|6\n|\n|t:|1771242072\n|switch|p1a: Rolling Thunder|Zapdos|100/100\n|-ability|p1a: Rolling Thunder|Pressure\n|move|p2a: Skarmory|Spikes|p1a: Rolling Thunder\n|-sidestart|p1: fck_yellow_magic|Spikes\n|\n|upkeep\n|turn|7\n|\n|t:|1771242077\n|switch|p1a: Wide Shoulder|Conkeldurr, M|100/100\n|-damage|p1a: Wide Shoulder|88/100|[from] Spikes\n|switch|p2a: Ting-Lu|Ting-Lu|100/100\n|-damage|p2a: Ting-Lu|94/100|[from] Stealth Rock\n|-ability|p2a: Ting-Lu|Vessel of Ruin\n|\n|-heal|p2a: Ting-Lu|100/100|[from] item: Leftovers\n|upkeep\n|turn|8\n|\n|t:|1771242087\n|switch|p2a: Godless Shrine|Pecharunt|100/100\n|move|p1a: Wide Shoulder|Knock Off|p2a: Godless Shrine\n|-supereffective|p2a: Godless Shrine\n|-damage|p2a: Godless Shrine|69/100\n|-enditem|p2a: Godless Shrine|Heavy-Duty Boots|[from] move: Knock Off|[of] p1a: Wide Shoulder\n|\n|upkeep\n|turn|9\n|\n|t:|1771242096\n|switch|p1a: Metal Wing|Skarmory, M|100/100\n|move|p2a: Godless Shrine|Parting Shot|p1a: Metal Wing\n|-unboost|p1a: Metal Wing|atk|1\n|-unboost|p1a: Metal Wing|spa|1\n|j| Samurajen\n|\n|t:|1771242102\n|switch|p2a: Gholdengo|Gholdengo, shiny|95/100|[from] Parting Shot\n|-damage|p2a: Gholdengo|89/100|[from] Stealth Rock\n|\n|-heal|p2a: Gholdengo|95/100|[from] item: Leftovers\n|upkeep\n|turn|10\n|\n|t:|1771242105\n|move|p2a: Gholdengo|Shadow Ball|p1a: Metal Wing\n|-damage|p1a: Metal Wing|59/100\n|-unboost|p1a: Metal Wing|spd|1\n|move|p1a: Metal Wing|Spikes|p2a: Gholdengo\n|-sidestart|p2: fludermay|Spikes\n|\n|-heal|p2a: Gholdengo|100/100|[from] item: Leftovers\n|-heal|p1a: Metal Wing|65/100|[from] item: Leftovers\n|upkeep\n|turn|11\n|\n|t:|1771242111\n|switch|p1a: Fat Body|Clodsire, F|100/100\n|-damage|p1a: Fat Body|88/100|[from] Spikes\n|move|p2a: Gholdengo|Shadow Ball|p1a: Fat Body\n|-damage|p1a: Fat Body|61/100\n|\n|upkeep\n|turn|12\n|\n|t:|1771242123\n|switch|p2a: Skarmory|Skarmory, F|88/100\n|-damage|p2a: Skarmory|76/100|[from] Stealth Rock\n|move|p1a: Fat Body|Recover|p1a: Fat Body\n|-heal|p1a: Fat Body|100/100\n|\n|upkeep\n|turn|13\n|\n|t:|1771242129\n|switch|p1a: Rolling Thunder|Zapdos|100/100\n|-ability|p1a: Rolling Thunder|Pressure\n|move|p2a: Skarmory|Spikes|p1a: Rolling Thunder\n|-sidestart|p1: fck_yellow_magic|Spikes\n|\n|upkeep\n|turn|14\n|\n|t:|1771242156\n|switch|p1a: Wide Shoulder|Conkeldurr, M|88/100\n|-damage|p1a: Wide Shoulder|72/100|[from] Spikes\n|switch|p2a: Ting-Lu|Ting-Lu|100/100\n|-damage|p2a: Ting-Lu|94/100|[from] Stealth Rock\n|-damage|p2a: Ting-Lu|82/100|[from] Spikes\n|-ability|p2a: Ting-Lu|Vessel of Ruin\n|\n|-heal|p2a: Ting-Lu|88/100|[from] item: Leftovers\n|upkeep\n|turn|15\n|\n|t:|1771242165\n|switch|p1a: Metal Wing|Skarmory, M|65/100\n|switch|p2a: Godless Shrine|Pecharunt|69/100\n|-damage|p2a: Godless Shrine|57/100|[from] Stealth Rock\n|-damage|p2a: Godless Shrine|45/100|[from] Spikes\n|\n|-heal|p1a: Metal Wing|71/100|[from] item: Leftovers\n|upkeep\n|turn|16\n|\n|t:|1771242175\n|move|p2a: Godless Shrine|Recover|p2a: Godless Shrine\n|-heal|p2a: Godless Shrine|95/100\n|move|p1a: Metal Wing|Spikes|p2a: Godless Shrine\n|-sidestart|p2: fludermay|Spikes\n|\n|-heal|p1a: Metal Wing|77/100|[from] item: Leftovers\n|upkeep\n|turn|17\n|\n|t:|1771242178\n|move|p2a: Godless Shrine|Parting Shot|p1a: Metal Wing\n|-unboost|p1a: Metal Wing|atk|1\n|-unboost|p1a: Metal Wing|spa|1\n|\n|t:|1771242181\n|switch|p2a: Clefable|Clefable, F|100/100|[from] Parting Shot\n|move|p1a: Metal Wing|Spikes|p2a: Clefable\n|-sidestart|p2: fludermay|Spikes\n|\n|-heal|p1a: Metal Wing|83/100|[from] item: Leftovers\n|upkeep\n|turn|18\n|\n|t:|1771242185\n|move|p2a: Clefable|Stealth Rock|p1a: Metal Wing\n|-sidestart|p1: fck_yellow_magic|move: Stealth Rock\n|move|p1a: Metal Wing|Whirlwind|p2a: Clefable\n|drag|p2a: Latios|Latios, M|100/100\n|-damage|p2a: Latios|88/100|[from] Stealth Rock\n|\n|-heal|p1a: Metal Wing|89/100|[from] item: Leftovers\n|upkeep\n|turn|19\n|\n|t:|1771242195\n|-terastallize|p2a: Latios|Dragon\n|move|p2a: Latios|Draco Meteor|p1a: Metal Wing\n|-resisted|p1a: Metal Wing\n|-damage|p1a: Metal Wing|22/100\n|-unboost|p2a: Latios|spa|2\n|move|p1a: Metal Wing|Whirlwind|p2a: Latios\n|drag|p2a: Skarmory|Skarmory, F|76/100\n|-damage|p2a: Skarmory|64/100|[from] Stealth Rock\n|\n|-heal|p1a: Metal Wing|28/100|[from] item: Leftovers\n|upkeep\n|turn|20\n|\n|t:|1771242205\n|move|p2a: Skarmory|Spikes|p1a: Metal Wing\n|-sidestart|p1: fck_yellow_magic|Spikes\n|move|p1a: Metal Wing|Roost|p1a: Metal Wing\n|-heal|p1a: Metal Wing|78/100\n|-singleturn|p1a: Metal Wing|move: Roost\n|\n|-heal|p1a: Metal Wing|84/100|[from] item: Leftovers\n|upkeep\n|turn|21\n|\n|t:|1771242210\n|move|p2a: Skarmory|Body Press|p1a: Metal Wing\n|-damage|p1a: Metal Wing|64/100\n|move|p1a: Metal Wing|Whirlwind|p2a: Skarmory\n|drag|p2a: Godless Shrine|Pecharunt|95/100\n|-damage|p2a: Godless Shrine|82/100|[from] Stealth Rock\n|-damage|p2a: Godless Shrine|57/100|[from] Spikes\n|\n|-heal|p1a: Metal Wing|70/100|[from] item: Leftovers\n|upkeep\n|turn|22\n|\n|t:|1771242220\n|move|p2a: Godless Shrine|Foul Play|p1a: Metal Wing\n|-damage|p1a: Metal Wing|62/100\n|move|p1a: Metal Wing|Roost|p1a: Metal Wing\n|-heal|p1a: Metal Wing|100/100\n|-singleturn|p1a: Metal Wing|move: Roost\n|\n|upkeep\n|turn|23\n|\n|t:|1771242225\n|move|p2a: Godless Shrine|Recover|p2a: Godless Shrine\n|-heal|p2a: Godless Shrine|100/100\n|move|p1a: Metal Wing|Whirlwind|p2a: Godless Shrine\n|drag|p2a: Ting-Lu|Ting-Lu|88/100\n|-damage|p2a: Ting-Lu|82/100|[from] Stealth Rock\n|-damage|p2a: Ting-Lu|57/100|[from] Spikes\n|-ability|p2a: Ting-Lu|Vessel of Ruin\n|\n|-heal|p2a: Ting-Lu|63/100|[from] item: Leftovers\n|upkeep\n|turn|24\n|j| vavafrr\n|\n|t:|1771242233\n|move|p1a: Metal Wing|Whirlwind|p2a: Ting-Lu\n|drag|p2a: Gholdengo|Gholdengo, shiny|100/100\n|-damage|p2a: Gholdengo|94/100|[from] Stealth Rock\n|-damage|p2a: Gholdengo|70/100|[from] Spikes\n|\n|-heal|p2a: Gholdengo|76/100|[from] item: Leftovers\n|upkeep\n|turn|25\n|\n|t:|1771242243\n|switch|p1a: Fat Body|Clodsire, F|100/100\n|-damage|p1a: Fat Body|76/100|[from] Spikes\n|-damage|p1a: Fat Body|69/100|[from] Stealth Rock\n|move|p2a: Gholdengo|Shadow Ball|p1a: Fat Body\n|-damage|p1a: Fat Body|43/100\n|-unboost|p1a: Fat Body|spd|1\n|\n|-heal|p2a: Gholdengo|82/100|[from] item: Leftovers\n|upkeep\n|turn|26\n|\n|t:|1771242247\n|move|p2a: Gholdengo|Shadow Ball|p1a: Fat Body\n|-damage|p1a: Fat Body|1/100\n|move|p1a: Fat Body|Recover|p1a: Fat Body\n|-heal|p1a: Fat Body|51/100\n|\n|-heal|p2a: Gholdengo|88/100|[from] item: Leftovers\n|upkeep\n|turn|27\n|\n|t:|1771242252\n|switch|p1a: Wide Shoulder|Conkeldurr, M|72/100\n|-damage|p1a: Wide Shoulder|47/100|[from] Spikes\n|-damage|p1a: Wide Shoulder|41/100|[from] Stealth Rock\n|move|p2a: Gholdengo|Make It Rain|p1a: Wide Shoulder\n|-damage|p1a: Wide Shoulder|0 fnt\n|-unboost|p2a: Gholdengo|spa|1\n|faint|p1a: Wide Shoulder\n|\n|-heal|p2a: Gholdengo|94/100|[from] item: Leftovers\n|upkeep\n|\n|t:|1771242254\n|switch|p1a: Rolling Thunder|Zapdos|100/100\n|-ability|p1a: Rolling Thunder|Pressure\n|turn|28\n|\n|t:|1771242262\n|switch|p2a: Ting-Lu|Ting-Lu|63/100\n|-damage|p2a: Ting-Lu|57/100|[from] Stealth Rock\n|-damage|p2a: Ting-Lu|32/100|[from] Spikes\n|-ability|p2a: Ting-Lu|Vessel of Ruin\n|move|p1a: Rolling Thunder|Heat Wave|p2a: Ting-Lu\n|-damage|p2a: Ting-Lu|19/100\n|\n|-heal|p2a: Ting-Lu|25/100|[from] item: Leftovers\n|upkeep\n|turn|29\n|\n|t:|1771242270\n|move|p1a: Rolling Thunder|Hurricane|p2a: Ting-Lu\n|-damage|p2a: Ting-Lu|3/100\n|move|p2a: Ting-Lu|Rest|p2a: Ting-Lu\n|-status|p2a: Ting-Lu|slp|[from] move: Rest\n|-heal|p2a: Ting-Lu|100/100 slp|[silent]\n|\n|upkeep\n|turn|30\n|\n|t:|1771242278\n|switch|p1a: Broken Vessel|Sinistcha|100/100\n|cant|p2a: Ting-Lu|slp\n|\n|upkeep\n|turn|31\n|\n|t:|1771242285\n|switch|p2a: Latios|Latios, M, tera:Dragon|88/100\n|-damage|p2a: Latios|76/100|[from] Stealth Rock\n|move|p1a: Broken Vessel|Matcha Gotcha|p2a: Latios\n|-resisted|p2a: Latios\n|-damage|p2a: Latios|61/100\n|\n|upkeep\n|turn|32\n|\n|t:|1771242292\n|switch|p1a: Metal Wing|Skarmory, M|100/100\n|-damage|p1a: Metal Wing|88/100|[from] Stealth Rock\n|move|p2a: Latios|Draco Meteor|p1a: Metal Wing\n|-resisted|p1a: Metal Wing\n|-damage|p1a: Metal Wing|23/100\n|-unboost|p2a: Latios|spa|2\n|\n|-heal|p1a: Metal Wing|29/100|[from] item: Leftovers\n|upkeep\n|turn|33\n|\n|t:|1771242298\n|move|p2a: Latios|Draco Meteor|p1a: Metal Wing\n|-resisted|p1a: Metal Wing\n|-damage|p1a: Metal Wing|0 fnt\n|-unboost|p2a: Latios|spa|2\n|faint|p1a: Metal Wing\n|\n|upkeep\n|\n|t:|1771242300\n|switch|p1a: Clean Edge|Ceruledge, F|100/100\n|turn|34\n|\n|t:|1771242310\n|switch|p2a: Ting-Lu|Ting-Lu|100/100 slp\n|-damage|p2a: Ting-Lu|94/100 slp|[from] Stealth Rock\n|-damage|p2a: Ting-Lu|69/100 slp|[from] Spikes\n|-ability|p2a: Ting-Lu|Vessel of Ruin\n|move|p1a: Clean Edge|Bulk Up|p1a: Clean Edge\n|-boost|p1a: Clean Edge|atk|1\n|-boost|p1a: Clean Edge|def|1\n|\n|-heal|p2a: Ting-Lu|76/100 slp|[from] item: Leftovers\n|upkeep\n|turn|35\n|\n|t:|1771242318\n|-terastallize|p1a: Clean Edge|Bug\n|move|p1a: Clean Edge|Bulk Up|p1a: Clean Edge\n|-boost|p1a: Clean Edge|atk|1\n|-boost|p1a: Clean Edge|def|1\n|cant|p2a: Ting-Lu|slp\n|\n|-heal|p2a: Ting-Lu|82/100 slp|[from] item: Leftovers\n|upkeep\n|turn|36\n|\n|t:|1771242324\n|move|p1a: Clean Edge|Bitter Blade|p2a: Ting-Lu\n|-damage|p2a: Ting-Lu|40/100 slp\n|-curestatus|p2a: Ting-Lu|slp|[msg]\n|move|p2a: Ting-Lu|Whirlwind|p1a: Clean Edge\n|drag|p1a: Fat Body|Clodsire, F|51/100\n|-damage|p1a: Fat Body|26/100|[from] Spikes\n|-damage|p1a: Fat Body|20/100|[from] Stealth Rock\n|\n|-heal|p2a: Ting-Lu|46/100|[from] item: Leftovers\n|upkeep\n|turn|37\n|\n|t:|1771242335\n|move|p2a: Ting-Lu|Earthquake|p1a: Fat Body\n|-supereffective|p1a: Fat Body\n|-damage|p1a: Fat Body|0 fnt\n|faint|p1a: Fat Body\n|\n|-heal|p2a: Ting-Lu|52/100|[from] item: Leftovers\n|upkeep\n|\n|t:|1771242337\n|switch|p1a: Broken Vessel|Sinistcha|100/100\n|turn|38\n|\n|t:|1771242341\n|move|p1a: Broken Vessel|Shadow Ball|p2a: Ting-Lu\n|-resisted|p2a: Ting-Lu\n|-damage|p2a: Ting-Lu|46/100\n|move|p2a: Ting-Lu|Whirlwind|p1a: Broken Vessel\n|drag|p1a: Clean Edge|Ceruledge, F, tera:Bug|100/100\n|\n|-heal|p2a: Ting-Lu|52/100|[from] item: Leftovers\n|upkeep\n|turn|39\n|\n|t:|1771242345\n|move|p1a: Clean Edge|Bitter Blade|p2a: Ting-Lu\n|-damage|p2a: Ting-Lu|31/100\n|move|p2a: Ting-Lu|Whirlwind|p1a: Clean Edge\n|drag|p1a: Broken Vessel|Sinistcha|100/100\n|\n|-heal|p2a: Ting-Lu|37/100|[from] item: Leftovers\n|upkeep\n|turn|40\n|\n|t:|1771242350\n|switch|p2a: Latios|Latios, M, tera:Dragon|61/100\n|-damage|p2a: Latios|48/100|[from] Stealth Rock\n|move|p1a: Broken Vessel|Matcha Gotcha|p2a: Latios\n|-resisted|p2a: Latios\n|-damage|p2a: Latios|32/100\n|\n|upkeep\n|turn|41\n|\n|t:|1771242356\n|move|p2a: Latios|Draco Meteor|p1a: Broken Vessel\n|-damage|p1a: Broken Vessel|0 fnt\n|-unboost|p2a: Latios|spa|2\n|faint|p1a: Broken Vessel\n|\n|upkeep\n|\n|t:|1771242358\n|switch|p1a: Clean Edge|Ceruledge, F, tera:Bug|100/100\n|turn|42\n|\n|t:|1771242364\n|switch|p2a: Ting-Lu|Ting-Lu|37/100\n|-damage|p2a: Ting-Lu|31/100|[from] Stealth Rock\n|-damage|p2a: Ting-Lu|6/100|[from] Spikes\n|-ability|p2a: Ting-Lu|Vessel of Ruin\n|move|p1a: Clean Edge|Bulk Up|p1a: Clean Edge\n|-boost|p1a: Clean Edge|atk|1\n|-boost|p1a: Clean Edge|def|1\n|\n|-heal|p2a: Ting-Lu|12/100|[from] item: Leftovers\n|upkeep\n|turn|43\n|\n|t:|1771242368\n|move|p1a: Clean Edge|Bitter Blade|p2a: Ting-Lu\n|-damage|p2a: Ting-Lu|0 fnt\n|faint|p2a: Ting-Lu\n|\n|upkeep\n|l| vavafrr\n|\n|t:|1771242386\n|switch|p2a: Latios|Latios, M, tera:Dragon|32/100\n|-damage|p2a: Latios|20/100|[from] Stealth Rock\n|turn|44\n|\n|t:|1771242388\n|move|p1a: Clean Edge|Shadow Sneak|p2a: Latios\n|-damage|p2a: Latios|0 fnt\n|faint|p2a: Latios\n|\n|upkeep\n|\n|t:|1771242395\n|switch|p2a: Skarmory|Skarmory, F|64/100\n|-damage|p2a: Skarmory|51/100|[from] Stealth Rock\n|turn|45\n|\n|t:|1771242399\n|move|p1a: Clean Edge|Bitter Blade|p2a: Skarmory\n|-supereffective|p2a: Skarmory\n|-damage|p2a: Skarmory|0 fnt\n|-damage|p1a: Clean Edge|84/100|[from] item: Rocky Helmet|[of] p2a: Skarmory\n|faint|p2a: Skarmory\n|\n|upkeep\n|inactive|fludermay has 120 seconds left.\n|\n|t:|1771242445\n|switch|p2a: Godless Shrine|Pecharunt|100/100\n|-damage|p2a: Godless Shrine|88/100|[from] Stealth Rock\n|-damage|p2a: Godless Shrine|63/100|[from] Spikes\n|turn|46\n|\n|t:|1771242451\n|switch|p1a: Rolling Thunder|Zapdos|100/100\n|-ability|p1a: Rolling Thunder|Pressure\n|move|p2a: Godless Shrine|Malignant Chain|p1a: Rolling Thunder\n|-damage|p1a: Rolling Thunder|62/100\n|-status|p1a: Rolling Thunder|tox\n|-start|p1a: Rolling Thunder|confusion|[from] ability: Poison Puppeteer|[of] p2a: Godless Shrine\n|\n|-damage|p1a: Rolling Thunder|56/100 tox|[from] psn\n|upkeep\n|turn|47\n|inactive|fludermay has 120 seconds left.\n|\n|t:|1771242461\n|-activate|p1a: Rolling Thunder|confusion\n|move|p1a: Rolling Thunder|Hurricane|p2a: Godless Shrine\n|-damage|p2a: Godless Shrine|4/100\n|move|p2a: Godless Shrine|Recover|p2a: Godless Shrine\n|-heal|p2a: Godless Shrine|54/100\n|\n|-damage|p1a: Rolling Thunder|43/100 tox|[from] psn\n|upkeep\n|turn|48\n|\n|t:|1771242468\n|-activate|p1a: Rolling Thunder|confusion\n|move|p1a: Rolling Thunder|Hurricane|p2a: Godless Shrine\n|-damage|p2a: Godless Shrine|0 fnt\n|faint|p2a: Godless Shrine\n|\n|-damage|p1a: Rolling Thunder|24/100 tox|[from] psn\n|upkeep\n|\n|t:|1771242475\n|switch|p2a: Clefable|Clefable, F|100/100\n|turn|49\n|\n|t:|1771242478\n|-activate|p1a: Rolling Thunder|confusion\n|move|p1a: Rolling Thunder|Volt Switch|p2a: Clefable\n|-damage|p2a: Clefable|71/100\n|\n|t:|1771242481\n|switch|p1a: Clean Edge|Ceruledge, F, tera:Bug|84/100|[from] Volt Switch\n|move|p2a: Clefable|Moonblast|p1a: Clean Edge\n|-damage|p1a: Clean Edge|62/100\n|\n|-heal|p2a: Clefable|77/100|[from] item: Leftovers\n|upkeep\n|turn|50\n|\n|t:|1771242491\n|move|p1a: Clean Edge|Bitter Blade|p2a: Clefable\n|-damage|p2a: Clefable|42/100\n|-heal|p1a: Clean Edge|82/100|[from] drain|[of] p2a: Clefable\n|move|p2a: Clefable|Moonblast|p1a: Clean Edge\n|-damage|p1a: Clean Edge|59/100\n|\n|-heal|p2a: Clefable|48/100|[from] item: Leftovers\n|upkeep\n|turn|51\n|\n|t:|1771242499\n|move|p1a: Clean Edge|Bulk Up|p1a: Clean Edge\n|-boost|p1a: Clean Edge|atk|1\n|-boost|p1a: Clean Edge|def|1\n|move|p2a: Clefable|Knock Off|p1a: Clean Edge\n|-damage|p1a: Clean Edge|47/100\n|-enditem|p1a: Clean Edge|Heavy-Duty Boots|[from] move: Knock Off|[of] p2a: Clefable\n|\n|-heal|p2a: Clefable|55/100|[from] item: Leftovers\n|upkeep\n|turn|52\n|\n|t:|1771242506\n|move|p1a: Clean Edge|Bulk Up|p1a: Clean Edge\n|-boost|p1a: Clean Edge|atk|1\n|-boost|p1a: Clean Edge|def|1\n|move|p2a: Clefable|Moonblast|p1a: Clean Edge\n|-damage|p1a: Clean Edge|23/100\n|-unboost|p1a: Clean Edge|spa|1\n|\n|-heal|p2a: Clefable|61/100|[from] item: Leftovers\n|upkeep\n|turn|53\n|\n|t:|1771242512\n|move|p1a: Clean Edge|Bitter Blade|p2a: Clefable\n|-damage|p2a: Clefable|0 fnt\n|-heal|p1a: Clean Edge|56/100|[from] drain|[of] p2a: Clefable\n|faint|p2a: Clefable\n|\n|upkeep\n|\n|t:|1771242515\n|switch|p2a: Gholdengo|Gholdengo, shiny|94/100\n|-damage|p2a: Gholdengo|88/100|[from] Stealth Rock\n|-damage|p2a: Gholdengo|63/100|[from] Spikes\n|turn|54\n|\n|t:|1771242520\n|move|p1a: Clean Edge|Shadow Sneak|p2a: Gholdengo\n|-supereffective|p2a: Gholdengo\n|-damage|p2a: Gholdengo|0 fnt\n|faint|p2a: Gholdengo\n|\n|win|fck_yellow_magic\n|raw|fck_yellow_magic's rating: 1561 &rarr; <strong>1579</strong><br />(+18 for winning)\n|raw|fludermay's rating: 1523 &rarr; <strong>1505</strong><br />(-18 for losing)\n|l|☆fludermay\n|player|p2|\n|l|☆fck_yellow_magic\n|player|p1|\n", "uploadtime": 1771242759, "views": 8, "formatid": "gen9ou", "rating": 1505, "private": 0, "password": null}