{"id": "gen9ou-2639235470", "format": "[Gen 9] OU", "players": ["Ryuwxei", "Yvonne348"], "log": "|j|☆Ryuwxei\n|j|☆Yvonne348\n|t:|1782438302\n|gametype|singles\n|player|p1|Ryuwxei|veteran|1037\n|player|p2|Yvonne348|dahlia|1054\n|gen|9\n|tier|[Gen 9] OU\n|rated|\n|rule|HP Percentage Mod: HP is shown in percentages\n|rule|Endless Battle Clause: Forcing endless battles is banned\n|rule|Species Clause: Limit one of each Pokémon\n|rule|OHKO Clause: OHKO moves are banned\n|rule|Evasion Items Clause: Evasion items are banned\n|rule|Evasion Moves Clause: Evasion moves are banned\n|rule|Evasion Abilities Clause: Evasion abilities are banned\n|rule|Sleep Moves Clause: Sleep-inducing moves are banned\n|clearpoke\n|poke|p1|Rabsca, M|\n|poke|p1|Landorus-Therian, M|\n|poke|p1|Excadrill, M|\n|poke|p1|Darkrai|\n|poke|p1|Tyranitar, M|\n|poke|p1|Zapdos|\n|poke|p2|Dragonite, M|\n|poke|p2|Primarina, F|\n|poke|p2|Kingambit, M|\n|poke|p2|Jolteon, M|\n|poke|p2|Walking Wake|\n|poke|p2|Blaziken, M|\n|teampreview\n|\n|t:|1782438318\n|teamsize|p1|6\n|teamsize|p2|6\n|start\n|switch|p1a: Landorus|Landorus-Therian, M|100/100\n|switch|p2a: Jolty|Jolteon, M|100/100\n|-item|p2a: Jolty|Air Balloon\n|-ability|p1a: Landorus|Intimidate|boost\n|-unboost|p2a: Jolty|atk|1\n|turn|1\n|\n|t:|1782438327\n|move|p2a: Jolty|Thunder Wave|p1a: Landorus\n|-immune|p1a: Landorus\n|move|p1a: Landorus|Gravity|p1a: Landorus\n|-fieldstart|move: Gravity\n|\n|upkeep\n|turn|2\n|\n|t:|1782438334\n|switch|p2a: Milady|Primarina, F, shiny|100/100\n|move|p1a: Landorus|U-turn|p2a: Milady\n|-resisted|p2a: Milady\n|-damage|p2a: Milady|89/100\n|\n|t:|1782438341\n|switch|p1a: Excadrill|Excadrill, M|100/100|[from] U-turn\n|\n|upkeep\n|turn|3\n|\n|t:|1782438362\n|-terastallize|p1a: Excadrill|Grass\n|move|p1a: Excadrill|Swords Dance|p1a: Excadrill\n|-boost|p1a: Excadrill|atk|2\n|move|p2a: Milady|Hyper Voice|p1a: Excadrill\n|-resisted|p1a: Excadrill\n|-damage|p1a: Excadrill|66/100\n|\n|upkeep\n|turn|4\n|\n|t:|1782438370\n|move|p1a: Excadrill|Earthquake|p2a: Milady\n|-damage|p2a: Milady|0 fnt\n|faint|p2a: Milady\n|\n|upkeep\n|\n|t:|1782438374\n|switch|p2a: Wake|Walking Wake|100/100\n|-enditem|p2a: Wake|Booster Energy\n|-activate|p2a: Wake|ability: Protosynthesis|[fromitem]\n|-start|p2a: Wake|protosynthesisspa\n|turn|5\n|\n|t:|1782438378\n|move|p2a: Wake|Flamethrower|p1a: Excadrill\n|-supereffective|p1a: Excadrill\n|-damage|p1a: Excadrill|0 fnt\n|faint|p1a: Excadrill\n|\n|-fieldend|move: Gravity\n|upkeep\n|inactive|Battle timer is ON: inactive players will automatically lose when time's up. (requested by Yvonne348)\n|\n|t:|1782438430\n|switch|p1a: Tyranitar|Tyranitar, M|100/100\n|-weather|Sandstorm|[from] ability: Sand Stream|[of] p1a: Tyranitar\n|turn|6\n|\n|t:|1782438453\n|move|p2a: Wake|Hydro Steam|p1a: Tyranitar\n|-supereffective|p1a: Tyranitar\n|-damage|p1a: Tyranitar|57/100\n|move|p1a: Tyranitar|Ice Punch|p2a: Wake\n|-damage|p2a: Wake|75/100\n|\n|-weather|Sandstorm|[upkeep]\n|-damage|p2a: Wake|69/100|[from] Sandstorm\n|upkeep\n|turn|7\n|\n|t:|1782438472\n|move|p2a: Wake|Draco Meteor|p1a: Tyranitar|[miss]\n|-miss|p2a: Wake|p1a: Tyranitar\n|move|p1a: Tyranitar|Low Kick|p2a: Wake\n|-damage|p2a: Wake|30/100\n|\n|-weather|Sandstorm|[upkeep]\n|-damage|p2a: Wake|24/100|[from] Sandstorm\n|upkeep\n|turn|8\n|\n|t:|1782438481\n|move|p2a: Wake|Draco Meteor|p1a: Tyranitar\n|-damage|p1a: Tyranitar|22/100\n|-unboost|p2a: Wake|spa|2\n|move|p1a: Tyranitar|Low Kick|p2a: Wake\n|-damage|p2a: Wake|0 fnt\n|faint|p2a: Wake\n|-end|p2a: Wake|Protosynthesis|[silent]\n|\n|-weather|Sandstorm|[upkeep]\n|upkeep\n|\n|t:|1782438486\n|switch|p2a: Jolty|Jolteon, M|100/100\n|-item|p2a: Jolty|Air Balloon\n|turn|9\n|\n|t:|1782438492\n|move|p2a: Jolty|Volt Switch|p1a: Tyranitar\n|-damage|p1a: Tyranitar|9/100\n|\n|t:|1782438496\n|switch|p2a: Ord|Dragonite, M, shiny|100/100|[from] Volt Switch\n|move|p1a: Tyranitar|Knock Off|p2a: Ord\n|-crit|p2a: Ord\n|-damage|p2a: Ord|63/100\n|-enditem|p2a: Ord|Lum Berry|[from] move: Knock Off|[of] p1a: Tyranitar\n|\n|-weather|Sandstorm|[upkeep]\n|-damage|p2a: Ord|57/100|[from] Sandstorm\n|upkeep\n|turn|10\n|\n|t:|1782438507\n|move|p2a: Ord|Extreme Speed|p1a: Tyranitar\n|-resisted|p1a: Tyranitar\n|-damage|p1a: Tyranitar|0 fnt\n|faint|p1a: Tyranitar\n|\n|-weather|Sandstorm|[upkeep]\n|-damage|p2a: Ord|51/100|[from] Sandstorm\n|upkeep\n|\n|t:|1782438513\n|switch|p1a: Zapdos|Zapdos|100/100\n|turn|11\n|\n|t:|1782438529\n|move|p2a: Ord|Extreme Speed|p1a: Zapdos\n|-damage|p1a: Zapdos|78/100\n|move|p1a: Zapdos|Hurricane|p2a: Ord\n|-damage|p2a: Ord|0 fnt\n|faint|p2a: Ord\n|\n|-weather|Sandstorm|[upkeep]\n|-damage|p1a: Zapdos|72/100|[from] Sandstorm\n|upkeep\n|\n|t:|1782438555\n|switch|p2a: Jolty|Jolteon, M|100/100\n|-item|p2a: Jolty|Air Balloon\n|turn|12\n|\n|t:|1782438562\n|move|p2a: Jolty|Thunderbolt|p1a: Zapdos\n|-damage|p1a: Zapdos|33/100\n|move|p1a: Zapdos|U-turn|p2a: Jolty\n|-damage|p2a: Jolty|75/100\n|-enditem|p2a: Jolty|Air Balloon\n|\n|t:|1782438572\n|switch|p1a: Landorus|Landorus-Therian, M|100/100|[from] U-turn\n|-ability|p1a: Landorus|Intimidate|boost\n|-unboost|p2a: Jolty|atk|1\n|\n|-weather|Sandstorm|[upkeep]\n|-damage|p2a: Jolty|69/100|[from] Sandstorm\n|upkeep\n|turn|13\n|\n|t:|1782438584\n|switch|p2a: KING Gambit|Kingambit, M, shiny|100/100\n|-activate|p2a: KING Gambit|ability: Supreme Overlord\n|-start|p2a: KING Gambit|fallen3|[silent]\n|move|p1a: Landorus|Gravity|p1a: Landorus\n|-fieldstart|move: Gravity\n|\n|-weather|none\n|upkeep\n|turn|14\n|\n|t:|1782438594\n|-terastallize|p2a: KING Gambit|Dark\n|move|p1a: Landorus|Sandsear Storm|p2a: KING Gambit\n|-damage|p2a: KING Gambit|65/100\n|move|p2a: KING Gambit|Kowtow Cleave|p1a: Landorus\n|-crit|p1a: Landorus\n|-damage|p1a: Landorus|0 fnt\n|-damage|p2a: KING Gambit|48/100|[from] item: Rocky Helmet|[of] p1a: Landorus\n|faint|p1a: Landorus\n|\n|upkeep\n|\n|t:|1782438609\n|switch|p1a: Rabsca|Rabsca, M, shiny|100/100\n|turn|15\n|\n|t:|1782438614\n|move|p2a: KING Gambit|Sucker Punch||[still]\n|-fail|p2a: KING Gambit\n|move|p1a: Rabsca|Revival Blessing|p1a: Rabsca\n|\n|t:|1782438619\n|-heal|p1: Excadrill|50/100|[from] move: Revival Blessing\n|\n|upkeep\n|turn|16\n|\n|t:|1782438629\n|move|p2a: KING Gambit|Sucker Punch||[still]\n|-fail|p2a: KING Gambit\n|move|p1a: Rabsca|Gravity||[still]\n|-fail|p1a: Rabsca\n|\n|upkeep\n|turn|17\n|\n|t:|1782438634\n|switch|p1a: Zapdos|Zapdos|33/100\n|move|p2a: KING Gambit|Kowtow Cleave|p1a: Zapdos\n|-damage|p1a: Zapdos|0 fnt\n|faint|p1a: Zapdos\n|\n|-fieldend|move: Gravity\n|upkeep\n|\n|t:|1782438645\n|switch|p1a: Rabsca|Rabsca, M, shiny|100/100\n|turn|18\n|\n|t:|1782438647\n|move|p2a: KING Gambit|Kowtow Cleave|p1a: Rabsca\n|-supereffective|p1a: Rabsca\n|-damage|p1a: Rabsca|0 fnt\n|faint|p1a: Rabsca\n|\n|upkeep\n|\n|t:|1782438651\n|switch|p1a: Darkrai|Darkrai|100/100\n|turn|19\n|\n|t:|1782438661\n|-end|p2a: KING Gambit|fallen3|[silent]\n|switch|p2a: Jolty|Jolteon, M|69/100\n|move|p1a: Darkrai|Ice Beam|p2a: Jolty\n|-damage|p2a: Jolty|28/100\n|\n|upkeep\n|turn|20\n|\n|t:|1782438667\n|move|p2a: Jolty|Thunderbolt|p1a: Darkrai\n|-damage|p1a: Darkrai|44/100\n|move|p1a: Darkrai|Dark Pulse|p2a: Jolty\n|-damage|p2a: Jolty|0 fnt\n|faint|p2a: Jolty\n|\n|upkeep\n|\n|t:|1782438673\n|switch|p2a: McChicken|Blaziken, M, shiny|100/100\n|turn|21\n|\n|t:|1782438682\n|move|p2a: McChicken|Protect|p2a: McChicken\n|-singleturn|p2a: McChicken|Protect\n|move|p1a: Darkrai|Focus Blast|p2a: McChicken\n|-activate|p2a: McChicken|move: Protect\n|\n|-ability|p2a: McChicken|Speed Boost|boost\n|-boost|p2a: McChicken|spe|1\n|upkeep\n|turn|22\n|\n|t:|1782438689\n|move|p2a: McChicken|Close Combat|p1a: Darkrai\n|-supereffective|p1a: Darkrai\n|-damage|p1a: Darkrai|0 fnt\n|-unboost|p2a: McChicken|def|1\n|-unboost|p2a: McChicken|spd|1\n|faint|p1a: Darkrai\n|\n|-ability|p2a: McChicken|Speed Boost|boost\n|-boost|p2a: McChicken|spe|1\n|upkeep\n|\n|t:|1782438692\n|switch|p1a: Excadrill|Excadrill, M|50/100\n|turn|23\n|\n|t:|1782438698\n|move|p2a: McChicken|Blaze Kick|p1a: Excadrill\n|-supereffective|p1a: Excadrill\n|-damage|p1a: Excadrill|0 fnt\n|faint|p1a: Excadrill\n|\n|win|Yvonne348\n|raw|Ryuwxei's rating: 1037 &rarr; <strong>1022</strong><br />(-15 for losing)\n|raw|Yvonne348's rating: 1054 &rarr; <strong>1084</strong><br />(+30 for winning)\n", "uploadtime": 1782438701, "views": 9, "formatid": "gen9ou", "rating": 1022, "private": 0, "password": null}