{"id": "gen9ou-2639242348", "format": "[Gen 9] OU", "players": ["SlNGULARlTY", "monsterzogg"], "log": "|j|☆SlNGULARlTY\n|j|☆monsterzogg\n|t:|1782439294\n|gametype|singles\n|player|p1|SlNGULARlTY|koga|1331\n|player|p2|monsterzogg|acetrainer-gen2|1359\n|gen|9\n|tier|[Gen 9] OU\n|rated|\n|rule|HP Percentage Mod: HP is shown in percentages\n|rule|Endless Battle Clause: Forcing endless battles is banned\n|rule|Species Clause: Limit one of each Pokémon\n|rule|OHKO Clause: OHKO moves are banned\n|rule|Evasion Items Clause: Evasion items are banned\n|rule|Evasion Moves Clause: Evasion moves are banned\n|rule|Evasion Abilities Clause: Evasion abilities are banned\n|rule|Sleep Moves Clause: Sleep-inducing moves are banned\n|clearpoke\n|poke|p1|Ogerpon-Wellspring, F|\n|poke|p1|Moltres|\n|poke|p1|Gholdengo|\n|poke|p1|Garganacl, M|\n|poke|p1|Hatterene, F|\n|poke|p1|Heatran, F|\n|poke|p2|Haxorus, F|\n|poke|p2|Salamence, M|\n|poke|p2|Goodra, F|\n|poke|p2|Garchomp, M|\n|poke|p2|Scizor, F|\n|poke|p2|Lokix, M|\n|teampreview\n|inactive|Battle timer is ON: inactive players will automatically lose when time's up. (requested by SlNGULARlTY)\n|inactive|monsterzogg has 120 seconds left.\n|\n|t:|1782439343\n|teamsize|p1|6\n|teamsize|p2|6\n|start\n|switch|p1a: Hatterene|Hatterene, F|100/100\n|switch|p2a: Warhead|Haxorus, F, shiny|100/100\n|-ability|p2a: Warhead|Mold Breaker\n|turn|1\n|\n|t:|1782439350\n|move|p2a: Warhead|Dragon Dance|p2a: Warhead\n|-boost|p2a: Warhead|atk|1\n|-boost|p2a: Warhead|spe|1\n|move|p1a: Hatterene|Nuzzle|p2a: Warhead\n|-resisted|p2a: Warhead\n|-damage|p2a: Warhead|98/100\n|-status|p2a: Warhead|par\n|\n|upkeep\n|turn|2\n|\n|t:|1782439355\n|move|p2a: Warhead|Poison Jab|p1a: Hatterene\n|-supereffective|p1a: Hatterene\n|-damage|p1a: Hatterene|15/100\n|-status|p1a: Hatterene|psn\n|-damage|p2a: Warhead|82/100 par|[from] item: Rocky Helmet|[of] p1a: Hatterene\n|move|p1a: Hatterene|Draining Kiss|p2a: Warhead\n|-supereffective|p2a: Warhead\n|-damage|p2a: Warhead|6/100 par\n|-heal|p1a: Hatterene|67/100 psn|[from] drain|[of] p2a: Warhead\n|\n|-damage|p1a: Hatterene|55/100 psn|[from] psn\n|upkeep\n|turn|3\n|\n|t:|1782439372\n|switch|p1a: Gholdengo|Gholdengo|100/100\n|-item|p1a: Gholdengo|Air Balloon\n|move|p2a: Warhead|Poison Jab|p1a: Gholdengo\n|-immune|p1a: Gholdengo\n|\n|upkeep\n|turn|4\n|\n|t:|1782439376\n|move|p1a: Gholdengo|Shadow Ball|p2a: Warhead\n|-damage|p2a: Warhead|0 fnt\n|faint|p2a: Warhead\n|\n|upkeep\n|\n|t:|1782439385\n|switch|p2a: Lokix|Lokix, M|100/100\n|turn|5\n|\n|t:|1782439390\n|switch|p1a: Moltres|Moltres|100/100\n|move|p2a: Lokix|Knock Off|p1a: Moltres\n|-damage|p1a: Moltres|54/100\n|-enditem|p1a: Moltres|Heavy-Duty Boots|[from] move: Knock Off|[of] p2a: Lokix\n|\n|upkeep\n|turn|6\n|\n|t:|1782439395\n|switch|p2a: Salvo|Goodra, F|100/100\n|move|p1a: Moltres|Roost|p1a: Moltres\n|-heal|p1a: Moltres|100/100\n|-singleturn|p1a: Moltres|move: Roost\n|\n|upkeep\n|turn|7\n|\n|t:|1782439397\n|move|p1a: Moltres|U-turn|p2a: Salvo\n|-damage|p2a: Salvo|82/100\n|-ability|p2a: Salvo|Gooey\n|-unboost|p1a: Moltres|spe|1\n|\n|t:|1782439398\n|switch|p1a: Heatran|Heatran, F|100/100|[from] U-turn\n|move|p2a: Salvo|Thunderbolt|p1a: Heatran\n|-damage|p1a: Heatran|70/100\n|\n|upkeep\n|turn|8\n|\n|t:|1782439403\n|move|p1a: Heatran|Flash Cannon|p2a: Salvo\n|-damage|p2a: Salvo|55/100\n|move|p2a: Salvo|Thunderbolt|p1a: Heatran\n|-damage|p1a: Heatran|39/100\n|\n|upkeep\n|turn|9\n|\n|t:|1782439408\n|move|p1a: Heatran|Flash Cannon|p2a: Salvo\n|-damage|p2a: Salvo|28/100\n|move|p2a: Salvo|Thunderbolt|p1a: Heatran\n|-damage|p1a: Heatran|10/100\n|\n|upkeep\n|turn|10\n|\n|t:|1782439412\n|move|p1a: Heatran|Flash Cannon|p2a: Salvo\n|-damage|p2a: Salvo|0 fnt\n|faint|p2a: Salvo\n|\n|upkeep\n|\n|t:|1782439415\n|switch|p2a: Doomsday|Salamence, M|100/100\n|turn|11\n|\n|t:|1782439419\n|switch|p1a: Moltres|Moltres|100/100\n|move|p2a: Doomsday|Dragon Dance|p2a: Doomsday\n|-boost|p2a: Doomsday|atk|1\n|-boost|p2a: Doomsday|spe|1\n|\n|upkeep\n|turn|12\n|\n|t:|1782439424\n|move|p2a: Doomsday|Dragon Dance|p2a: Doomsday\n|-boost|p2a: Doomsday|atk|1\n|-boost|p2a: Doomsday|spe|1\n|move|p1a: Moltres|Will-O-Wisp|p2a: Doomsday\n|-status|p2a: Doomsday|brn\n|-enditem|p2a: Doomsday|Lum Berry|[eat]\n|-curestatus|p2a: Doomsday|brn|[msg]\n|\n|upkeep\n|turn|13\n|\n|t:|1782439437\n|move|p2a: Doomsday|Outrage|p1a: Moltres\n|-damage|p1a: Moltres|19/100\n|move|p1a: Moltres|Will-O-Wisp|p2a: Doomsday\n|-status|p2a: Doomsday|brn\n|\n|-damage|p2a: Doomsday|94/100 brn|[from] brn\n|upkeep\n|turn|14\n|\n|t:|1782439441\n|switch|p1a: Heatran|Heatran, F|10/100\n|move|p2a: Doomsday|Outrage|p1a: Heatran|[from] lockedmove\n|-resisted|p1a: Heatran\n|-damage|p1a: Heatran|0 fnt\n|faint|p1a: Heatran\n|-ability|p2a: Doomsday|Moxie|boost\n|-boost|p2a: Doomsday|atk|1\n|-start|p2a: Doomsday|confusion|[fatigue]\n|\n|-damage|p2a: Doomsday|88/100 brn|[from] brn\n|upkeep\n|\n|t:|1782439443\n|switch|p1a: Hatterene|Hatterene, F|55/100 psn\n|turn|15\n|\n|t:|1782439448\n|-activate|p2a: Doomsday|confusion\n|move|p2a: Doomsday|Temper Flare|p1a: Hatterene\n|-damage|p1a: Hatterene|28/100 psn\n|-damage|p2a: Doomsday|72/100 brn|[from] item: Rocky Helmet|[of] p1a: Hatterene\n|move|p1a: Hatterene|Draining Kiss|p2a: Doomsday\n|-supereffective|p2a: Doomsday\n|-crit|p2a: Doomsday\n|-damage|p2a: Doomsday|0 fnt\n|-heal|p1a: Hatterene|84/100 psn|[from] drain|[of] p2a: Doomsday\n|faint|p2a: Doomsday\n|\n|-damage|p1a: Hatterene|71/100 psn|[from] psn\n|upkeep\n|\n|t:|1782439458\n|switch|p2a: Scizor|Scizor, F|100/100\n|turn|16\n|\n|t:|1782439464\n|-terastallize|p1a: Hatterene|Water\n|move|p2a: Scizor|Bullet Punch|p1a: Hatterene\n|-resisted|p1a: Hatterene\n|-damage|p1a: Hatterene|57/100 psn\n|-damage|p2a: Scizor|84/100|[from] item: Rocky Helmet|[of] p1a: Hatterene\n|move|p1a: Hatterene|Nuzzle|p2a: Scizor\n|-damage|p2a: Scizor|80/100\n|-status|p2a: Scizor|par\n|\n|-damage|p1a: Hatterene|45/100 psn|[from] psn\n|upkeep\n|turn|17\n|\n|t:|1782439475\n|switch|p1a: Gholdengo|Gholdengo|100/100\n|-item|p1a: Gholdengo|Air Balloon\n|move|p2a: Scizor|Knock Off|p1a: Gholdengo\n|-supereffective|p1a: Gholdengo\n|-damage|p1a: Gholdengo|19/100\n|-enditem|p1a: Gholdengo|Air Balloon\n|\n|upkeep\n|turn|18\n|\n|t:|1782439485\n|move|p2a: Scizor|Bullet Punch|p1a: Gholdengo\n|-resisted|p1a: Gholdengo\n|-damage|p1a: Gholdengo|0 fnt\n|faint|p1a: Gholdengo\n|\n|upkeep\n|\n|t:|1782439488\n|switch|p1a: Moltres|Moltres|19/100\n|turn|19\n|\n|t:|1782439502\n|move|p2a: Scizor|Bullet Punch|p1a: Moltres\n|-resisted|p1a: Moltres\n|-damage|p1a: Moltres|8/100\n|move|p1a: Moltres|Roost|p1a: Moltres\n|-heal|p1a: Moltres|58/100\n|-singleturn|p1a: Moltres|move: Roost\n|\n|upkeep\n|turn|20\n|\n|t:|1782439513\n|switch|p2a: Lockhead|Garchomp, M|100/100\n|move|p1a: Moltres|Will-O-Wisp|p2a: Lockhead\n|-status|p2a: Lockhead|brn\n|\n|-damage|p2a: Lockhead|94/100 brn|[from] brn\n|upkeep\n|turn|21\n|\n|t:|1782439516\n|move|p2a: Lockhead|Outrage|p1a: Moltres\n|-damage|p1a: Moltres|34/100\n|move|p1a: Moltres|Roost|p1a: Moltres\n|-heal|p1a: Moltres|84/100\n|-singleturn|p1a: Moltres|move: Roost\n|\n|-damage|p2a: Lockhead|88/100 brn|[from] brn\n|upkeep\n|turn|22\n|\n|t:|1782439524\n|switch|p1a: Garganacl|Garganacl, M|100/100\n|move|p2a: Lockhead|Outrage|p1a: Garganacl|[from] lockedmove\n|-damage|p1a: Garganacl|80/100\n|\n|-heal|p1a: Garganacl|86/100|[from] item: Leftovers\n|-damage|p2a: Lockhead|82/100 brn|[from] brn\n|upkeep\n|turn|23\n|-message|monsterzogg forfeited.\n|\n|win|SlNGULARlTY\n|raw|SlNGULARlTY's rating: 1331 &rarr; <strong>1353</strong><br />(+22 for winning)\n|raw|monsterzogg's rating: 1359 &rarr; <strong>1337</strong><br />(-22 for losing)\n|l|☆monsterzogg\n|player|p2|\n", "uploadtime": 1782439530, "views": 12, "formatid": "gen9ou", "rating": 1337, "private": 0, "password": null}