{"id": "gen9ou-2540562987", "format": "[Gen 9] OU", "players": ["alex12381723898", "minecraft pro 67"], "log": "|j|☆alex12381723898\n|j|☆minecraft pro 67\n|t:|1771218538\n|gametype|singles\n|player|p1|alex12381723898|170|1559\n|player|p2|minecraft pro 67|cynthia-gen4|1697\n|gen|9\n|tier|[Gen 9] OU\n|rated|\n|rule|HP Percentage Mod: HP is shown in percentages\n|rule|Endless Battle Clause: Forcing endless battles is banned\n|rule|Species Clause: Limit one of each Pokémon\n|rule|OHKO Clause: OHKO moves are banned\n|rule|Evasion Items Clause: Evasion items are banned\n|rule|Evasion Moves Clause: Evasion moves are banned\n|rule|Evasion Abilities Clause: Evasion abilities are banned\n|rule|Sleep Moves Clause: Sleep-inducing moves are banned\n|clearpoke\n|poke|p1|Landorus-Therian, M|\n|poke|p1|Sinistcha|\n|poke|p1|Tinkaton, F|\n|poke|p1|Moltres|\n|poke|p1|Samurott-Hisui, M|\n|poke|p1|Hydreigon, M|\n|poke|p2|Gliscor, M|\n|poke|p2|Heatran, F|\n|poke|p2|Sinistcha|\n|poke|p2|Corviknight, F|\n|poke|p2|Zamazenta-*|\n|poke|p2|Rotom-Wash|\n|teampreview\n|inactive|Battle timer is ON: inactive players will automatically lose when time's up. (requested by minecraft pro 67)\n|j| Nick the Tick\n|\n|t:|1771218564\n|teamsize|p1|6\n|teamsize|p2|6\n|start\n|switch|p1a: Tinkaton|Tinkaton, F, shiny|100/100\n|switch|p2a: Scrotom-Washed|Rotom-Wash|100/100\n|-item|p1a: Tinkaton|Air Balloon\n|turn|1\n|\n|t:|1771218581\n|switch|p1a: Hydreigon|Hydreigon, M, shiny|100/100\n|move|p2a: Scrotom-Washed|Volt Switch|p1a: Hydreigon\n|-resisted|p1a: Hydreigon\n|-damage|p1a: Hydreigon|85/100\n|\n|t:|1771218589\n|switch|p2a: Zama Bin Ladderin|Zamazenta|100/100|[from] Volt Switch\n|-ability|p2a: Zama Bin Ladderin|Dauntless Shield|boost\n|-boost|p2a: Zama Bin Ladderin|def|1\n|\n|upkeep\n|turn|2\n|\n|t:|1771218600\n|switch|p2a: Hephaepstein|Heatran, F|100/100\n|switch|p1a: Sinistcha|Sinistcha, shiny|100/100\n|\n|upkeep\n|turn|3\n|\n|t:|1771218603\n|switch|p1a: Samurott|Samurott-Hisui, M, shiny|100/100\n|move|p2a: Hephaepstein|Stealth Rock|p1a: Samurott\n|-sidestart|p1: alex12381723898|move: Stealth Rock\n|\n|upkeep\n|turn|4\n|\n|t:|1771218609\n|switch|p2a: Corviknight|Corviknight, F|100/100\n|-ability|p2a: Corviknight|Pressure\n|move|p1a: Samurott|Knock Off|p2a: Corviknight\n|-damage|p2a: Corviknight|72/100\n|-damage|p1a: Samurott|84/100|[from] item: Rocky Helmet|[of] p2a: Corviknight\n|-enditem|p2a: Corviknight|Rocky Helmet|[from] move: Knock Off|[of] p1a: Samurott\n|\n|upkeep\n|turn|5\n|\n|t:|1771218614\n|move|p1a: Samurott|Ceaseless Edge|p2a: Corviknight\n|-damage|p2a: Corviknight|44/100\n|-sidestart|p2: minecraft pro 67|Spikes\n|move|p2a: Corviknight|U-turn|p1a: Samurott\n|-supereffective|p1a: Samurott\n|-damage|p1a: Samurott|50/100\n|\n|t:|1771218617\n|switch|p2a: Scrotom-Washed|Rotom-Wash|100/100|[from] U-turn\n|\n|upkeep\n|turn|6\n|\n|t:|1771218622\n|switch|p1a: Hydreigon|Hydreigon, M, shiny|85/100\n|-damage|p1a: Hydreigon|73/100|[from] Stealth Rock\n|move|p2a: Scrotom-Washed|Volt Switch|p1a: Hydreigon\n|-resisted|p1a: Hydreigon\n|-damage|p1a: Hydreigon|58/100\n|\n|t:|1771218632\n|switch|p2a: Gliskibidi 😂|Gliscor, M|100/100|[from] Volt Switch\n|\n|-status|p2a: Gliskibidi 😂|tox|[from] item: Toxic Orb\n|upkeep\n|turn|7\n|\n|t:|1771218641\n|-terastallize|p1a: Hydreigon|Steel\n|move|p2a: Gliskibidi 😂|Protect|p2a: Gliskibidi 😂\n|-singleturn|p2a: Gliskibidi 😂|Protect\n|move|p1a: Hydreigon|Dark Pulse|p2a: Gliskibidi 😂\n|-activate|p2a: Gliskibidi 😂|move: Protect\n|\n|upkeep\n|turn|8\n|\n|t:|1771218647\n|switch|p2a: Zama Bin Ladderin|Zamazenta|100/100\n|move|p1a: Hydreigon|Dark Pulse|p2a: Zama Bin Ladderin\n|-resisted|p2a: Zama Bin Ladderin\n|-damage|p2a: Zama Bin Ladderin|76/100\n|\n|upkeep\n|turn|9\n|\n|t:|1771218658\n|switch|p2a: Scrotom-Washed|Rotom-Wash|100/100\n|switch|p1a: Moltres|Moltres, shiny|100/100\n|\n|upkeep\n|turn|10\n|\n|t:|1771218666\n|move|p2a: Scrotom-Washed|Volt Switch|p1a: Moltres\n|-supereffective|p1a: Moltres\n|-damage|p1a: Moltres|58/100\n|\n|t:|1771218673\n|switch|p2a: Gliskibidi 😂|Gliscor, M|100/100 tox|[from] Volt Switch\n|move|p1a: Moltres|U-turn|p2a: Gliskibidi 😂\n|-resisted|p2a: Gliskibidi 😂\n|-damage|p2a: Gliskibidi 😂|95/100 tox\n|\n|t:|1771218676\n|switch|p1a: Tinkaton|Tinkaton, F, shiny|100/100|[from] U-turn\n|-damage|p1a: Tinkaton|94/100|[from] Stealth Rock\n|-item|p1a: Tinkaton|Air Balloon\n|\n|-heal|p2a: Gliskibidi 😂|100/100 tox|[from] ability: Poison Heal\n|upkeep\n|turn|11\n|\n|t:|1771218685\n|switch|p2a: Scrotom-Washed|Rotom-Wash|100/100\n|move|p1a: Tinkaton|Stealth Rock|p2a: Scrotom-Washed\n|-sidestart|p2: minecraft pro 67|move: Stealth Rock\n|\n|upkeep\n|turn|12\n|\n|t:|1771218695\n|switch|p1a: Samurott|Samurott-Hisui, M, shiny|50/100\n|move|p2a: Scrotom-Washed|Will-O-Wisp|p1a: Samurott\n|-status|p1a: Samurott|brn\n|\n|-damage|p1a: Samurott|43/100 brn|[from] brn\n|upkeep\n|turn|13\n|\n|t:|1771218701\n|switch|p2a: Corviknight|Corviknight, F|44/100\n|-damage|p2a: Corviknight|32/100|[from] Stealth Rock\n|-ability|p2a: Corviknight|Pressure\n|move|p1a: Samurott|Knock Off|p2a: Corviknight\n|-damage|p2a: Corviknight|23/100\n|\n|-damage|p1a: Samurott|37/100 brn|[from] brn\n|upkeep\n|turn|14\n|\n|t:|1771218709\n|move|p1a: Samurott|Flip Turn|p2a: Corviknight\n|-crit|p2a: Corviknight\n|-damage|p2a: Corviknight|9/100\n|\n|t:|1771218711\n|switch|p1a: Hydreigon|Hydreigon, M, shiny, tera:Steel|58/100|[from] Flip Turn\n|-damage|p1a: Hydreigon|52/100|[from] Stealth Rock\n|move|p2a: Corviknight|Roost|p2a: Corviknight\n|-heal|p2a: Corviknight|59/100\n|-singleturn|p2a: Corviknight|move: Roost\n|\n|upkeep\n|turn|15\n|\n|t:|1771218718\n|switch|p2a: Hephaepstein|Heatran, F|100/100\n|-damage|p2a: Hephaepstein|88/100|[from] Spikes\n|-damage|p2a: Hephaepstein|76/100|[from] Stealth Rock\n|move|p1a: Hydreigon|Dark Pulse|p2a: Hephaepstein\n|-damage|p2a: Hephaepstein|38/100\n|\n|-heal|p2a: Hephaepstein|45/100|[from] item: Leftovers\n|upkeep\n|turn|16\n|\n|t:|1771218725\n|switch|p1a: Samurott|Samurott-Hisui, M, shiny|37/100 brn\n|move|p2a: Hephaepstein|Lava Plume|p1a: Samurott\n|-resisted|p1a: Samurott\n|-damage|p1a: Samurott|12/100 brn\n|\n|-heal|p2a: Hephaepstein|51/100|[from] item: Leftovers\n|-damage|p1a: Samurott|6/100 brn|[from] brn\n|upkeep\n|turn|17\n|\n|t:|1771218730\n|move|p2a: Hephaepstein|Protect|p2a: Hephaepstein\n|-singleturn|p2a: Hephaepstein|Protect\n|move|p1a: Samurott|Flip Turn|p2a: Hephaepstein\n|-activate|p2a: Hephaepstein|move: Protect\n|\n|-heal|p2a: Hephaepstein|57/100|[from] item: Leftovers\n|-damage|p1a: Samurott|0 fnt|[from] brn\n|faint|p1a: Samurott\n|upkeep\n|\n|t:|1771218735\n|switch|p1a: Moltres|Moltres, shiny|58/100\n|turn|18\n|\n|t:|1771218742\n|switch|p2a: Scrotom-Washed|Rotom-Wash|100/100\n|-damage|p2a: Scrotom-Washed|88/100|[from] Stealth Rock\n|move|p1a: Moltres|Roost|p1a: Moltres\n|-heal|p1a: Moltres|100/100\n|-singleturn|p1a: Moltres|move: Roost\n|\n|upkeep\n|turn|19\n|\n|t:|1771218750\n|switch|p1a: Tinkaton|Tinkaton, F, shiny|94/100\n|-damage|p1a: Tinkaton|88/100|[from] Stealth Rock\n|-item|p1a: Tinkaton|Air Balloon\n|move|p2a: Scrotom-Washed|Trick|p1a: Tinkaton\n|-activate|p2a: Scrotom-Washed|move: Trick|[of] p1a: Tinkaton\n|-item|p1a: Tinkaton|Choice Scarf|[from] move: Trick\n|-item|p2a: Scrotom-Washed|Air Balloon\n|-item|p2a: Scrotom-Washed|Air Balloon|[from] move: Trick\n|\n|upkeep\n|turn|20\n|\n|t:|1771218759\n|move|p1a: Tinkaton|Gigaton Hammer|p2a: Scrotom-Washed\n|-resisted|p2a: Scrotom-Washed\n|-damage|p2a: Scrotom-Washed|72/100\n|-enditem|p2a: Scrotom-Washed|Air Balloon\n|move|p2a: Scrotom-Washed|Trick|p1a: Tinkaton\n|-activate|p2a: Scrotom-Washed|move: Trick|[of] p1a: Tinkaton\n|-enditem|p1a: Tinkaton|Choice Scarf|[silent]|[from] move: Trick\n|-item|p2a: Scrotom-Washed|Choice Scarf|[from] move: Trick\n|\n|upkeep\n|turn|21\n|\n|t:|1771218767\n|move|p2a: Scrotom-Washed|Will-O-Wisp|p1a: Tinkaton\n|-status|p1a: Tinkaton|brn\n|move|p1a: Tinkaton|Ice Hammer|p2a: Scrotom-Washed|[miss]\n|-miss|p1a: Tinkaton|p2a: Scrotom-Washed\n|\n|-damage|p1a: Tinkaton|82/100 brn|[from] brn\n|upkeep\n|turn|22\n|\n|t:|1771218776\n|switch|p2a: Corviknight|Corviknight, F|59/100\n|-damage|p2a: Corviknight|47/100|[from] Stealth Rock\n|-ability|p2a: Corviknight|Pressure\n|switch|p1a: Hydreigon|Hydreigon, M, shiny, tera:Steel|52/100\n|-damage|p1a: Hydreigon|46/100|[from] Stealth Rock\n|\n|upkeep\n|turn|23\n|\n|t:|1771218785\n|move|p1a: Hydreigon|Dark Pulse|p2a: Corviknight\n|-damage|p2a: Corviknight|0 fnt\n|faint|p2a: Corviknight\n|\n|upkeep\n|\n|t:|1771218792\n|switch|p2a: Zama Bin Ladderin|Zamazenta|76/100\n|turn|24\n|\n|t:|1771218800\n|switch|p2a: Gliskibidi 😂|Gliscor, M|100/100 tox\n|-damage|p2a: Gliskibidi 😂|88/100 tox|[from] Stealth Rock\n|switch|p1a: Sinistcha|Sinistcha, shiny|100/100\n|\n|-heal|p2a: Gliskibidi 😂|100/100 tox|[from] ability: Poison Heal\n|upkeep\n|turn|25\n|\n|t:|1771218807\n|move|p2a: Gliskibidi 😂|Knock Off|p1a: Sinistcha\n|-supereffective|p1a: Sinistcha\n|-damage|p1a: Sinistcha|70/100\n|-enditem|p1a: Sinistcha|Heavy-Duty Boots|[from] move: Knock Off|[of] p2a: Gliskibidi 😂\n|move|p1a: Sinistcha|Calm Mind|p1a: Sinistcha\n|-boost|p1a: Sinistcha|spa|1\n|-boost|p1a: Sinistcha|spd|1\n|\n|upkeep\n|turn|26\n|\n|t:|1771218817\n|switch|p2a: Hephaepstein|Heatran, F|57/100\n|-damage|p2a: Hephaepstein|45/100|[from] Spikes\n|-damage|p2a: Hephaepstein|32/100|[from] Stealth Rock\n|move|p1a: Sinistcha|Strength Sap|p2a: Hephaepstein\n|-unboost|p2a: Hephaepstein|atk|1\n|-heal|p1a: Sinistcha|100/100\n|\n|-heal|p2a: Hephaepstein|38/100|[from] item: Leftovers\n|upkeep\n|turn|27\n|\n|t:|1771218822\n|move|p2a: Hephaepstein|Lava Plume|p1a: Sinistcha\n|-supereffective|p1a: Sinistcha\n|-damage|p1a: Sinistcha|70/100\n|move|p1a: Sinistcha|Shadow Ball|p2a: Hephaepstein\n|-damage|p2a: Hephaepstein|6/100\n|\n|-heal|p2a: Hephaepstein|12/100|[from] item: Leftovers\n|upkeep\n|turn|28\n|\n|t:|1771218825\n|move|p2a: Hephaepstein|Lava Plume|p1a: Sinistcha\n|-supereffective|p1a: Sinistcha\n|-damage|p1a: Sinistcha|41/100\n|move|p1a: Sinistcha|Shadow Ball|p2a: Hephaepstein\n|-damage|p2a: Hephaepstein|0 fnt\n|faint|p2a: Hephaepstein\n|\n|upkeep\n|\n|t:|1771218828\n|switch|p2a: Tcharlie Kirsch|Sinistcha|100/100\n|turn|29\n|\n|t:|1771218832\n|move|p2a: Tcharlie Kirsch|Shadow Ball|p1a: Sinistcha\n|-supereffective|p1a: Sinistcha\n|-damage|p1a: Sinistcha|0 fnt\n|faint|p1a: Sinistcha\n|\n|upkeep\n|\n|t:|1771218836\n|switch|p1a: Hydreigon|Hydreigon, M, shiny, tera:Steel|46/100\n|-damage|p1a: Hydreigon|40/100|[from] Stealth Rock\n|turn|30\n|\n|t:|1771218844\n|switch|p2a: Zama Bin Ladderin|Zamazenta|76/100\n|move|p1a: Hydreigon|Draco Meteor|p2a: Zama Bin Ladderin\n|-damage|p2a: Zama Bin Ladderin|0 fnt\n|-unboost|p1a: Hydreigon|spa|2\n|faint|p2a: Zama Bin Ladderin\n|\n|upkeep\n|\n|t:|1771218847\n|switch|p2a: Gliskibidi 😂|Gliscor, M|100/100 tox\n|-damage|p2a: Gliskibidi 😂|88/100 tox|[from] Stealth Rock\n|turn|31\n|\n|t:|1771218853\n|switch|p1a: Tinkaton|Tinkaton, F, shiny|82/100 brn\n|-damage|p1a: Tinkaton|76/100 brn|[from] Stealth Rock\n|move|p2a: Gliskibidi 😂|Spikes|p1a: Tinkaton\n|-sidestart|p1: alex12381723898|Spikes\n|\n|-heal|p2a: Gliskibidi 😂|100/100 tox|[from] ability: Poison Heal\n|-damage|p1a: Tinkaton|70/100 brn|[from] brn\n|upkeep\n|turn|32\n|\n|t:|1771218858\n|move|p1a: Tinkaton|Ice Hammer|p2a: Gliskibidi 😂\n|-supereffective|p2a: Gliskibidi 😂\n|-damage|p2a: Gliskibidi 😂|58/100 tox\n|-unboost|p1a: Tinkaton|spe|1\n|move|p2a: Gliskibidi 😂|Spikes|p1a: Tinkaton\n|-sidestart|p1: alex12381723898|Spikes\n|\n|-heal|p2a: Gliskibidi 😂|70/100 tox|[from] ability: Poison Heal\n|-damage|p1a: Tinkaton|64/100 brn|[from] brn\n|upkeep\n|turn|33\n|\n|t:|1771218864\n|move|p2a: Gliskibidi 😂|Protect|p2a: Gliskibidi 😂\n|-singleturn|p2a: Gliskibidi 😂|Protect\n|move|p1a: Tinkaton|Ice Hammer|p2a: Gliskibidi 😂\n|-activate|p2a: Gliskibidi 😂|move: Protect\n|\n|-heal|p2a: Gliskibidi 😂|83/100 tox|[from] ability: Poison Heal\n|-damage|p1a: Tinkaton|58/100 brn|[from] brn\n|upkeep\n|turn|34\n|\n|t:|1771218869\n|switch|p2a: Tcharlie Kirsch|Sinistcha|100/100\n|move|p1a: Tinkaton|Ice Hammer|p2a: Tcharlie Kirsch\n|-supereffective|p2a: Tcharlie Kirsch\n|-damage|p2a: Tcharlie Kirsch|83/100\n|-unboost|p1a: Tinkaton|spe|1\n|\n|-damage|p1a: Tinkaton|52/100 brn|[from] brn\n|upkeep\n|turn|35\n|\n|t:|1771218877\n|move|p2a: Tcharlie Kirsch|Calm Mind|p2a: Tcharlie Kirsch\n|-boost|p2a: Tcharlie Kirsch|spa|1\n|-boost|p2a: Tcharlie Kirsch|spd|1\n|move|p1a: Tinkaton|Encore|p2a: Tcharlie Kirsch\n|-start|p2a: Tcharlie Kirsch|Encore\n|\n|-damage|p1a: Tinkaton|46/100 brn|[from] brn\n|upkeep\n|turn|36\n|\n|t:|1771218881\n|switch|p1a: Hydreigon|Hydreigon, M, shiny, tera:Steel|40/100\n|-damage|p1a: Hydreigon|33/100|[from] Stealth Rock\n|move|p2a: Tcharlie Kirsch|Calm Mind|p2a: Tcharlie Kirsch\n|-boost|p2a: Tcharlie Kirsch|spa|1\n|-boost|p2a: Tcharlie Kirsch|spd|1\n|\n|upkeep\n|turn|37\n|\n|t:|1771218904\n|switch|p1a: Tinkaton|Tinkaton, F, shiny|46/100 brn\n|-damage|p1a: Tinkaton|39/100 brn|[from] Stealth Rock\n|-damage|p1a: Tinkaton|23/100 brn|[from] Spikes\n|switch|p2a: Gliskibidi 😂|Gliscor, M|83/100 tox\n|-damage|p2a: Gliskibidi 😂|70/100 tox|[from] Stealth Rock\n|\n|-heal|p2a: Gliskibidi 😂|83/100 tox|[from] ability: Poison Heal\n|-damage|p1a: Tinkaton|17/100 brn|[from] brn\n|upkeep\n|turn|38\n|\n|t:|1771218913\n|move|p2a: Gliskibidi 😂|Protect|p2a: Gliskibidi 😂\n|-singleturn|p2a: Gliskibidi 😂|Protect\n|move|p1a: Tinkaton|Ice Hammer|p2a: Gliskibidi 😂\n|-activate|p2a: Gliskibidi 😂|move: Protect\n|\n|-heal|p2a: Gliskibidi 😂|95/100 tox|[from] ability: Poison Heal\n|-damage|p1a: Tinkaton|11/100 brn|[from] brn\n|upkeep\n|turn|39\n|\n|t:|1771218914\n|switch|p2a: Scrotom-Washed|Rotom-Wash|72/100\n|-damage|p2a: Scrotom-Washed|60/100|[from] Stealth Rock\n|move|p1a: Tinkaton|Ice Hammer|p2a: Scrotom-Washed\n|-resisted|p2a: Scrotom-Washed\n|-damage|p2a: Scrotom-Washed|53/100\n|-unboost|p1a: Tinkaton|spe|1\n|\n|-damage|p1a: Tinkaton|5/100 brn|[from] brn\n|upkeep\n|turn|40\n|\n|t:|1771218920\n|move|p2a: Scrotom-Washed|Hydro Pump|p1a: Tinkaton\n|-crit|p1a: Tinkaton\n|-damage|p1a: Tinkaton|0 fnt\n|faint|p1a: Tinkaton\n|\n|upkeep\n|\n|t:|1771218937\n|switch|p1a: Landorus|Landorus-Therian, M, shiny|100/100\n|-damage|p1a: Landorus|88/100|[from] Stealth Rock\n|-ability|p1a: Landorus|Intimidate|boost\n|-unboost|p2a: Scrotom-Washed|atk|1\n|turn|41\n|\n|t:|1771218940\n|move|p1a: Landorus|Stone Edge|p2a: Scrotom-Washed\n|-damage|p2a: Scrotom-Washed|15/100\n|move|p2a: Scrotom-Washed|Hydro Pump|p1a: Landorus|[miss]\n|-miss|p2a: Scrotom-Washed|p1a: Landorus\n|\n|upkeep\n|turn|42\n|\n|t:|1771218944\n|switch|p2a: Gliskibidi 😂|Gliscor, M|95/100 tox\n|-damage|p2a: Gliskibidi 😂|83/100 tox|[from] Stealth Rock\n|move|p1a: Landorus|Stone Edge|p2a: Gliskibidi 😂\n|-crit|p2a: Gliskibidi 😂\n|-damage|p2a: Gliskibidi 😂|36/100 tox\n|\n|-heal|p2a: Gliskibidi 😂|49/100 tox|[from] ability: Poison Heal\n|upkeep\n|turn|43\n|\n|t:|1771218957\n|switch|p1a: Hydreigon|Hydreigon, M, shiny, tera:Steel|33/100\n|-damage|p1a: Hydreigon|27/100|[from] Stealth Rock\n|move|p2a: Gliskibidi 😂|Protect||[still]\n|-fail|p2a: Gliskibidi 😂\n|\n|-heal|p2a: Gliskibidi 😂|61/100 tox|[from] ability: Poison Heal\n|upkeep\n|turn|44\n|\n|t:|1771218961\n|move|p2a: Gliskibidi 😂|Protect|p2a: Gliskibidi 😂\n|-singleturn|p2a: Gliskibidi 😂|Protect\n|move|p1a: Hydreigon|Dark Pulse|p2a: Gliskibidi 😂\n|-activate|p2a: Gliskibidi 😂|move: Protect\n|\n|-heal|p2a: Gliskibidi 😂|74/100 tox|[from] ability: Poison Heal\n|upkeep\n|turn|45\n|\n|t:|1771218966\n|move|p1a: Hydreigon|Dark Pulse|p2a: Gliskibidi 😂\n|-damage|p2a: Gliskibidi 😂|16/100 tox\n|move|p2a: Gliskibidi 😂|Knock Off|p1a: Hydreigon\n|-damage|p1a: Hydreigon|3/100\n|-enditem|p1a: Hydreigon|Choice Specs|[from] move: Knock Off|[of] p2a: Gliskibidi 😂\n|\n|-heal|p2a: Gliskibidi 😂|29/100 tox|[from] ability: Poison Heal\n|upkeep\n|turn|46\n|\n|t:|1771218972\n|move|p2a: Gliskibidi 😂|Protect|p2a: Gliskibidi 😂\n|-singleturn|p2a: Gliskibidi 😂|Protect\n|move|p1a: Hydreigon|Dark Pulse|p2a: Gliskibidi 😂\n|-activate|p2a: Gliskibidi 😂|move: Protect\n|\n|-heal|p2a: Gliskibidi 😂|41/100 tox|[from] ability: Poison Heal\n|upkeep\n|turn|47\n|\n|t:|1771218974\n|move|p1a: Hydreigon|Draco Meteor|p2a: Gliskibidi 😂\n|-damage|p2a: Gliskibidi 😂|0 fnt\n|-unboost|p1a: Hydreigon|spa|2\n|faint|p2a: Gliskibidi 😂\n|\n|upkeep\n|\n|t:|1771218976\n|switch|p2a: Scrotom-Washed|Rotom-Wash|15/100\n|-damage|p2a: Scrotom-Washed|3/100|[from] Stealth Rock\n|turn|48\n|\n|t:|1771218981\n|move|p2a: Scrotom-Washed|Volt Switch|p1a: Hydreigon\n|-damage|p1a: Hydreigon|0 fnt\n|faint|p1a: Hydreigon\n|\n|t:|1771218983\n|switch|p2a: Tcharlie Kirsch|Sinistcha|83/100|[from] Volt Switch\n|\n|upkeep\n|\n|t:|1771218993\n|switch|p1a: Moltres|Moltres, shiny|100/100\n|turn|49\n|\n|t:|1771218996\n|-terastallize|p2a: Tcharlie Kirsch|Poison\n|move|p1a: Moltres|Scorching Sands|p2a: Tcharlie Kirsch\n|-supereffective|p2a: Tcharlie Kirsch\n|-damage|p2a: Tcharlie Kirsch|33/100\n|move|p2a: Tcharlie Kirsch|Calm Mind|p2a: Tcharlie Kirsch\n|-boost|p2a: Tcharlie Kirsch|spa|1\n|-boost|p2a: Tcharlie Kirsch|spd|1\n|\n|upkeep\n|turn|50\n|\n|t:|1771219002\n|move|p1a: Moltres|Scorching Sands|p2a: Tcharlie Kirsch\n|-supereffective|p2a: Tcharlie Kirsch\n|-damage|p2a: Tcharlie Kirsch|4/100\n|move|p2a: Tcharlie Kirsch|Strength Sap|p1a: Moltres\n|-unboost|p1a: Moltres|atk|1\n|-heal|p2a: Tcharlie Kirsch|65/100\n|\n|upkeep\n|turn|51\n|\n|t:|1771219011\n|move|p1a: Moltres|Scorching Sands|p2a: Tcharlie Kirsch\n|-supereffective|p2a: Tcharlie Kirsch\n|-damage|p2a: Tcharlie Kirsch|32/100\n|move|p2a: Tcharlie Kirsch|Strength Sap|p1a: Moltres\n|-unboost|p1a: Moltres|atk|1\n|-heal|p2a: Tcharlie Kirsch|73/100\n|\n|upkeep\n|turn|52\n|\n|t:|1771219017\n|move|p1a: Moltres|Scorching Sands|p2a: Tcharlie Kirsch\n|-supereffective|p2a: Tcharlie Kirsch\n|-damage|p2a: Tcharlie Kirsch|42/100\n|move|p2a: Tcharlie Kirsch|Shadow Ball|p1a: Moltres\n|-damage|p1a: Moltres|61/100\n|\n|upkeep\n|turn|53\n|\n|t:|1771219021\n|move|p1a: Moltres|Scorching Sands|p2a: Tcharlie Kirsch\n|-supereffective|p2a: Tcharlie Kirsch\n|-damage|p2a: Tcharlie Kirsch|9/100\n|-status|p2a: Tcharlie Kirsch|brn\n|move|p2a: Tcharlie Kirsch|Shadow Ball|p1a: Moltres\n|-damage|p1a: Moltres|18/100\n|\n|-damage|p2a: Tcharlie Kirsch|7/100 brn|[from] brn\n|upkeep\n|turn|54\n|-message|minecraft pro 67 forfeited.\n|\n|win|alex12381723898\n|raw|alex12381723898's rating: 1559 &rarr; <strong>1587</strong><br />(+28 for winning)\n|raw|minecraft pro 67's rating: 1697 &rarr; <strong>1669</strong><br />(-28 for losing)\n|l|☆minecraft pro 67\n|player|p2|\n|l|☆alex12381723898\n|player|p1|\n|l| Nick the Tick\n", "uploadtime": 1771219246, "views": 4, "formatid": "gen9ou", "rating": 1587, "private": 0, "password": null}