{"id": "gen9ou-2540628907", "format": "[Gen 9] OU", "players": ["ceo o wo chien", "I-fear-the-weak"], "log": "|j|☆ceo o wo chien\n|j|☆I-fear-the-weak\n|t:|1771230313\n|gametype|singles\n|player|p1|ceo o wo chien|1|1776\n|player|p2|I-fear-the-weak|169|1694\n|gen|9\n|tier|[Gen 9] OU\n|rated|\n|rule|HP Percentage Mod: HP is shown in percentages\n|rule|Endless Battle Clause: Forcing endless battles is banned\n|rule|Species Clause: Limit one of each Pokémon\n|rule|OHKO Clause: OHKO moves are banned\n|rule|Evasion Items Clause: Evasion items are banned\n|rule|Evasion Moves Clause: Evasion moves are banned\n|rule|Evasion Abilities Clause: Evasion abilities are banned\n|rule|Sleep Moves Clause: Sleep-inducing moves are banned\n|clearpoke\n|poke|p1|Primarina, F|\n|poke|p1|Iron Crown|\n|poke|p1|Great Tusk|\n|poke|p1|Wo-Chien|\n|poke|p1|Moltres|\n|poke|p1|Dragapult, F|\n|poke|p2|Hoopa-Unbound|\n|poke|p2|Great Tusk|\n|poke|p2|Darkrai|\n|poke|p2|Primarina, M|\n|poke|p2|Pecharunt|\n|poke|p2|Dragapult, M|\n|teampreview\n|inactive|Battle timer is ON: inactive players will automatically lose when time's up. (requested by ceo o wo chien)\n|inactive|I-fear-the-weak has 120 seconds left.\n|j| nonchalantbufalant\n|j| dsekop\n|inactive|I-fear-the-weak has 90 seconds left.\n|\n|t:|1771230381\n|teamsize|p1|6\n|teamsize|p2|6\n|start\n|switch|p1a: Dragapult|Dragapult, F|100/100\n|switch|p2a: Darkrai|Darkrai|100/100\n|turn|1\n|\n|t:|1771230386\n|switch|p1a: Primarina|Primarina, F|100/100\n|switch|p2a: Primarina|Primarina, M|100/100\n|\n|upkeep\n|turn|2\n|\n|t:|1771230389\n|move|p1a: Primarina|Flip Turn|p2a: Primarina\n|-resisted|p2a: Primarina\n|-damage|p2a: Primarina|95/100\n|\n|t:|1771230390\n|switch|p1a: Iron Crown|Iron Crown|100/100|[from] Flip Turn\n|move|p2a: Primarina|Psychic Noise|p1a: Iron Crown\n|-damage|p1a: Iron Crown|68/100\n|-start|p1a: Iron Crown|move: Heal Block\n|\n|-heal|p2a: Primarina|100/100|[from] item: Leftovers\n|upkeep\n|turn|3\n|\n|t:|1771230394\n|move|p1a: Iron Crown|Tachyon Cutter|p2a: Primarina\n|-damage|p2a: Primarina|72/100\n|-damage|p2a: Primarina|43/100\n|-hitcount|p2a: Primarina|2\n|move|p2a: Primarina|Psychic Noise|p1a: Iron Crown\n|-damage|p1a: Iron Crown|34/100\n|\n|-heal|p2a: Primarina|49/100|[from] item: Leftovers\n|-end|p1a: Iron Crown|move: Heal Block\n|upkeep\n|turn|4\n|\n|t:|1771230409\n|move|p1a: Iron Crown|Tachyon Cutter|p2a: Primarina\n|-crit|p2a: Primarina\n|-damage|p2a: Primarina|3/100\n|-crit|p2a: Primarina\n|-damage|p2a: Primarina|0 fnt\n|faint|p2a: Primarina\n|-hitcount|p2: Primarina|2\n|\n|upkeep\n|\n|t:|1771230415\n|switch|p2a: Dragapult|Dragapult, M|100/100\n|turn|5\n|\n|t:|1771230423\n|-end|p1a: Iron Crown|Quark Drive|[silent]\n|switch|p1a: Primarina|Primarina, F|100/100\n|move|p2a: Dragapult|Hex|p1a: Primarina\n|-damage|p1a: Primarina|76/100\n|\n|upkeep\n|turn|6\n|\n|t:|1771230427\n|move|p2a: Dragapult|U-turn|p1a: Primarina\n|-resisted|p1a: Primarina\n|-damage|p1a: Primarina|62/100\n|\n|t:|1771230433\n|switch|p2a: Pecharunt|Pecharunt|100/100|[from] U-turn\n|move|p1a: Primarina|Moonblast|p2a: Pecharunt\n|-resisted|p2a: Pecharunt\n|-crit|p2a: Pecharunt\n|-damage|p2a: Pecharunt|60/100\n|-unboost|p2a: Pecharunt|spa|1\n|\n|upkeep\n|turn|7\n|\n|t:|1771230437\n|move|p2a: Pecharunt|Parting Shot|p1a: Primarina\n|-unboost|p1a: Primarina|atk|1\n|-unboost|p1a: Primarina|spa|1\n|\n|t:|1771230448\n|switch|p2a: Hoopa|Hoopa-Unbound|100/100|[from] Parting Shot\n|move|p1a: Primarina|Surf|p2a: Hoopa\n|-damage|p2a: Hoopa|83/100\n|\n|upkeep\n|turn|8\n|\n|t:|1771230466\n|switch|p1a: Wo-Chien|Wo-Chien|100/100\n|-ability|p1a: Wo-Chien|Tablets of Ruin\n|move|p2a: Hoopa|Thunderbolt|p1a: Wo-Chien\n|-resisted|p1a: Wo-Chien\n|-damage|p1a: Wo-Chien|87/100\n|\n|-heal|p1a: Wo-Chien|93/100|[from] item: Leftovers\n|upkeep\n|turn|9\n|\n|t:|1771230471\n|move|p1a: Wo-Chien|Leech Seed|p2a: Hoopa\n|-start|p2a: Hoopa|move: Leech Seed\n|move|p2a: Hoopa|Knock Off|p1a: Wo-Chien\n|-resisted|p1a: Wo-Chien\n|-damage|p1a: Wo-Chien|81/100\n|-enditem|p1a: Wo-Chien|Leftovers|[from] move: Knock Off|[of] p2a: Hoopa\n|\n|-damage|p2a: Hoopa|71/100|[from] Leech Seed|[of] p1a: Wo-Chien\n|-heal|p1a: Wo-Chien|93/100|[silent]\n|upkeep\n|turn|10\n|\n|t:|1771230479\n|switch|p2a: Pecharunt|Pecharunt|60/100\n|move|p1a: Wo-Chien|Foul Play|p2a: Pecharunt\n|-supereffective|p2a: Pecharunt\n|-damage|p2a: Pecharunt|32/100\n|\n|upkeep\n|turn|11\n|\n|t:|1771230492\n|switch|p1a: Iron Crown|Iron Crown|34/100\n|move|p2a: Pecharunt|Recover|p2a: Pecharunt\n|-heal|p2a: Pecharunt|82/100\n|\n|upkeep\n|turn|12\n|\n|t:|1771230497\n|move|p1a: Iron Crown|Tachyon Cutter|p2a: Pecharunt\n|-damage|p2a: Pecharunt|43/100\n|-damage|p2a: Pecharunt|4/100\n|-hitcount|p2a: Pecharunt|2\n|move|p2a: Pecharunt|Shadow Ball|p1a: Iron Crown\n|-supereffective|p1a: Iron Crown\n|-damage|p1a: Iron Crown|0 fnt\n|faint|p1a: Iron Crown\n|-end|p1a: Iron Crown|Quark Drive|[silent]\n|\n|upkeep\n|\n|t:|1771230521\n|switch|p1a: Dragapult|Dragapult, F|100/100\n|turn|13\n|\n|t:|1771230541\n|move|p1a: Dragapult|Dragon Darts|p2a: Pecharunt\n|-damage|p2a: Pecharunt|0 fnt\n|faint|p2a: Pecharunt\n|\n|upkeep\n|\n|t:|1771230546\n|switch|p2a: Great Tusk|Great Tusk|100/100\n|turn|14\n|\n|t:|1771230555\n|switch|p1a: Moltres|Moltres|100/100\n|move|p2a: Great Tusk|Stealth Rock|p1a: Moltres\n|-sidestart|p1: ceo o wo chien|move: Stealth Rock\n|\n|upkeep\n|turn|15\n|\n|t:|1771230559\n|-end|p2a: Great Tusk|Protosynthesis|[silent]\n|switch|p2a: Darkrai|Darkrai|100/100\n|move|p1a: Moltres|Flamethrower|p2a: Darkrai\n|-damage|p2a: Darkrai|51/100\n|\n|upkeep\n|turn|16\n|\n|t:|1771230567\n|move|p2a: Darkrai|Sludge Bomb|p1a: Moltres\n|-damage|p1a: Moltres|64/100\n|move|p1a: Moltres|U-turn|p2a: Darkrai\n|-supereffective|p2a: Darkrai\n|-damage|p2a: Darkrai|10/100\n|\n|t:|1771230571\n|switch|p1a: Great Tusk|Great Tusk|100/100|[from] U-turn\n|\n|upkeep\n|turn|17\n|\n|t:|1771230573\n|switch|p2a: Dragapult|Dragapult, M|100/100\n|move|p1a: Great Tusk|Ice Spinner|p2a: Dragapult\n|-supereffective|p2a: Dragapult\n|-damage|p2a: Dragapult|33/100\n|\n|upkeep\n|turn|18\n|\n|t:|1771230576\n|-end|p1a: Great Tusk|Protosynthesis|[silent]\n|switch|p1a: Primarina|Primarina, F|62/100\n|-damage|p1a: Primarina|49/100|[from] Stealth Rock\n|move|p2a: Dragapult|U-turn|p1a: Primarina\n|-resisted|p1a: Primarina\n|-damage|p1a: Primarina|36/100\n|\n|t:|1771230580\n|switch|p2a: Darkrai|Darkrai|10/100|[from] U-turn\n|\n|upkeep\n|turn|19\n|\n|t:|1771230587\n|move|p2a: Darkrai|Dark Pulse|p1a: Primarina\n|-resisted|p1a: Primarina\n|-damage|p1a: Primarina|5/100\n|cant|p1a: Primarina|flinch\n|\n|upkeep\n|turn|20\n|-enditem|p1a: Primarina|Custap Berry|[eat]\n|-activate|p1a: Primarina|item: Custap Berry|[consumed]\n|\n|t:|1771230592\n|move|p1a: Primarina|Moonblast|p2a: Darkrai\n|-supereffective|p2a: Darkrai\n|-damage|p2a: Darkrai|0 fnt\n|faint|p2a: Darkrai\n|\n|upkeep\n|\n|t:|1771230598\n|switch|p2a: Dragapult|Dragapult, M|33/100\n|turn|21\n|\n|t:|1771230601\n|move|p2a: Dragapult|Hex|p1a: Primarina\n|-crit|p1a: Primarina\n|-damage|p1a: Primarina|0 fnt\n|faint|p1a: Primarina\n|\n|upkeep\n|\n|t:|1771230603\n|switch|p1a: Wo-Chien|Wo-Chien|93/100\n|-damage|p1a: Wo-Chien|81/100|[from] Stealth Rock\n|-ability|p1a: Wo-Chien|Tablets of Ruin\n|turn|22\n|\n|t:|1771230606\n|move|p2a: Dragapult|U-turn|p1a: Wo-Chien\n|-supereffective|p1a: Wo-Chien\n|-damage|p1a: Wo-Chien|40/100\n|\n|t:|1771230611\n|switch|p2a: Hoopa|Hoopa-Unbound|71/100|[from] U-turn\n|move|p1a: Wo-Chien|Leech Seed|p2a: Hoopa\n|-start|p2a: Hoopa|move: Leech Seed\n|\n|-damage|p2a: Hoopa|58/100|[from] Leech Seed|[of] p1a: Wo-Chien\n|-heal|p1a: Wo-Chien|52/100|[silent]\n|upkeep\n|turn|23\n|\n|t:|1771230616\n|switch|p2a: Dragapult|Dragapult, M|33/100\n|move|p1a: Wo-Chien|Foul Play|p2a: Dragapult\n|-supereffective|p2a: Dragapult\n|-damage|p2a: Dragapult|0 fnt\n|faint|p2a: Dragapult\n|\n|upkeep\n|\n|t:|1771230618\n|switch|p2a: Great Tusk|Great Tusk|100/100\n|turn|24\n|\n|t:|1771230621\n|move|p2a: Great Tusk|Ice Spinner|p1a: Wo-Chien\n|-supereffective|p1a: Wo-Chien\n|-crit|p1a: Wo-Chien\n|-damage|p1a: Wo-Chien|7/100\n|move|p1a: Wo-Chien|Leech Seed|p2a: Great Tusk\n|-start|p2a: Great Tusk|move: Leech Seed\n|\n|-damage|p2a: Great Tusk|88/100|[from] Leech Seed|[of] p1a: Wo-Chien\n|-heal|p1a: Wo-Chien|19/100|[silent]\n|upkeep\n|turn|25\n|\n|t:|1771230627\n|-end|p2a: Great Tusk|Protosynthesis|[silent]\n|switch|p2a: Hoopa|Hoopa-Unbound|58/100\n|switch|p1a: Moltres|Moltres|64/100\n|\n|upkeep\n|turn|26\n|\n|t:|1771230634\n|move|p1a: Moltres|U-turn|p2a: Hoopa\n|-supereffective|p2a: Hoopa\n|-damage|p2a: Hoopa|2/100\n|\n|t:|1771230635\n|switch|p1a: Wo-Chien|Wo-Chien|19/100|[from] U-turn\n|-damage|p1a: Wo-Chien|7/100|[from] Stealth Rock\n|-ability|p1a: Wo-Chien|Tablets of Ruin\n|move|p2a: Hoopa|Thunderbolt|p1a: Wo-Chien\n|-resisted|p1a: Wo-Chien\n|-damage|p1a: Wo-Chien|0 fnt\n|faint|p1a: Wo-Chien\n|\n|upkeep\n|\n|t:|1771230637\n|switch|p1a: Moltres|Moltres|64/100\n|turn|27\n|\n|t:|1771230639\n|move|p1a: Moltres|Flamethrower|p2a: Hoopa\n|-damage|p2a: Hoopa|0 fnt\n|faint|p2a: Hoopa\n|\n|upkeep\n|-message|I-fear-the-weak forfeited.\n|\n|win|ceo o wo chien\n|raw|ceo o wo chien's rating: 1753 &rarr; <strong>1770</strong><br />(+17 for winning)\n|raw|I-fear-the-weak's rating: 1694 &rarr; <strong>1677</strong><br />(-17 for losing)\n|l|☆I-fear-the-weak\n|player|p2|\n|l| dsekop\n|l|☆ceo o wo chien\n|player|p1|\n|l| nonchalantbufalant\n", "uploadtime": 1771230824, "views": 8, "formatid": "gen9ou", "rating": 1677, "private": 0, "password": null}