{"id": "gen9ou-2540938213", "format": "[Gen 9] OU", "players": ["soundwave x", "NebulaTrainer"], "log": "|j|☆soundwave x\n|j|☆NebulaTrainer\n|t:|1771268978\n|gametype|singles\n|player|p1|soundwave x|depotagent|1492\n|player|p2|NebulaTrainer|cynthia-gen4|1560\n|gen|9\n|tier|[Gen 9] OU\n|rated|\n|rule|HP Percentage Mod: HP is shown in percentages\n|rule|Endless Battle Clause: Forcing endless battles is banned\n|rule|Species Clause: Limit one of each Pokémon\n|rule|OHKO Clause: OHKO moves are banned\n|rule|Evasion Items Clause: Evasion items are banned\n|rule|Evasion Moves Clause: Evasion moves are banned\n|rule|Evasion Abilities Clause: Evasion abilities are banned\n|rule|Sleep Moves Clause: Sleep-inducing moves are banned\n|clearpoke\n|poke|p1|Ceruledge, M|\n|poke|p1|Darkrai|\n|poke|p1|Great Tusk|\n|poke|p1|Kingambit, M|\n|poke|p1|Sinistcha|\n|poke|p1|Scizor, M|\n|poke|p2|Tornadus-Therian, M|\n|poke|p2|Heatran, F|\n|poke|p2|Hippowdon, M|\n|poke|p2|Keldeo-Resolute|\n|poke|p2|Excadrill, M|\n|poke|p2|Hydrapple, F|\n|teampreview\n|\n|t:|1771268985\n|teamsize|p1|6\n|teamsize|p2|6\n|start\n|switch|p1a: Ceruledge|Ceruledge, M, shiny|100/100\n|switch|p2a: Tornadus|Tornadus-Therian, M, shiny|100/100\n|turn|1\n|\n|t:|1771268992\n|move|p2a: Tornadus|Hurricane|p1a: Ceruledge\n|-damage|p1a: Ceruledge|53/100\n|move|p1a: Ceruledge|Bitter Blade|p2a: Tornadus\n|-damage|p2a: Tornadus|48/100\n|-heal|p1a: Ceruledge|85/100|[from] drain|[of] p2a: Tornadus\n|\n|upkeep\n|turn|2\n|\n|t:|1771269000\n|switch|p2a: Heatran|Heatran, F, shiny|100/100\n|move|p1a: Ceruledge|Bitter Blade|p2a: Heatran\n|-start|p2a: Heatran|ability: Flash Fire\n|\n|upkeep\n|turn|3\n|\n|t:|1771269009\n|move|p1a: Ceruledge|Close Combat|p2a: Heatran\n|-supereffective|p2a: Heatran\n|-damage|p2a: Heatran|29/100\n|-unboost|p1a: Ceruledge|def|1\n|-unboost|p1a: Ceruledge|spd|1\n|move|p2a: Heatran|Earth Power|p1a: Ceruledge\n|-supereffective|p1a: Ceruledge\n|-damage|p1a: Ceruledge|0 fnt\n|faint|p1a: Ceruledge\n|\n|-heal|p2a: Heatran|35/100|[from] item: Leftovers\n|upkeep\n|\n|t:|1771269020\n|switch|p1a: Great Tusk|Great Tusk|100/100\n|-enditem|p1a: Great Tusk|Booster Energy\n|-activate|p1a: Great Tusk|ability: Protosynthesis|[fromitem]\n|-start|p1a: Great Tusk|protosynthesisspe\n|turn|4\n|\n|t:|1771269029\n|move|p1a: Great Tusk|Rock Slide|p2a: Heatran\n|-damage|p2a: Heatran|16/100\n|cant|p2a: Heatran|flinch\n|\n|-heal|p2a: Heatran|22/100|[from] item: Leftovers\n|upkeep\n|turn|5\n|\n|t:|1771269037\n|move|p2a: Heatran|Protect|p2a: Heatran\n|-singleturn|p2a: Heatran|Protect\n|move|p1a: Great Tusk|Earthquake|p2a: Heatran\n|-activate|p2a: Heatran|move: Protect\n|\n|-heal|p2a: Heatran|28/100|[from] item: Leftovers\n|upkeep\n|turn|6\n|\n|t:|1771269045\n|-end|p2a: Heatran|ability: Flash Fire|[silent]\n|switch|p2a: Hippowdon|Hippowdon, M, shiny|100/100\n|-weather|Sandstorm|[from] ability: Sand Stream|[of] p2a: Hippowdon\n|move|p1a: Great Tusk|Earthquake|p2a: Hippowdon\n|-crit|p2a: Hippowdon\n|-damage|p2a: Hippowdon|68/100\n|\n|-weather|Sandstorm|[upkeep]\n|upkeep\n|turn|7\n|\n|t:|1771269054\n|move|p1a: Great Tusk|Bulk Up|p1a: Great Tusk\n|-boost|p1a: Great Tusk|atk|1\n|-boost|p1a: Great Tusk|def|1\n|move|p2a: Hippowdon|Slack Off|p2a: Hippowdon\n|-heal|p2a: Hippowdon|100/100\n|\n|-weather|Sandstorm|[upkeep]\n|upkeep\n|turn|8\n|\n|t:|1771269064\n|move|p1a: Great Tusk|Earthquake|p2a: Hippowdon\n|-damage|p2a: Hippowdon|65/100\n|move|p2a: Hippowdon|Whirlwind|p1a: Great Tusk\n|-end|p1a: Great Tusk|Protosynthesis|[silent]\n|drag|p1a: Kingambit|Kingambit, M|100/100\n|-activate|p1a: Kingambit|ability: Supreme Overlord\n|-start|p1a: Kingambit|fallen1|[silent]\n|\n|-weather|Sandstorm|[upkeep]\n|upkeep\n|turn|9\n|\n|t:|1771269073\n|-end|p1a: Kingambit|fallen1|[silent]\n|switch|p1a: Sinistcha|Sinistcha|100/100\n|move|p2a: Hippowdon|Earthquake|p1a: Sinistcha\n|-resisted|p1a: Sinistcha\n|-damage|p1a: Sinistcha|85/100\n|\n|-weather|Sandstorm|[upkeep]\n|-damage|p1a: Sinistcha|79/100|[from] Sandstorm\n|upkeep\n|turn|10\n|\n|t:|1771269082\n|switch|p2a: Tornadus|Tornadus-Therian, M, shiny|81/100\n|move|p1a: Sinistcha|Strength Sap|p2a: Tornadus\n|-unboost|p2a: Tornadus|atk|1\n|-heal|p1a: Sinistcha|100/100\n|\n|-weather|Sandstorm|[upkeep]\n|-damage|p2a: Tornadus|75/100|[from] Sandstorm\n|-damage|p1a: Sinistcha|94/100|[from] Sandstorm\n|upkeep\n|turn|11\n|\n|t:|1771269092\n|move|p2a: Tornadus|Knock Off|p1a: Sinistcha\n|-supereffective|p1a: Sinistcha\n|-damage|p1a: Sinistcha|70/100\n|-damage|p2a: Tornadus|59/100|[from] item: Rocky Helmet|[of] p1a: Sinistcha\n|-enditem|p1a: Sinistcha|Rocky Helmet|[from] move: Knock Off|[of] p2a: Tornadus\n|move|p1a: Sinistcha|Shadow Ball|p2a: Tornadus\n|-damage|p2a: Tornadus|31/100\n|\n|-weather|Sandstorm|[upkeep]\n|-damage|p2a: Tornadus|25/100|[from] Sandstorm\n|-damage|p1a: Sinistcha|64/100|[from] Sandstorm\n|upkeep\n|turn|12\n|\n|t:|1771269103\n|move|p2a: Tornadus|U-turn|p1a: Sinistcha\n|-damage|p1a: Sinistcha|55/100\n|\n|t:|1771269108\n|switch|p2a: Heatran|Heatran, F, shiny|28/100|[from] U-turn\n|move|p1a: Sinistcha|Shadow Ball|p2a: Heatran\n|-damage|p2a: Heatran|3/100\n|-unboost|p2a: Heatran|spd|1\n|\n|-weather|Sandstorm|[upkeep]\n|-damage|p1a: Sinistcha|49/100|[from] Sandstorm\n|-heal|p2a: Heatran|10/100|[from] item: Leftovers\n|upkeep\n|turn|13\n|\n|t:|1771269123\n|move|p2a: Heatran|Magma Storm|p1a: Sinistcha\n|-supereffective|p1a: Sinistcha\n|-damage|p1a: Sinistcha|0 fnt\n|faint|p1a: Sinistcha\n|\n|-weather|none\n|-heal|p2a: Heatran|16/100|[from] item: Leftovers\n|upkeep\n|\n|t:|1771269130\n|switch|p1a: Darkrai|Darkrai|100/100\n|turn|14\n|\n|t:|1771269134\n|move|p1a: Darkrai|Dark Pulse|p2a: Heatran\n|-damage|p2a: Heatran|0 fnt\n|faint|p2a: Heatran\n|\n|upkeep\n|\n|t:|1771269140\n|switch|p2a: Keldeo|Keldeo-Resolute|100/100\n|turn|15\n|\n|t:|1771269147\n|switch|p1a: Scizor|Scizor, M|100/100\n|move|p2a: Keldeo|Hydro Pump|p1a: Scizor\n|-damage|p1a: Scizor|2/100\n|\n|upkeep\n|turn|16\n|\n|t:|1771269157\n|switch|p2a: Hippowdon|Hippowdon, M, shiny|65/100\n|-weather|Sandstorm|[from] ability: Sand Stream|[of] p2a: Hippowdon\n|move|p1a: Scizor|Bullet Punch|p2a: Hippowdon\n|-damage|p2a: Hippowdon|43/100\n|\n|-weather|Sandstorm|[upkeep]\n|upkeep\n|turn|17\n|\n|t:|1771269166\n|move|p1a: Scizor|U-turn|p2a: Hippowdon\n|-damage|p2a: Hippowdon|22/100\n|\n|t:|1771269169\n|switch|p1a: Great Tusk|Great Tusk|100/100|[from] U-turn\n|move|p2a: Hippowdon|Slack Off|p2a: Hippowdon\n|-heal|p2a: Hippowdon|72/100\n|\n|-weather|Sandstorm|[upkeep]\n|upkeep\n|turn|18\n|\n|t:|1771269177\n|move|p1a: Great Tusk|Earthquake|p2a: Hippowdon\n|-damage|p2a: Hippowdon|48/100\n|move|p2a: Hippowdon|Earthquake|p1a: Great Tusk\n|-damage|p1a: Great Tusk|76/100\n|\n|-weather|Sandstorm|[upkeep]\n|upkeep\n|turn|19\n|\n|t:|1771269185\n|move|p1a: Great Tusk|Rapid Spin|p2a: Hippowdon\n|-damage|p2a: Hippowdon|40/100\n|-boost|p1a: Great Tusk|spe|1\n|move|p2a: Hippowdon|Slack Off|p2a: Hippowdon\n|-heal|p2a: Hippowdon|90/100\n|\n|-weather|Sandstorm|[upkeep]\n|upkeep\n|turn|20\n|\n|t:|1771269193\n|move|p1a: Great Tusk|Earthquake|p2a: Hippowdon\n|-damage|p2a: Hippowdon|68/100\n|move|p2a: Hippowdon|Whirlwind|p1a: Great Tusk\n|-end|p1a: Great Tusk|Protosynthesis|[silent]\n|drag|p1a: Kingambit|Kingambit, M|100/100\n|-activate|p1a: Kingambit|ability: Supreme Overlord\n|-start|p1a: Kingambit|fallen2|[silent]\n|\n|-weather|Sandstorm|[upkeep]\n|upkeep\n|turn|21\n|\n|t:|1771269202\n|move|p1a: Kingambit|Swords Dance|p1a: Kingambit\n|-boost|p1a: Kingambit|atk|2\n|move|p2a: Hippowdon|Earthquake|p1a: Kingambit\n|-supereffective|p1a: Kingambit\n|-damage|p1a: Kingambit|50/100\n|\n|-weather|Sandstorm|[upkeep]\n|-heal|p1a: Kingambit|56/100|[from] item: Leftovers\n|upkeep\n|turn|22\n|\n|t:|1771269212\n|move|p1a: Kingambit|Kowtow Cleave|p2a: Hippowdon\n|-damage|p2a: Hippowdon|10/100\n|move|p2a: Hippowdon|Earthquake|p1a: Kingambit\n|-supereffective|p1a: Kingambit\n|-damage|p1a: Kingambit|1/100\n|\n|-weather|Sandstorm|[upkeep]\n|-heal|p1a: Kingambit|7/100|[from] item: Leftovers\n|upkeep\n|turn|23\n|\n|t:|1771269222\n|switch|p2a: Tornadus|Tornadus-Therian, M, shiny|58/100\n|move|p1a: Kingambit|Iron Head|p2a: Tornadus\n|-damage|p2a: Tornadus|0 fnt\n|faint|p2a: Tornadus\n|\n|-weather|none\n|-heal|p1a: Kingambit|13/100|[from] item: Leftovers\n|upkeep\n|\n|t:|1771269232\n|switch|p2a: Keldeo|Keldeo-Resolute|100/100\n|turn|24\n|\n|t:|1771269238\n|move|p1a: Kingambit|Sucker Punch|p2a: Keldeo\n|-resisted|p2a: Keldeo\n|-damage|p2a: Keldeo|46/100\n|-ability|p2a: Keldeo|Justified|boost\n|-boost|p2a: Keldeo|atk|1\n|move|p2a: Keldeo|Flip Turn|p1a: Kingambit\n|-damage|p1a: Kingambit|0 fnt\n|faint|p1a: Kingambit\n|-end|p1a: Kingambit|fallen2|[silent]\n|\n|t:|1771269247\n|switch|p2a: Hippowdon|Hippowdon, M, shiny|10/100|[from] Flip Turn\n|-weather|Sandstorm|[from] ability: Sand Stream|[of] p2a: Hippowdon\n|\n|-weather|Sandstorm|[upkeep]\n|upkeep\n|\n|t:|1771269256\n|switch|p1a: Great Tusk|Great Tusk|76/100\n|turn|25\n|\n|t:|1771269267\n|move|p1a: Great Tusk|Earthquake|p2a: Hippowdon\n|-damage|p2a: Hippowdon|0 fnt\n|faint|p2a: Hippowdon\n|\n|-weather|Sandstorm|[upkeep]\n|upkeep\n|\n|t:|1771269273\n|switch|p2a: Keldeo|Keldeo-Resolute|46/100\n|turn|26\n|\n|t:|1771269278\n|move|p2a: Keldeo|Hydro Pump|p1a: Great Tusk\n|-supereffective|p1a: Great Tusk\n|-damage|p1a: Great Tusk|0 fnt\n|faint|p1a: Great Tusk\n|-end|p1a: Great Tusk|Protosynthesis|[silent]\n|\n|-weather|Sandstorm|[upkeep]\n|-damage|p2a: Keldeo|40/100|[from] Sandstorm\n|upkeep\n|\n|t:|1771269285\n|switch|p1a: Darkrai|Darkrai|100/100\n|turn|27\n|\n|t:|1771269293\n|move|p1a: Darkrai|Focus Blast|p2a: Keldeo\n|-damage|p2a: Keldeo|0 fnt\n|faint|p2a: Keldeo\n|\n|-weather|Sandstorm|[upkeep]\n|-damage|p1a: Darkrai|94/100|[from] Sandstorm\n|upkeep\n|\n|t:|1771269301\n|switch|p2a: Hydrapple|Hydrapple, F|100/100\n|turn|28\n|\n|t:|1771269304\n|move|p1a: Darkrai|Ice Beam|p2a: Hydrapple\n|-supereffective|p2a: Hydrapple\n|-damage|p2a: Hydrapple|0 fnt\n|faint|p2a: Hydrapple\n|\n|-weather|Sandstorm|[upkeep]\n|-damage|p1a: Darkrai|88/100|[from] Sandstorm\n|upkeep\n|\n|t:|1771269311\n|switch|p2a: Excadrill|Excadrill, M, shiny|100/100\n|turn|29\n|\n|t:|1771269315\n|-terastallize|p2a: Excadrill|Steel\n|move|p2a: Excadrill|Iron Head|p1a: Darkrai\n|-damage|p1a: Darkrai|9/100\n|move|p1a: Darkrai|Focus Blast|p2a: Excadrill\n|-supereffective|p2a: Excadrill\n|-damage|p2a: Excadrill|0 fnt\n|faint|p2a: Excadrill\n|\n|win|soundwave x\n|raw|soundwave x's rating: 1492 &rarr; <strong>1516</strong><br />(+24 for winning)\n|raw|NebulaTrainer's rating: 1560 &rarr; <strong>1536</strong><br />(-24 for losing)\n|l|☆NebulaTrainer\n|player|p2|\n|l|☆soundwave x\n|player|p1|\n", "uploadtime": 1771269471, "views": 3, "formatid": "gen9ou", "rating": 1516, "private": 0, "password": null}