{"id": "gen9ou-2540412454", "format": "[Gen 9] OU", "players": ["flandre727", "Slim Summers"], "log": "|j|☆flandre727\n|j|☆Slim Summers\n|t:|1771198878\n|gametype|singles\n|player|p1|flandre727|dawn-gen4pt|1634\n|player|p2|Slim Summers|blue|1606\n|gen|9\n|tier|[Gen 9] OU\n|rated|\n|rule|HP Percentage Mod: HP is shown in percentages\n|rule|Endless Battle Clause: Forcing endless battles is banned\n|rule|Species Clause: Limit one of each Pokémon\n|rule|OHKO Clause: OHKO moves are banned\n|rule|Evasion Items Clause: Evasion items are banned\n|rule|Evasion Moves Clause: Evasion moves are banned\n|rule|Evasion Abilities Clause: Evasion abilities are banned\n|rule|Sleep Moves Clause: Sleep-inducing moves are banned\n|clearpoke\n|poke|p1|Rillaboom, F|\n|poke|p1|Serperior, F|\n|poke|p1|Gholdengo|\n|poke|p1|Heatran, M|\n|poke|p1|Zamazenta-*|\n|poke|p1|Great Tusk|\n|poke|p2|Darkrai|\n|poke|p2|Great Tusk|\n|poke|p2|Zapdos|\n|poke|p2|Tyranitar, M|\n|poke|p2|Arcanine-Hisui, M|\n|poke|p2|Rillaboom, M|\n|teampreview\n|c|☆flandre727|hf\n|c|☆Slim Summers|u2\n|inactive|Battle timer is ON: inactive players will automatically lose when time's up. (requested by Slim Summers)\n|j| FaronAan\n|\n|t:|1771198906\n|teamsize|p1|6\n|teamsize|p2|6\n|start\n|switch|p1a: Heatran|Heatran, M|100/100\n|switch|p2a: Arcanine|Arcanine-Hisui, M|100/100\n|-item|p1a: Heatran|Air Balloon\n|turn|1\n|l| FaronAan\n|\n|t:|1771198913\n|move|p2a: Arcanine|Close Combat|p1a: Heatran\n|-supereffective|p1a: Heatran\n|-damage|p1a: Heatran|12/100\n|-unboost|p2a: Arcanine|def|1\n|-unboost|p2a: Arcanine|spd|1\n|-enditem|p1a: Heatran|Air Balloon\n|move|p1a: Heatran|Stealth Rock|p2a: Arcanine\n|-sidestart|p2: Slim Summers|move: Stealth Rock\n|\n|upkeep\n|turn|2\n|inactive|Slim Summers has 120 seconds left.\n|\n|t:|1771198954\n|switch|p2a: Tyranitar|Tyranitar, M|100/100\n|-weather|Sandstorm|[from] ability: Sand Stream|[of] p2a: Tyranitar\n|move|p1a: Heatran|Will-O-Wisp|p2a: Tyranitar\n|-status|p2a: Tyranitar|brn\n|\n|-weather|Sandstorm|[upkeep]\n|-damage|p2a: Tyranitar|94/100 brn|[from] brn\n|upkeep\n|turn|3\n|\n|t:|1771198963\n|move|p1a: Heatran|Heavy Slam|p2a: Tyranitar\n|-supereffective|p2a: Tyranitar\n|-damage|p2a: Tyranitar|61/100 brn\n|move|p2a: Tyranitar|Knock Off|p1a: Heatran\n|-damage|p1a: Heatran|0 fnt\n|faint|p1a: Heatran\n|\n|-weather|Sandstorm|[upkeep]\n|-damage|p2a: Tyranitar|55/100 brn|[from] brn\n|upkeep\n|\n|t:|1771198970\n|switch|p1a: Rillaboom|Rillaboom, F|100/100\n|-fieldstart|move: Grassy Terrain|[from] ability: Grassy Surge|[of] p1a: Rillaboom\n|turn|4\n|\n|t:|1771198975\n|switch|p2a: Zapdos|Zapdos|100/100\n|move|p1a: Rillaboom|Knock Off|p2a: Zapdos\n|-damage|p2a: Zapdos|66/100\n|-enditem|p2a: Zapdos|Heavy-Duty Boots|[from] move: Knock Off|[of] p1a: Rillaboom\n|-damage|p1a: Rillaboom|91/100|[from] item: Life Orb\n|\n|-weather|Sandstorm|[upkeep]\n|-damage|p1a: Rillaboom|85/100|[from] Sandstorm\n|-damage|p2a: Zapdos|60/100|[from] Sandstorm\n|-heal|p1a: Rillaboom|91/100|[from] Grassy Terrain\n|upkeep\n|turn|5\n|\n|t:|1771198987\n|switch|p1a: Gholdengo|Gholdengo, shiny|100/100\n|-enditem|p1a: Gholdengo|Grassy Seed\n|-boost|p1a: Gholdengo|def|1|[from] item: Grassy Seed\n|move|p2a: Zapdos|Roost|p2a: Zapdos\n|-heal|p2a: Zapdos|100/100\n|-singleturn|p2a: Zapdos|move: Roost\n|\n|-weather|Sandstorm|[upkeep]\n|-damage|p2a: Zapdos|94/100|[from] Sandstorm\n|-heal|p2a: Zapdos|100/100|[from] Grassy Terrain\n|upkeep\n|turn|6\n|\n|t:|1771198998\n|move|p2a: Zapdos|Volt Switch|p1a: Gholdengo\n|-damage|p1a: Gholdengo|76/100\n|\n|t:|1771199013\n|switch|p2a: Arcanine|Arcanine-Hisui, M|100/100|[from] Volt Switch\n|-damage|p2a: Arcanine|76/100|[from] Stealth Rock\n|move|p1a: Gholdengo|Hex|p2a: Arcanine\n|-damage|p2a: Arcanine|49/100\n|\n|-weather|none\n|-heal|p2a: Arcanine|55/100|[from] Grassy Terrain\n|-heal|p1a: Gholdengo|82/100|[from] Grassy Terrain\n|upkeep\n|turn|7\n|\n|t:|1771199024\n|move|p2a: Arcanine|Flare Blitz|p1a: Gholdengo\n|-supereffective|p1a: Gholdengo\n|-damage|p1a: Gholdengo|0 fnt\n|faint|p1a: Gholdengo\n|\n|-heal|p2a: Arcanine|61/100|[from] Grassy Terrain\n|upkeep\n|\n|t:|1771199028\n|switch|p1a: Zamazenta|Zamazenta|100/100\n|-ability|p1a: Zamazenta|Dauntless Shield|boost\n|-boost|p1a: Zamazenta|def|1\n|turn|8\n|\n|t:|1771199039\n|switch|p2a: Zapdos|Zapdos|100/100\n|-damage|p2a: Zapdos|76/100|[from] Stealth Rock\n|move|p1a: Zamazenta|Ice Fang|p2a: Zapdos\n|-supereffective|p2a: Zapdos\n|-damage|p2a: Zapdos|35/100\n|-damage|p1a: Zamazenta|91/100|[from] item: Life Orb\n|\n|-heal|p1a: Zamazenta|97/100|[from] Grassy Terrain\n|-fieldend|move: Grassy Terrain\n|upkeep\n|turn|9\n|\n|t:|1771199052\n|move|p1a: Zamazenta|Ice Fang|p2a: Zapdos|[miss]\n|-miss|p1a: Zamazenta|p2a: Zapdos\n|move|p2a: Zapdos|Roost|p2a: Zapdos\n|-heal|p2a: Zapdos|85/100\n|-singleturn|p2a: Zapdos|move: Roost\n|\n|upkeep\n|turn|10\n|c|☆flandre727|gg\n|-message|flandre727 forfeited.\n|\n|win|Slim Summers\n|raw|flandre727's rating: 1634 &rarr; <strong>1612</strong><br />(-22 for losing)\n|raw|Slim Summers's rating: 1606 &rarr; <strong>1628</strong><br />(+22 for winning)\n|c|☆Slim Summers|that move shouldnt miss\n|c|☆Slim Summers|gg\n|c|☆flandre727|65 bp for what lol\n|l|☆Slim Summers\n|player|p2|\n", "uploadtime": 1771199291, "views": 20, "formatid": "gen9ou", "rating": 1612, "private": 0, "password": null}