{"id": "gen9ou-2639992857", "format": "[Gen 9] OU", "players": ["Pacific Saury", "Pinkacross"], "log": "|badge|p2|silver|gen9ou|30-9\n|html|<div class=\"broadcast-red\"><strong>This battle is required to be public due to one or more player having a season medal.</strong><br />During the public phase, you can discuss the state of the ladder <a href=\"/seasondiscussion\">in a special chatroom.</a></div>\n|uhtml|medal-msg|<div class=\"broadcast-blue\">Curious what those medals under the avatar are? PS now has Ladder Seasons! For more information, check out the <a href=\"https://www.smogon.com/forums/threads/3740067/\">thread on Smogon.</a></div>\n|raw|<div class=\"broadcast-blue\"><strong>This battle is required to be public due to a player having a name starting with 'medal'.</div>\n|j|☆Pacific Saury\n|j|☆Pinkacross\n|t:|1782559924\n|gametype|singles\n|player|p1|Pacific Saury|265|1764\n|player|p2|Pinkacross|artist|1880\n|gen|9\n|tier|[Gen 9] OU\n|rated|\n|rule|HP Percentage Mod: HP is shown in percentages\n|rule|Endless Battle Clause: Forcing endless battles is banned\n|rule|Species Clause: Limit one of each Pokémon\n|rule|OHKO Clause: OHKO moves are banned\n|rule|Evasion Items Clause: Evasion items are banned\n|rule|Evasion Moves Clause: Evasion moves are banned\n|rule|Evasion Abilities Clause: Evasion abilities are banned\n|rule|Sleep Moves Clause: Sleep-inducing moves are banned\n|clearpoke\n|poke|p1|Ribombee, F|\n|poke|p1|Gholdengo|\n|poke|p1|Ogerpon-Cornerstone, F|\n|poke|p1|Ceruledge, F|\n|poke|p1|Great Tusk|\n|poke|p1|Raging Bolt|\n|poke|p2|Raging Bolt|\n|poke|p2|Araquanid, M|\n|poke|p2|Zamazenta-*|\n|poke|p2|Gholdengo|\n|poke|p2|Enamorus, F|\n|poke|p2|Iron Treads|\n|teampreview\n|inactive|Battle timer is ON: inactive players will automatically lose when time's up. (requested by Pacific Saury)\n|c|☆Pinkacross|hf\n|j| dante1310\n|\n|t:|1782559950\n|teamsize|p1|6\n|teamsize|p2|6\n|start\n|switch|p1a: Ribombee|Ribombee, F|100/100\n|switch|p2a: Iron Treads|Iron Treads|100/100\n|-enditem|p2a: Iron Treads|Booster Energy\n|-activate|p2a: Iron Treads|ability: Quark Drive|[fromitem]\n|-start|p2a: Iron Treads|quarkdriveatk\n|turn|1\n|\n|t:|1782559968\n|-terastallize|p2a: Iron Treads|Electric\n|move|p1a: Ribombee|Trick|p2a: Iron Treads\n|-activate|p1a: Ribombee|move: Trick|[of] p2a: Iron Treads\n|-item|p2a: Iron Treads|Choice Scarf|[from] move: Trick\n|-enditem|p1a: Ribombee|Choice Scarf|[silent]|[from] move: Trick\n|move|p2a: Iron Treads|Rapid Spin|p1a: Ribombee\n|-damage|p1a: Ribombee|56/100\n|-boost|p2a: Iron Treads|spe|1\n|\n|upkeep\n|turn|2\n|\n|t:|1782559979\n|-end|p2a: Iron Treads|Quark Drive|[silent]\n|switch|p2a: Araquanid|Araquanid, M|100/100\n|switch|p1a: Ceruledge|Ceruledge, F|100/100\n|\n|upkeep\n|turn|3\n|\n|t:|1782559983\n|move|p1a: Ceruledge|Swords Dance|p1a: Ceruledge\n|-boost|p1a: Ceruledge|atk|2\n|move|p2a: Araquanid|Sticky Web|p1a: Ceruledge\n|-sidestart|p1: Pacific Saury|move: Sticky Web\n|\n|upkeep\n|turn|4\n|\n|t:|1782559995\n|move|p2a: Araquanid|Endure|p2a: Araquanid\n|-singleturn|p2a: Araquanid|move: Endure\n|move|p1a: Ceruledge|Poltergeist|p2a: Araquanid\n|-activate|p2a: Araquanid|move: Poltergeist|Custap Berry\n|-activate|p2a: Araquanid|move: Endure\n|-damage|p2a: Araquanid|1/100\n|\n|upkeep\n|turn|5\n|\n|t:|1782559998\n|switch|p2a: Zamazenta|Zamazenta|100/100\n|-ability|p2a: Zamazenta|Dauntless Shield|boost\n|-boost|p2a: Zamazenta|def|1\n|move|p1a: Ceruledge|Shadow Sneak|p2a: Zamazenta\n|-damage|p2a: Zamazenta|75/100\n|\n|upkeep\n|turn|6\n|\n|t:|1782560003\n|move|p2a: Zamazenta|Reflect|p2a: Zamazenta\n|-sidestart|p2: Pinkacross|Reflect\n|move|p1a: Ceruledge|Bitter Blade|p2a: Zamazenta\n|-crit|p2a: Zamazenta\n|-damage|p2a: Zamazenta|0 fnt\n|faint|p2a: Zamazenta\n|\n|upkeep\n|\n|t:|1782560008\n|switch|p2a: Raging Bolt|Raging Bolt|100/100\n|-enditem|p2a: Raging Bolt|Booster Energy\n|-activate|p2a: Raging Bolt|ability: Protosynthesis|[fromitem]\n|-start|p2a: Raging Bolt|protosynthesisspa\n|turn|7\n|\n|t:|1782560010\n|move|p1a: Ceruledge|Poltergeist||[still]\n|-fail|p1a: Ceruledge\n|move|p2a: Raging Bolt|Calm Mind|p2a: Raging Bolt\n|-boost|p2a: Raging Bolt|spa|1\n|-boost|p2a: Raging Bolt|spd|1\n|\n|upkeep\n|turn|8\n|\n|t:|1782560018\n|switch|p1a: Ogerpon|Ogerpon-Cornerstone, F|100/100\n|-activate|p1a: Ogerpon|move: Sticky Web\n|-unboost|p1a: Ogerpon|spe|1\n|move|p2a: Raging Bolt|Thunderbolt|p1a: Ogerpon\n|-resisted|p1a: Ogerpon\n|-damage|p1a: Ogerpon|36/100\n|\n|upkeep\n|turn|9\n|\n|t:|1782560025\n|move|p2a: Raging Bolt|Thunderbolt|p1a: Ogerpon\n|-resisted|p1a: Ogerpon\n|-damage|p1a: Ogerpon|0 fnt\n|faint|p1a: Ogerpon\n|\n|upkeep\n|\n|t:|1782560030\n|switch|p1a: Great Tusk|Great Tusk|100/100\n|-activate|p1a: Great Tusk|move: Sticky Web\n|-unboost|p1a: Great Tusk|spe|1\n|-enditem|p1a: Great Tusk|Booster Energy\n|-activate|p1a: Great Tusk|ability: Protosynthesis|[fromitem]\n|-start|p1a: Great Tusk|protosynthesisatk\n|turn|10\n|-message|Pacific Saury forfeited.\n|\n|win|Pinkacross\n|raw|Pacific Saury's rating: 1764 &rarr; <strong>1750</strong><br />(-14 for losing)\n|raw|Pinkacross's rating: 1880 &rarr; <strong>1894</strong><br />(+14 for winning)\n|l|☆Pacific Saury\n|player|p1|\n|c|☆Pinkacross|gg\n|l| dante1310\n|l|☆Pinkacross\n|player|p2|\n|j| Garden of Dreams\n|l| Garden of Dreams\n", "uploadtime": 1782560039, "views": 5, "formatid": "gen9ou", "rating": 1750, "private": 0, "password": null}