{"id": "gen9ou-2540627879", "format": "[Gen 9] OU", "players": ["hamoodiscute", "boostingTyranntrum"], "log": "|j|☆hamoodiscute\n|j|☆boostingTyranntrum\n|t:|1771230116\n|gametype|singles\n|player|p1|hamoodiscute|cynthia|1652\n|player|p2|boostingTyranntrum|1|1589\n|gen|9\n|tier|[Gen 9] OU\n|rated|\n|rule|HP Percentage Mod: HP is shown in percentages\n|rule|Endless Battle Clause: Forcing endless battles is banned\n|rule|Species Clause: Limit one of each Pokémon\n|rule|OHKO Clause: OHKO moves are banned\n|rule|Evasion Items Clause: Evasion items are banned\n|rule|Evasion Moves Clause: Evasion moves are banned\n|rule|Evasion Abilities Clause: Evasion abilities are banned\n|rule|Sleep Moves Clause: Sleep-inducing moves are banned\n|clearpoke\n|poke|p1|Darkrai|\n|poke|p1|Ogerpon-Wellspring, F|\n|poke|p1|Great Tusk|\n|poke|p1|Dragonite, F|\n|poke|p1|Gholdengo|\n|poke|p1|Glimmora, M|\n|poke|p2|Volcanion|\n|poke|p2|Pelipper, M|\n|poke|p2|Iron Treads|\n|poke|p2|Dragapult, M|\n|poke|p2|Overqwil, M|\n|poke|p2|Iron Valiant|\n|teampreview\n|\n|t:|1771230131\n|teamsize|p1|6\n|teamsize|p2|6\n|start\n|switch|p1a: Darkrai|Darkrai|100/100\n|switch|p2a: Dragapult|Dragapult, M, shiny|100/100\n|turn|1\n|inactive|Battle timer is ON: inactive players will automatically lose when time's up. (requested by boostingTyranntrum)\n|\n|t:|1771230136\n|move|p1a: Darkrai|Sucker Punch|p2a: Dragapult\n|-supereffective|p2a: Dragapult\n|-damage|p2a: Dragapult|23/100\n|move|p2a: Dragapult|U-turn|p1a: Darkrai\n|-supereffective|p1a: Darkrai\n|-damage|p1a: Darkrai|6/100\n|\n|t:|1771230141\n|switch|p2a: Iron Treads|Iron Treads, shiny|100/100|[from] U-turn\n|-enditem|p2a: Iron Treads|Booster Energy\n|-activate|p2a: Iron Treads|ability: Quark Drive|[fromitem]\n|-start|p2a: Iron Treads|quarkdrivespe\n|\n|upkeep\n|turn|2\n|\n|t:|1771230151\n|switch|p1a: Great Tusk|Great Tusk|100/100\n|-enditem|p1a: Great Tusk|Booster Energy\n|-activate|p1a: Great Tusk|ability: Protosynthesis|[fromitem]\n|-start|p1a: Great Tusk|protosynthesisspe\n|move|p2a: Iron Treads|Stealth Rock|p1a: Great Tusk\n|-sidestart|p1: hamoodiscute|move: Stealth Rock\n|\n|upkeep\n|turn|3\n|\n|t:|1771230155\n|-end|p2a: Iron Treads|Quark Drive|[silent]\n|switch|p2a: Dragapult|Dragapult, M, shiny|23/100\n|move|p1a: Great Tusk|Bulk Up|p1a: Great Tusk\n|-boost|p1a: Great Tusk|atk|1\n|-boost|p1a: Great Tusk|def|1\n|\n|upkeep\n|turn|4\n|\n|t:|1771230162\n|switch|p2a: Pelipper|Pelipper, M, shiny|100/100\n|-weather|RainDance|[from] ability: Drizzle|[of] p2a: Pelipper\n|move|p1a: Great Tusk|Headlong Rush|p2a: Pelipper\n|-immune|p2a: Pelipper\n|\n|-weather|RainDance|[upkeep]\n|upkeep\n|turn|5\n|\n|t:|1771230165\n|move|p1a: Great Tusk|Stone Edge|p2a: Pelipper\n|-supereffective|p2a: Pelipper\n|-damage|p2a: Pelipper|0 fnt\n|faint|p2a: Pelipper\n|\n|-weather|RainDance|[upkeep]\n|upkeep\n|\n|t:|1771230171\n|switch|p2a: Overqwil|Overqwil, M, shiny|100/100\n|turn|6\n|\n|t:|1771230181\n|-terastallize|p2a: Overqwil|Ghost\n|-terastallize|p1a: Great Tusk|Steel\n|move|p2a: Overqwil|Liquidation|p1a: Great Tusk\n|-damage|p1a: Great Tusk|78/100\n|-damage|p2a: Overqwil|91/100|[from] item: Life Orb\n|move|p1a: Great Tusk|Headlong Rush|p2a: Overqwil\n|-damage|p2a: Overqwil|0 fnt\n|-unboost|p1a: Great Tusk|def|1\n|-unboost|p1a: Great Tusk|spd|1\n|faint|p2a: Overqwil\n|\n|-weather|RainDance|[upkeep]\n|upkeep\n|\n|t:|1771230187\n|switch|p2a: Iron Valiant|Iron Valiant, shiny|100/100\n|turn|7\n|\n|t:|1771230191\n|move|p2a: Iron Valiant|Vacuum Wave|p1a: Great Tusk\n|-supereffective|p1a: Great Tusk\n|-damage|p1a: Great Tusk|0 fnt\n|faint|p1a: Great Tusk\n|-end|p1a: Great Tusk|Protosynthesis|[silent]\n|\n|-weather|RainDance|[upkeep]\n|upkeep\n|j| dsekop\n|\n|t:|1771230214\n|switch|p1a: Glimmora|Glimmora, M, shiny|100/100\n|-damage|p1a: Glimmora|88/100|[from] Stealth Rock\n|turn|8\n|\n|t:|1771230218\n|-end|p2a: Iron Valiant|Quark Drive|[silent]\n|switch|p2a: Iron Treads|Iron Treads, shiny|100/100\n|move|p1a: Glimmora|Stealth Rock|p2a: Iron Treads\n|-sidestart|p2: boostingTyranntrum|move: Stealth Rock\n|\n|-weather|RainDance|[upkeep]\n|upkeep\n|turn|9\n|\n|t:|1771230227\n|switch|p1a: Dragonite|Dragonite, F|100/100\n|-damage|p1a: Dragonite|76/100|[from] Stealth Rock\n|move|p2a: Iron Treads|Earth Power|p1a: Dragonite\n|-immune|p1a: Dragonite\n|\n|-weather|RainDance|[upkeep]\n|upkeep\n|turn|10\n|\n|t:|1771230229\n|move|p2a: Iron Treads|Rapid Spin|p1a: Dragonite\n|-damage|p1a: Dragonite|64/100\n|-boost|p2a: Iron Treads|spe|1\n|-sideend|p2: boostingTyranntrum|Stealth Rock|[from] move: Rapid Spin|[of] p2a: Iron Treads\n|move|p1a: Dragonite|Dragon Dance|p1a: Dragonite\n|-boost|p1a: Dragonite|atk|1\n|-boost|p1a: Dragonite|spe|1\n|\n|-weather|RainDance|[upkeep]\n|upkeep\n|turn|11\n|\n|t:|1771230231\n|move|p2a: Iron Treads|Steel Beam|p1a: Dragonite\n|-damage|p1a: Dragonite|29/100\n|-damage|p2a: Iron Treads|50/100|[from] steelbeam\n|move|p1a: Dragonite|Dragon Dance|p1a: Dragonite\n|-boost|p1a: Dragonite|atk|1\n|-boost|p1a: Dragonite|spe|1\n|\n|-weather|none\n|upkeep\n|turn|12\n|\n|t:|1771230239\n|move|p2a: Iron Treads|Steel Beam|p1a: Dragonite\n|-damage|p1a: Dragonite|0 fnt\n|-damage|p2a: Iron Treads|0 fnt|[from] steelbeam\n|faint|p2a: Iron Treads\n|-end|p2a: Iron Treads|Quark Drive|[silent]\n|faint|p1a: Dragonite\n|\n|upkeep\n|j| nonchalantbufalant\n|\n|t:|1771230266\n|switch|p2a: Iron Valiant|Iron Valiant, shiny|100/100\n|switch|p1a: Glimmora|Glimmora, M, shiny|88/100\n|-damage|p1a: Glimmora|76/100|[from] Stealth Rock\n|turn|13\n|\n|t:|1771230272\n|move|p2a: Iron Valiant|Psyshock|p1a: Glimmora\n|-supereffective|p1a: Glimmora\n|-damage|p1a: Glimmora|7/100\n|-enditem|p1a: Glimmora|Red Card|[of] p2a: Iron Valiant\n|-end|p2a: Iron Valiant|Quark Drive|[silent]\n|drag|p2a: Volcanion|Volcanion|100/100\n|move|p1a: Glimmora|Mortal Spin|p2a: Volcanion\n|-damage|p2a: Volcanion|96/100\n|-status|p2a: Volcanion|psn\n|-sideend|p1: hamoodiscute|Stealth Rock|[from] move: Mortal Spin|[of] p1a: Glimmora\n|\n|-damage|p2a: Volcanion|84/100 psn|[from] psn\n|upkeep\n|turn|14\n|\n|t:|1771230278\n|move|p1a: Glimmora|Stealth Rock|p2a: Volcanion\n|-sidestart|p2: boostingTyranntrum|move: Stealth Rock\n|move|p2a: Volcanion|Scald|p1a: Glimmora\n|-supereffective|p1a: Glimmora\n|-damage|p1a: Glimmora|0 fnt\n|faint|p1a: Glimmora\n|\n|-damage|p2a: Volcanion|71/100 psn|[from] psn\n|upkeep\n|inactive|hamoodiscute has 120 seconds left.\n|\n|t:|1771230311\n|switch|p1a: Darkrai|Darkrai|6/100\n|turn|15\n|\n|t:|1771230315\n|move|p1a: Darkrai|Dark Pulse|p2a: Volcanion\n|-damage|p2a: Volcanion|26/100 psn\n|move|p2a: Volcanion|Scald|p1a: Darkrai\n|-damage|p1a: Darkrai|0 fnt\n|faint|p1a: Darkrai\n|\n|-damage|p2a: Volcanion|13/100 psn|[from] psn\n|upkeep\n|inactive|hamoodiscute has 120 seconds left.\n|\n|t:|1771230325\n|switch|p1a: Gholdengo|Gholdengo|100/100\n|turn|16\n|\n|t:|1771230329\n|move|p1a: Gholdengo|Shadow Ball|p2a: Volcanion\n|-damage|p2a: Volcanion|0 fnt\n|faint|p2a: Volcanion\n|\n|upkeep\n|\n|t:|1771230334\n|switch|p2a: Dragapult|Dragapult, M, shiny|23/100\n|-damage|p2a: Dragapult|11/100|[from] Stealth Rock\n|turn|17\n|\n|t:|1771230338\n|move|p2a: Dragapult|Dragon Darts|p1a: Gholdengo\n|-resisted|p1a: Gholdengo\n|-damage|p1a: Gholdengo|89/100\n|-anim|p2a: Dragapult|Dragon Darts|p1a: Gholdengo\n|-resisted|p1a: Gholdengo\n|-damage|p1a: Gholdengo|77/100\n|move|p1a: Gholdengo|Shadow Ball|p2a: Dragapult\n|-supereffective|p2a: Dragapult\n|-damage|p2a: Dragapult|0 fnt\n|faint|p2a: Dragapult\n|\n|upkeep\n|\n|t:|1771230341\n|switch|p2a: Iron Valiant|Iron Valiant, shiny|100/100\n|-damage|p2a: Iron Valiant|94/100|[from] Stealth Rock\n|turn|18\n|\n|t:|1771230347\n|move|p2a: Iron Valiant|Thunderbolt|p1a: Gholdengo\n|-damage|p1a: Gholdengo|37/100\n|move|p1a: Gholdengo|Dazzling Gleam|p2a: Iron Valiant\n|-supereffective|p2a: Iron Valiant\n|-damage|p2a: Iron Valiant|11/100\n|\n|upkeep\n|turn|19\n|\n|t:|1771230352\n|move|p2a: Iron Valiant|Thunderbolt|p1a: Gholdengo\n|-damage|p1a: Gholdengo|0 fnt\n|faint|p1a: Gholdengo\n|\n|upkeep\n|\n|t:|1771230354\n|switch|p1a: Ogerpon|Ogerpon-Wellspring, F|100/100\n|turn|20\n|\n|t:|1771230355\n|move|p2a: Iron Valiant|Thunderbolt|p1a: Ogerpon\n|-damage|p1a: Ogerpon|49/100\n|move|p1a: Ogerpon|Ivy Cudgel|p2a: Iron Valiant|[anim] Ivy Cudgel Water\n|-damage|p2a: Iron Valiant|0 fnt\n|faint|p2a: Iron Valiant\n|-end|p2a: Iron Valiant|Quark Drive|[silent]\n|\n|win|hamoodiscute\n|raw|hamoodiscute's rating: 1652 &rarr; <strong>1668</strong><br />(+16 for winning)\n|raw|boostingTyranntrum's rating: 1589 &rarr; <strong>1573</strong><br />(-16 for losing)\n|l| dsekop\n|l|☆hamoodiscute\n|player|p1|\n|l| nonchalantbufalant\n", "uploadtime": 1771230548, "views": 8, "formatid": "gen9ou", "rating": 1573, "private": 0, "password": null}