{"id": "gen9ou-2540572292", "format": "[Gen 9] OU", "players": ["bonkaroo", "H0llo"], "log": "|j|☆bonkaroo\n|j|☆H0llo\n|t:|1771220004\n|gametype|singles\n|player|p1|bonkaroo|wattson|1521\n|player|p2|H0llo|idol|1552\n|gen|9\n|tier|[Gen 9] OU\n|rated|\n|rule|HP Percentage Mod: HP is shown in percentages\n|rule|Endless Battle Clause: Forcing endless battles is banned\n|rule|Species Clause: Limit one of each Pokémon\n|rule|OHKO Clause: OHKO moves are banned\n|rule|Evasion Items Clause: Evasion items are banned\n|rule|Evasion Moves Clause: Evasion moves are banned\n|rule|Evasion Abilities Clause: Evasion abilities are banned\n|rule|Sleep Moves Clause: Sleep-inducing moves are banned\n|clearpoke\n|poke|p1|Amoonguss, M|\n|poke|p1|Garganacl, F|\n|poke|p1|Moltres|\n|poke|p1|Great Tusk|\n|poke|p1|Iron Crown|\n|poke|p1|Darkrai|\n|poke|p2|Dragapult, M|\n|poke|p2|Dragonite, F|\n|poke|p2|Ting-Lu|\n|poke|p2|Weezing-Galar, F|\n|poke|p2|Iron Crown|\n|poke|p2|Zapdos|\n|teampreview\n|inactive|Battle timer is ON: inactive players will automatically lose when time's up. (requested by bonkaroo)\n|\n|t:|1771220014\n|teamsize|p1|6\n|teamsize|p2|6\n|start\n|switch|p1a: Garganacl|Garganacl, F|100/100\n|switch|p2a: Dragapult|Dragapult, M|100/100\n|turn|1\n|\n|t:|1771220023\n|move|p2a: Dragapult|U-turn|p1a: Garganacl\n|-damage|p1a: Garganacl|87/100\n|\n|t:|1771220026\n|switch|p2a: Ting-Lu|Ting-Lu|100/100|[from] U-turn\n|-ability|p2a: Ting-Lu|Vessel of Ruin\n|move|p1a: Garganacl|Salt Cure|p2a: Ting-Lu\n|-resisted|p2a: Ting-Lu\n|-damage|p2a: Ting-Lu|97/100\n|-start|p2a: Ting-Lu|Salt Cure\n|\n|-heal|p2a: Ting-Lu|100/100|[from] item: Leftovers\n|-heal|p1a: Garganacl|94/100|[from] item: Leftovers\n|-damage|p2a: Ting-Lu|88/100|[from] Salt Cure\n|upkeep\n|turn|2\n|\n|t:|1771220034\n|switch|p1a: Great Tusk|Great Tusk|100/100\n|move|p2a: Ting-Lu|Stealth Rock|p1a: Great Tusk\n|-sidestart|p1: bonkaroo|move: Stealth Rock\n|\n|-heal|p2a: Ting-Lu|94/100|[from] item: Leftovers\n|-damage|p2a: Ting-Lu|82/100|[from] Salt Cure\n|upkeep\n|turn|3\n|\n|t:|1771220042\n|switch|p2a: Zapdos|Zapdos|100/100\n|move|p1a: Great Tusk|Knock Off|p2a: Zapdos\n|-damage|p2a: Zapdos|64/100\n|-enditem|p2a: Zapdos|Heavy-Duty Boots|[from] move: Knock Off|[of] p1a: Great Tusk\n|\n|upkeep\n|turn|4\n|\n|t:|1771220051\n|-end|p1a: Great Tusk|Protosynthesis|[silent]\n|switch|p1a: Garganacl|Garganacl, F|94/100\n|-damage|p1a: Garganacl|81/100|[from] Stealth Rock\n|move|p2a: Zapdos|Hurricane|p1a: Garganacl\n|-resisted|p1a: Garganacl\n|-crit|p1a: Garganacl\n|-damage|p1a: Garganacl|53/100\n|\n|-heal|p1a: Garganacl|59/100|[from] item: Leftovers\n|upkeep\n|turn|5\n|\n|t:|1771220056\n|move|p2a: Zapdos|Volt Switch|p1a: Garganacl\n|-damage|p1a: Garganacl|35/100\n|\n|t:|1771220061\n|switch|p2a: Iron Crown|Iron Crown|100/100|[from] Volt Switch\n|move|p1a: Garganacl|Recover|p1a: Garganacl\n|-heal|p1a: Garganacl|85/100\n|\n|-heal|p1a: Garganacl|91/100|[from] item: Leftovers\n|upkeep\n|turn|6\n|\n|t:|1771220068\n|move|p1a: Garganacl|Protect|p1a: Garganacl\n|-singleturn|p1a: Garganacl|Protect\n|move|p2a: Iron Crown|Volt Switch|p1a: Garganacl\n|-activate|p1a: Garganacl|move: Protect\n|\n|-heal|p1a: Garganacl|97/100|[from] item: Leftovers\n|upkeep\n|turn|7\n|\n|t:|1771220079\n|switch|p1a: Iron Crown|Iron Crown|100/100\n|-damage|p1a: Iron Crown|94/100|[from] Stealth Rock\n|move|p2a: Iron Crown|Volt Switch|p1a: Iron Crown\n|-damage|p1a: Iron Crown|72/100\n|\n|t:|1771220086\n|-end|p2a: Iron Crown|Quark Drive|[silent]\n|switch|p2a: Ting-Lu|Ting-Lu|82/100|[from] Volt Switch\n|-ability|p2a: Ting-Lu|Vessel of Ruin\n|\n|-heal|p2a: Ting-Lu|88/100|[from] item: Leftovers\n|upkeep\n|turn|8\n|\n|t:|1771220097\n|-end|p1a: Iron Crown|Quark Drive|[silent]\n|switch|p1a: Great Tusk|Great Tusk|100/100\n|move|p2a: Ting-Lu|Ruination|p1a: Great Tusk\n|-damage|p1a: Great Tusk|51/100\n|\n|-heal|p2a: Ting-Lu|94/100|[from] item: Leftovers\n|upkeep\n|turn|9\n|\n|t:|1771220102\n|-end|p1a: Great Tusk|Protosynthesis|[silent]\n|switch|p1a: Darkrai|Darkrai|100/100\n|move|p2a: Ting-Lu|Ruination|p1a: Darkrai\n|-damage|p1a: Darkrai|51/100\n|\n|-heal|p2a: Ting-Lu|100/100|[from] item: Leftovers\n|upkeep\n|turn|10\n|\n|t:|1771220105\n|move|p1a: Darkrai|Will-O-Wisp|p2a: Ting-Lu\n|-status|p2a: Ting-Lu|brn\n|move|p2a: Ting-Lu|Earthquake|p1a: Darkrai\n|-damage|p1a: Darkrai|24/100\n|\n|-damage|p2a: Ting-Lu|94/100 brn|[from] brn\n|upkeep\n|turn|11\n|\n|t:|1771220112\n|switch|p1a: Amoonguss|Amoonguss, M, shiny|100/100\n|-damage|p1a: Amoonguss|88/100|[from] Stealth Rock\n|move|p2a: Ting-Lu|Earthquake|p1a: Amoonguss\n|-damage|p1a: Amoonguss|75/100\n|\n|-heal|p2a: Ting-Lu|100/100 brn|[from] item: Leftovers\n|-damage|p2a: Ting-Lu|94/100 brn|[from] brn\n|upkeep\n|turn|12\n|\n|t:|1771220116\n|switch|p2a: Zapdos|Zapdos|64/100\n|move|p1a: Amoonguss|Sludge Bomb|p2a: Zapdos\n|-damage|p2a: Zapdos|32/100\n|\n|upkeep\n|turn|13\n|\n|t:|1771220122\n|switch|p1a: Garganacl|Garganacl, F|97/100\n|-damage|p1a: Garganacl|85/100|[from] Stealth Rock\n|move|p2a: Zapdos|Roost|p2a: Zapdos\n|-heal|p2a: Zapdos|82/100\n|-singleturn|p2a: Zapdos|move: Roost\n|\n|-heal|p1a: Garganacl|91/100|[from] item: Leftovers\n|upkeep\n|turn|14\n|\n|t:|1771220127\n|move|p2a: Zapdos|Volt Switch|p1a: Garganacl\n|-damage|p1a: Garganacl|65/100\n|\n|t:|1771220132\n|switch|p2a: Ting-Lu|Ting-Lu|94/100 brn|[from] Volt Switch\n|-ability|p2a: Ting-Lu|Vessel of Ruin\n|move|p1a: Garganacl|Stealth Rock|p2a: Ting-Lu\n|-sidestart|p2: H0llo|move: Stealth Rock\n|\n|-heal|p2a: Ting-Lu|100/100 brn|[from] item: Leftovers\n|-heal|p1a: Garganacl|71/100|[from] item: Leftovers\n|-damage|p2a: Ting-Lu|94/100 brn|[from] brn\n|upkeep\n|turn|15\n|\n|t:|1771220139\n|move|p1a: Garganacl|Recover|p1a: Garganacl\n|-heal|p1a: Garganacl|100/100\n|move|p2a: Ting-Lu|Whirlwind|p1a: Garganacl\n|drag|p1a: Darkrai|Darkrai|24/100\n|\n|-heal|p2a: Ting-Lu|100/100 brn|[from] item: Leftovers\n|-damage|p2a: Ting-Lu|94/100 brn|[from] brn\n|upkeep\n|turn|16\n|\n|t:|1771220147\n|switch|p1a: Amoonguss|Amoonguss, M, shiny|100/100\n|-damage|p1a: Amoonguss|88/100|[from] Stealth Rock\n|move|p2a: Ting-Lu|Ruination|p1a: Amoonguss\n|-damage|p1a: Amoonguss|44/100\n|\n|-heal|p2a: Ting-Lu|100/100 brn|[from] item: Leftovers\n|-damage|p2a: Ting-Lu|94/100 brn|[from] brn\n|upkeep\n|turn|17\n|\n|t:|1771220154\n|switch|p2a: Iron Crown|Iron Crown|100/100\n|-damage|p2a: Iron Crown|94/100|[from] Stealth Rock\n|move|p1a: Amoonguss|Giga Drain|p2a: Iron Crown\n|-resisted|p2a: Iron Crown\n|-damage|p2a: Iron Crown|84/100\n|-heal|p1a: Amoonguss|48/100|[from] drain|[of] p2a: Iron Crown\n|\n|upkeep\n|turn|18\n|\n|t:|1771220165\n|switch|p1a: Iron Crown|Iron Crown|72/100\n|-damage|p1a: Iron Crown|66/100|[from] Stealth Rock\n|move|p2a: Iron Crown|Tachyon Cutter|p1a: Iron Crown\n|-resisted|p1a: Iron Crown\n|-crit|p1a: Iron Crown\n|-damage|p1a: Iron Crown|49/100\n|-resisted|p1a: Iron Crown\n|-damage|p1a: Iron Crown|37/100\n|-hitcount|p1a: Iron Crown|2\n|\n|upkeep\n|turn|19\n|\n|t:|1771220172\n|-end|p2a: Iron Crown|Quark Drive|[silent]\n|switch|p2a: Ting-Lu|Ting-Lu|94/100 brn\n|-damage|p2a: Ting-Lu|88/100 brn|[from] Stealth Rock\n|-ability|p2a: Ting-Lu|Vessel of Ruin\n|move|p1a: Iron Crown|Volt Switch|p2a: Ting-Lu\n|-immune|p2a: Ting-Lu\n|\n|-heal|p2a: Ting-Lu|94/100 brn|[from] item: Leftovers\n|-damage|p2a: Ting-Lu|88/100 brn|[from] brn\n|upkeep\n|turn|20\n|\n|t:|1771220177\n|-end|p1a: Iron Crown|Quark Drive|[silent]\n|switch|p1a: Garganacl|Garganacl, F|100/100\n|-damage|p1a: Garganacl|88/100|[from] Stealth Rock\n|move|p2a: Ting-Lu|Ruination|p1a: Garganacl\n|-damage|p1a: Garganacl|44/100\n|\n|-heal|p2a: Ting-Lu|94/100 brn|[from] item: Leftovers\n|-heal|p1a: Garganacl|50/100|[from] item: Leftovers\n|-damage|p2a: Ting-Lu|88/100 brn|[from] brn\n|upkeep\n|turn|21\n|\n|t:|1771220182\n|move|p1a: Garganacl|Recover|p1a: Garganacl\n|-heal|p1a: Garganacl|100/100\n|move|p2a: Ting-Lu|Whirlwind|p1a: Garganacl\n|drag|p1a: Darkrai|Darkrai|24/100\n|\n|-heal|p2a: Ting-Lu|94/100 brn|[from] item: Leftovers\n|-damage|p2a: Ting-Lu|88/100 brn|[from] brn\n|upkeep\n|turn|22\n|\n|t:|1771220187\n|move|p1a: Darkrai|Knock Off|p2a: Ting-Lu\n|-resisted|p2a: Ting-Lu\n|-damage|p2a: Ting-Lu|80/100 brn\n|-enditem|p2a: Ting-Lu|Leftovers|[from] move: Knock Off|[of] p1a: Darkrai\n|move|p2a: Ting-Lu|Earthquake|p1a: Darkrai\n|-damage|p1a: Darkrai|1/100\n|\n|-damage|p2a: Ting-Lu|74/100 brn|[from] brn\n|upkeep\n|turn|23\n|\n|t:|1771220195\n|switch|p1a: Amoonguss|Amoonguss, M, shiny|81/100\n|-damage|p1a: Amoonguss|69/100|[from] Stealth Rock\n|move|p2a: Ting-Lu|Earthquake|p1a: Amoonguss\n|-damage|p1a: Amoonguss|57/100\n|\n|-damage|p2a: Ting-Lu|68/100 brn|[from] brn\n|upkeep\n|turn|24\n|\n|t:|1771220204\n|switch|p2a: Weezing|Weezing-Galar, F|100/100\n|-ability|p2a: Weezing|Neutralizing Gas\n|move|p1a: Amoonguss|Foul Play|p2a: Weezing\n|-resisted|p2a: Weezing\n|-damage|p2a: Weezing|95/100\n|\n|upkeep\n|turn|25\n|\n|t:|1771220210\n|switch|p1a: Garganacl|Garganacl, F|100/100\n|-damage|p1a: Garganacl|88/100|[from] Stealth Rock\n|move|p2a: Weezing|Will-O-Wisp|p1a: Garganacl\n|-status|p1a: Garganacl|brn\n|\n|-heal|p1a: Garganacl|94/100 brn|[from] item: Leftovers\n|-damage|p1a: Garganacl|88/100 brn|[from] brn\n|upkeep\n|turn|26\n|\n|t:|1771220214\n|move|p2a: Weezing|Defog|p1a: Garganacl\n|-unboost|p1a: Garganacl|evasion|1\n|-sideend|p1: bonkaroo|Stealth Rock|[from] move: Defog|[of] p2a: Weezing\n|-sideend|p2: H0llo|Stealth Rock|[from] move: Defog|[of] p2a: Weezing\n|move|p1a: Garganacl|Salt Cure|p2a: Weezing\n|-damage|p2a: Weezing|91/100\n|-start|p2a: Weezing|Salt Cure\n|\n|-heal|p1a: Garganacl|94/100 brn|[from] item: Leftovers\n|-damage|p1a: Garganacl|88/100 brn|[from] brn\n|-damage|p2a: Weezing|78/100|[from] Salt Cure\n|upkeep\n|turn|27\n|\n|t:|1771220221\n|-end|p2a: Weezing|ability: Neutralizing Gas\n|switch|p2a: Iron Crown|Iron Crown|84/100\n|move|p1a: Garganacl|Salt Cure|p2a: Iron Crown\n|-resisted|p2a: Iron Crown\n|-damage|p2a: Iron Crown|80/100\n|-start|p2a: Iron Crown|Salt Cure\n|\n|-heal|p1a: Garganacl|94/100 brn|[from] item: Leftovers\n|-damage|p1a: Garganacl|88/100 brn|[from] brn\n|-damage|p2a: Iron Crown|55/100|[from] Salt Cure\n|upkeep\n|turn|28\n|\n|t:|1771220231\n|-end|p2a: Iron Crown|Quark Drive|[silent]\n|switch|p2a: Weezing|Weezing-Galar, F|78/100\n|-ability|p2a: Weezing|Neutralizing Gas\n|move|p1a: Garganacl|Protect||[still]\n|-fail|p1a: Garganacl\n|\n|-heal|p1a: Garganacl|94/100 brn|[from] item: Leftovers\n|-damage|p1a: Garganacl|88/100 brn|[from] brn\n|upkeep\n|turn|29\n|\n|t:|1771220242\n|-end|p2a: Weezing|ability: Neutralizing Gas\n|switch|p2a: Ting-Lu|Ting-Lu|68/100 brn\n|-ability|p2a: Ting-Lu|Vessel of Ruin\n|move|p1a: Garganacl|Salt Cure|p2a: Ting-Lu\n|-resisted|p2a: Ting-Lu\n|-damage|p2a: Ting-Lu|66/100 brn\n|-start|p2a: Ting-Lu|Salt Cure\n|\n|-heal|p1a: Garganacl|94/100 brn|[from] item: Leftovers\n|-damage|p2a: Ting-Lu|60/100 brn|[from] brn\n|-damage|p1a: Garganacl|88/100 brn|[from] brn\n|-damage|p2a: Ting-Lu|47/100 brn|[from] Salt Cure\n|upkeep\n|turn|30\n|\n|t:|1771220247\n|move|p2a: Ting-Lu|Ruination|p1a: Garganacl\n|-damage|p1a: Garganacl|44/100 brn\n|move|p1a: Garganacl|Stealth Rock|p2a: Ting-Lu\n|-sidestart|p2: H0llo|move: Stealth Rock\n|\n|-heal|p1a: Garganacl|50/100 brn|[from] item: Leftovers\n|-damage|p2a: Ting-Lu|41/100 brn|[from] brn\n|-damage|p1a: Garganacl|44/100 brn|[from] brn\n|-damage|p2a: Ting-Lu|29/100 brn|[from] Salt Cure\n|upkeep\n|turn|31\n|\n|t:|1771220252\n|move|p2a: Ting-Lu|Stealth Rock|p1a: Garganacl\n|-sidestart|p1: bonkaroo|move: Stealth Rock\n|move|p1a: Garganacl|Recover|p1a: Garganacl\n|-heal|p1a: Garganacl|94/100 brn\n|\n|-heal|p1a: Garganacl|100/100 brn|[from] item: Leftovers\n|-damage|p2a: Ting-Lu|23/100 brn|[from] brn\n|-damage|p1a: Garganacl|94/100 brn|[from] brn\n|-damage|p2a: Ting-Lu|10/100 brn|[from] Salt Cure\n|upkeep\n|turn|32\n|\n|t:|1771220255\n|move|p1a: Garganacl|Protect|p1a: Garganacl\n|-singleturn|p1a: Garganacl|Protect\n|move|p2a: Ting-Lu|Ruination|p1a: Garganacl\n|-activate|p1a: Garganacl|move: Protect\n|\n|-heal|p1a: Garganacl|100/100 brn|[from] item: Leftovers\n|-damage|p2a: Ting-Lu|4/100 brn|[from] brn\n|-damage|p1a: Garganacl|94/100 brn|[from] brn\n|-damage|p2a: Ting-Lu|0 fnt|[from] Salt Cure\n|faint|p2a: Ting-Lu\n|upkeep\n|\n|t:|1771220262\n|switch|p2a: Iron Crown|Iron Crown|55/100\n|-damage|p2a: Iron Crown|49/100|[from] Stealth Rock\n|turn|33\n|\n|t:|1771220271\n|switch|p1a: Moltres|Moltres|100/100\n|move|p2a: Iron Crown|Tachyon Cutter|p1a: Moltres\n|-resisted|p1a: Moltres\n|-damage|p1a: Moltres|86/100\n|-resisted|p1a: Moltres\n|-damage|p1a: Moltres|72/100\n|-hitcount|p1a: Moltres|2\n|\n|upkeep\n|turn|34\n|\n|t:|1771220279\n|-end|p2a: Iron Crown|Quark Drive|[silent]\n|switch|p2a: Zapdos|Zapdos|82/100\n|-damage|p2a: Zapdos|57/100|[from] Stealth Rock\n|move|p1a: Moltres|Roost|p1a: Moltres\n|-heal|p1a: Moltres|100/100\n|-singleturn|p1a: Moltres|move: Roost\n|\n|upkeep\n|turn|35\n|\n|t:|1771220288\n|move|p2a: Zapdos|Volt Switch|p1a: Moltres\n|-supereffective|p1a: Moltres\n|-damage|p1a: Moltres|47/100\n|\n|t:|1771220294\n|switch|p2a: Weezing|Weezing-Galar, F|78/100|[from] Volt Switch\n|-ability|p2a: Weezing|Neutralizing Gas\n|move|p1a: Moltres|Flamethrower|p2a: Weezing\n|-damage|p2a: Weezing|29/100\n|\n|upkeep\n|turn|36\n|\n|t:|1771220302\n|move|p1a: Moltres|Roost|p1a: Moltres\n|-heal|p1a: Moltres|97/100\n|-singleturn|p1a: Moltres|move: Roost\n|move|p2a: Weezing|Pain Split|p1a: Moltres\n|-sethp|p1a: Moltres|61/100|[from] move: Pain Split|[silent]\n|-sethp|p2a: Weezing|70/100|[from] move: Pain Split\n|\n|upkeep\n|turn|37\n|\n|t:|1771220317\n|-end|p2a: Weezing|ability: Neutralizing Gas\n|switch|p2a: Dragapult|Dragapult, M|100/100\n|move|p1a: Moltres|Flamethrower|p2a: Dragapult\n|-resisted|p2a: Dragapult\n|-damage|p2a: Dragapult|69/100\n|\n|upkeep\n|turn|38\n|\n|t:|1771220333\n|move|p2a: Dragapult|Hex|p1a: Moltres\n|-damage|p1a: Moltres|42/100\n|move|p1a: Moltres|Roost|p1a: Moltres\n|-heal|p1a: Moltres|92/100\n|-singleturn|p1a: Moltres|move: Roost\n|\n|upkeep\n|turn|39\n|\n|t:|1771220339\n|move|p2a: Dragapult|U-turn|p1a: Moltres\n|-resisted|p1a: Moltres\n|-damage|p1a: Moltres|87/100\n|\n|t:|1771220340\n|switch|p2a: Zapdos|Zapdos|57/100|[from] U-turn\n|-damage|p2a: Zapdos|33/100|[from] Stealth Rock\n|move|p1a: Moltres|Flamethrower|p2a: Zapdos\n|-damage|p2a: Zapdos|0 fnt\n|faint|p2a: Zapdos\n|\n|upkeep\n|\n|t:|1771220348\n|switch|p2a: Iron Crown|Iron Crown|49/100\n|-damage|p2a: Iron Crown|43/100|[from] Stealth Rock\n|turn|40\n|\n|t:|1771220357\n|switch|p1a: Iron Crown|Iron Crown|37/100\n|-damage|p1a: Iron Crown|31/100|[from] Stealth Rock\n|move|p2a: Iron Crown|Volt Switch|p1a: Iron Crown\n|-damage|p1a: Iron Crown|6/100\n|\n|t:|1771220361\n|-end|p2a: Iron Crown|Quark Drive|[silent]\n|switch|p2a: Dragapult|Dragapult, M|69/100|[from] Volt Switch\n|\n|upkeep\n|turn|41\n|\n|t:|1771220370\n|move|p2a: Dragapult|Dragon Darts|p1a: Iron Crown\n|-resisted|p1a: Iron Crown\n|-damage|p1a: Iron Crown|0 fnt\n|faint|p1a: Iron Crown\n|-end|p1a: Iron Crown|Quark Drive|[silent]\n|\n|upkeep\n|\n|t:|1771220377\n|switch|p1a: Garganacl|Garganacl, F|94/100 brn\n|-damage|p1a: Garganacl|82/100 brn|[from] Stealth Rock\n|turn|42\n|\n|t:|1771220380\n|move|p2a: Dragapult|Hex|p1a: Garganacl\n|-damage|p1a: Garganacl|65/100 brn\n|move|p1a: Garganacl|Salt Cure|p2a: Dragapult\n|-damage|p2a: Dragapult|60/100\n|-start|p2a: Dragapult|Salt Cure\n|\n|-heal|p1a: Garganacl|71/100 brn|[from] item: Leftovers\n|-damage|p1a: Garganacl|65/100 brn|[from] brn\n|-damage|p2a: Dragapult|48/100|[from] Salt Cure\n|upkeep\n|turn|43\n|\n|t:|1771220389\n|switch|p2a: Weezing|Weezing-Galar, F|70/100\n|-ability|p2a: Weezing|Neutralizing Gas\n|move|p1a: Garganacl|Protect||[still]\n|-fail|p1a: Garganacl\n|\n|-heal|p1a: Garganacl|71/100 brn|[from] item: Leftovers\n|-damage|p1a: Garganacl|65/100 brn|[from] brn\n|upkeep\n|turn|44\n|\n|t:|1771220394\n|move|p2a: Weezing|Sludge Bomb|p1a: Garganacl\n|-resisted|p1a: Garganacl\n|-damage|p1a: Garganacl|55/100 brn\n|move|p1a: Garganacl|Salt Cure|p2a: Weezing\n|-damage|p2a: Weezing|65/100\n|-start|p2a: Weezing|Salt Cure\n|\n|-heal|p1a: Garganacl|61/100 brn|[from] item: Leftovers\n|-damage|p1a: Garganacl|55/100 brn|[from] brn\n|-damage|p2a: Weezing|53/100|[from] Salt Cure\n|upkeep\n|turn|45\n|\n|t:|1771220403\n|move|p1a: Garganacl|Protect|p1a: Garganacl\n|-singleturn|p1a: Garganacl|Protect\n|move|p2a: Weezing|Sludge Bomb|p1a: Garganacl\n|-activate|p1a: Garganacl|move: Protect\n|\n|-heal|p1a: Garganacl|61/100 brn|[from] item: Leftovers\n|-damage|p1a: Garganacl|55/100 brn|[from] brn\n|-damage|p2a: Weezing|41/100|[from] Salt Cure\n|upkeep\n|turn|46\n|\n|t:|1771220411\n|switch|p1a: Darkrai|Darkrai|1/100\n|move|p2a: Weezing|Pain Split|p1a: Darkrai\n|-sethp|p1a: Darkrai|25/100|[from] move: Pain Split|[silent]\n|-sethp|p2a: Weezing|21/100|[from] move: Pain Split\n|\n|-damage|p2a: Weezing|9/100|[from] Salt Cure\n|upkeep\n|turn|47\n|\n|t:|1771220417\n|move|p1a: Darkrai|Dark Pulse|p2a: Weezing\n|-resisted|p2a: Weezing\n|-damage|p2a: Weezing|0 fnt\n|faint|p2a: Weezing\n|-end|p2a: Weezing|ability: Neutralizing Gas\n|\n|upkeep\n|\n|t:|1771220418\n|switch|p2a: Dragapult|Dragapult, M|48/100\n|turn|48\n|\n|t:|1771220443\n|switch|p1a: Amoonguss|Amoonguss, M, shiny|57/100\n|-damage|p1a: Amoonguss|45/100|[from] Stealth Rock\n|-terastallize|p2a: Dragapult|Dragon\n|move|p2a: Dragapult|Dragon Darts|p1a: Amoonguss\n|-damage|p1a: Amoonguss|22/100\n|-anim|p2a: Dragapult|Dragon Darts|p1a: Amoonguss\n|-damage|p1a: Amoonguss|3/100\n|\n|upkeep\n|turn|49\n|\n|t:|1771220457\n|move|p2a: Dragapult|Dragon Darts|p1a: Amoonguss\n|-damage|p1a: Amoonguss|0 fnt\n|faint|p1a: Amoonguss\n|\n|upkeep\n|\n|t:|1771220459\n|switch|p1a: Moltres|Moltres|87/100\n|turn|50\n|\n|t:|1771220463\n|-terastallize|p1a: Moltres|Fairy\n|move|p2a: Dragapult|Dragon Darts|p1a: Moltres\n|-immune|p1a: Moltres\n|move|p1a: Moltres|Scorching Sands|p2a: Dragapult\n|-damage|p2a: Dragapult|18/100\n|-status|p2a: Dragapult|brn\n|-start|p1a: Moltres|Disable|Scorching Sands|[from] ability: Cursed Body|[of] p2a: Dragapult\n|\n|-damage|p2a: Dragapult|12/100 brn|[from] brn\n|upkeep\n|turn|51\n|inactive|bonkaroo has 120 seconds left.\n|\n|t:|1771220502\n|move|p2a: Dragapult|Hex|p1a: Moltres\n|-damage|p1a: Moltres|68/100\n|move|p1a: Moltres|Roar|p2a: Dragapult\n|drag|p2a: Dragonite|Dragonite, F|100/100\n|\n|upkeep\n|turn|52\n|\n|t:|1771220511\n|move|p2a: Dragonite|Dragon Dance|p2a: Dragonite\n|-boost|p2a: Dragonite|atk|1\n|-boost|p2a: Dragonite|spe|1\n|move|p1a: Moltres|Roar|p2a: Dragonite\n|drag|p2a: Dragapult|Dragapult, M, tera:Dragon|12/100 brn\n|\n|-damage|p2a: Dragapult|6/100 brn|[from] brn\n|upkeep\n|turn|53\n|\n|t:|1771220516\n|move|p2a: Dragapult|Will-O-Wisp|p1a: Moltres\n|-status|p1a: Moltres|brn\n|move|p1a: Moltres|Roost|p1a: Moltres\n|-heal|p1a: Moltres|100/100 brn\n|\n|-damage|p2a: Dragapult|0 fnt|[from] brn\n|faint|p2a: Dragapult\n|-damage|p1a: Moltres|94/100 brn|[from] brn\n|-end|p1a: Moltres|Disable\n|upkeep\n|\n|t:|1771220520\n|switch|p2a: Iron Crown|Iron Crown|43/100\n|-damage|p2a: Iron Crown|36/100|[from] Stealth Rock\n|turn|54\n|\n|t:|1771220529\n|move|p2a: Iron Crown|Tachyon Cutter|p1a: Moltres\n|-supereffective|p1a: Moltres\n|-damage|p1a: Moltres|39/100 brn\n|-supereffective|p1a: Moltres\n|-damage|p1a: Moltres|0 fnt\n|faint|p1a: Moltres\n|-hitcount|p1: Moltres|2\n|\n|upkeep\n|\n|t:|1771220533\n|switch|p1a: Darkrai|Darkrai|25/100\n|turn|55\n|\n|t:|1771220544\n|-end|p2a: Iron Crown|Quark Drive|[silent]\n|switch|p2a: Dragonite|Dragonite, F|100/100\n|move|p1a: Darkrai|Knock Off|p2a: Dragonite\n|-damage|p2a: Dragonite|86/100\n|-enditem|p2a: Dragonite|Heavy-Duty Boots|[from] move: Knock Off|[of] p1a: Darkrai\n|\n|upkeep\n|turn|56\n|\n|t:|1771220565\n|switch|p1a: Great Tusk|Great Tusk|51/100\n|move|p2a: Dragonite|Earthquake|p1a: Great Tusk\n|-damage|p1a: Great Tusk|20/100\n|\n|upkeep\n|turn|57\n|\n|t:|1771220570\n|move|p1a: Great Tusk|Rapid Spin|p2a: Dragonite\n|-damage|p2a: Dragonite|66/100\n|-boost|p1a: Great Tusk|spe|1\n|-sideend|p1: bonkaroo|Stealth Rock|[from] move: Rapid Spin|[of] p1a: Great Tusk\n|move|p2a: Dragonite|Earthquake|p1a: Great Tusk\n|-damage|p1a: Great Tusk|0 fnt\n|faint|p1a: Great Tusk\n|-end|p1a: Great Tusk|Protosynthesis|[silent]\n|\n|upkeep\n|\n|t:|1771220576\n|switch|p1a: Garganacl|Garganacl, F|55/100 brn\n|turn|58\n|\n|t:|1771220582\n|move|p2a: Dragonite|Earthquake|p1a: Garganacl\n|-supereffective|p1a: Garganacl\n|-damage|p1a: Garganacl|9/100 brn\n|move|p1a: Garganacl|Salt Cure|p2a: Dragonite\n|-supereffective|p2a: Dragonite\n|-damage|p2a: Dragonite|52/100\n|-start|p2a: Dragonite|Salt Cure\n|\n|-heal|p1a: Garganacl|15/100 brn|[from] item: Leftovers\n|-damage|p1a: Garganacl|9/100 brn|[from] brn\n|-damage|p2a: Dragonite|39/100|[from] Salt Cure\n|upkeep\n|turn|59\n|\n|t:|1771220590\n|move|p2a: Dragonite|Roost|p2a: Dragonite\n|-heal|p2a: Dragonite|90/100\n|-singleturn|p2a: Dragonite|move: Roost\n|move|p1a: Garganacl|Recover|p1a: Garganacl\n|-heal|p1a: Garganacl|59/100 brn\n|\n|-heal|p1a: Garganacl|65/100 brn|[from] item: Leftovers\n|-damage|p1a: Garganacl|59/100 brn|[from] brn\n|-damage|p2a: Dragonite|77/100|[from] Salt Cure\n|upkeep\n|turn|60\n|\n|t:|1771220597\n|move|p2a: Dragonite|Earthquake|p1a: Garganacl\n|-supereffective|p1a: Garganacl\n|-damage|p1a: Garganacl|10/100 brn\n|move|p1a: Garganacl|Salt Cure|p2a: Dragonite\n|-supereffective|p2a: Dragonite\n|-damage|p2a: Dragonite|63/100\n|\n|-heal|p1a: Garganacl|16/100 brn|[from] item: Leftovers\n|-damage|p1a: Garganacl|10/100 brn|[from] brn\n|-damage|p2a: Dragonite|50/100|[from] Salt Cure\n|upkeep\n|turn|61\n|\n|t:|1771220608\n|move|p2a: Dragonite|Roost|p2a: Dragonite\n|-heal|p2a: Dragonite|100/100\n|-singleturn|p2a: Dragonite|move: Roost\n|move|p1a: Garganacl|Recover|p1a: Garganacl\n|-heal|p1a: Garganacl|60/100 brn\n|\n|-heal|p1a: Garganacl|66/100 brn|[from] item: Leftovers\n|-damage|p1a: Garganacl|60/100 brn|[from] brn\n|-damage|p2a: Dragonite|88/100|[from] Salt Cure\n|upkeep\n|turn|62\n|-message|bonkaroo forfeited.\n|\n|win|H0llo\n|raw|bonkaroo's rating: 1521 &rarr; <strong>1503</strong><br />(-18 for losing)\n|raw|H0llo's rating: 1552 &rarr; <strong>1570</strong><br />(+18 for winning)\n|l|☆bonkaroo\n|player|p1|\n|l|☆H0llo\n|player|p2|\n", "uploadtime": 1771220760, "views": 4, "formatid": "gen9ou", "rating": 1503, "private": 0, "password": null}