{"id": "gen9ou-2540618286", "format": "[Gen 9] OU", "players": ["tuanquewang", "KnightKnaveSpy"], "log": "|badge|p1|bronze|gen9ou|100-8\n|uhtml|medal-msg|<div class=\"broadcast-blue\">Curious what those medals under the avatar are? PS now has Ladder Seasons! For more information, check out the <a href=\"https://www.smogon.com/forums/threads/3740067/\">thread on Smogon.</a></div>\n|j|☆tuanquewang\n|j|☆KnightKnaveSpy\n|t:|1771228289\n|gametype|singles\n|player|p1|tuanquewang|backersf|1727\n|player|p2|KnightKnaveSpy|169|1706\n|gen|9\n|tier|[Gen 9] OU\n|rated|\n|rule|HP Percentage Mod: HP is shown in percentages\n|rule|Endless Battle Clause: Forcing endless battles is banned\n|rule|Species Clause: Limit one of each Pokémon\n|rule|OHKO Clause: OHKO moves are banned\n|rule|Evasion Items Clause: Evasion items are banned\n|rule|Evasion Moves Clause: Evasion moves are banned\n|rule|Evasion Abilities Clause: Evasion abilities are banned\n|rule|Sleep Moves Clause: Sleep-inducing moves are banned\n|clearpoke\n|poke|p1|Slowking-Galar, M|\n|poke|p1|Alomomola, F|\n|poke|p1|Scizor, M|\n|poke|p1|Hydrapple, F|\n|poke|p1|Cinderace, M|\n|poke|p1|Sandy Shocks|\n|poke|p2|Samurott-Hisui, M|\n|poke|p2|Blaziken, M|\n|poke|p2|Kingambit, M|\n|poke|p2|Raging Bolt|\n|poke|p2|Ogerpon-Wellspring, F|\n|poke|p2|Greninja-*, M|\n|teampreview\n|inactive|Battle timer is ON: inactive players will automatically lose when time's up. (requested by tuanquewang)\n|j| TheBurntPeanut\n|\n|t:|1771228298\n|teamsize|p1|6\n|teamsize|p2|6\n|start\n|switch|p1a: Sandy Shocks|Sandy Shocks, shiny|100/100\n|switch|p2a: Samurott|Samurott-Hisui, M|100/100\n|turn|1\n|\n|t:|1771228302\n|move|p1a: Sandy Shocks|Volt Switch|p2a: Samurott\n|-supereffective|p2a: Samurott\n|-crit|p2a: Samurott\n|-enditem|p2a: Samurott|Focus Sash\n|-damage|p2a: Samurott|1/100\n|\n|t:|1771228305\n|-end|p1a: Sandy Shocks|Protosynthesis|[silent]\n|switch|p1a: Alomomola|Alomomola, F|100/100|[from] Volt Switch\n|move|p2a: Samurott|Ceaseless Edge|p1a: Alomomola\n|-damage|p1a: Alomomola|76/100\n|-sidestart|p1: tuanquewang|Spikes\n|\n|-heal|p1a: Alomomola|82/100|[from] item: Leftovers\n|upkeep\n|turn|2\n|\n|t:|1771228315\n|switch|p2a: Ogerpon|Ogerpon-Wellspring, F|100/100\n|move|p1a: Alomomola|Flip Turn|p2a: Ogerpon\n|-immune|p2a: Ogerpon|[from] ability: Water Absorb\n|\n|-heal|p1a: Alomomola|88/100|[from] item: Leftovers\n|upkeep\n|turn|3\n|\n|t:|1771228322\n|switch|p1a: Hydrapple|Hydrapple, F, shiny|100/100\n|-damage|p1a: Hydrapple|88/100|[from] Spikes\n|move|p2a: Ogerpon|Swords Dance|p2a: Ogerpon\n|-boost|p2a: Ogerpon|atk|2\n|\n|upkeep\n|turn|4\n|\n|t:|1771228326\n|-terastallize|p1a: Hydrapple|Water\n|move|p2a: Ogerpon|U-turn|p1a: Hydrapple\n|-damage|p1a: Hydrapple|46/100\n|j| Snoopz24\n|\n|t:|1771228333\n|switch|p2a: Kingambit|Kingambit, M|100/100|[from] U-turn\n|move|p1a: Hydrapple|Draco Meteor|p2a: Kingambit\n|-resisted|p2a: Kingambit\n|-damage|p2a: Kingambit|53/100\n|-unboost|p1a: Hydrapple|spa|2\n|\n|-heal|p2a: Kingambit|59/100|[from] item: Leftovers\n|upkeep\n|turn|5\n|\n|t:|1771228345\n|switch|p1a: Scizor|Scizor, M|100/100\n|-damage|p1a: Scizor|88/100|[from] Spikes\n|move|p2a: Kingambit|Kowtow Cleave|p1a: Scizor\n|-damage|p1a: Scizor|42/100\n|\n|-heal|p2a: Kingambit|66/100|[from] item: Leftovers\n|upkeep\n|turn|6\n|\n|t:|1771228352\n|-end|p2a: Kingambit|fallenundefined|[silent]\n|switch|p2a: Samurott|Samurott-Hisui, M|1/100\n|move|p1a: Scizor|Close Combat|p2a: Samurott\n|-supereffective|p2a: Samurott\n|-damage|p2a: Samurott|0 fnt\n|-unboost|p1a: Scizor|def|1\n|-unboost|p1a: Scizor|spd|1\n|faint|p2a: Samurott\n|\n|upkeep\n|\n|t:|1771228364\n|switch|p2a: Ogerpon|Ogerpon-Wellspring, F|100/100\n|turn|7\n|\n|t:|1771228371\n|switch|p1a: Sandy Shocks|Sandy Shocks, shiny|100/100\n|-damage|p1a: Sandy Shocks|88/100|[from] Spikes\n|move|p2a: Ogerpon|Ivy Cudgel|p1a: Sandy Shocks|[anim] Ivy Cudgel Water\n|-supereffective|p1a: Sandy Shocks\n|-crit|p1a: Sandy Shocks\n|-damage|p1a: Sandy Shocks|0 fnt\n|faint|p1a: Sandy Shocks\n|-end|p1a: Sandy Shocks|Protosynthesis|[silent]\n|\n|upkeep\n|\n|t:|1771228375\n|switch|p1a: Cinderace|Cinderace, M|100/100\n|turn|8\n|\n|t:|1771228379\n|switch|p2a: Raging Bolt|Raging Bolt|100/100\n|move|p1a: Cinderace|U-turn|p2a: Raging Bolt\n|-start|p1a: Cinderace|typechange|Bug|[from] ability: Libero\n|-crit|p2a: Raging Bolt\n|-damage|p2a: Raging Bolt|59/100\n|\n|t:|1771228384\n|switch|p1a: Slowking|Slowking-Galar, M|100/100|[from] U-turn\n|-damage|p1a: Slowking|88/100|[from] Spikes\n|\n|-heal|p2a: Raging Bolt|65/100|[from] item: Leftovers\n|-heal|p1a: Slowking|94/100|[from] item: Black Sludge\n|upkeep\n|turn|9\n|\n|t:|1771228387\n|move|p2a: Raging Bolt|Volt Switch|p1a: Slowking\n|-damage|p1a: Slowking|70/100\n|\n|t:|1771228390\n|-end|p2a: Raging Bolt|Protosynthesis|[silent]\n|switch|p2a: Kingambit|Kingambit, M|66/100|[from] Volt Switch\n|-activate|p2a: Kingambit|ability: Supreme Overlord\n|-start|p2a: Kingambit|fallen1|[silent]\n|move|p1a: Slowking|Trick|p2a: Kingambit\n|-activate|p1a: Slowking|move: Trick|[of] p2a: Kingambit\n|-item|p2a: Kingambit|Black Sludge|[from] move: Trick\n|-item|p1a: Slowking|Leftovers|[from] move: Trick\n|\n|-damage|p2a: Kingambit|53/100|[from] item: Black Sludge\n|-heal|p1a: Slowking|76/100|[from] item: Leftovers\n|upkeep\n|turn|10\n|\n|t:|1771228398\n|switch|p1a: Alomomola|Alomomola, F|100/100\n|-damage|p1a: Alomomola|88/100|[from] Spikes\n|move|p2a: Kingambit|Kowtow Cleave|p1a: Alomomola\n|-damage|p1a: Alomomola|57/100\n|\n|-damage|p2a: Kingambit|41/100|[from] item: Black Sludge\n|-heal|p1a: Alomomola|63/100|[from] item: Leftovers\n|upkeep\n|turn|11\n|\n|t:|1771228401\n|-end|p2a: Kingambit|fallen1|[silent]\n|switch|p2a: Ogerpon|Ogerpon-Wellspring, F|100/100\n|move|p1a: Alomomola|Wish|p1a: Alomomola\n|\n|-heal|p1a: Alomomola|70/100|[from] item: Leftovers\n|upkeep\n|turn|12\n|\n|t:|1771228410\n|switch|p1a: Hydrapple|Hydrapple, F, shiny, tera:Water|79/100\n|-damage|p1a: Hydrapple|67/100|[from] Spikes\n|move|p2a: Ogerpon|Swords Dance|p2a: Ogerpon\n|-boost|p2a: Ogerpon|atk|2\n|\n|-heal|p1a: Hydrapple|100/100|[from] move: Wish|[wisher] Alomomola\n|upkeep\n|turn|13\n|\n|t:|1771228417\n|move|p2a: Ogerpon|Horn Leech|p1a: Hydrapple\n|-supereffective|p1a: Hydrapple\n|-damage|p1a: Hydrapple|0 fnt\n|faint|p1a: Hydrapple\n|\n|upkeep\n|\n|t:|1771228419\n|switch|p1a: Cinderace|Cinderace, M|100/100\n|turn|14\n|\n|t:|1771228427\n|switch|p2a: Blaziken|Blaziken, M|100/100\n|move|p1a: Cinderace|U-turn|p2a: Blaziken\n|-start|p1a: Cinderace|typechange|Bug|[from] ability: Libero\n|-resisted|p2a: Blaziken\n|-crit|p2a: Blaziken\n|-damage|p2a: Blaziken|82/100\n|\n|t:|1771228431\n|switch|p1a: Alomomola|Alomomola, F|100/100|[from] U-turn\n|-damage|p1a: Alomomola|88/100|[from] Spikes\n|\n|-heal|p2a: Blaziken|88/100|[from] item: Leftovers\n|-heal|p1a: Alomomola|94/100|[from] item: Leftovers\n|upkeep\n|turn|15\n|\n|t:|1771228434\n|switch|p2a: Ogerpon|Ogerpon-Wellspring, F|100/100\n|move|p1a: Alomomola|Wish|p1a: Alomomola\n|\n|-heal|p1a: Alomomola|100/100|[from] item: Leftovers\n|upkeep\n|turn|16\n|\n|t:|1771228441\n|switch|p1a: Slowking|Slowking-Galar, M|100/100\n|-damage|p1a: Slowking|88/100|[from] Spikes\n|move|p2a: Ogerpon|Ivy Cudgel|p1a: Slowking|[anim] Ivy Cudgel Water\n|-damage|p1a: Slowking|27/100\n|\n|-heal|p1a: Slowking|95/100|[from] move: Wish|[wisher] Alomomola\n|-heal|p1a: Slowking|100/100|[from] item: Leftovers\n|upkeep\n|turn|17\n|\n|t:|1771228444\n|move|p2a: Ogerpon|U-turn|p1a: Slowking\n|-damage|p1a: Slowking|74/100\n|\n|t:|1771228446\n|switch|p2a: Kingambit|Kingambit, M|41/100|[from] U-turn\n|-activate|p2a: Kingambit|ability: Supreme Overlord\n|-start|p2a: Kingambit|fallen1|[silent]\n|move|p1a: Slowking|Toxic|p2a: Kingambit\n|-immune|p2a: Kingambit\n|\n|-damage|p2a: Kingambit|28/100|[from] item: Black Sludge\n|-heal|p1a: Slowking|80/100|[from] item: Leftovers\n|upkeep\n|turn|18\n|\n|t:|1771228448\n|switch|p1a: Alomomola|Alomomola, F|100/100\n|-damage|p1a: Alomomola|88/100|[from] Spikes\n|move|p2a: Kingambit|Kowtow Cleave|p1a: Alomomola\n|-damage|p1a: Alomomola|58/100\n|\n|-damage|p2a: Kingambit|16/100|[from] item: Black Sludge\n|-heal|p1a: Alomomola|64/100|[from] item: Leftovers\n|upkeep\n|turn|19\n|\n|t:|1771228458\n|switch|p1a: Cinderace|Cinderace, M|100/100\n|move|p2a: Kingambit|Kowtow Cleave|p1a: Cinderace\n|-damage|p1a: Cinderace|26/100\n|\n|-damage|p2a: Kingambit|4/100|[from] item: Black Sludge\n|upkeep\n|turn|20\n|\n|t:|1771228463\n|switch|p1a: Alomomola|Alomomola, F|98/100\n|-damage|p1a: Alomomola|85/100|[from] Spikes\n|move|p2a: Kingambit|Kowtow Cleave|p1a: Alomomola\n|-damage|p1a: Alomomola|56/100\n|\n|-damage|p2a: Kingambit|0 fnt|[from] item: Black Sludge\n|faint|p2a: Kingambit\n|-end|p2a: Kingambit|fallen1|[silent]\n|-heal|p1a: Alomomola|62/100|[from] item: Leftovers\n|upkeep\n|j| Bellicose Breloom\n|\n|t:|1771228468\n|switch|p2a: Ogerpon|Ogerpon-Wellspring, F|100/100\n|turn|21\n|\n|t:|1771228472\n|move|p2a: Ogerpon|Swords Dance|p2a: Ogerpon\n|-boost|p2a: Ogerpon|atk|2\n|move|p1a: Alomomola|Wish|p1a: Alomomola\n|\n|-heal|p1a: Alomomola|68/100|[from] item: Leftovers\n|upkeep\n|turn|22\n|\n|t:|1771228479\n|switch|p1a: Slowking|Slowking-Galar, M|100/100\n|-damage|p1a: Slowking|88/100|[from] Spikes\n|move|p2a: Ogerpon|Ivy Cudgel|p1a: Slowking|[anim] Ivy Cudgel Water\n|-crit|p1a: Slowking\n|-damage|p1a: Slowking|0 fnt\n|faint|p1a: Slowking\n|\n|upkeep\n|\n|t:|1771228481\n|switch|p1a: Cinderace|Cinderace, M|26/100\n|turn|23\n|\n|t:|1771228485\n|switch|p2a: Blaziken|Blaziken, M|88/100\n|move|p1a: Cinderace|U-turn|p2a: Blaziken\n|-start|p1a: Cinderace|typechange|Bug|[from] ability: Libero\n|-resisted|p2a: Blaziken\n|-damage|p2a: Blaziken|75/100\n|\n|t:|1771228488\n|switch|p1a: Alomomola|Alomomola, F|100/100|[from] U-turn\n|-damage|p1a: Alomomola|88/100|[from] Spikes\n|\n|-heal|p2a: Blaziken|81/100|[from] item: Leftovers\n|-heal|p1a: Alomomola|94/100|[from] item: Leftovers\n|upkeep\n|turn|24\n|\n|t:|1771228495\n|switch|p2a: Ogerpon|Ogerpon-Wellspring, F|100/100\n|move|p1a: Alomomola|Wish|p1a: Alomomola\n|\n|-heal|p1a: Alomomola|100/100|[from] item: Leftovers\n|upkeep\n|turn|25\n|-message|tuanquewang forfeited.\n|\n|win|KnightKnaveSpy\n|raw|tuanquewang's rating: 1727 &rarr; <strong>1706</strong><br />(-21 for losing)\n|raw|KnightKnaveSpy's rating: 1706 &rarr; <strong>1727</strong><br />(+21 for winning)\n|l|☆tuanquewang\n|player|p1|\n|l|☆KnightKnaveSpy\n|player|p2|\n|l| Snoopz24\n", "uploadtime": 1771228755, "views": 10, "formatid": "gen9ou", "rating": 1706, "private": 0, "password": null}