{"id": "gen9ou-2640037298", "format": "[Gen 9] OU", "players": ["Dat boii fam", "karakel"], "log": "|j|☆Dat boii fam\n|j|‽karakel\n|t:|1782567864\n|gametype|singles\n|player|p1|Dat boii fam|li|1607\n|player|p2|karakel|cowgirl|1638\n|gen|9\n|tier|[Gen 9] OU\n|rated|\n|rule|HP Percentage Mod: HP is shown in percentages\n|rule|Endless Battle Clause: Forcing endless battles is banned\n|rule|Species Clause: Limit one of each Pokémon\n|rule|OHKO Clause: OHKO moves are banned\n|rule|Evasion Items Clause: Evasion items are banned\n|rule|Evasion Moves Clause: Evasion moves are banned\n|rule|Evasion Abilities Clause: Evasion abilities are banned\n|rule|Sleep Moves Clause: Sleep-inducing moves are banned\n|clearpoke\n|poke|p1|Alomomola, F|\n|poke|p1|Landorus-Therian, M|\n|poke|p1|Zapdos|\n|poke|p1|Tornadus-Therian, M|\n|poke|p1|Scizor, M|\n|poke|p1|Amoonguss, F|\n|poke|p2|Lilligant-Hisui, F|\n|poke|p2|Ninetales, M|\n|poke|p2|Great Tusk|\n|poke|p2|Walking Wake|\n|poke|p2|Cresselia, F|\n|poke|p2|Cinderace, F|\n|teampreview\n|inactive|Battle timer is ON: inactive players will automatically lose when time's up. (requested by Dat boii fam)\n|\n|t:|1782567885\n|teamsize|p1|6\n|teamsize|p2|6\n|start\n|switch|p1a: Landorus|Landorus-Therian, M|100/100\n|switch|p2a: Ninetales|Ninetales, M|100/100\n|-ability|p1a: Landorus|Intimidate|boost\n|-unboost|p2a: Ninetales|atk|1\n|-weather|SunnyDay|[from] ability: Drought|[of] p2a: Ninetales\n|turn|1\n|\n|t:|1782567894\n|switch|p2a: Cresselia|Cresselia, F|100/100\n|move|p1a: Landorus|U-turn|p2a: Cresselia\n|-supereffective|p2a: Cresselia\n|-damage|p2a: Cresselia|65/100\n|-enditem|p2a: Cresselia|Eject Button\n|\n|t:|1782567898\n|switch|p2a: Walking Wake|Walking Wake|100/100\n|-activate|p2a: Walking Wake|ability: Protosynthesis\n|-start|p2a: Walking Wake|protosynthesisspa\n|\n|-weather|SunnyDay|[upkeep]\n|upkeep\n|turn|2\n|\n|t:|1782567904\n|move|p1a: Landorus|U-turn|p2a: Walking Wake\n|-damage|p2a: Walking Wake|67/100\n|\n|t:|1782567930\n|switch|p1a: Amoonguss|Amoonguss, F|100/100|[from] U-turn\n|move|p2a: Walking Wake|Draco Meteor|p1a: Amoonguss\n|-damage|p1a: Amoonguss|0 fnt\n|-unboost|p2a: Walking Wake|spa|2\n|faint|p1a: Amoonguss\n|\n|-weather|SunnyDay|[upkeep]\n|upkeep\n|\n|t:|1782567939\n|switch|p1a: Landorus|Landorus-Therian, M|100/100\n|-ability|p1a: Landorus|Intimidate|boost\n|-unboost|p2a: Walking Wake|atk|1\n|turn|3\n|\n|t:|1782567943\n|-end|p2a: Walking Wake|Protosynthesis|[silent]\n|switch|p2a: Cresselia|Cresselia, F|65/100\n|move|p1a: Landorus|U-turn|p2a: Cresselia\n|-supereffective|p2a: Cresselia\n|-damage|p2a: Cresselia|30/100\n|j| jeffbuckleyenjoyer\n|\n|t:|1782567949\n|switch|p1a: Scizor|Scizor, M|100/100|[from] U-turn\n|\n|-weather|SunnyDay|[upkeep]\n|upkeep\n|turn|4\n|\n|t:|1782567954\n|move|p2a: Cresselia|Lunar Dance|p2a: Cresselia\n|faint|p2a: Cresselia\n|move|p1a: Scizor|U-turn|p2: Cresselia|[notarget]\n|-fail|p1a: Scizor\n|\n|-weather|SunnyDay|[upkeep]\n|upkeep\n|\n|t:|1782567958\n|switch|p2a: Walking Wake|Walking Wake|67/100\n|-heal|p2a: Walking Wake|100/100|[from] move: Lunar Dance\n|-activate|p2a: Walking Wake|ability: Protosynthesis\n|-start|p2a: Walking Wake|protosynthesisspa\n|turn|5\n|inactive|Dat boii fam has 120 seconds left.\n|\n|t:|1782567995\n|-terastallize|p1a: Scizor|Water\n|move|p2a: Walking Wake|Hydro Steam|p1a: Scizor\n|-resisted|p1a: Scizor\n|-damage|p1a: Scizor|39/100\n|move|p1a: Scizor|Knock Off|p2a: Walking Wake\n|-damage|p2a: Walking Wake|69/100\n|-enditem|p2a: Walking Wake|Choice Specs|[from] move: Knock Off|[of] p1a: Scizor\n|\n|-weather|SunnyDay|[upkeep]\n|upkeep\n|turn|6\n|inactive|Dat boii fam has 120 seconds left.\n|\n|t:|1782568004\n|move|p1a: Scizor|Bullet Punch|p2a: Walking Wake\n|-resisted|p2a: Walking Wake\n|-damage|p2a: Walking Wake|54/100\n|move|p2a: Walking Wake|Dragon Pulse|p1a: Scizor\n|-damage|p1a: Scizor|0 fnt\n|faint|p1a: Scizor\n|\n|-weather|SunnyDay|[upkeep]\n|upkeep\n|inactive|Dat boii fam has 120 seconds left.\n|\n|t:|1782568011\n|switch|p1a: Landorus|Landorus-Therian, M|100/100\n|-ability|p1a: Landorus|Intimidate|boost\n|-unboost|p2a: Walking Wake|atk|1\n|turn|7\n|\n|t:|1782568016\n|-end|p2a: Walking Wake|Protosynthesis|[silent]\n|switch|p2a: Great Tusk|Great Tusk|100/100\n|-activate|p2a: Great Tusk|ability: Protosynthesis\n|-start|p2a: Great Tusk|protosynthesisspe\n|move|p1a: Landorus|Earthquake|p2a: Great Tusk\n|-damage|p2a: Great Tusk|58/100\n|\n|-weather|SunnyDay|[upkeep]\n|upkeep\n|turn|8\n|\n|t:|1782568024\n|switch|p1a: Alomomola|Alomomola, F|100/100\n|move|p2a: Great Tusk|Close Combat|p1a: Alomomola\n|-damage|p1a: Alomomola|70/100\n|-unboost|p2a: Great Tusk|def|1\n|-unboost|p2a: Great Tusk|spd|1\n|-enditem|p2a: Great Tusk|Eject Pack\n|\n|t:|1782568028\n|-end|p2a: Great Tusk|Protosynthesis|[silent]\n|switch|p2a: Walking Wake|Walking Wake|54/100\n|-activate|p2a: Walking Wake|ability: Protosynthesis\n|-start|p2a: Walking Wake|protosynthesisspa\n|\n|-weather|none\n|-end|p2a: Walking Wake|Protosynthesis\n|upkeep\n|turn|9\n|\n|t:|1782568037\n|move|p2a: Walking Wake|Draco Meteor|p1a: Alomomola\n|-damage|p1a: Alomomola|0 fnt\n|-unboost|p2a: Walking Wake|spa|2\n|faint|p1a: Alomomola\n|\n|upkeep\n|\n|t:|1782568043\n|switch|p1a: Landorus|Landorus-Therian, M|100/100\n|-ability|p1a: Landorus|Intimidate|boost\n|-unboost|p2a: Walking Wake|atk|1\n|turn|10\n|\n|t:|1782568047\n|-end|p2a: Walking Wake|Protosynthesis|[silent]\n|switch|p2a: Great Tusk|Great Tusk|58/100\n|move|p1a: Landorus|Earthquake|p2a: Great Tusk\n|-damage|p2a: Great Tusk|21/100\n|\n|upkeep\n|turn|11\n|\n|t:|1782568053\n|move|p1a: Landorus|Earthquake|p2a: Great Tusk\n|-damage|p2a: Great Tusk|0 fnt\n|faint|p2a: Great Tusk\n|-end|p2a: Great Tusk|Protosynthesis|[silent]\n|\n|upkeep\n|\n|t:|1782568061\n|switch|p2a: Ninetales|Ninetales, M|100/100\n|-weather|SunnyDay|[from] ability: Drought|[of] p2a: Ninetales\n|turn|12\n|\n|t:|1782568066\n|switch|p2a: Lilligant|Lilligant-Hisui, F|100/100\n|move|p1a: Landorus|Earthquake|p2a: Lilligant\n|-resisted|p2a: Lilligant\n|-damage|p2a: Lilligant|60/100\n|\n|-weather|SunnyDay|[upkeep]\n|-heal|p2a: Lilligant|66/100|[from] item: Leftovers\n|upkeep\n|turn|13\n|\n|t:|1782568073\n|switch|p1a: Zapdos|Zapdos|100/100\n|move|p2a: Lilligant|Victory Dance|p2a: Lilligant\n|-boost|p2a: Lilligant|atk|1\n|-boost|p2a: Lilligant|def|1\n|-boost|p2a: Lilligant|spe|1\n|\n|-weather|SunnyDay|[upkeep]\n|-heal|p2a: Lilligant|72/100|[from] item: Leftovers\n|upkeep\n|turn|14\n|\n|t:|1782568085\n|-terastallize|p2a: Lilligant|Ice\n|move|p2a: Lilligant|Ice Spinner|p1a: Zapdos\n|-supereffective|p1a: Zapdos\n|-damage|p1a: Zapdos|0 fnt\n|-status|p2a: Lilligant|par|[from] ability: Static|[of] p1a: Zapdos\n|faint|p1a: Zapdos\n|\n|-weather|SunnyDay|[upkeep]\n|-heal|p2a: Lilligant|78/100 par|[from] item: Leftovers\n|upkeep\n|\n|t:|1782568099\n|switch|p1a: Tornadus|Tornadus-Therian, M|100/100\n|turn|15\n|\n|t:|1782568101\n|move|p2a: Lilligant|Ice Spinner|p1a: Tornadus\n|-supereffective|p1a: Tornadus\n|-damage|p1a: Tornadus|0 fnt\n|faint|p1a: Tornadus\n|\n|-weather|SunnyDay|[upkeep]\n|-heal|p2a: Lilligant|84/100 par|[from] item: Leftovers\n|upkeep\n|\n|t:|1782568107\n|switch|p1a: Landorus|Landorus-Therian, M|100/100\n|-ability|p1a: Landorus|Intimidate|boost\n|-unboost|p2a: Lilligant|atk|1\n|turn|16\n|\n|t:|1782568111\n|move|p1a: Landorus|Earthquake|p2a: Lilligant\n|-damage|p2a: Lilligant|27/100 par\n|cant|p2a: Lilligant|par\n|\n|-weather|SunnyDay|[upkeep]\n|-heal|p2a: Lilligant|33/100 par|[from] item: Leftovers\n|upkeep\n|turn|17\n|\n|t:|1782568118\n|move|p1a: Landorus|Earthquake|p2a: Lilligant\n|-damage|p2a: Lilligant|0 fnt\n|faint|p2a: Lilligant\n|\n|-weather|SunnyDay|[upkeep]\n|upkeep\n|\n|t:|1782568140\n|switch|p2a: Cinderace|Cinderace, F|100/100\n|turn|18\n|\n|t:|1782568142\n|move|p2a: Cinderace|U-turn|p1a: Landorus\n|-start|p2a: Cinderace|typechange|Bug|[from] ability: Libero\n|-resisted|p1a: Landorus\n|-damage|p1a: Landorus|80/100\n|\n|t:|1782568146\n|switch|p2a: Walking Wake|Walking Wake|54/100|[from] U-turn\n|-activate|p2a: Walking Wake|ability: Protosynthesis\n|-start|p2a: Walking Wake|protosynthesisspa\n|move|p1a: Landorus|Earthquake|p2a: Walking Wake\n|-damage|p2a: Walking Wake|0 fnt\n|faint|p2a: Walking Wake\n|-end|p2a: Walking Wake|Protosynthesis|[silent]\n|\n|-weather|SunnyDay|[upkeep]\n|upkeep\n|\n|t:|1782568151\n|switch|p2a: Cinderace|Cinderace, F|100/100\n|turn|19\n|\n|t:|1782568156\n|move|p2a: Cinderace|Pyro Ball|p1a: Landorus\n|-damage|p1a: Landorus|0 fnt\n|faint|p1a: Landorus\n|\n|win|karakel\n|raw|Dat boii fam's rating: 1607 &rarr; <strong>1589</strong><br />(-18 for losing)\n|raw|karakel's rating: 1638 &rarr; <strong>1656</strong><br />(+18 for winning)\n|l|☆Dat boii fam\n|player|p1|\n|l| jeffbuckleyenjoyer\n|l|‽karakel\n|player|p2|\n", "uploadtime": 1782568388, "views": 2, "formatid": "gen9ou", "rating": 1589, "private": 0, "password": null}