{"id": "gen9ou-2540913842", "format": "[Gen 9] OU", "players": ["shrek5baby", "MRH1106"], "log": "|j|☆shrek5baby\n|j|☆MRH1106\n|t:|1771266624\n|gametype|singles\n|player|p1|shrek5baby|rood|1579\n|player|p2|MRH1106|miku-ghost|1685\n|gen|9\n|tier|[Gen 9] OU\n|rated|\n|rule|HP Percentage Mod: HP is shown in percentages\n|rule|Endless Battle Clause: Forcing endless battles is banned\n|rule|Species Clause: Limit one of each Pokémon\n|rule|OHKO Clause: OHKO moves are banned\n|rule|Evasion Items Clause: Evasion items are banned\n|rule|Evasion Moves Clause: Evasion moves are banned\n|rule|Evasion Abilities Clause: Evasion abilities are banned\n|rule|Sleep Moves Clause: Sleep-inducing moves are banned\n|clearpoke\n|poke|p1|Slowbro, F|\n|poke|p1|Okidogi, M|\n|poke|p1|Great Tusk|\n|poke|p1|Tornadus-Therian, M|\n|poke|p1|Dragonite, M|\n|poke|p1|Scizor, F|\n|poke|p2|Lokix, M|\n|poke|p2|Cinderace, M|\n|poke|p2|Great Tusk|\n|poke|p2|Alomomola, M|\n|poke|p2|Enamorus, F|\n|poke|p2|Slowking-Galar, F|\n|teampreview\n|inactive|Battle timer is ON: inactive players will automatically lose when time's up. (requested by shrek5baby)\n|\n|t:|1771266652\n|teamsize|p1|6\n|teamsize|p2|6\n|start\n|switch|p1a: Okidogi|Okidogi, M|100/100\n|switch|p2a: Cinderace|Cinderace, M|100/100\n|turn|1\n|\n|t:|1771266656\n|move|p2a: Cinderace|Will-O-Wisp|p1a: Okidogi\n|-status|p1a: Okidogi|brn\n|move|p1a: Okidogi|Gunk Shot|p2a: Cinderace|[miss]\n|-miss|p1a: Okidogi|p2a: Cinderace\n|\n|-damage|p1a: Okidogi|94/100 brn|[from] brn\n|upkeep\n|turn|2\n|inactive|MRH1106 has 120 seconds left.\n|\n|t:|1771266698\n|move|p2a: Cinderace|Pyro Ball|p1a: Okidogi\n|-damage|p1a: Okidogi|55/100 brn\n|move|p1a: Okidogi|Gunk Shot|p2a: Cinderace\n|-damage|p2a: Cinderace|59/100\n|\n|-damage|p1a: Okidogi|49/100 brn|[from] brn\n|upkeep\n|turn|3\n|\n|t:|1771266703\n|move|p2a: Cinderace|Pyro Ball|p1a: Okidogi\n|-damage|p1a: Okidogi|8/100 brn\n|move|p1a: Okidogi|Drain Punch|p2a: Cinderace\n|-damage|p2a: Cinderace|33/100\n|-heal|p1a: Okidogi|21/100 brn|[from] drain|[of] p2a: Cinderace\n|-status|p2a: Cinderace|tox|[from] ability: Toxic Chain|[of] p1a: Okidogi\n|\n|-damage|p2a: Cinderace|27/100 tox|[from] psn\n|-damage|p1a: Okidogi|15/100 brn|[from] brn\n|upkeep\n|turn|4\n|inactive|MRH1106 has 120 seconds left.\n|inactive|MRH1106 has 90 seconds left.\n|\n|t:|1771266755\n|switch|p1a: Slowbro|Slowbro, F, shiny|100/100\n|move|p2a: Cinderace|Pyro Ball|p1a: Slowbro\n|-resisted|p1a: Slowbro\n|-damage|p1a: Slowbro|78/100\n|\n|-damage|p2a: Cinderace|15/100 tox|[from] psn\n|upkeep\n|turn|5\n|\n|t:|1771266766\n|move|p2a: Cinderace|U-turn|p1a: Slowbro\n|-supereffective|p1a: Slowbro\n|-damage|p1a: Slowbro|54/100\n|-damage|p2a: Cinderace|0 fnt|[from] item: Rocky Helmet|[of] p1a: Slowbro\n|faint|p2a: Cinderace\n|move|p1a: Slowbro|Scald|p2: Cinderace|[notarget]\n|-fail|p1a: Slowbro\n|\n|upkeep\n|\n|t:|1771266769\n|switch|p2a: Lokix|Lokix, M|100/100\n|turn|6\n|\n|t:|1771266774\n|switch|p1a: Okidogi|Okidogi, M|15/100 brn\n|-terastallize|p2a: Lokix|Bug\n|move|p2a: Lokix|U-turn|p1a: Okidogi\n|-resisted|p1a: Okidogi\n|-damage|p1a: Okidogi|0 fnt\n|faint|p1a: Okidogi\n|\n|t:|1771266778\n|switch|p2a: Alomomola|Alomomola, M|100/100|[from] U-turn\n|\n|upkeep\n|\n|t:|1771266782\n|switch|p1a: Tornadus|Tornadus-Therian, M, shiny|100/100\n|turn|7\n|inactive|MRH1106 has 120 seconds left.\n|\n|t:|1771266797\n|-terastallize|p1a: Tornadus|Flying\n|move|p1a: Tornadus|Bleakwind Storm|p2a: Alomomola\n|-damage|p2a: Alomomola|52/100\n|move|p2a: Alomomola|Flip Turn|p1a: Tornadus\n|-damage|p1a: Tornadus|78/100\n|\n|t:|1771266800\n|switch|p2a: Lokix|Lokix, M, tera:Bug|100/100|[from] Flip Turn\n|\n|upkeep\n|turn|8\n|\n|t:|1771266811\n|switch|p1a: Scizor|Scizor, F|100/100\n|move|p2a: Lokix|First Impression|p1a: Scizor\n|-resisted|p1a: Scizor\n|-damage|p1a: Scizor|21/100\n|\n|upkeep\n|turn|9\n|inactive|MRH1106 has 120 seconds left.\n|inactive|MRH1106 has 90 seconds left.\n|\n|t:|1771266870\n|switch|p2a: Great Tusk|Great Tusk|100/100\n|move|p1a: Scizor|U-turn|p2a: Great Tusk\n|-resisted|p2a: Great Tusk\n|-damage|p2a: Great Tusk|89/100\n|\n|t:|1771266875\n|switch|p1a: Tornadus|Tornadus-Therian, M, shiny, tera:Flying|100/100|[from] U-turn\n|\n|-heal|p2a: Great Tusk|96/100|[from] item: Leftovers\n|upkeep\n|turn|10\n|inactive|MRH1106 has 90 seconds left.\n|\n|t:|1771266887\n|-end|p2a: Great Tusk|Protosynthesis|[silent]\n|switch|p2a: Slowking|Slowking-Galar, F|100/100\n|move|p1a: Tornadus|Bleakwind Storm|p2a: Slowking\n|-damage|p2a: Slowking|31/100\n|\n|upkeep\n|turn|11\n|\n|t:|1771266889\n|move|p1a: Tornadus|Bleakwind Storm|p2a: Slowking\n|-damage|p2a: Slowking|0 fnt\n|faint|p2a: Slowking\n|\n|upkeep\n|\n|t:|1771266891\n|switch|p2a: Alomomola|Alomomola, M|86/100\n|turn|12\n|\n|t:|1771266896\n|switch|p1a: Great Tusk|Great Tusk|100/100\n|-enditem|p1a: Great Tusk|Booster Energy\n|-activate|p1a: Great Tusk|ability: Protosynthesis|[fromitem]\n|-start|p1a: Great Tusk|protosynthesisatk\n|move|p2a: Alomomola|Mirror Coat||[still]\n|-fail|p2a: Alomomola\n|\n|upkeep\n|turn|13\n|inactive|MRH1106 has 120 seconds left.\n|\n|t:|1771266903\n|move|p1a: Great Tusk|Stealth Rock|p2a: Alomomola\n|-sidestart|p2: MRH1106|move: Stealth Rock\n|move|p2a: Alomomola|Flip Turn|p1a: Great Tusk\n|-supereffective|p1a: Great Tusk\n|-damage|p1a: Great Tusk|78/100\n|\n|t:|1771266906\n|switch|p2a: Great Tusk|Great Tusk|96/100|[from] Flip Turn\n|-damage|p2a: Great Tusk|93/100|[from] Stealth Rock\n|\n|-heal|p2a: Great Tusk|99/100|[from] item: Leftovers\n|upkeep\n|turn|14\n|\n|t:|1771266911\n|move|p1a: Great Tusk|Rapid Spin|p2a: Great Tusk\n|-damage|p2a: Great Tusk|87/100\n|-boost|p1a: Great Tusk|spe|1\n|move|p2a: Great Tusk|Rapid Spin|p1a: Great Tusk\n|-damage|p1a: Great Tusk|67/100\n|-boost|p2a: Great Tusk|spe|1\n|-sideend|p2: MRH1106|Stealth Rock|[from] move: Rapid Spin|[of] p2a: Great Tusk\n|\n|-heal|p2a: Great Tusk|94/100|[from] item: Leftovers\n|upkeep\n|turn|15\n|\n|t:|1771266917\n|-end|p2a: Great Tusk|Protosynthesis|[silent]\n|switch|p2a: Enamorus|Enamorus, F|100/100\n|move|p1a: Great Tusk|Rapid Spin|p2a: Enamorus\n|-damage|p2a: Enamorus|64/100\n|-boost|p1a: Great Tusk|spe|1\n|\n|upkeep\n|turn|16\n|\n|t:|1771266928\n|move|p1a: Great Tusk|Stealth Rock|p2a: Enamorus\n|-sidestart|p2: MRH1106|move: Stealth Rock\n|move|p2a: Enamorus|Moonblast|p1a: Great Tusk\n|-supereffective|p1a: Great Tusk\n|-damage|p1a: Great Tusk|0 fnt\n|faint|p1a: Great Tusk\n|-end|p1a: Great Tusk|Protosynthesis|[silent]\n|\n|upkeep\n|\n|t:|1771266942\n|switch|p1a: Scizor|Scizor, F|21/100\n|turn|17\n|\n|t:|1771266964\n|switch|p2a: Great Tusk|Great Tusk|94/100\n|-damage|p2a: Great Tusk|91/100|[from] Stealth Rock\n|move|p1a: Scizor|Bullet Punch|p2a: Great Tusk\n|-damage|p2a: Great Tusk|72/100\n|\n|-heal|p2a: Great Tusk|79/100|[from] item: Leftovers\n|upkeep\n|turn|18\n|\n|t:|1771266975\n|move|p2a: Great Tusk|Rapid Spin|p1a: Scizor\n|-resisted|p1a: Scizor\n|-damage|p1a: Scizor|14/100\n|-boost|p2a: Great Tusk|spe|1\n|-sideend|p2: MRH1106|Stealth Rock|[from] move: Rapid Spin|[of] p2a: Great Tusk\n|move|p1a: Scizor|U-turn|p2a: Great Tusk\n|-resisted|p2a: Great Tusk\n|-damage|p2a: Great Tusk|67/100\n|\n|t:|1771266977\n|switch|p1a: Tornadus|Tornadus-Therian, M, shiny, tera:Flying|100/100|[from] U-turn\n|\n|-heal|p2a: Great Tusk|74/100|[from] item: Leftovers\n|upkeep\n|turn|19\n|\n|t:|1771266982\n|move|p2a: Great Tusk|Knock Off|p1a: Tornadus\n|-damage|p1a: Tornadus|60/100\n|-enditem|p1a: Tornadus|Choice Specs|[from] move: Knock Off|[of] p2a: Great Tusk\n|move|p1a: Tornadus|Bleakwind Storm|p2a: Great Tusk|[miss]\n|-miss|p1a: Tornadus|p2a: Great Tusk\n|\n|-heal|p2a: Great Tusk|80/100|[from] item: Leftovers\n|upkeep\n|turn|20\n|\n|t:|1771266986\n|-end|p2a: Great Tusk|Protosynthesis|[silent]\n|switch|p2a: Alomomola|Alomomola, M|100/100\n|move|p1a: Tornadus|Bleakwind Storm|p2a: Alomomola\n|-damage|p2a: Alomomola|73/100\n|\n|upkeep\n|turn|21\n|\n|t:|1771266990\n|move|p1a: Tornadus|U-turn|p2a: Alomomola\n|-damage|p2a: Alomomola|62/100\n|\n|t:|1771266992\n|switch|p1a: Slowbro|Slowbro, F, shiny|88/100|[from] U-turn\n|move|p2a: Alomomola|Flip Turn|p1a: Slowbro\n|-resisted|p1a: Slowbro\n|-damage|p1a: Slowbro|82/100\n|-damage|p2a: Alomomola|45/100|[from] item: Rocky Helmet|[of] p1a: Slowbro\n|inactive|MRH1106 has 120 seconds left.\n|inactive|MRH1106 has 90 seconds left.\n|\n|t:|1771267076\n|switch|p2a: Lokix|Lokix, M, tera:Bug|100/100|[from] Flip Turn\n|\n|upkeep\n|turn|22\n|\n|t:|1771267089\n|move|p2a: Lokix|U-turn|p1a: Slowbro\n|-supereffective|p1a: Slowbro\n|-damage|p1a: Slowbro|2/100\n|-damage|p2a: Lokix|84/100|[from] item: Rocky Helmet|[of] p1a: Slowbro\n|inactive|MRH1106 has 90 seconds left.\n|\n|t:|1771267098\n|switch|p2a: Enamorus|Enamorus, F|64/100|[from] U-turn\n|move|p1a: Slowbro|Thunder Wave|p2a: Enamorus\n|-status|p2a: Enamorus|par\n|\n|upkeep\n|turn|23\n|\n|t:|1771267107\n|switch|p1a: Tornadus|Tornadus-Therian, M, shiny, tera:Flying|93/100\n|move|p2a: Enamorus|Moonblast|p1a: Tornadus\n|-damage|p1a: Tornadus|24/100\n|\n|upkeep\n|turn|24\n|\n|t:|1771267113\n|move|p1a: Tornadus|Sludge Wave|p2a: Enamorus\n|-supereffective|p2a: Enamorus\n|-damage|p2a: Enamorus|0 fnt\n|faint|p2a: Enamorus\n|\n|upkeep\n|\n|t:|1771267115\n|switch|p2a: Lokix|Lokix, M, tera:Bug|84/100\n|turn|25\n|\n|t:|1771267127\n|switch|p1a: Scizor|Scizor, F|14/100\n|move|p2a: Lokix|First Impression|p1a: Scizor\n|-resisted|p1a: Scizor\n|-damage|p1a: Scizor|0 fnt\n|faint|p1a: Scizor\n|\n|upkeep\n|\n|t:|1771267130\n|switch|p1a: Dragonite|Dragonite, M|100/100\n|turn|26\n|\n|t:|1771267136\n|switch|p2a: Great Tusk|Great Tusk|80/100\n|move|p1a: Dragonite|Dragon Dance|p1a: Dragonite\n|-boost|p1a: Dragonite|atk|1\n|-boost|p1a: Dragonite|spe|1\n|\n|-heal|p2a: Great Tusk|86/100|[from] item: Leftovers\n|upkeep\n|turn|27\n|\n|t:|1771267141\n|switch|p1a: Slowbro|Slowbro, F, shiny|36/100\n|move|p2a: Great Tusk|Rapid Spin|p1a: Slowbro\n|-damage|p1a: Slowbro|27/100\n|-boost|p2a: Great Tusk|spe|1\n|-damage|p2a: Great Tusk|69/100|[from] item: Rocky Helmet|[of] p1a: Slowbro\n|\n|-heal|p2a: Great Tusk|76/100|[from] item: Leftovers\n|upkeep\n|turn|28\n|\n|t:|1771267153\n|move|p2a: Great Tusk|Knock Off|p1a: Slowbro\n|-supereffective|p1a: Slowbro\n|-damage|p1a: Slowbro|0 fnt\n|-damage|p2a: Great Tusk|59/100|[from] item: Rocky Helmet|[of] p1a: Slowbro\n|-enditem|p1a: Slowbro|Rocky Helmet|[from] move: Knock Off|[of] p2a: Great Tusk\n|faint|p1a: Slowbro\n|\n|-heal|p2a: Great Tusk|65/100|[from] item: Leftovers\n|upkeep\n|\n|t:|1771267157\n|switch|p1a: Tornadus|Tornadus-Therian, M, shiny, tera:Flying|57/100\n|turn|29\n|\n|t:|1771267164\n|-end|p2a: Great Tusk|Protosynthesis|[silent]\n|switch|p2a: Alomomola|Alomomola, M|79/100\n|move|p1a: Tornadus|Bleakwind Storm|p2a: Alomomola\n|-damage|p2a: Alomomola|47/100\n|\n|upkeep\n|turn|30\n|\n|t:|1771267175\n|move|p1a: Tornadus|U-turn|p2a: Alomomola\n|-damage|p2a: Alomomola|37/100\n|\n|t:|1771267177\n|switch|p1a: Dragonite|Dragonite, M|100/100|[from] U-turn\n|move|p2a: Alomomola|Flip Turn|p1a: Dragonite\n|-resisted|p1a: Dragonite\n|-damage|p1a: Dragonite|96/100\n|\n|t:|1771267182\n|switch|p2a: Lokix|Lokix, M, tera:Bug|84/100|[from] Flip Turn\n|\n|upkeep\n|turn|31\n|\n|t:|1771267190\n|move|p2a: Lokix|U-turn|p1a: Dragonite\n|-resisted|p1a: Dragonite\n|-damage|p1a: Dragonite|20/100\n|\n|t:|1771267195\n|switch|p2a: Great Tusk|Great Tusk|65/100|[from] U-turn\n|move|p1a: Dragonite|Roost|p1a: Dragonite\n|-heal|p1a: Dragonite|70/100\n|-singleturn|p1a: Dragonite|move: Roost\n|\n|-heal|p2a: Great Tusk|71/100|[from] item: Leftovers\n|upkeep\n|turn|32\n|\n|t:|1771267203\n|move|p1a: Dragonite|Dragon Dance|p1a: Dragonite\n|-boost|p1a: Dragonite|atk|1\n|-boost|p1a: Dragonite|spe|1\n|move|p2a: Great Tusk|Bulk Up|p2a: Great Tusk\n|-boost|p2a: Great Tusk|atk|1\n|-boost|p2a: Great Tusk|def|1\n|\n|-heal|p2a: Great Tusk|78/100|[from] item: Leftovers\n|upkeep\n|turn|33\n|\n|t:|1771267216\n|switch|p1a: Tornadus|Tornadus-Therian, M, shiny, tera:Flying|90/100\n|move|p2a: Great Tusk|Rapid Spin|p1a: Tornadus\n|-damage|p1a: Tornadus|62/100\n|-boost|p2a: Great Tusk|spe|1\n|\n|-heal|p2a: Great Tusk|84/100|[from] item: Leftovers\n|upkeep\n|turn|34\n|\n|t:|1771267220\n|-end|p2a: Great Tusk|Protosynthesis|[silent]\n|switch|p2a: Alomomola|Alomomola, M|70/100\n|move|p1a: Tornadus|Bleakwind Storm|p2a: Alomomola\n|-damage|p2a: Alomomola|37/100\n|\n|upkeep\n|turn|35\n|\n|t:|1771267227\n|move|p1a: Tornadus|Bleakwind Storm|p2a: Alomomola\n|-damage|p2a: Alomomola|8/100\n|move|p2a: Alomomola|Flip Turn|p1a: Tornadus\n|-damage|p1a: Tornadus|40/100\n|\n|t:|1771267230\n|switch|p2a: Lokix|Lokix, M, tera:Bug|84/100|[from] Flip Turn\n|\n|upkeep\n|turn|36\n|\n|t:|1771267242\n|move|p2a: Lokix|First Impression|p1a: Tornadus\n|-resisted|p1a: Tornadus\n|-damage|p1a: Tornadus|0 fnt\n|faint|p1a: Tornadus\n|\n|upkeep\n|\n|t:|1771267244\n|switch|p1a: Dragonite|Dragonite, M|70/100\n|turn|37\n|inactive|MRH1106 has 120 seconds left.\n|\n|t:|1771267296\n|switch|p2a: Great Tusk|Great Tusk|84/100\n|move|p1a: Dragonite|Dragon Dance|p1a: Dragonite\n|-boost|p1a: Dragonite|atk|1\n|-boost|p1a: Dragonite|spe|1\n|\n|-heal|p2a: Great Tusk|90/100|[from] item: Leftovers\n|upkeep\n|turn|38\n|\n|t:|1771267304\n|move|p1a: Dragonite|Dragon Dance|p1a: Dragonite\n|-boost|p1a: Dragonite|atk|1\n|-boost|p1a: Dragonite|spe|1\n|move|p2a: Great Tusk|Bulk Up|p2a: Great Tusk\n|-boost|p2a: Great Tusk|atk|1\n|-boost|p2a: Great Tusk|def|1\n|\n|-heal|p2a: Great Tusk|96/100|[from] item: Leftovers\n|upkeep\n|turn|39\n|\n|t:|1771267315\n|move|p1a: Dragonite|Dragon Dance|p1a: Dragonite\n|-boost|p1a: Dragonite|atk|1\n|-boost|p1a: Dragonite|spe|1\n|move|p2a: Great Tusk|Bulk Up|p2a: Great Tusk\n|-boost|p2a: Great Tusk|atk|1\n|-boost|p2a: Great Tusk|def|1\n|\n|-heal|p2a: Great Tusk|100/100|[from] item: Leftovers\n|upkeep\n|turn|40\n|\n|t:|1771267319\n|move|p1a: Dragonite|Earthquake|p2a: Great Tusk\n|-damage|p2a: Great Tusk|76/100\n|move|p2a: Great Tusk|Rapid Spin|p1a: Dragonite\n|-damage|p1a: Dragonite|35/100\n|-boost|p2a: Great Tusk|spe|1\n|\n|-heal|p2a: Great Tusk|82/100|[from] item: Leftovers\n|upkeep\n|turn|41\n|inactive|MRH1106 has 120 seconds left.\n|\n|t:|1771267337\n|move|p1a: Dragonite|Earthquake|p2a: Great Tusk\n|-damage|p2a: Great Tusk|56/100\n|move|p2a: Great Tusk|Earthquake|p1a: Dragonite\n|-immune|p1a: Dragonite\n|\n|-heal|p2a: Great Tusk|62/100|[from] item: Leftovers\n|upkeep\n|turn|42\n|\n|t:|1771267348\n|move|p1a: Dragonite|Roost|p1a: Dragonite\n|-heal|p1a: Dragonite|85/100\n|-singleturn|p1a: Dragonite|move: Roost\n|move|p2a: Great Tusk|Knock Off|p1a: Dragonite\n|-damage|p1a: Dragonite|22/100\n|-enditem|p1a: Dragonite|Heavy-Duty Boots|[from] move: Knock Off|[of] p2a: Great Tusk\n|\n|-heal|p2a: Great Tusk|69/100|[from] item: Leftovers\n|upkeep\n|turn|43\n|\n|t:|1771267357\n|move|p1a: Dragonite|Earthquake|p2a: Great Tusk\n|-damage|p2a: Great Tusk|42/100\n|move|p2a: Great Tusk|Rapid Spin|p1a: Dragonite\n|-damage|p1a: Dragonite|0 fnt\n|-boost|p2a: Great Tusk|spe|1\n|faint|p1a: Dragonite\n|\n|win|MRH1106\n|raw|shrek5baby's rating: 1579 &rarr; <strong>1565</strong><br />(-14 for losing)\n|raw|MRH1106's rating: 1685 &rarr; <strong>1699</strong><br />(+14 for winning)\n|l|☆shrek5baby\n|player|p1|\n|l|☆MRH1106\n|player|p2|\n", "uploadtime": 1771267543, "views": 8, "formatid": "gen9ou", "rating": 1565, "private": 0, "password": null}