{"id": "gen9ou-2639995551", "format": "[Gen 9] OU", "players": ["Severalwriter", "Auburn Hills"], "log": "|badge|p1|bronze|gen9ou|100-9\n|html|<div class=\"broadcast-red\"><strong>This battle is required to be public due to one or more player having a season medal.</strong><br />During the public phase, you can discuss the state of the ladder <a href=\"/seasondiscussion\">in a special chatroom.</a></div>\n|uhtml|medal-msg|<div class=\"broadcast-blue\">Curious what those medals under the avatar are? PS now has Ladder Seasons! For more information, check out the <a href=\"https://www.smogon.com/forums/threads/3740067/\">thread on Smogon.</a></div>\n|raw|<div class=\"broadcast-blue\"><strong>This battle is required to be public due to a player having a name starting with 'medal'.</div>\n|j|☆Severalwriter\n|j|☆Auburn Hills\n|t:|1782560455\n|gametype|singles\n|player|p1|Severalwriter|flannery|1807\n|player|p2|Auburn Hills|alder|1741\n|gen|9\n|tier|[Gen 9] OU\n|rated|\n|rule|HP Percentage Mod: HP is shown in percentages\n|rule|Endless Battle Clause: Forcing endless battles is banned\n|rule|Species Clause: Limit one of each Pokémon\n|rule|OHKO Clause: OHKO moves are banned\n|rule|Evasion Items Clause: Evasion items are banned\n|rule|Evasion Moves Clause: Evasion moves are banned\n|rule|Evasion Abilities Clause: Evasion abilities are banned\n|rule|Sleep Moves Clause: Sleep-inducing moves are banned\n|clearpoke\n|poke|p1|Great Tusk|\n|poke|p1|Kyurem|\n|poke|p1|Zapdos|\n|poke|p1|Ogerpon-Wellspring, F|\n|poke|p1|Landorus-Therian, M|\n|poke|p1|Gholdengo|\n|poke|p2|Iron Moth|\n|poke|p2|Umbreon, M|\n|poke|p2|Garchomp, M|\n|poke|p2|Glimmora, F|\n|poke|p2|Gholdengo|\n|poke|p2|Dragonite, F|\n|teampreview\n|inactive|Battle timer is ON: inactive players will automatically lose when time's up. (requested by Severalwriter)\n|\n|t:|1782560468\n|teamsize|p1|6\n|teamsize|p2|6\n|start\n|switch|p1a: Kyurem|Kyurem|100/100\n|switch|p2a: Glimmora|Glimmora, F|100/100\n|-ability|p1a: Kyurem|Pressure\n|turn|1\n|inactive|Auburn Hills has 120 seconds left.\n|\n|t:|1782560515\n|move|p2a: Glimmora|Mortal Spin|p1a: Kyurem\n|-damage|p1a: Kyurem|96/100\n|-status|p1a: Kyurem|psn\n|move|p1a: Kyurem|Earth Power|p2a: Glimmora\n|-supereffective|p2a: Glimmora\n|-enditem|p2a: Glimmora|Focus Sash\n|-damage|p2a: Glimmora|1/100\n|\n|-damage|p1a: Kyurem|84/100 psn|[from] psn\n|upkeep\n|turn|2\n|j| 0us\n|\n|t:|1782560521\n|switch|p2a: Alvvays|Umbreon, M|100/100\n|move|p1a: Kyurem|Ice Beam|p2a: Alvvays\n|-damage|p2a: Alvvays|71/100\n|\n|-heal|p2a: Alvvays|78/100|[from] item: Leftovers\n|-damage|p1a: Kyurem|71/100 psn|[from] psn\n|upkeep\n|turn|3\n|l| 0us\n|\n|t:|1782560527\n|switch|p1a: Gholdengo|Gholdengo|100/100\n|move|p2a: Alvvays|Wish|p2a: Alvvays\n|\n|-heal|p2a: Alvvays|84/100|[from] item: Leftovers\n|upkeep\n|turn|4\n|inactive|Auburn Hills has 120 seconds left.\n|inactive|Auburn Hills has 90 seconds left.\n|inactive|Auburn Hills has 60 seconds left.\n|\n|t:|1782560605\n|move|p2a: Alvvays|Protect|p2a: Alvvays\n|-singleturn|p2a: Alvvays|Protect\n|move|p1a: Gholdengo|Shadow Ball|p2a: Alvvays\n|-activate|p2a: Alvvays|move: Protect\n|\n|-heal|p2a: Alvvays|100/100|[from] move: Wish|[wisher] Alvvays\n|upkeep\n|turn|5\n|\n|t:|1782560609\n|move|p1a: Gholdengo|Nasty Plot|p1a: Gholdengo\n|-boost|p1a: Gholdengo|spa|2\n|move|p2a: Alvvays|Foul Play|p1a: Gholdengo\n|-supereffective|p1a: Gholdengo\n|-damage|p1a: Gholdengo|79/100\n|\n|-heal|p1a: Gholdengo|85/100|[from] item: Leftovers\n|upkeep\n|turn|6\n|\n|t:|1782560612\n|move|p1a: Gholdengo|Shadow Ball|p2a: Alvvays\n|-resisted|p2a: Alvvays\n|-damage|p2a: Alvvays|81/100\n|move|p2a: Alvvays|Foul Play|p1a: Gholdengo\n|-supereffective|p1a: Gholdengo\n|-damage|p1a: Gholdengo|62/100\n|\n|-heal|p1a: Gholdengo|68/100|[from] item: Leftovers\n|-heal|p2a: Alvvays|87/100|[from] item: Leftovers\n|upkeep\n|turn|7\n|\n|t:|1782560615\n|switch|p2a: Smino|Gholdengo|100/100\n|move|p1a: Gholdengo|Shadow Ball|p2a: Smino\n|-supereffective|p2a: Smino\n|-damage|p2a: Smino|0 fnt\n|faint|p2a: Smino\n|\n|-heal|p1a: Gholdengo|74/100|[from] item: Leftovers\n|upkeep\n|\n|t:|1782560618\n|switch|p2a: Glimmora|Glimmora, F|1/100\n|turn|8\n|\n|t:|1782560628\n|move|p2a: Glimmora|Stealth Rock|p1a: Gholdengo\n|-sidestart|p1: Severalwriter|move: Stealth Rock\n|move|p1a: Gholdengo|Shadow Ball|p2a: Glimmora\n|-damage|p2a: Glimmora|0 fnt\n|faint|p2a: Glimmora\n|\n|-heal|p1a: Gholdengo|80/100|[from] item: Leftovers\n|upkeep\n|\n|t:|1782560631\n|switch|p2a: Elucid|Dragonite, F|100/100\n|turn|9\n|\n|t:|1782560634\n|move|p2a: Elucid|Dragon Dance|p2a: Elucid\n|-boost|p2a: Elucid|atk|1\n|-boost|p2a: Elucid|spe|1\n|move|p1a: Gholdengo|Shadow Ball|p2a: Elucid\n|-damage|p2a: Elucid|64/100\n|-unboost|p2a: Elucid|spd|1\n|\n|-heal|p1a: Gholdengo|86/100|[from] item: Leftovers\n|upkeep\n|turn|10\n|\n|t:|1782560653\n|-terastallize|p1a: Gholdengo|Fairy\n|move|p2a: Elucid|Earthquake|p1a: Gholdengo\n|-damage|p1a: Gholdengo|43/100\n|move|p1a: Gholdengo|Make It Rain|p2a: Elucid\n|-damage|p2a: Elucid|0 fnt\n|-unboost|p1a: Gholdengo|spa|1\n|faint|p2a: Elucid\n|\n|-heal|p1a: Gholdengo|49/100|[from] item: Leftovers\n|upkeep\n|inactive|Auburn Hills has 120 seconds left.\n|\n|t:|1782560669\n|switch|p2a: Rat Tally|Garchomp, M|100/100\n|turn|11\n|\n|t:|1782560673\n|move|p2a: Rat Tally|Earthquake|p1a: Gholdengo\n|-damage|p1a: Gholdengo|9/100\n|move|p1a: Gholdengo|Make It Rain|p2a: Rat Tally\n|-damage|p2a: Rat Tally|0 fnt\n|-unboost|p1a: Gholdengo|spa|1\n|faint|p2a: Rat Tally\n|\n|-heal|p1a: Gholdengo|15/100|[from] item: Leftovers\n|upkeep\n|\n|t:|1782560676\n|switch|p2a: Carly Rae|Iron Moth|100/100\n|-enditem|p2a: Carly Rae|Booster Energy\n|-activate|p2a: Carly Rae|ability: Quark Drive|[fromitem]\n|-start|p2a: Carly Rae|quarkdrivespe\n|turn|12\n|\n|t:|1782560680\n|move|p2a: Carly Rae|Fiery Dance|p1a: Gholdengo\n|-damage|p1a: Gholdengo|0 fnt\n|faint|p1a: Gholdengo\n|\n|upkeep\n|j| Kathryne Keyron\n|\n|t:|1782560686\n|switch|p1a: Landorus|Landorus-Therian, M|100/100\n|-damage|p1a: Landorus|88/100|[from] Stealth Rock\n|-ability|p1a: Landorus|Intimidate|boost\n|-unboost|p2a: Carly Rae|atk|1\n|turn|13\n|\n|t:|1782560689\n|-terastallize|p2a: Carly Rae|Fairy\n|move|p2a: Carly Rae|Fiery Dance|p1a: Landorus\n|-damage|p1a: Landorus|57/100\n|-boost|p2a: Carly Rae|spa|1\n|move|p1a: Landorus|Earthquake|p2a: Carly Rae\n|-damage|p2a: Carly Rae|35/100\n|\n|-heal|p1a: Landorus|63/100|[from] item: Leftovers\n|upkeep\n|turn|14\n|\n|t:|1782560696\n|move|p2a: Carly Rae|Fiery Dance|p1a: Landorus\n|-damage|p1a: Landorus|15/100\n|-boost|p2a: Carly Rae|spa|1\n|move|p1a: Landorus|Earthquake|p2a: Carly Rae\n|-damage|p2a: Carly Rae|0 fnt\n|faint|p2a: Carly Rae\n|-end|p2a: Carly Rae|Quark Drive|[silent]\n|\n|-heal|p1a: Landorus|21/100|[from] item: Leftovers\n|upkeep\n|-message|Auburn Hills forfeited.\n|\n|win|Severalwriter\n|raw|Severalwriter's rating: 1807 &rarr; <strong>1823</strong><br />(+16 for winning)\n|raw|Auburn Hills's rating: 1741 &rarr; <strong>1725</strong><br />(-16 for losing)\n|l|☆Auburn Hills\n|player|p2|\n", "uploadtime": 1782560704, "views": 5, "formatid": "gen9ou", "rating": 1725, "private": 0, "password": null}