{"id": "gen9ou-2639935105", "format": "[Gen 9] OU", "players": ["netge", "ikthoizzykil"], "log": "|j|☆netge\n|j|☆ikthoizzykil\n|t:|1782547120\n|gametype|singles\n|player|p1|netge|unknownf|1549\n|player|p2|ikthoizzykil|pokemaniac-gen3rs|1485\n|gen|9\n|tier|[Gen 9] OU\n|rated|\n|rule|HP Percentage Mod: HP is shown in percentages\n|rule|Endless Battle Clause: Forcing endless battles is banned\n|rule|Species Clause: Limit one of each Pokémon\n|rule|OHKO Clause: OHKO moves are banned\n|rule|Evasion Items Clause: Evasion items are banned\n|rule|Evasion Moves Clause: Evasion moves are banned\n|rule|Evasion Abilities Clause: Evasion abilities are banned\n|rule|Sleep Moves Clause: Sleep-inducing moves are banned\n|clearpoke\n|poke|p1|Slowking-Galar, F|\n|poke|p1|Dondozo, F|\n|poke|p1|Great Tusk|\n|poke|p1|Ogerpon-Wellspring, F|\n|poke|p1|Zapdos|\n|poke|p1|Kingambit, F|\n|poke|p2|Scrafty, M|\n|poke|p2|Rillaboom, M|\n|poke|p2|Primarina, M|\n|poke|p2|Cinderace, M|\n|poke|p2|Gholdengo|\n|poke|p2|Kyurem|\n|teampreview\n|inactive|Battle timer is ON: inactive players will automatically lose when time's up. (requested by ikthoizzykil)\n|inactive|netge has 120 seconds left.\n|\n|t:|1782547159\n|teamsize|p1|6\n|teamsize|p2|6\n|start\n|switch|p1a: Slowking|Slowking-Galar, F|100/100\n|switch|p2a: Kyurem|Kyurem|100/100\n|-ability|p2a: Kyurem|Pressure\n|turn|1\n|j| Kenny2edgy\n|\n|t:|1782547177\n|move|p2a: Kyurem|Draco Meteor|p1a: Slowking\n|-damage|p1a: Slowking|36/100\n|-unboost|p2a: Kyurem|spa|2\n|move|p1a: Slowking|Sludge Bomb|p2a: Kyurem\n|-damage|p2a: Kyurem|70/100\n|\n|upkeep\n|turn|2\n|\n|t:|1782547193\n|switch|p2a: Gholdengo|Gholdengo|100/100\n|switch|p1a: Kingambit|Kingambit, F, shiny|100/100\n|\n|upkeep\n|turn|3\n|\n|t:|1782547198\n|move|p2a: Gholdengo|Trick|p1a: Kingambit\n|-activate|p2a: Gholdengo|move: Trick|[of] p1a: Kingambit\n|-item|p1a: Kingambit|Choice Scarf|[from] move: Trick\n|-item|p2a: Gholdengo|Leftovers|[from] move: Trick\n|move|p1a: Kingambit|Kowtow Cleave|p2a: Gholdengo\n|-supereffective|p2a: Gholdengo\n|-damage|p2a: Gholdengo|0 fnt\n|faint|p2a: Gholdengo\n|\n|upkeep\n|\n|t:|1782547204\n|switch|p2a: Scrafty|Scrafty, M|100/100\n|turn|4\n|\n|t:|1782547211\n|-end|p1a: Kingambit|fallenundefined|[silent]\n|switch|p1a: Zapdos|Zapdos|100/100\n|move|p2a: Scrafty|Knock Off|p1a: Zapdos\n|-damage|p1a: Zapdos|73/100\n|-enditem|p1a: Zapdos|Heavy-Duty Boots|[from] move: Knock Off|[of] p2a: Scrafty\n|\n|upkeep\n|turn|5\n|\n|t:|1782547221\n|switch|p2a: Kyurem|Kyurem|70/100\n|-ability|p2a: Kyurem|Pressure\n|move|p1a: Zapdos|Hurricane|p2a: Kyurem\n|-damage|p2a: Kyurem|25/100\n|\n|upkeep\n|turn|6\n|l| Kenny2edgy\n|\n|t:|1782547244\n|switch|p1a: Kingambit|Kingambit, F, shiny|100/100\n|move|p2a: Kyurem|Earth Power|p1a: Kingambit\n|-supereffective|p1a: Kingambit\n|-damage|p1a: Kingambit|2/100\n|\n|upkeep\n|turn|7\n|j| Kenny2edgy\n|\n|t:|1782547251\n|switch|p2a: Cinderace|Cinderace, M|100/100\n|move|p1a: Kingambit|Sucker Punch||[still]\n|-fail|p1a: Kingambit\n|\n|upkeep\n|turn|8\n|\n|t:|1782547255\n|move|p1a: Kingambit|Sucker Punch||[still]\n|-fail|p1a: Kingambit\n|move|p2a: Cinderace|Will-O-Wisp|p1a: Kingambit|[miss]\n|-miss|p2a: Cinderace|p1a: Kingambit\n|\n|upkeep\n|turn|9\n|\n|t:|1782547261\n|move|p1a: Kingambit|Sucker Punch|p2a: Cinderace\n|-damage|p2a: Cinderace|51/100\n|move|p2a: Cinderace|Pyro Ball|p1a: Kingambit\n|-supereffective|p1a: Kingambit\n|-damage|p1a: Kingambit|0 fnt\n|faint|p1a: Kingambit\n|-end|p1a: Kingambit|fallenundefined|[silent]\n|\n|upkeep\n|l| Kenny2edgy\n|\n|t:|1782547288\n|switch|p1a: Zapdos|Zapdos|73/100\n|turn|10\n|\n|t:|1782547293\n|move|p2a: Cinderace|Pyro Ball|p1a: Zapdos\n|-damage|p1a: Zapdos|39/100\n|move|p1a: Zapdos|Roost|p1a: Zapdos\n|-heal|p1a: Zapdos|89/100\n|-singleturn|p1a: Zapdos|move: Roost\n|\n|upkeep\n|turn|11\n|\n|t:|1782547301\n|move|p2a: Cinderace|Pyro Ball|p1a: Zapdos|[miss]\n|-miss|p2a: Cinderace|p1a: Zapdos\n|move|p1a: Zapdos|Hurricane|p2a: Cinderace\n|-damage|p2a: Cinderace|0 fnt\n|faint|p2a: Cinderace\n|\n|upkeep\n|\n|t:|1782547305\n|switch|p2a: Kyurem|Kyurem|25/100\n|-ability|p2a: Kyurem|Pressure\n|turn|12\n|\n|t:|1782547310\n|switch|p1a: Slowking|Slowking-Galar, F|69/100\n|move|p2a: Kyurem|Freeze-Dry|p1a: Slowking\n|-damage|p1a: Slowking|32/100\n|\n|upkeep\n|turn|13\n|\n|t:|1782547320\n|move|p2a: Kyurem|Freeze-Dry|p1a: Slowking\n|-damage|p1a: Slowking|0 fnt\n|faint|p1a: Slowking\n|\n|upkeep\n|\n|t:|1782547334\n|switch|p1a: Ogerpon|Ogerpon-Wellspring, F|100/100\n|turn|14\n|\n|t:|1782547346\n|switch|p2a: Rillaboom|Rillaboom, M|100/100\n|-fieldstart|move: Grassy Terrain|[from] ability: Grassy Surge|[of] p2a: Rillaboom\n|-terastallize|p1a: Ogerpon|Water\n|detailschange|p1a: Ogerpon|Ogerpon-Wellspring-Tera, F, tera:Water\n|-ability|p1a: Ogerpon|Embody Aspect (Wellspring)|boost\n|-boost|p1a: Ogerpon|spd|1\n|move|p1a: Ogerpon|Ivy Cudgel|p2a: Rillaboom|[anim] Ivy Cudgel Water\n|-resisted|p2a: Rillaboom\n|-damage|p2a: Rillaboom|60/100\n|\n|-heal|p2a: Rillaboom|66/100|[from] Grassy Terrain\n|upkeep\n|turn|15\n|\n|t:|1782547356\n|switch|p1a: Zapdos|Zapdos|89/100\n|switch|p2a: Kyurem|Kyurem|25/100\n|-ability|p2a: Kyurem|Pressure\n|\n|-heal|p2a: Kyurem|32/100|[from] Grassy Terrain\n|upkeep\n|turn|16\n|\n|t:|1782547362\n|move|p2a: Kyurem|Freeze-Dry|p1a: Zapdos\n|-supereffective|p1a: Zapdos\n|-damage|p1a: Zapdos|0 fnt\n|faint|p1a: Zapdos\n|\n|-heal|p2a: Kyurem|38/100|[from] Grassy Terrain\n|upkeep\n|\n|t:|1782547365\n|switch|p1a: Ogerpon|Ogerpon-Wellspring-Tera, F, tera:Water|100/100\n|-ability|p1a: Ogerpon|Embody Aspect (Wellspring)|boost\n|-boost|p1a: Ogerpon|spd|1\n|turn|17\n|\n|t:|1782547373\n|move|p1a: Ogerpon|Play Rough|p2a: Kyurem\n|-supereffective|p2a: Kyurem\n|-crit|p2a: Kyurem\n|-damage|p2a: Kyurem|0 fnt\n|faint|p2a: Kyurem\n|\n|upkeep\n|\n|t:|1782547376\n|switch|p2a: Rillaboom|Rillaboom, M|66/100\n|turn|18\n|\n|t:|1782547381\n|switch|p1a: Dondozo|Dondozo, F|100/100\n|-terastallize|p2a: Rillaboom|Grass\n|move|p2a: Rillaboom|Grassy Glide|p1a: Dondozo\n|-supereffective|p1a: Dondozo\n|-damage|p1a: Dondozo|0 fnt\n|faint|p1a: Dondozo\n|\n|-heal|p2a: Rillaboom|72/100|[from] Grassy Terrain\n|-fieldend|move: Grassy Terrain\n|upkeep\n|\n|t:|1782547391\n|switch|p1a: Great Tusk|Great Tusk|100/100\n|turn|19\n|\n|t:|1782547395\n|switch|p2a: Primarina|Primarina, M|100/100\n|move|p1a: Great Tusk|Ice Spinner|p2a: Primarina\n|-resisted|p2a: Primarina\n|-damage|p2a: Primarina|88/100\n|\n|-heal|p2a: Primarina|94/100|[from] item: Leftovers\n|upkeep\n|turn|20\n|\n|t:|1782547401\n|move|p1a: Great Tusk|Earthquake|p2a: Primarina\n|-damage|p2a: Primarina|50/100\n|move|p2a: Primarina|Draining Kiss|p1a: Great Tusk\n|-supereffective|p1a: Great Tusk\n|-damage|p1a: Great Tusk|41/100\n|-heal|p2a: Primarina|96/100|[from] drain|[of] p1a: Great Tusk\n|\n|-heal|p1a: Great Tusk|47/100|[from] item: Leftovers\n|-heal|p2a: Primarina|100/100|[from] item: Leftovers\n|upkeep\n|turn|21\n|\n|t:|1782547409\n|-end|p1a: Great Tusk|Protosynthesis|[silent]\n|switch|p1a: Ogerpon|Ogerpon-Wellspring-Tera, F, tera:Water|100/100\n|-ability|p1a: Ogerpon|Embody Aspect (Wellspring)|boost\n|-boost|p1a: Ogerpon|spd|1\n|move|p2a: Primarina|Draining Kiss|p1a: Ogerpon\n|-damage|p1a: Ogerpon|82/100\n|\n|upkeep\n|turn|22\n|\n|t:|1782547414\n|move|p1a: Ogerpon|Power Whip|p2a: Primarina\n|-supereffective|p2a: Primarina\n|-damage|p2a: Primarina|0 fnt\n|faint|p2a: Primarina\n|\n|upkeep\n|\n|t:|1782547417\n|switch|p2a: Rillaboom|Rillaboom, M, tera:Grass|72/100\n|-fieldstart|move: Grassy Terrain|[from] ability: Grassy Surge|[of] p2a: Rillaboom\n|turn|23\n|\n|t:|1782547423\n|switch|p1a: Great Tusk|Great Tusk|47/100\n|move|p2a: Rillaboom|Grassy Glide|p1a: Great Tusk\n|-supereffective|p1a: Great Tusk\n|-damage|p1a: Great Tusk|0 fnt\n|faint|p1a: Great Tusk\n|-end|p1a: Great Tusk|Protosynthesis|[silent]\n|\n|-heal|p2a: Rillaboom|79/100|[from] Grassy Terrain\n|upkeep\n|\n|t:|1782547424\n|switch|p1a: Ogerpon|Ogerpon-Wellspring-Tera, F, tera:Water|82/100\n|-ability|p1a: Ogerpon|Embody Aspect (Wellspring)|boost\n|-boost|p1a: Ogerpon|spd|1\n|turn|24\n|\n|t:|1782547426\n|move|p2a: Rillaboom|Grassy Glide|p1a: Ogerpon\n|-supereffective|p1a: Ogerpon\n|-damage|p1a: Ogerpon|0 fnt\n|faint|p1a: Ogerpon\n|detailschange|p1: Ogerpon|Ogerpon-Wellspring, F|[silent]\n|\n|win|ikthoizzykil\n|raw|netge's rating: 1549 &rarr; <strong>1525</strong><br />(-24 for losing)\n|raw|ikthoizzykil's rating: 1485 &rarr; <strong>1509</strong><br />(+24 for winning)\n|l|☆netge\n|player|p1|\n", "uploadtime": 1782547429, "views": 6, "formatid": "gen9ou", "rating": 1509, "private": 0, "password": null}