{"id": "gen9ou-2540613354", "format": "[Gen 9] OU", "players": ["I-fear-the-weak", "ceo o wo chien"], "log": "|j|☆I-fear-the-weak\n|j|☆ceo o wo chien\n|t:|1771227370\n|gametype|singles\n|player|p1|I-fear-the-weak|169|1655\n|player|p2|ceo o wo chien|1|1681\n|gen|9\n|tier|[Gen 9] OU\n|rated|\n|rule|HP Percentage Mod: HP is shown in percentages\n|rule|Endless Battle Clause: Forcing endless battles is banned\n|rule|Species Clause: Limit one of each Pokémon\n|rule|OHKO Clause: OHKO moves are banned\n|rule|Evasion Items Clause: Evasion items are banned\n|rule|Evasion Moves Clause: Evasion moves are banned\n|rule|Evasion Abilities Clause: Evasion abilities are banned\n|rule|Sleep Moves Clause: Sleep-inducing moves are banned\n|clearpoke\n|poke|p1|Hoopa-Unbound|\n|poke|p1|Great Tusk|\n|poke|p1|Darkrai|\n|poke|p1|Primarina, M|\n|poke|p1|Pecharunt|\n|poke|p1|Dragapult, M|\n|poke|p2|Primarina, F|\n|poke|p2|Iron Crown|\n|poke|p2|Great Tusk|\n|poke|p2|Wo-Chien|\n|poke|p2|Moltres|\n|poke|p2|Dragapult, M|\n|teampreview\n|inactive|Battle timer is ON: inactive players will automatically lose when time's up. (requested by ceo o wo chien)\n|\n|t:|1771227382\n|teamsize|p1|6\n|teamsize|p2|6\n|start\n|switch|p1a: Darkrai|Darkrai|100/100\n|switch|p2a: Primarina|Primarina, F|100/100\n|turn|1\n|\n|t:|1771227389\n|move|p1a: Darkrai|Sludge Bomb|p2a: Primarina\n|-supereffective|p2a: Primarina\n|-damage|p2a: Primarina|14/100\n|move|p2a: Primarina|Moonblast|p1a: Darkrai\n|-supereffective|p1a: Darkrai\n|-damage|p1a: Darkrai|0 fnt\n|faint|p1a: Darkrai\n|\n|upkeep\n|\n|t:|1771227408\n|switch|p1a: Dragapult|Dragapult, M|100/100\n|turn|2\n|-enditem|p2a: Primarina|Custap Berry|[eat]\n|-activate|p2a: Primarina|item: Custap Berry|[consumed]\n|\n|t:|1771227425\n|move|p2a: Primarina|Moonblast|p1a: Dragapult\n|-supereffective|p1a: Dragapult\n|-damage|p1a: Dragapult|0 fnt\n|faint|p1a: Dragapult\n|\n|upkeep\n|\n|t:|1771227434\n|switch|p1a: Great Tusk|Great Tusk|100/100\n|turn|3\n|\n|t:|1771227439\n|move|p1a: Great Tusk|Rapid Spin|p2a: Primarina\n|-damage|p2a: Primarina|0 fnt\n|-boost|p1a: Great Tusk|spe|1\n|faint|p2a: Primarina\n|\n|upkeep\n|\n|t:|1771227442\n|switch|p2a: Moltres|Moltres|100/100\n|turn|4\n|\n|t:|1771227454\n|-end|p1a: Great Tusk|Protosynthesis|[silent]\n|switch|p1a: Pecharunt|Pecharunt|100/100\n|move|p2a: Moltres|U-turn|p1a: Pecharunt\n|-resisted|p1a: Pecharunt\n|-damage|p1a: Pecharunt|98/100\n|inactive|ceo o wo chien has 120 seconds left.\n|\n|t:|1771227488\n|switch|p2a: Iron Crown|Iron Crown|100/100|[from] U-turn\n|\n|upkeep\n|turn|5\n|\n|t:|1771227496\n|-terastallize|p2a: Iron Crown|Steel\n|move|p2a: Iron Crown|Tachyon Cutter|p1a: Pecharunt\n|-damage|p1a: Pecharunt|52/100\n|-damage|p1a: Pecharunt|0 fnt\n|faint|p1a: Pecharunt\n|-hitcount|p1: Pecharunt|2\n|\n|upkeep\n|\n|t:|1771227503\n|switch|p1a: Hoopa|Hoopa-Unbound|100/100\n|turn|6\n|\n|t:|1771227525\n|-end|p2a: Iron Crown|Quark Drive|[silent]\n|switch|p2a: Wo-Chien|Wo-Chien|100/100\n|-ability|p2a: Wo-Chien|Tablets of Ruin\n|move|p1a: Hoopa|Knock Off|p2a: Wo-Chien\n|-resisted|p2a: Wo-Chien\n|-damage|p2a: Wo-Chien|89/100\n|-enditem|p2a: Wo-Chien|Leftovers|[from] move: Knock Off|[of] p1a: Hoopa\n|\n|upkeep\n|turn|7\n|\n|t:|1771227534\n|move|p2a: Wo-Chien|Leech Seed|p1a: Hoopa\n|-start|p1a: Hoopa|move: Leech Seed\n|move|p1a: Hoopa|Drain Punch|p2a: Wo-Chien\n|-supereffective|p2a: Wo-Chien\n|-damage|p2a: Wo-Chien|63/100\n|\n|-damage|p1a: Hoopa|88/100|[from] Leech Seed|[of] p2a: Wo-Chien\n|-heal|p2a: Wo-Chien|75/100|[silent]\n|upkeep\n|turn|8\n|inactive|ceo o wo chien has 120 seconds left.\n|\n|t:|1771227564\n|switch|p1a: Primarina|Primarina, M|100/100\n|move|p2a: Wo-Chien|Foul Play|p1a: Primarina\n|-resisted|p1a: Primarina\n|-damage|p1a: Primarina|93/100\n|\n|-heal|p1a: Primarina|99/100|[from] item: Leftovers\n|upkeep\n|turn|9\n|\n|t:|1771227569\n|switch|p2a: Iron Crown|Iron Crown, tera:Steel|100/100\n|move|p1a: Primarina|Substitute|p1a: Primarina\n|-start|p1a: Primarina|Substitute\n|-damage|p1a: Primarina|74/100\n|\n|-heal|p1a: Primarina|80/100|[from] item: Leftovers\n|upkeep\n|turn|10\n|\n|t:|1771227572\n|move|p2a: Iron Crown|Tachyon Cutter|p1a: Primarina\n|-end|p1a: Primarina|Substitute\n|-damage|p1a: Primarina|36/100\n|-hitcount|p1a: Primarina|2\n|move|p1a: Primarina|Calm Mind|p1a: Primarina\n|-boost|p1a: Primarina|spa|1\n|-boost|p1a: Primarina|spd|1\n|\n|-heal|p1a: Primarina|42/100|[from] item: Leftovers\n|upkeep\n|turn|11\n|j| Bellicose Breloom\n|\n|t:|1771227591\n|-terastallize|p1a: Primarina|Steel\n|move|p2a: Iron Crown|Tachyon Cutter|p1a: Primarina\n|-resisted|p1a: Primarina\n|-damage|p1a: Primarina|28/100\n|-resisted|p1a: Primarina\n|-damage|p1a: Primarina|13/100\n|-hitcount|p1a: Primarina|2\n|move|p1a: Primarina|Draining Kiss|p2a: Iron Crown\n|-resisted|p2a: Iron Crown\n|-damage|p2a: Iron Crown|85/100\n|-heal|p1a: Primarina|23/100|[from] drain|[of] p2a: Iron Crown\n|\n|-heal|p1a: Primarina|29/100|[from] item: Leftovers\n|upkeep\n|turn|12\n|\n|t:|1771227596\n|move|p2a: Iron Crown|Tachyon Cutter|p1a: Primarina\n|-resisted|p1a: Primarina\n|-damage|p1a: Primarina|16/100\n|-resisted|p1a: Primarina\n|-damage|p1a: Primarina|2/100\n|-hitcount|p1a: Primarina|2\n|move|p1a: Primarina|Psychic Noise|p2a: Iron Crown\n|-damage|p2a: Iron Crown|39/100\n|-start|p2a: Iron Crown|move: Heal Block\n|\n|-heal|p1a: Primarina|8/100|[from] item: Leftovers\n|upkeep\n|turn|13\n|\n|t:|1771227598\n|move|p2a: Iron Crown|Tachyon Cutter|p1a: Primarina\n|-resisted|p1a: Primarina\n|-damage|p1a: Primarina|0 fnt\n|faint|p1a: Primarina\n|-hitcount|p1: Primarina|1\n|\n|-end|p2a: Iron Crown|move: Heal Block\n|upkeep\n|j| back kartana\n|-message|I-fear-the-weak forfeited.\n|\n|win|ceo o wo chien\n|raw|I-fear-the-weak's rating: 1655 &rarr; <strong>1638</strong><br />(-17 for losing)\n|raw|ceo o wo chien's rating: 1702 &rarr; <strong>1719</strong><br />(+17 for winning)\n|l|☆I-fear-the-weak\n|player|p1|\n|l|☆ceo o wo chien\n|player|p2|\n", "uploadtime": 1771227605, "views": 11, "formatid": "gen9ou", "rating": 1638, "private": 0, "password": null}