{"id": "gen9ou-2639249674", "format": "[Gen 9] OU", "players": ["hillbilly z", "suprya"], "log": "|badge|p2|bronze|gen9ou|100-9\n|uhtml|medal-msg|<div class=\"broadcast-blue\">Curious what those medals under the avatar are? PS now has Ladder Seasons! For more information, check out the <a href=\"https://www.smogon.com/forums/threads/3740067/\">thread on Smogon.</a></div>\n|j|☆hillbilly z\n|j|☆suprya\n|t:|1782440365\n|gametype|singles\n|player|p1|hillbilly z|265|1701\n|player|p2|suprya|wattson|1850\n|gen|9\n|tier|[Gen 9] OU\n|rated|\n|rule|HP Percentage Mod: HP is shown in percentages\n|rule|Endless Battle Clause: Forcing endless battles is banned\n|rule|Species Clause: Limit one of each Pokémon\n|rule|OHKO Clause: OHKO moves are banned\n|rule|Evasion Items Clause: Evasion items are banned\n|rule|Evasion Moves Clause: Evasion moves are banned\n|rule|Evasion Abilities Clause: Evasion abilities are banned\n|rule|Sleep Moves Clause: Sleep-inducing moves are banned\n|clearpoke\n|poke|p1|Torkoal, F|\n|poke|p1|Scovillain, F|\n|poke|p1|Walking Wake|\n|poke|p1|Hatterene, F|\n|poke|p1|Great Tusk|\n|poke|p1|Ceruledge, F|\n|poke|p2|Pelipper, M|\n|poke|p2|Hydrapple, M|\n|poke|p2|Iron Treads|\n|poke|p2|Gholdengo|\n|poke|p2|Greninja-*, M|\n|poke|p2|Iron Hands|\n|teampreview\n|inactive|Battle timer is ON: inactive players will automatically lose when time's up. (requested by suprya)\n|j| St.Peewee\n|inactive|suprya has 120 seconds left.\n|\n|t:|1782440414\n|teamsize|p1|6\n|teamsize|p2|6\n|start\n|switch|p1a: Walking Wake|Walking Wake|100/100\n|switch|p2a: Iron Hands|Iron Hands|100/100\n|turn|1\n|l| St.Peewee\n|\n|t:|1782440424\n|move|p1a: Walking Wake|Hydro Steam|p2a: Iron Hands\n|-damage|p2a: Iron Hands|67/100\n|move|p2a: Iron Hands|Drain Punch|p1a: Walking Wake\n|-damage|p1a: Walking Wake|54/100\n|-heal|p2a: Iron Hands|84/100|[from] drain|[of] p1a: Walking Wake\n|\n|upkeep\n|turn|2\n|\n|t:|1782440437\n|-end|p1a: Walking Wake|Protosynthesis|[silent]\n|switch|p1a: Hatterene|Hatterene, F|100/100\n|move|p2a: Iron Hands|Drain Punch|p1a: Hatterene\n|-resisted|p1a: Hatterene\n|-damage|p1a: Hatterene|91/100\n|-heal|p2a: Iron Hands|87/100|[from] drain|[of] p1a: Hatterene\n|-enditem|p1a: Hatterene|Eject Button\n|\n|t:|1782440441\n|switch|p1a: Torkoal|Torkoal, F|100/100\n|-weather|SunnyDay|[from] ability: Drought|[of] p1a: Torkoal\n|\n|-weather|SunnyDay|[upkeep]\n|upkeep\n|turn|3\n|\n|t:|1782440445\n|-end|p2a: Iron Hands|Quark Drive|[silent]\n|switch|p2a: Pelipper|Pelipper, M|100/100\n|-weather|RainDance|[from] ability: Drizzle|[of] p2a: Pelipper\n|move|p1a: Torkoal|Stealth Rock|p2a: Pelipper\n|-sidestart|p2: suprya|move: Stealth Rock\n|\n|-weather|RainDance|[upkeep]\n|upkeep\n|turn|4\n|\n|t:|1782440456\n|switch|p1a: Walking Wake|Walking Wake|54/100\n|move|p2a: Pelipper|Hurricane|p1a: Walking Wake\n|-damage|p1a: Walking Wake|9/100\n|\n|-weather|RainDance|[upkeep]\n|upkeep\n|turn|5\n|\n|t:|1782440470\n|switch|p2a: Iron Treads|Iron Treads|100/100\n|-damage|p2a: Iron Treads|98/100|[from] Stealth Rock\n|move|p1a: Walking Wake|Draco Meteor|p2a: Iron Treads\n|-resisted|p2a: Iron Treads\n|-damage|p2a: Iron Treads|58/100\n|-unboost|p1a: Walking Wake|spa|2\n|\n|-weather|RainDance|[upkeep]\n|-heal|p2a: Iron Treads|64/100|[from] item: Leftovers\n|upkeep\n|turn|6\n|\n|t:|1782440478\n|-end|p1a: Walking Wake|Protosynthesis|[silent]\n|switch|p1a: Ceruledge|Ceruledge, F|100/100\n|move|p2a: Iron Treads|Rapid Spin|p1a: Ceruledge\n|-immune|p1a: Ceruledge\n|\n|-weather|RainDance|[upkeep]\n|-heal|p2a: Iron Treads|70/100|[from] item: Leftovers\n|upkeep\n|turn|7\n|\n|t:|1782440498\n|switch|p1a: Torkoal|Torkoal, F|100/100\n|-weather|SunnyDay|[from] ability: Drought|[of] p1a: Torkoal\n|move|p2a: Iron Treads|Earthquake|p1a: Torkoal\n|-supereffective|p1a: Torkoal\n|-damage|p1a: Torkoal|34/100\n|\n|-weather|SunnyDay|[upkeep]\n|-heal|p2a: Iron Treads|76/100|[from] item: Leftovers\n|upkeep\n|turn|8\n|j| maximilk\n|\n|t:|1782440515\n|switch|p1a: Ceruledge|Ceruledge, F|100/100\n|move|p2a: Iron Treads|Stealth Rock|p1a: Ceruledge\n|-sidestart|p1: hillbilly z|move: Stealth Rock\n|\n|-weather|SunnyDay|[upkeep]\n|-heal|p2a: Iron Treads|82/100|[from] item: Leftovers\n|upkeep\n|turn|9\n|\n|t:|1782440519\n|-end|p2a: Iron Treads|Quark Drive|[silent]\n|switch|p2a: Pelipper|Pelipper, M|100/100\n|-weather|RainDance|[from] ability: Drizzle|[of] p2a: Pelipper\n|move|p1a: Ceruledge|Swords Dance|p1a: Ceruledge\n|-boost|p1a: Ceruledge|atk|2\n|\n|-weather|RainDance|[upkeep]\n|upkeep\n|turn|10\n|inactive|suprya has 120 seconds left.\n|\n|t:|1782440565\n|switch|p2a: Iron Treads|Iron Treads|82/100\n|-damage|p2a: Iron Treads|79/100|[from] Stealth Rock\n|move|p1a: Ceruledge|Swords Dance|p1a: Ceruledge\n|-boost|p1a: Ceruledge|atk|2\n|\n|-weather|RainDance|[upkeep]\n|-heal|p2a: Iron Treads|85/100|[from] item: Leftovers\n|upkeep\n|turn|11\n|\n|t:|1782440579\n|move|p1a: Ceruledge|Swords Dance|p1a: Ceruledge\n|-boost|p1a: Ceruledge|atk|2\n|move|p2a: Iron Treads|Earthquake|p1a: Ceruledge\n|-supereffective|p1a: Ceruledge\n|-enditem|p1a: Ceruledge|Focus Sash\n|-damage|p1a: Ceruledge|1/100\n|-ability|p1a: Ceruledge|Weak Armor|boost\n|-unboost|p1a: Ceruledge|def|1\n|-boost|p1a: Ceruledge|spe|2\n|\n|-weather|RainDance|[upkeep]\n|-heal|p2a: Iron Treads|91/100|[from] item: Leftovers\n|upkeep\n|turn|12\n|\n|t:|1782440597\n|move|p1a: Ceruledge|Bitter Blade|p2a: Iron Treads\n|-supereffective|p2a: Iron Treads\n|-damage|p2a: Iron Treads|0 fnt\n|-heal|p1a: Ceruledge|60/100|[from] drain|[of] p2a: Iron Treads\n|faint|p2a: Iron Treads\n|-end|p2a: Iron Treads|Quark Drive|[silent]\n|\n|-weather|RainDance|[upkeep]\n|upkeep\n|\n|t:|1782440599\n|switch|p2a: Greninja|Greninja, M|100/100\n|-damage|p2a: Greninja|88/100|[from] Stealth Rock\n|turn|13\n|\n|t:|1782440607\n|-terastallize|p1a: Ceruledge|Grass\n|move|p2a: Greninja|Water Shuriken|p1a: Ceruledge\n|-resisted|p1a: Ceruledge\n|-damage|p1a: Ceruledge|52/100\n|-resisted|p1a: Ceruledge\n|-damage|p1a: Ceruledge|46/100\n|-hitcount|p1a: Ceruledge|2\n|move|p1a: Ceruledge|Bitter Blade|p2a: Greninja\n|-resisted|p2a: Greninja\n|-damage|p2a: Greninja|0 fnt\n|-heal|p1a: Ceruledge|89/100|[from] drain|[of] p2a: Greninja\n|faint|p2a: Greninja\n|\n|-weather|none\n|upkeep\n|\n|t:|1782440612\n|switch|p2a: Pelipper|Pelipper, M|100/100\n|-weather|RainDance|[from] ability: Drizzle|[of] p2a: Pelipper\n|turn|14\n|\n|t:|1782440615\n|move|p1a: Ceruledge|Shadow Sneak|p2a: Pelipper\n|-damage|p2a: Pelipper|33/100\n|move|p2a: Pelipper|Hurricane|p1a: Ceruledge\n|-supereffective|p1a: Ceruledge\n|-damage|p1a: Ceruledge|0 fnt\n|faint|p1a: Ceruledge\n|\n|-weather|RainDance|[upkeep]\n|upkeep\n|\n|t:|1782440620\n|switch|p1a: Scovillain|Scovillain, F|100/100\n|-damage|p1a: Scovillain|76/100|[from] Stealth Rock\n|turn|15\n|\n|t:|1782440632\n|switch|p2a: Hydrapple|Hydrapple, M|100/100\n|-damage|p2a: Hydrapple|88/100|[from] Stealth Rock\n|move|p1a: Scovillain|Giga Drain|p2a: Hydrapple\n|-resisted|p2a: Hydrapple\n|-damage|p2a: Hydrapple|78/100\n|-heal|p1a: Scovillain|84/100|[from] drain|[of] p2a: Hydrapple\n|-damage|p1a: Scovillain|74/100|[from] item: Life Orb\n|\n|-weather|RainDance|[upkeep]\n|upkeep\n|turn|16\n|j| St.Peewee\n|\n|t:|1782440652\n|switch|p1a: Hatterene|Hatterene, F|91/100\n|-damage|p1a: Hatterene|79/100|[from] Stealth Rock\n|move|p2a: Hydrapple|Fickle Beam|p1a: Hatterene\n|-immune|p1a: Hatterene\n|\n|-weather|RainDance|[upkeep]\n|upkeep\n|turn|17\n|\n|t:|1782440657\n|switch|p2a: Iron Hands|Iron Hands|87/100\n|-damage|p2a: Iron Hands|81/100|[from] Stealth Rock\n|move|p1a: Hatterene|Mystical Fire|p2a: Iron Hands\n|-damage|p2a: Iron Hands|76/100\n|-unboost|p2a: Iron Hands|spa|1\n|\n|-weather|RainDance|[upkeep]\n|upkeep\n|turn|18\n|\n|t:|1782440666\n|move|p2a: Iron Hands|Heavy Slam|p1a: Hatterene\n|-supereffective|p1a: Hatterene\n|-damage|p1a: Hatterene|0 fnt\n|faint|p1a: Hatterene\n|\n|-weather|none\n|upkeep\n|\n|t:|1782440669\n|switch|p1a: Don|Great Tusk|100/100\n|-damage|p1a: Don|98/100|[from] Stealth Rock\n|turn|19\n|\n|t:|1782440692\n|-end|p2a: Iron Hands|Quark Drive|[silent]\n|switch|p2a: Hydrapple|Hydrapple, M|100/100\n|-damage|p2a: Hydrapple|88/100|[from] Stealth Rock\n|move|p1a: Don|Headlong Rush|p2a: Hydrapple\n|-resisted|p2a: Hydrapple\n|-damage|p2a: Hydrapple|72/100\n|-unboost|p1a: Don|def|1\n|-unboost|p1a: Don|spd|1\n|-damage|p1a: Don|81/100|[from] item: Rocky Helmet|[of] p2a: Hydrapple\n|\n|upkeep\n|turn|20\n|\n|t:|1782440705\n|move|p1a: Don|Ice Spinner|p2a: Hydrapple\n|-supereffective|p2a: Hydrapple\n|-damage|p2a: Hydrapple|12/100\n|-damage|p1a: Don|64/100|[from] item: Rocky Helmet|[of] p2a: Hydrapple\n|move|p2a: Hydrapple|Giga Drain|p1a: Don\n|-supereffective|p1a: Don\n|-damage|p1a: Don|0 fnt\n|-heal|p2a: Hydrapple|41/100|[from] drain|[of] p1a: Don\n|faint|p1a: Don\n|-end|p1a: Don|Protosynthesis|[silent]\n|\n|upkeep\n|-message|hillbilly z forfeited.\n|\n|win|suprya\n|raw|hillbilly z's rating: 1701 &rarr; <strong>1689</strong><br />(-12 for losing)\n|raw|suprya's rating: 1850 &rarr; <strong>1862</strong><br />(+12 for winning)\n|l|☆hillbilly z\n|player|p1|\n|l|☆suprya\n|player|p2|\n|l| maximilk\n|l| St.Peewee\n", "uploadtime": 1782440850, "views": 14, "formatid": "gen9ou", "rating": 1689, "private": 0, "password": null}