{"id": "gen9ou-2639225356", "format": "[Gen 9] OU", "players": ["Denial II", "MiahOD"], "log": "|j|☆Denial II\n|j|☆MiahOD\n|t:|1782436842\n|gametype|singles\n|player|p1|Denial II|shelly|1131\n|player|p2|MiahOD|marlon|1143\n|gen|9\n|tier|[Gen 9] OU\n|rated|\n|rule|HP Percentage Mod: HP is shown in percentages\n|rule|Endless Battle Clause: Forcing endless battles is banned\n|rule|Species Clause: Limit one of each Pokémon\n|rule|OHKO Clause: OHKO moves are banned\n|rule|Evasion Items Clause: Evasion items are banned\n|rule|Evasion Moves Clause: Evasion moves are banned\n|rule|Evasion Abilities Clause: Evasion abilities are banned\n|rule|Sleep Moves Clause: Sleep-inducing moves are banned\n|clearpoke\n|poke|p1|Dragapult, F|\n|poke|p1|Garganacl, M|\n|poke|p1|Hatterene, F|\n|poke|p1|Torkoal, F|\n|poke|p1|Iron Moth|\n|poke|p1|Landorus-Therian, M|\n|poke|p2|Torkoal, F|\n|poke|p2|Venusaur, M|\n|poke|p2|Walking Wake|\n|poke|p2|Minior-Indigo|\n|poke|p2|Slither Wing|\n|poke|p2|Kingambit, M|\n|teampreview\n|inactive|Battle timer is ON: inactive players will automatically lose when time's up. (requested by MiahOD)\n|\n|t:|1782436859\n|teamsize|p1|6\n|teamsize|p2|6\n|start\n|switch|p1a: Hatterene|Hatterene, F|100/100\n|switch|p2a: Walking Wake|Walking Wake|100/100\n|turn|1\n|\n|t:|1782436878\n|-end|p2a: Walking Wake|Protosynthesis|[silent]\n|switch|p2a: Torkoal|Torkoal, F, shiny|100/100\n|-weather|SunnyDay|[from] ability: Drought|[of] p2a: Torkoal\n|move|p1a: Hatterene|Dazzling Gleam|p2a: Torkoal\n|-resisted|p2a: Torkoal\n|-damage|p2a: Torkoal|70/100\n|\n|-weather|SunnyDay|[upkeep]\n|upkeep\n|turn|2\n|\n|t:|1782436890\n|switch|p1a: Torkoal|Torkoal, F|100/100\n|move|p2a: Torkoal|Lava Plume|p1a: Torkoal\n|-resisted|p1a: Torkoal\n|-damage|p1a: Torkoal|79/100\n|\n|-weather|SunnyDay|[upkeep]\n|upkeep\n|turn|3\n|\n|t:|1782436903\n|switch|p2a: Walking Wake|Walking Wake|100/100\n|-activate|p2a: Walking Wake|ability: Protosynthesis\n|-start|p2a: Walking Wake|protosynthesisspe\n|move|p1a: Torkoal|Earthquake|p2a: Walking Wake\n|-damage|p2a: Walking Wake|69/100\n|\n|-weather|SunnyDay|[upkeep]\n|upkeep\n|turn|4\n|\n|t:|1782436917\n|switch|p1a: Hatterene|Hatterene, F|100/100\n|move|p2a: Walking Wake|Hydro Steam|p1a: Hatterene\n|-damage|p1a: Hatterene|0 fnt\n|faint|p1a: Hatterene\n|\n|-weather|SunnyDay|[upkeep]\n|upkeep\n|\n|t:|1782436929\n|switch|p1a: Garganacl|Garganacl, M|100/100\n|turn|5\n|\n|t:|1782436933\n|move|p2a: Walking Wake|Hydro Steam|p1a: Garganacl\n|-supereffective|p1a: Garganacl\n|-enditem|p1a: Garganacl|Focus Sash\n|-damage|p1a: Garganacl|1/100\n|move|p1a: Garganacl|Salt Cure|p2a: Walking Wake\n|-damage|p2a: Walking Wake|47/100\n|-start|p2a: Walking Wake|Salt Cure\n|\n|-weather|SunnyDay|[upkeep]\n|-damage|p2a: Walking Wake|22/100|[from] Salt Cure\n|upkeep\n|turn|6\n|\n|t:|1782436956\n|-end|p2a: Walking Wake|Protosynthesis|[silent]\n|switch|p2a: Slither Wing|Slither Wing, shiny|100/100\n|-activate|p2a: Slither Wing|ability: Protosynthesis\n|-start|p2a: Slither Wing|protosynthesisatk\n|move|p1a: Garganacl|Stealth Rock|p2a: Slither Wing\n|-sidestart|p2: MiahOD|move: Stealth Rock\n|\n|-weather|SunnyDay|[upkeep]\n|upkeep\n|turn|7\n|inactive|Denial II has 120 seconds left.\n|\n|t:|1782436989\n|move|p2a: Slither Wing|U-turn|p1a: Garganacl\n|-damage|p1a: Garganacl|0 fnt\n|faint|p1a: Garganacl\n|\n|t:|1782436996\n|-end|p2a: Slither Wing|Protosynthesis|[silent]\n|switch|p2a: Walking Wake|Walking Wake|22/100|[from] U-turn\n|-damage|p2a: Walking Wake|10/100|[from] Stealth Rock\n|-activate|p2a: Walking Wake|ability: Protosynthesis\n|-start|p2a: Walking Wake|protosynthesisspe\n|\n|-weather|SunnyDay|[upkeep]\n|upkeep\n|inactive|Denial II has 120 seconds left.\n|\n|t:|1782437014\n|switch|p1a: Torkoal|Torkoal, F|79/100\n|turn|8\n|\n|t:|1782437019\n|-terastallize|p1a: Torkoal|Water\n|move|p2a: Walking Wake|Hydro Steam|p1a: Torkoal\n|-resisted|p1a: Torkoal\n|-damage|p1a: Torkoal|22/100\n|move|p1a: Torkoal|Earthquake|p2a: Walking Wake\n|-damage|p2a: Walking Wake|0 fnt\n|faint|p2a: Walking Wake\n|-end|p2a: Walking Wake|Protosynthesis|[silent]\n|\n|-weather|none\n|upkeep\n|\n|t:|1782437028\n|switch|p2a: Torkoal|Torkoal, F, shiny|70/100\n|-damage|p2a: Torkoal|45/100|[from] Stealth Rock\n|-weather|SunnyDay|[from] ability: Drought|[of] p2a: Torkoal\n|turn|9\n|\n|t:|1782437036\n|move|p2a: Torkoal|Rapid Spin|p1a: Torkoal\n|-damage|p1a: Torkoal|13/100\n|-boost|p2a: Torkoal|spe|1\n|-sideend|p2: MiahOD|Stealth Rock|[from] move: Rapid Spin|[of] p2a: Torkoal\n|move|p1a: Torkoal|Earthquake|p2a: Torkoal\n|-supereffective|p2a: Torkoal\n|-damage|p2a: Torkoal|14/100\n|\n|-weather|SunnyDay|[upkeep]\n|upkeep\n|turn|10\n|\n|t:|1782437046\n|switch|p1a: Landorus|Landorus-Therian, M|100/100\n|-ability|p1a: Landorus|Intimidate|boost\n|-unboost|p2a: Torkoal|atk|1\n|move|p2a: Torkoal|Lava Plume|p1a: Landorus\n|-damage|p1a: Landorus|58/100\n|\n|-weather|SunnyDay|[upkeep]\n|upkeep\n|turn|11\n|\n|t:|1782437061\n|move|p1a: Landorus|Earthquake|p2a: Torkoal\n|-supereffective|p2a: Torkoal\n|-damage|p2a: Torkoal|0 fnt\n|faint|p2a: Torkoal\n|\n|-weather|SunnyDay|[upkeep]\n|upkeep\n|\n|t:|1782437065\n|switch|p2a: Venusaur|Venusaur, M, shiny|100/100\n|turn|12\n|\n|t:|1782437073\n|move|p2a: Venusaur|Growth|p2a: Venusaur\n|-boost|p2a: Venusaur|atk|2\n|-boost|p2a: Venusaur|spa|2\n|move|p1a: Landorus|Body Slam|p2a: Venusaur\n|-damage|p2a: Venusaur|60/100\n|\n|-weather|SunnyDay|[upkeep]\n|upkeep\n|turn|13\n|\n|t:|1782437084\n|move|p2a: Venusaur|Giga Drain|p1a: Landorus\n|-damage|p1a: Landorus|0 fnt\n|-heal|p2a: Venusaur|91/100|[from] drain|[of] p1a: Landorus\n|faint|p1a: Landorus\n|-damage|p2a: Venusaur|81/100|[from] item: Life Orb\n|\n|-weather|SunnyDay|[upkeep]\n|upkeep\n|\n|t:|1782437102\n|switch|p1a: Iron Moth|Iron Moth|100/100\n|turn|14\n|\n|t:|1782437118\n|switch|p2a: Minior|Minior-Indigo, shiny|100/100\n|-formechange|p2a: Minior|Minior-Meteor||[from] ability: Shields Down\n|move|p1a: Iron Moth|Fiery Dance|p2a: Minior\n|-resisted|p2a: Minior\n|-damage|p2a: Minior|55/100\n|\n|-weather|SunnyDay|[upkeep]\n|upkeep\n|turn|15\n|\n|t:|1782437134\n|move|p1a: Iron Moth|Psychic|p2a: Minior\n|-damage|p2a: Minior|9/100\n|move|p2a: Minior|Shell Smash|p2a: Minior\n|-unboost|p2a: Minior|def|1\n|-unboost|p2a: Minior|spd|1\n|-boost|p2a: Minior|atk|2\n|-boost|p2a: Minior|spa|2\n|-boost|p2a: Minior|spe|2\n|-enditem|p2a: Minior|White Herb\n|-clearnegativeboost|p2a: Minior|[silent]\n|\n|-weather|SunnyDay|[upkeep]\n|-formechange|p2a: Minior|Minior-Indigo||[from] ability: Shields Down\n|upkeep\n|turn|16\n|\n|t:|1782437147\n|move|p2a: Minior|Earthquake|p1a: Iron Moth\n|-supereffective|p1a: Iron Moth\n|-damage|p1a: Iron Moth|0 fnt\n|faint|p1a: Iron Moth\n|-end|p1a: Iron Moth|Quark Drive|[silent]\n|\n|-weather|none\n|upkeep\n|\n|t:|1782437149\n|switch|p1a: Dragapult|Dragapult, F|100/100\n|turn|17\n|\n|t:|1782437160\n|move|p2a: Minior|Acrobatics|p1a: Dragapult\n|-damage|p1a: Dragapult|0 fnt\n|faint|p1a: Dragapult\n|\n|upkeep\n|\n|t:|1782437162\n|switch|p1a: Torkoal|Torkoal, F, tera:Water|13/100\n|-weather|SunnyDay|[from] ability: Drought|[of] p1a: Torkoal\n|turn|18\n|\n|t:|1782437167\n|move|p2a: Minior|Acrobatics|p1a: Torkoal\n|-damage|p1a: Torkoal|0 fnt\n|faint|p1a: Torkoal\n|\n|win|MiahOD\n|raw|Denial II's rating: 1131 &rarr; <strong>1107</strong><br />(-24 for losing)\n|raw|MiahOD's rating: 1143 &rarr; <strong>1167</strong><br />(+24 for winning)\n|l|☆Denial II\n|player|p1|\n|l|☆MiahOD\n|player|p2|\n", "uploadtime": 1782437451, "views": 15, "formatid": "gen9ou", "rating": 1107, "private": 0, "password": null}