{"id": "gen9ou-2540434726", "format": "[Gen 9] OU", "players": ["glass bugle", "Bathwater_Savant"], "log": "|j|☆glass bugle\n|j|☆Bathwater_Savant\n|t:|1771201614\n|gametype|singles\n|player|p1|glass bugle|swimmer-gen4dp|1479\n|player|p2|Bathwater_Savant|burglar|1577\n|gen|9\n|tier|[Gen 9] OU\n|rated|\n|rule|HP Percentage Mod: HP is shown in percentages\n|rule|Endless Battle Clause: Forcing endless battles is banned\n|rule|Species Clause: Limit one of each Pokémon\n|rule|OHKO Clause: OHKO moves are banned\n|rule|Evasion Items Clause: Evasion items are banned\n|rule|Evasion Moves Clause: Evasion moves are banned\n|rule|Evasion Abilities Clause: Evasion abilities are banned\n|rule|Sleep Moves Clause: Sleep-inducing moves are banned\n|clearpoke\n|poke|p1|Tinkaton, F|\n|poke|p1|Ogerpon, F|\n|poke|p1|Great Tusk|\n|poke|p1|Pecharunt|\n|poke|p1|Alomomola, M|\n|poke|p1|Hydreigon, M|\n|poke|p2|Ribombee, F|\n|poke|p2|Deoxys-Speed|\n|poke|p2|Glimmora, F|\n|poke|p2|Samurott-Hisui, M|\n|poke|p2|Gholdengo|\n|poke|p2|Landorus-Therian, M|\n|teampreview\n|\n|t:|1771201640\n|teamsize|p1|6\n|teamsize|p2|6\n|start\n|switch|p1a: Smile.exe|Tinkaton, F, shiny|100/100\n|switch|p2a: Ribombee|Ribombee, F|100/100\n|-item|p1a: Smile.exe|Air Balloon\n|turn|1\n|c|☆Bathwater_Savant|gl\n|c|☆glass bugle|u2\n|\n|t:|1771201649\n|move|p2a: Ribombee|Moonblast|p1a: Smile.exe\n|-resisted|p1a: Smile.exe\n|-damage|p1a: Smile.exe|78/100\n|-enditem|p1a: Smile.exe|Air Balloon\n|move|p1a: Smile.exe|Stealth Rock|p2a: Ribombee\n|-sidestart|p2: Bathwater_Savant|move: Stealth Rock\n|\n|upkeep\n|turn|2\n|\n|t:|1771201657\n|move|p2a: Ribombee|Sticky Web|p1a: Smile.exe\n|-sidestart|p1: glass bugle|move: Sticky Web\n|move|p1a: Smile.exe|Encore|p2a: Ribombee\n|-start|p2a: Ribombee|Encore\n|\n|upkeep\n|turn|3\n|\n|t:|1771201671\n|switch|p2a: Gholdengo|Gholdengo|100/100\n|-damage|p2a: Gholdengo|94/100|[from] Stealth Rock\n|-item|p2a: Gholdengo|Air Balloon\n|switch|p1a: Behemoth|Great Tusk, shiny|100/100\n|\n|upkeep\n|turn|4\n|\n|t:|1771201679\n|move|p1a: Behemoth|Ice Spinner|p2a: Gholdengo\n|-resisted|p2a: Gholdengo\n|-crit|p2a: Gholdengo\n|-damage|p2a: Gholdengo|69/100\n|-enditem|p2a: Gholdengo|Air Balloon\n|move|p2a: Gholdengo|Make It Rain|p1a: Behemoth\n|-damage|p1a: Behemoth|0 fnt\n|-unboost|p2a: Gholdengo|spa|1\n|faint|p1a: Behemoth\n|-end|p1a: Behemoth|Protosynthesis|[silent]\n|\n|upkeep\n|\n|t:|1771201689\n|switch|p1a: Hybrid|Hydreigon, M, shiny|100/100\n|turn|5\n|\n|t:|1771201695\n|switch|p2a: Ribombee|Ribombee, F|100/100\n|-damage|p2a: Ribombee|76/100|[from] Stealth Rock\n|move|p1a: Hybrid|Dark Pulse|p2a: Ribombee\n|-resisted|p2a: Ribombee\n|-damage|p2a: Ribombee|24/100\n|\n|upkeep\n|turn|6\n|\n|t:|1771201701\n|switch|p1a: Pisces|Alomomola, M, shiny|100/100\n|-activate|p1a: Pisces|move: Sticky Web\n|-unboost|p1a: Pisces|spe|1\n|move|p2a: Ribombee|Stun Spore|p1a: Pisces\n|-status|p1a: Pisces|par\n|\n|upkeep\n|turn|7\n|\n|t:|1771201717\n|move|p2a: Ribombee|Moonblast|p1a: Pisces\n|-damage|p1a: Pisces|79/100 par\n|-unboost|p1a: Pisces|spa|1\n|move|p1a: Pisces|Flip Turn|p2a: Ribombee\n|-damage|p2a: Ribombee|0 fnt\n|faint|p2a: Ribombee\n|\n|t:|1771201722\n|switch|p1a: Anonymous|Ogerpon, F|100/100|[from] Flip Turn\n|-activate|p1a: Anonymous|move: Sticky Web\n|-unboost|p1a: Anonymous|spe|1\n|-ability|p1a: Anonymous|Defiant|boost\n|-boost|p1a: Anonymous|atk|2\n|\n|upkeep\n|\n|t:|1771201733\n|switch|p2a: Deoxys|Deoxys-Speed|100/100\n|-damage|p2a: Deoxys|88/100|[from] Stealth Rock\n|-ability|p2a: Deoxys|Pressure\n|turn|8\n|\n|t:|1771201744\n|-terastallize|p1a: Anonymous|Grass\n|detailschange|p1a: Anonymous|Ogerpon-Teal-Tera, F, tera:Grass\n|-ability|p1a: Anonymous|Embody Aspect (Teal)|boost\n|-boost|p1a: Anonymous|spe|1\n|move|p2a: Deoxys|Psycho Boost|p1a: Anonymous\n|-damage|p1a: Anonymous|14/100\n|-unboost|p2a: Deoxys|spa|2\n|-damage|p2a: Deoxys|78/100|[from] item: Life Orb\n|move|p1a: Anonymous|Ivy Cudgel|p2a: Deoxys\n|-damage|p2a: Deoxys|0 fnt\n|faint|p2a: Deoxys\n|\n|upkeep\n|\n|t:|1771201763\n|switch|p2a: Samurott|Samurott-Hisui, M|100/100\n|-damage|p2a: Samurott|88/100|[from] Stealth Rock\n|turn|9\n|\n|t:|1771201767\n|switch|p1a: Overseer|Pecharunt|100/100\n|-activate|p1a: Overseer|move: Sticky Web\n|-unboost|p1a: Overseer|spe|1\n|move|p2a: Samurott|Aqua Jet|p1a: Overseer\n|-damage|p1a: Overseer|89/100\n|-damage|p2a: Samurott|72/100|[from] item: Rocky Helmet|[of] p1a: Overseer\n|\n|upkeep\n|turn|10\n|\n|t:|1771201780\n|switch|p2a: Glimmora|Glimmora, F|100/100\n|-damage|p2a: Glimmora|88/100|[from] Stealth Rock\n|move|p1a: Overseer|Malignant Chain|p2a: Glimmora\n|-resisted|p2a: Glimmora\n|-damage|p2a: Glimmora|77/100\n|\n|upkeep\n|turn|11\n|\n|t:|1771201789\n|switch|p1a: Smile.exe|Tinkaton, F, shiny|78/100\n|-activate|p1a: Smile.exe|move: Sticky Web\n|-unboost|p1a: Smile.exe|spe|1\n|move|p2a: Glimmora|Mortal Spin|p1a: Smile.exe\n|-immune|p1a: Smile.exe\n|\n|upkeep\n|turn|12\n|\n|t:|1771201796\n|move|p2a: Glimmora|Earth Power|p1a: Smile.exe\n|-supereffective|p1a: Smile.exe\n|-damage|p1a: Smile.exe|6/100\n|move|p1a: Smile.exe|Encore|p2a: Glimmora\n|-start|p2a: Glimmora|Encore\n|\n|upkeep\n|turn|13\n|\n|t:|1771201806\n|switch|p1a: Hybrid|Hydreigon, M, shiny|100/100\n|move|p2a: Glimmora|Earth Power|p1a: Hybrid\n|-immune|p1a: Hybrid|[from] ability: Levitate\n|\n|upkeep\n|turn|14\n|\n|t:|1771201813\n|move|p1a: Hybrid|Draco Meteor|p2a: Glimmora\n|-crit|p2a: Glimmora\n|-damage|p2a: Glimmora|0 fnt\n|-unboost|p1a: Hybrid|spa|2\n|faint|p2a: Glimmora\n|\n|upkeep\n|\n|t:|1771201819\n|switch|p2a: Landorus|Landorus-Therian, M|100/100\n|-damage|p2a: Landorus|88/100|[from] Stealth Rock\n|-ability|p2a: Landorus|Intimidate|boost\n|-unboost|p1a: Hybrid|atk|1\n|turn|15\n|\n|t:|1771201824\n|switch|p1a: Smile.exe|Tinkaton, F, shiny|6/100\n|-activate|p1a: Smile.exe|move: Sticky Web\n|-unboost|p1a: Smile.exe|spe|1\n|move|p2a: Landorus|Stealth Rock|p1a: Smile.exe\n|-sidestart|p1: glass bugle|move: Stealth Rock\n|\n|upkeep\n|turn|16\n|\n|t:|1771201831\n|switch|p2a: Samurott|Samurott-Hisui, M|72/100\n|-damage|p2a: Samurott|59/100|[from] Stealth Rock\n|move|p1a: Smile.exe|Encore||[still]\n|-fail|p1a: Smile.exe\n|\n|upkeep\n|turn|17\n|\n|t:|1771201836\n|move|p2a: Samurott|Ceaseless Edge|p1a: Smile.exe\n|-resisted|p1a: Smile.exe\n|-damage|p1a: Smile.exe|0 fnt\n|-sidestart|p1: glass bugle|Spikes\n|faint|p1a: Smile.exe\n|\n|upkeep\n|\n|t:|1771201841\n|switch|p1a: Hybrid|Hydreigon, M, shiny|100/100\n|-damage|p1a: Hybrid|88/100|[from] Stealth Rock\n|turn|18\n|\n|t:|1771201852\n|switch|p2a: Gholdengo|Gholdengo|69/100\n|-damage|p2a: Gholdengo|63/100|[from] Stealth Rock\n|move|p1a: Hybrid|Draco Meteor|p2a: Gholdengo\n|-resisted|p2a: Gholdengo\n|-damage|p2a: Gholdengo|7/100\n|-unboost|p1a: Hybrid|spa|2\n|\n|upkeep\n|turn|19\n|\n|t:|1771201864\n|switch|p2a: Landorus|Landorus-Therian, M|88/100\n|-damage|p2a: Landorus|76/100|[from] Stealth Rock\n|-ability|p2a: Landorus|Intimidate|boost\n|-unboost|p1a: Hybrid|atk|1\n|move|p1a: Hybrid|Draco Meteor|p2a: Landorus\n|-damage|p2a: Landorus|10/100\n|-unboost|p1a: Hybrid|spa|2\n|\n|upkeep\n|turn|20\n|\n|t:|1771201874\n|move|p1a: Hybrid|Draco Meteor|p2a: Landorus\n|-damage|p2a: Landorus|0 fnt\n|-unboost|p1a: Hybrid|spa|2\n|faint|p2a: Landorus\n|\n|upkeep\n|\n|t:|1771201880\n|switch|p2a: Samurott|Samurott-Hisui, M|59/100\n|-damage|p2a: Samurott|47/100|[from] Stealth Rock\n|turn|21\n|\n|t:|1771201884\n|switch|p1a: Overseer|Pecharunt|89/100\n|-activate|p1a: Overseer|move: Sticky Web\n|-unboost|p1a: Overseer|spe|1\n|-damage|p1a: Overseer|76/100|[from] Stealth Rock\n|-damage|p1a: Overseer|64/100|[from] Spikes\n|move|p2a: Samurott|Ceaseless Edge|p1a: Overseer\n|-supereffective|p1a: Overseer\n|-damage|p1a: Overseer|6/100\n|-damage|p2a: Samurott|30/100|[from] item: Rocky Helmet|[of] p1a: Overseer\n|-sidestart|p1: glass bugle|Spikes\n|\n|upkeep\n|turn|22\n|\n|t:|1771201897\n|switch|p2a: Gholdengo|Gholdengo|7/100\n|-damage|p2a: Gholdengo|1/100|[from] Stealth Rock\n|move|p1a: Overseer|Recover|p1a: Overseer\n|-heal|p1a: Overseer|56/100\n|\n|upkeep\n|turn|23\n|\n|t:|1771201907\n|-terastallize|p2a: Gholdengo|Flying\n|move|p2a: Gholdengo|Recover|p2a: Gholdengo\n|-heal|p2a: Gholdengo|51/100\n|move|p1a: Overseer|Shadow Ball|p2a: Gholdengo\n|-damage|p2a: Gholdengo|23/100\n|\n|upkeep\n|turn|24\n|\n|t:|1771201913\n|move|p2a: Gholdengo|Recover|p2a: Gholdengo\n|-heal|p2a: Gholdengo|73/100\n|move|p1a: Overseer|Parting Shot|p2a: Gholdengo\n|-immune|p2a: Gholdengo|[from] ability: Good as Gold\n|\n|upkeep\n|turn|25\n|\n|t:|1771201922\n|move|p2a: Gholdengo|Recover|p2a: Gholdengo\n|-heal|p2a: Gholdengo|100/100\n|move|p1a: Overseer|Malignant Chain|p2a: Gholdengo\n|-damage|p2a: Gholdengo|64/100\n|-status|p2a: Gholdengo|tox\n|-start|p2a: Gholdengo|confusion|[from] ability: Poison Puppeteer|[of] p1a: Overseer\n|\n|-damage|p2a: Gholdengo|58/100 tox|[from] psn\n|upkeep\n|turn|26\n|\n|t:|1771201939\n|-activate|p2a: Gholdengo|confusion\n|move|p2a: Gholdengo|Shadow Ball|p1a: Overseer\n|-supereffective|p1a: Overseer\n|-damage|p1a: Overseer|0 fnt\n|faint|p1a: Overseer\n|\n|-damage|p2a: Gholdengo|46/100 tox|[from] psn\n|upkeep\n|\n|t:|1771201941\n|switch|p1a: Hybrid|Hydreigon, M, shiny|88/100\n|-damage|p1a: Hybrid|76/100|[from] Stealth Rock\n|turn|27\n|\n|t:|1771201947\n|move|p1a: Hybrid|Dark Pulse|p2a: Gholdengo\n|-damage|p2a: Gholdengo|0 fnt\n|faint|p2a: Gholdengo\n|\n|upkeep\n|\n|t:|1771201951\n|switch|p2a: Samurott|Samurott-Hisui, M|30/100\n|-damage|p2a: Samurott|18/100|[from] Stealth Rock\n|turn|28\n|\n|t:|1771201956\n|move|p2a: Samurott|Aqua Jet|p1a: Hybrid\n|-resisted|p1a: Hybrid\n|-damage|p1a: Hybrid|60/100\n|move|p1a: Hybrid|Dark Pulse|p2a: Samurott\n|-resisted|p2a: Samurott\n|-crit|p2a: Samurott\n|-damage|p2a: Samurott|0 fnt\n|faint|p2a: Samurott\n|\n|win|glass bugle\n|raw|glass bugle's rating: 1479 &rarr; <strong>1504</strong><br />(+25 for winning)\n|raw|Bathwater_Savant's rating: 1577 &rarr; <strong>1552</strong><br />(-25 for losing)\n|l|☆Bathwater_Savant\n|player|p2|\n|c|☆glass bugle|gg\n", "uploadtime": 1771201961, "views": 10, "formatid": "gen9ou", "rating": 1504, "private": 0, "password": null}