{"id": "gen9ou-2540626221", "format": "[Gen 9] OU", "players": ["tuanquewang", "Hgfhhfghfff"], "log": "|j|☆tuanquewang\n|j|☆Hgfhhfghfff\n|t:|1771229809\n|gametype|singles\n|player|p1|tuanquewang|backersf|1714\n|player|p2|Hgfhhfghfff|lucas|1665\n|gen|9\n|tier|[Gen 9] OU\n|rated|\n|rule|HP Percentage Mod: HP is shown in percentages\n|rule|Endless Battle Clause: Forcing endless battles is banned\n|rule|Species Clause: Limit one of each Pokémon\n|rule|OHKO Clause: OHKO moves are banned\n|rule|Evasion Items Clause: Evasion items are banned\n|rule|Evasion Moves Clause: Evasion moves are banned\n|rule|Evasion Abilities Clause: Evasion abilities are banned\n|rule|Sleep Moves Clause: Sleep-inducing moves are banned\n|clearpoke\n|poke|p1|Slowking-Galar, M|\n|poke|p1|Alomomola, F|\n|poke|p1|Scizor, M|\n|poke|p1|Hydrapple, F|\n|poke|p1|Cinderace, M|\n|poke|p1|Sandy Shocks|\n|poke|p2|Scream Tail|\n|poke|p2|Iron Hands|\n|poke|p2|Talonflame, M|\n|poke|p2|Latios, M|\n|poke|p2|Ursaluna, M|\n|poke|p2|Muk-Alola, M|\n|teampreview\n|inactive|Battle timer is ON: inactive players will automatically lose when time's up. (requested by tuanquewang)\n|\n|t:|1771229819\n|teamsize|p1|6\n|teamsize|p2|6\n|start\n|switch|p1a: Scizor|Scizor, M|100/100\n|switch|p2a: Muk|Muk-Alola, M|100/100\n|turn|1\n|\n|t:|1771229823\n|switch|p2a: Talonflame|Talonflame, M|100/100\n|move|p1a: Scizor|U-turn|p2a: Talonflame\n|-resisted|p2a: Talonflame\n|-damage|p2a: Talonflame|81/100\n|-status|p1a: Scizor|brn|[from] ability: Flame Body|[of] p2a: Talonflame\n|\n|t:|1771229828\n|switch|p1a: Alomomola|Alomomola, F|100/100|[from] U-turn\n|\n|upkeep\n|turn|2\n|\n|t:|1771229830\n|move|p2a: Talonflame|U-turn|p1a: Alomomola\n|-damage|p1a: Alomomola|94/100\n|\n|t:|1771229833\n|switch|p2a: Muk|Muk-Alola, M|100/100|[from] U-turn\n|move|p1a: Alomomola|Flip Turn|p2a: Muk\n|-damage|p2a: Muk|83/100\n|\n|t:|1771229835\n|switch|p1a: Scizor|Scizor, M|100/100 brn|[from] Flip Turn\n|\n|-heal|p2a: Muk|89/100|[from] item: Leftovers\n|-damage|p1a: Scizor|94/100 brn|[from] brn\n|upkeep\n|turn|3\n|\n|t:|1771229843\n|move|p1a: Scizor|U-turn|p2a: Muk\n|-damage|p2a: Muk|57/100\n|\n|t:|1771229846\n|switch|p1a: Alomomola|Alomomola, F|100/100|[from] U-turn\n|move|p2a: Muk|Curse|p2a: Muk\n|-unboost|p2a: Muk|spe|1\n|-boost|p2a: Muk|atk|1\n|-boost|p2a: Muk|def|1\n|\n|-heal|p2a: Muk|63/100|[from] item: Leftovers\n|upkeep\n|turn|4\n|\n|t:|1771229850\n|move|p1a: Alomomola|Flip Turn|p2a: Muk\n|-damage|p2a: Muk|50/100\n|\n|t:|1771229854\n|switch|p1a: Scizor|Scizor, M|94/100 brn|[from] Flip Turn\n|move|p2a: Muk|Drain Punch|p1a: Scizor\n|-crit|p1a: Scizor\n|-damage|p1a: Scizor|49/100 brn\n|-heal|p2a: Muk|69/100|[from] drain|[of] p1a: Scizor\n|\n|-heal|p2a: Muk|75/100|[from] item: Leftovers\n|-damage|p1a: Scizor|42/100 brn|[from] brn\n|upkeep\n|turn|5\n|\n|t:|1771229867\n|switch|p2a: Talonflame|Talonflame, M|81/100\n|move|p1a: Scizor|U-turn|p2a: Talonflame\n|-resisted|p2a: Talonflame\n|-crit|p2a: Talonflame\n|-damage|p2a: Talonflame|66/100\n|\n|t:|1771229870\n|switch|p1a: Sandy Shocks|Sandy Shocks, shiny|100/100|[from] U-turn\n|\n|upkeep\n|turn|6\n|\n|t:|1771229878\n|switch|p2a: Ursaluna|Ursaluna, M|100/100\n|move|p1a: Sandy Shocks|Earth Power|p2a: Ursaluna\n|-damage|p2a: Ursaluna|54/100\n|\n|-status|p2a: Ursaluna|brn|[from] item: Flame Orb\n|upkeep\n|turn|7\n|\n|t:|1771229889\n|-end|p1a: Sandy Shocks|Protosynthesis|[silent]\n|switch|p1a: Alomomola|Alomomola, F|100/100\n|move|p2a: Ursaluna|Facade|p1a: Alomomola\n|-damage|p1a: Alomomola|33/100\n|\n|-heal|p1a: Alomomola|40/100|[from] item: Leftovers\n|-damage|p2a: Ursaluna|48/100 brn|[from] brn\n|upkeep\n|turn|8\n|\n|t:|1771229897\n|switch|p2a: Iron Hands|Iron Hands|100/100\n|move|p1a: Alomomola|Protect||[still]\n|-fail|p1a: Alomomola\n|\n|-heal|p1a: Alomomola|46/100|[from] item: Leftovers\n|upkeep\n|turn|9\n|\n|t:|1771229902\n|move|p2a: Iron Hands|Swords Dance|p2a: Iron Hands\n|-boost|p2a: Iron Hands|atk|2\n|move|p1a: Alomomola|Flip Turn|p2a: Iron Hands\n|-damage|p2a: Iron Hands|93/100\n|\n|t:|1771229905\n|switch|p1a: Sandy Shocks|Sandy Shocks, shiny|100/100|[from] Flip Turn\n|\n|-heal|p2a: Iron Hands|99/100|[from] item: Leftovers\n|upkeep\n|turn|10\n|\n|t:|1771229909\n|-terastallize|p2a: Iron Hands|Grass\n|move|p1a: Sandy Shocks|Volt Switch|p2a: Iron Hands\n|-resisted|p2a: Iron Hands\n|-damage|p2a: Iron Hands|82/100\n|\n|t:|1771229914\n|-end|p1a: Sandy Shocks|Protosynthesis|[silent]\n|switch|p1a: Scizor|Scizor, M|42/100 brn|[from] Volt Switch\n|move|p2a: Iron Hands|Ice Punch|p1a: Scizor\n|-resisted|p1a: Scizor\n|-damage|p1a: Scizor|21/100 brn\n|\n|-heal|p2a: Iron Hands|88/100|[from] item: Leftovers\n|-damage|p1a: Scizor|15/100 brn|[from] brn\n|upkeep\n|turn|11\n|\n|t:|1771229920\n|move|p1a: Scizor|U-turn|p2a: Iron Hands\n|-supereffective|p2a: Iron Hands\n|-damage|p2a: Iron Hands|61/100\n|\n|t:|1771229922\n|switch|p1a: Alomomola|Alomomola, F|79/100|[from] U-turn\n|move|p2a: Iron Hands|Drain Punch|p1a: Alomomola\n|-damage|p1a: Alomomola|42/100\n|-heal|p2a: Iron Hands|80/100|[from] drain|[of] p1a: Alomomola\n|\n|-heal|p2a: Iron Hands|87/100|[from] item: Leftovers\n|-heal|p1a: Alomomola|48/100|[from] item: Leftovers\n|upkeep\n|turn|12\n|\n|t:|1771229926\n|move|p2a: Iron Hands|Swords Dance|p2a: Iron Hands\n|-boost|p2a: Iron Hands|atk|2\n|move|p1a: Alomomola|Flip Turn|p2a: Iron Hands\n|-resisted|p2a: Iron Hands\n|-damage|p2a: Iron Hands|83/100\n|\n|t:|1771229929\n|switch|p1a: Sandy Shocks|Sandy Shocks, shiny|100/100|[from] Flip Turn\n|\n|-heal|p2a: Iron Hands|89/100|[from] item: Leftovers\n|upkeep\n|turn|13\n|\n|t:|1771229933\n|-terastallize|p1a: Sandy Shocks|Ice\n|move|p1a: Sandy Shocks|Tera Blast|p2a: Iron Hands|[anim] Tera Blast Ice\n|-supereffective|p2a: Iron Hands\n|-damage|p2a: Iron Hands|9/100\n|move|p2a: Iron Hands|Drain Punch|p1a: Sandy Shocks\n|-supereffective|p1a: Sandy Shocks\n|-damage|p1a: Sandy Shocks|0 fnt\n|-heal|p2a: Iron Hands|40/100|[from] drain|[of] p1a: Sandy Shocks\n|faint|p1a: Sandy Shocks\n|-end|p1a: Sandy Shocks|Protosynthesis|[silent]\n|\n|-heal|p2a: Iron Hands|46/100|[from] item: Leftovers\n|upkeep\n|\n|t:|1771229939\n|switch|p1a: Cinderace|Cinderace, M|100/100\n|turn|14\n|\n|t:|1771229942\n|move|p1a: Cinderace|U-turn|p2a: Iron Hands\n|-start|p1a: Cinderace|typechange|Bug|[from] ability: Libero\n|-supereffective|p2a: Iron Hands\n|-damage|p2a: Iron Hands|15/100\n|\n|t:|1771229944\n|switch|p1a: Scizor|Scizor, M|15/100 brn|[from] U-turn\n|move|p2a: Iron Hands|Drain Punch|p1a: Scizor\n|-damage|p1a: Scizor|0 fnt\n|-heal|p2a: Iron Hands|20/100|[from] drain|[of] p1a: Scizor\n|faint|p1a: Scizor\n|\n|-heal|p2a: Iron Hands|26/100|[from] item: Leftovers\n|upkeep\n|\n|t:|1771229948\n|switch|p1a: Cinderace|Cinderace, M|100/100\n|turn|15\n|\n|t:|1771229950\n|-end|p2a: Iron Hands|Quark Drive|[silent]\n|switch|p2a: Talonflame|Talonflame, M|66/100\n|move|p1a: Cinderace|U-turn|p2a: Talonflame\n|-start|p1a: Cinderace|typechange|Bug|[from] ability: Libero\n|-resisted|p2a: Talonflame\n|-damage|p2a: Talonflame|55/100\n|\n|t:|1771229954\n|switch|p1a: Alomomola|Alomomola, F|81/100|[from] U-turn\n|\n|-heal|p1a: Alomomola|88/100|[from] item: Leftovers\n|upkeep\n|turn|16\n|\n|t:|1771229960\n|move|p2a: Talonflame|U-turn|p1a: Alomomola\n|-damage|p1a: Alomomola|81/100\n|\n|t:|1771229963\n|switch|p2a: Iron Hands|Iron Hands, tera:Grass|26/100|[from] U-turn\n|move|p1a: Alomomola|Flip Turn|p2a: Iron Hands\n|-resisted|p2a: Iron Hands\n|-damage|p2a: Iron Hands|23/100\n|\n|t:|1771229965\n|switch|p1a: Cinderace|Cinderace, M|100/100|[from] Flip Turn\n|\n|-heal|p2a: Iron Hands|29/100|[from] item: Leftovers\n|upkeep\n|turn|17\n|\n|t:|1771229972\n|-end|p2a: Iron Hands|Quark Drive|[silent]\n|switch|p2a: Talonflame|Talonflame, M|55/100\n|move|p1a: Cinderace|Pyro Ball|p2a: Talonflame\n|-resisted|p2a: Talonflame\n|-damage|p2a: Talonflame|20/100\n|\n|upkeep\n|turn|18\n|\n|t:|1771229982\n|move|p2a: Talonflame|Roost|p2a: Talonflame\n|-heal|p2a: Talonflame|70/100\n|-singleturn|p2a: Talonflame|move: Roost\n|move|p1a: Cinderace|U-turn|p2a: Talonflame\n|-start|p1a: Cinderace|typechange|Bug|[from] ability: Libero\n|-resisted|p2a: Talonflame\n|-damage|p2a: Talonflame|48/100\n|\n|t:|1771229985\n|switch|p1a: Slowking|Slowking-Galar, M|100/100|[from] U-turn\n|\n|upkeep\n|turn|19\n|\n|t:|1771229991\n|move|p2a: Talonflame|U-turn|p1a: Slowking\n|-damage|p1a: Slowking|88/100\n|\n|t:|1771229993\n|switch|p2a: Ursaluna|Ursaluna, M|48/100 brn|[from] U-turn\n|-prepare|p1a: Slowking|Chilly Reception|[premajor]\n|move|p1a: Slowking|Chilly Reception|p1a: Slowking\n|-weather|Snowscape\n|\n|t:|1771229998\n|switch|p1a: Cinderace|Cinderace, M|100/100|[from] Chilly Reception\n|\n|-weather|Snowscape|[upkeep]\n|-damage|p2a: Ursaluna|42/100 brn|[from] brn\n|upkeep\n|turn|20\n|\n|t:|1771230005\n|switch|p2a: Talonflame|Talonflame, M|48/100\n|move|p1a: Cinderace|High Jump Kick|p2a: Talonflame|[miss]\n|-start|p1a: Cinderace|typechange|Fighting|[from] ability: Libero\n|-miss|p1a: Cinderace|p2a: Talonflame\n|-damage|p1a: Cinderace|51/100|[from] highjumpkick\n|\n|-weather|Snowscape|[upkeep]\n|upkeep\n|turn|21\n|\n|t:|1771230011\n|switch|p1a: Alomomola|Alomomola, F|100/100\n|move|p2a: Talonflame|Roost|p2a: Talonflame\n|-heal|p2a: Talonflame|99/100\n|-singleturn|p2a: Talonflame|move: Roost\n|\n|-weather|Snowscape|[upkeep]\n|upkeep\n|turn|22\n|\n|t:|1771230015\n|move|p2a: Talonflame|U-turn|p1a: Alomomola\n|-damage|p1a: Alomomola|94/100\n|\n|t:|1771230017\n|switch|p2a: Iron Hands|Iron Hands, tera:Grass|29/100|[from] U-turn\n|move|p1a: Alomomola|Wish|p1a: Alomomola\n|\n|-weather|Snowscape|[upkeep]\n|-heal|p2a: Iron Hands|35/100|[from] item: Leftovers\n|-heal|p1a: Alomomola|99/100|[from] item: Leftovers\n|upkeep\n|turn|23\n|\n|t:|1771230024\n|move|p2a: Iron Hands|Drain Punch|p1a: Alomomola\n|-damage|p1a: Alomomola|83/100\n|-heal|p2a: Iron Hands|44/100|[from] drain|[of] p1a: Alomomola\n|move|p1a: Alomomola|Flip Turn|p2a: Iron Hands\n|-resisted|p2a: Iron Hands\n|-crit|p2a: Iron Hands\n|-damage|p2a: Iron Hands|39/100\n|\n|t:|1771230027\n|switch|p1a: Cinderace|Cinderace, M|51/100|[from] Flip Turn\n|\n|-weather|none\n|-heal|p1a: Cinderace|100/100|[from] move: Wish|[wisher] Alomomola\n|-heal|p2a: Iron Hands|45/100|[from] item: Leftovers\n|upkeep\n|turn|24\n|\n|t:|1771230037\n|-end|p2a: Iron Hands|Quark Drive|[silent]\n|switch|p2a: Talonflame|Talonflame, M|99/100\n|move|p1a: Cinderace|U-turn|p2a: Talonflame\n|-start|p1a: Cinderace|typechange|Bug|[from] ability: Libero\n|-resisted|p2a: Talonflame\n|-damage|p2a: Talonflame|88/100\n|\n|t:|1771230039\n|switch|p1a: Hydrapple|Hydrapple, F, shiny|100/100|[from] U-turn\n|\n|upkeep\n|turn|25\n|j| Romaxou\n|\n|t:|1771230045\n|move|p2a: Talonflame|U-turn|p1a: Hydrapple\n|-supereffective|p1a: Hydrapple\n|-damage|p1a: Hydrapple|83/100\n|\n|t:|1771230048\n|switch|p2a: Scream Tail|Scream Tail|100/100|[from] U-turn\n|move|p1a: Hydrapple|Hydro Pump|p2a: Scream Tail\n|-damage|p2a: Scream Tail|69/100\n|\n|-heal|p2a: Scream Tail|75/100|[from] item: Leftovers\n|upkeep\n|turn|26\n|\n|t:|1771230053\n|switch|p1a: Slowking|Slowking-Galar, M|100/100\n|move|p2a: Scream Tail|Wish|p2a: Scream Tail\n|\n|-heal|p2a: Scream Tail|81/100|[from] item: Leftovers\n|upkeep\n|turn|27\n|\n|t:|1771230060\n|-end|p2a: Scream Tail|Protosynthesis|[silent]\n|switch|p2a: Ursaluna|Ursaluna, M|42/100 brn\n|move|p1a: Slowking|Future Sight|p2a: Ursaluna\n|-start|p1a: Slowking|move: Future Sight\n|\n|-heal|p2a: Ursaluna|89/100 brn|[from] move: Wish|[wisher] Scream Tail\n|-damage|p2a: Ursaluna|83/100 brn|[from] brn\n|upkeep\n|turn|28\n|\n|t:|1771230066\n|switch|p1a: Hydrapple|Hydrapple, F, shiny|100/100\n|move|p2a: Ursaluna|Facade|p1a: Hydrapple\n|-damage|p1a: Hydrapple|5/100\n|\n|-damage|p2a: Ursaluna|77/100 brn|[from] brn\n|upkeep\n|turn|29\n|\n|t:|1771230069\n|move|p1a: Hydrapple|Leaf Storm|p2a: Ursaluna\n|-supereffective|p2a: Ursaluna\n|-damage|p2a: Ursaluna|0 fnt\n|-unboost|p1a: Hydrapple|spa|2\n|faint|p2a: Ursaluna\n|\n|-hint|Future Sight did not hit because the target is fainted.\n|upkeep\n|\n|t:|1771230074\n|switch|p2a: Muk|Muk-Alola, M|75/100\n|turn|30\n|\n|t:|1771230078\n|switch|p1a: Alomomola|Alomomola, F|100/100\n|move|p2a: Muk|Poison Fang|p1a: Alomomola\n|-damage|p1a: Alomomola|90/100\n|-status|p1a: Alomomola|tox\n|\n|-heal|p2a: Muk|81/100|[from] item: Leftovers\n|-heal|p1a: Alomomola|97/100 tox|[from] item: Leftovers\n|-damage|p1a: Alomomola|90/100 tox|[from] psn\n|upkeep\n|turn|31\n|\n|t:|1771230087\n|move|p2a: Muk|Knock Off|p1a: Alomomola\n|-damage|p1a: Alomomola|71/100 tox\n|-enditem|p1a: Alomomola|Leftovers|[from] move: Knock Off|[of] p2a: Muk\n|move|p1a: Alomomola|Wish|p1a: Alomomola\n|\n|-heal|p2a: Muk|87/100|[from] item: Leftovers\n|-damage|p1a: Alomomola|59/100 tox|[from] psn\n|upkeep\n|turn|32\n|\n|t:|1771230094\n|move|p2a: Muk|Curse|p2a: Muk\n|-unboost|p2a: Muk|spe|1\n|-boost|p2a: Muk|atk|1\n|-boost|p2a: Muk|def|1\n|move|p1a: Alomomola|Flip Turn|p2a: Muk\n|-damage|p2a: Muk|76/100\n|\n|t:|1771230096\n|switch|p1a: Hydrapple|Hydrapple, F, shiny|38/100|[from] Flip Turn\n|\n|-heal|p1a: Hydrapple|100/100|[from] move: Wish|[wisher] Alomomola\n|-heal|p2a: Muk|82/100|[from] item: Leftovers\n|upkeep\n|turn|33\n|\n|t:|1771230107\n|move|p1a: Hydrapple|Earth Power|p2a: Muk\n|-supereffective|p2a: Muk\n|-damage|p2a: Muk|14/100\n|move|p2a: Muk|Poison Fang|p1a: Hydrapple\n|-supereffective|p1a: Hydrapple\n|-damage|p1a: Hydrapple|53/100\n|-status|p1a: Hydrapple|tox\n|\n|-heal|p2a: Muk|20/100|[from] item: Leftovers\n|-damage|p1a: Hydrapple|47/100 tox|[from] psn\n|upkeep\n|turn|34\n|\n|t:|1771230118\n|switch|p1a: Slowking|Slowking-Galar, M|100/100\n|switch|p2a: Talonflame|Talonflame, M|88/100\n|\n|upkeep\n|turn|35\n|\n|t:|1771230128\n|move|p2a: Talonflame|U-turn|p1a: Slowking\n|-damage|p1a: Slowking|87/100\n|\n|t:|1771230130\n|switch|p2a: Muk|Muk-Alola, M|20/100|[from] U-turn\n|-prepare|p1a: Slowking|Chilly Reception|[premajor]\n|move|p1a: Slowking|Chilly Reception|p1a: Slowking\n|-weather|Snowscape\n|\n|t:|1771230132\n|switch|p1a: Cinderace|Cinderace, M|100/100|[from] Chilly Reception\n|\n|-weather|Snowscape|[upkeep]\n|-heal|p2a: Muk|26/100|[from] item: Leftovers\n|upkeep\n|turn|36\n|\n|t:|1771230136\n|switch|p2a: Talonflame|Talonflame, M|88/100\n|move|p1a: Cinderace|U-turn|p2a: Talonflame\n|-start|p1a: Cinderace|typechange|Bug|[from] ability: Libero\n|-resisted|p2a: Talonflame\n|-damage|p2a: Talonflame|78/100\n|\n|t:|1771230138\n|switch|p1a: Hydrapple|Hydrapple, F, shiny|80/100 tox|[from] U-turn\n|\n|-weather|Snowscape|[upkeep]\n|-damage|p1a: Hydrapple|74/100 tox|[from] psn\n|upkeep\n|turn|37\n|\n|t:|1771230145\n|move|p2a: Talonflame|U-turn|p1a: Hydrapple\n|-supereffective|p1a: Hydrapple\n|-damage|p1a: Hydrapple|56/100 tox\n|\n|t:|1771230147\n|switch|p2a: Scream Tail|Scream Tail|81/100|[from] U-turn\n|move|p1a: Hydrapple|Leaf Storm|p2a: Scream Tail\n|-damage|p2a: Scream Tail|28/100\n|-unboost|p1a: Hydrapple|spa|2\n|\n|-weather|Snowscape|[upkeep]\n|-heal|p2a: Scream Tail|34/100|[from] item: Leftovers\n|-damage|p1a: Hydrapple|44/100 tox|[from] psn\n|upkeep\n|turn|38\n|\n|t:|1771230154\n|switch|p1a: Slowking|Slowking-Galar, M|100/100\n|move|p2a: Scream Tail|Protect||[still]\n|-fail|p2a: Scream Tail\n|\n|-weather|Snowscape|[upkeep]\n|-heal|p2a: Scream Tail|40/100|[from] item: Leftovers\n|upkeep\n|turn|39\n|\n|t:|1771230162\n|move|p2a: Scream Tail|Wish|p2a: Scream Tail\n|move|p1a: Slowking|Trick|p2a: Scream Tail\n|-activate|p1a: Slowking|move: Trick|[of] p2a: Scream Tail\n|-item|p2a: Scream Tail|Black Sludge|[from] move: Trick\n|-item|p1a: Slowking|Leftovers|[from] move: Trick\n|\n|-weather|none\n|-damage|p2a: Scream Tail|28/100|[from] item: Black Sludge\n|upkeep\n|turn|40\n|j| Box Scammer\n|\n|t:|1771230169\n|-end|p2a: Scream Tail|Protosynthesis|[silent]\n|switch|p2a: Muk|Muk-Alola, M|26/100\n|-prepare|p1a: Slowking|Chilly Reception|[premajor]\n|move|p1a: Slowking|Chilly Reception|p1a: Slowking\n|-weather|Snowscape\n|\n|t:|1771230174\n|switch|p1a: Cinderace|Cinderace, M|100/100|[from] Chilly Reception\n|\n|-weather|Snowscape|[upkeep]\n|-heal|p2a: Muk|78/100|[from] move: Wish|[wisher] Scream Tail\n|-heal|p2a: Muk|84/100|[from] item: Leftovers\n|upkeep\n|turn|41\n|l| Box Scammer\n|\n|t:|1771230180\n|switch|p2a: Talonflame|Talonflame, M|78/100\n|move|p1a: Cinderace|U-turn|p2a: Talonflame\n|-start|p1a: Cinderace|typechange|Bug|[from] ability: Libero\n|-resisted|p2a: Talonflame\n|-damage|p2a: Talonflame|67/100\n|\n|t:|1771230183\n|switch|p1a: Hydrapple|Hydrapple, F, shiny|77/100 tox|[from] U-turn\n|\n|-weather|Snowscape|[upkeep]\n|-damage|p1a: Hydrapple|71/100 tox|[from] psn\n|upkeep\n|turn|42\n|\n|t:|1771230190\n|move|p2a: Talonflame|U-turn|p1a: Hydrapple\n|-supereffective|p1a: Hydrapple\n|-damage|p1a: Hydrapple|54/100 tox\n|\n|t:|1771230193\n|switch|p2a: Scream Tail|Scream Tail|28/100|[from] U-turn\n|move|p1a: Hydrapple|Earth Power|p2a: Scream Tail\n|-damage|p2a: Scream Tail|5/100\n|\n|-weather|Snowscape|[upkeep]\n|-damage|p2a: Scream Tail|0 fnt|[from] item: Black Sludge\n|faint|p2a: Scream Tail\n|-end|p2a: Scream Tail|Protosynthesis|[silent]\n|-damage|p1a: Hydrapple|41/100 tox|[from] psn\n|upkeep\n|\n|t:|1771230204\n|switch|p2a: Latios|Latios, M|100/100\n|turn|43\n|\n|t:|1771230214\n|switch|p1a: Slowking|Slowking-Galar, M|100/100\n|move|p2a: Latios|Luster Purge|p1a: Slowking\n|-damage|p1a: Slowking|69/100\n|\n|-weather|Snowscape|[upkeep]\n|-heal|p1a: Slowking|75/100|[from] item: Leftovers\n|upkeep\n|turn|44\n|\n|t:|1771230222\n|switch|p2a: Muk|Muk-Alola, M|84/100\n|-prepare|p1a: Slowking|Chilly Reception|[premajor]\n|move|p1a: Slowking|Chilly Reception|p1a: Slowking\n|\n|t:|1771230223\n|switch|p1a: Cinderace|Cinderace, M|100/100|[from] Chilly Reception\n|\n|-weather|none\n|-heal|p2a: Muk|90/100|[from] item: Leftovers\n|upkeep\n|turn|45\n|\n|t:|1771230229\n|switch|p2a: Talonflame|Talonflame, M|67/100\n|move|p1a: Cinderace|Pyro Ball|p2a: Talonflame|[miss]\n|-miss|p1a: Cinderace|p2a: Talonflame\n|\n|upkeep\n|turn|46\n|\n|t:|1771230235\n|switch|p1a: Alomomola|Alomomola, F|92/100 tox\n|move|p2a: Talonflame|Flamethrower|p1a: Alomomola\n|-resisted|p1a: Alomomola\n|-damage|p1a: Alomomola|78/100 tox\n|\n|-damage|p1a: Alomomola|72/100 tox|[from] psn\n|upkeep\n|turn|47\n|l| Romaxou\n|\n|t:|1771230241\n|move|p2a: Talonflame|U-turn|p1a: Alomomola\n|-damage|p1a: Alomomola|66/100 tox\n|\n|t:|1771230244\n|switch|p2a: Latios|Latios, M|100/100|[from] U-turn\n|move|p1a: Alomomola|Flip Turn|p2a: Latios\n|-resisted|p2a: Latios\n|-damage|p2a: Latios|89/100\n|\n|t:|1771230246\n|switch|p1a: Slowking|Slowking-Galar, M|100/100|[from] Flip Turn\n|\n|upkeep\n|turn|48\n|\n|t:|1771230254\n|switch|p2a: Muk|Muk-Alola, M|90/100\n|move|p1a: Slowking|Toxic|p2a: Muk\n|-immune|p2a: Muk\n|\n|-heal|p2a: Muk|96/100|[from] item: Leftovers\n|upkeep\n|turn|49\n|\n|t:|1771230259\n|switch|p1a: Alomomola|Alomomola, F|99/100 tox\n|move|p2a: Muk|Knock Off|p1a: Alomomola\n|-damage|p1a: Alomomola|85/100 tox\n|\n|-heal|p2a: Muk|100/100|[from] item: Leftovers\n|-damage|p1a: Alomomola|79/100 tox|[from] psn\n|upkeep\n|turn|50\n|\n|t:|1771230265\n|move|p2a: Muk|Curse|p2a: Muk\n|-unboost|p2a: Muk|spe|1\n|-boost|p2a: Muk|atk|1\n|-boost|p2a: Muk|def|1\n|move|p1a: Alomomola|Flip Turn|p2a: Muk\n|-damage|p2a: Muk|90/100\n|\n|t:|1771230267\n|switch|p1a: Hydrapple|Hydrapple, F, shiny|75/100 tox|[from] Flip Turn\n|\n|-heal|p2a: Muk|96/100|[from] item: Leftovers\n|-damage|p1a: Hydrapple|69/100 tox|[from] psn\n|upkeep\n|turn|51\n|\n|t:|1771230278\n|switch|p2a: Talonflame|Talonflame, M|67/100\n|move|p1a: Hydrapple|Earth Power|p2a: Talonflame\n|-immune|p2a: Talonflame\n|\n|-damage|p1a: Hydrapple|57/100 tox|[from] psn\n|upkeep\n|turn|52\n|\n|t:|1771230285\n|switch|p1a: Alomomola|Alomomola, F|100/100 tox\n|move|p2a: Talonflame|U-turn|p1a: Alomomola\n|-damage|p1a: Alomomola|94/100 tox\n|\n|t:|1771230289\n|switch|p2a: Latios|Latios, M|89/100|[from] U-turn\n|\n|-damage|p1a: Alomomola|88/100 tox|[from] psn\n|upkeep\n|turn|53\n|\n|t:|1771230292\n|move|p2a: Latios|Future Sight|p1a: Alomomola\n|-start|p2a: Latios|move: Future Sight\n|move|p1a: Alomomola|Mirror Coat||[still]\n|-fail|p1a: Alomomola\n|\n|-damage|p1a: Alomomola|75/100 tox|[from] psn\n|upkeep\n|turn|54\n|\n|t:|1771230298\n|switch|p2a: Muk|Muk-Alola, M|96/100\n|move|p1a: Alomomola|Flip Turn|p2a: Muk\n|-damage|p2a: Muk|79/100\n|\n|t:|1771230311\n|switch|p1a: Hydrapple|Hydrapple, F, shiny|90/100 tox|[from] Flip Turn\n|\n|-heal|p2a: Muk|85/100|[from] item: Leftovers\n|-damage|p1a: Hydrapple|84/100 tox|[from] psn\n|upkeep\n|turn|55\n|\n|t:|1771230315\n|switch|p2a: Iron Hands|Iron Hands, tera:Grass|45/100\n|switch|p1a: Alomomola|Alomomola, F|100/100 tox\n|\n|-end|p1a: Alomomola|move: Future Sight\n|-damage|p1a: Alomomola|24/100 tox\n|-heal|p2a: Iron Hands|51/100|[from] item: Leftovers\n|-damage|p1a: Alomomola|17/100 tox|[from] psn\n|upkeep\n|turn|56\n|\n|t:|1771230321\n|switch|p1a: Slowking|Slowking-Galar, M|100/100\n|move|p2a: Iron Hands|Supercell Slam|p1a: Slowking\n|-damage|p1a: Slowking|52/100\n|\n|-heal|p2a: Iron Hands|57/100|[from] item: Leftovers\n|-heal|p1a: Slowking|58/100|[from] item: Leftovers\n|upkeep\n|turn|57\n|\n|t:|1771230328\n|move|p2a: Iron Hands|Supercell Slam|p1a: Slowking\n|-damage|p1a: Slowking|12/100\n|-prepare|p1a: Slowking|Chilly Reception|[premajor]\n|move|p1a: Slowking|Chilly Reception|p1a: Slowking\n|-weather|Snowscape\n|\n|t:|1771230330\n|switch|p1a: Cinderace|Cinderace, M|100/100|[from] Chilly Reception\n|\n|-weather|Snowscape|[upkeep]\n|-heal|p2a: Iron Hands|64/100|[from] item: Leftovers\n|upkeep\n|turn|58\n|\n|t:|1771230335\n|-end|p2a: Iron Hands|Quark Drive|[silent]\n|switch|p2a: Talonflame|Talonflame, M|67/100\n|move|p1a: Cinderace|Pyro Ball|p2a: Talonflame\n|-resisted|p2a: Talonflame\n|-damage|p2a: Talonflame|30/100\n|\n|-weather|Snowscape|[upkeep]\n|upkeep\n|turn|59\n|\n|t:|1771230340\n|move|p2a: Talonflame|Roost|p2a: Talonflame\n|-heal|p2a: Talonflame|80/100\n|-singleturn|p2a: Talonflame|move: Roost\n|move|p1a: Cinderace|High Jump Kick|p2a: Talonflame\n|-start|p1a: Cinderace|typechange|Fighting|[from] ability: Libero\n|-damage|p2a: Talonflame|6/100\n|-status|p1a: Cinderace|brn|[from] ability: Flame Body|[of] p2a: Talonflame\n|\n|-weather|Snowscape|[upkeep]\n|-damage|p1a: Cinderace|95/100 brn|[from] brn\n|upkeep\n|turn|60\n|\n|t:|1771230353\n|move|p2a: Talonflame|Roost|p2a: Talonflame\n|-heal|p2a: Talonflame|56/100\n|-singleturn|p2a: Talonflame|move: Roost\n|move|p1a: Cinderace|U-turn|p2a: Talonflame\n|-resisted|p2a: Talonflame\n|-damage|p2a: Talonflame|49/100\n|\n|t:|1771230356\n|switch|p1a: Hydrapple|Hydrapple, F, shiny|100/100 tox|[from] U-turn\n|\n|-weather|Snowscape|[upkeep]\n|-damage|p1a: Hydrapple|94/100 tox|[from] psn\n|upkeep\n|turn|61\n|\n|t:|1771230365\n|move|p2a: Talonflame|Flamethrower|p1a: Hydrapple\n|-damage|p1a: Hydrapple|69/100 tox\n|move|p1a: Hydrapple|Draco Meteor|p2a: Talonflame\n|-damage|p2a: Talonflame|0 fnt\n|-unboost|p1a: Hydrapple|spa|2\n|faint|p2a: Talonflame\n|\n|-weather|none\n|-damage|p1a: Hydrapple|57/100 tox|[from] psn\n|upkeep\n|\n|t:|1771230371\n|switch|p2a: Muk|Muk-Alola, M|85/100\n|turn|62\n|\n|t:|1771230374\n|switch|p1a: Alomomola|Alomomola, F|51/100 tox\n|move|p2a: Muk|Curse|p2a: Muk\n|-unboost|p2a: Muk|spe|1\n|-boost|p2a: Muk|atk|1\n|-boost|p2a: Muk|def|1\n|\n|-heal|p2a: Muk|91/100|[from] item: Leftovers\n|-damage|p1a: Alomomola|45/100 tox|[from] psn\n|upkeep\n|turn|63\n|\n|t:|1771230378\n|move|p1a: Alomomola|Wish|p1a: Alomomola\n|move|p2a: Muk|Curse|p2a: Muk\n|-unboost|p2a: Muk|spe|1\n|-boost|p2a: Muk|atk|1\n|-boost|p2a: Muk|def|1\n|\n|-heal|p2a: Muk|97/100|[from] item: Leftovers\n|-damage|p1a: Alomomola|32/100 tox|[from] psn\n|upkeep\n|turn|64\n|\n|t:|1771230384\n|move|p1a: Alomomola|Flip Turn|p2a: Muk\n|-damage|p2a: Muk|87/100\n|\n|t:|1771230385\n|switch|p1a: Hydrapple|Hydrapple, F, shiny|90/100 tox|[from] Flip Turn\n|move|p2a: Muk|Curse|p2a: Muk\n|-unboost|p2a: Muk|spe|1\n|-boost|p2a: Muk|atk|1\n|-boost|p2a: Muk|def|1\n|\n|-heal|p1a: Hydrapple|100/100 tox|[from] move: Wish|[wisher] Alomomola\n|-heal|p2a: Muk|93/100|[from] item: Leftovers\n|-damage|p1a: Hydrapple|94/100 tox|[from] psn\n|upkeep\n|turn|65\n|\n|t:|1771230393\n|move|p1a: Hydrapple|Earth Power|p2a: Muk\n|-supereffective|p2a: Muk\n|-damage|p2a: Muk|30/100\n|-unboost|p2a: Muk|spd|1\n|move|p2a: Muk|Knock Off|p1a: Hydrapple\n|-damage|p1a: Hydrapple|19/100 tox\n|-enditem|p1a: Hydrapple|Choice Specs|[from] move: Knock Off|[of] p2a: Muk\n|\n|-heal|p2a: Muk|36/100|[from] item: Leftovers\n|-damage|p1a: Hydrapple|7/100 tox|[from] psn\n|upkeep\n|turn|66\n|\n|t:|1771230412\n|move|p1a: Hydrapple|Draco Meteor|p2a: Muk\n|-damage|p2a: Muk|0 fnt\n|-unboost|p1a: Hydrapple|spa|2\n|faint|p2a: Muk\n|\n|-damage|p1a: Hydrapple|0 fnt|[from] psn\n|faint|p1a: Hydrapple\n|upkeep\n|\n|t:|1771230420\n|switch|p2a: Latios|Latios, M|89/100\n|switch|p1a: Cinderace|Cinderace, M|95/100 brn\n|turn|67\n|\n|t:|1771230425\n|move|p2a: Latios|Luster Purge|p1a: Cinderace\n|-damage|p1a: Cinderace|27/100 brn\n|move|p1a: Cinderace|U-turn|p2a: Latios\n|-start|p1a: Cinderace|typechange|Bug|[from] ability: Libero\n|-supereffective|p2a: Latios\n|-damage|p2a: Latios|38/100\n|\n|t:|1771230427\n|switch|p1a: Slowking|Slowking-Galar, M|45/100|[from] U-turn\n|\n|-heal|p1a: Slowking|52/100|[from] item: Leftovers\n|upkeep\n|turn|68\n|\n|t:|1771230431\n|move|p2a: Latios|Luster Purge|p1a: Slowking\n|-damage|p1a: Slowking|21/100\n|move|p1a: Slowking|Toxic|p2a: Latios\n|-status|p2a: Latios|tox\n|\n|-heal|p1a: Slowking|27/100|[from] item: Leftovers\n|-damage|p2a: Latios|32/100 tox|[from] psn\n|upkeep\n|turn|69\n|\n|t:|1771230445\n|switch|p1a: Alomomola|Alomomola, F|65/100 tox\n|move|p2a: Latios|Luster Purge|p1a: Alomomola\n|-damage|p1a: Alomomola|10/100 tox\n|-unboost|p1a: Alomomola|spd|1\n|\n|-damage|p2a: Latios|20/100 tox|[from] psn\n|-damage|p1a: Alomomola|4/100 tox|[from] psn\n|upkeep\n|turn|70\n|\n|t:|1771230461\n|switch|p1a: Cinderace|Cinderace, M|27/100 brn\n|move|p2a: Latios|Luster Purge|p1a: Cinderace\n|-damage|p1a: Cinderace|0 fnt\n|faint|p1a: Cinderace\n|\n|-damage|p2a: Latios|2/100 tox|[from] psn\n|upkeep\n|\n|t:|1771230464\n|switch|p1a: Slowking|Slowking-Galar, M|60/100\n|turn|71\n|\n|t:|1771230467\n|move|p2a: Latios|Luster Purge|p1a: Slowking\n|-damage|p1a: Slowking|33/100\n|move|p1a: Slowking|Future Sight|p2a: Latios\n|-start|p1a: Slowking|move: Future Sight\n|\n|-heal|p1a: Slowking|40/100|[from] item: Leftovers\n|-damage|p2a: Latios|0 fnt|[from] psn\n|faint|p2a: Latios\n|upkeep\n|\n|t:|1771230472\n|switch|p2a: Iron Hands|Iron Hands, tera:Grass|64/100\n|turn|72\n|\n|t:|1771230493\n|move|p2a: Iron Hands|Swords Dance|p2a: Iron Hands\n|-boost|p2a: Iron Hands|atk|2\n|move|p1a: Slowking|Toxic|p2a: Iron Hands\n|-status|p2a: Iron Hands|tox\n|\n|-heal|p2a: Iron Hands|70/100 tox|[from] item: Leftovers\n|-heal|p1a: Slowking|46/100|[from] item: Leftovers\n|-damage|p2a: Iron Hands|64/100 tox|[from] psn\n|upkeep\n|turn|73\n|\n|t:|1771230498\n|move|p2a: Iron Hands|Drain Punch|p1a: Slowking\n|-resisted|p1a: Slowking\n|-damage|p1a: Slowking|29/100\n|-heal|p2a: Iron Hands|70/100 tox|[from] drain|[of] p1a: Slowking\n|-prepare|p1a: Slowking|Chilly Reception|[premajor]\n|move|p1a: Slowking|Chilly Reception|p1a: Slowking\n|-weather|Snowscape\n|\n|t:|1771230500\n|switch|p1a: Alomomola|Alomomola, F|37/100 tox|[from] Chilly Reception\n|\n|-weather|Snowscape|[upkeep]\n|-end|p2a: Iron Hands|move: Future Sight\n|-damage|p2a: Iron Hands|29/100 tox\n|-heal|p2a: Iron Hands|35/100 tox|[from] item: Leftovers\n|-damage|p2a: Iron Hands|22/100 tox|[from] psn\n|-damage|p1a: Alomomola|31/100 tox|[from] psn\n|upkeep\n|turn|74\n|\n|t:|1771230506\n|move|p1a: Alomomola|Protect|p1a: Alomomola\n|-singleturn|p1a: Alomomola|Protect\n|move|p2a: Iron Hands|Supercell Slam|p1a: Alomomola\n|-activate|p1a: Alomomola|move: Protect\n|-damage|p2a: Iron Hands|0 fnt|[from] supercellslam\n|faint|p2a: Iron Hands\n|-end|p2a: Iron Hands|Quark Drive|[silent]\n|\n|win|tuanquewang\n|raw|tuanquewang's rating: 1714 &rarr; <strong>1731</strong><br />(+17 for winning)\n|raw|Hgfhhfghfff's rating: 1665 &rarr; <strong>1648</strong><br />(-17 for losing)\n|l|☆Hgfhhfghfff\n|player|p2|\n|l|☆tuanquewang\n|player|p1|\n", "uploadtime": 1771230686, "views": 8, "formatid": "gen9ou", "rating": 1648, "private": 0, "password": null}