{"id": "gen9ou-2540879286", "format": "[Gen 9] OU", "players": ["negritude1", "owl_with_scarf"], "log": "|j|☆negritude1\n|j|☆owl_with_scarf\n|t:|1771263296\n|gametype|singles\n|player|p1|negritude1|marlon|1549\n|player|p2|owl_with_scarf|#owlwithscarf|1477\n|gen|9\n|tier|[Gen 9] OU\n|rated|\n|rule|HP Percentage Mod: HP is shown in percentages\n|rule|Endless Battle Clause: Forcing endless battles is banned\n|rule|Species Clause: Limit one of each Pokémon\n|rule|OHKO Clause: OHKO moves are banned\n|rule|Evasion Items Clause: Evasion items are banned\n|rule|Evasion Moves Clause: Evasion moves are banned\n|rule|Evasion Abilities Clause: Evasion abilities are banned\n|rule|Sleep Moves Clause: Sleep-inducing moves are banned\n|clearpoke\n|poke|p1|Clodsire, M|\n|poke|p1|Primarina, F|\n|poke|p1|Dragapult, F|\n|poke|p1|Skeledirge, M|\n|poke|p1|Corviknight, M|\n|poke|p1|Samurott-Hisui, F|\n|poke|p2|Tyranitar, M|\n|poke|p2|Excadrill, F|\n|poke|p2|Hatterene, F|\n|poke|p2|Diancie|\n|poke|p2|Kyurem|\n|poke|p2|Charizard, F|\n|teampreview\n|inactive|Battle timer is ON: inactive players will automatically lose when time's up. (requested by owl_with_scarf)\n|\n|t:|1771263302\n|teamsize|p1|6\n|teamsize|p2|6\n|start\n|switch|p1a: Primarina|Primarina, F|100/100\n|switch|p2a: Slither Conspiracy|Kyurem|100/100\n|-ability|p2a: Slither Conspiracy|Pressure\n|turn|1\n|\n|t:|1771263305\n|move|p2a: Slither Conspiracy|Freeze-Dry|p1a: Primarina\n|-supereffective|p1a: Primarina\n|-damage|p1a: Primarina|0 fnt\n|faint|p1a: Primarina\n|\n|upkeep\n|\n|t:|1771263310\n|switch|p1a: Dragapult|Dragapult, F|100/100\n|turn|2\n|\n|t:|1771263318\n|switch|p2a: Block List|Hatterene, F|100/100\n|move|p1a: Dragapult|U-turn|p2a: Block List\n|-damage|p2a: Block List|65/100\n|\n|t:|1771263322\n|switch|p1a: Samurott|Samurott-Hisui, F|100/100|[from] U-turn\n|\n|upkeep\n|turn|3\n|\n|t:|1771263326\n|move|p1a: Samurott|Ceaseless Edge|p2a: Block List\n|-damage|p2a: Block List|0 fnt\n|-sidestart|p2: owl_with_scarf|Spikes\n|faint|p2a: Block List\n|\n|upkeep\n|\n|t:|1771263330\n|switch|p2a: Slither Conspiracy|Kyurem|100/100\n|-damage|p2a: Slither Conspiracy|88/100|[from] Spikes\n|-ability|p2a: Slither Conspiracy|Pressure\n|turn|4\n|\n|t:|1771263336\n|-terastallize|p1a: Samurott|Dark\n|move|p1a: Samurott|Ceaseless Edge|p2a: Slither Conspiracy\n|-damage|p2a: Slither Conspiracy|0 fnt\n|-sidestart|p2: owl_with_scarf|Spikes\n|faint|p2a: Slither Conspiracy\n|\n|upkeep\n|\n|t:|1771263342\n|switch|p2a: American Tt|Tyranitar, M|100/100\n|-damage|p2a: American Tt|84/100|[from] Spikes\n|-weather|Sandstorm|[from] ability: Sand Stream|[of] p2a: American Tt\n|turn|5\n|\n|t:|1771263346\n|switch|p1a: Corviknight|Corviknight, M|100/100\n|-ability|p1a: Corviknight|Pressure\n|move|p2a: American Tt|Stone Edge|p1a: Corviknight\n|-damage|p1a: Corviknight|55/100\n|-damage|p2a: American Tt|74/100|[from] item: Life Orb\n|\n|-weather|Sandstorm|[upkeep]\n|-heal|p1a: Corviknight|61/100|[from] item: Leftovers\n|upkeep\n|turn|6\n|\n|t:|1771263350\n|move|p1a: Corviknight|U-turn|p2a: American Tt\n|-supereffective|p2a: American Tt\n|-damage|p2a: American Tt|53/100\n|\n|t:|1771263357\n|switch|p1a: Clodsire|Clodsire, M|100/100|[from] U-turn\n|move|p2a: American Tt|Knock Off|p1a: Clodsire\n|-damage|p1a: Clodsire|20/100\n|-enditem|p1a: Clodsire|Black Sludge|[from] move: Knock Off|[of] p2a: American Tt\n|-damage|p2a: American Tt|43/100|[from] item: Life Orb\n|\n|-weather|Sandstorm|[upkeep]\n|upkeep\n|turn|7\n|\n|t:|1771263361\n|move|p2a: American Tt|Knock Off|p1a: Clodsire\n|-damage|p1a: Clodsire|0 fnt\n|faint|p1a: Clodsire\n|-damage|p2a: American Tt|33/100|[from] item: Life Orb\n|\n|-weather|Sandstorm|[upkeep]\n|upkeep\n|\n|t:|1771263382\n|switch|p1a: Samurott|Samurott-Hisui, F, tera:Dark|100/100\n|turn|8\n|\n|t:|1771263385\n|move|p1a: Samurott|Aqua Cutter|p2a: American Tt\n|-supereffective|p2a: American Tt\n|-damage|p2a: American Tt|0 fnt\n|faint|p2a: American Tt\n|\n|-weather|Sandstorm|[upkeep]\n|-damage|p1a: Samurott|94/100|[from] Sandstorm\n|upkeep\n|\n|t:|1771263387\n|switch|p2a: Backyard Boogie|Excadrill, F|100/100\n|-damage|p2a: Backyard Boogie|84/100|[from] Spikes\n|turn|9\n|\n|t:|1771263392\n|switch|p1a: Corviknight|Corviknight, M|61/100\n|-ability|p1a: Corviknight|Pressure\n|move|p2a: Backyard Boogie|Iron Head|p1a: Corviknight\n|-resisted|p1a: Corviknight\n|-damage|p1a: Corviknight|44/100\n|-damage|p2a: Backyard Boogie|74/100|[from] item: Life Orb\n|\n|-weather|none\n|-heal|p1a: Corviknight|50/100|[from] item: Leftovers\n|upkeep\n|turn|10\n|\n|t:|1771263395\n|switch|p2a: Critical|Charizard, F|100/100\n|move|p1a: Corviknight|Roost|p1a: Corviknight\n|-heal|p1a: Corviknight|99/100\n|-singleturn|p1a: Corviknight|move: Roost\n|\n|-heal|p1a: Corviknight|100/100|[from] item: Leftovers\n|upkeep\n|turn|11\n|\n|t:|1771263399\n|switch|p1a: Skeledirge|Skeledirge, M|100/100\n|move|p2a: Critical|Belly Drum|p2a: Critical\n|-damage|p2a: Critical|50/100\n|-setboost|p2a: Critical|atk|6|[from] move: Belly Drum\n|-enditem|p2a: Critical|Sitrus Berry|[eat]\n|-heal|p2a: Critical|75/100|[from] item: Sitrus Berry\n|\n|upkeep\n|turn|12\n|\n|t:|1771263418\n|move|p2a: Critical|Earthquake|p1a: Skeledirge\n|-supereffective|p1a: Skeledirge\n|-damage|p1a: Skeledirge|69/100\n|move|p1a: Skeledirge|Hex|p2a: Critical\n|-damage|p2a: Critical|45/100\n|\n|upkeep\n|turn|13\n|\n|t:|1771263421\n|move|p2a: Critical|Earthquake|p1a: Skeledirge\n|-supereffective|p1a: Skeledirge\n|-damage|p1a: Skeledirge|40/100\n|move|p1a: Skeledirge|Hex|p2a: Critical\n|-crit|p2a: Critical\n|-damage|p2a: Critical|2/100\n|\n|upkeep\n|turn|14\n|inactive|negritude1 has 120 seconds left.\n|\n|t:|1771263453\n|-terastallize|p2a: Critical|Ground\n|move|p2a: Critical|Earthquake|p1a: Skeledirge\n|-supereffective|p1a: Skeledirge\n|-damage|p1a: Skeledirge|0 fnt\n|faint|p1a: Skeledirge\n|\n|upkeep\n|inactive|negritude1 has 120 seconds left.\n|\n|t:|1771263459\n|switch|p1a: Samurott|Samurott-Hisui, F, tera:Dark|94/100\n|turn|15\n|\n|t:|1771263464\n|move|p1a: Samurott|Aqua Jet|p2a: Critical\n|-supereffective|p2a: Critical\n|-damage|p2a: Critical|0 fnt\n|faint|p2a: Critical\n|\n|upkeep\n|\n|t:|1771263466\n|switch|p2a: Crack House|Diancie|100/100\n|-damage|p2a: Crack House|84/100|[from] Spikes\n|turn|16\n|\n|t:|1771263473\n|switch|p1a: Corviknight|Corviknight, M|100/100\n|-ability|p1a: Corviknight|Pressure\n|move|p2a: Crack House|Trick Room|p2a: Crack House\n|-fieldstart|move: Trick Room|[of] p2a: Crack House\n|\n|upkeep\n|turn|17\n|\n|t:|1771263479\n|move|p2a: Crack House|Meteor Beam||[still]\n|-prepare|p2a: Crack House|Meteor Beam\n|-boost|p2a: Crack House|spa|1\n|-enditem|p2a: Crack House|Power Herb\n|-anim|p2a: Crack House|Meteor Beam|p1a: Corviknight\n|-damage|p1a: Corviknight|18/100\n|move|p1a: Corviknight|Brave Bird|p2a: Crack House\n|-resisted|p2a: Crack House\n|-damage|p2a: Crack House|68/100\n|-damage|p1a: Corviknight|14/100|[from] Recoil\n|\n|-heal|p1a: Corviknight|20/100|[from] item: Leftovers\n|upkeep\n|turn|18\n|\n|t:|1771263487\n|move|p2a: Crack House|Moonblast|p1a: Corviknight\n|-resisted|p1a: Corviknight\n|-damage|p1a: Corviknight|0 fnt\n|faint|p1a: Corviknight\n|\n|upkeep\n|\n|t:|1771263490\n|switch|p1a: Samurott|Samurott-Hisui, F, tera:Dark|94/100\n|turn|19\n|\n|t:|1771263492\n|move|p1a: Samurott|Aqua Jet|p2a: Crack House\n|-supereffective|p2a: Crack House\n|-damage|p2a: Crack House|25/100\n|move|p2a: Crack House|Moonblast|p1a: Samurott\n|-supereffective|p1a: Samurott\n|-damage|p1a: Samurott|0 fnt\n|faint|p1a: Samurott\n|\n|upkeep\n|\n|t:|1771263495\n|switch|p1a: Dragapult|Dragapult, F|100/100\n|turn|20\n|\n|t:|1771263496\n|move|p2a: Crack House|Moonblast|p1a: Dragapult\n|-supereffective|p1a: Dragapult\n|-damage|p1a: Dragapult|0 fnt\n|faint|p1a: Dragapult\n|\n|win|owl_with_scarf\n|raw|negritude1's rating: 1549 &rarr; <strong>1525</strong><br />(-24 for losing)\n|raw|owl_with_scarf's rating: 1477 &rarr; <strong>1501</strong><br />(+24 for winning)\n|l|☆owl_with_scarf\n|player|p2|\n|j|☆owl_with_scarf\n|player|p2|owl_with_scarf|#owlwithscarf|\n|l|☆negritude1\n|player|p1|\n|l|☆owl_with_scarf\n|player|p2|\n", "uploadtime": 1771263499, "views": 10, "formatid": "gen9ou", "rating": 1501, "private": 0, "password": null}