{"id": "gen9ou-2639985905", "format": "[Gen 9] OU", "players": ["RuSh1629", "brodiewhat"], "log": "|j|☆RuSh1629\n|j|☆brodiewhat\n|t:|1782558501\n|gametype|singles\n|player|p1|RuSh1629|169|1593\n|player|p2|brodiewhat|palmer|1663\n|gen|9\n|tier|[Gen 9] OU\n|rated|\n|rule|HP Percentage Mod: HP is shown in percentages\n|rule|Endless Battle Clause: Forcing endless battles is banned\n|rule|Species Clause: Limit one of each Pokémon\n|rule|OHKO Clause: OHKO moves are banned\n|rule|Evasion Items Clause: Evasion items are banned\n|rule|Evasion Moves Clause: Evasion moves are banned\n|rule|Evasion Abilities Clause: Evasion abilities are banned\n|rule|Sleep Moves Clause: Sleep-inducing moves are banned\n|clearpoke\n|poke|p1|Pawmot, M|\n|poke|p1|Sinistcha|\n|poke|p1|Iron Crown|\n|poke|p1|Scream Tail|\n|poke|p1|Zamazenta-*|\n|poke|p1|Samurott-Hisui, F|\n|poke|p2|Tornadus, M|\n|poke|p2|Hoopa-Unbound|\n|poke|p2|Brambleghast, M|\n|poke|p2|Armarouge, M|\n|poke|p2|Hatterene, F|\n|poke|p2|Ogerpon-Cornerstone, F|\n|teampreview\n|inactive|Battle timer is ON: inactive players will automatically lose when time's up. (requested by brodiewhat)\n|inactive|brodiewhat has 120 seconds left.\n|\n|t:|1782558534\n|teamsize|p1|6\n|teamsize|p2|6\n|start\n|switch|p1a: Iron Crown|Iron Crown|100/100\n|switch|p2a: Tornadus|Tornadus, M|100/100\n|turn|1\n|\n|t:|1782558539\n|move|p2a: Tornadus|Tailwind|p2a: Tornadus\n|-sidestart|p2: brodiewhat|move: Tailwind\n|move|p1a: Iron Crown|Volt Switch|p2a: Tornadus\n|-supereffective|p2a: Tornadus\n|-damage|p2a: Tornadus|38/100\n|-enditem|p2a: Tornadus|Eject Button\n|j| firecharmander004\n|\n|t:|1782558544\n|switch|p2a: Brambleghast|Brambleghast, M|100/100\n|-ability|p2a: Brambleghast|Wind Rider|boost\n|-boost|p2a: Brambleghast|atk|1\n|\n|upkeep\n|turn|2\n|inactive|RuSh1629 has 120 seconds left.\n|\n|t:|1782558577\n|-end|p1a: Iron Crown|Quark Drive|[silent]\n|switch|p1a: Zamazenta|Zamazenta|100/100\n|-ability|p1a: Zamazenta|Dauntless Shield|boost\n|-boost|p1a: Zamazenta|def|1\n|move|p2a: Brambleghast|Poltergeist|p1a: Zamazenta|[miss]\n|-miss|p2a: Brambleghast|p1a: Zamazenta\n|\n|upkeep\n|turn|3\n|l| firecharmander004\n|\n|t:|1782558598\n|move|p2a: Brambleghast|Power Whip|p1a: Zamazenta\n|-damage|p1a: Zamazenta|37/100\n|-damage|p2a: Brambleghast|91/100|[from] item: Life Orb\n|move|p1a: Zamazenta|Substitute|p1a: Zamazenta\n|-start|p1a: Zamazenta|Substitute\n|-damage|p1a: Zamazenta|12/100\n|\n|-heal|p1a: Zamazenta|18/100|[from] item: Leftovers\n|upkeep\n|turn|4\n|\n|t:|1782558606\n|move|p2a: Brambleghast|Poltergeist|p1a: Zamazenta\n|-activate|p1a: Zamazenta|move: Poltergeist|Leftovers\n|-crit|p1a: Zamazenta\n|-end|p1a: Zamazenta|Substitute\n|-damage|p2a: Brambleghast|81/100|[from] item: Life Orb\n|move|p1a: Zamazenta|Crunch|p2a: Brambleghast\n|-supereffective|p2a: Brambleghast\n|-damage|p2a: Brambleghast|6/100\n|\n|-heal|p1a: Zamazenta|24/100|[from] item: Leftovers\n|-sideend|p2: brodiewhat|move: Tailwind\n|upkeep\n|turn|5\n|\n|t:|1782558617\n|switch|p2a: Armarouge|Armarouge, M|100/100\n|move|p1a: Zamazenta|Crunch|p2a: Armarouge\n|-supereffective|p2a: Armarouge\n|-damage|p2a: Armarouge|58/100\n|-unboost|p2a: Armarouge|def|1\n|-ability|p2a: Armarouge|Weak Armor|boost\n|-unboost|p2a: Armarouge|def|1\n|-boost|p2a: Armarouge|spe|2\n|\n|-heal|p1a: Zamazenta|31/100|[from] item: Leftovers\n|upkeep\n|turn|6\n|j| firecharmander004\n|\n|t:|1782558639\n|switch|p1a: Scream Tail|Scream Tail|100/100\n|move|p2a: Armarouge|Armor Cannon|p1a: Scream Tail\n|-damage|p1a: Scream Tail|50/100\n|-unboost|p2a: Armarouge|def|1\n|-unboost|p2a: Armarouge|spd|1\n|\n|upkeep\n|turn|7\n|\n|t:|1782558648\n|move|p2a: Armarouge|Armor Cannon|p1a: Scream Tail\n|-damage|p1a: Scream Tail|1/100\n|-unboost|p2a: Armarouge|def|1\n|-unboost|p2a: Armarouge|spd|1\n|move|p1a: Scream Tail|Stealth Rock|p2a: Armarouge\n|-sidestart|p2: brodiewhat|move: Stealth Rock\n|\n|upkeep\n|turn|8\n|\n|t:|1782558657\n|move|p2a: Armarouge|Armor Cannon|p1a: Scream Tail\n|-damage|p1a: Scream Tail|0 fnt\n|-unboost|p2a: Armarouge|def|1\n|-unboost|p2a: Armarouge|spd|1\n|faint|p1a: Scream Tail\n|-end|p1a: Scream Tail|Protosynthesis|[silent]\n|\n|upkeep\n|\n|t:|1782558659\n|switch|p1a: Samurott|Samurott-Hisui, F|100/100\n|turn|9\n|\n|t:|1782558669\n|switch|p2a: Brambleghast|Brambleghast, M|6/100\n|-damage|p2a: Brambleghast|0 fnt|[from] Stealth Rock\n|faint|p2a: Brambleghast\n|switch|p1a: Zamazenta|Zamazenta|31/100\n|\n|-heal|p1a: Zamazenta|37/100|[from] item: Leftovers\n|upkeep\n|\n|t:|1782558678\n|switch|p2a: Tornadus|Tornadus, M|38/100\n|-damage|p2a: Tornadus|13/100|[from] Stealth Rock\n|turn|10\n|\n|t:|1782558683\n|move|p2a: Tornadus|Tailwind|p2a: Tornadus\n|-sidestart|p2: brodiewhat|move: Tailwind\n|move|p1a: Zamazenta|Crunch|p2a: Tornadus\n|-damage|p2a: Tornadus|0 fnt\n|faint|p2a: Tornadus\n|\n|-heal|p1a: Zamazenta|43/100|[from] item: Leftovers\n|upkeep\n|\n|t:|1782558696\n|switch|p2a: Armarouge|Armarouge, M|58/100\n|-damage|p2a: Armarouge|33/100|[from] Stealth Rock\n|turn|11\n|inactive|RuSh1629 has 120 seconds left.\n|\n|t:|1782558733\n|switch|p1a: Sinistcha|Sinistcha|100/100\n|move|p2a: Armarouge|Armor Cannon|p1a: Sinistcha\n|-supereffective|p1a: Sinistcha\n|-damage|p1a: Sinistcha|17/100\n|-unboost|p2a: Armarouge|def|1\n|-unboost|p2a: Armarouge|spd|1\n|\n|-heal|p1a: Sinistcha|23/100|[from] item: Leftovers\n|upkeep\n|turn|12\n|inactive|RuSh1629 has 120 seconds left.\n|\n|t:|1782558742\n|move|p2a: Armarouge|Armor Cannon|p1a: Sinistcha\n|-supereffective|p1a: Sinistcha\n|-damage|p1a: Sinistcha|0 fnt\n|-unboost|p2a: Armarouge|def|1\n|-unboost|p2a: Armarouge|spd|1\n|faint|p1a: Sinistcha\n|\n|upkeep\n|\n|t:|1782558744\n|switch|p1a: Samurott|Samurott-Hisui, F|100/100\n|turn|13\n|\n|t:|1782558747\n|move|p1a: Samurott|Aqua Jet|p2a: Armarouge\n|-supereffective|p2a: Armarouge\n|-damage|p2a: Armarouge|0 fnt\n|faint|p2a: Armarouge\n|\n|-sideend|p2: brodiewhat|move: Tailwind\n|upkeep\n|\n|t:|1782558753\n|switch|p2a: Ogerpon|Ogerpon-Cornerstone, F|100/100\n|-damage|p2a: Ogerpon|88/100|[from] Stealth Rock\n|turn|14\n|\n|t:|1782558762\n|switch|p1a: Iron Crown|Iron Crown|100/100\n|move|p2a: Ogerpon|Trailblaze|p1a: Iron Crown\n|-resisted|p1a: Iron Crown\n|-damage|p1a: Iron Crown|84/100\n|-boost|p2a: Ogerpon|spe|1\n|\n|upkeep\n|turn|15\n|\n|t:|1782558769\n|move|p2a: Ogerpon|Horn Leech|p1a: Iron Crown\n|-resisted|p1a: Iron Crown\n|-damage|p1a: Iron Crown|56/100\n|-heal|p2a: Ogerpon|100/100|[from] drain|[of] p1a: Iron Crown\n|move|p1a: Iron Crown|Volt Switch|p2a: Ogerpon\n|-resisted|p2a: Ogerpon\n|-damage|p2a: Ogerpon|89/100\n|l| firecharmander004\n|\n|t:|1782558787\n|-end|p1a: Iron Crown|Quark Drive|[silent]\n|switch|p1a: Zamazenta|Zamazenta|43/100|[from] Volt Switch\n|\n|-heal|p1a: Zamazenta|49/100|[from] item: Leftovers\n|upkeep\n|turn|16\n|inactive|RuSh1629 has 120 seconds left.\n|\n|t:|1782558828\n|move|p2a: Ogerpon|Horn Leech|p1a: Zamazenta\n|-damage|p1a: Zamazenta|15/100\n|-heal|p2a: Ogerpon|100/100|[from] drain|[of] p1a: Zamazenta\n|move|p1a: Zamazenta|Body Press|p2a: Ogerpon\n|-supereffective|p2a: Ogerpon\n|-damage|p2a: Ogerpon|22/100\n|\n|-heal|p1a: Zamazenta|21/100|[from] item: Leftovers\n|upkeep\n|turn|17\n|\n|t:|1782558844\n|move|p2a: Ogerpon|Horn Leech|p1a: Zamazenta\n|-damage|p1a: Zamazenta|0 fnt\n|-heal|p2a: Ogerpon|34/100|[from] drain|[of] p1a: Zamazenta\n|faint|p1a: Zamazenta\n|\n|upkeep\n|inactive|RuSh1629 has 90 seconds left.\n|\n|t:|1782558859\n|switch|p1a: Pawmot|Pawmot, M|100/100\n|turn|18\n|\n|t:|1782558877\n|move|p1a: Pawmot|Mach Punch|p2a: Ogerpon\n|-supereffective|p2a: Ogerpon\n|-damage|p2a: Ogerpon|0 fnt\n|faint|p2a: Ogerpon\n|-damage|p1a: Pawmot|91/100|[from] item: Life Orb\n|\n|upkeep\n|\n|t:|1782558882\n|switch|p2a: Hatterene|Hatterene, F|100/100\n|-damage|p2a: Hatterene|88/100|[from] Stealth Rock\n|turn|19\n|\n|t:|1782558907\n|switch|p1a: Iron Crown|Iron Crown|56/100\n|move|p2a: Hatterene|Trick Room|p2a: Hatterene\n|-fieldstart|move: Trick Room|[of] p2a: Hatterene\n|\n|-heal|p2a: Hatterene|94/100|[from] item: Leftovers\n|upkeep\n|turn|20\n|\n|t:|1782558921\n|move|p2a: Hatterene|Mystical Fire|p1a: Iron Crown\n|-supereffective|p1a: Iron Crown\n|-damage|p1a: Iron Crown|17/100\n|-unboost|p1a: Iron Crown|spa|1\n|move|p1a: Iron Crown|Tachyon Cutter|p2a: Hatterene\n|-supereffective|p2a: Hatterene\n|-damage|p2a: Hatterene|62/100\n|-supereffective|p2a: Hatterene\n|-damage|p2a: Hatterene|29/100\n|-hitcount|p2a: Hatterene|2\n|\n|-heal|p2a: Hatterene|35/100|[from] item: Leftovers\n|upkeep\n|turn|21\n|\n|t:|1782558932\n|-end|p1a: Iron Crown|Quark Drive|[silent]\n|switch|p1a: Samurott|Samurott-Hisui, F|100/100\n|move|p2a: Hatterene|Mystical Fire|p1a: Samurott\n|-resisted|p1a: Samurott\n|-damage|p1a: Samurott|81/100\n|-unboost|p1a: Samurott|spa|1\n|\n|-heal|p2a: Hatterene|41/100|[from] item: Leftovers\n|upkeep\n|turn|22\n|\n|t:|1782558940\n|switch|p1a: Iron Crown|Iron Crown|17/100\n|move|p2a: Hatterene|Draining Kiss|p1a: Iron Crown\n|-resisted|p1a: Iron Crown\n|-damage|p1a: Iron Crown|9/100\n|-heal|p2a: Hatterene|48/100|[from] drain|[of] p1a: Iron Crown\n|\n|-heal|p2a: Hatterene|54/100|[from] item: Leftovers\n|upkeep\n|turn|23\n|\n|t:|1782558946\n|move|p2a: Hatterene|Draining Kiss|p1a: Iron Crown\n|-resisted|p1a: Iron Crown\n|-damage|p1a: Iron Crown|0 fnt\n|-heal|p2a: Hatterene|60/100|[from] drain|[of] p1a: Iron Crown\n|faint|p1a: Iron Crown\n|-end|p1a: Iron Crown|Quark Drive|[silent]\n|\n|-heal|p2a: Hatterene|66/100|[from] item: Leftovers\n|-fieldend|move: Trick Room\n|upkeep\n|\n|t:|1782558951\n|switch|p1a: Pawmot|Pawmot, M|91/100\n|turn|24\n|\n|t:|1782558954\n|-terastallize|p1a: Pawmot|Electric\n|move|p1a: Pawmot|Double Shock|p2a: Hatterene\n|-damage|p2a: Hatterene|0 fnt\n|-start|p1a: Pawmot|typechange|Electric|[from] move: Double Shock\n|faint|p2a: Hatterene\n|-damage|p1a: Pawmot|81/100|[from] item: Life Orb\n|\n|upkeep\n|\n|t:|1782558958\n|switch|p2a: Hoopa|Hoopa-Unbound|100/100\n|-damage|p2a: Hoopa|88/100|[from] Stealth Rock\n|turn|25\n|\n|t:|1782558961\n|move|p1a: Pawmot|Double Shock|p2a: Hoopa\n|-damage|p2a: Hoopa|0 fnt\n|-start|p1a: Pawmot|typechange|Electric|[from] move: Double Shock\n|faint|p2a: Hoopa\n|-damage|p1a: Pawmot|71/100|[from] item: Life Orb\n|\n|win|RuSh1629\n|raw|RuSh1629's rating: 1593 &rarr; <strong>1617</strong><br />(+24 for winning)\n|raw|brodiewhat's rating: 1663 &rarr; <strong>1639</strong><br />(-24 for losing)\n|l|☆brodiewhat\n|player|p2|\n", "uploadtime": 1782559168, "views": 7, "formatid": "gen9ou", "rating": 1617, "private": 0, "password": null}