{"id": "gen9ou-2540642665", "format": "[Gen 9] OU", "players": ["ichaseclout", "Lucid Coffee"], "log": "|j|☆ichaseclout\n|j|☆Lucid Coffee\n|t:|1771232821\n|gametype|singles\n|player|p1|ichaseclout|2|1487\n|player|p2|Lucid Coffee|blue|1544\n|gen|9\n|tier|[Gen 9] OU\n|rated|\n|rule|HP Percentage Mod: HP is shown in percentages\n|rule|Endless Battle Clause: Forcing endless battles is banned\n|rule|Species Clause: Limit one of each Pokémon\n|rule|OHKO Clause: OHKO moves are banned\n|rule|Evasion Items Clause: Evasion items are banned\n|rule|Evasion Moves Clause: Evasion moves are banned\n|rule|Evasion Abilities Clause: Evasion abilities are banned\n|rule|Sleep Moves Clause: Sleep-inducing moves are banned\n|clearpoke\n|poke|p1|Arcanine-Hisui, F|\n|poke|p1|Iron Moth|\n|poke|p1|Cresselia, F|\n|poke|p1|Iron Valiant|\n|poke|p1|Yanmega, F|\n|poke|p1|Mandibuzz, F|\n|poke|p2|Tinkaton, F|\n|poke|p2|Ogerpon, F|\n|poke|p2|Great Tusk|\n|poke|p2|Pecharunt|\n|poke|p2|Alomomola, M|\n|poke|p2|Hydreigon, M|\n|teampreview\n|\n|t:|1771232833\n|teamsize|p1|6\n|teamsize|p2|6\n|start\n|switch|p1a: unvrseeitcoming|Yanmega, F|100/100\n|switch|p2a: Smile.exe|Tinkaton, F, shiny|100/100\n|-item|p2a: Smile.exe|Air Balloon\n|turn|1\n|inactive|Battle timer is ON: inactive players will automatically lose when time's up. (requested by ichaseclout)\n|\n|t:|1771232837\n|move|p1a: unvrseeitcoming|Protect|p1a: unvrseeitcoming\n|-singleturn|p1a: unvrseeitcoming|Protect\n|move|p2a: Smile.exe|Stealth Rock|p1a: unvrseeitcoming\n|-sidestart|p1: ichaseclout|move: Stealth Rock\n|\n|-ability|p1a: unvrseeitcoming|Speed Boost|boost\n|-boost|p1a: unvrseeitcoming|spe|1\n|upkeep\n|turn|2\n|\n|t:|1771232849\n|-terastallize|p1a: unvrseeitcoming|Fire\n|move|p1a: unvrseeitcoming|Tera Blast|p2a: Smile.exe|[anim] Tera Blast Fire\n|-supereffective|p2a: Smile.exe\n|-damage|p2a: Smile.exe|0 fnt\n|-enditem|p2a: Smile.exe|Air Balloon\n|faint|p2a: Smile.exe\n|-damage|p1a: unvrseeitcoming|91/100|[from] item: Life Orb\n|\n|-ability|p1a: unvrseeitcoming|Speed Boost|boost\n|-boost|p1a: unvrseeitcoming|spe|1\n|upkeep\n|c|☆Lucid Coffee|why don't you run ground\n|c|☆Lucid Coffee|sob\n|\n|t:|1771232874\n|switch|p2a: Pisces|Alomomola, M, shiny|100/100\n|turn|3\n|\n|t:|1771232902\n|move|p1a: unvrseeitcoming|Protect|p1a: unvrseeitcoming\n|-singleturn|p1a: unvrseeitcoming|Protect\n|move|p2a: Pisces|Mirror Coat||[still]\n|-fail|p2a: Pisces\n|\n|-ability|p1a: unvrseeitcoming|Speed Boost|boost\n|-boost|p1a: unvrseeitcoming|spe|1\n|upkeep\n|turn|4\n|\n|t:|1771232910\n|switch|p1a: bum|Mandibuzz, F|100/100\n|move|p2a: Pisces|Mirror Coat||[still]\n|-fail|p2a: Pisces\n|\n|upkeep\n|turn|5\n|\n|t:|1771232918\n|switch|p2a: Overseer|Pecharunt|100/100\n|move|p1a: bum|Defog|p2a: Overseer\n|-unboost|p2a: Overseer|evasion|1\n|-sideend|p1: ichaseclout|Stealth Rock|[from] move: Defog|[of] p1a: bum\n|\n|upkeep\n|turn|6\n|\n|t:|1771232923\n|move|p2a: Overseer|Parting Shot|p1a: bum\n|-unboost|p1a: bum|atk|1\n|-unboost|p1a: bum|spa|1\n|\n|t:|1771232929\n|switch|p2a: Hybrid|Hydreigon, M, shiny|100/100|[from] Parting Shot\n|move|p1a: bum|U-turn|p2a: Hybrid\n|-supereffective|p2a: Hybrid\n|-damage|p2a: Hybrid|84/100\n|inactive|ichaseclout has 120 seconds left.\n|\n|t:|1771232963\n|switch|p1a: boom|Iron Moth|100/100|[from] U-turn\n|\n|upkeep\n|turn|7\n|\n|t:|1771232970\n|move|p1a: boom|Sludge Wave|p2a: Hybrid\n|-damage|p2a: Hybrid|0 fnt\n|faint|p2a: Hybrid\n|\n|upkeep\n|\n|t:|1771232979\n|switch|p2a: Pisces|Alomomola, M, shiny|100/100\n|turn|8\n|\n|t:|1771232994\n|-end|p1a: boom|Quark Drive|[silent]\n|switch|p1a: bum|Mandibuzz, F|100/100\n|move|p2a: Pisces|Flip Turn|p1a: bum\n|-damage|p1a: bum|89/100\n|\n|t:|1771233007\n|switch|p2a: Overseer|Pecharunt|100/100|[from] Flip Turn\n|\n|upkeep\n|turn|9\n|\n|t:|1771233011\n|move|p2a: Overseer|Malignant Chain|p1a: bum\n|-damage|p1a: bum|68/100\n|move|p1a: bum|U-turn|p2a: Overseer\n|-resisted|p2a: Overseer\n|-damage|p2a: Overseer|99/100\n|-damage|p1a: bum|51/100|[from] item: Rocky Helmet|[of] p2a: Overseer\n|\n|t:|1771233018\n|switch|p1a: boom|Iron Moth|100/100|[from] U-turn\n|\n|upkeep\n|turn|10\n|\n|t:|1771233026\n|-end|p1a: boom|Quark Drive|[silent]\n|switch|p1a: bum|Mandibuzz, F|51/100\n|switch|p2a: Pisces|Alomomola, M, shiny|100/100\n|\n|upkeep\n|turn|11\n|\n|t:|1771233031\n|move|p1a: bum|Roost|p1a: bum\n|-heal|p1a: bum|100/100\n|-singleturn|p1a: bum|move: Roost\n|move|p2a: Pisces|Flip Turn|p1a: bum\n|-damage|p1a: bum|89/100\n|\n|t:|1771233035\n|switch|p2a: Overseer|Pecharunt|99/100|[from] Flip Turn\n|\n|upkeep\n|turn|12\n|\n|t:|1771233041\n|move|p2a: Overseer|Parting Shot|p1a: bum\n|-unboost|p1a: bum|atk|1\n|-unboost|p1a: bum|spa|1\n|\n|t:|1771233047\n|switch|p2a: Anonymous|Ogerpon, F|100/100|[from] Parting Shot\n|move|p1a: bum|U-turn|p2a: Anonymous\n|-supereffective|p2a: Anonymous\n|-crit|p2a: Anonymous\n|-damage|p2a: Anonymous|52/100\n|\n|t:|1771233056\n|switch|p1a: saitama|Arcanine-Hisui, F|100/100|[from] U-turn\n|\n|upkeep\n|turn|13\n|\n|t:|1771233061\n|switch|p2a: Overseer|Pecharunt|99/100\n|move|p1a: saitama|Extreme Speed|p2a: Overseer\n|-immune|p2a: Overseer\n|\n|upkeep\n|turn|14\n|\n|t:|1771233066\n|switch|p1a: bum|Mandibuzz, F|89/100\n|move|p2a: Overseer|Parting Shot|p1a: bum\n|-unboost|p1a: bum|atk|1\n|-unboost|p1a: bum|spa|1\n|\n|t:|1771233073\n|switch|p2a: Anonymous|Ogerpon, F|52/100|[from] Parting Shot\n|\n|upkeep\n|turn|15\n|\n|t:|1771233076\n|move|p2a: Anonymous|Rock Tomb|p1a: bum\n|-supereffective|p1a: bum\n|-damage|p1a: bum|48/100\n|-unboost|p1a: bum|spe|1\n|move|p1a: bum|U-turn|p2a: Anonymous\n|-supereffective|p2a: Anonymous\n|-damage|p2a: Anonymous|30/100\n|\n|t:|1771233079\n|switch|p1a: saitama|Arcanine-Hisui, F|100/100|[from] U-turn\n|\n|upkeep\n|turn|16\n|\n|t:|1771233084\n|move|p2a: Anonymous|Rock Tomb|p1a: saitama\n|-supereffective|p1a: saitama\n|-damage|p1a: saitama|25/100\n|-unboost|p1a: saitama|spe|1\n|move|p1a: saitama|Flare Blitz|p2a: Anonymous\n|-supereffective|p2a: Anonymous\n|-damage|p2a: Anonymous|0 fnt\n|faint|p2a: Anonymous\n|\n|upkeep\n|\n|t:|1771233095\n|switch|p2a: Overseer|Pecharunt|99/100\n|turn|17\n|\n|t:|1771233110\n|switch|p1a: bum|Mandibuzz, F|48/100\n|move|p2a: Overseer|Recover|p2a: Overseer\n|-heal|p2a: Overseer|100/100\n|\n|upkeep\n|turn|18\n|\n|t:|1771233116\n|move|p2a: Overseer|Malignant Chain|p1a: bum\n|-damage|p1a: bum|27/100\n|-status|p1a: bum|tox\n|-start|p1a: bum|confusion|[from] ability: Poison Puppeteer|[of] p2a: Overseer\n|-activate|p1a: bum|confusion\n|-damage|p1a: bum|22/100 tox|[from] confusion\n|\n|-damage|p1a: bum|16/100 tox|[from] psn\n|upkeep\n|turn|19\n|\n|t:|1771233128\n|move|p2a: Overseer|Shadow Ball|p1a: bum\n|-resisted|p1a: bum\n|-damage|p1a: bum|8/100 tox\n|-activate|p1a: bum|confusion\n|-damage|p1a: bum|3/100 tox|[from] confusion\n|\n|-damage|p1a: bum|0 fnt|[from] psn\n|faint|p1a: bum\n|upkeep\n|\n|t:|1771233145\n|switch|p1a: boom|Iron Moth|100/100\n|turn|20\n|\n|t:|1771233168\n|switch|p2a: Pisces|Alomomola, M, shiny|100/100\n|move|p1a: boom|Energy Ball|p2a: Pisces\n|-supereffective|p2a: Pisces\n|-damage|p2a: Pisces|49/100\n|\n|upkeep\n|turn|21\n|inactive|Lucid Coffee has 120 seconds left.\n|\n|t:|1771233190\n|switch|p2a: Overseer|Pecharunt|100/100\n|move|p1a: boom|Energy Ball|p2a: Overseer\n|-resisted|p2a: Overseer\n|-damage|p2a: Overseer|75/100\n|\n|upkeep\n|turn|22\n|\n|t:|1771233199\n|move|p1a: boom|Energy Ball|p2a: Overseer\n|-resisted|p2a: Overseer\n|-damage|p2a: Overseer|50/100\n|move|p2a: Overseer|Recover|p2a: Overseer\n|-heal|p2a: Overseer|99/100\n|\n|upkeep\n|turn|23\n|\n|t:|1771233207\n|-end|p1a: boom|Quark Drive|[silent]\n|switch|p1a: the man i need|Cresselia, F, shiny|100/100\n|move|p2a: Overseer|Parting Shot|p1a: the man i need\n|-unboost|p1a: the man i need|atk|1\n|-unboost|p1a: the man i need|spa|1\n|\n|t:|1771233210\n|switch|p2a: Pisces|Alomomola, M, shiny|82/100|[from] Parting Shot\n|\n|upkeep\n|turn|24\n|\n|t:|1771233215\n|move|p1a: the man i need|Calm Mind|p1a: the man i need\n|-boost|p1a: the man i need|spa|1\n|-boost|p1a: the man i need|spd|1\n|move|p2a: Pisces|Flip Turn|p1a: the man i need\n|-damage|p1a: the man i need|90/100\n|\n|t:|1771233223\n|switch|p2a: Overseer|Pecharunt|99/100|[from] Flip Turn\n|\n|-heal|p1a: the man i need|96/100|[from] item: Leftovers\n|upkeep\n|turn|25\n|\n|t:|1771233232\n|switch|p1a: boom|Iron Moth|100/100\n|-terastallize|p2a: Overseer|Ghost\n|move|p2a: Overseer|Shadow Ball|p1a: boom\n|-damage|p1a: boom|68/100\n|\n|upkeep\n|turn|26\n|\n|t:|1771233241\n|move|p1a: boom|Sludge Wave|p2a: Overseer\n|-resisted|p2a: Overseer\n|-damage|p2a: Overseer|61/100\n|move|p2a: Overseer|Shadow Ball|p1a: boom\n|-damage|p1a: boom|33/100\n|\n|upkeep\n|turn|27\n|inactive|ichaseclout has 120 seconds left.\n|j| g89puu8pp\n|inactive|ichaseclout has 90 seconds left.\n|\n|t:|1771233303\n|-end|p1a: boom|Quark Drive|[silent]\n|switch|p1a: unvrseeitcoming|Yanmega, F, tera:Fire|91/100\n|switch|p2a: Pisces|Alomomola, M, shiny|100/100\n|\n|upkeep\n|turn|28\n|\n|t:|1771233311\n|move|p1a: unvrseeitcoming|Protect|p1a: unvrseeitcoming\n|-singleturn|p1a: unvrseeitcoming|Protect\n|move|p2a: Pisces|Flip Turn|p1a: unvrseeitcoming\n|-activate|p1a: unvrseeitcoming|move: Protect\n|\n|-ability|p1a: unvrseeitcoming|Speed Boost|boost\n|-boost|p1a: unvrseeitcoming|spe|1\n|upkeep\n|turn|29\n|\n|t:|1771233322\n|move|p1a: unvrseeitcoming|Bug Buzz|p2a: Pisces\n|-damage|p2a: Pisces|69/100\n|-damage|p1a: unvrseeitcoming|81/100|[from] item: Life Orb\n|move|p2a: Pisces|Mirror Coat|p1a: unvrseeitcoming\n|-damage|p1a: unvrseeitcoming|0 fnt\n|faint|p1a: unvrseeitcoming\n|\n|upkeep\n|\n|t:|1771233331\n|switch|p1a: saitama|Arcanine-Hisui, F|25/100\n|turn|30\n|\n|t:|1771233335\n|switch|p2a: Behemoth|Great Tusk, shiny|100/100\n|move|p1a: saitama|Head Smash|p2a: Behemoth\n|-resisted|p2a: Behemoth\n|-damage|p2a: Behemoth|80/100\n|\n|upkeep\n|turn|31\n|\n|t:|1771233344\n|switch|p1a: the man i need|Cresselia, F, shiny|96/100\n|move|p2a: Behemoth|Rapid Spin|p1a: the man i need\n|-damage|p1a: the man i need|87/100\n|-boost|p2a: Behemoth|spe|1\n|\n|-heal|p1a: the man i need|93/100|[from] item: Leftovers\n|upkeep\n|turn|32\n|\n|t:|1771233350\n|-end|p2a: Behemoth|Protosynthesis|[silent]\n|switch|p2a: Pisces|Alomomola, M, shiny|100/100\n|move|p1a: the man i need|Calm Mind|p1a: the man i need\n|-boost|p1a: the man i need|spa|1\n|-boost|p1a: the man i need|spd|1\n|\n|-heal|p1a: the man i need|99/100|[from] item: Leftovers\n|upkeep\n|turn|33\n|\n|t:|1771233353\n|move|p1a: the man i need|Calm Mind|p1a: the man i need\n|-boost|p1a: the man i need|spa|1\n|-boost|p1a: the man i need|spd|1\n|move|p2a: Pisces|Flip Turn|p1a: the man i need\n|-crit|p1a: the man i need\n|-damage|p1a: the man i need|84/100\n|\n|t:|1771233355\n|switch|p2a: Overseer|Pecharunt, tera:Ghost|61/100|[from] Flip Turn\n|\n|-heal|p1a: the man i need|90/100|[from] item: Leftovers\n|upkeep\n|turn|34\n|\n|t:|1771233363\n|move|p2a: Overseer|Malignant Chain|p1a: the man i need\n|-damage|p1a: the man i need|80/100\n|move|p1a: the man i need|Stored Power|p2a: Overseer\n|-damage|p2a: Overseer|0 fnt\n|faint|p2a: Overseer\n|\n|-heal|p1a: the man i need|86/100|[from] item: Leftovers\n|upkeep\n|\n|t:|1771233371\n|switch|p2a: Pisces|Alomomola, M, shiny|100/100\n|turn|35\n|c|☆ichaseclout|im ngl youve been rly unlucky with all the malignant chains\n|\n|t:|1771233388\n|move|p1a: the man i need|Stored Power|p2a: Pisces\n|-damage|p2a: Pisces|70/100\n|move|p2a: Pisces|Flip Turn|p1a: the man i need\n|-damage|p1a: the man i need|77/100\n|\n|t:|1771233394\n|switch|p2a: Behemoth|Great Tusk, shiny|80/100|[from] Flip Turn\n|\n|-heal|p1a: the man i need|83/100|[from] item: Leftovers\n|upkeep\n|turn|36\n|\n|t:|1771233398\n|-end|p2a: Behemoth|Protosynthesis|[silent]\n|switch|p2a: Pisces|Alomomola, M, shiny|100/100\n|move|p1a: the man i need|Stored Power|p2a: Pisces\n|-damage|p2a: Pisces|73/100\n|\n|-heal|p1a: the man i need|89/100|[from] item: Leftovers\n|upkeep\n|turn|37\n|\n|t:|1771233402\n|move|p1a: the man i need|Calm Mind|p1a: the man i need\n|-boost|p1a: the man i need|spa|1\n|-boost|p1a: the man i need|spd|1\n|move|p2a: Pisces|Mirror Coat||[still]\n|-fail|p2a: Pisces\n|\n|-heal|p1a: the man i need|95/100|[from] item: Leftovers\n|upkeep\n|turn|38\n|\n|t:|1771233406\n|move|p1a: the man i need|Calm Mind|p1a: the man i need\n|-boost|p1a: the man i need|spa|1\n|-boost|p1a: the man i need|spd|1\n|move|p2a: Pisces|Flip Turn|p1a: the man i need\n|-damage|p1a: the man i need|85/100\n|\n|t:|1771233409\n|switch|p2a: Behemoth|Great Tusk, shiny|80/100|[from] Flip Turn\n|\n|-heal|p1a: the man i need|91/100|[from] item: Leftovers\n|upkeep\n|turn|39\n|\n|t:|1771233420\n|move|p2a: Behemoth|Ice Spinner|p1a: the man i need\n|-damage|p1a: the man i need|74/100\n|move|p1a: the man i need|Stored Power|p2a: Behemoth\n|-supereffective|p2a: Behemoth\n|-damage|p2a: Behemoth|0 fnt\n|faint|p2a: Behemoth\n|-end|p2a: Behemoth|Protosynthesis|[silent]\n|\n|-heal|p1a: the man i need|80/100|[from] item: Leftovers\n|upkeep\n|\n|t:|1771233426\n|switch|p2a: Pisces|Alomomola, M, shiny|100/100\n|turn|40\n|\n|t:|1771233429\n|move|p1a: the man i need|Calm Mind|p1a: the man i need\n|-boost|p1a: the man i need|spa|1\n|-boost|p1a: the man i need|spd|1\n|move|p2a: Pisces|Mirror Coat||[still]\n|-fail|p2a: Pisces\n|\n|-heal|p1a: the man i need|86/100|[from] item: Leftovers\n|upkeep\n|turn|41\n|\n|t:|1771233432\n|move|p1a: the man i need|Calm Mind|p1a: the man i need\n|-boost|p1a: the man i need|spa|1\n|-boost|p1a: the man i need|spd|1\n|move|p2a: Pisces|Mirror Coat||[still]\n|-fail|p2a: Pisces\n|\n|-heal|p1a: the man i need|92/100|[from] item: Leftovers\n|upkeep\n|turn|42\n|c|☆Lucid Coffee|gg wp\n|\n|t:|1771233438\n|move|p1a: the man i need|Stored Power|p2a: Pisces\n|-damage|p2a: Pisces|0 fnt\n|faint|p2a: Pisces\n|\n|win|ichaseclout\n|raw|ichaseclout's rating: 1487 &rarr; <strong>1510</strong><br />(+23 for winning)\n|raw|Lucid Coffee's rating: 1544 &rarr; <strong>1521</strong><br />(-23 for losing)\n|c|☆ichaseclout|gg wp\n|l|☆Lucid Coffee\n|player|p2|\n|l|☆ichaseclout\n|player|p1|\n", "uploadtime": 1771233637, "views": 8, "formatid": "gen9ou", "rating": 1510, "private": 0, "password": null}