{"id": "gen9ou-2639299988", "format": "[Gen 9] OU", "players": ["grgwrgwegwe", "Mia Ageha"], "log": "|j|☆grgwrgwegwe\n|j|‽Mia Ageha\n|t:|1782448598\n|gametype|singles\n|player|p1|grgwrgwegwe|nurse|1300\n|player|p2|Mia Ageha|lady-gen4|1391\n|gen|9\n|tier|[Gen 9] OU\n|rated|\n|rule|HP Percentage Mod: HP is shown in percentages\n|rule|Endless Battle Clause: Forcing endless battles is banned\n|rule|Species Clause: Limit one of each Pokémon\n|rule|OHKO Clause: OHKO moves are banned\n|rule|Evasion Items Clause: Evasion items are banned\n|rule|Evasion Moves Clause: Evasion moves are banned\n|rule|Evasion Abilities Clause: Evasion abilities are banned\n|rule|Sleep Moves Clause: Sleep-inducing moves are banned\n|clearpoke\n|poke|p1|Rotom-Heat|\n|poke|p1|Iron Boulder|\n|poke|p1|Dragonite, M|\n|poke|p1|Sylveon, F|\n|poke|p1|Slaking, F|\n|poke|p1|Iron Jugulis|\n|poke|p2|Kyurem|\n|poke|p2|Corviknight, F|\n|poke|p2|Ting-Lu|\n|poke|p2|Dondozo, F|\n|poke|p2|Slowking-Galar, F|\n|poke|p2|Cinderace, F|\n|teampreview\n|\n|t:|1782448608\n|teamsize|p1|6\n|teamsize|p2|6\n|start\n|switch|p1a: Jbai|Sylveon, F|100/100\n|switch|p2a: Slowking|Slowking-Galar, F, shiny|100/100\n|turn|1\n|\n|t:|1782448617\n|switch|p1a: Iron Boulder|Iron Boulder|100/100\n|move|p2a: Slowking|Toxic|p1a: Iron Boulder\n|-status|p1a: Iron Boulder|tox\n|\n|-damage|p1a: Iron Boulder|94/100 tox|[from] psn\n|upkeep\n|turn|2\n|\n|t:|1782448634\n|switch|p2a: Corviknight|Corviknight, F|100/100\n|-ability|p2a: Corviknight|Pressure\n|move|p1a: Iron Boulder|Throat Chop|p2a: Corviknight\n|-damage|p2a: Corviknight|86/100\n|-start|p2a: Corviknight|Throat Chop|[silent]\n|-damage|p1a: Iron Boulder|78/100 tox|[from] item: Rocky Helmet|[of] p2a: Corviknight\n|\n|-damage|p1a: Iron Boulder|65/100 tox|[from] psn\n|upkeep\n|turn|3\n|\n|t:|1782448643\n|move|p1a: Iron Boulder|Stone Edge|p2a: Corviknight\n|-damage|p2a: Corviknight|56/100\n|move|p2a: Corviknight|U-turn|p1a: Iron Boulder\n|-supereffective|p1a: Iron Boulder\n|-damage|p1a: Iron Boulder|25/100 tox\n|\n|t:|1782448647\n|switch|p2a: Kyurem|Kyurem, shiny|100/100|[from] U-turn\n|-ability|p2a: Kyurem|Pressure\n|\n|-damage|p1a: Iron Boulder|6/100 tox|[from] psn\n|upkeep\n|turn|4\n|\n|t:|1782448653\n|move|p2a: Kyurem|Protect|p2a: Kyurem\n|-singleturn|p2a: Kyurem|Protect\n|move|p1a: Iron Boulder|Stone Edge|p2a: Kyurem\n|-activate|p2a: Kyurem|move: Protect\n|\n|-damage|p1a: Iron Boulder|0 fnt|[from] psn\n|faint|p1a: Iron Boulder\n|-end|p1a: Iron Boulder|Quark Drive|[silent]\n|upkeep\n|\n|t:|1782448659\n|switch|p1a: Iron Jugulis|Iron Jugulis|100/100\n|turn|5\n|\n|t:|1782448665\n|switch|p2a: Ting-Lu|Ting-Lu, shiny|100/100\n|-ability|p2a: Ting-Lu|Vessel of Ruin\n|move|p1a: Iron Jugulis|Meteor Beam||[still]\n|-prepare|p1a: Iron Jugulis|Meteor Beam\n|-boost|p1a: Iron Jugulis|spa|1\n|-enditem|p1a: Iron Jugulis|Power Herb\n|-anim|p1a: Iron Jugulis|Meteor Beam|p2a: Ting-Lu\n|-resisted|p2a: Ting-Lu\n|-damage|p2a: Ting-Lu|88/100\n|\n|-heal|p2a: Ting-Lu|94/100|[from] item: Leftovers\n|upkeep\n|turn|6\n|\n|t:|1782448678\n|-terastallize|p1a: Iron Jugulis|Flying\n|move|p1a: Iron Jugulis|Hurricane|p2a: Ting-Lu\n|-damage|p2a: Ting-Lu|48/100\n|move|p2a: Ting-Lu|Payback|p1a: Iron Jugulis\n|-damage|p1a: Iron Jugulis|62/100\n|\n|-heal|p2a: Ting-Lu|55/100|[from] item: Leftovers\n|upkeep\n|turn|7\n|\n|t:|1782448701\n|move|p1a: Iron Jugulis|Hurricane|p2a: Ting-Lu\n|-damage|p2a: Ting-Lu|6/100\n|move|p2a: Ting-Lu|Payback|p1a: Iron Jugulis\n|-damage|p1a: Iron Jugulis|24/100\n|\n|-heal|p2a: Ting-Lu|12/100|[from] item: Leftovers\n|upkeep\n|turn|8\n|\n|t:|1782448709\n|switch|p2a: Dondozo|Dondozo, F|100/100\n|move|p1a: Iron Jugulis|Earth Power|p2a: Dondozo\n|-damage|p2a: Dondozo|81/100\n|-unboost|p2a: Dondozo|spd|1\n|\n|-heal|p2a: Dondozo|87/100|[from] item: Leftovers\n|upkeep\n|turn|9\n|\n|t:|1782448719\n|move|p1a: Iron Jugulis|Hurricane|p2a: Dondozo\n|-damage|p2a: Dondozo|15/100\n|move|p2a: Dondozo|Waterfall|p1a: Iron Jugulis\n|-damage|p1a: Iron Jugulis|0 fnt\n|faint|p1a: Iron Jugulis\n|-end|p1a: Iron Jugulis|Quark Drive|[silent]\n|\n|-heal|p2a: Dondozo|21/100|[from] item: Leftovers\n|upkeep\n|\n|t:|1782448729\n|switch|p1a: Jbai|Sylveon, F|100/100\n|turn|10\n|\n|t:|1782448732\n|switch|p2a: Slowking|Slowking-Galar, F, shiny|100/100\n|move|p1a: Jbai|Shadow Ball|p2a: Slowking\n|-supereffective|p2a: Slowking\n|-damage|p2a: Slowking|40/100\n|\n|upkeep\n|turn|11\n|\n|t:|1782448744\n|switch|p1a: >.*{|Slaking, F|100/100\n|switch|p2a: Ting-Lu|Ting-Lu, shiny|12/100\n|-ability|p2a: Ting-Lu|Vessel of Ruin\n|\n|-heal|p2a: Ting-Lu|18/100|[from] item: Leftovers\n|upkeep\n|turn|12\n|inactive|Battle timer is ON: inactive players will automatically lose when time's up. (requested by grgwrgwegwe)\n|\n|t:|1782448752\n|switch|p2a: Corviknight|Corviknight, F|56/100\n|-ability|p2a: Corviknight|Pressure\n|move|p1a: >.*{|Fire Punch|p2a: Corviknight\n|-supereffective|p2a: Corviknight\n|-damage|p2a: Corviknight|0 fnt\n|-damage|p1a: >.*{|84/100|[from] item: Rocky Helmet|[of] p2a: Corviknight\n|faint|p2a: Corviknight\n|\n|upkeep\n|\n|t:|1782448762\n|switch|p2a: Cinderace|Cinderace, F|100/100\n|turn|13\n|\n|t:|1782448767\n|switch|p1a: Rotom|Rotom-Heat|100/100\n|move|p2a: Cinderace|Will-O-Wisp|p1a: Rotom\n|-immune|p1a: Rotom\n|\n|upkeep\n|turn|14\n|\n|t:|1782448775\n|switch|p2a: Slowking|Slowking-Galar, F, shiny|73/100\n|move|p1a: Rotom|Dark Pulse|p2a: Slowking\n|-supereffective|p2a: Slowking\n|-enditem|p2a: Slowking|Colbur Berry|[eat]\n|-enditem|p2a: Slowking|Colbur Berry|[weaken]\n|-damage|p2a: Slowking|45/100\n|\n|upkeep\n|turn|15\n|\n|t:|1782448781\n|move|p1a: Rotom|Dark Pulse|p2a: Slowking\n|-supereffective|p2a: Slowking\n|-damage|p2a: Slowking|0 fnt\n|faint|p2a: Slowking\n|\n|upkeep\n|\n|t:|1782448786\n|switch|p2a: Ting-Lu|Ting-Lu, shiny|18/100\n|-ability|p2a: Ting-Lu|Vessel of Ruin\n|turn|16\n|\n|t:|1782448796\n|move|p1a: Rotom|Dark Pulse|p2a: Ting-Lu\n|-resisted|p2a: Ting-Lu\n|-damage|p2a: Ting-Lu|11/100\n|move|p2a: Ting-Lu|Rest|p2a: Ting-Lu\n|-status|p2a: Ting-Lu|slp|[from] move: Rest\n|-heal|p2a: Ting-Lu|100/100 slp|[silent]\n|\n|upkeep\n|turn|17\n|\n|t:|1782448803\n|switch|p1a: Dragontight|Dragonite, M, shiny|100/100\n|cant|p2a: Ting-Lu|slp\n|move|p2a: Ting-Lu|Sleep Talk|p2a: Ting-Lu\n|move|p2a: Ting-Lu|Payback|p1a: Dragontight|[from] move: Sleep Talk\n|-damage|p1a: Dragontight|88/100\n|\n|upkeep\n|turn|18\n|\n|t:|1782448811\n|move|p1a: Dragontight|Dragon Dance|p1a: Dragontight\n|-boost|p1a: Dragontight|atk|1\n|-boost|p1a: Dragontight|spe|1\n|cant|p2a: Ting-Lu|slp\n|move|p2a: Ting-Lu|Sleep Talk|p2a: Ting-Lu\n|move|p2a: Ting-Lu|Earthquake|p1a: Dragontight|[from] move: Sleep Talk\n|-immune|p1a: Dragontight\n|\n|upkeep\n|turn|19\n|\n|t:|1782448821\n|move|p1a: Dragontight|Dragon Dance|p1a: Dragontight\n|-boost|p1a: Dragontight|atk|1\n|-boost|p1a: Dragontight|spe|1\n|-curestatus|p2a: Ting-Lu|slp|[msg]\n|move|p2a: Ting-Lu|Payback|p1a: Dragontight\n|-damage|p1a: Dragontight|42/100\n|\n|upkeep\n|turn|20\n|\n|t:|1782448827\n|move|p1a: Dragontight|Iron Head|p2a: Ting-Lu\n|-damage|p2a: Ting-Lu|60/100\n|-damage|p1a: Dragontight|32/100|[from] item: Life Orb\n|move|p2a: Ting-Lu|Payback|p1a: Dragontight\n|-damage|p1a: Dragontight|0 fnt\n|faint|p1a: Dragontight\n|\n|-heal|p2a: Ting-Lu|66/100|[from] item: Leftovers\n|upkeep\n|\n|t:|1782448831\n|switch|p1a: >.*{|Slaking, F|84/100\n|turn|21\n|\n|t:|1782448849\n|switch|p2a: Cinderace|Cinderace, F|100/100\n|move|p1a: >.*{|Mega Kick|p2a: Cinderace\n|-damage|p2a: Cinderace|0 fnt\n|faint|p2a: Cinderace\n|\n|upkeep\n|\n|t:|1782448857\n|switch|p2a: Dondozo|Dondozo, F|21/100\n|turn|22\n|\n|t:|1782448860\n|switch|p1a: Jbai|Sylveon, F|100/100\n|move|p2a: Dondozo|Rest|p2a: Dondozo\n|-status|p2a: Dondozo|slp|[from] move: Rest\n|-heal|p2a: Dondozo|100/100 slp|[silent]\n|\n|upkeep\n|turn|23\n|\n|t:|1782448866\n|move|p1a: Jbai|Hyper Voice|p2a: Dondozo\n|-damage|p2a: Dondozo|50/100 slp\n|cant|p2a: Dondozo|slp\n|\n|-heal|p2a: Dondozo|57/100 slp|[from] item: Leftovers\n|upkeep\n|turn|24\n|\n|t:|1782448876\n|move|p1a: Jbai|Hyper Voice|p2a: Dondozo\n|-damage|p2a: Dondozo|6/100 slp\n|cant|p2a: Dondozo|slp\n|\n|-heal|p2a: Dondozo|13/100 slp|[from] item: Leftovers\n|upkeep\n|turn|25\n|\n|t:|1782448881\n|move|p1a: Jbai|Hyper Voice|p2a: Dondozo\n|-damage|p2a: Dondozo|0 fnt\n|faint|p2a: Dondozo\n|\n|upkeep\n|\n|t:|1782448886\n|switch|p2a: Ting-Lu|Ting-Lu, shiny|66/100\n|-ability|p2a: Ting-Lu|Vessel of Ruin\n|turn|26\n|\n|t:|1782448892\n|-terastallize|p2a: Ting-Lu|Water\n|move|p1a: Jbai|Hyper Voice|p2a: Ting-Lu\n|-damage|p2a: Ting-Lu|31/100\n|move|p2a: Ting-Lu|Earthquake|p1a: Jbai\n|-damage|p1a: Jbai|61/100\n|\n|-heal|p2a: Ting-Lu|37/100|[from] item: Leftovers\n|upkeep\n|turn|27\n|\n|t:|1782448904\n|move|p1a: Jbai|Hyper Voice|p2a: Ting-Lu\n|-damage|p2a: Ting-Lu|5/100\n|move|p2a: Ting-Lu|Rest|p2a: Ting-Lu\n|-status|p2a: Ting-Lu|slp|[from] move: Rest\n|-heal|p2a: Ting-Lu|100/100 slp|[silent]\n|\n|upkeep\n|turn|28\n|\n|t:|1782448910\n|move|p1a: Jbai|Hyper Voice|p2a: Ting-Lu\n|-damage|p2a: Ting-Lu|64/100 slp\n|cant|p2a: Ting-Lu|slp\n|move|p2a: Ting-Lu|Sleep Talk|p2a: Ting-Lu\n|move|p2a: Ting-Lu|Rest||[from] move: Sleep Talk|[still]\n|-fail|p2a: Ting-Lu\n|\n|-heal|p2a: Ting-Lu|70/100 slp|[from] item: Leftovers\n|upkeep\n|turn|29\n|\n|t:|1782448917\n|move|p1a: Jbai|Hyper Voice|p2a: Ting-Lu\n|-damage|p2a: Ting-Lu|35/100 slp\n|cant|p2a: Ting-Lu|slp\n|move|p2a: Ting-Lu|Sleep Talk|p2a: Ting-Lu\n|move|p2a: Ting-Lu|Rest||[from] move: Sleep Talk|[still]\n|-fail|p2a: Ting-Lu\n|\n|-heal|p2a: Ting-Lu|41/100 slp|[from] item: Leftovers\n|upkeep\n|turn|30\n|\n|t:|1782448926\n|move|p1a: Jbai|Hyper Voice|p2a: Ting-Lu\n|-damage|p2a: Ting-Lu|6/100 slp\n|-curestatus|p2a: Ting-Lu|slp|[msg]\n|move|p2a: Ting-Lu|Rest|p2a: Ting-Lu\n|-status|p2a: Ting-Lu|slp|[from] move: Rest\n|-heal|p2a: Ting-Lu|100/100 slp|[silent]\n|\n|upkeep\n|turn|31\n|\n|t:|1782448933\n|move|p1a: Jbai|Hyper Voice|p2a: Ting-Lu\n|-damage|p2a: Ting-Lu|65/100 slp\n|cant|p2a: Ting-Lu|slp\n|move|p2a: Ting-Lu|Sleep Talk|p2a: Ting-Lu\n|move|p2a: Ting-Lu|Rest||[from] move: Sleep Talk|[still]\n|-fail|p2a: Ting-Lu\n|\n|-heal|p2a: Ting-Lu|72/100 slp|[from] item: Leftovers\n|upkeep\n|turn|32\n|\n|t:|1782448941\n|move|p1a: Jbai|Hyper Voice|p2a: Ting-Lu\n|-crit|p2a: Ting-Lu\n|-damage|p2a: Ting-Lu|19/100 slp\n|cant|p2a: Ting-Lu|slp\n|move|p2a: Ting-Lu|Sleep Talk|p2a: Ting-Lu\n|move|p2a: Ting-Lu|Payback|p1a: Jbai|[from] move: Sleep Talk\n|-resisted|p1a: Jbai\n|-damage|p1a: Jbai|42/100\n|\n|-heal|p2a: Ting-Lu|25/100 slp|[from] item: Leftovers\n|upkeep\n|turn|33\n|\n|t:|1782448950\n|move|p1a: Jbai|Hyper Voice|p2a: Ting-Lu\n|-damage|p2a: Ting-Lu|0 fnt\n|faint|p2a: Ting-Lu\n|\n|upkeep\n|\n|t:|1782448954\n|switch|p2a: Kyurem|Kyurem, shiny|100/100\n|-ability|p2a: Kyurem|Pressure\n|turn|34\n|\n|t:|1782448959\n|move|p2a: Kyurem|Protect|p2a: Kyurem\n|-singleturn|p2a: Kyurem|Protect\n|move|p1a: Jbai|Hyper Voice|p2a: Kyurem\n|-activate|p2a: Kyurem|move: Protect\n|\n|upkeep\n|turn|35\n|\n|t:|1782448967\n|move|p2a: Kyurem|Freeze-Dry|p1a: Jbai\n|-damage|p1a: Jbai|11/100\n|-status|p1a: Jbai|frz\n|-curestatus|p1a: Jbai|frz|[msg]\n|move|p1a: Jbai|Hyper Voice|p2a: Kyurem\n|-supereffective|p2a: Kyurem\n|-damage|p2a: Kyurem|0 fnt\n|faint|p2a: Kyurem\n|\n|win|grgwrgwegwe\n|raw|grgwrgwegwe's rating: 1300 &rarr; <strong>1331</strong><br />(+31 for winning)\n|raw|Mia Ageha's rating: 1391 &rarr; <strong>1366</strong><br />(-25 for losing)\n|l|‽Mia Ageha\n|player|p2|\n|l|☆grgwrgwegwe\n|player|p1|\n", "uploadtime": 1782449240, "views": 4, "formatid": "gen9ou", "rating": 1331, "private": 0, "password": null}