{"id": "gen9ou-2540925303", "format": "[Gen 9] OU", "players": ["shrek5baby", "Wuerfel"], "log": "|j|☆shrek5baby\n|j|☆Wuerfel\n|t:|1771267723\n|gametype|singles\n|player|p1|shrek5baby|rood|1565\n|player|p2|Wuerfel|serena-masters|1552\n|gen|9\n|tier|[Gen 9] OU\n|rated|\n|rule|HP Percentage Mod: HP is shown in percentages\n|rule|Endless Battle Clause: Forcing endless battles is banned\n|rule|Species Clause: Limit one of each Pokémon\n|rule|OHKO Clause: OHKO moves are banned\n|rule|Evasion Items Clause: Evasion items are banned\n|rule|Evasion Moves Clause: Evasion moves are banned\n|rule|Evasion Abilities Clause: Evasion abilities are banned\n|rule|Sleep Moves Clause: Sleep-inducing moves are banned\n|clearpoke\n|poke|p1|Slowbro, F|\n|poke|p1|Okidogi, M|\n|poke|p1|Great Tusk|\n|poke|p1|Tornadus-Therian, M|\n|poke|p1|Dragonite, F|\n|poke|p1|Scizor, M|\n|poke|p2|Great Tusk|\n|poke|p2|Hatterene, F|\n|poke|p2|Dragonite, F|\n|poke|p2|Ogerpon-Wellspring, F|\n|poke|p2|Glimmora, M|\n|poke|p2|Gholdengo|\n|teampreview\n|inactive|Battle timer is ON: inactive players will automatically lose when time's up. (requested by shrek5baby)\n|j| feuflamme02\n|\n|t:|1771267747\n|teamsize|p1|6\n|teamsize|p2|6\n|start\n|switch|p1a: Okidogi|Okidogi, M|100/100\n|switch|p2a: Glimmora|Glimmora, M|100/100\n|turn|1\n|\n|t:|1771267756\n|move|p2a: Glimmora|Stealth Rock|p1a: Okidogi\n|-sidestart|p1: shrek5baby|move: Stealth Rock\n|move|p1a: Okidogi|Drain Punch|p2a: Glimmora\n|-damage|p2a: Glimmora|50/100\n|-activate|p2a: Glimmora|ability: Toxic Debris\n|-sidestart|p1: shrek5baby|move: Toxic Spikes\n|\n|upkeep\n|turn|2\n|\n|t:|1771267765\n|switch|p2a: Gholdengo|Gholdengo|100/100\n|move|p1a: Okidogi|Drain Punch|p2a: Gholdengo\n|-immune|p2a: Gholdengo\n|\n|upkeep\n|turn|3\n|\n|t:|1771267783\n|move|p2a: Gholdengo|Make It Rain|p1a: Okidogi\n|-damage|p1a: Okidogi|55/100\n|-unboost|p2a: Gholdengo|spa|1\n|move|p1a: Okidogi|Knock Off|p2a: Gholdengo\n|-supereffective|p2a: Gholdengo\n|-crit|p2a: Gholdengo\n|-damage|p2a: Gholdengo|0 fnt\n|-enditem|p2a: Gholdengo|Choice Scarf|[from] move: Knock Off|[of] p1a: Okidogi\n|faint|p2a: Gholdengo\n|\n|upkeep\n|\n|t:|1771267798\n|switch|p2a: Great Tusk|Great Tusk, shiny|100/100\n|turn|4\n|\n|t:|1771267816\n|switch|p1a: Slowbro|Slowbro, F, shiny|100/100\n|-damage|p1a: Slowbro|88/100|[from] Stealth Rock\n|-status|p1a: Slowbro|psn\n|move|p2a: Great Tusk|Knock Off|p1a: Slowbro\n|-supereffective|p1a: Slowbro\n|-damage|p1a: Slowbro|48/100 psn\n|-damage|p2a: Great Tusk|84/100|[from] item: Rocky Helmet|[of] p1a: Slowbro\n|-enditem|p1a: Slowbro|Rocky Helmet|[from] move: Knock Off|[of] p2a: Great Tusk\n|\n|-damage|p1a: Slowbro|36/100 psn|[from] psn\n|upkeep\n|turn|5\n|\n|t:|1771267830\n|move|p2a: Great Tusk|Headlong Rush|p1a: Slowbro\n|-damage|p1a: Slowbro|0 fnt\n|-unboost|p2a: Great Tusk|def|1\n|-unboost|p2a: Great Tusk|spd|1\n|faint|p1a: Slowbro\n|\n|upkeep\n|\n|t:|1771267839\n|switch|p1a: Great Tusk|Great Tusk|100/100\n|-damage|p1a: Great Tusk|98/100|[from] Stealth Rock\n|-status|p1a: Great Tusk|psn\n|-enditem|p1a: Great Tusk|Booster Energy\n|-activate|p1a: Great Tusk|ability: Protosynthesis|[fromitem]\n|-start|p1a: Great Tusk|protosynthesisatk\n|turn|6\n|\n|t:|1771267861\n|move|p2a: Great Tusk|Headlong Rush|p1a: Great Tusk\n|-damage|p1a: Great Tusk|52/100 psn\n|-unboost|p2a: Great Tusk|def|1\n|-unboost|p2a: Great Tusk|spd|1\n|move|p1a: Great Tusk|Rapid Spin|p2a: Great Tusk\n|-damage|p2a: Great Tusk|54/100\n|-boost|p1a: Great Tusk|spe|1\n|-damage|p1a: Great Tusk|36/100 psn|[from] item: Rocky Helmet|[of] p2a: Great Tusk\n|-sideend|p1: shrek5baby|Toxic Spikes|[from] move: Rapid Spin|[of] p1a: Great Tusk\n|-sideend|p1: shrek5baby|Stealth Rock|[from] move: Rapid Spin|[of] p1a: Great Tusk\n|\n|-damage|p1a: Great Tusk|23/100 psn|[from] psn\n|upkeep\n|turn|7\n|\n|t:|1771267874\n|move|p1a: Great Tusk|Close Combat|p2a: Great Tusk\n|-damage|p2a: Great Tusk|0 fnt\n|-unboost|p1a: Great Tusk|def|1\n|-unboost|p1a: Great Tusk|spd|1\n|-damage|p1a: Great Tusk|7/100 psn|[from] item: Rocky Helmet|[of] p2a: Great Tusk\n|faint|p2a: Great Tusk\n|-end|p2a: Great Tusk|Protosynthesis|[silent]\n|\n|-damage|p1a: Great Tusk|0 fnt|[from] psn\n|faint|p1a: Great Tusk\n|-end|p1a: Great Tusk|Protosynthesis|[silent]\n|upkeep\n|inactive|Wuerfel has 120 seconds left.\n|\n|t:|1771267887\n|switch|p1a: Scizor|Scizor, M|100/100\n|switch|p2a: Dragonite|Dragonite, F, shiny|100/100\n|turn|8\n|\n|t:|1771267894\n|move|p2a: Dragonite|Dragon Dance|p2a: Dragonite\n|-boost|p2a: Dragonite|atk|1\n|-boost|p2a: Dragonite|spe|1\n|move|p1a: Scizor|U-turn|p2a: Dragonite\n|-resisted|p2a: Dragonite\n|-damage|p2a: Dragonite|89/100\n|\n|t:|1771267904\n|switch|p1a: Tornadus|Tornadus-Therian, M, shiny|100/100|[from] U-turn\n|\n|upkeep\n|turn|9\n|\n|t:|1771267923\n|-terastallize|p1a: Tornadus|Flying\n|move|p2a: Dragonite|Dragon Dance|p2a: Dragonite\n|-boost|p2a: Dragonite|atk|1\n|-boost|p2a: Dragonite|spe|1\n|move|p1a: Tornadus|Bleakwind Storm|p2a: Dragonite\n|-damage|p2a: Dragonite|0 fnt\n|faint|p2a: Dragonite\n|\n|upkeep\n|inactive|Wuerfel has 120 seconds left.\n|\n|t:|1771267933\n|switch|p2a: Hatterene|Hatterene, F, shiny|100/100\n|turn|10\n|\n|t:|1771267939\n|switch|p1a: Scizor|Scizor, M|100/100\n|move|p2a: Hatterene|Nuzzle|p1a: Scizor\n|-damage|p1a: Scizor|96/100\n|-status|p1a: Scizor|par\n|\n|upkeep\n|turn|11\n|\n|t:|1771267947\n|switch|p2a: Glimmora|Glimmora, M|50/100\n|move|p1a: Scizor|Swords Dance|p1a: Scizor\n|-boost|p1a: Scizor|atk|2\n|\n|upkeep\n|turn|12\n|\n|t:|1771267956\n|cant|p1a: Scizor|par\n|move|p2a: Glimmora|Stealth Rock|p1a: Scizor\n|-sidestart|p1: shrek5baby|move: Stealth Rock\n|\n|upkeep\n|turn|13\n|\n|t:|1771267961\n|cant|p1a: Scizor|par\n|move|p2a: Glimmora|Power Gem|p1a: Scizor\n|-damage|p1a: Scizor|50/100 par\n|\n|upkeep\n|turn|14\n|\n|t:|1771267965\n|move|p1a: Scizor|Bullet Punch|p2a: Glimmora\n|-supereffective|p2a: Glimmora\n|-damage|p2a: Glimmora|0 fnt\n|-activate|p2a: Glimmora|ability: Toxic Debris\n|-sidestart|p1: shrek5baby|move: Toxic Spikes\n|faint|p2a: Glimmora\n|\n|upkeep\n|\n|t:|1771267969\n|switch|p2a: Ogerpon|Ogerpon-Wellspring, F|100/100\n|turn|15\n|\n|t:|1771267974\n|move|p2a: Ogerpon|Ivy Cudgel|p1a: Scizor|[anim] Ivy Cudgel Water\n|-damage|p1a: Scizor|0 fnt\n|faint|p1a: Scizor\n|\n|upkeep\n|\n|t:|1771267976\n|switch|p1a: Tornadus|Tornadus-Therian, M, shiny, tera:Flying|100/100\n|-damage|p1a: Tornadus|76/100|[from] Stealth Rock\n|turn|16\n|\n|t:|1771267984\n|-terastallize|p2a: Ogerpon|Water\n|detailschange|p2a: Ogerpon|Ogerpon-Wellspring-Tera, F, tera:Water\n|-ability|p2a: Ogerpon|Embody Aspect (Wellspring)|boost\n|-boost|p2a: Ogerpon|spd|1\n|move|p1a: Tornadus|Bleakwind Storm|p2a: Ogerpon|[miss]\n|-miss|p1a: Tornadus|p2a: Ogerpon\n|move|p2a: Ogerpon|Ivy Cudgel|p1a: Tornadus|[anim] Ivy Cudgel Water\n|-damage|p1a: Tornadus|0 fnt\n|faint|p1a: Tornadus\n|\n|upkeep\n|\n|t:|1771267991\n|switch|p1a: Dragonite|Dragonite, F|100/100\n|turn|17\n|\n|t:|1771267998\n|move|p2a: Ogerpon|Taunt|p1a: Dragonite\n|-start|p1a: Dragonite|move: Taunt\n|cant|p1a: Dragonite|move: Taunt|Dragon Dance\n|\n|upkeep\n|turn|18\n|\n|t:|1771268006\n|move|p2a: Ogerpon|Knock Off|p1a: Dragonite\n|-crit|p1a: Dragonite\n|-damage|p1a: Dragonite|66/100\n|-enditem|p1a: Dragonite|Heavy-Duty Boots|[from] move: Knock Off|[of] p2a: Ogerpon\n|move|p1a: Dragonite|Earthquake|p2a: Ogerpon\n|-damage|p2a: Ogerpon|48/100\n|\n|upkeep\n|turn|19\n|\n|t:|1771268017\n|move|p2a: Ogerpon|Ivy Cudgel|p1a: Dragonite|[anim] Ivy Cudgel Water\n|-resisted|p1a: Dragonite\n|-damage|p1a: Dragonite|25/100\n|move|p1a: Dragonite|Earthquake|p2a: Ogerpon\n|-damage|p2a: Ogerpon|0 fnt\n|faint|p2a: Ogerpon\n|detailschange|p2: Ogerpon|Ogerpon-Wellspring, F|[silent]\n|\n|-end|p1a: Dragonite|move: Taunt\n|upkeep\n|\n|t:|1771268022\n|switch|p2a: Hatterene|Hatterene, F, shiny|100/100\n|turn|20\n|\n|t:|1771268028\n|move|p1a: Dragonite|Earthquake|p2a: Hatterene\n|-damage|p2a: Hatterene|58/100\n|move|p2a: Hatterene|Draining Kiss|p1a: Dragonite\n|-supereffective|p1a: Dragonite\n|-damage|p1a: Dragonite|0 fnt\n|-heal|p2a: Hatterene|77/100|[from] drain|[of] p1a: Dragonite\n|faint|p1a: Dragonite\n|\n|upkeep\n|\n|t:|1771268031\n|switch|p1a: Okidogi|Okidogi, M|55/100\n|-damage|p1a: Okidogi|49/100|[from] Stealth Rock\n|-sideend|p1: shrek5baby|move: Toxic Spikes|[of] p1a: Okidogi\n|turn|21\n|\n|t:|1771268037\n|move|p1a: Okidogi|Gunk Shot|p2a: Hatterene\n|-supereffective|p2a: Hatterene\n|-damage|p2a: Hatterene|0 fnt\n|faint|p2a: Hatterene\n|\n|win|shrek5baby\n|raw|shrek5baby's rating: 1565 &rarr; <strong>1584</strong><br />(+19 for winning)\n|raw|Wuerfel's rating: 1552 &rarr; <strong>1533</strong><br />(-19 for losing)\n|l|☆Wuerfel\n|player|p2|\n|l|☆shrek5baby\n|player|p1|\n|l| feuflamme02\n", "uploadtime": 1771268233, "views": 3, "formatid": "gen9ou", "rating": 1533, "private": 0, "password": null}