{"id": "gen9ou-2639208556", "format": "[Gen 9] OU", "players": ["thepeakmons", "ns1457"], "log": "|j|☆thepeakmons\n|j|☆ns1457\n|t:|1782434318\n|gametype|singles\n|player|p1|thepeakmons|101|1240\n|player|p2|ns1457|burglar|1247\n|gen|9\n|tier|[Gen 9] OU\n|rated|\n|rule|HP Percentage Mod: HP is shown in percentages\n|rule|Endless Battle Clause: Forcing endless battles is banned\n|rule|Species Clause: Limit one of each Pokémon\n|rule|OHKO Clause: OHKO moves are banned\n|rule|Evasion Items Clause: Evasion items are banned\n|rule|Evasion Moves Clause: Evasion moves are banned\n|rule|Evasion Abilities Clause: Evasion abilities are banned\n|rule|Sleep Moves Clause: Sleep-inducing moves are banned\n|clearpoke\n|poke|p1|Gliscor, F|\n|poke|p1|Gholdengo|\n|poke|p1|Zamazenta-*|\n|poke|p1|Blissey, F|\n|poke|p1|Skarmory, M|\n|poke|p1|Pecharunt|\n|poke|p2|Cinderace, F|\n|poke|p2|Kingambit, F|\n|poke|p2|Garganacl, M|\n|poke|p2|Dragapult, M|\n|poke|p2|Gholdengo|\n|poke|p2|Gliscor, F|\n|teampreview\n|inactive|Battle timer is ON: inactive players will automatically lose when time's up. (requested by thepeakmons)\n|\n|t:|1782434332\n|teamsize|p1|6\n|teamsize|p2|6\n|start\n|switch|p1a: Skarmory|Skarmory, M|100/100\n|switch|p2a: Cinderace|Cinderace, F|100/100\n|turn|1\n|inactive|thepeakmons has 120 seconds left.\n|\n|t:|1782434381\n|switch|p1a: Gliscor|Gliscor, F|100/100\n|move|p2a: Cinderace|Pyro Ball|p1a: Gliscor\n|-damage|p1a: Gliscor|58/100\n|-status|p1a: Gliscor|brn\n|\n|-damage|p1a: Gliscor|51/100 brn|[from] brn\n|upkeep\n|turn|2\n|c|☆ns1457|rough\n|\n|t:|1782434400\n|move|p2a: Cinderace|U-turn|p1a: Gliscor\n|-start|p2a: Cinderace|typechange|Bug|[from] ability: Libero\n|-resisted|p1a: Gliscor\n|-damage|p1a: Gliscor|38/100 brn\n|\n|t:|1782434402\n|switch|p2a: Gliscor|Gliscor, F|100/100|[from] U-turn\n|move|p1a: Gliscor|Earthquake|p2a: Gliscor\n|-immune|p2a: Gliscor\n|\n|-damage|p1a: Gliscor|32/100 brn|[from] brn\n|-status|p2a: Gliscor|tox|[from] item: Toxic Orb\n|upkeep\n|turn|3\n|\n|t:|1782434420\n|switch|p1a: Gholdengo|Gholdengo|100/100\n|move|p2a: Gliscor|Spikes|p1a: Gholdengo\n|-sidestart|p1: thepeakmons|Spikes\n|\n|upkeep\n|turn|4\n|\n|t:|1782434435\n|switch|p1a: Skarmory|Skarmory, M|100/100\n|move|p2a: Gliscor|Earthquake|p1a: Skarmory\n|-immune|p1a: Skarmory\n|\n|upkeep\n|turn|5\n|\n|t:|1782434446\n|switch|p2a: Garganacl|Garganacl, M|100/100\n|move|p1a: Skarmory|Spikes|p2a: Garganacl\n|-sidestart|p2: ns1457|Spikes\n|\n|upkeep\n|turn|6\n|\n|t:|1782434456\n|move|p1a: Skarmory|Spikes|p2a: Garganacl\n|-sidestart|p2: ns1457|Spikes\n|move|p2a: Garganacl|Salt Cure|p1a: Skarmory\n|-damage|p1a: Skarmory|92/100\n|-start|p1a: Skarmory|Salt Cure\n|\n|-damage|p1a: Skarmory|68/100|[from] Salt Cure\n|upkeep\n|turn|7\n|\n|t:|1782434473\n|switch|p1a: Zamazenta|Zamazenta|100/100\n|-ability|p1a: Zamazenta|Dauntless Shield|boost\n|-boost|p1a: Zamazenta|def|1\n|move|p2a: Garganacl|Stealth Rock|p1a: Zamazenta\n|-sidestart|p1: thepeakmons|move: Stealth Rock\n|\n|upkeep\n|turn|8\n|\n|t:|1782434484\n|move|p1a: Zamazenta|Close Combat|p2a: Garganacl\n|-supereffective|p2a: Garganacl\n|-damage|p2a: Garganacl|30/100\n|-unboost|p1a: Zamazenta|def|1\n|-unboost|p1a: Zamazenta|spd|1\n|move|p2a: Garganacl|Salt Cure|p1a: Zamazenta\n|-resisted|p1a: Zamazenta\n|-damage|p1a: Zamazenta|94/100\n|-start|p1a: Zamazenta|Salt Cure\n|\n|-heal|p2a: Garganacl|36/100|[from] item: Leftovers\n|-damage|p1a: Zamazenta|82/100|[from] Salt Cure\n|upkeep\n|turn|9\n|\n|t:|1782434499\n|switch|p2a: Gholdengo|Gholdengo|100/100\n|-item|p2a: Gholdengo|Air Balloon\n|move|p1a: Zamazenta|Close Combat|p2a: Gholdengo\n|-immune|p2a: Gholdengo\n|\n|-damage|p1a: Zamazenta|69/100|[from] Salt Cure\n|upkeep\n|turn|10\n|\n|t:|1782434508\n|switch|p1a: Blissey|Blissey, F|100/100\n|move|p2a: Gholdengo|Shadow Ball|p1a: Blissey\n|-immune|p1a: Blissey\n|\n|upkeep\n|turn|11\n|\n|t:|1782434520\n|switch|p2a: Garganacl|Garganacl, M|36/100\n|-damage|p2a: Garganacl|19/100|[from] Spikes\n|move|p1a: Blissey|Stealth Rock|p2a: Garganacl\n|-sidestart|p2: ns1457|move: Stealth Rock\n|\n|-heal|p2a: Garganacl|25/100|[from] item: Leftovers\n|upkeep\n|turn|12\n|\n|t:|1782434533\n|switch|p1a: Zamazenta|Zamazenta|69/100\n|move|p2a: Garganacl|Recover|p2a: Garganacl\n|-heal|p2a: Garganacl|76/100\n|\n|-heal|p2a: Garganacl|82/100|[from] item: Leftovers\n|upkeep\n|turn|13\n|c|☆ns1457|what is this team\n|\n|t:|1782434543\n|move|p1a: Zamazenta|Close Combat|p2a: Garganacl\n|-supereffective|p2a: Garganacl\n|-damage|p2a: Garganacl|13/100\n|-unboost|p1a: Zamazenta|def|1\n|-unboost|p1a: Zamazenta|spd|1\n|move|p2a: Garganacl|Salt Cure|p1a: Zamazenta\n|-resisted|p1a: Zamazenta\n|-damage|p1a: Zamazenta|60/100\n|-start|p1a: Zamazenta|Salt Cure\n|\n|-heal|p2a: Garganacl|19/100|[from] item: Leftovers\n|-damage|p1a: Zamazenta|48/100|[from] Salt Cure\n|upkeep\n|turn|14\n|\n|t:|1782434562\n|move|p1a: Zamazenta|Crunch|p2a: Garganacl\n|-crit|p2a: Garganacl\n|-damage|p2a: Garganacl|0 fnt\n|faint|p2a: Garganacl\n|\n|-damage|p1a: Zamazenta|36/100|[from] Salt Cure\n|upkeep\n|\n|t:|1782434570\n|switch|p2a: Dragapult|Dragapult, M|100/100\n|-damage|p2a: Dragapult|84/100|[from] Spikes\n|-damage|p2a: Dragapult|72/100|[from] Stealth Rock\n|turn|15\n|\n|t:|1782434596\n|switch|p1a: Blissey|Blissey, F|100/100\n|move|p2a: Dragapult|Flamethrower|p1a: Blissey\n|-damage|p1a: Blissey|90/100\n|-damage|p2a: Dragapult|62/100|[from] item: Life Orb\n|\n|upkeep\n|turn|16\n|\n|t:|1782434606\n|move|p2a: Dragapult|Will-O-Wisp|p1a: Blissey\n|-status|p1a: Blissey|brn\n|move|p1a: Blissey|Soft-Boiled|p1a: Blissey\n|-heal|p1a: Blissey|100/100 brn\n|\n|-damage|p1a: Blissey|94/100 brn|[from] brn\n|upkeep\n|turn|17\n|\n|t:|1782434622\n|switch|p2a: Cinderace|Cinderace, F|100/100\n|move|p1a: Blissey|Shadow Ball|p2a: Cinderace\n|-damage|p2a: Cinderace|81/100\n|\n|-damage|p1a: Blissey|88/100 brn|[from] brn\n|upkeep\n|turn|18\n|c|☆ns1457|bro\n|\n|t:|1782434631\n|-curestatus|p1a: Blissey|brn|[from] ability: Natural Cure|[silent]\n|switch|p1a: Pecharunt|Pecharunt|100/100\n|move|p2a: Cinderace|Pyro Ball|p1a: Pecharunt\n|-damage|p1a: Pecharunt|73/100\n|\n|upkeep\n|turn|19\n|\n|t:|1782434643\n|move|p2a: Cinderace|U-turn|p1a: Pecharunt\n|-start|p2a: Cinderace|typechange|Bug|[from] ability: Libero\n|-resisted|p1a: Pecharunt\n|-damage|p1a: Pecharunt|70/100\n|\n|t:|1782434648\n|switch|p2a: Gliscor|Gliscor, F|100/100 tox|[from] U-turn\n|-damage|p2a: Gliscor|88/100 tox|[from] Stealth Rock\n|move|p1a: Pecharunt|Shadow Ball|p2a: Gliscor\n|-damage|p2a: Gliscor|60/100 tox\n|-unboost|p2a: Gliscor|spd|1\n|\n|-heal|p2a: Gliscor|73/100 tox|[from] ability: Poison Heal\n|upkeep\n|turn|20\n|\n|t:|1782434659\n|move|p2a: Gliscor|Earthquake|p1a: Pecharunt\n|-supereffective|p1a: Pecharunt\n|-damage|p1a: Pecharunt|38/100\n|move|p1a: Pecharunt|Recover|p1a: Pecharunt\n|-heal|p1a: Pecharunt|88/100\n|\n|-heal|p2a: Gliscor|85/100 tox|[from] ability: Poison Heal\n|upkeep\n|turn|21\n|inactive|thepeakmons has 120 seconds left.\n|\n|t:|1782434670\n|move|p2a: Gliscor|Earthquake|p1a: Pecharunt\n|-supereffective|p1a: Pecharunt\n|-damage|p1a: Pecharunt|56/100\n|move|p1a: Pecharunt|Shadow Ball|p2a: Gliscor\n|-damage|p2a: Gliscor|36/100 tox\n|-unboost|p2a: Gliscor|spd|1\n|\n|-heal|p2a: Gliscor|48/100 tox|[from] ability: Poison Heal\n|upkeep\n|turn|22\n|inactive|thepeakmons has 120 seconds left.\n|\n|t:|1782434684\n|move|p2a: Gliscor|Spikes|p1a: Pecharunt\n|-sidestart|p1: thepeakmons|Spikes\n|move|p1a: Pecharunt|Recover|p1a: Pecharunt\n|-heal|p1a: Pecharunt|100/100\n|\n|-heal|p2a: Gliscor|61/100 tox|[from] ability: Poison Heal\n|upkeep\n|turn|23\n|inactive|thepeakmons has 120 seconds left.\n|\n|t:|1782434691\n|move|p2a: Gliscor|Spikes|p1a: Pecharunt\n|-sidestart|p1: thepeakmons|Spikes\n|move|p1a: Pecharunt|Parting Shot|p2a: Gliscor\n|-unboost|p2a: Gliscor|atk|1\n|-unboost|p2a: Gliscor|spa|1\n|inactive|thepeakmons has 120 seconds left.\n|c|☆ns1457|bro\n|\n|t:|1782434703\n|switch|p1a: Zamazenta|Zamazenta|36/100|[from] Parting Shot\n|\n|-heal|p2a: Gliscor|73/100 tox|[from] ability: Poison Heal\n|upkeep\n|turn|24\n|inactive|thepeakmons has 120 seconds left.\n|\n|t:|1782434714\n|move|p1a: Zamazenta|Ice Fang|p2a: Gliscor\n|-supereffective|p2a: Gliscor\n|-damage|p2a: Gliscor|26/100 tox\n|move|p2a: Gliscor|Toxic|p1a: Zamazenta\n|-status|p1a: Zamazenta|tox\n|\n|-damage|p1a: Zamazenta|29/100 tox|[from] psn\n|-heal|p2a: Gliscor|38/100 tox|[from] ability: Poison Heal\n|upkeep\n|turn|25\n|inactive|thepeakmons has 120 seconds left.\n|\n|t:|1782434726\n|move|p2a: Gliscor|Protect|p2a: Gliscor\n|-singleturn|p2a: Gliscor|Protect\n|move|p1a: Zamazenta|Ice Fang|p2a: Gliscor\n|-activate|p2a: Gliscor|move: Protect\n|\n|-damage|p1a: Zamazenta|17/100 tox|[from] psn\n|-heal|p2a: Gliscor|50/100 tox|[from] ability: Poison Heal\n|upkeep\n|turn|26\n|inactive|thepeakmons has 120 seconds left.\n|\n|t:|1782434739\n|switch|p1a: Skarmory|Skarmory, M|68/100\n|switch|p2a: Gholdengo|Gholdengo|100/100\n|-damage|p2a: Gholdengo|94/100|[from] Stealth Rock\n|-item|p2a: Gholdengo|Air Balloon\n|\n|upkeep\n|turn|27\n|inactive|thepeakmons has 120 seconds left.\n|\n|t:|1782434748\n|switch|p1a: Blissey|Blissey, F|88/100\n|move|p2a: Gholdengo|Nasty Plot|p2a: Gholdengo\n|-boost|p2a: Gholdengo|spa|2\n|\n|upkeep\n|turn|28\n|\n|t:|1782434756\n|move|p2a: Gholdengo|Make It Rain|p1a: Blissey\n|-damage|p1a: Blissey|53/100\n|-unboost|p2a: Gholdengo|spa|1\n|move|p1a: Blissey|Calm Mind|p1a: Blissey\n|-boost|p1a: Blissey|spa|1\n|-boost|p1a: Blissey|spd|1\n|\n|upkeep\n|turn|29\n|\n|t:|1782434766\n|switch|p2a: Gliscor|Gliscor, F|50/100 tox\n|-damage|p2a: Gliscor|38/100 tox|[from] Stealth Rock\n|move|p1a: Blissey|Soft-Boiled|p1a: Blissey\n|-heal|p1a: Blissey|100/100\n|\n|-heal|p2a: Gliscor|50/100 tox|[from] ability: Poison Heal\n|upkeep\n|turn|30\n|\n|t:|1782434772\n|move|p2a: Gliscor|Toxic|p1a: Blissey\n|-status|p1a: Blissey|tox\n|move|p1a: Blissey|Shadow Ball|p2a: Gliscor\n|-damage|p2a: Gliscor|23/100 tox\n|\n|-heal|p2a: Gliscor|35/100 tox|[from] ability: Poison Heal\n|-damage|p1a: Blissey|94/100 tox|[from] psn\n|upkeep\n|turn|31\n|\n|t:|1782434783\n|-curestatus|p1a: Blissey|tox|[from] ability: Natural Cure|[silent]\n|switch|p1a: Skarmory|Skarmory, M|68/100\n|move|p2a: Gliscor|Protect||[still]\n|-fail|p2a: Gliscor\n|\n|-heal|p2a: Gliscor|48/100 tox|[from] ability: Poison Heal\n|upkeep\n|turn|32\n|\n|t:|1782434792\n|move|p2a: Gliscor|Protect|p2a: Gliscor\n|-singleturn|p2a: Gliscor|Protect\n|move|p1a: Skarmory|Roost|p1a: Skarmory\n|-heal|p1a: Skarmory|100/100\n|-singleturn|p1a: Skarmory|move: Roost\n|\n|-heal|p2a: Gliscor|60/100 tox|[from] ability: Poison Heal\n|upkeep\n|turn|33\n|\n|t:|1782434805\n|switch|p2a: Cinderace|Cinderace, F|81/100\n|move|p1a: Skarmory|Whirlwind|p2a: Cinderace\n|drag|p2a: Gliscor|Gliscor, F|60/100 tox\n|-damage|p2a: Gliscor|48/100 tox|[from] Stealth Rock\n|\n|-heal|p2a: Gliscor|60/100 tox|[from] ability: Poison Heal\n|upkeep\n|turn|34\n|\n|t:|1782434814\n|switch|p2a: Cinderace|Cinderace, F|81/100\n|move|p1a: Skarmory|Whirlwind|p2a: Cinderace\n|drag|p2a: Gholdengo|Gholdengo|94/100\n|-damage|p2a: Gholdengo|88/100|[from] Stealth Rock\n|-item|p2a: Gholdengo|Air Balloon\n|\n|upkeep\n|turn|35\n|\n|t:|1782434836\n|switch|p1a: Blissey|Blissey, F|94/100\n|move|p2a: Gholdengo|Nasty Plot|p2a: Gholdengo\n|-boost|p2a: Gholdengo|spa|2\n|\n|upkeep\n|turn|36\n|\n|t:|1782434842\n|move|p2a: Gholdengo|Make It Rain|p1a: Blissey\n|-damage|p1a: Blissey|59/100\n|-unboost|p2a: Gholdengo|spa|1\n|move|p1a: Blissey|Calm Mind|p1a: Blissey\n|-boost|p1a: Blissey|spa|1\n|-boost|p1a: Blissey|spd|1\n|\n|upkeep\n|turn|37\n|\n|t:|1782434852\n|switch|p2a: Cinderace|Cinderace, F|81/100\n|move|p1a: Blissey|Soft-Boiled|p1a: Blissey\n|-heal|p1a: Blissey|100/100\n|\n|upkeep\n|turn|38\n|\n|t:|1782434859\n|switch|p1a: Gliscor|Gliscor, F|32/100 brn\n|-damage|p1a: Gliscor|20/100 brn|[from] Stealth Rock\n|move|p2a: Cinderace|Pyro Ball|p1a: Gliscor|[miss]\n|-miss|p2a: Cinderace|p1a: Gliscor\n|\n|-damage|p1a: Gliscor|13/100 brn|[from] brn\n|upkeep\n|turn|39\n|\n|t:|1782434872\n|move|p2a: Cinderace|Pyro Ball|p1a: Gliscor\n|-damage|p1a: Gliscor|0 fnt\n|faint|p1a: Gliscor\n|\n|upkeep\n|\n|t:|1782434888\n|switch|p1a: Pecharunt|Pecharunt|100/100\n|turn|40\n|\n|t:|1782434909\n|move|p2a: Cinderace|U-turn|p1a: Pecharunt\n|-start|p2a: Cinderace|typechange|Bug|[from] ability: Libero\n|-resisted|p1a: Pecharunt\n|-damage|p1a: Pecharunt|96/100\n|\n|t:|1782434919\n|switch|p2a: Gholdengo|Gholdengo|88/100|[from] U-turn\n|-damage|p2a: Gholdengo|82/100|[from] Stealth Rock\n|-item|p2a: Gholdengo|Air Balloon\n|move|p1a: Pecharunt|Shadow Ball|p2a: Gholdengo\n|-supereffective|p2a: Gholdengo\n|-damage|p2a: Gholdengo|41/100\n|-enditem|p2a: Gholdengo|Air Balloon\n|\n|upkeep\n|turn|41\n|\n|t:|1782434928\n|switch|p1a: Blissey|Blissey, F|100/100\n|move|p2a: Gholdengo|Recover|p2a: Gholdengo\n|-heal|p2a: Gholdengo|91/100\n|\n|upkeep\n|turn|42\n|\n|t:|1782434937\n|switch|p2a: Cinderace|Cinderace, F|81/100\n|move|p1a: Blissey|Calm Mind|p1a: Blissey\n|-boost|p1a: Blissey|spa|1\n|-boost|p1a: Blissey|spd|1\n|\n|upkeep\n|turn|43\n|\n|t:|1782434945\n|switch|p1a: Pecharunt|Pecharunt|96/100\n|move|p2a: Cinderace|Pyro Ball|p1a: Pecharunt\n|-damage|p1a: Pecharunt|70/100\n|\n|upkeep\n|turn|44\n|\n|t:|1782434962\n|move|p2a: Cinderace|Pyro Ball|p1a: Pecharunt\n|-damage|p1a: Pecharunt|43/100\n|move|p1a: Pecharunt|Recover|p1a: Pecharunt\n|-heal|p1a: Pecharunt|93/100\n|\n|upkeep\n|turn|45\n|\n|t:|1782434977\n|switch|p2a: Gholdengo|Gholdengo|91/100\n|-damage|p2a: Gholdengo|75/100|[from] Spikes\n|-damage|p2a: Gholdengo|68/100|[from] Stealth Rock\n|move|p1a: Pecharunt|Shadow Ball|p2a: Gholdengo\n|-supereffective|p2a: Gholdengo\n|-damage|p2a: Gholdengo|29/100\n|\n|upkeep\n|turn|46\n|\n|t:|1782434989\n|switch|p1a: Blissey|Blissey, F|100/100\n|move|p2a: Gholdengo|Recover|p2a: Gholdengo\n|-heal|p2a: Gholdengo|79/100\n|\n|upkeep\n|turn|47\n|\n|t:|1782434998\n|move|p2a: Gholdengo|Recover|p2a: Gholdengo\n|-heal|p2a: Gholdengo|100/100\n|move|p1a: Blissey|Calm Mind|p1a: Blissey\n|-boost|p1a: Blissey|spa|1\n|-boost|p1a: Blissey|spd|1\n|\n|upkeep\n|turn|48\n|\n|t:|1782435019\n|switch|p2a: Cinderace|Cinderace, F|81/100\n|move|p1a: Blissey|Calm Mind|p1a: Blissey\n|-boost|p1a: Blissey|spa|1\n|-boost|p1a: Blissey|spd|1\n|\n|upkeep\n|turn|49\n|\n|t:|1782435032\n|move|p2a: Cinderace|Pyro Ball|p1a: Blissey\n|-damage|p1a: Blissey|36/100\n|move|p1a: Blissey|Shadow Ball|p2a: Cinderace\n|-damage|p2a: Cinderace|36/100\n|\n|upkeep\n|turn|50\n|inactive|thepeakmons has 120 seconds left.\n|\n|t:|1782435049\n|switch|p1a: Pecharunt|Pecharunt|93/100\n|move|p2a: Cinderace|Pyro Ball|p1a: Pecharunt\n|-damage|p1a: Pecharunt|67/100\n|\n|upkeep\n|turn|51\n|inactive|thepeakmons has 120 seconds left.\n|\n|t:|1782435062\n|switch|p2a: Gholdengo|Gholdengo|100/100\n|-damage|p2a: Gholdengo|84/100|[from] Spikes\n|-damage|p2a: Gholdengo|78/100|[from] Stealth Rock\n|move|p1a: Pecharunt|Recover|p1a: Pecharunt\n|-heal|p1a: Pecharunt|100/100\n|\n|upkeep\n|turn|52\n|inactive|thepeakmons has 120 seconds left.\n|\n|t:|1782435079\n|switch|p1a: Blissey|Blissey, F|36/100\n|switch|p2a: Kingambit|Kingambit, F|100/100\n|-damage|p2a: Kingambit|84/100|[from] Spikes\n|-damage|p2a: Kingambit|78/100|[from] Stealth Rock\n|-activate|p2a: Kingambit|ability: Supreme Overlord\n|-start|p2a: Kingambit|fallen1|[silent]\n|\n|upkeep\n|turn|53\n|inactive|thepeakmons has 120 seconds left.\n|c|☆ns1457|that was fun\n|\n|t:|1782435096\n|switch|p1a: Skarmory|Skarmory, M|100/100\n|move|p2a: Kingambit|Kowtow Cleave|p1a: Skarmory\n|-damage|p1a: Skarmory|63/100\n|\n|upkeep\n|turn|54\n|inactive|thepeakmons has 120 seconds left.\n|\n|t:|1782435112\n|switch|p1a: Blissey|Blissey, F|36/100\n|move|p2a: Kingambit|Kowtow Cleave|p1a: Blissey\n|-damage|p1a: Blissey|0 fnt\n|faint|p1a: Blissey\n|\n|upkeep\n|\n|t:|1782435134\n|switch|p1a: Zamazenta|Zamazenta|17/100 tox\n|turn|55\n|\n|t:|1782435144\n|move|p2a: Kingambit|Sucker Punch|p1a: Zamazenta\n|-resisted|p1a: Zamazenta\n|-damage|p1a: Zamazenta|0 fnt\n|faint|p1a: Zamazenta\n|\n|upkeep\n|inactive|thepeakmons has 90 seconds left.\n|c|☆ns1457|gg\n|\n|t:|1782435176\n|switch|p1a: Gholdengo|Gholdengo|100/100\n|-damage|p1a: Gholdengo|76/100|[from] Spikes\n|-damage|p1a: Gholdengo|70/100|[from] Stealth Rock\n|turn|56\n|inactive|thepeakmons has 60 seconds left.\n|\n|t:|1782435214\n|move|p1a: Gholdengo|Recover|p1a: Gholdengo\n|-heal|p1a: Gholdengo|100/100\n|move|p2a: Kingambit|Kowtow Cleave|p1a: Gholdengo\n|-supereffective|p1a: Gholdengo\n|-damage|p1a: Gholdengo|11/100\n|\n|upkeep\n|turn|57\n|inactive|thepeakmons has 60 seconds left.\n|\n|t:|1782435231\n|move|p1a: Gholdengo|Recover|p1a: Gholdengo\n|-heal|p1a: Gholdengo|61/100\n|move|p2a: Kingambit|Kowtow Cleave|p1a: Gholdengo\n|-supereffective|p1a: Gholdengo\n|-damage|p1a: Gholdengo|0 fnt\n|faint|p1a: Gholdengo\n|\n|upkeep\n|\n|t:|1782435247\n|switch|p1a: Pecharunt|Pecharunt|100/100\n|turn|58\n|\n|t:|1782435254\n|switch|p1a: Skarmory|Skarmory, M|63/100\n|move|p2a: Kingambit|Kowtow Cleave|p1a: Skarmory\n|-damage|p1a: Skarmory|23/100\n|\n|upkeep\n|turn|59\n|c|☆ns1457|jesus\n|\n|t:|1782435268\n|move|p1a: Skarmory|Roost|p1a: Skarmory\n|-heal|p1a: Skarmory|73/100\n|-singleturn|p1a: Skarmory|move: Roost\n|move|p2a: Kingambit|Kowtow Cleave|p1a: Skarmory\n|-damage|p1a: Skarmory|34/100\n|\n|upkeep\n|turn|60\n|\n|t:|1782435277\n|-end|p2a: Kingambit|fallen1|[silent]\n|switch|p2a: Cinderace|Cinderace, F|36/100\n|move|p1a: Skarmory|Roost|p1a: Skarmory\n|-heal|p1a: Skarmory|84/100\n|-singleturn|p1a: Skarmory|move: Roost\n|\n|upkeep\n|turn|61\n|inactive|thepeakmons has 60 seconds left.\n|\n|t:|1782435285\n|move|p2a: Cinderace|U-turn|p1a: Skarmory\n|-start|p2a: Cinderace|typechange|Bug|[from] ability: Libero\n|-resisted|p1a: Skarmory\n|-damage|p1a: Skarmory|79/100\n|\n|t:|1782435295\n|switch|p2a: Gholdengo|Gholdengo|78/100|[from] U-turn\n|-damage|p2a: Gholdengo|61/100|[from] Spikes\n|-damage|p2a: Gholdengo|55/100|[from] Stealth Rock\n|move|p1a: Skarmory|Roost|p1a: Skarmory\n|-heal|p1a: Skarmory|100/100\n|-singleturn|p1a: Skarmory|move: Roost\n|\n|upkeep\n|turn|62\n|\n|t:|1782435305\n|move|p2a: Gholdengo|Shadow Ball|p1a: Skarmory\n|-crit|p1a: Skarmory\n|-damage|p1a: Skarmory|18/100\n|move|p1a: Skarmory|Spikes|p2a: Gholdengo\n|-sidestart|p2: ns1457|Spikes\n|\n|upkeep\n|turn|63\n|c|☆ns1457|brooooo\n|\n|t:|1782435317\n|switch|p1a: Pecharunt|Pecharunt|100/100\n|move|p2a: Gholdengo|Shadow Ball|p1a: Pecharunt\n|-supereffective|p1a: Pecharunt\n|-damage|p1a: Pecharunt|23/100\n|\n|upkeep\n|turn|64\n|\n|t:|1782435333\n|switch|p1a: Skarmory|Skarmory, M|18/100\n|-terastallize|p2a: Gholdengo|Normal\n|move|p2a: Gholdengo|Shadow Ball|p1a: Skarmory\n|-damage|p1a: Skarmory|0 fnt\n|faint|p1a: Skarmory\n|\n|upkeep\n|\n|t:|1782435343\n|switch|p1a: Pecharunt|Pecharunt|23/100\n|turn|65\n|c|☆ns1457|jesus christ\n|inactive|thepeakmons has 60 seconds left.\n|\n|t:|1782435363\n|move|p1a: Pecharunt|Recover|p1a: Pecharunt\n|-heal|p1a: Pecharunt|73/100\n|move|p2a: Gholdengo|Shadow Ball|p1a: Pecharunt\n|-supereffective|p1a: Pecharunt\n|-damage|p1a: Pecharunt|0 fnt\n|faint|p1a: Pecharunt\n|\n|win|ns1457\n|raw|thepeakmons's rating: 1265 &rarr; <strong>1239</strong><br />(-26 for losing)\n|raw|ns1457's rating: 1247 &rarr; <strong>1273</strong><br />(+26 for winning)\n", "uploadtime": 1782435363, "views": 11, "formatid": "gen9ou", "rating": 1239, "private": 0, "password": null}