{"id": "gen9ou-2639288547", "format": "[Gen 9] OU", "players": ["santiagohurtadot", "2322f32qfe23"], "log": "|j|☆santiagohurtadot\n|j|☆2322f32qfe23\n|t:|1782446490\n|gametype|singles\n|player|p1|santiagohurtadot|richboy|1352\n|player|p2|2322f32qfe23|266|1390\n|gen|9\n|tier|[Gen 9] OU\n|rated|\n|rule|HP Percentage Mod: HP is shown in percentages\n|rule|Endless Battle Clause: Forcing endless battles is banned\n|rule|Species Clause: Limit one of each Pokémon\n|rule|OHKO Clause: OHKO moves are banned\n|rule|Evasion Items Clause: Evasion items are banned\n|rule|Evasion Moves Clause: Evasion moves are banned\n|rule|Evasion Abilities Clause: Evasion abilities are banned\n|rule|Sleep Moves Clause: Sleep-inducing moves are banned\n|clearpoke\n|poke|p1|Cinccino, M|\n|poke|p1|Mew|\n|poke|p1|Rotom-Wash|\n|poke|p1|Primarina, F|\n|poke|p1|Arcanine-Hisui, M|\n|poke|p1|Dragonite, F|\n|poke|p2|Cloyster, F|\n|poke|p2|Kingambit, M|\n|poke|p2|Porygon2|\n|poke|p2|Hatterene, F|\n|poke|p2|Conkeldurr, F|\n|poke|p2|Snorlax, F|\n|teampreview\n|\n|t:|1782446499\n|teamsize|p1|6\n|teamsize|p2|6\n|start\n|switch|p1a: RK9|Arcanine-Hisui, M|100/100\n|switch|p2a: Cloyster|Cloyster, F|100/100\n|turn|1\n|\n|t:|1782446505\n|move|p1a: RK9|Head Smash|p2a: Cloyster|[miss]\n|-miss|p1a: RK9|p2a: Cloyster\n|move|p2a: Cloyster|Shell Smash|p2a: Cloyster\n|-unboost|p2a: Cloyster|def|1\n|-unboost|p2a: Cloyster|spd|1\n|-boost|p2a: Cloyster|atk|2\n|-boost|p2a: Cloyster|spa|2\n|-boost|p2a: Cloyster|spe|2\n|\n|upkeep\n|turn|2\n|\n|t:|1782446514\n|move|p1a: RK9|Extreme Speed|p2a: Cloyster\n|-damage|p2a: Cloyster|60/100\n|-damage|p1a: RK9|91/100|[from] item: Life Orb\n|move|p2a: Cloyster|Drill Run|p1a: RK9\n|-supereffective|p1a: RK9\n|-damage|p1a: RK9|0 fnt\n|faint|p1a: RK9\n|\n|upkeep\n|\n|t:|1782446551\n|switch|p1a: WALSH|Rotom-Wash|100/100\n|turn|3\n|\n|t:|1782446558\n|-terastallize|p2a: Cloyster|Ground\n|move|p2a: Cloyster|Rock Blast|p1a: WALSH\n|-damage|p1a: WALSH|78/100\n|-damage|p1a: WALSH|58/100\n|-damage|p1a: WALSH|36/100\n|-damage|p1a: WALSH|16/100\n|-damage|p1a: WALSH|0 fnt\n|faint|p1a: WALSH\n|-hitcount|p1: WALSH|5\n|\n|upkeep\n|\n|t:|1782446571\n|switch|p1a: TOTA|Dragonite, F|100/100\n|turn|4\n|\n|t:|1782446578\n|-terastallize|p1a: TOTA|Normal\n|move|p1a: TOTA|Extreme Speed|p2a: Cloyster\n|-damage|p2a: Cloyster|0 fnt\n|faint|p2a: Cloyster\n|\n|upkeep\n|\n|t:|1782446589\n|switch|p2a: Conkeldurr|Conkeldurr, F|100/100\n|turn|5\n|\n|t:|1782446594\n|switch|p1a: MIUSHA|Mew|100/100\n|move|p2a: Conkeldurr|Close Combat|p1a: MIUSHA\n|-resisted|p1a: MIUSHA\n|-damage|p1a: MIUSHA|67/100\n|-unboost|p2a: Conkeldurr|def|1\n|-unboost|p2a: Conkeldurr|spd|1\n|\n|-heal|p1a: MIUSHA|73/100|[from] item: Leftovers\n|-status|p2a: Conkeldurr|brn|[from] item: Flame Orb\n|upkeep\n|turn|6\n|inactive|Battle timer is ON: inactive players will automatically lose when time's up. (requested by 2322f32qfe23)\n|\n|t:|1782446604\n|switch|p2a: Hatterene|Hatterene, F|100/100\n|move|p1a: MIUSHA|Psychic|p2a: Hatterene\n|-resisted|p2a: Hatterene\n|-damage|p2a: Hatterene|85/100\n|\n|-heal|p1a: MIUSHA|79/100|[from] item: Leftovers\n|-heal|p2a: Hatterene|91/100|[from] item: Leftovers\n|upkeep\n|turn|7\n|\n|t:|1782446612\n|move|p1a: MIUSHA|Calm Mind|p1a: MIUSHA\n|-boost|p1a: MIUSHA|spa|1\n|-boost|p1a: MIUSHA|spd|1\n|move|p2a: Hatterene|Trick Room|p2a: Hatterene\n|-fieldstart|move: Trick Room|[of] p2a: Hatterene\n|\n|-heal|p2a: Hatterene|97/100|[from] item: Leftovers\n|-heal|p1a: MIUSHA|86/100|[from] item: Leftovers\n|upkeep\n|turn|8\n|\n|t:|1782446622\n|switch|p2a: King|Snorlax, F|100/100\n|move|p1a: MIUSHA|Earth Power|p2a: King\n|-damage|p2a: King|80/100\n|\n|-heal|p2a: King|86/100|[from] item: Leftovers\n|-heal|p1a: MIUSHA|92/100|[from] item: Leftovers\n|upkeep\n|turn|9\n|\n|t:|1782446630\n|move|p2a: King|Curse|p2a: King\n|-unboost|p2a: King|spe|1\n|-boost|p2a: King|atk|1\n|-boost|p2a: King|def|1\n|move|p1a: MIUSHA|Psychic|p2a: King\n|-damage|p2a: King|58/100\n|\n|-heal|p2a: King|64/100|[from] item: Leftovers\n|-heal|p1a: MIUSHA|98/100|[from] item: Leftovers\n|upkeep\n|turn|10\n|\n|t:|1782446647\n|move|p2a: King|Crunch|p1a: MIUSHA\n|-supereffective|p1a: MIUSHA\n|-damage|p1a: MIUSHA|26/100\n|move|p1a: MIUSHA|Calm Mind|p1a: MIUSHA\n|-boost|p1a: MIUSHA|spa|1\n|-boost|p1a: MIUSHA|spd|1\n|\n|-heal|p2a: King|70/100|[from] item: Leftovers\n|-heal|p1a: MIUSHA|32/100|[from] item: Leftovers\n|upkeep\n|turn|11\n|\n|t:|1782446657\n|move|p2a: King|Crunch|p1a: MIUSHA\n|-supereffective|p1a: MIUSHA\n|-damage|p1a: MIUSHA|0 fnt\n|faint|p1a: MIUSHA\n|\n|-heal|p2a: King|76/100|[from] item: Leftovers\n|-fieldend|move: Trick Room\n|upkeep\n|\n|t:|1782446663\n|switch|p1a: RINA|Primarina, F|100/100\n|turn|12\n|\n|t:|1782446668\n|move|p1a: RINA|Moonblast|p2a: King\n|-damage|p2a: King|47/100\n|move|p2a: King|Body Slam|p1a: RINA\n|-damage|p1a: RINA|29/100\n|-status|p1a: RINA|par\n|\n|-heal|p2a: King|53/100|[from] item: Leftovers\n|upkeep\n|turn|13\n|\n|t:|1782446676\n|move|p1a: RINA|Moonblast|p2a: King\n|-damage|p2a: King|25/100\n|-unboost|p2a: King|spa|1\n|move|p2a: King|Body Slam|p1a: RINA\n|-damage|p1a: RINA|0 fnt\n|faint|p1a: RINA\n|\n|-heal|p2a: King|31/100|[from] item: Leftovers\n|upkeep\n|\n|t:|1782446689\n|switch|p1a: TOTA|Dragonite, F, tera:Normal|100/100\n|turn|14\n|\n|t:|1782446695\n|move|p1a: TOTA|Dragon Dance|p1a: TOTA\n|-boost|p1a: TOTA|atk|1\n|-boost|p1a: TOTA|spe|1\n|move|p2a: King|Body Slam|p1a: TOTA\n|-damage|p1a: TOTA|70/100\n|\n|-heal|p1a: TOTA|77/100|[from] item: Leftovers\n|-heal|p2a: King|37/100|[from] item: Leftovers\n|upkeep\n|turn|15\n|\n|t:|1782446703\n|move|p1a: TOTA|Extreme Speed|p2a: King\n|-damage|p2a: King|0 fnt\n|faint|p2a: King\n|\n|-heal|p1a: TOTA|83/100|[from] item: Leftovers\n|upkeep\n|\n|t:|1782446709\n|switch|p2a: Hatterene|Hatterene, F|97/100\n|turn|16\n|\n|t:|1782446712\n|move|p1a: TOTA|Extreme Speed|p2a: Hatterene\n|-damage|p2a: Hatterene|23/100\n|move|p2a: Hatterene|Trick Room|p2a: Hatterene\n|-fieldstart|move: Trick Room|[of] p2a: Hatterene\n|\n|-heal|p2a: Hatterene|29/100|[from] item: Leftovers\n|-heal|p1a: TOTA|89/100|[from] item: Leftovers\n|upkeep\n|turn|17\n|\n|t:|1782446718\n|move|p1a: TOTA|Extreme Speed|p2a: Hatterene\n|-damage|p2a: Hatterene|0 fnt\n|faint|p2a: Hatterene\n|\n|-heal|p1a: TOTA|95/100|[from] item: Leftovers\n|upkeep\n|\n|t:|1782446722\n|switch|p2a: Conkeldurr|Conkeldurr, F|100/100 brn\n|turn|18\n|\n|t:|1782446726\n|move|p1a: TOTA|Extreme Speed|p2a: Conkeldurr\n|-damage|p2a: Conkeldurr|42/100 brn\n|move|p2a: Conkeldurr|Close Combat|p1a: TOTA\n|-supereffective|p1a: TOTA\n|-damage|p1a: TOTA|0 fnt\n|-unboost|p2a: Conkeldurr|def|1\n|-unboost|p2a: Conkeldurr|spd|1\n|faint|p1a: TOTA\n|\n|-damage|p2a: Conkeldurr|36/100 brn|[from] brn\n|upkeep\n|c|☆2322f32qfe23|gg so ez\n|c|☆2322f32qfe23|yawn\n|c|☆santiagohurtadot|gg\n|\n|t:|1782446738\n|switch|p1a: MOCCA|Cinccino, M|100/100\n|turn|19\n|c|☆2322f32qfe23|boring af\n|\n|t:|1782446745\n|move|p2a: Conkeldurr|Mach Punch|p1a: MOCCA\n|-supereffective|p1a: MOCCA\n|-damage|p1a: MOCCA|0 fnt\n|faint|p1a: MOCCA\n|\n|win|2322f32qfe23\n|raw|santiagohurtadot's rating: 1352 &rarr; <strong>1334</strong><br />(-18 for losing)\n|raw|2322f32qfe23's rating: 1390 &rarr; <strong>1408</strong><br />(+18 for winning)\n|l|☆santiagohurtadot\n|player|p1|\n", "uploadtime": 1782447088, "views": 3, "formatid": "gen9ou", "rating": 1334, "private": 0, "password": null}