{"id": "gen9ou-2639916737", "format": "[Gen 9] OU", "players": ["hyp4roffender", "pyxr"], "log": "|j|☆hyp4roffender\n|j|☆pyxr\n|t:|1782542838\n|gametype|singles\n|player|p1|hyp4roffender|1|1545\n|player|p2|pyxr|caitlin|1566\n|gen|9\n|tier|[Gen 9] OU\n|rated|\n|rule|HP Percentage Mod: HP is shown in percentages\n|rule|Endless Battle Clause: Forcing endless battles is banned\n|rule|Species Clause: Limit one of each Pokémon\n|rule|OHKO Clause: OHKO moves are banned\n|rule|Evasion Items Clause: Evasion items are banned\n|rule|Evasion Moves Clause: Evasion moves are banned\n|rule|Evasion Abilities Clause: Evasion abilities are banned\n|rule|Sleep Moves Clause: Sleep-inducing moves are banned\n|clearpoke\n|poke|p1|Kingambit, F|\n|poke|p1|Kommo-o, M|\n|poke|p1|Iron Valiant|\n|poke|p1|Kyurem|\n|poke|p1|Iron Crown|\n|poke|p1|Iron Treads|\n|poke|p2|Araquanid, F|\n|poke|p2|Ogerpon-Cornerstone, F|\n|poke|p2|Great Tusk|\n|poke|p2|Pecharunt|\n|poke|p2|Dragonite, F|\n|poke|p2|Kingambit, F|\n|teampreview\n|inactive|Battle timer is ON: inactive players will automatically lose when time's up. (requested by hyp4roffender)\n|\n|t:|1782542855\n|teamsize|p1|6\n|teamsize|p2|6\n|start\n|switch|p1a: Iron Treads|Iron Treads|100/100\n|switch|p2a: Araquanid|Araquanid, F|100/100\n|-enditem|p1a: Iron Treads|Booster Energy\n|-activate|p1a: Iron Treads|ability: Quark Drive|[fromitem]\n|-start|p1a: Iron Treads|quarkdrivespe\n|turn|1\n|\n|t:|1782542862\n|move|p1a: Iron Treads|Stealth Rock|p2a: Araquanid\n|-sidestart|p2: pyxr|move: Stealth Rock\n|move|p2a: Araquanid|Surf|p1a: Iron Treads\n|-supereffective|p1a: Iron Treads\n|-damage|p1a: Iron Treads|0 fnt\n|faint|p1a: Iron Treads\n|-end|p1a: Iron Treads|Quark Drive|[silent]\n|\n|upkeep\n|\n|t:|1782542879\n|switch|p1a: Kyurem|Kyurem|100/100\n|-ability|p1a: Kyurem|Pressure\n|turn|2\n|\n|t:|1782542885\n|move|p1a: Kyurem|Dragon Dance|p1a: Kyurem\n|-boost|p1a: Kyurem|atk|1\n|-boost|p1a: Kyurem|spe|1\n|move|p2a: Araquanid|Sticky Web|p1a: Kyurem\n|-sidestart|p1: hyp4roffender|move: Sticky Web\n|\n|upkeep\n|turn|3\n|\n|t:|1782542895\n|move|p1a: Kyurem|Scale Shot|p2a: Araquanid\n|-damage|p2a: Araquanid|81/100\n|-damage|p2a: Araquanid|62/100\n|-damage|p2a: Araquanid|42/100\n|-damage|p2a: Araquanid|21/100\n|-damage|p2a: Araquanid|2/100\n|-hitcount|p2a: Araquanid|5\n|-unboost|p1a: Kyurem|def|1\n|-boost|p1a: Kyurem|spe|1\n|move|p2a: Araquanid|Surf|p1a: Kyurem\n|-resisted|p1a: Kyurem\n|-damage|p1a: Kyurem|69/100\n|\n|upkeep\n|turn|4\n|-enditem|p2a: Araquanid|Custap Berry|[eat]\n|-activate|p2a: Araquanid|item: Custap Berry|[consumed]\n|\n|t:|1782542904\n|move|p2a: Araquanid|Endeavor|p1a: Kyurem\n|-damage|p1a: Kyurem|2/100\n|move|p1a: Kyurem|Icicle Spear|p2a: Araquanid\n|-resisted|p2a: Araquanid\n|-damage|p2a: Araquanid|0 fnt\n|faint|p2a: Araquanid\n|-hitcount|p2: Araquanid|1\n|\n|upkeep\n|\n|t:|1782542918\n|switch|p2a: Kingambit|Kingambit, F|100/100\n|-damage|p2a: Kingambit|94/100|[from] Stealth Rock\n|-activate|p2a: Kingambit|ability: Supreme Overlord\n|-start|p2a: Kingambit|fallen1|[silent]\n|-item|p2a: Kingambit|Air Balloon\n|turn|5\n|\n|t:|1782542926\n|move|p1a: Kyurem|Icicle Spear|p2a: Kingambit\n|-resisted|p2a: Kingambit\n|-damage|p2a: Kingambit|87/100\n|-enditem|p2a: Kingambit|Air Balloon\n|-resisted|p2a: Kingambit\n|-damage|p2a: Kingambit|79/100\n|-resisted|p2a: Kingambit\n|-damage|p2a: Kingambit|71/100\n|-resisted|p2a: Kingambit\n|-damage|p2a: Kingambit|62/100\n|-resisted|p2a: Kingambit\n|-damage|p2a: Kingambit|53/100\n|-hitcount|p2a: Kingambit|5\n|move|p2a: Kingambit|Iron Head|p1a: Kyurem\n|-supereffective|p1a: Kyurem\n|-damage|p1a: Kyurem|0 fnt\n|faint|p1a: Kyurem\n|\n|upkeep\n|\n|t:|1782542934\n|switch|p1a: Kommo-o|Kommo-o, M|100/100\n|-activate|p1a: Kommo-o|move: Sticky Web\n|-unboost|p1a: Kommo-o|spe|1\n|turn|6\n|\n|t:|1782542940\n|-end|p2a: Kingambit|fallen1|[silent]\n|switch|p2a: Pecharunt|Pecharunt|100/100\n|move|p1a: Kommo-o|Substitute|p1a: Kommo-o\n|-start|p1a: Kommo-o|Substitute\n|-damage|p1a: Kommo-o|75/100\n|\n|-heal|p1a: Kommo-o|82/100|[from] item: Leftovers\n|upkeep\n|turn|7\n|\n|t:|1782542953\n|move|p2a: Pecharunt|Malignant Chain|p1a: Kommo-o\n|-end|p1a: Kommo-o|Substitute\n|move|p1a: Kommo-o|Clangorous Soul|p1a: Kommo-o\n|-boost|p1a: Kommo-o|atk|1\n|-boost|p1a: Kommo-o|def|1\n|-boost|p1a: Kommo-o|spa|1\n|-boost|p1a: Kommo-o|spd|1\n|-boost|p1a: Kommo-o|spe|1\n|-damage|p1a: Kommo-o|49/100\n|\n|-heal|p1a: Kommo-o|55/100|[from] item: Leftovers\n|upkeep\n|turn|8\n|\n|t:|1782542962\n|switch|p1a: Iron Crown|Iron Crown|100/100\n|-activate|p1a: Iron Crown|move: Sticky Web\n|-unboost|p1a: Iron Crown|spe|1\n|-enditem|p1a: Iron Crown|Booster Energy\n|-activate|p1a: Iron Crown|ability: Quark Drive|[fromitem]\n|-start|p1a: Iron Crown|quarkdrivespa\n|move|p2a: Pecharunt|Malignant Chain|p1a: Iron Crown\n|-immune|p1a: Iron Crown\n|\n|upkeep\n|turn|9\n|inactive|pyxr has 120 seconds left.\n|\n|t:|1782542994\n|move|p2a: Pecharunt|Shadow Ball|p1a: Iron Crown\n|-supereffective|p1a: Iron Crown\n|-damage|p1a: Iron Crown|57/100\n|move|p1a: Iron Crown|Psychic Noise|p2a: Pecharunt\n|-supereffective|p2a: Pecharunt\n|-damage|p2a: Pecharunt|8/100\n|-start|p2a: Pecharunt|move: Heal Block\n|\n|upkeep\n|turn|10\n|\n|t:|1782543002\n|move|p2a: Pecharunt|Shadow Ball|p1a: Iron Crown\n|-supereffective|p1a: Iron Crown\n|-damage|p1a: Iron Crown|11/100\n|move|p1a: Iron Crown|Psychic Noise|p2a: Pecharunt\n|-supereffective|p2a: Pecharunt\n|-damage|p2a: Pecharunt|0 fnt\n|faint|p2a: Pecharunt\n|\n|upkeep\n|inactive|pyxr has 120 seconds left.\n|inactive|pyxr has 90 seconds left.\n|\n|t:|1782543052\n|switch|p2a: Great Tusk|Great Tusk|100/100\n|-damage|p2a: Great Tusk|98/100|[from] Stealth Rock\n|-enditem|p2a: Great Tusk|Booster Energy\n|-activate|p2a: Great Tusk|ability: Protosynthesis|[fromitem]\n|-start|p2a: Great Tusk|protosynthesisatk\n|turn|11\n|\n|t:|1782543056\n|move|p2a: Great Tusk|Rapid Spin|p1a: Iron Crown\n|-resisted|p1a: Iron Crown\n|-damage|p1a: Iron Crown|0 fnt\n|-boost|p2a: Great Tusk|spe|1\n|-sideend|p2: pyxr|Stealth Rock|[from] move: Rapid Spin|[of] p2a: Great Tusk\n|faint|p1a: Iron Crown\n|-end|p1a: Iron Crown|Quark Drive|[silent]\n|\n|upkeep\n|\n|t:|1782543065\n|switch|p1a: Iron Valiant|Iron Valiant|100/100\n|-activate|p1a: Iron Valiant|move: Sticky Web\n|-unboost|p1a: Iron Valiant|spe|1\n|-enditem|p1a: Iron Valiant|Booster Energy\n|-activate|p1a: Iron Valiant|ability: Quark Drive|[fromitem]\n|-start|p1a: Iron Valiant|quarkdrivespa\n|turn|12\n|\n|t:|1782543079\n|move|p2a: Great Tusk|Headlong Rush|p1a: Iron Valiant\n|-damage|p1a: Iron Valiant|0 fnt\n|-unboost|p2a: Great Tusk|def|1\n|-unboost|p2a: Great Tusk|spd|1\n|faint|p1a: Iron Valiant\n|-end|p1a: Iron Valiant|Quark Drive|[silent]\n|\n|upkeep\n|-message|hyp4roffender forfeited.\n|\n|win|pyxr\n|raw|hyp4roffender's rating: 1545 &rarr; <strong>1526</strong><br />(-19 for losing)\n|raw|pyxr's rating: 1566 &rarr; <strong>1585</strong><br />(+19 for winning)\n|l|☆hyp4roffender\n|player|p1|\n|l|☆pyxr\n|player|p2|\n", "uploadtime": 1782543342, "views": 6, "formatid": "gen9ou", "rating": 1526, "private": 0, "password": null}