{"id": "gen9ou-2540945558", "format": "[Gen 9] OU", "players": ["TrentMercer", "heartgold55"], "log": "|j|☆TrentMercer\n|j|☆heartgold55\n|t:|1771269672\n|gametype|singles\n|player|p1|TrentMercer|cynthia|1656\n|player|p2|heartgold55|volkner|1579\n|gen|9\n|tier|[Gen 9] OU\n|rated|\n|rule|HP Percentage Mod: HP is shown in percentages\n|rule|Endless Battle Clause: Forcing endless battles is banned\n|rule|Species Clause: Limit one of each Pokémon\n|rule|OHKO Clause: OHKO moves are banned\n|rule|Evasion Items Clause: Evasion items are banned\n|rule|Evasion Moves Clause: Evasion moves are banned\n|rule|Evasion Abilities Clause: Evasion abilities are banned\n|rule|Sleep Moves Clause: Sleep-inducing moves are banned\n|clearpoke\n|poke|p1|Corviknight, F|\n|poke|p1|Garchomp, F|\n|poke|p1|Crawdaunt, M|\n|poke|p1|Houndoom, M|\n|poke|p1|Gholdengo|\n|poke|p1|Slowking-Galar, F|\n|poke|p2|Ting-Lu|\n|poke|p2|Corviknight, F|\n|poke|p2|Ceruledge, M|\n|poke|p2|Ogerpon-Wellspring, F|\n|poke|p2|Hatterene, F|\n|poke|p2|Hydreigon, F|\n|teampreview\n|\n|t:|1771269686\n|teamsize|p1|6\n|teamsize|p2|6\n|start\n|switch|p1a: Crawdaunt|Crawdaunt, M|100/100\n|switch|p2a: Ting-Lu|Ting-Lu|100/100\n|-ability|p2a: Ting-Lu|Vessel of Ruin\n|turn|1\n|\n|t:|1771269691\n|switch|p2a: Ogerpon|Ogerpon-Wellspring, F|100/100\n|move|p1a: Crawdaunt|Close Combat|p2a: Ogerpon\n|-damage|p2a: Ogerpon|8/100\n|-unboost|p1a: Crawdaunt|def|1\n|-unboost|p1a: Crawdaunt|spd|1\n|\n|upkeep\n|turn|2\n|\n|t:|1771269698\n|switch|p2a: Corviknight|Corviknight, F|100/100\n|-ability|p2a: Corviknight|Pressure\n|switch|p1a: Garchomp|Garchomp, F|100/100\n|\n|upkeep\n|turn|3\n|\n|t:|1771269701\n|switch|p2a: Hatterene|Hatterene, F, shiny|100/100\n|move|p1a: Garchomp|Stealth Rock|p2a: Hatterene\n|move|p2a: Hatterene|Stealth Rock|p1a: Garchomp|[from] ability: Magic Bounce\n|-sidestart|p1: TrentMercer|move: Stealth Rock\n|\n|upkeep\n|turn|4\n|\n|t:|1771269711\n|switch|p1a: Corviknight|Corviknight, F, shiny|100/100\n|-damage|p1a: Corviknight|88/100|[from] Stealth Rock\n|-ability|p1a: Corviknight|Pressure\n|move|p2a: Hatterene|Nuzzle|p1a: Corviknight\n|-supereffective|p1a: Corviknight\n|-damage|p1a: Corviknight|83/100\n|-status|p1a: Corviknight|par\n|\n|-heal|p1a: Corviknight|89/100 par|[from] item: Leftovers\n|upkeep\n|turn|5\n|\n|t:|1771269718\n|move|p2a: Hatterene|Nuzzle|p1a: Corviknight\n|-supereffective|p1a: Corviknight\n|-damage|p1a: Corviknight|85/100 par\n|cant|p1a: Corviknight|par\n|\n|-heal|p1a: Corviknight|91/100 par|[from] item: Leftovers\n|upkeep\n|turn|6\n|\n|t:|1771269728\n|move|p2a: Hatterene|Psychic Noise|p1a: Corviknight\n|-resisted|p1a: Corviknight\n|-damage|p1a: Corviknight|75/100 par\n|-start|p1a: Corviknight|move: Heal Block\n|move|p1a: Corviknight|Defog|p2a: Hatterene\n|move|p2a: Hatterene|Defog|p1a: Corviknight|[from] ability: Magic Bounce\n|-unboost|p1a: Corviknight|evasion|1\n|-sideend|p1: TrentMercer|Stealth Rock|[from] move: Defog|[of] p2a: Hatterene\n|\n|upkeep\n|turn|7\n|\n|t:|1771269735\n|move|p2a: Hatterene|Psychic Noise|p1a: Corviknight\n|-resisted|p1a: Corviknight\n|-damage|p1a: Corviknight|60/100 par\n|move|p1a: Corviknight|U-turn|p2a: Hatterene\n|-damage|p2a: Hatterene|87/100\n|-damage|p1a: Corviknight|43/100 par|[from] item: Rocky Helmet|[of] p2a: Hatterene\n|\n|t:|1771269744\n|switch|p1a: Slowking|Slowking-Galar, F|100/100|[from] U-turn\n|\n|upkeep\n|turn|8\n|\n|t:|1771269755\n|switch|p2a: Ting-Lu|Ting-Lu|100/100\n|-ability|p2a: Ting-Lu|Vessel of Ruin\n|move|p1a: Slowking|Sludge Bomb|p2a: Ting-Lu\n|-resisted|p2a: Ting-Lu\n|-damage|p2a: Ting-Lu|92/100\n|\n|-heal|p2a: Ting-Lu|98/100|[from] item: Leftovers\n|upkeep\n|turn|9\n|inactive|Battle timer is ON: inactive players will automatically lose when time's up. (requested by TrentMercer)\n|\n|t:|1771269771\n|switch|p1a: Crawdaunt|Crawdaunt, M|100/100\n|move|p2a: Ting-Lu|Stealth Rock|p1a: Crawdaunt\n|-sidestart|p1: TrentMercer|move: Stealth Rock\n|\n|-heal|p2a: Ting-Lu|100/100|[from] item: Leftovers\n|upkeep\n|turn|10\n|\n|t:|1771269778\n|switch|p2a: Corviknight|Corviknight, F|100/100\n|-ability|p2a: Corviknight|Pressure\n|move|p1a: Crawdaunt|Knock Off|p2a: Corviknight\n|-damage|p2a: Corviknight|43/100\n|-enditem|p2a: Corviknight|Leftovers|[from] move: Knock Off|[of] p1a: Crawdaunt\n|\n|upkeep\n|turn|11\n|\n|t:|1771269782\n|move|p1a: Crawdaunt|Knock Off|p2a: Corviknight\n|-damage|p2a: Corviknight|4/100\n|move|p2a: Corviknight|Roost|p2a: Corviknight\n|-heal|p2a: Corviknight|54/100\n|-singleturn|p2a: Corviknight|move: Roost\n|\n|upkeep\n|turn|12\n|\n|t:|1771269787\n|move|p1a: Crawdaunt|Knock Off|p2a: Corviknight\n|-damage|p2a: Corviknight|13/100\n|move|p2a: Corviknight|Roost|p2a: Corviknight\n|-heal|p2a: Corviknight|63/100\n|-singleturn|p2a: Corviknight|move: Roost\n|\n|upkeep\n|turn|13\n|\n|t:|1771269791\n|move|p1a: Crawdaunt|Knock Off|p2a: Corviknight\n|-damage|p2a: Corviknight|18/100\n|move|p2a: Corviknight|Roost|p2a: Corviknight\n|-heal|p2a: Corviknight|68/100\n|-singleturn|p2a: Corviknight|move: Roost\n|\n|upkeep\n|turn|14\n|\n|t:|1771269806\n|switch|p1a: Garchomp|Garchomp, F|100/100\n|-damage|p1a: Garchomp|94/100|[from] Stealth Rock\n|move|p2a: Corviknight|Body Press|p1a: Garchomp\n|-damage|p1a: Garchomp|77/100\n|-damage|p2a: Corviknight|55/100|[from] ability: Rough Skin|[of] p1a: Garchomp\n|-damage|p2a: Corviknight|39/100|[from] item: Rocky Helmet|[of] p1a: Garchomp\n|\n|upkeep\n|turn|15\n|\n|t:|1771269815\n|switch|p2a: Hatterene|Hatterene, F, shiny|87/100\n|move|p1a: Garchomp|Stealth Rock|p2a: Hatterene\n|move|p2a: Hatterene|Stealth Rock||[from] ability: Magic Bounce|[still]\n|-fail|p2a: Hatterene\n|\n|upkeep\n|turn|16\n|\n|t:|1771269823\n|switch|p1a: Slowking|Slowking-Galar, F|100/100\n|-damage|p1a: Slowking|88/100|[from] Stealth Rock\n|move|p2a: Hatterene|Psychic Noise|p1a: Slowking\n|-damage|p1a: Slowking|71/100\n|-start|p1a: Slowking|move: Heal Block\n|\n|upkeep\n|turn|17\n|\n|t:|1771269836\n|switch|p2a: Ting-Lu|Ting-Lu|100/100\n|-ability|p2a: Ting-Lu|Vessel of Ruin\n|move|p1a: Slowking|Sludge Bomb|p2a: Ting-Lu\n|-resisted|p2a: Ting-Lu\n|-damage|p2a: Ting-Lu|92/100\n|\n|-heal|p2a: Ting-Lu|99/100|[from] item: Leftovers\n|-end|p1a: Slowking|move: Heal Block\n|upkeep\n|turn|18\n|\n|t:|1771269843\n|switch|p1a: Corviknight|Corviknight, F, shiny|43/100 par\n|-damage|p1a: Corviknight|31/100 par|[from] Stealth Rock\n|-ability|p1a: Corviknight|Pressure\n|move|p2a: Ting-Lu|Whirlwind|p1a: Corviknight\n|drag|p1a: Houndoom|Houndoom, M|100/100\n|-damage|p1a: Houndoom|76/100|[from] Stealth Rock\n|\n|-heal|p2a: Ting-Lu|100/100|[from] item: Leftovers\n|upkeep\n|turn|19\n|\n|t:|1771269849\n|move|p1a: Houndoom|Destiny Bond|p1a: Houndoom\n|-singlemove|p1a: Houndoom|Destiny Bond\n|move|p2a: Ting-Lu|Whirlwind|p1a: Houndoom\n|drag|p1a: Gholdengo|Gholdengo|100/100\n|-damage|p1a: Gholdengo|94/100|[from] Stealth Rock\n|-item|p1a: Gholdengo|Air Balloon\n|\n|upkeep\n|turn|20\n|\n|t:|1771269857\n|switch|p1a: Corviknight|Corviknight, F, shiny|31/100 par\n|-damage|p1a: Corviknight|19/100 par|[from] Stealth Rock\n|-ability|p1a: Corviknight|Pressure\n|move|p2a: Ting-Lu|Ruination|p1a: Corviknight\n|-damage|p1a: Corviknight|10/100 par\n|\n|-heal|p1a: Corviknight|16/100 par|[from] item: Leftovers\n|upkeep\n|turn|21\n|\n|t:|1771269869\n|switch|p2a: Hydreigon|Hydreigon, F, shiny|100/100\n|move|p1a: Corviknight|Defog|p2a: Hydreigon\n|-unboost|p2a: Hydreigon|evasion|1\n|-sideend|p1: TrentMercer|Stealth Rock|[from] move: Defog|[of] p1a: Corviknight\n|\n|-heal|p1a: Corviknight|22/100 par|[from] item: Leftovers\n|upkeep\n|turn|22\n|\n|t:|1771269876\n|switch|p1a: Houndoom|Houndoom, M|76/100\n|move|p2a: Hydreigon|Dark Pulse|p1a: Houndoom\n|-resisted|p1a: Houndoom\n|-damage|p1a: Houndoom|36/100\n|-damage|p2a: Hydreigon|91/100|[from] item: Life Orb\n|\n|upkeep\n|turn|23\n|\n|t:|1771269885\n|move|p1a: Houndoom|Destiny Bond|p1a: Houndoom\n|-singlemove|p1a: Houndoom|Destiny Bond\n|move|p2a: Hydreigon|Dragon Pulse|p1a: Houndoom\n|-damage|p1a: Houndoom|0 fnt\n|faint|p1a: Houndoom\n|-activate|p1a: Houndoom|move: Destiny Bond\n|faint|p2a: Hydreigon\n|\n|upkeep\n|\n|t:|1771269893\n|switch|p2a: Ogerpon|Ogerpon-Wellspring, F|8/100\n|switch|p1a: Crawdaunt|Crawdaunt, M|100/100\n|turn|24\n|\n|t:|1771269899\n|switch|p1a: Garchomp|Garchomp, F|77/100\n|move|p2a: Ogerpon|Horn Leech|p1a: Garchomp\n|-damage|p1a: Garchomp|50/100\n|-heal|p2a: Ogerpon|27/100|[from] drain|[of] p1a: Garchomp\n|-damage|p2a: Ogerpon|15/100|[from] ability: Rough Skin|[of] p1a: Garchomp\n|-damage|p2a: Ogerpon|0 fnt|[from] item: Rocky Helmet|[of] p1a: Garchomp\n|faint|p2a: Ogerpon\n|\n|upkeep\n|\n|t:|1771269910\n|switch|p2a: Hatterene|Hatterene, F, shiny|87/100\n|turn|25\n|\n|t:|1771269917\n|switch|p1a: Slowking|Slowking-Galar, F|100/100\n|move|p2a: Hatterene|Draining Kiss|p1a: Slowking\n|-resisted|p1a: Slowking\n|-damage|p1a: Slowking|95/100\n|-heal|p2a: Hatterene|93/100|[from] drain|[of] p1a: Slowking\n|\n|upkeep\n|turn|26\n|\n|t:|1771269927\n|switch|p2a: Ceruledge|Ceruledge, M|100/100\n|move|p1a: Slowking|Flamethrower|p2a: Ceruledge\n|-start|p2a: Ceruledge|ability: Flash Fire\n|\n|upkeep\n|turn|27\n|\n|t:|1771269934\n|switch|p1a: Garchomp|Garchomp, F|50/100\n|move|p2a: Ceruledge|Bitter Blade|p1a: Garchomp\n|-resisted|p1a: Garchomp\n|-damage|p1a: Garchomp|33/100\n|-damage|p2a: Ceruledge|88/100|[from] ability: Rough Skin|[of] p1a: Garchomp\n|-damage|p2a: Ceruledge|71/100|[from] item: Rocky Helmet|[of] p1a: Garchomp\n|\n|upkeep\n|turn|28\n|\n|t:|1771269939\n|-end|p2a: Ceruledge|ability: Flash Fire|[silent]\n|switch|p2a: Hatterene|Hatterene, F, shiny|93/100\n|move|p1a: Garchomp|Earthquake|p2a: Hatterene\n|-damage|p2a: Hatterene|57/100\n|\n|upkeep\n|turn|29\n|\n|t:|1771269943\n|switch|p1a: Slowking|Slowking-Galar, F|100/100\n|move|p2a: Hatterene|Psychic Noise|p1a: Slowking\n|-damage|p1a: Slowking|84/100\n|-start|p1a: Slowking|move: Heal Block\n|\n|upkeep\n|turn|30\n|\n|t:|1771269951\n|switch|p2a: Ceruledge|Ceruledge, M|71/100\n|move|p1a: Slowking|Sludge Bomb|p2a: Ceruledge\n|-resisted|p2a: Ceruledge\n|-damage|p2a: Ceruledge|57/100\n|-status|p2a: Ceruledge|psn\n|\n|-damage|p2a: Ceruledge|45/100 psn|[from] psn\n|-end|p1a: Slowking|move: Heal Block\n|upkeep\n|turn|31\n|\n|t:|1771269957\n|switch|p1a: Garchomp|Garchomp, F|33/100\n|move|p2a: Ceruledge|Bulk Up|p2a: Ceruledge\n|-boost|p2a: Ceruledge|atk|1\n|-boost|p2a: Ceruledge|def|1\n|\n|-damage|p2a: Ceruledge|32/100 psn|[from] psn\n|upkeep\n|turn|32\n|\n|t:|1771269963\n|move|p2a: Ceruledge|Shadow Sneak|p1a: Garchomp\n|-damage|p1a: Garchomp|17/100\n|-damage|p2a: Ceruledge|20/100 psn|[from] ability: Rough Skin|[of] p1a: Garchomp\n|-damage|p2a: Ceruledge|3/100 psn|[from] item: Rocky Helmet|[of] p1a: Garchomp\n|move|p1a: Garchomp|Earthquake|p2a: Ceruledge\n|-supereffective|p2a: Ceruledge\n|-damage|p2a: Ceruledge|0 fnt\n|faint|p2a: Ceruledge\n|\n|upkeep\n|\n|t:|1771269968\n|switch|p2a: Hatterene|Hatterene, F, shiny|57/100\n|turn|33\n|j| Samurajen\n|\n|t:|1771269970\n|switch|p1a: Slowking|Slowking-Galar, F|100/100\n|move|p2a: Hatterene|Psychic Noise|p1a: Slowking\n|-damage|p1a: Slowking|85/100\n|-start|p1a: Slowking|move: Heal Block\n|\n|upkeep\n|turn|34\n|\n|t:|1771269978\n|switch|p2a: Ting-Lu|Ting-Lu|100/100\n|-ability|p2a: Ting-Lu|Vessel of Ruin\n|move|p1a: Slowking|Sludge Bomb|p2a: Ting-Lu\n|-resisted|p2a: Ting-Lu\n|-damage|p2a: Ting-Lu|92/100\n|\n|-heal|p2a: Ting-Lu|98/100|[from] item: Leftovers\n|-end|p1a: Slowking|move: Heal Block\n|upkeep\n|turn|35\n|\n|t:|1771269987\n|switch|p1a: Corviknight|Corviknight, F, shiny|22/100 par\n|-ability|p1a: Corviknight|Pressure\n|move|p2a: Ting-Lu|Stealth Rock|p1a: Corviknight\n|-sidestart|p1: TrentMercer|move: Stealth Rock\n|\n|-heal|p2a: Ting-Lu|100/100|[from] item: Leftovers\n|-heal|p1a: Corviknight|28/100 par|[from] item: Leftovers\n|upkeep\n|turn|36\n|\n|t:|1771269992\n|cant|p1a: Corviknight|par\n|move|p2a: Ting-Lu|Whirlwind|p1a: Corviknight\n|drag|p1a: Crawdaunt|Crawdaunt, M|100/100\n|-damage|p1a: Crawdaunt|88/100|[from] Stealth Rock\n|\n|upkeep\n|turn|37\n|\n|t:|1771269997\n|-terastallize|p2a: Ting-Lu|Poison\n|move|p1a: Crawdaunt|Crabhammer|p2a: Ting-Lu\n|-damage|p2a: Ting-Lu|41/100\n|move|p2a: Ting-Lu|Earthquake|p1a: Crawdaunt\n|-damage|p1a: Crawdaunt|34/100\n|\n|-heal|p2a: Ting-Lu|47/100|[from] item: Leftovers\n|upkeep\n|turn|38\n|-message|heartgold55 forfeited.\n|\n|win|TrentMercer\n|raw|TrentMercer's rating: 1656 &rarr; <strong>1672</strong><br />(+16 for winning)\n|raw|heartgold55's rating: 1579 &rarr; <strong>1563</strong><br />(-16 for losing)\n|l|☆heartgold55\n|player|p2|\n|l|☆TrentMercer\n|player|p1|\n", "uploadtime": 1771270158, "views": 2, "formatid": "gen9ou", "rating": 1563, "private": 0, "password": null}