{"id": "gen9ou-2639283262", "format": "[Gen 9] OU", "players": ["chamozorra5", "orange95yt"], "log": "|j|☆chamozorra5\n|j|☆orange95yt\n|t:|1782445571\n|gametype|singles\n|player|p1|chamozorra5|gambler|1027\n|player|p2|orange95yt|170|1000\n|gen|9\n|tier|[Gen 9] OU\n|rated|\n|rule|HP Percentage Mod: HP is shown in percentages\n|rule|Endless Battle Clause: Forcing endless battles is banned\n|rule|Species Clause: Limit one of each Pokémon\n|rule|OHKO Clause: OHKO moves are banned\n|rule|Evasion Items Clause: Evasion items are banned\n|rule|Evasion Moves Clause: Evasion moves are banned\n|rule|Evasion Abilities Clause: Evasion abilities are banned\n|rule|Sleep Moves Clause: Sleep-inducing moves are banned\n|clearpoke\n|poke|p1|Gyarados, F|\n|poke|p1|Pelipper, M|\n|poke|p1|Glimmora, M|\n|poke|p1|Kilowattrel, M|\n|poke|p1|Cinderace, M|\n|poke|p1|Great Tusk|\n|poke|p2|Cryogonal|\n|poke|p2|Eelektross, M|\n|poke|p2|Flygon, F|\n|poke|p2|Metagross|\n|poke|p2|Gliscor, M|\n|poke|p2|Articuno|\n|teampreview\n|inactive|Battle timer is ON: inactive players will automatically lose when time's up. (requested by orange95yt)\n|\n|t:|1782445582\n|teamsize|p1|6\n|teamsize|p2|6\n|start\n|switch|p1a: Glimmora|Glimmora, M|100/100\n|switch|p2a: I don't like him|Gliscor, M|100/100\n|turn|1\n|inactiveoff|Battle timer is now OFF.\n|\n|t:|1782445590\n|move|p1a: Glimmora|Stealth Rock|p2a: I don't like him\n|-sidestart|p2: orange95yt|move: Stealth Rock\n|move|p2a: I don't like him|Gunk Shot|p1a: Glimmora|[miss]\n|-miss|p2a: I don't like him|p1a: Glimmora\n|\n|upkeep\n|turn|2\n|\n|t:|1782445597\n|move|p1a: Glimmora|Substitute|p1a: Glimmora\n|-start|p1a: Glimmora|Substitute\n|-damage|p1a: Glimmora|75/100\n|move|p2a: I don't like him|Gunk Shot|p1a: Glimmora\n|-resisted|p1a: Glimmora\n|-activate|p1a: Glimmora|move: Substitute|[damage]\n|\n|upkeep\n|turn|3\n|\n|t:|1782445606\n|move|p1a: Glimmora|Spikes|p2a: I don't like him\n|-sidestart|p2: orange95yt|Spikes\n|move|p2a: I don't like him|Earthquake|p1a: Glimmora\n|-supereffective|p1a: Glimmora\n|-end|p1a: Glimmora|Substitute\n|\n|upkeep\n|turn|4\n|\n|t:|1782445616\n|move|p1a: Glimmora|Spiky Shield|p1a: Glimmora\n|-singleturn|p1a: Glimmora|move: Protect\n|move|p2a: I don't like him|Earthquake|p1a: Glimmora\n|-activate|p1a: Glimmora|move: Protect\n|\n|upkeep\n|turn|5\n|\n|t:|1782445625\n|move|p1a: Glimmora|Spikes|p2a: I don't like him\n|-sidestart|p2: orange95yt|Spikes\n|move|p2a: I don't like him|Earthquake|p1a: Glimmora\n|-supereffective|p1a: Glimmora\n|-damage|p1a: Glimmora|0 fnt\n|-activate|p1a: Glimmora|ability: Toxic Debris\n|-sidestart|p2: orange95yt|move: Toxic Spikes\n|faint|p1a: Glimmora\n|\n|upkeep\n|\n|t:|1782445638\n|switch|p1a: Gyarados|Gyarados, F|100/100\n|turn|6\n|\n|t:|1782445646\n|move|p1a: Gyarados|Ice Fang|p2a: I don't like him\n|-supereffective|p2a: I don't like him\n|-damage|p2a: I don't like him|25/100\n|move|p2a: I don't like him|Gunk Shot|p1a: Gyarados\n|-damage|p1a: Gyarados|66/100\n|-status|p1a: Gyarados|psn\n|\n|-heal|p1a: Gyarados|72/100 psn|[from] item: Leftovers\n|-damage|p1a: Gyarados|60/100 psn|[from] psn\n|upkeep\n|turn|7\n|\n|t:|1782445658\n|switch|p2a: Flappy Flap|Flygon, F|100/100\n|-damage|p2a: Flappy Flap|94/100|[from] Stealth Rock\n|move|p1a: Gyarados|Ice Fang|p2a: Flappy Flap\n|-supereffective|p2a: Flappy Flap\n|-damage|p2a: Flappy Flap|0 fnt\n|faint|p2a: Flappy Flap\n|-ability|p1a: Gyarados|Moxie|boost\n|-boost|p1a: Gyarados|atk|1\n|\n|-heal|p1a: Gyarados|66/100 psn|[from] item: Leftovers\n|-damage|p1a: Gyarados|53/100 psn|[from] psn\n|upkeep\n|c|☆orange95yt|WHO DO U SUCK FLYGON\n|c|☆orange95yt|LOCK IN\n|\n|t:|1782445680\n|switch|p2a: Squirmy boy|Eelektross, M|100/100\n|-damage|p2a: Squirmy boy|88/100|[from] Stealth Rock\n|turn|8\n|\n|t:|1782445689\n|move|p1a: Gyarados|Earthquake|p2a: Squirmy boy\n|-immune|p2a: Squirmy boy|[from] ability: Levitate\n|move|p2a: Squirmy boy|Thunderbolt|p1a: Gyarados\n|-supereffective|p1a: Gyarados\n|-damage|p1a: Gyarados|0 fnt\n|faint|p1a: Gyarados\n|\n|upkeep\n|\n|t:|1782445700\n|switch|p1a: Pelipper|Pelipper, M|100/100\n|-weather|RainDance|[from] ability: Drizzle|[of] p1a: Pelipper\n|turn|9\n|\n|t:|1782445705\n|switch|p1a: Great Tusk|Great Tusk|100/100\n|-enditem|p1a: Great Tusk|Booster Energy\n|-activate|p1a: Great Tusk|ability: Protosynthesis|[fromitem]\n|-start|p1a: Great Tusk|protosynthesisspe\n|move|p2a: Squirmy boy|Thunderbolt|p1a: Great Tusk\n|-immune|p1a: Great Tusk\n|\n|-weather|RainDance|[upkeep]\n|upkeep\n|turn|10\n|\n|t:|1782445719\n|move|p1a: Great Tusk|Close Combat|p2a: Squirmy boy\n|-damage|p2a: Squirmy boy|29/100\n|-unboost|p1a: Great Tusk|def|1\n|-unboost|p1a: Great Tusk|spd|1\n|move|p2a: Squirmy boy|Acrobatics|p1a: Great Tusk\n|-supereffective|p1a: Great Tusk\n|-damage|p1a: Great Tusk|50/100\n|\n|-weather|RainDance|[upkeep]\n|upkeep\n|turn|11\n|\n|t:|1782445730\n|switch|p2a: Freezie Boy|Cryogonal|100/100\n|-damage|p2a: Freezie Boy|75/100|[from] Stealth Rock\n|move|p1a: Great Tusk|Close Combat|p2a: Freezie Boy\n|-supereffective|p2a: Freezie Boy\n|-damage|p2a: Freezie Boy|0 fnt\n|-unboost|p1a: Great Tusk|def|1\n|-unboost|p1a: Great Tusk|spd|1\n|faint|p2a: Freezie Boy\n|\n|-weather|RainDance|[upkeep]\n|upkeep\n|\n|t:|1782445741\n|switch|p2a: Flap N y but Cold|Articuno|100/100\n|-damage|p2a: Flap N y but Cold|50/100|[from] Stealth Rock\n|-ability|p2a: Flap N y but Cold|Pressure\n|turn|12\n|\n|t:|1782445750\n|move|p1a: Great Tusk|Close Combat|p2a: Flap N y but Cold\n|-damage|p2a: Flap N y but Cold|8/100\n|-unboost|p1a: Great Tusk|def|1\n|-unboost|p1a: Great Tusk|spd|1\n|move|p2a: Flap N y but Cold|Avalanche|p1a: Great Tusk\n|-supereffective|p1a: Great Tusk\n|-damage|p1a: Great Tusk|0 fnt\n|faint|p1a: Great Tusk\n|-end|p1a: Great Tusk|Protosynthesis|[silent]\n|\n|-weather|RainDance|[upkeep]\n|upkeep\n|\n|t:|1782445763\n|switch|p1a: Cinderace|Cinderace, M|100/100\n|-item|p1a: Cinderace|Air Balloon\n|turn|13\n|\n|t:|1782445770\n|switch|p2a: BANG|Metagross|100/100\n|-damage|p2a: BANG|94/100|[from] Stealth Rock\n|-damage|p2a: BANG|78/100|[from] Spikes\n|move|p1a: Cinderace|Sucker Punch||[still]\n|-fail|p1a: Cinderace\n|\n|-weather|none\n|upkeep\n|turn|14\n|\n|t:|1782445784\n|move|p1a: Cinderace|Pyro Ball|p2a: BANG\n|-supereffective|p2a: BANG\n|-damage|p2a: BANG|0 fnt\n|faint|p2a: BANG\n|\n|upkeep\n|\n|t:|1782445791\n|switch|p2a: Squirmy boy|Eelektross, M|29/100\n|-damage|p2a: Squirmy boy|17/100|[from] Stealth Rock\n|turn|15\n|\n|t:|1782445797\n|move|p1a: Cinderace|Sucker Punch|p2a: Squirmy boy\n|-start|p1a: Cinderace|typechange|Dark|[from] ability: Libero\n|-damage|p2a: Squirmy boy|0 fnt\n|faint|p2a: Squirmy boy\n|\n|upkeep\n|-message|orange95yt forfeited.\n|\n|win|chamozorra5\n", "uploadtime": 1782445676, "views": 4, "formatid": "gen9ou", "rating": null, "private": 0, "password": null}