{"id": "gen9ou-2639187494", "format": "[Gen 9] OU", "players": ["KalosBZL7", "ursoexplosivo"], "log": "|j|☆KalosBZL7\n|j|☆ursoexplosivo\n|t:|1782431261\n|gametype|singles\n|player|p1|KalosBZL7|red|1078\n|player|p2|ursoexplosivo|red|1122\n|gen|9\n|tier|[Gen 9] OU\n|rated|\n|rule|HP Percentage Mod: HP is shown in percentages\n|rule|Endless Battle Clause: Forcing endless battles is banned\n|rule|Species Clause: Limit one of each Pokémon\n|rule|OHKO Clause: OHKO moves are banned\n|rule|Evasion Items Clause: Evasion items are banned\n|rule|Evasion Moves Clause: Evasion moves are banned\n|rule|Evasion Abilities Clause: Evasion abilities are banned\n|rule|Sleep Moves Clause: Sleep-inducing moves are banned\n|clearpoke\n|poke|p1|Gengar, F|\n|poke|p1|Infernape, M|\n|poke|p1|Gliscor, F|\n|poke|p1|Sceptile, M|\n|poke|p1|Greninja-*, F|\n|poke|p1|Dragonite, M|\n|poke|p2|Cinderace, F|\n|poke|p2|Kingambit, F|\n|poke|p2|Garganacl, M|\n|poke|p2|Gastrodon-East, M|\n|poke|p2|Samurott-Hisui, M|\n|poke|p2|Iron Valiant|\n|teampreview\n|\n|t:|1782431277\n|teamsize|p1|6\n|teamsize|p2|6\n|start\n|switch|p1a: Sceptile|Sceptile, M|100/100\n|switch|p2a: Samurott|Samurott-Hisui, M, shiny|100/100\n|turn|1\n|\n|t:|1782431286\n|switch|p2a: Cinderace|Cinderace, F, shiny|100/100\n|move|p1a: Sceptile|Giga Drain|p2a: Cinderace\n|-resisted|p2a: Cinderace\n|-damage|p2a: Cinderace|71/100\n|-damage|p1a: Sceptile|91/100|[from] item: Life Orb\n|\n|upkeep\n|turn|2\n|\n|t:|1782431303\n|switch|p1a: Gliscor|Gliscor, F|100/100\n|move|p2a: Cinderace|Pyro Ball|p1a: Gliscor\n|-damage|p1a: Gliscor|66/100\n|\n|-status|p1a: Gliscor|tox|[from] item: Toxic Orb\n|upkeep\n|turn|3\n|\n|t:|1782431311\n|move|p2a: Cinderace|U-turn|p1a: Gliscor\n|-start|p2a: Cinderace|typechange|Bug|[from] ability: Libero\n|-resisted|p1a: Gliscor\n|-damage|p1a: Gliscor|56/100 tox\n|\n|t:|1782431317\n|switch|p2a: Samurott|Samurott-Hisui, M, shiny|100/100|[from] U-turn\n|move|p1a: Gliscor|Stealth Rock|p2a: Samurott\n|-sidestart|p2: ursoexplosivo|move: Stealth Rock\n|\n|-heal|p1a: Gliscor|68/100 tox|[from] ability: Poison Heal\n|upkeep\n|turn|4\n|\n|t:|1782431326\n|move|p1a: Gliscor|Protect|p1a: Gliscor\n|-singleturn|p1a: Gliscor|Protect\n|move|p2a: Samurott|Ceaseless Edge|p1a: Gliscor\n|-activate|p1a: Gliscor|move: Protect\n|\n|-heal|p1a: Gliscor|80/100 tox|[from] ability: Poison Heal\n|upkeep\n|turn|5\n|\n|t:|1782431337\n|switch|p1a: Sceptile|Sceptile, M|91/100\n|move|p2a: Samurott|Ceaseless Edge|p1a: Sceptile\n|-crit|p1a: Sceptile\n|-damage|p1a: Sceptile|0 fnt\n|-sidestart|p1: KalosBZL7|Spikes\n|faint|p1a: Sceptile\n|\n|upkeep\n|\n|t:|1782431345\n|switch|p1a: Infernape|Infernape, M|100/100\n|-damage|p1a: Infernape|88/100|[from] Spikes\n|turn|6\n|\n|t:|1782431350\n|move|p2a: Samurott|Aqua Jet|p1a: Infernape\n|-supereffective|p1a: Infernape\n|-damage|p1a: Infernape|29/100\n|move|p1a: Infernape|Close Combat|p2a: Samurott\n|-supereffective|p2a: Samurott\n|-damage|p2a: Samurott|0 fnt\n|-unboost|p1a: Infernape|def|1\n|-unboost|p1a: Infernape|spd|1\n|faint|p2a: Samurott\n|\n|upkeep\n|\n|t:|1782431360\n|switch|p2a: Gastrodon|Gastrodon-East, M, shiny|100/100\n|-damage|p2a: Gastrodon|94/100|[from] Stealth Rock\n|turn|7\n|\n|t:|1782431370\n|switch|p1a: Greninja|Greninja, F|100/100\n|-damage|p1a: Greninja|88/100|[from] Spikes\n|move|p2a: Gastrodon|Earthquake|p1a: Greninja\n|-damage|p1a: Greninja|42/100\n|\n|-heal|p1a: Greninja|48/100|[from] item: Leftovers\n|upkeep\n|turn|8\n|\n|t:|1782431380\n|move|p1a: Greninja|Dark Pulse|p2a: Gastrodon\n|-start|p1a: Greninja|typechange|Dark|[from] ability: Protean\n|-damage|p2a: Gastrodon|61/100\n|move|p2a: Gastrodon|Sludge Wave|p1a: Greninja\n|-damage|p1a: Greninja|16/100\n|\n|-heal|p1a: Greninja|22/100|[from] item: Leftovers\n|upkeep\n|turn|9\n|\n|t:|1782431391\n|move|p1a: Greninja|Dark Pulse|p2a: Gastrodon\n|-damage|p2a: Gastrodon|26/100\n|move|p2a: Gastrodon|Ice Beam|p1a: Greninja\n|-damage|p1a: Greninja|0 fnt\n|faint|p1a: Greninja\n|\n|upkeep\n|\n|t:|1782431395\n|switch|p1a: Gengar|Gengar, F|100/100\n|-damage|p1a: Gengar|88/100|[from] Spikes\n|turn|10\n|\n|t:|1782431402\n|move|p1a: Gengar|Shadow Ball|p2a: Gastrodon\n|-damage|p2a: Gastrodon|0 fnt\n|faint|p2a: Gastrodon\n|\n|-heal|p1a: Gengar|94/100|[from] item: Black Sludge\n|upkeep\n|\n|t:|1782431410\n|switch|p2a: Kingambit|Kingambit, F, shiny|100/100\n|-damage|p2a: Kingambit|94/100|[from] Stealth Rock\n|-activate|p2a: Kingambit|ability: Supreme Overlord\n|-start|p2a: Kingambit|fallen2|[silent]\n|turn|11\n|\n|t:|1782431417\n|switch|p1a: Gliscor|Gliscor, F|80/100 tox\n|move|p2a: Kingambit|Swords Dance|p2a: Kingambit\n|-boost|p2a: Kingambit|atk|2\n|\n|-heal|p1a: Gliscor|93/100 tox|[from] ability: Poison Heal\n|upkeep\n|turn|12\n|\n|t:|1782431426\n|move|p1a: Gliscor|Earthquake|p2a: Kingambit\n|-supereffective|p2a: Kingambit\n|-damage|p2a: Kingambit|38/100\n|move|p2a: Kingambit|Kowtow Cleave|p1a: Gliscor\n|-damage|p1a: Gliscor|19/100 tox\n|\n|-heal|p1a: Gliscor|31/100 tox|[from] ability: Poison Heal\n|upkeep\n|turn|13\n|\n|t:|1782431436\n|move|p1a: Gliscor|Protect|p1a: Gliscor\n|-singleturn|p1a: Gliscor|Protect\n|move|p2a: Kingambit|Sucker Punch||[still]\n|-fail|p2a: Kingambit\n|\n|-heal|p1a: Gliscor|44/100 tox|[from] ability: Poison Heal\n|upkeep\n|turn|14\n|\n|t:|1782431444\n|move|p1a: Gliscor|Earthquake|p2a: Kingambit\n|-supereffective|p2a: Kingambit\n|-damage|p2a: Kingambit|0 fnt\n|faint|p2a: Kingambit\n|-end|p2a: Kingambit|fallen2|[silent]\n|\n|-heal|p1a: Gliscor|56/100 tox|[from] ability: Poison Heal\n|upkeep\n|\n|t:|1782431452\n|switch|p2a: Iron Valiant|Iron Valiant, shiny|100/100\n|-damage|p2a: Iron Valiant|94/100|[from] Stealth Rock\n|-enditem|p2a: Iron Valiant|Booster Energy\n|-activate|p2a: Iron Valiant|ability: Quark Drive|[fromitem]\n|-start|p2a: Iron Valiant|quarkdrivespe\n|turn|15\n|\n|t:|1782431460\n|move|p2a: Iron Valiant|Moonblast|p1a: Gliscor\n|-damage|p1a: Gliscor|12/100 tox\n|move|p1a: Gliscor|Earthquake|p2a: Iron Valiant\n|-damage|p2a: Iron Valiant|49/100\n|\n|-heal|p1a: Gliscor|25/100 tox|[from] ability: Poison Heal\n|upkeep\n|turn|16\n|\n|t:|1782431480\n|move|p2a: Iron Valiant|Moonblast|p1a: Gliscor\n|-damage|p1a: Gliscor|0 fnt\n|faint|p1a: Gliscor\n|\n|upkeep\n|\n|t:|1782431485\n|switch|p1a: Gengar|Gengar, F|94/100\n|-damage|p1a: Gengar|82/100|[from] Spikes\n|turn|17\n|\n|t:|1782431491\n|-terastallize|p2a: Iron Valiant|Fighting\n|move|p2a: Iron Valiant|Knock Off|p1a: Gengar\n|-supereffective|p1a: Gengar\n|-damage|p1a: Gengar|0 fnt\n|-enditem|p1a: Gengar|Black Sludge|[from] move: Knock Off|[of] p2a: Iron Valiant\n|faint|p1a: Gengar\n|\n|upkeep\n|\n|t:|1782431495\n|switch|p1a: Infernape|Infernape, M|29/100\n|-damage|p1a: Infernape|17/100|[from] Spikes\n|turn|18\n|\n|t:|1782431502\n|move|p1a: Infernape|Mach Punch|p2a: Iron Valiant\n|-damage|p2a: Iron Valiant|20/100\n|move|p2a: Iron Valiant|Drain Punch|p1a: Infernape\n|-damage|p1a: Infernape|0 fnt\n|-heal|p2a: Iron Valiant|29/100|[from] drain|[of] p1a: Infernape\n|faint|p1a: Infernape\n|\n|upkeep\n|\n|t:|1782431506\n|switch|p1a: Dragonite|Dragonite, M|100/100\n|turn|19\n|\n|t:|1782431513\n|move|p1a: Dragonite|Extreme Speed|p2a: Iron Valiant\n|-damage|p2a: Iron Valiant|0 fnt\n|faint|p2a: Iron Valiant\n|-end|p2a: Iron Valiant|Quark Drive|[silent]\n|-damage|p1a: Dragonite|91/100|[from] item: Life Orb\n|\n|upkeep\n|\n|t:|1782431520\n|switch|p2a: Garganacl|Garganacl, M, shiny|100/100\n|-damage|p2a: Garganacl|88/100|[from] Stealth Rock\n|turn|20\n|\n|t:|1782431524\n|move|p1a: Dragonite|Dragon Dance|p1a: Dragonite\n|-boost|p1a: Dragonite|atk|1\n|-boost|p1a: Dragonite|spe|1\n|move|p2a: Garganacl|Salt Cure|p1a: Dragonite\n|-supereffective|p1a: Dragonite\n|-damage|p1a: Dragonite|61/100\n|-start|p1a: Dragonite|Salt Cure\n|\n|-heal|p2a: Garganacl|94/100|[from] item: Leftovers\n|-damage|p1a: Dragonite|48/100|[from] Salt Cure\n|upkeep\n|turn|21\n|\n|t:|1782431534\n|move|p1a: Dragonite|Dragon Claw|p2a: Garganacl\n|-damage|p2a: Garganacl|37/100\n|-damage|p1a: Dragonite|39/100|[from] item: Life Orb\n|move|p2a: Garganacl|Salt Cure|p1a: Dragonite\n|-supereffective|p1a: Dragonite\n|-damage|p1a: Dragonite|7/100\n|\n|-heal|p2a: Garganacl|44/100|[from] item: Leftovers\n|-damage|p1a: Dragonite|0 fnt|[from] Salt Cure\n|faint|p1a: Dragonite\n|\n|win|ursoexplosivo\n|raw|KalosBZL7's rating: 1078 &rarr; <strong>1059</strong><br />(-19 for losing)\n|raw|ursoexplosivo's rating: 1122 &rarr; <strong>1144</strong><br />(+22 for winning)\n|l|☆KalosBZL7\n|player|p1|\n", "uploadtime": 1782431547, "views": 11, "formatid": "gen9ou", "rating": 1059, "private": 0, "password": null}