{"id": "gen9ou-2540684614", "format": "[Gen 9] OU", "players": ["energy storm", "horses aren't real"], "log": "|j|☆energy storm\n|j|☆horses aren't real\n|t:|1771239889\n|gametype|singles\n|player|p1|energy storm|bugcatcher-gen4dp|1545\n|player|p2|horses aren't real|skullgruntf|1596\n|gen|9\n|tier|[Gen 9] OU\n|rated|\n|rule|HP Percentage Mod: HP is shown in percentages\n|rule|Endless Battle Clause: Forcing endless battles is banned\n|rule|Species Clause: Limit one of each Pokémon\n|rule|OHKO Clause: OHKO moves are banned\n|rule|Evasion Items Clause: Evasion items are banned\n|rule|Evasion Moves Clause: Evasion moves are banned\n|rule|Evasion Abilities Clause: Evasion abilities are banned\n|rule|Sleep Moves Clause: Sleep-inducing moves are banned\n|clearpoke\n|poke|p1|Raging Bolt|\n|poke|p1|Zapdos|\n|poke|p1|Hatterene, F|\n|poke|p1|Iron Treads|\n|poke|p1|Keldeo-Resolute|\n|poke|p1|Weavile, F|\n|poke|p2|Tyranitar, F|\n|poke|p2|Garganacl, F|\n|poke|p2|Corviknight, F|\n|poke|p2|Hydrapple, F|\n|poke|p2|Gholdengo|\n|poke|p2|Ting-Lu|\n|teampreview\n|inactive|Battle timer is ON: inactive players will automatically lose when time's up. (requested by horses aren't real)\n|\n|t:|1771239920\n|teamsize|p1|6\n|teamsize|p2|6\n|start\n|switch|p1a: Keldeo|Keldeo-Resolute|100/100\n|switch|p2a: Garganacl|Garganacl, F|100/100\n|turn|1\n|\n|t:|1771239928\n|move|p1a: Keldeo|Flip Turn|p2a: Garganacl\n|-supereffective|p2a: Garganacl\n|-damage|p2a: Garganacl|82/100\n|\n|t:|1771239939\n|switch|p1a: Hatterene|Hatterene, F|100/100|[from] Flip Turn\n|move|p2a: Garganacl|Salt Cure|p1a: Hatterene\n|-damage|p1a: Hatterene|88/100\n|-start|p1a: Hatterene|Salt Cure\n|\n|-heal|p1a: Hatterene|94/100|[from] item: Leftovers\n|-heal|p2a: Garganacl|88/100|[from] item: Leftovers\n|-damage|p1a: Hatterene|82/100|[from] Salt Cure\n|upkeep\n|turn|2\n|\n|t:|1771239948\n|move|p1a: Hatterene|Draining Kiss|p2a: Garganacl\n|-damage|p2a: Garganacl|74/100\n|-heal|p1a: Hatterene|96/100|[from] drain|[of] p2a: Garganacl\n|move|p2a: Garganacl|Salt Cure|p1a: Hatterene\n|-damage|p1a: Hatterene|84/100\n|\n|-heal|p1a: Hatterene|90/100|[from] item: Leftovers\n|-heal|p2a: Garganacl|80/100|[from] item: Leftovers\n|-damage|p1a: Hatterene|78/100|[from] Salt Cure\n|upkeep\n|turn|3\n|\n|t:|1771239958\n|switch|p2a: Gholdengo|Gholdengo|100/100\n|move|p1a: Hatterene|Nuzzle|p2a: Gholdengo\n|-damage|p2a: Gholdengo|97/100\n|-status|p2a: Gholdengo|par\n|\n|-heal|p1a: Hatterene|84/100|[from] item: Leftovers\n|-damage|p1a: Hatterene|71/100|[from] Salt Cure\n|upkeep\n|turn|4\n|\n|t:|1771239976\n|switch|p1a: Zapdos|Zapdos|100/100\n|switch|p2a: Ting-Lu|Ting-Lu|100/100\n|-ability|p2a: Ting-Lu|Vessel of Ruin\n|\n|upkeep\n|turn|5\n|\n|t:|1771239982\n|move|p1a: Zapdos|U-turn|p2a: Ting-Lu\n|-supereffective|p2a: Ting-Lu\n|-damage|p2a: Ting-Lu|86/100\n|\n|t:|1771239985\n|switch|p1a: Hatterene|Hatterene, F|71/100|[from] U-turn\n|move|p2a: Ting-Lu|Earthquake|p1a: Hatterene\n|-damage|p1a: Hatterene|40/100\n|\n|-heal|p2a: Ting-Lu|92/100|[from] item: Leftovers\n|-heal|p1a: Hatterene|46/100|[from] item: Leftovers\n|upkeep\n|turn|6\n|\n|t:|1771239989\n|switch|p2a: Gholdengo|Gholdengo|97/100 par\n|move|p1a: Hatterene|Draining Kiss|p2a: Gholdengo\n|-resisted|p2a: Gholdengo\n|-damage|p2a: Gholdengo|86/100 par\n|-heal|p1a: Hatterene|56/100|[from] drain|[of] p2a: Gholdengo\n|\n|-heal|p1a: Hatterene|62/100|[from] item: Leftovers\n|upkeep\n|turn|7\n|\n|t:|1771239993\n|switch|p1a: Zapdos|Zapdos|100/100\n|cant|p2a: Gholdengo|par\n|\n|upkeep\n|turn|8\n|\n|t:|1771239998\n|switch|p2a: Ting-Lu|Ting-Lu|92/100\n|-ability|p2a: Ting-Lu|Vessel of Ruin\n|move|p1a: Zapdos|U-turn|p2a: Ting-Lu\n|-supereffective|p2a: Ting-Lu\n|-damage|p2a: Ting-Lu|77/100\n|\n|t:|1771240002\n|switch|p1a: Keldeo|Keldeo-Resolute|100/100|[from] U-turn\n|\n|-heal|p2a: Ting-Lu|83/100|[from] item: Leftovers\n|upkeep\n|turn|9\n|\n|t:|1771240012\n|move|p1a: Keldeo|Secret Sword|p2a: Ting-Lu\n|-supereffective|p2a: Ting-Lu\n|-damage|p2a: Ting-Lu|30/100\n|move|p2a: Ting-Lu|Spikes|p1a: Keldeo\n|-sidestart|p1: energy storm|Spikes\n|\n|-heal|p2a: Ting-Lu|37/100|[from] item: Leftovers\n|upkeep\n|turn|10\n|\n|t:|1771240026\n|switch|p1a: Iron Treads|Iron Treads|100/100\n|-damage|p1a: Iron Treads|88/100|[from] Spikes\n|switch|p2a: Hydrapple|Hydrapple, F|100/100\n|\n|-heal|p1a: Iron Treads|94/100|[from] item: Leftovers\n|upkeep\n|turn|11\n|\n|t:|1771240033\n|move|p1a: Iron Treads|Rapid Spin|p2a: Hydrapple\n|-damage|p2a: Hydrapple|93/100\n|-boost|p1a: Iron Treads|spe|1\n|-sideend|p1: energy storm|Spikes|[from] move: Rapid Spin|[of] p1a: Iron Treads\n|move|p2a: Hydrapple|Earth Power|p1a: Iron Treads\n|-supereffective|p1a: Iron Treads\n|-damage|p1a: Iron Treads|56/100\n|\n|-heal|p1a: Iron Treads|62/100|[from] item: Leftovers\n|upkeep\n|turn|12\n|\n|t:|1771240039\n|move|p1a: Iron Treads|Volt Switch|p2a: Hydrapple\n|-resisted|p2a: Hydrapple\n|-damage|p2a: Hydrapple|90/100\n|\n|t:|1771240048\n|-end|p1a: Iron Treads|Quark Drive|[silent]\n|switch|p1a: Zapdos|Zapdos|100/100|[from] Volt Switch\n|move|p2a: Hydrapple|Nasty Plot|p2a: Hydrapple\n|-boost|p2a: Hydrapple|spa|2\n|\n|upkeep\n|turn|13\n|\n|t:|1771240059\n|switch|p2a: Corviknight|Corviknight, F|100/100\n|-ability|p2a: Corviknight|Pressure\n|move|p1a: Zapdos|Hurricane|p2a: Corviknight\n|-resisted|p2a: Corviknight\n|-damage|p2a: Corviknight|79/100\n|\n|upkeep\n|turn|14\n|\n|t:|1771240065\n|switch|p2a: Ting-Lu|Ting-Lu|37/100\n|-ability|p2a: Ting-Lu|Vessel of Ruin\n|move|p1a: Zapdos|Thunder Wave|p2a: Ting-Lu\n|-immune|p2a: Ting-Lu\n|\n|-heal|p2a: Ting-Lu|43/100|[from] item: Leftovers\n|upkeep\n|turn|15\n|\n|t:|1771240085\n|move|p1a: Zapdos|U-turn|p2a: Ting-Lu\n|-supereffective|p2a: Ting-Lu\n|-damage|p2a: Ting-Lu|29/100\n|\n|t:|1771240088\n|switch|p1a: Hatterene|Hatterene, F|62/100|[from] U-turn\n|move|p2a: Ting-Lu|Earthquake|p1a: Hatterene\n|-damage|p1a: Hatterene|33/100\n|\n|-heal|p2a: Ting-Lu|35/100|[from] item: Leftovers\n|-heal|p1a: Hatterene|39/100|[from] item: Leftovers\n|upkeep\n|turn|16\n|\n|t:|1771240096\n|switch|p2a: Gholdengo|Gholdengo|86/100 par\n|switch|p1a: Zapdos|Zapdos|100/100\n|\n|upkeep\n|turn|17\n|inactive|horses aren't real has 120 seconds left.\n|\n|t:|1771240132\n|move|p1a: Zapdos|U-turn|p2a: Gholdengo\n|-resisted|p2a: Gholdengo\n|-damage|p2a: Gholdengo|84/100 par\n|\n|t:|1771240142\n|switch|p1a: Raging Bolt|Raging Bolt|100/100|[from] U-turn\n|move|p2a: Gholdengo|Hex|p1a: Raging Bolt\n|-damage|p1a: Raging Bolt|75/100\n|\n|upkeep\n|turn|18\n|inactive|horses aren't real has 120 seconds left.\n|\n|t:|1771240158\n|switch|p2a: Ting-Lu|Ting-Lu|35/100\n|-ability|p2a: Ting-Lu|Vessel of Ruin\n|move|p1a: Raging Bolt|Draco Meteor|p2a: Ting-Lu\n|-damage|p2a: Ting-Lu|0 fnt\n|-unboost|p1a: Raging Bolt|spa|2\n|faint|p2a: Ting-Lu\n|\n|upkeep\n|\n|t:|1771240161\n|switch|p2a: Garganacl|Garganacl, F|80/100\n|turn|19\n|\n|t:|1771240167\n|-end|p1a: Raging Bolt|Protosynthesis|[silent]\n|switch|p1a: Hatterene|Hatterene, F|39/100\n|move|p2a: Garganacl|Curse|p2a: Garganacl\n|-unboost|p2a: Garganacl|spe|1\n|-boost|p2a: Garganacl|atk|1\n|-boost|p2a: Garganacl|def|1\n|\n|-heal|p1a: Hatterene|45/100|[from] item: Leftovers\n|-heal|p2a: Garganacl|86/100|[from] item: Leftovers\n|upkeep\n|turn|20\n|inactive|horses aren't real has 120 seconds left.\n|j| DioneC\n|inactive|horses aren't real has 90 seconds left.\n|\n|t:|1771240219\n|move|p1a: Hatterene|Draining Kiss|p2a: Garganacl\n|-damage|p2a: Garganacl|69/100\n|-heal|p1a: Hatterene|61/100|[from] drain|[of] p2a: Garganacl\n|move|p2a: Garganacl|Salt Cure|p1a: Hatterene\n|-damage|p1a: Hatterene|44/100\n|-start|p1a: Hatterene|Salt Cure\n|\n|-heal|p1a: Hatterene|50/100|[from] item: Leftovers\n|-heal|p2a: Garganacl|75/100|[from] item: Leftovers\n|-damage|p1a: Hatterene|38/100|[from] Salt Cure\n|upkeep\n|turn|21\n|\n|t:|1771240238\n|move|p1a: Hatterene|Psychic Noise|p2a: Garganacl\n|-damage|p2a: Garganacl|53/100\n|-start|p2a: Garganacl|move: Heal Block\n|move|p2a: Garganacl|Curse|p2a: Garganacl\n|-unboost|p2a: Garganacl|spe|1\n|-boost|p2a: Garganacl|atk|1\n|-boost|p2a: Garganacl|def|1\n|\n|-heal|p1a: Hatterene|44/100|[from] item: Leftovers\n|-damage|p1a: Hatterene|32/100|[from] Salt Cure\n|upkeep\n|turn|22\n|\n|t:|1771240244\n|move|p1a: Hatterene|Psychic Noise|p2a: Garganacl\n|-damage|p2a: Garganacl|28/100\n|move|p2a: Garganacl|Salt Cure|p1a: Hatterene\n|-damage|p1a: Hatterene|7/100\n|\n|-heal|p1a: Hatterene|13/100|[from] item: Leftovers\n|-damage|p1a: Hatterene|1/100|[from] Salt Cure\n|-end|p2a: Garganacl|move: Heal Block\n|upkeep\n|turn|23\n|\n|t:|1771240249\n|move|p2a: Garganacl|Protect|p2a: Garganacl\n|-singleturn|p2a: Garganacl|Protect\n|move|p1a: Hatterene|Psychic Noise|p2a: Garganacl\n|-activate|p2a: Garganacl|move: Protect\n|\n|-heal|p1a: Hatterene|7/100|[from] item: Leftovers\n|-heal|p2a: Garganacl|35/100|[from] item: Leftovers\n|-damage|p1a: Hatterene|0 fnt|[from] Salt Cure\n|faint|p1a: Hatterene\n|upkeep\n|\n|t:|1771240262\n|switch|p1a: Raging Bolt|Raging Bolt|75/100\n|turn|24\n|inactive|horses aren't real has 120 seconds left.\n|\n|t:|1771240275\n|move|p1a: Raging Bolt|Volt Switch|p2a: Garganacl\n|-damage|p2a: Garganacl|0 fnt\n|faint|p2a: Garganacl\n|\n|t:|1771240296\n|-end|p1a: Raging Bolt|Protosynthesis|[silent]\n|switch|p1a: Weavile|Weavile, F|100/100|[from] Volt Switch\n|-ability|p1a: Weavile|Pressure\n|\n|upkeep\n|\n|t:|1771240298\n|switch|p2a: Tyranitar|Tyranitar, F|100/100\n|-weather|Sandstorm|[from] ability: Sand Stream|[of] p2a: Tyranitar\n|turn|25\n|\n|t:|1771240305\n|move|p1a: Weavile|Low Kick|p2a: Tyranitar\n|-supereffective|p2a: Tyranitar\n|-damage|p2a: Tyranitar|0 fnt\n|faint|p2a: Tyranitar\n|\n|-weather|Sandstorm|[upkeep]\n|-damage|p1a: Weavile|94/100|[from] Sandstorm\n|upkeep\n|\n|t:|1771240313\n|switch|p2a: Corviknight|Corviknight, F|79/100\n|-ability|p2a: Corviknight|Pressure\n|turn|26\n|\n|t:|1771240320\n|switch|p1a: Raging Bolt|Raging Bolt|75/100\n|move|p2a: Corviknight|U-turn|p1a: Raging Bolt\n|-damage|p1a: Raging Bolt|61/100\n|\n|t:|1771240324\n|switch|p2a: Hydrapple|Hydrapple, F|100/100|[from] U-turn\n|\n|-weather|Sandstorm|[upkeep]\n|-damage|p1a: Raging Bolt|55/100|[from] Sandstorm\n|-damage|p2a: Hydrapple|94/100|[from] Sandstorm\n|upkeep\n|turn|27\n|\n|t:|1771240330\n|switch|p2a: Corviknight|Corviknight, F|79/100\n|-ability|p2a: Corviknight|Pressure\n|move|p1a: Raging Bolt|Draco Meteor|p2a: Corviknight\n|-resisted|p2a: Corviknight\n|-damage|p2a: Corviknight|22/100\n|-unboost|p1a: Raging Bolt|spa|2\n|\n|-weather|Sandstorm|[upkeep]\n|-damage|p1a: Raging Bolt|49/100|[from] Sandstorm\n|upkeep\n|turn|28\n|\n|t:|1771240345\n|-end|p1a: Raging Bolt|Protosynthesis|[silent]\n|switch|p1a: Zapdos|Zapdos|100/100\n|move|p2a: Corviknight|U-turn|p1a: Zapdos\n|-resisted|p1a: Zapdos\n|-damage|p1a: Zapdos|96/100\n|-status|p2a: Corviknight|par|[from] ability: Static|[of] p1a: Zapdos\n|\n|t:|1771240351\n|switch|p2a: Hydrapple|Hydrapple, F|100/100|[from] U-turn\n|\n|-weather|Sandstorm|[upkeep]\n|-damage|p1a: Zapdos|90/100|[from] Sandstorm\n|-damage|p2a: Hydrapple|94/100|[from] Sandstorm\n|upkeep\n|turn|29\n|-message|horses aren't real forfeited.\n|\n|win|energy storm\n|raw|energy storm's rating: 1545 &rarr; <strong>1570</strong><br />(+25 for winning)\n|raw|horses aren&apos;t real's rating: 1625 &rarr; <strong>1600</strong><br />(-25 for losing)\n|l|☆horses aren't real\n|player|p2|\n", "uploadtime": 1771240580, "views": 8, "formatid": "gen9ou", "rating": 1570, "private": 0, "password": null}