{"id": "gen9ou-2540909609", "format": "[Gen 9] OU", "players": ["mrgoob6000", "mizuuuwu"], "log": "|j|☆mrgoob6000\n|j|☆mizuuuwu\n|t:|1771266210\n|gametype|singles\n|player|p1|mrgoob6000|dawn|1583\n|player|p2|mizuuuwu|lass-gen4dp|1525\n|gen|9\n|tier|[Gen 9] OU\n|rated|\n|rule|HP Percentage Mod: HP is shown in percentages\n|rule|Endless Battle Clause: Forcing endless battles is banned\n|rule|Species Clause: Limit one of each Pokémon\n|rule|OHKO Clause: OHKO moves are banned\n|rule|Evasion Items Clause: Evasion items are banned\n|rule|Evasion Moves Clause: Evasion moves are banned\n|rule|Evasion Abilities Clause: Evasion abilities are banned\n|rule|Sleep Moves Clause: Sleep-inducing moves are banned\n|clearpoke\n|poke|p1|Dragapult, M|\n|poke|p1|Rillaboom, F|\n|poke|p1|Landorus-Therian, M|\n|poke|p1|Cinderace, M|\n|poke|p1|Kingambit, F|\n|poke|p1|Iron Valiant|\n|poke|p2|Iron Valiant|\n|poke|p2|Gholdengo|\n|poke|p2|Ting-Lu|\n|poke|p2|Alomomola, M|\n|poke|p2|Dragonite, M|\n|poke|p2|Samurott-Hisui, F|\n|teampreview\n|inactive|Battle timer is ON: inactive players will automatically lose when time's up. (requested by mrgoob6000)\n|\n|t:|1771266216\n|teamsize|p1|6\n|teamsize|p2|6\n|start\n|switch|p1a: Rillaboom|Rillaboom, F|100/100\n|switch|p2a: Dragonite|Dragonite, M|100/100\n|-fieldstart|move: Grassy Terrain|[from] ability: Grassy Surge|[of] p1a: Rillaboom\n|turn|1\n|\n|t:|1771266224\n|move|p2a: Dragonite|Dragon Dance|p2a: Dragonite\n|-boost|p2a: Dragonite|atk|1\n|-boost|p2a: Dragonite|spe|1\n|move|p1a: Rillaboom|U-turn|p2a: Dragonite\n|-resisted|p2a: Dragonite\n|-damage|p2a: Dragonite|89/100\n|\n|t:|1771266227\n|switch|p1a: Iron Valiant|Iron Valiant|100/100|[from] U-turn\n|-enditem|p1a: Iron Valiant|Booster Energy\n|-activate|p1a: Iron Valiant|ability: Quark Drive|[fromitem]\n|-start|p1a: Iron Valiant|quarkdrivespe\n|\n|upkeep\n|turn|2\n|\n|t:|1771266229\n|switch|p2a: Ting-Lu|Ting-Lu|100/100\n|-ability|p2a: Ting-Lu|Vessel of Ruin\n|move|p1a: Iron Valiant|Moonblast|p2a: Ting-Lu\n|-supereffective|p2a: Ting-Lu\n|-damage|p2a: Ting-Lu|58/100\n|\n|-heal|p2a: Ting-Lu|64/100|[from] Grassy Terrain\n|upkeep\n|turn|3\n|\n|t:|1771266233\n|switch|p2a: Gholdengo|Gholdengo|100/100\n|-item|p2a: Gholdengo|Air Balloon\n|move|p1a: Iron Valiant|Moonblast|p2a: Gholdengo\n|-resisted|p2a: Gholdengo\n|-damage|p2a: Gholdengo|76/100\n|-enditem|p2a: Gholdengo|Air Balloon\n|\n|-heal|p2a: Gholdengo|82/100|[from] Grassy Terrain\n|upkeep\n|turn|4\n|\n|t:|1771266242\n|move|p1a: Iron Valiant|Knock Off|p2a: Gholdengo\n|-supereffective|p2a: Gholdengo\n|-damage|p2a: Gholdengo|45/100\n|move|p2a: Gholdengo|Make It Rain|p1a: Iron Valiant\n|-supereffective|p1a: Iron Valiant\n|-damage|p1a: Iron Valiant|0 fnt\n|-unboost|p2a: Gholdengo|spa|1\n|faint|p1a: Iron Valiant\n|-end|p1a: Iron Valiant|Quark Drive|[silent]\n|\n|-heal|p2a: Gholdengo|51/100|[from] Grassy Terrain\n|upkeep\n|\n|t:|1771266247\n|switch|p1a: Landorus|Landorus-Therian, M|100/100\n|-ability|p1a: Landorus|Intimidate|boost\n|-unboost|p2a: Gholdengo|atk|1\n|turn|5\n|\n|t:|1771266252\n|switch|p2a: Alomomola|Alomomola, M|100/100\n|move|p1a: Landorus|U-turn|p2a: Alomomola\n|-crit|p2a: Alomomola\n|-damage|p2a: Alomomola|84/100\n|\n|t:|1771266255\n|switch|p1a: Dragapult|Dragapult, M|100/100|[from] U-turn\n|\n|-heal|p2a: Alomomola|90/100|[from] Grassy Terrain\n|-fieldend|move: Grassy Terrain\n|upkeep\n|turn|6\n|\n|t:|1771266258\n|move|p1a: Dragapult|Substitute|p1a: Dragapult\n|-start|p1a: Dragapult|Substitute\n|-damage|p1a: Dragapult|76/100\n|move|p2a: Alomomola|Wish|p2a: Alomomola\n|\n|-heal|p1a: Dragapult|82/100|[from] item: Leftovers\n|upkeep\n|turn|7\n|\n|t:|1771266260\n|move|p1a: Dragapult|Dragon Dance|p1a: Dragapult\n|-boost|p1a: Dragapult|atk|1\n|-boost|p1a: Dragapult|spe|1\n|move|p2a: Alomomola|Flip Turn|p1a: Dragapult\n|-resisted|p1a: Dragapult\n|-activate|p1a: Dragapult|move: Substitute|[damage]\n|\n|t:|1771266264\n|switch|p2a: Ting-Lu|Ting-Lu|64/100|[from] Flip Turn\n|-ability|p2a: Ting-Lu|Vessel of Ruin\n|\n|-heal|p2a: Ting-Lu|100/100|[from] move: Wish|[wisher] Alomomola\n|-heal|p1a: Dragapult|88/100|[from] item: Leftovers\n|upkeep\n|turn|8\n|\n|t:|1771266266\n|move|p1a: Dragapult|Dragon Darts|p2a: Ting-Lu\n|-damage|p2a: Ting-Lu|77/100\n|-anim|p1a: Dragapult|Dragon Darts|p2a: Ting-Lu\n|-damage|p2a: Ting-Lu|56/100\n|move|p2a: Ting-Lu|Whirlwind|p1a: Dragapult\n|drag|p1a: Kingambit|Kingambit, F|100/100\n|-activate|p1a: Kingambit|ability: Supreme Overlord\n|-start|p1a: Kingambit|fallen1|[silent]\n|\n|upkeep\n|turn|9\n|\n|t:|1771266273\n|-end|p1a: Kingambit|fallen1|[silent]\n|switch|p1a: Cinderace|Cinderace, M|100/100\n|move|p2a: Ting-Lu|Ruination|p1a: Cinderace\n|-damage|p1a: Cinderace|51/100\n|\n|upkeep\n|turn|10\n|\n|t:|1771266277\n|switch|p2a: Alomomola|Alomomola, M|100/100\n|move|p1a: Cinderace|Will-O-Wisp|p2a: Alomomola\n|-status|p2a: Alomomola|brn\n|\n|-damage|p2a: Alomomola|94/100 brn|[from] brn\n|upkeep\n|turn|11\n|\n|t:|1771266282\n|switch|p1a: Rillaboom|Rillaboom, F|100/100\n|-fieldstart|move: Grassy Terrain|[from] ability: Grassy Surge|[of] p1a: Rillaboom\n|move|p2a: Alomomola|Flip Turn|p1a: Rillaboom\n|-resisted|p1a: Rillaboom\n|-crit|p1a: Rillaboom\n|-damage|p1a: Rillaboom|94/100\n|\n|t:|1771266285\n|switch|p2a: Dragonite|Dragonite, M|89/100|[from] Flip Turn\n|\n|-heal|p1a: Rillaboom|99/100|[from] Grassy Terrain\n|upkeep\n|turn|12\n|\n|t:|1771266294\n|move|p2a: Dragonite|Ice Spinner|p1a: Rillaboom\n|-supereffective|p1a: Rillaboom\n|-damage|p1a: Rillaboom|40/100\n|-fieldend|move: Grassy Terrain\n|move|p1a: Rillaboom|Knock Off|p2a: Dragonite\n|-damage|p2a: Dragonite|29/100\n|-enditem|p2a: Dragonite|Heavy-Duty Boots|[from] move: Knock Off|[of] p1a: Rillaboom\n|\n|upkeep\n|turn|13\n|\n|t:|1771266301\n|switch|p1a: Landorus|Landorus-Therian, M|100/100\n|-ability|p1a: Landorus|Intimidate|boost\n|-unboost|p2a: Dragonite|atk|1\n|move|p2a: Dragonite|Ice Spinner|p1a: Landorus\n|-supereffective|p1a: Landorus\n|-damage|p1a: Landorus|24/100\n|-damage|p2a: Dragonite|12/100|[from] item: Rocky Helmet|[of] p1a: Landorus\n|\n|upkeep\n|turn|14\n|\n|t:|1771266304\n|switch|p2a: Alomomola|Alomomola, M|100/100 brn\n|move|p1a: Landorus|Earth Power|p2a: Alomomola\n|-damage|p2a: Alomomola|62/100 brn\n|\n|-damage|p2a: Alomomola|56/100 brn|[from] brn\n|upkeep\n|turn|15\n|\n|t:|1771266306\n|move|p1a: Landorus|U-turn|p2a: Alomomola\n|-damage|p2a: Alomomola|45/100 brn\n|\n|t:|1771266317\n|switch|p1a: Rillaboom|Rillaboom, F|40/100|[from] U-turn\n|-fieldstart|move: Grassy Terrain|[from] ability: Grassy Surge|[of] p1a: Rillaboom\n|move|p2a: Alomomola|Wish|p2a: Alomomola\n|\n|-heal|p1a: Rillaboom|46/100|[from] Grassy Terrain\n|-heal|p2a: Alomomola|51/100 brn|[from] Grassy Terrain\n|-damage|p2a: Alomomola|45/100 brn|[from] brn\n|upkeep\n|turn|16\n|\n|t:|1771266325\n|move|p2a: Alomomola|Protect|p2a: Alomomola\n|-singleturn|p2a: Alomomola|Protect\n|move|p1a: Rillaboom|Wood Hammer|p2a: Alomomola\n|-activate|p2a: Alomomola|move: Protect\n|\n|-heal|p2a: Alomomola|95/100 brn|[from] move: Wish|[wisher] Alomomola\n|-heal|p1a: Rillaboom|52/100|[from] Grassy Terrain\n|-heal|p2a: Alomomola|100/100 brn|[from] Grassy Terrain\n|-damage|p2a: Alomomola|94/100 brn|[from] brn\n|upkeep\n|turn|17\n|\n|t:|1771266339\n|switch|p2a: Dragonite|Dragonite, M|12/100\n|move|p1a: Rillaboom|Wood Hammer|p2a: Dragonite\n|-resisted|p2a: Dragonite\n|-damage|p2a: Dragonite|0 fnt\n|faint|p2a: Dragonite\n|-damage|p1a: Rillaboom|49/100|[from] Recoil\n|\n|-heal|p1a: Rillaboom|55/100|[from] Grassy Terrain\n|upkeep\n|\n|t:|1771266343\n|switch|p2a: Gholdengo|Gholdengo|51/100\n|turn|18\n|\n|t:|1771266347\n|switch|p1a: Landorus|Landorus-Therian, M|24/100\n|-ability|p1a: Landorus|Intimidate|boost\n|-unboost|p2a: Gholdengo|atk|1\n|move|p2a: Gholdengo|Make It Rain|p1a: Landorus\n|-damage|p1a: Landorus|0 fnt\n|-unboost|p2a: Gholdengo|spa|1\n|faint|p1a: Landorus\n|\n|-heal|p2a: Gholdengo|57/100|[from] Grassy Terrain\n|upkeep\n|\n|t:|1771266353\n|switch|p1a: Cinderace|Cinderace, M|51/100\n|turn|19\n|\n|t:|1771266361\n|move|p1a: Cinderace|Pyro Ball|p2a: Gholdengo\n|-supereffective|p2a: Gholdengo\n|-damage|p2a: Gholdengo|0 fnt\n|faint|p2a: Gholdengo\n|\n|-heal|p1a: Cinderace|57/100|[from] Grassy Terrain\n|-fieldend|move: Grassy Terrain\n|upkeep\n|\n|t:|1771266364\n|switch|p2a: Samurott|Samurott-Hisui, F|100/100\n|turn|20\n|\n|t:|1771266367\n|move|p1a: Cinderace|U-turn|p2a: Samurott\n|-supereffective|p2a: Samurott\n|-damage|p2a: Samurott|46/100\n|\n|t:|1771266373\n|switch|p1a: Rillaboom|Rillaboom, F|55/100|[from] U-turn\n|-fieldstart|move: Grassy Terrain|[from] ability: Grassy Surge|[of] p1a: Rillaboom\n|move|p2a: Samurott|Razor Shell|p1a: Rillaboom\n|-resisted|p1a: Rillaboom\n|-damage|p1a: Rillaboom|25/100\n|-unboost|p1a: Rillaboom|def|1\n|\n|-heal|p2a: Samurott|53/100|[from] Grassy Terrain\n|-heal|p1a: Rillaboom|32/100|[from] Grassy Terrain\n|upkeep\n|turn|21\n|\n|t:|1771266376\n|move|p2a: Samurott|Sucker Punch|p1a: Rillaboom\n|-damage|p1a: Rillaboom|0 fnt\n|faint|p1a: Rillaboom\n|\n|-heal|p2a: Samurott|59/100|[from] Grassy Terrain\n|upkeep\n|\n|t:|1771266381\n|switch|p1a: Cinderace|Cinderace, M|57/100\n|turn|22\n|\n|t:|1771266383\n|switch|p2a: Alomomola|Alomomola, M|100/100 brn\n|move|p1a: Cinderace|U-turn|p2a: Alomomola\n|-damage|p2a: Alomomola|88/100 brn\n|\n|t:|1771266385\n|switch|p1a: Dragapult|Dragapult, M|88/100|[from] U-turn\n|\n|-heal|p1a: Dragapult|94/100|[from] Grassy Terrain\n|-heal|p1a: Dragapult|99/100|[from] item: Leftovers\n|-heal|p2a: Alomomola|95/100 brn|[from] Grassy Terrain\n|-damage|p2a: Alomomola|88/100 brn|[from] brn\n|upkeep\n|turn|23\n|\n|t:|1771266390\n|move|p1a: Dragapult|Dragon Dance|p1a: Dragapult\n|-boost|p1a: Dragapult|atk|1\n|-boost|p1a: Dragapult|spe|1\n|move|p2a: Alomomola|Flip Turn|p1a: Dragapult\n|-resisted|p1a: Dragapult\n|-damage|p1a: Dragapult|94/100\n|\n|t:|1771266392\n|switch|p2a: Samurott|Samurott-Hisui, F|59/100|[from] Flip Turn\n|\n|-heal|p1a: Dragapult|99/100|[from] Grassy Terrain\n|-heal|p1a: Dragapult|100/100|[from] item: Leftovers\n|-heal|p2a: Samurott|65/100|[from] Grassy Terrain\n|upkeep\n|turn|24\n|\n|t:|1771266398\n|move|p1a: Dragapult|Substitute|p1a: Dragapult\n|-start|p1a: Dragapult|Substitute\n|-damage|p1a: Dragapult|76/100\n|move|p2a: Samurott|Ceaseless Edge|p1a: Dragapult\n|-supereffective|p1a: Dragapult\n|-end|p1a: Dragapult|Substitute\n|-sidestart|p1: mrgoob6000|Spikes\n|\n|-heal|p1a: Dragapult|82/100|[from] Grassy Terrain\n|-heal|p1a: Dragapult|88/100|[from] item: Leftovers\n|-heal|p2a: Samurott|71/100|[from] Grassy Terrain\n|-fieldend|move: Grassy Terrain\n|upkeep\n|turn|25\n|\n|t:|1771266407\n|move|p1a: Dragapult|Substitute|p1a: Dragapult\n|-start|p1a: Dragapult|Substitute\n|-damage|p1a: Dragapult|63/100\n|move|p2a: Samurott|Ceaseless Edge|p1a: Dragapult\n|-supereffective|p1a: Dragapult\n|-end|p1a: Dragapult|Substitute\n|-sidestart|p1: mrgoob6000|Spikes\n|\n|-heal|p1a: Dragapult|69/100|[from] item: Leftovers\n|upkeep\n|turn|26\n|\n|t:|1771266415\n|move|p2a: Samurott|Sucker Punch||[still]\n|-fail|p2a: Samurott\n|move|p1a: Dragapult|Substitute|p1a: Dragapult\n|-start|p1a: Dragapult|Substitute\n|-damage|p1a: Dragapult|44/100\n|\n|-heal|p1a: Dragapult|50/100|[from] item: Leftovers\n|upkeep\n|turn|27\n|\n|t:|1771266419\n|move|p2a: Samurott|Sucker Punch|p1a: Dragapult\n|-supereffective|p1a: Dragapult\n|-end|p1a: Dragapult|Substitute\n|move|p1a: Dragapult|Dragon Darts|p2a: Samurott\n|-damage|p2a: Samurott|20/100\n|-anim|p1a: Dragapult|Dragon Darts|p2a: Samurott\n|-damage|p2a: Samurott|0 fnt\n|faint|p2a: Samurott\n|\n|-heal|p1a: Dragapult|56/100|[from] item: Leftovers\n|upkeep\n|\n|t:|1771266421\n|switch|p2a: Ting-Lu|Ting-Lu|56/100\n|-ability|p2a: Ting-Lu|Vessel of Ruin\n|turn|28\n|\n|t:|1771266426\n|move|p1a: Dragapult|Dragon Darts|p2a: Ting-Lu\n|-damage|p2a: Ting-Lu|32/100\n|-anim|p1a: Dragapult|Dragon Darts|p2a: Ting-Lu\n|-damage|p2a: Ting-Lu|9/100\n|move|p2a: Ting-Lu|Earthquake|p1a: Dragapult\n|-damage|p1a: Dragapult|3/100\n|\n|-heal|p1a: Dragapult|9/100|[from] item: Leftovers\n|upkeep\n|turn|29\n|\n|t:|1771266431\n|move|p1a: Dragapult|Dragon Darts|p2a: Ting-Lu\n|-damage|p2a: Ting-Lu|0 fnt\n|faint|p2a: Ting-Lu\n|\n|-heal|p1a: Dragapult|15/100|[from] item: Leftovers\n|upkeep\n|\n|t:|1771266433\n|switch|p2a: Alomomola|Alomomola, M|100/100 brn\n|turn|30\n|\n|t:|1771266439\n|move|p1a: Dragapult|Phantom Force||[still]\n|-prepare|p1a: Dragapult|Phantom Force\n|move|p2a: Alomomola|Flip Turn|p1a: Dragapult|[miss]\n|-miss|p2a: Alomomola|p1a: Dragapult\n|\n|-heal|p1a: Dragapult|21/100|[from] item: Leftovers\n|-damage|p2a: Alomomola|94/100 brn|[from] brn\n|upkeep\n|turn|31\n|\n|t:|1771266443\n|move|p1a: Dragapult|Phantom Force|p2a: Alomomola|[from] lockedmove\n|-damage|p2a: Alomomola|56/100 brn\n|move|p2a: Alomomola|Wish|p2a: Alomomola\n|\n|-heal|p1a: Dragapult|27/100|[from] item: Leftovers\n|-damage|p2a: Alomomola|49/100 brn|[from] brn\n|upkeep\n|turn|32\n|\n|t:|1771266451\n|move|p1a: Dragapult|Substitute|p1a: Dragapult\n|-start|p1a: Dragapult|Substitute\n|-damage|p1a: Dragapult|2/100\n|move|p2a: Alomomola|Flip Turn|p1a: Dragapult\n|-resisted|p1a: Dragapult\n|-activate|p1a: Dragapult|move: Substitute|[damage]\n|\n|t:|1771266453\n|switch|p2a: Iron Valiant|Iron Valiant|100/100|[from] Flip Turn\n|\n|-heal|p1a: Dragapult|8/100|[from] item: Leftovers\n|upkeep\n|turn|33\n|\n|t:|1771266456\n|move|p1a: Dragapult|Phantom Force||[still]\n|-prepare|p1a: Dragapult|Phantom Force\n|move|p2a: Iron Valiant|Moonblast|p1a: Dragapult|[miss]\n|-miss|p2a: Iron Valiant|p1a: Dragapult\n|\n|-heal|p1a: Dragapult|14/100|[from] item: Leftovers\n|upkeep\n|turn|34\n|\n|t:|1771266459\n|move|p1a: Dragapult|Phantom Force|p2a: Iron Valiant|[from] lockedmove\n|-damage|p2a: Iron Valiant|4/100\n|move|p2a: Iron Valiant|Moonblast|p1a: Dragapult\n|-supereffective|p1a: Dragapult\n|-end|p1a: Dragapult|Substitute\n|\n|-heal|p1a: Dragapult|20/100|[from] item: Leftovers\n|upkeep\n|turn|35\n|-message|mizuuuwu forfeited.\n|\n|win|mrgoob6000\n|raw|mrgoob6000's rating: 1583 &rarr; <strong>1600</strong><br />(+17 for winning)\n|raw|mizuuuwu's rating: 1525 &rarr; <strong>1508</strong><br />(-17 for losing)\n|l|☆mizuuuwu\n|player|p2|\n", "uploadtime": 1771266472, "views": 13, "formatid": "gen9ou", "rating": 1508, "private": 0, "password": null}