{"id": "gen9ou-2639222397", "format": "[Gen 9] OU", "players": ["Kanto's Finest", "vontade88"], "log": "|j|☆Kanto's Finest\n|j|☆vontade88\n|t:|1782436403\n|gametype|singles\n|player|p1|Kanto's Finest|red-masters|1287\n|player|p2|vontade88|102|1273\n|gen|9\n|tier|[Gen 9] OU\n|rated|\n|rule|HP Percentage Mod: HP is shown in percentages\n|rule|Endless Battle Clause: Forcing endless battles is banned\n|rule|Species Clause: Limit one of each Pokémon\n|rule|OHKO Clause: OHKO moves are banned\n|rule|Evasion Items Clause: Evasion items are banned\n|rule|Evasion Moves Clause: Evasion moves are banned\n|rule|Evasion Abilities Clause: Evasion abilities are banned\n|rule|Sleep Moves Clause: Sleep-inducing moves are banned\n|clearpoke\n|poke|p1|Dragonite, F|\n|poke|p1|Dugtrio, F|\n|poke|p1|Vaporeon, F|\n|poke|p1|Hitmonlee, M|\n|poke|p1|Clefable, F|\n|poke|p1|Weezing, M|\n|poke|p2|Zapdos-Galar|\n|poke|p2|Raging Bolt|\n|poke|p2|Primarina, F|\n|poke|p2|Landorus-Therian, M|\n|poke|p2|Iron Treads|\n|poke|p2|Darkrai|\n|teampreview\n|inactive|Battle timer is ON: inactive players will automatically lose when time's up. (requested by vontade88)\n|\n|t:|1782436420\n|teamsize|p1|6\n|teamsize|p2|6\n|start\n|switch|p1a: Diglett Cave|Dugtrio, F|100/100\n|switch|p2a: EarthDrake|Landorus-Therian, M|100/100\n|-ability|p2a: EarthDrake|Intimidate|boost\n|-unboost|p1a: Diglett Cave|atk|1\n|turn|1\n|\n|t:|1782436429\n|move|p1a: Diglett Cave|Stealth Rock|p2a: EarthDrake\n|-sidestart|p2: vontade88|move: Stealth Rock\n|move|p2a: EarthDrake|Stealth Rock|p1a: Diglett Cave\n|-sidestart|p1: Kanto's Finest|move: Stealth Rock\n|\n|upkeep\n|turn|2\n|\n|t:|1782436440\n|switch|p1a: Celadon|Vaporeon, F|100/100\n|-damage|p1a: Celadon|88/100|[from] Stealth Rock\n|move|p2a: EarthDrake|Earth Power|p1a: Celadon\n|-damage|p1a: Celadon|64/100\n|\n|upkeep\n|turn|3\n|\n|t:|1782436454\n|move|p2a: EarthDrake|U-turn|p1a: Celadon\n|-damage|p1a: Celadon|49/100\n|\n|t:|1782436467\n|switch|p2a: Prim|Primarina, F|100/100|[from] U-turn\n|-damage|p2a: Prim|88/100|[from] Stealth Rock\n|move|p1a: Celadon|Wish|p1a: Celadon\n|\n|upkeep\n|turn|4\n|\n|t:|1782436473\n|move|p2a: Prim|Psychic Noise|p1a: Celadon\n|-damage|p1a: Celadon|33/100\n|move|p1a: Celadon|Whirlpool|p2a: Prim\n|-resisted|p2a: Prim\n|-damage|p2a: Prim|85/100\n|-activate|p2a: Prim|move: Whirlpool|[of] p1a: Celadon\n|\n|-heal|p1a: Celadon|83/100|[from] move: Wish|[wisher] Celadon\n|-damage|p2a: Prim|73/100|[from] move: Whirlpool|[partiallytrapped]\n|upkeep\n|turn|5\n|\n|t:|1782436491\n|move|p2a: Prim|Psychic Noise|p1a: Celadon\n|-damage|p1a: Celadon|68/100\n|move|p1a: Celadon|Copycat|p1a: Celadon\n|move|p1a: Celadon|Psychic Noise|p2a: Prim|[from] move: Copycat\n|-damage|p2a: Prim|64/100\n|-start|p2a: Prim|move: Heal Block\n|\n|-damage|p2a: Prim|52/100|[from] move: Whirlpool|[partiallytrapped]\n|upkeep\n|turn|6\n|\n|t:|1782436503\n|move|p2a: Prim|Moonblast|p1a: Celadon\n|-damage|p1a: Celadon|37/100\n|move|p1a: Celadon|Copycat|p1a: Celadon\n|move|p1a: Celadon|Moonblast|p2a: Prim|[from] move: Copycat\n|-damage|p2a: Prim|41/100\n|\n|-damage|p2a: Prim|29/100|[from] move: Whirlpool|[partiallytrapped]\n|-end|p2a: Prim|move: Heal Block\n|upkeep\n|turn|7\n|\n|t:|1782436513\n|move|p2a: Prim|Moonblast|p1a: Celadon\n|-damage|p1a: Celadon|6/100\n|move|p1a: Celadon|Wish|p1a: Celadon\n|\n|-damage|p2a: Prim|16/100|[from] move: Whirlpool|[partiallytrapped]\n|upkeep\n|turn|8\n|\n|t:|1782436522\n|move|p1a: Celadon|Protect|p1a: Celadon\n|-singleturn|p1a: Celadon|Protect\n|move|p2a: Prim|Moonblast|p1a: Celadon\n|-activate|p1a: Celadon|move: Protect\n|\n|-heal|p1a: Celadon|56/100|[from] move: Wish|[wisher] Celadon\n|-damage|p2a: Prim|4/100|[from] move: Whirlpool|[partiallytrapped]\n|upkeep\n|turn|9\n|\n|t:|1782436530\n|move|p2a: Prim|Moonblast|p1a: Celadon\n|-damage|p1a: Celadon|27/100\n|move|p1a: Celadon|Wish|p1a: Celadon\n|\n|-end|p2a: Prim|Whirlpool|[partiallytrapped]\n|upkeep\n|turn|10\n|\n|t:|1782436543\n|switch|p2a: ThunderNeck|Raging Bolt|100/100\n|-damage|p2a: ThunderNeck|88/100|[from] Stealth Rock\n|-enditem|p2a: ThunderNeck|Booster Energy\n|-activate|p2a: ThunderNeck|ability: Protosynthesis|[fromitem]\n|-start|p2a: ThunderNeck|protosynthesisspa\n|move|p1a: Celadon|Copycat|p1a: Celadon\n|move|p1a: Celadon|Wish||[from] move: Copycat|[still]\n|-fail|p1a: Celadon\n|\n|-heal|p1a: Celadon|77/100|[from] move: Wish|[wisher] Celadon\n|upkeep\n|turn|11\n|\n|t:|1782436557\n|switch|p1a: Diglett Cave|Dugtrio, F|100/100\n|-damage|p1a: Diglett Cave|94/100|[from] Stealth Rock\n|move|p2a: ThunderNeck|Calm Mind|p2a: ThunderNeck\n|-boost|p2a: ThunderNeck|spa|1\n|-boost|p2a: ThunderNeck|spd|1\n|\n|upkeep\n|turn|12\n|\n|t:|1782436574\n|-terastallize|p2a: ThunderNeck|Fairy\n|move|p1a: Diglett Cave|Earthquake|p2a: ThunderNeck\n|-damage|p2a: ThunderNeck|48/100\n|move|p2a: ThunderNeck|Dragon Pulse|p1a: Diglett Cave\n|-damage|p1a: Diglett Cave|0 fnt\n|faint|p1a: Diglett Cave\n|\n|upkeep\n|\n|t:|1782436594\n|switch|p1a: Hitmonlee|Hitmonlee, M|100/100\n|-damage|p1a: Hitmonlee|94/100|[from] Stealth Rock\n|turn|13\n|\n|t:|1782436600\n|move|p1a: Hitmonlee|Fake Out|p2a: ThunderNeck\n|-enditem|p1a: Hitmonlee|Normal Gem|[from] gem\n|-damage|p2a: ThunderNeck|30/100\n|cant|p2a: ThunderNeck|flinch\n|\n|upkeep\n|turn|14\n|\n|t:|1782436605\n|move|p2a: ThunderNeck|Thunderclap|p1a: Hitmonlee\n|-damage|p1a: Hitmonlee|3/100\n|move|p1a: Hitmonlee|Rapid Spin|p2a: ThunderNeck\n|-damage|p2a: ThunderNeck|13/100\n|-boost|p1a: Hitmonlee|spe|1\n|-sideend|p1: Kanto's Finest|Stealth Rock|[from] move: Rapid Spin|[of] p1a: Hitmonlee\n|\n|upkeep\n|turn|15\n|\n|t:|1782436616\n|switch|p1a: Safari Zone|Dragonite, F|100/100\n|move|p2a: ThunderNeck|Thunderbolt|p1a: Safari Zone\n|-damage|p1a: Safari Zone|48/100\n|\n|upkeep\n|turn|16\n|\n|t:|1782436625\n|-end|p2a: ThunderNeck|Protosynthesis|[silent]\n|switch|p2a: EarthDrake|Landorus-Therian, M|100/100\n|-damage|p2a: EarthDrake|88/100|[from] Stealth Rock\n|-ability|p2a: EarthDrake|Intimidate|boost\n|-unboost|p1a: Safari Zone|atk|1\n|move|p1a: Safari Zone|Encore||[still]\n|-fail|p1a: Safari Zone\n|\n|upkeep\n|turn|17\n|\n|t:|1782436638\n|move|p1a: Safari Zone|Dragon Dance|p1a: Safari Zone\n|-boost|p1a: Safari Zone|atk|1\n|-boost|p1a: Safari Zone|spe|1\n|move|p2a: EarthDrake|Taunt|p1a: Safari Zone\n|-start|p1a: Safari Zone|move: Taunt\n|\n|upkeep\n|turn|18\n|\n|t:|1782436643\n|move|p1a: Safari Zone|Scale Shot|p2a: EarthDrake\n|-damage|p2a: EarthDrake|78/100\n|-damage|p2a: EarthDrake|66/100\n|-damage|p2a: EarthDrake|55/100\n|-damage|p2a: EarthDrake|44/100\n|-hitcount|p2a: EarthDrake|4\n|-unboost|p1a: Safari Zone|def|1\n|-boost|p1a: Safari Zone|spe|1\n|move|p2a: EarthDrake|U-turn|p1a: Safari Zone\n|-resisted|p1a: Safari Zone\n|-damage|p1a: Safari Zone|32/100\n|\n|t:|1782436650\n|switch|p2a: Didi|Iron Treads|100/100|[from] U-turn\n|-damage|p2a: Didi|97/100|[from] Stealth Rock\n|-enditem|p2a: Didi|Booster Energy\n|-activate|p2a: Didi|ability: Quark Drive|[fromitem]\n|-start|p2a: Didi|quarkdrivespe\n|\n|upkeep\n|turn|19\n|\n|t:|1782436662\n|switch|p1a: Hitmonlee|Hitmonlee, M|3/100\n|move|p2a: Didi|Ice Spinner|p1a: Hitmonlee\n|-damage|p1a: Hitmonlee|0 fnt\n|faint|p1a: Hitmonlee\n|\n|upkeep\n|\n|t:|1782436669\n|switch|p1a: Weezing|Weezing, M|100/100\n|-ability|p1a: Weezing|Neutralizing Gas\n|turn|20\n|\n|t:|1782436676\n|move|p2a: Didi|Earthquake|p1a: Weezing\n|-supereffective|p1a: Weezing\n|-damage|p1a: Weezing|39/100\n|move|p1a: Weezing|Will-O-Wisp|p2a: Didi\n|-status|p2a: Didi|brn\n|\n|-damage|p2a: Didi|91/100 brn|[from] brn\n|upkeep\n|turn|21\n|\n|t:|1782436683\n|move|p2a: Didi|Rapid Spin|p1a: Weezing\n|-damage|p1a: Weezing|34/100\n|-boost|p2a: Didi|spe|1\n|-sideend|p2: vontade88|Stealth Rock|[from] move: Rapid Spin|[of] p2a: Didi\n|move|p1a: Weezing|Flamethrower|p2a: Didi\n|-supereffective|p2a: Didi\n|-damage|p2a: Didi|43/100 brn\n|\n|-damage|p2a: Didi|37/100 brn|[from] brn\n|upkeep\n|turn|22\n|\n|t:|1782436696\n|-end|p1a: Weezing|ability: Neutralizing Gas\n|switch|p1a: Celadon|Vaporeon, F|77/100\n|move|p2a: Didi|Volt Switch|p1a: Celadon\n|-supereffective|p1a: Celadon\n|-damage|p1a: Celadon|59/100\n|\n|t:|1782436700\n|-end|p2a: Didi|Quark Drive|[silent]\n|switch|p2a: ThunderNeck|Raging Bolt, tera:Fairy|13/100|[from] Volt Switch\n|\n|upkeep\n|turn|23\n|\n|t:|1782436708\n|-terastallize|p1a: Celadon|Ghost\n|move|p2a: ThunderNeck|Thunderbolt|p1a: Celadon\n|-damage|p1a: Celadon|14/100\n|move|p1a: Celadon|Wish|p1a: Celadon\n|\n|upkeep\n|turn|24\n|\n|t:|1782436717\n|move|p1a: Celadon|Protect|p1a: Celadon\n|-singleturn|p1a: Celadon|Protect\n|move|p2a: ThunderNeck|Calm Mind|p2a: ThunderNeck\n|-boost|p2a: ThunderNeck|spa|1\n|-boost|p2a: ThunderNeck|spd|1\n|\n|-heal|p1a: Celadon|63/100|[from] move: Wish|[wisher] Celadon\n|upkeep\n|turn|25\n|\n|t:|1782436732\n|move|p2a: ThunderNeck|Thunderbolt|p1a: Celadon\n|-damage|p1a: Celadon|0 fnt\n|faint|p1a: Celadon\n|\n|upkeep\n|\n|t:|1782436740\n|switch|p1a: Safari Zone|Dragonite, F|32/100\n|turn|26\n|\n|t:|1782436745\n|move|p1a: Safari Zone|Encore|p2a: ThunderNeck\n|-start|p2a: ThunderNeck|Encore\n|move|p2a: ThunderNeck|Thunderbolt|p1a: Safari Zone\n|-damage|p1a: Safari Zone|0 fnt\n|faint|p1a: Safari Zone\n|\n|upkeep\n|\n|t:|1782436750\n|switch|p1a: Clefable|Clefable, F|100/100\n|turn|27\n|\n|t:|1782436755\n|move|p2a: ThunderNeck|Thunderbolt|p1a: Clefable\n|-damage|p1a: Clefable|55/100\n|move|p1a: Clefable|Cosmic Power|p1a: Clefable\n|-boost|p1a: Clefable|def|1\n|-boost|p1a: Clefable|spd|1\n|\n|upkeep\n|turn|28\n|\n|t:|1782436764\n|-end|p2a: ThunderNeck|Protosynthesis|[silent]\n|switch|p2a: EarthDrake|Landorus-Therian, M|44/100\n|-ability|p2a: EarthDrake|Intimidate|boost\n|-unboost|p1a: Clefable|atk|1\n|move|p1a: Clefable|Moonlight|p1a: Clefable\n|-heal|p1a: Clefable|100/100\n|\n|upkeep\n|turn|29\n|\n|t:|1782436768\n|move|p2a: EarthDrake|Taunt|p1a: Clefable\n|-start|p1a: Clefable|move: Taunt\n|cant|p1a: Clefable|move: Taunt|Cosmic Power\n|\n|upkeep\n|turn|30\n|\n|t:|1782436774\n|move|p2a: EarthDrake|Earth Power|p1a: Clefable\n|-damage|p1a: Clefable|81/100\n|-unboost|p1a: Clefable|spd|1\n|move|p1a: Clefable|Fire Blast|p2a: EarthDrake\n|-damage|p2a: EarthDrake|18/100\n|\n|upkeep\n|turn|31\n|\n|t:|1782436781\n|move|p2a: EarthDrake|U-turn|p1a: Clefable\n|-resisted|p1a: Clefable\n|-damage|p1a: Clefable|76/100\n|\n|t:|1782436789\n|switch|p2a: Prim|Primarina, F|4/100|[from] U-turn\n|move|p1a: Clefable|Fire Blast|p2a: Prim\n|-resisted|p2a: Prim\n|-damage|p2a: Prim|0 fnt\n|faint|p2a: Prim\n|\n|-end|p1a: Clefable|move: Taunt\n|upkeep\n|\n|t:|1782436792\n|switch|p2a: FightingBird|Zapdos-Galar|100/100\n|turn|32\n|\n|t:|1782436801\n|move|p2a: FightingBird|Bulk Up|p2a: FightingBird\n|-boost|p2a: FightingBird|atk|1\n|-boost|p2a: FightingBird|def|1\n|move|p1a: Clefable|Cosmic Power|p1a: Clefable\n|-boost|p1a: Clefable|def|1\n|-boost|p1a: Clefable|spd|1\n|\n|upkeep\n|turn|33\n|\n|t:|1782436811\n|move|p2a: FightingBird|Thunderous Kick|p1a: Clefable\n|-resisted|p1a: Clefable\n|-damage|p1a: Clefable|65/100\n|-unboost|p1a: Clefable|def|1\n|move|p1a: Clefable|Cosmic Power|p1a: Clefable\n|-boost|p1a: Clefable|def|1\n|-boost|p1a: Clefable|spd|1\n|\n|upkeep\n|turn|34\n|\n|t:|1782436818\n|move|p2a: FightingBird|Brave Bird|p1a: Clefable\n|-damage|p1a: Clefable|38/100\n|-damage|p2a: FightingBird|89/100|[from] Recoil\n|move|p1a: Clefable|Cosmic Power|p1a: Clefable\n|-boost|p1a: Clefable|def|1\n|-boost|p1a: Clefable|spd|1\n|\n|upkeep\n|turn|35\n|\n|t:|1782436827\n|switch|p2a: EarthDrake|Landorus-Therian, M|18/100\n|-ability|p2a: EarthDrake|Intimidate|boost\n|-unboost|p1a: Clefable|atk|1\n|move|p1a: Clefable|Moonlight|p1a: Clefable\n|-heal|p1a: Clefable|88/100\n|\n|upkeep\n|turn|36\n|\n|t:|1782436829\n|move|p2a: EarthDrake|Taunt|p1a: Clefable\n|-start|p1a: Clefable|move: Taunt\n|move|p1a: Clefable|Stored Power|p2a: EarthDrake\n|-damage|p2a: EarthDrake|0 fnt\n|faint|p2a: EarthDrake\n|\n|upkeep\n|\n|t:|1782436832\n|switch|p2a: TheTrickster|Darkrai|100/100\n|turn|37\n|\n|t:|1782436835\n|move|p2a: TheTrickster|Trick|p1a: Clefable\n|-activate|p2a: TheTrickster|move: Trick|[of] p1a: Clefable\n|-item|p1a: Clefable|Choice Scarf|[from] move: Trick\n|-item|p2a: TheTrickster|Leppa Berry|[from] move: Trick\n|move|p1a: Clefable|Fire Blast|p2a: TheTrickster\n|-damage|p2a: TheTrickster|70/100\n|\n|upkeep\n|turn|38\n|\n|t:|1782436842\n|move|p2a: TheTrickster|Sludge Bomb|p1a: Clefable\n|-supereffective|p1a: Clefable\n|-crit|p1a: Clefable\n|-damage|p1a: Clefable|10/100\n|move|p1a: Clefable|Fire Blast|p2a: TheTrickster\n|-damage|p2a: TheTrickster|38/100\n|\n|-end|p1a: Clefable|move: Taunt\n|upkeep\n|turn|39\n|\n|t:|1782436852\n|switch|p1a: Weezing|Weezing, M|34/100\n|-ability|p1a: Weezing|Neutralizing Gas\n|move|p2a: TheTrickster|Sludge Bomb|p1a: Weezing\n|-resisted|p1a: Weezing\n|-damage|p1a: Weezing|11/100\n|\n|upkeep\n|turn|40\n|-enditem|p1a: Weezing|Custap Berry|[eat]\n|-activate|p1a: Weezing|item: Custap Berry|[consumed]\n|\n|t:|1782436858\n|move|p1a: Weezing|Destiny Bond|p1a: Weezing\n|-singlemove|p1a: Weezing|Destiny Bond\n|move|p2a: TheTrickster|Dark Pulse|p1a: Weezing\n|-damage|p1a: Weezing|0 fnt\n|faint|p1a: Weezing\n|-activate|p1a: Weezing|move: Destiny Bond\n|-end|p1a: Weezing|ability: Neutralizing Gas\n|faint|p2a: TheTrickster\n|\n|upkeep\n|\n|t:|1782436864\n|switch|p2a: FightingBird|Zapdos-Galar|89/100\n|switch|p1a: Clefable|Clefable, F|10/100\n|turn|41\n|\n|t:|1782436866\n|move|p2a: FightingBird|Brave Bird|p1a: Clefable\n|-damage|p1a: Clefable|0 fnt\n|faint|p1a: Clefable\n|-damage|p2a: FightingBird|86/100|[from] Recoil\n|\n|win|vontade88\n|raw|Kanto&apos;s Finest's rating: 1287 &rarr; <strong>1261</strong><br />(-26 for losing)\n|raw|vontade88's rating: 1273 &rarr; <strong>1299</strong><br />(+26 for winning)\n|l|☆Kanto's Finest\n|player|p1|\n|l|☆vontade88\n|player|p2|\n", "uploadtime": 1782437179, "views": 7, "formatid": "gen9ou", "rating": 1261, "private": 0, "password": null}