{"id": "gen9ou-2540595171", "format": "[Gen 9] OU", "players": ["dracula drip", "Niroglift"], "log": "|j|☆dracula drip\n|j|☆Niroglift\n|t:|1771223932\n|gametype|singles\n|player|p1|dracula drip|iris-gen5bw2|1494\n|player|p2|Niroglift|emmet|1580\n|gen|9\n|tier|[Gen 9] OU\n|rated|\n|rule|HP Percentage Mod: HP is shown in percentages\n|rule|Endless Battle Clause: Forcing endless battles is banned\n|rule|Species Clause: Limit one of each Pokémon\n|rule|OHKO Clause: OHKO moves are banned\n|rule|Evasion Items Clause: Evasion items are banned\n|rule|Evasion Moves Clause: Evasion moves are banned\n|rule|Evasion Abilities Clause: Evasion abilities are banned\n|rule|Sleep Moves Clause: Sleep-inducing moves are banned\n|clearpoke\n|poke|p1|Goodra-Hisui, M|\n|poke|p1|Pelipper, F|\n|poke|p1|Iron Treads|\n|poke|p1|Barraskewda, M|\n|poke|p1|Kingdra, M|\n|poke|p1|Iron Valiant|\n|poke|p2|Clodsire, F|\n|poke|p2|Gliscor, M|\n|poke|p2|Weezing-Galar, M|\n|poke|p2|Dondozo, M|\n|poke|p2|Corviknight, M|\n|poke|p2|Blissey, F|\n|teampreview\n|inactive|Battle timer is ON: inactive players will automatically lose when time's up. (requested by dracula drip)\n|\n|t:|1771223949\n|teamsize|p1|6\n|teamsize|p2|6\n|start\n|switch|p1a: Goodra|Goodra-Hisui, M|100/100\n|switch|p2a: Da Scor|Gliscor, M|100/100\n|turn|1\n|\n|t:|1771223954\n|move|p2a: Da Scor|Protect|p2a: Da Scor\n|-singleturn|p2a: Da Scor|Protect\n|move|p1a: Goodra|Knock Off|p2a: Da Scor\n|-activate|p2a: Da Scor|move: Protect\n|\n|-status|p2a: Da Scor|tox|[from] item: Toxic Orb\n|upkeep\n|turn|2\n|\n|t:|1771223957\n|switch|p1a: Pelipper|Pelipper, F|100/100\n|-weather|RainDance|[from] ability: Drizzle|[of] p1a: Pelipper\n|move|p2a: Da Scor|Knock Off|p1a: Pelipper\n|-damage|p1a: Pelipper|84/100\n|-enditem|p1a: Pelipper|Damp Rock|[from] move: Knock Off|[of] p2a: Da Scor\n|\n|-weather|RainDance|[upkeep]\n|upkeep\n|turn|3\n|\n|t:|1771223964\n|move|p2a: Da Scor|Toxic|p1a: Pelipper\n|-status|p1a: Pelipper|tox\n|move|p1a: Pelipper|Surf|p2a: Da Scor\n|-supereffective|p2a: Da Scor\n|-damage|p2a: Da Scor|28/100 tox\n|\n|-weather|RainDance|[upkeep]\n|-heal|p2a: Da Scor|41/100 tox|[from] ability: Poison Heal\n|-damage|p1a: Pelipper|78/100 tox|[from] psn\n|upkeep\n|turn|4\n|\n|t:|1771223969\n|switch|p1a: Barraskewda|Barraskewda, M|100/100\n|move|p2a: Da Scor|Protect||[still]\n|-fail|p2a: Da Scor\n|\n|-weather|RainDance|[upkeep]\n|-heal|p2a: Da Scor|53/100 tox|[from] ability: Poison Heal\n|upkeep\n|turn|5\n|\n|t:|1771223973\n|switch|p2a: Dondozo|Dondozo, M|100/100\n|move|p1a: Barraskewda|Flip Turn|p2a: Dondozo\n|-resisted|p2a: Dondozo\n|-damage|p2a: Dondozo|83/100\n|\n|t:|1771223977\n|switch|p1a: Kingdra|Kingdra, M|100/100|[from] Flip Turn\n|\n|-weather|RainDance|[upkeep]\n|-heal|p2a: Dondozo|89/100|[from] item: Leftovers\n|upkeep\n|turn|6\n|\n|t:|1771223982\n|switch|p2a: Blissey|Blissey, F|100/100\n|move|p1a: Kingdra|Draco Meteor|p2a: Blissey\n|-damage|p2a: Blissey|78/100\n|-unboost|p1a: Kingdra|spa|2\n|\n|-weather|RainDance|[upkeep]\n|-heal|p2a: Blissey|84/100|[from] item: Leftovers\n|upkeep\n|turn|7\n|\n|t:|1771223985\n|switch|p1a: Iron Treads|Iron Treads|100/100\n|-enditem|p1a: Iron Treads|Booster Energy\n|-activate|p1a: Iron Treads|ability: Quark Drive|[fromitem]\n|-start|p1a: Iron Treads|quarkdrivespe\n|move|p2a: Blissey|Stealth Rock|p1a: Iron Treads\n|-sidestart|p1: dracula drip|move: Stealth Rock\n|\n|-weather|RainDance|[upkeep]\n|-heal|p2a: Blissey|90/100|[from] item: Leftovers\n|upkeep\n|turn|8\n|\n|t:|1771223989\n|switch|p2a: Da Scor|Gliscor, M|53/100 tox\n|move|p1a: Iron Treads|Stealth Rock|p2a: Da Scor\n|-sidestart|p2: Niroglift|move: Stealth Rock\n|\n|-weather|RainDance|[upkeep]\n|-heal|p2a: Da Scor|66/100 tox|[from] ability: Poison Heal\n|upkeep\n|turn|9\n|\n|t:|1771223992\n|move|p2a: Da Scor|Protect|p2a: Da Scor\n|-singleturn|p2a: Da Scor|Protect\n|move|p1a: Iron Treads|Rapid Spin|p2a: Da Scor\n|-activate|p2a: Da Scor|move: Protect\n|\n|-weather|none\n|-heal|p2a: Da Scor|78/100 tox|[from] ability: Poison Heal\n|upkeep\n|turn|10\n|\n|t:|1771223996\n|switch|p2a: Corviknight|Corviknight, M, shiny|100/100\n|-damage|p2a: Corviknight|88/100|[from] Stealth Rock\n|-ability|p2a: Corviknight|Pressure\n|move|p1a: Iron Treads|Rapid Spin|p2a: Corviknight\n|-resisted|p2a: Corviknight\n|-damage|p2a: Corviknight|84/100\n|-boost|p1a: Iron Treads|spe|1\n|-sideend|p1: dracula drip|Stealth Rock|[from] move: Rapid Spin|[of] p1a: Iron Treads\n|\n|-heal|p2a: Corviknight|91/100|[from] item: Leftovers\n|upkeep\n|turn|11\n|\n|t:|1771224000\n|-end|p1a: Iron Treads|Quark Drive|[silent]\n|switch|p1a: Goodra|Goodra-Hisui, M|100/100\n|move|p2a: Corviknight|Defog|p1a: Goodra\n|-unboost|p1a: Goodra|evasion|1\n|-sideend|p2: Niroglift|Stealth Rock|[from] move: Defog|[of] p2a: Corviknight\n|\n|-heal|p2a: Corviknight|97/100|[from] item: Leftovers\n|upkeep\n|turn|12\n|\n|t:|1771224004\n|switch|p2a: Blissey|Blissey, F|90/100\n|move|p1a: Goodra|Draco Meteor|p2a: Blissey\n|-damage|p2a: Blissey|76/100\n|-unboost|p1a: Goodra|spa|2\n|\n|-heal|p2a: Blissey|82/100|[from] item: Leftovers\n|upkeep\n|turn|13\n|\n|t:|1771224006\n|switch|p2a: Da Scor|Gliscor, M|78/100 tox\n|move|p1a: Goodra|Knock Off|p2a: Da Scor\n|-damage|p2a: Da Scor|60/100 tox\n|-enditem|p2a: Da Scor|Toxic Orb|[from] move: Knock Off|[of] p1a: Goodra\n|\n|-heal|p2a: Da Scor|72/100 tox|[from] ability: Poison Heal\n|upkeep\n|turn|14\n|\n|t:|1771224010\n|switch|p1a: Iron Treads|Iron Treads|100/100\n|move|p2a: Da Scor|Spikes|p1a: Iron Treads\n|-sidestart|p1: dracula drip|Spikes\n|\n|-heal|p2a: Da Scor|85/100 tox|[from] ability: Poison Heal\n|upkeep\n|turn|15\n|\n|t:|1771224014\n|switch|p2a: Corviknight|Corviknight, M, shiny|97/100\n|-ability|p2a: Corviknight|Pressure\n|move|p1a: Iron Treads|Stealth Rock|p2a: Corviknight\n|-sidestart|p2: Niroglift|move: Stealth Rock\n|\n|-heal|p2a: Corviknight|100/100|[from] item: Leftovers\n|upkeep\n|turn|16\n|\n|t:|1771224016\n|move|p1a: Iron Treads|Rapid Spin|p2a: Corviknight\n|-resisted|p2a: Corviknight\n|-damage|p2a: Corviknight|97/100\n|-boost|p1a: Iron Treads|spe|1\n|-sideend|p1: dracula drip|Spikes|[from] move: Rapid Spin|[of] p1a: Iron Treads\n|move|p2a: Corviknight|Body Press|p1a: Iron Treads\n|-supereffective|p1a: Iron Treads\n|-damage|p1a: Iron Treads|58/100\n|\n|-heal|p2a: Corviknight|100/100|[from] item: Leftovers\n|upkeep\n|turn|17\n|\n|t:|1771224021\n|-end|p1a: Iron Treads|Quark Drive|[silent]\n|switch|p1a: Goodra|Goodra-Hisui, M|100/100\n|move|p2a: Corviknight|Defog|p1a: Goodra\n|-unboost|p1a: Goodra|evasion|1\n|-sideend|p2: Niroglift|Stealth Rock|[from] move: Defog|[of] p2a: Corviknight\n|\n|upkeep\n|turn|18\n|\n|t:|1771224024\n|switch|p2a: Da Scor|Gliscor, M|85/100 tox\n|move|p1a: Goodra|Knock Off|p2a: Da Scor\n|-damage|p2a: Da Scor|72/100 tox\n|\n|-heal|p2a: Da Scor|84/100 tox|[from] ability: Poison Heal\n|upkeep\n|turn|19\n|\n|t:|1771224031\n|switch|p2a: Corviknight|Corviknight, M, shiny|100/100\n|-ability|p2a: Corviknight|Pressure\n|move|p1a: Goodra|Flash Cannon|p2a: Corviknight\n|-resisted|p2a: Corviknight\n|-damage|p2a: Corviknight|87/100\n|\n|-heal|p2a: Corviknight|93/100|[from] item: Leftovers\n|upkeep\n|turn|20\n|\n|t:|1771224033\n|switch|p2a: Da Scor|Gliscor, M|84/100 tox\n|move|p1a: Goodra|Knock Off|p2a: Da Scor\n|-damage|p2a: Da Scor|72/100 tox\n|\n|-heal|p2a: Da Scor|84/100 tox|[from] ability: Poison Heal\n|upkeep\n|turn|21\n|\n|t:|1771224036\n|move|p2a: Da Scor|Protect|p2a: Da Scor\n|-singleturn|p2a: Da Scor|Protect\n|move|p1a: Goodra|Flash Cannon|p2a: Da Scor\n|-activate|p2a: Da Scor|move: Protect\n|\n|-heal|p2a: Da Scor|97/100 tox|[from] ability: Poison Heal\n|upkeep\n|turn|22\n|\n|t:|1771224039\n|move|p2a: Da Scor|Spikes|p1a: Goodra\n|-sidestart|p1: dracula drip|Spikes\n|move|p1a: Goodra|Knock Off|p2a: Da Scor\n|-damage|p2a: Da Scor|84/100 tox\n|\n|-heal|p2a: Da Scor|97/100 tox|[from] ability: Poison Heal\n|upkeep\n|turn|23\n|\n|t:|1771224043\n|switch|p1a: Iron Treads|Iron Treads|58/100\n|-damage|p1a: Iron Treads|46/100|[from] Spikes\n|move|p2a: Da Scor|Spikes|p1a: Iron Treads\n|-sidestart|p1: dracula drip|Spikes\n|\n|-heal|p2a: Da Scor|100/100 tox|[from] ability: Poison Heal\n|upkeep\n|turn|24\n|\n|t:|1771224046\n|move|p1a: Iron Treads|Stealth Rock|p2a: Da Scor\n|-sidestart|p2: Niroglift|move: Stealth Rock\n|move|p2a: Da Scor|Knock Off|p1a: Iron Treads\n|-damage|p1a: Iron Treads|35/100\n|\n|upkeep\n|turn|25\n|\n|t:|1771224048\n|switch|p2a: Corviknight|Corviknight, M, shiny|93/100\n|-damage|p2a: Corviknight|81/100|[from] Stealth Rock\n|-ability|p2a: Corviknight|Pressure\n|move|p1a: Iron Treads|Rapid Spin|p2a: Corviknight\n|-resisted|p2a: Corviknight\n|-damage|p2a: Corviknight|77/100\n|-boost|p1a: Iron Treads|spe|1\n|-sideend|p1: dracula drip|Spikes|[from] move: Rapid Spin|[of] p1a: Iron Treads\n|\n|-heal|p2a: Corviknight|83/100|[from] item: Leftovers\n|upkeep\n|turn|26\n|\n|t:|1771224052\n|-end|p1a: Iron Treads|Quark Drive|[silent]\n|switch|p1a: Pelipper|Pelipper, F|78/100 tox\n|-weather|RainDance|[from] ability: Drizzle|[of] p1a: Pelipper\n|move|p2a: Corviknight|Defog|p1a: Pelipper\n|-unboost|p1a: Pelipper|evasion|1\n|-sideend|p2: Niroglift|Stealth Rock|[from] move: Defog|[of] p2a: Corviknight\n|\n|-weather|RainDance|[upkeep]\n|-heal|p2a: Corviknight|89/100|[from] item: Leftovers\n|-damage|p1a: Pelipper|72/100 tox|[from] psn\n|upkeep\n|turn|27\n|\n|t:|1771224056\n|switch|p2a: Blissey|Blissey, F|82/100\n|move|p1a: Pelipper|U-turn|p2a: Blissey\n|-damage|p2a: Blissey|65/100\n|\n|t:|1771224058\n|switch|p1a: Barraskewda|Barraskewda, M|100/100|[from] U-turn\n|\n|-weather|RainDance|[upkeep]\n|-heal|p2a: Blissey|71/100|[from] item: Leftovers\n|upkeep\n|turn|28\n|\n|t:|1771224066\n|-terastallize|p1a: Barraskewda|Water\n|move|p2a: Blissey|Protect|p2a: Blissey\n|-singleturn|p2a: Blissey|Protect\n|move|p1a: Barraskewda|Flip Turn|p2a: Blissey\n|-activate|p2a: Blissey|move: Protect\n|\n|-weather|RainDance|[upkeep]\n|-heal|p2a: Blissey|77/100|[from] item: Leftovers\n|upkeep\n|turn|29\n|\n|t:|1771224072\n|switch|p2a: Dondozo|Dondozo, M|89/100\n|move|p1a: Barraskewda|Flip Turn|p2a: Dondozo\n|-resisted|p2a: Dondozo\n|-damage|p2a: Dondozo|67/100\n|\n|t:|1771224075\n|switch|p1a: Kingdra|Kingdra, M|100/100|[from] Flip Turn\n|\n|-weather|RainDance|[upkeep]\n|-heal|p2a: Dondozo|73/100|[from] item: Leftovers\n|upkeep\n|turn|30\n|\n|t:|1771224079\n|switch|p1a: Barraskewda|Barraskewda, M, tera:Water|100/100\n|switch|p2a: Blissey|Blissey, F|77/100\n|\n|-weather|none\n|-heal|p2a: Blissey|83/100|[from] item: Leftovers\n|upkeep\n|turn|31\n|\n|t:|1771224081\n|move|p2a: Blissey|Protect|p2a: Blissey\n|-singleturn|p2a: Blissey|Protect\n|move|p1a: Barraskewda|Flip Turn|p2a: Blissey\n|-activate|p2a: Blissey|move: Protect\n|\n|-heal|p2a: Blissey|89/100|[from] item: Leftovers\n|upkeep\n|turn|32\n|\n|t:|1771224085\n|switch|p2a: Dondozo|Dondozo, M|73/100\n|move|p1a: Barraskewda|Flip Turn|p2a: Dondozo\n|-resisted|p2a: Dondozo\n|-crit|p2a: Dondozo\n|-damage|p2a: Dondozo|50/100\n|\n|t:|1771224088\n|switch|p1a: Iron Valiant|Iron Valiant|100/100|[from] Flip Turn\n|-enditem|p1a: Iron Valiant|Booster Energy\n|-activate|p1a: Iron Valiant|ability: Quark Drive|[fromitem]\n|-start|p1a: Iron Valiant|quarkdrivespe\n|\n|-heal|p2a: Dondozo|56/100|[from] item: Leftovers\n|upkeep\n|turn|33\n|\n|t:|1771224090\n|switch|p2a: Weezing|Weezing-Galar, M|100/100\n|-ability|p2a: Weezing|Neutralizing Gas\n|move|p1a: Iron Valiant|Knock Off|p2a: Weezing\n|-resisted|p2a: Weezing\n|-damage|p2a: Weezing|89/100\n|-enditem|p2a: Weezing|Heavy-Duty Boots|[from] move: Knock Off|[of] p1a: Iron Valiant\n|\n|upkeep\n|turn|34\n|\n|t:|1771224095\n|-end|p1a: Iron Valiant|Quark Drive|[silent]\n|switch|p1a: Goodra|Goodra-Hisui, M|100/100\n|-end|p2a: Weezing|ability: Neutralizing Gas\n|switch|p2a: Dondozo|Dondozo, M|56/100\n|\n|-heal|p2a: Dondozo|62/100|[from] item: Leftovers\n|upkeep\n|turn|35\n|\n|t:|1771224098\n|switch|p2a: Da Scor|Gliscor, M|100/100 tox\n|move|p1a: Goodra|Knock Off|p2a: Da Scor\n|-damage|p2a: Da Scor|89/100 tox\n|\n|-heal|p2a: Da Scor|100/100 tox|[from] ability: Poison Heal\n|upkeep\n|turn|36\n|\n|t:|1771224101\n|switch|p1a: Pelipper|Pelipper, F|72/100 tox\n|-weather|RainDance|[from] ability: Drizzle|[of] p1a: Pelipper\n|move|p2a: Da Scor|Spikes|p1a: Pelipper\n|-sidestart|p1: dracula drip|Spikes\n|\n|-weather|RainDance|[upkeep]\n|-damage|p1a: Pelipper|66/100 tox|[from] psn\n|upkeep\n|turn|37\n|\n|t:|1771224105\n|move|p2a: Da Scor|Spikes|p1a: Pelipper\n|-sidestart|p1: dracula drip|Spikes\n|move|p1a: Pelipper|U-turn|p2a: Da Scor\n|-resisted|p2a: Da Scor\n|-damage|p2a: Da Scor|97/100 tox\n|\n|t:|1771224107\n|switch|p1a: Barraskewda|Barraskewda, M, tera:Water|100/100|[from] U-turn\n|-damage|p1a: Barraskewda|84/100|[from] Spikes\n|\n|-weather|RainDance|[upkeep]\n|-heal|p2a: Da Scor|100/100 tox|[from] ability: Poison Heal\n|upkeep\n|turn|38\n|\n|t:|1771224111\n|move|p2a: Da Scor|Protect|p2a: Da Scor\n|-singleturn|p2a: Da Scor|Protect\n|move|p1a: Barraskewda|Liquidation|p2a: Da Scor\n|-activate|p2a: Da Scor|move: Protect\n|\n|-weather|RainDance|[upkeep]\n|upkeep\n|turn|39\n|\n|t:|1771224114\n|switch|p2a: Dondozo|Dondozo, M|62/100\n|move|p1a: Barraskewda|Liquidation|p2a: Dondozo\n|-resisted|p2a: Dondozo\n|-damage|p2a: Dondozo|29/100\n|-unboost|p2a: Dondozo|def|1\n|\n|-weather|RainDance|[upkeep]\n|-heal|p2a: Dondozo|35/100|[from] item: Leftovers\n|upkeep\n|turn|40\n|\n|t:|1771224119\n|switch|p2a: Corviknight|Corviknight, M, shiny|89/100\n|-ability|p2a: Corviknight|Pressure\n|move|p1a: Barraskewda|Liquidation|p2a: Corviknight\n|-damage|p2a: Corviknight|8/100\n|-unboost|p2a: Corviknight|def|1\n|\n|-weather|none\n|-heal|p2a: Corviknight|15/100|[from] item: Leftovers\n|upkeep\n|turn|41\n|\n|t:|1771224122\n|switch|p2a: Dondozo|Dondozo, M|35/100\n|move|p1a: Barraskewda|Liquidation|p2a: Dondozo\n|-resisted|p2a: Dondozo\n|-damage|p2a: Dondozo|14/100\n|\n|-heal|p2a: Dondozo|20/100|[from] item: Leftovers\n|upkeep\n|turn|42\n|\n|t:|1771224127\n|move|p1a: Barraskewda|Liquidation|p2a: Dondozo\n|-resisted|p2a: Dondozo\n|-crit|p2a: Dondozo\n|-damage|p2a: Dondozo|0 fnt\n|faint|p2a: Dondozo\n|\n|upkeep\n|-message|Niroglift forfeited.\n|\n|win|dracula drip\n|raw|dracula drip's rating: 1494 &rarr; <strong>1519</strong><br />(+25 for winning)\n|raw|Niroglift's rating: 1580 &rarr; <strong>1555</strong><br />(-25 for losing)\n|l|☆Niroglift\n|player|p2|\n|l|☆dracula drip\n|player|p1|\n", "uploadtime": 1771224339, "views": 5, "formatid": "gen9ou", "rating": 1519, "private": 0, "password": null}