{"id": "gen9ou-2540869424", "format": "[Gen 9] OU", "players": ["Shockmoth", "aver_stall_enjoyer"], "log": "|badge|p1|bronze|gen9ou|100-8\n|uhtml|medal-msg|<div class=\"broadcast-blue\">Curious what those medals under the avatar are? PS now has Ladder Seasons! For more information, check out the <a href=\"https://www.smogon.com/forums/threads/3740067/\">thread on Smogon.</a></div>\n|badge|p2|bronze|gen9ru|100-8\n|uhtml|medal-msg|<div class=\"broadcast-blue\">Curious what those medals under the avatar are? PS now has Ladder Seasons! For more information, check out the <a href=\"https://www.smogon.com/forums/threads/3740067/\">thread on Smogon.</a></div>\n|j|☆Shockmoth\n|j|☆aver_stall_enjoyer\n|t:|1771262342\n|gametype|singles\n|player|p1|Shockmoth|wattson|1849\n|player|p2|aver_stall_enjoyer|2|1799\n|gen|9\n|tier|[Gen 9] OU\n|rated|\n|rule|HP Percentage Mod: HP is shown in percentages\n|rule|Endless Battle Clause: Forcing endless battles is banned\n|rule|Species Clause: Limit one of each Pokémon\n|rule|OHKO Clause: OHKO moves are banned\n|rule|Evasion Items Clause: Evasion items are banned\n|rule|Evasion Moves Clause: Evasion moves are banned\n|rule|Evasion Abilities Clause: Evasion abilities are banned\n|rule|Sleep Moves Clause: Sleep-inducing moves are banned\n|clearpoke\n|poke|p1|Frosmoth, F|\n|poke|p1|Pincurchin, M|\n|poke|p1|Raichu-Alola, M|\n|poke|p1|Iron Hands|\n|poke|p1|Rotom-Wash|\n|poke|p1|Pawmot, F|\n|poke|p2|Dondozo, F|\n|poke|p2|Blissey, F|\n|poke|p2|Corviknight, M|\n|poke|p2|Gliscor, M|\n|poke|p2|Kingambit, M|\n|poke|p2|Garganacl, M|\n|teampreview\n|inactive|Battle timer is ON: inactive players will automatically lose when time's up. (requested by Shockmoth)\n|c|☆Shockmoth|Gambit stall is crazy\n|\n|t:|1771262365\n|teamsize|p1|6\n|teamsize|p2|6\n|start\n|switch|p1a: OH YEAH!!! YEAH!!|Pincurchin, M|100/100\n|switch|p2a: Garganacl|Garganacl, M|100/100\n|-fieldstart|move: Electric Terrain|[from] ability: Electric Surge|[of] p1a: OH YEAH!!! YEAH!!\n|turn|1\n|\n|t:|1771262378\n|move|p2a: Garganacl|Stealth Rock|p1a: OH YEAH!!! YEAH!!\n|-sidestart|p1: Shockmoth|move: Stealth Rock\n|move|p1a: OH YEAH!!! YEAH!!|Supercell Slam|p2a: Garganacl\n|-damage|p2a: Garganacl|61/100\n|\n|-heal|p2a: Garganacl|67/100|[from] item: Leftovers\n|upkeep\n|turn|2\n|\n|t:|1771262384\n|switch|p1a: Iron Deficiency|Iron Hands|100/100\n|-damage|p1a: Iron Deficiency|94/100|[from] Stealth Rock\n|-activate|p1a: Iron Deficiency|ability: Quark Drive\n|-start|p1a: Iron Deficiency|quarkdriveatk\n|move|p2a: Garganacl|Salt Cure|p1a: Iron Deficiency\n|-resisted|p1a: Iron Deficiency\n|-damage|p1a: Iron Deficiency|90/100\n|-start|p1a: Iron Deficiency|Salt Cure\n|\n|-heal|p2a: Garganacl|74/100|[from] item: Leftovers\n|-damage|p1a: Iron Deficiency|78/100|[from] Salt Cure\n|upkeep\n|turn|3\n|\n|t:|1771262388\n|move|p1a: Iron Deficiency|Swords Dance|p1a: Iron Deficiency\n|-boost|p1a: Iron Deficiency|atk|2\n|move|p2a: Garganacl|Recover|p2a: Garganacl\n|-heal|p2a: Garganacl|100/100\n|\n|-damage|p1a: Iron Deficiency|66/100|[from] Salt Cure\n|upkeep\n|turn|4\n|\n|t:|1771262392\n|move|p2a: Garganacl|Protect|p2a: Garganacl\n|-singleturn|p2a: Garganacl|Protect\n|move|p1a: Iron Deficiency|Ice Punch|p2a: Garganacl\n|-activate|p2a: Garganacl|move: Protect\n|\n|-damage|p1a: Iron Deficiency|53/100|[from] Salt Cure\n|upkeep\n|turn|5\n|-activate|p1a: Iron Deficiency|item: Quick Claw\n|\n|t:|1771262400\n|switch|p2a: Dondozo|Dondozo, F|100/100\n|move|p1a: Iron Deficiency|Ice Punch|p2a: Dondozo\n|-resisted|p2a: Dondozo\n|-damage|p2a: Dondozo|91/100\n|\n|-damage|p1a: Iron Deficiency|41/100|[from] Salt Cure\n|upkeep\n|turn|6\n|\n|t:|1771262406\n|switch|p2a: Gliscor|Gliscor, M|100/100\n|move|p1a: Iron Deficiency|Ice Punch|p2a: Gliscor\n|-supereffective|p2a: Gliscor\n|-damage|p2a: Gliscor|0 fnt\n|faint|p2a: Gliscor\n|\n|-damage|p1a: Iron Deficiency|29/100|[from] Salt Cure\n|upkeep\n|\n|t:|1771262408\n|switch|p2a: Kingambit|Kingambit, M|100/100\n|-activate|p2a: Kingambit|ability: Supreme Overlord\n|-start|p2a: Kingambit|fallen1|[silent]\n|turn|7\n|\n|t:|1771262416\n|-end|p2a: Kingambit|fallen1|[silent]\n|switch|p2a: Dondozo|Dondozo, F|91/100\n|move|p1a: Iron Deficiency|Supercell Slam|p2a: Dondozo\n|-supereffective|p2a: Dondozo\n|-damage|p2a: Dondozo|3/100\n|\n|-damage|p1a: Iron Deficiency|16/100|[from] Salt Cure\n|upkeep\n|turn|8\n|\n|t:|1771262423\n|move|p1a: Iron Deficiency|Drain Punch|p2a: Dondozo\n|-damage|p2a: Dondozo|0 fnt\n|-heal|p1a: Iron Deficiency|17/100|[from] drain|[of] p2a: Dondozo\n|faint|p2a: Dondozo\n|\n|-damage|p1a: Iron Deficiency|5/100|[from] Salt Cure\n|-fieldend|move: Electric Terrain\n|-end|p1a: Iron Deficiency|Quark Drive\n|upkeep\n|\n|t:|1771262426\n|switch|p2a: Garganacl|Garganacl, M|100/100\n|turn|9\n|\n|t:|1771262427\n|move|p2a: Garganacl|Protect|p2a: Garganacl\n|-singleturn|p2a: Garganacl|Protect\n|move|p1a: Iron Deficiency|Drain Punch|p2a: Garganacl\n|-activate|p2a: Garganacl|move: Protect\n|\n|-damage|p1a: Iron Deficiency|0 fnt|[from] Salt Cure\n|faint|p1a: Iron Deficiency\n|-end|p1a: Iron Deficiency|Quark Drive|[silent]\n|upkeep\n|\n|t:|1771262429\n|switch|p1a: Evanescence|Pawmot, F|100/100\n|-damage|p1a: Evanescence|94/100|[from] Stealth Rock\n|turn|10\n|\n|t:|1771262431\n|move|p1a: Evanescence|Encore|p2a: Garganacl\n|-start|p2a: Garganacl|Encore\n|move|p2a: Garganacl|Protect||[still]\n|-fail|p2a: Garganacl\n|\n|upkeep\n|turn|11\n|\n|t:|1771262433\n|switch|p2a: Kingambit|Kingambit, M|100/100\n|-activate|p2a: Kingambit|ability: Supreme Overlord\n|-start|p2a: Kingambit|fallen2|[silent]\n|move|p1a: Evanescence|Nuzzle|p2a: Kingambit\n|-damage|p2a: Kingambit|93/100\n|-status|p2a: Kingambit|par\n|\n|-heal|p2a: Kingambit|99/100 par|[from] item: Leftovers\n|upkeep\n|turn|12\n|\n|t:|1771262437\n|-end|p2a: Kingambit|fallen2|[silent]\n|switch|p2a: Garganacl|Garganacl, M|100/100\n|move|p1a: Evanescence|Revival Blessing|p1a: Evanescence\n|-enditem|p1a: Evanescence|Leppa Berry|[eat]\n|-activate|p1a: Evanescence|item: Leppa Berry|Revival Blessing|[consumed]\n|\n|t:|1771262439\n|-heal|p1: Iron Deficiency|50/100|[from] move: Revival Blessing\n|\n|upkeep\n|turn|13\n|\n|t:|1771262442\n|switch|p1a: OH YEAH!!! YEAH!!|Pincurchin, M|100/100\n|-damage|p1a: OH YEAH!!! YEAH!!|88/100|[from] Stealth Rock\n|-fieldstart|move: Electric Terrain|[from] ability: Electric Surge|[of] p1a: OH YEAH!!! YEAH!!\n|move|p2a: Garganacl|Salt Cure|p1a: OH YEAH!!! YEAH!!\n|-damage|p1a: OH YEAH!!! YEAH!!|70/100\n|-start|p1a: OH YEAH!!! YEAH!!|Salt Cure\n|\n|-damage|p1a: OH YEAH!!! YEAH!!|58/100|[from] Salt Cure\n|upkeep\n|turn|14\n|\n|t:|1771262447\n|move|p2a: Garganacl|Salt Cure|p1a: OH YEAH!!! YEAH!!\n|-damage|p1a: OH YEAH!!! YEAH!!|41/100\n|move|p1a: OH YEAH!!! YEAH!!|Supercell Slam|p2a: Garganacl\n|-damage|p2a: Garganacl|63/100\n|\n|-heal|p2a: Garganacl|70/100|[from] item: Leftovers\n|-damage|p1a: OH YEAH!!! YEAH!!|29/100|[from] Salt Cure\n|upkeep\n|turn|15\n|\n|t:|1771262452\n|move|p2a: Garganacl|Salt Cure|p1a: OH YEAH!!! YEAH!!\n|-damage|p1a: OH YEAH!!! YEAH!!|13/100\n|move|p1a: OH YEAH!!! YEAH!!|Supercell Slam|p2a: Garganacl\n|-damage|p2a: Garganacl|29/100\n|\n|-heal|p2a: Garganacl|35/100|[from] item: Leftovers\n|-damage|p1a: OH YEAH!!! YEAH!!|0 fnt|[from] Salt Cure\n|faint|p1a: OH YEAH!!! YEAH!!\n|upkeep\n|\n|t:|1771262457\n|switch|p1a: Iron Deficiency|Iron Hands|50/100\n|-damage|p1a: Iron Deficiency|44/100|[from] Stealth Rock\n|-activate|p1a: Iron Deficiency|ability: Quark Drive\n|-start|p1a: Iron Deficiency|quarkdriveatk\n|turn|16\n|\n|t:|1771262464\n|-terastallize|p2a: Garganacl|Fairy\n|move|p1a: Iron Deficiency|Drain Punch|p2a: Garganacl\n|-resisted|p2a: Garganacl\n|-damage|p2a: Garganacl|17/100\n|-heal|p1a: Iron Deficiency|52/100|[from] drain|[of] p2a: Garganacl\n|move|p2a: Garganacl|Salt Cure|p1a: Iron Deficiency\n|-resisted|p1a: Iron Deficiency\n|-damage|p1a: Iron Deficiency|49/100\n|-start|p1a: Iron Deficiency|Salt Cure\n|\n|-heal|p2a: Garganacl|23/100|[from] item: Leftovers\n|-damage|p1a: Iron Deficiency|36/100|[from] Salt Cure\n|upkeep\n|turn|17\n|-activate|p1a: Iron Deficiency|item: Quick Claw\n|\n|t:|1771262471\n|move|p1a: Iron Deficiency|Swords Dance|p1a: Iron Deficiency\n|-boost|p1a: Iron Deficiency|atk|2\n|move|p2a: Garganacl|Recover|p2a: Garganacl\n|-heal|p2a: Garganacl|73/100\n|\n|-heal|p2a: Garganacl|79/100|[from] item: Leftovers\n|-damage|p1a: Iron Deficiency|24/100|[from] Salt Cure\n|upkeep\n|turn|18\n|\n|t:|1771262474\n|move|p2a: Garganacl|Protect|p2a: Garganacl\n|-singleturn|p2a: Garganacl|Protect\n|move|p1a: Iron Deficiency|Drain Punch|p2a: Garganacl\n|-activate|p2a: Garganacl|move: Protect\n|\n|-heal|p2a: Garganacl|86/100|[from] item: Leftovers\n|-damage|p1a: Iron Deficiency|11/100|[from] Salt Cure\n|upkeep\n|turn|19\n|j| nonchalantbufalant\n|\n|t:|1771262482\n|switch|p2a: Kingambit|Kingambit, M|99/100 par\n|-activate|p2a: Kingambit|ability: Supreme Overlord\n|-start|p2a: Kingambit|fallen2|[silent]\n|move|p1a: Iron Deficiency|Supercell Slam|p2a: Kingambit\n|-damage|p2a: Kingambit|0 fnt\n|faint|p2a: Kingambit\n|-end|p2a: Kingambit|fallen2|[silent]\n|\n|-damage|p1a: Iron Deficiency|0 fnt|[from] Salt Cure\n|faint|p1a: Iron Deficiency\n|-end|p1a: Iron Deficiency|Quark Drive|[silent]\n|upkeep\n|\n|t:|1771262487\n|switch|p2a: Garganacl|Garganacl, M, tera:Fairy|86/100\n|switch|p1a: Evanescence|Pawmot, F|94/100\n|-damage|p1a: Evanescence|88/100|[from] Stealth Rock\n|turn|20\n|\n|t:|1771262497\n|move|p1a: Evanescence|Revival Blessing|p1a: Evanescence\n|\n|t:|1771262498\n|-heal|p1: Iron Deficiency|50/100|[from] move: Revival Blessing\n|move|p2a: Garganacl|Salt Cure|p1a: Evanescence\n|-resisted|p1a: Evanescence\n|-damage|p1a: Evanescence|81/100\n|-start|p1a: Evanescence|Salt Cure\n|\n|-heal|p2a: Garganacl|92/100|[from] item: Leftovers\n|-damage|p1a: Evanescence|68/100|[from] Salt Cure\n|-fieldend|move: Electric Terrain\n|upkeep\n|turn|21\n|c| nonchalantbufalant|Average stall enjoyer gigachad\n|\n|t:|1771262502\n|switch|p1a: Surf's Up (2007)|Raichu-Alola, M|100/100\n|-damage|p1a: Surf's Up (2007)|88/100|[from] Stealth Rock\n|move|p2a: Garganacl|Salt Cure|p1a: Surf's Up (2007)\n|-damage|p1a: Surf's Up (2007)|58/100\n|-start|p1a: Surf's Up (2007)|Salt Cure\n|\n|-heal|p2a: Garganacl|98/100|[from] item: Leftovers\n|-damage|p1a: Surf's Up (2007)|46/100|[from] Salt Cure\n|upkeep\n|turn|22\n|\n|t:|1771262505\n|switch|p1a: Evanescence|Pawmot, F|68/100\n|-damage|p1a: Evanescence|62/100|[from] Stealth Rock\n|move|p2a: Garganacl|Salt Cure|p1a: Evanescence\n|-resisted|p1a: Evanescence\n|-damage|p1a: Evanescence|54/100\n|-start|p1a: Evanescence|Salt Cure\n|\n|-heal|p2a: Garganacl|100/100|[from] item: Leftovers\n|-damage|p1a: Evanescence|42/100|[from] Salt Cure\n|upkeep\n|turn|23\n|\n|t:|1771262508\n|move|p1a: Evanescence|Encore|p2a: Garganacl\n|-start|p2a: Garganacl|Encore\n|move|p2a: Garganacl|Salt Cure|p1a: Evanescence\n|-resisted|p1a: Evanescence\n|-damage|p1a: Evanescence|34/100\n|\n|-damage|p1a: Evanescence|21/100|[from] Salt Cure\n|upkeep\n|turn|24\n|\n|t:|1771262512\n|move|p1a: Evanescence|Nuzzle|p2a: Garganacl\n|-damage|p2a: Garganacl|95/100\n|move|p2a: Garganacl|Salt Cure|p1a: Evanescence\n|-resisted|p1a: Evanescence\n|-damage|p1a: Evanescence|13/100\n|\n|-heal|p2a: Garganacl|100/100|[from] item: Leftovers\n|-damage|p1a: Evanescence|1/100|[from] Salt Cure\n|upkeep\n|turn|25\n|\n|t:|1771262514\n|move|p1a: Evanescence|Nuzzle|p2a: Garganacl\n|-damage|p2a: Garganacl|95/100\n|move|p2a: Garganacl|Salt Cure|p1a: Evanescence\n|-resisted|p1a: Evanescence\n|-damage|p1a: Evanescence|0 fnt\n|faint|p1a: Evanescence\n|\n|-heal|p2a: Garganacl|100/100|[from] item: Leftovers\n|-end|p2a: Garganacl|Encore\n|upkeep\n|\n|t:|1771262515\n|switch|p1a: Surf's Up (2007)|Raichu-Alola, M|46/100\n|-damage|p1a: Surf's Up (2007)|34/100|[from] Stealth Rock\n|turn|26\n|\n|t:|1771262518\n|move|p1a: Surf's Up (2007)|Psychic Noise|p2a: Garganacl\n|-damage|p2a: Garganacl|63/100\n|-start|p2a: Garganacl|move: Heal Block\n|move|p2a: Garganacl|Salt Cure|p1a: Surf's Up (2007)\n|-damage|p1a: Surf's Up (2007)|5/100\n|-start|p1a: Surf's Up (2007)|Salt Cure\n|\n|-damage|p1a: Surf's Up (2007)|0 fnt|[from] Salt Cure\n|faint|p1a: Surf's Up (2007)\n|upkeep\n|\n|t:|1771262521\n|switch|p1a: William O' Wisp|Rotom-Wash|100/100\n|-damage|p1a: William O' Wisp|88/100|[from] Stealth Rock\n|turn|27\n|\n|t:|1771262549\n|move|p2a: Garganacl|Protect|p2a: Garganacl\n|-singleturn|p2a: Garganacl|Protect\n|move|p1a: William O' Wisp|Hydro Pump|p2a: Garganacl\n|-activate|p2a: Garganacl|move: Protect\n|\n|-end|p2a: Garganacl|move: Heal Block\n|upkeep\n|turn|28\n|\n|t:|1771262553\n|move|p1a: William O' Wisp|Hydro Pump|p2a: Garganacl\n|-damage|p2a: Garganacl|24/100\n|move|p2a: Garganacl|Recover|p2a: Garganacl\n|-heal|p2a: Garganacl|74/100\n|\n|-heal|p2a: Garganacl|80/100|[from] item: Leftovers\n|upkeep\n|turn|29\n|\n|t:|1771262560\n|move|p1a: William O' Wisp|Reflect|p1a: William O' Wisp\n|-sidestart|p1: Shockmoth|Reflect\n|move|p2a: Garganacl|Recover|p2a: Garganacl\n|-heal|p2a: Garganacl|100/100\n|\n|upkeep\n|turn|30\n|c|☆aver_stall_enjoyer|this team is nuts lol\n|\n|t:|1771262563\n|move|p1a: William O' Wisp|Light Screen|p1a: William O' Wisp\n|-sidestart|p1: Shockmoth|move: Light Screen\n|move|p2a: Garganacl|Salt Cure|p1a: William O' Wisp\n|-damage|p1a: William O' Wisp|81/100\n|-start|p1a: William O' Wisp|Salt Cure\n|\n|-damage|p1a: William O' Wisp|56/100|[from] Salt Cure\n|upkeep\n|turn|31\n|\n|t:|1771262566\n|move|p1a: William O' Wisp|Hydro Pump|p2a: Garganacl\n|-damage|p2a: Garganacl|61/100\n|move|p2a: Garganacl|Salt Cure|p1a: William O' Wisp\n|-damage|p1a: William O' Wisp|49/100\n|\n|-heal|p2a: Garganacl|67/100|[from] item: Leftovers\n|-damage|p1a: William O' Wisp|24/100|[from] Salt Cure\n|upkeep\n|turn|32\n|j| the salt wars\n|\n|t:|1771262569\n|move|p1a: William O' Wisp|Volt Switch|p2a: Garganacl\n|-damage|p2a: Garganacl|44/100\n|\n|t:|1771262573\n|switch|p1a: Iron Deficiency|Iron Hands|50/100|[from] Volt Switch\n|-damage|p1a: Iron Deficiency|44/100|[from] Stealth Rock\n|move|p2a: Garganacl|Recover|p2a: Garganacl\n|-heal|p2a: Garganacl|94/100\n|\n|-heal|p2a: Garganacl|99/100|[from] item: Leftovers\n|upkeep\n|turn|33\n|j| imSilverLike\n|\n|t:|1771262596\n|move|p1a: Iron Deficiency|Swords Dance|p1a: Iron Deficiency\n|-boost|p1a: Iron Deficiency|atk|2\n|move|p2a: Garganacl|Salt Cure|p1a: Iron Deficiency\n|-resisted|p1a: Iron Deficiency\n|-damage|p1a: Iron Deficiency|42/100\n|-start|p1a: Iron Deficiency|Salt Cure\n|\n|-heal|p2a: Garganacl|100/100|[from] item: Leftovers\n|-damage|p1a: Iron Deficiency|30/100|[from] Salt Cure\n|upkeep\n|turn|34\n|c|☆Shockmoth|Its my masterpiece\n|\n|t:|1771262601\n|move|p2a: Garganacl|Protect|p2a: Garganacl\n|-singleturn|p2a: Garganacl|Protect\n|move|p1a: Iron Deficiency|Swords Dance|p1a: Iron Deficiency\n|-boost|p1a: Iron Deficiency|atk|2\n|\n|-damage|p1a: Iron Deficiency|18/100|[from] Salt Cure\n|upkeep\n|turn|35\n|\n|t:|1771262605\n|switch|p2a: Joseph Stallin|Blissey, F|100/100\n|move|p1a: Iron Deficiency|Drain Punch|p2a: Joseph Stallin\n|-supereffective|p2a: Joseph Stallin\n|-damage|p2a: Joseph Stallin|0 fnt\n|-heal|p1a: Iron Deficiency|89/100|[from] drain|[of] p2a: Joseph Stallin\n|faint|p2a: Joseph Stallin\n|\n|-damage|p1a: Iron Deficiency|77/100|[from] Salt Cure\n|upkeep\n|c| nonchalantbufalant|Oof\n|c|☆aver_stall_enjoyer|oh yeah\n|c|☆aver_stall_enjoyer|i might have cooked myself\n|\n|t:|1771262630\n|switch|p2a: Corviknight|Corviknight, M|100/100\n|-ability|p2a: Corviknight|Pressure\n|turn|36\n|c|☆Shockmoth|Yeah not sure if theres an out here lol\n|-activate|p1a: Iron Deficiency|item: Quick Claw\n|\n|t:|1771262637\n|move|p1a: Iron Deficiency|Supercell Slam|p2a: Corviknight\n|-supereffective|p2a: Corviknight\n|-damage|p2a: Corviknight|0 fnt\n|-damage|p1a: Iron Deficiency|60/100|[from] item: Rocky Helmet|[of] p2a: Corviknight\n|faint|p2a: Corviknight\n|\n|-damage|p1a: Iron Deficiency|48/100|[from] Salt Cure\n|-sideend|p1: Shockmoth|Reflect\n|upkeep\n|\n|t:|1771262640\n|switch|p2a: Garganacl|Garganacl, M, tera:Fairy|100/100\n|turn|37\n|\n|t:|1771262642\n|move|p1a: Iron Deficiency|Drain Punch|p2a: Garganacl\n|-resisted|p2a: Garganacl\n|-damage|p2a: Garganacl|60/100\n|-heal|p1a: Iron Deficiency|65/100|[from] drain|[of] p2a: Garganacl\n|move|p2a: Garganacl|Salt Cure|p1a: Iron Deficiency\n|-resisted|p1a: Iron Deficiency\n|-damage|p1a: Iron Deficiency|61/100\n|\n|-heal|p2a: Garganacl|67/100|[from] item: Leftovers\n|-damage|p1a: Iron Deficiency|49/100|[from] Salt Cure\n|-sideend|p1: Shockmoth|move: Light Screen\n|upkeep\n|turn|38\n|\n|t:|1771262648\n|move|p2a: Garganacl|Protect|p2a: Garganacl\n|-singleturn|p2a: Garganacl|Protect\n|move|p1a: Iron Deficiency|Swords Dance|p1a: Iron Deficiency\n|-boost|p1a: Iron Deficiency|atk|2\n|\n|-heal|p2a: Garganacl|73/100|[from] item: Leftovers\n|-damage|p1a: Iron Deficiency|36/100|[from] Salt Cure\n|upkeep\n|turn|39\n|\n|t:|1771262652\n|move|p2a: Garganacl|Protect|p2a: Garganacl\n|-singleturn|p2a: Garganacl|Protect\n|move|p1a: Iron Deficiency|Drain Punch|p2a: Garganacl\n|-activate|p2a: Garganacl|move: Protect\n|\n|-heal|p2a: Garganacl|79/100|[from] item: Leftovers\n|-damage|p1a: Iron Deficiency|24/100|[from] Salt Cure\n|upkeep\n|turn|40\n|\n|t:|1771262657\n|move|p1a: Iron Deficiency|Drain Punch|p2a: Garganacl\n|-resisted|p2a: Garganacl\n|-damage|p2a: Garganacl|20/100\n|-heal|p1a: Iron Deficiency|50/100|[from] drain|[of] p2a: Garganacl\n|move|p2a: Garganacl|Recover|p2a: Garganacl\n|-heal|p2a: Garganacl|70/100\n|\n|-heal|p2a: Garganacl|76/100|[from] item: Leftovers\n|-damage|p1a: Iron Deficiency|37/100|[from] Salt Cure\n|upkeep\n|turn|41\n|\n|t:|1771262661\n|move|p2a: Garganacl|Protect|p2a: Garganacl\n|-singleturn|p2a: Garganacl|Protect\n|move|p1a: Iron Deficiency|Drain Punch|p2a: Garganacl\n|-activate|p2a: Garganacl|move: Protect\n|\n|-heal|p2a: Garganacl|83/100|[from] item: Leftovers\n|-damage|p1a: Iron Deficiency|25/100|[from] Salt Cure\n|upkeep\n|turn|42\n|-activate|p1a: Iron Deficiency|item: Quick Claw\n|\n|t:|1771262667\n|move|p1a: Iron Deficiency|Drain Punch|p2a: Garganacl\n|-resisted|p2a: Garganacl\n|-damage|p2a: Garganacl|26/100\n|-heal|p1a: Iron Deficiency|50/100|[from] drain|[of] p2a: Garganacl\n|move|p2a: Garganacl|Recover|p2a: Garganacl\n|-heal|p2a: Garganacl|76/100\n|\n|-heal|p2a: Garganacl|83/100|[from] item: Leftovers\n|-damage|p1a: Iron Deficiency|37/100|[from] Salt Cure\n|upkeep\n|turn|43\n|\n|t:|1771262670\n|move|p2a: Garganacl|Protect|p2a: Garganacl\n|-singleturn|p2a: Garganacl|Protect\n|move|p1a: Iron Deficiency|Drain Punch|p2a: Garganacl\n|-activate|p2a: Garganacl|move: Protect\n|\n|-heal|p2a: Garganacl|89/100|[from] item: Leftovers\n|-damage|p1a: Iron Deficiency|25/100|[from] Salt Cure\n|upkeep\n|turn|44\n|j| Samurajen\n|c|☆aver_stall_enjoyer|please miss a super cell\n|\n|t:|1771262694\n|move|p1a: Iron Deficiency|Drain Punch|p2a: Garganacl\n|-resisted|p2a: Garganacl\n|-damage|p2a: Garganacl|31/100\n|-heal|p1a: Iron Deficiency|50/100|[from] drain|[of] p2a: Garganacl\n|move|p2a: Garganacl|Salt Cure|p1a: Iron Deficiency\n|-resisted|p1a: Iron Deficiency\n|-damage|p1a: Iron Deficiency|46/100\n|\n|-heal|p2a: Garganacl|37/100|[from] item: Leftovers\n|-damage|p1a: Iron Deficiency|34/100|[from] Salt Cure\n|upkeep\n|turn|45\n|c| nonchalantbufalant|Lol\n|l| the salt wars\n|c|☆Shockmoth|I am not clicking supercell I will 100% miss\n|c|☆Shockmoth|😭\n|\n|t:|1771262714\n|move|p1a: Iron Deficiency|Drain Punch|p2a: Garganacl\n|-resisted|p2a: Garganacl\n|-damage|p2a: Garganacl|0 fnt\n|-heal|p1a: Iron Deficiency|50/100|[from] drain|[of] p2a: Garganacl\n|faint|p2a: Garganacl\n|\n|win|Shockmoth\n|raw|Shockmoth's rating: 1849 &rarr; <strong>1866</strong><br />(+17 for winning)\n|raw|aver_stall_enjoyer's rating: 1799 &rarr; <strong>1782</strong><br />(-17 for losing)\n|c|☆Shockmoth|Ggs\n|l| nonchalantbufalant\n|c|☆Shockmoth|Funny stall\n|c|☆aver_stall_enjoyer|gg\n|c|☆Shockmoth|I fw gambit there\n|l|☆Shockmoth\n|player|p1|\n|l|☆aver_stall_enjoyer\n|player|p2|\n", "uploadtime": 1771262863, "views": 8, "formatid": "gen9ou", "rating": 1782, "private": 0, "password": null}