{"id": "gen9ou-2639220403", "format": "[Gen 9] OU", "players": ["L0stmem0ries", "kitchens devil"], "log": "|j|☆L0stmem0ries\n|j|☆kitchens devil\n|inactive|Battle timer is ON: inactive players will automatically lose when time's up.\n|t:|1782436116\n|gametype|singles\n|player|p1|L0stmem0ries|lucas|\n|player|p2|kitchens devil|scientist-gen4dp|\n|gen|9\n|tier|[Gen 9] OU\n|rated|Tournament battle\n|rule|HP Percentage Mod: HP is shown in percentages\n|rule|Endless Battle Clause: Forcing endless battles is banned\n|rule|Species Clause: Limit one of each Pokémon\n|rule|OHKO Clause: OHKO moves are banned\n|rule|Evasion Items Clause: Evasion items are banned\n|rule|Evasion Moves Clause: Evasion moves are banned\n|rule|Evasion Abilities Clause: Evasion abilities are banned\n|rule|Sleep Moves Clause: Sleep-inducing moves are banned\n|clearpoke\n|poke|p1|Dondozo, M|\n|poke|p1|Great Tusk|\n|poke|p1|Tornadus-Therian, M|\n|poke|p1|Hydrapple, M|\n|poke|p1|Weavile, M|\n|poke|p1|Hatterene, F|\n|poke|p2|Hatterene, F|\n|poke|p2|Great Tusk|\n|poke|p2|Darkrai|\n|poke|p2|Gholdengo|\n|poke|p2|Ogerpon-Wellspring, F|\n|poke|p2|Dragonite, M|\n|teampreview\n|inactive|kitchens devil has 120 seconds left.\n|\n|t:|1782436170\n|teamsize|p1|6\n|teamsize|p2|6\n|start\n|switch|p1a: Fujin|Tornadus-Therian, M, shiny|100/100\n|switch|p2a: Alice|Ogerpon-Wellspring, F|100/100\n|turn|1\n|\n|t:|1782436181\n|switch|p2a: Lacey Evans|Hatterene, F, shiny|100/100\n|move|p1a: Fujin|U-turn|p2a: Lacey Evans\n|-damage|p2a: Lacey Evans|84/100\n|l|☆L0stmem0ries\n|inactive|L0stmem0ries disconnected and has a minute to reconnect!\n|player|p1|\n|j|☆L0stmem0ries\n|inactive|L0stmem0ries reconnected and has 120 seconds left.\n|player|p1|L0stmem0ries|lucas|\n|\n|t:|1782436219\n|switch|p1a: Lacey Evans|Hatterene, F, shiny|100/100|[from] U-turn\n|\n|upkeep\n|turn|2\n|\n|t:|1782436226\n|move|p1a: Lacey Evans|Future Sight|p2a: Lacey Evans\n|-start|p1a: Lacey Evans|move: Future Sight\n|move|p2a: Lacey Evans|Nuzzle|p1a: Lacey Evans\n|-damage|p1a: Lacey Evans|96/100\n|-status|p1a: Lacey Evans|par\n|\n|upkeep\n|turn|3\n|\n|t:|1782436234\n|move|p2a: Lacey Evans|Psychic Noise|p1a: Lacey Evans\n|-resisted|p1a: Lacey Evans\n|-damage|p1a: Lacey Evans|79/100 par\n|-start|p1a: Lacey Evans|move: Heal Block\n|cant|p1a: Lacey Evans|move: Heal Block|Draining Kiss\n|\n|upkeep\n|turn|4\n|\n|t:|1782436244\n|move|p2a: Lacey Evans|Mystical Fire|p1a: Lacey Evans\n|-damage|p1a: Lacey Evans|59/100 par\n|-unboost|p1a: Lacey Evans|spa|1\n|cant|p1a: Lacey Evans|par\n|\n|-end|p2a: Lacey Evans|move: Future Sight\n|-resisted|p2a: Lacey Evans\n|-crit|p2a: Lacey Evans\n|-damage|p2a: Lacey Evans|43/100\n|-end|p1a: Lacey Evans|move: Heal Block\n|upkeep\n|turn|5\n|\n|t:|1782436255\n|switch|p1a: Fujin|Tornadus-Therian, M, shiny|100/100\n|move|p2a: Lacey Evans|Draining Kiss|p1a: Fujin\n|-damage|p1a: Fujin|66/100\n|-heal|p2a: Lacey Evans|69/100|[from] drain|[of] p1a: Fujin\n|\n|upkeep\n|turn|6\n|\n|t:|1782436259\n|move|p1a: Fujin|U-turn|p2a: Lacey Evans\n|-damage|p2a: Lacey Evans|51/100\n|\n|t:|1782436266\n|switch|p1a: Lacey Evans|Hatterene, F, shiny|59/100 par|[from] U-turn\n|move|p2a: Lacey Evans|Draining Kiss|p1a: Lacey Evans\n|-damage|p1a: Lacey Evans|35/100 par\n|-heal|p2a: Lacey Evans|69/100|[from] drain|[of] p1a: Lacey Evans\n|\n|upkeep\n|turn|7\n|\n|t:|1782436290\n|switch|p2a: Spirit Rush|Gholdengo, shiny|100/100\n|move|p1a: Lacey Evans|Future Sight|p2a: Spirit Rush\n|-start|p1a: Lacey Evans|move: Future Sight\n|\n|upkeep\n|turn|8\n|\n|t:|1782436296\n|switch|p1a: Fujin|Tornadus-Therian, M, shiny|99/100\n|move|p2a: Spirit Rush|Shadow Ball|p1a: Fujin\n|-crit|p1a: Fujin\n|-damage|p1a: Fujin|31/100\n|\n|upkeep\n|turn|9\n|\n|t:|1782436303\n|switch|p1a: Bandit|Weavile, M, shiny|100/100\n|-ability|p1a: Bandit|Pressure\n|move|p2a: Spirit Rush|Make It Rain|p1a: Bandit\n|-supereffective|p1a: Bandit\n|-damage|p1a: Bandit|0 fnt\n|-unboost|p2a: Spirit Rush|spa|1\n|faint|p1a: Bandit\n|\n|-end|p2a: Spirit Rush|move: Future Sight\n|-resisted|p2a: Spirit Rush\n|-damage|p2a: Spirit Rush|64/100\n|upkeep\n|\n|t:|1782436311\n|switch|p1a: Behemoth|Great Tusk, shiny|100/100\n|turn|10\n|\n|t:|1782436315\n|switch|p2a: Alice|Ogerpon-Wellspring, F|100/100\n|move|p1a: Behemoth|Stealth Rock|p2a: Alice\n|-sidestart|p2: kitchens devil|move: Stealth Rock\n|\n|upkeep\n|turn|11\n|\n|t:|1782436325\n|-end|p1a: Behemoth|Protosynthesis|[silent]\n|switch|p1a: Leviathan|Hydrapple, M, shiny|100/100\n|move|p2a: Alice|Knock Off|p1a: Leviathan\n|-damage|p1a: Leviathan|79/100\n|-damage|p2a: Alice|84/100|[from] item: Rocky Helmet|[of] p1a: Leviathan\n|-enditem|p1a: Leviathan|Rocky Helmet|[from] move: Knock Off|[of] p2a: Alice\n|\n|upkeep\n|turn|12\n|\n|t:|1782436336\n|move|p2a: Alice|Spikes|p1a: Leviathan\n|-sidestart|p1: L0stmem0ries|Spikes\n|move|p1a: Leviathan|Nasty Plot|p1a: Leviathan\n|-boost|p1a: Leviathan|spa|2\n|\n|upkeep\n|turn|13\n|\n|t:|1782436344\n|move|p2a: Alice|U-turn|p1a: Leviathan\n|-supereffective|p1a: Leviathan\n|-damage|p1a: Leviathan|47/100\n|\n|t:|1782436347\n|switch|p2a: Spirit Rush|Gholdengo, shiny|64/100|[from] U-turn\n|-damage|p2a: Spirit Rush|58/100|[from] Stealth Rock\n|move|p1a: Leviathan|Giga Drain|p2a: Spirit Rush\n|-resisted|p2a: Spirit Rush\n|-damage|p2a: Spirit Rush|30/100\n|-heal|p1a: Leviathan|60/100|[from] drain|[of] p2a: Spirit Rush\n|\n|upkeep\n|turn|14\n|inactive|L0stmem0ries has 120 seconds left.\n|\n|t:|1782436383\n|move|p2a: Spirit Rush|Shadow Ball|p1a: Leviathan\n|-damage|p1a: Leviathan|25/100\n|move|p1a: Leviathan|Giga Drain|p2a: Spirit Rush\n|-resisted|p2a: Spirit Rush\n|-damage|p2a: Spirit Rush|3/100\n|-heal|p1a: Leviathan|38/100|[from] drain|[of] p2a: Spirit Rush\n|\n|upkeep\n|turn|15\n|inactive|L0stmem0ries has 120 seconds left.\n|\n|t:|1782436399\n|move|p2a: Spirit Rush|Make It Rain|p1a: Leviathan\n|-damage|p1a: Leviathan|0 fnt\n|-unboost|p2a: Spirit Rush|spa|1\n|faint|p1a: Leviathan\n|\n|upkeep\n|\n|t:|1782436403\n|switch|p1a: Fujin|Tornadus-Therian, M, shiny|64/100\n|turn|16\n|\n|t:|1782436407\n|move|p1a: Fujin|Bleakwind Storm|p2a: Spirit Rush|[miss]\n|-miss|p1a: Fujin|p2a: Spirit Rush\n|move|p2a: Spirit Rush|Shadow Ball|p1a: Fujin\n|-damage|p1a: Fujin|34/100\n|\n|upkeep\n|turn|17\n|\n|t:|1782436409\n|move|p1a: Fujin|Bleakwind Storm|p2a: Spirit Rush\n|-resisted|p2a: Spirit Rush\n|-crit|p2a: Spirit Rush\n|-damage|p2a: Spirit Rush|0 fnt\n|faint|p2a: Spirit Rush\n|\n|upkeep\n|\n|t:|1782436413\n|switch|p2a: Yagami|Darkrai, shiny|100/100\n|-damage|p2a: Yagami|88/100|[from] Stealth Rock\n|turn|18\n|\n|t:|1782436418\n|switch|p1a: Behemoth|Great Tusk, shiny|100/100\n|-damage|p1a: Behemoth|88/100|[from] Spikes\n|move|p2a: Yagami|Ice Beam|p1a: Behemoth\n|-supereffective|p1a: Behemoth\n|-damage|p1a: Behemoth|0 fnt\n|faint|p1a: Behemoth\n|-end|p1a: Behemoth|Protosynthesis|[silent]\n|\n|upkeep\n|\n|t:|1782436421\n|switch|p1a: Tofu|Dondozo, M, shiny|100/100\n|-damage|p1a: Tofu|88/100|[from] Spikes\n|turn|19\n|\n|t:|1782436430\n|move|p2a: Yagami|Knock Off|p1a: Tofu\n|-damage|p1a: Tofu|66/100\n|-enditem|p1a: Tofu|Leftovers|[from] move: Knock Off|[of] p2a: Yagami\n|move|p1a: Tofu|Curse|p1a: Tofu\n|-unboost|p1a: Tofu|spe|1\n|-boost|p1a: Tofu|atk|1\n|-boost|p1a: Tofu|def|1\n|\n|upkeep\n|turn|20\n|\n|t:|1782436440\n|move|p2a: Yagami|Dark Pulse|p1a: Tofu\n|-crit|p1a: Tofu\n|-damage|p1a: Tofu|17/100\n|move|p1a: Tofu|Wave Crash|p2a: Yagami\n|-damage|p2a: Yagami|0 fnt\n|faint|p2a: Yagami\n|-damage|p1a: Tofu|0 fnt|[from] Recoil\n|faint|p1a: Tofu\n|\n|upkeep\n|\n|t:|1782436447\n|switch|p2a: Lacey Evans|Hatterene, F, shiny|69/100\n|switch|p1a: Fujin|Tornadus-Therian, M, shiny|67/100\n|-damage|p2a: Lacey Evans|57/100|[from] Stealth Rock\n|turn|21\n|\n|t:|1782436451\n|-terastallize|p1a: Fujin|Flying\n|move|p1a: Fujin|Bleakwind Storm|p2a: Lacey Evans\n|-damage|p2a: Lacey Evans|0 fnt\n|faint|p2a: Lacey Evans\n|\n|upkeep\n|\n|t:|1782436474\n|switch|p2a: Alice|Ogerpon-Wellspring, F|84/100\n|-damage|p2a: Alice|72/100|[from] Stealth Rock\n|turn|22\n|\n|t:|1782436477\n|-terastallize|p2a: Alice|Water\n|detailschange|p2a: Alice|Ogerpon-Wellspring-Tera, F, tera:Water\n|-ability|p2a: Alice|Embody Aspect (Wellspring)|boost\n|-boost|p2a: Alice|spd|1\n|move|p1a: Fujin|Bleakwind Storm|p2a: Alice\n|-damage|p2a: Alice|0 fnt\n|faint|p2a: Alice\n|detailschange|p2: Alice|Ogerpon-Wellspring, F|[silent]\n|\n|upkeep\n|\n|t:|1782436484\n|switch|p2a: Leviathan|Dragonite, M, shiny|100/100\n|-damage|p2a: Leviathan|76/100|[from] Stealth Rock\n|turn|23\n|\n|t:|1782436489\n|move|p2a: Leviathan|Extreme Speed|p1a: Fujin\n|-damage|p1a: Fujin|12/100\n|move|p1a: Fujin|Bleakwind Storm|p2a: Leviathan|[miss]\n|-miss|p1a: Fujin|p2a: Leviathan\n|\n|upkeep\n|turn|24\n|\n|t:|1782436506\n|switch|p1a: Lacey Evans|Hatterene, F, shiny|35/100 par\n|-damage|p1a: Lacey Evans|22/100 par|[from] Spikes\n|move|p2a: Leviathan|Extreme Speed|p1a: Lacey Evans\n|-damage|p1a: Lacey Evans|0 fnt\n|faint|p1a: Lacey Evans\n|\n|upkeep\n|\n|t:|1782436507\n|switch|p1a: Fujin|Tornadus-Therian, M, shiny, tera:Flying|45/100\n|turn|25\n|\n|t:|1782436510\n|move|p2a: Leviathan|Extreme Speed|p1a: Fujin\n|-damage|p1a: Fujin|0 fnt\n|faint|p1a: Fujin\n|\n|win|kitchens devil\n|n|☆kitchens devil|kitchensdevil\n|n|☆L0stmem0ries|l0stmem0ries\n|l|☆L0stmem0ries\n|player|p1|\n|l|☆kitchens devil\n|player|p2|\n|j|☆kitchens devil\n|player|p2|kitchens devil|scientist-gen4dp|\n", "uploadtime": 1782436523, "views": 8, "formatid": "gen9ou", "rating": null, "private": 0, "password": null}