{"id": "gen9ou-2540471252", "format": "[Gen 9] OU", "players": ["banjin", "jek vvp"], "log": "|j|☆banjin\n|j|☆jek vvp\n|t:|1771206145\n|gametype|singles\n|player|p1|banjin|beauty-gen6xy|1523\n|player|p2|jek vvp|hiker-gen4|1561\n|gen|9\n|tier|[Gen 9] OU\n|rated|\n|rule|HP Percentage Mod: HP is shown in percentages\n|rule|Endless Battle Clause: Forcing endless battles is banned\n|rule|Species Clause: Limit one of each Pokémon\n|rule|OHKO Clause: OHKO moves are banned\n|rule|Evasion Items Clause: Evasion items are banned\n|rule|Evasion Moves Clause: Evasion moves are banned\n|rule|Evasion Abilities Clause: Evasion abilities are banned\n|rule|Sleep Moves Clause: Sleep-inducing moves are banned\n|clearpoke\n|poke|p1|Torkoal, M|\n|poke|p1|Venusaur, M|\n|poke|p1|Walking Wake|\n|poke|p1|Lilligant-Hisui, F|\n|poke|p1|Iron Moth|\n|poke|p1|Minior-Blue|\n|poke|p2|Blissey, F|\n|poke|p2|Clefable, F|\n|poke|p2|Gliscor, F|\n|poke|p2|Dondozo, F|\n|poke|p2|Toxapex, M|\n|poke|p2|Heatran, M|\n|teampreview\n|inactive|Battle timer is ON: inactive players will automatically lose when time's up. (requested by banjin)\n|\n|t:|1771206153\n|teamsize|p1|6\n|teamsize|p2|6\n|start\n|switch|p1a: Ur|Minior-Blue|100/100\n|switch|p2a: Clefable|Clefable, F|100/100\n|-formechange|p1a: Ur|Minior-Meteor||[from] ability: Shields Down\n|turn|1\n|\n|t:|1771206165\n|switch|p1a: Herculaneum|Torkoal, M|100/100\n|-weather|SunnyDay|[from] ability: Drought|[of] p1a: Herculaneum\n|move|p2a: Clefable|Trick|p1a: Herculaneum\n|-activate|p2a: Clefable|move: Trick|[of] p1a: Herculaneum\n|-item|p1a: Herculaneum|Sticky Barb|[from] move: Trick\n|-item|p2a: Clefable|Heat Rock|[from] move: Trick\n|\n|-weather|SunnyDay|[upkeep]\n|-damage|p1a: Herculaneum|88/100|[from] item: Sticky Barb\n|upkeep\n|turn|2\n|\n|t:|1771206176\n|move|p2a: Clefable|Stealth Rock|p1a: Herculaneum\n|-sidestart|p1: banjin|move: Stealth Rock\n|move|p1a: Herculaneum|Stealth Rock|p2a: Clefable\n|-sidestart|p2: jek vvp|move: Stealth Rock\n|\n|-weather|SunnyDay|[upkeep]\n|-damage|p1a: Herculaneum|76/100|[from] item: Sticky Barb\n|upkeep\n|turn|3\n|\n|t:|1771206179\n|move|p2a: Clefable|Moonblast|p1a: Herculaneum\n|-resisted|p1a: Herculaneum\n|-damage|p1a: Herculaneum|57/100\n|move|p1a: Herculaneum|Rapid Spin|p2a: Clefable\n|-damage|p2a: Clefable|94/100\n|-boost|p1a: Herculaneum|spe|1\n|-sideend|p1: banjin|Stealth Rock|[from] move: Rapid Spin|[of] p1a: Herculaneum\n|\n|-weather|SunnyDay|[upkeep]\n|-damage|p1a: Herculaneum|45/100|[from] item: Sticky Barb\n|upkeep\n|turn|4\n|\n|t:|1771206185\n|move|p2a: Clefable|Stealth Rock|p1a: Herculaneum\n|-sidestart|p1: banjin|move: Stealth Rock\n|move|p1a: Herculaneum|Lava Plume|p2a: Clefable\n|-damage|p2a: Clefable|44/100\n|\n|-weather|SunnyDay|[upkeep]\n|-damage|p1a: Herculaneum|32/100|[from] item: Sticky Barb\n|upkeep\n|turn|5\n|\n|t:|1771206191\n|move|p2a: Clefable|Moonlight|p2a: Clefable\n|-heal|p2a: Clefable|100/100\n|move|p1a: Herculaneum|Rapid Spin|p2a: Clefable\n|-crit|p2a: Clefable\n|-damage|p2a: Clefable|89/100\n|-boost|p1a: Herculaneum|spe|1\n|-sideend|p1: banjin|Stealth Rock|[from] move: Rapid Spin|[of] p1a: Herculaneum\n|\n|-weather|SunnyDay|[upkeep]\n|-damage|p1a: Herculaneum|20/100|[from] item: Sticky Barb\n|upkeep\n|turn|6\n|\n|t:|1771206199\n|switch|p1a: Teotihuacan|Iron Moth|100/100\n|-enditem|p1a: Teotihuacan|Booster Energy\n|-activate|p1a: Teotihuacan|ability: Quark Drive|[fromitem]\n|-start|p1a: Teotihuacan|quarkdrivespe\n|move|p2a: Clefable|Stealth Rock|p1a: Teotihuacan\n|-sidestart|p1: banjin|move: Stealth Rock\n|\n|-weather|SunnyDay|[upkeep]\n|upkeep\n|turn|7\n|\n|t:|1771206209\n|switch|p2a: Heatran|Heatran, M|100/100\n|-damage|p2a: Heatran|88/100|[from] Stealth Rock\n|move|p1a: Teotihuacan|Sludge Wave|p2a: Heatran\n|-immune|p2a: Heatran\n|\n|-weather|SunnyDay|[upkeep]\n|-heal|p2a: Heatran|94/100|[from] item: Leftovers\n|upkeep\n|turn|8\n|\n|t:|1771206214\n|move|p1a: Teotihuacan|Discharge|p2a: Heatran\n|-damage|p2a: Heatran|78/100\n|move|p2a: Heatran|Earth Power|p1a: Teotihuacan\n|-supereffective|p1a: Teotihuacan\n|-damage|p1a: Teotihuacan|0 fnt\n|faint|p1a: Teotihuacan\n|-end|p1a: Teotihuacan|Quark Drive|[silent]\n|\n|-weather|none\n|-heal|p2a: Heatran|84/100|[from] item: Leftovers\n|upkeep\n|\n|t:|1771206229\n|switch|p1a: Cahokia|Walking Wake|100/100\n|-damage|p1a: Cahokia|88/100|[from] Stealth Rock\n|turn|9\n|\n|t:|1771206242\n|move|p2a: Heatran|Protect|p2a: Heatran\n|-singleturn|p2a: Heatran|Protect\n|move|p1a: Cahokia|Sunny Day|p1a: Cahokia\n|-weather|SunnyDay\n|-activate|p1a: Cahokia|ability: Protosynthesis\n|-start|p1a: Cahokia|protosynthesisspa\n|\n|-weather|SunnyDay|[upkeep]\n|-heal|p2a: Heatran|91/100|[from] item: Leftovers\n|upkeep\n|turn|10\n|\n|t:|1771206254\n|switch|p2a: Blissey|Blissey, F|100/100\n|move|p1a: Cahokia|Hydro Steam|p2a: Blissey\n|-damage|p2a: Blissey|77/100\n|\n|-weather|SunnyDay|[upkeep]\n|upkeep\n|turn|11\n|\n|t:|1771206264\n|-end|p1a: Cahokia|Protosynthesis|[silent]\n|switch|p1a: Ur|Minior-Blue|100/100\n|-damage|p1a: Ur|75/100|[from] Stealth Rock\n|-formechange|p1a: Ur|Minior-Meteor||[from] ability: Shields Down\n|move|p2a: Blissey|Calm Mind|p2a: Blissey\n|-boost|p2a: Blissey|spa|1\n|-boost|p2a: Blissey|spd|1\n|\n|-weather|SunnyDay|[upkeep]\n|upkeep\n|turn|12\n|\n|t:|1771206289\n|switch|p2a: Dondozo|Dondozo, F|100/100\n|move|p1a: Ur|Shell Smash|p1a: Ur\n|-unboost|p1a: Ur|def|1\n|-unboost|p1a: Ur|spd|1\n|-boost|p1a: Ur|atk|2\n|-boost|p1a: Ur|spa|2\n|-boost|p1a: Ur|spe|2\n|-enditem|p1a: Ur|White Herb\n|-clearnegativeboost|p1a: Ur|[silent]\n|\n|-weather|SunnyDay|[upkeep]\n|upkeep\n|turn|13\n|\n|t:|1771206292\n|move|p1a: Ur|Acrobatics|p2a: Dondozo\n|-damage|p2a: Dondozo|83/100\n|move|p2a: Dondozo|Curse|p2a: Dondozo\n|-unboost|p2a: Dondozo|spe|1\n|-boost|p2a: Dondozo|atk|1\n|-boost|p2a: Dondozo|def|1\n|\n|-weather|SunnyDay|[upkeep]\n|upkeep\n|turn|14\n|\n|t:|1771206297\n|switch|p1a: Carthage|Lilligant-Hisui, F, shiny|100/100\n|move|p2a: Dondozo|Waterfall|p1a: Carthage\n|-resisted|p1a: Carthage\n|-damage|p1a: Carthage|83/100\n|\n|-weather|SunnyDay|[upkeep]\n|upkeep\n|turn|15\n|\n|t:|1771206311\n|move|p1a: Carthage|Solar Blade||[still]\n|-prepare|p1a: Carthage|Solar Blade\n|-anim|p1a: Carthage|Solar Blade|p2a: Dondozo\n|-supereffective|p2a: Dondozo\n|-damage|p2a: Dondozo|47/100\n|move|p2a: Dondozo|Curse|p2a: Dondozo\n|-unboost|p2a: Dondozo|spe|1\n|-boost|p2a: Dondozo|atk|1\n|-boost|p2a: Dondozo|def|1\n|\n|-weather|SunnyDay|[upkeep]\n|upkeep\n|turn|16\n|\n|t:|1771206318\n|switch|p1a: Babylon|Venusaur, M|100/100\n|-damage|p1a: Babylon|88/100|[from] Stealth Rock\n|move|p2a: Dondozo|Rest|p2a: Dondozo\n|-status|p2a: Dondozo|slp|[from] move: Rest\n|-heal|p2a: Dondozo|100/100 slp|[silent]\n|\n|-weather|none\n|upkeep\n|turn|17\n|\n|t:|1771206332\n|switch|p2a: Blissey|Blissey, F|77/100\n|move|p1a: Babylon|Growth|p1a: Babylon\n|-boost|p1a: Babylon|atk|1\n|-boost|p1a: Babylon|spa|1\n|\n|upkeep\n|turn|18\n|\n|t:|1771206343\n|move|p1a: Babylon|Giga Drain|p2a: Blissey\n|-damage|p2a: Blissey|57/100\n|-heal|p1a: Babylon|100/100|[from] drain|[of] p2a: Blissey\n|-damage|p1a: Babylon|91/100|[from] item: Life Orb\n|move|p2a: Blissey|Calm Mind|p2a: Blissey\n|-boost|p2a: Blissey|spa|1\n|-boost|p2a: Blissey|spd|1\n|\n|upkeep\n|turn|19\n|\n|t:|1771206353\n|switch|p1a: Herculaneum|Torkoal, M|20/100\n|-damage|p1a: Herculaneum|0 fnt|[from] Stealth Rock\n|faint|p1a: Herculaneum\n|move|p2a: Blissey|Soft-Boiled|p2a: Blissey\n|-heal|p2a: Blissey|100/100\n|\n|upkeep\n|\n|t:|1771206359\n|switch|p1a: Cahokia|Walking Wake|88/100\n|-damage|p1a: Cahokia|76/100|[from] Stealth Rock\n|turn|20\n|\n|t:|1771206362\n|move|p1a: Cahokia|Sunny Day|p1a: Cahokia\n|-weather|SunnyDay\n|-activate|p1a: Cahokia|ability: Protosynthesis\n|-start|p1a: Cahokia|protosynthesisspa\n|move|p2a: Blissey|Seismic Toss|p1a: Cahokia\n|-damage|p1a: Cahokia|46/100\n|\n|-weather|SunnyDay|[upkeep]\n|upkeep\n|turn|21\n|\n|t:|1771206368\n|-end|p1a: Cahokia|Protosynthesis|[silent]\n|switch|p1a: Carthage|Lilligant-Hisui, F, shiny|83/100\n|move|p2a: Blissey|Seismic Toss|p1a: Carthage\n|-damage|p1a: Carthage|48/100\n|\n|-weather|SunnyDay|[upkeep]\n|upkeep\n|turn|22\n|\n|t:|1771206385\n|switch|p2a: Clefable|Clefable, F|89/100\n|move|p1a: Carthage|Close Combat|p2a: Clefable\n|-resisted|p2a: Clefable\n|-damage|p2a: Clefable|69/100\n|-unboost|p1a: Carthage|def|1\n|-unboost|p1a: Carthage|spd|1\n|\n|-weather|SunnyDay|[upkeep]\n|upkeep\n|turn|23\n|\n|t:|1771206391\n|move|p1a: Carthage|Solar Blade||[still]\n|-prepare|p1a: Carthage|Solar Blade\n|-anim|p1a: Carthage|Solar Blade|p2a: Clefable\n|-damage|p2a: Clefable|21/100\n|move|p2a: Clefable|Moonblast|p1a: Carthage\n|-supereffective|p1a: Carthage\n|-damage|p1a: Carthage|0 fnt\n|faint|p1a: Carthage\n|\n|-weather|SunnyDay|[upkeep]\n|upkeep\n|\n|t:|1771206403\n|switch|p1a: Babylon|Venusaur, M|91/100\n|-damage|p1a: Babylon|78/100|[from] Stealth Rock\n|turn|24\n|\n|t:|1771206413\n|switch|p2a: Blissey|Blissey, F|100/100\n|move|p1a: Babylon|Growth|p1a: Babylon\n|-boost|p1a: Babylon|atk|2\n|-boost|p1a: Babylon|spa|2\n|\n|-weather|SunnyDay|[upkeep]\n|upkeep\n|turn|25\n|\n|t:|1771206417\n|-terastallize|p1a: Babylon|Fire\n|move|p1a: Babylon|Weather Ball|p2a: Blissey\n|-damage|p2a: Blissey|41/100\n|-damage|p1a: Babylon|68/100|[from] item: Life Orb\n|move|p2a: Blissey|Calm Mind|p2a: Blissey\n|-boost|p2a: Blissey|spa|1\n|-boost|p2a: Blissey|spd|1\n|\n|-weather|SunnyDay|[upkeep]\n|upkeep\n|turn|26\n|\n|t:|1771206431\n|move|p1a: Babylon|Growth|p1a: Babylon\n|-boost|p1a: Babylon|atk|2\n|-boost|p1a: Babylon|spa|2\n|move|p2a: Blissey|Soft-Boiled|p2a: Blissey\n|-heal|p2a: Blissey|91/100\n|\n|-weather|SunnyDay|[upkeep]\n|upkeep\n|turn|27\n|\n|t:|1771206436\n|move|p1a: Babylon|Weather Ball|p2a: Blissey\n|-crit|p2a: Blissey\n|-damage|p2a: Blissey|0 fnt\n|faint|p2a: Blissey\n|-damage|p1a: Babylon|58/100|[from] item: Life Orb\n|\n|-weather|none\n|upkeep\n|\n|t:|1771206442\n|switch|p2a: Heatran|Heatran, M|91/100\n|-damage|p2a: Heatran|78/100|[from] Stealth Rock\n|turn|28\n|\n|t:|1771206446\n|move|p1a: Babylon|Earth Power|p2a: Heatran\n|-supereffective|p2a: Heatran\n|-crit|p2a: Heatran\n|-damage|p2a: Heatran|0 fnt\n|faint|p2a: Heatran\n|-damage|p1a: Babylon|48/100|[from] item: Life Orb\n|\n|upkeep\n|\n|t:|1771206462\n|switch|p2a: Clefable|Clefable, F|21/100\n|turn|29\n|\n|t:|1771206465\n|move|p1a: Babylon|Giga Drain|p2a: Clefable\n|-damage|p2a: Clefable|0 fnt\n|-heal|p1a: Babylon|62/100|[from] drain|[of] p2a: Clefable\n|faint|p2a: Clefable\n|-damage|p1a: Babylon|52/100|[from] item: Life Orb\n|\n|upkeep\n|\n|t:|1771206471\n|switch|p2a: Dondozo|Dondozo, F|100/100 slp\n|turn|30\n|\n|t:|1771206473\n|move|p1a: Babylon|Giga Drain|p2a: Dondozo\n|-supereffective|p2a: Dondozo\n|-damage|p2a: Dondozo|15/100 slp\n|-heal|p1a: Babylon|100/100|[from] drain|[of] p2a: Dondozo\n|-damage|p1a: Babylon|91/100|[from] item: Life Orb\n|cant|p2a: Dondozo|slp\n|\n|upkeep\n|turn|31\n|-message|jek vvp forfeited.\n|\n|win|banjin\n|raw|banjin's rating: 1523 &rarr; <strong>1545</strong><br />(+22 for winning)\n|raw|jek vvp's rating: 1561 &rarr; <strong>1539</strong><br />(-22 for losing)\n|l|☆jek vvp\n|player|p2|\n|l|☆banjin\n|player|p1|\n", "uploadtime": 1771206723, "views": 9, "formatid": "gen9ou", "rating": 1539, "private": 0, "password": null}