{"id": "gen9ou-2639308754", "format": "[Gen 9] OU", "players": ["grandmaster778", "LegoesPeak"], "log": "|j|☆grandmaster778\n|j|☆LegoesPeak\n|t:|1782450251\n|gametype|singles\n|player|p1|grandmaster778|265|1423\n|player|p2|LegoesPeak|n|1429\n|gen|9\n|tier|[Gen 9] OU\n|rated|\n|rule|HP Percentage Mod: HP is shown in percentages\n|rule|Endless Battle Clause: Forcing endless battles is banned\n|rule|Species Clause: Limit one of each Pokémon\n|rule|OHKO Clause: OHKO moves are banned\n|rule|Evasion Items Clause: Evasion items are banned\n|rule|Evasion Moves Clause: Evasion moves are banned\n|rule|Evasion Abilities Clause: Evasion abilities are banned\n|rule|Sleep Moves Clause: Sleep-inducing moves are banned\n|clearpoke\n|poke|p1|Arcanine-Hisui, M|\n|poke|p1|Rillaboom, F|\n|poke|p1|Kingambit, M|\n|poke|p1|Great Tusk|\n|poke|p1|Zapdos|\n|poke|p1|Iron Boulder|\n|poke|p2|Lokix, M|\n|poke|p2|Iron Crown|\n|poke|p2|Gliscor, F|\n|poke|p2|Garganacl, F|\n|poke|p2|Pecharunt|\n|poke|p2|Cinderace, F|\n|teampreview\n|inactive|Battle timer is ON: inactive players will automatically lose when time's up. (requested by LegoesPeak)\n|\n|t:|1782450263\n|teamsize|p1|6\n|teamsize|p2|6\n|start\n|switch|p1a: Great Tusk|Great Tusk|100/100\n|switch|p2a: Gliscor|Gliscor, F|100/100\n|turn|1\n|\n|t:|1782450278\n|move|p2a: Gliscor|Protect|p2a: Gliscor\n|-singleturn|p2a: Gliscor|Protect\n|move|p1a: Great Tusk|Stealth Rock|p2a: Gliscor\n|-sidestart|p2: LegoesPeak|move: Stealth Rock\n|\n|-status|p2a: Gliscor|tox|[from] item: Toxic Orb\n|upkeep\n|turn|2\n|\n|t:|1782450289\n|switch|p2a: Pecharunt|Pecharunt|100/100\n|move|p1a: Great Tusk|Ice Spinner|p2a: Pecharunt\n|-damage|p2a: Pecharunt|89/100\n|\n|upkeep\n|turn|3\n|\n|t:|1782450312\n|switch|p2a: Gliscor|Gliscor, F|100/100 tox\n|-damage|p2a: Gliscor|88/100 tox|[from] Stealth Rock\n|move|p1a: Great Tusk|Headlong Rush|p2a: Gliscor\n|-immune|p2a: Gliscor\n|\n|-heal|p2a: Gliscor|100/100 tox|[from] ability: Poison Heal\n|upkeep\n|turn|4\n|\n|t:|1782450323\n|switch|p2a: Pecharunt|Pecharunt|89/100\n|move|p1a: Great Tusk|Ice Spinner|p2a: Pecharunt\n|-damage|p2a: Pecharunt|78/100\n|\n|upkeep\n|turn|5\n|\n|t:|1782450328\n|move|p1a: Great Tusk|Headlong Rush|p2a: Pecharunt\n|-supereffective|p2a: Pecharunt\n|-damage|p2a: Pecharunt|26/100\n|-unboost|p1a: Great Tusk|def|1\n|-unboost|p1a: Great Tusk|spd|1\n|move|p2a: Pecharunt|Parting Shot|p1a: Great Tusk\n|-unboost|p1a: Great Tusk|atk|1\n|-unboost|p1a: Great Tusk|spa|1\n|\n|t:|1782450350\n|switch|p2a: Iron Crown|Iron Crown|100/100|[from] Parting Shot\n|-damage|p2a: Iron Crown|94/100|[from] Stealth Rock\n|\n|upkeep\n|turn|6\n|\n|t:|1782450359\n|-end|p1a: Great Tusk|Protosynthesis|[silent]\n|switch|p1a: Zapdos|Zapdos|100/100\n|move|p2a: Iron Crown|Tachyon Cutter|p1a: Zapdos\n|-resisted|p1a: Zapdos\n|-damage|p1a: Zapdos|84/100\n|-resisted|p1a: Zapdos\n|-damage|p1a: Zapdos|67/100\n|-hitcount|p1a: Zapdos|2\n|\n|upkeep\n|turn|7\n|\n|t:|1782450369\n|move|p2a: Iron Crown|Tachyon Cutter|p1a: Zapdos\n|-resisted|p1a: Zapdos\n|-damage|p1a: Zapdos|48/100\n|-resisted|p1a: Zapdos\n|-damage|p1a: Zapdos|30/100\n|-hitcount|p1a: Zapdos|2\n|move|p1a: Zapdos|Thunder Wave|p2a: Iron Crown\n|-status|p2a: Iron Crown|par\n|\n|upkeep\n|turn|8\n|\n|t:|1782450378\n|move|p1a: Zapdos|Roost|p1a: Zapdos\n|-heal|p1a: Zapdos|80/100\n|-singleturn|p1a: Zapdos|move: Roost\n|move|p2a: Iron Crown|Tachyon Cutter|p1a: Zapdos\n|-resisted|p1a: Zapdos\n|-damage|p1a: Zapdos|63/100\n|-resisted|p1a: Zapdos\n|-damage|p1a: Zapdos|46/100\n|-hitcount|p1a: Zapdos|2\n|\n|upkeep\n|turn|9\n|\n|t:|1782450386\n|-end|p2a: Iron Crown|Quark Drive|[silent]\n|switch|p2a: Gliscor|Gliscor, F|100/100 tox\n|-damage|p2a: Gliscor|88/100 tox|[from] Stealth Rock\n|move|p1a: Zapdos|Roost|p1a: Zapdos\n|-heal|p1a: Zapdos|96/100\n|-singleturn|p1a: Zapdos|move: Roost\n|\n|-heal|p2a: Gliscor|100/100 tox|[from] ability: Poison Heal\n|upkeep\n|turn|10\n|\n|t:|1782450397\n|switch|p1a: Great Tusk|Great Tusk|100/100\n|move|p2a: Gliscor|Swords Dance|p2a: Gliscor\n|-boost|p2a: Gliscor|atk|2\n|\n|upkeep\n|turn|11\n|inactive|LegoesPeak has 120 seconds left.\n|c|☆grandmaster778|r u there\n|\n|t:|1782450439\n|-terastallize|p2a: Gliscor|Normal\n|move|p2a: Gliscor|Swords Dance|p2a: Gliscor\n|-boost|p2a: Gliscor|atk|2\n|move|p1a: Great Tusk|Ice Spinner|p2a: Gliscor\n|-damage|p2a: Gliscor|80/100 tox\n|\n|-heal|p2a: Gliscor|92/100 tox|[from] ability: Poison Heal\n|upkeep\n|turn|12\n|\n|t:|1782450464\n|move|p2a: Gliscor|Facade|p1a: Great Tusk\n|-damage|p1a: Great Tusk|0 fnt\n|faint|p1a: Great Tusk\n|-end|p1a: Great Tusk|Protosynthesis|[silent]\n|\n|-heal|p2a: Gliscor|100/100 tox|[from] ability: Poison Heal\n|upkeep\n|\n|t:|1782450473\n|switch|p1a: Rillaboom|Rillaboom, F|100/100\n|-fieldstart|move: Grassy Terrain|[from] ability: Grassy Surge|[of] p1a: Rillaboom\n|turn|13\n|\n|t:|1782450479\n|move|p1a: Rillaboom|Grassy Glide|p2a: Gliscor\n|-damage|p2a: Gliscor|47/100 tox\n|move|p2a: Gliscor|Facade|p1a: Rillaboom\n|-crit|p1a: Rillaboom\n|-damage|p1a: Rillaboom|0 fnt\n|faint|p1a: Rillaboom\n|\n|-heal|p2a: Gliscor|53/100 tox|[from] Grassy Terrain\n|-heal|p2a: Gliscor|66/100 tox|[from] ability: Poison Heal\n|upkeep\n|inactive|grandmaster778 has 120 seconds left.\n|-message|grandmaster778 forfeited.\n|\n|win|LegoesPeak\n|raw|grandmaster778's rating: 1423 &rarr; <strong>1403</strong><br />(-20 for losing)\n|raw|LegoesPeak's rating: 1429 &rarr; <strong>1449</strong><br />(+20 for winning)\n|l|☆grandmaster778\n|player|p1|\n|l|☆LegoesPeak\n|player|p2|\n", "uploadtime": 1782450719, "views": 3, "formatid": "gen9ou", "rating": 1403, "private": 0, "password": null}