{"id": "gen9ou-2639310893", "format": "[Gen 9] OU", "players": ["bh_33", "infopro play392"], "log": "|j|☆bh_33\n|j|☆infopro play392\n|t:|1782450669\n|gametype|singles\n|player|p1|bh_33|101|1447\n|player|p2|infopro play392|gambler|1396\n|gen|9\n|tier|[Gen 9] OU\n|rated|\n|rule|HP Percentage Mod: HP is shown in percentages\n|rule|Endless Battle Clause: Forcing endless battles is banned\n|rule|Species Clause: Limit one of each Pokémon\n|rule|OHKO Clause: OHKO moves are banned\n|rule|Evasion Items Clause: Evasion items are banned\n|rule|Evasion Moves Clause: Evasion moves are banned\n|rule|Evasion Abilities Clause: Evasion abilities are banned\n|rule|Sleep Moves Clause: Sleep-inducing moves are banned\n|clearpoke\n|poke|p1|Iron Valiant|\n|poke|p1|Excadrill, M|\n|poke|p1|Tyranitar, M|\n|poke|p1|Tornadus-Therian, M|\n|poke|p1|Ogerpon-Cornerstone, F|\n|poke|p1|Toxapex, M|\n|poke|p2|Ogerpon, F|\n|poke|p2|Alomomola, M|\n|poke|p2|Infernape, M|\n|poke|p2|Iron Crown|\n|poke|p2|Landorus-Therian, M|\n|poke|p2|Great Tusk|\n|teampreview\n|inactive|Battle timer is ON: inactive players will automatically lose when time's up. (requested by infopro play392)\n|\n|t:|1782450699\n|teamsize|p1|6\n|teamsize|p2|6\n|start\n|switch|p1a: Tornadus|Tornadus-Therian, M, shiny|100/100\n|switch|p2a: Iron Crown|Iron Crown|100/100\n|turn|1\n|\n|t:|1782450705\n|move|p1a: Tornadus|Heat Wave|p2a: Iron Crown\n|-supereffective|p2a: Iron Crown\n|-damage|p2a: Iron Crown|46/100\n|move|p2a: Iron Crown|Tachyon Cutter|p1a: Tornadus\n|-damage|p1a: Tornadus|69/100\n|-damage|p1a: Tornadus|37/100\n|-hitcount|p1a: Tornadus|2\n|\n|upkeep\n|turn|2\n|\n|t:|1782450715\n|-end|p2a: Iron Crown|Quark Drive|[silent]\n|switch|p2a: Alomomola|Alomomola, M, shiny|100/100\n|move|p1a: Tornadus|Heat Wave|p2a: Alomomola\n|-resisted|p2a: Alomomola\n|-crit|p2a: Alomomola\n|-damage|p2a: Alomomola|59/100\n|\n|upkeep\n|turn|3\n|\n|t:|1782450722\n|switch|p1a: Toxapex|Toxapex, M, shiny|100/100\n|move|p2a: Alomomola|Wish|p2a: Alomomola\n|\n|upkeep\n|turn|4\n|\n|t:|1782450728\n|switch|p2a: Iron Crown|Iron Crown|46/100\n|move|p1a: Toxapex|Toxic Spikes|p2a: Iron Crown\n|-sidestart|p2: infopro play392|move: Toxic Spikes\n|\n|-heal|p2a: Iron Crown|100/100|[from] move: Wish|[wisher] Alomomola\n|upkeep\n|turn|5\n|\n|t:|1782450756\n|switch|p1a: Excadrill|Excadrill, M, shiny|100/100\n|move|p2a: Iron Crown|Psychic Noise|p1a: Excadrill\n|-resisted|p1a: Excadrill\n|-damage|p1a: Excadrill|74/100\n|-start|p1a: Excadrill|move: Heal Block\n|\n|upkeep\n|turn|6\n|inactive|bh_33 has 120 seconds left.\n|\n|t:|1782450773\n|switch|p1a: Tornadus|Tornadus-Therian, M, shiny|70/100\n|move|p2a: Iron Crown|Focus Blast|p1a: Tornadus\n|-resisted|p1a: Tornadus\n|-damage|p1a: Tornadus|46/100\n|\n|upkeep\n|turn|7\n|inactive|bh_33 has 120 seconds left.\n|\n|t:|1782450788\n|switch|p1a: Toxapex|Toxapex, M, shiny|100/100\n|move|p2a: Iron Crown|Tachyon Cutter|p1a: Toxapex\n|-resisted|p1a: Toxapex\n|-damage|p1a: Toxapex|92/100\n|-resisted|p1a: Toxapex\n|-damage|p1a: Toxapex|83/100\n|-hitcount|p1a: Toxapex|2\n|-enditem|p1a: Toxapex|Eject Button\n|\n|t:|1782450802\n|switch|p1a: Tyranitar|Tyranitar, M, shiny|100/100\n|-weather|Sandstorm|[from] ability: Sand Stream|[of] p1a: Tyranitar\n|\n|-weather|Sandstorm|[upkeep]\n|upkeep\n|turn|8\n|\n|t:|1782450815\n|-terastallize|p1a: Tyranitar|Bug\n|move|p2a: Iron Crown|Volt Switch|p1a: Tyranitar\n|-damage|p1a: Tyranitar|78/100\n|\n|t:|1782450820\n|-end|p2a: Iron Crown|Quark Drive|[silent]\n|switch|p2a: Landorus|Landorus-Therian, M, shiny|100/100|[from] Volt Switch\n|-ability|p2a: Landorus|Intimidate|boost\n|-unboost|p1a: Tyranitar|atk|1\n|move|p1a: Tyranitar|Knock Off|p2a: Landorus\n|-damage|p2a: Landorus|65/100\n|-enditem|p2a: Landorus|Leftovers|[from] move: Knock Off|[of] p1a: Tyranitar\n|\n|-weather|Sandstorm|[upkeep]\n|-damage|p1a: Tyranitar|72/100|[from] Sandstorm\n|upkeep\n|turn|9\n|inactive|bh_33 has 120 seconds left.\n|\n|t:|1782450835\n|move|p2a: Landorus|Stone Edge|p1a: Tyranitar|[miss]\n|-miss|p2a: Landorus|p1a: Tyranitar\n|move|p1a: Tyranitar|Ice Punch|p2a: Landorus\n|-supereffective|p2a: Landorus\n|-damage|p2a: Landorus|0 fnt\n|faint|p2a: Landorus\n|\n|-weather|Sandstorm|[upkeep]\n|-damage|p1a: Tyranitar|66/100|[from] Sandstorm\n|upkeep\n|\n|t:|1782450846\n|switch|p2a: Great Tusk|Great Tusk|100/100\n|-status|p2a: Great Tusk|psn\n|turn|10\n|inactive|bh_33 has 120 seconds left.\n|\n|t:|1782450856\n|move|p2a: Great Tusk|Rapid Spin|p1a: Tyranitar\n|-damage|p1a: Tyranitar|53/100\n|-boost|p2a: Great Tusk|spe|1\n|-sideend|p2: infopro play392|Toxic Spikes|[from] move: Rapid Spin|[of] p2a: Great Tusk\n|move|p1a: Tyranitar|Ice Punch|p2a: Great Tusk\n|-supereffective|p2a: Great Tusk\n|-damage|p2a: Great Tusk|75/100 psn\n|\n|-weather|Sandstorm|[upkeep]\n|-damage|p1a: Tyranitar|47/100|[from] Sandstorm\n|-heal|p2a: Great Tusk|81/100 psn|[from] item: Leftovers\n|-damage|p2a: Great Tusk|68/100 psn|[from] psn\n|upkeep\n|turn|11\n|inactive|bh_33 has 120 seconds left.\n|\n|t:|1782450870\n|switch|p1a: Toxapex|Toxapex, M, shiny|100/100\n|move|p2a: Great Tusk|Knock Off|p1a: Toxapex\n|-damage|p1a: Toxapex|88/100\n|\n|-weather|Sandstorm|[upkeep]\n|-damage|p1a: Toxapex|82/100|[from] Sandstorm\n|-heal|p2a: Great Tusk|75/100 psn|[from] item: Leftovers\n|-damage|p2a: Great Tusk|62/100 psn|[from] psn\n|upkeep\n|turn|12\n|\n|t:|1782450878\n|switch|p1a: Tornadus|Tornadus-Therian, M, shiny|79/100\n|move|p2a: Great Tusk|Earthquake|p1a: Tornadus\n|-immune|p1a: Tornadus\n|\n|-weather|Sandstorm|[upkeep]\n|-damage|p1a: Tornadus|73/100|[from] Sandstorm\n|-heal|p2a: Great Tusk|68/100 psn|[from] item: Leftovers\n|-damage|p2a: Great Tusk|56/100 psn|[from] psn\n|upkeep\n|turn|13\n|\n|t:|1782450887\n|switch|p1a: Toxapex|Toxapex, M, shiny|100/100\n|move|p2a: Great Tusk|Ice Spinner|p1a: Toxapex\n|-resisted|p1a: Toxapex\n|-damage|p1a: Toxapex|92/100\n|\n|-weather|Sandstorm|[upkeep]\n|-damage|p1a: Toxapex|86/100|[from] Sandstorm\n|-heal|p2a: Great Tusk|62/100 psn|[from] item: Leftovers\n|-damage|p2a: Great Tusk|50/100 psn|[from] psn\n|upkeep\n|turn|14\n|\n|t:|1782450905\n|switch|p1a: Tornadus|Tornadus-Therian, M, shiny|100/100\n|move|p2a: Great Tusk|Ice Spinner|p1a: Tornadus\n|-supereffective|p1a: Tornadus\n|-damage|p1a: Tornadus|38/100\n|\n|-weather|none\n|-heal|p2a: Great Tusk|56/100 psn|[from] item: Leftovers\n|-damage|p2a: Great Tusk|43/100 psn|[from] psn\n|upkeep\n|turn|15\n|\n|t:|1782450918\n|switch|p1a: Tyranitar|Tyranitar, M, shiny, tera:Bug|47/100\n|-weather|Sandstorm|[from] ability: Sand Stream|[of] p1a: Tyranitar\n|move|p2a: Great Tusk|Knock Off|p1a: Tyranitar\n|-damage|p1a: Tyranitar|19/100\n|-enditem|p1a: Tyranitar|Smooth Rock|[from] move: Knock Off|[of] p2a: Great Tusk\n|\n|-weather|Sandstorm|[upkeep]\n|-damage|p1a: Tyranitar|13/100|[from] Sandstorm\n|-heal|p2a: Great Tusk|50/100 psn|[from] item: Leftovers\n|-damage|p2a: Great Tusk|37/100 psn|[from] psn\n|upkeep\n|turn|16\n|\n|t:|1782450931\n|switch|p1a: Toxapex|Toxapex, M, shiny|100/100\n|move|p2a: Great Tusk|Ice Spinner|p1a: Toxapex\n|-resisted|p1a: Toxapex\n|-damage|p1a: Toxapex|93/100\n|\n|-weather|Sandstorm|[upkeep]\n|-damage|p1a: Toxapex|87/100|[from] Sandstorm\n|-heal|p2a: Great Tusk|43/100 psn|[from] item: Leftovers\n|-damage|p2a: Great Tusk|31/100 psn|[from] psn\n|upkeep\n|turn|17\n|\n|t:|1782450938\n|-end|p2a: Great Tusk|Protosynthesis|[silent]\n|switch|p2a: Alomomola|Alomomola, M, shiny|92/100\n|move|p1a: Toxapex|Recover|p1a: Toxapex\n|-heal|p1a: Toxapex|100/100\n|\n|-weather|Sandstorm|[upkeep]\n|-damage|p2a: Alomomola|86/100|[from] Sandstorm\n|-damage|p1a: Toxapex|95/100|[from] Sandstorm\n|upkeep\n|turn|18\n|\n|t:|1782450955\n|switch|p1a: Iron Valiant|Iron Valiant, shiny|100/100\n|move|p2a: Alomomola|Wish|p2a: Alomomola\n|\n|-weather|Sandstorm|[upkeep]\n|-damage|p1a: Iron Valiant|94/100|[from] Sandstorm\n|-damage|p2a: Alomomola|79/100|[from] Sandstorm\n|upkeep\n|turn|19\n|\n|t:|1782450962\n|move|p1a: Iron Valiant|Moonblast|p2a: Alomomola\n|-damage|p2a: Alomomola|0 fnt\n|faint|p2a: Alomomola\n|\n|-weather|Sandstorm|[upkeep]\n|-damage|p1a: Iron Valiant|88/100|[from] Sandstorm\n|upkeep\n|\n|t:|1782450969\n|switch|p2a: Iron Crown|Iron Crown|100/100\n|turn|20\n|\n|t:|1782450991\n|-end|p1a: Iron Valiant|Quark Drive|[silent]\n|switch|p1a: Excadrill|Excadrill, M, shiny|74/100\n|move|p2a: Iron Crown|Psychic Noise|p1a: Excadrill\n|-resisted|p1a: Excadrill\n|-damage|p1a: Excadrill|48/100\n|-start|p1a: Excadrill|move: Heal Block\n|\n|-weather|Sandstorm|[upkeep]\n|upkeep\n|turn|21\n|\n|t:|1782451007\n|-end|p2a: Iron Crown|Quark Drive|[silent]\n|switch|p2a: Great Tusk|Great Tusk|31/100 psn\n|move|p1a: Excadrill|Earthquake|p2a: Great Tusk\n|-damage|p2a: Great Tusk|0 fnt\n|faint|p2a: Great Tusk\n|-end|p2a: Great Tusk|Protosynthesis|[silent]\n|\n|-weather|Sandstorm|[upkeep]\n|-end|p1a: Excadrill|move: Heal Block\n|upkeep\n|\n|t:|1782451014\n|switch|p2a: Ogerpon|Ogerpon, F|100/100\n|turn|22\n|\n|t:|1782451023\n|switch|p1a: Toxapex|Toxapex, M, shiny|100/100\n|-terastallize|p2a: Ogerpon|Grass\n|detailschange|p2a: Ogerpon|Ogerpon-Teal-Tera, F, tera:Grass\n|-ability|p2a: Ogerpon|Embody Aspect (Teal)|boost\n|-boost|p2a: Ogerpon|spe|1\n|move|p2a: Ogerpon|Ivy Cudgel|p1a: Toxapex\n|-damage|p1a: Toxapex|28/100\n|\n|-weather|none\n|upkeep\n|turn|23\n|\n|t:|1782451040\n|move|p2a: Ogerpon|Ivy Cudgel|p1a: Toxapex\n|-damage|p1a: Toxapex|0 fnt\n|faint|p1a: Toxapex\n|\n|upkeep\n|\n|t:|1782451042\n|switch|p1a: Tornadus|Tornadus-Therian, M, shiny|71/100\n|turn|24\n|\n|t:|1782451045\n|switch|p2a: Iron Crown|Iron Crown|100/100\n|move|p1a: Tornadus|Bleakwind Storm|p2a: Iron Crown\n|-resisted|p2a: Iron Crown\n|-damage|p2a: Iron Crown|79/100\n|\n|upkeep\n|turn|25\n|\n|t:|1782451055\n|switch|p1a: Tyranitar|Tyranitar, M, shiny, tera:Bug|13/100\n|-weather|Sandstorm|[from] ability: Sand Stream|[of] p1a: Tyranitar\n|move|p2a: Iron Crown|Volt Switch|p1a: Tyranitar\n|-damage|p1a: Tyranitar|0 fnt\n|faint|p1a: Tyranitar\n|\n|t:|1782451060\n|-end|p2a: Iron Crown|Quark Drive|[silent]\n|switch|p2a: Infernape|Infernape, M, shiny|100/100|[from] Volt Switch\n|\n|-weather|Sandstorm|[upkeep]\n|-damage|p2a: Infernape|94/100|[from] Sandstorm\n|upkeep\n|\n|t:|1782451064\n|switch|p1a: Excadrill|Excadrill, M, shiny|48/100\n|turn|26\n|\n|t:|1782451066\n|move|p2a: Infernape|Mach Punch|p1a: Excadrill\n|-supereffective|p1a: Excadrill\n|-damage|p1a: Excadrill|0 fnt\n|faint|p1a: Excadrill\n|-damage|p2a: Infernape|84/100|[from] item: Life Orb\n|\n|-weather|Sandstorm|[upkeep]\n|-damage|p2a: Infernape|78/100|[from] Sandstorm\n|upkeep\n|\n|t:|1782451074\n|switch|p1a: Ogerpon|Ogerpon-Cornerstone, F|100/100\n|turn|27\n|\n|t:|1782451077\n|move|p2a: Infernape|Mach Punch|p1a: Ogerpon\n|-supereffective|p1a: Ogerpon\n|-damage|p1a: Ogerpon|28/100\n|-damage|p2a: Infernape|68/100|[from] item: Life Orb\n|move|p1a: Ogerpon|Ivy Cudgel|p2a: Infernape|[anim] Ivy Cudgel Rock\n|-damage|p2a: Infernape|0 fnt\n|faint|p2a: Infernape\n|\n|-weather|Sandstorm|[upkeep]\n|upkeep\n|\n|t:|1782451096\n|switch|p2a: Iron Crown|Iron Crown|79/100\n|turn|28\n|\n|t:|1782451102\n|move|p1a: Ogerpon|Knock Off|p2a: Iron Crown\n|-supereffective|p2a: Iron Crown\n|-crit|p2a: Iron Crown\n|-damage|p2a: Iron Crown|0 fnt\n|-enditem|p2a: Iron Crown|Assault Vest|[from] move: Knock Off|[of] p1a: Ogerpon\n|faint|p2a: Iron Crown\n|-end|p2a: Iron Crown|Quark Drive|[silent]\n|\n|-weather|Sandstorm|[upkeep]\n|upkeep\n|\n|t:|1782451105\n|switch|p2a: Ogerpon|Ogerpon-Teal-Tera, F, tera:Grass|100/100\n|-ability|p2a: Ogerpon|Embody Aspect (Teal)|boost\n|-boost|p2a: Ogerpon|spe|1\n|turn|29\n|\n|t:|1782451119\n|move|p2a: Ogerpon|Play Rough|p1a: Ogerpon\n|-damage|p1a: Ogerpon|0 fnt\n|faint|p1a: Ogerpon\n|\n|-weather|none\n|upkeep\n|l|☆bh_33\n|inactive|bh_33 disconnected and has a minute to reconnect!\n|player|p1|\n|j|☆bh_33\n|inactive|bh_33 reconnected and has 130 seconds left.\n|player|p1|bh_33|101|\n|inactive|bh_33 has 120 seconds left.\n|\n|t:|1782451152\n|switch|p1a: Tornadus|Tornadus-Therian, M, shiny|100/100\n|turn|30\n|\n|t:|1782451156\n|move|p2a: Ogerpon|Play Rough|p1a: Tornadus|[miss]\n|-miss|p2a: Ogerpon|p1a: Tornadus\n|move|p1a: Tornadus|Bleakwind Storm|p2a: Ogerpon\n|-supereffective|p2a: Ogerpon\n|-damage|p2a: Ogerpon|0 fnt\n|faint|p2a: Ogerpon\n|detailschange|p2: Ogerpon|Ogerpon, F|[silent]\n|\n|win|bh_33\n|raw|bh_33's rating: 1447 &rarr; <strong>1464</strong><br />(+17 for winning)\n|raw|infopro play392's rating: 1396 &rarr; <strong>1379</strong><br />(-17 for losing)\n|l|☆infopro play392\n|player|p2|\n|l|☆bh_33\n|player|p1|\n|j|☆bh_33\n|player|p1|bh_33|101|\n|l|☆bh_33\n|player|p1|\n", "uploadtime": 1782451391, "views": 5, "formatid": "gen9ou", "rating": 1379, "private": 0, "password": null}