{"id": "gen9ou-2540572950", "format": "[Gen 9] OU", "players": ["kjfm30", "BlRD BOY"], "log": "|j|☆kjfm30\n|j|☆BlRD BOY\n|t:|1771220112\n|gametype|singles\n|player|p1|kjfm30|266|1536\n|player|p2|BlRD BOY|brycen|1500\n|gen|9\n|tier|[Gen 9] OU\n|rated|\n|rule|HP Percentage Mod: HP is shown in percentages\n|rule|Endless Battle Clause: Forcing endless battles is banned\n|rule|Species Clause: Limit one of each Pokémon\n|rule|OHKO Clause: OHKO moves are banned\n|rule|Evasion Items Clause: Evasion items are banned\n|rule|Evasion Moves Clause: Evasion moves are banned\n|rule|Evasion Abilities Clause: Evasion abilities are banned\n|rule|Sleep Moves Clause: Sleep-inducing moves are banned\n|clearpoke\n|poke|p1|Tyranitar, M|\n|poke|p1|Dragonite, M|\n|poke|p1|Great Tusk|\n|poke|p1|Pecharunt|\n|poke|p1|Enamorus, F|\n|poke|p1|Slowking-Galar, F|\n|poke|p2|Ribombee, F|\n|poke|p2|Great Tusk|\n|poke|p2|Kommo-o, M|\n|poke|p2|Gholdengo|\n|poke|p2|Landorus-Therian, M|\n|poke|p2|Iron Valiant|\n|teampreview\n|inactive|Battle timer is ON: inactive players will automatically lose when time's up. (requested by kjfm30)\n|\n|t:|1771220122\n|teamsize|p1|6\n|teamsize|p2|6\n|start\n|switch|p1a: Tyranitar|Tyranitar, M|100/100\n|switch|p2a: Ribombee|Ribombee, F|100/100\n|-weather|Sandstorm|[from] ability: Sand Stream|[of] p1a: Tyranitar\n|turn|1\n|\n|t:|1771220124\n|move|p2a: Ribombee|Sticky Web|p1a: Tyranitar\n|-sidestart|p1: kjfm30|move: Sticky Web\n|move|p1a: Tyranitar|Stone Edge|p2a: Ribombee|[miss]\n|-miss|p1a: Tyranitar|p2a: Ribombee\n|\n|-weather|Sandstorm|[upkeep]\n|-damage|p2a: Ribombee|94/100|[from] Sandstorm\n|upkeep\n|turn|2\n|\n|t:|1771220133\n|move|p2a: Ribombee|Stun Spore|p1a: Tyranitar\n|-status|p1a: Tyranitar|par\n|move|p1a: Tyranitar|Stone Edge|p2a: Ribombee\n|-supereffective|p2a: Ribombee\n|-crit|p2a: Ribombee\n|-damage|p2a: Ribombee|0 fnt\n|faint|p2a: Ribombee\n|\n|-weather|Sandstorm|[upkeep]\n|upkeep\n|\n|t:|1771220146\n|switch|p2a: Kommo-o|Kommo-o, M|100/100\n|turn|3\n|\n|t:|1771220152\n|switch|p1a: Slowking|Slowking-Galar, F|100/100\n|move|p2a: Kommo-o|Clangorous Soul|p2a: Kommo-o\n|-boost|p2a: Kommo-o|atk|1\n|-boost|p2a: Kommo-o|def|1\n|-boost|p2a: Kommo-o|spa|1\n|-boost|p2a: Kommo-o|spd|1\n|-boost|p2a: Kommo-o|spe|1\n|-damage|p2a: Kommo-o|68/100\n|-enditem|p2a: Kommo-o|Throat Spray\n|-boost|p2a: Kommo-o|spa|1|[from] item: Throat Spray\n|\n|-weather|Sandstorm|[upkeep]\n|-damage|p2a: Kommo-o|61/100|[from] Sandstorm\n|-damage|p1a: Slowking|94/100|[from] Sandstorm\n|upkeep\n|turn|4\n|\n|t:|1771220160\n|move|p2a: Kommo-o|Boomburst|p1a: Slowking\n|-damage|p1a: Slowking|48/100\n|move|p1a: Slowking|Thunder Wave|p2a: Kommo-o\n|-status|p2a: Kommo-o|par\n|\n|-weather|Sandstorm|[upkeep]\n|-damage|p2a: Kommo-o|55/100 par|[from] Sandstorm\n|-damage|p1a: Slowking|42/100|[from] Sandstorm\n|upkeep\n|turn|5\n|\n|t:|1771220167\n|switch|p1a: Pecharunt|Pecharunt|100/100\n|move|p2a: Kommo-o|Boomburst|p1a: Pecharunt\n|-immune|p1a: Pecharunt\n|\n|-weather|none\n|upkeep\n|turn|6\n|\n|t:|1771220175\n|cant|p2a: Kommo-o|par\n|move|p1a: Pecharunt|Parting Shot|p2a: Kommo-o\n|-immune|p2a: Kommo-o|[from] ability: Soundproof\n|\n|upkeep\n|turn|7\n|\n|t:|1771220182\n|switch|p1a: Enamorus|Enamorus, F|100/100\n|move|p2a: Kommo-o|Flamethrower|p1a: Enamorus\n|-damage|p1a: Enamorus|31/100\n|\n|upkeep\n|turn|8\n|\n|t:|1771220189\n|move|p1a: Enamorus|Moonblast|p2a: Kommo-o\n|-supereffective|p2a: Kommo-o\n|-damage|p2a: Kommo-o|0 fnt\n|faint|p2a: Kommo-o\n|\n|upkeep\n|\n|t:|1771220194\n|switch|p2a: Iron Valiant|Iron Valiant|100/100\n|-enditem|p2a: Iron Valiant|Booster Energy\n|-activate|p2a: Iron Valiant|ability: Quark Drive|[fromitem]\n|-start|p2a: Iron Valiant|quarkdrivespe\n|turn|9\n|\n|t:|1771220199\n|switch|p1a: Pecharunt|Pecharunt|100/100\n|move|p2a: Iron Valiant|Calm Mind|p2a: Iron Valiant\n|-boost|p2a: Iron Valiant|spa|1\n|-boost|p2a: Iron Valiant|spd|1\n|\n|upkeep\n|turn|10\n|\n|t:|1771220203\n|-terastallize|p2a: Iron Valiant|Ghost\n|move|p2a: Iron Valiant|Shadow Ball|p1a: Pecharunt\n|-supereffective|p1a: Pecharunt\n|-damage|p1a: Pecharunt|0 fnt\n|faint|p1a: Pecharunt\n|\n|upkeep\n|\n|t:|1771220207\n|switch|p1a: Slowking|Slowking-Galar, F|75/100\n|turn|11\n|\n|t:|1771220210\n|move|p2a: Iron Valiant|Shadow Ball|p1a: Slowking\n|-supereffective|p1a: Slowking\n|-damage|p1a: Slowking|9/100\n|move|p1a: Slowking|Thunder Wave|p2a: Iron Valiant\n|-status|p2a: Iron Valiant|par\n|\n|upkeep\n|turn|12\n|\n|t:|1771220214\n|move|p2a: Iron Valiant|Moonblast|p1a: Slowking\n|-resisted|p1a: Slowking\n|-damage|p1a: Slowking|0 fnt\n|faint|p1a: Slowking\n|\n|upkeep\n|\n|t:|1771220217\n|switch|p1a: Enamorus|Enamorus, F|31/100\n|turn|13\n|\n|t:|1771220220\n|-end|p2a: Iron Valiant|Quark Drive|[silent]\n|switch|p2a: Gholdengo|Gholdengo|100/100\n|-item|p2a: Gholdengo|Air Balloon\n|move|p1a: Enamorus|Moonblast|p2a: Gholdengo\n|-resisted|p2a: Gholdengo\n|-damage|p2a: Gholdengo|60/100\n|-enditem|p2a: Gholdengo|Air Balloon\n|\n|upkeep\n|turn|14\n|\n|t:|1771220223\n|move|p1a: Enamorus|Moonblast|p2a: Gholdengo\n|-resisted|p2a: Gholdengo\n|-damage|p2a: Gholdengo|16/100\n|move|p2a: Gholdengo|Make It Rain|p1a: Enamorus\n|-supereffective|p1a: Enamorus\n|-damage|p1a: Enamorus|0 fnt\n|-unboost|p2a: Gholdengo|spa|1\n|faint|p1a: Enamorus\n|\n|upkeep\n|\n|t:|1771220229\n|switch|p1a: Dragonite|Dragonite, M|100/100\n|turn|15\n|\n|t:|1771220232\n|move|p2a: Gholdengo|Dazzling Gleam|p1a: Dragonite\n|-supereffective|p1a: Dragonite\n|-damage|p1a: Dragonite|82/100\n|move|p1a: Dragonite|Dragon Dance|p1a: Dragonite\n|-boost|p1a: Dragonite|atk|1\n|-boost|p1a: Dragonite|spe|1\n|\n|upkeep\n|turn|16\n|\n|t:|1771220234\n|move|p1a: Dragonite|Dragon Dance|p1a: Dragonite\n|-boost|p1a: Dragonite|atk|1\n|-boost|p1a: Dragonite|spe|1\n|move|p2a: Gholdengo|Dazzling Gleam|p1a: Dragonite\n|-supereffective|p1a: Dragonite\n|-crit|p1a: Dragonite\n|-damage|p1a: Dragonite|0 fnt\n|faint|p1a: Dragonite\n|\n|upkeep\n|-message|kjfm30 forfeited.\n|\n|win|BlRD BOY\n|raw|kjfm30's rating: 1536 &rarr; <strong>1514</strong><br />(-22 for losing)\n|raw|BlRD BOY's rating: 1500 &rarr; <strong>1522</strong><br />(+22 for winning)\n|l|☆kjfm30\n|player|p1|\n|l|☆BlRD BOY\n|player|p2|\n", "uploadtime": 1771220485, "views": 6, "formatid": "gen9ou", "rating": 1514, "private": 0, "password": null}