{"id": "gen9ou-2640006472", "format": "[Gen 9] OU", "players": ["Auburn Hills", "Pinkacross"], "log": "|badge|p2|silver|gen9ou|30-9\n|html|<div class=\"broadcast-red\"><strong>This battle is required to be public due to one or more player having a season medal.</strong><br />During the public phase, you can discuss the state of the ladder <a href=\"/seasondiscussion\">in a special chatroom.</a></div>\n|uhtml|medal-msg|<div class=\"broadcast-blue\">Curious what those medals under the avatar are? PS now has Ladder Seasons! For more information, check out the <a href=\"https://www.smogon.com/forums/threads/3740067/\">thread on Smogon.</a></div>\n|raw|<div class=\"broadcast-blue\"><strong>This battle is required to be public due to a player having a name starting with 'medal'.</div>\n|j|☆Auburn Hills\n|j|☆Pinkacross\n|t:|1782562537\n|gametype|singles\n|player|p1|Auburn Hills|alder|1731\n|player|p2|Pinkacross|artist|1855\n|gen|9\n|tier|[Gen 9] OU\n|rated|\n|rule|HP Percentage Mod: HP is shown in percentages\n|rule|Endless Battle Clause: Forcing endless battles is banned\n|rule|Species Clause: Limit one of each Pokémon\n|rule|OHKO Clause: OHKO moves are banned\n|rule|Evasion Items Clause: Evasion items are banned\n|rule|Evasion Moves Clause: Evasion moves are banned\n|rule|Evasion Abilities Clause: Evasion abilities are banned\n|rule|Sleep Moves Clause: Sleep-inducing moves are banned\n|clearpoke\n|poke|p1|Iron Moth|\n|poke|p1|Umbreon, F|\n|poke|p1|Garchomp, F|\n|poke|p1|Glimmora, M|\n|poke|p1|Gholdengo|\n|poke|p1|Dragonite, M|\n|poke|p2|Deoxys-Speed|\n|poke|p2|Araquanid, F|\n|poke|p2|Zamazenta-*|\n|poke|p2|Gholdengo|\n|poke|p2|Enamorus, F|\n|poke|p2|Iron Treads|\n|teampreview\n|c|☆Pinkacross|hf\n|j| intelligent11star\n|c|☆Auburn Hills|oh hey\n|\n|t:|1782562547\n|teamsize|p1|6\n|teamsize|p2|6\n|start\n|switch|p1a: Glimmora|Glimmora, M|100/100\n|switch|p2a: Araquanid|Araquanid, F|100/100\n|turn|1\n|\n|t:|1782562552\n|move|p1a: Glimmora|Mortal Spin|p2a: Araquanid\n|-damage|p2a: Araquanid|95/100\n|-status|p2a: Araquanid|psn\n|move|p2a: Araquanid|Surf|p1a: Glimmora\n|-supereffective|p1a: Glimmora\n|-enditem|p1a: Glimmora|Focus Sash\n|-damage|p1a: Glimmora|1/100\n|\n|-damage|p2a: Araquanid|83/100 psn|[from] psn\n|upkeep\n|turn|2\n|\n|t:|1782562560\n|move|p1a: Glimmora|Stealth Rock|p2a: Araquanid\n|-sidestart|p2: Pinkacross|move: Stealth Rock\n|move|p2a: Araquanid|Sticky Web|p1a: Glimmora\n|-sidestart|p1: Auburn Hills|move: Sticky Web\n|\n|-damage|p2a: Araquanid|70/100 psn|[from] psn\n|upkeep\n|turn|3\n|\n|t:|1782562564\n|switch|p2a: Iron Treads|Iron Treads|100/100\n|-damage|p2a: Iron Treads|97/100|[from] Stealth Rock\n|-enditem|p2a: Iron Treads|Booster Energy\n|-activate|p2a: Iron Treads|ability: Quark Drive|[fromitem]\n|-start|p2a: Iron Treads|quarkdriveatk\n|move|p1a: Glimmora|Earth Power|p2a: Iron Treads\n|-supereffective|p2a: Iron Treads\n|-damage|p2a: Iron Treads|2/100\n|\n|upkeep\n|turn|4\n|\n|t:|1782562572\n|switch|p1a: Smino|Gholdengo|100/100\n|-activate|p1a: Smino|move: Sticky Web\n|-unboost|p1a: Smino|spe|1\n|move|p2a: Iron Treads|Rapid Spin|p1a: Smino\n|-immune|p1a: Smino\n|\n|upkeep\n|turn|5\n|j| Garden of Dreams\n|\n|t:|1782562577\n|switch|p1a: Elucid|Dragonite, M|100/100\n|move|p2a: Iron Treads|Rapid Spin|p1a: Elucid\n|-damage|p1a: Elucid|87/100\n|-boost|p2a: Iron Treads|spe|1\n|-sideend|p2: Pinkacross|Stealth Rock|[from] move: Rapid Spin|[of] p2a: Iron Treads\n|\n|upkeep\n|turn|6\n|\n|t:|1782562583\n|move|p2a: Iron Treads|Rapid Spin|p1a: Elucid\n|-damage|p1a: Elucid|65/100\n|-boost|p2a: Iron Treads|spe|1\n|move|p1a: Elucid|Ice Spinner|p2a: Iron Treads\n|-damage|p2a: Iron Treads|0 fnt\n|faint|p2a: Iron Treads\n|-end|p2a: Iron Treads|Quark Drive|[silent]\n|\n|upkeep\n|\n|t:|1782562585\n|switch|p2a: Enamorus|Enamorus, F|100/100\n|turn|7\n|\n|t:|1782562588\n|move|p1a: Elucid|Extreme Speed|p2a: Enamorus\n|-damage|p2a: Enamorus|52/100\n|move|p2a: Enamorus|Moonblast|p1a: Elucid\n|-supereffective|p1a: Elucid\n|-damage|p1a: Elucid|0 fnt\n|faint|p1a: Elucid\n|-damage|p2a: Enamorus|42/100|[from] item: Life Orb\n|\n|upkeep\n|\n|t:|1782562593\n|switch|p1a: Smino|Gholdengo|100/100\n|-activate|p1a: Smino|move: Sticky Web\n|-unboost|p1a: Smino|spe|1\n|turn|8\n|\n|t:|1782562602\n|-terastallize|p1a: Smino|Flying\n|move|p2a: Enamorus|Earth Power|p1a: Smino\n|-immune|p1a: Smino\n|move|p1a: Smino|Shadow Ball|p2a: Enamorus\n|-damage|p2a: Enamorus|0 fnt\n|faint|p2a: Enamorus\n|\n|upkeep\n|\n|t:|1782562613\n|switch|p2a: Zamazenta|Zamazenta|100/100\n|-ability|p2a: Zamazenta|Dauntless Shield|boost\n|-boost|p2a: Zamazenta|def|1\n|turn|9\n|\n|t:|1782562615\n|switch|p1a: Glimmora|Glimmora, M|1/100\n|-activate|p1a: Glimmora|move: Sticky Web\n|-unboost|p1a: Glimmora|spe|1\n|move|p2a: Zamazenta|Light Screen|p2a: Zamazenta\n|-sidestart|p2: Pinkacross|move: Light Screen\n|\n|upkeep\n|turn|10\n|\n|t:|1782562619\n|switch|p2a: Gholdengo|Gholdengo|100/100\n|move|p1a: Glimmora|Mortal Spin|p2a: Gholdengo\n|-immune|p2a: Gholdengo\n|\n|upkeep\n|turn|11\n|\n|t:|1782562627\n|switch|p1a: Rat Tally|Garchomp, F|100/100\n|-activate|p1a: Rat Tally|move: Sticky Web\n|-unboost|p1a: Rat Tally|spe|1\n|move|p2a: Gholdengo|Thunderbolt|p1a: Rat Tally\n|-immune|p1a: Rat Tally\n|\n|upkeep\n|turn|12\n|\n|t:|1782562633\n|switch|p2a: Zamazenta|Zamazenta|100/100\n|move|p1a: Rat Tally|Scale Shot|p2a: Zamazenta\n|-damage|p2a: Zamazenta|90/100\n|-crit|p2a: Zamazenta\n|-damage|p2a: Zamazenta|73/100\n|-crit|p2a: Zamazenta\n|-damage|p2a: Zamazenta|58/100\n|-damage|p2a: Zamazenta|46/100\n|-hitcount|p2a: Zamazenta|4\n|-unboost|p1a: Rat Tally|def|1\n|-boost|p1a: Rat Tally|spe|1\n|\n|upkeep\n|turn|13\n|\n|t:|1782562637\n|move|p2a: Zamazenta|Reflect|p2a: Zamazenta\n|-sidestart|p2: Pinkacross|Reflect\n|move|p1a: Rat Tally|Scale Shot|p2a: Zamazenta\n|-damage|p2a: Zamazenta|41/100\n|-damage|p2a: Zamazenta|36/100\n|-damage|p2a: Zamazenta|31/100\n|-damage|p2a: Zamazenta|25/100\n|-damage|p2a: Zamazenta|21/100\n|-hitcount|p2a: Zamazenta|5\n|-unboost|p1a: Rat Tally|def|1\n|-boost|p1a: Rat Tally|spe|1\n|\n|upkeep\n|turn|14\n|\n|t:|1782562649\n|move|p1a: Rat Tally|Swords Dance|p1a: Rat Tally\n|-boost|p1a: Rat Tally|atk|2\n|move|p2a: Zamazenta|Roar|p1a: Rat Tally\n|drag|p1a: Glimmora|Glimmora, M|1/100\n|-activate|p1a: Glimmora|move: Sticky Web\n|-unboost|p1a: Glimmora|spe|1\n|\n|upkeep\n|turn|15\n|\n|t:|1782562655\n|switch|p2a: Gholdengo|Gholdengo|100/100\n|move|p1a: Glimmora|Stealth Rock|p2a: Gholdengo\n|-sidestart|p2: Pinkacross|move: Stealth Rock\n|\n|upkeep\n|turn|16\n|\n|t:|1782562661\n|switch|p1a: Rat Tally|Garchomp, F|100/100\n|-activate|p1a: Rat Tally|move: Sticky Web\n|-unboost|p1a: Rat Tally|spe|1\n|move|p2a: Gholdengo|Thunderbolt|p1a: Rat Tally\n|-immune|p1a: Rat Tally\n|\n|-sideend|p2: Pinkacross|move: Light Screen\n|upkeep\n|turn|17\n|\n|t:|1782562674\n|-terastallize|p2a: Gholdengo|Steel\n|move|p2a: Gholdengo|Make It Rain|p1a: Rat Tally\n|-damage|p1a: Rat Tally|0 fnt\n|-unboost|p2a: Gholdengo|spa|1\n|faint|p1a: Rat Tally\n|\n|upkeep\n|\n|t:|1782562682\n|switch|p1a: Carly Rae|Iron Moth|100/100\n|-activate|p1a: Carly Rae|move: Sticky Web\n|-unboost|p1a: Carly Rae|spe|1\n|-enditem|p1a: Carly Rae|Booster Energy\n|-activate|p1a: Carly Rae|ability: Quark Drive|[fromitem]\n|-start|p1a: Carly Rae|quarkdrivespa\n|turn|18\n|\n|t:|1782562688\n|switch|p2a: Araquanid|Araquanid, F|70/100 psn\n|-damage|p2a: Araquanid|45/100 psn|[from] Stealth Rock\n|move|p1a: Carly Rae|Discharge|p2a: Araquanid\n|-supereffective|p2a: Araquanid\n|-damage|p2a: Araquanid|0 fnt\n|faint|p2a: Araquanid\n|\n|upkeep\n|\n|t:|1782562691\n|switch|p2a: Zamazenta|Zamazenta|21/100\n|-damage|p2a: Zamazenta|15/100|[from] Stealth Rock\n|turn|19\n|\n|t:|1782562695\n|move|p2a: Zamazenta|Light Screen|p2a: Zamazenta\n|-sidestart|p2: Pinkacross|move: Light Screen\n|move|p1a: Carly Rae|Fiery Dance|p2a: Zamazenta\n|-damage|p2a: Zamazenta|0 fnt\n|faint|p2a: Zamazenta\n|\n|upkeep\n|\n|t:|1782562697\n|switch|p2a: Deoxys|Deoxys-Speed|100/100\n|-damage|p2a: Deoxys|88/100|[from] Stealth Rock\n|-ability|p2a: Deoxys|Pressure\n|turn|20\n|\n|t:|1782562699\n|-end|p1a: Carly Rae|Quark Drive|[silent]\n|switch|p1a: Alvvays|Umbreon, F|100/100\n|-activate|p1a: Alvvays|move: Sticky Web\n|-unboost|p1a: Alvvays|spe|1\n|move|p2a: Deoxys|Nasty Plot|p2a: Deoxys\n|-boost|p2a: Deoxys|spa|2\n|\n|-sideend|p2: Pinkacross|Reflect\n|upkeep\n|turn|21\n|\n|t:|1782562707\n|switch|p2a: Gholdengo|Gholdengo, tera:Steel|100/100\n|-damage|p2a: Gholdengo|94/100|[from] Stealth Rock\n|move|p1a: Alvvays|Thunder Wave|p2a: Gholdengo\n|-immune|p2a: Gholdengo|[from] ability: Good as Gold\n|\n|upkeep\n|turn|22\n|\n|t:|1782562709\n|move|p2a: Gholdengo|Nasty Plot|p2a: Gholdengo\n|-boost|p2a: Gholdengo|spa|2\n|move|p1a: Alvvays|Foul Play|p2a: Gholdengo\n|-crit|p2a: Gholdengo\n|-damage|p2a: Gholdengo|69/100\n|\n|upkeep\n|turn|23\n|\n|t:|1782562714\n|move|p2a: Gholdengo|Nasty Plot|p2a: Gholdengo\n|-boost|p2a: Gholdengo|spa|2\n|move|p1a: Alvvays|Foul Play|p2a: Gholdengo\n|-damage|p2a: Gholdengo|52/100\n|\n|upkeep\n|turn|24\n|c|☆Auburn Hills|you have recover?\n|\n|t:|1782562720\n|move|p2a: Gholdengo|Recover|p2a: Gholdengo\n|-heal|p2a: Gholdengo|100/100\n|move|p1a: Alvvays|Foul Play|p2a: Gholdengo\n|-damage|p2a: Gholdengo|81/100\n|\n|upkeep\n|turn|25\n|\n|t:|1782562723\n|move|p2a: Gholdengo|Nasty Plot|p2a: Gholdengo\n|-boost|p2a: Gholdengo|spa|2\n|move|p1a: Alvvays|Foul Play|p2a: Gholdengo\n|-damage|p2a: Gholdengo|63/100\n|\n|upkeep\n|turn|26\n|\n|t:|1782562726\n|move|p2a: Gholdengo|Recover|p2a: Gholdengo\n|-heal|p2a: Gholdengo|100/100\n|move|p1a: Alvvays|Foul Play|p2a: Gholdengo\n|-crit|p2a: Gholdengo\n|-damage|p2a: Gholdengo|75/100\n|\n|-sideend|p2: Pinkacross|move: Light Screen\n|upkeep\n|turn|27\n|\n|t:|1782562729\n|switch|p1a: Glimmora|Glimmora, M|1/100\n|-activate|p1a: Glimmora|move: Sticky Web\n|-unboost|p1a: Glimmora|spe|1\n|move|p2a: Gholdengo|Make It Rain|p1a: Glimmora\n|-supereffective|p1a: Glimmora\n|-damage|p1a: Glimmora|0 fnt\n|-unboost|p2a: Gholdengo|spa|1\n|faint|p1a: Glimmora\n|\n|upkeep\n|\n|t:|1782562731\n|switch|p1a: Smino|Gholdengo, tera:Flying|100/100\n|turn|28\n|\n|t:|1782562734\n|move|p1a: Smino|Shadow Ball|p2a: Gholdengo\n|-damage|p2a: Gholdengo|26/100\n|-unboost|p2a: Gholdengo|spd|1\n|move|p2a: Gholdengo|Make It Rain|p1a: Smino\n|-damage|p1a: Smino|0 fnt\n|-unboost|p2a: Gholdengo|spa|1\n|faint|p1a: Smino\n|\n|upkeep\n|\n|t:|1782562738\n|switch|p1a: Carly Rae|Iron Moth|100/100\n|-activate|p1a: Carly Rae|move: Sticky Web\n|-unboost|p1a: Carly Rae|spe|1\n|turn|29\n|c|☆Auburn Hills|gg\n|\n|t:|1782562753\n|move|p2a: Gholdengo|Make It Rain|p1a: Carly Rae\n|-resisted|p1a: Carly Rae\n|-damage|p1a: Carly Rae|0 fnt\n|-unboost|p2a: Gholdengo|spa|1\n|faint|p1a: Carly Rae\n|-end|p1a: Carly Rae|Quark Drive|[silent]\n|\n|upkeep\n|j| sugma oiii\n|c|☆Pinkacross|gg\n|-message|Auburn Hills forfeited.\n|\n|win|Pinkacross\n|raw|Auburn Hills's rating: 1731 &rarr; <strong>1718</strong><br />(-13 for losing)\n|raw|Pinkacross's rating: 1855 &rarr; <strong>1868</strong><br />(+13 for winning)\n|l|☆Auburn Hills\n|player|p1|\n", "uploadtime": 1782562777, "views": 14, "formatid": "gen9ou", "rating": 1718, "private": 0, "password": null}