{"id": "gen9ou-2540863283", "format": "[Gen 9] OU", "players": ["5 Missed Calls", "Shockmoth"], "log": "|badge|p2|bronze|gen9ou|100-8\n|uhtml|medal-msg|<div class=\"broadcast-blue\">Curious what those medals under the avatar are? PS now has Ladder Seasons! For more information, check out the <a href=\"https://www.smogon.com/forums/threads/3740067/\">thread on Smogon.</a></div>\n|j|☆5 Missed Calls\n|j|☆Shockmoth\n|t:|1771261738\n|gametype|singles\n|player|p1|5 Missed Calls|skierf-gen4dp|1643\n|player|p2|Shockmoth|wattson|1839\n|gen|9\n|tier|[Gen 9] OU\n|rated|\n|rule|HP Percentage Mod: HP is shown in percentages\n|rule|Endless Battle Clause: Forcing endless battles is banned\n|rule|Species Clause: Limit one of each Pokémon\n|rule|OHKO Clause: OHKO moves are banned\n|rule|Evasion Items Clause: Evasion items are banned\n|rule|Evasion Moves Clause: Evasion moves are banned\n|rule|Evasion Abilities Clause: Evasion abilities are banned\n|rule|Sleep Moves Clause: Sleep-inducing moves are banned\n|clearpoke\n|poke|p1|Indeedee, M|\n|poke|p1|Hatterene, F|\n|poke|p1|Hitmonlee, M|\n|poke|p1|Iron Crown|\n|poke|p1|Zamazenta-*|\n|poke|p1|Polteageist-Antique|\n|poke|p2|Frosmoth, F|\n|poke|p2|Pincurchin, M|\n|poke|p2|Raichu-Alola, M|\n|poke|p2|Iron Hands|\n|poke|p2|Rotom-Wash|\n|poke|p2|Pawmot, F|\n|teampreview\n|inactive|Battle timer is ON: inactive players will automatically lose when time's up. (requested by Shockmoth)\n|inactive|5 Missed Calls has 120 seconds left.\n|inactive|5 Missed Calls has 90 seconds left.\n|\n|t:|1771261800\n|teamsize|p1|6\n|teamsize|p2|6\n|start\n|switch|p1a: Polteageist|Polteageist-Antique, shiny|100/100\n|switch|p2a: OH YEAH!!! YEAH!!|Pincurchin, M|100/100\n|-fieldstart|move: Electric Terrain|[from] ability: Electric Surge|[of] p2a: OH YEAH!!! YEAH!!\n|turn|1\n|\n|t:|1771261804\n|move|p1a: Polteageist|Shell Smash|p1a: Polteageist\n|-unboost|p1a: Polteageist|def|1\n|-unboost|p1a: Polteageist|spd|1\n|-boost|p1a: Polteageist|atk|2\n|-boost|p1a: Polteageist|spa|2\n|-boost|p1a: Polteageist|spe|2\n|move|p2a: OH YEAH!!! YEAH!!|Supercell Slam|p1a: Polteageist|[miss]\n|-miss|p2a: OH YEAH!!! YEAH!!|p1a: Polteageist\n|-damage|p2a: OH YEAH!!! YEAH!!|50/100|[from] supercellslam\n|\n|upkeep\n|turn|2\n|\n|t:|1771261810\n|switch|p2a: Finger Eleven|Frosmoth, F, shiny|100/100\n|move|p1a: Polteageist|Stored Power|p2a: Finger Eleven\n|-damage|p2a: Finger Eleven|39/100\n|\n|upkeep\n|turn|3\n|\n|t:|1771261813\n|move|p1a: Polteageist|Stored Power|p2a: Finger Eleven\n|-damage|p2a: Finger Eleven|0 fnt\n|faint|p2a: Finger Eleven\n|\n|upkeep\n|\n|t:|1771261814\n|switch|p2a: Surf's Up (2007)|Raichu-Alola, M|100/100\n|turn|4\n|\n|t:|1771261819\n|move|p2a: Surf's Up (2007)|Volt Switch|p1a: Polteageist\n|-enditem|p1a: Polteageist|Focus Sash\n|-damage|p1a: Polteageist|1/100\n|\n|t:|1771261822\n|switch|p2a: Iron Deficiency|Iron Hands|100/100|[from] Volt Switch\n|-activate|p2a: Iron Deficiency|ability: Quark Drive\n|-start|p2a: Iron Deficiency|quarkdriveatk\n|move|p1a: Polteageist|Shadow Ball|p2a: Iron Deficiency\n|-damage|p2a: Iron Deficiency|14/100\n|-unboost|p2a: Iron Deficiency|spd|1\n|\n|upkeep\n|turn|5\n|\n|t:|1771261828\n|move|p1a: Polteageist|Shadow Ball|p2a: Iron Deficiency\n|-damage|p2a: Iron Deficiency|0 fnt\n|faint|p2a: Iron Deficiency\n|-end|p2a: Iron Deficiency|Quark Drive|[silent]\n|\n|upkeep\n|\n|t:|1771261831\n|switch|p2a: Surf's Up (2007)|Raichu-Alola, M|100/100\n|turn|6\n|\n|t:|1771261834\n|move|p2a: Surf's Up (2007)|Volt Switch|p1a: Polteageist\n|-damage|p1a: Polteageist|0 fnt\n|faint|p1a: Polteageist\n|\n|t:|1771261835\n|switch|p2a: William O' Wisp|Rotom-Wash|100/100|[from] Volt Switch\n|\n|upkeep\n|\n|t:|1771261837\n|switch|p1a: Indeedee|Indeedee, M, shiny|100/100\n|-fieldstart|move: Psychic Terrain|[from] ability: Psychic Surge|[of] p1a: Indeedee\n|turn|7\n|\n|t:|1771261840\n|switch|p2a: Surf's Up (2007)|Raichu-Alola, M|100/100\n|move|p1a: Indeedee|Expanding Force|p2a: Surf's Up (2007)\n|-resisted|p2a: Surf's Up (2007)\n|-damage|p2a: Surf's Up (2007)|52/100\n|\n|upkeep\n|turn|8\n|\n|t:|1771261843\n|move|p2a: Surf's Up (2007)|Volt Switch|p1a: Indeedee\n|-damage|p1a: Indeedee|36/100\n|\n|t:|1771261845\n|switch|p2a: OH YEAH!!! YEAH!!|Pincurchin, M|50/100|[from] Volt Switch\n|-fieldstart|move: Electric Terrain|[from] ability: Electric Surge|[of] p2a: OH YEAH!!! YEAH!!\n|move|p1a: Indeedee|Expanding Force|p2a: OH YEAH!!! YEAH!!\n|-damage|p2a: OH YEAH!!! YEAH!!|7/100\n|\n|upkeep\n|turn|9\n|\n|t:|1771261848\n|switch|p2a: Surf's Up (2007)|Raichu-Alola, M|52/100\n|move|p1a: Indeedee|Tera Blast|p2a: Surf's Up (2007)\n|-damage|p2a: Surf's Up (2007)|1/100\n|\n|upkeep\n|turn|10\n|\n|t:|1771261857\n|switch|p1a: Hatterene|Hatterene, F|100/100\n|move|p2a: Surf's Up (2007)|Volt Switch|p1a: Hatterene\n|-crit|p1a: Hatterene\n|-damage|p1a: Hatterene|7/100\n|-enditem|p1a: Hatterene|Eject Button\n|\n|t:|1771261860\n|switch|p1a: Indeedee|Indeedee, M, shiny|36/100\n|-fieldstart|move: Psychic Terrain|[from] ability: Psychic Surge|[of] p1a: Indeedee\n|\n|upkeep\n|turn|11\n|\n|t:|1771261861\n|switch|p1a: Hatterene|Hatterene, F|7/100\n|move|p2a: Surf's Up (2007)|Volt Switch|p1a: Hatterene\n|-damage|p1a: Hatterene|0 fnt\n|faint|p1a: Hatterene\n|\n|t:|1771261863\n|switch|p2a: William O' Wisp|Rotom-Wash|100/100|[from] Volt Switch\n|\n|upkeep\n|\n|t:|1771261891\n|switch|p1a: Zamazenta|Zamazenta|100/100\n|-ability|p1a: Zamazenta|Dauntless Shield|boost\n|-boost|p1a: Zamazenta|def|1\n|turn|12\n|\n|t:|1771261896\n|move|p1a: Zamazenta|Close Combat|p2a: William O' Wisp\n|-damage|p2a: William O' Wisp|40/100\n|-unboost|p1a: Zamazenta|def|1\n|-unboost|p1a: Zamazenta|spd|1\n|move|p2a: William O' Wisp|Volt Switch|p1a: Zamazenta\n|-damage|p1a: Zamazenta|56/100\n|\n|t:|1771261899\n|switch|p2a: Evanescence|Pawmot, F|100/100|[from] Volt Switch\n|\n|upkeep\n|turn|13\n|\n|t:|1771261901\n|move|p1a: Zamazenta|Psychic Fangs|p2a: Evanescence\n|-supereffective|p2a: Evanescence\n|-damage|p2a: Evanescence|18/100\n|move|p2a: Evanescence|Nuzzle|p1a: Zamazenta\n|-damage|p1a: Zamazenta|48/100\n|-status|p1a: Zamazenta|par\n|\n|upkeep\n|turn|14\n|\n|t:|1771261907\n|move|p2a: Evanescence|Revival Blessing|p2a: Evanescence\n|-enditem|p2a: Evanescence|Leppa Berry|[eat]\n|-activate|p2a: Evanescence|item: Leppa Berry|Revival Blessing|[consumed]\n|\n|t:|1771261913\n|-heal|p2: Iron Deficiency|50/100|[from] move: Revival Blessing\n|move|p1a: Zamazenta|Close Combat|p2a: Evanescence\n|-damage|p2a: Evanescence|0 fnt\n|-unboost|p1a: Zamazenta|def|1\n|-unboost|p1a: Zamazenta|spd|1\n|faint|p2a: Evanescence\n|\n|upkeep\n|\n|t:|1771261924\n|switch|p2a: Surf's Up (2007)|Raichu-Alola, M|1/100\n|turn|15\n|\n|t:|1771261927\n|move|p2a: Surf's Up (2007)|Volt Switch|p1a: Zamazenta\n|-damage|p1a: Zamazenta|0 fnt\n|faint|p1a: Zamazenta\n|\n|t:|1771261933\n|switch|p2a: OH YEAH!!! YEAH!!|Pincurchin, M|7/100|[from] Volt Switch\n|-fieldstart|move: Electric Terrain|[from] ability: Electric Surge|[of] p2a: OH YEAH!!! YEAH!!\n|\n|upkeep\n|\n|t:|1771261935\n|switch|p1a: Hitmonlee|Hitmonlee, M|100/100\n|turn|16\n|\n|t:|1771261938\n|switch|p2a: Iron Deficiency|Iron Hands|50/100\n|-activate|p2a: Iron Deficiency|ability: Quark Drive\n|-start|p2a: Iron Deficiency|quarkdriveatk\n|move|p1a: Hitmonlee|Close Combat|p2a: Iron Deficiency\n|-damage|p2a: Iron Deficiency|9/100\n|-unboost|p1a: Hitmonlee|def|1\n|-unboost|p1a: Hitmonlee|spd|1\n|\n|upkeep\n|turn|17\n|\n|t:|1771261940\n|move|p1a: Hitmonlee|Close Combat|p2a: Iron Deficiency\n|-damage|p2a: Iron Deficiency|0 fnt\n|-unboost|p1a: Hitmonlee|def|1\n|-unboost|p1a: Hitmonlee|spd|1\n|faint|p2a: Iron Deficiency\n|-end|p2a: Iron Deficiency|Quark Drive|[silent]\n|\n|upkeep\n|\n|t:|1771261942\n|switch|p2a: Surf's Up (2007)|Raichu-Alola, M|1/100\n|turn|18\n|\n|t:|1771261950\n|move|p2a: Surf's Up (2007)|Volt Switch|p1a: Hitmonlee\n|-damage|p1a: Hitmonlee|0 fnt\n|faint|p1a: Hitmonlee\n|\n|t:|1771261953\n|switch|p2a: William O' Wisp|Rotom-Wash|40/100|[from] Volt Switch\n|\n|upkeep\n|\n|t:|1771261960\n|switch|p1a: Indeedee|Indeedee, M, shiny|36/100\n|-fieldstart|move: Psychic Terrain|[from] ability: Psychic Surge|[of] p1a: Indeedee\n|turn|19\n|\n|t:|1771261966\n|move|p1a: Indeedee|Expanding Force|p2a: William O' Wisp\n|-damage|p2a: William O' Wisp|0 fnt\n|faint|p2a: William O' Wisp\n|\n|upkeep\n|\n|t:|1771261968\n|switch|p2a: Surf's Up (2007)|Raichu-Alola, M|1/100\n|turn|20\n|\n|t:|1771261969\n|move|p2a: Surf's Up (2007)|Volt Switch|p1a: Indeedee\n|-damage|p1a: Indeedee|0 fnt\n|faint|p1a: Indeedee\n|\n|t:|1771261971\n|switch|p2a: OH YEAH!!! YEAH!!|Pincurchin, M|7/100|[from] Volt Switch\n|-fieldstart|move: Electric Terrain|[from] ability: Electric Surge|[of] p2a: OH YEAH!!! YEAH!!\n|\n|upkeep\n|\n|t:|1771261973\n|switch|p1a: Iron Crown|Iron Crown|100/100\n|-activate|p1a: Iron Crown|ability: Quark Drive\n|-start|p1a: Iron Crown|quarkdrivespe\n|turn|21\n|\n|t:|1771261977\n|-terastallize|p2a: OH YEAH!!! YEAH!!|Dark\n|move|p2a: OH YEAH!!! YEAH!!|Sucker Punch|p1a: Iron Crown\n|-supereffective|p1a: Iron Crown\n|-damage|p1a: Iron Crown|39/100\n|move|p1a: Iron Crown|Tachyon Cutter|p2a: OH YEAH!!! YEAH!!\n|-damage|p2a: OH YEAH!!! YEAH!!|0 fnt\n|faint|p2a: OH YEAH!!! YEAH!!\n|-hitcount|p2: OH YEAH!!! YEAH!!|1\n|\n|upkeep\n|\n|t:|1771261979\n|switch|p2a: Surf's Up (2007)|Raichu-Alola, M|1/100\n|turn|22\n|c|☆5 Missed Calls|nice\n|c|☆5 Missed Calls|gg\n|\n|t:|1771261985\n|-terastallize|p1a: Iron Crown|Fighting\n|move|p2a: Surf's Up (2007)|Volt Switch|p1a: Iron Crown\n|-damage|p1a: Iron Crown|0 fnt\n|faint|p1a: Iron Crown\n|-end|p1a: Iron Crown|Quark Drive|[silent]\n|\n|win|Shockmoth\n|raw|5 Missed Calls's rating: 1643 &rarr; <strong>1633</strong><br />(-10 for losing)\n|raw|Shockmoth's rating: 1839 &rarr; <strong>1849</strong><br />(+10 for winning)\n|c|☆Shockmoth|Ggs\n|c|☆Shockmoth|Nice team\n|c|☆5 Missed Calls|u2\n|l|☆5 Missed Calls\n|player|p1|\n|l|☆Shockmoth\n|player|p2|\n", "uploadtime": 1771261997, "views": 8, "formatid": "gen9ou", "rating": 1633, "private": 0, "password": null}