{"id": "gen9ou-2640008016", "format": "[Gen 9] OU", "players": ["sirlsalot", "Pinkacross"], "log": "|badge|p2|silver|gen9ou|30-9\n|html|<div class=\"broadcast-red\"><strong>This battle is required to be public due to one or more player having a season medal.</strong><br />During the public phase, you can discuss the state of the ladder <a href=\"/seasondiscussion\">in a special chatroom.</a></div>\n|uhtml|medal-msg|<div class=\"broadcast-blue\">Curious what those medals under the avatar are? PS now has Ladder Seasons! For more information, check out the <a href=\"https://www.smogon.com/forums/threads/3740067/\">thread on Smogon.</a></div>\n|raw|<div class=\"broadcast-blue\"><strong>This battle is required to be public due to a player having a name starting with 'medal'.</div>\n|j|☆sirlsalot\n|j|☆Pinkacross\n|t:|1782562827\n|gametype|singles\n|player|p1|sirlsalot|2|1773\n|player|p2|Pinkacross|artist|1868\n|gen|9\n|tier|[Gen 9] OU\n|rated|\n|rule|HP Percentage Mod: HP is shown in percentages\n|rule|Endless Battle Clause: Forcing endless battles is banned\n|rule|Species Clause: Limit one of each Pokémon\n|rule|OHKO Clause: OHKO moves are banned\n|rule|Evasion Items Clause: Evasion items are banned\n|rule|Evasion Moves Clause: Evasion moves are banned\n|rule|Evasion Abilities Clause: Evasion abilities are banned\n|rule|Sleep Moves Clause: Sleep-inducing moves are banned\n|clearpoke\n|poke|p1|Gliscor, F|\n|poke|p1|Gholdengo|\n|poke|p1|Dragonite, M|\n|poke|p1|Ting-Lu|\n|poke|p1|Darkrai|\n|poke|p1|Zamazenta-*|\n|poke|p2|Deoxys-Speed|\n|poke|p2|Araquanid, M|\n|poke|p2|Zamazenta-*|\n|poke|p2|Gholdengo|\n|poke|p2|Enamorus, F|\n|poke|p2|Iron Treads|\n|teampreview\n|c|☆Pinkacross|hf\n|inactive|Battle timer is ON: inactive players will automatically lose when time's up. (requested by sirlsalot)\n|j| Garden of Dreams\n|\n|t:|1782562848\n|teamsize|p1|6\n|teamsize|p2|6\n|start\n|switch|p1a: Dragonite|Dragonite, M|100/100\n|switch|p2a: Araquanid|Araquanid, M|100/100\n|turn|1\n|\n|t:|1782562853\n|move|p1a: Dragonite|Dragon Dance|p1a: Dragonite\n|-boost|p1a: Dragonite|atk|1\n|-boost|p1a: Dragonite|spe|1\n|move|p2a: Araquanid|Sticky Web|p1a: Dragonite\n|-sidestart|p1: sirlsalot|move: Sticky Web\n|\n|upkeep\n|turn|2\n|\n|t:|1782562860\n|move|p1a: Dragonite|Dragon Dance|p1a: Dragonite\n|-boost|p1a: Dragonite|atk|1\n|-boost|p1a: Dragonite|spe|1\n|move|p2a: Araquanid|Lunge|p1a: Dragonite\n|-resisted|p1a: Dragonite\n|-damage|p1a: Dragonite|95/100\n|-unboost|p1a: Dragonite|atk|1\n|\n|upkeep\n|turn|3\n|j| dante1310\n|\n|t:|1782562884\n|move|p1a: Dragonite|Extreme Speed|p2a: Araquanid\n|-crit|p2a: Araquanid\n|-damage|p2a: Araquanid|32/100\n|move|p2a: Araquanid|Lunge|p1a: Dragonite\n|-resisted|p1a: Dragonite\n|-damage|p1a: Dragonite|85/100\n|-unboost|p1a: Dragonite|atk|1\n|\n|upkeep\n|turn|4\n|\n|t:|1782562891\n|switch|p2a: Zamazenta|Zamazenta|100/100\n|-ability|p2a: Zamazenta|Dauntless Shield|boost\n|-boost|p2a: Zamazenta|def|1\n|move|p1a: Dragonite|Extreme Speed|p2a: Zamazenta\n|-damage|p2a: Zamazenta|85/100\n|\n|upkeep\n|turn|5\n|\n|t:|1782562903\n|switch|p1a: Gholdengo|Gholdengo|100/100\n|-activate|p1a: Gholdengo|move: Sticky Web\n|-unboost|p1a: Gholdengo|spe|1\n|move|p2a: Zamazenta|Reflect|p2a: Zamazenta\n|-sidestart|p2: Pinkacross|Reflect\n|\n|upkeep\n|turn|6\n|\n|t:|1782562921\n|switch|p2a: Iron Treads|Iron Treads|100/100\n|-enditem|p2a: Iron Treads|Booster Energy\n|-activate|p2a: Iron Treads|ability: Quark Drive|[fromitem]\n|-start|p2a: Iron Treads|quarkdriveatk\n|move|p1a: Gholdengo|Shadow Ball|p2a: Iron Treads\n|-damage|p2a: Iron Treads|43/100\n|\n|upkeep\n|turn|7\n|\n|t:|1782562945\n|switch|p1a: Zamazenta|Zamazenta|100/100\n|-ability|p1a: Zamazenta|Dauntless Shield|boost\n|-boost|p1a: Zamazenta|def|1\n|move|p2a: Iron Treads|Earthquake|p1a: Zamazenta\n|-damage|p1a: Zamazenta|58/100\n|\n|upkeep\n|turn|8\n|\n|t:|1782562954\n|move|p1a: Zamazenta|Close Combat|p2a: Iron Treads\n|-supereffective|p2a: Iron Treads\n|-damage|p2a: Iron Treads|0 fnt\n|-unboost|p1a: Zamazenta|def|1\n|-unboost|p1a: Zamazenta|spd|1\n|faint|p2a: Iron Treads\n|-end|p2a: Iron Treads|Quark Drive|[silent]\n|\n|upkeep\n|l| Garden of Dreams\n|\n|t:|1782562958\n|switch|p2a: Deoxys|Deoxys-Speed|100/100\n|-ability|p2a: Deoxys|Pressure\n|turn|9\n|\n|t:|1782562961\n|switch|p1a: Ting-Lu|Ting-Lu|100/100\n|-activate|p1a: Ting-Lu|move: Sticky Web\n|-unboost|p1a: Ting-Lu|spe|1\n|-ability|p1a: Ting-Lu|Vessel of Ruin\n|move|p2a: Deoxys|Nasty Plot|p2a: Deoxys\n|-boost|p2a: Deoxys|spa|2\n|\n|upkeep\n|turn|10\n|\n|t:|1782562963\n|move|p2a: Deoxys|Ice Beam|p1a: Ting-Lu\n|-supereffective|p1a: Ting-Lu\n|-damage|p1a: Ting-Lu|42/100\n|-damage|p2a: Deoxys|91/100|[from] item: Life Orb\n|move|p1a: Ting-Lu|Whirlwind|p2a: Deoxys\n|drag|p2a: Gholdengo|Gholdengo|100/100\n|\n|-heal|p1a: Ting-Lu|48/100|[from] item: Leftovers\n|upkeep\n|turn|11\n|\n|t:|1782562967\n|move|p2a: Gholdengo|Nasty Plot|p2a: Gholdengo\n|-boost|p2a: Gholdengo|spa|2\n|move|p1a: Ting-Lu|Stealth Rock|p2a: Gholdengo\n|-sidestart|p2: Pinkacross|move: Stealth Rock\n|\n|-heal|p1a: Ting-Lu|54/100|[from] item: Leftovers\n|upkeep\n|turn|12\n|\n|t:|1782562971\n|move|p2a: Gholdengo|Make It Rain|p1a: Ting-Lu\n|-damage|p1a: Ting-Lu|0 fnt\n|-unboost|p2a: Gholdengo|spa|1\n|faint|p1a: Ting-Lu\n|\n|-sideend|p2: Pinkacross|Reflect\n|upkeep\n|\n|t:|1782562985\n|switch|p1a: Darkrai|Darkrai|100/100\n|turn|13\n|\n|t:|1782562994\n|switch|p2a: Zamazenta|Zamazenta|85/100\n|-damage|p2a: Zamazenta|78/100|[from] Stealth Rock\n|move|p1a: Darkrai|Dark Pulse|p2a: Zamazenta\n|-resisted|p2a: Zamazenta\n|-damage|p2a: Zamazenta|61/100\n|\n|upkeep\n|turn|14\n|\n|t:|1782563000\n|move|p2a: Zamazenta|Reflect|p2a: Zamazenta\n|-sidestart|p2: Pinkacross|Reflect\n|move|p1a: Darkrai|Knock Off|p2a: Zamazenta\n|-resisted|p2a: Zamazenta\n|-damage|p2a: Zamazenta|56/100\n|-enditem|p2a: Zamazenta|Light Clay|[from] move: Knock Off|[of] p1a: Darkrai\n|\n|upkeep\n|turn|15\n|\n|t:|1782563005\n|switch|p1a: Gholdengo|Gholdengo|100/100\n|-activate|p1a: Gholdengo|move: Sticky Web\n|-unboost|p1a: Gholdengo|spe|1\n|move|p2a: Zamazenta|Light Screen|p2a: Zamazenta\n|-sidestart|p2: Pinkacross|move: Light Screen\n|\n|upkeep\n|turn|16\n|\n|t:|1782563011\n|switch|p2a: Araquanid|Araquanid, M|32/100\n|-damage|p2a: Araquanid|7/100|[from] Stealth Rock\n|move|p1a: Gholdengo|Shadow Ball|p2a: Araquanid\n|-damage|p2a: Araquanid|0 fnt\n|faint|p2a: Araquanid\n|\n|upkeep\n|\n|t:|1782563013\n|switch|p2a: Deoxys|Deoxys-Speed|91/100\n|-damage|p2a: Deoxys|78/100|[from] Stealth Rock\n|-ability|p2a: Deoxys|Pressure\n|turn|17\n|\n|t:|1782563015\n|-terastallize|p2a: Deoxys|Electric\n|move|p2a: Deoxys|Nasty Plot|p2a: Deoxys\n|-boost|p2a: Deoxys|spa|2\n|move|p1a: Gholdengo|Shadow Ball|p2a: Deoxys\n|-damage|p2a: Deoxys|46/100\n|\n|upkeep\n|turn|18\n|\n|t:|1782563023\n|move|p2a: Deoxys|Recover|p2a: Deoxys\n|-heal|p2a: Deoxys|96/100\n|move|p1a: Gholdengo|Shadow Ball|p2a: Deoxys\n|-damage|p2a: Deoxys|64/100\n|\n|upkeep\n|turn|19\n|\n|t:|1782563027\n|move|p2a: Deoxys|Thunderbolt|p1a: Gholdengo\n|-damage|p1a: Gholdengo|0 fnt\n|faint|p1a: Gholdengo\n|-damage|p2a: Deoxys|55/100|[from] item: Life Orb\n|\n|-sideend|p2: Pinkacross|move: Light Screen\n|upkeep\n|l| dante1310\n|inactive|sirlsalot has 120 seconds left.\n|\n|t:|1782563064\n|switch|p1a: Gliscor|Gliscor, F|100/100\n|turn|20\n|\n|t:|1782563067\n|move|p1a: Gliscor|Protect|p1a: Gliscor\n|-singleturn|p1a: Gliscor|Protect\n|move|p2a: Deoxys|Recover|p2a: Deoxys\n|-heal|p2a: Deoxys|100/100\n|\n|-status|p1a: Gliscor|tox|[from] item: Toxic Orb\n|upkeep\n|turn|21\n|j| Garden of Dreams\n|\n|t:|1782563086\n|-terastallize|p1a: Gliscor|Fairy\n|move|p2a: Deoxys|Ice Beam|p1a: Gliscor\n|-damage|p1a: Gliscor|13/100 tox\n|-damage|p2a: Deoxys|91/100|[from] item: Life Orb\n|move|p1a: Gliscor|Earthquake|p2a: Deoxys\n|-supereffective|p2a: Deoxys\n|-damage|p2a: Deoxys|45/100\n|\n|-heal|p1a: Gliscor|25/100 tox|[from] ability: Poison Heal\n|-sideend|p2: Pinkacross|Reflect\n|upkeep\n|turn|22\n|\n|t:|1782563096\n|move|p2a: Deoxys|Thunderbolt|p1a: Gliscor\n|-damage|p1a: Gliscor|0 fnt\n|faint|p1a: Gliscor\n|-damage|p2a: Deoxys|35/100|[from] item: Life Orb\n|\n|upkeep\n|\n|t:|1782563098\n|switch|p1a: Dragonite|Dragonite, M|85/100\n|turn|23\n|\n|t:|1782563110\n|switch|p2a: Gholdengo|Gholdengo|100/100\n|-damage|p2a: Gholdengo|94/100|[from] Stealth Rock\n|move|p1a: Dragonite|Extreme Speed|p2a: Gholdengo\n|-immune|p2a: Gholdengo\n|\n|upkeep\n|turn|24\n|\n|t:|1782563116\n|move|p2a: Gholdengo|Make It Rain|p1a: Dragonite\n|-damage|p1a: Dragonite|4/100\n|-unboost|p2a: Gholdengo|spa|1\n|move|p1a: Dragonite|Earthquake|p2a: Gholdengo\n|-supereffective|p2a: Gholdengo\n|-damage|p2a: Gholdengo|13/100\n|\n|upkeep\n|turn|25\n|\n|t:|1782563126\n|switch|p1a: Darkrai|Darkrai|100/100\n|move|p2a: Gholdengo|Make It Rain|p1a: Darkrai\n|-damage|p1a: Darkrai|21/100\n|-unboost|p2a: Gholdengo|spa|1\n|\n|upkeep\n|turn|26\n|\n|t:|1782563131\n|move|p1a: Darkrai|Knock Off|p2a: Gholdengo\n|-supereffective|p2a: Gholdengo\n|-damage|p2a: Gholdengo|0 fnt\n|-enditem|p2a: Gholdengo|Metal Coat|[from] move: Knock Off|[of] p1a: Darkrai\n|faint|p2a: Gholdengo\n|\n|upkeep\n|\n|t:|1782563140\n|switch|p2a: Deoxys|Deoxys-Speed, tera:Electric|35/100\n|-damage|p2a: Deoxys|23/100|[from] Stealth Rock\n|-ability|p2a: Deoxys|Pressure\n|turn|27\n|\n|t:|1782563145\n|move|p2a: Deoxys|Thunderbolt|p1a: Darkrai\n|-damage|p1a: Darkrai|0 fnt\n|faint|p1a: Darkrai\n|-damage|p2a: Deoxys|13/100|[from] item: Life Orb\n|\n|upkeep\n|\n|t:|1782563147\n|switch|p1a: Dragonite|Dragonite, M|4/100\n|turn|28\n|\n|t:|1782563151\n|move|p1a: Dragonite|Extreme Speed|p2a: Deoxys\n|-damage|p2a: Deoxys|0 fnt\n|faint|p2a: Deoxys\n|\n|upkeep\n|\n|t:|1782563159\n|switch|p2a: Zamazenta|Zamazenta|56/100\n|-damage|p2a: Zamazenta|50/100|[from] Stealth Rock\n|turn|29\n|\n|t:|1782563163\n|move|p2a: Zamazenta|Reflect|p2a: Zamazenta\n|-sidestart|p2: Pinkacross|Reflect\n|move|p1a: Dragonite|Roost|p1a: Dragonite\n|-heal|p1a: Dragonite|54/100\n|-singleturn|p1a: Dragonite|move: Roost\n|\n|upkeep\n|turn|30\n|\n|t:|1782563167\n|switch|p2a: Enamorus|Enamorus, F|100/100\n|-damage|p2a: Enamorus|76/100|[from] Stealth Rock\n|move|p1a: Dragonite|Roost|p1a: Dragonite\n|-heal|p1a: Dragonite|100/100\n|-singleturn|p1a: Dragonite|move: Roost\n|\n|upkeep\n|turn|31\n|\n|t:|1782563176\n|move|p2a: Enamorus|Draining Kiss|p1a: Dragonite\n|-supereffective|p1a: Dragonite\n|-damage|p1a: Dragonite|65/100\n|-heal|p2a: Enamorus|100/100|[from] drain|[of] p1a: Dragonite\n|-damage|p2a: Enamorus|91/100|[from] item: Life Orb\n|move|p1a: Dragonite|Roost|p1a: Dragonite\n|-heal|p1a: Dragonite|100/100\n|-singleturn|p1a: Dragonite|move: Roost\n|\n|upkeep\n|turn|32\n|\n|t:|1782563202\n|move|p2a: Enamorus|Substitute|p2a: Enamorus\n|-start|p2a: Enamorus|Substitute\n|-damage|p2a: Enamorus|66/100\n|move|p1a: Dragonite|Dragon Dance|p1a: Dragonite\n|-boost|p1a: Dragonite|atk|1\n|-boost|p1a: Dragonite|spe|1\n|\n|upkeep\n|turn|33\n|\n|t:|1782563211\n|move|p1a: Dragonite|Extreme Speed|p2a: Enamorus\n|-end|p2a: Enamorus|Substitute\n|move|p2a: Enamorus|Substitute|p2a: Enamorus\n|-start|p2a: Enamorus|Substitute\n|-damage|p2a: Enamorus|41/100\n|\n|-sideend|p2: Pinkacross|Reflect\n|upkeep\n|turn|34\n|\n|t:|1782563226\n|move|p1a: Dragonite|Extreme Speed|p2a: Enamorus\n|-end|p2a: Enamorus|Substitute\n|move|p2a: Enamorus|Substitute|p2a: Enamorus\n|-start|p2a: Enamorus|Substitute\n|-damage|p2a: Enamorus|16/100\n|\n|upkeep\n|turn|35\n|j| Wanawa8724\n|\n|t:|1782563236\n|move|p1a: Dragonite|Extreme Speed|p2a: Enamorus\n|-end|p2a: Enamorus|Substitute\n|move|p2a: Enamorus|Draining Kiss|p1a: Dragonite\n|-supereffective|p1a: Dragonite\n|-damage|p1a: Dragonite|66/100\n|-heal|p2a: Enamorus|50/100|[from] drain|[of] p1a: Dragonite\n|-damage|p2a: Enamorus|40/100|[from] item: Life Orb\n|\n|upkeep\n|turn|36\n|\n|t:|1782563242\n|switch|p1a: Zamazenta|Zamazenta|58/100\n|move|p2a: Enamorus|Substitute|p2a: Enamorus\n|-start|p2a: Enamorus|Substitute\n|-damage|p2a: Enamorus|15/100\n|\n|upkeep\n|turn|37\n|\n|t:|1782563251\n|move|p1a: Zamazenta|Heavy Slam|p2a: Enamorus\n|-supereffective|p2a: Enamorus\n|-end|p2a: Enamorus|Substitute\n|move|p2a: Enamorus|Draining Kiss|p1a: Zamazenta\n|-supereffective|p1a: Zamazenta\n|-damage|p1a: Zamazenta|0 fnt\n|-heal|p2a: Enamorus|63/100|[from] drain|[of] p1a: Zamazenta\n|faint|p1a: Zamazenta\n|-damage|p2a: Enamorus|54/100|[from] item: Life Orb\n|\n|upkeep\n|c|☆Pinkacross|gg\n|c|☆sirlsalot|gg\n|-message|sirlsalot forfeited.\n|\n|win|Pinkacross\n|raw|sirlsalot's rating: 1773 &rarr; <strong>1759</strong><br />(-14 for losing)\n|raw|Pinkacross's rating: 1884 &rarr; <strong>1898</strong><br />(+14 for winning)\n|l|☆sirlsalot\n|player|p1|\n|j|☆sirlsalot\n|player|p1|sirlsalot|2|\n", "uploadtime": 1782563265, "views": 18, "formatid": "gen9ou", "rating": 1759, "private": 0, "password": null}