{"id": "gen9ou-2540581096", "format": "[Gen 9] OU", "players": ["siddhant54", "micdumb"], "log": "|j|☆siddhant54\n|j|☆micdumb\n|t:|1771221429\n|gametype|singles\n|player|p1|siddhant54|iris-gen5bw2|1496\n|player|p2|micdumb|170|1561\n|gen|9\n|tier|[Gen 9] OU\n|rated|\n|rule|HP Percentage Mod: HP is shown in percentages\n|rule|Endless Battle Clause: Forcing endless battles is banned\n|rule|Species Clause: Limit one of each Pokémon\n|rule|OHKO Clause: OHKO moves are banned\n|rule|Evasion Items Clause: Evasion items are banned\n|rule|Evasion Moves Clause: Evasion moves are banned\n|rule|Evasion Abilities Clause: Evasion abilities are banned\n|rule|Sleep Moves Clause: Sleep-inducing moves are banned\n|clearpoke\n|poke|p1|Landorus-Therian, M|\n|poke|p1|Cinderace, M|\n|poke|p1|Iron Valiant|\n|poke|p1|Toxapex, F|\n|poke|p1|Darkrai|\n|poke|p1|Dragapult, M|\n|poke|p2|Hydrapple, M|\n|poke|p2|Gliscor, M|\n|poke|p2|Slowking-Galar, M|\n|poke|p2|Cinderace, M|\n|poke|p2|Kingambit, M|\n|poke|p2|Iron Valiant|\n|teampreview\n|inactive|Battle timer is ON: inactive players will automatically lose when time's up. (requested by siddhant54)\n|inactive|micdumb has 120 seconds left.\n|inactive|micdumb has 90 seconds left.\n|\n|t:|1771221496\n|teamsize|p1|6\n|teamsize|p2|6\n|start\n|switch|p1a: Landorus|Landorus-Therian, M|100/100\n|switch|p2a: Kingambit|Kingambit, M, shiny|100/100\n|-ability|p1a: Landorus|Intimidate|boost\n|-unboost|p2a: Kingambit|atk|1\n|-item|p2a: Kingambit|Air Balloon\n|turn|1\n|\n|t:|1771221503\n|-end|p2a: Kingambit|fallenundefined|[silent]\n|switch|p2a: Gliscor|Gliscor, M, shiny|100/100\n|move|p1a: Landorus|U-turn|p2a: Gliscor\n|-resisted|p2a: Gliscor\n|-damage|p2a: Gliscor|88/100\n|\n|t:|1771221509\n|switch|p1a: Darkrai|Darkrai|100/100|[from] U-turn\n|\n|-status|p2a: Gliscor|tox|[from] item: Toxic Orb\n|upkeep\n|turn|2\n|\n|t:|1771221528\n|move|p2a: Gliscor|Protect|p2a: Gliscor\n|-singleturn|p2a: Gliscor|Protect\n|move|p1a: Darkrai|Ice Beam|p2a: Gliscor\n|-activate|p2a: Gliscor|move: Protect\n|\n|-heal|p2a: Gliscor|100/100 tox|[from] ability: Poison Heal\n|upkeep\n|turn|3\n|\n|t:|1771221552\n|switch|p1a: Landorus|Landorus-Therian, M|100/100\n|-ability|p1a: Landorus|Intimidate|boost\n|-unboost|p2a: Gliscor|atk|1\n|switch|p2a: Slowking|Slowking-Galar, M, shiny|100/100\n|\n|upkeep\n|turn|4\n|\n|t:|1771221560\n|move|p1a: Landorus|U-turn|p2a: Slowking\n|-crit|p2a: Slowking\n|-damage|p2a: Slowking|69/100\n|\n|t:|1771221566\n|switch|p1a: Cinderace|Cinderace, M|100/100|[from] U-turn\n|move|p2a: Slowking|Whirlpool|p1a: Cinderace\n|-supereffective|p1a: Cinderace\n|-damage|p1a: Cinderace|75/100\n|-activate|p1a: Cinderace|move: Whirlpool|[of] p2a: Slowking\n|\n|-damage|p1a: Cinderace|62/100|[from] move: Whirlpool|[partiallytrapped]\n|upkeep\n|turn|5\n|\n|t:|1771221579\n|move|p1a: Cinderace|U-turn|p2a: Slowking\n|-start|p1a: Cinderace|typechange|Bug|[from] ability: Libero\n|-damage|p2a: Slowking|37/100\n|-damage|p1a: Cinderace|52/100|[from] item: Life Orb\n|\n|t:|1771221595\n|switch|p1a: Landorus|Landorus-Therian, M|100/100|[from] U-turn\n|-ability|p1a: Landorus|Intimidate|boost\n|-unboost|p2a: Slowking|atk|1\n|move|p2a: Slowking|Sludge Bomb|p1a: Landorus\n|-resisted|p1a: Landorus\n|-damage|p1a: Landorus|81/100\n|\n|upkeep\n|turn|6\n|\n|t:|1771221600\n|switch|p2a: Gliscor|Gliscor, M, shiny|100/100 tox\n|move|p1a: Landorus|Earthquake|p2a: Gliscor\n|-immune|p2a: Gliscor\n|\n|upkeep\n|turn|7\n|\n|t:|1771221610\n|switch|p1a: Cinderace|Cinderace, M|52/100\n|move|p2a: Gliscor|Swords Dance|p2a: Gliscor\n|-boost|p2a: Gliscor|atk|2\n|\n|upkeep\n|turn|8\n|\n|t:|1771221621\n|move|p1a: Cinderace|Pyro Ball|p2a: Gliscor\n|-damage|p2a: Gliscor|26/100 tox\n|-damage|p1a: Cinderace|42/100|[from] item: Life Orb\n|move|p2a: Gliscor|Swords Dance|p2a: Gliscor\n|-boost|p2a: Gliscor|atk|2\n|\n|-heal|p2a: Gliscor|38/100 tox|[from] ability: Poison Heal\n|upkeep\n|turn|9\n|\n|t:|1771221631\n|move|p2a: Gliscor|Protect|p2a: Gliscor\n|-singleturn|p2a: Gliscor|Protect\n|move|p1a: Cinderace|Pyro Ball|p2a: Gliscor\n|-activate|p2a: Gliscor|move: Protect\n|\n|-heal|p2a: Gliscor|50/100 tox|[from] ability: Poison Heal\n|upkeep\n|turn|10\n|\n|t:|1771221640\n|switch|p2a: Cinderace|Cinderace, M, shiny|100/100\n|move|p1a: Cinderace|Pyro Ball|p2a: Cinderace\n|-resisted|p2a: Cinderace\n|-damage|p2a: Cinderace|47/100\n|-damage|p1a: Cinderace|32/100|[from] item: Life Orb\n|\n|upkeep\n|turn|11\n|inactive|siddhant54 has 120 seconds left.\n|\n|t:|1771221673\n|move|p1a: Cinderace|Sucker Punch|p2a: Cinderace\n|-start|p1a: Cinderace|typechange|Dark|[from] ability: Libero\n|-damage|p2a: Cinderace|0 fnt\n|faint|p2a: Cinderace\n|-damage|p1a: Cinderace|22/100|[from] item: Life Orb\n|\n|upkeep\n|inactive|micdumb has 120 seconds left.\n|\n|t:|1771221724\n|switch|p2a: Iron Valiant|Iron Valiant, shiny|100/100\n|-enditem|p2a: Iron Valiant|Booster Energy\n|-activate|p2a: Iron Valiant|ability: Quark Drive|[fromitem]\n|-start|p2a: Iron Valiant|quarkdrivespe\n|turn|12\n|\n|t:|1771221729\n|switch|p1a: Toxapex|Toxapex, F|100/100\n|move|p2a: Iron Valiant|Knock Off|p1a: Toxapex\n|-damage|p1a: Toxapex|83/100\n|-enditem|p1a: Toxapex|Leftovers|[from] move: Knock Off|[of] p2a: Iron Valiant\n|\n|upkeep\n|turn|13\n|\n|t:|1771221734\n|-end|p2a: Iron Valiant|Quark Drive|[silent]\n|switch|p2a: Gliscor|Gliscor, M, shiny|50/100 tox\n|move|p1a: Toxapex|Sludge Bomb|p2a: Gliscor\n|-resisted|p2a: Gliscor\n|-damage|p2a: Gliscor|37/100 tox\n|\n|-heal|p2a: Gliscor|50/100 tox|[from] ability: Poison Heal\n|upkeep\n|turn|14\n|inactive|micdumb has 120 seconds left.\n|\n|t:|1771221740\n|switch|p1a: Cinderace|Cinderace, M|22/100\n|move|p2a: Gliscor|Swords Dance|p2a: Gliscor\n|-boost|p2a: Gliscor|atk|2\n|\n|-heal|p2a: Gliscor|62/100 tox|[from] ability: Poison Heal\n|upkeep\n|turn|15\n|\n|t:|1771221745\n|move|p2a: Gliscor|Protect|p2a: Gliscor\n|-singleturn|p2a: Gliscor|Protect\n|move|p1a: Cinderace|Pyro Ball|p2a: Gliscor\n|-activate|p2a: Gliscor|move: Protect\n|\n|-heal|p2a: Gliscor|74/100 tox|[from] ability: Poison Heal\n|upkeep\n|turn|16\n|inactive|micdumb has 120 seconds left.\n|\n|t:|1771221768\n|switch|p2a: Hydrapple|Hydrapple, M, shiny|100/100\n|move|p1a: Cinderace|Pyro Ball|p2a: Hydrapple|[miss]\n|-miss|p1a: Cinderace|p2a: Hydrapple\n|\n|upkeep\n|turn|17\n|inactive|micdumb has 120 seconds left.\n|\n|t:|1771221776\n|move|p1a: Cinderace|U-turn|p2a: Hydrapple\n|-start|p1a: Cinderace|typechange|Bug|[from] ability: Libero\n|-supereffective|p2a: Hydrapple\n|-damage|p2a: Hydrapple|38/100\n|-damage|p1a: Cinderace|12/100|[from] item: Life Orb\n|\n|t:|1771221785\n|switch|p1a: Landorus|Landorus-Therian, M|81/100|[from] U-turn\n|-ability|p1a: Landorus|Intimidate|boost\n|-unboost|p2a: Hydrapple|atk|1\n|move|p2a: Hydrapple|Giga Drain|p1a: Landorus\n|-damage|p1a: Landorus|18/100\n|-heal|p2a: Hydrapple|62/100|[from] drain|[of] p1a: Landorus\n|-damage|p2a: Hydrapple|52/100|[from] item: Life Orb\n|\n|upkeep\n|turn|18\n|inactive|micdumb has 120 seconds left.\n|\n|t:|1771221806\n|switch|p2a: Gliscor|Gliscor, M, shiny|74/100 tox\n|move|p1a: Landorus|U-turn|p2a: Gliscor\n|-resisted|p2a: Gliscor\n|-damage|p2a: Gliscor|61/100 tox\n|\n|t:|1771221814\n|switch|p1a: Darkrai|Darkrai|100/100|[from] U-turn\n|\n|-heal|p2a: Gliscor|74/100 tox|[from] ability: Poison Heal\n|upkeep\n|turn|19\n|\n|t:|1771221819\n|move|p2a: Gliscor|Protect|p2a: Gliscor\n|-singleturn|p2a: Gliscor|Protect\n|move|p1a: Darkrai|Dark Pulse|p2a: Gliscor\n|-activate|p2a: Gliscor|move: Protect\n|\n|-heal|p2a: Gliscor|86/100 tox|[from] ability: Poison Heal\n|upkeep\n|turn|20\n|\n|t:|1771221832\n|-terastallize|p2a: Gliscor|Fairy\n|move|p1a: Darkrai|Ice Beam|p2a: Gliscor\n|-damage|p2a: Gliscor|40/100 tox\n|move|p2a: Gliscor|Swords Dance|p2a: Gliscor\n|-boost|p2a: Gliscor|atk|2\n|\n|-heal|p2a: Gliscor|52/100 tox|[from] ability: Poison Heal\n|upkeep\n|turn|21\n|\n|t:|1771221843\n|move|p2a: Gliscor|Protect|p2a: Gliscor\n|-singleturn|p2a: Gliscor|Protect\n|move|p1a: Darkrai|Sludge Bomb|p2a: Gliscor\n|-activate|p2a: Gliscor|move: Protect\n|\n|-heal|p2a: Gliscor|64/100 tox|[from] ability: Poison Heal\n|upkeep\n|turn|22\n|inactive|micdumb has 120 seconds left.\n|\n|t:|1771221862\n|switch|p2a: Kingambit|Kingambit, M, shiny|100/100\n|-activate|p2a: Kingambit|ability: Supreme Overlord\n|-start|p2a: Kingambit|fallen1|[silent]\n|-item|p2a: Kingambit|Air Balloon\n|move|p1a: Darkrai|Sludge Bomb|p2a: Kingambit\n|-immune|p2a: Kingambit\n|\n|upkeep\n|turn|23\n|\n|t:|1771221870\n|switch|p1a: Landorus|Landorus-Therian, M|18/100\n|-ability|p1a: Landorus|Intimidate|boost\n|-unboost|p2a: Kingambit|atk|1\n|move|p2a: Kingambit|Low Kick|p1a: Landorus\n|-resisted|p1a: Landorus\n|-damage|p1a: Landorus|6/100\n|\n|upkeep\n|turn|24\n|\n|t:|1771221882\n|move|p2a: Kingambit|Sucker Punch|p1a: Landorus\n|-damage|p1a: Landorus|0 fnt\n|faint|p1a: Landorus\n|\n|upkeep\n|\n|t:|1771221890\n|switch|p1a: Cinderace|Cinderace, M|12/100\n|turn|25\n|\n|t:|1771221907\n|move|p2a: Kingambit|Sucker Punch|p1a: Cinderace\n|-damage|p1a: Cinderace|0 fnt\n|faint|p1a: Cinderace\n|\n|upkeep\n|\n|t:|1771221910\n|switch|p1a: Iron Valiant|Iron Valiant|100/100\n|turn|26\n|\n|t:|1771221914\n|-end|p2a: Kingambit|fallen1|[silent]\n|switch|p2a: Slowking|Slowking-Galar, M, shiny|70/100\n|move|p1a: Iron Valiant|Aura Sphere|p2a: Slowking\n|-resisted|p2a: Slowking\n|-damage|p2a: Slowking|65/100\n|\n|upkeep\n|turn|27\n|\n|t:|1771221920\n|-end|p1a: Iron Valiant|Quark Drive|[silent]\n|switch|p1a: Dragapult|Dragapult, M|100/100\n|move|p2a: Slowking|Whirlpool|p1a: Dragapult|[miss]\n|-miss|p2a: Slowking|p1a: Dragapult\n|\n|upkeep\n|turn|28\n|\n|t:|1771221936\n|switch|p2a: Iron Valiant|Iron Valiant, shiny|100/100\n|move|p1a: Dragapult|Shadow Ball|p2a: Iron Valiant\n|-damage|p2a: Iron Valiant|0 fnt\n|faint|p2a: Iron Valiant\n|-end|p2a: Iron Valiant|Quark Drive|[silent]\n|\n|upkeep\n|\n|t:|1771221942\n|switch|p2a: Kingambit|Kingambit, M, shiny|100/100\n|-activate|p2a: Kingambit|ability: Supreme Overlord\n|-start|p2a: Kingambit|fallen2|[silent]\n|-item|p2a: Kingambit|Air Balloon\n|turn|29\n|\n|t:|1771221955\n|-end|p2a: Kingambit|fallen2|[silent]\n|switch|p2a: Gliscor|Gliscor, M, shiny, tera:Fairy|64/100 tox\n|move|p1a: Dragapult|Shadow Ball|p2a: Gliscor\n|-damage|p2a: Gliscor|0 fnt\n|faint|p2a: Gliscor\n|\n|upkeep\n|\n|t:|1771221965\n|switch|p2a: Slowking|Slowking-Galar, M, shiny|98/100\n|turn|30\n|\n|t:|1771221971\n|move|p1a: Dragapult|Shadow Ball|p2a: Slowking\n|-supereffective|p2a: Slowking\n|-damage|p2a: Slowking|44/100\n|move|p2a: Slowking|Psychic Noise|p1a: Dragapult\n|-damage|p1a: Dragapult|63/100\n|-start|p1a: Dragapult|move: Heal Block\n|\n|upkeep\n|turn|31\n|\n|t:|1771221975\n|switch|p2a: Hydrapple|Hydrapple, M, shiny|85/100\n|move|p1a: Dragapult|Shadow Ball|p2a: Hydrapple\n|-damage|p2a: Hydrapple|33/100\n|\n|-end|p1a: Dragapult|move: Heal Block\n|upkeep\n|turn|32\n|j| Joggi Baer\n|\n|t:|1771221980\n|move|p1a: Dragapult|Shadow Ball|p2a: Hydrapple\n|-damage|p2a: Hydrapple|0 fnt\n|faint|p2a: Hydrapple\n|\n|upkeep\n|\n|t:|1771221981\n|switch|p2a: Kingambit|Kingambit, M, shiny|100/100\n|-activate|p2a: Kingambit|ability: Supreme Overlord\n|-start|p2a: Kingambit|fallen4|[silent]\n|-item|p2a: Kingambit|Air Balloon\n|turn|33\n|\n|t:|1771221988\n|switch|p1a: Iron Valiant|Iron Valiant|100/100\n|move|p2a: Kingambit|Sucker Punch||[still]\n|-fail|p2a: Kingambit\n|\n|upkeep\n|turn|34\n|\n|t:|1771221991\n|-end|p2a: Kingambit|fallen4|[silent]\n|switch|p2a: Slowking|Slowking-Galar, M, shiny|77/100\n|move|p1a: Iron Valiant|Aura Sphere|p2a: Slowking\n|-resisted|p2a: Slowking\n|-damage|p2a: Slowking|71/100\n|\n|upkeep\n|turn|35\n|\n|t:|1771221996\n|-end|p1a: Iron Valiant|Quark Drive|[silent]\n|switch|p1a: Dragapult|Dragapult, M|63/100\n|move|p2a: Slowking|Sludge Bomb|p1a: Dragapult\n|-resisted|p1a: Dragapult\n|-damage|p1a: Dragapult|40/100\n|\n|upkeep\n|turn|36\n|\n|t:|1771222002\n|move|p1a: Dragapult|Thunder|p2a: Slowking\n|-damage|p2a: Slowking|45/100\n|move|p2a: Slowking|Psychic Noise|p1a: Dragapult\n|-damage|p1a: Dragapult|0 fnt\n|faint|p1a: Dragapult\n|\n|upkeep\n|\n|t:|1771222012\n|switch|p1a: Darkrai|Darkrai|100/100\n|turn|37\n|\n|t:|1771222020\n|move|p1a: Darkrai|Dark Pulse|p2a: Slowking\n|-supereffective|p2a: Slowking\n|-damage|p2a: Slowking|0 fnt\n|faint|p2a: Slowking\n|\n|upkeep\n|\n|t:|1771222021\n|switch|p2a: Kingambit|Kingambit, M, shiny|100/100\n|-activate|p2a: Kingambit|ability: Supreme Overlord\n|-start|p2a: Kingambit|fallen5|[silent]\n|-item|p2a: Kingambit|Air Balloon\n|turn|38\n|\n|t:|1771222028\n|switch|p1a: Iron Valiant|Iron Valiant|100/100\n|move|p2a: Kingambit|Swords Dance|p2a: Kingambit\n|-boost|p2a: Kingambit|atk|2\n|\n|upkeep\n|turn|39\n|\n|t:|1771222030\n|move|p1a: Iron Valiant|Aura Sphere|p2a: Kingambit\n|-supereffective|p2a: Kingambit\n|-damage|p2a: Kingambit|0 fnt\n|-enditem|p2a: Kingambit|Air Balloon\n|faint|p2a: Kingambit\n|-end|p2a: Kingambit|fallen5|[silent]\n|\n|win|siddhant54\n|raw|siddhant54's rating: 1496 &rarr; <strong>1520</strong><br />(+24 for winning)\n|raw|micdumb's rating: 1561 &rarr; <strong>1537</strong><br />(-24 for losing)\n|l|☆micdumb\n|player|p2|\n|l| Joggi Baer\n", "uploadtime": 1771222275, "views": 5, "formatid": "gen9ou", "rating": 1520, "private": 0, "password": null}