{"id": "gen9ou-2639924969", "format": "[Gen 9] OU", "players": ["Mailiam", "Kvnshasa"], "log": "|j|☆Mailiam\n|j|☆Kvnshasa\n|t:|1782544712\n|gametype|singles\n|player|p1|Mailiam|az|1607\n|player|p2|Kvnshasa|policeman-gen4|1703\n|gen|9\n|tier|[Gen 9] OU\n|rated|\n|rule|HP Percentage Mod: HP is shown in percentages\n|rule|Endless Battle Clause: Forcing endless battles is banned\n|rule|Species Clause: Limit one of each Pokémon\n|rule|OHKO Clause: OHKO moves are banned\n|rule|Evasion Items Clause: Evasion items are banned\n|rule|Evasion Moves Clause: Evasion moves are banned\n|rule|Evasion Abilities Clause: Evasion abilities are banned\n|rule|Sleep Moves Clause: Sleep-inducing moves are banned\n|clearpoke\n|poke|p1|Lokix, M|\n|poke|p1|Heatran, F|\n|poke|p1|Hatterene, F|\n|poke|p1|Great Tusk|\n|poke|p1|Tornadus-Therian, M|\n|poke|p1|Walking Wake|\n|poke|p2|Alomomola, M|\n|poke|p2|Zamazenta-*|\n|poke|p2|Corviknight, M|\n|poke|p2|Tyranitar, F|\n|poke|p2|Excadrill, F|\n|poke|p2|Pecharunt|\n|teampreview\n|inactive|Battle timer is ON: inactive players will automatically lose when time's up. (requested by Mailiam)\n|\n|t:|1782544724\n|teamsize|p1|6\n|teamsize|p2|6\n|start\n|switch|p1a: Tornadus|Tornadus-Therian, M|100/100\n|switch|p2a: Corviknight|Corviknight, M|100/100\n|-ability|p2a: Corviknight|Pressure\n|turn|1\n|\n|t:|1782544731\n|switch|p2a: Pecharunt|Pecharunt|100/100\n|move|p1a: Tornadus|Knock Off|p2a: Pecharunt\n|-supereffective|p2a: Pecharunt\n|-damage|p2a: Pecharunt|79/100\n|-enditem|p2a: Pecharunt|Heavy-Duty Boots|[from] move: Knock Off|[of] p1a: Tornadus\n|\n|upkeep\n|turn|2\n|\n|t:|1782544740\n|move|p1a: Tornadus|U-turn|p2a: Pecharunt\n|-resisted|p2a: Pecharunt\n|-damage|p2a: Pecharunt|78/100\n|\n|t:|1782544741\n|switch|p1a: Heatran|Heatran, F|100/100|[from] U-turn\n|move|p2a: Pecharunt|Recover|p2a: Pecharunt\n|-heal|p2a: Pecharunt|100/100\n|\n|upkeep\n|turn|3\n|\n|t:|1782544745\n|move|p1a: Heatran|Stealth Rock|p2a: Pecharunt\n|-sidestart|p2: Kvnshasa|move: Stealth Rock\n|move|p2a: Pecharunt|Parting Shot|p1a: Heatran\n|-unboost|p1a: Heatran|atk|1\n|-unboost|p1a: Heatran|spa|1\n|\n|t:|1782544748\n|switch|p2a: Excadrill|Excadrill, F|100/100|[from] Parting Shot\n|-damage|p2a: Excadrill|97/100|[from] Stealth Rock\n|-item|p2a: Excadrill|Air Balloon\n|\n|upkeep\n|turn|4\n|\n|t:|1782544755\n|switch|p1a: Tornadus|Tornadus-Therian, M|100/100\n|move|p2a: Excadrill|Earthquake|p1a: Tornadus\n|-immune|p1a: Tornadus\n|\n|upkeep\n|turn|5\n|\n|t:|1782544758\n|move|p1a: Tornadus|Heat Wave|p2a: Excadrill\n|-supereffective|p2a: Excadrill\n|-damage|p2a: Excadrill|35/100\n|-enditem|p2a: Excadrill|Air Balloon\n|move|p2a: Excadrill|Rapid Spin|p1a: Tornadus\n|-damage|p1a: Tornadus|79/100\n|-boost|p2a: Excadrill|spe|1\n|-sideend|p2: Kvnshasa|Stealth Rock|[from] move: Rapid Spin|[of] p2a: Excadrill\n|\n|upkeep\n|turn|6\n|\n|t:|1782544764\n|switch|p2a: Alomomola|Alomomola, M|100/100\n|move|p1a: Tornadus|U-turn|p2a: Alomomola\n|-damage|p2a: Alomomola|89/100\n|\n|t:|1782544783\n|switch|p1a: Lokix|Lokix, M|100/100|[from] U-turn\n|\n|upkeep\n|turn|7\n|\n|t:|1782544786\n|switch|p2a: Corviknight|Corviknight, M|100/100\n|-ability|p2a: Corviknight|Pressure\n|move|p1a: Lokix|U-turn|p2a: Corviknight\n|-resisted|p2a: Corviknight\n|-damage|p2a: Corviknight|85/100\n|\n|t:|1782544789\n|switch|p1a: Heatran|Heatran, F|100/100|[from] U-turn\n|\n|upkeep\n|turn|8\n|\n|t:|1782544793\n|switch|p2a: Alomomola|Alomomola, M|100/100\n|move|p1a: Heatran|Stealth Rock|p2a: Alomomola\n|-sidestart|p2: Kvnshasa|move: Stealth Rock\n|\n|upkeep\n|turn|9\n|\n|t:|1782544800\n|switch|p1a: Tornadus|Tornadus-Therian, M|100/100\n|move|p2a: Alomomola|Flip Turn|p1a: Tornadus\n|-damage|p1a: Tornadus|81/100\n|\n|t:|1782544802\n|switch|p2a: Tyranitar|Tyranitar, F|100/100|[from] Flip Turn\n|-damage|p2a: Tyranitar|88/100|[from] Stealth Rock\n|-weather|Sandstorm|[from] ability: Sand Stream|[of] p2a: Tyranitar\n|\n|-weather|Sandstorm|[upkeep]\n|-damage|p1a: Tornadus|75/100|[from] Sandstorm\n|upkeep\n|turn|10\n|\n|t:|1782544805\n|move|p1a: Tornadus|U-turn|p2a: Tyranitar\n|-supereffective|p2a: Tyranitar\n|-crit|p2a: Tyranitar\n|-damage|p2a: Tyranitar|48/100\n|\n|t:|1782544807\n|switch|p1a: Hatterene|Hatterene, F|100/100|[from] U-turn\n|move|p2a: Tyranitar|Ice Punch|p1a: Hatterene\n|-damage|p1a: Hatterene|67/100\n|\n|-weather|Sandstorm|[upkeep]\n|-damage|p1a: Hatterene|61/100|[from] Sandstorm\n|upkeep\n|turn|11\n|\n|t:|1782544813\n|switch|p2a: Alomomola|Alomomola, M|100/100\n|-damage|p2a: Alomomola|88/100|[from] Stealth Rock\n|move|p1a: Hatterene|Draining Kiss|p2a: Alomomola\n|-damage|p2a: Alomomola|78/100\n|-heal|p1a: Hatterene|74/100|[from] drain|[of] p2a: Alomomola\n|\n|-weather|Sandstorm|[upkeep]\n|-damage|p2a: Alomomola|72/100|[from] Sandstorm\n|-damage|p1a: Hatterene|68/100|[from] Sandstorm\n|upkeep\n|turn|12\n|\n|t:|1782544823\n|move|p2a: Alomomola|Flip Turn|p1a: Hatterene\n|-damage|p1a: Hatterene|56/100\n|\n|t:|1782544825\n|switch|p2a: Corviknight|Corviknight, M|85/100|[from] Flip Turn\n|-damage|p2a: Corviknight|73/100|[from] Stealth Rock\n|-ability|p2a: Corviknight|Pressure\n|move|p1a: Hatterene|Pain Split|p2a: Corviknight\n|-sethp|p2a: Corviknight|59/100|[from] move: Pain Split|[silent]\n|-sethp|p1a: Hatterene|74/100|[from] move: Pain Split\n|\n|-weather|Sandstorm|[upkeep]\n|-damage|p1a: Hatterene|68/100|[from] Sandstorm\n|upkeep\n|turn|13\n|\n|t:|1782544830\n|move|p2a: Corviknight|Roost|p2a: Corviknight\n|-heal|p2a: Corviknight|100/100\n|-singleturn|p2a: Corviknight|move: Roost\n|move|p1a: Hatterene|Draining Kiss|p2a: Corviknight\n|-resisted|p2a: Corviknight\n|-damage|p2a: Corviknight|88/100\n|-heal|p1a: Hatterene|79/100|[from] drain|[of] p2a: Corviknight\n|\n|-weather|none\n|upkeep\n|turn|14\n|\n|t:|1782544842\n|move|p2a: Corviknight|U-turn|p1a: Hatterene\n|-damage|p1a: Hatterene|68/100\n|\n|t:|1782544844\n|switch|p2a: Alomomola|Alomomola, M|100/100|[from] U-turn\n|-damage|p2a: Alomomola|88/100|[from] Stealth Rock\n|move|p1a: Hatterene|Draining Kiss|p2a: Alomomola\n|-damage|p2a: Alomomola|78/100\n|-heal|p1a: Hatterene|81/100|[from] drain|[of] p2a: Alomomola\n|\n|upkeep\n|turn|15\n|\n|t:|1782544852\n|move|p2a: Alomomola|Scald|p1a: Hatterene\n|-crit|p1a: Hatterene\n|-damage|p1a: Hatterene|59/100\n|move|p1a: Hatterene|Calm Mind|p1a: Hatterene\n|-boost|p1a: Hatterene|spa|1\n|-boost|p1a: Hatterene|spd|1\n|\n|upkeep\n|turn|16\n|\n|t:|1782544856\n|move|p2a: Alomomola|Scald|p1a: Hatterene\n|-damage|p1a: Hatterene|49/100\n|move|p1a: Hatterene|Pain Split|p2a: Alomomola\n|-sethp|p2a: Alomomola|54/100|[from] move: Pain Split|[silent]\n|-sethp|p1a: Hatterene|90/100|[from] move: Pain Split\n|\n|upkeep\n|turn|17\n|\n|t:|1782544859\n|move|p2a: Alomomola|Scald|p1a: Hatterene\n|-damage|p1a: Hatterene|80/100\n|move|p1a: Hatterene|Calm Mind|p1a: Hatterene\n|-boost|p1a: Hatterene|spa|1\n|-boost|p1a: Hatterene|spd|1\n|\n|upkeep\n|turn|18\n|\n|t:|1782544877\n|move|p2a: Alomomola|Flip Turn|p1a: Hatterene\n|-damage|p1a: Hatterene|65/100\n|\n|t:|1782544880\n|switch|p2a: Corviknight|Corviknight, M|88/100|[from] Flip Turn\n|-damage|p2a: Corviknight|76/100|[from] Stealth Rock\n|-ability|p2a: Corviknight|Pressure\n|move|p1a: Hatterene|Calm Mind|p1a: Hatterene\n|-boost|p1a: Hatterene|spa|1\n|-boost|p1a: Hatterene|spd|1\n|\n|upkeep\n|turn|19\n|\n|t:|1782544884\n|move|p2a: Corviknight|Brave Bird|p1a: Hatterene\n|-damage|p1a: Hatterene|33/100\n|-damage|p2a: Corviknight|68/100|[from] Recoil\n|move|p1a: Hatterene|Draining Kiss|p2a: Corviknight\n|-resisted|p2a: Corviknight\n|-damage|p2a: Corviknight|42/100\n|-heal|p1a: Hatterene|58/100|[from] drain|[of] p2a: Corviknight\n|\n|upkeep\n|turn|20\n|\n|t:|1782544891\n|move|p2a: Corviknight|Roost|p2a: Corviknight\n|-heal|p2a: Corviknight|92/100\n|-singleturn|p2a: Corviknight|move: Roost\n|move|p1a: Hatterene|Draining Kiss|p2a: Corviknight\n|-resisted|p2a: Corviknight\n|-damage|p2a: Corviknight|67/100\n|-heal|p1a: Hatterene|81/100|[from] drain|[of] p2a: Corviknight\n|\n|upkeep\n|turn|21\n|\n|t:|1782544898\n|switch|p1a: Heatran|Heatran, F|100/100\n|move|p2a: Corviknight|Defog|p1a: Heatran\n|-unboost|p1a: Heatran|evasion|1\n|-sideend|p2: Kvnshasa|Stealth Rock|[from] move: Defog|[of] p2a: Corviknight\n|\n|upkeep\n|turn|22\n|\n|t:|1782544904\n|switch|p2a: Alomomola|Alomomola, M|87/100\n|move|p1a: Heatran|Stealth Rock|p2a: Alomomola\n|-sidestart|p2: Kvnshasa|move: Stealth Rock\n|\n|upkeep\n|turn|23\n|\n|t:|1782544906\n|switch|p1a: Walking Wake|Walking Wake|100/100\n|move|p2a: Alomomola|Flip Turn|p1a: Walking Wake\n|-resisted|p1a: Walking Wake\n|-damage|p1a: Walking Wake|96/100\n|\n|t:|1782544909\n|switch|p2a: Pecharunt|Pecharunt|100/100|[from] Flip Turn\n|-damage|p2a: Pecharunt|88/100|[from] Stealth Rock\n|\n|upkeep\n|turn|24\n|\n|t:|1782544915\n|switch|p2a: Alomomola|Alomomola, M|100/100\n|-damage|p2a: Alomomola|88/100|[from] Stealth Rock\n|move|p1a: Walking Wake|Draco Meteor|p2a: Alomomola\n|-damage|p2a: Alomomola|44/100\n|-unboost|p1a: Walking Wake|spa|2\n|\n|upkeep\n|turn|25\n|\n|t:|1782544920\n|-end|p1a: Walking Wake|Protosynthesis|[silent]\n|switch|p1a: Tornadus|Tornadus-Therian, M|100/100\n|move|p2a: Alomomola|Scald|p1a: Tornadus\n|-damage|p1a: Tornadus|91/100\n|-status|p1a: Tornadus|brn\n|\n|-damage|p1a: Tornadus|85/100 brn|[from] brn\n|upkeep\n|turn|26\n|\n|t:|1782544924\n|switch|p2a: Pecharunt|Pecharunt|88/100\n|-damage|p2a: Pecharunt|76/100|[from] Stealth Rock\n|move|p1a: Tornadus|Knock Off|p2a: Pecharunt\n|-supereffective|p2a: Pecharunt\n|-damage|p2a: Pecharunt|70/100\n|\n|-damage|p1a: Tornadus|79/100 brn|[from] brn\n|upkeep\n|turn|27\n|\n|t:|1782544927\n|move|p1a: Tornadus|U-turn|p2a: Pecharunt\n|-resisted|p2a: Pecharunt\n|-damage|p2a: Pecharunt|69/100\n|\n|t:|1782544930\n|switch|p1a: Heatran|Heatran, F|100/100|[from] U-turn\n|move|p2a: Pecharunt|Recover|p2a: Pecharunt\n|-heal|p2a: Pecharunt|100/100\n|\n|upkeep\n|turn|28\n|\n|t:|1782544932\n|move|p1a: Heatran|Magma Storm|p2a: Pecharunt\n|-damage|p2a: Pecharunt|56/100\n|-activate|p2a: Pecharunt|move: Magma Storm|[of] p1a: Heatran\n|move|p2a: Pecharunt|Parting Shot|p1a: Heatran\n|-unboost|p1a: Heatran|atk|1\n|-unboost|p1a: Heatran|spa|1\n|\n|t:|1782544935\n|switch|p2a: Tyranitar|Tyranitar, F|48/100|[from] Parting Shot\n|-damage|p2a: Tyranitar|35/100|[from] Stealth Rock\n|-weather|Sandstorm|[from] ability: Sand Stream|[of] p2a: Tyranitar\n|\n|-weather|Sandstorm|[upkeep]\n|upkeep\n|turn|29\n|\n|t:|1782544945\n|switch|p1a: Hatterene|Hatterene, F|81/100\n|move|p2a: Tyranitar|Knock Off|p1a: Hatterene\n|-damage|p1a: Hatterene|17/100\n|-enditem|p1a: Hatterene|Covert Cloak|[from] move: Knock Off|[of] p2a: Tyranitar\n|\n|-weather|Sandstorm|[upkeep]\n|-damage|p1a: Hatterene|11/100|[from] Sandstorm\n|upkeep\n|turn|30\n|\n|t:|1782544949\n|move|p2a: Tyranitar|Knock Off|p1a: Hatterene\n|-damage|p1a: Hatterene|0 fnt\n|faint|p1a: Hatterene\n|\n|-weather|Sandstorm|[upkeep]\n|upkeep\n|\n|t:|1782544950\n|switch|p1a: Great Tusk|Great Tusk|100/100\n|turn|31\n|\n|t:|1782544953\n|switch|p2a: Corviknight|Corviknight, M|67/100\n|-damage|p2a: Corviknight|55/100|[from] Stealth Rock\n|-ability|p2a: Corviknight|Pressure\n|move|p1a: Great Tusk|Knock Off|p2a: Corviknight\n|-damage|p2a: Corviknight|39/100\n|-enditem|p2a: Corviknight|Covert Cloak|[from] move: Knock Off|[of] p1a: Great Tusk\n|\n|-weather|Sandstorm|[upkeep]\n|upkeep\n|turn|32\n|\n|t:|1782544956\n|-end|p1a: Great Tusk|Protosynthesis|[silent]\n|switch|p1a: Heatran|Heatran, F|100/100\n|move|p2a: Corviknight|Roost|p2a: Corviknight\n|-heal|p2a: Corviknight|89/100\n|-singleturn|p2a: Corviknight|move: Roost\n|\n|-weather|none\n|upkeep\n|turn|33\n|\n|t:|1782544959\n|switch|p2a: Alomomola|Alomomola, M|77/100\n|-damage|p2a: Alomomola|65/100|[from] Stealth Rock\n|move|p1a: Heatran|Magma Storm|p2a: Alomomola\n|-resisted|p2a: Alomomola\n|-damage|p2a: Alomomola|55/100\n|-activate|p2a: Alomomola|move: Magma Storm|[of] p1a: Heatran\n|\n|-damage|p2a: Alomomola|43/100|[from] move: Magma Storm|[partiallytrapped]\n|upkeep\n|turn|34\n|\n|t:|1782544964\n|move|p1a: Heatran|Earth Power|p2a: Alomomola\n|-damage|p2a: Alomomola|31/100\n|move|p2a: Alomomola|Flip Turn|p1a: Heatran\n|-supereffective|p1a: Heatran\n|-damage|p1a: Heatran|71/100\n|\n|t:|1782544966\n|switch|p2a: Excadrill|Excadrill, F|35/100|[from] Flip Turn\n|-damage|p2a: Excadrill|32/100|[from] Stealth Rock\n|\n|-heal|p1a: Heatran|77/100|[from] item: Leftovers\n|upkeep\n|turn|35\n|\n|t:|1782544977\n|switch|p1a: Tornadus|Tornadus-Therian, M|100/100 brn\n|move|p2a: Excadrill|Earthquake|p1a: Tornadus\n|-immune|p1a: Tornadus\n|\n|-damage|p1a: Tornadus|94/100 brn|[from] brn\n|upkeep\n|turn|36\n|\n|t:|1782544984\n|switch|p2a: Pecharunt|Pecharunt|56/100\n|-damage|p2a: Pecharunt|44/100|[from] Stealth Rock\n|move|p1a: Tornadus|Knock Off|p2a: Pecharunt\n|-supereffective|p2a: Pecharunt\n|-damage|p2a: Pecharunt|38/100\n|\n|-damage|p1a: Tornadus|88/100 brn|[from] brn\n|upkeep\n|turn|37\n|\n|t:|1782544986\n|move|p1a: Tornadus|Bleakwind Storm|p2a: Pecharunt\n|-damage|p2a: Pecharunt|2/100\n|move|p2a: Pecharunt|Recover|p2a: Pecharunt\n|-heal|p2a: Pecharunt|52/100\n|\n|-damage|p1a: Tornadus|82/100 brn|[from] brn\n|upkeep\n|turn|38\n|\n|t:|1782544995\n|move|p1a: Tornadus|Bleakwind Storm|p2a: Pecharunt\n|-damage|p2a: Pecharunt|18/100\n|move|p2a: Pecharunt|Recover|p2a: Pecharunt\n|-heal|p2a: Pecharunt|68/100\n|\n|-damage|p1a: Tornadus|76/100 brn|[from] brn\n|upkeep\n|turn|39\n|\n|t:|1782544999\n|move|p1a: Tornadus|Bleakwind Storm|p2a: Pecharunt\n|-damage|p2a: Pecharunt|29/100\n|move|p2a: Pecharunt|Recover|p2a: Pecharunt\n|-heal|p2a: Pecharunt|79/100\n|\n|-damage|p1a: Tornadus|70/100 brn|[from] brn\n|upkeep\n|turn|40\n|\n|t:|1782545003\n|move|p1a: Tornadus|Bleakwind Storm|p2a: Pecharunt|[miss]\n|-miss|p1a: Tornadus|p2a: Pecharunt\n|move|p2a: Pecharunt|Parting Shot|p1a: Tornadus\n|-unboost|p1a: Tornadus|atk|1\n|-unboost|p1a: Tornadus|spa|1\n|\n|t:|1782545009\n|switch|p2a: Alomomola|Alomomola, M|64/100|[from] Parting Shot\n|-damage|p2a: Alomomola|52/100|[from] Stealth Rock\n|\n|-damage|p1a: Tornadus|64/100 brn|[from] brn\n|upkeep\n|turn|41\n|\n|t:|1782545011\n|switch|p2a: Pecharunt|Pecharunt|79/100\n|-damage|p2a: Pecharunt|67/100|[from] Stealth Rock\n|move|p1a: Tornadus|Knock Off|p2a: Pecharunt\n|-supereffective|p2a: Pecharunt\n|-damage|p2a: Pecharunt|62/100\n|\n|-damage|p1a: Tornadus|58/100 brn|[from] brn\n|upkeep\n|turn|42\n|\n|t:|1782545018\n|move|p1a: Tornadus|U-turn|p2a: Pecharunt\n|-resisted|p2a: Pecharunt\n|-damage|p2a: Pecharunt|62/100\n|\n|t:|1782545020\n|switch|p1a: Heatran|Heatran, F|77/100|[from] U-turn\n|move|p2a: Pecharunt|Parting Shot|p1a: Heatran\n|-unboost|p1a: Heatran|atk|1\n|-unboost|p1a: Heatran|spa|1\n|j| arturohdez\n|\n|t:|1782545022\n|switch|p2a: Alomomola|Alomomola, M|85/100|[from] Parting Shot\n|-damage|p2a: Alomomola|73/100|[from] Stealth Rock\n|\n|-heal|p1a: Heatran|83/100|[from] item: Leftovers\n|upkeep\n|turn|43\n|\n|t:|1782545025\n|switch|p1a: Walking Wake|Walking Wake|96/100\n|move|p2a: Alomomola|Flip Turn|p1a: Walking Wake\n|-resisted|p1a: Walking Wake\n|-damage|p1a: Walking Wake|92/100\n|l| arturohdez\n|\n|t:|1782545030\n|switch|p2a: Corviknight|Corviknight, M|89/100|[from] Flip Turn\n|-damage|p2a: Corviknight|77/100|[from] Stealth Rock\n|-ability|p2a: Corviknight|Pressure\n|\n|upkeep\n|turn|44\n|\n|t:|1782545034\n|switch|p2a: Alomomola|Alomomola, M|100/100\n|-damage|p2a: Alomomola|88/100|[from] Stealth Rock\n|move|p1a: Walking Wake|Flip Turn|p2a: Alomomola\n|-resisted|p2a: Alomomola\n|-damage|p2a: Alomomola|82/100\n|\n|t:|1782545036\n|-end|p1a: Walking Wake|Protosynthesis|[silent]\n|switch|p1a: Tornadus|Tornadus-Therian, M|91/100 brn|[from] Flip Turn\n|\n|-damage|p1a: Tornadus|85/100 brn|[from] brn\n|upkeep\n|turn|45\n|\n|t:|1782545043\n|switch|p2a: Pecharunt|Pecharunt|62/100\n|-damage|p2a: Pecharunt|49/100|[from] Stealth Rock\n|move|p1a: Tornadus|Knock Off|p2a: Pecharunt\n|-supereffective|p2a: Pecharunt\n|-damage|p2a: Pecharunt|43/100\n|\n|-damage|p1a: Tornadus|79/100 brn|[from] brn\n|upkeep\n|turn|46\n|\n|t:|1782545045\n|move|p1a: Tornadus|Bleakwind Storm|p2a: Pecharunt\n|-crit|p2a: Pecharunt\n|-damage|p2a: Pecharunt|0 fnt\n|faint|p2a: Pecharunt\n|\n|-damage|p1a: Tornadus|73/100 brn|[from] brn\n|upkeep\n|\n|t:|1782545057\n|switch|p2a: Tyranitar|Tyranitar, F|35/100\n|-damage|p2a: Tyranitar|23/100|[from] Stealth Rock\n|-weather|Sandstorm|[from] ability: Sand Stream|[of] p2a: Tyranitar\n|turn|47\n|\n|t:|1782545061\n|switch|p2a: Alomomola|Alomomola, M|100/100\n|-damage|p2a: Alomomola|88/100|[from] Stealth Rock\n|move|p1a: Tornadus|U-turn|p2a: Alomomola\n|-damage|p2a: Alomomola|83/100\n|\n|t:|1782545065\n|switch|p1a: Great Tusk|Great Tusk|100/100|[from] U-turn\n|\n|-weather|Sandstorm|[upkeep]\n|-damage|p2a: Alomomola|77/100|[from] Sandstorm\n|upkeep\n|turn|48\n|\n|t:|1782545068\n|move|p1a: Great Tusk|Knock Off|p2a: Alomomola\n|-damage|p2a: Alomomola|55/100\n|-enditem|p2a: Alomomola|Assault Vest|[from] move: Knock Off|[of] p1a: Great Tusk\n|move|p2a: Alomomola|Scald|p1a: Great Tusk\n|-supereffective|p1a: Great Tusk\n|-damage|p1a: Great Tusk|62/100\n|-status|p1a: Great Tusk|brn\n|\n|-weather|Sandstorm|[upkeep]\n|-damage|p2a: Alomomola|49/100|[from] Sandstorm\n|-damage|p1a: Great Tusk|55/100 brn|[from] brn\n|upkeep\n|turn|49\n|\n|t:|1782545076\n|-end|p1a: Great Tusk|Protosynthesis|[silent]\n|switch|p1a: Walking Wake|Walking Wake|92/100\n|move|p2a: Alomomola|Flip Turn|p1a: Walking Wake\n|-resisted|p1a: Walking Wake\n|-damage|p1a: Walking Wake|88/100\n|\n|t:|1782545079\n|switch|p2a: Excadrill|Excadrill, F|32/100|[from] Flip Turn\n|-damage|p2a: Excadrill|29/100|[from] Stealth Rock\n|\n|-weather|Sandstorm|[upkeep]\n|-damage|p1a: Walking Wake|82/100|[from] Sandstorm\n|upkeep\n|turn|50\n|\n|t:|1782545084\n|-end|p1a: Walking Wake|Protosynthesis|[silent]\n|switch|p1a: Great Tusk|Great Tusk|55/100 brn\n|move|p2a: Excadrill|Earthquake|p1a: Great Tusk\n|-damage|p1a: Great Tusk|20/100 brn\n|\n|-weather|Sandstorm|[upkeep]\n|-damage|p1a: Great Tusk|14/100 brn|[from] brn\n|upkeep\n|turn|51\n|\n|t:|1782545087\n|move|p2a: Excadrill|Iron Head|p1a: Great Tusk\n|-damage|p1a: Great Tusk|0 fnt\n|-damage|p2a: Excadrill|13/100|[from] item: Rocky Helmet|[of] p1a: Great Tusk\n|faint|p1a: Great Tusk\n|-end|p1a: Great Tusk|Protosynthesis|[silent]\n|\n|-weather|none\n|upkeep\n|\n|t:|1782545091\n|switch|p1a: Tornadus|Tornadus-Therian, M|100/100 brn\n|turn|52\n|\n|t:|1782545095\n|switch|p2a: Alomomola|Alomomola, M|82/100\n|-damage|p2a: Alomomola|70/100|[from] Stealth Rock\n|move|p1a: Tornadus|Heat Wave|p2a: Alomomola\n|-resisted|p2a: Alomomola\n|-damage|p2a: Alomomola|62/100\n|-status|p2a: Alomomola|brn\n|\n|-damage|p1a: Tornadus|94/100 brn|[from] brn\n|-damage|p2a: Alomomola|55/100 brn|[from] brn\n|upkeep\n|turn|53\n|\n|t:|1782545099\n|move|p1a: Tornadus|Bleakwind Storm|p2a: Alomomola\n|-damage|p2a: Alomomola|29/100 brn\n|move|p2a: Alomomola|Mirror Coat|p1a: Tornadus\n|-damage|p1a: Tornadus|17/100 brn\n|\n|-damage|p1a: Tornadus|11/100 brn|[from] brn\n|-damage|p2a: Alomomola|23/100 brn|[from] brn\n|upkeep\n|turn|54\n|\n|t:|1782545106\n|switch|p2a: Tyranitar|Tyranitar, F|23/100\n|-damage|p2a: Tyranitar|11/100|[from] Stealth Rock\n|-weather|Sandstorm|[from] ability: Sand Stream|[of] p2a: Tyranitar\n|move|p1a: Tornadus|U-turn|p2a: Tyranitar\n|-supereffective|p2a: Tyranitar\n|-damage|p2a: Tyranitar|0 fnt\n|faint|p2a: Tyranitar\n|\n|t:|1782545111\n|switch|p1a: Lokix|Lokix, M|100/100|[from] U-turn\n|\n|-weather|Sandstorm|[upkeep]\n|-damage|p1a: Lokix|94/100|[from] Sandstorm\n|upkeep\n|\n|t:|1782545113\n|switch|p2a: Zamazenta|Zamazenta|100/100\n|-damage|p2a: Zamazenta|94/100|[from] Stealth Rock\n|-ability|p2a: Zamazenta|Dauntless Shield|boost\n|-boost|p2a: Zamazenta|def|1\n|turn|55\n|\n|t:|1782545123\n|switch|p1a: Heatran|Heatran, F|83/100\n|move|p2a: Zamazenta|Iron Defense|p2a: Zamazenta\n|-boost|p2a: Zamazenta|def|2\n|\n|-weather|Sandstorm|[upkeep]\n|-damage|p2a: Zamazenta|88/100|[from] Sandstorm\n|-heal|p2a: Zamazenta|94/100|[from] item: Leftovers\n|-heal|p1a: Heatran|90/100|[from] item: Leftovers\n|upkeep\n|turn|56\n|\n|t:|1782545132\n|-terastallize|p2a: Zamazenta|Fire\n|move|p2a: Zamazenta|Body Press|p1a: Heatran\n|-supereffective|p1a: Heatran\n|-damage|p1a: Heatran|0 fnt\n|faint|p1a: Heatran\n|\n|-weather|Sandstorm|[upkeep]\n|-damage|p2a: Zamazenta|88/100|[from] Sandstorm\n|-heal|p2a: Zamazenta|94/100|[from] item: Leftovers\n|upkeep\n|\n|t:|1782545136\n|switch|p1a: Walking Wake|Walking Wake|82/100\n|turn|57\n|\n|t:|1782545139\n|-terastallize|p1a: Walking Wake|Fairy\n|move|p2a: Zamazenta|Body Press|p1a: Walking Wake\n|-resisted|p1a: Walking Wake\n|-damage|p1a: Walking Wake|35/100\n|move|p1a: Walking Wake|Surf|p2a: Zamazenta\n|-supereffective|p2a: Zamazenta\n|-damage|p2a: Zamazenta|0 fnt\n|faint|p2a: Zamazenta\n|\n|-weather|Sandstorm|[upkeep]\n|-damage|p1a: Walking Wake|28/100|[from] Sandstorm\n|upkeep\n|\n|t:|1782545145\n|switch|p2a: Excadrill|Excadrill, F|13/100\n|-damage|p2a: Excadrill|10/100|[from] Stealth Rock\n|turn|58\n|\n|t:|1782545148\n|-end|p1a: Walking Wake|Protosynthesis|[silent]\n|switch|p1a: Tornadus|Tornadus-Therian, M|45/100 brn\n|move|p2a: Excadrill|Rapid Spin|p1a: Tornadus\n|-damage|p1a: Tornadus|22/100 brn\n|-boost|p2a: Excadrill|spe|1\n|-sideend|p2: Kvnshasa|Stealth Rock|[from] move: Rapid Spin|[of] p2a: Excadrill\n|\n|-weather|none\n|-damage|p1a: Tornadus|16/100 brn|[from] brn\n|upkeep\n|turn|59\n|\n|t:|1782545154\n|move|p2a: Excadrill|Rapid Spin|p1a: Tornadus\n|-damage|p1a: Tornadus|0 fnt\n|-boost|p2a: Excadrill|spe|1\n|faint|p1a: Tornadus\n|\n|upkeep\n|\n|t:|1782545156\n|switch|p1a: Lokix|Lokix, M|94/100\n|turn|60\n|\n|t:|1782545161\n|move|p2a: Excadrill|Iron Head|p1a: Lokix\n|-damage|p1a: Lokix|29/100\n|cant|p1a: Lokix|flinch\n|\n|upkeep\n|turn|61\n|-message|Mailiam forfeited.\n|\n|win|Kvnshasa\n|raw|Mailiam's rating: 1607 &rarr; <strong>1592</strong><br />(-15 for losing)\n|raw|Kvnshasa's rating: 1703 &rarr; <strong>1718</strong><br />(+15 for winning)\n|l|☆Mailiam\n|player|p1|\n|l|☆Kvnshasa\n|player|p2|\n", "uploadtime": 1782545366, "views": 6, "formatid": "gen9ou", "rating": 1592, "private": 0, "password": null}