{"id": "gen9ou-2540945822", "format": "[Gen 9] OU", "players": ["777Crash", "Pablofromportluis"], "log": "|j|☆777Crash\n|j|☆Pablofromportluis\n|t:|1771269696\n|gametype|singles\n|player|p1|777Crash|170|1638\n|player|p2|Pablofromportluis|blackbelt-gen4dp|1622\n|gen|9\n|tier|[Gen 9] OU\n|rated|\n|rule|HP Percentage Mod: HP is shown in percentages\n|rule|Endless Battle Clause: Forcing endless battles is banned\n|rule|Species Clause: Limit one of each Pokémon\n|rule|OHKO Clause: OHKO moves are banned\n|rule|Evasion Items Clause: Evasion items are banned\n|rule|Evasion Moves Clause: Evasion moves are banned\n|rule|Evasion Abilities Clause: Evasion abilities are banned\n|rule|Sleep Moves Clause: Sleep-inducing moves are banned\n|clearpoke\n|poke|p1|Araquanid, F|\n|poke|p1|Gholdengo|\n|poke|p1|Iron Moth|\n|poke|p1|Iron Valiant|\n|poke|p1|Raging Bolt|\n|poke|p1|Kingambit, F|\n|poke|p2|Gallade, M|\n|poke|p2|Dragapult, F|\n|poke|p2|Slowking-Galar, F|\n|poke|p2|Zamazenta-*|\n|poke|p2|Ting-Lu|\n|poke|p2|Corviknight, F|\n|teampreview\n|inactive|Battle timer is ON: inactive players will automatically lose when time's up. (requested by 777Crash)\n|\n|t:|1771269728\n|teamsize|p1|6\n|teamsize|p2|6\n|start\n|switch|p1a: Araquanid|Araquanid, F|100/100\n|switch|p2a: Ting-Lu|Ting-Lu|100/100\n|-ability|p2a: Ting-Lu|Vessel of Ruin\n|turn|1\n|\n|t:|1771269740\n|move|p2a: Ting-Lu|Stealth Rock|p1a: Araquanid\n|-sidestart|p1: 777Crash|move: Stealth Rock\n|move|p1a: Araquanid|Sticky Web|p2a: Ting-Lu\n|-sidestart|p2: Pablofromportluis|move: Sticky Web\n|\n|upkeep\n|turn|2\n|\n|t:|1771269745\n|switch|p2a: Slowking|Slowking-Galar, F|100/100\n|move|p1a: Araquanid|Surf|p2a: Slowking\n|-damage|p2a: Slowking|78/100\n|\n|upkeep\n|turn|3\n|\n|t:|1771269756\n|move|p1a: Araquanid|Lunge|p2a: Slowking\n|-damage|p2a: Slowking|55/100\n|-unboost|p2a: Slowking|atk|1\n|move|p2a: Slowking|Sludge Bomb|p1a: Araquanid\n|-damage|p1a: Araquanid|80/100\n|\n|upkeep\n|turn|4\n|\n|t:|1771269770\n|move|p1a: Araquanid|Lunge|p2a: Slowking\n|-crit|p2a: Slowking\n|-damage|p2a: Slowking|24/100\n|-unboost|p2a: Slowking|atk|1\n|-prepare|p2a: Slowking|Chilly Reception|[premajor]\n|move|p2a: Slowking|Chilly Reception|p2a: Slowking\n|-weather|Snowscape\n|\n|t:|1771269772\n|switch|p2a: Corviknight|Corviknight, F|100/100|[from] Chilly Reception\n|-ability|p2a: Corviknight|Pressure\n|\n|-weather|Snowscape|[upkeep]\n|upkeep\n|turn|5\n|\n|t:|1771269784\n|switch|p1a: Gholdengo|Gholdengo|100/100\n|-damage|p1a: Gholdengo|94/100|[from] Stealth Rock\n|-item|p1a: Gholdengo|Air Balloon\n|move|p2a: Corviknight|U-turn|p1a: Gholdengo\n|-resisted|p1a: Gholdengo\n|-damage|p1a: Gholdengo|90/100\n|-enditem|p1a: Gholdengo|Air Balloon\n|\n|t:|1771269796\n|switch|p2a: Ting-Lu|Ting-Lu|100/100|[from] U-turn\n|-activate|p2a: Ting-Lu|move: Sticky Web\n|-unboost|p2a: Ting-Lu|spe|1\n|-ability|p2a: Ting-Lu|Vessel of Ruin\n|\n|-weather|Snowscape|[upkeep]\n|upkeep\n|turn|6\n|\n|t:|1771269810\n|-terastallize|p1a: Gholdengo|Flying\n|move|p1a: Gholdengo|Nasty Plot|p1a: Gholdengo\n|-boost|p1a: Gholdengo|spa|2\n|move|p2a: Ting-Lu|Earthquake|p1a: Gholdengo\n|-immune|p1a: Gholdengo\n|\n|-weather|Snowscape|[upkeep]\n|upkeep\n|turn|7\n|inactive|Pablofromportluis has 120 seconds left.\n|\n|t:|1771269863\n|move|p1a: Gholdengo|Nasty Plot|p1a: Gholdengo\n|-boost|p1a: Gholdengo|spa|2\n|move|p2a: Ting-Lu|Ruination|p1a: Gholdengo\n|-damage|p1a: Gholdengo|45/100\n|\n|-weather|Snowscape|[upkeep]\n|upkeep\n|turn|8\n|inactive|Pablofromportluis has 90 seconds left.\n|inactive|Pablofromportluis has 60 seconds left.\n|\n|t:|1771269918\n|move|p1a: Gholdengo|Make It Rain|p2a: Ting-Lu\n|-damage|p2a: Ting-Lu|15/100\n|-unboost|p1a: Gholdengo|spa|1\n|move|p2a: Ting-Lu|Ruination|p1a: Gholdengo\n|-damage|p1a: Gholdengo|23/100\n|\n|-weather|none\n|-heal|p2a: Ting-Lu|21/100|[from] item: Leftovers\n|upkeep\n|turn|9\n|inactive|Pablofromportluis has 60 seconds left.\n|\n|t:|1771269933\n|move|p1a: Gholdengo|Make It Rain|p2a: Ting-Lu\n|-damage|p2a: Ting-Lu|0 fnt\n|-unboost|p1a: Gholdengo|spa|1\n|faint|p2a: Ting-Lu\n|\n|upkeep\n|\n|t:|1771269935\n|switch|p2a: Gallade|Gallade, M|100/100\n|-activate|p2a: Gallade|move: Sticky Web\n|-unboost|p2a: Gallade|spe|1\n|turn|10\n|\n|t:|1771269946\n|-terastallize|p2a: Gallade|Ghost\n|move|p2a: Gallade|Shadow Sneak|p1a: Gholdengo\n|-damage|p1a: Gholdengo|0 fnt\n|faint|p1a: Gholdengo\n|\n|upkeep\n|j| Samurajen\n|inactive|777Crash has 120 seconds left.\n|\n|t:|1771269976\n|switch|p1a: Araquanid|Araquanid, F|80/100\n|-damage|p1a: Araquanid|55/100|[from] Stealth Rock\n|turn|11\n|\n|t:|1771269983\n|switch|p2a: Slowking|Slowking-Galar, F|58/100\n|move|p1a: Araquanid|Surf|p2a: Slowking\n|-damage|p2a: Slowking|35/100\n|\n|upkeep\n|turn|12\n|\n|t:|1771269989\n|switch|p2a: Dragapult|Dragapult, F|100/100\n|-activate|p2a: Dragapult|move: Sticky Web\n|-unboost|p2a: Dragapult|spe|1\n|move|p1a: Araquanid|Lunge|p2a: Dragapult\n|-resisted|p2a: Dragapult\n|-damage|p2a: Dragapult|87/100\n|-unboost|p2a: Dragapult|atk|1\n|\n|upkeep\n|turn|13\n|\n|t:|1771270016\n|move|p2a: Dragapult|Shadow Ball|p1a: Araquanid\n|-damage|p1a: Araquanid|19/100\n|move|p1a: Araquanid|Lunge|p2a: Dragapult\n|-resisted|p2a: Dragapult\n|-damage|p2a: Dragapult|73/100\n|-unboost|p2a: Dragapult|atk|1\n|\n|upkeep\n|turn|14\n|-enditem|p1a: Araquanid|Custap Berry|[eat]\n|-activate|p1a: Araquanid|item: Custap Berry|[consumed]\n|\n|t:|1771270024\n|move|p1a: Araquanid|Surf|p2a: Dragapult\n|-resisted|p2a: Dragapult\n|-damage|p2a: Dragapult|48/100\n|move|p2a: Dragapult|Shadow Ball|p1a: Araquanid\n|-damage|p1a: Araquanid|0 fnt\n|faint|p1a: Araquanid\n|\n|upkeep\n|\n|t:|1771270036\n|switch|p1a: Iron Moth|Iron Moth|100/100\n|-damage|p1a: Iron Moth|76/100|[from] Stealth Rock\n|-enditem|p1a: Iron Moth|Booster Energy\n|-activate|p1a: Iron Moth|ability: Quark Drive|[fromitem]\n|-start|p1a: Iron Moth|quarkdrivespa\n|turn|15\n|\n|t:|1771270044\n|move|p1a: Iron Moth|Fiery Dance|p2a: Dragapult\n|-resisted|p2a: Dragapult\n|-damage|p2a: Dragapult|11/100\n|-boost|p1a: Iron Moth|spa|1\n|move|p2a: Dragapult|Shadow Ball|p1a: Iron Moth\n|-crit|p1a: Iron Moth\n|-damage|p1a: Iron Moth|0 fnt\n|faint|p1a: Iron Moth\n|-end|p1a: Iron Moth|Quark Drive|[silent]\n|\n|upkeep\n|\n|t:|1771270054\n|switch|p1a: Iron Valiant|Iron Valiant|100/100\n|-damage|p1a: Iron Valiant|94/100|[from] Stealth Rock\n|-enditem|p1a: Iron Valiant|Booster Energy\n|-activate|p1a: Iron Valiant|ability: Quark Drive|[fromitem]\n|-start|p1a: Iron Valiant|quarkdrivespa\n|turn|16\n|\n|t:|1771270060\n|move|p1a: Iron Valiant|Moonblast|p2a: Dragapult\n|-supereffective|p2a: Dragapult\n|-damage|p2a: Dragapult|0 fnt\n|faint|p2a: Dragapult\n|\n|upkeep\n|\n|t:|1771270066\n|switch|p2a: Slowking|Slowking-Galar, F|69/100\n|turn|17\n|\n|t:|1771270072\n|move|p1a: Iron Valiant|Shadow Ball|p2a: Slowking\n|-supereffective|p2a: Slowking\n|-damage|p2a: Slowking|28/100\n|-unboost|p2a: Slowking|spd|1\n|move|p2a: Slowking|Sludge Bomb|p1a: Iron Valiant\n|-supereffective|p1a: Iron Valiant\n|-damage|p1a: Iron Valiant|0 fnt\n|faint|p1a: Iron Valiant\n|-end|p1a: Iron Valiant|Quark Drive|[silent]\n|\n|upkeep\n|\n|t:|1771270081\n|switch|p1a: Raging Bolt|Raging Bolt|100/100\n|-damage|p1a: Raging Bolt|88/100|[from] Stealth Rock\n|-enditem|p1a: Raging Bolt|Booster Energy\n|-activate|p1a: Raging Bolt|ability: Protosynthesis|[fromitem]\n|-start|p1a: Raging Bolt|protosynthesisspa\n|turn|18\n|\n|t:|1771270089\n|move|p1a: Raging Bolt|Calm Mind|p1a: Raging Bolt\n|-boost|p1a: Raging Bolt|spa|1\n|-boost|p1a: Raging Bolt|spd|1\n|move|p2a: Slowking|Sludge Bomb|p1a: Raging Bolt\n|-damage|p1a: Raging Bolt|65/100\n|\n|upkeep\n|turn|19\n|\n|t:|1771270096\n|move|p1a: Raging Bolt|Thunderbolt|p2a: Slowking\n|-damage|p2a: Slowking|0 fnt\n|faint|p2a: Slowking\n|\n|upkeep\n|\n|t:|1771270102\n|switch|p2a: Gallade|Gallade, M, tera:Ghost|100/100\n|-activate|p2a: Gallade|move: Sticky Web\n|-unboost|p2a: Gallade|spe|1\n|turn|20\n|\n|t:|1771270110\n|move|p1a: Raging Bolt|Thunderclap|p2a: Gallade\n|-damage|p2a: Gallade|16/100\n|move|p2a: Gallade|Sacred Sword|p1a: Raging Bolt\n|-damage|p1a: Raging Bolt|0 fnt\n|faint|p1a: Raging Bolt\n|-end|p1a: Raging Bolt|Protosynthesis|[silent]\n|\n|upkeep\n|\n|t:|1771270118\n|switch|p1a: Kingambit|Kingambit, F|100/100\n|-damage|p1a: Kingambit|94/100|[from] Stealth Rock\n|-activate|p1a: Kingambit|ability: Supreme Overlord\n|-start|p1a: Kingambit|fallen5|[silent]\n|-item|p1a: Kingambit|Air Balloon\n|turn|21\n|\n|t:|1771270127\n|move|p1a: Kingambit|Swords Dance|p1a: Kingambit\n|-boost|p1a: Kingambit|atk|2\n|move|p2a: Gallade|Sacred Sword|p1a: Kingambit\n|-supereffective|p1a: Kingambit\n|-damage|p1a: Kingambit|0 fnt\n|-enditem|p1a: Kingambit|Air Balloon\n|faint|p1a: Kingambit\n|-end|p1a: Kingambit|fallen5|[silent]\n|\n|win|Pablofromportluis\n|raw|777Crash's rating: 1638 &rarr; <strong>1617</strong><br />(-21 for losing)\n|raw|Pablofromportluis's rating: 1622 &rarr; <strong>1643</strong><br />(+21 for winning)\n|l|☆Pablofromportluis\n|player|p2|\n|l|☆777Crash\n|player|p1|\n", "uploadtime": 1771270296, "views": 2, "formatid": "gen9ou", "rating": 1617, "private": 0, "password": null}