{"id": "gen9ou-2540754047", "format": "[Gen 9] OU", "players": ["firecharmander004", "Zouzmaa"], "log": "|j|☆firecharmander004\n|j|☆Zouzmaa\n|t:|1771250081\n|gametype|singles\n|player|p1|firecharmander004|2|1672\n|player|p2|Zouzmaa|102|1634\n|gen|9\n|tier|[Gen 9] OU\n|rated|\n|rule|HP Percentage Mod: HP is shown in percentages\n|rule|Endless Battle Clause: Forcing endless battles is banned\n|rule|Species Clause: Limit one of each Pokémon\n|rule|OHKO Clause: OHKO moves are banned\n|rule|Evasion Items Clause: Evasion items are banned\n|rule|Evasion Moves Clause: Evasion moves are banned\n|rule|Evasion Abilities Clause: Evasion abilities are banned\n|rule|Sleep Moves Clause: Sleep-inducing moves are banned\n|clearpoke\n|poke|p1|Deoxys-Speed|\n|poke|p1|Ceruledge, M|\n|poke|p1|Zamazenta-*|\n|poke|p1|Ogerpon-Wellspring, F|\n|poke|p1|Glimmora, M|\n|poke|p1|Moltres-Galar|\n|poke|p2|Iron Treads|\n|poke|p2|Raging Bolt|\n|poke|p2|Landorus-Therian, M|\n|poke|p2|Zamazenta-*|\n|poke|p2|Primarina, M|\n|poke|p2|Dragapult, M|\n|teampreview\n|inactive|Battle timer is ON: inactive players will automatically lose when time's up. (requested by firecharmander004)\n|\n|t:|1771250096\n|teamsize|p1|6\n|teamsize|p2|6\n|start\n|switch|p1a: Deoxys|Deoxys-Speed|100/100\n|switch|p2a: Iron Treads|Iron Treads|100/100\n|-ability|p1a: Deoxys|Pressure\n|turn|1\n|\n|t:|1771250106\n|move|p1a: Deoxys|Reflect|p1a: Deoxys\n|-sidestart|p1: firecharmander004|Reflect\n|move|p2a: Iron Treads|Rapid Spin|p1a: Deoxys\n|-damage|p1a: Deoxys|93/100\n|-boost|p2a: Iron Treads|spe|1\n|\n|upkeep\n|turn|2\n|\n|t:|1771250112\n|move|p2a: Iron Treads|Knock Off|p1a: Deoxys\n|-supereffective|p1a: Deoxys\n|-damage|p1a: Deoxys|61/100\n|-enditem|p1a: Deoxys|Light Clay|[from] move: Knock Off|[of] p2a: Iron Treads\n|move|p1a: Deoxys|Taunt|p2a: Iron Treads\n|-start|p2a: Iron Treads|move: Taunt\n|\n|upkeep\n|turn|3\n|\n|t:|1771250123\n|move|p2a: Iron Treads|Earthquake|p1a: Deoxys\n|-damage|p1a: Deoxys|38/100\n|move|p1a: Deoxys|Light Screen|p1a: Deoxys\n|-sidestart|p1: firecharmander004|move: Light Screen\n|\n|upkeep\n|turn|4\n|\n|t:|1771250127\n|switch|p1a: Ogerpon|Ogerpon-Wellspring, F|100/100\n|move|p2a: Iron Treads|Knock Off|p1a: Ogerpon\n|-damage|p1a: Ogerpon|90/100\n|\n|upkeep\n|turn|5\n|\n|t:|1771250140\n|-end|p2a: Iron Treads|Quark Drive|[silent]\n|switch|p2a: Dragapult|Dragapult, M|100/100\n|move|p1a: Ogerpon|Swords Dance|p1a: Ogerpon\n|-boost|p1a: Ogerpon|atk|2\n|\n|upkeep\n|turn|6\n|\n|t:|1771250146\n|move|p2a: Dragapult|Will-O-Wisp|p1a: Ogerpon\n|-status|p1a: Ogerpon|brn\n|move|p1a: Ogerpon|Play Rough|p2a: Dragapult\n|-supereffective|p2a: Dragapult\n|-damage|p2a: Dragapult|0 fnt\n|faint|p2a: Dragapult\n|\n|-damage|p1a: Ogerpon|84/100 brn|[from] brn\n|upkeep\n|j| le saintdoux\n|\n|t:|1771250168\n|switch|p2a: Raging Bolt|Raging Bolt|100/100\n|-enditem|p2a: Raging Bolt|Booster Energy\n|-activate|p2a: Raging Bolt|ability: Protosynthesis|[fromitem]\n|-start|p2a: Raging Bolt|protosynthesisspa\n|turn|7\n|\n|t:|1771250185\n|-terastallize|p2a: Raging Bolt|Flying\n|move|p1a: Ogerpon|Play Rough|p2a: Raging Bolt\n|-damage|p2a: Raging Bolt|64/100\n|move|p2a: Raging Bolt|Thunderbolt|p1a: Ogerpon\n|-damage|p1a: Ogerpon|42/100 brn\n|\n|-damage|p1a: Ogerpon|36/100 brn|[from] brn\n|-sideend|p1: firecharmander004|move: Light Screen\n|upkeep\n|turn|8\n|\n|t:|1771250197\n|move|p2a: Raging Bolt|Thunderclap|p1a: Ogerpon\n|-damage|p1a: Ogerpon|0 fnt\n|faint|p1a: Ogerpon\n|\n|-sideend|p1: firecharmander004|Reflect\n|upkeep\n|\n|t:|1771250208\n|switch|p1a: Deoxys|Deoxys-Speed|38/100\n|-ability|p1a: Deoxys|Pressure\n|turn|9\n|\n|t:|1771250213\n|move|p1a: Deoxys|Light Screen|p1a: Deoxys\n|-sidestart|p1: firecharmander004|move: Light Screen\n|move|p2a: Raging Bolt|Calm Mind|p2a: Raging Bolt\n|-boost|p2a: Raging Bolt|spa|1\n|-boost|p2a: Raging Bolt|spd|1\n|\n|upkeep\n|turn|10\n|\n|t:|1771250218\n|move|p1a: Deoxys|Taunt|p2a: Raging Bolt\n|-start|p2a: Raging Bolt|move: Taunt\n|move|p2a: Raging Bolt|Thunderbolt|p1a: Deoxys\n|-damage|p1a: Deoxys|0 fnt\n|faint|p1a: Deoxys\n|\n|upkeep\n|\n|t:|1771250221\n|switch|p1a: Glimmora|Glimmora, M|100/100\n|turn|11\n|\n|t:|1771250231\n|move|p2a: Raging Bolt|Thunderclap|p1a: Glimmora\n|-damage|p1a: Glimmora|49/100\n|move|p1a: Glimmora|Meteor Beam||[still]\n|-prepare|p1a: Glimmora|Meteor Beam\n|-boost|p1a: Glimmora|spa|1\n|-enditem|p1a: Glimmora|Power Herb\n|-anim|p1a: Glimmora|Meteor Beam|p2a: Raging Bolt\n|-supereffective|p2a: Raging Bolt\n|-crit|p2a: Raging Bolt\n|-damage|p2a: Raging Bolt|0 fnt\n|faint|p2a: Raging Bolt\n|-end|p2a: Raging Bolt|Protosynthesis|[silent]\n|\n|upkeep\n|\n|t:|1771250244\n|switch|p2a: Landorus|Landorus-Therian, M|100/100\n|-ability|p2a: Landorus|Intimidate|boost\n|-unboost|p1a: Glimmora|atk|1\n|turn|12\n|\n|t:|1771250250\n|move|p2a: Landorus|Earth Power|p1a: Glimmora\n|-supereffective|p1a: Glimmora\n|-damage|p1a: Glimmora|0 fnt\n|faint|p1a: Glimmora\n|\n|upkeep\n|\n|t:|1771250257\n|switch|p1a: Moltres|Moltres-Galar|100/100\n|turn|13\n|\n|t:|1771250265\n|switch|p2a: Primarina|Primarina, M, shiny|100/100\n|move|p1a: Moltres|Nasty Plot|p1a: Moltres\n|-boost|p1a: Moltres|spa|2\n|\n|-sideend|p1: firecharmander004|move: Light Screen\n|upkeep\n|turn|14\n|\n|t:|1771250271\n|-terastallize|p1a: Moltres|Fairy\n|move|p1a: Moltres|Tera Blast|p2a: Primarina|[anim] Tera Blast Fairy\n|-damage|p2a: Primarina|35/100\n|move|p2a: Primarina|Substitute|p2a: Primarina\n|-start|p2a: Primarina|Substitute\n|-damage|p2a: Primarina|10/100\n|\n|-heal|p2a: Primarina|16/100|[from] item: Leftovers\n|upkeep\n|turn|15\n|\n|t:|1771250280\n|move|p1a: Moltres|Tera Blast|p2a: Primarina|[anim] Tera Blast Fairy\n|-end|p2a: Primarina|Substitute\n|move|p2a: Primarina|Surf|p1a: Moltres\n|-damage|p1a: Moltres|29/100\n|-ability|p1a: Moltres|Berserk|boost\n|-boost|p1a: Moltres|spa|1\n|-enditem|p1a: Moltres|Sitrus Berry|[eat]\n|-heal|p1a: Moltres|54/100|[from] item: Sitrus Berry\n|\n|-heal|p2a: Primarina|22/100|[from] item: Leftovers\n|upkeep\n|turn|16\n|\n|t:|1771250291\n|move|p1a: Moltres|Tera Blast|p2a: Primarina|[anim] Tera Blast Fairy\n|-crit|p2a: Primarina\n|-damage|p2a: Primarina|0 fnt\n|faint|p2a: Primarina\n|\n|upkeep\n|\n|t:|1771250300\n|switch|p2a: Iron Treads|Iron Treads|100/100\n|turn|17\n|\n|t:|1771250306\n|move|p2a: Iron Treads|Earthquake|p1a: Moltres\n|-damage|p1a: Moltres|9/100\n|-ability|p1a: Moltres|Berserk|boost\n|-boost|p1a: Moltres|spa|1\n|move|p1a: Moltres|Agility|p1a: Moltres\n|-boost|p1a: Moltres|spe|2\n|\n|upkeep\n|turn|18\n|\n|t:|1771250313\n|move|p1a: Moltres|Fiery Wrath|p2a: Iron Treads\n|-damage|p2a: Iron Treads|0 fnt\n|faint|p2a: Iron Treads\n|-end|p2a: Iron Treads|Quark Drive|[silent]\n|\n|upkeep\n|\n|t:|1771250320\n|switch|p2a: Landorus|Landorus-Therian, M|100/100\n|-ability|p2a: Landorus|Intimidate|boost\n|-unboost|p1a: Moltres|atk|1\n|turn|19\n|\n|t:|1771250324\n|move|p1a: Moltres|Fiery Wrath|p2a: Landorus\n|-crit|p2a: Landorus\n|-damage|p2a: Landorus|0 fnt\n|faint|p2a: Landorus\n|\n|upkeep\n|-message|Zouzmaa forfeited.\n|\n|win|firecharmander004\n|raw|firecharmander004's rating: 1672 &rarr; <strong>1690</strong><br />(+18 for winning)\n|raw|Zouzmaa's rating: 1634 &rarr; <strong>1616</strong><br />(-18 for losing)\n|l|☆Zouzmaa\n|player|p2|\n|l|☆firecharmander004\n|player|p1|\n|l| le saintdoux\n", "uploadtime": 1771250517, "views": 6, "formatid": "gen9ou", "rating": 1616, "private": 0, "password": null}