{"id": "gen9ou-2540487427", "format": "[Gen 9] OU", "players": ["zxcvbh", "vartholomeus"], "log": "|j|☆zxcvbh\n|j|☆vartholomeus\n|t:|1771208165\n|gametype|singles\n|player|p1|zxcvbh|clair|1567\n|player|p2|vartholomeus|ruinmaniac|1557\n|gen|9\n|tier|[Gen 9] OU\n|rated|\n|rule|HP Percentage Mod: HP is shown in percentages\n|rule|Endless Battle Clause: Forcing endless battles is banned\n|rule|Species Clause: Limit one of each Pokémon\n|rule|OHKO Clause: OHKO moves are banned\n|rule|Evasion Items Clause: Evasion items are banned\n|rule|Evasion Moves Clause: Evasion moves are banned\n|rule|Evasion Abilities Clause: Evasion abilities are banned\n|rule|Sleep Moves Clause: Sleep-inducing moves are banned\n|clearpoke\n|poke|p1|Sandy Shocks|\n|poke|p1|Scizor, F|\n|poke|p1|Latios, M|\n|poke|p1|Ogerpon, F|\n|poke|p1|Iron Jugulis|\n|poke|p1|Primarina, M|\n|poke|p2|Moltres|\n|poke|p2|Slowking-Galar, M|\n|poke|p2|Gholdengo|\n|poke|p2|Greninja-*, M|\n|poke|p2|Great Tusk|\n|poke|p2|Kleavor, F|\n|teampreview\n|inactive|Battle timer is ON: inactive players will automatically lose when time's up. (requested by vartholomeus)\n|j| finsathins\n|c| finsathins|LETS GOOOOO\n|\n|t:|1771208180\n|teamsize|p1|6\n|teamsize|p2|6\n|start\n|switch|p1a: Sandy Shocks|Sandy Shocks|100/100\n|switch|p2a: Fanta|Kleavor, F|100/100\n|-enditem|p1a: Sandy Shocks|Booster Energy\n|-activate|p1a: Sandy Shocks|ability: Protosynthesis|[fromitem]\n|-start|p1a: Sandy Shocks|protosynthesisspe\n|turn|1\n|c| finsathins|thats my best friend right there\n|c| finsathins|ohhhh yeahhhh\n|\n|t:|1771208184\n|move|p1a: Sandy Shocks|Stealth Rock|p2a: Fanta\n|-sidestart|p2: vartholomeus|move: Stealth Rock\n|move|p2a: Fanta|Stone Axe|p1a: Sandy Shocks|[miss]\n|-miss|p2a: Fanta|p1a: Sandy Shocks\n|\n|upkeep\n|turn|2\n|\n|t:|1771208191\n|move|p1a: Sandy Shocks|Earth Power|p2a: Fanta\n|-damage|p2a: Fanta|29/100\n|move|p2a: Fanta|Stone Axe|p1a: Sandy Shocks\n|-resisted|p1a: Sandy Shocks\n|-damage|p1a: Sandy Shocks|68/100\n|-sidestart|p1: zxcvbh|move: Stealth Rock\n|\n|upkeep\n|turn|3\n|\n|t:|1771208200\n|move|p2a: Fanta|Quick Attack|p1a: Sandy Shocks\n|-damage|p1a: Sandy Shocks|51/100\n|move|p1a: Sandy Shocks|Discharge|p2a: Fanta\n|-damage|p2a: Fanta|0 fnt\n|faint|p2a: Fanta\n|\n|upkeep\n|\n|t:|1771208209\n|switch|p2a: Great Tusk|Great Tusk|100/100\n|-damage|p2a: Great Tusk|98/100|[from] Stealth Rock\n|turn|4\n|\n|t:|1771208213\n|move|p1a: Sandy Shocks|Earth Power|p2a: Great Tusk\n|-damage|p2a: Great Tusk|35/100\n|move|p2a: Great Tusk|Ice Spinner|p1a: Sandy Shocks\n|-supereffective|p1a: Sandy Shocks\n|-damage|p1a: Sandy Shocks|0 fnt\n|faint|p1a: Sandy Shocks\n|-end|p1a: Sandy Shocks|Protosynthesis|[silent]\n|\n|upkeep\n|l| finsathins\n|\n|t:|1771208225\n|switch|p1a: Ogerpon|Ogerpon, F|100/100\n|-damage|p1a: Ogerpon|88/100|[from] Stealth Rock\n|turn|5\n|\n|t:|1771208233\n|-end|p2a: Great Tusk|Protosynthesis|[silent]\n|switch|p2a: Pollo|Moltres|100/100\n|move|p1a: Ogerpon|Ivy Cudgel|p2a: Pollo\n|-resisted|p2a: Pollo\n|-damage|p2a: Pollo|92/100\n|\n|upkeep\n|turn|6\n|j| hbgzd\n|\n|t:|1771208237\n|move|p1a: Ogerpon|Rock Tomb|p2a: Pollo\n|-supereffective|p2a: Pollo\n|-damage|p2a: Pollo|33/100\n|-unboost|p2a: Pollo|spe|1\n|move|p2a: Pollo|Flamethrower|p1a: Ogerpon\n|-supereffective|p1a: Ogerpon\n|-damage|p1a: Ogerpon|0 fnt\n|faint|p1a: Ogerpon\n|\n|upkeep\n|\n|t:|1771208246\n|switch|p1a: Latios|Latios, M|100/100\n|-damage|p1a: Latios|88/100|[from] Stealth Rock\n|turn|7\n|\n|t:|1771208250\n|move|p1a: Latios|Agility|p1a: Latios\n|-boost|p1a: Latios|spe|2\n|move|p2a: Pollo|U-turn|p1a: Latios\n|-supereffective|p1a: Latios\n|-damage|p1a: Latios|58/100\n|-enditem|p1a: Latios|Weakness Policy\n|-boost|p1a: Latios|atk|2|[from] item: Weakness Policy\n|-boost|p1a: Latios|spa|2|[from] item: Weakness Policy\n|\n|t:|1771208255\n|switch|p2a: Kheese|Gholdengo|100/100|[from] U-turn\n|-damage|p2a: Kheese|94/100|[from] Stealth Rock\n|\n|upkeep\n|turn|8\n|\n|t:|1771208262\n|move|p1a: Latios|Stored Power|p2a: Kheese\n|-resisted|p2a: Kheese\n|-damage|p2a: Kheese|22/100\n|move|p2a: Kheese|Shadow Ball|p1a: Latios\n|-supereffective|p1a: Latios\n|-damage|p1a: Latios|0 fnt\n|faint|p1a: Latios\n|\n|upkeep\n|\n|t:|1771208269\n|switch|p1a: Scizor|Scizor, F|100/100\n|-damage|p1a: Scizor|88/100|[from] Stealth Rock\n|turn|9\n|\n|t:|1771208272\n|switch|p2a: Pollo|Moltres|33/100\n|move|p1a: Scizor|Swords Dance|p1a: Scizor\n|-boost|p1a: Scizor|atk|2\n|\n|upkeep\n|turn|10\n|\n|t:|1771208281\n|move|p1a: Scizor|Bullet Punch|p2a: Pollo\n|-resisted|p2a: Pollo\n|-damage|p2a: Pollo|9/100\n|move|p2a: Pollo|Flamethrower|p1a: Scizor\n|-supereffective|p1a: Scizor\n|-damage|p1a: Scizor|0 fnt\n|faint|p1a: Scizor\n|\n|upkeep\n|\n|t:|1771208289\n|switch|p1a: Iron Jugulis|Iron Jugulis|100/100\n|-damage|p1a: Iron Jugulis|76/100|[from] Stealth Rock\n|-enditem|p1a: Iron Jugulis|Booster Energy\n|-activate|p1a: Iron Jugulis|ability: Quark Drive|[fromitem]\n|-start|p1a: Iron Jugulis|quarkdrivespe\n|turn|11\n|\n|t:|1771208293\n|move|p1a: Iron Jugulis|Dark Pulse|p2a: Pollo\n|-damage|p2a: Pollo|0 fnt\n|faint|p2a: Pollo\n|\n|upkeep\n|\n|t:|1771208300\n|switch|p2a: Gregg|Greninja, M|100/100\n|-damage|p2a: Gregg|88/100|[from] Stealth Rock\n|turn|12\n|\n|t:|1771208304\n|move|p1a: Iron Jugulis|Hurricane|p2a: Gregg|[miss]\n|-miss|p1a: Iron Jugulis|p2a: Gregg\n|move|p2a: Gregg|Ice Beam|p1a: Iron Jugulis\n|-supereffective|p1a: Iron Jugulis\n|-damage|p1a: Iron Jugulis|0 fnt\n|faint|p1a: Iron Jugulis\n|-end|p1a: Iron Jugulis|Quark Drive|[silent]\n|-ability|p2a: Gregg|Battle Bond|boost\n|-boost|p2a: Gregg|atk|1\n|-boost|p2a: Gregg|spa|1\n|-boost|p2a: Gregg|spe|1\n|-activate|p2a: Gregg|ability: Battle Bond\n|-damage|p2a: Gregg|78/100|[from] item: Life Orb\n|\n|upkeep\n|\n|t:|1771208310\n|switch|p1a: Primarina|Primarina, M|100/100\n|turn|13\n|\n|t:|1771208313\n|-terastallize|p2a: Gregg|Poison\n|move|p2a: Gregg|Sludge Wave|p1a: Primarina\n|-supereffective|p1a: Primarina\n|-damage|p1a: Primarina|0 fnt\n|faint|p1a: Primarina\n|-damage|p2a: Gregg|69/100|[from] item: Life Orb\n|\n|win|vartholomeus\n|raw|zxcvbh's rating: 1567 &rarr; <strong>1546</strong><br />(-21 for losing)\n|raw|vartholomeus's rating: 1557 &rarr; <strong>1578</strong><br />(+21 for winning)\n|l|☆zxcvbh\n|player|p1|\n|l| hbgzd\n|c|☆vartholomeus|Gg\n|l|☆vartholomeus\n|player|p2|\n", "uploadtime": 1771208481, "views": 9, "formatid": "gen9ou", "rating": 1546, "private": 0, "password": null}