{"id": "gen9ou-2540721691", "format": "[Gen 9] OU", "players": ["zarross", "Henrianiac"], "log": "|j|☆zarross\n|j|☆Henrianiac\n|t:|1771245740\n|gametype|singles\n|player|p1|zarross|plumeria|1733\n|player|p2|Henrianiac|miku-flying|1705\n|gen|9\n|tier|[Gen 9] OU\n|rated|\n|rule|HP Percentage Mod: HP is shown in percentages\n|rule|Endless Battle Clause: Forcing endless battles is banned\n|rule|Species Clause: Limit one of each Pokémon\n|rule|OHKO Clause: OHKO moves are banned\n|rule|Evasion Items Clause: Evasion items are banned\n|rule|Evasion Moves Clause: Evasion moves are banned\n|rule|Evasion Abilities Clause: Evasion abilities are banned\n|rule|Sleep Moves Clause: Sleep-inducing moves are banned\n|clearpoke\n|poke|p1|Dondozo, F|\n|poke|p1|Gliscor, F|\n|poke|p1|Weezing-Galar, F|\n|poke|p1|Blissey, F|\n|poke|p1|Corviknight, F|\n|poke|p1|Amoonguss, F|\n|poke|p2|Corviknight, F|\n|poke|p2|Dondozo, F|\n|poke|p2|Alomomola, M|\n|poke|p2|Toxapex, M|\n|poke|p2|Gliscor, M|\n|poke|p2|Clodsire, M|\n|teampreview\n|inactive|Battle timer is ON: inactive players will automatically lose when time's up. (requested by zarross)\n|j| perico523\n|j| Honourial\n|j| heatraniac\n|\n|t:|1771245769\n|teamsize|p1|6\n|teamsize|p2|6\n|start\n|switch|p1a: Gliscor|Gliscor, F|100/100\n|switch|p2a: Clodsire|Clodsire, M|100/100\n|turn|1\n|\n|t:|1771245774\n|switch|p2a: Alomomola|Alomomola, M|100/100\n|move|p1a: Gliscor|Knock Off|p2a: Alomomola\n|-damage|p2a: Alomomola|88/100\n|-enditem|p2a: Alomomola|Heavy-Duty Boots|[from] move: Knock Off|[of] p1a: Gliscor\n|\n|-status|p1a: Gliscor|tox|[from] item: Toxic Orb\n|upkeep\n|turn|2\n|\n|t:|1771245778\n|move|p1a: Gliscor|Knock Off|p2a: Alomomola\n|-damage|p2a: Alomomola|81/100\n|move|p2a: Alomomola|Flip Turn|p1a: Gliscor\n|-supereffective|p1a: Gliscor\n|-damage|p1a: Gliscor|79/100 tox\n|\n|t:|1771245782\n|switch|p2a: Gliscor|Gliscor, M|100/100|[from] Flip Turn\n|\n|-heal|p1a: Gliscor|92/100 tox|[from] ability: Poison Heal\n|-status|p2a: Gliscor|tox|[from] item: Toxic Orb\n|upkeep\n|turn|3\n|\n|t:|1771245791\n|move|p2a: Gliscor|Spikes|p1a: Gliscor\n|-sidestart|p1: zarross|Spikes\n|move|p1a: Gliscor|Stealth Rock|p2a: Gliscor\n|-sidestart|p2: Henrianiac|move: Stealth Rock\n|\n|-heal|p1a: Gliscor|100/100 tox|[from] ability: Poison Heal\n|upkeep\n|turn|4\n|j| Thunderbro\n|\n|t:|1771245796\n|move|p2a: Gliscor|Knock Off|p1a: Gliscor\n|-damage|p1a: Gliscor|87/100 tox\n|-enditem|p1a: Gliscor|Toxic Orb|[from] move: Knock Off|[of] p2a: Gliscor\n|move|p1a: Gliscor|Knock Off|p2a: Gliscor\n|-damage|p2a: Gliscor|83/100 tox\n|-enditem|p2a: Gliscor|Toxic Orb|[from] move: Knock Off|[of] p1a: Gliscor\n|\n|-heal|p2a: Gliscor|95/100 tox|[from] ability: Poison Heal\n|-heal|p1a: Gliscor|99/100 tox|[from] ability: Poison Heal\n|upkeep\n|turn|5\n|\n|t:|1771245798\n|move|p2a: Gliscor|Protect|p2a: Gliscor\n|-singleturn|p2a: Gliscor|Protect\n|move|p1a: Gliscor|Knock Off|p2a: Gliscor\n|-activate|p2a: Gliscor|move: Protect\n|\n|-heal|p2a: Gliscor|100/100 tox|[from] ability: Poison Heal\n|-heal|p1a: Gliscor|100/100 tox|[from] ability: Poison Heal\n|upkeep\n|turn|6\n|\n|t:|1771245802\n|switch|p2a: Alomomola|Alomomola, M|100/100\n|-damage|p2a: Alomomola|88/100|[from] Stealth Rock\n|move|p1a: Gliscor|Knock Off|p2a: Alomomola\n|-damage|p2a: Alomomola|81/100\n|\n|upkeep\n|turn|7\n|j| sldjfjs\n|\n|t:|1771245805\n|move|p1a: Gliscor|Toxic|p2a: Alomomola\n|-status|p2a: Alomomola|tox\n|move|p2a: Alomomola|Flip Turn|p1a: Gliscor\n|-supereffective|p1a: Gliscor\n|-crit|p1a: Gliscor\n|-damage|p1a: Gliscor|68/100 tox\n|\n|t:|1771245808\n|switch|p2a: Corviknight|Corviknight, F|100/100|[from] Flip Turn\n|-damage|p2a: Corviknight|88/100|[from] Stealth Rock\n|-ability|p2a: Corviknight|Pressure\n|\n|-heal|p2a: Corviknight|94/100|[from] item: Leftovers\n|-heal|p1a: Gliscor|80/100 tox|[from] ability: Poison Heal\n|upkeep\n|turn|8\n|\n|t:|1771245812\n|move|p2a: Corviknight|Protect|p2a: Corviknight\n|-singleturn|p2a: Corviknight|Protect\n|move|p1a: Gliscor|Knock Off|p2a: Corviknight\n|-activate|p2a: Corviknight|move: Protect\n|\n|-heal|p2a: Corviknight|99/100|[from] item: Leftovers\n|-heal|p1a: Gliscor|93/100 tox|[from] ability: Poison Heal\n|upkeep\n|turn|9\n|\n|t:|1771245816\n|switch|p2a: Gliscor|Gliscor, M|100/100 tox\n|-damage|p2a: Gliscor|88/100 tox|[from] Stealth Rock\n|move|p1a: Gliscor|Knock Off|p2a: Gliscor\n|-damage|p2a: Gliscor|77/100 tox\n|\n|-heal|p2a: Gliscor|90/100 tox|[from] ability: Poison Heal\n|-heal|p1a: Gliscor|100/100 tox|[from] ability: Poison Heal\n|upkeep\n|turn|10\n|\n|t:|1771245826\n|switch|p1a: Amoonguss|Amoonguss, F, shiny|100/100\n|-damage|p1a: Amoonguss|88/100|[from] Spikes\n|move|p2a: Gliscor|Protect||[still]\n|-fail|p2a: Gliscor\n|\n|-heal|p2a: Gliscor|100/100 tox|[from] ability: Poison Heal\n|upkeep\n|turn|11\n|\n|t:|1771245833\n|switch|p1a: Gliscor|Gliscor, F|100/100 tox\n|move|p2a: Gliscor|Knock Off|p1a: Gliscor\n|-damage|p1a: Gliscor|92/100 tox\n|\n|-heal|p1a: Gliscor|100/100 tox|[from] ability: Poison Heal\n|upkeep\n|turn|12\n|\n|t:|1771245836\n|switch|p1a: Weezing|Weezing-Galar, F|100/100\n|-ability|p1a: Weezing|Neutralizing Gas\n|move|p2a: Gliscor|Spikes|p1a: Weezing\n|-sidestart|p1: zarross|Spikes\n|\n|-damage|p2a: Gliscor|75/100 tox|[from] psn\n|upkeep\n|turn|13\n|\n|t:|1771245848\n|switch|p2a: Toxapex|Toxapex, M|100/100\n|-damage|p2a: Toxapex|88/100|[from] Stealth Rock\n|move|p1a: Weezing|Pain Split|p2a: Toxapex\n|-sethp|p2a: Toxapex|99/100|[from] move: Pain Split|[silent]\n|-sethp|p1a: Weezing|91/100|[from] move: Pain Split\n|\n|upkeep\n|turn|14\n|\n|t:|1771245852\n|move|p1a: Weezing|Will-O-Wisp|p2a: Toxapex\n|-status|p2a: Toxapex|brn\n|move|p2a: Toxapex|Infestation|p1a: Weezing\n|-resisted|p1a: Weezing\n|-damage|p1a: Weezing|89/100\n|-activate|p1a: Weezing|move: Infestation|[of] p2a: Toxapex\n|\n|-damage|p2a: Toxapex|93/100 brn|[from] brn\n|-damage|p1a: Weezing|77/100|[from] move: Infestation|[partiallytrapped]\n|upkeep\n|turn|15\n|\n|t:|1771245857\n|move|p1a: Weezing|Flamethrower|p2a: Toxapex\n|-resisted|p2a: Toxapex\n|-damage|p2a: Toxapex|88/100 brn\n|move|p2a: Toxapex|Acid Spray|p1a: Weezing\n|-damage|p1a: Weezing|60/100\n|-unboost|p1a: Weezing|spd|2\n|\n|-damage|p2a: Toxapex|82/100 brn|[from] brn\n|-damage|p1a: Weezing|48/100|[from] move: Infestation|[partiallytrapped]\n|upkeep\n|turn|16\n|\n|t:|1771245870\n|move|p1a: Weezing|Pain Split|p2a: Toxapex\n|-sethp|p2a: Toxapex|67/100 brn|[from] move: Pain Split|[silent]\n|-sethp|p1a: Weezing|62/100|[from] move: Pain Split\n|move|p2a: Toxapex|Acid Spray|p1a: Weezing\n|-damage|p1a: Weezing|27/100\n|-unboost|p1a: Weezing|spd|2\n|\n|-damage|p2a: Toxapex|61/100 brn|[from] brn\n|-damage|p1a: Weezing|15/100|[from] move: Infestation|[partiallytrapped]\n|upkeep\n|turn|17\n|\n|t:|1771245878\n|move|p1a: Weezing|Pain Split|p2a: Toxapex\n|-sethp|p2a: Toxapex|38/100 brn|[from] move: Pain Split|[silent]\n|-sethp|p1a: Weezing|35/100|[from] move: Pain Split\n|move|p2a: Toxapex|Surf|p1a: Weezing\n|-damage|p1a: Weezing|0 fnt\n|faint|p1a: Weezing\n|-end|p1a: Weezing|ability: Neutralizing Gas\n|\n|-damage|p2a: Toxapex|33/100 brn|[from] brn\n|upkeep\n|-message|zarross forfeited.\n|\n|win|Henrianiac\n|raw|zarross's rating: 1733 &rarr; <strong>1711</strong><br />(-22 for losing)\n|raw|Henrianiac's rating: 1705 &rarr; <strong>1727</strong><br />(+22 for winning)\n|l|☆zarross\n|player|p1|\n|c| sldjfjs|Zarross go corv on gliscor next time, it's a secondsry knock absorber\n|l| sldjfjs\n", "uploadtime": 1771245902, "views": 11, "formatid": "gen9ou", "rating": 1711, "private": 0, "password": null}