{"id": "gen9ou-2639222693", "format": "[Gen 9] OU", "players": ["yellowfly97", "Xblvkex"], "log": "|j|☆yellowfly97\n|j|☆Xblvkex\n|t:|1782436446\n|gametype|singles\n|player|p1|yellowfly97|artist|1044\n|player|p2|Xblvkex|ethan|1101\n|gen|9\n|tier|[Gen 9] OU\n|rated|\n|rule|HP Percentage Mod: HP is shown in percentages\n|rule|Endless Battle Clause: Forcing endless battles is banned\n|rule|Species Clause: Limit one of each Pokémon\n|rule|OHKO Clause: OHKO moves are banned\n|rule|Evasion Items Clause: Evasion items are banned\n|rule|Evasion Moves Clause: Evasion moves are banned\n|rule|Evasion Abilities Clause: Evasion abilities are banned\n|rule|Sleep Moves Clause: Sleep-inducing moves are banned\n|clearpoke\n|poke|p1|Araquanid, F|\n|poke|p1|Pelipper, F|\n|poke|p1|Kingdra, M|\n|poke|p1|Gholdengo|\n|poke|p1|Crawdaunt, M|\n|poke|p1|Iron Treads|\n|poke|p2|Charizard, M|\n|poke|p2|Swampert, M|\n|poke|p2|Venusaur, M|\n|poke|p2|Garchomp, M|\n|poke|p2|Lucario, M|\n|poke|p2|Umbreon, M|\n|teampreview\n|\n|t:|1782436457\n|teamsize|p1|6\n|teamsize|p2|6\n|start\n|switch|p1a: Kingdra|Kingdra, M|100/100\n|switch|p2a: Venusaur|Venusaur, M|100/100\n|turn|1\n|\n|t:|1782436468\n|move|p1a: Kingdra|Agility|p1a: Kingdra\n|-boost|p1a: Kingdra|spe|2\n|move|p2a: Venusaur|Leech Seed|p1a: Kingdra\n|-start|p1a: Kingdra|move: Leech Seed\n|\n|-damage|p1a: Kingdra|88/100|[from] Leech Seed|[of] p2a: Venusaur\n|upkeep\n|turn|2\n|inactive|Battle timer is ON: inactive players will automatically lose when time's up. (requested by Xblvkex)\n|\n|t:|1782436478\n|move|p1a: Kingdra|Focus Energy|p1a: Kingdra\n|-start|p1a: Kingdra|move: Focus Energy\n|move|p2a: Venusaur|Giga Drain|p1a: Kingdra\n|-damage|p1a: Kingdra|48/100\n|\n|-damage|p1a: Kingdra|36/100|[from] Leech Seed|[of] p2a: Venusaur\n|upkeep\n|turn|3\n|\n|t:|1782436485\n|move|p1a: Kingdra|Draco Meteor|p2a: Venusaur\n|-crit|p2a: Venusaur\n|-damage|p2a: Venusaur|0 fnt\n|-unboost|p1a: Kingdra|spa|2\n|faint|p2a: Venusaur\n|\n|upkeep\n|\n|t:|1782436500\n|switch|p2a: Umbreon|Umbreon, M|100/100\n|turn|4\n|\n|t:|1782436503\n|move|p1a: Kingdra|Draco Meteor|p2a: Umbreon\n|-crit|p2a: Umbreon\n|-damage|p2a: Umbreon|0 fnt\n|-unboost|p1a: Kingdra|spa|2\n|faint|p2a: Umbreon\n|\n|upkeep\n|\n|t:|1782436514\n|switch|p2a: Swampert|Swampert, M|100/100\n|turn|5\n|\n|t:|1782436522\n|move|p1a: Kingdra|Draco Meteor|p2a: Swampert\n|-crit|p2a: Swampert\n|-damage|p2a: Swampert|0 fnt\n|-unboost|p1a: Kingdra|spa|2\n|faint|p2a: Swampert\n|\n|upkeep\n|\n|t:|1782436529\n|switch|p2a: Charizard|Charizard, M|100/100\n|turn|6\n|\n|t:|1782436534\n|move|p1a: Kingdra|Draco Meteor|p2a: Charizard\n|-crit|p2a: Charizard\n|-damage|p2a: Charizard|0 fnt\n|faint|p2a: Charizard\n|\n|upkeep\n|\n|t:|1782436542\n|switch|p2a: Lucario|Lucario, M|100/100\n|turn|7\n|\n|t:|1782436546\n|move|p1a: Kingdra|Draco Meteor|p2a: Lucario\n|-resisted|p2a: Lucario\n|-crit|p2a: Lucario\n|-damage|p2a: Lucario|10/100\n|move|p2a: Lucario|Drain Punch|p1a: Kingdra\n|-damage|p1a: Kingdra|0 fnt\n|-heal|p2a: Lucario|28/100|[from] drain|[of] p1a: Kingdra\n|faint|p1a: Kingdra\n|\n|-heal|p2a: Lucario|34/100|[from] item: Leftovers\n|upkeep\n|\n|t:|1782436557\n|switch|p1a: Pelipper|Pelipper, F|100/100\n|-weather|RainDance|[from] ability: Drizzle|[of] p1a: Pelipper\n|turn|8\n|\n|t:|1782436565\n|move|p2a: Lucario|Drain Punch|p1a: Pelipper\n|-resisted|p1a: Pelipper\n|-damage|p1a: Pelipper|80/100\n|-heal|p2a: Lucario|43/100|[from] drain|[of] p1a: Pelipper\n|move|p1a: Pelipper|Weather Ball|p2a: Lucario\n|-damage|p2a: Lucario|0 fnt\n|faint|p2a: Lucario\n|\n|-weather|RainDance|[upkeep]\n|upkeep\n|\n|t:|1782436575\n|switch|p2a: Garchomp|Garchomp, M|100/100\n|turn|9\n|\n|t:|1782436579\n|-terastallize|p2a: Garchomp|Dragon\n|move|p2a: Garchomp|Swords Dance|p2a: Garchomp\n|-boost|p2a: Garchomp|atk|2\n|move|p1a: Pelipper|Ice Beam|p2a: Garchomp\n|-supereffective|p2a: Garchomp\n|-damage|p2a: Garchomp|44/100\n|\n|-weather|RainDance|[upkeep]\n|-heal|p2a: Garchomp|50/100|[from] item: Leftovers\n|upkeep\n|turn|10\n|\n|t:|1782436590\n|move|p2a: Garchomp|Dragon Claw|p1a: Pelipper\n|-damage|p1a: Pelipper|0 fnt\n|faint|p1a: Pelipper\n|\n|-weather|RainDance|[upkeep]\n|-heal|p2a: Garchomp|57/100|[from] item: Leftovers\n|upkeep\n|\n|t:|1782436604\n|switch|p1a: Iron Treads|Iron Treads|100/100\n|-enditem|p1a: Iron Treads|Booster Energy\n|-activate|p1a: Iron Treads|ability: Quark Drive|[fromitem]\n|-start|p1a: Iron Treads|quarkdrivespe\n|turn|11\n|\n|t:|1782436609\n|move|p1a: Iron Treads|Steel Beam|p2a: Garchomp\n|-damage|p2a: Garchomp|4/100\n|-damage|p1a: Iron Treads|50/100|[from] steelbeam\n|move|p2a: Garchomp|Earthquake|p1a: Iron Treads\n|-supereffective|p1a: Iron Treads\n|-damage|p1a: Iron Treads|0 fnt\n|faint|p1a: Iron Treads\n|-end|p1a: Iron Treads|Quark Drive|[silent]\n|\n|-weather|RainDance|[upkeep]\n|-heal|p2a: Garchomp|10/100|[from] item: Leftovers\n|upkeep\n|\n|t:|1782436618\n|switch|p1a: Crawdaunt|Crawdaunt, M|100/100\n|turn|12\n|\n|t:|1782436624\n|move|p1a: Crawdaunt|Aqua Jet|p2a: Garchomp\n|-resisted|p2a: Garchomp\n|-damage|p2a: Garchomp|0 fnt\n|-damage|p1a: Crawdaunt|88/100|[from] ability: Rough Skin|[of] p2a: Garchomp\n|faint|p2a: Garchomp\n|\n|win|yellowfly97\n|raw|yellowfly97's rating: 1044 &rarr; <strong>1083</strong><br />(+39 for winning)\n|raw|Xblvkex's rating: 1101 &rarr; <strong>1072</strong><br />(-29 for losing)\n", "uploadtime": 1782436631, "views": 9, "formatid": "gen9ou", "rating": 1072, "private": 0, "password": null}