{"id": "gen9ou-2639231109", "format": "[Gen 9] OU", "players": ["eltulaman", "monsterzogg"], "log": "|j|☆eltulaman\n|j|☆monsterzogg\n|t:|1782437677\n|gametype|singles\n|player|p1|eltulaman|2|1397\n|player|p2|monsterzogg|acetrainer-gen2|1449\n|gen|9\n|tier|[Gen 9] OU\n|rated|\n|rule|HP Percentage Mod: HP is shown in percentages\n|rule|Endless Battle Clause: Forcing endless battles is banned\n|rule|Species Clause: Limit one of each Pokémon\n|rule|OHKO Clause: OHKO moves are banned\n|rule|Evasion Items Clause: Evasion items are banned\n|rule|Evasion Moves Clause: Evasion moves are banned\n|rule|Evasion Abilities Clause: Evasion abilities are banned\n|rule|Sleep Moves Clause: Sleep-inducing moves are banned\n|clearpoke\n|poke|p1|Great Tusk|\n|poke|p1|Meowscarada, F|\n|poke|p1|Zapdos|\n|poke|p1|Garchomp, F|\n|poke|p1|Gholdengo|\n|poke|p1|Enamorus, F|\n|poke|p2|Haxorus, F|\n|poke|p2|Salamence, M|\n|poke|p2|Goodra, F|\n|poke|p2|Garchomp, F|\n|poke|p2|Scizor, M|\n|poke|p2|Lokix, F|\n|teampreview\n|\n|t:|1782437701\n|teamsize|p1|6\n|teamsize|p2|6\n|start\n|switch|p1a: Meowscarada|Meowscarada, F|100/100\n|switch|p2a: Salvo|Goodra, F|100/100\n|turn|1\n|\n|t:|1782437709\n|move|p1a: Meowscarada|Knock Off|p2a: Salvo\n|-start|p1a: Meowscarada|typechange|Dark|[from] ability: Protean\n|-damage|p2a: Salvo|4/100\n|-ability|p2a: Salvo|Gooey\n|-unboost|p1a: Meowscarada|spe|1\n|-enditem|p2a: Salvo|Assault Vest|[from] move: Knock Off|[of] p1a: Meowscarada\n|move|p2a: Salvo|Sludge Bomb|p1a: Meowscarada\n|-damage|p1a: Meowscarada|49/100\n|-status|p1a: Meowscarada|psn\n|\n|-damage|p1a: Meowscarada|37/100 psn|[from] psn\n|upkeep\n|turn|2\n|\n|t:|1782437714\n|move|p1a: Meowscarada|Knock Off|p2a: Salvo\n|-damage|p2a: Salvo|0 fnt\n|-ability|p2a: Salvo|Gooey\n|-unboost|p1a: Meowscarada|spe|1\n|faint|p2a: Salvo\n|\n|-damage|p1a: Meowscarada|24/100 psn|[from] psn\n|upkeep\n|\n|t:|1782437720\n|switch|p2a: Doomsday|Salamence, M|100/100\n|turn|3\n|\n|t:|1782437725\n|switch|p1a: Zapdos|Zapdos|100/100\n|move|p2a: Doomsday|Dragon Dance|p2a: Doomsday\n|-boost|p2a: Doomsday|atk|1\n|-boost|p2a: Doomsday|spe|1\n|\n|upkeep\n|turn|4\n|\n|t:|1782437729\n|move|p2a: Doomsday|Dragon Dance|p2a: Doomsday\n|-boost|p2a: Doomsday|atk|1\n|-boost|p2a: Doomsday|spe|1\n|move|p1a: Zapdos|Thunder Wave|p2a: Doomsday\n|-status|p2a: Doomsday|par\n|-enditem|p2a: Doomsday|Lum Berry|[eat]\n|-curestatus|p2a: Doomsday|par|[msg]\n|\n|upkeep\n|turn|5\n|\n|t:|1782437740\n|move|p2a: Doomsday|Outrage|p1a: Zapdos\n|-damage|p1a: Zapdos|4/100\n|move|p1a: Zapdos|Thunder Wave|p2a: Doomsday\n|-status|p2a: Doomsday|par\n|\n|upkeep\n|turn|6\n|\n|t:|1782437745\n|move|p2a: Doomsday|Outrage|p1a: Zapdos|[from] lockedmove\n|-damage|p1a: Zapdos|0 fnt\n|faint|p1a: Zapdos\n|-ability|p2a: Doomsday|Moxie|boost\n|-boost|p2a: Doomsday|atk|1\n|\n|upkeep\n|\n|t:|1782437748\n|switch|p1a: Enamorus|Enamorus, F|100/100\n|turn|7\n|c|☆monsterzogg|hhhoooooly\n|\n|t:|1782437759\n|move|p1a: Enamorus|Moonblast|p2a: Doomsday\n|-supereffective|p2a: Doomsday\n|-damage|p2a: Doomsday|0 fnt\n|faint|p2a: Doomsday\n|\n|upkeep\n|\n|t:|1782437762\n|switch|p2a: Scizor|Scizor, M|100/100\n|turn|8\n|c|☆monsterzogg|Zapdos fat as FUCK\n|\n|t:|1782437777\n|switch|p1a: Meowscarada|Meowscarada, F|24/100 psn\n|move|p2a: Scizor|Swords Dance|p2a: Scizor\n|-boost|p2a: Scizor|atk|2\n|\n|-damage|p1a: Meowscarada|12/100 psn|[from] psn\n|upkeep\n|turn|9\n|\n|t:|1782437786\n|move|p2a: Scizor|Bullet Punch|p1a: Meowscarada\n|-damage|p1a: Meowscarada|0 fnt\n|faint|p1a: Meowscarada\n|\n|upkeep\n|\n|t:|1782437787\n|switch|p1a: Garchomp|Garchomp, F|100/100\n|turn|10\n|\n|t:|1782437793\n|move|p2a: Scizor|Swords Dance|p2a: Scizor\n|-boost|p2a: Scizor|atk|2\n|move|p1a: Garchomp|Dragon Tail|p2a: Scizor\n|-resisted|p2a: Scizor\n|-damage|p2a: Scizor|89/100\n|drag|p2a: Lokix|Lokix, F|100/100\n|\n|upkeep\n|turn|11\n|\n|t:|1782437798\n|move|p2a: Lokix|First Impression|p1a: Garchomp\n|-damage|p1a: Garchomp|59/100\n|-damage|p2a: Lokix|88/100|[from] ability: Rough Skin|[of] p1a: Garchomp\n|-damage|p2a: Lokix|72/100|[from] item: Rocky Helmet|[of] p1a: Garchomp\n|move|p1a: Garchomp|Stealth Rock|p2a: Lokix\n|-sidestart|p2: monsterzogg|move: Stealth Rock\n|\n|upkeep\n|turn|12\n|\n|t:|1782437813\n|switch|p2a: Lockhead|Garchomp, F|100/100\n|-damage|p2a: Lockhead|94/100|[from] Stealth Rock\n|move|p1a: Garchomp|Spikes|p2a: Lockhead\n|-sidestart|p2: monsterzogg|Spikes\n|\n|upkeep\n|turn|13\n|\n|t:|1782437816\n|switch|p1a: Great Tusk|Great Tusk|100/100\n|-enditem|p1a: Great Tusk|Booster Energy\n|-activate|p1a: Great Tusk|ability: Protosynthesis|[fromitem]\n|-start|p1a: Great Tusk|protosynthesisatk\n|move|p2a: Lockhead|Outrage|p1a: Great Tusk\n|-damage|p1a: Great Tusk|51/100\n|\n|upkeep\n|turn|14\n|\n|t:|1782437819\n|move|p2a: Lockhead|Outrage|p1a: Great Tusk|[from] lockedmove\n|-damage|p1a: Great Tusk|3/100\n|move|p1a: Great Tusk|Ice Spinner|p2a: Lockhead\n|-supereffective|p2a: Lockhead\n|-damage|p2a: Lockhead|0 fnt\n|-damage|p1a: Great Tusk|0 fnt|[from] ability: Rough Skin|[of] p2a: Lockhead\n|faint|p2a: Lockhead\n|faint|p1a: Great Tusk\n|-end|p1a: Great Tusk|Protosynthesis|[silent]\n|\n|upkeep\n|\n|t:|1782437842\n|switch|p2a: Lokix|Lokix, F|72/100\n|switch|p1a: Enamorus|Enamorus, F|100/100\n|-damage|p2a: Lokix|47/100|[from] Stealth Rock\n|-damage|p2a: Lokix|34/100|[from] Spikes\n|turn|15\n|\n|t:|1782437848\n|switch|p1a: Garchomp|Garchomp, F|59/100\n|move|p2a: Lokix|First Impression|p1a: Garchomp\n|-damage|p1a: Garchomp|18/100\n|-damage|p2a: Lokix|22/100|[from] ability: Rough Skin|[of] p1a: Garchomp\n|-damage|p2a: Lokix|5/100|[from] item: Rocky Helmet|[of] p1a: Garchomp\n|\n|upkeep\n|turn|16\n|\n|t:|1782437852\n|move|p2a: Lokix|First Impression||[still]\n|-hint|First Impression only works on your first turn out.\n|-fail|p2a: Lokix\n|move|p1a: Garchomp|Dragon Tail|p2a: Lokix\n|-damage|p2a: Lokix|0 fnt\n|faint|p2a: Lokix\n|\n|upkeep\n|\n|t:|1782437856\n|switch|p2a: Scizor|Scizor, M|89/100\n|-damage|p2a: Scizor|76/100|[from] Stealth Rock\n|-damage|p2a: Scizor|64/100|[from] Spikes\n|turn|17\n|\n|t:|1782437858\n|move|p2a: Scizor|Bullet Punch|p1a: Garchomp\n|-damage|p1a: Garchomp|0 fnt\n|-damage|p2a: Scizor|52/100|[from] ability: Rough Skin|[of] p1a: Garchomp\n|-damage|p2a: Scizor|36/100|[from] item: Rocky Helmet|[of] p1a: Garchomp\n|faint|p1a: Garchomp\n|\n|upkeep\n|\n|t:|1782437863\n|switch|p1a: Gholdengo|Gholdengo|100/100\n|-item|p1a: Gholdengo|Air Balloon\n|turn|18\n|\n|t:|1782437868\n|move|p1a: Gholdengo|Shadow Ball|p2a: Scizor\n|-damage|p2a: Scizor|0 fnt\n|faint|p2a: Scizor\n|\n|upkeep\n|\n|t:|1782437872\n|switch|p2a: Warhead|Haxorus, F, shiny|100/100\n|-damage|p2a: Warhead|88/100|[from] Stealth Rock\n|-damage|p2a: Warhead|76/100|[from] Spikes\n|-ability|p2a: Warhead|Mold Breaker\n|turn|19\n|\n|t:|1782437883\n|-terastallize|p2a: Warhead|Steel\n|move|p2a: Warhead|Outrage|p1a: Gholdengo\n|-resisted|p1a: Gholdengo\n|-damage|p1a: Gholdengo|67/100\n|-enditem|p1a: Gholdengo|Air Balloon\n|move|p1a: Gholdengo|Make It Rain|p2a: Warhead\n|-resisted|p2a: Warhead\n|-damage|p2a: Warhead|32/100\n|-unboost|p1a: Gholdengo|spa|1\n|\n|upkeep\n|turn|20\n|\n|t:|1782437887\n|move|p2a: Warhead|Outrage|p1a: Gholdengo|[from] lockedmove\n|-resisted|p1a: Gholdengo\n|-damage|p1a: Gholdengo|27/100\n|-start|p2a: Warhead|confusion|[fatigue]\n|move|p1a: Gholdengo|Focus Blast|p2a: Warhead\n|-supereffective|p2a: Warhead\n|-damage|p2a: Warhead|0 fnt\n|faint|p2a: Warhead\n|\n|win|eltulaman\n", "uploadtime": 1782437773, "views": 4, "formatid": "gen9ou", "rating": null, "private": 0, "password": null}