{"id": "gen9ou-2640022892", "format": "[Gen 9] OU", "players": ["Auburn Hills", "fachkus"], "log": "|j|☆Auburn Hills\n|j|☆fachkus\n|t:|1782565503\n|gametype|singles\n|player|p1|Auburn Hills|alder|1718\n|player|p2|fachkus|102|1701\n|gen|9\n|tier|[Gen 9] OU\n|rated|\n|rule|HP Percentage Mod: HP is shown in percentages\n|rule|Endless Battle Clause: Forcing endless battles is banned\n|rule|Species Clause: Limit one of each Pokémon\n|rule|OHKO Clause: OHKO moves are banned\n|rule|Evasion Items Clause: Evasion items are banned\n|rule|Evasion Moves Clause: Evasion moves are banned\n|rule|Evasion Abilities Clause: Evasion abilities are banned\n|rule|Sleep Moves Clause: Sleep-inducing moves are banned\n|clearpoke\n|poke|p1|Iron Moth|\n|poke|p1|Umbreon, F|\n|poke|p1|Garchomp, F|\n|poke|p1|Glimmora, M|\n|poke|p1|Gholdengo|\n|poke|p1|Dragonite, F|\n|poke|p2|Iron Moth|\n|poke|p2|Gliscor, F|\n|poke|p2|Hatterene, F|\n|poke|p2|Ogerpon-Wellspring, F|\n|poke|p2|Raging Bolt|\n|poke|p2|Zamazenta-*|\n|teampreview\n|j| mysticaloak\n|inactive|Battle timer is ON: inactive players will automatically lose when time's up. (requested by Auburn Hills)\n|l| mysticaloak\n|\n|t:|1782565518\n|teamsize|p1|6\n|teamsize|p2|6\n|start\n|switch|p1a: Glimmora|Glimmora, M|100/100\n|switch|p2a: Zamazenta|Zamazenta|100/100\n|-ability|p2a: Zamazenta|Dauntless Shield|boost\n|-boost|p2a: Zamazenta|def|1\n|turn|1\n|inactive|fachkus also wants the timer to be on.\n|\n|t:|1782565530\n|move|p2a: Zamazenta|Light Screen|p2a: Zamazenta\n|-sidestart|p2: fachkus|move: Light Screen\n|move|p1a: Glimmora|Stealth Rock|p2a: Zamazenta\n|-sidestart|p2: fachkus|move: Stealth Rock\n|\n|upkeep\n|turn|2\n|\n|t:|1782565543\n|switch|p2a: Gliscor|Gliscor, F|100/100\n|-damage|p2a: Gliscor|88/100|[from] Stealth Rock\n|move|p1a: Glimmora|Mortal Spin|p2a: Gliscor\n|-resisted|p2a: Gliscor\n|-damage|p2a: Gliscor|86/100\n|-status|p2a: Gliscor|psn\n|\n|-heal|p2a: Gliscor|98/100 psn|[from] ability: Poison Heal\n|upkeep\n|turn|3\n|\n|t:|1782565557\n|switch|p1a: Elucid|Dragonite, F|100/100\n|move|p2a: Gliscor|Swords Dance|p2a: Gliscor\n|-boost|p2a: Gliscor|atk|2\n|\n|-heal|p2a: Gliscor|100/100 psn|[from] ability: Poison Heal\n|upkeep\n|turn|4\n|\n|t:|1782565570\n|-terastallize|p2a: Gliscor|Normal\n|move|p1a: Elucid|Ice Spinner|p2a: Gliscor\n|-damage|p2a: Gliscor|76/100 psn\n|move|p2a: Gliscor|Facade|p1a: Elucid\n|-damage|p1a: Elucid|26/100\n|\n|-heal|p2a: Gliscor|88/100 psn|[from] ability: Poison Heal\n|upkeep\n|turn|5\n|\n|t:|1782565586\n|move|p1a: Elucid|Earthquake|p2a: Gliscor\n|-damage|p2a: Gliscor|55/100 psn\n|move|p2a: Gliscor|Agility|p2a: Gliscor\n|-boost|p2a: Gliscor|spe|2\n|\n|-heal|p2a: Gliscor|67/100 psn|[from] ability: Poison Heal\n|upkeep\n|turn|6\n|\n|t:|1782565598\n|move|p1a: Elucid|Extreme Speed|p2a: Gliscor\n|-crit|p2a: Gliscor\n|-damage|p2a: Gliscor|28/100 psn\n|move|p2a: Gliscor|Facade|p1a: Elucid\n|-damage|p1a: Elucid|0 fnt\n|faint|p1a: Elucid\n|\n|-heal|p2a: Gliscor|41/100 psn|[from] ability: Poison Heal\n|upkeep\n|\n|t:|1782565604\n|switch|p1a: Alvvays|Umbreon, F|100/100\n|turn|7\n|\n|t:|1782565617\n|move|p2a: Gliscor|Facade|p1a: Alvvays\n|-damage|p1a: Alvvays|0 fnt\n|faint|p1a: Alvvays\n|\n|-heal|p2a: Gliscor|53/100 psn|[from] ability: Poison Heal\n|upkeep\n|\n|t:|1782565621\n|switch|p1a: Rat Tally|Garchomp, F|100/100\n|turn|8\n|\n|t:|1782565633\n|move|p2a: Gliscor|Earthquake|p1a: Rat Tally\n|-damage|p1a: Rat Tally|8/100\n|move|p1a: Rat Tally|Earthquake|p2a: Gliscor\n|-damage|p2a: Gliscor|5/100 psn\n|\n|-heal|p2a: Gliscor|17/100 psn|[from] ability: Poison Heal\n|-sideend|p2: fachkus|move: Light Screen\n|upkeep\n|turn|9\n|\n|t:|1782565647\n|move|p2a: Gliscor|Earthquake|p1a: Rat Tally\n|-damage|p1a: Rat Tally|0 fnt\n|faint|p1a: Rat Tally\n|\n|-heal|p2a: Gliscor|30/100 psn|[from] ability: Poison Heal\n|upkeep\n|\n|t:|1782565649\n|switch|p1a: Glimmora|Glimmora, M|100/100\n|turn|10\n|\n|t:|1782565661\n|move|p2a: Gliscor|Earthquake|p1a: Glimmora\n|-supereffective|p1a: Glimmora\n|-enditem|p1a: Glimmora|Focus Sash\n|-damage|p1a: Glimmora|1/100\n|-activate|p1a: Glimmora|ability: Toxic Debris\n|-sidestart|p2: fachkus|move: Toxic Spikes\n|move|p1a: Glimmora|Sludge Wave|p2a: Gliscor\n|-damage|p2a: Gliscor|0 fnt\n|faint|p2a: Gliscor\n|\n|upkeep\n|\n|t:|1782565672\n|switch|p2a: Iron Moth|Iron Moth|100/100\n|-damage|p2a: Iron Moth|76/100|[from] Stealth Rock\n|-sideend|p2: fachkus|move: Toxic Spikes|[of] p2a: Iron Moth\n|-enditem|p2a: Iron Moth|Booster Energy\n|-activate|p2a: Iron Moth|ability: Quark Drive|[fromitem]\n|-start|p2a: Iron Moth|quarkdrivespe\n|turn|11\n|\n|t:|1782565679\n|move|p2a: Iron Moth|Fiery Dance|p1a: Glimmora\n|-resisted|p1a: Glimmora\n|-crit|p1a: Glimmora\n|-damage|p1a: Glimmora|0 fnt\n|-boost|p2a: Iron Moth|spa|1\n|faint|p1a: Glimmora\n|\n|upkeep\n|\n|t:|1782565682\n|switch|p1a: Carly Rae|Iron Moth|100/100\n|-enditem|p1a: Carly Rae|Booster Energy\n|-activate|p1a: Carly Rae|ability: Quark Drive|[fromitem]\n|-start|p1a: Carly Rae|quarkdrivespe\n|turn|12\n|\n|t:|1782565694\n|move|p1a: Carly Rae|Discharge|p2a: Iron Moth\n|-crit|p2a: Iron Moth\n|-damage|p2a: Iron Moth|36/100\n|move|p2a: Iron Moth|Whirlwind|p1a: Carly Rae\n|-end|p1a: Carly Rae|Quark Drive|[silent]\n|drag|p1a: Smino|Gholdengo|100/100\n|\n|upkeep\n|turn|13\n|-message|Auburn Hills forfeited.\n|\n|win|fachkus\n|raw|Auburn Hills's rating: 1718 &rarr; <strong>1697</strong><br />(-21 for losing)\n|raw|fachkus's rating: 1701 &rarr; <strong>1722</strong><br />(+21 for winning)\n|l|☆Auburn Hills\n|player|p1|\n|l|☆fachkus\n|player|p2|\n", "uploadtime": 1782565709, "views": 7, "formatid": "gen9ou", "rating": 1697, "private": 0, "password": null}