{"id": "gen9ou-2540416414", "format": "[Gen 9] OU", "players": ["VaporeonUser", "like gold"], "log": "|j|☆VaporeonUser\n|j|☆like gold\n|t:|1771199366\n|gametype|singles\n|player|p1|VaporeonUser|volkner|1574\n|player|p2|like gold|steven|1528\n|gen|9\n|tier|[Gen 9] OU\n|rated|\n|rule|HP Percentage Mod: HP is shown in percentages\n|rule|Endless Battle Clause: Forcing endless battles is banned\n|rule|Species Clause: Limit one of each Pokémon\n|rule|OHKO Clause: OHKO moves are banned\n|rule|Evasion Items Clause: Evasion items are banned\n|rule|Evasion Moves Clause: Evasion moves are banned\n|rule|Evasion Abilities Clause: Evasion abilities are banned\n|rule|Sleep Moves Clause: Sleep-inducing moves are banned\n|clearpoke\n|poke|p1|Torkoal, F|\n|poke|p1|Scovillain, M|\n|poke|p1|Walking Wake|\n|poke|p1|Hatterene, F|\n|poke|p1|Great Tusk|\n|poke|p1|Ceruledge, M|\n|poke|p2|Zapdos-Galar|\n|poke|p2|Slowking, M|\n|poke|p2|Sinistcha|\n|poke|p2|Goodra-Hisui, F|\n|poke|p2|Iron Moth|\n|poke|p2|Garchomp, F|\n|teampreview\n|\n|t:|1771199405\n|teamsize|p1|6\n|teamsize|p2|6\n|start\n|switch|p1a: Torkoal|Torkoal, F|100/100\n|switch|p2a: Goodra|Goodra-Hisui, F|100/100\n|-weather|SunnyDay|[from] ability: Drought|[of] p1a: Torkoal\n|turn|1\n|\n|t:|1771199410\n|move|p2a: Goodra|Thunderbolt|p1a: Torkoal\n|-damage|p1a: Torkoal|70/100\n|move|p1a: Torkoal|Stealth Rock|p2a: Goodra\n|-sidestart|p2: like gold|move: Stealth Rock\n|\n|-weather|SunnyDay|[upkeep]\n|upkeep\n|turn|2\n|\n|t:|1771199442\n|switch|p2a: Garchomp|Garchomp, F|100/100\n|-damage|p2a: Garchomp|94/100|[from] Stealth Rock\n|switch|p1a: Hatterene|Hatterene, F, shiny|100/100\n|\n|-weather|SunnyDay|[upkeep]\n|upkeep\n|turn|3\n|\n|t:|1771199470\n|switch|p1a: Don|Great Tusk, shiny|100/100\n|-activate|p1a: Don|ability: Protosynthesis\n|-start|p1a: Don|protosynthesisatk\n|move|p2a: Garchomp|Earthquake|p1a: Don\n|-damage|p1a: Don|71/100\n|\n|-weather|SunnyDay|[upkeep]\n|upkeep\n|turn|4\n|\n|t:|1771199519\n|move|p1a: Don|Rapid Spin|p2a: Garchomp\n|-damage|p2a: Garchomp|77/100\n|-boost|p1a: Don|spe|1\n|-damage|p1a: Don|59/100|[from] ability: Rough Skin|[of] p2a: Garchomp\n|-damage|p1a: Don|42/100|[from] item: Rocky Helmet|[of] p2a: Garchomp\n|move|p2a: Garchomp|Stealth Rock|p1a: Don\n|-sidestart|p1: VaporeonUser|move: Stealth Rock\n|\n|-weather|SunnyDay|[upkeep]\n|upkeep\n|turn|5\n|\n|t:|1771199581\n|move|p1a: Don|Ice Spinner|p2a: Garchomp\n|-supereffective|p2a: Garchomp\n|-damage|p2a: Garchomp|0 fnt\n|-damage|p1a: Don|30/100|[from] ability: Rough Skin|[of] p2a: Garchomp\n|-damage|p1a: Don|13/100|[from] item: Rocky Helmet|[of] p2a: Garchomp\n|faint|p2a: Garchomp\n|\n|-weather|SunnyDay|[upkeep]\n|upkeep\n|\n|t:|1771199591\n|switch|p2a: Iron Moth|Iron Moth|100/100\n|-damage|p2a: Iron Moth|76/100|[from] Stealth Rock\n|-enditem|p2a: Iron Moth|Booster Energy\n|-activate|p2a: Iron Moth|ability: Quark Drive|[fromitem]\n|-start|p2a: Iron Moth|quarkdrivespe\n|turn|6\n|\n|t:|1771199603\n|-end|p1a: Don|Protosynthesis|[silent]\n|switch|p1a: Hatterene|Hatterene, F, shiny|100/100\n|-damage|p1a: Hatterene|88/100|[from] Stealth Rock\n|move|p2a: Iron Moth|Fiery Dance|p1a: Hatterene\n|-damage|p1a: Hatterene|30/100\n|-boost|p2a: Iron Moth|spa|1\n|-enditem|p1a: Hatterene|Eject Button\n|\n|t:|1771199615\n|switch|p1a: Scovillain|Scovillain, M|100/100\n|-damage|p1a: Scovillain|76/100|[from] Stealth Rock\n|\n|-weather|SunnyDay|[upkeep]\n|upkeep\n|turn|7\n|\n|t:|1771199665\n|-terastallize|p1a: Scovillain|Ground\n|move|p1a: Scovillain|Tera Blast|p2a: Iron Moth|[anim] Tera Blast Ground\n|-supereffective|p2a: Iron Moth\n|-damage|p2a: Iron Moth|0 fnt\n|faint|p2a: Iron Moth\n|-end|p2a: Iron Moth|Quark Drive|[silent]\n|-damage|p1a: Scovillain|66/100|[from] item: Life Orb\n|\n|-weather|SunnyDay|[upkeep]\n|upkeep\n|\n|t:|1771199682\n|switch|p2a: Goodra|Goodra-Hisui, F|100/100\n|-damage|p2a: Goodra|94/100|[from] Stealth Rock\n|turn|8\n|\n|t:|1771199700\n|switch|p1a: Hatterene|Hatterene, F, shiny|30/100\n|-damage|p1a: Hatterene|18/100|[from] Stealth Rock\n|switch|p2a: Sinistcha|Sinistcha|100/100\n|\n|-weather|none\n|upkeep\n|turn|9\n|\n|t:|1771199706\n|move|p2a: Sinistcha|Shadow Ball|p1a: Hatterene\n|-supereffective|p1a: Hatterene\n|-damage|p1a: Hatterene|0 fnt\n|faint|p1a: Hatterene\n|\n|upkeep\n|\n|t:|1771199711\n|switch|p1a: Torkoal|Torkoal, F|70/100\n|-damage|p1a: Torkoal|45/100|[from] Stealth Rock\n|-weather|SunnyDay|[from] ability: Drought|[of] p1a: Torkoal\n|turn|10\n|\n|t:|1771199724\n|switch|p1a: Don|Great Tusk, shiny|13/100\n|-damage|p1a: Don|10/100|[from] Stealth Rock\n|-activate|p1a: Don|ability: Protosynthesis\n|-start|p1a: Don|protosynthesisatk\n|move|p2a: Sinistcha|Shadow Ball|p1a: Don\n|-damage|p1a: Don|0 fnt\n|faint|p1a: Don\n|-end|p1a: Don|Protosynthesis|[silent]\n|\n|-weather|SunnyDay|[upkeep]\n|upkeep\n|\n|t:|1771199734\n|switch|p1a: Scovillain|Scovillain, M, tera:Ground|66/100\n|-damage|p1a: Scovillain|60/100|[from] Stealth Rock\n|turn|11\n|\n|t:|1771199797\n|-terastallize|p2a: Sinistcha|Poison\n|move|p1a: Scovillain|Flamethrower|p2a: Sinistcha\n|-damage|p2a: Sinistcha|55/100\n|-damage|p1a: Scovillain|50/100|[from] item: Life Orb\n|move|p2a: Sinistcha|Matcha Gotcha|p1a: Scovillain\n|-supereffective|p1a: Scovillain\n|-damage|p1a: Scovillain|0 fnt\n|-heal|p2a: Sinistcha|75/100|[from] drain|[of] p1a: Scovillain\n|faint|p1a: Scovillain\n|\n|-weather|SunnyDay|[upkeep]\n|upkeep\n|\n|t:|1771199807\n|switch|p1a: Ceruledge|Ceruledge, M|100/100\n|-damage|p1a: Ceruledge|76/100|[from] Stealth Rock\n|turn|12\n|\n|t:|1771199812\n|move|p1a: Ceruledge|Swords Dance|p1a: Ceruledge\n|-boost|p1a: Ceruledge|atk|2\n|move|p2a: Sinistcha|Shadow Ball|p1a: Ceruledge\n|-supereffective|p1a: Ceruledge\n|-damage|p1a: Ceruledge|0 fnt\n|faint|p1a: Ceruledge\n|\n|-weather|SunnyDay|[upkeep]\n|upkeep\n|\n|t:|1771199814\n|switch|p1a: Walking Wake|Walking Wake|100/100\n|-damage|p1a: Walking Wake|88/100|[from] Stealth Rock\n|-activate|p1a: Walking Wake|ability: Protosynthesis\n|-start|p1a: Walking Wake|protosynthesisspa\n|turn|13\n|\n|t:|1771199889\n|move|p1a: Walking Wake|Draco Meteor|p2a: Sinistcha\n|-damage|p2a: Sinistcha|0 fnt\n|-unboost|p1a: Walking Wake|spa|2\n|faint|p2a: Sinistcha\n|\n|-weather|SunnyDay|[upkeep]\n|upkeep\n|\n|t:|1771199893\n|switch|p2a: Goodra|Goodra-Hisui, F|94/100\n|-damage|p2a: Goodra|88/100|[from] Stealth Rock\n|turn|14\n|\n|t:|1771199899\n|-end|p1a: Walking Wake|Protosynthesis|[silent]\n|switch|p1a: Torkoal|Torkoal, F|45/100\n|-damage|p1a: Torkoal|21/100|[from] Stealth Rock\n|move|p2a: Goodra|Thunderbolt|p1a: Torkoal\n|-damage|p1a: Torkoal|0 fnt\n|faint|p1a: Torkoal\n|\n|-weather|SunnyDay|[upkeep]\n|upkeep\n|\n|t:|1771199913\n|switch|p1a: Walking Wake|Walking Wake|88/100\n|-damage|p1a: Walking Wake|76/100|[from] Stealth Rock\n|-activate|p1a: Walking Wake|ability: Protosynthesis\n|-start|p1a: Walking Wake|protosynthesisspa\n|turn|15\n|c|☆like gold|gg\n|\n|t:|1771199919\n|move|p1a: Walking Wake|Dragon Pulse|p2a: Goodra\n|-damage|p2a: Goodra|64/100\n|move|p2a: Goodra|Dragon Tail|p1a: Walking Wake\n|-supereffective|p1a: Walking Wake\n|-damage|p1a: Walking Wake|35/100\n|\n|-weather|SunnyDay|[upkeep]\n|upkeep\n|turn|16\n|\n|t:|1771199928\n|move|p1a: Walking Wake|Dragon Pulse|p2a: Goodra\n|-damage|p2a: Goodra|40/100\n|move|p2a: Goodra|Dragon Tail|p1a: Walking Wake\n|-supereffective|p1a: Walking Wake\n|-damage|p1a: Walking Wake|0 fnt\n|faint|p1a: Walking Wake\n|-end|p1a: Walking Wake|Protosynthesis|[silent]\n|\n|win|like gold\n|raw|VaporeonUser's rating: 1574 &rarr; <strong>1551</strong><br />(-23 for losing)\n|raw|like gold's rating: 1528 &rarr; <strong>1551</strong><br />(+23 for winning)\n|l|☆VaporeonUser\n|player|p1|\n|l|☆like gold\n|player|p2|\n", "uploadtime": 1771200116, "views": 9, "formatid": "gen9ou", "rating": 1551, "private": 0, "password": null}