{"id": "gen9ou-2540878930", "format": "[Gen 9] OU", "players": ["dracula drip", "Ancia"], "log": "|j|☆dracula drip\n|j|☆Ancia\n|t:|1771263262\n|gametype|singles\n|player|p1|dracula drip|iris-gen5bw2|1548\n|player|p2|Ancia|169|1601\n|gen|9\n|tier|[Gen 9] OU\n|rated|\n|rule|HP Percentage Mod: HP is shown in percentages\n|rule|Endless Battle Clause: Forcing endless battles is banned\n|rule|Species Clause: Limit one of each Pokémon\n|rule|OHKO Clause: OHKO moves are banned\n|rule|Evasion Items Clause: Evasion items are banned\n|rule|Evasion Moves Clause: Evasion moves are banned\n|rule|Evasion Abilities Clause: Evasion abilities are banned\n|rule|Sleep Moves Clause: Sleep-inducing moves are banned\n|clearpoke\n|poke|p1|Ting-Lu|\n|poke|p1|Slowking-Galar, M|\n|poke|p1|Corviknight, M|\n|poke|p1|Cinderace, M|\n|poke|p1|Ogerpon-Wellspring, F|\n|poke|p1|Raging Bolt|\n|poke|p2|Hatterene, F|\n|poke|p2|Ceruledge, M|\n|poke|p2|Hydrapple, M|\n|poke|p2|Milotic, M|\n|poke|p2|Gallade, M|\n|poke|p2|Glimmora, M|\n|teampreview\n|inactive|Battle timer is ON: inactive players will automatically lose when time's up. (requested by dracula drip)\n|\n|t:|1771263267\n|teamsize|p1|6\n|teamsize|p2|6\n|start\n|switch|p1a: Raging Bolt|Raging Bolt|100/100\n|switch|p2a: Gallade|Gallade, M|100/100\n|turn|1\n|\n|t:|1771263271\n|-end|p1a: Raging Bolt|Protosynthesis|[silent]\n|switch|p1a: Slowking|Slowking-Galar, M|100/100\n|move|p2a: Gallade|Swords Dance|p2a: Gallade\n|-boost|p2a: Gallade|atk|2\n|\n|upkeep\n|turn|2\n|\n|t:|1771263274\n|switch|p1a: Corviknight|Corviknight, M|100/100\n|-ability|p1a: Corviknight|Pressure\n|move|p2a: Gallade|Psycho Cut|p1a: Corviknight\n|-resisted|p1a: Corviknight\n|-crit|p1a: Corviknight\n|-damage|p1a: Corviknight|54/100\n|\n|upkeep\n|turn|3\n|\n|t:|1771263278\n|move|p2a: Gallade|Sacred Sword|p1a: Corviknight\n|-damage|p1a: Corviknight|0 fnt\n|-damage|p2a: Gallade|84/100|[from] item: Rocky Helmet|[of] p1a: Corviknight\n|faint|p1a: Corviknight\n|\n|upkeep\n|\n|t:|1771263283\n|switch|p1a: Ogerpon|Ogerpon-Wellspring, F|100/100\n|turn|4\n|\n|t:|1771263287\n|-terastallize|p1a: Ogerpon|Water\n|detailschange|p1a: Ogerpon|Ogerpon-Wellspring-Tera, F, tera:Water\n|-ability|p1a: Ogerpon|Embody Aspect (Wellspring)|boost\n|-boost|p1a: Ogerpon|spd|1\n|-terastallize|p2a: Gallade|Grass\n|move|p1a: Ogerpon|Ivy Cudgel|p2a: Gallade|[anim] Ivy Cudgel Water\n|-resisted|p2a: Gallade\n|-damage|p2a: Gallade|20/100\n|move|p2a: Gallade|Leaf Blade|p1a: Ogerpon\n|-supereffective|p1a: Ogerpon\n|-damage|p1a: Ogerpon|0 fnt\n|faint|p1a: Ogerpon\n|detailschange|p1: Ogerpon|Ogerpon-Wellspring, F|[silent]\n|\n|upkeep\n|\n|t:|1771263291\n|switch|p1a: Cinderace|Cinderace, M|100/100\n|turn|5\n|\n|t:|1771263297\n|move|p1a: Cinderace|U-turn|p2a: Gallade\n|-start|p1a: Cinderace|typechange|Bug|[from] ability: Libero\n|-supereffective|p2a: Gallade\n|-damage|p2a: Gallade|0 fnt\n|faint|p2a: Gallade\n|\n|t:|1771263300\n|switch|p1a: Raging Bolt|Raging Bolt|100/100|[from] U-turn\n|\n|upkeep\n|\n|t:|1771263307\n|switch|p2a: Hatterene|Hatterene, F|100/100\n|turn|6\n|\n|t:|1771263309\n|move|p1a: Raging Bolt|Volt Switch|p2a: Hatterene\n|-damage|p2a: Hatterene|38/100\n|\n|t:|1771263311\n|-end|p1a: Raging Bolt|Protosynthesis|[silent]\n|switch|p1a: Slowking|Slowking-Galar, M|100/100|[from] Volt Switch\n|move|p2a: Hatterene|Calm Mind|p2a: Hatterene\n|-boost|p2a: Hatterene|spa|1\n|-boost|p2a: Hatterene|spd|1\n|\n|-heal|p2a: Hatterene|44/100|[from] item: Leftovers\n|upkeep\n|turn|7\n|\n|t:|1771263316\n|move|p2a: Hatterene|Psyshock|p1a: Slowking\n|-damage|p1a: Slowking|61/100\n|move|p1a: Slowking|Sludge Bomb|p2a: Hatterene\n|-supereffective|p2a: Hatterene\n|-damage|p2a: Hatterene|0 fnt\n|faint|p2a: Hatterene\n|\n|upkeep\n|\n|t:|1771263326\n|switch|p2a: Ceruledge|Ceruledge, M|100/100\n|turn|8\n|\n|t:|1771263330\n|move|p2a: Ceruledge|Poltergeist|p1a: Slowking|[miss]\n|-miss|p2a: Ceruledge|p1a: Slowking\n|move|p1a: Slowking|Psychic Noise|p2a: Ceruledge\n|-damage|p2a: Ceruledge|70/100\n|-start|p2a: Ceruledge|move: Heal Block\n|\n|upkeep\n|turn|9\n|\n|t:|1771263333\n|switch|p1a: Ting-Lu|Ting-Lu|100/100\n|-ability|p1a: Ting-Lu|Vessel of Ruin\n|move|p2a: Ceruledge|Poltergeist|p1a: Ting-Lu\n|-activate|p1a: Ting-Lu|move: Poltergeist|Leftovers\n|-resisted|p1a: Ting-Lu\n|-crit|p1a: Ting-Lu\n|-damage|p1a: Ting-Lu|80/100\n|\n|-heal|p1a: Ting-Lu|86/100|[from] item: Leftovers\n|-end|p2a: Ceruledge|move: Heal Block\n|upkeep\n|turn|10\n|\n|t:|1771263339\n|switch|p2a: Hydrapple|Hydrapple, M|100/100\n|move|p1a: Ting-Lu|Earthquake|p2a: Hydrapple\n|-resisted|p2a: Hydrapple\n|-damage|p2a: Hydrapple|90/100\n|\n|-heal|p1a: Ting-Lu|92/100|[from] item: Leftovers\n|upkeep\n|turn|11\n|\n|t:|1771263344\n|switch|p1a: Slowking|Slowking-Galar, M|94/100\n|move|p2a: Hydrapple|Nasty Plot|p2a: Hydrapple\n|-boost|p2a: Hydrapple|spa|2\n|\n|upkeep\n|turn|12\n|\n|t:|1771263348\n|switch|p2a: Ceruledge|Ceruledge, M|70/100\n|move|p1a: Slowking|Ice Beam|p2a: Ceruledge\n|-resisted|p2a: Ceruledge\n|-damage|p2a: Ceruledge|57/100\n|-status|p2a: Ceruledge|frz\n|\n|upkeep\n|turn|13\n|\n|t:|1771263353\n|switch|p1a: Ting-Lu|Ting-Lu|92/100\n|-ability|p1a: Ting-Lu|Vessel of Ruin\n|cant|p2a: Ceruledge|frz\n|\n|-heal|p1a: Ting-Lu|98/100|[from] item: Leftovers\n|upkeep\n|turn|14\n|\n|t:|1771263358\n|switch|p1a: Raging Bolt|Raging Bolt|100/100\n|cant|p2a: Ceruledge|frz\n|\n|upkeep\n|turn|15\n|\n|t:|1771263361\n|cant|p2a: Ceruledge|frz\n|move|p1a: Raging Bolt|Draco Meteor|p2a: Ceruledge\n|-damage|p2a: Ceruledge|0 fnt\n|-unboost|p1a: Raging Bolt|spa|2\n|faint|p2a: Ceruledge\n|\n|upkeep\n|\n|t:|1771263367\n|switch|p2a: Glimmora|Glimmora, M|100/100\n|turn|16\n|\n|t:|1771263370\n|-end|p1a: Raging Bolt|Protosynthesis|[silent]\n|switch|p1a: Ting-Lu|Ting-Lu|98/100\n|-ability|p1a: Ting-Lu|Vessel of Ruin\n|move|p2a: Glimmora|Meteor Beam||[still]\n|-prepare|p2a: Glimmora|Meteor Beam\n|-boost|p2a: Glimmora|spa|1\n|-enditem|p2a: Glimmora|Power Herb\n|-anim|p2a: Glimmora|Meteor Beam|p1a: Ting-Lu\n|-resisted|p1a: Ting-Lu\n|-damage|p1a: Ting-Lu|80/100\n|\n|-heal|p1a: Ting-Lu|86/100|[from] item: Leftovers\n|upkeep\n|turn|17\n|\n|t:|1771263379\n|move|p2a: Glimmora|Dazzling Gleam|p1a: Ting-Lu\n|-supereffective|p1a: Ting-Lu\n|-damage|p1a: Ting-Lu|50/100\n|move|p1a: Ting-Lu|Earthquake|p2a: Glimmora\n|-supereffective|p2a: Glimmora\n|-damage|p2a: Glimmora|0 fnt\n|-activate|p2a: Glimmora|ability: Toxic Debris\n|-sidestart|p1: dracula drip|move: Toxic Spikes\n|faint|p2a: Glimmora\n|\n|-heal|p1a: Ting-Lu|56/100|[from] item: Leftovers\n|upkeep\n|\n|t:|1771263386\n|switch|p2a: Hydrapple|Hydrapple, M|100/100\n|turn|18\n|\n|t:|1771263388\n|switch|p1a: Slowking|Slowking-Galar, M|100/100\n|-sideend|p1: dracula drip|move: Toxic Spikes|[of] p1a: Slowking\n|move|p2a: Hydrapple|Nasty Plot|p2a: Hydrapple\n|-boost|p2a: Hydrapple|spa|2\n|\n|upkeep\n|turn|19\n|\n|t:|1771263392\n|switch|p2a: Milotic|Milotic, M|100/100\n|move|p1a: Slowking|Ice Beam|p2a: Milotic\n|-resisted|p2a: Milotic\n|-crit|p2a: Milotic\n|-damage|p2a: Milotic|89/100\n|\n|upkeep\n|turn|20\n|\n|t:|1771263395\n|move|p2a: Milotic|Substitute|p2a: Milotic\n|-start|p2a: Milotic|Substitute\n|-damage|p2a: Milotic|64/100\n|move|p1a: Slowking|Psychic Noise|p2a: Milotic\n|-damage|p2a: Milotic|43/100\n|-start|p2a: Milotic|move: Heal Block\n|\n|upkeep\n|turn|21\n|\n|t:|1771263400\n|move|p2a: Milotic|Scald|p1a: Slowking\n|-damage|p1a: Slowking|80/100\n|move|p1a: Slowking|Psychic Noise|p2a: Milotic\n|-damage|p2a: Milotic|24/100\n|\n|-end|p2a: Milotic|move: Heal Block\n|upkeep\n|turn|22\n|\n|t:|1771263405\n|move|p2a: Milotic|Recover|p2a: Milotic\n|-heal|p2a: Milotic|74/100\n|move|p1a: Slowking|Psychic Noise|p2a: Milotic\n|-damage|p2a: Milotic|53/100\n|-start|p2a: Milotic|move: Heal Block\n|\n|upkeep\n|turn|23\n|\n|t:|1771263409\n|move|p2a: Milotic|Scald|p1a: Slowking\n|-damage|p1a: Slowking|60/100\n|move|p1a: Slowking|Sludge Bomb|p2a: Milotic\n|-activate|p2a: Milotic|move: Substitute|[damage]\n|\n|-end|p2a: Milotic|move: Heal Block\n|upkeep\n|turn|24\n|\n|t:|1771263413\n|move|p2a: Milotic|Recover|p2a: Milotic\n|-heal|p2a: Milotic|100/100\n|move|p1a: Slowking|Psychic Noise|p2a: Milotic\n|-damage|p2a: Milotic|80/100\n|-start|p2a: Milotic|move: Heal Block\n|\n|upkeep\n|turn|25\n|\n|t:|1771263418\n|move|p2a: Milotic|Scald|p1a: Slowking\n|-damage|p1a: Slowking|37/100\n|move|p1a: Slowking|Psychic Noise|p2a: Milotic\n|-damage|p2a: Milotic|61/100\n|\n|-end|p2a: Milotic|move: Heal Block\n|upkeep\n|turn|26\n|\n|t:|1771263423\n|move|p2a: Milotic|Scald|p1a: Slowking\n|-damage|p1a: Slowking|16/100\n|-status|p1a: Slowking|brn\n|-prepare|p1a: Slowking|Chilly Reception|[premajor]\n|move|p1a: Slowking|Chilly Reception|p1a: Slowking\n|-weather|Snowscape\n|\n|t:|1771263424\n|switch|p1a: Raging Bolt|Raging Bolt|100/100|[from] Chilly Reception\n|\n|-weather|Snowscape|[upkeep]\n|upkeep\n|turn|27\n|\n|t:|1771263431\n|move|p1a: Raging Bolt|Volt Switch|p2a: Milotic\n|-supereffective|p2a: Milotic\n|-end|p2a: Milotic|Substitute\n|\n|t:|1771263432\n|-end|p1a: Raging Bolt|Protosynthesis|[silent]\n|switch|p1a: Slowking|Slowking-Galar, M|49/100 brn|[from] Volt Switch\n|move|p2a: Milotic|Ice Beam|p1a: Slowking\n|-damage|p1a: Slowking|34/100 brn\n|\n|-weather|Snowscape|[upkeep]\n|-damage|p1a: Slowking|27/100 brn|[from] brn\n|upkeep\n|turn|28\n|\n|t:|1771263435\n|switch|p1a: Raging Bolt|Raging Bolt|100/100\n|move|p2a: Milotic|Substitute|p2a: Milotic\n|-start|p2a: Milotic|Substitute\n|-damage|p2a: Milotic|36/100\n|\n|-weather|Snowscape|[upkeep]\n|upkeep\n|turn|29\n|\n|t:|1771263438\n|move|p1a: Raging Bolt|Volt Switch|p2a: Milotic\n|-supereffective|p2a: Milotic\n|-end|p2a: Milotic|Substitute\n|\n|t:|1771263439\n|-end|p1a: Raging Bolt|Protosynthesis|[silent]\n|switch|p1a: Slowking|Slowking-Galar, M|61/100 brn|[from] Volt Switch\n|move|p2a: Milotic|Recover|p2a: Milotic\n|-heal|p2a: Milotic|86/100\n|\n|-weather|Snowscape|[upkeep]\n|-damage|p1a: Slowking|55/100 brn|[from] brn\n|upkeep\n|turn|30\n|\n|t:|1771263444\n|move|p2a: Milotic|Scald|p1a: Slowking\n|-damage|p1a: Slowking|33/100 brn\n|move|p1a: Slowking|Psychic Noise|p2a: Milotic\n|-damage|p2a: Milotic|67/100\n|-start|p2a: Milotic|move: Heal Block\n|\n|-weather|none\n|-damage|p1a: Slowking|27/100 brn|[from] brn\n|upkeep\n|turn|31\n|\n|t:|1771263452\n|switch|p1a: Cinderace|Cinderace, M|100/100\n|move|p2a: Milotic|Ice Beam|p1a: Cinderace\n|-resisted|p1a: Cinderace\n|-damage|p1a: Cinderace|85/100\n|\n|-end|p2a: Milotic|move: Heal Block\n|upkeep\n|turn|32\n|\n|t:|1771263457\n|move|p1a: Cinderace|U-turn|p2a: Milotic\n|-start|p1a: Cinderace|typechange|Bug|[from] ability: Libero\n|-damage|p2a: Milotic|41/100\n|-damage|p1a: Cinderace|68/100|[from] item: Rocky Helmet|[of] p2a: Milotic\n|\n|t:|1771263458\n|switch|p1a: Raging Bolt|Raging Bolt|100/100|[from] U-turn\n|move|p2a: Milotic|Recover|p2a: Milotic\n|-heal|p2a: Milotic|91/100\n|\n|upkeep\n|turn|33\n|\n|t:|1771263463\n|move|p1a: Raging Bolt|Volt Switch|p2a: Milotic\n|-supereffective|p2a: Milotic\n|-crit|p2a: Milotic\n|-damage|p2a: Milotic|0 fnt\n|faint|p2a: Milotic\n|\n|t:|1771263467\n|-end|p1a: Raging Bolt|Protosynthesis|[silent]\n|switch|p1a: Slowking|Slowking-Galar, M|61/100 brn|[from] Volt Switch\n|\n|-damage|p1a: Slowking|54/100 brn|[from] brn\n|upkeep\n|\n|t:|1771263469\n|switch|p2a: Hydrapple|Hydrapple, M|100/100\n|turn|34\n|\n|t:|1771263472\n|move|p2a: Hydrapple|Earth Power|p1a: Slowking\n|-supereffective|p1a: Slowking\n|-damage|p1a: Slowking|15/100 brn\n|move|p1a: Slowking|Ice Beam|p2a: Hydrapple\n|-supereffective|p2a: Hydrapple\n|-damage|p2a: Hydrapple|15/100\n|\n|-damage|p1a: Slowking|9/100 brn|[from] brn\n|upkeep\n|turn|35\n|\n|t:|1771263478\n|move|p2a: Hydrapple|Giga Drain|p1a: Slowking\n|-resisted|p1a: Slowking\n|-damage|p1a: Slowking|0 fnt\n|-heal|p2a: Hydrapple|19/100|[from] drain|[of] p1a: Slowking\n|faint|p1a: Slowking\n|\n|upkeep\n|\n|t:|1771263479\n|switch|p1a: Raging Bolt|Raging Bolt|100/100\n|turn|36\n|\n|t:|1771263482\n|move|p1a: Raging Bolt|Volt Switch|p2a: Hydrapple\n|-resisted|p2a: Hydrapple\n|-damage|p2a: Hydrapple|4/100\n|\n|t:|1771263484\n|-end|p1a: Raging Bolt|Protosynthesis|[silent]\n|switch|p1a: Ting-Lu|Ting-Lu|56/100|[from] Volt Switch\n|-ability|p1a: Ting-Lu|Vessel of Ruin\n|move|p2a: Hydrapple|Fickle Beam|p1a: Ting-Lu\n|-damage|p1a: Ting-Lu|42/100\n|\n|-heal|p1a: Ting-Lu|48/100|[from] item: Leftovers\n|upkeep\n|turn|37\n|\n|t:|1771263487\n|switch|p1a: Cinderace|Cinderace, M|68/100\n|move|p2a: Hydrapple|Giga Drain|p1a: Cinderace\n|-resisted|p1a: Cinderace\n|-damage|p1a: Cinderace|47/100\n|-heal|p2a: Hydrapple|12/100|[from] drain|[of] p1a: Cinderace\n|\n|upkeep\n|turn|38\n|\n|t:|1771263490\n|move|p1a: Cinderace|U-turn|p2a: Hydrapple\n|-start|p1a: Cinderace|typechange|Bug|[from] ability: Libero\n|-supereffective|p2a: Hydrapple\n|-damage|p2a: Hydrapple|0 fnt\n|faint|p2a: Hydrapple\n|\n|win|dracula drip\n|raw|dracula drip's rating: 1548 &rarr; <strong>1572</strong><br />(+24 for winning)\n|raw|Ancia's rating: 1618 &rarr; <strong>1594</strong><br />(-24 for losing)\n|l|☆dracula drip\n|player|p1|\n|l|☆Ancia\n|player|p2|\n", "uploadtime": 1771263689, "views": 17, "formatid": "gen9ou", "rating": 1572, "private": 0, "password": null}