{"id": "gen9ou-2639242747", "format": "[Gen 9] OU", "players": ["Isayumi Akutami", "thepeakmons"], "log": "|j|☆Isayumi Akutami\n|j|☆thepeakmons\n|t:|1782439354\n|gametype|singles\n|player|p1|Isayumi Akutami|hilbert-wonderlauncher|1096\n|player|p2|thepeakmons|101|1155\n|gen|9\n|tier|[Gen 9] OU\n|rated|\n|rule|HP Percentage Mod: HP is shown in percentages\n|rule|Endless Battle Clause: Forcing endless battles is banned\n|rule|Species Clause: Limit one of each Pokémon\n|rule|OHKO Clause: OHKO moves are banned\n|rule|Evasion Items Clause: Evasion items are banned\n|rule|Evasion Moves Clause: Evasion moves are banned\n|rule|Evasion Abilities Clause: Evasion abilities are banned\n|rule|Sleep Moves Clause: Sleep-inducing moves are banned\n|clearpoke\n|poke|p1|Scyther, M|\n|poke|p1|Alomomola, F|\n|poke|p1|Blaziken, F|\n|poke|p1|Venusaur, F|\n|poke|p1|Ninetales, F|\n|poke|p1|Tentacruel, M|\n|poke|p2|Gliscor, M|\n|poke|p2|Gholdengo|\n|poke|p2|Zamazenta-*|\n|poke|p2|Blissey, F|\n|poke|p2|Skarmory, F|\n|poke|p2|Pecharunt|\n|teampreview\n|inactive|Battle timer is ON: inactive players will automatically lose when time's up. (requested by Isayumi Akutami)\n|inactive|thepeakmons also wants the timer to be on.\n|\n|t:|1782439373\n|teamsize|p1|6\n|teamsize|p2|6\n|start\n|switch|p1a: Tentacruel|Tentacruel, M|100/100\n|switch|p2a: Skarmory|Skarmory, F|100/100\n|turn|1\n|inactive|thepeakmons has 120 seconds left.\n|\n|t:|1782439415\n|move|p1a: Tentacruel|Toxic Spikes|p2a: Skarmory\n|-sidestart|p2: thepeakmons|move: Toxic Spikes\n|move|p2a: Skarmory|Body Press|p1a: Tentacruel\n|-resisted|p1a: Tentacruel\n|-crit|p1a: Tentacruel\n|-damage|p1a: Tentacruel|81/100\n|\n|-heal|p1a: Tentacruel|87/100|[from] item: Black Sludge\n|upkeep\n|turn|2\n|inactive|thepeakmons has 90 seconds left.\n|\n|t:|1782439453\n|switch|p1a: Ninetales|Ninetales, F|100/100\n|-weather|SunnyDay|[from] ability: Drought|[of] p1a: Ninetales\n|move|p2a: Skarmory|Spikes|p1a: Ninetales\n|-sidestart|p1: Isayumi Akutami|Spikes\n|\n|-weather|SunnyDay|[upkeep]\n|upkeep\n|turn|3\n|inactive|thepeakmons has 90 seconds left.\n|\n|t:|1782439470\n|switch|p1a: Blaziken|Blaziken, F|100/100\n|-damage|p1a: Blaziken|88/100|[from] Spikes\n|switch|p2a: Gliscor|Gliscor, M|100/100\n|\n|-weather|SunnyDay|[upkeep]\n|-status|p2a: Gliscor|tox|[from] item: Toxic Orb\n|upkeep\n|turn|4\n|\n|t:|1782439481\n|switch|p1a: Venusaur|Venusaur, F|100/100\n|-damage|p1a: Venusaur|88/100|[from] Spikes\n|move|p2a: Gliscor|Earthquake|p1a: Venusaur\n|-damage|p1a: Venusaur|42/100\n|\n|-weather|SunnyDay|[upkeep]\n|upkeep\n|turn|5\n|\n|t:|1782439499\n|move|p1a: Venusaur|Giga Drain|p2a: Gliscor\n|-damage|p2a: Gliscor|57/100 tox\n|-heal|p1a: Venusaur|67/100|[from] drain|[of] p2a: Gliscor\n|-damage|p1a: Venusaur|57/100|[from] item: Life Orb\n|move|p2a: Gliscor|Earthquake|p1a: Venusaur\n|-damage|p1a: Venusaur|13/100\n|\n|-weather|SunnyDay|[upkeep]\n|-heal|p2a: Gliscor|70/100 tox|[from] ability: Poison Heal\n|upkeep\n|turn|6\n|\n|t:|1782439512\n|move|p2a: Gliscor|Protect|p2a: Gliscor\n|-singleturn|p2a: Gliscor|Protect\n|move|p1a: Venusaur|Giga Drain|p2a: Gliscor\n|-activate|p2a: Gliscor|move: Protect\n|\n|-weather|SunnyDay|[upkeep]\n|-heal|p2a: Gliscor|82/100 tox|[from] ability: Poison Heal\n|upkeep\n|turn|7\n|inactive|thepeakmons has 60 seconds left.\n|\n|t:|1782439537\n|move|p1a: Venusaur|Giga Drain|p2a: Gliscor\n|-damage|p2a: Gliscor|37/100 tox\n|-heal|p1a: Venusaur|40/100|[from] drain|[of] p2a: Gliscor\n|-damage|p1a: Venusaur|30/100|[from] item: Life Orb\n|move|p2a: Gliscor|Earthquake|p1a: Venusaur\n|-damage|p1a: Venusaur|0 fnt\n|faint|p1a: Venusaur\n|\n|-weather|SunnyDay|[upkeep]\n|-heal|p2a: Gliscor|49/100 tox|[from] ability: Poison Heal\n|upkeep\n|\n|t:|1782439546\n|switch|p1a: Scyther|Scyther, M|100/100\n|turn|8\n|\n|t:|1782439556\n|move|p2a: Gliscor|Protect|p2a: Gliscor\n|-singleturn|p2a: Gliscor|Protect\n|move|p1a: Scyther|Swords Dance|p1a: Scyther\n|-boost|p1a: Scyther|atk|2\n|\n|-weather|SunnyDay|[upkeep]\n|-heal|p2a: Gliscor|62/100 tox|[from] ability: Poison Heal\n|upkeep\n|turn|9\n|\n|t:|1782439575\n|switch|p2a: Skarmory|Skarmory, F|100/100\n|move|p1a: Scyther|Swords Dance|p1a: Scyther\n|-boost|p1a: Scyther|atk|2\n|\n|-weather|none\n|upkeep\n|turn|10\n|\n|t:|1782439583\n|move|p1a: Scyther|Close Combat|p2a: Skarmory\n|-damage|p2a: Skarmory|38/100\n|-unboost|p1a: Scyther|def|1\n|-unboost|p1a: Scyther|spd|1\n|move|p2a: Skarmory|Whirlwind|p1a: Scyther\n|drag|p1a: Ninetales|Ninetales, F|100/100\n|-damage|p1a: Ninetales|88/100|[from] Spikes\n|-weather|SunnyDay|[from] ability: Drought|[of] p1a: Ninetales\n|\n|-weather|SunnyDay|[upkeep]\n|upkeep\n|turn|11\n|\n|t:|1782439596\n|switch|p2a: Blissey|Blissey, F|100/100\n|move|p1a: Ninetales|Weather Ball|p2a: Blissey\n|-damage|p2a: Blissey|86/100\n|\n|-weather|SunnyDay|[upkeep]\n|upkeep\n|turn|12\n|\n|t:|1782439613\n|move|p1a: Ninetales|Healing Wish|p1a: Ninetales\n|faint|p1a: Ninetales\n|move|p2a: Blissey|Stealth Rock|p1: Ninetales\n|-sidestart|p1: Isayumi Akutami|move: Stealth Rock\n|\n|-weather|SunnyDay|[upkeep]\n|upkeep\n|\n|t:|1782439618\n|switch|p1a: Blaziken|Blaziken, F|88/100\n|-heal|p1a: Blaziken|100/100|[from] move: Healing Wish\n|-damage|p1a: Blaziken|88/100|[from] Spikes\n|-damage|p1a: Blaziken|76/100|[from] Stealth Rock\n|turn|13\n|\n|t:|1782439626\n|switch|p2a: Zamazenta|Zamazenta|100/100\n|-ability|p2a: Zamazenta|Dauntless Shield|boost\n|-boost|p2a: Zamazenta|def|1\n|move|p1a: Blaziken|Focus Energy|p1a: Blaziken\n|-start|p1a: Blaziken|move: Focus Energy\n|\n|-weather|SunnyDay|[upkeep]\n|-ability|p1a: Blaziken|Speed Boost|boost\n|-boost|p1a: Blaziken|spe|1\n|upkeep\n|turn|14\n|\n|t:|1782439642\n|move|p2a: Zamazenta|Close Combat|p1a: Blaziken\n|-damage|p1a: Blaziken|0 fnt\n|-unboost|p2a: Zamazenta|def|1\n|-unboost|p2a: Zamazenta|spd|1\n|faint|p1a: Blaziken\n|\n|-weather|SunnyDay|[upkeep]\n|upkeep\n|-message|Isayumi Akutami forfeited.\n|\n|win|thepeakmons\n|raw|Isayumi Akutami's rating: 1096 &rarr; <strong>1076</strong><br />(-20 for losing)\n|raw|thepeakmons's rating: 1155 &rarr; <strong>1176</strong><br />(+21 for winning)\n|l|☆Isayumi Akutami\n|player|p1|\n", "uploadtime": 1782439655, "views": 14, "formatid": "gen9ou", "rating": 1076, "private": 0, "password": null}