{"id": "gen9ou-2639918323", "format": "[Gen 9] OU", "players": ["TheCollageDropout", "Sovereeign"], "log": "|j|☆TheCollageDropout\n|j|☆Sovereeign\n|t:|1782543183\n|gametype|singles\n|player|p1|TheCollageDropout|2|1543\n|player|p2|Sovereeign|morty|1549\n|gen|9\n|tier|[Gen 9] OU\n|rated|\n|rule|HP Percentage Mod: HP is shown in percentages\n|rule|Endless Battle Clause: Forcing endless battles is banned\n|rule|Species Clause: Limit one of each Pokémon\n|rule|OHKO Clause: OHKO moves are banned\n|rule|Evasion Items Clause: Evasion items are banned\n|rule|Evasion Moves Clause: Evasion moves are banned\n|rule|Evasion Abilities Clause: Evasion abilities are banned\n|rule|Sleep Moves Clause: Sleep-inducing moves are banned\n|clearpoke\n|poke|p1|Gholdengo|\n|poke|p1|Garganacl, F|\n|poke|p1|Volcanion|\n|poke|p1|Great Tusk|\n|poke|p1|Zapdos|\n|poke|p1|Meowscarada, F|\n|poke|p2|Dragonite, F|\n|poke|p2|Ogerpon-Wellspring, F|\n|poke|p2|Deoxys-Speed|\n|poke|p2|Great Tusk|\n|poke|p2|Glimmora, F|\n|poke|p2|Kingambit, F|\n|teampreview\n|inactive|Battle timer is ON: inactive players will automatically lose when time's up. (requested by Sovereeign)\n|\n|t:|1782543194\n|teamsize|p1|6\n|teamsize|p2|6\n|start\n|switch|p1a: Meowscarada|Meowscarada, F|100/100\n|switch|p2a: Ogerpon|Ogerpon-Wellspring, F|100/100\n|turn|1\n|\n|t:|1782543201\n|switch|p2a: Glimmora|Glimmora, F|100/100\n|move|p1a: Meowscarada|U-turn|p2a: Glimmora\n|-start|p1a: Meowscarada|typechange|Bug|[from] ability: Protean\n|-resisted|p2a: Glimmora\n|-damage|p2a: Glimmora|83/100\n|-activate|p2a: Glimmora|ability: Toxic Debris\n|-sidestart|p1: TheCollageDropout|move: Toxic Spikes\n|-enditem|p2a: Glimmora|Red Card|[of] p1a: Meowscarada\n|drag|p1a: Garganacl|Garganacl, F|100/100\n|\n|upkeep\n|turn|2\n|\n|t:|1782543214\n|move|p2a: Glimmora|Stealth Rock|p1a: Garganacl\n|-sidestart|p1: TheCollageDropout|move: Stealth Rock\n|move|p1a: Garganacl|Stealth Rock|p2a: Glimmora\n|-sidestart|p2: Sovereeign|move: Stealth Rock\n|\n|upkeep\n|turn|3\n|\n|t:|1782543218\n|move|p2a: Glimmora|Mortal Spin|p1a: Garganacl\n|-resisted|p1a: Garganacl\n|-damage|p1a: Garganacl|99/100\n|-sideend|p2: Sovereeign|Stealth Rock|[from] move: Mortal Spin|[of] p2a: Glimmora\n|move|p1a: Garganacl|Salt Cure|p2a: Glimmora\n|-damage|p2a: Glimmora|72/100\n|-start|p2a: Glimmora|Salt Cure\n|-activate|p2a: Glimmora|ability: Toxic Debris\n|-sidestart|p1: TheCollageDropout|move: Toxic Spikes\n|\n|-heal|p1a: Garganacl|100/100|[from] item: Leftovers\n|-damage|p2a: Glimmora|60/100|[from] Salt Cure\n|upkeep\n|turn|4\n|\n|t:|1782543222\n|move|p2a: Glimmora|Spikes|p1a: Garganacl\n|-sidestart|p1: TheCollageDropout|Spikes\n|move|p1a: Garganacl|Stealth Rock|p2a: Glimmora\n|-sidestart|p2: Sovereeign|move: Stealth Rock\n|\n|-damage|p2a: Glimmora|47/100|[from] Salt Cure\n|upkeep\n|turn|5\n|\n|t:|1782543229\n|move|p1a: Garganacl|Protect|p1a: Garganacl\n|-singleturn|p1a: Garganacl|Protect\n|move|p2a: Glimmora|Mortal Spin|p1a: Garganacl\n|-activate|p1a: Garganacl|move: Protect\n|\n|-damage|p2a: Glimmora|35/100|[from] Salt Cure\n|upkeep\n|turn|6\n|\n|t:|1782543236\n|move|p2a: Glimmora|Spikes|p1a: Garganacl\n|-sidestart|p1: TheCollageDropout|Spikes\n|move|p1a: Garganacl|Salt Cure|p2a: Glimmora\n|-damage|p2a: Glimmora|24/100\n|\n|-damage|p2a: Glimmora|12/100|[from] Salt Cure\n|upkeep\n|turn|7\n|\n|t:|1782543246\n|switch|p1a: Great Tusk|Great Tusk|100/100\n|move|p2a: Glimmora|Earth Power|p1a: Great Tusk\n|-crit|p1a: Great Tusk\n|-damage|p1a: Great Tusk|44/100\n|\n|-damage|p2a: Glimmora|0 fnt|[from] Salt Cure\n|faint|p2a: Glimmora\n|upkeep\n|\n|t:|1782543254\n|switch|p2a: Ogerpon|Ogerpon-Wellspring, F|100/100\n|-damage|p2a: Ogerpon|88/100|[from] Stealth Rock\n|turn|8\n|inactive|TheCollageDropout has 120 seconds left.\n|\n|t:|1782543291\n|-end|p1a: Great Tusk|Protosynthesis|[silent]\n|switch|p1a: Zapdos|Zapdos|100/100\n|move|p2a: Ogerpon|Power Whip|p1a: Zapdos\n|-resisted|p1a: Zapdos\n|-damage|p1a: Zapdos|75/100\n|\n|upkeep\n|turn|9\n|\n|t:|1782543304\n|move|p2a: Ogerpon|Knock Off|p1a: Zapdos\n|-damage|p1a: Zapdos|46/100\n|-enditem|p1a: Zapdos|Heavy-Duty Boots|[from] move: Knock Off|[of] p2a: Ogerpon\n|move|p1a: Zapdos|U-turn|p2a: Ogerpon\n|-supereffective|p2a: Ogerpon\n|-crit|p2a: Ogerpon\n|-damage|p2a: Ogerpon|40/100\n|\n|t:|1782543312\n|switch|p1a: Gholdengo|Gholdengo|100/100|[from] U-turn\n|-damage|p1a: Gholdengo|94/100|[from] Stealth Rock\n|-damage|p1a: Gholdengo|78/100|[from] Spikes\n|\n|upkeep\n|turn|10\n|\n|t:|1782543320\n|switch|p2a: Kingambit|Kingambit, F|100/100\n|-damage|p2a: Kingambit|94/100|[from] Stealth Rock\n|-activate|p2a: Kingambit|ability: Supreme Overlord\n|-start|p2a: Kingambit|fallen1|[silent]\n|move|p1a: Gholdengo|Shadow Ball|p2a: Kingambit\n|-resisted|p2a: Kingambit\n|-damage|p2a: Kingambit|70/100\n|\n|-heal|p2a: Kingambit|76/100|[from] item: Leftovers\n|upkeep\n|turn|11\n|\n|t:|1782543324\n|switch|p1a: Great Tusk|Great Tusk|44/100\n|move|p2a: Kingambit|Swords Dance|p2a: Kingambit\n|-boost|p2a: Kingambit|atk|2\n|\n|-heal|p2a: Kingambit|82/100|[from] item: Leftovers\n|upkeep\n|turn|12\n|\n|t:|1782543334\n|move|p1a: Great Tusk|Rapid Spin|p2a: Kingambit\n|-resisted|p2a: Kingambit\n|-damage|p2a: Kingambit|76/100\n|-boost|p1a: Great Tusk|spe|1\n|-sideend|p1: TheCollageDropout|Spikes|[from] move: Rapid Spin|[of] p1a: Great Tusk\n|-sideend|p1: TheCollageDropout|Toxic Spikes|[from] move: Rapid Spin|[of] p1a: Great Tusk\n|-sideend|p1: TheCollageDropout|Stealth Rock|[from] move: Rapid Spin|[of] p1a: Great Tusk\n|move|p2a: Kingambit|Iron Head|p1a: Great Tusk\n|-damage|p1a: Great Tusk|0 fnt\n|faint|p1a: Great Tusk\n|-end|p1a: Great Tusk|Protosynthesis|[silent]\n|\n|-heal|p2a: Kingambit|82/100|[from] item: Leftovers\n|upkeep\n|\n|t:|1782543340\n|switch|p1a: Zapdos|Zapdos|46/100\n|turn|13\n|\n|t:|1782543342\n|move|p1a: Zapdos|Discharge|p2a: Kingambit\n|-damage|p2a: Kingambit|47/100\n|move|p2a: Kingambit|Kowtow Cleave|p1a: Zapdos\n|-damage|p1a: Zapdos|0 fnt\n|faint|p1a: Zapdos\n|\n|-heal|p2a: Kingambit|53/100|[from] item: Leftovers\n|upkeep\n|\n|t:|1782543348\n|switch|p1a: Volcanion|Volcanion|100/100\n|turn|14\n|\n|t:|1782543351\n|move|p2a: Kingambit|Sucker Punch||[still]\n|-fail|p2a: Kingambit\n|move|p1a: Volcanion|Will-O-Wisp|p2a: Kingambit\n|-status|p2a: Kingambit|brn\n|\n|-heal|p2a: Kingambit|59/100 brn|[from] item: Leftovers\n|-damage|p2a: Kingambit|53/100 brn|[from] brn\n|upkeep\n|turn|15\n|\n|t:|1782543356\n|move|p2a: Kingambit|Sucker Punch|p1a: Volcanion\n|-damage|p1a: Volcanion|59/100\n|move|p1a: Volcanion|Flamethrower|p2a: Kingambit\n|-supereffective|p2a: Kingambit\n|-damage|p2a: Kingambit|0 fnt\n|faint|p2a: Kingambit\n|-end|p2a: Kingambit|fallen1|[silent]\n|\n|upkeep\n|\n|t:|1782543365\n|switch|p2a: Ogerpon|Ogerpon-Wellspring, F|40/100\n|-damage|p2a: Ogerpon|27/100|[from] Stealth Rock\n|turn|16\n|inactive|TheCollageDropout has 120 seconds left.\n|\n|t:|1782543398\n|switch|p1a: Meowscarada|Meowscarada, F|100/100\n|move|p2a: Ogerpon|Power Whip|p1a: Meowscarada\n|-resisted|p1a: Meowscarada\n|-damage|p1a: Meowscarada|42/100\n|\n|upkeep\n|turn|17\n|\n|t:|1782543409\n|move|p1a: Meowscarada|U-turn|p2a: Ogerpon\n|-start|p1a: Meowscarada|typechange|Bug|[from] ability: Protean\n|-supereffective|p2a: Ogerpon\n|-damage|p2a: Ogerpon|0 fnt\n|faint|p2a: Ogerpon\n|inactive|TheCollageDropout has 120 seconds left.\n|\n|t:|1782543423\n|switch|p1a: Volcanion|Volcanion|59/100|[from] U-turn\n|\n|upkeep\n|\n|t:|1782543428\n|switch|p2a: Dragonite|Dragonite, F|100/100\n|-damage|p2a: Dragonite|76/100|[from] Stealth Rock\n|turn|18\n|\n|t:|1782543441\n|-terastallize|p2a: Dragonite|Fire\n|move|p2a: Dragonite|Dragon Dance|p2a: Dragonite\n|-boost|p2a: Dragonite|atk|1\n|-boost|p2a: Dragonite|spe|1\n|move|p1a: Volcanion|Will-O-Wisp|p2a: Dragonite|[miss]\n|-miss|p1a: Volcanion|p2a: Dragonite\n|\n|upkeep\n|turn|19\n|\n|t:|1782543448\n|move|p2a: Dragonite|Outrage|p1a: Volcanion\n|-damage|p1a: Volcanion|0 fnt\n|faint|p1a: Volcanion\n|-damage|p2a: Dragonite|66/100|[from] item: Life Orb\n|\n|upkeep\n|\n|t:|1782543464\n|switch|p1a: Garganacl|Garganacl, F|100/100\n|turn|20\n|\n|t:|1782543466\n|-terastallize|p1a: Garganacl|Fairy\n|move|p2a: Dragonite|Outrage|p1a: Garganacl|[from] lockedmove\n|-immune|p1a: Garganacl\n|-start|p2a: Dragonite|confusion|[fatigue]\n|move|p1a: Garganacl|Salt Cure|p2a: Dragonite\n|-supereffective|p2a: Dragonite\n|-damage|p2a: Dragonite|36/100\n|-start|p2a: Dragonite|Salt Cure\n|\n|-damage|p2a: Dragonite|24/100|[from] Salt Cure\n|upkeep\n|turn|21\n|\n|t:|1782543473\n|move|p1a: Garganacl|Protect|p1a: Garganacl\n|-singleturn|p1a: Garganacl|Protect\n|-activate|p2a: Dragonite|confusion\n|-damage|p2a: Dragonite|0 fnt|[from] confusion\n|faint|p2a: Dragonite\n|\n|upkeep\n|\n|t:|1782543482\n|switch|p2a: Deoxys|Deoxys-Speed|100/100\n|-damage|p2a: Deoxys|88/100|[from] Stealth Rock\n|-ability|p2a: Deoxys|Pressure\n|turn|22\n|\n|t:|1782543487\n|move|p2a: Deoxys|Knock Off|p1a: Garganacl\n|-resisted|p1a: Garganacl\n|-damage|p1a: Garganacl|93/100\n|-enditem|p1a: Garganacl|Leftovers|[from] move: Knock Off|[of] p2a: Deoxys\n|move|p1a: Garganacl|Salt Cure|p2a: Deoxys\n|-damage|p2a: Deoxys|64/100\n|-start|p2a: Deoxys|Salt Cure\n|\n|-damage|p2a: Deoxys|52/100|[from] Salt Cure\n|upkeep\n|turn|23\n|\n|t:|1782543497\n|move|p2a: Deoxys|Psycho Boost|p1a: Garganacl\n|-damage|p1a: Garganacl|55/100\n|-unboost|p2a: Deoxys|spa|2\n|-enditem|p2a: Deoxys|Eject Pack\n|\n|t:|1782543500\n|switch|p2a: Great Tusk|Great Tusk|100/100\n|-damage|p2a: Great Tusk|97/100|[from] Stealth Rock\n|-enditem|p2a: Great Tusk|Booster Energy\n|-activate|p2a: Great Tusk|ability: Protosynthesis|[fromitem]\n|-start|p2a: Great Tusk|protosynthesisspe\n|move|p1a: Garganacl|Salt Cure|p2a: Great Tusk\n|-resisted|p2a: Great Tusk\n|-damage|p2a: Great Tusk|95/100\n|-start|p2a: Great Tusk|Salt Cure\n|\n|-damage|p2a: Great Tusk|83/100|[from] Salt Cure\n|upkeep\n|turn|24\n|\n|t:|1782543505\n|move|p2a: Great Tusk|Bulk Up|p2a: Great Tusk\n|-boost|p2a: Great Tusk|atk|1\n|-boost|p2a: Great Tusk|def|1\n|move|p1a: Garganacl|Recover|p1a: Garganacl\n|-heal|p1a: Garganacl|100/100\n|\n|-damage|p2a: Great Tusk|70/100|[from] Salt Cure\n|upkeep\n|turn|25\n|\n|t:|1782543515\n|move|p2a: Great Tusk|Bulk Up|p2a: Great Tusk\n|-boost|p2a: Great Tusk|atk|1\n|-boost|p2a: Great Tusk|def|1\n|move|p1a: Garganacl|Salt Cure|p2a: Great Tusk\n|-resisted|p2a: Great Tusk\n|-damage|p2a: Great Tusk|70/100\n|\n|-damage|p2a: Great Tusk|57/100|[from] Salt Cure\n|upkeep\n|turn|26\n|\n|t:|1782543521\n|move|p2a: Great Tusk|Taunt|p1a: Garganacl\n|-start|p1a: Garganacl|move: Taunt\n|move|p1a: Garganacl|Salt Cure|p2a: Great Tusk\n|-resisted|p2a: Great Tusk\n|-damage|p2a: Great Tusk|56/100\n|\n|-damage|p2a: Great Tusk|43/100|[from] Salt Cure\n|upkeep\n|turn|27\n|\n|t:|1782543523\n|switch|p1a: Meowscarada|Meowscarada, F|42/100\n|move|p2a: Great Tusk|Headlong Rush|p1a: Meowscarada\n|-resisted|p1a: Meowscarada\n|-damage|p1a: Meowscarada|0 fnt\n|-unboost|p2a: Great Tusk|def|1\n|-unboost|p2a: Great Tusk|spd|1\n|faint|p1a: Meowscarada\n|\n|-damage|p2a: Great Tusk|31/100|[from] Salt Cure\n|upkeep\n|\n|t:|1782543526\n|switch|p1a: Garganacl|Garganacl, F, tera:Fairy|100/100\n|turn|28\n|\n|t:|1782543530\n|move|p2a: Great Tusk|Headlong Rush|p1a: Garganacl\n|-damage|p1a: Garganacl|28/100\n|-unboost|p2a: Great Tusk|def|1\n|-unboost|p2a: Great Tusk|spd|1\n|move|p1a: Garganacl|Salt Cure|p2a: Great Tusk\n|-resisted|p2a: Great Tusk\n|-damage|p2a: Great Tusk|29/100\n|\n|-damage|p2a: Great Tusk|16/100|[from] Salt Cure\n|upkeep\n|turn|29\n|\n|t:|1782543534\n|move|p1a: Garganacl|Protect|p1a: Garganacl\n|-singleturn|p1a: Garganacl|Protect\n|move|p2a: Great Tusk|Headlong Rush|p1a: Garganacl\n|-activate|p1a: Garganacl|move: Protect\n|\n|-damage|p2a: Great Tusk|4/100|[from] Salt Cure\n|upkeep\n|turn|30\n|\n|t:|1782543544\n|move|p2a: Great Tusk|Headlong Rush|p1a: Garganacl\n|-damage|p1a: Garganacl|0 fnt\n|-unboost|p2a: Great Tusk|def|1\n|-unboost|p2a: Great Tusk|spd|1\n|faint|p1a: Garganacl\n|\n|-damage|p2a: Great Tusk|0 fnt|[from] Salt Cure\n|faint|p2a: Great Tusk\n|-end|p2a: Great Tusk|Protosynthesis|[silent]\n|upkeep\n|\n|t:|1782543547\n|switch|p2a: Deoxys|Deoxys-Speed|52/100\n|switch|p1a: Gholdengo|Gholdengo|78/100\n|-damage|p2a: Deoxys|40/100|[from] Stealth Rock\n|-ability|p2a: Deoxys|Pressure\n|turn|31\n|\n|t:|1782543549\n|move|p2a: Deoxys|Knock Off|p1a: Gholdengo\n|-supereffective|p1a: Gholdengo\n|-damage|p1a: Gholdengo|18/100\n|-enditem|p1a: Gholdengo|Choice Scarf|[from] move: Knock Off|[of] p2a: Deoxys\n|move|p1a: Gholdengo|Shadow Ball|p2a: Deoxys\n|-supereffective|p2a: Deoxys\n|-damage|p2a: Deoxys|0 fnt\n|faint|p2a: Deoxys\n|\n|win|TheCollageDropout\n|raw|TheCollageDropout's rating: 1543 &rarr; <strong>1563</strong><br />(+20 for winning)\n|raw|Sovereeign's rating: 1549 &rarr; <strong>1529</strong><br />(-20 for losing)\n", "uploadtime": 1782543550, "views": 10, "formatid": "gen9ou", "rating": 1529, "private": 0, "password": null}