{"id": "gen9ou-2639220439", "format": "[Gen 9] OU", "players": ["Noamm", "lsa2999"], "log": "|j|☆Noamm\n|j|☆lsa2999\n|inactive|Battle timer is ON: inactive players will automatically lose when time's up.\n|t:|1782436120\n|gametype|singles\n|player|p1|Noamm|gambler|\n|player|p2|lsa2999|101|\n|gen|9\n|tier|[Gen 9] OU\n|rated|Tournament battle\n|rule|HP Percentage Mod: HP is shown in percentages\n|rule|Endless Battle Clause: Forcing endless battles is banned\n|rule|Species Clause: Limit one of each Pokémon\n|rule|OHKO Clause: OHKO moves are banned\n|rule|Evasion Items Clause: Evasion items are banned\n|rule|Evasion Moves Clause: Evasion moves are banned\n|rule|Evasion Abilities Clause: Evasion abilities are banned\n|rule|Sleep Moves Clause: Sleep-inducing moves are banned\n|clearpoke\n|poke|p1|Lokix, M|\n|poke|p1|Iron Valiant|\n|poke|p1|Alomomola, L99, M|\n|poke|p1|Mandibuzz, F|\n|poke|p1|Great Tusk|\n|poke|p1|Gholdengo|\n|poke|p2|Deoxys-Speed|\n|poke|p2|Zamazenta-*|\n|poke|p2|Ogerpon-Wellspring, F|\n|poke|p2|Gholdengo|\n|poke|p2|Ursaluna, M|\n|poke|p2|Iron Valiant|\n|teampreview\n|inactive|Noamm also wants the timer to be on.\n|c|☆lsa2999|hf\n|c|☆Noamm|U2\n|\n|t:|1782436132\n|teamsize|p1|6\n|teamsize|p2|6\n|start\n|switch|p1a: Faint or Alive|Gholdengo|100/100\n|switch|p2a: Deoxys|Deoxys-Speed|100/100\n|-ability|p2a: Deoxys|Pressure\n|turn|1\n|\n|t:|1782436145\n|move|p2a: Deoxys|Light Screen|p2a: Deoxys\n|-sidestart|p2: lsa2999|move: Light Screen\n|move|p1a: Faint or Alive|Shadow Ball|p2a: Deoxys\n|-supereffective|p2a: Deoxys\n|-damage|p2a: Deoxys|45/100\n|\n|upkeep\n|turn|2\n|\n|t:|1782436173\n|move|p2a: Deoxys|Reflect|p2a: Deoxys\n|-sidestart|p2: lsa2999|Reflect\n|move|p1a: Faint or Alive|Shadow Ball|p2a: Deoxys\n|-supereffective|p2a: Deoxys\n|-damage|p2a: Deoxys|0 fnt\n|faint|p2a: Deoxys\n|\n|upkeep\n|\n|t:|1782436190\n|switch|p2a: Ogerpon|Ogerpon-Wellspring, F|100/100\n|turn|3\n|\n|t:|1782436210\n|switch|p1a: WhoCouldBeMyMother|Mandibuzz, F|100/100\n|move|p2a: Ogerpon|Swords Dance|p2a: Ogerpon\n|-boost|p2a: Ogerpon|atk|2\n|\n|upkeep\n|turn|4\n|inactive|lsa2999 has 120 seconds left.\n|\n|t:|1782436241\n|move|p2a: Ogerpon|Ivy Cudgel|p1a: WhoCouldBeMyMother|[anim] Ivy Cudgel Water\n|-damage|p1a: WhoCouldBeMyMother|42/100\n|move|p1a: WhoCouldBeMyMother|Defog|p2a: Ogerpon\n|-unboost|p2a: Ogerpon|evasion|1\n|-sideend|p2: lsa2999|Reflect\n|-sideend|p2: lsa2999|move: Light Screen\n|\n|upkeep\n|turn|5\n|\n|t:|1782436247\n|move|p2a: Ogerpon|Ivy Cudgel|p1a: WhoCouldBeMyMother|[anim] Ivy Cudgel Water\n|-damage|p1a: WhoCouldBeMyMother|0 fnt\n|faint|p1a: WhoCouldBeMyMother\n|\n|upkeep\n|\n|t:|1782436256\n|switch|p1a: lens tinting over|Lokix, M, shiny|100/100\n|turn|6\n|\n|t:|1782436262\n|-terastallize|p2a: Ogerpon|Water\n|detailschange|p2a: Ogerpon|Ogerpon-Wellspring-Tera, F, tera:Water\n|-ability|p2a: Ogerpon|Embody Aspect (Wellspring)|boost\n|-boost|p2a: Ogerpon|spd|1\n|-terastallize|p1a: lens tinting over|Bug\n|move|p1a: lens tinting over|First Impression|p2a: Ogerpon\n|-damage|p2a: Ogerpon|9/100\n|move|p2a: Ogerpon|Ivy Cudgel|p1a: lens tinting over|[anim] Ivy Cudgel Water\n|-damage|p1a: lens tinting over|0 fnt\n|faint|p1a: lens tinting over\n|\n|upkeep\n|\n|t:|1782436268\n|switch|p1a: WinJustiφ'sThePlay|Iron Valiant, shiny|100/100\n|turn|7\n|\n|t:|1782436277\n|move|p1a: WinJustiφ'sThePlay|Moonblast|p2a: Ogerpon\n|-damage|p2a: Ogerpon|0 fnt\n|faint|p2a: Ogerpon\n|detailschange|p2: Ogerpon|Ogerpon-Wellspring, F|[silent]\n|\n|upkeep\n|\n|t:|1782436280\n|switch|p2a: Gholdengo|Gholdengo|100/100\n|-item|p2a: Gholdengo|Air Balloon\n|turn|8\n|c|☆Noamm|Hp woger is crazy\n|c|☆lsa2999|lol\n|c|☆lsa2999|i didnt build the team so idrk the sets either\n|\n|t:|1782436300\n|-end|p1a: WinJustiφ'sThePlay|Quark Drive|[silent]\n|switch|p1a: TIME OUT|Alomomola, L99, M|100/100\n|move|p2a: Gholdengo|Hex|p1a: TIME OUT\n|-damage|p1a: TIME OUT|85/100\n|\n|upkeep\n|turn|9\n|\n|t:|1782436307\n|move|p2a: Gholdengo|Thunder Wave|p1a: TIME OUT\n|-status|p1a: TIME OUT|par\n|move|p1a: TIME OUT|Flip Turn|p2a: Gholdengo\n|-damage|p2a: Gholdengo|90/100\n|-enditem|p2a: Gholdengo|Air Balloon\n|\n|t:|1782436308\n|switch|p1a: STANDING BY|Great Tusk|100/100|[from] Flip Turn\n|\n|upkeep\n|turn|10\n|\n|t:|1782436316\n|switch|p2a: Zamazenta|Zamazenta|100/100\n|-ability|p2a: Zamazenta|Dauntless Shield|boost\n|-boost|p2a: Zamazenta|def|1\n|move|p1a: STANDING BY|Headlong Rush|p2a: Zamazenta\n|-crit|p2a: Zamazenta\n|-damage|p2a: Zamazenta|31/100\n|-unboost|p1a: STANDING BY|def|1\n|-unboost|p1a: STANDING BY|spd|1\n|\n|-heal|p2a: Zamazenta|37/100|[from] item: Leftovers\n|upkeep\n|turn|11\n|\n|t:|1782436323\n|-end|p1a: STANDING BY|Protosynthesis|[silent]\n|switch|p1a: Faint or Alive|Gholdengo|100/100\n|move|p2a: Zamazenta|Iron Defense|p2a: Zamazenta\n|-boost|p2a: Zamazenta|def|2\n|\n|-heal|p2a: Zamazenta|43/100|[from] item: Leftovers\n|upkeep\n|turn|12\n|\n|t:|1782436326\n|move|p1a: Faint or Alive|Make It Rain|p2a: Zamazenta\n|-damage|p2a: Zamazenta|0 fnt\n|-unboost|p1a: Faint or Alive|spa|1\n|faint|p2a: Zamazenta\n|\n|upkeep\n|\n|t:|1782436347\n|switch|p2a: Ursaluna|Ursaluna, M|100/100\n|turn|13\n|\n|t:|1782436355\n|switch|p1a: STANDING BY|Great Tusk|100/100\n|move|p2a: Ursaluna|Swords Dance|p2a: Ursaluna\n|-boost|p2a: Ursaluna|atk|2\n|\n|-status|p2a: Ursaluna|brn|[from] item: Flame Orb\n|upkeep\n|turn|14\n|\n|t:|1782436357\n|move|p1a: STANDING BY|Headlong Rush|p2a: Ursaluna\n|-damage|p2a: Ursaluna|52/100 brn\n|-unboost|p1a: STANDING BY|def|1\n|-unboost|p1a: STANDING BY|spd|1\n|move|p2a: Ursaluna|Facade|p1a: STANDING BY\n|-damage|p1a: STANDING BY|0 fnt\n|faint|p1a: STANDING BY\n|-end|p1a: STANDING BY|Protosynthesis|[silent]\n|\n|-damage|p2a: Ursaluna|46/100 brn|[from] brn\n|upkeep\n|\n|t:|1782436362\n|switch|p1a: WinJustiφ'sThePlay|Iron Valiant, shiny|100/100\n|turn|15\n|\n|t:|1782436367\n|switch|p2a: Gholdengo|Gholdengo|90/100\n|move|p1a: WinJustiφ'sThePlay|Moonblast|p2a: Gholdengo\n|-resisted|p2a: Gholdengo\n|-damage|p2a: Gholdengo|54/100\n|\n|upkeep\n|turn|16\n|\n|t:|1782436372\n|-end|p1a: WinJustiφ'sThePlay|Quark Drive|[silent]\n|switch|p1a: TIME OUT|Alomomola, L99, M|100/100 par\n|switch|p2a: Ursaluna|Ursaluna, M|46/100 brn\n|\n|-damage|p2a: Ursaluna|40/100 brn|[from] brn\n|upkeep\n|turn|17\n|\n|t:|1782436377\n|move|p2a: Ursaluna|Headlong Rush|p1a: TIME OUT\n|-damage|p1a: TIME OUT|37/100 par\n|-unboost|p2a: Ursaluna|def|1\n|-unboost|p2a: Ursaluna|spd|1\n|move|p1a: TIME OUT|Flip Turn|p2a: Ursaluna\n|-supereffective|p2a: Ursaluna\n|-damage|p2a: Ursaluna|2/100 brn\n|\n|t:|1782436380\n|switch|p1a: Faint or Alive|Gholdengo|100/100|[from] Flip Turn\n|\n|-damage|p2a: Ursaluna|0 fnt|[from] brn\n|faint|p2a: Ursaluna\n|upkeep\n|\n|t:|1782436392\n|switch|p2a: Gholdengo|Gholdengo|54/100\n|turn|18\n|\n|t:|1782436402\n|move|p1a: Faint or Alive|Shadow Ball|p2a: Gholdengo\n|-supereffective|p2a: Gholdengo\n|-damage|p2a: Gholdengo|0 fnt\n|faint|p2a: Gholdengo\n|\n|upkeep\n|\n|t:|1782436405\n|switch|p2a: Iron Valiant|Iron Valiant|100/100\n|-enditem|p2a: Iron Valiant|Booster Energy\n|-activate|p2a: Iron Valiant|ability: Quark Drive|[fromitem]\n|-start|p2a: Iron Valiant|quarkdrivespe\n|turn|19\n|\n|t:|1782436406\n|move|p2a: Iron Valiant|Calm Mind|p2a: Iron Valiant\n|-boost|p2a: Iron Valiant|spa|1\n|-boost|p2a: Iron Valiant|spd|1\n|move|p1a: Faint or Alive|Shadow Ball|p2a: Iron Valiant\n|-damage|p2a: Iron Valiant|47/100\n|-unboost|p2a: Iron Valiant|spd|1\n|\n|upkeep\n|turn|20\n|\n|t:|1782436410\n|move|p2a: Iron Valiant|Shadow Ball|p1a: Faint or Alive\n|-supereffective|p1a: Faint or Alive\n|-damage|p1a: Faint or Alive|4/100\n|move|p1a: Faint or Alive|Shadow Ball|p2a: Iron Valiant\n|-damage|p2a: Iron Valiant|0 fnt\n|faint|p2a: Iron Valiant\n|-end|p2a: Iron Valiant|Quark Drive|[silent]\n|\n|win|Noamm\n|n|☆Noamm|noamm\n|n|☆lsa2999|lsa2999\n|c|☆lsa2999|ggs\n|c|☆Noamm|Gg\n|l|☆Noamm\n|player|p1|\n|l|☆lsa2999\n|player|p2|\n|j|☆lsa2999\n|player|p2|lsa2999|101|\n", "uploadtime": 1782436583, "views": 19, "formatid": "gen9ou", "rating": null, "private": 0, "password": null}