{"id": "gen9ou-2540420812", "format": "[Gen 9] OU", "players": ["Arboks Fangs", "Igoodnamename"], "log": "|j|‽Arboks Fangs\n|j|☆Igoodnamename\n|t:|1771199895\n|gametype|singles\n|player|p1|Arboks Fangs|fantina|1639\n|player|p2|Igoodnamename|darach-caitlin|1599\n|gen|9\n|tier|[Gen 9] OU\n|rated|\n|rule|HP Percentage Mod: HP is shown in percentages\n|rule|Endless Battle Clause: Forcing endless battles is banned\n|rule|Species Clause: Limit one of each Pokémon\n|rule|OHKO Clause: OHKO moves are banned\n|rule|Evasion Items Clause: Evasion items are banned\n|rule|Evasion Moves Clause: Evasion moves are banned\n|rule|Evasion Abilities Clause: Evasion abilities are banned\n|rule|Sleep Moves Clause: Sleep-inducing moves are banned\n|clearpoke\n|poke|p1|Ninetales-Alola, M|\n|poke|p1|Klefki, M|\n|poke|p1|Maushold-Four|\n|poke|p1|Latias, F|\n|poke|p1|Okidogi, M|\n|poke|p1|Kyurem|\n|poke|p2|Kyurem|\n|poke|p2|Hatterene, F|\n|poke|p2|Cinderace, M|\n|poke|p2|Alomomola, M|\n|poke|p2|Ting-Lu|\n|poke|p2|Ditto|\n|teampreview\n|inactive|Battle timer is ON: inactive players will automatically lose when time's up. (requested by Arboks Fangs)\n|\n|t:|1771199903\n|teamsize|p1|6\n|teamsize|p2|6\n|start\n|switch|p1a: Klefki|Klefki, M|100/100\n|switch|p2a: Kyurem|Kyurem|100/100\n|-ability|p2a: Kyurem|Pressure\n|turn|1\n|\n|t:|1771199906\n|move|p1a: Klefki|Light Screen|p1a: Klefki\n|-sidestart|p1: Arboks Fangs|move: Light Screen\n|move|p2a: Kyurem|Earth Power|p1a: Klefki\n|-supereffective|p1a: Klefki\n|-damage|p1a: Klefki|68/100\n|\n|upkeep\n|turn|2\n|j| Nikator98\n|\n|t:|1771199916\n|-terastallize|p2a: Kyurem|Ground\n|move|p1a: Klefki|Thunder Wave|p2a: Kyurem\n|-immune|p2a: Kyurem\n|move|p2a: Kyurem|Substitute|p2a: Kyurem\n|-start|p2a: Kyurem|Substitute\n|-damage|p2a: Kyurem|75/100\n|\n|-heal|p2a: Kyurem|82/100|[from] item: Leftovers\n|upkeep\n|turn|3\n|\n|t:|1771199920\n|switch|p1a: Ninetales|Ninetales-Alola, M|100/100\n|-weather|Snowscape|[from] ability: Snow Warning|[of] p1a: Ninetales\n|move|p2a: Kyurem|Earth Power|p1a: Ninetales\n|-damage|p1a: Ninetales|76/100\n|\n|-weather|Snowscape|[upkeep]\n|-heal|p2a: Kyurem|88/100|[from] item: Leftovers\n|upkeep\n|turn|4\n|\n|t:|1771199927\n|move|p1a: Ninetales|Aurora Veil|p1a: Ninetales\n|-sidestart|p1: Arboks Fangs|move: Aurora Veil\n|move|p2a: Kyurem|Freeze-Dry|p1a: Ninetales\n|-resisted|p1a: Ninetales\n|-damage|p1a: Ninetales|67/100\n|\n|-weather|Snowscape|[upkeep]\n|-heal|p2a: Kyurem|94/100|[from] item: Leftovers\n|upkeep\n|turn|5\n|\n|t:|1771199932\n|move|p1a: Ninetales|Encore|p2a: Kyurem\n|-start|p2a: Kyurem|Encore\n|move|p2a: Kyurem|Freeze-Dry|p1a: Ninetales\n|-resisted|p1a: Ninetales\n|-damage|p1a: Ninetales|57/100\n|\n|-weather|Snowscape|[upkeep]\n|-heal|p2a: Kyurem|99/100|[from] item: Leftovers\n|upkeep\n|turn|6\n|\n|t:|1771199938\n|switch|p1a: Kyurem|Kyurem, shiny|100/100\n|-ability|p1a: Kyurem|Pressure\n|switch|p2a: Cinderace|Cinderace, M|100/100\n|\n|-weather|Snowscape|[upkeep]\n|upkeep\n|turn|7\n|\n|t:|1771199950\n|move|p2a: Cinderace|Court Change|p2a: Cinderace\n|-swapsideconditions\n|-activate|p2a: Cinderace|move: Court Change\n|move|p1a: Kyurem|Dragon Dance|p1a: Kyurem\n|-boost|p1a: Kyurem|atk|1\n|-boost|p1a: Kyurem|spe|1\n|\n|-weather|none\n|upkeep\n|turn|8\n|\n|t:|1771199967\n|switch|p1a: Latias|Latias, F|100/100\n|move|p2a: Cinderace|Will-O-Wisp|p1a: Latias\n|-status|p1a: Latias|brn\n|\n|-damage|p1a: Latias|95/100 brn|[from] brn\n|-sideend|p2: Igoodnamename|move: Light Screen\n|upkeep\n|turn|9\n|l| Nikator98\n|\n|t:|1771199977\n|move|p2a: Cinderace|U-turn|p1a: Latias\n|-supereffective|p1a: Latias\n|-damage|p1a: Latias|60/100 brn\n|-enditem|p1a: Latias|Weakness Policy\n|-boost|p1a: Latias|atk|2|[from] item: Weakness Policy\n|-boost|p1a: Latias|spa|2|[from] item: Weakness Policy\n|\n|t:|1771199979\n|switch|p2a: Ting-Lu|Ting-Lu|100/100|[from] U-turn\n|-ability|p2a: Ting-Lu|Vessel of Ruin\n|move|p1a: Latias|Calm Mind|p1a: Latias\n|-boost|p1a: Latias|spa|1\n|-boost|p1a: Latias|spd|1\n|\n|-damage|p1a: Latias|54/100 brn|[from] brn\n|upkeep\n|turn|10\n|\n|t:|1771199984\n|move|p1a: Latias|Aura Sphere|p2a: Ting-Lu\n|-supereffective|p2a: Ting-Lu\n|-damage|p2a: Ting-Lu|73/100\n|move|p2a: Ting-Lu|Payback|p1a: Latias\n|-supereffective|p1a: Latias\n|-damage|p1a: Latias|0 fnt\n|faint|p1a: Latias\n|\n|-heal|p2a: Ting-Lu|79/100|[from] item: Leftovers\n|upkeep\n|\n|t:|1771199992\n|switch|p1a: Ninetales|Ninetales-Alola, M|57/100\n|-weather|Snowscape|[from] ability: Snow Warning|[of] p1a: Ninetales\n|turn|11\n|\n|t:|1771199998\n|move|p1a: Ninetales|Aurora Veil|p1a: Ninetales\n|-sidestart|p1: Arboks Fangs|move: Aurora Veil\n|move|p2a: Ting-Lu|Earthquake|p1a: Ninetales\n|-damage|p1a: Ninetales|41/100\n|\n|-weather|Snowscape|[upkeep]\n|-heal|p2a: Ting-Lu|85/100|[from] item: Leftovers\n|-sideend|p2: Igoodnamename|move: Aurora Veil\n|upkeep\n|turn|12\n|\n|t:|1771200004\n|switch|p2a: Cinderace|Cinderace, M|100/100\n|move|p1a: Ninetales|Encore||[still]\n|-fail|p1a: Ninetales\n|\n|-weather|Snowscape|[upkeep]\n|upkeep\n|turn|13\n|\n|t:|1771200006\n|move|p2a: Cinderace|Court Change|p2a: Cinderace\n|-swapsideconditions\n|-activate|p2a: Cinderace|move: Court Change\n|move|p1a: Ninetales|Encore|p2a: Cinderace\n|-start|p2a: Cinderace|Encore\n|\n|-weather|Snowscape|[upkeep]\n|upkeep\n|turn|14\n|\n|t:|1771200012\n|move|p2a: Cinderace|Court Change|p2a: Cinderace\n|-swapsideconditions\n|-activate|p2a: Cinderace|move: Court Change\n|move|p1a: Ninetales|Aurora Veil||[still]\n|-fail|p1a: Ninetales\n|\n|-weather|Snowscape|[upkeep]\n|upkeep\n|turn|15\n|\n|t:|1771200015\n|move|p2a: Cinderace|Court Change|p2a: Cinderace\n|-swapsideconditions\n|-activate|p2a: Cinderace|move: Court Change\n|move|p1a: Ninetales|Aurora Veil|p1a: Ninetales\n|-sidestart|p1: Arboks Fangs|move: Aurora Veil\n|\n|-weather|none\n|upkeep\n|turn|16\n|\n|t:|1771200021\n|switch|p2a: Kyurem|Kyurem, tera:Ground|99/100\n|-ability|p2a: Kyurem|Pressure\n|move|p1a: Ninetales|Misty Terrain|p1a: Ninetales\n|-fieldstart|move: Misty Terrain\n|\n|-heal|p2a: Kyurem|100/100|[from] item: Leftovers\n|upkeep\n|turn|17\n|\n|t:|1771200028\n|switch|p1a: Kyurem|Kyurem, shiny|100/100\n|-ability|p1a: Kyurem|Pressure\n|switch|p2a: Cinderace|Cinderace, M|100/100\n|\n|upkeep\n|turn|18\n|\n|t:|1771200033\n|move|p2a: Cinderace|Pyro Ball|p1a: Kyurem\n|-damage|p1a: Kyurem|77/100\n|move|p1a: Kyurem|Dragon Dance|p1a: Kyurem\n|-boost|p1a: Kyurem|atk|1\n|-boost|p1a: Kyurem|spe|1\n|\n|-sideend|p2: Igoodnamename|move: Aurora Veil\n|upkeep\n|turn|19\n|\n|t:|1771200040\n|switch|p2a: Hatterene|Hatterene, F|100/100\n|move|p1a: Kyurem|Dragon Dance|p1a: Kyurem\n|-boost|p1a: Kyurem|atk|1\n|-boost|p1a: Kyurem|spe|1\n|\n|upkeep\n|turn|20\n|\n|t:|1771200044\n|move|p1a: Kyurem|Icicle Spear|p2a: Hatterene\n|-damage|p2a: Hatterene|76/100\n|-damage|p2a: Hatterene|54/100\n|-damage|p2a: Hatterene|30/100\n|-damage|p2a: Hatterene|5/100\n|-damage|p2a: Hatterene|0 fnt\n|faint|p2a: Hatterene\n|-hitcount|p2: Hatterene|5\n|\n|-fieldend|Misty Terrain\n|upkeep\n|\n|t:|1771200060\n|switch|p2a: Ditto|Ditto|100/100\n|-transform|p2a: Ditto|p1a: Kyurem|[from] ability: Imposter\n|-ability|p2a: Ditto|Pressure\n|turn|21\n|\n|t:|1771200076\n|switch|p2a: Ting-Lu|Ting-Lu|85/100\n|-ability|p2a: Ting-Lu|Vessel of Ruin\n|-terastallize|p1a: Kyurem|Fire\n|move|p1a: Kyurem|Scale Shot|p2a: Ting-Lu\n|-damage|p2a: Ting-Lu|69/100\n|-damage|p2a: Ting-Lu|52/100\n|-damage|p2a: Ting-Lu|37/100\n|-damage|p2a: Ting-Lu|21/100\n|-damage|p2a: Ting-Lu|4/100\n|-hitcount|p2a: Ting-Lu|5\n|-unboost|p1a: Kyurem|def|1\n|-boost|p1a: Kyurem|spe|1\n|\n|-heal|p2a: Ting-Lu|10/100|[from] item: Leftovers\n|upkeep\n|turn|22\n|\n|t:|1771200085\n|move|p1a: Kyurem|Icicle Spear|p2a: Ting-Lu\n|-supereffective|p2a: Ting-Lu\n|-damage|p2a: Ting-Lu|0 fnt\n|faint|p2a: Ting-Lu\n|-hitcount|p2: Ting-Lu|1\n|\n|-sideend|p1: Arboks Fangs|move: Aurora Veil\n|upkeep\n|\n|t:|1771200089\n|switch|p2a: Ditto|Ditto|100/100\n|-transform|p2a: Ditto|p1a: Kyurem|[from] ability: Imposter\n|-ability|p2a: Ditto|Pressure\n|-start|p2a: Ditto|typechange|Dragon/Ice|[silent]\n|turn|23\n|\n|t:|1771200117\n|switch|p1a: Ninetales|Ninetales-Alola, M|41/100\n|-weather|Snowscape|[from] ability: Snow Warning|[of] p1a: Ninetales\n|move|p2a: Ditto|Scale Shot|p1a: Ninetales\n|-immune|p1a: Ninetales\n|\n|-weather|Snowscape|[upkeep]\n|upkeep\n|turn|24\n|\n|t:|1771200126\n|switch|p2a: Cinderace|Cinderace, M|100/100\n|move|p1a: Ninetales|Aurora Veil|p1a: Ninetales\n|-sidestart|p1: Arboks Fangs|move: Aurora Veil\n|\n|-weather|Snowscape|[upkeep]\n|upkeep\n|turn|25\n|\n|t:|1771200128\n|move|p2a: Cinderace|Pyro Ball|p1a: Ninetales\n|-supereffective|p1a: Ninetales\n|-damage|p1a: Ninetales|5/100\n|move|p1a: Ninetales|Encore|p2a: Cinderace\n|-start|p2a: Cinderace|Encore\n|\n|-weather|Snowscape|[upkeep]\n|upkeep\n|turn|26\n|\n|t:|1771200132\n|switch|p1a: Kyurem|Kyurem, shiny, tera:Fire|77/100\n|-ability|p1a: Kyurem|Pressure\n|move|p2a: Cinderace|Pyro Ball|p1a: Kyurem|[miss]\n|-miss|p2a: Cinderace|p1a: Kyurem\n|\n|-weather|Snowscape|[upkeep]\n|upkeep\n|turn|27\n|\n|t:|1771200136\n|switch|p2a: Alomomola|Alomomola, M|100/100\n|move|p1a: Kyurem|Scale Shot|p2a: Alomomola\n|-damage|p2a: Alomomola|91/100\n|-damage|p2a: Alomomola|81/100\n|-damage|p2a: Alomomola|72/100\n|-damage|p2a: Alomomola|62/100\n|-hitcount|p2a: Alomomola|4\n|-unboost|p1a: Kyurem|def|1\n|-boost|p1a: Kyurem|spe|1\n|\n|-weather|none\n|upkeep\n|turn|28\n|\n|t:|1771200145\n|move|p1a: Kyurem|Scale Shot|p2a: Alomomola\n|-damage|p2a: Alomomola|52/100\n|-damage|p2a: Alomomola|42/100\n|-damage|p2a: Alomomola|31/100\n|-damage|p2a: Alomomola|22/100\n|-damage|p2a: Alomomola|13/100\n|-hitcount|p2a: Alomomola|5\n|-unboost|p1a: Kyurem|def|1\n|-boost|p1a: Kyurem|spe|1\n|move|p2a: Alomomola|Body Slam|p1a: Kyurem\n|-damage|p1a: Kyurem|61/100\n|-status|p1a: Kyurem|par\n|\n|upkeep\n|turn|29\n|\n|t:|1771200159\n|switch|p2a: Cinderace|Cinderace, M|100/100\n|move|p1a: Kyurem|Scale Shot|p2a: Cinderace\n|-damage|p2a: Cinderace|82/100\n|-damage|p2a: Cinderace|64/100\n|-damage|p2a: Cinderace|48/100\n|-damage|p2a: Cinderace|30/100\n|-damage|p2a: Cinderace|14/100\n|-hitcount|p2a: Cinderace|5\n|-unboost|p1a: Kyurem|def|1\n|-boost|p1a: Kyurem|spe|1\n|\n|upkeep\n|turn|30\n|\n|t:|1771200168\n|move|p2a: Cinderace|Pyro Ball|p1a: Kyurem\n|-resisted|p1a: Kyurem\n|-damage|p1a: Kyurem|18/100 par\n|cant|p1a: Kyurem|par\n|\n|upkeep\n|turn|31\n|\n|t:|1771200173\n|move|p2a: Cinderace|Pyro Ball|p1a: Kyurem\n|-resisted|p1a: Kyurem\n|-damage|p1a: Kyurem|0 fnt\n|faint|p1a: Kyurem\n|\n|-sideend|p1: Arboks Fangs|move: Aurora Veil\n|upkeep\n|\n|t:|1771200174\n|switch|p1a: Klefki|Klefki, M|68/100\n|turn|32\n|\n|t:|1771200178\n|switch|p2a: Kyurem|Kyurem, tera:Ground|100/100\n|-ability|p2a: Kyurem|Pressure\n|move|p1a: Klefki|Reflect|p1a: Klefki\n|-sidestart|p1: Arboks Fangs|Reflect\n|\n|upkeep\n|turn|33\n|\n|t:|1771200183\n|move|p1a: Klefki|Light Screen|p1a: Klefki\n|-sidestart|p1: Arboks Fangs|move: Light Screen\n|move|p2a: Kyurem|Earth Power|p1a: Klefki\n|-supereffective|p1a: Klefki\n|-damage|p1a: Klefki|17/100\n|\n|upkeep\n|turn|34\n|\n|t:|1771200188\n|move|p1a: Klefki|Spikes|p2a: Kyurem\n|-sidestart|p2: Igoodnamename|Spikes\n|move|p2a: Kyurem|Substitute|p2a: Kyurem\n|-start|p2a: Kyurem|Substitute\n|-damage|p2a: Kyurem|75/100\n|\n|-heal|p2a: Kyurem|82/100|[from] item: Leftovers\n|upkeep\n|turn|35\n|\n|t:|1771200194\n|move|p1a: Klefki|Spikes|p2a: Kyurem\n|-sidestart|p2: Igoodnamename|Spikes\n|move|p2a: Kyurem|Earth Power|p1a: Klefki\n|-supereffective|p1a: Klefki\n|-damage|p1a: Klefki|0 fnt\n|faint|p1a: Klefki\n|\n|-heal|p2a: Kyurem|88/100|[from] item: Leftovers\n|upkeep\n|\n|t:|1771200198\n|switch|p1a: Maushold|Maushold-Four|100/100\n|turn|36\n|\n|t:|1771200202\n|move|p2a: Kyurem|Earth Power|p1a: Maushold\n|-damage|p1a: Maushold|67/100\n|move|p1a: Maushold|Tidy Up|p1a: Maushold\n|-end|p2a: Kyurem|Substitute\n|-sideend|p2: Igoodnamename|Spikes\n|-activate|p1a: Maushold|move: Tidy Up\n|-boost|p1a: Maushold|atk|1\n|-boost|p1a: Maushold|spe|1\n|\n|-heal|p2a: Kyurem|94/100|[from] item: Leftovers\n|upkeep\n|turn|37\n|\n|t:|1771200207\n|move|p1a: Maushold|Population Bomb|p2a: Kyurem\n|-damage|p2a: Kyurem|78/100\n|-damage|p2a: Kyurem|63/100\n|-damage|p2a: Kyurem|45/100\n|-damage|p2a: Kyurem|30/100\n|-damage|p2a: Kyurem|12/100\n|-damage|p2a: Kyurem|0 fnt\n|faint|p2a: Kyurem\n|-hitcount|p2: Kyurem|6\n|\n|upkeep\n|\n|t:|1771200222\n|switch|p2a: Alomomola|Alomomola, M|46/100\n|turn|38\n|\n|t:|1771200224\n|move|p1a: Maushold|Population Bomb|p2a: Alomomola\n|-damage|p2a: Alomomola|34/100\n|-damage|p2a: Alomomola|22/100\n|-damage|p2a: Alomomola|10/100\n|-damage|p2a: Alomomola|0 fnt\n|faint|p2a: Alomomola\n|-hitcount|p2: Alomomola|4\n|\n|upkeep\n|\n|t:|1771200228\n|switch|p2a: Cinderace|Cinderace, M|14/100\n|turn|39\n|\n|t:|1771200231\n|move|p1a: Maushold|Population Bomb|p2a: Cinderace\n|-damage|p2a: Cinderace|0 fnt\n|faint|p2a: Cinderace\n|-hitcount|p2: Cinderace|1\n|\n|-sideend|p1: Arboks Fangs|Reflect\n|upkeep\n|\n|t:|1771200233\n|switch|p2a: Ditto|Ditto|100/100\n|-transform|p2a: Ditto|p1a: Maushold|[from] ability: Imposter\n|turn|40\n|\n|t:|1771200237\n|move|p2a: Ditto|Population Bomb|p1a: Maushold\n|-damage|p1a: Maushold|41/100\n|-damage|p1a: Maushold|17/100\n|-damage|p1a: Maushold|0 fnt\n|faint|p1a: Maushold\n|-hitcount|p1: Maushold|3\n|\n|-sideend|p1: Arboks Fangs|move: Light Screen\n|upkeep\n|\n|t:|1771200239\n|switch|p1a: Ninetales|Ninetales-Alola, M|5/100\n|-weather|Snowscape|[from] ability: Snow Warning|[of] p1a: Ninetales\n|turn|41\n|\n|t:|1771200244\n|move|p2a: Ditto|Population Bomb|p1a: Ninetales\n|-damage|p1a: Ninetales|0 fnt\n|faint|p1a: Ninetales\n|-hitcount|p1: Ninetales|1\n|\n|-weather|Snowscape|[upkeep]\n|upkeep\n|\n|t:|1771200245\n|switch|p1a: Okidogi|Okidogi, M|100/100\n|turn|42\n|\n|t:|1771200250\n|move|p2a: Ditto|Population Bomb|p1a: Okidogi\n|-damage|p1a: Okidogi|86/100\n|-damage|p1a: Okidogi|73/100\n|-damage|p1a: Okidogi|58/100\n|-hitcount|p1a: Okidogi|3\n|move|p1a: Okidogi|Drain Punch|p2a: Ditto\n|-supereffective|p2a: Ditto\n|-damage|p2a: Ditto|0 fnt\n|-heal|p1a: Okidogi|98/100|[from] drain|[of] p2a: Ditto\n|faint|p2a: Ditto\n|\n|win|Arboks Fangs\n|raw|Arboks Fangs's rating: 1639 &rarr; <strong>1657</strong><br />(+18 for winning)\n|raw|Igoodnamename's rating: 1599 &rarr; <strong>1581</strong><br />(-18 for losing)\n|c|☆Igoodnamename|ggs\n|l|☆Igoodnamename\n|player|p2|\n|l|‽Arboks Fangs\n|player|p1|\n", "uploadtime": 1771200392, "views": 15, "formatid": "gen9ou", "rating": 1581, "private": 0, "password": null}