{"id": "gen9ou-2540446131", "format": "[Gen 9] OU", "players": ["ihateclodsire", "mayuhara"], "log": "|j|☆ihateclodsire\n|j|☆mayuhara\n|t:|1771203003\n|gametype|singles\n|player|p1|ihateclodsire|riley|1683\n|player|p2|mayuhara|101|1689\n|gen|9\n|tier|[Gen 9] OU\n|rated|\n|rule|HP Percentage Mod: HP is shown in percentages\n|rule|Endless Battle Clause: Forcing endless battles is banned\n|rule|Species Clause: Limit one of each Pokémon\n|rule|OHKO Clause: OHKO moves are banned\n|rule|Evasion Items Clause: Evasion items are banned\n|rule|Evasion Moves Clause: Evasion moves are banned\n|rule|Evasion Abilities Clause: Evasion abilities are banned\n|rule|Sleep Moves Clause: Sleep-inducing moves are banned\n|clearpoke\n|poke|p1|Pelipper, F|\n|poke|p1|Hatterene, F|\n|poke|p1|Iron Treads|\n|poke|p1|Toxicroak, M|\n|poke|p1|Floatzel, F|\n|poke|p1|Zapdos|\n|poke|p2|Meowscarada, M|\n|poke|p2|Zapdos|\n|poke|p2|Ting-Lu|\n|poke|p2|Slowking-Galar, M|\n|poke|p2|Zamazenta-*|\n|poke|p2|Gholdengo|\n|teampreview\n|inactive|Battle timer is ON: inactive players will automatically lose when time's up. (requested by ihateclodsire)\n|\n|t:|1771203009\n|teamsize|p1|6\n|teamsize|p2|6\n|start\n|switch|p1a: Pelipper|Pelipper, F|100/100\n|switch|p2a: Zapdos|Zapdos|100/100\n|-weather|RainDance|[from] ability: Drizzle|[of] p1a: Pelipper\n|turn|1\n|\n|t:|1771203022\n|switch|p1a: Iron Treads|Iron Treads|100/100\n|move|p2a: Zapdos|Volt Switch|p1a: Iron Treads\n|-immune|p1a: Iron Treads\n|\n|-weather|RainDance|[upkeep]\n|upkeep\n|turn|2\n|\n|t:|1771203031\n|switch|p2a: Zamazenta|Zamazenta|100/100\n|-ability|p2a: Zamazenta|Dauntless Shield|boost\n|-boost|p2a: Zamazenta|def|1\n|move|p1a: Iron Treads|Stealth Rock|p2a: Zamazenta\n|-sidestart|p2: mayuhara|move: Stealth Rock\n|\n|-weather|RainDance|[upkeep]\n|upkeep\n|turn|3\n|\n|t:|1771203035\n|move|p2a: Zamazenta|Stone Edge|p1a: Iron Treads\n|-resisted|p1a: Iron Treads\n|-damage|p1a: Iron Treads|94/100\n|move|p1a: Iron Treads|Volt Switch|p2a: Zamazenta\n|-damage|p2a: Zamazenta|90/100\n|\n|t:|1771203037\n|-end|p1a: Iron Treads|Quark Drive|[silent]\n|switch|p1a: Zapdos|Zapdos|100/100|[from] Volt Switch\n|\n|-weather|RainDance|[upkeep]\n|upkeep\n|turn|4\n|\n|t:|1771203041\n|switch|p2a: Ting-Lu|Ting-Lu|100/100\n|-ability|p2a: Ting-Lu|Vessel of Ruin\n|move|p1a: Zapdos|Hurricane|p2a: Ting-Lu\n|-crit|p2a: Ting-Lu\n|-damage|p2a: Ting-Lu|47/100\n|\n|-weather|RainDance|[upkeep]\n|upkeep\n|turn|5\n|\n|t:|1771203046\n|-terastallize|p1a: Zapdos|Flying\n|move|p1a: Zapdos|Hurricane|p2a: Ting-Lu\n|-damage|p2a: Ting-Lu|0 fnt\n|faint|p2a: Ting-Lu\n|\n|-weather|RainDance|[upkeep]\n|upkeep\n|\n|t:|1771203052\n|switch|p2a: Slowking|Slowking-Galar, M|100/100\n|turn|6\n|\n|t:|1771203055\n|move|p1a: Zapdos|Hurricane|p2a: Slowking\n|-damage|p2a: Slowking|38/100\n|move|p2a: Slowking|Ice Beam|p1a: Zapdos\n|-supereffective|p1a: Zapdos\n|-damage|p1a: Zapdos|48/100\n|\n|-weather|RainDance|[upkeep]\n|upkeep\n|turn|7\n|\n|t:|1771203062\n|switch|p2a: Zapdos|Zapdos|100/100\n|move|p1a: Zapdos|Hurricane|p2a: Zapdos\n|-resisted|p2a: Zapdos\n|-damage|p2a: Zapdos|43/100\n|\n|-weather|RainDance|[upkeep]\n|upkeep\n|turn|8\n|\n|t:|1771203064\n|move|p1a: Zapdos|Hurricane|p2a: Zapdos\n|-resisted|p2a: Zapdos\n|-damage|p2a: Zapdos|0 fnt\n|faint|p2a: Zapdos\n|\n|-weather|none\n|upkeep\n|\n|t:|1771203067\n|switch|p2a: Meowscarada|Meowscarada, M|100/100\n|turn|9\n|j| Noamm\n|\n|t:|1771203075\n|switch|p1a: Pelipper|Pelipper, F|100/100\n|-weather|RainDance|[from] ability: Drizzle|[of] p1a: Pelipper\n|move|p2a: Meowscarada|Knock Off|p1a: Pelipper\n|-start|p2a: Meowscarada|typechange|Dark|[from] ability: Protean\n|-damage|p1a: Pelipper|52/100\n|-enditem|p1a: Pelipper|Damp Rock|[from] move: Knock Off|[of] p2a: Meowscarada\n|\n|-weather|RainDance|[upkeep]\n|upkeep\n|turn|10\n|j| Samurajen\n|\n|t:|1771203086\n|move|p2a: Meowscarada|U-turn|p1a: Pelipper\n|-resisted|p1a: Pelipper\n|-damage|p1a: Pelipper|40/100\n|\n|t:|1771203088\n|switch|p2a: Slowking|Slowking-Galar, M|71/100|[from] U-turn\n|move|p1a: Pelipper|U-turn|p2a: Slowking\n|-damage|p2a: Slowking|62/100\n|\n|t:|1771203096\n|switch|p1a: Zapdos|Zapdos, tera:Flying|48/100|[from] U-turn\n|\n|-weather|RainDance|[upkeep]\n|upkeep\n|turn|11\n|\n|t:|1771203121\n|move|p1a: Zapdos|Hurricane|p2a: Slowking\n|-damage|p2a: Slowking|0 fnt\n|faint|p2a: Slowking\n|\n|-weather|RainDance|[upkeep]\n|upkeep\n|\n|t:|1771203127\n|switch|p2a: Zamazenta|Zamazenta|90/100\n|turn|12\n|\n|t:|1771203129\n|move|p2a: Zamazenta|Stone Edge|p1a: Zapdos\n|-supereffective|p1a: Zapdos\n|-damage|p1a: Zapdos|0 fnt\n|faint|p1a: Zapdos\n|\n|-weather|RainDance|[upkeep]\n|upkeep\n|\n|t:|1771203131\n|switch|p1a: GOATzel|Floatzel, F, shiny|100/100\n|turn|13\n|\n|t:|1771203135\n|move|p1a: GOATzel|Wave Crash|p2a: Zamazenta\n|-damage|p2a: Zamazenta|0 fnt\n|faint|p2a: Zamazenta\n|-damage|p1a: GOATzel|70/100|[from] Recoil\n|\n|-weather|RainDance|[upkeep]\n|upkeep\n|\n|t:|1771203139\n|switch|p2a: Meowscarada|Meowscarada, M|100/100\n|turn|14\n|l| Noamm\n|inactive|ihateclodsire has 120 seconds left.\n|inactive|mayuhara has 120 seconds left.\n|inactive|ihateclodsire has 90 seconds left.\n|\n|t:|1771203200\n|switch|p1a: Need a Frog!?|Toxicroak, M|100/100\n|move|p2a: Meowscarada|Flower Trick|p1a: Need a Frog!?\n|-start|p2a: Meowscarada|typechange|Grass|[from] ability: Protean\n|-resisted|p1a: Need a Frog!?\n|-crit|p1a: Need a Frog!?\n|-damage|p1a: Need a Frog!?|78/100\n|\n|-weather|RainDance|[upkeep]\n|-heal|p1a: Need a Frog!?|90/100|[from] ability: Dry Skin\n|upkeep\n|turn|15\n|\n|t:|1771203210\n|switch|p2a: Gholdengo|Gholdengo|100/100\n|move|p1a: Need a Frog!?|Knock Off|p2a: Gholdengo\n|-supereffective|p2a: Gholdengo\n|-damage|p2a: Gholdengo|48/100\n|-enditem|p2a: Gholdengo|Heavy-Duty Boots|[from] move: Knock Off|[of] p1a: Need a Frog!?\n|\n|-weather|RainDance|[upkeep]\n|-heal|p1a: Need a Frog!?|100/100|[from] ability: Dry Skin\n|upkeep\n|turn|16\n|\n|t:|1771203221\n|switch|p1a: Iron Treads|Iron Treads|94/100\n|move|p2a: Gholdengo|Nasty Plot|p2a: Gholdengo\n|-boost|p2a: Gholdengo|spa|2\n|\n|-weather|none\n|-heal|p1a: Iron Treads|100/100|[from] item: Leftovers\n|upkeep\n|turn|17\n|\n|t:|1771203227\n|-terastallize|p2a: Gholdengo|Fairy\n|move|p2a: Gholdengo|Shadow Ball|p1a: Iron Treads\n|-damage|p1a: Iron Treads|25/100\n|move|p1a: Iron Treads|Earthquake|p2a: Gholdengo\n|-damage|p2a: Gholdengo|8/100\n|\n|-heal|p1a: Iron Treads|31/100|[from] item: Leftovers\n|upkeep\n|turn|18\n|\n|t:|1771203232\n|move|p2a: Gholdengo|Shadow Ball|p1a: Iron Treads\n|-damage|p1a: Iron Treads|0 fnt\n|faint|p1a: Iron Treads\n|-end|p1a: Iron Treads|Quark Drive|[silent]\n|\n|upkeep\n|\n|t:|1771203233\n|switch|p1a: Pelipper|Pelipper, F|40/100\n|-weather|RainDance|[from] ability: Drizzle|[of] p1a: Pelipper\n|turn|19\n|j| Nikator98\n|\n|t:|1771203239\n|move|p2a: Gholdengo|Shadow Ball|p1a: Pelipper\n|-damage|p1a: Pelipper|0 fnt\n|faint|p1a: Pelipper\n|\n|-weather|RainDance|[upkeep]\n|upkeep\n|l| Nikator98\n|\n|t:|1771203241\n|switch|p1a: GOATzel|Floatzel, F, shiny|70/100\n|turn|20\n|\n|t:|1771203262\n|switch|p2a: Meowscarada|Meowscarada, M|100/100\n|move|p1a: GOATzel|Ice Spinner|p2a: Meowscarada\n|-supereffective|p2a: Meowscarada\n|-damage|p2a: Meowscarada|0 fnt\n|faint|p2a: Meowscarada\n|\n|-weather|RainDance|[upkeep]\n|upkeep\n|-message|mayuhara forfeited.\n|\n|win|ihateclodsire\n|raw|ihateclodsire's rating: 1683 &rarr; <strong>1703</strong><br />(+20 for winning)\n|raw|mayuhara's rating: 1689 &rarr; <strong>1669</strong><br />(-20 for losing)\n|l|☆mayuhara\n|player|p2|\n|j| Nikator98\n|l| Nikator98\n", "uploadtime": 1771203299, "views": 19, "formatid": "gen9ou", "rating": 1669, "private": 0, "password": null}