{"id": "gen9ou-2639294538", "format": "[Gen 9] OU", "players": ["rblt ryo", "tonyrayyy"], "log": "|j|☆rblt ryo\n|j|☆tonyrayyy\n|t:|1782447582\n|gametype|singles\n|player|p1|rblt ryo|grimsley-gen7|1736\n|player|p2|tonyrayyy|101|1745\n|gen|9\n|tier|[Gen 9] OU\n|rated|\n|rule|HP Percentage Mod: HP is shown in percentages\n|rule|Endless Battle Clause: Forcing endless battles is banned\n|rule|Species Clause: Limit one of each Pokémon\n|rule|OHKO Clause: OHKO moves are banned\n|rule|Evasion Items Clause: Evasion items are banned\n|rule|Evasion Moves Clause: Evasion moves are banned\n|rule|Evasion Abilities Clause: Evasion abilities are banned\n|rule|Sleep Moves Clause: Sleep-inducing moves are banned\n|clearpoke\n|poke|p1|Slowking-Galar, F|\n|poke|p1|Ogerpon-Wellspring, F|\n|poke|p1|Mandibuzz, F|\n|poke|p1|Great Tusk|\n|poke|p1|Kyurem|\n|poke|p1|Cinderace, F|\n|poke|p2|Samurott-Hisui, M|\n|poke|p2|Zapdos|\n|poke|p2|Gholdengo|\n|poke|p2|Kingambit, M|\n|poke|p2|Slowking-Galar, M|\n|poke|p2|Great Tusk|\n|teampreview\n|\n|t:|1782447595\n|teamsize|p1|6\n|teamsize|p2|6\n|start\n|switch|p1a: Great Tusk|Great Tusk|100/100\n|switch|p2a: Samurott|Samurott-Hisui, M|100/100\n|turn|1\n|\n|t:|1782447600\n|-end|p1a: Great Tusk|Protosynthesis|[silent]\n|switch|p1a: Kyurem|Kyurem|100/100\n|-ability|p1a: Kyurem|Pressure\n|switch|p2a: Zapdos|Zapdos|100/100\n|\n|upkeep\n|turn|2\n|j| dsekop\n|l| dsekop\n|\n|t:|1782447620\n|switch|p2a: Slowking|Slowking-Galar, M|100/100\n|-terastallize|p1a: Kyurem|Ice\n|move|p1a: Kyurem|Ice Beam|p2a: Slowking\n|-damage|p2a: Slowking|45/100\n|\n|upkeep\n|turn|3\n|\n|t:|1782447647\n|switch|p1a: Great Tusk|Great Tusk|100/100\n|switch|p2a: Samurott|Samurott-Hisui, M|100/100\n|\n|upkeep\n|turn|4\n|\n|t:|1782447654\n|-end|p1a: Great Tusk|Protosynthesis|[silent]\n|switch|p1a: Kyurem|Kyurem, tera:Ice|100/100\n|-ability|p1a: Kyurem|Pressure\n|switch|p2a: Zapdos|Zapdos|100/100\n|\n|upkeep\n|turn|5\n|\n|t:|1782447666\n|switch|p2a: Slowking|Slowking-Galar, M|78/100\n|move|p1a: Kyurem|Ice Beam|p2a: Slowking\n|-damage|p2a: Slowking|23/100\n|\n|upkeep\n|turn|6\n|\n|t:|1782447670\n|switch|p2a: Samurott|Samurott-Hisui, M|100/100\n|move|p1a: Kyurem|Ice Beam|p2a: Samurott\n|-resisted|p2a: Samurott\n|-damage|p2a: Samurott|27/100\n|\n|upkeep\n|turn|7\n|\n|t:|1782447693\n|move|p2a: Samurott|Ceaseless Edge|p1a: Kyurem\n|-damage|p1a: Kyurem|55/100\n|-sidestart|p1: rblt ryo|Spikes\n|move|p1a: Kyurem|Ice Beam|p2a: Samurott\n|-resisted|p2a: Samurott\n|-damage|p2a: Samurott|0 fnt\n|faint|p2a: Samurott\n|\n|upkeep\n|\n|t:|1782447701\n|switch|p2a: Gholdengo|Gholdengo|100/100\n|-item|p2a: Gholdengo|Air Balloon\n|turn|8\n|\n|t:|1782447706\n|switch|p1a: Cinderace|Cinderace, F|100/100\n|move|p2a: Gholdengo|Shadow Ball|p1a: Cinderace\n|-damage|p1a: Cinderace|38/100\n|\n|upkeep\n|turn|9\n|j| thing maker\n|\n|t:|1782447712\n|switch|p2a: Zapdos|Zapdos|100/100\n|move|p1a: Cinderace|Pyro Ball|p2a: Zapdos\n|-damage|p2a: Zapdos|57/100\n|\n|upkeep\n|turn|10\n|\n|t:|1782447717\n|move|p1a: Cinderace|Court Change|p1a: Cinderace\n|-start|p1a: Cinderace|typechange|Normal|[from] ability: Libero\n|-swapsideconditions\n|-activate|p1a: Cinderace|move: Court Change\n|move|p2a: Zapdos|Volt Switch|p1a: Cinderace\n|-damage|p1a: Cinderace|0 fnt\n|faint|p1a: Cinderace\n|\n|t:|1782447726\n|switch|p2a: Slowking|Slowking-Galar, M|56/100|[from] Volt Switch\n|\n|upkeep\n|\n|t:|1782447736\n|switch|p1a: Slowking|Slowking-Galar, F|100/100\n|turn|11\n|\n|t:|1782447744\n|-prepare|p2a: Slowking|Chilly Reception|[premajor]\n|move|p2a: Slowking|Chilly Reception|p2a: Slowking\n|-weather|Snowscape\n|\n|t:|1782447751\n|switch|p2a: Zapdos|Zapdos|57/100|[from] Chilly Reception\n|move|p1a: Slowking|Future Sight|p2a: Zapdos\n|-start|p1a: Slowking|move: Future Sight\n|\n|-weather|Snowscape|[upkeep]\n|upkeep\n|turn|12\n|\n|t:|1782447756\n|move|p2a: Zapdos|Volt Switch|p1a: Slowking\n|-damage|p1a: Slowking|78/100\n|\n|t:|1782447759\n|switch|p2a: Slowking|Slowking-Galar, M|89/100|[from] Volt Switch\n|-prepare|p1a: Slowking|Chilly Reception|[premajor]\n|move|p1a: Slowking|Chilly Reception|p1a: Slowking\n|\n|t:|1782447776\n|switch|p1a: Great Tusk|Great Tusk|100/100|[from] Chilly Reception\n|\n|-weather|Snowscape|[upkeep]\n|upkeep\n|turn|13\n|\n|t:|1782447786\n|-end|p1a: Great Tusk|Protosynthesis|[silent]\n|switch|p1a: Slowking|Slowking-Galar, F|100/100\n|switch|p2a: Zapdos|Zapdos|57/100\n|\n|-weather|Snowscape|[upkeep]\n|-end|p2a: Zapdos|move: Future Sight\n|-damage|p2a: Zapdos|14/100\n|upkeep\n|turn|14\n|\n|t:|1782447794\n|move|p2a: Zapdos|Roost|p2a: Zapdos\n|-heal|p2a: Zapdos|64/100\n|-singleturn|p2a: Zapdos|move: Roost\n|move|p1a: Slowking|Sludge Bomb|p2a: Zapdos\n|-damage|p2a: Zapdos|31/100\n|\n|-weather|Snowscape|[upkeep]\n|upkeep\n|turn|15\n|\n|t:|1782447802\n|move|p2a: Zapdos|Roost|p2a: Zapdos\n|-heal|p2a: Zapdos|81/100\n|-singleturn|p2a: Zapdos|move: Roost\n|-prepare|p1a: Slowking|Chilly Reception|[premajor]\n|move|p1a: Slowking|Chilly Reception|p1a: Slowking\n|\n|t:|1782447804\n|switch|p1a: Kyurem|Kyurem, tera:Ice|55/100|[from] Chilly Reception\n|-ability|p1a: Kyurem|Pressure\n|\n|-weather|none\n|upkeep\n|turn|16\n|\n|t:|1782447819\n|switch|p2a: Slowking|Slowking-Galar, M|100/100\n|move|p1a: Kyurem|Ice Beam|p2a: Slowking\n|-damage|p2a: Slowking|43/100\n|\n|upkeep\n|turn|17\n|\n|t:|1782447844\n|switch|p1a: Slowking|Slowking-Galar, F|100/100\n|switch|p2a: Gholdengo|Gholdengo|100/100\n|-item|p2a: Gholdengo|Air Balloon\n|\n|upkeep\n|turn|18\n|\n|t:|1782447858\n|move|p2a: Gholdengo|Nasty Plot|p2a: Gholdengo\n|-boost|p2a: Gholdengo|spa|2\n|-prepare|p1a: Slowking|Chilly Reception|[premajor]\n|move|p1a: Slowking|Chilly Reception|p1a: Slowking\n|-weather|Snowscape\n|\n|t:|1782447864\n|switch|p1a: Ogerpon|Ogerpon-Wellspring, F|100/100|[from] Chilly Reception\n|\n|-weather|Snowscape|[upkeep]\n|upkeep\n|turn|19\n|\n|t:|1782447872\n|move|p1a: Ogerpon|Ivy Cudgel|p2a: Gholdengo|[anim] Ivy Cudgel Water\n|-damage|p2a: Gholdengo|47/100\n|-enditem|p2a: Gholdengo|Air Balloon\n|move|p2a: Gholdengo|Shadow Ball|p1a: Ogerpon\n|-damage|p1a: Ogerpon|9/100\n|\n|-weather|Snowscape|[upkeep]\n|upkeep\n|turn|20\n|\n|t:|1782447891\n|switch|p2a: Zapdos|Zapdos|81/100\n|move|p1a: Ogerpon|Ivy Cudgel|p2a: Zapdos|[anim] Ivy Cudgel Water\n|-damage|p2a: Zapdos|42/100\n|\n|-weather|Snowscape|[upkeep]\n|upkeep\n|turn|21\n|\n|t:|1782447905\n|switch|p1a: Kyurem|Kyurem, tera:Ice|55/100\n|-ability|p1a: Kyurem|Pressure\n|move|p2a: Zapdos|Thunder Wave|p1a: Kyurem\n|-status|p1a: Kyurem|par\n|\n|-weather|Snowscape|[upkeep]\n|upkeep\n|turn|22\n|j| firecharmander004\n|\n|t:|1782447916\n|move|p2a: Zapdos|Hurricane|p1a: Kyurem\n|-damage|p1a: Kyurem|15/100 par\n|-start|p1a: Kyurem|confusion\n|-activate|p1a: Kyurem|confusion\n|move|p1a: Kyurem|Ice Beam|p2a: Zapdos\n|-supereffective|p2a: Zapdos\n|-damage|p2a: Zapdos|0 fnt\n|faint|p2a: Zapdos\n|\n|-weather|none\n|upkeep\n|\n|t:|1782447926\n|switch|p2a: Great Tusk|Great Tusk|100/100\n|turn|23\n|\n|t:|1782447940\n|switch|p1a: Slowking|Slowking-Galar, F|100/100\n|move|p2a: Great Tusk|Stealth Rock|p1a: Slowking\n|-sidestart|p1: rblt ryo|move: Stealth Rock\n|\n|upkeep\n|turn|24\n|\n|t:|1782447959\n|-end|p2a: Great Tusk|Protosynthesis|[silent]\n|switch|p2a: Slowking|Slowking-Galar, M|76/100\n|move|p1a: Slowking|Ice Beam|p2a: Slowking\n|-damage|p2a: Slowking|61/100\n|\n|upkeep\n|turn|25\n|\n|t:|1782447969\n|move|p2a: Slowking|Future Sight|p1a: Slowking\n|-start|p2a: Slowking|move: Future Sight\n|move|p1a: Slowking|Ice Beam|p2a: Slowking\n|-damage|p2a: Slowking|49/100\n|\n|upkeep\n|turn|26\n|\n|t:|1782447979\n|-prepare|p2a: Slowking|Chilly Reception|[premajor]\n|move|p2a: Slowking|Chilly Reception|p2a: Slowking\n|-weather|Snowscape\n|\n|t:|1782447982\n|switch|p2a: Gholdengo|Gholdengo|47/100|[from] Chilly Reception\n|-damage|p2a: Gholdengo|34/100|[from] Spikes\n|-prepare|p1a: Slowking|Chilly Reception|[premajor]\n|move|p1a: Slowking|Chilly Reception|p1a: Slowking\n|\n|t:|1782447988\n|switch|p1a: Mandibuzz|Mandibuzz, F|100/100|[from] Chilly Reception\n|\n|-weather|Snowscape|[upkeep]\n|upkeep\n|turn|27\n|\n|t:|1782447992\n|move|p2a: Gholdengo|Recover|p2a: Gholdengo\n|-heal|p2a: Gholdengo|84/100\n|move|p1a: Mandibuzz|Foul Play|p2a: Gholdengo\n|-supereffective|p2a: Gholdengo\n|-damage|p2a: Gholdengo|57/100\n|\n|-weather|Snowscape|[upkeep]\n|-end|p1a: Mandibuzz|move: Future Sight\n|-immune|p1a: Mandibuzz\n|upkeep\n|turn|28\n|-message|rblt ryo forfeited.\n|\n|win|tonyrayyy\n|raw|rblt ryo's rating: 1736 &rarr; <strong>1717</strong><br />(-19 for losing)\n|raw|tonyrayyy's rating: 1745 &rarr; <strong>1764</strong><br />(+19 for winning)\n", "uploadtime": 1782448004, "views": 14, "formatid": "gen9ou", "rating": 1717, "private": 0, "password": null}