{"id": "gen9ou-2639206799", "format": "[Gen 9] OU", "players": ["thepeakmons", "d1g1talstarr"], "log": "|j|☆thepeakmons\n|j|☆d1g1talstarr\n|t:|1782434060\n|gametype|singles\n|player|p1|thepeakmons|101|1241\n|player|p2|d1g1talstarr|2|1294\n|gen|9\n|tier|[Gen 9] OU\n|rated|\n|rule|HP Percentage Mod: HP is shown in percentages\n|rule|Endless Battle Clause: Forcing endless battles is banned\n|rule|Species Clause: Limit one of each Pokémon\n|rule|OHKO Clause: OHKO moves are banned\n|rule|Evasion Items Clause: Evasion items are banned\n|rule|Evasion Moves Clause: Evasion moves are banned\n|rule|Evasion Abilities Clause: Evasion abilities are banned\n|rule|Sleep Moves Clause: Sleep-inducing moves are banned\n|clearpoke\n|poke|p1|Dondozo, M|\n|poke|p1|Clodsire, M|\n|poke|p1|Corviknight, M|\n|poke|p1|Slowking-Galar, M|\n|poke|p1|Gholdengo|\n|poke|p1|Garganacl, M|\n|poke|p2|Landorus-Therian, M|\n|poke|p2|Great Tusk|\n|poke|p2|Ogerpon-Wellspring, F|\n|poke|p2|Kingambit, F|\n|poke|p2|Slowking-Galar, F|\n|poke|p2|Sinistcha|\n|teampreview\n|\n|t:|1782434075\n|teamsize|p1|6\n|teamsize|p2|6\n|start\n|switch|p1a: Corviknight|Corviknight, M|100/100\n|switch|p2a: Landorus|Landorus-Therian, M|100/100\n|-ability|p2a: Landorus|Intimidate|boost\n|-unboost|p1a: Corviknight|atk|1\n|-ability|p1a: Corviknight|Pressure\n|turn|1\n|inactive|Battle timer is ON: inactive players will automatically lose when time's up. (requested by thepeakmons)\n|inactive|thepeakmons has 120 seconds left.\n|l|☆d1g1talstarr\n|inactive|d1g1talstarr disconnected and has a minute to reconnect!\n|player|p2|\n|j|☆d1g1talstarr\n|inactive|d1g1talstarr reconnected.\n|player|p2|d1g1talstarr|2|\n|\n|t:|1782434131\n|move|p2a: Landorus|Taunt|p1a: Corviknight\n|-start|p1a: Corviknight|move: Taunt\n|move|p1a: Corviknight|U-turn|p2a: Landorus\n|-resisted|p2a: Landorus\n|-damage|p2a: Landorus|96/100\n|-damage|p1a: Corviknight|84/100|[from] item: Rocky Helmet|[of] p2a: Landorus\n|\n|t:|1782434140\n|switch|p1a: Clodsire|Clodsire, M|100/100|[from] U-turn\n|\n|upkeep\n|turn|2\n|\n|t:|1782434158\n|move|p2a: Landorus|Taunt|p1a: Clodsire\n|-start|p1a: Clodsire|move: Taunt\n|cant|p1a: Clodsire|move: Taunt|Stealth Rock\n|\n|upkeep\n|turn|3\n|\n|t:|1782434167\n|switch|p1a: Corviknight|Corviknight, M|84/100\n|-ability|p1a: Corviknight|Pressure\n|move|p2a: Landorus|Stealth Rock|p1a: Corviknight\n|-sidestart|p1: thepeakmons|move: Stealth Rock\n|\n|upkeep\n|turn|4\n|\n|t:|1782434177\n|move|p2a: Landorus|Taunt|p1a: Corviknight\n|-start|p1a: Corviknight|move: Taunt\n|move|p1a: Corviknight|U-turn|p2a: Landorus\n|-resisted|p2a: Landorus\n|-damage|p2a: Landorus|89/100\n|-damage|p1a: Corviknight|67/100|[from] item: Rocky Helmet|[of] p2a: Landorus\n|inactive|thepeakmons has 120 seconds left.\n|\n|t:|1782434205\n|switch|p1a: Dondozo|Dondozo, M|100/100|[from] U-turn\n|\n|upkeep\n|turn|5\n|inactive|thepeakmons has 120 seconds left.\n|\n|t:|1782434216\n|switch|p1a: Corviknight|Corviknight, M|67/100\n|-ability|p1a: Corviknight|Pressure\n|move|p2a: Landorus|Taunt|p1a: Corviknight\n|-start|p1a: Corviknight|move: Taunt\n|\n|upkeep\n|turn|6\n|inactive|thepeakmons has 120 seconds left.\n|\n|t:|1782434229\n|move|p2a: Landorus|U-turn|p1a: Corviknight\n|-resisted|p1a: Corviknight\n|-damage|p1a: Corviknight|65/100\n|\n|t:|1782434238\n|switch|p2a: Sinistcha|Sinistcha|100/100|[from] U-turn\n|move|p1a: Corviknight|Brave Bird|p2a: Sinistcha\n|-supereffective|p2a: Sinistcha\n|-damage|p2a: Sinistcha|48/100\n|-damage|p1a: Corviknight|50/100|[from] Recoil\n|\n|-heal|p2a: Sinistcha|55/100|[from] item: Leftovers\n|upkeep\n|turn|7\n|\n|t:|1782434250\n|switch|p1a: Gholdengo|Gholdengo|100/100\n|move|p2a: Sinistcha|Strength Sap|p1a: Gholdengo\n|-immune|p1a: Gholdengo|[from] ability: Good as Gold\n|\n|-heal|p2a: Sinistcha|61/100|[from] item: Leftovers\n|upkeep\n|turn|8\n|\n|t:|1782434263\n|switch|p2a: Ogerpon|Ogerpon-Wellspring, F|100/100\n|move|p1a: Gholdengo|Make It Rain|p2a: Ogerpon\n|-resisted|p2a: Ogerpon\n|-damage|p2a: Ogerpon|69/100\n|-unboost|p1a: Gholdengo|spa|1\n|\n|upkeep\n|turn|9\n|\n|t:|1782434274\n|move|p2a: Ogerpon|Spikes|p1a: Gholdengo\n|-sidestart|p1: thepeakmons|Spikes\n|move|p1a: Gholdengo|Shadow Ball|p2a: Ogerpon\n|-damage|p2a: Ogerpon|41/100\n|\n|upkeep\n|turn|10\n|\n|t:|1782434287\n|switch|p1a: Clodsire|Clodsire, M|100/100\n|move|p2a: Ogerpon|Ivy Cudgel|p1a: Clodsire|[anim] Ivy Cudgel Water\n|-immune|p1a: Clodsire|[from] ability: Water Absorb\n|\n|upkeep\n|turn|11\n|\n|t:|1782434294\n|move|p2a: Ogerpon|Power Whip|p1a: Clodsire\n|-damage|p1a: Clodsire|23/100\n|move|p1a: Clodsire|Stealth Rock|p2a: Ogerpon\n|-sidestart|p2: d1g1talstarr|move: Stealth Rock\n|\n|upkeep\n|turn|12\n|\n|t:|1782434303\n|switch|p1a: Corviknight|Corviknight, M|50/100\n|-ability|p1a: Corviknight|Pressure\n|move|p2a: Ogerpon|Power Whip|p1a: Corviknight\n|-resisted|p1a: Corviknight\n|-damage|p1a: Corviknight|39/100\n|\n|upkeep\n|turn|13\n|\n|t:|1782434313\n|move|p2a: Ogerpon|Power Whip|p1a: Corviknight\n|-resisted|p1a: Corviknight\n|-damage|p1a: Corviknight|28/100\n|move|p1a: Corviknight|Roost|p1a: Corviknight\n|-heal|p1a: Corviknight|78/100\n|-singleturn|p1a: Corviknight|move: Roost\n|\n|upkeep\n|turn|14\n|\n|t:|1782434330\n|move|p2a: Ogerpon|Encore|p1a: Corviknight\n|-start|p1a: Corviknight|Encore\n|move|p1a: Corviknight|Roost|p1a: Corviknight\n|-heal|p1a: Corviknight|100/100\n|-singleturn|p1a: Corviknight|move: Roost\n|\n|upkeep\n|turn|15\n|\n|t:|1782434338\n|switch|p2a: Sinistcha|Sinistcha|61/100\n|-damage|p2a: Sinistcha|48/100|[from] Stealth Rock\n|switch|p1a: Clodsire|Clodsire, M|23/100\n|\n|-heal|p2a: Sinistcha|54/100|[from] item: Leftovers\n|upkeep\n|turn|16\n|\n|t:|1782434347\n|move|p2a: Sinistcha|Calm Mind|p2a: Sinistcha\n|-boost|p2a: Sinistcha|spa|1\n|-boost|p2a: Sinistcha|spd|1\n|move|p1a: Clodsire|Recover|p1a: Clodsire\n|-heal|p1a: Clodsire|73/100\n|\n|-heal|p2a: Sinistcha|60/100|[from] item: Leftovers\n|upkeep\n|turn|17\n|\n|t:|1782434358\n|move|p2a: Sinistcha|Matcha Gotcha|p1a: Clodsire\n|-damage|p1a: Clodsire|49/100\n|-heal|p2a: Sinistcha|77/100|[from] drain|[of] p1a: Clodsire\n|move|p1a: Clodsire|Toxic|p2a: Sinistcha\n|-status|p2a: Sinistcha|tox\n|\n|-heal|p2a: Sinistcha|83/100 tox|[from] item: Leftovers\n|-damage|p2a: Sinistcha|77/100 tox|[from] psn\n|upkeep\n|turn|18\n|\n|t:|1782434373\n|move|p2a: Sinistcha|Calm Mind|p2a: Sinistcha\n|-boost|p2a: Sinistcha|spa|1\n|-boost|p2a: Sinistcha|spd|1\n|move|p1a: Clodsire|Recover|p1a: Clodsire\n|-heal|p1a: Clodsire|99/100\n|\n|-heal|p2a: Sinistcha|83/100 tox|[from] item: Leftovers\n|-damage|p2a: Sinistcha|70/100 tox|[from] psn\n|upkeep\n|turn|19\n|\n|t:|1782434391\n|switch|p1a: Gholdengo|Gholdengo|100/100\n|-terastallize|p2a: Sinistcha|Grass\n|move|p2a: Sinistcha|Matcha Gotcha|p1a: Gholdengo\n|-resisted|p1a: Gholdengo\n|-damage|p1a: Gholdengo|61/100\n|-heal|p2a: Sinistcha|92/100 tox|[from] drain|[of] p1a: Gholdengo\n|-status|p1a: Gholdengo|brn\n|\n|-heal|p2a: Sinistcha|98/100 tox|[from] item: Leftovers\n|-damage|p2a: Sinistcha|80/100 tox|[from] psn\n|-damage|p1a: Gholdengo|55/100 brn|[from] brn\n|upkeep\n|turn|20\n|\n|t:|1782434408\n|move|p1a: Gholdengo|Recover|p1a: Gholdengo\n|-heal|p1a: Gholdengo|100/100 brn\n|move|p2a: Sinistcha|Matcha Gotcha|p1a: Gholdengo\n|-resisted|p1a: Gholdengo\n|-damage|p1a: Gholdengo|55/100 brn\n|-heal|p2a: Sinistcha|100/100 tox|[from] drain|[of] p1a: Gholdengo\n|\n|-damage|p2a: Sinistcha|76/100 tox|[from] psn\n|-damage|p1a: Gholdengo|49/100 brn|[from] brn\n|upkeep\n|turn|21\n|\n|t:|1782434426\n|switch|p1a: Corviknight|Corviknight, M|100/100\n|-ability|p1a: Corviknight|Pressure\n|move|p2a: Sinistcha|Shadow Ball|p1a: Corviknight\n|-damage|p1a: Corviknight|37/100\n|\n|-heal|p2a: Sinistcha|82/100 tox|[from] item: Leftovers\n|-damage|p2a: Sinistcha|52/100 tox|[from] psn\n|upkeep\n|turn|22\n|\n|t:|1782434438\n|move|p2a: Sinistcha|Shadow Ball|p1a: Corviknight\n|-damage|p1a: Corviknight|0 fnt\n|faint|p1a: Corviknight\n|\n|-heal|p2a: Sinistcha|58/100 tox|[from] item: Leftovers\n|-damage|p2a: Sinistcha|22/100 tox|[from] psn\n|upkeep\n|inactive|thepeakmons has 120 seconds left.\n|\n|t:|1782434450\n|switch|p1a: Gholdengo|Gholdengo|49/100 brn\n|turn|23\n|inactive|thepeakmons has 120 seconds left.\n|\n|t:|1782434467\n|move|p1a: Gholdengo|Make It Rain|p2a: Sinistcha\n|-damage|p2a: Sinistcha|0 fnt\n|-unboost|p1a: Gholdengo|spa|1\n|faint|p2a: Sinistcha\n|\n|-damage|p1a: Gholdengo|43/100 brn|[from] brn\n|upkeep\n|\n|t:|1782434479\n|switch|p2a: Ogerpon|Ogerpon-Wellspring, F|41/100\n|-damage|p2a: Ogerpon|29/100|[from] Stealth Rock\n|turn|24\n|inactive|thepeakmons has 120 seconds left.\n|\n|t:|1782434494\n|switch|p1a: Clodsire|Clodsire, M|99/100\n|move|p2a: Ogerpon|Power Whip|p1a: Clodsire\n|-damage|p1a: Clodsire|24/100\n|\n|upkeep\n|turn|25\n|inactive|thepeakmons has 120 seconds left.\n|\n|t:|1782434507\n|switch|p1a: Slowking|Slowking-Galar, M|100/100\n|move|p2a: Ogerpon|Power Whip|p1a: Slowking\n|-resisted|p1a: Slowking\n|-damage|p1a: Slowking|61/100\n|\n|upkeep\n|turn|26\n|inactive|thepeakmons has 120 seconds left.\n|\n|t:|1782434517\n|switch|p1a: Clodsire|Clodsire, M|24/100\n|move|p2a: Ogerpon|Spikes|p1a: Clodsire\n|-sidestart|p1: thepeakmons|Spikes\n|\n|upkeep\n|turn|27\n|\n|t:|1782434525\n|switch|p1a: Slowking|Slowking-Galar, M|94/100\n|move|p2a: Ogerpon|Power Whip|p1a: Slowking|[miss]\n|-miss|p2a: Ogerpon|p1a: Slowking\n|\n|upkeep\n|turn|28\n|\n|t:|1782434532\n|move|p2a: Ogerpon|Ivy Cudgel|p1a: Slowking|[anim] Ivy Cudgel Water\n|-damage|p1a: Slowking|29/100\n|move|p1a: Slowking|Sludge Bomb|p2a: Ogerpon\n|-supereffective|p2a: Ogerpon\n|-damage|p2a: Ogerpon|0 fnt\n|faint|p2a: Ogerpon\n|\n|upkeep\n|\n|t:|1782434541\n|switch|p2a: Landorus|Landorus-Therian, M|89/100\n|-damage|p2a: Landorus|76/100|[from] Stealth Rock\n|-ability|p2a: Landorus|Intimidate|boost\n|-unboost|p1a: Slowking|atk|1\n|turn|29\n|\n|t:|1782434561\n|switch|p1a: Dondozo|Dondozo, M|100/100\n|move|p2a: Landorus|Earth Power|p1a: Dondozo\n|-damage|p1a: Dondozo|71/100\n|\n|upkeep\n|turn|30\n|\n|t:|1782434574\n|move|p2a: Landorus|Taunt|p1a: Dondozo\n|-start|p1a: Dondozo|move: Taunt\n|cant|p1a: Dondozo|move: Taunt|Rest\n|\n|upkeep\n|turn|31\n|\n|t:|1782434591\n|move|p2a: Landorus|Earth Power|p1a: Dondozo\n|-damage|p1a: Dondozo|42/100\n|move|p1a: Dondozo|Wave Crash|p2a: Landorus\n|-supereffective|p2a: Landorus\n|-damage|p2a: Landorus|0 fnt\n|-damage|p1a: Dondozo|26/100|[from] item: Rocky Helmet|[of] p2a: Landorus\n|faint|p2a: Landorus\n|-damage|p1a: Dondozo|7/100|[from] Recoil\n|\n|upkeep\n|\n|t:|1782434601\n|switch|p2a: Great Tusk|Great Tusk|100/100\n|-damage|p2a: Great Tusk|97/100|[from] Stealth Rock\n|turn|32\n|\n|t:|1782434610\n|switch|p1a: Garganacl|Garganacl, M|100/100\n|-damage|p1a: Garganacl|88/100|[from] Stealth Rock\n|-damage|p1a: Garganacl|72/100|[from] Spikes\n|move|p2a: Great Tusk|Knock Off|p1a: Garganacl\n|-damage|p1a: Garganacl|56/100\n|-enditem|p1a: Garganacl|Leftovers|[from] move: Knock Off|[of] p2a: Great Tusk\n|\n|upkeep\n|turn|33\n|\n|t:|1782434623\n|move|p2a: Great Tusk|Headlong Rush|p1a: Garganacl\n|-supereffective|p1a: Garganacl\n|-damage|p1a: Garganacl|3/100\n|-unboost|p2a: Great Tusk|def|1\n|-unboost|p2a: Great Tusk|spd|1\n|move|p1a: Garganacl|Salt Cure|p2a: Great Tusk\n|-resisted|p2a: Great Tusk\n|-damage|p2a: Great Tusk|94/100\n|-start|p2a: Great Tusk|Salt Cure\n|\n|-damage|p2a: Great Tusk|82/100|[from] Salt Cure\n|upkeep\n|turn|34\n|\n|t:|1782434636\n|move|p1a: Garganacl|Protect|p1a: Garganacl\n|-singleturn|p1a: Garganacl|Protect\n|move|p2a: Great Tusk|Knock Off|p1a: Garganacl\n|-activate|p1a: Garganacl|move: Protect\n|\n|-damage|p2a: Great Tusk|69/100|[from] Salt Cure\n|upkeep\n|turn|35\n|\n|t:|1782434644\n|move|p2a: Great Tusk|Headlong Rush|p1a: Garganacl\n|-supereffective|p1a: Garganacl\n|-damage|p1a: Garganacl|0 fnt\n|-unboost|p2a: Great Tusk|def|1\n|-unboost|p2a: Great Tusk|spd|1\n|faint|p1a: Garganacl\n|\n|-damage|p2a: Great Tusk|57/100|[from] Salt Cure\n|upkeep\n|\n|t:|1782434652\n|switch|p1a: Dondozo|Dondozo, M|7/100\n|turn|36\n|\n|t:|1782434664\n|move|p2a: Great Tusk|Rapid Spin|p1a: Dondozo\n|-damage|p1a: Dondozo|0 fnt\n|-boost|p2a: Great Tusk|spe|1\n|-sideend|p2: d1g1talstarr|Stealth Rock|[from] move: Rapid Spin|[of] p2a: Great Tusk\n|faint|p1a: Dondozo\n|\n|-damage|p2a: Great Tusk|44/100|[from] Salt Cure\n|upkeep\n|\n|t:|1782434677\n|switch|p1a: Slowking|Slowking-Galar, M|62/100\n|turn|37\n|\n|t:|1782434684\n|switch|p1a: Gholdengo|Gholdengo|43/100 brn\n|move|p2a: Great Tusk|Ice Spinner|p1a: Gholdengo\n|-resisted|p1a: Gholdengo\n|-damage|p1a: Gholdengo|34/100 brn\n|\n|-damage|p1a: Gholdengo|28/100 brn|[from] brn\n|-damage|p2a: Great Tusk|32/100|[from] Salt Cure\n|upkeep\n|turn|38\n|\n|t:|1782434697\n|switch|p1a: Slowking|Slowking-Galar, M|95/100\n|move|p2a: Great Tusk|Headlong Rush|p1a: Slowking\n|-supereffective|p1a: Slowking\n|-damage|p1a: Slowking|0 fnt\n|-unboost|p2a: Great Tusk|def|1\n|-unboost|p2a: Great Tusk|spd|1\n|faint|p1a: Slowking\n|\n|-damage|p2a: Great Tusk|19/100|[from] Salt Cure\n|upkeep\n|\n|t:|1782434713\n|switch|p1a: Clodsire|Clodsire, M|24/100\n|turn|39\n|\n|t:|1782434720\n|switch|p1a: Gholdengo|Gholdengo|28/100 brn\n|move|p2a: Great Tusk|Headlong Rush|p1a: Gholdengo\n|-supereffective|p1a: Gholdengo\n|-damage|p1a: Gholdengo|0 fnt\n|-unboost|p2a: Great Tusk|def|1\n|-unboost|p2a: Great Tusk|spd|1\n|faint|p1a: Gholdengo\n|\n|-damage|p2a: Great Tusk|7/100|[from] Salt Cure\n|upkeep\n|\n|t:|1782434735\n|switch|p1a: Clodsire|Clodsire, M|24/100\n|turn|40\n|\n|t:|1782434741\n|move|p2a: Great Tusk|Headlong Rush|p1a: Clodsire\n|-supereffective|p1a: Clodsire\n|-damage|p1a: Clodsire|0 fnt\n|-unboost|p2a: Great Tusk|def|1\n|-unboost|p2a: Great Tusk|spd|1\n|faint|p1a: Clodsire\n|\n|win|d1g1talstarr\n|raw|thepeakmons's rating: 1265 &rarr; <strong>1242</strong><br />(-23 for losing)\n|raw|d1g1talstarr's rating: 1294 &rarr; <strong>1317</strong><br />(+23 for winning)\n|l|☆d1g1talstarr\n|player|p2|\n", "uploadtime": 1782434747, "views": 15, "formatid": "gen9ou", "rating": 1242, "private": 0, "password": null}