{"id": "gen9ou-2540778941", "format": "[Gen 9] OU", "players": ["dimitry5000", "winfiftyfifties"], "log": "|j|☆dimitry5000\n|j|‽winfiftyfifties\n|t:|1771253036\n|gametype|singles\n|player|p1|dimitry5000|102|1752\n|player|p2|winfiftyfifties|2|1811\n|gen|9\n|tier|[Gen 9] OU\n|rated|\n|rule|HP Percentage Mod: HP is shown in percentages\n|rule|Endless Battle Clause: Forcing endless battles is banned\n|rule|Species Clause: Limit one of each Pokémon\n|rule|OHKO Clause: OHKO moves are banned\n|rule|Evasion Items Clause: Evasion items are banned\n|rule|Evasion Moves Clause: Evasion moves are banned\n|rule|Evasion Abilities Clause: Evasion abilities are banned\n|rule|Sleep Moves Clause: Sleep-inducing moves are banned\n|clearpoke\n|poke|p1|Alomomola, F|\n|poke|p1|Dondozo, M|\n|poke|p1|Slowking-Galar, M|\n|poke|p1|Gliscor, F|\n|poke|p1|Blissey, F|\n|poke|p1|Corviknight, M|\n|poke|p2|Landorus-Therian, M|\n|poke|p2|Ogerpon-Wellspring, F|\n|poke|p2|Dragapult, F|\n|poke|p2|Darkrai|\n|poke|p2|Arcanine-Hisui, F|\n|poke|p2|Scizor, M|\n|teampreview\n|inactive|Battle timer is ON: inactive players will automatically lose when time's up. (requested by dimitry5000)\n|\n|t:|1771253047\n|teamsize|p1|6\n|teamsize|p2|6\n|start\n|switch|p1a: Gliscor|Gliscor, F|100/100\n|switch|p2a: Ogerpon|Ogerpon-Wellspring, F|100/100\n|turn|1\n|\n|t:|1771253052\n|move|p2a: Ogerpon|Ivy Cudgel|p1a: Gliscor|[anim] Ivy Cudgel Water\n|-supereffective|p1a: Gliscor\n|-damage|p1a: Gliscor|4/100\n|move|p1a: Gliscor|Toxic|p2a: Ogerpon\n|-status|p2a: Ogerpon|tox\n|\n|-damage|p2a: Ogerpon|95/100 tox|[from] psn\n|-status|p1a: Gliscor|tox|[from] item: Toxic Orb\n|upkeep\n|turn|2\n|\n|t:|1771253058\n|move|p1a: Gliscor|Protect|p1a: Gliscor\n|-singleturn|p1a: Gliscor|Protect\n|move|p2a: Ogerpon|Spikes|p1a: Gliscor\n|-sidestart|p1: dimitry5000|Spikes\n|\n|-damage|p2a: Ogerpon|83/100 tox|[from] psn\n|-heal|p1a: Gliscor|16/100 tox|[from] ability: Poison Heal\n|upkeep\n|turn|3\n|\n|t:|1771253063\n|switch|p1a: Corviknight|Corviknight, M|100/100\n|-ability|p1a: Corviknight|Pressure\n|move|p2a: Ogerpon|U-turn|p1a: Corviknight\n|-resisted|p1a: Corviknight\n|-damage|p1a: Corviknight|96/100\n|\n|t:|1771253068\n|switch|p2a: Arcanine|Arcanine-Hisui, F|100/100|[from] U-turn\n|\n|-heal|p1a: Corviknight|100/100|[from] item: Leftovers\n|upkeep\n|turn|4\n|\n|t:|1771253075\n|switch|p1a: Alomomola|Alomomola, F|100/100\n|-damage|p1a: Alomomola|88/100|[from] Spikes\n|move|p2a: Arcanine|Flare Blitz|p1a: Alomomola\n|-resisted|p1a: Alomomola\n|-damage|p1a: Alomomola|63/100\n|-damage|p2a: Arcanine|84/100|[from] item: Rocky Helmet|[of] p1a: Alomomola\n|\n|upkeep\n|turn|5\n|\n|t:|1771253085\n|move|p2a: Arcanine|Flare Blitz|p1a: Alomomola\n|-resisted|p1a: Alomomola\n|-damage|p1a: Alomomola|38/100\n|-damage|p2a: Arcanine|67/100|[from] item: Rocky Helmet|[of] p1a: Alomomola\n|move|p1a: Alomomola|Wish|p1a: Alomomola\n|\n|upkeep\n|turn|6\n|\n|t:|1771253098\n|switch|p2a: Ogerpon|Ogerpon-Wellspring, F|83/100 tox\n|move|p1a: Alomomola|Protect||[still]\n|-fail|p1a: Alomomola\n|\n|-heal|p1a: Alomomola|88/100|[from] move: Wish|[wisher] Alomomola\n|-damage|p2a: Ogerpon|77/100 tox|[from] psn\n|upkeep\n|turn|7\n|\n|t:|1771253106\n|move|p2a: Ogerpon|Spikes|p1a: Alomomola\n|-sidestart|p1: dimitry5000|Spikes\n|move|p1a: Alomomola|Wish|p1a: Alomomola\n|\n|-damage|p2a: Ogerpon|65/100 tox|[from] psn\n|upkeep\n|turn|8\n|\n|t:|1771253112\n|switch|p1a: Corviknight|Corviknight, M|100/100\n|-ability|p1a: Corviknight|Pressure\n|move|p2a: Ogerpon|Power Whip|p1a: Corviknight\n|-resisted|p1a: Corviknight\n|-damage|p1a: Corviknight|89/100\n|\n|-heal|p1a: Corviknight|100/100|[from] move: Wish|[wisher] Alomomola\n|-damage|p2a: Ogerpon|47/100 tox|[from] psn\n|upkeep\n|turn|9\n|\n|t:|1771253119\n|switch|p2a: Arcanine|Arcanine-Hisui, F|67/100\n|move|p1a: Corviknight|Defog|p2a: Arcanine\n|-unboost|p2a: Arcanine|evasion|1\n|-sideend|p1: dimitry5000|Spikes|[from] move: Defog|[of] p1a: Corviknight\n|\n|upkeep\n|turn|10\n|\n|t:|1771253122\n|switch|p1a: Alomomola|Alomomola, F|100/100\n|move|p2a: Arcanine|Stealth Rock|p1a: Alomomola\n|-sidestart|p1: dimitry5000|move: Stealth Rock\n|\n|upkeep\n|turn|11\n|\n|t:|1771253129\n|switch|p2a: Ogerpon|Ogerpon-Wellspring, F|47/100 tox\n|move|p1a: Alomomola|Wish|p1a: Alomomola\n|\n|-damage|p2a: Ogerpon|41/100 tox|[from] psn\n|upkeep\n|turn|12\n|\n|t:|1771253150\n|move|p1a: Alomomola|Protect|p1a: Alomomola\n|-singleturn|p1a: Alomomola|Protect\n|move|p2a: Ogerpon|Spikes|p1a: Alomomola\n|-sidestart|p1: dimitry5000|Spikes\n|\n|-damage|p2a: Ogerpon|29/100 tox|[from] psn\n|upkeep\n|turn|13\n|\n|t:|1771253156\n|switch|p2a: Arcanine|Arcanine-Hisui, F|67/100\n|move|p1a: Alomomola|Wish|p1a: Alomomola\n|\n|upkeep\n|turn|14\n|\n|t:|1771253174\n|move|p2a: Arcanine|Head Smash|p1a: Alomomola|[miss]\n|-miss|p2a: Arcanine|p1a: Alomomola\n|move|p1a: Alomomola|Flip Turn|p2a: Arcanine\n|-supereffective|p2a: Arcanine\n|-damage|p2a: Arcanine|0 fnt\n|faint|p2a: Arcanine\n|\n|t:|1771253178\n|switch|p1a: Corviknight|Corviknight, M|100/100|[from] Flip Turn\n|-damage|p1a: Corviknight|88/100|[from] Stealth Rock\n|-ability|p1a: Corviknight|Pressure\n|\n|-heal|p1a: Corviknight|100/100|[from] move: Wish|[wisher] Alomomola\n|upkeep\n|\n|t:|1771253181\n|switch|p2a: Darkrai|Darkrai|100/100\n|turn|15\n|j| hbgzd\n|\n|t:|1771253190\n|move|p2a: Darkrai|Dark Pulse|p1a: Corviknight\n|-damage|p1a: Corviknight|45/100\n|move|p1a: Corviknight|Defog|p2a: Darkrai\n|-unboost|p2a: Darkrai|evasion|1\n|-sideend|p1: dimitry5000|Spikes|[from] move: Defog|[of] p1a: Corviknight\n|-sideend|p1: dimitry5000|Stealth Rock|[from] move: Defog|[of] p1a: Corviknight\n|\n|-heal|p1a: Corviknight|51/100|[from] item: Leftovers\n|upkeep\n|turn|16\n|\n|t:|1771253197\n|switch|p2a: Landorus|Landorus-Therian, M|100/100\n|-ability|p2a: Landorus|Intimidate|boost\n|-unboost|p1a: Corviknight|atk|1\n|switch|p1a: Blissey|Blissey, F|100/100\n|\n|upkeep\n|turn|17\n|\n|t:|1771253204\n|switch|p1a: Gliscor|Gliscor, F|16/100 tox\n|-terastallize|p2a: Landorus|Flying\n|move|p2a: Landorus|Tera Blast|p1a: Gliscor|[anim] Tera Blast Flying\n|-damage|p1a: Gliscor|0 fnt\n|faint|p1a: Gliscor\n|\n|upkeep\n|\n|t:|1771253209\n|switch|p1a: Alomomola|Alomomola, F|100/100\n|turn|18\n|\n|t:|1771253213\n|move|p2a: Landorus|Tera Blast|p1a: Alomomola|[anim] Tera Blast Flying\n|-damage|p1a: Alomomola|45/100\n|move|p1a: Alomomola|Wish|p1a: Alomomola\n|\n|upkeep\n|turn|19\n|\n|t:|1771253219\n|switch|p2a: Darkrai|Darkrai|100/100\n|switch|p1a: Corviknight|Corviknight, M|51/100\n|-ability|p1a: Corviknight|Pressure\n|\n|-heal|p1a: Corviknight|100/100|[from] move: Wish|[wisher] Alomomola\n|upkeep\n|turn|20\n|\n|t:|1771253227\n|switch|p2a: Dragapult|Dragapult, F|100/100\n|move|p1a: Corviknight|Body Press|p2a: Dragapult\n|-immune|p2a: Dragapult\n|\n|upkeep\n|turn|21\n|\n|t:|1771253234\n|switch|p1a: Slowking|Slowking-Galar, M|100/100\n|move|p2a: Dragapult|Dragon Darts|p1a: Slowking\n|-damage|p1a: Slowking|61/100\n|-anim|p2a: Dragapult|Dragon Darts|p1a: Slowking\n|-damage|p1a: Slowking|23/100\n|\n|upkeep\n|turn|22\n|\n|t:|1771253240\n|switch|p2a: Darkrai|Darkrai|100/100\n|switch|p1a: Corviknight|Corviknight, M|100/100\n|-ability|p1a: Corviknight|Pressure\n|\n|upkeep\n|turn|23\n|\n|t:|1771253246\n|move|p2a: Darkrai|Dark Pulse|p1a: Corviknight\n|-damage|p1a: Corviknight|47/100\n|move|p1a: Corviknight|Body Press|p2a: Darkrai\n|-supereffective|p2a: Darkrai\n|-damage|p2a: Darkrai|35/100\n|\n|-heal|p1a: Corviknight|53/100|[from] item: Leftovers\n|upkeep\n|turn|24\n|\n|t:|1771253252\n|switch|p1a: Blissey|Blissey, F|100/100\n|move|p2a: Darkrai|Dark Pulse|p1a: Blissey\n|-damage|p1a: Blissey|82/100\n|\n|upkeep\n|turn|25\n|\n|t:|1771253257\n|switch|p2a: Landorus|Landorus-Therian, M, tera:Flying|100/100\n|-ability|p2a: Landorus|Intimidate|boost\n|-unboost|p1a: Blissey|atk|1\n|move|p1a: Blissey|Seismic Toss|p2a: Landorus\n|-damage|p2a: Landorus|69/100\n|\n|upkeep\n|turn|26\n|\n|t:|1771253263\n|switch|p1a: Dondozo|Dondozo, M|100/100\n|move|p2a: Landorus|Tera Blast|p1a: Dondozo|[anim] Tera Blast Flying\n|-crit|p1a: Dondozo\n|-damage|p1a: Dondozo|29/100\n|\n|-heal|p1a: Dondozo|36/100|[from] item: Leftovers\n|upkeep\n|turn|27\n|\n|t:|1771253275\n|move|p2a: Landorus|Tera Blast|p1a: Dondozo|[anim] Tera Blast Flying\n|-damage|p1a: Dondozo|0 fnt\n|faint|p1a: Dondozo\n|\n|upkeep\n|\n|t:|1771253277\n|switch|p1a: Alomomola|Alomomola, F|79/100\n|turn|28\n|\n|t:|1771253292\n|switch|p2a: Dragapult|Dragapult, F|100/100\n|move|p1a: Alomomola|Wish|p1a: Alomomola\n|\n|upkeep\n|turn|29\n|\n|t:|1771253298\n|switch|p1a: Corviknight|Corviknight, M|53/100\n|-ability|p1a: Corviknight|Pressure\n|move|p2a: Dragapult|Will-O-Wisp|p1a: Corviknight\n|-status|p1a: Corviknight|brn\n|\n|-heal|p1a: Corviknight|100/100 brn|[from] move: Wish|[wisher] Alomomola\n|-damage|p1a: Corviknight|94/100 brn|[from] brn\n|upkeep\n|turn|30\n|\n|t:|1771253306\n|switch|p2a: Scizor|Scizor, M|100/100\n|switch|p1a: Slowking|Slowking-Galar, M|57/100\n|\n|upkeep\n|turn|31\n|\n|t:|1771253309\n|switch|p1a: Alomomola|Alomomola, F|100/100\n|move|p2a: Scizor|U-turn|p1a: Alomomola\n|-damage|p1a: Alomomola|66/100\n|-damage|p2a: Scizor|84/100|[from] item: Rocky Helmet|[of] p1a: Alomomola\n|j| plixim\n|\n|t:|1771253334\n|switch|p2a: Landorus|Landorus-Therian, M, tera:Flying|69/100|[from] U-turn\n|-ability|p2a: Landorus|Intimidate|boost\n|-unboost|p1a: Alomomola|atk|1\n|\n|upkeep\n|turn|32\n|\n|t:|1771253337\n|move|p1a: Alomomola|Protect|p1a: Alomomola\n|-singleturn|p1a: Alomomola|Protect\n|move|p2a: Landorus|Tera Blast|p1a: Alomomola|[anim] Tera Blast Flying\n|-activate|p1a: Alomomola|move: Protect\n|\n|upkeep\n|turn|33\n|\n|t:|1771253341\n|switch|p1a: Corviknight|Corviknight, M|94/100 brn\n|-ability|p1a: Corviknight|Pressure\n|move|p2a: Landorus|Tera Blast|p1a: Corviknight|[anim] Tera Blast Flying\n|-resisted|p1a: Corviknight\n|-damage|p1a: Corviknight|64/100 brn\n|\n|-heal|p1a: Corviknight|70/100 brn|[from] item: Leftovers\n|-damage|p1a: Corviknight|64/100 brn|[from] brn\n|upkeep\n|turn|34\n|\n|t:|1771253348\n|switch|p2a: Darkrai|Darkrai|35/100\n|move|p1a: Corviknight|Roost|p1a: Corviknight\n|-heal|p1a: Corviknight|100/100 brn\n|-singleturn|p1a: Corviknight|move: Roost\n|\n|-damage|p1a: Corviknight|94/100 brn|[from] brn\n|upkeep\n|turn|35\n|\n|t:|1771253355\n|switch|p1a: Blissey|Blissey, F|82/100\n|move|p2a: Darkrai|Dark Pulse|p1a: Blissey\n|-damage|p1a: Blissey|63/100\n|\n|upkeep\n|turn|36\n|\n|t:|1771253360\n|switch|p2a: Dragapult|Dragapult, F|100/100\n|move|p1a: Blissey|Seismic Toss|p2a: Dragapult\n|-immune|p2a: Dragapult\n|\n|upkeep\n|turn|37\n|\n|t:|1771253365\n|switch|p1a: Alomomola|Alomomola, F|99/100\n|move|p2a: Dragapult|Dragon Darts|p1a: Alomomola\n|-damage|p1a: Alomomola|78/100\n|-anim|p2a: Dragapult|Dragon Darts|p1a: Alomomola\n|-damage|p1a: Alomomola|54/100\n|\n|upkeep\n|turn|38\n|\n|t:|1771253369\n|move|p2a: Dragapult|Dragon Darts|p1a: Alomomola\n|-damage|p1a: Alomomola|31/100\n|-anim|p2a: Dragapult|Dragon Darts|p1a: Alomomola\n|-damage|p1a: Alomomola|8/100\n|move|p1a: Alomomola|Wish|p1a: Alomomola\n|\n|upkeep\n|turn|39\n|\n|t:|1771253379\n|switch|p2a: Landorus|Landorus-Therian, M, tera:Flying|69/100\n|-ability|p2a: Landorus|Intimidate|boost\n|-unboost|p1a: Alomomola|atk|1\n|move|p1a: Alomomola|Protect||[still]\n|-fail|p1a: Alomomola\n|\n|-heal|p1a: Alomomola|58/100|[from] move: Wish|[wisher] Alomomola\n|upkeep\n|turn|40\n|\n|t:|1771253385\n|move|p1a: Alomomola|Protect|p1a: Alomomola\n|-singleturn|p1a: Alomomola|Protect\n|move|p2a: Landorus|Earthquake|p1a: Alomomola\n|-activate|p1a: Alomomola|move: Protect\n|\n|upkeep\n|turn|41\n|\n|t:|1771253390\n|switch|p2a: Darkrai|Darkrai|35/100\n|move|p1a: Alomomola|Wish|p1a: Alomomola\n|\n|upkeep\n|turn|42\n|\n|t:|1771253394\n|switch|p2a: Ogerpon|Ogerpon-Wellspring, F|29/100 tox\n|switch|p1a: Blissey|Blissey, F|63/100\n|\n|-heal|p1a: Blissey|99/100|[from] move: Wish|[wisher] Alomomola\n|-damage|p2a: Ogerpon|23/100 tox|[from] psn\n|upkeep\n|turn|43\n|\n|t:|1771253402\n|switch|p1a: Corviknight|Corviknight, M|94/100 brn\n|-ability|p1a: Corviknight|Pressure\n|move|p2a: Ogerpon|Ivy Cudgel|p1a: Corviknight|[anim] Ivy Cudgel Water\n|-damage|p1a: Corviknight|55/100 brn\n|\n|-heal|p1a: Corviknight|61/100 brn|[from] item: Leftovers\n|-damage|p2a: Ogerpon|11/100 tox|[from] psn\n|-damage|p1a: Corviknight|55/100 brn|[from] brn\n|upkeep\n|turn|44\n|\n|t:|1771253408\n|switch|p2a: Darkrai|Darkrai|35/100\n|move|p1a: Corviknight|Roost|p1a: Corviknight\n|-heal|p1a: Corviknight|100/100 brn\n|-singleturn|p1a: Corviknight|move: Roost\n|\n|-damage|p1a: Corviknight|94/100 brn|[from] brn\n|upkeep\n|turn|45\n|\n|t:|1771253413\n|switch|p1a: Blissey|Blissey, F|99/100\n|move|p2a: Darkrai|Dark Pulse|p1a: Blissey\n|-damage|p1a: Blissey|80/100\n|\n|upkeep\n|turn|46\n|\n|t:|1771253417\n|switch|p2a: Landorus|Landorus-Therian, M, tera:Flying|69/100\n|-ability|p2a: Landorus|Intimidate|boost\n|-unboost|p1a: Blissey|atk|1\n|move|p1a: Blissey|Shadow Ball|p2a: Landorus\n|-damage|p2a: Landorus|49/100\n|\n|upkeep\n|turn|47\n|l| plixim\n|\n|t:|1771253426\n|switch|p1a: Corviknight|Corviknight, M|94/100 brn\n|-ability|p1a: Corviknight|Pressure\n|move|p2a: Landorus|Tera Blast|p1a: Corviknight|[anim] Tera Blast Flying\n|-resisted|p1a: Corviknight\n|-damage|p1a: Corviknight|65/100 brn\n|\n|-heal|p1a: Corviknight|71/100 brn|[from] item: Leftovers\n|-damage|p1a: Corviknight|65/100 brn|[from] brn\n|upkeep\n|turn|48\n|\n|t:|1771253432\n|move|p2a: Landorus|Tera Blast|p1a: Corviknight|[anim] Tera Blast Flying\n|-resisted|p1a: Corviknight\n|-damage|p1a: Corviknight|31/100 brn\n|move|p1a: Corviknight|Body Press|p2a: Landorus\n|-resisted|p2a: Landorus\n|-damage|p2a: Landorus|42/100\n|\n|-heal|p1a: Corviknight|38/100 brn|[from] item: Leftovers\n|-damage|p1a: Corviknight|31/100 brn|[from] brn\n|upkeep\n|turn|49\n|\n|t:|1771253441\n|switch|p1a: Alomomola|Alomomola, F|92/100\n|move|p2a: Landorus|Tera Blast|p1a: Alomomola|[anim] Tera Blast Flying\n|-damage|p1a: Alomomola|35/100\n|\n|upkeep\n|turn|50\n|\n|t:|1771253445\n|move|p1a: Alomomola|Protect|p1a: Alomomola\n|-singleturn|p1a: Alomomola|Protect\n|move|p2a: Landorus|Tera Blast|p1a: Alomomola|[anim] Tera Blast Flying\n|-activate|p1a: Alomomola|move: Protect\n|\n|upkeep\n|turn|51\n|\n|t:|1771253453\n|switch|p1a: Slowking|Slowking-Galar, M|90/100\n|move|p2a: Landorus|Tera Blast|p1a: Slowking|[anim] Tera Blast Flying\n|-damage|p1a: Slowking|0 fnt\n|faint|p1a: Slowking\n|\n|upkeep\n|\n|t:|1771253456\n|switch|p1a: Alomomola|Alomomola, F|69/100\n|turn|52\n|\n|t:|1771253465\n|switch|p2a: Dragapult|Dragapult, F|100/100\n|move|p1a: Alomomola|Wish|p1a: Alomomola\n|\n|upkeep\n|turn|53\n|j| 654654m\n|l| 654654m\n|\n|t:|1771253487\n|switch|p1a: Corviknight|Corviknight, M|31/100 brn\n|-ability|p1a: Corviknight|Pressure\n|move|p2a: Dragapult|Will-O-Wisp|p1a: Corviknight\n|-fail|p1a: Corviknight|brn\n|\n|-heal|p1a: Corviknight|90/100 brn|[from] move: Wish|[wisher] Alomomola\n|-heal|p1a: Corviknight|97/100 brn|[from] item: Leftovers\n|-damage|p1a: Corviknight|90/100 brn|[from] brn\n|upkeep\n|turn|54\n|\n|t:|1771253495\n|switch|p2a: Scizor|Scizor, M|84/100\n|move|p1a: Corviknight|Body Press|p2a: Scizor\n|-damage|p2a: Scizor|72/100\n|\n|-heal|p1a: Corviknight|97/100 brn|[from] item: Leftovers\n|-damage|p1a: Corviknight|90/100 brn|[from] brn\n|upkeep\n|turn|55\n|\n|t:|1771253498\n|switch|p1a: Alomomola|Alomomola, F|100/100\n|move|p2a: Scizor|U-turn|p1a: Alomomola\n|-damage|p1a: Alomomola|67/100\n|-damage|p2a: Scizor|55/100|[from] item: Rocky Helmet|[of] p1a: Alomomola\n|\n|t:|1771253507\n|switch|p2a: Dragapult|Dragapult, F|100/100|[from] U-turn\n|\n|upkeep\n|turn|56\n|\n|t:|1771253509\n|move|p1a: Alomomola|Protect|p1a: Alomomola\n|-singleturn|p1a: Alomomola|Protect\n|move|p2a: Dragapult|Dragon Darts|p1a: Alomomola\n|-activate|p1a: Alomomola|move: Protect\n|\n|upkeep\n|turn|57\n|\n|t:|1771253511\n|switch|p1a: Corviknight|Corviknight, M|90/100 brn\n|-ability|p1a: Corviknight|Pressure\n|move|p2a: Dragapult|Dragon Darts|p1a: Corviknight\n|-resisted|p1a: Corviknight\n|-damage|p1a: Corviknight|78/100 brn\n|-anim|p2a: Dragapult|Dragon Darts|p1a: Corviknight\n|-resisted|p1a: Corviknight\n|-damage|p1a: Corviknight|66/100 brn\n|\n|-heal|p1a: Corviknight|72/100 brn|[from] item: Leftovers\n|-damage|p1a: Corviknight|66/100 brn|[from] brn\n|upkeep\n|turn|58\n|\n|t:|1771253521\n|switch|p2a: Scizor|Scizor, M|55/100\n|switch|p1a: Alomomola|Alomomola, F|99/100\n|\n|upkeep\n|turn|59\n|\n|t:|1771253530\n|move|p1a: Alomomola|Protect|p1a: Alomomola\n|-singleturn|p1a: Alomomola|Protect\n|move|p2a: Scizor|U-turn|p1a: Alomomola\n|-activate|p1a: Alomomola|move: Protect\n|\n|upkeep\n|turn|60\n|\n|t:|1771253533\n|move|p2a: Scizor|U-turn|p1a: Alomomola\n|-damage|p1a: Alomomola|67/100\n|-damage|p2a: Scizor|39/100|[from] item: Rocky Helmet|[of] p1a: Alomomola\n|\n|t:|1771253541\n|switch|p2a: Darkrai|Darkrai|35/100|[from] U-turn\n|move|p1a: Alomomola|Wish|p1a: Alomomola\n|\n|upkeep\n|turn|61\n|\n|t:|1771253550\n|switch|p2a: Dragapult|Dragapult, F|100/100\n|move|p1a: Alomomola|Scald|p2a: Dragapult\n|-resisted|p2a: Dragapult\n|-damage|p2a: Dragapult|91/100\n|\n|-heal|p1a: Alomomola|100/100|[from] move: Wish|[wisher] Alomomola\n|upkeep\n|turn|62\n|\n|t:|1771253565\n|move|p1a: Alomomola|Protect|p1a: Alomomola\n|-singleturn|p1a: Alomomola|Protect\n|move|p2a: Dragapult|U-turn|p1a: Alomomola\n|-activate|p1a: Alomomola|move: Protect\n|\n|upkeep\n|turn|63\n|\n|t:|1771253570\n|move|p2a: Dragapult|U-turn|p1a: Alomomola\n|-damage|p1a: Alomomola|80/100\n|-damage|p2a: Dragapult|75/100|[from] item: Rocky Helmet|[of] p1a: Alomomola\n|\n|t:|1771253574\n|switch|p2a: Ogerpon|Ogerpon-Wellspring, F|11/100 tox|[from] U-turn\n|move|p1a: Alomomola|Wish|p1a: Alomomola\n|\n|-damage|p2a: Ogerpon|5/100 tox|[from] psn\n|upkeep\n|turn|64\n|\n|t:|1771253580\n|switch|p1a: Corviknight|Corviknight, M|66/100 brn\n|-ability|p1a: Corviknight|Pressure\n|move|p2a: Ogerpon|Spikes|p1a: Corviknight\n|-sidestart|p1: dimitry5000|Spikes\n|\n|-heal|p1a: Corviknight|100/100 brn|[from] move: Wish|[wisher] Alomomola\n|-damage|p2a: Ogerpon|0 fnt|[from] psn\n|faint|p2a: Ogerpon\n|-damage|p1a: Corviknight|94/100 brn|[from] brn\n|upkeep\n|\n|t:|1771253583\n|switch|p2a: Darkrai|Darkrai|35/100\n|turn|65\n|j| Ctannn\n|\n|t:|1771253589\n|switch|p1a: Blissey|Blissey, F|80/100\n|move|p2a: Darkrai|Dark Pulse|p1a: Blissey\n|-damage|p1a: Blissey|61/100\n|\n|upkeep\n|turn|66\n|\n|t:|1771253595\n|switch|p2a: Dragapult|Dragapult, F|75/100\n|move|p1a: Blissey|Soft-Boiled|p1a: Blissey\n|-heal|p1a: Blissey|100/100\n|\n|upkeep\n|turn|67\n|\n|t:|1771253598\n|switch|p1a: Alomomola|Alomomola, F|100/100\n|-damage|p1a: Alomomola|88/100|[from] Spikes\n|move|p2a: Dragapult|Dragon Darts|p1a: Alomomola\n|-damage|p1a: Alomomola|64/100\n|-anim|p2a: Dragapult|Dragon Darts|p1a: Alomomola\n|-damage|p1a: Alomomola|42/100\n|\n|upkeep\n|turn|68\n|\n|t:|1771253601\n|switch|p1a: Corviknight|Corviknight, M|94/100 brn\n|-ability|p1a: Corviknight|Pressure\n|move|p2a: Dragapult|Dragon Darts|p1a: Corviknight\n|-resisted|p1a: Corviknight\n|-damage|p1a: Corviknight|82/100 brn\n|-anim|p2a: Dragapult|Dragon Darts|p1a: Corviknight\n|-resisted|p1a: Corviknight\n|-damage|p1a: Corviknight|69/100 brn\n|\n|-heal|p1a: Corviknight|76/100 brn|[from] item: Leftovers\n|-damage|p1a: Corviknight|69/100 brn|[from] brn\n|upkeep\n|turn|69\n|\n|t:|1771253605\n|switch|p2a: Darkrai|Darkrai|35/100\n|move|p1a: Corviknight|Defog|p2a: Darkrai\n|-unboost|p2a: Darkrai|evasion|1\n|-sideend|p1: dimitry5000|Spikes|[from] move: Defog|[of] p1a: Corviknight\n|\n|-heal|p1a: Corviknight|76/100 brn|[from] item: Leftovers\n|-damage|p1a: Corviknight|69/100 brn|[from] brn\n|upkeep\n|turn|70\n|\n|t:|1771253609\n|switch|p2a: Dragapult|Dragapult, F|75/100\n|switch|p1a: Blissey|Blissey, F|100/100\n|\n|upkeep\n|turn|71\n|\n|t:|1771253612\n|switch|p1a: Alomomola|Alomomola, F|75/100\n|move|p2a: Dragapult|Dragon Darts|p1a: Alomomola\n|-damage|p1a: Alomomola|53/100\n|-anim|p2a: Dragapult|Dragon Darts|p1a: Alomomola\n|-damage|p1a: Alomomola|31/100\n|\n|upkeep\n|turn|72\n|\n|t:|1771253615\n|switch|p1a: Corviknight|Corviknight, M|69/100 brn\n|-ability|p1a: Corviknight|Pressure\n|move|p2a: Dragapult|Dragon Darts|p1a: Corviknight\n|-resisted|p1a: Corviknight\n|-damage|p1a: Corviknight|58/100 brn\n|-anim|p2a: Dragapult|Dragon Darts|p1a: Corviknight\n|-resisted|p1a: Corviknight\n|-damage|p1a: Corviknight|46/100 brn\n|\n|-heal|p1a: Corviknight|52/100 brn|[from] item: Leftovers\n|-damage|p1a: Corviknight|46/100 brn|[from] brn\n|upkeep\n|turn|73\n|\n|t:|1771253618\n|switch|p2a: Darkrai|Darkrai|35/100\n|move|p1a: Corviknight|Roost|p1a: Corviknight\n|-heal|p1a: Corviknight|96/100 brn\n|-singleturn|p1a: Corviknight|move: Roost\n|\n|-heal|p1a: Corviknight|100/100 brn|[from] item: Leftovers\n|-damage|p1a: Corviknight|94/100 brn|[from] brn\n|upkeep\n|turn|74\n|\n|t:|1771253621\n|switch|p2a: Landorus|Landorus-Therian, M, tera:Flying|42/100\n|-ability|p2a: Landorus|Intimidate|boost\n|-unboost|p1a: Corviknight|atk|1\n|switch|p1a: Blissey|Blissey, F|100/100\n|\n|upkeep\n|turn|75\n|\n|t:|1771253626\n|switch|p1a: Corviknight|Corviknight, M|94/100 brn\n|-ability|p1a: Corviknight|Pressure\n|move|p2a: Landorus|Stone Edge|p1a: Corviknight\n|-damage|p1a: Corviknight|53/100 brn\n|\n|-heal|p1a: Corviknight|59/100 brn|[from] item: Leftovers\n|-damage|p1a: Corviknight|53/100 brn|[from] brn\n|upkeep\n|turn|76\n|\n|t:|1771253633\n|switch|p1a: Alomomola|Alomomola, F|64/100\n|move|p2a: Landorus|Stone Edge|p1a: Alomomola\n|-damage|p1a: Alomomola|25/100\n|\n|upkeep\n|turn|77\n|\n|t:|1771253638\n|switch|p1a: Corviknight|Corviknight, M|53/100 brn\n|-ability|p1a: Corviknight|Pressure\n|move|p2a: Landorus|Stone Edge|p1a: Corviknight\n|-crit|p1a: Corviknight\n|-damage|p1a: Corviknight|0 fnt\n|faint|p1a: Corviknight\n|\n|upkeep\n|\n|t:|1771253641\n|switch|p1a: Alomomola|Alomomola, F|58/100\n|turn|78\n|\n|t:|1771253650\n|switch|p2a: Scizor|Scizor, M|39/100\n|move|p1a: Alomomola|Wish|p1a: Alomomola\n|\n|upkeep\n|turn|79\n|\n|t:|1771253664\n|move|p2a: Scizor|Close Combat|p1a: Alomomola\n|-damage|p1a: Alomomola|14/100\n|-unboost|p2a: Scizor|def|1\n|-unboost|p2a: Scizor|spd|1\n|-damage|p2a: Scizor|22/100|[from] item: Rocky Helmet|[of] p1a: Alomomola\n|move|p1a: Alomomola|Scald|p2a: Scizor\n|-damage|p2a: Scizor|0 fnt\n|faint|p2a: Scizor\n|\n|-heal|p1a: Alomomola|64/100|[from] move: Wish|[wisher] Alomomola\n|upkeep\n|\n|t:|1771253680\n|switch|p2a: Dragapult|Dragapult, F|75/100\n|turn|80\n|\n|t:|1771253688\n|move|p1a: Alomomola|Protect|p1a: Alomomola\n|-singleturn|p1a: Alomomola|Protect\n|move|p2a: Dragapult|Dragon Darts|p1a: Alomomola\n|-activate|p1a: Alomomola|move: Protect\n|\n|upkeep\n|turn|81\n|\n|t:|1771253690\n|move|p2a: Dragapult|Dragon Darts|p1a: Alomomola\n|-crit|p1a: Alomomola\n|-damage|p1a: Alomomola|31/100\n|-anim|p2a: Dragapult|Dragon Darts|p1a: Alomomola\n|-damage|p1a: Alomomola|9/100\n|move|p1a: Alomomola|Wish|p1a: Alomomola\n|\n|upkeep\n|turn|82\n|\n|t:|1771253696\n|switch|p2a: Landorus|Landorus-Therian, M, tera:Flying|42/100\n|-ability|p2a: Landorus|Intimidate|boost\n|-unboost|p1a: Alomomola|atk|1\n|move|p1a: Alomomola|Protect||[still]\n|-fail|p1a: Alomomola\n|\n|-heal|p1a: Alomomola|59/100|[from] move: Wish|[wisher] Alomomola\n|upkeep\n|turn|83\n|\n|t:|1771253702\n|move|p1a: Alomomola|Protect|p1a: Alomomola\n|-singleturn|p1a: Alomomola|Protect\n|move|p2a: Landorus|Earthquake|p1a: Alomomola\n|-activate|p1a: Alomomola|move: Protect\n|\n|upkeep\n|turn|84\n|\n|t:|1771253714\n|move|p2a: Landorus|Earthquake|p1a: Alomomola\n|-damage|p1a: Alomomola|6/100\n|move|p1a: Alomomola|Wish|p1a: Alomomola\n|\n|upkeep\n|turn|85\n|\n|t:|1771253718\n|move|p1a: Alomomola|Protect|p1a: Alomomola\n|-singleturn|p1a: Alomomola|Protect\n|move|p2a: Landorus|Earthquake|p1a: Alomomola\n|-activate|p1a: Alomomola|move: Protect\n|\n|-heal|p1a: Alomomola|56/100|[from] move: Wish|[wisher] Alomomola\n|upkeep\n|turn|86\n|\n|t:|1771253721\n|-terastallize|p1a: Alomomola|Grass\n|move|p2a: Landorus|Earthquake|p1a: Alomomola\n|-resisted|p1a: Alomomola\n|-damage|p1a: Alomomola|26/100\n|move|p1a: Alomomola|Scald|p2a: Landorus\n|-damage|p2a: Landorus|23/100\n|\n|upkeep\n|turn|87\n|l| hbgzd\n|\n|t:|1771253736\n|switch|p2a: Darkrai|Darkrai|35/100\n|switch|p1a: Blissey|Blissey, F|100/100\n|\n|upkeep\n|turn|88\n|inactive|winfiftyfifties has 120 seconds left.\n|\n|t:|1771253763\n|switch|p2a: Landorus|Landorus-Therian, M, tera:Flying|23/100\n|-ability|p2a: Landorus|Intimidate|boost\n|-unboost|p1a: Blissey|atk|1\n|move|p1a: Blissey|Shadow Ball|p2a: Landorus\n|-damage|p2a: Landorus|6/100\n|\n|upkeep\n|turn|89\n|j| nonchalantbufalant\n|inactive|winfiftyfifties has 120 seconds left.\n|\n|t:|1771253777\n|move|p2a: Landorus|Earthquake|p1a: Blissey\n|-crit|p1a: Blissey\n|-damage|p1a: Blissey|0 fnt\n|faint|p1a: Blissey\n|\n|upkeep\n|\n|t:|1771253780\n|switch|p1a: Alomomola|Alomomola, F, tera:Grass|59/100\n|turn|90\n|\n|t:|1771253784\n|switch|p2a: Dragapult|Dragapult, F|75/100\n|move|p1a: Alomomola|Wish|p1a: Alomomola\n|\n|upkeep\n|turn|91\n|\n|t:|1771253793\n|move|p2a: Dragapult|Will-O-Wisp|p1a: Alomomola\n|-status|p1a: Alomomola|brn\n|move|p1a: Alomomola|Scald|p2a: Dragapult\n|-resisted|p2a: Dragapult\n|-damage|p2a: Dragapult|66/100\n|\n|-heal|p1a: Alomomola|100/100 brn|[from] move: Wish|[wisher] Alomomola\n|-damage|p1a: Alomomola|94/100 brn|[from] brn\n|upkeep\n|turn|92\n|\n|t:|1771253799\n|switch|p2a: Darkrai|Darkrai|35/100\n|move|p1a: Alomomola|Scald|p2a: Darkrai\n|-damage|p2a: Darkrai|16/100\n|-status|p2a: Darkrai|brn\n|\n|-damage|p2a: Darkrai|10/100 brn|[from] brn\n|-damage|p1a: Alomomola|88/100 brn|[from] brn\n|upkeep\n|turn|93\n|\n|t:|1771253804\n|move|p2a: Darkrai|Ice Beam|p1a: Alomomola\n|-supereffective|p1a: Alomomola\n|-damage|p1a: Alomomola|0 fnt\n|faint|p1a: Alomomola\n|\n|win|winfiftyfifties\n|raw|dimitry5000's rating: 1752 &rarr; <strong>1735</strong><br />(-17 for losing)\n|raw|winfiftyfifties's rating: 1811 &rarr; <strong>1828</strong><br />(+17 for winning)\n|l|☆dimitry5000\n|player|p1|\n|l| nonchalantbufalant\n|l|‽winfiftyfifties\n|player|p2|\n", "uploadtime": 1771253948, "views": 4, "formatid": "gen9ou", "rating": 1735, "private": 0, "password": null}