{"id": "gen9ou-2639202923", "format": "[Gen 9] OU", "players": ["Coolbroes", "DrBunns"], "log": "|j|☆Coolbroes\n|j|☆DrBunns\n|t:|1782433479\n|gametype|singles\n|player|p1|Coolbroes|170|1591\n|player|p2|DrBunns|265|1552\n|gen|9\n|tier|[Gen 9] OU\n|rated|\n|rule|HP Percentage Mod: HP is shown in percentages\n|rule|Endless Battle Clause: Forcing endless battles is banned\n|rule|Species Clause: Limit one of each Pokémon\n|rule|OHKO Clause: OHKO moves are banned\n|rule|Evasion Items Clause: Evasion items are banned\n|rule|Evasion Moves Clause: Evasion moves are banned\n|rule|Evasion Abilities Clause: Evasion abilities are banned\n|rule|Sleep Moves Clause: Sleep-inducing moves are banned\n|clearpoke\n|poke|p1|Kyurem|\n|poke|p1|Ceruledge, F|\n|poke|p1|Landorus-Therian, M|\n|poke|p1|Hatterene, F|\n|poke|p1|Regieleki|\n|poke|p1|Darkrai|\n|poke|p2|Gholdengo|\n|poke|p2|Kingambit, M|\n|poke|p2|Ribombee, F|\n|poke|p2|Enamorus, F|\n|poke|p2|Great Tusk|\n|poke|p2|Hoopa-Unbound|\n|teampreview\n|\n|t:|1782433499\n|teamsize|p1|6\n|teamsize|p2|6\n|start\n|switch|p1a: Landorus|Landorus-Therian, M, shiny|100/100\n|switch|p2a: Ribombee|Ribombee, F|100/100\n|-ability|p1a: Landorus|Intimidate|boost\n|-unboost|p2a: Ribombee|atk|1\n|turn|1\n|\n|t:|1782433507\n|move|p2a: Ribombee|Skill Swap|p1a: Landorus\n|-activate|p2a: Ribombee|Skill Swap|Intimidate|Shield Dust|[of] p1a: Landorus\n|-ability|p2a: Ribombee|Intimidate|boost\n|-unboost|p1a: Landorus|atk|1\n|move|p1a: Landorus|Stealth Rock|p2a: Ribombee\n|-sidestart|p2: DrBunns|move: Stealth Rock\n|\n|upkeep\n|turn|2\n|\n|t:|1782433516\n|switch|p1a: Hatterene|Hatterene, F, shiny|100/100\n|move|p2a: Ribombee|Skill Swap|p1a: Hatterene\n|-activate|p2a: Ribombee|Skill Swap|Magic Bounce|Intimidate|[of] p1a: Hatterene\n|-ability|p1a: Hatterene|Intimidate|boost\n|-unboost|p2a: Ribombee|atk|1\n|\n|upkeep\n|turn|3\n|\n|t:|1782433525\n|move|p2a: Ribombee|Sticky Web|p1a: Hatterene\n|-sidestart|p1: Coolbroes|move: Sticky Web\n|move|p1a: Hatterene|Mystical Fire|p2a: Ribombee\n|-supereffective|p2a: Ribombee\n|-damage|p2a: Ribombee|19/100\n|-unboost|p2a: Ribombee|spa|1\n|\n|upkeep\n|turn|4\n|\n|t:|1782433535\n|move|p2a: Ribombee|Stun Spore|p1a: Hatterene\n|-status|p1a: Hatterene|par\n|move|p1a: Hatterene|Draining Kiss|p2a: Ribombee\n|-damage|p2a: Ribombee|0 fnt\n|faint|p2a: Ribombee\n|\n|upkeep\n|\n|t:|1782433551\n|switch|p2a: Hoopa|Hoopa-Unbound|100/100\n|-damage|p2a: Hoopa|88/100|[from] Stealth Rock\n|turn|5\n|\n|t:|1782433581\n|move|p2a: Hoopa|Knock Off|p1a: Hatterene\n|-damage|p1a: Hatterene|46/100 par\n|-enditem|p1a: Hatterene|Assault Vest|[from] move: Knock Off|[of] p2a: Hoopa\n|move|p1a: Hatterene|Mystical Fire|p2a: Hoopa\n|-damage|p2a: Hoopa|76/100\n|-unboost|p2a: Hoopa|spa|1\n|\n|upkeep\n|turn|6\n|\n|t:|1782433606\n|move|p2a: Hoopa|Dark Pulse|p1a: Hatterene\n|-damage|p1a: Hatterene|15/100 par\n|move|p1a: Hatterene|Draining Kiss|p2a: Hoopa\n|-supereffective|p2a: Hoopa\n|-damage|p2a: Hoopa|48/100\n|-heal|p1a: Hatterene|35/100 par|[from] drain|[of] p2a: Hoopa\n|\n|upkeep\n|turn|7\n|\n|t:|1782433633\n|move|p2a: Hoopa|Dark Pulse|p1a: Hatterene\n|-damage|p1a: Hatterene|3/100 par\n|cant|p1a: Hatterene|flinch\n|\n|upkeep\n|turn|8\n|\n|t:|1782433642\n|move|p2a: Hoopa|Knock Off|p1a: Hatterene\n|-damage|p1a: Hatterene|0 fnt\n|faint|p1a: Hatterene\n|\n|upkeep\n|\n|t:|1782433645\n|switch|p1a: Regieleki|Regieleki|100/100\n|-activate|p1a: Regieleki|move: Sticky Web\n|-unboost|p1a: Regieleki|spe|1\n|turn|9\n|\n|t:|1782433651\n|switch|p2a: Gholdengo|Gholdengo|100/100\n|-damage|p2a: Gholdengo|94/100|[from] Stealth Rock\n|-item|p2a: Gholdengo|Air Balloon\n|move|p1a: Regieleki|Rapid Spin|p2a: Gholdengo\n|-immune|p2a: Gholdengo\n|\n|upkeep\n|turn|10\n|\n|t:|1782433673\n|switch|p1a: Landorus|Landorus-Therian, M, shiny|100/100\n|-ability|p1a: Landorus|Intimidate|boost\n|-unboost|p2a: Gholdengo|atk|1\n|move|p2a: Gholdengo|Shadow Ball|p1a: Landorus\n|-damage|p1a: Landorus|60/100\n|\n|upkeep\n|turn|11\n|\n|t:|1782433687\n|move|p1a: Landorus|U-turn|p2a: Gholdengo\n|-resisted|p2a: Gholdengo\n|-damage|p2a: Gholdengo|90/100\n|-enditem|p2a: Gholdengo|Air Balloon\n|\n|t:|1782433691\n|switch|p1a: Regieleki|Regieleki|100/100|[from] U-turn\n|-activate|p1a: Regieleki|move: Sticky Web\n|-unboost|p1a: Regieleki|spe|1\n|move|p2a: Gholdengo|Make It Rain|p1a: Regieleki\n|-resisted|p1a: Regieleki\n|-damage|p1a: Regieleki|47/100\n|-unboost|p2a: Gholdengo|spa|1\n|\n|upkeep\n|turn|12\n|\n|t:|1782433704\n|move|p1a: Regieleki|Rapid Spin|p2a: Gholdengo\n|-immune|p2a: Gholdengo\n|move|p2a: Gholdengo|Nasty Plot|p2a: Gholdengo\n|-boost|p2a: Gholdengo|spa|2\n|\n|upkeep\n|turn|13\n|\n|t:|1782433718\n|switch|p1a: Ceruledge|Ceruledge, F, shiny|100/100\n|-activate|p1a: Ceruledge|move: Sticky Web\n|-unboost|p1a: Ceruledge|spe|1\n|move|p2a: Gholdengo|Shadow Ball|p1a: Ceruledge\n|-supereffective|p1a: Ceruledge\n|-damage|p1a: Ceruledge|0 fnt\n|faint|p1a: Ceruledge\n|\n|upkeep\n|\n|t:|1782433724\n|switch|p1a: Darkrai|Darkrai|100/100\n|-activate|p1a: Darkrai|move: Sticky Web\n|-unboost|p1a: Darkrai|spe|1\n|turn|14\n|\n|t:|1782433732\n|move|p2a: Gholdengo|Make It Rain|p1a: Darkrai\n|-enditem|p1a: Darkrai|Focus Sash\n|-damage|p1a: Darkrai|1/100\n|-unboost|p2a: Gholdengo|spa|1\n|move|p1a: Darkrai|Dark Pulse|p2a: Gholdengo\n|-supereffective|p2a: Gholdengo\n|-damage|p2a: Gholdengo|4/100\n|\n|upkeep\n|turn|15\n|\n|t:|1782433744\n|move|p2a: Gholdengo|Shadow Ball|p1a: Darkrai\n|-resisted|p1a: Darkrai\n|-damage|p1a: Darkrai|0 fnt\n|faint|p1a: Darkrai\n|\n|upkeep\n|\n|t:|1782433747\n|switch|p1a: Landorus|Landorus-Therian, M, shiny|60/100\n|-ability|p1a: Landorus|Intimidate|boost\n|-unboost|p2a: Gholdengo|atk|1\n|turn|16\n|\n|t:|1782433771\n|move|p1a: Landorus|U-turn|p2a: Gholdengo\n|-resisted|p2a: Gholdengo\n|-damage|p2a: Gholdengo|0 fnt\n|faint|p2a: Gholdengo\n|\n|t:|1782433775\n|switch|p1a: Regieleki|Regieleki|47/100|[from] U-turn\n|-activate|p1a: Regieleki|move: Sticky Web\n|-unboost|p1a: Regieleki|spe|1\n|\n|upkeep\n|\n|t:|1782433783\n|switch|p2a: Kingambit|Kingambit, M|100/100\n|-damage|p2a: Kingambit|94/100|[from] Stealth Rock\n|-activate|p2a: Kingambit|ability: Supreme Overlord\n|-start|p2a: Kingambit|fallen2|[silent]\n|turn|17\n|\n|t:|1782433791\n|switch|p1a: Landorus|Landorus-Therian, M, shiny|60/100\n|-ability|p1a: Landorus|Intimidate|boost\n|-unboost|p2a: Kingambit|atk|1\n|move|p2a: Kingambit|Sucker Punch||[still]\n|-fail|p2a: Kingambit\n|\n|-heal|p2a: Kingambit|100/100|[from] item: Leftovers\n|upkeep\n|turn|18\n|\n|t:|1782433803\n|-terastallize|p2a: Kingambit|Ghost\n|move|p1a: Landorus|U-turn|p2a: Kingambit\n|-resisted|p2a: Kingambit\n|-damage|p2a: Kingambit|92/100\n|\n|t:|1782433807\n|switch|p1a: Regieleki|Regieleki|47/100|[from] U-turn\n|-activate|p1a: Regieleki|move: Sticky Web\n|-unboost|p1a: Regieleki|spe|1\n|move|p2a: Kingambit|Swords Dance|p2a: Kingambit\n|-boost|p2a: Kingambit|atk|2\n|\n|-heal|p2a: Kingambit|98/100|[from] item: Leftovers\n|upkeep\n|turn|19\n|\n|t:|1782433819\n|switch|p1a: Landorus|Landorus-Therian, M, shiny|60/100\n|-ability|p1a: Landorus|Intimidate|boost\n|-unboost|p2a: Kingambit|atk|1\n|move|p2a: Kingambit|Iron Head|p1a: Landorus\n|-damage|p1a: Landorus|2/100\n|-damage|p2a: Kingambit|82/100|[from] item: Rocky Helmet|[of] p1a: Landorus\n|\n|-heal|p2a: Kingambit|88/100|[from] item: Leftovers\n|upkeep\n|turn|20\n|\n|t:|1782433829\n|move|p2a: Kingambit|Sucker Punch||[still]\n|-fail|p2a: Kingambit\n|move|p1a: Landorus|Taunt|p2a: Kingambit\n|-start|p2a: Kingambit|move: Taunt\n|\n|-heal|p2a: Kingambit|94/100|[from] item: Leftovers\n|upkeep\n|turn|21\n|\n|t:|1782433839\n|move|p2a: Kingambit|Sucker Punch||[still]\n|-fail|p2a: Kingambit\n|move|p1a: Landorus|Taunt||[still]\n|-fail|p1a: Landorus\n|\n|-heal|p2a: Kingambit|99/100|[from] item: Leftovers\n|upkeep\n|turn|22\n|\n|t:|1782433847\n|move|p1a: Landorus|Earth Power|p2a: Kingambit\n|-damage|p2a: Kingambit|64/100\n|move|p2a: Kingambit|Iron Head|p1a: Landorus\n|-damage|p1a: Landorus|0 fnt\n|-damage|p2a: Kingambit|48/100|[from] item: Rocky Helmet|[of] p1a: Landorus\n|faint|p1a: Landorus\n|\n|-heal|p2a: Kingambit|54/100|[from] item: Leftovers\n|upkeep\n|\n|t:|1782433861\n|switch|p1a: Kyurem|Kyurem, shiny|100/100\n|-activate|p1a: Kyurem|move: Sticky Web\n|-unboost|p1a: Kyurem|spe|1\n|-ability|p1a: Kyurem|Pressure\n|turn|23\n|\n|t:|1782433868\n|move|p1a: Kyurem|Icicle Spear|p2a: Kingambit\n|-damage|p2a: Kingambit|42/100\n|-damage|p2a: Kingambit|30/100\n|-damage|p2a: Kingambit|18/100\n|-damage|p2a: Kingambit|5/100\n|-damage|p2a: Kingambit|0 fnt\n|faint|p2a: Kingambit\n|-end|p2a: Kingambit|fallen2|[silent]\n|-hitcount|p2: Kingambit|5\n|\n|upkeep\n|\n|t:|1782433886\n|switch|p2a: Enamorus|Enamorus, F|100/100\n|-damage|p2a: Enamorus|76/100|[from] Stealth Rock\n|turn|24\n|\n|t:|1782433897\n|switch|p1a: Regieleki|Regieleki|47/100\n|-activate|p1a: Regieleki|move: Sticky Web\n|-unboost|p1a: Regieleki|spe|1\n|move|p2a: Enamorus|Moonblast|p1a: Regieleki\n|-damage|p1a: Regieleki|0 fnt\n|faint|p1a: Regieleki\n|\n|upkeep\n|\n|t:|1782433900\n|switch|p1a: Kyurem|Kyurem, shiny|100/100\n|-activate|p1a: Kyurem|move: Sticky Web\n|-unboost|p1a: Kyurem|spe|1\n|-ability|p1a: Kyurem|Pressure\n|turn|25\n|\n|t:|1782433917\n|-terastallize|p1a: Kyurem|Fairy\n|move|p2a: Enamorus|Moonblast|p1a: Kyurem\n|-damage|p1a: Kyurem|22/100\n|move|p1a: Kyurem|Dragon Dance|p1a: Kyurem\n|-boost|p1a: Kyurem|atk|1\n|-boost|p1a: Kyurem|spe|1\n|\n|upkeep\n|turn|26\n|\n|t:|1782433927\n|move|p1a: Kyurem|Icicle Spear|p2a: Enamorus\n|-supereffective|p2a: Enamorus\n|-damage|p2a: Enamorus|12/100\n|-supereffective|p2a: Enamorus\n|-damage|p2a: Enamorus|0 fnt\n|faint|p2a: Enamorus\n|-hitcount|p2: Enamorus|2\n|\n|upkeep\n|\n|t:|1782433937\n|switch|p2a: Great Tusk|Great Tusk|100/100\n|-damage|p2a: Great Tusk|98/100|[from] Stealth Rock\n|turn|27\n|\n|t:|1782433950\n|move|p1a: Kyurem|Icicle Spear|p2a: Great Tusk\n|-supereffective|p2a: Great Tusk\n|-damage|p2a: Great Tusk|67/100\n|-supereffective|p2a: Great Tusk\n|-damage|p2a: Great Tusk|41/100\n|-supereffective|p2a: Great Tusk\n|-damage|p2a: Great Tusk|13/100\n|-supereffective|p2a: Great Tusk\n|-damage|p2a: Great Tusk|0 fnt\n|faint|p2a: Great Tusk\n|-end|p2a: Great Tusk|Protosynthesis|[silent]\n|-hitcount|p2: Great Tusk|4\n|\n|upkeep\n|\n|t:|1782433960\n|switch|p2a: Hoopa|Hoopa-Unbound|48/100\n|-damage|p2a: Hoopa|35/100|[from] Stealth Rock\n|turn|28\n|\n|t:|1782433965\n|move|p1a: Kyurem|Icicle Spear|p2a: Hoopa\n|-damage|p2a: Hoopa|0 fnt\n|faint|p2a: Hoopa\n|-hitcount|p2: Hoopa|1\n|\n|win|Coolbroes\n|raw|Coolbroes's rating: 1591 &rarr; <strong>1609</strong><br />(+18 for winning)\n|raw|DrBunns's rating: 1552 &rarr; <strong>1534</strong><br />(-18 for losing)\n", "uploadtime": 1782433970, "views": 24, "formatid": "gen9ou", "rating": 1534, "private": 0, "password": null}