{"id": "gen9ou-2540747349", "format": "[Gen 9] OU", "players": ["shrek5baby", "Noamm"], "log": "|j|☆shrek5baby\n|j|☆Noamm\n|t:|1771249215\n|gametype|singles\n|player|p1|shrek5baby|rood|1666\n|player|p2|Noamm|gambler|1836\n|gen|9\n|tier|[Gen 9] OU\n|rated|\n|rule|HP Percentage Mod: HP is shown in percentages\n|rule|Endless Battle Clause: Forcing endless battles is banned\n|rule|Species Clause: Limit one of each Pokémon\n|rule|OHKO Clause: OHKO moves are banned\n|rule|Evasion Items Clause: Evasion items are banned\n|rule|Evasion Moves Clause: Evasion moves are banned\n|rule|Evasion Abilities Clause: Evasion abilities are banned\n|rule|Sleep Moves Clause: Sleep-inducing moves are banned\n|clearpoke\n|poke|p1|Dragonite, F|\n|poke|p1|Tyranitar, M|\n|poke|p1|Gholdengo|\n|poke|p1|Gliscor, M|\n|poke|p1|Excadrill, M|\n|poke|p1|Weezing-Galar, M|\n|poke|p2|Lokix, M|\n|poke|p2|Iron Valiant|\n|poke|p2|Alomomola, F|\n|poke|p2|Mandibuzz, F|\n|poke|p2|Great Tusk|\n|poke|p2|Gholdengo|\n|teampreview\n|inactive|Battle timer is ON: inactive players will automatically lose when time's up. (requested by shrek5baby)\n|c|☆Noamm|Hf\n|j| le saintdoux\n|\n|t:|1771249240\n|teamsize|p1|6\n|teamsize|p2|6\n|start\n|switch|p1a: Gliscor|Gliscor, M, shiny|100/100\n|switch|p2a: He Who Walks|Great Tusk|100/100\n|turn|1\n|\n|t:|1771249247\n|move|p1a: Gliscor|Protect|p1a: Gliscor\n|-singleturn|p1a: Gliscor|Protect\n|move|p2a: He Who Walks|Ice Spinner|p1a: Gliscor\n|-activate|p1a: Gliscor|move: Protect\n|\n|-status|p1a: Gliscor|tox|[from] item: Toxic Orb\n|upkeep\n|turn|2\n|\n|t:|1771249249\n|switch|p1a: Weezing|Weezing-Galar, M|100/100\n|-ability|p1a: Weezing|Neutralizing Gas\n|move|p2a: He Who Walks|Ice Spinner|p1a: Weezing\n|-damage|p1a: Weezing|83/100\n|\n|upkeep\n|turn|3\n|\n|t:|1771249260\n|-end|p2a: He Who Walks|Protosynthesis|[silent]\n|switch|p2a: The Path of Heaven|Gholdengo|100/100\n|-end|p1a: Weezing|ability: Neutralizing Gas\n|switch|p1a: Gholdengo|Gholdengo, shiny|100/100\n|-item|p1a: Gholdengo|Air Balloon\n|\n|upkeep\n|turn|4\n|\n|t:|1771249265\n|move|p2a: The Path of Heaven|Shadow Ball|p1a: Gholdengo\n|-supereffective|p1a: Gholdengo\n|-damage|p1a: Gholdengo|14/100\n|-enditem|p1a: Gholdengo|Air Balloon\n|move|p1a: Gholdengo|Shadow Ball|p2a: The Path of Heaven\n|-supereffective|p2a: The Path of Heaven\n|-damage|p2a: The Path of Heaven|0 fnt\n|faint|p2a: The Path of Heaven\n|\n|upkeep\n|\n|t:|1771249285\n|switch|p2a: CAST OFF|Iron Valiant, shiny|100/100\n|turn|5\n|\n|t:|1771249299\n|-terastallize|p2a: CAST OFF|Fairy\n|move|p2a: CAST OFF|Moonblast|p1a: Gholdengo\n|-resisted|p1a: Gholdengo\n|-damage|p1a: Gholdengo|0 fnt\n|faint|p1a: Gholdengo\n|\n|upkeep\n|j| Cabalgasapos\n|l| Cabalgasapos\n|\n|t:|1771249317\n|switch|p1a: Excadrill|Excadrill, M|100/100\n|-item|p1a: Excadrill|Air Balloon\n|turn|6\n|\n|t:|1771249323\n|-end|p2a: CAST OFF|Quark Drive|[silent]\n|switch|p2a: He Who Walks|Great Tusk|100/100\n|move|p1a: Excadrill|Iron Head|p2a: He Who Walks\n|-damage|p2a: He Who Walks|64/100\n|\n|upkeep\n|turn|7\n|\n|t:|1771249335\n|switch|p1a: Weezing|Weezing-Galar, M|83/100\n|-ability|p1a: Weezing|Neutralizing Gas\n|move|p2a: He Who Walks|Rapid Spin|p1a: Weezing\n|-damage|p1a: Weezing|72/100\n|-boost|p2a: He Who Walks|spe|1\n|\n|upkeep\n|turn|8\n|\n|t:|1771249340\n|move|p2a: He Who Walks|Headlong Rush|p1a: Weezing\n|-supereffective|p1a: Weezing\n|-damage|p1a: Weezing|0 fnt\n|-unboost|p2a: He Who Walks|def|1\n|-unboost|p2a: He Who Walks|spd|1\n|faint|p1a: Weezing\n|-end|p1a: Weezing|ability: Neutralizing Gas\n|\n|upkeep\n|\n|t:|1771249345\n|switch|p1a: Tyranitar|Tyranitar, M|100/100\n|-weather|Sandstorm|[from] ability: Sand Stream|[of] p1a: Tyranitar\n|turn|9\n|\n|t:|1771249359\n|switch|p1a: Gliscor|Gliscor, M, shiny|100/100 tox\n|move|p2a: He Who Walks|Headlong Rush|p1a: Gliscor\n|-immune|p1a: Gliscor\n|\n|-weather|Sandstorm|[upkeep]\n|upkeep\n|turn|10\n|\n|t:|1771249369\n|move|p2a: He Who Walks|Ice Spinner|p1a: Gliscor\n|-supereffective|p1a: Gliscor\n|-damage|p1a: Gliscor|0 fnt\n|faint|p1a: Gliscor\n|\n|-weather|Sandstorm|[upkeep]\n|upkeep\n|\n|t:|1771249370\n|switch|p1a: Excadrill|Excadrill, M|100/100\n|-item|p1a: Excadrill|Air Balloon\n|turn|11\n|\n|t:|1771249386\n|-end|p2a: He Who Walks|Protosynthesis|[silent]\n|switch|p2a: CLOCK UP|Alomomola, F|100/100\n|move|p1a: Excadrill|Iron Head|p2a: CLOCK UP\n|-resisted|p2a: CLOCK UP\n|-damage|p2a: CLOCK UP|81/100\n|\n|-weather|Sandstorm|[upkeep]\n|-damage|p2a: CLOCK UP|75/100|[from] Sandstorm\n|upkeep\n|turn|12\n|\n|t:|1771249394\n|move|p1a: Excadrill|Swords Dance|p1a: Excadrill\n|-boost|p1a: Excadrill|atk|2\n|move|p2a: CLOCK UP|Flip Turn|p1a: Excadrill\n|-supereffective|p1a: Excadrill\n|-damage|p1a: Excadrill|50/100\n|-enditem|p1a: Excadrill|Air Balloon\n|\n|t:|1771249397\n|switch|p2a: RIDER KICK|Lokix, M|100/100|[from] Flip Turn\n|\n|-weather|Sandstorm|[upkeep]\n|-damage|p2a: RIDER KICK|94/100|[from] Sandstorm\n|upkeep\n|turn|13\n|\n|t:|1771249405\n|move|p2a: RIDER KICK|First Impression|p1a: Excadrill\n|-resisted|p1a: Excadrill\n|-damage|p1a: Excadrill|0 fnt\n|faint|p1a: Excadrill\n|\n|-weather|Sandstorm|[upkeep]\n|-damage|p2a: RIDER KICK|88/100|[from] Sandstorm\n|upkeep\n|\n|t:|1771249409\n|switch|p1a: Tyranitar|Tyranitar, M|100/100\n|turn|14\n|\n|t:|1771249415\n|switch|p2a: CAST OFF|Iron Valiant, shiny, tera:Fairy|100/100\n|move|p1a: Tyranitar|Stealth Rock|p2a: CAST OFF\n|-sidestart|p2: Noamm|move: Stealth Rock\n|\n|-weather|Sandstorm|[upkeep]\n|-damage|p2a: CAST OFF|94/100|[from] Sandstorm\n|upkeep\n|turn|15\n|\n|t:|1771249420\n|move|p2a: CAST OFF|Moonblast|p1a: Tyranitar\n|-supereffective|p1a: Tyranitar\n|-damage|p1a: Tyranitar|0 fnt\n|faint|p1a: Tyranitar\n|\n|-weather|Sandstorm|[upkeep]\n|-damage|p2a: CAST OFF|88/100|[from] Sandstorm\n|upkeep\n|\n|t:|1771249422\n|switch|p1a: Dragonite|Dragonite, F, shiny|100/100\n|turn|16\n|\n|t:|1771249432\n|move|p2a: CAST OFF|Moonblast|p1a: Dragonite\n|-supereffective|p1a: Dragonite\n|-damage|p1a: Dragonite|0 fnt\n|faint|p1a: Dragonite\n|\n|win|Noamm\n|raw|shrek5baby's rating: 1666 &rarr; <strong>1655</strong><br />(-11 for losing)\n|raw|Noamm's rating: 1836 &rarr; <strong>1847</strong><br />(+11 for winning)\n|l|☆shrek5baby\n|player|p1|\n|l|☆Noamm\n|player|p2|\n|l| le saintdoux\n", "uploadtime": 1771249692, "views": 13, "formatid": "gen9ou", "rating": 1655, "private": 0, "password": null}