{"id": "gen9ou-2639253081", "format": "[Gen 9] OU", "players": ["slaba", "juneteenth enjoyer"], "log": "|j|☆slaba\n|j|☆juneteenth enjoyer\n|t:|1782440862\n|gametype|singles\n|player|p1|slaba|steven|1063\n|player|p2|juneteenth enjoyer|parasollady|1130\n|gen|9\n|tier|[Gen 9] OU\n|rated|\n|rule|HP Percentage Mod: HP is shown in percentages\n|rule|Endless Battle Clause: Forcing endless battles is banned\n|rule|Species Clause: Limit one of each Pokémon\n|rule|OHKO Clause: OHKO moves are banned\n|rule|Evasion Items Clause: Evasion items are banned\n|rule|Evasion Moves Clause: Evasion moves are banned\n|rule|Evasion Abilities Clause: Evasion abilities are banned\n|rule|Sleep Moves Clause: Sleep-inducing moves are banned\n|clearpoke\n|poke|p1|Garchomp, F|\n|poke|p1|Tinkaton, F|\n|poke|p1|Golurk|\n|poke|p1|Cacturne, M|\n|poke|p1|Tentacruel, M|\n|poke|p1|Minior-Violet|\n|poke|p2|Pelipper, F|\n|poke|p2|Hatterene, F|\n|poke|p2|Iron Treads|\n|poke|p2|Toxicroak, F|\n|poke|p2|Barraskewda, F|\n|poke|p2|Zapdos|\n|teampreview\n|inactive|Battle timer is ON: inactive players will automatically lose when time's up. (requested by juneteenth enjoyer)\n|inactive|slaba also wants the timer to be on.\n|\n|t:|1782440882\n|teamsize|p1|6\n|teamsize|p2|6\n|start\n|switch|p1a: Minior|Minior-Violet, shiny|100/100\n|switch|p2a: necky|Iron Treads|100/100\n|-formechange|p1a: Minior|Minior-Meteor||[from] ability: Shields Down\n|turn|1\n|\n|t:|1782440896\n|-terastallize|p1a: Minior|Grass\n|move|p2a: necky|Stealth Rock|p1a: Minior\n|-sidestart|p1: slaba|move: Stealth Rock\n|move|p1a: Minior|Shell Smash|p1a: Minior\n|-unboost|p1a: Minior|def|1\n|-unboost|p1a: Minior|spd|1\n|-boost|p1a: Minior|atk|2\n|-boost|p1a: Minior|spa|2\n|-boost|p1a: Minior|spe|2\n|-enditem|p1a: Minior|White Herb\n|-clearnegativeboost|p1a: Minior|[silent]\n|\n|upkeep\n|turn|2\n|\n|t:|1782440906\n|move|p1a: Minior|Earthquake|p2a: necky\n|-supereffective|p2a: necky\n|-damage|p2a: necky|26/100\n|move|p2a: necky|Volt Switch|p1a: Minior\n|-resisted|p1a: Minior\n|-damage|p1a: Minior|94/100\n|\n|t:|1782440909\n|-end|p2a: necky|Quark Drive|[silent]\n|switch|p2a: gang violence|Pelipper, F|100/100|[from] Volt Switch\n|-weather|RainDance|[from] ability: Drizzle|[of] p2a: gang violence\n|\n|-weather|RainDance|[upkeep]\n|upkeep\n|turn|3\n|\n|t:|1782440915\n|switch|p2a: freedom|Hatterene, F|100/100\n|move|p1a: Minior|Stone Edge|p2a: freedom\n|-damage|p2a: freedom|33/100\n|-enditem|p2a: freedom|Eject Button\n|\n|t:|1782440918\n|switch|p2a: kirking it up|Barraskewda, F|100/100\n|\n|-weather|RainDance|[upkeep]\n|upkeep\n|turn|4\n|\n|t:|1782440926\n|move|p2a: kirking it up|Flip Turn|p1a: Minior\n|-resisted|p1a: Minior\n|-damage|p1a: Minior|47/100\n|\n|t:|1782440932\n|switch|p2a: freedom|Hatterene, F|33/100|[from] Flip Turn\n|move|p1a: Minior|Acrobatics|p2a: freedom\n|-damage|p2a: freedom|0 fnt\n|faint|p2a: freedom\n|\n|-weather|RainDance|[upkeep]\n|-formechange|p1a: Minior|Minior-Violet||[from] ability: Shields Down\n|upkeep\n|\n|t:|1782440937\n|switch|p2a: kirking it up|Barraskewda, F|100/100\n|turn|5\n|\n|t:|1782440948\n|move|p2a: kirking it up|Liquidation|p1a: Minior\n|-resisted|p1a: Minior\n|-damage|p1a: Minior|0 fnt\n|faint|p1a: Minior\n|\n|-weather|RainDance|[upkeep]\n|upkeep\n|\n|t:|1782440952\n|switch|p1a: Cacturne|Cacturne, M, shiny|100/100\n|-damage|p1a: Cacturne|88/100|[from] Stealth Rock\n|turn|6\n|\n|t:|1782440958\n|-terastallize|p2a: kirking it up|Water\n|move|p2a: kirking it up|Liquidation|p1a: Cacturne\n|-heal|p1a: Cacturne|100/100|[from] ability: Water Absorb|[of] p2a: kirking it up\n|move|p1a: Cacturne|Destiny Bond|p1a: Cacturne\n|-singlemove|p1a: Cacturne|Destiny Bond\n|\n|-weather|RainDance|[upkeep]\n|upkeep\n|turn|7\n|\n|t:|1782440965\n|switch|p2a: tyler j robinson|Toxicroak, F|100/100\n|move|p1a: Cacturne|Swords Dance|p1a: Cacturne\n|-boost|p1a: Cacturne|atk|2\n|\n|-weather|RainDance|[upkeep]\n|upkeep\n|turn|8\n|\n|t:|1782440969\n|move|p2a: tyler j robinson|Encore|p1a: Cacturne\n|-start|p1a: Cacturne|Encore\n|move|p1a: Cacturne|Swords Dance|p1a: Cacturne\n|-boost|p1a: Cacturne|atk|2\n|\n|-weather|RainDance|[upkeep]\n|upkeep\n|turn|9\n|\n|t:|1782440973\n|switch|p2a: pop a perky|Zapdos|100/100\n|move|p1a: Cacturne|Swords Dance|p1a: Cacturne\n|-boost|p1a: Cacturne|atk|2\n|\n|-weather|none\n|upkeep\n|turn|10\n|\n|t:|1782440978\n|move|p2a: pop a perky|Hurricane|p1a: Cacturne\n|-supereffective|p1a: Cacturne\n|-enditem|p1a: Cacturne|Focus Sash\n|-damage|p1a: Cacturne|1/100\n|move|p1a: Cacturne|Swords Dance|p1a: Cacturne\n|-boost|p1a: Cacturne|atk|0\n|\n|-end|p1a: Cacturne|Encore\n|upkeep\n|turn|11\n|\n|t:|1782440987\n|switch|p2a: gang violence|Pelipper, F|100/100\n|-weather|RainDance|[from] ability: Drizzle|[of] p2a: gang violence\n|move|p1a: Cacturne|Sucker Punch||[still]\n|-fail|p1a: Cacturne\n|\n|-weather|RainDance|[upkeep]\n|upkeep\n|turn|12\n|\n|t:|1782440994\n|switch|p2a: tyler j robinson|Toxicroak, F|100/100\n|move|p1a: Cacturne|Sucker Punch||[still]\n|-fail|p1a: Cacturne\n|\n|-weather|RainDance|[upkeep]\n|upkeep\n|turn|13\n|\n|t:|1782440999\n|move|p1a: Cacturne|Sucker Punch||[still]\n|-fail|p1a: Cacturne\n|move|p2a: tyler j robinson|Encore|p1a: Cacturne\n|-start|p1a: Cacturne|Encore\n|\n|-weather|RainDance|[upkeep]\n|upkeep\n|turn|14\n|\n|t:|1782441003\n|move|p1a: Cacturne|Sucker Punch||[still]\n|-fail|p1a: Cacturne\n|move|p2a: tyler j robinson|Toxic|p1a: Cacturne\n|-status|p1a: Cacturne|tox\n|\n|-weather|RainDance|[upkeep]\n|-damage|p1a: Cacturne|0 fnt|[from] psn\n|faint|p1a: Cacturne\n|upkeep\n|\n|t:|1782441010\n|switch|p1a: Tentacruel|Tentacruel, M, shiny|100/100\n|-damage|p1a: Tentacruel|88/100|[from] Stealth Rock\n|turn|15\n|\n|t:|1782441013\n|move|p1a: Tentacruel|Rapid Spin|p2a: tyler j robinson\n|-damage|p2a: tyler j robinson|92/100\n|-boost|p1a: Tentacruel|spe|1\n|-damage|p1a: Tentacruel|72/100|[from] item: Rocky Helmet|[of] p2a: tyler j robinson\n|-sideend|p1: slaba|Stealth Rock|[from] move: Rapid Spin|[of] p1a: Tentacruel\n|move|p2a: tyler j robinson|Knock Off|p1a: Tentacruel\n|-damage|p1a: Tentacruel|44/100\n|-enditem|p1a: Tentacruel|Leftovers|[from] move: Knock Off|[of] p2a: tyler j robinson\n|\n|-weather|RainDance|[upkeep]\n|-heal|p2a: tyler j robinson|100/100|[from] ability: Dry Skin\n|upkeep\n|turn|16\n|\n|t:|1782441027\n|move|p1a: Tentacruel|Knock Off|p2a: tyler j robinson\n|-resisted|p2a: tyler j robinson\n|-damage|p2a: tyler j robinson|93/100\n|-damage|p1a: Tentacruel|27/100|[from] item: Rocky Helmet|[of] p2a: tyler j robinson\n|-enditem|p2a: tyler j robinson|Rocky Helmet|[from] move: Knock Off|[of] p1a: Tentacruel\n|move|p2a: tyler j robinson|Knock Off|p1a: Tentacruel\n|-damage|p1a: Tentacruel|9/100\n|\n|-weather|RainDance|[upkeep]\n|-heal|p2a: tyler j robinson|100/100|[from] ability: Dry Skin\n|upkeep\n|turn|17\n|\n|t:|1782441042\n|switch|p1a: Tinkaton|Tinkaton, F|100/100\n|-item|p1a: Tinkaton|Air Balloon\n|move|p2a: tyler j robinson|Knock Off|p1a: Tinkaton\n|-resisted|p1a: Tinkaton\n|-crit|p1a: Tinkaton\n|-damage|p1a: Tinkaton|81/100\n|-enditem|p1a: Tinkaton|Air Balloon\n|\n|-weather|RainDance|[upkeep]\n|upkeep\n|turn|18\n|\n|t:|1782441054\n|move|p1a: Tinkaton|Gigaton Hammer|p2a: tyler j robinson\n|-damage|p2a: tyler j robinson|60/100\n|move|p2a: tyler j robinson|Drain Punch|p1a: Tinkaton\n|-damage|p1a: Tinkaton|49/100\n|-heal|p2a: tyler j robinson|76/100|[from] drain|[of] p1a: Tinkaton\n|\n|-weather|none\n|upkeep\n|turn|19\n|\n|t:|1782441064\n|switch|p2a: gang violence|Pelipper, F|100/100\n|-weather|RainDance|[from] ability: Drizzle|[of] p2a: gang violence\n|move|p1a: Tinkaton|Stealth Rock|p2a: gang violence\n|-sidestart|p2: juneteenth enjoyer|move: Stealth Rock\n|\n|-weather|RainDance|[upkeep]\n|upkeep\n|turn|20\n|\n|t:|1782441070\n|move|p1a: Tinkaton|Thunder Wave|p2a: gang violence\n|-status|p2a: gang violence|par\n|move|p2a: gang violence|U-turn|p1a: Tinkaton\n|-resisted|p1a: Tinkaton\n|-damage|p1a: Tinkaton|47/100\n|-enditem|p2a: gang violence|Damp Rock|[silent]|[from] ability: Pickpocket|[of] p2a: gang violence\n|-item|p1a: Tinkaton|Damp Rock|[from] ability: Pickpocket|[of] p2a: gang violence\n|\n|t:|1782441073\n|switch|p2a: necky|Iron Treads|26/100|[from] U-turn\n|-damage|p2a: necky|23/100|[from] Stealth Rock\n|\n|-weather|RainDance|[upkeep]\n|-heal|p2a: necky|29/100|[from] item: Leftovers\n|upkeep\n|turn|21\n|\n|t:|1782441087\n|move|p1a: Tinkaton|Gigaton Hammer|p2a: necky\n|-resisted|p2a: necky\n|-damage|p2a: necky|12/100\n|move|p2a: necky|Rapid Spin|p1a: Tinkaton\n|-resisted|p1a: Tinkaton\n|-damage|p1a: Tinkaton|39/100\n|-boost|p2a: necky|spe|1\n|-sideend|p2: juneteenth enjoyer|Stealth Rock|[from] move: Rapid Spin|[of] p2a: necky\n|\n|-weather|RainDance|[upkeep]\n|-heal|p2a: necky|18/100|[from] item: Leftovers\n|upkeep\n|turn|22\n|\n|t:|1782441093\n|move|p2a: necky|Earthquake|p1a: Tinkaton\n|-supereffective|p1a: Tinkaton\n|-damage|p1a: Tinkaton|0 fnt\n|faint|p1a: Tinkaton\n|\n|-weather|RainDance|[upkeep]\n|-heal|p2a: necky|24/100|[from] item: Leftovers\n|upkeep\n|\n|t:|1782441097\n|switch|p1a: Golurk|Golurk, shiny|100/100\n|turn|23\n|\n|t:|1782441102\n|-end|p2a: necky|Quark Drive|[silent]\n|switch|p2a: tyler j robinson|Toxicroak, F|76/100\n|move|p1a: Golurk|Dynamic Punch|p2a: tyler j robinson\n|-resisted|p2a: tyler j robinson\n|-damage|p2a: tyler j robinson|53/100\n|-start|p2a: tyler j robinson|confusion\n|\n|-weather|RainDance|[upkeep]\n|-heal|p2a: tyler j robinson|65/100|[from] ability: Dry Skin\n|upkeep\n|turn|24\n|\n|t:|1782441112\n|-activate|p2a: tyler j robinson|confusion\n|-damage|p2a: tyler j robinson|56/100|[from] confusion\n|move|p1a: Golurk|Dynamic Punch|p2a: tyler j robinson\n|-resisted|p2a: tyler j robinson\n|-damage|p2a: tyler j robinson|31/100\n|\n|-weather|RainDance|[upkeep]\n|-heal|p2a: tyler j robinson|44/100|[from] ability: Dry Skin\n|upkeep\n|turn|25\n|\n|t:|1782441119\n|switch|p2a: pop a perky|Zapdos|100/100\n|move|p1a: Golurk|Dynamic Punch|p2a: pop a perky\n|-resisted|p2a: pop a perky\n|-damage|p2a: pop a perky|67/100\n|-start|p2a: pop a perky|confusion\n|-status|p1a: Golurk|par|[from] ability: Static|[of] p2a: pop a perky\n|\n|-weather|RainDance|[upkeep]\n|upkeep\n|turn|26\n|\n|t:|1782441126\n|-activate|p2a: pop a perky|confusion\n|move|p2a: pop a perky|Volt Switch|p1a: Golurk\n|-immune|p1a: Golurk\n|move|p1a: Golurk|Dynamic Punch|p2a: pop a perky\n|-resisted|p2a: pop a perky\n|-damage|p2a: pop a perky|31/100\n|\n|-weather|none\n|upkeep\n|turn|27\n|\n|t:|1782441134\n|switch|p2a: gang violence|Pelipper, F|100/100 par\n|-weather|RainDance|[from] ability: Drizzle|[of] p2a: gang violence\n|move|p1a: Golurk|Dynamic Punch|p2a: gang violence\n|-resisted|p2a: gang violence\n|-damage|p2a: gang violence|70/100 par\n|-start|p2a: gang violence|confusion\n|\n|-weather|RainDance|[upkeep]\n|upkeep\n|turn|28\n|\n|t:|1782441143\n|move|p1a: Golurk|Dynamic Punch|p2a: gang violence\n|-resisted|p2a: gang violence\n|-damage|p2a: gang violence|42/100 par\n|-activate|p2a: gang violence|confusion\n|move|p2a: gang violence|U-turn|p1a: Golurk\n|-resisted|p1a: Golurk\n|-damage|p1a: Golurk|94/100 par\n|\n|t:|1782441146\n|switch|p2a: kirking it up|Barraskewda, F, tera:Water|100/100|[from] U-turn\n|\n|-weather|RainDance|[upkeep]\n|upkeep\n|turn|29\n|\n|t:|1782441150\n|move|p2a: kirking it up|Liquidation|p1a: Golurk\n|-supereffective|p1a: Golurk\n|-damage|p1a: Golurk|0 fnt\n|faint|p1a: Golurk\n|\n|-weather|RainDance|[upkeep]\n|upkeep\n|\n|t:|1782441154\n|switch|p1a: Garchomp|Garchomp, F|100/100\n|turn|30\n|\n|t:|1782441158\n|move|p2a: kirking it up|Liquidation|p1a: Garchomp\n|-damage|p1a: Garchomp|11/100\n|-unboost|p1a: Garchomp|def|1\n|-damage|p2a: kirking it up|88/100|[from] ability: Rough Skin|[of] p1a: Garchomp\n|-damage|p2a: kirking it up|72/100|[from] item: Rocky Helmet|[of] p1a: Garchomp\n|move|p1a: Garchomp|Dragon Tail|p2a: kirking it up\n|-damage|p2a: kirking it up|25/100\n|drag|p2a: gang violence|Pelipper, F|42/100 par\n|\n|-weather|RainDance|[upkeep]\n|upkeep\n|turn|31\n|\n|t:|1782441168\n|move|p2a: gang violence|Hurricane|p1a: Garchomp\n|-damage|p1a: Garchomp|0 fnt\n|faint|p1a: Garchomp\n|\n|-weather|none\n|upkeep\n|\n|t:|1782441172\n|switch|p1a: Tentacruel|Tentacruel, M, shiny|9/100\n|turn|32\n|\n|t:|1782441175\n|move|p1a: Tentacruel|Knock Off|p2a: gang violence\n|-damage|p2a: gang violence|29/100 par\n|cant|p2a: gang violence|par\n|\n|upkeep\n|turn|33\n|\n|t:|1782441182\n|move|p1a: Tentacruel|Flip Turn|p2a: gang violence\n|-resisted|p2a: gang violence\n|-damage|p2a: gang violence|21/100 par\n|move|p2a: gang violence|Knock Off|p1a: Tentacruel\n|-damage|p1a: Tentacruel|0 fnt\n|faint|p1a: Tentacruel\n|\n|win|juneteenth enjoyer\n|raw|slaba's rating: 1063 &rarr; <strong>1047</strong><br />(-16 for losing)\n|raw|juneteenth enjoyer's rating: 1130 &rarr; <strong>1150</strong><br />(+20 for winning)\n|l|☆slaba\n|player|p1|\n|l|☆juneteenth enjoyer\n|player|p2|\n", "uploadtime": 1782441531, "views": 4, "formatid": "gen9ou", "rating": 1047, "private": 0, "password": null}