{"id": "gen9ou-2540813991", "format": "[Gen 9] OU", "players": ["Chigusa_24zono", "tb poke"], "log": "|j|☆Chigusa_24zono\n|j|☆tb poke\n|t:|1771256784\n|gametype|singles\n|player|p1|Chigusa_24zono|lass|1488\n|player|p2|tb poke|169|1573\n|gen|9\n|tier|[Gen 9] OU\n|rated|\n|rule|HP Percentage Mod: HP is shown in percentages\n|rule|Endless Battle Clause: Forcing endless battles is banned\n|rule|Species Clause: Limit one of each Pokémon\n|rule|OHKO Clause: OHKO moves are banned\n|rule|Evasion Items Clause: Evasion items are banned\n|rule|Evasion Moves Clause: Evasion moves are banned\n|rule|Evasion Abilities Clause: Evasion abilities are banned\n|rule|Sleep Moves Clause: Sleep-inducing moves are banned\n|clearpoke\n|poke|p1|Kyurem|\n|poke|p1|Landorus-Therian, M|\n|poke|p1|Iron Valiant|\n|poke|p1|Kingambit, F|\n|poke|p1|Cinderace, F|\n|poke|p1|Slowking-Galar, F|\n|poke|p2|Dragonite, F|\n|poke|p2|Hatterene, F|\n|poke|p2|Samurott-Hisui, F|\n|poke|p2|Great Tusk|\n|poke|p2|Gholdengo|\n|poke|p2|Glimmora, F|\n|teampreview\n|inactive|Battle timer is ON: inactive players will automatically lose when time's up. (requested by Chigusa_24zono)\n|inactive|tb poke has 120 seconds left.\n|\n|t:|1771256842\n|teamsize|p1|6\n|teamsize|p2|6\n|start\n|switch|p1a: Landorus|Landorus-Therian, M, shiny|100/100\n|switch|p2a: Samurott|Samurott-Hisui, F|100/100\n|-ability|p1a: Landorus|Intimidate|boost\n|-unboost|p2a: Samurott|atk|1\n|turn|1\n|\n|t:|1771256851\n|switch|p2a: Glimmora|Glimmora, F|100/100\n|move|p1a: Landorus|U-turn|p2a: Glimmora\n|-resisted|p2a: Glimmora\n|-crit|p2a: Glimmora\n|-damage|p2a: Glimmora|80/100\n|-activate|p2a: Glimmora|ability: Toxic Debris\n|-sidestart|p1: Chigusa_24zono|move: Toxic Spikes\n|l|☆Chigusa_24zono\n|inactive|Chigusa_24zono disconnected and has a minute to reconnect!\n|player|p1|\n|j|☆Chigusa_24zono\n|inactive|Chigusa_24zono reconnected and has 115 seconds left.\n|player|p1|Chigusa_24zono|lass|\n|\n|t:|1771256890\n|switch|p1a: Slowking|Slowking-Galar, F, shiny|100/100|[from] U-turn\n|-sideend|p1: Chigusa_24zono|move: Toxic Spikes|[of] p1a: Slowking\n|\n|upkeep\n|turn|2\n|\n|t:|1771256895\n|move|p2a: Glimmora|Stealth Rock|p1a: Slowking\n|-sidestart|p1: Chigusa_24zono|move: Stealth Rock\n|move|p1a: Slowking|Psychic Noise|p2a: Glimmora\n|-supereffective|p2a: Glimmora\n|-damage|p2a: Glimmora|11/100\n|-start|p2a: Glimmora|move: Heal Block\n|\n|upkeep\n|turn|3\n|\n|t:|1771256900\n|switch|p2a: Samurott|Samurott-Hisui, F|100/100\n|move|p1a: Slowking|Sludge Bomb|p2a: Samurott\n|-damage|p2a: Samurott|77/100\n|-status|p2a: Samurott|psn\n|\n|-damage|p2a: Samurott|65/100 psn|[from] psn\n|upkeep\n|turn|4\n|\n|t:|1771256905\n|switch|p1a: Landorus|Landorus-Therian, M, shiny|100/100\n|-damage|p1a: Landorus|88/100|[from] Stealth Rock\n|-ability|p1a: Landorus|Intimidate|boost\n|-unboost|p2a: Samurott|atk|1\n|move|p2a: Samurott|Ceaseless Edge|p1a: Landorus\n|-damage|p1a: Landorus|67/100\n|-damage|p2a: Samurott|48/100 psn|[from] item: Rocky Helmet|[of] p1a: Landorus\n|-sidestart|p1: Chigusa_24zono|Spikes\n|\n|-damage|p2a: Samurott|36/100 psn|[from] psn\n|upkeep\n|turn|5\n|\n|t:|1771256913\n|switch|p2a: Hatterene|Hatterene, F|100/100\n|move|p1a: Landorus|Earthquake|p2a: Hatterene\n|-damage|p2a: Hatterene|62/100\n|\n|-heal|p2a: Hatterene|67/100|[from] item: Leftovers\n|upkeep\n|turn|6\n|\n|t:|1771256919\n|move|p1a: Landorus|Earthquake|p2a: Hatterene\n|-damage|p2a: Hatterene|25/100\n|move|p2a: Hatterene|Calm Mind|p2a: Hatterene\n|-boost|p2a: Hatterene|spa|1\n|-boost|p2a: Hatterene|spd|1\n|\n|-heal|p2a: Hatterene|31/100|[from] item: Leftovers\n|upkeep\n|turn|7\n|\n|t:|1771256925\n|move|p1a: Landorus|Earthquake|p2a: Hatterene\n|-damage|p2a: Hatterene|0 fnt\n|faint|p2a: Hatterene\n|\n|upkeep\n|\n|t:|1771256926\n|switch|p2a: Great Tusk|Great Tusk|100/100\n|turn|8\n|\n|t:|1771256941\n|move|p2a: Great Tusk|Rapid Spin|p1a: Landorus\n|-damage|p1a: Landorus|55/100\n|-boost|p2a: Great Tusk|spe|1\n|-damage|p2a: Great Tusk|84/100|[from] item: Rocky Helmet|[of] p1a: Landorus\n|move|p1a: Landorus|U-turn|p2a: Great Tusk\n|-resisted|p2a: Great Tusk\n|-damage|p2a: Great Tusk|77/100\n|-damage|p1a: Landorus|39/100|[from] item: Rocky Helmet|[of] p2a: Great Tusk\n|\n|t:|1771256944\n|switch|p1a: Cinderace|Cinderace, F, shiny|100/100|[from] U-turn\n|\n|upkeep\n|turn|9\n|\n|t:|1771256947\n|-terastallize|p1a: Cinderace|Bug\n|move|p2a: Great Tusk|Close Combat|p1a: Cinderace\n|-resisted|p1a: Cinderace\n|-damage|p1a: Cinderace|60/100\n|-unboost|p2a: Great Tusk|def|1\n|-unboost|p2a: Great Tusk|spd|1\n|move|p1a: Cinderace|Will-O-Wisp|p2a: Great Tusk\n|-status|p2a: Great Tusk|brn\n|\n|-damage|p2a: Great Tusk|70/100 brn|[from] brn\n|upkeep\n|turn|10\n|\n|t:|1771256953\n|move|p2a: Great Tusk|Ice Spinner|p1a: Cinderace\n|-damage|p1a: Cinderace|44/100\n|move|p1a: Cinderace|Pyro Ball|p2a: Great Tusk\n|-damage|p2a: Great Tusk|19/100 brn\n|\n|-damage|p2a: Great Tusk|13/100 brn|[from] brn\n|upkeep\n|turn|11\n|\n|t:|1771256958\n|move|p2a: Great Tusk|Headlong Rush|p1a: Cinderace\n|-resisted|p1a: Cinderace\n|-damage|p1a: Cinderace|25/100\n|-unboost|p2a: Great Tusk|def|1\n|-unboost|p2a: Great Tusk|spd|1\n|move|p1a: Cinderace|Pyro Ball|p2a: Great Tusk\n|-damage|p2a: Great Tusk|0 fnt\n|faint|p2a: Great Tusk\n|-end|p2a: Great Tusk|Protosynthesis|[silent]\n|\n|upkeep\n|\n|t:|1771256961\n|switch|p2a: Dragonite|Dragonite, F|100/100\n|turn|12\n|\n|t:|1771256964\n|switch|p1a: Landorus|Landorus-Therian, M, shiny|39/100\n|-damage|p1a: Landorus|26/100|[from] Stealth Rock\n|-ability|p1a: Landorus|Intimidate|boost\n|-unboost|p2a: Dragonite|atk|1\n|move|p2a: Dragonite|Extreme Speed|p1a: Landorus\n|-damage|p1a: Landorus|10/100\n|-damage|p2a: Dragonite|84/100|[from] item: Rocky Helmet|[of] p1a: Landorus\n|\n|upkeep\n|turn|13\n|\n|t:|1771256968\n|move|p2a: Dragonite|Extreme Speed|p1a: Landorus\n|-damage|p1a: Landorus|0 fnt\n|-damage|p2a: Dragonite|68/100|[from] item: Rocky Helmet|[of] p1a: Landorus\n|faint|p1a: Landorus\n|\n|upkeep\n|\n|t:|1771256974\n|switch|p1a: Kyurem|Kyurem, shiny|100/100\n|-damage|p1a: Kyurem|76/100|[from] Stealth Rock\n|-damage|p1a: Kyurem|63/100|[from] Spikes\n|-ability|p1a: Kyurem|Pressure\n|turn|14\n|\n|t:|1771256980\n|switch|p2a: Glimmora|Glimmora, F|11/100\n|move|p1a: Kyurem|Freeze-Dry|p2a: Glimmora\n|-damage|p2a: Glimmora|0 fnt\n|faint|p2a: Glimmora\n|\n|-heal|p1a: Kyurem|69/100|[from] item: Leftovers\n|upkeep\n|\n|t:|1771256984\n|switch|p2a: Gholdengo|Gholdengo|100/100\n|turn|15\n|\n|t:|1771256987\n|move|p1a: Kyurem|Protect|p1a: Kyurem\n|-singleturn|p1a: Kyurem|Protect\n|move|p2a: Gholdengo|Focus Blast|p1a: Kyurem\n|-activate|p1a: Kyurem|move: Protect\n|\n|-heal|p1a: Kyurem|76/100|[from] item: Leftovers\n|upkeep\n|turn|16\n|\n|t:|1771256992\n|switch|p2a: Samurott|Samurott-Hisui, F|36/100 psn\n|move|p1a: Kyurem|Substitute|p1a: Kyurem\n|-start|p1a: Kyurem|Substitute\n|-damage|p1a: Kyurem|51/100\n|\n|-heal|p1a: Kyurem|57/100|[from] item: Leftovers\n|-damage|p2a: Samurott|24/100 psn|[from] psn\n|upkeep\n|turn|17\n|\n|t:|1771256996\n|move|p1a: Kyurem|Protect|p1a: Kyurem\n|-singleturn|p1a: Kyurem|Protect\n|move|p2a: Samurott|Ceaseless Edge|p1a: Kyurem\n|-activate|p1a: Kyurem|move: Protect\n|\n|-heal|p1a: Kyurem|63/100|[from] item: Leftovers\n|-damage|p2a: Samurott|11/100 psn|[from] psn\n|upkeep\n|turn|18\n|\n|t:|1771257002\n|move|p1a: Kyurem|Freeze-Dry|p2a: Samurott\n|-supereffective|p2a: Samurott\n|-damage|p2a: Samurott|0 fnt\n|faint|p2a: Samurott\n|\n|-heal|p1a: Kyurem|69/100|[from] item: Leftovers\n|upkeep\n|\n|t:|1771257005\n|switch|p2a: Gholdengo|Gholdengo|100/100\n|turn|19\n|\n|t:|1771257008\n|move|p1a: Kyurem|Protect|p1a: Kyurem\n|-singleturn|p1a: Kyurem|Protect\n|move|p2a: Gholdengo|Make It Rain|p1a: Kyurem\n|-activate|p1a: Kyurem|move: Protect\n|\n|-heal|p1a: Kyurem|75/100|[from] item: Leftovers\n|upkeep\n|turn|20\n|\n|t:|1771257014\n|move|p2a: Gholdengo|Make It Rain|p1a: Kyurem\n|-supereffective|p1a: Kyurem\n|-end|p1a: Kyurem|Substitute\n|-unboost|p2a: Gholdengo|spa|1\n|move|p1a: Kyurem|Substitute|p1a: Kyurem\n|-start|p1a: Kyurem|Substitute\n|-damage|p1a: Kyurem|50/100\n|\n|-heal|p1a: Kyurem|57/100|[from] item: Leftovers\n|upkeep\n|turn|21\n|\n|t:|1771257016\n|move|p1a: Kyurem|Protect|p1a: Kyurem\n|-singleturn|p1a: Kyurem|Protect\n|move|p2a: Gholdengo|Make It Rain|p1a: Kyurem\n|-activate|p1a: Kyurem|move: Protect\n|\n|-heal|p1a: Kyurem|63/100|[from] item: Leftovers\n|upkeep\n|turn|22\n|-message|tb poke forfeited.\n|\n|win|Chigusa_24zono\n|raw|Chigusa_24zono's rating: 1488 &rarr; <strong>1513</strong><br />(+25 for winning)\n|raw|tb poke's rating: 1573 &rarr; <strong>1548</strong><br />(-25 for losing)\n|l|☆tb poke\n|player|p2|\n", "uploadtime": 1771257026, "views": 5, "formatid": "gen9ou", "rating": 1513, "private": 0, "password": null}