{"id": "gen9ou-2540925900", "format": "[Gen 9] OU", "players": ["Noamm", "bruh_eggs"], "log": "|j|☆Noamm\n|j|☆bruh_eggs\n|t:|1771267781\n|gametype|singles\n|player|p1|Noamm|gambler|1681\n|player|p2|bruh_eggs|juggler|1627\n|gen|9\n|tier|[Gen 9] OU\n|rated|\n|rule|HP Percentage Mod: HP is shown in percentages\n|rule|Endless Battle Clause: Forcing endless battles is banned\n|rule|Species Clause: Limit one of each Pokémon\n|rule|OHKO Clause: OHKO moves are banned\n|rule|Evasion Items Clause: Evasion items are banned\n|rule|Evasion Moves Clause: Evasion moves are banned\n|rule|Evasion Abilities Clause: Evasion abilities are banned\n|rule|Sleep Moves Clause: Sleep-inducing moves are banned\n|clearpoke\n|poke|p1|Lokix, M|\n|poke|p1|Iron Valiant|\n|poke|p1|Alomomola, M|\n|poke|p1|Mandibuzz, F|\n|poke|p1|Great Tusk|\n|poke|p1|Gholdengo|\n|poke|p2|Rillaboom, M|\n|poke|p2|Gholdengo|\n|poke|p2|Darkrai|\n|poke|p2|Samurott-Hisui, M|\n|poke|p2|Raging Bolt|\n|poke|p2|Cinderace, F|\n|teampreview\n|inactive|Battle timer is ON: inactive players will automatically lose when time's up. (requested by bruh_eggs)\n|inactive|bruh_eggs has 120 seconds left.\n|\n|t:|1771267835\n|teamsize|p1|6\n|teamsize|p2|6\n|start\n|switch|p1a: RIDER KICK|Lokix, M|100/100\n|switch|p2a: Cinderace|Cinderace, F|100/100\n|turn|1\n|\n|t:|1771267838\n|-terastallize|p1a: RIDER KICK|Bug\n|move|p1a: RIDER KICK|First Impression|p2a: Cinderace\n|-resisted|p2a: Cinderace\n|-crit|p2a: Cinderace\n|-damage|p2a: Cinderace|0 fnt\n|faint|p2a: Cinderace\n|\n|upkeep\n|c|☆bruh_eggs|Wow ok\n|\n|t:|1771267855\n|switch|p2a: Forever|Rillaboom, M|100/100\n|-fieldstart|move: Grassy Terrain|[from] ability: Grassy Surge|[of] p2a: Forever\n|turn|2\n|c|☆Noamm|We ball in this household\n|\n|t:|1771267865\n|switch|p1a: CHANGE BEETLE|Mandibuzz, F|100/100\n|move|p2a: Forever|U-turn|p1a: CHANGE BEETLE\n|-damage|p1a: CHANGE BEETLE|85/100\n|c|☆bruh_eggs|Yeah fair\n|\n|t:|1771267871\n|switch|p2a: Marilyn Manson|Gholdengo|100/100|[from] U-turn\n|-enditem|p2a: Marilyn Manson|Grassy Seed\n|-boost|p2a: Marilyn Manson|def|1|[from] item: Grassy Seed\n|\n|upkeep\n|turn|3\n|\n|t:|1771267873\n|switch|p1a: CLOCK UP|Alomomola, M|100/100\n|move|p2a: Marilyn Manson|Nasty Plot|p2a: Marilyn Manson\n|-boost|p2a: Marilyn Manson|spa|2\n|\n|upkeep\n|turn|4\n|\n|t:|1771267877\n|move|p2a: Marilyn Manson|Nasty Plot|p2a: Marilyn Manson\n|-boost|p2a: Marilyn Manson|spa|2\n|move|p1a: CLOCK UP|Flip Turn|p2a: Marilyn Manson\n|-damage|p2a: Marilyn Manson|93/100\n|\n|t:|1771267878\n|switch|p1a: The Path of Heaven|Gholdengo|100/100|[from] Flip Turn\n|\n|-heal|p2a: Marilyn Manson|99/100|[from] Grassy Terrain\n|upkeep\n|turn|5\n|\n|t:|1771267881\n|move|p1a: The Path of Heaven|Shadow Ball|p2a: Marilyn Manson\n|-supereffective|p2a: Marilyn Manson\n|-damage|p2a: Marilyn Manson|23/100\n|-unboost|p2a: Marilyn Manson|spd|1\n|move|p2a: Marilyn Manson|Shadow Ball|p1a: The Path of Heaven\n|-supereffective|p1a: The Path of Heaven\n|-damage|p1a: The Path of Heaven|0 fnt\n|faint|p1a: The Path of Heaven\n|\n|-heal|p2a: Marilyn Manson|29/100|[from] Grassy Terrain\n|upkeep\n|\n|t:|1771267887\n|switch|p1a: CAST OFF|Iron Valiant, shiny|100/100\n|turn|6\n|\n|t:|1771267890\n|move|p1a: CAST OFF|Moonblast|p2a: Marilyn Manson\n|-resisted|p2a: Marilyn Manson\n|-damage|p2a: Marilyn Manson|0 fnt\n|faint|p2a: Marilyn Manson\n|\n|-fieldend|move: Grassy Terrain\n|upkeep\n|\n|t:|1771267898\n|switch|p2a: Forever|Rillaboom, M|100/100\n|-fieldstart|move: Grassy Terrain|[from] ability: Grassy Surge|[of] p2a: Forever\n|turn|7\n|\n|t:|1771267902\n|-end|p1a: CAST OFF|Quark Drive|[silent]\n|switch|p1a: CHANGE BEETLE|Mandibuzz, F|85/100\n|move|p2a: Forever|Knock Off|p1a: CHANGE BEETLE\n|-resisted|p1a: CHANGE BEETLE\n|-damage|p1a: CHANGE BEETLE|75/100\n|-enditem|p1a: CHANGE BEETLE|Heavy-Duty Boots|[from] move: Knock Off|[of] p2a: Forever\n|\n|upkeep\n|turn|8\n|\n|t:|1771267905\n|move|p2a: Forever|U-turn|p1a: CHANGE BEETLE\n|-damage|p1a: CHANGE BEETLE|61/100\n|\n|t:|1771267909\n|switch|p2a: Death 13|Darkrai|100/100|[from] U-turn\n|move|p1a: CHANGE BEETLE|U-turn|p2a: Death 13\n|-supereffective|p2a: Death 13\n|-damage|p2a: Death 13|73/100\n|\n|t:|1771267913\n|switch|p1a: RIDER KICK|Lokix, M, tera:Bug|100/100|[from] U-turn\n|\n|-heal|p2a: Death 13|80/100|[from] Grassy Terrain\n|upkeep\n|turn|9\n|\n|t:|1771267916\n|move|p1a: RIDER KICK|First Impression|p2a: Death 13\n|-supereffective|p2a: Death 13\n|-damage|p2a: Death 13|0 fnt\n|faint|p2a: Death 13\n|\n|upkeep\n|\n|t:|1771267934\n|switch|p2a: Dark Blue Moon|Samurott-Hisui, M|100/100\n|turn|10\n|\n|t:|1771267949\n|switch|p1a: CLOCK UP|Alomomola, M|100/100\n|move|p2a: Dark Blue Moon|Flip Turn|p1a: CLOCK UP\n|-resisted|p1a: CLOCK UP\n|-damage|p1a: CLOCK UP|91/100\n|\n|t:|1771267954\n|switch|p2a: Forever|Rillaboom, M|100/100|[from] Flip Turn\n|\n|-heal|p1a: CLOCK UP|97/100|[from] Grassy Terrain\n|upkeep\n|turn|11\n|\n|t:|1771267956\n|move|p2a: Forever|U-turn|p1a: CLOCK UP\n|-damage|p1a: CLOCK UP|78/100\n|\n|t:|1771267960\n|switch|p2a: Dark Blue Moon|Samurott-Hisui, M|100/100|[from] U-turn\n|move|p1a: CLOCK UP|Flip Turn|p2a: Dark Blue Moon\n|-resisted|p2a: Dark Blue Moon\n|-damage|p2a: Dark Blue Moon|92/100\n|\n|t:|1771267965\n|switch|p1a: CAST OFF|Iron Valiant, shiny|100/100|[from] Flip Turn\n|\n|-heal|p2a: Dark Blue Moon|98/100|[from] Grassy Terrain\n|-fieldend|move: Grassy Terrain\n|upkeep\n|turn|12\n|inactive|bruh_eggs has 120 seconds left.\n|\n|t:|1771268005\n|move|p1a: CAST OFF|Moonblast|p2a: Dark Blue Moon\n|-supereffective|p2a: Dark Blue Moon\n|-damage|p2a: Dark Blue Moon|0 fnt\n|faint|p2a: Dark Blue Moon\n|\n|upkeep\n|-message|bruh_eggs forfeited.\n|\n|win|Noamm\n|raw|Noamm's rating: 1681 &rarr; <strong>1698</strong><br />(+17 for winning)\n|raw|bruh_eggs's rating: 1627 &rarr; <strong>1610</strong><br />(-17 for losing)\n|l|☆bruh_eggs\n|player|p2|\n|l|☆Noamm\n|player|p1|\n", "uploadtime": 1771268233, "views": 3, "formatid": "gen9ou", "rating": 1610, "private": 0, "password": null}