{"id": "gen9ou-2540822772", "format": "[Gen 9] OU", "players": ["3idk", "getreyal"], "log": "|j|☆3idk\n|j|☆getreyal\n|t:|1771257695\n|gametype|singles\n|player|p1|3idk|cynthia-masters|1767\n|player|p2|getreyal|pokemaniac-gen6|1792\n|gen|9\n|tier|[Gen 9] OU\n|rated|\n|rule|HP Percentage Mod: HP is shown in percentages\n|rule|Endless Battle Clause: Forcing endless battles is banned\n|rule|Species Clause: Limit one of each Pokémon\n|rule|OHKO Clause: OHKO moves are banned\n|rule|Evasion Items Clause: Evasion items are banned\n|rule|Evasion Moves Clause: Evasion moves are banned\n|rule|Evasion Abilities Clause: Evasion abilities are banned\n|rule|Sleep Moves Clause: Sleep-inducing moves are banned\n|clearpoke\n|poke|p1|Pelipper, F|\n|poke|p1|Hatterene, F|\n|poke|p1|Iron Treads|\n|poke|p1|Toxicroak, F|\n|poke|p1|Barraskewda, F|\n|poke|p1|Zapdos|\n|poke|p2|Chesnaught, F|\n|poke|p2|Corviknight, M|\n|poke|p2|Garganacl, F|\n|poke|p2|Ting-Lu|\n|poke|p2|Primarina, M|\n|poke|p2|Slowking-Galar, F|\n|teampreview\n|inactive|Battle timer is ON: inactive players will automatically lose when time's up. (requested by 3idk)\n|\n|t:|1771257702\n|teamsize|p1|6\n|teamsize|p2|6\n|start\n|switch|p1a: Pelipper|Pelipper, F|100/100\n|switch|p2a: Primarina|Primarina, M|100/100\n|-weather|RainDance|[from] ability: Drizzle|[of] p1a: Pelipper\n|turn|1\n|\n|t:|1771257707\n|move|p2a: Primarina|Substitute|p2a: Primarina\n|-start|p2a: Primarina|Substitute\n|-damage|p2a: Primarina|76/100\n|move|p1a: Pelipper|U-turn|p2a: Primarina\n|-resisted|p2a: Primarina\n|-activate|p2a: Primarina|move: Substitute|[damage]\n|\n|t:|1771257712\n|switch|p1a: Toxicroak|Toxicroak, F|100/100|[from] U-turn\n|\n|-weather|RainDance|[upkeep]\n|-heal|p2a: Primarina|82/100|[from] item: Leftovers\n|upkeep\n|turn|2\n|\n|t:|1771257716\n|move|p1a: Toxicroak|Encore|p2a: Primarina\n|-start|p2a: Primarina|Encore\n|move|p2a: Primarina|Substitute|p2a: Primarina\n|-fail|p2a: Primarina|move: Substitute\n|\n|-weather|RainDance|[upkeep]\n|-heal|p2a: Primarina|88/100|[from] item: Leftovers\n|upkeep\n|turn|3\n|\n|t:|1771257723\n|switch|p1a: Barraskewda|Barraskewda, F|100/100\n|move|p2a: Primarina|Substitute|p2a: Primarina\n|-fail|p2a: Primarina|move: Substitute\n|\n|-weather|RainDance|[upkeep]\n|-heal|p2a: Primarina|94/100|[from] item: Leftovers\n|upkeep\n|turn|4\n|\n|t:|1771257729\n|move|p1a: Barraskewda|Flip Turn|p2a: Primarina\n|-resisted|p2a: Primarina\n|-end|p2a: Primarina|Substitute\n|\n|t:|1771257732\n|switch|p1a: Toxicroak|Toxicroak, F|100/100|[from] Flip Turn\n|move|p2a: Primarina|Substitute|p2a: Primarina\n|-start|p2a: Primarina|Substitute\n|-damage|p2a: Primarina|69/100\n|\n|-weather|RainDance|[upkeep]\n|-heal|p2a: Primarina|76/100|[from] item: Leftovers\n|-end|p2a: Primarina|Encore\n|upkeep\n|turn|5\n|\n|t:|1771257735\n|move|p1a: Toxicroak|Encore|p2a: Primarina\n|-start|p2a: Primarina|Encore\n|move|p2a: Primarina|Substitute|p2a: Primarina\n|-fail|p2a: Primarina|move: Substitute\n|\n|-weather|RainDance|[upkeep]\n|-heal|p2a: Primarina|82/100|[from] item: Leftovers\n|upkeep\n|turn|6\n|\n|t:|1771257739\n|switch|p1a: Barraskewda|Barraskewda, F|100/100\n|move|p2a: Primarina|Substitute|p2a: Primarina\n|-fail|p2a: Primarina|move: Substitute\n|\n|-weather|RainDance|[upkeep]\n|-heal|p2a: Primarina|88/100|[from] item: Leftovers\n|upkeep\n|turn|7\n|\n|t:|1771257745\n|move|p1a: Barraskewda|Flip Turn|p2a: Primarina\n|-resisted|p2a: Primarina\n|-end|p2a: Primarina|Substitute\n|\n|t:|1771257749\n|switch|p1a: Toxicroak|Toxicroak, F|100/100|[from] Flip Turn\n|move|p2a: Primarina|Substitute|p2a: Primarina\n|-start|p2a: Primarina|Substitute\n|-damage|p2a: Primarina|63/100\n|\n|-weather|RainDance|[upkeep]\n|-heal|p2a: Primarina|69/100|[from] item: Leftovers\n|-end|p2a: Primarina|Encore\n|upkeep\n|turn|8\n|\n|t:|1771257753\n|switch|p2a: Garganacl|Garganacl, F|100/100\n|move|p1a: Toxicroak|Encore||[still]\n|-fail|p1a: Toxicroak\n|\n|-weather|none\n|upkeep\n|turn|9\n|\n|t:|1771257756\n|move|p1a: Toxicroak|Knock Off|p2a: Garganacl\n|-crit|p2a: Garganacl\n|-damage|p2a: Garganacl|79/100\n|-enditem|p2a: Garganacl|Leftovers|[from] move: Knock Off|[of] p1a: Toxicroak\n|move|p2a: Garganacl|Salt Cure|p1a: Toxicroak\n|-resisted|p1a: Toxicroak\n|-damage|p1a: Toxicroak|94/100\n|-start|p1a: Toxicroak|Salt Cure\n|\n|-damage|p1a: Toxicroak|81/100|[from] Salt Cure\n|upkeep\n|turn|10\n|\n|t:|1771257759\n|switch|p1a: Hatterene|Hatterene, F|100/100\n|move|p2a: Garganacl|Salt Cure|p1a: Hatterene\n|-damage|p1a: Hatterene|88/100\n|-start|p1a: Hatterene|Salt Cure\n|-enditem|p1a: Hatterene|Eject Button\n|\n|t:|1771257767\n|switch|p1a: Pelipper|Pelipper, F|100/100\n|-weather|RainDance|[from] ability: Drizzle|[of] p1a: Pelipper\n|\n|-weather|RainDance|[upkeep]\n|upkeep\n|turn|11\n|\n|t:|1771257770\n|switch|p2a: Primarina|Primarina, M|69/100\n|move|p1a: Pelipper|U-turn|p2a: Primarina\n|-resisted|p2a: Primarina\n|-damage|p2a: Primarina|63/100\n|\n|t:|1771257775\n|switch|p1a: Barraskewda|Barraskewda, F|100/100|[from] U-turn\n|\n|-weather|RainDance|[upkeep]\n|-heal|p2a: Primarina|69/100|[from] item: Leftovers\n|upkeep\n|turn|12\n|\n|t:|1771257780\n|move|p1a: Barraskewda|Liquidation|p2a: Primarina\n|-resisted|p2a: Primarina\n|-damage|p2a: Primarina|0 fnt\n|faint|p2a: Primarina\n|\n|-weather|RainDance|[upkeep]\n|upkeep\n|\n|t:|1771257784\n|switch|p2a: Garganacl|Garganacl, F|79/100\n|turn|13\n|\n|t:|1771257790\n|switch|p1a: Toxicroak|Toxicroak, F|81/100\n|move|p2a: Garganacl|Protect||[still]\n|-fail|p2a: Garganacl\n|\n|-weather|RainDance|[upkeep]\n|-heal|p1a: Toxicroak|94/100|[from] ability: Dry Skin\n|upkeep\n|turn|14\n|\n|t:|1771257795\n|switch|p2a: Corviknight|Corviknight, M|100/100\n|-ability|p2a: Corviknight|Pressure\n|move|p1a: Toxicroak|Encore||[still]\n|-fail|p1a: Toxicroak\n|\n|-weather|RainDance|[upkeep]\n|-heal|p1a: Toxicroak|100/100|[from] ability: Dry Skin\n|upkeep\n|turn|15\n|\n|t:|1771257797\n|move|p1a: Toxicroak|Knock Off|p2a: Corviknight\n|-damage|p2a: Corviknight|87/100\n|-damage|p1a: Toxicroak|84/100|[from] item: Rocky Helmet|[of] p2a: Corviknight\n|-enditem|p2a: Corviknight|Rocky Helmet|[from] move: Knock Off|[of] p1a: Toxicroak\n|move|p2a: Corviknight|U-turn|p1a: Toxicroak\n|-resisted|p1a: Toxicroak\n|-damage|p1a: Toxicroak|80/100\n|-damage|p2a: Corviknight|71/100|[from] item: Rocky Helmet|[of] p1a: Toxicroak\n|\n|t:|1771257800\n|switch|p2a: Ting-Lu|Ting-Lu|100/100|[from] U-turn\n|-ability|p2a: Ting-Lu|Vessel of Ruin\n|\n|-weather|RainDance|[upkeep]\n|-heal|p1a: Toxicroak|93/100|[from] ability: Dry Skin\n|upkeep\n|turn|16\n|\n|t:|1771257809\n|move|p1a: Toxicroak|Toxic|p2a: Ting-Lu\n|-status|p2a: Ting-Lu|tox\n|move|p2a: Ting-Lu|Earthquake|p1a: Toxicroak\n|-supereffective|p1a: Toxicroak\n|-damage|p1a: Toxicroak|18/100\n|\n|-weather|RainDance|[upkeep]\n|-heal|p1a: Toxicroak|31/100|[from] ability: Dry Skin\n|-damage|p2a: Ting-Lu|94/100 tox|[from] psn\n|upkeep\n|turn|17\n|\n|t:|1771257818\n|switch|p1a: Hatterene|Hatterene, F|88/100\n|move|p2a: Ting-Lu|Earthquake|p1a: Hatterene\n|-damage|p1a: Hatterene|55/100\n|\n|-weather|none\n|-heal|p2a: Ting-Lu|100/100 tox|[from] item: Leftovers\n|-damage|p2a: Ting-Lu|88/100 tox|[from] psn\n|upkeep\n|turn|18\n|\n|t:|1771257825\n|switch|p2a: Slowking|Slowking-Galar, F|100/100\n|move|p1a: Hatterene|Healing Wish|p1a: Hatterene\n|faint|p1a: Hatterene\n|\n|upkeep\n|\n|t:|1771257829\n|switch|p1a: Toxicroak|Toxicroak, F|31/100\n|-heal|p1a: Toxicroak|100/100|[from] move: Healing Wish\n|turn|19\n|\n|t:|1771257839\n|switch|p1a: Pelipper|Pelipper, F|100/100\n|-weather|RainDance|[from] ability: Drizzle|[of] p1a: Pelipper\n|move|p2a: Slowking|Future Sight|p1a: Pelipper\n|-start|p2a: Slowking|move: Future Sight\n|\n|-weather|RainDance|[upkeep]\n|upkeep\n|turn|20\n|\n|t:|1771257846\n|move|p1a: Pelipper|Knock Off|p2a: Slowking\n|-supereffective|p2a: Slowking\n|-damage|p2a: Slowking|75/100\n|-enditem|p2a: Slowking|Heavy-Duty Boots|[from] move: Knock Off|[of] p1a: Pelipper\n|-prepare|p2a: Slowking|Chilly Reception|[premajor]\n|move|p2a: Slowking|Chilly Reception|p2a: Slowking\n|-weather|Snowscape\n|\n|t:|1771257849\n|switch|p2a: Garganacl|Garganacl, F|79/100|[from] Chilly Reception\n|\n|-weather|Snowscape|[upkeep]\n|upkeep\n|turn|21\n|\n|t:|1771257854\n|move|p1a: Pelipper|U-turn|p2a: Garganacl\n|-damage|p2a: Garganacl|73/100\n|\n|t:|1771257858\n|switch|p1a: Iron Treads|Iron Treads|100/100|[from] U-turn\n|move|p2a: Garganacl|Stealth Rock|p1a: Iron Treads\n|-sidestart|p1: 3idk|move: Stealth Rock\n|\n|-weather|Snowscape|[upkeep]\n|-end|p1a: Iron Treads|move: Future Sight\n|-resisted|p1a: Iron Treads\n|-damage|p1a: Iron Treads|84/100\n|-heal|p1a: Iron Treads|90/100|[from] item: Leftovers\n|upkeep\n|turn|22\n|\n|t:|1771257862\n|move|p1a: Iron Treads|Rapid Spin|p2a: Garganacl\n|-resisted|p2a: Garganacl\n|-damage|p2a: Garganacl|69/100\n|-boost|p1a: Iron Treads|spe|1\n|-sideend|p1: 3idk|Stealth Rock|[from] move: Rapid Spin|[of] p1a: Iron Treads\n|move|p2a: Garganacl|Salt Cure|p1a: Iron Treads\n|-resisted|p1a: Iron Treads\n|-damage|p1a: Iron Treads|88/100\n|-start|p1a: Iron Treads|Salt Cure\n|\n|-weather|Snowscape|[upkeep]\n|-heal|p1a: Iron Treads|94/100|[from] item: Leftovers\n|-damage|p1a: Iron Treads|69/100|[from] Salt Cure\n|upkeep\n|turn|23\n|\n|t:|1771257871\n|move|p1a: Iron Treads|Volt Switch|p2a: Garganacl\n|-damage|p2a: Garganacl|61/100\n|\n|t:|1771257874\n|-end|p1a: Iron Treads|Quark Drive|[silent]\n|switch|p1a: Toxicroak|Toxicroak, F|100/100|[from] Volt Switch\n|move|p2a: Garganacl|Stealth Rock|p1a: Toxicroak\n|-sidestart|p1: 3idk|move: Stealth Rock\n|\n|-weather|Snowscape|[upkeep]\n|upkeep\n|turn|24\n|\n|t:|1771257878\n|switch|p1a: Iron Treads|Iron Treads|69/100\n|-damage|p1a: Iron Treads|66/100|[from] Stealth Rock\n|switch|p2a: Corviknight|Corviknight, M|71/100\n|-ability|p2a: Corviknight|Pressure\n|\n|-weather|none\n|-heal|p1a: Iron Treads|72/100|[from] item: Leftovers\n|upkeep\n|turn|25\n|\n|t:|1771257882\n|move|p1a: Iron Treads|Rapid Spin|p2a: Corviknight\n|-resisted|p2a: Corviknight\n|-damage|p2a: Corviknight|67/100\n|-boost|p1a: Iron Treads|spe|1\n|-sideend|p1: 3idk|Stealth Rock|[from] move: Rapid Spin|[of] p1a: Iron Treads\n|move|p2a: Corviknight|U-turn|p1a: Iron Treads\n|-resisted|p1a: Iron Treads\n|-damage|p1a: Iron Treads|66/100\n|\n|t:|1771257885\n|switch|p2a: Chesnaught|Chesnaught, F|100/100|[from] U-turn\n|\n|-heal|p1a: Iron Treads|72/100|[from] item: Leftovers\n|upkeep\n|turn|26\n|\n|t:|1771257890\n|-end|p1a: Iron Treads|Quark Drive|[silent]\n|switch|p1a: Pelipper|Pelipper, F|100/100\n|-weather|RainDance|[from] ability: Drizzle|[of] p1a: Pelipper\n|move|p2a: Chesnaught|Spikes|p1a: Pelipper\n|-sidestart|p1: 3idk|Spikes\n|\n|-weather|RainDance|[upkeep]\n|upkeep\n|turn|27\n|\n|t:|1771257894\n|switch|p2a: Slowking|Slowking-Galar, F|100/100\n|move|p1a: Pelipper|Hurricane|p2a: Slowking\n|-damage|p2a: Slowking|80/100\n|\n|-weather|RainDance|[upkeep]\n|upkeep\n|turn|28\n|\n|t:|1771257900\n|move|p1a: Pelipper|Hurricane|p2a: Slowking\n|-damage|p2a: Slowking|60/100\n|-start|p2a: Slowking|confusion\n|-prepare|p2a: Slowking|Chilly Reception|[premajor]\n|-activate|p2a: Slowking|confusion\n|move|p2a: Slowking|Chilly Reception|p2a: Slowking\n|-weather|Snowscape\n|\n|t:|1771257904\n|switch|p2a: Garganacl|Garganacl, F|61/100|[from] Chilly Reception\n|\n|-weather|Snowscape|[upkeep]\n|upkeep\n|turn|29\n|\n|t:|1771257908\n|move|p1a: Pelipper|U-turn|p2a: Garganacl\n|-damage|p2a: Garganacl|55/100\n|\n|t:|1771257912\n|switch|p1a: Toxicroak|Toxicroak, F|100/100|[from] U-turn\n|-damage|p1a: Toxicroak|88/100|[from] Spikes\n|move|p2a: Garganacl|Salt Cure|p1a: Toxicroak\n|-resisted|p1a: Toxicroak\n|-damage|p1a: Toxicroak|82/100\n|-start|p1a: Toxicroak|Salt Cure\n|\n|-weather|Snowscape|[upkeep]\n|-damage|p1a: Toxicroak|70/100|[from] Salt Cure\n|upkeep\n|turn|30\n|\n|t:|1771257919\n|move|p1a: Toxicroak|Knock Off|p2a: Garganacl\n|-damage|p2a: Garganacl|44/100\n|move|p2a: Garganacl|Recover|p2a: Garganacl\n|-heal|p2a: Garganacl|94/100\n|\n|-weather|Snowscape|[upkeep]\n|-damage|p1a: Toxicroak|57/100|[from] Salt Cure\n|upkeep\n|turn|31\n|\n|t:|1771257924\n|switch|p2a: Corviknight|Corviknight, M|67/100\n|-ability|p2a: Corviknight|Pressure\n|move|p1a: Toxicroak|Encore||[still]\n|-fail|p1a: Toxicroak\n|\n|-weather|Snowscape|[upkeep]\n|-damage|p1a: Toxicroak|45/100|[from] Salt Cure\n|upkeep\n|turn|32\n|\n|t:|1771257928\n|move|p1a: Toxicroak|Drain Punch|p2a: Corviknight\n|-damage|p2a: Corviknight|49/100\n|-heal|p1a: Toxicroak|55/100|[from] drain|[of] p2a: Corviknight\n|move|p2a: Corviknight|U-turn|p1a: Toxicroak\n|-resisted|p1a: Toxicroak\n|-damage|p1a: Toxicroak|52/100\n|-damage|p2a: Corviknight|32/100|[from] item: Rocky Helmet|[of] p1a: Toxicroak\n|\n|t:|1771257937\n|switch|p2a: Slowking|Slowking-Galar, F|93/100|[from] U-turn\n|\n|-weather|none\n|-damage|p1a: Toxicroak|39/100|[from] Salt Cure\n|upkeep\n|turn|33\n|\n|t:|1771257943\n|switch|p1a: Iron Treads|Iron Treads|72/100\n|-damage|p1a: Iron Treads|60/100|[from] Spikes\n|move|p2a: Slowking|Future Sight|p1a: Iron Treads\n|-start|p2a: Slowking|move: Future Sight\n|\n|-heal|p1a: Iron Treads|66/100|[from] item: Leftovers\n|upkeep\n|turn|34\n|\n|t:|1771257947\n|switch|p2a: Chesnaught|Chesnaught, F|100/100\n|move|p1a: Iron Treads|Rapid Spin|p2a: Chesnaught\n|-damage|p2a: Chesnaught|93/100\n|-boost|p1a: Iron Treads|spe|1\n|-sideend|p1: 3idk|Spikes|[from] move: Rapid Spin|[of] p1a: Iron Treads\n|\n|-heal|p1a: Iron Treads|72/100|[from] item: Leftovers\n|upkeep\n|turn|35\n|\n|t:|1771257951\n|move|p1a: Iron Treads|Stealth Rock|p2a: Chesnaught\n|-sidestart|p2: getreyal|move: Stealth Rock\n|move|p2a: Chesnaught|Spikes|p1a: Iron Treads\n|-sidestart|p1: 3idk|Spikes\n|\n|-end|p1a: Iron Treads|move: Future Sight\n|-resisted|p1a: Iron Treads\n|-damage|p1a: Iron Treads|55/100\n|-heal|p1a: Iron Treads|61/100|[from] item: Leftovers\n|upkeep\n|turn|36\n|\n|t:|1771257956\n|move|p1a: Iron Treads|Rapid Spin|p2a: Chesnaught\n|-damage|p2a: Chesnaught|86/100\n|-boost|p1a: Iron Treads|spe|1\n|-sideend|p1: 3idk|Spikes|[from] move: Rapid Spin|[of] p1a: Iron Treads\n|move|p2a: Chesnaught|Knock Off|p1a: Iron Treads\n|-damage|p1a: Iron Treads|43/100\n|-enditem|p1a: Iron Treads|Leftovers|[from] move: Knock Off|[of] p2a: Chesnaught\n|\n|upkeep\n|turn|37\n|\n|t:|1771257959\n|switch|p2a: Slowking|Slowking-Galar, F|100/100\n|-damage|p2a: Slowking|88/100|[from] Stealth Rock\n|move|p1a: Iron Treads|Volt Switch|p2a: Slowking\n|-damage|p2a: Slowking|82/100\n|\n|t:|1771257964\n|-end|p1a: Iron Treads|Quark Drive|[silent]\n|switch|p1a: Barraskewda|Barraskewda, F|100/100|[from] Volt Switch\n|\n|upkeep\n|turn|38\n|\n|t:|1771257968\n|switch|p2a: Chesnaught|Chesnaught, F|86/100\n|move|p1a: Barraskewda|Flip Turn|p2a: Chesnaught\n|-resisted|p2a: Chesnaught\n|-damage|p2a: Chesnaught|71/100\n|\n|t:|1771257972\n|switch|p1a: Zapdos|Zapdos|100/100|[from] Flip Turn\n|\n|upkeep\n|turn|39\n|\n|t:|1771257985\n|switch|p1a: Pelipper|Pelipper, F|100/100\n|-weather|RainDance|[from] ability: Drizzle|[of] p1a: Pelipper\n|switch|p2a: Ting-Lu|Ting-Lu|88/100 tox\n|-damage|p2a: Ting-Lu|82/100 tox|[from] Stealth Rock\n|-ability|p2a: Ting-Lu|Vessel of Ruin\n|\n|-weather|RainDance|[upkeep]\n|-heal|p2a: Ting-Lu|88/100 tox|[from] item: Leftovers\n|-damage|p2a: Ting-Lu|82/100 tox|[from] psn\n|upkeep\n|turn|40\n|\n|t:|1771257991\n|switch|p2a: Slowking|Slowking-Galar, F|100/100\n|-damage|p2a: Slowking|88/100|[from] Stealth Rock\n|move|p1a: Pelipper|U-turn|p2a: Slowking\n|-damage|p2a: Slowking|77/100\n|\n|t:|1771257997\n|switch|p1a: Barraskewda|Barraskewda, F|100/100|[from] U-turn\n|\n|-weather|RainDance|[upkeep]\n|upkeep\n|turn|41\n|\n|t:|1771258008\n|-terastallize|p2a: Slowking|Water\n|move|p1a: Barraskewda|Flip Turn|p2a: Slowking\n|-resisted|p2a: Slowking\n|-damage|p2a: Slowking|37/100\n|\n|t:|1771258019\n|switch|p1a: Toxicroak|Toxicroak, F|39/100|[from] Flip Turn\n|-prepare|p2a: Slowking|Chilly Reception|[premajor]\n|move|p2a: Slowking|Chilly Reception|p2a: Slowking\n|-weather|Snowscape\n|\n|t:|1771258025\n|switch|p2a: Corviknight|Corviknight, M|32/100|[from] Chilly Reception\n|-damage|p2a: Corviknight|20/100|[from] Stealth Rock\n|-ability|p2a: Corviknight|Pressure\n|\n|-weather|Snowscape|[upkeep]\n|upkeep\n|turn|42\n|\n|t:|1771258031\n|move|p1a: Toxicroak|Drain Punch|p2a: Corviknight\n|-damage|p2a: Corviknight|3/100\n|-heal|p1a: Toxicroak|48/100|[from] drain|[of] p2a: Corviknight\n|move|p2a: Corviknight|Defog|p1a: Toxicroak\n|-unboost|p1a: Toxicroak|evasion|1\n|-sideend|p2: getreyal|Stealth Rock|[from] move: Defog|[of] p2a: Corviknight\n|\n|-weather|Snowscape|[upkeep]\n|upkeep\n|turn|43\n|\n|t:|1771258040\n|switch|p2a: Slowking|Slowking-Galar, F, tera:Water|70/100\n|move|p1a: Toxicroak|Knock Off|p2a: Slowking\n|-damage|p2a: Slowking|53/100\n|\n|-weather|Snowscape|[upkeep]\n|upkeep\n|turn|44\n|\n|t:|1771258050\n|switch|p1a: Iron Treads|Iron Treads|43/100\n|move|p2a: Slowking|Future Sight|p1a: Iron Treads\n|-start|p2a: Slowking|move: Future Sight\n|\n|-weather|Snowscape|[upkeep]\n|upkeep\n|turn|45\n|\n|t:|1771258062\n|switch|p2a: Garganacl|Garganacl, F|94/100\n|move|p1a: Iron Treads|Stealth Rock|p2a: Garganacl\n|-sidestart|p2: getreyal|move: Stealth Rock\n|\n|-weather|none\n|upkeep\n|turn|46\n|\n|t:|1771258066\n|move|p1a: Iron Treads|Earthquake|p2a: Garganacl\n|-supereffective|p2a: Garganacl\n|-damage|p2a: Garganacl|46/100\n|move|p2a: Garganacl|Salt Cure|p1a: Iron Treads\n|-resisted|p1a: Iron Treads\n|-damage|p1a: Iron Treads|41/100\n|-start|p1a: Iron Treads|Salt Cure\n|\n|-end|p1a: Iron Treads|move: Future Sight\n|-resisted|p1a: Iron Treads\n|-damage|p1a: Iron Treads|23/100\n|-damage|p1a: Iron Treads|0 fnt|[from] Salt Cure\n|faint|p1a: Iron Treads\n|-end|p1a: Iron Treads|Quark Drive|[silent]\n|upkeep\n|\n|t:|1771258071\n|switch|p1a: Barraskewda|Barraskewda, F|100/100\n|turn|47\n|\n|t:|1771258075\n|move|p2a: Garganacl|Protect|p2a: Garganacl\n|-singleturn|p2a: Garganacl|Protect\n|move|p1a: Barraskewda|Flip Turn|p2a: Garganacl\n|-activate|p2a: Garganacl|move: Protect\n|\n|upkeep\n|turn|48\n|\n|t:|1771258080\n|switch|p2a: Corviknight|Corviknight, M|3/100\n|-damage|p2a: Corviknight|0 fnt|[from] Stealth Rock\n|faint|p2a: Corviknight\n|move|p1a: Barraskewda|Flip Turn|p2: Corviknight|[notarget]\n|-fail|p1a: Barraskewda\n|\n|upkeep\n|\n|t:|1771258084\n|switch|p2a: Slowking|Slowking-Galar, F, tera:Water|86/100\n|-damage|p2a: Slowking|74/100|[from] Stealth Rock\n|turn|49\n|\n|t:|1771258088\n|move|p1a: Barraskewda|Flip Turn|p2a: Slowking\n|-resisted|p2a: Slowking\n|-damage|p2a: Slowking|50/100\n|\n|t:|1771258092\n|switch|p1a: Zapdos|Zapdos|100/100|[from] Flip Turn\n|move|p2a: Slowking|Sludge Bomb|p1a: Zapdos\n|-damage|p1a: Zapdos|61/100\n|\n|upkeep\n|turn|50\n|\n|t:|1771258096\n|switch|p2a: Ting-Lu|Ting-Lu|82/100 tox\n|-damage|p2a: Ting-Lu|76/100 tox|[from] Stealth Rock\n|-ability|p2a: Ting-Lu|Vessel of Ruin\n|move|p1a: Zapdos|Hurricane|p2a: Ting-Lu\n|-damage|p2a: Ting-Lu|40/100 tox\n|-start|p2a: Ting-Lu|confusion\n|\n|-heal|p2a: Ting-Lu|46/100 tox|[from] item: Leftovers\n|-damage|p2a: Ting-Lu|40/100 tox|[from] psn\n|upkeep\n|turn|51\n|\n|t:|1771258106\n|-terastallize|p1a: Zapdos|Flying\n|move|p1a: Zapdos|Hurricane|p2a: Ting-Lu|[miss]\n|-miss|p1a: Zapdos|p2a: Ting-Lu\n|-activate|p2a: Ting-Lu|confusion\n|move|p2a: Ting-Lu|Payback|p1a: Zapdos\n|-damage|p1a: Zapdos|16/100\n|\n|-heal|p2a: Ting-Lu|46/100 tox|[from] item: Leftovers\n|-damage|p2a: Ting-Lu|34/100 tox|[from] psn\n|upkeep\n|turn|52\n|\n|t:|1771258119\n|switch|p1a: Pelipper|Pelipper, F|100/100\n|-weather|RainDance|[from] ability: Drizzle|[of] p1a: Pelipper\n|-end|p2a: Ting-Lu|confusion\n|move|p2a: Ting-Lu|Payback|p1a: Pelipper\n|-damage|p1a: Pelipper|80/100\n|\n|-weather|RainDance|[upkeep]\n|-heal|p2a: Ting-Lu|40/100 tox|[from] item: Leftovers\n|-damage|p2a: Ting-Lu|21/100 tox|[from] psn\n|upkeep\n|turn|53\n|\n|t:|1771258124\n|move|p2a: Ting-Lu|Ruination|p1a: Pelipper\n|-damage|p1a: Pelipper|40/100\n|move|p1a: Pelipper|Hurricane|p2a: Ting-Lu\n|-damage|p2a: Ting-Lu|6/100 tox\n|-start|p2a: Ting-Lu|confusion\n|\n|-weather|RainDance|[upkeep]\n|-heal|p2a: Ting-Lu|12/100 tox|[from] item: Leftovers\n|-damage|p2a: Ting-Lu|0 fnt|[from] psn\n|faint|p2a: Ting-Lu\n|upkeep\n|j| graylv\n|\n|t:|1771258126\n|switch|p2a: Slowking|Slowking-Galar, F, tera:Water|83/100\n|-damage|p2a: Slowking|71/100|[from] Stealth Rock\n|turn|54\n|\n|t:|1771258130\n|move|p1a: Pelipper|Roost|p1a: Pelipper\n|-heal|p1a: Pelipper|90/100\n|-singleturn|p1a: Pelipper|move: Roost\n|-prepare|p2a: Slowking|Chilly Reception|[premajor]\n|move|p2a: Slowking|Chilly Reception|p2a: Slowking\n|-weather|Snowscape\n|\n|t:|1771258131\n|switch|p2a: Garganacl|Garganacl, F|46/100|[from] Chilly Reception\n|-damage|p2a: Garganacl|34/100|[from] Stealth Rock\n|\n|-weather|Snowscape|[upkeep]\n|upkeep\n|turn|55\n|\n|t:|1771258136\n|move|p1a: Pelipper|U-turn|p2a: Garganacl\n|-damage|p2a: Garganacl|28/100\n|\n|t:|1771258140\n|switch|p1a: Toxicroak|Toxicroak, F|48/100|[from] U-turn\n|move|p2a: Garganacl|Recover|p2a: Garganacl\n|-heal|p2a: Garganacl|78/100\n|\n|-weather|Snowscape|[upkeep]\n|upkeep\n|turn|56\n|\n|t:|1771258145\n|move|p1a: Toxicroak|Encore|p2a: Garganacl\n|-start|p2a: Garganacl|Encore\n|move|p2a: Garganacl|Recover|p2a: Garganacl\n|-heal|p2a: Garganacl|100/100\n|\n|-weather|Snowscape|[upkeep]\n|upkeep\n|turn|57\n|\n|t:|1771258149\n|switch|p1a: Zapdos|Zapdos, tera:Flying|16/100\n|switch|p2a: Slowking|Slowking-Galar, F, tera:Water|100/100\n|-damage|p2a: Slowking|88/100|[from] Stealth Rock\n|\n|-weather|Snowscape|[upkeep]\n|upkeep\n|turn|58\n|\n|t:|1771258154\n|move|p1a: Zapdos|Volt Switch|p2a: Slowking\n|-supereffective|p2a: Slowking\n|-damage|p2a: Slowking|21/100\n|\n|t:|1771258159\n|switch|p1a: Toxicroak|Toxicroak, F|48/100|[from] Volt Switch\n|move|p2a: Slowking|Sludge Bomb|p1a: Toxicroak\n|-resisted|p1a: Toxicroak\n|-damage|p1a: Toxicroak|25/100\n|\n|-weather|none\n|upkeep\n|turn|59\n|\n|t:|1771258168\n|switch|p2a: Chesnaught|Chesnaught, F|71/100\n|move|p1a: Toxicroak|Drain Punch|p2a: Chesnaught\n|-damage|p2a: Chesnaught|55/100\n|-heal|p1a: Toxicroak|34/100|[from] drain|[of] p2a: Chesnaught\n|\n|upkeep\n|turn|60\n|\n|t:|1771258176\n|switch|p1a: Pelipper|Pelipper, F|90/100\n|-weather|RainDance|[from] ability: Drizzle|[of] p1a: Pelipper\n|move|p2a: Chesnaught|Spikes|p1a: Pelipper\n|-sidestart|p1: 3idk|Spikes\n|\n|-weather|RainDance|[upkeep]\n|upkeep\n|turn|61\n|\n|t:|1771258183\n|switch|p2a: Garganacl|Garganacl, F|100/100\n|-damage|p2a: Garganacl|88/100|[from] Stealth Rock\n|move|p1a: Pelipper|Hurricane|p2a: Garganacl\n|-resisted|p2a: Garganacl\n|-damage|p2a: Garganacl|76/100\n|\n|-weather|RainDance|[upkeep]\n|upkeep\n|turn|62\n|\n|t:|1771258187\n|move|p1a: Pelipper|U-turn|p2a: Garganacl\n|-damage|p2a: Garganacl|70/100\n|\n|t:|1771258190\n|switch|p1a: Toxicroak|Toxicroak, F|34/100|[from] U-turn\n|-damage|p1a: Toxicroak|22/100|[from] Spikes\n|move|p2a: Garganacl|Salt Cure|p1a: Toxicroak\n|-resisted|p1a: Toxicroak\n|-damage|p1a: Toxicroak|15/100\n|-start|p1a: Toxicroak|Salt Cure\n|\n|-weather|RainDance|[upkeep]\n|-heal|p1a: Toxicroak|28/100|[from] ability: Dry Skin\n|-damage|p1a: Toxicroak|15/100|[from] Salt Cure\n|upkeep\n|turn|63\n|j| hbgzd\n|\n|t:|1771258194\n|move|p1a: Toxicroak|Drain Punch|p2a: Garganacl\n|-supereffective|p2a: Garganacl\n|-damage|p2a: Garganacl|34/100\n|-heal|p1a: Toxicroak|35/100|[from] drain|[of] p2a: Garganacl\n|move|p2a: Garganacl|Stealth Rock|p1a: Toxicroak\n|-sidestart|p1: 3idk|move: Stealth Rock\n|\n|-weather|RainDance|[upkeep]\n|-heal|p1a: Toxicroak|47/100|[from] ability: Dry Skin\n|-damage|p1a: Toxicroak|35/100|[from] Salt Cure\n|upkeep\n|turn|64\n|\n|t:|1771258207\n|switch|p2a: Chesnaught|Chesnaught, F|55/100\n|move|p1a: Toxicroak|Drain Punch|p2a: Chesnaught\n|-damage|p2a: Chesnaught|38/100\n|-heal|p1a: Toxicroak|44/100|[from] drain|[of] p2a: Chesnaught\n|\n|-weather|RainDance|[upkeep]\n|-heal|p1a: Toxicroak|56/100|[from] ability: Dry Skin\n|-damage|p1a: Toxicroak|44/100|[from] Salt Cure\n|upkeep\n|turn|65\n|\n|t:|1771258211\n|move|p1a: Toxicroak|Toxic|p2a: Chesnaught\n|-status|p2a: Chesnaught|tox\n|move|p2a: Chesnaught|Synthesis|p2a: Chesnaught\n|-heal|p2a: Chesnaught|63/100 tox\n|\n|-weather|RainDance|[upkeep]\n|-heal|p1a: Toxicroak|56/100|[from] ability: Dry Skin\n|-damage|p2a: Chesnaught|57/100 tox|[from] psn\n|-damage|p1a: Toxicroak|44/100|[from] Salt Cure\n|upkeep\n|turn|66\n|\n|t:|1771258216\n|switch|p2a: Slowking|Slowking-Galar, F, tera:Water|54/100\n|-damage|p2a: Slowking|41/100|[from] Stealth Rock\n|move|p1a: Toxicroak|Drain Punch|p2a: Slowking\n|-damage|p2a: Slowking|12/100\n|-heal|p1a: Toxicroak|59/100|[from] drain|[of] p2a: Slowking\n|\n|-weather|RainDance|[upkeep]\n|-heal|p1a: Toxicroak|72/100|[from] ability: Dry Skin\n|-damage|p1a: Toxicroak|59/100|[from] Salt Cure\n|upkeep\n|turn|67\n|\n|t:|1771258224\n|move|p1a: Toxicroak|Drain Punch|p2a: Slowking\n|-damage|p2a: Slowking|0 fnt\n|-heal|p1a: Toxicroak|66/100|[from] drain|[of] p2a: Slowking\n|faint|p2a: Slowking\n|\n|-weather|none\n|-damage|p1a: Toxicroak|53/100|[from] Salt Cure\n|upkeep\n|\n|t:|1771258233\n|switch|p2a: Chesnaught|Chesnaught, F|57/100 tox\n|turn|68\n|j| Ctannn\n|\n|t:|1771258240\n|move|p1a: Toxicroak|Drain Punch|p2a: Chesnaught\n|-damage|p2a: Chesnaught|43/100 tox\n|-heal|p1a: Toxicroak|61/100|[from] drain|[of] p2a: Chesnaught\n|move|p2a: Chesnaught|Body Press|p1a: Toxicroak\n|-resisted|p1a: Toxicroak\n|-damage|p1a: Toxicroak|41/100\n|-damage|p2a: Chesnaught|26/100 tox|[from] item: Rocky Helmet|[of] p1a: Toxicroak\n|\n|-damage|p2a: Chesnaught|20/100 tox|[from] psn\n|-damage|p1a: Toxicroak|29/100|[from] Salt Cure\n|upkeep\n|turn|69\n|\n|t:|1771258247\n|move|p1a: Toxicroak|Drain Punch|p2a: Chesnaught\n|-damage|p2a: Chesnaught|5/100 tox\n|-heal|p1a: Toxicroak|37/100|[from] drain|[of] p2a: Chesnaught\n|move|p2a: Chesnaught|Body Press|p1a: Toxicroak\n|-resisted|p1a: Toxicroak\n|-damage|p1a: Toxicroak|16/100\n|-damage|p2a: Chesnaught|0 fnt|[from] item: Rocky Helmet|[of] p1a: Toxicroak\n|faint|p2a: Chesnaught\n|\n|-damage|p1a: Toxicroak|4/100|[from] Salt Cure\n|upkeep\n|\n|t:|1771258252\n|switch|p2a: Garganacl|Garganacl, F|34/100\n|-damage|p2a: Garganacl|22/100|[from] Stealth Rock\n|turn|70\n|c|☆3idk|toxicroak sweep\n|c|☆3idk|gg\n|\n|t:|1771258263\n|move|p1a: Toxicroak|Drain Punch|p2a: Garganacl\n|-supereffective|p2a: Garganacl\n|-damage|p2a: Garganacl|0 fnt\n|-heal|p1a: Toxicroak|15/100|[from] drain|[of] p2a: Garganacl\n|faint|p2a: Garganacl\n|\n|win|3idk\n|raw|3idk's rating: 1767 &rarr; <strong>1788</strong><br />(+21 for winning)\n|raw|getreyal's rating: 1792 &rarr; <strong>1771</strong><br />(-21 for losing)\n|c|☆3idk|wp\n|l|☆getreyal\n|player|p2|\n|l| hbgzd\n|j| jantelov1\n|l| jantelov1\n|l|☆3idk\n|player|p1|\n|j| t44 (the one)\n|l| t44 (the one)\n|l| graylv\n", "uploadtime": 1771258271, "views": 5, "formatid": "gen9ou", "rating": 1771, "private": 0, "password": null}