{"id": "gen9ou-2639894520", "format": "[Gen 9] OU", "players": ["my2002", "suprya"], "log": "|badge|p2|bronze|gen9ou|100-9\n|html|<div class=\"broadcast-red\"><strong>This battle is required to be public due to one or more player having a season medal.</strong><br />During the public phase, you can discuss the state of the ladder <a href=\"/seasondiscussion\">in a special chatroom.</a></div>\n|uhtml|medal-msg|<div class=\"broadcast-blue\">Curious what those medals under the avatar are? PS now has Ladder Seasons! For more information, check out the <a href=\"https://www.smogon.com/forums/threads/3740067/\">thread on Smogon.</a></div>\n|raw|<div class=\"broadcast-blue\"><strong>This battle is required to be public due to a player having a name starting with 'medal'.</div>\n|j|☆my2002\n|j|☆suprya\n|t:|1782538022\n|gametype|singles\n|player|p1|my2002|266|1717\n|player|p2|suprya|clown|1836\n|gen|9\n|tier|[Gen 9] OU\n|rated|\n|rule|HP Percentage Mod: HP is shown in percentages\n|rule|Endless Battle Clause: Forcing endless battles is banned\n|rule|Species Clause: Limit one of each Pokémon\n|rule|OHKO Clause: OHKO moves are banned\n|rule|Evasion Items Clause: Evasion items are banned\n|rule|Evasion Moves Clause: Evasion moves are banned\n|rule|Evasion Abilities Clause: Evasion abilities are banned\n|rule|Sleep Moves Clause: Sleep-inducing moves are banned\n|clearpoke\n|poke|p1|Slowking-Galar, M|\n|poke|p1|Whimsicott, M|\n|poke|p1|Kyurem|\n|poke|p1|Cinderace, F|\n|poke|p1|Alomomola, F|\n|poke|p1|Gliscor, M|\n|poke|p2|Pelipper, F|\n|poke|p2|Hydrapple, F|\n|poke|p2|Iron Treads|\n|poke|p2|Gholdengo|\n|poke|p2|Greninja-*, M|\n|poke|p2|Iron Hands|\n|teampreview\n|inactive|Battle timer is ON: inactive players will automatically lose when time's up. (requested by suprya)\n|j| Concept Everything\n|\n|t:|1782538039\n|teamsize|p1|6\n|teamsize|p2|6\n|start\n|switch|p1a: Kyurem|Kyurem|100/100\n|switch|p2a: Iron Hands|Iron Hands|100/100\n|-ability|p1a: Kyurem|Pressure\n|turn|1\n|\n|t:|1782538044\n|switch|p1a: Whimsicott|Whimsicott, M|100/100\n|move|p2a: Iron Hands|Drain Punch|p1a: Whimsicott\n|-resisted|p1a: Whimsicott\n|-damage|p1a: Whimsicott|83/100\n|\n|-heal|p1a: Whimsicott|89/100|[from] item: Leftovers\n|upkeep\n|turn|2\n|\n|t:|1782538048\n|move|p1a: Whimsicott|U-turn|p2a: Iron Hands\n|-resisted|p2a: Iron Hands\n|-damage|p2a: Iron Hands|97/100\n|\n|t:|1782538059\n|switch|p1a: Alomomola|Alomomola, F|100/100|[from] U-turn\n|move|p2a: Iron Hands|Heavy Slam|p1a: Alomomola\n|-resisted|p1a: Alomomola\n|-damage|p1a: Alomomola|89/100\n|-damage|p2a: Iron Hands|80/100|[from] item: Rocky Helmet|[of] p1a: Alomomola\n|\n|upkeep\n|turn|3\n|\n|t:|1782538081\n|move|p2a: Iron Hands|Drain Punch|p1a: Alomomola\n|-damage|p1a: Alomomola|67/100\n|-heal|p2a: Iron Hands|93/100|[from] drain|[of] p1a: Alomomola\n|-damage|p2a: Iron Hands|76/100|[from] item: Rocky Helmet|[of] p1a: Alomomola\n|move|p1a: Alomomola|Flip Turn|p2a: Iron Hands\n|-damage|p2a: Iron Hands|65/100\n|\n|t:|1782538095\n|switch|p1a: Gliscor|Gliscor, M|100/100|[from] Flip Turn\n|\n|-status|p1a: Gliscor|tox|[from] item: Toxic Orb\n|upkeep\n|turn|4\n|\n|t:|1782538102\n|switch|p1a: Alomomola|Alomomola, F|100/100\n|-end|p2a: Iron Hands|Quark Drive|[silent]\n|switch|p2a: Pelipper|Pelipper, F|100/100\n|-weather|RainDance|[from] ability: Drizzle|[of] p2a: Pelipper\n|\n|-weather|RainDance|[upkeep]\n|upkeep\n|turn|5\n|\n|t:|1782538123\n|move|p1a: Alomomola|Flip Turn|p2a: Pelipper\n|-resisted|p2a: Pelipper\n|-damage|p2a: Pelipper|91/100\n|inactive|my2002 has 120 seconds left.\n|\n|t:|1782538150\n|switch|p1a: Whimsicott|Whimsicott, M|89/100|[from] Flip Turn\n|move|p2a: Pelipper|U-turn|p1a: Whimsicott\n|-damage|p1a: Whimsicott|81/100\n|\n|t:|1782538160\n|switch|p2a: Iron Treads|Iron Treads|100/100|[from] U-turn\n|\n|-weather|RainDance|[upkeep]\n|-heal|p1a: Whimsicott|87/100|[from] item: Leftovers\n|upkeep\n|turn|6\n|\n|t:|1782538168\n|switch|p1a: Alomomola|Alomomola, F|100/100\n|move|p2a: Iron Treads|Stealth Rock|p1a: Alomomola\n|-sidestart|p1: my2002|move: Stealth Rock\n|\n|-weather|RainDance|[upkeep]\n|upkeep\n|turn|7\n|\n|t:|1782538171\n|move|p2a: Iron Treads|Knock Off|p1a: Alomomola\n|-damage|p1a: Alomomola|88/100\n|-damage|p2a: Iron Treads|84/100|[from] item: Rocky Helmet|[of] p1a: Alomomola\n|-enditem|p1a: Alomomola|Rocky Helmet|[from] move: Knock Off|[of] p2a: Iron Treads\n|move|p1a: Alomomola|Flip Turn|p2a: Iron Treads\n|-supereffective|p2a: Iron Treads\n|-damage|p2a: Iron Treads|49/100\n|\n|t:|1782538183\n|switch|p1a: Cinderace|Cinderace, F|100/100|[from] Flip Turn\n|\n|-weather|RainDance|[upkeep]\n|-heal|p2a: Iron Treads|55/100|[from] item: Leftovers\n|upkeep\n|turn|8\n|\n|t:|1782538201\n|switch|p1a: Alomomola|Alomomola, F|100/100\n|-damage|p1a: Alomomola|88/100|[from] Stealth Rock\n|move|p2a: Iron Treads|Earthquake|p1a: Alomomola\n|-damage|p1a: Alomomola|68/100\n|\n|-weather|none\n|-heal|p2a: Iron Treads|61/100|[from] item: Leftovers\n|upkeep\n|turn|9\n|\n|t:|1782538211\n|-end|p2a: Iron Treads|Quark Drive|[silent]\n|switch|p2a: Hydrapple|Hydrapple, F|100/100\n|move|p1a: Alomomola|Flip Turn|p2a: Hydrapple\n|-resisted|p2a: Hydrapple\n|-damage|p2a: Hydrapple|98/100\n|-damage|p1a: Alomomola|52/100|[from] item: Rocky Helmet|[of] p2a: Hydrapple\n|\n|t:|1782538218\n|switch|p1a: Kyurem|Kyurem|100/100|[from] Flip Turn\n|-damage|p1a: Kyurem|76/100|[from] Stealth Rock\n|-ability|p1a: Kyurem|Pressure\n|\n|-heal|p1a: Kyurem|82/100|[from] item: Leftovers\n|upkeep\n|turn|10\n|\n|t:|1782538227\n|switch|p2a: Iron Hands|Iron Hands|65/100\n|move|p1a: Kyurem|Substitute|p1a: Kyurem\n|-start|p1a: Kyurem|Substitute\n|-damage|p1a: Kyurem|57/100\n|\n|-heal|p1a: Kyurem|63/100|[from] item: Leftovers\n|upkeep\n|turn|11\n|\n|t:|1782538230\n|move|p1a: Kyurem|Earth Power|p2a: Iron Hands\n|-supereffective|p2a: Iron Hands\n|-damage|p2a: Iron Hands|34/100\n|move|p2a: Iron Hands|Drain Punch|p1a: Kyurem\n|-supereffective|p1a: Kyurem\n|-end|p1a: Kyurem|Substitute\n|-heal|p2a: Iron Hands|45/100|[from] drain|[of] p1a: Kyurem\n|\n|-heal|p1a: Kyurem|69/100|[from] item: Leftovers\n|upkeep\n|turn|12\n|\n|t:|1782538238\n|move|p1a: Kyurem|Protect|p1a: Kyurem\n|-singleturn|p1a: Kyurem|Protect\n|move|p2a: Iron Hands|Drain Punch|p1a: Kyurem\n|-activate|p1a: Kyurem|move: Protect\n|\n|-heal|p1a: Kyurem|75/100|[from] item: Leftovers\n|upkeep\n|turn|13\n|\n|t:|1782538262\n|switch|p1a: Gliscor|Gliscor, M|100/100 tox\n|-damage|p1a: Gliscor|88/100 tox|[from] Stealth Rock\n|move|p2a: Iron Hands|Ice Punch|p1a: Gliscor\n|-supereffective|p1a: Gliscor\n|-damage|p1a: Gliscor|2/100 tox\n|\n|-heal|p1a: Gliscor|14/100 tox|[from] ability: Poison Heal\n|upkeep\n|turn|14\n|\n|t:|1782538271\n|-end|p2a: Iron Hands|Quark Drive|[silent]\n|switch|p2a: Greninja|Greninja, M|100/100\n|move|p1a: Gliscor|Facade|p2a: Greninja\n|-damage|p2a: Greninja|32/100\n|\n|-heal|p1a: Gliscor|26/100 tox|[from] ability: Poison Heal\n|upkeep\n|turn|15\n|\n|t:|1782538283\n|switch|p1a: Slowking|Slowking-Galar, M|100/100\n|-damage|p1a: Slowking|88/100|[from] Stealth Rock\n|move|p2a: Greninja|Spikes|p1a: Slowking\n|-sidestart|p1: my2002|Spikes\n|\n|upkeep\n|turn|16\n|\n|t:|1782538293\n|move|p2a: Greninja|Dark Pulse|p1a: Slowking\n|-supereffective|p1a: Slowking\n|-damage|p1a: Slowking|47/100\n|move|p1a: Slowking|Sludge Wave|p2a: Greninja\n|-damage|p2a: Greninja|0 fnt\n|faint|p2a: Greninja\n|\n|upkeep\n|\n|t:|1782538298\n|switch|p2a: Gholdengo|Gholdengo|100/100\n|turn|17\n|inactive|my2002 has 120 seconds left.\n|\n|t:|1782538336\n|switch|p1a: Whimsicott|Whimsicott, M|87/100\n|-damage|p1a: Whimsicott|75/100|[from] Stealth Rock\n|-damage|p1a: Whimsicott|62/100|[from] Spikes\n|move|p2a: Gholdengo|Shadow Ball|p1a: Whimsicott\n|-damage|p1a: Whimsicott|8/100\n|\n|-heal|p1a: Whimsicott|14/100|[from] item: Leftovers\n|upkeep\n|turn|18\n|\n|t:|1782538344\n|move|p2a: Gholdengo|Shadow Ball|p1a: Whimsicott\n|-damage|p1a: Whimsicott|0 fnt\n|faint|p1a: Whimsicott\n|\n|upkeep\n|\n|t:|1782538347\n|switch|p1a: Cinderace|Cinderace, F|100/100\n|turn|19\n|\n|t:|1782538352\n|move|p2a: Gholdengo|Shadow Ball|p1a: Cinderace\n|-damage|p1a: Cinderace|41/100\n|move|p1a: Cinderace|Court Change|p1a: Cinderace\n|-start|p1a: Cinderace|typechange|Normal|[from] ability: Libero\n|-swapsideconditions\n|-activate|p1a: Cinderace|move: Court Change\n|\n|upkeep\n|turn|20\n|\n|t:|1782538357\n|switch|p2a: Pelipper|Pelipper, F|91/100\n|-weather|RainDance|[from] ability: Drizzle|[of] p2a: Pelipper\n|move|p1a: Cinderace|U-turn|p2a: Pelipper\n|-resisted|p2a: Pelipper\n|-damage|p2a: Pelipper|82/100\n|\n|t:|1782538360\n|switch|p1a: Kyurem|Kyurem|75/100|[from] U-turn\n|-ability|p1a: Kyurem|Pressure\n|\n|-weather|RainDance|[upkeep]\n|-heal|p1a: Kyurem|81/100|[from] item: Leftovers\n|upkeep\n|turn|21\n|\n|t:|1782538368\n|move|p1a: Kyurem|Substitute|p1a: Kyurem\n|-start|p1a: Kyurem|Substitute\n|-damage|p1a: Kyurem|56/100\n|move|p2a: Pelipper|U-turn|p1a: Kyurem\n|-activate|p1a: Kyurem|move: Substitute|[damage]\n|\n|t:|1782538373\n|switch|p2a: Iron Treads|Iron Treads|61/100|[from] U-turn\n|-damage|p2a: Iron Treads|58/100|[from] Stealth Rock\n|-damage|p2a: Iron Treads|46/100|[from] Spikes\n|\n|-weather|RainDance|[upkeep]\n|-heal|p1a: Kyurem|62/100|[from] item: Leftovers\n|-heal|p2a: Iron Treads|52/100|[from] item: Leftovers\n|upkeep\n|turn|22\n|\n|t:|1782538375\n|-terastallize|p2a: Iron Treads|Fairy\n|move|p1a: Kyurem|Earth Power|p2a: Iron Treads\n|-damage|p2a: Iron Treads|27/100\n|move|p2a: Iron Treads|Rapid Spin|p1a: Kyurem\n|-activate|p1a: Kyurem|move: Substitute|[damage]\n|-sideend|p2: suprya|Spikes|[from] move: Rapid Spin|[of] p2a: Iron Treads\n|-sideend|p2: suprya|Stealth Rock|[from] move: Rapid Spin|[of] p2a: Iron Treads\n|-boost|p2a: Iron Treads|spe|1\n|\n|-weather|RainDance|[upkeep]\n|-heal|p2a: Iron Treads|33/100|[from] item: Leftovers\n|-heal|p1a: Kyurem|68/100|[from] item: Leftovers\n|upkeep\n|turn|23\n|\n|t:|1782538381\n|move|p1a: Kyurem|Protect|p1a: Kyurem\n|-singleturn|p1a: Kyurem|Protect\n|move|p2a: Iron Treads|Earthquake|p1a: Kyurem\n|-activate|p1a: Kyurem|move: Protect\n|\n|-weather|RainDance|[upkeep]\n|-heal|p2a: Iron Treads|39/100|[from] item: Leftovers\n|-heal|p1a: Kyurem|74/100|[from] item: Leftovers\n|upkeep\n|turn|24\n|\n|t:|1782538384\n|move|p2a: Iron Treads|Earthquake|p1a: Kyurem\n|-end|p1a: Kyurem|Substitute\n|move|p1a: Kyurem|Freeze-Dry|p2a: Iron Treads\n|-damage|p2a: Iron Treads|5/100\n|-status|p2a: Iron Treads|frz\n|\n|-weather|none\n|-heal|p2a: Iron Treads|11/100 frz|[from] item: Leftovers\n|-heal|p1a: Kyurem|80/100|[from] item: Leftovers\n|upkeep\n|turn|25\n|\n|t:|1782538390\n|-curestatus|p2a: Iron Treads|frz|[msg]\n|move|p2a: Iron Treads|Knock Off|p1a: Kyurem\n|-damage|p1a: Kyurem|56/100\n|-enditem|p1a: Kyurem|Leftovers|[from] move: Knock Off|[of] p2a: Iron Treads\n|move|p1a: Kyurem|Substitute|p1a: Kyurem\n|-start|p1a: Kyurem|Substitute\n|-damage|p1a: Kyurem|31/100\n|\n|-heal|p2a: Iron Treads|17/100|[from] item: Leftovers\n|upkeep\n|turn|26\n|\n|t:|1782538401\n|move|p2a: Iron Treads|Earthquake|p1a: Kyurem\n|-end|p1a: Kyurem|Substitute\n|move|p1a: Kyurem|Freeze-Dry|p2a: Iron Treads\n|-damage|p2a: Iron Treads|0 fnt\n|faint|p2a: Iron Treads\n|-end|p2a: Iron Treads|Quark Drive|[silent]\n|\n|upkeep\n|\n|t:|1782538408\n|switch|p2a: Gholdengo|Gholdengo|100/100\n|turn|27\n|\n|t:|1782538410\n|move|p1a: Kyurem|Protect|p1a: Kyurem\n|-singleturn|p1a: Kyurem|Protect\n|move|p2a: Gholdengo|Shadow Ball|p1a: Kyurem\n|-activate|p1a: Kyurem|move: Protect\n|\n|upkeep\n|turn|28\n|\n|t:|1782538418\n|switch|p1a: Alomomola|Alomomola, F|85/100\n|move|p2a: Gholdengo|Shadow Ball|p1a: Alomomola\n|-damage|p1a: Alomomola|33/100\n|\n|upkeep\n|turn|29\n|\n|t:|1782538424\n|move|p2a: Gholdengo|Shadow Ball|p1a: Alomomola\n|-damage|p1a: Alomomola|0 fnt\n|faint|p1a: Alomomola\n|\n|upkeep\n|\n|t:|1782538430\n|switch|p1a: Slowking|Slowking-Galar, M|81/100\n|turn|30\n|\n|t:|1782538434\n|move|p2a: Gholdengo|Shadow Ball|p1a: Slowking\n|-supereffective|p1a: Slowking\n|-damage|p1a: Slowking|33/100\n|move|p1a: Slowking|Flamethrower|p2a: Gholdengo\n|-supereffective|p2a: Gholdengo\n|-damage|p2a: Gholdengo|36/100\n|\n|upkeep\n|turn|31\n|\n|t:|1782538445\n|switch|p2a: Iron Hands|Iron Hands|45/100\n|switch|p1a: Cinderace|Cinderace, F|41/100\n|\n|upkeep\n|turn|32\n|\n|t:|1782538450\n|move|p1a: Cinderace|Pyro Ball|p2a: Iron Hands\n|-damage|p2a: Iron Hands|1/100\n|move|p2a: Iron Hands|Drain Punch|p1a: Cinderace\n|-damage|p1a: Cinderace|0 fnt\n|-heal|p2a: Iron Hands|14/100|[from] drain|[of] p1a: Cinderace\n|faint|p1a: Cinderace\n|\n|upkeep\n|j| Garden of Dreams\n|\n|t:|1782538464\n|switch|p1a: Kyurem|Kyurem|31/100\n|-ability|p1a: Kyurem|Pressure\n|turn|33\n|\n|t:|1782538467\n|move|p1a: Kyurem|Freeze-Dry|p2a: Iron Hands\n|-damage|p2a: Iron Hands|0 fnt\n|faint|p2a: Iron Hands\n|-end|p2a: Iron Hands|Quark Drive|[silent]\n|\n|upkeep\n|\n|t:|1782538469\n|switch|p2a: Gholdengo|Gholdengo|36/100\n|turn|34\n|\n|t:|1782538471\n|move|p1a: Kyurem|Protect|p1a: Kyurem\n|-singleturn|p1a: Kyurem|Protect\n|move|p2a: Gholdengo|Shadow Ball|p1a: Kyurem\n|-activate|p1a: Kyurem|move: Protect\n|\n|upkeep\n|turn|35\n|\n|t:|1782538477\n|switch|p1a: Gliscor|Gliscor, M|26/100 tox\n|move|p2a: Gholdengo|Shadow Ball|p1a: Gliscor\n|-damage|p1a: Gliscor|0 fnt\n|faint|p1a: Gliscor\n|\n|upkeep\n|\n|t:|1782538479\n|switch|p1a: Slowking|Slowking-Galar, M|67/100\n|turn|36\n|\n|t:|1782538488\n|switch|p2a: Pelipper|Pelipper, F|82/100\n|-weather|RainDance|[from] ability: Drizzle|[of] p2a: Pelipper\n|move|p1a: Slowking|Flamethrower|p2a: Pelipper\n|-resisted|p2a: Pelipper\n|-damage|p2a: Pelipper|71/100\n|\n|-weather|RainDance|[upkeep]\n|upkeep\n|turn|37\n|\n|t:|1782538496\n|move|p2a: Pelipper|Surf|p1a: Slowking\n|-damage|p1a: Slowking|42/100\n|move|p1a: Slowking|Sludge Wave|p2a: Pelipper\n|-damage|p2a: Pelipper|7/100\n|\n|-weather|RainDance|[upkeep]\n|upkeep\n|turn|38\n|\n|t:|1782538503\n|switch|p1a: Kyurem|Kyurem|31/100\n|-ability|p1a: Kyurem|Pressure\n|move|p2a: Pelipper|Hurricane|p1a: Kyurem\n|-damage|p1a: Kyurem|0 fnt\n|faint|p1a: Kyurem\n|\n|-weather|RainDance|[upkeep]\n|upkeep\n|\n|t:|1782538505\n|switch|p1a: Slowking|Slowking-Galar, M|75/100\n|turn|39\n|\n|t:|1782538509\n|move|p2a: Pelipper|Surf|p1a: Slowking\n|-damage|p1a: Slowking|52/100\n|move|p1a: Slowking|Sludge Wave|p2a: Pelipper\n|-damage|p2a: Pelipper|0 fnt\n|faint|p2a: Pelipper\n|\n|-weather|RainDance|[upkeep]\n|upkeep\n|\n|t:|1782538519\n|switch|p2a: Gholdengo|Gholdengo|36/100\n|turn|40\n|\n|t:|1782538522\n|-terastallize|p1a: Slowking|Bug\n|move|p2a: Gholdengo|Shadow Ball|p1a: Slowking\n|-damage|p1a: Slowking|30/100\n|move|p1a: Slowking|Flamethrower|p2a: Gholdengo\n|-supereffective|p2a: Gholdengo\n|-damage|p2a: Gholdengo|3/100\n|\n|-weather|none\n|upkeep\n|turn|41\n|\n|t:|1782538527\n|move|p2a: Gholdengo|Shadow Ball|p1a: Slowking\n|-damage|p1a: Slowking|6/100\n|move|p1a: Slowking|Flamethrower|p2a: Gholdengo\n|-supereffective|p2a: Gholdengo\n|-damage|p2a: Gholdengo|0 fnt\n|faint|p2a: Gholdengo\n|\n|upkeep\n|\n|t:|1782538529\n|switch|p2a: Hydrapple|Hydrapple, F|100/100\n|turn|42\n|\n|t:|1782538531\n|move|p2a: Hydrapple|Fickle Beam|p1a: Slowking\n|-damage|p1a: Slowking|0 fnt\n|faint|p1a: Slowking\n|\n|win|suprya\n|raw|my2002's rating: 1717 &rarr; <strong>1704</strong><br />(-13 for losing)\n|raw|suprya's rating: 1836 &rarr; <strong>1849</strong><br />(+13 for winning)\n|l|☆my2002\n|player|p1|\n|l|☆suprya\n|player|p2|\n", "uploadtime": 1782538675, "views": 14, "formatid": "gen9ou", "rating": 1704, "private": 0, "password": null}