{"id": "gen9ou-2540628634", "format": "[Gen 9] OU", "players": ["alex12381723898", "Polgre VII"], "log": "|j|☆alex12381723898\n|j|☆Polgre VII\n|t:|1771230260\n|gametype|singles\n|player|p1|alex12381723898|170|1616\n|player|p2|Polgre VII|drayden|1652\n|gen|9\n|tier|[Gen 9] OU\n|rated|\n|rule|HP Percentage Mod: HP is shown in percentages\n|rule|Endless Battle Clause: Forcing endless battles is banned\n|rule|Species Clause: Limit one of each Pokémon\n|rule|OHKO Clause: OHKO moves are banned\n|rule|Evasion Items Clause: Evasion items are banned\n|rule|Evasion Moves Clause: Evasion moves are banned\n|rule|Evasion Abilities Clause: Evasion abilities are banned\n|rule|Sleep Moves Clause: Sleep-inducing moves are banned\n|clearpoke\n|poke|p1|Landorus-Therian, M|\n|poke|p1|Sinistcha|\n|poke|p1|Tinkaton, F|\n|poke|p1|Moltres|\n|poke|p1|Samurott-Hisui, M|\n|poke|p1|Hydreigon, M|\n|poke|p2|Iron Moth|\n|poke|p2|Kingambit, F|\n|poke|p2|Dragonite, F|\n|poke|p2|Ogerpon-Cornerstone, F|\n|poke|p2|Iron Valiant|\n|poke|p2|Raging Bolt|\n|teampreview\n|inactive|Battle timer is ON: inactive players will automatically lose when time's up. (requested by alex12381723898)\n|\n|t:|1771230269\n|teamsize|p1|6\n|teamsize|p2|6\n|start\n|switch|p1a: Smile.exe|Tinkaton, F, shiny|100/100\n|switch|p2a: Ogerpon|Ogerpon-Cornerstone, F|100/100\n|-item|p1a: Smile.exe|Air Balloon\n|turn|1\n|\n|t:|1771230280\n|move|p2a: Ogerpon|Ivy Cudgel|p1a: Smile.exe|[anim] Ivy Cudgel Rock\n|-resisted|p1a: Smile.exe\n|-damage|p1a: Smile.exe|63/100\n|-enditem|p1a: Smile.exe|Air Balloon\n|move|p1a: Smile.exe|Stealth Rock|p2a: Ogerpon\n|-sidestart|p2: Polgre VII|move: Stealth Rock\n|\n|upkeep\n|turn|2\n|\n|t:|1771230286\n|move|p2a: Ogerpon|Swords Dance|p2a: Ogerpon\n|-boost|p2a: Ogerpon|atk|2\n|move|p1a: Smile.exe|Gigaton Hammer|p2a: Ogerpon\n|-supereffective|p2a: Ogerpon\n|-ability|p2a: Ogerpon|Sturdy\n|-damage|p2a: Ogerpon|1/100\n|\n|upkeep\n|turn|3\n|\n|t:|1771230293\n|move|p2a: Ogerpon|Power Whip|p1a: Smile.exe\n|-resisted|p1a: Smile.exe\n|-damage|p1a: Smile.exe|0 fnt\n|faint|p1a: Smile.exe\n|\n|upkeep\n|\n|t:|1771230296\n|switch|p1a: Enten|Landorus-Therian, M, shiny|100/100\n|-ability|p1a: Enten|Intimidate|boost\n|-unboost|p2a: Ogerpon|atk|1\n|turn|4\n|\n|t:|1771230300\n|move|p1a: Enten|U-turn|p2a: Ogerpon\n|-supereffective|p2a: Ogerpon\n|-damage|p2a: Ogerpon|0 fnt\n|faint|p2a: Ogerpon\n|\n|t:|1771230307\n|switch|p1a: Hybrid|Hydreigon, M, shiny|100/100|[from] U-turn\n|\n|upkeep\n|\n|t:|1771230311\n|switch|p2a: Iron Valiant|Iron Valiant|100/100\n|-damage|p2a: Iron Valiant|94/100|[from] Stealth Rock\n|-enditem|p2a: Iron Valiant|Booster Energy\n|-activate|p2a: Iron Valiant|ability: Quark Drive|[fromitem]\n|-start|p2a: Iron Valiant|quarkdrivespe\n|turn|5\n|\n|t:|1771230314\n|-terastallize|p1a: Hybrid|Steel\n|move|p2a: Iron Valiant|Close Combat|p1a: Hybrid\n|-supereffective|p1a: Hybrid\n|-damage|p1a: Hybrid|0 fnt\n|-unboost|p2a: Iron Valiant|def|1\n|-unboost|p2a: Iron Valiant|spd|1\n|faint|p1a: Hybrid\n|\n|upkeep\n|\n|t:|1771230317\n|switch|p1a: Enten|Landorus-Therian, M, shiny|100/100\n|-ability|p1a: Enten|Intimidate|boost\n|-unboost|p2a: Iron Valiant|atk|1\n|turn|6\n|\n|t:|1771230319\n|move|p2a: Iron Valiant|Knock Off|p1a: Enten\n|-damage|p1a: Enten|74/100\n|-enditem|p1a: Enten|Choice Scarf|[from] move: Knock Off|[of] p2a: Iron Valiant\n|move|p1a: Enten|Earthquake|p2a: Iron Valiant\n|-damage|p2a: Iron Valiant|0 fnt\n|faint|p2a: Iron Valiant\n|-end|p2a: Iron Valiant|Quark Drive|[silent]\n|\n|upkeep\n|\n|t:|1771230341\n|switch|p2a: Dragonite|Dragonite, F|100/100\n|turn|7\n|l|☆alex12381723898\n|inactive|alex12381723898 disconnected and has a minute to reconnect!\n|player|p1|\n|inactive|alex12381723898 has 30 seconds to reconnect!\n|inactive|alex12381723898 has 20 seconds to reconnect!\n|inactive|alex12381723898 has 15 seconds to reconnect!\n|inactive|alex12381723898 has 10 seconds to reconnect!\n|inactive|alex12381723898 has 5 seconds to reconnect!\n|-message|alex12381723898 lost due to inactivity.\n|\n|win|Polgre VII\n|raw|alex12381723898's rating: 1616 &rarr; <strong>1598</strong><br />(-18 for losing)\n|raw|Polgre VII's rating: 1652 &rarr; <strong>1670</strong><br />(+18 for winning)\n|l|☆Polgre VII\n|player|p2|\n", "uploadtime": 1771230548, "views": 8, "formatid": "gen9ou", "rating": 1598, "private": 0, "password": null}