{"id": "gen9nationaldex-2540599608", "format": "[Gen 9] National Dex", "players": ["chocolateovo", "frost12080000"], "log": "|j|☆chocolateovo\n|j|☆frost12080000\n|t:|1771224758\n|gametype|singles\n|player|p1|chocolateovo|hugh|1534\n|player|p2|frost12080000|burglar|1553\n|gen|9\n|tier|[Gen 9] National Dex\n|rated|\n|rule|HP Percentage Mod: HP is shown in percentages\n|rule|Endless Battle Clause: Forcing endless battles is banned\n|rule|Species Clause: Limit one of each Pokémon\n|rule|OHKO Clause: OHKO moves are banned\n|rule|Evasion Clause: Evasion abilities, items, and moves are banned\n|rule|Evasion Abilities Clause: Evasion abilities are banned\n|rule|Evasion Items Clause: Evasion items are banned\n|rule|Evasion Moves Clause: Evasion moves are banned\n|rule|Sleep Clause Mod: Limit one foe put to sleep\n|rule|Terastal Clause: You cannot Terastallize\n|clearpoke\n|poke|p1|Shedinja|\n|poke|p1|Moltres|\n|poke|p1|Tyranitar, F|\n|poke|p1|Gliscor, F|\n|poke|p1|Gyarados, F|\n|poke|p1|Iron Valiant|\n|poke|p2|Tapu Fini|\n|poke|p2|Charizard, F|\n|poke|p2|Ogerpon-Cornerstone, F|\n|poke|p2|Landorus-Therian, M|\n|poke|p2|Gholdengo|\n|poke|p2|Alomomola, M|\n|teampreview\n|inactive|Battle timer is ON: inactive players will automatically lose when time's up. (requested by chocolateovo)\n|\n|t:|1771224781\n|teamsize|p1|6\n|teamsize|p2|6\n|start\n|switch|p1a: Moltres|Moltres, shiny|100/100\n|switch|p2a: Alomomola|Alomomola, M|100/100\n|turn|1\n|\n|t:|1771224786\n|move|p1a: Moltres|U-turn|p2a: Alomomola\n|-damage|p2a: Alomomola|90/100\n|\n|t:|1771224788\n|switch|p1a: Gliscor|Gliscor, F, shiny|100/100|[from] U-turn\n|move|p2a: Alomomola|Flip Turn|p1a: Gliscor\n|-supereffective|p1a: Gliscor\n|-damage|p1a: Gliscor|58/100\n|\n|t:|1771224792\n|switch|p2a: Charizard|Charizard, F, shiny|100/100|[from] Flip Turn\n|\n|-status|p1a: Gliscor|tox|[from] item: Toxic Orb\n|upkeep\n|turn|2\n|\n|t:|1771224798\n|detailschange|p2a: Charizard|Charizard-Mega-Y, F, shiny\n|-mega|p2a: Charizard|Charizard|Charizardite Y\n|-weather|SunnyDay|[from] ability: Drought|[of] p2a: Charizard\n|move|p1a: Gliscor|Protect|p1a: Gliscor\n|-singleturn|p1a: Gliscor|Protect\n|move|p2a: Charizard|Weather Ball|p1a: Gliscor\n|-activate|p1a: Gliscor|move: Protect\n|\n|-weather|SunnyDay|[upkeep]\n|-heal|p1a: Gliscor|71/100 tox|[from] ability: Poison Heal\n|upkeep\n|turn|3\n|\n|t:|1771224811\n|switch|p1a: Tyranitar|Tyranitar, F|100/100\n|-weather|Sandstorm|[from] ability: Sand Stream|[of] p1a: Tyranitar\n|move|p2a: Charizard|Scorching Sands|p1a: Tyranitar\n|-supereffective|p1a: Tyranitar\n|-damage|p1a: Tyranitar|58/100\n|-status|p1a: Tyranitar|brn\n|\n|-weather|Sandstorm|[upkeep]\n|-damage|p2a: Charizard|94/100|[from] Sandstorm\n|-damage|p1a: Tyranitar|52/100 brn|[from] brn\n|upkeep\n|turn|4\n|\n|t:|1771224826\n|switch|p2a: Landorus|Landorus-Therian, M|100/100\n|-ability|p2a: Landorus|Intimidate|boost\n|-unboost|p1a: Tyranitar|atk|1\n|move|p1a: Tyranitar|Stone Edge|p2a: Landorus|[miss]\n|-miss|p1a: Tyranitar|p2a: Landorus\n|\n|-weather|Sandstorm|[upkeep]\n|-damage|p1a: Tyranitar|46/100 brn|[from] brn\n|upkeep\n|turn|5\n|\n|t:|1771224834\n|switch|p1a: Gliscor|Gliscor, F, shiny|71/100 tox\n|move|p2a: Landorus|U-turn|p1a: Gliscor\n|-resisted|p1a: Gliscor\n|-damage|p1a: Gliscor|62/100 tox\n|\n|t:|1771224841\n|switch|p2a: Alomomola|Alomomola, M|90/100|[from] U-turn\n|\n|-weather|Sandstorm|[upkeep]\n|-damage|p2a: Alomomola|84/100|[from] Sandstorm\n|-heal|p1a: Gliscor|74/100 tox|[from] ability: Poison Heal\n|upkeep\n|turn|6\n|\n|t:|1771224844\n|move|p1a: Gliscor|Protect|p1a: Gliscor\n|-singleturn|p1a: Gliscor|Protect\n|move|p2a: Alomomola|Flip Turn|p1a: Gliscor\n|-activate|p1a: Gliscor|move: Protect\n|\n|-weather|Sandstorm|[upkeep]\n|-damage|p2a: Alomomola|77/100|[from] Sandstorm\n|-heal|p1a: Gliscor|86/100 tox|[from] ability: Poison Heal\n|upkeep\n|turn|7\n|\n|t:|1771224847\n|move|p1a: Gliscor|Stealth Rock|p2a: Alomomola\n|-sidestart|p2: frost12080000|move: Stealth Rock\n|move|p2a: Alomomola|Flip Turn|p1a: Gliscor\n|-supereffective|p1a: Gliscor\n|-damage|p1a: Gliscor|40/100 tox\n|\n|t:|1771224852\n|switch|p2a: Landorus|Landorus-Therian, M|100/100|[from] Flip Turn\n|-damage|p2a: Landorus|88/100|[from] Stealth Rock\n|-ability|p2a: Landorus|Intimidate|boost\n|-unboost|p1a: Gliscor|atk|1\n|\n|-weather|none\n|-heal|p1a: Gliscor|52/100 tox|[from] ability: Poison Heal\n|upkeep\n|turn|8\n|\n|t:|1771224858\n|switch|p1a: Moltres|Moltres, shiny|100/100\n|move|p2a: Landorus|Defog|p1a: Moltres\n|-unboost|p1a: Moltres|evasion|1\n|-sideend|p2: frost12080000|Stealth Rock|[from] move: Defog|[of] p2a: Landorus\n|\n|upkeep\n|turn|9\n|\n|t:|1771224862\n|switch|p2a: Alomomola|Alomomola, M|77/100\n|move|p1a: Moltres|Flamethrower|p2a: Alomomola\n|-resisted|p2a: Alomomola\n|-damage|p2a: Alomomola|58/100\n|\n|upkeep\n|turn|10\n|\n|t:|1771224865\n|move|p1a: Moltres|U-turn|p2a: Alomomola\n|-damage|p2a: Alomomola|47/100\n|\n|t:|1771224868\n|switch|p1a: Shedinja|Shedinja, shiny|100/100|[from] U-turn\n|move|p2a: Alomomola|Flip Turn|p1a: Shedinja\n|-immune|p1a: Shedinja|[from] ability: Wonder Guard\n|\n|upkeep\n|turn|11\n|\n|t:|1771224874\n|switch|p2a: Gholdengo|Gholdengo|100/100\n|move|p1a: Shedinja|Protect||[still]\n|-fail|p1a: Shedinja\n|\n|upkeep\n|turn|12\n|\n|t:|1771224882\n|switch|p1a: Moltres|Moltres, shiny|100/100\n|move|p2a: Gholdengo|Nasty Plot|p2a: Gholdengo\n|-boost|p2a: Gholdengo|spa|2\n|\n|upkeep\n|turn|13\n|\n|t:|1771224885\n|move|p1a: Moltres|Flamethrower|p2a: Gholdengo\n|-supereffective|p2a: Gholdengo\n|-crit|p2a: Gholdengo\n|-damage|p2a: Gholdengo|0 fnt\n|faint|p2a: Gholdengo\n|\n|upkeep\n|\n|t:|1771224891\n|switch|p2a: Charizard|Charizard-Mega-Y, F, shiny|94/100\n|-weather|SunnyDay|[from] ability: Drought|[of] p2a: Charizard\n|turn|14\n|\n|t:|1771224896\n|switch|p1a: Tyranitar|Tyranitar, F|46/100 brn\n|-weather|Sandstorm|[from] ability: Sand Stream|[of] p1a: Tyranitar\n|move|p2a: Charizard|Air Slash|p1a: Tyranitar\n|-resisted|p1a: Tyranitar\n|-damage|p1a: Tyranitar|29/100 brn\n|\n|-weather|Sandstorm|[upkeep]\n|-damage|p2a: Charizard|88/100|[from] Sandstorm\n|-damage|p1a: Tyranitar|23/100 brn|[from] brn\n|upkeep\n|turn|15\n|\n|t:|1771224901\n|move|p1a: Tyranitar|Stone Edge|p2a: Charizard\n|-supereffective|p2a: Charizard\n|-damage|p2a: Charizard|0 fnt\n|faint|p2a: Charizard\n|detailschange|p2: Charizard|Charizard, F, shiny|[silent]\n|\n|-weather|Sandstorm|[upkeep]\n|-damage|p1a: Tyranitar|17/100 brn|[from] brn\n|upkeep\n|\n|t:|1771224907\n|switch|p2a: Landorus|Landorus-Therian, M|88/100\n|-ability|p2a: Landorus|Intimidate|boost\n|-unboost|p1a: Tyranitar|atk|1\n|turn|16\n|\n|t:|1771224913\n|switch|p1a: Moltres|Moltres, shiny|100/100\n|move|p2a: Landorus|Stone Edge|p1a: Moltres\n|-supereffective|p1a: Moltres\n|-damage|p1a: Moltres|0 fnt\n|faint|p1a: Moltres\n|\n|-weather|Sandstorm|[upkeep]\n|upkeep\n|\n|t:|1771224919\n|switch|p1a: Gliscor|Gliscor, F, shiny|52/100 tox\n|turn|17\n|\n|t:|1771224926\n|move|p2a: Landorus|Stone Edge|p1a: Gliscor\n|-damage|p1a: Gliscor|25/100 tox\n|move|p1a: Gliscor|Stealth Rock|p2a: Landorus\n|-sidestart|p2: frost12080000|move: Stealth Rock\n|\n|-weather|Sandstorm|[upkeep]\n|-heal|p1a: Gliscor|37/100 tox|[from] ability: Poison Heal\n|upkeep\n|turn|18\n|\n|t:|1771224933\n|switch|p2a: Tapu Fini|Tapu Fini, shiny|100/100\n|-damage|p2a: Tapu Fini|88/100|[from] Stealth Rock\n|-fieldstart|move: Misty Terrain|[from] ability: Misty Surge|[of] p2a: Tapu Fini\n|move|p1a: Gliscor|Protect||[still]\n|-fail|p1a: Gliscor\n|\n|-weather|none\n|-heal|p2a: Tapu Fini|94/100|[from] item: Leftovers\n|-heal|p1a: Gliscor|49/100 tox|[from] ability: Poison Heal\n|upkeep\n|turn|19\n|\n|t:|1771224938\n|switch|p1a: Shedinja|Shedinja, shiny|100/100\n|move|p2a: Tapu Fini|Calm Mind|p2a: Tapu Fini\n|-boost|p2a: Tapu Fini|spa|1\n|-boost|p2a: Tapu Fini|spd|1\n|\n|-heal|p2a: Tapu Fini|99/100|[from] item: Leftovers\n|upkeep\n|turn|20\n|\n|t:|1771224945\n|switch|p2a: Alomomola|Alomomola, M|47/100\n|-damage|p2a: Alomomola|34/100|[from] Stealth Rock\n|move|p1a: Shedinja|Poltergeist|p2a: Alomomola|[miss]\n|-miss|p1a: Shedinja|p2a: Alomomola\n|\n|upkeep\n|turn|21\n|\n|t:|1771224953\n|move|p1a: Shedinja|Protect|p1a: Shedinja\n|-singleturn|p1a: Shedinja|Protect\n|move|p2a: Alomomola|Knock Off|p1a: Shedinja\n|-activate|p1a: Shedinja|move: Protect\n|\n|upkeep\n|turn|22\n|\n|t:|1771224957\n|switch|p1a: Gliscor|Gliscor, F, shiny|49/100 tox\n|switch|p2a: Ogerpon|Ogerpon-Cornerstone, F|100/100\n|-damage|p2a: Ogerpon|88/100|[from] Stealth Rock\n|\n|-heal|p1a: Gliscor|62/100 tox|[from] ability: Poison Heal\n|-fieldend|Misty Terrain\n|upkeep\n|turn|23\n|\n|t:|1771224971\n|switch|p1a: Tyranitar|Tyranitar, F|17/100 brn\n|-weather|Sandstorm|[from] ability: Sand Stream|[of] p1a: Tyranitar\n|move|p2a: Ogerpon|Swords Dance|p2a: Ogerpon\n|-boost|p2a: Ogerpon|atk|2\n|\n|-weather|Sandstorm|[upkeep]\n|-damage|p1a: Tyranitar|11/100 brn|[from] brn\n|upkeep\n|turn|24\n|\n|t:|1771224976\n|move|p1a: Tyranitar|Superpower|p2a: Ogerpon\n|-supereffective|p2a: Ogerpon\n|-damage|p2a: Ogerpon|28/100\n|-unboost|p1a: Tyranitar|atk|1\n|-unboost|p1a: Tyranitar|def|1\n|move|p2a: Ogerpon|Horn Leech|p1a: Tyranitar\n|-supereffective|p1a: Tyranitar\n|-damage|p1a: Tyranitar|0 fnt\n|-heal|p2a: Ogerpon|34/100|[from] drain|[of] p1a: Tyranitar\n|faint|p1a: Tyranitar\n|\n|-weather|Sandstorm|[upkeep]\n|upkeep\n|\n|t:|1771224981\n|switch|p1a: Iron Valiant|Iron Valiant|100/100\n|turn|25\n|\n|t:|1771224990\n|switch|p2a: Alomomola|Alomomola, M|34/100\n|-damage|p2a: Alomomola|22/100|[from] Stealth Rock\n|move|p1a: Iron Valiant|Moonblast|p2a: Alomomola\n|-damage|p2a: Alomomola|0 fnt\n|faint|p2a: Alomomola\n|-damage|p1a: Iron Valiant|91/100|[from] item: Life Orb\n|\n|-weather|Sandstorm|[upkeep]\n|-damage|p1a: Iron Valiant|85/100|[from] Sandstorm\n|upkeep\n|\n|t:|1771224991\n|switch|p2a: Landorus|Landorus-Therian, M|88/100\n|-damage|p2a: Landorus|76/100|[from] Stealth Rock\n|-ability|p2a: Landorus|Intimidate|boost\n|-unboost|p1a: Iron Valiant|atk|1\n|turn|26\n|\n|t:|1771225004\n|-end|p1a: Iron Valiant|Quark Drive|[silent]\n|switch|p1a: Gliscor|Gliscor, F, shiny|62/100 tox\n|move|p2a: Landorus|Stone Edge|p1a: Gliscor|[miss]\n|-miss|p2a: Landorus|p1a: Gliscor\n|\n|-weather|Sandstorm|[upkeep]\n|-heal|p1a: Gliscor|74/100 tox|[from] ability: Poison Heal\n|upkeep\n|turn|27\n|\n|t:|1771225014\n|switch|p2a: Tapu Fini|Tapu Fini, shiny|99/100\n|-damage|p2a: Tapu Fini|88/100|[from] Stealth Rock\n|-fieldstart|move: Misty Terrain|[from] ability: Misty Surge|[of] p2a: Tapu Fini\n|move|p1a: Gliscor|Protect||[still]\n|-fail|p1a: Gliscor\n|\n|-weather|none\n|-heal|p2a: Tapu Fini|94/100|[from] item: Leftovers\n|-heal|p1a: Gliscor|87/100 tox|[from] ability: Poison Heal\n|upkeep\n|turn|28\n|\n|t:|1771225024\n|switch|p1a: Shedinja|Shedinja, shiny|100/100\n|switch|p2a: Ogerpon|Ogerpon-Cornerstone, F|34/100\n|-damage|p2a: Ogerpon|22/100|[from] Stealth Rock\n|\n|upkeep\n|turn|29\n|\n|t:|1771225038\n|switch|p1a: Iron Valiant|Iron Valiant|85/100\n|move|p2a: Ogerpon|Horn Leech|p1a: Iron Valiant\n|-damage|p1a: Iron Valiant|30/100\n|-heal|p2a: Ogerpon|48/100|[from] drain|[of] p1a: Iron Valiant\n|\n|upkeep\n|turn|30\n|\n|t:|1771225047\n|switch|p2a: Tapu Fini|Tapu Fini, shiny|94/100\n|-damage|p2a: Tapu Fini|81/100|[from] Stealth Rock\n|move|p1a: Iron Valiant|Moonblast|p2a: Tapu Fini\n|-damage|p2a: Tapu Fini|42/100\n|-damage|p1a: Iron Valiant|21/100|[from] item: Life Orb\n|\n|-heal|p2a: Tapu Fini|48/100|[from] item: Leftovers\n|upkeep\n|turn|31\n|\n|t:|1771225064\n|move|p1a: Iron Valiant|Moonblast|p2a: Tapu Fini\n|-damage|p2a: Tapu Fini|12/100\n|-damage|p1a: Iron Valiant|11/100|[from] item: Life Orb\n|move|p2a: Tapu Fini|Draining Kiss|p1a: Iron Valiant\n|-supereffective|p1a: Iron Valiant\n|-damage|p1a: Iron Valiant|0 fnt\n|-heal|p2a: Tapu Fini|19/100|[from] drain|[of] p1a: Iron Valiant\n|faint|p1a: Iron Valiant\n|-end|p1a: Iron Valiant|Quark Drive|[silent]\n|\n|-heal|p2a: Tapu Fini|25/100|[from] item: Leftovers\n|-fieldend|Misty Terrain\n|upkeep\n|\n|t:|1771225070\n|switch|p1a: Gyarados|Gyarados, F|100/100\n|-ability|p1a: Gyarados|Intimidate|boost\n|-unboost|p2a: Tapu Fini|atk|1\n|turn|32\n|\n|t:|1771225075\n|move|p1a: Gyarados|Dragon Dance|p1a: Gyarados\n|-boost|p1a: Gyarados|atk|1\n|-boost|p1a: Gyarados|spe|1\n|move|p2a: Tapu Fini|Draining Kiss|p1a: Gyarados\n|-damage|p1a: Gyarados|84/100\n|-heal|p2a: Tapu Fini|37/100|[from] drain|[of] p1a: Gyarados\n|\n|-heal|p2a: Tapu Fini|43/100|[from] item: Leftovers\n|upkeep\n|turn|33\n|\n|t:|1771225081\n|move|p1a: Gyarados|Substitute|p1a: Gyarados\n|-start|p1a: Gyarados|Substitute\n|-damage|p1a: Gyarados|59/100\n|move|p2a: Tapu Fini|Draining Kiss|p1a: Gyarados\n|-activate|p1a: Gyarados|move: Substitute|[damage]\n|-heal|p2a: Tapu Fini|55/100|[from] drain|[of] p1a: Gyarados\n|\n|-heal|p2a: Tapu Fini|61/100|[from] item: Leftovers\n|upkeep\n|turn|34\n|\n|t:|1771225086\n|move|p1a: Gyarados|Waterfall|p2a: Tapu Fini\n|-resisted|p2a: Tapu Fini\n|-damage|p2a: Tapu Fini|40/100\n|cant|p2a: Tapu Fini|flinch\n|\n|-heal|p2a: Tapu Fini|46/100|[from] item: Leftovers\n|upkeep\n|turn|35\n|\n|t:|1771225093\n|move|p1a: Gyarados|Waterfall|p2a: Tapu Fini\n|-resisted|p2a: Tapu Fini\n|-damage|p2a: Tapu Fini|28/100\n|move|p2a: Tapu Fini|Draining Kiss|p1a: Gyarados\n|-end|p1a: Gyarados|Substitute\n|-heal|p2a: Tapu Fini|34/100|[from] drain|[of] p1a: Gyarados\n|\n|-heal|p2a: Tapu Fini|40/100|[from] item: Leftovers\n|upkeep\n|turn|36\n|\n|t:|1771225099\n|switch|p2a: Landorus|Landorus-Therian, M|76/100\n|-damage|p2a: Landorus|63/100|[from] Stealth Rock\n|-ability|p2a: Landorus|Intimidate|boost\n|-unboost|p1a: Gyarados|atk|1\n|move|p1a: Gyarados|Waterfall|p2a: Landorus\n|-supereffective|p2a: Landorus\n|-damage|p2a: Landorus|0 fnt\n|faint|p2a: Landorus\n|\n|upkeep\n|\n|t:|1771225101\n|switch|p2a: Ogerpon|Ogerpon-Cornerstone, F|48/100\n|-damage|p2a: Ogerpon|36/100|[from] Stealth Rock\n|turn|37\n|\n|t:|1771225106\n|move|p1a: Gyarados|Waterfall|p2a: Ogerpon\n|-damage|p2a: Ogerpon|0 fnt\n|faint|p2a: Ogerpon\n|\n|upkeep\n|-message|frost12080000 forfeited.\n|\n|win|chocolateovo\n|raw|chocolateovo's rating: 1534 &rarr; <strong>1555</strong><br />(+21 for winning)\n|raw|frost12080000's rating: 1553 &rarr; <strong>1532</strong><br />(-21 for losing)\n|l|☆frost12080000\n|player|p2|\n|l|☆chocolateovo\n|player|p1|\n", "uploadtime": 1771225442, "views": 9, "formatid": "gen9nationaldex", "rating": 1532, "private": 0, "password": null}