{"id": "gen9nationaldex-2540693494", "format": "[Gen 9] National Dex", "players": ["puddingss", "Yaoshi"], "log": "|j|☆puddingss\n|j|☆Yaoshi\n|t:|1771241352\n|gametype|singles\n|player|p1|puddingss|266|1656\n|player|p2|Yaoshi|silver-masters|1588\n|gen|9\n|tier|[Gen 9] National Dex\n|rated|\n|rule|HP Percentage Mod: HP is shown in percentages\n|rule|Endless Battle Clause: Forcing endless battles is banned\n|rule|Species Clause: Limit one of each Pokémon\n|rule|OHKO Clause: OHKO moves are banned\n|rule|Evasion Clause: Evasion abilities, items, and moves are banned\n|rule|Evasion Abilities Clause: Evasion abilities are banned\n|rule|Evasion Items Clause: Evasion items are banned\n|rule|Evasion Moves Clause: Evasion moves are banned\n|rule|Sleep Clause Mod: Limit one foe put to sleep\n|rule|Terastal Clause: You cannot Terastallize\n|clearpoke\n|poke|p1|Charizard, M|\n|poke|p1|Iron Treads|\n|poke|p1|Tapu Koko|\n|poke|p1|Archaludon, F|\n|poke|p1|Blaziken, F|\n|poke|p1|Hawlucha, M|\n|poke|p2|Landorus-Therian, M|\n|poke|p2|Medicham, M|\n|poke|p2|Victini|\n|poke|p2|Aegislash, F|\n|poke|p2|Kyurem|\n|poke|p2|Alomomola, F|\n|teampreview\n|inactive|Battle timer is ON: inactive players will automatically lose when time's up. (requested by Yaoshi)\n|\n|t:|1771241361\n|teamsize|p1|6\n|teamsize|p2|6\n|start\n|switch|p1a: Archaludon|Archaludon, F|100/100\n|switch|p2a: YingLong|Landorus-Therian, M, shiny|100/100\n|-ability|p2a: YingLong|Intimidate|boost\n|-unboost|p1a: Archaludon|atk|1\n|turn|1\n|\n|t:|1771241369\n|switch|p2a: máodùn|Aegislash, F, shiny|100/100\n|-zpower|p1a: Archaludon\n|move|p1a: Archaludon|Devastating Drake|p2a: máodùn|[zeffect]\n|-resisted|p2a: máodùn\n|-damage|p2a: máodùn|70/100\n|\n|-heal|p2a: máodùn|76/100|[from] item: Leftovers\n|upkeep\n|turn|2\n|\n|t:|1771241375\n|move|p1a: Archaludon|Stealth Rock|p2a: máodùn\n|-sidestart|p2: Yaoshi|move: Stealth Rock\n|-formechange|p2a: máodùn|Aegislash-Blade||[from] ability: Stance Change\n|move|p2a: máodùn|Shadow Ball|p1a: Archaludon\n|-damage|p1a: Archaludon|43/100\n|\n|-heal|p2a: máodùn|82/100|[from] item: Leftovers\n|upkeep\n|turn|3\n|\n|t:|1771241378\n|move|p1a: Archaludon|Thunderbolt|p2a: máodùn\n|-damage|p2a: máodùn|41/100\n|move|p2a: máodùn|Shadow Ball|p1a: Archaludon\n|-damage|p1a: Archaludon|0 fnt\n|faint|p1a: Archaludon\n|\n|-heal|p2a: máodùn|47/100|[from] item: Leftovers\n|upkeep\n|\n|t:|1771241382\n|switch|p1a: Charizard|Charizard, M|100/100\n|turn|4\n|\n|t:|1771241385\n|detailschange|p1a: Charizard|Charizard-Mega-Y, M\n|-mega|p1a: Charizard|Charizard|Charizardite Y\n|-weather|SunnyDay|[from] ability: Drought|[of] p1a: Charizard\n|-formechange|p2a: máodùn|Aegislash||[from] ability: Stance Change\n|move|p2a: máodùn|King's Shield|p2a: máodùn\n|-singleturn|p2a: máodùn|Protect\n|move|p1a: Charizard|Weather Ball|p2a: máodùn\n|-activate|p2a: máodùn|move: Protect\n|\n|-weather|SunnyDay|[upkeep]\n|-heal|p2a: máodùn|53/100|[from] item: Leftovers\n|upkeep\n|turn|5\n|\n|t:|1771241390\n|switch|p2a: Nezha|Victini|100/100\n|-damage|p2a: Nezha|76/100|[from] Stealth Rock\n|move|p1a: Charizard|Solar Beam||[still]\n|-prepare|p1a: Charizard|Solar Beam\n|-anim|p1a: Charizard|Solar Beam|p2a: Nezha\n|-resisted|p2a: Nezha\n|-damage|p2a: Nezha|50/100\n|\n|-weather|SunnyDay|[upkeep]\n|upkeep\n|turn|6\n|\n|t:|1771241396\n|switch|p1a: Iron Treads|Iron Treads|100/100\n|-enditem|p1a: Iron Treads|Booster Energy\n|-activate|p1a: Iron Treads|ability: Quark Drive|[fromitem]\n|-start|p1a: Iron Treads|quarkdrivespe\n|-zpower|p2a: Nezha\n|move|p2a: Nezha|Inferno Overdrive|p1a: Iron Treads|[zeffect]\n|-supereffective|p1a: Iron Treads\n|-damage|p1a: Iron Treads|0 fnt\n|faint|p1a: Iron Treads\n|-end|p1a: Iron Treads|Quark Drive|[silent]\n|\n|-weather|SunnyDay|[upkeep]\n|upkeep\n|\n|t:|1771241401\n|switch|p1a: Tapu Koko|Tapu Koko|100/100\n|-fieldstart|move: Electric Terrain|[from] ability: Electric Surge|[of] p1a: Tapu Koko\n|turn|7\n|\n|t:|1771241403\n|move|p1a: Tapu Koko|Thunderbolt|p2a: Nezha\n|-damage|p2a: Nezha|3/100\n|move|p2a: Nezha|V-create|p1a: Tapu Koko\n|-damage|p1a: Tapu Koko|0 fnt\n|-unboost|p2a: Nezha|spe|1\n|-unboost|p2a: Nezha|def|1\n|-unboost|p2a: Nezha|spd|1\n|faint|p1a: Tapu Koko\n|\n|-weather|SunnyDay|[upkeep]\n|upkeep\n|\n|t:|1771241408\n|switch|p1a: Hawlucha|Hawlucha, M|100/100\n|-enditem|p1a: Hawlucha|Electric Seed\n|-boost|p1a: Hawlucha|def|1|[from] item: Electric Seed\n|turn|8\n|\n|t:|1771241413\n|move|p1a: Hawlucha|Swords Dance|p1a: Hawlucha\n|-boost|p1a: Hawlucha|atk|2\n|move|p2a: Nezha|V-create|p1a: Hawlucha\n|-damage|p1a: Hawlucha|0 fnt\n|-unboost|p2a: Nezha|spe|1\n|-unboost|p2a: Nezha|def|1\n|-unboost|p2a: Nezha|spd|1\n|faint|p1a: Hawlucha\n|\n|-weather|none\n|upkeep\n|\n|t:|1771241417\n|switch|p1a: Blaziken|Blaziken, F|100/100\n|turn|9\n|\n|t:|1771241420\n|move|p1a: Blaziken|Swords Dance|p1a: Blaziken\n|-boost|p1a: Blaziken|atk|2\n|move|p2a: Nezha|V-create|p1a: Blaziken\n|-resisted|p1a: Blaziken\n|-damage|p1a: Blaziken|42/100\n|-unboost|p2a: Nezha|spe|1\n|-unboost|p2a: Nezha|def|1\n|-unboost|p2a: Nezha|spd|1\n|\n|-ability|p1a: Blaziken|Speed Boost|boost\n|-boost|p1a: Blaziken|spe|1\n|upkeep\n|turn|10\n|\n|t:|1771241425\n|move|p1a: Blaziken|Close Combat|p2a: Nezha\n|-resisted|p2a: Nezha\n|-damage|p2a: Nezha|0 fnt\n|-unboost|p1a: Blaziken|def|1\n|-unboost|p1a: Blaziken|spd|1\n|faint|p2a: Nezha\n|\n|-ability|p1a: Blaziken|Speed Boost|boost\n|-boost|p1a: Blaziken|spe|1\n|upkeep\n|\n|t:|1771241432\n|switch|p2a: Aoyu|Alomomola, F|100/100\n|-damage|p2a: Aoyu|88/100|[from] Stealth Rock\n|turn|11\n|\n|t:|1771241435\n|move|p1a: Blaziken|Close Combat|p2a: Aoyu\n|-damage|p2a: Aoyu|17/100\n|-unboost|p1a: Blaziken|def|1\n|-unboost|p1a: Blaziken|spd|1\n|-damage|p1a: Blaziken|25/100|[from] item: Rocky Helmet|[of] p2a: Aoyu\n|move|p2a: Aoyu|Flip Turn|p1a: Blaziken\n|-supereffective|p1a: Blaziken\n|-damage|p1a: Blaziken|0 fnt\n|faint|p1a: Blaziken\n|\n|t:|1771241439\n|switch|p2a: YingLong|Landorus-Therian, M, shiny|100/100|[from] Flip Turn\n|-damage|p2a: YingLong|88/100|[from] Stealth Rock\n|\n|-fieldend|move: Electric Terrain\n|upkeep\n|inactive|puddingss has 120 seconds left.\n|inactive|puddingss has 90 seconds left.\n|inactive|puddingss has 60 seconds left.\n|inactive|puddingss has 30 seconds left.\n|inactive|puddingss has 20 seconds left.\n|inactive|puddingss has 15 seconds left.\n|inactive|puddingss has 10 seconds left.\n|inactive|puddingss has 5 seconds left.\n|-message|puddingss lost due to inactivity.\n|\n|win|Yaoshi\n|raw|puddingss's rating: 1656 &rarr; <strong>1632</strong><br />(-24 for losing)\n|raw|Yaoshi's rating: 1588 &rarr; <strong>1612</strong><br />(+24 for winning)\n|l|☆puddingss\n|player|p1|\n|l|☆Yaoshi\n|player|p2|\n", "uploadtime": 1771241805, "views": 10, "formatid": "gen9nationaldex", "rating": 1612, "private": 0, "password": null}