{"id": "gen9nationaldex-2540313714", "format": "[Gen 9] National Dex", "players": ["dicolibri", "Ghshs"], "log": "|j|☆dicolibri\n|j|☆Ghshs\n|t:|1771187673\n|gametype|singles\n|player|p1|dicolibri|hiker|1670\n|player|p2|Ghshs|emmet|1614\n|gen|9\n|tier|[Gen 9] National Dex\n|rated|\n|rule|HP Percentage Mod: HP is shown in percentages\n|rule|Endless Battle Clause: Forcing endless battles is banned\n|rule|Species Clause: Limit one of each Pokémon\n|rule|OHKO Clause: OHKO moves are banned\n|rule|Evasion Clause: Evasion abilities, items, and moves are banned\n|rule|Evasion Abilities Clause: Evasion abilities are banned\n|rule|Evasion Items Clause: Evasion items are banned\n|rule|Evasion Moves Clause: Evasion moves are banned\n|rule|Sleep Clause Mod: Limit one foe put to sleep\n|rule|Terastal Clause: You cannot Terastallize\n|clearpoke\n|poke|p1|Tyranitar, F|\n|poke|p1|Corviknight, F|\n|poke|p1|Alomomola, M|\n|poke|p1|Landorus-Therian, M|\n|poke|p1|Excadrill, M|\n|poke|p1|Dracozolt|\n|poke|p2|Great Tusk|\n|poke|p2|Ferrothorn, F|\n|poke|p2|Alomomola, M|\n|poke|p2|Diancie|\n|poke|p2|Tapu Lele|\n|poke|p2|Iron Moth|\n|teampreview\n|inactive|Battle timer is ON: inactive players will automatically lose when time's up. (requested by Ghshs)\n|\n|t:|1771187681\n|teamsize|p1|6\n|teamsize|p2|6\n|start\n|switch|p1a: Landorus|Landorus-Therian, M|100/100\n|switch|p2a: Great Tusk|Great Tusk|100/100\n|-ability|p1a: Landorus|Intimidate|boost\n|-unboost|p2a: Great Tusk|atk|1\n|turn|1\n|\n|t:|1771187686\n|move|p1a: Landorus|Grass Knot|p2a: Great Tusk\n|-supereffective|p2a: Great Tusk\n|-damage|p2a: Great Tusk|0 fnt\n|faint|p2a: Great Tusk\n|-end|p2a: Great Tusk|Protosynthesis|[silent]\n|\n|upkeep\n|\n|t:|1771187692\n|switch|p2a: Tapu Lele|Tapu Lele|100/100\n|-fieldstart|move: Psychic Terrain|[from] ability: Psychic Surge|[of] p2a: Tapu Lele\n|turn|2\n|\n|t:|1771187703\n|switch|p1a: Corviknight|Corviknight, F|100/100\n|-ability|p1a: Corviknight|Pressure\n|move|p2a: Tapu Lele|Moonblast|p1a: Corviknight\n|-resisted|p1a: Corviknight\n|-crit|p1a: Corviknight\n|-damage|p1a: Corviknight|66/100\n|\n|upkeep\n|turn|3\n|\n|t:|1771187711\n|-zpower|p2a: Tapu Lele\n|move|p2a: Tapu Lele|Shattered Psyche|p1a: Corviknight|[zeffect]\n|-resisted|p1a: Corviknight\n|-damage|p1a: Corviknight|14/100\n|move|p1a: Corviknight|Roost|p1a: Corviknight\n|-heal|p1a: Corviknight|64/100\n|-singleturn|p1a: Corviknight|move: Roost\n|\n|upkeep\n|turn|4\n|\n|t:|1771187716\n|switch|p2a: Iron Moth|Iron Moth|100/100\n|move|p1a: Corviknight|Roost|p1a: Corviknight\n|-heal|p1a: Corviknight|100/100\n|-singleturn|p1a: Corviknight|move: Roost\n|\n|upkeep\n|turn|5\n|\n|t:|1771187719\n|switch|p1a: Tyranitar|Tyranitar, F|100/100\n|-weather|Sandstorm|[from] ability: Sand Stream|[of] p1a: Tyranitar\n|move|p2a: Iron Moth|U-turn|p1a: Tyranitar\n|-supereffective|p1a: Tyranitar\n|-damage|p1a: Tyranitar|85/100\n|\n|t:|1771187722\n|-end|p2a: Iron Moth|Quark Drive|[silent]\n|switch|p2a: Ferrothorn|Ferrothorn, F|100/100|[from] U-turn\n|\n|-weather|Sandstorm|[upkeep]\n|upkeep\n|turn|6\n|\n|t:|1771187745\n|move|p1a: Tyranitar|Stealth Rock|p2a: Ferrothorn\n|-sidestart|p2: Ghshs|move: Stealth Rock\n|move|p2a: Ferrothorn|Power Whip|p1a: Tyranitar\n|-supereffective|p1a: Tyranitar\n|-damage|p1a: Tyranitar|28/100\n|\n|-weather|Sandstorm|[upkeep]\n|-fieldend|move: Psychic Terrain\n|upkeep\n|turn|7\n|\n|t:|1771187757\n|switch|p1a: Dracozolt|Dracozolt|100/100\n|move|p2a: Ferrothorn|Stealth Rock|p1a: Dracozolt\n|-sidestart|p1: dicolibri|move: Stealth Rock\n|\n|-weather|Sandstorm|[upkeep]\n|upkeep\n|turn|8\n|\n|t:|1771187768\n|move|p1a: Dracozolt|Fire Blast|p2a: Ferrothorn\n|-supereffective|p2a: Ferrothorn\n|-damage|p2a: Ferrothorn|10/100\n|-damage|p1a: Dracozolt|91/100|[from] item: Life Orb\n|move|p2a: Ferrothorn|Leech Seed|p1a: Dracozolt\n|-start|p1a: Dracozolt|move: Leech Seed\n|\n|-weather|Sandstorm|[upkeep]\n|-heal|p2a: Ferrothorn|17/100|[from] item: Leftovers\n|-damage|p1a: Dracozolt|78/100|[from] Leech Seed|[of] p2a: Ferrothorn\n|-heal|p2a: Ferrothorn|28/100|[silent]\n|upkeep\n|turn|9\n|\n|t:|1771187785\n|switch|p1a: Excadrill|Excadrill, M|100/100\n|-damage|p1a: Excadrill|97/100|[from] Stealth Rock\n|move|p2a: Ferrothorn|Protect||[still]\n|-fail|p2a: Ferrothorn\n|\n|-weather|Sandstorm|[upkeep]\n|-heal|p2a: Ferrothorn|34/100|[from] item: Leftovers\n|upkeep\n|turn|10\n|\n|t:|1771187794\n|move|p1a: Excadrill|Earthquake|p2a: Ferrothorn\n|-damage|p2a: Ferrothorn|0 fnt\n|faint|p2a: Ferrothorn\n|\n|-weather|Sandstorm|[upkeep]\n|upkeep\n|-message|Ghshs forfeited.\n|\n|win|dicolibri\n|raw|dicolibri's rating: 1670 &rarr; <strong>1687</strong><br />(+17 for winning)\n|raw|Ghshs's rating: 1614 &rarr; <strong>1597</strong><br />(-17 for losing)\n|l|☆Ghshs\n|player|p2|\n|l|☆dicolibri\n|player|p1|\n", "uploadtime": 1771188041, "views": 9, "formatid": "gen9nationaldex", "rating": 1597, "private": 0, "password": null}