{"id": "gen9nationaldex-2540350579", "format": "[Gen 9] National Dex", "players": ["t0usei", "czarek29"], "log": "|j|☆t0usei\n|j|☆czarek29\n|t:|1771191704\n|gametype|singles\n|player|p1|t0usei|ghetsis|1536\n|player|p2|czarek29|170|1613\n|gen|9\n|tier|[Gen 9] National Dex\n|rated|\n|rule|HP Percentage Mod: HP is shown in percentages\n|rule|Endless Battle Clause: Forcing endless battles is banned\n|rule|Species Clause: Limit one of each Pokémon\n|rule|OHKO Clause: OHKO moves are banned\n|rule|Evasion Clause: Evasion abilities, items, and moves are banned\n|rule|Evasion Abilities Clause: Evasion abilities are banned\n|rule|Evasion Items Clause: Evasion items are banned\n|rule|Evasion Moves Clause: Evasion moves are banned\n|rule|Sleep Clause Mod: Limit one foe put to sleep\n|rule|Terastal Clause: You cannot Terastallize\n|clearpoke\n|poke|p1|Latios, M|\n|poke|p1|Zamazenta-*|\n|poke|p1|Toxapex, F|\n|poke|p1|Ferrothorn, F|\n|poke|p1|Ting-Lu|\n|poke|p1|Alakazam, F|\n|poke|p2|Serperior, M|\n|poke|p2|Lopunny, F|\n|poke|p2|Mamoswine, M|\n|poke|p2|Slowbro, M|\n|poke|p2|Heatran, M|\n|poke|p2|Togekiss, F|\n|teampreview\n|inactive|Battle timer is ON: inactive players will automatically lose when time's up. (requested by t0usei)\n|\n|t:|1771191719\n|teamsize|p1|6\n|teamsize|p2|6\n|start\n|switch|p1a: Latios|Latios, M|100/100\n|switch|p2a: Serperior|Serperior, M|100/100\n|turn|1\n|\n|t:|1771191729\n|detailschange|p1a: Latios|Latios-Mega, M\n|-mega|p1a: Latios|Latios|Latiosite\n|move|p2a: Serperior|Glare|p1a: Latios\n|-status|p1a: Latios|par\n|move|p1a: Latios|Mystical Fire|p2a: Serperior\n|-supereffective|p2a: Serperior\n|-damage|p2a: Serperior|26/100\n|-boost|p2a: Serperior|spa|1\n|\n|-heal|p2a: Serperior|32/100|[from] item: Leftovers\n|upkeep\n|turn|2\n|\n|t:|1771191741\n|move|p2a: Serperior|Substitute|p2a: Serperior\n|-start|p2a: Serperior|Substitute\n|-damage|p2a: Serperior|7/100\n|cant|p1a: Latios|par\n|\n|-heal|p2a: Serperior|13/100|[from] item: Leftovers\n|upkeep\n|turn|3\n|\n|t:|1771191743\n|move|p2a: Serperior|Leaf Storm|p1a: Latios\n|-resisted|p1a: Latios\n|-damage|p1a: Latios|69/100 par\n|-boost|p2a: Serperior|spa|2\n|cant|p1a: Latios|par\n|\n|-heal|p2a: Serperior|20/100|[from] item: Leftovers\n|upkeep\n|turn|4\n|\n|t:|1771191747\n|move|p2a: Serperior|Leaf Storm|p1a: Latios\n|-resisted|p1a: Latios\n|-damage|p1a: Latios|12/100 par\n|-boost|p2a: Serperior|spa|2\n|move|p1a: Latios|Psychic Noise|p2a: Serperior\n|-crit|p2a: Serperior\n|-damage|p2a: Serperior|0 fnt\n|faint|p2a: Serperior\n|\n|upkeep\n|\n|t:|1771191755\n|switch|p2a: Lopunny|Lopunny, F|100/100\n|turn|5\n|\n|t:|1771191763\n|switch|p1a: Toxapex|Toxapex, F|100/100\n|detailschange|p2a: Lopunny|Lopunny-Mega, F\n|-mega|p2a: Lopunny|Lopunny|Lopunnite\n|move|p2a: Lopunny|Frustration|p1a: Toxapex\n|-damage|p1a: Toxapex|66/100\n|\n|upkeep\n|turn|6\n|\n|t:|1771191768\n|switch|p2a: Slowbro|Slowbro, M|100/100\n|move|p1a: Toxapex|Toxic|p2a: Slowbro\n|-status|p2a: Slowbro|tox\n|\n|-damage|p2a: Slowbro|94/100 tox|[from] psn\n|upkeep\n|turn|7\n|\n|t:|1771191772\n|switch|p1a: Latios|Latios-Mega, M|12/100 par\n|move|p2a: Slowbro|Future Sight|p1a: Latios\n|-start|p2a: Slowbro|move: Future Sight\n|\n|-damage|p2a: Slowbro|82/100 tox|[from] psn\n|upkeep\n|turn|8\n|\n|t:|1771191775\n|move|p1a: Latios|Recover|p1a: Latios\n|-heal|p1a: Latios|62/100 par\n|move|p2a: Slowbro|Teleport|p2a: Slowbro\n|\n|t:|1771191777\n|switch|p2a: Mamoswine|Mamoswine, M|100/100|[from] Teleport\n|\n|upkeep\n|turn|9\n|\n|t:|1771191783\n|switch|p1a: Ting-Lu|Ting-Lu|100/100\n|-ability|p1a: Ting-Lu|Vessel of Ruin\n|move|p2a: Mamoswine|Icicle Crash|p1a: Ting-Lu\n|-supereffective|p1a: Ting-Lu\n|-damage|p1a: Ting-Lu|22/100\n|\n|-end|p1a: Ting-Lu|move: Future Sight\n|-immune|p1a: Ting-Lu\n|-heal|p1a: Ting-Lu|29/100|[from] item: Leftovers\n|upkeep\n|turn|10\n|\n|t:|1771191790\n|switch|p1a: Ferrothorn|Ferrothorn, F|100/100\n|move|p2a: Mamoswine|Icicle Crash|p1a: Ferrothorn\n|-damage|p1a: Ferrothorn|54/100\n|\n|-heal|p1a: Ferrothorn|60/100|[from] item: Leftovers\n|upkeep\n|turn|11\n|\n|t:|1771191797\n|switch|p2a: Slowbro|Slowbro, M|100/100 tox\n|move|p1a: Ferrothorn|Leech Seed|p2a: Slowbro\n|-start|p2a: Slowbro|move: Leech Seed\n|\n|-heal|p1a: Ferrothorn|66/100|[from] item: Leftovers\n|-damage|p2a: Slowbro|88/100 tox|[from] Leech Seed|[of] p1a: Ferrothorn\n|-heal|p1a: Ferrothorn|80/100|[silent]\n|-damage|p2a: Slowbro|82/100 tox|[from] psn\n|upkeep\n|turn|12\n|\n|t:|1771191804\n|move|p1a: Ferrothorn|Spikes|p2a: Slowbro\n|-sidestart|p2: czarek29|Spikes\n|move|p2a: Slowbro|Teleport|p2a: Slowbro\n|\n|t:|1771191806\n|switch|p2a: Heatran|Heatran, M|100/100|[from] Teleport\n|-damage|p2a: Heatran|88/100|[from] Spikes\n|\n|-heal|p2a: Heatran|94/100|[from] item: Leftovers\n|-heal|p1a: Ferrothorn|86/100|[from] item: Leftovers\n|upkeep\n|turn|13\n|\n|t:|1771191816\n|switch|p1a: Ting-Lu|Ting-Lu|29/100\n|-ability|p1a: Ting-Lu|Vessel of Ruin\n|move|p2a: Heatran|Magma Storm|p1a: Ting-Lu\n|-damage|p1a: Ting-Lu|10/100\n|-activate|p1a: Ting-Lu|move: Magma Storm|[of] p2a: Heatran\n|\n|-heal|p2a: Heatran|100/100|[from] item: Leftovers\n|-heal|p1a: Ting-Lu|16/100|[from] item: Leftovers\n|-damage|p1a: Ting-Lu|4/100|[from] move: Magma Storm|[partiallytrapped]\n|upkeep\n|turn|14\n|\n|t:|1771191826\n|move|p2a: Heatran|Earth Power|p1a: Ting-Lu\n|-damage|p1a: Ting-Lu|0 fnt\n|faint|p1a: Ting-Lu\n|\n|upkeep\n|\n|t:|1771191830\n|switch|p1a: Zamazenta|Zamazenta|100/100\n|-ability|p1a: Zamazenta|Dauntless Shield|boost\n|-boost|p1a: Zamazenta|def|1\n|turn|15\n|\n|t:|1771191836\n|switch|p2a: Slowbro|Slowbro, M|100/100 tox\n|-damage|p2a: Slowbro|88/100 tox|[from] Spikes\n|move|p1a: Zamazenta|Close Combat|p2a: Slowbro\n|-resisted|p2a: Slowbro\n|-damage|p2a: Slowbro|70/100 tox\n|-unboost|p1a: Zamazenta|def|1\n|-unboost|p1a: Zamazenta|spd|1\n|-damage|p1a: Zamazenta|84/100|[from] item: Rocky Helmet|[of] p2a: Slowbro\n|\n|-damage|p2a: Slowbro|64/100 tox|[from] psn\n|upkeep\n|turn|16\n|\n|t:|1771191843\n|switch|p1a: Ferrothorn|Ferrothorn, F|86/100\n|move|p2a: Slowbro|Future Sight|p1a: Ferrothorn\n|-start|p2a: Slowbro|move: Future Sight\n|\n|-heal|p1a: Ferrothorn|93/100|[from] item: Leftovers\n|-damage|p2a: Slowbro|52/100 tox|[from] psn\n|upkeep\n|turn|17\n|\n|t:|1771191865\n|move|p1a: Ferrothorn|Power Whip|p2a: Slowbro|[miss]\n|-miss|p1a: Ferrothorn|p2a: Slowbro\n|move|p2a: Slowbro|Teleport|p2a: Slowbro\n|\n|t:|1771191873\n|switch|p2a: Heatran|Heatran, M|100/100|[from] Teleport\n|-damage|p2a: Heatran|88/100|[from] Spikes\n|\n|-heal|p2a: Heatran|94/100|[from] item: Leftovers\n|-heal|p1a: Ferrothorn|99/100|[from] item: Leftovers\n|upkeep\n|turn|18\n|\n|t:|1771191881\n|switch|p1a: Latios|Latios-Mega, M|62/100 par\n|move|p2a: Heatran|Magma Storm|p1a: Latios|[miss]\n|-miss|p2a: Heatran|p1a: Latios\n|\n|-end|p1a: Latios|move: Future Sight\n|-resisted|p1a: Latios\n|-damage|p1a: Latios|41/100 par\n|-heal|p2a: Heatran|100/100|[from] item: Leftovers\n|upkeep\n|turn|19\n|\n|t:|1771191886\n|move|p2a: Heatran|Stealth Rock|p1a: Latios\n|-sidestart|p1: t0usei|move: Stealth Rock\n|move|p1a: Latios|Recover|p1a: Latios\n|-heal|p1a: Latios|91/100 par\n|\n|upkeep\n|turn|20\n|\n|t:|1771191895\n|move|p2a: Heatran|Magma Storm|p1a: Latios\n|-resisted|p1a: Latios\n|-damage|p1a: Latios|69/100 par\n|-activate|p1a: Latios|move: Magma Storm|[of] p2a: Heatran\n|move|p1a: Latios|Psychic Noise|p2a: Heatran\n|-resisted|p2a: Heatran\n|-damage|p2a: Heatran|87/100\n|-start|p2a: Heatran|move: Heal Block\n|\n|-damage|p1a: Latios|57/100 par|[from] move: Magma Storm|[partiallytrapped]\n|upkeep\n|turn|21\n|\n|t:|1771191899\n|move|p2a: Heatran|Magma Storm|p1a: Latios\n|-resisted|p1a: Latios\n|-damage|p1a: Latios|36/100 par\n|move|p1a: Latios|Recover|p1a: Latios\n|-heal|p1a: Latios|86/100 par\n|\n|-damage|p1a: Latios|74/100 par|[from] move: Magma Storm|[partiallytrapped]\n|-end|p2a: Heatran|move: Heal Block\n|upkeep\n|turn|22\n|\n|t:|1771191902\n|switch|p2a: Slowbro|Slowbro, M|85/100 tox\n|-damage|p2a: Slowbro|73/100 tox|[from] Spikes\n|move|p1a: Latios|Psychic Noise|p2a: Slowbro\n|-resisted|p2a: Slowbro\n|-damage|p2a: Slowbro|47/100 tox\n|-start|p2a: Slowbro|move: Heal Block\n|\n|-damage|p2a: Slowbro|41/100 tox|[from] psn\n|-end|p1a: Latios|Magma Storm|[partiallytrapped]|[silent]\n|upkeep\n|turn|23\n|\n|t:|1771191907\n|move|p1a: Latios|Draco Meteor|p2a: Slowbro\n|-damage|p2a: Slowbro|0 fnt\n|-unboost|p1a: Latios|spa|2\n|faint|p2a: Slowbro\n|\n|upkeep\n|\n|t:|1771191912\n|switch|p2a: Mamoswine|Mamoswine, M|100/100\n|-damage|p2a: Mamoswine|88/100|[from] Spikes\n|turn|24\n|\n|t:|1771191916\n|switch|p1a: Ferrothorn|Ferrothorn, F|99/100\n|-damage|p1a: Ferrothorn|93/100|[from] Stealth Rock\n|move|p2a: Mamoswine|Earthquake|p1a: Ferrothorn\n|-damage|p1a: Ferrothorn|33/100\n|\n|-heal|p1a: Ferrothorn|39/100|[from] item: Leftovers\n|upkeep\n|turn|25\n|\n|t:|1771191923\n|switch|p1a: Latios|Latios-Mega, M|74/100 par\n|-damage|p1a: Latios|61/100 par|[from] Stealth Rock\n|move|p2a: Mamoswine|Earthquake|p1a: Latios\n|-immune|p1a: Latios|[from] ability: Levitate\n|\n|upkeep\n|turn|26\n|\n|t:|1771191926\n|switch|p2a: Togekiss|Togekiss, F|100/100\n|cant|p1a: Latios|par\n|\n|upkeep\n|turn|27\n|\n|t:|1771191931\n|switch|p1a: Toxapex|Toxapex, F|99/100\n|move|p2a: Togekiss|Air Slash|p1a: Toxapex\n|-damage|p1a: Toxapex|74/100\n|\n|upkeep\n|turn|28\n|\n|t:|1771191934\n|move|p2a: Togekiss|Thunder Wave|p1a: Toxapex\n|-status|p1a: Toxapex|par\n|move|p1a: Toxapex|Toxic|p2a: Togekiss\n|-status|p2a: Togekiss|tox\n|\n|-damage|p2a: Togekiss|94/100 tox|[from] psn\n|upkeep\n|turn|29\n|\n|t:|1771191940\n|move|p2a: Togekiss|Air Slash|p1a: Toxapex\n|-damage|p1a: Toxapex|50/100 par\n|cant|p1a: Toxapex|flinch\n|\n|-damage|p2a: Togekiss|82/100 tox|[from] psn\n|upkeep\n|turn|30\n|\n|t:|1771191944\n|switch|p1a: Ferrothorn|Ferrothorn, F|39/100\n|-damage|p1a: Ferrothorn|33/100|[from] Stealth Rock\n|move|p2a: Togekiss|Air Slash|p1a: Ferrothorn\n|-damage|p1a: Ferrothorn|11/100\n|\n|-heal|p1a: Ferrothorn|18/100|[from] item: Leftovers\n|-damage|p2a: Togekiss|64/100 tox|[from] psn\n|upkeep\n|turn|31\n|\n|t:|1771191948\n|switch|p1a: Toxapex|Toxapex, F|83/100 par\n|move|p2a: Togekiss|Air Slash|p1a: Toxapex\n|-damage|p1a: Toxapex|59/100 par\n|\n|-damage|p2a: Togekiss|39/100 tox|[from] psn\n|upkeep\n|turn|32\n|\n|t:|1771191951\n|move|p2a: Togekiss|Air Slash|p1a: Toxapex\n|-crit|p1a: Toxapex\n|-damage|p1a: Toxapex|23/100 par\n|cant|p1a: Toxapex|par\n|\n|-damage|p2a: Togekiss|8/100 tox|[from] psn\n|upkeep\n|turn|33\n|\n|t:|1771191954\n|switch|p1a: Ferrothorn|Ferrothorn, F|18/100\n|-damage|p1a: Ferrothorn|11/100|[from] Stealth Rock\n|move|p2a: Togekiss|Air Slash|p1a: Ferrothorn\n|-crit|p1a: Ferrothorn\n|-damage|p1a: Ferrothorn|0 fnt\n|faint|p1a: Ferrothorn\n|\n|-damage|p2a: Togekiss|0 fnt|[from] psn\n|faint|p2a: Togekiss\n|upkeep\n|\n|t:|1771191960\n|switch|p2a: Lopunny|Lopunny-Mega, F|100/100\n|switch|p1a: Zamazenta|Zamazenta|84/100\n|-damage|p2a: Lopunny|88/100|[from] Spikes\n|turn|34\n|\n|t:|1771191962\n|move|p2a: Lopunny|Fake Out|p1a: Zamazenta\n|-damage|p1a: Zamazenta|64/100\n|cant|p1a: Zamazenta|flinch\n|\n|upkeep\n|turn|35\n|\n|t:|1771191967\n|move|p1a: Zamazenta|Close Combat|p2a: Lopunny\n|-supereffective|p2a: Lopunny\n|-damage|p2a: Lopunny|0 fnt\n|-unboost|p1a: Zamazenta|def|1\n|-unboost|p1a: Zamazenta|spd|1\n|faint|p2a: Lopunny\n|detailschange|p2: Lopunny|Lopunny, F|[silent]\n|\n|upkeep\n|\n|t:|1771191971\n|switch|p2a: Mamoswine|Mamoswine, M|88/100\n|-damage|p2a: Mamoswine|76/100|[from] Spikes\n|turn|36\n|\n|t:|1771191975\n|move|p2a: Mamoswine|Ice Shard|p1a: Zamazenta\n|-damage|p1a: Zamazenta|17/100\n|move|p1a: Zamazenta|Close Combat|p2a: Mamoswine\n|-supereffective|p2a: Mamoswine\n|-damage|p2a: Mamoswine|0 fnt\n|-unboost|p1a: Zamazenta|def|1\n|-unboost|p1a: Zamazenta|spd|1\n|faint|p2a: Mamoswine\n|\n|upkeep\n|-message|czarek29 forfeited.\n|\n|win|t0usei\n|raw|t0usei's rating: 1536 &rarr; <strong>1560</strong><br />(+24 for winning)\n|raw|czarek29's rating: 1613 &rarr; <strong>1589</strong><br />(-24 for losing)\n|l|☆czarek29\n|player|p2|\n|l|☆t0usei\n|player|p1|\n", "uploadtime": 1771192114, "views": 7, "formatid": "gen9nationaldex", "rating": 1560, "private": 0, "password": null}