{"id": "gen9nationaldex-2540512632", "format": "[Gen 9] National Dex", "players": ["wuerling", "XenoForbs"], "log": "|j|☆wuerling\n|j|☆XenoForbs\n|t:|1771211381\n|gametype|singles\n|player|p1|wuerling|266|1539\n|player|p2|XenoForbs|gladion-masters|1541\n|gen|9\n|tier|[Gen 9] National Dex\n|rated|\n|rule|HP Percentage Mod: HP is shown in percentages\n|rule|Endless Battle Clause: Forcing endless battles is banned\n|rule|Species Clause: Limit one of each Pokémon\n|rule|OHKO Clause: OHKO moves are banned\n|rule|Evasion Clause: Evasion abilities, items, and moves are banned\n|rule|Evasion Abilities Clause: Evasion abilities are banned\n|rule|Evasion Items Clause: Evasion items are banned\n|rule|Evasion Moves Clause: Evasion moves are banned\n|rule|Sleep Clause Mod: Limit one foe put to sleep\n|rule|Terastal Clause: You cannot Terastallize\n|clearpoke\n|poke|p1|Terapagos, M|\n|poke|p1|Ogerpon-Wellspring, F|\n|poke|p1|Volcarona, M|\n|poke|p1|Zamazenta-*|\n|poke|p1|Hatterene, F|\n|poke|p1|Dragonite, M|\n|poke|p2|Hatterene, F|\n|poke|p2|Cresselia, F|\n|poke|p2|Melmetal|\n|poke|p2|Porygon2|\n|poke|p2|Ursaluna, M|\n|poke|p2|Camerupt, F|\n|teampreview\n|inactive|Battle timer is ON: inactive players will automatically lose when time's up. (requested by XenoForbs)\n|\n|t:|1771211393\n|teamsize|p1|6\n|teamsize|p2|6\n|start\n|switch|p1a: Zamazenta|Zamazenta|100/100\n|switch|p2a: Melmetal|Melmetal|100/100\n|-ability|p1a: Zamazenta|Dauntless Shield|boost\n|-boost|p1a: Zamazenta|def|1\n|turn|1\n|\n|t:|1771211403\n|move|p1a: Zamazenta|Substitute|p1a: Zamazenta\n|-start|p1a: Zamazenta|Substitute\n|-damage|p1a: Zamazenta|76/100\n|move|p2a: Melmetal|Double Iron Bash|p1a: Zamazenta\n|-end|p1a: Zamazenta|Substitute\n|-damage|p1a: Zamazenta|45/100\n|-hitcount|p1a: Zamazenta|2\n|\n|-heal|p1a: Zamazenta|51/100|[from] item: Leftovers\n|upkeep\n|turn|2\n|\n|t:|1771211421\n|move|p1a: Zamazenta|Body Press|p2a: Melmetal\n|-supereffective|p2a: Melmetal\n|-crit|p2a: Melmetal\n|-damage|p2a: Melmetal|14/100\n|move|p2a: Melmetal|Double Iron Bash|p1a: Zamazenta\n|-damage|p1a: Zamazenta|22/100\n|-damage|p1a: Zamazenta|0 fnt\n|faint|p1a: Zamazenta\n|-hitcount|p1: Zamazenta|2\n|\n|upkeep\n|\n|t:|1771211436\n|switch|p1a: Volcarona|Volcarona, M|100/100\n|turn|3\n|inactive|XenoForbs has 120 seconds left.\n|\n|t:|1771211487\n|switch|p2a: Porygon2|Porygon2, shiny|100/100\n|-ability|p2a: Porygon2|Flame Body|Trace|[from] ability: Trace|[of] p1a: Volcarona\n|move|p1a: Volcarona|Quiver Dance|p1a: Volcarona\n|-boost|p1a: Volcarona|spa|1\n|-boost|p1a: Volcarona|spd|1\n|-boost|p1a: Volcarona|spe|1\n|\n|upkeep\n|turn|4\n|\n|t:|1771211491\n|move|p1a: Volcarona|Fiery Dance|p2a: Porygon2\n|-damage|p2a: Porygon2|73/100\n|-boost|p1a: Volcarona|spa|1\n|move|p2a: Porygon2|Trick Room|p2a: Porygon2\n|-fieldstart|move: Trick Room|[of] p2a: Porygon2\n|\n|upkeep\n|turn|5\n|\n|t:|1771211496\n|move|p2a: Porygon2|Toxic|p1a: Volcarona|[miss]\n|-miss|p2a: Porygon2|p1a: Volcarona\n|move|p1a: Volcarona|Fiery Dance|p2a: Porygon2\n|-damage|p2a: Porygon2|40/100\n|\n|upkeep\n|turn|6\n|\n|t:|1771211498\n|move|p2a: Porygon2|Toxic|p1a: Volcarona\n|-status|p1a: Volcarona|tox\n|move|p1a: Volcarona|Fiery Dance|p2a: Porygon2\n|-damage|p2a: Porygon2|7/100\n|\n|-damage|p1a: Volcarona|94/100 tox|[from] psn\n|upkeep\n|turn|7\n|\n|t:|1771211502\n|move|p2a: Porygon2|Recover|p2a: Porygon2\n|-heal|p2a: Porygon2|57/100\n|move|p1a: Volcarona|Fiery Dance|p2a: Porygon2\n|-damage|p2a: Porygon2|20/100\n|-boost|p1a: Volcarona|spa|1\n|\n|-heal|p1a: Volcarona|100/100 tox|[from] item: Leftovers\n|-damage|p1a: Volcarona|88/100 tox|[from] psn\n|upkeep\n|turn|8\n|\n|t:|1771211506\n|move|p2a: Porygon2|Recover|p2a: Porygon2\n|-heal|p2a: Porygon2|70/100\n|move|p1a: Volcarona|Fiery Dance|p2a: Porygon2\n|-damage|p2a: Porygon2|24/100\n|-boost|p1a: Volcarona|spa|1\n|\n|-heal|p1a: Volcarona|94/100 tox|[from] item: Leftovers\n|-damage|p1a: Volcarona|76/100 tox|[from] psn\n|-fieldend|move: Trick Room\n|upkeep\n|turn|9\n|\n|t:|1771211510\n|switch|p1a: Hatterene|Hatterene, F|100/100\n|move|p2a: Porygon2|Recover|p2a: Porygon2\n|-heal|p2a: Porygon2|74/100\n|\n|upkeep\n|turn|10\n|\n|t:|1771211512\n|move|p1a: Hatterene|Calm Mind|p1a: Hatterene\n|-boost|p1a: Hatterene|spa|1\n|-boost|p1a: Hatterene|spd|1\n|move|p2a: Porygon2|Trick Room|p2a: Porygon2\n|-fieldstart|move: Trick Room|[of] p2a: Porygon2\n|\n|upkeep\n|turn|11\n|\n|t:|1771211514\n|move|p1a: Hatterene|Calm Mind|p1a: Hatterene\n|-boost|p1a: Hatterene|spa|1\n|-boost|p1a: Hatterene|spd|1\n|move|p2a: Porygon2|Teleport|p2a: Porygon2\n|\n|t:|1771211516\n|switch|p2a: Melmetal|Melmetal|14/100|[from] Teleport\n|\n|upkeep\n|turn|12\n|\n|t:|1771211522\n|move|p2a: Melmetal|Double Iron Bash|p1a: Hatterene\n|-supereffective|p1a: Hatterene\n|-damage|p1a: Hatterene|0 fnt\n|faint|p1a: Hatterene\n|-hitcount|p1: Hatterene|1\n|\n|upkeep\n|\n|t:|1771211531\n|switch|p1a: Volcarona|Volcarona, M|76/100 tox\n|turn|13\n|\n|t:|1771211534\n|move|p2a: Melmetal|Double Iron Bash|p1a: Volcarona\n|-resisted|p1a: Volcarona\n|-damage|p1a: Volcarona|38/100 tox\n|-resisted|p1a: Volcarona\n|-damage|p1a: Volcarona|1/100 tox\n|-hitcount|p1a: Volcarona|2\n|cant|p1a: Volcarona|flinch\n|\n|-heal|p1a: Volcarona|7/100 tox|[from] item: Leftovers\n|-damage|p1a: Volcarona|1/100 tox|[from] psn\n|upkeep\n|turn|14\n|\n|t:|1771211542\n|move|p2a: Melmetal|Double Iron Bash|p1a: Volcarona\n|-resisted|p1a: Volcarona\n|-damage|p1a: Volcarona|0 fnt\n|faint|p1a: Volcarona\n|-hitcount|p1: Volcarona|1\n|\n|-fieldend|move: Trick Room\n|upkeep\n|\n|t:|1771211548\n|switch|p1a: Ogerpon|Ogerpon-Wellspring, F|100/100\n|turn|15\n|\n|t:|1771211561\n|move|p1a: Ogerpon|Swords Dance|p1a: Ogerpon\n|-boost|p1a: Ogerpon|atk|2\n|move|p2a: Melmetal|Double Iron Bash|p1a: Ogerpon\n|-resisted|p1a: Ogerpon\n|-damage|p1a: Ogerpon|57/100\n|-resisted|p1a: Ogerpon\n|-damage|p1a: Ogerpon|15/100\n|-hitcount|p1a: Ogerpon|2\n|\n|upkeep\n|turn|16\n|\n|t:|1771211568\n|switch|p2a: Porygon2|Porygon2, shiny|74/100\n|-ability|p2a: Porygon2|Water Absorb|Trace|[from] ability: Trace|[of] p1a: Ogerpon\n|move|p1a: Ogerpon|Ivy Cudgel|p2a: Porygon2|[anim] Ivy Cudgel Water\n|-heal|p2a: Porygon2|99/100|[from] ability: Water Absorb|[of] p1a: Ogerpon\n|\n|upkeep\n|turn|17\n|\n|t:|1771211579\n|move|p1a: Ogerpon|Play Rough|p2a: Porygon2\n|-damage|p2a: Porygon2|53/100\n|move|p2a: Porygon2|Trick Room|p2a: Porygon2\n|-fieldstart|move: Trick Room|[of] p2a: Porygon2\n|\n|upkeep\n|turn|18\n|\n|t:|1771211585\n|move|p2a: Porygon2|Toxic|p1a: Ogerpon\n|-status|p1a: Ogerpon|tox\n|move|p1a: Ogerpon|Ivy Cudgel|p2a: Porygon2|[anim] Ivy Cudgel Water\n|-heal|p2a: Porygon2|78/100|[from] ability: Water Absorb|[of] p1a: Ogerpon\n|\n|-damage|p1a: Ogerpon|9/100 tox|[from] psn\n|upkeep\n|turn|19\n|\n|t:|1771211612\n|move|p2a: Porygon2|Recover|p2a: Porygon2\n|-heal|p2a: Porygon2|100/100\n|move|p1a: Ogerpon|Play Rough|p2a: Porygon2\n|-damage|p2a: Porygon2|53/100\n|\n|-damage|p1a: Ogerpon|0 fnt|[from] psn\n|faint|p1a: Ogerpon\n|upkeep\n|\n|t:|1771211616\n|switch|p1a: Dragonite|Dragonite, M|100/100\n|turn|20\n|\n|t:|1771211619\n|move|p2a: Porygon2|Toxic|p1a: Dragonite\n|-status|p1a: Dragonite|tox\n|-zpower|p1a: Dragonite\n|move|p1a: Dragonite|Supersonic Skystrike|p2a: Porygon2|[zeffect]\n|-damage|p2a: Porygon2|0 fnt\n|faint|p2a: Porygon2\n|\n|-damage|p1a: Dragonite|94/100 tox|[from] psn\n|upkeep\n|\n|t:|1771211622\n|switch|p2a: Melmetal|Melmetal|14/100\n|turn|21\n|\n|t:|1771211624\n|move|p2a: Melmetal|Double Iron Bash|p1a: Dragonite\n|-damage|p1a: Dragonite|22/100 tox\n|-damage|p1a: Dragonite|0 fnt\n|faint|p1a: Dragonite\n|-hitcount|p1: Dragonite|2\n|\n|-fieldend|move: Trick Room\n|upkeep\n|\n|t:|1771211627\n|switch|p1a: Terapagos|Terapagos, M|100/100\n|-activate|p1a: Terapagos|ability: Tera Shift\n|detailschange|p1a: Terapagos|Terapagos-Terastal, M\n|-heal|p1a: Terapagos|100/100|[silent]\n|turn|22\n|\n|t:|1771211633\n|switch|p2a: Hatterene|Hatterene, F, shiny|100/100\n|move|p1a: Terapagos|Earth Power|p2a: Hatterene\n|-damage|p2a: Hatterene|75/100\n|\n|upkeep\n|turn|23\n|\n|t:|1771211637\n|move|p1a: Terapagos|Tera Starstorm|p2a: Hatterene\n|-damage|p2a: Hatterene|26/100\n|move|p2a: Hatterene|Trick Room|p2a: Hatterene\n|-fieldstart|move: Trick Room|[of] p2a: Hatterene\n|\n|upkeep\n|turn|24\n|\n|t:|1771211646\n|move|p2a: Hatterene|Healing Wish|p2a: Hatterene\n|faint|p2a: Hatterene\n|move|p1a: Terapagos|Tera Starstorm|p2: Hatterene|[notarget]\n|-fail|p1a: Terapagos\n|\n|upkeep\n|\n|t:|1771211648\n|switch|p2a: Melmetal|Melmetal|14/100\n|-heal|p2a: Melmetal|100/100|[from] move: Healing Wish\n|turn|25\n|\n|t:|1771211650\n|move|p2a: Melmetal|Double Iron Bash|p1a: Terapagos\n|-activate|p1a: Terapagos|ability: Tera Shell\n|-resisted|p1a: Terapagos\n|-damage|p1a: Terapagos|71/100\n|-resisted|p1a: Terapagos\n|-damage|p1a: Terapagos|42/100\n|-hitcount|p1a: Terapagos|2\n|cant|p1a: Terapagos|flinch\n|\n|-heal|p1a: Terapagos|48/100|[from] item: Leftovers\n|upkeep\n|turn|26\n|\n|t:|1771211654\n|-activate|p2a: Melmetal|move: Struggle\n|move|p2a: Melmetal|Struggle|p1a: Terapagos\n|-damage|p1a: Terapagos|20/100\n|-damage|p2a: Melmetal|75/100|[from] recoil\n|move|p1a: Terapagos|Earth Power|p2a: Melmetal\n|-supereffective|p2a: Melmetal\n|-damage|p2a: Melmetal|23/100\n|\n|-heal|p1a: Terapagos|26/100|[from] item: Leftovers\n|upkeep\n|turn|27\n|\n|t:|1771211657\n|-activate|p2a: Melmetal|move: Struggle\n|move|p2a: Melmetal|Struggle|p1a: Terapagos\n|-damage|p1a: Terapagos|0 fnt\n|faint|p1a: Terapagos\n|-damage|p2a: Melmetal|0 fnt|[from] recoil\n|faint|p2a: Melmetal\n|\n|win|XenoForbs\n|raw|wuerling's rating: 1539 &rarr; <strong>1519</strong><br />(-20 for losing)\n|raw|XenoForbs's rating: 1541 &rarr; <strong>1561</strong><br />(+20 for winning)\n", "uploadtime": 1771211668, "views": 6, "formatid": "gen9nationaldex", "rating": 1519, "private": 0, "password": null}