{"id": "gen9nationaldex-2540540563", "format": "[Gen 9] National Dex", "players": ["Ichigxo", "kingsy14"], "log": "|j|☆Ichigxo\n|j|☆kingsy14\n|t:|1771215167\n|gametype|singles\n|player|p1|Ichigxo|cynthia-gen4|1496\n|player|p2|kingsy14|veteran|1566\n|gen|9\n|tier|[Gen 9] National Dex\n|rated|\n|rule|HP Percentage Mod: HP is shown in percentages\n|rule|Endless Battle Clause: Forcing endless battles is banned\n|rule|Species Clause: Limit one of each Pokémon\n|rule|OHKO Clause: OHKO moves are banned\n|rule|Evasion Clause: Evasion abilities, items, and moves are banned\n|rule|Evasion Abilities Clause: Evasion abilities are banned\n|rule|Evasion Items Clause: Evasion items are banned\n|rule|Evasion Moves Clause: Evasion moves are banned\n|rule|Sleep Clause Mod: Limit one foe put to sleep\n|rule|Terastal Clause: You cannot Terastallize\n|clearpoke\n|poke|p1|Lopunny, F|\n|poke|p1|Ting-Lu|\n|poke|p1|Melmetal|\n|poke|p1|Zapdos|\n|poke|p1|Dhelmise|\n|poke|p1|Iron Valiant|\n|poke|p2|Tyranitar, F|\n|poke|p2|Tapu Lele|\n|poke|p2|Meowscarada, F|\n|poke|p2|Corviknight, M|\n|poke|p2|Nidoking, M|\n|poke|p2|Volcanion|\n|teampreview\n|inactive|Battle timer is ON: inactive players will automatically lose when time's up. (requested by kingsy14)\n|\n|t:|1771215184\n|teamsize|p1|6\n|teamsize|p2|6\n|start\n|switch|p1a: Lopunny|Lopunny, F|100/100\n|switch|p2a: Nidoking|Nidoking, M|100/100\n|turn|1\n|\n|t:|1771215190\n|switch|p2a: Corviknight|Corviknight, M|100/100\n|detailschange|p1a: Lopunny|Lopunny-Mega, F\n|-mega|p1a: Lopunny|Lopunny|Lopunnite\n|move|p1a: Lopunny|Fake Out|p2a: Corviknight\n|-resisted|p2a: Corviknight\n|-damage|p2a: Corviknight|93/100\n|\n|-heal|p2a: Corviknight|99/100|[from] item: Leftovers\n|upkeep\n|turn|2\n|\n|t:|1771215195\n|switch|p1a: Zapdos|Zapdos|100/100\n|move|p2a: Corviknight|U-turn|p1a: Zapdos\n|-resisted|p1a: Zapdos\n|-damage|p1a: Zapdos|95/100\n|-status|p2a: Corviknight|par|[from] ability: Static|[of] p1a: Zapdos\n|\n|t:|1771215198\n|switch|p2a: Nidoking|Nidoking, M|100/100|[from] U-turn\n|\n|upkeep\n|turn|3\n|\n|t:|1771215206\n|switch|p1a: Ting-Lu|Ting-Lu|100/100\n|-ability|p1a: Ting-Lu|Vessel of Ruin\n|move|p2a: Nidoking|Ice Beam|p1a: Ting-Lu\n|-supereffective|p1a: Ting-Lu\n|-damage|p1a: Ting-Lu|64/100\n|\n|-heal|p1a: Ting-Lu|70/100|[from] item: Leftovers\n|upkeep\n|turn|4\n|\n|t:|1771215212\n|switch|p2a: Tyranitar|Tyranitar, F|100/100\n|-weather|Sandstorm|[from] ability: Sand Stream|[of] p2a: Tyranitar\n|move|p1a: Ting-Lu|Stealth Rock|p2a: Tyranitar\n|-sidestart|p2: kingsy14|move: Stealth Rock\n|\n|-weather|Sandstorm|[upkeep]\n|-heal|p1a: Ting-Lu|77/100|[from] item: Leftovers\n|upkeep\n|turn|5\n|\n|t:|1771215216\n|detailschange|p2a: Tyranitar|Tyranitar-Mega, F\n|-mega|p2a: Tyranitar|Tyranitar|Tyranitarite\n|move|p2a: Tyranitar|Stealth Rock|p1a: Ting-Lu\n|-sidestart|p1: Ichigxo|move: Stealth Rock\n|move|p1a: Ting-Lu|Earthquake|p2a: Tyranitar\n|-supereffective|p2a: Tyranitar\n|-damage|p2a: Tyranitar|57/100\n|\n|-weather|Sandstorm|[upkeep]\n|-heal|p1a: Ting-Lu|83/100|[from] item: Leftovers\n|upkeep\n|turn|6\n|\n|t:|1771215225\n|move|p2a: Tyranitar|Knock Off|p1a: Ting-Lu\n|-resisted|p1a: Ting-Lu\n|-damage|p1a: Ting-Lu|63/100\n|-enditem|p1a: Ting-Lu|Leftovers|[from] move: Knock Off|[of] p2a: Tyranitar\n|move|p1a: Ting-Lu|Ruination|p2a: Tyranitar\n|-damage|p2a: Tyranitar|29/100\n|\n|-weather|Sandstorm|[upkeep]\n|upkeep\n|turn|7\n|\n|t:|1771215229\n|switch|p2a: Corviknight|Corviknight, M|99/100 par\n|-damage|p2a: Corviknight|87/100 par|[from] Stealth Rock\n|move|p1a: Ting-Lu|Earthquake|p2a: Corviknight\n|-immune|p2a: Corviknight\n|\n|-weather|Sandstorm|[upkeep]\n|-heal|p2a: Corviknight|93/100 par|[from] item: Leftovers\n|upkeep\n|turn|8\n|\n|t:|1771215233\n|move|p1a: Ting-Lu|Ruination|p2a: Corviknight\n|-damage|p2a: Corviknight|47/100 par\n|move|p2a: Corviknight|U-turn|p1a: Ting-Lu\n|-supereffective|p1a: Ting-Lu\n|-damage|p1a: Ting-Lu|46/100\n|\n|t:|1771215237\n|switch|p2a: Meowscarada|Meowscarada, F|100/100|[from] U-turn\n|-damage|p2a: Meowscarada|88/100|[from] Stealth Rock\n|\n|-weather|none\n|upkeep\n|turn|9\n|\n|t:|1771215245\n|switch|p1a: Zapdos|Zapdos|95/100\n|move|p2a: Meowscarada|U-turn|p1a: Zapdos\n|-start|p2a: Meowscarada|typechange|Bug|[from] ability: Protean\n|-resisted|p1a: Zapdos\n|-crit|p1a: Zapdos\n|-damage|p1a: Zapdos|77/100\n|\n|t:|1771215248\n|switch|p2a: Nidoking|Nidoking, M|100/100|[from] U-turn\n|-damage|p2a: Nidoking|94/100|[from] Stealth Rock\n|\n|upkeep\n|turn|10\n|\n|t:|1771215252\n|switch|p1a: Ting-Lu|Ting-Lu|46/100\n|-damage|p1a: Ting-Lu|39/100|[from] Stealth Rock\n|-ability|p1a: Ting-Lu|Vessel of Ruin\n|move|p2a: Nidoking|Ice Beam|p1a: Ting-Lu\n|-supereffective|p1a: Ting-Lu\n|-damage|p1a: Ting-Lu|0 fnt\n|faint|p1a: Ting-Lu\n|\n|upkeep\n|\n|t:|1771215276\n|switch|p1a: Lopunny|Lopunny-Mega, F|100/100\n|-damage|p1a: Lopunny|95/100|[from] Stealth Rock\n|turn|11\n|\n|t:|1771215279\n|switch|p2a: Tapu Lele|Tapu Lele|100/100\n|-damage|p2a: Tapu Lele|88/100|[from] Stealth Rock\n|-fieldstart|move: Psychic Terrain|[from] ability: Psychic Surge|[of] p2a: Tapu Lele\n|move|p1a: Lopunny|Fake Out|p2a: Tapu Lele\n|-activate|p2a: Tapu Lele|move: Psychic Terrain\n|\n|upkeep\n|turn|12\n|\n|t:|1771215286\n|switch|p1a: Melmetal|Melmetal|100/100\n|-damage|p1a: Melmetal|94/100|[from] Stealth Rock\n|move|p2a: Tapu Lele|Future Sight|p1a: Melmetal\n|-start|p2a: Tapu Lele|move: Future Sight\n|\n|upkeep\n|turn|13\n|\n|t:|1771215291\n|switch|p2a: Volcanion|Volcanion|100/100\n|move|p1a: Melmetal|Double Iron Bash|p2a: Volcanion\n|-resisted|p2a: Volcanion\n|-damage|p2a: Volcanion|90/100\n|-resisted|p2a: Volcanion\n|-damage|p2a: Volcanion|80/100\n|-hitcount|p2a: Volcanion|2\n|\n|upkeep\n|turn|14\n|\n|t:|1771215297\n|move|p2a: Volcanion|Flamethrower|p1a: Melmetal\n|-supereffective|p1a: Melmetal\n|-damage|p1a: Melmetal|16/100\n|move|p1a: Melmetal|Thunder Punch|p2a: Volcanion\n|-supereffective|p2a: Volcanion\n|-damage|p2a: Volcanion|17/100\n|\n|-end|p1a: Melmetal|move: Future Sight\n|-resisted|p1a: Melmetal\n|-damage|p1a: Melmetal|0 fnt\n|faint|p1a: Melmetal\n|upkeep\n|\n|t:|1771215312\n|switch|p1a: Zapdos|Zapdos|77/100\n|turn|15\n|\n|t:|1771215315\n|move|p1a: Zapdos|Hurricane|p2a: Volcanion|[miss]\n|-miss|p1a: Zapdos|p2a: Volcanion\n|move|p2a: Volcanion|Steam Eruption|p1a: Zapdos\n|-damage|p1a: Zapdos|22/100\n|\n|-fieldend|move: Psychic Terrain\n|upkeep\n|turn|16\n|\n|t:|1771215319\n|move|p1a: Zapdos|Volt Switch|p2a: Volcanion\n|-supereffective|p2a: Volcanion\n|-damage|p2a: Volcanion|0 fnt\n|faint|p2a: Volcanion\n|\n|t:|1771215330\n|switch|p1a: Dhelmise|Dhelmise|100/100|[from] Volt Switch\n|-damage|p1a: Dhelmise|88/100|[from] Stealth Rock\n|\n|upkeep\n|\n|t:|1771215334\n|switch|p2a: Nidoking|Nidoking, M|94/100\n|-damage|p2a: Nidoking|88/100|[from] Stealth Rock\n|turn|17\n|\n|t:|1771215344\n|move|p2a: Nidoking|Ice Beam|p1a: Dhelmise\n|-supereffective|p1a: Dhelmise\n|-damage|p1a: Dhelmise|30/100\n|move|p1a: Dhelmise|Poltergeist|p2a: Nidoking\n|-activate|p2a: Nidoking|move: Poltergeist|Life Orb\n|-damage|p2a: Nidoking|6/100\n|\n|upkeep\n|turn|18\n|\n|t:|1771215354\n|switch|p2a: Corviknight|Corviknight, M|47/100 par\n|-damage|p2a: Corviknight|34/100 par|[from] Stealth Rock\n|move|p1a: Dhelmise|Anchor Shot|p2a: Corviknight\n|-resisted|p2a: Corviknight\n|-damage|p2a: Corviknight|18/100 par\n|-activate|p2a: Corviknight|trapped\n|\n|-heal|p2a: Corviknight|25/100 par|[from] item: Leftovers\n|upkeep\n|turn|19\n|\n|t:|1771215359\n|move|p1a: Dhelmise|Rapid Spin|p2a: Corviknight\n|-resisted|p2a: Corviknight\n|-damage|p2a: Corviknight|18/100 par\n|-boost|p1a: Dhelmise|spe|1\n|-sideend|p1: Ichigxo|Stealth Rock|[from] move: Rapid Spin|[of] p1a: Dhelmise\n|move|p2a: Corviknight|Defog|p1a: Dhelmise\n|-unboost|p1a: Dhelmise|evasion|1\n|-sideend|p2: kingsy14|Stealth Rock|[from] move: Defog|[of] p2a: Corviknight\n|\n|-heal|p2a: Corviknight|25/100 par|[from] item: Leftovers\n|upkeep\n|turn|20\n|\n|t:|1771215364\n|move|p1a: Dhelmise|Poltergeist|p2a: Corviknight\n|-activate|p2a: Corviknight|move: Poltergeist|Leftovers\n|-damage|p2a: Corviknight|0 fnt\n|faint|p2a: Corviknight\n|\n|upkeep\n|\n|t:|1771215370\n|switch|p2a: Meowscarada|Meowscarada, F|88/100\n|turn|21\n|\n|t:|1771215375\n|move|p2a: Meowscarada|Knock Off|p1a: Dhelmise\n|-start|p2a: Meowscarada|typechange|Dark|[from] ability: Protean\n|-supereffective|p1a: Dhelmise\n|-damage|p1a: Dhelmise|0 fnt\n|-enditem|p1a: Dhelmise|Assault Vest|[from] move: Knock Off|[of] p2a: Meowscarada\n|faint|p1a: Dhelmise\n|\n|upkeep\n|\n|t:|1771215380\n|switch|p1a: Iron Valiant|Iron Valiant, shiny|100/100\n|turn|22\n|\n|t:|1771215389\n|switch|p2a: Tyranitar|Tyranitar-Mega, F|29/100\n|-weather|Sandstorm|[from] ability: Sand Stream|[of] p2a: Tyranitar\n|move|p1a: Iron Valiant|Moonblast|p2a: Tyranitar\n|-supereffective|p2a: Tyranitar\n|-damage|p2a: Tyranitar|0 fnt\n|faint|p2a: Tyranitar\n|detailschange|p2: Tyranitar|Tyranitar, F|[silent]\n|\n|-weather|Sandstorm|[upkeep]\n|-damage|p1a: Iron Valiant|94/100|[from] Sandstorm\n|upkeep\n|\n|t:|1771215392\n|switch|p2a: Tapu Lele|Tapu Lele|88/100\n|-fieldstart|move: Psychic Terrain|[from] ability: Psychic Surge|[of] p2a: Tapu Lele\n|turn|23\n|\n|t:|1771215402\n|move|p1a: Iron Valiant|Moonblast|p2a: Tapu Lele\n|-damage|p2a: Tapu Lele|25/100\n|move|p2a: Tapu Lele|Psychic|p1a: Iron Valiant\n|-supereffective|p1a: Iron Valiant\n|-damage|p1a: Iron Valiant|0 fnt\n|faint|p1a: Iron Valiant\n|-end|p1a: Iron Valiant|Quark Drive|[silent]\n|\n|-weather|Sandstorm|[upkeep]\n|-damage|p2a: Tapu Lele|19/100|[from] Sandstorm\n|upkeep\n|\n|t:|1771215407\n|switch|p1a: Lopunny|Lopunny-Mega, F|95/100\n|turn|24\n|\n|t:|1771215415\n|move|p1a: Lopunny|U-turn|p2a: Tapu Lele\n|-damage|p2a: Tapu Lele|0 fnt\n|faint|p2a: Tapu Lele\n|\n|t:|1771215419\n|switch|p1a: Zapdos|Zapdos|22/100|[from] U-turn\n|\n|-weather|Sandstorm|[upkeep]\n|-damage|p1a: Zapdos|16/100|[from] Sandstorm\n|upkeep\n|\n|t:|1771215421\n|switch|p2a: Nidoking|Nidoking, M|6/100\n|turn|25\n|\n|t:|1771215425\n|move|p2a: Nidoking|Ice Beam|p1a: Zapdos\n|-supereffective|p1a: Zapdos\n|-damage|p1a: Zapdos|0 fnt\n|faint|p1a: Zapdos\n|\n|-weather|Sandstorm|[upkeep]\n|upkeep\n|\n|t:|1771215429\n|switch|p1a: Lopunny|Lopunny-Mega, F|95/100\n|turn|26\n|\n|t:|1771215434\n|move|p1a: Lopunny|Frustration|p2a: Nidoking\n|-damage|p2a: Nidoking|0 fnt\n|faint|p2a: Nidoking\n|\n|-weather|none\n|upkeep\n|\n|t:|1771215436\n|switch|p2a: Meowscarada|Meowscarada, F|88/100\n|turn|27\n|\n|t:|1771215440\n|move|p2a: Meowscarada|Flower Trick|p1a: Lopunny\n|-start|p2a: Meowscarada|typechange|Grass|[from] ability: Protean\n|-crit|p1a: Lopunny\n|-damage|p1a: Lopunny|26/100\n|move|p1a: Lopunny|Close Combat|p2a: Meowscarada\n|-damage|p2a: Meowscarada|0 fnt\n|-unboost|p1a: Lopunny|def|1\n|-unboost|p1a: Lopunny|spd|1\n|faint|p2a: Meowscarada\n|\n|win|Ichigxo\n|raw|Ichigxo's rating: 1496 &rarr; <strong>1520</strong><br />(+24 for winning)\n|raw|kingsy14's rating: 1566 &rarr; <strong>1542</strong><br />(-24 for losing)\n|l|☆kingsy14\n|player|p2|\n|c|☆Ichigxo|gg\n|l|☆Ichigxo\n|player|p1|\n", "uploadtime": 1771215780, "views": 6, "formatid": "gen9nationaldex", "rating": 1520, "private": 0, "password": null}