{"id": "gen9nationaldex-2540675534", "format": "[Gen 9] National Dex", "players": ["pixl toshy", "feebaccs"], "log": "|j|☆pixl toshy\n|j|☆feebaccs\n|t:|1771238412\n|gametype|singles\n|player|p1|pixl toshy|170|1548\n|player|p2|feebaccs|morty|1592\n|gen|9\n|tier|[Gen 9] National Dex\n|rated|\n|rule|HP Percentage Mod: HP is shown in percentages\n|rule|Endless Battle Clause: Forcing endless battles is banned\n|rule|Species Clause: Limit one of each Pokémon\n|rule|OHKO Clause: OHKO moves are banned\n|rule|Evasion Clause: Evasion abilities, items, and moves are banned\n|rule|Evasion Abilities Clause: Evasion abilities are banned\n|rule|Evasion Items Clause: Evasion items are banned\n|rule|Evasion Moves Clause: Evasion moves are banned\n|rule|Sleep Clause Mod: Limit one foe put to sleep\n|rule|Terastal Clause: You cannot Terastallize\n|clearpoke\n|poke|p1|Heracross, F|\n|poke|p1|Tapu Lele|\n|poke|p1|Ribombee, F|\n|poke|p1|Tapu Koko|\n|poke|p1|Gholdengo|\n|poke|p1|Tyranitar, M|\n|poke|p2|Beedrill, M|\n|poke|p2|Tapu Lele|\n|poke|p2|Terapagos, M|\n|poke|p2|Landorus-Therian, M|\n|poke|p2|Alomomola, F|\n|poke|p2|Ferrothorn, F|\n|teampreview\n|inactive|Battle timer is ON: inactive players will automatically lose when time's up. (requested by feebaccs)\n|\n|t:|1771238418\n|teamsize|p1|6\n|teamsize|p2|6\n|start\n|switch|p1a: Ribombee|Ribombee, F|100/100\n|switch|p2a: Landorus|Landorus-Therian, M|100/100\n|-ability|p2a: Landorus|Intimidate|boost\n|-unboost|p1a: Ribombee|atk|1\n|turn|1\n|\n|t:|1771238430\n|move|p2a: Landorus|Stone Edge|p1a: Ribombee\n|-supereffective|p1a: Ribombee\n|-crit|p1a: Ribombee\n|-enditem|p1a: Ribombee|Focus Sash\n|-damage|p1a: Ribombee|1/100\n|move|p1a: Ribombee|Stun Spore|p2a: Landorus\n|-status|p2a: Landorus|par\n|\n|upkeep\n|turn|2\n|\n|t:|1771238440\n|switch|p2a: Terapagos|Terapagos, M|100/100\n|-activate|p2a: Terapagos|ability: Tera Shift\n|detailschange|p2a: Terapagos|Terapagos-Terastal, M\n|-heal|p2a: Terapagos|100/100|[silent]\n|move|p1a: Ribombee|Sticky Web|p2a: Terapagos\n|-sidestart|p2: feebaccs|move: Sticky Web\n|\n|upkeep\n|turn|3\n|\n|t:|1771238443\n|move|p1a: Ribombee|U-turn|p2a: Terapagos\n|-activate|p2a: Terapagos|ability: Tera Shell\n|-resisted|p2a: Terapagos\n|-damage|p2a: Terapagos|97/100\n|\n|t:|1771238446\n|switch|p1a: Gholdengo|Gholdengo|100/100|[from] U-turn\n|-item|p1a: Gholdengo|Air Balloon\n|move|p2a: Terapagos|Rapid Spin|p1a: Gholdengo\n|-immune|p1a: Gholdengo\n|\n|upkeep\n|turn|4\n|\n|t:|1771238463\n|move|p2a: Terapagos|Flamethrower|p1a: Gholdengo\n|-supereffective|p1a: Gholdengo\n|-damage|p1a: Gholdengo|35/100\n|-enditem|p1a: Gholdengo|Air Balloon\n|move|p1a: Gholdengo|Make It Rain|p2a: Terapagos\n|-damage|p2a: Terapagos|32/100\n|-unboost|p1a: Gholdengo|spa|1\n|\n|upkeep\n|turn|5\n|\n|t:|1771238468\n|move|p2a: Terapagos|Flamethrower|p1a: Gholdengo\n|-supereffective|p1a: Gholdengo\n|-damage|p1a: Gholdengo|0 fnt\n|faint|p1a: Gholdengo\n|\n|upkeep\n|\n|t:|1771238475\n|switch|p1a: Tapu Lele|Tapu Lele|100/100\n|-fieldstart|move: Psychic Terrain|[from] ability: Psychic Surge|[of] p1a: Tapu Lele\n|turn|6\n|\n|t:|1771238479\n|switch|p2a: Alomomola|Alomomola, F|100/100\n|-activate|p2a: Alomomola|move: Sticky Web\n|-unboost|p2a: Alomomola|spe|1\n|move|p1a: Tapu Lele|Psychic|p2a: Alomomola\n|-damage|p2a: Alomomola|67/100\n|-unboost|p2a: Alomomola|spd|1\n|\n|upkeep\n|turn|7\n|\n|t:|1771238491\n|switch|p1a: Heracross|Heracross, F|100/100\n|move|p2a: Alomomola|Flip Turn|p1a: Heracross\n|-damage|p1a: Heracross|78/100\n|\n|t:|1771238500\n|switch|p2a: Landorus|Landorus-Therian, M|100/100 par|[from] Flip Turn\n|-ability|p2a: Landorus|Intimidate|boost\n|-unboost|p1a: Heracross|atk|1\n|\n|upkeep\n|turn|8\n|\n|t:|1771238514\n|detailschange|p1a: Heracross|Heracross-Mega, F\n|-mega|p1a: Heracross|Heracross|Heracronite\n|move|p1a: Heracross|Swords Dance|p1a: Heracross\n|-boost|p1a: Heracross|atk|2\n|move|p2a: Landorus|Stone Edge|p1a: Heracross\n|-damage|p1a: Heracross|41/100\n|\n|upkeep\n|turn|9\n|\n|t:|1771238526\n|move|p1a: Heracross|Rock Blast|p2a: Landorus\n|-damage|p2a: Landorus|79/100 par\n|-damage|p2a: Landorus|58/100 par\n|-crit|p2a: Landorus\n|-damage|p2a: Landorus|27/100 par\n|-damage|p2a: Landorus|8/100 par\n|-damage|p2a: Landorus|0 fnt\n|faint|p2a: Landorus\n|-hitcount|p2: Landorus|5\n|\n|upkeep\n|\n|t:|1771238530\n|switch|p2a: Beedrill|Beedrill, M|100/100\n|-activate|p2a: Beedrill|move: Sticky Web\n|-unboost|p2a: Beedrill|spe|1\n|turn|10\n|inactive|pixl toshy has 120 seconds left.\n|\n|t:|1771238566\n|detailschange|p2a: Beedrill|Beedrill-Mega, M\n|-mega|p2a: Beedrill|Beedrill|Beedrillite\n|move|p2a: Beedrill|Poison Jab|p1a: Heracross\n|-damage|p1a: Heracross|0 fnt\n|faint|p1a: Heracross\n|detailschange|p1: Heracross|Heracross, F|[silent]\n|\n|-fieldend|move: Psychic Terrain\n|upkeep\n|\n|t:|1771238577\n|switch|p1a: Tapu Koko|Tapu Koko|100/100\n|-fieldstart|move: Electric Terrain|[from] ability: Electric Surge|[of] p1a: Tapu Koko\n|-item|p1a: Tapu Koko|Air Balloon\n|turn|11\n|\n|t:|1771238583\n|move|p1a: Tapu Koko|Volt Switch|p2a: Beedrill\n|-damage|p2a: Beedrill|58/100\n|inactive|pixl toshy has 120 seconds left.\n|\n|t:|1771238588\n|switch|p1a: Tyranitar|Tyranitar, M|100/100|[from] Volt Switch\n|-weather|Sandstorm|[from] ability: Sand Stream|[of] p1a: Tyranitar\n|move|p2a: Beedrill|Poison Jab|p1a: Tyranitar\n|-resisted|p1a: Tyranitar\n|-damage|p1a: Tyranitar|73/100\n|-status|p1a: Tyranitar|psn\n|\n|-weather|Sandstorm|[upkeep]\n|-damage|p2a: Beedrill|52/100|[from] Sandstorm\n|-heal|p1a: Tyranitar|79/100 psn|[from] item: Leftovers\n|-damage|p1a: Tyranitar|66/100 psn|[from] psn\n|upkeep\n|turn|12\n|\n|t:|1771238593\n|move|p2a: Beedrill|U-turn|p1a: Tyranitar\n|-supereffective|p1a: Tyranitar\n|-damage|p1a: Tyranitar|0 fnt\n|faint|p1a: Tyranitar\n|\n|t:|1771238599\n|switch|p2a: Terapagos|Terapagos-Terastal, M|32/100|[from] U-turn\n|\n|-weather|Sandstorm|[upkeep]\n|-damage|p2a: Terapagos|26/100|[from] Sandstorm\n|upkeep\n|\n|t:|1771238603\n|switch|p1a: Tapu Koko|Tapu Koko|100/100\n|-item|p1a: Tapu Koko|Air Balloon\n|turn|13\n|\n|t:|1771238610\n|move|p1a: Tapu Koko|Volt Switch|p2a: Terapagos\n|-damage|p2a: Terapagos|0 fnt\n|faint|p2a: Terapagos\n|\n|t:|1771238616\n|switch|p1a: Tapu Lele|Tapu Lele|100/100|[from] Volt Switch\n|-fieldstart|move: Psychic Terrain|[from] ability: Psychic Surge|[of] p1a: Tapu Lele\n|\n|-weather|Sandstorm|[upkeep]\n|-damage|p1a: Tapu Lele|94/100|[from] Sandstorm\n|upkeep\n|\n|t:|1771238628\n|switch|p2a: Ferrothorn|Ferrothorn, F|100/100\n|-activate|p2a: Ferrothorn|move: Sticky Web\n|-unboost|p2a: Ferrothorn|spe|1\n|turn|14\n|\n|t:|1771238631\n|move|p1a: Tapu Lele|Hidden Power|p2a: Ferrothorn\n|-supereffective|p2a: Ferrothorn\n|-damage|p2a: Ferrothorn|22/100\n|move|p2a: Ferrothorn|Stealth Rock|p1a: Tapu Lele\n|-sidestart|p1: pixl toshy|move: Stealth Rock\n|\n|-weather|Sandstorm|[upkeep]\n|-damage|p1a: Tapu Lele|88/100|[from] Sandstorm\n|-heal|p2a: Ferrothorn|28/100|[from] item: Leftovers\n|upkeep\n|turn|15\n|\n|t:|1771238641\n|switch|p1a: Tapu Koko|Tapu Koko|100/100\n|-damage|p1a: Tapu Koko|88/100|[from] Stealth Rock\n|-fieldstart|move: Electric Terrain|[from] ability: Electric Surge|[of] p1a: Tapu Koko\n|-item|p1a: Tapu Koko|Air Balloon\n|switch|p2a: Alomomola|Alomomola, F|99/100\n|-activate|p2a: Alomomola|move: Sticky Web\n|-unboost|p2a: Alomomola|spe|1\n|\n|-weather|none\n|upkeep\n|turn|16\n|\n|t:|1771238644\n|move|p1a: Tapu Koko|Thunderbolt|p2a: Alomomola\n|-supereffective|p2a: Alomomola\n|-damage|p2a: Alomomola|62/100\n|move|p2a: Alomomola|Flip Turn|p1a: Tapu Koko\n|-damage|p1a: Tapu Koko|63/100\n|-enditem|p1a: Tapu Koko|Air Balloon\n|\n|t:|1771238648\n|switch|p2a: Ferrothorn|Ferrothorn, F|28/100|[from] Flip Turn\n|-activate|p2a: Ferrothorn|move: Sticky Web\n|-unboost|p2a: Ferrothorn|spe|1\n|\n|-heal|p2a: Ferrothorn|35/100|[from] item: Leftovers\n|upkeep\n|turn|17\n|\n|t:|1771238653\n|move|p1a: Tapu Koko|Volt Switch|p2a: Ferrothorn\n|-resisted|p2a: Ferrothorn\n|-damage|p2a: Ferrothorn|19/100\n|\n|t:|1771238655\n|switch|p1a: Ribombee|Ribombee, F|1/100|[from] Volt Switch\n|-damage|p1a: Ribombee|0 fnt|[from] Stealth Rock\n|faint|p1a: Ribombee\n|move|p2a: Ferrothorn|Leech Seed|p1: Ribombee|[notarget]\n|-fail|p2a: Ferrothorn\n|\n|-heal|p2a: Ferrothorn|25/100|[from] item: Leftovers\n|upkeep\n|\n|t:|1771238657\n|switch|p1a: Tapu Lele|Tapu Lele|88/100\n|-damage|p1a: Tapu Lele|76/100|[from] Stealth Rock\n|-fieldstart|move: Psychic Terrain|[from] ability: Psychic Surge|[of] p1a: Tapu Lele\n|turn|18\n|inactive|feebaccs has 120 seconds left.\n|\n|t:|1771238689\n|switch|p2a: Tapu Lele|Tapu Lele|100/100\n|-activate|p2a: Tapu Lele|move: Sticky Web\n|-unboost|p2a: Tapu Lele|spe|1\n|move|p1a: Tapu Lele|Psychic|p2a: Tapu Lele\n|-resisted|p2a: Tapu Lele\n|-damage|p2a: Tapu Lele|68/100\n|\n|upkeep\n|turn|19\n|\n|t:|1771238705\n|move|p1a: Tapu Lele|Psychic|p2a: Tapu Lele\n|-resisted|p2a: Tapu Lele\n|-damage|p2a: Tapu Lele|34/100\n|-zpower|p2a: Tapu Lele\n|move|p2a: Tapu Lele|Shattered Psyche|p1a: Tapu Lele|[zeffect]\n|-resisted|p1a: Tapu Lele\n|-damage|p1a: Tapu Lele|4/100\n|\n|upkeep\n|turn|20\n|\n|t:|1771238717\n|move|p1a: Tapu Lele|Psychic|p2a: Tapu Lele\n|-resisted|p2a: Tapu Lele\n|-damage|p2a: Tapu Lele|3/100\n|move|p2a: Tapu Lele|Moonblast|p1a: Tapu Lele\n|-damage|p1a: Tapu Lele|0 fnt\n|faint|p1a: Tapu Lele\n|\n|upkeep\n|\n|t:|1771238719\n|switch|p1a: Tapu Koko|Tapu Koko|63/100\n|-damage|p1a: Tapu Koko|51/100|[from] Stealth Rock\n|-fieldstart|move: Electric Terrain|[from] ability: Electric Surge|[of] p1a: Tapu Koko\n|turn|21\n|\n|t:|1771238721\n|move|p1a: Tapu Koko|Thunderbolt|p2a: Tapu Lele\n|-damage|p2a: Tapu Lele|0 fnt\n|faint|p2a: Tapu Lele\n|\n|upkeep\n|\n|t:|1771238724\n|switch|p2a: Ferrothorn|Ferrothorn, F|25/100\n|-activate|p2a: Ferrothorn|move: Sticky Web\n|-unboost|p2a: Ferrothorn|spe|1\n|turn|22\n|\n|t:|1771238726\n|move|p1a: Tapu Koko|Thunderbolt|p2a: Ferrothorn\n|-resisted|p2a: Ferrothorn\n|-crit|p2a: Ferrothorn\n|-damage|p2a: Ferrothorn|0 fnt\n|faint|p2a: Ferrothorn\n|\n|upkeep\n|\n|t:|1771238755\n|switch|p2a: Alomomola|Alomomola, F|95/100\n|-activate|p2a: Alomomola|move: Sticky Web\n|-unboost|p2a: Alomomola|spe|1\n|turn|23\n|\n|t:|1771238783\n|move|p1a: Tapu Koko|Thunderbolt|p2a: Alomomola\n|-supereffective|p2a: Alomomola\n|-damage|p2a: Alomomola|39/100\n|move|p2a: Alomomola|Mirror Coat|p1a: Tapu Koko\n|-damage|p1a: Tapu Koko|0 fnt\n|faint|p1a: Tapu Koko\n|\n|win|feebaccs\n|raw|pixl toshy's rating: 1548 &rarr; <strong>1531</strong><br />(-17 for losing)\n|raw|feebaccs's rating: 1592 &rarr; <strong>1609</strong><br />(+17 for winning)\n|l|☆pixl toshy\n|player|p1|\n|l|☆feebaccs\n|player|p2|\n", "uploadtime": 1771239082, "views": 8, "formatid": "gen9nationaldex", "rating": 1531, "private": 0, "password": null}