{"id": "gen9nationaldex-2540771046", "format": "[Gen 9] National Dex", "players": ["AyyOmega", "Oddalex"], "log": "|j|☆AyyOmega\n|j|‽Oddalex\n|t:|1771252127\n|gametype|singles\n|player|p1|AyyOmega|102|1650\n|player|p2|Oddalex|102|1720\n|gen|9\n|tier|[Gen 9] National Dex\n|rated|\n|rule|HP Percentage Mod: HP is shown in percentages\n|rule|Endless Battle Clause: Forcing endless battles is banned\n|rule|Species Clause: Limit one of each Pokémon\n|rule|OHKO Clause: OHKO moves are banned\n|rule|Evasion Clause: Evasion abilities, items, and moves are banned\n|rule|Evasion Abilities Clause: Evasion abilities are banned\n|rule|Evasion Items Clause: Evasion items are banned\n|rule|Evasion Moves Clause: Evasion moves are banned\n|rule|Sleep Clause Mod: Limit one foe put to sleep\n|rule|Terastal Clause: You cannot Terastallize\n|clearpoke\n|poke|p1|Zamazenta-*|\n|poke|p1|Tapu Lele|\n|poke|p1|Alomomola, F|\n|poke|p1|Scizor, F|\n|poke|p1|Landorus-Therian, M|\n|poke|p1|Terapagos, M|\n|poke|p2|Mawile, F|\n|poke|p2|Tapu Koko|\n|poke|p2|Iron Valiant|\n|poke|p2|Slowbro, M|\n|poke|p2|Ting-Lu|\n|poke|p2|Tornadus-Therian, M|\n|teampreview\n|\n|t:|1771252146\n|teamsize|p1|6\n|teamsize|p2|6\n|start\n|switch|p1a: Landorus|Landorus-Therian, M|100/100\n|switch|p2a: Slowbro|Slowbro, M|100/100\n|-ability|p1a: Landorus|Intimidate|boost\n|-unboost|p2a: Slowbro|atk|1\n|turn|1\n|\n|t:|1771252149\n|switch|p1a: Scizor|Scizor, F|100/100\n|move|p2a: Slowbro|Scald|p1a: Scizor\n|-damage|p1a: Scizor|69/100\n|\n|upkeep\n|turn|2\n|\n|t:|1771252156\n|detailschange|p1a: Scizor|Scizor-Mega, F\n|-mega|p1a: Scizor|Scizor|Scizorite\n|move|p1a: Scizor|U-turn|p2a: Slowbro\n|-supereffective|p2a: Slowbro\n|-damage|p2a: Slowbro|47/100\n|-damage|p1a: Scizor|52/100|[from] item: Rocky Helmet|[of] p2a: Slowbro\n|\n|t:|1771252162\n|switch|p1a: Tapu Lele|Tapu Lele|100/100|[from] U-turn\n|-fieldstart|move: Psychic Terrain|[from] ability: Psychic Surge|[of] p1a: Tapu Lele\n|move|p2a: Slowbro|Scald|p1a: Tapu Lele\n|-damage|p1a: Tapu Lele|71/100\n|\n|upkeep\n|turn|3\n|\n|t:|1771252174\n|switch|p2a: Mawile|Mawile, F|100/100\n|-ability|p2a: Mawile|Intimidate|boost\n|-unboost|p1a: Tapu Lele|atk|1\n|move|p1a: Tapu Lele|Moonblast|p2a: Mawile\n|-resisted|p2a: Mawile\n|-damage|p2a: Mawile|19/100\n|\n|upkeep\n|turn|4\n|\n|t:|1771252183\n|detailschange|p2a: Mawile|Mawile-Mega, F\n|-mega|p2a: Mawile|Mawile|Mawilite\n|move|p1a: Tapu Lele|Moonblast|p2a: Mawile\n|-resisted|p2a: Mawile\n|-damage|p2a: Mawile|0 fnt\n|faint|p2a: Mawile\n|detailschange|p2: Mawile|Mawile, F|[silent]\n|\n|upkeep\n|\n|t:|1771252189\n|switch|p2a: Tapu Koko|Tapu Koko, shiny|100/100\n|-fieldstart|move: Electric Terrain|[from] ability: Electric Surge|[of] p2a: Tapu Koko\n|turn|5\n|\n|t:|1771252195\n|switch|p1a: Landorus|Landorus-Therian, M|100/100\n|-ability|p1a: Landorus|Intimidate|boost\n|-unboost|p2a: Tapu Koko|atk|1\n|move|p2a: Tapu Koko|Thunderbolt|p1a: Landorus\n|-immune|p1a: Landorus\n|\n|upkeep\n|turn|6\n|\n|t:|1771252199\n|switch|p2a: Tornadus|Tornadus-Therian, M|100/100\n|move|p1a: Landorus|U-turn|p2a: Tornadus\n|-resisted|p2a: Tornadus\n|-crit|p2a: Tornadus\n|-damage|p2a: Tornadus|78/100\n|\n|t:|1771252204\n|switch|p1a: Alomomola|Alomomola, F|100/100|[from] U-turn\n|\n|upkeep\n|turn|7\n|\n|t:|1771252207\n|move|p2a: Tornadus|U-turn|p1a: Alomomola\n|-damage|p1a: Alomomola|91/100\n|\n|t:|1771252210\n|switch|p2a: Slowbro|Slowbro, M|80/100|[from] U-turn\n|move|p1a: Alomomola|Mirror Coat||[still]\n|-fail|p1a: Alomomola\n|\n|upkeep\n|turn|8\n|\n|t:|1771252219\n|move|p1a: Alomomola|Body Slam|p2a: Slowbro\n|-damage|p2a: Slowbro|71/100\n|-damage|p1a: Alomomola|74/100|[from] item: Rocky Helmet|[of] p2a: Slowbro\n|move|p2a: Slowbro|Teleport|p2a: Slowbro\n|\n|t:|1771252231\n|switch|p2a: Iron Valiant|Iron Valiant, shiny|100/100|[from] Teleport\n|-activate|p2a: Iron Valiant|ability: Quark Drive\n|-start|p2a: Iron Valiant|quarkdrivespe\n|\n|upkeep\n|turn|9\n|\n|t:|1771252240\n|move|p2a: Iron Valiant|Swords Dance|p2a: Iron Valiant\n|-boost|p2a: Iron Valiant|atk|2\n|move|p1a: Alomomola|Flip Turn|p2a: Iron Valiant\n|-damage|p2a: Iron Valiant|78/100\n|\n|t:|1771252248\n|switch|p1a: Terapagos|Terapagos, M|100/100|[from] Flip Turn\n|-activate|p1a: Terapagos|ability: Tera Shift\n|detailschange|p1a: Terapagos|Terapagos-Terastal, M\n|-heal|p1a: Terapagos|100/100|[silent]\n|\n|-fieldend|move: Electric Terrain\n|-end|p2a: Iron Valiant|Quark Drive\n|upkeep\n|turn|10\n|\n|t:|1771252253\n|-end|p2a: Iron Valiant|Quark Drive|[silent]\n|switch|p2a: Ting-Lu|Ting-Lu|100/100\n|-ability|p2a: Ting-Lu|Vessel of Ruin\n|move|p1a: Terapagos|Tera Starstorm|p2a: Ting-Lu\n|-damage|p2a: Ting-Lu|78/100\n|\n|-heal|p2a: Ting-Lu|84/100|[from] item: Leftovers\n|upkeep\n|turn|11\n|\n|t:|1771252258\n|switch|p1a: Scizor|Scizor-Mega, F|52/100\n|move|p2a: Ting-Lu|Earthquake|p1a: Scizor\n|-damage|p1a: Scizor|26/100\n|\n|-heal|p2a: Ting-Lu|91/100|[from] item: Leftovers\n|upkeep\n|turn|12\n|\n|t:|1771252265\n|switch|p2a: Tornadus|Tornadus-Therian, M|100/100\n|move|p1a: Scizor|Roost|p1a: Scizor\n|-heal|p1a: Scizor|76/100\n|-singleturn|p1a: Scizor|move: Roost\n|\n|upkeep\n|turn|13\n|\n|t:|1771252271\n|switch|p1a: Alomomola|Alomomola, F|100/100\n|move|p2a: Tornadus|Heat Wave|p1a: Alomomola\n|-resisted|p1a: Alomomola\n|-damage|p1a: Alomomola|94/100\n|\n|upkeep\n|turn|14\n|\n|t:|1771252275\n|move|p2a: Tornadus|U-turn|p1a: Alomomola\n|-damage|p1a: Alomomola|84/100\n|\n|t:|1771252277\n|switch|p2a: Tapu Koko|Tapu Koko, shiny|100/100|[from] U-turn\n|-fieldstart|move: Electric Terrain|[from] ability: Electric Surge|[of] p2a: Tapu Koko\n|move|p1a: Alomomola|Flip Turn|p2a: Tapu Koko\n|-damage|p2a: Tapu Koko|77/100\n|\n|t:|1771252280\n|switch|p1a: Landorus|Landorus-Therian, M|100/100|[from] Flip Turn\n|-ability|p1a: Landorus|Intimidate|boost\n|-unboost|p2a: Tapu Koko|atk|1\n|\n|upkeep\n|turn|15\n|\n|t:|1771252290\n|switch|p2a: Slowbro|Slowbro, M|100/100\n|move|p1a: Landorus|Stone Edge|p2a: Slowbro\n|-damage|p2a: Slowbro|77/100\n|\n|upkeep\n|turn|16\n|\n|t:|1771252296\n|switch|p1a: Alomomola|Alomomola, F|100/100\n|move|p2a: Slowbro|Teleport|p2a: Slowbro\n|\n|t:|1771252301\n|switch|p2a: Tapu Koko|Tapu Koko, shiny|77/100|[from] Teleport\n|\n|upkeep\n|turn|17\n|\n|t:|1771252308\n|move|p2a: Tapu Koko|Volt Switch|p1a: Alomomola\n|-supereffective|p1a: Alomomola\n|-damage|p1a: Alomomola|40/100\n|\n|t:|1771252324\n|switch|p2a: Ting-Lu|Ting-Lu|91/100|[from] Volt Switch\n|-ability|p2a: Ting-Lu|Vessel of Ruin\n|move|p1a: Alomomola|Flip Turn|p2a: Ting-Lu\n|-supereffective|p2a: Ting-Lu\n|-damage|p2a: Ting-Lu|74/100\n|\n|t:|1771252334\n|switch|p1a: Scizor|Scizor-Mega, F|76/100|[from] Flip Turn\n|\n|-heal|p2a: Ting-Lu|80/100|[from] item: Leftovers\n|upkeep\n|turn|18\n|\n|t:|1771252340\n|switch|p2a: Tornadus|Tornadus-Therian, M|100/100\n|move|p1a: Scizor|U-turn|p2a: Tornadus\n|-resisted|p2a: Tornadus\n|-damage|p2a: Tornadus|78/100\n|\n|t:|1771252349\n|switch|p1a: Landorus|Landorus-Therian, M|100/100|[from] U-turn\n|-ability|p1a: Landorus|Intimidate|boost\n|-unboost|p2a: Tornadus|atk|1\n|\n|-fieldend|move: Electric Terrain\n|upkeep\n|turn|19\n|\n|t:|1771252354\n|switch|p2a: Slowbro|Slowbro, M|100/100\n|move|p1a: Landorus|Stealth Rock|p2a: Slowbro\n|-sidestart|p2: Oddalex|move: Stealth Rock\n|\n|upkeep\n|turn|20\n|\n|t:|1771252361\n|switch|p1a: Alomomola|Alomomola, F|73/100\n|move|p2a: Slowbro|Future Sight|p1a: Alomomola\n|-start|p2a: Slowbro|move: Future Sight\n|\n|upkeep\n|turn|21\n|\n|t:|1771252375\n|move|p1a: Alomomola|Body Slam|p2a: Slowbro\n|-damage|p2a: Slowbro|92/100\n|-damage|p1a: Alomomola|56/100|[from] item: Rocky Helmet|[of] p2a: Slowbro\n|move|p2a: Slowbro|Teleport|p2a: Slowbro\n|\n|t:|1771252380\n|switch|p2a: Tapu Koko|Tapu Koko, shiny|77/100|[from] Teleport\n|-damage|p2a: Tapu Koko|65/100|[from] Stealth Rock\n|-fieldstart|move: Electric Terrain|[from] ability: Electric Surge|[of] p2a: Tapu Koko\n|\n|upkeep\n|turn|22\n|\n|t:|1771252390\n|switch|p1a: Landorus|Landorus-Therian, M|100/100\n|-ability|p1a: Landorus|Intimidate|boost\n|-unboost|p2a: Tapu Koko|atk|1\n|move|p2a: Tapu Koko|Thunderbolt|p1a: Landorus\n|-immune|p1a: Landorus\n|\n|-end|p1a: Landorus|move: Future Sight\n|-damage|p1a: Landorus|43/100\n|upkeep\n|turn|23\n|\n|t:|1771252399\n|switch|p2a: Tornadus|Tornadus-Therian, M|100/100\n|move|p1a: Landorus|U-turn|p2a: Tornadus\n|-resisted|p2a: Tornadus\n|-damage|p2a: Tornadus|86/100\n|\n|t:|1771252415\n|switch|p1a: Tapu Lele|Tapu Lele|71/100|[from] U-turn\n|-fieldstart|move: Psychic Terrain|[from] ability: Psychic Surge|[of] p1a: Tapu Lele\n|\n|upkeep\n|turn|24\n|\n|t:|1771252420\n|move|p2a: Tornadus|Defog|p1a: Tapu Lele\n|-unboost|p1a: Tapu Lele|evasion|1\n|-sideend|p2: Oddalex|Stealth Rock|[from] move: Defog|[of] p2a: Tornadus\n|-fieldend|move: Psychic Terrain\n|move|p1a: Tapu Lele|Moonblast|p2a: Tornadus\n|-damage|p2a: Tornadus|5/100\n|\n|upkeep\n|turn|25\n|\n|t:|1771252422\n|move|p2a: Tornadus|Bleakwind Storm|p1a: Tapu Lele\n|-damage|p1a: Tapu Lele|33/100\n|move|p1a: Tapu Lele|Moonblast|p2a: Tornadus\n|-damage|p2a: Tornadus|0 fnt\n|faint|p2a: Tornadus\n|\n|upkeep\n|\n|t:|1771252432\n|switch|p2a: Tapu Koko|Tapu Koko, shiny|65/100\n|-fieldstart|move: Electric Terrain|[from] ability: Electric Surge|[of] p2a: Tapu Koko\n|turn|26\n|\n|t:|1771252444\n|switch|p1a: Landorus|Landorus-Therian, M|43/100\n|-ability|p1a: Landorus|Intimidate|boost\n|-unboost|p2a: Tapu Koko|atk|1\n|move|p2a: Tapu Koko|Dazzling Gleam|p1a: Landorus\n|-damage|p1a: Landorus|0 fnt\n|faint|p1a: Landorus\n|\n|upkeep\n|\n|t:|1771252448\n|switch|p1a: Scizor|Scizor-Mega, F|76/100\n|turn|27\n|\n|t:|1771252461\n|switch|p2a: Slowbro|Slowbro, M|100/100\n|move|p1a: Scizor|U-turn|p2a: Slowbro\n|-supereffective|p2a: Slowbro\n|-damage|p2a: Slowbro|48/100\n|-damage|p1a: Scizor|59/100|[from] item: Rocky Helmet|[of] p2a: Slowbro\n|\n|t:|1771252467\n|switch|p1a: Tapu Lele|Tapu Lele|33/100|[from] U-turn\n|-fieldstart|move: Psychic Terrain|[from] ability: Psychic Surge|[of] p1a: Tapu Lele\n|\n|upkeep\n|turn|28\n|\n|t:|1771252471\n|switch|p2a: Ting-Lu|Ting-Lu|80/100\n|-ability|p2a: Ting-Lu|Vessel of Ruin\n|move|p1a: Tapu Lele|Moonblast|p2a: Ting-Lu\n|-supereffective|p2a: Ting-Lu\n|-damage|p2a: Ting-Lu|19/100\n|\n|-heal|p2a: Ting-Lu|26/100|[from] item: Leftovers\n|upkeep\n|turn|29\n|\n|t:|1771252477\n|move|p1a: Tapu Lele|Moonblast|p2a: Ting-Lu\n|-supereffective|p2a: Ting-Lu\n|-damage|p2a: Ting-Lu|0 fnt\n|faint|p2a: Ting-Lu\n|\n|upkeep\n|\n|t:|1771252479\n|switch|p2a: Tapu Koko|Tapu Koko, shiny|65/100\n|-fieldstart|move: Electric Terrain|[from] ability: Electric Surge|[of] p2a: Tapu Koko\n|turn|30\n|\n|t:|1771252488\n|switch|p1a: Alomomola|Alomomola, F|90/100\n|move|p2a: Tapu Koko|Thunderbolt|p1a: Alomomola\n|-supereffective|p1a: Alomomola\n|-damage|p1a: Alomomola|13/100\n|\n|upkeep\n|turn|31\n|\n|t:|1771252493\n|move|p2a: Tapu Koko|Thunderbolt|p1a: Alomomola\n|-supereffective|p1a: Alomomola\n|-damage|p1a: Alomomola|0 fnt\n|faint|p1a: Alomomola\n|\n|upkeep\n|\n|t:|1771252499\n|switch|p1a: Terapagos|Terapagos-Terastal, M|100/100\n|turn|32\n|\n|t:|1771252503\n|switch|p2a: Slowbro|Slowbro, M|81/100\n|move|p1a: Terapagos|Rapid Spin|p2a: Slowbro\n|-damage|p2a: Slowbro|72/100\n|-boost|p1a: Terapagos|spe|1\n|-damage|p1a: Terapagos|84/100|[from] item: Rocky Helmet|[of] p2a: Slowbro\n|\n|upkeep\n|turn|33\n|\n|t:|1771252505\n|move|p1a: Terapagos|Tera Starstorm|p2a: Slowbro\n|-damage|p2a: Slowbro|19/100\n|move|p2a: Slowbro|Thunder Wave|p1a: Terapagos\n|-status|p1a: Terapagos|par\n|\n|upkeep\n|turn|34\n|\n|t:|1771252511\n|cant|p1a: Terapagos|par\n|move|p2a: Slowbro|Teleport|p2a: Slowbro\n|\n|t:|1771252513\n|switch|p2a: Iron Valiant|Iron Valiant, shiny|78/100|[from] Teleport\n|-activate|p2a: Iron Valiant|ability: Quark Drive\n|-start|p2a: Iron Valiant|quarkdrivespe\n|\n|-fieldend|move: Electric Terrain\n|-end|p2a: Iron Valiant|Quark Drive\n|upkeep\n|turn|35\n|\n|t:|1771252518\n|move|p2a: Iron Valiant|Close Combat|p1a: Terapagos\n|-supereffective|p1a: Terapagos\n|-damage|p1a: Terapagos|0 fnt\n|-unboost|p2a: Iron Valiant|def|1\n|-unboost|p2a: Iron Valiant|spd|1\n|faint|p1a: Terapagos\n|\n|upkeep\n|\n|t:|1771252520\n|switch|p1a: Scizor|Scizor-Mega, F|59/100\n|turn|36\n|\n|t:|1771252527\n|-end|p2a: Iron Valiant|Quark Drive|[silent]\n|switch|p2a: Slowbro|Slowbro, M|53/100\n|move|p1a: Scizor|U-turn|p2a: Slowbro\n|-supereffective|p2a: Slowbro\n|-damage|p2a: Slowbro|1/100\n|-damage|p1a: Scizor|43/100|[from] item: Rocky Helmet|[of] p2a: Slowbro\n|\n|t:|1771252531\n|switch|p1a: Tapu Lele|Tapu Lele|33/100|[from] U-turn\n|-fieldstart|move: Psychic Terrain|[from] ability: Psychic Surge|[of] p1a: Tapu Lele\n|\n|upkeep\n|turn|37\n|\n|t:|1771252537\n|move|p1a: Tapu Lele|Moonblast|p2a: Slowbro\n|-damage|p2a: Slowbro|0 fnt\n|faint|p2a: Slowbro\n|\n|upkeep\n|\n|t:|1771252538\n|switch|p2a: Tapu Koko|Tapu Koko, shiny|65/100\n|-fieldstart|move: Electric Terrain|[from] ability: Electric Surge|[of] p2a: Tapu Koko\n|turn|38\n|\n|t:|1771252540\n|move|p2a: Tapu Koko|Thunderbolt|p1a: Tapu Lele\n|-damage|p1a: Tapu Lele|0 fnt\n|faint|p1a: Tapu Lele\n|\n|upkeep\n|\n|t:|1771252542\n|switch|p1a: Scizor|Scizor-Mega, F|43/100\n|turn|39\n|\n|t:|1771252548\n|move|p1a: Scizor|Bullet Punch|p2a: Tapu Koko\n|-damage|p2a: Tapu Koko|12/100\n|move|p2a: Tapu Koko|Thunderbolt|p1a: Scizor\n|-damage|p1a: Scizor|0 fnt\n|faint|p1a: Scizor\n|detailschange|p1: Scizor|Scizor, F|[silent]\n|\n|upkeep\n|\n|t:|1771252551\n|switch|p1a: Zamazenta|Zamazenta|100/100\n|-ability|p1a: Zamazenta|Dauntless Shield|boost\n|-boost|p1a: Zamazenta|def|1\n|turn|40\n|\n|t:|1771252555\n|move|p1a: Zamazenta|Crunch|p2a: Tapu Koko\n|-resisted|p2a: Tapu Koko\n|-damage|p2a: Tapu Koko|0 fnt\n|faint|p2a: Tapu Koko\n|\n|upkeep\n|\n|t:|1771252558\n|switch|p2a: Iron Valiant|Iron Valiant, shiny|78/100\n|-activate|p2a: Iron Valiant|ability: Quark Drive\n|-start|p2a: Iron Valiant|quarkdrivespe\n|turn|41\n|\n|t:|1771252563\n|move|p2a: Iron Valiant|Swords Dance|p2a: Iron Valiant\n|-boost|p2a: Iron Valiant|atk|2\n|move|p1a: Zamazenta|Iron Defense|p1a: Zamazenta\n|-boost|p1a: Zamazenta|def|2\n|\n|upkeep\n|turn|42\n|\n|t:|1771252574\n|-zpower|p2a: Iron Valiant\n|move|p2a: Iron Valiant|Shattered Psyche|p1a: Zamazenta|[zeffect]\n|-supereffective|p1a: Zamazenta\n|-damage|p1a: Zamazenta|31/100\n|move|p1a: Zamazenta|Iron Defense|p1a: Zamazenta\n|-boost|p1a: Zamazenta|def|2\n|\n|-heal|p1a: Zamazenta|37/100|[from] item: Leftovers\n|-fieldend|move: Electric Terrain\n|-end|p2a: Iron Valiant|Quark Drive\n|upkeep\n|turn|43\n|\n|t:|1771252581\n|move|p1a: Zamazenta|Body Press|p2a: Iron Valiant\n|-resisted|p2a: Iron Valiant\n|-damage|p2a: Iron Valiant|5/100\n|move|p2a: Iron Valiant|Zen Headbutt|p1a: Zamazenta\n|-supereffective|p1a: Zamazenta\n|-damage|p1a: Zamazenta|10/100\n|\n|-heal|p1a: Zamazenta|16/100|[from] item: Leftovers\n|upkeep\n|turn|44\n|c|☆AyyOmega|gg\n|\n|t:|1771252589\n|move|p1a: Zamazenta|Body Press|p2a: Iron Valiant\n|-resisted|p2a: Iron Valiant\n|-damage|p2a: Iron Valiant|0 fnt\n|faint|p2a: Iron Valiant\n|-end|p2a: Iron Valiant|Quark Drive|[silent]\n|\n|win|AyyOmega\n|raw|AyyOmega's rating: 1650 &rarr; <strong>1674</strong><br />(+24 for winning)\n|raw|Oddalex's rating: 1720 &rarr; <strong>1696</strong><br />(-24 for losing)\n|l|‽Oddalex\n|player|p2|\n|l|☆AyyOmega\n|player|p1|\n", "uploadtime": 1771252850, "views": 4, "formatid": "gen9nationaldex", "rating": 1674, "private": 0, "password": null}