{"id": "gen9nationaldex-2540587694", "format": "[Gen 9] National Dex", "players": ["riderzitto5", "Cerberus 17"], "log": "|j|☆riderzitto5\n|j|☆Cerberus 17\n|t:|1771222594\n|gametype|singles\n|player|p1|riderzitto5|petrel|1783\n|player|p2|Cerberus 17|cynthia-gen4|1722\n|gen|9\n|tier|[Gen 9] National Dex\n|rated|\n|rule|HP Percentage Mod: HP is shown in percentages\n|rule|Endless Battle Clause: Forcing endless battles is banned\n|rule|Species Clause: Limit one of each Pokémon\n|rule|OHKO Clause: OHKO moves are banned\n|rule|Evasion Clause: Evasion abilities, items, and moves are banned\n|rule|Evasion Abilities Clause: Evasion abilities are banned\n|rule|Evasion Items Clause: Evasion items are banned\n|rule|Evasion Moves Clause: Evasion moves are banned\n|rule|Sleep Clause Mod: Limit one foe put to sleep\n|rule|Terastal Clause: You cannot Terastallize\n|clearpoke\n|poke|p1|Chansey, F|\n|poke|p1|Toxapex, F|\n|poke|p1|Gliscor, F|\n|poke|p1|Clodsire, F|\n|poke|p1|Dondozo, F|\n|poke|p1|Sableye, M|\n|poke|p2|Tyranitar, M|\n|poke|p2|Kartana|\n|poke|p2|Diancie|\n|poke|p2|Excadrill, F|\n|poke|p2|Sinistcha-Masterpiece|\n|poke|p2|Kommo-o, M|\n|teampreview\n|inactive|Battle timer is ON: inactive players will automatically lose when time's up. (requested by Cerberus 17)\n|\n|t:|1771222611\n|teamsize|p1|6\n|teamsize|p2|6\n|start\n|switch|p1a: Timid|Sableye, M, shiny|100/100\n|switch|p2a: Tyranitar|Tyranitar, M|100/100\n|-weather|Sandstorm|[from] ability: Sand Stream|[of] p2a: Tyranitar\n|turn|1\n|\n|t:|1771222619\n|switch|p2a: Sinistcha|Sinistcha-Masterpiece|100/100\n|detailschange|p1a: Timid|Sableye-Mega, M, shiny\n|-mega|p1a: Timid|Sableye|Sablenite\n|move|p1a: Timid|Will-O-Wisp|p2a: Sinistcha|[miss]\n|-miss|p1a: Timid|p2a: Sinistcha\n|\n|-weather|Sandstorm|[upkeep]\n|-damage|p2a: Sinistcha|94/100|[from] Sandstorm\n|-damage|p1a: Timid|95/100|[from] Sandstorm\n|-heal|p2a: Sinistcha|100/100|[from] item: Leftovers\n|upkeep\n|turn|2\n|\n|t:|1771222627\n|move|p2a: Sinistcha|Calm Mind|p2a: Sinistcha\n|-boost|p2a: Sinistcha|spa|1\n|-boost|p2a: Sinistcha|spd|1\n|move|p1a: Timid|Knock Off|p2a: Sinistcha\n|-supereffective|p2a: Sinistcha\n|-damage|p2a: Sinistcha|62/100\n|-enditem|p2a: Sinistcha|Leftovers|[from] move: Knock Off|[of] p1a: Timid\n|\n|-weather|Sandstorm|[upkeep]\n|-damage|p2a: Sinistcha|56/100|[from] Sandstorm\n|-damage|p1a: Timid|89/100|[from] Sandstorm\n|upkeep\n|turn|3\n|\n|t:|1771222630\n|switch|p1a: EggChan|Chansey, F, shiny|100/100\n|move|p2a: Sinistcha|Matcha Gotcha|p1a: EggChan\n|-damage|p1a: EggChan|88/100\n|-heal|p2a: Sinistcha|68/100|[from] drain|[of] p1a: EggChan\n|\n|-weather|Sandstorm|[upkeep]\n|-damage|p2a: Sinistcha|62/100|[from] Sandstorm\n|-damage|p1a: EggChan|81/100|[from] Sandstorm\n|upkeep\n|turn|4\n|\n|t:|1771222636\n|switch|p2a: Excadrill|Excadrill, F|100/100\n|move|p1a: EggChan|Toxic|p2a: Excadrill\n|-immune|p2a: Excadrill\n|\n|-weather|Sandstorm|[upkeep]\n|-damage|p1a: EggChan|75/100|[from] Sandstorm\n|upkeep\n|turn|5\n|\n|t:|1771222642\n|switch|p1a: Fish|Dondozo, F, shiny|100/100\n|move|p2a: Excadrill|Iron Head|p1a: Fish\n|-resisted|p1a: Fish\n|-damage|p1a: Fish|87/100\n|\n|-weather|Sandstorm|[upkeep]\n|-damage|p1a: Fish|80/100|[from] Sandstorm\n|-heal|p1a: Fish|87/100|[from] item: Leftovers\n|upkeep\n|turn|6\n|\n|t:|1771222646\n|switch|p2a: Sinistcha|Sinistcha-Masterpiece|62/100\n|switch|p1a: Poison|Gliscor, F, shiny|100/100\n|\n|-weather|Sandstorm|[upkeep]\n|-damage|p2a: Sinistcha|56/100|[from] Sandstorm\n|-status|p1a: Poison|tox|[from] item: Toxic Orb\n|upkeep\n|turn|7\n|\n|t:|1771222651\n|switch|p1a: EggChan|Chansey, F, shiny|75/100\n|move|p2a: Sinistcha|Strength Sap|p1a: EggChan\n|-unboost|p1a: EggChan|atk|1\n|-heal|p2a: Sinistcha|60/100\n|\n|-weather|Sandstorm|[upkeep]\n|-damage|p2a: Sinistcha|54/100|[from] Sandstorm\n|-damage|p1a: EggChan|69/100|[from] Sandstorm\n|upkeep\n|turn|8\n|\n|t:|1771222665\n|switch|p2a: Excadrill|Excadrill, F|100/100\n|move|p1a: EggChan|Soft-Boiled|p1a: EggChan\n|-heal|p1a: EggChan|100/100\n|\n|-weather|none\n|upkeep\n|turn|9\n|\n|t:|1771222673\n|switch|p1a: Poison|Gliscor, F, shiny|100/100 tox\n|move|p2a: Excadrill|Earthquake|p1a: Poison\n|-immune|p1a: Poison\n|\n|upkeep\n|turn|10\n|\n|t:|1771222677\n|switch|p2a: Sinistcha|Sinistcha-Masterpiece|54/100\n|move|p1a: Poison|Spikes|p2a: Sinistcha\n|-sidestart|p2: Cerberus 17|Spikes\n|\n|upkeep\n|turn|11\n|\n|t:|1771222686\n|switch|p1a: EggChan|Chansey, F, shiny|100/100\n|move|p2a: Sinistcha|Matcha Gotcha|p1a: EggChan\n|-damage|p1a: EggChan|92/100\n|-heal|p2a: Sinistcha|62/100|[from] drain|[of] p1a: EggChan\n|\n|upkeep\n|turn|12\n|\n|t:|1771222692\n|switch|p2a: Tyranitar|Tyranitar, M|100/100\n|-damage|p2a: Tyranitar|88/100|[from] Spikes\n|-weather|Sandstorm|[from] ability: Sand Stream|[of] p2a: Tyranitar\n|move|p1a: EggChan|Seismic Toss|p2a: Tyranitar\n|-damage|p2a: Tyranitar|63/100\n|\n|-weather|Sandstorm|[upkeep]\n|-damage|p1a: EggChan|85/100|[from] Sandstorm\n|upkeep\n|turn|13\n|\n|t:|1771222698\n|switch|p1a: Fish|Dondozo, F, shiny|87/100\n|move|p2a: Tyranitar|Knock Off|p1a: Fish\n|-damage|p1a: Fish|61/100\n|-enditem|p1a: Fish|Leftovers|[from] move: Knock Off|[of] p2a: Tyranitar\n|\n|-weather|Sandstorm|[upkeep]\n|-damage|p1a: Fish|55/100|[from] Sandstorm\n|upkeep\n|turn|14\n|\n|t:|1771222706\n|switch|p2a: Sinistcha|Sinistcha-Masterpiece|62/100\n|-damage|p2a: Sinistcha|50/100|[from] Spikes\n|move|p1a: Fish|Rest|p1a: Fish\n|-status|p1a: Fish|slp|[from] move: Rest\n|-heal|p1a: Fish|100/100 slp|[silent]\n|\n|-weather|Sandstorm|[upkeep]\n|-damage|p2a: Sinistcha|44/100|[from] Sandstorm\n|-damage|p1a: Fish|94/100 slp|[from] Sandstorm\n|upkeep\n|turn|15\n|\n|t:|1771222715\n|switch|p2a: Kartana|Kartana|100/100\n|-damage|p2a: Kartana|88/100|[from] Spikes\n|switch|p1a: hehhehe|Clodsire, F, shiny|100/100\n|\n|-weather|Sandstorm|[upkeep]\n|upkeep\n|turn|16\n|\n|t:|1771222724\n|switch|p1a: ThePex|Toxapex, F, shiny|100/100\n|move|p2a: Kartana|Leaf Blade|p1a: ThePex\n|-damage|p1a: ThePex|54/100\n|-damage|p2a: Kartana|72/100|[from] item: Rocky Helmet|[of] p1a: ThePex\n|\n|-weather|Sandstorm|[upkeep]\n|-damage|p1a: ThePex|48/100|[from] Sandstorm\n|upkeep\n|turn|17\n|\n|t:|1771222733\n|switch|p1a: Poison|Gliscor, F, shiny|100/100 tox\n|move|p2a: Kartana|Leaf Blade|p1a: Poison\n|-damage|p1a: Poison|47/100 tox\n|\n|-weather|Sandstorm|[upkeep]\n|-heal|p1a: Poison|59/100 tox|[from] ability: Poison Heal\n|upkeep\n|turn|18\n|\n|t:|1771222738\n|move|p1a: Poison|Protect|p1a: Poison\n|-singleturn|p1a: Poison|Protect\n|move|p2a: Kartana|Leaf Blade|p1a: Poison\n|-activate|p1a: Poison|move: Protect\n|\n|-weather|Sandstorm|[upkeep]\n|-heal|p1a: Poison|72/100 tox|[from] ability: Poison Heal\n|upkeep\n|turn|19\n|\n|t:|1771222741\n|move|p2a: Kartana|Leaf Blade|p1a: Poison\n|-damage|p1a: Poison|20/100 tox\n|move|p1a: Poison|Knock Off|p2a: Kartana\n|-damage|p2a: Kartana|51/100\n|-enditem|p2a: Kartana|Choice Scarf|[from] move: Knock Off|[of] p1a: Poison\n|\n|-weather|none\n|-heal|p1a: Poison|33/100 tox|[from] ability: Poison Heal\n|upkeep\n|turn|20\n|\n|t:|1771222749\n|move|p1a: Poison|Protect|p1a: Poison\n|-singleturn|p1a: Poison|Protect\n|move|p2a: Kartana|Leaf Blade|p1a: Poison\n|-activate|p1a: Poison|move: Protect\n|\n|-heal|p1a: Poison|45/100 tox|[from] ability: Poison Heal\n|upkeep\n|turn|21\n|\n|t:|1771222756\n|switch|p1a: ThePex|Toxapex, F, shiny|81/100\n|move|p2a: Kartana|Leaf Blade|p1a: ThePex\n|-damage|p1a: ThePex|35/100\n|-damage|p2a: Kartana|34/100|[from] item: Rocky Helmet|[of] p1a: ThePex\n|\n|upkeep\n|turn|22\n|\n|t:|1771222761\n|switch|p1a: Timid|Sableye-Mega, M, shiny|89/100\n|move|p2a: Kartana|Leaf Blade|p1a: Timid\n|-damage|p1a: Timid|45/100\n|\n|upkeep\n|turn|23\n|\n|t:|1771222772\n|switch|p2a: Sinistcha|Sinistcha-Masterpiece|44/100\n|-damage|p2a: Sinistcha|31/100|[from] Spikes\n|move|p1a: Timid|Protect||[still]\n|-fail|p1a: Timid\n|\n|upkeep\n|turn|24\n|\n|t:|1771222779\n|switch|p1a: EggChan|Chansey, F, shiny|85/100\n|move|p2a: Sinistcha|Matcha Gotcha|p1a: EggChan\n|-crit|p1a: EggChan\n|-damage|p1a: EggChan|72/100\n|-heal|p2a: Sinistcha|44/100|[from] drain|[of] p1a: EggChan\n|\n|upkeep\n|turn|25\n|\n|t:|1771222798\n|switch|p2a: Kommo-o|Kommo-o, M|100/100\n|-damage|p2a: Kommo-o|88/100|[from] Spikes\n|move|p1a: EggChan|Wish|p1a: EggChan\n|\n|upkeep\n|turn|26\n|\n|t:|1771222807\n|switch|p1a: ThePex|Toxapex, F, shiny|69/100\n|-zpower|p2a: Kommo-o\n|move|p2a: Kommo-o|Clangorous Soulblaze|p1a: ThePex|[zeffect]\n|-damage|p1a: ThePex|4/100\n|-boost|p2a: Kommo-o|atk|1\n|-boost|p2a: Kommo-o|def|1\n|-boost|p2a: Kommo-o|spa|1\n|-boost|p2a: Kommo-o|spd|1\n|-boost|p2a: Kommo-o|spe|1\n|\n|-heal|p1a: ThePex|100/100|[from] move: Wish|[wisher] EggChan\n|upkeep\n|turn|27\n|\n|t:|1771222818\n|switch|p1a: hehhehe|Clodsire, F, shiny|100/100\n|move|p2a: Kommo-o|Clanging Scales|p1a: hehhehe\n|-damage|p1a: hehhehe|73/100\n|-unboost|p2a: Kommo-o|def|1\n|\n|-heal|p1a: hehhehe|79/100|[from] item: Black Sludge\n|upkeep\n|turn|28\n|\n|t:|1771222831\n|switch|p2a: Excadrill|Excadrill, F|100/100\n|-damage|p2a: Excadrill|88/100|[from] Spikes\n|move|p1a: hehhehe|Stealth Rock|p2a: Excadrill\n|-sidestart|p2: Cerberus 17|move: Stealth Rock\n|\n|-heal|p1a: hehhehe|86/100|[from] item: Black Sludge\n|upkeep\n|turn|29\n|\n|t:|1771222838\n|switch|p1a: Timid|Sableye-Mega, M, shiny|45/100\n|move|p2a: Excadrill|Rapid Spin|p1a: Timid\n|-immune|p1a: Timid\n|\n|upkeep\n|turn|30\n|\n|t:|1771222843\n|switch|p2a: Tyranitar|Tyranitar, M|63/100\n|-damage|p2a: Tyranitar|51/100|[from] Spikes\n|-damage|p2a: Tyranitar|39/100|[from] Stealth Rock\n|-weather|Sandstorm|[from] ability: Sand Stream|[of] p2a: Tyranitar\n|move|p1a: Timid|Recover|p1a: Timid\n|-heal|p1a: Timid|95/100\n|\n|-weather|Sandstorm|[upkeep]\n|-damage|p1a: Timid|89/100|[from] Sandstorm\n|upkeep\n|turn|31\n|\n|t:|1771222857\n|switch|p2a: Kartana|Kartana|34/100\n|-damage|p2a: Kartana|22/100|[from] Spikes\n|-damage|p2a: Kartana|16/100|[from] Stealth Rock\n|move|p1a: Timid|Will-O-Wisp|p2a: Kartana\n|-status|p2a: Kartana|brn\n|\n|-weather|Sandstorm|[upkeep]\n|-damage|p1a: Timid|83/100|[from] Sandstorm\n|-damage|p2a: Kartana|9/100 brn|[from] brn\n|upkeep\n|turn|32\n|\n|t:|1771222864\n|move|p2a: Kartana|Leaf Blade|p1a: Timid\n|-damage|p1a: Timid|60/100\n|move|p1a: Timid|Recover|p1a: Timid\n|-heal|p1a: Timid|100/100\n|\n|-weather|Sandstorm|[upkeep]\n|-damage|p1a: Timid|95/100|[from] Sandstorm\n|-damage|p2a: Kartana|3/100 brn|[from] brn\n|upkeep\n|turn|33\n|\n|t:|1771222868\n|move|p1a: Timid|Protect|p1a: Timid\n|-singleturn|p1a: Timid|Protect\n|move|p2a: Kartana|Leaf Blade|p1a: Timid\n|-activate|p1a: Timid|move: Protect\n|\n|-weather|Sandstorm|[upkeep]\n|-damage|p1a: Timid|89/100|[from] Sandstorm\n|-damage|p2a: Kartana|0 fnt|[from] brn\n|faint|p2a: Kartana\n|upkeep\n|\n|t:|1771222873\n|switch|p2a: Diancie|Diancie|100/100\n|-damage|p2a: Diancie|88/100|[from] Spikes\n|-damage|p2a: Diancie|76/100|[from] Stealth Rock\n|turn|34\n|\n|t:|1771222882\n|switch|p1a: hehhehe|Clodsire, F, shiny|86/100\n|detailschange|p2a: Diancie|Diancie-Mega\n|-mega|p2a: Diancie|Diancie|Diancite\n|move|p2a: Diancie|Stealth Rock|p1a: hehhehe\n|-sidestart|p1: riderzitto5|move: Stealth Rock\n|\n|-weather|Sandstorm|[upkeep]\n|-heal|p1a: hehhehe|92/100|[from] item: Black Sludge\n|upkeep\n|turn|35\n|\n|t:|1771222889\n|switch|p2a: Tyranitar|Tyranitar, M|39/100\n|-damage|p2a: Tyranitar|26/100|[from] Spikes\n|-damage|p2a: Tyranitar|14/100|[from] Stealth Rock\n|move|p1a: hehhehe|Earthquake|p2a: Tyranitar\n|-supereffective|p2a: Tyranitar\n|-damage|p2a: Tyranitar|0 fnt\n|faint|p2a: Tyranitar\n|\n|-weather|Sandstorm|[upkeep]\n|-heal|p1a: hehhehe|98/100|[from] item: Black Sludge\n|upkeep\n|\n|t:|1771222895\n|switch|p2a: Excadrill|Excadrill, F|88/100\n|-damage|p2a: Excadrill|76/100|[from] Spikes\n|-damage|p2a: Excadrill|73/100|[from] Stealth Rock\n|turn|36\n|\n|t:|1771222900\n|switch|p1a: Timid|Sableye-Mega, M, shiny|89/100\n|-damage|p1a: Timid|76/100|[from] Stealth Rock\n|move|p2a: Excadrill|Iron Head|p1a: Timid\n|-damage|p1a: Timid|31/100\n|\n|-weather|Sandstorm|[upkeep]\n|-damage|p1a: Timid|25/100|[from] Sandstorm\n|upkeep\n|turn|37\n|\n|t:|1771222909\n|move|p1a: Timid|Protect|p1a: Timid\n|-singleturn|p1a: Timid|Protect\n|move|p2a: Excadrill|Iron Head|p1a: Timid\n|-activate|p1a: Timid|move: Protect\n|\n|-weather|none\n|upkeep\n|turn|38\n|\n|t:|1771222918\n|switch|p1a: Fish|Dondozo, F, shiny|94/100 slp\n|-damage|p1a: Fish|82/100 slp|[from] Stealth Rock\n|move|p2a: Excadrill|Iron Head|p1a: Fish\n|-resisted|p1a: Fish\n|-damage|p1a: Fish|67/100 slp\n|\n|upkeep\n|turn|39\n|\n|t:|1771222928\n|switch|p2a: Sinistcha|Sinistcha-Masterpiece|44/100\n|-damage|p2a: Sinistcha|31/100|[from] Spikes\n|-damage|p2a: Sinistcha|19/100|[from] Stealth Rock\n|switch|p1a: Poison|Gliscor, F, shiny|45/100 tox\n|-damage|p1a: Poison|33/100 tox|[from] Stealth Rock\n|\n|-heal|p1a: Poison|45/100 tox|[from] ability: Poison Heal\n|upkeep\n|turn|40\n|\n|t:|1771222935\n|move|p1a: Poison|Protect|p1a: Poison\n|-singleturn|p1a: Poison|Protect\n|move|p2a: Sinistcha|Strength Sap|p1a: Poison\n|-activate|p1a: Poison|move: Protect\n|\n|-heal|p1a: Poison|58/100 tox|[from] ability: Poison Heal\n|upkeep\n|turn|41\n|\n|t:|1771222947\n|switch|p1a: EggChan|Chansey, F, shiny|72/100\n|-damage|p1a: EggChan|59/100|[from] Stealth Rock\n|move|p2a: Sinistcha|Matcha Gotcha|p1a: EggChan|[miss]\n|-miss|p2a: Sinistcha|p1a: EggChan\n|\n|upkeep\n|turn|42\n|\n|t:|1771222956\n|switch|p2a: Diancie|Diancie-Mega|76/100\n|-damage|p2a: Diancie|63/100|[from] Spikes\n|-damage|p2a: Diancie|51/100|[from] Stealth Rock\n|move|p1a: EggChan|Soft-Boiled|p1a: EggChan\n|-heal|p1a: EggChan|100/100\n|\n|upkeep\n|turn|43\n|inactive|riderzitto5 has 120 seconds left.\n|\n|t:|1771223009\n|move|p2a: Diancie|Diamond Storm|p1a: EggChan\n|-damage|p1a: EggChan|62/100\n|-boost|p2a: Diancie|def|2\n|move|p1a: EggChan|Seismic Toss|p2a: Diancie\n|-damage|p2a: Diancie|9/100\n|\n|upkeep\n|turn|44\n|j| corvipelon\n|\n|t:|1771223022\n|move|p2a: Diancie|Diamond Storm|p1a: EggChan\n|-damage|p1a: EggChan|23/100\n|-boost|p2a: Diancie|def|2\n|move|p1a: EggChan|Soft-Boiled|p1a: EggChan\n|-heal|p1a: EggChan|73/100\n|\n|upkeep\n|turn|45\n|\n|t:|1771223026\n|move|p2a: Diancie|Diamond Storm|p1a: EggChan\n|-damage|p1a: EggChan|34/100\n|move|p1a: EggChan|Soft-Boiled|p1a: EggChan\n|-heal|p1a: EggChan|84/100\n|\n|upkeep\n|turn|46\n|\n|t:|1771223032\n|move|p2a: Diancie|Diamond Storm|p1a: EggChan\n|-damage|p1a: EggChan|46/100\n|-boost|p2a: Diancie|def|2\n|move|p1a: EggChan|Seismic Toss|p2a: Diancie\n|-damage|p2a: Diancie|0 fnt\n|faint|p2a: Diancie\n|detailschange|p2: Diancie|Diancie|[silent]\n|\n|upkeep\n|\n|t:|1771223037\n|switch|p2a: Kommo-o|Kommo-o, M|88/100\n|-damage|p2a: Kommo-o|76/100|[from] Spikes\n|-damage|p2a: Kommo-o|70/100|[from] Stealth Rock\n|turn|47\n|\n|t:|1771223053\n|switch|p1a: hehhehe|Clodsire, F, shiny|98/100\n|-damage|p1a: hehhehe|92/100|[from] Stealth Rock\n|move|p2a: Kommo-o|Clanging Scales|p1a: hehhehe\n|-damage|p1a: hehhehe|66/100\n|-unboost|p2a: Kommo-o|def|1\n|\n|-heal|p1a: hehhehe|72/100|[from] item: Black Sludge\n|upkeep\n|turn|48\n|-message|Cerberus 17 forfeited.\n|\n|win|riderzitto5\n|raw|riderzitto5's rating: 1783 &rarr; <strong>1800</strong><br />(+17 for winning)\n|raw|Cerberus 17's rating: 1722 &rarr; <strong>1705</strong><br />(-17 for losing)\n|l|☆Cerberus 17\n|player|p2|\n|l|☆riderzitto5\n|player|p1|\n", "uploadtime": 1771223238, "views": 10, "formatid": "gen9nationaldex", "rating": 1705, "private": 0, "password": null}