{"id": "gen9nationaldex-2540510446", "format": "[Gen 9] National Dex", "players": ["green bottle", "wuerling"], "log": "|j|☆green bottle\n|j|☆wuerling\n|t:|1771211087\n|gametype|singles\n|player|p1|green bottle|2|1556\n|player|p2|wuerling|266|1539\n|gen|9\n|tier|[Gen 9] National Dex\n|rated|\n|rule|HP Percentage Mod: HP is shown in percentages\n|rule|Endless Battle Clause: Forcing endless battles is banned\n|rule|Species Clause: Limit one of each Pokémon\n|rule|OHKO Clause: OHKO moves are banned\n|rule|Evasion Clause: Evasion abilities, items, and moves are banned\n|rule|Evasion Abilities Clause: Evasion abilities are banned\n|rule|Evasion Items Clause: Evasion items are banned\n|rule|Evasion Moves Clause: Evasion moves are banned\n|rule|Sleep Clause Mod: Limit one foe put to sleep\n|rule|Terastal Clause: You cannot Terastallize\n|clearpoke\n|poke|p1|Tyranitar, M|\n|poke|p1|Cinderace, F|\n|poke|p1|Melmetal|\n|poke|p1|Gyarados, F|\n|poke|p1|Slowking-Galar, M|\n|poke|p1|Zoroark-Hisui, M|\n|poke|p2|Terapagos, M|\n|poke|p2|Ogerpon-Wellspring, F|\n|poke|p2|Volcarona, F|\n|poke|p2|Zamazenta-*|\n|poke|p2|Hatterene, F|\n|poke|p2|Dragonite, F|\n|teampreview\n|inactive|Battle timer is ON: inactive players will automatically lose when time's up. (requested by green bottle)\n|\n|t:|1771211102\n|teamsize|p1|6\n|teamsize|p2|6\n|start\n|switch|p1a: Blitz|Slowking-Galar, M|100/100\n|switch|p2a: Volcarona|Volcarona, F|100/100\n|turn|1\n|\n|t:|1771211106\n|move|p2a: Volcarona|Quiver Dance|p2a: Volcarona\n|-boost|p2a: Volcarona|spa|1\n|-boost|p2a: Volcarona|spd|1\n|-boost|p2a: Volcarona|spe|1\n|move|p1a: Blitz|Thunder Wave|p2a: Volcarona\n|-status|p2a: Volcarona|par\n|\n|upkeep\n|turn|2\n|\n|t:|1771211109\n|switch|p1a: Gogmazios|Tyranitar, M|100/100\n|-weather|Sandstorm|[from] ability: Sand Stream|[of] p1a: Gogmazios\n|move|p2a: Volcarona|Fiery Dance|p1a: Gogmazios\n|-resisted|p1a: Gogmazios\n|-damage|p1a: Gogmazios|91/100\n|-boost|p2a: Volcarona|spa|1\n|\n|-weather|Sandstorm|[upkeep]\n|-damage|p2a: Volcarona|94/100 par|[from] Sandstorm\n|-heal|p2a: Volcarona|100/100 par|[from] item: Leftovers\n|upkeep\n|turn|3\n|\n|t:|1771211116\n|move|p2a: Volcarona|Bug Buzz|p1a: Gogmazios\n|-supereffective|p1a: Gogmazios\n|-damage|p1a: Gogmazios|33/100\n|move|p1a: Gogmazios|Rock Slide|p2a: Volcarona\n|-supereffective|p2a: Volcarona\n|-damage|p2a: Volcarona|0 fnt\n|faint|p2a: Volcarona\n|\n|-weather|Sandstorm|[upkeep]\n|upkeep\n|\n|t:|1771211130\n|switch|p2a: Zamazenta|Zamazenta|100/100\n|-ability|p2a: Zamazenta|Dauntless Shield|boost\n|-boost|p2a: Zamazenta|def|1\n|turn|4\n|\n|t:|1771211134\n|switch|p1a: Blitz|Slowking-Galar, M|100/100\n|move|p2a: Zamazenta|Substitute|p2a: Zamazenta\n|-start|p2a: Zamazenta|Substitute\n|-damage|p2a: Zamazenta|76/100\n|\n|-weather|Sandstorm|[upkeep]\n|-damage|p2a: Zamazenta|69/100|[from] Sandstorm\n|-damage|p1a: Blitz|94/100|[from] Sandstorm\n|-heal|p2a: Zamazenta|76/100|[from] item: Leftovers\n|upkeep\n|turn|5\n|\n|t:|1771211137\n|move|p2a: Zamazenta|Iron Defense|p2a: Zamazenta\n|-boost|p2a: Zamazenta|def|2\n|move|p1a: Blitz|Flamethrower|p2a: Zamazenta\n|-crit|p2a: Zamazenta\n|-end|p2a: Zamazenta|Substitute\n|\n|-weather|Sandstorm|[upkeep]\n|-damage|p2a: Zamazenta|69/100|[from] Sandstorm\n|-damage|p1a: Blitz|88/100|[from] Sandstorm\n|-heal|p2a: Zamazenta|76/100|[from] item: Leftovers\n|upkeep\n|turn|6\n|\n|t:|1771211143\n|move|p2a: Zamazenta|Body Press|p1a: Blitz\n|-resisted|p1a: Blitz\n|-damage|p1a: Blitz|71/100\n|-damage|p2a: Zamazenta|59/100|[from] item: Rocky Helmet|[of] p1a: Blitz\n|move|p1a: Blitz|Future Sight|p2a: Zamazenta\n|-start|p1a: Blitz|move: Future Sight\n|\n|-weather|none\n|-heal|p2a: Zamazenta|65/100|[from] item: Leftovers\n|upkeep\n|turn|7\n|\n|t:|1771211147\n|move|p2a: Zamazenta|Substitute|p2a: Zamazenta\n|-start|p2a: Zamazenta|Substitute\n|-damage|p2a: Zamazenta|40/100\n|move|p1a: Blitz|Flamethrower|p2a: Zamazenta\n|-activate|p2a: Zamazenta|move: Substitute|[damage]\n|\n|-heal|p2a: Zamazenta|46/100|[from] item: Leftovers\n|upkeep\n|turn|8\n|\n|t:|1771211152\n|move|p2a: Zamazenta|Crunch|p1a: Blitz\n|-supereffective|p1a: Blitz\n|-damage|p1a: Blitz|36/100\n|-damage|p2a: Zamazenta|30/100|[from] item: Rocky Helmet|[of] p1a: Blitz\n|move|p1a: Blitz|Flamethrower|p2a: Zamazenta\n|-end|p2a: Zamazenta|Substitute\n|\n|-end|p2a: Zamazenta|move: Future Sight\n|-supereffective|p2a: Zamazenta\n|-damage|p2a: Zamazenta|0 fnt\n|faint|p2a: Zamazenta\n|upkeep\n|\n|t:|1771211167\n|switch|p2a: Hatterene|Hatterene, F|100/100\n|turn|9\n|\n|t:|1771211170\n|switch|p1a: Gogmazios|Tyranitar, M|33/100\n|-weather|Sandstorm|[from] ability: Sand Stream|[of] p1a: Gogmazios\n|move|p2a: Hatterene|Calm Mind|p2a: Hatterene\n|-boost|p2a: Hatterene|spa|1\n|-boost|p2a: Hatterene|spd|1\n|\n|-weather|Sandstorm|[upkeep]\n|-damage|p2a: Hatterene|95/100|[from] Sandstorm\n|-heal|p2a: Hatterene|100/100|[from] item: Leftovers\n|upkeep\n|turn|10\n|\n|t:|1771211173\n|move|p1a: Gogmazios|Earthquake|p2a: Hatterene\n|-damage|p2a: Hatterene|68/100\n|move|p2a: Hatterene|Draining Kiss|p1a: Gogmazios\n|-supereffective|p1a: Gogmazios\n|-damage|p1a: Gogmazios|9/100\n|-heal|p2a: Hatterene|92/100|[from] drain|[of] p1a: Gogmazios\n|\n|-weather|Sandstorm|[upkeep]\n|-damage|p2a: Hatterene|86/100|[from] Sandstorm\n|-heal|p2a: Hatterene|92/100|[from] item: Leftovers\n|upkeep\n|turn|11\n|\n|t:|1771211176\n|move|p1a: Gogmazios|Rock Slide|p2a: Hatterene\n|-damage|p2a: Hatterene|54/100\n|cant|p2a: Hatterene|flinch\n|\n|-weather|Sandstorm|[upkeep]\n|-damage|p2a: Hatterene|48/100|[from] Sandstorm\n|-heal|p2a: Hatterene|54/100|[from] item: Leftovers\n|upkeep\n|turn|12\n|\n|t:|1771211182\n|move|p1a: Gogmazios|Rock Slide|p2a: Hatterene\n|-damage|p2a: Hatterene|17/100\n|move|p2a: Hatterene|Draining Kiss|p1a: Gogmazios\n|-supereffective|p1a: Gogmazios\n|-damage|p1a: Gogmazios|0 fnt\n|-heal|p2a: Hatterene|25/100|[from] drain|[of] p1a: Gogmazios\n|faint|p1a: Gogmazios\n|\n|-weather|Sandstorm|[upkeep]\n|-damage|p2a: Hatterene|19/100|[from] Sandstorm\n|-heal|p2a: Hatterene|25/100|[from] item: Leftovers\n|upkeep\n|\n|t:|1771211186\n|switch|p1a: Pyra|Cinderace, F, shiny|100/100\n|turn|13\n|\n|t:|1771211191\n|move|p1a: Pyra|U-turn|p2a: Hatterene\n|-start|p1a: Pyra|typechange|Bug|[from] ability: Libero\n|-damage|p2a: Hatterene|0 fnt\n|faint|p2a: Hatterene\n|\n|t:|1771211195\n|switch|p1a: Mythra|Gyarados, F, shiny|100/100|[from] U-turn\n|\n|-weather|none\n|upkeep\n|\n|t:|1771211206\n|switch|p2a: Dragonite|Dragonite, F|100/100\n|turn|14\n|\n|t:|1771211209\n|move|p1a: Mythra|Trick||[still]\n|-fail|p1a: Mythra\n|move|p2a: Dragonite|Dragon Dance|p2a: Dragonite\n|-boost|p2a: Dragonite|atk|1\n|-boost|p2a: Dragonite|spe|1\n|\n|upkeep\n|turn|15\n|\n|t:|1771211213\n|switch|p1a: Kuon|Melmetal|100/100\n|move|p2a: Dragonite|Substitute|p2a: Dragonite\n|-start|p2a: Dragonite|Substitute\n|-damage|p2a: Dragonite|76/100\n|\n|upkeep\n|turn|16\n|\n|t:|1771211215\n|move|p2a: Dragonite|Dragon Dance|p2a: Dragonite\n|-boost|p2a: Dragonite|atk|1\n|-boost|p2a: Dragonite|spe|1\n|move|p1a: Kuon|Ice Punch|p2a: Dragonite\n|-supereffective|p2a: Dragonite\n|-crit|p2a: Dragonite\n|-end|p2a: Dragonite|Substitute\n|\n|upkeep\n|turn|17\n|\n|t:|1771211223\n|move|p2a: Dragonite|Earthquake|p1a: Kuon\n|-supereffective|p1a: Kuon\n|-damage|p1a: Kuon|23/100\n|move|p1a: Kuon|Ice Punch|p2a: Dragonite\n|-supereffective|p2a: Dragonite\n|-damage|p2a: Dragonite|0 fnt\n|faint|p2a: Dragonite\n|\n|-heal|p1a: Kuon|29/100|[from] item: Leftovers\n|upkeep\n|\n|t:|1771211233\n|switch|p2a: Ogerpon|Ogerpon-Wellspring, F|100/100\n|turn|18\n|\n|t:|1771211239\n|move|p2a: Ogerpon|Swords Dance|p2a: Ogerpon\n|-boost|p2a: Ogerpon|atk|2\n|move|p1a: Kuon|Thunder Wave|p2a: Ogerpon\n|-status|p2a: Ogerpon|par\n|\n|-heal|p1a: Kuon|35/100|[from] item: Leftovers\n|upkeep\n|turn|19\n|\n|t:|1771211241\n|move|p2a: Ogerpon|Ivy Cudgel|p1a: Kuon|[anim] Ivy Cudgel Water\n|-damage|p1a: Kuon|0 fnt\n|faint|p1a: Kuon\n|\n|upkeep\n|\n|t:|1771211244\n|switch|p1a: Pyra|Cinderace, F, shiny|100/100\n|turn|20\n|\n|t:|1771211246\n|move|p1a: Pyra|U-turn|p2a: Ogerpon\n|-start|p1a: Pyra|typechange|Bug|[from] ability: Libero\n|-supereffective|p2a: Ogerpon\n|-damage|p2a: Ogerpon|15/100 par\n|\n|t:|1771211249\n|switch|p1a: Blitz|Slowking-Galar, M|69/100|[from] U-turn\n|cant|p2a: Ogerpon|par\n|\n|upkeep\n|turn|21\n|\n|t:|1771211255\n|move|p2a: Ogerpon|Ivy Cudgel|p1a: Blitz|[anim] Ivy Cudgel Water\n|-crit|p1a: Blitz\n|-damage|p1a: Blitz|0 fnt\n|faint|p1a: Blitz\n|\n|upkeep\n|\n|t:|1771211258\n|switch|p1a: Pyra|Cinderace, F, shiny|100/100\n|turn|22\n|\n|t:|1771211260\n|move|p1a: Pyra|U-turn|p2a: Ogerpon\n|-start|p1a: Pyra|typechange|Bug|[from] ability: Libero\n|-supereffective|p2a: Ogerpon\n|-damage|p2a: Ogerpon|0 fnt\n|faint|p2a: Ogerpon\n|\n|t:|1771211263\n|switch|p1a: Mythra|Gyarados, F, shiny|100/100|[from] U-turn\n|\n|upkeep\n|\n|t:|1771211265\n|switch|p2a: Terapagos|Terapagos, M|100/100\n|-activate|p2a: Terapagos|ability: Tera Shift\n|detailschange|p2a: Terapagos|Terapagos-Terastal, M\n|-heal|p2a: Terapagos|100/100|[silent]\n|turn|23\n|\n|t:|1771211270\n|move|p1a: Mythra|Hyper Voice|p2a: Terapagos\n|-activate|p2a: Terapagos|ability: Tera Shell\n|-resisted|p2a: Terapagos\n|-damage|p2a: Terapagos|78/100\n|move|p2a: Terapagos|Earth Power|p1a: Mythra\n|-damage|p1a: Mythra|46/100\n|replace|p1a: Yugo|Zoroark-Hisui, M, shiny\n|-end|p1a: Yugo|Illusion\n|\n|-heal|p2a: Terapagos|84/100|[from] item: Leftovers\n|upkeep\n|turn|24\n|\n|t:|1771211276\n|move|p1a: Yugo|Hyper Voice|p2a: Terapagos\n|-damage|p2a: Terapagos|43/100\n|move|p2a: Terapagos|Earth Power|p1a: Yugo\n|-damage|p1a: Yugo|0 fnt\n|faint|p1a: Yugo\n|\n|-heal|p2a: Terapagos|49/100|[from] item: Leftovers\n|upkeep\n|\n|t:|1771211279\n|switch|p1a: Mythra|Gyarados, F, shiny|100/100\n|-ability|p1a: Mythra|Intimidate|boost\n|-unboost|p2a: Terapagos|atk|1\n|turn|25\n|\n|t:|1771211285\n|detailschange|p1a: Mythra|Gyarados-Mega, F, shiny\n|-mega|p1a: Mythra|Gyarados|Gyaradosite\n|-ability|p1a: Mythra|Mold Breaker\n|move|p2a: Terapagos|Rapid Spin|p1a: Mythra\n|-damage|p1a: Mythra|91/100\n|-boost|p2a: Terapagos|spe|1\n|move|p1a: Mythra|Dragon Dance|p1a: Mythra\n|-boost|p1a: Mythra|atk|1\n|-boost|p1a: Mythra|spe|1\n|\n|-heal|p2a: Terapagos|55/100|[from] item: Leftovers\n|upkeep\n|turn|26\n|\n|t:|1771211288\n|move|p2a: Terapagos|Tera Starstorm|p1a: Mythra\n|-damage|p1a: Mythra|45/100\n|move|p1a: Mythra|Crunch|p2a: Terapagos\n|-damage|p2a: Terapagos|0 fnt\n|faint|p2a: Terapagos\n|\n|win|green bottle\n|raw|green bottle's rating: 1556 &rarr; <strong>1575</strong><br />(+19 for winning)\n|raw|wuerling's rating: 1539 &rarr; <strong>1520</strong><br />(-19 for losing)\n|l|☆green bottle\n|player|p1|\n|l|☆wuerling\n|player|p2|\n", "uploadtime": 1771211589, "views": 6, "formatid": "gen9nationaldex", "rating": 1520, "private": 0, "password": null}