{"id": "gen9nationaldex-2540274970", "format": "[Gen 9] National Dex", "players": ["TheHouseFell", "maximilk"], "log": "|j|☆TheHouseFell\n|j|☆maximilk\n|t:|1771183479\n|gametype|singles\n|player|p1|TheHouseFell|ingo|1610\n|player|p2|maximilk|veteran|1587\n|gen|9\n|tier|[Gen 9] National Dex\n|rated|\n|rule|HP Percentage Mod: HP is shown in percentages\n|rule|Endless Battle Clause: Forcing endless battles is banned\n|rule|Species Clause: Limit one of each Pokémon\n|rule|OHKO Clause: OHKO moves are banned\n|rule|Evasion Clause: Evasion abilities, items, and moves are banned\n|rule|Evasion Abilities Clause: Evasion abilities are banned\n|rule|Evasion Items Clause: Evasion items are banned\n|rule|Evasion Moves Clause: Evasion moves are banned\n|rule|Sleep Clause Mod: Limit one foe put to sleep\n|rule|Terastal Clause: You cannot Terastallize\n|clearpoke\n|poke|p1|Greninja-*, M|\n|poke|p1|Zapdos|\n|poke|p1|Kingambit, M|\n|poke|p1|Diancie|\n|poke|p1|Garchomp, M|\n|poke|p1|Gholdengo|\n|poke|p2|Tapu Koko|\n|poke|p2|Regieleki|\n|poke|p2|Latios, M|\n|poke|p2|Iron Jugulis|\n|poke|p2|Iron Leaves|\n|poke|p2|Iron Treads|\n|teampreview\n|\n|t:|1771183504\n|teamsize|p1|6\n|teamsize|p2|6\n|start\n|switch|p1a: Gholdengo|Gholdengo|100/100\n|switch|p2a: Tapu Koko|Tapu Koko|100/100\n|-fieldstart|move: Electric Terrain|[from] ability: Electric Surge|[of] p2a: Tapu Koko\n|turn|1\n|\n|t:|1771183516\n|move|p2a: Tapu Koko|Light Screen|p2a: Tapu Koko\n|-sidestart|p2: maximilk|move: Light Screen\n|move|p1a: Gholdengo|Shadow Ball|p2a: Tapu Koko\n|-damage|p2a: Tapu Koko|77/100\n|-unboost|p2a: Tapu Koko|spd|1\n|\n|upkeep\n|turn|2\n|\n|t:|1771183520\n|move|p2a: Tapu Koko|U-turn|p1a: Gholdengo\n|-resisted|p1a: Gholdengo\n|-damage|p1a: Gholdengo|97/100\n|\n|t:|1771183524\n|switch|p2a: Iron Jugulis|Iron Jugulis|100/100|[from] U-turn\n|-activate|p2a: Iron Jugulis|ability: Quark Drive\n|-start|p2a: Iron Jugulis|quarkdrivespe\n|move|p1a: Gholdengo|Nasty Plot|p1a: Gholdengo\n|-boost|p1a: Gholdengo|spa|2\n|\n|upkeep\n|turn|3\n|\n|t:|1771183532\n|switch|p1a: Garchomp|Garchomp, M|100/100\n|move|p2a: Iron Jugulis|Meteor Beam||[still]\n|-prepare|p2a: Iron Jugulis|Meteor Beam\n|-boost|p2a: Iron Jugulis|spa|1\n|-enditem|p2a: Iron Jugulis|Power Herb\n|-anim|p2a: Iron Jugulis|Meteor Beam|p1a: Garchomp\n|-resisted|p1a: Garchomp\n|-damage|p1a: Garchomp|81/100\n|\n|-heal|p1a: Garchomp|88/100|[from] item: Leftovers\n|upkeep\n|turn|4\n|\n|t:|1771183538\n|move|p2a: Iron Jugulis|Hurricane|p1a: Garchomp|[miss]\n|-miss|p2a: Iron Jugulis|p1a: Garchomp\n|move|p1a: Garchomp|Toxic|p2a: Iron Jugulis\n|-status|p2a: Iron Jugulis|tox\n|\n|-heal|p1a: Garchomp|94/100|[from] item: Leftovers\n|-damage|p2a: Iron Jugulis|94/100 tox|[from] psn\n|upkeep\n|turn|5\n|\n|t:|1771183544\n|move|p2a: Iron Jugulis|Hurricane|p1a: Garchomp|[miss]\n|-miss|p2a: Iron Jugulis|p1a: Garchomp\n|move|p1a: Garchomp|Stealth Rock|p2a: Iron Jugulis\n|-sidestart|p2: maximilk|move: Stealth Rock\n|\n|-heal|p1a: Garchomp|99/100|[from] item: Leftovers\n|-damage|p2a: Iron Jugulis|82/100 tox|[from] psn\n|-sideend|p2: maximilk|move: Light Screen\n|upkeep\n|turn|6\n|\n|t:|1771183550\n|move|p1a: Garchomp|Protect|p1a: Garchomp\n|-singleturn|p1a: Garchomp|Protect\n|move|p2a: Iron Jugulis|Hurricane|p1a: Garchomp\n|-activate|p1a: Garchomp|move: Protect\n|\n|-heal|p1a: Garchomp|100/100|[from] item: Leftovers\n|-damage|p2a: Iron Jugulis|64/100 tox|[from] psn\n|upkeep\n|turn|7\n|\n|t:|1771183558\n|switch|p1a: Diancie|Diancie|100/100\n|move|p2a: Iron Jugulis|Hurricane|p1a: Diancie|[miss]\n|-miss|p2a: Iron Jugulis|p1a: Diancie\n|\n|-damage|p2a: Iron Jugulis|40/100 tox|[from] psn\n|upkeep\n|turn|8\n|\n|t:|1771183568\n|switch|p1a: Garchomp|Garchomp, M|100/100\n|move|p2a: Iron Jugulis|Hydro Pump|p1a: Garchomp\n|-damage|p1a: Garchomp|62/100\n|\n|-heal|p1a: Garchomp|69/100|[from] item: Leftovers\n|-damage|p2a: Iron Jugulis|9/100 tox|[from] psn\n|-fieldend|move: Electric Terrain\n|-end|p2a: Iron Jugulis|Quark Drive\n|upkeep\n|turn|9\n|c|☆TheHouseFell|mb\n|\n|t:|1771183576\n|move|p1a: Garchomp|Protect|p1a: Garchomp\n|-singleturn|p1a: Garchomp|Protect\n|move|p2a: Iron Jugulis|Dark Pulse|p1a: Garchomp\n|-activate|p1a: Garchomp|move: Protect\n|\n|-heal|p1a: Garchomp|75/100|[from] item: Leftovers\n|-damage|p2a: Iron Jugulis|0 fnt|[from] psn\n|faint|p2a: Iron Jugulis\n|-end|p2a: Iron Jugulis|Quark Drive|[silent]\n|upkeep\n|\n|t:|1771183583\n|switch|p2a: Latios|Latios, M|100/100\n|-damage|p2a: Latios|88/100|[from] Stealth Rock\n|turn|10\n|\n|t:|1771183586\n|detailschange|p2a: Latios|Latios-Mega, M\n|-mega|p2a: Latios|Latios|Latiosite\n|move|p1a: Garchomp|Protect||[still]\n|-fail|p1a: Garchomp\n|move|p2a: Latios|Future Sight|p1a: Garchomp\n|-start|p2a: Latios|move: Future Sight\n|\n|-heal|p1a: Garchomp|81/100|[from] item: Leftovers\n|upkeep\n|turn|11\n|\n|t:|1771183592\n|move|p2a: Latios|Dragon Pulse|p1a: Garchomp\n|-supereffective|p1a: Garchomp\n|-damage|p1a: Garchomp|6/100\n|move|p1a: Garchomp|Toxic|p2a: Latios\n|-status|p2a: Latios|tox\n|\n|-heal|p1a: Garchomp|12/100|[from] item: Leftovers\n|-damage|p2a: Latios|82/100 tox|[from] psn\n|upkeep\n|turn|12\n|\n|t:|1771183600\n|switch|p1a: Kingambit|Kingambit, M|100/100\n|move|p2a: Latios|Dragon Pulse|p1a: Kingambit\n|-resisted|p1a: Kingambit\n|-damage|p1a: Kingambit|65/100\n|\n|-end|p1a: Kingambit|move: Future Sight\n|-immune|p1a: Kingambit\n|-heal|p1a: Kingambit|72/100|[from] item: Leftovers\n|-damage|p2a: Latios|70/100 tox|[from] psn\n|upkeep\n|turn|13\n|\n|t:|1771183607\n|move|p2a: Latios|Aura Sphere|p1a: Kingambit\n|-supereffective|p1a: Kingambit\n|-damage|p1a: Kingambit|0 fnt\n|faint|p1a: Kingambit\n|-end|p1a: Kingambit|fallenundefined|[silent]\n|\n|-damage|p2a: Latios|52/100 tox|[from] psn\n|upkeep\n|\n|t:|1771183610\n|switch|p1a: Gholdengo|Gholdengo|97/100\n|turn|14\n|\n|t:|1771183619\n|move|p2a: Latios|Future Sight|p1a: Gholdengo\n|-start|p2a: Latios|move: Future Sight\n|move|p1a: Gholdengo|Shadow Ball|p2a: Latios\n|-supereffective|p2a: Latios\n|-damage|p2a: Latios|0 fnt\n|faint|p2a: Latios\n|detailschange|p2: Latios|Latios, M|[silent]\n|\n|upkeep\n|\n|t:|1771183626\n|switch|p2a: Tapu Koko|Tapu Koko|77/100\n|-damage|p2a: Tapu Koko|65/100|[from] Stealth Rock\n|-fieldstart|move: Electric Terrain|[from] ability: Electric Surge|[of] p2a: Tapu Koko\n|turn|15\n|\n|t:|1771183629\n|move|p2a: Tapu Koko|Light Screen|p2a: Tapu Koko\n|-sidestart|p2: maximilk|move: Light Screen\n|move|p1a: Gholdengo|Nasty Plot|p1a: Gholdengo\n|-boost|p1a: Gholdengo|spa|2\n|\n|upkeep\n|turn|16\n|\n|t:|1771183634\n|move|p2a: Tapu Koko|U-turn|p1a: Gholdengo\n|-resisted|p1a: Gholdengo\n|-damage|p1a: Gholdengo|94/100\n|\n|t:|1771183636\n|switch|p2a: Iron Treads|Iron Treads|100/100|[from] U-turn\n|-damage|p2a: Iron Treads|97/100|[from] Stealth Rock\n|-item|p2a: Iron Treads|Air Balloon\n|-activate|p2a: Iron Treads|ability: Quark Drive\n|-start|p2a: Iron Treads|quarkdrivespe\n|-zpower|p1a: Gholdengo\n|move|p1a: Gholdengo|Never-Ending Nightmare|p2a: Iron Treads|[zeffect]\n|-damage|p2a: Iron Treads|6/100\n|-enditem|p2a: Iron Treads|Air Balloon\n|\n|-end|p1a: Gholdengo|move: Future Sight\n|-resisted|p1a: Gholdengo\n|-damage|p1a: Gholdengo|64/100\n|upkeep\n|turn|17\n|\n|t:|1771183653\n|switch|p1a: Garchomp|Garchomp, M|12/100\n|move|p2a: Iron Treads|Earthquake|p1a: Garchomp\n|-damage|p1a: Garchomp|0 fnt\n|faint|p1a: Garchomp\n|\n|upkeep\n|\n|t:|1771183659\n|switch|p1a: Zapdos|Zapdos|100/100\n|turn|18\n|\n|t:|1771183662\n|move|p2a: Iron Treads|Rapid Spin|p1a: Zapdos\n|-damage|p1a: Zapdos|89/100\n|-boost|p2a: Iron Treads|spe|1\n|-sideend|p2: maximilk|Stealth Rock|[from] move: Rapid Spin|[of] p2a: Iron Treads\n|move|p1a: Zapdos|Heat Wave|p2a: Iron Treads\n|-supereffective|p2a: Iron Treads\n|-damage|p2a: Iron Treads|0 fnt\n|faint|p2a: Iron Treads\n|-end|p2a: Iron Treads|Quark Drive|[silent]\n|\n|upkeep\n|\n|t:|1771183668\n|switch|p2a: Regieleki|Regieleki|100/100\n|turn|19\n|\n|t:|1771183676\n|move|p2a: Regieleki|Rising Voltage|p1a: Zapdos\n|-damage|p1a: Zapdos|16/100\n|move|p1a: Zapdos|Volt Switch|p2a: Regieleki\n|-resisted|p2a: Regieleki\n|-damage|p2a: Regieleki|86/100\n|\n|t:|1771183690\n|switch|p1a: Diancie|Diancie|100/100|[from] Volt Switch\n|\n|-sideend|p2: maximilk|move: Light Screen\n|upkeep\n|turn|20\n|\n|t:|1771183700\n|switch|p1a: Zapdos|Zapdos|16/100\n|move|p2a: Regieleki|Rising Voltage|p1a: Zapdos\n|-damage|p1a: Zapdos|0 fnt\n|faint|p1a: Zapdos\n|\n|upkeep\n|-message|TheHouseFell forfeited.\n|\n|win|maximilk\n|raw|TheHouseFell's rating: 1610 &rarr; <strong>1589</strong><br />(-21 for losing)\n|raw|maximilk's rating: 1587 &rarr; <strong>1608</strong><br />(+21 for winning)\n|l|☆TheHouseFell\n|player|p1|\n|l|☆maximilk\n|player|p2|\n", "uploadtime": 1771183952, "views": 14, "formatid": "gen9nationaldex", "rating": 1589, "private": 0, "password": null}