{"id": "gen9nationaldex-2540591918", "format": "[Gen 9] National Dex", "players": ["AgencyBlundAMD", "iammistagrinch"], "log": "|j|‽AgencyBlundAMD\n|j|☆iammistagrinch\n|t:|1771223343\n|gametype|singles\n|player|p1|AgencyBlundAMD|artist-gen4|1646\n|player|p2|iammistagrinch|102|1622\n|gen|9\n|tier|[Gen 9] National Dex\n|rated|\n|rule|HP Percentage Mod: HP is shown in percentages\n|rule|Endless Battle Clause: Forcing endless battles is banned\n|rule|Species Clause: Limit one of each Pokémon\n|rule|OHKO Clause: OHKO moves are banned\n|rule|Evasion Clause: Evasion abilities, items, and moves are banned\n|rule|Evasion Abilities Clause: Evasion abilities are banned\n|rule|Evasion Items Clause: Evasion items are banned\n|rule|Evasion Moves Clause: Evasion moves are banned\n|rule|Sleep Clause Mod: Limit one foe put to sleep\n|rule|Terastal Clause: You cannot Terastallize\n|clearpoke\n|poke|p1|Dragonite, M|\n|poke|p1|Garchomp, M|\n|poke|p1|Nidoking, M|\n|poke|p1|Ribombee, M|\n|poke|p1|Ting-Lu|\n|poke|p1|Gholdengo|\n|poke|p2|Celesteela|\n|poke|p2|Terapagos, M|\n|poke|p2|Kommo-o, F|\n|poke|p2|Venusaur, F|\n|poke|p2|Dragonite, F|\n|poke|p2|Ting-Lu|\n|teampreview\n|inactive|Battle timer is ON: inactive players will automatically lose when time's up. (requested by iammistagrinch)\n|\n|t:|1771223363\n|teamsize|p1|6\n|teamsize|p2|6\n|start\n|switch|p1a: Ting-Lu|Ting-Lu|100/100\n|switch|p2a: Terapagos|Terapagos, M|100/100\n|-activate|p2a: Terapagos|ability: Tera Shift\n|detailschange|p2a: Terapagos|Terapagos-Terastal, M\n|-heal|p2a: Terapagos|100/100|[silent]\n|-ability|p1a: Ting-Lu|Vessel of Ruin\n|turn|1\n|\n|t:|1771223375\n|switch|p2a: Dragonite|Dragonite, F|100/100\n|move|p1a: Ting-Lu|Ruination|p2a: Dragonite\n|-damage|p2a: Dragonite|51/100\n|\n|upkeep\n|turn|2\n|\n|t:|1771223381\n|move|p2a: Dragonite|Outrage|p1a: Ting-Lu\n|-damage|p1a: Ting-Lu|43/100\n|move|p1a: Ting-Lu|Stealth Rock|p2a: Dragonite\n|-sidestart|p2: iammistagrinch|move: Stealth Rock\n|\n|-heal|p1a: Ting-Lu|50/100|[from] item: Leftovers\n|upkeep\n|turn|3\n|\n|t:|1771223390\n|switch|p1a: Ribombee|Ribombee, M|100/100\n|move|p2a: Dragonite|Outrage|p1a: Ribombee|[from] lockedmove\n|-immune|p1a: Ribombee\n|-start|p2a: Dragonite|confusion|[fatigue]\n|\n|upkeep\n|turn|4\n|\n|t:|1771223394\n|switch|p2a: Celesteela|Celesteela|100/100\n|-damage|p2a: Celesteela|88/100|[from] Stealth Rock\n|move|p1a: Ribombee|Moonblast|p2a: Celesteela\n|-resisted|p2a: Celesteela\n|-damage|p2a: Celesteela|74/100\n|-unboost|p2a: Celesteela|spa|1\n|\n|upkeep\n|turn|5\n|j| corvipelon\n|\n|t:|1771223403\n|switch|p1a: Gholdengo|Gholdengo|100/100\n|move|p2a: Celesteela|Flame Charge|p1a: Gholdengo\n|-supereffective|p1a: Gholdengo\n|-damage|p1a: Gholdengo|67/100\n|-boost|p2a: Celesteela|spe|1\n|\n|upkeep\n|turn|6\n|\n|t:|1771223417\n|move|p1a: Gholdengo|Trick|p2a: Celesteela\n|-activate|p1a: Gholdengo|move: Trick|[of] p2a: Celesteela\n|-item|p2a: Celesteela|Choice Scarf|[from] move: Trick\n|-item|p1a: Gholdengo|Assault Vest|[from] move: Trick\n|move|p2a: Celesteela|Earthquake|p1a: Gholdengo\n|-supereffective|p1a: Gholdengo\n|-damage|p1a: Gholdengo|3/100\n|\n|upkeep\n|turn|7\n|\n|t:|1771223423\n|switch|p1a: Dragonite|Dragonite, M|100/100\n|move|p2a: Celesteela|Earthquake|p1a: Dragonite\n|-immune|p1a: Dragonite\n|\n|upkeep\n|turn|8\n|\n|t:|1771223432\n|switch|p2a: Terapagos|Terapagos-Terastal, M|100/100\n|switch|p1a: Ribombee|Ribombee, M|100/100\n|\n|upkeep\n|turn|9\n|\n|t:|1771223437\n|move|p1a: Ribombee|Stun Spore|p2a: Terapagos\n|-status|p2a: Terapagos|par\n|cant|p2a: Terapagos|par\n|\n|upkeep\n|turn|10\n|\n|t:|1771223441\n|move|p1a: Ribombee|Moonblast|p2a: Terapagos\n|-activate|p2a: Terapagos|ability: Tera Shell\n|-resisted|p2a: Terapagos\n|-damage|p2a: Terapagos|83/100 par\n|move|p2a: Terapagos|Rapid Spin|p1a: Ribombee\n|-crit|p1a: Ribombee\n|-damage|p1a: Ribombee|55/100\n|-boost|p2a: Terapagos|spe|1\n|-sideend|p2: iammistagrinch|Stealth Rock|[from] move: Rapid Spin|[of] p2a: Terapagos\n|\n|upkeep\n|turn|11\n|\n|t:|1771223449\n|switch|p1a: Gholdengo|Gholdengo|3/100\n|cant|p2a: Terapagos|par\n|\n|upkeep\n|turn|12\n|\n|t:|1771223453\n|move|p1a: Gholdengo|Make It Rain|p2a: Terapagos\n|-damage|p2a: Terapagos|27/100 par\n|-unboost|p1a: Gholdengo|spa|1\n|move|p2a: Terapagos|Earth Power|p1a: Gholdengo\n|-supereffective|p1a: Gholdengo\n|-damage|p1a: Gholdengo|0 fnt\n|faint|p1a: Gholdengo\n|\n|upkeep\n|\n|t:|1771223466\n|switch|p1a: Nidoking|Nidoking, M|100/100\n|turn|13\n|\n|t:|1771223481\n|move|p1a: Nidoking|Ice Beam|p2a: Terapagos\n|-damage|p2a: Terapagos|0 fnt\n|faint|p2a: Terapagos\n|\n|upkeep\n|\n|t:|1771223496\n|switch|p2a: Kommo-o|Kommo-o, F|100/100\n|turn|14\n|\n|t:|1771223506\n|switch|p1a: Ribombee|Ribombee, M|55/100\n|move|p2a: Kommo-o|Flamethrower|p1a: Ribombee\n|-supereffective|p1a: Ribombee\n|-damage|p1a: Ribombee|0 fnt\n|faint|p1a: Ribombee\n|\n|upkeep\n|\n|t:|1771223515\n|switch|p1a: Garchomp|Garchomp, M|100/100\n|turn|15\n|\n|t:|1771223523\n|switch|p2a: Ting-Lu|Ting-Lu|100/100\n|-ability|p2a: Ting-Lu|Vessel of Ruin\n|move|p1a: Garchomp|Scale Shot|p2a: Ting-Lu\n|-damage|p2a: Ting-Lu|94/100\n|-damage|p2a: Ting-Lu|86/100\n|-damage|p2a: Ting-Lu|79/100\n|-damage|p2a: Ting-Lu|73/100\n|-crit|p2a: Ting-Lu\n|-damage|p2a: Ting-Lu|61/100\n|-hitcount|p2a: Ting-Lu|5\n|-unboost|p1a: Garchomp|def|1\n|-boost|p1a: Garchomp|spe|1\n|\n|upkeep\n|turn|16\n|\n|t:|1771223539\n|move|p1a: Garchomp|Swords Dance|p1a: Garchomp\n|-boost|p1a: Garchomp|atk|2\n|move|p2a: Ting-Lu|Ruination|p1a: Garchomp\n|-damage|p1a: Garchomp|50/100\n|\n|upkeep\n|turn|17\n|\n|t:|1771223551\n|move|p1a: Garchomp|Scale Shot|p2a: Ting-Lu|[miss]\n|-miss|p1a: Garchomp|p2a: Ting-Lu\n|move|p2a: Ting-Lu|Whirlwind|p1a: Garchomp\n|drag|p1a: Dragonite|Dragonite, M|100/100\n|\n|upkeep\n|turn|18\n|\n|t:|1771223559\n|switch|p1a: Ting-Lu|Ting-Lu|50/100\n|-ability|p1a: Ting-Lu|Vessel of Ruin\n|move|p2a: Ting-Lu|Ruination|p1a: Ting-Lu\n|-damage|p1a: Ting-Lu|25/100\n|\n|-heal|p1a: Ting-Lu|31/100|[from] item: Leftovers\n|upkeep\n|turn|19\n|\n|t:|1771223571\n|move|p2a: Ting-Lu|Earthquake|p1a: Ting-Lu\n|-damage|p1a: Ting-Lu|11/100\n|move|p1a: Ting-Lu|Stealth Rock|p2a: Ting-Lu\n|-sidestart|p2: iammistagrinch|move: Stealth Rock\n|\n|-heal|p1a: Ting-Lu|18/100|[from] item: Leftovers\n|upkeep\n|turn|20\n|\n|t:|1771223579\n|switch|p1a: Dragonite|Dragonite, M|100/100\n|move|p2a: Ting-Lu|Earthquake|p1a: Dragonite\n|-immune|p1a: Dragonite\n|\n|upkeep\n|turn|21\n|\n|t:|1771223588\n|switch|p1a: Garchomp|Garchomp, M|50/100\n|move|p2a: Ting-Lu|Ruination|p1a: Garchomp\n|-damage|p1a: Garchomp|26/100\n|\n|upkeep\n|turn|22\n|\n|t:|1771223597\n|move|p1a: Garchomp|Scale Shot|p2a: Ting-Lu\n|-damage|p2a: Ting-Lu|54/100\n|-damage|p2a: Ting-Lu|46/100\n|-damage|p2a: Ting-Lu|39/100\n|-damage|p2a: Ting-Lu|31/100\n|-hitcount|p2a: Ting-Lu|4\n|-unboost|p1a: Garchomp|def|1\n|-boost|p1a: Garchomp|spe|1\n|move|p2a: Ting-Lu|Earthquake|p1a: Garchomp\n|-damage|p1a: Garchomp|0 fnt\n|faint|p1a: Garchomp\n|\n|upkeep\n|\n|t:|1771223603\n|switch|p1a: Nidoking|Nidoking, M|100/100\n|turn|23\n|\n|t:|1771223608\n|move|p1a: Nidoking|Ice Beam|p2a: Ting-Lu\n|-supereffective|p2a: Ting-Lu\n|-damage|p2a: Ting-Lu|0 fnt\n|faint|p2a: Ting-Lu\n|\n|upkeep\n|\n|t:|1771223621\n|switch|p2a: Celesteela|Celesteela|74/100\n|-damage|p2a: Celesteela|62/100|[from] Stealth Rock\n|turn|24\n|\n|t:|1771223626\n|switch|p1a: Dragonite|Dragonite, M|100/100\n|move|p2a: Celesteela|Heavy Slam|p1a: Dragonite\n|-damage|p1a: Dragonite|79/100\n|\n|upkeep\n|turn|25\n|\n|t:|1771223632\n|switch|p1a: Ting-Lu|Ting-Lu|18/100\n|-ability|p1a: Ting-Lu|Vessel of Ruin\n|move|p2a: Celesteela|Heavy Slam|p1a: Ting-Lu\n|-damage|p1a: Ting-Lu|9/100\n|\n|-heal|p1a: Ting-Lu|15/100|[from] item: Leftovers\n|upkeep\n|turn|26\n|\n|t:|1771223642\n|switch|p2a: Kommo-o|Kommo-o, F|100/100\n|-damage|p2a: Kommo-o|94/100|[from] Stealth Rock\n|move|p1a: Ting-Lu|Whirlwind|p2a: Kommo-o\n|drag|p2a: Celesteela|Celesteela|62/100\n|-damage|p2a: Celesteela|49/100|[from] Stealth Rock\n|\n|-heal|p1a: Ting-Lu|21/100|[from] item: Leftovers\n|upkeep\n|turn|27\n|\n|t:|1771223654\n|move|p2a: Celesteela|Earthquake|p1a: Ting-Lu\n|-damage|p1a: Ting-Lu|5/100\n|move|p1a: Ting-Lu|Ruination|p2a: Celesteela\n|-damage|p2a: Celesteela|25/100\n|\n|-heal|p1a: Ting-Lu|12/100|[from] item: Leftovers\n|upkeep\n|turn|28\n|\n|t:|1771223664\n|switch|p2a: Kommo-o|Kommo-o, F|94/100\n|-damage|p2a: Kommo-o|88/100|[from] Stealth Rock\n|move|p1a: Ting-Lu|Whirlwind|p2a: Kommo-o\n|drag|p2a: Dragonite|Dragonite, F|51/100\n|-damage|p2a: Dragonite|26/100|[from] Stealth Rock\n|\n|-heal|p1a: Ting-Lu|18/100|[from] item: Leftovers\n|upkeep\n|turn|29\n|\n|t:|1771223680\n|switch|p1a: Dragonite|Dragonite, M|79/100\n|move|p2a: Dragonite|Outrage|p1a: Dragonite\n|-supereffective|p1a: Dragonite\n|-damage|p1a: Dragonite|0 fnt\n|faint|p1a: Dragonite\n|\n|upkeep\n|\n|t:|1771223683\n|switch|p1a: Nidoking|Nidoking, M|100/100\n|turn|30\n|\n|t:|1771223686\n|move|p1a: Nidoking|Ice Beam|p2a: Dragonite\n|-supereffective|p2a: Dragonite\n|-crit|p2a: Dragonite\n|-damage|p2a: Dragonite|0 fnt\n|faint|p2a: Dragonite\n|\n|upkeep\n|\n|t:|1771223694\n|switch|p2a: Venusaur|Venusaur, F|100/100\n|-damage|p2a: Venusaur|88/100|[from] Stealth Rock\n|turn|31\n|\n|t:|1771223700\n|detailschange|p2a: Venusaur|Venusaur-Mega, F\n|-mega|p2a: Venusaur|Venusaur|Venusaurite\n|move|p1a: Nidoking|Fire Blast|p2a: Venusaur\n|-supereffective|p2a: Venusaur\n|-damage|p2a: Venusaur|45/100\n|move|p2a: Venusaur|Giga Drain|p1a: Nidoking\n|-damage|p1a: Nidoking|46/100\n|-heal|p2a: Venusaur|73/100|[from] drain|[of] p1a: Nidoking\n|\n|upkeep\n|turn|32\n|\n|t:|1771223706\n|move|p1a: Nidoking|Earth Power|p2a: Venusaur\n|-damage|p2a: Venusaur|18/100\n|move|p2a: Venusaur|Giga Drain|p1a: Nidoking\n|-damage|p1a: Nidoking|0 fnt\n|-heal|p2a: Venusaur|41/100|[from] drain|[of] p1a: Nidoking\n|faint|p1a: Nidoking\n|\n|upkeep\n|\n|t:|1771223709\n|switch|p1a: Ting-Lu|Ting-Lu|18/100\n|-ability|p1a: Ting-Lu|Vessel of Ruin\n|turn|33\n|-message|AgencyBlundAMD forfeited.\n|\n|win|iammistagrinch\n|raw|AgencyBlundAMD's rating: 1646 &rarr; <strong>1625</strong><br />(-21 for losing)\n|raw|iammistagrinch's rating: 1622 &rarr; <strong>1643</strong><br />(+21 for winning)\n|l|‽AgencyBlundAMD\n|player|p1|\n|l|☆iammistagrinch\n|player|p2|\n", "uploadtime": 1771223925, "views": 7, "formatid": "gen9nationaldex", "rating": 1625, "private": 0, "password": null}