{"id": "gen9nationaldex-2540559733", "format": "[Gen 9] National Dex", "players": ["green bottle", "lilanhuo"], "log": "|j|☆green bottle\n|j|☆lilanhuo\n|t:|1771218040\n|gametype|singles\n|player|p1|green bottle|2|1615\n|player|p2|lilanhuo|dawn-masters3|1615\n|gen|9\n|tier|[Gen 9] National Dex\n|rated|\n|rule|HP Percentage Mod: HP is shown in percentages\n|rule|Endless Battle Clause: Forcing endless battles is banned\n|rule|Species Clause: Limit one of each Pokémon\n|rule|OHKO Clause: OHKO moves are banned\n|rule|Evasion Clause: Evasion abilities, items, and moves are banned\n|rule|Evasion Abilities Clause: Evasion abilities are banned\n|rule|Evasion Items Clause: Evasion items are banned\n|rule|Evasion Moves Clause: Evasion moves are banned\n|rule|Sleep Clause Mod: Limit one foe put to sleep\n|rule|Terastal Clause: You cannot Terastallize\n|clearpoke\n|poke|p1|Tyranitar, M|\n|poke|p1|Cinderace, F|\n|poke|p1|Melmetal|\n|poke|p1|Gyarados, F|\n|poke|p1|Slowking-Galar, M|\n|poke|p1|Zoroark-Hisui, M|\n|poke|p2|Lopunny, F|\n|poke|p2|Terapagos, M|\n|poke|p2|Tyranitar, F|\n|poke|p2|Alomomola, M|\n|poke|p2|Gholdengo|\n|poke|p2|Tapu Lele|\n|teampreview\n|inactive|Battle timer is ON: inactive players will automatically lose when time's up. (requested by green bottle)\n|\n|t:|1771218057\n|teamsize|p1|6\n|teamsize|p2|6\n|start\n|switch|p1a: Goku|Slowking-Galar, M|100/100\n|switch|p2a: Tapu Lele|Tapu Lele|100/100\n|-fieldstart|move: Psychic Terrain|[from] ability: Psychic Surge|[of] p2a: Tapu Lele\n|turn|1\n|\n|t:|1771218069\n|move|p2a: Tapu Lele|Psychic|p1a: Goku\n|-damage|p1a: Goku|32/100\n|move|p1a: Goku|Thunder Wave|p2a: Tapu Lele\n|-status|p2a: Tapu Lele|par\n|\n|upkeep\n|turn|2\n|\n|t:|1771218075\n|switch|p1a: Gogmazios|Tyranitar, M|100/100\n|-weather|Sandstorm|[from] ability: Sand Stream|[of] p1a: Gogmazios\n|cant|p2a: Tapu Lele|par\n|\n|-weather|Sandstorm|[upkeep]\n|-damage|p2a: Tapu Lele|94/100 par|[from] Sandstorm\n|upkeep\n|turn|3\n|\n|t:|1771218078\n|-activate|p2a: Tapu Lele|move: Pursuit\n|move|p1a: Gogmazios|Pursuit|p2a: Tapu Lele|[from] Pursuit\n|-damage|p2a: Tapu Lele|29/100 par\n|switch|p2a: Alomomola|Alomomola, M|100/100\n|\n|-weather|Sandstorm|[upkeep]\n|-damage|p2a: Alomomola|94/100|[from] Sandstorm\n|-heal|p2a: Alomomola|100/100|[from] item: Leftovers\n|upkeep\n|turn|4\n|\n|t:|1771218087\n|switch|p1a: Goku|Slowking-Galar, M|65/100\n|move|p2a: Alomomola|Flip Turn|p1a: Goku\n|-damage|p1a: Goku|53/100\n|-damage|p2a: Alomomola|84/100|[from] item: Rocky Helmet|[of] p1a: Goku\n|\n|t:|1771218099\n|switch|p2a: Gholdengo|Gholdengo|100/100|[from] Flip Turn\n|\n|-weather|Sandstorm|[upkeep]\n|-damage|p1a: Goku|47/100|[from] Sandstorm\n|upkeep\n|turn|5\n|\n|t:|1771218105\n|switch|p1a: Gogmazios|Tyranitar, M|100/100\n|move|p2a: Gholdengo|Thunder Wave|p1a: Gogmazios\n|-status|p1a: Gogmazios|par\n|\n|-weather|Sandstorm|[upkeep]\n|-fieldend|move: Psychic Terrain\n|upkeep\n|turn|6\n|\n|t:|1771218110\n|move|p2a: Gholdengo|Make It Rain|p1a: Gogmazios\n|-supereffective|p1a: Gogmazios\n|-damage|p1a: Gogmazios|57/100 par\n|-unboost|p2a: Gholdengo|spa|1\n|cant|p1a: Gogmazios|par\n|\n|-weather|none\n|upkeep\n|turn|7\n|\n|t:|1771218117\n|switch|p2a: Alomomola|Alomomola, M|100/100\n|move|p1a: Gogmazios|Earthquake|p2a: Alomomola\n|-damage|p2a: Alomomola|82/100\n|\n|-heal|p2a: Alomomola|88/100|[from] item: Leftovers\n|upkeep\n|turn|8\n|\n|t:|1771218123\n|switch|p1a: Goku|Slowking-Galar, M|80/100\n|move|p2a: Alomomola|Flip Turn|p1a: Goku\n|-damage|p1a: Goku|65/100\n|-damage|p2a: Alomomola|71/100|[from] item: Rocky Helmet|[of] p1a: Goku\n|\n|t:|1771218129\n|switch|p2a: Tyranitar|Tyranitar, F|100/100|[from] Flip Turn\n|-weather|Sandstorm|[from] ability: Sand Stream|[of] p2a: Tyranitar\n|\n|-weather|Sandstorm|[upkeep]\n|-damage|p1a: Goku|59/100|[from] Sandstorm\n|upkeep\n|turn|9\n|\n|t:|1771218134\n|move|p2a: Tyranitar|Knock Off|p1a: Goku\n|-supereffective|p1a: Goku\n|-damage|p1a: Goku|0 fnt\n|-damage|p2a: Tyranitar|84/100|[from] item: Rocky Helmet|[of] p1a: Goku\n|-enditem|p1a: Goku|Rocky Helmet|[from] move: Knock Off|[of] p2a: Tyranitar\n|faint|p1a: Goku\n|\n|-weather|Sandstorm|[upkeep]\n|upkeep\n|\n|t:|1771218137\n|switch|p1a: Mythra|Gyarados, F, shiny|100/100\n|-ability|p1a: Mythra|Intimidate|boost\n|-unboost|p2a: Tyranitar|atk|1\n|turn|10\n|\n|t:|1771218142\n|switch|p2a: Alomomola|Alomomola, M|100/100\n|move|p1a: Mythra|Substitute|p1a: Mythra\n|-start|p1a: Mythra|Substitute\n|-damage|p1a: Mythra|75/100\n|\n|-weather|Sandstorm|[upkeep]\n|-damage|p1a: Mythra|69/100|[from] Sandstorm\n|-damage|p2a: Alomomola|94/100|[from] Sandstorm\n|-heal|p2a: Alomomola|100/100|[from] item: Leftovers\n|upkeep\n|turn|11\n|\n|t:|1771218148\n|move|p1a: Mythra|Dragon Dance|p1a: Mythra\n|-boost|p1a: Mythra|atk|1\n|-boost|p1a: Mythra|spe|1\n|move|p2a: Alomomola|Flip Turn|p1a: Mythra\n|-resisted|p1a: Mythra\n|-activate|p1a: Mythra|move: Substitute|[damage]\n|\n|t:|1771218158\n|switch|p2a: 我真的好想曹|Lopunny, F|100/100|[from] Flip Turn\n|\n|-weather|Sandstorm|[upkeep]\n|-damage|p1a: Mythra|63/100|[from] Sandstorm\n|-damage|p2a: 我真的好想曹|95/100|[from] Sandstorm\n|upkeep\n|turn|12\n|\n|t:|1771218166\n|detailschange|p1a: Mythra|Gyarados-Mega, F, shiny\n|-mega|p1a: Mythra|Gyarados|Gyaradosite\n|-ability|p1a: Mythra|Mold Breaker\n|detailschange|p2a: 我真的好想曹|Lopunny-Mega, F\n|-mega|p2a: 我真的好想曹|Lopunny|Lopunnite\n|move|p2a: 我真的好想曹|Fake Out|p1a: Mythra\n|-end|p1a: Mythra|Substitute\n|move|p1a: Mythra|Waterfall|p2a: 我真的好想曹\n|-damage|p2a: 我真的好想曹|7/100\n|\n|-weather|none\n|upkeep\n|turn|13\n|\n|t:|1771218178\n|move|p1a: Mythra|Crunch|p2a: 我真的好想曹\n|-resisted|p2a: 我真的好想曹\n|-damage|p2a: 我真的好想曹|0 fnt\n|faint|p2a: 我真的好想曹\n|detailschange|p2: 我真的好想曹|Lopunny, F|[silent]\n|\n|upkeep\n|\n|t:|1771218184\n|switch|p2a: 转转转|Terapagos, M|100/100\n|-activate|p2a: 转转转|ability: Tera Shift\n|detailschange|p2a: 转转转|Terapagos-Terastal, M\n|-heal|p2a: 转转转|100/100|[silent]\n|turn|14\n|\n|t:|1771218189\n|move|p1a: Mythra|Substitute|p1a: Mythra\n|-start|p1a: Mythra|Substitute\n|-damage|p1a: Mythra|38/100\n|move|p2a: 转转转|Rapid Spin|p1a: Mythra\n|-activate|p1a: Mythra|move: Substitute|[damage]\n|-boost|p2a: 转转转|spe|1\n|\n|upkeep\n|turn|15\n|\n|t:|1771218197\n|move|p2a: 转转转|Tera Starstorm|p1a: Mythra\n|-end|p1a: Mythra|Substitute\n|move|p1a: Mythra|Crunch|p2a: 转转转\n|-crit|p2a: 转转转\n|-damage|p2a: 转转转|7/100\n|\n|upkeep\n|turn|16\n|\n|t:|1771218202\n|move|p2a: 转转转|Tera Starstorm|p1a: Mythra\n|-damage|p1a: Mythra|0 fnt\n|faint|p1a: Mythra\n|detailschange|p1: Mythra|Gyarados, F, shiny|[silent]\n|\n|upkeep\n|\n|t:|1771218207\n|switch|p1a: Gogmazios|Tyranitar, M|57/100 par\n|-weather|Sandstorm|[from] ability: Sand Stream|[of] p1a: Gogmazios\n|turn|17\n|\n|t:|1771218215\n|move|p2a: 转转转|Tera Starstorm|p1a: Gogmazios\n|-resisted|p1a: Gogmazios\n|-damage|p1a: Gogmazios|49/100 par\n|move|p1a: Gogmazios|Pursuit|p2a: 转转转\n|-damage|p2a: 转转转|0 fnt\n|faint|p2a: 转转转\n|\n|-weather|Sandstorm|[upkeep]\n|upkeep\n|\n|t:|1771218223\n|switch|p2a: Tapu Lele|Tapu Lele|29/100 par\n|-fieldstart|move: Psychic Terrain|[from] ability: Psychic Surge|[of] p2a: Tapu Lele\n|turn|18\n|\n|t:|1771218226\n|move|p2a: Tapu Lele|Moonblast|p1a: Gogmazios\n|-supereffective|p1a: Gogmazios\n|-damage|p1a: Gogmazios|0 fnt\n|faint|p1a: Gogmazios\n|\n|-weather|Sandstorm|[upkeep]\n|-damage|p2a: Tapu Lele|23/100 par|[from] Sandstorm\n|upkeep\n|\n|t:|1771218237\n|switch|p1a: Pyra|Cinderace, F, shiny|100/100\n|turn|19\n|\n|t:|1771218240\n|move|p1a: Pyra|U-turn|p2a: Tapu Lele\n|-start|p1a: Pyra|typechange|Bug|[from] ability: Libero\n|-damage|p2a: Tapu Lele|0 fnt\n|faint|p2a: Tapu Lele\n|\n|t:|1771218246\n|switch|p1a: Pyra|Cinderace, F, shiny|100/100|[from] U-turn\n|\n|-weather|Sandstorm|[upkeep]\n|-damage|p1a: Pyra|95/100|[from] Sandstorm\n|upkeep\n|\n|t:|1771218255\n|switch|p2a: Tyranitar|Tyranitar, F|84/100\n|turn|20\n|\n|t:|1771218265\n|switch|p1a: Valphalk|Melmetal|100/100\n|move|p2a: Tyranitar|Knock Off|p1a: Valphalk\n|-damage|p1a: Valphalk|73/100\n|-enditem|p1a: Valphalk|Leftovers|[from] move: Knock Off|[of] p2a: Tyranitar\n|\n|-weather|Sandstorm|[upkeep]\n|upkeep\n|turn|21\n|\n|t:|1771218272\n|switch|p2a: Alomomola|Alomomola, M|100/100\n|move|p1a: Valphalk|Earthquake|p2a: Alomomola\n|-damage|p2a: Alomomola|76/100\n|\n|-weather|none\n|-heal|p2a: Alomomola|83/100|[from] item: Leftovers\n|upkeep\n|turn|22\n|\n|t:|1771218278\n|move|p2a: Alomomola|Flip Turn|p1a: Valphalk\n|-damage|p1a: Valphalk|65/100\n|\n|t:|1771218281\n|switch|p2a: Gholdengo|Gholdengo|100/100|[from] Flip Turn\n|move|p1a: Valphalk|Thunder Wave|p2a: Gholdengo\n|-immune|p2a: Gholdengo|[from] ability: Good as Gold\n|\n|-fieldend|move: Psychic Terrain\n|upkeep\n|turn|23\n|\n|t:|1771218288\n|-zpower|p2a: Gholdengo\n|move|p2a: Gholdengo|Never-Ending Nightmare|p1a: Valphalk|[zeffect]\n|-damage|p1a: Valphalk|0 fnt\n|faint|p1a: Valphalk\n|\n|upkeep\n|\n|t:|1771218293\n|switch|p1a: Pyra|Cinderace, F, shiny|95/100\n|turn|24\n|\n|t:|1771218296\n|switch|p2a: Alomomola|Alomomola, M|100/100\n|move|p1a: Pyra|Trick|p2a: Alomomola\n|-activate|p1a: Pyra|move: Trick|[of] p2a: Alomomola\n|-item|p2a: Alomomola|Choice Scarf|[from] move: Trick\n|-item|p1a: Pyra|Leftovers|[from] move: Trick\n|\n|-heal|p1a: Pyra|100/100|[from] item: Leftovers\n|upkeep\n|turn|25\n|\n|t:|1771218304\n|move|p1a: Pyra|Nasty Plot|p1a: Pyra\n|-boost|p1a: Pyra|spa|2\n|move|p2a: Alomomola|Flip Turn|p1a: Pyra\n|-damage|p1a: Pyra|67/100\n|replace|p1a: Yugo|Zoroark-Hisui, M, shiny\n|-end|p1a: Yugo|Illusion\n|\n|t:|1771218311\n|switch|p2a: Tyranitar|Tyranitar, F|84/100|[from] Flip Turn\n|-weather|Sandstorm|[from] ability: Sand Stream|[of] p2a: Tyranitar\n|\n|-weather|Sandstorm|[upkeep]\n|-damage|p1a: Yugo|61/100|[from] Sandstorm\n|-heal|p1a: Yugo|67/100|[from] item: Leftovers\n|upkeep\n|turn|26\n|\n|t:|1771218320\n|switch|p1a: Pyra|Cinderace, F, shiny|100/100\n|move|p2a: Tyranitar|Knock Off|p1a: Pyra\n|-damage|p1a: Pyra|25/100\n|-enditem|p1a: Pyra|Heavy-Duty Boots|[from] move: Knock Off|[of] p2a: Tyranitar\n|\n|-weather|Sandstorm|[upkeep]\n|-damage|p1a: Pyra|19/100|[from] Sandstorm\n|upkeep\n|turn|27\n|\n|t:|1771218326\n|switch|p2a: Alomomola|Alomomola, M|100/100\n|move|p1a: Pyra|Pyro Ball|p2a: Alomomola\n|-resisted|p2a: Alomomola\n|-damage|p2a: Alomomola|84/100\n|\n|-weather|Sandstorm|[upkeep]\n|-damage|p1a: Pyra|13/100|[from] Sandstorm\n|-damage|p2a: Alomomola|78/100|[from] Sandstorm\n|upkeep\n|turn|28\n|\n|t:|1771218332\n|move|p1a: Pyra|U-turn|p2a: Alomomola\n|-start|p1a: Pyra|typechange|Bug|[from] ability: Libero\n|-damage|p2a: Alomomola|57/100\n|\n|t:|1771218333\n|switch|p1a: Pyra|Cinderace, F, shiny|67/100|[from] U-turn\n|move|p2a: Alomomola|Flip Turn|p1a: Pyra\n|-damage|p1a: Pyra|31/100\n|replace|p1a: Yugo|Zoroark-Hisui, M, shiny\n|-end|p1a: Yugo|Illusion\n|-message|green bottle forfeited.\n|\n|win|lilanhuo\n|raw|green bottle's rating: 1615 &rarr; <strong>1595</strong><br />(-20 for losing)\n|raw|lilanhuo's rating: 1615 &rarr; <strong>1635</strong><br />(+20 for winning)\n|l|☆green bottle\n|player|p1|\n|l|☆lilanhuo\n|player|p2|\n", "uploadtime": 1771218557, "views": 7, "formatid": "gen9nationaldex", "rating": 1595, "private": 0, "password": null}