{"id": "gen9nationaldex-2540374900", "format": "[Gen 9] National Dex", "players": ["t0usei", "doodieray"], "log": "|j|☆t0usei\n|j|☆doodieray\n|t:|1771194445\n|gametype|singles\n|player|p1|t0usei|ghetsis|1593\n|player|p2|doodieray|102|1544\n|gen|9\n|tier|[Gen 9] National Dex\n|rated|\n|rule|HP Percentage Mod: HP is shown in percentages\n|rule|Endless Battle Clause: Forcing endless battles is banned\n|rule|Species Clause: Limit one of each Pokémon\n|rule|OHKO Clause: OHKO moves are banned\n|rule|Evasion Clause: Evasion abilities, items, and moves are banned\n|rule|Evasion Abilities Clause: Evasion abilities are banned\n|rule|Evasion Items Clause: Evasion items are banned\n|rule|Evasion Moves Clause: Evasion moves are banned\n|rule|Sleep Clause Mod: Limit one foe put to sleep\n|rule|Terastal Clause: You cannot Terastallize\n|clearpoke\n|poke|p1|Iron Valiant|\n|poke|p1|Diancie|\n|poke|p1|Iron Crown|\n|poke|p1|Dragonite, F|\n|poke|p1|Great Tusk|\n|poke|p1|Kyurem|\n|poke|p2|Iron Valiant|\n|poke|p2|Tapu Koko|\n|poke|p2|Kingambit, F|\n|poke|p2|Alomomola, F|\n|poke|p2|Landorus-Therian, M|\n|poke|p2|Ferrothorn, M|\n|teampreview\n|inactive|Battle timer is ON: inactive players will automatically lose when time's up. (requested by t0usei)\n|\n|t:|1771194458\n|teamsize|p1|6\n|teamsize|p2|6\n|start\n|switch|p1a: Diancie|Diancie|100/100\n|switch|p2a: Tapu Koko|Tapu Koko|100/100\n|-fieldstart|move: Electric Terrain|[from] ability: Electric Surge|[of] p2a: Tapu Koko\n|turn|1\n|\n|t:|1771194466\n|detailschange|p1a: Diancie|Diancie-Mega\n|-mega|p1a: Diancie|Diancie|Diancite\n|-zpower|p2a: Tapu Koko\n|move|p2a: Tapu Koko|Gigavolt Havoc|p1a: Diancie|[zeffect]\n|-damage|p1a: Diancie|7/100\n|move|p1a: Diancie|Stealth Rock|p2a: Tapu Koko\n|-sidestart|p2: doodieray|move: Stealth Rock\n|\n|upkeep\n|turn|2\n|\n|t:|1771194480\n|switch|p1a: Great Tusk|Great Tusk|100/100\n|-enditem|p1a: Great Tusk|Booster Energy\n|-activate|p1a: Great Tusk|ability: Protosynthesis|[fromitem]\n|-start|p1a: Great Tusk|protosynthesisspe\n|move|p2a: Tapu Koko|Dazzling Gleam|p1a: Great Tusk\n|-supereffective|p1a: Great Tusk\n|-damage|p1a: Great Tusk|9/100\n|\n|upkeep\n|turn|3\n|\n|t:|1771194487\n|switch|p2a: Ferrothorn|Ferrothorn, M|100/100\n|-damage|p2a: Ferrothorn|94/100|[from] Stealth Rock\n|move|p1a: Great Tusk|Headlong Rush|p2a: Ferrothorn\n|-damage|p2a: Ferrothorn|61/100\n|-unboost|p1a: Great Tusk|def|1\n|-unboost|p1a: Great Tusk|spd|1\n|-damage|p1a: Great Tusk|0 fnt|[from] ability: Iron Barbs|[of] p2a: Ferrothorn\n|faint|p1a: Great Tusk\n|-end|p1a: Great Tusk|Protosynthesis|[silent]\n|\n|-heal|p2a: Ferrothorn|67/100|[from] item: Leftovers\n|upkeep\n|\n|t:|1771194493\n|switch|p1a: Diancie|Diancie-Mega|7/100\n|turn|4\n|\n|t:|1771194499\n|switch|p2a: Alomomola|Alomomola, F|100/100\n|-damage|p2a: Alomomola|88/100|[from] Stealth Rock\n|move|p1a: Diancie|Endeavor|p2a: Alomomola\n|-damage|p2a: Alomomola|4/100\n|\n|upkeep\n|turn|5\n|\n|t:|1771194503\n|switch|p2a: Landorus|Landorus-Therian, M|100/100\n|-damage|p2a: Landorus|88/100|[from] Stealth Rock\n|-ability|p2a: Landorus|Intimidate|boost\n|-unboost|p1a: Diancie|atk|1\n|move|p1a: Diancie|Moonblast|p2a: Landorus\n|-damage|p2a: Landorus|39/100\n|-unboost|p2a: Landorus|spa|1\n|\n|-fieldend|move: Electric Terrain\n|upkeep\n|turn|6\n|\n|t:|1771194510\n|switch|p1a: Dragonite|Dragonite, F|100/100\n|move|p2a: Landorus|Defog|p1a: Dragonite\n|-unboost|p1a: Dragonite|evasion|1\n|-sideend|p2: doodieray|Stealth Rock|[from] move: Defog|[of] p2a: Landorus\n|\n|upkeep\n|turn|7\n|\n|t:|1771194518\n|switch|p2a: Ferrothorn|Ferrothorn, M|67/100\n|move|p1a: Dragonite|Substitute|p1a: Dragonite\n|-start|p1a: Dragonite|Substitute\n|-damage|p1a: Dragonite|76/100\n|\n|-heal|p2a: Ferrothorn|73/100|[from] item: Leftovers\n|upkeep\n|turn|8\n|\n|t:|1771194522\n|move|p1a: Dragonite|Dragon Dance|p1a: Dragonite\n|-boost|p1a: Dragonite|atk|1\n|-boost|p1a: Dragonite|spe|1\n|move|p2a: Ferrothorn|Knock Off|p1a: Dragonite\n|-activate|p1a: Dragonite|move: Substitute|[damage]\n|\n|-heal|p2a: Ferrothorn|79/100|[from] item: Leftovers\n|upkeep\n|turn|9\n|\n|t:|1771194527\n|move|p1a: Dragonite|Dragon Dance|p1a: Dragonite\n|-boost|p1a: Dragonite|atk|1\n|-boost|p1a: Dragonite|spe|1\n|move|p2a: Ferrothorn|Knock Off|p1a: Dragonite\n|-end|p1a: Dragonite|Substitute\n|\n|-heal|p2a: Ferrothorn|86/100|[from] item: Leftovers\n|upkeep\n|turn|10\n|\n|t:|1771194532\n|switch|p2a: Landorus|Landorus-Therian, M|39/100\n|-ability|p2a: Landorus|Intimidate|boost\n|-unboost|p1a: Dragonite|atk|1\n|move|p1a: Dragonite|Substitute|p1a: Dragonite\n|-start|p1a: Dragonite|Substitute\n|-damage|p1a: Dragonite|51/100\n|\n|upkeep\n|turn|11\n|\n|t:|1771194538\n|move|p1a: Dragonite|Scale Shot|p2a: Landorus\n|-damage|p2a: Landorus|21/100\n|-damage|p2a: Landorus|3/100\n|-damage|p2a: Landorus|0 fnt\n|faint|p2a: Landorus\n|-hitcount|p2: Landorus|3\n|-unboost|p1a: Dragonite|def|1\n|-boost|p1a: Dragonite|spe|1\n|\n|upkeep\n|\n|t:|1771194545\n|switch|p2a: Tapu Koko|Tapu Koko|100/100\n|-fieldstart|move: Electric Terrain|[from] ability: Electric Surge|[of] p2a: Tapu Koko\n|turn|12\n|\n|t:|1771194552\n|move|p1a: Dragonite|Fire Punch|p2a: Tapu Koko\n|-damage|p2a: Tapu Koko|43/100\n|move|p2a: Tapu Koko|Hidden Power|p1a: Dragonite\n|-supereffective|p1a: Dragonite\n|-end|p1a: Dragonite|Substitute\n|\n|upkeep\n|turn|13\n|\n|t:|1771194569\n|move|p1a: Dragonite|Fire Punch|p2a: Tapu Koko\n|-damage|p2a: Tapu Koko|0 fnt\n|faint|p2a: Tapu Koko\n|\n|upkeep\n|\n|t:|1771194571\n|switch|p2a: Iron Valiant|Iron Valiant|100/100\n|-activate|p2a: Iron Valiant|ability: Quark Drive\n|-start|p2a: Iron Valiant|quarkdrivespa\n|turn|14\n|\n|t:|1771194584\n|move|p1a: Dragonite|Fire Punch|p2a: Iron Valiant\n|-damage|p2a: Iron Valiant|49/100\n|move|p2a: Iron Valiant|Moonblast|p1a: Dragonite\n|-supereffective|p1a: Dragonite\n|-damage|p1a: Dragonite|0 fnt\n|faint|p1a: Dragonite\n|\n|upkeep\n|\n|t:|1771194592\n|switch|p1a: Iron Crown|Iron Crown|100/100\n|-activate|p1a: Iron Crown|ability: Quark Drive\n|-start|p1a: Iron Crown|quarkdrivespe\n|turn|15\n|\n|t:|1771194599\n|-end|p2a: Iron Valiant|Quark Drive|[silent]\n|switch|p2a: Ferrothorn|Ferrothorn, M|86/100\n|move|p1a: Iron Crown|Calm Mind|p1a: Iron Crown\n|-boost|p1a: Iron Crown|spa|1\n|-boost|p1a: Iron Crown|spd|1\n|\n|-heal|p2a: Ferrothorn|92/100|[from] item: Leftovers\n|upkeep\n|turn|16\n|\n|t:|1771194602\n|move|p1a: Iron Crown|Calm Mind|p1a: Iron Crown\n|-boost|p1a: Iron Crown|spa|1\n|-boost|p1a: Iron Crown|spd|1\n|move|p2a: Ferrothorn|Leech Seed|p1a: Iron Crown\n|-start|p1a: Iron Crown|move: Leech Seed\n|\n|-heal|p2a: Ferrothorn|98/100|[from] item: Leftovers\n|-damage|p1a: Iron Crown|88/100|[from] Leech Seed|[of] p2a: Ferrothorn\n|-heal|p2a: Ferrothorn|100/100|[silent]\n|-fieldend|move: Electric Terrain\n|-end|p1a: Iron Crown|Quark Drive\n|upkeep\n|-enditem|p1a: Iron Crown|Booster Energy\n|-activate|p1a: Iron Crown|ability: Quark Drive|[fromitem]\n|-start|p1a: Iron Crown|quarkdrivespa\n|turn|17\n|\n|t:|1771194607\n|switch|p2a: Alomomola|Alomomola, F|38/100\n|move|p1a: Iron Crown|Iron Defense|p1a: Iron Crown\n|-boost|p1a: Iron Crown|def|2\n|\n|-damage|p1a: Iron Crown|76/100|[from] Leech Seed|[of] p2a: Alomomola\n|-heal|p2a: Alomomola|46/100|[silent]\n|upkeep\n|turn|18\n|\n|t:|1771194611\n|switch|p2a: Kingambit|Kingambit, F|100/100\n|-activate|p2a: Kingambit|ability: Supreme Overlord\n|-start|p2a: Kingambit|fallen2|[silent]\n|move|p1a: Iron Crown|Tachyon Cutter|p2a: Kingambit\n|-resisted|p2a: Kingambit\n|-damage|p2a: Kingambit|63/100\n|-resisted|p2a: Kingambit\n|-damage|p2a: Kingambit|27/100\n|-hitcount|p2a: Kingambit|2\n|\n|-damage|p1a: Iron Crown|64/100|[from] Leech Seed|[of] p2a: Kingambit\n|-heal|p2a: Kingambit|39/100|[silent]\n|upkeep\n|turn|19\n|\n|t:|1771194619\n|move|p1a: Iron Crown|Tachyon Cutter|p2a: Kingambit\n|-resisted|p2a: Kingambit\n|-damage|p2a: Kingambit|5/100\n|-resisted|p2a: Kingambit\n|-damage|p2a: Kingambit|0 fnt\n|faint|p2a: Kingambit\n|-end|p2a: Kingambit|fallen2|[silent]\n|-hitcount|p2: Kingambit|2\n|\n|upkeep\n|\n|t:|1771194626\n|switch|p2a: Alomomola|Alomomola, F|79/100\n|turn|20\n|\n|t:|1771194629\n|move|p1a: Iron Crown|Stored Power|p2a: Alomomola\n|-damage|p2a: Alomomola|2/100\n|move|p2a: Alomomola|Mirror Coat|p1a: Iron Crown\n|-damage|p1a: Iron Crown|0 fnt\n|faint|p1a: Iron Crown\n|-end|p1a: Iron Crown|Quark Drive|[silent]\n|\n|upkeep\n|\n|t:|1771194645\n|switch|p1a: Diancie|Diancie-Mega|7/100\n|turn|21\n|\n|t:|1771194650\n|move|p2a: Alomomola|Aqua Jet|p1a: Diancie\n|-supereffective|p1a: Diancie\n|-damage|p1a: Diancie|0 fnt\n|faint|p1a: Diancie\n|detailschange|p1: Diancie|Diancie|[silent]\n|\n|upkeep\n|\n|t:|1771194654\n|switch|p1a: Iron Valiant|Iron Valiant|100/100\n|-enditem|p1a: Iron Valiant|Booster Energy\n|-activate|p1a: Iron Valiant|ability: Quark Drive|[fromitem]\n|-start|p1a: Iron Valiant|quarkdrivespe\n|turn|22\n|\n|t:|1771194661\n|switch|p2a: Ferrothorn|Ferrothorn, M|100/100\n|move|p1a: Iron Valiant|Close Combat|p2a: Ferrothorn\n|-supereffective|p2a: Ferrothorn\n|-damage|p2a: Ferrothorn|34/100\n|-unboost|p1a: Iron Valiant|def|1\n|-unboost|p1a: Iron Valiant|spd|1\n|-damage|p1a: Iron Valiant|88/100|[from] ability: Iron Barbs|[of] p2a: Ferrothorn\n|\n|-heal|p2a: Ferrothorn|40/100|[from] item: Leftovers\n|upkeep\n|turn|23\n|\n|t:|1771194670\n|move|p1a: Iron Valiant|Close Combat|p2a: Ferrothorn\n|-supereffective|p2a: Ferrothorn\n|-damage|p2a: Ferrothorn|0 fnt\n|-unboost|p1a: Iron Valiant|def|1\n|-unboost|p1a: Iron Valiant|spd|1\n|-damage|p1a: Iron Valiant|76/100|[from] ability: Iron Barbs|[of] p2a: Ferrothorn\n|faint|p2a: Ferrothorn\n|\n|upkeep\n|\n|t:|1771194673\n|switch|p2a: Alomomola|Alomomola, F|35/100\n|turn|24\n|\n|t:|1771194679\n|switch|p2a: Iron Valiant|Iron Valiant|49/100\n|move|p1a: Iron Valiant|Close Combat|p2a: Iron Valiant\n|-resisted|p2a: Iron Valiant\n|-damage|p2a: Iron Valiant|18/100\n|-unboost|p1a: Iron Valiant|def|1\n|-unboost|p1a: Iron Valiant|spd|1\n|\n|upkeep\n|turn|25\n|\n|t:|1771194685\n|move|p2a: Iron Valiant|Vacuum Wave|p1a: Iron Valiant\n|-resisted|p1a: Iron Valiant\n|-damage|p1a: Iron Valiant|0 fnt\n|faint|p1a: Iron Valiant\n|-end|p1a: Iron Valiant|Quark Drive|[silent]\n|\n|upkeep\n|\n|t:|1771194687\n|switch|p1a: Kyurem|Kyurem|100/100\n|-ability|p1a: Kyurem|Pressure\n|turn|26\n|\n|t:|1771194693\n|move|p2a: Iron Valiant|Vacuum Wave|p1a: Kyurem\n|-supereffective|p1a: Kyurem\n|-crit|p1a: Kyurem\n|-damage|p1a: Kyurem|8/100\n|move|p1a: Kyurem|Icicle Spear|p2a: Iron Valiant\n|-damage|p2a: Iron Valiant|1/100\n|-damage|p2a: Iron Valiant|0 fnt\n|faint|p2a: Iron Valiant\n|-end|p2a: Iron Valiant|Quark Drive|[silent]\n|-hitcount|p2: Iron Valiant|2\n|\n|upkeep\n|\n|t:|1771194696\n|switch|p2a: Alomomola|Alomomola, F|69/100\n|turn|27\n|\n|t:|1771194700\n|move|p1a: Kyurem|Scale Shot|p2a: Alomomola\n|-damage|p2a: Alomomola|58/100\n|-crit|p2a: Alomomola\n|-damage|p2a: Alomomola|42/100\n|-damage|p2a: Alomomola|32/100\n|-damage|p2a: Alomomola|23/100\n|-hitcount|p2a: Alomomola|4\n|-unboost|p1a: Kyurem|def|1\n|-boost|p1a: Kyurem|spe|1\n|move|p2a: Alomomola|Knock Off|p1a: Kyurem\n|-damage|p1a: Kyurem|0 fnt\n|-enditem|p1a: Kyurem|Loaded Dice|[from] move: Knock Off|[of] p2a: Alomomola\n|faint|p1a: Kyurem\n|\n|win|doodieray\n|raw|t0usei's rating: 1593 &rarr; <strong>1570</strong><br />(-23 for losing)\n|raw|doodieray's rating: 1544 &rarr; <strong>1567</strong><br />(+23 for winning)\n|l|☆t0usei\n|player|p1|\n", "uploadtime": 1771194711, "views": 7, "formatid": "gen9nationaldex", "rating": 1567, "private": 0, "password": null}