{"id": "gen9nationaldex-2540426193", "format": "[Gen 9] National Dex", "players": ["DriftedEx", "Misty Biitch"], "log": "|j|☆DriftedEx\n|j|☆Misty Biitch\n|t:|1771200560\n|gametype|singles\n|player|p1|DriftedEx|rocketgrunt|1701\n|player|p2|Misty Biitch|misty|1740\n|gen|9\n|tier|[Gen 9] National Dex\n|rated|\n|rule|HP Percentage Mod: HP is shown in percentages\n|rule|Endless Battle Clause: Forcing endless battles is banned\n|rule|Species Clause: Limit one of each Pokémon\n|rule|OHKO Clause: OHKO moves are banned\n|rule|Evasion Clause: Evasion abilities, items, and moves are banned\n|rule|Evasion Abilities Clause: Evasion abilities are banned\n|rule|Evasion Items Clause: Evasion items are banned\n|rule|Evasion Moves Clause: Evasion moves are banned\n|rule|Sleep Clause Mod: Limit one foe put to sleep\n|rule|Terastal Clause: You cannot Terastallize\n|clearpoke\n|poke|p1|Clefable, F|\n|poke|p1|Pecharunt|\n|poke|p1|Skarmory, M|\n|poke|p1|Latios, M|\n|poke|p1|Ting-Lu|\n|poke|p1|Gholdengo|\n|poke|p2|Kingdra, F|\n|poke|p2|Pelipper, F|\n|poke|p2|Swampert, F|\n|poke|p2|Ludicolo, F|\n|poke|p2|Urshifu-*, F|\n|poke|p2|Barraskewda, F|\n|teampreview\n|inactive|Battle timer is ON: inactive players will automatically lose when time's up. (requested by Misty Biitch)\n|inactive|DriftedEx also wants the timer to be on.\n|\n|t:|1771200572\n|teamsize|p1|6\n|teamsize|p2|6\n|start\n|switch|p1a: Latios|Latios, M|100/100\n|switch|p2a: Pelipper|Pelipper, F|100/100\n|-weather|RainDance|[from] ability: Drizzle|[of] p2a: Pelipper\n|turn|1\n|\n|t:|1771200576\n|switch|p2a: Swampert|Swampert, F|100/100\n|detailschange|p1a: Latios|Latios-Mega, M\n|-mega|p1a: Latios|Latios|Latiosite\n|move|p1a: Latios|Luster Purge|p2a: Swampert\n|-damage|p2a: Swampert|39/100\n|\n|-weather|RainDance|[upkeep]\n|upkeep\n|turn|2\n|\n|t:|1771200579\n|switch|p1a: Skarmory|Skarmory, M|100/100\n|detailschange|p2a: Swampert|Swampert-Mega, F\n|-mega|p2a: Swampert|Swampert|Swampertite\n|move|p2a: Swampert|Stealth Rock|p1a: Skarmory\n|-sidestart|p1: DriftedEx|move: Stealth Rock\n|\n|-weather|RainDance|[upkeep]\n|upkeep\n|turn|3\n|\n|t:|1771200583\n|switch|p2a: Kingdra|Kingdra, F|100/100\n|move|p1a: Skarmory|Spikes|p2a: Kingdra\n|-sidestart|p2: Misty Biitch|Spikes\n|\n|-weather|RainDance|[upkeep]\n|upkeep\n|turn|4\n|\n|t:|1771200594\n|switch|p1a: Latios|Latios-Mega, M|100/100\n|-damage|p1a: Latios|88/100|[from] Stealth Rock\n|move|p2a: Kingdra|Weather Ball|p1a: Latios\n|-resisted|p1a: Latios\n|-damage|p1a: Latios|36/100\n|\n|-weather|RainDance|[upkeep]\n|upkeep\n|turn|5\n|\n|t:|1771200609\n|switch|p1a: Gholdengo|Gholdengo|100/100\n|-damage|p1a: Gholdengo|94/100|[from] Stealth Rock\n|move|p2a: Kingdra|Weather Ball|p1a: Gholdengo\n|-damage|p1a: Gholdengo|0 fnt\n|faint|p1a: Gholdengo\n|\n|-weather|RainDance|[upkeep]\n|upkeep\n|\n|t:|1771200613\n|switch|p1a: Clefable|Clefable, F|100/100\n|turn|6\n|\n|t:|1771200619\n|move|p2a: Kingdra|Weather Ball|p1a: Clefable\n|-damage|p1a: Clefable|14/100\n|move|p1a: Clefable|Moonblast|p2a: Kingdra\n|-supereffective|p2a: Kingdra\n|-damage|p2a: Kingdra|26/100\n|\n|-weather|RainDance|[upkeep]\n|-heal|p1a: Clefable|21/100|[from] item: Leftovers\n|upkeep\n|turn|7\n|\n|t:|1771200622\n|move|p2a: Kingdra|Weather Ball|p1a: Clefable\n|-damage|p1a: Clefable|0 fnt\n|faint|p1a: Clefable\n|\n|-weather|RainDance|[upkeep]\n|upkeep\n|\n|t:|1771200624\n|switch|p1a: Skarmory|Skarmory, M|100/100\n|-damage|p1a: Skarmory|88/100|[from] Stealth Rock\n|turn|8\n|\n|t:|1771200626\n|move|p2a: Kingdra|Weather Ball|p1a: Skarmory\n|-damage|p1a: Skarmory|0 fnt\n|faint|p1a: Skarmory\n|\n|-weather|none\n|upkeep\n|\n|t:|1771200629\n|switch|p1a: Latios|Latios-Mega, M|36/100\n|-damage|p1a: Latios|24/100|[from] Stealth Rock\n|turn|9\n|\n|t:|1771200631\n|switch|p2a: Pelipper|Pelipper, F|100/100\n|-weather|RainDance|[from] ability: Drizzle|[of] p2a: Pelipper\n|move|p1a: Latios|Roost|p1a: Latios\n|-heal|p1a: Latios|74/100\n|-singleturn|p1a: Latios|move: Roost\n|\n|-weather|RainDance|[upkeep]\n|upkeep\n|turn|10\n|\n|t:|1771200633\n|move|p1a: Latios|Luster Purge|p2a: Pelipper\n|-damage|p2a: Pelipper|24/100\n|move|p2a: Pelipper|U-turn|p1a: Latios\n|-supereffective|p1a: Latios\n|-damage|p1a: Latios|54/100\n|\n|t:|1771200638\n|switch|p2a: Swampert|Swampert-Mega, F|39/100|[from] U-turn\n|-damage|p2a: Swampert|27/100|[from] Spikes\n|\n|-weather|RainDance|[upkeep]\n|upkeep\n|turn|11\n|\n|t:|1771200645\n|switch|p1a: Pecharunt|Pecharunt|100/100\n|move|p2a: Swampert|Ice Punch|p1a: Pecharunt\n|-damage|p1a: Pecharunt|86/100\n|\n|-weather|RainDance|[upkeep]\n|upkeep\n|turn|12\n|\n|t:|1771200647\n|move|p2a: Swampert|Earthquake|p1a: Pecharunt\n|-supereffective|p1a: Pecharunt\n|-damage|p1a: Pecharunt|20/100\n|move|p1a: Pecharunt|Foul Play|p2a: Swampert\n|-damage|p2a: Swampert|0 fnt\n|faint|p2a: Swampert\n|detailschange|p2: Swampert|Swampert, F|[silent]\n|\n|-weather|RainDance|[upkeep]\n|upkeep\n|\n|t:|1771200655\n|switch|p2a: Ludicolo|Ludicolo, F|100/100\n|-damage|p2a: Ludicolo|88/100|[from] Spikes\n|turn|13\n|\n|t:|1771200659\n|move|p2a: Ludicolo|Weather Ball|p1a: Pecharunt\n|-damage|p1a: Pecharunt|0 fnt\n|faint|p1a: Pecharunt\n|-damage|p2a: Ludicolo|78/100|[from] item: Life Orb\n|\n|-weather|RainDance|[upkeep]\n|upkeep\n|\n|t:|1771200663\n|switch|p1a: Ting-Lu|Ting-Lu|100/100\n|-damage|p1a: Ting-Lu|94/100|[from] Stealth Rock\n|-ability|p1a: Ting-Lu|Vessel of Ruin\n|turn|14\n|\n|t:|1771200667\n|move|p2a: Ludicolo|Weather Ball|p1a: Ting-Lu\n|-supereffective|p1a: Ting-Lu\n|-damage|p1a: Ting-Lu|23/100\n|-damage|p2a: Ludicolo|68/100|[from] item: Life Orb\n|move|p1a: Ting-Lu|Payback|p2a: Ludicolo\n|-damage|p2a: Ludicolo|15/100\n|\n|-weather|RainDance|[upkeep]\n|-heal|p1a: Ting-Lu|29/100|[from] item: Leftovers\n|upkeep\n|turn|15\n|\n|t:|1771200675\n|move|p2a: Ludicolo|Giga Drain|p1a: Ting-Lu\n|-supereffective|p1a: Ting-Lu\n|-damage|p1a: Ting-Lu|0 fnt\n|-heal|p2a: Ludicolo|40/100|[from] drain|[of] p1a: Ting-Lu\n|faint|p1a: Ting-Lu\n|-damage|p2a: Ludicolo|30/100|[from] item: Life Orb\n|\n|-weather|RainDance|[upkeep]\n|upkeep\n|\n|t:|1771200693\n|switch|p1a: Latios|Latios-Mega, M|54/100\n|-damage|p1a: Latios|41/100|[from] Stealth Rock\n|turn|16\n|\n|t:|1771200696\n|move|p2a: Ludicolo|Ice Beam|p1a: Latios\n|-supereffective|p1a: Latios\n|-damage|p1a: Latios|0 fnt\n|faint|p1a: Latios\n|detailschange|p1: Latios|Latios, M|[silent]\n|-damage|p2a: Ludicolo|20/100|[from] item: Life Orb\n|\n|win|Misty Biitch\n|raw|DriftedEx's rating: 1701 &rarr; <strong>1683</strong><br />(-18 for losing)\n|raw|Misty Biitch's rating: 1740 &rarr; <strong>1758</strong><br />(+18 for winning)\n|l|☆DriftedEx\n|player|p1|\n|l|☆Misty Biitch\n|player|p2|\n", "uploadtime": 1771200942, "views": 7, "formatid": "gen9nationaldex", "rating": 1683, "private": 0, "password": null}