{"id": "gen9nationaldex-2540208988", "format": "[Gen 9] National Dex", "players": ["lepooker", "Crsiu"], "log": "|j|☆lepooker\n|j|☆Crsiu\n|t:|1771176019\n|gametype|singles\n|player|p1|lepooker|giovanni|1544\n|player|p2|Crsiu|n|1628\n|gen|9\n|tier|[Gen 9] National Dex\n|rated|\n|rule|HP Percentage Mod: HP is shown in percentages\n|rule|Endless Battle Clause: Forcing endless battles is banned\n|rule|Species Clause: Limit one of each Pokémon\n|rule|OHKO Clause: OHKO moves are banned\n|rule|Evasion Clause: Evasion abilities, items, and moves are banned\n|rule|Evasion Abilities Clause: Evasion abilities are banned\n|rule|Evasion Items Clause: Evasion items are banned\n|rule|Evasion Moves Clause: Evasion moves are banned\n|rule|Sleep Clause Mod: Limit one foe put to sleep\n|rule|Terastal Clause: You cannot Terastallize\n|clearpoke\n|poke|p1|Mamoswine, M|\n|poke|p1|Cinderace, F|\n|poke|p1|Raging Bolt|\n|poke|p1|Zamazenta-*|\n|poke|p1|Enamorus-Therian, F|\n|poke|p1|Kingambit, M|\n|poke|p2|Blaziken, M|\n|poke|p2|Tapu Lele|\n|poke|p2|Iron Treads|\n|poke|p2|Ninetales-Alola, M|\n|poke|p2|Raging Bolt|\n|poke|p2|Ursaluna, F|\n|teampreview\n|inactive|Battle timer is ON: inactive players will automatically lose when time's up. (requested by lepooker)\n|inactive|Crsiu has 120 seconds left.\n|\n|t:|1771176083\n|teamsize|p1|6\n|teamsize|p2|6\n|start\n|switch|p1a: Mamoswine|Mamoswine, M|100/100\n|switch|p2a: Iron Treads|Iron Treads|100/100\n|turn|1\n|\n|t:|1771176089\n|move|p2a: Iron Treads|Stealth Rock|p1a: Mamoswine\n|-sidestart|p1: lepooker|move: Stealth Rock\n|move|p1a: Mamoswine|Earthquake|p2a: Iron Treads\n|-supereffective|p2a: Iron Treads\n|-damage|p2a: Iron Treads|2/100\n|\n|upkeep\n|turn|2\n|\n|t:|1771176096\n|-end|p2a: Iron Treads|Quark Drive|[silent]\n|switch|p2a: Tapu Lele|Tapu Lele|100/100\n|-fieldstart|move: Psychic Terrain|[from] ability: Psychic Surge|[of] p2a: Tapu Lele\n|move|p1a: Mamoswine|Ice Shard|p2a: Tapu Lele\n|-activate|p2a: Tapu Lele|move: Psychic Terrain\n|\n|upkeep\n|turn|3\n|\n|t:|1771176105\n|switch|p2a: Ninetales|Ninetales-Alola, M|100/100\n|-weather|Snowscape|[from] ability: Snow Warning|[of] p2a: Ninetales\n|move|p1a: Mamoswine|Earthquake|p2a: Ninetales\n|-damage|p2a: Ninetales|53/100\n|\n|-weather|Snowscape|[upkeep]\n|upkeep\n|turn|4\n|\n|t:|1771176114\n|switch|p1a: Cinderace|Cinderace, F|100/100\n|move|p2a: Ninetales|Encore||[still]\n|-fail|p2a: Ninetales\n|\n|-weather|Snowscape|[upkeep]\n|upkeep\n|turn|5\n|\n|t:|1771176125\n|switch|p2a: Raging Bolt|Raging Bolt|100/100\n|move|p1a: Cinderace|Pyro Ball|p2a: Raging Bolt\n|-resisted|p2a: Raging Bolt\n|-damage|p2a: Raging Bolt|76/100\n|\n|-weather|Snowscape|[upkeep]\n|upkeep\n|turn|6\n|\n|t:|1771176130\n|move|p1a: Cinderace|Court Change|p1a: Cinderace\n|-start|p1a: Cinderace|typechange|Normal|[from] ability: Libero\n|-swapsideconditions\n|-activate|p1a: Cinderace|move: Court Change\n|move|p2a: Raging Bolt|Draco Meteor|p1a: Cinderace\n|-damage|p1a: Cinderace|0 fnt\n|-unboost|p2a: Raging Bolt|spa|2\n|faint|p1a: Cinderace\n|\n|-weather|Snowscape|[upkeep]\n|-fieldend|move: Psychic Terrain\n|upkeep\n|\n|t:|1771176134\n|switch|p1a: Mamoswine|Mamoswine, M|100/100\n|turn|7\n|\n|t:|1771176138\n|-end|p2a: Raging Bolt|Protosynthesis|[silent]\n|switch|p2a: Iron Treads|Iron Treads|2/100\n|-damage|p2a: Iron Treads|0 fnt|[from] Stealth Rock\n|faint|p2a: Iron Treads\n|-end|p2a: Iron Treads|Quark Drive|[silent]\n|move|p1a: Mamoswine|Earthquake|p2: Iron Treads|[notarget]\n|-fail|p1a: Mamoswine\n|\n|-weather|none\n|upkeep\n|\n|t:|1771176147\n|switch|p2a: Ninetales|Ninetales-Alola, M|53/100\n|-damage|p2a: Ninetales|28/100|[from] Stealth Rock\n|-weather|Snowscape|[from] ability: Snow Warning|[of] p2a: Ninetales\n|turn|8\n|\n|t:|1771176149\n|move|p2a: Ninetales|Aurora Veil|p2a: Ninetales\n|-sidestart|p2: Crsiu|move: Aurora Veil\n|move|p1a: Mamoswine|Earthquake|p2a: Ninetales\n|-crit|p2a: Ninetales\n|-damage|p2a: Ninetales|0 fnt\n|faint|p2a: Ninetales\n|\n|-weather|Snowscape|[upkeep]\n|upkeep\n|\n|t:|1771176158\n|switch|p2a: Tapu Lele|Tapu Lele|100/100\n|-damage|p2a: Tapu Lele|88/100|[from] Stealth Rock\n|-fieldstart|move: Psychic Terrain|[from] ability: Psychic Surge|[of] p2a: Tapu Lele\n|turn|9\n|\n|t:|1771176160\n|move|p2a: Tapu Lele|Moonblast|p1a: Mamoswine\n|-damage|p1a: Mamoswine|28/100\n|-unboost|p1a: Mamoswine|spa|1\n|move|p1a: Mamoswine|Earthquake|p2a: Tapu Lele\n|-damage|p2a: Tapu Lele|48/100\n|\n|-weather|Snowscape|[upkeep]\n|upkeep\n|turn|10\n|\n|t:|1771176163\n|move|p2a: Tapu Lele|Moonblast|p1a: Mamoswine\n|-damage|p1a: Mamoswine|0 fnt\n|faint|p1a: Mamoswine\n|\n|-weather|Snowscape|[upkeep]\n|upkeep\n|\n|t:|1771176170\n|switch|p1a: Kingambit|Kingambit, M|100/100\n|-activate|p1a: Kingambit|ability: Supreme Overlord\n|-start|p1a: Kingambit|fallen2|[silent]\n|turn|11\n|\n|t:|1771176179\n|switch|p2a: Ursaluna|Ursaluna, F|100/100\n|-damage|p2a: Ursaluna|94/100|[from] Stealth Rock\n|-zpower|p1a: Kingambit\n|move|p1a: Kingambit|Black Hole Eclipse|p2a: Ursaluna|[zeffect]\n|-damage|p2a: Ursaluna|57/100\n|\n|-weather|Snowscape|[upkeep]\n|-status|p2a: Ursaluna|brn|[from] item: Flame Orb\n|upkeep\n|turn|12\n|\n|t:|1771176186\n|-end|p1a: Kingambit|fallen2|[silent]\n|switch|p1a: Enamorus|Enamorus-Therian, F|100/100\n|move|p2a: Ursaluna|Facade|p1a: Enamorus\n|-damage|p1a: Enamorus|0 fnt\n|faint|p1a: Enamorus\n|\n|-weather|none\n|-damage|p2a: Ursaluna|51/100 brn|[from] brn\n|upkeep\n|\n|t:|1771176192\n|switch|p1a: Zamazenta|Zamazenta|100/100\n|-ability|p1a: Zamazenta|Dauntless Shield|boost\n|-boost|p1a: Zamazenta|def|1\n|turn|13\n|\n|t:|1771176197\n|switch|p2a: Raging Bolt|Raging Bolt|76/100\n|-damage|p2a: Raging Bolt|64/100|[from] Stealth Rock\n|move|p1a: Zamazenta|Iron Defense|p1a: Zamazenta\n|-boost|p1a: Zamazenta|def|2\n|\n|-fieldend|move: Psychic Terrain\n|upkeep\n|turn|14\n|\n|t:|1771176204\n|move|p1a: Zamazenta|Body Press|p2a: Raging Bolt\n|-damage|p2a: Raging Bolt|28/100\n|move|p2a: Raging Bolt|Draco Meteor|p1a: Zamazenta|[miss]\n|-miss|p2a: Raging Bolt|p1a: Zamazenta\n|\n|upkeep\n|turn|15\n|\n|t:|1771176209\n|move|p1a: Zamazenta|Body Press|p2a: Raging Bolt\n|-damage|p2a: Raging Bolt|0 fnt\n|faint|p2a: Raging Bolt\n|-end|p2a: Raging Bolt|Protosynthesis|[silent]\n|\n|-sideend|p2: Crsiu|move: Aurora Veil\n|upkeep\n|\n|t:|1771176212\n|switch|p2a: Tapu Lele|Tapu Lele|48/100\n|-damage|p2a: Tapu Lele|35/100|[from] Stealth Rock\n|-fieldstart|move: Psychic Terrain|[from] ability: Psychic Surge|[of] p2a: Tapu Lele\n|turn|16\n|\n|t:|1771176218\n|switch|p1a: Kingambit|Kingambit, M|100/100\n|-activate|p1a: Kingambit|ability: Supreme Overlord\n|-start|p1a: Kingambit|fallen3|[silent]\n|move|p2a: Tapu Lele|Psychic|p1a: Kingambit\n|-immune|p1a: Kingambit\n|\n|upkeep\n|turn|17\n|\n|t:|1771176224\n|switch|p2a: Ursaluna|Ursaluna, F|51/100 brn\n|-damage|p2a: Ursaluna|44/100 brn|[from] Stealth Rock\n|move|p1a: Kingambit|Iron Head|p2a: Ursaluna\n|-damage|p2a: Ursaluna|0 fnt\n|faint|p2a: Ursaluna\n|\n|upkeep\n|\n|t:|1771176227\n|switch|p2a: Blaziken|Blaziken, M, shiny|100/100\n|-damage|p2a: Blaziken|88/100|[from] Stealth Rock\n|turn|18\n|\n|t:|1771176241\n|move|p2a: Blaziken|Swords Dance|p2a: Blaziken\n|-boost|p2a: Blaziken|atk|2\n|move|p1a: Kingambit|Iron Head|p2a: Blaziken\n|-resisted|p2a: Blaziken\n|-damage|p2a: Blaziken|44/100\n|\n|-ability|p2a: Blaziken|Speed Boost|boost\n|-boost|p2a: Blaziken|spe|1\n|upkeep\n|turn|19\n|\n|t:|1771176246\n|-end|p1a: Kingambit|fallen3|[silent]\n|switch|p1a: Raging Bolt|Raging Bolt|100/100\n|-enditem|p1a: Raging Bolt|Booster Energy\n|-activate|p1a: Raging Bolt|ability: Protosynthesis|[fromitem]\n|-start|p1a: Raging Bolt|protosynthesisspa\n|move|p2a: Blaziken|Blaze Kick|p1a: Raging Bolt\n|-resisted|p1a: Raging Bolt\n|-damage|p1a: Raging Bolt|61/100\n|\n|-ability|p2a: Blaziken|Speed Boost|boost\n|-boost|p2a: Blaziken|spe|1\n|upkeep\n|turn|20\n|\n|t:|1771176252\n|move|p2a: Blaziken|Endure|p2a: Blaziken\n|-singleturn|p2a: Blaziken|move: Endure\n|move|p1a: Raging Bolt|Thunderbolt|p2a: Blaziken\n|-activate|p2a: Blaziken|move: Endure\n|-damage|p2a: Blaziken|1/100\n|\n|-fieldend|move: Psychic Terrain\n|-ability|p2a: Blaziken|Speed Boost|boost\n|-boost|p2a: Blaziken|spe|1\n|upkeep\n|turn|21\n|\n|t:|1771176257\n|move|p1a: Raging Bolt|Thunderclap||[still]\n|-fail|p1a: Raging Bolt\n|move|p2a: Blaziken|Swords Dance|p2a: Blaziken\n|-boost|p2a: Blaziken|atk|2\n|\n|-ability|p2a: Blaziken|Speed Boost|boost\n|-boost|p2a: Blaziken|spe|1\n|upkeep\n|turn|22\n|\n|t:|1771176261\n|move|p1a: Raging Bolt|Thunderclap||[still]\n|-fail|p1a: Raging Bolt\n|move|p2a: Blaziken|Swords Dance|p2a: Blaziken\n|-boost|p2a: Blaziken|atk|2\n|\n|-ability|p2a: Blaziken|Speed Boost|boost\n|-boost|p2a: Blaziken|spe|1\n|upkeep\n|turn|23\n|\n|t:|1771176265\n|move|p2a: Blaziken|Endure|p2a: Blaziken\n|-singleturn|p2a: Blaziken|move: Endure\n|move|p1a: Raging Bolt|Thunderclap||[still]\n|-fail|p1a: Raging Bolt\n|\n|-ability|p2a: Blaziken|Speed Boost|boost\n|-boost|p2a: Blaziken|spe|1\n|upkeep\n|turn|24\n|\n|t:|1771176269\n|move|p1a: Raging Bolt|Thunderclap||[still]\n|-fail|p1a: Raging Bolt\n|move|p2a: Blaziken|Swords Dance|p2a: Blaziken\n|-boost|p2a: Blaziken|atk|0\n|\n|upkeep\n|turn|25\n|\n|t:|1771176273\n|move|p2a: Blaziken|Endure|p2a: Blaziken\n|-singleturn|p2a: Blaziken|move: Endure\n|move|p1a: Raging Bolt|Thunderclap||[still]\n|-fail|p1a: Raging Bolt\n|\n|upkeep\n|turn|26\n|\n|t:|1771176278\n|move|p1a: Raging Bolt|Thunderclap|p2a: Blaziken\n|-damage|p2a: Blaziken|0 fnt\n|faint|p2a: Blaziken\n|\n|upkeep\n|j| salmonelephant\n|inactive|Crsiu has 120 seconds left.\n|inactive|Crsiu has 90 seconds left.\n|c|☆lepooker|bro what are you thinking about :sob:\n|c|☆lepooker|go lele click moonblast\n|inactive|Crsiu has 60 seconds left.\n|inactive|Crsiu has 30 seconds left.\n|inactive|Crsiu has 20 seconds left.\n|inactive|Crsiu has 15 seconds left.\n|inactive|Crsiu has 10 seconds left.\n|inactive|Crsiu has 5 seconds left.\n|-message|Crsiu lost due to inactivity.\n|\n|win|lepooker\n|raw|lepooker's rating: 1544 &rarr; <strong>1569</strong><br />(+25 for winning)\n|raw|Crsiu's rating: 1628 &rarr; <strong>1603</strong><br />(-25 for losing)\n|l|☆lepooker\n|player|p1|\n|l| salmonelephant\n", "uploadtime": 1771176590, "views": 6, "formatid": "gen9nationaldex", "rating": 1569, "private": 0, "password": null}