{"id": "gen9nationaldex-2540919967", "format": "[Gen 9] National Dex", "players": ["DJ Farofa", "pichaexplosiva"], "log": "|j|☆DJ Farofa\n|j|☆pichaexplosiva\n|t:|1771267205\n|gametype|singles\n|player|p1|DJ Farofa|169|1627\n|player|p2|pichaexplosiva|169|1606\n|gen|9\n|tier|[Gen 9] National Dex\n|rated|\n|rule|HP Percentage Mod: HP is shown in percentages\n|rule|Endless Battle Clause: Forcing endless battles is banned\n|rule|Species Clause: Limit one of each Pokémon\n|rule|OHKO Clause: OHKO moves are banned\n|rule|Evasion Clause: Evasion abilities, items, and moves are banned\n|rule|Evasion Abilities Clause: Evasion abilities are banned\n|rule|Evasion Items Clause: Evasion items are banned\n|rule|Evasion Moves Clause: Evasion moves are banned\n|rule|Sleep Clause Mod: Limit one foe put to sleep\n|rule|Terastal Clause: You cannot Terastallize\n|clearpoke\n|poke|p1|Arcanine-Hisui, F|\n|poke|p1|Landorus-Therian, M|\n|poke|p1|Corviknight, F|\n|poke|p1|Ogerpon-Wellspring, F|\n|poke|p1|Tyranitar, F|\n|poke|p1|Pecharunt|\n|poke|p2|Scizor, F|\n|poke|p2|Latios, M|\n|poke|p2|Ting-Lu|\n|poke|p2|Zapdos|\n|poke|p2|Gholdengo|\n|poke|p2|Urshifu-*, M|\n|teampreview\n|\n|t:|1771267213\n|teamsize|p1|6\n|teamsize|p2|6\n|start\n|switch|p1a: Landorus|Landorus-Therian, M|100/100\n|switch|p2a: Urshifu|Urshifu-Rapid-Strike, M|100/100\n|-ability|p1a: Landorus|Intimidate|boost\n|-unboost|p2a: Urshifu|atk|1\n|turn|1\n|inactive|Battle timer is ON: inactive players will automatically lose when time's up. (requested by pichaexplosiva)\n|\n|t:|1771267222\n|switch|p1a: Corviknight|Corviknight, F|100/100\n|-ability|p1a: Corviknight|Pressure\n|move|p2a: Urshifu|U-turn|p1a: Corviknight\n|-resisted|p1a: Corviknight\n|-damage|p1a: Corviknight|98/100\n|-damage|p2a: Urshifu|84/100|[from] item: Rocky Helmet|[of] p1a: Corviknight\n|\n|t:|1771267231\n|switch|p2a: Gholdengo|Gholdengo|100/100|[from] U-turn\n|\n|upkeep\n|turn|2\n|\n|t:|1771267237\n|switch|p1a: Tyranitar|Tyranitar, F|100/100\n|-weather|Sandstorm|[from] ability: Sand Stream|[of] p1a: Tyranitar\n|move|p2a: Gholdengo|Nasty Plot|p2a: Gholdengo\n|-boost|p2a: Gholdengo|spa|2\n|\n|-weather|Sandstorm|[upkeep]\n|upkeep\n|turn|3\n|\n|t:|1771267242\n|detailschange|p1a: Tyranitar|Tyranitar-Mega, F\n|-mega|p1a: Tyranitar|Tyranitar|Tyranitarite\n|move|p2a: Gholdengo|Focus Blast|p1a: Tyranitar\n|-supereffective|p1a: Tyranitar\n|-damage|p1a: Tyranitar|0 fnt\n|faint|p1a: Tyranitar\n|detailschange|p1: Tyranitar|Tyranitar, F|[silent]\n|\n|-weather|Sandstorm|[upkeep]\n|upkeep\n|\n|t:|1771267246\n|switch|p1a: Arcanine|Arcanine-Hisui, F|100/100\n|turn|4\n|\n|t:|1771267251\n|switch|p2a: Zapdos|Zapdos|100/100\n|move|p1a: Arcanine|Flare Blitz|p2a: Zapdos\n|-damage|p2a: Zapdos|43/100\n|-damage|p1a: Arcanine|91/100|[from] item: Life Orb\n|\n|-weather|Sandstorm|[upkeep]\n|-damage|p2a: Zapdos|37/100|[from] Sandstorm\n|upkeep\n|turn|5\n|\n|t:|1771267258\n|switch|p2a: Ting-Lu|Ting-Lu|100/100\n|-ability|p2a: Ting-Lu|Vessel of Ruin\n|move|p1a: Arcanine|Flare Blitz|p2a: Ting-Lu\n|-damage|p2a: Ting-Lu|60/100\n|-damage|p1a: Arcanine|81/100|[from] item: Life Orb\n|\n|-weather|Sandstorm|[upkeep]\n|-heal|p2a: Ting-Lu|66/100|[from] item: Leftovers\n|upkeep\n|turn|6\n|\n|t:|1771267269\n|move|p1a: Arcanine|Close Combat|p2a: Ting-Lu\n|-supereffective|p2a: Ting-Lu\n|-damage|p2a: Ting-Lu|16/100\n|-unboost|p1a: Arcanine|def|1\n|-unboost|p1a: Arcanine|spd|1\n|-damage|p1a: Arcanine|71/100|[from] item: Life Orb\n|move|p2a: Ting-Lu|Stealth Rock|p1a: Arcanine\n|-sidestart|p1: DJ Farofa|move: Stealth Rock\n|\n|-weather|none\n|-heal|p2a: Ting-Lu|22/100|[from] item: Leftovers\n|upkeep\n|turn|7\n|\n|t:|1771267274\n|move|p1a: Arcanine|Flare Blitz|p2a: Ting-Lu\n|-damage|p2a: Ting-Lu|0 fnt\n|faint|p2a: Ting-Lu\n|-damage|p1a: Arcanine|61/100|[from] item: Life Orb\n|\n|upkeep\n|\n|t:|1771267279\n|switch|p2a: Scizor|Scizor, F|100/100\n|turn|8\n|\n|t:|1771267282\n|move|p2a: Scizor|Bullet Punch|p1a: Arcanine\n|-damage|p1a: Arcanine|0 fnt\n|faint|p1a: Arcanine\n|\n|upkeep\n|\n|t:|1771267285\n|switch|p1a: Corviknight|Corviknight, F|98/100\n|-damage|p1a: Corviknight|86/100|[from] Stealth Rock\n|-ability|p1a: Corviknight|Pressure\n|turn|9\n|\n|t:|1771267289\n|switch|p2a: Zapdos|Zapdos|37/100\n|move|p1a: Corviknight|Defog|p2a: Zapdos\n|-unboost|p2a: Zapdos|evasion|1\n|-sideend|p1: DJ Farofa|Stealth Rock|[from] move: Defog|[of] p1a: Corviknight\n|\n|upkeep\n|turn|10\n|\n|t:|1771267293\n|switch|p1a: Landorus|Landorus-Therian, M|100/100\n|-ability|p1a: Landorus|Intimidate|boost\n|-unboost|p2a: Zapdos|atk|1\n|move|p2a: Zapdos|Roost|p2a: Zapdos\n|-heal|p2a: Zapdos|87/100\n|-singleturn|p2a: Zapdos|move: Roost\n|\n|upkeep\n|turn|11\n|\n|t:|1771267297\n|move|p1a: Landorus|Stone Edge|p2a: Zapdos\n|-supereffective|p2a: Zapdos\n|-damage|p2a: Zapdos|26/100\n|move|p2a: Zapdos|Hurricane|p1a: Landorus|[miss]\n|-miss|p2a: Zapdos|p1a: Landorus\n|\n|upkeep\n|turn|12\n|\n|t:|1771267302\n|switch|p2a: Urshifu|Urshifu-Rapid-Strike, M|84/100\n|move|p1a: Landorus|Stone Edge|p2a: Urshifu\n|-resisted|p2a: Urshifu\n|-damage|p2a: Urshifu|64/100\n|\n|upkeep\n|turn|13\n|\n|t:|1771267306\n|switch|p1a: Corviknight|Corviknight, F|86/100\n|-ability|p1a: Corviknight|Pressure\n|move|p2a: Urshifu|U-turn|p1a: Corviknight\n|-resisted|p1a: Corviknight\n|-damage|p1a: Corviknight|82/100\n|-damage|p2a: Urshifu|47/100|[from] item: Rocky Helmet|[of] p1a: Corviknight\n|\n|t:|1771267309\n|switch|p2a: Latios|Latios, M|100/100|[from] U-turn\n|\n|upkeep\n|turn|14\n|j| Reyanek\n|\n|t:|1771267314\n|detailschange|p2a: Latios|Latios-Mega, M\n|-mega|p2a: Latios|Latios|Latiosite\n|move|p2a: Latios|Mystical Fire|p1a: Corviknight\n|-supereffective|p1a: Corviknight\n|-damage|p1a: Corviknight|27/100\n|-unboost|p1a: Corviknight|spa|1\n|move|p1a: Corviknight|U-turn|p2a: Latios\n|-supereffective|p2a: Latios\n|-damage|p2a: Latios|69/100\n|\n|t:|1771267322\n|switch|p1a: Landorus|Landorus-Therian, M|100/100|[from] U-turn\n|-ability|p1a: Landorus|Intimidate|boost\n|-unboost|p2a: Latios|atk|1\n|\n|upkeep\n|turn|15\n|\n|t:|1771267326\n|switch|p2a: Zapdos|Zapdos|26/100\n|move|p1a: Landorus|U-turn|p2a: Zapdos\n|-resisted|p2a: Zapdos\n|-damage|p2a: Zapdos|16/100\n|\n|t:|1771267329\n|switch|p1a: Ogerpon|Ogerpon-Wellspring, F|100/100|[from] U-turn\n|\n|upkeep\n|turn|16\n|\n|t:|1771267332\n|move|p1a: Ogerpon|Ivy Cudgel|p2a: Zapdos|[anim] Ivy Cudgel Water\n|-damage|p2a: Zapdos|0 fnt\n|faint|p2a: Zapdos\n|\n|upkeep\n|\n|t:|1771267335\n|switch|p2a: Urshifu|Urshifu-Rapid-Strike, M|47/100\n|turn|17\n|\n|t:|1771267337\n|switch|p1a: Corviknight|Corviknight, F|27/100\n|-ability|p1a: Corviknight|Pressure\n|move|p2a: Urshifu|U-turn|p1a: Corviknight\n|-resisted|p1a: Corviknight\n|-damage|p1a: Corviknight|23/100\n|-damage|p2a: Urshifu|31/100|[from] item: Rocky Helmet|[of] p1a: Corviknight\n|\n|t:|1771267341\n|switch|p2a: Latios|Latios-Mega, M|69/100|[from] U-turn\n|\n|upkeep\n|turn|18\n|\n|t:|1771267346\n|move|p2a: Latios|Luster Purge|p1a: Corviknight\n|-resisted|p1a: Corviknight\n|-damage|p1a: Corviknight|0 fnt\n|faint|p1a: Corviknight\n|\n|upkeep\n|\n|t:|1771267350\n|switch|p1a: Landorus|Landorus-Therian, M|100/100\n|-ability|p1a: Landorus|Intimidate|boost\n|-unboost|p2a: Latios|atk|1\n|turn|19\n|\n|t:|1771267355\n|switch|p2a: Urshifu|Urshifu-Rapid-Strike, M|31/100\n|move|p1a: Landorus|U-turn|p2a: Urshifu\n|-resisted|p2a: Urshifu\n|-damage|p2a: Urshifu|18/100\n|\n|t:|1771267359\n|switch|p1a: Pecharunt|Pecharunt|100/100|[from] U-turn\n|\n|upkeep\n|turn|20\n|\n|t:|1771267362\n|move|p2a: Urshifu|U-turn|p1a: Pecharunt\n|-resisted|p1a: Pecharunt\n|-damage|p1a: Pecharunt|96/100\n|\n|t:|1771267367\n|switch|p2a: Scizor|Scizor, F|100/100|[from] U-turn\n|move|p1a: Pecharunt|Shadow Ball|p2a: Scizor\n|-crit|p2a: Scizor\n|-damage|p2a: Scizor|32/100\n|-unboost|p2a: Scizor|spd|1\n|\n|upkeep\n|turn|21\n|\n|t:|1771267374\n|move|p1a: Pecharunt|Shadow Ball|p2a: Scizor\n|-damage|p2a: Scizor|0 fnt\n|faint|p2a: Scizor\n|\n|upkeep\n|\n|t:|1771267376\n|switch|p2a: Gholdengo|Gholdengo|100/100\n|turn|22\n|\n|t:|1771267381\n|-zpower|p1a: Pecharunt\n|move|p1a: Pecharunt|Never-Ending Nightmare|p2a: Gholdengo|[zeffect]\n|-supereffective|p2a: Gholdengo\n|-damage|p2a: Gholdengo|0 fnt\n|faint|p2a: Gholdengo\n|\n|upkeep\n|\n|t:|1771267385\n|switch|p2a: Latios|Latios-Mega, M|69/100\n|turn|23\n|\n|t:|1771267389\n|move|p2a: Latios|Luster Purge|p1a: Pecharunt\n|-supereffective|p1a: Pecharunt\n|-damage|p1a: Pecharunt|0 fnt\n|faint|p1a: Pecharunt\n|\n|upkeep\n|\n|t:|1771267393\n|switch|p1a: Ogerpon|Ogerpon-Wellspring, F|100/100\n|turn|24\n|\n|t:|1771267398\n|move|p1a: Ogerpon|U-turn|p2a: Latios\n|-supereffective|p2a: Latios\n|-damage|p2a: Latios|8/100\n|\n|t:|1771267401\n|switch|p1a: Landorus|Landorus-Therian, M|100/100|[from] U-turn\n|-ability|p1a: Landorus|Intimidate|boost\n|-unboost|p2a: Latios|atk|1\n|move|p2a: Latios|Luster Purge|p1a: Landorus\n|-damage|p1a: Landorus|30/100\n|-unboost|p1a: Landorus|spd|1\n|\n|upkeep\n|turn|25\n|\n|t:|1771267405\n|move|p1a: Landorus|U-turn|p2a: Latios\n|-supereffective|p2a: Latios\n|-damage|p2a: Latios|0 fnt\n|faint|p2a: Latios\n|detailschange|p2: Latios|Latios, M|[silent]\n|\n|t:|1771267410\n|switch|p1a: Ogerpon|Ogerpon-Wellspring, F|100/100|[from] U-turn\n|\n|upkeep\n|\n|t:|1771267411\n|switch|p2a: Urshifu|Urshifu-Rapid-Strike, M|18/100\n|turn|26\n|\n|t:|1771267414\n|switch|p1a: Landorus|Landorus-Therian, M|30/100\n|-ability|p1a: Landorus|Intimidate|boost\n|-unboost|p2a: Urshifu|atk|1\n|move|p2a: Urshifu|Close Combat|p1a: Landorus\n|-resisted|p1a: Landorus\n|-damage|p1a: Landorus|6/100\n|-unboost|p2a: Urshifu|def|1\n|-unboost|p2a: Urshifu|spd|1\n|\n|upkeep\n|turn|27\n|\n|t:|1771267421\n|move|p2a: Urshifu|Close Combat|p1a: Landorus\n|-resisted|p1a: Landorus\n|-damage|p1a: Landorus|0 fnt\n|-unboost|p2a: Urshifu|def|1\n|-unboost|p2a: Urshifu|spd|1\n|faint|p1a: Landorus\n|\n|upkeep\n|\n|t:|1771267424\n|switch|p1a: Ogerpon|Ogerpon-Wellspring, F|100/100\n|turn|28\n|\n|t:|1771267425\n|move|p2a: Urshifu|Close Combat|p1a: Ogerpon\n|-damage|p1a: Ogerpon|42/100\n|-unboost|p2a: Urshifu|def|1\n|-unboost|p2a: Urshifu|spd|1\n|move|p1a: Ogerpon|Ivy Cudgel|p2a: Urshifu|[anim] Ivy Cudgel Water\n|-resisted|p2a: Urshifu\n|-damage|p2a: Urshifu|0 fnt\n|faint|p2a: Urshifu\n|\n|win|DJ Farofa\n|raw|DJ Farofa's rating: 1627 &rarr; <strong>1646</strong><br />(+19 for winning)\n|raw|pichaexplosiva's rating: 1606 &rarr; <strong>1587</strong><br />(-19 for losing)\n|l|☆pichaexplosiva\n|player|p2|\n|l|☆DJ Farofa\n|player|p1|\n|l| Reyanek\n", "uploadtime": 1771267681, "views": 2, "formatid": "gen9nationaldex", "rating": 1587, "private": 0, "password": null}