{"id": "gen9nationaldex-2540476460", "format": "[Gen 9] National Dex", "players": ["AyyOmega", "e6e"], "log": "|j|☆AyyOmega\n|j|☆e6e\n|t:|1771206802\n|gametype|singles\n|player|p1|AyyOmega|102|1603\n|player|p2|e6e|mallow|1605\n|gen|9\n|tier|[Gen 9] National Dex\n|rated|\n|rule|HP Percentage Mod: HP is shown in percentages\n|rule|Endless Battle Clause: Forcing endless battles is banned\n|rule|Species Clause: Limit one of each Pokémon\n|rule|OHKO Clause: OHKO moves are banned\n|rule|Evasion Clause: Evasion abilities, items, and moves are banned\n|rule|Evasion Abilities Clause: Evasion abilities are banned\n|rule|Evasion Items Clause: Evasion items are banned\n|rule|Evasion Moves Clause: Evasion moves are banned\n|rule|Sleep Clause Mod: Limit one foe put to sleep\n|rule|Terastal Clause: You cannot Terastallize\n|clearpoke\n|poke|p1|Tapu Koko|\n|poke|p1|Iron Valiant|\n|poke|p1|Tyranitar, M|\n|poke|p1|Zapdos|\n|poke|p1|Alomomola, F|\n|poke|p1|Garchomp, M|\n|poke|p2|Mawile, F|\n|poke|p2|Indeedee, M|\n|poke|p2|Hatterene, F|\n|poke|p2|Iron Hands|\n|poke|p2|Hoopa-Unbound|\n|poke|p2|Mimikyu, F|\n|teampreview\n|\n|t:|1771206827\n|teamsize|p1|6\n|teamsize|p2|6\n|start\n|switch|p1a: Tapu Koko|Tapu Koko|100/100\n|switch|p2a: G.O.A.T|Iron Hands, shiny|100/100\n|-fieldstart|move: Electric Terrain|[from] ability: Electric Surge|[of] p1a: Tapu Koko\n|-activate|p2a: G.O.A.T|ability: Quark Drive\n|-start|p2a: G.O.A.T|quarkdriveatk\n|turn|1\n|\n|t:|1771206834\n|move|p1a: Tapu Koko|U-turn|p2a: G.O.A.T\n|-resisted|p2a: G.O.A.T\n|-damage|p2a: G.O.A.T|94/100\n|\n|t:|1771206837\n|switch|p1a: Garchomp|Garchomp, M|100/100|[from] U-turn\n|move|p2a: G.O.A.T|Ice Punch|p1a: Garchomp\n|-supereffective|p1a: Garchomp\n|-damage|p1a: Garchomp|0 fnt\n|-damage|p2a: G.O.A.T|82/100|[from] ability: Rough Skin|[of] p1a: Garchomp\n|-damage|p2a: G.O.A.T|65/100|[from] item: Rocky Helmet|[of] p1a: Garchomp\n|faint|p1a: Garchomp\n|\n|upkeep\n|\n|t:|1771206842\n|switch|p1a: Iron Valiant|Iron Valiant|100/100\n|-activate|p1a: Iron Valiant|ability: Quark Drive\n|-start|p1a: Iron Valiant|quarkdrivespa\n|turn|2\n|\n|t:|1771206850\n|-end|p2a: G.O.A.T|Quark Drive|[silent]\n|switch|p2a: Kaneki|Indeedee, M|100/100\n|-fieldstart|move: Psychic Terrain|[from] ability: Psychic Surge|[of] p2a: Kaneki\n|-end|p1a: Iron Valiant|Quark Drive\n|move|p1a: Iron Valiant|Moonblast|p2a: Kaneki\n|-damage|p2a: Kaneki|20/100\n|\n|upkeep\n|turn|3\n|\n|t:|1771206859\n|switch|p2a: Maiden Knight|Mawile, F, shiny|100/100\n|-ability|p2a: Maiden Knight|Intimidate|boost\n|-unboost|p1a: Iron Valiant|atk|1\n|move|p1a: Iron Valiant|Moonblast|p2a: Maiden Knight\n|-resisted|p2a: Maiden Knight\n|-damage|p2a: Maiden Knight|26/100\n|-unboost|p2a: Maiden Knight|spa|1\n|\n|upkeep\n|turn|4\n|\n|t:|1771206869\n|switch|p2a: Mimi|Mimikyu, F, shiny|100/100\n|move|p1a: Iron Valiant|Moonblast|p2a: Mimi\n|-activate|p2a: Mimi|ability: Disguise\n|-damage|p2a: Mimi|100/100\n|detailschange|p2a: Mimi|Mimikyu-Busted, F, shiny\n|-damage|p2a: Mimi|88/100|[from] pokemon: Mimikyu-Busted\n|-enditem|p2a: Mimi|Red Card|[of] p1a: Iron Valiant\n|-end|p1a: Iron Valiant|Quark Drive|[silent]\n|drag|p1a: Zapdos|Zapdos|100/100\n|\n|upkeep\n|turn|5\n|\n|t:|1771206873\n|switch|p1a: Tyranitar|Tyranitar, M|100/100\n|-weather|Sandstorm|[from] ability: Sand Stream|[of] p1a: Tyranitar\n|move|p2a: Mimi|Trick Room|p2a: Mimi\n|-fieldstart|move: Trick Room|[of] p2a: Mimi\n|\n|-weather|Sandstorm|[upkeep]\n|-damage|p2a: Mimi|82/100|[from] Sandstorm\n|upkeep\n|turn|6\n|\n|t:|1771206882\n|-activate|p2a: Mimi|move: Pursuit\n|detailschange|p1a: Tyranitar|Tyranitar-Mega, M\n|-mega|p1a: Tyranitar|Tyranitar|Tyranitarite\n|move|p1a: Tyranitar|Pursuit|p2a: Mimi|[from] Pursuit\n|-damage|p2a: Mimi|32/100\n|switch|p2a: G.O.A.T|Iron Hands, shiny|65/100\n|\n|-weather|Sandstorm|[upkeep]\n|-damage|p2a: G.O.A.T|59/100|[from] Sandstorm\n|upkeep\n|turn|7\n|\n|t:|1771206892\n|switch|p1a: Alomomola|Alomomola, F|100/100\n|move|p2a: G.O.A.T|Close Combat|p1a: Alomomola\n|-damage|p1a: Alomomola|52/100\n|-unboost|p2a: G.O.A.T|def|1\n|-unboost|p2a: G.O.A.T|spd|1\n|\n|-weather|Sandstorm|[upkeep]\n|-damage|p1a: Alomomola|46/100|[from] Sandstorm\n|-damage|p2a: G.O.A.T|53/100|[from] Sandstorm\n|upkeep\n|turn|8\n|\n|t:|1771206908\n|move|p1a: Alomomola|Flip Turn|p2a: G.O.A.T\n|-damage|p2a: G.O.A.T|36/100\n|\n|t:|1771206911\n|switch|p1a: Tyranitar|Tyranitar-Mega, M|100/100|[from] Flip Turn\n|move|p2a: G.O.A.T|Close Combat|p1a: Tyranitar\n|-supereffective|p1a: Tyranitar\n|-damage|p1a: Tyranitar|0 fnt\n|-unboost|p2a: G.O.A.T|def|1\n|-unboost|p2a: G.O.A.T|spd|1\n|faint|p1a: Tyranitar\n|detailschange|p1: Tyranitar|Tyranitar, M|[silent]\n|\n|-weather|Sandstorm|[upkeep]\n|-damage|p2a: G.O.A.T|29/100|[from] Sandstorm\n|upkeep\n|\n|t:|1771206915\n|switch|p1a: Zapdos|Zapdos|100/100\n|turn|9\n|\n|t:|1771206918\n|move|p2a: G.O.A.T|Ice Punch|p1a: Zapdos\n|-supereffective|p1a: Zapdos\n|-damage|p1a: Zapdos|58/100\n|move|p1a: Zapdos|Volt Switch|p2a: G.O.A.T\n|-resisted|p2a: G.O.A.T\n|-damage|p2a: G.O.A.T|14/100\n|\n|t:|1771206924\n|switch|p1a: Iron Valiant|Iron Valiant|100/100|[from] Volt Switch\n|\n|-weather|none\n|-fieldend|move: Trick Room\n|-fieldend|move: Psychic Terrain\n|upkeep\n|turn|10\n|\n|t:|1771206932\n|move|p1a: Iron Valiant|Moonblast|p2a: G.O.A.T\n|-supereffective|p2a: G.O.A.T\n|-damage|p2a: G.O.A.T|0 fnt\n|faint|p2a: G.O.A.T\n|-end|p2a: G.O.A.T|Quark Drive|[silent]\n|\n|upkeep\n|\n|t:|1771206934\n|switch|p2a: Rize|Hatterene, F, shiny|100/100\n|turn|11\n|\n|t:|1771206939\n|switch|p2a: Kaneki|Indeedee, M|20/100\n|-fieldstart|move: Psychic Terrain|[from] ability: Psychic Surge|[of] p2a: Kaneki\n|move|p1a: Iron Valiant|Moonblast|p2a: Kaneki\n|-damage|p2a: Kaneki|0 fnt\n|faint|p2a: Kaneki\n|\n|upkeep\n|\n|t:|1771206941\n|switch|p2a: Rize|Hatterene, F, shiny|100/100\n|turn|12\n|\n|t:|1771206944\n|-end|p1a: Iron Valiant|Quark Drive|[silent]\n|switch|p1a: Tapu Koko|Tapu Koko|100/100\n|-fieldstart|move: Electric Terrain|[from] ability: Electric Surge|[of] p1a: Tapu Koko\n|move|p2a: Rize|Trick Room|p2a: Rize\n|-fieldstart|move: Trick Room|[of] p2a: Rize\n|\n|upkeep\n|turn|13\n|\n|t:|1771206948\n|move|p2a: Rize|Expanding Force|p1a: Tapu Koko\n|-damage|p1a: Tapu Koko|2/100\n|-damage|p2a: Rize|91/100|[from] item: Life Orb\n|-zpower|p1a: Tapu Koko\n|move|p1a: Tapu Koko|Gigavolt Havoc|p2a: Rize|[zeffect]\n|-damage|p2a: Rize|0 fnt\n|faint|p2a: Rize\n|\n|upkeep\n|\n|t:|1771206958\n|switch|p2a: Maiden Knight|Mawile, F, shiny|26/100\n|-ability|p2a: Maiden Knight|Intimidate|boost\n|-unboost|p1a: Tapu Koko|atk|1\n|turn|14\n|\n|t:|1771206964\n|detailschange|p2a: Maiden Knight|Mawile-Mega, F, shiny\n|-mega|p2a: Maiden Knight|Mawile|Mawilite\n|move|p2a: Maiden Knight|Play Rough|p1a: Tapu Koko\n|-damage|p1a: Tapu Koko|0 fnt\n|faint|p1a: Tapu Koko\n|\n|upkeep\n|\n|t:|1771206968\n|switch|p1a: Iron Valiant|Iron Valiant|100/100\n|-activate|p1a: Iron Valiant|ability: Quark Drive\n|-start|p1a: Iron Valiant|quarkdrivespa\n|turn|15\n|\n|t:|1771206972\n|move|p1a: Iron Valiant|Vacuum Wave|p2a: Maiden Knight\n|-damage|p2a: Maiden Knight|0 fnt\n|faint|p2a: Maiden Knight\n|detailschange|p2: Maiden Knight|Mawile, F, shiny|[silent]\n|\n|upkeep\n|\n|t:|1771206979\n|switch|p2a: Mimi|Mimikyu-Busted, F, shiny|32/100\n|turn|16\n|\n|t:|1771206985\n|-end|p1a: Iron Valiant|Quark Drive|[silent]\n|switch|p1a: Alomomola|Alomomola, F|79/100\n|move|p2a: Mimi|Destiny Bond|p2a: Mimi\n|-singlemove|p2a: Mimi|Destiny Bond\n|\n|-fieldend|move: Trick Room\n|-fieldend|move: Electric Terrain\n|upkeep\n|turn|17\n|\n|t:|1771206991\n|move|p1a: Alomomola|Flip Turn|p2a: Mimi\n|-damage|p2a: Mimi|18/100\n|\n|t:|1771206993\n|switch|p1a: Zapdos|Zapdos|58/100|[from] Flip Turn\n|move|p2a: Mimi|Trick Room|p2a: Mimi\n|-fieldstart|move: Trick Room|[of] p2a: Mimi\n|\n|upkeep\n|turn|18\n|\n|t:|1771206998\n|move|p2a: Mimi|Curse|p1a: Zapdos\n|-start|p1a: Zapdos|Curse|[of] p2a: Mimi\n|-damage|p2a: Mimi|0 fnt\n|faint|p2a: Mimi\n|move|p1a: Zapdos|Roost|p1a: Zapdos\n|-heal|p1a: Zapdos|100/100\n|-singleturn|p1a: Zapdos|move: Roost\n|\n|-damage|p1a: Zapdos|76/100|[from] Curse\n|upkeep\n|\n|t:|1771207000\n|switch|p2a: Netanyahu|Hoopa-Unbound|100/100\n|turn|19\n|\n|t:|1771207005\n|switch|p1a: Alomomola|Alomomola, F|100/100\n|move|p2a: Netanyahu|Expanding Force|p1a: Alomomola\n|-damage|p1a: Alomomola|73/100\n|\n|upkeep\n|turn|20\n|\n|t:|1771207010\n|move|p1a: Alomomola|Flip Turn|p2a: Netanyahu\n|-damage|p2a: Netanyahu|81/100\n|\n|t:|1771207013\n|switch|p1a: Zapdos|Zapdos|76/100|[from] Flip Turn\n|move|p2a: Netanyahu|Expanding Force|p1a: Zapdos\n|-damage|p1a: Zapdos|25/100\n|\n|upkeep\n|turn|21\n|\n|t:|1771207016\n|move|p2a: Netanyahu|Expanding Force|p1a: Zapdos\n|-damage|p1a: Zapdos|0 fnt\n|faint|p1a: Zapdos\n|\n|-fieldend|move: Trick Room\n|upkeep\n|\n|t:|1771207018\n|switch|p1a: Iron Valiant|Iron Valiant|100/100\n|turn|22\n|\n|t:|1771207020\n|move|p1a: Iron Valiant|Moonblast|p2a: Netanyahu\n|-supereffective|p2a: Netanyahu\n|-damage|p2a: Netanyahu|0 fnt\n|faint|p2a: Netanyahu\n|\n|win|AyyOmega\n|raw|AyyOmega's rating: 1603 &rarr; <strong>1623</strong><br />(+20 for winning)\n|raw|e6e's rating: 1605 &rarr; <strong>1585</strong><br />(-20 for losing)\n|c|☆AyyOmega|gg\n|c|☆e6e|gg\n|l|☆AyyOmega\n|player|p1|\n|l|☆e6e\n|player|p2|\n", "uploadtime": 1771207265, "views": 12, "formatid": "gen9nationaldex", "rating": 1585, "private": 0, "password": null}