{"id": "gen9nationaldex-2540616954", "format": "[Gen 9] National Dex", "players": ["nintenbocks", "bh_33"], "log": "|j|☆nintenbocks\n|j|☆bh_33\n|t:|1771228048\n|gametype|singles\n|player|p1|nintenbocks|skyla|1587\n|player|p2|bh_33|102|1591\n|gen|9\n|tier|[Gen 9] National Dex\n|rated|\n|rule|HP Percentage Mod: HP is shown in percentages\n|rule|Endless Battle Clause: Forcing endless battles is banned\n|rule|Species Clause: Limit one of each Pokémon\n|rule|OHKO Clause: OHKO moves are banned\n|rule|Evasion Clause: Evasion abilities, items, and moves are banned\n|rule|Evasion Abilities Clause: Evasion abilities are banned\n|rule|Evasion Items Clause: Evasion items are banned\n|rule|Evasion Moves Clause: Evasion moves are banned\n|rule|Sleep Clause Mod: Limit one foe put to sleep\n|rule|Terastal Clause: You cannot Terastallize\n|clearpoke\n|poke|p1|Araquanid, M|\n|poke|p1|Ninetales-Alola, F|\n|poke|p1|Ceruledge, M|\n|poke|p1|Moltres-Galar|\n|poke|p1|Serperior, F|\n|poke|p1|Iron Treads|\n|poke|p2|Tapu Koko|\n|poke|p2|Iron Valiant|\n|poke|p2|Latios, M|\n|poke|p2|Iron Treads|\n|poke|p2|Alomomola, M|\n|poke|p2|Landorus-Therian, M|\n|teampreview\n|\n|t:|1771228056\n|teamsize|p1|6\n|teamsize|p2|6\n|start\n|switch|p1a: Ninetales|Ninetales-Alola, F|100/100\n|switch|p2a: Tapu Koko|Tapu Koko|100/100\n|-fieldstart|move: Electric Terrain|[from] ability: Electric Surge|[of] p2a: Tapu Koko\n|-weather|Snowscape|[from] ability: Snow Warning|[of] p1a: Ninetales\n|turn|1\n|inactive|Battle timer is ON: inactive players will automatically lose when time's up. (requested by nintenbocks)\n|\n|t:|1771228066\n|move|p2a: Tapu Koko|Volt Switch|p1a: Ninetales\n|-damage|p1a: Ninetales|47/100\n|\n|t:|1771228072\n|switch|p2a: Alomomola|Alomomola, M|100/100|[from] Volt Switch\n|move|p1a: Ninetales|Aurora Veil|p1a: Ninetales\n|-sidestart|p1: nintenbocks|move: Aurora Veil\n|\n|-weather|Snowscape|[upkeep]\n|upkeep\n|turn|2\n|\n|t:|1771228085\n|switch|p1a: Araquanid|Araquanid, M|100/100\n|move|p2a: Alomomola|Mirror Coat||[still]\n|-fail|p2a: Alomomola\n|\n|-weather|Snowscape|[upkeep]\n|upkeep\n|turn|3\n|\n|t:|1771228092\n|move|p2a: Alomomola|Flip Turn|p1a: Araquanid\n|-resisted|p1a: Araquanid\n|-damage|p1a: Araquanid|96/100\n|\n|t:|1771228097\n|switch|p2a: Tapu Koko|Tapu Koko|100/100|[from] Flip Turn\n|move|p1a: Araquanid|Sticky Web|p2a: Tapu Koko\n|-sidestart|p2: bh_33|move: Sticky Web\n|\n|-weather|Snowscape|[upkeep]\n|upkeep\n|turn|4\n|\n|t:|1771228126\n|move|p2a: Tapu Koko|Volt Switch|p1a: Araquanid\n|-supereffective|p1a: Araquanid\n|-damage|p1a: Araquanid|48/100\n|\n|t:|1771228128\n|switch|p2a: Landorus|Landorus-Therian, M|100/100|[from] Volt Switch\n|-ability|p2a: Landorus|Intimidate|boost\n|-unboost|p1a: Araquanid|atk|1\n|move|p1a: Araquanid|Surf|p2a: Landorus\n|-supereffective|p2a: Landorus\n|-crit|p2a: Landorus\n|-damage|p2a: Landorus|0 fnt\n|faint|p2a: Landorus\n|\n|-weather|Snowscape|[upkeep]\n|upkeep\n|\n|t:|1771228138\n|switch|p2a: Tapu Koko|Tapu Koko|100/100\n|-activate|p2a: Tapu Koko|move: Sticky Web\n|-unboost|p2a: Tapu Koko|spe|1\n|turn|5\n|\n|t:|1771228143\n|switch|p1a: Iron Treads|Iron Treads|100/100\n|-activate|p1a: Iron Treads|ability: Quark Drive\n|-start|p1a: Iron Treads|quarkdrivespe\n|move|p2a: Tapu Koko|Volt Switch|p1a: Iron Treads\n|-immune|p1a: Iron Treads\n|\n|-weather|none\n|-fieldend|move: Electric Terrain\n|-end|p1a: Iron Treads|Quark Drive\n|upkeep\n|-enditem|p1a: Iron Treads|Booster Energy\n|-activate|p1a: Iron Treads|ability: Quark Drive|[fromitem]\n|-start|p1a: Iron Treads|quarkdrivespe\n|turn|6\n|\n|t:|1771228151\n|switch|p2a: Alomomola|Alomomola, M|100/100\n|-activate|p2a: Alomomola|move: Sticky Web\n|-unboost|p2a: Alomomola|spe|1\n|move|p1a: Iron Treads|Knock Off|p2a: Alomomola\n|-damage|p2a: Alomomola|79/100\n|-enditem|p2a: Alomomola|Assault Vest|[from] move: Knock Off|[of] p1a: Iron Treads\n|\n|upkeep\n|turn|7\n|\n|t:|1771228163\n|move|p1a: Iron Treads|Earthquake|p2a: Alomomola\n|-damage|p2a: Alomomola|45/100\n|move|p2a: Alomomola|Mirror Coat||[still]\n|-fail|p2a: Alomomola\n|\n|upkeep\n|turn|8\n|\n|t:|1771228170\n|move|p1a: Iron Treads|Earthquake|p2a: Alomomola\n|-damage|p2a: Alomomola|14/100\n|move|p2a: Alomomola|Flip Turn|p1a: Iron Treads\n|-supereffective|p1a: Iron Treads\n|-damage|p1a: Iron Treads|85/100\n|\n|t:|1771228177\n|switch|p2a: Latios|Latios, M|100/100|[from] Flip Turn\n|\n|-sideend|p1: nintenbocks|move: Aurora Veil\n|upkeep\n|turn|9\n|\n|t:|1771228183\n|detailschange|p2a: Latios|Latios-Mega, M\n|-mega|p2a: Latios|Latios|Latiosite\n|move|p1a: Iron Treads|Ice Spinner|p2a: Latios\n|-supereffective|p2a: Latios\n|-damage|p2a: Latios|42/100\n|move|p2a: Latios|Aura Sphere|p1a: Iron Treads\n|-supereffective|p1a: Iron Treads\n|-damage|p1a: Iron Treads|0 fnt\n|faint|p1a: Iron Treads\n|-end|p1a: Iron Treads|Quark Drive|[silent]\n|\n|upkeep\n|inactive|nintenbocks has 120 seconds left.\n|\n|t:|1771228216\n|switch|p1a: Ninetales|Ninetales-Alola, F|47/100\n|-weather|Snowscape|[from] ability: Snow Warning|[of] p1a: Ninetales\n|turn|10\n|\n|t:|1771228232\n|switch|p1a: Moltres|Moltres-Galar|100/100\n|move|p2a: Latios|Luster Purge|p1a: Moltres\n|-immune|p1a: Moltres\n|\n|-weather|Snowscape|[upkeep]\n|upkeep\n|turn|11\n|\n|t:|1771228239\n|move|p2a: Latios|Aura Sphere|p1a: Moltres\n|-damage|p1a: Moltres|74/100\n|move|p1a: Moltres|Nasty Plot|p1a: Moltres\n|-boost|p1a: Moltres|spa|2\n|\n|-weather|Snowscape|[upkeep]\n|-heal|p1a: Moltres|80/100|[from] item: Leftovers\n|upkeep\n|turn|12\n|\n|t:|1771228244\n|move|p2a: Latios|Roost|p2a: Latios\n|-heal|p2a: Latios|92/100\n|-singleturn|p2a: Latios|move: Roost\n|move|p1a: Moltres|Fiery Wrath|p2a: Latios\n|-supereffective|p2a: Latios\n|-crit|p2a: Latios\n|-damage|p2a: Latios|0 fnt\n|faint|p2a: Latios\n|detailschange|p2: Latios|Latios, M|[silent]\n|\n|-weather|Snowscape|[upkeep]\n|-heal|p1a: Moltres|86/100|[from] item: Leftovers\n|upkeep\n|\n|t:|1771228247\n|switch|p2a: Iron Treads|Iron Treads|100/100\n|-activate|p2a: Iron Treads|move: Sticky Web\n|-unboost|p2a: Iron Treads|spe|1\n|turn|13\n|\n|t:|1771228250\n|move|p1a: Moltres|Fiery Wrath|p2a: Iron Treads\n|-damage|p2a: Iron Treads|35/100\n|move|p2a: Iron Treads|Rapid Spin|p1a: Moltres\n|-damage|p1a: Moltres|71/100\n|-boost|p2a: Iron Treads|spe|1\n|-sideend|p2: bh_33|Sticky Web|[from] move: Rapid Spin|[of] p2a: Iron Treads\n|\n|-weather|Snowscape|[upkeep]\n|-heal|p1a: Moltres|77/100|[from] item: Leftovers\n|upkeep\n|turn|14\n|\n|t:|1771228264\n|move|p2a: Iron Treads|Ice Spinner|p1a: Moltres\n|-supereffective|p1a: Moltres\n|-damage|p1a: Moltres|30/100\n|-ability|p1a: Moltres|Berserk|boost\n|-boost|p1a: Moltres|spa|1\n|move|p1a: Moltres|Fiery Wrath|p2a: Iron Treads\n|-damage|p2a: Iron Treads|0 fnt\n|faint|p2a: Iron Treads\n|-end|p2a: Iron Treads|Quark Drive|[silent]\n|\n|-weather|none\n|-heal|p1a: Moltres|36/100|[from] item: Leftovers\n|upkeep\n|\n|t:|1771228270\n|switch|p2a: Tapu Koko|Tapu Koko|100/100\n|-fieldstart|move: Electric Terrain|[from] ability: Electric Surge|[of] p2a: Tapu Koko\n|turn|15\n|\n|t:|1771228280\n|move|p2a: Tapu Koko|Thunderbolt|p1a: Moltres\n|-supereffective|p1a: Moltres\n|-damage|p1a: Moltres|0 fnt\n|faint|p1a: Moltres\n|\n|upkeep\n|\n|t:|1771228297\n|switch|p1a: Serperior|Serperior, F|100/100\n|turn|16\n|\n|t:|1771228304\n|switch|p2a: Alomomola|Alomomola, M|47/100\n|move|p1a: Serperior|Leaf Storm|p2a: Alomomola\n|-supereffective|p2a: Alomomola\n|-damage|p2a: Alomomola|0 fnt\n|-boost|p1a: Serperior|spa|2\n|faint|p2a: Alomomola\n|-damage|p1a: Serperior|91/100|[from] item: Life Orb\n|\n|upkeep\n|\n|t:|1771228311\n|switch|p2a: Iron Valiant|Iron Valiant|100/100\n|-activate|p2a: Iron Valiant|ability: Quark Drive\n|-start|p2a: Iron Valiant|quarkdrivespe\n|turn|17\n|\n|t:|1771228333\n|move|p2a: Iron Valiant|Close Combat|p1a: Serperior\n|-damage|p1a: Serperior|25/100\n|-unboost|p2a: Iron Valiant|def|1\n|-unboost|p2a: Iron Valiant|spd|1\n|move|p1a: Serperior|Giga Drain|p2a: Iron Valiant\n|-damage|p2a: Iron Valiant|0 fnt\n|-heal|p1a: Serperior|72/100|[from] drain|[of] p2a: Iron Valiant\n|faint|p2a: Iron Valiant\n|-end|p2a: Iron Valiant|Quark Drive|[silent]\n|-damage|p1a: Serperior|63/100|[from] item: Life Orb\n|\n|upkeep\n|\n|t:|1771228337\n|switch|p2a: Tapu Koko|Tapu Koko|100/100\n|turn|18\n|\n|t:|1771228343\n|move|p2a: Tapu Koko|Thunderbolt|p1a: Serperior\n|-resisted|p1a: Serperior\n|-damage|p1a: Serperior|23/100\n|move|p1a: Serperior|Giga Drain|p2a: Tapu Koko\n|-damage|p2a: Tapu Koko|0 fnt\n|-heal|p1a: Serperior|69/100|[from] drain|[of] p2a: Tapu Koko\n|faint|p2a: Tapu Koko\n|-damage|p1a: Serperior|59/100|[from] item: Life Orb\n|\n|win|nintenbocks\n|raw|nintenbocks's rating: 1587 &rarr; <strong>1607</strong><br />(+20 for winning)\n|raw|bh_33's rating: 1591 &rarr; <strong>1571</strong><br />(-20 for losing)\n|l|☆bh_33\n|player|p2|\n", "uploadtime": 1771228355, "views": 13, "formatid": "gen9nationaldex", "rating": 1571, "private": 0, "password": null}