{"id": "gen9nationaldex-2540871166", "format": "[Gen 9] National Dex", "players": ["jjznb2", "calamityiscoming2"], "log": "|j|☆jjznb2\n|j|☆calamityiscoming2\n|t:|1771262512\n|gametype|singles\n|player|p1|jjznb2|hilda|1844\n|player|p2|calamityiscoming2|bellelba|1823\n|gen|9\n|tier|[Gen 9] National Dex\n|rated|\n|rule|HP Percentage Mod: HP is shown in percentages\n|rule|Endless Battle Clause: Forcing endless battles is banned\n|rule|Species Clause: Limit one of each Pokémon\n|rule|OHKO Clause: OHKO moves are banned\n|rule|Evasion Clause: Evasion abilities, items, and moves are banned\n|rule|Evasion Abilities Clause: Evasion abilities are banned\n|rule|Evasion Items Clause: Evasion items are banned\n|rule|Evasion Moves Clause: Evasion moves are banned\n|rule|Sleep Clause Mod: Limit one foe put to sleep\n|rule|Terastal Clause: You cannot Terastallize\n|clearpoke\n|poke|p1|Pinsir, M|\n|poke|p1|Magnezone|\n|poke|p1|Corviknight, F|\n|poke|p1|Landorus-Therian, M|\n|poke|p1|Rotom-Heat|\n|poke|p1|Alomomola, M|\n|poke|p2|Ogerpon-Cornerstone, F|\n|poke|p2|Lopunny, M|\n|poke|p2|Gholdengo|\n|poke|p2|Garchomp, F|\n|poke|p2|Alomomola, F|\n|poke|p2|Zapdos|\n|teampreview\n|\n|t:|1771262526\n|teamsize|p1|6\n|teamsize|p2|6\n|start\n|switch|p1a: Magnezone|Magnezone|100/100\n|switch|p2a: Alomomola|Alomomola, F|100/100\n|turn|1\n|inactive|Battle timer is ON: inactive players will automatically lose when time's up. (requested by jjznb2)\n|\n|t:|1771262575\n|switch|p2a: Garchomp|Garchomp, F|100/100\n|move|p1a: Magnezone|Thunderbolt|p2a: Garchomp\n|-immune|p2a: Garchomp\n|\n|upkeep\n|turn|2\n|\n|t:|1771262582\n|switch|p1a: Landorus|Landorus-Therian, M|100/100\n|-ability|p1a: Landorus|Intimidate|boost\n|-unboost|p2a: Garchomp|atk|1\n|move|p2a: Garchomp|Stealth Rock|p1a: Landorus\n|-sidestart|p1: jjznb2|move: Stealth Rock\n|\n|upkeep\n|turn|3\n|\n|t:|1771262602\n|switch|p2a: Zapdos|Zapdos|100/100\n|move|p1a: Landorus|Swords Dance|p1a: Landorus\n|-boost|p1a: Landorus|atk|2\n|\n|upkeep\n|turn|4\n|\n|t:|1771262617\n|switch|p2a: Gholdengo|Gholdengo|100/100\n|move|p1a: Landorus|Swords Dance|p1a: Landorus\n|-boost|p1a: Landorus|atk|2\n|\n|upkeep\n|turn|5\n|\n|t:|1771262622\n|move|p1a: Landorus|Earthquake|p2a: Gholdengo\n|-supereffective|p2a: Gholdengo\n|-damage|p2a: Gholdengo|0 fnt\n|faint|p2a: Gholdengo\n|\n|upkeep\n|\n|t:|1771262624\n|switch|p2a: Lopunny|Lopunny, M|100/100\n|turn|6\n|\n|t:|1771262628\n|switch|p1a: Alomomola|Alomomola, M|100/100\n|-damage|p1a: Alomomola|88/100|[from] Stealth Rock\n|detailschange|p2a: Lopunny|Lopunny-Mega, M\n|-mega|p2a: Lopunny|Lopunny|Lopunnite\n|move|p2a: Lopunny|Triple Axel|p1a: Alomomola\n|-resisted|p1a: Alomomola\n|-damage|p1a: Alomomola|86/100\n|-resisted|p1a: Alomomola\n|-damage|p1a: Alomomola|81/100\n|-resisted|p1a: Alomomola\n|-damage|p1a: Alomomola|74/100\n|-hitcount|p1a: Alomomola|3\n|\n|upkeep\n|turn|7\n|\n|t:|1771262633\n|switch|p2a: Alomomola|Alomomola, F|100/100\n|move|p1a: Alomomola|Flip Turn|p2a: Alomomola\n|-resisted|p2a: Alomomola\n|-damage|p2a: Alomomola|95/100\n|\n|t:|1771262641\n|switch|p1a: Corviknight|Corviknight, F|100/100|[from] Flip Turn\n|-damage|p1a: Corviknight|88/100|[from] Stealth Rock\n|-ability|p1a: Corviknight|Pressure\n|\n|-heal|p1a: Corviknight|94/100|[from] item: Leftovers\n|upkeep\n|turn|8\n|\n|t:|1771262643\n|move|p1a: Corviknight|Defog|p2a: Alomomola\n|-unboost|p2a: Alomomola|evasion|1\n|-sideend|p1: jjznb2|Stealth Rock|[from] move: Defog|[of] p1a: Corviknight\n|move|p2a: Alomomola|Flip Turn|p1a: Corviknight\n|-damage|p1a: Corviknight|83/100\n|\n|t:|1771262645\n|switch|p2a: Zapdos|Zapdos|100/100|[from] Flip Turn\n|\n|-heal|p1a: Corviknight|89/100|[from] item: Leftovers\n|upkeep\n|turn|9\n|\n|t:|1771262653\n|switch|p1a: Rotom|Rotom-Heat|100/100\n|move|p2a: Zapdos|Volt Switch|p1a: Rotom\n|-resisted|p1a: Rotom\n|-damage|p1a: Rotom|90/100\n|\n|t:|1771262658\n|switch|p2a: Garchomp|Garchomp, F|100/100|[from] Volt Switch\n|\n|upkeep\n|turn|10\n|\n|t:|1771262667\n|switch|p1a: Corviknight|Corviknight, F|89/100\n|-ability|p1a: Corviknight|Pressure\n|move|p2a: Garchomp|Stealth Rock|p1a: Corviknight\n|-sidestart|p1: jjznb2|move: Stealth Rock\n|\n|-heal|p1a: Corviknight|95/100|[from] item: Leftovers\n|upkeep\n|turn|11\n|j| serendipity119\n|\n|t:|1771262677\n|switch|p2a: Alomomola|Alomomola, F|100/100\n|move|p1a: Corviknight|Defog|p2a: Alomomola\n|-unboost|p2a: Alomomola|evasion|1\n|-sideend|p1: jjznb2|Stealth Rock|[from] move: Defog|[of] p1a: Corviknight\n|\n|-heal|p1a: Corviknight|100/100|[from] item: Leftovers\n|upkeep\n|turn|12\n|\n|t:|1771262681\n|move|p1a: Corviknight|U-turn|p2a: Alomomola\n|-damage|p2a: Alomomola|90/100\n|\n|t:|1771262683\n|switch|p1a: Alomomola|Alomomola, M|100/100|[from] U-turn\n|move|p2a: Alomomola|Knock Off|p1a: Alomomola\n|-damage|p1a: Alomomola|88/100\n|-enditem|p1a: Alomomola|Assault Vest|[from] move: Knock Off|[of] p2a: Alomomola\n|\n|upkeep\n|turn|13\n|\n|t:|1771262688\n|move|p1a: Alomomola|Wish|p1a: Alomomola\n|move|p2a: Alomomola|Flip Turn|p1a: Alomomola\n|-resisted|p1a: Alomomola\n|-damage|p1a: Alomomola|82/100\n|c|☆calamityiscoming2|what\n|inactive|calamityiscoming2 has 120 seconds left.\n|\n|t:|1771262724\n|switch|p2a: Ogerpon|Ogerpon-Cornerstone, F|100/100|[from] Flip Turn\n|\n|upkeep\n|turn|14\n|\n|t:|1771262738\n|switch|p1a: Magnezone|Magnezone|100/100\n|move|p2a: Ogerpon|Swords Dance|p2a: Ogerpon\n|-boost|p2a: Ogerpon|atk|2\n|\n|upkeep\n|turn|15\n|\n|t:|1771262746\n|switch|p2a: Alomomola|Alomomola, F|100/100\n|move|p1a: Magnezone|Flash Cannon|p2a: Alomomola\n|-resisted|p2a: Alomomola\n|-damage|p2a: Alomomola|81/100\n|\n|upkeep\n|turn|16\n|\n|t:|1771262750\n|switch|p1a: Alomomola|Alomomola, M|100/100\n|move|p2a: Alomomola|Flip Turn|p1a: Alomomola\n|-resisted|p1a: Alomomola\n|-damage|p1a: Alomomola|95/100\n|\n|t:|1771262754\n|switch|p2a: Garchomp|Garchomp, F|100/100|[from] Flip Turn\n|\n|upkeep\n|turn|17\n|\n|t:|1771262763\n|switch|p1a: Corviknight|Corviknight, F|100/100\n|-ability|p1a: Corviknight|Pressure\n|move|p2a: Garchomp|Stealth Rock|p1a: Corviknight\n|-sidestart|p1: jjznb2|move: Stealth Rock\n|\n|upkeep\n|turn|18\n|\n|t:|1771262766\n|switch|p2a: Ogerpon|Ogerpon-Cornerstone, F|100/100\n|move|p1a: Corviknight|Defog|p2a: Ogerpon\n|-unboost|p2a: Ogerpon|evasion|1\n|-sideend|p1: jjznb2|Stealth Rock|[from] move: Defog|[of] p1a: Corviknight\n|\n|upkeep\n|turn|19\n|\n|t:|1771262770\n|move|p2a: Ogerpon|Knock Off|p1a: Corviknight\n|-damage|p1a: Corviknight|77/100\n|-enditem|p1a: Corviknight|Leftovers|[from] move: Knock Off|[of] p2a: Ogerpon\n|move|p1a: Corviknight|Brave Bird|p2a: Ogerpon\n|-damage|p2a: Ogerpon|52/100\n|-damage|p1a: Corviknight|65/100|[from] Recoil\n|\n|upkeep\n|turn|20\n|\n|t:|1771262778\n|switch|p2a: Zapdos|Zapdos|100/100\n|move|p1a: Corviknight|Roost|p1a: Corviknight\n|-heal|p1a: Corviknight|100/100\n|-singleturn|p1a: Corviknight|move: Roost\n|\n|upkeep\n|turn|21\n|\n|t:|1771262788\n|switch|p1a: Landorus|Landorus-Therian, M|100/100\n|-ability|p1a: Landorus|Intimidate|boost\n|-unboost|p2a: Zapdos|atk|1\n|move|p2a: Zapdos|Hurricane|p1a: Landorus\n|-damage|p1a: Landorus|44/100\n|\n|upkeep\n|turn|22\n|\n|t:|1771262794\n|switch|p1a: Rotom|Rotom-Heat|90/100\n|switch|p2a: Lopunny|Lopunny-Mega, M|100/100\n|\n|upkeep\n|turn|23\n|\n|t:|1771262801\n|switch|p2a: Garchomp|Garchomp, F|100/100\n|switch|p1a: Alomomola|Alomomola, M|100/100\n|\n|upkeep\n|turn|24\n|\n|t:|1771262804\n|move|p2a: Garchomp|Toxic|p1a: Alomomola\n|-status|p1a: Alomomola|tox\n|move|p1a: Alomomola|Wish|p1a: Alomomola\n|\n|-damage|p1a: Alomomola|94/100 tox|[from] psn\n|upkeep\n|turn|25\n|\n|t:|1771262808\n|switch|p1a: Landorus|Landorus-Therian, M|44/100\n|-ability|p1a: Landorus|Intimidate|boost\n|-unboost|p2a: Garchomp|atk|1\n|move|p2a: Garchomp|Protect||[still]\n|-fail|p2a: Garchomp\n|\n|-heal|p1a: Landorus|100/100|[from] move: Wish|[wisher] Alomomola\n|upkeep\n|turn|26\n|\n|t:|1771262821\n|switch|p1a: Corviknight|Corviknight, F|100/100\n|-ability|p1a: Corviknight|Pressure\n|switch|p2a: Lopunny|Lopunny-Mega, M|100/100\n|\n|upkeep\n|turn|27\n|\n|t:|1771262824\n|move|p2a: Lopunny|Fake Out|p1a: Corviknight\n|-resisted|p1a: Corviknight\n|-damage|p1a: Corviknight|94/100\n|cant|p1a: Corviknight|flinch\n|\n|upkeep\n|turn|28\n|\n|t:|1771262827\n|switch|p2a: Zapdos|Zapdos|100/100\n|move|p1a: Corviknight|U-turn|p2a: Zapdos\n|-resisted|p2a: Zapdos\n|-damage|p2a: Zapdos|95/100\n|\n|t:|1771262829\n|switch|p1a: Rotom|Rotom-Heat|90/100|[from] U-turn\n|\n|upkeep\n|turn|29\n|\n|t:|1771262833\n|switch|p2a: Garchomp|Garchomp, F|100/100\n|move|p1a: Rotom|Will-O-Wisp|p2a: Garchomp\n|-status|p2a: Garchomp|brn\n|\n|-damage|p2a: Garchomp|94/100 brn|[from] brn\n|upkeep\n|turn|30\n|\n|t:|1771262839\n|switch|p1a: Corviknight|Corviknight, F|94/100\n|-ability|p1a: Corviknight|Pressure\n|move|p2a: Garchomp|Stealth Rock|p1a: Corviknight\n|-sidestart|p1: jjznb2|move: Stealth Rock\n|\n|-heal|p2a: Garchomp|100/100 brn|[from] item: Leftovers\n|-damage|p2a: Garchomp|94/100 brn|[from] brn\n|upkeep\n|turn|31\n|\n|t:|1771262843\n|switch|p2a: Zapdos|Zapdos|95/100\n|move|p1a: Corviknight|Defog|p2a: Zapdos\n|-unboost|p2a: Zapdos|evasion|1\n|-sideend|p1: jjznb2|Stealth Rock|[from] move: Defog|[of] p1a: Corviknight\n|\n|upkeep\n|turn|32\n|\n|t:|1771262846\n|switch|p1a: Rotom|Rotom-Heat|90/100\n|move|p2a: Zapdos|Hurricane|p1a: Rotom\n|-resisted|p1a: Rotom\n|-damage|p1a: Rotom|72/100\n|-start|p1a: Rotom|confusion\n|\n|upkeep\n|turn|33\n|\n|t:|1771262855\n|switch|p2a: Garchomp|Garchomp, F|94/100 brn\n|-activate|p1a: Rotom|confusion\n|move|p1a: Rotom|Overheat|p2a: Garchomp\n|-resisted|p2a: Garchomp\n|-damage|p2a: Garchomp|78/100 brn\n|-unboost|p1a: Rotom|spa|2\n|\n|-heal|p2a: Garchomp|84/100 brn|[from] item: Leftovers\n|-damage|p2a: Garchomp|78/100 brn|[from] brn\n|upkeep\n|turn|34\n|\n|t:|1771262862\n|switch|p1a: Corviknight|Corviknight, F|94/100\n|-ability|p1a: Corviknight|Pressure\n|move|p2a: Garchomp|Stealth Rock|p1a: Corviknight\n|-sidestart|p1: jjznb2|move: Stealth Rock\n|\n|-heal|p2a: Garchomp|84/100 brn|[from] item: Leftovers\n|-damage|p2a: Garchomp|78/100 brn|[from] brn\n|upkeep\n|turn|35\n|\n|t:|1771262864\n|switch|p2a: Zapdos|Zapdos|95/100\n|move|p1a: Corviknight|Defog|p2a: Zapdos\n|-unboost|p2a: Zapdos|evasion|1\n|-sideend|p1: jjznb2|Stealth Rock|[from] move: Defog|[of] p1a: Corviknight\n|\n|upkeep\n|turn|36\n|\n|t:|1771262870\n|switch|p1a: Landorus|Landorus-Therian, M|100/100\n|-ability|p1a: Landorus|Intimidate|boost\n|-unboost|p2a: Zapdos|atk|1\n|move|p2a: Zapdos|Hurricane|p1a: Landorus\n|-damage|p1a: Landorus|41/100\n|\n|upkeep\n|turn|37\n|\n|t:|1771262878\n|switch|p1a: Rotom|Rotom-Heat|72/100\n|move|p2a: Zapdos|Hurricane|p1a: Rotom|[miss]\n|-miss|p2a: Zapdos|p1a: Rotom\n|\n|upkeep\n|turn|38\n|\n|t:|1771262881\n|switch|p2a: Garchomp|Garchomp, F|78/100 brn\n|move|p1a: Rotom|Overheat|p2a: Garchomp\n|-resisted|p2a: Garchomp\n|-damage|p2a: Garchomp|62/100 brn\n|-unboost|p1a: Rotom|spa|2\n|\n|-heal|p2a: Garchomp|68/100 brn|[from] item: Leftovers\n|-damage|p2a: Garchomp|62/100 brn|[from] brn\n|upkeep\n|turn|39\n|\n|t:|1771262886\n|switch|p2a: Zapdos|Zapdos|95/100\n|switch|p1a: Corviknight|Corviknight, F|94/100\n|-ability|p1a: Corviknight|Pressure\n|\n|upkeep\n|turn|40\n|\n|t:|1771262888\n|switch|p1a: Rotom|Rotom-Heat|72/100\n|move|p2a: Zapdos|Hurricane|p1a: Rotom\n|-resisted|p1a: Rotom\n|-damage|p1a: Rotom|54/100\n|\n|upkeep\n|turn|41\n|\n|t:|1771262893\n|switch|p2a: Alomomola|Alomomola, F|100/100\n|move|p1a: Rotom|Pain Split|p2a: Alomomola\n|-sethp|p2a: Alomomola|68/100|[from] move: Pain Split|[silent]\n|-sethp|p1a: Rotom|100/100|[from] move: Pain Split\n|\n|upkeep\n|turn|42\n|\n|t:|1771262900\n|move|p1a: Rotom|Volt Switch|p2a: Alomomola\n|-supereffective|p2a: Alomomola\n|-damage|p2a: Alomomola|42/100\n|\n|t:|1771262904\n|switch|p1a: Alomomola|Alomomola, M|100/100 tox|[from] Volt Switch\n|move|p2a: Alomomola|Scald|p1a: Alomomola\n|-resisted|p1a: Alomomola\n|-damage|p1a: Alomomola|95/100 tox\n|\n|-damage|p1a: Alomomola|89/100 tox|[from] psn\n|upkeep\n|turn|43\n|\n|t:|1771262909\n|move|p1a: Alomomola|Wish|p1a: Alomomola\n|move|p2a: Alomomola|Flip Turn|p1a: Alomomola\n|-resisted|p1a: Alomomola\n|-damage|p1a: Alomomola|83/100 tox\n|\n|t:|1771262911\n|switch|p2a: Ogerpon|Ogerpon-Cornerstone, F|52/100|[from] Flip Turn\n|\n|-damage|p1a: Alomomola|70/100 tox|[from] psn\n|upkeep\n|turn|44\n|\n|t:|1771262915\n|switch|p1a: Magnezone|Magnezone|100/100\n|move|p2a: Ogerpon|Power Whip|p1a: Magnezone\n|-resisted|p1a: Magnezone\n|-damage|p1a: Magnezone|60/100\n|\n|-heal|p1a: Magnezone|100/100|[from] move: Wish|[wisher] Alomomola\n|upkeep\n|turn|45\n|\n|t:|1771262929\n|switch|p2a: Alomomola|Alomomola, F|75/100\n|move|p1a: Magnezone|Thunderbolt|p2a: Alomomola\n|-supereffective|p2a: Alomomola\n|-damage|p2a: Alomomola|0 fnt\n|faint|p2a: Alomomola\n|\n|upkeep\n|\n|t:|1771262946\n|switch|p2a: Lopunny|Lopunny-Mega, M|100/100\n|turn|46\n|\n|t:|1771262957\n|switch|p1a: Alomomola|Alomomola, M|100/100 tox\n|move|p2a: Lopunny|Close Combat|p1a: Alomomola\n|-damage|p1a: Alomomola|55/100 tox\n|-unboost|p2a: Lopunny|def|1\n|-unboost|p2a: Lopunny|spd|1\n|\n|-damage|p1a: Alomomola|49/100 tox|[from] psn\n|upkeep\n|turn|47\n|\n|t:|1771262963\n|move|p2a: Lopunny|Close Combat|p1a: Alomomola\n|-damage|p1a: Alomomola|1/100 tox\n|-unboost|p2a: Lopunny|def|1\n|-unboost|p2a: Lopunny|spd|1\n|move|p1a: Alomomola|Flip Turn|p2a: Lopunny\n|-damage|p2a: Lopunny|56/100\n|\n|t:|1771262968\n|switch|p1a: Corviknight|Corviknight, F|94/100|[from] Flip Turn\n|-ability|p1a: Corviknight|Pressure\n|\n|upkeep\n|turn|48\n|\n|t:|1771262972\n|switch|p2a: Zapdos|Zapdos|95/100\n|move|p1a: Corviknight|U-turn|p2a: Zapdos\n|-resisted|p2a: Zapdos\n|-crit|p2a: Zapdos\n|-damage|p2a: Zapdos|86/100\n|\n|t:|1771262975\n|switch|p1a: Magnezone|Magnezone|100/100|[from] U-turn\n|\n|upkeep\n|turn|49\n|\n|t:|1771262982\n|move|p2a: Zapdos|Hurricane|p1a: Magnezone|[miss]\n|-miss|p2a: Zapdos|p1a: Magnezone\n|move|p1a: Magnezone|Flash Cannon|p2a: Zapdos\n|-resisted|p2a: Zapdos\n|-crit|p2a: Zapdos\n|-damage|p2a: Zapdos|39/100\n|\n|upkeep\n|turn|50\n|\n|t:|1771262988\n|move|p2a: Zapdos|Roost|p2a: Zapdos\n|-heal|p2a: Zapdos|89/100\n|-singleturn|p2a: Zapdos|move: Roost\n|move|p1a: Magnezone|Flash Cannon|p2a: Zapdos\n|-resisted|p2a: Zapdos\n|-damage|p2a: Zapdos|55/100\n|\n|upkeep\n|turn|51\n|\n|t:|1771262992\n|move|p2a: Zapdos|Hurricane|p1a: Magnezone\n|-resisted|p1a: Magnezone\n|-damage|p1a: Magnezone|85/100\n|move|p1a: Magnezone|Flash Cannon|p2a: Zapdos\n|-resisted|p2a: Zapdos\n|-damage|p2a: Zapdos|23/100\n|\n|upkeep\n|turn|52\n|\n|t:|1771263000\n|move|p2a: Zapdos|Roost|p2a: Zapdos\n|-heal|p2a: Zapdos|74/100\n|-singleturn|p2a: Zapdos|move: Roost\n|move|p1a: Magnezone|Flash Cannon|p2a: Zapdos\n|-resisted|p2a: Zapdos\n|-damage|p2a: Zapdos|39/100\n|\n|upkeep\n|turn|53\n|\n|t:|1771263007\n|move|p2a: Zapdos|Roost|p2a: Zapdos\n|-heal|p2a: Zapdos|89/100\n|-singleturn|p2a: Zapdos|move: Roost\n|move|p1a: Magnezone|Flash Cannon|p2a: Zapdos\n|-resisted|p2a: Zapdos\n|-damage|p2a: Zapdos|54/100\n|\n|upkeep\n|turn|54\n|\n|t:|1771263010\n|move|p2a: Zapdos|Roost|p2a: Zapdos\n|-heal|p2a: Zapdos|100/100\n|-singleturn|p2a: Zapdos|move: Roost\n|move|p1a: Magnezone|Flash Cannon|p2a: Zapdos\n|-resisted|p2a: Zapdos\n|-damage|p2a: Zapdos|68/100\n|\n|upkeep\n|turn|55\n|\n|t:|1771263012\n|move|p2a: Zapdos|Volt Switch|p1a: Magnezone\n|-resisted|p1a: Magnezone\n|-damage|p1a: Magnezone|65/100\n|\n|t:|1771263015\n|switch|p2a: Garchomp|Garchomp, F|62/100 brn|[from] Volt Switch\n|move|p1a: Magnezone|Flash Cannon|p2a: Garchomp\n|-damage|p2a: Garchomp|17/100 brn\n|\n|-heal|p2a: Garchomp|23/100 brn|[from] item: Leftovers\n|-damage|p2a: Garchomp|17/100 brn|[from] brn\n|upkeep\n|turn|56\n|j| 2x3=23\n|j| yungster_testboi\n|j| Prince5\n|\n|t:|1771263027\n|switch|p2a: Zapdos|Zapdos|68/100\n|switch|p1a: Alomomola|Alomomola, M|34/100 tox\n|\n|-damage|p1a: Alomomola|28/100 tox|[from] psn\n|upkeep\n|turn|57\n|l| Prince5\n|\n|t:|1771263032\n|switch|p1a: Rotom|Rotom-Heat|100/100\n|move|p2a: Zapdos|Volt Switch|p1a: Rotom\n|-resisted|p1a: Rotom\n|-damage|p1a: Rotom|89/100\n|c| 2x3=23|i packed this dude earlier\n|\n|t:|1771263045\n|switch|p2a: Lopunny|Lopunny-Mega, M|56/100|[from] Volt Switch\n|\n|upkeep\n|turn|58\n|c| 2x3=23|calamity win win this\n|\n|t:|1771263054\n|move|p2a: Lopunny|Fake Out|p1a: Rotom\n|-crit|p1a: Rotom\n|-damage|p1a: Rotom|55/100\n|cant|p1a: Rotom|flinch\n|\n|upkeep\n|turn|59\n|\n|t:|1771263079\n|switch|p2a: Garchomp|Garchomp, F|17/100 brn\n|move|p1a: Rotom|Overheat|p2a: Garchomp\n|-resisted|p2a: Garchomp\n|-damage|p2a: Garchomp|0 fnt\n|-unboost|p1a: Rotom|spa|2\n|faint|p2a: Garchomp\n|\n|upkeep\n|\n|t:|1771263088\n|switch|p2a: Lopunny|Lopunny-Mega, M|56/100\n|turn|60\n|\n|t:|1771263095\n|switch|p2a: Zapdos|Zapdos|68/100\n|move|p1a: Rotom|Will-O-Wisp|p2a: Zapdos\n|-status|p2a: Zapdos|brn\n|\n|-damage|p2a: Zapdos|62/100 brn|[from] brn\n|upkeep\n|turn|61\n|\n|t:|1771263099\n|move|p2a: Zapdos|Volt Switch|p1a: Rotom\n|-resisted|p1a: Rotom\n|-damage|p1a: Rotom|43/100\n|\n|t:|1771263105\n|switch|p2a: Lopunny|Lopunny-Mega, M|56/100|[from] Volt Switch\n|move|p1a: Rotom|Volt Switch|p2a: Lopunny\n|-damage|p2a: Lopunny|38/100\n|\n|t:|1771263112\n|switch|p1a: Alomomola|Alomomola, M|61/100 tox|[from] Volt Switch\n|\n|-damage|p1a: Alomomola|55/100 tox|[from] psn\n|upkeep\n|turn|62\n|\n|t:|1771263114\n|move|p2a: Lopunny|Fake Out|p1a: Alomomola\n|-damage|p1a: Alomomola|40/100 tox\n|cant|p1a: Alomomola|flinch\n|\n|-damage|p1a: Alomomola|28/100 tox|[from] psn\n|upkeep\n|turn|63\n|\n|t:|1771263120\n|switch|p2a: Zapdos|Zapdos|62/100 brn\n|move|p1a: Alomomola|Flip Turn|p2a: Zapdos\n|-damage|p2a: Zapdos|50/100 brn\n|\n|t:|1771263126\n|switch|p1a: Magnezone|Magnezone|65/100|[from] Flip Turn\n|\n|-damage|p2a: Zapdos|44/100 brn|[from] brn\n|upkeep\n|turn|64\n|c|☆calamityiscoming2|im overplaying way too much\n|\n|t:|1771263134\n|move|p2a: Zapdos|Volt Switch|p1a: Magnezone\n|-resisted|p1a: Magnezone\n|-damage|p1a: Magnezone|44/100\n|\n|t:|1771263135\n|switch|p2a: Lopunny|Lopunny-Mega, M|38/100|[from] Volt Switch\n|move|p1a: Magnezone|Thunderbolt|p2a: Lopunny\n|-damage|p2a: Lopunny|0 fnt\n|faint|p2a: Lopunny\n|detailschange|p2: Lopunny|Lopunny, M|[silent]\n|\n|upkeep\n|\n|t:|1771263137\n|switch|p2a: Ogerpon|Ogerpon-Cornerstone, F|52/100\n|turn|65\n|l| serendipity119\n|\n|t:|1771263141\n|move|p2a: Ogerpon|Knock Off|p1a: Magnezone\n|-damage|p1a: Magnezone|2/100\n|-enditem|p1a: Magnezone|Choice Specs|[from] move: Knock Off|[of] p2a: Ogerpon\n|move|p1a: Magnezone|Thunderbolt|p2a: Ogerpon\n|-resisted|p2a: Ogerpon\n|-damage|p2a: Ogerpon|20/100\n|\n|upkeep\n|turn|66\n|\n|t:|1771263145\n|move|p2a: Ogerpon|Knock Off|p1a: Magnezone\n|-damage|p1a: Magnezone|0 fnt\n|faint|p1a: Magnezone\n|\n|upkeep\n|\n|t:|1771263150\n|switch|p1a: Corviknight|Corviknight, F|94/100\n|-ability|p1a: Corviknight|Pressure\n|turn|67\n|\n|t:|1771263152\n|switch|p2a: Zapdos|Zapdos|44/100 brn\n|move|p1a: Corviknight|U-turn|p2a: Zapdos\n|-resisted|p2a: Zapdos\n|-damage|p2a: Zapdos|39/100 brn\n|-message|calamityiscoming2 forfeited.\n|\n|win|jjznb2\n|raw|jjznb2's rating: 1844 &rarr; <strong>1864</strong><br />(+20 for winning)\n|raw|calamityiscoming2's rating: 1837 &rarr; <strong>1817</strong><br />(-20 for losing)\n|c|☆calamityiscoming2|gg\n|c|☆jjznb2|gg\n|l|☆calamityiscoming2\n|player|p2|\n|l| yungster_testboi\n|j|☆calamityiscoming2\n|player|p2|calamityiscoming2|bellelba|\n|l|☆calamityiscoming2\n|player|p2|\n|j| alcremie99\n|l|☆jjznb2\n|player|p1|\n|l| alcremie99\n|l| 2x3=23\n", "uploadtime": 1771263415, "views": 12, "formatid": "gen9nationaldex", "rating": 1817, "private": 0, "password": null}