{"id": "gen9nationaldex-2540366379", "format": "[Gen 9] National Dex", "players": ["des459yt", "SBMalus"], "log": "|j|☆des459yt\n|j|☆SBMalus\n|t:|1771193484\n|gametype|singles\n|player|p1|des459yt|1|1520\n|player|p2|SBMalus|hiker-gen4|1544\n|gen|9\n|tier|[Gen 9] National Dex\n|rated|\n|rule|HP Percentage Mod: HP is shown in percentages\n|rule|Endless Battle Clause: Forcing endless battles is banned\n|rule|Species Clause: Limit one of each Pokémon\n|rule|OHKO Clause: OHKO moves are banned\n|rule|Evasion Clause: Evasion abilities, items, and moves are banned\n|rule|Evasion Abilities Clause: Evasion abilities are banned\n|rule|Evasion Items Clause: Evasion items are banned\n|rule|Evasion Moves Clause: Evasion moves are banned\n|rule|Sleep Clause Mod: Limit one foe put to sleep\n|rule|Terastal Clause: You cannot Terastallize\n|clearpoke\n|poke|p1|Steelix, M|\n|poke|p1|Alomomola, M|\n|poke|p1|Kommo-o, F|\n|poke|p1|Weavile, F|\n|poke|p1|Moltres|\n|poke|p1|Tapu Bulu|\n|poke|p2|Charizard, M|\n|poke|p2|Great Tusk|\n|poke|p2|Heatran, M|\n|poke|p2|Alomomola, F|\n|poke|p2|Raging Bolt|\n|poke|p2|Ferrothorn, M|\n|teampreview\n|inactive|Battle timer is ON: inactive players will automatically lose when time's up. (requested by des459yt)\n|\n|t:|1771193498\n|teamsize|p1|6\n|teamsize|p2|6\n|start\n|switch|p1a: Steelix|Steelix, M|100/100\n|switch|p2a: Alomomola|Alomomola, F|100/100\n|turn|1\n|\n|t:|1771193503\n|detailschange|p1a: Steelix|Steelix-Mega, M\n|-mega|p1a: Steelix|Steelix|Steelixite\n|move|p2a: Alomomola|Flip Turn|p1a: Steelix\n|-supereffective|p1a: Steelix\n|-damage|p1a: Steelix|84/100\n|\n|t:|1771193507\n|switch|p2a: Ferrothorn|Ferrothorn, M|100/100|[from] Flip Turn\n|move|p1a: Steelix|Stealth Rock|p2a: Ferrothorn\n|-sidestart|p2: SBMalus|move: Stealth Rock\n|\n|upkeep\n|turn|2\n|\n|t:|1771193512\n|switch|p1a: Moltres|Moltres|100/100\n|move|p2a: Ferrothorn|Knock Off|p1a: Moltres\n|-damage|p1a: Moltres|81/100\n|-enditem|p1a: Moltres|Heavy-Duty Boots|[from] move: Knock Off|[of] p2a: Ferrothorn\n|\n|upkeep\n|turn|3\n|\n|t:|1771193517\n|switch|p2a: Alomomola|Alomomola, F|100/100\n|move|p1a: Moltres|U-turn|p2a: Alomomola\n|-damage|p2a: Alomomola|92/100\n|\n|t:|1771193520\n|switch|p1a: Tapu Bulu|Tapu Bulu|100/100|[from] U-turn\n|-fieldstart|move: Grassy Terrain|[from] ability: Grassy Surge|[of] p1a: Tapu Bulu\n|\n|-heal|p2a: Alomomola|98/100|[from] Grassy Terrain\n|upkeep\n|turn|4\n|\n|t:|1771193526\n|switch|p2a: Ferrothorn|Ferrothorn, M|100/100\n|-damage|p2a: Ferrothorn|95/100|[from] Stealth Rock\n|move|p1a: Tapu Bulu|Horn Leech|p2a: Ferrothorn\n|-resisted|p2a: Ferrothorn\n|-damage|p2a: Ferrothorn|82/100\n|-damage|p1a: Tapu Bulu|88/100|[from] ability: Iron Barbs|[of] p2a: Ferrothorn\n|\n|-heal|p1a: Tapu Bulu|94/100|[from] Grassy Terrain\n|-heal|p2a: Ferrothorn|88/100|[from] Grassy Terrain\n|-heal|p2a: Ferrothorn|94/100|[from] item: Leftovers\n|upkeep\n|turn|5\n|\n|t:|1771193531\n|switch|p1a: Kommo-o|Kommo-o, F|100/100\n|move|p2a: Ferrothorn|Gyro Ball|p1a: Kommo-o\n|-immune|p1a: Kommo-o|[from] ability: Bulletproof\n|\n|-heal|p2a: Ferrothorn|99/100|[from] Grassy Terrain\n|-heal|p2a: Ferrothorn|100/100|[from] item: Leftovers\n|upkeep\n|turn|6\n|\n|t:|1771193536\n|-zpower|p1a: Kommo-o\n|move|p1a: Kommo-o|Clangorous Soulblaze|p2a: Ferrothorn|[zeffect]\n|-resisted|p2a: Ferrothorn\n|-damage|p2a: Ferrothorn|72/100\n|-boost|p1a: Kommo-o|atk|1\n|-boost|p1a: Kommo-o|def|1\n|-boost|p1a: Kommo-o|spa|1\n|-boost|p1a: Kommo-o|spd|1\n|-boost|p1a: Kommo-o|spe|1\n|move|p2a: Ferrothorn|Leech Seed|p1a: Kommo-o\n|-start|p1a: Kommo-o|move: Leech Seed\n|\n|-heal|p2a: Ferrothorn|78/100|[from] Grassy Terrain\n|-heal|p2a: Ferrothorn|84/100|[from] item: Leftovers\n|-damage|p1a: Kommo-o|88/100|[from] Leech Seed|[of] p2a: Ferrothorn\n|-heal|p2a: Ferrothorn|94/100|[silent]\n|upkeep\n|turn|7\n|\n|t:|1771193540\n|switch|p2a: Alomomola|Alomomola, F|100/100\n|move|p1a: Kommo-o|Close Combat|p2a: Alomomola\n|-damage|p2a: Alomomola|55/100\n|-unboost|p1a: Kommo-o|def|1\n|-unboost|p1a: Kommo-o|spd|1\n|\n|-heal|p1a: Kommo-o|94/100|[from] Grassy Terrain\n|-heal|p2a: Alomomola|61/100|[from] Grassy Terrain\n|-damage|p1a: Kommo-o|82/100|[from] Leech Seed|[of] p2a: Alomomola\n|-heal|p2a: Alomomola|68/100|[silent]\n|-fieldend|move: Grassy Terrain\n|upkeep\n|turn|8\n|\n|t:|1771193552\n|move|p2a: Alomomola|Protect|p2a: Alomomola\n|-singleturn|p2a: Alomomola|Protect\n|move|p1a: Kommo-o|Poison Jab|p2a: Alomomola\n|-activate|p2a: Alomomola|move: Protect\n|\n|-damage|p1a: Kommo-o|70/100|[from] Leech Seed|[of] p2a: Alomomola\n|-heal|p2a: Alomomola|76/100|[silent]\n|upkeep\n|turn|9\n|\n|t:|1771193557\n|move|p1a: Kommo-o|Clanging Scales|p2a: Alomomola\n|-damage|p2a: Alomomola|25/100\n|-unboost|p1a: Kommo-o|def|1\n|move|p2a: Alomomola|Toxic|p1a: Kommo-o\n|-status|p1a: Kommo-o|tox\n|\n|-damage|p1a: Kommo-o|57/100 tox|[from] Leech Seed|[of] p2a: Alomomola\n|-heal|p2a: Alomomola|32/100|[silent]\n|-damage|p1a: Kommo-o|51/100 tox|[from] psn\n|upkeep\n|turn|10\n|\n|t:|1771193567\n|move|p2a: Alomomola|Protect|p2a: Alomomola\n|-singleturn|p2a: Alomomola|Protect\n|move|p1a: Kommo-o|Close Combat|p2a: Alomomola\n|-activate|p2a: Alomomola|move: Protect\n|\n|-damage|p1a: Kommo-o|39/100 tox|[from] Leech Seed|[of] p2a: Alomomola\n|-heal|p2a: Alomomola|40/100|[silent]\n|-damage|p1a: Kommo-o|26/100 tox|[from] psn\n|upkeep\n|turn|11\n|\n|t:|1771193579\n|switch|p2a: Ferrothorn|Ferrothorn, M|94/100\n|-damage|p2a: Ferrothorn|88/100|[from] Stealth Rock\n|move|p1a: Kommo-o|Close Combat|p2a: Ferrothorn\n|-supereffective|p2a: Ferrothorn\n|-damage|p2a: Ferrothorn|0 fnt\n|-unboost|p1a: Kommo-o|def|1\n|-unboost|p1a: Kommo-o|spd|1\n|-damage|p1a: Kommo-o|14/100 tox|[from] ability: Iron Barbs|[of] p2a: Ferrothorn\n|faint|p2a: Ferrothorn\n|\n|-damage|p1a: Kommo-o|0 fnt|[from] psn\n|faint|p1a: Kommo-o\n|upkeep\n|\n|t:|1771193587\n|switch|p1a: Weavile|Weavile, F|100/100\n|switch|p2a: Great Tusk|Great Tusk|100/100\n|-ability|p1a: Weavile|Pressure\n|turn|12\n|\n|t:|1771193599\n|switch|p1a: Moltres|Moltres|81/100\n|move|p2a: Great Tusk|Rapid Spin|p1a: Moltres\n|-crit|p1a: Moltres\n|-damage|p1a: Moltres|55/100\n|-boost|p2a: Great Tusk|spe|1\n|-sideend|p2: SBMalus|Stealth Rock|[from] move: Rapid Spin|[of] p2a: Great Tusk\n|\n|upkeep\n|turn|13\n|\n|t:|1771193603\n|-end|p2a: Great Tusk|Protosynthesis|[silent]\n|switch|p2a: Heatran|Heatran, M|100/100\n|move|p1a: Moltres|Roost|p1a: Moltres\n|-heal|p1a: Moltres|100/100\n|-singleturn|p1a: Moltres|move: Roost\n|\n|upkeep\n|turn|14\n|\n|t:|1771193605\n|move|p1a: Moltres|U-turn|p2a: Heatran\n|-resisted|p2a: Heatran\n|-damage|p2a: Heatran|97/100\n|\n|t:|1771193609\n|switch|p1a: Alomomola|Alomomola, M|100/100|[from] U-turn\n|move|p2a: Heatran|Stealth Rock|p1a: Alomomola\n|-sidestart|p1: des459yt|move: Stealth Rock\n|\n|-heal|p2a: Heatran|100/100|[from] item: Leftovers\n|upkeep\n|turn|15\n|\n|t:|1771193611\n|move|p2a: Heatran|Taunt|p1a: Alomomola\n|-start|p1a: Alomomola|move: Taunt\n|cant|p1a: Alomomola|move: Taunt|Wish\n|\n|upkeep\n|turn|16\n|\n|t:|1771193619\n|switch|p2a: Alomomola|Alomomola, F|73/100\n|move|p1a: Alomomola|Flip Turn|p2a: Alomomola\n|-resisted|p2a: Alomomola\n|-damage|p2a: Alomomola|68/100\n|\n|t:|1771193623\n|switch|p1a: Tapu Bulu|Tapu Bulu|94/100|[from] Flip Turn\n|-damage|p1a: Tapu Bulu|82/100|[from] Stealth Rock\n|-fieldstart|move: Grassy Terrain|[from] ability: Grassy Surge|[of] p1a: Tapu Bulu\n|\n|-heal|p1a: Tapu Bulu|88/100|[from] Grassy Terrain\n|-heal|p2a: Alomomola|74/100|[from] Grassy Terrain\n|upkeep\n|turn|17\n|\n|t:|1771193627\n|move|p2a: Alomomola|Protect|p2a: Alomomola\n|-singleturn|p2a: Alomomola|Protect\n|move|p1a: Tapu Bulu|Close Combat|p2a: Alomomola\n|-activate|p2a: Alomomola|move: Protect\n|\n|-heal|p1a: Tapu Bulu|94/100|[from] Grassy Terrain\n|-heal|p2a: Alomomola|80/100|[from] Grassy Terrain\n|upkeep\n|turn|18\n|\n|t:|1771193633\n|move|p1a: Tapu Bulu|Close Combat|p2a: Alomomola\n|-damage|p2a: Alomomola|40/100\n|-unboost|p1a: Tapu Bulu|def|1\n|-unboost|p1a: Tapu Bulu|spd|1\n|move|p2a: Alomomola|Flip Turn|p1a: Tapu Bulu\n|-resisted|p1a: Tapu Bulu\n|-damage|p1a: Tapu Bulu|82/100\n|\n|t:|1771193635\n|switch|p2a: Charizard|Charizard, M, shiny|100/100|[from] Flip Turn\n|\n|-heal|p1a: Tapu Bulu|88/100|[from] Grassy Terrain\n|upkeep\n|turn|19\n|\n|t:|1771193638\n|switch|p1a: Moltres|Moltres|100/100\n|-damage|p1a: Moltres|50/100|[from] Stealth Rock\n|detailschange|p2a: Charizard|Charizard-Mega-Y, M, shiny\n|-mega|p2a: Charizard|Charizard|Charizardite Y\n|-weather|SunnyDay|[from] ability: Drought|[of] p2a: Charizard\n|move|p2a: Charizard|Fire Blast|p1a: Moltres\n|-resisted|p1a: Moltres\n|-damage|p1a: Moltres|14/100\n|\n|-weather|SunnyDay|[upkeep]\n|upkeep\n|turn|20\n|\n|t:|1771193641\n|move|p2a: Charizard|Fire Blast|p1a: Moltres\n|-resisted|p1a: Moltres\n|-damage|p1a: Moltres|0 fnt\n|faint|p1a: Moltres\n|\n|-weather|SunnyDay|[upkeep]\n|-fieldend|move: Grassy Terrain\n|upkeep\n|\n|t:|1771193645\n|switch|p1a: Weavile|Weavile, F|100/100\n|-ability|p1a: Weavile|Pressure\n|turn|21\n|\n|t:|1771193654\n|switch|p2a: Alomomola|Alomomola, F|73/100\n|move|p1a: Weavile|Swords Dance|p1a: Weavile\n|-boost|p1a: Weavile|atk|2\n|\n|-weather|SunnyDay|[upkeep]\n|upkeep\n|turn|22\n|\n|t:|1771193658\n|move|p1a: Weavile|Knock Off|p2a: Alomomola\n|-damage|p2a: Alomomola|13/100\n|-enditem|p2a: Alomomola|Heavy-Duty Boots|[from] move: Knock Off|[of] p1a: Weavile\n|move|p2a: Alomomola|Flip Turn|p1a: Weavile\n|-damage|p1a: Weavile|85/100\n|\n|t:|1771193661\n|switch|p2a: Great Tusk|Great Tusk|100/100|[from] Flip Turn\n|-activate|p2a: Great Tusk|ability: Protosynthesis\n|-start|p2a: Great Tusk|protosynthesisatk\n|\n|-weather|SunnyDay|[upkeep]\n|upkeep\n|turn|23\n|\n|t:|1771193671\n|-end|p2a: Great Tusk|Protosynthesis|[silent]\n|switch|p2a: Heatran|Heatran, M|100/100\n|move|p1a: Weavile|Triple Axel|p2a: Heatran\n|-resisted|p2a: Heatran\n|-damage|p2a: Heatran|97/100\n|-resisted|p2a: Heatran\n|-damage|p2a: Heatran|89/100\n|-resisted|p2a: Heatran\n|-damage|p2a: Heatran|77/100\n|-hitcount|p2a: Heatran|3\n|\n|-weather|none\n|-heal|p2a: Heatran|83/100|[from] item: Leftovers\n|upkeep\n|turn|24\n|\n|t:|1771193676\n|move|p1a: Weavile|Knock Off|p2a: Heatran\n|-damage|p2a: Heatran|0 fnt\n|-enditem|p2a: Heatran|Leftovers|[from] move: Knock Off|[of] p1a: Weavile\n|faint|p2a: Heatran\n|\n|upkeep\n|\n|t:|1771193677\n|switch|p2a: Raging Bolt|Raging Bolt|100/100\n|turn|25\n|\n|t:|1771193684\n|move|p1a: Weavile|Triple Axel|p2a: Raging Bolt\n|-supereffective|p2a: Raging Bolt\n|-damage|p2a: Raging Bolt|63/100\n|-supereffective|p2a: Raging Bolt\n|-damage|p2a: Raging Bolt|0 fnt\n|faint|p2a: Raging Bolt\n|-end|p2a: Raging Bolt|Protosynthesis|[silent]\n|-hitcount|p2: Raging Bolt|2\n|\n|upkeep\n|-message|SBMalus forfeited.\n|\n|win|des459yt\n|raw|des459yt's rating: 1520 &rarr; <strong>1541</strong><br />(+21 for winning)\n|raw|SBMalus's rating: 1544 &rarr; <strong>1523</strong><br />(-21 for losing)\n|l|☆SBMalus\n|player|p2|\n|l|☆des459yt\n|player|p1|\n", "uploadtime": 1771193914, "views": 8, "formatid": "gen9nationaldex", "rating": 1523, "private": 0, "password": null}