{"id": "gen9nationaldex-2540709330", "format": "[Gen 9] National Dex", "players": ["Laughs2Giggles", "wuerling"], "log": "|j|☆Laughs2Giggles\n|j|☆wuerling\n|t:|1771243901\n|gametype|singles\n|player|p1|Laughs2Giggles|flint|1567\n|player|p2|wuerling|2|1604\n|gen|9\n|tier|[Gen 9] National Dex\n|rated|\n|rule|HP Percentage Mod: HP is shown in percentages\n|rule|Endless Battle Clause: Forcing endless battles is banned\n|rule|Species Clause: Limit one of each Pokémon\n|rule|OHKO Clause: OHKO moves are banned\n|rule|Evasion Clause: Evasion abilities, items, and moves are banned\n|rule|Evasion Abilities Clause: Evasion abilities are banned\n|rule|Evasion Items Clause: Evasion items are banned\n|rule|Evasion Moves Clause: Evasion moves are banned\n|rule|Sleep Clause Mod: Limit one foe put to sleep\n|rule|Terastal Clause: You cannot Terastallize\n|clearpoke\n|poke|p1|Slowbro, F|\n|poke|p1|Melmetal|\n|poke|p1|Raging Bolt|\n|poke|p1|Rillaboom, F|\n|poke|p1|Hawlucha, M|\n|poke|p1|Cinderace, F|\n|poke|p2|Terapagos, M|\n|poke|p2|Ogerpon-Wellspring, F|\n|poke|p2|Volcarona, F|\n|poke|p2|Zamazenta-*|\n|poke|p2|Hatterene, F|\n|poke|p2|Dragonite, F|\n|teampreview\n|inactive|Battle timer is ON: inactive players will automatically lose when time's up. (requested by Laughs2Giggles)\n|\n|t:|1771243914\n|teamsize|p1|6\n|teamsize|p2|6\n|start\n|switch|p1a: Cinderace|Cinderace, F|100/100\n|switch|p2a: Dragonite|Dragonite, F|100/100\n|turn|1\n|\n|t:|1771243918\n|move|p1a: Cinderace|Will-O-Wisp|p2a: Dragonite|[miss]\n|-miss|p1a: Cinderace|p2a: Dragonite\n|move|p2a: Dragonite|Dragon Dance|p2a: Dragonite\n|-boost|p2a: Dragonite|atk|1\n|-boost|p2a: Dragonite|spe|1\n|\n|upkeep\n|turn|2\n|\n|t:|1771243926\n|switch|p1a: Rillaboom|Rillaboom, F, shiny|100/100\n|-fieldstart|move: Grassy Terrain|[from] ability: Grassy Surge|[of] p1a: Rillaboom\n|move|p2a: Dragonite|Substitute|p2a: Dragonite\n|-start|p2a: Dragonite|Substitute\n|-damage|p2a: Dragonite|76/100\n|\n|upkeep\n|turn|3\n|\n|t:|1771243931\n|switch|p1a: Melmetal|Melmetal|100/100\n|move|p2a: Dragonite|Dragon Dance|p2a: Dragonite\n|-boost|p2a: Dragonite|atk|1\n|-boost|p2a: Dragonite|spe|1\n|\n|upkeep\n|turn|4\n|\n|t:|1771243934\n|move|p2a: Dragonite|Earthquake|p1a: Melmetal\n|-supereffective|p1a: Melmetal\n|-damage|p1a: Melmetal|61/100\n|move|p1a: Melmetal|Double Iron Bash|p2a: Dragonite\n|-end|p2a: Dragonite|Substitute\n|-damage|p2a: Dragonite|25/100\n|-hitcount|p2a: Dragonite|2\n|\n|-heal|p1a: Melmetal|67/100|[from] Grassy Terrain\n|-heal|p1a: Melmetal|73/100|[from] item: Leftovers\n|upkeep\n|turn|5\n|\n|t:|1771243942\n|move|p1a: Melmetal|Protect|p1a: Melmetal\n|-singleturn|p1a: Melmetal|Protect\n|-zpower|p2a: Dragonite\n|move|p2a: Dragonite|Supersonic Skystrike|p1a: Melmetal|[zeffect]\n|-resisted|p1a: Melmetal\n|-zbroken|p1a: Melmetal\n|-damage|p1a: Melmetal|60/100\n|\n|-heal|p1a: Melmetal|66/100|[from] Grassy Terrain\n|-heal|p1a: Melmetal|72/100|[from] item: Leftovers\n|upkeep\n|turn|6\n|\n|t:|1771243951\n|move|p2a: Dragonite|Fly||[still]\n|-prepare|p2a: Dragonite|Fly\n|move|p1a: Melmetal|Double Iron Bash|p2a: Dragonite|[miss]\n|-miss|p1a: Melmetal|p2a: Dragonite\n|\n|-heal|p1a: Melmetal|78/100|[from] Grassy Terrain\n|-heal|p1a: Melmetal|84/100|[from] item: Leftovers\n|upkeep\n|turn|7\n|\n|t:|1771243955\n|move|p1a: Melmetal|Protect|p1a: Melmetal\n|-singleturn|p1a: Melmetal|Protect\n|move|p2a: Dragonite|Fly|p1a: Melmetal|[from] lockedmove\n|-activate|p1a: Melmetal|move: Protect\n|\n|-heal|p1a: Melmetal|91/100|[from] Grassy Terrain\n|-heal|p1a: Melmetal|97/100|[from] item: Leftovers\n|upkeep\n|turn|8\n|\n|t:|1771243958\n|move|p2a: Dragonite|Fly||[still]\n|-prepare|p2a: Dragonite|Fly\n|move|p1a: Melmetal|Double Iron Bash|p2a: Dragonite|[miss]\n|-miss|p1a: Melmetal|p2a: Dragonite\n|\n|-heal|p1a: Melmetal|100/100|[from] Grassy Terrain\n|upkeep\n|turn|9\n|\n|t:|1771243961\n|move|p1a: Melmetal|Protect|p1a: Melmetal\n|-singleturn|p1a: Melmetal|Protect\n|move|p2a: Dragonite|Fly|p1a: Melmetal|[from] lockedmove\n|-activate|p1a: Melmetal|move: Protect\n|\n|-fieldend|move: Grassy Terrain\n|upkeep\n|turn|10\n|\n|t:|1771243971\n|move|p2a: Dragonite|Earthquake|p1a: Melmetal\n|-supereffective|p1a: Melmetal\n|-damage|p1a: Melmetal|16/100\n|move|p1a: Melmetal|Double Iron Bash|p2a: Dragonite\n|-damage|p2a: Dragonite|0 fnt\n|faint|p2a: Dragonite\n|-hitcount|p2: Dragonite|1\n|\n|-heal|p1a: Melmetal|22/100|[from] item: Leftovers\n|upkeep\n|\n|t:|1771243988\n|switch|p2a: Zamazenta|Zamazenta|100/100\n|-ability|p2a: Zamazenta|Dauntless Shield|boost\n|-boost|p2a: Zamazenta|def|1\n|turn|11\n|\n|t:|1771243997\n|switch|p1a: Slowbro|Slowbro, F|100/100\n|move|p2a: Zamazenta|Body Press|p1a: Slowbro\n|-resisted|p1a: Slowbro\n|-damage|p1a: Slowbro|85/100\n|-damage|p2a: Zamazenta|84/100|[from] item: Rocky Helmet|[of] p1a: Slowbro\n|\n|-heal|p2a: Zamazenta|90/100|[from] item: Leftovers\n|upkeep\n|turn|12\n|\n|t:|1771244004\n|move|p2a: Zamazenta|Substitute|p2a: Zamazenta\n|-start|p2a: Zamazenta|Substitute\n|-damage|p2a: Zamazenta|65/100\n|move|p1a: Slowbro|Future Sight|p2a: Zamazenta\n|-start|p1a: Slowbro|move: Future Sight\n|\n|-heal|p2a: Zamazenta|71/100|[from] item: Leftovers\n|upkeep\n|turn|13\n|\n|t:|1771244008\n|move|p2a: Zamazenta|Iron Defense|p2a: Zamazenta\n|-boost|p2a: Zamazenta|def|2\n|move|p1a: Slowbro|Scald|p2a: Zamazenta\n|-activate|p2a: Zamazenta|move: Substitute|[damage]\n|\n|-heal|p2a: Zamazenta|77/100|[from] item: Leftovers\n|upkeep\n|turn|14\n|\n|t:|1771244018\n|move|p2a: Zamazenta|Iron Defense|p2a: Zamazenta\n|-boost|p2a: Zamazenta|def|2\n|move|p1a: Slowbro|Scald|p2a: Zamazenta\n|-end|p2a: Zamazenta|Substitute\n|\n|-end|p2a: Zamazenta|move: Future Sight\n|-supereffective|p2a: Zamazenta\n|-damage|p2a: Zamazenta|9/100\n|-heal|p2a: Zamazenta|16/100|[from] item: Leftovers\n|upkeep\n|turn|15\n|\n|t:|1771244026\n|move|p2a: Zamazenta|Body Press|p1a: Slowbro\n|-resisted|p1a: Slowbro\n|-damage|p1a: Slowbro|49/100\n|-damage|p2a: Zamazenta|0 fnt|[from] item: Rocky Helmet|[of] p1a: Slowbro\n|faint|p2a: Zamazenta\n|move|p1a: Slowbro|Scald|p2: Zamazenta|[notarget]\n|-fail|p1a: Slowbro\n|\n|upkeep\n|\n|t:|1771244040\n|switch|p2a: Ogerpon|Ogerpon-Wellspring, F|100/100\n|turn|16\n|\n|t:|1771244048\n|move|p2a: Ogerpon|Swords Dance|p2a: Ogerpon\n|-boost|p2a: Ogerpon|atk|2\n|move|p1a: Slowbro|Trick Room|p1a: Slowbro\n|-fieldstart|move: Trick Room|[of] p1a: Slowbro\n|\n|upkeep\n|turn|17\n|\n|t:|1771244059\n|switch|p1a: Rillaboom|Rillaboom, F, shiny|100/100\n|-fieldstart|move: Grassy Terrain|[from] ability: Grassy Surge|[of] p1a: Rillaboom\n|move|p2a: Ogerpon|Ivy Cudgel|p1a: Rillaboom|[anim] Ivy Cudgel Water\n|-resisted|p1a: Rillaboom\n|-crit|p1a: Rillaboom\n|-damage|p1a: Rillaboom|22/100\n|\n|-heal|p1a: Rillaboom|28/100|[from] Grassy Terrain\n|upkeep\n|turn|18\n|\n|t:|1771244070\n|switch|p2a: Volcarona|Volcarona, F|100/100\n|move|p1a: Rillaboom|Knock Off|p2a: Volcarona\n|-damage|p2a: Volcarona|61/100\n|-enditem|p2a: Volcarona|Leftovers|[from] move: Knock Off|[of] p1a: Rillaboom\n|\n|-heal|p1a: Rillaboom|34/100|[from] Grassy Terrain\n|-heal|p2a: Volcarona|68/100|[from] Grassy Terrain\n|upkeep\n|turn|19\n|\n|t:|1771244076\n|switch|p1a: Raging Bolt|Raging Bolt|100/100\n|-enditem|p1a: Raging Bolt|Booster Energy\n|-activate|p1a: Raging Bolt|ability: Protosynthesis|[fromitem]\n|-start|p1a: Raging Bolt|protosynthesisspa\n|move|p2a: Volcarona|Quiver Dance|p2a: Volcarona\n|-boost|p2a: Volcarona|spa|1\n|-boost|p2a: Volcarona|spd|1\n|-boost|p2a: Volcarona|spe|1\n|\n|-heal|p2a: Volcarona|74/100|[from] Grassy Terrain\n|upkeep\n|turn|20\n|\n|t:|1771244083\n|move|p1a: Raging Bolt|Calm Mind|p1a: Raging Bolt\n|-boost|p1a: Raging Bolt|spa|1\n|-boost|p1a: Raging Bolt|spd|1\n|move|p2a: Volcarona|Roost|p2a: Volcarona\n|-heal|p2a: Volcarona|100/100\n|-singleturn|p2a: Volcarona|move: Roost\n|\n|-fieldend|move: Trick Room\n|upkeep\n|turn|21\n|\n|t:|1771244089\n|move|p2a: Volcarona|Fiery Dance|p1a: Raging Bolt\n|-resisted|p1a: Raging Bolt\n|-damage|p1a: Raging Bolt|84/100\n|-boost|p2a: Volcarona|spa|1\n|move|p1a: Raging Bolt|Thunderbolt|p2a: Volcarona\n|-damage|p2a: Volcarona|33/100\n|\n|-heal|p2a: Volcarona|39/100|[from] Grassy Terrain\n|-heal|p1a: Raging Bolt|91/100|[from] Grassy Terrain\n|upkeep\n|turn|22\n|\n|t:|1771244097\n|move|p2a: Volcarona|Roost|p2a: Volcarona\n|-heal|p2a: Volcarona|89/100\n|-singleturn|p2a: Volcarona|move: Roost\n|move|p1a: Raging Bolt|Thunderbolt|p2a: Volcarona\n|-damage|p2a: Volcarona|31/100\n|\n|-heal|p2a: Volcarona|37/100|[from] Grassy Terrain\n|-heal|p1a: Raging Bolt|97/100|[from] Grassy Terrain\n|upkeep\n|turn|23\n|\n|t:|1771244102\n|move|p2a: Volcarona|Roost|p2a: Volcarona\n|-heal|p2a: Volcarona|87/100\n|-singleturn|p2a: Volcarona|move: Roost\n|move|p1a: Raging Bolt|Draco Meteor|p2a: Volcarona\n|-damage|p2a: Volcarona|0 fnt\n|-unboost|p1a: Raging Bolt|spa|2\n|faint|p2a: Volcarona\n|\n|-heal|p1a: Raging Bolt|100/100|[from] Grassy Terrain\n|upkeep\n|\n|t:|1771244110\n|switch|p2a: Hatterene|Hatterene, F|100/100\n|turn|24\n|\n|t:|1771244116\n|move|p1a: Raging Bolt|Volt Switch|p2a: Hatterene\n|-damage|p2a: Hatterene|65/100\n|\n|t:|1771244120\n|-end|p1a: Raging Bolt|Protosynthesis|[silent]\n|switch|p1a: Melmetal|Melmetal|22/100|[from] Volt Switch\n|move|p2a: Hatterene|Calm Mind|p2a: Hatterene\n|-boost|p2a: Hatterene|spa|1\n|-boost|p2a: Hatterene|spd|1\n|\n|-heal|p2a: Hatterene|71/100|[from] Grassy Terrain\n|-heal|p2a: Hatterene|77/100|[from] item: Leftovers\n|-heal|p1a: Melmetal|28/100|[from] Grassy Terrain\n|-heal|p1a: Melmetal|34/100|[from] item: Leftovers\n|-fieldend|move: Grassy Terrain\n|upkeep\n|turn|25\n|\n|t:|1771244133\n|move|p2a: Hatterene|Mystical Fire|p1a: Melmetal\n|-supereffective|p1a: Melmetal\n|-damage|p1a: Melmetal|0 fnt\n|faint|p1a: Melmetal\n|\n|-heal|p2a: Hatterene|83/100|[from] item: Leftovers\n|upkeep\n|inactive|Laughs2Giggles has 120 seconds left.\n|\n|t:|1771244166\n|switch|p1a: Rillaboom|Rillaboom, F, shiny|34/100\n|-fieldstart|move: Grassy Terrain|[from] ability: Grassy Surge|[of] p1a: Rillaboom\n|turn|26\n|inactive|Laughs2Giggles has 120 seconds left.\n|\n|t:|1771244172\n|move|p1a: Rillaboom|Knock Off|p2a: Hatterene\n|-damage|p2a: Hatterene|47/100\n|-enditem|p2a: Hatterene|Leftovers|[from] move: Knock Off|[of] p1a: Rillaboom\n|move|p2a: Hatterene|Draining Kiss|p1a: Rillaboom\n|-damage|p1a: Rillaboom|0 fnt\n|-heal|p2a: Hatterene|79/100|[from] drain|[of] p1a: Rillaboom\n|faint|p1a: Rillaboom\n|\n|-heal|p2a: Hatterene|85/100|[from] Grassy Terrain\n|upkeep\n|inactive|Laughs2Giggles has 120 seconds left.\n|\n|t:|1771244181\n|switch|p1a: Cinderace|Cinderace, F|100/100\n|turn|27\n|\n|t:|1771244183\n|move|p1a: Cinderace|Pyro Ball|p2a: Hatterene\n|-damage|p2a: Hatterene|39/100\n|move|p2a: Hatterene|Draining Kiss|p1a: Cinderace\n|-resisted|p1a: Cinderace\n|-damage|p1a: Cinderace|78/100\n|-heal|p2a: Hatterene|58/100|[from] drain|[of] p1a: Cinderace\n|\n|-heal|p1a: Cinderace|84/100|[from] Grassy Terrain\n|-heal|p2a: Hatterene|64/100|[from] Grassy Terrain\n|upkeep\n|turn|28\n|\n|t:|1771244190\n|move|p1a: Cinderace|Pyro Ball|p2a: Hatterene\n|-damage|p2a: Hatterene|19/100\n|move|p2a: Hatterene|Draining Kiss|p1a: Cinderace\n|-resisted|p1a: Cinderace\n|-damage|p1a: Cinderace|59/100\n|-heal|p2a: Hatterene|40/100|[from] drain|[of] p1a: Cinderace\n|\n|-heal|p1a: Cinderace|65/100|[from] Grassy Terrain\n|-heal|p2a: Hatterene|46/100|[from] Grassy Terrain\n|upkeep\n|turn|29\n|\n|t:|1771244198\n|move|p1a: Cinderace|Pyro Ball|p2a: Hatterene\n|-damage|p2a: Hatterene|0 fnt\n|faint|p2a: Hatterene\n|\n|-heal|p1a: Cinderace|71/100|[from] Grassy Terrain\n|upkeep\n|\n|t:|1771244203\n|switch|p2a: Terapagos|Terapagos, M|100/100\n|-activate|p2a: Terapagos|ability: Tera Shift\n|detailschange|p2a: Terapagos|Terapagos-Terastal, M\n|-heal|p2a: Terapagos|100/100|[silent]\n|turn|30\n|\n|t:|1771244206\n|move|p1a: Cinderace|U-turn|p2a: Terapagos\n|-start|p1a: Cinderace|typechange|Bug|[from] ability: Libero\n|-activate|p2a: Terapagos|ability: Tera Shell\n|-resisted|p2a: Terapagos\n|-damage|p2a: Terapagos|88/100\n|\n|t:|1771244212\n|switch|p1a: Hawlucha|Hawlucha, M, shiny|100/100|[from] U-turn\n|-enditem|p1a: Hawlucha|Grassy Seed\n|-boost|p1a: Hawlucha|def|1|[from] item: Grassy Seed\n|move|p2a: Terapagos|Rapid Spin|p1a: Hawlucha\n|-damage|p1a: Hawlucha|86/100\n|-boost|p2a: Terapagos|spe|1\n|\n|-heal|p2a: Terapagos|94/100|[from] Grassy Terrain\n|-heal|p2a: Terapagos|99/100|[from] item: Leftovers\n|upkeep\n|turn|31\n|\n|t:|1771244222\n|move|p1a: Hawlucha|Encore|p2a: Terapagos\n|-start|p2a: Terapagos|Encore\n|move|p2a: Terapagos|Rapid Spin|p1a: Hawlucha\n|-damage|p1a: Hawlucha|72/100\n|-boost|p2a: Terapagos|spe|1\n|\n|-heal|p2a: Terapagos|100/100|[from] Grassy Terrain\n|upkeep\n|turn|32\n|\n|t:|1771244226\n|move|p1a: Hawlucha|Close Combat|p2a: Terapagos\n|-activate|p2a: Terapagos|ability: Tera Shell\n|-resisted|p2a: Terapagos\n|-damage|p2a: Terapagos|74/100\n|-unboost|p1a: Hawlucha|def|1\n|-unboost|p1a: Hawlucha|spd|1\n|move|p2a: Terapagos|Rapid Spin|p1a: Hawlucha\n|-damage|p1a: Hawlucha|51/100\n|-boost|p2a: Terapagos|spe|1\n|\n|-heal|p2a: Terapagos|80/100|[from] Grassy Terrain\n|-heal|p2a: Terapagos|86/100|[from] item: Leftovers\n|upkeep\n|turn|33\n|\n|t:|1771244230\n|move|p2a: Terapagos|Rapid Spin|p1a: Hawlucha\n|-damage|p1a: Hawlucha|28/100\n|-boost|p2a: Terapagos|spe|1\n|move|p1a: Hawlucha|Close Combat|p2a: Terapagos\n|-supereffective|p2a: Terapagos\n|-damage|p2a: Terapagos|0 fnt\n|-unboost|p1a: Hawlucha|def|1\n|-unboost|p1a: Hawlucha|spd|1\n|faint|p2a: Terapagos\n|\n|-fieldend|move: Grassy Terrain\n|upkeep\n|\n|t:|1771244234\n|switch|p2a: Ogerpon|Ogerpon-Wellspring, F|100/100\n|turn|34\n|\n|t:|1771244242\n|move|p1a: Hawlucha|Acrobatics|p2a: Ogerpon\n|-supereffective|p2a: Ogerpon\n|-damage|p2a: Ogerpon|0 fnt\n|faint|p2a: Ogerpon\n|\n|win|Laughs2Giggles\n|raw|Laughs2Giggles's rating: 1567 &rarr; <strong>1589</strong><br />(+22 for winning)\n|raw|wuerling's rating: 1604 &rarr; <strong>1582</strong><br />(-22 for losing)\n|c|☆Laughs2Giggles|Ggwp\n|l|☆wuerling\n|player|p2|\n|l|☆Laughs2Giggles\n|player|p1|\n", "uploadtime": 1771244393, "views": 5, "formatid": "gen9nationaldex", "rating": 1582, "private": 0, "password": null}