{"id": "gen9nationaldex-2540778194", "format": "[Gen 9] National Dex", "players": ["cladfvv", "jjznb2"], "log": "|j|‽cladfvv\n|j|☆jjznb2\n|t:|1771252951\n|gametype|singles\n|player|p1|cladfvv|1|1720\n|player|p2|jjznb2|hilda|1830\n|gen|9\n|tier|[Gen 9] National Dex\n|rated|\n|rule|HP Percentage Mod: HP is shown in percentages\n|rule|Endless Battle Clause: Forcing endless battles is banned\n|rule|Species Clause: Limit one of each Pokémon\n|rule|OHKO Clause: OHKO moves are banned\n|rule|Evasion Clause: Evasion abilities, items, and moves are banned\n|rule|Evasion Abilities Clause: Evasion abilities are banned\n|rule|Evasion Items Clause: Evasion items are banned\n|rule|Evasion Moves Clause: Evasion moves are banned\n|rule|Sleep Clause Mod: Limit one foe put to sleep\n|rule|Terastal Clause: You cannot Terastallize\n|clearpoke\n|poke|p1|Landorus-Therian, M|\n|poke|p1|Tapu Lele|\n|poke|p1|Slowbro, M|\n|poke|p1|Samurott-Hisui, F|\n|poke|p1|Kyurem|\n|poke|p1|Gholdengo|\n|poke|p2|Pinsir, F|\n|poke|p2|Magnezone|\n|poke|p2|Corviknight, M|\n|poke|p2|Landorus-Therian, M|\n|poke|p2|Rotom-Heat|\n|poke|p2|Alomomola, F|\n|teampreview\n|\n|t:|1771252965\n|teamsize|p1|6\n|teamsize|p2|6\n|start\n|switch|p1a: Landorus|Landorus-Therian, M|100/100\n|switch|p2a: Magnezone|Magnezone|100/100\n|-ability|p1a: Landorus|Intimidate|boost\n|-unboost|p2a: Magnezone|atk|1\n|turn|1\n|\n|t:|1771252968\n|switch|p2a: Corviknight|Corviknight, M|100/100\n|-ability|p2a: Corviknight|Pressure\n|move|p1a: Landorus|Earthquake|p2a: Corviknight\n|-immune|p2a: Corviknight\n|\n|upkeep\n|turn|2\n|\n|t:|1771252975\n|move|p1a: Landorus|Stealth Rock|p2a: Corviknight\n|-sidestart|p2: jjznb2|move: Stealth Rock\n|move|p2a: Corviknight|Defog|p1a: Landorus\n|-unboost|p1a: Landorus|evasion|1\n|-sideend|p2: jjznb2|Stealth Rock|[from] move: Defog|[of] p2a: Corviknight\n|\n|upkeep\n|turn|3\n|\n|t:|1771252984\n|move|p1a: Landorus|Stealth Rock|p2a: Corviknight\n|-sidestart|p2: jjznb2|move: Stealth Rock\n|move|p2a: Corviknight|Brave Bird|p1a: Landorus\n|-damage|p1a: Landorus|59/100\n|-damage|p2a: Corviknight|89/100|[from] Recoil\n|\n|-heal|p2a: Corviknight|96/100|[from] item: Leftovers\n|upkeep\n|turn|4\n|\n|t:|1771252991\n|switch|p1a: Gholdengo|Gholdengo|100/100\n|move|p2a: Corviknight|U-turn|p1a: Gholdengo\n|-resisted|p1a: Gholdengo\n|-damage|p1a: Gholdengo|98/100\n|\n|t:|1771252996\n|switch|p2a: Rotom|Rotom-Heat|100/100|[from] U-turn\n|\n|-heal|p1a: Gholdengo|100/100|[from] item: Leftovers\n|upkeep\n|turn|5\n|\n|t:|1771253003\n|switch|p1a: Samurott|Samurott-Hisui, F|100/100\n|move|p2a: Rotom|Volt Switch|p1a: Samurott\n|-supereffective|p1a: Samurott\n|-damage|p1a: Samurott|35/100\n|j| Reyanek\n|\n|t:|1771253008\n|switch|p2a: Corviknight|Corviknight, M|96/100|[from] Volt Switch\n|-damage|p2a: Corviknight|83/100|[from] Stealth Rock\n|-ability|p2a: Corviknight|Pressure\n|\n|-heal|p2a: Corviknight|89/100|[from] item: Leftovers\n|upkeep\n|turn|6\n|\n|t:|1771253012\n|switch|p1a: Gholdengo|Gholdengo|100/100\n|move|p2a: Corviknight|U-turn|p1a: Gholdengo\n|-resisted|p1a: Gholdengo\n|-damage|p1a: Gholdengo|98/100\n|\n|t:|1771253015\n|switch|p2a: Rotom|Rotom-Heat|100/100|[from] U-turn\n|\n|-heal|p1a: Gholdengo|100/100|[from] item: Leftovers\n|upkeep\n|turn|7\n|\n|t:|1771253019\n|switch|p1a: Kyurem|Kyurem|100/100\n|-ability|p1a: Kyurem|Pressure\n|move|p2a: Rotom|Overheat|p1a: Kyurem\n|-damage|p1a: Kyurem|58/100\n|-unboost|p2a: Rotom|spa|2\n|\n|upkeep\n|turn|8\n|\n|t:|1771253027\n|move|p1a: Kyurem|Ice Beam|p2a: Rotom\n|-resisted|p2a: Rotom\n|-crit|p2a: Rotom\n|-damage|p2a: Rotom|72/100\n|move|p2a: Rotom|Volt Switch|p1a: Kyurem\n|-resisted|p1a: Kyurem\n|-damage|p1a: Kyurem|51/100\n|\n|t:|1771253046\n|switch|p2a: Corviknight|Corviknight, M|89/100|[from] Volt Switch\n|-damage|p2a: Corviknight|77/100|[from] Stealth Rock\n|-ability|p2a: Corviknight|Pressure\n|\n|-heal|p2a: Corviknight|83/100|[from] item: Leftovers\n|upkeep\n|turn|9\n|\n|t:|1771253052\n|move|p1a: Kyurem|Ice Beam|p2a: Corviknight\n|-damage|p2a: Corviknight|39/100\n|move|p2a: Corviknight|Roost|p2a: Corviknight\n|-heal|p2a: Corviknight|89/100\n|-singleturn|p2a: Corviknight|move: Roost\n|\n|-heal|p2a: Corviknight|96/100|[from] item: Leftovers\n|upkeep\n|turn|10\n|\n|t:|1771253064\n|switch|p1a: Gholdengo|Gholdengo|100/100\n|switch|p2a: Alomomola|Alomomola, F|100/100\n|-damage|p2a: Alomomola|88/100|[from] Stealth Rock\n|\n|upkeep\n|turn|11\n|\n|t:|1771253069\n|move|p1a: Gholdengo|Thunder Wave|p2a: Alomomola\n|-status|p2a: Alomomola|par\n|move|p2a: Alomomola|Knock Off|p1a: Gholdengo\n|-supereffective|p1a: Gholdengo\n|-damage|p1a: Gholdengo|76/100\n|-enditem|p1a: Gholdengo|Leftovers|[from] move: Knock Off|[of] p2a: Alomomola\n|\n|upkeep\n|turn|12\n|\n|t:|1771253078\n|switch|p1a: Samurott|Samurott-Hisui, F|35/100\n|move|p2a: Alomomola|Mirror Coat||[still]\n|-fail|p2a: Alomomola\n|\n|upkeep\n|turn|13\n|\n|t:|1771253082\n|move|p1a: Samurott|Knock Off|p2a: Alomomola\n|-damage|p2a: Alomomola|52/100 par\n|-enditem|p2a: Alomomola|Assault Vest|[from] move: Knock Off|[of] p1a: Samurott\n|move|p2a: Alomomola|Flip Turn|p1a: Samurott\n|-resisted|p1a: Samurott\n|-damage|p1a: Samurott|27/100\n|\n|t:|1771253095\n|switch|p2a: Landorus|Landorus-Therian, M|100/100|[from] Flip Turn\n|-damage|p2a: Landorus|88/100|[from] Stealth Rock\n|-ability|p2a: Landorus|Intimidate|boost\n|-unboost|p1a: Samurott|atk|1\n|\n|upkeep\n|turn|14\n|\n|t:|1771253103\n|switch|p1a: Slowbro|Slowbro, M|100/100\n|move|p2a: Landorus|U-turn|p1a: Slowbro\n|-supereffective|p1a: Slowbro\n|-damage|p1a: Slowbro|70/100\n|-damage|p2a: Landorus|72/100|[from] item: Rocky Helmet|[of] p1a: Slowbro\n|\n|t:|1771253107\n|switch|p2a: Magnezone|Magnezone|100/100|[from] U-turn\n|-damage|p2a: Magnezone|94/100|[from] Stealth Rock\n|\n|upkeep\n|turn|15\n|\n|t:|1771253114\n|switch|p1a: Gholdengo|Gholdengo|76/100\n|move|p2a: Magnezone|Flash Cannon|p1a: Gholdengo\n|-resisted|p1a: Gholdengo\n|-damage|p1a: Gholdengo|39/100\n|\n|upkeep\n|turn|16\n|\n|t:|1771253124\n|switch|p2a: Rotom|Rotom-Heat|72/100\n|move|p1a: Gholdengo|Recover|p1a: Gholdengo\n|-heal|p1a: Gholdengo|89/100\n|\n|upkeep\n|turn|17\n|\n|t:|1771253131\n|move|p2a: Rotom|Volt Switch|p1a: Gholdengo\n|-damage|p1a: Gholdengo|63/100\n|\n|t:|1771253146\n|switch|p2a: Corviknight|Corviknight, M|96/100|[from] Volt Switch\n|-damage|p2a: Corviknight|83/100|[from] Stealth Rock\n|-ability|p2a: Corviknight|Pressure\n|move|p1a: Gholdengo|Hex|p2a: Corviknight\n|-damage|p2a: Corviknight|57/100\n|\n|-heal|p2a: Corviknight|64/100|[from] item: Leftovers\n|upkeep\n|turn|18\n|\n|t:|1771253159\n|switch|p2a: Rotom|Rotom-Heat|72/100\n|move|p1a: Gholdengo|Thunder Wave|p2a: Rotom\n|-immune|p2a: Rotom\n|\n|upkeep\n|turn|19\n|\n|t:|1771253165\n|switch|p1a: Kyurem|Kyurem|51/100\n|-ability|p1a: Kyurem|Pressure\n|move|p2a: Rotom|Overheat|p1a: Kyurem\n|-damage|p1a: Kyurem|5/100\n|-unboost|p2a: Rotom|spa|2\n|\n|upkeep\n|turn|20\n|\n|t:|1771253178\n|move|p1a: Kyurem|Earth Power|p2a: Rotom\n|-immune|p2a: Rotom|[from] ability: Levitate\n|move|p2a: Rotom|Volt Switch|p1a: Kyurem\n|-resisted|p1a: Kyurem\n|-damage|p1a: Kyurem|0 fnt\n|faint|p1a: Kyurem\n|\n|t:|1771253181\n|switch|p2a: Alomomola|Alomomola, F|85/100 par|[from] Volt Switch\n|-damage|p2a: Alomomola|73/100 par|[from] Stealth Rock\n|\n|upkeep\n|\n|t:|1771253186\n|switch|p1a: Samurott|Samurott-Hisui, F|27/100\n|turn|21\n|\n|t:|1771253193\n|move|p1a: Samurott|Ceaseless Edge|p2a: Alomomola\n|-damage|p2a: Alomomola|41/100 par\n|-sidestart|p2: jjznb2|Spikes\n|cant|p2a: Alomomola|par\n|\n|upkeep\n|turn|22\n|\n|t:|1771253199\n|move|p1a: Samurott|Ceaseless Edge|p2a: Alomomola\n|-damage|p2a: Alomomola|5/100 par\n|-sidestart|p2: jjznb2|Spikes\n|cant|p2a: Alomomola|par\n|\n|upkeep\n|turn|23\n|\n|t:|1771253204\n|switch|p2a: Corviknight|Corviknight, M|64/100\n|-damage|p2a: Corviknight|51/100|[from] Stealth Rock\n|-ability|p2a: Corviknight|Pressure\n|move|p1a: Samurott|Ceaseless Edge|p2a: Corviknight\n|-damage|p2a: Corviknight|23/100\n|-sidestart|p2: jjznb2|Spikes\n|\n|-heal|p2a: Corviknight|29/100|[from] item: Leftovers\n|upkeep\n|turn|24\n|\n|t:|1771253209\n|switch|p1a: Gholdengo|Gholdengo|63/100\n|move|p2a: Corviknight|Roost|p2a: Corviknight\n|-heal|p2a: Corviknight|79/100\n|-singleturn|p2a: Corviknight|move: Roost\n|\n|-heal|p2a: Corviknight|86/100|[from] item: Leftovers\n|upkeep\n|turn|25\n|\n|t:|1771253214\n|switch|p2a: Rotom|Rotom-Heat|72/100\n|move|p1a: Gholdengo|Hex|p2a: Rotom\n|-damage|p2a: Rotom|46/100\n|\n|upkeep\n|turn|26\n|\n|t:|1771253225\n|switch|p1a: Slowbro|Slowbro, M|100/100\n|move|p2a: Rotom|Overheat|p1a: Slowbro\n|-resisted|p1a: Slowbro\n|-damage|p1a: Slowbro|75/100\n|-unboost|p2a: Rotom|spa|2\n|\n|upkeep\n|turn|27\n|\n|t:|1771253231\n|move|p2a: Rotom|Pain Split|p1a: Slowbro\n|-sethp|p1a: Slowbro|55/100|[from] move: Pain Split|[silent]\n|-sethp|p2a: Rotom|72/100|[from] move: Pain Split\n|move|p1a: Slowbro|Teleport|p1a: Slowbro\n|\n|t:|1771253247\n|switch|p1a: Landorus|Landorus-Therian, M|59/100|[from] Teleport\n|-ability|p1a: Landorus|Intimidate|boost\n|-unboost|p2a: Rotom|atk|1\n|\n|upkeep\n|turn|28\n|\n|t:|1771253256\n|switch|p2a: Corviknight|Corviknight, M|86/100\n|-damage|p2a: Corviknight|73/100|[from] Stealth Rock\n|-ability|p2a: Corviknight|Pressure\n|move|p1a: Landorus|Stone Edge|p2a: Corviknight\n|-damage|p2a: Corviknight|51/100\n|\n|-heal|p2a: Corviknight|57/100|[from] item: Leftovers\n|upkeep\n|turn|29\n|l| Reyanek\n|\n|t:|1771253269\n|switch|p1a: Gholdengo|Gholdengo|63/100\n|move|p2a: Corviknight|Roost|p2a: Corviknight\n|-heal|p2a: Corviknight|100/100\n|-singleturn|p2a: Corviknight|move: Roost\n|\n|upkeep\n|turn|30\n|\n|t:|1771253276\n|switch|p2a: Magnezone|Magnezone|94/100\n|-damage|p2a: Magnezone|88/100|[from] Stealth Rock\n|-damage|p2a: Magnezone|63/100|[from] Spikes\n|move|p1a: Gholdengo|Hex|p2a: Magnezone\n|-damage|p2a: Magnezone|23/100\n|\n|upkeep\n|turn|31\n|\n|t:|1771253283\n|move|p2a: Magnezone|Hidden Power|p1a: Gholdengo\n|-supereffective|p1a: Gholdengo\n|-crit|p1a: Gholdengo\n|-damage|p1a: Gholdengo|0 fnt\n|faint|p1a: Gholdengo\n|\n|upkeep\n|\n|t:|1771253299\n|switch|p1a: Landorus|Landorus-Therian, M|59/100\n|-ability|p1a: Landorus|Intimidate|boost\n|-unboost|p2a: Magnezone|atk|1\n|turn|32\n|\n|t:|1771253302\n|move|p1a: Landorus|Earthquake|p2a: Magnezone\n|-supereffective|p2a: Magnezone\n|-damage|p2a: Magnezone|0 fnt\n|faint|p2a: Magnezone\n|\n|upkeep\n|\n|t:|1771253304\n|switch|p2a: Corviknight|Corviknight, M|100/100\n|-damage|p2a: Corviknight|88/100|[from] Stealth Rock\n|-ability|p2a: Corviknight|Pressure\n|turn|33\n|-message|cladfvv forfeited.\n|\n|win|jjznb2\n|raw|cladfvv's rating: 1720 &rarr; <strong>1706</strong><br />(-14 for losing)\n|raw|jjznb2's rating: 1830 &rarr; <strong>1844</strong><br />(+14 for winning)\n|l|‽cladfvv\n|player|p1|\n|l|☆jjznb2\n|player|p2|\n", "uploadtime": 1771253536, "views": 5, "formatid": "gen9nationaldex", "rating": 1706, "private": 0, "password": null}