{"id": "gen9nationaldex-2540666461", "format": "[Gen 9] National Dex", "players": ["starebirdxx", "blackddarkness"], "log": "|j|☆starebirdxx\n|j|☆blackddarkness\n|t:|1771236915\n|gametype|singles\n|player|p1|starebirdxx|rosa|1575\n|player|p2|blackddarkness|2|1637\n|gen|9\n|tier|[Gen 9] National Dex\n|rated|\n|rule|HP Percentage Mod: HP is shown in percentages\n|rule|Endless Battle Clause: Forcing endless battles is banned\n|rule|Species Clause: Limit one of each Pokémon\n|rule|OHKO Clause: OHKO moves are banned\n|rule|Evasion Clause: Evasion abilities, items, and moves are banned\n|rule|Evasion Abilities Clause: Evasion abilities are banned\n|rule|Evasion Items Clause: Evasion items are banned\n|rule|Evasion Moves Clause: Evasion moves are banned\n|rule|Sleep Clause Mod: Limit one foe put to sleep\n|rule|Terastal Clause: You cannot Terastallize\n|clearpoke\n|poke|p1|Hatterene, F|\n|poke|p1|Cresselia, F|\n|poke|p1|Porygon2|\n|poke|p1|Ursaluna, M|\n|poke|p1|Mawile, F|\n|poke|p1|Marowak-Alola, M|\n|poke|p2|Mandibuzz, F|\n|poke|p2|Ogerpon-Wellspring, F|\n|poke|p2|Slowbro, F|\n|poke|p2|Clodsire, M|\n|poke|p2|Slowking-Galar, F|\n|poke|p2|Scizor, M|\n|teampreview\n|\n|t:|1771236922\n|teamsize|p1|6\n|teamsize|p2|6\n|start\n|switch|p1a: Marowak|Marowak-Alola, M|100/100\n|switch|p2a: Scizor|Scizor, M|100/100\n|turn|1\n|inactive|Battle timer is ON: inactive players will automatically lose when time's up. (requested by blackddarkness)\n|\n|t:|1771236928\n|detailschange|p2a: Scizor|Scizor-Mega, M\n|-mega|p2a: Scizor|Scizor|Scizorite\n|move|p2a: Scizor|U-turn|p1a: Marowak\n|-resisted|p1a: Marowak\n|-damage|p1a: Marowak|92/100\n|\n|t:|1771236936\n|switch|p2a: Slowbro|Slowbro, F|100/100|[from] U-turn\n|move|p1a: Marowak|Flare Blitz|p2a: Slowbro\n|-resisted|p2a: Slowbro\n|-damage|p2a: Slowbro|71/100\n|-damage|p1a: Marowak|75/100|[from] item: Rocky Helmet|[of] p2a: Slowbro\n|\n|upkeep\n|turn|2\n|\n|t:|1771236945\n|switch|p2a: Man|Mandibuzz, F, shiny|100/100\n|move|p1a: Marowak|Poltergeist|p2a: Man|[miss]\n|-miss|p1a: Marowak|p2a: Man\n|\n|upkeep\n|turn|3\n|\n|t:|1771236956\n|switch|p1a: Hatterene|Hatterene, F|100/100\n|move|p2a: Man|Foul Play|p1a: Hatterene\n|-damage|p1a: Hatterene|70/100\n|\n|upkeep\n|turn|4\n|\n|t:|1771236963\n|switch|p2a: Slowking|Slowking-Galar, F|100/100\n|move|p1a: Hatterene|Trick Room|p1a: Hatterene\n|-fieldstart|move: Trick Room|[of] p1a: Hatterene\n|\n|upkeep\n|turn|5\n|\n|t:|1771236970\n|switch|p1a: Ursaluna|Ursaluna, M|100/100\n|move|p2a: Slowking|Flamethrower|p1a: Ursaluna\n|-damage|p1a: Ursaluna|79/100\n|\n|-status|p1a: Ursaluna|brn|[from] item: Flame Orb\n|upkeep\n|turn|6\n|\n|t:|1771236985\n|switch|p2a: Slowbro|Slowbro, F|100/100\n|move|p1a: Ursaluna|Swords Dance|p1a: Ursaluna\n|-boost|p1a: Ursaluna|atk|2\n|\n|-damage|p1a: Ursaluna|73/100 brn|[from] brn\n|upkeep\n|turn|7\n|\n|t:|1771236994\n|move|p2a: Slowbro|Scald|p1a: Ursaluna\n|-supereffective|p1a: Ursaluna\n|-damage|p1a: Ursaluna|26/100 brn\n|move|p1a: Ursaluna|Facade|p2a: Slowbro\n|-damage|p2a: Slowbro|0 fnt\n|-damage|p1a: Ursaluna|10/100 brn|[from] item: Rocky Helmet|[of] p2a: Slowbro\n|faint|p2a: Slowbro\n|\n|-damage|p1a: Ursaluna|4/100 brn|[from] brn\n|upkeep\n|\n|t:|1771237003\n|switch|p2a: Scizor|Scizor-Mega, M|100/100\n|turn|8\n|\n|t:|1771237009\n|switch|p1a: Cresselia|Cresselia, F|100/100\n|move|p2a: Scizor|U-turn|p1a: Cresselia\n|-supereffective|p1a: Cresselia\n|-damage|p1a: Cresselia|65/100\n|-damage|p2a: Scizor|84/100|[from] item: Rocky Helmet|[of] p1a: Cresselia\n|\n|t:|1771237017\n|switch|p2a: Ogerpon|Ogerpon-Wellspring, F|100/100|[from] U-turn\n|\n|-fieldend|move: Trick Room\n|upkeep\n|turn|9\n|\n|t:|1771237021\n|switch|p1a: Porygon2|Porygon2|100/100\n|-ability|p1a: Porygon2|Water Absorb|Trace|[from] ability: Trace|[of] p2a: Ogerpon\n|move|p2a: Ogerpon|Swords Dance|p2a: Ogerpon\n|-boost|p2a: Ogerpon|atk|2\n|\n|upkeep\n|turn|10\n|\n|t:|1771237028\n|move|p2a: Ogerpon|Superpower|p1a: Porygon2\n|-supereffective|p1a: Porygon2\n|-damage|p1a: Porygon2|0 fnt\n|-unboost|p2a: Ogerpon|atk|1\n|-unboost|p2a: Ogerpon|def|1\n|faint|p1a: Porygon2\n|\n|upkeep\n|\n|t:|1771237036\n|switch|p1a: Mawile|Mawile, F|100/100\n|-ability|p1a: Mawile|Intimidate|boost\n|-unboost|p2a: Ogerpon|atk|1\n|turn|11\n|\n|t:|1771237044\n|switch|p2a: Man|Mandibuzz, F, shiny|100/100\n|detailschange|p1a: Mawile|Mawile-Mega, F\n|-mega|p1a: Mawile|Mawile|Mawilite\n|move|p1a: Mawile|Swords Dance|p1a: Mawile\n|-boost|p1a: Mawile|atk|2\n|\n|upkeep\n|turn|12\n|\n|t:|1771237051\n|move|p2a: Man|Iron Defense|p2a: Man\n|-boost|p2a: Man|def|2\n|move|p1a: Mawile|Play Rough|p2a: Man\n|-supereffective|p2a: Man\n|-damage|p2a: Man|0 fnt\n|faint|p2a: Man\n|\n|upkeep\n|\n|t:|1771237065\n|switch|p2a: Scizor|Scizor-Mega, M|84/100\n|turn|13\n|\n|t:|1771237068\n|move|p2a: Scizor|Close Combat|p1a: Mawile\n|-damage|p1a: Mawile|67/100\n|-unboost|p2a: Scizor|def|1\n|-unboost|p2a: Scizor|spd|1\n|move|p1a: Mawile|Knock Off|p2a: Scizor\n|-damage|p2a: Scizor|11/100\n|\n|upkeep\n|turn|14\n|\n|t:|1771237075\n|move|p2a: Scizor|Bullet Punch|p1a: Mawile\n|-damage|p1a: Mawile|40/100\n|move|p1a: Mawile|Knock Off|p2a: Scizor\n|-damage|p2a: Scizor|0 fnt\n|faint|p2a: Scizor\n|detailschange|p2: Scizor|Scizor, M|[silent]\n|\n|upkeep\n|\n|t:|1771237081\n|switch|p2a: Ogerpon|Ogerpon-Wellspring, F|100/100\n|turn|15\n|\n|t:|1771237089\n|move|p2a: Ogerpon|Ivy Cudgel|p1a: Mawile|[anim] Ivy Cudgel Water\n|-damage|p1a: Mawile|0 fnt\n|faint|p1a: Mawile\n|detailschange|p1: Mawile|Mawile, F|[silent]\n|\n|upkeep\n|\n|t:|1771237093\n|switch|p1a: Cresselia|Cresselia, F|65/100\n|turn|16\n|\n|t:|1771237106\n|move|p2a: Ogerpon|Ivy Cudgel|p1a: Cresselia|[anim] Ivy Cudgel Water\n|-damage|p1a: Cresselia|32/100\n|move|p1a: Cresselia|Trick Room|p1a: Cresselia\n|-fieldstart|move: Trick Room|[of] p1a: Cresselia\n|\n|upkeep\n|turn|17\n|\n|t:|1771237112\n|move|p1a: Cresselia|Lunar Dance|p1a: Cresselia\n|faint|p1a: Cresselia\n|move|p2a: Ogerpon|Ivy Cudgel|p1: Cresselia|[notarget]\n|-fail|p2a: Ogerpon\n|\n|upkeep\n|\n|t:|1771237118\n|switch|p1a: Marowak|Marowak-Alola, M|75/100\n|-heal|p1a: Marowak|100/100|[from] move: Lunar Dance\n|turn|18\n|\n|t:|1771237127\n|switch|p2a: Clodsire|Clodsire, M, shiny|100/100\n|move|p1a: Marowak|Flare Blitz|p2a: Clodsire\n|-damage|p2a: Clodsire|0 fnt\n|faint|p2a: Clodsire\n|\n|upkeep\n|\n|t:|1771237138\n|switch|p2a: Ogerpon|Ogerpon-Wellspring, F|100/100\n|turn|19\n|\n|t:|1771237143\n|switch|p2a: Slowking|Slowking-Galar, F|100/100\n|move|p1a: Marowak|Poltergeist|p2a: Slowking\n|-activate|p2a: Slowking|move: Poltergeist|Assault Vest\n|-supereffective|p2a: Slowking\n|-damage|p2a: Slowking|0 fnt\n|faint|p2a: Slowking\n|\n|upkeep\n|\n|t:|1771237151\n|switch|p2a: Ogerpon|Ogerpon-Wellspring, F|100/100\n|turn|20\n|\n|t:|1771237154\n|move|p1a: Marowak|Flare Blitz|p2a: Ogerpon\n|-damage|p2a: Ogerpon|0 fnt\n|faint|p2a: Ogerpon\n|\n|win|starebirdxx\n|raw|starebirdxx's rating: 1575 &rarr; <strong>1599</strong><br />(+24 for winning)\n|raw|blackddarkness's rating: 1637 &rarr; <strong>1613</strong><br />(-24 for losing)\n|l|☆blackddarkness\n|player|p2|\n|l|☆starebirdxx\n|player|p1|\n", "uploadtime": 1771237449, "views": 9, "formatid": "gen9nationaldex", "rating": 1599, "private": 0, "password": null}