{"id": "gen9nationaldex-2540266220", "format": "[Gen 9] National Dex", "players": ["chillface_noob", "zyzyno.1"], "log": "|j|☆chillface_noob\n|j|☆zyzyno.1\n|t:|1771182514\n|gametype|singles\n|player|p1|chillface_noob|2|1567\n|player|p2|zyzyno.1|cynthia-gen4|1571\n|gen|9\n|tier|[Gen 9] National Dex\n|rated|\n|rule|HP Percentage Mod: HP is shown in percentages\n|rule|Endless Battle Clause: Forcing endless battles is banned\n|rule|Species Clause: Limit one of each Pokémon\n|rule|OHKO Clause: OHKO moves are banned\n|rule|Evasion Clause: Evasion abilities, items, and moves are banned\n|rule|Evasion Abilities Clause: Evasion abilities are banned\n|rule|Evasion Items Clause: Evasion items are banned\n|rule|Evasion Moves Clause: Evasion moves are banned\n|rule|Sleep Clause Mod: Limit one foe put to sleep\n|rule|Terastal Clause: You cannot Terastallize\n|clearpoke\n|poke|p1|Landorus-Therian, M|\n|poke|p1|Banette, F|\n|poke|p1|Manaphy|\n|poke|p1|Gengar, M|\n|poke|p1|Pecharunt|\n|poke|p1|Gholdengo|\n|poke|p2|Crustle, F|\n|poke|p2|Pinsir, M|\n|poke|p2|Hatterene, F|\n|poke|p2|Great Tusk|\n|poke|p2|Gholdengo|\n|poke|p2|Samurott-Hisui, M|\n|teampreview\n|\n|t:|1771182522\n|teamsize|p1|6\n|teamsize|p2|6\n|start\n|switch|p1a: Gengar|Gengar, M|100/100\n|switch|p2a: Crustle|Crustle, F|100/100\n|turn|1\n|\n|t:|1771182526\n|move|p1a: Gengar|Thunder Wave|p2a: Crustle\n|-status|p2a: Crustle|par\n|move|p2a: Crustle|Shell Smash|p2a: Crustle\n|-unboost|p2a: Crustle|def|1\n|-unboost|p2a: Crustle|spd|1\n|-boost|p2a: Crustle|atk|2\n|-boost|p2a: Crustle|spa|2\n|-boost|p2a: Crustle|spe|2\n|\n|upkeep\n|turn|2\n|\n|t:|1771182536\n|move|p1a: Gengar|Hex|p2a: Crustle\n|-ability|p2a: Crustle|Sturdy\n|-damage|p2a: Crustle|1/100 par\n|move|p2a: Crustle|Stealth Rock|p1a: Gengar\n|-sidestart|p1: chillface_noob|move: Stealth Rock\n|\n|upkeep\n|turn|3\n|\n|t:|1771182542\n|move|p1a: Gengar|Hex|p2a: Crustle\n|-crit|p2a: Crustle\n|-damage|p2a: Crustle|0 fnt\n|faint|p2a: Crustle\n|\n|upkeep\n|\n|t:|1771182550\n|switch|p2a: Samurott|Samurott-Hisui, M|100/100\n|turn|4\n|\n|t:|1771182554\n|move|p1a: Gengar|Thunder Wave|p2a: Samurott\n|-status|p2a: Samurott|par\n|cant|p2a: Samurott|par\n|\n|upkeep\n|turn|5\n|\n|t:|1771182557\n|move|p1a: Gengar|Hex|p2a: Samurott\n|-resisted|p2a: Samurott\n|-damage|p2a: Samurott|78/100 par\n|cant|p2a: Samurott|par\n|\n|upkeep\n|turn|6\n|\n|t:|1771182560\n|move|p1a: Gengar|Hex|p2a: Samurott\n|-resisted|p2a: Samurott\n|-damage|p2a: Samurott|54/100 par\n|move|p2a: Samurott|Ceaseless Edge|p1a: Gengar\n|-supereffective|p1a: Gengar\n|-enditem|p1a: Gengar|Focus Sash\n|-damage|p1a: Gengar|1/100\n|-sidestart|p1: chillface_noob|Spikes\n|\n|upkeep\n|turn|7\n|\n|t:|1771182566\n|move|p1a: Gengar|Destiny Bond|p1a: Gengar\n|-singlemove|p1a: Gengar|Destiny Bond\n|move|p2a: Samurott|Knock Off|p1a: Gengar\n|-supereffective|p1a: Gengar\n|-damage|p1a: Gengar|0 fnt\n|-start|p2a: Samurott|Disable|Knock Off|[from] ability: Cursed Body|[of] p1a: Gengar\n|faint|p1a: Gengar\n|-activate|p1a: Gengar|move: Destiny Bond\n|faint|p2a: Samurott\n|\n|upkeep\n|\n|t:|1771182594\n|switch|p1a: Gholdingus|Gholdengo|100/100\n|switch|p2a: Great Tusk|Great Tusk|100/100\n|-damage|p1a: Gholdingus|94/100|[from] Stealth Rock\n|-damage|p1a: Gholdingus|82/100|[from] Spikes\n|-enditem|p2a: Great Tusk|Booster Energy\n|-activate|p2a: Great Tusk|ability: Protosynthesis|[fromitem]\n|-start|p2a: Great Tusk|protosynthesisspe\n|turn|8\n|\n|t:|1771182598\n|switch|p1a: Slandorus-T|Landorus-Therian, M|100/100\n|-damage|p1a: Slandorus-T|88/100|[from] Stealth Rock\n|-ability|p1a: Slandorus-T|Intimidate|boost\n|-unboost|p2a: Great Tusk|atk|1\n|move|p2a: Great Tusk|Bulk Up|p2a: Great Tusk\n|-boost|p2a: Great Tusk|atk|1\n|-boost|p2a: Great Tusk|def|1\n|\n|upkeep\n|turn|9\n|\n|t:|1771182607\n|move|p2a: Great Tusk|Bulk Up|p2a: Great Tusk\n|-boost|p2a: Great Tusk|atk|1\n|-boost|p2a: Great Tusk|def|1\n|move|p1a: Slandorus-T|Taunt|p2a: Great Tusk\n|-start|p2a: Great Tusk|move: Taunt\n|\n|upkeep\n|turn|10\n|\n|t:|1771182622\n|switch|p1a: Gholdingus|Gholdengo|82/100\n|-damage|p1a: Gholdingus|76/100|[from] Stealth Rock\n|-damage|p1a: Gholdingus|64/100|[from] Spikes\n|move|p2a: Great Tusk|Ice Spinner|p1a: Gholdingus\n|-resisted|p1a: Gholdingus\n|-damage|p1a: Gholdingus|45/100\n|\n|upkeep\n|turn|11\n|\n|t:|1771182632\n|switch|p1a: Slandorus-T|Landorus-Therian, M|88/100\n|-damage|p1a: Slandorus-T|76/100|[from] Stealth Rock\n|-ability|p1a: Slandorus-T|Intimidate|boost\n|-unboost|p2a: Great Tusk|atk|1\n|move|p2a: Great Tusk|Ice Spinner|p1a: Slandorus-T\n|-supereffective|p1a: Slandorus-T\n|-damage|p1a: Slandorus-T|10/100\n|-damage|p2a: Great Tusk|84/100|[from] item: Rocky Helmet|[of] p1a: Slandorus-T\n|\n|upkeep\n|turn|12\n|\n|t:|1771182638\n|switch|p1a: Delicious|Pecharunt|100/100\n|-damage|p1a: Delicious|88/100|[from] Stealth Rock\n|-damage|p1a: Delicious|76/100|[from] Spikes\n|move|p2a: Great Tusk|Ice Spinner|p1a: Delicious\n|-damage|p1a: Delicious|64/100\n|\n|-end|p2a: Great Tusk|move: Taunt\n|upkeep\n|turn|13\n|\n|t:|1771182645\n|move|p2a: Great Tusk|Bulk Up|p2a: Great Tusk\n|-boost|p2a: Great Tusk|atk|1\n|-boost|p2a: Great Tusk|def|1\n|move|p1a: Delicious|Malignant Chain|p2a: Great Tusk\n|-resisted|p2a: Great Tusk\n|-crit|p2a: Great Tusk\n|-damage|p2a: Great Tusk|52/100\n|-status|p2a: Great Tusk|tox\n|-start|p2a: Great Tusk|confusion|[from] ability: Poison Puppeteer|[of] p1a: Delicious\n|\n|-damage|p2a: Great Tusk|46/100 tox|[from] psn\n|upkeep\n|turn|14\n|\n|t:|1771182650\n|-activate|p2a: Great Tusk|confusion\n|move|p2a: Great Tusk|Headlong Rush|p1a: Delicious\n|-supereffective|p1a: Delicious\n|-damage|p1a: Delicious|0 fnt\n|-unboost|p2a: Great Tusk|def|1\n|-unboost|p2a: Great Tusk|spd|1\n|faint|p1a: Delicious\n|\n|-damage|p2a: Great Tusk|34/100 tox|[from] psn\n|upkeep\n|\n|t:|1771182656\n|switch|p1a: Dead or Deader?|Banette, F|100/100\n|-damage|p1a: Dead or Deader?|88/100|[from] Stealth Rock\n|-damage|p1a: Dead or Deader?|76/100|[from] Spikes\n|turn|15\n|\n|t:|1771182660\n|detailschange|p1a: Dead or Deader?|Banette-Mega, F\n|-mega|p1a: Dead or Deader?|Banette|Banettite\n|-activate|p2a: Great Tusk|confusion\n|-damage|p2a: Great Tusk|28/100 tox|[from] confusion\n|move|p1a: Dead or Deader?|Poltergeist||[still]\n|-fail|p1a: Dead or Deader?\n|\n|-damage|p2a: Great Tusk|10/100 tox|[from] psn\n|upkeep\n|turn|16\n|\n|t:|1771182669\n|move|p1a: Dead or Deader?|Taunt|p2a: Great Tusk\n|-start|p2a: Great Tusk|move: Taunt\n|-end|p2a: Great Tusk|confusion\n|move|p2a: Great Tusk|Headlong Rush|p1a: Dead or Deader?\n|-damage|p1a: Dead or Deader?|0 fnt\n|-unboost|p2a: Great Tusk|def|1\n|-unboost|p2a: Great Tusk|spd|1\n|faint|p1a: Dead or Deader?\n|detailschange|p1: Dead or Deader?|Banette, F|[silent]\n|\n|-damage|p2a: Great Tusk|0 fnt|[from] psn\n|faint|p2a: Great Tusk\n|-end|p2a: Great Tusk|Protosynthesis|[silent]\n|upkeep\n|inactive|Battle timer is ON: inactive players will automatically lose when time's up. (requested by chillface_noob)\n|\n|t:|1771182706\n|switch|p2a: Pinsir|Pinsir, M|100/100\n|switch|p1a: Gholdingus|Gholdengo|45/100\n|-damage|p1a: Gholdingus|39/100|[from] Stealth Rock\n|-damage|p1a: Gholdingus|27/100|[from] Spikes\n|turn|17\n|\n|t:|1771182728\n|detailschange|p2a: Pinsir|Pinsir-Mega, M\n|-mega|p2a: Pinsir|Pinsir|Pinsirite\n|move|p1a: Gholdingus|Trick||[still]\n|-fail|p1a: Gholdingus\n|move|p2a: Pinsir|Earthquake|p1a: Gholdingus\n|-supereffective|p1a: Gholdingus\n|-damage|p1a: Gholdingus|0 fnt\n|faint|p1a: Gholdingus\n|\n|upkeep\n|\n|t:|1771182730\n|switch|p1a: Hydrogen Bomb|Manaphy|100/100\n|-damage|p1a: Hydrogen Bomb|88/100|[from] Stealth Rock\n|-damage|p1a: Hydrogen Bomb|76/100|[from] Spikes\n|turn|18\n|\n|t:|1771182738\n|move|p2a: Pinsir|Return|p1a: Hydrogen Bomb\n|-damage|p1a: Hydrogen Bomb|30/100\n|move|p1a: Hydrogen Bomb|Scald|p2a: Pinsir\n|-damage|p2a: Pinsir|65/100\n|\n|-heal|p1a: Hydrogen Bomb|36/100|[from] item: Leftovers\n|upkeep\n|turn|19\n|\n|t:|1771182759\n|move|p2a: Pinsir|Return|p1a: Hydrogen Bomb\n|-damage|p1a: Hydrogen Bomb|0 fnt\n|faint|p1a: Hydrogen Bomb\n|\n|upkeep\n|\n|t:|1771182761\n|switch|p1a: Slandorus-T|Landorus-Therian, M|10/100\n|-damage|p1a: Slandorus-T|0 fnt|[from] Stealth Rock\n|faint|p1a: Slandorus-T\n|\n|win|zyzyno.1\n|raw|chillface_noob's rating: 1567 &rarr; <strong>1547</strong><br />(-20 for losing)\n|raw|zyzyno.1's rating: 1571 &rarr; <strong>1591</strong><br />(+20 for winning)\n|l|☆zyzyno.1\n|player|p2|\n", "uploadtime": 1771182998, "views": 11, "formatid": "gen9nationaldex", "rating": 1547, "private": 0, "password": null}