{"id": "gen9nationaldex-2540711005", "format": "[Gen 9] National Dex", "players": ["thegoodislikewater", "lukia2.0"], "log": "|j|☆thegoodislikewater\n|j|☆lukia2.0\n|t:|1771244156\n|gametype|singles\n|player|p1|thegoodislikewater|veteran|1574\n|player|p2|lukia2.0|benga|1524\n|gen|9\n|tier|[Gen 9] National Dex\n|rated|\n|rule|HP Percentage Mod: HP is shown in percentages\n|rule|Endless Battle Clause: Forcing endless battles is banned\n|rule|Species Clause: Limit one of each Pokémon\n|rule|OHKO Clause: OHKO moves are banned\n|rule|Evasion Clause: Evasion abilities, items, and moves are banned\n|rule|Evasion Abilities Clause: Evasion abilities are banned\n|rule|Evasion Items Clause: Evasion items are banned\n|rule|Evasion Moves Clause: Evasion moves are banned\n|rule|Sleep Clause Mod: Limit one foe put to sleep\n|rule|Terastal Clause: You cannot Terastallize\n|clearpoke\n|poke|p1|Rhyperior, M|\n|poke|p1|Charizard, M|\n|poke|p1|Zapdos|\n|poke|p1|Heatran, M|\n|poke|p1|Ting-Lu|\n|poke|p1|Iron Jugulis|\n|poke|p2|Torkoal, M|\n|poke|p2|Blacephalon|\n|poke|p2|Ceruledge, M|\n|poke|p2|Charizard, M|\n|poke|p2|Cinderace, F|\n|poke|p2|Volcanion|\n|teampreview\n|inactive|Battle timer is ON: inactive players will automatically lose when time's up. (requested by lukia2.0)\n|inactive|thegoodislikewater has 120 seconds left.\n|\n|t:|1771244195\n|teamsize|p1|6\n|teamsize|p2|6\n|start\n|switch|p1a: Ting-Lu|Ting-Lu, shiny|100/100\n|switch|p2a: Volcanion|Volcanion|100/100\n|-item|p2a: Volcanion|Air Balloon\n|-ability|p1a: Ting-Lu|Vessel of Ruin\n|turn|1\n|\n|t:|1771244205\n|move|p2a: Volcanion|Steam Eruption|p1a: Ting-Lu\n|-supereffective|p1a: Ting-Lu\n|-damage|p1a: Ting-Lu|50/100\n|move|p1a: Ting-Lu|Rock Slide|p2a: Volcanion\n|-supereffective|p2a: Volcanion\n|-damage|p2a: Volcanion|66/100\n|-enditem|p2a: Volcanion|Air Balloon\n|\n|-heal|p1a: Ting-Lu|57/100|[from] item: Leftovers\n|upkeep\n|turn|2\n|\n|t:|1771244213\n|move|p2a: Volcanion|Taunt|p1a: Ting-Lu\n|-start|p1a: Ting-Lu|move: Taunt\n|cant|p1a: Ting-Lu|move: Taunt|Stealth Rock\n|\n|-heal|p1a: Ting-Lu|63/100|[from] item: Leftovers\n|upkeep\n|turn|3\n|\n|t:|1771244216\n|switch|p1a: Zapdos|Zapdos|100/100\n|move|p2a: Volcanion|Steam Eruption|p1a: Zapdos\n|-damage|p1a: Zapdos|49/100\n|-status|p1a: Zapdos|brn\n|\n|-damage|p1a: Zapdos|43/100 brn|[from] brn\n|upkeep\n|turn|4\n|\n|t:|1771244221\n|switch|p2a: Torkoal|Torkoal, M|100/100\n|-weather|SunnyDay|[from] ability: Drought|[of] p2a: Torkoal\n|move|p1a: Zapdos|Volt Switch|p2a: Torkoal\n|-crit|p2a: Torkoal\n|-damage|p2a: Torkoal|59/100\n|\n|t:|1771244227\n|switch|p1a: Charizard|Charizard, M, shiny|100/100|[from] Volt Switch\n|\n|-weather|SunnyDay|[upkeep]\n|-damage|p1a: Charizard|88/100|[from] ability: Solar Power|[of] p1a: Charizard\n|upkeep\n|turn|5\n|\n|t:|1771244233\n|move|p1a: Charizard|Scorching Sands|p2a: Torkoal\n|-supereffective|p2a: Torkoal\n|-damage|p2a: Torkoal|0 fnt\n|faint|p2a: Torkoal\n|\n|-weather|SunnyDay|[upkeep]\n|-damage|p1a: Charizard|76/100|[from] ability: Solar Power|[of] p1a: Charizard\n|upkeep\n|\n|t:|1771244237\n|switch|p2a: Charizard|Charizard, M|100/100\n|turn|6\n|\n|t:|1771244241\n|switch|p1a: Heatran|Heatran, M|100/100\n|detailschange|p2a: Charizard|Charizard-Mega-X, M\n|-mega|p2a: Charizard|Charizard|Charizardite X\n|move|p2a: Charizard|Dragon Dance|p2a: Charizard\n|-boost|p2a: Charizard|atk|1\n|-boost|p2a: Charizard|spe|1\n|\n|-weather|SunnyDay|[upkeep]\n|upkeep\n|turn|7\n|\n|t:|1771244245\n|move|p2a: Charizard|Earthquake|p1a: Heatran\n|-supereffective|p1a: Heatran\n|-damage|p1a: Heatran|0 fnt\n|faint|p1a: Heatran\n|\n|-weather|SunnyDay|[upkeep]\n|upkeep\n|\n|t:|1771244248\n|switch|p1a: Rhyperior|Rhyperior, M|100/100\n|turn|8\n|\n|t:|1771244251\n|move|p2a: Charizard|Flare Blitz|p1a: Rhyperior\n|-resisted|p1a: Rhyperior\n|-damage|p1a: Rhyperior|59/100\n|-status|p1a: Rhyperior|brn\n|-damage|p2a: Charizard|81/100|[from] Recoil\n|move|p1a: Rhyperior|Earthquake|p2a: Charizard\n|-supereffective|p2a: Charizard\n|-damage|p2a: Charizard|34/100\n|\n|-weather|SunnyDay|[upkeep]\n|-damage|p1a: Rhyperior|53/100 brn|[from] brn\n|upkeep\n|turn|9\n|\n|t:|1771244259\n|move|p2a: Charizard|Flare Blitz|p1a: Rhyperior\n|-resisted|p1a: Rhyperior\n|-crit|p1a: Rhyperior\n|-damage|p1a: Rhyperior|0 fnt\n|faint|p1a: Rhyperior\n|-damage|p2a: Charizard|9/100|[from] Recoil\n|\n|-weather|SunnyDay|[upkeep]\n|upkeep\n|\n|t:|1771244265\n|switch|p1a: Charizard|Charizard, M, shiny|76/100\n|turn|10\n|\n|t:|1771244269\n|switch|p1a: Zapdos|Zapdos|43/100 brn\n|move|p2a: Charizard|Dragon Claw|p1a: Zapdos\n|-damage|p1a: Zapdos|0 fnt\n|-damage|p2a: Charizard|0 fnt|[from] item: Rocky Helmet|[of] p1a: Zapdos\n|faint|p1a: Zapdos\n|faint|p2a: Charizard\n|detailschange|p2: Charizard|Charizard, M|[silent]\n|\n|-weather|SunnyDay|[upkeep]\n|upkeep\n|\n|t:|1771244276\n|switch|p2a: Cinderace|Cinderace, F|100/100\n|switch|p1a: Charizard|Charizard, M, shiny|76/100\n|turn|11\n|\n|t:|1771244285\n|move|p2a: Cinderace|Pyro Ball|p1a: Charizard\n|-resisted|p1a: Charizard\n|-damage|p1a: Charizard|20/100\n|move|p1a: Charizard|Weather Ball|p2a: Cinderace\n|-resisted|p2a: Cinderace\n|-damage|p2a: Cinderace|23/100\n|\n|-weather|none\n|upkeep\n|turn|12\n|\n|t:|1771244295\n|switch|p1a: Ting-Lu|Ting-Lu, shiny|63/100\n|-ability|p1a: Ting-Lu|Vessel of Ruin\n|move|p2a: Cinderace|High Jump Kick|p1a: Ting-Lu\n|-start|p2a: Cinderace|typechange|Fighting|[from] ability: Libero\n|-supereffective|p1a: Ting-Lu\n|-damage|p1a: Ting-Lu|0 fnt\n|faint|p1a: Ting-Lu\n|\n|upkeep\n|\n|t:|1771244299\n|switch|p1a: Iron Jugulis|Iron Jugulis|100/100\n|turn|13\n|\n|t:|1771244308\n|move|p1a: Iron Jugulis|Dark Pulse|p2a: Cinderace\n|-resisted|p2a: Cinderace\n|-damage|p2a: Cinderace|0 fnt\n|faint|p2a: Cinderace\n|\n|upkeep\n|\n|t:|1771244314\n|switch|p2a: Volcanion|Volcanion|66/100\n|turn|14\n|\n|t:|1771244317\n|move|p1a: Iron Jugulis|Dark Pulse|p2a: Volcanion\n|-damage|p2a: Volcanion|13/100\n|move|p2a: Volcanion|Steam Eruption|p1a: Iron Jugulis\n|-damage|p1a: Iron Jugulis|30/100\n|\n|upkeep\n|turn|15\n|\n|t:|1771244321\n|move|p1a: Iron Jugulis|Dark Pulse|p2a: Volcanion\n|-damage|p2a: Volcanion|0 fnt\n|faint|p2a: Volcanion\n|\n|upkeep\n|\n|t:|1771244323\n|switch|p2a: Ceruledge|Ceruledge, M|100/100\n|turn|16\n|\n|t:|1771244325\n|move|p1a: Iron Jugulis|Dark Pulse|p2a: Ceruledge\n|-supereffective|p2a: Ceruledge\n|-damage|p2a: Ceruledge|1/100\n|move|p2a: Ceruledge|Swords Dance|p2a: Ceruledge\n|-boost|p2a: Ceruledge|atk|2\n|\n|upkeep\n|turn|17\n|\n|t:|1771244329\n|move|p2a: Ceruledge|Shadow Sneak|p1a: Iron Jugulis\n|-resisted|p1a: Iron Jugulis\n|-damage|p1a: Iron Jugulis|7/100\n|move|p1a: Iron Jugulis|Dark Pulse|p2a: Ceruledge\n|-supereffective|p2a: Ceruledge\n|-damage|p2a: Ceruledge|0 fnt\n|faint|p2a: Ceruledge\n|\n|upkeep\n|\n|t:|1771244331\n|switch|p2a: Blacephalon|Blacephalon|100/100\n|turn|18\n|\n|t:|1771244333\n|move|p1a: Iron Jugulis|Dark Pulse|p2a: Blacephalon\n|-supereffective|p2a: Blacephalon\n|-damage|p2a: Blacephalon|0 fnt\n|faint|p2a: Blacephalon\n|\n|win|thegoodislikewater\n|raw|thegoodislikewater's rating: 1574 &rarr; <strong>1591</strong><br />(+17 for winning)\n|raw|lukia2.0's rating: 1524 &rarr; <strong>1507</strong><br />(-17 for losing)\n|l|☆thegoodislikewater\n|player|p1|\n|l|☆lukia2.0\n|player|p2|\n", "uploadtime": 1771244665, "views": 5, "formatid": "gen9nationaldex", "rating": 1507, "private": 0, "password": null}