{"id": "gen9nationaldex-2540573764", "format": "[Gen 9] National Dex", "players": ["ajdrawshq", "Az4k4"], "log": "|j|☆ajdrawshq\n|j|☆Az4k4\n|t:|1771220240\n|gametype|singles\n|player|p1|ajdrawshq|silver|1671\n|player|p2|Az4k4|n|1610\n|gen|9\n|tier|[Gen 9] National Dex\n|rated|\n|rule|HP Percentage Mod: HP is shown in percentages\n|rule|Endless Battle Clause: Forcing endless battles is banned\n|rule|Species Clause: Limit one of each Pokémon\n|rule|OHKO Clause: OHKO moves are banned\n|rule|Evasion Clause: Evasion abilities, items, and moves are banned\n|rule|Evasion Abilities Clause: Evasion abilities are banned\n|rule|Evasion Items Clause: Evasion items are banned\n|rule|Evasion Moves Clause: Evasion moves are banned\n|rule|Sleep Clause Mod: Limit one foe put to sleep\n|rule|Terastal Clause: You cannot Terastallize\n|clearpoke\n|poke|p1|Charizard, F|\n|poke|p1|Iron Valiant|\n|poke|p1|Ribombee, F|\n|poke|p1|Victini|\n|poke|p1|Corviknight, F|\n|poke|p1|Raging Bolt|\n|poke|p2|Greninja-*, F|\n|poke|p2|Garchomp, F|\n|poke|p2|Corviknight, F|\n|poke|p2|Pecharunt|\n|poke|p2|Diancie|\n|poke|p2|Volcarona, M|\n|teampreview\n|inactive|Battle timer is ON: inactive players will automatically lose when time's up. (requested by ajdrawshq)\n|\n|t:|1771220257\n|teamsize|p1|6\n|teamsize|p2|6\n|start\n|switch|p1a: Ralsei|Ribombee, F|100/100\n|switch|p2a: Diancie|Diancie|100/100\n|turn|1\n|\n|t:|1771220260\n|move|p1a: Ralsei|Moonblast|p2a: Diancie\n|-damage|p2a: Diancie|64/100\n|move|p2a: Diancie|Diamond Storm|p1a: Ralsei\n|-supereffective|p1a: Ralsei\n|-enditem|p1a: Ralsei|Focus Sash\n|-damage|p1a: Ralsei|1/100\n|\n|upkeep\n|turn|2\n|\n|t:|1771220265\n|detailschange|p2a: Diancie|Diancie-Mega\n|-mega|p2a: Diancie|Diancie|Diancite\n|move|p1a: Ralsei|Moonblast|p2a: Diancie\n|-damage|p2a: Diancie|10/100\n|-unboost|p2a: Diancie|spa|1\n|move|p2a: Diancie|Diamond Storm|p1a: Ralsei\n|-supereffective|p1a: Ralsei\n|-damage|p1a: Ralsei|0 fnt\n|faint|p1a: Ralsei\n|\n|upkeep\n|\n|t:|1771220268\n|switch|p1a: Kris|Iron Valiant|100/100\n|turn|3\n|\n|t:|1771220272\n|switch|p2a: Corviknight|Corviknight, F|100/100\n|-ability|p2a: Corviknight|Pressure\n|move|p1a: Kris|Knock Off|p2a: Corviknight\n|-damage|p2a: Corviknight|76/100\n|-damage|p1a: Kris|84/100|[from] item: Rocky Helmet|[of] p2a: Corviknight\n|-enditem|p2a: Corviknight|Rocky Helmet|[from] move: Knock Off|[of] p1a: Kris\n|-damage|p1a: Kris|74/100|[from] item: Life Orb\n|\n|upkeep\n|turn|4\n|\n|t:|1771220279\n|move|p1a: Kris|Close Combat|p2a: Corviknight\n|-damage|p2a: Corviknight|32/100\n|-unboost|p1a: Kris|def|1\n|-unboost|p1a: Kris|spd|1\n|-damage|p1a: Kris|65/100|[from] item: Life Orb\n|move|p2a: Corviknight|U-turn|p1a: Kris\n|-resisted|p1a: Kris\n|-damage|p1a: Kris|58/100\n|\n|t:|1771220289\n|switch|p2a: Volcarona|Volcarona, M|100/100|[from] U-turn\n|\n|upkeep\n|turn|5\n|\n|t:|1771220293\n|move|p1a: Kris|Knock Off|p2a: Volcarona\n|-damage|p2a: Volcarona|59/100\n|-status|p1a: Kris|brn|[from] ability: Flame Body|[of] p2a: Volcarona\n|-enditem|p2a: Volcarona|Heavy-Duty Boots|[from] move: Knock Off|[of] p1a: Kris\n|-damage|p1a: Kris|49/100 brn|[from] item: Life Orb\n|move|p2a: Volcarona|Quiver Dance|p2a: Volcarona\n|-boost|p2a: Volcarona|spa|1\n|-boost|p2a: Volcarona|spd|1\n|-boost|p2a: Volcarona|spe|1\n|\n|-damage|p1a: Kris|42/100 brn|[from] brn\n|upkeep\n|turn|6\n|\n|t:|1771220301\n|-end|p1a: Kris|Quark Drive|[silent]\n|switch|p1a: Tenna|Raging Bolt|100/100\n|move|p2a: Volcarona|Quiver Dance|p2a: Volcarona\n|-boost|p2a: Volcarona|spa|1\n|-boost|p2a: Volcarona|spd|1\n|-boost|p2a: Volcarona|spe|1\n|\n|upkeep\n|turn|7\n|\n|t:|1771220304\n|move|p2a: Volcarona|Roost|p2a: Volcarona\n|-heal|p2a: Volcarona|100/100\n|-singleturn|p2a: Volcarona|move: Roost\n|move|p1a: Tenna|Thunderbolt|p2a: Volcarona\n|-damage|p2a: Volcarona|77/100\n|-status|p2a: Volcarona|par\n|\n|upkeep\n|turn|8\n|\n|t:|1771220308\n|cant|p2a: Volcarona|par\n|move|p1a: Tenna|Volt Switch|p2a: Volcarona\n|-damage|p2a: Volcarona|58/100 par\n|\n|t:|1771220311\n|-end|p1a: Tenna|Protosynthesis|[silent]\n|switch|p1a: Charizard|Charizard, F|100/100|[from] Volt Switch\n|\n|upkeep\n|turn|9\n|\n|t:|1771220315\n|switch|p2a: Garchomp|Garchomp, F|100/100\n|move|p1a: Charizard|Dragon Dance|p1a: Charizard\n|-boost|p1a: Charizard|atk|1\n|-boost|p1a: Charizard|spe|1\n|\n|upkeep\n|turn|10\n|\n|t:|1771220321\n|detailschange|p1a: Charizard|Charizard-Mega-X, F\n|-mega|p1a: Charizard|Charizard|Charizardite X\n|move|p1a: Charizard|Dragon Claw|p2a: Garchomp\n|-supereffective|p2a: Garchomp\n|-damage|p2a: Garchomp|0 fnt\n|-damage|p1a: Charizard|88/100|[from] ability: Rough Skin|[of] p2a: Garchomp\n|faint|p2a: Garchomp\n|\n|upkeep\n|\n|t:|1771220329\n|switch|p2a: Pecharunt|Pecharunt|100/100\n|turn|11\n|\n|t:|1771220342\n|move|p1a: Charizard|Blaze Kick|p2a: Pecharunt\n|-damage|p2a: Pecharunt|40/100\n|move|p2a: Pecharunt|Malignant Chain|p1a: Charizard\n|-damage|p1a: Charizard|30/100\n|-status|p1a: Charizard|tox\n|-start|p1a: Charizard|confusion|[from] ability: Poison Puppeteer|[of] p2a: Pecharunt\n|\n|-damage|p1a: Charizard|24/100 tox|[from] psn\n|upkeep\n|turn|12\n|\n|t:|1771220347\n|-activate|p1a: Charizard|confusion\n|move|p1a: Charizard|Blaze Kick|p2a: Pecharunt\n|-crit|p2a: Pecharunt\n|-damage|p2a: Pecharunt|0 fnt\n|faint|p2a: Pecharunt\n|\n|-damage|p1a: Charizard|12/100 tox|[from] psn\n|upkeep\n|\n|t:|1771220356\n|switch|p2a: Diancie|Diancie-Mega|10/100\n|turn|13\n|\n|t:|1771220359\n|switch|p2a: Corviknight|Corviknight, F|32/100\n|-ability|p2a: Corviknight|Pressure\n|-activate|p1a: Charizard|confusion\n|-damage|p1a: Charizard|0 fnt|[from] confusion\n|faint|p1a: Charizard\n|detailschange|p1: Charizard|Charizard, F|[silent]\n|\n|upkeep\n|\n|t:|1771220369\n|switch|p1a: Noelle|Victini|100/100\n|turn|14\n|\n|t:|1771220373\n|-zpower|p1a: Noelle\n|move|p1a: Noelle|Z-Celebrate|p1a: Noelle|[anim]Celebrate\n|-boost|p1a: Noelle|atk|1|[zeffect]\n|-boost|p1a: Noelle|def|1|[zeffect]\n|-boost|p1a: Noelle|spa|1|[zeffect]\n|-boost|p1a: Noelle|spd|1|[zeffect]\n|-boost|p1a: Noelle|spe|1|[zeffect]\n|-activate|p1a: Noelle|move: Celebrate\n|move|p2a: Corviknight|Brave Bird|p1a: Noelle\n|-damage|p1a: Noelle|78/100\n|-damage|p2a: Corviknight|26/100|[from] Recoil\n|\n|upkeep\n|turn|15\n|-message|Az4k4 forfeited.\n|\n|win|ajdrawshq\n|raw|ajdrawshq's rating: 1671 &rarr; <strong>1688</strong><br />(+17 for winning)\n|raw|Az4k4's rating: 1610 &rarr; <strong>1593</strong><br />(-17 for losing)\n|l|☆Az4k4\n|player|p2|\n|l|☆ajdrawshq\n|player|p1|\n", "uploadtime": 1771220622, "views": 9, "formatid": "gen9nationaldex", "rating": 1593, "private": 0, "password": null}