{"id": "gen9nationaldex-2540871114", "format": "[Gen 9] National Dex", "players": ["A-joyhill", "Azurnal"], "log": "|j|☆A-joyhill\n|j|☆Azurnal\n|t:|1771262505\n|gametype|singles\n|player|p1|A-joyhill|tate|1602\n|player|p2|Azurnal|170|1611\n|gen|9\n|tier|[Gen 9] National Dex\n|rated|\n|rule|HP Percentage Mod: HP is shown in percentages\n|rule|Endless Battle Clause: Forcing endless battles is banned\n|rule|Species Clause: Limit one of each Pokémon\n|rule|OHKO Clause: OHKO moves are banned\n|rule|Evasion Clause: Evasion abilities, items, and moves are banned\n|rule|Evasion Abilities Clause: Evasion abilities are banned\n|rule|Evasion Items Clause: Evasion items are banned\n|rule|Evasion Moves Clause: Evasion moves are banned\n|rule|Sleep Clause Mod: Limit one foe put to sleep\n|rule|Terastal Clause: You cannot Terastallize\n|clearpoke\n|poke|p1|Ninetales, F|\n|poke|p1|Grimmsnarl, M|\n|poke|p1|Raging Bolt|\n|poke|p1|Great Tusk|\n|poke|p1|Heatran, M|\n|poke|p1|Garganacl, F|\n|poke|p2|Porygon2|\n|poke|p2|Conkeldurr, F|\n|poke|p2|Marowak-Alola, F|\n|poke|p2|Diancie|\n|poke|p2|Mawile, M|\n|poke|p2|Hatterene, F|\n|teampreview\n|inactive|Battle timer is ON: inactive players will automatically lose when time's up. (requested by Azurnal)\n|inactive|A-joyhill has 120 seconds left.\n|\n|t:|1771262547\n|teamsize|p1|6\n|teamsize|p2|6\n|start\n|switch|p1a: Garganacl|Garganacl, F|100/100\n|switch|p2a: Porygon2|Porygon2|100/100\n|-ability|p2a: Porygon2|Purifying Salt|Trace|[from] ability: Trace|[of] p1a: Garganacl\n|turn|1\n|\n|t:|1771262571\n|move|p1a: Garganacl|Stealth Rock|p2a: Porygon2\n|-sidestart|p2: Azurnal|move: Stealth Rock\n|move|p2a: Porygon2|Trick Room|p2a: Porygon2\n|-fieldstart|move: Trick Room|[of] p2a: Porygon2\n|\n|upkeep\n|turn|2\n|\n|t:|1771262577\n|move|p1a: Garganacl|Iron Defense|p1a: Garganacl\n|-boost|p1a: Garganacl|def|2\n|move|p2a: Porygon2|Teleport|p2a: Porygon2\n|l|☆Azurnal\n|inactive|Azurnal disconnected and has a minute to reconnect!\n|player|p2|\n|j|☆Azurnal\n|inactive|Azurnal reconnected and has 130 seconds left.\n|player|p2|Azurnal|170|\n|inactive|Azurnal has 120 seconds left.\n|\n|t:|1771262626\n|switch|p2a: Diancie|Diancie, shiny|100/100|[from] Teleport\n|-damage|p2a: Diancie|88/100|[from] Stealth Rock\n|\n|upkeep\n|turn|3\n|\n|t:|1771262632\n|move|p2a: Diancie|Meteor Beam||[still]\n|-prepare|p2a: Diancie|Meteor Beam\n|-boost|p2a: Diancie|spa|1\n|-enditem|p2a: Diancie|Power Herb\n|-anim|p2a: Diancie|Meteor Beam|p1a: Garganacl\n|-damage|p1a: Garganacl|34/100\n|move|p1a: Garganacl|Salt Cure|p2a: Diancie\n|-damage|p2a: Diancie|77/100\n|-start|p2a: Diancie|Salt Cure\n|\n|-damage|p2a: Diancie|65/100|[from] Salt Cure\n|upkeep\n|turn|4\n|\n|t:|1771262645\n|switch|p1a: Ninetales|Ninetales, F|100/100\n|-weather|SunnyDay|[from] ability: Drought|[of] p1a: Ninetales\n|move|p2a: Diancie|Moonblast|p1a: Ninetales\n|-resisted|p1a: Ninetales\n|-damage|p1a: Ninetales|70/100\n|\n|-weather|SunnyDay|[upkeep]\n|-damage|p2a: Diancie|53/100|[from] Salt Cure\n|upkeep\n|turn|5\n|inactive|Azurnal has 90 seconds left.\n|inactive|A-joyhill has 120 seconds left.\n|\n|t:|1771262686\n|switch|p2a: Porygon2|Porygon2|100/100\n|-damage|p2a: Porygon2|88/100|[from] Stealth Rock\n|-ability|p2a: Porygon2|Drought|Trace|[from] ability: Trace|[of] p1a: Ninetales\n|switch|p1a: Great Tusk|Great Tusk|100/100\n|-activate|p1a: Great Tusk|ability: Protosynthesis\n|-start|p1a: Great Tusk|protosynthesisatk\n|\n|-weather|SunnyDay|[upkeep]\n|-fieldend|move: Trick Room\n|upkeep\n|turn|6\n|inactive|Azurnal has 90 seconds left.\n|\n|t:|1771262703\n|move|p1a: Great Tusk|Knock Off|p2a: Porygon2\n|-damage|p2a: Porygon2|64/100\n|-enditem|p2a: Porygon2|Eviolite|[from] move: Knock Off|[of] p1a: Great Tusk\n|move|p2a: Porygon2|Trick Room|p2a: Porygon2\n|-fieldstart|move: Trick Room|[of] p2a: Porygon2\n|\n|-weather|SunnyDay|[upkeep]\n|upkeep\n|turn|7\n|\n|t:|1771262711\n|move|p1a: Great Tusk|Headlong Rush|p2a: Porygon2\n|-damage|p2a: Porygon2|0 fnt\n|-unboost|p1a: Great Tusk|def|1\n|-unboost|p1a: Great Tusk|spd|1\n|faint|p2a: Porygon2\n|\n|-weather|SunnyDay|[upkeep]\n|upkeep\n|\n|t:|1771262738\n|switch|p2a: Conkeldurr|Conkeldurr, F|100/100\n|-damage|p2a: Conkeldurr|94/100|[from] Stealth Rock\n|turn|8\n|\n|t:|1771262753\n|move|p2a: Conkeldurr|Knock Off|p1a: Great Tusk\n|-resisted|p1a: Great Tusk\n|-damage|p1a: Great Tusk|83/100\n|-enditem|p1a: Great Tusk|Assault Vest|[from] move: Knock Off|[of] p2a: Conkeldurr\n|move|p1a: Great Tusk|Knock Off|p2a: Conkeldurr\n|-resisted|p2a: Conkeldurr\n|-damage|p2a: Conkeldurr|75/100\n|-enditem|p2a: Conkeldurr|Flame Orb|[from] move: Knock Off|[of] p1a: Great Tusk\n|\n|-weather|SunnyDay|[upkeep]\n|upkeep\n|turn|9\n|\n|t:|1771262762\n|move|p2a: Conkeldurr|Close Combat|p1a: Great Tusk\n|-damage|p1a: Great Tusk|10/100\n|-unboost|p2a: Conkeldurr|def|1\n|-unboost|p2a: Conkeldurr|spd|1\n|move|p1a: Great Tusk|Headlong Rush|p2a: Conkeldurr\n|-damage|p2a: Conkeldurr|0 fnt\n|-unboost|p1a: Great Tusk|def|1\n|-unboost|p1a: Great Tusk|spd|1\n|faint|p2a: Conkeldurr\n|\n|-weather|SunnyDay|[upkeep]\n|upkeep\n|\n|t:|1771262780\n|switch|p2a: Diancie|Diancie, shiny|53/100\n|-damage|p2a: Diancie|40/100|[from] Stealth Rock\n|turn|10\n|\n|t:|1771262799\n|-end|p1a: Great Tusk|Protosynthesis|[silent]\n|switch|p1a: Raging Bolt|Raging Bolt|100/100\n|-activate|p1a: Raging Bolt|ability: Protosynthesis\n|-start|p1a: Raging Bolt|protosynthesisspa\n|move|p2a: Diancie|Moonblast|p1a: Raging Bolt\n|-supereffective|p1a: Raging Bolt\n|-damage|p1a: Raging Bolt|29/100\n|\n|-weather|SunnyDay|[upkeep]\n|-fieldend|move: Trick Room\n|upkeep\n|turn|11\n|\n|t:|1771262807\n|move|p1a: Raging Bolt|Volt Switch|p2a: Diancie\n|-damage|p2a: Diancie|0 fnt\n|faint|p2a: Diancie\n|\n|t:|1771262817\n|-end|p1a: Raging Bolt|Protosynthesis|[silent]\n|switch|p1a: Great Tusk|Great Tusk|10/100|[from] Volt Switch\n|-activate|p1a: Great Tusk|ability: Protosynthesis\n|-start|p1a: Great Tusk|protosynthesisatk\n|\n|-weather|none\n|-end|p1a: Great Tusk|Protosynthesis\n|upkeep\n|\n|t:|1771262835\n|switch|p2a: Hatterene|Hatterene, F|100/100\n|-damage|p2a: Hatterene|88/100|[from] Stealth Rock\n|turn|12\n|\n|t:|1771262855\n|move|p1a: Great Tusk|Headlong Rush|p2a: Hatterene\n|-damage|p2a: Hatterene|12/100\n|-unboost|p1a: Great Tusk|def|1\n|-unboost|p1a: Great Tusk|spd|1\n|move|p2a: Hatterene|Trick Room|p2a: Hatterene\n|-fieldstart|move: Trick Room|[of] p2a: Hatterene\n|\n|-heal|p2a: Hatterene|17/100|[from] item: Leftovers\n|upkeep\n|turn|13\n|\n|t:|1771262869\n|-end|p1a: Great Tusk|Protosynthesis|[silent]\n|switch|p1a: Ninetales|Ninetales, F|70/100\n|-weather|SunnyDay|[from] ability: Drought|[of] p1a: Ninetales\n|move|p2a: Hatterene|Draining Kiss|p1a: Ninetales\n|-resisted|p1a: Ninetales\n|-damage|p1a: Ninetales|57/100\n|-heal|p2a: Hatterene|28/100|[from] drain|[of] p1a: Ninetales\n|\n|-weather|SunnyDay|[upkeep]\n|-heal|p2a: Hatterene|34/100|[from] item: Leftovers\n|upkeep\n|turn|14\n|inactive|Azurnal has 90 seconds left.\n|\n|t:|1771262885\n|switch|p1a: Grimmsnarl|Grimmsnarl, M|100/100\n|move|p2a: Hatterene|Psyshock|p1a: Grimmsnarl\n|-immune|p1a: Grimmsnarl\n|\n|-weather|SunnyDay|[upkeep]\n|-heal|p2a: Hatterene|40/100|[from] item: Leftovers\n|upkeep\n|turn|15\n|inactive|Azurnal has 90 seconds left.\n|\n|t:|1771262897\n|move|p1a: Grimmsnarl|Light Screen|p1a: Grimmsnarl\n|-sidestart|p1: A-joyhill|move: Light Screen\n|move|p2a: Hatterene|Draining Kiss|p1a: Grimmsnarl\n|-supereffective|p1a: Grimmsnarl\n|-damage|p1a: Grimmsnarl|76/100\n|-heal|p2a: Hatterene|63/100|[from] drain|[of] p1a: Grimmsnarl\n|\n|-weather|SunnyDay|[upkeep]\n|-heal|p2a: Hatterene|69/100|[from] item: Leftovers\n|upkeep\n|turn|16\n|inactive|Azurnal has 90 seconds left.\n|\n|t:|1771262910\n|move|p1a: Grimmsnarl|Parting Shot|p2a: Hatterene\n|move|p2a: Hatterene|Parting Shot|p1a: Grimmsnarl|[from] ability: Magic Bounce\n|-unboost|p1a: Grimmsnarl|atk|1\n|-unboost|p1a: Grimmsnarl|spa|1\n|inactive|Azurnal has 90 seconds left.\n|-message|Azurnal forfeited.\n|\n|win|A-joyhill\n|raw|A-joyhill's rating: 1602 &rarr; <strong>1623</strong><br />(+21 for winning)\n|raw|Azurnal's rating: 1611 &rarr; <strong>1590</strong><br />(-21 for losing)\n|l|☆Azurnal\n|player|p2|\n|l|☆A-joyhill\n|player|p1|\n", "uploadtime": 1771263138, "views": 4, "formatid": "gen9nationaldex", "rating": 1590, "private": 0, "password": null}