{"id": "gen9nationaldex-2540698737", "format": "[Gen 9] National Dex", "players": ["lengyue007", "adjudicate"], "log": "|j|‽lengyue007\n|j|☆adjudicate\n|t:|1771242189\n|gametype|singles\n|player|p1|lengyue007|swimmerf-gen4|1667\n|player|p2|adjudicate|linebacker|1650\n|gen|9\n|tier|[Gen 9] National Dex\n|rated|\n|rule|HP Percentage Mod: HP is shown in percentages\n|rule|Endless Battle Clause: Forcing endless battles is banned\n|rule|Species Clause: Limit one of each Pokémon\n|rule|OHKO Clause: OHKO moves are banned\n|rule|Evasion Clause: Evasion abilities, items, and moves are banned\n|rule|Evasion Abilities Clause: Evasion abilities are banned\n|rule|Evasion Items Clause: Evasion items are banned\n|rule|Evasion Moves Clause: Evasion moves are banned\n|rule|Sleep Clause Mod: Limit one foe put to sleep\n|rule|Terastal Clause: You cannot Terastallize\n|clearpoke\n|poke|p1|Tyranitar, F|\n|poke|p1|Urshifu-*, M|\n|poke|p1|Landorus-Therian, M|\n|poke|p1|Gholdengo|\n|poke|p1|Tapu Lele|\n|poke|p1|Terapagos, M|\n|poke|p2|Tapu Koko|\n|poke|p2|Iron Treads|\n|poke|p2|Iron Boulder|\n|poke|p2|Alomomola, M|\n|poke|p2|Iron Valiant|\n|poke|p2|Charizard, M|\n|teampreview\n|inactive|Battle timer is ON: inactive players will automatically lose when time's up. (requested by adjudicate)\n|inactive|lengyue007 also wants the timer to be on.\n|\n|t:|1771242202\n|teamsize|p1|6\n|teamsize|p2|6\n|start\n|switch|p1a: Landorus|Landorus-Therian, M|100/100\n|switch|p2a: Tapu Koko|Tapu Koko|100/100\n|-fieldstart|move: Electric Terrain|[from] ability: Electric Surge|[of] p2a: Tapu Koko\n|-ability|p1a: Landorus|Intimidate|boost\n|-unboost|p2a: Tapu Koko|atk|1\n|turn|1\n|\n|t:|1771242207\n|switch|p2a: Alomomola|Alomomola, M|100/100\n|move|p1a: Landorus|Stealth Rock|p2a: Alomomola\n|-sidestart|p2: adjudicate|move: Stealth Rock\n|\n|upkeep\n|turn|2\n|\n|t:|1771242211\n|move|p1a: Landorus|Taunt|p2a: Alomomola\n|-start|p2a: Alomomola|move: Taunt\n|move|p2a: Alomomola|Flip Turn|p1a: Landorus\n|-supereffective|p1a: Landorus\n|-damage|p1a: Landorus|68/100\n|-damage|p2a: Alomomola|84/100|[from] item: Rocky Helmet|[of] p1a: Landorus\n|\n|t:|1771242214\n|switch|p2a: Iron Treads|Iron Treads|100/100|[from] Flip Turn\n|-damage|p2a: Iron Treads|97/100|[from] Stealth Rock\n|-item|p2a: Iron Treads|Air Balloon\n|-activate|p2a: Iron Treads|ability: Quark Drive\n|-start|p2a: Iron Treads|quarkdrivespe\n|\n|upkeep\n|turn|3\n|\n|t:|1771242219\n|move|p2a: Iron Treads|Ice Spinner|p1a: Landorus\n|-supereffective|p1a: Landorus\n|-damage|p1a: Landorus|0 fnt\n|-damage|p2a: Iron Treads|81/100|[from] item: Rocky Helmet|[of] p1a: Landorus\n|-fieldend|move: Electric Terrain\n|-end|p2a: Iron Treads|Quark Drive\n|faint|p1a: Landorus\n|\n|upkeep\n|\n|t:|1771242223\n|switch|p1a: Urshifu|Urshifu-Rapid-Strike, M|100/100\n|turn|4\n|\n|t:|1771242227\n|-end|p2a: Iron Treads|Quark Drive|[silent]\n|switch|p2a: Alomomola|Alomomola, M|100/100\n|-damage|p2a: Alomomola|88/100|[from] Stealth Rock\n|move|p1a: Urshifu|Close Combat|p2a: Alomomola\n|-damage|p2a: Alomomola|24/100\n|-unboost|p1a: Urshifu|def|1\n|-unboost|p1a: Urshifu|spd|1\n|\n|upkeep\n|turn|5\n|\n|t:|1771242236\n|move|p1a: Urshifu|Close Combat|p2a: Alomomola\n|-damage|p2a: Alomomola|0 fnt\n|-unboost|p1a: Urshifu|def|1\n|-unboost|p1a: Urshifu|spd|1\n|faint|p2a: Alomomola\n|\n|upkeep\n|\n|t:|1771242238\n|switch|p2a: Iron Treads|Iron Treads|81/100\n|-damage|p2a: Iron Treads|78/100|[from] Stealth Rock\n|-item|p2a: Iron Treads|Air Balloon\n|turn|6\n|\n|t:|1771242241\n|move|p2a: Iron Treads|Earthquake|p1a: Urshifu\n|-damage|p1a: Urshifu|3/100\n|move|p1a: Urshifu|Close Combat|p2a: Iron Treads\n|-supereffective|p2a: Iron Treads\n|-damage|p2a: Iron Treads|0 fnt\n|-unboost|p1a: Urshifu|def|1\n|-unboost|p1a: Urshifu|spd|1\n|-enditem|p2a: Iron Treads|Air Balloon\n|faint|p2a: Iron Treads\n|-end|p2a: Iron Treads|Quark Drive|[silent]\n|\n|upkeep\n|\n|t:|1771242251\n|switch|p2a: Charizard|Charizard, M|100/100\n|-damage|p2a: Charizard|51/100|[from] Stealth Rock\n|turn|7\n|\n|t:|1771242255\n|switch|p1a: Tyranitar|Tyranitar, F|100/100\n|-weather|Sandstorm|[from] ability: Sand Stream|[of] p1a: Tyranitar\n|detailschange|p2a: Charizard|Charizard-Mega-Y, M\n|-mega|p2a: Charizard|Charizard|Charizardite Y\n|-weather|SunnyDay|[from] ability: Drought|[of] p2a: Charizard\n|move|p2a: Charizard|Solar Beam||[still]\n|-prepare|p2a: Charizard|Solar Beam\n|-anim|p2a: Charizard|Solar Beam|p1a: Tyranitar\n|-supereffective|p1a: Tyranitar\n|-damage|p1a: Tyranitar|13/100\n|\n|-weather|SunnyDay|[upkeep]\n|upkeep\n|turn|8\n|\n|t:|1771242261\n|detailschange|p1a: Tyranitar|Tyranitar-Mega, F\n|-mega|p1a: Tyranitar|Tyranitar|Tyranitarite\n|-weather|Sandstorm|[from] ability: Sand Stream|[of] p1a: Tyranitar\n|move|p2a: Charizard|Weather Ball|p1a: Tyranitar\n|-damage|p1a: Tyranitar|0 fnt\n|faint|p1a: Tyranitar\n|detailschange|p1: Tyranitar|Tyranitar, F|[silent]\n|\n|-weather|Sandstorm|[upkeep]\n|-damage|p2a: Charizard|45/100|[from] Sandstorm\n|upkeep\n|\n|t:|1771242266\n|switch|p1a: Tapu Lele|Tapu Lele|100/100\n|-fieldstart|move: Psychic Terrain|[from] ability: Psychic Surge|[of] p1a: Tapu Lele\n|turn|9\n|\n|t:|1771242269\n|move|p1a: Tapu Lele|Psychic|p2a: Charizard\n|-damage|p2a: Charizard|0 fnt\n|faint|p2a: Charizard\n|detailschange|p2: Charizard|Charizard, M|[silent]\n|\n|-weather|Sandstorm|[upkeep]\n|-damage|p1a: Tapu Lele|94/100|[from] Sandstorm\n|upkeep\n|\n|t:|1771242274\n|switch|p2a: Tapu Koko|Tapu Koko|100/100\n|-damage|p2a: Tapu Koko|88/100|[from] Stealth Rock\n|-fieldstart|move: Electric Terrain|[from] ability: Electric Surge|[of] p2a: Tapu Koko\n|turn|10\n|\n|t:|1771242283\n|move|p1a: Tapu Lele|Psychic|p2a: Tapu Koko\n|-damage|p2a: Tapu Koko|21/100\n|move|p2a: Tapu Koko|Thunderbolt|p1a: Tapu Lele\n|-damage|p1a: Tapu Lele|9/100\n|\n|-weather|Sandstorm|[upkeep]\n|-damage|p1a: Tapu Lele|3/100|[from] Sandstorm\n|-damage|p2a: Tapu Koko|15/100|[from] Sandstorm\n|upkeep\n|turn|11\n|\n|t:|1771242293\n|switch|p1a: Urshifu|Urshifu-Rapid-Strike, M|3/100\n|move|p2a: Tapu Koko|Thunderbolt|p1a: Urshifu\n|-supereffective|p1a: Urshifu\n|-damage|p1a: Urshifu|0 fnt\n|faint|p1a: Urshifu\n|\n|-weather|Sandstorm|[upkeep]\n|-damage|p2a: Tapu Koko|9/100|[from] Sandstorm\n|upkeep\n|\n|t:|1771242299\n|switch|p1a: Tapu Lele|Tapu Lele|3/100\n|-fieldstart|move: Psychic Terrain|[from] ability: Psychic Surge|[of] p1a: Tapu Lele\n|turn|12\n|\n|t:|1771242302\n|move|p1a: Tapu Lele|Moonblast|p2a: Tapu Koko\n|-damage|p2a: Tapu Koko|0 fnt\n|faint|p2a: Tapu Koko\n|\n|-weather|none\n|upkeep\n|\n|t:|1771242306\n|switch|p2a: Iron Boulder|Iron Boulder|100/100\n|-damage|p2a: Iron Boulder|88/100|[from] Stealth Rock\n|turn|13\n|\n|t:|1771242309\n|move|p1a: Tapu Lele|Moonblast|p2a: Iron Boulder\n|-damage|p2a: Iron Boulder|34/100\n|move|p2a: Iron Boulder|Throat Chop|p1a: Tapu Lele\n|-damage|p1a: Tapu Lele|0 fnt\n|faint|p1a: Tapu Lele\n|\n|upkeep\n|\n|t:|1771242313\n|switch|p1a: Terapagos|Terapagos, M|100/100\n|-activate|p1a: Terapagos|ability: Tera Shift\n|detailschange|p1a: Terapagos|Terapagos-Terastal, M\n|-heal|p1a: Terapagos|100/100|[silent]\n|turn|14\n|\n|t:|1771242319\n|move|p2a: Iron Boulder|Throat Chop|p1a: Terapagos\n|-activate|p1a: Terapagos|ability: Tera Shell\n|-resisted|p1a: Terapagos\n|-damage|p1a: Terapagos|81/100\n|-start|p1a: Terapagos|Throat Chop|[silent]\n|move|p1a: Terapagos|Rapid Spin|p2a: Iron Boulder\n|-resisted|p2a: Iron Boulder\n|-damage|p2a: Iron Boulder|25/100\n|-boost|p1a: Terapagos|spe|1\n|\n|upkeep\n|turn|15\n|\n|t:|1771242324\n|move|p1a: Terapagos|Earth Power|p2a: Iron Boulder\n|-supereffective|p2a: Iron Boulder\n|-damage|p2a: Iron Boulder|0 fnt\n|faint|p2a: Iron Boulder\n|-end|p2a: Iron Boulder|Quark Drive|[silent]\n|\n|-end|p1a: Terapagos|Throat Chop|[silent]\n|upkeep\n|-message|adjudicate forfeited.\n|\n|win|lengyue007\n|raw|lengyue007's rating: 1667 &rarr; <strong>1687</strong><br />(+20 for winning)\n|raw|adjudicate's rating: 1664 &rarr; <strong>1644</strong><br />(-20 for losing)\n|l|☆adjudicate\n|player|p2|\n|l|‽lengyue007\n|player|p1|\n", "uploadtime": 1771242487, "views": 6, "formatid": "gen9nationaldex", "rating": 1644, "private": 0, "password": null}