{"id": "gen9nationaldex-2540750248", "format": "[Gen 9] National Dex", "players": ["cladfvv", "Prof. Morgenholz"], "log": "|j|‽cladfvv\n|j|☆Prof. Morgenholz\n|t:|1771249594\n|gametype|singles\n|player|p1|cladfvv|1|1781\n|player|p2|Prof. Morgenholz|265|1634\n|gen|9\n|tier|[Gen 9] National Dex\n|rated|\n|rule|HP Percentage Mod: HP is shown in percentages\n|rule|Endless Battle Clause: Forcing endless battles is banned\n|rule|Species Clause: Limit one of each Pokémon\n|rule|OHKO Clause: OHKO moves are banned\n|rule|Evasion Clause: Evasion abilities, items, and moves are banned\n|rule|Evasion Abilities Clause: Evasion abilities are banned\n|rule|Evasion Items Clause: Evasion items are banned\n|rule|Evasion Moves Clause: Evasion moves are banned\n|rule|Sleep Clause Mod: Limit one foe put to sleep\n|rule|Terastal Clause: You cannot Terastallize\n|clearpoke\n|poke|p1|Landorus-Therian, M|\n|poke|p1|Tapu Lele|\n|poke|p1|Slowbro, M|\n|poke|p1|Samurott-Hisui, M|\n|poke|p1|Kyurem|\n|poke|p1|Gholdengo|\n|poke|p2|Greninja-*, M|\n|poke|p2|Charizard, M|\n|poke|p2|Gyarados, M|\n|poke|p2|Garchomp, M|\n|poke|p2|Tapu Lele|\n|poke|p2|Porygon-Z|\n|teampreview\n|inactive|Battle timer is ON: inactive players will automatically lose when time's up. (requested by cladfvv)\n|\n|t:|1771249643\n|teamsize|p1|6\n|teamsize|p2|6\n|start\n|switch|p1a: Landorus|Landorus-Therian, M|100/100\n|switch|p2a: Battle Toad|Greninja, M|100/100\n|-ability|p1a: Landorus|Intimidate|boost\n|-unboost|p2a: Battle Toad|atk|1\n|turn|1\n|\n|t:|1771249647\n|switch|p1a: Samurott|Samurott-Hisui, M|100/100\n|move|p2a: Battle Toad|Ice Beam|p1a: Samurott\n|-resisted|p1a: Samurott\n|-damage|p1a: Samurott|79/100\n|-damage|p2a: Battle Toad|91/100|[from] item: Life Orb\n|\n|upkeep\n|turn|2\n|\n|t:|1771249653\n|switch|p2a: Chompion|Garchomp, M|100/100\n|move|p1a: Samurott|Ceaseless Edge|p2a: Chompion\n|-damage|p2a: Chompion|72/100\n|-damage|p1a: Samurott|66/100|[from] ability: Rough Skin|[of] p2a: Chompion\n|-damage|p1a: Samurott|49/100|[from] item: Rocky Helmet|[of] p2a: Chompion\n|-sidestart|p2: Prof. Morgenholz|Spikes\n|\n|upkeep\n|turn|3\n|\n|t:|1771249660\n|switch|p1a: Tapu Lele|Tapu Lele|100/100\n|-fieldstart|move: Psychic Terrain|[from] ability: Psychic Surge|[of] p1a: Tapu Lele\n|move|p2a: Chompion|Toxic|p1a: Tapu Lele\n|-status|p1a: Tapu Lele|tox\n|\n|-damage|p1a: Tapu Lele|94/100 tox|[from] psn\n|upkeep\n|turn|4\n|\n|t:|1771249663\n|move|p1a: Tapu Lele|Moonblast|p2a: Chompion\n|-supereffective|p2a: Chompion\n|-damage|p2a: Chompion|0 fnt\n|faint|p2a: Chompion\n|\n|-damage|p1a: Tapu Lele|82/100 tox|[from] psn\n|upkeep\n|\n|t:|1771249670\n|switch|p2a: Supa Hot Fire|Charizard, M|100/100\n|turn|5\n|\n|t:|1771249674\n|detailschange|p2a: Supa Hot Fire|Charizard-Mega-X, M\n|-mega|p2a: Supa Hot Fire|Charizard|Charizardite X\n|move|p1a: Tapu Lele|Moonblast|p2a: Supa Hot Fire\n|-damage|p2a: Supa Hot Fire|39/100\n|-unboost|p2a: Supa Hot Fire|spa|1\n|move|p2a: Supa Hot Fire|Dragon Dance|p2a: Supa Hot Fire\n|-boost|p2a: Supa Hot Fire|atk|1\n|-boost|p2a: Supa Hot Fire|spe|1\n|\n|-damage|p1a: Tapu Lele|64/100 tox|[from] psn\n|upkeep\n|turn|6\n|\n|t:|1771249685\n|switch|p1a: Slowbro|Slowbro, M|100/100\n|move|p2a: Supa Hot Fire|Earthquake|p1a: Slowbro\n|-damage|p1a: Slowbro|70/100\n|\n|upkeep\n|turn|7\n|\n|t:|1771249693\n|move|p2a: Supa Hot Fire|Outrage|p1a: Slowbro\n|-damage|p1a: Slowbro|1/100\n|-damage|p2a: Supa Hot Fire|22/100|[from] item: Rocky Helmet|[of] p1a: Slowbro\n|move|p1a: Slowbro|Teleport|p1a: Slowbro\n|\n|t:|1771249699\n|switch|p1a: Tapu Lele|Tapu Lele|64/100 tox|[from] Teleport\n|\n|-damage|p1a: Tapu Lele|58/100 tox|[from] psn\n|-fieldend|move: Psychic Terrain\n|upkeep\n|turn|8\n|\n|t:|1771249703\n|move|p2a: Supa Hot Fire|Outrage|p1a: Tapu Lele|[from] lockedmove\n|-immune|p1a: Tapu Lele\n|move|p1a: Tapu Lele|Moonblast|p2a: Supa Hot Fire\n|-damage|p2a: Supa Hot Fire|0 fnt\n|faint|p2a: Supa Hot Fire\n|detailschange|p2: Supa Hot Fire|Charizard, M|[silent]\n|\n|-damage|p1a: Tapu Lele|46/100 tox|[from] psn\n|upkeep\n|\n|t:|1771249713\n|switch|p2a: Battle Toad|Greninja, M|91/100\n|-damage|p2a: Battle Toad|78/100|[from] Spikes\n|turn|9\n|\n|t:|1771249724\n|switch|p1a: Kyurem|Kyurem|100/100\n|-ability|p1a: Kyurem|Pressure\n|move|p2a: Battle Toad|Dark Pulse|p1a: Kyurem\n|-damage|p1a: Kyurem|59/100\n|-damage|p2a: Battle Toad|69/100|[from] item: Life Orb\n|\n|upkeep\n|turn|10\n|\n|t:|1771249729\n|move|p2a: Battle Toad|Dark Pulse|p1a: Kyurem\n|-damage|p1a: Kyurem|17/100\n|-damage|p2a: Battle Toad|59/100|[from] item: Life Orb\n|move|p1a: Kyurem|Freeze-Dry|p2a: Battle Toad\n|-supereffective|p2a: Battle Toad\n|-damage|p2a: Battle Toad|0 fnt\n|faint|p2a: Battle Toad\n|\n|upkeep\n|\n|t:|1771249740\n|switch|p2a: Hingledee|Tapu Lele|100/100\n|-damage|p2a: Hingledee|88/100|[from] Spikes\n|-fieldstart|move: Psychic Terrain|[from] ability: Psychic Surge|[of] p2a: Hingledee\n|turn|11\n|\n|t:|1771249749\n|move|p2a: Hingledee|Moonblast|p1a: Kyurem\n|-supereffective|p1a: Kyurem\n|-damage|p1a: Kyurem|0 fnt\n|faint|p1a: Kyurem\n|\n|upkeep\n|\n|t:|1771249752\n|switch|p1a: Gholdengo|Gholdengo|100/100\n|turn|12\n|\n|t:|1771249757\n|move|p2a: Hingledee|Moonblast|p1a: Gholdengo\n|-resisted|p1a: Gholdengo\n|-damage|p1a: Gholdengo|78/100\n|move|p1a: Gholdengo|Thunder Wave|p2a: Hingledee\n|-status|p2a: Hingledee|par\n|\n|-heal|p1a: Gholdengo|84/100|[from] item: Leftovers\n|upkeep\n|turn|13\n|\n|t:|1771249764\n|move|p2a: Hingledee|Moonblast|p1a: Gholdengo\n|-resisted|p1a: Gholdengo\n|-damage|p1a: Gholdengo|62/100\n|-unboost|p1a: Gholdengo|spa|1\n|move|p1a: Gholdengo|Hex|p2a: Hingledee\n|-supereffective|p2a: Hingledee\n|-damage|p2a: Hingledee|0 fnt\n|faint|p2a: Hingledee\n|\n|-heal|p1a: Gholdengo|68/100|[from] item: Leftovers\n|upkeep\n|\n|t:|1771249770\n|switch|p2a: Zappy McDaddy|Porygon-Z|100/100\n|-damage|p2a: Zappy McDaddy|88/100|[from] Spikes\n|turn|14\n|\n|t:|1771249785\n|switch|p1a: Landorus|Landorus-Therian, M|100/100\n|-ability|p1a: Landorus|Intimidate|boost\n|-unboost|p2a: Zappy McDaddy|atk|1\n|-zpower|p2a: Zappy McDaddy\n|move|p2a: Zappy McDaddy|Z-Conversion|p2a: Zappy McDaddy|[anim]Conversion\n|-boost|p2a: Zappy McDaddy|atk|1|[zeffect]\n|-boost|p2a: Zappy McDaddy|def|1|[zeffect]\n|-boost|p2a: Zappy McDaddy|spa|1|[zeffect]\n|-boost|p2a: Zappy McDaddy|spd|1|[zeffect]\n|-boost|p2a: Zappy McDaddy|spe|1|[zeffect]\n|-start|p2a: Zappy McDaddy|typechange|Electric\n|\n|upkeep\n|turn|15\n|\n|t:|1771249788\n|move|p2a: Zappy McDaddy|Ice Beam|p1a: Landorus\n|-supereffective|p1a: Landorus\n|-enditem|p1a: Landorus|Focus Sash\n|-damage|p1a: Landorus|1/100\n|move|p1a: Landorus|Earthquake|p2a: Zappy McDaddy\n|-supereffective|p2a: Zappy McDaddy\n|-damage|p2a: Zappy McDaddy|0 fnt\n|faint|p2a: Zappy McDaddy\n|\n|-fieldend|move: Psychic Terrain\n|upkeep\n|\n|t:|1771249794\n|switch|p2a: Gary Oak|Gyarados, M, shiny|100/100\n|-ability|p2a: Gary Oak|Intimidate|boost\n|-unboost|p1a: Landorus|atk|1\n|turn|16\n|\n|t:|1771249799\n|switch|p1a: Tapu Lele|Tapu Lele|46/100 tox\n|-fieldstart|move: Psychic Terrain|[from] ability: Psychic Surge|[of] p1a: Tapu Lele\n|move|p2a: Gary Oak|Substitute|p2a: Gary Oak\n|-start|p2a: Gary Oak|Substitute\n|-damage|p2a: Gary Oak|76/100\n|\n|-heal|p2a: Gary Oak|82/100|[from] item: Leftovers\n|-damage|p1a: Tapu Lele|40/100 tox|[from] psn\n|upkeep\n|turn|17\n|\n|t:|1771249806\n|move|p1a: Tapu Lele|Moonblast|p2a: Gary Oak\n|-end|p2a: Gary Oak|Substitute\n|move|p2a: Gary Oak|Dragon Dance|p2a: Gary Oak\n|-boost|p2a: Gary Oak|atk|1\n|-boost|p2a: Gary Oak|spe|1\n|\n|-heal|p2a: Gary Oak|88/100|[from] item: Leftovers\n|-damage|p1a: Tapu Lele|28/100 tox|[from] psn\n|upkeep\n|turn|18\n|\n|t:|1771249814\n|move|p1a: Tapu Lele|Moonblast|p2a: Gary Oak\n|-damage|p2a: Gary Oak|35/100\n|-unboost|p2a: Gary Oak|spa|1\n|move|p2a: Gary Oak|Substitute|p2a: Gary Oak\n|-start|p2a: Gary Oak|Substitute\n|-damage|p2a: Gary Oak|10/100\n|\n|-heal|p2a: Gary Oak|16/100|[from] item: Leftovers\n|-damage|p1a: Tapu Lele|10/100 tox|[from] psn\n|upkeep\n|turn|19\n|\n|t:|1771249823\n|move|p1a: Tapu Lele|Moonblast|p2a: Gary Oak\n|-end|p2a: Gary Oak|Substitute\n|move|p2a: Gary Oak|Dragon Dance|p2a: Gary Oak\n|-boost|p2a: Gary Oak|atk|1\n|-boost|p2a: Gary Oak|spe|1\n|\n|-heal|p2a: Gary Oak|22/100|[from] item: Leftovers\n|-damage|p1a: Tapu Lele|0 fnt|[from] psn\n|faint|p1a: Tapu Lele\n|upkeep\n|\n|t:|1771249831\n|switch|p1a: Landorus|Landorus-Therian, M|1/100\n|-ability|p1a: Landorus|Intimidate|boost\n|-unboost|p2a: Gary Oak|atk|1\n|turn|20\n|\n|t:|1771249839\n|switch|p1a: Slowbro|Slowbro, M|34/100\n|move|p2a: Gary Oak|Waterfall|p1a: Slowbro\n|-resisted|p1a: Slowbro\n|-damage|p1a: Slowbro|18/100\n|-damage|p2a: Gary Oak|6/100|[from] item: Rocky Helmet|[of] p1a: Slowbro\n|\n|-heal|p2a: Gary Oak|12/100|[from] item: Leftovers\n|-fieldend|move: Psychic Terrain\n|upkeep\n|turn|21\n|\n|t:|1771249847\n|move|p2a: Gary Oak|Bounce||[still]\n|-prepare|p2a: Gary Oak|Bounce\n|move|p1a: Slowbro|Psychic Noise|p2a: Gary Oak|[miss]\n|-miss|p1a: Slowbro|p2a: Gary Oak\n|\n|-heal|p2a: Gary Oak|18/100|[from] item: Leftovers\n|upkeep\n|turn|22\n|\n|t:|1771249852\n|move|p2a: Gary Oak|Bounce|p1a: Slowbro|[from] lockedmove\n|-damage|p1a: Slowbro|0 fnt\n|-damage|p2a: Gary Oak|1/100|[from] item: Rocky Helmet|[of] p1a: Slowbro\n|faint|p1a: Slowbro\n|\n|-heal|p2a: Gary Oak|7/100|[from] item: Leftovers\n|upkeep\n|\n|t:|1771249860\n|switch|p1a: Landorus|Landorus-Therian, M|1/100\n|-ability|p1a: Landorus|Intimidate|boost\n|-unboost|p2a: Gary Oak|atk|1\n|turn|23\n|\n|t:|1771249867\n|move|p2a: Gary Oak|Waterfall|p1a: Landorus\n|-supereffective|p1a: Landorus\n|-crit|p1a: Landorus\n|-damage|p1a: Landorus|0 fnt\n|faint|p1a: Landorus\n|\n|-heal|p2a: Gary Oak|13/100|[from] item: Leftovers\n|upkeep\n|\n|t:|1771249869\n|switch|p1a: Gholdengo|Gholdengo|68/100\n|turn|24\n|\n|t:|1771249877\n|move|p2a: Gary Oak|Waterfall|p1a: Gholdengo\n|-damage|p1a: Gholdengo|40/100\n|move|p1a: Gholdengo|Hex|p2a: Gary Oak\n|-damage|p2a: Gary Oak|0 fnt\n|faint|p2a: Gary Oak\n|\n|win|cladfvv\n|raw|cladfvv's rating: 1781 &rarr; <strong>1793</strong><br />(+12 for winning)\n|raw|Prof. Morgenholz's rating: 1634 &rarr; <strong>1622</strong><br />(-12 for losing)\n|l|☆Prof. Morgenholz\n|player|p2|\n|l|‽cladfvv\n|player|p1|\n", "uploadtime": 1771250106, "views": 4, "formatid": "gen9nationaldex", "rating": 1622, "private": 0, "password": null}