{"id": "gen9nationaldex-2540598224", "format": "[Gen 9] National Dex", "players": ["ndx_alt17", "yuxia233"], "log": "|j|☆ndx_alt17\n|j|☆yuxia233\n|t:|1771224494\n|gametype|singles\n|player|p1|ndx_alt17|nate|1590\n|player|p2|yuxia233|dawn|1517\n|gen|9\n|tier|[Gen 9] National Dex\n|rated|\n|rule|HP Percentage Mod: HP is shown in percentages\n|rule|Endless Battle Clause: Forcing endless battles is banned\n|rule|Species Clause: Limit one of each Pokémon\n|rule|OHKO Clause: OHKO moves are banned\n|rule|Evasion Clause: Evasion abilities, items, and moves are banned\n|rule|Evasion Abilities Clause: Evasion abilities are banned\n|rule|Evasion Items Clause: Evasion items are banned\n|rule|Evasion Moves Clause: Evasion moves are banned\n|rule|Sleep Clause Mod: Limit one foe put to sleep\n|rule|Terastal Clause: You cannot Terastallize\n|clearpoke\n|poke|p1|Azumarill, F|\n|poke|p1|Gholdengo|\n|poke|p1|Venusaur, M|\n|poke|p1|Moltres|\n|poke|p1|Iron Valiant|\n|poke|p1|Landorus-Therian, M|\n|poke|p2|Kingambit, F|\n|poke|p2|Zamazenta-*|\n|poke|p2|Diancie|\n|poke|p2|Slowking-Galar, M|\n|poke|p2|Landorus-Therian, M|\n|poke|p2|Tangrowth, F|\n|teampreview\n|inactive|Battle timer is ON: inactive players will automatically lose when time's up. (requested by yuxia233)\n|\n|t:|1771224506\n|teamsize|p1|6\n|teamsize|p2|6\n|start\n|switch|p1a: Landorus|Landorus-Therian, M|100/100\n|switch|p2a: Diancie|Diancie|100/100\n|-ability|p1a: Landorus|Intimidate|boost\n|-fail|p2a: Diancie|unboost|[from] ability: Clear Body|[of] p2a: Diancie\n|turn|1\n|\n|t:|1771224510\n|switch|p2a: Landorus|Landorus-Therian, M|100/100\n|-ability|p2a: Landorus|Intimidate|boost\n|-unboost|p1a: Landorus|atk|1\n|move|p1a: Landorus|Earthquake|p2a: Landorus\n|-immune|p2a: Landorus\n|\n|upkeep\n|turn|2\n|\n|t:|1771224516\n|move|p2a: Landorus|Stealth Rock|p1a: Landorus\n|-sidestart|p1: ndx_alt17|move: Stealth Rock\n|move|p1a: Landorus|Knock Off|p2a: Landorus\n|-damage|p2a: Landorus|75/100\n|-enditem|p2a: Landorus|Leftovers|[from] move: Knock Off|[of] p1a: Landorus\n|\n|upkeep\n|turn|3\n|\n|t:|1771224520\n|move|p2a: Landorus|U-turn|p1a: Landorus\n|-resisted|p1a: Landorus\n|-damage|p1a: Landorus|87/100\n|-damage|p2a: Landorus|58/100|[from] item: Rocky Helmet|[of] p1a: Landorus\n|\n|t:|1771224522\n|switch|p2a: Tangrowth|Tangrowth, F|100/100|[from] U-turn\n|move|p1a: Landorus|Stealth Rock|p2a: Tangrowth\n|-sidestart|p2: yuxia233|move: Stealth Rock\n|\n|upkeep\n|turn|4\n|\n|t:|1771224526\n|move|p1a: Landorus|U-turn|p2a: Tangrowth\n|-supereffective|p2a: Tangrowth\n|-crit|p2a: Tangrowth\n|-damage|p2a: Tangrowth|62/100\n|-damage|p1a: Landorus|71/100|[from] item: Rocky Helmet|[of] p2a: Tangrowth\n|\n|t:|1771224528\n|switch|p1a: Venusaur|Venusaur, M, shiny|100/100|[from] U-turn\n|-damage|p1a: Venusaur|88/100|[from] Stealth Rock\n|move|p2a: Tangrowth|Knock Off|p1a: Venusaur\n|-damage|p1a: Venusaur|76/100\n|\n|upkeep\n|turn|5\n|\n|t:|1771224533\n|switch|p2a: Slowking|Slowking-Galar, M|100/100\n|detailschange|p1a: Venusaur|Venusaur-Mega, M, shiny\n|-mega|p1a: Venusaur|Venusaur|Venusaurite\n|move|p1a: Venusaur|Leech Seed|p2a: Slowking\n|-start|p2a: Slowking|move: Leech Seed\n|\n|-damage|p2a: Slowking|88/100|[from] Leech Seed|[of] p1a: Venusaur\n|-heal|p1a: Venusaur|89/100|[silent]\n|upkeep\n|turn|6\n|\n|t:|1771224536\n|switch|p1a: Iron Valiant|Iron Valiant, shiny|100/100\n|-damage|p1a: Iron Valiant|94/100|[from] Stealth Rock\n|move|p2a: Slowking|Future Sight|p1a: Iron Valiant\n|-start|p2a: Slowking|move: Future Sight\n|\n|-damage|p2a: Slowking|76/100|[from] Leech Seed|[of] p1a: Iron Valiant\n|-heal|p1a: Iron Valiant|100/100|[silent]\n|upkeep\n|turn|7\n|\n|t:|1771224541\n|switch|p2a: Landorus|Landorus-Therian, M|58/100\n|-damage|p2a: Landorus|46/100|[from] Stealth Rock\n|-ability|p2a: Landorus|Intimidate|boost\n|-unboost|p1a: Iron Valiant|atk|1\n|move|p1a: Iron Valiant|Trick|p2a: Landorus\n|-activate|p1a: Iron Valiant|move: Trick|[of] p2a: Landorus\n|-item|p2a: Landorus|Choice Scarf|[from] move: Trick\n|-enditem|p1a: Iron Valiant|Choice Scarf|[silent]|[from] move: Trick\n|\n|upkeep\n|turn|8\n|\n|t:|1771224547\n|-end|p1a: Iron Valiant|Quark Drive|[silent]\n|switch|p1a: Moltres|Moltres|100/100\n|-damage|p1a: Moltres|50/100|[from] Stealth Rock\n|-ability|p1a: Moltres|Pressure\n|move|p2a: Landorus|U-turn|p1a: Moltres\n|-resisted|p1a: Moltres\n|-damage|p1a: Moltres|45/100\n|\n|t:|1771224551\n|switch|p2a: Diancie|Diancie|100/100|[from] U-turn\n|-damage|p2a: Diancie|88/100|[from] Stealth Rock\n|\n|-end|p1a: Moltres|move: Future Sight\n|-damage|p1a: Moltres|6/100\n|upkeep\n|turn|9\n|\n|t:|1771224555\n|switch|p1a: Venusaur|Venusaur-Mega, M, shiny|89/100\n|-damage|p1a: Venusaur|77/100|[from] Stealth Rock\n|detailschange|p2a: Diancie|Diancie-Mega\n|-mega|p2a: Diancie|Diancie|Diancite\n|move|p2a: Diancie|Moonblast|p1a: Venusaur\n|-resisted|p1a: Venusaur\n|-damage|p1a: Venusaur|54/100\n|-unboost|p1a: Venusaur|spa|1\n|\n|upkeep\n|turn|10\n|\n|t:|1771224558\n|move|p2a: Diancie|Earth Power|p1a: Venusaur\n|-damage|p1a: Venusaur|24/100\n|move|p1a: Venusaur|Synthesis|p1a: Venusaur\n|-heal|p1a: Venusaur|74/100\n|\n|upkeep\n|turn|11\n|\n|t:|1771224565\n|switch|p2a: Slowking|Slowking-Galar, M|100/100\n|move|p1a: Venusaur|Leech Seed|p2a: Slowking\n|-start|p2a: Slowking|move: Leech Seed\n|\n|-damage|p2a: Slowking|88/100|[from] Leech Seed|[of] p1a: Venusaur\n|-heal|p1a: Venusaur|88/100|[silent]\n|upkeep\n|turn|12\n|\n|t:|1771224567\n|switch|p1a: Landorus|Landorus-Therian, M|71/100\n|-damage|p1a: Landorus|58/100|[from] Stealth Rock\n|-ability|p1a: Landorus|Intimidate|boost\n|-unboost|p2a: Slowking|atk|1\n|move|p2a: Slowking|Future Sight|p1a: Landorus\n|-start|p2a: Slowking|move: Future Sight\n|\n|-damage|p2a: Slowking|76/100|[from] Leech Seed|[of] p1a: Landorus\n|-heal|p1a: Landorus|71/100|[silent]\n|upkeep\n|turn|13\n|\n|t:|1771224570\n|switch|p2a: Landorus|Landorus-Therian, M|46/100\n|-damage|p2a: Landorus|34/100|[from] Stealth Rock\n|-ability|p2a: Landorus|Intimidate|boost\n|-unboost|p1a: Landorus|atk|1\n|move|p1a: Landorus|Knock Off|p2a: Landorus\n|-damage|p2a: Landorus|11/100\n|-enditem|p2a: Landorus|Choice Scarf|[from] move: Knock Off|[of] p1a: Landorus\n|\n|upkeep\n|turn|14\n|\n|t:|1771224572\n|move|p1a: Landorus|U-turn|p2a: Landorus\n|-resisted|p2a: Landorus\n|-damage|p2a: Landorus|3/100\n|\n|t:|1771224579\n|switch|p1a: Gholdengo|Gholdengo|100/100|[from] U-turn\n|-damage|p1a: Gholdengo|94/100|[from] Stealth Rock\n|move|p2a: Landorus|U-turn|p1a: Gholdengo\n|-resisted|p1a: Gholdengo\n|-damage|p1a: Gholdengo|88/100\n|\n|t:|1771224583\n|switch|p2a: Diancie|Diancie-Mega|88/100|[from] U-turn\n|-damage|p2a: Diancie|76/100|[from] Stealth Rock\n|\n|-end|p1a: Gholdengo|move: Future Sight\n|-resisted|p1a: Gholdengo\n|-damage|p1a: Gholdengo|61/100\n|upkeep\n|turn|15\n|\n|t:|1771224587\n|switch|p1a: Venusaur|Venusaur-Mega, M, shiny|88/100\n|-damage|p1a: Venusaur|75/100|[from] Stealth Rock\n|move|p2a: Diancie|Earth Power|p1a: Venusaur\n|-crit|p1a: Venusaur\n|-damage|p1a: Venusaur|32/100\n|\n|upkeep\n|turn|16\n|\n|t:|1771224595\n|switch|p1a: Azumarill|Azumarill, F, shiny|100/100\n|-damage|p1a: Azumarill|88/100|[from] Stealth Rock\n|move|p2a: Diancie|Earth Power|p1a: Azumarill\n|-damage|p1a: Azumarill|53/100\n|\n|upkeep\n|turn|17\n|\n|t:|1771224599\n|switch|p2a: Tangrowth|Tangrowth, F|96/100\n|-damage|p2a: Tangrowth|83/100|[from] Stealth Rock\n|switch|p1a: Venusaur|Venusaur-Mega, M, shiny|32/100\n|-damage|p1a: Venusaur|19/100|[from] Stealth Rock\n|\n|upkeep\n|turn|18\n|\n|t:|1771224604\n|switch|p2a: Slowking|Slowking-Galar, M|100/100\n|move|p1a: Venusaur|Synthesis|p1a: Venusaur\n|-heal|p1a: Venusaur|69/100\n|\n|upkeep\n|turn|19\n|\n|t:|1771224606\n|move|p1a: Venusaur|Leech Seed|p2a: Slowking\n|-start|p2a: Slowking|move: Leech Seed\n|move|p2a: Slowking|Future Sight|p1a: Venusaur\n|-start|p2a: Slowking|move: Future Sight\n|\n|-damage|p2a: Slowking|88/100|[from] Leech Seed|[of] p1a: Venusaur\n|-heal|p1a: Venusaur|83/100|[silent]\n|upkeep\n|turn|20\n|\n|t:|1771224609\n|move|p1a: Venusaur|Giga Drain|p2a: Slowking\n|-resisted|p2a: Slowking\n|-crit|p2a: Slowking\n|-damage|p2a: Slowking|74/100\n|-heal|p1a: Venusaur|91/100|[from] drain|[of] p2a: Slowking\n|-prepare|p2a: Slowking|Chilly Reception|[premajor]\n|move|p2a: Slowking|Chilly Reception|p2a: Slowking\n|-weather|Snowscape\n|\n|t:|1771224615\n|switch|p2a: Kingambit|Kingambit, F|100/100|[from] Chilly Reception\n|-damage|p2a: Kingambit|94/100|[from] Stealth Rock\n|\n|-weather|Snowscape|[upkeep]\n|upkeep\n|turn|21\n|\n|t:|1771224619\n|move|p1a: Venusaur|Leech Seed|p2a: Kingambit|[miss]\n|-miss|p1a: Venusaur|p2a: Kingambit\n|move|p2a: Kingambit|Pursuit|p1a: Venusaur\n|-damage|p1a: Venusaur|76/100\n|\n|-weather|Snowscape|[upkeep]\n|-end|p1a: Venusaur|move: Future Sight\n|-supereffective|p1a: Venusaur\n|-damage|p1a: Venusaur|5/100\n|upkeep\n|turn|22\n|\n|t:|1771224623\n|move|p1a: Venusaur|Synthesis|p1a: Venusaur\n|-heal|p1a: Venusaur|30/100\n|move|p2a: Kingambit|Pursuit|p1a: Venusaur\n|-damage|p1a: Venusaur|16/100\n|\n|-weather|Snowscape|[upkeep]\n|upkeep\n|turn|23\n|\n|t:|1771224633\n|move|p1a: Venusaur|Leech Seed|p2a: Kingambit\n|-start|p2a: Kingambit|move: Leech Seed\n|move|p2a: Kingambit|Swords Dance|p2a: Kingambit\n|-boost|p2a: Kingambit|atk|2\n|\n|-weather|Snowscape|[upkeep]\n|-damage|p2a: Kingambit|82/100|[from] Leech Seed|[of] p1a: Venusaur\n|-heal|p1a: Venusaur|30/100|[silent]\n|upkeep\n|turn|24\n|\n|t:|1771224638\n|-activate|p1a: Venusaur|move: Pursuit\n|move|p2a: Kingambit|Pursuit|p1a: Venusaur|[from] Pursuit\n|-damage|p1a: Venusaur|0 fnt\n|faint|p1a: Venusaur\n|detailschange|p1: Venusaur|Venusaur, M, shiny|[silent]\n|-hint|A Pokemon can't switch between when it runs out of HP and when it faints\n|\n|-weather|none\n|upkeep\n|\n|t:|1771224641\n|switch|p1a: Iron Valiant|Iron Valiant, shiny|100/100\n|-damage|p1a: Iron Valiant|94/100|[from] Stealth Rock\n|turn|25\n|\n|t:|1771224654\n|-end|p2a: Kingambit|fallenundefined|[silent]\n|switch|p2a: Landorus|Landorus-Therian, M|3/100\n|-damage|p2a: Landorus|0 fnt|[from] Stealth Rock\n|faint|p2a: Landorus\n|move|p1a: Iron Valiant|Shadow Ball|p2: Landorus|[notarget]\n|-fail|p1a: Iron Valiant\n|\n|upkeep\n|\n|t:|1771224663\n|switch|p2a: Zamazenta|Zamazenta|100/100\n|-ability|p2a: Zamazenta|Dauntless Shield|boost\n|-boost|p2a: Zamazenta|def|1\n|turn|26\n|\n|t:|1771224667\n|move|p2a: Zamazenta|Heavy Slam|p1a: Iron Valiant\n|-supereffective|p1a: Iron Valiant\n|-damage|p1a: Iron Valiant|15/100\n|move|p1a: Iron Valiant|Moonblast|p2a: Zamazenta\n|-supereffective|p2a: Zamazenta\n|-damage|p2a: Zamazenta|22/100\n|-unboost|p2a: Zamazenta|spa|1\n|\n|upkeep\n|turn|27\n|\n|t:|1771224678\n|-end|p1a: Iron Valiant|Quark Drive|[silent]\n|switch|p1a: Moltres|Moltres|6/100\n|-damage|p1a: Moltres|0 fnt|[from] Stealth Rock\n|faint|p1a: Moltres\n|move|p2a: Zamazenta|Heavy Slam|p1: Moltres|[notarget]\n|-fail|p2a: Zamazenta\n|\n|upkeep\n|\n|t:|1771224679\n|switch|p1a: Landorus|Landorus-Therian, M|71/100\n|-damage|p1a: Landorus|59/100|[from] Stealth Rock\n|-ability|p1a: Landorus|Intimidate|boost\n|-unboost|p2a: Zamazenta|atk|1\n|turn|28\n|\n|t:|1771224683\n|move|p2a: Zamazenta|Ice Fang|p1a: Landorus\n|-supereffective|p1a: Landorus\n|-damage|p1a: Landorus|15/100\n|-damage|p2a: Zamazenta|6/100|[from] item: Rocky Helmet|[of] p1a: Landorus\n|move|p1a: Landorus|Earthquake|p2a: Zamazenta\n|-damage|p2a: Zamazenta|0 fnt\n|faint|p2a: Zamazenta\n|\n|upkeep\n|\n|t:|1771224696\n|switch|p2a: Tangrowth|Tangrowth, F|100/100\n|-damage|p2a: Tangrowth|88/100|[from] Stealth Rock\n|turn|29\n|\n|t:|1771224704\n|switch|p1a: Gholdengo|Gholdengo|61/100\n|-damage|p1a: Gholdengo|55/100|[from] Stealth Rock\n|move|p2a: Tangrowth|Giga Drain|p1a: Gholdengo\n|-resisted|p1a: Gholdengo\n|-damage|p1a: Gholdengo|39/100\n|-heal|p2a: Tangrowth|94/100|[from] drain|[of] p1a: Gholdengo\n|\n|upkeep\n|turn|30\n|\n|t:|1771224708\n|move|p1a: Gholdengo|Nasty Plot|p1a: Gholdengo\n|-boost|p1a: Gholdengo|spa|2\n|move|p2a: Tangrowth|Knock Off|p1a: Gholdengo\n|-supereffective|p1a: Gholdengo\n|-damage|p1a: Gholdengo|2/100\n|\n|upkeep\n|turn|31\n|\n|t:|1771224712\n|move|p1a: Gholdengo|Shadow Ball|p2a: Tangrowth\n|-damage|p2a: Tangrowth|0 fnt\n|faint|p2a: Tangrowth\n|\n|upkeep\n|\n|t:|1771224719\n|switch|p2a: Diancie|Diancie-Mega|76/100\n|-damage|p2a: Diancie|63/100|[from] Stealth Rock\n|turn|32\n|\n|t:|1771224721\n|move|p2a: Diancie|Moonblast|p1a: Gholdengo\n|-resisted|p1a: Gholdengo\n|-damage|p1a: Gholdengo|0 fnt\n|faint|p1a: Gholdengo\n|\n|upkeep\n|\n|t:|1771224723\n|switch|p1a: Azumarill|Azumarill, F, shiny|53/100\n|-damage|p1a: Azumarill|40/100|[from] Stealth Rock\n|turn|33\n|\n|t:|1771224727\n|switch|p2a: Kingambit|Kingambit, F|82/100\n|-damage|p2a: Kingambit|76/100|[from] Stealth Rock\n|-activate|p2a: Kingambit|ability: Supreme Overlord\n|-start|p2a: Kingambit|fallen3|[silent]\n|move|p1a: Azumarill|Aqua Jet|p2a: Kingambit\n|-damage|p2a: Kingambit|50/100\n|\n|upkeep\n|turn|34\n|\n|t:|1771224734\n|-activate|p1a: Azumarill|move: Pursuit\n|move|p2a: Kingambit|Pursuit|p1a: Azumarill|[from] Pursuit\n|-resisted|p1a: Azumarill\n|-damage|p1a: Azumarill|9/100\n|switch|p1a: Landorus|Landorus-Therian, M|15/100\n|-damage|p1a: Landorus|3/100|[from] Stealth Rock\n|-ability|p1a: Landorus|Intimidate|boost\n|-unboost|p2a: Kingambit|atk|1\n|\n|upkeep\n|turn|35\n|\n|t:|1771224741\n|move|p2a: Kingambit|Sucker Punch||[still]\n|-fail|p2a: Kingambit\n|move|p1a: Landorus|Stealth Rock||[still]\n|-fail|p1a: Landorus\n|\n|upkeep\n|turn|36\n|\n|t:|1771224744\n|move|p2a: Kingambit|Sucker Punch||[still]\n|-fail|p2a: Kingambit\n|move|p1a: Landorus|Stealth Rock||[still]\n|-fail|p1a: Landorus\n|\n|upkeep\n|turn|37\n|\n|t:|1771224747\n|move|p2a: Kingambit|Sucker Punch|p1a: Landorus\n|-damage|p1a: Landorus|0 fnt\n|-damage|p2a: Kingambit|33/100|[from] item: Rocky Helmet|[of] p1a: Landorus\n|faint|p1a: Landorus\n|\n|upkeep\n|\n|t:|1771224748\n|switch|p1a: Iron Valiant|Iron Valiant, shiny|15/100\n|-damage|p1a: Iron Valiant|8/100|[from] Stealth Rock\n|turn|38\n|\n|t:|1771224751\n|move|p2a: Kingambit|Sucker Punch|p1a: Iron Valiant\n|-resisted|p1a: Iron Valiant\n|-damage|p1a: Iron Valiant|0 fnt\n|faint|p1a: Iron Valiant\n|-end|p1a: Iron Valiant|Quark Drive|[silent]\n|\n|upkeep\n|-message|ndx_alt17 forfeited.\n|\n|win|yuxia233\n|raw|ndx_alt17's rating: 1590 &rarr; <strong>1566</strong><br />(-24 for losing)\n|raw|yuxia233's rating: 1517 &rarr; <strong>1541</strong><br />(+24 for winning)\n|l|☆ndx_alt17\n|player|p1|\n|l|☆yuxia233\n|player|p2|\n", "uploadtime": 1771225029, "views": 8, "formatid": "gen9nationaldex", "rating": 1541, "private": 0, "password": null}