{"id": "gen9nationaldex-2540574566", "format": "[Gen 9] National Dex", "players": ["Skyeees", "yuxia233"], "log": "|j|☆Skyeees\n|j|☆yuxia233\n|t:|1771220368\n|gametype|singles\n|player|p1|Skyeees|266|1559\n|player|p2|yuxia233|dawn|1541\n|gen|9\n|tier|[Gen 9] National Dex\n|rated|\n|rule|HP Percentage Mod: HP is shown in percentages\n|rule|Endless Battle Clause: Forcing endless battles is banned\n|rule|Species Clause: Limit one of each Pokémon\n|rule|OHKO Clause: OHKO moves are banned\n|rule|Evasion Clause: Evasion abilities, items, and moves are banned\n|rule|Evasion Abilities Clause: Evasion abilities are banned\n|rule|Evasion Items Clause: Evasion items are banned\n|rule|Evasion Moves Clause: Evasion moves are banned\n|rule|Sleep Clause Mod: Limit one foe put to sleep\n|rule|Terastal Clause: You cannot Terastallize\n|clearpoke\n|poke|p1|Clefable, M|\n|poke|p1|Pecharunt|\n|poke|p1|Skarmory, M|\n|poke|p1|Latios, M|\n|poke|p1|Ting-Lu|\n|poke|p1|Gholdengo|\n|poke|p2|Kingambit, M|\n|poke|p2|Zamazenta-*|\n|poke|p2|Diancie|\n|poke|p2|Alomomola, F|\n|poke|p2|Slowking-Galar, M|\n|poke|p2|Landorus-Therian, M|\n|teampreview\n|inactive|Battle timer is ON: inactive players will automatically lose when time's up. (requested by yuxia233)\n|\n|t:|1771220379\n|teamsize|p1|6\n|teamsize|p2|6\n|start\n|switch|p1a: Latios|Latios, M|100/100\n|switch|p2a: Landorus|Landorus-Therian, M|100/100\n|-ability|p2a: Landorus|Intimidate|boost\n|-unboost|p1a: Latios|atk|1\n|turn|1\n|\n|t:|1771220382\n|switch|p2a: Slowking|Slowking-Galar, M|100/100\n|detailschange|p1a: Latios|Latios-Mega, M\n|-mega|p1a: Latios|Latios|Latiosite\n|move|p1a: Latios|Ice Beam|p2a: Slowking\n|-damage|p2a: Slowking|77/100\n|\n|upkeep\n|turn|2\n|\n|t:|1771220389\n|move|p1a: Latios|Luster Purge|p2a: Slowking\n|-damage|p2a: Slowking|44/100\n|-unboost|p2a: Slowking|spd|1\n|-prepare|p2a: Slowking|Chilly Reception|[premajor]\n|move|p2a: Slowking|Chilly Reception|p2a: Slowking\n|-weather|Snowscape\n|\n|t:|1771220395\n|switch|p2a: Diancie|Diancie|100/100|[from] Chilly Reception\n|\n|-weather|Snowscape|[upkeep]\n|upkeep\n|turn|3\n|\n|t:|1771220403\n|switch|p1a: Gholdengo|Gholdengo|100/100\n|detailschange|p2a: Diancie|Diancie-Mega\n|-mega|p2a: Diancie|Diancie|Diancite\n|move|p2a: Diancie|Moonblast|p1a: Gholdengo\n|-resisted|p1a: Gholdengo\n|-damage|p1a: Gholdengo|67/100\n|\n|-weather|Snowscape|[upkeep]\n|upkeep\n|turn|4\n|\n|t:|1771220412\n|switch|p2a: Alomomola|Alomomola, F|100/100\n|move|p1a: Gholdengo|Make It Rain|p2a: Alomomola\n|-resisted|p2a: Alomomola\n|-damage|p2a: Alomomola|62/100\n|-unboost|p1a: Gholdengo|spa|1\n|\n|-weather|Snowscape|[upkeep]\n|upkeep\n|turn|5\n|\n|t:|1771220417\n|switch|p1a: Latios|Latios-Mega, M|100/100\n|move|p2a: Alomomola|Flip Turn|p1a: Latios\n|-resisted|p1a: Latios\n|-damage|p1a: Latios|91/100\n|\n|t:|1771220426\n|switch|p2a: Diancie|Diancie-Mega|100/100|[from] Flip Turn\n|\n|-weather|Snowscape|[upkeep]\n|upkeep\n|turn|6\n|\n|t:|1771220441\n|switch|p1a: Clefable|Clefable, M|100/100\n|move|p2a: Diancie|Moonblast|p1a: Clefable\n|-damage|p1a: Clefable|55/100\n|\n|-weather|none\n|-heal|p1a: Clefable|61/100|[from] item: Leftovers\n|upkeep\n|turn|7\n|\n|t:|1771220449\n|move|p2a: Diancie|Moonblast|p1a: Clefable\n|-damage|p1a: Clefable|19/100\n|-unboost|p1a: Clefable|spa|1\n|move|p1a: Clefable|Soft-Boiled|p1a: Clefable\n|-heal|p1a: Clefable|69/100\n|\n|-heal|p1a: Clefable|75/100|[from] item: Leftovers\n|upkeep\n|turn|8\n|\n|t:|1771220457\n|move|p2a: Diancie|Mystical Fire|p1a: Clefable\n|-damage|p1a: Clefable|52/100\n|-unboost|p1a: Clefable|spa|1\n|move|p1a: Clefable|Soft-Boiled|p1a: Clefable\n|-heal|p1a: Clefable|100/100\n|\n|upkeep\n|turn|9\n|\n|t:|1771220459\n|move|p2a: Diancie|Moonblast|p1a: Clefable\n|-damage|p1a: Clefable|55/100\n|-unboost|p1a: Clefable|spa|1\n|move|p1a: Clefable|Moonblast|p2a: Diancie\n|-damage|p2a: Diancie|84/100\n|\n|-heal|p1a: Clefable|61/100|[from] item: Leftovers\n|upkeep\n|turn|10\n|\n|t:|1771220463\n|switch|p1a: Gholdengo|Gholdengo|67/100\n|move|p2a: Diancie|Moonblast|p1a: Gholdengo\n|-resisted|p1a: Gholdengo\n|-damage|p1a: Gholdengo|35/100\n|-unboost|p1a: Gholdengo|spa|1\n|\n|upkeep\n|turn|11\n|\n|t:|1771220469\n|switch|p2a: Slowking|Slowking-Galar, M|77/100\n|move|p1a: Gholdengo|Make It Rain|p2a: Slowking\n|-damage|p2a: Slowking|52/100\n|-unboost|p1a: Gholdengo|spa|1\n|\n|upkeep\n|turn|12\n|\n|t:|1771220475\n|switch|p1a: Ting-Lu|Ting-Lu|100/100\n|-ability|p1a: Ting-Lu|Vessel of Ruin\n|-prepare|p2a: Slowking|Chilly Reception|[premajor]\n|move|p2a: Slowking|Chilly Reception|p2a: Slowking\n|-weather|Snowscape\n|\n|t:|1771220483\n|switch|p2a: Landorus|Landorus-Therian, M|100/100|[from] Chilly Reception\n|-ability|p2a: Landorus|Intimidate|boost\n|-unboost|p1a: Ting-Lu|atk|1\n|\n|-weather|Snowscape|[upkeep]\n|upkeep\n|turn|13\n|\n|t:|1771220492\n|switch|p1a: Skarmory|Skarmory, M|100/100\n|move|p2a: Landorus|Stealth Rock|p1a: Skarmory\n|-sidestart|p1: Skyeees|move: Stealth Rock\n|\n|-weather|Snowscape|[upkeep]\n|upkeep\n|turn|14\n|\n|t:|1771220497\n|switch|p2a: Alomomola|Alomomola, F|96/100\n|move|p1a: Skarmory|Spikes|p2a: Alomomola\n|-sidestart|p2: yuxia233|Spikes\n|\n|-weather|Snowscape|[upkeep]\n|upkeep\n|turn|15\n|\n|t:|1771220500\n|move|p1a: Skarmory|Spikes|p2a: Alomomola\n|-sidestart|p2: yuxia233|Spikes\n|move|p2a: Alomomola|Flip Turn|p1a: Skarmory\n|-damage|p1a: Skarmory|91/100\n|-damage|p2a: Alomomola|79/100|[from] item: Rocky Helmet|[of] p1a: Skarmory\n|\n|t:|1771220502\n|switch|p2a: Diancie|Diancie-Mega|84/100|[from] Flip Turn\n|-damage|p2a: Diancie|68/100|[from] Spikes\n|\n|-weather|Snowscape|[upkeep]\n|upkeep\n|turn|16\n|\n|t:|1771220513\n|move|p2a: Diancie|Mystical Fire|p1a: Skarmory\n|-supereffective|p1a: Skarmory\n|-damage|p1a: Skarmory|14/100\n|-unboost|p1a: Skarmory|spa|1\n|move|p1a: Skarmory|Body Press|p2a: Diancie\n|-crit|p2a: Diancie\n|-damage|p2a: Diancie|6/100\n|\n|-weather|none\n|upkeep\n|turn|17\n|\n|t:|1771220526\n|move|p2a: Diancie|Mystical Fire|p1a: Skarmory\n|-supereffective|p1a: Skarmory\n|-damage|p1a: Skarmory|0 fnt\n|faint|p1a: Skarmory\n|\n|upkeep\n|\n|t:|1771220530\n|switch|p1a: Gholdengo|Gholdengo|35/100\n|-damage|p1a: Gholdengo|29/100|[from] Stealth Rock\n|turn|18\n|\n|t:|1771220536\n|switch|p2a: Slowking|Slowking-Galar, M|85/100\n|move|p1a: Gholdengo|Shadow Ball|p2a: Slowking\n|-supereffective|p2a: Slowking\n|-damage|p2a: Slowking|38/100\n|\n|upkeep\n|turn|19\n|\n|t:|1771220547\n|switch|p1a: Ting-Lu|Ting-Lu|100/100\n|-damage|p1a: Ting-Lu|94/100|[from] Stealth Rock\n|-ability|p1a: Ting-Lu|Vessel of Ruin\n|switch|p2a: Kingambit|Kingambit, M|100/100\n|-damage|p2a: Kingambit|84/100|[from] Spikes\n|\n|-heal|p2a: Kingambit|90/100|[from] item: Leftovers\n|-heal|p1a: Ting-Lu|100/100|[from] item: Leftovers\n|upkeep\n|turn|20\n|\n|t:|1771220551\n|-end|p2a: Kingambit|fallenundefined|[silent]\n|switch|p2a: Landorus|Landorus-Therian, M|100/100\n|-ability|p2a: Landorus|Intimidate|boost\n|-unboost|p1a: Ting-Lu|atk|1\n|switch|p1a: Latios|Latios-Mega, M|91/100\n|-damage|p1a: Latios|79/100|[from] Stealth Rock\n|\n|upkeep\n|turn|21\n|\n|t:|1771220559\n|move|p1a: Latios|Luster Purge|p2a: Landorus\n|-damage|p2a: Landorus|22/100\n|-unboost|p2a: Landorus|spd|1\n|move|p2a: Landorus|Defog|p1a: Latios\n|-unboost|p1a: Latios|evasion|1\n|-sideend|p1: Skyeees|Stealth Rock|[from] move: Defog|[of] p2a: Landorus\n|-sideend|p2: yuxia233|Spikes|[from] move: Defog|[of] p2a: Landorus\n|\n|-heal|p2a: Landorus|28/100|[from] item: Leftovers\n|upkeep\n|turn|22\n|\n|t:|1771220566\n|switch|p2a: Kingambit|Kingambit, M|90/100\n|move|p1a: Latios|Mystical Fire|p2a: Kingambit\n|-supereffective|p2a: Kingambit\n|-damage|p2a: Kingambit|27/100\n|-unboost|p2a: Kingambit|spa|1\n|\n|-heal|p2a: Kingambit|33/100|[from] item: Leftovers\n|upkeep\n|turn|23\n|\n|t:|1771220579\n|switch|p1a: Clefable|Clefable, M|61/100\n|move|p2a: Kingambit|Sucker Punch||[still]\n|-fail|p2a: Kingambit\n|\n|-heal|p1a: Clefable|68/100|[from] item: Leftovers\n|-heal|p2a: Kingambit|40/100|[from] item: Leftovers\n|upkeep\n|turn|24\n|\n|t:|1771220584\n|switch|p1a: Ting-Lu|Ting-Lu|100/100\n|-ability|p1a: Ting-Lu|Vessel of Ruin\n|-end|p2a: Kingambit|fallenundefined|[silent]\n|switch|p2a: Landorus|Landorus-Therian, M|28/100\n|-ability|p2a: Landorus|Intimidate|boost\n|-unboost|p1a: Ting-Lu|atk|1\n|\n|-heal|p2a: Landorus|34/100|[from] item: Leftovers\n|upkeep\n|turn|25\n|\n|t:|1771220588\n|switch|p2a: Diancie|Diancie-Mega|6/100\n|move|p1a: Ting-Lu|Payback|p2a: Diancie\n|-resisted|p2a: Diancie\n|-damage|p2a: Diancie|0 fnt\n|faint|p2a: Diancie\n|detailschange|p2: Diancie|Diancie|[silent]\n|\n|upkeep\n|j| Arorever Love\n|\n|t:|1771220593\n|switch|p2a: Zamazenta|Zamazenta|100/100\n|-ability|p2a: Zamazenta|Dauntless Shield|boost\n|-boost|p2a: Zamazenta|def|1\n|turn|26\n|l| Arorever Love\n|\n|t:|1771220596\n|switch|p1a: Pecharunt|Pecharunt|100/100\n|move|p2a: Zamazenta|Close Combat|p1a: Pecharunt\n|-immune|p1a: Pecharunt\n|\n|upkeep\n|turn|27\n|-message|yuxia233 forfeited.\n|\n|win|Skyeees\n|raw|Skyeees's rating: 1559 &rarr; <strong>1578</strong><br />(+19 for winning)\n|raw|yuxia233's rating: 1541 &rarr; <strong>1522</strong><br />(-19 for losing)\n|l|☆yuxia233\n|player|p2|\n|l|☆Skyeees\n|player|p1|\n", "uploadtime": 1771220898, "views": 4, "formatid": "gen9nationaldex", "rating": 1522, "private": 0, "password": null}