{"id": "gen9nationaldex-2540806944", "format": "[Gen 9] National Dex", "players": ["FakeAltUserr", "tamsyy"], "log": "|j|☆FakeAltUserr\n|j|☆tamsyy\n|t:|1771256053\n|gametype|singles\n|player|p1|FakeAltUserr|ghetsis|1644\n|player|p2|tamsyy|ghetsis|1599\n|gen|9\n|tier|[Gen 9] National Dex\n|rated|\n|rule|HP Percentage Mod: HP is shown in percentages\n|rule|Endless Battle Clause: Forcing endless battles is banned\n|rule|Species Clause: Limit one of each Pokémon\n|rule|OHKO Clause: OHKO moves are banned\n|rule|Evasion Clause: Evasion abilities, items, and moves are banned\n|rule|Evasion Abilities Clause: Evasion abilities are banned\n|rule|Evasion Items Clause: Evasion items are banned\n|rule|Evasion Moves Clause: Evasion moves are banned\n|rule|Sleep Clause Mod: Limit one foe put to sleep\n|rule|Terastal Clause: You cannot Terastallize\n|clearpoke\n|poke|p1|Samurott-Hisui, M|\n|poke|p1|Gholdengo|\n|poke|p1|Latios, M|\n|poke|p1|Zamazenta-*|\n|poke|p1|Iron Treads|\n|poke|p1|Clefable, F|\n|poke|p2|Diancie|\n|poke|p2|Garchomp, M|\n|poke|p2|Dragonite, M|\n|poke|p2|Volcarona, F|\n|poke|p2|Terapagos, M|\n|poke|p2|Kingambit, F|\n|teampreview\n|inactive|Battle timer is ON: inactive players will automatically lose when time's up. (requested by FakeAltUserr)\n|\n|t:|1771256070\n|teamsize|p1|6\n|teamsize|p2|6\n|start\n|switch|p1a: Iron Treads|Iron Treads|100/100\n|switch|p2a: Diancie|Diancie|100/100\n|turn|1\n|\n|t:|1771256075\n|move|p1a: Iron Treads|Rapid Spin|p2a: Diancie\n|-resisted|p2a: Diancie\n|-damage|p2a: Diancie|94/100\n|-boost|p1a: Iron Treads|spe|1\n|move|p2a: Diancie|Stealth Rock|p1a: Iron Treads\n|-sidestart|p1: FakeAltUserr|move: Stealth Rock\n|\n|upkeep\n|turn|2\n|\n|t:|1771256079\n|move|p1a: Iron Treads|Rapid Spin|p2a: Diancie\n|-resisted|p2a: Diancie\n|-damage|p2a: Diancie|88/100\n|-boost|p1a: Iron Treads|spe|1\n|-sideend|p1: FakeAltUserr|Stealth Rock|[from] move: Rapid Spin|[of] p1a: Iron Treads\n|move|p2a: Diancie|Substitute|p2a: Diancie\n|-start|p2a: Diancie|Substitute\n|-damage|p2a: Diancie|63/100\n|\n|upkeep\n|turn|3\n|\n|t:|1771256082\n|move|p1a: Iron Treads|Stealth Rock|p2a: Diancie\n|-sidestart|p2: tamsyy|move: Stealth Rock\n|move|p2a: Diancie|Stealth Rock|p1a: Iron Treads\n|-sidestart|p1: FakeAltUserr|move: Stealth Rock\n|\n|upkeep\n|turn|4\n|\n|t:|1771256091\n|move|p1a: Iron Treads|Rapid Spin|p2a: Diancie\n|-resisted|p2a: Diancie\n|-activate|p2a: Diancie|move: Substitute|[damage]\n|-sideend|p1: FakeAltUserr|Stealth Rock|[from] move: Rapid Spin|[of] p1a: Iron Treads\n|-boost|p1a: Iron Treads|spe|1\n|move|p2a: Diancie|Substitute|p2a: Diancie\n|-fail|p2a: Diancie|move: Substitute\n|\n|upkeep\n|turn|5\n|\n|t:|1771256095\n|move|p1a: Iron Treads|Earthquake|p2a: Diancie\n|-supereffective|p2a: Diancie\n|-end|p2a: Diancie|Substitute\n|move|p2a: Diancie|Endeavor|p1a: Iron Treads\n|-damage|p1a: Iron Treads|59/100\n|\n|upkeep\n|turn|6\n|\n|t:|1771256103\n|move|p1a: Iron Treads|Earthquake|p2a: Diancie\n|-supereffective|p2a: Diancie\n|-damage|p2a: Diancie|0 fnt\n|faint|p2a: Diancie\n|\n|upkeep\n|\n|t:|1771256105\n|switch|p2a: Terapagos|Terapagos, M|100/100\n|-activate|p2a: Terapagos|ability: Tera Shift\n|detailschange|p2a: Terapagos|Terapagos-Terastal, M\n|-heal|p2a: Terapagos|100/100|[silent]\n|turn|7\n|\n|t:|1771256112\n|-end|p1a: Iron Treads|Quark Drive|[silent]\n|switch|p1a: Gholdengo|Gholdengo|100/100\n|move|p2a: Terapagos|Flamethrower|p1a: Gholdengo\n|-supereffective|p1a: Gholdengo\n|-damage|p1a: Gholdengo|49/100\n|\n|upkeep\n|turn|8\n|\n|t:|1771256121\n|move|p2a: Terapagos|Flamethrower|p1a: Gholdengo\n|-supereffective|p1a: Gholdengo\n|-damage|p1a: Gholdengo|0 fnt\n|faint|p1a: Gholdengo\n|\n|upkeep\n|\n|t:|1771256127\n|switch|p1a: Zamazenta|Zamazenta|100/100\n|-ability|p1a: Zamazenta|Dauntless Shield|boost\n|-boost|p1a: Zamazenta|def|1\n|turn|9\n|\n|t:|1771256129\n|move|p1a: Zamazenta|Substitute|p1a: Zamazenta\n|-start|p1a: Zamazenta|Substitute\n|-damage|p1a: Zamazenta|76/100\n|move|p2a: Terapagos|Rapid Spin|p1a: Zamazenta\n|-activate|p1a: Zamazenta|move: Substitute|[damage]\n|-sideend|p2: tamsyy|Stealth Rock|[from] move: Rapid Spin|[of] p2a: Terapagos\n|-boost|p2a: Terapagos|spe|1\n|\n|-heal|p1a: Zamazenta|82/100|[from] item: Leftovers\n|upkeep\n|turn|10\n|\n|t:|1771256132\n|move|p2a: Terapagos|Tera Starstorm|p1a: Zamazenta\n|-end|p1a: Zamazenta|Substitute\n|move|p1a: Zamazenta|Body Press|p2a: Terapagos\n|-activate|p2a: Terapagos|ability: Tera Shell\n|-resisted|p2a: Terapagos\n|-damage|p2a: Terapagos|78/100\n|\n|-heal|p1a: Zamazenta|88/100|[from] item: Leftovers\n|upkeep\n|turn|11\n|\n|t:|1771256134\n|move|p2a: Terapagos|Calm Mind|p2a: Terapagos\n|-boost|p2a: Terapagos|spa|1\n|-boost|p2a: Terapagos|spd|1\n|move|p1a: Zamazenta|Body Press|p2a: Terapagos\n|-supereffective|p2a: Terapagos\n|-damage|p2a: Terapagos|0 fnt\n|faint|p2a: Terapagos\n|\n|-heal|p1a: Zamazenta|94/100|[from] item: Leftovers\n|upkeep\n|\n|t:|1771256142\n|switch|p2a: Dragonite|Dragonite, M|100/100\n|turn|12\n|\n|t:|1771256165\n|move|p1a: Zamazenta|Iron Defense|p1a: Zamazenta\n|-boost|p1a: Zamazenta|def|2\n|move|p2a: Dragonite|Dragon Dance|p2a: Dragonite\n|-boost|p2a: Dragonite|atk|1\n|-boost|p2a: Dragonite|spe|1\n|\n|-heal|p1a: Zamazenta|99/100|[from] item: Leftovers\n|upkeep\n|turn|13\n|\n|t:|1771256169\n|-zpower|p2a: Dragonite\n|move|p2a: Dragonite|Devastating Drake|p1a: Zamazenta|[zeffect]\n|-damage|p1a: Zamazenta|52/100\n|move|p1a: Zamazenta|Iron Defense|p1a: Zamazenta\n|-boost|p1a: Zamazenta|def|2\n|\n|-heal|p1a: Zamazenta|58/100|[from] item: Leftovers\n|upkeep\n|turn|14\n|-message|tamsyy forfeited.\n|\n|win|FakeAltUserr\n|raw|FakeAltUserr's rating: 1644 &rarr; <strong>1661</strong><br />(+17 for winning)\n|raw|tamsyy's rating: 1599 &rarr; <strong>1582</strong><br />(-17 for losing)\n|l|☆tamsyy\n|player|p2|\n", "uploadtime": 1771256179, "views": 9, "formatid": "gen9nationaldex", "rating": 1582, "private": 0, "password": null}