{"id": "gen9nationaldex-2540563062", "format": "[Gen 9] National Dex", "players": ["ajdrawshq", "ff14hellcat"], "log": "|j|☆ajdrawshq\n|j|☆ff14hellcat\n|t:|1771218550\n|gametype|singles\n|player|p1|ajdrawshq|silver|1671\n|player|p2|ff14hellcat|265|1617\n|gen|9\n|tier|[Gen 9] National Dex\n|rated|\n|rule|HP Percentage Mod: HP is shown in percentages\n|rule|Endless Battle Clause: Forcing endless battles is banned\n|rule|Species Clause: Limit one of each Pokémon\n|rule|OHKO Clause: OHKO moves are banned\n|rule|Evasion Clause: Evasion abilities, items, and moves are banned\n|rule|Evasion Abilities Clause: Evasion abilities are banned\n|rule|Evasion Items Clause: Evasion items are banned\n|rule|Evasion Moves Clause: Evasion moves are banned\n|rule|Sleep Clause Mod: Limit one foe put to sleep\n|rule|Terastal Clause: You cannot Terastallize\n|clearpoke\n|poke|p1|Charizard, M|\n|poke|p1|Iron Valiant|\n|poke|p1|Ribombee, M|\n|poke|p1|Victini|\n|poke|p1|Corviknight, F|\n|poke|p1|Raging Bolt|\n|poke|p2|Pelipper, F|\n|poke|p2|Swampert, F|\n|poke|p2|Barraskewda, F|\n|poke|p2|Tapu Lele|\n|poke|p2|Zapdos|\n|poke|p2|Iron Treads|\n|teampreview\n|inactive|Battle timer is ON: inactive players will automatically lose when time's up. (requested by ajdrawshq)\n|inactive|ff14hellcat also wants the timer to be on.\n|\n|t:|1771218563\n|teamsize|p1|6\n|teamsize|p2|6\n|start\n|switch|p1a: Ralsei|Ribombee, M|100/100\n|switch|p2a: Iron Treads|Iron Treads|100/100\n|turn|1\n|\n|t:|1771218574\n|move|p1a: Ralsei|Moonblast|p2a: Iron Treads\n|-resisted|p2a: Iron Treads\n|-damage|p2a: Iron Treads|73/100\n|move|p2a: Iron Treads|Rapid Spin|p1a: Ralsei\n|-damage|p1a: Ralsei|71/100\n|-boost|p2a: Iron Treads|spe|1\n|\n|upkeep\n|turn|2\n|\n|t:|1771218589\n|switch|p1a: Roaring|Corviknight, F|100/100\n|move|p2a: Iron Treads|Stealth Rock|p1a: Roaring\n|-sidestart|p1: ajdrawshq|move: Stealth Rock\n|\n|upkeep\n|turn|3\n|\n|t:|1771218594\n|move|p2a: Iron Treads|Knock Off|p1a: Roaring\n|-damage|p1a: Roaring|74/100\n|-enditem|p1a: Roaring|Leftovers|[from] move: Knock Off|[of] p2a: Iron Treads\n|move|p1a: Roaring|Bulk Up|p1a: Roaring\n|-boost|p1a: Roaring|atk|1\n|-boost|p1a: Roaring|def|1\n|\n|upkeep\n|turn|4\n|\n|t:|1771218598\n|-end|p2a: Iron Treads|Quark Drive|[silent]\n|switch|p2a: Zapdos|Zapdos|100/100\n|move|p1a: Roaring|Agility|p1a: Roaring\n|-boost|p1a: Roaring|spe|2\n|\n|upkeep\n|turn|5\n|\n|t:|1771218601\n|move|p1a: Roaring|Roost|p1a: Roaring\n|-heal|p1a: Roaring|100/100\n|-singleturn|p1a: Roaring|move: Roost\n|move|p2a: Zapdos|Hurricane|p1a: Roaring|[miss]\n|-miss|p2a: Zapdos|p1a: Roaring\n|\n|upkeep\n|turn|6\n|\n|t:|1771218612\n|switch|p2a: Pelipper|Pelipper, F|100/100\n|-weather|RainDance|[from] ability: Drizzle|[of] p2a: Pelipper\n|move|p1a: Roaring|Power Trip|p2a: Pelipper\n|-damage|p2a: Pelipper|59/100\n|\n|-weather|RainDance|[upkeep]\n|upkeep\n|turn|7\n|\n|t:|1771218619\n|move|p1a: Roaring|Bulk Up|p1a: Roaring\n|-boost|p1a: Roaring|atk|1\n|-boost|p1a: Roaring|def|1\n|move|p2a: Pelipper|U-turn|p1a: Roaring\n|-resisted|p1a: Roaring\n|-damage|p1a: Roaring|99/100\n|\n|t:|1771218621\n|switch|p2a: Zapdos|Zapdos|100/100|[from] U-turn\n|\n|-weather|RainDance|[upkeep]\n|upkeep\n|turn|8\n|\n|t:|1771218629\n|move|p1a: Roaring|Power Trip|p2a: Zapdos\n|-damage|p2a: Zapdos|13/100\n|move|p2a: Zapdos|Volt Switch|p1a: Roaring\n|-supereffective|p1a: Roaring\n|-damage|p1a: Roaring|6/100\n|\n|t:|1771218635\n|switch|p2a: Barraskewda|Barraskewda, F|100/100|[from] Volt Switch\n|\n|-weather|RainDance|[upkeep]\n|upkeep\n|turn|9\n|\n|t:|1771218639\n|move|p2a: Barraskewda|Flip Turn|p1a: Roaring\n|-damage|p1a: Roaring|0 fnt\n|faint|p1a: Roaring\n|-damage|p2a: Barraskewda|91/100|[from] item: Life Orb\n|\n|t:|1771218641\n|switch|p2a: Swampert|Swampert, F|100/100|[from] Flip Turn\n|\n|-weather|RainDance|[upkeep]\n|upkeep\n|-message|ajdrawshq forfeited.\n|\n|win|ff14hellcat\n|raw|ajdrawshq's rating: 1671 &rarr; <strong>1648</strong><br />(-23 for losing)\n|raw|ff14hellcat's rating: 1617 &rarr; <strong>1640</strong><br />(+23 for winning)\n|l|☆ajdrawshq\n|player|p1|\n|l|☆ff14hellcat\n|player|p2|\n", "uploadtime": 1771218834, "views": 5, "formatid": "gen9nationaldex", "rating": 1640, "private": 0, "password": null}