{"id": "gen9nationaldex-2540431629", "format": "[Gen 9] National Dex", "players": ["dratatax", "jerseyiteMa"], "log": "|j|☆dratatax\n|j|☆jerseyiteMa\n|t:|1771201233\n|gametype|singles\n|player|p1|dratatax|preschooler|1545\n|player|p2|jerseyiteMa|shelly|1587\n|gen|9\n|tier|[Gen 9] National Dex\n|rated|\n|rule|HP Percentage Mod: HP is shown in percentages\n|rule|Endless Battle Clause: Forcing endless battles is banned\n|rule|Species Clause: Limit one of each Pokémon\n|rule|OHKO Clause: OHKO moves are banned\n|rule|Evasion Clause: Evasion abilities, items, and moves are banned\n|rule|Evasion Abilities Clause: Evasion abilities are banned\n|rule|Evasion Items Clause: Evasion items are banned\n|rule|Evasion Moves Clause: Evasion moves are banned\n|rule|Sleep Clause Mod: Limit one foe put to sleep\n|rule|Terastal Clause: You cannot Terastallize\n|clearpoke\n|poke|p1|Marowak-Alola, M|\n|poke|p1|Aegislash, M|\n|poke|p1|Weezing-Galar, F|\n|poke|p1|Decidueye-Hisui, M|\n|poke|p1|Salamence, M|\n|poke|p1|Goodra-Hisui, F|\n|poke|p2|Mawile, M|\n|poke|p2|Zapdos|\n|poke|p2|Ting-Lu|\n|poke|p2|Alomomola, F|\n|poke|p2|Gholdengo|\n|poke|p2|Buzzwole|\n|teampreview\n|\n|t:|1771201243\n|teamsize|p1|6\n|teamsize|p2|6\n|start\n|switch|p1a: Decidueye|Decidueye-Hisui, M|100/100\n|switch|p2a: Gholdengo|Gholdengo|100/100\n|turn|1\n|\n|t:|1771201249\n|switch|p2a: Zapdos|Zapdos|100/100\n|move|p1a: Decidueye|Triple Arrows|p2a: Zapdos\n|-resisted|p2a: Zapdos\n|-crit|p2a: Zapdos\n|-damage|p2a: Zapdos|72/100\n|-unboost|p2a: Zapdos|def|1\n|\n|upkeep\n|turn|2\n|\n|t:|1771201258\n|switch|p1a: Uun|Goodra-Hisui, F|100/100\n|move|p2a: Zapdos|Volt Switch|p1a: Uun\n|-resisted|p1a: Uun\n|-damage|p1a: Uun|94/100\n|\n|t:|1771201265\n|switch|p2a: Buzzwole|Buzzwole|100/100|[from] Volt Switch\n|\n|upkeep\n|turn|3\n|\n|t:|1771201281\n|switch|p1a: Fantôme|Weezing-Galar, F|100/100\n|move|p2a: Buzzwole|Close Combat|p1a: Fantôme\n|-resisted|p1a: Fantôme\n|-damage|p1a: Fantôme|90/100\n|-unboost|p2a: Buzzwole|def|1\n|-unboost|p2a: Buzzwole|spd|1\n|\n|-heal|p1a: Fantôme|96/100|[from] item: Black Sludge\n|upkeep\n|turn|4\n|\n|t:|1771201290\n|switch|p2a: Gholdengo|Gholdengo|100/100\n|switch|p1a: Nosk|Salamence, M|100/100\n|\n|upkeep\n|turn|5\n|\n|t:|1771201312\n|switch|p2a: Mawile|Mawile, M|100/100\n|-ability|p2a: Mawile|Intimidate|boost\n|-unboost|p1a: Nosk|atk|1\n|move|p1a: Nosk|Dragon Dance|p1a: Nosk\n|-boost|p1a: Nosk|atk|1\n|-boost|p1a: Nosk|spe|1\n|\n|upkeep\n|turn|6\n|\n|t:|1771201321\n|switch|p1a: Fantôme|Weezing-Galar, F|96/100\n|detailschange|p2a: Mawile|Mawile-Mega, M\n|-mega|p2a: Mawile|Mawile|Mawilite\n|move|p2a: Mawile|Play Rough|p1a: Fantôme\n|-resisted|p1a: Fantôme\n|-damage|p1a: Fantôme|68/100\n|-unboost|p1a: Fantôme|atk|1\n|\n|-heal|p1a: Fantôme|74/100|[from] item: Black Sludge\n|upkeep\n|turn|7\n|\n|t:|1771201331\n|switch|p2a: Gholdengo|Gholdengo|100/100\n|move|p1a: Fantôme|Will-O-Wisp|p2a: Gholdengo\n|-immune|p2a: Gholdengo|[from] ability: Good as Gold\n|\n|-heal|p1a: Fantôme|80/100|[from] item: Black Sludge\n|upkeep\n|turn|8\n|\n|t:|1771201344\n|switch|p1a: Uun|Goodra-Hisui, F|94/100\n|move|p2a: Gholdengo|Trick|p1a: Uun\n|-activate|p2a: Gholdengo|move: Trick|[of] p1a: Uun\n|-item|p1a: Uun|Choice Scarf|[from] move: Trick\n|-item|p2a: Gholdengo|Assault Vest|[from] move: Trick\n|\n|upkeep\n|turn|9\n|\n|t:|1771201359\n|switch|p2a: Alomomola|Alomomola, F|100/100\n|switch|p1a: Decidueye|Decidueye-Hisui, M|100/100\n|\n|upkeep\n|turn|10\n|\n|t:|1771201386\n|switch|p2a: Zapdos|Zapdos|72/100\n|move|p1a: Decidueye|Triple Arrows|p2a: Zapdos\n|-resisted|p2a: Zapdos\n|-damage|p2a: Zapdos|55/100\n|\n|upkeep\n|turn|11\n|\n|t:|1771201395\n|switch|p1a: Uun|Goodra-Hisui, F|94/100\n|move|p2a: Zapdos|Roost|p2a: Zapdos\n|-heal|p2a: Zapdos|100/100\n|-singleturn|p2a: Zapdos|move: Roost\n|\n|upkeep\n|turn|12\n|\n|t:|1771201400\n|switch|p2a: Alomomola|Alomomola, F|100/100\n|move|p1a: Uun|Ice Beam|p2a: Alomomola\n|-resisted|p2a: Alomomola\n|-damage|p2a: Alomomola|86/100\n|\n|upkeep\n|turn|13\n|\n|t:|1771201406\n|switch|p1a: Decidueye|Decidueye-Hisui, M|100/100\n|move|p2a: Alomomola|Flip Turn|p1a: Decidueye\n|-resisted|p1a: Decidueye\n|-damage|p1a: Decidueye|91/100\n|\n|t:|1771201415\n|switch|p2a: Zapdos|Zapdos|100/100|[from] Flip Turn\n|\n|upkeep\n|turn|14\n|\n|t:|1771201431\n|switch|p1a: Uun|Goodra-Hisui, F|94/100\n|move|p2a: Zapdos|Volt Switch|p1a: Uun\n|-resisted|p1a: Uun\n|-damage|p1a: Uun|85/100\n|\n|t:|1771201444\n|switch|p2a: Buzzwole|Buzzwole|100/100|[from] Volt Switch\n|\n|upkeep\n|turn|15\n|\n|t:|1771201477\n|switch|p2a: Gholdengo|Gholdengo|100/100\n|switch|p1a: Fantôme|Weezing-Galar, F|80/100\n|\n|-heal|p1a: Fantôme|86/100|[from] item: Black Sludge\n|upkeep\n|turn|16\n|\n|t:|1771201484\n|switch|p1a: Nosk|Salamence, M|100/100\n|move|p2a: Gholdengo|Make It Rain|p1a: Nosk\n|-damage|p1a: Nosk|18/100\n|-unboost|p2a: Gholdengo|spa|1\n|\n|upkeep\n|turn|17\n|\n|t:|1771201500\n|switch|p2a: Zapdos|Zapdos|100/100\n|move|p1a: Nosk|Earthquake|p2a: Zapdos\n|-immune|p2a: Zapdos\n|\n|upkeep\n|turn|18\n|\n|t:|1771201510\n|switch|p1a: Hollow|Marowak-Alola, M|100/100\n|move|p2a: Zapdos|Volt Switch|p1a: Hollow\n|-ability|p1a: Hollow|Lightning Rod|boost\n|-boost|p1a: Hollow|spa|1\n|\n|upkeep\n|turn|19\n|\n|t:|1771201526\n|switch|p2a: Ting-Lu|Ting-Lu|100/100\n|-ability|p2a: Ting-Lu|Vessel of Ruin\n|move|p1a: Hollow|Poltergeist|p2a: Ting-Lu\n|-activate|p2a: Ting-Lu|move: Poltergeist|Leftovers\n|-resisted|p2a: Ting-Lu\n|-damage|p2a: Ting-Lu|75/100\n|\n|-heal|p2a: Ting-Lu|81/100|[from] item: Leftovers\n|upkeep\n|turn|20\n|\n|t:|1771201537\n|move|p1a: Hollow|Low Kick|p2a: Ting-Lu\n|-supereffective|p2a: Ting-Lu\n|-damage|p2a: Ting-Lu|13/100\n|move|p2a: Ting-Lu|Stealth Rock|p1a: Hollow\n|-sidestart|p1: dratatax|move: Stealth Rock\n|\n|-heal|p2a: Ting-Lu|19/100|[from] item: Leftovers\n|upkeep\n|turn|21\n|\n|t:|1771201548\n|switch|p2a: Alomomola|Alomomola, F|100/100\n|move|p1a: Hollow|Poltergeist|p2a: Alomomola\n|-activate|p2a: Alomomola|move: Poltergeist|Heavy-Duty Boots\n|-damage|p2a: Alomomola|42/100\n|\n|upkeep\n|turn|22\n|\n|t:|1771201556\n|move|p2a: Alomomola|Protect|p2a: Alomomola\n|-singleturn|p2a: Alomomola|Protect\n|move|p1a: Hollow|Poltergeist|p2a: Alomomola\n|-activate|p2a: Alomomola|move: Protect\n|\n|upkeep\n|turn|23\n|\n|t:|1771201563\n|switch|p2a: Ting-Lu|Ting-Lu|19/100\n|-ability|p2a: Ting-Lu|Vessel of Ruin\n|move|p1a: Hollow|Poltergeist|p2a: Ting-Lu\n|-activate|p2a: Ting-Lu|move: Poltergeist|Leftovers\n|-resisted|p2a: Ting-Lu\n|-damage|p2a: Ting-Lu|0 fnt\n|faint|p2a: Ting-Lu\n|\n|upkeep\n|\n|t:|1771201571\n|switch|p2a: Gholdengo|Gholdengo|100/100\n|turn|24\n|\n|t:|1771201586\n|move|p2a: Gholdengo|Shadow Ball|p1a: Hollow\n|-supereffective|p1a: Hollow\n|-damage|p1a: Hollow|0 fnt\n|faint|p1a: Hollow\n|\n|upkeep\n|\n|t:|1771201592\n|switch|p1a: Nosk|Salamence, M|18/100\n|turn|25\n|\n|t:|1771201602\n|switch|p2a: Zapdos|Zapdos|100/100\n|move|p1a: Nosk|Earthquake|p2a: Zapdos\n|-immune|p2a: Zapdos\n|\n|upkeep\n|turn|26\n|\n|t:|1771201615\n|switch|p1a: Uun|Goodra-Hisui, F|85/100\n|-damage|p1a: Uun|79/100|[from] Stealth Rock\n|move|p2a: Zapdos|Volt Switch|p1a: Uun\n|-resisted|p1a: Uun\n|-damage|p1a: Uun|70/100\n|\n|t:|1771201619\n|switch|p2a: Buzzwole|Buzzwole|100/100|[from] Volt Switch\n|\n|upkeep\n|turn|27\n|\n|t:|1771201626\n|move|p2a: Buzzwole|Close Combat|p1a: Uun\n|-supereffective|p1a: Uun\n|-damage|p1a: Uun|0 fnt\n|-unboost|p2a: Buzzwole|def|1\n|-unboost|p2a: Buzzwole|spd|1\n|-ability|p1a: Uun|Gooey\n|-unboost|p2a: Buzzwole|spe|1\n|faint|p1a: Uun\n|-ability|p2a: Buzzwole|Beast Boost|boost\n|-boost|p2a: Buzzwole|atk|1\n|\n|upkeep\n|\n|t:|1771201637\n|switch|p1a: Decidueye|Decidueye-Hisui, M|91/100\n|-damage|p1a: Decidueye|85/100|[from] Stealth Rock\n|turn|28\n|\n|t:|1771201642\n|move|p2a: Buzzwole|Close Combat|p1a: Decidueye\n|-damage|p1a: Decidueye|0 fnt\n|-unboost|p2a: Buzzwole|def|1\n|-unboost|p2a: Buzzwole|spd|1\n|faint|p1a: Decidueye\n|-ability|p2a: Buzzwole|Beast Boost|boost\n|-boost|p2a: Buzzwole|atk|1\n|\n|upkeep\n|\n|t:|1771201648\n|switch|p1a: Nosk|Salamence, M|18/100\n|turn|29\n|\n|t:|1771201652\n|switch|p2a: Zapdos|Zapdos|100/100\n|move|p1a: Nosk|Outrage|p2a: Zapdos\n|-damage|p2a: Zapdos|47/100\n|\n|upkeep\n|turn|30\n|\n|t:|1771201659\n|switch|p2a: Mawile|Mawile-Mega, M|100/100\n|move|p1a: Nosk|Outrage|p2a: Mawile|[from] lockedmove\n|-immune|p2a: Mawile\n|-start|p1a: Nosk|confusion|[fatigue]\n|\n|upkeep\n|turn|31\n|\n|t:|1771201664\n|switch|p1a: Fantôme|Weezing-Galar, F|86/100\n|-damage|p1a: Fantôme|74/100|[from] Stealth Rock\n|move|p2a: Mawile|Sucker Punch||[still]\n|-fail|p2a: Mawile\n|\n|-heal|p1a: Fantôme|80/100|[from] item: Black Sludge\n|upkeep\n|turn|32\n|\n|t:|1771201668\n|switch|p2a: Gholdengo|Gholdengo|100/100\n|move|p1a: Fantôme|Strange Steam|p2a: Gholdengo\n|-resisted|p2a: Gholdengo\n|-damage|p2a: Gholdengo|89/100\n|\n|-heal|p1a: Fantôme|86/100|[from] item: Black Sludge\n|upkeep\n|turn|33\n|\n|t:|1771201675\n|move|p2a: Gholdengo|Shadow Ball|p1a: Fantôme\n|-damage|p1a: Fantôme|28/100\n|move|p1a: Fantôme|Strange Steam|p2a: Gholdengo\n|-resisted|p2a: Gholdengo\n|-damage|p2a: Gholdengo|79/100\n|\n|-heal|p1a: Fantôme|34/100|[from] item: Black Sludge\n|upkeep\n|turn|34\n|\n|t:|1771201682\n|move|p2a: Gholdengo|Shadow Ball|p1a: Fantôme\n|-damage|p1a: Fantôme|0 fnt\n|faint|p1a: Fantôme\n|\n|upkeep\n|\n|t:|1771201685\n|switch|p1a: Markoth|Aegislash, M, shiny|100/100\n|-damage|p1a: Markoth|94/100|[from] Stealth Rock\n|turn|35\n|\n|t:|1771201694\n|switch|p2a: Alomomola|Alomomola, F|75/100\n|move|p1a: Markoth|Swords Dance|p1a: Markoth\n|-boost|p1a: Markoth|atk|2\n|\n|upkeep\n|turn|36\n|\n|t:|1771201700\n|-formechange|p1a: Markoth|Aegislash-Blade||[from] ability: Stance Change\n|move|p1a: Markoth|Close Combat|p2a: Alomomola\n|-damage|p2a: Alomomola|18/100\n|-unboost|p1a: Markoth|def|1\n|-unboost|p1a: Markoth|spd|1\n|move|p2a: Alomomola|Flip Turn|p1a: Markoth\n|-damage|p1a: Markoth|53/100\n|\n|t:|1771201706\n|switch|p2a: Mawile|Mawile-Mega, M|100/100|[from] Flip Turn\n|\n|upkeep\n|turn|37\n|\n|t:|1771201711\n|-formechange|p1a: Markoth|Aegislash||[from] ability: Stance Change\n|move|p1a: Markoth|King's Shield|p1a: Markoth\n|-singleturn|p1a: Markoth|Protect\n|move|p2a: Mawile|Play Rough|p1a: Markoth\n|-activate|p1a: Markoth|move: Protect\n|-unboost|p2a: Mawile|atk|1\n|\n|upkeep\n|turn|38\n|\n|t:|1771201718\n|move|p2a: Mawile|Sucker Punch|p1a: Markoth\n|-supereffective|p1a: Markoth\n|-enditem|p1a: Markoth|Colbur Berry|[eat]\n|-enditem|p1a: Markoth|Colbur Berry|[weaken]\n|-damage|p1a: Markoth|18/100\n|-formechange|p1a: Markoth|Aegislash-Blade||[from] ability: Stance Change\n|move|p1a: Markoth|Close Combat|p2a: Mawile\n|-damage|p2a: Mawile|6/100\n|-unboost|p1a: Markoth|def|1\n|-unboost|p1a: Markoth|spd|1\n|\n|upkeep\n|turn|39\n|\n|t:|1771201751\n|move|p1a: Markoth|Shadow Sneak|p2a: Mawile\n|-damage|p2a: Mawile|0 fnt\n|faint|p2a: Mawile\n|detailschange|p2: Mawile|Mawile, M|[silent]\n|\n|upkeep\n|\n|t:|1771201756\n|switch|p2a: Buzzwole|Buzzwole|100/100\n|turn|40\n|\n|t:|1771201775\n|-formechange|p1a: Markoth|Aegislash||[from] ability: Stance Change\n|move|p1a: Markoth|King's Shield|p1a: Markoth\n|-singleturn|p1a: Markoth|Protect\n|move|p2a: Buzzwole|Leech Life|p1a: Markoth\n|-activate|p1a: Markoth|move: Protect\n|-unboost|p2a: Buzzwole|atk|1\n|\n|upkeep\n|turn|41\n|\n|t:|1771201785\n|move|p2a: Buzzwole|Leech Life|p1a: Markoth\n|-resisted|p1a: Markoth\n|-damage|p1a: Markoth|6/100\n|-formechange|p1a: Markoth|Aegislash-Blade||[from] ability: Stance Change\n|move|p1a: Markoth|Close Combat|p2a: Buzzwole\n|-resisted|p2a: Buzzwole\n|-damage|p2a: Buzzwole|66/100\n|-unboost|p1a: Markoth|def|1\n|-unboost|p1a: Markoth|spd|1\n|\n|upkeep\n|turn|42\n|\n|t:|1771201797\n|switch|p2a: Zapdos|Zapdos|47/100\n|-formechange|p1a: Markoth|Aegislash||[from] ability: Stance Change\n|move|p1a: Markoth|King's Shield||[still]\n|-fail|p1a: Markoth\n|\n|upkeep\n|turn|43\n|\n|t:|1771201802\n|-formechange|p1a: Markoth|Aegislash-Blade||[from] ability: Stance Change\n|move|p1a: Markoth|Shadow Sneak|p2a: Zapdos\n|-damage|p2a: Zapdos|7/100\n|move|p2a: Zapdos|Volt Switch|p1a: Markoth\n|-damage|p1a: Markoth|0 fnt\n|faint|p1a: Markoth\n|\n|t:|1771201809\n|switch|p2a: Buzzwole|Buzzwole|66/100|[from] Volt Switch\n|\n|upkeep\n|\n|t:|1771201812\n|switch|p1a: Nosk|Salamence, M|18/100\n|turn|44\n|\n|t:|1771201815\n|move|p2a: Buzzwole|Ice Punch|p1a: Nosk\n|-supereffective|p1a: Nosk\n|-damage|p1a: Nosk|0 fnt\n|faint|p1a: Nosk\n|\n|win|jerseyiteMa\n|raw|dratatax's rating: 1545 &rarr; <strong>1527</strong><br />(-18 for losing)\n|raw|jerseyiteMa's rating: 1587 &rarr; <strong>1605</strong><br />(+18 for winning)\n|l|☆jerseyiteMa\n|player|p2|\n", "uploadtime": 1771202043, "views": 9, "formatid": "gen9nationaldex", "rating": 1527, "private": 0, "password": null}