{"id": "gen9nationaldex-2540927895", "format": "[Gen 9] National Dex", "players": ["Thugshaker Broly", "Iconsumechicken"], "log": "|j|☆Thugshaker Broly\n|j|☆Iconsumechicken\n|t:|1771267981\n|gametype|singles\n|player|p1|Thugshaker Broly|cynthia-masters3|1760\n|player|p2|Iconsumechicken|266|1667\n|gen|9\n|tier|[Gen 9] National Dex\n|rated|\n|rule|HP Percentage Mod: HP is shown in percentages\n|rule|Endless Battle Clause: Forcing endless battles is banned\n|rule|Species Clause: Limit one of each Pokémon\n|rule|OHKO Clause: OHKO moves are banned\n|rule|Evasion Clause: Evasion abilities, items, and moves are banned\n|rule|Evasion Abilities Clause: Evasion abilities are banned\n|rule|Evasion Items Clause: Evasion items are banned\n|rule|Evasion Moves Clause: Evasion moves are banned\n|rule|Sleep Clause Mod: Limit one foe put to sleep\n|rule|Terastal Clause: You cannot Terastallize\n|clearpoke\n|poke|p1|Charizard, F|\n|poke|p1|Garchomp, F|\n|poke|p1|Kingambit, F|\n|poke|p1|Raging Bolt|\n|poke|p1|Zamazenta-*|\n|poke|p1|Corviknight, F|\n|poke|p2|Iron Valiant|\n|poke|p2|Tapu Koko|\n|poke|p2|Kingambit, M|\n|poke|p2|Alomomola, F|\n|poke|p2|Landorus-Therian, M|\n|poke|p2|Ferrothorn, F|\n|teampreview\n|inactive|Battle timer is ON: inactive players will automatically lose when time's up. (requested by Thugshaker Broly)\n|c|☆Iconsumechicken|hf\n|inactive|Iconsumechicken has 120 seconds left.\n|\n|t:|1771268041\n|teamsize|p1|6\n|teamsize|p2|6\n|start\n|switch|p1a: M preg|Charizard, F|100/100\n|switch|p2a: Landorus|Landorus-Therian, M|100/100\n|-ability|p2a: Landorus|Intimidate|boost\n|-unboost|p1a: M preg|atk|1\n|turn|1\n|\n|t:|1771268044\n|switch|p2a: Alomomola|Alomomola, F|100/100\n|move|p1a: M preg|Dragon Dance|p1a: M preg\n|-boost|p1a: M preg|atk|1\n|-boost|p1a: M preg|spe|1\n|\n|upkeep\n|turn|2\n|\n|t:|1771268049\n|detailschange|p1a: M preg|Charizard-Mega-X, F\n|-mega|p1a: M preg|Charizard|Charizardite X\n|move|p1a: M preg|Dragon Dance|p1a: M preg\n|-boost|p1a: M preg|atk|1\n|-boost|p1a: M preg|spe|1\n|move|p2a: Alomomola|Flip Turn|p1a: M preg\n|-damage|p1a: M preg|84/100\n|\n|t:|1771268056\n|switch|p2a: Landorus|Landorus-Therian, M|100/100|[from] Flip Turn\n|-ability|p2a: Landorus|Intimidate|boost\n|-unboost|p1a: M preg|atk|1\n|\n|upkeep\n|turn|3\n|\n|t:|1771268060\n|move|p1a: M preg|Flare Blitz|p2a: Landorus\n|-damage|p2a: Landorus|23/100\n|-damage|p1a: M preg|68/100|[from] item: Rocky Helmet|[of] p2a: Landorus\n|-damage|p1a: M preg|35/100|[from] Recoil\n|move|p2a: Landorus|Earthquake|p1a: M preg\n|-supereffective|p1a: M preg\n|-damage|p1a: M preg|0 fnt\n|faint|p1a: M preg\n|detailschange|p1: M preg|Charizard, F|[silent]\n|\n|upkeep\n|\n|t:|1771268062\n|switch|p1a: Manny Hefferly|Garchomp, F|100/100\n|turn|4\n|j| peregrine99\n|\n|t:|1771268090\n|move|p1a: Manny Hefferly|Iron Head|p2a: Landorus\n|-crit|p2a: Landorus\n|-damage|p2a: Landorus|0 fnt\n|-damage|p1a: Manny Hefferly|84/100|[from] item: Rocky Helmet|[of] p2a: Landorus\n|faint|p2a: Landorus\n|\n|upkeep\n|inactive|Iconsumechicken has 120 seconds left.\n|\n|t:|1771268103\n|switch|p2a: Ferrothorn|Ferrothorn, F|100/100\n|turn|5\n|\n|t:|1771268109\n|move|p1a: Manny Hefferly|Earthquake|p2a: Ferrothorn\n|-damage|p2a: Ferrothorn|66/100\n|move|p2a: Ferrothorn|Leech Seed|p1a: Manny Hefferly\n|-start|p1a: Manny Hefferly|move: Leech Seed\n|\n|-heal|p2a: Ferrothorn|73/100|[from] item: Leftovers\n|-damage|p1a: Manny Hefferly|72/100|[from] Leech Seed|[of] p2a: Ferrothorn\n|-heal|p2a: Ferrothorn|85/100|[silent]\n|upkeep\n|turn|6\n|\n|t:|1771268116\n|switch|p1a: Stupid dog|Zamazenta|100/100\n|-ability|p1a: Stupid dog|Dauntless Shield|boost\n|-boost|p1a: Stupid dog|def|1\n|move|p2a: Ferrothorn|Stealth Rock|p1a: Stupid dog\n|-sidestart|p1: Thugshaker Broly|move: Stealth Rock\n|\n|-heal|p2a: Ferrothorn|91/100|[from] item: Leftovers\n|upkeep\n|turn|7\n|inactive|Iconsumechicken has 120 seconds left.\n|\n|t:|1771268147\n|switch|p2a: Tapu Koko|Tapu Koko|100/100\n|-fieldstart|move: Electric Terrain|[from] ability: Electric Surge|[of] p2a: Tapu Koko\n|move|p1a: Stupid dog|Close Combat|p2a: Tapu Koko\n|-resisted|p2a: Tapu Koko\n|-damage|p2a: Tapu Koko|42/100\n|-unboost|p1a: Stupid dog|def|1\n|-unboost|p1a: Stupid dog|spd|1\n|\n|upkeep\n|turn|8\n|\n|t:|1771268155\n|move|p1a: Stupid dog|Close Combat|p2a: Tapu Koko\n|-resisted|p2a: Tapu Koko\n|-damage|p2a: Tapu Koko|0 fnt\n|-unboost|p1a: Stupid dog|def|1\n|-unboost|p1a: Stupid dog|spd|1\n|faint|p2a: Tapu Koko\n|\n|upkeep\n|\n|t:|1771268160\n|switch|p2a: Iron Valiant|Iron Valiant|100/100\n|-activate|p2a: Iron Valiant|ability: Quark Drive\n|-start|p2a: Iron Valiant|quarkdrivespa\n|turn|9\n|\n|t:|1771268169\n|switch|p1a: BBC|Corviknight, F|100/100\n|-damage|p1a: BBC|88/100|[from] Stealth Rock\n|-ability|p1a: BBC|Pressure\n|move|p2a: Iron Valiant|Moonblast|p1a: BBC\n|-resisted|p1a: BBC\n|-damage|p1a: BBC|52/100\n|-unboost|p1a: BBC|spa|1\n|\n|upkeep\n|turn|10\n|inactive|Iconsumechicken has 120 seconds left.\n|\n|t:|1771268187\n|-end|p2a: Iron Valiant|Quark Drive|[silent]\n|switch|p2a: Ferrothorn|Ferrothorn, F|91/100\n|move|p1a: BBC|Defog|p2a: Ferrothorn\n|-unboost|p2a: Ferrothorn|evasion|1\n|-sideend|p1: Thugshaker Broly|Stealth Rock|[from] move: Defog|[of] p1a: BBC\n|-fieldend|move: Electric Terrain\n|\n|-heal|p2a: Ferrothorn|98/100|[from] item: Leftovers\n|upkeep\n|turn|11\n|\n|t:|1771268200\n|switch|p1a: Stupid dog|Zamazenta|100/100\n|move|p2a: Ferrothorn|Knock Off|p1a: Stupid dog\n|-resisted|p1a: Stupid dog\n|-damage|p1a: Stupid dog|90/100\n|-enditem|p1a: Stupid dog|Choice Band|[from] move: Knock Off|[of] p2a: Ferrothorn\n|\n|-heal|p2a: Ferrothorn|100/100|[from] item: Leftovers\n|upkeep\n|turn|12\n|\n|t:|1771268215\n|switch|p2a: Alomomola|Alomomola, F|100/100\n|move|p1a: Stupid dog|Close Combat|p2a: Alomomola\n|-damage|p2a: Alomomola|53/100\n|-unboost|p1a: Stupid dog|def|1\n|-unboost|p1a: Stupid dog|spd|1\n|\n|upkeep\n|turn|13\n|\n|t:|1771268229\n|move|p1a: Stupid dog|Close Combat|p2a: Alomomola\n|-damage|p2a: Alomomola|11/100\n|-unboost|p1a: Stupid dog|def|1\n|-unboost|p1a: Stupid dog|spd|1\n|move|p2a: Alomomola|Flip Turn|p1a: Stupid dog\n|-crit|p1a: Stupid dog\n|-damage|p1a: Stupid dog|40/100\n|inactive|Iconsumechicken has 120 seconds left.\n|\n|t:|1771268250\n|switch|p2a: Iron Valiant|Iron Valiant|100/100|[from] Flip Turn\n|\n|upkeep\n|turn|14\n|\n|t:|1771268255\n|switch|p1a: BBC|Corviknight, F|52/100\n|-ability|p1a: BBC|Pressure\n|move|p2a: Iron Valiant|Vacuum Wave|p1a: BBC\n|-damage|p1a: BBC|29/100\n|\n|upkeep\n|turn|15\n|\n|t:|1771268265\n|-end|p2a: Iron Valiant|Quark Drive|[silent]\n|switch|p2a: Alomomola|Alomomola, F|45/100\n|move|p1a: BBC|Brave Bird|p2a: Alomomola\n|-damage|p2a: Alomomola|11/100\n|-damage|p1a: BBC|14/100|[from] Recoil\n|\n|upkeep\n|turn|16\n|\n|t:|1771268278\n|move|p1a: BBC|Brave Bird|p2a: Alomomola\n|-damage|p2a: Alomomola|0 fnt\n|faint|p2a: Alomomola\n|-damage|p1a: BBC|9/100|[from] Recoil\n|\n|upkeep\n|\n|t:|1771268284\n|switch|p2a: Iron Valiant|Iron Valiant|100/100\n|turn|17\n|\n|t:|1771268287\n|move|p2a: Iron Valiant|Moonblast|p1a: BBC\n|-resisted|p1a: BBC\n|-crit|p1a: BBC\n|-damage|p1a: BBC|0 fnt\n|faint|p1a: BBC\n|\n|upkeep\n|\n|t:|1771268295\n|switch|p1a: Throat Goat|Raging Bolt|100/100\n|turn|18\n|\n|t:|1771268300\n|-end|p2a: Iron Valiant|Quark Drive|[silent]\n|switch|p2a: Ferrothorn|Ferrothorn, F|100/100\n|move|p1a: Throat Goat|Thunderbolt|p2a: Ferrothorn\n|-resisted|p2a: Ferrothorn\n|-damage|p2a: Ferrothorn|84/100\n|\n|-heal|p2a: Ferrothorn|90/100|[from] item: Leftovers\n|upkeep\n|turn|19\n|\n|t:|1771268325\n|-end|p1a: Throat Goat|Protosynthesis|[silent]\n|switch|p1a: Stupid dog|Zamazenta|40/100\n|move|p2a: Ferrothorn|Stealth Rock|p1a: Stupid dog\n|-sidestart|p1: Thugshaker Broly|move: Stealth Rock\n|\n|-heal|p2a: Ferrothorn|97/100|[from] item: Leftovers\n|upkeep\n|turn|20\n|\n|t:|1771268328\n|move|p1a: Stupid dog|Close Combat|p2a: Ferrothorn\n|-supereffective|p2a: Ferrothorn\n|-damage|p2a: Ferrothorn|24/100\n|-unboost|p1a: Stupid dog|def|1\n|-unboost|p1a: Stupid dog|spd|1\n|-damage|p1a: Stupid dog|28/100|[from] ability: Iron Barbs|[of] p2a: Ferrothorn\n|move|p2a: Ferrothorn|Power Whip|p1a: Stupid dog\n|-damage|p1a: Stupid dog|0 fnt\n|faint|p1a: Stupid dog\n|\n|-heal|p2a: Ferrothorn|31/100|[from] item: Leftovers\n|upkeep\n|\n|t:|1771268336\n|switch|p1a: Manny Hefferly|Garchomp, F|72/100\n|-damage|p1a: Manny Hefferly|65/100|[from] Stealth Rock\n|turn|21\n|\n|t:|1771268343\n|move|p1a: Manny Hefferly|Scale Shot|p2a: Ferrothorn\n|-resisted|p2a: Ferrothorn\n|-damage|p2a: Ferrothorn|26/100\n|-resisted|p2a: Ferrothorn\n|-damage|p2a: Ferrothorn|22/100\n|-resisted|p2a: Ferrothorn\n|-damage|p2a: Ferrothorn|18/100\n|-resisted|p2a: Ferrothorn\n|-damage|p2a: Ferrothorn|13/100\n|-resisted|p2a: Ferrothorn\n|-damage|p2a: Ferrothorn|9/100\n|-hitcount|p2a: Ferrothorn|5\n|-unboost|p1a: Manny Hefferly|def|1\n|-boost|p1a: Manny Hefferly|spe|1\n|move|p2a: Ferrothorn|Leech Seed|p1a: Manny Hefferly\n|-start|p1a: Manny Hefferly|move: Leech Seed\n|\n|-heal|p2a: Ferrothorn|15/100|[from] item: Leftovers\n|-damage|p1a: Manny Hefferly|53/100|[from] Leech Seed|[of] p2a: Ferrothorn\n|-heal|p2a: Ferrothorn|28/100|[silent]\n|upkeep\n|turn|22\n|\n|t:|1771268359\n|move|p1a: Manny Hefferly|Earthquake|p2a: Ferrothorn\n|-damage|p2a: Ferrothorn|0 fnt\n|faint|p2a: Ferrothorn\n|\n|upkeep\n|\n|t:|1771268365\n|switch|p2a: Kingambit|Kingambit, M, shiny|100/100\n|-activate|p2a: Kingambit|ability: Supreme Overlord\n|-start|p2a: Kingambit|fallen4|[silent]\n|turn|23\n|inactive|Iconsumechicken has 120 seconds left.\n|\n|t:|1771268408\n|switch|p1a: Throat Goat|Raging Bolt|100/100\n|-damage|p1a: Throat Goat|88/100|[from] Stealth Rock\n|-end|p2a: Kingambit|fallen4|[silent]\n|switch|p2a: Iron Valiant|Iron Valiant|100/100\n|\n|-heal|p1a: Throat Goat|94/100|[from] item: Leftovers\n|upkeep\n|turn|24\n|\n|t:|1771268415\n|move|p2a: Iron Valiant|Moonblast|p1a: Throat Goat\n|-supereffective|p1a: Throat Goat\n|-damage|p1a: Throat Goat|0 fnt\n|faint|p1a: Throat Goat\n|-end|p1a: Throat Goat|Protosynthesis|[silent]\n|\n|upkeep\n|\n|t:|1771268418\n|switch|p1a: The problem|Kingambit, F|100/100\n|-damage|p1a: The problem|94/100|[from] Stealth Rock\n|-activate|p1a: The problem|ability: Supreme Overlord\n|-start|p1a: The problem|fallen4|[silent]\n|turn|25\n|inactive|Iconsumechicken has 120 seconds left.\n|\n|t:|1771268436\n|-end|p2a: Iron Valiant|Quark Drive|[silent]\n|switch|p2a: Kingambit|Kingambit, M, shiny|100/100\n|-activate|p2a: Kingambit|ability: Supreme Overlord\n|-start|p2a: Kingambit|fallen4|[silent]\n|move|p1a: The problem|Low Kick|p2a: Kingambit\n|-supereffective|p2a: Kingambit\n|-damage|p2a: Kingambit|0 fnt\n|faint|p2a: Kingambit\n|-end|p2a: Kingambit|fallen4|[silent]\n|\n|upkeep\n|\n|t:|1771268440\n|switch|p2a: Iron Valiant|Iron Valiant|100/100\n|turn|26\n|\n|t:|1771268450\n|move|p2a: Iron Valiant|Vacuum Wave|p1a: The problem\n|-supereffective|p1a: The problem\n|-damage|p1a: The problem|0 fnt\n|faint|p1a: The problem\n|-end|p1a: The problem|fallen4|[silent]\n|\n|upkeep\n|\n|t:|1771268452\n|switch|p1a: Manny Hefferly|Garchomp, F|53/100\n|-damage|p1a: Manny Hefferly|47/100|[from] Stealth Rock\n|turn|27\n|\n|t:|1771268454\n|move|p2a: Iron Valiant|Vacuum Wave|p1a: Manny Hefferly\n|-damage|p1a: Manny Hefferly|11/100\n|move|p1a: Manny Hefferly|Iron Head|p2a: Iron Valiant\n|-supereffective|p2a: Iron Valiant\n|-damage|p2a: Iron Valiant|32/100\n|\n|upkeep\n|turn|28\n|\n|t:|1771268458\n|move|p2a: Iron Valiant|Vacuum Wave|p1a: Manny Hefferly\n|-damage|p1a: Manny Hefferly|0 fnt\n|faint|p1a: Manny Hefferly\n|\n|win|Iconsumechicken\n|raw|Thugshaker Broly's rating: 1760 &rarr; <strong>1735</strong><br />(-25 for losing)\n|raw|Iconsumechicken's rating: 1667 &rarr; <strong>1692</strong><br />(+25 for winning)\n|c|☆Iconsumechicken|ggwp\n|l|☆Thugshaker Broly\n|player|p1|\n|l|☆Iconsumechicken\n|player|p2|\n", "uploadtime": 1771268645, "views": 2, "formatid": "gen9nationaldex", "rating": 1692, "private": 0, "password": null}