{"id": "gen9nationaldex-2540776741", "format": "[Gen 9] National Dex", "players": ["zmdalan", "n!ce ct"], "log": "|j|☆zmdalan\n|j|☆n!ce ct\n|t:|1771252784\n|gametype|singles\n|player|p1|zmdalan|2|1634\n|player|p2|n!ce ct|emma-lza|1581\n|gen|9\n|tier|[Gen 9] National Dex\n|rated|\n|rule|HP Percentage Mod: HP is shown in percentages\n|rule|Endless Battle Clause: Forcing endless battles is banned\n|rule|Species Clause: Limit one of each Pokémon\n|rule|OHKO Clause: OHKO moves are banned\n|rule|Evasion Clause: Evasion abilities, items, and moves are banned\n|rule|Evasion Abilities Clause: Evasion abilities are banned\n|rule|Evasion Items Clause: Evasion items are banned\n|rule|Evasion Moves Clause: Evasion moves are banned\n|rule|Sleep Clause Mod: Limit one foe put to sleep\n|rule|Terastal Clause: You cannot Terastallize\n|clearpoke\n|poke|p1|Tapu Koko|\n|poke|p1|Raging Bolt|\n|poke|p1|Regieleki|\n|poke|p1|Charizard, M|\n|poke|p1|Iron Crown|\n|poke|p1|Ditto|\n|poke|p2|Urshifu-*, F|\n|poke|p2|Slowking-Galar, F|\n|poke|p2|Altaria, M|\n|poke|p2|Landorus-Therian, M|\n|poke|p2|Zamazenta-*|\n|poke|p2|Cinderace, F|\n|teampreview\n|inactive|Battle timer is ON: inactive players will automatically lose when time's up. (requested by zmdalan)\n|\n|t:|1771252807\n|teamsize|p1|6\n|teamsize|p2|6\n|start\n|switch|p1a: Tapu Koko|Tapu Koko|100/100\n|switch|p2a: Landorus|Landorus-Therian, M|100/100\n|-fieldstart|move: Electric Terrain|[from] ability: Electric Surge|[of] p1a: Tapu Koko\n|-ability|p2a: Landorus|Intimidate|boost\n|-unboost|p1a: Tapu Koko|atk|1\n|turn|1\n|\n|t:|1771252818\n|switch|p2a: Slowking|Slowking-Galar, F|100/100\n|move|p1a: Tapu Koko|Hidden Power|p2a: Slowking\n|-damage|p2a: Slowking|90/100\n|\n|upkeep\n|turn|2\n|\n|t:|1771252827\n|move|p1a: Tapu Koko|U-turn|p2a: Slowking\n|-damage|p2a: Slowking|78/100\n|\n|t:|1771252829\n|switch|p1a: Iron Crown|Iron Crown|100/100|[from] U-turn\n|-activate|p1a: Iron Crown|ability: Quark Drive\n|-start|p1a: Iron Crown|quarkdrivespe\n|move|p2a: Slowking|Future Sight|p1a: Iron Crown\n|-start|p2a: Slowking|move: Future Sight\n|\n|upkeep\n|turn|3\n|\n|t:|1771252837\n|move|p1a: Iron Crown|Calm Mind|p1a: Iron Crown\n|-boost|p1a: Iron Crown|spa|1\n|-boost|p1a: Iron Crown|spd|1\n|move|p2a: Slowking|Sludge Bomb|p1a: Iron Crown\n|-immune|p1a: Iron Crown\n|\n|upkeep\n|turn|4\n|\n|t:|1771252842\n|move|p1a: Iron Crown|Calm Mind|p1a: Iron Crown\n|-boost|p1a: Iron Crown|spa|1\n|-boost|p1a: Iron Crown|spd|1\n|-prepare|p2a: Slowking|Chilly Reception|[premajor]\n|move|p2a: Slowking|Chilly Reception|p2a: Slowking\n|-weather|Snowscape\n|\n|t:|1771252850\n|switch|p2a: Cinderace|Cinderace, F|100/100|[from] Chilly Reception\n|\n|-weather|Snowscape|[upkeep]\n|-end|p1a: Iron Crown|move: Future Sight\n|-resisted|p1a: Iron Crown\n|-damage|p1a: Iron Crown|95/100\n|upkeep\n|turn|5\n|\n|t:|1771252857\n|move|p2a: Cinderace|Sucker Punch|p1a: Iron Crown\n|-start|p2a: Cinderace|typechange|Dark|[from] ability: Libero\n|-supereffective|p1a: Iron Crown\n|-damage|p1a: Iron Crown|42/100\n|-enditem|p1a: Iron Crown|Weakness Policy\n|-boost|p1a: Iron Crown|atk|2|[from] item: Weakness Policy\n|-boost|p1a: Iron Crown|spa|2|[from] item: Weakness Policy\n|move|p1a: Iron Crown|Focus Blast|p2a: Cinderace|[miss]\n|-miss|p1a: Iron Crown|p2a: Cinderace\n|\n|-weather|Snowscape|[upkeep]\n|upkeep\n|turn|6\n|\n|t:|1771252868\n|move|p2a: Cinderace|Sucker Punch||[still]\n|-fail|p2a: Cinderace\n|move|p1a: Iron Crown|Agility|p1a: Iron Crown\n|-boost|p1a: Iron Crown|spe|2\n|\n|-weather|Snowscape|[upkeep]\n|upkeep\n|turn|7\n|\n|t:|1771252871\n|move|p2a: Cinderace|Sucker Punch||[still]\n|-fail|p2a: Cinderace\n|move|p1a: Iron Crown|Agility|p1a: Iron Crown\n|-boost|p1a: Iron Crown|spe|2\n|\n|-weather|Snowscape|[upkeep]\n|upkeep\n|turn|8\n|\n|t:|1771252873\n|move|p2a: Cinderace|Sucker Punch||[still]\n|-fail|p2a: Cinderace\n|move|p1a: Iron Crown|Calm Mind|p1a: Iron Crown\n|-boost|p1a: Iron Crown|spa|1\n|-boost|p1a: Iron Crown|spd|1\n|\n|-weather|none\n|-fieldend|move: Electric Terrain\n|-end|p1a: Iron Crown|Quark Drive\n|upkeep\n|turn|9\n|\n|t:|1771252876\n|move|p2a: Cinderace|Sucker Punch||[still]\n|-fail|p2a: Cinderace\n|move|p1a: Iron Crown|Calm Mind|p1a: Iron Crown\n|-boost|p1a: Iron Crown|spa|1\n|-boost|p1a: Iron Crown|spd|1\n|\n|upkeep\n|turn|10\n|\n|t:|1771252879\n|move|p2a: Cinderace|Sucker Punch|p1a: Iron Crown\n|-supereffective|p1a: Iron Crown\n|-damage|p1a: Iron Crown|0 fnt\n|faint|p1a: Iron Crown\n|-end|p1a: Iron Crown|Quark Drive|[silent]\n|\n|upkeep\n|-message|zmdalan forfeited.\n|\n|win|n!ce ct\n|raw|zmdalan's rating: 1634 &rarr; <strong>1611</strong><br />(-23 for losing)\n|raw|n!ce ct's rating: 1581 &rarr; <strong>1604</strong><br />(+23 for winning)\n|l|☆zmdalan\n|player|p1|\n|l|☆n!ce ct\n|player|p2|\n", "uploadtime": 1771253125, "views": 4, "formatid": "gen9nationaldex", "rating": 1604, "private": 0, "password": null}