{"id": "gen9nationaldex-2540599293", "format": "[Gen 9] National Dex", "players": ["TNT800", "AyyOmega"], "log": "|j|☆TNT800\n|j|☆AyyOmega\n|t:|1771224695\n|gametype|singles\n|player|p1|TNT800|lass-gen4dp|1609\n|player|p2|AyyOmega|102|1657\n|gen|9\n|tier|[Gen 9] National Dex\n|rated|\n|rule|HP Percentage Mod: HP is shown in percentages\n|rule|Endless Battle Clause: Forcing endless battles is banned\n|rule|Species Clause: Limit one of each Pokémon\n|rule|OHKO Clause: OHKO moves are banned\n|rule|Evasion Clause: Evasion abilities, items, and moves are banned\n|rule|Evasion Abilities Clause: Evasion abilities are banned\n|rule|Evasion Items Clause: Evasion items are banned\n|rule|Evasion Moves Clause: Evasion moves are banned\n|rule|Sleep Clause Mod: Limit one foe put to sleep\n|rule|Terastal Clause: You cannot Terastallize\n|clearpoke\n|poke|p1|Jirachi|\n|poke|p1|Ninetales-Alola, F|\n|poke|p1|Suicune|\n|poke|p1|Great Tusk|\n|poke|p1|Tapu Lele|\n|poke|p1|Glimmora, F|\n|poke|p2|Tapu Koko|\n|poke|p2|Iron Valiant|\n|poke|p2|Tyranitar, F|\n|poke|p2|Zapdos|\n|poke|p2|Alomomola, M|\n|poke|p2|Garchomp, M|\n|teampreview\n|inactive|Battle timer is ON: inactive players will automatically lose when time's up. (requested by TNT800)\n|inactive|AyyOmega has 120 seconds left.\n|\n|t:|1771224730\n|teamsize|p1|6\n|teamsize|p2|6\n|start\n|switch|p1a: Glimmora|Glimmora, F|100/100\n|switch|p2a: Tyranitar|Tyranitar, F|100/100\n|-weather|Sandstorm|[from] ability: Sand Stream|[of] p2a: Tyranitar\n|turn|1\n|\n|t:|1771224738\n|detailschange|p2a: Tyranitar|Tyranitar-Mega, F\n|-mega|p2a: Tyranitar|Tyranitar|Tyranitarite\n|move|p1a: Glimmora|Stealth Rock|p2a: Tyranitar\n|-sidestart|p2: AyyOmega|move: Stealth Rock\n|move|p2a: Tyranitar|Knock Off|p1a: Glimmora\n|-damage|p1a: Glimmora|22/100\n|-activate|p1a: Glimmora|ability: Toxic Debris\n|-sidestart|p2: AyyOmega|move: Toxic Spikes\n|-enditem|p1a: Glimmora|Focus Sash|[from] move: Knock Off|[of] p2a: Tyranitar\n|\n|-weather|Sandstorm|[upkeep]\n|upkeep\n|turn|2\n|j| haxggyhuevo\n|\n|t:|1771224748\n|move|p1a: Glimmora|Earth Power|p2a: Tyranitar\n|-supereffective|p2a: Tyranitar\n|-damage|p2a: Tyranitar|65/100\n|move|p2a: Tyranitar|Knock Off|p1a: Glimmora\n|-damage|p1a: Glimmora|0 fnt\n|-activate|p1a: Glimmora|ability: Toxic Debris\n|-sidestart|p2: AyyOmega|move: Toxic Spikes\n|faint|p1a: Glimmora\n|\n|-weather|Sandstorm|[upkeep]\n|upkeep\n|\n|t:|1771224754\n|switch|p1a: 尾少|Ninetales-Alola, F|100/100\n|-weather|Snowscape|[from] ability: Snow Warning|[of] p1a: 尾少\n|turn|3\n|\n|t:|1771224757\n|move|p1a: 尾少|Aurora Veil|p1a: 尾少\n|-sidestart|p1: TNT800|move: Aurora Veil\n|move|p2a: Tyranitar|Stone Edge|p1a: 尾少\n|-supereffective|p1a: 尾少\n|-damage|p1a: 尾少|40/100\n|\n|-weather|Snowscape|[upkeep]\n|upkeep\n|turn|4\n|\n|t:|1771224762\n|move|p1a: 尾少|Encore|p2a: Tyranitar\n|-start|p2a: Tyranitar|Encore\n|move|p2a: Tyranitar|Stone Edge|p1a: 尾少\n|-supereffective|p1a: 尾少\n|-damage|p1a: 尾少|0 fnt\n|faint|p1a: 尾少\n|\n|-weather|Snowscape|[upkeep]\n|upkeep\n|\n|t:|1771224765\n|switch|p1a: Jirachi|Jirachi, shiny|100/100\n|turn|5\n|\n|t:|1771224771\n|switch|p2a: Zapdos|Zapdos|100/100\n|-zpower|p1a: Jirachi\n|move|p1a: Jirachi|Z-Happy Hour|p1a: Jirachi|[anim]Happy Hour\n|-boost|p1a: Jirachi|atk|1|[zeffect]\n|-boost|p1a: Jirachi|def|1|[zeffect]\n|-boost|p1a: Jirachi|spa|1|[zeffect]\n|-boost|p1a: Jirachi|spd|1|[zeffect]\n|-boost|p1a: Jirachi|spe|1|[zeffect]\n|\n|-weather|Snowscape|[upkeep]\n|upkeep\n|turn|6\n|\n|t:|1771224776\n|move|p1a: Jirachi|Cosmic Power|p1a: Jirachi\n|-boost|p1a: Jirachi|def|1\n|-boost|p1a: Jirachi|spd|1\n|move|p2a: Zapdos|Defog|p1a: Jirachi\n|-unboost|p1a: Jirachi|evasion|1\n|-sideend|p1: TNT800|move: Aurora Veil\n|-sideend|p2: AyyOmega|Toxic Spikes|[from] move: Defog|[of] p2a: Zapdos\n|-sideend|p2: AyyOmega|Stealth Rock|[from] move: Defog|[of] p2a: Zapdos\n|\n|-weather|Snowscape|[upkeep]\n|upkeep\n|turn|7\n|\n|t:|1771224784\n|move|p1a: Jirachi|Stored Power|p2a: Zapdos\n|-damage|p2a: Zapdos|7/100\n|move|p2a: Zapdos|Volt Switch|p1a: Jirachi\n|-damage|p1a: Jirachi|85/100\n|\n|t:|1771224786\n|switch|p2a: Garchomp|Garchomp, M|100/100|[from] Volt Switch\n|\n|-weather|none\n|upkeep\n|turn|8\n|\n|t:|1771224790\n|move|p1a: Jirachi|Stored Power|p2a: Garchomp\n|-crit|p2a: Garchomp\n|-damage|p2a: Garchomp|0 fnt\n|faint|p2a: Garchomp\n|\n|upkeep\n|\n|t:|1771224793\n|switch|p2a: Alomomola|Alomomola, M|100/100\n|turn|9\n|\n|t:|1771224796\n|move|p1a: Jirachi|Cosmic Power|p1a: Jirachi\n|-boost|p1a: Jirachi|def|1\n|-boost|p1a: Jirachi|spd|1\n|move|p2a: Alomomola|Mirror Coat||[still]\n|-fail|p2a: Alomomola\n|\n|upkeep\n|turn|10\n|\n|t:|1771224802\n|move|p1a: Jirachi|Cosmic Power|p1a: Jirachi\n|-boost|p1a: Jirachi|def|1\n|-boost|p1a: Jirachi|spd|1\n|move|p2a: Alomomola|Flip Turn|p1a: Jirachi\n|-damage|p1a: Jirachi|80/100\n|\n|t:|1771224804\n|switch|p2a: Tyranitar|Tyranitar-Mega, F|65/100|[from] Flip Turn\n|-weather|Sandstorm|[from] ability: Sand Stream|[of] p2a: Tyranitar\n|\n|-weather|Sandstorm|[upkeep]\n|upkeep\n|turn|11\n|\n|t:|1771224807\n|move|p1a: Jirachi|Iron Head|p2a: Tyranitar\n|-supereffective|p2a: Tyranitar\n|-damage|p2a: Tyranitar|8/100\n|move|p2a: Tyranitar|Knock Off|p1a: Jirachi\n|-supereffective|p1a: Jirachi\n|-damage|p1a: Jirachi|52/100\n|\n|-weather|Sandstorm|[upkeep]\n|upkeep\n|turn|12\n|\n|t:|1771224822\n|move|p1a: Jirachi|Iron Head|p2a: Tyranitar\n|-supereffective|p2a: Tyranitar\n|-damage|p2a: Tyranitar|0 fnt\n|faint|p2a: Tyranitar\n|detailschange|p2: Tyranitar|Tyranitar, F|[silent]\n|\n|-weather|Sandstorm|[upkeep]\n|upkeep\n|\n|t:|1771224826\n|switch|p2a: Tapu Koko|Tapu Koko|100/100\n|-fieldstart|move: Electric Terrain|[from] ability: Electric Surge|[of] p2a: Tapu Koko\n|turn|13\n|\n|t:|1771224829\n|move|p1a: Jirachi|Stored Power|p2a: Tapu Koko\n|-damage|p2a: Tapu Koko|0 fnt\n|faint|p2a: Tapu Koko\n|\n|-weather|Sandstorm|[upkeep]\n|upkeep\n|\n|t:|1771224832\n|switch|p2a: Iron Valiant|Iron Valiant|100/100\n|-activate|p2a: Iron Valiant|ability: Quark Drive\n|-start|p2a: Iron Valiant|quarkdrivespa\n|turn|14\n|\n|t:|1771224835\n|move|p2a: Iron Valiant|Vacuum Wave|p1a: Jirachi\n|-damage|p1a: Jirachi|36/100\n|move|p1a: Jirachi|Stored Power|p2a: Iron Valiant\n|-supereffective|p2a: Iron Valiant\n|-damage|p2a: Iron Valiant|0 fnt\n|faint|p2a: Iron Valiant\n|-end|p2a: Iron Valiant|Quark Drive|[silent]\n|\n|-weather|none\n|upkeep\n|-message|AyyOmega forfeited.\n|\n|win|TNT800\n|raw|TNT800's rating: 1609 &rarr; <strong>1632</strong><br />(+23 for winning)\n|raw|AyyOmega's rating: 1657 &rarr; <strong>1634</strong><br />(-23 for losing)\n|l|☆AyyOmega\n|player|p2|\n|l|☆TNT800\n|player|p1|\n|l| haxggyhuevo\n", "uploadtime": 1771225029, "views": 9, "formatid": "gen9nationaldex", "rating": 1632, "private": 0, "password": null}