{"id": "gen9nationaldex-2540486965", "format": "[Gen 9] National Dex", "players": ["Vixen 4 Life", "goychomp"], "log": "|j|☆Vixen 4 Life\n|j|☆goychomp\n|t:|1771208108\n|gametype|singles\n|player|p1|Vixen 4 Life|emma|1698\n|player|p2|goychomp|li|1747\n|gen|9\n|tier|[Gen 9] National Dex\n|rated|\n|rule|HP Percentage Mod: HP is shown in percentages\n|rule|Endless Battle Clause: Forcing endless battles is banned\n|rule|Species Clause: Limit one of each Pokémon\n|rule|OHKO Clause: OHKO moves are banned\n|rule|Evasion Clause: Evasion abilities, items, and moves are banned\n|rule|Evasion Abilities Clause: Evasion abilities are banned\n|rule|Evasion Items Clause: Evasion items are banned\n|rule|Evasion Moves Clause: Evasion moves are banned\n|rule|Sleep Clause Mod: Limit one foe put to sleep\n|rule|Terastal Clause: You cannot Terastallize\n|clearpoke\n|poke|p1|Goodra-Hisui, F|\n|poke|p1|Ceruledge, F|\n|poke|p1|Clodsire, M|\n|poke|p1|Cyclizar, M|\n|poke|p1|Weezing-Galar, M|\n|poke|p1|Umbreon, M|\n|poke|p2|Diancie|\n|poke|p2|Garchomp, M|\n|poke|p2|Dragonite, F|\n|poke|p2|Volcarona, M|\n|poke|p2|Terapagos, M|\n|poke|p2|Kingambit, M|\n|teampreview\n|\n|t:|1771208131\n|teamsize|p1|6\n|teamsize|p2|6\n|start\n|switch|p1a: Doug Dimmadome|Weezing-Galar, M|100/100\n|switch|p2a: Diancie|Diancie|100/100\n|turn|1\n|\n|t:|1771208137\n|detailschange|p2a: Diancie|Diancie-Mega\n|-mega|p2a: Diancie|Diancie|Diancite\n|move|p2a: Diancie|Substitute|p2a: Diancie\n|-start|p2a: Diancie|Substitute\n|-damage|p2a: Diancie|76/100\n|move|p1a: Doug Dimmadome|Sludge Bomb|p2a: Diancie\n|-end|p2a: Diancie|Substitute\n|\n|upkeep\n|turn|2\n|\n|t:|1771208141\n|move|p2a: Diancie|Stealth Rock|p1a: Doug Dimmadome\n|-sidestart|p1: Vixen 4 Life|move: Stealth Rock\n|move|p1a: Doug Dimmadome|Sludge Bomb|p2a: Diancie\n|-damage|p2a: Diancie|17/100\n|-status|p2a: Diancie|psn\n|\n|-damage|p2a: Diancie|5/100 psn|[from] psn\n|upkeep\n|turn|3\n|\n|t:|1771208144\n|switch|p1a: Gawain|Ceruledge, F|100/100\n|-damage|p1a: Gawain|76/100|[from] Stealth Rock\n|move|p2a: Diancie|Endeavor|p1a: Gawain\n|-immune|p1a: Gawain\n|\n|-damage|p2a: Diancie|0 fnt|[from] psn\n|faint|p2a: Diancie\n|detailschange|p2: Diancie|Diancie|[silent]\n|upkeep\n|\n|t:|1771208148\n|switch|p2a: Garchomp|Garchomp, M|100/100\n|turn|4\n|\n|t:|1771208154\n|switch|p1a: Doug Dimmadome|Weezing-Galar, M|100/100\n|-damage|p1a: Doug Dimmadome|88/100|[from] Stealth Rock\n|move|p2a: Garchomp|Swords Dance|p2a: Garchomp\n|-boost|p2a: Garchomp|atk|2\n|\n|upkeep\n|turn|5\n|\n|t:|1771208165\n|switch|p2a: Kingambit|Kingambit, M, shiny|100/100\n|-activate|p2a: Kingambit|ability: Supreme Overlord\n|-start|p2a: Kingambit|fallen1|[silent]\n|move|p1a: Doug Dimmadome|Strange Steam|p2a: Kingambit\n|-damage|p2a: Kingambit|31/100\n|-start|p2a: Kingambit|confusion\n|\n|upkeep\n|turn|6\n|\n|t:|1771208180\n|switch|p1a: Yoru|Umbreon, M, shiny|100/100\n|-damage|p1a: Yoru|88/100|[from] Stealth Rock\n|-activate|p2a: Kingambit|confusion\n|-damage|p2a: Kingambit|17/100|[from] confusion\n|\n|-heal|p1a: Yoru|94/100|[from] item: Leftovers\n|upkeep\n|turn|7\n|\n|t:|1771208185\n|-end|p2a: Kingambit|confusion\n|move|p2a: Kingambit|Swords Dance|p2a: Kingambit\n|-boost|p2a: Kingambit|atk|2\n|move|p1a: Yoru|Foul Play|p2a: Kingambit\n|-resisted|p2a: Kingambit\n|-damage|p2a: Kingambit|0 fnt\n|faint|p2a: Kingambit\n|-end|p2a: Kingambit|fallen1|[silent]\n|\n|-heal|p1a: Yoru|99/100|[from] item: Leftovers\n|upkeep\n|\n|t:|1771208189\n|switch|p2a: Volcarona|Volcarona, M|100/100\n|turn|8\n|\n|t:|1771208191\n|move|p2a: Volcarona|Substitute|p2a: Volcarona\n|-start|p2a: Volcarona|Substitute\n|-damage|p2a: Volcarona|76/100\n|move|p1a: Yoru|Toxic||[still]\n|-fail|p1a: Yoru\n|\n|-heal|p2a: Volcarona|82/100|[from] item: Leftovers\n|-heal|p1a: Yoru|100/100|[from] item: Leftovers\n|upkeep\n|turn|9\n|\n|t:|1771208194\n|move|p2a: Volcarona|Quiver Dance|p2a: Volcarona\n|-boost|p2a: Volcarona|spa|1\n|-boost|p2a: Volcarona|spd|1\n|-boost|p2a: Volcarona|spe|1\n|move|p1a: Yoru|Foul Play|p2a: Volcarona\n|-end|p2a: Volcarona|Substitute\n|\n|-heal|p2a: Volcarona|88/100|[from] item: Leftovers\n|upkeep\n|turn|10\n|\n|t:|1771208196\n|switch|p1a: Escargoon|Goodra-Hisui, F|100/100\n|-damage|p1a: Escargoon|94/100|[from] Stealth Rock\n|move|p2a: Volcarona|Bug Buzz|p1a: Escargoon\n|-resisted|p1a: Escargoon\n|-damage|p1a: Escargoon|81/100\n|\n|-heal|p2a: Volcarona|94/100|[from] item: Leftovers\n|upkeep\n|turn|11\n|\n|t:|1771208202\n|move|p2a: Volcarona|Quiver Dance|p2a: Volcarona\n|-boost|p2a: Volcarona|spa|1\n|-boost|p2a: Volcarona|spd|1\n|-boost|p2a: Volcarona|spe|1\n|move|p1a: Escargoon|Heavy Slam|p2a: Volcarona\n|-resisted|p2a: Volcarona\n|-damage|p2a: Volcarona|61/100\n|\n|-heal|p2a: Volcarona|67/100|[from] item: Leftovers\n|upkeep\n|turn|12\n|\n|t:|1771208209\n|move|p2a: Volcarona|Quiver Dance|p2a: Volcarona\n|-boost|p2a: Volcarona|spa|1\n|-boost|p2a: Volcarona|spd|1\n|-boost|p2a: Volcarona|spe|1\n|move|p1a: Escargoon|Dragon Tail|p2a: Volcarona\n|-damage|p2a: Volcarona|32/100\n|drag|p2a: Garchomp|Garchomp, M|100/100\n|\n|upkeep\n|turn|13\n|\n|t:|1771208218\n|switch|p1a: Doug Dimmadome|Weezing-Galar, M|88/100\n|-damage|p1a: Doug Dimmadome|76/100|[from] Stealth Rock\n|move|p2a: Garchomp|Earthquake|p1a: Doug Dimmadome\n|-immune|p1a: Doug Dimmadome|[from] ability: Levitate\n|\n|upkeep\n|turn|14\n|\n|t:|1771208228\n|switch|p2a: Volcarona|Volcarona, M|32/100\n|move|p1a: Doug Dimmadome|Strange Steam|p2a: Volcarona\n|-resisted|p2a: Volcarona\n|-damage|p2a: Volcarona|2/100\n|\n|-heal|p2a: Volcarona|8/100|[from] item: Leftovers\n|upkeep\n|turn|15\n|\n|t:|1771208234\n|switch|p1a: Wheelie|Cyclizar, M|100/100\n|-damage|p1a: Wheelie|88/100|[from] Stealth Rock\n|move|p2a: Volcarona|Flamethrower|p1a: Wheelie\n|-resisted|p1a: Wheelie\n|-crit|p1a: Wheelie\n|-damage|p1a: Wheelie|56/100\n|-status|p1a: Wheelie|brn\n|\n|-heal|p2a: Volcarona|14/100|[from] item: Leftovers\n|-damage|p1a: Wheelie|49/100 brn|[from] brn\n|upkeep\n|turn|16\n|\n|t:|1771208242\n|move|p1a: Wheelie|Rapid Spin|p2a: Volcarona\n|-crit|p2a: Volcarona\n|-damage|p2a: Volcarona|0 fnt\n|-boost|p1a: Wheelie|spe|1\n|-sideend|p1: Vixen 4 Life|Stealth Rock|[from] move: Rapid Spin|[of] p1a: Wheelie\n|faint|p2a: Volcarona\n|\n|-damage|p1a: Wheelie|43/100 brn|[from] brn\n|upkeep\n|\n|t:|1771208245\n|switch|p2a: Terapagos|Terapagos, M|100/100\n|-activate|p2a: Terapagos|ability: Tera Shift\n|detailschange|p2a: Terapagos|Terapagos-Terastal, M\n|-heal|p2a: Terapagos|100/100|[silent]\n|turn|17\n|\n|t:|1771208250\n|move|p1a: Wheelie|U-turn|p2a: Terapagos\n|-activate|p2a: Terapagos|ability: Tera Shell\n|-resisted|p2a: Terapagos\n|-damage|p2a: Terapagos|97/100\n|\n|t:|1771208251\n|switch|p1a: Escargoon|Goodra-Hisui, F|81/100|[from] U-turn\n|move|p2a: Terapagos|Tera Starstorm|p1a: Escargoon\n|-resisted|p1a: Escargoon\n|-damage|p1a: Escargoon|72/100\n|\n|upkeep\n|turn|18\n|\n|t:|1771208268\n|move|p2a: Terapagos|Calm Mind|p2a: Terapagos\n|-boost|p2a: Terapagos|spa|1\n|-boost|p2a: Terapagos|spd|1\n|move|p1a: Escargoon|Heavy Slam|p2a: Terapagos\n|-damage|p2a: Terapagos|62/100\n|\n|upkeep\n|turn|19\n|\n|t:|1771208271\n|move|p2a: Terapagos|Flamethrower|p1a: Escargoon\n|-damage|p1a: Escargoon|57/100\n|-status|p1a: Escargoon|brn\n|move|p1a: Escargoon|Heavy Slam|p2a: Terapagos\n|-damage|p2a: Terapagos|43/100\n|\n|-damage|p1a: Escargoon|51/100 brn|[from] brn\n|upkeep\n|turn|20\n|\n|t:|1771208276\n|switch|p1a: Gawain|Ceruledge, F|76/100\n|move|p2a: Terapagos|Flamethrower|p1a: Gawain\n|-start|p1a: Gawain|ability: Flash Fire\n|\n|upkeep\n|turn|21\n|\n|t:|1771208281\n|move|p2a: Terapagos|Tera Starstorm|p1a: Gawain\n|-immune|p1a: Gawain\n|move|p1a: Gawain|Bitter Blade|p2a: Terapagos\n|-damage|p2a: Terapagos|0 fnt\n|-heal|p1a: Gawain|99/100|[from] drain|[of] p2a: Terapagos\n|faint|p2a: Terapagos\n|\n|upkeep\n|\n|t:|1771208283\n|switch|p2a: Garchomp|Garchomp, M|100/100\n|turn|22\n|\n|t:|1771208289\n|-end|p1a: Gawain|ability: Flash Fire|[silent]\n|switch|p1a: Doug Dimmadome|Weezing-Galar, M|76/100\n|move|p2a: Garchomp|Fire Fang|p1a: Doug Dimmadome\n|-damage|p1a: Doug Dimmadome|54/100\n|\n|upkeep\n|turn|23\n|\n|t:|1771208295\n|move|p2a: Garchomp|Fire Fang|p1a: Doug Dimmadome\n|-crit|p1a: Doug Dimmadome\n|-damage|p1a: Doug Dimmadome|20/100\n|move|p1a: Doug Dimmadome|Strange Steam|p2a: Garchomp\n|-supereffective|p2a: Garchomp\n|-damage|p2a: Garchomp|0 fnt\n|faint|p2a: Garchomp\n|\n|upkeep\n|\n|t:|1771208300\n|switch|p2a: Dragonite|Dragonite, F|100/100\n|turn|24\n|\n|t:|1771208304\n|move|p2a: Dragonite|Dragon Dance|p2a: Dragonite\n|-boost|p2a: Dragonite|atk|1\n|-boost|p2a: Dragonite|spe|1\n|move|p1a: Doug Dimmadome|Strange Steam|p2a: Dragonite\n|-supereffective|p2a: Dragonite\n|-crit|p2a: Dragonite\n|-damage|p2a: Dragonite|4/100\n|\n|upkeep\n|turn|25\n|\n|t:|1771208307\n|switch|p1a: Goopy|Clodsire, M|100/100\n|move|p2a: Dragonite|Extreme Speed|p1a: Goopy\n|-damage|p1a: Goopy|71/100\n|-damage|p2a: Dragonite|0 fnt|[from] item: Rocky Helmet|[of] p1a: Goopy\n|faint|p2a: Dragonite\n|\n|win|Vixen 4 Life\n|raw|Vixen 4 Life's rating: 1698 &rarr; <strong>1721</strong><br />(+23 for winning)\n|raw|goychomp's rating: 1747 &rarr; <strong>1724</strong><br />(-23 for losing)\n|l|☆goychomp\n|player|p2|\n|l|☆Vixen 4 Life\n|player|p1|\n", "uploadtime": 1771208319, "views": 21, "formatid": "gen9nationaldex", "rating": 1721, "private": 0, "password": null}