{"id": "gen9nationaldex-2540309191", "format": "[Gen 9] National Dex", "players": ["whiteeey_11x", "Rhinohammer318"], "log": "|j|☆whiteeey_11x\n|j|☆Rhinohammer318\n|t:|1771187181\n|gametype|singles\n|player|p1|whiteeey_11x|byron|1576\n|player|p2|Rhinohammer318|harlequin|1569\n|gen|9\n|tier|[Gen 9] National Dex\n|rated|\n|rule|HP Percentage Mod: HP is shown in percentages\n|rule|Endless Battle Clause: Forcing endless battles is banned\n|rule|Species Clause: Limit one of each Pokémon\n|rule|OHKO Clause: OHKO moves are banned\n|rule|Evasion Clause: Evasion abilities, items, and moves are banned\n|rule|Evasion Abilities Clause: Evasion abilities are banned\n|rule|Evasion Items Clause: Evasion items are banned\n|rule|Evasion Moves Clause: Evasion moves are banned\n|rule|Sleep Clause Mod: Limit one foe put to sleep\n|rule|Terastal Clause: You cannot Terastallize\n|clearpoke\n|poke|p1|Indeedee, M|\n|poke|p1|Medicham, M|\n|poke|p1|Araquanid, F|\n|poke|p1|Kingambit, M|\n|poke|p1|Corviknight, M|\n|poke|p1|Sinistcha|\n|poke|p2|Goodra-Hisui, F|\n|poke|p2|Tapu Bulu|\n|poke|p2|Lokix, F|\n|poke|p2|Sandy Shocks|\n|poke|p2|Hawlucha, F|\n|poke|p2|Samurott-Hisui, F|\n|teampreview\n|inactive|Battle timer is ON: inactive players will automatically lose when time's up. (requested by whiteeey_11x)\n|\n|t:|1771187212\n|teamsize|p1|6\n|teamsize|p2|6\n|start\n|switch|p1a: Own Souul|Medicham, M|100/100\n|switch|p2a: Sandy Shocks|Sandy Shocks|100/100\n|turn|1\n|\n|t:|1771187218\n|detailschange|p1a: Own Souul|Medicham-Mega, M\n|-mega|p1a: Own Souul|Medicham|Medichamite\n|move|p1a: Own Souul|Fake Out|p2a: Sandy Shocks\n|-damage|p2a: Sandy Shocks|73/100\n|cant|p2a: Sandy Shocks|flinch\n|\n|upkeep\n|turn|2\n|\n|t:|1771187225\n|switch|p1a: Teaninaa|Sinistcha|100/100\n|move|p2a: Sandy Shocks|Volt Switch|p1a: Teaninaa\n|-resisted|p1a: Teaninaa\n|-damage|p1a: Teaninaa|84/100\n|\n|t:|1771187228\n|-end|p2a: Sandy Shocks|Protosynthesis|[silent]\n|switch|p2a: Samurott|Samurott-Hisui, F|100/100|[from] Volt Switch\n|\n|-heal|p1a: Teaninaa|90/100|[from] item: Leftovers\n|upkeep\n|turn|3\n|\n|t:|1771187250\n|switch|p1a: Karasuno|Corviknight, M|100/100\n|-ability|p1a: Karasuno|Pressure\n|move|p2a: Samurott|Ceaseless Edge|p1a: Karasuno|[miss]\n|-miss|p2a: Samurott|p1a: Karasuno\n|\n|upkeep\n|turn|4\n|\n|t:|1771187257\n|move|p2a: Samurott|Ceaseless Edge|p1a: Karasuno\n|-damage|p1a: Karasuno|73/100\n|-damage|p2a: Samurott|84/100|[from] item: Rocky Helmet|[of] p1a: Karasuno\n|-sidestart|p1: whiteeey_11x|Spikes\n|move|p1a: Karasuno|Body Press|p2a: Samurott\n|-supereffective|p2a: Samurott\n|-damage|p2a: Samurott|17/100\n|\n|upkeep\n|turn|5\n|\n|t:|1771187264\n|switch|p2a: Sandy Shocks|Sandy Shocks|73/100\n|move|p1a: Karasuno|U-turn|p2a: Sandy Shocks\n|-damage|p2a: Sandy Shocks|58/100\n|\n|t:|1771187286\n|switch|p1a: Indeedee|Indeedee, M|100/100|[from] U-turn\n|-damage|p1a: Indeedee|88/100|[from] Spikes\n|-fieldstart|move: Psychic Terrain|[from] ability: Psychic Surge|[of] p1a: Indeedee\n|\n|upkeep\n|turn|6\n|\n|t:|1771187298\n|-end|p2a: Sandy Shocks|Protosynthesis|[silent]\n|switch|p2a: Goodra|Goodra-Hisui, F|100/100\n|move|p1a: Indeedee|Expanding Force|p2a: Goodra\n|-resisted|p2a: Goodra\n|-damage|p2a: Goodra|84/100\n|\n|upkeep\n|turn|7\n|\n|t:|1771187311\n|switch|p1a: Karasuno|Corviknight, M|73/100\n|-ability|p1a: Karasuno|Pressure\n|move|p2a: Goodra|Dragon Tail|p1a: Karasuno\n|-resisted|p1a: Karasuno\n|-damage|p1a: Karasuno|66/100\n|-damage|p2a: Goodra|68/100|[from] item: Rocky Helmet|[of] p1a: Karasuno\n|drag|p1a: Teaninaa|Sinistcha|90/100\n|-damage|p1a: Teaninaa|78/100|[from] Spikes\n|\n|-heal|p1a: Teaninaa|84/100|[from] item: Leftovers\n|upkeep\n|turn|8\n|inactive|whiteeey_11x has 120 seconds left.\n|\n|t:|1771187334\n|switch|p1a: Karasuno|Corviknight, M|66/100\n|-ability|p1a: Karasuno|Pressure\n|move|p2a: Goodra|Ice Beam|p1a: Karasuno\n|-damage|p1a: Karasuno|36/100\n|\n|upkeep\n|turn|9\n|inactive|whiteeey_11x has 120 seconds left.\n|\n|t:|1771187341\n|move|p1a: Karasuno|Roost|p1a: Karasuno\n|-heal|p1a: Karasuno|87/100\n|-singleturn|p1a: Karasuno|move: Roost\n|move|p2a: Goodra|Thunderbolt|p1a: Karasuno\n|-damage|p1a: Karasuno|56/100\n|\n|-fieldend|move: Psychic Terrain\n|upkeep\n|turn|10\n|\n|t:|1771187349\n|move|p1a: Karasuno|Roost|p1a: Karasuno\n|-heal|p1a: Karasuno|100/100\n|-singleturn|p1a: Karasuno|move: Roost\n|move|p2a: Goodra|Ice Beam|p1a: Karasuno\n|-resisted|p1a: Karasuno\n|-damage|p1a: Karasuno|85/100\n|\n|upkeep\n|turn|11\n|\n|t:|1771187356\n|move|p1a: Karasuno|Body Press|p2a: Goodra\n|-supereffective|p2a: Goodra\n|-damage|p2a: Goodra|20/100\n|move|p2a: Goodra|Ice Beam|p1a: Karasuno\n|-damage|p1a: Karasuno|55/100\n|\n|upkeep\n|turn|12\n|\n|t:|1771187364\n|switch|p2a: Sandy Shocks|Sandy Shocks|58/100\n|move|p1a: Karasuno|Roost|p1a: Karasuno\n|-heal|p1a: Karasuno|100/100\n|-singleturn|p1a: Karasuno|move: Roost\n|\n|upkeep\n|turn|13\n|\n|t:|1771187371\n|switch|p1a: Teaninaa|Sinistcha|84/100\n|-damage|p1a: Teaninaa|72/100|[from] Spikes\n|move|p2a: Sandy Shocks|Volt Switch|p1a: Teaninaa\n|-resisted|p1a: Teaninaa\n|-damage|p1a: Teaninaa|54/100\n|\n|t:|1771187379\n|-end|p2a: Sandy Shocks|Protosynthesis|[silent]\n|switch|p2a: Lokix|Lokix, F|100/100|[from] Volt Switch\n|\n|-heal|p1a: Teaninaa|60/100|[from] item: Leftovers\n|upkeep\n|turn|14\n|\n|t:|1771187385\n|switch|p1a: Karasuno|Corviknight, M|100/100\n|-ability|p1a: Karasuno|Pressure\n|move|p2a: Lokix|Knock Off|p1a: Karasuno\n|-damage|p1a: Karasuno|74/100\n|-damage|p2a: Lokix|84/100|[from] item: Rocky Helmet|[of] p1a: Karasuno\n|-enditem|p1a: Karasuno|Rocky Helmet|[from] move: Knock Off|[of] p2a: Lokix\n|\n|upkeep\n|turn|15\n|\n|t:|1771187395\n|move|p2a: Lokix|U-turn|p1a: Karasuno\n|-resisted|p1a: Karasuno\n|-damage|p1a: Karasuno|63/100\n|\n|t:|1771187399\n|switch|p2a: Tapu Bulu|Tapu Bulu|100/100|[from] U-turn\n|-fieldstart|move: Grassy Terrain|[from] ability: Grassy Surge|[of] p2a: Tapu Bulu\n|move|p1a: Karasuno|U-turn|p2a: Tapu Bulu\n|-damage|p2a: Tapu Bulu|89/100\n|\n|t:|1771187409\n|switch|p1a: Indeedee|Indeedee, M|88/100|[from] U-turn\n|-damage|p1a: Indeedee|76/100|[from] Spikes\n|-fieldstart|move: Psychic Terrain|[from] ability: Psychic Surge|[of] p1a: Indeedee\n|\n|upkeep\n|turn|16\n|\n|t:|1771187420\n|switch|p2a: Goodra|Goodra-Hisui, F|20/100\n|move|p1a: Indeedee|Expanding Force|p2a: Goodra\n|-resisted|p2a: Goodra\n|-damage|p2a: Goodra|5/100\n|\n|upkeep\n|turn|17\n|\n|t:|1771187426\n|switch|p2a: Samurott|Samurott-Hisui, F|17/100\n|move|p1a: Indeedee|Expanding Force|p2a: Samurott\n|-immune|p2a: Samurott\n|\n|upkeep\n|turn|18\n|\n|t:|1771187432\n|switch|p1a: Karasuno|Corviknight, M|63/100\n|-ability|p1a: Karasuno|Pressure\n|move|p2a: Samurott|Ceaseless Edge|p1a: Karasuno\n|-damage|p1a: Karasuno|33/100\n|-sidestart|p1: whiteeey_11x|Spikes\n|\n|upkeep\n|turn|19\n|\n|t:|1771187441\n|move|p2a: Samurott|Ceaseless Edge|p1a: Karasuno|[miss]\n|-miss|p2a: Samurott|p1a: Karasuno\n|move|p1a: Karasuno|U-turn|p2a: Samurott\n|-supereffective|p2a: Samurott\n|-damage|p2a: Samurott|0 fnt\n|faint|p2a: Samurott\n|\n|t:|1771187467\n|switch|p1a: Own Souul|Medicham-Mega, M|100/100|[from] U-turn\n|-damage|p1a: Own Souul|84/100|[from] Spikes\n|\n|-fieldend|move: Psychic Terrain\n|upkeep\n|\n|t:|1771187476\n|switch|p2a: Lokix|Lokix, F|84/100\n|turn|20\n|\n|t:|1771187479\n|move|p1a: Own Souul|Fake Out|p2a: Lokix\n|-damage|p2a: Lokix|45/100\n|cant|p2a: Lokix|flinch\n|\n|upkeep\n|turn|21\n|\n|t:|1771187487\n|switch|p1a: Karasuno|Corviknight, M|33/100\n|-ability|p1a: Karasuno|Pressure\n|move|p2a: Lokix|Sucker Punch||[still]\n|-fail|p2a: Lokix\n|\n|upkeep\n|turn|22\n|\n|t:|1771187493\n|move|p2a: Lokix|Knock Off|p1a: Karasuno\n|-damage|p1a: Karasuno|14/100\n|move|p1a: Karasuno|Roost|p1a: Karasuno\n|-heal|p1a: Karasuno|64/100\n|-singleturn|p1a: Karasuno|move: Roost\n|\n|upkeep\n|turn|23\n|\n|t:|1771187499\n|move|p2a: Lokix|U-turn|p1a: Karasuno\n|-resisted|p1a: Karasuno\n|-damage|p1a: Karasuno|54/100\n|\n|t:|1771187503\n|switch|p2a: Sandy Shocks|Sandy Shocks|58/100|[from] U-turn\n|move|p1a: Karasuno|U-turn|p2a: Sandy Shocks\n|-damage|p2a: Sandy Shocks|42/100\n|\n|t:|1771187513\n|switch|p1a: Indeedee|Indeedee, M|76/100|[from] U-turn\n|-damage|p1a: Indeedee|60/100|[from] Spikes\n|-fieldstart|move: Psychic Terrain|[from] ability: Psychic Surge|[of] p1a: Indeedee\n|\n|upkeep\n|turn|24\n|\n|t:|1771187522\n|-end|p2a: Sandy Shocks|Protosynthesis|[silent]\n|switch|p2a: Lokix|Lokix, F|45/100\n|move|p1a: Indeedee|Expanding Force|p2a: Lokix\n|-immune|p2a: Lokix\n|\n|upkeep\n|turn|25\n|\n|t:|1771187528\n|switch|p1a: Karasuno|Corviknight, M|54/100\n|-ability|p1a: Karasuno|Pressure\n|move|p2a: Lokix|U-turn|p1a: Karasuno\n|-resisted|p1a: Karasuno\n|-damage|p1a: Karasuno|44/100\n|\n|t:|1771187531\n|switch|p2a: Sandy Shocks|Sandy Shocks|42/100|[from] U-turn\n|\n|upkeep\n|turn|26\n|\n|t:|1771187538\n|switch|p1a: Teaninaa|Sinistcha|60/100\n|-damage|p1a: Teaninaa|43/100|[from] Spikes\n|move|p2a: Sandy Shocks|Volt Switch|p1a: Teaninaa\n|-resisted|p1a: Teaninaa\n|-damage|p1a: Teaninaa|28/100\n|\n|t:|1771187544\n|-end|p2a: Sandy Shocks|Protosynthesis|[silent]\n|switch|p2a: Lokix|Lokix, F|45/100|[from] Volt Switch\n|\n|-heal|p1a: Teaninaa|35/100|[from] item: Leftovers\n|upkeep\n|turn|27\n|\n|t:|1771187566\n|move|p2a: Lokix|U-turn|p1a: Teaninaa\n|-crit|p1a: Teaninaa\n|-damage|p1a: Teaninaa|0 fnt\n|faint|p1a: Teaninaa\n|\n|t:|1771187571\n|switch|p2a: Sandy Shocks|Sandy Shocks|42/100|[from] U-turn\n|\n|-fieldend|move: Psychic Terrain\n|upkeep\n|inactive|whiteeey_11x has 120 seconds left.\n|\n|t:|1771187614\n|switch|p1a: Own Souul|Medicham-Mega, M|84/100\n|-damage|p1a: Own Souul|68/100|[from] Spikes\n|turn|28\n|\n|t:|1771187617\n|move|p1a: Own Souul|Fake Out|p2a: Sandy Shocks\n|-damage|p2a: Sandy Shocks|14/100\n|cant|p2a: Sandy Shocks|flinch\n|\n|upkeep\n|turn|29\n|\n|t:|1771187644\n|switch|p1a: Noaa|Kingambit, M|100/100\n|-damage|p1a: Noaa|84/100|[from] Spikes\n|-activate|p1a: Noaa|ability: Supreme Overlord\n|-start|p1a: Noaa|fallen1|[silent]\n|move|p2a: Sandy Shocks|Volt Switch|p1a: Noaa\n|-damage|p1a: Noaa|54/100\n|\n|t:|1771187652\n|-end|p2a: Sandy Shocks|Protosynthesis|[silent]\n|switch|p2a: Tapu Bulu|Tapu Bulu|89/100|[from] Volt Switch\n|-fieldstart|move: Grassy Terrain|[from] ability: Grassy Surge|[of] p2a: Tapu Bulu\n|\n|-heal|p2a: Tapu Bulu|95/100|[from] Grassy Terrain\n|-heal|p1a: Noaa|60/100|[from] Grassy Terrain\n|upkeep\n|turn|30\n|\n|t:|1771187666\n|-end|p1a: Noaa|fallen1|[silent]\n|switch|p1a: Gwenn|Araquanid, F|100/100\n|-damage|p1a: Gwenn|84/100|[from] Spikes\n|move|p2a: Tapu Bulu|High Horsepower|p1a: Gwenn\n|-resisted|p1a: Gwenn\n|-damage|p1a: Gwenn|69/100\n|\n|-heal|p2a: Tapu Bulu|100/100|[from] Grassy Terrain\n|-heal|p1a: Gwenn|75/100|[from] Grassy Terrain\n|upkeep\n|turn|31\n|\n|t:|1771187679\n|-zpower|p2a: Tapu Bulu\n|move|p2a: Tapu Bulu|Continental Crush|p1a: Gwenn|[zeffect]\n|-supereffective|p1a: Gwenn\n|-damage|p1a: Gwenn|0 fnt\n|faint|p1a: Gwenn\n|\n|upkeep\n|\n|t:|1771187694\n|switch|p1a: Indeedee|Indeedee, M|60/100\n|-damage|p1a: Indeedee|43/100|[from] Spikes\n|-fieldstart|move: Psychic Terrain|[from] ability: Psychic Surge|[of] p1a: Indeedee\n|turn|32\n|\n|t:|1771187699\n|switch|p2a: Goodra|Goodra-Hisui, F|5/100\n|move|p1a: Indeedee|Mystical Fire|p2a: Goodra\n|-damage|p2a: Goodra|0 fnt\n|faint|p2a: Goodra\n|\n|upkeep\n|\n|t:|1771187710\n|switch|p2a: Tapu Bulu|Tapu Bulu|100/100\n|-fieldstart|move: Grassy Terrain|[from] ability: Grassy Surge|[of] p2a: Tapu Bulu\n|turn|33\n|\n|t:|1771187716\n|switch|p1a: Karasuno|Corviknight, M|44/100\n|-ability|p1a: Karasuno|Pressure\n|switch|p2a: Hawlucha|Hawlucha, F|100/100\n|-enditem|p2a: Hawlucha|Grassy Seed\n|-boost|p2a: Hawlucha|def|1|[from] item: Grassy Seed\n|\n|upkeep\n|turn|34\n|\n|t:|1771187724\n|move|p2a: Hawlucha|Substitute|p2a: Hawlucha\n|-start|p2a: Hawlucha|Substitute\n|-damage|p2a: Hawlucha|75/100\n|move|p1a: Karasuno|Roost|p1a: Karasuno\n|-heal|p1a: Karasuno|94/100\n|-singleturn|p1a: Karasuno|move: Roost\n|\n|-heal|p1a: Karasuno|99/100|[from] Grassy Terrain\n|upkeep\n|turn|35\n|inactive|whiteeey_11x has 120 seconds left.\n|\n|t:|1771187741\n|move|p2a: Hawlucha|Swords Dance|p2a: Hawlucha\n|-boost|p2a: Hawlucha|atk|2\n|move|p1a: Karasuno|Iron Defense|p1a: Karasuno\n|-boost|p1a: Karasuno|def|2\n|\n|upkeep\n|turn|36\n|\n|t:|1771187748\n|move|p2a: Hawlucha|Swords Dance|p2a: Hawlucha\n|-boost|p2a: Hawlucha|atk|2\n|move|p1a: Karasuno|Iron Defense|p1a: Karasuno\n|-boost|p1a: Karasuno|def|2\n|\n|upkeep\n|turn|37\n|inactive|whiteeey_11x has 120 seconds left.\n|\n|t:|1771187753\n|move|p2a: Hawlucha|Swords Dance|p2a: Hawlucha\n|-boost|p2a: Hawlucha|atk|2\n|move|p1a: Karasuno|Iron Defense|p1a: Karasuno\n|-boost|p1a: Karasuno|def|2\n|\n|-fieldend|move: Grassy Terrain\n|upkeep\n|turn|38\n|\n|t:|1771187766\n|move|p2a: Hawlucha|Close Combat|p1a: Karasuno\n|-damage|p1a: Karasuno|65/100\n|-unboost|p2a: Hawlucha|def|1\n|-unboost|p2a: Hawlucha|spd|1\n|move|p1a: Karasuno|Body Press|p2a: Hawlucha\n|-resisted|p2a: Hawlucha\n|-end|p2a: Hawlucha|Substitute\n|\n|upkeep\n|turn|39\n|\n|t:|1771187775\n|move|p2a: Hawlucha|Close Combat|p1a: Karasuno\n|-damage|p1a: Karasuno|32/100\n|-unboost|p2a: Hawlucha|def|1\n|-unboost|p2a: Hawlucha|spd|1\n|move|p1a: Karasuno|Roost|p1a: Karasuno\n|-heal|p1a: Karasuno|82/100\n|-singleturn|p1a: Karasuno|move: Roost\n|\n|upkeep\n|turn|40\n|\n|t:|1771187783\n|move|p2a: Hawlucha|Close Combat|p1a: Karasuno\n|-damage|p1a: Karasuno|46/100\n|-unboost|p2a: Hawlucha|def|1\n|-unboost|p2a: Hawlucha|spd|1\n|move|p1a: Karasuno|Body Press|p2a: Hawlucha\n|-resisted|p2a: Hawlucha\n|-damage|p2a: Hawlucha|0 fnt\n|faint|p2a: Hawlucha\n|\n|upkeep\n|\n|t:|1771187790\n|switch|p2a: Sandy Shocks|Sandy Shocks|14/100\n|turn|41\n|\n|t:|1771187808\n|move|p2a: Sandy Shocks|Volt Switch|p1a: Karasuno\n|-supereffective|p1a: Karasuno\n|-damage|p1a: Karasuno|0 fnt\n|faint|p1a: Karasuno\n|\n|t:|1771187819\n|-end|p2a: Sandy Shocks|Protosynthesis|[silent]\n|switch|p2a: Lokix|Lokix, F|45/100|[from] Volt Switch\n|\n|upkeep\n|\n|t:|1771187828\n|switch|p1a: Indeedee|Indeedee, M|43/100\n|-damage|p1a: Indeedee|27/100|[from] Spikes\n|-fieldstart|move: Psychic Terrain|[from] ability: Psychic Surge|[of] p1a: Indeedee\n|turn|42\n|\n|t:|1771187841\n|switch|p2a: Tapu Bulu|Tapu Bulu|100/100\n|-fieldstart|move: Grassy Terrain|[from] ability: Grassy Surge|[of] p2a: Tapu Bulu\n|move|p1a: Indeedee|Mystical Fire|p2a: Tapu Bulu\n|-supereffective|p2a: Tapu Bulu\n|-damage|p2a: Tapu Bulu|53/100\n|-unboost|p2a: Tapu Bulu|spa|1\n|\n|-heal|p1a: Indeedee|33/100|[from] Grassy Terrain\n|-heal|p2a: Tapu Bulu|59/100|[from] Grassy Terrain\n|upkeep\n|turn|43\n|inactive|whiteeey_11x has 120 seconds left.\n|\n|t:|1771187874\n|switch|p1a: Noaa|Kingambit, M|60/100\n|-damage|p1a: Noaa|44/100|[from] Spikes\n|-activate|p1a: Noaa|ability: Supreme Overlord\n|-start|p1a: Noaa|fallen3|[silent]\n|move|p2a: Tapu Bulu|Horn Leech|p1a: Noaa\n|-resisted|p1a: Noaa\n|-damage|p1a: Noaa|26/100\n|-heal|p2a: Tapu Bulu|69/100|[from] drain|[of] p1a: Noaa\n|\n|-heal|p2a: Tapu Bulu|75/100|[from] Grassy Terrain\n|-heal|p1a: Noaa|32/100|[from] Grassy Terrain\n|upkeep\n|turn|44\n|inactive|whiteeey_11x has 120 seconds left.\n|\n|t:|1771187887\n|move|p1a: Noaa|Sucker Punch|p2a: Tapu Bulu\n|-resisted|p2a: Tapu Bulu\n|-damage|p2a: Tapu Bulu|48/100\n|move|p2a: Tapu Bulu|High Horsepower|p1a: Noaa\n|-supereffective|p1a: Noaa\n|-damage|p1a: Noaa|0 fnt\n|faint|p1a: Noaa\n|-end|p1a: Noaa|fallen3|[silent]\n|\n|-heal|p2a: Tapu Bulu|54/100|[from] Grassy Terrain\n|upkeep\n|inactive|whiteeey_11x has 120 seconds left.\n|\n|t:|1771187895\n|switch|p1a: Own Souul|Medicham-Mega, M|68/100\n|-damage|p1a: Own Souul|51/100|[from] Spikes\n|turn|45\n|\n|t:|1771187899\n|switch|p2a: Sandy Shocks|Sandy Shocks|14/100\n|move|p1a: Own Souul|Ice Punch|p2a: Sandy Shocks\n|-supereffective|p2a: Sandy Shocks\n|-damage|p2a: Sandy Shocks|0 fnt\n|faint|p2a: Sandy Shocks\n|-end|p2a: Sandy Shocks|Protosynthesis|[silent]\n|\n|-heal|p1a: Own Souul|57/100|[from] Grassy Terrain\n|upkeep\n|\n|t:|1771187910\n|switch|p2a: Lokix|Lokix, F|45/100\n|turn|46\n|\n|t:|1771187913\n|switch|p1a: Indeedee|Indeedee, M|33/100\n|-damage|p1a: Indeedee|16/100|[from] Spikes\n|-fieldstart|move: Psychic Terrain|[from] ability: Psychic Surge|[of] p1a: Indeedee\n|move|p2a: Lokix|U-turn|p1a: Indeedee\n|-supereffective|p1a: Indeedee\n|-damage|p1a: Indeedee|0 fnt\n|faint|p1a: Indeedee\n|\n|t:|1771187918\n|switch|p2a: Tapu Bulu|Tapu Bulu|54/100|[from] U-turn\n|-fieldstart|move: Grassy Terrain|[from] ability: Grassy Surge|[of] p2a: Tapu Bulu\n|\n|-heal|p2a: Tapu Bulu|60/100|[from] Grassy Terrain\n|upkeep\n|\n|t:|1771187926\n|switch|p1a: Own Souul|Medicham-Mega, M|57/100\n|-damage|p1a: Own Souul|41/100|[from] Spikes\n|turn|47\n|\n|t:|1771187930\n|move|p1a: Own Souul|Ice Punch|p2a: Tapu Bulu\n|-supereffective|p2a: Tapu Bulu\n|-damage|p2a: Tapu Bulu|0 fnt\n|faint|p2a: Tapu Bulu\n|\n|-heal|p1a: Own Souul|47/100|[from] Grassy Terrain\n|upkeep\n|\n|t:|1771187933\n|switch|p2a: Lokix|Lokix, F|45/100\n|turn|48\n|\n|t:|1771187938\n|move|p2a: Lokix|First Impression|p1a: Own Souul\n|-damage|p1a: Own Souul|0 fnt\n|faint|p1a: Own Souul\n|detailschange|p1: Own Souul|Medicham, M|[silent]\n|\n|win|Rhinohammer318\n|raw|whiteeey_11x's rating: 1576 &rarr; <strong>1556</strong><br />(-20 for losing)\n|raw|Rhinohammer318's rating: 1569 &rarr; <strong>1589</strong><br />(+20 for winning)\n|c|☆Rhinohammer318|wow\n|l|☆whiteeey_11x\n|player|p1|\n|c|☆Rhinohammer318|gg\n|c|☆Rhinohammer318|wp\n", "uploadtime": 1771187944, "views": 20, "formatid": "gen9nationaldex", "rating": 1556, "private": 0, "password": null}