{"id": "gen9nationaldex-2540781611", "format": "[Gen 9] National Dex", "players": ["sa290715", "e6e"], "log": "|j|☆sa290715\n|j|☆e6e\n|t:|1771253337\n|gametype|singles\n|player|p1|sa290715|elesa|1609\n|player|p2|e6e|mallow|1633\n|gen|9\n|tier|[Gen 9] National Dex\n|rated|\n|rule|HP Percentage Mod: HP is shown in percentages\n|rule|Endless Battle Clause: Forcing endless battles is banned\n|rule|Species Clause: Limit one of each Pokémon\n|rule|OHKO Clause: OHKO moves are banned\n|rule|Evasion Clause: Evasion abilities, items, and moves are banned\n|rule|Evasion Abilities Clause: Evasion abilities are banned\n|rule|Evasion Items Clause: Evasion items are banned\n|rule|Evasion Moves Clause: Evasion moves are banned\n|rule|Sleep Clause Mod: Limit one foe put to sleep\n|rule|Terastal Clause: You cannot Terastallize\n|clearpoke\n|poke|p1|Iron Boulder|\n|poke|p1|Great Tusk|\n|poke|p1|Charizard, M|\n|poke|p1|Terapagos, M|\n|poke|p1|Dragonite, F|\n|poke|p1|Gholdengo|\n|poke|p2|Mawile, M|\n|poke|p2|Indeedee, M|\n|poke|p2|Hatterene, F|\n|poke|p2|Iron Hands|\n|poke|p2|Hoopa-Unbound|\n|poke|p2|Mimikyu, F|\n|teampreview\n|inactive|Battle timer is ON: inactive players will automatically lose when time's up. (requested by sa290715)\n|\n|t:|1771253367\n|teamsize|p1|6\n|teamsize|p2|6\n|start\n|switch|p1a: Charizard|Charizard, M, shiny|100/100\n|switch|p2a: G.O.A.T|Iron Hands, shiny|100/100\n|turn|1\n|\n|t:|1771253374\n|switch|p1a: Great Tusk|Great Tusk|100/100\n|move|p2a: G.O.A.T|Supercell Slam|p1a: Great Tusk\n|-immune|p1a: Great Tusk\n|-damage|p2a: G.O.A.T|50/100|[from] supercellslam\n|\n|upkeep\n|turn|2\n|\n|t:|1771253383\n|-end|p2a: G.O.A.T|Quark Drive|[silent]\n|switch|p2a: Rize|Hatterene, F, shiny|100/100\n|move|p1a: Great Tusk|Headlong Rush|p2a: Rize\n|-damage|p2a: Rize|11/100\n|-unboost|p1a: Great Tusk|def|1\n|-unboost|p1a: Great Tusk|spd|1\n|-damage|p1a: Great Tusk|91/100|[from] item: Life Orb\n|\n|upkeep\n|turn|3\n|\n|t:|1771253392\n|move|p1a: Great Tusk|Rapid Spin|p2a: Rize\n|-crit|p2a: Rize\n|-damage|p2a: Rize|0 fnt\n|-boost|p1a: Great Tusk|spe|1\n|faint|p2a: Rize\n|-damage|p1a: Great Tusk|81/100|[from] item: Life Orb\n|\n|upkeep\n|\n|t:|1771253398\n|switch|p2a: Kaneki|Indeedee, M|100/100\n|-fieldstart|move: Psychic Terrain|[from] ability: Psychic Surge|[of] p2a: Kaneki\n|turn|4\n|\n|t:|1771253403\n|move|p1a: Great Tusk|Headlong Rush|p2a: Kaneki\n|-damage|p2a: Kaneki|6/100\n|-unboost|p1a: Great Tusk|def|1\n|-unboost|p1a: Great Tusk|spd|1\n|-damage|p1a: Great Tusk|71/100|[from] item: Life Orb\n|move|p2a: Kaneki|Trick Room|p2a: Kaneki\n|-fieldstart|move: Trick Room|[of] p2a: Kaneki\n|\n|upkeep\n|turn|5\n|\n|t:|1771253412\n|-end|p1a: Great Tusk|Protosynthesis|[silent]\n|switch|p1a: Gholdengo|Gholdengo|100/100\n|move|p2a: Kaneki|Expanding Force|p1a: Gholdengo\n|-resisted|p1a: Gholdengo\n|-damage|p1a: Gholdengo|68/100\n|\n|upkeep\n|turn|6\n|\n|t:|1771253421\n|move|p2a: Kaneki|Healing Wish|p2a: Kaneki\n|faint|p2a: Kaneki\n|move|p1a: Gholdengo|Trick|p2: Kaneki|[notarget]\n|-fail|p1a: Gholdengo\n|\n|upkeep\n|\n|t:|1771253423\n|switch|p2a: Netanyahu|Hoopa-Unbound|100/100\n|-enditem|p2a: Netanyahu|Psychic Seed\n|-boost|p2a: Netanyahu|spd|1|[from] item: Psychic Seed\n|turn|7\n|\n|t:|1771253430\n|move|p2a: Netanyahu|Hyperspace Fury|p1a: Gholdengo\n|-supereffective|p1a: Gholdengo\n|-damage|p1a: Gholdengo|0 fnt\n|-unboost|p2a: Netanyahu|def|1\n|faint|p1a: Gholdengo\n|-item|p2a: Netanyahu|Choice Scarf|[from] ability: Magician|[of] p1: Gholdengo\n|\n|upkeep\n|\n|t:|1771253448\n|switch|p1a: Great Tusk|Great Tusk|71/100\n|turn|8\n|\n|t:|1771253453\n|move|p2a: Netanyahu|Expanding Force|p1a: Great Tusk\n|-supereffective|p1a: Great Tusk\n|-damage|p1a: Great Tusk|0 fnt\n|faint|p1a: Great Tusk\n|-end|p1a: Great Tusk|Protosynthesis|[silent]\n|\n|-fieldend|move: Trick Room\n|upkeep\n|\n|t:|1771253459\n|switch|p1a: Iron Boulder|Iron Boulder|100/100\n|-enditem|p1a: Iron Boulder|Booster Energy\n|-activate|p1a: Iron Boulder|ability: Quark Drive|[fromitem]\n|-start|p1a: Iron Boulder|quarkdrivespe\n|turn|9\n|\n|t:|1771253467\n|switch|p2a: Mimi|Mimikyu, F, shiny|100/100\n|move|p1a: Iron Boulder|Mighty Cleave|p2a: Mimi\n|-activate|p2a: Mimi|ability: Disguise\n|-damage|p2a: Mimi|100/100\n|detailschange|p2a: Mimi|Mimikyu-Busted, F, shiny\n|-damage|p2a: Mimi|88/100|[from] pokemon: Mimikyu-Busted\n|-enditem|p2a: Mimi|Red Card|[of] p1a: Iron Boulder\n|-end|p1a: Iron Boulder|Quark Drive|[silent]\n|drag|p1a: Dragonite|Dragonite, F|100/100\n|\n|upkeep\n|turn|10\n|\n|t:|1771253481\n|move|p1a: Dragonite|Dragon Dance|p1a: Dragonite\n|-boost|p1a: Dragonite|atk|1\n|-boost|p1a: Dragonite|spe|1\n|move|p2a: Mimi|Trick Room|p2a: Mimi\n|-fieldstart|move: Trick Room|[of] p2a: Mimi\n|\n|upkeep\n|turn|11\n|\n|t:|1771253492\n|switch|p2a: Netanyahu|Hoopa-Unbound|100/100\n|move|p1a: Dragonite|Earthquake|p2a: Netanyahu\n|-damage|p2a: Netanyahu|40/100\n|\n|-fieldend|move: Psychic Terrain\n|upkeep\n|turn|12\n|\n|t:|1771253502\n|move|p2a: Netanyahu|Expanding Force|p1a: Dragonite\n|-damage|p1a: Dragonite|75/100\n|move|p1a: Dragonite|Substitute|p1a: Dragonite\n|-start|p1a: Dragonite|Substitute\n|-damage|p1a: Dragonite|51/100\n|\n|upkeep\n|turn|13\n|\n|t:|1771253509\n|move|p2a: Netanyahu|Expanding Force|p1a: Dragonite\n|-end|p1a: Dragonite|Substitute\n|move|p1a: Dragonite|Substitute|p1a: Dragonite\n|-start|p1a: Dragonite|Substitute\n|-damage|p1a: Dragonite|26/100\n|\n|upkeep\n|turn|14\n|\n|t:|1771253515\n|move|p2a: Netanyahu|Expanding Force|p1a: Dragonite\n|-end|p1a: Dragonite|Substitute\n|move|p1a: Dragonite|Substitute|p1a: Dragonite\n|-start|p1a: Dragonite|Substitute\n|-damage|p1a: Dragonite|1/100\n|\n|-fieldend|move: Trick Room\n|upkeep\n|turn|15\n|\n|t:|1771253523\n|move|p1a: Dragonite|Earthquake|p2a: Netanyahu\n|-damage|p2a: Netanyahu|0 fnt\n|faint|p2a: Netanyahu\n|\n|upkeep\n|\n|t:|1771253528\n|switch|p2a: Mimi|Mimikyu-Busted, F, shiny|88/100\n|-heal|p2a: Mimi|100/100|[from] move: Healing Wish\n|turn|16\n|\n|t:|1771253538\n|move|p1a: Dragonite|Earthquake|p2a: Mimi\n|-damage|p2a: Mimi|54/100\n|move|p2a: Mimi|Destiny Bond|p2a: Mimi\n|-singlemove|p2a: Mimi|Destiny Bond\n|\n|upkeep\n|turn|17\n|\n|t:|1771253546\n|move|p1a: Dragonite|Dragon Dance|p1a: Dragonite\n|-boost|p1a: Dragonite|atk|1\n|-boost|p1a: Dragonite|spe|1\n|move|p2a: Mimi|Trick Room|p2a: Mimi\n|-fieldstart|move: Trick Room|[of] p2a: Mimi\n|\n|upkeep\n|turn|18\n|\n|t:|1771253552\n|move|p2a: Mimi|Curse|p1a: Dragonite\n|-start|p1a: Dragonite|Curse|[of] p2a: Mimi\n|-damage|p2a: Mimi|4/100\n|move|p1a: Dragonite|Earthquake|p2a: Mimi\n|-damage|p2a: Mimi|0 fnt\n|faint|p2a: Mimi\n|\n|-damage|p1a: Dragonite|0 fnt|[from] Curse\n|faint|p1a: Dragonite\n|upkeep\n|\n|t:|1771253566\n|switch|p2a: Maiden Knight|Mawile, M, shiny|100/100\n|switch|p1a: Terapagos|Terapagos, M|100/100\n|-activate|p1a: Terapagos|ability: Tera Shift\n|detailschange|p1a: Terapagos|Terapagos-Terastal, M\n|-heal|p1a: Terapagos|100/100|[silent]\n|-ability|p2a: Maiden Knight|Intimidate|boost\n|-unboost|p1a: Terapagos|atk|1\n|turn|19\n|\n|t:|1771253578\n|detailschange|p2a: Maiden Knight|Mawile-Mega, M, shiny\n|-mega|p2a: Maiden Knight|Mawile|Mawilite\n|move|p2a: Maiden Knight|Iron Head|p1a: Terapagos\n|-activate|p1a: Terapagos|ability: Tera Shell\n|-resisted|p1a: Terapagos\n|-damage|p1a: Terapagos|63/100\n|cant|p1a: Terapagos|flinch\n|\n|upkeep\n|turn|20\n|\n|t:|1771253588\n|move|p2a: Maiden Knight|Play Rough|p1a: Terapagos\n|-damage|p1a: Terapagos|0 fnt\n|faint|p1a: Terapagos\n|\n|upkeep\n|\n|t:|1771253594\n|switch|p1a: Charizard|Charizard, M, shiny|100/100\n|turn|21\n|\n|t:|1771253598\n|detailschange|p1a: Charizard|Charizard-Mega-Y, M, shiny\n|-mega|p1a: Charizard|Charizard|Charizardite Y\n|-weather|SunnyDay|[from] ability: Drought|[of] p1a: Charizard\n|move|p2a: Maiden Knight|Play Rough|p1a: Charizard\n|-resisted|p1a: Charizard\n|-damage|p1a: Charizard|33/100\n|move|p1a: Charizard|Weather Ball|p2a: Maiden Knight\n|-supereffective|p2a: Maiden Knight\n|-damage|p2a: Maiden Knight|0 fnt\n|faint|p2a: Maiden Knight\n|detailschange|p2: Maiden Knight|Mawile, M, shiny|[silent]\n|\n|-weather|SunnyDay|[upkeep]\n|-fieldend|move: Trick Room\n|upkeep\n|-message|e6e forfeited.\n|\n|win|sa290715\n|raw|sa290715's rating: 1609 &rarr; <strong>1630</strong><br />(+21 for winning)\n|raw|e6e's rating: 1633 &rarr; <strong>1612</strong><br />(-21 for losing)\n|l|☆e6e\n|player|p2|\n|l|☆sa290715\n|player|p1|\n", "uploadtime": 1771253811, "views": 5, "formatid": "gen9nationaldex", "rating": 1612, "private": 0, "password": null}