{"id": "gen9nationaldex-2540490289", "format": "[Gen 9] National Dex", "players": ["susbra", "YonexMiku"], "log": "|j|☆susbra\n|j|☆YonexMiku\n|t:|1771208524\n|gametype|singles\n|player|p1|susbra|2|1559\n|player|p2|YonexMiku|miku-ground|1555\n|gen|9\n|tier|[Gen 9] National Dex\n|rated|\n|rule|HP Percentage Mod: HP is shown in percentages\n|rule|Endless Battle Clause: Forcing endless battles is banned\n|rule|Species Clause: Limit one of each Pokémon\n|rule|OHKO Clause: OHKO moves are banned\n|rule|Evasion Clause: Evasion abilities, items, and moves are banned\n|rule|Evasion Abilities Clause: Evasion abilities are banned\n|rule|Evasion Items Clause: Evasion items are banned\n|rule|Evasion Moves Clause: Evasion moves are banned\n|rule|Sleep Clause Mod: Limit one foe put to sleep\n|rule|Terastal Clause: You cannot Terastallize\n|clearpoke\n|poke|p1|Glimmora, F|\n|poke|p1|Garchomp, F|\n|poke|p1|Diancie|\n|poke|p1|Latios, M|\n|poke|p1|Tyranitar, M|\n|poke|p1|Terapagos, M|\n|poke|p2|Alomomola, F|\n|poke|p2|Slowking-Galar, M|\n|poke|p2|Muk-Alola, F|\n|poke|p2|Ting-Lu|\n|poke|p2|Aggron, M|\n|poke|p2|Weezing-Galar, F|\n|teampreview\n|\n|t:|1771208540\n|teamsize|p1|6\n|teamsize|p2|6\n|start\n|switch|p1a: Garchomp|Garchomp, F|100/100\n|switch|p2a: Alomomola|Alomomola, F|100/100\n|turn|1\n|\n|t:|1771208549\n|switch|p1a: Glimmora|Glimmora, F|100/100\n|move|p2a: Alomomola|Toxic|p1a: Glimmora\n|-immune|p1a: Glimmora\n|\n|upkeep\n|turn|2\n|\n|t:|1771208556\n|move|p1a: Glimmora|Energy Ball|p2a: Alomomola\n|-supereffective|p2a: Alomomola\n|-damage|p2a: Alomomola|14/100\n|move|p2a: Alomomola|Flip Turn|p1a: Glimmora\n|-supereffective|p1a: Glimmora\n|-damage|p1a: Glimmora|61/100\n|-activate|p1a: Glimmora|ability: Toxic Debris\n|-sidestart|p2: YonexMiku|move: Toxic Spikes\n|\n|t:|1771208569\n|switch|p2a: Muk|Muk-Alola, F|100/100|[from] Flip Turn\n|-sideend|p2: YonexMiku|move: Toxic Spikes|[of] p2a: Muk\n|\n|upkeep\n|turn|3\n|\n|t:|1771208574\n|switch|p1a: Tyranitar|Tyranitar, M|100/100\n|-weather|Sandstorm|[from] ability: Sand Stream|[of] p1a: Tyranitar\n|move|p2a: Muk|Knock Off|p1a: Tyranitar\n|-resisted|p1a: Tyranitar\n|-damage|p1a: Tyranitar|80/100\n|-enditem|p1a: Tyranitar|Choice Band|[from] move: Knock Off|[of] p2a: Muk\n|\n|-weather|Sandstorm|[upkeep]\n|-damage|p2a: Muk|94/100|[from] Sandstorm\n|upkeep\n|turn|4\n|\n|t:|1771208589\n|move|p1a: Tyranitar|Knock Off|p2a: Muk\n|-resisted|p2a: Muk\n|-damage|p2a: Muk|64/100\n|-enditem|p2a: Muk|Assault Vest|[from] move: Knock Off|[of] p1a: Tyranitar\n|move|p2a: Muk|Drain Punch|p1a: Tyranitar\n|-supereffective|p1a: Tyranitar\n|-damage|p1a: Tyranitar|0 fnt\n|-heal|p2a: Muk|97/100|[from] drain|[of] p1a: Tyranitar\n|faint|p1a: Tyranitar\n|\n|-weather|Sandstorm|[upkeep]\n|-damage|p2a: Muk|91/100|[from] Sandstorm\n|upkeep\n|\n|t:|1771208614\n|switch|p1a: Garchomp|Garchomp, F|100/100\n|turn|5\n|\n|t:|1771208630\n|switch|p2a: Alomomola|Alomomola, F|47/100\n|move|p1a: Garchomp|Swords Dance|p1a: Garchomp\n|-boost|p1a: Garchomp|atk|2\n|\n|-weather|Sandstorm|[upkeep]\n|-damage|p2a: Alomomola|41/100|[from] Sandstorm\n|-heal|p2a: Alomomola|47/100|[from] item: Leftovers\n|upkeep\n|turn|6\n|\n|t:|1771208639\n|switch|p2a: Weezing|Weezing-Galar, F|100/100\n|move|p1a: Garchomp|Scale Shot|p2a: Weezing\n|-immune|p2a: Weezing\n|\n|-weather|Sandstorm|[upkeep]\n|-damage|p2a: Weezing|95/100|[from] Sandstorm\n|-heal|p2a: Weezing|100/100|[from] item: Black Sludge\n|upkeep\n|turn|7\n|\n|t:|1771208656\n|switch|p1a: Glimmora|Glimmora, F|61/100\n|move|p2a: Weezing|Will-O-Wisp|p1a: Glimmora\n|-status|p1a: Glimmora|brn\n|\n|-weather|none\n|-damage|p1a: Glimmora|55/100 brn|[from] brn\n|upkeep\n|turn|8\n|\n|t:|1771208661\n|switch|p2a: Muk|Muk-Alola, F|91/100\n|move|p1a: Glimmora|Sludge Wave|p2a: Muk\n|-resisted|p2a: Muk\n|-damage|p2a: Muk|70/100\n|\n|-damage|p1a: Glimmora|49/100 brn|[from] brn\n|upkeep\n|turn|9\n|\n|t:|1771208666\n|switch|p1a: Garchomp|Garchomp, F|100/100\n|move|p2a: Muk|Knock Off|p1a: Garchomp\n|-damage|p1a: Garchomp|51/100\n|-damage|p2a: Muk|58/100|[from] ability: Rough Skin|[of] p1a: Garchomp\n|-enditem|p1a: Garchomp|Loaded Dice|[from] move: Knock Off|[of] p2a: Muk\n|\n|upkeep\n|turn|10\n|\n|t:|1771208674\n|switch|p2a: Weezing|Weezing-Galar, F|100/100\n|move|p1a: Garchomp|Swords Dance|p1a: Garchomp\n|-boost|p1a: Garchomp|atk|2\n|\n|upkeep\n|turn|11\n|\n|t:|1771208680\n|switch|p1a: Glimmora|Glimmora, F|49/100 brn\n|move|p2a: Weezing|Strange Steam|p1a: Glimmora\n|-resisted|p1a: Glimmora\n|-damage|p1a: Glimmora|31/100 brn\n|\n|-damage|p1a: Glimmora|25/100 brn|[from] brn\n|upkeep\n|turn|12\n|\n|t:|1771208686\n|switch|p2a: Muk|Muk-Alola, F|58/100\n|move|p1a: Glimmora|Earth Power|p2a: Muk\n|-supereffective|p2a: Muk\n|-damage|p2a: Muk|3/100\n|\n|-damage|p1a: Glimmora|18/100 brn|[from] brn\n|upkeep\n|turn|13\n|\n|t:|1771208694\n|switch|p2a: Weezing|Weezing-Galar, F|100/100\n|move|p1a: Glimmora|Earth Power|p2a: Weezing\n|-immune|p2a: Weezing|[from] ability: Levitate\n|\n|-damage|p1a: Glimmora|12/100 brn|[from] brn\n|upkeep\n|turn|14\n|\n|t:|1771208703\n|move|p1a: Glimmora|Earth Power|p2a: Weezing\n|-immune|p2a: Weezing|[from] ability: Levitate\n|move|p2a: Weezing|Flamethrower|p1a: Glimmora\n|-resisted|p1a: Glimmora\n|-damage|p1a: Glimmora|0 fnt\n|faint|p1a: Glimmora\n|\n|upkeep\n|\n|t:|1771208705\n|switch|p1a: Diancie|Diancie|100/100\n|turn|15\n|\n|t:|1771208714\n|switch|p2a: Aggron|Aggron, M|100/100\n|detailschange|p1a: Diancie|Diancie-Mega\n|-mega|p1a: Diancie|Diancie|Diancite\n|move|p1a: Diancie|Diamond Storm|p2a: Aggron\n|-resisted|p2a: Aggron\n|-damage|p2a: Aggron|88/100\n|-boost|p1a: Diancie|def|2\n|\n|upkeep\n|turn|16\n|\n|t:|1771208724\n|detailschange|p2a: Aggron|Aggron-Mega, M\n|-mega|p2a: Aggron|Aggron|Aggronite\n|move|p1a: Diancie|Earth Power|p2a: Aggron\n|-supereffective|p2a: Aggron\n|-damage|p2a: Aggron|21/100\n|move|p2a: Aggron|Metal Burst|p1a: Diancie\n|-damage|p1a: Diancie|0 fnt\n|faint|p1a: Diancie\n|detailschange|p1: Diancie|Diancie|[silent]\n|\n|upkeep\n|\n|t:|1771208729\n|switch|p1a: Terapagos|Terapagos, M|100/100\n|-activate|p1a: Terapagos|ability: Tera Shift\n|detailschange|p1a: Terapagos|Terapagos-Terastal, M\n|-heal|p1a: Terapagos|100/100|[silent]\n|turn|17\n|inactive|Battle timer is ON: inactive players will automatically lose when time's up. (requested by susbra)\n|\n|t:|1771208746\n|switch|p2a: Ting-Lu|Ting-Lu|100/100\n|-ability|p2a: Ting-Lu|Vessel of Ruin\n|move|p1a: Terapagos|Flamethrower|p2a: Ting-Lu\n|-damage|p2a: Ting-Lu|91/100\n|\n|upkeep\n|turn|18\n|\n|t:|1771208768\n|move|p1a: Terapagos|Ice Beam|p2a: Ting-Lu\n|-supereffective|p2a: Ting-Lu\n|-damage|p2a: Ting-Lu|73/100\n|move|p2a: Ting-Lu|Ruination|p1a: Terapagos|[miss]\n|-miss|p2a: Ting-Lu|p1a: Terapagos\n|\n|upkeep\n|turn|19\n|\n|t:|1771208773\n|move|p1a: Terapagos|Ice Beam|p2a: Ting-Lu\n|-supereffective|p2a: Ting-Lu\n|-damage|p2a: Ting-Lu|54/100\n|move|p2a: Ting-Lu|Ruination|p1a: Terapagos\n|-damage|p1a: Terapagos|51/100\n|\n|upkeep\n|turn|20\n|\n|t:|1771208782\n|move|p1a: Terapagos|Ice Beam|p2a: Ting-Lu\n|-supereffective|p2a: Ting-Lu\n|-damage|p2a: Ting-Lu|34/100\n|move|p2a: Ting-Lu|Stone Edge|p1a: Terapagos|[miss]\n|-miss|p2a: Ting-Lu|p1a: Terapagos\n|\n|upkeep\n|turn|21\n|\n|t:|1771208794\n|switch|p2a: Alomomola|Alomomola, F|81/100\n|move|p1a: Terapagos|Ice Beam|p2a: Alomomola\n|-resisted|p2a: Alomomola\n|-damage|p2a: Alomomola|66/100\n|\n|-heal|p2a: Alomomola|72/100|[from] item: Leftovers\n|upkeep\n|turn|22\n|\n|t:|1771208817\n|move|p1a: Terapagos|Tera Starstorm|p2a: Alomomola\n|-damage|p2a: Alomomola|6/100\n|move|p2a: Alomomola|Wish|p2a: Alomomola\n|\n|-heal|p2a: Alomomola|12/100|[from] item: Leftovers\n|upkeep\n|turn|23\n|\n|t:|1771208825\n|switch|p2a: Aggron|Aggron-Mega, M|21/100\n|move|p1a: Terapagos|Rapid Spin|p2a: Aggron\n|-resisted|p2a: Aggron\n|-damage|p2a: Aggron|19/100\n|-boost|p1a: Terapagos|spe|1\n|\n|-heal|p2a: Aggron|97/100|[from] move: Wish|[wisher] Alomomola\n|upkeep\n|turn|24\n|\n|t:|1771208832\n|move|p1a: Terapagos|Flamethrower|p2a: Aggron\n|-supereffective|p2a: Aggron\n|-damage|p2a: Aggron|46/100\n|move|p2a: Aggron|Body Press|p1a: Terapagos\n|-supereffective|p1a: Terapagos\n|-damage|p1a: Terapagos|0 fnt\n|faint|p1a: Terapagos\n|\n|upkeep\n|\n|t:|1771208841\n|switch|p1a: Garchomp|Garchomp, F|51/100\n|turn|25\n|\n|t:|1771208852\n|switch|p2a: Weezing|Weezing-Galar, F|100/100\n|move|p1a: Garchomp|Earthquake|p2a: Weezing\n|-immune|p2a: Weezing|[from] ability: Levitate\n|\n|upkeep\n|turn|26\n|\n|t:|1771208860\n|switch|p1a: Latios|Latios, M|100/100\n|move|p2a: Weezing|Strange Steam|p1a: Latios\n|-supereffective|p1a: Latios\n|-damage|p1a: Latios|47/100\n|\n|upkeep\n|turn|27\n|\n|t:|1771208868\n|switch|p2a: Muk|Muk-Alola, F|3/100\n|move|p1a: Latios|Surf|p2a: Muk\n|-damage|p2a: Muk|0 fnt\n|faint|p2a: Muk\n|\n|upkeep\n|\n|t:|1771208874\n|switch|p2a: Slowking|Slowking-Galar, M|100/100\n|turn|28\n|\n|t:|1771208880\n|switch|p1a: Garchomp|Garchomp, F|51/100\n|move|p2a: Slowking|Ice Beam|p1a: Garchomp\n|-supereffective|p1a: Garchomp\n|-damage|p1a: Garchomp|0 fnt\n|faint|p1a: Garchomp\n|\n|upkeep\n|\n|t:|1771208883\n|switch|p1a: Latios|Latios, M|47/100\n|turn|29\n|\n|t:|1771208890\n|move|p1a: Latios|Draco Meteor|p2a: Slowking\n|-damage|p2a: Slowking|66/100\n|-unboost|p1a: Latios|spa|2\n|move|p2a: Slowking|Ice Beam|p1a: Latios\n|-supereffective|p1a: Latios\n|-damage|p1a: Latios|0 fnt\n|faint|p1a: Latios\n|\n|win|YonexMiku\n|raw|susbra's rating: 1537 &rarr; <strong>1518</strong><br />(-19 for losing)\n|raw|YonexMiku's rating: 1555 &rarr; <strong>1574</strong><br />(+19 for winning)\n|l|☆susbra\n|player|p1|\n|l|☆YonexMiku\n|player|p2|\n", "uploadtime": 1771209021, "views": 7, "formatid": "gen9nationaldex", "rating": 1518, "private": 0, "password": null}