{"id": "gen9nationaldex-2540874149", "format": "[Gen 9] National Dex", "players": ["Yaoshi", "ndx_alt17"], "log": "|j|☆Yaoshi\n|j|☆ndx_alt17\n|t:|1771262805\n|gametype|singles\n|player|p1|Yaoshi|silver-masters|1640\n|player|p2|ndx_alt17|nate|1698\n|gen|9\n|tier|[Gen 9] National Dex\n|rated|\n|rule|HP Percentage Mod: HP is shown in percentages\n|rule|Endless Battle Clause: Forcing endless battles is banned\n|rule|Species Clause: Limit one of each Pokémon\n|rule|OHKO Clause: OHKO moves are banned\n|rule|Evasion Clause: Evasion abilities, items, and moves are banned\n|rule|Evasion Abilities Clause: Evasion abilities are banned\n|rule|Evasion Items Clause: Evasion items are banned\n|rule|Evasion Moves Clause: Evasion moves are banned\n|rule|Sleep Clause Mod: Limit one foe put to sleep\n|rule|Terastal Clause: You cannot Terastallize\n|clearpoke\n|poke|p1|Landorus-Therian, M|\n|poke|p1|Banette, F|\n|poke|p1|Mew|\n|poke|p1|Melmetal|\n|poke|p1|Kyurem|\n|poke|p1|Alomomola, F|\n|poke|p2|Azumarill, F|\n|poke|p2|Kyurem|\n|poke|p2|Lopunny, F|\n|poke|p2|Heatran, M|\n|poke|p2|Landorus-Therian, M|\n|poke|p2|Corviknight, M|\n|teampreview\n|inactive|Battle timer is ON: inactive players will automatically lose when time's up. (requested by Yaoshi)\n|\n|t:|1771262814\n|teamsize|p1|6\n|teamsize|p2|6\n|start\n|switch|p1a: Banette|Banette, F|100/100\n|switch|p2a: Lopunny|Lopunny, F|100/100\n|-item|p2a: Lopunny|Lopunnite|[from] ability: Frisk|[of] p1a: Banette\n|turn|1\n|\n|t:|1771262824\n|switch|p1a: Alomomola|Alomomola, F|100/100\n|detailschange|p2a: Lopunny|Lopunny-Mega, F\n|-mega|p2a: Lopunny|Lopunny|Lopunnite\n|move|p2a: Lopunny|Fake Out|p1a: Alomomola\n|-damage|p1a: Alomomola|89/100\n|-damage|p2a: Lopunny|84/100|[from] item: Rocky Helmet|[of] p1a: Alomomola\n|\n|upkeep\n|turn|2\n|\n|t:|1771262828\n|switch|p2a: Kyurem|Kyurem, shiny|100/100\n|-ability|p2a: Kyurem|Pressure\n|move|p1a: Alomomola|Flip Turn|p2a: Kyurem\n|-resisted|p2a: Kyurem\n|-damage|p2a: Kyurem|95/100\n|\n|t:|1771262832\n|switch|p1a: Melmetal|Melmetal, shiny|100/100|[from] Flip Turn\n|\n|upkeep\n|turn|3\n|\n|t:|1771262836\n|switch|p2a: Corviknight|Corviknight, M|100/100\n|-ability|p2a: Corviknight|Pressure\n|move|p1a: Melmetal|Superpower|p2a: Corviknight\n|-crit|p2a: Corviknight\n|-damage|p2a: Corviknight|56/100\n|-unboost|p1a: Melmetal|atk|1\n|-unboost|p1a: Melmetal|def|1\n|-damage|p1a: Melmetal|84/100|[from] item: Rocky Helmet|[of] p2a: Corviknight\n|\n|upkeep\n|turn|4\n|\n|t:|1771262841\n|switch|p1a: Alomomola|Alomomola, F|100/100\n|move|p2a: Corviknight|Iron Defense|p2a: Corviknight\n|-boost|p2a: Corviknight|def|2\n|\n|upkeep\n|turn|5\n|\n|t:|1771262844\n|move|p2a: Corviknight|Roost|p2a: Corviknight\n|-heal|p2a: Corviknight|100/100\n|-singleturn|p2a: Corviknight|move: Roost\n|move|p1a: Alomomola|Flip Turn|p2a: Corviknight\n|-damage|p2a: Corviknight|96/100\n|-damage|p1a: Alomomola|84/100|[from] item: Rocky Helmet|[of] p2a: Corviknight\n|\n|t:|1771262854\n|switch|p1a: Banette|Banette, F|100/100|[from] Flip Turn\n|-item|p2a: Corviknight|Rocky Helmet|[from] ability: Frisk|[of] p1a: Banette\n|\n|upkeep\n|turn|6\n|\n|t:|1771262858\n|switch|p2a: Heatran|Heatran, M|100/100\n|-item|p2a: Heatran|Air Balloon\n|move|p1a: Banette|Will-O-Wisp|p2a: Heatran\n|-start|p2a: Heatran|ability: Flash Fire\n|\n|upkeep\n|turn|7\n|\n|t:|1771262876\n|switch|p1a: Alomomola|Alomomola, F|100/100\n|move|p2a: Heatran|Magma Storm|p1a: Alomomola\n|-resisted|p1a: Alomomola\n|-damage|p1a: Alomomola|65/100\n|-activate|p1a: Alomomola|move: Magma Storm|[of] p2a: Heatran\n|\n|-damage|p1a: Alomomola|52/100|[from] move: Magma Storm|[partiallytrapped]\n|upkeep\n|turn|8\n|\n|t:|1771262879\n|move|p2a: Heatran|Stealth Rock|p1a: Alomomola\n|-sidestart|p1: Yaoshi|move: Stealth Rock\n|move|p1a: Alomomola|Flip Turn|p2a: Heatran\n|-supereffective|p2a: Heatran\n|-damage|p2a: Heatran|72/100\n|-enditem|p2a: Heatran|Air Balloon\n|\n|t:|1771262883\n|switch|p1a: Landorus|Landorus-Therian, M, shiny|100/100|[from] Flip Turn\n|-damage|p1a: Landorus|88/100|[from] Stealth Rock\n|-ability|p1a: Landorus|Intimidate|boost\n|-unboost|p2a: Heatran|atk|1\n|\n|upkeep\n|turn|9\n|\n|t:|1771262887\n|-end|p2a: Heatran|ability: Flash Fire|[silent]\n|switch|p2a: Corviknight|Corviknight, M|96/100\n|-ability|p2a: Corviknight|Pressure\n|move|p1a: Landorus|Earthquake|p2a: Corviknight\n|-immune|p2a: Corviknight\n|\n|upkeep\n|turn|10\n|\n|t:|1771262891\n|switch|p1a: Alomomola|Alomomola, F|86/100\n|-damage|p1a: Alomomola|73/100|[from] Stealth Rock\n|move|p2a: Corviknight|Iron Defense|p2a: Corviknight\n|-boost|p2a: Corviknight|def|2\n|\n|upkeep\n|turn|11\n|\n|t:|1771262894\n|move|p2a: Corviknight|Body Press|p1a: Alomomola\n|-damage|p1a: Alomomola|45/100\n|-damage|p2a: Corviknight|79/100|[from] item: Rocky Helmet|[of] p1a: Alomomola\n|move|p1a: Alomomola|Scald|p2a: Corviknight\n|-damage|p2a: Corviknight|67/100\n|-status|p2a: Corviknight|brn\n|\n|-damage|p2a: Corviknight|61/100 brn|[from] brn\n|upkeep\n|turn|12\n|\n|t:|1771262899\n|move|p2a: Corviknight|U-turn|p1a: Alomomola\n|-damage|p1a: Alomomola|41/100\n|-damage|p2a: Corviknight|44/100 brn|[from] item: Rocky Helmet|[of] p1a: Alomomola\n|\n|t:|1771262902\n|switch|p2a: Kyurem|Kyurem, shiny|95/100|[from] U-turn\n|-ability|p2a: Kyurem|Pressure\n|move|p1a: Alomomola|Flip Turn|p2a: Kyurem\n|-resisted|p2a: Kyurem\n|-crit|p2a: Kyurem\n|-damage|p2a: Kyurem|85/100\n|\n|t:|1771262905\n|switch|p1a: Landorus|Landorus-Therian, M, shiny|88/100|[from] Flip Turn\n|-damage|p1a: Landorus|76/100|[from] Stealth Rock\n|-ability|p1a: Landorus|Intimidate|boost\n|-unboost|p2a: Kyurem|atk|1\n|\n|upkeep\n|turn|13\n|\n|t:|1771262912\n|switch|p2a: Landorus|Landorus-Therian, M|100/100\n|-ability|p2a: Landorus|Intimidate|boost\n|-unboost|p1a: Landorus|atk|1\n|move|p1a: Landorus|U-turn|p2a: Landorus\n|-resisted|p2a: Landorus\n|-damage|p2a: Landorus|91/100\n|\n|t:|1771262918\n|switch|p1a: Alomomola|Alomomola, F|75/100|[from] U-turn\n|-damage|p1a: Alomomola|62/100|[from] Stealth Rock\n|\n|-heal|p2a: Landorus|97/100|[from] item: Leftovers\n|upkeep\n|turn|14\n|\n|t:|1771262921\n|move|p2a: Landorus|Knock Off|p1a: Alomomola\n|-damage|p1a: Alomomola|46/100\n|-damage|p2a: Landorus|80/100|[from] item: Rocky Helmet|[of] p1a: Alomomola\n|-enditem|p1a: Alomomola|Rocky Helmet|[from] move: Knock Off|[of] p2a: Landorus\n|move|p1a: Alomomola|Flip Turn|p2a: Landorus\n|-supereffective|p2a: Landorus\n|-damage|p2a: Landorus|48/100\n|\n|t:|1771262924\n|switch|p1a: Landorus|Landorus-Therian, M, shiny|76/100|[from] Flip Turn\n|-damage|p1a: Landorus|63/100|[from] Stealth Rock\n|-ability|p1a: Landorus|Intimidate|boost\n|-unboost|p2a: Landorus|atk|1\n|\n|-heal|p2a: Landorus|54/100|[from] item: Leftovers\n|upkeep\n|turn|15\n|\n|t:|1771262928\n|move|p1a: Landorus|Defog|p2a: Landorus\n|-unboost|p2a: Landorus|evasion|1\n|-sideend|p1: Yaoshi|Stealth Rock|[from] move: Defog|[of] p1a: Landorus\n|move|p2a: Landorus|U-turn|p1a: Landorus\n|-resisted|p1a: Landorus\n|-damage|p1a: Landorus|55/100\n|\n|t:|1771262931\n|switch|p2a: Azumarill|Azumarill, F, shiny|100/100|[from] U-turn\n|\n|upkeep\n|turn|16\n|\n|t:|1771262937\n|switch|p1a: Alomomola|Alomomola, F|79/100\n|move|p2a: Azumarill|Play Rough|p1a: Alomomola|[miss]\n|-miss|p2a: Azumarill|p1a: Alomomola\n|\n|upkeep\n|turn|17\n|\n|t:|1771262940\n|move|p2a: Azumarill|Play Rough|p1a: Alomomola\n|-damage|p1a: Alomomola|29/100\n|move|p1a: Alomomola|Flip Turn|p2a: Azumarill\n|-resisted|p2a: Azumarill\n|-damage|p2a: Azumarill|92/100\n|\n|t:|1771262952\n|switch|p1a: Banette|Banette, F|100/100|[from] Flip Turn\n|-item|p2a: Azumarill|Choice Band|[from] ability: Frisk|[of] p1a: Banette\n|\n|upkeep\n|turn|18\n|\n|t:|1771262956\n|detailschange|p1a: Banette|Banette-Mega, F\n|-mega|p1a: Banette|Banette|Banettite\n|move|p1a: Banette|Poltergeist|p2a: Azumarill\n|-activate|p2a: Azumarill|move: Poltergeist|Choice Band\n|-damage|p2a: Azumarill|17/100\n|move|p2a: Azumarill|Play Rough|p1a: Banette|[miss]\n|-miss|p2a: Azumarill|p1a: Banette\n|\n|upkeep\n|turn|19\n|\n|t:|1771262964\n|switch|p2a: Lopunny|Lopunny-Mega, F|84/100\n|move|p1a: Banette|Knock Off|p2a: Lopunny\n|-resisted|p2a: Lopunny\n|-damage|p2a: Lopunny|64/100\n|\n|upkeep\n|turn|20\n|\n|t:|1771262987\n|move|p1a: Banette|Will-O-Wisp|p2a: Lopunny\n|-status|p2a: Lopunny|brn\n|move|p2a: Lopunny|U-turn|p1a: Banette\n|-resisted|p1a: Banette\n|-damage|p1a: Banette|93/100\n|-message|ndx_alt17 forfeited.\n|\n|win|Yaoshi\n|raw|Yaoshi's rating: 1640 &rarr; <strong>1663</strong><br />(+23 for winning)\n|raw|ndx_alt17's rating: 1698 &rarr; <strong>1675</strong><br />(-23 for losing)\n|l|☆ndx_alt17\n|player|p2|\n|l|☆Yaoshi\n|player|p1|\n", "uploadtime": 1771263138, "views": 4, "formatid": "gen9nationaldex", "rating": 1663, "private": 0, "password": null}