{"id": "gen9nationaldex-2540205531", "format": "[Gen 9] National Dex", "players": ["gottapokeemall", "thrx1"], "log": "|j|☆gottapokeemall\n|j|☆thrx1\n|t:|1771175614\n|gametype|singles\n|player|p1|gottapokeemall|flannery|1523\n|player|p2|thrx1|170|1560\n|gen|9\n|tier|[Gen 9] National Dex\n|rated|\n|rule|HP Percentage Mod: HP is shown in percentages\n|rule|Endless Battle Clause: Forcing endless battles is banned\n|rule|Species Clause: Limit one of each Pokémon\n|rule|OHKO Clause: OHKO moves are banned\n|rule|Evasion Clause: Evasion abilities, items, and moves are banned\n|rule|Evasion Abilities Clause: Evasion abilities are banned\n|rule|Evasion Items Clause: Evasion items are banned\n|rule|Evasion Moves Clause: Evasion moves are banned\n|rule|Sleep Clause Mod: Limit one foe put to sleep\n|rule|Terastal Clause: You cannot Terastallize\n|clearpoke\n|poke|p1|Glimmora, F|\n|poke|p1|Latios, M|\n|poke|p1|Zapdos-Galar|\n|poke|p1|Basculegion-F, F|\n|poke|p1|Great Tusk|\n|poke|p1|Blacephalon|\n|poke|p2|Landorus-Therian, M|\n|poke|p2|Alomomola, F|\n|poke|p2|Greninja-*, M|\n|poke|p2|Ogerpon-Cornerstone, F|\n|poke|p2|Blaziken, M|\n|poke|p2|Serperior, M|\n|teampreview\n|c|☆gottapokeemall|glhf\n|inactive|Battle timer is ON: inactive players will automatically lose when time's up. (requested by gottapokeemall)\n|\n|t:|1771175629\n|teamsize|p1|6\n|teamsize|p2|6\n|start\n|switch|p1a: Glimmora|Glimmora, F|100/100\n|switch|p2a: Greninja|Greninja, M|100/100\n|turn|1\n|\n|t:|1771175636\n|move|p2a: Greninja|Water Shuriken|p1a: Glimmora\n|-supereffective|p1a: Glimmora\n|-damage|p1a: Glimmora|71/100\n|-supereffective|p1a: Glimmora\n|-damage|p1a: Glimmora|39/100\n|-supereffective|p1a: Glimmora\n|-damage|p1a: Glimmora|7/100\n|-hitcount|p1a: Glimmora|3\n|move|p1a: Glimmora|Energy Ball|p2a: Greninja\n|-supereffective|p2a: Greninja\n|-damage|p2a: Greninja|6/100\n|\n|upkeep\n|turn|2\n|\n|t:|1771175639\n|switch|p1a: Latios|Latios, M|100/100\n|move|p2a: Greninja|Water Shuriken|p1a: Latios\n|-resisted|p1a: Latios\n|-damage|p1a: Latios|96/100\n|-resisted|p1a: Latios\n|-damage|p1a: Latios|90/100\n|-hitcount|p1a: Latios|2\n|\n|upkeep\n|turn|3\n|\n|t:|1771175642\n|switch|p2a: Alomomola|Alomomola, F|100/100\n|detailschange|p1a: Latios|Latios-Mega, M\n|-mega|p1a: Latios|Latios|Latiosite\n|move|p1a: Latios|Ice Beam|p2a: Alomomola\n|-resisted|p2a: Alomomola\n|-damage|p2a: Alomomola|92/100\n|\n|upkeep\n|turn|4\n|\n|t:|1771175646\n|switch|p1a: Glimmora|Glimmora, F|7/100\n|move|p2a: Alomomola|Flip Turn|p1a: Glimmora\n|-supereffective|p1a: Glimmora\n|-damage|p1a: Glimmora|0 fnt\n|-activate|p1a: Glimmora|ability: Toxic Debris\n|-sidestart|p2: thrx1|move: Toxic Spikes\n|faint|p1a: Glimmora\n|\n|t:|1771175654\n|switch|p2a: Landorus|Landorus-Therian, M|100/100|[from] Flip Turn\n|\n|upkeep\n|\n|t:|1771175657\n|switch|p1a: Latios|Latios-Mega, M|90/100\n|turn|5\n|\n|t:|1771175660\n|move|p2a: Landorus|U-turn|p1a: Latios\n|-supereffective|p1a: Latios\n|-damage|p1a: Latios|24/100\n|\n|t:|1771175663\n|switch|p2a: Alomomola|Alomomola, F|100/100|[from] U-turn\n|-status|p2a: Alomomola|psn\n|move|p1a: Latios|Ice Beam|p2a: Alomomola\n|-resisted|p2a: Alomomola\n|-crit|p2a: Alomomola\n|-damage|p2a: Alomomola|86/100 psn\n|\n|-damage|p2a: Alomomola|74/100 psn|[from] psn\n|upkeep\n|turn|6\n|\n|t:|1771175666\n|move|p1a: Latios|Roost|p1a: Latios\n|-heal|p1a: Latios|75/100\n|-singleturn|p1a: Latios|move: Roost\n|move|p2a: Alomomola|Flip Turn|p1a: Latios\n|-resisted|p1a: Latios\n|-damage|p1a: Latios|66/100\n|\n|t:|1771175672\n|switch|p2a: Landorus|Landorus-Therian, M|100/100|[from] Flip Turn\n|-ability|p2a: Landorus|Intimidate|boost\n|-unboost|p1a: Latios|atk|1\n|\n|upkeep\n|turn|7\n|\n|t:|1771175678\n|move|p2a: Landorus|U-turn|p1a: Latios\n|-supereffective|p1a: Latios\n|-damage|p1a: Latios|2/100\n|\n|t:|1771175680\n|switch|p2a: Alomomola|Alomomola, F|100/100 psn|[from] U-turn\n|move|p1a: Latios|Roost|p1a: Latios\n|-heal|p1a: Latios|52/100\n|-singleturn|p1a: Latios|move: Roost\n|\n|-damage|p2a: Alomomola|88/100 psn|[from] psn\n|upkeep\n|turn|8\n|\n|t:|1771175684\n|move|p1a: Latios|Roost|p1a: Latios\n|-heal|p1a: Latios|100/100\n|-singleturn|p1a: Latios|move: Roost\n|move|p2a: Alomomola|Flip Turn|p1a: Latios\n|-resisted|p1a: Latios\n|-damage|p1a: Latios|91/100\n|\n|t:|1771175687\n|switch|p2a: Landorus|Landorus-Therian, M|100/100|[from] Flip Turn\n|-ability|p2a: Landorus|Intimidate|boost\n|-unboost|p1a: Latios|atk|1\n|\n|upkeep\n|turn|9\n|\n|t:|1771175689\n|switch|p1a: Zapdos|Zapdos-Galar|100/100\n|move|p2a: Landorus|U-turn|p1a: Zapdos\n|-resisted|p1a: Zapdos\n|-damage|p1a: Zapdos|92/100\n|\n|t:|1771175698\n|switch|p2a: Greninja|Greninja, M|6/100|[from] U-turn\n|-status|p2a: Greninja|psn\n|\n|-damage|p2a: Greninja|0 fnt|[from] psn\n|faint|p2a: Greninja\n|upkeep\n|\n|t:|1771175720\n|switch|p2a: Ogerpon|Ogerpon-Cornerstone, F|100/100\n|-status|p2a: Ogerpon|psn\n|turn|10\n|\n|t:|1771175742\n|move|p1a: Zapdos|U-turn|p2a: Ogerpon\n|-supereffective|p2a: Ogerpon\n|-damage|p2a: Ogerpon|41/100 psn\n|\n|t:|1771175746\n|switch|p1a: Great Tusk|Great Tusk|100/100|[from] U-turn\n|move|p2a: Ogerpon|Ivy Cudgel|p1a: Great Tusk|[anim] Ivy Cudgel Rock\n|-resisted|p1a: Great Tusk\n|-damage|p1a: Great Tusk|89/100\n|\n|-damage|p2a: Ogerpon|29/100 psn|[from] psn\n|upkeep\n|turn|11\n|\n|t:|1771175754\n|-end|p1a: Great Tusk|Protosynthesis|[silent]\n|switch|p1a: Latios|Latios-Mega, M|91/100\n|move|p2a: Ogerpon|Horn Leech|p1a: Latios\n|-resisted|p1a: Latios\n|-damage|p1a: Latios|66/100\n|-heal|p2a: Ogerpon|42/100 psn|[from] drain|[of] p1a: Latios\n|\n|-damage|p2a: Ogerpon|29/100 psn|[from] psn\n|upkeep\n|turn|12\n|\n|t:|1771175764\n|switch|p2a: Alomomola|Alomomola, F|100/100 psn\n|move|p1a: Latios|Luster Purge|p2a: Alomomola\n|-damage|p2a: Alomomola|73/100 psn\n|-unboost|p2a: Alomomola|spd|1\n|\n|-damage|p2a: Alomomola|60/100 psn|[from] psn\n|upkeep\n|turn|13\n|\n|t:|1771175773\n|move|p1a: Latios|Luster Purge|p2a: Alomomola\n|-damage|p2a: Alomomola|21/100 psn\n|move|p2a: Alomomola|Mirror Coat|p1a: Latios\n|-damage|p1a: Latios|0 fnt\n|faint|p1a: Latios\n|detailschange|p1: Latios|Latios, M|[silent]\n|\n|-damage|p2a: Alomomola|9/100 psn|[from] psn\n|upkeep\n|\n|t:|1771175786\n|switch|p1a: Blacephalon|Blacephalon|100/100\n|turn|14\n|\n|t:|1771175790\n|move|p1a: Blacephalon|Flamethrower|p2a: Alomomola\n|-resisted|p2a: Alomomola\n|-damage|p2a: Alomomola|0 fnt\n|faint|p2a: Alomomola\n|-ability|p1a: Blacephalon|Beast Boost|boost\n|-boost|p1a: Blacephalon|spa|1\n|\n|upkeep\n|\n|t:|1771175793\n|switch|p2a: Landorus|Landorus-Therian, M|100/100\n|-ability|p2a: Landorus|Intimidate|boost\n|-unboost|p1a: Blacephalon|atk|1\n|turn|15\n|\n|t:|1771175800\n|switch|p1a: Zapdos|Zapdos-Galar|92/100\n|move|p2a: Landorus|Earthquake|p1a: Zapdos\n|-immune|p1a: Zapdos\n|\n|upkeep\n|turn|16\n|\n|t:|1771175807\n|switch|p2a: Ogerpon|Ogerpon-Cornerstone, F|29/100 psn\n|move|p1a: Zapdos|U-turn|p2a: Ogerpon\n|-supereffective|p2a: Ogerpon\n|-damage|p2a: Ogerpon|0 fnt\n|faint|p2a: Ogerpon\n|\n|t:|1771175825\n|switch|p1a: Blacephalon|Blacephalon|100/100|[from] U-turn\n|\n|upkeep\n|\n|t:|1771175837\n|switch|p2a: Landorus|Landorus-Therian, M|100/100\n|-ability|p2a: Landorus|Intimidate|boost\n|-unboost|p1a: Blacephalon|atk|1\n|turn|17\n|\n|t:|1771175839\n|switch|p1a: Zapdos|Zapdos-Galar|92/100\n|move|p2a: Landorus|Stone Edge|p1a: Zapdos|[miss]\n|-miss|p2a: Landorus|p1a: Zapdos\n|\n|upkeep\n|turn|18\n|\n|t:|1771175851\n|move|p1a: Zapdos|U-turn|p2a: Landorus\n|-resisted|p2a: Landorus\n|-damage|p2a: Landorus|85/100\n|-message|thrx1 forfeited.\n|\n|win|gottapokeemall\n|raw|gottapokeemall's rating: 1523 &rarr; <strong>1545</strong><br />(+22 for winning)\n|raw|thrx1's rating: 1560 &rarr; <strong>1538</strong><br />(-22 for losing)\n|l|☆thrx1\n|player|p2|\n|l|☆gottapokeemall\n|player|p1|\n", "uploadtime": 1771176045, "views": 6, "formatid": "gen9nationaldex", "rating": 1538, "private": 0, "password": null}