{"id": "gen9nationaldex-2540424426", "format": "[Gen 9] National Dex", "players": ["dragon god111龙王", "a2pro"], "log": "|j|☆dragon god111龙王\n|j|☆a2pro\n|t:|1771200348\n|gametype|singles\n|player|p1|dragon god111龙王|pokemaniac|1488\n|player|p2|a2pro|gambler|1632\n|gen|9\n|tier|[Gen 9] National Dex\n|rated|\n|rule|HP Percentage Mod: HP is shown in percentages\n|rule|Endless Battle Clause: Forcing endless battles is banned\n|rule|Species Clause: Limit one of each Pokémon\n|rule|OHKO Clause: OHKO moves are banned\n|rule|Evasion Clause: Evasion abilities, items, and moves are banned\n|rule|Evasion Abilities Clause: Evasion abilities are banned\n|rule|Evasion Items Clause: Evasion items are banned\n|rule|Evasion Moves Clause: Evasion moves are banned\n|rule|Sleep Clause Mod: Limit one foe put to sleep\n|rule|Terastal Clause: You cannot Terastallize\n|clearpoke\n|poke|p1|Great Tusk|\n|poke|p1|Rotom-Wash|\n|poke|p1|Gholdengo|\n|poke|p1|Landorus-Therian, M|\n|poke|p1|Kleavor, M|\n|poke|p1|Tyranitar, M|\n|poke|p2|Volcanion|\n|poke|p2|Gliscor, M|\n|poke|p2|Chansey, F|\n|poke|p2|Banette, M|\n|poke|p2|Iron Valiant|\n|poke|p2|Garganacl, M|\n|teampreview\n|inactive|Battle timer is ON: inactive players will automatically lose when time's up. (requested by dragon god111龙王)\n|\n|t:|1771200357\n|teamsize|p1|6\n|teamsize|p2|6\n|start\n|switch|p1a: Landorus|Landorus-Therian, M|100/100\n|switch|p2a: Banette|Banette, M, shiny|100/100\n|-ability|p1a: Landorus|Intimidate|boost\n|-unboost|p2a: Banette|atk|1\n|-item|p1a: Landorus|Choice Scarf|[from] ability: Frisk|[of] p2a: Banette\n|turn|1\n|\n|t:|1771200370\n|detailschange|p2a: Banette|Banette-Mega, M, shiny\n|-mega|p2a: Banette|Banette|Banettite\n|move|p2a: Banette|Will-O-Wisp|p1a: Landorus\n|-status|p1a: Landorus|brn\n|move|p1a: Landorus|Knock Off|p2a: Banette\n|-supereffective|p2a: Banette\n|-damage|p2a: Banette|58/100\n|\n|-damage|p1a: Landorus|94/100 brn|[from] brn\n|upkeep\n|turn|2\n|\n|t:|1771200377\n|move|p1a: Landorus|Knock Off|p2a: Banette\n|-supereffective|p2a: Banette\n|-damage|p2a: Banette|18/100\n|move|p2a: Banette|Poltergeist|p1a: Landorus\n|-activate|p1a: Landorus|move: Poltergeist|Choice Scarf\n|-damage|p1a: Landorus|39/100 brn\n|\n|-damage|p1a: Landorus|33/100 brn|[from] brn\n|upkeep\n|turn|3\n|\n|t:|1771200382\n|switch|p2a: Iron Valiant|Iron Valiant|100/100\n|-enditem|p2a: Iron Valiant|Booster Energy\n|-activate|p2a: Iron Valiant|ability: Quark Drive|[fromitem]\n|-start|p2a: Iron Valiant|quarkdrivespe\n|move|p1a: Landorus|Knock Off|p2a: Iron Valiant\n|-resisted|p2a: Iron Valiant\n|-damage|p2a: Iron Valiant|96/100\n|\n|-damage|p1a: Landorus|26/100 brn|[from] brn\n|upkeep\n|turn|4\n|\n|t:|1771200388\n|switch|p1a: Gholdengo|Gholdengo|100/100\n|move|p2a: Iron Valiant|Swords Dance|p2a: Iron Valiant\n|-boost|p2a: Iron Valiant|atk|2\n|\n|upkeep\n|turn|5\n|\n|t:|1771200398\n|switch|p1a: Landorus|Landorus-Therian, M|26/100 brn\n|-ability|p1a: Landorus|Intimidate|boost\n|-unboost|p2a: Iron Valiant|atk|1\n|move|p2a: Iron Valiant|Psycho Cut|p1a: Landorus\n|-damage|p1a: Landorus|0 fnt\n|faint|p1a: Landorus\n|\n|upkeep\n|\n|t:|1771200404\n|switch|p1a: Gholdengo|Gholdengo|100/100\n|turn|6\n|\n|t:|1771200411\n|-end|p2a: Iron Valiant|Quark Drive|[silent]\n|switch|p2a: Volcanion|Volcanion|100/100\n|move|p1a: Gholdengo|Make It Rain|p2a: Volcanion\n|-resisted|p2a: Volcanion\n|-damage|p2a: Volcanion|86/100\n|-unboost|p1a: Gholdengo|spa|1\n|\n|upkeep\n|turn|7\n|\n|t:|1771200425\n|switch|p1a: Tyranitar|Tyranitar, M|100/100\n|-weather|Sandstorm|[from] ability: Sand Stream|[of] p1a: Tyranitar\n|move|p2a: Volcanion|Toxic|p1a: Tyranitar\n|-status|p1a: Tyranitar|tox\n|\n|-weather|Sandstorm|[upkeep]\n|-damage|p2a: Volcanion|80/100|[from] Sandstorm\n|-damage|p1a: Tyranitar|94/100 tox|[from] psn\n|upkeep\n|turn|8\n|\n|t:|1771200433\n|switch|p2a: Gliscor|Gliscor, M, shiny|100/100\n|move|p1a: Tyranitar|Stone Edge|p2a: Gliscor|[miss]\n|-miss|p1a: Tyranitar|p2a: Gliscor\n|\n|-weather|Sandstorm|[upkeep]\n|-damage|p1a: Tyranitar|82/100 tox|[from] psn\n|-status|p2a: Gliscor|tox|[from] item: Toxic Orb\n|upkeep\n|turn|9\n|\n|t:|1771200443\n|switch|p1a: Kleavor|Kleavor, M|100/100\n|move|p2a: Gliscor|Toxic|p1a: Kleavor\n|-status|p1a: Kleavor|tox\n|\n|-weather|Sandstorm|[upkeep]\n|-damage|p1a: Kleavor|94/100 tox|[from] psn\n|upkeep\n|turn|10\n|\n|t:|1771200449\n|move|p1a: Kleavor|Stone Axe|p2a: Gliscor\n|-damage|p2a: Gliscor|69/100 tox\n|-sidestart|p2: a2pro|move: Stealth Rock\n|move|p2a: Gliscor|Earthquake|p1a: Kleavor\n|-damage|p1a: Kleavor|49/100 tox\n|\n|-weather|Sandstorm|[upkeep]\n|-damage|p1a: Kleavor|37/100 tox|[from] psn\n|-heal|p2a: Gliscor|82/100 tox|[from] ability: Poison Heal\n|upkeep\n|turn|11\n|\n|t:|1771200456\n|switch|p1a: Rotom|Rotom-Wash|100/100\n|move|p2a: Gliscor|Protect||[still]\n|-fail|p2a: Gliscor\n|\n|-weather|none\n|-heal|p2a: Gliscor|94/100 tox|[from] ability: Poison Heal\n|upkeep\n|turn|12\n|\n|t:|1771200463\n|move|p1a: Rotom|Trick|p2a: Gliscor\n|-activate|p1a: Rotom|move: Trick|[of] p2a: Gliscor\n|-item|p2a: Gliscor|Choice Scarf|[from] move: Trick\n|-item|p1a: Rotom|Toxic Orb|[from] move: Trick\n|move|p2a: Gliscor|Toxic|p1a: Rotom\n|-status|p1a: Rotom|tox\n|\n|-heal|p2a: Gliscor|100/100 tox|[from] ability: Poison Heal\n|-damage|p1a: Rotom|94/100 tox|[from] psn\n|upkeep\n|turn|13\n|\n|t:|1771200469\n|switch|p2a: Chansey|Chansey, F|100/100\n|-damage|p2a: Chansey|88/100|[from] Stealth Rock\n|move|p1a: Rotom|Hydro Pump|p2a: Chansey|[miss]\n|-miss|p1a: Rotom|p2a: Chansey\n|\n|-damage|p1a: Rotom|82/100 tox|[from] psn\n|upkeep\n|turn|14\n|\n|t:|1771200476\n|switch|p2a: Gliscor|Gliscor, M, shiny|100/100 tox\n|-damage|p2a: Gliscor|88/100 tox|[from] Stealth Rock\n|move|p1a: Rotom|Trick|p2a: Gliscor\n|-activate|p1a: Rotom|move: Trick|[of] p2a: Gliscor\n|-item|p2a: Gliscor|Toxic Orb|[from] move: Trick\n|-item|p1a: Rotom|Choice Scarf|[from] move: Trick\n|\n|-damage|p1a: Rotom|63/100 tox|[from] psn\n|-heal|p2a: Gliscor|100/100 tox|[from] ability: Poison Heal\n|upkeep\n|turn|15\n|\n|t:|1771200486\n|move|p2a: Gliscor|Protect|p2a: Gliscor\n|-singleturn|p2a: Gliscor|Protect\n|move|p1a: Rotom|Trick|p2a: Gliscor\n|-activate|p2a: Gliscor|move: Protect\n|\n|-damage|p1a: Rotom|39/100 tox|[from] psn\n|upkeep\n|turn|16\n|l|☆a2pro\n|inactive|a2pro disconnected and has a minute to reconnect!\n|player|p2|\n|j|☆a2pro\n|inactive|a2pro reconnected and has 115 seconds left.\n|player|p2|a2pro|gambler|\n|\n|t:|1771200527\n|switch|p1a: Kleavor|Kleavor, M|37/100 tox\n|switch|p2a: Volcanion|Volcanion|80/100\n|-damage|p2a: Volcanion|55/100|[from] Stealth Rock\n|\n|-damage|p1a: Kleavor|31/100 tox|[from] psn\n|upkeep\n|turn|17\n|\n|t:|1771200534\n|switch|p2a: Gliscor|Gliscor, M, shiny|100/100 tox\n|-damage|p2a: Gliscor|88/100 tox|[from] Stealth Rock\n|move|p1a: Kleavor|Stone Axe|p2a: Gliscor\n|-damage|p2a: Gliscor|56/100 tox\n|\n|-damage|p1a: Kleavor|19/100 tox|[from] psn\n|-heal|p2a: Gliscor|69/100 tox|[from] ability: Poison Heal\n|upkeep\n|turn|18\n|\n|t:|1771200540\n|move|p1a: Kleavor|Stone Axe|p2a: Gliscor\n|-damage|p2a: Gliscor|37/100 tox\n|move|p2a: Gliscor|Defog|p1a: Kleavor\n|-unboost|p1a: Kleavor|evasion|1\n|-sideend|p2: a2pro|Stealth Rock|[from] move: Defog|[of] p2a: Gliscor\n|\n|-damage|p1a: Kleavor|1/100 tox|[from] psn\n|-heal|p2a: Gliscor|50/100 tox|[from] ability: Poison Heal\n|upkeep\n|turn|19\n|\n|t:|1771200545\n|move|p2a: Gliscor|Protect|p2a: Gliscor\n|-singleturn|p2a: Gliscor|Protect\n|move|p1a: Kleavor|Stone Axe|p2a: Gliscor\n|-activate|p2a: Gliscor|move: Protect\n|\n|-damage|p1a: Kleavor|0 fnt|[from] psn\n|faint|p1a: Kleavor\n|-heal|p2a: Gliscor|62/100 tox|[from] ability: Poison Heal\n|upkeep\n|\n|t:|1771200550\n|switch|p1a: Great Tusk|Great Tusk|100/100\n|turn|20\n|\n|t:|1771200561\n|move|p1a: Great Tusk|Ice Spinner|p2a: Gliscor\n|-supereffective|p2a: Gliscor\n|-damage|p2a: Gliscor|0 fnt\n|faint|p2a: Gliscor\n|\n|upkeep\n|\n|t:|1771200582\n|switch|p2a: Banette|Banette-Mega, M, shiny|18/100\n|turn|21\n|\n|t:|1771200588\n|-end|p1a: Great Tusk|Protosynthesis|[silent]\n|switch|p1a: Rotom|Rotom-Wash|39/100 tox\n|move|p2a: Banette|Destiny Bond|p2a: Banette\n|-singlemove|p2a: Banette|Destiny Bond\n|\n|-damage|p1a: Rotom|32/100 tox|[from] psn\n|upkeep\n|turn|22\n|\n|t:|1771200608\n|move|p1a: Rotom|Volt Switch|p2a: Banette\n|-damage|p2a: Banette|0 fnt\n|faint|p2a: Banette\n|-activate|p2a: Banette|move: Destiny Bond\n|detailschange|p2: Banette|Banette, M, shiny|[silent]\n|faint|p1a: Rotom\n|\n|upkeep\n|\n|t:|1771200617\n|switch|p1a: Gholdengo|Gholdengo|100/100\n|switch|p2a: Volcanion|Volcanion|55/100\n|turn|23\n|\n|t:|1771200622\n|switch|p1a: Tyranitar|Tyranitar, M|82/100 tox\n|-weather|Sandstorm|[from] ability: Sand Stream|[of] p1a: Tyranitar\n|-zpower|p2a: Volcanion\n|move|p2a: Volcanion|Hydro Vortex|p1a: Tyranitar|[zeffect]\n|-supereffective|p1a: Tyranitar\n|-damage|p1a: Tyranitar|0 fnt\n|faint|p1a: Tyranitar\n|\n|-weather|Sandstorm|[upkeep]\n|-damage|p2a: Volcanion|49/100|[from] Sandstorm\n|upkeep\n|\n|t:|1771200630\n|switch|p1a: Great Tusk|Great Tusk|100/100\n|turn|24\n|\n|t:|1771200634\n|switch|p2a: Iron Valiant|Iron Valiant|96/100\n|move|p1a: Great Tusk|Headlong Rush|p2a: Iron Valiant\n|-damage|p2a: Iron Valiant|9/100\n|-unboost|p1a: Great Tusk|def|1\n|-unboost|p1a: Great Tusk|spd|1\n|\n|-weather|Sandstorm|[upkeep]\n|-damage|p2a: Iron Valiant|3/100|[from] Sandstorm\n|upkeep\n|turn|25\n|\n|t:|1771200637\n|move|p1a: Great Tusk|Headlong Rush|p2a: Iron Valiant\n|-damage|p2a: Iron Valiant|0 fnt\n|-unboost|p1a: Great Tusk|def|1\n|-unboost|p1a: Great Tusk|spd|1\n|faint|p2a: Iron Valiant\n|-end|p2a: Iron Valiant|Quark Drive|[silent]\n|\n|-weather|Sandstorm|[upkeep]\n|upkeep\n|\n|t:|1771200654\n|switch|p2a: Garganacl|Garganacl, M, shiny|100/100\n|turn|26\n|\n|t:|1771200659\n|move|p1a: Great Tusk|Headlong Rush|p2a: Garganacl\n|-supereffective|p2a: Garganacl\n|-damage|p2a: Garganacl|11/100\n|-unboost|p1a: Great Tusk|def|1\n|-unboost|p1a: Great Tusk|spd|1\n|move|p2a: Garganacl|Recover|p2a: Garganacl\n|-heal|p2a: Garganacl|61/100\n|\n|-weather|Sandstorm|[upkeep]\n|-heal|p2a: Garganacl|67/100|[from] item: Leftovers\n|upkeep\n|turn|27\n|\n|t:|1771200668\n|switch|p2a: Chansey|Chansey, F|88/100\n|move|p1a: Great Tusk|Headlong Rush|p2a: Chansey\n|-damage|p2a: Chansey|36/100\n|-unboost|p1a: Great Tusk|def|1\n|-unboost|p1a: Great Tusk|spd|1\n|\n|-weather|none\n|upkeep\n|turn|28\n|\n|t:|1771200676\n|move|p2a: Chansey|Protect|p2a: Chansey\n|-singleturn|p2a: Chansey|Protect\n|move|p1a: Great Tusk|Headlong Rush|p2a: Chansey\n|-activate|p2a: Chansey|move: Protect\n|\n|upkeep\n|turn|29\n|\n|t:|1771200703\n|switch|p2a: Volcanion|Volcanion|49/100\n|move|p1a: Great Tusk|Headlong Rush|p2a: Volcanion\n|-supereffective|p2a: Volcanion\n|-damage|p2a: Volcanion|0 fnt\n|-unboost|p1a: Great Tusk|def|1\n|-unboost|p1a: Great Tusk|spd|1\n|faint|p2a: Volcanion\n|\n|upkeep\n|\n|t:|1771200709\n|switch|p2a: Chansey|Chansey, F|36/100\n|turn|30\n|\n|t:|1771200715\n|move|p2a: Chansey|Protect|p2a: Chansey\n|-singleturn|p2a: Chansey|Protect\n|move|p1a: Great Tusk|Headlong Rush|p2a: Chansey\n|-activate|p2a: Chansey|move: Protect\n|\n|upkeep\n|turn|31\n|\n|t:|1771200725\n|move|p1a: Great Tusk|Headlong Rush|p2a: Chansey\n|-damage|p2a: Chansey|0 fnt\n|-unboost|p1a: Great Tusk|def|1\n|-unboost|p1a: Great Tusk|spd|1\n|faint|p2a: Chansey\n|\n|upkeep\n|\n|t:|1771200727\n|switch|p2a: Garganacl|Garganacl, M, shiny|67/100\n|turn|32\n|\n|t:|1771200732\n|-end|p1a: Great Tusk|Protosynthesis|[silent]\n|switch|p1a: Gholdengo|Gholdengo|100/100\n|move|p2a: Garganacl|Salt Cure|p1a: Gholdengo\n|-resisted|p1a: Gholdengo\n|-damage|p1a: Gholdengo|93/100\n|-start|p1a: Gholdengo|Salt Cure\n|\n|-heal|p2a: Garganacl|73/100|[from] item: Leftovers\n|-damage|p1a: Gholdengo|68/100|[from] Salt Cure\n|upkeep\n|turn|33\n|\n|t:|1771200737\n|move|p1a: Gholdengo|Trick|p2a: Garganacl\n|-activate|p1a: Gholdengo|move: Trick|[of] p2a: Garganacl\n|-item|p2a: Garganacl|Choice Scarf|[from] move: Trick\n|-item|p1a: Gholdengo|Leftovers|[from] move: Trick\n|move|p2a: Garganacl|Recover|p2a: Garganacl\n|-heal|p2a: Garganacl|100/100\n|\n|-heal|p1a: Gholdengo|74/100|[from] item: Leftovers\n|-damage|p1a: Gholdengo|49/100|[from] Salt Cure\n|upkeep\n|turn|34\n|\n|t:|1771200744\n|move|p1a: Gholdengo|Make It Rain|p2a: Garganacl\n|-supereffective|p2a: Garganacl\n|-damage|p2a: Garganacl|16/100\n|-unboost|p1a: Gholdengo|spa|1\n|move|p2a: Garganacl|Recover|p2a: Garganacl\n|-heal|p2a: Garganacl|66/100\n|\n|-heal|p1a: Gholdengo|55/100|[from] item: Leftovers\n|-damage|p1a: Gholdengo|30/100|[from] Salt Cure\n|upkeep\n|turn|35\n|\n|t:|1771200749\n|move|p1a: Gholdengo|Make It Rain|p2a: Garganacl\n|-supereffective|p2a: Garganacl\n|-damage|p2a: Garganacl|4/100\n|-unboost|p1a: Gholdengo|spa|1\n|move|p2a: Garganacl|Recover|p2a: Garganacl\n|-heal|p2a: Garganacl|54/100\n|\n|-heal|p1a: Gholdengo|36/100|[from] item: Leftovers\n|-damage|p1a: Gholdengo|11/100|[from] Salt Cure\n|upkeep\n|turn|36\n|-message|a2pro forfeited.\n|\n|win|dragon god111龙王\n|raw|dragon god111龙王's rating: 1488 &rarr; <strong>1516</strong><br />(+28 for winning)\n|raw|a2pro's rating: 1632 &rarr; <strong>1604</strong><br />(-28 for losing)\n|l|☆a2pro\n|player|p2|\n|l|☆dragon god111龙王\n|player|p1|\n", "uploadtime": 1771200788, "views": 7, "formatid": "gen9nationaldex", "rating": 1516, "private": 0, "password": null}