{"id": "gen9nationaldex-2540892087", "format": "[Gen 9] National Dex", "players": ["Azurnal", "doodieray"], "log": "|j|☆Azurnal\n|j|☆doodieray\n|t:|1771264530\n|gametype|singles\n|player|p1|Azurnal|170|1546\n|player|p2|doodieray|101|1604\n|gen|9\n|tier|[Gen 9] National Dex\n|rated|\n|rule|HP Percentage Mod: HP is shown in percentages\n|rule|Endless Battle Clause: Forcing endless battles is banned\n|rule|Species Clause: Limit one of each Pokémon\n|rule|OHKO Clause: OHKO moves are banned\n|rule|Evasion Clause: Evasion abilities, items, and moves are banned\n|rule|Evasion Abilities Clause: Evasion abilities are banned\n|rule|Evasion Items Clause: Evasion items are banned\n|rule|Evasion Moves Clause: Evasion moves are banned\n|rule|Sleep Clause Mod: Limit one foe put to sleep\n|rule|Terastal Clause: You cannot Terastallize\n|clearpoke\n|poke|p1|Porygon2|\n|poke|p1|Conkeldurr, M|\n|poke|p1|Marowak-Alola, M|\n|poke|p1|Diancie|\n|poke|p1|Mawile, M|\n|poke|p1|Hatterene, F|\n|poke|p2|Iron Valiant|\n|poke|p2|Tapu Koko|\n|poke|p2|Kingambit, M|\n|poke|p2|Alomomola, F|\n|poke|p2|Landorus-Therian, M|\n|poke|p2|Ferrothorn, F|\n|teampreview\n|inactive|Battle timer is ON: inactive players will automatically lose when time's up. (requested by Azurnal)\n|l|☆doodieray\n|inactive|doodieray disconnected and has a minute to reconnect!\n|player|p2|\n|j|☆doodieray\n|inactive|doodieray reconnected and has 130 seconds left.\n|player|p2|doodieray|101|\n|inactive|doodieray has 120 seconds left.\n|\n|t:|1771264565\n|teamsize|p1|6\n|teamsize|p2|6\n|start\n|switch|p1a: Porygon2|Porygon2|100/100\n|switch|p2a: Ferrothorn|Ferrothorn, F|100/100\n|-ability|p1a: Porygon2|Iron Barbs|Trace|[from] ability: Trace|[of] p2a: Ferrothorn\n|turn|1\n|\n|t:|1771264569\n|switch|p1a: Hatterene|Hatterene, F|100/100\n|move|p2a: Ferrothorn|Knock Off|p1a: Hatterene\n|-damage|p1a: Hatterene|77/100\n|-enditem|p1a: Hatterene|Leftovers|[from] move: Knock Off|[of] p2a: Ferrothorn\n|\n|upkeep\n|turn|2\n|\n|t:|1771264578\n|move|p2a: Ferrothorn|Power Whip|p1a: Hatterene\n|-damage|p1a: Hatterene|31/100\n|move|p1a: Hatterene|Trick Room|p1a: Hatterene\n|-fieldstart|move: Trick Room|[of] p1a: Hatterene\n|\n|upkeep\n|turn|3\n|\n|t:|1771264595\n|switch|p2a: Alomomola|Alomomola, F|100/100\n|move|p1a: Hatterene|Draining Kiss|p2a: Alomomola\n|-damage|p2a: Alomomola|86/100\n|-heal|p1a: Hatterene|49/100|[from] drain|[of] p2a: Alomomola\n|\n|upkeep\n|turn|4\n|\n|t:|1771264608\n|move|p1a: Hatterene|Calm Mind|p1a: Hatterene\n|-boost|p1a: Hatterene|spa|1\n|-boost|p1a: Hatterene|spd|1\n|move|p2a: Alomomola|Knock Off|p1a: Hatterene\n|-damage|p1a: Hatterene|36/100\n|\n|upkeep\n|turn|5\n|\n|t:|1771264616\n|move|p1a: Hatterene|Draining Kiss|p2a: Alomomola\n|-damage|p2a: Alomomola|64/100\n|-heal|p1a: Hatterene|64/100|[from] drain|[of] p2a: Alomomola\n|move|p2a: Alomomola|Knock Off|p1a: Hatterene\n|-damage|p1a: Hatterene|51/100\n|\n|upkeep\n|turn|6\n|\n|t:|1771264623\n|move|p1a: Hatterene|Draining Kiss|p2a: Alomomola\n|-damage|p2a: Alomomola|41/100\n|-heal|p1a: Hatterene|80/100|[from] drain|[of] p2a: Alomomola\n|move|p2a: Alomomola|Mirror Coat|p1a: Hatterene\n|-damage|p1a: Hatterene|3/100\n|\n|-fieldend|move: Trick Room\n|upkeep\n|turn|7\n|\n|t:|1771264629\n|move|p2a: Alomomola|Aqua Jet|p1a: Hatterene\n|-damage|p1a: Hatterene|0 fnt\n|faint|p1a: Hatterene\n|\n|upkeep\n|\n|t:|1771264638\n|switch|p1a: Porygon2|Porygon2|100/100\n|-ability|p1a: Porygon2|Regenerator|Trace|[from] ability: Trace|[of] p2a: Alomomola\n|turn|8\n|\n|t:|1771264642\n|move|p2a: Alomomola|Knock Off|p1a: Porygon2\n|-damage|p1a: Porygon2|92/100\n|-enditem|p1a: Porygon2|Eviolite|[from] move: Knock Off|[of] p2a: Alomomola\n|move|p1a: Porygon2|Toxic|p2a: Alomomola\n|-status|p2a: Alomomola|tox\n|\n|-damage|p2a: Alomomola|35/100 tox|[from] psn\n|upkeep\n|turn|9\n|\n|t:|1771264647\n|move|p2a: Alomomola|Flip Turn|p1a: Porygon2\n|-damage|p1a: Porygon2|79/100\n|\n|t:|1771264650\n|switch|p2a: Kingambit|Kingambit, M|100/100|[from] Flip Turn\n|move|p1a: Porygon2|Trick Room|p1a: Porygon2\n|-fieldstart|move: Trick Room|[of] p1a: Porygon2\n|\n|upkeep\n|turn|10\n|\n|t:|1771264655\n|move|p2a: Kingambit|Pursuit|p1a: Porygon2\n|-crit|p1a: Porygon2\n|-damage|p1a: Porygon2|47/100\n|move|p1a: Porygon2|Teleport|p1a: Porygon2\n|\n|t:|1771264662\n|switch|p1a: Conkeldurr|Conkeldurr, M|100/100|[from] Teleport\n|\n|-status|p1a: Conkeldurr|brn|[from] item: Flame Orb\n|upkeep\n|turn|11\n|\n|t:|1771264674\n|-end|p2a: Kingambit|fallenundefined|[silent]\n|switch|p2a: Landorus|Landorus-Therian, M|100/100\n|-ability|p2a: Landorus|Intimidate|boost\n|-unboost|p1a: Conkeldurr|atk|1\n|move|p1a: Conkeldurr|Knock Off|p2a: Landorus\n|-crit|p2a: Landorus\n|-damage|p2a: Landorus|17/100\n|-damage|p1a: Conkeldurr|84/100 brn|[from] item: Rocky Helmet|[of] p2a: Landorus\n|-enditem|p2a: Landorus|Rocky Helmet|[from] move: Knock Off|[of] p1a: Conkeldurr\n|\n|-damage|p1a: Conkeldurr|78/100 brn|[from] brn\n|upkeep\n|turn|12\n|\n|t:|1771264687\n|move|p1a: Conkeldurr|Knock Off|p2a: Landorus\n|-damage|p2a: Landorus|0 fnt\n|faint|p2a: Landorus\n|\n|-damage|p1a: Conkeldurr|72/100 brn|[from] brn\n|upkeep\n|\n|t:|1771264692\n|switch|p2a: Tapu Koko|Tapu Koko|100/100\n|-fieldstart|move: Electric Terrain|[from] ability: Electric Surge|[of] p2a: Tapu Koko\n|turn|13\n|\n|t:|1771264700\n|switch|p1a: Marowak|Marowak-Alola, M|100/100\n|-zpower|p2a: Tapu Koko\n|move|p2a: Tapu Koko|Gigavolt Havoc|p1a: Marowak|[zeffect]\n|-ability|p1a: Marowak|Lightning Rod|boost\n|-boost|p1a: Marowak|spa|1\n|\n|-fieldend|move: Trick Room\n|upkeep\n|turn|14\n|\n|t:|1771264714\n|move|p2a: Tapu Koko|U-turn|p1a: Marowak\n|-resisted|p1a: Marowak\n|-damage|p1a: Marowak|96/100\n|l|☆doodieray\n|inactive|doodieray disconnected and has a minute to reconnect!\n|player|p2|\n|inactive|doodieray has 30 seconds to reconnect!\n|inactive|doodieray has 20 seconds to reconnect!\n|j|☆doodieray\n|inactive|doodieray reconnected and has 105 seconds left.\n|player|p2|doodieray|101|\n|\n|t:|1771264765\n|switch|p2a: Alomomola|Alomomola, F|68/100 tox|[from] U-turn\n|move|p1a: Marowak|Poltergeist|p2a: Alomomola\n|-activate|p2a: Alomomola|move: Poltergeist|Assault Vest\n|-damage|p2a: Alomomola|3/100 tox\n|\n|-damage|p2a: Alomomola|0 fnt|[from] psn\n|faint|p2a: Alomomola\n|upkeep\n|\n|t:|1771264768\n|switch|p2a: Iron Valiant|Iron Valiant|100/100\n|-activate|p2a: Iron Valiant|ability: Quark Drive\n|-start|p2a: Iron Valiant|quarkdrivespa\n|turn|15\n|\n|t:|1771264784\n|move|p2a: Iron Valiant|Moonblast|p1a: Marowak\n|-resisted|p1a: Marowak\n|-damage|p1a: Marowak|28/100\n|move|p1a: Marowak|Flare Blitz|p2a: Iron Valiant\n|-damage|p2a: Iron Valiant|0 fnt\n|faint|p2a: Iron Valiant\n|-end|p2a: Iron Valiant|Quark Drive|[silent]\n|-damage|p1a: Marowak|0 fnt|[from] Recoil\n|faint|p1a: Marowak\n|\n|upkeep\n|inactive|doodieray has 120 seconds left.\n|\n|t:|1771264794\n|switch|p2a: Kingambit|Kingambit, M|100/100\n|switch|p1a: Porygon2|Porygon2|80/100\n|-activate|p2a: Kingambit|ability: Supreme Overlord\n|-start|p2a: Kingambit|fallen3|[silent]\n|-ability|p1a: Porygon2|Supreme Overlord|Trace|[from] ability: Trace|[of] p2a: Kingambit\n|-activate|p1a: Porygon2|ability: Supreme Overlord\n|-start|p1a: Porygon2|fallen2|[silent]\n|turn|16\n|\n|t:|1771264800\n|move|p2a: Kingambit|Iron Head|p1a: Porygon2\n|-damage|p1a: Porygon2|29/100\n|move|p1a: Porygon2|Trick Room|p1a: Porygon2\n|-fieldstart|move: Trick Room|[of] p1a: Porygon2\n|\n|upkeep\n|turn|17\n|\n|t:|1771264807\n|move|p2a: Kingambit|Pursuit|p1a: Porygon2\n|-damage|p1a: Porygon2|0 fnt\n|faint|p1a: Porygon2\n|-end|p1a: Porygon2|fallen2|[silent]\n|\n|-fieldend|move: Electric Terrain\n|upkeep\n|\n|t:|1771264812\n|switch|p1a: Conkeldurr|Conkeldurr, M|72/100 brn\n|turn|18\n|\n|t:|1771264815\n|-end|p2a: Kingambit|fallen3|[silent]\n|switch|p2a: Tapu Koko|Tapu Koko|100/100\n|-fieldstart|move: Electric Terrain|[from] ability: Electric Surge|[of] p2a: Tapu Koko\n|move|p1a: Conkeldurr|Close Combat|p2a: Tapu Koko\n|-resisted|p2a: Tapu Koko\n|-damage|p2a: Tapu Koko|20/100\n|-unboost|p1a: Conkeldurr|def|1\n|-unboost|p1a: Conkeldurr|spd|1\n|\n|-damage|p1a: Conkeldurr|66/100 brn|[from] brn\n|upkeep\n|turn|19\n|\n|t:|1771264827\n|switch|p2a: Ferrothorn|Ferrothorn, F|100/100\n|move|p1a: Conkeldurr|Close Combat|p2a: Ferrothorn\n|-supereffective|p2a: Ferrothorn\n|-damage|p2a: Ferrothorn|0 fnt\n|-unboost|p1a: Conkeldurr|def|1\n|-unboost|p1a: Conkeldurr|spd|1\n|-damage|p1a: Conkeldurr|53/100 brn|[from] ability: Iron Barbs|[of] p2a: Ferrothorn\n|faint|p2a: Ferrothorn\n|\n|-damage|p1a: Conkeldurr|47/100 brn|[from] brn\n|upkeep\n|\n|t:|1771264838\n|switch|p2a: Tapu Koko|Tapu Koko|20/100\n|turn|20\n|\n|t:|1771264860\n|switch|p1a: Diancie|Diancie, shiny|100/100\n|move|p2a: Tapu Koko|Thunderbolt|p1a: Diancie\n|-damage|p1a: Diancie|60/100\n|\n|-fieldend|move: Trick Room\n|upkeep\n|turn|21\n|\n|t:|1771264868\n|move|p2a: Tapu Koko|Thunderbolt|p1a: Diancie\n|-damage|p1a: Diancie|23/100\n|move|p1a: Diancie|Trick Room|p1a: Diancie\n|-fieldstart|move: Trick Room|[of] p1a: Diancie\n|\n|upkeep\n|turn|22\n|\n|t:|1771264874\n|switch|p2a: Kingambit|Kingambit, M|100/100\n|-activate|p2a: Kingambit|ability: Supreme Overlord\n|-start|p2a: Kingambit|fallen4|[silent]\n|move|p1a: Diancie|Moonblast|p2a: Kingambit\n|-damage|p2a: Kingambit|46/100\n|\n|-fieldend|move: Electric Terrain\n|upkeep\n|turn|23\n|\n|t:|1771264880\n|move|p2a: Kingambit|Sucker Punch|p1a: Diancie\n|-resisted|p1a: Diancie\n|-damage|p1a: Diancie|0 fnt\n|faint|p1a: Diancie\n|\n|upkeep\n|\n|t:|1771264891\n|switch|p1a: Conkeldurr|Conkeldurr, M|47/100 brn\n|turn|24\n|\n|t:|1771264897\n|-end|p2a: Kingambit|fallen4|[silent]\n|switch|p2a: Tapu Koko|Tapu Koko|20/100\n|-fieldstart|move: Electric Terrain|[from] ability: Electric Surge|[of] p2a: Tapu Koko\n|move|p1a: Conkeldurr|Mach Punch|p2a: Tapu Koko\n|-resisted|p2a: Tapu Koko\n|-damage|p2a: Tapu Koko|0 fnt\n|faint|p2a: Tapu Koko\n|\n|-damage|p1a: Conkeldurr|41/100 brn|[from] brn\n|upkeep\n|\n|t:|1771264900\n|switch|p2a: Kingambit|Kingambit, M|46/100\n|-activate|p2a: Kingambit|ability: Supreme Overlord\n|-start|p2a: Kingambit|fallen5|[silent]\n|turn|25\n|\n|t:|1771264903\n|move|p1a: Conkeldurr|Mach Punch|p2a: Kingambit\n|-supereffective|p2a: Kingambit\n|-damage|p2a: Kingambit|0 fnt\n|faint|p2a: Kingambit\n|-end|p2a: Kingambit|fallen5|[silent]\n|\n|win|Azurnal\n|raw|Azurnal's rating: 1546 &rarr; <strong>1569</strong><br />(+23 for winning)\n|raw|doodieray's rating: 1604 &rarr; <strong>1581</strong><br />(-23 for losing)\n|l|☆doodieray\n|player|p2|\n|l|☆Azurnal\n|player|p1|\n", "uploadtime": 1771265068, "views": 3, "formatid": "gen9nationaldex", "rating": 1569, "private": 0, "password": null}