{"id": "gen9nationaldex-2540802816", "format": "[Gen 9] National Dex", "players": ["Ichigxo", "Sonanta"], "log": "|j|☆Ichigxo\n|j|☆Sonanta\n|t:|1771255619\n|gametype|singles\n|player|p1|Ichigxo|cynthia-gen4|1542\n|player|p2|Sonanta|1|1570\n|gen|9\n|tier|[Gen 9] National Dex\n|rated|\n|rule|HP Percentage Mod: HP is shown in percentages\n|rule|Endless Battle Clause: Forcing endless battles is banned\n|rule|Species Clause: Limit one of each Pokémon\n|rule|OHKO Clause: OHKO moves are banned\n|rule|Evasion Clause: Evasion abilities, items, and moves are banned\n|rule|Evasion Abilities Clause: Evasion abilities are banned\n|rule|Evasion Items Clause: Evasion items are banned\n|rule|Evasion Moves Clause: Evasion moves are banned\n|rule|Sleep Clause Mod: Limit one foe put to sleep\n|rule|Terastal Clause: You cannot Terastallize\n|clearpoke\n|poke|p1|Lopunny, F|\n|poke|p1|Ting-Lu|\n|poke|p1|Melmetal|\n|poke|p1|Moltres|\n|poke|p1|Latios, M|\n|poke|p1|Iron Valiant|\n|poke|p2|Urshifu-*, F|\n|poke|p2|Garchomp, M|\n|poke|p2|Togekiss, M|\n|poke|p2|Chansey, F|\n|poke|p2|Zapdos|\n|poke|p2|Dondozo, M|\n|teampreview\n|\n|t:|1771255631\n|teamsize|p1|6\n|teamsize|p2|6\n|start\n|switch|p1a: Iron Valiant|Iron Valiant, shiny|100/100\n|switch|p2a: Urshifu|Urshifu-Rapid-Strike, F|100/100\n|turn|1\n|\n|t:|1771255641\n|-end|p1a: Iron Valiant|Quark Drive|[silent]\n|switch|p1a: Latios|Latios, M|100/100\n|switch|p2a: MaMa|Chansey, F|100/100\n|\n|upkeep\n|turn|2\n|inactive|Battle timer is ON: inactive players will automatically lose when time's up. (requested by Sonanta)\n|\n|t:|1771255649\n|move|p1a: Latios|Flip Turn|p2a: MaMa\n|-damage|p2a: MaMa|93/100\n|\n|t:|1771255652\n|switch|p1a: Melmetal|Melmetal|100/100|[from] Flip Turn\n|move|p2a: MaMa|Toxic|p1a: Melmetal|[miss]\n|-miss|p2a: MaMa|p1a: Melmetal\n|\n|upkeep\n|turn|3\n|\n|t:|1771255665\n|switch|p2a: 220 Volt|Zapdos|100/100\n|move|p1a: Melmetal|Double Iron Bash|p2a: 220 Volt\n|-resisted|p2a: 220 Volt\n|-damage|p2a: 220 Volt|84/100\n|-resisted|p2a: 220 Volt\n|-damage|p2a: 220 Volt|67/100\n|-hitcount|p2a: 220 Volt|2\n|\n|upkeep\n|turn|4\n|\n|t:|1771255673\n|move|p2a: 220 Volt|Hurricane|p1a: Melmetal|[miss]\n|-miss|p2a: 220 Volt|p1a: Melmetal\n|move|p1a: Melmetal|Ice Punch|p2a: 220 Volt\n|-supereffective|p2a: 220 Volt\n|-damage|p2a: 220 Volt|7/100\n|\n|upkeep\n|turn|5\n|\n|t:|1771255687\n|move|p2a: 220 Volt|Roost|p2a: 220 Volt\n|-heal|p2a: 220 Volt|57/100\n|-singleturn|p2a: 220 Volt|move: Roost\n|move|p1a: Melmetal|Thunder Punch|p2a: 220 Volt\n|-resisted|p2a: 220 Volt\n|-damage|p2a: 220 Volt|43/100\n|\n|upkeep\n|turn|6\n|\n|t:|1771255702\n|move|p2a: 220 Volt|Roost|p2a: 220 Volt\n|-heal|p2a: 220 Volt|93/100\n|-singleturn|p2a: 220 Volt|move: Roost\n|move|p1a: Melmetal|Ice Punch|p2a: 220 Volt\n|-damage|p2a: 220 Volt|61/100\n|\n|upkeep\n|turn|7\n|\n|t:|1771255714\n|move|p2a: 220 Volt|Volt Switch|p1a: Melmetal\n|-damage|p1a: Melmetal|76/100\n|\n|t:|1771255722\n|switch|p2a: Urshifu|Urshifu-Rapid-Strike, F|100/100|[from] Volt Switch\n|move|p1a: Melmetal|Ice Punch|p2a: Urshifu\n|-resisted|p2a: Urshifu\n|-damage|p2a: Urshifu|79/100\n|\n|upkeep\n|turn|8\n|\n|t:|1771255736\n|switch|p1a: Latios|Latios, M|100/100\n|move|p2a: Urshifu|Close Combat|p1a: Latios\n|-resisted|p1a: Latios\n|-damage|p1a: Latios|36/100\n|-unboost|p2a: Urshifu|def|1\n|-unboost|p2a: Urshifu|spd|1\n|\n|upkeep\n|turn|9\n|\n|t:|1771255744\n|switch|p2a: MaMa|Chansey, F|93/100\n|move|p1a: Latios|Luster Purge|p2a: MaMa\n|-damage|p2a: MaMa|77/100\n|-unboost|p2a: MaMa|spd|1\n|\n|upkeep\n|turn|10\n|\n|t:|1771255752\n|switch|p1a: Melmetal|Melmetal|76/100\n|switch|p2a: Urshifu|Urshifu-Rapid-Strike, F|79/100\n|\n|upkeep\n|turn|11\n|\n|t:|1771255761\n|switch|p1a: Moltres|Moltres|100/100\n|move|p2a: Urshifu|Close Combat|p1a: Moltres\n|-resisted|p1a: Moltres\n|-damage|p1a: Moltres|63/100\n|-unboost|p2a: Urshifu|def|1\n|-unboost|p2a: Urshifu|spd|1\n|-status|p2a: Urshifu|brn|[from] ability: Flame Body|[of] p1a: Moltres\n|\n|-damage|p2a: Urshifu|73/100 brn|[from] brn\n|upkeep\n|turn|12\n|\n|t:|1771255773\n|switch|p2a: MaMa|Chansey, F|77/100\n|move|p1a: Moltres|U-turn|p2a: MaMa\n|-damage|p2a: MaMa|67/100\n|\n|t:|1771255782\n|switch|p1a: Melmetal|Melmetal|76/100|[from] U-turn\n|\n|upkeep\n|turn|13\n|\n|t:|1771255788\n|switch|p2a: 220 Volt|Zapdos|61/100\n|move|p1a: Melmetal|Double Iron Bash|p2a: 220 Volt\n|-resisted|p2a: 220 Volt\n|-damage|p2a: 220 Volt|45/100\n|-resisted|p2a: 220 Volt\n|-damage|p2a: 220 Volt|27/100\n|-hitcount|p2a: 220 Volt|2\n|\n|upkeep\n|turn|14\n|\n|t:|1771255799\n|switch|p1a: Ting-Lu|Ting-Lu|100/100\n|-ability|p1a: Ting-Lu|Vessel of Ruin\n|move|p2a: 220 Volt|Roost|p2a: 220 Volt\n|-heal|p2a: 220 Volt|77/100\n|-singleturn|p2a: 220 Volt|move: Roost\n|\n|upkeep\n|turn|15\n|\n|t:|1771255812\n|switch|p2a: MaMa|Chansey, F|67/100\n|move|p1a: Ting-Lu|Stealth Rock|p2a: MaMa\n|-sidestart|p2: Sonanta|move: Stealth Rock\n|\n|upkeep\n|turn|16\n|\n|t:|1771255820\n|switch|p1a: Melmetal|Melmetal|76/100\n|move|p2a: MaMa|Heal Bell|p2a: MaMa\n|-activate|p2a: MaMa|move: Heal Bell\n|-curestatus|p2: Urshifu|brn|[msg]\n|\n|upkeep\n|turn|17\n|\n|t:|1771255829\n|switch|p2a: 220 Volt|Zapdos|77/100\n|move|p1a: Melmetal|Ice Punch|p2a: 220 Volt\n|-supereffective|p2a: 220 Volt\n|-damage|p2a: 220 Volt|18/100\n|\n|upkeep\n|turn|18\n|\n|t:|1771255843\n|move|p2a: 220 Volt|Defog|p1a: Melmetal\n|-unboost|p1a: Melmetal|evasion|1\n|-sideend|p2: Sonanta|Stealth Rock|[from] move: Defog|[of] p2a: 220 Volt\n|move|p1a: Melmetal|Double Iron Bash|p2a: 220 Volt\n|-resisted|p2a: 220 Volt\n|-damage|p2a: 220 Volt|0 fnt\n|faint|p2a: 220 Volt\n|-hitcount|p2: 220 Volt|1\n|\n|upkeep\n|\n|t:|1771255855\n|switch|p2a: Urshifu|Urshifu-Rapid-Strike, F|73/100\n|turn|19\n|\n|t:|1771255861\n|switch|p1a: Latios|Latios, M|36/100\n|move|p2a: Urshifu|Surging Strikes|p1a: Latios\n|-resisted|p1a: Latios\n|-crit|p1a: Latios\n|-damage|p1a: Latios|13/100\n|-resisted|p1a: Latios\n|-crit|p1a: Latios\n|-damage|p1a: Latios|0 fnt\n|faint|p1a: Latios\n|-hitcount|p1: Latios|2\n|\n|upkeep\n|\n|t:|1771255879\n|switch|p1a: Iron Valiant|Iron Valiant, shiny|100/100\n|turn|20\n|\n|t:|1771255887\n|switch|p2a: MaMa|Chansey, F|67/100\n|move|p1a: Iron Valiant|Aura Sphere|p2a: MaMa\n|-supereffective|p2a: MaMa\n|-damage|p2a: MaMa|29/100\n|\n|upkeep\n|turn|21\n|\n|t:|1771255897\n|switch|p2a: Kissa bb|Togekiss, M|100/100\n|move|p1a: Iron Valiant|Aura Sphere|p2a: Kissa bb\n|-resisted|p2a: Kissa bb\n|-damage|p2a: Kissa bb|86/100\n|\n|-heal|p2a: Kissa bb|92/100|[from] item: Leftovers\n|upkeep\n|turn|22\n|inactive|Sonanta has 120 seconds left.\n|\n|t:|1771255934\n|-end|p1a: Iron Valiant|Quark Drive|[silent]\n|switch|p1a: Ting-Lu|Ting-Lu|100/100\n|-ability|p1a: Ting-Lu|Vessel of Ruin\n|move|p2a: Kissa bb|Air Slash|p1a: Ting-Lu\n|-damage|p1a: Ting-Lu|86/100\n|\n|-heal|p2a: Kissa bb|99/100|[from] item: Leftovers\n|-heal|p1a: Ting-Lu|93/100|[from] item: Leftovers\n|upkeep\n|turn|23\n|inactive|Sonanta has 120 seconds left.\n|\n|t:|1771255946\n|move|p2a: Kissa bb|Nasty Plot|p2a: Kissa bb\n|-boost|p2a: Kissa bb|spa|2\n|move|p1a: Ting-Lu|Stealth Rock|p2a: Kissa bb\n|-sidestart|p2: Sonanta|move: Stealth Rock\n|\n|-heal|p2a: Kissa bb|100/100|[from] item: Leftovers\n|-heal|p1a: Ting-Lu|99/100|[from] item: Leftovers\n|upkeep\n|turn|24\n|inactive|Sonanta has 120 seconds left.\n|\n|t:|1771255953\n|move|p2a: Kissa bb|Air Slash|p1a: Ting-Lu\n|-damage|p1a: Ting-Lu|68/100\n|move|p1a: Ting-Lu|Ruination|p2a: Kissa bb\n|-damage|p2a: Kissa bb|51/100\n|\n|-heal|p2a: Kissa bb|57/100|[from] item: Leftovers\n|-heal|p1a: Ting-Lu|74/100|[from] item: Leftovers\n|upkeep\n|turn|25\n|\n|t:|1771255962\n|move|p2a: Kissa bb|Air Slash|p1a: Ting-Lu\n|-crit|p1a: Ting-Lu\n|-damage|p1a: Ting-Lu|24/100\n|cant|p1a: Ting-Lu|flinch\n|\n|-heal|p2a: Kissa bb|63/100|[from] item: Leftovers\n|-heal|p1a: Ting-Lu|31/100|[from] item: Leftovers\n|upkeep\n|turn|26\n|\n|t:|1771255969\n|move|p2a: Kissa bb|Air Slash|p1a: Ting-Lu\n|-damage|p1a: Ting-Lu|0 fnt\n|faint|p1a: Ting-Lu\n|\n|-heal|p2a: Kissa bb|69/100|[from] item: Leftovers\n|upkeep\n|\n|t:|1771255974\n|switch|p1a: Lopunny|Lopunny, F|100/100\n|turn|27\n|\n|t:|1771255978\n|detailschange|p1a: Lopunny|Lopunny-Mega, F\n|-mega|p1a: Lopunny|Lopunny|Lopunnite\n|move|p1a: Lopunny|Fake Out|p2a: Kissa bb\n|-damage|p2a: Kissa bb|42/100\n|cant|p2a: Kissa bb|flinch\n|\n|-heal|p2a: Kissa bb|48/100|[from] item: Leftovers\n|upkeep\n|turn|28\n|\n|t:|1771255991\n|move|p1a: Lopunny|Frustration|p2a: Kissa bb\n|-damage|p2a: Kissa bb|0 fnt\n|faint|p2a: Kissa bb\n|\n|upkeep\n|inactive|Sonanta has 120 seconds left.\n|l|☆Sonanta\n|inactive|Sonanta disconnected and has a minute to reconnect!\n|player|p2|\n|inactive|Sonanta has 30 seconds to reconnect!\n|inactive|Sonanta has 20 seconds to reconnect!\n|inactive|Sonanta has 15 seconds to reconnect!\n|inactive|Sonanta has 10 seconds to reconnect!\n|inactive|Sonanta has 5 seconds to reconnect!\n|-message|Sonanta lost due to inactivity.\n|\n|win|Ichigxo\n|raw|Ichigxo's rating: 1542 &rarr; <strong>1564</strong><br />(+22 for winning)\n|raw|Sonanta's rating: 1570 &rarr; <strong>1548</strong><br />(-22 for losing)\n|l|☆Ichigxo\n|player|p1|\n", "uploadtime": 1771256284, "views": 5, "formatid": "gen9nationaldex", "rating": 1548, "private": 0, "password": null}