{"id": "gen9nationaldex-2540817689", "format": "[Gen 9] National Dex", "players": ["noob1877", "riderzitto5"], "log": "|j|☆noob1877\n|j|☆riderzitto5\n|t:|1771257163\n|gametype|singles\n|player|p1|noob1877|169|1571\n|player|p2|riderzitto5|petrel|1725\n|gen|9\n|tier|[Gen 9] National Dex\n|rated|\n|rule|HP Percentage Mod: HP is shown in percentages\n|rule|Endless Battle Clause: Forcing endless battles is banned\n|rule|Species Clause: Limit one of each Pokémon\n|rule|OHKO Clause: OHKO moves are banned\n|rule|Evasion Clause: Evasion abilities, items, and moves are banned\n|rule|Evasion Abilities Clause: Evasion abilities are banned\n|rule|Evasion Items Clause: Evasion items are banned\n|rule|Evasion Moves Clause: Evasion moves are banned\n|rule|Sleep Clause Mod: Limit one foe put to sleep\n|rule|Terastal Clause: You cannot Terastallize\n|clearpoke\n|poke|p1|Aron, L1, F|\n|poke|p1|Tyranitar, M|\n|poke|p1|Slowking-Galar, F|\n|poke|p1|Terapagos, M|\n|poke|p1|Alomomola, F|\n|poke|p1|Tornadus-Therian, M|\n|poke|p2|Chansey, F|\n|poke|p2|Toxapex, F|\n|poke|p2|Corviknight, F|\n|poke|p2|Clodsire, M|\n|poke|p2|Dondozo, M|\n|poke|p2|Sableye, M|\n|teampreview\n|\n|t:|1771257205\n|teamsize|p1|6\n|teamsize|p2|6\n|start\n|switch|p1a: Slowking|Slowking-Galar, F|100/100\n|switch|p2a: Timid|Sableye, M, shiny|100/100\n|turn|1\n|inactive|Battle timer is ON: inactive players will automatically lose when time's up. (requested by riderzitto5)\n|\n|t:|1771257210\n|detailschange|p2a: Timid|Sableye-Mega, M, shiny\n|-mega|p2a: Timid|Sableye|Sablenite\n|move|p2a: Timid|Knock Off|p1a: Slowking\n|-supereffective|p1a: Slowking\n|-damage|p1a: Slowking|40/100\n|-enditem|p1a: Slowking|Heavy-Duty Boots|[from] move: Knock Off|[of] p2a: Timid\n|move|p1a: Slowking|Sludge Bomb|p2a: Timid\n|-resisted|p2a: Timid\n|-damage|p2a: Timid|83/100\n|\n|upkeep\n|turn|2\n|\n|t:|1771257219\n|switch|p1a: Alomomola|Alomomola, F|100/100\n|move|p2a: Timid|Knock Off|p1a: Alomomola\n|-damage|p1a: Alomomola|81/100\n|-damage|p2a: Timid|67/100|[from] item: Rocky Helmet|[of] p1a: Alomomola\n|-enditem|p1a: Alomomola|Rocky Helmet|[from] move: Knock Off|[of] p2a: Timid\n|\n|upkeep\n|turn|3\n|\n|t:|1771257227\n|move|p1a: Alomomola|Flip Turn|p2a: Timid\n|-damage|p2a: Timid|54/100\n|\n|t:|1771257229\n|switch|p1a: Slowking|Slowking-Galar, F|74/100|[from] Flip Turn\n|move|p2a: Timid|Recover|p2a: Timid\n|-heal|p2a: Timid|100/100\n|\n|upkeep\n|turn|4\n|\n|t:|1771257232\n|move|p2a: Timid|Knock Off|p1a: Slowking\n|-supereffective|p1a: Slowking\n|-damage|p1a: Slowking|32/100\n|move|p1a: Slowking|Sludge Bomb|p2a: Timid\n|-resisted|p2a: Timid\n|-damage|p2a: Timid|85/100\n|\n|upkeep\n|turn|5\n|\n|t:|1771257236\n|switch|p1a: Alomomola|Alomomola, F|100/100\n|move|p2a: Timid|Knock Off|p1a: Alomomola\n|-damage|p1a: Alomomola|88/100\n|\n|upkeep\n|turn|6\n|\n|t:|1771257239\n|move|p1a: Alomomola|Wish|p1a: Alomomola\n|move|p2a: Timid|Knock Off|p1a: Alomomola\n|-damage|p1a: Alomomola|77/100\n|\n|upkeep\n|turn|7\n|\n|t:|1771257242\n|switch|p1a: Slowking|Slowking-Galar, F|65/100\n|move|p2a: Timid|Knock Off|p1a: Slowking\n|-supereffective|p1a: Slowking\n|-damage|p1a: Slowking|22/100\n|\n|-heal|p1a: Slowking|82/100|[from] move: Wish|[wisher] Alomomola\n|upkeep\n|turn|8\n|\n|t:|1771257245\n|switch|p2a: ThePex|Toxapex, F, shiny|100/100\n|move|p1a: Slowking|Sludge Bomb|p2a: ThePex\n|-resisted|p2a: ThePex\n|-damage|p2a: ThePex|88/100\n|\n|-heal|p2a: ThePex|94/100|[from] item: Black Sludge\n|upkeep\n|turn|9\n|\n|t:|1771257251\n|move|p2a: ThePex|Toxic|p1a: Slowking\n|-immune|p1a: Slowking\n|move|p1a: Slowking|Psychic Noise|p2a: ThePex\n|-supereffective|p2a: ThePex\n|-damage|p2a: ThePex|47/100\n|-start|p2a: ThePex|move: Heal Block\n|\n|upkeep\n|turn|10\n|\n|t:|1771257259\n|switch|p2a: EggChan|Chansey, F, shiny|100/100\n|move|p1a: Slowking|Toxic Spikes|p2a: EggChan\n|-sidestart|p2: riderzitto5|move: Toxic Spikes\n|\n|upkeep\n|turn|11\n|\n|t:|1771257264\n|move|p2a: EggChan|Seismic Toss|p1a: Slowking\n|-damage|p1a: Slowking|57/100\n|move|p1a: Slowking|Psychic Noise|p2a: EggChan\n|-damage|p2a: EggChan|92/100\n|-start|p2a: EggChan|move: Heal Block\n|\n|upkeep\n|turn|12\n|\n|t:|1771257268\n|move|p2a: EggChan|Seismic Toss|p1a: Slowking\n|-damage|p1a: Slowking|31/100\n|-prepare|p1a: Slowking|Chilly Reception|[premajor]\n|move|p1a: Slowking|Chilly Reception|p1a: Slowking\n|-weather|Snowscape\n|\n|t:|1771257270\n|switch|p1a: Aron|Aron, L1, F|100/100|[from] Chilly Reception\n|\n|-weather|Snowscape|[upkeep]\n|-end|p2a: EggChan|move: Heal Block\n|upkeep\n|turn|13\n|\n|t:|1771257289\n|switch|p2a: ThePex|Toxapex, F, shiny|81/100\n|-sideend|p2: riderzitto5|move: Toxic Spikes|[of] p2a: ThePex\n|move|p1a: Aron|Endeavor|p2a: ThePex\n|-damage|p2a: ThePex|4/100\n|\n|-weather|Snowscape|[upkeep]\n|-heal|p2a: ThePex|10/100|[from] item: Black Sludge\n|upkeep\n|turn|14\n|\n|t:|1771257296\n|switch|p2a: Timid|Sableye-Mega, M, shiny|85/100\n|switch|p1a: Tyranitar|Tyranitar, M|100/100\n|-weather|Sandstorm|[from] ability: Sand Stream|[of] p1a: Tyranitar\n|\n|-weather|Sandstorm|[upkeep]\n|-damage|p2a: Timid|79/100|[from] Sandstorm\n|upkeep\n|turn|15\n|\n|t:|1771257308\n|detailschange|p1a: Tyranitar|Tyranitar-Mega, M\n|-mega|p1a: Tyranitar|Tyranitar|Tyranitarite\n|move|p2a: Timid|Protect|p2a: Timid\n|-singleturn|p2a: Timid|Protect\n|move|p1a: Tyranitar|Stone Edge|p2a: Timid\n|-activate|p2a: Timid|move: Protect\n|\n|-weather|Sandstorm|[upkeep]\n|-damage|p2a: Timid|73/100|[from] Sandstorm\n|upkeep\n|turn|16\n|\n|t:|1771257314\n|move|p1a: Tyranitar|Stone Edge|p2a: Timid\n|-damage|p2a: Timid|29/100\n|move|p2a: Timid|Will-O-Wisp|p1a: Tyranitar\n|-status|p1a: Tyranitar|brn\n|\n|-weather|Sandstorm|[upkeep]\n|-damage|p2a: Timid|23/100|[from] Sandstorm\n|-damage|p1a: Tyranitar|94/100 brn|[from] brn\n|upkeep\n|turn|17\n|\n|t:|1771257323\n|switch|p2a: Your BF|Corviknight, F|100/100\n|-ability|p2a: Your BF|Pressure\n|move|p1a: Tyranitar|Stone Edge|p2a: Your BF\n|-damage|p2a: Your BF|79/100\n|\n|-weather|Sandstorm|[upkeep]\n|-damage|p1a: Tyranitar|88/100 brn|[from] brn\n|upkeep\n|turn|18\n|\n|t:|1771257332\n|switch|p2a: Timid|Sableye-Mega, M, shiny|23/100\n|move|p1a: Tyranitar|Stealth Rock|p2a: Timid\n|move|p2a: Timid|Stealth Rock|p1a: Tyranitar|[from] ability: Magic Bounce\n|-sidestart|p1: noob1877|move: Stealth Rock\n|\n|-weather|none\n|-damage|p1a: Tyranitar|82/100 brn|[from] brn\n|upkeep\n|turn|19\n|\n|t:|1771257340\n|move|p1a: Tyranitar|Stone Edge|p2a: Timid\n|-damage|p2a: Timid|1/100\n|move|p2a: Timid|Recover|p2a: Timid\n|-heal|p2a: Timid|51/100\n|\n|-damage|p1a: Tyranitar|76/100 brn|[from] brn\n|upkeep\n|turn|20\n|\n|t:|1771257346\n|switch|p1a: Alomomola|Alomomola, F|100/100\n|-damage|p1a: Alomomola|88/100|[from] Stealth Rock\n|move|p2a: Timid|Recover|p2a: Timid\n|-heal|p2a: Timid|100/100\n|\n|upkeep\n|turn|21\n|\n|t:|1771257357\n|switch|p2a: ThePex|Toxapex, F, shiny|44/100\n|move|p1a: Alomomola|Flip Turn|p2a: ThePex\n|-resisted|p2a: ThePex\n|-damage|p2a: ThePex|38/100\n|\n|t:|1771257359\n|switch|p1a: Tornadus|Tornadus-Therian, M|100/100|[from] Flip Turn\n|-damage|p1a: Tornadus|76/100|[from] Stealth Rock\n|\n|-heal|p2a: ThePex|44/100|[from] item: Black Sludge\n|upkeep\n|turn|22\n|\n|t:|1771257366\n|move|p1a: Tornadus|Bleakwind Storm|p2a: ThePex\n|-damage|p2a: ThePex|0 fnt\n|faint|p2a: ThePex\n|-damage|p1a: Tornadus|66/100|[from] item: Life Orb\n|\n|upkeep\n|\n|t:|1771257372\n|switch|p2a: hehhehe|Clodsire, M, shiny|100/100\n|turn|23\n|\n|t:|1771257375\n|move|p1a: Tornadus|Defog|p2a: hehhehe\n|-unboost|p2a: hehhehe|evasion|1\n|-sideend|p1: noob1877|Stealth Rock|[from] move: Defog|[of] p1a: Tornadus\n|move|p2a: hehhehe|Poison Jab|p1a: Tornadus\n|-damage|p1a: Tornadus|35/100\n|\n|upkeep\n|turn|24\n|\n|t:|1771257382\n|switch|p1a: Alomomola|Alomomola, F|100/100\n|move|p2a: hehhehe|Stealth Rock|p1a: Alomomola\n|-sidestart|p1: noob1877|move: Stealth Rock\n|\n|upkeep\n|turn|25\n|\n|t:|1771257390\n|move|p1a: Alomomola|Flip Turn|p2a: hehhehe\n|-supereffective|p2a: hehhehe\n|-damage|p2a: hehhehe|66/100\n|\n|t:|1771257392\n|switch|p1a: Terapagos|Terapagos, M|100/100|[from] Flip Turn\n|-activate|p1a: Terapagos|ability: Tera Shift\n|detailschange|p1a: Terapagos|Terapagos-Terastal, M\n|-heal|p1a: Terapagos|100/100|[silent]\n|move|p2a: hehhehe|Poison Jab|p1a: Terapagos\n|-activate|p1a: Terapagos|ability: Tera Shell\n|-resisted|p1a: Terapagos\n|-damage|p1a: Terapagos|90/100\n|\n|-heal|p2a: hehhehe|73/100|[from] item: Black Sludge\n|upkeep\n|turn|26\n|j| corvipelon\n|\n|t:|1771257405\n|switch|p2a: Timid|Sableye-Mega, M, shiny|100/100\n|move|p1a: Terapagos|Rapid Spin|p2a: Timid\n|-immune|p2a: Timid\n|\n|upkeep\n|turn|27\n|\n|t:|1771257417\n|switch|p1a: Alomomola|Alomomola, F|100/100\n|-damage|p1a: Alomomola|88/100|[from] Stealth Rock\n|move|p2a: Timid|Will-O-Wisp|p1a: Alomomola\n|-status|p1a: Alomomola|brn\n|\n|-damage|p1a: Alomomola|82/100 brn|[from] brn\n|upkeep\n|turn|28\n|\n|t:|1771257423\n|move|p1a: Alomomola|Wish|p1a: Alomomola\n|move|p2a: Timid|Will-O-Wisp|p1a: Alomomola\n|-fail|p1a: Alomomola|brn\n|\n|-damage|p1a: Alomomola|76/100 brn|[from] brn\n|upkeep\n|turn|29\n|\n|t:|1771257425\n|switch|p1a: Slowking|Slowking-Galar, F|65/100\n|-damage|p1a: Slowking|52/100|[from] Stealth Rock\n|move|p2a: Timid|Will-O-Wisp|p1a: Slowking\n|-status|p1a: Slowking|brn\n|\n|-heal|p1a: Slowking|100/100 brn|[from] move: Wish|[wisher] Alomomola\n|-damage|p1a: Slowking|94/100 brn|[from] brn\n|upkeep\n|turn|30\n|\n|t:|1771257434\n|switch|p2a: EggChan|Chansey, F, shiny|92/100\n|move|p1a: Slowking|Sludge Bomb|p2a: EggChan\n|-damage|p2a: EggChan|84/100\n|\n|-damage|p1a: Slowking|88/100 brn|[from] brn\n|upkeep\n|turn|31\n|\n|t:|1771257441\n|move|p2a: EggChan|Wish|p2a: EggChan\n|move|p1a: Slowking|Toxic Spikes|p2a: EggChan\n|-sidestart|p2: riderzitto5|move: Toxic Spikes\n|\n|-damage|p1a: Slowking|82/100 brn|[from] brn\n|upkeep\n|turn|32\n|\n|t:|1771257446\n|switch|p2a: hehhehe|Clodsire, M, shiny|73/100\n|-sideend|p2: riderzitto5|move: Toxic Spikes|[of] p2a: hehhehe\n|move|p1a: Slowking|Psychic Noise|p2a: hehhehe\n|-supereffective|p2a: hehhehe\n|-damage|p2a: hehhehe|44/100\n|-start|p2a: hehhehe|move: Heal Block\n|\n|-damage|p1a: Slowking|76/100 brn|[from] brn\n|upkeep\n|turn|33\n|\n|t:|1771257470\n|switch|p2a: EggChan|Chansey, F, shiny|84/100\n|move|p1a: Slowking|Psychic Noise|p2a: EggChan\n|-damage|p2a: EggChan|76/100\n|-start|p2a: EggChan|move: Heal Block\n|\n|-damage|p1a: Slowking|70/100 brn|[from] brn\n|upkeep\n|turn|34\n|\n|t:|1771257477\n|move|p2a: EggChan|Seismic Toss|p1a: Slowking\n|-damage|p1a: Slowking|45/100 brn\n|move|p1a: Slowking|Sludge Bomb|p2a: EggChan\n|-damage|p2a: EggChan|67/100\n|\n|-damage|p1a: Slowking|38/100 brn|[from] brn\n|-end|p2a: EggChan|move: Heal Block\n|upkeep\n|turn|35\n|\n|t:|1771257482\n|switch|p1a: Alomomola|Alomomola, F|100/100 brn\n|-damage|p1a: Alomomola|88/100 brn|[from] Stealth Rock\n|move|p2a: EggChan|Seismic Toss|p1a: Alomomola\n|-damage|p1a: Alomomola|67/100 brn\n|\n|-damage|p1a: Alomomola|61/100 brn|[from] brn\n|upkeep\n|turn|36\n|\n|t:|1771257487\n|move|p2a: EggChan|Seismic Toss|p1a: Alomomola\n|-damage|p1a: Alomomola|40/100 brn\n|move|p1a: Alomomola|Flip Turn|p2a: EggChan\n|-damage|p2a: EggChan|62/100\n|\n|t:|1771257489\n|switch|p1a: Tornadus|Tornadus-Therian, M|68/100|[from] Flip Turn\n|-damage|p1a: Tornadus|43/100|[from] Stealth Rock\n|\n|upkeep\n|turn|37\n|\n|t:|1771257496\n|move|p1a: Tornadus|Defog|p2a: EggChan\n|-unboost|p2a: EggChan|evasion|1\n|-sideend|p1: noob1877|Stealth Rock|[from] move: Defog|[of] p1a: Tornadus\n|move|p2a: EggChan|Seismic Toss|p1a: Tornadus\n|-damage|p1a: Tornadus|10/100\n|\n|upkeep\n|turn|38\n|\n|t:|1771257499\n|switch|p1a: Alomomola|Alomomola, F|73/100 brn\n|move|p2a: EggChan|Seismic Toss|p1a: Alomomola\n|-damage|p1a: Alomomola|52/100 brn\n|\n|-damage|p1a: Alomomola|46/100 brn|[from] brn\n|upkeep\n|turn|39\n|\n|t:|1771257505\n|move|p2a: EggChan|Wish|p2a: EggChan\n|move|p1a: Alomomola|Flip Turn|p2a: EggChan\n|-damage|p2a: EggChan|55/100\n|\n|t:|1771257508\n|switch|p1a: Slowking|Slowking-Galar, F|72/100 brn|[from] Flip Turn\n|\n|-damage|p1a: Slowking|66/100 brn|[from] brn\n|upkeep\n|turn|40\n|\n|t:|1771257513\n|switch|p2a: Timid|Sableye-Mega, M, shiny|100/100\n|move|p1a: Slowking|Psychic Noise|p2a: Timid\n|-immune|p2a: Timid\n|\n|-damage|p1a: Slowking|60/100 brn|[from] brn\n|upkeep\n|turn|41\n|\n|t:|1771257518\n|move|p2a: Timid|Knock Off|p1a: Slowking\n|-supereffective|p1a: Slowking\n|-damage|p1a: Slowking|19/100 brn\n|move|p1a: Slowking|Sludge Bomb|p2a: Timid\n|-resisted|p2a: Timid\n|-damage|p2a: Timid|83/100\n|\n|-damage|p1a: Slowking|13/100 brn|[from] brn\n|upkeep\n|turn|42\n|\n|t:|1771257522\n|switch|p1a: Alomomola|Alomomola, F|79/100 brn\n|move|p2a: Timid|Knock Off|p1a: Alomomola\n|-damage|p1a: Alomomola|68/100 brn\n|\n|-damage|p1a: Alomomola|62/100 brn|[from] brn\n|upkeep\n|turn|43\n|\n|t:|1771257528\n|switch|p2a: hehhehe|Clodsire, M, shiny|44/100\n|move|p1a: Alomomola|Wish|p1a: Alomomola\n|\n|-heal|p2a: hehhehe|50/100|[from] item: Black Sludge\n|-damage|p1a: Alomomola|56/100 brn|[from] brn\n|upkeep\n|turn|44\n|\n|t:|1771257534\n|switch|p1a: Tornadus|Tornadus-Therian, M|43/100\n|move|p2a: hehhehe|Stealth Rock|p1a: Tornadus\n|-sidestart|p1: noob1877|move: Stealth Rock\n|\n|-heal|p1a: Tornadus|100/100|[from] move: Wish|[wisher] Alomomola\n|-heal|p2a: hehhehe|57/100|[from] item: Black Sludge\n|upkeep\n|turn|45\n|\n|t:|1771257538\n|move|p1a: Tornadus|Bleakwind Storm|p2a: hehhehe\n|-damage|p2a: hehhehe|26/100\n|-damage|p1a: Tornadus|91/100|[from] item: Life Orb\n|move|p2a: hehhehe|Recover|p2a: hehhehe\n|-heal|p2a: hehhehe|76/100\n|\n|-heal|p2a: hehhehe|82/100|[from] item: Black Sludge\n|upkeep\n|turn|46\n|\n|t:|1771257541\n|move|p1a: Tornadus|Defog|p2a: hehhehe\n|-unboost|p2a: hehhehe|evasion|1\n|-sideend|p1: noob1877|Stealth Rock|[from] move: Defog|[of] p1a: Tornadus\n|move|p2a: hehhehe|Poison Jab|p1a: Tornadus\n|-damage|p1a: Tornadus|59/100\n|-status|p1a: Tornadus|psn\n|\n|-heal|p2a: hehhehe|88/100|[from] item: Black Sludge\n|-damage|p1a: Tornadus|46/100 psn|[from] psn\n|upkeep\n|turn|47\n|\n|t:|1771257554\n|switch|p1a: Alomomola|Alomomola, F|89/100 brn\n|move|p2a: hehhehe|Stealth Rock|p1a: Alomomola\n|-sidestart|p1: noob1877|move: Stealth Rock\n|\n|-heal|p2a: hehhehe|94/100|[from] item: Black Sludge\n|-damage|p1a: Alomomola|83/100 brn|[from] brn\n|upkeep\n|turn|48\n|\n|t:|1771257573\n|switch|p2a: Timid|Sableye-Mega, M, shiny|83/100\n|move|p1a: Alomomola|Wish|p1a: Alomomola\n|\n|-damage|p1a: Alomomola|77/100 brn|[from] brn\n|upkeep\n|turn|49\n|\n|t:|1771257582\n|move|p2a: Timid|Protect|p2a: Timid\n|-singleturn|p2a: Timid|Protect\n|move|p1a: Alomomola|Flip Turn|p2a: Timid\n|-activate|p2a: Timid|move: Protect\n|\n|-heal|p1a: Alomomola|100/100 brn|[from] move: Wish|[wisher] Alomomola\n|-damage|p1a: Alomomola|94/100 brn|[from] brn\n|upkeep\n|turn|50\n|\n|t:|1771257588\n|move|p1a: Alomomola|Flip Turn|p2a: Timid\n|-damage|p2a: Timid|77/100\n|\n|t:|1771257590\n|switch|p1a: Tyranitar|Tyranitar-Mega, M|76/100 brn|[from] Flip Turn\n|-damage|p1a: Tyranitar|64/100 brn|[from] Stealth Rock\n|-weather|Sandstorm|[from] ability: Sand Stream|[of] p1a: Tyranitar\n|move|p2a: Timid|Knock Off|p1a: Tyranitar\n|-resisted|p1a: Tyranitar\n|-damage|p1a: Tyranitar|57/100 brn\n|\n|-weather|Sandstorm|[upkeep]\n|-damage|p2a: Timid|71/100|[from] Sandstorm\n|-damage|p1a: Tyranitar|51/100 brn|[from] brn\n|upkeep\n|turn|51\n|\n|t:|1771257596\n|move|p1a: Tyranitar|Knock Off|p2a: Timid\n|-damage|p2a: Timid|55/100\n|move|p2a: Timid|Knock Off|p1a: Tyranitar\n|-resisted|p1a: Tyranitar\n|-damage|p1a: Tyranitar|44/100 brn\n|\n|-weather|Sandstorm|[upkeep]\n|-damage|p2a: Timid|49/100|[from] Sandstorm\n|-damage|p1a: Tyranitar|38/100 brn|[from] brn\n|upkeep\n|turn|52\n|\n|t:|1771257601\n|switch|p1a: Alomomola|Alomomola, F|100/100 brn\n|-damage|p1a: Alomomola|88/100 brn|[from] Stealth Rock\n|move|p2a: Timid|Recover|p2a: Timid\n|-heal|p2a: Timid|99/100\n|\n|-weather|Sandstorm|[upkeep]\n|-damage|p1a: Alomomola|82/100 brn|[from] Sandstorm\n|-damage|p2a: Timid|94/100|[from] Sandstorm\n|-damage|p1a: Alomomola|76/100 brn|[from] brn\n|upkeep\n|turn|53\n|\n|t:|1771257608\n|switch|p2a: Your BF|Corviknight, F|79/100\n|-ability|p2a: Your BF|Pressure\n|move|p1a: Alomomola|Wish|p1a: Alomomola\n|\n|-weather|Sandstorm|[upkeep]\n|-damage|p1a: Alomomola|70/100 brn|[from] Sandstorm\n|-damage|p1a: Alomomola|64/100 brn|[from] brn\n|upkeep\n|turn|54\n|\n|t:|1771257613\n|move|p2a: Your BF|Iron Defense|p2a: Your BF\n|-boost|p2a: Your BF|def|2\n|move|p1a: Alomomola|Flip Turn|p2a: Your BF\n|-damage|p2a: Your BF|77/100\n|-damage|p1a: Alomomola|47/100 brn|[from] item: Rocky Helmet|[of] p2a: Your BF\n|\n|t:|1771257616\n|switch|p1a: Slowking|Slowking-Galar, F|47/100 brn|[from] Flip Turn\n|-damage|p1a: Slowking|34/100 brn|[from] Stealth Rock\n|\n|-weather|none\n|-heal|p1a: Slowking|94/100 brn|[from] move: Wish|[wisher] Alomomola\n|-damage|p1a: Slowking|88/100 brn|[from] brn\n|upkeep\n|turn|55\n|\n|t:|1771257630\n|switch|p2a: Timid|Sableye-Mega, M, shiny|94/100\n|move|p1a: Slowking|Toxic Spikes|p2a: Timid\n|move|p2a: Timid|Toxic Spikes|p1a: Slowking|[from] ability: Magic Bounce\n|-sidestart|p1: noob1877|move: Toxic Spikes\n|\n|-damage|p1a: Slowking|82/100 brn|[from] brn\n|upkeep\n|turn|56\n|\n|t:|1771257636\n|move|p2a: Timid|Knock Off|p1a: Slowking\n|-supereffective|p1a: Slowking\n|-damage|p1a: Slowking|42/100 brn\n|move|p1a: Slowking|Sludge Bomb|p2a: Timid\n|-resisted|p2a: Timid\n|-damage|p2a: Timid|77/100\n|-status|p2a: Timid|psn\n|\n|-damage|p2a: Timid|65/100 psn|[from] psn\n|-damage|p1a: Slowking|36/100 brn|[from] brn\n|upkeep\n|turn|57\n|\n|t:|1771257644\n|switch|p2a: EggChan|Chansey, F, shiny|55/100\n|switch|p1a: Alomomola|Alomomola, F|80/100 brn\n|-damage|p1a: Alomomola|68/100 brn|[from] Stealth Rock\n|\n|-damage|p1a: Alomomola|62/100 brn|[from] brn\n|upkeep\n|turn|58\n|\n|t:|1771257651\n|switch|p1a: Terapagos|Terapagos-Terastal, M|90/100\n|move|p2a: EggChan|Wish|p2a: EggChan\n|\n|upkeep\n|turn|59\n|\n|t:|1771257655\n|switch|p2a: Timid|Sableye-Mega, M, shiny|65/100 psn\n|move|p1a: Terapagos|Ice Beam|p2a: Timid\n|-damage|p2a: Timid|37/100 psn\n|\n|-heal|p2a: Timid|100/100 psn|[from] move: Wish|[wisher] EggChan\n|-damage|p2a: Timid|88/100 psn|[from] psn\n|upkeep\n|turn|60\n|\n|t:|1771257662\n|switch|p1a: Slowking|Slowking-Galar, F|69/100 brn\n|-damage|p1a: Slowking|56/100 brn|[from] Stealth Rock\n|-sideend|p1: noob1877|move: Toxic Spikes|[of] p1a: Slowking\n|move|p2a: Timid|Knock Off|p1a: Slowking\n|-supereffective|p1a: Slowking\n|-damage|p1a: Slowking|19/100 brn\n|\n|-damage|p2a: Timid|76/100 psn|[from] psn\n|-damage|p1a: Slowking|13/100 brn|[from] brn\n|upkeep\n|turn|61\n|\n|t:|1771257669\n|switch|p1a: Alomomola|Alomomola, F|95/100 brn\n|-damage|p1a: Alomomola|82/100 brn|[from] Stealth Rock\n|move|p2a: Timid|Knock Off|p1a: Alomomola\n|-damage|p1a: Alomomola|71/100 brn\n|\n|-damage|p2a: Timid|64/100 psn|[from] psn\n|-damage|p1a: Alomomola|65/100 brn|[from] brn\n|upkeep\n|turn|62\n|\n|t:|1771257675\n|switch|p2a: EggChan|Chansey, F, shiny|55/100\n|move|p1a: Alomomola|Wish|p1a: Alomomola\n|\n|-damage|p1a: Alomomola|58/100 brn|[from] brn\n|upkeep\n|turn|63\n|\n|t:|1771257682\n|move|p2a: EggChan|Soft-Boiled|p2a: EggChan\n|-heal|p2a: EggChan|100/100\n|move|p1a: Alomomola|Flip Turn|p2a: EggChan\n|-damage|p2a: EggChan|95/100\n|\n|t:|1771257688\n|switch|p1a: Terapagos|Terapagos-Terastal, M|90/100|[from] Flip Turn\n|\n|-heal|p1a: Terapagos|100/100|[from] move: Wish|[wisher] Alomomola\n|upkeep\n|turn|64\n|\n|t:|1771257699\n|move|p1a: Terapagos|Rapid Spin|p2a: EggChan\n|-damage|p2a: EggChan|84/100\n|-boost|p1a: Terapagos|spe|1\n|-sideend|p1: noob1877|Stealth Rock|[from] move: Rapid Spin|[of] p1a: Terapagos\n|move|p2a: EggChan|Toxic|p1a: Terapagos\n|-status|p1a: Terapagos|tox\n|\n|-damage|p1a: Terapagos|94/100 tox|[from] psn\n|upkeep\n|turn|65\n|\n|t:|1771257707\n|switch|p1a: Alomomola|Alomomola, F|92/100 brn\n|switch|p2a: hehhehe|Clodsire, M, shiny|94/100\n|\n|-heal|p2a: hehhehe|100/100|[from] item: Black Sludge\n|-damage|p1a: Alomomola|85/100 brn|[from] brn\n|upkeep\n|turn|66\n|\n|t:|1771257736\n|move|p1a: Alomomola|Wish|p1a: Alomomola\n|move|p2a: hehhehe|Stealth Rock|p1a: Alomomola\n|-sidestart|p1: noob1877|move: Stealth Rock\n|\n|-damage|p1a: Alomomola|79/100 brn|[from] brn\n|upkeep\n|turn|67\n|\n|t:|1771257743\n|switch|p1a: Terapagos|Terapagos-Terastal, M|94/100 tox\n|switch|p2a: Fish|Dondozo, M, shiny|100/100\n|\n|-heal|p1a: Terapagos|100/100 tox|[from] move: Wish|[wisher] Alomomola\n|-damage|p1a: Terapagos|94/100 tox|[from] psn\n|upkeep\n|turn|68\n|\n|t:|1771257751\n|switch|p2a: hehhehe|Clodsire, M, shiny|100/100\n|move|p1a: Terapagos|Rapid Spin|p2a: hehhehe\n|-damage|p2a: hehhehe|85/100\n|-boost|p1a: Terapagos|spe|1\n|-sideend|p1: noob1877|Stealth Rock|[from] move: Rapid Spin|[of] p1a: Terapagos\n|\n|-heal|p2a: hehhehe|91/100|[from] item: Black Sludge\n|-damage|p1a: Terapagos|82/100 tox|[from] psn\n|upkeep\n|turn|69\n|\n|t:|1771257760\n|switch|p1a: Alomomola|Alomomola, F|100/100 brn\n|move|p2a: hehhehe|Stealth Rock|p1a: Alomomola\n|-sidestart|p1: noob1877|move: Stealth Rock\n|\n|-heal|p2a: hehhehe|97/100|[from] item: Black Sludge\n|-damage|p1a: Alomomola|94/100 brn|[from] brn\n|upkeep\n|turn|70\n|\n|t:|1771257762\n|switch|p1a: Terapagos|Terapagos-Terastal, M|82/100 tox\n|switch|p2a: Fish|Dondozo, M, shiny|100/100\n|\n|-damage|p1a: Terapagos|76/100 tox|[from] psn\n|upkeep\n|turn|71\n|\n|t:|1771257766\n|switch|p2a: hehhehe|Clodsire, M, shiny|97/100\n|move|p1a: Terapagos|Rapid Spin|p2a: hehhehe\n|-damage|p2a: hehhehe|81/100\n|-boost|p1a: Terapagos|spe|1\n|-sideend|p1: noob1877|Stealth Rock|[from] move: Rapid Spin|[of] p1a: Terapagos\n|\n|-heal|p2a: hehhehe|87/100|[from] item: Black Sludge\n|-damage|p1a: Terapagos|64/100 tox|[from] psn\n|upkeep\n|turn|72\n|\n|t:|1771257777\n|switch|p1a: Alomomola|Alomomola, F|100/100 brn\n|move|p2a: hehhehe|Stealth Rock|p1a: Alomomola\n|-sidestart|p1: noob1877|move: Stealth Rock\n|\n|-heal|p2a: hehhehe|93/100|[from] item: Black Sludge\n|-damage|p1a: Alomomola|94/100 brn|[from] brn\n|upkeep\n|turn|73\n|\n|t:|1771257784\n|switch|p1a: Terapagos|Terapagos-Terastal, M|64/100 tox\n|switch|p2a: Fish|Dondozo, M, shiny|100/100\n|\n|-damage|p1a: Terapagos|58/100 tox|[from] psn\n|upkeep\n|turn|74\n|\n|t:|1771257791\n|switch|p2a: hehhehe|Clodsire, M, shiny|93/100\n|move|p1a: Terapagos|Rapid Spin|p2a: hehhehe\n|-damage|p2a: hehhehe|76/100\n|-boost|p1a: Terapagos|spe|1\n|-sideend|p1: noob1877|Stealth Rock|[from] move: Rapid Spin|[of] p1a: Terapagos\n|\n|-heal|p2a: hehhehe|82/100|[from] item: Black Sludge\n|-damage|p1a: Terapagos|46/100 tox|[from] psn\n|upkeep\n|turn|75\n|\n|t:|1771257800\n|switch|p1a: Alomomola|Alomomola, F|100/100 brn\n|move|p2a: hehhehe|Stealth Rock|p1a: Alomomola\n|-sidestart|p1: noob1877|move: Stealth Rock\n|\n|-heal|p2a: hehhehe|88/100|[from] item: Black Sludge\n|-damage|p1a: Alomomola|94/100 brn|[from] brn\n|upkeep\n|turn|76\n|\n|t:|1771257804\n|switch|p2a: Fish|Dondozo, M, shiny|100/100\n|move|p1a: Alomomola|Wish|p1a: Alomomola\n|\n|-damage|p1a: Alomomola|88/100 brn|[from] brn\n|upkeep\n|turn|77\n|\n|t:|1771257816\n|switch|p1a: Slowking|Slowking-Galar, F|47/100 brn\n|-damage|p1a: Slowking|34/100 brn|[from] Stealth Rock\n|move|p2a: Fish|Waterfall|p1a: Slowking\n|-damage|p1a: Slowking|7/100 brn\n|\n|-heal|p1a: Slowking|67/100 brn|[from] move: Wish|[wisher] Alomomola\n|-damage|p1a: Slowking|61/100 brn|[from] brn\n|upkeep\n|turn|78\n|\n|t:|1771257828\n|switch|p2a: EggChan|Chansey, F, shiny|84/100\n|move|p1a: Slowking|Psychic Noise|p2a: EggChan\n|-damage|p2a: EggChan|76/100\n|-start|p2a: EggChan|move: Heal Block\n|\n|-damage|p1a: Slowking|55/100 brn|[from] brn\n|upkeep\n|turn|79\n|\n|t:|1771257835\n|switch|p1a: Alomomola|Alomomola, F|100/100 brn\n|-damage|p1a: Alomomola|88/100 brn|[from] Stealth Rock\n|move|p2a: EggChan|Seismic Toss|p1a: Alomomola\n|-damage|p1a: Alomomola|67/100 brn\n|\n|-damage|p1a: Alomomola|61/100 brn|[from] brn\n|-end|p2a: EggChan|move: Heal Block\n|upkeep\n|turn|80\n|\n|t:|1771257839\n|move|p2a: EggChan|Seismic Toss|p1a: Alomomola\n|-damage|p1a: Alomomola|40/100 brn\n|move|p1a: Alomomola|Flip Turn|p2a: EggChan\n|-damage|p2a: EggChan|70/100\n|\n|t:|1771257841\n|switch|p1a: Tornadus|Tornadus-Therian, M|79/100 psn|[from] Flip Turn\n|-damage|p1a: Tornadus|55/100 psn|[from] Stealth Rock\n|\n|-damage|p1a: Tornadus|42/100 psn|[from] psn\n|upkeep\n|turn|81\n|\n|t:|1771257847\n|move|p1a: Tornadus|Defog|p2a: EggChan\n|-unboost|p2a: EggChan|evasion|1\n|-sideend|p1: noob1877|Stealth Rock|[from] move: Defog|[of] p1a: Tornadus\n|move|p2a: EggChan|Seismic Toss|p1a: Tornadus\n|-damage|p1a: Tornadus|9/100 psn\n|\n|-damage|p1a: Tornadus|0 fnt|[from] psn\n|faint|p1a: Tornadus\n|upkeep\n|\n|t:|1771257856\n|switch|p1a: Tyranitar|Tyranitar-Mega, M|38/100 brn\n|-weather|Sandstorm|[from] ability: Sand Stream|[of] p1a: Tyranitar\n|turn|82\n|\n|t:|1771257871\n|switch|p2a: Your BF|Corviknight, F|77/100\n|-ability|p2a: Your BF|Pressure\n|move|p1a: Tyranitar|Stone Edge|p2a: Your BF\n|-crit|p2a: Your BF\n|-damage|p2a: Your BF|46/100\n|\n|-weather|Sandstorm|[upkeep]\n|-damage|p1a: Tyranitar|32/100 brn|[from] brn\n|upkeep\n|turn|83\n|\n|t:|1771257883\n|move|p1a: Tyranitar|Stealth Rock|p2a: Your BF\n|-sidestart|p2: riderzitto5|move: Stealth Rock\n|move|p2a: Your BF|Roost|p2a: Your BF\n|-heal|p2a: Your BF|96/100\n|-singleturn|p2a: Your BF|move: Roost\n|\n|-weather|Sandstorm|[upkeep]\n|-damage|p1a: Tyranitar|26/100 brn|[from] brn\n|upkeep\n|turn|84\n|\n|t:|1771257887\n|switch|p1a: Slowking|Slowking-Galar, F|89/100 brn\n|move|p2a: Your BF|Defog|p1a: Slowking\n|-unboost|p1a: Slowking|evasion|1\n|-sideend|p2: riderzitto5|Stealth Rock|[from] move: Defog|[of] p2a: Your BF\n|\n|-weather|Sandstorm|[upkeep]\n|-damage|p1a: Slowking|82/100 brn|[from] Sandstorm\n|-damage|p1a: Slowking|76/100 brn|[from] brn\n|upkeep\n|turn|85\n|\n|t:|1771257893\n|switch|p2a: EggChan|Chansey, F, shiny|70/100\n|-prepare|p1a: Slowking|Chilly Reception|[premajor]\n|move|p1a: Slowking|Chilly Reception|p1a: Slowking\n|-weather|Snowscape\n|\n|t:|1771257896\n|switch|p1a: Aron|Aron, L1, F|100/100|[from] Chilly Reception\n|\n|-weather|Snowscape|[upkeep]\n|upkeep\n|turn|86\n|\n|t:|1771257900\n|switch|p2a: Your BF|Corviknight, F|96/100\n|-ability|p2a: Your BF|Pressure\n|move|p1a: Aron|Roar|p2a: Your BF\n|drag|p2a: Fish|Dondozo, M, shiny|100/100\n|\n|-weather|Snowscape|[upkeep]\n|upkeep\n|turn|87\n|\n|t:|1771257909\n|switch|p2a: Timid|Sableye-Mega, M, shiny|64/100 psn\n|move|p1a: Aron|Endeavor|p2a: Timid\n|-immune|p2a: Timid\n|\n|-weather|Snowscape|[upkeep]\n|-damage|p2a: Timid|52/100 psn|[from] psn\n|upkeep\n|turn|88\n|\n|t:|1771257916\n|switch|p1a: Slowking|Slowking-Galar, F|100/100 brn\n|move|p2a: Timid|Recover|p2a: Timid\n|-heal|p2a: Timid|100/100 psn\n|\n|-weather|Snowscape|[upkeep]\n|-damage|p2a: Timid|88/100 psn|[from] psn\n|-damage|p1a: Slowking|94/100 brn|[from] brn\n|upkeep\n|turn|89\n|\n|t:|1771257925\n|move|p2a: Timid|Knock Off|p1a: Slowking\n|-supereffective|p1a: Slowking\n|-damage|p1a: Slowking|53/100 brn\n|move|p1a: Slowking|Toxic Spikes|p2a: Timid\n|move|p2a: Timid|Toxic Spikes|p1a: Slowking|[from] ability: Magic Bounce\n|-sidestart|p1: noob1877|move: Toxic Spikes\n|\n|-weather|none\n|-damage|p2a: Timid|76/100 psn|[from] psn\n|-damage|p1a: Slowking|47/100 brn|[from] brn\n|upkeep\n|turn|90\n|\n|t:|1771257931\n|switch|p1a: Alomomola|Alomomola, F|73/100 brn\n|move|p2a: Timid|Knock Off|p1a: Alomomola\n|-damage|p1a: Alomomola|62/100 brn\n|\n|-damage|p2a: Timid|64/100 psn|[from] psn\n|-damage|p1a: Alomomola|56/100 brn|[from] brn\n|upkeep\n|turn|91\n|\n|t:|1771257935\n|switch|p1a: Slowking|Slowking-Galar, F|80/100 brn\n|-sideend|p1: noob1877|move: Toxic Spikes|[of] p1a: Slowking\n|switch|p2a: hehhehe|Clodsire, M, shiny|88/100\n|\n|-heal|p2a: hehhehe|94/100|[from] item: Black Sludge\n|-damage|p1a: Slowking|74/100 brn|[from] brn\n|upkeep\n|turn|92\n|\n|t:|1771257939\n|move|p2a: hehhehe|Stealth Rock|p1a: Slowking\n|-sidestart|p1: noob1877|move: Stealth Rock\n|move|p1a: Slowking|Psychic Noise|p2a: hehhehe\n|-supereffective|p2a: hehhehe\n|-damage|p2a: hehhehe|66/100\n|-start|p2a: hehhehe|move: Heal Block\n|\n|-damage|p1a: Slowking|68/100 brn|[from] brn\n|upkeep\n|turn|93\n|\n|t:|1771257951\n|switch|p1a: Alomomola|Alomomola, F|89/100 brn\n|-damage|p1a: Alomomola|76/100 brn|[from] Stealth Rock\n|move|p2a: hehhehe|Earthquake|p1a: Alomomola\n|-damage|p1a: Alomomola|59/100 brn\n|\n|-damage|p1a: Alomomola|53/100 brn|[from] brn\n|-end|p2a: hehhehe|move: Heal Block\n|upkeep\n|turn|94\n|\n|t:|1771257957\n|switch|p2a: Your BF|Corviknight, F|96/100\n|-ability|p2a: Your BF|Pressure\n|move|p1a: Alomomola|Wish|p1a: Alomomola\n|\n|-damage|p1a: Alomomola|47/100 brn|[from] brn\n|upkeep\n|turn|95\n|\n|t:|1771257968\n|switch|p2a: EggChan|Chansey, F, shiny|70/100\n|move|p1a: Alomomola|Flip Turn|p2a: EggChan\n|-damage|p2a: EggChan|64/100\n|\n|t:|1771257971\n|switch|p1a: Terapagos|Terapagos-Terastal, M|46/100 tox|[from] Flip Turn\n|\n|-heal|p1a: Terapagos|100/100 tox|[from] move: Wish|[wisher] Alomomola\n|-damage|p1a: Terapagos|94/100 tox|[from] psn\n|upkeep\n|turn|96\n|\n|t:|1771257989\n|move|p1a: Terapagos|Flamethrower|p2a: EggChan\n|-damage|p2a: EggChan|57/100\n|move|p2a: EggChan|Wish|p2a: EggChan\n|\n|-damage|p1a: Terapagos|82/100 tox|[from] psn\n|upkeep\n|turn|97\n|\n|t:|1771258018\n|switch|p2a: Timid|Sableye-Mega, M, shiny|64/100 psn\n|move|p1a: Terapagos|Rapid Spin|p2a: Timid\n|-immune|p2a: Timid\n|\n|-heal|p2a: Timid|100/100 psn|[from] move: Wish|[wisher] EggChan\n|-damage|p1a: Terapagos|64/100 tox|[from] psn\n|-damage|p2a: Timid|88/100 psn|[from] psn\n|upkeep\n|turn|98\n|\n|t:|1771258027\n|switch|p1a: Alomomola|Alomomola, F|80/100 brn\n|-damage|p1a: Alomomola|68/100 brn|[from] Stealth Rock\n|move|p2a: Timid|Knock Off|p1a: Alomomola\n|-damage|p1a: Alomomola|56/100 brn\n|\n|-damage|p2a: Timid|76/100 psn|[from] psn\n|-damage|p1a: Alomomola|50/100 brn|[from] brn\n|upkeep\n|turn|99\n|\n|t:|1771258033\n|switch|p2a: EggChan|Chansey, F, shiny|57/100\n|move|p1a: Alomomola|Flip Turn|p2a: EggChan\n|-damage|p2a: EggChan|52/100\n|\n|t:|1771258036\n|switch|p1a: Terapagos|Terapagos-Terastal, M|64/100 tox|[from] Flip Turn\n|\n|-damage|p1a: Terapagos|58/100 tox|[from] psn\n|upkeep\n|turn|100\n|\n|t:|1771258043\n|move|p1a: Terapagos|Rapid Spin|p2a: EggChan\n|-damage|p2a: EggChan|41/100\n|-boost|p1a: Terapagos|spe|1\n|-sideend|p1: noob1877|Stealth Rock|[from] move: Rapid Spin|[of] p1a: Terapagos\n|move|p2a: EggChan|Soft-Boiled|p2a: EggChan\n|-heal|p2a: EggChan|91/100\n|\n|-damage|p1a: Terapagos|46/100 tox|[from] psn\n|upkeep\n|turn|101\n|\n|t:|1771258058\n|switch|p1a: Aron|Aron, L1, F|100/100\n|move|p2a: EggChan|Wish|p2a: EggChan\n|\n|upkeep\n|turn|102\n|\n|t:|1771258070\n|switch|p2a: Timid|Sableye-Mega, M, shiny|76/100 psn\n|move|p1a: Aron|Endeavor|p2a: Timid\n|-immune|p2a: Timid\n|\n|-heal|p2a: Timid|100/100 psn|[from] move: Wish|[wisher] EggChan\n|-damage|p2a: Timid|88/100 psn|[from] psn\n|upkeep\n|turn|103\n|\n|t:|1771258078\n|switch|p1a: Alomomola|Alomomola, F|83/100 brn\n|move|p2a: Timid|Knock Off|p1a: Alomomola\n|-damage|p1a: Alomomola|71/100 brn\n|\n|-damage|p2a: Timid|76/100 psn|[from] psn\n|-damage|p1a: Alomomola|65/100 brn|[from] brn\n|upkeep\n|turn|104\n|\n|t:|1771258087\n|switch|p1a: Slowking|Slowking-Galar, F|100/100 brn\n|switch|p2a: Your BF|Corviknight, F|96/100\n|-ability|p2a: Your BF|Pressure\n|\n|-damage|p1a: Slowking|94/100 brn|[from] brn\n|upkeep\n|turn|105\n|inactive|noob1877 has 120 seconds left.\n|\n|t:|1771258102\n|switch|p2a: EggChan|Chansey, F, shiny|91/100\n|switch|p1a: Alomomola|Alomomola, F|98/100 brn\n|\n|-damage|p1a: Alomomola|92/100 brn|[from] brn\n|upkeep\n|turn|106\n|inactive|noob1877 has 120 seconds left.\n|\n|t:|1771258110\n|switch|p1a: Slowking|Slowking-Galar, F|100/100 brn\n|move|p2a: EggChan|Wish|p2a: EggChan\n|\n|-damage|p1a: Slowking|94/100 brn|[from] brn\n|upkeep\n|turn|107\n|inactive|noob1877 has 120 seconds left.\n|\n|t:|1771258116\n|move|p2a: EggChan|Seismic Toss|p1a: Slowking\n|-damage|p1a: Slowking|69/100 brn\n|move|p1a: Slowking|Toxic Spikes|p2a: EggChan\n|-sidestart|p2: riderzitto5|move: Toxic Spikes\n|\n|-heal|p2a: EggChan|100/100|[from] move: Wish|[wisher] EggChan\n|-damage|p1a: Slowking|63/100 brn|[from] brn\n|upkeep\n|turn|108\n|\n|t:|1771258121\n|move|p2a: EggChan|Seismic Toss|p1a: Slowking\n|-damage|p1a: Slowking|37/100 brn\n|move|p1a: Slowking|Psychic Noise|p2a: EggChan\n|-damage|p2a: EggChan|93/100\n|-start|p2a: EggChan|move: Heal Block\n|\n|-damage|p1a: Slowking|31/100 brn|[from] brn\n|upkeep\n|turn|109\n|\n|t:|1771258128\n|switch|p2a: hehhehe|Clodsire, M, shiny|66/100\n|-sideend|p2: riderzitto5|move: Toxic Spikes|[of] p2a: hehhehe\n|move|p1a: Slowking|Psychic Noise|p2a: hehhehe\n|-supereffective|p2a: hehhehe\n|-damage|p2a: hehhehe|33/100\n|-start|p2a: hehhehe|move: Heal Block\n|\n|-damage|p1a: Slowking|25/100 brn|[from] brn\n|upkeep\n|turn|110\n|inactive|noob1877 has 120 seconds left.\n|\n|t:|1771258143\n|switch|p2a: EggChan|Chansey, F, shiny|93/100\n|switch|p1a: Tyranitar|Tyranitar-Mega, M|26/100 brn\n|-weather|Sandstorm|[from] ability: Sand Stream|[of] p1a: Tyranitar\n|\n|-weather|Sandstorm|[upkeep]\n|-damage|p2a: EggChan|87/100|[from] Sandstorm\n|-damage|p1a: Tyranitar|20/100 brn|[from] brn\n|upkeep\n|turn|111\n|inactive|noob1877 has 120 seconds left.\n|\n|t:|1771258153\n|switch|p1a: Alomomola|Alomomola, F|100/100 brn\n|switch|p2a: Your BF|Corviknight, F|96/100\n|-ability|p2a: Your BF|Pressure\n|\n|-weather|Sandstorm|[upkeep]\n|-damage|p1a: Alomomola|94/100 brn|[from] Sandstorm\n|-damage|p1a: Alomomola|88/100 brn|[from] brn\n|upkeep\n|turn|112\n|inactive|noob1877 has 120 seconds left.\n|\n|t:|1771258170\n|move|p2a: Your BF|Iron Defense|p2a: Your BF\n|-boost|p2a: Your BF|def|2\n|move|p1a: Alomomola|Wish|p1a: Alomomola\n|\n|-weather|Sandstorm|[upkeep]\n|-damage|p1a: Alomomola|82/100 brn|[from] Sandstorm\n|-damage|p1a: Alomomola|76/100 brn|[from] brn\n|upkeep\n|turn|113\n|\n|t:|1771258177\n|move|p2a: Your BF|Body Press|p1a: Alomomola\n|-damage|p1a: Alomomola|44/100 brn\n|move|p1a: Alomomola|Flip Turn|p2a: Your BF\n|-damage|p2a: Your BF|94/100\n|-damage|p1a: Alomomola|27/100 brn|[from] item: Rocky Helmet|[of] p2a: Your BF\n|\n|t:|1771258186\n|switch|p1a: Tyranitar|Tyranitar-Mega, M|20/100 brn|[from] Flip Turn\n|\n|-weather|Sandstorm|[upkeep]\n|-heal|p1a: Tyranitar|85/100 brn|[from] move: Wish|[wisher] Alomomola\n|-damage|p1a: Tyranitar|79/100 brn|[from] brn\n|upkeep\n|turn|114\n|\n|t:|1771258193\n|switch|p1a: Alomomola|Alomomola, F|61/100 brn\n|switch|p2a: hehhehe|Clodsire, M, shiny|33/100\n|\n|-weather|none\n|-heal|p2a: hehhehe|39/100|[from] item: Black Sludge\n|-damage|p1a: Alomomola|54/100 brn|[from] brn\n|upkeep\n|turn|115\n|\n|t:|1771258200\n|move|p1a: Alomomola|Flip Turn|p2a: hehhehe\n|-supereffective|p2a: hehhehe\n|-damage|p2a: hehhehe|21/100\n|\n|t:|1771258202\n|switch|p1a: Tyranitar|Tyranitar-Mega, M|79/100 brn|[from] Flip Turn\n|-weather|Sandstorm|[from] ability: Sand Stream|[of] p1a: Tyranitar\n|move|p2a: hehhehe|Recover|p2a: hehhehe\n|-heal|p2a: hehhehe|71/100\n|\n|-weather|Sandstorm|[upkeep]\n|-heal|p2a: hehhehe|78/100|[from] item: Black Sludge\n|-damage|p1a: Tyranitar|73/100 brn|[from] brn\n|upkeep\n|turn|116\n|\n|t:|1771258212\n|switch|p2a: Your BF|Corviknight, F|94/100\n|-ability|p2a: Your BF|Pressure\n|move|p1a: Tyranitar|Knock Off|p2a: Your BF\n|-damage|p2a: Your BF|74/100\n|-damage|p1a: Tyranitar|57/100 brn|[from] item: Rocky Helmet|[of] p2a: Your BF\n|-enditem|p2a: Your BF|Rocky Helmet|[from] move: Knock Off|[of] p1a: Tyranitar\n|\n|-weather|Sandstorm|[upkeep]\n|-damage|p1a: Tyranitar|50/100 brn|[from] brn\n|upkeep\n|turn|117\n|\n|t:|1771258226\n|switch|p1a: Alomomola|Alomomola, F|88/100 brn\n|move|p2a: Your BF|Iron Defense|p2a: Your BF\n|-boost|p2a: Your BF|def|2\n|\n|-weather|Sandstorm|[upkeep]\n|-damage|p1a: Alomomola|81/100 brn|[from] Sandstorm\n|-damage|p1a: Alomomola|75/100 brn|[from] brn\n|upkeep\n|turn|118\n|\n|t:|1771258230\n|move|p2a: Your BF|Iron Defense|p2a: Your BF\n|-boost|p2a: Your BF|def|2\n|move|p1a: Alomomola|Flip Turn|p2a: Your BF\n|-damage|p2a: Your BF|72/100\n|\n|t:|1771258233\n|switch|p1a: Aron|Aron, L1, F|100/100|[from] Flip Turn\n|\n|-weather|Sandstorm|[upkeep]\n|upkeep\n|turn|119\n|\n|t:|1771258238\n|switch|p2a: Timid|Sableye-Mega, M, shiny|76/100 psn\n|move|p1a: Aron|Endeavor|p2a: Timid\n|-immune|p2a: Timid\n|\n|-weather|none\n|-damage|p2a: Timid|64/100 psn|[from] psn\n|upkeep\n|turn|120\n|\n|t:|1771258245\n|switch|p2a: hehhehe|Clodsire, M, shiny|78/100\n|switch|p1a: Tyranitar|Tyranitar-Mega, M|50/100 brn\n|-weather|Sandstorm|[from] ability: Sand Stream|[of] p1a: Tyranitar\n|\n|-weather|Sandstorm|[upkeep]\n|-heal|p2a: hehhehe|84/100|[from] item: Black Sludge\n|-damage|p1a: Tyranitar|44/100 brn|[from] brn\n|upkeep\n|turn|121\n|\n|t:|1771258255\n|-activate|p2a: hehhehe|move: Pursuit\n|move|p1a: Tyranitar|Pursuit|p2a: hehhehe|[from] Pursuit\n|-damage|p2a: hehhehe|54/100\n|switch|p2a: Your BF|Corviknight, F|72/100\n|-ability|p2a: Your BF|Pressure\n|\n|-weather|Sandstorm|[upkeep]\n|-damage|p1a: Tyranitar|38/100 brn|[from] brn\n|upkeep\n|turn|122\n|\n|t:|1771258264\n|switch|p1a: Alomomola|Alomomola, F|100/100 brn\n|move|p2a: Your BF|Body Press|p1a: Alomomola\n|-damage|p1a: Alomomola|85/100 brn\n|\n|-weather|Sandstorm|[upkeep]\n|-damage|p1a: Alomomola|79/100 brn|[from] Sandstorm\n|-damage|p1a: Alomomola|73/100 brn|[from] brn\n|upkeep\n|turn|123\n|\n|t:|1771258274\n|move|p2a: Your BF|Iron Defense|p2a: Your BF\n|-boost|p2a: Your BF|def|2\n|move|p1a: Alomomola|Flip Turn|p2a: Your BF\n|-damage|p2a: Your BF|70/100\n|\n|t:|1771258277\n|switch|p1a: Terapagos|Terapagos-Terastal, M|46/100 tox|[from] Flip Turn\n|\n|-weather|Sandstorm|[upkeep]\n|-damage|p1a: Terapagos|40/100 tox|[from] Sandstorm\n|-damage|p1a: Terapagos|34/100 tox|[from] psn\n|upkeep\n|turn|124\n|\n|t:|1771258285\n|switch|p2a: EggChan|Chansey, F, shiny|87/100\n|move|p1a: Terapagos|Flamethrower|p2a: EggChan\n|-damage|p2a: EggChan|79/100\n|\n|-weather|none\n|-damage|p1a: Terapagos|22/100 tox|[from] psn\n|upkeep\n|turn|125\n|\n|t:|1771258292\n|switch|p1a: Aron|Aron, L1, F|100/100\n|move|p2a: EggChan|Wish|p2a: EggChan\n|\n|upkeep\n|turn|126\n|\n|t:|1771258298\n|move|p2a: EggChan|Seismic Toss|p1a: Aron\n|-ability|p1a: Aron|Sturdy\n|-damage|p1a: Aron|9/100\n|move|p1a: Aron|Roar|p2a: EggChan\n|drag|p2a: Timid|Sableye-Mega, M, shiny|64/100 psn\n|\n|-heal|p2a: Timid|100/100 psn|[from] move: Wish|[wisher] EggChan\n|-damage|p2a: Timid|88/100 psn|[from] psn\n|upkeep\n|turn|127\n|-message|noob1877 forfeited.\n|\n|win|riderzitto5\n|raw|noob1877's rating: 1571 &rarr; <strong>1559</strong><br />(-12 for losing)\n|raw|riderzitto5's rating: 1725 &rarr; <strong>1737</strong><br />(+12 for winning)\n|l|☆noob1877\n|player|p1|\n|l|☆riderzitto5\n|player|p2|\n", "uploadtime": 1771258483, "views": 8, "formatid": "gen9nationaldex", "rating": 1559, "private": 0, "password": null}