{"id": "gen9nationaldex-2540530195", "format": "[Gen 9] National Dex", "players": ["AgencyBlundAMD", "calamityiscoming2"], "log": "|j|‽AgencyBlundAMD\n|j|☆calamityiscoming2\n|t:|1771213727\n|gametype|singles\n|player|p1|AgencyBlundAMD|artist-gen4|1599\n|player|p2|calamityiscoming2|bellelba|1870\n|gen|9\n|tier|[Gen 9] National Dex\n|rated|\n|rule|HP Percentage Mod: HP is shown in percentages\n|rule|Endless Battle Clause: Forcing endless battles is banned\n|rule|Species Clause: Limit one of each Pokémon\n|rule|OHKO Clause: OHKO moves are banned\n|rule|Evasion Clause: Evasion abilities, items, and moves are banned\n|rule|Evasion Abilities Clause: Evasion abilities are banned\n|rule|Evasion Items Clause: Evasion items are banned\n|rule|Evasion Moves Clause: Evasion moves are banned\n|rule|Sleep Clause Mod: Limit one foe put to sleep\n|rule|Terastal Clause: You cannot Terastallize\n|clearpoke\n|poke|p1|Zeraora|\n|poke|p1|Kyurem|\n|poke|p1|Weezing-Galar, F|\n|poke|p1|Greninja-*, M|\n|poke|p1|Scizor, F|\n|poke|p1|Zapdos|\n|poke|p2|Zamazenta-*|\n|poke|p2|Iron Crown|\n|poke|p2|Gholdengo|\n|poke|p2|Kingambit, F|\n|poke|p2|Dragonite, M|\n|poke|p2|Raging Bolt|\n|teampreview\n|c|☆calamityiscoming2|omg its totally definitely the blunder\n|inactive|Battle timer is ON: inactive players will automatically lose when time's up. (requested by AgencyBlundAMD)\n|\n|t:|1771213793\n|teamsize|p1|6\n|teamsize|p2|6\n|start\n|switch|p1a: Zapdos|Zapdos|100/100\n|switch|p2a: Zamazenta|Zamazenta|100/100\n|-ability|p2a: Zamazenta|Dauntless Shield|boost\n|-boost|p2a: Zamazenta|def|1\n|turn|1\n|\n|t:|1771213796\n|move|p2a: Zamazenta|Light Screen|p2a: Zamazenta\n|-sidestart|p2: calamityiscoming2|move: Light Screen\n|move|p1a: Zapdos|Volt Switch|p2a: Zamazenta\n|-damage|p2a: Zamazenta|78/100\n|\n|t:|1771213815\n|switch|p1a: Weezing|Weezing-Galar, F|100/100|[from] Volt Switch\n|-ability|p1a: Weezing|Neutralizing Gas\n|\n|upkeep\n|turn|2\n|\n|t:|1771213828\n|switch|p2a: Gholdengo|Gholdengo|100/100\n|-item|p2a: Gholdengo|Air Balloon\n|move|p1a: Weezing|Toxic Spikes|p2a: Gholdengo\n|-sidestart|p2: calamityiscoming2|move: Toxic Spikes\n|\n|upkeep\n|turn|3\n|\n|t:|1771213835\n|-end|p1a: Weezing|ability: Neutralizing Gas\n|switch|p1a: Zeraora|Zeraora|100/100\n|move|p2a: Gholdengo|Nasty Plot|p2a: Gholdengo\n|-boost|p2a: Gholdengo|spa|2\n|\n|upkeep\n|turn|4\n|\n|t:|1771213838\n|move|p1a: Zeraora|Plasma Fists|p2a: Gholdengo\n|-damage|p2a: Gholdengo|39/100\n|-fieldactivate|move: Ion Deluge\n|-hint|Normal-type moves become Electric-type after using Plasma Fists.\n|-enditem|p2a: Gholdengo|Air Balloon\n|move|p2a: Gholdengo|Shadow Ball|p1a: Zeraora\n|-damage|p1a: Zeraora|0 fnt\n|faint|p1a: Zeraora\n|\n|upkeep\n|\n|t:|1771213855\n|switch|p1a: Greninja|Greninja, M|100/100\n|turn|5\n|\n|t:|1771213867\n|switch|p2a: Kingambit|Kingambit, F|100/100\n|move|p1a: Greninja|Dark Pulse|p2a: Kingambit\n|-resisted|p2a: Kingambit\n|-damage|p2a: Kingambit|88/100\n|-damage|p1a: Greninja|91/100|[from] item: Life Orb\n|\n|upkeep\n|turn|6\n|\n|t:|1771213895\n|switch|p1a: Scizor|Scizor, F|100/100\n|move|p2a: Kingambit|Low Kick|p1a: Scizor\n|-damage|p1a: Scizor|70/100\n|\n|upkeep\n|turn|7\n|\n|t:|1771213903\n|detailschange|p1a: Scizor|Scizor-Mega, F\n|-mega|p1a: Scizor|Scizor|Scizorite\n|move|p2a: Kingambit|Swords Dance|p2a: Kingambit\n|-boost|p2a: Kingambit|atk|2\n|move|p1a: Scizor|Knock Off|p2a: Kingambit\n|-resisted|p2a: Kingambit\n|-damage|p2a: Kingambit|72/100\n|-enditem|p2a: Kingambit|Black Glasses|[from] move: Knock Off|[of] p1a: Scizor\n|\n|upkeep\n|turn|8\n|\n|t:|1771213914\n|move|p1a: Scizor|Bullet Punch|p2a: Kingambit\n|-resisted|p2a: Kingambit\n|-damage|p2a: Kingambit|58/100\n|move|p2a: Kingambit|Knock Off|p1a: Scizor\n|-damage|p1a: Scizor|21/100\n|\n|-sideend|p2: calamityiscoming2|move: Light Screen\n|upkeep\n|turn|9\n|\n|t:|1771213927\n|move|p2a: Kingambit|Knock Off|p1a: Scizor\n|-damage|p1a: Scizor|0 fnt\n|faint|p1a: Scizor\n|detailschange|p1: Scizor|Scizor, F|[silent]\n|\n|upkeep\n|\n|t:|1771213933\n|switch|p1a: Greninja|Greninja, M|91/100\n|turn|10\n|\n|t:|1771213938\n|move|p2a: Kingambit|Sucker Punch|p1a: Greninja\n|-resisted|p1a: Greninja\n|-damage|p1a: Greninja|27/100\n|move|p1a: Greninja|Hydro Pump|p2a: Kingambit\n|-damage|p2a: Kingambit|0 fnt\n|faint|p2a: Kingambit\n|-end|p2a: Kingambit|fallenundefined|[silent]\n|-ability|p1a: Greninja|Battle Bond|boost\n|-boost|p1a: Greninja|atk|1\n|-boost|p1a: Greninja|spa|1\n|-boost|p1a: Greninja|spe|1\n|-activate|p1a: Greninja|ability: Battle Bond\n|-damage|p1a: Greninja|17/100|[from] item: Life Orb\n|\n|upkeep\n|\n|t:|1771213948\n|switch|p2a: Zamazenta|Zamazenta|78/100\n|-status|p2a: Zamazenta|psn\n|turn|11\n|\n|t:|1771213951\n|move|p1a: Greninja|Hydro Pump|p2a: Zamazenta\n|-damage|p2a: Zamazenta|0 fnt\n|faint|p2a: Zamazenta\n|-damage|p1a: Greninja|8/100|[from] item: Life Orb\n|\n|upkeep\n|\n|t:|1771213963\n|switch|p2a: Gholdengo|Gholdengo|39/100\n|turn|12\n|\n|t:|1771213966\n|move|p1a: Greninja|Dark Pulse|p2a: Gholdengo\n|-supereffective|p2a: Gholdengo\n|-damage|p2a: Gholdengo|0 fnt\n|faint|p2a: Gholdengo\n|-damage|p1a: Greninja|0 fnt|[from] item: Life Orb\n|faint|p1a: Greninja\n|\n|upkeep\n|\n|t:|1771213977\n|switch|p1a: Zapdos|Zapdos|100/100\n|switch|p2a: Raging Bolt|Raging Bolt|100/100\n|-status|p2a: Raging Bolt|psn\n|-enditem|p2a: Raging Bolt|Booster Energy\n|-activate|p2a: Raging Bolt|ability: Protosynthesis|[fromitem]\n|-start|p2a: Raging Bolt|protosynthesisspa\n|turn|13\n|\n|t:|1771213984\n|switch|p1a: Weezing|Weezing-Galar, F|100/100\n|-ability|p1a: Weezing|Neutralizing Gas\n|move|p2a: Raging Bolt|Calm Mind|p2a: Raging Bolt\n|-boost|p2a: Raging Bolt|spa|1\n|-boost|p2a: Raging Bolt|spd|1\n|\n|-damage|p2a: Raging Bolt|88/100 psn|[from] psn\n|upkeep\n|turn|14\n|\n|t:|1771213987\n|move|p2a: Raging Bolt|Thunderbolt|p1a: Weezing\n|-damage|p1a: Weezing|22/100\n|move|p1a: Weezing|Clear Smog|p2a: Raging Bolt\n|-damage|p2a: Raging Bolt|79/100 psn\n|-clearboost|p2a: Raging Bolt\n|\n|-heal|p1a: Weezing|28/100|[from] item: Black Sludge\n|-damage|p2a: Raging Bolt|67/100 psn|[from] psn\n|upkeep\n|turn|15\n|\n|t:|1771213991\n|move|p2a: Raging Bolt|Thunderbolt|p1a: Weezing\n|-damage|p1a: Weezing|0 fnt\n|faint|p1a: Weezing\n|-end|p1a: Weezing|ability: Neutralizing Gas\n|\n|-damage|p2a: Raging Bolt|54/100 psn|[from] psn\n|upkeep\n|\n|t:|1771213993\n|switch|p1a: Kyurem|Kyurem|100/100\n|-ability|p1a: Kyurem|Pressure\n|turn|16\n|\n|t:|1771213999\n|move|p1a: Kyurem|Scale Shot|p2a: Raging Bolt\n|-supereffective|p2a: Raging Bolt\n|-damage|p2a: Raging Bolt|29/100 psn\n|-supereffective|p2a: Raging Bolt\n|-damage|p2a: Raging Bolt|2/100 psn\n|-supereffective|p2a: Raging Bolt\n|-damage|p2a: Raging Bolt|0 fnt\n|faint|p2a: Raging Bolt\n|-end|p2a: Raging Bolt|Protosynthesis|[silent]\n|-hitcount|p2: Raging Bolt|3\n|-unboost|p1a: Kyurem|def|1\n|-boost|p1a: Kyurem|spe|1\n|\n|upkeep\n|\n|t:|1771214004\n|switch|p2a: Iron Crown|Iron Crown|100/100\n|-enditem|p2a: Iron Crown|Booster Energy\n|-activate|p2a: Iron Crown|ability: Quark Drive|[fromitem]\n|-start|p2a: Iron Crown|quarkdrivespe\n|turn|17\n|\n|t:|1771214007\n|switch|p1a: Zapdos|Zapdos|100/100\n|move|p2a: Iron Crown|Iron Defense|p2a: Iron Crown\n|-boost|p2a: Iron Crown|def|2\n|\n|upkeep\n|turn|18\n|\n|t:|1771214011\n|move|p2a: Iron Crown|Calm Mind|p2a: Iron Crown\n|-boost|p2a: Iron Crown|spa|1\n|-boost|p2a: Iron Crown|spd|1\n|move|p1a: Zapdos|Thunderbolt|p2a: Iron Crown\n|-damage|p2a: Iron Crown|58/100\n|\n|upkeep\n|turn|19\n|\n|t:|1771214022\n|move|p2a: Iron Crown|Calm Mind|p2a: Iron Crown\n|-boost|p2a: Iron Crown|spa|1\n|-boost|p2a: Iron Crown|spd|1\n|move|p1a: Zapdos|Thunderbolt|p2a: Iron Crown\n|-damage|p2a: Iron Crown|27/100\n|\n|upkeep\n|turn|20\n|\n|t:|1771214025\n|move|p2a: Iron Crown|Stored Power|p1a: Zapdos\n|-damage|p1a: Zapdos|0 fnt\n|faint|p1a: Zapdos\n|\n|upkeep\n|j| dtybb\n|\n|t:|1771214027\n|switch|p1a: Kyurem|Kyurem|100/100\n|-ability|p1a: Kyurem|Pressure\n|turn|21\n|\n|t:|1771214034\n|move|p2a: Iron Crown|Stored Power|p1a: Kyurem\n|-damage|p1a: Kyurem|0 fnt\n|faint|p1a: Kyurem\n|\n|win|calamityiscoming2\n|raw|AgencyBlundAMD's rating: 1599 &rarr; <strong>1592</strong><br />(-7 for losing)\n|raw|calamityiscoming2's rating: 1870 &rarr; <strong>1877</strong><br />(+7 for winning)\n|l|‽AgencyBlundAMD\n|player|p1|\n|l|☆calamityiscoming2\n|player|p2|\n", "uploadtime": 1771214292, "views": 6, "formatid": "gen9nationaldex", "rating": 1592, "private": 0, "password": null}