{"id": "gen9nationaldex-2540647330", "format": "[Gen 9] National Dex", "players": ["repeatttt", "prithalt67"], "log": "|j|☆repeatttt\n|j|‽prithalt67\n|t:|1771233636\n|gametype|singles\n|player|p1|repeatttt|leon-masters|1811\n|player|p2|prithalt67|n|1597\n|gen|9\n|tier|[Gen 9] National Dex\n|rated|\n|rule|HP Percentage Mod: HP is shown in percentages\n|rule|Endless Battle Clause: Forcing endless battles is banned\n|rule|Species Clause: Limit one of each Pokémon\n|rule|OHKO Clause: OHKO moves are banned\n|rule|Evasion Clause: Evasion abilities, items, and moves are banned\n|rule|Evasion Abilities Clause: Evasion abilities are banned\n|rule|Evasion Items Clause: Evasion items are banned\n|rule|Evasion Moves Clause: Evasion moves are banned\n|rule|Sleep Clause Mod: Limit one foe put to sleep\n|rule|Terastal Clause: You cannot Terastallize\n|clearpoke\n|poke|p1|Slowbro, F|\n|poke|p1|Clodsire, F|\n|poke|p1|Tapu Lele|\n|poke|p1|Kingambit, M|\n|poke|p1|Heatran, M|\n|poke|p1|Corviknight, M|\n|poke|p2|Charizard, M|\n|poke|p2|Hatterene, F|\n|poke|p2|Heatran, F|\n|poke|p2|Brute Bonnet|\n|poke|p2|Raging Bolt|\n|poke|p2|Great Tusk|\n|teampreview\n|inactive|Battle timer is ON: inactive players will automatically lose when time's up. (requested by prithalt67)\n|\n|t:|1771233648\n|teamsize|p1|6\n|teamsize|p2|6\n|start\n|switch|p1a: Tapu Lele|Tapu Lele|100/100\n|switch|p2a: Heatran|Heatran, F|100/100\n|-fieldstart|move: Psychic Terrain|[from] ability: Psychic Surge|[of] p1a: Tapu Lele\n|turn|1\n|\n|t:|1771233651\n|move|p1a: Tapu Lele|Focus Blast|p2a: Heatran|[miss]\n|-miss|p1a: Tapu Lele|p2a: Heatran\n|move|p2a: Heatran|Magma Storm|p1a: Tapu Lele\n|-damage|p1a: Tapu Lele|51/100\n|-activate|p1a: Tapu Lele|move: Magma Storm|[of] p2a: Heatran\n|\n|-damage|p1a: Tapu Lele|39/100|[from] move: Magma Storm|[partiallytrapped]\n|upkeep\n|turn|2\n|\n|t:|1771233653\n|move|p1a: Tapu Lele|Focus Blast|p2a: Heatran|[miss]\n|-miss|p1a: Tapu Lele|p2a: Heatran\n|move|p2a: Heatran|Earth Power|p1a: Tapu Lele\n|-damage|p1a: Tapu Lele|13/100\n|\n|-damage|p1a: Tapu Lele|0 fnt|[from] move: Magma Storm|[partiallytrapped]\n|faint|p1a: Tapu Lele\n|upkeep\n|\n|t:|1771233656\n|switch|p1a: Heatran|Heatran, M|100/100\n|turn|3\n|\n|t:|1771233661\n|switch|p2a: Charizard|Charizard, M|100/100\n|move|p1a: Heatran|Earth Power|p2a: Charizard\n|-immune|p2a: Charizard\n|\n|upkeep\n|turn|4\n|\n|t:|1771233663\n|switch|p1a: Clodsire|Clodsire, F|100/100\n|detailschange|p2a: Charizard|Charizard-Mega-Y, M\n|-mega|p2a: Charizard|Charizard|Charizardite Y\n|-weather|SunnyDay|[from] ability: Drought|[of] p2a: Charizard\n|move|p2a: Charizard|Scorching Sands|p1a: Clodsire\n|-supereffective|p1a: Clodsire\n|-damage|p1a: Clodsire|68/100\n|-status|p1a: Clodsire|brn\n|\n|-weather|SunnyDay|[upkeep]\n|-heal|p1a: Clodsire|74/100 brn|[from] item: Black Sludge\n|-damage|p1a: Clodsire|68/100 brn|[from] brn\n|upkeep\n|turn|5\n|\n|t:|1771233671\n|move|p2a: Charizard|Weather Ball|p1a: Clodsire\n|-damage|p1a: Clodsire|18/100 brn\n|move|p1a: Clodsire|Toxic|p2a: Charizard\n|-status|p2a: Charizard|tox\n|\n|-weather|SunnyDay|[upkeep]\n|-heal|p1a: Clodsire|24/100 brn|[from] item: Black Sludge\n|-damage|p2a: Charizard|94/100 tox|[from] psn\n|-damage|p1a: Clodsire|18/100 brn|[from] brn\n|-fieldend|move: Psychic Terrain\n|upkeep\n|turn|6\n|\n|t:|1771233676\n|switch|p1a: Slowbro|Slowbro, F|100/100\n|move|p2a: Charizard|Weather Ball|p1a: Slowbro\n|-resisted|p1a: Slowbro\n|-damage|p1a: Slowbro|50/100\n|\n|-weather|SunnyDay|[upkeep]\n|-damage|p2a: Charizard|82/100 tox|[from] psn\n|upkeep\n|turn|7\n|\n|t:|1771233680\n|switch|p1a: Heatran|Heatran, M|100/100\n|move|p2a: Charizard|Solar Beam||[still]\n|-prepare|p2a: Charizard|Solar Beam\n|-anim|p2a: Charizard|Solar Beam|p1a: Heatran\n|-resisted|p1a: Heatran\n|-damage|p1a: Heatran|89/100\n|\n|-weather|SunnyDay|[upkeep]\n|-damage|p2a: Charizard|64/100 tox|[from] psn\n|upkeep\n|turn|8\n|\n|t:|1771233683\n|switch|p1a: Corviknight|Corviknight, M|100/100\n|-ability|p1a: Corviknight|Pressure\n|move|p2a: Charizard|Scorching Sands|p1a: Corviknight\n|-immune|p1a: Corviknight\n|\n|-weather|none\n|-damage|p2a: Charizard|39/100 tox|[from] psn\n|upkeep\n|turn|9\n|\n|t:|1771233685\n|switch|p1a: Kingambit|Kingambit, M|100/100\n|move|p2a: Charizard|Roost|p2a: Charizard\n|-heal|p2a: Charizard|89/100 tox\n|-singleturn|p2a: Charizard|move: Roost\n|\n|-damage|p2a: Charizard|59/100 tox|[from] psn\n|upkeep\n|turn|10\n|\n|t:|1771233688\n|-activate|p2a: Charizard|move: Pursuit\n|move|p1a: Kingambit|Pursuit|p2a: Charizard|[from] Pursuit\n|-damage|p2a: Charizard|0 fnt\n|faint|p2a: Charizard\n|detailschange|p2: Charizard|Charizard, M|[silent]\n|-hint|A Pokemon can't switch between when it runs out of HP and when it faints\n|\n|upkeep\n|\n|t:|1771233691\n|switch|p2a: Heatran|Heatran, F|100/100\n|turn|11\n|\n|t:|1771233694\n|switch|p1a: Heatran|Heatran, M|89/100\n|move|p2a: Heatran|Magma Storm|p1a: Heatran\n|-start|p1a: Heatran|ability: Flash Fire\n|\n|upkeep\n|turn|12\n|\n|t:|1771233697\n|move|p1a: Heatran|Earth Power|p2a: Heatran\n|-supereffective|p2a: Heatran\n|-damage|p2a: Heatran|0 fnt\n|faint|p2a: Heatran\n|\n|upkeep\n|\n|t:|1771233701\n|switch|p2a: Great Tusk|Great Tusk|100/100\n|-enditem|p2a: Great Tusk|Booster Energy\n|-activate|p2a: Great Tusk|ability: Protosynthesis|[fromitem]\n|-start|p2a: Great Tusk|protosynthesisspe\n|turn|13\n|j| Reyanek\n|\n|t:|1771233707\n|-end|p1a: Heatran|ability: Flash Fire|[silent]\n|switch|p1a: Corviknight|Corviknight, M|100/100\n|-ability|p1a: Corviknight|Pressure\n|move|p2a: Great Tusk|Bulk Up|p2a: Great Tusk\n|-boost|p2a: Great Tusk|atk|1\n|-boost|p2a: Great Tusk|def|1\n|\n|upkeep\n|turn|14\n|\n|t:|1771233711\n|move|p2a: Great Tusk|Ice Spinner|p1a: Corviknight\n|-damage|p1a: Corviknight|79/100\n|-damage|p2a: Great Tusk|84/100|[from] item: Rocky Helmet|[of] p1a: Corviknight\n|move|p1a: Corviknight|U-turn|p2a: Great Tusk\n|-resisted|p2a: Great Tusk\n|-damage|p2a: Great Tusk|81/100\n|\n|t:|1771233712\n|switch|p1a: Slowbro|Slowbro, F|83/100|[from] U-turn\n|\n|upkeep\n|turn|15\n|\n|t:|1771233716\n|move|p2a: Great Tusk|Headlong Rush|p1a: Slowbro\n|-damage|p1a: Slowbro|38/100\n|-unboost|p2a: Great Tusk|def|1\n|-unboost|p2a: Great Tusk|spd|1\n|-damage|p2a: Great Tusk|64/100|[from] item: Rocky Helmet|[of] p1a: Slowbro\n|move|p1a: Slowbro|Psychic Noise|p2a: Great Tusk\n|-supereffective|p2a: Great Tusk\n|-damage|p2a: Great Tusk|0 fnt\n|faint|p2a: Great Tusk\n|-end|p2a: Great Tusk|Protosynthesis|[silent]\n|\n|upkeep\n|\n|t:|1771233720\n|switch|p2a: Brute Bonnet|Brute Bonnet|100/100\n|turn|16\n|\n|t:|1771233730\n|move|p2a: Brute Bonnet|Crunch|p1a: Slowbro\n|-supereffective|p1a: Slowbro\n|-damage|p1a: Slowbro|0 fnt\n|-damage|p2a: Brute Bonnet|84/100|[from] item: Rocky Helmet|[of] p1a: Slowbro\n|faint|p1a: Slowbro\n|\n|upkeep\n|\n|t:|1771233732\n|switch|p1a: Heatran|Heatran, M|89/100\n|turn|17\n|\n|t:|1771233736\n|-end|p2a: Brute Bonnet|Protosynthesis|[silent]\n|switch|p2a: Raging Bolt|Raging Bolt|100/100\n|move|p1a: Heatran|Flamethrower|p2a: Raging Bolt\n|-resisted|p2a: Raging Bolt\n|-damage|p2a: Raging Bolt|77/100\n|\n|upkeep\n|turn|18\n|\n|t:|1771233740\n|-end|p2a: Raging Bolt|Protosynthesis|[silent]\n|switch|p2a: Brute Bonnet|Brute Bonnet|84/100\n|move|p1a: Heatran|Flamethrower|p2a: Brute Bonnet\n|-supereffective|p2a: Brute Bonnet\n|-damage|p2a: Brute Bonnet|0 fnt\n|faint|p2a: Brute Bonnet\n|-end|p2a: Brute Bonnet|Protosynthesis|[silent]\n|\n|upkeep\n|\n|t:|1771233744\n|switch|p2a: Hatterene|Hatterene, F|100/100\n|turn|19\n|\n|t:|1771233747\n|switch|p1a: Kingambit|Kingambit, M|100/100\n|move|p2a: Hatterene|Psychic Noise|p1a: Kingambit\n|-immune|p1a: Kingambit\n|\n|upkeep\n|turn|20\n|\n|t:|1771233749\n|move|p1a: Kingambit|Iron Head|p2a: Hatterene\n|-supereffective|p2a: Hatterene\n|-damage|p2a: Hatterene|0 fnt\n|faint|p2a: Hatterene\n|\n|upkeep\n|-message|prithalt67 forfeited.\n|\n|win|repeatttt\n|raw|repeatttt's rating: 1811 &rarr; <strong>1820</strong><br />(+9 for winning)\n|raw|prithalt67's rating: 1597 &rarr; <strong>1588</strong><br />(-9 for losing)\n|l|‽prithalt67\n|player|p2|\n|l|☆repeatttt\n|player|p1|\n|l| Reyanek\n", "uploadtime": 1771233909, "views": 10, "formatid": "gen9nationaldex", "rating": 1588, "private": 0, "password": null}