{"id": "gen9nationaldex-2540895946", "format": "[Gen 9] National Dex", "players": ["fludermay", "CanaryKill"], "log": "|j|☆fludermay\n|j|☆CanaryKill\n|t:|1771264900\n|gametype|singles\n|player|p1|fludermay|miku-ghost|1575\n|player|p2|CanaryKill|266|1601\n|gen|9\n|tier|[Gen 9] National Dex\n|rated|\n|rule|HP Percentage Mod: HP is shown in percentages\n|rule|Endless Battle Clause: Forcing endless battles is banned\n|rule|Species Clause: Limit one of each Pokémon\n|rule|OHKO Clause: OHKO moves are banned\n|rule|Evasion Clause: Evasion abilities, items, and moves are banned\n|rule|Evasion Abilities Clause: Evasion abilities are banned\n|rule|Evasion Items Clause: Evasion items are banned\n|rule|Evasion Moves Clause: Evasion moves are banned\n|rule|Sleep Clause Mod: Limit one foe put to sleep\n|rule|Terastal Clause: You cannot Terastallize\n|clearpoke\n|poke|p1|Volcarona, M|\n|poke|p1|Dragonite, M|\n|poke|p1|Hatterene, F|\n|poke|p1|Diancie|\n|poke|p1|Iron Crown|\n|poke|p1|Great Tusk|\n|poke|p2|Primarina, F|\n|poke|p2|Sinistcha|\n|poke|p2|Volcanion|\n|poke|p2|Iron Treads|\n|poke|p2|Scizor, F|\n|poke|p2|Tinkaton, F|\n|teampreview\n|inactive|Battle timer is ON: inactive players will automatically lose when time's up. (requested by CanaryKill)\n|inactive|fludermay has 120 seconds left.\n|\n|t:|1771264932\n|teamsize|p1|6\n|teamsize|p2|6\n|start\n|switch|p1a: INSTRUMENTALITY|Diancie|100/100\n|switch|p2a: Tinkaton|Tinkaton, F|100/100\n|-ability|p2a: Tinkaton|Mold Breaker\n|-item|p2a: Tinkaton|Air Balloon\n|turn|1\n|\n|t:|1771264943\n|detailschange|p1a: INSTRUMENTALITY|Diancie-Mega\n|-mega|p1a: INSTRUMENTALITY|Diancie|Diancite\n|move|p1a: INSTRUMENTALITY|Substitute|p1a: INSTRUMENTALITY\n|-start|p1a: INSTRUMENTALITY|Substitute\n|-damage|p1a: INSTRUMENTALITY|76/100\n|move|p2a: Tinkaton|Stealth Rock|p1a: INSTRUMENTALITY\n|-sidestart|p1: fludermay|move: Stealth Rock\n|\n|upkeep\n|turn|2\n|\n|t:|1771264953\n|move|p1a: INSTRUMENTALITY|Stealth Rock|p2a: Tinkaton\n|-sidestart|p2: CanaryKill|move: Stealth Rock\n|move|p2a: Tinkaton|Encore|p1a: INSTRUMENTALITY\n|-start|p1a: INSTRUMENTALITY|Encore\n|\n|upkeep\n|turn|3\n|\n|t:|1771264968\n|switch|p1a: EVANGELION|Iron Crown|100/100\n|-damage|p1a: EVANGELION|94/100|[from] Stealth Rock\n|-enditem|p1a: EVANGELION|Booster Energy\n|-activate|p1a: EVANGELION|ability: Quark Drive|[fromitem]\n|-start|p1a: EVANGELION|quarkdrivespe\n|move|p2a: Tinkaton|Gigaton Hammer|p1a: EVANGELION\n|-resisted|p1a: EVANGELION\n|-damage|p1a: EVANGELION|72/100\n|\n|upkeep\n|turn|4\n|\n|t:|1771264977\n|move|p1a: EVANGELION|Tachyon Cutter|p2a: Tinkaton\n|-damage|p2a: Tinkaton|79/100\n|-enditem|p2a: Tinkaton|Air Balloon\n|-damage|p2a: Tinkaton|59/100\n|-hitcount|p2a: Tinkaton|2\n|move|p2a: Tinkaton|Thunder Wave|p1a: EVANGELION\n|-status|p1a: EVANGELION|par\n|\n|upkeep\n|turn|5\n|\n|t:|1771264985\n|switch|p2a: Iron Treads|Iron Treads|100/100\n|-damage|p2a: Iron Treads|97/100|[from] Stealth Rock\n|-enditem|p2a: Iron Treads|Booster Energy\n|-activate|p2a: Iron Treads|ability: Quark Drive|[fromitem]\n|-start|p2a: Iron Treads|quarkdrivespe\n|cant|p1a: EVANGELION|par\n|\n|upkeep\n|turn|6\n|\n|t:|1771264991\n|move|p2a: Iron Treads|Rapid Spin|p1a: EVANGELION\n|-resisted|p1a: EVANGELION\n|-damage|p1a: EVANGELION|63/100 par\n|-boost|p2a: Iron Treads|spe|1\n|-sideend|p2: CanaryKill|Stealth Rock|[from] move: Rapid Spin|[of] p2a: Iron Treads\n|move|p1a: EVANGELION|Focus Blast|p2a: Iron Treads\n|-supereffective|p2a: Iron Treads\n|-damage|p2a: Iron Treads|0 fnt\n|faint|p2a: Iron Treads\n|-end|p2a: Iron Treads|Quark Drive|[silent]\n|\n|upkeep\n|\n|t:|1771264996\n|switch|p2a: Volcanion|Volcanion|100/100\n|turn|7\n|\n|t:|1771265001\n|cant|p1a: EVANGELION|par\n|move|p2a: Volcanion|Flamethrower|p1a: EVANGELION\n|-supereffective|p1a: EVANGELION\n|-damage|p1a: EVANGELION|0 fnt\n|faint|p1a: EVANGELION\n|-end|p1a: EVANGELION|Quark Drive|[silent]\n|\n|upkeep\n|\n|t:|1771265015\n|switch|p1a: HEDGEHOG DILEMMA|Great Tusk|100/100\n|-damage|p1a: HEDGEHOG DILEMMA|98/100|[from] Stealth Rock\n|-enditem|p1a: HEDGEHOG DILEMMA|Booster Energy\n|-activate|p1a: HEDGEHOG DILEMMA|ability: Protosynthesis|[fromitem]\n|-start|p1a: HEDGEHOG DILEMMA|protosynthesisspe\n|turn|8\n|\n|t:|1771265020\n|move|p1a: HEDGEHOG DILEMMA|Rapid Spin|p2a: Volcanion\n|-damage|p2a: Volcanion|88/100\n|-boost|p1a: HEDGEHOG DILEMMA|spe|1\n|-sideend|p1: fludermay|Stealth Rock|[from] move: Rapid Spin|[of] p1a: HEDGEHOG DILEMMA\n|move|p2a: Volcanion|Steam Eruption|p1a: HEDGEHOG DILEMMA\n|-supereffective|p1a: HEDGEHOG DILEMMA\n|-damage|p1a: HEDGEHOG DILEMMA|0 fnt\n|faint|p1a: HEDGEHOG DILEMMA\n|-end|p1a: HEDGEHOG DILEMMA|Protosynthesis|[silent]\n|\n|upkeep\n|\n|t:|1771265027\n|switch|p1a: EMBRACE|Dragonite, M|100/100\n|turn|9\n|\n|t:|1771265031\n|switch|p2a: Primarina|Primarina, F|100/100\n|move|p1a: EMBRACE|Dragon Dance|p1a: EMBRACE\n|-boost|p1a: EMBRACE|atk|1\n|-boost|p1a: EMBRACE|spe|1\n|\n|upkeep\n|turn|10\n|\n|t:|1771265044\n|move|p1a: EMBRACE|Earthquake|p2a: Primarina\n|-damage|p2a: Primarina|26/100\n|move|p2a: Primarina|Moonblast|p1a: EMBRACE\n|-supereffective|p1a: EMBRACE\n|-damage|p1a: EMBRACE|49/100\n|\n|-heal|p2a: Primarina|32/100|[from] item: Leftovers\n|upkeep\n|turn|11\n|\n|t:|1771265054\n|move|p1a: EMBRACE|Earthquake|p2a: Primarina\n|-damage|p2a: Primarina|0 fnt\n|faint|p2a: Primarina\n|\n|upkeep\n|\n|t:|1771265058\n|switch|p2a: Scizor|Scizor, F|100/100\n|turn|12\n|\n|t:|1771265062\n|detailschange|p2a: Scizor|Scizor-Mega, F\n|-mega|p2a: Scizor|Scizor|Scizorite\n|move|p2a: Scizor|Bullet Punch|p1a: EMBRACE\n|-damage|p1a: EMBRACE|6/100\n|move|p1a: EMBRACE|Earthquake|p2a: Scizor\n|-damage|p2a: Scizor|61/100\n|\n|upkeep\n|turn|13\n|\n|t:|1771265068\n|move|p2a: Scizor|Bullet Punch|p1a: EMBRACE\n|-damage|p1a: EMBRACE|0 fnt\n|faint|p1a: EMBRACE\n|\n|upkeep\n|\n|t:|1771265073\n|switch|p1a: ASUKA|Volcarona, M|100/100\n|turn|14\n|\n|t:|1771265080\n|switch|p2a: Volcanion|Volcanion|88/100\n|move|p1a: ASUKA|Quiver Dance|p1a: ASUKA\n|-boost|p1a: ASUKA|spa|1\n|-boost|p1a: ASUKA|spd|1\n|-boost|p1a: ASUKA|spe|1\n|\n|upkeep\n|turn|15\n|\n|t:|1771265102\n|move|p1a: ASUKA|Quiver Dance|p1a: ASUKA\n|-boost|p1a: ASUKA|spa|1\n|-boost|p1a: ASUKA|spd|1\n|-boost|p1a: ASUKA|spe|1\n|move|p2a: Volcanion|Stone Edge|p1a: ASUKA\n|-supereffective|p1a: ASUKA\n|-damage|p1a: ASUKA|0 fnt\n|faint|p1a: ASUKA\n|\n|upkeep\n|-message|fludermay forfeited.\n|\n|win|CanaryKill\n|raw|fludermay's rating: 1575 &rarr; <strong>1557</strong><br />(-18 for losing)\n|raw|CanaryKill's rating: 1614 &rarr; <strong>1632</strong><br />(+18 for winning)\n|l|☆fludermay\n|player|p1|\n|l|☆CanaryKill\n|player|p2|\n", "uploadtime": 1771265343, "views": 3, "formatid": "gen9nationaldex", "rating": 1557, "private": 0, "password": null}