{"id": "gen9nationaldex-2540672347", "format": "[Gen 9] National Dex", "players": ["xyyyyyz", "meimeisamayeah"], "log": "|j|☆xyyyyyz\n|j|☆meimeisamayeah\n|t:|1771237885\n|gametype|singles\n|player|p1|xyyyyyz|miku-fire|1618\n|player|p2|meimeisamayeah|101|1628\n|gen|9\n|tier|[Gen 9] National Dex\n|rated|\n|rule|HP Percentage Mod: HP is shown in percentages\n|rule|Endless Battle Clause: Forcing endless battles is banned\n|rule|Species Clause: Limit one of each Pokémon\n|rule|OHKO Clause: OHKO moves are banned\n|rule|Evasion Clause: Evasion abilities, items, and moves are banned\n|rule|Evasion Abilities Clause: Evasion abilities are banned\n|rule|Evasion Items Clause: Evasion items are banned\n|rule|Evasion Moves Clause: Evasion moves are banned\n|rule|Sleep Clause Mod: Limit one foe put to sleep\n|rule|Terastal Clause: You cannot Terastallize\n|clearpoke\n|poke|p1|Zapdos|\n|poke|p1|Hoopa-Unbound|\n|poke|p1|Glimmora, F|\n|poke|p1|Gholdengo|\n|poke|p1|Lopunny, F|\n|poke|p1|Alomomola, M|\n|poke|p2|Ribombee, M|\n|poke|p2|Kingambit, M|\n|poke|p2|Volcarona, M|\n|poke|p2|Kartana|\n|poke|p2|Raging Bolt|\n|poke|p2|Basculegion-F, F|\n|teampreview\n|inactive|Battle timer is ON: inactive players will automatically lose when time's up. (requested by xyyyyyz)\n|\n|t:|1771237891\n|teamsize|p1|6\n|teamsize|p2|6\n|start\n|switch|p1a: Zapdos|Zapdos|100/100\n|switch|p2a: Ribombee|Ribombee, M|100/100\n|turn|1\n|\n|t:|1771237895\n|move|p2a: Ribombee|Sticky Web|p1a: Zapdos\n|-sidestart|p1: xyyyyyz|move: Sticky Web\n|move|p1a: Zapdos|Hurricane|p2a: Ribombee\n|-supereffective|p2a: Ribombee\n|-enditem|p2a: Ribombee|Focus Sash\n|-damage|p2a: Ribombee|1/100\n|\n|upkeep\n|turn|2\n|\n|t:|1771237902\n|move|p2a: Ribombee|Moonblast|p1a: Zapdos\n|-damage|p1a: Zapdos|69/100\n|move|p1a: Zapdos|Volt Switch|p2a: Ribombee\n|-damage|p2a: Ribombee|0 fnt\n|faint|p2a: Ribombee\n|\n|t:|1771237914\n|switch|p1a: Glimmora|Glimmora, F|100/100|[from] Volt Switch\n|-activate|p1a: Glimmora|move: Sticky Web\n|-unboost|p1a: Glimmora|spe|1\n|\n|upkeep\n|\n|t:|1771237921\n|switch|p2a: Kartana|Kartana|100/100\n|turn|3\n|\n|t:|1771237930\n|move|p2a: Kartana|Knock Off|p1a: Glimmora\n|-damage|p1a: Glimmora|49/100\n|-activate|p1a: Glimmora|ability: Toxic Debris\n|-sidestart|p2: meimeisamayeah|move: Toxic Spikes\n|-enditem|p1a: Glimmora|Focus Sash|[from] move: Knock Off|[of] p2a: Kartana\n|move|p1a: Glimmora|Earth Power|p2a: Kartana\n|-damage|p2a: Kartana|0 fnt\n|faint|p2a: Kartana\n|\n|upkeep\n|\n|t:|1771237938\n|switch|p2a: Basculegion|Basculegion-F, F|100/100\n|-status|p2a: Basculegion|psn\n|turn|4\n|\n|t:|1771237958\n|move|p2a: Basculegion|Shadow Ball|p1a: Glimmora\n|-damage|p1a: Glimmora|0 fnt\n|faint|p1a: Glimmora\n|-damage|p2a: Basculegion|91/100 psn|[from] item: Life Orb\n|\n|-damage|p2a: Basculegion|78/100 psn|[from] psn\n|upkeep\n|\n|t:|1771237963\n|switch|p1a: Alomomola|Alomomola, M|100/100\n|-activate|p1a: Alomomola|move: Sticky Web\n|-unboost|p1a: Alomomola|spe|1\n|turn|5\n|\n|t:|1771237972\n|move|p2a: Basculegion|Shadow Ball|p1a: Alomomola\n|-damage|p1a: Alomomola|72/100\n|-damage|p2a: Basculegion|68/100 psn|[from] item: Life Orb\n|move|p1a: Alomomola|Flip Turn|p2a: Basculegion\n|-resisted|p2a: Basculegion\n|-damage|p2a: Basculegion|57/100 psn\n|\n|t:|1771237986\n|switch|p1a: Lopunny|Lopunny, F, shiny|100/100|[from] Flip Turn\n|-activate|p1a: Lopunny|move: Sticky Web\n|-unboost|p1a: Lopunny|spe|1\n|\n|-damage|p2a: Basculegion|45/100 psn|[from] psn\n|upkeep\n|turn|6\n|\n|t:|1771237992\n|detailschange|p1a: Lopunny|Lopunny-Mega, F, shiny\n|-mega|p1a: Lopunny|Lopunny|Lopunnite\n|move|p1a: Lopunny|Fake Out|p2a: Basculegion\n|-damage|p2a: Basculegion|15/100 psn\n|cant|p2a: Basculegion|flinch\n|\n|-damage|p2a: Basculegion|3/100 psn|[from] psn\n|upkeep\n|turn|7\n|\n|t:|1771238001\n|switch|p1a: Alomomola|Alomomola, M|100/100\n|-activate|p1a: Alomomola|move: Sticky Web\n|-unboost|p1a: Alomomola|spe|1\n|move|p2a: Basculegion|Shadow Ball|p1a: Alomomola\n|-damage|p1a: Alomomola|72/100\n|-damage|p2a: Basculegion|0 fnt|[from] item: Life Orb\n|faint|p2a: Basculegion\n|\n|upkeep\n|\n|t:|1771238007\n|switch|p2a: Raging Bolt|Raging Bolt|100/100\n|-status|p2a: Raging Bolt|psn\n|-enditem|p2a: Raging Bolt|Booster Energy\n|-activate|p2a: Raging Bolt|ability: Protosynthesis|[fromitem]\n|-start|p2a: Raging Bolt|protosynthesisspa\n|turn|8\n|\n|t:|1771238031\n|move|p2a: Raging Bolt|Thunderbolt|p1a: Alomomola\n|-supereffective|p1a: Alomomola\n|-damage|p1a: Alomomola|1/100\n|-status|p1a: Alomomola|par\n|move|p1a: Alomomola|Mirror Coat|p2a: Raging Bolt\n|-damage|p2a: Raging Bolt|0 fnt\n|faint|p2a: Raging Bolt\n|-end|p2a: Raging Bolt|Protosynthesis|[silent]\n|\n|upkeep\n|\n|t:|1771238053\n|switch|p2a: Kingambit|Kingambit, M|100/100\n|-activate|p2a: Kingambit|ability: Supreme Overlord\n|-start|p2a: Kingambit|fallen4|[silent]\n|turn|9\n|\n|t:|1771238056\n|move|p2a: Kingambit|Swords Dance|p2a: Kingambit\n|-boost|p2a: Kingambit|atk|2\n|move|p1a: Alomomola|Flip Turn|p2a: Kingambit\n|-damage|p2a: Kingambit|88/100\n|\n|t:|1771238058\n|switch|p1a: Lopunny|Lopunny-Mega, F, shiny|100/100|[from] Flip Turn\n|-activate|p1a: Lopunny|move: Sticky Web\n|-unboost|p1a: Lopunny|spe|1\n|\n|upkeep\n|turn|10\n|\n|t:|1771238062\n|move|p2a: Kingambit|Sucker Punch|p1a: Lopunny\n|-resisted|p1a: Lopunny\n|-crit|p1a: Lopunny\n|-damage|p1a: Lopunny|0 fnt\n|faint|p1a: Lopunny\n|detailschange|p1: Lopunny|Lopunny, F, shiny|[silent]\n|-damage|p2a: Kingambit|78/100|[from] item: Life Orb\n|\n|upkeep\n|\n|t:|1771238075\n|switch|p1a: Gholdengo|Gholdengo|100/100\n|-item|p1a: Gholdengo|Air Balloon\n|turn|11\n|\n|t:|1771238079\n|move|p1a: Gholdengo|Focus Blast|p2a: Kingambit\n|-supereffective|p2a: Kingambit\n|-damage|p2a: Kingambit|0 fnt\n|faint|p2a: Kingambit\n|-end|p2a: Kingambit|fallen4|[silent]\n|\n|upkeep\n|\n|t:|1771238081\n|switch|p2a: Volcarona|Volcarona, M|100/100\n|turn|12\n|\n|t:|1771238084\n|move|p2a: Volcarona|Quiver Dance|p2a: Volcarona\n|-boost|p2a: Volcarona|spa|1\n|-boost|p2a: Volcarona|spd|1\n|-boost|p2a: Volcarona|spe|1\n|move|p1a: Gholdengo|Shadow Ball|p2a: Volcarona\n|-damage|p2a: Volcarona|73/100\n|\n|upkeep\n|turn|13\n|\n|t:|1771238088\n|move|p2a: Volcarona|Quiver Dance|p2a: Volcarona\n|-boost|p2a: Volcarona|spa|1\n|-boost|p2a: Volcarona|spd|1\n|-boost|p2a: Volcarona|spe|1\n|move|p1a: Gholdengo|Nasty Plot|p1a: Gholdengo\n|-boost|p1a: Gholdengo|spa|2\n|\n|upkeep\n|turn|14\n|\n|t:|1771238090\n|move|p2a: Volcarona|Fiery Dance|p1a: Gholdengo\n|-supereffective|p1a: Gholdengo\n|-damage|p1a: Gholdengo|0 fnt\n|-enditem|p1a: Gholdengo|Air Balloon\n|faint|p1a: Gholdengo\n|\n|upkeep\n|\n|t:|1771238092\n|switch|p1a: Alomomola|Alomomola, M|34/100 par\n|-activate|p1a: Alomomola|move: Sticky Web\n|-unboost|p1a: Alomomola|spe|1\n|turn|15\n|\n|t:|1771238095\n|switch|p1a: Zapdos|Zapdos|69/100\n|move|p2a: Volcarona|Bug Buzz|p1a: Zapdos\n|-resisted|p1a: Zapdos\n|-damage|p1a: Zapdos|24/100\n|\n|upkeep\n|turn|16\n|\n|t:|1771238098\n|move|p2a: Volcarona|Fiery Dance|p1a: Zapdos\n|-damage|p1a: Zapdos|0 fnt\n|faint|p1a: Zapdos\n|\n|upkeep\n|\n|t:|1771238101\n|switch|p1a: Hoopa|Hoopa-Unbound|100/100\n|-activate|p1a: Hoopa|move: Sticky Web\n|-unboost|p1a: Hoopa|spe|1\n|turn|17\n|\n|t:|1771238103\n|move|p2a: Volcarona|Bug Buzz|p1a: Hoopa\n|-supereffective|p1a: Hoopa\n|-damage|p1a: Hoopa|0 fnt\n|faint|p1a: Hoopa\n|\n|upkeep\n|\n|t:|1771238106\n|switch|p1a: Alomomola|Alomomola, M|68/100 par\n|-activate|p1a: Alomomola|move: Sticky Web\n|-unboost|p1a: Alomomola|spe|1\n|turn|18\n|\n|t:|1771238108\n|move|p2a: Volcarona|Quiver Dance|p2a: Volcarona\n|-boost|p2a: Volcarona|spa|1\n|-boost|p2a: Volcarona|spd|1\n|-boost|p2a: Volcarona|spe|1\n|move|p1a: Alomomola|Mirror Coat||[still]\n|-fail|p1a: Alomomola\n|\n|upkeep\n|turn|19\n|\n|t:|1771238113\n|move|p2a: Volcarona|Quiver Dance|p2a: Volcarona\n|-boost|p2a: Volcarona|spa|1\n|-boost|p2a: Volcarona|spd|1\n|-boost|p2a: Volcarona|spe|1\n|move|p1a: Alomomola|Body Slam|p2a: Volcarona\n|-damage|p2a: Volcarona|48/100\n|-status|p2a: Volcarona|par\n|\n|upkeep\n|turn|20\n|\n|t:|1771238120\n|cant|p2a: Volcarona|par\n|move|p1a: Alomomola|Mirror Coat||[still]\n|-fail|p1a: Alomomola\n|\n|upkeep\n|turn|21\n|\n|t:|1771238123\n|move|p1a: Alomomola|Aqua Jet|p2a: Volcarona\n|-supereffective|p2a: Volcarona\n|-damage|p2a: Volcarona|11/100 par\n|move|p2a: Volcarona|Bug Buzz|p1a: Alomomola\n|-damage|p1a: Alomomola|0 fnt\n|faint|p1a: Alomomola\n|\n|win|meimeisamayeah\n|raw|xyyyyyz's rating: 1599 &rarr; <strong>1581</strong><br />(-18 for losing)\n|raw|meimeisamayeah's rating: 1628 &rarr; <strong>1646</strong><br />(+18 for winning)\n|l|☆xyyyyyz\n|player|p1|\n|l|☆meimeisamayeah\n|player|p2|\n", "uploadtime": 1771238266, "views": 13, "formatid": "gen9nationaldex", "rating": 1581, "private": 0, "password": null}