{"id": "gen9nationaldex-2540590013", "format": "[Gen 9] National Dex", "players": ["ezclapperez89", "turtle1stthebest"], "log": "|j|☆ezclapperez89\n|j|☆turtle1stthebest\n|t:|1771223005\n|gametype|singles\n|player|p1|ezclapperez89|1|1541\n|player|p2|turtle1stthebest|guzma|1557\n|gen|9\n|tier|[Gen 9] National Dex\n|rated|\n|rule|HP Percentage Mod: HP is shown in percentages\n|rule|Endless Battle Clause: Forcing endless battles is banned\n|rule|Species Clause: Limit one of each Pokémon\n|rule|OHKO Clause: OHKO moves are banned\n|rule|Evasion Clause: Evasion abilities, items, and moves are banned\n|rule|Evasion Abilities Clause: Evasion abilities are banned\n|rule|Evasion Items Clause: Evasion items are banned\n|rule|Evasion Moves Clause: Evasion moves are banned\n|rule|Sleep Clause Mod: Limit one foe put to sleep\n|rule|Terastal Clause: You cannot Terastallize\n|clearpoke\n|poke|p1|Grimmsnarl, M|\n|poke|p1|Volcarona, M|\n|poke|p1|Garchomp, M|\n|poke|p1|Maushold|\n|poke|p1|Iron Valiant|\n|poke|p1|Gyarados, M|\n|poke|p2|Salamence, F|\n|poke|p2|Medicham, F|\n|poke|p2|Landorus-Therian, M|\n|poke|p2|Ferrothorn, M|\n|poke|p2|Alomomola, M|\n|poke|p2|Terapagos, M|\n|teampreview\n|inactive|Battle timer is ON: inactive players will automatically lose when time's up. (requested by ezclapperez89)\n|\n|t:|1771223025\n|teamsize|p1|6\n|teamsize|p2|6\n|start\n|switch|p1a: Grimmsnarl|Grimmsnarl, M|100/100\n|switch|p2a: Landorus|Landorus-Therian, M, shiny|100/100\n|-ability|p2a: Landorus|Intimidate|boost\n|-unboost|p1a: Grimmsnarl|atk|1\n|turn|1\n|\n|t:|1771223036\n|move|p1a: Grimmsnarl|Reflect|p1a: Grimmsnarl\n|-sidestart|p1: ezclapperez89|Reflect\n|move|p2a: Landorus|Knock Off|p1a: Grimmsnarl\n|-resisted|p1a: Grimmsnarl\n|-damage|p1a: Grimmsnarl|95/100\n|-enditem|p1a: Grimmsnarl|Light Clay|[from] move: Knock Off|[of] p2a: Landorus\n|\n|upkeep\n|turn|2\n|\n|t:|1771223054\n|switch|p2a: Alomomola|Alomomola, M, shiny|100/100\n|move|p1a: Grimmsnarl|Parting Shot|p2a: Alomomola\n|-unboost|p2a: Alomomola|atk|1\n|-unboost|p2a: Alomomola|spa|1\n|\n|t:|1771223065\n|switch|p1a: Volcarona|Volcarona, M|100/100|[from] Parting Shot\n|\n|upkeep\n|turn|3\n|\n|t:|1771223075\n|move|p1a: Volcarona|Substitute|p1a: Volcarona\n|-start|p1a: Volcarona|Substitute\n|-damage|p1a: Volcarona|76/100\n|move|p2a: Alomomola|Flip Turn|p1a: Volcarona\n|-supereffective|p1a: Volcarona\n|-activate|p1a: Volcarona|move: Substitute|[damage]\n|\n|t:|1771223080\n|switch|p2a: Landorus|Landorus-Therian, M, shiny|100/100|[from] Flip Turn\n|-ability|p2a: Landorus|Intimidate|boost\n|-immune|p1a: Volcarona\n|\n|upkeep\n|turn|4\n|\n|t:|1771223085\n|move|p2a: Landorus|Stone Edge|p1a: Volcarona\n|-supereffective|p1a: Volcarona\n|-end|p1a: Volcarona|Substitute\n|move|p1a: Volcarona|Quiver Dance|p1a: Volcarona\n|-boost|p1a: Volcarona|spa|1\n|-boost|p1a: Volcarona|spd|1\n|-boost|p1a: Volcarona|spe|1\n|\n|upkeep\n|turn|5\n|\n|t:|1771223090\n|move|p1a: Volcarona|Substitute|p1a: Volcarona\n|-start|p1a: Volcarona|Substitute\n|-damage|p1a: Volcarona|51/100\n|move|p2a: Landorus|Stone Edge|p1a: Volcarona\n|-supereffective|p1a: Volcarona\n|-end|p1a: Volcarona|Substitute\n|\n|upkeep\n|turn|6\n|\n|t:|1771223095\n|move|p1a: Volcarona|Substitute|p1a: Volcarona\n|-start|p1a: Volcarona|Substitute\n|-damage|p1a: Volcarona|26/100\n|move|p2a: Landorus|Stone Edge|p1a: Volcarona\n|-supereffective|p1a: Volcarona\n|-end|p1a: Volcarona|Substitute\n|\n|upkeep\n|turn|7\n|\n|t:|1771223100\n|-zpower|p1a: Volcarona\n|move|p1a: Volcarona|Savage Spin-Out|p2a: Landorus|[zeffect]\n|-resisted|p2a: Landorus\n|-damage|p2a: Landorus|0 fnt\n|faint|p2a: Landorus\n|\n|upkeep\n|\n|t:|1771223106\n|switch|p2a: Terapagos|Terapagos, M|100/100\n|-activate|p2a: Terapagos|ability: Tera Shift\n|detailschange|p2a: Terapagos|Terapagos-Terastal, M\n|-heal|p2a: Terapagos|100/100|[silent]\n|turn|8\n|\n|t:|1771223112\n|move|p1a: Volcarona|Bug Buzz|p2a: Terapagos\n|-activate|p2a: Terapagos|ability: Tera Shell\n|-resisted|p2a: Terapagos\n|-damage|p2a: Terapagos|52/100\n|move|p2a: Terapagos|Tera Starstorm|p1a: Volcarona\n|-damage|p1a: Volcarona|0 fnt\n|faint|p1a: Volcarona\n|\n|-sideend|p1: ezclapperez89|Reflect\n|upkeep\n|\n|t:|1771223126\n|switch|p1a: Maushold|Maushold|100/100\n|turn|9\n|\n|t:|1771223129\n|switch|p1a: Gyarados|Gyarados, M|100/100\n|-ability|p1a: Gyarados|Intimidate|boost\n|-unboost|p2a: Terapagos|atk|1\n|switch|p2a: Ferrothorn|Ferrothorn, M, shiny|100/100\n|\n|upkeep\n|turn|10\n|\n|t:|1771223136\n|move|p1a: Gyarados|Taunt|p2a: Ferrothorn\n|-start|p2a: Ferrothorn|move: Taunt\n|cant|p2a: Ferrothorn|move: Taunt|Stealth Rock\n|\n|upkeep\n|turn|11\n|\n|t:|1771223148\n|switch|p2a: Salamence|Salamence, F, shiny|100/100\n|move|p1a: Gyarados|Dragon Dance|p1a: Gyarados\n|-boost|p1a: Gyarados|atk|1\n|-boost|p1a: Gyarados|spe|1\n|\n|upkeep\n|turn|12\n|\n|t:|1771223162\n|detailschange|p1a: Gyarados|Gyarados-Mega, M\n|-mega|p1a: Gyarados|Gyarados|Gyaradosite\n|-ability|p1a: Gyarados|Mold Breaker\n|move|p1a: Gyarados|Crunch|p2a: Salamence\n|-damage|p2a: Salamence|16/100\n|move|p2a: Salamence|Dragon Dance|p2a: Salamence\n|-boost|p2a: Salamence|atk|1\n|-boost|p2a: Salamence|spe|1\n|\n|upkeep\n|turn|13\n|\n|t:|1771223173\n|-zpower|p2a: Salamence\n|move|p2a: Salamence|Supersonic Skystrike|p1a: Gyarados|[zeffect]\n|-damage|p1a: Gyarados|0 fnt\n|faint|p1a: Gyarados\n|detailschange|p1: Gyarados|Gyarados, M|[silent]\n|-ability|p2a: Salamence|Moxie|boost\n|-boost|p2a: Salamence|atk|1\n|\n|upkeep\n|\n|t:|1771223175\n|switch|p1a: Iron Valiant|Iron Valiant|100/100\n|-enditem|p1a: Iron Valiant|Booster Energy\n|-activate|p1a: Iron Valiant|ability: Quark Drive|[fromitem]\n|-start|p1a: Iron Valiant|quarkdrivespe\n|turn|14\n|\n|t:|1771223190\n|switch|p2a: Alomomola|Alomomola, M, shiny|100/100\n|move|p1a: Iron Valiant|Knock Off|p2a: Alomomola\n|-damage|p2a: Alomomola|76/100\n|-enditem|p2a: Alomomola|Assault Vest|[from] move: Knock Off|[of] p1a: Iron Valiant\n|\n|upkeep\n|turn|15\n|\n|t:|1771223197\n|move|p1a: Iron Valiant|Swords Dance|p1a: Iron Valiant\n|-boost|p1a: Iron Valiant|atk|2\n|move|p2a: Alomomola|Mirror Coat||[still]\n|-fail|p2a: Alomomola\n|\n|upkeep\n|turn|16\n|\n|t:|1771223205\n|move|p1a: Iron Valiant|Swords Dance|p1a: Iron Valiant\n|-boost|p1a: Iron Valiant|atk|2\n|move|p2a: Alomomola|Scald|p1a: Iron Valiant\n|-damage|p1a: Iron Valiant|77/100\n|\n|upkeep\n|turn|17\n|\n|t:|1771223210\n|move|p1a: Iron Valiant|Close Combat|p2a: Alomomola\n|-damage|p2a: Alomomola|0 fnt\n|-unboost|p1a: Iron Valiant|def|1\n|-unboost|p1a: Iron Valiant|spd|1\n|faint|p2a: Alomomola\n|\n|upkeep\n|\n|t:|1771223213\n|switch|p2a: Medicham|Medicham, F, shiny|100/100\n|turn|18\n|\n|t:|1771223215\n|detailschange|p2a: Medicham|Medicham-Mega, F, shiny\n|-mega|p2a: Medicham|Medicham|Medichamite\n|move|p2a: Medicham|Fake Out|p1a: Iron Valiant\n|-damage|p1a: Iron Valiant|33/100\n|cant|p1a: Iron Valiant|flinch\n|\n|upkeep\n|turn|19\n|\n|t:|1771223230\n|switch|p2a: Terapagos|Terapagos-Terastal, M|52/100\n|move|p1a: Iron Valiant|Knock Off|p2a: Terapagos\n|-damage|p2a: Terapagos|0 fnt\n|-enditem|p2a: Terapagos|Heavy-Duty Boots|[from] move: Knock Off|[of] p1a: Iron Valiant\n|faint|p2a: Terapagos\n|\n|upkeep\n|\n|t:|1771223234\n|switch|p2a: Medicham|Medicham-Mega, F, shiny|100/100\n|turn|20\n|\n|t:|1771223238\n|-end|p1a: Iron Valiant|Quark Drive|[silent]\n|switch|p1a: Grimmsnarl|Grimmsnarl, M|95/100\n|move|p2a: Medicham|Fake Out|p1a: Grimmsnarl\n|-damage|p1a: Grimmsnarl|71/100\n|\n|upkeep\n|turn|21\n|\n|t:|1771223247\n|move|p1a: Grimmsnarl|Reflect|p1a: Grimmsnarl\n|-sidestart|p1: ezclapperez89|Reflect\n|move|p2a: Medicham|Close Combat|p1a: Grimmsnarl\n|-damage|p1a: Grimmsnarl|20/100\n|-unboost|p2a: Medicham|def|1\n|-unboost|p2a: Medicham|spd|1\n|\n|upkeep\n|turn|22\n|\n|t:|1771223257\n|move|p1a: Grimmsnarl|Light Screen|p1a: Grimmsnarl\n|-sidestart|p1: ezclapperez89|move: Light Screen\n|move|p2a: Medicham|Close Combat|p1a: Grimmsnarl\n|-damage|p1a: Grimmsnarl|0 fnt\n|-unboost|p2a: Medicham|def|1\n|-unboost|p2a: Medicham|spd|1\n|faint|p1a: Grimmsnarl\n|\n|upkeep\n|\n|t:|1771223263\n|switch|p1a: Maushold|Maushold|100/100\n|turn|23\n|\n|t:|1771223266\n|switch|p2a: Ferrothorn|Ferrothorn, M, shiny|100/100\n|move|p1a: Maushold|Population Bomb|p2a: Ferrothorn\n|-resisted|p2a: Ferrothorn\n|-damage|p2a: Ferrothorn|97/100\n|-damage|p1a: Maushold|88/100|[from] ability: Iron Barbs|[of] p2a: Ferrothorn\n|-resisted|p2a: Ferrothorn\n|-damage|p2a: Ferrothorn|93/100\n|-damage|p1a: Maushold|76/100|[from] ability: Iron Barbs|[of] p2a: Ferrothorn\n|-resisted|p2a: Ferrothorn\n|-damage|p2a: Ferrothorn|89/100\n|-damage|p1a: Maushold|63/100|[from] ability: Iron Barbs|[of] p2a: Ferrothorn\n|-resisted|p2a: Ferrothorn\n|-damage|p2a: Ferrothorn|85/100\n|-damage|p1a: Maushold|51/100|[from] ability: Iron Barbs|[of] p2a: Ferrothorn\n|-resisted|p2a: Ferrothorn\n|-damage|p2a: Ferrothorn|81/100\n|-damage|p1a: Maushold|38/100|[from] ability: Iron Barbs|[of] p2a: Ferrothorn\n|-resisted|p2a: Ferrothorn\n|-damage|p2a: Ferrothorn|77/100\n|-damage|p1a: Maushold|26/100|[from] ability: Iron Barbs|[of] p2a: Ferrothorn\n|-resisted|p2a: Ferrothorn\n|-damage|p2a: Ferrothorn|73/100\n|-damage|p1a: Maushold|13/100|[from] ability: Iron Barbs|[of] p2a: Ferrothorn\n|-resisted|p2a: Ferrothorn\n|-damage|p2a: Ferrothorn|69/100\n|-damage|p1a: Maushold|1/100|[from] ability: Iron Barbs|[of] p2a: Ferrothorn\n|-resisted|p2a: Ferrothorn\n|-damage|p2a: Ferrothorn|65/100\n|-damage|p1a: Maushold|0 fnt|[from] ability: Iron Barbs|[of] p2a: Ferrothorn\n|faint|p1a: Maushold\n|-hitcount|p2a: Ferrothorn|9\n|\n|-heal|p2a: Ferrothorn|71/100|[from] item: Leftovers\n|upkeep\n|\n|t:|1771223269\n|switch|p1a: Garchomp|Garchomp, M|100/100\n|turn|24\n|\n|t:|1771223278\n|move|p1a: Garchomp|Swords Dance|p1a: Garchomp\n|-boost|p1a: Garchomp|atk|2\n|move|p2a: Ferrothorn|Leech Seed|p1a: Garchomp|[miss]\n|-miss|p2a: Ferrothorn|p1a: Garchomp\n|\n|-heal|p2a: Ferrothorn|77/100|[from] item: Leftovers\n|upkeep\n|turn|25\n|\n|t:|1771223286\n|move|p1a: Garchomp|Substitute|p1a: Garchomp\n|-start|p1a: Garchomp|Substitute\n|-damage|p1a: Garchomp|76/100\n|move|p2a: Ferrothorn|Leech Seed||[still]\n|-fail|p2a: Ferrothorn\n|\n|-heal|p2a: Ferrothorn|83/100|[from] item: Leftovers\n|-sideend|p1: ezclapperez89|Reflect\n|upkeep\n|turn|26\n|\n|t:|1771223291\n|move|p1a: Garchomp|Swords Dance|p1a: Garchomp\n|-boost|p1a: Garchomp|atk|2\n|move|p2a: Ferrothorn|Power Whip|p1a: Garchomp\n|-end|p1a: Garchomp|Substitute\n|\n|-heal|p2a: Ferrothorn|89/100|[from] item: Leftovers\n|-sideend|p1: ezclapperez89|move: Light Screen\n|upkeep\n|turn|27\n|\n|t:|1771223298\n|move|p1a: Garchomp|Earthquake|p2a: Ferrothorn\n|-damage|p2a: Ferrothorn|0 fnt\n|faint|p2a: Ferrothorn\n|\n|upkeep\n|\n|t:|1771223303\n|switch|p2a: Salamence|Salamence, F, shiny|16/100\n|turn|28\n|\n|t:|1771223305\n|move|p1a: Garchomp|Scale Shot|p2a: Salamence\n|-supereffective|p2a: Salamence\n|-damage|p2a: Salamence|0 fnt\n|faint|p2a: Salamence\n|-hitcount|p2: Salamence|1\n|-unboost|p1a: Garchomp|def|1\n|-boost|p1a: Garchomp|spe|1\n|\n|upkeep\n|\n|t:|1771223308\n|switch|p2a: Medicham|Medicham-Mega, F, shiny|100/100\n|turn|29\n|\n|t:|1771223310\n|move|p2a: Medicham|Fake Out|p1a: Garchomp\n|-damage|p1a: Garchomp|41/100\n|-damage|p2a: Medicham|88/100|[from] ability: Rough Skin|[of] p1a: Garchomp\n|cant|p1a: Garchomp|flinch\n|\n|upkeep\n|turn|30\n|-message|turtle1stthebest forfeited.\n|\n|win|ezclapperez89\n|raw|ezclapperez89's rating: 1541 &rarr; <strong>1562</strong><br />(+21 for winning)\n|raw|turtle1stthebest's rating: 1557 &rarr; <strong>1536</strong><br />(-21 for losing)\n|l|☆turtle1stthebest\n|player|p2|\n", "uploadtime": 1771223332, "views": 8, "formatid": "gen9nationaldex", "rating": 1536, "private": 0, "password": null}