{"id": "gen9nationaldex-2540606615", "format": "[Gen 9] National Dex", "players": ["ndx_alt17", "starebirdxx"], "log": "|j|☆ndx_alt17\n|j|☆starebirdxx\n|t:|1771226106\n|gametype|singles\n|player|p1|ndx_alt17|nate|1535\n|player|p2|starebirdxx|rosa|1605\n|gen|9\n|tier|[Gen 9] National Dex\n|rated|\n|rule|HP Percentage Mod: HP is shown in percentages\n|rule|Endless Battle Clause: Forcing endless battles is banned\n|rule|Species Clause: Limit one of each Pokémon\n|rule|OHKO Clause: OHKO moves are banned\n|rule|Evasion Clause: Evasion abilities, items, and moves are banned\n|rule|Evasion Abilities Clause: Evasion abilities are banned\n|rule|Evasion Items Clause: Evasion items are banned\n|rule|Evasion Moves Clause: Evasion moves are banned\n|rule|Sleep Clause Mod: Limit one foe put to sleep\n|rule|Terastal Clause: You cannot Terastallize\n|clearpoke\n|poke|p1|Azumarill, F|\n|poke|p1|Gholdengo|\n|poke|p1|Ferrothorn, M|\n|poke|p1|Latios, M|\n|poke|p1|Gliscor, M|\n|poke|p1|Cinderace, M|\n|poke|p2|Hatterene, F|\n|poke|p2|Cresselia, F|\n|poke|p2|Porygon2|\n|poke|p2|Ursaluna, M|\n|poke|p2|Mawile, F|\n|poke|p2|Marowak-Alola, M|\n|teampreview\n|\n|t:|1771226116\n|teamsize|p1|6\n|teamsize|p2|6\n|start\n|switch|p1a: Azumarill|Azumarill, F, shiny|100/100\n|switch|p2a: Marowak|Marowak-Alola, M|100/100\n|turn|1\n|\n|t:|1771226119\n|switch|p2a: Mawile|Mawile, F|100/100\n|-ability|p2a: Mawile|Intimidate|boost\n|-unboost|p1a: Azumarill|atk|1\n|move|p1a: Azumarill|Liquidation|p2a: Mawile\n|-damage|p2a: Mawile|32/100\n|\n|upkeep\n|turn|2\n|\n|t:|1771226122\n|detailschange|p2a: Mawile|Mawile-Mega, F\n|-mega|p2a: Mawile|Mawile|Mawilite\n|move|p1a: Azumarill|Liquidation|p2a: Mawile\n|-damage|p2a: Mawile|0 fnt\n|faint|p2a: Mawile\n|detailschange|p2: Mawile|Mawile, F|[silent]\n|\n|upkeep\n|\n|t:|1771226133\n|switch|p2a: Cresselia|Cresselia, F|100/100\n|turn|3\n|\n|t:|1771226136\n|switch|p1a: Ferrothorn|Ferrothorn, M|100/100\n|move|p2a: Cresselia|Trick Room|p2a: Cresselia\n|-fieldstart|move: Trick Room|[of] p2a: Cresselia\n|\n|upkeep\n|turn|4\n|\n|t:|1771226140\n|switch|p2a: Hatterene|Hatterene, F|100/100\n|move|p1a: Ferrothorn|Knock Off|p2a: Hatterene\n|-crit|p2a: Hatterene\n|-damage|p2a: Hatterene|77/100\n|\n|upkeep\n|turn|5\n|\n|t:|1771226145\n|switch|p1a: Gliscor|Gliscor, M, shiny|100/100\n|move|p2a: Hatterene|Psychic Noise|p1a: Gliscor\n|-damage|p1a: Gliscor|59/100\n|-start|p1a: Gliscor|move: Heal Block\n|\n|-status|p1a: Gliscor|tox|[from] item: Toxic Orb\n|upkeep\n|turn|6\n|\n|t:|1771226152\n|-zpower|p2a: Hatterene\n|move|p2a: Hatterene|Twinkle Tackle|p1a: Gliscor|[zeffect]\n|-damage|p1a: Gliscor|0 fnt\n|faint|p1a: Gliscor\n|\n|upkeep\n|\n|t:|1771226158\n|switch|p1a: Azumarill|Azumarill, F, shiny|100/100\n|turn|7\n|\n|t:|1771226164\n|move|p2a: Hatterene|Misty Explosion|p1a: Azumarill\n|-damage|p1a: Azumarill|45/100\n|faint|p2a: Hatterene\n|move|p1a: Azumarill|Liquidation|p2: Hatterene|[notarget]\n|-fail|p1a: Azumarill\n|\n|-fieldend|move: Trick Room\n|upkeep\n|\n|t:|1771226168\n|switch|p2a: Porygon2|Porygon2|100/100\n|-ability|p2a: Porygon2|Huge Power|Trace|[from] ability: Trace|[of] p1a: Azumarill\n|turn|8\n|\n|t:|1771226171\n|move|p1a: Azumarill|Liquidation|p2a: Porygon2\n|-damage|p2a: Porygon2|45/100\n|move|p2a: Porygon2|Trick Room|p2a: Porygon2\n|-fieldstart|move: Trick Room|[of] p2a: Porygon2\n|\n|upkeep\n|turn|9\n|\n|t:|1771226174\n|move|p1a: Azumarill|Liquidation|p2a: Porygon2\n|-damage|p2a: Porygon2|0 fnt\n|faint|p2a: Porygon2\n|\n|upkeep\n|\n|t:|1771226181\n|switch|p2a: Marowak|Marowak-Alola, M|100/100\n|turn|10\n|\n|t:|1771226185\n|switch|p1a: Ferrothorn|Ferrothorn, M|100/100\n|move|p2a: Marowak|Poltergeist|p1a: Ferrothorn\n|-activate|p1a: Ferrothorn|move: Poltergeist|Leftovers\n|-damage|p1a: Ferrothorn|49/100\n|\n|-heal|p1a: Ferrothorn|55/100|[from] item: Leftovers\n|upkeep\n|turn|11\n|\n|t:|1771226190\n|switch|p1a: Cinderace|Cinderace, M, shiny|100/100\n|move|p2a: Marowak|Flare Blitz|p1a: Cinderace\n|-resisted|p1a: Cinderace\n|-damage|p1a: Cinderace|26/100\n|\n|upkeep\n|turn|12\n|\n|t:|1771226196\n|move|p2a: Marowak|Flare Blitz|p1a: Cinderace\n|-resisted|p1a: Cinderace\n|-damage|p1a: Cinderace|0 fnt\n|faint|p1a: Cinderace\n|\n|-fieldend|move: Trick Room\n|upkeep\n|\n|t:|1771226201\n|switch|p1a: Gholdengo|Gholdengo|100/100\n|turn|13\n|\n|t:|1771226206\n|move|p1a: Gholdengo|Shadow Ball|p2a: Marowak\n|-supereffective|p2a: Marowak\n|-damage|p2a: Marowak|0 fnt\n|faint|p2a: Marowak\n|\n|upkeep\n|\n|t:|1771226208\n|switch|p2a: Ursaluna|Ursaluna, M|100/100\n|turn|14\n|\n|t:|1771226212\n|switch|p1a: Latios|Latios, M|100/100\n|move|p2a: Ursaluna|Headlong Rush|p1a: Latios\n|-immune|p1a: Latios|[from] ability: Levitate\n|\n|-status|p2a: Ursaluna|brn|[from] item: Flame Orb\n|upkeep\n|turn|15\n|\n|t:|1771226216\n|switch|p1a: Gholdengo|Gholdengo|100/100\n|switch|p2a: Cresselia|Cresselia, F|100/100\n|\n|upkeep\n|turn|16\n|\n|t:|1771226218\n|-zpower|p1a: Gholdengo\n|move|p1a: Gholdengo|Never-Ending Nightmare|p2a: Cresselia|[zeffect]\n|-supereffective|p2a: Cresselia\n|-damage|p2a: Cresselia|0 fnt\n|faint|p2a: Cresselia\n|\n|upkeep\n|-message|starebirdxx forfeited.\n|\n|win|ndx_alt17\n|raw|ndx_alt17's rating: 1535 &rarr; <strong>1559</strong><br />(+24 for winning)\n|raw|starebirdxx's rating: 1605 &rarr; <strong>1581</strong><br />(-24 for losing)\n|l|☆starebirdxx\n|player|p2|\n|l|☆ndx_alt17\n|player|p1|\n", "uploadtime": 1771226546, "views": 11, "formatid": "gen9nationaldex", "rating": 1559, "private": 0, "password": null}