{"id": "gen9nationaldex-2540336053", "format": "[Gen 9] National Dex", "players": ["dicolibri", "lepooker"], "log": "|j|☆dicolibri\n|j|☆lepooker\n|t:|1771190118\n|gametype|singles\n|player|p1|dicolibri|hiker|1722\n|player|p2|lepooker|giovanni|1613\n|gen|9\n|tier|[Gen 9] National Dex\n|rated|\n|rule|HP Percentage Mod: HP is shown in percentages\n|rule|Endless Battle Clause: Forcing endless battles is banned\n|rule|Species Clause: Limit one of each Pokémon\n|rule|OHKO Clause: OHKO moves are banned\n|rule|Evasion Clause: Evasion abilities, items, and moves are banned\n|rule|Evasion Abilities Clause: Evasion abilities are banned\n|rule|Evasion Items Clause: Evasion items are banned\n|rule|Evasion Moves Clause: Evasion moves are banned\n|rule|Sleep Clause Mod: Limit one foe put to sleep\n|rule|Terastal Clause: You cannot Terastallize\n|clearpoke\n|poke|p1|Torkoal, F|\n|poke|p1|Slowbro, F|\n|poke|p1|Ursaluna, F|\n|poke|p1|Victini|\n|poke|p1|Exeggutor-Alola, F|\n|poke|p1|Hoopa-Unbound|\n|poke|p2|Mamoswine, M|\n|poke|p2|Cinderace, M|\n|poke|p2|Raging Bolt|\n|poke|p2|Zamazenta-*|\n|poke|p2|Enamorus-Therian, F|\n|poke|p2|Kingambit, F|\n|teampreview\n|\n|t:|1771190126\n|teamsize|p1|6\n|teamsize|p2|6\n|start\n|switch|p1a: Torkoal|Torkoal, F|100/100\n|switch|p2a: Mamoswine|Mamoswine, M|100/100\n|-weather|SunnyDay|[from] ability: Drought|[of] p1a: Torkoal\n|turn|1\n|\n|t:|1771190130\n|move|p2a: Mamoswine|Stealth Rock|p1a: Torkoal\n|-sidestart|p1: dicolibri|move: Stealth Rock\n|move|p1a: Torkoal|Will-O-Wisp|p2a: Mamoswine\n|-status|p2a: Mamoswine|brn\n|\n|-weather|SunnyDay|[upkeep]\n|-damage|p2a: Mamoswine|94/100 brn|[from] brn\n|upkeep\n|turn|2\n|\n|t:|1771190136\n|move|p2a: Mamoswine|Earthquake|p1a: Torkoal\n|-supereffective|p1a: Torkoal\n|-damage|p1a: Torkoal|71/100\n|move|p1a: Torkoal|Stealth Rock|p2a: Mamoswine\n|-sidestart|p2: lepooker|move: Stealth Rock\n|\n|-weather|SunnyDay|[upkeep]\n|-damage|p2a: Mamoswine|88/100 brn|[from] brn\n|upkeep\n|turn|3\n|\n|t:|1771190150\n|switch|p1a: Slowbro|Slowbro, F|100/100\n|-damage|p1a: Slowbro|88/100|[from] Stealth Rock\n|move|p2a: Mamoswine|Earthquake|p1a: Slowbro\n|-damage|p1a: Slowbro|64/100\n|\n|-weather|SunnyDay|[upkeep]\n|-damage|p2a: Mamoswine|82/100 brn|[from] brn\n|upkeep\n|turn|4\n|\n|t:|1771190155\n|move|p2a: Mamoswine|Earthquake|p1a: Slowbro\n|-damage|p1a: Slowbro|40/100\n|move|p1a: Slowbro|Trick Room|p1a: Slowbro\n|-fieldstart|move: Trick Room|[of] p1a: Slowbro\n|\n|-weather|SunnyDay|[upkeep]\n|-damage|p2a: Mamoswine|76/100 brn|[from] brn\n|upkeep\n|turn|5\n|\n|t:|1771190162\n|move|p1a: Slowbro|Flamethrower|p2a: Mamoswine\n|-supereffective|p2a: Mamoswine\n|-crit|p2a: Mamoswine\n|-damage|p2a: Mamoswine|0 fnt\n|faint|p2a: Mamoswine\n|\n|-weather|SunnyDay|[upkeep]\n|upkeep\n|\n|t:|1771190167\n|switch|p2a: Kingambit|Kingambit, F|100/100\n|-damage|p2a: Kingambit|94/100|[from] Stealth Rock\n|-activate|p2a: Kingambit|ability: Supreme Overlord\n|-start|p2a: Kingambit|fallen1|[silent]\n|turn|6\n|\n|t:|1771190172\n|switch|p1a: Ursaluna|Ursaluna, F|100/100\n|-damage|p1a: Ursaluna|94/100|[from] Stealth Rock\n|move|p2a: Kingambit|Sucker Punch||[still]\n|-fail|p2a: Kingambit\n|\n|-weather|SunnyDay|[upkeep]\n|-status|p1a: Ursaluna|brn|[from] item: Flame Orb\n|upkeep\n|turn|7\n|\n|t:|1771190197\n|-end|p2a: Kingambit|fallen1|[silent]\n|switch|p2a: Zamazenta|Zamazenta|100/100\n|-damage|p2a: Zamazenta|94/100|[from] Stealth Rock\n|-ability|p2a: Zamazenta|Dauntless Shield|boost\n|-boost|p2a: Zamazenta|def|1\n|move|p1a: Ursaluna|Facade|p2a: Zamazenta\n|-damage|p2a: Zamazenta|31/100\n|\n|-weather|SunnyDay|[upkeep]\n|-heal|p2a: Zamazenta|37/100|[from] item: Leftovers\n|-damage|p1a: Ursaluna|88/100 brn|[from] brn\n|upkeep\n|turn|8\n|\n|t:|1771190205\n|move|p1a: Ursaluna|Facade|p2a: Zamazenta\n|-crit|p2a: Zamazenta\n|-damage|p2a: Zamazenta|0 fnt\n|faint|p2a: Zamazenta\n|\n|-weather|none\n|-damage|p1a: Ursaluna|82/100 brn|[from] brn\n|-fieldend|move: Trick Room\n|upkeep\n|\n|t:|1771190213\n|switch|p2a: Cinderace|Cinderace, M|100/100\n|turn|9\n|\n|t:|1771190234\n|move|p2a: Cinderace|High Jump Kick|p1a: Ursaluna\n|-start|p2a: Cinderace|typechange|Fighting|[from] ability: Libero\n|-supereffective|p1a: Ursaluna\n|-damage|p1a: Ursaluna|0 fnt\n|faint|p1a: Ursaluna\n|\n|upkeep\n|\n|t:|1771190241\n|switch|p1a: Torkoal|Torkoal, F|71/100\n|-damage|p1a: Torkoal|46/100|[from] Stealth Rock\n|-weather|SunnyDay|[from] ability: Drought|[of] p1a: Torkoal\n|turn|10\n|\n|t:|1771190245\n|switch|p2a: Enamorus|Enamorus-Therian, F|100/100\n|-damage|p2a: Enamorus|76/100|[from] Stealth Rock\n|move|p1a: Torkoal|Rapid Spin|p2a: Enamorus\n|-damage|p2a: Enamorus|68/100\n|-boost|p1a: Torkoal|spe|1\n|-sideend|p1: dicolibri|Stealth Rock|[from] move: Rapid Spin|[of] p1a: Torkoal\n|\n|-weather|SunnyDay|[upkeep]\n|-heal|p2a: Enamorus|74/100|[from] item: Leftovers\n|upkeep\n|turn|11\n|\n|t:|1771190255\n|switch|p1a: Victini|Victini|100/100\n|move|p2a: Enamorus|Iron Defense|p2a: Enamorus\n|-boost|p2a: Enamorus|def|2\n|\n|-weather|SunnyDay|[upkeep]\n|-heal|p2a: Enamorus|80/100|[from] item: Leftovers\n|upkeep\n|turn|12\n|\n|t:|1771190260\n|move|p2a: Enamorus|Calm Mind|p2a: Enamorus\n|-boost|p2a: Enamorus|spa|1\n|-boost|p2a: Enamorus|spd|1\n|move|p1a: Victini|Trick Room|p1a: Victini\n|-fieldstart|move: Trick Room|[of] p1a: Victini\n|\n|-weather|SunnyDay|[upkeep]\n|-heal|p2a: Enamorus|86/100|[from] item: Leftovers\n|upkeep\n|turn|13\n|\n|t:|1771190264\n|move|p2a: Enamorus|Calm Mind|p2a: Enamorus\n|-boost|p2a: Enamorus|spa|1\n|-boost|p2a: Enamorus|spd|1\n|move|p1a: Victini|V-create|p2a: Enamorus\n|-damage|p2a: Enamorus|26/100\n|-unboost|p1a: Victini|spe|1\n|-unboost|p1a: Victini|def|1\n|-unboost|p1a: Victini|spd|1\n|\n|-weather|SunnyDay|[upkeep]\n|-heal|p2a: Enamorus|32/100|[from] item: Leftovers\n|upkeep\n|turn|14\n|\n|t:|1771190270\n|move|p1a: Victini|V-create|p2a: Enamorus\n|-damage|p2a: Enamorus|0 fnt\n|-unboost|p1a: Victini|spe|1\n|-unboost|p1a: Victini|def|1\n|-unboost|p1a: Victini|spd|1\n|faint|p2a: Enamorus\n|\n|-weather|SunnyDay|[upkeep]\n|upkeep\n|\n|t:|1771190274\n|switch|p2a: Raging Bolt|Raging Bolt|100/100\n|-damage|p2a: Raging Bolt|88/100|[from] Stealth Rock\n|-activate|p2a: Raging Bolt|ability: Protosynthesis\n|-start|p2a: Raging Bolt|protosynthesisspa\n|turn|15\n|\n|t:|1771190285\n|move|p1a: Victini|V-create|p2a: Raging Bolt\n|-resisted|p2a: Raging Bolt\n|-crit|p2a: Raging Bolt\n|-damage|p2a: Raging Bolt|0 fnt\n|-unboost|p1a: Victini|spe|1\n|-unboost|p1a: Victini|def|1\n|-unboost|p1a: Victini|spd|1\n|faint|p2a: Raging Bolt\n|-end|p2a: Raging Bolt|Protosynthesis|[silent]\n|\n|-weather|SunnyDay|[upkeep]\n|upkeep\n|c|☆lepooker|im done lol\n|c|☆lepooker|bail city\n|\n|t:|1771190292\n|switch|p2a: Kingambit|Kingambit, F|94/100\n|-damage|p2a: Kingambit|88/100|[from] Stealth Rock\n|-activate|p2a: Kingambit|ability: Supreme Overlord\n|-start|p2a: Kingambit|fallen4|[silent]\n|turn|16\n|\n|t:|1771190295\n|move|p2a: Kingambit|Sucker Punch||[still]\n|-fail|p2a: Kingambit\n|move|p1a: Victini|Will-O-Wisp|p2a: Kingambit\n|-status|p2a: Kingambit|brn\n|\n|-weather|SunnyDay|[upkeep]\n|-damage|p2a: Kingambit|82/100 brn|[from] brn\n|-fieldend|move: Trick Room\n|upkeep\n|turn|17\n|-message|lepooker forfeited.\n|\n|win|dicolibri\n|raw|dicolibri's rating: 1722 &rarr; <strong>1736</strong><br />(+14 for winning)\n|raw|lepooker's rating: 1613 &rarr; <strong>1599</strong><br />(-14 for losing)\n|l|☆lepooker\n|player|p2|\n|l|☆dicolibri\n|player|p1|\n", "uploadtime": 1771190456, "views": 8, "formatid": "gen9nationaldex", "rating": 1599, "private": 0, "password": null}