{"id": "gen9nationaldex-2540786374", "format": "[Gen 9] National Dex", "players": ["riderzitto5", "e6e"], "log": "|j|☆riderzitto5\n|j|☆e6e\n|t:|1771253869\n|gametype|singles\n|player|p1|riderzitto5|petrel|1712\n|player|p2|e6e|mallow|1612\n|gen|9\n|tier|[Gen 9] National Dex\n|rated|\n|rule|HP Percentage Mod: HP is shown in percentages\n|rule|Endless Battle Clause: Forcing endless battles is banned\n|rule|Species Clause: Limit one of each Pokémon\n|rule|OHKO Clause: OHKO moves are banned\n|rule|Evasion Clause: Evasion abilities, items, and moves are banned\n|rule|Evasion Abilities Clause: Evasion abilities are banned\n|rule|Evasion Items Clause: Evasion items are banned\n|rule|Evasion Moves Clause: Evasion moves are banned\n|rule|Sleep Clause Mod: Limit one foe put to sleep\n|rule|Terastal Clause: You cannot Terastallize\n|clearpoke\n|poke|p1|Chansey, F|\n|poke|p1|Toxapex, F|\n|poke|p1|Corviknight, M|\n|poke|p1|Clodsire, M|\n|poke|p1|Dondozo, M|\n|poke|p1|Sableye, M|\n|poke|p2|Tapu Lele|\n|poke|p2|Iron Treads|\n|poke|p2|Moltres|\n|poke|p2|Quaquaval, F|\n|poke|p2|Kommo-o, M|\n|poke|p2|Venusaur, M|\n|teampreview\n|\n|t:|1771253880\n|teamsize|p1|6\n|teamsize|p2|6\n|start\n|switch|p1a: Timid|Sableye, M, shiny|100/100\n|switch|p2a: Quaquaval|Quaquaval, F|100/100\n|turn|1\n|\n|t:|1771253889\n|switch|p2a: Moltres|Moltres|100/100\n|move|p1a: Timid|Will-O-Wisp|p2a: Moltres\n|-immune|p2a: Moltres\n|\n|upkeep\n|turn|2\n|\n|t:|1771253899\n|switch|p2a: Venusaur|Venusaur, M|100/100\n|detailschange|p1a: Timid|Sableye-Mega, M, shiny\n|-mega|p1a: Timid|Sableye|Sablenite\n|move|p1a: Timid|Protect||[still]\n|-fail|p1a: Timid\n|\n|upkeep\n|turn|3\n|\n|t:|1771253908\n|switch|p2a: Tapu Lele|Tapu Lele, shiny|100/100\n|-fieldstart|move: Psychic Terrain|[from] ability: Psychic Surge|[of] p2a: Tapu Lele\n|move|p1a: Timid|Will-O-Wisp|p2a: Tapu Lele\n|-status|p2a: Tapu Lele|brn\n|\n|-damage|p2a: Tapu Lele|94/100 brn|[from] brn\n|upkeep\n|turn|4\n|\n|t:|1771253915\n|move|p1a: Timid|Protect|p1a: Timid\n|-singleturn|p1a: Timid|Protect\n|move|p2a: Tapu Lele|Calm Mind|p2a: Tapu Lele\n|-boost|p2a: Tapu Lele|spa|1\n|-boost|p2a: Tapu Lele|spd|1\n|\n|-damage|p2a: Tapu Lele|88/100 brn|[from] brn\n|upkeep\n|turn|5\n|\n|t:|1771253923\n|switch|p1a: EggChan|Chansey, F, shiny|100/100\n|move|p2a: Tapu Lele|Moonblast|p1a: EggChan\n|-damage|p1a: EggChan|81/100\n|-unboost|p1a: EggChan|spa|1\n|\n|-damage|p2a: Tapu Lele|82/100 brn|[from] brn\n|upkeep\n|turn|6\n|\n|t:|1771253936\n|move|p2a: Tapu Lele|Calm Mind|p2a: Tapu Lele\n|-boost|p2a: Tapu Lele|spa|1\n|-boost|p2a: Tapu Lele|spd|1\n|move|p1a: EggChan|Soft-Boiled|p1a: EggChan\n|-heal|p1a: EggChan|100/100\n|\n|-damage|p2a: Tapu Lele|76/100 brn|[from] brn\n|upkeep\n|turn|7\n|\n|t:|1771253939\n|move|p2a: Tapu Lele|Psychic|p1a: EggChan\n|-damage|p1a: EggChan|61/100\n|move|p1a: EggChan|Seismic Toss|p2a: Tapu Lele\n|-damage|p2a: Tapu Lele|41/100 brn\n|\n|-damage|p2a: Tapu Lele|35/100 brn|[from] brn\n|-fieldend|move: Psychic Terrain\n|upkeep\n|turn|8\n|\n|t:|1771253944\n|switch|p2a: Kommo-o|Kommo-o, M|100/100\n|move|p1a: EggChan|Soft-Boiled|p1a: EggChan\n|-heal|p1a: EggChan|100/100\n|\n|upkeep\n|turn|9\n|\n|t:|1771253948\n|switch|p1a: hehhehe|Clodsire, M, shiny|100/100\n|move|p2a: Kommo-o|Clangorous Soul|p2a: Kommo-o\n|-boost|p2a: Kommo-o|atk|1\n|-boost|p2a: Kommo-o|def|1\n|-boost|p2a: Kommo-o|spa|1\n|-boost|p2a: Kommo-o|spd|1\n|-boost|p2a: Kommo-o|spe|1\n|-damage|p2a: Kommo-o|68/100\n|\n|upkeep\n|turn|10\n|\n|t:|1771253955\n|-zpower|p2a: Kommo-o\n|move|p2a: Kommo-o|Devastating Drake|p1a: hehhehe|[zeffect]\n|-damage|p1a: hehhehe|58/100\n|move|p1a: hehhehe|Poison Jab|p2a: Kommo-o\n|-damage|p2a: Kommo-o|46/100\n|-status|p2a: Kommo-o|psn\n|\n|-heal|p1a: hehhehe|64/100|[from] item: Black Sludge\n|-damage|p2a: Kommo-o|33/100 psn|[from] psn\n|upkeep\n|turn|11\n|\n|t:|1771253960\n|move|p2a: Kommo-o|Clanging Scales|p1a: hehhehe\n|-damage|p1a: hehhehe|39/100\n|-unboost|p2a: Kommo-o|def|1\n|move|p1a: hehhehe|Recover|p1a: hehhehe\n|-heal|p1a: hehhehe|89/100\n|\n|-heal|p1a: hehhehe|95/100|[from] item: Black Sludge\n|-damage|p2a: Kommo-o|21/100 psn|[from] psn\n|upkeep\n|turn|12\n|-message|e6e forfeited.\n|\n|win|riderzitto5\n|raw|riderzitto5's rating: 1712 &rarr; <strong>1726</strong><br />(+14 for winning)\n|raw|e6e's rating: 1612 &rarr; <strong>1598</strong><br />(-14 for losing)\n|l|☆e6e\n|player|p2|\n|l|☆riderzitto5\n|player|p1|\n", "uploadtime": 1771254222, "views": 5, "formatid": "gen9nationaldex", "rating": 1598, "private": 0, "password": null}