{"id": "gen9nationaldex-2540616906", "format": "[Gen 9] National Dex", "players": ["fffishooop", "snakadactyl"], "log": "|j|☆fffishooop\n|j|☆snakadactyl\n|t:|1771228042\n|gametype|singles\n|player|p1|fffishooop|cyclistf|1476\n|player|p2|snakadactyl|101|1545\n|gen|9\n|tier|[Gen 9] National Dex\n|rated|\n|rule|HP Percentage Mod: HP is shown in percentages\n|rule|Endless Battle Clause: Forcing endless battles is banned\n|rule|Species Clause: Limit one of each Pokémon\n|rule|OHKO Clause: OHKO moves are banned\n|rule|Evasion Clause: Evasion abilities, items, and moves are banned\n|rule|Evasion Abilities Clause: Evasion abilities are banned\n|rule|Evasion Items Clause: Evasion items are banned\n|rule|Evasion Moves Clause: Evasion moves are banned\n|rule|Sleep Clause Mod: Limit one foe put to sleep\n|rule|Terastal Clause: You cannot Terastallize\n|clearpoke\n|poke|p1|Scizor, M|\n|poke|p1|Kingambit, M|\n|poke|p1|Moltres|\n|poke|p1|Urshifu-*, F|\n|poke|p1|Raging Bolt|\n|poke|p1|Garchomp, M|\n|poke|p2|Skarmory, M|\n|poke|p2|Zapdos|\n|poke|p2|Swellow, F|\n|poke|p2|Gliscor, M|\n|poke|p2|Pinsir, M|\n|poke|p2|Moltres|\n|teampreview\n|inactive|Battle timer is ON: inactive players will automatically lose when time's up. (requested by fffishooop)\n|\n|t:|1771228048\n|teamsize|p1|6\n|teamsize|p2|6\n|start\n|switch|p1a: Raging Bolt|Raging Bolt|100/100\n|switch|p2a: Zapdos|Zapdos|100/100\n|turn|1\n|\n|t:|1771228052\n|move|p2a: Zapdos|Hidden Power|p1a: Raging Bolt\n|-supereffective|p1a: Raging Bolt\n|-damage|p1a: Raging Bolt|53/100\n|-damage|p2a: Zapdos|91/100|[from] item: Life Orb\n|move|p1a: Raging Bolt|Draco Meteor|p2a: Zapdos\n|-damage|p2a: Zapdos|0 fnt\n|-unboost|p1a: Raging Bolt|spa|2\n|faint|p2a: Zapdos\n|\n|upkeep\n|\n|t:|1771228057\n|switch|p2a: Gliscor|Gliscor, M|100/100\n|turn|2\n|\n|t:|1771228060\n|-end|p1a: Raging Bolt|Protosynthesis|[silent]\n|switch|p1a: Urshifu|Urshifu-Rapid-Strike, F|100/100\n|move|p2a: Gliscor|Earthquake|p1a: Urshifu\n|-damage|p1a: Urshifu|57/100\n|\n|-status|p2a: Gliscor|tox|[from] item: Toxic Orb\n|upkeep\n|turn|3\n|\n|t:|1771228065\n|switch|p1a: Raging Bolt|Raging Bolt|53/100\n|switch|p2a: Skarmory|Skarmory, M|100/100\n|\n|upkeep\n|turn|4\n|\n|t:|1771228071\n|move|p1a: Raging Bolt|Volt Switch|p2a: Skarmory\n|-supereffective|p2a: Skarmory\n|-damage|p2a: Skarmory|0 fnt\n|faint|p2a: Skarmory\n|\n|t:|1771228078\n|-end|p1a: Raging Bolt|Protosynthesis|[silent]\n|switch|p1a: Scizor|Scizor, M|100/100|[from] Volt Switch\n|\n|upkeep\n|\n|t:|1771228080\n|switch|p2a: Moltres|Moltres|100/100\n|turn|5\n|\n|t:|1771228083\n|switch|p1a: Raging Bolt|Raging Bolt|53/100\n|move|p2a: Moltres|Scorching Sands|p1a: Raging Bolt\n|-supereffective|p1a: Raging Bolt\n|-damage|p1a: Raging Bolt|10/100\n|-status|p1a: Raging Bolt|brn\n|\n|-damage|p1a: Raging Bolt|4/100 brn|[from] brn\n|upkeep\n|turn|6\n|\n|t:|1771228090\n|move|p2a: Moltres|Flamethrower|p1a: Raging Bolt\n|-resisted|p1a: Raging Bolt\n|-damage|p1a: Raging Bolt|0 fnt\n|faint|p1a: Raging Bolt\n|-end|p1a: Raging Bolt|Protosynthesis|[silent]\n|\n|upkeep\n|\n|t:|1771228097\n|switch|p1a: Urshifu|Urshifu-Rapid-Strike, F|57/100\n|turn|7\n|\n|t:|1771228102\n|move|p1a: Urshifu|Surging Strikes|p2a: Moltres\n|-supereffective|p2a: Moltres\n|-crit|p2a: Moltres\n|-damage|p2a: Moltres|44/100\n|-supereffective|p2a: Moltres\n|-crit|p2a: Moltres\n|-damage|p2a: Moltres|0 fnt\n|faint|p2a: Moltres\n|-hitcount|p2: Moltres|2\n|\n|upkeep\n|\n|t:|1771228106\n|switch|p2a: Pinsir|Pinsir, M|100/100\n|turn|8\n|\n|t:|1771228109\n|switch|p1a: Scizor|Scizor, M|100/100\n|detailschange|p2a: Pinsir|Pinsir-Mega, M\n|-mega|p2a: Pinsir|Pinsir|Pinsirite\n|move|p2a: Pinsir|Swords Dance|p2a: Pinsir\n|-boost|p2a: Pinsir|atk|2\n|\n|upkeep\n|turn|9\n|\n|t:|1771228113\n|detailschange|p1a: Scizor|Scizor-Mega, M\n|-mega|p1a: Scizor|Scizor|Scizorite\n|move|p1a: Scizor|Bullet Punch|p2a: Pinsir\n|-damage|p2a: Pinsir|66/100\n|move|p2a: Pinsir|Frustration|p1a: Scizor\n|-damage|p1a: Scizor|19/100\n|\n|upkeep\n|turn|10\n|\n|t:|1771228116\n|move|p2a: Pinsir|Quick Attack|p1a: Scizor\n|-damage|p1a: Scizor|0 fnt\n|faint|p1a: Scizor\n|detailschange|p1: Scizor|Scizor, M|[silent]\n|\n|upkeep\n|\n|t:|1771228129\n|switch|p1a: Moltres|Moltres|100/100\n|turn|11\n|\n|t:|1771228130\n|move|p2a: Pinsir|Frustration|p1a: Moltres\n|-damage|p1a: Moltres|0 fnt\n|faint|p1a: Moltres\n|\n|upkeep\n|\n|t:|1771228136\n|switch|p1a: Kingambit|Kingambit, M|100/100\n|-activate|p1a: Kingambit|ability: Supreme Overlord\n|-start|p1a: Kingambit|fallen3|[silent]\n|turn|12\n|\n|t:|1771228139\n|move|p1a: Kingambit|Sucker Punch|p2a: Pinsir\n|-damage|p2a: Pinsir|0 fnt\n|faint|p2a: Pinsir\n|detailschange|p2: Pinsir|Pinsir, M|[silent]\n|\n|upkeep\n|\n|t:|1771228143\n|switch|p2a: Gliscor|Gliscor, M|100/100 tox\n|turn|13\n|\n|t:|1771228145\n|-end|p1a: Kingambit|fallen3|[silent]\n|switch|p1a: Urshifu|Urshifu-Rapid-Strike, F|57/100\n|move|p2a: Gliscor|Earthquake|p1a: Urshifu\n|-damage|p1a: Urshifu|15/100\n|\n|upkeep\n|turn|14\n|\n|t:|1771228150\n|move|p1a: Urshifu|Surging Strikes|p2a: Gliscor\n|-supereffective|p2a: Gliscor\n|-crit|p2a: Gliscor\n|-damage|p2a: Gliscor|42/100 tox\n|-supereffective|p2a: Gliscor\n|-crit|p2a: Gliscor\n|-damage|p2a: Gliscor|0 fnt\n|faint|p2a: Gliscor\n|-hitcount|p2: Gliscor|2\n|\n|upkeep\n|\n|t:|1771228151\n|switch|p2a: Swellow|Swellow, F|100/100\n|turn|15\n|\n|t:|1771228154\n|move|p2a: Swellow|Brave Bird|p1a: Urshifu\n|-supereffective|p1a: Urshifu\n|-damage|p1a: Urshifu|0 fnt\n|faint|p1a: Urshifu\n|-damage|p2a: Swellow|94/100|[from] Recoil\n|\n|-status|p2a: Swellow|brn|[from] item: Flame Orb\n|upkeep\n|\n|t:|1771228157\n|switch|p1a: Garchomp|Garchomp, M|100/100\n|turn|16\n|\n|t:|1771228159\n|move|p1a: Garchomp|Outrage|p2a: Swellow\n|-crit|p2a: Swellow\n|-damage|p2a: Swellow|0 fnt\n|faint|p2a: Swellow\n|\n|win|fffishooop\n|raw|fffishooop's rating: 1476 &rarr; <strong>1500</strong><br />(+24 for winning)\n|raw|snakadactyl's rating: 1545 &rarr; <strong>1521</strong><br />(-24 for losing)\n|l|☆snakadactyl\n|player|p2|\n", "uploadtime": 1771228479, "views": 10, "formatid": "gen9nationaldex", "rating": 1500, "private": 0, "password": null}