{"id": "gen9nationaldex-2540697753", "format": "[Gen 9] National Dex", "players": ["King12345676", "adjudicate"], "log": "|j|☆King12345676\n|j|☆adjudicate\n|t:|1771242030\n|gametype|singles\n|player|p1|King12345676|psychic|1551\n|player|p2|adjudicate|linebacker|1650\n|gen|9\n|tier|[Gen 9] National Dex\n|rated|\n|rule|HP Percentage Mod: HP is shown in percentages\n|rule|Endless Battle Clause: Forcing endless battles is banned\n|rule|Species Clause: Limit one of each Pokémon\n|rule|OHKO Clause: OHKO moves are banned\n|rule|Evasion Clause: Evasion abilities, items, and moves are banned\n|rule|Evasion Abilities Clause: Evasion abilities are banned\n|rule|Evasion Items Clause: Evasion items are banned\n|rule|Evasion Moves Clause: Evasion moves are banned\n|rule|Sleep Clause Mod: Limit one foe put to sleep\n|rule|Terastal Clause: You cannot Terastallize\n|clearpoke\n|poke|p1|Garchomp, F|\n|poke|p1|Tyranitar, M|\n|poke|p1|Excadrill, F|\n|poke|p1|Alomomola, M|\n|poke|p1|Hydrapple, F|\n|poke|p1|Slowking-Galar, M|\n|poke|p2|Tapu Koko|\n|poke|p2|Iron Treads|\n|poke|p2|Iron Boulder|\n|poke|p2|Alomomola, F|\n|poke|p2|Iron Valiant|\n|poke|p2|Charizard, M|\n|teampreview\n|inactive|Battle timer is ON: inactive players will automatically lose when time's up. (requested by adjudicate)\n|\n|t:|1771242042\n|teamsize|p1|6\n|teamsize|p2|6\n|start\n|switch|p1a: Tyranitar|Tyranitar, M|100/100\n|switch|p2a: Alomomola|Alomomola, F|100/100\n|-weather|Sandstorm|[from] ability: Sand Stream|[of] p1a: Tyranitar\n|turn|1\n|\n|t:|1771242046\n|move|p1a: Tyranitar|Knock Off|p2a: Alomomola\n|-damage|p2a: Alomomola|45/100\n|-enditem|p2a: Alomomola|Assault Vest|[from] move: Knock Off|[of] p1a: Tyranitar\n|move|p2a: Alomomola|Knock Off|p1a: Tyranitar\n|-resisted|p1a: Tyranitar\n|-damage|p1a: Tyranitar|92/100\n|-enditem|p1a: Tyranitar|Choice Band|[from] move: Knock Off|[of] p2a: Alomomola\n|\n|-weather|Sandstorm|[upkeep]\n|-damage|p2a: Alomomola|39/100|[from] Sandstorm\n|upkeep\n|turn|2\n|\n|t:|1771242051\n|move|p1a: Tyranitar|Knock Off|p2a: Alomomola\n|-damage|p2a: Alomomola|16/100\n|move|p2a: Alomomola|Flip Turn|p1a: Tyranitar\n|-supereffective|p1a: Tyranitar\n|-damage|p1a: Tyranitar|64/100\n|\n|t:|1771242061\n|switch|p2a: Charizard|Charizard, M|100/100|[from] Flip Turn\n|\n|-weather|Sandstorm|[upkeep]\n|-damage|p2a: Charizard|94/100|[from] Sandstorm\n|upkeep\n|turn|3\n|\n|t:|1771242065\n|detailschange|p2a: Charizard|Charizard-Mega-Y, M\n|-mega|p2a: Charizard|Charizard|Charizardite Y\n|-weather|SunnyDay|[from] ability: Drought|[of] p2a: Charizard\n|move|p2a: Charizard|Overheat|p1a: Tyranitar\n|-resisted|p1a: Tyranitar\n|-damage|p1a: Tyranitar|10/100\n|-unboost|p2a: Charizard|spa|2\n|move|p1a: Tyranitar|Stone Edge|p2a: Charizard|[miss]\n|-miss|p1a: Tyranitar|p2a: Charizard\n|\n|-weather|SunnyDay|[upkeep]\n|upkeep\n|turn|4\n|\n|t:|1771242077\n|switch|p1a: Alomomola|Alomomola, M|100/100\n|move|p2a: Charizard|Overheat|p1a: Alomomola\n|-resisted|p1a: Alomomola\n|-crit|p1a: Alomomola\n|-damage|p1a: Alomomola|31/100\n|-unboost|p2a: Charizard|spa|2\n|\n|-weather|SunnyDay|[upkeep]\n|upkeep\n|turn|5\n|\n|t:|1771242085\n|move|p2a: Charizard|Solar Beam||[still]\n|-prepare|p2a: Charizard|Solar Beam\n|-anim|p2a: Charizard|Solar Beam|p1a: Alomomola\n|-supereffective|p1a: Alomomola\n|-damage|p1a: Alomomola|7/100\n|move|p1a: Alomomola|Wish|p1a: Alomomola\n|\n|-weather|SunnyDay|[upkeep]\n|upkeep\n|turn|6\n|\n|t:|1771242094\n|switch|p2a: Tapu Koko|Tapu Koko|100/100\n|-fieldstart|move: Electric Terrain|[from] ability: Electric Surge|[of] p2a: Tapu Koko\n|switch|p1a: Tyranitar|Tyranitar, M|10/100\n|-weather|Sandstorm|[from] ability: Sand Stream|[of] p1a: Tyranitar\n|\n|-weather|Sandstorm|[upkeep]\n|-damage|p2a: Tapu Koko|94/100|[from] Sandstorm\n|-heal|p1a: Tyranitar|83/100|[from] move: Wish|[wisher] Alomomola\n|upkeep\n|turn|7\n|\n|t:|1771242108\n|switch|p1a: Excadrill|Excadrill, F|100/100\n|-item|p1a: Excadrill|Air Balloon\n|move|p2a: Tapu Koko|Dazzling Gleam|p1a: Excadrill\n|-resisted|p1a: Excadrill\n|-crit|p1a: Excadrill\n|-damage|p1a: Excadrill|53/100\n|-enditem|p1a: Excadrill|Air Balloon\n|\n|-weather|Sandstorm|[upkeep]\n|-damage|p2a: Tapu Koko|88/100|[from] Sandstorm\n|upkeep\n|turn|8\n|\n|t:|1771242114\n|switch|p2a: Charizard|Charizard-Mega-Y, M|94/100\n|-weather|SunnyDay|[from] ability: Drought|[of] p2a: Charizard\n|move|p1a: Excadrill|Stealth Rock|p2a: Charizard\n|-sidestart|p2: adjudicate|move: Stealth Rock\n|\n|-weather|SunnyDay|[upkeep]\n|upkeep\n|turn|9\n|\n|t:|1771242120\n|switch|p2a: Iron Treads|Iron Treads|100/100\n|-damage|p2a: Iron Treads|97/100|[from] Stealth Rock\n|-item|p2a: Iron Treads|Air Balloon\n|-activate|p2a: Iron Treads|ability: Quark Drive\n|-start|p2a: Iron Treads|quarkdrivespe\n|switch|p1a: Tyranitar|Tyranitar, M|83/100\n|-weather|Sandstorm|[from] ability: Sand Stream|[of] p1a: Tyranitar\n|\n|-weather|Sandstorm|[upkeep]\n|upkeep\n|turn|10\n|\n|t:|1771242126\n|move|p2a: Iron Treads|Earthquake|p1a: Tyranitar\n|-supereffective|p1a: Tyranitar\n|-damage|p1a: Tyranitar|0 fnt\n|faint|p1a: Tyranitar\n|\n|-weather|Sandstorm|[upkeep]\n|-fieldend|move: Electric Terrain\n|-end|p2a: Iron Treads|Quark Drive\n|upkeep\n|\n|t:|1771242135\n|switch|p1a: Alomomola|Alomomola, M|41/100\n|turn|11\n|\n|t:|1771242140\n|move|p2a: Iron Treads|Earthquake|p1a: Alomomola\n|-damage|p1a: Alomomola|4/100\n|move|p1a: Alomomola|Flip Turn|p2a: Iron Treads\n|-supereffective|p2a: Iron Treads\n|-damage|p2a: Iron Treads|68/100\n|-enditem|p2a: Iron Treads|Air Balloon\n|\n|t:|1771242143\n|switch|p1a: Excadrill|Excadrill, F|53/100|[from] Flip Turn\n|\n|-weather|Sandstorm|[upkeep]\n|upkeep\n|turn|12\n|\n|t:|1771242147\n|-end|p2a: Iron Treads|Quark Drive|[silent]\n|switch|p2a: Charizard|Charizard-Mega-Y, M|94/100\n|-damage|p2a: Charizard|45/100|[from] Stealth Rock\n|-weather|SunnyDay|[from] ability: Drought|[of] p2a: Charizard\n|move|p1a: Excadrill|Rock Slide|p2a: Charizard\n|-supereffective|p2a: Charizard\n|-damage|p2a: Charizard|0 fnt\n|faint|p2a: Charizard\n|detailschange|p2: Charizard|Charizard, M|[silent]\n|\n|-weather|SunnyDay|[upkeep]\n|upkeep\n|\n|t:|1771242151\n|switch|p2a: Iron Treads|Iron Treads|68/100\n|-damage|p2a: Iron Treads|65/100|[from] Stealth Rock\n|turn|13\n|\n|t:|1771242159\n|move|p2a: Iron Treads|Earthquake|p1a: Excadrill\n|-supereffective|p1a: Excadrill\n|-damage|p1a: Excadrill|0 fnt\n|faint|p1a: Excadrill\n|\n|-weather|SunnyDay|[upkeep]\n|upkeep\n|\n|t:|1771242163\n|switch|p1a: Garchomp|Garchomp, F|100/100\n|turn|14\n|\n|t:|1771242166\n|move|p2a: Iron Treads|Ice Spinner|p1a: Garchomp\n|-supereffective|p1a: Garchomp\n|-damage|p1a: Garchomp|0 fnt\n|-damage|p2a: Iron Treads|53/100|[from] ability: Rough Skin|[of] p1a: Garchomp\n|faint|p1a: Garchomp\n|\n|-weather|SunnyDay|[upkeep]\n|upkeep\n|\n|t:|1771242173\n|switch|p1a: Hydrapple|Hydrapple, F|100/100\n|turn|15\n|\n|t:|1771242176\n|move|p2a: Iron Treads|Ice Spinner|p1a: Hydrapple\n|-supereffective|p1a: Hydrapple\n|-damage|p1a: Hydrapple|23/100\n|move|p1a: Hydrapple|Earth Power|p2a: Iron Treads\n|-supereffective|p2a: Iron Treads\n|-damage|p2a: Iron Treads|0 fnt\n|faint|p2a: Iron Treads\n|-end|p2a: Iron Treads|Quark Drive|[silent]\n|\n|-weather|SunnyDay|[upkeep]\n|upkeep\n|\n|t:|1771242181\n|switch|p2a: Iron Boulder|Iron Boulder|100/100\n|-damage|p2a: Iron Boulder|88/100|[from] Stealth Rock\n|turn|16\n|\n|t:|1771242184\n|move|p2a: Iron Boulder|Mighty Cleave|p1a: Hydrapple\n|-damage|p1a: Hydrapple|0 fnt\n|faint|p1a: Hydrapple\n|\n|-weather|none\n|upkeep\n|\n|t:|1771242187\n|switch|p1a: Slowking|Slowking-Galar, M|100/100\n|turn|17\n|\n|t:|1771242189\n|move|p2a: Iron Boulder|Mighty Cleave|p1a: Slowking\n|-crit|p1a: Slowking\n|-damage|p1a: Slowking|20/100\n|move|p1a: Slowking|Toxic|p2a: Iron Boulder\n|-status|p2a: Iron Boulder|tox\n|\n|-damage|p2a: Iron Boulder|82/100 tox|[from] psn\n|upkeep\n|turn|18\n|\n|t:|1771242196\n|switch|p1a: Alomomola|Alomomola, M|37/100\n|move|p2a: Iron Boulder|Mighty Cleave|p1a: Alomomola\n|-damage|p1a: Alomomola|0 fnt\n|faint|p1a: Alomomola\n|\n|-damage|p2a: Iron Boulder|69/100 tox|[from] psn\n|upkeep\n|-message|King12345676 forfeited.\n|\n|win|adjudicate\n|raw|King12345676's rating: 1551 &rarr; <strong>1537</strong><br />(-14 for losing)\n|raw|adjudicate's rating: 1650 &rarr; <strong>1664</strong><br />(+14 for winning)\n|l|☆King12345676\n|player|p1|\n|l|☆adjudicate\n|player|p2|\n", "uploadtime": 1771242487, "views": 6, "formatid": "gen9nationaldex", "rating": 1537, "private": 0, "password": null}