{"id": "gen9nationaldex-2540525482", "format": "[Gen 9] National Dex", "players": ["xinshouSm", "Mr-Mongol"], "log": "|j|☆xinshouSm\n|j|☆Mr-Mongol\n|t:|1771213093\n|gametype|singles\n|player|p1|xinshouSm|policeman-gen4|1544\n|player|p2|Mr-Mongol|hiker-gen4|1560\n|gen|9\n|tier|[Gen 9] National Dex\n|rated|\n|rule|HP Percentage Mod: HP is shown in percentages\n|rule|Endless Battle Clause: Forcing endless battles is banned\n|rule|Species Clause: Limit one of each Pokémon\n|rule|OHKO Clause: OHKO moves are banned\n|rule|Evasion Clause: Evasion abilities, items, and moves are banned\n|rule|Evasion Abilities Clause: Evasion abilities are banned\n|rule|Evasion Items Clause: Evasion items are banned\n|rule|Evasion Moves Clause: Evasion moves are banned\n|rule|Sleep Clause Mod: Limit one foe put to sleep\n|rule|Terastal Clause: You cannot Terastallize\n|clearpoke\n|poke|p1|Diancie|\n|poke|p1|Xurkitree|\n|poke|p1|Polteageist-Antique|\n|poke|p1|Great Tusk|\n|poke|p1|Kingambit, F|\n|poke|p1|Ogerpon-Wellspring, F|\n|poke|p2|Samurott-Hisui, F|\n|poke|p2|Diancie|\n|poke|p2|Landorus-Therian, M|\n|poke|p2|Urshifu-*, F|\n|poke|p2|Slowking-Galar, M|\n|poke|p2|Ferrothorn, M|\n|teampreview\n|\n|t:|1771213099\n|teamsize|p1|6\n|teamsize|p2|6\n|start\n|switch|p1a: Ogerpon|Ogerpon-Wellspring, F|100/100\n|switch|p2a: Urshifu|Urshifu-Rapid-Strike, F|100/100\n|turn|1\n|inactive|Battle timer is ON: inactive players will automatically lose when time's up. (requested by xinshouSm)\n|\n|t:|1771213104\n|move|p2a: Urshifu|U-turn|p1a: Ogerpon\n|-supereffective|p1a: Ogerpon\n|-damage|p1a: Ogerpon|50/100\n|\n|t:|1771213106\n|switch|p2a: Ferrothorn|Ferrothorn, M|100/100|[from] U-turn\n|move|p1a: Ogerpon|U-turn|p2a: Ferrothorn\n|-damage|p2a: Ferrothorn|85/100\n|-damage|p1a: Ogerpon|38/100|[from] ability: Iron Barbs|[of] p2a: Ferrothorn\n|\n|t:|1771213111\n|switch|p1a: 钻甲秾华|Diancie, shiny|100/100|[from] U-turn\n|\n|-heal|p2a: Ferrothorn|91/100|[from] item: Leftovers\n|upkeep\n|turn|2\n|\n|t:|1771213114\n|switch|p2a: Slowking|Slowking-Galar, M|100/100\n|detailschange|p1a: 钻甲秾华|Diancie-Mega, shiny\n|-mega|p1a: 钻甲秾华|Diancie|Diancite\n|move|p1a: 钻甲秾华|Mystical Fire|p2a: Slowking\n|-damage|p2a: Slowking|81/100\n|-unboost|p2a: Slowking|spa|1\n|\n|upkeep\n|turn|3\n|\n|t:|1771213118\n|move|p1a: 钻甲秾华|Diamond Storm|p2a: Slowking\n|-damage|p2a: Slowking|30/100\n|-boost|p1a: 钻甲秾华|def|2\n|move|p2a: Slowking|Future Sight|p1a: 钻甲秾华\n|-start|p2a: Slowking|move: Future Sight\n|\n|upkeep\n|turn|4\n|\n|t:|1771213124\n|switch|p2a: Ferrothorn|Ferrothorn, M|91/100\n|move|p1a: 钻甲秾华|Diamond Storm|p2a: Ferrothorn\n|-resisted|p2a: Ferrothorn\n|-damage|p2a: Ferrothorn|73/100\n|-boost|p1a: 钻甲秾华|def|2\n|\n|-heal|p2a: Ferrothorn|79/100|[from] item: Leftovers\n|upkeep\n|turn|5\n|\n|t:|1771213129\n|switch|p1a: 钢甲将士|Kingambit, F, shiny|100/100\n|switch|p2a: Slowking|Slowking-Galar, M|63/100\n|\n|-end|p1a: 钢甲将士|move: Future Sight\n|-immune|p1a: 钢甲将士\n|upkeep\n|turn|6\n|\n|t:|1771213137\n|switch|p2a: Landorus|Landorus-Therian, M|100/100\n|-ability|p2a: Landorus|Intimidate|boost\n|-unboost|p1a: 钢甲将士|atk|1\n|move|p1a: 钢甲将士|Iron Head|p2a: Landorus\n|-damage|p2a: Landorus|72/100\n|-damage|p1a: 钢甲将士|84/100|[from] item: Rocky Helmet|[of] p2a: Landorus\n|-damage|p1a: 钢甲将士|74/100|[from] item: Life Orb\n|\n|upkeep\n|turn|7\n|\n|t:|1771213142\n|-end|p1a: 钢甲将士|fallenundefined|[silent]\n|switch|p1a: Ogerpon|Ogerpon-Wellspring, F|38/100\n|move|p2a: Landorus|Earthquake|p1a: Ogerpon\n|-resisted|p1a: Ogerpon\n|-damage|p1a: Ogerpon|11/100\n|\n|upkeep\n|turn|8\n|\n|t:|1771213147\n|switch|p2a: Ferrothorn|Ferrothorn, M|79/100\n|move|p1a: Ogerpon|Ivy Cudgel|p2a: Ferrothorn|[anim] Ivy Cudgel Water\n|-resisted|p2a: Ferrothorn\n|-damage|p2a: Ferrothorn|63/100\n|\n|-heal|p2a: Ferrothorn|69/100|[from] item: Leftovers\n|upkeep\n|turn|9\n|\n|t:|1771213150\n|move|p1a: Ogerpon|Spikes|p2a: Ferrothorn\n|-sidestart|p2: Mr-Mongol|Spikes\n|move|p2a: Ferrothorn|Power Whip|p1a: Ogerpon|[miss]\n|-miss|p2a: Ferrothorn|p1a: Ogerpon\n|\n|-heal|p2a: Ferrothorn|75/100|[from] item: Leftovers\n|upkeep\n|turn|10\n|\n|t:|1771213159\n|switch|p1a: 钢甲将士|Kingambit, F, shiny|74/100\n|move|p2a: Ferrothorn|Stealth Rock|p1a: 钢甲将士\n|-sidestart|p1: xinshouSm|move: Stealth Rock\n|\n|-heal|p2a: Ferrothorn|81/100|[from] item: Leftovers\n|upkeep\n|turn|11\n|\n|t:|1771213166\n|move|p1a: 钢甲将士|Iron Head|p2a: Ferrothorn\n|-resisted|p2a: Ferrothorn\n|-damage|p2a: Ferrothorn|62/100\n|-damage|p1a: 钢甲将士|62/100|[from] ability: Iron Barbs|[of] p2a: Ferrothorn\n|-damage|p1a: 钢甲将士|52/100|[from] item: Life Orb\n|cant|p2a: Ferrothorn|flinch\n|\n|-heal|p2a: Ferrothorn|68/100|[from] item: Leftovers\n|upkeep\n|turn|12\n|\n|t:|1771213169\n|move|p1a: 钢甲将士|Swords Dance|p1a: 钢甲将士\n|-boost|p1a: 钢甲将士|atk|2\n|move|p2a: Ferrothorn|Leech Seed|p1a: 钢甲将士\n|-start|p1a: 钢甲将士|move: Leech Seed\n|\n|-heal|p2a: Ferrothorn|74/100|[from] item: Leftovers\n|-damage|p1a: 钢甲将士|39/100|[from] Leech Seed|[of] p2a: Ferrothorn\n|-heal|p2a: Ferrothorn|88/100|[silent]\n|upkeep\n|turn|13\n|\n|t:|1771213174\n|-activate|p2a: Ferrothorn|move: Pursuit\n|move|p1a: 钢甲将士|Pursuit|p2a: Ferrothorn|[from] Pursuit\n|-damage|p2a: Ferrothorn|2/100\n|-damage|p1a: 钢甲将士|27/100|[from] ability: Iron Barbs|[of] p2a: Ferrothorn\n|-damage|p1a: 钢甲将士|17/100|[from] item: Life Orb\n|switch|p2a: Landorus|Landorus-Therian, M|72/100\n|-ability|p2a: Landorus|Intimidate|boost\n|-unboost|p1a: 钢甲将士|atk|1\n|\n|-damage|p1a: 钢甲将士|5/100|[from] Leech Seed|[of] p2a: Landorus\n|-heal|p2a: Landorus|85/100|[silent]\n|upkeep\n|turn|14\n|j| happy snake year\n|\n|t:|1771213187\n|move|p1a: 钢甲将士|Sucker Punch|p2a: Landorus\n|-damage|p2a: Landorus|24/100\n|-damage|p1a: 钢甲将士|0 fnt|[from] item: Rocky Helmet|[of] p2a: Landorus\n|faint|p1a: 钢甲将士\n|-end|p1a: 钢甲将士|fallenundefined|[silent]\n|move|p2a: Landorus|U-turn|p1: 钢甲将士|[notarget]\n|-fail|p2a: Landorus\n|\n|upkeep\n|\n|t:|1771213195\n|switch|p1a: 顿甲武者|Great Tusk, shiny|100/100\n|-damage|p1a: 顿甲武者|98/100|[from] Stealth Rock\n|-enditem|p1a: 顿甲武者|Booster Energy\n|-activate|p1a: 顿甲武者|ability: Protosynthesis|[fromitem]\n|-start|p1a: 顿甲武者|protosynthesisspe\n|turn|15\n|\n|t:|1771213200\n|switch|p2a: Ferrothorn|Ferrothorn, M|2/100\n|-damage|p2a: Ferrothorn|0 fnt|[from] Spikes\n|faint|p2a: Ferrothorn\n|move|p1a: 顿甲武者|Rapid Spin|p2: Ferrothorn|[notarget]\n|-fail|p1a: 顿甲武者\n|\n|upkeep\n|\n|t:|1771213213\n|switch|p2a: Samurott|Samurott-Hisui, F|100/100\n|-damage|p2a: Samurott|88/100|[from] Spikes\n|turn|16\n|\n|t:|1771213217\n|move|p1a: 顿甲武者|Rapid Spin|p2a: Samurott\n|-damage|p2a: Samurott|71/100\n|-boost|p1a: 顿甲武者|spe|1\n|-sideend|p1: xinshouSm|Stealth Rock|[from] move: Rapid Spin|[of] p1a: 顿甲武者\n|move|p2a: Samurott|Razor Shell|p1a: 顿甲武者\n|-supereffective|p1a: 顿甲武者\n|-damage|p1a: 顿甲武者|30/100\n|-unboost|p1a: 顿甲武者|def|1\n|\n|upkeep\n|turn|17\n|\n|t:|1771213224\n|-end|p1a: 顿甲武者|Protosynthesis|[silent]\n|switch|p1a: Ogerpon|Ogerpon-Wellspring, F|11/100\n|move|p2a: Samurott|Ceaseless Edge|p1a: Ogerpon\n|-damage|p1a: Ogerpon|0 fnt\n|-sidestart|p1: xinshouSm|Spikes\n|faint|p1a: Ogerpon\n|\n|upkeep\n|\n|t:|1771213231\n|switch|p1a: 钻甲秾华|Diancie-Mega, shiny|100/100\n|-damage|p1a: 钻甲秾华|88/100|[from] Spikes\n|turn|18\n|\n|t:|1771213238\n|switch|p2a: Slowking|Slowking-Galar, M|96/100\n|move|p1a: 钻甲秾华|Moonblast|p2a: Slowking\n|-resisted|p2a: Slowking\n|-damage|p2a: Slowking|78/100\n|\n|upkeep\n|turn|19\n|\n|t:|1771213241\n|move|p1a: 钻甲秾华|Diamond Storm|p2a: Slowking\n|-crit|p2a: Slowking\n|-damage|p2a: Slowking|0 fnt\n|faint|p2a: Slowking\n|\n|upkeep\n|\n|t:|1771213244\n|switch|p2a: Urshifu|Urshifu-Rapid-Strike, F|100/100\n|-damage|p2a: Urshifu|88/100|[from] Spikes\n|turn|20\n|\n|t:|1771213249\n|move|p2a: Urshifu|Surging Strikes|p1a: 钻甲秾华\n|-supereffective|p1a: 钻甲秾华\n|-crit|p1a: 钻甲秾华\n|-damage|p1a: 钻甲秾华|37/100\n|-supereffective|p1a: 钻甲秾华\n|-crit|p1a: 钻甲秾华\n|-damage|p1a: 钻甲秾华|0 fnt\n|faint|p1a: 钻甲秾华\n|detailschange|p1: 钻甲秾华|Diancie, shiny|[silent]\n|-hitcount|p1: 钻甲秾华|2\n|\n|upkeep\n|\n|t:|1771213252\n|switch|p1a: 电氅舞者|Xurkitree, shiny|100/100\n|-damage|p1a: 电氅舞者|88/100|[from] Spikes\n|turn|21\n|\n|t:|1771213254\n|move|p2a: Urshifu|Surging Strikes|p1a: 电氅舞者\n|-crit|p1a: 电氅舞者\n|-damage|p1a: 电氅舞者|59/100\n|-crit|p1a: 电氅舞者\n|-damage|p1a: 电氅舞者|31/100\n|-crit|p1a: 电氅舞者\n|-damage|p1a: 电氅舞者|4/100\n|-hitcount|p1a: 电氅舞者|3\n|-zpower|p1a: 电氅舞者\n|move|p1a: 电氅舞者|Z-Hypnosis|p2a: Urshifu|[anim]Hypnosis\n|-boost|p1a: 电氅舞者|spe|1|[zeffect]\n|-status|p2a: Urshifu|slp|[from] move: Hypnosis\n|\n|upkeep\n|turn|22\n|\n|t:|1771213259\n|switch|p2a: Landorus|Landorus-Therian, M|24/100\n|-ability|p2a: Landorus|Intimidate|boost\n|-unboost|p1a: 电氅舞者|atk|1\n|move|p1a: 电氅舞者|Discharge|p2a: Landorus\n|-immune|p2a: Landorus\n|\n|upkeep\n|turn|23\n|\n|t:|1771213262\n|move|p1a: 电氅舞者|Hidden Power|p2a: Landorus\n|-supereffective|p2a: Landorus\n|-damage|p2a: Landorus|0 fnt\n|faint|p2a: Landorus\n|-ability|p1a: 电氅舞者|Beast Boost|boost\n|-boost|p1a: 电氅舞者|spa|1\n|\n|upkeep\n|\n|t:|1771213268\n|switch|p2a: Diancie|Diancie|100/100\n|-damage|p2a: Diancie|88/100|[from] Spikes\n|turn|24\n|\n|t:|1771213272\n|move|p1a: 电氅舞者|Discharge|p2a: Diancie\n|-damage|p2a: Diancie|17/100\n|-status|p2a: Diancie|par\n|move|p2a: Diancie|Earth Power|p1a: 电氅舞者\n|-supereffective|p1a: 电氅舞者\n|-damage|p1a: 电氅舞者|0 fnt\n|faint|p1a: 电氅舞者\n|\n|upkeep\n|\n|t:|1771213276\n|switch|p1a: 陶甲茶客|Polteageist-Antique, shiny|100/100\n|-damage|p1a: 陶甲茶客|88/100|[from] Spikes\n|turn|25\n|\n|t:|1771213280\n|detailschange|p2a: Diancie|Diancie-Mega\n|-mega|p2a: Diancie|Diancie|Diancite\n|move|p1a: 陶甲茶客|Shell Smash|p1a: 陶甲茶客\n|-unboost|p1a: 陶甲茶客|def|1\n|-unboost|p1a: 陶甲茶客|spd|1\n|-boost|p1a: 陶甲茶客|atk|2\n|-boost|p1a: 陶甲茶客|spa|2\n|-boost|p1a: 陶甲茶客|spe|2\n|move|p2a: Diancie|Moonblast|p1a: 陶甲茶客\n|-damage|p1a: 陶甲茶客|0 fnt\n|faint|p1a: 陶甲茶客\n|\n|upkeep\n|\n|t:|1771213284\n|switch|p1a: 顿甲武者|Great Tusk, shiny|30/100\n|-damage|p1a: 顿甲武者|17/100|[from] Spikes\n|turn|26\n|-message|xinshouSm forfeited.\n|\n|win|Mr-Mongol\n|raw|xinshouSm's rating: 1544 &rarr; <strong>1525</strong><br />(-19 for losing)\n|raw|Mr-Mongol's rating: 1560 &rarr; <strong>1579</strong><br />(+19 for winning)\n|l|☆xinshouSm\n|player|p1|\n|l|☆Mr-Mongol\n|player|p2|\n", "uploadtime": 1771213616, "views": 7, "formatid": "gen9nationaldex", "rating": 1525, "private": 0, "password": null}