{"id": "gen9nationaldex-2540768762", "format": "[Gen 9] National Dex", "players": ["AgencyBlundAMD", "EA_Il"], "log": "|j|‽AgencyBlundAMD\n|j|☆EA_Il\n|t:|1771251869\n|gametype|singles\n|player|p1|AgencyBlundAMD|artist-gen4|1637\n|player|p2|EA_Il|schoolkidf|1543\n|gen|9\n|tier|[Gen 9] National Dex\n|rated|\n|rule|HP Percentage Mod: HP is shown in percentages\n|rule|Endless Battle Clause: Forcing endless battles is banned\n|rule|Species Clause: Limit one of each Pokémon\n|rule|OHKO Clause: OHKO moves are banned\n|rule|Evasion Clause: Evasion abilities, items, and moves are banned\n|rule|Evasion Abilities Clause: Evasion abilities are banned\n|rule|Evasion Items Clause: Evasion items are banned\n|rule|Evasion Moves Clause: Evasion moves are banned\n|rule|Sleep Clause Mod: Limit one foe put to sleep\n|rule|Terastal Clause: You cannot Terastallize\n|clearpoke\n|poke|p1|Great Tusk|\n|poke|p1|Clodsire, M|\n|poke|p1|Toxapex, F|\n|poke|p1|Slowbro, F|\n|poke|p1|Tornadus-Therian, M|\n|poke|p1|Dunsparce, M|\n|poke|p2|Tapu Koko|\n|poke|p2|Corviknight, M|\n|poke|p2|Iron Boulder|\n|poke|p2|Raging Bolt|\n|poke|p2|Dragonite, F|\n|poke|p2|Iron Treads|\n|teampreview\n|inactive|Battle timer is ON: inactive players will automatically lose when time's up. (requested by EA_Il)\n|\n|t:|1771251876\n|teamsize|p1|6\n|teamsize|p2|6\n|start\n|switch|p1a: Clodsire|Clodsire, M|100/100\n|switch|p2a: Tapu Koko|Tapu Koko|100/100\n|-fieldstart|move: Electric Terrain|[from] ability: Electric Surge|[of] p2a: Tapu Koko\n|turn|1\n|\n|t:|1771251885\n|move|p2a: Tapu Koko|U-turn|p1a: Clodsire\n|-resisted|p1a: Clodsire\n|-damage|p1a: Clodsire|91/100\n|\n|t:|1771251886\n|switch|p2a: Iron Treads|Iron Treads|100/100|[from] U-turn\n|-activate|p2a: Iron Treads|ability: Quark Drive\n|-start|p2a: Iron Treads|quarkdrivespe\n|move|p1a: Clodsire|Amnesia|p1a: Clodsire\n|-boost|p1a: Clodsire|spd|2\n|\n|-heal|p1a: Clodsire|97/100|[from] item: Black Sludge\n|upkeep\n|turn|2\n|\n|t:|1771251892\n|move|p2a: Iron Treads|Stealth Rock|p1a: Clodsire\n|-sidestart|p1: AgencyBlundAMD|move: Stealth Rock\n|move|p1a: Clodsire|Earthquake|p2a: Iron Treads\n|-supereffective|p2a: Iron Treads\n|-damage|p2a: Iron Treads|55/100\n|\n|-heal|p1a: Clodsire|100/100|[from] item: Black Sludge\n|upkeep\n|turn|3\n|\n|t:|1771251896\n|move|p2a: Iron Treads|Earthquake|p1a: Clodsire\n|-supereffective|p1a: Clodsire\n|-damage|p1a: Clodsire|0 fnt\n|faint|p1a: Clodsire\n|\n|upkeep\n|c|☆EA_Il|？\n|\n|t:|1771251901\n|switch|p1a: Great Tusk|Great Tusk|100/100\n|-damage|p1a: Great Tusk|98/100|[from] Stealth Rock\n|-enditem|p1a: Great Tusk|Booster Energy\n|-activate|p1a: Great Tusk|ability: Protosynthesis|[fromitem]\n|-start|p1a: Great Tusk|protosynthesisatk\n|turn|4\n|\n|t:|1771251912\n|-zpower|p2a: Iron Treads\n|move|p2a: Iron Treads|Corkscrew Crash|p1a: Great Tusk|[zeffect]\n|-damage|p1a: Great Tusk|33/100\n|move|p1a: Great Tusk|Rapid Spin|p2a: Iron Treads\n|-resisted|p2a: Iron Treads\n|-damage|p2a: Iron Treads|45/100\n|-boost|p1a: Great Tusk|spe|1\n|-sideend|p1: AgencyBlundAMD|Stealth Rock|[from] move: Rapid Spin|[of] p1a: Great Tusk\n|\n|upkeep\n|turn|5\n|\n|t:|1771251926\n|move|p2a: Iron Treads|Steel Roller|p1a: Great Tusk\n|-damage|p1a: Great Tusk|0 fnt\n|-fieldend|move: Electric Terrain\n|-end|p2a: Iron Treads|Quark Drive\n|faint|p1a: Great Tusk\n|-end|p1a: Great Tusk|Protosynthesis|[silent]\n|\n|upkeep\n|\n|t:|1771251930\n|switch|p1a: Tornadus|Tornadus-Therian, M|100/100\n|turn|6\n|\n|t:|1771251935\n|move|p2a: Iron Treads|Stealth Rock|p1a: Tornadus\n|-sidestart|p1: AgencyBlundAMD|move: Stealth Rock\n|move|p1a: Tornadus|Heat Wave|p2a: Iron Treads\n|-supereffective|p2a: Iron Treads\n|-damage|p2a: Iron Treads|0 fnt\n|faint|p2a: Iron Treads\n|-end|p2a: Iron Treads|Quark Drive|[silent]\n|\n|upkeep\n|\n|t:|1771251939\n|switch|p2a: Tapu Koko|Tapu Koko|100/100\n|-fieldstart|move: Electric Terrain|[from] ability: Electric Surge|[of] p2a: Tapu Koko\n|turn|7\n|\n|t:|1771251944\n|move|p2a: Tapu Koko|Volt Switch|p1a: Tornadus\n|-supereffective|p1a: Tornadus\n|-damage|p1a: Tornadus|31/100\n|\n|t:|1771251952\n|switch|p2a: Corviknight|Corviknight, M|100/100|[from] Volt Switch\n|-ability|p2a: Corviknight|Pressure\n|move|p1a: Tornadus|U-turn|p2a: Corviknight\n|-resisted|p2a: Corviknight\n|-damage|p2a: Corviknight|97/100\n|\n|t:|1771251956\n|switch|p1a: Slowbro|Slowbro, F|100/100|[from] U-turn\n|-damage|p1a: Slowbro|88/100|[from] Stealth Rock\n|\n|-heal|p2a: Corviknight|100/100|[from] item: Leftovers\n|upkeep\n|turn|8\n|\n|t:|1771251968\n|move|p2a: Corviknight|U-turn|p1a: Slowbro\n|-supereffective|p1a: Slowbro\n|-damage|p1a: Slowbro|65/100\n|-damage|p2a: Corviknight|84/100|[from] item: Rocky Helmet|[of] p1a: Slowbro\n|\n|t:|1771251978\n|switch|p2a: Raging Bolt|Raging Bolt|100/100|[from] U-turn\n|move|p1a: Slowbro|Future Sight|p2a: Raging Bolt\n|-start|p1a: Slowbro|move: Future Sight\n|\n|upkeep\n|turn|9\n|\n|t:|1771251988\n|move|p2a: Raging Bolt|Rising Voltage|p1a: Slowbro\n|-hint|Rising Voltage's BP doubled on grounded target.\n|-supereffective|p1a: Slowbro\n|-damage|p1a: Slowbro|0 fnt\n|faint|p1a: Slowbro\n|-damage|p2a: Raging Bolt|91/100|[from] item: Life Orb\n|\n|upkeep\n|\n|t:|1771251990\n|switch|p1a: Dunsparce|Dunsparce, M|100/100\n|-damage|p1a: Dunsparce|88/100|[from] Stealth Rock\n|turn|10\n|\n|t:|1771251997\n|move|p2a: Raging Bolt|Rising Voltage|p1a: Dunsparce\n|-hint|Rising Voltage's BP doubled on grounded target.\n|-damage|p1a: Dunsparce|5/100\n|-damage|p2a: Raging Bolt|81/100|[from] item: Life Orb\n|move|p1a: Dunsparce|Earthquake|p2a: Raging Bolt\n|-supereffective|p2a: Raging Bolt\n|-damage|p2a: Raging Bolt|48/100\n|\n|-end|p2a: Raging Bolt|move: Future Sight\n|-damage|p2a: Raging Bolt|0 fnt\n|faint|p2a: Raging Bolt\n|-end|p2a: Raging Bolt|Protosynthesis|[silent]\n|upkeep\n|\n|t:|1771252007\n|switch|p2a: Tapu Koko|Tapu Koko|100/100\n|turn|11\n|\n|t:|1771252010\n|move|p2a: Tapu Koko|Thunderbolt|p1a: Dunsparce\n|-damage|p1a: Dunsparce|0 fnt\n|faint|p1a: Dunsparce\n|\n|-fieldend|move: Electric Terrain\n|upkeep\n|\n|t:|1771252013\n|switch|p1a: Toxapex|Toxapex, F|100/100\n|-damage|p1a: Toxapex|88/100|[from] Stealth Rock\n|turn|12\n|\n|t:|1771252015\n|move|p2a: Tapu Koko|Thunderbolt|p1a: Toxapex\n|-supereffective|p1a: Toxapex\n|-damage|p1a: Toxapex|0 fnt\n|faint|p1a: Toxapex\n|\n|upkeep\n|\n|t:|1771252018\n|switch|p1a: Tornadus|Tornadus-Therian, M|64/100\n|-damage|p1a: Tornadus|39/100|[from] Stealth Rock\n|turn|13\n|\n|t:|1771252021\n|move|p2a: Tapu Koko|Thunderbolt|p1a: Tornadus\n|-supereffective|p1a: Tornadus\n|-damage|p1a: Tornadus|0 fnt\n|faint|p1a: Tornadus\n|\n|win|EA_Il\n|raw|AgencyBlundAMD's rating: 1637 &rarr; <strong>1612</strong><br />(-25 for losing)\n|raw|EA_Il's rating: 1543 &rarr; <strong>1568</strong><br />(+25 for winning)\n|l|‽AgencyBlundAMD\n|player|p1|\n|l|☆EA_Il\n|player|p2|\n", "uploadtime": 1771252029, "views": 5, "formatid": "gen9nationaldex", "rating": 1568, "private": 0, "password": null}