{"id": "gen9nationaldex-2540731392", "format": "[Gen 9] National Dex", "players": ["Neo Lavres", "pixl toshy"], "log": "|j|‽Neo Lavres\n|j|☆pixl toshy\n|t:|1771247107\n|gametype|singles\n|player|p1|Neo Lavres|blue|1599\n|player|p2|pixl toshy|170|1531\n|gen|9\n|tier|[Gen 9] National Dex\n|rated|\n|rule|HP Percentage Mod: HP is shown in percentages\n|rule|Endless Battle Clause: Forcing endless battles is banned\n|rule|Species Clause: Limit one of each Pokémon\n|rule|OHKO Clause: OHKO moves are banned\n|rule|Evasion Clause: Evasion abilities, items, and moves are banned\n|rule|Evasion Abilities Clause: Evasion abilities are banned\n|rule|Evasion Items Clause: Evasion items are banned\n|rule|Evasion Moves Clause: Evasion moves are banned\n|rule|Sleep Clause Mod: Limit one foe put to sleep\n|rule|Terastal Clause: You cannot Terastallize\n|clearpoke\n|poke|p1|Urshifu-*, M|\n|poke|p1|Kingambit, M|\n|poke|p1|Moltres|\n|poke|p1|Raging Bolt|\n|poke|p1|Garchomp, M|\n|poke|p1|Hatterene, F|\n|poke|p2|Heracross, F|\n|poke|p2|Tapu Lele|\n|poke|p2|Ribombee, M|\n|poke|p2|Tapu Koko|\n|poke|p2|Gholdengo|\n|poke|p2|Tyranitar, F|\n|teampreview\n|inactive|Battle timer is ON: inactive players will automatically lose when time's up. (requested by Neo Lavres)\n|inactive|Neo Lavres has 120 seconds left.\n|\n|t:|1771247138\n|teamsize|p1|6\n|teamsize|p2|6\n|start\n|switch|p1a: Moltres|Moltres|100/100\n|switch|p2a: Tapu Koko|Tapu Koko|100/100\n|-fieldstart|move: Electric Terrain|[from] ability: Electric Surge|[of] p2a: Tapu Koko\n|-item|p2a: Tapu Koko|Air Balloon\n|turn|1\n|\n|t:|1771247150\n|switch|p1a: Garchomp|Garchomp, M|100/100\n|move|p2a: Tapu Koko|Volt Switch|p1a: Garchomp\n|-immune|p1a: Garchomp\n|\n|upkeep\n|turn|2\n|\n|t:|1771247158\n|move|p2a: Tapu Koko|Hidden Power|p1a: Garchomp\n|-supereffective|p1a: Garchomp\n|-damage|p1a: Garchomp|24/100\n|move|p1a: Garchomp|Fire Fang|p2a: Tapu Koko|[miss]\n|-miss|p1a: Garchomp|p2a: Tapu Koko\n|\n|upkeep\n|turn|3\n|\n|t:|1771247162\n|switch|p1a: Moltres|Moltres|100/100\n|move|p2a: Tapu Koko|Hidden Power|p1a: Moltres\n|-damage|p1a: Moltres|83/100\n|\n|upkeep\n|turn|4\n|\n|t:|1771247168\n|switch|p1a: Raging Bolt|Raging Bolt|100/100\n|move|p2a: Tapu Koko|Volt Switch|p1a: Raging Bolt\n|-resisted|p1a: Raging Bolt\n|-damage|p1a: Raging Bolt|93/100\n|\n|t:|1771247172\n|switch|p2a: Tyranitar|Tyranitar, F|100/100|[from] Volt Switch\n|-weather|Sandstorm|[from] ability: Sand Stream|[of] p2a: Tyranitar\n|\n|-weather|Sandstorm|[upkeep]\n|-damage|p1a: Raging Bolt|87/100|[from] Sandstorm\n|upkeep\n|turn|5\n|\n|t:|1771247178\n|move|p1a: Raging Bolt|Volt Switch|p2a: Tyranitar\n|-damage|p2a: Tyranitar|44/100\n|\n|t:|1771247183\n|-end|p1a: Raging Bolt|Protosynthesis|[silent]\n|switch|p1a: Hatterene|Hatterene, F|100/100|[from] Volt Switch\n|move|p2a: Tyranitar|Stealth Rock|p1a: Hatterene\n|move|p1a: Hatterene|Stealth Rock|p2a: Tyranitar|[from] ability: Magic Bounce\n|-sidestart|p2: pixl toshy|move: Stealth Rock\n|\n|-weather|Sandstorm|[upkeep]\n|-damage|p1a: Hatterene|95/100|[from] Sandstorm\n|-heal|p2a: Tyranitar|50/100|[from] item: Leftovers\n|-heal|p1a: Hatterene|100/100|[from] item: Leftovers\n|-fieldend|move: Electric Terrain\n|upkeep\n|turn|6\n|c|☆pixl toshy|specs\n|\n|t:|1771247195\n|switch|p1a: Urshifu|Urshifu-Rapid-Strike, M|100/100\n|move|p2a: Tyranitar|Iron Head|p1a: Urshifu\n|-resisted|p1a: Urshifu\n|-damage|p1a: Urshifu|86/100\n|\n|-weather|Sandstorm|[upkeep]\n|-damage|p1a: Urshifu|80/100|[from] Sandstorm\n|-heal|p2a: Tyranitar|57/100|[from] item: Leftovers\n|upkeep\n|turn|7\n|\n|t:|1771247201\n|move|p1a: Urshifu|Surging Strikes|p2a: Tyranitar\n|-supereffective|p2a: Tyranitar\n|-crit|p2a: Tyranitar\n|-damage|p2a: Tyranitar|0 fnt\n|faint|p2a: Tyranitar\n|-hitcount|p2: Tyranitar|1\n|\n|-weather|Sandstorm|[upkeep]\n|-damage|p1a: Urshifu|74/100|[from] Sandstorm\n|upkeep\n|\n|t:|1771247204\n|switch|p2a: Tapu Koko|Tapu Koko|100/100\n|-damage|p2a: Tapu Koko|88/100|[from] Stealth Rock\n|-fieldstart|move: Electric Terrain|[from] ability: Electric Surge|[of] p2a: Tapu Koko\n|-item|p2a: Tapu Koko|Air Balloon\n|turn|8\n|\n|t:|1771247228\n|switch|p1a: Garchomp|Garchomp, M|24/100\n|move|p2a: Tapu Koko|Volt Switch|p1a: Garchomp\n|-immune|p1a: Garchomp\n|\n|-weather|none\n|upkeep\n|turn|9\n|\n|t:|1771247240\n|switch|p1a: Kingambit|Kingambit, M|100/100\n|move|p2a: Tapu Koko|Volt Switch|p1a: Kingambit\n|-damage|p1a: Kingambit|79/100\n|\n|t:|1771247243\n|switch|p2a: Heracross|Heracross, F|100/100|[from] Volt Switch\n|-damage|p2a: Heracross|88/100|[from] Stealth Rock\n|\n|upkeep\n|turn|10\n|\n|t:|1771247250\n|-end|p1a: Kingambit|fallenundefined|[silent]\n|switch|p1a: Moltres|Moltres|83/100\n|detailschange|p2a: Heracross|Heracross-Mega, F\n|-mega|p2a: Heracross|Heracross|Heracronite\n|move|p2a: Heracross|Rock Blast|p1a: Moltres\n|-supereffective|p1a: Moltres\n|-damage|p1a: Moltres|48/100\n|-supereffective|p1a: Moltres\n|-damage|p1a: Moltres|14/100\n|-supereffective|p1a: Moltres\n|-damage|p1a: Moltres|0 fnt\n|faint|p1a: Moltres\n|-hitcount|p1: Moltres|3\n|\n|upkeep\n|\n|t:|1771247256\n|switch|p1a: Raging Bolt|Raging Bolt|87/100\n|turn|11\n|\n|t:|1771247262\n|move|p2a: Heracross|Close Combat|p1a: Raging Bolt\n|-damage|p1a: Raging Bolt|10/100\n|-unboost|p2a: Heracross|def|1\n|-unboost|p2a: Heracross|spd|1\n|move|p1a: Raging Bolt|Volt Switch|p2a: Heracross\n|-damage|p2a: Heracross|0 fnt\n|faint|p2a: Heracross\n|detailschange|p2: Heracross|Heracross, F|[silent]\n|\n|t:|1771247274\n|-end|p1a: Raging Bolt|Protosynthesis|[silent]\n|switch|p1a: Urshifu|Urshifu-Rapid-Strike, M|74/100|[from] Volt Switch\n|\n|upkeep\n|\n|t:|1771247303\n|switch|p2a: Tapu Koko|Tapu Koko|88/100\n|-damage|p2a: Tapu Koko|76/100|[from] Stealth Rock\n|-item|p2a: Tapu Koko|Air Balloon\n|turn|12\n|\n|t:|1771247310\n|move|p1a: Urshifu|Aqua Jet|p2a: Tapu Koko\n|-damage|p2a: Tapu Koko|29/100\n|-enditem|p2a: Tapu Koko|Air Balloon\n|move|p2a: Tapu Koko|Volt Switch|p1a: Urshifu\n|-supereffective|p1a: Urshifu\n|-damage|p1a: Urshifu|0 fnt\n|faint|p1a: Urshifu\n|\n|t:|1771247315\n|switch|p2a: Ribombee|Ribombee, M|100/100|[from] Volt Switch\n|-damage|p2a: Ribombee|76/100|[from] Stealth Rock\n|\n|-fieldend|move: Electric Terrain\n|upkeep\n|\n|t:|1771247321\n|switch|p1a: Hatterene|Hatterene, F|100/100\n|turn|13\n|\n|t:|1771247340\n|move|p2a: Ribombee|U-turn|p1a: Hatterene\n|-damage|p1a: Hatterene|88/100\n|\n|t:|1771247342\n|switch|p2a: Tapu Koko|Tapu Koko|29/100|[from] U-turn\n|-damage|p2a: Tapu Koko|16/100|[from] Stealth Rock\n|-fieldstart|move: Electric Terrain|[from] ability: Electric Surge|[of] p2a: Tapu Koko\n|move|p1a: Hatterene|Mystical Fire|p2a: Tapu Koko\n|-damage|p2a: Tapu Koko|0 fnt\n|faint|p2a: Tapu Koko\n|\n|-heal|p1a: Hatterene|94/100|[from] item: Leftovers\n|upkeep\n|\n|t:|1771247361\n|switch|p2a: Gholdengo|Gholdengo|100/100\n|-damage|p2a: Gholdengo|94/100|[from] Stealth Rock\n|-item|p2a: Gholdengo|Air Balloon\n|turn|14\n|\n|t:|1771247366\n|switch|p1a: Garchomp|Garchomp, M|24/100\n|move|p2a: Gholdengo|Make It Rain|p1a: Garchomp\n|-damage|p1a: Garchomp|0 fnt\n|-unboost|p2a: Gholdengo|spa|1\n|faint|p1a: Garchomp\n|\n|upkeep\n|\n|t:|1771247371\n|switch|p1a: Kingambit|Kingambit, M|79/100\n|-activate|p1a: Kingambit|ability: Supreme Overlord\n|-start|p1a: Kingambit|fallen3|[silent]\n|turn|15\n|\n|t:|1771247376\n|move|p2a: Gholdengo|Make It Rain|p1a: Kingambit\n|-resisted|p1a: Kingambit\n|-damage|p1a: Kingambit|66/100\n|-unboost|p2a: Gholdengo|spa|1\n|move|p1a: Kingambit|Pursuit|p2a: Gholdengo\n|-supereffective|p2a: Gholdengo\n|-damage|p2a: Gholdengo|18/100\n|-enditem|p2a: Gholdengo|Air Balloon\n|\n|upkeep\n|turn|16\n|\n|t:|1771247384\n|move|p2a: Gholdengo|Make It Rain|p1a: Kingambit\n|-resisted|p1a: Kingambit\n|-crit|p1a: Kingambit\n|-damage|p1a: Kingambit|31/100\n|-unboost|p2a: Gholdengo|spa|1\n|move|p1a: Kingambit|Pursuit|p2a: Gholdengo\n|-supereffective|p2a: Gholdengo\n|-damage|p2a: Gholdengo|0 fnt\n|faint|p2a: Gholdengo\n|\n|upkeep\n|inactive|pixl toshy has 120 seconds left.\n|\n|t:|1771247420\n|switch|p2a: Tapu Lele|Tapu Lele|100/100\n|-damage|p2a: Tapu Lele|88/100|[from] Stealth Rock\n|-fieldstart|move: Psychic Terrain|[from] ability: Psychic Surge|[of] p2a: Tapu Lele\n|turn|17\n|\n|t:|1771247428\n|-end|p1a: Kingambit|fallen3|[silent]\n|switch|p1a: Raging Bolt|Raging Bolt|10/100\n|move|p2a: Tapu Lele|Moonblast|p1a: Raging Bolt\n|-supereffective|p1a: Raging Bolt\n|-damage|p1a: Raging Bolt|0 fnt\n|faint|p1a: Raging Bolt\n|-end|p1a: Raging Bolt|Protosynthesis|[silent]\n|\n|upkeep\n|\n|t:|1771247437\n|switch|p1a: Kingambit|Kingambit, M|31/100\n|-activate|p1a: Kingambit|ability: Supreme Overlord\n|-start|p1a: Kingambit|fallen4|[silent]\n|turn|18\n|\n|t:|1771247449\n|move|p2a: Tapu Lele|Moonblast|p1a: Kingambit\n|-damage|p1a: Kingambit|0 fnt\n|faint|p1a: Kingambit\n|-end|p1a: Kingambit|fallen4|[silent]\n|\n|upkeep\n|\n|t:|1771247452\n|switch|p1a: Hatterene|Hatterene, F|94/100\n|turn|19\n|\n|t:|1771247478\n|move|p2a: Tapu Lele|Moonblast|p1a: Hatterene\n|-damage|p1a: Hatterene|44/100\n|-unboost|p1a: Hatterene|spa|1\n|move|p1a: Hatterene|Mystical Fire|p2a: Tapu Lele\n|-damage|p2a: Tapu Lele|73/100\n|-unboost|p2a: Tapu Lele|spa|1\n|\n|-heal|p1a: Hatterene|50/100|[from] item: Leftovers\n|upkeep\n|turn|20\n|\n|t:|1771247481\n|move|p2a: Tapu Lele|Moonblast|p1a: Hatterene\n|-damage|p1a: Hatterene|14/100\n|move|p1a: Hatterene|Draining Kiss|p2a: Tapu Lele\n|-damage|p2a: Tapu Lele|56/100\n|-heal|p1a: Hatterene|25/100|[from] drain|[of] p2a: Tapu Lele\n|\n|-heal|p1a: Hatterene|31/100|[from] item: Leftovers\n|upkeep\n|turn|21\n|\n|t:|1771247489\n|move|p2a: Tapu Lele|Moonblast|p1a: Hatterene\n|-damage|p1a: Hatterene|0 fnt\n|faint|p1a: Hatterene\n|\n|win|pixl toshy\n|raw|Neo Lavres's rating: 1599 &rarr; <strong>1575</strong><br />(-24 for losing)\n|raw|pixl toshy's rating: 1531 &rarr; <strong>1555</strong><br />(+24 for winning)\n|l|‽Neo Lavres\n|player|p1|\n|l|☆pixl toshy\n|player|p2|\n", "uploadtime": 1771247771, "views": 4, "formatid": "gen9nationaldex", "rating": 1555, "private": 0, "password": null}