{"id": "gen9nationaldex-2540435695", "format": "[Gen 9] National Dex", "players": ["tamsyy", "Kir1ku"], "log": "|j|☆tamsyy\n|j|☆Kir1ku\n|t:|1771201733\n|gametype|singles\n|player|p1|tamsyy|ghetsis|1596\n|player|p2|Kir1ku|red-lgpe|1562\n|gen|9\n|tier|[Gen 9] National Dex\n|rated|\n|rule|HP Percentage Mod: HP is shown in percentages\n|rule|Endless Battle Clause: Forcing endless battles is banned\n|rule|Species Clause: Limit one of each Pokémon\n|rule|OHKO Clause: OHKO moves are banned\n|rule|Evasion Clause: Evasion abilities, items, and moves are banned\n|rule|Evasion Abilities Clause: Evasion abilities are banned\n|rule|Evasion Items Clause: Evasion items are banned\n|rule|Evasion Moves Clause: Evasion moves are banned\n|rule|Sleep Clause Mod: Limit one foe put to sleep\n|rule|Terastal Clause: You cannot Terastallize\n|clearpoke\n|poke|p1|Diancie|\n|poke|p1|Garchomp, M|\n|poke|p1|Dragonite, F|\n|poke|p1|Volcarona, F|\n|poke|p1|Terapagos, M|\n|poke|p1|Kingambit, F|\n|poke|p2|Pikachu, F|\n|poke|p2|Charizard, M|\n|poke|p2|Ogerpon-Wellspring, F|\n|poke|p2|Corviknight, M|\n|poke|p2|Garchomp, M|\n|poke|p2|Iron Valiant|\n|teampreview\n|inactive|Battle timer is ON: inactive players will automatically lose when time's up. (requested by tamsyy)\n|\n|t:|1771201739\n|teamsize|p1|6\n|teamsize|p2|6\n|start\n|switch|p1a: Diancie|Diancie|100/100\n|switch|p2a: Ogerpon|Ogerpon-Wellspring, F|100/100\n|turn|1\n|\n|t:|1771201745\n|detailschange|p1a: Diancie|Diancie-Mega\n|-mega|p1a: Diancie|Diancie|Diancite\n|move|p2a: Ogerpon|Ivy Cudgel|p1a: Diancie|[anim] Ivy Cudgel Water\n|-supereffective|p1a: Diancie\n|-damage|p1a: Diancie|0 fnt\n|faint|p1a: Diancie\n|detailschange|p1: Diancie|Diancie|[silent]\n|\n|upkeep\n|\n|t:|1771201752\n|switch|p1a: Dragonite|Dragonite, F|100/100\n|turn|2\n|\n|t:|1771201760\n|move|p2a: Ogerpon|Play Rough|p1a: Dragonite\n|-supereffective|p1a: Dragonite\n|-damage|p1a: Dragonite|60/100\n|-unboost|p1a: Dragonite|atk|1\n|move|p1a: Dragonite|Dragon Dance|p1a: Dragonite\n|-boost|p1a: Dragonite|atk|1\n|-boost|p1a: Dragonite|spe|1\n|\n|upkeep\n|turn|3\n|\n|t:|1771201770\n|switch|p2a: Garchomp|Garchomp, M, shiny|100/100\n|-zpower|p1a: Dragonite\n|move|p1a: Dragonite|Devastating Drake|p2a: Garchomp|[zeffect]\n|-supereffective|p2a: Garchomp\n|-damage|p2a: Garchomp|0 fnt\n|faint|p2a: Garchomp\n|\n|upkeep\n|\n|t:|1771201772\n|switch|p2a: Iron Valiant|Iron Valiant|100/100\n|-enditem|p2a: Iron Valiant|Booster Energy\n|-activate|p2a: Iron Valiant|ability: Quark Drive|[fromitem]\n|-start|p2a: Iron Valiant|quarkdrivespe\n|turn|4\n|\n|t:|1771201777\n|move|p1a: Dragonite|Extreme Speed|p2a: Iron Valiant\n|-crit|p2a: Iron Valiant\n|-damage|p2a: Iron Valiant|44/100\n|move|p2a: Iron Valiant|Moonblast|p1a: Dragonite\n|-supereffective|p1a: Dragonite\n|-damage|p1a: Dragonite|0 fnt\n|faint|p1a: Dragonite\n|\n|upkeep\n|\n|t:|1771201788\n|switch|p1a: Terapagos|Terapagos, M|100/100\n|-activate|p1a: Terapagos|ability: Tera Shift\n|detailschange|p1a: Terapagos|Terapagos-Terastal, M\n|-heal|p1a: Terapagos|100/100|[silent]\n|turn|5\n|\n|t:|1771201793\n|move|p2a: Iron Valiant|Focus Blast|p1a: Terapagos\n|-activate|p1a: Terapagos|ability: Tera Shell\n|-resisted|p1a: Terapagos\n|-damage|p1a: Terapagos|70/100\n|move|p1a: Terapagos|Rapid Spin|p2a: Iron Valiant\n|-damage|p2a: Iron Valiant|25/100\n|-boost|p1a: Terapagos|spe|1\n|\n|upkeep\n|turn|6\n|\n|t:|1771201800\n|move|p2a: Iron Valiant|Focus Blast|p1a: Terapagos|[miss]\n|-miss|p2a: Iron Valiant|p1a: Terapagos\n|move|p1a: Terapagos|Tera Starstorm|p2a: Iron Valiant\n|-crit|p2a: Iron Valiant\n|-damage|p2a: Iron Valiant|0 fnt\n|faint|p2a: Iron Valiant\n|-end|p2a: Iron Valiant|Quark Drive|[silent]\n|\n|upkeep\n|\n|t:|1771201811\n|switch|p2a: Ogerpon|Ogerpon-Wellspring, F|100/100\n|turn|7\n|\n|t:|1771201815\n|move|p1a: Terapagos|Tera Starstorm|p2a: Ogerpon\n|-damage|p2a: Ogerpon|40/100\n|move|p2a: Ogerpon|Ivy Cudgel|p1a: Terapagos|[anim] Ivy Cudgel Water\n|-damage|p1a: Terapagos|12/100\n|\n|upkeep\n|turn|8\n|\n|t:|1771201820\n|switch|p2a: Corviknight|Corviknight, M|100/100\n|-ability|p2a: Corviknight|Pressure\n|move|p1a: Terapagos|Tera Starstorm|p2a: Corviknight\n|-resisted|p2a: Corviknight\n|-damage|p2a: Corviknight|76/100\n|\n|-heal|p2a: Corviknight|82/100|[from] item: Leftovers\n|upkeep\n|turn|9\n|\n|t:|1771201822\n|move|p1a: Terapagos|Flamethrower|p2a: Corviknight\n|-supereffective|p2a: Corviknight\n|-damage|p2a: Corviknight|32/100\n|move|p2a: Corviknight|U-turn|p1a: Terapagos\n|-damage|p1a: Terapagos|0 fnt\n|faint|p1a: Terapagos\n|\n|t:|1771201827\n|switch|p2a: Ogerpon|Ogerpon-Wellspring, F|40/100|[from] U-turn\n|\n|upkeep\n|\n|t:|1771201830\n|switch|p1a: Garchomp|Garchomp, M|100/100\n|turn|10\n|\n|t:|1771201833\n|move|p2a: Ogerpon|Play Rough|p1a: Garchomp\n|-supereffective|p1a: Garchomp\n|-damage|p1a: Garchomp|32/100\n|-damage|p2a: Ogerpon|28/100|[from] ability: Rough Skin|[of] p1a: Garchomp\n|move|p1a: Garchomp|Scale Shot|p2a: Ogerpon\n|-damage|p2a: Ogerpon|10/100\n|-damage|p2a: Ogerpon|0 fnt\n|faint|p2a: Ogerpon\n|-hitcount|p2: Ogerpon|2\n|-unboost|p1a: Garchomp|def|1\n|-boost|p1a: Garchomp|spe|1\n|\n|upkeep\n|\n|t:|1771201836\n|switch|p2a: Pikachu|Pikachu, F|100/100\n|turn|11\n|\n|t:|1771201838\n|move|p2a: Pikachu|Extreme Speed|p1a: Garchomp\n|-damage|p1a: Garchomp|0 fnt\n|-damage|p2a: Pikachu|88/100|[from] ability: Rough Skin|[of] p1a: Garchomp\n|faint|p1a: Garchomp\n|\n|upkeep\n|\n|t:|1771201841\n|switch|p1a: Kingambit|Kingambit, F, shiny|100/100\n|-activate|p1a: Kingambit|ability: Supreme Overlord\n|-start|p1a: Kingambit|fallen4|[silent]\n|turn|12\n|\n|t:|1771201843\n|move|p2a: Pikachu|Volt Tackle|p1a: Kingambit\n|-damage|p1a: Kingambit|37/100\n|-damage|p2a: Pikachu|55/100|[from] Recoil\n|move|p1a: Kingambit|Swords Dance|p1a: Kingambit\n|-boost|p1a: Kingambit|atk|2\n|\n|upkeep\n|turn|13\n|\n|t:|1771201851\n|move|p2a: Pikachu|Extreme Speed|p1a: Kingambit\n|-resisted|p1a: Kingambit\n|-damage|p1a: Kingambit|23/100\n|move|p1a: Kingambit|Sucker Punch||[still]\n|-fail|p1a: Kingambit\n|\n|upkeep\n|turn|14\n|\n|t:|1771201856\n|switch|p2a: Corviknight|Corviknight, M|32/100\n|-ability|p2a: Corviknight|Pressure\n|move|p1a: Kingambit|Sucker Punch||[still]\n|-fail|p1a: Kingambit\n|\n|-heal|p2a: Corviknight|38/100|[from] item: Leftovers\n|upkeep\n|turn|15\n|\n|t:|1771201859\n|move|p1a: Kingambit|Knock Off|p2a: Corviknight\n|-damage|p2a: Corviknight|0 fnt\n|-enditem|p2a: Corviknight|Leftovers|[from] move: Knock Off|[of] p1a: Kingambit\n|faint|p2a: Corviknight\n|\n|upkeep\n|\n|t:|1771201861\n|switch|p2a: Pikachu|Pikachu, F|55/100\n|turn|16\n|\n|t:|1771201862\n|move|p2a: Pikachu|Fake Out|p1a: Kingambit\n|-resisted|p1a: Kingambit\n|-damage|p1a: Kingambit|16/100\n|cant|p1a: Kingambit|flinch\n|\n|upkeep\n|turn|17\n|\n|t:|1771201864\n|move|p2a: Pikachu|Extreme Speed|p1a: Kingambit\n|-resisted|p1a: Kingambit\n|-damage|p1a: Kingambit|3/100\n|move|p1a: Kingambit|Knock Off|p2a: Pikachu\n|-damage|p2a: Pikachu|0 fnt\n|-enditem|p2a: Pikachu|Light Ball|[from] move: Knock Off|[of] p1a: Kingambit\n|faint|p2a: Pikachu\n|\n|upkeep\n|\n|t:|1771201867\n|switch|p2a: Charizard|Charizard, M|100/100\n|turn|18\n|\n|t:|1771201869\n|detailschange|p2a: Charizard|Charizard-Mega-X, M\n|-mega|p2a: Charizard|Charizard|Charizardite X\n|move|p1a: Kingambit|Sucker Punch|p2a: Charizard\n|-damage|p2a: Charizard|0 fnt\n|faint|p2a: Charizard\n|detailschange|p2: Charizard|Charizard, M|[silent]\n|\n|win|tamsyy\n|raw|tamsyy's rating: 1596 &rarr; <strong>1614</strong><br />(+18 for winning)\n|raw|Kir1ku's rating: 1562 &rarr; <strong>1544</strong><br />(-18 for losing)\n|l|☆tamsyy\n|player|p1|\n|l|☆Kir1ku\n|player|p2|\n", "uploadtime": 1771202043, "views": 8, "formatid": "gen9nationaldex", "rating": 1544, "private": 0, "password": null}