{"id": "gen9nationaldex-2540691534", "format": "[Gen 9] National Dex", "players": ["Cerberus 17", "Yaoshi"], "log": "|j|☆Cerberus 17\n|j|☆Yaoshi\n|t:|1771241031\n|gametype|singles\n|player|p1|Cerberus 17|cynthia-gen4|1672\n|player|p2|Yaoshi|silver-masters|1581\n|gen|9\n|tier|[Gen 9] National Dex\n|rated|\n|rule|HP Percentage Mod: HP is shown in percentages\n|rule|Endless Battle Clause: Forcing endless battles is banned\n|rule|Species Clause: Limit one of each Pokémon\n|rule|OHKO Clause: OHKO moves are banned\n|rule|Evasion Clause: Evasion abilities, items, and moves are banned\n|rule|Evasion Abilities Clause: Evasion abilities are banned\n|rule|Evasion Items Clause: Evasion items are banned\n|rule|Evasion Moves Clause: Evasion moves are banned\n|rule|Sleep Clause Mod: Limit one foe put to sleep\n|rule|Terastal Clause: You cannot Terastallize\n|clearpoke\n|poke|p1|Tyranitar, M|\n|poke|p1|Kartana|\n|poke|p1|Diancie|\n|poke|p1|Excadrill, M|\n|poke|p1|Sinistcha-Masterpiece|\n|poke|p1|Kommo-o, M|\n|poke|p2|Landorus-Therian, M|\n|poke|p2|Medicham, M|\n|poke|p2|Victini|\n|poke|p2|Aegislash, M|\n|poke|p2|Kyurem|\n|poke|p2|Alomomola, M|\n|teampreview\n|inactive|Battle timer is ON: inactive players will automatically lose when time's up. (requested by Yaoshi)\n|inactive|Cerberus 17 also wants the timer to be on.\n|\n|t:|1771241039\n|teamsize|p1|6\n|teamsize|p2|6\n|start\n|switch|p1a: Kommo-o|Kommo-o, M|100/100\n|switch|p2a: YingLong|Landorus-Therian, M, shiny|100/100\n|-ability|p2a: YingLong|Intimidate|boost\n|-unboost|p1a: Kommo-o|atk|1\n|turn|1\n|\n|t:|1771241046\n|move|p2a: YingLong|U-turn|p1a: Kommo-o\n|-resisted|p1a: Kommo-o\n|-damage|p1a: Kommo-o|85/100\n|\n|t:|1771241049\n|switch|p2a: máodùn|Aegislash, M, shiny|100/100|[from] U-turn\n|-zpower|p1a: Kommo-o\n|move|p1a: Kommo-o|Clangorous Soulblaze|p2a: máodùn|[zeffect]\n|-resisted|p2a: máodùn\n|-damage|p2a: máodùn|77/100\n|-boost|p1a: Kommo-o|atk|1\n|-boost|p1a: Kommo-o|def|1\n|-boost|p1a: Kommo-o|spa|1\n|-boost|p1a: Kommo-o|spd|1\n|-boost|p1a: Kommo-o|spe|1\n|\n|-heal|p2a: máodùn|84/100|[from] item: Leftovers\n|upkeep\n|turn|2\n|\n|t:|1771241053\n|move|p1a: Kommo-o|Flamethrower|p2a: máodùn\n|-supereffective|p2a: máodùn\n|-damage|p2a: máodùn|38/100\n|move|p2a: máodùn|Toxic|p1a: Kommo-o|[miss]\n|-miss|p2a: máodùn|p1a: Kommo-o\n|\n|-heal|p2a: máodùn|45/100|[from] item: Leftovers\n|upkeep\n|turn|3\n|\n|t:|1771241060\n|move|p2a: máodùn|King's Shield|p2a: máodùn\n|-singleturn|p2a: máodùn|Protect\n|move|p1a: Kommo-o|Flamethrower|p2a: máodùn\n|-activate|p2a: máodùn|move: Protect\n|\n|-heal|p2a: máodùn|51/100|[from] item: Leftovers\n|upkeep\n|turn|4\n|\n|t:|1771241064\n|move|p1a: Kommo-o|Flamethrower|p2a: máodùn\n|-supereffective|p2a: máodùn\n|-damage|p2a: máodùn|2/100\n|-status|p2a: máodùn|brn\n|move|p2a: máodùn|Toxic|p1a: Kommo-o\n|-status|p1a: Kommo-o|tox\n|\n|-heal|p2a: máodùn|8/100 brn|[from] item: Leftovers\n|-damage|p1a: Kommo-o|79/100 tox|[from] psn\n|-damage|p2a: máodùn|2/100 brn|[from] brn\n|upkeep\n|turn|5\n|\n|t:|1771241069\n|move|p2a: máodùn|King's Shield|p2a: máodùn\n|-singleturn|p2a: máodùn|Protect\n|move|p1a: Kommo-o|Flamethrower|p2a: máodùn\n|-activate|p2a: máodùn|move: Protect\n|\n|-heal|p2a: máodùn|8/100 brn|[from] item: Leftovers\n|-damage|p1a: Kommo-o|67/100 tox|[from] psn\n|-damage|p2a: máodùn|2/100 brn|[from] brn\n|upkeep\n|turn|6\n|\n|t:|1771241072\n|switch|p2a: Aoyu|Alomomola, M|100/100\n|move|p1a: Kommo-o|Clanging Scales|p2a: Aoyu\n|-damage|p2a: Aoyu|16/100\n|-unboost|p1a: Kommo-o|def|1\n|\n|-damage|p1a: Kommo-o|48/100 tox|[from] psn\n|upkeep\n|turn|7\n|\n|t:|1771241083\n|switch|p2a: máodùn|Aegislash, M, shiny|2/100 brn\n|move|p1a: Kommo-o|Clanging Scales|p2a: máodùn\n|-resisted|p2a: máodùn\n|-damage|p2a: máodùn|0 fnt\n|faint|p2a: máodùn\n|-unboost|p1a: Kommo-o|def|1\n|\n|-damage|p1a: Kommo-o|24/100 tox|[from] psn\n|upkeep\n|\n|t:|1771241087\n|switch|p2a: Aoyu|Alomomola, M|50/100\n|turn|8\n|\n|t:|1771241090\n|move|p2a: Aoyu|Protect|p2a: Aoyu\n|-singleturn|p2a: Aoyu|Protect\n|move|p1a: Kommo-o|Clanging Scales|p2a: Aoyu\n|-activate|p2a: Aoyu|move: Protect\n|\n|-damage|p1a: Kommo-o|0 fnt|[from] psn\n|faint|p1a: Kommo-o\n|upkeep\n|\n|t:|1771241099\n|switch|p1a: Diancie|Diancie|100/100\n|turn|9\n|\n|t:|1771241104\n|switch|p2a: YingLong|Landorus-Therian, M, shiny|100/100\n|-ability|p2a: YingLong|Intimidate|boost\n|-fail|p1a: Diancie|unboost|[from] ability: Clear Body|[of] p1a: Diancie\n|detailschange|p1a: Diancie|Diancie-Mega\n|-mega|p1a: Diancie|Diancie|Diancite\n|move|p1a: Diancie|Moonblast|p2a: YingLong\n|-damage|p2a: YingLong|25/100\n|\n|upkeep\n|turn|10\n|\n|t:|1771241112\n|switch|p1a: Kartana|Kartana|100/100\n|move|p2a: YingLong|Earthquake|p1a: Kartana\n|-damage|p1a: Kartana|33/100\n|\n|upkeep\n|turn|11\n|\n|t:|1771241122\n|move|p1a: Kartana|Leaf Blade|p2a: YingLong\n|-damage|p2a: YingLong|0 fnt\n|faint|p2a: YingLong\n|-ability|p1a: Kartana|Beast Boost|boost\n|-boost|p1a: Kartana|atk|1\n|\n|upkeep\n|\n|t:|1771241125\n|switch|p2a: Nezha|Victini|100/100\n|turn|12\n|\n|t:|1771241129\n|switch|p1a: Tyranitar|Tyranitar, M|100/100\n|-weather|Sandstorm|[from] ability: Sand Stream|[of] p1a: Tyranitar\n|move|p2a: Nezha|Power-Up Punch|p1a: Tyranitar\n|-supereffective|p1a: Tyranitar\n|-damage|p1a: Tyranitar|63/100\n|-boost|p2a: Nezha|atk|1\n|\n|-weather|Sandstorm|[upkeep]\n|-damage|p2a: Nezha|94/100|[from] Sandstorm\n|upkeep\n|turn|13\n|\n|t:|1771241137\n|-activate|p2a: Nezha|move: Pursuit\n|move|p1a: Tyranitar|Pursuit|p2a: Nezha|[from] Pursuit\n|-supereffective|p2a: Nezha\n|-damage|p2a: Nezha|0 fnt\n|faint|p2a: Nezha\n|-hint|A Pokemon can't switch between when it runs out of HP and when it faints\n|\n|-weather|Sandstorm|[upkeep]\n|upkeep\n|\n|t:|1771241143\n|switch|p2a: Shi Yan Ming|Medicham, M, shiny|100/100\n|turn|14\n|\n|t:|1771241147\n|switch|p1a: Sinistcha|Sinistcha-Masterpiece|100/100\n|detailschange|p2a: Shi Yan Ming|Medicham-Mega, M, shiny\n|-mega|p2a: Shi Yan Ming|Medicham|Medichamite\n|move|p2a: Shi Yan Ming|Close Combat|p1a: Sinistcha\n|-immune|p1a: Sinistcha\n|\n|-weather|Sandstorm|[upkeep]\n|-damage|p2a: Shi Yan Ming|94/100|[from] Sandstorm\n|-damage|p1a: Sinistcha|94/100|[from] Sandstorm\n|-heal|p1a: Sinistcha|100/100|[from] item: Leftovers\n|upkeep\n|turn|15\n|\n|t:|1771241151\n|switch|p2a: Wuji|Kyurem|100/100\n|-ability|p2a: Wuji|Pressure\n|move|p1a: Sinistcha|Strength Sap|p2a: Wuji\n|-unboost|p2a: Wuji|atk|1\n|\n|-weather|Sandstorm|[upkeep]\n|-damage|p2a: Wuji|94/100|[from] Sandstorm\n|-damage|p1a: Sinistcha|94/100|[from] Sandstorm\n|-heal|p1a: Sinistcha|100/100|[from] item: Leftovers\n|upkeep\n|turn|16\n|\n|t:|1771241160\n|switch|p1a: Diancie|Diancie-Mega|100/100\n|move|p2a: Wuji|Ice Beam|p1a: Diancie\n|-damage|p1a: Diancie|35/100\n|\n|-weather|Sandstorm|[upkeep]\n|-damage|p2a: Wuji|88/100|[from] Sandstorm\n|upkeep\n|turn|17\n|\n|t:|1771241175\n|switch|p2a: Aoyu|Alomomola, M|83/100\n|move|p1a: Diancie|Moonblast|p2a: Aoyu\n|-damage|p2a: Aoyu|9/100\n|\n|-weather|Sandstorm|[upkeep]\n|-damage|p2a: Aoyu|3/100|[from] Sandstorm\n|upkeep\n|turn|18\n|\n|t:|1771241182\n|move|p1a: Diancie|Moonblast|p2a: Aoyu\n|-damage|p2a: Aoyu|0 fnt\n|faint|p2a: Aoyu\n|\n|-weather|Sandstorm|[upkeep]\n|upkeep\n|\n|t:|1771241185\n|switch|p2a: Shi Yan Ming|Medicham-Mega, M, shiny|94/100\n|turn|19\n|\n|t:|1771241196\n|move|p2a: Shi Yan Ming|Bullet Punch|p1a: Diancie\n|-supereffective|p1a: Diancie\n|-damage|p1a: Diancie|0 fnt\n|faint|p1a: Diancie\n|detailschange|p1: Diancie|Diancie|[silent]\n|\n|-weather|none\n|upkeep\n|\n|t:|1771241200\n|switch|p1a: Tyranitar|Tyranitar, M|63/100\n|-weather|Sandstorm|[from] ability: Sand Stream|[of] p1a: Tyranitar\n|turn|20\n|j| Villain gligar\n|\n|t:|1771241203\n|move|p2a: Shi Yan Ming|Close Combat|p1a: Tyranitar\n|-supereffective|p1a: Tyranitar\n|-damage|p1a: Tyranitar|0 fnt\n|-unboost|p2a: Shi Yan Ming|def|1\n|-unboost|p2a: Shi Yan Ming|spd|1\n|faint|p1a: Tyranitar\n|\n|-weather|Sandstorm|[upkeep]\n|-damage|p2a: Shi Yan Ming|88/100|[from] Sandstorm\n|upkeep\n|\n|t:|1771241216\n|switch|p1a: Excadrill|Excadrill, M|100/100\n|turn|21\n|\n|t:|1771241220\n|switch|p2a: Wuji|Kyurem|88/100\n|-ability|p2a: Wuji|Pressure\n|move|p1a: Excadrill|Iron Head|p2a: Wuji\n|-supereffective|p2a: Wuji\n|-damage|p2a: Wuji|0 fnt\n|faint|p2a: Wuji\n|\n|-weather|Sandstorm|[upkeep]\n|upkeep\n|\n|t:|1771241223\n|switch|p2a: Shi Yan Ming|Medicham-Mega, M, shiny|88/100\n|turn|22\n|\n|t:|1771241225\n|move|p2a: Shi Yan Ming|Fake Out|p1a: Excadrill\n|-resisted|p1a: Excadrill\n|-damage|p1a: Excadrill|84/100\n|cant|p1a: Excadrill|flinch\n|\n|-weather|Sandstorm|[upkeep]\n|-damage|p2a: Shi Yan Ming|82/100|[from] Sandstorm\n|upkeep\n|turn|23\n|\n|t:|1771241229\n|move|p1a: Excadrill|Iron Head|p2a: Shi Yan Ming\n|-damage|p2a: Shi Yan Ming|0 fnt\n|faint|p2a: Shi Yan Ming\n|detailschange|p2: Shi Yan Ming|Medicham, M, shiny|[silent]\n|\n|win|Cerberus 17\n|raw|Cerberus 17's rating: 1672 &rarr; <strong>1687</strong><br />(+15 for winning)\n|raw|Yaoshi's rating: 1581 &rarr; <strong>1566</strong><br />(-15 for losing)\n|l|☆Yaoshi\n|player|p2|\n|l|☆Cerberus 17\n|player|p1|\n|l| Villain gligar\n", "uploadtime": 1771241397, "views": 6, "formatid": "gen9nationaldex", "rating": 1566, "private": 0, "password": null}