{"id": "gen9nationaldex-2540881630", "format": "[Gen 9] National Dex", "players": ["Kaick1478", "twiligthZ"], "log": "|j|☆Kaick1478\n|j|☆twiligthZ\n|t:|1771263520\n|gametype|singles\n|player|p1|Kaick1478|scientist|1514\n|player|p2|twiligthZ|n|1528\n|gen|9\n|tier|[Gen 9] National Dex\n|rated|\n|rule|HP Percentage Mod: HP is shown in percentages\n|rule|Endless Battle Clause: Forcing endless battles is banned\n|rule|Species Clause: Limit one of each Pokémon\n|rule|OHKO Clause: OHKO moves are banned\n|rule|Evasion Clause: Evasion abilities, items, and moves are banned\n|rule|Evasion Abilities Clause: Evasion abilities are banned\n|rule|Evasion Items Clause: Evasion items are banned\n|rule|Evasion Moves Clause: Evasion moves are banned\n|rule|Sleep Clause Mod: Limit one foe put to sleep\n|rule|Terastal Clause: You cannot Terastallize\n|clearpoke\n|poke|p1|Iron Valiant|\n|poke|p1|Iron Leaves|\n|poke|p1|Iron Crown|\n|poke|p1|Tapu Koko|\n|poke|p1|Iron Treads|\n|poke|p1|Raichu-Alola, F|\n|poke|p2|Mismagius, M|\n|poke|p2|Ninetales-Alola, M|\n|poke|p2|Gyarados, F|\n|poke|p2|Oricorio-Pom-Pom, F|\n|poke|p2|Lurantis, M|\n|poke|p2|Ditto|\n|teampreview\n|inactive|Battle timer is ON: inactive players will automatically lose when time's up. (requested by twiligthZ)\n|inactive|Kaick1478 also wants the timer to be on.\n|\n|t:|1771263529\n|teamsize|p1|6\n|teamsize|p2|6\n|start\n|switch|p1a: Tapu Koko|Tapu Koko|100/100\n|switch|p2a: Flower|Lurantis, M|100/100\n|-fieldstart|move: Electric Terrain|[from] ability: Electric Surge|[of] p1a: Tapu Koko\n|turn|1\n|\n|t:|1771263536\n|move|p1a: Tapu Koko|U-turn|p2a: Flower\n|-supereffective|p2a: Flower\n|-damage|p2a: Flower|62/100\n|\n|t:|1771263538\n|switch|p1a: Iron Valiant|Iron Valiant|100/100|[from] U-turn\n|-activate|p1a: Iron Valiant|ability: Quark Drive\n|-start|p1a: Iron Valiant|quarkdrivespe\n|move|p2a: Flower|Superpower|p1a: Iron Valiant\n|-resisted|p1a: Iron Valiant\n|-damage|p1a: Iron Valiant|76/100\n|-boost|p2a: Flower|atk|1\n|-boost|p2a: Flower|def|1\n|\n|upkeep\n|turn|2\n|\n|t:|1771263543\n|move|p1a: Iron Valiant|Moonblast|p2a: Flower\n|-damage|p2a: Flower|20/100\n|-damage|p1a: Iron Valiant|66/100|[from] item: Life Orb\n|move|p2a: Flower|Petal Blizzard|p1a: Iron Valiant\n|-damage|p1a: Iron Valiant|0 fnt\n|faint|p1a: Iron Valiant\n|-end|p1a: Iron Valiant|Quark Drive|[silent]\n|\n|upkeep\n|\n|t:|1771263550\n|switch|p1a: Raichu|Raichu-Alola, F|100/100\n|turn|3\n|\n|t:|1771263555\n|move|p1a: Raichu|Rising Voltage|p2a: Flower\n|-hint|Rising Voltage's BP doubled on grounded target.\n|-resisted|p2a: Flower\n|-damage|p2a: Flower|0 fnt\n|faint|p2a: Flower\n|\n|upkeep\n|\n|t:|1771263558\n|switch|p2a: Boreal|Ninetales-Alola, M|100/100\n|-weather|Snowscape|[from] ability: Snow Warning|[of] p2a: Boreal\n|turn|4\n|\n|t:|1771263565\n|move|p1a: Raichu|Rising Voltage|p2a: Boreal\n|-hint|Rising Voltage's BP doubled on grounded target.\n|-damage|p2a: Boreal|0 fnt\n|faint|p2a: Boreal\n|\n|-weather|Snowscape|[upkeep]\n|upkeep\n|\n|t:|1771263573\n|switch|p2a: Idem|Ditto|100/100\n|-transform|p2a: Idem|p1a: Raichu|[from] ability: Imposter\n|turn|5\n|\n|t:|1771263584\n|move|p1a: Raichu|Rising Voltage|p2a: Idem\n|-hint|Rising Voltage's BP doubled on grounded target.\n|-resisted|p2a: Idem\n|-damage|p2a: Idem|15/100\n|move|p2a: Idem|Rising Voltage|p1a: Raichu\n|-hint|Rising Voltage's BP doubled on grounded target.\n|-resisted|p1a: Raichu\n|-damage|p1a: Raichu|43/100\n|\n|-weather|Snowscape|[upkeep]\n|upkeep\n|turn|6\n|\n|t:|1771263590\n|move|p1a: Raichu|Rising Voltage|p2a: Idem\n|-hint|Rising Voltage's BP doubled on grounded target.\n|-resisted|p2a: Idem\n|-damage|p2a: Idem|0 fnt\n|faint|p2a: Idem\n|\n|-weather|Snowscape|[upkeep]\n|upkeep\n|\n|t:|1771263594\n|switch|p2a: Festiva|Oricorio-Pom-Pom, F|100/100\n|turn|7\n|\n|t:|1771263596\n|move|p1a: Raichu|Rising Voltage|p2a: Festiva\n|-damage|p2a: Festiva|18/100\n|move|p2a: Festiva|Quiver Dance|p2a: Festiva\n|-boost|p2a: Festiva|spa|1\n|-boost|p2a: Festiva|spd|1\n|-boost|p2a: Festiva|spe|1\n|\n|-weather|Snowscape|[upkeep]\n|-heal|p2a: Festiva|24/100|[from] item: Leftovers\n|upkeep\n|turn|8\n|\n|t:|1771263602\n|move|p1a: Raichu|Rising Voltage|p2a: Festiva\n|-damage|p2a: Festiva|0 fnt\n|faint|p2a: Festiva\n|\n|-weather|none\n|-fieldend|move: Electric Terrain\n|upkeep\n|-message|twiligthZ forfeited.\n|\n|win|Kaick1478\n|raw|Kaick1478's rating: 1492 &rarr; <strong>1514</strong><br />(+22 for winning)\n|raw|twiligthZ's rating: 1528 &rarr; <strong>1506</strong><br />(-22 for losing)\n|l|☆twiligthZ\n|player|p2|\n|l|☆Kaick1478\n|player|p1|\n", "uploadtime": 1771263827, "views": 6, "formatid": "gen9nationaldex", "rating": 1506, "private": 0, "password": null}