{"id": "gen9nationaldex-2540697153", "format": "[Gen 9] National Dex", "players": ["Yaoshi", "riderzitto5"], "log": "|j|☆Yaoshi\n|j|☆riderzitto5\n|t:|1771241936\n|gametype|singles\n|player|p1|Yaoshi|silver-masters|1633\n|player|p2|riderzitto5|petrel|1661\n|gen|9\n|tier|[Gen 9] National Dex\n|rated|\n|rule|HP Percentage Mod: HP is shown in percentages\n|rule|Endless Battle Clause: Forcing endless battles is banned\n|rule|Species Clause: Limit one of each Pokémon\n|rule|OHKO Clause: OHKO moves are banned\n|rule|Evasion Clause: Evasion abilities, items, and moves are banned\n|rule|Evasion Abilities Clause: Evasion abilities are banned\n|rule|Evasion Items Clause: Evasion items are banned\n|rule|Evasion Moves Clause: Evasion moves are banned\n|rule|Sleep Clause Mod: Limit one foe put to sleep\n|rule|Terastal Clause: You cannot Terastallize\n|clearpoke\n|poke|p1|Landorus-Therian, M|\n|poke|p1|Medicham, F|\n|poke|p1|Victini|\n|poke|p1|Aegislash, M|\n|poke|p1|Kyurem|\n|poke|p1|Alomomola, M|\n|poke|p2|Blaziken, M|\n|poke|p2|Ditto|\n|poke|p2|Gholdengo|\n|poke|p2|Beedrill, M|\n|poke|p2|Slowking-Galar, F|\n|poke|p2|Corviknight, M|\n|teampreview\n|inactive|Battle timer is ON: inactive players will automatically lose when time's up. (requested by Yaoshi)\n|inactive|riderzitto5 has 120 seconds left.\n|inactive|riderzitto5 has 90 seconds left.\n|\n|t:|1771242005\n|teamsize|p1|6\n|teamsize|p2|6\n|start\n|switch|p1a: YingLong|Landorus-Therian, M, shiny|100/100\n|switch|p2a: Beedrill|Beedrill, M|100/100\n|-ability|p1a: YingLong|Intimidate|boost\n|-unboost|p2a: Beedrill|atk|1\n|turn|1\n|\n|t:|1771242013\n|detailschange|p2a: Beedrill|Beedrill-Mega, M\n|-mega|p2a: Beedrill|Beedrill|Beedrillite\n|move|p2a: Beedrill|Knock Off|p1a: YingLong\n|-damage|p1a: YingLong|71/100\n|-enditem|p1a: YingLong|Choice Scarf|[from] move: Knock Off|[of] p2a: Beedrill\n|move|p1a: YingLong|U-turn|p2a: Beedrill\n|-resisted|p2a: Beedrill\n|-damage|p2a: Beedrill|64/100\n|\n|t:|1771242022\n|switch|p1a: Aoyu|Alomomola, M|100/100|[from] U-turn\n|\n|upkeep\n|turn|2\n|inactive|riderzitto5 has 120 seconds left.\n|\n|t:|1771242068\n|switch|p2a: Slowking|Slowking-Galar, F|100/100\n|move|p1a: Aoyu|Flip Turn|p2a: Slowking\n|-damage|p2a: Slowking|82/100\n|j| Villain gligar\n|\n|t:|1771242081\n|switch|p1a: Nezha|Victini|100/100|[from] Flip Turn\n|\n|upkeep\n|turn|3\n|\n|t:|1771242102\n|-zpower|p1a: Nezha\n|move|p1a: Nezha|Inferno Overdrive|p2a: Slowking|[zeffect]\n|-damage|p2a: Slowking|0 fnt\n|faint|p2a: Slowking\n|\n|upkeep\n|l| Villain gligar\n|\n|t:|1771242108\n|switch|p2a: Beedrill|Beedrill-Mega, M|64/100\n|turn|4\n|j| dtybb\n|\n|t:|1771242113\n|switch|p1a: Aoyu|Alomomola, M|100/100\n|move|p2a: Beedrill|U-turn|p1a: Aoyu\n|-damage|p1a: Aoyu|72/100\n|-damage|p2a: Beedrill|47/100|[from] item: Rocky Helmet|[of] p1a: Aoyu\n|\n|t:|1771242133\n|switch|p2a: Gholdengo|Gholdengo|100/100|[from] U-turn\n|\n|upkeep\n|turn|5\n|\n|t:|1771242138\n|switch|p1a: máodùn|Aegislash, M, shiny|100/100\n|move|p2a: Gholdengo|Thunder Wave|p1a: máodùn\n|-status|p1a: máodùn|par\n|\n|upkeep\n|turn|6\n|\n|t:|1771242143\n|switch|p1a: Nezha|Victini|100/100\n|move|p2a: Gholdengo|Hex|p1a: Nezha\n|-supereffective|p1a: Nezha\n|-damage|p1a: Nezha|45/100\n|\n|upkeep\n|turn|7\n|inactive|riderzitto5 has 120 seconds left.\n|\n|t:|1771242150\n|switch|p2a: Ditto|Ditto|100/100\n|-transform|p2a: Ditto|p1a: Nezha|[from] ability: Imposter\n|move|p1a: Nezha|V-create|p2a: Ditto\n|-resisted|p2a: Ditto\n|-damage|p2a: Ditto|56/100\n|-unboost|p1a: Nezha|spe|1\n|-unboost|p1a: Nezha|def|1\n|-unboost|p1a: Nezha|spd|1\n|\n|upkeep\n|turn|8\n|\n|t:|1771242158\n|switch|p1a: Aoyu|Alomomola, M|100/100\n|move|p2a: Ditto|Bolt Strike|p1a: Aoyu\n|-supereffective|p1a: Aoyu\n|-damage|p1a: Aoyu|58/100\n|-damage|p2a: Ditto|40/100|[from] item: Rocky Helmet|[of] p1a: Aoyu\n|\n|upkeep\n|turn|9\n|\n|t:|1771242163\n|switch|p2a: Corviknight|Corviknight, M|100/100\n|-ability|p2a: Corviknight|Pressure\n|move|p1a: Aoyu|Wish|p1a: Aoyu\n|\n|upkeep\n|turn|10\n|inactive|riderzitto5 has 120 seconds left.\n|\n|t:|1771242192\n|move|p2a: Corviknight|U-turn|p1a: Aoyu\n|-damage|p1a: Aoyu|50/100\n|-damage|p2a: Corviknight|84/100|[from] item: Rocky Helmet|[of] p1a: Aoyu\n|\n|t:|1771242197\n|switch|p2a: Ditto|Ditto|40/100|[from] U-turn\n|-transform|p2a: Ditto|p1a: Aoyu|[from] ability: Imposter\n|move|p1a: Aoyu|Flip Turn|p2a: Ditto\n|-resisted|p2a: Ditto\n|-damage|p2a: Ditto|33/100\n|\n|t:|1771242206\n|switch|p1a: Nezha|Victini|45/100|[from] Flip Turn\n|\n|-heal|p1a: Nezha|100/100|[from] move: Wish|[wisher] Aoyu\n|upkeep\n|turn|11\n|inactive|riderzitto5 has 120 seconds left.\n|\n|t:|1771242218\n|move|p2a: Ditto|Protect|p2a: Ditto\n|-singleturn|p2a: Ditto|Protect\n|move|p1a: Nezha|Bolt Strike|p2a: Ditto\n|-activate|p2a: Ditto|move: Protect\n|\n|upkeep\n|turn|12\n|\n|t:|1771242225\n|switch|p2a: Gholdengo|Gholdengo|100/100\n|move|p1a: Nezha|Power-Up Punch|p2a: Gholdengo\n|-immune|p2a: Gholdengo\n|\n|upkeep\n|turn|13\n|\n|t:|1771242230\n|move|p1a: Nezha|V-create|p2a: Gholdengo\n|-supereffective|p2a: Gholdengo\n|-damage|p2a: Gholdengo|0 fnt\n|-unboost|p1a: Nezha|spe|1\n|-unboost|p1a: Nezha|def|1\n|-unboost|p1a: Nezha|spd|1\n|faint|p2a: Gholdengo\n|\n|upkeep\n|\n|t:|1771242236\n|switch|p2a: Blaziken|Blaziken, M|100/100\n|turn|14\n|\n|t:|1771242239\n|switch|p1a: Aoyu|Alomomola, M|84/100\n|move|p2a: Blaziken|Swords Dance|p2a: Blaziken\n|-boost|p2a: Blaziken|atk|2\n|\n|-ability|p2a: Blaziken|Speed Boost|boost\n|-boost|p2a: Blaziken|spe|1\n|upkeep\n|turn|15\n|\n|t:|1771242250\n|move|p2a: Blaziken|Protect|p2a: Blaziken\n|-singleturn|p2a: Blaziken|Protect\n|move|p1a: Aoyu|Flip Turn|p2a: Blaziken\n|-activate|p2a: Blaziken|move: Protect\n|\n|-ability|p2a: Blaziken|Speed Boost|boost\n|-boost|p2a: Blaziken|spe|1\n|upkeep\n|turn|16\n|\n|t:|1771242260\n|move|p2a: Blaziken|Swords Dance|p2a: Blaziken\n|-boost|p2a: Blaziken|atk|2\n|move|p1a: Aoyu|Flip Turn|p2a: Blaziken\n|-supereffective|p2a: Blaziken\n|-damage|p2a: Blaziken|53/100\n|\n|t:|1771242274\n|switch|p1a: Shi Yan Ming|Medicham, F, shiny|100/100|[from] Flip Turn\n|\n|-ability|p2a: Blaziken|Speed Boost|boost\n|-boost|p2a: Blaziken|spe|1\n|upkeep\n|turn|17\n|\n|t:|1771242287\n|switch|p1a: Aoyu|Alomomola, M|100/100\n|move|p2a: Blaziken|Protect||[still]\n|-fail|p2a: Blaziken\n|\n|-ability|p2a: Blaziken|Speed Boost|boost\n|-boost|p2a: Blaziken|spe|1\n|upkeep\n|turn|18\n|\n|t:|1771242294\n|-zpower|p2a: Blaziken\n|move|p2a: Blaziken|All-Out Pummeling|p1a: Aoyu|[zeffect]\n|-damage|p1a: Aoyu|0 fnt\n|faint|p1a: Aoyu\n|\n|-ability|p2a: Blaziken|Speed Boost|boost\n|-boost|p2a: Blaziken|spe|1\n|upkeep\n|\n|t:|1771242300\n|switch|p1a: YingLong|Landorus-Therian, M, shiny|71/100\n|-ability|p1a: YingLong|Intimidate|boost\n|-unboost|p2a: Blaziken|atk|1\n|turn|19\n|\n|t:|1771242314\n|switch|p1a: Nezha|Victini|100/100\n|move|p2a: Blaziken|Flare Blitz|p1a: Nezha\n|-resisted|p1a: Nezha\n|-damage|p1a: Nezha|18/100\n|-damage|p2a: Blaziken|22/100|[from] Recoil\n|\n|-ability|p2a: Blaziken|Speed Boost|boost\n|-boost|p2a: Blaziken|spe|1\n|upkeep\n|turn|20\n|\n|t:|1771242322\n|move|p2a: Blaziken|Close Combat|p1a: Nezha\n|-resisted|p1a: Nezha\n|-damage|p1a: Nezha|0 fnt\n|-unboost|p2a: Blaziken|def|1\n|-unboost|p2a: Blaziken|spd|1\n|faint|p1a: Nezha\n|\n|upkeep\n|\n|t:|1771242324\n|switch|p1a: Shi Yan Ming|Medicham, F, shiny|100/100\n|turn|21\n|\n|t:|1771242327\n|detailschange|p1a: Shi Yan Ming|Medicham-Mega, F, shiny\n|-mega|p1a: Shi Yan Ming|Medicham|Medichamite\n|move|p2a: Blaziken|Protect|p2a: Blaziken\n|-singleturn|p2a: Blaziken|Protect\n|move|p1a: Shi Yan Ming|Bullet Punch|p2a: Blaziken\n|-activate|p2a: Blaziken|move: Protect\n|\n|upkeep\n|turn|22\n|j| Lario\n|\n|t:|1771242337\n|switch|p2a: Corviknight|Corviknight, M|84/100\n|-ability|p2a: Corviknight|Pressure\n|move|p1a: Shi Yan Ming|Bullet Punch|p2a: Corviknight\n|-resisted|p2a: Corviknight\n|-damage|p2a: Corviknight|78/100\n|\n|-heal|p2a: Corviknight|84/100|[from] item: Leftovers\n|upkeep\n|turn|23\n|\n|t:|1771242343\n|switch|p1a: YingLong|Landorus-Therian, M, shiny|71/100\n|-ability|p1a: YingLong|Intimidate|boost\n|-unboost|p2a: Corviknight|atk|1\n|move|p2a: Corviknight|U-turn|p1a: YingLong\n|-resisted|p1a: YingLong\n|-damage|p1a: YingLong|66/100\n|\n|t:|1771242350\n|switch|p2a: Ditto|Ditto|66/100|[from] U-turn\n|-transform|p2a: Ditto|p1a: YingLong|[from] ability: Imposter\n|-ability|p2a: Ditto|Intimidate|boost\n|-unboost|p1a: YingLong|atk|1\n|\n|upkeep\n|turn|24\n|\n|t:|1771242356\n|move|p2a: Ditto|Stone Edge|p1a: YingLong\n|-damage|p1a: YingLong|16/100\n|move|p1a: YingLong|U-turn|p2a: Ditto\n|-resisted|p2a: Ditto\n|-damage|p2a: Ditto|54/100\n|\n|t:|1771242363\n|switch|p1a: máodùn|Aegislash, M, shiny|100/100 par|[from] U-turn\n|\n|upkeep\n|turn|25\n|\n|t:|1771242381\n|switch|p2a: Corviknight|Corviknight, M|84/100\n|-ability|p2a: Corviknight|Pressure\n|-formechange|p1a: máodùn|Aegislash-Blade||[from] ability: Stance Change\n|move|p1a: máodùn|Shadow Ball|p2a: Corviknight\n|-damage|p2a: Corviknight|50/100\n|\n|-heal|p2a: Corviknight|57/100|[from] item: Leftovers\n|upkeep\n|turn|26\n|\n|t:|1771242390\n|move|p2a: Corviknight|Roost|p2a: Corviknight\n|-heal|p2a: Corviknight|100/100\n|-singleturn|p2a: Corviknight|move: Roost\n|move|p1a: máodùn|Shadow Ball|p2a: Corviknight\n|-damage|p2a: Corviknight|66/100\n|\n|-heal|p2a: Corviknight|72/100|[from] item: Leftovers\n|upkeep\n|turn|27\n|\n|t:|1771242401\n|move|p2a: Corviknight|Roost|p2a: Corviknight\n|-heal|p2a: Corviknight|100/100\n|-singleturn|p2a: Corviknight|move: Roost\n|cant|p1a: máodùn|par\n|\n|upkeep\n|turn|28\n|\n|t:|1771242408\n|move|p2a: Corviknight|U-turn|p1a: máodùn\n|-resisted|p1a: máodùn\n|-damage|p1a: máodùn|94/100 par\n|\n|t:|1771242410\n|switch|p2a: Beedrill|Beedrill-Mega, M|47/100|[from] U-turn\n|cant|p1a: máodùn|par\n|\n|-heal|p1a: máodùn|99/100 par|[from] item: Leftovers\n|upkeep\n|turn|29\n|\n|t:|1771242414\n|cant|p1a: máodùn|par\n|move|p2a: Beedrill|Knock Off|p1a: máodùn\n|-supereffective|p1a: máodùn\n|-damage|p1a: máodùn|0 fnt\n|-enditem|p1a: máodùn|Leftovers|[from] move: Knock Off|[of] p2a: Beedrill\n|faint|p1a: máodùn\n|\n|upkeep\n|\n|t:|1771242418\n|switch|p1a: YingLong|Landorus-Therian, M, shiny|16/100\n|-ability|p1a: YingLong|Intimidate|boost\n|-unboost|p2a: Beedrill|atk|1\n|turn|30\n|\n|t:|1771242424\n|move|p2a: Beedrill|Poison Jab|p1a: YingLong\n|-resisted|p1a: YingLong\n|-damage|p1a: YingLong|0 fnt\n|faint|p1a: YingLong\n|\n|upkeep\n|\n|t:|1771242427\n|switch|p1a: Shi Yan Ming|Medicham-Mega, F, shiny|100/100\n|turn|31\n|\n|t:|1771242432\n|switch|p2a: Corviknight|Corviknight, M|100/100\n|-ability|p2a: Corviknight|Pressure\n|move|p1a: Shi Yan Ming|Bulk Up|p1a: Shi Yan Ming\n|-boost|p1a: Shi Yan Ming|atk|1\n|-boost|p1a: Shi Yan Ming|def|1\n|\n|upkeep\n|turn|32\n|\n|t:|1771242441\n|move|p1a: Shi Yan Ming|Bulk Up|p1a: Shi Yan Ming\n|-boost|p1a: Shi Yan Ming|atk|1\n|-boost|p1a: Shi Yan Ming|def|1\n|move|p2a: Corviknight|U-turn|p1a: Shi Yan Ming\n|-damage|p1a: Shi Yan Ming|91/100\n|\n|t:|1771242444\n|switch|p2a: Ditto|Ditto|54/100|[from] U-turn\n|-transform|p2a: Ditto|p1a: Shi Yan Ming|[from] ability: Imposter\n|\n|upkeep\n|turn|33\n|\n|t:|1771242453\n|move|p2a: Ditto|Zen Headbutt|p1a: Shi Yan Ming\n|-damage|p1a: Shi Yan Ming|12/100\n|move|p1a: Shi Yan Ming|Drain Punch|p2a: Ditto\n|-resisted|p2a: Ditto\n|-damage|p2a: Ditto|17/100\n|-heal|p1a: Shi Yan Ming|32/100|[from] drain|[of] p2a: Ditto\n|\n|upkeep\n|turn|34\n|\n|t:|1771242460\n|switch|p2a: Corviknight|Corviknight, M|100/100\n|-ability|p2a: Corviknight|Pressure\n|move|p1a: Shi Yan Ming|Bullet Punch|p2a: Corviknight\n|-resisted|p2a: Corviknight\n|-damage|p2a: Corviknight|87/100\n|\n|-heal|p2a: Corviknight|93/100|[from] item: Leftovers\n|upkeep\n|turn|35\n|\n|t:|1771242466\n|move|p1a: Shi Yan Ming|Drain Punch|p2a: Corviknight\n|-damage|p2a: Corviknight|20/100\n|-heal|p1a: Shi Yan Ming|82/100|[from] drain|[of] p2a: Corviknight\n|move|p2a: Corviknight|U-turn|p1a: Shi Yan Ming\n|-damage|p1a: Shi Yan Ming|72/100\n|\n|t:|1771242473\n|switch|p2a: Ditto|Ditto|17/100|[from] U-turn\n|-transform|p2a: Ditto|p1a: Shi Yan Ming|[from] ability: Imposter\n|\n|upkeep\n|turn|36\n|\n|t:|1771242476\n|move|p1a: Shi Yan Ming|Bullet Punch|p2a: Ditto\n|-damage|p2a: Ditto|0 fnt\n|faint|p2a: Ditto\n|\n|upkeep\n|-message|riderzitto5 forfeited.\n|\n|win|Yaoshi\n|raw|Yaoshi's rating: 1633 &rarr; <strong>1653</strong><br />(+20 for winning)\n|raw|riderzitto5's rating: 1636 &rarr; <strong>1616</strong><br />(-20 for losing)\n|l|☆riderzitto5\n|player|p2|\n|l|☆Yaoshi\n|player|p1|\n|l| Lario\n", "uploadtime": 1771242623, "views": 5, "formatid": "gen9nationaldex", "rating": 1616, "private": 0, "password": null}