{"id": "gen9nationaldex-2540476050", "format": "[Gen 9] National Dex", "players": ["zmdalan", "des459yt"], "log": "|j|☆zmdalan\n|j|☆des459yt\n|t:|1771206755\n|gametype|singles\n|player|p1|zmdalan|169|1646\n|player|p2|des459yt|1|1572\n|gen|9\n|tier|[Gen 9] National Dex\n|rated|\n|rule|HP Percentage Mod: HP is shown in percentages\n|rule|Endless Battle Clause: Forcing endless battles is banned\n|rule|Species Clause: Limit one of each Pokémon\n|rule|OHKO Clause: OHKO moves are banned\n|rule|Evasion Clause: Evasion abilities, items, and moves are banned\n|rule|Evasion Abilities Clause: Evasion abilities are banned\n|rule|Evasion Items Clause: Evasion items are banned\n|rule|Evasion Moves Clause: Evasion moves are banned\n|rule|Sleep Clause Mod: Limit one foe put to sleep\n|rule|Terastal Clause: You cannot Terastallize\n|clearpoke\n|poke|p1|Tapu Koko|\n|poke|p1|Raging Bolt|\n|poke|p1|Regieleki|\n|poke|p1|Charizard, M|\n|poke|p1|Iron Crown|\n|poke|p1|Ditto|\n|poke|p2|Steelix, F|\n|poke|p2|Alomomola, F|\n|poke|p2|Kommo-o, M|\n|poke|p2|Weavile, F|\n|poke|p2|Moltres|\n|poke|p2|Tapu Bulu|\n|teampreview\n|inactive|Battle timer is ON: inactive players will automatically lose when time's up. (requested by des459yt)\n|inactive|zmdalan also wants the timer to be on.\n|\n|t:|1771206775\n|teamsize|p1|6\n|teamsize|p2|6\n|start\n|switch|p1a: Tapu Koko|Tapu Koko|100/100\n|switch|p2a: Steelix|Steelix, F|100/100\n|-fieldstart|move: Electric Terrain|[from] ability: Electric Surge|[of] p1a: Tapu Koko\n|turn|1\n|\n|t:|1771206780\n|detailschange|p2a: Steelix|Steelix-Mega, F\n|-mega|p2a: Steelix|Steelix|Steelixite\n|move|p1a: Tapu Koko|Taunt|p2a: Steelix\n|-start|p2a: Steelix|move: Taunt\n|cant|p2a: Steelix|move: Taunt|Stealth Rock\n|\n|upkeep\n|turn|2\n|\n|t:|1771206783\n|move|p1a: Tapu Koko|U-turn|p2a: Steelix\n|-resisted|p2a: Steelix\n|-damage|p2a: Steelix|97/100\n|\n|t:|1771206785\n|switch|p1a: Charizard|Charizard, M|100/100|[from] U-turn\n|move|p2a: Steelix|High Horsepower|p1a: Charizard\n|-immune|p1a: Charizard\n|\n|upkeep\n|turn|3\n|\n|t:|1771206788\n|switch|p2a: Moltres|Moltres|100/100\n|detailschange|p1a: Charizard|Charizard-Mega-Y, M\n|-mega|p1a: Charizard|Charizard|Charizardite Y\n|-weather|SunnyDay|[from] ability: Drought|[of] p1a: Charizard\n|move|p1a: Charizard|Weather Ball|p2a: Moltres\n|-resisted|p2a: Moltres\n|-damage|p2a: Moltres|71/100\n|\n|-weather|SunnyDay|[upkeep]\n|upkeep\n|turn|4\n|\n|t:|1771206792\n|switch|p1a: Raging Bolt|Raging Bolt|100/100\n|-activate|p1a: Raging Bolt|ability: Protosynthesis\n|-start|p1a: Raging Bolt|protosynthesisspa\n|move|p2a: Moltres|Mystical Fire|p1a: Raging Bolt\n|-resisted|p1a: Raging Bolt\n|-damage|p1a: Raging Bolt|78/100\n|-unboost|p1a: Raging Bolt|spa|1\n|\n|-weather|SunnyDay|[upkeep]\n|upkeep\n|turn|5\n|\n|t:|1771206799\n|switch|p2a: Steelix|Steelix-Mega, F|97/100\n|move|p1a: Raging Bolt|Weather Ball|p2a: Steelix\n|-supereffective|p2a: Steelix\n|-damage|p2a: Steelix|25/100\n|\n|-weather|SunnyDay|[upkeep]\n|upkeep\n|turn|6\n|\n|t:|1771206810\n|move|p1a: Raging Bolt|Weather Ball|p2a: Steelix\n|-supereffective|p2a: Steelix\n|-damage|p2a: Steelix|0 fnt\n|faint|p2a: Steelix\n|detailschange|p2: Steelix|Steelix, F|[silent]\n|\n|-weather|SunnyDay|[upkeep]\n|upkeep\n|\n|t:|1771206812\n|switch|p2a: Weavile|Weavile, F|100/100\n|-ability|p2a: Weavile|Pressure\n|turn|7\n|\n|t:|1771206817\n|move|p1a: Raging Bolt|Thunderclap|p2a: Weavile\n|-damage|p2a: Weavile|34/100\n|move|p2a: Weavile|Knock Off|p1a: Raging Bolt\n|-damage|p1a: Raging Bolt|49/100\n|\n|-weather|none\n|-end|p1a: Raging Bolt|Protosynthesis\n|upkeep\n|turn|8\n|\n|t:|1771206830\n|move|p1a: Raging Bolt|Thunderclap||[still]\n|-fail|p1a: Raging Bolt\n|move|p2a: Weavile|Swords Dance|p2a: Weavile\n|-boost|p2a: Weavile|atk|2\n|\n|-fieldend|move: Electric Terrain\n|upkeep\n|turn|9\n|\n|t:|1771206841\n|move|p2a: Weavile|Ice Shard|p1a: Raging Bolt\n|-supereffective|p1a: Raging Bolt\n|-damage|p1a: Raging Bolt|0 fnt\n|faint|p1a: Raging Bolt\n|-end|p1a: Raging Bolt|Protosynthesis|[silent]\n|\n|upkeep\n|\n|t:|1771206844\n|switch|p1a: Ditto|Ditto|100/100\n|-transform|p1a: Ditto|p2a: Weavile|[from] ability: Imposter\n|-ability|p1a: Ditto|Pressure\n|turn|10\n|\n|t:|1771206848\n|switch|p2a: Alomomola|Alomomola, F|100/100\n|move|p1a: Ditto|Knock Off|p2a: Alomomola\n|-damage|p2a: Alomomola|47/100\n|-enditem|p2a: Alomomola|Heavy-Duty Boots|[from] move: Knock Off|[of] p1a: Ditto\n|\n|upkeep\n|turn|11\n|\n|t:|1771206851\n|switch|p1a: Tapu Koko|Tapu Koko|100/100\n|-fieldstart|move: Electric Terrain|[from] ability: Electric Surge|[of] p1a: Tapu Koko\n|move|p2a: Alomomola|Wish|p2a: Alomomola\n|\n|upkeep\n|turn|12\n|\n|t:|1771206858\n|switch|p2a: Tapu Bulu|Tapu Bulu|100/100\n|-fieldstart|move: Grassy Terrain|[from] ability: Grassy Surge|[of] p2a: Tapu Bulu\n|move|p1a: Tapu Koko|Thunderbolt|p2a: Tapu Bulu\n|-resisted|p2a: Tapu Bulu\n|-damage|p2a: Tapu Bulu|75/100\n|\n|-heal|p2a: Tapu Bulu|100/100|[from] move: Wish|[wisher] Alomomola\n|upkeep\n|turn|13\n|\n|t:|1771206870\n|move|p1a: Tapu Koko|U-turn|p2a: Tapu Bulu\n|-damage|p2a: Tapu Bulu|83/100\n|\n|t:|1771206872\n|switch|p1a: Charizard|Charizard-Mega-Y, M|100/100|[from] U-turn\n|-weather|SunnyDay|[from] ability: Drought|[of] p1a: Charizard\n|move|p2a: Tapu Bulu|Close Combat|p1a: Charizard\n|-resisted|p1a: Charizard\n|-damage|p1a: Charizard|51/100\n|-unboost|p2a: Tapu Bulu|def|1\n|-unboost|p2a: Tapu Bulu|spd|1\n|\n|-weather|SunnyDay|[upkeep]\n|-heal|p2a: Tapu Bulu|89/100|[from] Grassy Terrain\n|upkeep\n|turn|14\n|\n|t:|1771206881\n|switch|p2a: Moltres|Moltres|71/100\n|move|p1a: Charizard|Weather Ball|p2a: Moltres\n|-resisted|p2a: Moltres\n|-damage|p2a: Moltres|36/100\n|\n|-weather|SunnyDay|[upkeep]\n|upkeep\n|turn|15\n|\n|t:|1771206890\n|move|p1a: Charizard|Weather Ball|p2a: Moltres\n|-resisted|p2a: Moltres\n|-damage|p2a: Moltres|4/100\n|move|p2a: Moltres|Roost|p2a: Moltres\n|-heal|p2a: Moltres|54/100\n|-singleturn|p2a: Moltres|move: Roost\n|\n|-weather|SunnyDay|[upkeep]\n|-heal|p2a: Moltres|60/100|[from] Grassy Terrain\n|upkeep\n|turn|16\n|\n|t:|1771206894\n|switch|p1a: Tapu Koko|Tapu Koko|100/100\n|-fieldstart|move: Electric Terrain|[from] ability: Electric Surge|[of] p1a: Tapu Koko\n|move|p2a: Moltres|Mystical Fire|p1a: Tapu Koko\n|-damage|p1a: Tapu Koko|28/100\n|-unboost|p1a: Tapu Koko|spa|1\n|\n|-weather|SunnyDay|[upkeep]\n|upkeep\n|turn|17\n|\n|t:|1771206902\n|move|p1a: Tapu Koko|U-turn|p2a: Moltres\n|-resisted|p2a: Moltres\n|-damage|p2a: Moltres|56/100\n|\n|t:|1771206908\n|switch|p1a: Ditto|Ditto|100/100|[from] U-turn\n|-transform|p1a: Ditto|p2a: Moltres|[from] ability: Imposter\n|move|p2a: Moltres|Roost|p2a: Moltres\n|-heal|p2a: Moltres|100/100\n|-singleturn|p2a: Moltres|move: Roost\n|\n|-weather|none\n|upkeep\n|turn|18\n|\n|t:|1771206915\n|switch|p1a: Charizard|Charizard-Mega-Y, M|51/100\n|-weather|SunnyDay|[from] ability: Drought|[of] p1a: Charizard\n|move|p2a: Moltres|U-turn|p1a: Charizard\n|-resisted|p1a: Charizard\n|-damage|p1a: Charizard|46/100\n|\n|t:|1771206918\n|switch|p2a: Weavile|Weavile, F|34/100|[from] U-turn\n|-ability|p2a: Weavile|Pressure\n|\n|-weather|SunnyDay|[upkeep]\n|upkeep\n|turn|19\n|\n|t:|1771206925\n|move|p2a: Weavile|Knock Off|p1a: Charizard\n|-damage|p1a: Charizard|0 fnt\n|faint|p1a: Charizard\n|detailschange|p1: Charizard|Charizard, M|[silent]\n|\n|-weather|SunnyDay|[upkeep]\n|upkeep\n|\n|t:|1771206927\n|switch|p1a: Iron Crown|Iron Crown|100/100\n|-activate|p1a: Iron Crown|ability: Quark Drive\n|-start|p1a: Iron Crown|quarkdrivespe\n|turn|20\n|\n|t:|1771206939\n|switch|p2a: Moltres|Moltres|100/100\n|move|p1a: Iron Crown|Calm Mind|p1a: Iron Crown\n|-boost|p1a: Iron Crown|spa|1\n|-boost|p1a: Iron Crown|spd|1\n|\n|-weather|SunnyDay|[upkeep]\n|upkeep\n|turn|21\n|\n|t:|1771206949\n|move|p1a: Iron Crown|Agility|p1a: Iron Crown\n|-boost|p1a: Iron Crown|spe|2\n|move|p2a: Moltres|Mystical Fire|p1a: Iron Crown\n|-supereffective|p1a: Iron Crown\n|-damage|p1a: Iron Crown|45/100\n|-unboost|p1a: Iron Crown|spa|1\n|-enditem|p1a: Iron Crown|Weakness Policy\n|-boost|p1a: Iron Crown|atk|2|[from] item: Weakness Policy\n|-boost|p1a: Iron Crown|spa|2|[from] item: Weakness Policy\n|\n|-weather|SunnyDay|[upkeep]\n|upkeep\n|turn|22\n|\n|t:|1771206963\n|move|p1a: Iron Crown|Stored Power|p2a: Moltres\n|-crit|p2a: Moltres\n|-damage|p2a: Moltres|0 fnt\n|faint|p2a: Moltres\n|\n|-weather|none\n|upkeep\n|\n|t:|1771206968\n|switch|p2a: Weavile|Weavile, F|34/100\n|-ability|p2a: Weavile|Pressure\n|turn|23\n|\n|t:|1771206971\n|move|p1a: Iron Crown|Focus Blast|p2a: Weavile\n|-supereffective|p2a: Weavile\n|-damage|p2a: Weavile|0 fnt\n|faint|p2a: Weavile\n|\n|-fieldend|move: Electric Terrain\n|-end|p1a: Iron Crown|Quark Drive\n|upkeep\n|-message|des459yt forfeited.\n|\n|win|zmdalan\n|raw|zmdalan's rating: 1646 &rarr; <strong>1662</strong><br />(+16 for winning)\n|raw|des459yt's rating: 1572 &rarr; <strong>1556</strong><br />(-16 for losing)\n|l|☆des459yt\n|player|p2|\n|l|☆zmdalan\n|player|p1|\n", "uploadtime": 1771207129, "views": 6, "formatid": "gen9nationaldex", "rating": 1556, "private": 0, "password": null}